{"id":"gen9ubers-1988759572","p1":"Maybebetterthanu","p2":"Nitro524","format":"[Gen 9] Ubers","log":"|j|\u2606Maybebetterthanu\n|j|\u2606Nitro524\n|t:|1699759524\n|gametype|singles\n|player|p1|Maybebetterthanu|fantina|\n|player|p2|Nitro524|hilbert|\n|teamsize|p1|6\n|teamsize|p2|6\n|gen|9\n|tier|[Gen 9] Ubers\n|rule|Sleep Clause Mod: Limit one foe put to sleep\n|rule|Species Clause: Limit one of each Pok\u00e9mon\n|rule|OHKO Clause: OHKO moves are banned\n|rule|Evasion Items Clause: Evasion items are banned\n|rule|Evasion Moves Clause: Evasion moves are banned\n|rule|Endless Battle Clause: Forcing endless battles is banned\n|rule|HP Percentage Mod: HP is shown in percentages\n|clearpoke\n|poke|p1|Ogerpon-Wellspring, F|\n|poke|p1|Manaphy|\n|poke|p1|Zacian-*|\n|poke|p1|Sneasler, F|\n|poke|p1|Iron Jugulis|\n|poke|p1|Ceruledge, F|\n|poke|p2|Ninetales-Alola, F|\n|poke|p2|Zacian-*|\n|poke|p2|Palafin, M|\n|poke|p2|Ceruledge, F|\n|poke|p2|Ogerpon-Wellspring, F|\n|poke|p2|Walking Wake|\n|teampreview\n|inactive|Battle timer is ON: inactive players will automatically lose when time's up. (requested by Nitro524)\n|c|\u2606Nitro524|god damn\n|c|\u2606Nitro524|glhf!\n|c|\u2606Maybebetterthanu|LOL\n|c|\u2606Maybebetterthanu|glhf\n|c|\u2606Maybebetterthanu|my original idea was palafin core too smh\n|inactive|Maybebetterthanu has 270 seconds left.\n|c|\u2606Nitro524|lawl\n|\n|t:|1699759567\n|start\n|switch|p1a: ManaPhee|Manaphy|100\/100\n|switch|p2a: Ninetales|Ninetales-Alola, F|100\/100\n|-weather|Snow|[from] ability: Snow Warning|[of] p2a: Ninetales\n|turn|1\n|j| FrostyRandom02\n|j| Kinesquared\n|\n|t:|1699759589\n|move|p2a: Ninetales|Encore||[still]\n|-fail|p2a: Ninetales\n|move|p1a: ManaPhee|Take Heart|p1a: ManaPhee\n|-boost|p1a: ManaPhee|spa|1\n|-boost|p1a: ManaPhee|spd|1\n|\n|-weather|Snow|[upkeep]\n|upkeep\n|turn|2\n|j| GratedsShtickface\n|j| Pajoomas!\n|c| GratedsShtickface|blue bois\n|c|\u2606Maybebetterthanu|daba dee\n|inactive|Maybebetterthanu has 270 seconds left.\n|inactive|Nitro524 has 270 seconds left.\n|c| GratedsShtickface|daba dai\n|c| Kinesquared|blue overrated smh\n|\n|t:|1699759632\n|move|p2a: Ninetales|Freeze-Dry|p1a: ManaPhee\n|-supereffective|p1a: ManaPhee\n|-damage|p1a: ManaPhee|75\/100\n|move|p1a: ManaPhee|Acid Armor|p1a: ManaPhee\n|-boost|p1a: ManaPhee|def|2\n|\n|-weather|Snow|[upkeep]\n|-heal|p1a: ManaPhee|81\/100|[from] item: Leftovers\n|upkeep\n|turn|3\n|\n|t:|1699759645\n|move|p2a: Ninetales|Encore|p1a: ManaPhee\n|-start|p1a: ManaPhee|Encore\n|move|p1a: ManaPhee|Acid Armor|p1a: ManaPhee\n|-boost|p1a: ManaPhee|def|2\n|\n|-weather|Snow|[upkeep]\n|-heal|p1a: ManaPhee|88\/100|[from] item: Leftovers\n|upkeep\n|turn|4\n|inactive|Nitro524 has 270 seconds left.\n|\n|t:|1699759666\n|switch|p2a: Walking Wake|Walking Wake|100\/100\n|-enditem|p2a: Walking Wake|Booster Energy\n|-activate|p2a: Walking Wake|ability: Protosynthesis|[fromitem]\n|-start|p2a: Walking Wake|protosynthesisspa\n|move|p1a: ManaPhee|Acid Armor|p1a: ManaPhee\n|-boost|p1a: ManaPhee|def|2\n|\n|-weather|Snow|[upkeep]\n|-heal|p1a: ManaPhee|94\/100|[from] item: Leftovers\n|upkeep\n|turn|5\n|inactive|Maybebetterthanu has 270 seconds left.\n|\n|t:|1699759685\n|move|p2a: Walking Wake|Substitute|p2a: Walking Wake\n|-start|p2a: Walking Wake|Substitute\n|-damage|p2a: Walking Wake|76\/100\n|move|p1a: ManaPhee|Acid Armor|p1a: ManaPhee\n|-boost|p1a: ManaPhee|def|0\n|\n|-weather|none\n|-heal|p1a: ManaPhee|99\/100|[from] item: Leftovers\n|-end|p1a: ManaPhee|Encore\n|upkeep\n|turn|6\n|inactive|Nitro524 has 270 seconds left.\n|inactive|Nitro524 has 240 seconds left.\n|\n|t:|1699759732\n|move|p2a: Walking Wake|Dragon Pulse|p1a: ManaPhee\n|-damage|p1a: ManaPhee|67\/100\n|move|p1a: ManaPhee|Stored Power|p2a: Walking Wake\n|-end|p2a: Walking Wake|Substitute\n|\n|-heal|p1a: ManaPhee|73\/100|[from] item: Leftovers\n|upkeep\n|turn|7\n|\n|t:|1699759751\n|move|p2a: Walking Wake|Dragon Pulse|p1a: ManaPhee\n|-damage|p1a: ManaPhee|41\/100\n|move|p1a: ManaPhee|Stored Power|p2a: Walking Wake\n|-damage|p2a: Walking Wake|9\/100\n|\n|-heal|p1a: ManaPhee|48\/100|[from] item: Leftovers\n|upkeep\n|turn|8\n|\n|t:|1699759760\n|move|p2a: Walking Wake|Dragon Pulse|p1a: ManaPhee\n|-damage|p1a: ManaPhee|10\/100\n|move|p1a: ManaPhee|Stored Power|p2a: Walking Wake\n|-damage|p2a: Walking Wake|0 fnt\n|faint|p2a: Walking Wake\n|-end|p2a: Walking Wake|Protosynthesis|[silent]\n|\n|-heal|p1a: ManaPhee|16\/100|[from] item: Leftovers\n|upkeep\n|\n|t:|1699759780\n|switch|p2a: Ninetales|Ninetales-Alola, F|100\/100\n|-weather|Snow|[from] ability: Snow Warning|[of] p2a: Ninetales\n|turn|9\n|\n|t:|1699759793\n|move|p2a: Ninetales|Freeze-Dry|p1a: ManaPhee\n|-supereffective|p1a: ManaPhee\n|-damage|p1a: ManaPhee|0 fnt\n|faint|p1a: ManaPhee\n|\n|-weather|Snow|[upkeep]\n|upkeep\n|inactive|Maybebetterthanu has 270 seconds left.\n|\n|t:|1699759814\n|switch|p1a: One Who Sneasels|Sneasler, F|100\/100\n|turn|10\n|inactive|Nitro524 has 240 seconds left.\n|\n|t:|1699759842\n|move|p1a: One Who Sneasels|Dire Claw|p2a: Ninetales\n|-supereffective|p2a: Ninetales\n|-damage|p2a: Ninetales|29\/100\n|-status|p2a: Ninetales|psn\n|move|p2a: Ninetales|Aurora Veil|p2a: Ninetales\n|-sidestart|p2: Nitro524|move: Aurora Veil\n|\n|-weather|Snow|[upkeep]\n|-damage|p2a: Ninetales|17\/100 psn|[from] psn\n|upkeep\n|turn|11\n|inactive|Nitro524 has 210 seconds left.\n|\n|t:|1699759863\n|move|p1a: One Who Sneasels|Fling|p2a: Ninetales\n|-resisted|p2a: Ninetales\n|-damage|p2a: Ninetales|7\/100 psn\n|-enditem|p1a: One Who Sneasels|Big Nugget|[from] move: Fling\n|move|p2a: Ninetales|Freeze-Dry|p1a: One Who Sneasels\n|-damage|p1a: One Who Sneasels|73\/100\n|\n|-weather|Snow|[upkeep]\n|-damage|p2a: Ninetales|0 fnt|[from] psn\n|faint|p2a: Ninetales\n|upkeep\n|inactive|Nitro524 has 210 seconds left.\n|c| Kinesquared|BIG NUGGET GAMING\n|c|\u2606Nitro524|snuggsler\n|\n|t:|1699759890\n|switch|p2a: Ceruledge|Ceruledge, F|100\/100\n|turn|12\n|inactive|Maybebetterthanu has 270 seconds left.\n|inactive|Nitro524 has 180 seconds left.\n|c|\u2606Maybebetterthanu|dang. wish i had that nugget now lol\n|inactive|Nitro524 has 150 seconds left.\n|\n|t:|1699759941\n|move|p1a: One Who Sneasels|Dire Claw|p2a: Ceruledge\n|-resisted|p2a: Ceruledge\n|-crit|p2a: Ceruledge\n|-damage|p2a: Ceruledge|66\/100\n|move|p2a: Ceruledge|Bitter Blade|p1a: One Who Sneasels\n|-damage|p1a: One Who Sneasels|0 fnt\n|-heal|p2a: Ceruledge|97\/100|[from] drain|[of] p1a: One Who Sneasels\n|faint|p1a: One Who Sneasels\n|-damage|p2a: Ceruledge|87\/100|[from] item: Life Orb\n|\n|-weather|Snow|[upkeep]\n|upkeep\n|l| GratedsShtickface\n|inactive|Maybebetterthanu has 240 seconds left.\n|\n|t:|1699759989\n|switch|p1a: Reformed|Zacian|100\/100\n|-ability|p1a: Reformed|Intrepid Sword|boost\n|-boost|p1a: Reformed|atk|1\n|turn|13\n|inactive|Nitro524 has 150 seconds left.\n|inactive|Nitro524 has 120 seconds left.\n|\n|t:|1699760038\n|move|p1a: Reformed|Crunch|p2a: Ceruledge\n|-supereffective|p2a: Ceruledge\n|-damage|p2a: Ceruledge|13\/100\n|move|p2a: Ceruledge|Bitter Blade|p1a: Reformed\n|-damage|p1a: Reformed|58\/100\n|-heal|p2a: Ceruledge|33\/100|[from] drain|[of] p1a: Reformed\n|-damage|p2a: Ceruledge|23\/100|[from] item: Life Orb\n|\n|-weather|none\n|upkeep\n|turn|14\n|inactive|Nitro524 has 120 seconds left.\n|\n|t:|1699760062\n|switch|p1a: Jaggy|Ceruledge, F|100\/100\n|switch|p2a: Palafin|Palafin, M|100\/100\n|\n|upkeep\n|turn|15\n|inactive|Nitro524 has 90 seconds left.\n|\n|t:|1699760103\n|move|p2a: Palafin|Flip Turn|p1a: Jaggy\n|-supereffective|p1a: Jaggy\n|-enditem|p1a: Jaggy|Focus Sash\n|-damage|p1a: Jaggy|1\/100\n|-ability|p1a: Jaggy|Weak Armor|boost\n|-unboost|p1a: Jaggy|def|1\n|-boost|p1a: Jaggy|spe|2\n|inactive|Nitro524 has 60 seconds left.\n|\n|t:|1699760145\n|detailschange|p2a: Palafin|Palafin-Hero, M\n|switch|p2a: Zacian|Zacian|100\/100|[from] Flip Turn\n|-ability|p2a: Zacian|Intrepid Sword|boost\n|-boost|p2a: Zacian|atk|1\n|move|p1a: Jaggy|Swords Dance|p1a: Jaggy\n|-boost|p1a: Jaggy|atk|2\n|\n|upkeep\n|turn|16\n|inactive|Nitro524 has 30 seconds left.\n|\n|t:|1699760175\n|move|p1a: Jaggy|Bitter Blade|p2a: Zacian\n|-damage|p2a: Zacian|52\/100\n|-heal|p1a: Jaggy|28\/100|[from] drain|[of] p2a: Zacian\n|move|p2a: Zacian|Crunch|p1a: Jaggy\n|-supereffective|p1a: Jaggy\n|-damage|p1a: Jaggy|0 fnt\n|faint|p1a: Jaggy\n|\n|upkeep\n|\n|t:|1699760191\n|switch|p1a: Reformed|Zacian|58\/100\n|turn|17\n|\n|t:|1699760206\n|move|p1a: Reformed|Play Rough|p2a: Zacian\n|-damage|p2a: Zacian|22\/100\n|move|p2a: Zacian|Play Rough|p1a: Reformed\n|-damage|p1a: Reformed|1\/100\n|\n|-sideend|p2: Nitro524|move: Aurora Veil\n|upkeep\n|turn|18\n|c|\u2606Nitro524|was very tempted to go back into ceru for bitter blade lol\n|inactive|Nitro524 has 30 seconds left.\n|\n|t:|1699760234\n|move|p1a: Reformed|Play Rough|p2a: Zacian\n|-crit|p2a: Zacian\n|-damage|p2a: Zacian|0 fnt\n|faint|p2a: Zacian\n|\n|upkeep\n|inactive|Nitro524 has 30 seconds left this turn.\n|\n|t:|1699760237\n|switch|p2a: Ceruledge|Ceruledge, F|23\/100\n|turn|19\n|\n|t:|1699760254\n|switch|p1a: Mug Root Beer|Iron Jugulis|100\/100\n|-enditem|p1a: Mug Root Beer|Booster Energy\n|-activate|p1a: Mug Root Beer|ability: Quark Drive|[fromitem]\n|-start|p1a: Mug Root Beer|quarkdrivespe\n|move|p2a: Ceruledge|Shadow Sneak|p1a: Mug Root Beer\n|-resisted|p1a: Mug Root Beer\n|-damage|p1a: Mug Root Beer|87\/100\n|-damage|p2a: Ceruledge|13\/100|[from] item: Life Orb\n|\n|upkeep\n|turn|20\n|inactive|Nitro524 has 30 seconds left.\n|l| Kinesquared\n|inactive|Nitro524 has 20 seconds left.\n|\n|t:|1699760287\n|move|p1a: Mug Root Beer|Dark Pulse|p2a: Ceruledge\n|-supereffective|p2a: Ceruledge\n|-damage|p2a: Ceruledge|0 fnt\n|faint|p2a: Ceruledge\n|\n|upkeep\n|inactive|Nitro524 has 25 seconds left this turn.\n|\n|t:|1699760289\n|switch|p2a: Palafin|Palafin-Hero, M|100\/100\n|-activate|p2a: Palafin|ability: Zero to Hero\n|turn|21\n|inactive|Nitro524 has 30 seconds left.\n|\n|t:|1699760299\n|move|p2a: Palafin|Jet Punch|p1a: Mug Root Beer\n|-damage|p1a: Mug Root Beer|21\/100\n|move|p1a: Mug Root Beer|Dark Pulse|p2a: Palafin\n|-damage|p2a: Palafin|53\/100\n|\n|upkeep\n|turn|22\n|inactive|Maybebetterthanu has 240 seconds left.\n|\n|t:|1699760312\n|-end|p1a: Mug Root Beer|Quark Drive|[silent]\n|switch|p1a: Reformed|Zacian|1\/100\n|move|p2a: Palafin|Jet Punch|p1a: Reformed\n|-crit|p1a: Reformed\n|-damage|p1a: Reformed|0 fnt\n|faint|p1a: Reformed\n|\n|upkeep\n|\n|t:|1699760316\n|switch|p1a: Yamato|Ogerpon-Wellspring, F|100\/100\n|turn|23\n|inactive|Maybebetterthanu has 240 seconds left.\n|\n|t:|1699760328\n|switch|p2a: Ogerpon|Ogerpon-Wellspring, F|100\/100\n|move|p1a: Yamato|Horn Leech|p2a: Ogerpon\n|-damage|p2a: Ogerpon|43\/100\n|\n|upkeep\n|turn|24\n|\n|t:|1699760336\n|move|p2a: Ogerpon|Power Whip|p1a: Yamato\n|-damage|p1a: Yamato|0 fnt\n|faint|p1a: Yamato\n|\n|upkeep\n|\n|t:|1699760341\n|switch|p1a: Mug Root Beer|Iron Jugulis|21\/100\n|turn|25\n|c|\u2606Maybebetterthanu|power whip\n|c|\u2606Maybebetterthanu|power nae nae\n|\n|t:|1699760355\n|move|p2a: Ogerpon|Ivy Cudgel|p1a: Mug Root Beer\n|-crit|p1a: Mug Root Beer\n|-damage|p1a: Mug Root Beer|0 fnt\n|faint|p1a: Mug Root Beer\n|-end|p1a: Mug Root Beer|Quark Drive|[silent]\n|\n|win|Nitro524\n|c|\u2606Nitro524|lmao\n|c|\u2606Nitro524|ggs\n|c|\u2606Maybebetterthanu|gg\n|l| FrostyRandom02\n|c| Pajoomas!|nitro was your ogerpon adamant\n|c|\u2606Nitro524|no lol\n|c| Pajoomas!|Wow\n|c| Pajoomas!|that was a really lucky roll\n|c|\u2606Maybebetterthanu|how lucky\n|c|\u2606Nitro524|oh i was banking on it so hard\n|c| Pajoomas!|6.3%\n|c|\u2606Maybebetterthanu|!!!\n|c|\u2606Maybebetterthanu|bruh\n|c|\u2606Nitro524|i'm so sorry\n|c|\u2606Maybebetterthanu|upload the link to vod channel\n","uploadtime":1699760365,"views":14,"p1id":"maybebetterthanu","p2id":"nitro524","formatid":"gen9ubers","rating":0,"private":0,"password":""}