{"id":"gen9ubers-1977452862","p1":"SwordIsBored","p2":"mimolette7","format":"[Gen 9] Ubers","log":"|j|\u2606SwordIsBored\n|j|\u2606mimolette7\n|t:|1698418344\n|gametype|singles\n|player|p1|SwordIsBored|irida|\n|player|p2|mimolette7|elesa-masters2|\n|teamsize|p1|6\n|teamsize|p2|6\n|gen|9\n|tier|[Gen 9] Ubers\n|rule|Sleep Clause Mod: Limit one foe put to sleep\n|rule|Species Clause: Limit one of each Pok\u00e9mon\n|rule|OHKO Clause: OHKO moves are banned\n|rule|Evasion Items Clause: Evasion items are banned\n|rule|Evasion Moves Clause: Evasion moves are banned\n|rule|Endless Battle Clause: Forcing endless battles is banned\n|rule|HP Percentage Mod: HP is shown in percentages\n|clearpoke\n|poke|p1|Gliscor, M|\n|poke|p1|Arceus-Dark|\n|poke|p1|Gholdengo|\n|poke|p1|Zacian-*|\n|poke|p1|Palkia-Origin|\n|poke|p1|Cyclizar, F|\n|poke|p2|Palkia-Origin|\n|poke|p2|Shaymin-Sky|\n|poke|p2|Magearna|\n|poke|p2|Arceus-Psychic|\n|poke|p2|Dragonite, F|\n|poke|p2|Landorus, M|\n|teampreview\n|inactive|Battle timer is ON: inactive players will automatically lose when time's up. (requested by mimolette7)\n|\n|t:|1698418372\n|start\n|switch|p1a: Gliscor|Gliscor, M|100\/100\n|switch|p2a: Shaymin|Shaymin-Sky|100\/100\n|turn|1\n|\n|t:|1698418379\n|move|p2a: Shaymin|Substitute|p2a: Shaymin\n|-start|p2a: Shaymin|Substitute\n|-damage|p2a: Shaymin|76\/100\n|move|p1a: Gliscor|Toxic||[still]\n|-fail|p1a: Gliscor\n|\n|-heal|p2a: Shaymin|82\/100|[from] item: Leftovers\n|-status|p1a: Gliscor|tox|[from] item: Toxic Orb\n|upkeep\n|turn|2\n|\n|t:|1698418385\n|move|p2a: Shaymin|Leech Seed|p1a: Gliscor\n|-start|p1a: Gliscor|move: Leech Seed\n|move|p1a: Gliscor|Spikes|p2a: Shaymin\n|-sidestart|p2: mimolette7|Spikes\n|\n|-heal|p2a: Shaymin|88\/100|[from] item: Leftovers\n|-damage|p1a: Gliscor|88\/100 tox|[from] Leech Seed|[of] p2a: Shaymin\n|-heal|p2a: Shaymin|99\/100|[silent]\n|-heal|p1a: Gliscor|100\/100 tox|[from] ability: Poison Heal\n|upkeep\n|turn|3\n|\n|t:|1698418395\n|move|p2a: Shaymin|Air Slash|p1a: Gliscor\n|-damage|p1a: Gliscor|73\/100 tox\n|cant|p1a: Gliscor|flinch\n|\n|-heal|p2a: Shaymin|100\/100|[from] item: Leftovers\n|-damage|p1a: Gliscor|61\/100 tox|[from] Leech Seed|[of] p2a: Shaymin\n|-heal|p1a: Gliscor|73\/100 tox|[from] ability: Poison Heal\n|upkeep\n|turn|4\n|inactive|mimolette7 has 270 seconds left.\n|\n|t:|1698418435\n|switch|p1a: Gholdengo|Gholdengo|100\/100\n|move|p2a: Shaymin|Seed Flare|p1a: Gholdengo\n|-resisted|p1a: Gholdengo\n|-crit|p1a: Gholdengo\n|-damage|p1a: Gholdengo|62\/100\n|-unboost|p1a: Gholdengo|spd|2\n|\n|upkeep\n|turn|5\n|inactive|mimolette7 has 270 seconds left.\n|\n|t:|1698418444\n|move|p1a: Gholdengo|Shadow Ball|p2a: Shaymin\n|-end|p2a: Shaymin|Substitute\n|move|p2a: Shaymin|Air Slash|p1a: Gholdengo\n|-resisted|p1a: Gholdengo\n|-damage|p1a: Gholdengo|27\/100\n|\n|upkeep\n|turn|6\n|\n|t:|1698418451\n|switch|p1a: Zacian|Zacian|100\/100\n|-ability|p1a: Zacian|Intrepid Sword|boost\n|-boost|p1a: Zacian|atk|1\n|move|p2a: Shaymin|Air Slash|p1a: Zacian\n|-damage|p1a: Zacian|73\/100\n|\n|upkeep\n|turn|7\n|inactive|mimolette7 has 270 seconds left.\n|\n|t:|1698418472\n|switch|p2a: Landorus|Landorus, M|100\/100\n|move|p1a: Zacian|Play Rough|p2a: Landorus\n|-damage|p2a: Landorus|0 fnt\n|faint|p2a: Landorus\n|\n|upkeep\n|\n|t:|1698418482\n|switch|p2a: Magearna|Magearna|100\/100\n|-damage|p2a: Magearna|88\/100|[from] Spikes\n|turn|8\n|\n|t:|1698418512\n|switch|p1a: Gliscor|Gliscor, M|73\/100 tox\n|switch|p2a: Palkia|Palkia-Origin|100\/100\n|-damage|p2a: Palkia|88\/100|[from] Spikes\n|-ability|p2a: Palkia|Pressure\n|\n|-heal|p1a: Gliscor|86\/100 tox|[from] ability: Poison Heal\n|upkeep\n|turn|9\n|\n|t:|1698418527\n|-terastallize|p1a: Gliscor|Water\n|move|p2a: Palkia|Spacial Rend|p1a: Gliscor\n|-damage|p1a: Gliscor|26\/100 tox\n|move|p1a: Gliscor|Toxic|p2a: Palkia\n|-status|p2a: Palkia|tox\n|\n|-damage|p2a: Palkia|82\/100 tox|[from] psn\n|-heal|p1a: Gliscor|39\/100 tox|[from] ability: Poison Heal\n|upkeep\n|turn|10\n|inactive|mimolette7 has 240 seconds left.\n|\n|t:|1698418554\n|switch|p2a: Shaymin|Shaymin-Sky|100\/100\n|move|p1a: Gliscor|Protect||[still]\n|-fail|p1a: Gliscor\n|\n|-heal|p1a: Gliscor|51\/100 tox|[from] ability: Poison Heal\n|upkeep\n|turn|11\n|\n|t:|1698418570\n|switch|p1a: Zacian|Zacian|73\/100\n|move|p2a: Shaymin|Seed Flare|p1a: Zacian\n|-damage|p1a: Zacian|32\/100\n|-unboost|p1a: Zacian|spd|2\n|\n|upkeep\n|turn|12\n|\n|t:|1698418587\n|move|p1a: Zacian|Play Rough|p2a: Shaymin\n|-damage|p2a: Shaymin|33\/100\n|move|p2a: Shaymin|Air Slash|p1a: Zacian\n|-damage|p1a: Zacian|0 fnt\n|faint|p1a: Zacian\n|\n|-heal|p2a: Shaymin|39\/100|[from] item: Leftovers\n|upkeep\n|\n|t:|1698418596\n|switch|p1a: Gholdengo|Gholdengo|27\/100\n|turn|13\n|inactive|mimolette7 has 210 seconds left.\n|\n|t:|1698418637\n|switch|p2a: Dragonite|Dragonite, F|100\/100\n|move|p1a: Gholdengo|Shadow Ball|p2a: Dragonite\n|-damage|p2a: Dragonite|60\/100\n|\n|-heal|p2a: Dragonite|67\/100|[from] item: Leftovers\n|upkeep\n|turn|14\n|inactive|mimolette7 has 180 seconds left.\n|\n|t:|1698418669\n|switch|p1a: Arceus|Arceus-Dark|100\/100\n|move|p2a: Dragonite|Roost|p2a: Dragonite\n|-heal|p2a: Dragonite|100\/100\n|-singleturn|p2a: Dragonite|move: Roost\n|\n|upkeep\n|turn|15\n|inactive|mimolette7 has 180 seconds left.\n|\n|t:|1698418679\n|move|p1a: Arceus|Judgment|p2a: Dragonite\n|-damage|p2a: Dragonite|61\/100\n|move|p2a: Dragonite|Roar|p1a: Arceus\n|drag|p1a: Palkia|Palkia-Origin|100\/100\n|-ability|p1a: Palkia|Pressure\n|\n|-heal|p2a: Dragonite|67\/100|[from] item: Leftovers\n|upkeep\n|turn|16\n|\n|t:|1698418690\n|switch|p2a: Magearna|Magearna|88\/100\n|-damage|p2a: Magearna|76\/100|[from] Spikes\n|move|p1a: Palkia|Substitute|p1a: Palkia\n|-start|p1a: Palkia|Substitute\n|-damage|p1a: Palkia|76\/100\n|\n|-heal|p2a: Magearna|82\/100|[from] item: Leftovers\n|upkeep\n|turn|17\n|\n|t:|1698418698\n|move|p1a: Palkia|Fire Blast|p2a: Magearna\n|-supereffective|p2a: Magearna\n|-damage|p2a: Magearna|28\/100\n|move|p2a: Magearna|Fleur Cannon|p1a: Palkia\n|-supereffective|p1a: Palkia\n|-end|p1a: Palkia|Substitute\n|-unboost|p2a: Magearna|spa|2\n|\n|-heal|p2a: Magearna|34\/100|[from] item: Leftovers\n|upkeep\n|turn|18\n|\n|t:|1698418707\n|move|p1a: Palkia|Fire Blast|p2a: Magearna\n|-supereffective|p2a: Magearna\n|-damage|p2a: Magearna|0 fnt\n|faint|p2a: Magearna\n|\n|upkeep\n|inactive|mimolette7 has 180 seconds left.\n|\n|t:|1698418755\n|switch|p2a: Palkia|Palkia-Origin|82\/100 tox\n|-damage|p2a: Palkia|69\/100 tox|[from] Spikes\n|-ability|p2a: Palkia|Pressure\n|turn|19\n|\n|t:|1698418769\n|switch|p1a: Cyclizar|Cyclizar, F|100\/100\n|-terastallize|p2a: Palkia|Fairy\n|move|p2a: Palkia|Spacial Rend|p1a: Cyclizar\n|-supereffective|p1a: Cyclizar\n|-damage|p1a: Cyclizar|0 fnt\n|faint|p1a: Cyclizar\n|\n|-damage|p2a: Palkia|63\/100 tox|[from] psn\n|upkeep\n|\n|t:|1698418778\n|switch|p1a: Gholdengo|Gholdengo|27\/100\n|turn|20\n|inactive|mimolette7 has 150 seconds left.\n|inactive|mimolette7 has 120 seconds left.\n|\n|t:|1698418844\n|move|p1a: Gholdengo|Make It Rain|p2a: Palkia\n|-supereffective|p2a: Palkia\n|-damage|p2a: Palkia|0 fnt\n|-unboost|p1a: Gholdengo|spa|1\n|faint|p2a: Palkia\n|\n|upkeep\n|inactive|mimolette7 has 90 seconds left.\n|\n|t:|1698418890\n|switch|p2a: Arceus|Arceus-Psychic|100\/100\n|-damage|p2a: Arceus|88\/100|[from] Spikes\n|turn|21\n|\n|t:|1698418901\n|switch|p1a: Arceus|Arceus-Dark|100\/100\n|move|p2a: Arceus|Earth Power|p1a: Arceus\n|-damage|p1a: Arceus|82\/100\n|\n|upkeep\n|turn|22\n|inactive|mimolette7 has 60 seconds left.\n|\n|t:|1698418933\n|move|p2a: Arceus|Calm Mind|p2a: Arceus\n|-boost|p2a: Arceus|spa|1\n|-boost|p2a: Arceus|spd|1\n|move|p1a: Arceus|Judgment|p2a: Arceus\n|-supereffective|p2a: Arceus\n|-damage|p2a: Arceus|39\/100\n|\n|upkeep\n|turn|23\n|\n|t:|1698418942\n|move|p2a: Arceus|Recover|p2a: Arceus\n|-heal|p2a: Arceus|89\/100\n|move|p1a: Arceus|Judgment|p2a: Arceus\n|-supereffective|p2a: Arceus\n|-damage|p2a: Arceus|35\/100\n|\n|upkeep\n|turn|24\n|inactive|mimolette7 has 60 seconds left.\n|\n|t:|1698418966\n|move|p2a: Arceus|Recover|p2a: Arceus\n|-heal|p2a: Arceus|86\/100\n|move|p1a: Arceus|Judgment|p2a: Arceus\n|-supereffective|p2a: Arceus\n|-damage|p2a: Arceus|40\/100\n|\n|upkeep\n|turn|25\n|\n|t:|1698418983\n|move|p2a: Arceus|Calm Mind|p2a: Arceus\n|-boost|p2a: Arceus|spa|1\n|-boost|p2a: Arceus|spd|1\n|move|p1a: Arceus|Calm Mind|p1a: Arceus\n|-boost|p1a: Arceus|spa|1\n|-boost|p1a: Arceus|spd|1\n|\n|upkeep\n|turn|26\n|inactive|mimolette7 has 30 seconds left.\n|\n|t:|1698419004\n|move|p2a: Arceus|Earth Power|p1a: Arceus\n|-damage|p1a: Arceus|57\/100\n|move|p1a: Arceus|Calm Mind|p1a: Arceus\n|-boost|p1a: Arceus|spa|1\n|-boost|p1a: Arceus|spd|1\n|\n|upkeep\n|turn|27\n|inactive|mimolette7 has 30 seconds left.\n|\n|t:|1698419021\n|move|p2a: Arceus|Earth Power|p1a: Arceus\n|-damage|p1a: Arceus|39\/100\n|move|p1a: Arceus|Judgment|p2a: Arceus\n|-supereffective|p2a: Arceus\n|-crit|p2a: Arceus\n|-damage|p2a: Arceus|0 fnt\n|faint|p2a: Arceus\n|\n|upkeep\n|inactive|mimolette7 has 30 seconds left this turn.\n|\n|t:|1698419026\n|switch|p2a: Shaymin|Shaymin-Sky|39\/100\n|turn|28\n|\n|t:|1698419029\n|move|p2a: Shaymin|Air Slash|p1a: Arceus\n|-damage|p1a: Arceus|28\/100\n|move|p1a: Arceus|Judgment|p2a: Shaymin\n|-damage|p2a: Shaymin|0 fnt\n|faint|p2a: Shaymin\n|\n|upkeep\n|\n|t:|1698419033\n|switch|p2a: Dragonite|Dragonite, F|67\/100\n|turn|29\n|\n|t:|1698419037\n|move|p1a: Arceus|Judgment|p2a: Dragonite\n|-damage|p2a: Dragonite|0 fnt\n|faint|p2a: Dragonite\n|\n|win|SwordIsBored\n|c|\u2606mimolette7|gg\n|c|\u2606SwordIsBored|ggs\n|l|\u2606mimolette7\n","uploadtime":1698419059,"views":29,"p1id":"swordisbored","p2id":"mimolette7","formatid":"gen9ubers","rating":0,"private":0,"password":""}