{"id":"gen9ubers-1999247229","p1":"Kachowow","p2":"bluecrue","format":"[Gen 9] Ubers","log":"|j|\u2606Kachowow\n|j|\u2606bluecrue\n|t:|1701050351\n|gametype|singles\n|player|p1|Kachowow|cook-gen7|\n|player|p2|bluecrue|preschooler|\n|teamsize|p1|6\n|teamsize|p2|6\n|gen|9\n|tier|[Gen 9] Ubers\n|rule|Sleep Clause Mod: Limit one foe put to sleep\n|rule|Species Clause: Limit one of each Pok\u00e9mon\n|rule|OHKO Clause: OHKO moves are banned\n|rule|Evasion Items Clause: Evasion items are banned\n|rule|Evasion Moves Clause: Evasion moves are banned\n|rule|Endless Battle Clause: Forcing endless battles is banned\n|rule|HP Percentage Mod: HP is shown in percentages\n|clearpoke\n|poke|p1|Glimmora, M|\n|poke|p1|Alomomola, M|\n|poke|p1|Iron Valiant|\n|poke|p1|Azelf|\n|poke|p1|Meowscarada, F|\n|poke|p1|Goodra-Hisui, F|\n|poke|p2|Iron Hands|\n|poke|p2|Landorus, M|\n|poke|p2|Scizor, F|\n|poke|p2|Weavile, M|\n|poke|p2|Azumarill, F|\n|poke|p2|Cyclizar, M|\n|teampreview\n|inactive|Battle timer is ON: inactive players will automatically lose when time's up. (requested by bluecrue)\n|inactiveoff|Battle timer is now OFF.\n|j| MORGAN5358\n|c|\u2606bluecrue|gl hf\n|j| AMAG\n|c|\u2606Kachowow|I knew i was going to see that scizor\n|c|\u2606Kachowow|glhf\n|j| Gonna Be Good\n|c|\u2606bluecrue|he finally gets to play\n|j| Lopunnys Cheeks\n|c| AMAG|who\n|c| AMAG|i forgot\n|\n|t:|1701050448\n|start\n|switch|p1a: Wonder of U|Meowscarada, F, shiny|100\/100\n|switch|p2a: BEAST MODE|Landorus, M, shiny|100\/100\n|turn|1\n|\n|t:|1701050453\n|move|p2a: BEAST MODE|U-turn|p1a: Wonder of U\n|-supereffective|p1a: Wonder of U\n|-enditem|p1a: Wonder of U|Focus Sash\n|-damage|p1a: Wonder of U|1\/100\n|\n|t:|1701050469\n|switch|p2a: Kawhi Leonard|Scizor, F, shiny|100\/100|[from] U-turn\n|move|p1a: Wonder of U|Flower Trick|p2a: Kawhi Leonard\n|-resisted|p2a: Kawhi Leonard\n|-crit|p2a: Kawhi Leonard\n|-damage|p2a: Kawhi Leonard|82\/100\n|\n|-heal|p2a: Kawhi Leonard|88\/100|[from] item: Leftovers\n|upkeep\n|turn|2\n|\n|t:|1701050480\n|switch|p1a: Soft and Wet|Azelf|100\/100\n|move|p2a: Kawhi Leonard|Bullet Punch|p1a: Soft and Wet\n|-damage|p1a: Soft and Wet|64\/100\n|\n|-heal|p2a: Kawhi Leonard|95\/100|[from] item: Leftovers\n|upkeep\n|turn|3\n|\n|t:|1701050494\n|switch|p2a: Happy Cycling|Cyclizar, M|100\/100\n|move|p1a: Soft and Wet|Flamethrower|p2a: Happy Cycling\n|-resisted|p2a: Happy Cycling\n|-damage|p2a: Happy Cycling|83\/100\n|\n|upkeep\n|turn|4\n|\n|t:|1701050505\n|move|p2a: Happy Cycling|U-turn|p1a: Soft and Wet\n|-supereffective|p1a: Soft and Wet\n|-damage|p1a: Soft and Wet|24\/100\n|\n|t:|1701050509\n|switch|p2a: Kawhi Leonard|Scizor, F, shiny|95\/100|[from] U-turn\n|move|p1a: Soft and Wet|Draining Kiss|p2a: Kawhi Leonard\n|-resisted|p2a: Kawhi Leonard\n|-damage|p2a: Kawhi Leonard|88\/100\n|-heal|p1a: Soft and Wet|29\/100|[from] drain|[of] p2a: Kawhi Leonard\n|\n|-heal|p2a: Kawhi Leonard|94\/100|[from] item: Leftovers\n|upkeep\n|turn|5\n|\n|t:|1701050515\n|switch|p1a: Tusk|Goodra-Hisui, F, shiny|100\/100\n|move|p2a: Kawhi Leonard|Bullet Punch|p1a: Tusk\n|-resisted|p1a: Tusk\n|-damage|p1a: Tusk|88\/100\n|\n|-heal|p2a: Kawhi Leonard|100\/100|[from] item: Leftovers\n|upkeep\n|turn|6\n|\n|t:|1701050523\n|move|p1a: Tusk|Flamethrower|p2a: Kawhi Leonard\n|-supereffective|p2a: Kawhi Leonard\n|-damage|p2a: Kawhi Leonard|0 fnt\n|faint|p2a: Kawhi Leonard\n|\n|upkeep\n|\n|t:|1701050530\n|switch|p2a: Post-Thanksgiving|Iron Hands|100\/100\n|turn|7\n|\n|t:|1701050533\n|switch|p1a: Soft and Wet|Azelf|29\/100\n|move|p2a: Post-Thanksgiving|Close Combat|p1a: Soft and Wet\n|-resisted|p1a: Soft and Wet\n|-damage|p1a: Soft and Wet|0 fnt\n|-unboost|p2a: Post-Thanksgiving|def|1\n|-unboost|p2a: Post-Thanksgiving|spd|1\n|faint|p1a: Soft and Wet\n|\n|upkeep\n|\n|t:|1701050542\n|switch|p1a: Paisley Park|Iron Valiant|100\/100\n|-enditem|p1a: Paisley Park|Booster Energy\n|-activate|p1a: Paisley Park|ability: Quark Drive|[fromitem]\n|-start|p1a: Paisley Park|quarkdrivespe\n|turn|8\n|\n|t:|1701050550\n|-end|p2a: Post-Thanksgiving|Quark Drive|[silent]\n|switch|p2a: Happy Cycling|Cyclizar, M|100\/100\n|move|p1a: Paisley Park|Moonblast|p2a: Happy Cycling\n|-supereffective|p2a: Happy Cycling\n|-damage|p2a: Happy Cycling|0 fnt\n|faint|p2a: Happy Cycling\n|\n|upkeep\n|j| leyva45\n|\n|t:|1701050574\n|switch|p2a: BluetoothConnected|Azumarill, F|100\/100\n|turn|9\n|\n|t:|1701050578\n|-end|p1a: Paisley Park|Quark Drive|[silent]\n|switch|p1a: Wonder of U|Meowscarada, F, shiny|1\/100\n|move|p2a: BluetoothConnected|Belly Drum|p2a: BluetoothConnected\n|-damage|p2a: BluetoothConnected|51\/100\n|-setboost|p2a: BluetoothConnected|atk|6|[from] move: Belly Drum\n|\n|upkeep\n|turn|10\n|\n|t:|1701050583\n|move|p2a: BluetoothConnected|Aqua Jet|p1a: Wonder of U\n|-resisted|p1a: Wonder of U\n|-damage|p1a: Wonder of U|0 fnt\n|faint|p1a: Wonder of U\n|\n|upkeep\n|\n|t:|1701050590\n|switch|p1a: Tusk|Goodra-Hisui, F, shiny|88\/100\n|turn|11\n|c| leyva45|#bluecrueNation\n|\n|t:|1701050631\n|switch|p2a: BEAST MODE|Landorus, M, shiny|100\/100\n|move|p1a: Tusk|Flash Cannon|p2a: BEAST MODE\n|-damage|p2a: BEAST MODE|37\/100\n|\n|upkeep\n|turn|12\n|\n|t:|1701050647\n|switch|p1a: Schott Key No. 2|Glimmora, M|100\/100\n|move|p2a: BEAST MODE|Earth Power|p1a: Schott Key No. 2\n|-supereffective|p1a: Schott Key No. 2\n|-damage|p1a: Schott Key No. 2|0 fnt\n|faint|p1a: Schott Key No. 2\n|\n|upkeep\n|\n|t:|1701050654\n|switch|p1a: Paisley Park|Iron Valiant|100\/100\n|turn|13\n|\n|t:|1701050659\n|move|p2a: BEAST MODE|Earth Power|p1a: Paisley Park\n|-damage|p1a: Paisley Park|0 fnt\n|faint|p1a: Paisley Park\n|-end|p1a: Paisley Park|Quark Drive|[silent]\n|\n|upkeep\n|\n|t:|1701050663\n|switch|p1a: I Am A Rock|Alomomola, M|100\/100\n|turn|14\n|\n|t:|1701050671\n|move|p2a: BEAST MODE|Earth Power|p1a: I Am A Rock\n|-crit|p1a: I Am A Rock\n|-damage|p1a: I Am A Rock|0 fnt\n|faint|p1a: I Am A Rock\n|\n|upkeep\n|\n|t:|1701050674\n|switch|p1a: Tusk|Goodra-Hisui, F, shiny|88\/100\n|turn|15\n|\n|t:|1701050678\n|move|p2a: BEAST MODE|Earth Power|p1a: Tusk\n|-supereffective|p1a: Tusk\n|-damage|p1a: Tusk|0 fnt\n|faint|p1a: Tusk\n|\n|win|bluecrue\n|c| leyva45|BEAST MODE\n|c|\u2606bluecrue|gg\n|l|\u2606Kachowow\n|j|\u2606Kachowow\n|player|p1|Kachowow|cook-gen7\n|j| MissSandman\n","uploadtime":1701050747,"views":17,"p1id":"kachowow","p2id":"bluecrue","formatid":"gen9ubers","rating":0,"private":0,"password":""}