{"id":"gen9ubers-1973003223","p1":"Awinbell","p2":"abcsopq","format":"[Gen 9] Ubers","log":"|j|\u2606Awinbell\n|j|\u2606abcsopq\n|t:|1697917359\n|gametype|singles\n|player|p1|Awinbell|1|1066\n|player|p2|abcsopq|2|1170\n|teamsize|p1|6\n|teamsize|p2|6\n|gen|9\n|tier|[Gen 9] Ubers\n|rated|\n|rule|Sleep Clause Mod: Limit one foe put to sleep\n|rule|Species Clause: Limit one of each Pok\u00e9mon\n|rule|OHKO Clause: OHKO moves are banned\n|rule|Evasion Items Clause: Evasion items are banned\n|rule|Evasion Moves Clause: Evasion moves are banned\n|rule|Endless Battle Clause: Forcing endless battles is banned\n|rule|HP Percentage Mod: HP is shown in percentages\n|clearpoke\n|poke|p1|Ursaluna-Bloodmoon, M|\n|poke|p1|Iron Valiant|\n|poke|p1|Kommo-o, M|\n|poke|p1|Breloom, M|\n|poke|p1|Conkeldurr, F|\n|poke|p1|Empoleon, F|\n|poke|p2|Mewtwo|\n|poke|p2|Skeledirge, F|\n|poke|p2|Miraidon|\n|poke|p2|Zacian-*|\n|poke|p2|Flutter Mane|\n|poke|p2|Regieleki|\n|teampreview\n|\n|t:|1697917379\n|start\n|switch|p1a: Empoleon|Empoleon, F|100\/100\n|switch|p2a: Mewtwo|Mewtwo|100\/100\n|-ability|p2a: Mewtwo|Pressure\n|turn|1\n|inactive|Battle timer is ON: inactive players will automatically lose when time's up. (requested by abcsopq)\n|\n|t:|1697917396\n|move|p2a: Mewtwo|Flamethrower|p1a: Empoleon\n|-damage|p1a: Empoleon|57\/100\n|-damage|p2a: Mewtwo|91\/100|[from] item: Life Orb\n|move|p1a: Empoleon|Surf|p2a: Mewtwo\n|-damage|p2a: Mewtwo|45\/100\n|\n|-heal|p1a: Empoleon|64\/100|[from] item: Leftovers\n|upkeep\n|turn|2\n|\n|t:|1697917416\n|move|p2a: Mewtwo|Flamethrower|p1a: Empoleon\n|-damage|p1a: Empoleon|22\/100\n|-damage|p2a: Mewtwo|35\/100|[from] item: Life Orb\n|move|p1a: Empoleon|Surf|p2a: Mewtwo\n|-damage|p2a: Mewtwo|0 fnt\n|faint|p2a: Mewtwo\n|\n|-heal|p1a: Empoleon|28\/100|[from] item: Leftovers\n|upkeep\n|\n|t:|1697917429\n|switch|p2a: Regieleki|Regieleki|100\/100\n|turn|3\n|\n|t:|1697917440\n|move|p1a: Empoleon|Vacuum Wave|p2a: Regieleki\n|-damage|p2a: Regieleki|73\/100\n|move|p2a: Regieleki|Volt Switch|p1a: Empoleon\n|-supereffective|p1a: Empoleon\n|-damage|p1a: Empoleon|0 fnt\n|faint|p1a: Empoleon\n|\n|t:|1697917457\n|switch|p2a: Flutter Mane|Flutter Mane|100\/100|[from] Volt Switch\n|\n|upkeep\n|\n|t:|1697917475\n|switch|p1a: Ursaluna|Ursaluna-Bloodmoon, M|100\/100\n|turn|4\n|\n|t:|1697917483\n|-terastallize|p1a: Ursaluna|Ghost\n|move|p2a: Flutter Mane|Energy Ball|p1a: Ursaluna\n|-damage|p1a: Ursaluna|46\/100\n|move|p1a: Ursaluna|Blood Moon|p2a: Flutter Mane\n|-damage|p2a: Flutter Mane|18\/100\n|\n|-heal|p1a: Ursaluna|52\/100|[from] item: Leftovers\n|upkeep\n|turn|5\n|\n|t:|1697917496\n|move|p1a: Ursaluna|Vacuum Wave|p2a: Flutter Mane\n|-resisted|p2a: Flutter Mane\n|-damage|p2a: Flutter Mane|9\/100\n|move|p2a: Flutter Mane|Energy Ball|p1a: Ursaluna\n|-damage|p1a: Ursaluna|0 fnt\n|faint|p1a: Ursaluna\n|\n|upkeep\n|\n|t:|1697917502\n|switch|p1a: Iron Valiant|Iron Valiant|100\/100\n|-enditem|p1a: Iron Valiant|Booster Energy\n|-activate|p1a: Iron Valiant|ability: Quark Drive|[fromitem]\n|-start|p1a: Iron Valiant|quarkdrivespe\n|turn|6\n|\n|t:|1697917513\n|-end|p2a: Flutter Mane|Protosynthesis|[silent]\n|switch|p2a: Skeledirge|Skeledirge, F|100\/100\n|move|p1a: Iron Valiant|Moonblast|p2a: Skeledirge\n|-resisted|p2a: Skeledirge\n|-damage|p2a: Skeledirge|81\/100\n|-unboost|p2a: Skeledirge|spa|1\n|\n|-heal|p2a: Skeledirge|87\/100|[from] item: Leftovers\n|upkeep\n|turn|7\n|\n|t:|1697917525\n|move|p1a: Iron Valiant|Thunderbolt|p2a: Skeledirge\n|-damage|p2a: Skeledirge|62\/100\n|move|p2a: Skeledirge|Torch Song|p1a: Iron Valiant\n|-damage|p1a: Iron Valiant|65\/100\n|-boost|p2a: Skeledirge|spa|1\n|\n|-heal|p2a: Skeledirge|68\/100|[from] item: Leftovers\n|upkeep\n|turn|8\n|\n|t:|1697917535\n|move|p1a: Iron Valiant|Thunderbolt|p2a: Skeledirge\n|-damage|p2a: Skeledirge|41\/100\n|move|p2a: Skeledirge|Torch Song|p1a: Iron Valiant\n|-damage|p1a: Iron Valiant|16\/100\n|-boost|p2a: Skeledirge|spa|1\n|\n|-heal|p2a: Skeledirge|47\/100|[from] item: Leftovers\n|upkeep\n|turn|9\n|\n|t:|1697917545\n|move|p1a: Iron Valiant|Thunderbolt|p2a: Skeledirge\n|-damage|p2a: Skeledirge|23\/100\n|move|p2a: Skeledirge|Torch Song|p1a: Iron Valiant\n|-damage|p1a: Iron Valiant|0 fnt\n|-boost|p2a: Skeledirge|spa|1\n|faint|p1a: Iron Valiant\n|-end|p1a: Iron Valiant|Quark Drive|[silent]\n|\n|-heal|p2a: Skeledirge|29\/100|[from] item: Leftovers\n|upkeep\n|\n|t:|1697917557\n|switch|p1a: Breloom|Breloom, M|100\/100\n|turn|10\n|\n|t:|1697917562\n|move|p1a: Breloom|Spore|p2a: Skeledirge\n|-status|p2a: Skeledirge|slp|[from] move: Spore\n|cant|p2a: Skeledirge|slp\n|\n|-heal|p2a: Skeledirge|35\/100 slp|[from] item: Leftovers\n|upkeep\n|turn|11\n|\n|t:|1697917571\n|switch|p1a: Kommo-o|Kommo-o, M|100\/100\n|-curestatus|p2a: Skeledirge|slp|[msg]\n|move|p2a: Skeledirge|Torch Song|p1a: Kommo-o\n|-resisted|p1a: Kommo-o\n|-damage|p1a: Kommo-o|68\/100\n|-boost|p2a: Skeledirge|spa|1\n|\n|-heal|p2a: Skeledirge|41\/100|[from] item: Leftovers\n|upkeep\n|turn|12\n|\n|t:|1697917581\n|move|p1a: Kommo-o|Clanging Scales|p2a: Skeledirge\n|-damage|p2a: Skeledirge|0 fnt\n|faint|p2a: Skeledirge\n|-unboost|p1a: Kommo-o|def|1\n|-enditem|p1a: Kommo-o|Throat Spray\n|-boost|p1a: Kommo-o|spa|1|[from] item: Throat Spray\n|\n|upkeep\n|\n|t:|1697917595\n|switch|p2a: Flutter Mane|Flutter Mane|9\/100\n|turn|13\n|\n|t:|1697917603\n|switch|p1a: Breloom|Breloom, M|100\/100\n|move|p2a: Flutter Mane|Moonblast|p1a: Breloom\n|-supereffective|p1a: Breloom\n|-damage|p1a: Breloom|0 fnt\n|faint|p1a: Breloom\n|\n|upkeep\n|-message|Awinbell forfeited.\n|\n|win|abcsopq\n|raw|Awinbell's rating: 1042 &rarr; <strong>1031<\/strong><br \/>(-11 for losing)\n|raw|abcsopq's rating: 1170 &rarr; <strong>1186<\/strong><br \/>(+16 for winning)\n|l|\u2606Awinbell\n","uploadtime":1697917616,"views":8,"p1id":"awinbell","p2id":"abcsopq","formatid":"gen9ubers","rating":1031,"private":0,"password":""}