{"id":"gen9ubers-1970176264","p1":"UnUovo77","p2":"Migrainelad","format":"[Gen 9] Ubers","log":"|j|\u2606UnUovo77\n|j|\u2606Migrainelad\n|t:|1697605362\n|gametype|singles\n|player|p1|UnUovo77|1|1062\n|player|p2|Migrainelad|2|1064\n|teamsize|p1|6\n|teamsize|p2|6\n|gen|9\n|tier|[Gen 9] Ubers\n|rated|\n|rule|Sleep Clause Mod: Limit one foe put to sleep\n|rule|Species Clause: Limit one of each Pok\u00e9mon\n|rule|OHKO Clause: OHKO moves are banned\n|rule|Evasion Items Clause: Evasion items are banned\n|rule|Evasion Moves Clause: Evasion moves are banned\n|rule|Endless Battle Clause: Forcing endless battles is banned\n|rule|HP Percentage Mod: HP is shown in percentages\n|clearpoke\n|poke|p1|Abomasnow, F|\n|poke|p1|Baxcalibur, M|\n|poke|p1|Cetitan, F|\n|poke|p1|Mamoswine, M|\n|poke|p1|Froslass, F|\n|poke|p1|Calyrex-Ice|\n|poke|p2|Toedscruel, F|\n|poke|p2|Landorus-Therian, M|\n|poke|p2|Mandibuzz, F|\n|poke|p2|Toxapex, M|\n|poke|p2|Iron Bundle|\n|poke|p2|Avalugg-Hisui, F|\n|teampreview\n|c|\u2606Migrainelad|glhf\n|\n|t:|1697605389\n|start\n|switch|p1a: Froslass|Froslass, F|100\/100\n|switch|p2a: Toxapex|Toxapex, M|100\/100\n|turn|1\n|\n|t:|1697605427\n|move|p1a: Froslass|Taunt|p2a: Toxapex\n|-start|p2a: Toxapex|move: Taunt\n|cant|p2a: Toxapex|move: Taunt|Toxic\n|\n|upkeep\n|turn|2\n|\n|t:|1697605453\n|move|p1a: Froslass|Spikes|p2a: Toxapex\n|-sidestart|p2: Migrainelad|Spikes\n|move|p2a: Toxapex|Acid Spray|p1a: Froslass\n|-resisted|p1a: Froslass\n|-damage|p1a: Froslass|94\/100\n|-unboost|p1a: Froslass|spd|2\n|\n|upkeep\n|turn|3\n|\n|t:|1697605467\n|move|p1a: Froslass|Spikes|p2a: Toxapex\n|-sidestart|p2: Migrainelad|Spikes\n|move|p2a: Toxapex|Chilling Water|p1a: Froslass\n|-damage|p1a: Froslass|60\/100\n|-unboost|p1a: Froslass|atk|1\n|\n|-end|p2a: Toxapex|move: Taunt\n|upkeep\n|turn|4\n|\n|t:|1697605476\n|move|p1a: Froslass|Taunt|p2a: Toxapex\n|-start|p2a: Toxapex|move: Taunt\n|move|p2a: Toxapex|Chilling Water|p1a: Froslass\n|-crit|p1a: Froslass\n|-damage|p1a: Froslass|13\/100\n|-unboost|p1a: Froslass|atk|1\n|\n|upkeep\n|turn|5\n|\n|t:|1697605484\n|move|p1a: Froslass|Destiny Bond|p1a: Froslass\n|-singlemove|p1a: Froslass|Destiny Bond\n|move|p2a: Toxapex|Chilling Water|p1a: Froslass\n|-damage|p1a: Froslass|0 fnt\n|faint|p1a: Froslass\n|-activate|p1a: Froslass|move: Destiny Bond\n|faint|p2a: Toxapex\n|\n|upkeep\n|\n|t:|1697605524\n|switch|p1a: Abomasnow|Abomasnow, F|100\/100\n|switch|p2a: Avalugg|Avalugg-Hisui, F|100\/100\n|-weather|Snow|[from] ability: Snow Warning|[of] p1a: Abomasnow\n|-damage|p2a: Avalugg|84\/100|[from] Spikes\n|turn|6\n|\n|t:|1697605541\n|move|p1a: Abomasnow|Earth Power|p2a: Avalugg\n|-supereffective|p2a: Avalugg\n|-damage|p2a: Avalugg|0 fnt\n|faint|p2a: Avalugg\n|\n|-weather|Snow|[upkeep]\n|upkeep\n|\n|t:|1697605547\n|switch|p2a: Mandibuzz|Mandibuzz, F|100\/100\n|turn|7\n|\n|t:|1697605554\n|-terastallize|p2a: Mandibuzz|Dark\n|move|p2a: Mandibuzz|Defog|p1a: Abomasnow\n|-unboost|p1a: Abomasnow|evasion|1\n|-sideend|p2: Migrainelad|Spikes|[from] move: Defog|[of] p2a: Mandibuzz\n|move|p1a: Abomasnow|Blizzard|p2a: Mandibuzz\n|-damage|p2a: Mandibuzz|55\/100\n|\n|-weather|Snow|[upkeep]\n|upkeep\n|turn|8\n|\n|t:|1697605565\n|move|p2a: Mandibuzz|Knock Off|p1a: Abomasnow\n|-damage|p1a: Abomasnow|75\/100\n|-enditem|p1a: Abomasnow|Icy Rock|[from] move: Knock Off|[of] p2a: Mandibuzz\n|move|p1a: Abomasnow|Aurora Veil|p1a: Abomasnow\n|-sidestart|p1: UnUovo77|move: Aurora Veil\n|\n|-weather|Snow|[upkeep]\n|upkeep\n|turn|9\n|\n|t:|1697605577\n|switch|p1a: Cetitan|Cetitan, F|100\/100\n|move|p2a: Mandibuzz|Roost|p2a: Mandibuzz\n|-heal|p2a: Mandibuzz|100\/100\n|\n|-weather|Snow|[upkeep]\n|upkeep\n|turn|10\n|\n|t:|1697605585\n|move|p1a: Cetitan|Belly Drum|p1a: Cetitan\n|-damage|p1a: Cetitan|50\/100\n|-setboost|p1a: Cetitan|atk|6|[from] move: Belly Drum\n|-enditem|p1a: Cetitan|Sitrus Berry|[eat]\n|-heal|p1a: Cetitan|75\/100|[from] item: Sitrus Berry\n|move|p2a: Mandibuzz|Foul Play|p1a: Cetitan\n|-damage|p1a: Cetitan|0 fnt\n|faint|p1a: Cetitan\n|\n|-weather|Snow|[upkeep]\n|upkeep\n|\n|t:|1697605597\n|switch|p1a: Calyrex|Calyrex-Ice|100\/100\n|-ability|p1a: Calyrex|As One\n|-ability|p1a: Calyrex|Unnerve\n|turn|11\n|\n|t:|1697605603\n|move|p2a: Mandibuzz|Foul Play|p1a: Calyrex\n|-supereffective|p1a: Calyrex\n|-damage|p1a: Calyrex|63\/100\n|-enditem|p1a: Calyrex|Weakness Policy\n|-boost|p1a: Calyrex|atk|2|[from] item: Weakness Policy\n|-boost|p1a: Calyrex|spa|2|[from] item: Weakness Policy\n|move|p1a: Calyrex|Trick Room|p1a: Calyrex\n|-fieldstart|move: Trick Room|[of] p1a: Calyrex\n|\n|-weather|Snow|[upkeep]\n|upkeep\n|turn|12\n|\n|t:|1697605615\n|move|p1a: Calyrex|Glacial Lance|p2a: Mandibuzz\n|-damage|p2a: Mandibuzz|16\/100\n|move|p2a: Mandibuzz|Foul Play|p1a: Calyrex\n|-supereffective|p1a: Calyrex\n|-damage|p1a: Calyrex|0 fnt\n|faint|p1a: Calyrex\n|\n|-weather|Snow|[upkeep]\n|-sideend|p1: UnUovo77|move: Aurora Veil\n|upkeep\n|\n|t:|1697605626\n|switch|p1a: Baxcalibur|Baxcalibur, M|100\/100\n|turn|13\n|\n|t:|1697605634\n|-terastallize|p1a: Baxcalibur|Fairy\n|move|p2a: Mandibuzz|Roost|p2a: Mandibuzz\n|-heal|p2a: Mandibuzz|66\/100\n|move|p1a: Baxcalibur|Dragon Dance|p1a: Baxcalibur\n|-boost|p1a: Baxcalibur|atk|1\n|-boost|p1a: Baxcalibur|spe|1\n|\n|-weather|none\n|upkeep\n|turn|14\n|\n|t:|1697605646\n|move|p2a: Mandibuzz|Foul Play|p1a: Baxcalibur\n|-resisted|p1a: Baxcalibur\n|-damage|p1a: Baxcalibur|40\/100\n|move|p1a: Baxcalibur|Icicle Spear|p2a: Mandibuzz\n|-damage|p2a: Mandibuzz|52\/100\n|-damage|p2a: Mandibuzz|40\/100\n|-damage|p2a: Mandibuzz|27\/100\n|-damage|p2a: Mandibuzz|14\/100\n|-hitcount|p2a: Mandibuzz|4\n|\n|upkeep\n|turn|15\n|\n|t:|1697605660\n|move|p2a: Mandibuzz|Foul Play|p1a: Baxcalibur\n|-resisted|p1a: Baxcalibur\n|-damage|p1a: Baxcalibur|0 fnt\n|faint|p1a: Baxcalibur\n|\n|-fieldend|move: Trick Room\n|upkeep\n|\n|t:|1697605667\n|switch|p1a: Mamoswine|Mamoswine, M|100\/100\n|turn|16\n|\n|t:|1697605680\n|switch|p2a: Toedscruel|Toedscruel, F|100\/100\n|move|p1a: Mamoswine|Ice Shard|p2a: Toedscruel\n|-supereffective|p2a: Toedscruel\n|-crit|p2a: Toedscruel\n|-damage|p2a: Toedscruel|0 fnt\n|faint|p2a: Toedscruel\n|-damage|p1a: Mamoswine|91\/100|[from] item: Life Orb\n|\n|upkeep\n|\n|t:|1697605692\n|switch|p2a: Iron Bundle|Iron Bundle|100\/100\n|turn|17\n|\n|t:|1697605709\n|switch|p1a: Abomasnow|Abomasnow, F|75\/100\n|-weather|Snow|[from] ability: Snow Warning|[of] p1a: Abomasnow\n|move|p2a: Iron Bundle|Hydro Pump|p1a: Abomasnow\n|-resisted|p1a: Abomasnow\n|-damage|p1a: Abomasnow|45\/100\n|\n|-weather|Snow|[upkeep]\n|upkeep\n|turn|18\n|\n|t:|1697605723\n|move|p2a: Iron Bundle|Freeze-Dry|p1a: Abomasnow\n|-damage|p1a: Abomasnow|4\/100\n|move|p1a: Abomasnow|Giga Drain|p2a: Iron Bundle\n|-supereffective|p2a: Iron Bundle\n|-damage|p2a: Iron Bundle|0 fnt\n|-heal|p1a: Abomasnow|37\/100|[from] drain|[of] p2a: Iron Bundle\n|faint|p2a: Iron Bundle\n|-end|p2a: Iron Bundle|Quark Drive|[silent]\n|\n|-weather|Snow|[upkeep]\n|upkeep\n|\n|t:|1697605731\n|switch|p2a: Landorus|Landorus-Therian, M|100\/100\n|-ability|p2a: Landorus|Intimidate|boost\n|-unboost|p1a: Abomasnow|atk|1\n|turn|19\n|\n|t:|1697605743\n|move|p2a: Landorus|U-turn|p1a: Abomasnow\n|-supereffective|p1a: Abomasnow\n|-damage|p1a: Abomasnow|0 fnt\n|faint|p1a: Abomasnow\n|\n|t:|1697605745\n|switch|p2a: Mandibuzz|Mandibuzz, F, tera:Dark|14\/100|[from] U-turn\n|\n|-weather|Snow|[upkeep]\n|upkeep\n|\n|t:|1697605751\n|switch|p1a: Mamoswine|Mamoswine, M|91\/100\n|turn|20\n|\n|t:|1697605755\n|switch|p2a: Landorus|Landorus-Therian, M|100\/100\n|-ability|p2a: Landorus|Intimidate|boost\n|-unboost|p1a: Mamoswine|atk|1\n|move|p1a: Mamoswine|Ice Shard|p2a: Landorus\n|-supereffective|p2a: Landorus\n|-damage|p2a: Landorus|12\/100\n|-damage|p1a: Mamoswine|81\/100|[from] item: Life Orb\n|\n|-weather|Snow|[upkeep]\n|upkeep\n|turn|21\n|\n|t:|1697605766\n|move|p1a: Mamoswine|Ice Shard|p2a: Landorus\n|-supereffective|p2a: Landorus\n|-damage|p2a: Landorus|0 fnt\n|faint|p2a: Landorus\n|-damage|p1a: Mamoswine|71\/100|[from] item: Life Orb\n|\n|-weather|none\n|upkeep\n|\n|t:|1697605768\n|switch|p2a: Mandibuzz|Mandibuzz, F, tera:Dark|14\/100\n|turn|22\n|\n|t:|1697605776\n|move|p1a: Mamoswine|Ice Shard|p2a: Mandibuzz\n|-damage|p2a: Mandibuzz|3\/100\n|-damage|p1a: Mamoswine|61\/100|[from] item: Life Orb\n|move|p2a: Mandibuzz|Roost|p2a: Mandibuzz\n|-heal|p2a: Mandibuzz|53\/100\n|\n|upkeep\n|turn|23\n|\n|t:|1697605792\n|move|p1a: Mamoswine|Earthquake|p2a: Mandibuzz\n|-damage|p2a: Mandibuzz|27\/100\n|-damage|p1a: Mamoswine|51\/100|[from] item: Life Orb\n|move|p2a: Mandibuzz|Roost|p2a: Mandibuzz\n|-heal|p2a: Mandibuzz|78\/100\n|\n|upkeep\n|turn|24\n|\n|t:|1697605800\n|move|p1a: Mamoswine|Icicle Crash|p2a: Mandibuzz|[miss]\n|-miss|p1a: Mamoswine|p2a: Mandibuzz\n|move|p2a: Mandibuzz|Roost|p2a: Mandibuzz\n|-heal|p2a: Mandibuzz|100\/100\n|\n|upkeep\n|turn|25\n|\n|t:|1697605808\n|move|p1a: Mamoswine|Icicle Crash|p2a: Mandibuzz\n|-damage|p2a: Mandibuzz|78\/100\n|-damage|p1a: Mamoswine|41\/100|[from] item: Life Orb\n|move|p2a: Mandibuzz|Foul Play|p1a: Mamoswine\n|-damage|p1a: Mamoswine|0 fnt\n|faint|p1a: Mamoswine\n|\n|win|Migrainelad\n|raw|UnUovo77's rating: 1062 &rarr; <strong>1043<\/strong><br \/>(-19 for losing)\n|raw|Migrainelad's rating: 1064 &rarr; <strong>1094<\/strong><br \/>(+30 for winning)\n|l|\u2606UnUovo77\n","uploadtime":1697605837,"views":11,"p1id":"unuovo77","p2id":"migrainelad","formatid":"gen9ubers","rating":1043,"private":0,"password":""}