{"id":"gen9ubers-1988042092","p1":"Anne Frankkkk","p2":"Majin_Ops","format":"[Gen 9] Ubers","log":"|j|\u2606Anne Frankkkk\n|j|\u2606Majin_Ops\n|t:|1699662472\n|gametype|singles\n|player|p1|Anne Frankkkk|hilbert|1139\n|player|p2|Majin_Ops|shadowtriad|1004\n|teamsize|p1|6\n|teamsize|p2|6\n|gen|9\n|tier|[Gen 9] Ubers\n|rated|\n|rule|Sleep Clause Mod: Limit one foe put to sleep\n|rule|Species Clause: Limit one of each Pok\u00e9mon\n|rule|OHKO Clause: OHKO moves are banned\n|rule|Evasion Items Clause: Evasion items are banned\n|rule|Evasion Moves Clause: Evasion moves are banned\n|rule|Endless Battle Clause: Forcing endless battles is banned\n|rule|HP Percentage Mod: HP is shown in percentages\n|clearpoke\n|poke|p1|Iron Hands|\n|poke|p1|Kyogre|\n|poke|p1|Chien-Pao|\n|poke|p1|Ribombee, F|\n|poke|p1|Miraidon|\n|poke|p1|Flutter Mane|\n|poke|p2|Iron Treads|\n|poke|p2|Volcarona, M|\n|poke|p2|Dragonite, M|\n|poke|p2|Kyogre|\n|poke|p2|Milotic, F|\n|poke|p2|Gliscor, F|\n|teampreview\n|\n|t:|1699662480\n|start\n|switch|p1a: Big Boy|Iron Hands, shiny|100\/100\n|switch|p2a: Gliscor|Gliscor, F|100\/100\n|turn|1\n|inactive|Battle timer is ON: inactive players will automatically lose when time's up. (requested by Anne Frankkkk)\n|\n|t:|1699662492\n|-end|p1a: Big Boy|Quark Drive|[silent]\n|switch|p1a: Cyber Lizard|Miraidon|100\/100\n|-fieldstart|move: Electric Terrain|[from] ability: Hadron Engine|[of] p1a: Cyber Lizard\n|-item|p1a: Cyber Lizard|Air Balloon\n|move|p2a: Gliscor|Toxic|p1a: Cyber Lizard\n|-status|p1a: Cyber Lizard|tox\n|\n|-damage|p1a: Cyber Lizard|94\/100 tox|[from] psn\n|-status|p2a: Gliscor|tox|[from] item: Toxic Orb\n|upkeep\n|turn|2\n|\n|t:|1699662506\n|move|p2a: Gliscor|Protect|p2a: Gliscor\n|-singleturn|p2a: Gliscor|Protect\n|move|p1a: Cyber Lizard|Calm Mind|p1a: Cyber Lizard\n|-boost|p1a: Cyber Lizard|spa|1\n|-boost|p1a: Cyber Lizard|spd|1\n|\n|-damage|p1a: Cyber Lizard|82\/100 tox|[from] psn\n|upkeep\n|turn|3\n|\n|t:|1699662517\n|move|p1a: Cyber Lizard|Dragon Pulse|p2a: Gliscor\n|-damage|p2a: Gliscor|0 fnt\n|faint|p2a: Gliscor\n|\n|-damage|p1a: Cyber Lizard|64\/100 tox|[from] psn\n|upkeep\n|inactive|Majin_Ops has 120 seconds left.\n|\n|t:|1699662553\n|switch|p2a: Dragonite|Dragonite, M|100\/100\n|turn|4\n|\n|t:|1699662558\n|move|p1a: Cyber Lizard|Dragon Pulse|p2a: Dragonite\n|-supereffective|p2a: Dragonite\n|-damage|p2a: Dragonite|8\/100\n|-enditem|p2a: Dragonite|Weakness Policy\n|-boost|p2a: Dragonite|atk|2|[from] item: Weakness Policy\n|-boost|p2a: Dragonite|spa|2|[from] item: Weakness Policy\n|move|p2a: Dragonite|Dragon Dance|p2a: Dragonite\n|-boost|p2a: Dragonite|atk|1\n|-boost|p2a: Dragonite|spe|1\n|\n|-damage|p1a: Cyber Lizard|39\/100 tox|[from] psn\n|upkeep\n|turn|5\n|inactive|Majin_Ops has 120 seconds left.\n|\n|t:|1699662573\n|-terastallize|p2a: Dragonite|Normal\n|move|p2a: Dragonite|Extreme Speed|p1a: Cyber Lizard\n|-damage|p1a: Cyber Lizard|0 fnt\n|-enditem|p1a: Cyber Lizard|Air Balloon\n|faint|p1a: Cyber Lizard\n|\n|-fieldend|move: Electric Terrain\n|upkeep\n|\n|t:|1699662578\n|switch|p1a: Big Boy|Iron Hands, shiny|100\/100\n|turn|6\n|inactive|Majin_Ops has 120 seconds left.\n|\n|t:|1699662591\n|move|p1a: Big Boy|Fake Out|p2a: Dragonite\n|-damage|p2a: Dragonite|0 fnt\n|faint|p2a: Dragonite\n|\n|upkeep\n|\n|t:|1699662611\n|switch|p2a: Milotic|Milotic, F|100\/100\n|turn|7\n|\n|t:|1699662617\n|move|p1a: Big Boy|Wild Charge|p2a: Milotic\n|-supereffective|p2a: Milotic\n|-enditem|p2a: Milotic|Focus Sash\n|-damage|p2a: Milotic|1\/100\n|-damage|p1a: Big Boy|82\/100|[from] Recoil\n|move|p2a: Milotic|Mirror Coat||[still]\n|-fail|p2a: Milotic\n|\n|upkeep\n|turn|8\n|inactive|Majin_Ops has 90 seconds left.\n|-message|Majin_Ops forfeited.\n|\n|win|Anne Frankkkk\n|raw|Anne Frankkkk's rating: 1139 &rarr; <strong>1155<\/strong><br \/>(+16 for winning)\n|raw|Majin_Ops's rating: 1004 &rarr; <strong>1000<\/strong><br \/>(-4 for losing)\n|l|\u2606Majin_Ops\n","uploadtime":1699662668,"views":5,"p1id":"annefrankkkk","p2id":"majinops","formatid":"gen9ubers","rating":1000,"private":0,"password":""}