{"id":"gen9ubers-1994475246","p1":"Sol CPU","p2":"Squirshawott","format":"[Gen 9] Ubers","log":"|j|\u2606Sol CPU\n|j|\u2606Squirshawott\n|t:|1700448220\n|gametype|singles\n|player|p1|Sol CPU|ethan|\n|player|p2|Squirshawott|266|\n|teamsize|p1|6\n|teamsize|p2|6\n|gen|9\n|tier|[Gen 9] Ubers\n|rule|Sleep Clause Mod: Limit one foe put to sleep\n|rule|Species Clause: Limit one of each Pok\u00e9mon\n|rule|OHKO Clause: OHKO moves are banned\n|rule|Evasion Items Clause: Evasion items are banned\n|rule|Evasion Moves Clause: Evasion moves are banned\n|rule|Endless Battle Clause: Forcing endless battles is banned\n|rule|HP Percentage Mod: HP is shown in percentages\n|clearpoke\n|poke|p1|Tauros-Paldea-Aqua, M|\n|poke|p1|Thundurus, M|\n|poke|p1|Muk-Alola, M|\n|poke|p1|Volcarona, F|\n|poke|p1|Lycanroc-Dusk, M|\n|poke|p1|Articuno|\n|poke|p2|Oricorio, F|\n|poke|p2|Talonflame, F|\n|poke|p2|Pelipper, M|\n|poke|p2|Greninja-*, F|\n|poke|p2|Landorus-Therian, M|\n|poke|p2|Tinkaton, F|\n|teampreview\n|j| Astyr.Pygos\n|j| pkpowers310\n|j| slugmaaa\n|\n|t:|1700448353\n|start\n|switch|p1a: Cave Loiterer|Articuno|100\/100\n|switch|p2a: Tinkaton|Tinkaton, F|100\/100\n|-item|p2a: Tinkaton|Air Balloon\n|-ability|p1a: Cave Loiterer|Pressure\n|turn|1\n|\n|t:|1700448365\n|move|p2a: Tinkaton|Gigaton Hammer|p1a: Cave Loiterer\n|-supereffective|p1a: Cave Loiterer\n|-damage|p1a: Cave Loiterer|40\/100\n|move|p1a: Cave Loiterer|Reflect|p1a: Cave Loiterer\n|-sidestart|p1: Sol CPU|Reflect\n|\n|upkeep\n|turn|2\n|\n|t:|1700448372\n|move|p2a: Tinkaton|Stealth Rock|p1a: Cave Loiterer\n|-sidestart|p1: Sol CPU|move: Stealth Rock\n|move|p1a: Cave Loiterer|Roost|p1a: Cave Loiterer\n|-heal|p1a: Cave Loiterer|91\/100\n|-singleturn|p1a: Cave Loiterer|move: Roost\n|\n|upkeep\n|turn|3\n|\n|t:|1700448384\n|move|p2a: Tinkaton|Gigaton Hammer|p1a: Cave Loiterer\n|-supereffective|p1a: Cave Loiterer\n|-damage|p1a: Cave Loiterer|60\/100\n|move|p1a: Cave Loiterer|Light Screen|p1a: Cave Loiterer\n|-sidestart|p1: Sol CPU|move: Light Screen\n|\n|upkeep\n|turn|4\n|\n|t:|1700448393\n|switch|p1a: M O T H|Volcarona, F|100\/100\n|-damage|p1a: M O T H|50\/100|[from] Stealth Rock\n|move|p2a: Tinkaton|Knock Off|p1a: M O T H\n|-damage|p1a: M O T H|36\/100\n|-enditem|p1a: M O T H|Leftovers|[from] move: Knock Off|[of] p2a: Tinkaton\n|\n|upkeep\n|turn|5\n|\n|t:|1700448403\n|switch|p2a: Oricorio|Oricorio, F|100\/100\n|move|p1a: M O T H|Flamethrower|p2a: Oricorio\n|-resisted|p2a: Oricorio\n|-damage|p2a: Oricorio|65\/100\n|\n|-sideend|p1: Sol CPU|Reflect\n|upkeep\n|turn|6\n|\n|t:|1700448416\n|move|p1a: M O T H|Bug Buzz|p2a: Oricorio\n|-resisted|p2a: Oricorio\n|-damage|p2a: Oricorio|48\/100\n|-enditem|p2a: Oricorio|Sitrus Berry|[eat]\n|-heal|p2a: Oricorio|73\/100|[from] item: Sitrus Berry\n|move|p2a: Oricorio|Hurricane|p1a: M O T H\n|-supereffective|p1a: M O T H\n|-crit|p1a: M O T H\n|-damage|p1a: M O T H|0 fnt\n|faint|p1a: M O T H\n|\n|upkeep\n|\n|t:|1700448426\n|switch|p1a: An Actual Bull|Tauros-Paldea-Aqua, M|100\/100\n|-damage|p1a: An Actual Bull|94\/100|[from] Stealth Rock\n|-ability|p1a: An Actual Bull|Intimidate|boost\n|-unboost|p2a: Oricorio|atk|1\n|turn|7\n|\n|t:|1700448489\n|move|p1a: An Actual Bull|Raging Bull|p2a: Oricorio\n|-supereffective|p2a: Oricorio\n|-damage|p2a: Oricorio|2\/100\n|move|p2a: Oricorio|Quiver Dance|p2a: Oricorio\n|-boost|p2a: Oricorio|spa|1\n|-boost|p2a: Oricorio|spd|1\n|-boost|p2a: Oricorio|spe|1\n|\n|-sideend|p1: Sol CPU|move: Light Screen\n|upkeep\n|turn|8\n|\n|t:|1700448497\n|move|p1a: An Actual Bull|Aqua Jet|p2a: Oricorio\n|-supereffective|p2a: Oricorio\n|-damage|p2a: Oricorio|0 fnt\n|faint|p2a: Oricorio\n|\n|upkeep\n|\n|t:|1700448500\n|switch|p2a: Greninja|Greninja, F|100\/100\n|turn|9\n|\n|t:|1700448510\n|move|p2a: Greninja|Extrasensory|p1a: An Actual Bull\n|-start|p2a: Greninja|typechange|Psychic|[from] ability: Protean\n|-supereffective|p1a: An Actual Bull\n|-damage|p1a: An Actual Bull|0 fnt\n|faint|p1a: An Actual Bull\n|-damage|p2a: Greninja|91\/100|[from] item: Life Orb\n|\n|upkeep\n|\n|t:|1700448518\n|switch|p1a: The Cooler Muk|Muk-Alola, M|100\/100\n|-damage|p1a: The Cooler Muk|88\/100|[from] Stealth Rock\n|turn|10\n|\n|t:|1700448560\n|switch|p2a: Pelipper|Pelipper, M|100\/100\n|-weather|RainDance|[from] ability: Drizzle|[of] p2a: Pelipper\n|move|p1a: The Cooler Muk|Toxic|p2a: Pelipper\n|-status|p2a: Pelipper|tox\n|\n|-weather|RainDance|[upkeep]\n|-heal|p1a: The Cooler Muk|94\/100|[from] item: Black Sludge\n|-damage|p2a: Pelipper|94\/100 tox|[from] psn\n|upkeep\n|turn|11\n|\n|t:|1700448576\n|move|p1a: The Cooler Muk|Protect|p1a: The Cooler Muk\n|-singleturn|p1a: The Cooler Muk|Protect\n|move|p2a: Pelipper|U-turn|p1a: The Cooler Muk\n|-activate|p1a: The Cooler Muk|move: Protect\n|\n|-weather|RainDance|[upkeep]\n|-heal|p1a: The Cooler Muk|99\/100|[from] item: Black Sludge\n|-damage|p2a: Pelipper|82\/100 tox|[from] psn\n|upkeep\n|turn|12\n|\n|t:|1700448595\n|move|p1a: The Cooler Muk|Poison Jab|p2a: Pelipper\n|-damage|p2a: Pelipper|59\/100 tox\n|move|p2a: Pelipper|U-turn|p1a: The Cooler Muk\n|-damage|p1a: The Cooler Muk|91\/100\n|\n|t:|1700448600\n|switch|p2a: Landorus|Landorus-Therian, M|100\/100|[from] U-turn\n|-ability|p2a: Landorus|Intimidate|boost\n|-unboost|p1a: The Cooler Muk|atk|1\n|\n|-weather|RainDance|[upkeep]\n|-heal|p1a: The Cooler Muk|97\/100|[from] item: Black Sludge\n|upkeep\n|turn|13\n|\n|t:|1700448611\n|move|p1a: The Cooler Muk|Protect|p1a: The Cooler Muk\n|-singleturn|p1a: The Cooler Muk|Protect\n|move|p2a: Landorus|Substitute|p2a: Landorus\n|-start|p2a: Landorus|Substitute\n|-damage|p2a: Landorus|76\/100\n|\n|-weather|RainDance|[upkeep]\n|-heal|p2a: Landorus|82\/100|[from] item: Leftovers\n|-heal|p1a: The Cooler Muk|100\/100|[from] item: Black Sludge\n|upkeep\n|turn|14\n|\n|t:|1700448633\n|switch|p1a: Cave Loiterer|Articuno|60\/100\n|-damage|p1a: Cave Loiterer|10\/100|[from] Stealth Rock\n|-ability|p1a: Cave Loiterer|Pressure\n|-enditem|p1a: Cave Loiterer|Aguav Berry|[eat]\n|-heal|p1a: Cave Loiterer|43\/100|[from] item: Aguav Berry\n|move|p2a: Landorus|Earthquake|p1a: Cave Loiterer\n|-immune|p1a: Cave Loiterer\n|\n|-weather|RainDance|[upkeep]\n|-heal|p2a: Landorus|88\/100|[from] item: Leftovers\n|upkeep\n|turn|15\n|\n|t:|1700448652\n|move|p2a: Landorus|Smack Down|p1a: Cave Loiterer\n|-supereffective|p1a: Cave Loiterer\n|-damage|p1a: Cave Loiterer|0 fnt\n|faint|p1a: Cave Loiterer\n|\n|-weather|RainDance|[upkeep]\n|-heal|p2a: Landorus|94\/100|[from] item: Leftovers\n|upkeep\n|\n|t:|1700448668\n|switch|p1a: Mr. Genie Man|Thundurus, M|100\/100\n|turn|16\n|\n|t:|1700448674\n|move|p1a: Mr. Genie Man|Dark Pulse|p2a: Landorus\n|-end|p2a: Landorus|Substitute\n|move|p2a: Landorus|Smack Down|p1a: Mr. Genie Man\n|-supereffective|p1a: Mr. Genie Man\n|-damage|p1a: Mr. Genie Man|42\/100\n|-start|p1a: Mr. Genie Man|Smack Down\n|\n|-weather|RainDance|[upkeep]\n|-heal|p2a: Landorus|100\/100|[from] item: Leftovers\n|upkeep\n|turn|17\n|\n|t:|1700448686\n|move|p1a: Mr. Genie Man|Dark Pulse|p2a: Landorus\n|-damage|p2a: Landorus|67\/100\n|move|p2a: Landorus|Earthquake|p1a: Mr. Genie Man\n|-supereffective|p1a: Mr. Genie Man\n|-damage|p1a: Mr. Genie Man|0 fnt\n|faint|p1a: Mr. Genie Man\n|\n|-weather|none\n|-heal|p2a: Landorus|73\/100|[from] item: Leftovers\n|upkeep\n|\n|t:|1700448695\n|switch|p1a: Time for Ice Cream|Lycanroc-Dusk, M|100\/100\n|-damage|p1a: Time for Ice Cream|88\/100|[from] Stealth Rock\n|turn|18\n|\n|t:|1700448709\n|switch|p2a: Pelipper|Pelipper, M|59\/100 tox\n|-weather|RainDance|[from] ability: Drizzle|[of] p2a: Pelipper\n|move|p1a: Time for Ice Cream|Accelerock|p2a: Pelipper\n|-supereffective|p2a: Pelipper\n|-damage|p2a: Pelipper|9\/100 tox\n|-damage|p1a: Time for Ice Cream|78\/100|[from] item: Life Orb\n|\n|-weather|RainDance|[upkeep]\n|-damage|p2a: Pelipper|2\/100 tox|[from] psn\n|upkeep\n|turn|19\n|\n|t:|1700448726\n|switch|p1a: The Cooler Muk|Muk-Alola, M|100\/100\n|-damage|p1a: The Cooler Muk|88\/100|[from] Stealth Rock\n|move|p2a: Pelipper|Surf|p1a: The Cooler Muk\n|-damage|p1a: The Cooler Muk|61\/100\n|\n|-weather|RainDance|[upkeep]\n|-heal|p1a: The Cooler Muk|67\/100|[from] item: Black Sludge\n|-damage|p2a: Pelipper|0 fnt|[from] psn\n|faint|p2a: Pelipper\n|upkeep\n|\n|t:|1700448735\n|switch|p2a: Landorus|Landorus-Therian, M|73\/100\n|-ability|p2a: Landorus|Intimidate|boost\n|-unboost|p1a: The Cooler Muk|atk|1\n|turn|20\n|\n|t:|1700448741\n|move|p1a: The Cooler Muk|Shadow Sneak|p2a: Landorus\n|-damage|p2a: Landorus|65\/100\n|move|p2a: Landorus|Earthquake|p1a: The Cooler Muk\n|-supereffective|p1a: The Cooler Muk\n|-damage|p1a: The Cooler Muk|0 fnt\n|faint|p1a: The Cooler Muk\n|\n|-weather|RainDance|[upkeep]\n|-heal|p2a: Landorus|71\/100|[from] item: Leftovers\n|upkeep\n|\n|t:|1700448750\n|switch|p1a: Time for Ice Cream|Lycanroc-Dusk, M|78\/100\n|-damage|p1a: Time for Ice Cream|66\/100|[from] Stealth Rock\n|turn|21\n|\n|t:|1700448758\n|move|p1a: Time for Ice Cream|Accelerock|p2a: Landorus\n|-damage|p2a: Landorus|32\/100\n|-damage|p1a: Time for Ice Cream|56\/100|[from] item: Life Orb\n|move|p2a: Landorus|Earthquake|p1a: Time for Ice Cream\n|-supereffective|p1a: Time for Ice Cream\n|-damage|p1a: Time for Ice Cream|0 fnt\n|faint|p1a: Time for Ice Cream\n|\n|win|Squirshawott\n|l|\u2606Sol CPU\n","uploadtime":1700448767,"views":6,"p1id":"solcpu","p2id":"squirshawott","formatid":"gen9ubers","rating":0,"private":0,"password":""}