{"id":"gen9ubers-1980799580","p1":"8enfn","p2":"chige5464321","format":"[Gen 9] Ubers","log":"|j|\u26068enfn\n|j|\u2606chige5464321\n|t:|1698835177\n|gametype|singles\n|player|p1|8enfn|170|1000\n|player|p2|chige5464321|preschooler|1060\n|teamsize|p1|3\n|teamsize|p2|6\n|gen|9\n|tier|[Gen 9] Ubers\n|rated|\n|rule|Sleep Clause Mod: Limit one foe put to sleep\n|rule|Species Clause: Limit one of each Pok\u00e9mon\n|rule|OHKO Clause: OHKO moves are banned\n|rule|Evasion Items Clause: Evasion items are banned\n|rule|Evasion Moves Clause: Evasion moves are banned\n|rule|Endless Battle Clause: Forcing endless battles is banned\n|rule|HP Percentage Mod: HP is shown in percentages\n|clearpoke\n|poke|p1|Pawmot, M|\n|poke|p1|Ribombee, M|\n|poke|p1|Maushold-Four|\n|poke|p2|Great Tusk|\n|poke|p2|Chien-Pao|\n|poke|p2|Gholdengo|\n|poke|p2|Kingambit, F|\n|poke|p2|Hatterene, F|\n|poke|p2|Meowscarada, F|\n|teampreview\n|\n|t:|1698835199\n|start\n|switch|p1a: Ribombee|Ribombee, M|100\/100\n|switch|p2a: Hatterene|Hatterene, F|100\/100\n|turn|1\n|\n|t:|1698835213\n|move|p1a: Ribombee|Sticky Web|p2a: Hatterene\n|move|p2a: Hatterene|Sticky Web|p1a: Ribombee|[from]ability: Magic Bounce\n|-sidestart|p1: 8enfn|move: Sticky Web\n|move|p2a: Hatterene|Nuzzle|p1a: Ribombee\n|-damage|p1a: Ribombee|94\/100\n|\n|upkeep\n|turn|2\n|\n|t:|1698835221\n|move|p1a: Ribombee|Stun Spore|p2a: Hatterene\n|move|p2a: Hatterene|Stun Spore|p1a: Ribombee|[from]ability: Magic Bounce|[miss]\n|-miss|p2a: Hatterene|p1a: Ribombee\n|move|p2a: Hatterene|Mystical Fire|p1a: Ribombee\n|-supereffective|p1a: Ribombee\n|-damage|p1a: Ribombee|26\/100\n|\n|upkeep\n|turn|3\n|\n|t:|1698835231\n|move|p1a: Ribombee|U-turn|p2a: Hatterene\n|-damage|p2a: Hatterene|88\/100\n|\n|t:|1698835235\n|switch|p1a: Maushold|Maushold-Four|100\/100|[from] U-turn\n|-activate|p1a: Maushold|move: Sticky Web\n|-unboost|p1a: Maushold|spe|1\n|move|p2a: Hatterene|Mystical Fire|p1a: Maushold\n|-damage|p1a: Maushold|71\/100\n|-unboost|p1a: Maushold|spa|1\n|\n|-heal|p1a: Maushold|77\/100|[from] item: Leftovers\n|-heal|p2a: Hatterene|94\/100|[from] item: Leftovers\n|upkeep\n|turn|4\n|\n|t:|1698835254\n|move|p1a: Maushold|Tidy Up|p1a: Maushold\n|-sideend|p1: 8enfn|Sticky Web\n|-activate|p1a: Maushold|move: Tidy Up\n|-boost|p1a: Maushold|atk|1\n|-boost|p1a: Maushold|spe|1\n|move|p2a: Hatterene|Nuzzle|p1a: Maushold\n|-damage|p1a: Maushold|72\/100\n|-status|p1a: Maushold|par\n|\n|-heal|p1a: Maushold|78\/100 par|[from] item: Leftovers\n|-heal|p2a: Hatterene|99\/100|[from] item: Leftovers\n|upkeep\n|turn|5\n|\n|t:|1698835276\n|cant|p1a: Maushold|par\n|move|p2a: Hatterene|Draining Kiss|p1a: Maushold\n|-damage|p1a: Maushold|49\/100 par\n|-heal|p2a: Hatterene|100\/100|[from] drain|[of] p1a: Maushold\n|\n|-heal|p1a: Maushold|55\/100 par|[from] item: Leftovers\n|upkeep\n|turn|6\n|\n|t:|1698835286\n|move|p1a: Maushold|Tidy Up|p1a: Maushold\n|-boost|p1a: Maushold|atk|1\n|-boost|p1a: Maushold|spe|1\n|move|p2a: Hatterene|Mystical Fire|p1a: Maushold\n|-damage|p1a: Maushold|29\/100 par\n|-unboost|p1a: Maushold|spa|1\n|\n|-heal|p1a: Maushold|35\/100 par|[from] item: Leftovers\n|upkeep\n|turn|7\n|\n|t:|1698835297\n|-terastallize|p1a: Maushold|Ghost\n|move|p1a: Maushold|Population Bomb|p2a: Hatterene\n|-damage|p2a: Hatterene|87\/100\n|-hitcount|p2a: Hatterene|1\n|move|p2a: Hatterene|Draining Kiss|p1a: Maushold\n|-damage|p1a: Maushold|6\/100 par\n|-heal|p2a: Hatterene|100\/100|[from] drain|[of] p1a: Maushold\n|\n|-heal|p1a: Maushold|12\/100 par|[from] item: Leftovers\n|upkeep\n|turn|8\n|\n|t:|1698835311\n|move|p1a: Maushold|Population Bomb|p2a: Hatterene\n|-damage|p2a: Hatterene|87\/100\n|-damage|p2a: Hatterene|74\/100\n|-hitcount|p2a: Hatterene|2\n|move|p2a: Hatterene|Draining Kiss|p1a: Maushold\n|-damage|p1a: Maushold|0 fnt\n|-heal|p2a: Hatterene|84\/100|[from] drain|[of] p1a: Maushold\n|faint|p1a: Maushold\n|\n|-heal|p2a: Hatterene|90\/100|[from] item: Leftovers\n|upkeep\n|-message|8enfn forfeited.\n|\n|win|chige5464321\n|raw|8enfn's rating: 1000 &rarr; <strong>1000<\/strong><br \/>(+0 for losing)\n|raw|chige5464321's rating: 1060 &rarr; <strong>1086<\/strong><br \/>(+26 for winning)\n|l|\u26068enfn\n","uploadtime":1698835327,"views":17,"p1id":"8enfn","p2id":"chige5464321","formatid":"gen9ubers","rating":1000,"private":0,"password":""}