{"id":"gen9ubers-1971820912","p1":"itswitchblades","p2":"anycookiecam","format":"[Gen 9] Ubers","log":"|j|\u2606itswitchblades\n|j|\u2606anycookiecam\n|t:|1697776642\n|gametype|singles\n|player|p1|itswitchblades|170|\n|player|p2|anycookiecam|169|\n|teamsize|p1|6\n|teamsize|p2|6\n|gen|9\n|tier|[Gen 9] Ubers\n|rule|Sleep Clause Mod: Limit one foe put to sleep\n|rule|Species Clause: Limit one of each Pok\u00e9mon\n|rule|OHKO Clause: OHKO moves are banned\n|rule|Evasion Items Clause: Evasion items are banned\n|rule|Evasion Moves Clause: Evasion moves are banned\n|rule|Endless Battle Clause: Forcing endless battles is banned\n|rule|HP Percentage Mod: HP is shown in percentages\n|clearpoke\n|poke|p1|Tinkaton, F|\n|poke|p1|Hatterene, F|\n|poke|p1|Snorlax, M|\n|poke|p1|Dragonite, M|\n|poke|p1|Ambipom, F|\n|poke|p1|Jirachi|\n|poke|p2|Tinkaton, F|\n|poke|p2|Hatterene, F|\n|poke|p2|Snorlax, M|\n|poke|p2|Dragonite, M|\n|poke|p2|Ambipom, M|\n|poke|p2|Jirachi|\n|teampreview\n|\n|t:|1697776649\n|start\n|switch|p1a: Ambipom|Ambipom, F|100\/100\n|switch|p2a: Ambipom|Ambipom, M|100\/100\n|turn|1\n|\n|t:|1697776659\n|move|p1a: Ambipom|Metronome|p1a: Ambipom\n|move|p1a: Ambipom|Stockpile|p1a: Ambipom|[from]move: Metronome\n|-start|p1a: Ambipom|stockpile1\n|-boost|p1a: Ambipom|def|1\n|-boost|p1a: Ambipom|spd|1\n|move|p2a: Ambipom|Metronome|p2a: Ambipom\n|move|p2a: Ambipom|Iron Tail|p1a: Ambipom|[from]move: Metronome\n|-damage|p1a: Ambipom|81\/100\n|-unboost|p1a: Ambipom|def|1\n|\n|upkeep\n|turn|2\n|\n|t:|1697776668\n|move|p2a: Ambipom|Metronome|p2a: Ambipom\n|move|p2a: Ambipom|U-turn|p1a: Ambipom|[from]move: Metronome\n|-damage|p1a: Ambipom|59\/100\n|\n|t:|1697776677\n|switch|p2a: Hatterene|Hatterene, F|100\/100|[from] U-turn\n|move|p1a: Ambipom|Metronome|p1a: Ambipom\n|move|p1a: Ambipom|Healing Wish|p1a: Ambipom|[from]move: Metronome\n|faint|p1a: Ambipom\n|\n|upkeep\n|\n|t:|1697776684\n|switch|p1a: Hatterene|Hatterene, F|100\/100\n|turn|3\n|\n|t:|1697776686\n|move|p1a: Hatterene|Metronome|p1a: Hatterene\n|move|p1a: Hatterene|Cotton Spore|p2a: Hatterene|[from]move: Metronome\n|move|p2a: Hatterene|Cotton Spore|p1a: Hatterene|[from]ability: Magic Bounce\n|-unboost|p1a: Hatterene|spe|2\n|move|p2a: Hatterene|Metronome|p2a: Hatterene\n|move|p2a: Hatterene|Entrainment|p1a: Hatterene|[from]move: Metronome\n|move|p1a: Hatterene|Entrainment||[from]ability: Magic Bounce|[still]\n|-fail|p1a: Hatterene\n|\n|upkeep\n|turn|4\n|\n|t:|1697776696\n|move|p2a: Hatterene|Metronome|p2a: Hatterene\n|move|p2a: Hatterene|Whirlpool|p1a: Hatterene|[from]move: Metronome\n|-damage|p1a: Hatterene|90\/100\n|-activate|p1a: Hatterene|move: Whirlpool|[of] p2a: Hatterene\n|move|p1a: Hatterene|Metronome|p1a: Hatterene\n|move|p1a: Hatterene|Spite|p2a: Hatterene|[from]move: Metronome\n|move|p2a: Hatterene|Spite|p1a: Hatterene|[from]ability: Magic Bounce\n|-activate|p1a: Hatterene|move: Spite|Metronome|4\n|\n|-damage|p1a: Hatterene|78\/100|[from] move: Whirlpool|[partiallytrapped]\n|upkeep\n|turn|5\n|\n|t:|1697776706\n|move|p2a: Hatterene|Metronome|p2a: Hatterene\n|move|p2a: Hatterene|Defog|p1a: Hatterene|[from]move: Metronome\n|move|p1a: Hatterene|Defog|p2a: Hatterene|[from]ability: Magic Bounce\n|-unboost|p2a: Hatterene|evasion|1\n|move|p1a: Hatterene|Metronome|p1a: Hatterene\n|move|p1a: Hatterene|Scary Face|p2a: Hatterene|[from]move: Metronome\n|move|p2a: Hatterene|Scary Face|p1a: Hatterene|[from]ability: Magic Bounce\n|-unboost|p1a: Hatterene|spe|2\n|\n|-damage|p1a: Hatterene|66\/100|[from] move: Whirlpool|[partiallytrapped]\n|upkeep\n|turn|6\n|\n|t:|1697776716\n|move|p2a: Hatterene|Metronome|p2a: Hatterene\n|move|p2a: Hatterene|Pound|p1a: Hatterene|[from]move: Metronome\n|-damage|p1a: Hatterene|56\/100\n|move|p1a: Hatterene|Metronome|p1a: Hatterene\n|move|p1a: Hatterene|Growl|p2a: Hatterene|[from]move: Metronome\n|move|p2a: Hatterene|Growl|p1a: Hatterene|[from]ability: Magic Bounce\n|-unboost|p1a: Hatterene|atk|1\n|\n|-damage|p1a: Hatterene|43\/100|[from] move: Whirlpool|[partiallytrapped]\n|upkeep\n|turn|7\n|\n|t:|1697776727\n|move|p2a: Hatterene|Metronome|p2a: Hatterene\n|move|p2a: Hatterene|Confide|p1a: Hatterene|[from]move: Metronome\n|move|p1a: Hatterene|Confide|p2a: Hatterene|[from]ability: Magic Bounce\n|-unboost|p2a: Hatterene|spa|1\n|move|p1a: Hatterene|Metronome|p1a: Hatterene\n|move|p1a: Hatterene|Frenzy Plant|p2a: Hatterene|[from]move: Metronome\n|-damage|p2a: Hatterene|58\/100\n|-mustrecharge|p1a: Hatterene\n|\n|-damage|p1a: Hatterene|31\/100|[from] move: Whirlpool|[partiallytrapped]\n|upkeep\n|turn|8\n|\n|t:|1697776741\n|move|p2a: Hatterene|Metronome|p2a: Hatterene\n|move|p2a: Hatterene|Cross Chop|p1a: Hatterene|[from]move: Metronome\n|-resisted|p1a: Hatterene\n|-damage|p1a: Hatterene|25\/100\n|cant|p1a: Hatterene|recharge\n|\n|-end|p1a: Hatterene|Whirlpool|[partiallytrapped]\n|upkeep\n|turn|9\n|\n|t:|1697776747\n|move|p2a: Hatterene|Metronome|p2a: Hatterene\n|move|p2a: Hatterene|Tail Glow|p2a: Hatterene|[from]move: Metronome\n|-boost|p2a: Hatterene|spa|3\n|move|p1a: Hatterene|Metronome|p1a: Hatterene\n|move|p1a: Hatterene|Safeguard|p1a: Hatterene|[from]move: Metronome\n|-sidestart|p1: itswitchblades|Safeguard\n|\n|upkeep\n|turn|10\n|\n|t:|1697776753\n|move|p2a: Hatterene|Metronome|p2a: Hatterene\n|move|p2a: Hatterene|Toxic|p1a: Hatterene|[from]move: Metronome\n|move|p1a: Hatterene|Toxic|p2a: Hatterene|[from]ability: Magic Bounce\n|-status|p2a: Hatterene|tox\n|move|p1a: Hatterene|Metronome|p1a: Hatterene\n|move|p1a: Hatterene|Spit Up||[from]move: Metronome|[still]\n|-fail|p1a: Hatterene\n|\n|-damage|p2a: Hatterene|52\/100 tox|[from] psn\n|upkeep\n|turn|11\n|\n|t:|1697776762\n|move|p2a: Hatterene|Metronome|p2a: Hatterene\n|move|p2a: Hatterene|Confuse Ray|p1a: Hatterene|[from]move: Metronome\n|move|p1a: Hatterene|Confuse Ray|p2a: Hatterene|[from]ability: Magic Bounce\n|-start|p2a: Hatterene|confusion\n|move|p1a: Hatterene|Metronome|p1a: Hatterene\n|move|p1a: Hatterene|Poison Tail|p2a: Hatterene|[from]move: Metronome\n|-supereffective|p2a: Hatterene\n|-damage|p2a: Hatterene|36\/100 tox\n|\n|-damage|p2a: Hatterene|24\/100 tox|[from] psn\n|upkeep\n|turn|12\n|\n|t:|1697776771\n|-activate|p2a: Hatterene|confusion\n|move|p2a: Hatterene|Metronome|p2a: Hatterene\n|move|p2a: Hatterene|Frenzy Plant|p1a: Hatterene|[from]move: Metronome|[miss]\n|-miss|p2a: Hatterene|p1a: Hatterene\n|move|p1a: Hatterene|Metronome|p1a: Hatterene\n|move|p1a: Hatterene|Vise Grip|p2a: Hatterene|[from]move: Metronome\n|-damage|p2a: Hatterene|15\/100 tox\n|\n|-damage|p2a: Hatterene|0 fnt|[from] psn\n|faint|p2a: Hatterene\n|upkeep\n|\n|t:|1697776783\n|switch|p2a: Ambipom|Ambipom, M|100\/100\n|turn|13\n|\n|t:|1697776785\n|move|p2a: Ambipom|Metronome|p2a: Ambipom\n|move|p2a: Ambipom|Fake Tears|p1a: Hatterene|[from]move: Metronome\n|move|p1a: Hatterene|Fake Tears|p2a: Ambipom|[from]ability: Magic Bounce\n|-unboost|p2a: Ambipom|spd|2\n|move|p1a: Hatterene|Metronome|p1a: Hatterene\n|move|p1a: Hatterene|Mud-Slap|p2a: Ambipom|[from]move: Metronome\n|-damage|p2a: Ambipom|84\/100\n|-unboost|p2a: Ambipom|accuracy|1\n|\n|-sideend|p1: itswitchblades|Safeguard\n|upkeep\n|turn|14\n|\n|t:|1697776795\n|move|p2a: Ambipom|Metronome|p2a: Ambipom\n|move|p2a: Ambipom|Charm|p1a: Hatterene|[from]move: Metronome\n|move|p1a: Hatterene|Charm|p2a: Ambipom|[from]ability: Magic Bounce\n|-unboost|p2a: Ambipom|atk|2\n|move|p1a: Hatterene|Metronome|p1a: Hatterene\n|move|p1a: Hatterene|Venoshock|p2a: Ambipom|[from]move: Metronome\n|-damage|p2a: Ambipom|32\/100\n|\n|upkeep\n|turn|15\n|\n|t:|1697776803\n|move|p2a: Ambipom|Metronome|p2a: Ambipom\n|move|p2a: Ambipom|Crabhammer|p1a: Hatterene|[from]move: Metronome\n|-damage|p1a: Hatterene|12\/100\n|move|p1a: Hatterene|Metronome|p1a: Hatterene\n|move|p1a: Hatterene|Axe Kick|p2a: Ambipom|[from]move: Metronome\n|-supereffective|p2a: Ambipom\n|-damage|p2a: Ambipom|0 fnt\n|faint|p2a: Ambipom\n|\n|upkeep\n|\n|t:|1697776812\n|switch|p2a: Jirachi|Jirachi|100\/100\n|turn|16\n|\n|t:|1697776814\n|move|p2a: Jirachi|Metronome|p2a: Jirachi\n|move|p2a: Jirachi|Taunt|p1a: Hatterene|[from]move: Metronome\n|move|p1a: Hatterene|Taunt|p2a: Jirachi|[from]ability: Magic Bounce\n|-start|p2a: Jirachi|move: Taunt\n|-activate|p1a: Hatterene|move: Struggle\n|move|p1a: Hatterene|Struggle|p2a: Jirachi\n|-damage|p2a: Jirachi|94\/100\n|-damage|p1a: Hatterene|0 fnt|[from] recoil\n|faint|p1a: Hatterene\n|\n|upkeep\n|\n|t:|1697776825\n|switch|p1a: Jirachi|Jirachi|100\/100\n|turn|17\n|\n|t:|1697776828\n|switch|p2a: Snorlax|Snorlax, M|100\/100\n|move|p1a: Jirachi|Metronome|p1a: Jirachi\n|move|p1a: Jirachi|Fire Lash|p2a: Snorlax|[from]move: Metronome\n|-damage|p2a: Snorlax|91\/100\n|-unboost|p2a: Snorlax|def|1\n|\n|upkeep\n|turn|18\n|\n|t:|1697776834\n|move|p1a: Jirachi|Metronome|p1a: Jirachi\n|move|p1a: Jirachi|Infernal Parade|p2a: Snorlax|[from]move: Metronome\n|-immune|p2a: Snorlax\n|move|p2a: Snorlax|Metronome|p2a: Snorlax\n|move|p2a: Snorlax|Cosmic Power|p2a: Snorlax|[from]move: Metronome\n|-boost|p2a: Snorlax|def|1\n|-boost|p2a: Snorlax|spd|1\n|\n|upkeep\n|turn|19\n|\n|t:|1697776842\n|move|p1a: Jirachi|Metronome|p1a: Jirachi\n|move|p1a: Jirachi|Ivy Cudgel|p2a: Snorlax|[from]move: Metronome\n|-damage|p2a: Snorlax|72\/100\n|move|p2a: Snorlax|Metronome|p2a: Snorlax\n|move|p2a: Snorlax|Clear Smog|p1a: Jirachi|[from]move: Metronome\n|-immune|p1a: Jirachi\n|\n|upkeep\n|turn|20\n|\n|t:|1697776850\n|move|p1a: Jirachi|Metronome|p1a: Jirachi\n|move|p1a: Jirachi|Hydro Pump|p2a: Snorlax|[from]move: Metronome\n|-damage|p2a: Snorlax|61\/100\n|move|p2a: Snorlax|Metronome|p2a: Snorlax\n|move|p2a: Snorlax|Lick|p1a: Jirachi|[from]move: Metronome\n|-supereffective|p1a: Jirachi\n|-damage|p1a: Jirachi|89\/100\n|\n|upkeep\n|turn|21\n|\n|t:|1697776857\n|move|p1a: Jirachi|Metronome|p1a: Jirachi\n|move|p1a: Jirachi|Pollen Puff|p2a: Snorlax|[from]move: Metronome\n|-damage|p2a: Snorlax|52\/100\n|move|p2a: Snorlax|Metronome|p2a: Snorlax\n|move|p2a: Snorlax|Teleport|p2a: Snorlax|[from]move: Metronome\n|\n|t:|1697776866\n|switch|p2a: Jirachi|Jirachi|94\/100|[from] Teleport\n|\n|upkeep\n|turn|22\n|\n|t:|1697776870\n|move|p1a: Jirachi|Metronome|p1a: Jirachi\n|move|p1a: Jirachi|Heat Crash|p2a: Jirachi|[from]move: Metronome\n|-supereffective|p2a: Jirachi\n|-damage|p2a: Jirachi|79\/100\n|move|p2a: Jirachi|Metronome|p2a: Jirachi\n|move|p2a: Jirachi|Earth Power|p1a: Jirachi|[from]move: Metronome\n|-supereffective|p1a: Jirachi\n|-damage|p1a: Jirachi|54\/100\n|-unboost|p1a: Jirachi|spd|1\n|\n|upkeep\n|turn|23\n|\n|t:|1697776876\n|move|p1a: Jirachi|Metronome|p1a: Jirachi\n|move|p1a: Jirachi|Guard Split|p2a: Jirachi|[from]move: Metronome\n|-activate|p1a: Jirachi|move: Guard Split|[of] p2a: Jirachi\n|move|p2a: Jirachi|Metronome|p2a: Jirachi\n|move|p2a: Jirachi|Acupressure|p2a: Jirachi|[from]move: Metronome\n|-boost|p2a: Jirachi|accuracy|2\n|\n|upkeep\n|turn|24\n|\n|t:|1697776887\n|move|p1a: Jirachi|Metronome|p1a: Jirachi\n|move|p1a: Jirachi|Vine Whip|p2a: Jirachi|[from]move: Metronome\n|-resisted|p2a: Jirachi\n|-damage|p2a: Jirachi|74\/100\n|move|p2a: Jirachi|Metronome|p2a: Jirachi\n|move|p2a: Jirachi|Tickle|p1a: Jirachi|[from]move: Metronome\n|-unboost|p1a: Jirachi|atk|1\n|-unboost|p1a: Jirachi|def|1\n|\n|upkeep\n|turn|25\n|\n|t:|1697776895\n|move|p2a: Jirachi|Metronome|p2a: Jirachi\n|move|p2a: Jirachi|Cross Chop|p1a: Jirachi|[from]move: Metronome\n|-damage|p1a: Jirachi|24\/100\n|move|p1a: Jirachi|Metronome|p1a: Jirachi\n|move|p1a: Jirachi|Toxic Spikes|p2a: Jirachi|[from]move: Metronome\n|-sidestart|p2: anycookiecam|move: Toxic Spikes\n|\n|upkeep\n|turn|26\n|\n|t:|1697776905\n|move|p1a: Jirachi|Metronome|p1a: Jirachi\n|move|p1a: Jirachi|Growl|p2a: Jirachi|[from]move: Metronome\n|-unboost|p2a: Jirachi|atk|1\n|move|p2a: Jirachi|Metronome|p2a: Jirachi\n|move|p2a: Jirachi|Triple Dive|p1a: Jirachi|[from]move: Metronome\n|-damage|p1a: Jirachi|18\/100\n|-damage|p1a: Jirachi|11\/100\n|-damage|p1a: Jirachi|4\/100\n|-hitcount|p1a: Jirachi|3\n|\n|upkeep\n|turn|27\n|\n|t:|1697776914\n|move|p1a: Jirachi|Metronome|p1a: Jirachi\n|move|p1a: Jirachi|Shell Side Arm|p2a: Jirachi|[from]move: Metronome|[anim] Shell Side Arm Special\n|-immune|p2a: Jirachi\n|move|p2a: Jirachi|Metronome|p2a: Jirachi\n|move|p2a: Jirachi|Sandstorm|p2a: Jirachi|[from]move: Metronome\n|-weather|Sandstorm\n|\n|-weather|Sandstorm|[upkeep]\n|upkeep\n|turn|28\n|\n|t:|1697776921\n|move|p1a: Jirachi|Metronome|p1a: Jirachi\n|move|p1a: Jirachi|Toxic Spikes|p2a: Jirachi|[from]move: Metronome\n|-sidestart|p2: anycookiecam|move: Toxic Spikes\n|move|p2a: Jirachi|Metronome|p2a: Jirachi\n|move|p2a: Jirachi|Fire Pledge|p1a: Jirachi|[from]move: Metronome\n|-supereffective|p1a: Jirachi\n|-damage|p1a: Jirachi|0 fnt\n|faint|p1a: Jirachi\n|\n|-weather|Sandstorm|[upkeep]\n|upkeep\n|\n|t:|1697776932\n|switch|p1a: Snorlax|Snorlax, M|100\/100\n|turn|29\n|\n|t:|1697776935\n|move|p2a: Jirachi|Metronome|p2a: Jirachi\n|move|p2a: Jirachi|Infestation|p1a: Snorlax|[from]move: Metronome\n|-damage|p1a: Snorlax|97\/100\n|-activate|p1a: Snorlax|move: Infestation|[of] p2a: Jirachi\n|move|p1a: Snorlax|Metronome|p1a: Snorlax\n|move|p1a: Snorlax|Water Spout|p2a: Jirachi|[from]move: Metronome\n|-damage|p2a: Jirachi|53\/100\n|\n|-weather|Sandstorm|[upkeep]\n|-damage|p1a: Snorlax|91\/100|[from] Sandstorm\n|-damage|p1a: Snorlax|79\/100|[from] move: Infestation|[partiallytrapped]\n|upkeep\n|turn|30\n|\n|t:|1697776943\n|move|p2a: Jirachi|Metronome|p2a: Jirachi\n|move|p2a: Jirachi|Flash Cannon|p1a: Snorlax|[from]move: Metronome\n|-damage|p1a: Snorlax|63\/100\n|move|p1a: Snorlax|Metronome|p1a: Snorlax\n|move|p1a: Snorlax|Growth|p1a: Snorlax|[from]move: Metronome\n|-boost|p1a: Snorlax|atk|1\n|-boost|p1a: Snorlax|spa|1\n|\n|-weather|Sandstorm|[upkeep]\n|-damage|p1a: Snorlax|57\/100|[from] Sandstorm\n|-damage|p1a: Snorlax|45\/100|[from] move: Infestation|[partiallytrapped]\n|upkeep\n|turn|31\n|\n|t:|1697776952\n|move|p2a: Jirachi|Metronome|p2a: Jirachi\n|move|p2a: Jirachi|Cross Poison|p1a: Snorlax|[from]move: Metronome\n|-damage|p1a: Snorlax|34\/100\n|move|p1a: Snorlax|Metronome|p1a: Snorlax\n|move|p1a: Snorlax|Brutal Swing|p2a: Jirachi|[from]move: Metronome\n|-supereffective|p2a: Jirachi\n|-damage|p2a: Jirachi|13\/100\n|\n|-weather|none\n|-damage|p1a: Snorlax|22\/100|[from] move: Infestation|[partiallytrapped]\n|upkeep\n|turn|32\n|\n|t:|1697776961\n|move|p2a: Jirachi|Metronome|p2a: Jirachi\n|move|p2a: Jirachi|Light Screen|p2a: Jirachi|[from]move: Metronome\n|-sidestart|p2: anycookiecam|move: Light Screen\n|move|p1a: Snorlax|Metronome|p1a: Snorlax\n|move|p1a: Snorlax|Lunge|p2a: Jirachi|[from]move: Metronome\n|-damage|p2a: Jirachi|0 fnt\n|faint|p2a: Jirachi\n|\n|-end|p1a: Snorlax|Infestation|[partiallytrapped]|[silent]\n|upkeep\n|\n|t:|1697776968\n|switch|p2a: Snorlax|Snorlax, M|52\/100\n|-status|p2a: Snorlax|tox\n|turn|33\n|\n|t:|1697776970\n|move|p2a: Snorlax|Metronome|p2a: Snorlax\n|move|p2a: Snorlax|Waterfall|p1a: Snorlax|[from]move: Metronome\n|-damage|p1a: Snorlax|5\/100\n|cant|p1a: Snorlax|flinch\n|\n|-damage|p2a: Snorlax|46\/100 tox|[from] psn\n|upkeep\n|turn|34\n|\n|t:|1697776975\n|move|p1a: Snorlax|Metronome|p1a: Snorlax\n|move|p1a: Snorlax|Blaze Kick|p2a: Snorlax|[from]move: Metronome\n|-crit|p2a: Snorlax\n|-damage|p2a: Snorlax|24\/100 tox\n|move|p2a: Snorlax|Metronome|p2a: Snorlax\n|move|p2a: Snorlax|Metal Burst|p1a: Snorlax|[from]move: Metronome\n|-damage|p1a: Snorlax|0 fnt\n|faint|p1a: Snorlax\n|\n|-damage|p2a: Snorlax|12\/100 tox|[from] psn\n|upkeep\n|\n|t:|1697776984\n|switch|p1a: Dragonite|Dragonite, M|100\/100\n|turn|35\n|\n|t:|1697776987\n|move|p1a: Dragonite|Metronome|p1a: Dragonite\n|move|p1a: Dragonite|Surf|p2a: Snorlax|[from]move: Metronome\n|-damage|p2a: Snorlax|6\/100 tox\n|move|p2a: Snorlax|Metronome|p2a: Snorlax\n|move|p2a: Snorlax|Ingrain|p2a: Snorlax|[from]move: Metronome\n|-start|p2a: Snorlax|move: Ingrain\n|\n|-heal|p2a: Snorlax|12\/100 tox|[from] Ingrain\n|-damage|p2a: Snorlax|0 fnt|[from] psn\n|faint|p2a: Snorlax\n|upkeep\n|\n|t:|1697776993\n|switch|p2a: Dragonite|Dragonite, M|100\/100\n|turn|36\n|\n|t:|1697776997\n|move|p2a: Dragonite|Metronome|p2a: Dragonite\n|move|p2a: Dragonite|Fire Fang|p1a: Dragonite|[from]move: Metronome\n|-resisted|p1a: Dragonite\n|-damage|p1a: Dragonite|96\/100\n|move|p1a: Dragonite|Metronome|p1a: Dragonite\n|move|p1a: Dragonite|Peck|p2a: Dragonite|[from]move: Metronome\n|-damage|p2a: Dragonite|93\/100\n|\n|-sideend|p2: anycookiecam|move: Light Screen\n|upkeep\n|turn|37\n|\n|t:|1697777004\n|move|p2a: Dragonite|Metronome|p2a: Dragonite\n|move|p2a: Dragonite|Triple Axel|p1a: Dragonite|[from]move: Metronome\n|-supereffective|p1a: Dragonite\n|-damage|p1a: Dragonite|74\/100\n|-supereffective|p1a: Dragonite\n|-damage|p1a: Dragonite|27\/100\n|-supereffective|p1a: Dragonite\n|-damage|p1a: Dragonite|0 fnt\n|faint|p1a: Dragonite\n|-hitcount|p1: Dragonite|3\n|\n|upkeep\n|\n|t:|1697777011\n|switch|p1a: Tinkaton|Tinkaton, F|100\/100\n|-ability|p1a: Tinkaton|Mold Breaker\n|turn|38\n|\n|t:|1697777018\n|move|p1a: Tinkaton|Metronome|p1a: Tinkaton\n|move|p1a: Tinkaton|Reversal|p2a: Dragonite|[from]move: Metronome\n|-resisted|p2a: Dragonite\n|-damage|p2a: Dragonite|91\/100\n|move|p2a: Dragonite|Metronome|p2a: Dragonite\n|move|p2a: Dragonite|Judgment|p1a: Tinkaton|[from]move: Metronome\n|-resisted|p1a: Tinkaton\n|-damage|p1a: Tinkaton|91\/100\n|\n|upkeep\n|turn|39\n|\n|t:|1697777025\n|move|p1a: Tinkaton|Metronome|p1a: Tinkaton\n|move|p1a: Tinkaton|Slam|p2a: Dragonite|[from]move: Metronome\n|-damage|p2a: Dragonite|78\/100\n|move|p2a: Dragonite|Metronome|p2a: Dragonite\n|move|p2a: Dragonite|Taunt|p1a: Tinkaton|[from]move: Metronome\n|-start|p1a: Tinkaton|move: Taunt\n|\n|upkeep\n|turn|40\n|\n|t:|1697777031\n|-activate|p1a: Tinkaton|move: Struggle\n|move|p1a: Tinkaton|Struggle|p2a: Dragonite\n|-damage|p2a: Dragonite|70\/100\n|-damage|p1a: Tinkaton|66\/100|[from] recoil\n|move|p2a: Dragonite|Metronome|p2a: Dragonite\n|move|p2a: Dragonite|No Retreat|p2a: Dragonite|[from]move: Metronome\n|-boost|p2a: Dragonite|atk|1\n|-boost|p2a: Dragonite|def|1\n|-boost|p2a: Dragonite|spa|1\n|-boost|p2a: Dragonite|spd|1\n|-boost|p2a: Dragonite|spe|1\n|-start|p2a: Dragonite|move: No Retreat\n|\n|upkeep\n|turn|41\n|\n|t:|1697777039\n|move|p2a: Dragonite|Metronome|p2a: Dragonite\n|move|p2a: Dragonite|Work Up|p2a: Dragonite|[from]move: Metronome\n|-boost|p2a: Dragonite|atk|1\n|-boost|p2a: Dragonite|spa|1\n|-activate|p1a: Tinkaton|move: Struggle\n|move|p1a: Tinkaton|Struggle|p2a: Dragonite\n|-damage|p2a: Dragonite|63\/100\n|-damage|p1a: Tinkaton|41\/100|[from] recoil\n|\n|upkeep\n|turn|42\n|\n|t:|1697777045\n|move|p2a: Dragonite|Metronome|p2a: Dragonite\n|move|p2a: Dragonite|Wild Charge|p1a: Tinkaton|[from]move: Metronome\n|-damage|p1a: Tinkaton|0 fnt\n|faint|p1a: Tinkaton\n|-damage|p2a: Dragonite|53\/100|[from] Recoil\n|\n|win|anycookiecam\n|l|\u2606itswitchblades\n","uploadtime":1697777052,"views":7,"p1id":"itswitchblades","p2id":"anycookiecam","formatid":"gen9ubers","rating":0,"private":0,"password":""}