{"id":"gen9ubers-1984152033","p1":"bbones150","p2":"damien4293","format":"[Gen 9] Ubers","log":"|j|\u2606bbones150\n|j|\u2606damien4293\n|t:|1699224117\n|gametype|singles\n|player|p1|bbones150|102|\n|player|p2|damien4293|265|\n|teamsize|p1|6\n|teamsize|p2|6\n|gen|9\n|tier|[Gen 9] Ubers\n|rule|Sleep Clause Mod: Limit one foe put to sleep\n|rule|Species Clause: Limit one of each Pok\u00e9mon\n|rule|OHKO Clause: OHKO moves are banned\n|rule|Evasion Items Clause: Evasion items are banned\n|rule|Evasion Moves Clause: Evasion moves are banned\n|rule|Endless Battle Clause: Forcing endless battles is banned\n|rule|HP Percentage Mod: HP is shown in percentages\n|clearpoke\n|poke|p1|Mandibuzz, F|\n|poke|p1|Gholdengo|\n|poke|p1|Qwilfish, F|\n|poke|p1|Ting-Lu|\n|poke|p1|Enamorus-Therian, F|\n|poke|p1|Hariyama, F|\n|poke|p2|Ogerpon-Hearthflame, F|\n|poke|p2|Rillaboom, F|\n|poke|p2|Muk, M|\n|poke|p2|Kingambit, M|\n|poke|p2|Ninetales, M|\n|poke|p2|Regieleki|\n|teampreview\n|c|\u2606damien4293|gl hf\n|c|\u2606bbones150|muk time\n|c|\u2606bbones150|gl hf\n|j| Jullo27\n|\n|t:|1699224189\n|start\n|switch|p1a: Fast as Fuck|Enamorus-Therian, F|100\/100\n|switch|p2a: Ninetales|Ninetales, M|100\/100\n|-weather|SunnyDay|[from] ability: Drought|[of] p2a: Ninetales\n|turn|1\n|\n|t:|1699224198\n|move|p2a: Ninetales|Flamethrower|p1a: Fast as Fuck\n|-damage|p1a: Fast as Fuck|54\/100\n|move|p1a: Fast as Fuck|Earth Power|p2a: Ninetales\n|-supereffective|p2a: Ninetales\n|-damage|p2a: Ninetales|37\/100\n|-unboost|p2a: Ninetales|spd|1\n|\n|-weather|SunnyDay|[upkeep]\n|upkeep\n|turn|2\n|\n|t:|1699224269\n|move|p2a: Ninetales|Overheat|p1a: Fast as Fuck\n|-damage|p1a: Fast as Fuck|0 fnt\n|-unboost|p2a: Ninetales|spa|2\n|faint|p1a: Fast as Fuck\n|\n|-weather|SunnyDay|[upkeep]\n|upkeep\n|\n|t:|1699224275\n|switch|p1a: Ting-Lu|Ting-Lu|100\/100\n|-ability|p1a: Ting-Lu|Vessel of Ruin\n|turn|3\n|\n|t:|1699224281\n|switch|p2a: Rillaboom|Rillaboom, F|100\/100\n|-fieldstart|move: Grassy Terrain|[from] ability: Grassy Surge|[of] p2a: Rillaboom\n|move|p1a: Ting-Lu|Stealth Rock|p2a: Rillaboom\n|-sidestart|p2: damien4293|move: Stealth Rock\n|\n|-weather|SunnyDay|[upkeep]\n|upkeep\n|turn|4\n|j| OUVT Chi\n|\n|t:|1699224290\n|switch|p1a: Mandibuzz|Mandibuzz, F|100\/100\n|move|p2a: Rillaboom|Knock Off|p1a: Mandibuzz\n|-resisted|p1a: Mandibuzz\n|-damage|p1a: Mandibuzz|88\/100\n|-enditem|p1a: Mandibuzz|Heavy-Duty Boots|[from] move: Knock Off|[of] p2a: Rillaboom\n|-damage|p2a: Rillaboom|91\/100|[from] item: Life Orb\n|\n|-weather|SunnyDay|[upkeep]\n|-heal|p2a: Rillaboom|97\/100|[from] Grassy Terrain\n|upkeep\n|turn|5\n|\n|t:|1699224332\n|move|p2a: Rillaboom|U-turn|p1a: Mandibuzz\n|-damage|p1a: Mandibuzz|70\/100\n|-damage|p2a: Rillaboom|87\/100|[from] item: Life Orb\n|\n|t:|1699224340\n|switch|p2a: Ninetales|Ninetales, M|37\/100|[from] U-turn\n|-damage|p2a: Ninetales|12\/100|[from] Stealth Rock\n|move|p1a: Mandibuzz|U-turn|p2a: Ninetales\n|-resisted|p2a: Ninetales\n|-crit|p2a: Ninetales\n|-damage|p2a: Ninetales|2\/100\n|\n|t:|1699224349\n|switch|p1a: Ting-Lu|Ting-Lu|100\/100|[from] U-turn\n|-ability|p1a: Ting-Lu|Vessel of Ruin\n|\n|-weather|SunnyDay|[upkeep]\n|-heal|p2a: Ninetales|8\/100|[from] Grassy Terrain\n|upkeep\n|turn|6\n|\n|t:|1699224358\n|move|p2a: Ninetales|Solar Beam||[still]\n|-prepare|p2a: Ninetales|Solar Beam\n|-anim|p2a: Ninetales|Solar Beam|p1a: Ting-Lu\n|-supereffective|p1a: Ting-Lu\n|-damage|p1a: Ting-Lu|73\/100\n|move|p1a: Ting-Lu|Whirlwind|p2a: Ninetales\n|drag|p2a: Rillaboom|Rillaboom, F|87\/100\n|-damage|p2a: Rillaboom|74\/100|[from] Stealth Rock\n|\n|-weather|SunnyDay|[upkeep]\n|-heal|p2a: Rillaboom|81\/100|[from] Grassy Terrain\n|-heal|p1a: Ting-Lu|79\/100|[from] Grassy Terrain\n|-heal|p1a: Ting-Lu|85\/100|[from] item: Leftovers\n|upkeep\n|turn|7\n|\n|t:|1699224373\n|switch|p1a: Mandibuzz|Mandibuzz, F|70\/100\n|move|p2a: Rillaboom|U-turn|p1a: Mandibuzz\n|-damage|p1a: Mandibuzz|52\/100\n|-damage|p2a: Rillaboom|71\/100|[from] item: Life Orb\n|\n|t:|1699224412\n|switch|p2a: Regieleki|Regieleki|100\/100|[from] U-turn\n|-damage|p2a: Regieleki|88\/100|[from] Stealth Rock\n|\n|-weather|SunnyDay|[upkeep]\n|-heal|p2a: Regieleki|94\/100|[from] Grassy Terrain\n|-fieldend|move: Grassy Terrain\n|upkeep\n|turn|8\n|\n|t:|1699224421\n|switch|p1a: Ting-Lu|Ting-Lu|85\/100\n|-ability|p1a: Ting-Lu|Vessel of Ruin\n|move|p2a: Regieleki|Reflect|p2a: Regieleki\n|-sidestart|p2: damien4293|Reflect\n|\n|-weather|none\n|-heal|p1a: Ting-Lu|92\/100|[from] item: Leftovers\n|upkeep\n|turn|9\n|\n|t:|1699224432\n|switch|p2a: Ninetales|Ninetales, M|8\/100\n|-damage|p2a: Ninetales|0 fnt|[from] Stealth Rock\n|faint|p2a: Ninetales\n|move|p1a: Ting-Lu|Whirlwind|p2: Ninetales|[notarget]\n|-fail|p1a: Ting-Lu\n|\n|-heal|p1a: Ting-Lu|98\/100|[from] item: Leftovers\n|upkeep\n|\n|t:|1699224441\n|switch|p2a: Muk|Muk, M|100\/100\n|-damage|p2a: Muk|88\/100|[from] Stealth Rock\n|turn|10\n|\n|t:|1699224460\n|switch|p1a: Gholdengo|Gholdengo|100\/100\n|move|p2a: Muk|Taunt|p1a: Gholdengo\n|-immune|p1a: Gholdengo|[from] ability: Good as Gold\n|\n|-heal|p2a: Muk|94\/100|[from] item: Leftovers\n|upkeep\n|turn|11\n|\n|t:|1699224471\n|move|p1a: Gholdengo|Trick|p2a: Muk\n|-activate|p1a: Gholdengo|move: Trick|[of] p2a: Muk\n|-item|p2a: Muk|Choice Specs|[from] move: Trick\n|-item|p1a: Gholdengo|Leftovers|[from] move: Trick\n|move|p2a: Muk|Knock Off|p1a: Gholdengo\n|-supereffective|p1a: Gholdengo\n|-damage|p1a: Gholdengo|51\/100\n|-enditem|p1a: Gholdengo|Leftovers|[from] move: Knock Off|[of] p2a: Muk\n|\n|upkeep\n|turn|12\n|\n|t:|1699224484\n|move|p1a: Gholdengo|Shadow Ball|p2a: Muk\n|-damage|p2a: Muk|55\/100\n|-unboost|p2a: Muk|spd|1\n|move|p2a: Muk|Knock Off|p1a: Gholdengo\n|-supereffective|p1a: Gholdengo\n|-damage|p1a: Gholdengo|16\/100\n|\n|upkeep\n|turn|13\n|\n|t:|1699224543\n|move|p1a: Gholdengo|Shadow Ball|p2a: Muk\n|-damage|p2a: Muk|2\/100\n|move|p2a: Muk|Knock Off|p1a: Gholdengo\n|-supereffective|p1a: Gholdengo\n|-damage|p1a: Gholdengo|0 fnt\n|faint|p1a: Gholdengo\n|\n|upkeep\n|c|\u2606bbones150|oof\n|c|\u2606bbones150|The low roll\n|\n|t:|1699224590\n|switch|p1a: Ogre Hater|Qwilfish, F|100\/100\n|-ability|p1a: Ogre Hater|Intimidate|boost\n|-unboost|p2a: Muk|atk|1\n|turn|14\n|\n|t:|1699224596\n|move|p1a: Ogre Hater|Waterfall|p2a: Muk\n|-damage|p2a: Muk|0 fnt\n|faint|p2a: Muk\n|\n|upkeep\n|\n|t:|1699224605\n|switch|p2a: Regieleki|Regieleki|94\/100\n|-damage|p2a: Regieleki|82\/100|[from] Stealth Rock\n|turn|15\n|\n|t:|1699224609\n|switch|p1a: Ting-Lu|Ting-Lu|98\/100\n|-ability|p1a: Ting-Lu|Vessel of Ruin\n|move|p2a: Regieleki|Rapid Spin|p1a: Ting-Lu\n|-damage|p1a: Ting-Lu|92\/100\n|-boost|p2a: Regieleki|spe|1\n|-sideend|p2: damien4293|Stealth Rock|[from] move: Rapid Spin|[of] p2a: Regieleki\n|\n|-heal|p1a: Ting-Lu|98\/100|[from] item: Leftovers\n|-sideend|p2: damien4293|Reflect\n|upkeep\n|turn|16\n|\n|t:|1699224620\n|move|p2a: Regieleki|Reflect|p2a: Regieleki\n|-sidestart|p2: damien4293|Reflect\n|move|p1a: Ting-Lu|Whirlwind|p2a: Regieleki\n|drag|p2a: Kingambit|Kingambit, M|100\/100\n|-activate|p2a: Kingambit|ability: Supreme Overlord\n|-start|p2a: Kingambit|fallen2|[silent]\n|\n|-heal|p1a: Ting-Lu|100\/100|[from] item: Leftovers\n|upkeep\n|turn|17\n|l| OUVT Chi\n|\n|t:|1699224642\n|move|p2a: Kingambit|Low Kick|p1a: Ting-Lu\n|-supereffective|p1a: Ting-Lu\n|-damage|p1a: Ting-Lu|39\/100\n|move|p1a: Ting-Lu|Whirlwind|p2a: Kingambit\n|-end|p2a: Kingambit|fallen2|[silent]\n|drag|p2a: Regieleki|Regieleki|82\/100\n|\n|-heal|p1a: Ting-Lu|46\/100|[from] item: Leftovers\n|upkeep\n|turn|18\n|\n|t:|1699224659\n|switch|p2a: Rillaboom|Rillaboom, F|71\/100\n|-fieldstart|move: Grassy Terrain|[from] ability: Grassy Surge|[of] p2a: Rillaboom\n|move|p1a: Ting-Lu|Earthquake|p2a: Rillaboom\n|-resisted|p2a: Rillaboom\n|-damage|p2a: Rillaboom|66\/100\n|\n|-heal|p2a: Rillaboom|72\/100|[from] Grassy Terrain\n|-heal|p1a: Ting-Lu|52\/100|[from] Grassy Terrain\n|-heal|p1a: Ting-Lu|58\/100|[from] item: Leftovers\n|upkeep\n|turn|19\n|\n|t:|1699224680\n|switch|p1a: Mandibuzz|Mandibuzz, F|52\/100\n|move|p2a: Rillaboom|U-turn|p1a: Mandibuzz\n|-damage|p1a: Mandibuzz|36\/100\n|-damage|p2a: Rillaboom|62\/100|[from] item: Life Orb\n|\n|t:|1699224686\n|switch|p2a: Ogerpon|Ogerpon-Hearthflame, F|100\/100|[from] U-turn\n|-ability|p2a: Ogerpon|Mold Breaker\n|\n|upkeep\n|turn|20\n|\n|t:|1699224692\n|move|p2a: Ogerpon|Ivy Cudgel|p1a: Mandibuzz\n|-crit|p1a: Mandibuzz\n|-damage|p1a: Mandibuzz|0 fnt\n|faint|p1a: Mandibuzz\n|\n|upkeep\n|\n|t:|1699224695\n|switch|p1a: Ogre Hater|Qwilfish, F|100\/100\n|-ability|p1a: Ogre Hater|Intimidate|boost\n|-unboost|p2a: Ogerpon|atk|1\n|turn|21\n|\n|t:|1699224713\n|switch|p2a: Kingambit|Kingambit, M|100\/100\n|-activate|p2a: Kingambit|ability: Supreme Overlord\n|-start|p2a: Kingambit|fallen2|[silent]\n|move|p1a: Ogre Hater|Thunder Wave|p2a: Kingambit\n|-status|p2a: Kingambit|par\n|\n|upkeep\n|turn|22\n|\n|t:|1699224722\n|switch|p1a: Hariyama|Hariyama, F|100\/100\n|move|p2a: Kingambit|Iron Head|p1a: Hariyama\n|-damage|p1a: Hariyama|35\/100\n|\n|-heal|p1a: Hariyama|41\/100|[from] Grassy Terrain\n|-fieldend|move: Grassy Terrain\n|upkeep\n|turn|23\n|\n|t:|1699224743\n|-end|p2a: Kingambit|fallen2|[silent]\n|switch|p2a: Regieleki|Regieleki|82\/100\n|-terastallize|p1a: Hariyama|Fighting\n|move|p1a: Hariyama|Close Combat|p2a: Regieleki\n|-damage|p2a: Regieleki|37\/100\n|-unboost|p1a: Hariyama|def|1\n|-unboost|p1a: Hariyama|spd|1\n|\n|-sideend|p2: damien4293|Reflect\n|upkeep\n|turn|24\n|\n|t:|1699224755\n|move|p2a: Regieleki|Volt Switch|p1a: Hariyama\n|-damage|p1a: Hariyama|13\/100\n|\n|t:|1699224760\n|switch|p2a: Rillaboom|Rillaboom, F|62\/100|[from] Volt Switch\n|-fieldstart|move: Grassy Terrain|[from] ability: Grassy Surge|[of] p2a: Rillaboom\n|move|p1a: Hariyama|Close Combat|p2a: Rillaboom\n|-damage|p2a: Rillaboom|0 fnt\n|-unboost|p1a: Hariyama|def|1\n|-unboost|p1a: Hariyama|spd|1\n|faint|p2a: Rillaboom\n|\n|-heal|p1a: Hariyama|19\/100|[from] Grassy Terrain\n|upkeep\n|\n|t:|1699224773\n|switch|p2a: Ogerpon|Ogerpon-Hearthflame, F|100\/100\n|-ability|p2a: Ogerpon|Mold Breaker\n|turn|25\n|\n|t:|1699224779\n|switch|p1a: Ogre Hater|Qwilfish, F|100\/100\n|-ability|p1a: Ogre Hater|Intimidate|boost\n|-unboost|p2a: Ogerpon|atk|1\n|move|p2a: Ogerpon|Ivy Cudgel|p1a: Ogre Hater\n|-resisted|p1a: Ogre Hater\n|-damage|p1a: Ogre Hater|83\/100\n|\n|-heal|p1a: Ogre Hater|89\/100|[from] Grassy Terrain\n|-heal|p1a: Ogre Hater|95\/100|[from] item: Black Sludge\n|upkeep\n|turn|26\n|\n|t:|1699224792\n|switch|p2a: Kingambit|Kingambit, M|100\/100 par\n|-activate|p2a: Kingambit|ability: Supreme Overlord\n|-start|p2a: Kingambit|fallen3|[silent]\n|move|p1a: Ogre Hater|Thunder Wave|p2a: Kingambit\n|-fail|p2a: Kingambit|par\n|\n|-heal|p1a: Ogre Hater|100\/100|[from] Grassy Terrain\n|upkeep\n|turn|27\n|\n|t:|1699224803\n|move|p1a: Ogre Hater|Waterfall|p2a: Kingambit\n|-damage|p2a: Kingambit|80\/100 par\n|cant|p2a: Kingambit|flinch\n|\n|-heal|p2a: Kingambit|86\/100 par|[from] Grassy Terrain\n|-heal|p2a: Kingambit|92\/100 par|[from] item: Leftovers\n|upkeep\n|turn|28\n|\n|t:|1699224810\n|move|p2a: Kingambit|Sucker Punch|p1a: Ogre Hater\n|-damage|p1a: Ogre Hater|53\/100\n|move|p1a: Ogre Hater|Waterfall|p2a: Kingambit\n|-damage|p2a: Kingambit|73\/100 par\n|\n|-heal|p1a: Ogre Hater|59\/100|[from] Grassy Terrain\n|-heal|p1a: Ogre Hater|65\/100|[from] item: Black Sludge\n|-heal|p2a: Kingambit|79\/100 par|[from] Grassy Terrain\n|-heal|p2a: Kingambit|85\/100 par|[from] item: Leftovers\n|-fieldend|move: Grassy Terrain\n|upkeep\n|turn|29\n|\n|t:|1699224825\n|move|p1a: Ogre Hater|Protect|p1a: Ogre Hater\n|-singleturn|p1a: Ogre Hater|Protect\n|move|p2a: Kingambit|Swords Dance|p2a: Kingambit\n|-boost|p2a: Kingambit|atk|2\n|\n|-heal|p1a: Ogre Hater|71\/100|[from] item: Black Sludge\n|-heal|p2a: Kingambit|91\/100 par|[from] item: Leftovers\n|upkeep\n|turn|30\n|\n|t:|1699224841\n|move|p1a: Ogre Hater|Protect||[still]\n|-fail|p1a: Ogre Hater\n|cant|p2a: Kingambit|par\n|\n|-heal|p1a: Ogre Hater|77\/100|[from] item: Black Sludge\n|-heal|p2a: Kingambit|98\/100 par|[from] item: Leftovers\n|upkeep\n|turn|31\n|\n|t:|1699224851\n|switch|p1a: Hariyama|Hariyama, F, tera:Fighting|19\/100\n|cant|p2a: Kingambit|par\n|\n|-heal|p2a: Kingambit|100\/100 par|[from] item: Leftovers\n|upkeep\n|turn|32\n|c| Jullo27|never punish\n|\n|t:|1699224863\n|move|p2a: Kingambit|Sucker Punch|p1a: Hariyama\n|-resisted|p1a: Hariyama\n|-damage|p1a: Hariyama|0 fnt\n|faint|p1a: Hariyama\n|\n|upkeep\n|\n|t:|1699224870\n|switch|p1a: Ogre Hater|Qwilfish, F|77\/100\n|-ability|p1a: Ogre Hater|Intimidate|boost\n|-unboost|p2a: Kingambit|atk|1\n|turn|33\n|\n|t:|1699224874\n|move|p1a: Ogre Hater|Waterfall|p2a: Kingambit\n|-damage|p2a: Kingambit|81\/100 par\n|move|p2a: Kingambit|Swords Dance|p2a: Kingambit\n|-boost|p2a: Kingambit|atk|2\n|\n|-heal|p1a: Ogre Hater|83\/100|[from] item: Black Sludge\n|-heal|p2a: Kingambit|87\/100 par|[from] item: Leftovers\n|upkeep\n|turn|34\n|\n|t:|1699224887\n|move|p1a: Ogre Hater|Waterfall|p2a: Kingambit\n|-damage|p2a: Kingambit|69\/100 par\n|move|p2a: Kingambit|Swords Dance|p2a: Kingambit\n|-boost|p2a: Kingambit|atk|2\n|\n|-heal|p1a: Ogre Hater|89\/100|[from] item: Black Sludge\n|-heal|p2a: Kingambit|75\/100 par|[from] item: Leftovers\n|upkeep\n|turn|35\n|\n|t:|1699224896\n|move|p1a: Ogre Hater|Destiny Bond|p1a: Ogre Hater\n|-singlemove|p1a: Ogre Hater|Destiny Bond\n|move|p2a: Kingambit|Iron Head|p1a: Ogre Hater\n|-resisted|p1a: Ogre Hater\n|-damage|p1a: Ogre Hater|8\/100\n|\n|-heal|p1a: Ogre Hater|14\/100|[from] item: Black Sludge\n|-heal|p2a: Kingambit|81\/100 par|[from] item: Leftovers\n|upkeep\n|turn|36\n|\n|t:|1699224908\n|move|p1a: Ogre Hater|Waterfall|p2a: Kingambit\n|-damage|p2a: Kingambit|61\/100 par\n|cant|p2a: Kingambit|flinch\n|\n|-heal|p1a: Ogre Hater|20\/100|[from] item: Black Sludge\n|-heal|p2a: Kingambit|67\/100 par|[from] item: Leftovers\n|upkeep\n|turn|37\n|\n|t:|1699224923\n|move|p1a: Ogre Hater|Waterfall|p2a: Kingambit\n|-damage|p2a: Kingambit|47\/100 par\n|cant|p2a: Kingambit|flinch\n|\n|-heal|p1a: Ogre Hater|26\/100|[from] item: Black Sludge\n|-heal|p2a: Kingambit|53\/100 par|[from] item: Leftovers\n|upkeep\n|turn|38\n|\n|t:|1699224932\n|move|p2a: Kingambit|Sucker Punch||[still]\n|-fail|p2a: Kingambit\n|move|p1a: Ogre Hater|Destiny Bond|p1a: Ogre Hater\n|-singlemove|p1a: Ogre Hater|Destiny Bond\n|\n|-heal|p1a: Ogre Hater|32\/100|[from] item: Black Sludge\n|-heal|p2a: Kingambit|59\/100 par|[from] item: Leftovers\n|upkeep\n|turn|39\n|\n|t:|1699224941\n|move|p1a: Ogre Hater|Waterfall|p2a: Kingambit\n|-damage|p2a: Kingambit|42\/100 par\n|cant|p2a: Kingambit|flinch\n|\n|-heal|p1a: Ogre Hater|38\/100|[from] item: Black Sludge\n|-heal|p2a: Kingambit|48\/100 par|[from] item: Leftovers\n|upkeep\n|turn|40\n|\n|t:|1699224951\n|move|p2a: Kingambit|Sucker Punch|p1a: Ogre Hater\n|-damage|p1a: Ogre Hater|0 fnt\n|faint|p1a: Ogre Hater\n|\n|-heal|p2a: Kingambit|54\/100 par|[from] item: Leftovers\n|upkeep\n|c| Jullo27|What is this\n|\n|t:|1699224953\n|switch|p1a: Ting-Lu|Ting-Lu|58\/100\n|-ability|p1a: Ting-Lu|Vessel of Ruin\n|turn|41\n|c| Jullo27|how so many flinches\n|c|\u2606bbones150|qwil fish mind games\n|\n|t:|1699224967\n|move|p1a: Ting-Lu|Earthquake|p2a: Kingambit\n|-supereffective|p2a: Kingambit\n|-damage|p2a: Kingambit|0 fnt\n|faint|p2a: Kingambit\n|-end|p2a: Kingambit|fallen3|[silent]\n|\n|-heal|p1a: Ting-Lu|64\/100|[from] item: Leftovers\n|upkeep\n|\n|t:|1699224976\n|switch|p2a: Regieleki|Regieleki|37\/100\n|turn|42\n|\n|t:|1699224980\n|move|p2a: Regieleki|Reflect|p2a: Regieleki\n|-sidestart|p2: damien4293|Reflect\n|move|p1a: Ting-Lu|Earthquake|p2a: Regieleki\n|-supereffective|p2a: Regieleki\n|-damage|p2a: Regieleki|0 fnt\n|faint|p2a: Regieleki\n|\n|-heal|p1a: Ting-Lu|71\/100|[from] item: Leftovers\n|upkeep\n|\n|t:|1699224987\n|switch|p2a: Ogerpon|Ogerpon-Hearthflame, F|100\/100\n|-ability|p2a: Ogerpon|Mold Breaker\n|turn|43\n|\n|t:|1699224993\n|move|p2a: Ogerpon|Horn Leech|p1a: Ting-Lu\n|-supereffective|p1a: Ting-Lu\n|-damage|p1a: Ting-Lu|20\/100\n|move|p1a: Ting-Lu|Earthquake|p2a: Ogerpon\n|-damage|p2a: Ogerpon|78\/100\n|\n|-heal|p1a: Ting-Lu|26\/100|[from] item: Leftovers\n|upkeep\n|turn|44\n|c|\u2606bbones150|gg\n|\n|t:|1699225000\n|move|p2a: Ogerpon|Horn Leech|p1a: Ting-Lu\n|-supereffective|p1a: Ting-Lu\n|-damage|p1a: Ting-Lu|0 fnt\n|-heal|p2a: Ogerpon|99\/100|[from] drain|[of] p1a: Ting-Lu\n|faint|p1a: Ting-Lu\n|\n|win|damien4293\n|c|\u2606damien4293|gg\n","uploadtime":1699225008,"views":22,"p1id":"bbones150","p2id":"damien4293","formatid":"gen9ubers","rating":0,"private":0,"password":""}