{"id":"gen9ubers-1988003962","p1":"Tarafagat","p2":"Supraxd","format":"[Gen 9] Ubers","log":"|j|\u2606Tarafagat\n|j|\u2606Supraxd\n|t:|1699658085\n|gametype|singles\n|player|p1|Tarafagat|170|1006\n|player|p2|Supraxd|steven|1096\n|teamsize|p1|6\n|teamsize|p2|6\n|gen|9\n|tier|[Gen 9] Ubers\n|rated|\n|rule|Sleep Clause Mod: Limit one foe put to sleep\n|rule|Species Clause: Limit one of each Pok\u00e9mon\n|rule|OHKO Clause: OHKO moves are banned\n|rule|Evasion Items Clause: Evasion items are banned\n|rule|Evasion Moves Clause: Evasion moves are banned\n|rule|Endless Battle Clause: Forcing endless battles is banned\n|rule|HP Percentage Mod: HP is shown in percentages\n|clearpoke\n|poke|p1|Zacian-*|\n|poke|p1|Kyogre|\n|poke|p1|Iron Hands|\n|poke|p1|Arceus|\n|poke|p1|Chi-Yu|\n|poke|p1|Hoopa|\n|poke|p2|Scyther, M|\n|poke|p2|Lokix, M|\n|poke|p2|Ribombee, M|\n|poke|p2|Kleavor, M|\n|poke|p2|Volcarona, F|\n|poke|p2|Slither Wing|\n|teampreview\n|\n|t:|1699658091\n|start\n|switch|p1a: Chi-Yu|Chi-Yu|100\/100\n|switch|p2a: Ribombee|Ribombee, M|100\/100\n|-ability|p1a: Chi-Yu|Beads of Ruin\n|turn|1\n|\n|t:|1699658098\n|move|p2a: Ribombee|Stun Spore|p1a: Chi-Yu\n|-status|p1a: Chi-Yu|par\n|move|p1a: Chi-Yu|Lava Plume|p2a: Ribombee\n|-supereffective|p2a: Ribombee\n|-enditem|p2a: Ribombee|Focus Sash\n|-damage|p2a: Ribombee|1\/100\n|\n|upkeep\n|turn|2\n|\n|t:|1699658105\n|move|p2a: Ribombee|Sticky Web|p1a: Chi-Yu\n|-sidestart|p1: Tarafagat|move: Sticky Web\n|move|p1a: Chi-Yu|Fire Blast|p2a: Ribombee\n|-supereffective|p2a: Ribombee\n|-damage|p2a: Ribombee|0 fnt\n|faint|p2a: Ribombee\n|\n|upkeep\n|\n|t:|1699658109\n|switch|p2a: Scyther|Scyther, M|100\/100\n|turn|3\n|\n|t:|1699658113\n|move|p2a: Scyther|Close Combat|p1a: Chi-Yu\n|-supereffective|p1a: Chi-Yu\n|-damage|p1a: Chi-Yu|3\/100 par\n|-unboost|p2a: Scyther|def|1\n|-unboost|p2a: Scyther|spd|1\n|move|p1a: Chi-Yu|Fire Blast|p2a: Scyther\n|-supereffective|p2a: Scyther\n|-damage|p2a: Scyther|0 fnt\n|faint|p2a: Scyther\n|\n|upkeep\n|\n|t:|1699658124\n|switch|p2a: Kleavor|Kleavor, M|100\/100\n|turn|4\n|\n|t:|1699658130\n|move|p2a: Kleavor|Trailblaze|p1a: Chi-Yu\n|-resisted|p1a: Chi-Yu\n|-damage|p1a: Chi-Yu|0 fnt\n|-boost|p2a: Kleavor|spe|1\n|faint|p1a: Chi-Yu\n|\n|upkeep\n|\n|t:|1699658135\n|switch|p1a: Arceus|Arceus|100\/100\n|-activate|p1a: Arceus|move: Sticky Web\n|-unboost|p1a: Arceus|spe|1\n|turn|5\n|\n|t:|1699658141\n|move|p2a: Kleavor|Close Combat|p1a: Arceus\n|-supereffective|p1a: Arceus\n|-damage|p1a: Arceus|41\/100\n|-unboost|p2a: Kleavor|def|1\n|-unboost|p2a: Kleavor|spd|1\n|move|p1a: Arceus|Swords Dance|p1a: Arceus\n|-boost|p1a: Arceus|atk|2\n|\n|upkeep\n|turn|6\n|\n|t:|1699658147\n|move|p1a: Arceus|Extreme Speed|p2a: Kleavor\n|-resisted|p2a: Kleavor\n|-damage|p2a: Kleavor|30\/100\n|move|p2a: Kleavor|Close Combat|p1a: Arceus\n|-supereffective|p1a: Arceus\n|-damage|p1a: Arceus|0 fnt\n|-unboost|p2a: Kleavor|def|1\n|-unboost|p2a: Kleavor|spd|1\n|faint|p1a: Arceus\n|\n|upkeep\n|\n|t:|1699658150\n|switch|p1a: Zacian|Zacian-Crowned|100\/100\n|-activate|p1a: Zacian|move: Sticky Web\n|-unboost|p1a: Zacian|spe|1\n|-ability|p1a: Zacian|Intrepid Sword|boost\n|-boost|p1a: Zacian|atk|1\n|turn|7\n|\n|t:|1699658158\n|-terastallize|p1a: Zacian|Fairy\n|move|p1a: Zacian|Quick Attack|p2a: Kleavor\n|-resisted|p2a: Kleavor\n|-damage|p2a: Kleavor|4\/100\n|move|p2a: Kleavor|Swords Dance|p2a: Kleavor\n|-boost|p2a: Kleavor|atk|2\n|\n|upkeep\n|turn|8\n|\n|t:|1699658164\n|move|p1a: Zacian|Quick Attack|p2a: Kleavor\n|-resisted|p2a: Kleavor\n|-damage|p2a: Kleavor|0 fnt\n|faint|p2a: Kleavor\n|\n|upkeep\n|\n|t:|1699658169\n|switch|p2a: Volcarona|Volcarona, F|100\/100\n|turn|9\n|\n|t:|1699658181\n|move|p2a: Volcarona|Quiver Dance|p2a: Volcarona\n|-boost|p2a: Volcarona|spa|1\n|-boost|p2a: Volcarona|spd|1\n|-boost|p2a: Volcarona|spe|1\n|move|p1a: Zacian|Sacred Sword|p2a: Volcarona\n|-resisted|p2a: Volcarona\n|-damage|p2a: Volcarona|65\/100\n|\n|upkeep\n|turn|10\n|inactive|Battle timer is ON: inactive players will automatically lose when time's up. (requested by Tarafagat)\n|\n|t:|1699658188\n|move|p2a: Volcarona|Fiery Dance|p1a: Zacian\n|-crit|p1a: Zacian\n|-damage|p1a: Zacian|23\/100\n|-boost|p2a: Volcarona|spa|1\n|move|p1a: Zacian|Sacred Sword|p2a: Volcarona\n|-resisted|p2a: Volcarona\n|-damage|p2a: Volcarona|27\/100\n|-status|p1a: Zacian|brn|[from] ability: Flame Body|[of] p2a: Volcarona\n|\n|-damage|p1a: Zacian|17\/100 brn|[from] brn\n|upkeep\n|turn|11\n|\n|t:|1699658197\n|move|p1a: Zacian|Quick Attack|p2a: Volcarona\n|-damage|p2a: Volcarona|9\/100\n|move|p2a: Volcarona|Giga Drain|p1a: Zacian\n|-damage|p1a: Zacian|0 fnt\n|-heal|p2a: Volcarona|18\/100|[from] drain|[of] p1a: Zacian\n|faint|p1a: Zacian\n|\n|upkeep\n|\n|t:|1699658203\n|switch|p1a: Kyogre|Kyogre|100\/100\n|-activate|p1a: Kyogre|move: Sticky Web\n|-unboost|p1a: Kyogre|spe|1\n|-weather|RainDance|[from] ability: Drizzle|[of] p1a: Kyogre\n|turn|12\n|\n|t:|1699658213\n|move|p2a: Volcarona|Giga Drain|p1a: Kyogre\n|-supereffective|p1a: Kyogre\n|-damage|p1a: Kyogre|36\/100\n|-heal|p2a: Volcarona|57\/100|[from] drain|[of] p1a: Kyogre\n|move|p1a: Kyogre|Water Spout|p2a: Volcarona\n|-supereffective|p2a: Volcarona\n|-damage|p2a: Volcarona|0 fnt\n|faint|p2a: Volcarona\n|\n|-weather|RainDance|[upkeep]\n|-heal|p1a: Kyogre|43\/100|[from] item: Leftovers\n|upkeep\n|\n|t:|1699658221\n|switch|p2a: Lokix|Lokix, M|100\/100\n|turn|13\n|\n|t:|1699658228\n|move|p2a: Lokix|First Impression|p1a: Kyogre\n|-crit|p1a: Kyogre\n|-damage|p1a: Kyogre|0 fnt\n|faint|p1a: Kyogre\n|\n|-weather|RainDance|[upkeep]\n|upkeep\n|\n|t:|1699658232\n|switch|p1a: Iron Hands|Iron Hands|100\/100\n|-activate|p1a: Iron Hands|move: Sticky Web\n|-unboost|p1a: Iron Hands|spe|1\n|turn|14\n|\n|t:|1699658239\n|move|p1a: Iron Hands|Fake Out|p2a: Lokix\n|-crit|p2a: Lokix\n|-damage|p2a: Lokix|69\/100\n|cant|p2a: Lokix|flinch\n|\n|-weather|RainDance|[upkeep]\n|upkeep\n|turn|15\n|\n|t:|1699658248\n|move|p2a: Lokix|U-turn|p1a: Iron Hands\n|-resisted|p1a: Iron Hands\n|-damage|p1a: Iron Hands|79\/100\n|\n|t:|1699658251\n|switch|p2a: Slither Wing|Slither Wing|100\/100|[from] U-turn\n|-enditem|p2a: Slither Wing|Booster Energy\n|-activate|p2a: Slither Wing|ability: Protosynthesis|[fromitem]\n|-start|p2a: Slither Wing|protosynthesisatk\n|move|p1a: Iron Hands|Drain Punch|p2a: Slither Wing\n|-resisted|p2a: Slither Wing\n|-damage|p2a: Slither Wing|75\/100\n|-heal|p1a: Iron Hands|87\/100|[from] drain|[of] p2a: Slither Wing\n|\n|-weather|RainDance|[upkeep]\n|upkeep\n|turn|16\n|inactive|Supraxd has 120 seconds left.\n|\n|t:|1699658302\n|move|p2a: Slither Wing|Leech Life|p1a: Iron Hands\n|-resisted|p1a: Iron Hands\n|-damage|p1a: Iron Hands|70\/100\n|-heal|p2a: Slither Wing|88\/100|[from] drain|[of] p1a: Iron Hands\n|move|p1a: Iron Hands|Earthquake|p2a: Slither Wing\n|-resisted|p2a: Slither Wing\n|-damage|p2a: Slither Wing|63\/100\n|\n|-weather|none\n|upkeep\n|turn|17\n|\n|t:|1699658323\n|move|p2a: Slither Wing|Flame Charge|p1a: Iron Hands\n|-damage|p1a: Iron Hands|56\/100\n|-boost|p2a: Slither Wing|spe|1\n|move|p1a: Iron Hands|Drain Punch|p2a: Slither Wing\n|-resisted|p2a: Slither Wing\n|-damage|p2a: Slither Wing|32\/100\n|-heal|p1a: Iron Hands|66\/100|[from] drain|[of] p2a: Slither Wing\n|\n|upkeep\n|turn|18\n|\n|t:|1699658331\n|move|p2a: Slither Wing|Close Combat|p1a: Iron Hands\n|-damage|p1a: Iron Hands|18\/100\n|-unboost|p2a: Slither Wing|def|1\n|-unboost|p2a: Slither Wing|spd|1\n|move|p1a: Iron Hands|Drain Punch|p2a: Slither Wing\n|-resisted|p2a: Slither Wing\n|-damage|p2a: Slither Wing|0 fnt\n|-heal|p1a: Iron Hands|28\/100|[from] drain|[of] p2a: Slither Wing\n|faint|p2a: Slither Wing\n|-end|p2a: Slither Wing|Protosynthesis|[silent]\n|\n|upkeep\n|\n|t:|1699658334\n|switch|p2a: Lokix|Lokix, M|69\/100\n|turn|19\n|inactive|Tarafagat has 120 seconds left.\n|\n|t:|1699658379\n|-terastallize|p2a: Lokix|Bug\n|move|p2a: Lokix|First Impression|p1a: Iron Hands\n|-resisted|p1a: Iron Hands\n|-damage|p1a: Iron Hands|0 fnt\n|faint|p1a: Iron Hands\n|-end|p1a: Iron Hands|Quark Drive|[silent]\n|\n|upkeep\n|\n|t:|1699658383\n|switch|p1a: Hoopa|Hoopa|100\/100\n|-activate|p1a: Hoopa|move: Sticky Web\n|-unboost|p1a: Hoopa|spe|1\n|turn|20\n|inactive|Supraxd has 120 seconds left.\n|\n|t:|1699658418\n|move|p2a: Lokix|Sucker Punch|p1a: Hoopa\n|-supereffective|p1a: Hoopa\n|-damage|p1a: Hoopa|0 fnt\n|faint|p1a: Hoopa\n|\n|win|Supraxd\n|raw|Tarafagat's rating: 1006 &rarr; <strong>1000<\/strong><br \/>(-6 for losing)\n|raw|Supraxd's rating: 1096 &rarr; <strong>1115<\/strong><br \/>(+19 for winning)\n","uploadtime":1699658424,"views":5,"p1id":"tarafagat","p2id":"supraxd","formatid":"gen9ubers","rating":1000,"private":0,"password":""}