{"id":"gen9ubers-1998579294","p1":"Blacklyte","p2":"Emilchelo","format":"[Gen 9] Ubers","log":"|j|\u2606Blacklyte\n|j|\u203dEmilchelo\n|t:|1700958772\n|gametype|singles\n|player|p1|Blacklyte|102|1000\n|player|p2|Emilchelo|265|1023\n|teamsize|p1|6\n|teamsize|p2|6\n|gen|9\n|tier|[Gen 9] Ubers\n|rated|\n|rule|Sleep Clause Mod: Limit one foe put to sleep\n|rule|Species Clause: Limit one of each Pok\u00e9mon\n|rule|OHKO Clause: OHKO moves are banned\n|rule|Evasion Items Clause: Evasion items are banned\n|rule|Evasion Moves Clause: Evasion moves are banned\n|rule|Endless Battle Clause: Forcing endless battles is banned\n|rule|HP Percentage Mod: HP is shown in percentages\n|clearpoke\n|poke|p1|Ursaluna-Bloodmoon, M|\n|poke|p1|Houndstone, F|\n|poke|p1|Ogerpon, F|\n|poke|p1|Samurott-Hisui, M|\n|poke|p1|Kommo-o, F|\n|poke|p1|Annihilape, M|\n|poke|p2|Regieleki|\n|poke|p2|Chansey, F|\n|poke|p2|Kingambit, F|\n|poke|p2|Arceus|\n|poke|p2|Ogerpon-Hearthflame, F|\n|poke|p2|Koraidon|\n|teampreview\n|\n|t:|1700958782\n|start\n|switch|p1a: Pink Lemonade|Kommo-o, F, shiny|100\/100\n|switch|p2a: Arceus|Arceus|100\/100\n|turn|1\n|\n|t:|1700958796\n|-terastallize|p2a: Arceus|Poison\n|move|p2a: Arceus|Cosmic Power|p2a: Arceus\n|-boost|p2a: Arceus|def|1\n|-boost|p2a: Arceus|spd|1\n|move|p1a: Pink Lemonade|Counter||[still]\n|-fail|p1a: Pink Lemonade\n|\n|upkeep\n|turn|2\n|\n|t:|1700958806\n|move|p2a: Arceus|Cosmic Power|p2a: Arceus\n|-boost|p2a: Arceus|def|1\n|-boost|p2a: Arceus|spd|1\n|move|p1a: Pink Lemonade|Drain Punch|p2a: Arceus\n|-resisted|p2a: Arceus\n|-damage|p2a: Arceus|96\/100\n|\n|upkeep\n|turn|3\n|\n|t:|1700958815\n|move|p2a: Arceus|Cosmic Power|p2a: Arceus\n|-boost|p2a: Arceus|def|1\n|-boost|p2a: Arceus|spd|1\n|move|p1a: Pink Lemonade|Stealth Rock|p2a: Arceus\n|-sidestart|p2: Emilchelo|move: Stealth Rock\n|\n|upkeep\n|turn|4\n|\n|t:|1700958823\n|move|p2a: Arceus|Cosmic Power|p2a: Arceus\n|-boost|p2a: Arceus|def|1\n|-boost|p2a: Arceus|spd|1\n|move|p1a: Pink Lemonade|Clanging Scales|p2a: Arceus\n|-damage|p2a: Arceus|87\/100\n|-unboost|p1a: Pink Lemonade|def|1\n|\n|upkeep\n|turn|5\n|\n|t:|1700958837\n|move|p2a: Arceus|Cosmic Power|p2a: Arceus\n|-boost|p2a: Arceus|def|1\n|-boost|p2a: Arceus|spd|1\n|move|p1a: Pink Lemonade|Drain Punch|p2a: Arceus\n|-resisted|p2a: Arceus\n|-damage|p2a: Arceus|84\/100\n|\n|upkeep\n|turn|6\n|\n|t:|1700958846\n|move|p2a: Arceus|Cosmic Power|p2a: Arceus\n|-boost|p2a: Arceus|def|1\n|-boost|p2a: Arceus|spd|1\n|move|p1a: Pink Lemonade|Drain Punch|p2a: Arceus\n|-resisted|p2a: Arceus\n|-damage|p2a: Arceus|82\/100\n|\n|upkeep\n|turn|7\n|\n|t:|1700958856\n|move|p2a: Arceus|Stored Power|p1a: Pink Lemonade\n|-supereffective|p1a: Pink Lemonade\n|-damage|p1a: Pink Lemonade|0 fnt\n|faint|p1a: Pink Lemonade\n|\n|upkeep\n|\n|t:|1700958867\n|switch|p1a: Monke|Annihilape, M|100\/100\n|turn|8\n|\n|t:|1700958874\n|move|p2a: Arceus|Stored Power|p1a: Monke\n|-supereffective|p1a: Monke\n|-damage|p1a: Monke|0 fnt\n|faint|p1a: Monke\n|\n|upkeep\n|\n|t:|1700958891\n|switch|p1a: PonPon|Ogerpon, F|100\/100\n|turn|9\n|\n|t:|1700958897\n|-terastallize|p1a: PonPon|Grass\n|detailschange|p1a: PonPon|Ogerpon-Teal-Tera, F, tera:Grass\n|-ability|p1a: PonPon|Embody Aspect (Teal)|boost\n|-boost|p1a: PonPon|spe|1\n|move|p1a: PonPon|Power Whip|p2a: Arceus\n|-resisted|p2a: Arceus\n|-damage|p2a: Arceus|74\/100\n|move|p2a: Arceus|Stored Power|p1a: PonPon\n|-damage|p1a: PonPon|18\/100\n|\n|upkeep\n|turn|10\n|\n|t:|1700958913\n|move|p1a: PonPon|Power Whip|p2a: Arceus\n|-resisted|p2a: Arceus\n|-damage|p2a: Arceus|67\/100\n|move|p2a: Arceus|Stored Power|p1a: PonPon\n|-damage|p1a: PonPon|0 fnt\n|faint|p1a: PonPon\n|\n|upkeep\n|\n|t:|1700958925\n|switch|p1a: Sambamuel|Samurott-Hisui, M, shiny|100\/100\n|turn|11\n|\n|t:|1700958933\n|move|p1a: Sambamuel|Sacred Sword|p2a: Arceus\n|-resisted|p2a: Arceus\n|-damage|p2a: Arceus|57\/100\n|move|p2a: Arceus|Recover|p2a: Arceus\n|-heal|p2a: Arceus|100\/100\n|\n|upkeep\n|turn|12\n|\n|t:|1700958942\n|move|p1a: Sambamuel|Sacred Sword|p2a: Arceus\n|-resisted|p2a: Arceus\n|-damage|p2a: Arceus|92\/100\n|move|p2a: Arceus|Earth Power|p1a: Sambamuel\n|-damage|p1a: Sambamuel|62\/100\n|\n|upkeep\n|turn|13\n|\n|t:|1700958952\n|move|p1a: Sambamuel|Sacred Sword|p2a: Arceus\n|-resisted|p2a: Arceus\n|-damage|p2a: Arceus|83\/100\n|move|p2a: Arceus|Earth Power|p1a: Sambamuel\n|-damage|p1a: Sambamuel|24\/100\n|\n|upkeep\n|turn|14\n|\n|t:|1700958961\n|move|p1a: Sambamuel|Sacred Sword|p2a: Arceus\n|-resisted|p2a: Arceus\n|-damage|p2a: Arceus|74\/100\n|move|p2a: Arceus|Earth Power|p1a: Sambamuel\n|-damage|p1a: Sambamuel|0 fnt\n|faint|p1a: Sambamuel\n|\n|upkeep\n|\n|t:|1700958970\n|switch|p1a: Freddy Fazbear|Ursaluna-Bloodmoon, M|100\/100\n|turn|15\n|\n|t:|1700958977\n|move|p2a: Arceus|Recover|p2a: Arceus\n|-heal|p2a: Arceus|100\/100\n|move|p1a: Freddy Fazbear|Blood Moon|p2a: Arceus\n|-damage|p2a: Arceus|88\/100\n|\n|upkeep\n|turn|16\n|\n|t:|1700958999\n|move|p2a: Arceus|Stored Power|p1a: Freddy Fazbear\n|-damage|p1a: Freddy Fazbear|45\/100\n|move|p1a: Freddy Fazbear|Earth Power|p2a: Arceus\n|-supereffective|p2a: Arceus\n|-crit|p2a: Arceus\n|-damage|p2a: Arceus|0 fnt\n|faint|p2a: Arceus\n|\n|upkeep\n|\n|t:|1700959015\n|switch|p2a: Ogerpon|Ogerpon-Hearthflame, F|100\/100\n|-damage|p2a: Ogerpon|76\/100|[from] Stealth Rock\n|-ability|p2a: Ogerpon|Mold Breaker\n|turn|17\n|\n|t:|1700959026\n|move|p2a: Ogerpon|Ivy Cudgel|p1a: Freddy Fazbear|[anim] Ivy Cudgel Fire\n|-damage|p1a: Freddy Fazbear|2\/100\n|move|p1a: Freddy Fazbear|Blood Moon|p2a: Ogerpon\n|-crit|p2a: Ogerpon\n|-damage|p2a: Ogerpon|0 fnt\n|faint|p2a: Ogerpon\n|\n|upkeep\n|\n|t:|1700959042\n|switch|p2a: Koraidon|Koraidon|100\/100\n|-damage|p2a: Koraidon|94\/100|[from] Stealth Rock\n|-weather|SunnyDay|[from] ability: Orichalcum Pulse|[of] p2a: Koraidon\n|-activate|p2a: Koraidon|Orichalcum Pulse|[source]\n|turn|18\n|\n|t:|1700959050\n|move|p2a: Koraidon|Drain Punch|p1a: Freddy Fazbear\n|-supereffective|p1a: Freddy Fazbear\n|-damage|p1a: Freddy Fazbear|0 fnt\n|-heal|p2a: Koraidon|96\/100|[from] drain|[of] p1a: Freddy Fazbear\n|faint|p1a: Freddy Fazbear\n|-damage|p2a: Koraidon|86\/100|[from] item: Life Orb\n|\n|-weather|SunnyDay|[upkeep]\n|upkeep\n|\n|t:|1700959057\n|switch|p1a: Sparky|Houndstone, F|100\/100\n|turn|19\n|\n|t:|1700959067\n|move|p2a: Koraidon|Flare Blitz|p1a: Sparky\n|-damage|p1a: Sparky|0 fnt\n|faint|p1a: Sparky\n|-damage|p2a: Koraidon|58\/100|[from] Recoil\n|-damage|p2a: Koraidon|48\/100|[from] item: Life Orb\n|\n|win|Emilchelo\n|raw|Blacklyte's rating: 1000 &rarr; <strong>1000<\/strong><br \/>(+0 for losing)\n|raw|Emilchelo's rating: 1023 &rarr; <strong>1057<\/strong><br \/>(+34 for winning)\n|c|\u2606Blacklyte|gg!\n|l|\u2606Blacklyte\n","uploadtime":1700959081,"views":4,"p1id":"blacklyte","p2id":"emilchelo","formatid":"gen9ubers","rating":1000,"private":0,"password":""}