{"id":"gen9ubers-1984621944","p1":"Ciscork","p2":"lolstarlld","format":"[Gen 9] Ubers","log":"|j|\u2606Ciscork\n|j|\u2606lolstarlld\n|t:|1699285403\n|gametype|singles\n|player|p1|Ciscork|266|1107\n|player|p2|lolstarlld|169|1001\n|teamsize|p1|6\n|teamsize|p2|6\n|gen|9\n|tier|[Gen 9] Ubers\n|rated|\n|rule|Sleep Clause Mod: Limit one foe put to sleep\n|rule|Species Clause: Limit one of each Pok\u00e9mon\n|rule|OHKO Clause: OHKO moves are banned\n|rule|Evasion Items Clause: Evasion items are banned\n|rule|Evasion Moves Clause: Evasion moves are banned\n|rule|Endless Battle Clause: Forcing endless battles is banned\n|rule|HP Percentage Mod: HP is shown in percentages\n|clearpoke\n|poke|p1|Politoed, M|\n|poke|p1|Glimmora, M|\n|poke|p1|Sneasler, F|\n|poke|p1|Rillaboom, F|\n|poke|p1|Floatzel, M|\n|poke|p1|Iron Jugulis|\n|poke|p2|Kommo-o, M|\n|poke|p2|Blissey, F|\n|poke|p2|Iron Bundle|\n|poke|p2|Basculegion-F, F|\n|poke|p2|Chandelure, M|\n|poke|p2|Iron Moth|\n|teampreview\n|\n|t:|1699285409\n|start\n|switch|p1a: Glimmora|Glimmora, M|100\/100\n|switch|p2a: Chandelure|Chandelure, M|100\/100\n|turn|1\n|\n|t:|1699285419\n|move|p1a: Glimmora|Spikes|p2a: Chandelure\n|-sidestart|p2: lolstarlld|Spikes\n|move|p2a: Chandelure|Burning Jealousy|p1a: Glimmora\n|-resisted|p1a: Glimmora\n|-damage|p1a: Glimmora|77\/100\n|\n|upkeep\n|turn|2\n|\n|t:|1699285427\n|move|p1a: Glimmora|Power Gem|p2a: Chandelure\n|-supereffective|p2a: Chandelure\n|-crit|p2a: Chandelure\n|-enditem|p2a: Chandelure|Focus Sash\n|-damage|p2a: Chandelure|1\/100\n|move|p2a: Chandelure|Fire Blast|p1a: Glimmora|[miss]\n|-miss|p2a: Chandelure|p1a: Glimmora\n|\n|upkeep\n|turn|3\n|\n|t:|1699285442\n|move|p1a: Glimmora|Mortal Spin|p2a: Chandelure\n|-resisted|p2a: Chandelure\n|-damage|p2a: Chandelure|0 fnt\n|faint|p2a: Chandelure\n|\n|upkeep\n|\n|t:|1699285451\n|switch|p2a: Iron Bundle|Iron Bundle|100\/100\n|-damage|p2a: Iron Bundle|88\/100|[from] Spikes\n|turn|4\n|\n|t:|1699285466\n|move|p2a: Iron Bundle|Ice Punch|p1a: Glimmora\n|-damage|p1a: Glimmora|46\/100\n|-activate|p1a: Glimmora|ability: Toxic Debris\n|-sidestart|p2: lolstarlld|move: Toxic Spikes\n|move|p1a: Glimmora|Mortal Spin|p2a: Iron Bundle\n|-damage|p2a: Iron Bundle|81\/100\n|-status|p2a: Iron Bundle|psn\n|\n|-damage|p2a: Iron Bundle|69\/100 psn|[from] psn\n|upkeep\n|turn|5\n|\n|t:|1699285478\n|move|p2a: Iron Bundle|Ice Punch|p1a: Glimmora\n|-damage|p1a: Glimmora|13\/100\n|-activate|p1a: Glimmora|ability: Toxic Debris\n|-sidestart|p2: lolstarlld|move: Toxic Spikes\n|move|p1a: Glimmora|Earth Power|p2a: Iron Bundle\n|-damage|p2a: Iron Bundle|8\/100 psn\n|-unboost|p2a: Iron Bundle|spd|1\n|\n|-damage|p2a: Iron Bundle|0 fnt|[from] psn\n|faint|p2a: Iron Bundle\n|-end|p2a: Iron Bundle|Quark Drive|[silent]\n|upkeep\n|\n|t:|1699285489\n|switch|p2a: Blissey|Blissey, F, shiny|100\/100\n|-damage|p2a: Blissey|88\/100|[from] Spikes\n|-status|p2a: Blissey|tox\n|turn|6\n|\n|t:|1699285500\n|move|p1a: Glimmora|Spikes|p2a: Blissey\n|-sidestart|p2: lolstarlld|Spikes\n|move|p2a: Blissey|Stomping Tantrum|p1a: Glimmora\n|-supereffective|p1a: Glimmora\n|-damage|p1a: Glimmora|0 fnt\n|faint|p1a: Glimmora\n|\n|-damage|p2a: Blissey|82\/100 tox|[from] psn\n|upkeep\n|\n|t:|1699285510\n|switch|p1a: Rillaboom|Rillaboom, F, shiny|100\/100\n|-fieldstart|move: Grassy Terrain|[from] ability: Grassy Surge|[of] p1a: Rillaboom\n|turn|7\n|\n|t:|1699285519\n|move|p1a: Rillaboom|Knock Off|p2a: Blissey\n|-damage|p2a: Blissey|14\/100 tox\n|-enditem|p2a: Blissey|Eviolite|[from] move: Knock Off|[of] p1a: Rillaboom\n|move|p2a: Blissey|Disarming Voice|p1a: Rillaboom\n|-damage|p1a: Rillaboom|92\/100\n|\n|-heal|p1a: Rillaboom|98\/100|[from] Grassy Terrain\n|-heal|p2a: Blissey|20\/100 tox|[from] Grassy Terrain\n|-damage|p2a: Blissey|8\/100 tox|[from] psn\n|upkeep\n|turn|8\n|\n|t:|1699285532\n|move|p1a: Rillaboom|U-turn|p2a: Blissey\n|-damage|p2a: Blissey|0 fnt\n|faint|p2a: Blissey\n|\n|t:|1699285536\n|switch|p1a: Politoed|Politoed, M, shiny|100\/100|[from] U-turn\n|-weather|RainDance|[from] ability: Drizzle|[of] p1a: Politoed\n|\n|-weather|RainDance|[upkeep]\n|upkeep\n|\n|t:|1699285546\n|switch|p2a: Basculegion|Basculegion-F, F|100\/100\n|-damage|p2a: Basculegion|84\/100|[from] Spikes\n|-status|p2a: Basculegion|tox\n|turn|9\n|\n|t:|1699285552\n|move|p2a: Basculegion|Last Respects|p1a: Politoed\n|-damage|p1a: Politoed|0 fnt\n|faint|p1a: Politoed\n|\n|-weather|RainDance|[upkeep]\n|-heal|p2a: Basculegion|90\/100 tox|[from] Grassy Terrain\n|-damage|p2a: Basculegion|84\/100 tox|[from] psn\n|upkeep\n|\n|t:|1699285562\n|switch|p1a: Floatzel|Floatzel, M, shiny|100\/100\n|turn|10\n|\n|t:|1699285566\n|move|p1a: Floatzel|Crunch|p2a: Basculegion\n|-supereffective|p2a: Basculegion\n|-damage|p2a: Basculegion|0 fnt\n|faint|p2a: Basculegion\n|\n|-weather|RainDance|[upkeep]\n|upkeep\n|\n|t:|1699285576\n|switch|p2a: Iron Moth|Iron Moth|100\/100\n|-damage|p2a: Iron Moth|84\/100|[from] Spikes\n|-sideend|p2: lolstarlld|move: Toxic Spikes|[of] p2a: Iron Moth\n|turn|11\n|\n|t:|1699285584\n|switch|p1a: Rillaboom|Rillaboom, F, shiny|98\/100\n|move|p2a: Iron Moth|Fire Blast|p1a: Rillaboom\n|-supereffective|p1a: Rillaboom\n|-damage|p1a: Rillaboom|32\/100\n|\n|-weather|RainDance|[upkeep]\n|-heal|p2a: Iron Moth|90\/100|[from] Grassy Terrain\n|-heal|p1a: Rillaboom|38\/100|[from] Grassy Terrain\n|-fieldend|move: Grassy Terrain\n|upkeep\n|turn|12\n|\n|t:|1699285598\n|switch|p1a: Iron Jugulis|Iron Jugulis, shiny|100\/100\n|-enditem|p1a: Iron Jugulis|Booster Energy\n|-activate|p1a: Iron Jugulis|ability: Quark Drive|[fromitem]\n|-start|p1a: Iron Jugulis|quarkdrivespe\n|move|p2a: Iron Moth|Flame Charge|p1a: Iron Jugulis\n|-damage|p1a: Iron Jugulis|92\/100\n|-boost|p2a: Iron Moth|spe|1\n|\n|-weather|none\n|upkeep\n|turn|13\n|\n|t:|1699285609\n|move|p1a: Iron Jugulis|Earth Power|p2a: Iron Moth\n|-supereffective|p2a: Iron Moth\n|-damage|p2a: Iron Moth|0 fnt\n|faint|p2a: Iron Moth\n|-end|p2a: Iron Moth|Quark Drive|[silent]\n|\n|upkeep\n|\n|t:|1699285615\n|switch|p2a: Kommo-o|Kommo-o, M|100\/100\n|-damage|p2a: Kommo-o|84\/100|[from] Spikes\n|turn|14\n|\n|t:|1699285620\n|move|p1a: Iron Jugulis|Hurricane|p2a: Kommo-o|[miss]\n|-miss|p1a: Iron Jugulis|p2a: Kommo-o\n|move|p2a: Kommo-o|Dragon Claw|p1a: Iron Jugulis\n|-damage|p1a: Iron Jugulis|57\/100\n|\n|upkeep\n|turn|15\n|\n|t:|1699285627\n|move|p1a: Iron Jugulis|Hurricane|p2a: Kommo-o|[miss]\n|-miss|p1a: Iron Jugulis|p2a: Kommo-o\n|move|p2a: Kommo-o|Belly Drum|p2a: Kommo-o\n|-damage|p2a: Kommo-o|34\/100\n|-setboost|p2a: Kommo-o|atk|6|[from] move: Belly Drum\n|\n|upkeep\n|turn|16\n|\n|t:|1699285634\n|move|p1a: Iron Jugulis|Hurricane|p2a: Kommo-o\n|-supereffective|p2a: Kommo-o\n|-damage|p2a: Kommo-o|0 fnt\n|faint|p2a: Kommo-o\n|\n|win|Ciscork\n|raw|Ciscork's rating: 1107 &rarr; <strong>1125<\/strong><br \/>(+18 for winning)\n|raw|lolstarlld's rating: 1001 &rarr; <strong>1000<\/strong><br \/>(-1 for losing)\n|l|\u2606lolstarlld\n","uploadtime":1699285642,"views":8,"p1id":"ciscork","p2id":"lolstarlld","formatid":"gen9ubers","rating":1000,"private":0,"password":""}