{"id":"gen9ubers-1979018859","p1":"Cobrite","p2":"Luyil","format":"[Gen 9] Ubers","log":"|j|\u2606Cobrite\n|j|\u2606Luyil\n|t:|1698621836\n|gametype|singles\n|player|p1|Cobrite|265|1204\n|player|p2|Luyil|lucas|1191\n|teamsize|p1|6\n|teamsize|p2|6\n|gen|9\n|tier|[Gen 9] Ubers\n|rated|\n|rule|Sleep Clause Mod: Limit one foe put to sleep\n|rule|Species Clause: Limit one of each Pok\u00e9mon\n|rule|OHKO Clause: OHKO moves are banned\n|rule|Evasion Items Clause: Evasion items are banned\n|rule|Evasion Moves Clause: Evasion moves are banned\n|rule|Endless Battle Clause: Forcing endless battles is banned\n|rule|HP Percentage Mod: HP is shown in percentages\n|clearpoke\n|poke|p1|Skeledirge, F|\n|poke|p1|Ting-Lu|\n|poke|p1|Miraidon|\n|poke|p1|Corviknight, F|\n|poke|p1|Flutter Mane|\n|poke|p1|Kyogre|\n|poke|p2|Ninetales-Alola, M|\n|poke|p2|Cloyster, F|\n|poke|p2|Torterra, F|\n|poke|p2|Scizor, M|\n|poke|p2|Urshifu-*, F|\n|poke|p2|Flutter Mane|\n|teampreview\n|inactive|Battle timer is ON: inactive players will automatically lose when time's up. (requested by Luyil)\n|inactive|Cobrite has 120 seconds left.\n|inactive|Luyil has 120 seconds left.\n|\n|t:|1698621881\n|start\n|switch|p1a: Ting-Lu|Ting-Lu|100\/100\n|switch|p2a: Cloyster|Cloyster, F|100\/100\n|-ability|p1a: Ting-Lu|Vessel of Ruin\n|turn|1\n|inactive|Cobrite has 120 seconds left.\n|\n|t:|1698621914\n|switch|p1a: Kyogre|Kyogre|100\/100\n|-weather|RainDance|[from] ability: Drizzle|[of] p1a: Kyogre\n|move|p2a: Cloyster|Shell Smash|p2a: Cloyster\n|-unboost|p2a: Cloyster|def|1\n|-unboost|p2a: Cloyster|spd|1\n|-boost|p2a: Cloyster|atk|2\n|-boost|p2a: Cloyster|spa|2\n|-boost|p2a: Cloyster|spe|2\n|\n|-weather|RainDance|[upkeep]\n|upkeep\n|turn|2\n|\n|t:|1698621923\n|move|p2a: Cloyster|Icicle Spear|p1a: Kyogre\n|-resisted|p1a: Kyogre\n|-damage|p1a: Kyogre|90\/100\n|-resisted|p1a: Kyogre\n|-damage|p1a: Kyogre|79\/100\n|-resisted|p1a: Kyogre\n|-damage|p1a: Kyogre|68\/100\n|-resisted|p1a: Kyogre\n|-damage|p1a: Kyogre|56\/100\n|-resisted|p1a: Kyogre\n|-damage|p1a: Kyogre|44\/100\n|-hitcount|p1a: Kyogre|5\n|move|p1a: Kyogre|Thunder|p2a: Cloyster\n|-supereffective|p2a: Cloyster\n|-enditem|p2a: Cloyster|Focus Sash\n|-damage|p2a: Cloyster|1\/100\n|\n|-weather|RainDance|[upkeep]\n|upkeep\n|turn|3\n|\n|t:|1698621928\n|switch|p1a: Corviknight|Corviknight, F|100\/100\n|-ability|p1a: Corviknight|Pressure\n|move|p2a: Cloyster|Icicle Spear|p1a: Corviknight\n|-damage|p1a: Corviknight|89\/100\n|-damage|p1a: Corviknight|76\/100\n|-damage|p1a: Corviknight|63\/100\n|-damage|p1a: Corviknight|51\/100\n|-crit|p1a: Corviknight\n|-damage|p1a: Corviknight|32\/100\n|-hitcount|p1a: Corviknight|5\n|\n|-weather|RainDance|[upkeep]\n|upkeep\n|turn|4\n|\n|t:|1698621937\n|move|p2a: Cloyster|Icicle Spear|p1a: Corviknight\n|-damage|p1a: Corviknight|18\/100\n|-damage|p1a: Corviknight|6\/100\n|-damage|p1a: Corviknight|0 fnt\n|faint|p1a: Corviknight\n|-hitcount|p1: Corviknight|3\n|\n|-weather|RainDance|[upkeep]\n|upkeep\n|\n|t:|1698621953\n|switch|p1a: Skeledirge|Skeledirge, F|100\/100\n|turn|5\n|\n|t:|1698621960\n|-terastallize|p1a: Skeledirge|Fairy\n|move|p2a: Cloyster|Waterfall|p1a: Skeledirge\n|-damage|p1a: Skeledirge|70\/100\n|move|p1a: Skeledirge|Torch Song|p2a: Cloyster\n|-damage|p2a: Cloyster|0 fnt\n|-boost|p1a: Skeledirge|spa|1\n|faint|p2a: Cloyster\n|\n|-weather|none\n|upkeep\n|\n|t:|1698621964\n|switch|p2a: Scizor|Scizor, M|100\/100\n|turn|6\n|\n|t:|1698621971\n|-terastallize|p2a: Scizor|Steel\n|move|p2a: Scizor|Bullet Punch|p1a: Skeledirge\n|-supereffective|p1a: Skeledirge\n|-damage|p1a: Skeledirge|0 fnt\n|faint|p1a: Skeledirge\n|-damage|p2a: Scizor|91\/100|[from] item: Life Orb\n|\n|upkeep\n|\n|t:|1698621982\n|switch|p1a: Miraidon|Miraidon|100\/100\n|-fieldstart|move: Electric Terrain|[from] ability: Hadron Engine|[of] p1a: Miraidon\n|turn|7\n|\n|t:|1698621987\n|switch|p2a: Ninetales|Ninetales-Alola, M|100\/100\n|-weather|Snow|[from] ability: Snow Warning|[of] p2a: Ninetales\n|move|p1a: Miraidon|Overheat|p2a: Ninetales\n|-supereffective|p2a: Ninetales\n|-damage|p2a: Ninetales|0 fnt\n|-unboost|p1a: Miraidon|spa|2\n|faint|p2a: Ninetales\n|\n|-weather|Snow|[upkeep]\n|upkeep\n|\n|t:|1698621996\n|switch|p2a: Flutter Mane|Flutter Mane|100\/100\n|-enditem|p2a: Flutter Mane|Booster Energy\n|-activate|p2a: Flutter Mane|ability: Protosynthesis|[fromitem]\n|-start|p2a: Flutter Mane|protosynthesisspe\n|turn|8\n|\n|t:|1698622003\n|switch|p1a: Ting-Lu|Ting-Lu|100\/100\n|-ability|p1a: Ting-Lu|Vessel of Ruin\n|move|p2a: Flutter Mane|Calm Mind|p2a: Flutter Mane\n|-boost|p2a: Flutter Mane|spa|1\n|-boost|p2a: Flutter Mane|spd|1\n|\n|-weather|Snow|[upkeep]\n|upkeep\n|turn|9\n|\n|t:|1698622013\n|move|p2a: Flutter Mane|Moonblast|p1a: Ting-Lu\n|-supereffective|p1a: Ting-Lu\n|-damage|p1a: Ting-Lu|38\/100\n|move|p1a: Ting-Lu|Ruination|p2a: Flutter Mane\n|-damage|p2a: Flutter Mane|50\/100\n|\n|-weather|Snow|[upkeep]\n|-heal|p1a: Ting-Lu|44\/100|[from] item: Leftovers\n|upkeep\n|turn|10\n|\n|t:|1698622026\n|move|p2a: Flutter Mane|Moonblast|p1a: Ting-Lu\n|-supereffective|p1a: Ting-Lu\n|-crit|p1a: Ting-Lu\n|-damage|p1a: Ting-Lu|0 fnt\n|faint|p1a: Ting-Lu\n|\n|-weather|Snow|[upkeep]\n|upkeep\n|\n|t:|1698622037\n|switch|p1a: Flutter Mane|Flutter Mane|100\/100\n|-enditem|p1a: Flutter Mane|Booster Energy\n|-activate|p1a: Flutter Mane|ability: Protosynthesis|[fromitem]\n|-start|p1a: Flutter Mane|protosynthesisspe\n|turn|11\n|\n|t:|1698622043\n|-end|p2a: Flutter Mane|Protosynthesis|[silent]\n|switch|p2a: Torterra|Torterra, F|100\/100\n|move|p1a: Flutter Mane|Shadow Ball|p2a: Torterra\n|-damage|p2a: Torterra|52\/100\n|\n|-weather|none\n|-fieldend|move: Electric Terrain\n|upkeep\n|turn|12\n|\n|t:|1698622055\n|move|p1a: Flutter Mane|Moonblast|p2a: Torterra\n|-damage|p2a: Torterra|0 fnt\n|faint|p2a: Torterra\n|\n|upkeep\n|\n|t:|1698622058\n|switch|p2a: Scizor|Scizor, M, tera:Steel|91\/100\n|turn|13\n|\n|t:|1698622063\n|-end|p1a: Flutter Mane|Protosynthesis|[silent]\n|switch|p1a: Miraidon|Miraidon|100\/100\n|-fieldstart|move: Electric Terrain|[from] ability: Hadron Engine|[of] p1a: Miraidon\n|move|p2a: Scizor|Bullet Punch|p1a: Miraidon\n|-resisted|p1a: Miraidon\n|-damage|p1a: Miraidon|71\/100\n|-damage|p2a: Scizor|81\/100|[from] item: Life Orb\n|\n|upkeep\n|turn|14\n|\n|t:|1698622077\n|switch|p2a: Urshifu|Urshifu, F|100\/100\n|move|p1a: Miraidon|Overheat|p2a: Urshifu\n|-enditem|p2a: Urshifu|Focus Sash\n|-damage|p2a: Urshifu|1\/100\n|-unboost|p1a: Miraidon|spa|2\n|\n|upkeep\n|turn|15\n|\n|t:|1698622085\n|move|p2a: Urshifu|Sucker Punch|p1a: Miraidon\n|-damage|p1a: Miraidon|36\/100\n|move|p1a: Miraidon|Overheat|p2a: Urshifu|[miss]\n|-miss|p1a: Miraidon|p2a: Urshifu\n|\n|upkeep\n|turn|16\n|\n|t:|1698622095\n|switch|p1a: Kyogre|Kyogre|44\/100\n|-weather|RainDance|[from] ability: Drizzle|[of] p1a: Kyogre\n|move|p2a: Urshifu|Foul Play|p1a: Kyogre\n|-damage|p1a: Kyogre|14\/100\n|\n|-weather|RainDance|[upkeep]\n|upkeep\n|turn|17\n|\n|t:|1698622106\n|move|p2a: Urshifu|Foul Play|p1a: Kyogre\n|-damage|p1a: Kyogre|0 fnt\n|faint|p1a: Kyogre\n|\n|-weather|RainDance|[upkeep]\n|-fieldend|move: Electric Terrain\n|upkeep\n|\n|t:|1698622115\n|switch|p1a: Flutter Mane|Flutter Mane|100\/100\n|turn|18\n|\n|t:|1698622120\n|move|p2a: Urshifu|Sucker Punch||[still]\n|-fail|p2a: Urshifu\n|move|p1a: Flutter Mane|Calm Mind|p1a: Flutter Mane\n|-boost|p1a: Flutter Mane|spa|1\n|-boost|p1a: Flutter Mane|spd|1\n|\n|-weather|RainDance|[upkeep]\n|upkeep\n|turn|19\n|\n|t:|1698622126\n|move|p2a: Urshifu|Sucker Punch|p1a: Flutter Mane\n|-damage|p1a: Flutter Mane|17\/100\n|move|p1a: Flutter Mane|Shadow Ball|p2a: Urshifu\n|-resisted|p2a: Urshifu\n|-damage|p2a: Urshifu|0 fnt\n|faint|p2a: Urshifu\n|\n|-weather|RainDance|[upkeep]\n|upkeep\n|\n|t:|1698622130\n|switch|p2a: Scizor|Scizor, M, tera:Steel|81\/100\n|turn|20\n|\n|t:|1698622139\n|-end|p1a: Flutter Mane|Protosynthesis|[silent]\n|switch|p1a: Miraidon|Miraidon|36\/100\n|-fieldstart|move: Electric Terrain|[from] ability: Hadron Engine|[of] p1a: Miraidon\n|move|p2a: Scizor|Bullet Punch|p1a: Miraidon\n|-resisted|p1a: Miraidon\n|-damage|p1a: Miraidon|5\/100\n|-damage|p2a: Scizor|71\/100|[from] item: Life Orb\n|\n|-weather|none\n|upkeep\n|turn|21\n|n|!Luyil|luyil\n|\n|t:|1698622148\n|move|p2a: Scizor|Bullet Punch|p1a: Miraidon\n|-resisted|p1a: Miraidon\n|-damage|p1a: Miraidon|0 fnt\n|faint|p1a: Miraidon\n|-damage|p2a: Scizor|61\/100|[from] item: Life Orb\n|\n|upkeep\n|inactive|Cobrite has 120 seconds left.\n|inactive|Cobrite has 90 seconds left.\n|inactive|Cobrite has 60 seconds left.\n|inactive|Cobrite has 30 seconds left.\n|inactive|Cobrite has 20 seconds left.\n|inactive|Cobrite has 15 seconds left.\n|inactive|Cobrite has 10 seconds left.\n|inactive|Cobrite has 5 seconds left.\n|-message|Cobrite lost due to inactivity.\n|\n|win|Luyil\n|raw|Cobrite's rating: 1183 &rarr; <strong>1159<\/strong><br \/>(-24 for losing)\n|raw|Luyil's rating: 1191 &rarr; <strong>1215<\/strong><br \/>(+24 for winning)\n","uploadtime":1698622148,"views":6,"p1id":"cobrite","p2id":"luyil","formatid":"gen9ubers","rating":1159,"private":0,"password":""}