{"id":"gen9ubers-1995163671","p1":"Apple beehole","p2":"InvisibleGrape","format":"[Gen 9] Ubers","log":"|j|\u2606Apple beehole\n|j|\u2606InvisibleGrape\n|t:|1700529697\n|gametype|singles\n|player|p1|Apple beehole|102|1048\n|player|p2|InvisibleGrape|hilbert-masters|1000\n|teamsize|p1|6\n|teamsize|p2|1\n|gen|9\n|tier|[Gen 9] Ubers\n|rated|\n|rule|Sleep Clause Mod: Limit one foe put to sleep\n|rule|Species Clause: Limit one of each Pok\u00e9mon\n|rule|OHKO Clause: OHKO moves are banned\n|rule|Evasion Items Clause: Evasion items are banned\n|rule|Evasion Moves Clause: Evasion moves are banned\n|rule|Endless Battle Clause: Forcing endless battles is banned\n|rule|HP Percentage Mod: HP is shown in percentages\n|clearpoke\n|poke|p1|Samurott-Hisui, F|\n|poke|p1|Tinkaton, F|\n|poke|p1|Iron Hands|\n|poke|p1|Salamence, F|\n|poke|p1|Greninja-*, M|\n|poke|p1|Jirachi|\n|poke|p2|Krookodile, F|\n|teampreview\n|\n|t:|1700529700\n|start\n|switch|p1a: Mad Murray|Samurott-Hisui, F|100\/100\n|switch|p2a: Krookodile|Krookodile, F|100\/100\n|turn|1\n|\n|t:|1700529707\n|-terastallize|p2a: Krookodile|Dragon\n|move|p2a: Krookodile|Hone Claws|p2a: Krookodile\n|-boost|p2a: Krookodile|atk|1\n|-boost|p2a: Krookodile|accuracy|1\n|move|p1a: Mad Murray|Aqua Cutter|p2a: Krookodile\n|-resisted|p2a: Krookodile\n|-damage|p2a: Krookodile|68\/100\n|\n|upkeep\n|turn|2\n|\n|t:|1700529716\n|move|p2a: Krookodile|Scale Shot|p1a: Mad Murray\n|-damage|p1a: Mad Murray|79\/100\n|-damage|p1a: Mad Murray|54\/100\n|-damage|p1a: Mad Murray|30\/100\n|-damage|p1a: Mad Murray|7\/100\n|-damage|p1a: Mad Murray|0 fnt\n|faint|p1a: Mad Murray\n|-ability|p2a: Krookodile|Moxie|boost\n|-boost|p2a: Krookodile|atk|1\n|-hitcount|p1: Mad Murray|5\n|-unboost|p2a: Krookodile|def|1\n|-boost|p2a: Krookodile|spe|1\n|\n|upkeep\n|\n|t:|1700529729\n|switch|p1a: Scary Sally|Salamence, F|100\/100\n|-ability|p1a: Scary Sally|Intimidate|boost\n|-unboost|p2a: Krookodile|atk|1\n|turn|3\n|\n|t:|1700529735\n|-terastallize|p1a: Scary Sally|Flying\n|move|p2a: Krookodile|Scale Shot|p1a: Scary Sally\n|-damage|p1a: Scary Sally|79\/100\n|-damage|p1a: Scary Sally|59\/100\n|-damage|p1a: Scary Sally|40\/100\n|-damage|p1a: Scary Sally|20\/100\n|-damage|p1a: Scary Sally|0 fnt\n|faint|p1a: Scary Sally\n|-ability|p2a: Krookodile|Moxie|boost\n|-boost|p2a: Krookodile|atk|1\n|-hitcount|p1: Scary Sally|5\n|-unboost|p2a: Krookodile|def|1\n|-boost|p2a: Krookodile|spe|1\n|\n|upkeep\n|\n|t:|1700529749\n|switch|p1a: Jirachi|Jirachi|100\/100\n|turn|4\n|\n|t:|1700529753\n|move|p2a: Krookodile|Earthquake|p1a: Jirachi\n|-supereffective|p1a: Jirachi\n|-damage|p1a: Jirachi|0 fnt\n|faint|p1a: Jirachi\n|-ability|p2a: Krookodile|Moxie|boost\n|-boost|p2a: Krookodile|atk|1\n|\n|upkeep\n|\n|t:|1700529759\n|switch|p1a: Golden Hands|Iron Hands|100\/100\n|-enditem|p1a: Golden Hands|Booster Energy\n|-activate|p1a: Golden Hands|ability: Quark Drive|[fromitem]\n|-start|p1a: Golden Hands|quarkdriveatk\n|turn|5\n|\n|t:|1700529766\n|move|p2a: Krookodile|Earthquake|p1a: Golden Hands\n|-supereffective|p1a: Golden Hands\n|-damage|p1a: Golden Hands|0 fnt\n|faint|p1a: Golden Hands\n|-end|p1a: Golden Hands|Quark Drive|[silent]\n|-ability|p2a: Krookodile|Moxie|boost\n|-boost|p2a: Krookodile|atk|1\n|\n|upkeep\n|-message|Apple beehole forfeited.\n|\n|win|InvisibleGrape\n|raw|Apple beehole's rating: 1076 &rarr; <strong>1050<\/strong><br \/>(-26 for losing)\n|raw|InvisibleGrape's rating: 1000 &rarr; <strong>1049<\/strong><br \/>(+49 for winning)\n|l|\u2606Apple beehole\n","uploadtime":1700529776,"views":18,"p1id":"applebeehole","p2id":"invisiblegrape","formatid":"gen9ubers","rating":1049,"private":0,"password":""}