{"id":"gen9ubers-1970173156","p1":"GerrytheHeeHo","p2":"Underhours","format":"[Gen 9] Ubers","log":"|j|\u2606GerrytheHeeHo\n|j|\u2606Underhours\n|t:|1697604881\n|gametype|singles\n|player|p1|GerrytheHeeHo|brock-gen1rb|\n|player|p2|Underhours|brock-gen2|\n|teamsize|p1|6\n|teamsize|p2|6\n|gen|9\n|tier|[Gen 9] Ubers\n|rule|Sleep Clause Mod: Limit one foe put to sleep\n|rule|Species Clause: Limit one of each Pok\u00e9mon\n|rule|OHKO Clause: OHKO moves are banned\n|rule|Evasion Items Clause: Evasion items are banned\n|rule|Evasion Moves Clause: Evasion moves are banned\n|rule|Endless Battle Clause: Forcing endless battles is banned\n|rule|HP Percentage Mod: HP is shown in percentages\n|clearpoke\n|poke|p1|Tyranitar, M|\n|poke|p1|Houndstone, M|\n|poke|p1|Magearna|\n|poke|p1|Shaymin-Sky|\n|poke|p1|Donphan, M|\n|poke|p1|Arceus-Grass|\n|poke|p2|Cyclizar, M|\n|poke|p2|Palkia-Origin|\n|poke|p2|Hatterene, F|\n|poke|p2|Chi-Yu|\n|poke|p2|Zacian-*|\n|poke|p2|Basculegion-F, F|\n|teampreview\n|inactive|Battle timer is ON: inactive players will automatically lose when time's up. (requested by Underhours)\n|c|\u2606Underhours|HAHA\n|c|\u2606Underhours|the avatar\n|c|\u2606GerrytheHeeHo|yoooo\n|c|\u2606Underhours|this guy knows whats up\n|inactive|Underhours has 270 seconds left.\n|c|\u2606GerrytheHeeHo|no this guy knows what's up\n|\n|t:|1697604927\n|start\n|switch|p1a: president grant|Donphan, M|100\/100\n|switch|p2a: Chi-Yu|Chi-Yu|100\/100\n|-ability|p2a: Chi-Yu|Beads of Ruin\n|turn|1\n|\n|t:|1697604934\n|switch|p2a: Palkia|Palkia-Origin|100\/100\n|-ability|p2a: Palkia|Pressure\n|move|p1a: president grant|Earthquake|p2a: Palkia\n|-damage|p2a: Palkia|47\/100\n|\n|upkeep\n|turn|2\n|\n|t:|1697604943\n|move|p2a: Palkia|Hydro Pump|p1a: president grant\n|-supereffective|p1a: president grant\n|-ability|p1a: president grant|Sturdy\n|-damage|p1a: president grant|1\/100\n|move|p1a: president grant|Earthquake|p2a: Palkia\n|-damage|p2a: Palkia|0 fnt\n|faint|p2a: Palkia\n|\n|upkeep\n|\n|t:|1697604951\n|switch|p2a: Chi-Yu|Chi-Yu|100\/100\n|-ability|p2a: Chi-Yu|Beads of Ruin\n|turn|3\n|\n|t:|1697604958\n|move|p2a: Chi-Yu|Dark Pulse|p1a: president grant\n|-damage|p1a: president grant|0 fnt\n|faint|p1a: president grant\n|\n|upkeep\n|\n|t:|1697604960\n|switch|p1a: lucas|Tyranitar, M|100\/100\n|-weather|Sandstorm|[from] ability: Sand Stream|[of] p1a: lucas\n|turn|4\n|\n|t:|1697604969\n|switch|p2a: Zacian|Zacian|100\/100\n|-ability|p2a: Zacian|Intrepid Sword|boost\n|-boost|p2a: Zacian|atk|1\n|move|p1a: lucas|Knock Off|p2a: Zacian\n|-resisted|p2a: Zacian\n|-damage|p2a: Zacian|79\/100\n|-enditem|p2a: Zacian|Heavy-Duty Boots|[from] move: Knock Off|[of] p1a: lucas\n|\n|-weather|Sandstorm|[upkeep]\n|-damage|p2a: Zacian|73\/100|[from] Sandstorm\n|upkeep\n|turn|5\n|\n|t:|1697604987\n|switch|p1a: so what!|Shaymin-Sky|100\/100\n|move|p2a: Zacian|Close Combat|p1a: so what!\n|-resisted|p1a: so what!\n|-damage|p1a: so what!|64\/100\n|-unboost|p2a: Zacian|def|1\n|-unboost|p2a: Zacian|spd|1\n|\n|-weather|Sandstorm|[upkeep]\n|-damage|p1a: so what!|58\/100|[from] Sandstorm\n|-damage|p2a: Zacian|67\/100|[from] Sandstorm\n|upkeep\n|turn|6\n|\n|t:|1697604994\n|move|p1a: so what!|Air Slash|p2a: Zacian\n|-crit|p2a: Zacian\n|-damage|p2a: Zacian|0 fnt\n|faint|p2a: Zacian\n|\n|-weather|Sandstorm|[upkeep]\n|-damage|p1a: so what!|52\/100|[from] Sandstorm\n|upkeep\n|\n|t:|1697605001\n|switch|p2a: Cyclizar|Cyclizar, M|100\/100\n|turn|7\n|\n|t:|1697605016\n|move|p1a: so what!|Air Slash|p2a: Cyclizar\n|-damage|p2a: Cyclizar|45\/100\n|move|p2a: Cyclizar|Knock Off|p1a: so what!\n|-damage|p1a: so what!|26\/100\n|-enditem|p1a: so what!|Choice Scarf|[from] move: Knock Off|[of] p2a: Cyclizar\n|\n|-weather|Sandstorm|[upkeep]\n|-damage|p1a: so what!|20\/100|[from] Sandstorm\n|-damage|p2a: Cyclizar|39\/100|[from] Sandstorm\n|upkeep\n|turn|8\n|\n|t:|1697605025\n|switch|p2a: Hatterene|Hatterene, F|100\/100\n|move|p1a: so what!|Seed Flare|p2a: Hatterene\n|-damage|p2a: Hatterene|36\/100\n|-unboost|p2a: Hatterene|spd|2\n|\n|-weather|none\n|-heal|p2a: Hatterene|42\/100|[from] item: Leftovers\n|upkeep\n|turn|9\n|\n|t:|1697605032\n|move|p1a: so what!|Earth Power|p2a: Hatterene\n|-damage|p2a: Hatterene|0 fnt\n|faint|p2a: Hatterene\n|\n|upkeep\n|\n|t:|1697605041\n|switch|p2a: Cyclizar|Cyclizar, M|72\/100\n|turn|10\n|\n|t:|1697605047\n|move|p1a: so what!|Earth Power|p2a: Cyclizar\n|-damage|p2a: Cyclizar|28\/100\n|move|p2a: Cyclizar|Shed Tail|p2a: Cyclizar\n|-fail|p2a: Cyclizar|move: Shed Tail|[weak]\n|\n|upkeep\n|turn|11\n|c|\u2606Underhours|oh  oopz\n|\n|t:|1697605062\n|move|p1a: so what!|Earth Power|p2a: Cyclizar\n|-damage|p2a: Cyclizar|0 fnt\n|faint|p2a: Cyclizar\n|\n|upkeep\n|\n|t:|1697605064\n|switch|p2a: Chi-Yu|Chi-Yu|100\/100\n|-ability|p2a: Chi-Yu|Beads of Ruin\n|turn|12\n|\n|t:|1697605069\n|-terastallize|p1a: so what!|Ground\n|move|p1a: so what!|Earth Power|p2a: Chi-Yu\n|-supereffective|p2a: Chi-Yu\n|-damage|p2a: Chi-Yu|0 fnt\n|faint|p2a: Chi-Yu\n|\n|upkeep\n|\n|t:|1697605073\n|switch|p2a: Basculegion|Basculegion-F, F|100\/100\n|turn|13\n|\n|t:|1697605077\n|move|p2a: Basculegion|Aqua Jet|p1a: so what!\n|-supereffective|p1a: so what!\n|-damage|p1a: so what!|0 fnt\n|faint|p1a: so what!\n|\n|upkeep\n|\n|t:|1697605081\n|switch|p1a: jebbey|Arceus-Grass|100\/100\n|turn|14\n|\n|t:|1697605098\n|move|p1a: jebbey|Earth Power|p2a: Basculegion\n|-damage|p2a: Basculegion|72\/100\n|move|p2a: Basculegion|Last Respects|p1a: jebbey\n|-damage|p1a: jebbey|0 fnt\n|faint|p1a: jebbey\n|\n|upkeep\n|\n|t:|1697605105\n|switch|p1a: lucas|Tyranitar, M|100\/100\n|-weather|Sandstorm|[from] ability: Sand Stream|[of] p1a: lucas\n|turn|15\n|\n|t:|1697605109\n|-terastallize|p2a: Basculegion|Water\n|move|p2a: Basculegion|Agility|p2a: Basculegion\n|-boost|p2a: Basculegion|spe|2\n|move|p1a: lucas|Knock Off|p2a: Basculegion\n|-damage|p2a: Basculegion|19\/100\n|-enditem|p2a: Basculegion|Heavy-Duty Boots|[from] move: Knock Off|[of] p1a: lucas\n|\n|-weather|Sandstorm|[upkeep]\n|-damage|p2a: Basculegion|13\/100|[from] Sandstorm\n|upkeep\n|turn|16\n|\n|t:|1697605116\n|move|p2a: Basculegion|Last Respects|p1a: lucas\n|-resisted|p1a: lucas\n|-damage|p1a: lucas|48\/100\n|move|p1a: lucas|Low Kick|p2a: Basculegion\n|-damage|p2a: Basculegion|0 fnt\n|faint|p2a: Basculegion\n|\n|win|GerrytheHeeHo\n|c|\u2606GerrytheHeeHo|gg\n|c|\u2606Underhours|gg\n|l|\u2606GerrytheHeeHo\n|c|\u2606Underhours|U up for a rematch?\n","uploadtime":1697605123,"views":46,"p1id":"gerrytheheeho","p2id":"underhours","formatid":"gen9ubers","rating":0,"private":0,"password":""}