{"id":"gen9ubers-1995806785","p1":"Anne Frankkkk","p2":"FlamingWraithSeer","format":"[Gen 9] Ubers","log":"|j|\u2606Anne Frankkkk\n|j|\u2606FlamingWraithSeer\n|t:|1700605017\n|gametype|singles\n|player|p1|Anne Frankkkk|hilbert|1213\n|player|p2|FlamingWraithSeer|fisherman-gen4|1156\n|teamsize|p1|6\n|teamsize|p2|6\n|gen|9\n|tier|[Gen 9] Ubers\n|rated|\n|rule|Sleep Clause Mod: Limit one foe put to sleep\n|rule|Species Clause: Limit one of each Pok\u00e9mon\n|rule|OHKO Clause: OHKO moves are banned\n|rule|Evasion Items Clause: Evasion items are banned\n|rule|Evasion Moves Clause: Evasion moves are banned\n|rule|Endless Battle Clause: Forcing endless battles is banned\n|rule|HP Percentage Mod: HP is shown in percentages\n|clearpoke\n|poke|p1|Regieleki|\n|poke|p1|Kyogre|\n|poke|p1|Chien-Pao|\n|poke|p1|Ribombee, F|\n|poke|p1|Miraidon|\n|poke|p1|Flutter Mane|\n|poke|p2|Gliscor, M|\n|poke|p2|Annihilape, M|\n|poke|p2|Arceus-Ground|\n|poke|p2|Chien-Pao|\n|poke|p2|Landorus, M|\n|poke|p2|Iron Bundle|\n|teampreview\n|c|\u2606FlamingWraithSeer|glhf\n|\n|t:|1700605040\n|start\n|switch|p1a: Moonblast|Ribombee, F, shiny|100\/100\n|switch|p2a: Gliscor|Gliscor, M|100\/100\n|turn|1\n|inactive|Battle timer is ON: inactive players will automatically lose when time's up. (requested by Anne Frankkkk)\n|\n|t:|1700605046\n|move|p1a: Moonblast|Sticky Web|p2a: Gliscor\n|-sidestart|p2: FlamingWraithSeer|move: Sticky Web\n|move|p2a: Gliscor|Swords Dance|p2a: Gliscor\n|-boost|p2a: Gliscor|atk|2\n|\n|-status|p2a: Gliscor|tox|[from] item: Toxic Orb\n|upkeep\n|turn|2\n|\n|t:|1700605057\n|move|p1a: Moonblast|Moonblast|p2a: Gliscor\n|-damage|p2a: Gliscor|48\/100 tox\n|move|p2a: Gliscor|Facade|p1a: Moonblast\n|-enditem|p1a: Moonblast|Focus Sash\n|-damage|p1a: Moonblast|1\/100\n|\n|-heal|p2a: Gliscor|61\/100 tox|[from] ability: Poison Heal\n|upkeep\n|turn|3\n|\n|t:|1700605066\n|move|p1a: Moonblast|Moonblast|p2a: Gliscor\n|-damage|p2a: Gliscor|10\/100 tox\n|-unboost|p2a: Gliscor|spa|1\n|move|p2a: Gliscor|Facade|p1a: Moonblast\n|-damage|p1a: Moonblast|0 fnt\n|faint|p1a: Moonblast\n|\n|-heal|p2a: Gliscor|22\/100 tox|[from] ability: Poison Heal\n|upkeep\n|\n|t:|1700605072\n|switch|p1a: Ice Cat|Chien-Pao|100\/100\n|-ability|p1a: Ice Cat|Sword of Ruin\n|turn|4\n|\n|t:|1700605082\n|switch|p2a: Chien-Pao|Chien-Pao|100\/100\n|-activate|p2a: Chien-Pao|move: Sticky Web\n|-unboost|p2a: Chien-Pao|spe|1\n|-ability|p2a: Chien-Pao|Sword of Ruin\n|move|p1a: Ice Cat|Ice Spinner|p2a: Chien-Pao\n|-resisted|p2a: Chien-Pao\n|-damage|p2a: Chien-Pao|71\/100\n|\n|upkeep\n|turn|5\n|\n|t:|1700605091\n|move|p1a: Ice Cat|Sacred Sword|p2a: Chien-Pao\n|-supereffective|p2a: Chien-Pao\n|-damage|p2a: Chien-Pao|0 fnt\n|faint|p2a: Chien-Pao\n|\n|upkeep\n|inactive|FlamingWraithSeer has 120 seconds left.\n|\n|t:|1700605125\n|switch|p2a: Iron Bundle|Iron Bundle|100\/100\n|-activate|p2a: Iron Bundle|move: Sticky Web\n|-unboost|p2a: Iron Bundle|spe|1\n|-enditem|p2a: Iron Bundle|Booster Energy\n|-activate|p2a: Iron Bundle|ability: Quark Drive|[fromitem]\n|-start|p2a: Iron Bundle|quarkdrivespa\n|turn|6\n|\n|t:|1700605134\n|move|p1a: Ice Cat|Swords Dance|p1a: Ice Cat\n|-boost|p1a: Ice Cat|atk|2\n|move|p2a: Iron Bundle|Hydro Pump|p1a: Ice Cat\n|-enditem|p1a: Ice Cat|Focus Sash\n|-damage|p1a: Ice Cat|1\/100\n|\n|upkeep\n|turn|7\n|\n|t:|1700605143\n|move|p1a: Ice Cat|Sacred Sword|p2a: Iron Bundle\n|-supereffective|p2a: Iron Bundle\n|-damage|p2a: Iron Bundle|0 fnt\n|faint|p2a: Iron Bundle\n|-end|p2a: Iron Bundle|Quark Drive|[silent]\n|\n|upkeep\n|\n|t:|1700605155\n|switch|p2a: Arceus|Arceus-Ground|100\/100\n|-activate|p2a: Arceus|move: Sticky Web\n|-unboost|p2a: Arceus|spe|1\n|turn|8\n|\n|t:|1700605164\n|-terastallize|p1a: Ice Cat|Ghost\n|-terastallize|p2a: Arceus|Fairy\n|move|p1a: Ice Cat|Ice Spinner|p2a: Arceus\n|-damage|p2a: Arceus|41\/100\n|move|p2a: Arceus|Judgment|p1a: Ice Cat\n|-damage|p1a: Ice Cat|0 fnt\n|faint|p1a: Ice Cat\n|\n|upkeep\n|\n|t:|1700605174\n|switch|p1a: Cyber Lizard|Miraidon|100\/100\n|-fieldstart|move: Electric Terrain|[from] ability: Hadron Engine|[of] p1a: Cyber Lizard\n|-item|p1a: Cyber Lizard|Air Balloon\n|turn|9\n|\n|t:|1700605180\n|move|p1a: Cyber Lizard|Electro Drift|p2a: Arceus\n|-damage|p2a: Arceus|0 fnt\n|faint|p2a: Arceus\n|\n|upkeep\n|\n|t:|1700605185\n|switch|p2a: Landorus|Landorus, M|100\/100\n|turn|10\n|\n|t:|1700605190\n|move|p1a: Cyber Lizard|Calm Mind|p1a: Cyber Lizard\n|-boost|p1a: Cyber Lizard|spa|1\n|-boost|p1a: Cyber Lizard|spd|1\n|move|p2a: Landorus|Psychic|p1a: Cyber Lizard\n|-damage|p1a: Cyber Lizard|72\/100\n|-enditem|p1a: Cyber Lizard|Air Balloon\n|\n|upkeep\n|turn|11\n|\n|t:|1700605197\n|move|p1a: Cyber Lizard|Dragon Pulse|p2a: Landorus\n|-damage|p2a: Landorus|0 fnt\n|faint|p2a: Landorus\n|\n|upkeep\n|\n|t:|1700605202\n|switch|p2a: Annihilape|Annihilape, M|100\/100\n|-activate|p2a: Annihilape|move: Sticky Web\n|-unboost|p2a: Annihilape|spe|1\n|-ability|p2a: Annihilape|Defiant|boost\n|-boost|p2a: Annihilape|atk|2\n|turn|12\n|\n|t:|1700605209\n|move|p1a: Cyber Lizard|Electro Drift|p2a: Annihilape\n|-damage|p2a: Annihilape|3\/100\n|move|p2a: Annihilape|Drain Punch|p1a: Cyber Lizard\n|-damage|p1a: Cyber Lizard|15\/100\n|-heal|p2a: Annihilape|26\/100|[from] drain|[of] p1a: Cyber Lizard\n|\n|upkeep\n|turn|13\n|\n|t:|1700605217\n|move|p1a: Cyber Lizard|Electro Drift|p2a: Annihilape\n|-damage|p2a: Annihilape|0 fnt\n|faint|p2a: Annihilape\n|\n|-fieldend|move: Electric Terrain\n|upkeep\n|\n|t:|1700605222\n|switch|p2a: Gliscor|Gliscor, M|22\/100 tox\n|turn|14\n|\n|t:|1700605228\n|move|p1a: Cyber Lizard|Dragon Pulse|p2a: Gliscor\n|-damage|p2a: Gliscor|0 fnt\n|faint|p2a: Gliscor\n|\n|win|Anne Frankkkk\n|raw|Anne Frankkkk's rating: 1213 &rarr; <strong>1234<\/strong><br \/>(+21 for winning)\n|raw|FlamingWraithSeer's rating: 1156 &rarr; <strong>1135<\/strong><br \/>(-21 for losing)\n|c|\u2606FlamingWraithSeer|gg\n|l|\u2606FlamingWraithSeer\n","uploadtime":1700605238,"views":0,"p1id":"annefrankkkk","p2id":"flamingwraithseer","formatid":"gen9ubers","rating":1135,"private":0,"password":""}