{"id":"gen9ubers-1986667970","p1":"Mr. Kessler","p2":"heatranberg","format":"[Gen 9] Ubers","log":"|j|\u2606Mr. Kessler\n|j|\u2606heatranberg\n|t:|1699504894\n|gametype|singles\n|player|p1|Mr. Kessler|gambler|\n|player|p2|heatranberg|skyla-masters|\n|teamsize|p1|6\n|teamsize|p2|6\n|gen|9\n|tier|[Gen 9] Ubers\n|rule|Sleep Clause Mod: Limit one foe put to sleep\n|rule|Species Clause: Limit one of each Pok\u00e9mon\n|rule|OHKO Clause: OHKO moves are banned\n|rule|Evasion Items Clause: Evasion items are banned\n|rule|Evasion Moves Clause: Evasion moves are banned\n|rule|Endless Battle Clause: Forcing endless battles is banned\n|rule|HP Percentage Mod: HP is shown in percentages\n|clearpoke\n|poke|p1|Zoroark-Hisui, F|\n|poke|p1|Corviknight, M|\n|poke|p1|Ogerpon-Wellspring, F|\n|poke|p1|Gliscor, M|\n|poke|p1|Lokix, M|\n|poke|p1|Palafin, M|\n|poke|p2|Palafin, M|\n|poke|p2|Finizen, M|\n|poke|p2|Crawdaunt, M|\n|poke|p2|Breloom, F|\n|poke|p2|Maushold|\n|poke|p2|Iron Valiant|\n|teampreview\n|inactive|Battle timer is ON: inactive players will automatically lose when time's up. (requested by Mr. Kessler)\n|c|\u2606heatranberg|i need to have a chat with N\n|j| MyDeliciousAxe\n|c| MyDeliciousAxe|hi\n|inactive|Mr. Kessler has 270 seconds left.\n|inactive|heatranberg has 270 seconds left.\n|j| Dragon Master Rosa\n|c| MyDeliciousAxe|good luck mitch!!\n|c| Dragon Master Rosa|I Am Palafin\n|c| MyDeliciousAxe|if you win ill give you a kiss\n|inactive|heatranberg has 240 seconds left.\n|c|\u2606Mr. Kessler|should i forfeit just for that\n|\n|t:|1699504961\n|start\n|switch|p1a: Palafin|Palafin, M|100\/100\n|switch|p2a: Featured Shitmon|Finizen, M|100\/100\n|turn|1\n|c| MyDeliciousAxe|how rude\n|c| Dragon Master Rosa|oh shit this just n's team with pala over sneasler\n|\n|t:|1699504986\n|switch|p2a: Shitmon Featured|Palafin, M|100\/100\n|move|p1a: Palafin|Grass Knot|p2a: Shitmon Featured\n|-supereffective|p2a: Shitmon Featured\n|-damage|p2a: Shitmon Featured|37\/100\n|\n|-heal|p2a: Shitmon Featured|44\/100|[from] item: Leftovers\n|upkeep\n|turn|2\n|c| MyDeliciousAxe|why you using this N ass team brah\n|\n|t:|1699504996\n|detailschange|p2a: Shitmon Featured|Palafin-Hero, M\n|switch|p2a: Mausholding my ock|Maushold|100\/100\n|move|p1a: Palafin|Grass Knot|p2a: Mausholding my ock\n|-damage|p2a: Mausholding my ock|89\/100\n|\n|upkeep\n|turn|3\n|c| Dragon Master Rosa|CONTRARIANMONS LOOKIN ASS LET'S GOOO\n|\n|t:|1699505008\n|switch|p2a: \"It's still good!\"|Breloom, F|100\/100\n|move|p1a: Palafin|Focus Blast|p2a: \"It's still good!\"\n|-damage|p2a: \"It's still good!\"|23\/100\n|\n|upkeep\n|turn|4\n|\n|t:|1699505013\n|move|p1a: Palafin|Shadow Ball|p2a: \"It's still good!\"\n|-damage|p2a: \"It's still good!\"|0 fnt\n|faint|p2a: \"It's still good!\"\n|\n|upkeep\n|\n|t:|1699505016\n|switch|p2a: Agent Craw|Crawdaunt, M|100\/100\n|turn|5\n|c| Dragon Master Rosa|oh\n|c| Dragon Master Rosa|cringe\n|\n|t:|1699505022\n|move|p1a: Palafin|Focus Blast|p2a: Agent Craw\n|-supereffective|p2a: Agent Craw\n|-enditem|p2a: Agent Craw|Focus Sash\n|-damage|p2a: Agent Craw|1\/100\n|move|p2a: Agent Craw|Knock Off|p1a: Palafin\n|-supereffective|p1a: Palafin\n|-damage|p1a: Palafin|0 fnt\n|replace|p1a: Zoroark|Zoroark-Hisui, F, shiny\n|-end|p1a: Zoroark|Illusion\n|-enditem|p1a: Zoroark|Heavy-Duty Boots|[from] move: Knock Off|[of] p2a: Agent Craw\n|faint|p1a: Zoroark\n|\n|upkeep\n|\n|t:|1699505032\n|switch|p1a: Palafin|Palafin, M|100\/100\n|turn|6\n|\n|t:|1699505036\n|switch|p2a: Shitmon Featured|Palafin-Hero, M|44\/100\n|-activate|p2a: Shitmon Featured|ability: Zero to Hero\n|move|p1a: Palafin|Jet Punch|p2a: Shitmon Featured\n|-resisted|p2a: Shitmon Featured\n|-damage|p2a: Shitmon Featured|37\/100\n|\n|-heal|p2a: Shitmon Featured|43\/100|[from] item: Leftovers\n|upkeep\n|turn|7\n|\n|t:|1699505044\n|detailschange|p1a: Palafin|Palafin-Hero, M\n|switch|p1a: Ogerpon|Ogerpon-Wellspring, F|100\/100\n|move|p2a: Shitmon Featured|Drain Punch|p1a: Ogerpon\n|-damage|p1a: Ogerpon|63\/100\n|-heal|p2a: Shitmon Featured|57\/100|[from] drain|[of] p1a: Ogerpon\n|\n|-heal|p2a: Shitmon Featured|64\/100|[from] item: Leftovers\n|upkeep\n|turn|8\n|\n|t:|1699505056\n|switch|p2a: Raising cane's|Iron Valiant|100\/100\n|-enditem|p2a: Raising cane's|Booster Energy\n|-activate|p2a: Raising cane's|ability: Quark Drive|[fromitem]\n|-start|p2a: Raising cane's|quarkdrivespe\n|move|p1a: Ogerpon|Horn Leech|p2a: Raising cane's\n|-damage|p2a: Raising cane's|41\/100\n|-heal|p1a: Ogerpon|92\/100|[from] drain|[of] p2a: Raising cane's\n|\n|upkeep\n|turn|9\n|\n|t:|1699505065\n|switch|p1a: Gliscor|Gliscor, M|100\/100\n|move|p2a: Raising cane's|Close Combat|p1a: Gliscor\n|-resisted|p1a: Gliscor\n|-damage|p1a: Gliscor|80\/100\n|-unboost|p2a: Raising cane's|def|1\n|-unboost|p2a: Raising cane's|spd|1\n|\n|-status|p1a: Gliscor|tox|[from] item: Toxic Orb\n|upkeep\n|turn|10\n|\n|t:|1699505070\n|move|p2a: Raising cane's|Moonblast|p1a: Gliscor\n|-damage|p1a: Gliscor|42\/100 tox\n|move|p1a: Gliscor|Stealth Rock|p2a: Raising cane's\n|-sidestart|p2: heatranberg|move: Stealth Rock\n|\n|-heal|p1a: Gliscor|54\/100 tox|[from] ability: Poison Heal\n|upkeep\n|turn|11\n|\n|t:|1699505075\n|move|p1a: Gliscor|Protect|p1a: Gliscor\n|-singleturn|p1a: Gliscor|Protect\n|move|p2a: Raising cane's|Encore|p1a: Gliscor\n|-activate|p1a: Gliscor|move: Protect\n|\n|-heal|p1a: Gliscor|67\/100 tox|[from] ability: Poison Heal\n|upkeep\n|turn|12\n|\n|t:|1699505076\n|move|p2a: Raising cane's|Moonblast|p1a: Gliscor\n|-damage|p1a: Gliscor|29\/100 tox\n|move|p1a: Gliscor|Earthquake|p2a: Raising cane's\n|-damage|p2a: Raising cane's|0 fnt\n|faint|p2a: Raising cane's\n|-end|p2a: Raising cane's|Quark Drive|[silent]\n|\n|-heal|p1a: Gliscor|42\/100 tox|[from] ability: Poison Heal\n|upkeep\n|\n|t:|1699505079\n|switch|p2a: Mausholding my ock|Maushold|89\/100\n|-damage|p2a: Mausholding my ock|77\/100|[from] Stealth Rock\n|turn|13\n|\n|t:|1699505083\n|move|p2a: Mausholding my ock|Population Bomb|p1a: Gliscor\n|-damage|p1a: Gliscor|32\/100 tox\n|-damage|p1a: Gliscor|25\/100 tox\n|-damage|p1a: Gliscor|15\/100 tox\n|-damage|p1a: Gliscor|7\/100 tox\n|-damage|p1a: Gliscor|0 fnt\n|faint|p1a: Gliscor\n|-hitcount|p1: Gliscor|5\n|\n|upkeep\n|\n|t:|1699505094\n|switch|p1a: Corviknight|Corviknight, M|100\/100\n|-ability|p1a: Corviknight|Pressure\n|turn|14\n|\n|t:|1699505098\n|move|p2a: Mausholding my ock|Tidy Up|p2a: Mausholding my ock\n|-sideend|p2: heatranberg|Stealth Rock\n|-activate|p2a: Mausholding my ock|move: Tidy Up\n|-boost|p2a: Mausholding my ock|atk|1\n|-boost|p2a: Mausholding my ock|spe|1\n|move|p1a: Corviknight|Body Press|p2a: Mausholding my ock\n|-supereffective|p2a: Mausholding my ock\n|-damage|p2a: Mausholding my ock|0 fnt\n|faint|p2a: Mausholding my ock\n|\n|upkeep\n|\n|t:|1699505102\n|switch|p2a: Shitmon Featured|Palafin-Hero, M|64\/100\n|turn|15\n|c| MyDeliciousAxe|why didnt bro encore\n|\n|t:|1699505107\n|move|p2a: Shitmon Featured|Bulk Up|p2a: Shitmon Featured\n|-boost|p2a: Shitmon Featured|atk|1\n|-boost|p2a: Shitmon Featured|def|1\n|move|p1a: Corviknight|U-turn|p2a: Shitmon Featured\n|-damage|p2a: Shitmon Featured|56\/100\n|\n|t:|1699505112\n|switch|p1a: Ogerpon|Ogerpon-Wellspring, F|92\/100|[from] U-turn\n|\n|-heal|p2a: Shitmon Featured|62\/100|[from] item: Leftovers\n|upkeep\n|turn|16\n|c|\u2606heatranberg|i needed the chip\n|c|\u2606heatranberg|n's joint doesnt run encore im 100% certain\n|\n|t:|1699505135\n|-terastallize|p2a: Shitmon Featured|Fairy\n|move|p1a: Ogerpon|Encore|p2a: Shitmon Featured\n|-start|p2a: Shitmon Featured|Encore\n|move|p2a: Shitmon Featured|Bulk Up|p2a: Shitmon Featured\n|-boost|p2a: Shitmon Featured|atk|1\n|-boost|p2a: Shitmon Featured|def|1\n|\n|-heal|p2a: Shitmon Featured|68\/100|[from] item: Leftovers\n|upkeep\n|turn|17\n|c|\u2606heatranberg|i was wrong\n|\n|t:|1699505142\n|switch|p2a: Agent Craw|Crawdaunt, M|1\/100\n|move|p1a: Ogerpon|Ivy Cudgel|p2a: Agent Craw\n|-resisted|p2a: Agent Craw\n|-damage|p2a: Agent Craw|0 fnt\n|faint|p2a: Agent Craw\n|\n|upkeep\n|\n|t:|1699505143\n|switch|p2a: Featured Shitmon|Finizen, M|100\/100\n|turn|18\n|\n|t:|1699505150\n|move|p1a: Ogerpon|Horn Leech|p2a: Featured Shitmon\n|-supereffective|p2a: Featured Shitmon\n|-enditem|p2a: Featured Shitmon|Focus Sash\n|-damage|p2a: Featured Shitmon|1\/100\n|-heal|p1a: Ogerpon|100\/100|[from] drain|[of] p2a: Featured Shitmon\n|move|p2a: Featured Shitmon|Counter|p1a: Ogerpon\n|-damage|p1a: Ogerpon|0 fnt\n|faint|p1a: Ogerpon\n|\n|upkeep\n|\n|t:|1699505156\n|switch|p1a: Palafin|Palafin-Hero, M|100\/100\n|-activate|p1a: Palafin|ability: Zero to Hero\n|turn|19\n|\n|t:|1699505159\n|move|p2a: Featured Shitmon|Encore||[still]\n|-fail|p2a: Featured Shitmon\n|move|p1a: Palafin|Bulk Up|p1a: Palafin\n|-boost|p1a: Palafin|atk|1\n|-boost|p1a: Palafin|def|1\n|\n|upkeep\n|turn|20\n|c|\u2606heatranberg|why am i faster\n|\n|t:|1699505168\n|move|p1a: Palafin|Jet Punch|p2a: Featured Shitmon\n|-resisted|p2a: Featured Shitmon\n|-damage|p2a: Featured Shitmon|0 fnt\n|faint|p2a: Featured Shitmon\n|\n|upkeep\n|c| MyDeliciousAxe|LMAO\n|\n|t:|1699505170\n|switch|p2a: Shitmon Featured|Palafin-Hero, M, tera:Fairy|68\/100\n|turn|21\n|\n|t:|1699505177\n|-terastallize|p1a: Palafin|Water\n|move|p1a: Palafin|Jet Punch|p2a: Shitmon Featured\n|-damage|p2a: Shitmon Featured|10\/100\n|move|p2a: Shitmon Featured|Bulk Up|p2a: Shitmon Featured\n|-boost|p2a: Shitmon Featured|atk|1\n|-boost|p2a: Shitmon Featured|def|1\n|\n|-heal|p2a: Shitmon Featured|17\/100|[from] item: Leftovers\n|upkeep\n|turn|22\n|\n|t:|1699505180\n|move|p1a: Palafin|Jet Punch|p2a: Shitmon Featured\n|-damage|p2a: Shitmon Featured|0 fnt\n|faint|p2a: Shitmon Featured\n|\n|win|Mr. Kessler\n|c|\u2606heatranberg|gg\n|c|\u2606Mr. Kessler|gg\n|l|\u2606heatranberg\n|j|\u2606heatranberg\n|player|p2|heatranberg|skyla-masters\n|l|\u2606heatranberg\n|player|p2|\n|l| Dragon Master Rosa\n|j|\u2606heatranberg\n|player|p2|heatranberg|skyla-masters\n","uploadtime":1699505191,"views":20,"p1id":"mrkessler","p2id":"heatranberg","formatid":"gen9ubers","rating":0,"private":0,"password":""}