{"id":"gen9ubers-1974444075","p1":"2vfish Staller","p2":"Luna's Bann3d Now","format":"[Gen 9] Ubers","log":"|j|\u26062vfish Staller\n|j|\u2606Luna's Bann3d Now\n|t:|1698087473\n|gametype|singles\n|player|p1|2vfish Staller|red|\n|player|p2|Luna's Bann3d Now|#uplximelmetal|\n|teamsize|p1|6\n|teamsize|p2|6\n|gen|9\n|tier|[Gen 9] Ubers\n|rated|Tournament battle\n|rule|Sleep Clause Mod: Limit one foe put to sleep\n|rule|Species Clause: Limit one of each Pok\u00e9mon\n|rule|OHKO Clause: OHKO moves are banned\n|rule|Evasion Items Clause: Evasion items are banned\n|rule|Evasion Moves Clause: Evasion moves are banned\n|rule|Endless Battle Clause: Forcing endless battles is banned\n|rule|HP Percentage Mod: HP is shown in percentages\n|clearpoke\n|poke|p1|Gliscor, M|\n|poke|p1|Clodsire, M|\n|poke|p1|Skeledirge, F|\n|poke|p1|Dondozo, M|\n|poke|p1|Clefable, M|\n|poke|p1|Blissey, F|\n|poke|p2|Arceus-Fairy|\n|poke|p2|Koraidon|\n|poke|p2|Giratina-Origin|\n|poke|p2|Ting-Lu|\n|poke|p2|Kyogre|\n|poke|p2|Alomomola, M|\n|teampreview\n|c|\u26062vfish Staller|glgl\n|\n|t:|1698087483\n|start\n|switch|p1a: Clefable|Clefable, M|100\/100\n|switch|p2a: Arceus|Arceus-Fairy|100\/100\n|turn|1\n|\n|t:|1698087487\n|move|p2a: Arceus|Taunt|p1a: Clefable\n|-start|p1a: Clefable|move: Taunt\n|cant|p1a: Clefable|move: Taunt|Stealth Rock\n|\n|upkeep\n|turn|2\n|\n|t:|1698087494\n|switch|p1a: Clodsire|Clodsire, M|100\/100\n|move|p2a: Arceus|Stealth Rock|p1a: Clodsire\n|-sidestart|p1: 2vfish Staller|move: Stealth Rock\n|\n|upkeep\n|turn|3\n|\n|t:|1698087499\n|move|p2a: Arceus|Taunt|p1a: Clodsire\n|-start|p1a: Clodsire|move: Taunt\n|move|p1a: Clodsire|Poison Jab|p2a: Arceus\n|-supereffective|p2a: Arceus\n|-damage|p2a: Arceus|72\/100\n|\n|upkeep\n|turn|4\n|\n|t:|1698087506\n|switch|p2a: Ting-Lu|Ting-Lu|100\/100\n|-ability|p2a: Ting-Lu|Vessel of Ruin\n|move|p1a: Clodsire|Poison Jab|p2a: Ting-Lu\n|-resisted|p2a: Ting-Lu\n|-damage|p2a: Ting-Lu|93\/100\n|\n|-heal|p2a: Ting-Lu|99\/100|[from] item: Leftovers\n|upkeep\n|turn|5\n|\n|t:|1698087510\n|switch|p1a: Clefable|Clefable, M|100\/100\n|move|p2a: Ting-Lu|Taunt|p1a: Clefable\n|-start|p1a: Clefable|move: Taunt\n|\n|-heal|p2a: Ting-Lu|100\/100|[from] item: Leftovers\n|upkeep\n|turn|6\n|c|\u26062vfish Staller|bro\n|c|\u2606Luna's Bann3d Now|look at what you loaded i dont wanna hear it\n|c|\u26062vfish Staller|im just saying\n|c|\u26062vfish Staller|nice set\n|c|\u26062vfish Staller|:)\n|\n|t:|1698087545\n|switch|p1a: Gliscor|Gliscor, M|100\/100\n|-damage|p1a: Gliscor|88\/100|[from] Stealth Rock\n|move|p2a: Ting-Lu|Ruination|p1a: Gliscor|[miss]\n|-miss|p2a: Ting-Lu|p1a: Gliscor\n|\n|-status|p1a: Gliscor|tox|[from] item: Toxic Orb\n|upkeep\n|turn|7\n|\n|t:|1698087552\n|move|p1a: Gliscor|Spikes|p2a: Ting-Lu\n|-sidestart|p2: Luna's Bann3d Now|Spikes\n|move|p2a: Ting-Lu|Spikes|p1a: Gliscor\n|-sidestart|p1: 2vfish Staller|Spikes\n|\n|-heal|p1a: Gliscor|100\/100 tox|[from] ability: Poison Heal\n|upkeep\n|turn|8\n|\n|t:|1698087556\n|switch|p2a: Kyogre|Kyogre|100\/100\n|-damage|p2a: Kyogre|88\/100|[from] Spikes\n|-weather|RainDance|[from] ability: Drizzle|[of] p2a: Kyogre\n|move|p1a: Gliscor|Toxic|p2a: Kyogre\n|-status|p2a: Kyogre|tox\n|\n|-weather|RainDance|[upkeep]\n|-heal|p2a: Kyogre|94\/100 tox|[from] item: Leftovers\n|-damage|p2a: Kyogre|88\/100 tox|[from] psn\n|upkeep\n|turn|9\n|\n|t:|1698087562\n|switch|p1a: Blissey|Blissey, F|100\/100\n|move|p2a: Kyogre|Ice Beam|p1a: Blissey\n|-damage|p1a: Blissey|88\/100\n|\n|-weather|RainDance|[upkeep]\n|-heal|p2a: Kyogre|94\/100 tox|[from] item: Leftovers\n|-damage|p2a: Kyogre|82\/100 tox|[from] psn\n|upkeep\n|turn|10\n|\n|t:|1698087570\n|switch|p2a: Alomomola|Alomomola, M|100\/100\n|-damage|p2a: Alomomola|88\/100|[from] Spikes\n|move|p1a: Blissey|Seismic Toss|p2a: Alomomola\n|-damage|p2a: Alomomola|69\/100\n|-damage|p1a: Blissey|72\/100|[from] item: Rocky Helmet|[of] p2a: Alomomola\n|\n|-weather|RainDance|[upkeep]\n|upkeep\n|turn|11\n|\n|t:|1698087575\n|switch|p1a: Clefable|Clefable, M|100\/100\n|move|p2a: Alomomola|Flip Turn|p1a: Clefable\n|-damage|p1a: Clefable|81\/100\n|\n|t:|1698087582\n|switch|p2a: Arceus|Arceus-Fairy|72\/100|[from] Flip Turn\n|-damage|p2a: Arceus|60\/100|[from] Spikes\n|\n|-weather|RainDance|[upkeep]\n|-heal|p1a: Clefable|87\/100|[from] item: Leftovers\n|upkeep\n|turn|12\n|\n|t:|1698087589\n|move|p2a: Arceus|Judgment|p1a: Clefable\n|-damage|p1a: Clefable|45\/100\n|move|p1a: Clefable|Stealth Rock|p2a: Arceus\n|-sidestart|p2: Luna's Bann3d Now|move: Stealth Rock\n|\n|-weather|none\n|-heal|p1a: Clefable|51\/100|[from] item: Leftovers\n|upkeep\n|turn|13\n|\n|t:|1698087594\n|move|p1a: Clefable|Protect|p1a: Clefable\n|-singleturn|p1a: Clefable|Protect\n|move|p2a: Arceus|Taunt|p1a: Clefable\n|-activate|p1a: Clefable|move: Protect\n|\n|-heal|p1a: Clefable|57\/100|[from] item: Leftovers\n|upkeep\n|turn|14\n|\n|t:|1698087599\n|switch|p2a: Koraidon|Koraidon|100\/100\n|-damage|p2a: Koraidon|88\/100|[from] Spikes\n|-damage|p2a: Koraidon|82\/100|[from] Stealth Rock\n|-weather|SunnyDay|[from] ability: Orichalcum Pulse|[of] p2a: Koraidon\n|-activate|p2a: Koraidon|Orichalcum Pulse|[source]\n|switch|p1a: Clodsire|Clodsire, M|100\/100\n|\n|-weather|SunnyDay|[upkeep]\n|upkeep\n|turn|15\n|\n|t:|1698087609\n|switch|p1a: Skeledirge|Skeledirge, F|100\/100\n|move|p2a: Koraidon|U-turn|p1a: Skeledirge\n|-resisted|p1a: Skeledirge\n|-damage|p1a: Skeledirge|95\/100\n|j|+OreoSpeedruns\n|\n|t:|1698087616\n|switch|p2a: Kyogre|Kyogre|82\/100 tox|[from] U-turn\n|-damage|p2a: Kyogre|70\/100 tox|[from] Spikes\n|-damage|p2a: Kyogre|57\/100 tox|[from] Stealth Rock\n|-weather|RainDance|[from] ability: Drizzle|[of] p2a: Kyogre\n|\n|-weather|RainDance|[upkeep]\n|-heal|p2a: Kyogre|64\/100 tox|[from] item: Leftovers\n|-damage|p2a: Kyogre|57\/100 tox|[from] psn\n|upkeep\n|turn|16\n|\n|t:|1698087619\n|switch|p1a: Blissey|Blissey, F|72\/100\n|move|p2a: Kyogre|Origin Pulse|p1a: Blissey\n|-damage|p1a: Blissey|40\/100\n|\n|-weather|RainDance|[upkeep]\n|-heal|p2a: Kyogre|64\/100 tox|[from] item: Leftovers\n|-damage|p2a: Kyogre|51\/100 tox|[from] psn\n|upkeep\n|turn|17\n|c|\u26062vfish Staller|one crit and im ded\n|\n|t:|1698087630\n|switch|p2a: Giratina|Giratina-Origin|100\/100\n|-damage|p2a: Giratina|88\/100|[from] Stealth Rock\n|move|p1a: Blissey|Soft-Boiled|p1a: Blissey\n|-heal|p1a: Blissey|90\/100\n|\n|-weather|RainDance|[upkeep]\n|upkeep\n|turn|18\n|j| righteous light\n|c|\u26062vfish Staller|what this running\n|\n|t:|1698087648\n|switch|p1a: Clefable|Clefable, M|57\/100\n|-terastallize|p2a: Giratina|Steel\n|move|p2a: Giratina|Defog|p1a: Clefable\n|-unboost|p1a: Clefable|evasion|1\n|-sideend|p1: 2vfish Staller|Spikes|[from] move: Defog|[of] p2a: Giratina\n|-sideend|p1: 2vfish Staller|Stealth Rock|[from] move: Defog|[of] p2a: Giratina\n|-sideend|p2: Luna's Bann3d Now|Spikes|[from] move: Defog|[of] p2a: Giratina\n|-sideend|p2: Luna's Bann3d Now|Stealth Rock|[from] move: Defog|[of] p2a: Giratina\n|\n|-weather|RainDance|[upkeep]\n|-heal|p1a: Clefable|63\/100|[from] item: Leftovers\n|upkeep\n|turn|19\n|\n|t:|1698087657\n|move|p2a: Giratina|Poltergeist|p1a: Clefable\n|-activate|p1a: Clefable|move: Poltergeist|Leftovers\n|-damage|p1a: Clefable|8\/100\n|move|p1a: Clefable|Stealth Rock|p2a: Giratina\n|-sidestart|p2: Luna's Bann3d Now|move: Stealth Rock\n|\n|-weather|none\n|-heal|p1a: Clefable|14\/100|[from] item: Leftovers\n|upkeep\n|turn|20\n|\n|t:|1698087668\n|move|p1a: Clefable|Protect|p1a: Clefable\n|-singleturn|p1a: Clefable|Protect\n|move|p2a: Giratina|Defog|p1a: Clefable\n|-activate|p1a: Clefable|move: Protect\n|\n|-heal|p1a: Clefable|20\/100|[from] item: Leftovers\n|upkeep\n|turn|21\n|\n|t:|1698087685\n|switch|p1a: Gliscor|Gliscor, M|100\/100 tox\n|move|p2a: Giratina|Poltergeist|p1a: Gliscor\n|-activate|p1a: Gliscor|move: Poltergeist|Toxic Orb\n|-damage|p1a: Gliscor|40\/100 tox\n|\n|-heal|p1a: Gliscor|52\/100 tox|[from] ability: Poison Heal\n|upkeep\n|turn|22\n|c|\u26062vfish Staller|awfully a lot\n|\n|t:|1698087704\n|move|p1a: Gliscor|Protect|p1a: Gliscor\n|-singleturn|p1a: Gliscor|Protect\n|move|p2a: Giratina|Defog|p1a: Gliscor\n|-activate|p1a: Gliscor|move: Protect\n|\n|-heal|p1a: Gliscor|65\/100 tox|[from] ability: Poison Heal\n|upkeep\n|turn|23\n|\n|t:|1698087723\n|switch|p1a: Blissey|Blissey, F|90\/100\n|move|p2a: Giratina|Poltergeist|p1a: Blissey\n|-immune|p1a: Blissey\n|\n|upkeep\n|turn|24\n|\n|t:|1698087730\n|switch|p1a: Clefable|Clefable, M|20\/100\n|move|p2a: Giratina|Defog|p1a: Clefable\n|-unboost|p1a: Clefable|evasion|1\n|-sideend|p2: Luna's Bann3d Now|Stealth Rock|[from] move: Defog|[of] p2a: Giratina\n|\n|-heal|p1a: Clefable|26\/100|[from] item: Leftovers\n|upkeep\n|turn|25\n|\n|t:|1698087740\n|switch|p2a: Arceus|Arceus-Fairy|60\/100\n|move|p1a: Clefable|Wish|p1a: Clefable\n|\n|-heal|p1a: Clefable|32\/100|[from] item: Leftovers\n|upkeep\n|turn|26\n|\n|t:|1698087749\n|move|p2a: Arceus|Stealth Rock|p1a: Clefable\n|-sidestart|p1: 2vfish Staller|move: Stealth Rock\n|move|p1a: Clefable|Stealth Rock|p2a: Arceus\n|-sidestart|p2: Luna's Bann3d Now|move: Stealth Rock\n|\n|-heal|p1a: Clefable|82\/100|[from] move: Wish|[wisher] Clefable\n|-heal|p1a: Clefable|89\/100|[from] item: Leftovers\n|upkeep\n|turn|27\n|\n|t:|1698087759\n|switch|p1a: Clodsire|Clodsire, M|100\/100\n|move|p2a: Arceus|Judgment|p1a: Clodsire\n|-resisted|p1a: Clodsire\n|-damage|p1a: Clodsire|87\/100\n|\n|upkeep\n|turn|28\n|j|+corvere\u2665\n|\n|t:|1698087780\n|switch|p1a: Gliscor|Gliscor, M|65\/100 tox\n|-damage|p1a: Gliscor|52\/100 tox|[from] Stealth Rock\n|move|p2a: Arceus|Taunt|p1a: Gliscor\n|-start|p1a: Gliscor|move: Taunt\n|\n|-heal|p1a: Gliscor|65\/100 tox|[from] ability: Poison Heal\n|upkeep\n|turn|29\n|\n|t:|1698087819\n|switch|p1a: Clodsire|Clodsire, M|87\/100\n|move|p2a: Arceus|Judgment|p1a: Clodsire\n|-resisted|p1a: Clodsire\n|-damage|p1a: Clodsire|74\/100\n|\n|upkeep\n|turn|30\n|\n|t:|1698087826\n|switch|p2a: Giratina|Giratina-Origin, tera:Steel|88\/100\n|-damage|p2a: Giratina|82\/100|[from] Stealth Rock\n|move|p1a: Clodsire|Poison Jab|p2a: Giratina\n|-immune|p2a: Giratina\n|\n|upkeep\n|turn|31\n|c|\u26062vfish Staller|fek\n|\n|t:|1698087835\n|switch|p1a: Clefable|Clefable, M|89\/100\n|move|p2a: Giratina|Will-O-Wisp|p1a: Clefable\n|-status|p1a: Clefable|brn\n|\n|-heal|p1a: Clefable|95\/100 brn|[from] item: Leftovers\n|upkeep\n|turn|32\n|\n|t:|1698087860\n|switch|p2a: Alomomola|Alomomola, M|100\/100\n|-damage|p2a: Alomomola|88\/100|[from] Stealth Rock\n|move|p1a: Clefable|Wish|p1a: Clefable\n|\n|-heal|p1a: Clefable|100\/100 brn|[from] item: Leftovers\n|upkeep\n|turn|33\n|\n|t:|1698087894\n|switch|p1a: Gliscor|Gliscor, M|65\/100 tox\n|-damage|p1a: Gliscor|52\/100 tox|[from] Stealth Rock\n|move|p2a: Alomomola|Wish|p2a: Alomomola\n|\n|-heal|p1a: Gliscor|100\/100 tox|[from] move: Wish|[wisher] Clefable\n|upkeep\n|turn|34\n|\n|t:|1698087910\n|switch|p1a: Clodsire|Clodsire, M|74\/100\n|switch|p2a: Giratina|Giratina-Origin, tera:Steel|82\/100\n|-damage|p2a: Giratina|76\/100|[from] Stealth Rock\n|\n|-heal|p2a: Giratina|100\/100|[from] move: Wish|[wisher] Alomomola\n|upkeep\n|turn|35\n|\n|t:|1698087925\n|switch|p1a: Blissey|Blissey, F|90\/100\n|move|p2a: Giratina|Poltergeist|p1a: Blissey\n|-immune|p1a: Blissey\n|\n|upkeep\n|turn|36\n|\n|t:|1698087936\n|switch|p2a: Koraidon|Koraidon|82\/100\n|-damage|p2a: Koraidon|76\/100|[from] Stealth Rock\n|-weather|SunnyDay|[from] ability: Orichalcum Pulse|[of] p2a: Koraidon\n|-activate|p2a: Koraidon|Orichalcum Pulse|[source]\n|move|p1a: Blissey|Seismic Toss|p2a: Koraidon\n|-damage|p2a: Koraidon|48\/100\n|\n|-weather|SunnyDay|[upkeep]\n|upkeep\n|turn|37\n|\n|t:|1698087944\n|switch|p1a: Clefable|Clefable, M|100\/100 brn\n|move|p2a: Koraidon|Dragon Claw|p1a: Clefable\n|-immune|p1a: Clefable\n|\n|-weather|SunnyDay|[upkeep]\n|upkeep\n|turn|38\n|j| mitana\n|\n|t:|1698087971\n|switch|p2a: Alomomola|Alomomola, M|100\/100\n|-damage|p2a: Alomomola|88\/100|[from] Stealth Rock\n|switch|p1a: Skeledirge|Skeledirge, F|95\/100\n|\n|-weather|SunnyDay|[upkeep]\n|upkeep\n|turn|39\n|l| mitana\n|\n|t:|1698087998\n|move|p1a: Skeledirge|Torch Song|p2a: Alomomola\n|-resisted|p2a: Alomomola\n|-damage|p2a: Alomomola|60\/100\n|-boost|p1a: Skeledirge|spa|1\n|move|p2a: Alomomola|Wish|p2a: Alomomola\n|\n|-weather|SunnyDay|[upkeep]\n|upkeep\n|turn|40\n|\n|t:|1698088020\n|switch|p1a: Clodsire|Clodsire, M|74\/100\n|move|p2a: Alomomola|Flip Turn|p1a: Clodsire\n|-heal|p1a: Clodsire|99\/100|[from] ability: Water Absorb|[of] p2a: Alomomola\n|\n|-weather|none\n|-heal|p2a: Alomomola|100\/100|[from] move: Wish|[wisher] Alomomola\n|upkeep\n|turn|41\n|\n|t:|1698088075\n|switch|p2a: Giratina|Giratina-Origin, tera:Steel|100\/100\n|-damage|p2a: Giratina|94\/100|[from] Stealth Rock\n|switch|p1a: Dondozo|Dondozo, M|100\/100\n|\n|upkeep\n|turn|42\n|\n|t:|1698088084\n|move|p2a: Giratina|Will-O-Wisp|p1a: Dondozo\n|-status|p1a: Dondozo|brn\n|move|p1a: Dondozo|Body Press|p2a: Giratina\n|-supereffective|p2a: Giratina\n|-damage|p2a: Giratina|76\/100\n|\n|-damage|p1a: Dondozo|94\/100 brn|[from] brn\n|upkeep\n|turn|43\n|\n|t:|1698088093\n|switch|p1a: Blissey|Blissey, F|90\/100\n|move|p2a: Giratina|Defog|p1a: Blissey\n|-unboost|p1a: Blissey|evasion|1\n|-sideend|p1: 2vfish Staller|Stealth Rock|[from] move: Defog|[of] p2a: Giratina\n|-sideend|p2: Luna's Bann3d Now|Stealth Rock|[from] move: Defog|[of] p2a: Giratina\n|\n|upkeep\n|turn|44\n|\n|t:|1698088105\n|switch|p2a: Alomomola|Alomomola, M|100\/100\n|switch|p1a: Clefable|Clefable, M|100\/100 brn\n|\n|upkeep\n|turn|45\n|\n|t:|1698088113\n|move|p2a: Alomomola|Wish|p2a: Alomomola\n|move|p1a: Clefable|Stealth Rock|p2a: Alomomola\n|-sidestart|p2: Luna's Bann3d Now|move: Stealth Rock\n|\n|upkeep\n|turn|46\n|\n|t:|1698088119\n|switch|p2a: Kyogre|Kyogre|51\/100 tox\n|-damage|p2a: Kyogre|39\/100 tox|[from] Stealth Rock\n|-weather|RainDance|[from] ability: Drizzle|[of] p2a: Kyogre\n|move|p1a: Clefable|Moonblast|p2a: Kyogre\n|-damage|p2a: Kyogre|17\/100 tox\n|\n|-weather|RainDance|[upkeep]\n|-heal|p2a: Kyogre|95\/100 tox|[from] move: Wish|[wisher] Alomomola\n|-heal|p2a: Kyogre|100\/100 tox|[from] item: Leftovers\n|-damage|p2a: Kyogre|94\/100 tox|[from] psn\n|upkeep\n|turn|47\n|c|+OreoSpeedruns|cmon lbn\n|c|+OreoSpeedruns|ye got this\n|\n|t:|1698088131\n|switch|p2a: Arceus|Arceus-Fairy|60\/100\n|-damage|p2a: Arceus|47\/100|[from] Stealth Rock\n|switch|p1a: Blissey|Blissey, F|90\/100\n|\n|-weather|RainDance|[upkeep]\n|upkeep\n|turn|48\n|c|\u26062vfish Staller|flip turn is so goated\n|c|\u26062vfish Staller|on a wish mon\n|\n|t:|1698088150\n|move|p2a: Arceus|Stealth Rock|p1a: Blissey\n|-sidestart|p1: 2vfish Staller|move: Stealth Rock\n|move|p1a: Blissey|Seismic Toss|p2a: Arceus\n|-damage|p2a: Arceus|25\/100\n|\n|-weather|RainDance|[upkeep]\n|upkeep\n|turn|49\n|\n|t:|1698088156\n|switch|p1a: Clodsire|Clodsire, M|99\/100\n|move|p2a: Arceus|Recover|p2a: Arceus\n|-heal|p2a: Arceus|75\/100\n|\n|-weather|RainDance|[upkeep]\n|upkeep\n|turn|50\n|l|+OreoSpeedruns\n|j|+OreoSpeedruns\n|c|\u2606Luna's Bann3d Now|oreo idk bout u dawg\n|c|\u2606Luna's Bann3d Now|but tell me my wincon\n|\n|t:|1698088192\n|switch|p2a: Ting-Lu|Ting-Lu|100\/100\n|-damage|p2a: Ting-Lu|94\/100|[from] Stealth Rock\n|-ability|p2a: Ting-Lu|Vessel of Ruin\n|move|p1a: Clodsire|Poison Jab|p2a: Ting-Lu\n|-resisted|p2a: Ting-Lu\n|-damage|p2a: Ting-Lu|88\/100\n|\n|-weather|none\n|-heal|p2a: Ting-Lu|94\/100|[from] item: Leftovers\n|upkeep\n|turn|51\n|c|\u2606Luna's Bann3d Now|cuz im not seeing it.\n|c|\u2606Luna's Bann3d Now|LMAO\n|c|\u26062vfish Staller|i dont have one either at least\n|c|\u2606Luna's Bann3d Now|yes tf u do\n|c|\u2606Luna's Bann3d Now|its called lasting longer\n|c|+OreoSpeedruns|exactly!\n|c|\u26062vfish Staller|bro i loaded stall for win at preveiew\n|c|+OreoSpeedruns|that\u2019s your wincon\n|c|\u26062vfish Staller|i dont actually have that time rn\n|c|\u26062vfish Staller|lol\n|c|\u2606Luna's Bann3d Now|oh bet\n|inactive|Battle timer is ON: inactive players will automatically lose when time's up. (requested by Luna's Bann3d Now)\n|\n|t:|1698088240\n|switch|p1a: Gliscor|Gliscor, M|100\/100 tox\n|-damage|p1a: Gliscor|88\/100 tox|[from] Stealth Rock\n|move|p2a: Ting-Lu|Taunt|p1a: Gliscor\n|-start|p1a: Gliscor|move: Taunt\n|\n|-heal|p2a: Ting-Lu|100\/100|[from] item: Leftovers\n|-heal|p1a: Gliscor|100\/100 tox|[from] ability: Poison Heal\n|upkeep\n|turn|52\n|c|\u2606Luna's Bann3d Now|lemme get control of that\n|\n|t:|1698088246\n|move|p1a: Gliscor|Knock Off|p2a: Ting-Lu\n|-resisted|p2a: Ting-Lu\n|-damage|p2a: Ting-Lu|94\/100\n|-enditem|p2a: Ting-Lu|Leftovers|[from] move: Knock Off|[of] p1a: Gliscor\n|move|p2a: Ting-Lu|Spikes|p1a: Gliscor\n|-sidestart|p1: 2vfish Staller|Spikes\n|\n|upkeep\n|turn|53\n|c|\u26062vfish Staller|get knocked\n|c|\u2606Luna's Bann3d Now|!showset 6\n|c| Luna's Bann3d Now|\/raw <div class=\"infobox\">Alomomola (M) @ Rocky Helmet  <br \/>Ability: Regenerator  <br \/>Tera Type: Fairy  <br \/>EVs: 252 HP &#x2f; 4 Atk &#x2f; 252 Def  <br \/>Impish Nature  <br \/>- Play Rough  <br \/>- Flip Turn  <br \/>- Wish  <br \/>- Protect  <br \/><br \/><\/div>\n|\n|t:|1698088261\n|switch|p1a: Clefable|Clefable, M|100\/100 brn\n|move|p2a: Ting-Lu|Ruination|p1a: Clefable\n|-damage|p1a: Clefable|50\/100 brn\n|\n|-heal|p1a: Clefable|57\/100 brn|[from] item: Leftovers\n|upkeep\n|turn|54\n|c|\u2606Luna's Bann3d Now|?\n|c|\u26062vfish Staller|whot\n|c|\u2606Luna's Bann3d Now|knock this idc\n|c|\u2606Luna's Bann3d Now|i got wish pass LMAO\n|c|+OreoSpeedruns|he\u2019s trying to say it really doesn\u2019t matter\n|c|\u26062vfish Staller|yea\n|\n|t:|1698088299\n|move|p2a: Ting-Lu|Ruination|p1a: Clefable\n|-damage|p1a: Clefable|29\/100 brn\n|move|p1a: Clefable|Moonblast|p2a: Ting-Lu\n|-supereffective|p2a: Ting-Lu\n|-damage|p2a: Ting-Lu|67\/100\n|-unboost|p2a: Ting-Lu|spa|1\n|\n|-heal|p1a: Clefable|35\/100 brn|[from] item: Leftovers\n|upkeep\n|turn|55\n|c|\u26062vfish Staller|yea we kinda trapped here\n|\n|t:|1698088313\n|move|p1a: Clefable|Protect|p1a: Clefable\n|-singleturn|p1a: Clefable|Protect\n|move|p2a: Ting-Lu|Taunt|p1a: Clefable\n|-activate|p1a: Clefable|move: Protect\n|\n|-heal|p1a: Clefable|41\/100 brn|[from] item: Leftovers\n|upkeep\n|turn|56\n|inactive|2vfish Staller has 120 seconds left.\n|\n|t:|1698088335\n|switch|p1a: Gliscor|Gliscor, M|100\/100 tox\n|-damage|p1a: Gliscor|88\/100 tox|[from] Stealth Rock\n|move|p2a: Ting-Lu|Earthquake|p1a: Gliscor\n|-immune|p1a: Gliscor\n|\n|-heal|p1a: Gliscor|100\/100 tox|[from] ability: Poison Heal\n|upkeep\n|turn|57\n|inactive|2vfish Staller has 120 seconds left.\n|\n|t:|1698088347\n|move|p1a: Gliscor|Toxic|p2a: Ting-Lu\n|-status|p2a: Ting-Lu|tox\n|move|p2a: Ting-Lu|Earthquake|p1a: Gliscor\n|-immune|p1a: Gliscor\n|\n|-damage|p2a: Ting-Lu|61\/100 tox|[from] psn\n|upkeep\n|turn|58\n|inactive|2vfish Staller has 120 seconds left.\n|\n|t:|1698088355\n|switch|p2a: Giratina|Giratina-Origin, tera:Steel|76\/100\n|-damage|p2a: Giratina|70\/100|[from] Stealth Rock\n|move|p1a: Gliscor|Spikes|p2a: Giratina\n|-sidestart|p2: Luna's Bann3d Now|Spikes\n|\n|upkeep\n|turn|59\n|\n|t:|1698088358\n|move|p1a: Gliscor|Knock Off|p2a: Giratina\n|-damage|p2a: Giratina|59\/100\n|move|p2a: Giratina|Dragon Tail|p1a: Gliscor\n|-damage|p1a: Gliscor|70\/100 tox\n|drag|p1a: Clefable|Clefable, M|41\/100 brn\n|\n|-heal|p1a: Clefable|47\/100 brn|[from] item: Leftovers\n|upkeep\n|turn|60\n|\n|t:|1698088370\n|switch|p1a: Blissey|Blissey, F|90\/100\n|move|p2a: Giratina|Poltergeist|p1a: Blissey\n|-immune|p1a: Blissey\n|\n|upkeep\n|turn|61\n|\n|t:|1698088379\n|move|p1a: Blissey|Seismic Toss|p2a: Giratina\n|-damage|p2a: Giratina|39\/100\n|move|p2a: Giratina|Dragon Tail|p1a: Blissey\n|-damage|p1a: Blissey|50\/100\n|drag|p1a: Skeledirge|Skeledirge, F|95\/100\n|\n|upkeep\n|turn|62\n|inactive|2vfish Staller has 120 seconds left.\n|l|+OreoSpeedruns\n|\n|t:|1698088428\n|switch|p2a: Kyogre|Kyogre|94\/100 tox\n|-damage|p2a: Kyogre|82\/100 tox|[from] Stealth Rock\n|-damage|p2a: Kyogre|70\/100 tox|[from] Spikes\n|-weather|RainDance|[from] ability: Drizzle|[of] p2a: Kyogre\n|move|p1a: Skeledirge|Will-O-Wisp||[still]\n|-fail|p1a: Skeledirge\n|\n|-weather|RainDance|[upkeep]\n|-heal|p2a: Kyogre|76\/100 tox|[from] item: Leftovers\n|-damage|p2a: Kyogre|70\/100 tox|[from] psn\n|upkeep\n|turn|63\n|\n|t:|1698088438\n|switch|p1a: Clodsire|Clodsire, M|99\/100\n|move|p2a: Kyogre|Ice Beam|p1a: Clodsire\n|-supereffective|p1a: Clodsire\n|-damage|p1a: Clodsire|60\/100\n|\n|-weather|RainDance|[upkeep]\n|-heal|p2a: Kyogre|76\/100 tox|[from] item: Leftovers\n|-damage|p2a: Kyogre|64\/100 tox|[from] psn\n|upkeep\n|turn|64\n|\n|t:|1698088444\n|move|p2a: Kyogre|Ice Beam|p1a: Clodsire\n|-supereffective|p1a: Clodsire\n|-damage|p1a: Clodsire|20\/100\n|-status|p1a: Clodsire|frz\n|-curestatus|p1a: Clodsire|frz|[msg]\n|move|p1a: Clodsire|Recover|p1a: Clodsire\n|-heal|p1a: Clodsire|70\/100\n|\n|-weather|RainDance|[upkeep]\n|-heal|p2a: Kyogre|70\/100 tox|[from] item: Leftovers\n|-damage|p2a: Kyogre|51\/100 tox|[from] psn\n|upkeep\n|turn|65\n|j|+OreoSpeedruns\n|\n|t:|1698088453\n|switch|p2a: Giratina|Giratina-Origin, tera:Steel|39\/100\n|-damage|p2a: Giratina|33\/100|[from] Stealth Rock\n|switch|p1a: Blissey|Blissey, F|50\/100\n|\n|-weather|RainDance|[upkeep]\n|upkeep\n|turn|66\n|\n|t:|1698088472\n|switch|p2a: Alomomola|Alomomola, M|100\/100\n|-damage|p2a: Alomomola|88\/100|[from] Stealth Rock\n|-damage|p2a: Alomomola|76\/100|[from] Spikes\n|move|p1a: Blissey|Soft-Boiled|p1a: Blissey\n|-heal|p1a: Blissey|99\/100\n|\n|-weather|none\n|upkeep\n|turn|67\n|\n|t:|1698088476\n|switch|p1a: Skeledirge|Skeledirge, F|95\/100\n|move|p2a: Alomomola|Wish|p2a: Alomomola\n|\n|upkeep\n|turn|68\n|c|+OreoSpeedruns|lbn I\u2019m still sad you didn\u2019t load my team\n|c|+OreoSpeedruns|would\u2019ve smoked\n|inactive|2vfish Staller has 120 seconds left.\n|c|\u26062vfish Staller|i woulve liked that\n|c|\u26062vfish Staller|wait reallly?\n|c|\u26062vfish Staller|isnt ur team that pex otr caly\n|c|+OreoSpeedruns|yes\n|inactive|2vfish Staller has 90 seconds left.\n|\n|t:|1698088514\n|switch|p1a: Clodsire|Clodsire, M|70\/100\n|switch|p2a: Kyogre|Kyogre|51\/100 tox\n|-damage|p2a: Kyogre|39\/100 tox|[from] Stealth Rock\n|-damage|p2a: Kyogre|27\/100 tox|[from] Spikes\n|-weather|RainDance|[from] ability: Drizzle|[of] p2a: Kyogre\n|\n|-weather|RainDance|[upkeep]\n|-heal|p2a: Kyogre|100\/100 tox|[from] move: Wish|[wisher] Alomomola\n|-damage|p2a: Kyogre|94\/100 tox|[from] psn\n|upkeep\n|turn|69\n|c|+OreoSpeedruns|the current version uses cm taunt mirai\n|\n|t:|1698088522\n|switch|p1a: Blissey|Blissey, F|99\/100\n|move|p2a: Kyogre|Ice Beam|p1a: Blissey\n|-damage|p1a: Blissey|88\/100\n|\n|-weather|RainDance|[upkeep]\n|-heal|p2a: Kyogre|100\/100 tox|[from] item: Leftovers\n|-damage|p2a: Kyogre|88\/100 tox|[from] psn\n|upkeep\n|turn|70\n|c|\u26062vfish Staller|ive played that\n|c|\u26062vfish Staller|vs taka\n|c|\u26062vfish Staller|and won\n|\n|t:|1698088537\n|switch|p2a: Alomomola|Alomomola, M|100\/100\n|-damage|p2a: Alomomola|88\/100|[from] Stealth Rock\n|-damage|p2a: Alomomola|76\/100|[from] Spikes\n|move|p1a: Blissey|Seismic Toss|p2a: Alomomola\n|-damage|p2a: Alomomola|57\/100\n|-damage|p1a: Blissey|71\/100|[from] item: Rocky Helmet|[of] p2a: Alomomola\n|\n|-weather|RainDance|[upkeep]\n|upkeep\n|turn|71\n|inactive|2vfish Staller has 90 seconds left.\n|\n|t:|1698088559\n|move|p2a: Alomomola|Wish|p2a: Alomomola\n|move|p1a: Blissey|Calm Mind|p1a: Blissey\n|-boost|p1a: Blissey|spa|1\n|-boost|p1a: Blissey|spd|1\n|\n|-weather|RainDance|[upkeep]\n|upkeep\n|turn|72\n|\n|t:|1698088565\n|switch|p2a: Giratina|Giratina-Origin, tera:Steel|33\/100\n|-damage|p2a: Giratina|27\/100|[from] Stealth Rock\n|move|p1a: Blissey|Shadow Ball|p2a: Giratina\n|-damage|p2a: Giratina|11\/100\n|\n|-weather|none\n|-heal|p2a: Giratina|65\/100|[from] move: Wish|[wisher] Alomomola\n|upkeep\n|turn|73\n|c|\u26062vfish Staller|lel\n|c|\u26062vfish Staller|i thought id kill after that\n|inactive|2vfish Staller has 90 seconds left.\n|c|\u26062vfish Staller|shoulve just seismic\n|c|\u2606Luna's Bann3d Now|i still lived seismic\n|c|\u2606Luna's Bann3d Now|lmao\n|c|\u26062vfish Staller|oh\n|\n|t:|1698088594\n|switch|p1a: Clefable|Clefable, M|47\/100 brn\n|move|p2a: Giratina|Defog|p1a: Clefable\n|-unboost|p1a: Clefable|evasion|1\n|-sideend|p1: 2vfish Staller|Spikes|[from] move: Defog|[of] p2a: Giratina\n|-sideend|p1: 2vfish Staller|Stealth Rock|[from] move: Defog|[of] p2a: Giratina\n|-sideend|p2: Luna's Bann3d Now|Spikes|[from] move: Defog|[of] p2a: Giratina\n|-sideend|p2: Luna's Bann3d Now|Stealth Rock|[from] move: Defog|[of] p2a: Giratina\n|\n|-heal|p1a: Clefable|53\/100 brn|[from] item: Leftovers\n|upkeep\n|turn|74\n|c|\u2606Luna's Bann3d Now|i was at like 160\n|\n|t:|1698088611\n|move|p1a: Clefable|Protect|p1a: Clefable\n|-singleturn|p1a: Clefable|Protect\n|move|p2a: Giratina|Dragon Tail|p1a: Clefable\n|-activate|p1a: Clefable|move: Protect\n|\n|-heal|p1a: Clefable|59\/100 brn|[from] item: Leftovers\n|upkeep\n|turn|75\n|\n|t:|1698088616\n|move|p1a: Clefable|Wish|p1a: Clefable\n|move|p2a: Giratina|Dragon Tail|p1a: Clefable\n|-immune|p1a: Clefable\n|\n|-heal|p1a: Clefable|65\/100 brn|[from] item: Leftovers\n|upkeep\n|turn|76\n|\n|t:|1698088620\n|move|p1a: Clefable|Stealth Rock|p2a: Giratina\n|-sidestart|p2: Luna's Bann3d Now|move: Stealth Rock\n|move|p2a: Giratina|Dragon Tail|p1a: Clefable\n|-immune|p1a: Clefable\n|\n|-heal|p1a: Clefable|100\/100 brn|[from] move: Wish|[wisher] Clefable\n|upkeep\n|turn|77\n|\n|t:|1698088634\n|switch|p1a: Dondozo|Dondozo, M|94\/100 brn\n|move|p2a: Giratina|Dragon Tail|p1a: Dondozo|[miss]\n|-miss|p2a: Giratina|p1a: Dondozo\n|\n|-damage|p1a: Dondozo|88\/100 brn|[from] brn\n|upkeep\n|turn|78\n|inactive|2vfish Staller has 90 seconds left.\n|\n|t:|1698088657\n|switch|p1a: Clefable|Clefable, M|100\/100 brn\n|move|p2a: Giratina|Defog|p1a: Clefable\n|-unboost|p1a: Clefable|evasion|1\n|-sideend|p2: Luna's Bann3d Now|Stealth Rock|[from] move: Defog|[of] p2a: Giratina\n|\n|upkeep\n|turn|79\n|inactive|2vfish Staller has 90 seconds left.\n|\n|t:|1698088667\n|switch|p2a: Arceus|Arceus-Fairy|75\/100\n|move|p1a: Clefable|Stealth Rock|p2a: Arceus\n|-sidestart|p2: Luna's Bann3d Now|move: Stealth Rock\n|\n|upkeep\n|turn|80\n|\n|t:|1698088676\n|move|p2a: Arceus|Stealth Rock|p1a: Clefable\n|-sidestart|p1: 2vfish Staller|move: Stealth Rock\n|move|p1a: Clefable|Wish|p1a: Clefable\n|\n|upkeep\n|turn|81\n|\n|t:|1698088680\n|switch|p1a: Clodsire|Clodsire, M|70\/100\n|move|p2a: Arceus|Judgment|p1a: Clodsire\n|-resisted|p1a: Clodsire\n|-damage|p1a: Clodsire|57\/100\n|\n|-heal|p1a: Clodsire|99\/100|[from] move: Wish|[wisher] Clefable\n|upkeep\n|turn|82\n|\n|t:|1698088697\n|switch|p2a: Giratina|Giratina-Origin, tera:Steel|65\/100\n|-damage|p2a: Giratina|58\/100|[from] Stealth Rock\n|switch|p1a: Skeledirge|Skeledirge, F|95\/100\n|\n|upkeep\n|turn|83\n|inactive|2vfish Staller has 90 seconds left.\n|\n|t:|1698088732\n|switch|p2a: Kyogre|Kyogre|88\/100 tox\n|-damage|p2a: Kyogre|76\/100 tox|[from] Stealth Rock\n|-weather|RainDance|[from] ability: Drizzle|[of] p2a: Kyogre\n|-terastallize|p1a: Skeledirge|Fairy\n|move|p1a: Skeledirge|Torch Song|p2a: Kyogre\n|-resisted|p2a: Kyogre\n|-damage|p2a: Kyogre|71\/100 tox\n|-boost|p1a: Skeledirge|spa|1\n|\n|-weather|RainDance|[upkeep]\n|-heal|p2a: Kyogre|77\/100 tox|[from] item: Leftovers\n|-damage|p2a: Kyogre|71\/100 tox|[from] psn\n|upkeep\n|turn|84\n|\n|t:|1698088749\n|switch|p1a: Blissey|Blissey, F|71\/100\n|move|p2a: Kyogre|Origin Pulse|p1a: Blissey\n|-damage|p1a: Blissey|38\/100\n|\n|-weather|RainDance|[upkeep]\n|-heal|p2a: Kyogre|77\/100 tox|[from] item: Leftovers\n|-damage|p2a: Kyogre|64\/100 tox|[from] psn\n|upkeep\n|turn|85\n|\n|t:|1698088757\n|move|p2a: Kyogre|Origin Pulse|p1a: Blissey\n|-crit|p1a: Blissey\n|-damage|p1a: Blissey|0 fnt\n|faint|p1a: Blissey\n|\n|-weather|RainDance|[upkeep]\n|-heal|p2a: Kyogre|71\/100 tox|[from] item: Leftovers\n|-damage|p2a: Kyogre|52\/100 tox|[from] psn\n|upkeep\n|c|\u26062vfish Staller|damn\n|\n|t:|1698088764\n|switch|p1a: Clodsire|Clodsire, M|99\/100\n|turn|86\n|\n|t:|1698088778\n|switch|p2a: Giratina|Giratina-Origin, tera:Steel|58\/100\n|-damage|p2a: Giratina|52\/100|[from] Stealth Rock\n|move|p1a: Clodsire|Earthquake|p2a: Giratina\n|-immune|p2a: Giratina|[from] ability: Levitate\n|\n|-weather|RainDance|[upkeep]\n|upkeep\n|turn|87\n|\n|t:|1698088795\n|switch|p1a: Clefable|Clefable, M|100\/100 brn\n|move|p2a: Giratina|Poltergeist|p1a: Clefable\n|-activate|p1a: Clefable|move: Poltergeist|Leftovers\n|-damage|p1a: Clefable|43\/100 brn\n|\n|-weather|none\n|-heal|p1a: Clefable|49\/100 brn|[from] item: Leftovers\n|upkeep\n|turn|88\n|\n|t:|1698088807\n|move|p2a: Giratina|Poltergeist|p1a: Clefable|[miss]\n|-miss|p2a: Giratina|p1a: Clefable\n|move|p1a: Clefable|Wish|p1a: Clefable\n|\n|-heal|p1a: Clefable|55\/100 brn|[from] item: Leftovers\n|upkeep\n|turn|89\n|\n|t:|1698088821\n|switch|p2a: Alomomola|Alomomola, M|90\/100\n|-damage|p2a: Alomomola|78\/100|[from] Stealth Rock\n|move|p1a: Clefable|Protect||[still]\n|-fail|p1a: Clefable\n|\n|-heal|p1a: Clefable|100\/100 brn|[from] move: Wish|[wisher] Clefable\n|upkeep\n|turn|90\n|\n|t:|1698088832\n|switch|p1a: Clodsire|Clodsire, M|99\/100\n|move|p2a: Alomomola|Wish|p2a: Alomomola\n|\n|upkeep\n|turn|91\n|\n|t:|1698088841\n|switch|p2a: Koraidon|Koraidon|48\/100\n|-damage|p2a: Koraidon|42\/100|[from] Stealth Rock\n|-weather|SunnyDay|[from] ability: Orichalcum Pulse|[of] p2a: Koraidon\n|-activate|p2a: Koraidon|Orichalcum Pulse|[source]\n|move|p1a: Clodsire|Earthquake|p2a: Koraidon\n|-damage|p2a: Koraidon|18\/100\n|\n|-weather|SunnyDay|[upkeep]\n|-heal|p2a: Koraidon|93\/100|[from] move: Wish|[wisher] Alomomola\n|upkeep\n|turn|92\n|\n|t:|1698088850\n|switch|p1a: Dondozo|Dondozo, M|88\/100 brn\n|move|p2a: Koraidon|Flare Blitz|p1a: Dondozo\n|-resisted|p1a: Dondozo\n|-damage|p1a: Dondozo|68\/100 brn\n|-damage|p2a: Koraidon|83\/100|[from] Recoil\n|\n|-weather|SunnyDay|[upkeep]\n|-damage|p1a: Dondozo|62\/100 brn|[from] brn\n|upkeep\n|turn|93\n|j| Uber45\n|inactive|2vfish Staller has 90 seconds left.\n|\n|t:|1698088858\n|switch|p2a: Arceus|Arceus-Fairy|75\/100\n|-damage|p2a: Arceus|62\/100|[from] Stealth Rock\n|move|p1a: Dondozo|Rest|p1a: Dondozo\n|-status|p1a: Dondozo|slp|[from] move: Rest\n|-heal|p1a: Dondozo|100\/100 slp|[silent]\n|\n|-weather|SunnyDay|[upkeep]\n|upkeep\n|turn|94\n|\n|t:|1698088865\n|switch|p1a: Clodsire|Clodsire, M|99\/100\n|move|p2a: Arceus|Taunt|p1a: Clodsire\n|-start|p1a: Clodsire|move: Taunt\n|\n|-weather|SunnyDay|[upkeep]\n|upkeep\n|turn|95\n|\n|t:|1698088870\n|switch|p2a: Giratina|Giratina-Origin, tera:Steel|52\/100\n|-damage|p2a: Giratina|46\/100|[from] Stealth Rock\n|switch|p1a: Skeledirge|Skeledirge, F, tera:Fairy|95\/100\n|\n|-weather|none\n|upkeep\n|turn|96\n|\n|t:|1698088882\n|switch|p2a: Alomomola|Alomomola, M|100\/100\n|-damage|p2a: Alomomola|88\/100|[from] Stealth Rock\n|move|p1a: Skeledirge|Hex|p2a: Alomomola\n|-damage|p2a: Alomomola|60\/100\n|\n|upkeep\n|turn|97\n|\n|t:|1698088887\n|move|p1a: Skeledirge|Will-O-Wisp|p2a: Alomomola\n|-status|p2a: Alomomola|brn\n|move|p2a: Alomomola|Wish|p2a: Alomomola\n|\n|-damage|p2a: Alomomola|54\/100 brn|[from] brn\n|upkeep\n|turn|98\n|inactive|2vfish Staller has 90 seconds left.\n|\n|t:|1698088920\n|switch|p2a: Kyogre|Kyogre|52\/100 tox\n|-damage|p2a: Kyogre|40\/100 tox|[from] Stealth Rock\n|-weather|RainDance|[from] ability: Drizzle|[of] p2a: Kyogre\n|move|p1a: Skeledirge|Torch Song|p2a: Kyogre\n|-resisted|p2a: Kyogre\n|-damage|p2a: Kyogre|35\/100 tox\n|-boost|p1a: Skeledirge|spa|1\n|\n|-weather|RainDance|[upkeep]\n|-heal|p2a: Kyogre|100\/100 tox|[from] move: Wish|[wisher] Alomomola\n|-damage|p2a: Kyogre|94\/100 tox|[from] psn\n|upkeep\n|turn|99\n|\n|t:|1698088935\n|switch|p1a: Clodsire|Clodsire, M|99\/100\n|move|p2a: Kyogre|Ice Beam|p1a: Clodsire\n|-supereffective|p1a: Clodsire\n|-damage|p1a: Clodsire|62\/100\n|\n|-weather|RainDance|[upkeep]\n|-heal|p2a: Kyogre|100\/100 tox|[from] item: Leftovers\n|-damage|p2a: Kyogre|88\/100 tox|[from] psn\n|upkeep\n|turn|100\n|\n|t:|1698088940\n|move|p2a: Kyogre|Ice Beam|p1a: Clodsire\n|-supereffective|p1a: Clodsire\n|-damage|p1a: Clodsire|21\/100\n|move|p1a: Clodsire|Recover|p1a: Clodsire\n|-heal|p1a: Clodsire|72\/100\n|\n|-weather|RainDance|[upkeep]\n|-heal|p2a: Kyogre|94\/100 tox|[from] item: Leftovers\n|-damage|p2a: Kyogre|76\/100 tox|[from] psn\n|upkeep\n|turn|101\n|c|\u26062vfish Staller|!learn kyogre, taunt\n|c| 2vfish Staller|\/raw <div class=\"infobox\">In [Gen 9] Ubers, Kyogre <span class=\"message-learn-cannotlearn\">can't<\/span> learn Taunt<\/div>\n|\n|t:|1698088958\n|move|p2a: Kyogre|Ice Beam|p1a: Clodsire\n|-supereffective|p1a: Clodsire\n|-damage|p1a: Clodsire|31\/100\n|-status|p1a: Clodsire|frz\n|cant|p1a: Clodsire|frz\n|\n|-weather|RainDance|[upkeep]\n|-heal|p2a: Kyogre|82\/100 tox|[from] item: Leftovers\n|-damage|p2a: Kyogre|57\/100 tox|[from] psn\n|upkeep\n|turn|102\n|\n|t:|1698088967\n|switch|p1a: Dondozo|Dondozo, M|100\/100 slp\n|move|p2a: Kyogre|Ice Beam|p1a: Dondozo\n|-resisted|p1a: Dondozo\n|-damage|p1a: Dondozo|83\/100 slp\n|\n|-weather|none\n|-heal|p2a: Kyogre|64\/100 tox|[from] item: Leftovers\n|-damage|p2a: Kyogre|33\/100 tox|[from] psn\n|upkeep\n|turn|103\n|c|+OreoSpeedruns|me vs baloor in a nutshell\n|\n|t:|1698088976\n|switch|p2a: Arceus|Arceus-Fairy|62\/100\n|-damage|p2a: Arceus|50\/100|[from] Stealth Rock\n|switch|p1a: Skeledirge|Skeledirge, F, tera:Fairy|95\/100\n|\n|upkeep\n|turn|104\n|inactive|2vfish Staller has 60 seconds left.\n|c|\u26062vfish Staller|baloor is good at ubers?\n|\n|t:|1698089015\n|switch|p1a: Clodsire|Clodsire, M|31\/100 frz\n|move|p2a: Arceus|Judgment|p1a: Clodsire\n|-resisted|p1a: Clodsire\n|-damage|p1a: Clodsire|19\/100 frz\n|\n|upkeep\n|turn|105\n|c|\u2606Luna's Bann3d Now|LOL\n|\n|t:|1698089024\n|move|p2a: Arceus|Taunt|p1a: Clodsire\n|-start|p1a: Clodsire|move: Taunt\n|cant|p1a: Clodsire|frz\n|\n|upkeep\n|turn|106\n|\n|t:|1698089032\n|switch|p1a: Clefable|Clefable, M|100\/100 brn\n|move|p2a: Arceus|Judgment|p1a: Clefable\n|-damage|p1a: Clefable|57\/100 brn\n|\n|-heal|p1a: Clefable|63\/100 brn|[from] item: Leftovers\n|upkeep\n|turn|107\n|\n|t:|1698089037\n|move|p1a: Clefable|Protect|p1a: Clefable\n|-singleturn|p1a: Clefable|Protect\n|move|p2a: Arceus|Taunt|p1a: Clefable\n|-activate|p1a: Clefable|move: Protect\n|\n|-heal|p1a: Clefable|69\/100 brn|[from] item: Leftovers\n|upkeep\n|turn|108\n|c|+OreoSpeedruns|so basically I got mu\u2019d with baloor for open\n|c|+OreoSpeedruns|he loaded stall g3\n|inactive|2vfish Staller has 30 seconds left.\n|\n|t:|1698089054\n|move|p2a: Arceus|Recover|p2a: Arceus\n|-heal|p2a: Arceus|99\/100\n|move|p1a: Clefable|Wish|p1a: Clefable\n|\n|-heal|p1a: Clefable|75\/100 brn|[from] item: Leftovers\n|upkeep\n|turn|109\n|\n|t:|1698089062\n|switch|p1a: Clodsire|Clodsire, M|19\/100 frz\n|move|p2a: Arceus|Judgment|p1a: Clodsire\n|-resisted|p1a: Clodsire\n|-damage|p1a: Clodsire|6\/100 frz\n|\n|-heal|p1a: Clodsire|48\/100 frz|[from] move: Wish|[wisher] Clefable\n|upkeep\n|turn|110\n|c|+OreoSpeedruns|part of me beating him was due to lucking his clod with my ogre\n|c|+OreoSpeedruns|LMAO\n|inactive|2vfish Staller has 30 seconds left.\n|c|\u26062vfish Staller|oh so u won\n|c|\u26062vfish Staller|goat\n|\n|t:|1698089078\n|move|p2a: Arceus|Taunt|p1a: Clodsire\n|-start|p1a: Clodsire|move: Taunt\n|cant|p1a: Clodsire|frz\n|\n|upkeep\n|turn|111\n|inactive|2vfish Staller has 30 seconds left this turn.\n|\n|t:|1698089082\n|switch|p2a: Alomomola|Alomomola, M|88\/100 brn\n|-damage|p2a: Alomomola|75\/100 brn|[from] Stealth Rock\n|cant|p1a: Clodsire|frz\n|\n|-damage|p2a: Alomomola|69\/100 brn|[from] brn\n|upkeep\n|turn|112\n|inactive|2vfish Staller has 30 seconds left.\n|c| righteous light|tbf fishing for a freeze is a valid tactic in that scenario\n|c|\u26062vfish Staller|fucker thaw out\n|\n|t:|1698089095\n|switch|p1a: Skeledirge|Skeledirge, F, tera:Fairy|95\/100\n|move|p2a: Alomomola|Wish|p2a: Alomomola\n|\n|-damage|p2a: Alomomola|63\/100 brn|[from] brn\n|upkeep\n|turn|113\n|inactive|2vfish Staller has 30 seconds left this turn.\n|c|\u2606Luna's Bann3d Now|do not thaw for free a 2nd time\n|c|+OreoSpeedruns|nah I actually crit\n|inactive|2vfish Staller has 20 seconds left.\n|\n|t:|1698089107\n|switch|p2a: Arceus|Arceus-Fairy|99\/100\n|-damage|p2a: Arceus|88\/100|[from] Stealth Rock\n|move|p1a: Skeledirge|Hex|p2a: Arceus\n|-damage|p2a: Arceus|73\/100\n|\n|-heal|p2a: Arceus|100\/100|[from] move: Wish|[wisher] Alomomola\n|upkeep\n|turn|114\n|inactive|2vfish Staller has 25 seconds left this turn.\n|c| righteous light|oh lol\n|c|+OreoSpeedruns|:thumbsup:\n|c| righteous light|same idea ig\n|inactive|2vfish Staller has 20 seconds left.\n|inactive|2vfish Staller has 15 seconds left.\n|\n|t:|1698089119\n|switch|p1a: Clodsire|Clodsire, M|48\/100 frz\n|move|p2a: Arceus|Judgment|p1a: Clodsire\n|-resisted|p1a: Clodsire\n|-damage|p1a: Clodsire|35\/100 frz\n|\n|upkeep\n|turn|115\n|inactive|2vfish Staller has 20 seconds left this turn.\n|\n|t:|1698089122\n|switch|p2a: Koraidon|Koraidon|83\/100\n|-damage|p2a: Koraidon|77\/100|[from] Stealth Rock\n|-weather|SunnyDay|[from] ability: Orichalcum Pulse|[of] p2a: Koraidon\n|-activate|p2a: Koraidon|Orichalcum Pulse|[source]\n|cant|p1a: Clodsire|frz\n|\n|-weather|SunnyDay|[upkeep]\n|upkeep\n|turn|116\n|inactive|2vfish Staller has 25 seconds left this turn.\n|inactive|2vfish Staller has 20 seconds left.\n|\n|t:|1698089131\n|switch|p1a: Dondozo|Dondozo, M|83\/100 slp\n|move|p2a: Koraidon|Low Kick|p1a: Dondozo\n|-damage|p1a: Dondozo|40\/100 slp\n|\n|-weather|SunnyDay|[upkeep]\n|upkeep\n|turn|117\n|inactive|2vfish Staller has 25 seconds left this turn.\n|inactive|2vfish Staller has 20 seconds left.\n|\n|t:|1698089138\n|switch|p2a: Arceus|Arceus-Fairy|100\/100\n|-damage|p2a: Arceus|88\/100|[from] Stealth Rock\n|switch|p1a: Clefable|Clefable, M|75\/100 brn\n|\n|-weather|SunnyDay|[upkeep]\n|-heal|p1a: Clefable|81\/100 brn|[from] item: Leftovers\n|upkeep\n|turn|118\n|inactive|2vfish Staller has 25 seconds left this turn.\n|\n|t:|1698089142\n|switch|p1a: Clodsire|Clodsire, M|35\/100 frz\n|move|p2a: Arceus|Taunt|p1a: Clodsire\n|-start|p1a: Clodsire|move: Taunt\n|\n|-weather|SunnyDay|[upkeep]\n|upkeep\n|turn|119\n|inactive|2vfish Staller has 30 seconds left this turn.\n|\n|t:|1698089146\n|switch|p2a: Alomomola|Alomomola, M|96\/100 brn\n|-damage|p2a: Alomomola|84\/100 brn|[from] Stealth Rock\n|-curestatus|p1a: Clodsire|frz|[msg]\n|move|p1a: Clodsire|Poison Jab|p2a: Alomomola\n|-damage|p2a: Alomomola|73\/100 brn\n|-damage|p1a: Clodsire|18\/100|[from] item: Rocky Helmet|[of] p2a: Alomomola\n|\n|-weather|none\n|-damage|p2a: Alomomola|66\/100 brn|[from] brn\n|upkeep\n|turn|120\n|inactive|2vfish Staller has 30 seconds left.\n|\n|t:|1698089152\n|switch|p1a: Skeledirge|Skeledirge, F, tera:Fairy|95\/100\n|move|p2a: Alomomola|Wish|p2a: Alomomola\n|\n|-damage|p2a: Alomomola|60\/100 brn|[from] brn\n|upkeep\n|turn|121\n|\n|t:|1698089156\n|switch|p2a: Kyogre|Kyogre|33\/100 tox\n|-damage|p2a: Kyogre|20\/100 tox|[from] Stealth Rock\n|-weather|RainDance|[from] ability: Drizzle|[of] p2a: Kyogre\n|move|p1a: Skeledirge|Hex|p2a: Kyogre\n|-crit|p2a: Kyogre\n|-damage|p2a: Kyogre|0 fnt\n|faint|p2a: Kyogre\n|\n|-weather|RainDance|[upkeep]\n|upkeep\n|\n|t:|1698089160\n|switch|p2a: Arceus|Arceus-Fairy|88\/100\n|-damage|p2a: Arceus|76\/100|[from] Stealth Rock\n|turn|122\n|c|+OreoSpeedruns|gone\n|c| righteous light|reduced to atoms\n|c|\u26062vfish Staller|but it did its job\n|inactive|2vfish Staller has 30 seconds left.\n|c|\u26062vfish Staller|haxed bliss\n|\n|t:|1698089184\n|switch|p1a: Gliscor|Gliscor, M|70\/100 tox\n|-damage|p1a: Gliscor|57\/100 tox|[from] Stealth Rock\n|move|p2a: Arceus|Judgment|p1a: Gliscor\n|-damage|p1a: Gliscor|15\/100 tox\n|\n|-weather|RainDance|[upkeep]\n|-heal|p1a: Gliscor|27\/100 tox|[from] ability: Poison Heal\n|upkeep\n|turn|123\n|inactive|2vfish Staller has 30 seconds left this turn.\n|\n|t:|1698089193\n|move|p2a: Arceus|Taunt|p1a: Gliscor\n|-start|p1a: Gliscor|move: Taunt\n|cant|p1a: Gliscor|move: Taunt|Toxic\n|\n|-weather|RainDance|[upkeep]\n|-heal|p1a: Gliscor|40\/100 tox|[from] ability: Poison Heal\n|upkeep\n|turn|124\n|inactive|2vfish Staller has 30 seconds left this turn.\n|inactive|2vfish Staller has 20 seconds left.\n|\n|t:|1698089204\n|move|p2a: Arceus|Judgment|p1a: Gliscor\n|-damage|p1a: Gliscor|0 fnt\n|faint|p1a: Gliscor\n|\n|-weather|RainDance|[upkeep]\n|upkeep\n|inactive|2vfish Staller has 25 seconds left this turn.\n|\n|t:|1698089208\n|switch|p1a: Clefable|Clefable, M|81\/100 brn\n|turn|125\n|inactive|2vfish Staller has 30 seconds left this turn.\n|inactive|2vfish Staller has 20 seconds left.\n|\n|t:|1698089219\n|move|p2a: Arceus|Taunt|p1a: Clefable\n|-start|p1a: Clefable|move: Taunt\n|move|p1a: Clefable|Moonblast|p2a: Arceus\n|-damage|p2a: Arceus|55\/100\n|-unboost|p2a: Arceus|spa|1\n|\n|-weather|none\n|-heal|p1a: Clefable|87\/100 brn|[from] item: Leftovers\n|upkeep\n|turn|126\n|inactive|2vfish Staller has 25 seconds left this turn.\n|inactive|2vfish Staller has 20 seconds left.\n|\n|t:|1698089228\n|switch|p2a: Giratina|Giratina-Origin, tera:Steel|46\/100\n|-damage|p2a: Giratina|40\/100|[from] Stealth Rock\n|switch|p1a: Clodsire|Clodsire, M|18\/100\n|\n|upkeep\n|turn|127\n|inactive|2vfish Staller has 25 seconds left this turn.\n|inactive|2vfish Staller has 20 seconds left.\n|c|+OreoSpeedruns|see lbn\n|inactive|2vfish Staller has 15 seconds left.\n|\n|t:|1698089240\n|switch|p1a: Clefable|Clefable, M|87\/100 brn\n|move|p2a: Giratina|Poltergeist|p1a: Clefable\n|-activate|p1a: Clefable|move: Poltergeist|Leftovers\n|-damage|p1a: Clefable|28\/100 brn\n|\n|-heal|p1a: Clefable|35\/100 brn|[from] item: Leftovers\n|upkeep\n|turn|128\n|inactive|2vfish Staller has 20 seconds left this turn.\n|c|+OreoSpeedruns|you found your wincon\n|inactive|2vfish Staller has 15 seconds left.\n|\n|t:|1698089247\n|switch|p2a: Alomomola|Alomomola, M|94\/100 brn\n|-damage|p2a: Alomomola|81\/100 brn|[from] Stealth Rock\n|move|p1a: Clefable|Wish|p1a: Clefable\n|\n|-heal|p1a: Clefable|41\/100 brn|[from] item: Leftovers\n|-damage|p2a: Alomomola|75\/100 brn|[from] brn\n|upkeep\n|turn|129\n|inactive|2vfish Staller has 20 seconds left this turn.\n|inactive|2vfish Staller has 15 seconds left.\n|\n|t:|1698089254\n|move|p2a: Alomomola|Wish|p2a: Alomomola\n|move|p1a: Clefable|Moonblast|p2a: Alomomola\n|-damage|p2a: Alomomola|34\/100 brn\n|-unboost|p2a: Alomomola|spa|1\n|\n|-heal|p1a: Clefable|91\/100 brn|[from] move: Wish|[wisher] Clefable\n|-heal|p1a: Clefable|97\/100 brn|[from] item: Leftovers\n|-damage|p2a: Alomomola|28\/100 brn|[from] brn\n|upkeep\n|turn|130\n|inactive|2vfish Staller has 20 seconds left this turn.\n|inactive|2vfish Staller has 15 seconds left.\n|\n|t:|1698089261\n|switch|p2a: Arceus|Arceus-Fairy|55\/100\n|-damage|p2a: Arceus|43\/100|[from] Stealth Rock\n|move|p1a: Clefable|Wish|p1a: Clefable\n|\n|-heal|p2a: Arceus|100\/100|[from] move: Wish|[wisher] Alomomola\n|-heal|p1a: Clefable|100\/100 brn|[from] item: Leftovers\n|upkeep\n|turn|131\n|inactive|2vfish Staller has 20 seconds left this turn.\n|j| Yellow Spring Road\n|\n|t:|1698089266\n|switch|p2a: Koraidon|Koraidon|77\/100\n|-damage|p2a: Koraidon|71\/100|[from] Stealth Rock\n|-weather|SunnyDay|[from] ability: Orichalcum Pulse|[of] p2a: Koraidon\n|-activate|p2a: Koraidon|Orichalcum Pulse|[source]\n|switch|p1a: Clodsire|Clodsire, M|18\/100\n|\n|-weather|SunnyDay|[upkeep]\n|-heal|p1a: Clodsire|61\/100|[from] move: Wish|[wisher] Clefable\n|upkeep\n|turn|132\n|inactive|2vfish Staller has 25 seconds left this turn.\n|inactive|2vfish Staller has 20 seconds left.\n|inactive|2vfish Staller has 15 seconds left.\n|inactive|2vfish Staller has 10 seconds left.\n|\n|t:|1698089282\n|switch|p1a: Dondozo|Dondozo, M|40\/100 slp\n|move|p2a: Koraidon|Flare Blitz|p1a: Dondozo\n|-resisted|p1a: Dondozo\n|-damage|p1a: Dondozo|19\/100 slp\n|-damage|p2a: Koraidon|61\/100|[from] Recoil\n|\n|-weather|SunnyDay|[upkeep]\n|upkeep\n|turn|133\n|inactive|2vfish Staller has 15 seconds left this turn.\n|inactive|2vfish Staller has 10 seconds left.\n|\n|t:|1698089289\n|move|p2a: Koraidon|Flare Blitz|p1a: Dondozo\n|-resisted|p1a: Dondozo\n|-damage|p1a: Dondozo|0 fnt\n|faint|p1a: Dondozo\n|-damage|p2a: Koraidon|53\/100|[from] Recoil\n|\n|-weather|SunnyDay|[upkeep]\n|upkeep\n|inactive|2vfish Staller has 15 seconds left this turn.\n|inactive|2vfish Staller has 10 seconds left.\n|\n|t:|1698089294\n|switch|p1a: Clefable|Clefable, M|100\/100 brn\n|turn|134\n|inactive|2vfish Staller has 15 seconds left this turn.\n|\n|t:|1698089299\n|switch|p2a: Arceus|Arceus-Fairy|100\/100\n|-damage|p2a: Arceus|88\/100|[from] Stealth Rock\n|move|p1a: Clefable|Moonblast|p2a: Arceus\n|-damage|p2a: Arceus|69\/100\n|-unboost|p2a: Arceus|spa|1\n|\n|-weather|SunnyDay|[upkeep]\n|upkeep\n|turn|135\n|inactive|2vfish Staller has 20 seconds left this turn.\n|inactive|2vfish Staller has 15 seconds left.\n|\n|t:|1698089307\n|switch|p2a: Alomomola|Alomomola, M|62\/100 brn\n|-damage|p2a: Alomomola|49\/100 brn|[from] Stealth Rock\n|move|p1a: Clefable|Wish|p1a: Clefable\n|\n|-weather|none\n|-damage|p2a: Alomomola|43\/100 brn|[from] brn\n|upkeep\n|turn|136\n|inactive|2vfish Staller has 20 seconds left this turn.\n|inactive|2vfish Staller has 15 seconds left.\n|\n|t:|1698089312\n|move|p2a: Alomomola|Wish|p2a: Alomomola\n|move|p1a: Clefable|Moonblast|p2a: Alomomola\n|-damage|p2a: Alomomola|9\/100 brn\n|-unboost|p2a: Alomomola|spa|1\n|\n|-damage|p2a: Alomomola|2\/100 brn|[from] brn\n|upkeep\n|turn|137\n|inactive|2vfish Staller has 20 seconds left this turn.\n|inactive|2vfish Staller has 15 seconds left.\n|\n|t:|1698089319\n|switch|p1a: Clodsire|Clodsire, M|61\/100\n|move|p2a: Alomomola|Protect||[still]\n|-fail|p2a: Alomomola\n|\n|-heal|p2a: Alomomola|52\/100 brn|[from] move: Wish|[wisher] Alomomola\n|-damage|p2a: Alomomola|46\/100 brn|[from] brn\n|upkeep\n|turn|138\n|inactive|2vfish Staller has 20 seconds left this turn.\n|inactive|2vfish Staller has 15 seconds left.\n|inactive|2vfish Staller has 10 seconds left.\n|\n|t:|1698089331\n|move|p2a: Alomomola|Wish|p2a: Alomomola\n|move|p1a: Clodsire|Recover|p1a: Clodsire\n|-heal|p1a: Clodsire|100\/100\n|\n|-damage|p2a: Alomomola|40\/100 brn|[from] brn\n|upkeep\n|turn|139\n|inactive|2vfish Staller has 15 seconds left this turn.\n|inactive|2vfish Staller has 10 seconds left.\n|\n|t:|1698089337\n|switch|p2a: Giratina|Giratina-Origin, tera:Steel|40\/100\n|-damage|p2a: Giratina|34\/100|[from] Stealth Rock\n|switch|p1a: Skeledirge|Skeledirge, F, tera:Fairy|95\/100\n|\n|-heal|p2a: Giratina|87\/100|[from] move: Wish|[wisher] Alomomola\n|upkeep\n|turn|140\n|inactive|2vfish Staller has 15 seconds left this turn.\n|\n|t:|1698089344\n|move|p2a: Giratina|Will-O-Wisp|p1a: Skeledirge\n|-status|p1a: Skeledirge|brn\n|move|p1a: Skeledirge|Torch Song|p2a: Giratina\n|-supereffective|p2a: Giratina\n|-damage|p2a: Giratina|43\/100\n|-boost|p1a: Skeledirge|spa|1\n|\n|-damage|p1a: Skeledirge|89\/100 brn|[from] brn\n|upkeep\n|turn|141\n|inactive|2vfish Staller has 20 seconds left this turn.\n|\n|t:|1698089348\n|switch|p2a: Ting-Lu|Ting-Lu|61\/100 tox\n|-damage|p2a: Ting-Lu|55\/100 tox|[from] Stealth Rock\n|-ability|p2a: Ting-Lu|Vessel of Ruin\n|move|p1a: Skeledirge|Torch Song|p2a: Ting-Lu\n|-crit|p2a: Ting-Lu\n|-damage|p2a: Ting-Lu|25\/100 tox\n|-boost|p1a: Skeledirge|spa|1\n|\n|-damage|p2a: Ting-Lu|19\/100 tox|[from] psn\n|-damage|p1a: Skeledirge|82\/100 brn|[from] brn\n|upkeep\n|turn|142\n|inactive|2vfish Staller has 25 seconds left this turn.\n|\n|t:|1698089351\n|move|p1a: Skeledirge|Torch Song|p2a: Ting-Lu\n|-damage|p2a: Ting-Lu|0 fnt\n|-boost|p1a: Skeledirge|spa|1\n|faint|p2a: Ting-Lu\n|\n|-damage|p1a: Skeledirge|76\/100 brn|[from] brn\n|upkeep\n|inactive|2vfish Staller has 30 seconds left this turn.\n|\n|t:|1698089355\n|switch|p2a: Arceus|Arceus-Fairy|69\/100\n|-damage|p2a: Arceus|56\/100|[from] Stealth Rock\n|turn|143\n|inactive|2vfish Staller has 30 seconds left.\n|\n|t:|1698089362\n|move|p2a: Arceus|Judgment|p1a: Skeledirge\n|-damage|p1a: Skeledirge|27\/100 brn\n|move|p1a: Skeledirge|Torch Song|p2a: Arceus\n|-damage|p2a: Arceus|7\/100\n|-boost|p1a: Skeledirge|spa|1\n|\n|-damage|p1a: Skeledirge|21\/100 brn|[from] brn\n|upkeep\n|turn|144\n|inactive|2vfish Staller has 30 seconds left.\n|\n|t:|1698089369\n|switch|p1a: Clodsire|Clodsire, M|100\/100\n|move|p2a: Arceus|Judgment|p1a: Clodsire\n|-resisted|p1a: Clodsire\n|-damage|p1a: Clodsire|88\/100\n|\n|upkeep\n|turn|145\n|inactive|2vfish Staller has 30 seconds left.\n|\n|t:|1698089375\n|move|p2a: Arceus|Recover|p2a: Arceus\n|-heal|p2a: Arceus|57\/100\n|move|p1a: Clodsire|Poison Jab|p2a: Arceus\n|-supereffective|p2a: Arceus\n|-damage|p2a: Arceus|30\/100\n|-status|p2a: Arceus|psn\n|\n|-damage|p2a: Arceus|17\/100 psn|[from] psn\n|upkeep\n|turn|146\n|c|+OreoSpeedruns|that was certainly a game\n|\n|t:|1698089380\n|move|p2a: Arceus|Recover|p2a: Arceus\n|-heal|p2a: Arceus|67\/100 psn\n|move|p1a: Clodsire|Poison Jab|p2a: Arceus\n|-supereffective|p2a: Arceus\n|-damage|p2a: Arceus|42\/100 psn\n|\n|-damage|p2a: Arceus|30\/100 psn|[from] psn\n|upkeep\n|turn|147\n|c|\u26062vfish Staller|yea pretty fun\n|c|\u26062vfish Staller|ur decent\n|inactive|2vfish Staller has 30 seconds left.\n|\n|t:|1698089395\n|switch|p2a: Alomomola|Alomomola, M|73\/100 brn\n|-damage|p2a: Alomomola|61\/100 brn|[from] Stealth Rock\n|move|p1a: Clodsire|Poison Jab|p2a: Alomomola\n|-damage|p2a: Alomomola|50\/100 brn\n|-damage|p1a: Clodsire|71\/100|[from] item: Rocky Helmet|[of] p2a: Alomomola\n|\n|-damage|p2a: Alomomola|43\/100 brn|[from] brn\n|upkeep\n|turn|148\n|\n|t:|1698089400\n|switch|p2a: Koraidon|Koraidon|53\/100\n|-damage|p2a: Koraidon|46\/100|[from] Stealth Rock\n|-weather|SunnyDay|[from] ability: Orichalcum Pulse|[of] p2a: Koraidon\n|-activate|p2a: Koraidon|Orichalcum Pulse|[source]\n|switch|p1a: Clefable|Clefable, M|100\/100 brn\n|\n|-weather|SunnyDay|[upkeep]\n|upkeep\n|turn|149\n|\n|t:|1698089406\n|move|p2a: Koraidon|U-turn|p1a: Clefable\n|-resisted|p1a: Clefable\n|-damage|p1a: Clefable|88\/100 brn\n|c|+OreoSpeedruns|the goat lbn is more than decent\n|\n|t:|1698089410\n|switch|p2a: Arceus|Arceus-Fairy|30\/100 psn|[from] U-turn\n|-damage|p2a: Arceus|18\/100 psn|[from] Stealth Rock\n|move|p1a: Clefable|Moonblast|p2a: Arceus\n|-damage|p2a: Arceus|0 fnt\n|faint|p2a: Arceus\n|\n|-weather|SunnyDay|[upkeep]\n|-heal|p1a: Clefable|94\/100 brn|[from] item: Leftovers\n|upkeep\n|\n|t:|1698089412\n|switch|p2a: Alomomola|Alomomola, M|77\/100 brn\n|-damage|p2a: Alomomola|64\/100 brn|[from] Stealth Rock\n|turn|150\n|c|+OreoSpeedruns|upl champ\n|c|\u26062vfish Staller|jk ofc\n|c|\u26062vfish Staller|ur good\n|\n|t:|1698089426\n|move|p2a: Alomomola|Wish|p2a: Alomomola\n|move|p1a: Clefable|Moonblast|p2a: Alomomola\n|-damage|p2a: Alomomola|30\/100 brn\n|\n|-weather|SunnyDay|[upkeep]\n|-heal|p1a: Clefable|99\/100 brn|[from] item: Leftovers\n|-damage|p2a: Alomomola|23\/100 brn|[from] brn\n|upkeep\n|turn|151\n|\n|t:|1698089429\n|move|p2a: Alomomola|Protect|p2a: Alomomola\n|-singleturn|p2a: Alomomola|Protect\n|move|p1a: Clefable|Moonblast|p2a: Alomomola\n|-activate|p2a: Alomomola|move: Protect\n|\n|-weather|SunnyDay|[upkeep]\n|-heal|p2a: Alomomola|73\/100 brn|[from] move: Wish|[wisher] Alomomola\n|-heal|p1a: Clefable|100\/100 brn|[from] item: Leftovers\n|-damage|p2a: Alomomola|67\/100 brn|[from] brn\n|upkeep\n|turn|152\n|\n|t:|1698089433\n|move|p2a: Alomomola|Wish|p2a: Alomomola\n|move|p1a: Clefable|Wish|p1a: Clefable\n|\n|-weather|none\n|-damage|p2a: Alomomola|61\/100 brn|[from] brn\n|upkeep\n|turn|153\n|c|+OreoSpeedruns|you played quite well yourself\n|\n|t:|1698089439\n|switch|p2a: Giratina|Giratina-Origin, tera:Steel|43\/100\n|-damage|p2a: Giratina|36\/100|[from] Stealth Rock\n|move|p1a: Clefable|Moonblast|p2a: Giratina\n|-resisted|p2a: Giratina\n|-crit|p2a: Giratina\n|-damage|p2a: Giratina|21\/100\n|\n|-heal|p2a: Giratina|74\/100|[from] move: Wish|[wisher] Alomomola\n|upkeep\n|turn|154\n|\n|t:|1698089447\n|switch|p2a: Alomomola|Alomomola, M|94\/100 brn\n|-damage|p2a: Alomomola|82\/100 brn|[from] Stealth Rock\n|move|p1a: Clefable|Moonblast|p2a: Alomomola\n|-damage|p2a: Alomomola|44\/100 brn\n|-unboost|p2a: Alomomola|spa|1\n|\n|-damage|p2a: Alomomola|37\/100 brn|[from] brn\n|upkeep\n|turn|155\n|\n|t:|1698089453\n|move|p2a: Alomomola|Protect|p2a: Alomomola\n|-singleturn|p2a: Alomomola|Protect\n|move|p1a: Clefable|Moonblast|p2a: Alomomola\n|-activate|p2a: Alomomola|move: Protect\n|\n|-damage|p2a: Alomomola|31\/100 brn|[from] brn\n|upkeep\n|turn|156\n|\n|t:|1698089455\n|switch|p2a: Giratina|Giratina-Origin, tera:Steel|74\/100\n|-damage|p2a: Giratina|68\/100|[from] Stealth Rock\n|move|p1a: Clefable|Moonblast|p2a: Giratina\n|-resisted|p2a: Giratina\n|-damage|p2a: Giratina|57\/100\n|\n|upkeep\n|turn|157\n|inactive|2vfish Staller has 60 seconds left.\n|\n|t:|1698089461\n|move|p2a: Giratina|Defog|p1a: Clefable\n|-unboost|p1a: Clefable|evasion|1\n|-sideend|p1: 2vfish Staller|Stealth Rock|[from] move: Defog|[of] p2a: Giratina\n|-sideend|p2: Luna's Bann3d Now|Stealth Rock|[from] move: Defog|[of] p2a: Giratina\n|move|p1a: Clefable|Wish|p1a: Clefable\n|\n|upkeep\n|turn|158\n|\n|t:|1698089470\n|switch|p2a: Koraidon|Koraidon|46\/100\n|-weather|SunnyDay|[from] ability: Orichalcum Pulse|[of] p2a: Koraidon\n|-activate|p2a: Koraidon|Orichalcum Pulse|[source]\n|switch|p1a: Skeledirge|Skeledirge, F, tera:Fairy|21\/100 brn\n|\n|-weather|SunnyDay|[upkeep]\n|-heal|p1a: Skeledirge|69\/100 brn|[from] move: Wish|[wisher] Clefable\n|-damage|p1a: Skeledirge|63\/100 brn|[from] brn\n|upkeep\n|turn|159\n|inactive|2vfish Staller has 60 seconds left.\n|c| Yellow Spring Road|goat lbn\n|\n|t:|1698089486\n|move|p2a: Koraidon|Flare Blitz|p1a: Skeledirge\n|-damage|p1a: Skeledirge|10\/100 brn\n|-damage|p2a: Koraidon|27\/100|[from] Recoil\n|move|p1a: Skeledirge|Will-O-Wisp|p2a: Koraidon\n|-status|p2a: Koraidon|brn\n|\n|-weather|SunnyDay|[upkeep]\n|-damage|p2a: Koraidon|20\/100 brn|[from] brn\n|-damage|p1a: Skeledirge|4\/100 brn|[from] brn\n|upkeep\n|turn|160\n|\n|t:|1698089491\n|switch|p1a: Clefable|Clefable, M|100\/100 brn\n|move|p2a: Koraidon|Flare Blitz|p1a: Clefable\n|-damage|p1a: Clefable|68\/100 brn\n|-damage|p2a: Koraidon|8\/100 brn|[from] Recoil\n|\n|-weather|SunnyDay|[upkeep]\n|-heal|p1a: Clefable|74\/100 brn|[from] item: Leftovers\n|-damage|p2a: Koraidon|2\/100 brn|[from] brn\n|upkeep\n|turn|161\n|c|\u2606Luna's Bann3d Now|yea thats wraps\n|c|\u2606Luna's Bann3d Now|gg\n|c|\u26062vfish Staller|gg\n|-message|Luna's Bann3d Now forfeited.\n|\n|win|2vfish Staller\n|n|\u26062vfish Staller|2vfishstaller\n|n|\u2606Luna's Bann3d Now|lunasbann3dnow\n|n| righteous light|righteouslight\n|n| corvere\u2665|corvere\n|n| OreoSpeedruns|oreospeedruns\n|n| Uber45|uber45\n|n| Yellow Spring Road|yellowspringroad\n|l| righteous light\n|l|\u26062vfish Staller\n|l| OreoSpeedruns\n|l| Uber45\n|l| corvere\u2665\n|l|\u2606Luna's Bann3d Now\n|l| Yellow Spring Road\n|j|\u26062vfish Staller\n|player|p1|2vfish Staller|red\n","uploadtime":1698089501,"views":15,"p1id":"2vfishstaller","p2id":"lunasbann3dnow","formatid":"gen9ubers","rating":0,"private":0,"password":""}