{"id":"gen9ubers-1998281062","p1":"Navalior","p2":"trialteam98","format":"[Gen 9] Ubers","log":"|j|\u2606Navalior\n|j|\u2606trialteam98\n|t:|1700924140\n|gametype|singles\n|player|p1|Navalior|266|1125\n|player|p2|trialteam98|lady-gen4|1123\n|teamsize|p1|6\n|teamsize|p2|6\n|gen|9\n|tier|[Gen 9] Ubers\n|rated|\n|rule|Sleep Clause Mod: Limit one foe put to sleep\n|rule|Species Clause: Limit one of each Pok\u00e9mon\n|rule|OHKO Clause: OHKO moves are banned\n|rule|Evasion Items Clause: Evasion items are banned\n|rule|Evasion Moves Clause: Evasion moves are banned\n|rule|Endless Battle Clause: Forcing endless battles is banned\n|rule|HP Percentage Mod: HP is shown in percentages\n|clearpoke\n|poke|p1|Blissey, F|\n|poke|p1|Gliscor, F|\n|poke|p1|Empoleon, M|\n|poke|p1|Scizor, F|\n|poke|p1|Sneasler, M|\n|poke|p1|Rotom-Wash|\n|poke|p2|Skeledirge, M|\n|poke|p2|Hippowdon, F|\n|poke|p2|Hatterene, F|\n|poke|p2|Blissey, F|\n|poke|p2|Chansey, F|\n|poke|p2|Clefable, F|\n|teampreview\n|\n|t:|1700924153\n|start\n|switch|p1a: Gliscor|Gliscor, F|100\/100\n|switch|p2a: Hippowdon|Hippowdon, F|100\/100\n|-weather|Sandstorm|[from] ability: Sand Stream|[of] p2a: Hippowdon\n|turn|1\n|inactive|Battle timer is ON: inactive players will automatically lose when time's up. (requested by Navalior)\n|\n|t:|1700924160\n|switch|p2a: Hatterene|Hatterene, F|100\/100\n|move|p1a: Gliscor|Toxic Spikes|p2a: Hatterene\n|move|p2a: Hatterene|Toxic Spikes|p1a: Gliscor|[from]ability: Magic Bounce\n|-sidestart|p1: Navalior|move: Toxic Spikes\n|\n|-weather|Sandstorm|[upkeep]\n|-damage|p2a: Hatterene|95\/100|[from] Sandstorm\n|-status|p1a: Gliscor|tox|[from] item: Toxic Orb\n|upkeep\n|turn|2\n|\n|t:|1700924168\n|switch|p1a: Sneasler|Sneasler, M|100\/100\n|-sideend|p1: Navalior|move: Toxic Spikes|[of] p1a: Sneasler\n|-terastallize|p2a: Hatterene|Grass\n|move|p2a: Hatterene|Calm Mind|p2a: Hatterene\n|-boost|p2a: Hatterene|spa|1\n|-boost|p2a: Hatterene|spd|1\n|\n|-weather|Sandstorm|[upkeep]\n|-damage|p1a: Sneasler|95\/100|[from] Sandstorm\n|-damage|p2a: Hatterene|89\/100|[from] Sandstorm\n|upkeep\n|turn|3\n|\n|t:|1700924180\n|switch|p2a: Hippowdon|Hippowdon, F|100\/100\n|move|p1a: Sneasler|Fake Out|p2a: Hippowdon\n|-damage|p2a: Hippowdon|90\/100\n|-damage|p1a: Sneasler|85\/100|[from] item: Life Orb\n|\n|-weather|Sandstorm|[upkeep]\n|-damage|p1a: Sneasler|79\/100|[from] Sandstorm\n|-heal|p2a: Hippowdon|97\/100|[from] item: Leftovers\n|upkeep\n|turn|4\n|\n|t:|1700924185\n|move|p1a: Sneasler|U-turn|p2a: Hippowdon\n|-damage|p2a: Hippowdon|80\/100\n|-damage|p1a: Sneasler|69\/100|[from] item: Life Orb\n|\n|t:|1700924189\n|switch|p1a: Rotom|Rotom-Wash|100\/100|[from] U-turn\n|move|p2a: Hippowdon|Stealth Rock|p1a: Rotom\n|-sidestart|p1: Navalior|move: Stealth Rock\n|\n|-weather|Sandstorm|[upkeep]\n|-damage|p1a: Rotom|94\/100|[from] Sandstorm\n|-heal|p2a: Hippowdon|86\/100|[from] item: Leftovers\n|upkeep\n|turn|5\n|\n|t:|1700924197\n|switch|p2a: Blissey|Blissey, F|100\/100\n|move|p1a: Rotom|Hydro Pump|p2a: Blissey|[miss]\n|-miss|p1a: Rotom|p2a: Blissey\n|\n|-weather|none\n|upkeep\n|turn|6\n|\n|t:|1700924201\n|switch|p1a: Scizor|Scizor, F|100\/100\n|-damage|p1a: Scizor|88\/100|[from] Stealth Rock\n|move|p2a: Blissey|Shadow Ball|p1a: Scizor\n|-damage|p1a: Scizor|72\/100\n|\n|upkeep\n|turn|7\n|\n|t:|1700924209\n|switch|p2a: Hippowdon|Hippowdon, F|86\/100\n|-weather|Sandstorm|[from] ability: Sand Stream|[of] p2a: Hippowdon\n|move|p1a: Scizor|Bullet Punch|p2a: Hippowdon\n|-damage|p2a: Hippowdon|61\/100\n|\n|-weather|Sandstorm|[upkeep]\n|-heal|p2a: Hippowdon|68\/100|[from] item: Leftovers\n|upkeep\n|turn|8\n|-message|Navalior forfeited.\n|\n|win|trialteam98\n|raw|Navalior's rating: 1125 &rarr; <strong>1100<\/strong><br \/>(-25 for losing)\n|raw|trialteam98's rating: 1123 &rarr; <strong>1148<\/strong><br \/>(+25 for winning)\n|l|\u2606Navalior\n","uploadtime":1700924218,"views":4,"p1id":"navalior","p2id":"trialteam98","formatid":"gen9ubers","rating":1100,"private":0,"password":""}