{"id":"gen9ubers-1999356411","p1":"Hydrolucario","p2":"Piggins","format":"[Gen 9] Ubers","log":"|j|\u2606Hydrolucario\n|j|\u2606Piggins\n|t:|1701065866\n|gametype|singles\n|player|p1|Hydrolucario|170|\n|player|p2|Piggins|pokekid|\n|teamsize|p1|6\n|teamsize|p2|6\n|gen|9\n|tier|[Gen 9] Ubers\n|rule|Sleep Clause Mod: Limit one foe put to sleep\n|rule|Species Clause: Limit one of each Pok\u00e9mon\n|rule|OHKO Clause: OHKO moves are banned\n|rule|Evasion Items Clause: Evasion items are banned\n|rule|Evasion Moves Clause: Evasion moves are banned\n|rule|Endless Battle Clause: Forcing endless battles is banned\n|rule|HP Percentage Mod: HP is shown in percentages\n|clearpoke\n|poke|p1|Okidogi, M|\n|poke|p1|Roaring Moon|\n|poke|p1|Dachsbun, M|\n|poke|p1|Iron Treads|\n|poke|p1|Vaporeon, M|\n|poke|p1|Tornadus-Therian, M|\n|poke|p2|Iron Moth|\n|poke|p2|Clefable, F|\n|poke|p2|Kleavor, F|\n|poke|p2|Quaquaval, F|\n|poke|p2|Rotom-Heat|\n|poke|p2|Magnezone|\n|teampreview\n|c|\u2606Hydrolucario|gl my goat\n|c|\u2606Piggins|thanks dad\n|\n|t:|1701065909\n|start\n|switch|p1a: Iron Treads|Iron Treads|100\/100\n|switch|p2a: Kleavor|Kleavor, F|100\/100\n|turn|1\n|\n|t:|1701065925\n|move|p2a: Kleavor|Close Combat|p1a: Iron Treads\n|-supereffective|p1a: Iron Treads\n|-damage|p1a: Iron Treads|44\/100\n|-unboost|p2a: Kleavor|def|1\n|-unboost|p2a: Kleavor|spd|1\n|move|p1a: Iron Treads|Iron Head|p2a: Kleavor\n|-supereffective|p2a: Kleavor\n|-damage|p2a: Kleavor|0 fnt\n|faint|p2a: Kleavor\n|\n|-heal|p1a: Iron Treads|50\/100|[from] item: Leftovers\n|upkeep\n|\n|t:|1701065956\n|switch|p2a: Ducky|Quaquaval, F|100\/100\n|turn|2\n|\n|t:|1701065967\n|-end|p1a: Iron Treads|Quark Drive|[silent]\n|switch|p1a: Vaporeon|Vaporeon, M|100\/100\n|move|p2a: Ducky|Close Combat|p1a: Vaporeon\n|-damage|p1a: Vaporeon|49\/100\n|-unboost|p2a: Ducky|def|1\n|-unboost|p2a: Ducky|spd|1\n|\n|-heal|p1a: Vaporeon|55\/100|[from] item: Leftovers\n|upkeep\n|turn|3\n|\n|t:|1701065978\n|switch|p2a: Clefable|Clefable, F, shiny|100\/100\n|switch|p1a: Tornadus|Tornadus-Therian, M|100\/100\n|\n|upkeep\n|turn|4\n|\n|t:|1701065989\n|move|p1a: Tornadus|Bleakwind Storm|p2a: Clefable|[miss]\n|-miss|p1a: Tornadus|p2a: Clefable\n|move|p2a: Clefable|Moonblast|p1a: Tornadus\n|-damage|p1a: Tornadus|67\/100\n|\n|upkeep\n|turn|5\n|\n|t:|1701065994\n|switch|p1a: Dachsbun|Dachsbun, M|100\/100\n|move|p2a: Clefable|Calm Mind|p2a: Clefable\n|-boost|p2a: Clefable|spa|1\n|-boost|p2a: Clefable|spd|1\n|\n|upkeep\n|turn|6\n|\n|t:|1701066018\n|move|p1a: Dachsbun|Yawn|p2a: Clefable\n|-start|p2a: Clefable|move: Yawn|[of] p1a: Dachsbun\n|move|p2a: Clefable|Moonblast|p1a: Dachsbun\n|-damage|p1a: Dachsbun|55\/100\n|\n|-heal|p1a: Dachsbun|61\/100|[from] item: Leftovers\n|upkeep\n|turn|7\n|\n|t:|1701066034\n|switch|p2a: Rotom|Rotom-Heat, shiny|100\/100\n|move|p1a: Dachsbun|Wish|p1a: Dachsbun\n|\n|-heal|p1a: Dachsbun|67\/100|[from] item: Leftovers\n|upkeep\n|turn|8\n|\n|t:|1701066047\n|move|p1a: Dachsbun|Yawn|p2a: Rotom\n|-start|p2a: Rotom|move: Yawn|[of] p1a: Dachsbun\n|move|p2a: Rotom|Thunder Wave|p1a: Dachsbun\n|-status|p1a: Dachsbun|par\n|\n|-heal|p1a: Dachsbun|100\/100 par|[from] move: Wish|[wisher] Dachsbun\n|upkeep\n|turn|9\n|\n|t:|1701066055\n|switch|p2a: Clefable|Clefable, F, shiny|100\/100\n|move|p1a: Dachsbun|Wish|p1a: Dachsbun\n|\n|upkeep\n|turn|10\n|\n|t:|1701066073\n|switch|p1a: Iron Treads|Iron Treads|50\/100\n|move|p2a: Clefable|Protect||[still]\n|-fail|p2a: Clefable\n|\n|-heal|p1a: Iron Treads|92\/100|[from] move: Wish|[wisher] Dachsbun\n|-heal|p1a: Iron Treads|98\/100|[from] item: Leftovers\n|upkeep\n|turn|11\n|\n|t:|1701066095\n|switch|p2a: Rotom|Rotom-Heat, shiny|100\/100\n|move|p1a: Iron Treads|Stealth Rock|p2a: Rotom\n|-sidestart|p2: Piggins|move: Stealth Rock\n|\n|-heal|p1a: Iron Treads|100\/100|[from] item: Leftovers\n|upkeep\n|turn|12\n|\n|t:|1701066103\n|-end|p1a: Iron Treads|Quark Drive|[silent]\n|switch|p1a: Dachsbun|Dachsbun, M|100\/100 par\n|move|p2a: Rotom|Overheat|p1a: Dachsbun\n|-ability|p1a: Dachsbun|Well-Baked Body|boost\n|-boost|p1a: Dachsbun|def|2\n|\n|upkeep\n|turn|13\n|\n|t:|1701066112\n|move|p2a: Rotom|Volt Switch|p1a: Dachsbun\n|-damage|p1a: Dachsbun|78\/100 par\n|\n|t:|1701066120\n|switch|p2a: Magnezone|Magnezone, shiny|100\/100|[from] Volt Switch\n|move|p1a: Dachsbun|Yawn|p2a: Magnezone\n|-start|p2a: Magnezone|move: Yawn|[of] p1a: Dachsbun\n|\n|-heal|p1a: Dachsbun|84\/100 par|[from] item: Leftovers\n|upkeep\n|turn|14\n|\n|t:|1701066131\n|switch|p1a: Iron Treads|Iron Treads|100\/100\n|move|p2a: Magnezone|Steel Beam|p1a: Iron Treads\n|-resisted|p1a: Iron Treads\n|-damage|p1a: Iron Treads|57\/100\n|-damage|p2a: Magnezone|50\/100|[from] steelbeam\n|\n|-heal|p1a: Iron Treads|63\/100|[from] item: Leftovers\n|-end|p2a: Magnezone|move: Yawn|[silent]\n|-status|p2a: Magnezone|slp\n|upkeep\n|turn|15\n|\n|t:|1701066147\n|-end|p1a: Iron Treads|Quark Drive|[silent]\n|switch|p1a: Okidogi|Okidogi, M|100\/100\n|switch|p2a: Ducky|Quaquaval, F|100\/100\n|-damage|p2a: Ducky|94\/100|[from] Stealth Rock\n|\n|-heal|p2a: Ducky|100\/100|[from] item: Leftovers\n|upkeep\n|turn|16\n|\n|t:|1701066200\n|switch|p1a: Tornadus|Tornadus-Therian, M|99\/100\n|-terastallize|p2a: Ducky|Steel\n|move|p2a: Ducky|Swords Dance|p2a: Ducky\n|-boost|p2a: Ducky|atk|2\n|\n|upkeep\n|turn|17\n|\n|t:|1701066262\n|switch|p1a: Vaporeon|Vaporeon, M|55\/100\n|move|p2a: Ducky|Aqua Step|p1a: Vaporeon\n|-heal|p1a: Vaporeon|80\/100|[from] ability: Water Absorb|[of] p2a: Ducky\n|\n|-heal|p1a: Vaporeon|86\/100|[from] item: Leftovers\n|upkeep\n|turn|18\n|\n|t:|1701066272\n|move|p2a: Ducky|Close Combat|p1a: Vaporeon\n|-damage|p1a: Vaporeon|0 fnt\n|-unboost|p2a: Ducky|def|1\n|-unboost|p2a: Ducky|spd|1\n|faint|p1a: Vaporeon\n|-ability|p2a: Ducky|Moxie|boost\n|-boost|p2a: Ducky|atk|1\n|\n|upkeep\n|\n|t:|1701066276\n|switch|p1a: Tornadus|Tornadus-Therian, M|100\/100\n|turn|19\n|\n|t:|1701066281\n|-terastallize|p1a: Tornadus|Ground\n|move|p1a: Tornadus|Tera Blast|p2a: Ducky|[anim] Tera Blast Ground\n|-supereffective|p2a: Ducky\n|-damage|p2a: Ducky|0 fnt\n|faint|p2a: Ducky\n|\n|upkeep\n|\n|t:|1701066291\n|switch|p2a: Rotom|Rotom-Heat, shiny|100\/100\n|-damage|p2a: Rotom|75\/100|[from] Stealth Rock\n|turn|20\n|\n|t:|1701066297\n|switch|p1a: Dachsbun|Dachsbun, M|84\/100 par\n|move|p2a: Rotom|Overheat|p1a: Dachsbun\n|-ability|p1a: Dachsbun|Well-Baked Body|boost\n|-boost|p1a: Dachsbun|def|2\n|\n|-heal|p2a: Rotom|82\/100|[from] item: Leftovers\n|-heal|p1a: Dachsbun|90\/100 par|[from] item: Leftovers\n|upkeep\n|turn|21\n|\n|t:|1701066307\n|switch|p2a: Clefable|Clefable, F, shiny|100\/100\n|cant|p1a: Dachsbun|par\n|\n|-heal|p1a: Dachsbun|96\/100 par|[from] item: Leftovers\n|upkeep\n|turn|22\n|\n|t:|1701066324\n|switch|p1a: Iron Treads|Iron Treads|63\/100\n|move|p2a: Clefable|Wish|p2a: Clefable\n|\n|-heal|p1a: Iron Treads|69\/100|[from] item: Leftovers\n|upkeep\n|turn|23\n|\n|t:|1701066332\n|switch|p2a: Iron Moth|Iron Moth|100\/100\n|-damage|p2a: Iron Moth|76\/100|[from] Stealth Rock\n|move|p1a: Iron Treads|Earthquake|p2a: Iron Moth\n|-supereffective|p2a: Iron Moth\n|-damage|p2a: Iron Moth|0 fnt\n|faint|p2a: Iron Moth\n|-end|p2a: Iron Moth|Quark Drive|[silent]\n|\n|-heal|p1a: Iron Treads|75\/100|[from] item: Leftovers\n|upkeep\n|\n|t:|1701066338\n|switch|p2a: Rotom|Rotom-Heat, shiny|82\/100\n|-damage|p2a: Rotom|57\/100|[from] Stealth Rock\n|turn|24\n|\n|t:|1701066344\n|-end|p1a: Iron Treads|Quark Drive|[silent]\n|switch|p1a: Dachsbun|Dachsbun, M|96\/100 par\n|move|p2a: Rotom|Volt Switch|p1a: Dachsbun\n|-damage|p1a: Dachsbun|73\/100 par\n|\n|t:|1701066350\n|switch|p2a: Magnezone|Magnezone, shiny|50\/100 slp|[from] Volt Switch\n|\n|-heal|p1a: Dachsbun|79\/100 par|[from] item: Leftovers\n|upkeep\n|turn|25\n|\n|t:|1701066354\n|switch|p1a: Iron Treads|Iron Treads|75\/100\n|cant|p2a: Magnezone|slp\n|\n|-heal|p1a: Iron Treads|82\/100|[from] item: Leftovers\n|upkeep\n|turn|26\n|\n|t:|1701066358\n|move|p1a: Iron Treads|Rapid Spin|p2a: Magnezone\n|-resisted|p2a: Magnezone\n|-damage|p2a: Magnezone|44\/100 slp\n|-boost|p1a: Iron Treads|spe|1\n|cant|p2a: Magnezone|slp\n|\n|-heal|p1a: Iron Treads|88\/100|[from] item: Leftovers\n|upkeep\n|turn|27\n|\n|t:|1701066367\n|move|p1a: Iron Treads|Earthquake|p2a: Magnezone\n|-supereffective|p2a: Magnezone\n|-damage|p2a: Magnezone|0 fnt\n|faint|p2a: Magnezone\n|\n|-heal|p1a: Iron Treads|94\/100|[from] item: Leftovers\n|upkeep\n|\n|t:|1701066369\n|switch|p2a: Rotom|Rotom-Heat, shiny|57\/100\n|-damage|p2a: Rotom|32\/100|[from] Stealth Rock\n|turn|28\n|\n|t:|1701066373\n|move|p1a: Iron Treads|Rapid Spin|p2a: Rotom\n|-damage|p2a: Rotom|20\/100\n|-boost|p1a: Iron Treads|spe|1\n|move|p2a: Rotom|Overheat|p1a: Iron Treads\n|-supereffective|p1a: Iron Treads\n|-damage|p1a: Iron Treads|0 fnt\n|-unboost|p2a: Rotom|spa|2\n|faint|p1a: Iron Treads\n|-end|p1a: Iron Treads|Quark Drive|[silent]\n|\n|-heal|p2a: Rotom|26\/100|[from] item: Leftovers\n|upkeep\n|\n|t:|1701066380\n|switch|p1a: Okidogi|Okidogi, M|100\/100\n|turn|29\n|\n|t:|1701066387\n|move|p2a: Rotom|Thunder Wave|p1a: Okidogi\n|-status|p1a: Okidogi|par\n|move|p1a: Okidogi|Knock Off|p2a: Rotom\n|-damage|p2a: Rotom|4\/100\n|-enditem|p2a: Rotom|Leftovers|[from] move: Knock Off|[of] p1a: Okidogi\n|\n|upkeep\n|turn|30\n|\n|t:|1701066398\n|move|p2a: Rotom|Overheat|p1a: Okidogi\n|-damage|p1a: Okidogi|88\/100 par\n|-unboost|p2a: Rotom|spa|2\n|move|p1a: Okidogi|Gunk Shot|p2a: Rotom\n|-damage|p2a: Rotom|0 fnt\n|faint|p2a: Rotom\n|\n|upkeep\n|\n|t:|1701066401\n|switch|p2a: Clefable|Clefable, F, shiny|100\/100\n|turn|31\n|\n|t:|1701066406\n|move|p2a: Clefable|Wish|p2a: Clefable\n|move|p1a: Okidogi|Gunk Shot|p2a: Clefable\n|-supereffective|p2a: Clefable\n|-damage|p2a: Clefable|18\/100\n|\n|-heal|p2a: Clefable|24\/100|[from] item: Leftovers\n|upkeep\n|turn|32\n|\n|t:|1701066410\n|move|p2a: Clefable|Protect|p2a: Clefable\n|-singleturn|p2a: Clefable|Protect\n|cant|p1a: Okidogi|par\n|\n|-heal|p2a: Clefable|74\/100|[from] move: Wish|[wisher] Clefable\n|-heal|p2a: Clefable|80\/100|[from] item: Leftovers\n|upkeep\n|turn|33\n|\n|t:|1701066418\n|move|p2a: Clefable|Wish|p2a: Clefable\n|move|p1a: Okidogi|Knock Off|p2a: Clefable\n|-resisted|p2a: Clefable\n|-damage|p2a: Clefable|69\/100\n|-enditem|p2a: Clefable|Leftovers|[from] move: Knock Off|[of] p1a: Okidogi\n|\n|upkeep\n|turn|34\n|\n|t:|1701066424\n|switch|p1a: Dachsbun|Dachsbun, M|79\/100 par\n|move|p2a: Clefable|Calm Mind|p2a: Clefable\n|-boost|p2a: Clefable|spa|1\n|-boost|p2a: Clefable|spd|1\n|\n|-heal|p2a: Clefable|100\/100|[from] move: Wish|[wisher] Clefable\n|-heal|p1a: Dachsbun|85\/100 par|[from] item: Leftovers\n|upkeep\n|turn|35\n|\n|t:|1701066428\n|move|p2a: Clefable|Moonblast|p1a: Dachsbun\n|-damage|p1a: Dachsbun|45\/100 par\n|move|p1a: Dachsbun|Yawn|p2a: Clefable\n|-start|p2a: Clefable|move: Yawn|[of] p1a: Dachsbun\n|\n|-heal|p1a: Dachsbun|50\/100 par|[from] item: Leftovers\n|upkeep\n|turn|36\n|\n|t:|1701066437\n|switch|p1a: Okidogi|Okidogi, M|88\/100 par\n|move|p2a: Clefable|Calm Mind|p2a: Clefable\n|-boost|p2a: Clefable|spa|1\n|-boost|p2a: Clefable|spd|1\n|\n|-end|p2a: Clefable|move: Yawn|[silent]\n|-status|p2a: Clefable|slp\n|upkeep\n|turn|37\n|\n|t:|1701066440\n|cant|p2a: Clefable|slp\n|move|p1a: Okidogi|Gunk Shot|p2a: Clefable\n|-supereffective|p2a: Clefable\n|-damage|p2a: Clefable|20\/100 slp\n|\n|upkeep\n|turn|38\n|\n|t:|1701066444\n|cant|p2a: Clefable|slp\n|cant|p1a: Okidogi|par\n|\n|upkeep\n|turn|39\n|\n|t:|1701066446\n|cant|p2a: Clefable|slp\n|cant|p1a: Okidogi|par\n|\n|upkeep\n|turn|40\n|\n|t:|1701066447\n|-curestatus|p2a: Clefable|slp|[msg]\n|move|p2a: Clefable|Wish|p2a: Clefable\n|move|p1a: Okidogi|Gunk Shot|p2a: Clefable\n|-supereffective|p2a: Clefable\n|-crit|p2a: Clefable\n|-damage|p2a: Clefable|0 fnt\n|faint|p2a: Clefable\n|\n|win|Hydrolucario\n|c|\u2606Hydrolucario|gg\n","uploadtime":1701066457,"views":5,"p1id":"hydrolucario","p2id":"piggins","formatid":"gen9ubers","rating":0,"private":0,"password":""}