{"id":"gen9ubers-1978667152","p1":"NaokiS2","p2":"time is over","format":"[Gen 9] Ubers","log":"|j|\u2606NaokiS2\n|j|\u2606time is over\n|inactive|Battle timer is ON: inactive players will automatically lose when time's up.\n|t:|1698578001\n|gametype|singles\n|player|p1|NaokiS2|marnie-masters3|\n|player|p2|time is over|policeman-gen4|\n|teamsize|p1|6\n|teamsize|p2|6\n|gen|9\n|tier|[Gen 9] Ubers\n|rated|Tournament battle\n|rule|Sleep Clause Mod: Limit one foe put to sleep\n|rule|Species Clause: Limit one of each Pok\u00e9mon\n|rule|OHKO Clause: OHKO moves are banned\n|rule|Evasion Items Clause: Evasion items are banned\n|rule|Evasion Moves Clause: Evasion moves are banned\n|rule|Endless Battle Clause: Forcing endless battles is banned\n|rule|HP Percentage Mod: HP is shown in percentages\n|clearpoke\n|poke|p1|Kyogre|\n|poke|p1|Koraidon|\n|poke|p1|Iron Treads|\n|poke|p1|Eternatus|\n|poke|p1|Arceus-Fairy|\n|poke|p1|Kingambit, F|\n|poke|p2|Arceus-Ground|\n|poke|p2|Koraidon|\n|poke|p2|Hatterene, F|\n|poke|p2|Clodsire, M|\n|poke|p2|Miraidon|\n|poke|p2|Wo-Chien|\n|teampreview\n|j|*Lady Monita \u263d\n|inactive|time is over has 120 seconds left.\n|\n|t:|1698578043\n|start\n|switch|p1a: Iron Treads|Iron Treads|100\/100\n|switch|p2a: Miraidon|Miraidon|100\/100\n|-fieldstart|move: Electric Terrain|[from] ability: Hadron Engine|[of] p2a: Miraidon\n|-activate|p1a: Iron Treads|ability: Quark Drive\n|-start|p1a: Iron Treads|quarkdrivespd\n|turn|1\n|\n|t:|1698578048\n|switch|p2a: Hatterene|Hatterene, F|100\/100\n|move|p1a: Iron Treads|Earthquake|p2a: Hatterene\n|-damage|p2a: Hatterene|69\/100\n|\n|-heal|p2a: Hatterene|75\/100|[from] item: Leftovers\n|upkeep\n|turn|2\n|\n|t:|1698578054\n|switch|p2a: Arceus|Arceus-Ground|100\/100\n|move|p1a: Iron Treads|Earthquake|p2a: Arceus\n|-damage|p2a: Arceus|75\/100\n|\n|upkeep\n|turn|3\n|\n|t:|1698578058\n|move|p2a: Arceus|Judgment|p1a: Iron Treads\n|-supereffective|p1a: Iron Treads\n|-damage|p1a: Iron Treads|22\/100\n|move|p1a: Iron Treads|Stealth Rock|p2a: Arceus\n|-sidestart|p2: time is over|move: Stealth Rock\n|\n|upkeep\n|turn|4\n|\n|t:|1698578066\n|-end|p1a: Iron Treads|Quark Drive|[silent]\n|switch|p1a: Kyogre|Kyogre|100\/100\n|-weather|RainDance|[from] ability: Drizzle|[of] p1a: Kyogre\n|move|p2a: Arceus|Recover|p2a: Arceus\n|-heal|p2a: Arceus|100\/100\n|\n|-weather|RainDance|[upkeep]\n|upkeep\n|turn|5\n|\n|t:|1698578069\n|switch|p2a: Wo-Chien|Wo-Chien|100\/100\n|-damage|p2a: Wo-Chien|88\/100|[from] Stealth Rock\n|-ability|p2a: Wo-Chien|Tablets of Ruin\n|move|p1a: Kyogre|Ice Beam|p2a: Wo-Chien\n|-supereffective|p2a: Wo-Chien\n|-damage|p2a: Wo-Chien|40\/100\n|\n|-weather|RainDance|[upkeep]\n|-heal|p2a: Wo-Chien|46\/100|[from] item: Leftovers\n|-fieldend|move: Electric Terrain\n|upkeep\n|turn|6\n|\n|t:|1698578077\n|switch|p1a: Koraidon|Koraidon|100\/100\n|-weather|SunnyDay|[from] ability: Orichalcum Pulse|[of] p1a: Koraidon\n|-activate|p1a: Koraidon|Orichalcum Pulse|[source]\n|-terastallize|p2a: Wo-Chien|Water\n|move|p2a: Wo-Chien|Leech Seed|p1a: Koraidon|[miss]\n|-miss|p2a: Wo-Chien|p1a: Koraidon\n|\n|-weather|SunnyDay|[upkeep]\n|-heal|p2a: Wo-Chien|52\/100|[from] item: Leftovers\n|upkeep\n|turn|7\n|\n|t:|1698578081\n|switch|p2a: Clodsire|Clodsire, M|100\/100\n|-damage|p2a: Clodsire|94\/100|[from] Stealth Rock\n|move|p1a: Koraidon|Close Combat|p2a: Clodsire\n|-resisted|p2a: Clodsire\n|-damage|p2a: Clodsire|50\/100\n|-unboost|p1a: Koraidon|def|1\n|-unboost|p1a: Koraidon|spd|1\n|-damage|p1a: Koraidon|84\/100|[from] item: Rocky Helmet|[of] p2a: Clodsire\n|\n|-weather|SunnyDay|[upkeep]\n|upkeep\n|turn|8\n|\n|t:|1698578087\n|-terastallize|p1a: Koraidon|Fighting\n|move|p1a: Koraidon|Close Combat|p2a: Clodsire\n|-resisted|p2a: Clodsire\n|-damage|p2a: Clodsire|0 fnt\n|-unboost|p1a: Koraidon|def|1\n|-unboost|p1a: Koraidon|spd|1\n|-damage|p1a: Koraidon|68\/100|[from] item: Rocky Helmet|[of] p2a: Clodsire\n|faint|p2a: Clodsire\n|\n|-weather|SunnyDay|[upkeep]\n|upkeep\n|\n|t:|1698578096\n|switch|p2a: Hatterene|Hatterene, F|75\/100\n|-damage|p2a: Hatterene|63\/100|[from] Stealth Rock\n|turn|9\n|\n|t:|1698578099\n|switch|p1a: Iron Treads|Iron Treads|22\/100\n|switch|p2a: Arceus|Arceus-Ground|100\/100\n|-damage|p2a: Arceus|94\/100|[from] Stealth Rock\n|\n|-weather|SunnyDay|[upkeep]\n|upkeep\n|turn|10\n|\n|t:|1698578112\n|-end|p1a: Iron Treads|Quark Drive|[silent]\n|switch|p1a: Koraidon|Koraidon, tera:Fighting|68\/100\n|-activate|p1a: Koraidon|ability: Orichalcum Pulse\n|move|p2a: Arceus|Judgment|p1a: Koraidon\n|-damage|p1a: Koraidon|3\/100\n|\n|-weather|none\n|upkeep\n|turn|11\n|\n|t:|1698578117\n|move|p1a: Koraidon|Close Combat|p2a: Arceus\n|-damage|p2a: Arceus|5\/100\n|-unboost|p1a: Koraidon|def|1\n|-unboost|p1a: Koraidon|spd|1\n|move|p2a: Arceus|Recover|p2a: Arceus\n|-heal|p2a: Arceus|56\/100\n|\n|upkeep\n|turn|12\n|\n|t:|1698578120\n|switch|p2a: Hatterene|Hatterene, F|63\/100\n|-damage|p2a: Hatterene|51\/100|[from] Stealth Rock\n|move|p1a: Koraidon|Close Combat|p2a: Hatterene\n|-resisted|p2a: Hatterene\n|-damage|p2a: Hatterene|27\/100\n|-unboost|p1a: Koraidon|def|1\n|-unboost|p1a: Koraidon|spd|1\n|\n|-heal|p2a: Hatterene|33\/100|[from] item: Leftovers\n|upkeep\n|turn|13\n|\n|t:|1698578129\n|switch|p1a: Kingambit|Kingambit, F|100\/100\n|move|p2a: Hatterene|Healing Wish|p2a: Hatterene\n|faint|p2a: Hatterene\n|\n|upkeep\n|\n|t:|1698578133\n|switch|p2a: Koraidon|Koraidon|100\/100\n|-damage|p2a: Koraidon|94\/100|[from] Stealth Rock\n|-weather|SunnyDay|[from] ability: Orichalcum Pulse|[of] p2a: Koraidon\n|-activate|p2a: Koraidon|Orichalcum Pulse|[source]\n|turn|14\n|\n|t:|1698578139\n|-end|p1a: Kingambit|fallenundefined|[silent]\n|switch|p1a: Arceus|Arceus-Fairy|100\/100\n|move|p2a: Koraidon|Drain Punch|p1a: Arceus\n|-resisted|p1a: Arceus\n|-damage|p1a: Arceus|85\/100\n|-heal|p2a: Koraidon|100\/100|[from] drain|[of] p1a: Arceus\n|\n|-weather|SunnyDay|[upkeep]\n|upkeep\n|turn|15\n|\n|t:|1698578144\n|switch|p2a: Wo-Chien|Wo-Chien, tera:Water|52\/100\n|-heal|p2a: Wo-Chien|100\/100|[from] move: Healing Wish\n|-damage|p2a: Wo-Chien|88\/100|[from] Stealth Rock\n|-ability|p2a: Wo-Chien|Tablets of Ruin\n|move|p1a: Arceus|Judgment|p2a: Wo-Chien\n|-damage|p2a: Wo-Chien|55\/100\n|\n|-weather|SunnyDay|[upkeep]\n|-heal|p2a: Wo-Chien|61\/100|[from] item: Leftovers\n|upkeep\n|turn|16\n|\n|t:|1698578157\n|switch|p1a: Eternatus|Eternatus|100\/100\n|-ability|p1a: Eternatus|Pressure\n|move|p2a: Wo-Chien|Leech Seed|p1a: Eternatus\n|-start|p1a: Eternatus|move: Leech Seed\n|\n|-weather|SunnyDay|[upkeep]\n|-heal|p2a: Wo-Chien|67\/100|[from] item: Leftovers\n|-damage|p1a: Eternatus|88\/100|[from] Leech Seed|[of] p2a: Wo-Chien\n|-heal|p2a: Wo-Chien|82\/100|[silent]\n|upkeep\n|turn|17\n|\n|t:|1698578169\n|move|p1a: Eternatus|Toxic|p2a: Wo-Chien\n|-status|p2a: Wo-Chien|tox\n|move|p2a: Wo-Chien|Knock Off|p1a: Eternatus\n|-damage|p1a: Eternatus|66\/100\n|-enditem|p1a: Eternatus|Heavy-Duty Boots|[from] move: Knock Off|[of] p2a: Wo-Chien\n|\n|-weather|SunnyDay|[upkeep]\n|-heal|p2a: Wo-Chien|88\/100 tox|[from] item: Leftovers\n|-damage|p1a: Eternatus|54\/100|[from] Leech Seed|[of] p2a: Wo-Chien\n|-heal|p2a: Wo-Chien|100\/100 tox|[silent]\n|-damage|p2a: Wo-Chien|94\/100 tox|[from] psn\n|upkeep\n|turn|18\n|\n|t:|1698578172\n|switch|p2a: Arceus|Arceus-Ground|56\/100\n|-damage|p2a: Arceus|49\/100|[from] Stealth Rock\n|move|p1a: Eternatus|Recover|p1a: Eternatus\n|-heal|p1a: Eternatus|100\/100\n|\n|-weather|none\n|-damage|p1a: Eternatus|88\/100|[from] Leech Seed|[of] p2a: Arceus\n|-heal|p2a: Arceus|62\/100|[silent]\n|upkeep\n|turn|19\n|\n|t:|1698578184\n|move|p1a: Eternatus|Toxic|p2a: Arceus\n|-status|p2a: Arceus|tox\n|move|p2a: Arceus|Judgment|p1a: Eternatus\n|-supereffective|p1a: Eternatus\n|-damage|p1a: Eternatus|6\/100\n|\n|-damage|p1a: Eternatus|0 fnt|[from] Leech Seed|[of] p2a: Arceus\n|-heal|p2a: Arceus|68\/100 tox|[silent]\n|faint|p1a: Eternatus\n|-damage|p2a: Arceus|62\/100 tox|[from] psn\n|upkeep\n|\n|t:|1698578186\n|switch|p1a: Kyogre|Kyogre|100\/100\n|-weather|RainDance|[from] ability: Drizzle|[of] p1a: Kyogre\n|turn|20\n|\n|t:|1698578196\n|switch|p2a: Miraidon|Miraidon|100\/100\n|-damage|p2a: Miraidon|88\/100|[from] Stealth Rock\n|-fieldstart|move: Electric Terrain|[from] ability: Hadron Engine|[of] p2a: Miraidon\n|move|p1a: Kyogre|Water Spout|p2a: Miraidon\n|-resisted|p2a: Miraidon\n|-damage|p2a: Miraidon|26\/100\n|\n|-weather|RainDance|[upkeep]\n|upkeep\n|turn|21\n|\n|t:|1698578205\n|move|p1a: Kyogre|Water Spout|p2a: Miraidon\n|-resisted|p2a: Miraidon\n|-damage|p2a: Miraidon|0 fnt\n|faint|p2a: Miraidon\n|\n|-weather|RainDance|[upkeep]\n|upkeep\n|\n|t:|1698578208\n|switch|p2a: Koraidon|Koraidon|100\/100\n|-damage|p2a: Koraidon|94\/100|[from] Stealth Rock\n|-weather|SunnyDay|[from] ability: Orichalcum Pulse|[of] p2a: Koraidon\n|-activate|p2a: Koraidon|Orichalcum Pulse|[source]\n|turn|22\n|\n|t:|1698578214\n|switch|p1a: Arceus|Arceus-Fairy|85\/100\n|move|p2a: Koraidon|Flame Charge|p1a: Arceus\n|-damage|p1a: Arceus|63\/100\n|-boost|p2a: Koraidon|spe|1\n|\n|-weather|SunnyDay|[upkeep]\n|-heal|p2a: Koraidon|100\/100|[from] item: Leftovers\n|upkeep\n|turn|23\n|\n|t:|1698578218\n|switch|p2a: Wo-Chien|Wo-Chien, tera:Water|94\/100 tox\n|-damage|p2a: Wo-Chien|82\/100 tox|[from] Stealth Rock\n|-ability|p2a: Wo-Chien|Tablets of Ruin\n|move|p1a: Arceus|Judgment|p2a: Wo-Chien\n|-damage|p2a: Wo-Chien|49\/100 tox\n|\n|-weather|SunnyDay|[upkeep]\n|-heal|p2a: Wo-Chien|55\/100 tox|[from] item: Leftovers\n|-damage|p2a: Wo-Chien|49\/100 tox|[from] psn\n|upkeep\n|turn|24\n|\n|t:|1698578221\n|switch|p1a: Iron Treads|Iron Treads|22\/100\n|-activate|p1a: Iron Treads|ability: Quark Drive\n|-start|p1a: Iron Treads|quarkdrivespd\n|move|p2a: Wo-Chien|Leech Seed|p1a: Iron Treads\n|-start|p1a: Iron Treads|move: Leech Seed\n|\n|-weather|SunnyDay|[upkeep]\n|-heal|p2a: Wo-Chien|55\/100 tox|[from] item: Leftovers\n|-damage|p1a: Iron Treads|10\/100|[from] Leech Seed|[of] p2a: Wo-Chien\n|-heal|p2a: Wo-Chien|68\/100 tox|[silent]\n|-damage|p2a: Wo-Chien|56\/100 tox|[from] psn\n|-fieldend|move: Electric Terrain\n|-end|p1a: Iron Treads|Quark Drive\n|upkeep\n|turn|25\n|\n|t:|1698578231\n|switch|p2a: Arceus|Arceus-Ground|62\/100 tox\n|-damage|p2a: Arceus|56\/100 tox|[from] Stealth Rock\n|move|p1a: Iron Treads|Earthquake|p2a: Arceus\n|-damage|p2a: Arceus|30\/100 tox\n|\n|-weather|SunnyDay|[upkeep]\n|-damage|p1a: Iron Treads|0 fnt|[from] Leech Seed|[of] p2a: Arceus\n|-heal|p2a: Arceus|39\/100 tox|[silent]\n|faint|p1a: Iron Treads\n|-end|p1a: Iron Treads|Quark Drive|[silent]\n|-damage|p2a: Arceus|33\/100 tox|[from] psn\n|upkeep\n|\n|t:|1698578234\n|switch|p1a: Koraidon|Koraidon, tera:Fighting|3\/100\n|-activate|p1a: Koraidon|ability: Orichalcum Pulse\n|turn|26\n|\n|t:|1698578238\n|move|p1a: Koraidon|Close Combat|p2a: Arceus\n|-damage|p2a: Arceus|0 fnt\n|-unboost|p1a: Koraidon|def|1\n|-unboost|p1a: Koraidon|spd|1\n|faint|p2a: Arceus\n|\n|-weather|none\n|upkeep\n|-message|time is over forfeited.\n|\n|win|NaokiS2\n|n|\u2606NaokiS2|naokis2\n|n|\u2606time is over|timeisover\n|n|*Lady Monita \u263d|ladymonita\n|l|*Lady Monita \u263d\n","uploadtime":1698578246,"views":14,"p1id":"naokis2","p2id":"timeisover","formatid":"gen9ubers","rating":0,"private":0,"password":""}