{"id":"gen9ubers-1969036012","p1":"Oomaester1234","p2":"Kyalami","format":"[Gen 9] Ubers","log":"|j|\u2606Oomaester1234\n|j|\u2606Kyalami\n|t:|1697484613\n|gametype|singles\n|player|p1|Oomaester1234|teamrocket|\n|player|p2|Kyalami|skyla|\n|teamsize|p1|6\n|teamsize|p2|6\n|gen|9\n|tier|[Gen 9] Ubers\n|rule|Sleep Clause Mod: Limit one foe put to sleep\n|rule|Species Clause: Limit one of each Pok\u00e9mon\n|rule|OHKO Clause: OHKO moves are banned\n|rule|Evasion Items Clause: Evasion items are banned\n|rule|Evasion Moves Clause: Evasion moves are banned\n|rule|Endless Battle Clause: Forcing endless battles is banned\n|rule|HP Percentage Mod: HP is shown in percentages\n|clearpoke\n|poke|p1|Garchomp, F|\n|poke|p1|Tyranitar, F|\n|poke|p1|Houndstone, F|\n|poke|p1|Landorus, M|\n|poke|p1|Magearna|\n|poke|p1|Ogerpon-Wellspring, F|\n|poke|p2|Espathra, M|\n|poke|p2|Shaymin-Sky|\n|poke|p2|Magearna|\n|poke|p2|Ogerpon-Wellspring, F|\n|poke|p2|Lucario, M|\n|poke|p2|Iron Leaves|\n|teampreview\n|inactive|Battle timer is ON: inactive players will automatically lose when time's up. (requested by Kyalami)\n|\n|t:|1697484623\n|start\n|switch|p1a: Tyranitar|Tyranitar, F|100\/100\n|switch|p2a: Ogerpon|Ogerpon-Wellspring, F|100\/100\n|-weather|Sandstorm|[from] ability: Sand Stream|[of] p1a: Tyranitar\n|turn|1\n|c|\u2606Kyalami|Gl hf\n|c|\u2606Oomaester1234|yuhyuh\n|\n|t:|1697484632\n|move|p2a: Ogerpon|Ivy Cudgel|p1a: Tyranitar\n|-supereffective|p1a: Tyranitar\n|-damage|p1a: Tyranitar|7\/100\n|move|p1a: Tyranitar|Thunder Wave|p2a: Ogerpon|[miss]\n|-miss|p1a: Tyranitar|p2a: Ogerpon\n|\n|-weather|Sandstorm|[upkeep]\n|-damage|p2a: Ogerpon|95\/100|[from] Sandstorm\n|upkeep\n|turn|2\n|j| XpokVEVO\n|\n|t:|1697484643\n|switch|p1a: Houndstone|Houndstone, F|100\/100\n|move|p2a: Ogerpon|Brick Break|p1a: Houndstone\n|-immune|p1a: Houndstone\n|\n|-weather|Sandstorm|[upkeep]\n|-damage|p2a: Ogerpon|89\/100|[from] Sandstorm\n|upkeep\n|turn|3\n|\n|t:|1697484653\n|switch|p1a: Ogerpon|Ogerpon-Wellspring, F|100\/100\n|move|p2a: Ogerpon|Play Rough|p1a: Ogerpon|[miss]\n|-miss|p2a: Ogerpon|p1a: Ogerpon\n|\n|-weather|Sandstorm|[upkeep]\n|-damage|p2a: Ogerpon|83\/100|[from] Sandstorm\n|-damage|p1a: Ogerpon|95\/100|[from] Sandstorm\n|upkeep\n|turn|4\n|\n|t:|1697484659\n|move|p2a: Ogerpon|Spiky Shield|p2a: Ogerpon\n|-singleturn|p2a: Ogerpon|move: Protect\n|move|p1a: Ogerpon|Horn Leech|p2a: Ogerpon\n|-activate|p2a: Ogerpon|move: Protect\n|-damage|p1a: Ogerpon|82\/100|[from] Spiky Shield|[of] p2a: Ogerpon\n|\n|-weather|Sandstorm|[upkeep]\n|-damage|p2a: Ogerpon|77\/100|[from] Sandstorm\n|-damage|p1a: Ogerpon|76\/100|[from] Sandstorm\n|upkeep\n|turn|5\n|\n|t:|1697484667\n|move|p1a: Ogerpon|Horn Leech|p2a: Ogerpon\n|-damage|p2a: Ogerpon|22\/100\n|-heal|p1a: Ogerpon|100\/100|[from] drain|[of] p2a: Ogerpon\n|move|p2a: Ogerpon|Brick Break|p1a: Ogerpon\n|-crit|p1a: Ogerpon\n|-damage|p1a: Ogerpon|45\/100\n|\n|-weather|Sandstorm|[upkeep]\n|-damage|p2a: Ogerpon|16\/100|[from] Sandstorm\n|-damage|p1a: Ogerpon|39\/100|[from] Sandstorm\n|upkeep\n|turn|6\n|\n|t:|1697484674\n|move|p1a: Ogerpon|Swords Dance|p1a: Ogerpon\n|-boost|p1a: Ogerpon|atk|2\n|move|p2a: Ogerpon|Brick Break|p1a: Ogerpon\n|-damage|p1a: Ogerpon|0 fnt\n|faint|p1a: Ogerpon\n|\n|-weather|Sandstorm|[upkeep]\n|-damage|p2a: Ogerpon|10\/100|[from] Sandstorm\n|upkeep\n|\n|t:|1697484680\n|switch|p1a: Houndstone|Houndstone, F|100\/100\n|turn|7\n|\n|t:|1697484688\n|move|p1a: Houndstone|Last Respects|p2a: Ogerpon\n|-damage|p2a: Ogerpon|0 fnt\n|faint|p2a: Ogerpon\n|\n|-weather|Sandstorm|[upkeep]\n|upkeep\n|\n|t:|1697484692\n|switch|p2a: Espathra|Espathra, M|100\/100\n|turn|8\n|\n|t:|1697484696\n|switch|p1a: Garchomp|Garchomp, F|100\/100\n|move|p2a: Espathra|Calm Mind|p2a: Espathra\n|-boost|p2a: Espathra|spa|1\n|-boost|p2a: Espathra|spd|1\n|\n|-weather|none\n|-ability|p2a: Espathra|Speed Boost|boost\n|-boost|p2a: Espathra|spe|1\n|upkeep\n|turn|9\n|\n|t:|1697484701\n|move|p2a: Espathra|Dazzling Gleam|p1a: Garchomp\n|-supereffective|p1a: Garchomp\n|-crit|p1a: Garchomp\n|-damage|p1a: Garchomp|0 fnt\n|faint|p1a: Garchomp\n|\n|-ability|p2a: Espathra|Speed Boost|boost\n|-boost|p2a: Espathra|spe|1\n|upkeep\n|\n|t:|1697484705\n|switch|p1a: Tyranitar|Tyranitar, F|7\/100\n|-weather|Sandstorm|[from] ability: Sand Stream|[of] p1a: Tyranitar\n|turn|10\n|\n|t:|1697484709\n|move|p2a: Espathra|Shadow Ball|p1a: Tyranitar\n|-resisted|p1a: Tyranitar\n|-damage|p1a: Tyranitar|0 fnt\n|faint|p1a: Tyranitar\n|\n|-weather|Sandstorm|[upkeep]\n|-damage|p2a: Espathra|94\/100|[from] Sandstorm\n|-ability|p2a: Espathra|Speed Boost|boost\n|-boost|p2a: Espathra|spe|1\n|upkeep\n|\n|t:|1697484717\n|switch|p1a: Houndstone|Houndstone, F|100\/100\n|turn|11\n|\n|t:|1697484720\n|move|p2a: Espathra|Shadow Ball|p1a: Houndstone\n|-supereffective|p1a: Houndstone\n|-damage|p1a: Houndstone|0 fnt\n|faint|p1a: Houndstone\n|\n|-weather|Sandstorm|[upkeep]\n|-damage|p2a: Espathra|88\/100|[from] Sandstorm\n|-ability|p2a: Espathra|Speed Boost|boost\n|-boost|p2a: Espathra|spe|1\n|upkeep\n|\n|t:|1697484728\n|switch|p1a: Magearna|Magearna|100\/100\n|turn|12\n|\n|t:|1697484734\n|move|p2a: Espathra|Shadow Ball|p1a: Magearna\n|-damage|p1a: Magearna|70\/100\n|move|p1a: Magearna|Calm Mind|p1a: Magearna\n|-boost|p1a: Magearna|spa|1\n|-boost|p1a: Magearna|spd|1\n|\n|-weather|Sandstorm|[upkeep]\n|-damage|p2a: Espathra|82\/100|[from] Sandstorm\n|-heal|p1a: Magearna|76\/100|[from] item: Leftovers\n|-ability|p2a: Espathra|Speed Boost|boost\n|-boost|p2a: Espathra|spe|1\n|upkeep\n|turn|13\n|\n|t:|1697484738\n|move|p2a: Espathra|Shadow Ball|p1a: Magearna\n|-damage|p1a: Magearna|56\/100\n|move|p1a: Magearna|Calm Mind|p1a: Magearna\n|-boost|p1a: Magearna|spa|1\n|-boost|p1a: Magearna|spd|1\n|\n|-weather|Sandstorm|[upkeep]\n|-damage|p2a: Espathra|76\/100|[from] Sandstorm\n|-heal|p1a: Magearna|62\/100|[from] item: Leftovers\n|-ability|p2a: Espathra|Speed Boost|boost\n|-boost|p2a: Espathra|spe|1\n|upkeep\n|turn|14\n|\n|t:|1697484741\n|move|p2a: Espathra|Lumina Crash|p1a: Magearna\n|-resisted|p1a: Magearna\n|-damage|p1a: Magearna|50\/100\n|-unboost|p1a: Magearna|spd|2\n|move|p1a: Magearna|Calm Mind|p1a: Magearna\n|-boost|p1a: Magearna|spa|1\n|-boost|p1a: Magearna|spd|1\n|\n|-weather|Sandstorm|[upkeep]\n|-damage|p2a: Espathra|70\/100|[from] Sandstorm\n|-heal|p1a: Magearna|56\/100|[from] item: Leftovers\n|upkeep\n|turn|15\n|\n|t:|1697484749\n|move|p2a: Espathra|Lumina Crash|p1a: Magearna\n|-resisted|p1a: Magearna\n|-damage|p1a: Magearna|41\/100\n|-unboost|p1a: Magearna|spd|2\n|move|p1a: Magearna|Calm Mind|p1a: Magearna\n|-boost|p1a: Magearna|spa|1\n|-boost|p1a: Magearna|spd|1\n|\n|-weather|Sandstorm|[upkeep]\n|-damage|p2a: Espathra|64\/100|[from] Sandstorm\n|-heal|p1a: Magearna|47\/100|[from] item: Leftovers\n|upkeep\n|turn|16\n|\n|t:|1697484752\n|move|p2a: Espathra|Lumina Crash|p1a: Magearna\n|-resisted|p1a: Magearna\n|-crit|p1a: Magearna\n|-damage|p1a: Magearna|12\/100\n|-unboost|p1a: Magearna|spd|2\n|move|p1a: Magearna|Draining Kiss|p2a: Espathra\n|-damage|p2a: Espathra|0 fnt\n|-heal|p1a: Magearna|55\/100|[from] drain|[of] p2a: Espathra\n|faint|p2a: Espathra\n|-ability|p1a: Magearna|Soul-Heart|boost\n|-boost|p1a: Magearna|spa|1\n|\n|-weather|Sandstorm|[upkeep]\n|-heal|p1a: Magearna|61\/100|[from] item: Leftovers\n|upkeep\n|\n|t:|1697484758\n|switch|p2a: Lucario|Lucario, M|100\/100\n|turn|17\n|\n|t:|1697484766\n|move|p2a: Lucario|Earthquake|p1a: Magearna\n|-supereffective|p1a: Magearna\n|-damage|p1a: Magearna|8\/100\n|move|p1a: Magearna|Draining Kiss|p2a: Lucario\n|-damage|p2a: Lucario|0 fnt\n|-heal|p1a: Magearna|66\/100|[from] drain|[of] p2a: Lucario\n|faint|p2a: Lucario\n|-ability|p1a: Magearna|Soul-Heart|boost\n|-boost|p1a: Magearna|spa|1\n|\n|-weather|none\n|-heal|p1a: Magearna|72\/100|[from] item: Leftovers\n|upkeep\n|\n|t:|1697484774\n|switch|p2a: Shaymin|Shaymin-Sky|100\/100\n|turn|18\n|\n|t:|1697484778\n|move|p2a: Shaymin|Earth Power|p1a: Magearna\n|-supereffective|p1a: Magearna\n|-damage|p1a: Magearna|0 fnt\n|faint|p1a: Magearna\n|-damage|p2a: Shaymin|91\/100|[from] item: Life Orb\n|\n|upkeep\n|\n|t:|1697484781\n|switch|p1a: Landorus|Landorus, M|100\/100\n|turn|19\n|\n|t:|1697484789\n|-terastallize|p1a: Landorus|Flying\n|move|p2a: Shaymin|Air Slash|p1a: Landorus\n|-damage|p1a: Landorus|38\/100\n|-damage|p2a: Shaymin|81\/100|[from] item: Life Orb\n|move|p1a: Landorus|Sludge Bomb|p2a: Shaymin\n|-supereffective|p2a: Shaymin\n|-damage|p2a: Shaymin|0 fnt\n|faint|p2a: Shaymin\n|\n|upkeep\n|\n|t:|1697484796\n|switch|p2a: Iron Leaves|Iron Leaves|100\/100\n|turn|20\n|\n|t:|1697484799\n|move|p2a: Iron Leaves|Endure|p2a: Iron Leaves\n|-singleturn|p2a: Iron Leaves|move: Endure\n|move|p1a: Landorus|Sludge Bomb|p2a: Iron Leaves\n|-supereffective|p2a: Iron Leaves\n|-damage|p2a: Iron Leaves|5\/100\n|-enditem|p2a: Iron Leaves|Salac Berry|[eat]\n|-boost|p2a: Iron Leaves|spe|1|[from] item: Salac Berry\n|\n|upkeep\n|turn|21\n|\n|t:|1697484805\n|move|p2a: Iron Leaves|Reversal|p1a: Landorus\n|-resisted|p1a: Landorus\n|-damage|p1a: Landorus|9\/100\n|move|p1a: Landorus|Sludge Bomb|p2a: Iron Leaves\n|-supereffective|p2a: Iron Leaves\n|-damage|p2a: Iron Leaves|0 fnt\n|faint|p2a: Iron Leaves\n|-end|p2a: Iron Leaves|Quark Drive|[silent]\n|\n|upkeep\n|\n|t:|1697484807\n|switch|p2a: Magearna|Magearna|100\/100\n|turn|22\n|\n|t:|1697484811\n|move|p1a: Landorus|Earth Power|p2a: Magearna\n|-supereffective|p2a: Magearna\n|-damage|p2a: Magearna|0 fnt\n|faint|p2a: Magearna\n|\n|win|Oomaester1234\n|c|\u2606Oomaester1234|dammm\n|c|\u2606Oomaester1234|ggs\n|c|\u2606Kyalami|I choked\n|c|\u2606Oomaester1234|i choked as well i coudlve played better\n|c|\u2606Kyalami|Ggs\n|c|\u2606Kyalami|Same\n","uploadtime":1697484831,"views":24,"p1id":"oomaester1234","p2id":"kyalami","formatid":"gen9ubers","rating":0,"private":0,"password":""}