{"id":"gen9ubers-1984199045","p1":"Empoleon77","p2":"arty222","format":"[Gen 9] Ubers","log":"|j|\u2606Empoleon77\n|j|\u2606arty222\n|t:|1699229277\n|gametype|singles\n|player|p1|Empoleon77|102|\n|player|p2|arty222|n|\n|teamsize|p1|6\n|teamsize|p2|6\n|gen|9\n|tier|[Gen 9] Ubers\n|rule|Sleep Clause Mod: Limit one foe put to sleep\n|rule|Species Clause: Limit one of each Pok\u00e9mon\n|rule|OHKO Clause: OHKO moves are banned\n|rule|Evasion Items Clause: Evasion items are banned\n|rule|Evasion Moves Clause: Evasion moves are banned\n|rule|Endless Battle Clause: Forcing endless battles is banned\n|rule|HP Percentage Mod: HP is shown in percentages\n|clearpoke\n|poke|p1|Kingambit, M|\n|poke|p1|Enamorus, F|\n|poke|p1|Samurott-Hisui, M|\n|poke|p1|Great Tusk|\n|poke|p1|Gholdengo|\n|poke|p1|Moltres|\n|poke|p2|Dragapult, F|\n|poke|p2|Sneasler, M|\n|poke|p2|Dondozo, F|\n|poke|p2|Corviknight, F|\n|poke|p2|Clodsire, F|\n|poke|p2|Kleavor, M|\n|teampreview\n|inactive|Battle timer is ON: inactive players will automatically lose when time's up. (requested by arty222)\n|inactiveoff|Battle timer is now OFF.\n|\n|t:|1699229308\n|start\n|switch|p1a: Samurott|Samurott-Hisui, M|100\/100\n|switch|p2a: Kleavor|Kleavor, M|100\/100\n|turn|1\n|\n|t:|1699229325\n|move|p1a: Samurott|Ceaseless Edge|p2a: Kleavor\n|-damage|p2a: Kleavor|48\/100\n|-sidestart|p2: arty222|Spikes\n|move|p2a: Kleavor|X-Scissor|p1a: Samurott\n|-supereffective|p1a: Samurott\n|-enditem|p1a: Samurott|Focus Sash\n|-damage|p1a: Samurott|1\/100\n|\n|upkeep\n|turn|2\n|\n|t:|1699229337\n|switch|p2a: Corviknight|Corviknight, F|100\/100\n|move|p1a: Samurott|Aqua Jet|p2a: Corviknight\n|-damage|p2a: Corviknight|89\/100\n|\n|-heal|p2a: Corviknight|95\/100|[from] item: Leftovers\n|upkeep\n|turn|3\n|\n|t:|1699229347\n|switch|p1a: Gholdengo|Gholdengo|100\/100\n|move|p2a: Corviknight|Brave Bird|p1a: Gholdengo\n|-resisted|p1a: Gholdengo\n|-damage|p1a: Gholdengo|79\/100\n|-damage|p2a: Corviknight|90\/100|[from] Recoil\n|\n|-heal|p2a: Corviknight|96\/100|[from] item: Leftovers\n|upkeep\n|turn|4\n|\n|t:|1699229366\n|switch|p2a: Clodsire|Clodsire, F|100\/100\n|-damage|p2a: Clodsire|88\/100|[from] Spikes\n|move|p1a: Gholdengo|Thunderbolt|p2a: Clodsire\n|-immune|p2a: Clodsire\n|\n|-heal|p2a: Clodsire|94\/100|[from] item: Leftovers\n|upkeep\n|turn|5\n|\n|t:|1699229384\n|switch|p1a: Great Tusk|Great Tusk|100\/100\n|move|p2a: Clodsire|Toxic|p1a: Great Tusk\n|-status|p1a: Great Tusk|tox\n|\n|-heal|p2a: Clodsire|100\/100|[from] item: Leftovers\n|-damage|p1a: Great Tusk|94\/100 tox|[from] psn\n|upkeep\n|turn|6\n|\n|t:|1699229394\n|switch|p2a: Corviknight|Corviknight, F|96\/100\n|move|p1a: Great Tusk|Headlong Rush|p2a: Corviknight\n|-immune|p2a: Corviknight\n|\n|-heal|p2a: Corviknight|100\/100|[from] item: Leftovers\n|-damage|p1a: Great Tusk|82\/100 tox|[from] psn\n|upkeep\n|turn|7\n|\n|t:|1699229408\n|-end|p1a: Great Tusk|Protosynthesis|[silent]\n|switch|p1a: Gholdengo|Gholdengo|79\/100\n|move|p2a: Corviknight|Defog|p1a: Gholdengo\n|-immune|p1a: Gholdengo|[from] ability: Good as Gold\n|\n|upkeep\n|turn|8\n|\n|t:|1699229417\n|switch|p2a: Clodsire|Clodsire, F|100\/100\n|-damage|p2a: Clodsire|88\/100|[from] Spikes\n|move|p1a: Gholdengo|Thunderbolt|p2a: Clodsire\n|-immune|p2a: Clodsire\n|\n|-heal|p2a: Clodsire|94\/100|[from] item: Leftovers\n|upkeep\n|turn|9\n|\n|t:|1699229445\n|switch|p1a: Moltres|Moltres|100\/100\n|switch|p2a: Kleavor|Kleavor, M|48\/100\n|-damage|p2a: Kleavor|36\/100|[from] Spikes\n|\n|upkeep\n|turn|10\n|\n|t:|1699229490\n|-terastallize|p1a: Moltres|Flying\n|move|p1a: Moltres|Flamethrower|p2a: Kleavor\n|-damage|p2a: Kleavor|0 fnt\n|faint|p2a: Kleavor\n|\n|upkeep\n|\n|t:|1699229506\n|switch|p2a: Dondozo|Dondozo, F|100\/100\n|-damage|p2a: Dondozo|88\/100|[from] Spikes\n|turn|11\n|\n|t:|1699229513\n|switch|p1a: Enamorus|Enamorus, F|100\/100\n|move|p2a: Dondozo|Liquidation|p1a: Enamorus\n|-damage|p1a: Enamorus|53\/100\n|-boost|p1a: Enamorus|def|1\n|\n|-heal|p2a: Dondozo|94\/100|[from] item: Leftovers\n|upkeep\n|turn|12\n|\n|t:|1699229523\n|switch|p2a: Clodsire|Clodsire, F|94\/100\n|-damage|p2a: Clodsire|82\/100|[from] Spikes\n|move|p1a: Enamorus|Grass Knot|p2a: Clodsire\n|-damage|p2a: Clodsire|50\/100\n|\n|-heal|p2a: Clodsire|56\/100|[from] item: Leftovers\n|upkeep\n|turn|13\n|\n|t:|1699229540\n|switch|p1a: Moltres|Moltres, tera:Flying|100\/100\n|move|p2a: Clodsire|Recover|p2a: Clodsire\n|-heal|p2a: Clodsire|100\/100\n|\n|upkeep\n|turn|14\n|\n|t:|1699229553\n|move|p1a: Moltres|Flamethrower|p2a: Clodsire\n|-damage|p2a: Clodsire|76\/100\n|move|p2a: Clodsire|Toxic|p1a: Moltres\n|-status|p1a: Moltres|tox\n|\n|-heal|p2a: Clodsire|82\/100|[from] item: Leftovers\n|-damage|p1a: Moltres|94\/100 tox|[from] psn\n|upkeep\n|turn|15\n|\n|t:|1699229566\n|move|p1a: Moltres|Flamethrower|p2a: Clodsire\n|-damage|p2a: Clodsire|58\/100\n|move|p2a: Clodsire|Gunk Shot|p1a: Moltres\n|-damage|p1a: Moltres|59\/100 tox\n|\n|-heal|p2a: Clodsire|64\/100|[from] item: Leftovers\n|-damage|p1a: Moltres|46\/100 tox|[from] psn\n|upkeep\n|turn|16\n|\n|t:|1699229578\n|move|p1a: Moltres|Roost|p1a: Moltres\n|-heal|p1a: Moltres|96\/100 tox\n|-hint|If a Flying Terastallized Pokemon uses Roost, it remains Flying-type.\n|move|p2a: Clodsire|Recover|p2a: Clodsire\n|-heal|p2a: Clodsire|100\/100\n|\n|-damage|p1a: Moltres|78\/100 tox|[from] psn\n|upkeep\n|turn|17\n|\n|t:|1699229587\n|switch|p1a: Kingambit|Kingambit, M|100\/100\n|move|p2a: Clodsire|Earthquake|p1a: Kingambit\n|-supereffective|p1a: Kingambit\n|-damage|p1a: Kingambit|57\/100\n|\n|upkeep\n|turn|18\n|\n|t:|1699229614\n|-end|p1a: Kingambit|fallenundefined|[silent]\n|switch|p1a: Moltres|Moltres, tera:Flying|78\/100 tox\n|switch|p2a: Dondozo|Dondozo, F|94\/100\n|-damage|p2a: Dondozo|82\/100|[from] Spikes\n|\n|-heal|p2a: Dondozo|88\/100|[from] item: Leftovers\n|-damage|p1a: Moltres|72\/100 tox|[from] psn\n|upkeep\n|turn|19\n|\n|t:|1699229638\n|move|p1a: Moltres|U-turn|p2a: Dondozo\n|-crit|p2a: Dondozo\n|-damage|p2a: Dondozo|78\/100\n|\n|t:|1699229657\n|switch|p1a: Samurott|Samurott-Hisui, M|1\/100|[from] U-turn\n|move|p2a: Dondozo|Liquidation|p1a: Samurott\n|-resisted|p1a: Samurott\n|-damage|p1a: Samurott|0 fnt\n|faint|p1a: Samurott\n|\n|-heal|p2a: Dondozo|84\/100|[from] item: Leftovers\n|upkeep\n|\n|t:|1699229672\n|switch|p1a: Enamorus|Enamorus, F|53\/100\n|turn|20\n|\n|t:|1699229676\n|switch|p2a: Clodsire|Clodsire, F|100\/100\n|-damage|p2a: Clodsire|88\/100|[from] Spikes\n|move|p1a: Enamorus|Grass Knot|p2a: Clodsire\n|-damage|p2a: Clodsire|56\/100\n|\n|-heal|p2a: Clodsire|63\/100|[from] item: Leftovers\n|upkeep\n|turn|21\n|\n|t:|1699229694\n|switch|p1a: Moltres|Moltres, tera:Flying|72\/100 tox\n|move|p2a: Clodsire|Recover|p2a: Clodsire\n|-heal|p2a: Clodsire|100\/100\n|\n|-damage|p1a: Moltres|65\/100 tox|[from] psn\n|upkeep\n|turn|22\n|\n|t:|1699229712\n|move|p1a: Moltres|Flamethrower|p2a: Clodsire\n|-damage|p2a: Clodsire|76\/100\n|move|p2a: Clodsire|Gunk Shot|p1a: Moltres\n|-damage|p1a: Moltres|28\/100 tox\n|\n|-heal|p2a: Clodsire|82\/100|[from] item: Leftovers\n|-damage|p1a: Moltres|16\/100 tox|[from] psn\n|upkeep\n|turn|23\n|\n|t:|1699229722\n|move|p1a: Moltres|Roost|p1a: Moltres\n|-heal|p1a: Moltres|66\/100 tox\n|-hint|If a Flying Terastallized Pokemon uses Roost, it remains Flying-type.\n|move|p2a: Clodsire|Gunk Shot|p1a: Moltres\n|-damage|p1a: Moltres|27\/100 tox\n|\n|-heal|p2a: Clodsire|88\/100|[from] item: Leftovers\n|-damage|p1a: Moltres|8\/100 tox|[from] psn\n|upkeep\n|turn|24\n|\n|t:|1699229743\n|switch|p1a: Great Tusk|Great Tusk|82\/100 tox\n|move|p2a: Clodsire|Gunk Shot|p1a: Great Tusk\n|-resisted|p1a: Great Tusk\n|-damage|p1a: Great Tusk|71\/100 tox\n|\n|-heal|p2a: Clodsire|95\/100|[from] item: Leftovers\n|-damage|p1a: Great Tusk|65\/100 tox|[from] psn\n|upkeep\n|turn|25\n|\n|t:|1699229755\n|switch|p2a: Dondozo|Dondozo, F|84\/100\n|-damage|p2a: Dondozo|72\/100|[from] Spikes\n|move|p1a: Great Tusk|Ice Spinner|p2a: Dondozo\n|-resisted|p2a: Dondozo\n|-damage|p2a: Dondozo|66\/100\n|\n|-heal|p2a: Dondozo|72\/100|[from] item: Leftovers\n|-damage|p1a: Great Tusk|52\/100 tox|[from] psn\n|upkeep\n|turn|26\n|\n|t:|1699230003\n|move|p1a: Great Tusk|Knock Off|p2a: Dondozo\n|-damage|p2a: Dondozo|56\/100\n|-enditem|p2a: Dondozo|Leftovers|[from] move: Knock Off|[of] p1a: Great Tusk\n|move|p2a: Dondozo|Liquidation|p1a: Great Tusk\n|-supereffective|p1a: Great Tusk\n|-damage|p1a: Great Tusk|8\/100 tox\n|-unboost|p1a: Great Tusk|def|1\n|\n|-damage|p1a: Great Tusk|0 fnt|[from] psn\n|faint|p1a: Great Tusk\n|-end|p1a: Great Tusk|Protosynthesis|[silent]\n|upkeep\n|\n|t:|1699230017\n|switch|p1a: Kingambit|Kingambit, M|57\/100\n|-activate|p1a: Kingambit|ability: Supreme Overlord\n|-start|p1a: Kingambit|fallen2|[silent]\n|turn|27\n|\n|t:|1699230029\n|move|p1a: Kingambit|Low Kick|p2a: Dondozo\n|-damage|p2a: Dondozo|31\/100\n|move|p2a: Dondozo|Rest|p2a: Dondozo\n|-status|p2a: Dondozo|slp|[from] move: Rest\n|-heal|p2a: Dondozo|100\/100 slp|[silent]\n|\n|upkeep\n|turn|28\n|\n|t:|1699230043\n|move|p1a: Kingambit|Kowtow Cleave|p2a: Dondozo\n|-damage|p2a: Dondozo|72\/100 slp\n|cant|p2a: Dondozo|slp\n|move|p2a: Dondozo|Sleep Talk|p2a: Dondozo\n|move|p2a: Dondozo|Liquidation|p1a: Kingambit|[from]move: Sleep Talk\n|-damage|p1a: Kingambit|36\/100\n|\n|upkeep\n|turn|29\n|\n|t:|1699230072\n|-end|p1a: Kingambit|fallen2|[silent]\n|switch|p1a: Gholdengo|Gholdengo|79\/100\n|cant|p2a: Dondozo|slp\n|move|p2a: Dondozo|Sleep Talk|p2a: Dondozo\n|move|p2a: Dondozo|Liquidation|p1a: Gholdengo|[from]move: Sleep Talk\n|-damage|p1a: Gholdengo|49\/100\n|\n|upkeep\n|turn|30\n|\n|t:|1699230082\n|switch|p2a: Clodsire|Clodsire, F|95\/100\n|-damage|p2a: Clodsire|82\/100|[from] Spikes\n|move|p1a: Gholdengo|Thunderbolt|p2a: Clodsire\n|-immune|p2a: Clodsire\n|\n|-heal|p2a: Clodsire|88\/100|[from] item: Leftovers\n|upkeep\n|turn|31\n|c|\u2606arty222|The old 50\/50\n|\n|t:|1699230113\n|switch|p1a: Kingambit|Kingambit, M|36\/100\n|-activate|p1a: Kingambit|ability: Supreme Overlord\n|-start|p1a: Kingambit|fallen2|[silent]\n|move|p2a: Clodsire|Earthquake|p1a: Kingambit\n|-supereffective|p1a: Kingambit\n|-damage|p1a: Kingambit|0 fnt\n|faint|p1a: Kingambit\n|-end|p1a: Kingambit|fallen2|[silent]\n|\n|-heal|p2a: Clodsire|95\/100|[from] item: Leftovers\n|upkeep\n|\n|t:|1699230136\n|switch|p1a: Enamorus|Enamorus, F|53\/100\n|turn|32\n|\n|t:|1699230141\n|move|p1a: Enamorus|Earth Power|p2a: Clodsire\n|-supereffective|p2a: Clodsire\n|-damage|p2a: Clodsire|41\/100\n|move|p2a: Clodsire|Toxic|p1a: Enamorus\n|-status|p1a: Enamorus|tox\n|\n|-heal|p2a: Clodsire|47\/100|[from] item: Leftovers\n|-damage|p1a: Enamorus|47\/100 tox|[from] psn\n|upkeep\n|turn|33\n|\n|t:|1699230158\n|switch|p2a: Corviknight|Corviknight, F|100\/100\n|move|p1a: Enamorus|Earth Power|p2a: Corviknight\n|-immune|p2a: Corviknight\n|\n|-damage|p1a: Enamorus|35\/100 tox|[from] psn\n|upkeep\n|turn|34\n|\n|t:|1699230168\n|switch|p1a: Gholdengo|Gholdengo|49\/100\n|move|p2a: Corviknight|U-turn|p1a: Gholdengo\n|-resisted|p1a: Gholdengo\n|-damage|p1a: Gholdengo|45\/100\n|\n|t:|1699230174\n|switch|p2a: Dragapult|Dragapult, F|100\/100|[from] U-turn\n|\n|upkeep\n|turn|35\n|\n|t:|1699230179\n|move|p1a: Gholdengo|Shadow Ball|p2a: Dragapult\n|-supereffective|p2a: Dragapult\n|-damage|p2a: Dragapult|0 fnt\n|faint|p2a: Dragapult\n|\n|upkeep\n|c|\u2606Empoleon77|Got \u2018em.\n|\n|t:|1699230200\n|switch|p2a: Sneasler|Sneasler, M|100\/100\n|-damage|p2a: Sneasler|88\/100|[from] Spikes\n|turn|36\n|\n|t:|1699230208\n|move|p1a: Gholdengo|Shadow Ball|p2a: Sneasler\n|-damage|p2a: Sneasler|34\/100\n|move|p2a: Sneasler|Fling|p1a: Gholdengo\n|-supereffective|p1a: Gholdengo\n|-damage|p1a: Gholdengo|0 fnt\n|-enditem|p2a: Sneasler|Big Nugget|[from] move: Fling\n|faint|p1a: Gholdengo\n|\n|upkeep\n|\n|t:|1699230216\n|switch|p1a: Enamorus|Enamorus, F|35\/100 tox\n|turn|37\n|\n|t:|1699230223\n|move|p2a: Sneasler|Acrobatics|p1a: Enamorus\n|-damage|p1a: Enamorus|0 fnt\n|faint|p1a: Enamorus\n|\n|upkeep\n|\n|t:|1699230228\n|switch|p1a: Moltres|Moltres, tera:Flying|8\/100 tox\n|turn|38\n|c|\u2606arty222|I admit, did not see the scarf coming\n|\n|t:|1699230244\n|move|p2a: Sneasler|Acrobatics|p1a: Moltres\n|-damage|p1a: Moltres|0 fnt\n|faint|p1a: Moltres\n|\n|win|arty222\n|c|\u2606arty222|gg\n|l|\u2606Empoleon77\n","uploadtime":1699230254,"views":29,"p1id":"empoleon77","p2id":"arty222","formatid":"gen9ubers","rating":0,"private":0,"password":""}