{"id":"gen9ubers-1984045369","p1":"DGF Duckletts","p2":"Blueninja658","format":"[Gen 9] Ubers","log":"|j|\u2606DGF Duckletts\n|j|\u2606Blueninja658\n|t:|1699213058\n|gametype|singles\n|player|p1|DGF Duckletts|colress|\n|player|p2|Blueninja658|riley|\n|teamsize|p1|6\n|teamsize|p2|6\n|gen|9\n|tier|[Gen 9] Ubers\n|rule|Sleep Clause Mod: Limit one foe put to sleep\n|rule|Species Clause: Limit one of each Pok\u00e9mon\n|rule|OHKO Clause: OHKO moves are banned\n|rule|Evasion Items Clause: Evasion items are banned\n|rule|Evasion Moves Clause: Evasion moves are banned\n|rule|Endless Battle Clause: Forcing endless battles is banned\n|rule|HP Percentage Mod: HP is shown in percentages\n|clearpoke\n|poke|p1|Zoroark-Hisui, M|\n|poke|p1|Baxcalibur, F|\n|poke|p1|Corviknight, M|\n|poke|p1|Slowking, F|\n|poke|p1|Iron Valiant|\n|poke|p1|Sandy Shocks|\n|poke|p2|Ting-Lu|\n|poke|p2|Gholdengo|\n|poke|p2|Mew|\n|poke|p2|Kilowattrel, F|\n|poke|p2|Dragonite, M|\n|poke|p2|Tauros-Paldea-Aqua, M|\n|teampreview\n|c|\u2606DGF Duckletts|Hf\n|c|\u2606Blueninja658|You too\n|j| Ballysax Bulbasaur\n|c| Ballysax Bulbasaur|ROOOOOAAAAAAAR\n|c| Ballysax Bulbasaur|FIGHT FIGHT FIGHT\n|\n|t:|1699213115\n|start\n|switch|p1a: Baxcalibur|Baxcalibur, F|100\/100\n|switch|p2a: City Wok|Ting-Lu|100\/100\n|-ability|p2a: City Wok|Vessel of Ruin\n|turn|1\n|c| Ballysax Bulbasaur|MMMMM Shitty Wok\n|c| Ballysax Bulbasaur|Oh wait\n|c| Ballysax Bulbasaur|Shit EWok\n|c| Ballysax Bulbasaur|Heh\n|\n|t:|1699213181\n|switch|p2a: You've Got Mail|Dragonite, M|100\/100\n|move|p1a: Baxcalibur|U-turn|p2a: You've Got Mail\n|-resisted|p2a: You've Got Mail\n|-damage|p2a: You've Got Mail|97\/100\n|c| Ballysax Bulbasaur|\ud83d\udc38\n|\n|t:|1699213191\n|switch|p1a: Baxcalibur|Baxcalibur, F|100\/100|[from] U-turn\n|\n|upkeep\n|turn|2\n|c| Ballysax Bulbasaur|Wait what\n|\n|t:|1699213220\n|switch|p2a: Young Money|Gholdengo|100\/100\n|move|p1a: Baxcalibur|Glaive Rush|p2a: Young Money\n|-resisted|p2a: Young Money\n|-crit|p2a: Young Money\n|-damage|p2a: Young Money|66\/100\n|-singlemove|p1a: Baxcalibur|Glaive Rush|[silent]\n|\n|upkeep\n|turn|3\n|c| Ballysax Bulbasaur|Hmmm\n|\n|t:|1699213249\n|switch|p1a: Slowking|Slowking, F|100\/100\n|move|p2a: Young Money|Make It Rain|p1a: Slowking\n|-resisted|p1a: Slowking\n|-damage|p1a: Slowking|84\/100\n|-unboost|p2a: Young Money|spa|1\n|\n|-heal|p1a: Slowking|90\/100|[from] item: Leftovers\n|upkeep\n|turn|4\n|c| Ballysax Bulbasaur|Do I root for Bax or Gholdengo\n|c| Ballysax Bulbasaur|Oooo I know I'll root for myself\n|c| Ballysax Bulbasaur|GO MEEEEEE\n|\n|t:|1699213307\n|switch|p2a: Zaptwo|Kilowattrel, F|100\/100\n|move|p1a: Slowking|Chilly Reception|p1a: Slowking\n|-weather|Snow\n|\n|t:|1699213316\n|switch|p1a: Baxcalibur|Baxcalibur, F|100\/100|[from] Chilly Reception\n|\n|-weather|Snow|[upkeep]\n|upkeep\n|turn|5\n|\n|t:|1699213331\n|move|p2a: Zaptwo|Volt Switch|p1a: Baxcalibur\n|-resisted|p1a: Baxcalibur\n|-damage|p1a: Baxcalibur|85\/100\n|\n|t:|1699213345\n|switch|p2a: Sirloin|Tauros-Paldea-Aqua, M|100\/100|[from] Volt Switch\n|-ability|p2a: Sirloin|Intimidate|boost\n|-unboost|p1a: Baxcalibur|atk|1\n|move|p1a: Baxcalibur|Dragon Dance|p1a: Baxcalibur\n|-boost|p1a: Baxcalibur|atk|1\n|-boost|p1a: Baxcalibur|spe|1\n|\n|-weather|Snow|[upkeep]\n|upkeep\n|turn|6\n|\n|t:|1699213370\n|switch|p1a: Corviknight|Corviknight, M|100\/100\n|move|p2a: Sirloin|Close Combat|p1a: Corviknight\n|-damage|p1a: Corviknight|55\/100\n|-unboost|p2a: Sirloin|def|1\n|-unboost|p2a: Sirloin|spd|1\n|\n|-weather|Snow|[upkeep]\n|upkeep\n|turn|7\n|c| Ballysax Bulbasaur|Mmmm steak\n|c| Ballysax Bulbasaur|Well shit\n|c| Ballysax Bulbasaur|That hit like a truck\n|\n|t:|1699213398\n|switch|p2a: Young Money|Gholdengo|66\/100\n|move|p1a: Corviknight|Roost|p1a: Corviknight\n|-heal|p1a: Corviknight|100\/100\n|-singleturn|p1a: Corviknight|move: Roost\n|\n|-weather|Snow|[upkeep]\n|upkeep\n|turn|8\n|\n|t:|1699213411\n|switch|p1a: Slowking|Slowking, F|100\/100\n|move|p2a: Young Money|Recover|p2a: Young Money\n|-heal|p2a: Young Money|100\/100\n|\n|-weather|none\n|upkeep\n|turn|9\n|\n|t:|1699213424\n|move|p2a: Young Money|Thunder Wave|p1a: Slowking\n|-status|p1a: Slowking|par\n|cant|p1a: Slowking|par\n|\n|upkeep\n|turn|10\n|c| Ballysax Bulbasaur|\ud83d\ude43\n|\n|t:|1699213438\n|move|p2a: Young Money|Hex|p1a: Slowking\n|-supereffective|p1a: Slowking\n|-damage|p1a: Slowking|37\/100 par\n|move|p1a: Slowking|Chilly Reception|p1a: Slowking\n|-weather|Snow\n|\n|t:|1699213442\n|switch|p1a: Slowking|Slowking, F|100\/100|[from] Chilly Reception\n|\n|-weather|Snow|[upkeep]\n|upkeep\n|turn|11\n|c| Ballysax Bulbasaur|Fat ass King\n|\n|t:|1699213475\n|switch|p2a: City Wok|Ting-Lu|100\/100\n|-ability|p2a: City Wok|Vessel of Ruin\n|move|p1a: Slowking|Shadow Ball|p2a: City Wok\n|-resisted|p2a: City Wok\n|-damage|p2a: City Wok|87\/100\n|-unboost|p2a: City Wok|spd|1\n|\n|-weather|Snow|[upkeep]\n|upkeep\n|turn|12\n|\n|t:|1699213525\n|switch|p1a: Corviknight|Corviknight, M|100\/100\n|move|p2a: City Wok|Lash Out|p1a: Corviknight\n|-damage|p1a: Corviknight|84\/100\n|\n|-weather|Snow|[upkeep]\n|upkeep\n|turn|13\n|c| Ballysax Bulbasaur|Oi\n|c| Ballysax Bulbasaur|Wtf move was that\n|\n|t:|1699213557\n|move|p1a: Corviknight|U-turn|p2a: City Wok\n|-supereffective|p2a: City Wok\n|-damage|p2a: City Wok|73\/100\n|\n|t:|1699213560\n|switch|p1a: Baxcalibur|Baxcalibur, F|85\/100|[from] U-turn\n|move|p2a: City Wok|Spikes|p1a: Baxcalibur\n|-sidestart|p1: DGF Duckletts|Spikes\n|\n|-weather|Snow|[upkeep]\n|upkeep\n|turn|14\n|\n|t:|1699213636\n|switch|p2a: Young Money|Gholdengo|100\/100\n|move|p1a: Baxcalibur|Glaive Rush|p2a: Young Money\n|-resisted|p2a: Young Money\n|-damage|p2a: Young Money|77\/100\n|-singlemove|p1a: Baxcalibur|Glaive Rush|[silent]\n|\n|-weather|none\n|upkeep\n|turn|15\n|\n|t:|1699213693\n|move|p1a: Baxcalibur|Earthquake|p2a: Young Money\n|-supereffective|p2a: Young Money\n|-enditem|p2a: Young Money|Shuca Berry|[eat]\n|-enditem|p2a: Young Money|Shuca Berry|[weaken]\n|-damage|p2a: Young Money|54\/100\n|move|p2a: Young Money|Make It Rain|p1a: Baxcalibur\n|-supereffective|p1a: Baxcalibur\n|-damage|p1a: Baxcalibur|0 fnt\n|-unboost|p2a: Young Money|spa|1\n|faint|p1a: Baxcalibur\n|\n|upkeep\n|\n|t:|1699213700\n|switch|p1a: Slowking|Slowking, F|100\/100\n|-damage|p1a: Slowking|88\/100|[from] Spikes\n|turn|16\n|c| Ballysax Bulbasaur|NOOOOOOO BAXCALIBUR MY BABY\n|\n|t:|1699213797\n|switch|p2a: You've Got Mail|Dragonite, M|97\/100\n|move|p1a: Slowking|Shadow Ball|p2a: You've Got Mail\n|-damage|p2a: You've Got Mail|44\/100\n|\n|upkeep\n|turn|17\n|c| Ballysax Bulbasaur|\ud83d\ude34\n|\n|t:|1699213848\n|switch|p1a: Corviknight|Corviknight, M|84\/100\n|-terastallize|p2a: You've Got Mail|Normal\n|move|p2a: You've Got Mail|Thunder Punch|p1a: Corviknight\n|-supereffective|p1a: Corviknight\n|-damage|p1a: Corviknight|34\/100\n|\n|upkeep\n|turn|18\n|\n|t:|1699213897\n|switch|p2a: Sirloin|Tauros-Paldea-Aqua, M|100\/100\n|-ability|p2a: Sirloin|Intimidate|boost\n|-ability|p1a: Corviknight|Mirror Armor\n|-unboost|p2a: Sirloin|atk|1\n|move|p1a: Corviknight|U-turn|p2a: Sirloin\n|-resisted|p2a: Sirloin\n|-damage|p2a: Sirloin|93\/100\n|\n|t:|1699213908\n|switch|p1a: Slowking|Slowking, F|88\/100|[from] U-turn\n|-damage|p1a: Slowking|76\/100|[from] Spikes\n|\n|upkeep\n|turn|19\n|\n|t:|1699213921\n|switch|p2a: City Wok|Ting-Lu|73\/100\n|-ability|p2a: City Wok|Vessel of Ruin\n|move|p1a: Slowking|Grass Knot|p2a: City Wok\n|-supereffective|p2a: City Wok\n|-damage|p2a: City Wok|16\/100\n|\n|upkeep\n|turn|20\n|\n|t:|1699213958\n|switch|p1a: Sandy Shocks|Sandy Shocks|100\/100\n|-damage|p1a: Sandy Shocks|88\/100|[from] Spikes\n|move|p2a: City Wok|Spikes|p1a: Sandy Shocks\n|-sidestart|p1: DGF Duckletts|Spikes\n|\n|upkeep\n|turn|21\n|\n|t:|1699213982\n|move|p1a: Sandy Shocks|Tera Blast|p2a: City Wok\n|-damage|p2a: City Wok|2\/100\n|move|p2a: City Wok|Earthquake|p1a: Sandy Shocks\n|-supereffective|p1a: Sandy Shocks\n|-damage|p1a: Sandy Shocks|5\/100\n|\n|upkeep\n|turn|22\n|c| Ballysax Bulbasaur|Oof\n|\n|t:|1699214010\n|move|p1a: Sandy Shocks|Tera Blast|p2a: City Wok\n|-crit|p2a: City Wok\n|-damage|p2a: City Wok|0 fnt\n|faint|p2a: City Wok\n|\n|upkeep\n|\n|t:|1699214040\n|switch|p2a: Rufus|Mew|100\/100\n|turn|23\n|\n|t:|1699214049\n|-end|p1a: Sandy Shocks|Protosynthesis|[silent]\n|switch|p1a: Slowking|Slowking, F|71\/100 par\n|-damage|p1a: Slowking|54\/100 par|[from] Spikes\n|move|p2a: Rufus|Dragon Dance|p2a: Rufus\n|-boost|p2a: Rufus|atk|1\n|-boost|p2a: Rufus|spe|1\n|\n|-heal|p1a: Slowking|60\/100 par|[from] item: Leftovers\n|upkeep\n|turn|24\n|c| Ballysax Bulbasaur|KABOOOM\n|\n|t:|1699214068\n|move|p2a: Rufus|Leech Life|p1a: Slowking\n|-supereffective|p1a: Slowking\n|-damage|p1a: Slowking|0 fnt\n|faint|p1a: Slowking\n|-damage|p2a: Rufus|91\/100|[from] item: Life Orb\n|\n|upkeep\n|\n|t:|1699214073\n|switch|p1a: Iron Valiant|Iron Valiant|100\/100\n|-damage|p1a: Iron Valiant|84\/100|[from] Spikes\n|-enditem|p1a: Iron Valiant|Booster Energy\n|-activate|p1a: Iron Valiant|ability: Quark Drive|[fromitem]\n|-start|p1a: Iron Valiant|quarkdrivespe\n|turn|25\n|\n|t:|1699214089\n|-terastallize|p1a: Iron Valiant|Ghost\n|move|p1a: Iron Valiant|Swords Dance|p1a: Iron Valiant\n|-boost|p1a: Iron Valiant|atk|2\n|move|p2a: Rufus|Psychic Fangs|p1a: Iron Valiant\n|-damage|p1a: Iron Valiant|0 fnt\n|faint|p1a: Iron Valiant\n|-end|p1a: Iron Valiant|Quark Drive|[silent]\n|-damage|p2a: Rufus|81\/100|[from] item: Life Orb\n|\n|upkeep\n|\n|t:|1699214096\n|switch|p1a: Sandy Shocks|Sandy Shocks|76\/100\n|-damage|p1a: Sandy Shocks|60\/100|[from] Spikes\n|turn|26\n|c| Ballysax Bulbasaur|A Valiant effort\n|\n|t:|1699214104\n|move|p2a: Rufus|Psychic Fangs|p1a: Sandy Shocks\n|-damage|p1a: Sandy Shocks|0 fnt\n|replace|p1a: Zoroark|Zoroark-Hisui, M\n|-end|p1a: Zoroark|Illusion\n|faint|p1a: Zoroark\n|-damage|p2a: Rufus|71\/100|[from] item: Life Orb\n|\n|upkeep\n|\n|t:|1699214110\n|switch|p1a: Corviknight|Corviknight, M|34\/100\n|turn|27\n|\n|t:|1699214114\n|move|p2a: Rufus|Overheat|p1a: Corviknight\n|-supereffective|p1a: Corviknight\n|-damage|p1a: Corviknight|0 fnt\n|-unboost|p2a: Rufus|spa|2\n|faint|p1a: Corviknight\n|-damage|p2a: Rufus|61\/100|[from] item: Life Orb\n|\n|upkeep\n|\n|t:|1699214116\n|switch|p1a: Sandy Shocks|Sandy Shocks|5\/100\n|-damage|p1a: Sandy Shocks|0 fnt|[from] Spikes\n|faint|p1a: Sandy Shocks\n|-end|p1a: Sandy Shocks|Protosynthesis|[silent]\n|\n|win|Blueninja658\n|c|\u2606DGF Duckletts|Gg\n|l|\u2606DGF Duckletts\n|c| Ballysax Bulbasaur|Lol\n|c|\u2606Blueninja658|GG\n|l| Ballysax Bulbasaur\n","uploadtime":1699214140,"views":15,"p1id":"dgfduckletts","p2id":"blueninja658","formatid":"gen9ubers","rating":0,"private":0,"password":""}