{"id":"gen9ubers-1968135930","p1":"Cyrenux","p2":"cedarbranch1994","format":"[Gen 9] Ubers","log":"|j|\u2606Cyrenux\n|j|\u2606cedarbranch1994\n|t:|1697387916\n|gametype|singles\n|player|p1|Cyrenux|170|1285\n|player|p2|cedarbranch1994|102|1305\n|teamsize|p1|6\n|teamsize|p2|6\n|gen|9\n|tier|[Gen 9] Ubers\n|rated|\n|rule|Sleep Clause Mod: Limit one foe put to sleep\n|rule|Species Clause: Limit one of each Pok\u00e9mon\n|rule|OHKO Clause: OHKO moves are banned\n|rule|Evasion Items Clause: Evasion items are banned\n|rule|Evasion Moves Clause: Evasion moves are banned\n|rule|Endless Battle Clause: Forcing endless battles is banned\n|rule|HP Percentage Mod: HP is shown in percentages\n|clearpoke\n|poke|p1|Dialga-Origin|\n|poke|p1|Palkia-Origin|\n|poke|p1|Giratina-Origin|\n|poke|p1|Arceus|\n|poke|p1|Groudon|\n|poke|p1|Eternatus|\n|poke|p2|Calyrex-Ice|\n|poke|p2|Kyogre|\n|poke|p2|Hatterene, F|\n|poke|p2|Urshifu-*, F|\n|poke|p2|Dialga-Origin|\n|poke|p2|Sinistcha|\n|teampreview\n|inactive|Battle timer is ON: inactive players will automatically lose when time's up. (requested by Cyrenux)\n|\n|t:|1697387946\n|start\n|switch|p1a: Groudon|Groudon|100\/100\n|switch|p2a: Hatterene|Hatterene, F|100\/100\n|-weather|SunnyDay|[from] ability: Drought|[of] p1a: Groudon\n|turn|1\n|\n|t:|1697387967\n|move|p1a: Groudon|Precipice Blades|p2a: Hatterene\n|-damage|p2a: Hatterene|37\/100\n|move|p2a: Hatterene|Trick Room|p2a: Hatterene\n|-fieldstart|move: Trick Room|[of] p2a: Hatterene\n|\n|-weather|SunnyDay|[upkeep]\n|upkeep\n|turn|2\n|\n|t:|1697387985\n|move|p1a: Groudon|Protect|p1a: Groudon\n|-singleturn|p1a: Groudon|Protect\n|move|p2a: Hatterene|Psychic|p1a: Groudon\n|-activate|p1a: Groudon|move: Protect\n|\n|-weather|SunnyDay|[upkeep]\n|upkeep\n|turn|3\n|\n|t:|1697387990\n|move|p1a: Groudon|Protect|p1a: Groudon\n|-singleturn|p1a: Groudon|Protect\n|move|p2a: Hatterene|Psychic|p1a: Groudon\n|-activate|p1a: Groudon|move: Protect\n|\n|-weather|SunnyDay|[upkeep]\n|upkeep\n|turn|4\n|\n|t:|1697387995\n|switch|p1a: Dialga|Dialga-Origin|100\/100\n|-ability|p1a: Dialga|Pressure\n|move|p2a: Hatterene|Psychic|p1a: Dialga\n|-resisted|p1a: Dialga\n|-damage|p1a: Dialga|76\/100\n|\n|-weather|SunnyDay|[upkeep]\n|upkeep\n|turn|5\n|\n|t:|1697388001\n|move|p2a: Hatterene|Dazzling Gleam|p1a: Dialga\n|-damage|p1a: Dialga|34\/100\n|move|p1a: Dialga|Flash Cannon|p2a: Hatterene\n|-supereffective|p2a: Hatterene\n|-damage|p2a: Hatterene|0 fnt\n|faint|p2a: Hatterene\n|\n|-weather|none\n|-fieldend|move: Trick Room\n|upkeep\n|\n|t:|1697388011\n|switch|p2a: Urshifu|Urshifu, F|100\/100\n|turn|6\n|inactive|Cyrenux has 120 seconds left.\n|\n|t:|1697388045\n|switch|p1a: Giratina|Giratina-Origin, shiny|100\/100\n|move|p2a: Urshifu|Drain Punch|p1a: Giratina\n|-immune|p1a: Giratina\n|\n|upkeep\n|turn|7\n|inactive|Cyrenux has 120 seconds left.\n|\n|t:|1697388058\n|move|p1a: Giratina|Draco Meteor|p2a: Urshifu\n|-damage|p2a: Urshifu|4\/100\n|-unboost|p1a: Giratina|spa|2\n|move|p2a: Urshifu|Wicked Blow|p1a: Giratina\n|-supereffective|p1a: Giratina\n|-crit|p1a: Giratina\n|-damage|p1a: Giratina|0 fnt\n|faint|p1a: Giratina\n|-damage|p2a: Urshifu|0 fnt|[from] item: Life Orb\n|faint|p2a: Urshifu\n|\n|upkeep\n|inactive|Cyrenux has 120 seconds left.\n|\n|t:|1697388083\n|switch|p1a: Palkia|Palkia-Origin|100\/100\n|switch|p2a: Dialga|Dialga-Origin|100\/100\n|-ability|p1a: Palkia|Pressure\n|-ability|p2a: Dialga|Pressure\n|turn|8\n|\n|t:|1697388088\n|move|p1a: Palkia|Thunder Wave|p2a: Dialga|[miss]\n|-miss|p1a: Palkia|p2a: Dialga\n|move|p2a: Dialga|Trick Room|p2a: Dialga\n|-fieldstart|move: Trick Room|[of] p2a: Dialga\n|\n|upkeep\n|turn|9\n|\n|t:|1697388093\n|-terastallize|p1a: Palkia|Steel\n|move|p2a: Dialga|Draco Meteor|p1a: Palkia\n|-resisted|p1a: Palkia\n|-damage|p1a: Palkia|56\/100\n|-unboost|p2a: Dialga|spa|2\n|move|p1a: Palkia|Thunder Wave|p2a: Dialga|[miss]\n|-miss|p1a: Palkia|p2a: Dialga\n|\n|upkeep\n|turn|10\n|\n|t:|1697388101\n|move|p2a: Dialga|Fire Blast|p1a: Palkia\n|-supereffective|p1a: Palkia\n|-damage|p1a: Palkia|13\/100\n|move|p1a: Palkia|Thunder Wave|p2a: Dialga\n|-status|p2a: Dialga|par\n|\n|upkeep\n|turn|11\n|inactive|Cyrenux has 120 seconds left.\n|\n|t:|1697388123\n|switch|p2a: Kyogre|Kyogre|100\/100\n|-weather|RainDance|[from] ability: Drizzle|[of] p2a: Kyogre\n|move|p1a: Palkia|Spacial Rend|p2a: Kyogre\n|-damage|p2a: Kyogre|59\/100\n|\n|-weather|RainDance|[upkeep]\n|upkeep\n|turn|12\n|\n|t:|1697388128\n|move|p2a: Kyogre|Surf|p1a: Palkia\n|-damage|p1a: Palkia|0 fnt\n|faint|p1a: Palkia\n|\n|-weather|RainDance|[upkeep]\n|-fieldend|move: Trick Room\n|upkeep\n|inactive|Cyrenux has 120 seconds left.\n|\n|t:|1697388142\n|switch|p1a: Dialga|Dialga-Origin|34\/100\n|-ability|p1a: Dialga|Pressure\n|turn|13\n|\n|t:|1697388152\n|move|p1a: Dialga|Stealth Rock|p2a: Kyogre\n|-sidestart|p2: cedarbranch1994|move: Stealth Rock\n|move|p2a: Kyogre|Surf|p1a: Dialga\n|-resisted|p1a: Dialga\n|-crit|p1a: Dialga\n|-damage|p1a: Dialga|0 fnt\n|faint|p1a: Dialga\n|\n|-weather|RainDance|[upkeep]\n|upkeep\n|inactive|Cyrenux has 120 seconds left.\n|\n|t:|1697388163\n|switch|p1a: Groudon|Groudon|100\/100\n|-weather|SunnyDay|[from] ability: Drought|[of] p1a: Groudon\n|turn|14\n|\n|t:|1697388165\n|move|p1a: Groudon|Spikes|p2a: Kyogre\n|-sidestart|p2: cedarbranch1994|Spikes\n|move|p2a: Kyogre|Surf|p1a: Groudon\n|-supereffective|p1a: Groudon\n|-damage|p1a: Groudon|42\/100\n|\n|-weather|SunnyDay|[upkeep]\n|-heal|p1a: Groudon|48\/100|[from] item: Leftovers\n|upkeep\n|turn|15\n|\n|t:|1697388174\n|switch|p2a: Dialga|Dialga-Origin|100\/100 par\n|-damage|p2a: Dialga|94\/100 par|[from] Stealth Rock\n|-damage|p2a: Dialga|82\/100 par|[from] Spikes\n|-ability|p2a: Dialga|Pressure\n|move|p1a: Groudon|Spikes|p2a: Dialga\n|-sidestart|p2: cedarbranch1994|Spikes\n|\n|-weather|SunnyDay|[upkeep]\n|-heal|p1a: Groudon|54\/100|[from] item: Leftovers\n|upkeep\n|turn|16\n|\n|t:|1697388179\n|move|p1a: Groudon|Precipice Blades|p2a: Dialga\n|-supereffective|p2a: Dialga\n|-damage|p2a: Dialga|0 fnt\n|faint|p2a: Dialga\n|\n|-weather|SunnyDay|[upkeep]\n|-heal|p1a: Groudon|60\/100|[from] item: Leftovers\n|upkeep\n|\n|t:|1697388184\n|switch|p2a: Kyogre|Kyogre|59\/100\n|-damage|p2a: Kyogre|47\/100|[from] Stealth Rock\n|-damage|p2a: Kyogre|30\/100|[from] Spikes\n|-weather|RainDance|[from] ability: Drizzle|[of] p2a: Kyogre\n|turn|17\n|\n|t:|1697388197\n|move|p1a: Groudon|Protect|p1a: Groudon\n|-singleturn|p1a: Groudon|Protect\n|move|p2a: Kyogre|Surf|p1a: Groudon\n|-activate|p1a: Groudon|move: Protect\n|\n|-weather|RainDance|[upkeep]\n|-heal|p1a: Groudon|67\/100|[from] item: Leftovers\n|upkeep\n|turn|18\n|\n|t:|1697388201\n|move|p1a: Groudon|Precipice Blades|p2a: Kyogre\n|-damage|p2a: Kyogre|0 fnt\n|faint|p2a: Kyogre\n|\n|-weather|RainDance|[upkeep]\n|-heal|p1a: Groudon|73\/100|[from] item: Leftovers\n|upkeep\n|\n|t:|1697388204\n|switch|p2a: Sinistcha|Sinistcha|100\/100\n|-damage|p2a: Sinistcha|88\/100|[from] Stealth Rock\n|-damage|p2a: Sinistcha|72\/100|[from] Spikes\n|turn|19\n|\n|t:|1697388208\n|move|p1a: Groudon|Protect|p1a: Groudon\n|-singleturn|p1a: Groudon|Protect\n|move|p2a: Sinistcha|Trick Room|p2a: Sinistcha\n|-fieldstart|move: Trick Room|[of] p2a: Sinistcha\n|\n|-weather|RainDance|[upkeep]\n|-heal|p2a: Sinistcha|78\/100|[from] item: Leftovers\n|-heal|p1a: Groudon|79\/100|[from] item: Leftovers\n|upkeep\n|turn|20\n|\n|t:|1697388213\n|move|p2a: Sinistcha|Nasty Plot|p2a: Sinistcha\n|-boost|p2a: Sinistcha|spa|2\n|move|p1a: Groudon|Will-O-Wisp|p2a: Sinistcha|[miss]\n|-miss|p1a: Groudon|p2a: Sinistcha\n|\n|-weather|RainDance|[upkeep]\n|-heal|p2a: Sinistcha|84\/100|[from] item: Leftovers\n|-heal|p1a: Groudon|85\/100|[from] item: Leftovers\n|upkeep\n|turn|21\n|\n|t:|1697388217\n|move|p2a: Sinistcha|Matcha Gotcha|p1a: Groudon\n|-supereffective|p1a: Groudon\n|-damage|p1a: Groudon|0 fnt\n|-heal|p2a: Sinistcha|100\/100|[from] drain|[of] p1a: Groudon\n|faint|p1a: Groudon\n|\n|-weather|none\n|upkeep\n|\n|t:|1697388229\n|switch|p1a: Arceus|Arceus, shiny|100\/100\n|turn|22\n|\n|t:|1697388238\n|move|p2a: Sinistcha|Matcha Gotcha|p1a: Arceus\n|-damage|p1a: Arceus|40\/100\n|move|p1a: Arceus|Shadow Claw|p2a: Sinistcha\n|-supereffective|p2a: Sinistcha\n|-damage|p2a: Sinistcha|54\/100\n|\n|-heal|p2a: Sinistcha|60\/100|[from] item: Leftovers\n|upkeep\n|turn|23\n|\n|t:|1697388246\n|move|p2a: Sinistcha|Matcha Gotcha|p1a: Arceus\n|-damage|p1a: Arceus|0 fnt\n|-heal|p2a: Sinistcha|83\/100|[from] drain|[of] p1a: Arceus\n|faint|p1a: Arceus\n|\n|-heal|p2a: Sinistcha|89\/100|[from] item: Leftovers\n|-fieldend|move: Trick Room\n|upkeep\n|\n|t:|1697388249\n|switch|p1a: Eternatus|Eternatus|100\/100\n|-ability|p1a: Eternatus|Pressure\n|turn|24\n|\n|t:|1697388255\n|move|p1a: Eternatus|Fire Blast|p2a: Sinistcha\n|-supereffective|p2a: Sinistcha\n|-damage|p2a: Sinistcha|0 fnt\n|faint|p2a: Sinistcha\n|\n|upkeep\n|\n|t:|1697388258\n|switch|p2a: Calyrex|Calyrex-Ice|100\/100\n|-ability|p2a: Calyrex|As One\n|-ability|p2a: Calyrex|Unnerve\n|-damage|p2a: Calyrex|76\/100|[from] Stealth Rock\n|-damage|p2a: Calyrex|59\/100|[from] Spikes\n|turn|25\n|\n|t:|1697388265\n|-terastallize|p2a: Calyrex|Psychic\n|move|p1a: Eternatus|Fire Blast|p2a: Calyrex\n|-damage|p2a: Calyrex|26\/100\n|move|p2a: Calyrex|Trick Room|p2a: Calyrex\n|-fieldstart|move: Trick Room|[of] p2a: Calyrex\n|\n|-heal|p2a: Calyrex|32\/100|[from] item: Leftovers\n|upkeep\n|turn|26\n|\n|t:|1697388270\n|move|p2a: Calyrex|Glacial Lance|p1a: Eternatus\n|-supereffective|p1a: Eternatus\n|-damage|p1a: Eternatus|0 fnt\n|faint|p1a: Eternatus\n|\n|win|cedarbranch1994\n|raw|Cyrenux's rating: 1285 &rarr; <strong>1261<\/strong><br \/>(-24 for losing)\n|raw|cedarbranch1994's rating: 1305 &rarr; <strong>1324<\/strong><br \/>(+19 for winning)\n|l|\u2606cedarbranch1994\n|l|\u2606Cyrenux\n|j|\u2606Cyrenux\n|player|p1|Cyrenux|170\n","uploadtime":1697388653,"views":6,"p1id":"cyrenux","p2id":"cedarbranch1994","formatid":"gen9ubers","rating":1261,"private":0,"password":""}