{"id":"gen9ubers-1971525226","p1":"This December","p2":"Pug320","format":"[Gen 9] Ubers","log":"|j|\u2606This December\n|j|\u2606Pug320\n|t:|1697745442\n|gametype|singles\n|player|p1|This December|mallow-masters|1133\n|player|p2|Pug320|crasherwake|1094\n|teamsize|p1|6\n|teamsize|p2|6\n|gen|9\n|tier|[Gen 9] Ubers\n|rated|\n|rule|Sleep Clause Mod: Limit one foe put to sleep\n|rule|Species Clause: Limit one of each Pok\u00e9mon\n|rule|OHKO Clause: OHKO moves are banned\n|rule|Evasion Items Clause: Evasion items are banned\n|rule|Evasion Moves Clause: Evasion moves are banned\n|rule|Endless Battle Clause: Forcing endless battles is banned\n|rule|HP Percentage Mod: HP is shown in percentages\n|clearpoke\n|poke|p1|Chien-Pao|\n|poke|p1|Miraidon|\n|poke|p1|Corviknight, F|\n|poke|p1|Skeledirge, F|\n|poke|p1|Arceus-Ground|\n|poke|p1|Zacian-*|\n|poke|p2|Honchkrow, M|\n|poke|p2|Annihilape, F|\n|poke|p2|Ninetales-Alola, M|\n|poke|p2|Sableye, M|\n|poke|p2|Delphox, M|\n|poke|p2|Azumarill, F|\n|teampreview\n|c|\u2606This December|hf\n|\n|t:|1697745467\n|start\n|switch|p1a: Skeledirge|Skeledirge, F, shiny|100\/100\n|switch|p2a: Azumarill|Azumarill, F, shiny|100\/100\n|turn|1\n|\n|t:|1697745476\n|switch|p1a: Corviknight|Corviknight, F|100\/100\n|-ability|p1a: Corviknight|Pressure\n|move|p2a: Azumarill|Aqua Tail|p1a: Corviknight\n|-damage|p1a: Corviknight|48\/100\n|\n|-heal|p1a: Corviknight|54\/100|[from] item: Leftovers\n|upkeep\n|turn|2\n|\n|t:|1697745485\n|move|p1a: Corviknight|U-turn|p2a: Azumarill\n|-resisted|p2a: Azumarill\n|-damage|p2a: Azumarill|93\/100\n|\n|t:|1697745491\n|switch|p1a: Miraidon|Miraidon|100\/100|[from] U-turn\n|-fieldstart|move: Electric Terrain|[from] ability: Hadron Engine|[of] p1a: Miraidon\n|move|p2a: Azumarill|Aqua Tail|p1a: Miraidon\n|-resisted|p1a: Miraidon\n|-damage|p1a: Miraidon|60\/100\n|\n|upkeep\n|turn|3\n|\n|t:|1697745527\n|switch|p2a: Ninetales|Ninetales-Alola, M, shiny|100\/100\n|-weather|Snow|[from] ability: Snow Warning|[of] p2a: Ninetales\n|move|p1a: Miraidon|Electro Drift|p2a: Ninetales\n|-damage|p2a: Ninetales|13\/100\n|\n|-weather|Snow|[upkeep]\n|upkeep\n|turn|4\n|\n|t:|1697745544\n|move|p1a: Miraidon|Electro Drift|p2a: Ninetales\n|-damage|p2a: Ninetales|0 fnt\n|faint|p2a: Ninetales\n|\n|-weather|Snow|[upkeep]\n|upkeep\n|\n|t:|1697745564\n|switch|p2a: Azumarill|Azumarill, F, shiny|93\/100\n|turn|5\n|\n|t:|1697745571\n|-terastallize|p2a: Azumarill|Grass\n|move|p1a: Miraidon|Electro Drift|p2a: Azumarill\n|-resisted|p2a: Azumarill\n|-damage|p2a: Azumarill|42\/100\n|move|p2a: Azumarill|Play Rough|p1a: Miraidon\n|-supereffective|p1a: Miraidon\n|-damage|p1a: Miraidon|0 fnt\n|faint|p1a: Miraidon\n|\n|-weather|Snow|[upkeep]\n|upkeep\n|\n|t:|1697745599\n|switch|p1a: Chien-Pao|Chien-Pao|100\/100\n|-ability|p1a: Chien-Pao|Sword of Ruin\n|turn|6\n|\n|t:|1697745609\n|switch|p2a: Annihilape|Annihilape, F|100\/100\n|move|p1a: Chien-Pao|Ice Spinner|p2a: Annihilape\n|-damage|p2a: Annihilape|16\/100\n|-fieldend|move: Electric Terrain\n|\n|-weather|Snow|[upkeep]\n|-heal|p2a: Annihilape|23\/100|[from] item: Leftovers\n|upkeep\n|turn|7\n|\n|t:|1697745619\n|move|p1a: Chien-Pao|Ice Spinner|p2a: Annihilape\n|-damage|p2a: Annihilape|0 fnt\n|faint|p2a: Annihilape\n|\n|-weather|none\n|upkeep\n|\n|t:|1697745627\n|switch|p2a: Sableye|Sableye, M, shiny|100\/100\n|turn|8\n|\n|t:|1697745632\n|switch|p1a: Skeledirge|Skeledirge, F, shiny|100\/100\n|move|p2a: Sableye|Thunder Wave|p1a: Skeledirge\n|-status|p1a: Skeledirge|par\n|\n|upkeep\n|turn|9\n|\n|t:|1697745642\n|move|p2a: Sableye|Trick|p1a: Skeledirge\n|-activate|p2a: Sableye|move: Trick|[of] p1a: Skeledirge\n|-item|p1a: Skeledirge|Ring Target|[from] move: Trick\n|-item|p2a: Sableye|Heavy-Duty Boots|[from] move: Trick\n|move|p1a: Skeledirge|Torch Song|p2a: Sableye\n|-damage|p2a: Sableye|57\/100\n|-boost|p1a: Skeledirge|spa|1\n|\n|upkeep\n|turn|10\n|\n|t:|1697745651\n|move|p2a: Sableye|Light Screen|p2a: Sableye\n|-sidestart|p2: Pug320|move: Light Screen\n|move|p1a: Skeledirge|Torch Song|p2a: Sableye\n|-damage|p2a: Sableye|21\/100\n|-boost|p1a: Skeledirge|spa|1\n|\n|upkeep\n|turn|11\n|\n|t:|1697745657\n|switch|p2a: Azumarill|Azumarill, F, shiny, tera:Grass|42\/100\n|move|p1a: Skeledirge|Torch Song|p2a: Azumarill\n|-supereffective|p2a: Azumarill\n|-damage|p2a: Azumarill|0 fnt\n|-boost|p1a: Skeledirge|spa|1\n|faint|p2a: Azumarill\n|\n|upkeep\n|\n|t:|1697745669\n|switch|p2a: Honchkrow|Honchkrow, M|100\/100\n|turn|12\n|\n|t:|1697745674\n|-terastallize|p1a: Skeledirge|Fairy\n|move|p2a: Honchkrow|Haze|p2a: Honchkrow\n|-clearallboost\n|move|p1a: Skeledirge|Torch Song|p2a: Honchkrow\n|-damage|p2a: Honchkrow|73\/100\n|-boost|p1a: Skeledirge|spa|1\n|\n|upkeep\n|turn|13\n|\n|t:|1697745685\n|move|p2a: Honchkrow|Brave Bird|p1a: Skeledirge\n|-damage|p1a: Skeledirge|53\/100 par\n|-damage|p2a: Honchkrow|54\/100|[from] Recoil\n|-damage|p2a: Honchkrow|44\/100|[from] item: Life Orb\n|move|p1a: Skeledirge|Torch Song|p2a: Honchkrow\n|-damage|p2a: Honchkrow|4\/100\n|-boost|p1a: Skeledirge|spa|1\n|\n|upkeep\n|turn|14\n|\n|t:|1697745690\n|switch|p1a: Corviknight|Corviknight, F|54\/100\n|-ability|p1a: Corviknight|Pressure\n|move|p2a: Honchkrow|Brave Bird|p1a: Corviknight\n|-resisted|p1a: Corviknight\n|-damage|p1a: Corviknight|31\/100\n|-damage|p2a: Honchkrow|0 fnt|[from] Recoil\n|faint|p2a: Honchkrow\n|\n|-heal|p1a: Corviknight|37\/100|[from] item: Leftovers\n|-sideend|p2: Pug320|move: Light Screen\n|upkeep\n|\n|t:|1697745700\n|switch|p2a: Delphox|Delphox, M, shiny|100\/100\n|turn|15\n|\n|t:|1697745705\n|move|p2a: Delphox|Fire Blast|p1a: Corviknight\n|-supereffective|p1a: Corviknight\n|-damage|p1a: Corviknight|0 fnt\n|faint|p1a: Corviknight\n|\n|upkeep\n|\n|t:|1697745708\n|switch|p1a: Arceus|Arceus-Ground|100\/100\n|turn|16\n|\n|t:|1697745713\n|move|p1a: Arceus|Judgment|p2a: Delphox\n|-supereffective|p2a: Delphox\n|-damage|p2a: Delphox|0 fnt\n|faint|p2a: Delphox\n|\n|upkeep\n|c|\u2606This December|gg\n|-message|Pug320 forfeited.\n|\n|win|This December\n|raw|This December's rating: 1133 &rarr; <strong>1155<\/strong><br \/>(+22 for winning)\n|raw|Pug320's rating: 1094 &rarr; <strong>1073<\/strong><br \/>(-21 for losing)\n|l|\u2606Pug320\n","uploadtime":1697745721,"views":14,"p1id":"thisdecember","p2id":"pug320","formatid":"gen9ubers","rating":1073,"private":0,"password":""}