{"id":"gen9ubers-1999117963","p1":"Soulja92x","p2":"mrcarrot901","format":"[Gen 9] Ubers","log":"|j|\u2606Soulja92x\n|j|\u2606mrcarrot901\n|t:|1701035052\n|gametype|singles\n|player|p1|Soulja92x|lucas|1044\n|player|p2|mrcarrot901|bruno|1140\n|teamsize|p1|6\n|teamsize|p2|6\n|gen|9\n|tier|[Gen 9] Ubers\n|rated|\n|rule|Sleep Clause Mod: Limit one foe put to sleep\n|rule|Species Clause: Limit one of each Pok\u00e9mon\n|rule|OHKO Clause: OHKO moves are banned\n|rule|Evasion Items Clause: Evasion items are banned\n|rule|Evasion Moves Clause: Evasion moves are banned\n|rule|Endless Battle Clause: Forcing endless battles is banned\n|rule|HP Percentage Mod: HP is shown in percentages\n|clearpoke\n|poke|p1|Miraidon|\n|poke|p1|Ogerpon-Wellspring, F|\n|poke|p1|Barraskewda, F|\n|poke|p1|Pelipper, F|\n|poke|p1|Gliscor, F|\n|poke|p1|Toxapex, M|\n|poke|p2|Rillaboom, M|\n|poke|p2|Gliscor, M|\n|poke|p2|Iron Bundle|\n|poke|p2|Regieleki|\n|poke|p2|Flutter Mane|\n|poke|p2|Zacian-*|\n|teampreview\n|inactive|Battle timer is ON: inactive players will automatically lose when time's up. (requested by Soulja92x)\n|\n|t:|1701035058\n|start\n|switch|p1a: Miraidon|Miraidon|100\/100\n|switch|p2a: Regieleki|Regieleki|100\/100\n|-fieldstart|move: Electric Terrain|[from] ability: Hadron Engine|[of] p1a: Miraidon\n|turn|1\n|\n|t:|1701035069\n|move|p2a: Regieleki|Light Screen|p2a: Regieleki\n|-sidestart|p2: mrcarrot901|move: Light Screen\n|move|p1a: Miraidon|U-turn|p2a: Regieleki\n|-damage|p2a: Regieleki|80\/100\n|\n|t:|1701035074\n|switch|p1a: Gliscor|Gliscor, F|100\/100|[from] U-turn\n|\n|-status|p1a: Gliscor|tox|[from] item: Toxic Orb\n|upkeep\n|turn|2\n|\n|t:|1701035084\n|switch|p2a: Gliscor|Gliscor, M|100\/100\n|move|p1a: Gliscor|Earthquake|p2a: Gliscor\n|-immune|p2a: Gliscor\n|\n|-status|p2a: Gliscor|tox|[from] item: Toxic Orb\n|upkeep\n|turn|3\n|inactive|mrcarrot901 has 120 seconds left.\n|\n|t:|1701035117\n|switch|p2a: Zacian|Zacian-Crowned|100\/100\n|-ability|p2a: Zacian|Intrepid Sword|boost\n|-boost|p2a: Zacian|atk|1\n|move|p1a: Gliscor|Spikes|p2a: Zacian\n|-sidestart|p2: mrcarrot901|Spikes\n|\n|upkeep\n|turn|4\n|inactive|mrcarrot901 has 120 seconds left.\n|\n|t:|1701035136\n|switch|p2a: Gliscor|Gliscor, M|100\/100 tox\n|move|p1a: Gliscor|Toxic|p2a: Gliscor\n|-fail|p2a: Gliscor|tox\n|\n|upkeep\n|turn|5\n|inactive|mrcarrot901 has 120 seconds left.\n|\n|t:|1701035145\n|switch|p2a: Iron Bundle|Iron Bundle|100\/100\n|-activate|p2a: Iron Bundle|ability: Quark Drive\n|-start|p2a: Iron Bundle|quarkdrivespe\n|move|p1a: Gliscor|Spikes|p2a: Iron Bundle\n|-sidestart|p2: mrcarrot901|Spikes\n|\n|-sideend|p2: mrcarrot901|move: Light Screen\n|-fieldend|move: Electric Terrain\n|-end|p2a: Iron Bundle|Quark Drive\n|upkeep\n|turn|6\n|\n|t:|1701035154\n|move|p2a: Iron Bundle|Encore|p1a: Gliscor\n|-start|p1a: Gliscor|Encore\n|move|p1a: Gliscor|Spikes|p2a: Iron Bundle\n|-sidestart|p2: mrcarrot901|Spikes\n|\n|upkeep\n|turn|7\n|\n|t:|1701035161\n|switch|p1a: Pelipper|Pelipper, F|100\/100\n|-weather|RainDance|[from] ability: Drizzle|[of] p1a: Pelipper\n|move|p2a: Iron Bundle|Ice Beam|p1a: Pelipper\n|-damage|p1a: Pelipper|34\/100\n|\n|-weather|RainDance|[upkeep]\n|upkeep\n|turn|8\n|\n|t:|1701035173\n|switch|p1a: Toxapex|Toxapex, M|100\/100\n|move|p2a: Iron Bundle|Freeze-Dry|p1a: Toxapex\n|-supereffective|p1a: Toxapex\n|-damage|p1a: Toxapex|39\/100\n|\n|-weather|RainDance|[upkeep]\n|upkeep\n|turn|9\n|\n|t:|1701035190\n|move|p2a: Iron Bundle|Freeze-Dry|p1a: Toxapex\n|-supereffective|p1a: Toxapex\n|-damage|p1a: Toxapex|0 fnt\n|faint|p1a: Toxapex\n|\n|-weather|RainDance|[upkeep]\n|upkeep\n|\n|t:|1701035195\n|switch|p1a: Barraskewda|Barraskewda, F|100\/100\n|turn|10\n|\n|t:|1701035219\n|-terastallize|p1a: Barraskewda|Water\n|move|p1a: Barraskewda|Liquidation|p2a: Iron Bundle\n|-resisted|p2a: Iron Bundle\n|-damage|p2a: Iron Bundle|21\/100\n|-unboost|p2a: Iron Bundle|def|1\n|move|p2a: Iron Bundle|Freeze-Dry|p1a: Barraskewda\n|-supereffective|p1a: Barraskewda\n|-damage|p1a: Barraskewda|0 fnt\n|faint|p1a: Barraskewda\n|\n|-weather|RainDance|[upkeep]\n|upkeep\n|\n|t:|1701035233\n|switch|p1a: Miraidon|Miraidon|100\/100\n|-fieldstart|move: Electric Terrain|[from] ability: Hadron Engine|[of] p1a: Miraidon\n|-activate|p2a: Iron Bundle|ability: Quark Drive\n|-start|p2a: Iron Bundle|quarkdrivespe\n|turn|11\n|\n|t:|1701035242\n|-terastallize|p2a: Iron Bundle|Ice\n|move|p2a: Iron Bundle|Ice Beam|p1a: Miraidon\n|-supereffective|p1a: Miraidon\n|-damage|p1a: Miraidon|0 fnt\n|faint|p1a: Miraidon\n|\n|-weather|RainDance|[upkeep]\n|upkeep\n|\n|t:|1701035261\n|switch|p1a: Ogerpon|Ogerpon-Wellspring, F|100\/100\n|turn|12\n|\n|t:|1701035265\n|move|p2a: Iron Bundle|Freeze-Dry|p1a: Ogerpon\n|-supereffective|p1a: Ogerpon\n|-damage|p1a: Ogerpon|0 fnt\n|faint|p1a: Ogerpon\n|\n|-weather|RainDance|[upkeep]\n|upkeep\n|\n|t:|1701035270\n|switch|p1a: Gliscor|Gliscor, F|100\/100 tox\n|turn|13\n|\n|t:|1701035273\n|move|p2a: Iron Bundle|Ice Beam|p1a: Gliscor\n|-supereffective|p1a: Gliscor\n|-damage|p1a: Gliscor|0 fnt\n|faint|p1a: Gliscor\n|\n|-weather|RainDance|[upkeep]\n|upkeep\n|\n|t:|1701035278\n|switch|p1a: Pelipper|Pelipper, F|34\/100\n|turn|14\n|\n|t:|1701035281\n|move|p2a: Iron Bundle|Ice Beam|p1a: Pelipper\n|-damage|p1a: Pelipper|0 fnt\n|faint|p1a: Pelipper\n|\n|win|mrcarrot901\n|raw|Soulja92x's rating: 1044 &rarr; <strong>1032<\/strong><br \/>(-12 for losing)\n|raw|mrcarrot901's rating: 1140 &rarr; <strong>1158<\/strong><br \/>(+18 for winning)\n|l|\u2606Soulja92x\n","uploadtime":1701035294,"views":9,"p1id":"soulja92x","p2id":"mrcarrot901","formatid":"gen9ubers","rating":1032,"private":0,"password":""}