{"id":"gen9ubers-1984275554","p1":"Laprasrules12","p2":"AlicieLizzie","format":"[Gen 9] Ubers","log":"|j|\u2606Laprasrules12\n|j|\u2606AlicieLizzie\n|t:|1699237850\n|gametype|singles\n|player|p1|Laprasrules12|lusamine-nihilego|\n|player|p2|AlicieLizzie|marnie-masters3|\n|teamsize|p1|6\n|teamsize|p2|6\n|gen|9\n|tier|[Gen 9] Ubers\n|rule|Sleep Clause Mod: Limit one foe put to sleep\n|rule|Species Clause: Limit one of each Pok\u00e9mon\n|rule|OHKO Clause: OHKO moves are banned\n|rule|Evasion Items Clause: Evasion items are banned\n|rule|Evasion Moves Clause: Evasion moves are banned\n|rule|Endless Battle Clause: Forcing endless battles is banned\n|rule|HP Percentage Mod: HP is shown in percentages\n|clearpoke\n|poke|p1|Arceus-Fighting|\n|poke|p1|Espathra, F|\n|poke|p1|Zacian-*|\n|poke|p1|Palkia-Origin|\n|poke|p1|Cyclizar, F|\n|poke|p1|Magearna-Original|\n|poke|p2|Pelipper, F|\n|poke|p2|Overqwil, F|\n|poke|p2|Zapdos|\n|poke|p2|Palkia-Origin|\n|poke|p2|Landorus, M|\n|poke|p2|Arceus-Grass|\n|teampreview\n|inactive|Battle timer is ON: inactive players will automatically lose when time's up. (requested by AlicieLizzie)\n|inactive|Laprasrules12 also wants the timer to be on.\n|\n|t:|1699237855\n|start\n|switch|p1a: Say Gex|Cyclizar, F, shiny|100\/100\n|switch|p2a: der nebel kommt|Pelipper, F|100\/100\n|-weather|RainDance|[from] ability: Drizzle|[of] p2a: der nebel kommt\n|turn|1\n|\n|t:|1699237868\n|move|p1a: Say Gex|Shed Tail|p1a: Say Gex\n|-start|p1a: Say Gex|Substitute|[from] move: Shed Tail\n|-damage|p1a: Say Gex|50\/100\n|\n|t:|1699237870\n|switch|p1a: Cleopatra|Espathra, F, shiny|100\/100|[from] Shed Tail\n|move|p2a: der nebel kommt|U-turn|p1a: Cleopatra\n|-supereffective|p1a: Cleopatra\n|-activate|p1a: Cleopatra|move: Substitute|[damage]\n|inactive|AlicieLizzie has 270 seconds left.\n|\n|t:|1699237900\n|switch|p2a: sea mine|Overqwil, F|100\/100|[from] U-turn\n|\n|-weather|RainDance|[upkeep]\n|upkeep\n|turn|2\n|inactive|Laprasrules12 has 270 seconds left.\n|\n|t:|1699237931\n|move|p1a: Cleopatra|Protect|p1a: Cleopatra\n|-singleturn|p1a: Cleopatra|Protect\n|move|p2a: sea mine|Crunch|p1a: Cleopatra\n|-activate|p1a: Cleopatra|move: Protect\n|\n|-weather|RainDance|[upkeep]\n|-ability|p1a: Cleopatra|Speed Boost|boost\n|-boost|p1a: Cleopatra|spe|1\n|upkeep\n|turn|3\n|\n|t:|1699237944\n|-terastallize|p1a: Cleopatra|Fighting\n|move|p2a: sea mine|Crunch|p1a: Cleopatra\n|-resisted|p1a: Cleopatra\n|-end|p1a: Cleopatra|Substitute\n|move|p1a: Cleopatra|Calm Mind|p1a: Cleopatra\n|-boost|p1a: Cleopatra|spa|1\n|-boost|p1a: Cleopatra|spd|1\n|\n|-weather|RainDance|[upkeep]\n|-ability|p1a: Cleopatra|Speed Boost|boost\n|-boost|p1a: Cleopatra|spe|1\n|upkeep\n|turn|4\n|\n|t:|1699237949\n|switch|p2a: shockzwei|Zapdos|100\/100\n|move|p1a: Cleopatra|Protect||[still]\n|-fail|p1a: Cleopatra\n|\n|-weather|RainDance|[upkeep]\n|-ability|p1a: Cleopatra|Speed Boost|boost\n|-boost|p1a: Cleopatra|spe|1\n|upkeep\n|turn|5\n|\n|t:|1699237951\n|move|p1a: Cleopatra|Stored Power|p2a: shockzwei\n|-damage|p2a: shockzwei|20\/100\n|move|p2a: shockzwei|Hurricane|p1a: Cleopatra\n|-supereffective|p1a: Cleopatra\n|-damage|p1a: Cleopatra|0 fnt\n|faint|p1a: Cleopatra\n|\n|-weather|RainDance|[upkeep]\n|upkeep\n|c|\u2606Laprasrules12|Damn\n|\n|t:|1699237958\n|switch|p1a: The Horse|Palkia-Origin, shiny|100\/100\n|-ability|p1a: The Horse|Pressure\n|turn|6\n|\n|t:|1699237971\n|move|p1a: The Horse|Spacial Rend|p2a: shockzwei\n|-crit|p2a: shockzwei\n|-damage|p2a: shockzwei|0 fnt\n|faint|p2a: shockzwei\n|\n|-weather|RainDance|[upkeep]\n|upkeep\n|\n|t:|1699237978\n|switch|p2a: sea mine|Overqwil, F|100\/100\n|turn|7\n|\n|t:|1699237981\n|move|p2a: sea mine|Gunk Shot|p1a: The Horse\n|-damage|p1a: The Horse|0 fnt\n|faint|p1a: The Horse\n|\n|-weather|RainDance|[upkeep]\n|upkeep\n|c|\u2606Laprasrules12|Obviously that lands\n|\n|t:|1699237995\n|switch|p1a: Kratos|Arceus-Fighting, shiny|100\/100\n|turn|8\n|\n|t:|1699238003\n|move|p2a: sea mine|Gunk Shot|p1a: Kratos\n|-damage|p1a: Kratos|50\/100\n|move|p1a: Kratos|Cosmic Power|p1a: Kratos\n|-boost|p1a: Kratos|def|1\n|-boost|p1a: Kratos|spd|1\n|\n|-weather|none\n|upkeep\n|turn|9\n|\n|t:|1699238011\n|switch|p2a: der nebel kommt|Pelipper, F|100\/100\n|-weather|RainDance|[from] ability: Drizzle|[of] p2a: der nebel kommt\n|move|p1a: Kratos|Recover|p1a: Kratos\n|-heal|p1a: Kratos|99\/100\n|\n|-weather|RainDance|[upkeep]\n|upkeep\n|turn|10\n|\n|t:|1699238014\n|move|p1a: Kratos|Cosmic Power|p1a: Kratos\n|-boost|p1a: Kratos|def|1\n|-boost|p1a: Kratos|spd|1\n|move|p2a: der nebel kommt|Hurricane|p1a: Kratos\n|-supereffective|p1a: Kratos\n|-damage|p1a: Kratos|77\/100\n|-start|p1a: Kratos|confusion\n|\n|-weather|RainDance|[upkeep]\n|upkeep\n|turn|11\n|\n|t:|1699238017\n|-activate|p1a: Kratos|confusion\n|-damage|p1a: Kratos|74\/100|[from] confusion\n|move|p2a: der nebel kommt|U-turn|p1a: Kratos\n|-resisted|p1a: Kratos\n|-damage|p1a: Kratos|73\/100\n|\n|t:|1699238029\n|switch|p2a: fuckin honse|Palkia-Origin|100\/100|[from] U-turn\n|-ability|p2a: fuckin honse|Pressure\n|\n|-weather|RainDance|[upkeep]\n|upkeep\n|turn|12\n|\n|t:|1699238038\n|move|p2a: fuckin honse|Hydro Pump|p1a: Kratos\n|-crit|p1a: Kratos\n|-damage|p1a: Kratos|0 fnt\n|faint|p1a: Kratos\n|\n|-weather|RainDance|[upkeep]\n|upkeep\n|c|\u2606Laprasrules12|Wtf\n|\n|t:|1699238045\n|switch|p1a: Sif|Zacian, shiny|100\/100\n|-ability|p1a: Sif|Intrepid Sword|boost\n|-boost|p1a: Sif|atk|1\n|turn|13\n|c|\u2606AlicieLizzie|i willed it into existence\n|\n|t:|1699238059\n|move|p1a: Sif|Play Rough|p2a: fuckin honse|[miss]\n|-miss|p1a: Sif|p2a: fuckin honse\n|move|p2a: fuckin honse|Hydro Pump|p1a: Sif\n|-damage|p1a: Sif|0 fnt\n|faint|p1a: Sif\n|\n|-weather|RainDance|[upkeep]\n|upkeep\n|-message|Laprasrules12 forfeited.\n|\n|win|AlicieLizzie\n|c|\u2606AlicieLizzie|i am too powerful\n|l|\u2606Laprasrules12\n","uploadtime":1699238070,"views":12,"p1id":"laprasrules12","p2id":"alicielizzie","formatid":"gen9ubers","rating":0,"private":0,"password":""}