{"id":"gen9ubers-1991659442","p1":"Mackacide","p2":"TPL_AllStars","format":"[Gen 9] Ubers","log":"|j|\u2606Mackacide\n|j|\u2606TPL_AllStars\n|t:|1700099498\n|gametype|singles\n|player|p1|Mackacide|n-masters3|\n|player|p2|TPL_AllStars|1|\n|teamsize|p1|6\n|teamsize|p2|6\n|gen|9\n|tier|[Gen 9] Ubers\n|rule|Sleep Clause Mod: Limit one foe put to sleep\n|rule|Species Clause: Limit one of each Pok\u00e9mon\n|rule|OHKO Clause: OHKO moves are banned\n|rule|Evasion Items Clause: Evasion items are banned\n|rule|Evasion Moves Clause: Evasion moves are banned\n|rule|Endless Battle Clause: Forcing endless battles is banned\n|rule|HP Percentage Mod: HP is shown in percentages\n|clearpoke\n|poke|p1|Sneasler, M|\n|poke|p1|Clodsire, M|\n|poke|p1|Ogerpon-Hearthflame, F|\n|poke|p1|Scyther, M|\n|poke|p1|Indeedee-F, F|\n|poke|p1|Mew|\n|poke|p2|Clefable, F|\n|poke|p2|Volcarona, F|\n|poke|p2|Annihilape, M|\n|poke|p2|Roaring Moon|\n|poke|p2|Sneasler, M|\n|poke|p2|Forretress, F|\n|teampreview\n|inactive|Battle timer is ON: inactive players will automatically lose when time's up. (requested by Mackacide)\n|c|\u2606Mackacide|good luck!\n|c|\u2606TPL_AllStars|Sweet mackavelli\n|inactive|TPL_AllStars has 270 seconds left.\n|\n|t:|1700099534\n|start\n|switch|p1a: Hacked|Mew, shiny|100\/100\n|switch|p2a: Volcarona|Volcarona, F|100\/100\n|turn|1\n|\n|t:|1700099544\n|switch|p1a: Clod This|Clodsire, M, shiny|100\/100\n|move|p2a: Volcarona|Quiver Dance|p2a: Volcarona\n|-boost|p2a: Volcarona|spa|1\n|-boost|p2a: Volcarona|spd|1\n|-boost|p2a: Volcarona|spe|1\n|\n|upkeep\n|turn|2\n|\n|t:|1700099568\n|switch|p2a: Forretress|Forretress, F|100\/100\n|move|p1a: Clod This|Toxic|p2a: Forretress\n|-immune|p2a: Forretress\n|\n|upkeep\n|turn|3\n|\n|t:|1700099576\n|move|p2a: Forretress|Reflect|p2a: Forretress\n|-sidestart|p2: TPL_AllStars|Reflect\n|move|p1a: Clod This|Earthquake|p2a: Forretress\n|-damage|p2a: Forretress|92\/100\n|\n|-heal|p2a: Forretress|99\/100|[from] item: Leftovers\n|upkeep\n|turn|4\n|\n|t:|1700099594\n|switch|p1a: Goon of 34th St|Scyther, M, shiny|100\/100\n|switch|p2a: Annihilape|Annihilape, M|100\/100\n|\n|upkeep\n|turn|5\n|\n|t:|1700099603\n|move|p1a: Goon of 34th St|Defog|p2a: Annihilape\n|-unboost|p2a: Annihilape|evasion|1\n|-ability|p2a: Annihilape|Defiant|boost\n|-boost|p2a: Annihilape|atk|2\n|-sideend|p2: TPL_AllStars|Reflect\n|move|p2a: Annihilape|Bulk Up|p2a: Annihilape\n|-boost|p2a: Annihilape|atk|1\n|-boost|p2a: Annihilape|def|1\n|\n|upkeep\n|turn|6\n|inactive|TPL_AllStars has 270 seconds left.\n|\n|t:|1700099640\n|-terastallize|p2a: Annihilape|Water\n|move|p1a: Goon of 34th St|U-turn|p2a: Annihilape\n|-damage|p2a: Annihilape|76\/100\n|\n|t:|1700099651\n|switch|p1a: Miss BBL|Indeedee-F, F|100\/100|[from] U-turn\n|-fieldstart|move: Psychic Terrain|[from] ability: Psychic Surge|[of] p1a: Miss BBL\n|move|p2a: Annihilape|Rage Fist|p1a: Miss BBL\n|-immune|p1a: Miss BBL\n|\n|-heal|p2a: Annihilape|82\/100|[from] item: Leftovers\n|upkeep\n|turn|7\n|inactive|TPL_AllStars has 270 seconds left.\n|\n|t:|1700099662\n|move|p1a: Miss BBL|Reflect|p1a: Miss BBL\n|-sidestart|p1: Mackacide|Reflect\n|move|p2a: Annihilape|Taunt|p1a: Miss BBL\n|-start|p1a: Miss BBL|move: Taunt\n|\n|-heal|p2a: Annihilape|88\/100|[from] item: Leftovers\n|upkeep\n|turn|8\n|inactive|TPL_AllStars has 270 seconds left.\n|\n|t:|1700099674\n|switch|p1a: Hacked|Mew, shiny|100\/100\n|move|p2a: Annihilape|Bulk Up|p2a: Annihilape\n|-boost|p2a: Annihilape|atk|1\n|-boost|p2a: Annihilape|def|1\n|\n|-heal|p2a: Annihilape|95\/100|[from] item: Leftovers\n|upkeep\n|turn|9\n|inactive|TPL_AllStars has 270 seconds left.\n|\n|t:|1700099685\n|move|p1a: Hacked|Volt Switch|p2a: Annihilape\n|-supereffective|p2a: Annihilape\n|-damage|p2a: Annihilape|59\/100\n|\n|t:|1700099706\n|switch|p1a: Miss BBL|Indeedee-F, F|100\/100|[from] Volt Switch\n|move|p2a: Annihilape|Rage Fist|p1a: Miss BBL\n|-immune|p1a: Miss BBL\n|\n|-heal|p2a: Annihilape|65\/100|[from] item: Leftovers\n|upkeep\n|turn|10\n|c|\u2606TPL_AllStars|Something is getting cranked\n|inactive|TPL_AllStars has 270 seconds left.\n|\n|t:|1700099731\n|move|p1a: Miss BBL|Psychic|p2a: Annihilape\n|-damage|p2a: Annihilape|42\/100\n|move|p2a: Annihilape|Drain Punch|p1a: Miss BBL\n|-damage|p1a: Miss BBL|43\/100\n|-heal|p2a: Annihilape|65\/100|[from] drain|[of] p1a: Miss BBL\n|\n|-heal|p2a: Annihilape|72\/100|[from] item: Leftovers\n|upkeep\n|turn|11\n|c|\u2606Mackacide|lol\n|inactive|TPL_AllStars has 270 seconds left.\n|\n|t:|1700099743\n|move|p1a: Miss BBL|Healing Wish|p1a: Miss BBL\n|faint|p1a: Miss BBL\n|move|p2a: Annihilape|Bulk Up|p2a: Annihilape\n|-boost|p2a: Annihilape|atk|1\n|-boost|p2a: Annihilape|def|1\n|\n|-heal|p2a: Annihilape|78\/100|[from] item: Leftovers\n|-sideend|p1: Mackacide|Reflect\n|upkeep\n|\n|t:|1700099750\n|switch|p1a: Punk Monk|Sneasler, M|100\/100\n|-enditem|p1a: Punk Monk|Psychic Seed\n|-boost|p1a: Punk Monk|spd|1|[from] item: Psychic Seed\n|turn|12\n|\n|t:|1700099763\n|move|p1a: Punk Monk|Dire Claw|p2a: Annihilape\n|-damage|p2a: Annihilape|62\/100\n|move|p2a: Annihilape|Rage Fist|p1a: Punk Monk\n|-damage|p1a: Punk Monk|0 fnt\n|faint|p1a: Punk Monk\n|\n|-heal|p2a: Annihilape|68\/100|[from] item: Leftovers\n|upkeep\n|\n|t:|1700099771\n|switch|p1a: Ice Spice|Ogerpon-Hearthflame, F|100\/100\n|-ability|p1a: Ice Spice|Mold Breaker\n|turn|13\n|\n|t:|1700099778\n|move|p1a: Ice Spice|Horn Leech|p2a: Annihilape\n|-supereffective|p2a: Annihilape\n|-damage|p2a: Annihilape|31\/100\n|move|p2a: Annihilape|Drain Punch|p1a: Ice Spice\n|-damage|p1a: Ice Spice|0 fnt\n|-heal|p2a: Annihilape|67\/100|[from] drain|[of] p1a: Ice Spice\n|faint|p1a: Ice Spice\n|\n|-heal|p2a: Annihilape|73\/100|[from] item: Leftovers\n|-fieldend|move: Psychic Terrain\n|upkeep\n|c|\u2606Mackacide|think im cranked\n|\n|t:|1700099791\n|switch|p1a: Hacked|Mew, shiny|100\/100\n|turn|14\n|\n|t:|1700099797\n|move|p1a: Hacked|Taunt|p2a: Annihilape\n|-start|p2a: Annihilape|move: Taunt\n|move|p2a: Annihilape|Rage Fist|p1a: Hacked\n|-supereffective|p1a: Hacked\n|-damage|p1a: Hacked|0 fnt\n|faint|p1a: Hacked\n|\n|-heal|p2a: Annihilape|79\/100|[from] item: Leftovers\n|upkeep\n|\n|t:|1700099808\n|switch|p1a: Goon of 34th St|Scyther, M, shiny|100\/100\n|turn|15\n|\n|t:|1700099811\n|move|p1a: Goon of 34th St|Swords Dance|p1a: Goon of 34th St\n|-boost|p1a: Goon of 34th St|atk|2\n|move|p2a: Annihilape|Rage Fist|p1a: Goon of 34th St\n|-damage|p1a: Goon of 34th St|0 fnt\n|faint|p1a: Goon of 34th St\n|\n|-heal|p2a: Annihilape|85\/100|[from] item: Leftovers\n|upkeep\n|-message|Mackacide forfeited.\n|\n|win|TPL_AllStars\n|l|\u2606Mackacide\n","uploadtime":1700099829,"views":5,"p1id":"mackacide","p2id":"tplallstars","formatid":"gen9ubers","rating":0,"private":0,"password":""}