{"id":"gen9ubers-1976253747","p1":"shuckleshellshock","p2":"Wha1efish","format":"[Gen 9] Ubers","log":"|j|\u2606shuckleshellshock\n|j|\u2606Wha1efish\n|t:|1698278863\n|gametype|singles\n|player|p1|shuckleshellshock|nate|\n|player|p2|Wha1efish|cynthia-gen4|\n|teamsize|p1|6\n|teamsize|p2|6\n|gen|9\n|tier|[Gen 9] Ubers\n|rule|Sleep Clause Mod: Limit one foe put to sleep\n|rule|Species Clause: Limit one of each Pok\u00e9mon\n|rule|OHKO Clause: OHKO moves are banned\n|rule|Evasion Items Clause: Evasion items are banned\n|rule|Evasion Moves Clause: Evasion moves are banned\n|rule|Endless Battle Clause: Forcing endless battles is banned\n|rule|HP Percentage Mod: HP is shown in percentages\n|clearpoke\n|poke|p1|Regieleki|\n|poke|p1|Iron Leaves|\n|poke|p1|Ceruledge, M|\n|poke|p1|Goodra-Hisui, F|\n|poke|p1|Gliscor, F|\n|poke|p1|Overqwil, M|\n|poke|p2|Annihilape, M|\n|poke|p2|Hydreigon, M|\n|poke|p2|Espathra, M|\n|poke|p2|Weezing-Galar, M|\n|poke|p2|Thundurus, M|\n|poke|p2|Gastrodon, M|\n|teampreview\n|j| rustygoomba\n|\n|t:|1698278908\n|start\n|switch|p1a: Regieleki|Regieleki|100\/100\n|switch|p2a: Espathra|Espathra, M|100\/100\n|turn|1\n|\n|t:|1698278915\n|switch|p2a: Gastrodon|Gastrodon, M|100\/100\n|move|p1a: Regieleki|Electric Terrain|p1a: Regieleki\n|-fieldstart|move: Electric Terrain\n|\n|upkeep\n|turn|2\n|\n|t:|1698278932\n|move|p1a: Regieleki|Explosion|p2a: Gastrodon\n|-damage|p2a: Gastrodon|13\/100\n|faint|p1a: Regieleki\n|move|p2a: Gastrodon|Stealth Rock|p1: Regieleki\n|-sidestart|p1: shuckleshellshock|move: Stealth Rock\n|\n|-heal|p2a: Gastrodon|19\/100|[from] item: Leftovers\n|upkeep\n|\n|t:|1698278937\n|switch|p1a: Iron Leaves|Iron Leaves|100\/100\n|-damage|p1a: Iron Leaves|88\/100|[from] Stealth Rock\n|-activate|p1a: Iron Leaves|ability: Quark Drive\n|-start|p1a: Iron Leaves|quarkdriveatk\n|turn|3\n|\n|t:|1698278988\n|move|p1a: Iron Leaves|Sacred Sword|p2a: Gastrodon\n|-damage|p2a: Gastrodon|0 fnt\n|faint|p2a: Gastrodon\n|\n|upkeep\n|\n|t:|1698279012\n|switch|p2a: Thundurus|Thundurus, M|100\/100\n|turn|4\n|\n|t:|1698279063\n|switch|p2a: Weezing|Weezing-Galar, M|100\/100\n|move|p1a: Iron Leaves|Psyblade|p2a: Weezing\n|-supereffective|p2a: Weezing\n|-damage|p2a: Weezing|0 fnt\n|faint|p2a: Weezing\n|\n|upkeep\n|\n|t:|1698279073\n|switch|p2a: Thundurus|Thundurus, M|100\/100\n|turn|5\n|\n|t:|1698279093\n|-terastallize|p2a: Thundurus|Ice\n|move|p2a: Thundurus|Tera Blast|p1a: Iron Leaves|[anim] Tera Blast Ice\n|-supereffective|p1a: Iron Leaves\n|-damage|p1a: Iron Leaves|11\/100\n|move|p1a: Iron Leaves|Psyblade|p2a: Thundurus\n|-damage|p2a: Thundurus|0 fnt\n|faint|p2a: Thundurus\n|\n|upkeep\n|\n|t:|1698279100\n|switch|p2a: Espathra|Espathra, M|100\/100\n|turn|6\n|\n|t:|1698279105\n|move|p1a: Iron Leaves|Leaf Blade|p2a: Espathra\n|-crit|p2a: Espathra\n|-damage|p2a: Espathra|0 fnt\n|faint|p2a: Espathra\n|\n|upkeep\n|\n|t:|1698279110\n|switch|p2a: Hydreigon|Hydreigon, M|100\/100\n|turn|7\n|\n|t:|1698279114\n|move|p1a: Iron Leaves|Sacred Sword|p2a: Hydreigon\n|-supereffective|p2a: Hydreigon\n|-damage|p2a: Hydreigon|0 fnt\n|faint|p2a: Hydreigon\n|\n|upkeep\n|\n|t:|1698279116\n|switch|p2a: Annihilape|Annihilape, M|100\/100\n|turn|8\n|\n|t:|1698279119\n|move|p1a: Iron Leaves|Psyblade|p2a: Annihilape\n|-supereffective|p2a: Annihilape\n|-damage|p2a: Annihilape|0 fnt\n|faint|p2a: Annihilape\n|\n|win|shuckleshellshock\n|c|\u2606shuckleshellshock|hollllly\n|c|\u2606Wha1efish|manb\n|c| rustygoomba|wOw\n","uploadtime":1698279138,"views":19,"p1id":"shuckleshellshock","p2id":"wha1efish","formatid":"gen9ubers","rating":0,"private":0,"password":""}