{"id":"gen9ubers-1979922548","p1":"Huggy39","p2":"thegaurdian05","format":"[Gen 9] Ubers","log":"|j|\u2606Huggy39\n|j|\u2606thegaurdian05\n|t:|1698730010\n|gametype|singles\n|player|p1|Huggy39|steven|1271\n|player|p2|thegaurdian05|brycen|1446\n|teamsize|p1|6\n|teamsize|p2|6\n|gen|9\n|tier|[Gen 9] Ubers\n|rated|\n|rule|Sleep Clause Mod: Limit one foe put to sleep\n|rule|Species Clause: Limit one of each Pok\u00e9mon\n|rule|OHKO Clause: OHKO moves are banned\n|rule|Evasion Items Clause: Evasion items are banned\n|rule|Evasion Moves Clause: Evasion moves are banned\n|rule|Endless Battle Clause: Forcing endless battles is banned\n|rule|HP Percentage Mod: HP is shown in percentages\n|clearpoke\n|poke|p1|Baxcalibur, M|\n|poke|p1|Great Tusk|\n|poke|p1|Ogerpon-Hearthflame, F|\n|poke|p1|Samurott-Hisui, F|\n|poke|p1|Flutter Mane|\n|poke|p1|Zacian-*|\n|poke|p2|Ribombee, F|\n|poke|p2|Iron Treads|\n|poke|p2|Miraidon|\n|poke|p2|Skeledirge, M|\n|poke|p2|Kyogre|\n|poke|p2|Arceus-Ground|\n|teampreview\n|inactive|Battle timer is ON: inactive players will automatically lose when time's up. (requested by Huggy39)\n|\n|t:|1698730029\n|start\n|switch|p1a: Great Tusk|Great Tusk|100\/100\n|switch|p2a: Model Cyclizar|Miraidon|100\/100\n|-fieldstart|move: Electric Terrain|[from] ability: Hadron Engine|[of] p2a: Model Cyclizar\n|turn|1\n|\n|t:|1698730036\n|move|p2a: Model Cyclizar|U-turn|p1a: Great Tusk\n|-resisted|p1a: Great Tusk\n|-damage|p1a: Great Tusk|96\/100\n|\n|t:|1698730041\n|switch|p2a: Praise the Lord|Arceus-Ground|100\/100|[from] U-turn\n|move|p1a: Great Tusk|Rapid Spin|p2a: Praise the Lord\n|-damage|p2a: Praise the Lord|90\/100\n|-boost|p1a: Great Tusk|spe|1\n|\n|-heal|p1a: Great Tusk|100\/100|[from] item: Leftovers\n|upkeep\n|turn|2\n|\n|t:|1698730051\n|move|p1a: Great Tusk|Stealth Rock|p2a: Praise the Lord\n|-sidestart|p2: thegaurdian05|move: Stealth Rock\n|move|p2a: Praise the Lord|Dragon Dance|p2a: Praise the Lord\n|-boost|p2a: Praise the Lord|atk|1\n|-boost|p2a: Praise the Lord|spe|1\n|\n|upkeep\n|turn|3\n|\n|t:|1698730059\n|move|p1a: Great Tusk|Earthquake|p2a: Praise the Lord\n|-damage|p2a: Praise the Lord|63\/100\n|move|p2a: Praise the Lord|Earthquake|p1a: Great Tusk\n|-damage|p1a: Great Tusk|47\/100\n|\n|-heal|p1a: Great Tusk|53\/100|[from] item: Leftovers\n|upkeep\n|turn|4\n|\n|t:|1698730066\n|move|p1a: Great Tusk|Earthquake|p2a: Praise the Lord\n|-damage|p2a: Praise the Lord|35\/100\n|move|p2a: Praise the Lord|Earthquake|p1a: Great Tusk\n|-damage|p1a: Great Tusk|0 fnt\n|faint|p1a: Great Tusk\n|-end|p1a: Great Tusk|Protosynthesis|[silent]\n|\n|upkeep\n|\n|t:|1698730074\n|switch|p1a: Flutter Mane|Flutter Mane|100\/100\n|-enditem|p1a: Flutter Mane|Booster Energy\n|-activate|p1a: Flutter Mane|ability: Protosynthesis|[fromitem]\n|-start|p1a: Flutter Mane|protosynthesisspe\n|turn|5\n|\n|t:|1698730079\n|switch|p2a: Tank wheel?|Iron Treads|100\/100\n|-damage|p2a: Tank wheel?|97\/100|[from] Stealth Rock\n|-activate|p2a: Tank wheel?|ability: Quark Drive\n|-start|p2a: Tank wheel?|quarkdrivespe\n|move|p1a: Flutter Mane|Moonblast|p2a: Tank wheel?\n|-resisted|p2a: Tank wheel?\n|-damage|p2a: Tank wheel?|84\/100\n|\n|-fieldend|move: Electric Terrain\n|-end|p2a: Tank wheel?|Quark Drive\n|upkeep\n|turn|6\n|\n|t:|1698730088\n|move|p1a: Flutter Mane|Shadow Ball|p2a: Tank wheel?\n|-damage|p2a: Tank wheel?|59\/100\n|move|p2a: Tank wheel?|Knock Off|p1a: Flutter Mane\n|-damage|p1a: Flutter Mane|64\/100\n|\n|upkeep\n|turn|7\n|\n|t:|1698730094\n|move|p1a: Flutter Mane|Shadow Ball|p2a: Tank wheel?\n|-damage|p2a: Tank wheel?|35\/100\n|move|p2a: Tank wheel?|Earthquake|p1a: Flutter Mane\n|-damage|p1a: Flutter Mane|0 fnt\n|faint|p1a: Flutter Mane\n|-end|p1a: Flutter Mane|Protosynthesis|[silent]\n|\n|upkeep\n|\n|t:|1698730104\n|switch|p1a: Samurott|Samurott-Hisui, F|100\/100\n|turn|8\n|\n|t:|1698730107\n|move|p1a: Samurott|Ceaseless Edge|p2a: Tank wheel?\n|-damage|p2a: Tank wheel?|0 fnt\n|-sidestart|p2: thegaurdian05|Spikes\n|faint|p2a: Tank wheel?\n|-end|p2a: Tank wheel?|Quark Drive|[silent]\n|\n|upkeep\n|\n|t:|1698730113\n|switch|p2a: Model Cyclizar|Miraidon|100\/100\n|-damage|p2a: Model Cyclizar|88\/100|[from] Stealth Rock\n|-damage|p2a: Model Cyclizar|76\/100|[from] Spikes\n|-fieldstart|move: Electric Terrain|[from] ability: Hadron Engine|[of] p2a: Model Cyclizar\n|turn|9\n|\n|t:|1698730118\n|move|p2a: Model Cyclizar|Electro Drift|p1a: Samurott\n|-supereffective|p1a: Samurott\n|-enditem|p1a: Samurott|Focus Sash\n|-damage|p1a: Samurott|1\/100\n|move|p1a: Samurott|Ceaseless Edge|p2a: Model Cyclizar\n|-damage|p2a: Model Cyclizar|32\/100\n|-sidestart|p2: thegaurdian05|Spikes\n|\n|upkeep\n|turn|10\n|\n|t:|1698730126\n|move|p1a: Samurott|Sucker Punch|p2a: Model Cyclizar\n|-damage|p2a: Model Cyclizar|2\/100\n|move|p2a: Model Cyclizar|Electro Drift|p1a: Samurott\n|-supereffective|p1a: Samurott\n|-damage|p1a: Samurott|0 fnt\n|faint|p1a: Samurott\n|\n|upkeep\n|\n|t:|1698730133\n|switch|p1a: Baxcalibur|Baxcalibur, M|100\/100\n|turn|11\n|\n|t:|1698730142\n|move|p2a: Model Cyclizar|Electro Drift|p1a: Baxcalibur\n|-resisted|p1a: Baxcalibur\n|-damage|p1a: Baxcalibur|50\/100\n|move|p1a: Baxcalibur|Scale Shot|p2a: Model Cyclizar|[miss]\n|-miss|p1a: Baxcalibur|p2a: Model Cyclizar\n|\n|upkeep\n|turn|12\n|\n|t:|1698730149\n|move|p2a: Model Cyclizar|Electro Drift|p1a: Baxcalibur\n|-resisted|p1a: Baxcalibur\n|-damage|p1a: Baxcalibur|2\/100\n|move|p1a: Baxcalibur|Scale Shot|p2a: Model Cyclizar\n|-supereffective|p2a: Model Cyclizar\n|-damage|p2a: Model Cyclizar|0 fnt\n|faint|p2a: Model Cyclizar\n|-hitcount|p2: Model Cyclizar|1\n|-unboost|p1a: Baxcalibur|def|1\n|-boost|p1a: Baxcalibur|spe|1\n|\n|upkeep\n|\n|t:|1698730155\n|switch|p2a: Micheal Jackson|Skeledirge, M, shiny|100\/100\n|turn|13\n|\n|t:|1698730158\n|move|p1a: Baxcalibur|Earthquake|p2a: Micheal Jackson\n|-supereffective|p2a: Micheal Jackson\n|-damage|p2a: Micheal Jackson|35\/100\n|move|p2a: Micheal Jackson|Hex|p1a: Baxcalibur\n|-damage|p1a: Baxcalibur|0 fnt\n|faint|p1a: Baxcalibur\n|\n|-fieldend|move: Electric Terrain\n|upkeep\n|\n|t:|1698730167\n|switch|p1a: Ogerpon|Ogerpon-Hearthflame, F|100\/100\n|-ability|p1a: Ogerpon|Mold Breaker\n|turn|14\n|\n|t:|1698730169\n|move|p1a: Ogerpon|Knock Off|p2a: Micheal Jackson\n|-supereffective|p2a: Micheal Jackson\n|-damage|p2a: Micheal Jackson|0 fnt\n|-enditem|p2a: Micheal Jackson|Heavy-Duty Boots|[from] move: Knock Off|[of] p1a: Ogerpon\n|faint|p2a: Micheal Jackson\n|\n|upkeep\n|\n|t:|1698730174\n|switch|p2a: Bee quiet|Ribombee, F, shiny|100\/100\n|-damage|p2a: Bee quiet|76\/100|[from] Stealth Rock\n|-damage|p2a: Bee quiet|59\/100|[from] Spikes\n|turn|15\n|\n|t:|1698730178\n|move|p2a: Bee quiet|Sticky Web|p1a: Ogerpon\n|-sidestart|p1: Huggy39|move: Sticky Web\n|move|p1a: Ogerpon|Swords Dance|p1a: Ogerpon\n|-boost|p1a: Ogerpon|atk|2\n|\n|upkeep\n|turn|16\n|\n|t:|1698730199\n|move|p2a: Bee quiet|Moonblast|p1a: Ogerpon\n|-resisted|p1a: Ogerpon\n|-damage|p1a: Ogerpon|84\/100\n|move|p1a: Ogerpon|Ivy Cudgel|p2a: Bee quiet\n|-supereffective|p2a: Bee quiet\n|-damage|p2a: Bee quiet|0 fnt\n|faint|p2a: Bee quiet\n|\n|upkeep\n|\n|t:|1698730200\n|switch|p2a: AWOOOOGA|Kyogre, shiny|100\/100\n|-damage|p2a: AWOOOOGA|88\/100|[from] Stealth Rock\n|-damage|p2a: AWOOOOGA|72\/100|[from] Spikes\n|-weather|RainDance|[from] ability: Drizzle|[of] p2a: AWOOOOGA\n|turn|17\n|\n|t:|1698730205\n|move|p1a: Ogerpon|Horn Leech|p2a: AWOOOOGA\n|-supereffective|p2a: AWOOOOGA\n|-damage|p2a: AWOOOOGA|0 fnt\n|-heal|p1a: Ogerpon|100\/100|[from] drain|[of] p2a: AWOOOOGA\n|faint|p2a: AWOOOOGA\n|\n|-weather|RainDance|[upkeep]\n|upkeep\n|-message|thegaurdian05 forfeited.\n|\n|win|Huggy39\n|raw|Huggy39's rating: 1271 &rarr; <strong>1308<\/strong><br \/>(+37 for winning)\n|raw|thegaurdian05's rating: 1446 &rarr; <strong>1417<\/strong><br \/>(-29 for losing)\n|l|\u2606thegaurdian05\n","uploadtime":1698730215,"views":13,"p1id":"huggy39","p2id":"thegaurdian05","formatid":"gen9ubers","rating":1308,"private":0,"password":""}