{"id":"gen9ubers-1999633121","p1":"Durant889","p2":"gjgkhvj","format":"[Gen 9] Ubers","log":"|j|\u2606Durant889\n|j|\u2606gjgkhvj\n|t:|1701103036\n|gametype|singles\n|player|p1|Durant889|linebacker|1046\n|player|p2|gjgkhvj|266|1048\n|teamsize|p1|6\n|teamsize|p2|6\n|gen|9\n|tier|[Gen 9] Ubers\n|rated|\n|rule|Sleep Clause Mod: Limit one foe put to sleep\n|rule|Species Clause: Limit one of each Pok\u00e9mon\n|rule|OHKO Clause: OHKO moves are banned\n|rule|Evasion Items Clause: Evasion items are banned\n|rule|Evasion Moves Clause: Evasion moves are banned\n|rule|Endless Battle Clause: Forcing endless battles is banned\n|rule|HP Percentage Mod: HP is shown in percentages\n|clearpoke\n|poke|p1|Avalugg-Hisui, M|\n|poke|p1|Drednaw, M|\n|poke|p1|Tyranitar, F|\n|poke|p1|Arcanine-Hisui, F|\n|poke|p1|Ogerpon-Cornerstone, F|\n|poke|p1|Carbink|\n|poke|p2|Dialga-Origin|\n|poke|p2|Palkia-Origin|\n|poke|p2|Giratina-Origin|\n|poke|p2|Arceus|\n|poke|p2|Groudon|\n|poke|p2|Eternatus|\n|teampreview\n|\n|t:|1701103083\n|start\n|switch|p1a: Drednaw|Drednaw, M|100\/100\n|switch|p2a: Dialga|Dialga-Origin|100\/100\n|-ability|p2a: Dialga|Pressure\n|turn|1\n|\n|t:|1701103122\n|-terastallize|p1a: Drednaw|Dragon\n|move|p2a: Dialga|Draco Meteor|p1a: Drednaw|[miss]\n|-miss|p2a: Dialga|p1a: Drednaw\n|move|p1a: Drednaw|Shell Smash|p1a: Drednaw\n|-unboost|p1a: Drednaw|def|1\n|-unboost|p1a: Drednaw|spd|1\n|-boost|p1a: Drednaw|atk|2\n|-boost|p1a: Drednaw|spa|2\n|-boost|p1a: Drednaw|spe|2\n|-enditem|p1a: Drednaw|White Herb\n|-clearnegativeboost|p1a: Drednaw|[silent]\n|\n|upkeep\n|turn|2\n|\n|t:|1701103135\n|-terastallize|p2a: Dialga|Fairy\n|move|p1a: Drednaw|Earthquake|p2a: Dialga\n|-damage|p2a: Dialga|45\/100\n|move|p2a: Dialga|Draco Meteor|p1a: Drednaw\n|-supereffective|p1a: Drednaw\n|-damage|p1a: Drednaw|0 fnt\n|-unboost|p2a: Dialga|spa|2\n|faint|p1a: Drednaw\n|\n|upkeep\n|\n|t:|1701103150\n|switch|p1a: Arcanine|Arcanine-Hisui, F|100\/100\n|turn|3\n|\n|t:|1701103169\n|move|p1a: Arcanine|Head Smash|p2a: Dialga\n|-damage|p2a: Dialga|0 fnt\n|faint|p2a: Dialga\n|\n|upkeep\n|\n|t:|1701103175\n|switch|p2a: Groudon|Groudon|100\/100\n|-weather|SunnyDay|[from] ability: Drought|[of] p2a: Groudon\n|turn|4\n|\n|t:|1701103186\n|switch|p1a: Tyranitar|Tyranitar, F|100\/100\n|-weather|Sandstorm|[from] ability: Sand Stream|[of] p1a: Tyranitar\n|move|p2a: Groudon|Precipice Blades|p1a: Tyranitar\n|-supereffective|p1a: Tyranitar\n|-damage|p1a: Tyranitar|11\/100\n|\n|-weather|Sandstorm|[upkeep]\n|-heal|p1a: Tyranitar|17\/100|[from] item: Leftovers\n|upkeep\n|turn|5\n|\n|t:|1701103202\n|move|p2a: Groudon|Protect|p2a: Groudon\n|-singleturn|p2a: Groudon|Protect\n|move|p1a: Tyranitar|Avalanche|p2a: Groudon\n|-activate|p2a: Groudon|move: Protect\n|\n|-weather|Sandstorm|[upkeep]\n|-heal|p1a: Tyranitar|23\/100|[from] item: Leftovers\n|upkeep\n|turn|6\n|\n|t:|1701103218\n|switch|p2a: Arceus|Arceus, shiny|100\/100\n|switch|p1a: Ogerpon|Ogerpon-Cornerstone, F|100\/100\n|\n|-weather|Sandstorm|[upkeep]\n|-damage|p2a: Arceus|94\/100|[from] Sandstorm\n|upkeep\n|turn|7\n|\n|t:|1701103239\n|move|p1a: Ogerpon|Trailblaze|p2a: Arceus\n|-damage|p2a: Arceus|73\/100\n|-boost|p1a: Ogerpon|spe|1\n|move|p2a: Arceus|Shadow Claw|p1a: Ogerpon\n|-damage|p1a: Ogerpon|66\/100\n|\n|-weather|Sandstorm|[upkeep]\n|-damage|p2a: Arceus|66\/100|[from] Sandstorm\n|upkeep\n|turn|8\n|\n|t:|1701103253\n|move|p1a: Ogerpon|Brick Break|p2a: Arceus\n|-supereffective|p2a: Arceus\n|-damage|p2a: Arceus|22\/100\n|move|p2a: Arceus|Shadow Claw|p1a: Ogerpon\n|-crit|p1a: Ogerpon\n|-damage|p1a: Ogerpon|15\/100\n|\n|-weather|none\n|upkeep\n|turn|9\n|\n|t:|1701103263\n|move|p2a: Arceus|Extreme Speed|p1a: Ogerpon\n|-resisted|p1a: Ogerpon\n|-damage|p1a: Ogerpon|0 fnt\n|faint|p1a: Ogerpon\n|\n|upkeep\n|\n|t:|1701103271\n|switch|p1a: Tyranitar|Tyranitar, F|23\/100\n|-weather|Sandstorm|[from] ability: Sand Stream|[of] p1a: Tyranitar\n|turn|10\n|\n|t:|1701103280\n|move|p2a: Arceus|Extreme Speed|p1a: Tyranitar\n|-resisted|p1a: Tyranitar\n|-damage|p1a: Tyranitar|3\/100\n|move|p1a: Tyranitar|Thunder Wave|p2a: Arceus\n|-status|p2a: Arceus|par\n|\n|-weather|Sandstorm|[upkeep]\n|-damage|p2a: Arceus|16\/100 par|[from] Sandstorm\n|-heal|p1a: Tyranitar|9\/100|[from] item: Leftovers\n|upkeep\n|turn|11\n|\n|t:|1701103300\n|switch|p1a: Arcanine|Arcanine-Hisui, F|100\/100\n|move|p2a: Arceus|Extreme Speed|p1a: Arcanine\n|-resisted|p1a: Arcanine\n|-damage|p1a: Arcanine|70\/100\n|\n|-weather|Sandstorm|[upkeep]\n|-damage|p2a: Arceus|10\/100 par|[from] Sandstorm\n|upkeep\n|turn|12\n|\n|t:|1701103319\n|move|p2a: Arceus|Extreme Speed|p1a: Arcanine\n|-resisted|p1a: Arcanine\n|-damage|p1a: Arcanine|38\/100\n|move|p1a: Arcanine|Head Smash|p2a: Arceus|[miss]\n|-miss|p1a: Arcanine|p2a: Arceus\n|\n|-weather|Sandstorm|[upkeep]\n|-damage|p2a: Arceus|4\/100 par|[from] Sandstorm\n|upkeep\n|turn|13\n|\n|t:|1701103342\n|move|p2a: Arceus|Extreme Speed|p1a: Arcanine\n|-resisted|p1a: Arcanine\n|-damage|p1a: Arcanine|9\/100\n|move|p1a: Arcanine|Head Smash|p2a: Arceus\n|-damage|p2a: Arceus|0 fnt\n|faint|p2a: Arceus\n|\n|-weather|Sandstorm|[upkeep]\n|upkeep\n|\n|t:|1701103351\n|switch|p2a: Groudon|Groudon|100\/100\n|-weather|SunnyDay|[from] ability: Drought|[of] p2a: Groudon\n|turn|14\n|\n|t:|1701103357\n|switch|p1a: Tyranitar|Tyranitar, F|9\/100\n|-weather|Sandstorm|[from] ability: Sand Stream|[of] p1a: Tyranitar\n|move|p2a: Groudon|Precipice Blades|p1a: Tyranitar\n|-supereffective|p1a: Tyranitar\n|-damage|p1a: Tyranitar|0 fnt\n|faint|p1a: Tyranitar\n|\n|-weather|Sandstorm|[upkeep]\n|upkeep\n|\n|t:|1701103368\n|switch|p1a: Carbink|Carbink|100\/100\n|turn|15\n|\n|t:|1701103382\n|move|p2a: Groudon|Precipice Blades|p1a: Carbink\n|-supereffective|p1a: Carbink\n|-ability|p1a: Carbink|Sturdy\n|-damage|p1a: Carbink|1\/100\n|-enditem|p1a: Carbink|Red Card|[of] p2a: Groudon\n|drag|p2a: Palkia|Palkia-Origin|100\/100\n|-ability|p2a: Palkia|Pressure\n|move|p1a: Carbink|Trick Room|p1a: Carbink\n|-fieldstart|move: Trick Room|[of] p1a: Carbink\n|\n|-weather|Sandstorm|[upkeep]\n|-damage|p2a: Palkia|94\/100|[from] Sandstorm\n|upkeep\n|turn|16\n|\n|t:|1701103398\n|move|p1a: Carbink|Misty Explosion|p2a: Palkia\n|-supereffective|p2a: Palkia\n|-damage|p2a: Palkia|34\/100\n|faint|p1a: Carbink\n|move|p2a: Palkia|Fire Blast|p1: Carbink|[notarget]\n|-fail|p2a: Palkia\n|\n|-weather|Sandstorm|[upkeep]\n|-damage|p2a: Palkia|28\/100|[from] Sandstorm\n|upkeep\n|\n|t:|1701103408\n|switch|p1a: Avalugg|Avalugg-Hisui, M|100\/100\n|turn|17\n|\n|t:|1701103424\n|move|p1a: Avalugg|Body Press|p2a: Palkia\n|-damage|p2a: Palkia|0 fnt\n|faint|p2a: Palkia\n|\n|-weather|Sandstorm|[upkeep]\n|upkeep\n|\n|t:|1701103428\n|switch|p2a: Groudon|Groudon|100\/100\n|-weather|SunnyDay|[from] ability: Drought|[of] p2a: Groudon\n|turn|18\n|\n|t:|1701103434\n|move|p1a: Avalugg|Mountain Gale|p2a: Groudon\n|-supereffective|p2a: Groudon\n|-damage|p2a: Groudon|33\/100\n|move|p2a: Groudon|Precipice Blades|p1a: Avalugg\n|-supereffective|p1a: Avalugg\n|-damage|p1a: Avalugg|30\/100\n|\n|-weather|SunnyDay|[upkeep]\n|-heal|p2a: Groudon|39\/100|[from] item: Leftovers\n|upkeep\n|turn|19\n|\n|t:|1701103452\n|move|p2a: Groudon|Protect|p2a: Groudon\n|-singleturn|p2a: Groudon|Protect\n|move|p1a: Avalugg|Mountain Gale|p2a: Groudon\n|-activate|p2a: Groudon|move: Protect\n|\n|-weather|SunnyDay|[upkeep]\n|-heal|p2a: Groudon|46\/100|[from] item: Leftovers\n|-fieldend|move: Trick Room\n|upkeep\n|turn|20\n|\n|t:|1701103461\n|move|p2a: Groudon|Precipice Blades|p1a: Avalugg|[miss]\n|-miss|p2a: Groudon|p1a: Avalugg\n|move|p1a: Avalugg|Mountain Gale|p2a: Groudon\n|-supereffective|p2a: Groudon\n|-damage|p2a: Groudon|0 fnt\n|faint|p2a: Groudon\n|\n|-weather|SunnyDay|[upkeep]\n|upkeep\n|\n|t:|1701103467\n|switch|p2a: Giratina|Giratina-Origin, shiny|100\/100\n|turn|21\n|\n|t:|1701103472\n|move|p2a: Giratina|Shadow Ball|p1a: Avalugg\n|-crit|p1a: Avalugg\n|-damage|p1a: Avalugg|0 fnt\n|faint|p1a: Avalugg\n|\n|-weather|SunnyDay|[upkeep]\n|upkeep\n|\n|t:|1701103480\n|switch|p1a: Arcanine|Arcanine-Hisui, F|9\/100\n|turn|22\n|\n|t:|1701103489\n|move|p1a: Arcanine|Flare Blitz|p2a: Giratina\n|-resisted|p2a: Giratina\n|-damage|p2a: Giratina|67\/100\n|move|p2a: Giratina|Shadow Ball|p1a: Arcanine\n|-damage|p1a: Arcanine|0 fnt\n|faint|p1a: Arcanine\n|\n|win|gjgkhvj\n|raw|Durant889's rating: 1046 &rarr; <strong>1029<\/strong><br \/>(-17 for losing)\n|raw|gjgkhvj's rating: 1048 &rarr; <strong>1081<\/strong><br \/>(+33 for winning)\n|l|\u2606Durant889\n|c|\u2606gjgkhvj|GG\n","uploadtime":1701103504,"views":1,"p1id":"durant889","p2id":"gjgkhvj","formatid":"gen9ubers","rating":1029,"private":0,"password":""}