{"id":"gen9ubers-1985696431","p1":"RektCactus","p2":"flambojambo","format":"[Gen 9] Ubers","log":"|j|\u2606RektCactus\n|j|\u2606flambojambo\n|t:|1699396696\n|gametype|singles\n|player|p1|RektCactus|1|\n|player|p2|flambojambo|skyla|\n|teamsize|p1|6\n|teamsize|p2|6\n|gen|9\n|tier|[Gen 9] Ubers\n|rule|Sleep Clause Mod: Limit one foe put to sleep\n|rule|Species Clause: Limit one of each Pok\u00e9mon\n|rule|OHKO Clause: OHKO moves are banned\n|rule|Evasion Items Clause: Evasion items are banned\n|rule|Evasion Moves Clause: Evasion moves are banned\n|rule|Endless Battle Clause: Forcing endless battles is banned\n|rule|HP Percentage Mod: HP is shown in percentages\n|clearpoke\n|poke|p1|Ogerpon-Hearthflame, F|\n|poke|p1|Sneasler, M|\n|poke|p1|Urshifu-*, M|\n|poke|p1|Landorus-Therian, M|\n|poke|p1|Glimmora, F|\n|poke|p1|Heatran, F|\n|poke|p2|Zamazenta-*|\n|poke|p2|Skeledirge, F|\n|poke|p2|Cinderace, F|\n|poke|p2|Enamorus, F|\n|poke|p2|Manaphy|\n|poke|p2|Kommo-o, M|\n|teampreview\n|j| rustygoomba\n|\n|t:|1699396819\n|start\n|switch|p1a: Urshifu|Urshifu, M|100\/100\n|switch|p2a: Cindy-ace|Cinderace, F, shiny|100\/100\n|turn|1\n|\n|t:|1699396841\n|move|p2a: Cindy-ace|High Jump Kick|p1a: Urshifu\n|-start|p2a: Cindy-ace|typechange|Fighting|[from] ability: Libero\n|-supereffective|p1a: Urshifu\n|-damage|p1a: Urshifu|0 fnt\n|faint|p1a: Urshifu\n|\n|upkeep\n|\n|t:|1699396877\n|switch|p1a: Sneasler|Sneasler, M, shiny|100\/100\n|turn|2\n|\n|t:|1699396897\n|switch|p2a: Sarahdirge|Skeledirge, F, shiny|100\/100\n|move|p1a: Sneasler|Close Combat|p2a: Sarahdirge\n|-immune|p2a: Sarahdirge\n|\n|upkeep\n|turn|3\n|\n|t:|1699396951\n|switch|p1a: Heatran|Heatran, F, shiny|100\/100\n|move|p2a: Sarahdirge|Torch Song|p1a: Heatran\n|-start|p1a: Heatran|ability: Flash Fire\n|\n|upkeep\n|turn|4\n|\n|t:|1699396991\n|switch|p2a: Annamorus|Enamorus, F, shiny|100\/100\n|move|p1a: Heatran|Magma Storm|p2a: Annamorus\n|-damage|p2a: Annamorus|2\/100\n|-activate|p2a: Annamorus|move: Magma Storm|[of] p1a: Heatran\n|\n|-damage|p2a: Annamorus|0 fnt|[from] move: Magma Storm|[partiallytrapped]\n|faint|p2a: Annamorus\n|upkeep\n|\n|t:|1699397033\n|switch|p2a: Camero - on|Kommo-o, M, shiny|100\/100\n|turn|5\n|\n|t:|1699397051\n|move|p2a: Camero - on|Earthquake|p1a: Heatran\n|-supereffective|p1a: Heatran\n|-crit|p1a: Heatran\n|-damage|p1a: Heatran|0 fnt\n|faint|p1a: Heatran\n|\n|upkeep\n|\n|t:|1699397059\n|switch|p1a: Ogerpon|Ogerpon-Hearthflame, F|100\/100\n|-ability|p1a: Ogerpon|Mold Breaker\n|turn|6\n|\n|t:|1699397073\n|switch|p2a: Cindy-ace|Cinderace, F, shiny|100\/100\n|move|p1a: Ogerpon|Play Rough|p2a: Cindy-ace\n|-resisted|p2a: Cindy-ace\n|-damage|p2a: Cindy-ace|75\/100\n|\n|upkeep\n|turn|7\n|\n|t:|1699397089\n|switch|p1a: Landorus|Landorus-Therian, M, shiny|100\/100\n|-ability|p1a: Landorus|Intimidate|boost\n|-unboost|p2a: Cindy-ace|atk|1\n|move|p2a: Cindy-ace|Gunk Shot|p1a: Landorus|[miss]\n|-start|p2a: Cindy-ace|typechange|Poison|[from] ability: Libero\n|-miss|p2a: Cindy-ace|p1a: Landorus\n|\n|upkeep\n|turn|8\n|\n|t:|1699397113\n|switch|p2a: Maddiphy|Manaphy, shiny|100\/100\n|move|p1a: Landorus|Earthquake|p2a: Maddiphy\n|-damage|p2a: Maddiphy|62\/100\n|\n|-heal|p2a: Maddiphy|68\/100|[from] item: Leftovers\n|upkeep\n|turn|9\n|\n|t:|1699397144\n|switch|p1a: Ogerpon|Ogerpon-Hearthflame, F|100\/100\n|-ability|p1a: Ogerpon|Mold Breaker\n|move|p2a: Maddiphy|Acid Armor|p2a: Maddiphy\n|-boost|p2a: Maddiphy|def|2\n|\n|-heal|p2a: Maddiphy|74\/100|[from] item: Leftovers\n|upkeep\n|turn|10\n|\n|t:|1699397165\n|move|p1a: Ogerpon|Swords Dance|p1a: Ogerpon\n|-boost|p1a: Ogerpon|atk|2\n|move|p2a: Maddiphy|Take Heart|p2a: Maddiphy\n|-boost|p2a: Maddiphy|spa|1\n|-boost|p2a: Maddiphy|spd|1\n|\n|-heal|p2a: Maddiphy|80\/100|[from] item: Leftovers\n|upkeep\n|turn|11\n|\n|t:|1699397177\n|move|p1a: Ogerpon|Horn Leech|p2a: Maddiphy\n|-supereffective|p2a: Maddiphy\n|-damage|p2a: Maddiphy|25\/100\n|move|p2a: Maddiphy|Acid Armor|p2a: Maddiphy\n|-boost|p2a: Maddiphy|def|2\n|\n|-heal|p2a: Maddiphy|32\/100|[from] item: Leftovers\n|upkeep\n|turn|12\n|\n|t:|1699397223\n|move|p1a: Ogerpon|Horn Leech|p2a: Maddiphy\n|-supereffective|p2a: Maddiphy\n|-damage|p2a: Maddiphy|0 fnt\n|faint|p2a: Maddiphy\n|\n|upkeep\n|\n|t:|1699397239\n|switch|p2a: Cindy-ace|Cinderace, F, shiny|75\/100\n|turn|13\n|\n|t:|1699397248\n|switch|p1a: Landorus|Landorus-Therian, M, shiny|100\/100\n|-ability|p1a: Landorus|Intimidate|boost\n|-unboost|p2a: Cindy-ace|atk|1\n|move|p2a: Cindy-ace|Gunk Shot|p1a: Landorus\n|-start|p2a: Cindy-ace|typechange|Poison|[from] ability: Libero\n|-resisted|p1a: Landorus\n|-damage|p1a: Landorus|79\/100\n|-status|p1a: Landorus|psn\n|\n|-damage|p1a: Landorus|67\/100 psn|[from] psn\n|upkeep\n|turn|14\n|\n|t:|1699397269\n|switch|p2a: Camero - on|Kommo-o, M, shiny|100\/100\n|move|p1a: Landorus|U-turn|p2a: Camero - on\n|-resisted|p2a: Camero - on\n|-damage|p2a: Camero - on|88\/100\n|\n|t:|1699397275\n|switch|p1a: Ogerpon|Ogerpon-Hearthflame, F|100\/100|[from] U-turn\n|-ability|p1a: Ogerpon|Mold Breaker\n|\n|upkeep\n|turn|15\n|\n|t:|1699397299\n|switch|p2a: Sarahdirge|Skeledirge, F, shiny|100\/100\n|move|p1a: Ogerpon|Play Rough|p2a: Sarahdirge|[miss]\n|-miss|p1a: Ogerpon|p2a: Sarahdirge\n|\n|upkeep\n|turn|16\n|\n|t:|1699397322\n|move|p1a: Ogerpon|Throat Chop|p2a: Sarahdirge\n|-supereffective|p2a: Sarahdirge\n|-damage|p2a: Sarahdirge|53\/100\n|-start|p2a: Sarahdirge|Throat Chop|[silent]\n|move|p2a: Sarahdirge|Shadow Ball|p1a: Ogerpon\n|-damage|p1a: Ogerpon|62\/100\n|\n|upkeep\n|turn|17\n|c| rustygoomba|the throat chop tech o.o\n|\n|t:|1699397351\n|-terastallize|p2a: Sarahdirge|Fairy\n|move|p1a: Ogerpon|Throat Chop|p2a: Sarahdirge\n|-resisted|p2a: Sarahdirge\n|-damage|p2a: Sarahdirge|42\/100\n|move|p2a: Sarahdirge|Shadow Ball|p1a: Ogerpon\n|-damage|p1a: Ogerpon|27\/100\n|\n|-end|p2a: Sarahdirge|Throat Chop|[silent]\n|upkeep\n|turn|18\n|\n|t:|1699397387\n|move|p1a: Ogerpon|Horn Leech|p2a: Sarahdirge\n|-crit|p2a: Sarahdirge\n|-damage|p2a: Sarahdirge|0 fnt\n|-heal|p1a: Ogerpon|56\/100|[from] drain|[of] p2a: Sarahdirge\n|faint|p2a: Sarahdirge\n|\n|upkeep\n|\n|t:|1699397397\n|switch|p2a: Camero - on|Kommo-o, M, shiny|88\/100\n|turn|19\n|\n|t:|1699397402\n|move|p2a: Camero - on|Poison Jab|p1a: Ogerpon\n|-supereffective|p1a: Ogerpon\n|-damage|p1a: Ogerpon|0 fnt\n|faint|p1a: Ogerpon\n|\n|upkeep\n|c|\u2606flambojambo|throat chop and crit holay molay\n|\n|t:|1699397438\n|switch|p1a: Sneasler|Sneasler, M, shiny|100\/100\n|turn|20\n|\n|t:|1699397456\n|switch|p2a: Zendaya - Crowned|Zamazenta-Crowned, shiny|100\/100\n|-ability|p2a: Zendaya - Crowned|Dauntless Shield|boost\n|-boost|p2a: Zendaya - Crowned|def|1\n|move|p1a: Sneasler|Close Combat|p2a: Zendaya - Crowned\n|-supereffective|p2a: Zendaya - Crowned\n|-damage|p2a: Zendaya - Crowned|30\/100\n|-unboost|p1a: Sneasler|def|1\n|-unboost|p1a: Sneasler|spd|1\n|-enditem|p1a: Sneasler|White Herb\n|-clearnegativeboost|p1a: Sneasler|[silent]\n|\n|upkeep\n|turn|21\n|\n|t:|1699397521\n|move|p1a: Sneasler|Close Combat|p2a: Zendaya - Crowned\n|-supereffective|p2a: Zendaya - Crowned\n|-damage|p2a: Zendaya - Crowned|0 fnt\n|-unboost|p1a: Sneasler|def|1\n|-unboost|p1a: Sneasler|spd|1\n|faint|p2a: Zendaya - Crowned\n|\n|upkeep\n|\n|t:|1699397531\n|switch|p2a: Camero - on|Kommo-o, M, shiny|88\/100\n|turn|22\n|j| ChungleWungle\n|\n|t:|1699397574\n|-terastallize|p1a: Sneasler|Flying\n|move|p1a: Sneasler|Acrobatics|p2a: Camero - on\n|-supereffective|p2a: Camero - on\n|-damage|p2a: Camero - on|0 fnt\n|faint|p2a: Camero - on\n|\n|upkeep\n|\n|t:|1699397581\n|switch|p2a: Cindy-ace|Cinderace, F, shiny|75\/100\n|turn|23\n|\n|t:|1699397589\n|move|p1a: Sneasler|Acrobatics|p2a: Cindy-ace\n|-damage|p2a: Cindy-ace|0 fnt\n|faint|p2a: Cindy-ace\n|\n|win|RektCactus\n|l|\u2606RektCactus\n","uploadtime":1699397595,"views":11,"p1id":"rektcactus","p2id":"flambojambo","formatid":"gen9ubers","rating":0,"private":0,"password":""}