{"id":"gen9ubers-1973923243","p1":"Lkapkd","p2":"Pickedman","format":"[Gen 9] Ubers","log":"|j|\u2606Lkapkd\n|j|\u2606Pickedman\n|inactive|Battle timer is ON: inactive players will automatically lose when time's up.\n|t:|1698028566\n|gametype|singles\n|player|p1|Lkapkd|#bltixsnorlaxes|\n|player|p2|Pickedman|zinnia|\n|teamsize|p1|6\n|teamsize|p2|6\n|gen|9\n|tier|[Gen 9] Ubers\n|rated|Tournament battle\n|rule|Sleep Clause Mod: Limit one foe put to sleep\n|rule|Species Clause: Limit one of each Pok\u00e9mon\n|rule|OHKO Clause: OHKO moves are banned\n|rule|Evasion Items Clause: Evasion items are banned\n|rule|Evasion Moves Clause: Evasion moves are banned\n|rule|Endless Battle Clause: Forcing endless battles is banned\n|rule|HP Percentage Mod: HP is shown in percentages\n|clearpoke\n|poke|p1|Froslass, F|\n|poke|p1|Grimmsnarl, M|\n|poke|p1|Miraidon|\n|poke|p1|Chien-Pao|\n|poke|p1|Flutter Mane|\n|poke|p1|Iron Moth|\n|poke|p2|Koraidon|\n|poke|p2|Ting-Lu|\n|poke|p2|Giratina-Origin|\n|poke|p2|Zacian-*|\n|poke|p2|Chien-Pao|\n|poke|p2|Skeledirge, M|\n|teampreview\n|j|*Lady Monita \u263d\n|\n|t:|1698028575\n|start\n|switch|p1a: Froslass|Froslass, F|100\/100\n|switch|p2a: Chien-Pao|Chien-Pao|100\/100\n|-ability|p2a: Chien-Pao|Sword of Ruin\n|turn|1\n|\n|t:|1698028584\n|move|p2a: Chien-Pao|Taunt|p1a: Froslass\n|-start|p1a: Froslass|move: Taunt\n|cant|p1a: Froslass|move: Taunt|Spikes\n|\n|upkeep\n|turn|2\n|j| corvere\u2665\n|\n|t:|1698028589\n|move|p2a: Chien-Pao|Crunch|p1a: Froslass\n|-supereffective|p1a: Froslass\n|-enditem|p1a: Froslass|Focus Sash\n|-damage|p1a: Froslass|1\/100\n|move|p1a: Froslass|Icy Wind|p2a: Chien-Pao\n|-resisted|p2a: Chien-Pao\n|-damage|p2a: Chien-Pao|84\/100\n|-unboost|p2a: Chien-Pao|spe|1\n|\n|upkeep\n|turn|3\n|j| ZowwyCafe\u2764\n|\n|t:|1698028599\n|move|p2a: Chien-Pao|Sucker Punch|p1a: Froslass\n|-supereffective|p1a: Froslass\n|-damage|p1a: Froslass|0 fnt\n|faint|p1a: Froslass\n|\n|upkeep\n|\n|t:|1698028609\n|switch|p1a: Grimmsnarl|Grimmsnarl, M|100\/100\n|turn|4\n|\n|t:|1698028614\n|move|p2a: Chien-Pao|Taunt|p1a: Grimmsnarl\n|-start|p1a: Grimmsnarl|move: Taunt\n|move|p1a: Grimmsnarl|Play Rough|p2a: Chien-Pao\n|-supereffective|p2a: Chien-Pao\n|-damage|p2a: Chien-Pao|0 fnt\n|faint|p2a: Chien-Pao\n|\n|upkeep\n|\n|t:|1698028624\n|switch|p2a: Zacian|Zacian-Crowned|100\/100\n|-ability|p2a: Zacian|Intrepid Sword|boost\n|-boost|p2a: Zacian|atk|1\n|turn|5\n|\n|t:|1698028633\n|move|p2a: Zacian|Swords Dance|p2a: Zacian\n|-boost|p2a: Zacian|atk|2\n|move|p1a: Grimmsnarl|Play Rough|p2a: Zacian\n|-resisted|p2a: Zacian\n|-damage|p2a: Zacian|84\/100\n|\n|upkeep\n|turn|6\n|\n|t:|1698028639\n|move|p2a: Zacian|Behemoth Blade|p1a: Grimmsnarl\n|-supereffective|p1a: Grimmsnarl\n|-damage|p1a: Grimmsnarl|0 fnt\n|faint|p1a: Grimmsnarl\n|\n|upkeep\n|\n|t:|1698028648\n|switch|p1a: Iron Moth|Iron Moth|100\/100\n|-enditem|p1a: Iron Moth|Booster Energy\n|-activate|p1a: Iron Moth|ability: Quark Drive|[fromitem]\n|-start|p1a: Iron Moth|quarkdrivespa\n|turn|7\n|\n|t:|1698028656\n|move|p2a: Zacian|Behemoth Blade|p1a: Iron Moth\n|-resisted|p1a: Iron Moth\n|-damage|p1a: Iron Moth|0 fnt\n|faint|p1a: Iron Moth\n|-end|p1a: Iron Moth|Quark Drive|[silent]\n|\n|upkeep\n|\n|t:|1698028661\n|switch|p1a: Chien-Pao|Chien-Pao|100\/100\n|-ability|p1a: Chien-Pao|Sword of Ruin\n|turn|8\n|\n|t:|1698028666\n|move|p2a: Zacian|Behemoth Blade|p1a: Chien-Pao\n|-supereffective|p1a: Chien-Pao\n|-enditem|p1a: Chien-Pao|Focus Sash\n|-damage|p1a: Chien-Pao|1\/100\n|move|p1a: Chien-Pao|Icicle Crash|p2a: Zacian\n|-resisted|p2a: Zacian\n|-damage|p2a: Zacian|59\/100\n|\n|upkeep\n|turn|9\n|j| Troutinspace\n|\n|t:|1698028671\n|move|p1a: Chien-Pao|Ice Shard|p2a: Zacian\n|-resisted|p2a: Zacian\n|-damage|p2a: Zacian|47\/100\n|move|p2a: Zacian|Behemoth Blade|p1a: Chien-Pao\n|-supereffective|p1a: Chien-Pao\n|-damage|p1a: Chien-Pao|0 fnt\n|faint|p1a: Chien-Pao\n|\n|upkeep\n|\n|t:|1698028679\n|switch|p1a: Miraidon|Miraidon|100\/100\n|-fieldstart|move: Electric Terrain|[from] ability: Hadron Engine|[of] p1a: Miraidon\n|turn|10\n|\n|t:|1698028695\n|-terastallize|p2a: Zacian|Dark\n|move|p2a: Zacian|Crunch|p1a: Miraidon\n|-damage|p1a: Miraidon|0 fnt\n|faint|p1a: Miraidon\n|\n|upkeep\n|-message|Lkapkd forfeited.\n|\n|win|Pickedman\n|n|\u2606Lkapkd|lkapkd\n|n|\u2606Pickedman|pickedman\n|n|*Lady Monita \u263d|ladymonita\n|n| corvere\u2665|corvere\n|n| ZowwyCafe\u2764|zowwycafe\n|n| Troutinspace|troutinspace\n|l|\u2606Lkapkd\n|l| Troutinspace\n|l|*Lady Monita \u263d\n","uploadtime":1698028707,"views":55,"p1id":"lkapkd","p2id":"pickedman","formatid":"gen9ubers","rating":0,"private":0,"password":""}