{"id":"gen9ubers-1967918721","p1":"Grrimm32","p2":"Creator123","format":"[Gen 9] Ubers","log":"|j|\u2606Grrimm32\n|j|\u2606Creator123\n|t:|1697358473\n|gametype|singles\n|player|p1|Grrimm32|170|\n|player|p2|Creator123|li|\n|teamsize|p1|6\n|teamsize|p2|6\n|gen|9\n|tier|[Gen 9] Ubers\n|rule|Sleep Clause Mod: Limit one foe put to sleep\n|rule|Species Clause: Limit one of each Pok\u00e9mon\n|rule|OHKO Clause: OHKO moves are banned\n|rule|Evasion Items Clause: Evasion items are banned\n|rule|Evasion Moves Clause: Evasion moves are banned\n|rule|Endless Battle Clause: Forcing endless battles is banned\n|rule|HP Percentage Mod: HP is shown in percentages\n|clearpoke\n|poke|p1|Morpeko, F|\n|poke|p1|Dipplin, F|\n|poke|p1|Oricorio-Sensu, M|\n|poke|p1|Magcargo, F|\n|poke|p1|Lycanroc-Dusk, F|\n|poke|p1|Chien-Pao|\n|poke|p2|Calyrex|\n|poke|p2|Ting-Lu|\n|poke|p2|Darkrai|\n|poke|p2|Swanna, M|\n|poke|p2|Phione|\n|poke|p2|Palafin, F|\n|teampreview\n|c|\u2606Creator123|\u0423\u0434\u0430\u0447\u0438 \u0438 \u0432\u0435\u0441\u0435\u043b\u044c\u044f\n|\n|t:|1697358481\n|start\n|switch|p1a: The bulkiest pivot|Morpeko, F|100\/100\n|switch|p2a: (59)|Palafin, F, shiny|100\/100\n|turn|1\n|\n|t:|1697358490\n|detailschange|p2a: (59)|Palafin-Hero, F, shiny\n|switch|p2a: Trap(22)|Ting-Lu|100\/100\n|-ability|p2a: Trap(22)|Vessel of Ruin\n|move|p1a: The bulkiest pivot|Super Fang|p2a: Trap(22)\n|-damage|p2a: Trap(22)|50\/100\n|\n|-heal|p2a: Trap(22)|57\/100|[from] item: Leftovers\n|-formechange|p1a: The bulkiest pivot|Morpeko-Hangry||[from] ability: Hunger Switch\n|upkeep\n|turn|2\n|\n|t:|1697358500\n|switch|p1a: Oricorio|Oricorio-Sensu, M, shiny|100\/100\n|move|p2a: Trap(22)|Sand Tomb|p1a: Oricorio\n|-immune|p1a: Oricorio\n|\n|-heal|p2a: Trap(22)|63\/100|[from] item: Leftovers\n|upkeep\n|turn|3\n|\n|t:|1697358512\n|switch|p2a: (49)|Phione|100\/100\n|move|p1a: Oricorio|Hurricane|p2a: (49)|[miss]\n|-miss|p1a: Oricorio|p2a: (49)\n|\n|upkeep\n|turn|4\n|\n|t:|1697358519\n|move|p1a: Oricorio|Taunt|p2a: (49)\n|-start|p2a: (49)|move: Taunt\n|move|p2a: (49)|Knock Off|p1a: Oricorio\n|-supereffective|p1a: Oricorio\n|-damage|p1a: Oricorio|33\/100\n|-enditem|p1a: Oricorio|Heavy-Duty Boots|[from] move: Knock Off|[of] p2a: (49)\n|-damage|p2a: (49)|91\/100|[from] item: Life Orb\n|\n|upkeep\n|turn|5\n|\n|t:|1697358526\n|move|p1a: Oricorio|Hurricane|p2a: (49)|[miss]\n|-miss|p1a: Oricorio|p2a: (49)\n|move|p2a: (49)|U-turn|p1a: Oricorio\n|-resisted|p1a: Oricorio\n|-damage|p1a: Oricorio|27\/100\n|-damage|p2a: (49)|81\/100|[from] item: Life Orb\n|\n|t:|1697358532\n|switch|p2a: (59)|Palafin-Hero, F, shiny|100\/100|[from] U-turn\n|-activate|p2a: (59)|ability: Zero to Hero\n|\n|upkeep\n|turn|6\n|\n|t:|1697358538\n|switch|p1a: The bulkiest pivot|Morpeko, F|100\/100\n|move|p2a: (59)|Surf|p1a: The bulkiest pivot\n|-damage|p1a: The bulkiest pivot|56\/100\n|\n|-heal|p1a: The bulkiest pivot|62\/100|[from] item: Leftovers\n|-formechange|p1a: The bulkiest pivot|Morpeko-Hangry||[from] ability: Hunger Switch\n|upkeep\n|turn|7\n|\n|t:|1697358546\n|switch|p2a: Trap(22)|Ting-Lu|63\/100\n|-ability|p2a: Trap(22)|Vessel of Ruin\n|move|p1a: The bulkiest pivot|Super Fang|p2a: Trap(22)|[miss]\n|-miss|p1a: The bulkiest pivot|p2a: Trap(22)\n|\n|-heal|p1a: The bulkiest pivot|68\/100|[from] item: Leftovers\n|-heal|p2a: Trap(22)|69\/100|[from] item: Leftovers\n|-formechange|p1a: The bulkiest pivot|Morpeko||[from] ability: Hunger Switch\n|upkeep\n|turn|8\n|\n|t:|1697358563\n|switch|p1a: Oricorio|Oricorio-Sensu, M, shiny|27\/100\n|move|p2a: Trap(22)|Taunt|p1a: Oricorio\n|-start|p1a: Oricorio|move: Taunt\n|\n|-heal|p2a: Trap(22)|75\/100|[from] item: Leftovers\n|upkeep\n|turn|9\n|\n|t:|1697358570\n|move|p1a: Oricorio|Hurricane|p2a: Trap(22)|[miss]\n|-miss|p1a: Oricorio|p2a: Trap(22)\n|move|p2a: Trap(22)|Spite|p1a: Oricorio\n|-activate|p1a: Oricorio|move: Spite|Hurricane|4\n|\n|-heal|p2a: Trap(22)|82\/100|[from] item: Leftovers\n|upkeep\n|turn|10\n|\n|t:|1697358582\n|switch|p1a: Dipplin|Dipplin, F, shiny|100\/100\n|-ability|p1a: Dipplin|Supersweet Syrup\n|-ability|p1a: Dipplin|Supersweet Syrup|boost\n|-unboost|p2a: Trap(22)|evasion|1\n|move|p2a: Trap(22)|Spite||[still]\n|-fail|p2a: Trap(22)\n|\n|-heal|p2a: Trap(22)|88\/100|[from] item: Leftovers\n|upkeep\n|turn|11\n|\n|t:|1697358594\n|switch|p2a: BigSuck69(8)|Calyrex|100\/100\n|-ability|p2a: BigSuck69(8)|Unnerve\n|move|p1a: Dipplin|Draco Meteor|p2a: BigSuck69(8)|[miss]\n|-miss|p1a: Dipplin|p2a: BigSuck69(8)\n|\n|upkeep\n|turn|12\n|\n|t:|1697358601\n|move|p2a: BigSuck69(8)|Calm Mind|p2a: BigSuck69(8)\n|-boost|p2a: BigSuck69(8)|spa|1\n|-boost|p2a: BigSuck69(8)|spd|1\n|move|p1a: Dipplin|Draco Meteor|p2a: BigSuck69(8)\n|-damage|p2a: BigSuck69(8)|37\/100\n|-unboost|p1a: Dipplin|spa|2\n|\n|upkeep\n|turn|13\n|\n|t:|1697358610\n|switch|p1a: Oricorio|Oricorio-Sensu, M, shiny|27\/100\n|move|p2a: BigSuck69(8)|Draining Kiss|p1a: Oricorio\n|-damage|p1a: Oricorio|4\/100\n|-heal|p2a: BigSuck69(8)|53\/100|[from] drain|[of] p1a: Oricorio\n|\n|upkeep\n|turn|14\n|\n|t:|1697358620\n|-terastallize|p2a: BigSuck69(8)|Fairy\n|move|p1a: Oricorio|Hurricane|p2a: BigSuck69(8)|[miss]\n|-miss|p1a: Oricorio|p2a: BigSuck69(8)\n|move|p2a: BigSuck69(8)|Life Dew|p2a: BigSuck69(8)\n|-heal|p2a: BigSuck69(8)|78\/100\n|\n|upkeep\n|turn|15\n|\n|t:|1697358627\n|move|p1a: Oricorio|Roost|p1a: Oricorio\n|-heal|p1a: Oricorio|54\/100\n|-singleturn|p1a: Oricorio|move: Roost\n|move|p2a: BigSuck69(8)|Draining Kiss|p1a: Oricorio\n|-damage|p1a: Oricorio|10\/100\n|-heal|p2a: BigSuck69(8)|100\/100|[from] drain|[of] p1a: Oricorio\n|\n|upkeep\n|turn|16\n|\n|t:|1697358636\n|move|p1a: Oricorio|Taunt|p2a: BigSuck69(8)\n|-start|p2a: BigSuck69(8)|move: Taunt\n|cant|p2a: BigSuck69(8)|move: Taunt|Calm Mind\n|\n|upkeep\n|turn|17\n|\n|t:|1697358640\n|move|p1a: Oricorio|Hurricane|p2a: BigSuck69(8)\n|-damage|p2a: BigSuck69(8)|68\/100\n|-start|p2a: BigSuck69(8)|confusion\n|-activate|p2a: BigSuck69(8)|confusion\n|move|p2a: BigSuck69(8)|Draining Kiss|p1a: Oricorio\n|-damage|p1a: Oricorio|0 fnt\n|-heal|p2a: BigSuck69(8)|75\/100|[from] drain|[of] p1a: Oricorio\n|faint|p1a: Oricorio\n|\n|upkeep\n|\n|t:|1697358654\n|switch|p1a: Pikachy|Lycanroc-Dusk, F|100\/100\n|turn|18\n|\n|t:|1697358661\n|move|p1a: Pikachy|Accelerock|p2a: BigSuck69(8)\n|-damage|p2a: BigSuck69(8)|57\/100\n|-activate|p2a: BigSuck69(8)|confusion\n|move|p2a: BigSuck69(8)|Giga Drain|p1a: Pikachy\n|-supereffective|p1a: Pikachy\n|-enditem|p1a: Pikachy|Focus Sash\n|-damage|p1a: Pikachy|1\/100\n|-heal|p2a: BigSuck69(8)|100\/100|[from] drain|[of] p1a: Pikachy\n|\n|-end|p2a: BigSuck69(8)|move: Taunt\n|upkeep\n|turn|19\n|\n|t:|1697358670\n|switch|p2a: Trap(22)|Ting-Lu|88\/100\n|-ability|p2a: Trap(22)|Vessel of Ruin\n|move|p1a: Pikachy|Endeavor|p2a: Trap(22)\n|-damage|p2a: Trap(22)|1\/100\n|\n|-heal|p2a: Trap(22)|7\/100|[from] item: Leftovers\n|upkeep\n|turn|20\n|\n|t:|1697358679\n|move|p1a: Pikachy|Accelerock|p2a: Trap(22)\n|-resisted|p2a: Trap(22)\n|-damage|p2a: Trap(22)|0 fnt\n|faint|p2a: Trap(22)\n|\n|upkeep\n|\n|t:|1697358687\n|switch|p2a: (49)|Phione|81\/100\n|turn|21\n|\n|t:|1697358691\n|move|p1a: Pikachy|Endeavor|p2a: (49)\n|-damage|p2a: (49)|1\/100\n|move|p2a: (49)|U-turn|p1a: Pikachy\n|-crit|p1a: Pikachy\n|-damage|p1a: Pikachy|0 fnt\n|faint|p1a: Pikachy\n|-damage|p2a: (49)|0 fnt|[from] item: Life Orb\n|faint|p2a: (49)\n|\n|upkeep\n|\n|t:|1697358700\n|switch|p1a: \u0412\u043e\u0440\u043c\u0438\u043a\u0441|Magcargo, F|100\/100\n|switch|p2a: (47)|Darkrai|100\/100\n|turn|22\n|\n|t:|1697358712\n|move|p2a: (47)|Hypnosis|p1a: \u0412\u043e\u0440\u043c\u0438\u043a\u0441\n|-status|p1a: \u0412\u043e\u0440\u043c\u0438\u043a\u0441|slp|[from] move: Hypnosis\n|cant|p1a: \u0412\u043e\u0440\u043c\u0438\u043a\u0441|slp\n|\n|-damage|p1a: \u0412\u043e\u0440\u043c\u0438\u043a\u0441|88\/100 slp|[from] ability: Bad Dreams|[of] p2a: (47)\n|upkeep\n|turn|23\n|\n|t:|1697358721\n|switch|p1a: \u0447\u043b\u0435\u043d-\u043f\u0430\u043e|Chien-Pao|100\/100\n|-ability|p1a: \u0447\u043b\u0435\u043d-\u043f\u0430\u043e|Sword of Ruin\n|move|p2a: (47)|Swords Dance|p2a: (47)\n|-boost|p2a: (47)|atk|2\n|\n|upkeep\n|turn|24\n|\n|t:|1697358729\n|-terastallize|p1a: \u0447\u043b\u0435\u043d-\u043f\u0430\u043e|Ghost\n|move|p1a: \u0447\u043b\u0435\u043d-\u043f\u0430\u043e|Haze|p1a: \u0447\u043b\u0435\u043d-\u043f\u0430\u043e\n|-clearallboost\n|move|p2a: (47)|Brick Break|p1a: \u0447\u043b\u0435\u043d-\u043f\u0430\u043e\n|-immune|p1a: \u0447\u043b\u0435\u043d-\u043f\u0430\u043e\n|\n|upkeep\n|turn|25\n|\n|t:|1697358739\n|move|p2a: (47)|Sucker Punch||[still]\n|-fail|p2a: (47)\n|move|p1a: \u0447\u043b\u0435\u043d-\u043f\u0430\u043e|Haze|p1a: \u0447\u043b\u0435\u043d-\u043f\u0430\u043e\n|-clearallboost\n|\n|upkeep\n|turn|26\n|\n|t:|1697358746\n|switch|p1a: Dipplin|Dipplin, F, shiny|100\/100\n|move|p2a: (47)|Swords Dance|p2a: (47)\n|-boost|p2a: (47)|atk|2\n|\n|upkeep\n|turn|27\n|\n|t:|1697358751\n|move|p2a: (47)|Sucker Punch|p1a: Dipplin\n|-damage|p1a: Dipplin|33\/100\n|-damage|p2a: (47)|91\/100|[from] item: Life Orb\n|move|p1a: Dipplin|Draco Meteor|p2a: (47)\n|-damage|p2a: (47)|0 fnt\n|-unboost|p1a: Dipplin|spa|2\n|faint|p2a: (47)\n|\n|upkeep\n|\n|t:|1697358755\n|switch|p2a: BigSuck69(8)|Calyrex, tera:Fairy|100\/100\n|-ability|p2a: BigSuck69(8)|Unnerve\n|turn|28\n|\n|t:|1697358765\n|switch|p1a: The bulkiest pivot|Morpeko, F|68\/100\n|move|p2a: BigSuck69(8)|Calm Mind|p2a: BigSuck69(8)\n|-boost|p2a: BigSuck69(8)|spa|1\n|-boost|p2a: BigSuck69(8)|spd|1\n|\n|-heal|p1a: The bulkiest pivot|74\/100|[from] item: Leftovers\n|-formechange|p1a: The bulkiest pivot|Morpeko-Hangry||[from] ability: Hunger Switch\n|upkeep\n|turn|29\n|\n|t:|1697358776\n|move|p1a: The bulkiest pivot|Super Fang|p2a: BigSuck69(8)\n|-damage|p2a: BigSuck69(8)|50\/100\n|move|p2a: BigSuck69(8)|Draining Kiss|p1a: The bulkiest pivot\n|-supereffective|p1a: The bulkiest pivot\n|-damage|p1a: The bulkiest pivot|18\/100\n|-heal|p2a: BigSuck69(8)|92\/100|[from] drain|[of] p1a: The bulkiest pivot\n|\n|-heal|p1a: The bulkiest pivot|24\/100|[from] item: Leftovers\n|-formechange|p1a: The bulkiest pivot|Morpeko||[from] ability: Hunger Switch\n|upkeep\n|turn|30\n|\n|t:|1697358786\n|move|p1a: The bulkiest pivot|Super Fang|p2a: BigSuck69(8)|[miss]\n|-miss|p1a: The bulkiest pivot|p2a: BigSuck69(8)\n|move|p2a: BigSuck69(8)|Draining Kiss|p1a: The bulkiest pivot\n|-supereffective|p1a: The bulkiest pivot\n|-damage|p1a: The bulkiest pivot|0 fnt\n|-heal|p2a: BigSuck69(8)|100\/100|[from] drain|[of] p1a: The bulkiest pivot\n|faint|p1a: The bulkiest pivot\n|\n|upkeep\n|\n|t:|1697358799\n|switch|p1a: \u0447\u043b\u0435\u043d-\u043f\u0430\u043e|Chien-Pao, tera:Ghost|100\/100\n|-ability|p1a: \u0447\u043b\u0435\u043d-\u043f\u0430\u043e|Sword of Ruin\n|turn|31\n|\n|t:|1697358803\n|move|p1a: \u0447\u043b\u0435\u043d-\u043f\u0430\u043e|Haze|p1a: \u0447\u043b\u0435\u043d-\u043f\u0430\u043e\n|-clearallboost\n|move|p2a: BigSuck69(8)|Giga Drain|p1a: \u0447\u043b\u0435\u043d-\u043f\u0430\u043e\n|-damage|p1a: \u0447\u043b\u0435\u043d-\u043f\u0430\u043e|72\/100\n|\n|upkeep\n|turn|32\n|\n|t:|1697358810\n|move|p1a: \u0447\u043b\u0435\u043d-\u043f\u0430\u043e|Crunch|p2a: BigSuck69(8)\n|-resisted|p2a: BigSuck69(8)\n|-damage|p2a: BigSuck69(8)|86\/100\n|move|p2a: BigSuck69(8)|Calm Mind|p2a: BigSuck69(8)\n|-boost|p2a: BigSuck69(8)|spa|1\n|-boost|p2a: BigSuck69(8)|spd|1\n|\n|upkeep\n|turn|33\n|\n|t:|1697358817\n|move|p1a: \u0447\u043b\u0435\u043d-\u043f\u0430\u043e|Haze|p1a: \u0447\u043b\u0435\u043d-\u043f\u0430\u043e\n|-clearallboost\n|move|p2a: BigSuck69(8)|Giga Drain|p1a: \u0447\u043b\u0435\u043d-\u043f\u0430\u043e\n|-damage|p1a: \u0447\u043b\u0435\u043d-\u043f\u0430\u043e|44\/100\n|-heal|p2a: BigSuck69(8)|100\/100|[from] drain|[of] p1a: \u0447\u043b\u0435\u043d-\u043f\u0430\u043e\n|\n|upkeep\n|turn|34\n|\n|t:|1697358823\n|switch|p2a: (59)|Palafin-Hero, F, shiny|100\/100\n|move|p1a: \u0447\u043b\u0435\u043d-\u043f\u0430\u043e|Taunt|p2a: (59)\n|-start|p2a: (59)|move: Taunt\n|\n|upkeep\n|turn|35\n|\n|t:|1697358829\n|move|p2a: (59)|Surf|p1a: \u0447\u043b\u0435\u043d-\u043f\u0430\u043e\n|-damage|p1a: \u0447\u043b\u0435\u043d-\u043f\u0430\u043e|0 fnt\n|faint|p1a: \u0447\u043b\u0435\u043d-\u043f\u0430\u043e\n|\n|upkeep\n|\n|t:|1697358834\n|switch|p1a: Dipplin|Dipplin, F, shiny|33\/100\n|turn|36\n|\n|t:|1697358838\n|switch|p2a: (48)|Swanna, M|100\/100\n|move|p1a: Dipplin|Energy Ball|p2a: (48)\n|-damage|p2a: (48)|17\/100\n|\n|upkeep\n|turn|37\n|\n|t:|1697358847\n|switch|p1a: \u0412\u043e\u0440\u043c\u0438\u043a\u0441|Magcargo, F|88\/100 slp\n|move|p2a: (48)|Chilling Water|p1a: \u0412\u043e\u0440\u043c\u0438\u043a\u0441\n|-supereffective|p1a: \u0412\u043e\u0440\u043c\u0438\u043a\u0441\n|-crit|p1a: \u0412\u043e\u0440\u043c\u0438\u043a\u0441\n|-damage|p1a: \u0412\u043e\u0440\u043c\u0438\u043a\u0441|0 fnt\n|faint|p1a: \u0412\u043e\u0440\u043c\u0438\u043a\u0441\n|\n|upkeep\n|\n|t:|1697358853\n|switch|p1a: Dipplin|Dipplin, F, shiny|33\/100\n|turn|38\n|\n|t:|1697358856\n|move|p2a: (48)|Chilling Water|p1a: Dipplin\n|-resisted|p1a: Dipplin\n|-damage|p1a: Dipplin|29\/100\n|-unboost|p1a: Dipplin|atk|1\n|move|p1a: Dipplin|Energy Ball|p2a: (48)\n|-damage|p2a: (48)|0 fnt\n|faint|p2a: (48)\n|\n|upkeep\n|\n|t:|1697358859\n|switch|p2a: BigSuck69(8)|Calyrex, tera:Fairy|100\/100\n|-ability|p2a: BigSuck69(8)|Unnerve\n|turn|39\n|\n|t:|1697358866\n|move|p2a: BigSuck69(8)|Draining Kiss|p1a: Dipplin\n|-supereffective|p1a: Dipplin\n|-damage|p1a: Dipplin|0 fnt\n|faint|p1a: Dipplin\n|\n|win|Creator123\n|c|\u2606Creator123|\u0413\u0433\n","uploadtime":1697358871,"views":14,"p1id":"grrimm32","p2id":"creator123","formatid":"gen9ubers","rating":0,"private":0,"password":""}