{"id":"gen9ubers-1978799683","p1":"Acetraineraegis","p2":"Bka Onon","format":"[Gen 9] Ubers","log":"|j|\u2606Acetraineraegis\n|j|\u2606Bka Onon\n|t:|1698596703\n|gametype|singles\n|player|p1|Acetraineraegis|skierf-gen4dp|\n|player|p2|Bka Onon|amelia-shuffle|\n|teamsize|p1|6\n|teamsize|p2|6\n|gen|9\n|tier|[Gen 9] Ubers\n|rule|Sleep Clause Mod: Limit one foe put to sleep\n|rule|Species Clause: Limit one of each Pok\u00e9mon\n|rule|OHKO Clause: OHKO moves are banned\n|rule|Evasion Items Clause: Evasion items are banned\n|rule|Evasion Moves Clause: Evasion moves are banned\n|rule|Endless Battle Clause: Forcing endless battles is banned\n|rule|HP Percentage Mod: HP is shown in percentages\n|clearpoke\n|poke|p1|Giratina|\n|poke|p1|Magearna|\n|poke|p1|Landorus, M|\n|poke|p1|Arceus-Poison|\n|poke|p1|Garganacl, M|\n|poke|p1|Shaymin-Sky|\n|poke|p2|Espathra, F|\n|poke|p2|Arceus-Dragon|\n|poke|p2|Palkia-Origin|\n|poke|p2|Gliscor, F|\n|poke|p2|Cyclizar, F|\n|poke|p2|Grimmsnarl, M|\n|teampreview\n|c|\u2606Bka Onon|hf\n|\n|t:|1698596718\n|start\n|switch|p1a: -_(\/_\/)_-|Garganacl, M|100\/100\n|switch|p2a: Grimmsnarl|Grimmsnarl, M|100\/100\n|turn|1\n|\n|t:|1698596728\n|move|p2a: Grimmsnarl|Reflect|p2a: Grimmsnarl\n|-sidestart|p2: Bka Onon|Reflect\n|move|p1a: -_(\/_\/)_-|Iron Defense|p1a: -_(\/_\/)_-\n|-boost|p1a: -_(\/_\/)_-|def|2\n|\n|upkeep\n|turn|2\n|\n|t:|1698596732\n|move|p2a: Grimmsnarl|Light Screen|p2a: Grimmsnarl\n|-sidestart|p2: Bka Onon|move: Light Screen\n|move|p1a: -_(\/_\/)_-|Iron Defense|p1a: -_(\/_\/)_-\n|-boost|p1a: -_(\/_\/)_-|def|2\n|\n|upkeep\n|turn|3\n|\n|t:|1698596735\n|move|p2a: Grimmsnarl|Parting Shot|p1a: -_(\/_\/)_-\n|-unboost|p1a: -_(\/_\/)_-|atk|1\n|-unboost|p1a: -_(\/_\/)_-|spa|1\n|\n|t:|1698596740\n|switch|p2a: Gliscor|Gliscor, F|100\/100|[from] Parting Shot\n|move|p1a: -_(\/_\/)_-|Iron Defense|p1a: -_(\/_\/)_-\n|-boost|p1a: -_(\/_\/)_-|def|2\n|\n|-status|p2a: Gliscor|tox|[from] item: Toxic Orb\n|upkeep\n|turn|4\n|\n|t:|1698596743\n|move|p2a: Gliscor|Knock Off|p1a: -_(\/_\/)_-\n|-damage|p1a: -_(\/_\/)_-|97\/100\n|-enditem|p1a: -_(\/_\/)_-|Leftovers|[from] move: Knock Off|[of] p2a: Gliscor\n|move|p1a: -_(\/_\/)_-|Body Press|p2a: Gliscor\n|-resisted|p2a: Gliscor\n|-damage|p2a: Gliscor|81\/100 tox\n|\n|-heal|p2a: Gliscor|93\/100 tox|[from] ability: Poison Heal\n|upkeep\n|turn|5\n|\n|t:|1698596750\n|move|p2a: Gliscor|Toxic Spikes|p1a: -_(\/_\/)_-\n|-sidestart|p1: Acetraineraegis|move: Toxic Spikes\n|move|p1a: -_(\/_\/)_-|Salt Cure|p2a: Gliscor\n|-damage|p2a: Gliscor|90\/100 tox\n|-start|p2a: Gliscor|Salt Cure\n|\n|-heal|p2a: Gliscor|100\/100 tox|[from] ability: Poison Heal\n|-damage|p2a: Gliscor|88\/100 tox|[from] Salt Cure\n|upkeep\n|turn|6\n|\n|t:|1698596758\n|switch|p2a: Palkia|Palkia-Origin, shiny|100\/100\n|-ability|p2a: Palkia|Pressure\n|switch|p1a: Big Stalll?|Giratina|100\/100\n|-ability|p1a: Big Stalll?|Pressure\n|\n|upkeep\n|turn|7\n|\n|t:|1698596776\n|switch|p1a: #1|Magearna|100\/100\n|move|p2a: Palkia|Substitute|p2a: Palkia\n|-start|p2a: Palkia|Substitute\n|-damage|p2a: Palkia|76\/100\n|\n|upkeep\n|turn|8\n|\n|t:|1698596783\n|move|p2a: Palkia|Thunder Wave|p1a: #1\n|-status|p1a: #1|par\n|move|p1a: #1|Volt Switch|p2a: Palkia\n|-activate|p2a: Palkia|move: Substitute|[damage]\n|\n|t:|1698596790\n|switch|p1a: Big Stalll?|Giratina|100\/100|[from] Volt Switch\n|-ability|p1a: Big Stalll?|Pressure\n|\n|-sideend|p2: Bka Onon|Reflect\n|upkeep\n|turn|9\n|\n|t:|1698596801\n|move|p2a: Palkia|Spacial Rend|p1a: Big Stalll?|[miss]\n|-miss|p2a: Palkia|p1a: Big Stalll?\n|move|p1a: Big Stalll?|Defog|p2a: Palkia\n|-sideend|p2: Bka Onon|move: Light Screen\n|-sideend|p1: Acetraineraegis|Toxic Spikes|[from] move: Defog|[of] p1a: Big Stalll?\n|\n|upkeep\n|turn|10\n|c|\u2606Bka Onon|breh\n|\n|t:|1698596812\n|switch|p1a: #1|Magearna|100\/100 par\n|move|p2a: Palkia|Spacial Rend|p1a: #1\n|-immune|p1a: #1\n|\n|upkeep\n|turn|11\n|\n|t:|1698596816\n|move|p2a: Palkia|Hydro Pump|p1a: #1\n|-damage|p1a: #1|40\/100 par\n|cant|p1a: #1|par\n|\n|-heal|p1a: #1|46\/100 par|[from] item: Leftovers\n|upkeep\n|turn|12\n|\n|t:|1698596821\n|move|p1a: #1|Protect|p1a: #1\n|-singleturn|p1a: #1|Protect\n|move|p2a: Palkia|Hydro Pump|p1a: #1\n|-activate|p1a: #1|move: Protect\n|\n|-heal|p1a: #1|52\/100 par|[from] item: Leftovers\n|upkeep\n|turn|13\n|\n|t:|1698596840\n|switch|p1a: Big Stalll?|Giratina|100\/100\n|-ability|p1a: Big Stalll?|Pressure\n|move|p2a: Palkia|Hydro Pump|p1a: Big Stalll?\n|-resisted|p1a: Big Stalll?\n|-damage|p1a: Big Stalll?|81\/100\n|\n|upkeep\n|turn|14\n|\n|t:|1698596859\n|-terastallize|p1a: Big Stalll?|Ghost\n|move|p2a: Palkia|Spacial Rend|p1a: Big Stalll?\n|-damage|p1a: Big Stalll?|47\/100\n|move|p1a: Big Stalll?|Roar|p2a: Palkia\n|drag|p2a: Grimmsnarl|Grimmsnarl, M|100\/100\n|\n|upkeep\n|turn|15\n|\n|t:|1698596867\n|move|p2a: Grimmsnarl|Light Screen|p2a: Grimmsnarl\n|-sidestart|p2: Bka Onon|move: Light Screen\n|move|p1a: Big Stalll?|Thunder Wave|p2a: Grimmsnarl\n|-status|p2a: Grimmsnarl|par\n|\n|upkeep\n|turn|16\n|\n|t:|1698596871\n|move|p2a: Grimmsnarl|Reflect|p2a: Grimmsnarl\n|-sidestart|p2: Bka Onon|Reflect\n|move|p1a: Big Stalll?|Defog|p2a: Grimmsnarl\n|-unboost|p2a: Grimmsnarl|evasion|1\n|-sideend|p2: Bka Onon|Reflect\n|-sideend|p2: Bka Onon|move: Light Screen\n|\n|upkeep\n|turn|17\n|\n|t:|1698596880\n|switch|p1a: -_(\/_\/)_-|Garganacl, M|97\/100\n|move|p2a: Grimmsnarl|Parting Shot|p1a: -_(\/_\/)_-\n|-unboost|p1a: -_(\/_\/)_-|atk|1\n|-unboost|p1a: -_(\/_\/)_-|spa|1\n|\n|t:|1698596888\n|switch|p2a: Cyclizar|Cyclizar, F|100\/100|[from] Parting Shot\n|\n|upkeep\n|turn|18\n|\n|t:|1698596895\n|switch|p1a: Big Stalll?|Giratina, tera:Ghost|47\/100\n|-ability|p1a: Big Stalll?|Pressure\n|move|p2a: Cyclizar|Shed Tail|p2a: Cyclizar\n|-start|p2a: Cyclizar|Substitute|[from] move: Shed Tail\n|-damage|p2a: Cyclizar|50\/100\n|\n|t:|1698596911\n|switch|p2a: Palkia|Palkia-Origin, shiny|76\/100|[from] Shed Tail\n|-ability|p2a: Palkia|Pressure\n|\n|upkeep\n|turn|19\n|\n|t:|1698596926\n|move|p2a: Palkia|Thunder Wave|p1a: Big Stalll?\n|-status|p1a: Big Stalll?|par\n|move|p1a: Big Stalll?|Roar|p2a: Palkia\n|drag|p2a: Cyclizar|Cyclizar, F|84\/100\n|\n|upkeep\n|turn|20\n|\n|t:|1698596935\n|move|p2a: Cyclizar|Knock Off|p1a: Big Stalll?\n|-supereffective|p1a: Big Stalll?\n|-crit|p1a: Big Stalll?\n|-damage|p1a: Big Stalll?|14\/100 par\n|-enditem|p1a: Big Stalll?|Heavy-Duty Boots|[from] move: Knock Off|[of] p2a: Cyclizar\n|cant|p1a: Big Stalll?|par\n|\n|upkeep\n|turn|21\n|\n|t:|1698596948\n|switch|p1a: 60% chance|Shaymin-Sky|100\/100\n|move|p2a: Cyclizar|Knock Off|p1a: 60% chance\n|-damage|p1a: 60% chance|76\/100\n|-enditem|p1a: 60% chance|Choice Scarf|[from] move: Knock Off|[of] p2a: Cyclizar\n|\n|upkeep\n|turn|22\n|\n|t:|1698596953\n|switch|p2a: Grimmsnarl|Grimmsnarl, M|100\/100 par\n|move|p1a: 60% chance|Air Slash|p2a: Grimmsnarl\n|-damage|p2a: Grimmsnarl|65\/100 par\n|\n|upkeep\n|turn|23\n|\n|t:|1698596958\n|move|p2a: Grimmsnarl|Light Screen|p2a: Grimmsnarl\n|-sidestart|p2: Bka Onon|move: Light Screen\n|move|p1a: 60% chance|Air Slash|p2a: Grimmsnarl\n|-damage|p2a: Grimmsnarl|50\/100 par\n|\n|upkeep\n|turn|24\n|\n|t:|1698596964\n|switch|p1a: Arceus|Arceus-Poison|100\/100\n|move|p2a: Grimmsnarl|Parting Shot|p1a: Arceus\n|-unboost|p1a: Arceus|atk|1\n|-unboost|p1a: Arceus|spa|1\n|\n|t:|1698596974\n|switch|p2a: Cyclizar|Cyclizar, F|100\/100|[from] Parting Shot\n|\n|upkeep\n|turn|25\n|\n|t:|1698596984\n|move|p2a: Cyclizar|Shed Tail|p2a: Cyclizar\n|-start|p2a: Cyclizar|Substitute|[from] move: Shed Tail\n|-damage|p2a: Cyclizar|50\/100\n|\n|t:|1698596987\n|switch|p2a: Espathra|Espathra, F|100\/100|[from] Shed Tail\n|move|p1a: Arceus|Dragon Dance|p1a: Arceus\n|-boost|p1a: Arceus|atk|1\n|-boost|p1a: Arceus|spe|1\n|\n|upkeep\n|turn|26\n|\n|t:|1698596995\n|move|p1a: Arceus|Poison Jab|p2a: Espathra\n|-end|p2a: Espathra|Substitute\n|move|p2a: Espathra|Calm Mind|p2a: Espathra\n|-boost|p2a: Espathra|spa|1\n|-boost|p2a: Espathra|spd|1\n|\n|-ability|p2a: Espathra|Speed Boost|boost\n|-boost|p2a: Espathra|spe|1\n|upkeep\n|turn|27\n|\n|t:|1698597001\n|move|p1a: Arceus|Poison Jab|p2a: Espathra\n|-damage|p2a: Espathra|50\/100\n|-status|p2a: Espathra|psn\n|move|p2a: Espathra|Calm Mind|p2a: Espathra\n|-boost|p2a: Espathra|spa|1\n|-boost|p2a: Espathra|spd|1\n|\n|-damage|p2a: Espathra|38\/100 psn|[from] psn\n|-ability|p2a: Espathra|Speed Boost|boost\n|-boost|p2a: Espathra|spe|1\n|upkeep\n|turn|28\n|\n|t:|1698597007\n|move|p2a: Espathra|Stored Power|p1a: Arceus\n|-supereffective|p1a: Arceus\n|-damage|p1a: Arceus|0 fnt\n|faint|p1a: Arceus\n|\n|-damage|p2a: Espathra|25\/100 psn|[from] psn\n|-ability|p2a: Espathra|Speed Boost|boost\n|-boost|p2a: Espathra|spe|1\n|upkeep\n|\n|t:|1698597013\n|switch|p1a: Big Stalll?|Giratina, tera:Ghost|14\/100 par\n|-ability|p1a: Big Stalll?|Pressure\n|turn|29\n|\n|t:|1698597018\n|move|p2a: Espathra|Stored Power|p1a: Big Stalll?\n|-damage|p1a: Big Stalll?|0 fnt\n|faint|p1a: Big Stalll?\n|\n|-damage|p2a: Espathra|13\/100 psn|[from] psn\n|-ability|p2a: Espathra|Speed Boost|boost\n|-boost|p2a: Espathra|spe|1\n|upkeep\n|\n|t:|1698597021\n|switch|p1a: #1|Magearna|52\/100 par\n|turn|30\n|\n|t:|1698597025\n|move|p1a: #1|Protect|p1a: #1\n|-singleturn|p1a: #1|Protect\n|move|p2a: Espathra|Roost|p2a: Espathra\n|-heal|p2a: Espathra|63\/100 psn\n|-singleturn|p2a: Espathra|move: Roost\n|\n|-heal|p1a: #1|58\/100 par|[from] item: Leftovers\n|-damage|p2a: Espathra|50\/100 psn|[from] psn\n|-sideend|p2: Bka Onon|move: Light Screen\n|-ability|p2a: Espathra|Speed Boost|boost\n|-boost|p2a: Espathra|spe|1\n|upkeep\n|turn|31\n|\n|t:|1698597029\n|move|p2a: Espathra|Roost|p2a: Espathra\n|-heal|p2a: Espathra|100\/100 psn\n|-singleturn|p2a: Espathra|move: Roost\n|move|p1a: #1|Fleur Cannon|p2a: Espathra\n|-damage|p2a: Espathra|61\/100 psn\n|-unboost|p1a: #1|spa|2\n|\n|-heal|p1a: #1|64\/100 par|[from] item: Leftovers\n|-damage|p2a: Espathra|48\/100 psn|[from] psn\n|-ability|p2a: Espathra|Speed Boost|boost\n|-boost|p2a: Espathra|spe|1\n|upkeep\n|turn|32\n|\n|t:|1698597036\n|move|p1a: #1|Protect|p1a: #1\n|-singleturn|p1a: #1|Protect\n|move|p2a: Espathra|Roost|p2a: Espathra\n|-heal|p2a: Espathra|98\/100 psn\n|-singleturn|p2a: Espathra|move: Roost\n|\n|-heal|p1a: #1|70\/100 par|[from] item: Leftovers\n|-damage|p2a: Espathra|86\/100 psn|[from] psn\n|upkeep\n|turn|33\n|\n|t:|1698597039\n|move|p2a: Espathra|Calm Mind|p2a: Espathra\n|-boost|p2a: Espathra|spa|1\n|-boost|p2a: Espathra|spd|1\n|move|p1a: #1|Volt Switch|p2a: Espathra\n|-damage|p2a: Espathra|80\/100 psn\n|\n|t:|1698597043\n|switch|p1a: -_(\/_\/)_-|Garganacl, M|97\/100|[from] Volt Switch\n|\n|-damage|p2a: Espathra|67\/100 psn|[from] psn\n|upkeep\n|turn|34\n|\n|t:|1698597049\n|move|p2a: Espathra|Stored Power|p1a: -_(\/_\/)_-\n|-damage|p1a: -_(\/_\/)_-|0 fnt\n|faint|p1a: -_(\/_\/)_-\n|\n|-damage|p2a: Espathra|55\/100 psn|[from] psn\n|upkeep\n|\n|t:|1698597053\n|switch|p1a: Stallbreaker|Landorus, M|100\/100\n|turn|35\n|\n|t:|1698597058\n|move|p2a: Espathra|Stored Power|p1a: Stallbreaker\n|-damage|p1a: Stallbreaker|0 fnt\n|faint|p1a: Stallbreaker\n|\n|-damage|p2a: Espathra|42\/100 psn|[from] psn\n|upkeep\n|\n|t:|1698597060\n|switch|p1a: 60% chance|Shaymin-Sky|76\/100\n|turn|36\n|\n|t:|1698597062\n|move|p2a: Espathra|Stored Power|p1a: 60% chance\n|-damage|p1a: 60% chance|0 fnt\n|faint|p1a: 60% chance\n|\n|-damage|p2a: Espathra|30\/100 psn|[from] psn\n|upkeep\n|\n|t:|1698597064\n|switch|p1a: #1|Magearna|70\/100 par\n|turn|37\n|\n|t:|1698597066\n|move|p2a: Espathra|Roost|p2a: Espathra\n|-heal|p2a: Espathra|80\/100 psn\n|-singleturn|p2a: Espathra|move: Roost\n|move|p1a: #1|Fleur Cannon|p2a: Espathra\n|-damage|p2a: Espathra|48\/100 psn\n|-unboost|p1a: #1|spa|2\n|\n|-heal|p1a: #1|76\/100 par|[from] item: Leftovers\n|-damage|p2a: Espathra|36\/100 psn|[from] psn\n|upkeep\n|turn|38\n|\n|t:|1698597070\n|move|p2a: Espathra|Roost|p2a: Espathra\n|-heal|p2a: Espathra|86\/100 psn\n|-singleturn|p2a: Espathra|move: Roost\n|move|p1a: #1|Volt Switch|p2a: Espathra\n|-crit|p2a: Espathra\n|-damage|p2a: Espathra|39\/100 psn\n|\n|-heal|p1a: #1|82\/100 par|[from] item: Leftovers\n|-damage|p2a: Espathra|27\/100 psn|[from] psn\n|upkeep\n|turn|39\n|\n|t:|1698597077\n|cant|p1a: #1|par\n|move|p2a: Espathra|Roost|p2a: Espathra\n|-heal|p2a: Espathra|77\/100 psn\n|-singleturn|p2a: Espathra|move: Roost\n|\n|-heal|p1a: #1|88\/100 par|[from] item: Leftovers\n|-damage|p2a: Espathra|64\/100 psn|[from] psn\n|upkeep\n|turn|40\n|\n|t:|1698597079\n|move|p2a: Espathra|Calm Mind|p2a: Espathra\n|-boost|p2a: Espathra|spa|1\n|-boost|p2a: Espathra|spd|1\n|move|p1a: #1|Fleur Cannon|p2a: Espathra|[miss]\n|-miss|p1a: #1|p2a: Espathra\n|\n|-heal|p1a: #1|94\/100 par|[from] item: Leftovers\n|-damage|p2a: Espathra|52\/100 psn|[from] psn\n|upkeep\n|turn|41\n|\n|t:|1698597082\n|move|p2a: Espathra|Calm Mind|p2a: Espathra\n|-boost|p2a: Espathra|spa|1\n|-boost|p2a: Espathra|spd|1\n|cant|p1a: #1|par\n|\n|-heal|p1a: #1|99\/100 par|[from] item: Leftovers\n|-damage|p2a: Espathra|39\/100 psn|[from] psn\n|upkeep\n|turn|42\n|\n|t:|1698597085\n|move|p2a: Espathra|Roost|p2a: Espathra\n|-heal|p2a: Espathra|89\/100 psn\n|-singleturn|p2a: Espathra|move: Roost\n|move|p1a: #1|Fleur Cannon|p2a: Espathra|[miss]\n|-miss|p1a: #1|p2a: Espathra\n|\n|-heal|p1a: #1|100\/100 par|[from] item: Leftovers\n|-damage|p2a: Espathra|77\/100 psn|[from] psn\n|upkeep\n|turn|43\n|\n|t:|1698597088\n|move|p2a: Espathra|Calm Mind|p2a: Espathra\n|-boost|p2a: Espathra|spa|1\n|-boost|p2a: Espathra|spd|1\n|move|p1a: #1|Fleur Cannon|p2a: Espathra\n|-damage|p2a: Espathra|66\/100 psn\n|-unboost|p1a: #1|spa|2\n|\n|-damage|p2a: Espathra|54\/100 psn|[from] psn\n|upkeep\n|turn|44\n|-message|Acetraineraegis forfeited.\n|\n|win|Bka Onon\n|c|\u2606Bka Onon|gg\n|c|\u2606Acetraineraegis|Gg\n","uploadtime":1698597115,"views":51,"p1id":"acetraineraegis","p2id":"bkaonon","formatid":"gen9ubers","rating":0,"private":0,"password":""}