{"id":"gen9ubers-1975087511","p1":"Imagineagiantduck","p2":"didact_re","format":"[Gen 9] Ubers","log":"|j|\u2606Imagineagiantduck\n|j|\u2606didact_re\n|t:|1698160912\n|gametype|singles\n|player|p1|Imagineagiantduck|102|1090\n|player|p2|didact_re|morty-masters|1076\n|teamsize|p1|6\n|teamsize|p2|6\n|gen|9\n|tier|[Gen 9] Ubers\n|rated|\n|rule|Sleep Clause Mod: Limit one foe put to sleep\n|rule|Species Clause: Limit one of each Pok\u00e9mon\n|rule|OHKO Clause: OHKO moves are banned\n|rule|Evasion Items Clause: Evasion items are banned\n|rule|Evasion Moves Clause: Evasion moves are banned\n|rule|Endless Battle Clause: Forcing endless battles is banned\n|rule|HP Percentage Mod: HP is shown in percentages\n|clearpoke\n|poke|p1|Ogerpon-Cornerstone, F|\n|poke|p1|Houndstone, F|\n|poke|p1|Hippowdon, M|\n|poke|p1|Corviknight, M|\n|poke|p1|Gardevoir, M|\n|poke|p1|Pawmot, M|\n|poke|p2|Gothitelle, F|\n|poke|p2|Annihilape, F|\n|poke|p2|Typhlosion-Hisui, F|\n|poke|p2|Mimikyu, F|\n|poke|p2|Hoopa-Unbound|\n|poke|p2|Glimmora, M|\n|teampreview\n|\n|t:|1698160923\n|start\n|switch|p1a: Hippowdon|Hippowdon, M|100\/100\n|switch|p2a: Glimmora|Glimmora, M|100\/100\n|-item|p2a: Glimmora|Air Balloon\n|-weather|Sandstorm|[from] ability: Sand Stream|[of] p1a: Hippowdon\n|turn|1\n|\n|t:|1698160933\n|switch|p1a: Corviknight|Corviknight, M|100\/100\n|-ability|p1a: Corviknight|Pressure\n|move|p2a: Glimmora|Spikes|p1a: Corviknight\n|-sidestart|p1: Imagineagiantduck|Spikes\n|\n|-weather|Sandstorm|[upkeep]\n|upkeep\n|turn|2\n|\n|t:|1698160943\n|move|p2a: Glimmora|Power Gem|p1a: Corviknight\n|-damage|p1a: Corviknight|72\/100\n|move|p1a: Corviknight|Iron Defense|p1a: Corviknight\n|-boost|p1a: Corviknight|def|2\n|\n|-weather|Sandstorm|[upkeep]\n|-heal|p1a: Corviknight|78\/100|[from] item: Leftovers\n|upkeep\n|turn|3\n|\n|t:|1698160951\n|move|p2a: Glimmora|Power Gem|p1a: Corviknight\n|-damage|p1a: Corviknight|51\/100\n|move|p1a: Corviknight|Body Press|p2a: Glimmora\n|-damage|p2a: Glimmora|53\/100\n|-activate|p2a: Glimmora|ability: Toxic Debris\n|-sidestart|p1: Imagineagiantduck|move: Toxic Spikes\n|-enditem|p2a: Glimmora|Air Balloon\n|\n|-weather|Sandstorm|[upkeep]\n|-heal|p1a: Corviknight|57\/100|[from] item: Leftovers\n|upkeep\n|turn|4\n|\n|t:|1698160962\n|move|p2a: Glimmora|Power Gem|p1a: Corviknight\n|-damage|p1a: Corviknight|30\/100\n|move|p1a: Corviknight|Body Press|p2a: Glimmora\n|-damage|p2a: Glimmora|11\/100\n|-activate|p2a: Glimmora|ability: Toxic Debris\n|-sidestart|p1: Imagineagiantduck|move: Toxic Spikes\n|\n|-weather|Sandstorm|[upkeep]\n|-heal|p1a: Corviknight|36\/100|[from] item: Leftovers\n|upkeep\n|turn|5\n|\n|t:|1698160974\n|move|p2a: Glimmora|Power Gem|p1a: Corviknight\n|-damage|p1a: Corviknight|9\/100\n|move|p1a: Corviknight|Defog|p2a: Glimmora\n|-unboost|p2a: Glimmora|evasion|1\n|-sideend|p1: Imagineagiantduck|Spikes|[from] move: Defog|[of] p1a: Corviknight\n|-sideend|p1: Imagineagiantduck|Toxic Spikes|[from] move: Defog|[of] p1a: Corviknight\n|\n|-weather|Sandstorm|[upkeep]\n|-heal|p1a: Corviknight|15\/100|[from] item: Leftovers\n|upkeep\n|turn|6\n|\n|t:|1698160984\n|switch|p1a: Ogerpon|Ogerpon-Cornerstone, F|100\/100\n|move|p2a: Glimmora|Power Gem|p1a: Ogerpon\n|-damage|p1a: Ogerpon|70\/100\n|\n|-weather|Sandstorm|[upkeep]\n|upkeep\n|turn|7\n|\n|t:|1698160996\n|move|p1a: Ogerpon|Horn Leech|p2a: Glimmora\n|-damage|p2a: Glimmora|0 fnt\n|-heal|p1a: Ogerpon|75\/100|[from] drain|[of] p2a: Glimmora\n|-activate|p2a: Glimmora|ability: Toxic Debris\n|-sidestart|p1: Imagineagiantduck|move: Toxic Spikes\n|faint|p2a: Glimmora\n|\n|-weather|Sandstorm|[upkeep]\n|upkeep\n|\n|t:|1698161009\n|switch|p2a: Hoopa|Hoopa-Unbound|100\/100\n|turn|8\n|\n|t:|1698161026\n|switch|p1a: Corviknight|Corviknight, M|15\/100\n|-ability|p1a: Corviknight|Pressure\n|move|p2a: Hoopa|Hyperspace Fury|p1a: Corviknight\n|-damage|p1a: Corviknight|0 fnt\n|-unboost|p2a: Hoopa|def|1\n|faint|p1a: Corviknight\n|\n|-weather|none\n|upkeep\n|\n|t:|1698161031\n|switch|p1a: Hippowdon|Hippowdon, M|100\/100\n|-status|p1a: Hippowdon|psn\n|-weather|Sandstorm|[from] ability: Sand Stream|[of] p1a: Hippowdon\n|turn|9\n|\n|t:|1698161041\n|switch|p2a: Gothitelle|Gothitelle, F|100\/100\n|-item|p1a: Hippowdon|Smooth Rock|[from] ability: Frisk|[of] p2a: Gothitelle|[identify]\n|move|p1a: Hippowdon|Stealth Rock|p2a: Gothitelle\n|-sidestart|p2: didact_re|move: Stealth Rock\n|\n|-weather|Sandstorm|[upkeep]\n|-damage|p2a: Gothitelle|94\/100|[from] Sandstorm\n|-heal|p2a: Gothitelle|100\/100|[from] item: Leftovers\n|-damage|p1a: Hippowdon|88\/100 psn|[from] psn\n|upkeep\n|turn|10\n|\n|t:|1698161054\n|move|p2a: Gothitelle|Calm Mind|p2a: Gothitelle\n|-boost|p2a: Gothitelle|spa|1\n|-boost|p2a: Gothitelle|spd|1\n|move|p1a: Hippowdon|Earthquake|p2a: Gothitelle\n|-damage|p2a: Gothitelle|64\/100\n|\n|-weather|Sandstorm|[upkeep]\n|-damage|p2a: Gothitelle|58\/100|[from] Sandstorm\n|-heal|p2a: Gothitelle|64\/100|[from] item: Leftovers\n|-damage|p1a: Hippowdon|76\/100 psn|[from] psn\n|upkeep\n|turn|11\n|inactive|Battle timer is ON: inactive players will automatically lose when time's up. (requested by Imagineagiantduck)\n|\n|t:|1698161066\n|move|p2a: Gothitelle|Calm Mind|p2a: Gothitelle\n|-boost|p2a: Gothitelle|spa|1\n|-boost|p2a: Gothitelle|spd|1\n|move|p1a: Hippowdon|Earthquake|p2a: Gothitelle\n|-damage|p2a: Gothitelle|27\/100\n|\n|-weather|Sandstorm|[upkeep]\n|-damage|p2a: Gothitelle|21\/100|[from] Sandstorm\n|-heal|p2a: Gothitelle|27\/100|[from] item: Leftovers\n|-damage|p1a: Hippowdon|63\/100 psn|[from] psn\n|upkeep\n|turn|12\n|\n|t:|1698161078\n|move|p2a: Gothitelle|Rest|p2a: Gothitelle\n|-status|p2a: Gothitelle|slp|[from] move: Rest\n|-heal|p2a: Gothitelle|100\/100 slp|[silent]\n|move|p1a: Hippowdon|Slack Off|p1a: Hippowdon\n|-heal|p1a: Hippowdon|100\/100 psn\n|\n|-weather|Sandstorm|[upkeep]\n|-damage|p2a: Gothitelle|94\/100 slp|[from] Sandstorm\n|-heal|p2a: Gothitelle|100\/100 slp|[from] item: Leftovers\n|-damage|p1a: Hippowdon|88\/100 psn|[from] psn\n|upkeep\n|turn|13\n|\n|t:|1698161090\n|cant|p2a: Gothitelle|slp\n|move|p1a: Hippowdon|Stone Edge|p2a: Gothitelle\n|-damage|p2a: Gothitelle|78\/100 slp\n|\n|-weather|Sandstorm|[upkeep]\n|-damage|p2a: Gothitelle|72\/100 slp|[from] Sandstorm\n|-heal|p2a: Gothitelle|78\/100 slp|[from] item: Leftovers\n|-damage|p1a: Hippowdon|76\/100 psn|[from] psn\n|upkeep\n|turn|14\n|c|\u2606Imagineagiantduck|This is frustrating\n|\n|t:|1698161099\n|cant|p2a: Gothitelle|slp\n|move|p1a: Hippowdon|Earthquake|p2a: Gothitelle\n|-damage|p2a: Gothitelle|43\/100 slp\n|\n|-weather|Sandstorm|[upkeep]\n|-damage|p2a: Gothitelle|37\/100 slp|[from] Sandstorm\n|-heal|p2a: Gothitelle|43\/100 slp|[from] item: Leftovers\n|-damage|p1a: Hippowdon|63\/100 psn|[from] psn\n|upkeep\n|turn|15\n|\n|t:|1698161109\n|-curestatus|p2a: Gothitelle|slp|[msg]\n|move|p2a: Gothitelle|Rest|p2a: Gothitelle\n|-status|p2a: Gothitelle|slp|[from] move: Rest\n|-heal|p2a: Gothitelle|100\/100 slp|[silent]\n|move|p1a: Hippowdon|Earthquake|p2a: Gothitelle\n|-damage|p2a: Gothitelle|66\/100 slp\n|\n|-weather|Sandstorm|[upkeep]\n|-damage|p2a: Gothitelle|60\/100 slp|[from] Sandstorm\n|-heal|p2a: Gothitelle|66\/100 slp|[from] item: Leftovers\n|-damage|p1a: Hippowdon|51\/100 psn|[from] psn\n|upkeep\n|turn|16\n|\n|t:|1698161126\n|cant|p2a: Gothitelle|slp\n|move|p1a: Hippowdon|Earthquake|p2a: Gothitelle\n|-damage|p2a: Gothitelle|31\/100 slp\n|\n|-weather|none\n|-heal|p2a: Gothitelle|37\/100 slp|[from] item: Leftovers\n|-damage|p1a: Hippowdon|39\/100 psn|[from] psn\n|upkeep\n|turn|17\n|\n|t:|1698161139\n|cant|p2a: Gothitelle|slp\n|move|p1a: Hippowdon|Slack Off|p1a: Hippowdon\n|-heal|p1a: Hippowdon|89\/100 psn\n|\n|-heal|p2a: Gothitelle|43\/100 slp|[from] item: Leftovers\n|-damage|p1a: Hippowdon|76\/100 psn|[from] psn\n|upkeep\n|turn|18\n|\n|t:|1698161148\n|-curestatus|p2a: Gothitelle|slp|[msg]\n|move|p2a: Gothitelle|Stored Power|p1a: Hippowdon\n|-damage|p1a: Hippowdon|0 fnt\n|faint|p1a: Hippowdon\n|\n|-heal|p2a: Gothitelle|49\/100|[from] item: Leftovers\n|upkeep\n|\n|t:|1698161158\n|switch|p1a: Houndstone|Houndstone, F|100\/100\n|-status|p1a: Houndstone|psn\n|turn|19\n|\n|t:|1698161164\n|move|p1a: Houndstone|Shadow Sneak|p2a: Gothitelle\n|-supereffective|p2a: Gothitelle\n|-damage|p2a: Gothitelle|0 fnt\n|faint|p2a: Gothitelle\n|\n|-damage|p1a: Houndstone|88\/100 psn|[from] psn\n|upkeep\n|\n|t:|1698161173\n|switch|p2a: Hoopa|Hoopa-Unbound|100\/100\n|-damage|p2a: Hoopa|88\/100|[from] Stealth Rock\n|turn|20\n|\n|t:|1698161179\n|switch|p1a: Pawmot|Pawmot, M|100\/100\n|-status|p1a: Pawmot|psn\n|move|p2a: Hoopa|Hyperspace Fury|p1a: Pawmot\n|-resisted|p1a: Pawmot\n|-damage|p1a: Pawmot|42\/100 psn\n|-unboost|p2a: Hoopa|def|1\n|\n|-damage|p1a: Pawmot|30\/100 psn|[from] psn\n|upkeep\n|turn|21\n|\n|t:|1698161193\n|move|p1a: Pawmot|Revival Blessing|p1a: Pawmot\n|\n|t:|1698161195\n|-heal|p1: Hippowdon|50\/100|[from] move: Revival Blessing\n|move|p2a: Hoopa|Hyperspace Fury|p1a: Pawmot\n|-resisted|p1a: Pawmot\n|-damage|p1a: Pawmot|0 fnt\n|-unboost|p2a: Hoopa|def|1\n|faint|p1a: Pawmot\n|\n|upkeep\n|\n|t:|1698161197\n|switch|p1a: Hippowdon|Hippowdon, M|50\/100\n|-status|p1a: Hippowdon|psn\n|-weather|Sandstorm|[from] ability: Sand Stream|[of] p1a: Hippowdon\n|turn|22\n|\n|t:|1698161213\n|move|p2a: Hoopa|Drain Punch|p1a: Hippowdon\n|-damage|p1a: Hippowdon|33\/100 psn\n|-heal|p2a: Hoopa|99\/100|[from] drain|[of] p1a: Hippowdon\n|move|p1a: Hippowdon|Earthquake|p2a: Hoopa\n|-damage|p2a: Hoopa|0 fnt\n|faint|p2a: Hoopa\n|\n|-weather|Sandstorm|[upkeep]\n|-damage|p1a: Hippowdon|20\/100 psn|[from] psn\n|upkeep\n|\n|t:|1698161223\n|switch|p2a: Annihilape|Annihilape, F|100\/100\n|-damage|p2a: Annihilape|94\/100|[from] Stealth Rock\n|turn|23\n|\n|t:|1698161230\n|switch|p1a: Gardevoir|Gardevoir, M|100\/100\n|-status|p1a: Gardevoir|psn\n|-ability|p1a: Gardevoir|Defiant|[from] ability: Trace|[of] p2a: Annihilape\n|move|p2a: Annihilape|Drain Punch|p1a: Gardevoir\n|-resisted|p1a: Gardevoir\n|-damage|p1a: Gardevoir|84\/100 psn\n|-heal|p2a: Annihilape|100\/100|[from] drain|[of] p1a: Gardevoir\n|\n|-weather|Sandstorm|[upkeep]\n|-damage|p1a: Gardevoir|78\/100 psn|[from] Sandstorm\n|-damage|p2a: Annihilape|94\/100|[from] Sandstorm\n|-heal|p2a: Annihilape|100\/100|[from] item: Leftovers\n|-damage|p1a: Gardevoir|65\/100 psn|[from] psn\n|upkeep\n|turn|24\n|\n|t:|1698161246\n|move|p1a: Gardevoir|Moonblast|p2a: Annihilape\n|-supereffective|p2a: Annihilape\n|-damage|p2a: Annihilape|9\/100\n|move|p2a: Annihilape|Rage Fist|p1a: Gardevoir\n|-supereffective|p1a: Gardevoir\n|-damage|p1a: Gardevoir|0 fnt\n|faint|p1a: Gardevoir\n|\n|-weather|Sandstorm|[upkeep]\n|-damage|p2a: Annihilape|2\/100|[from] Sandstorm\n|-heal|p2a: Annihilape|9\/100|[from] item: Leftovers\n|upkeep\n|\n|t:|1698161260\n|switch|p1a: Ogerpon|Ogerpon-Cornerstone, F|75\/100\n|-status|p1a: Ogerpon|psn\n|turn|25\n|\n|t:|1698161265\n|-terastallize|p1a: Ogerpon|Rock\n|detailschange|p1a: Ogerpon|Ogerpon-Cornerstone-Tera, F, tera:Rock\n|-ability|p1a: Ogerpon|Embody Aspect (Cornerstone)|boost\n|-boost|p1a: Ogerpon|def|1\n|move|p1a: Ogerpon|Horn Leech|p2a: Annihilape\n|-damage|p2a: Annihilape|0 fnt\n|-heal|p1a: Ogerpon|80\/100 psn|[from] drain|[of] p2a: Annihilape\n|faint|p2a: Annihilape\n|\n|-weather|Sandstorm|[upkeep]\n|-damage|p1a: Ogerpon|68\/100 psn|[from] psn\n|upkeep\n|\n|t:|1698161276\n|switch|p2a: Mimikyu|Mimikyu, F|100\/100\n|-damage|p2a: Mimikyu|88\/100|[from] Stealth Rock\n|turn|26\n|\n|t:|1698161282\n|move|p1a: Ogerpon|Knock Off|p2a: Mimikyu\n|-activate|p2a: Mimikyu|ability: Disguise\n|-damage|p2a: Mimikyu|88\/100\n|-enditem|p2a: Mimikyu|Life Orb|[from] move: Knock Off|[of] p1a: Ogerpon\n|detailschange|p2a: Mimikyu|Mimikyu-Busted, F\n|-damage|p2a: Mimikyu|76\/100|[from] pokemon: Mimikyu-Busted\n|move|p2a: Mimikyu|Swords Dance|p2a: Mimikyu\n|-boost|p2a: Mimikyu|atk|2\n|\n|-weather|Sandstorm|[upkeep]\n|-damage|p2a: Mimikyu|70\/100|[from] Sandstorm\n|-damage|p1a: Ogerpon|55\/100 psn|[from] psn\n|upkeep\n|turn|27\n|\n|t:|1698161295\n|move|p1a: Ogerpon|Ivy Cudgel|p2a: Mimikyu\n|-damage|p2a: Mimikyu|0 fnt\n|faint|p2a: Mimikyu\n|\n|-weather|Sandstorm|[upkeep]\n|-damage|p1a: Ogerpon|43\/100 psn|[from] psn\n|upkeep\n|\n|t:|1698161302\n|switch|p2a: Typhlosion|Typhlosion-Hisui, F|100\/100\n|-damage|p2a: Typhlosion|76\/100|[from] Stealth Rock\n|turn|28\n|\n|t:|1698161309\n|-terastallize|p2a: Typhlosion|Fire\n|move|p2a: Typhlosion|Hex|p1a: Ogerpon\n|-damage|p1a: Ogerpon|0 fnt\n|faint|p1a: Ogerpon\n|\n|-weather|Sandstorm|[upkeep]\n|-damage|p2a: Typhlosion|70\/100|[from] Sandstorm\n|upkeep\n|\n|t:|1698161314\n|switch|p1a: Hippowdon|Hippowdon, M|20\/100 psn\n|turn|29\n|\n|t:|1698161319\n|move|p2a: Typhlosion|Hex|p1a: Hippowdon\n|-damage|p1a: Hippowdon|0 fnt\n|faint|p1a: Hippowdon\n|\n|-weather|none\n|upkeep\n|\n|t:|1698161321\n|switch|p1a: Houndstone|Houndstone, F|88\/100 psn\n|turn|30\n|c|\u2606Imagineagiantduck|Ah bugger i shouldnt gone here first. Gg\n|\n|t:|1698161335\n|move|p1a: Houndstone|Shadow Sneak|p2a: Typhlosion\n|-damage|p2a: Typhlosion|25\/100\n|move|p2a: Typhlosion|Hex|p1a: Houndstone\n|-supereffective|p1a: Houndstone\n|-damage|p1a: Houndstone|0 fnt\n|faint|p1a: Houndstone\n|\n|win|didact_re\n|raw|Imagineagiantduck's rating: 1090 &rarr; <strong>1066<\/strong><br \/>(-24 for losing)\n|raw|didact_re's rating: 1076 &rarr; <strong>1106<\/strong><br \/>(+30 for winning)\n|c|\u2606didact_re|gg\n|l|\u2606Imagineagiantduck\n","uploadtime":1698161356,"views":13,"p1id":"imagineagiantduck","p2id":"didactre","formatid":"gen9ubers","rating":1066,"private":0,"password":""}