{"id":"gen9ubers-1969925038","p1":"SadaShidz\ufe0f","p2":"fmfnr","format":"[Gen 9] Ubers","log":"|j|\u2606SadaShidz\ufe0f\n|j|\u2606fmfnr\n|t:|1697576483\n|gametype|singles\n|player|p1|SadaShidz\ufe0f|sada-ai|1387\n|player|p2|fmfnr|hilbert|1439\n|teamsize|p1|6\n|teamsize|p2|6\n|gen|9\n|tier|[Gen 9] Ubers\n|rated|\n|rule|Sleep Clause Mod: Limit one foe put to sleep\n|rule|Species Clause: Limit one of each Pok\u00e9mon\n|rule|OHKO Clause: OHKO moves are banned\n|rule|Evasion Items Clause: Evasion items are banned\n|rule|Evasion Moves Clause: Evasion moves are banned\n|rule|Endless Battle Clause: Forcing endless battles is banned\n|rule|HP Percentage Mod: HP is shown in percentages\n|clearpoke\n|poke|p1|Ribombee, F|\n|poke|p1|Arceus-Ghost|\n|poke|p1|Ogerpon-Hearthflame, F|\n|poke|p1|Sinistcha-Masterpiece|\n|poke|p1|Ursaluna-Bloodmoon, M|\n|poke|p1|Flutter Mane|\n|poke|p2|Chien-Pao|\n|poke|p2|Koraidon|\n|poke|p2|Flutter Mane|\n|poke|p2|Great Tusk|\n|poke|p2|Skeledirge, F|\n|poke|p2|Toxapex, M|\n|teampreview\n|inactive|Battle timer is ON: inactive players will automatically lose when time's up. (requested by SadaShidz\ufe0f)\n|\n|t:|1697576505\n|start\n|switch|p1a: Mighty Bee|Ribombee, F, shiny|100\/100\n|switch|p2a: Koraidon|Koraidon|100\/100\n|-weather|SunnyDay|[from] ability: Orichalcum Pulse|[of] p2a: Koraidon\n|-activate|p2a: Koraidon|Orichalcum Pulse|[source]\n|turn|1\n|\n|t:|1697576509\n|move|p2a: Koraidon|U-turn|p1a: Mighty Bee\n|-resisted|p1a: Mighty Bee\n|-damage|p1a: Mighty Bee|59\/100\n|\n|t:|1697576513\n|switch|p2a: Skeledirge|Skeledirge, F|100\/100|[from] U-turn\n|move|p1a: Mighty Bee|Stun Spore|p2a: Skeledirge|[miss]\n|-miss|p1a: Mighty Bee|p2a: Skeledirge\n|\n|-weather|SunnyDay|[upkeep]\n|upkeep\n|turn|2\n|\n|t:|1697576517\n|move|p1a: Mighty Bee|Sticky Web|p2a: Skeledirge\n|-sidestart|p2: fmfnr|move: Sticky Web\n|move|p2a: Skeledirge|Torch Song|p1a: Mighty Bee\n|-supereffective|p1a: Mighty Bee\n|-damage|p1a: Mighty Bee|0 fnt\n|-boost|p2a: Skeledirge|spa|1\n|faint|p1a: Mighty Bee\n|-enditem|p2a: Skeledirge|Throat Spray\n|-boost|p2a: Skeledirge|spa|1|[from] item: Throat Spray\n|\n|-weather|SunnyDay|[upkeep]\n|upkeep\n|\n|t:|1697576522\n|switch|p1a: Ice Spice|Flutter Mane|100\/100\n|-activate|p1a: Ice Spice|ability: Protosynthesis\n|-start|p1a: Ice Spice|protosynthesisspe\n|turn|3\n|\n|t:|1697576533\n|move|p1a: Ice Spice|Shadow Ball|p2a: Skeledirge\n|-supereffective|p2a: Skeledirge\n|-damage|p2a: Skeledirge|16\/100\n|move|p2a: Skeledirge|Torch Song|p1a: Ice Spice\n|-enditem|p1a: Ice Spice|Focus Sash\n|-damage|p1a: Ice Spice|1\/100\n|-boost|p2a: Skeledirge|spa|1\n|\n|-weather|SunnyDay|[upkeep]\n|upkeep\n|turn|4\n|\n|t:|1697576545\n|move|p1a: Ice Spice|Shadow Ball|p2a: Skeledirge\n|-supereffective|p2a: Skeledirge\n|-damage|p2a: Skeledirge|0 fnt\n|faint|p2a: Skeledirge\n|\n|-weather|SunnyDay|[upkeep]\n|upkeep\n|\n|t:|1697576550\n|switch|p2a: Great Tusk|Great Tusk|100\/100\n|-activate|p2a: Great Tusk|move: Sticky Web\n|-unboost|p2a: Great Tusk|spe|1\n|-activate|p2a: Great Tusk|ability: Protosynthesis\n|-start|p2a: Great Tusk|protosynthesisatk\n|turn|5\n|\n|t:|1697576567\n|-terastallize|p2a: Great Tusk|Steel\n|move|p1a: Ice Spice|Moonblast|p2a: Great Tusk\n|-resisted|p2a: Great Tusk\n|-crit|p2a: Great Tusk\n|-damage|p2a: Great Tusk|62\/100\n|move|p2a: Great Tusk|Ice Spinner|p1a: Ice Spice\n|-damage|p1a: Ice Spice|0 fnt\n|faint|p1a: Ice Spice\n|-end|p1a: Ice Spice|Protosynthesis|[silent]\n|\n|-weather|none\n|-end|p2a: Great Tusk|Protosynthesis\n|upkeep\n|\n|t:|1697576577\n|switch|p1a: Fioni|Ogerpon-Hearthflame, F|100\/100\n|-ability|p1a: Fioni|Mold Breaker\n|turn|6\n|\n|t:|1697576582\n|-end|p2a: Great Tusk|Protosynthesis|[silent]\n|switch|p2a: Toxapex|Toxapex, M|100\/100\n|-activate|p2a: Toxapex|move: Sticky Web\n|-unboost|p2a: Toxapex|spe|1\n|move|p1a: Fioni|Ivy Cudgel|p2a: Toxapex\n|-resisted|p2a: Toxapex\n|-damage|p2a: Toxapex|76\/100\n|\n|upkeep\n|turn|7\n|\n|t:|1697576591\n|switch|p1a: Sippin Green|Sinistcha-Masterpiece, shiny|100\/100\n|move|p2a: Toxapex|Infestation|p1a: Sippin Green\n|-damage|p1a: Sippin Green|97\/100\n|-activate|p1a: Sippin Green|move: Infestation|[of] p2a: Toxapex\n|\n|-heal|p1a: Sippin Green|100\/100|[from] item: Leftovers\n|-damage|p1a: Sippin Green|88\/100|[from] move: Infestation|[partiallytrapped]\n|upkeep\n|turn|8\n|\n|t:|1697576599\n|move|p1a: Sippin Green|Calm Mind|p1a: Sippin Green\n|-boost|p1a: Sippin Green|spa|1\n|-boost|p1a: Sippin Green|spd|1\n|move|p2a: Toxapex|Toxic|p1a: Sippin Green\n|-status|p1a: Sippin Green|tox\n|\n|-heal|p1a: Sippin Green|94\/100 tox|[from] item: Leftovers\n|-damage|p1a: Sippin Green|88\/100 tox|[from] psn\n|-damage|p1a: Sippin Green|76\/100 tox|[from] move: Infestation|[partiallytrapped]\n|upkeep\n|turn|9\n|\n|t:|1697576602\n|move|p1a: Sippin Green|Matcha Gotcha|p2a: Toxapex\n|-damage|p2a: Toxapex|26\/100\n|-heal|p1a: Sippin Green|93\/100 tox|[from] drain|[of] p2a: Toxapex\n|move|p2a: Toxapex|Haze|p2a: Toxapex\n|-clearallboost\n|\n|-heal|p1a: Sippin Green|99\/100 tox|[from] item: Leftovers\n|-damage|p1a: Sippin Green|87\/100 tox|[from] psn\n|-damage|p1a: Sippin Green|75\/100 tox|[from] move: Infestation|[partiallytrapped]\n|upkeep\n|turn|10\n|\n|t:|1697576612\n|switch|p2a: Great Tusk|Great Tusk, tera:Steel|62\/100\n|-activate|p2a: Great Tusk|move: Sticky Web\n|-unboost|p2a: Great Tusk|spe|1\n|move|p1a: Sippin Green|Matcha Gotcha|p2a: Great Tusk\n|-resisted|p2a: Great Tusk\n|-damage|p2a: Great Tusk|39\/100\n|-heal|p1a: Sippin Green|87\/100 tox|[from] drain|[of] p2a: Great Tusk\n|\n|-heal|p1a: Sippin Green|93\/100 tox|[from] item: Leftovers\n|-damage|p1a: Sippin Green|75\/100 tox|[from] psn\n|-end|p1a: Sippin Green|Infestation|[partiallytrapped]|[silent]\n|upkeep\n|turn|11\n|\n|t:|1697576619\n|move|p2a: Great Tusk|Ice Spinner|p1a: Sippin Green\n|-supereffective|p1a: Sippin Green\n|-damage|p1a: Sippin Green|17\/100 tox\n|move|p1a: Sippin Green|Strength Sap|p2a: Great Tusk\n|-unboost|p2a: Great Tusk|atk|1\n|-heal|p1a: Sippin Green|100\/100 tox\n|\n|-damage|p1a: Sippin Green|76\/100 tox|[from] psn\n|upkeep\n|turn|12\n|\n|t:|1697576627\n|move|p2a: Great Tusk|Ice Spinner|p1a: Sippin Green\n|-supereffective|p1a: Sippin Green\n|-damage|p1a: Sippin Green|36\/100 tox\n|move|p1a: Sippin Green|Calm Mind|p1a: Sippin Green\n|-boost|p1a: Sippin Green|spa|1\n|-boost|p1a: Sippin Green|spd|1\n|\n|-heal|p1a: Sippin Green|42\/100 tox|[from] item: Leftovers\n|-damage|p1a: Sippin Green|12\/100 tox|[from] psn\n|upkeep\n|turn|13\n|\n|t:|1697576642\n|move|p2a: Great Tusk|Rapid Spin|p1a: Sippin Green\n|-immune|p1a: Sippin Green\n|move|p1a: Sippin Green|Strength Sap|p2a: Great Tusk\n|-unboost|p2a: Great Tusk|atk|1\n|-heal|p1a: Sippin Green|88\/100 tox\n|\n|-heal|p1a: Sippin Green|94\/100 tox|[from] item: Leftovers\n|-damage|p1a: Sippin Green|58\/100 tox|[from] psn\n|upkeep\n|turn|14\n|\n|t:|1697576650\n|move|p2a: Great Tusk|Ice Spinner|p1a: Sippin Green\n|-supereffective|p1a: Sippin Green\n|-damage|p1a: Sippin Green|27\/100 tox\n|move|p1a: Sippin Green|Strength Sap|p2a: Great Tusk\n|-unboost|p2a: Great Tusk|atk|1\n|-heal|p1a: Sippin Green|85\/100 tox\n|\n|-heal|p1a: Sippin Green|91\/100 tox|[from] item: Leftovers\n|-damage|p1a: Sippin Green|48\/100 tox|[from] psn\n|upkeep\n|turn|15\n|\n|t:|1697576661\n|move|p2a: Great Tusk|Rapid Spin|p1a: Sippin Green\n|-immune|p1a: Sippin Green\n|move|p1a: Sippin Green|Matcha Gotcha|p2a: Great Tusk\n|-resisted|p2a: Great Tusk\n|-damage|p2a: Great Tusk|4\/100\n|-heal|p1a: Sippin Green|67\/100 tox|[from] drain|[of] p2a: Great Tusk\n|-status|p2a: Great Tusk|brn\n|\n|-heal|p1a: Sippin Green|73\/100 tox|[from] item: Leftovers\n|-damage|p1a: Sippin Green|24\/100 tox|[from] psn\n|-damage|p2a: Great Tusk|0 fnt|[from] brn\n|faint|p2a: Great Tusk\n|-end|p2a: Great Tusk|Protosynthesis|[silent]\n|upkeep\n|\n|t:|1697576670\n|switch|p2a: Toxapex|Toxapex, M|59\/100\n|-activate|p2a: Toxapex|move: Sticky Web\n|-unboost|p2a: Toxapex|spe|1\n|turn|16\n|\n|t:|1697576675\n|move|p1a: Sippin Green|Matcha Gotcha|p2a: Toxapex\n|-damage|p2a: Toxapex|11\/100\n|-heal|p1a: Sippin Green|41\/100 tox|[from] drain|[of] p2a: Toxapex\n|move|p2a: Toxapex|Recover|p2a: Toxapex\n|-heal|p2a: Toxapex|61\/100\n|\n|-heal|p1a: Sippin Green|47\/100 tox|[from] item: Leftovers\n|-damage|p1a: Sippin Green|0 fnt|[from] psn\n|faint|p1a: Sippin Green\n|upkeep\n|\n|t:|1697576683\n|switch|p1a: Yamz|Arceus-Ghost, shiny|100\/100\n|turn|17\n|\n|t:|1697576693\n|move|p1a: Yamz|Calm Mind|p1a: Yamz\n|-boost|p1a: Yamz|spa|1\n|-boost|p1a: Yamz|spd|1\n|move|p2a: Toxapex|Recover|p2a: Toxapex\n|-heal|p2a: Toxapex|100\/100\n|\n|upkeep\n|turn|18\n|\n|t:|1697576697\n|move|p1a: Yamz|Judgment|p2a: Toxapex\n|-damage|p2a: Toxapex|48\/100\n|move|p2a: Toxapex|Haze|p2a: Toxapex\n|-clearallboost\n|\n|upkeep\n|turn|19\n|\n|t:|1697576701\n|move|p1a: Yamz|Judgment|p2a: Toxapex\n|-damage|p2a: Toxapex|12\/100\n|move|p2a: Toxapex|Recover|p2a: Toxapex\n|-heal|p2a: Toxapex|62\/100\n|\n|upkeep\n|turn|20\n|\n|t:|1697576707\n|move|p1a: Yamz|Calm Mind|p1a: Yamz\n|-boost|p1a: Yamz|spa|1\n|-boost|p1a: Yamz|spd|1\n|move|p2a: Toxapex|Infestation|p1a: Yamz\n|-resisted|p1a: Yamz\n|-damage|p1a: Yamz|99\/100\n|-activate|p1a: Yamz|move: Infestation|[of] p2a: Toxapex\n|\n|-damage|p1a: Yamz|87\/100|[from] move: Infestation|[partiallytrapped]\n|upkeep\n|turn|21\n|\n|t:|1697576713\n|move|p1a: Yamz|Judgment|p2a: Toxapex\n|-damage|p2a: Toxapex|6\/100\n|move|p2a: Toxapex|Recover|p2a: Toxapex\n|-heal|p2a: Toxapex|56\/100\n|\n|-damage|p1a: Yamz|75\/100|[from] move: Infestation|[partiallytrapped]\n|upkeep\n|turn|22\n|\n|t:|1697576724\n|move|p1a: Yamz|Calm Mind|p1a: Yamz\n|-boost|p1a: Yamz|spa|1\n|-boost|p1a: Yamz|spd|1\n|move|p2a: Toxapex|Toxic|p1a: Yamz\n|-status|p1a: Yamz|tox\n|\n|-damage|p1a: Yamz|69\/100 tox|[from] psn\n|-damage|p1a: Yamz|57\/100 tox|[from] move: Infestation|[partiallytrapped]\n|upkeep\n|turn|23\n|\n|t:|1697576727\n|switch|p2a: Chien-Pao|Chien-Pao|100\/100\n|-activate|p2a: Chien-Pao|move: Sticky Web\n|-unboost|p2a: Chien-Pao|spe|1\n|-ability|p2a: Chien-Pao|Sword of Ruin\n|move|p1a: Yamz|Judgment|p2a: Chien-Pao\n|-resisted|p2a: Chien-Pao\n|-damage|p2a: Chien-Pao|34\/100\n|\n|-damage|p1a: Yamz|44\/100 tox|[from] psn\n|-end|p1a: Yamz|Infestation|[partiallytrapped]|[silent]\n|upkeep\n|turn|24\n|\n|t:|1697576749\n|move|p2a: Chien-Pao|Sucker Punch|p1a: Yamz\n|-supereffective|p1a: Yamz\n|-damage|p1a: Yamz|0 fnt\n|faint|p1a: Yamz\n|\n|upkeep\n|\n|t:|1697576762\n|switch|p1a: Madara|Ursaluna-Bloodmoon, M|100\/100\n|turn|25\n|\n|t:|1697576772\n|switch|p2a: Toxapex|Toxapex, M|89\/100\n|-activate|p2a: Toxapex|move: Sticky Web\n|-unboost|p2a: Toxapex|spe|1\n|move|p1a: Madara|Vacuum Wave|p2a: Toxapex\n|-resisted|p2a: Toxapex\n|-damage|p2a: Toxapex|84\/100\n|\n|upkeep\n|turn|26\n|\n|t:|1697576801\n|move|p1a: Madara|Calm Mind|p1a: Madara\n|-boost|p1a: Madara|spa|1\n|-boost|p1a: Madara|spd|1\n|move|p2a: Toxapex|Toxic|p1a: Madara\n|-status|p1a: Madara|tox\n|\n|-damage|p1a: Madara|94\/100 tox|[from] psn\n|upkeep\n|turn|27\n|\n|t:|1697576804\n|move|p1a: Madara|Blood Moon|p2a: Toxapex\n|-damage|p2a: Toxapex|0 fnt\n|faint|p2a: Toxapex\n|\n|-heal|p1a: Madara|100\/100 tox|[from] item: Leftovers\n|-damage|p1a: Madara|88\/100 tox|[from] psn\n|upkeep\n|\n|t:|1697576808\n|switch|p2a: Chien-Pao|Chien-Pao|34\/100\n|-activate|p2a: Chien-Pao|move: Sticky Web\n|-unboost|p2a: Chien-Pao|spe|1\n|-ability|p2a: Chien-Pao|Sword of Ruin\n|turn|28\n|\n|t:|1697576812\n|move|p1a: Madara|Vacuum Wave|p2a: Chien-Pao\n|-supereffective|p2a: Chien-Pao\n|-damage|p2a: Chien-Pao|0 fnt\n|faint|p2a: Chien-Pao\n|\n|-heal|p1a: Madara|94\/100 tox|[from] item: Leftovers\n|-damage|p1a: Madara|76\/100 tox|[from] psn\n|upkeep\n|\n|t:|1697576817\n|switch|p2a: Koraidon|Koraidon|100\/100\n|-activate|p2a: Koraidon|move: Sticky Web\n|-unboost|p2a: Koraidon|spe|1\n|-weather|SunnyDay|[from] ability: Orichalcum Pulse|[of] p2a: Koraidon\n|-activate|p2a: Koraidon|Orichalcum Pulse|[source]\n|turn|29\n|\n|t:|1697576826\n|-terastallize|p1a: Madara|Ghost\n|move|p2a: Koraidon|Collision Course|p1a: Madara\n|-immune|p1a: Madara\n|move|p1a: Madara|Blood Moon|p2a: Koraidon\n|-crit|p2a: Koraidon\n|-damage|p2a: Koraidon|0 fnt\n|faint|p2a: Koraidon\n|\n|-weather|SunnyDay|[upkeep]\n|-heal|p1a: Madara|82\/100 tox|[from] item: Leftovers\n|-damage|p1a: Madara|58\/100 tox|[from] psn\n|upkeep\n|\n|t:|1697576838\n|switch|p2a: Flutter Mane|Flutter Mane|100\/100\n|-activate|p2a: Flutter Mane|move: Sticky Web\n|-unboost|p2a: Flutter Mane|spe|1\n|-activate|p2a: Flutter Mane|ability: Protosynthesis\n|-start|p2a: Flutter Mane|protosynthesisspa\n|turn|30\n|\n|t:|1697576843\n|move|p2a: Flutter Mane|Shadow Ball|p1a: Madara\n|-supereffective|p1a: Madara\n|-damage|p1a: Madara|0 fnt\n|faint|p1a: Madara\n|-damage|p2a: Flutter Mane|91\/100|[from] item: Life Orb\n|\n|-weather|SunnyDay|[upkeep]\n|upkeep\n|\n|t:|1697576845\n|switch|p1a: Fioni|Ogerpon-Hearthflame, F|100\/100\n|-ability|p1a: Fioni|Mold Breaker\n|turn|31\n|\n|t:|1697576852\n|move|p1a: Fioni|Ivy Cudgel|p2a: Flutter Mane\n|-damage|p2a: Flutter Mane|0 fnt\n|faint|p2a: Flutter Mane\n|-end|p2a: Flutter Mane|Protosynthesis|[silent]\n|\n|win|SadaShidz\ufe0f\n|raw|SadaShidz\ufe0f's rating: 1387 &rarr; <strong>1410<\/strong><br \/>(+23 for winning)\n|raw|fmfnr's rating: 1439 &rarr; <strong>1416<\/strong><br \/>(-23 for losing)\n|c|\u2606SadaShidz\ufe0f|Gg\n|l|\u2606fmfnr\n","uploadtime":1697576863,"views":8,"p1id":"sadashidz","p2id":"fmfnr","formatid":"gen9ubers","rating":1410,"private":0,"password":""}