{"id":"gen9ubers-1979751315","p1":"MessiMeli","p2":"IshaNn","format":"[Gen 9] Ubers","log":"|j|\u2606MessiMeli\n|j|\u2606IshaNn\n|t:|1698709482\n|gametype|singles\n|player|p1|MessiMeli|rocketgrunt|\n|player|p2|IshaNn|koga|\n|teamsize|p1|6\n|teamsize|p2|6\n|gen|9\n|tier|[Gen 9] Ubers\n|rule|Sleep Clause Mod: Limit one foe put to sleep\n|rule|Species Clause: Limit one of each Pok\u00e9mon\n|rule|OHKO Clause: OHKO moves are banned\n|rule|Evasion Items Clause: Evasion items are banned\n|rule|Evasion Moves Clause: Evasion moves are banned\n|rule|Endless Battle Clause: Forcing endless battles is banned\n|rule|HP Percentage Mod: HP is shown in percentages\n|clearpoke\n|poke|p1|Garganacl, M|\n|poke|p1|Goodra-Hisui, F|\n|poke|p1|Cresselia, F|\n|poke|p1|Lucario, M|\n|poke|p1|Jolteon, M|\n|poke|p1|Okidogi, M|\n|poke|p2|Baxcalibur, M|\n|poke|p2|Great Tusk|\n|poke|p2|Ninetales-Alola, F|\n|poke|p2|Empoleon, M|\n|poke|p2|Amoonguss, M|\n|poke|p2|Overqwil, M|\n|teampreview\n|j| Scottowo\n|j| xegrizzy\n|j| Manatsu\n|c|\u2606MessiMeli|brb grabbing water\n|l| xegrizzy\n|j| DivogoJota\n|c|\u2606MessiMeli|back\n|\n|t:|1698709787\n|start\n|switch|p1a: Okidogi|Okidogi, M|100\/100\n|switch|p2a: Idainakiba|Great Tusk|100\/100\n|turn|1\n|\n|t:|1698709911\n|move|p1a: Okidogi|Close Combat|p2a: Idainakiba\n|-damage|p2a: Idainakiba|53\/100\n|-unboost|p1a: Okidogi|def|1\n|-unboost|p1a: Okidogi|spd|1\n|move|p2a: Idainakiba|Headlong Rush|p1a: Okidogi\n|-supereffective|p1a: Okidogi\n|-damage|p1a: Okidogi|0 fnt\n|-unboost|p2a: Idainakiba|def|1\n|-unboost|p2a: Idainakiba|spd|1\n|faint|p1a: Okidogi\n|\n|upkeep\n|\n|t:|1698709982\n|switch|p1a: Lucario|Lucario, M, shiny|100\/100\n|turn|2\n|l| Manatsu\n|j| Manatsu\n|\n|t:|1698710057\n|switch|p1a: Cresselia|Cresselia, F|100\/100\n|-end|p2a: Idainakiba|Protosynthesis|[silent]\n|switch|p2a: Haryman|Overqwil, M|100\/100\n|-ability|p2a: Haryman|Intimidate|boost\n|-unboost|p1a: Cresselia|atk|1\n|\n|upkeep\n|turn|3\n|\n|t:|1698710119\n|switch|p1a: Garganacl|Garganacl, M|100\/100\n|move|p2a: Haryman|Spikes|p1a: Garganacl\n|-sidestart|p1: MessiMeli|Spikes\n|\n|upkeep\n|turn|4\n|l| DivogoJota\n|\n|t:|1698710136\n|move|p2a: Haryman|Spikes|p1a: Garganacl\n|-sidestart|p1: MessiMeli|Spikes\n|move|p1a: Garganacl|Salt Cure|p2a: Haryman\n|-damage|p2a: Haryman|90\/100\n|-start|p2a: Haryman|Salt Cure\n|\n|-heal|p2a: Haryman|96\/100|[from] item: Black Sludge\n|-damage|p2a: Haryman|84\/100|[from] Salt Cure\n|upkeep\n|turn|5\n|\n|t:|1698710145\n|move|p2a: Haryman|Spikes|p1a: Garganacl\n|-sidestart|p1: MessiMeli|Spikes\n|move|p1a: Garganacl|Iron Defense|p1a: Garganacl\n|-boost|p1a: Garganacl|def|2\n|\n|-heal|p2a: Haryman|90\/100|[from] item: Black Sludge\n|-damage|p2a: Haryman|78\/100|[from] Salt Cure\n|upkeep\n|turn|6\n|\n|t:|1698710187\n|switch|p2a: Morabareru|Amoonguss, M|100\/100\n|move|p1a: Garganacl|Body Press|p2a: Morabareru\n|-resisted|p2a: Morabareru\n|-damage|p2a: Morabareru|79\/100\n|\n|-heal|p2a: Morabareru|85\/100|[from] item: Black Sludge\n|upkeep\n|turn|7\n|\n|t:|1698710198\n|move|p1a: Garganacl|Salt Cure|p2a: Morabareru\n|-damage|p2a: Morabareru|76\/100\n|-start|p2a: Morabareru|Salt Cure\n|move|p2a: Morabareru|Spore|p1a: Garganacl\n|-immune|p1a: Garganacl|[from] ability: Purifying Salt\n|\n|-heal|p2a: Morabareru|82\/100|[from] item: Black Sludge\n|-damage|p2a: Morabareru|70\/100|[from] Salt Cure\n|upkeep\n|turn|8\n|c| Manatsu|lmao\n|\n|t:|1698710231\n|move|p1a: Garganacl|Body Press|p2a: Morabareru\n|-resisted|p2a: Morabareru\n|-damage|p2a: Morabareru|50\/100\n|move|p2a: Morabareru|Giga Drain|p1a: Garganacl\n|-supereffective|p1a: Garganacl\n|-damage|p1a: Garganacl|59\/100\n|-heal|p2a: Morabareru|69\/100|[from] drain|[of] p1a: Garganacl\n|\n|-heal|p2a: Morabareru|76\/100|[from] item: Black Sludge\n|-damage|p2a: Morabareru|63\/100|[from] Salt Cure\n|upkeep\n|turn|9\n|\n|t:|1698710241\n|switch|p1a: Goodra|Goodra-Hisui, F|100\/100\n|-damage|p1a: Goodra|75\/100|[from] Spikes\n|move|p2a: Morabareru|Giga Drain|p1a: Goodra\n|-ability|p1a: Goodra|Sap Sipper|boost\n|-boost|p1a: Goodra|atk|1\n|\n|-heal|p2a: Morabareru|69\/100|[from] item: Black Sludge\n|-damage|p2a: Morabareru|57\/100|[from] Salt Cure\n|upkeep\n|turn|10\n|j| DivogoJota\n|l| DivogoJota\n|\n|t:|1698710333\n|move|p1a: Goodra|Flash Cannon|p2a: Morabareru\n|-crit|p2a: Morabareru\n|-damage|p2a: Morabareru|16\/100\n|move|p2a: Morabareru|Spore|p1a: Goodra\n|-ability|p1a: Goodra|Sap Sipper|boost\n|-boost|p1a: Goodra|atk|1\n|\n|-heal|p2a: Morabareru|22\/100|[from] item: Black Sludge\n|-damage|p2a: Morabareru|10\/100|[from] Salt Cure\n|upkeep\n|turn|11\n|c| Manatsu|BRUH\n|c|\u2606IshaNn|wait\n|c|\u2606IshaNn|im so stupid\n|c| Scottowo|lololololol\n|j| xegrizzy\n|\n|t:|1698710360\n|move|p1a: Goodra|Flash Cannon|p2a: Morabareru\n|-damage|p2a: Morabareru|0 fnt\n|faint|p2a: Morabareru\n|\n|upkeep\n|\n|t:|1698710381\n|switch|p2a: Idainakiba|Great Tusk|53\/100\n|turn|12\n|\n|t:|1698710394\n|switch|p1a: Cresselia|Cresselia, F|100\/100\n|move|p2a: Idainakiba|Headlong Rush|p1a: Cresselia\n|-immune|p1a: Cresselia|[from] ability: Levitate\n|\n|upkeep\n|turn|13\n|\n|t:|1698710449\n|-end|p2a: Idainakiba|Protosynthesis|[silent]\n|switch|p2a: Emperte|Empoleon, M|100\/100\n|switch|p1a: Lucario|Lucario, M, shiny|100\/100\n|-damage|p1a: Lucario|76\/100|[from] Spikes\n|\n|upkeep\n|turn|14\n|j| DivogoJota\n|l| DivogoJota\n|l| xegrizzy\n|\n|t:|1698710591\n|switch|p2a: Haryman|Overqwil, M|78\/100\n|-ability|p2a: Haryman|Intimidate|boost\n|-fail|p1a: Lucario|unboost|Attack|[from] ability: Inner Focus|[of] p1a: Lucario\n|move|p1a: Lucario|Earthquake|p2a: Haryman\n|-supereffective|p2a: Haryman\n|-damage|p2a: Haryman|34\/100\n|\n|-heal|p2a: Haryman|40\/100|[from] item: Black Sludge\n|upkeep\n|turn|15\n|\n|t:|1698710618\n|move|p1a: Lucario|Earthquake|p2a: Haryman\n|-supereffective|p2a: Haryman\n|-damage|p2a: Haryman|0 fnt\n|faint|p2a: Haryman\n|\n|upkeep\n|j| xegrizzy\n|\n|t:|1698710789\n|switch|p2a: Kyukon|Ninetales-Alola, F|100\/100\n|-weather|Snow|[from] ability: Snow Warning|[of] p2a: Kyukon\n|turn|16\n|j| DivogoJota\n|\n|t:|1698710856\n|switch|p1a: Garganacl|Garganacl, M|59\/100\n|-damage|p1a: Garganacl|34\/100|[from] Spikes\n|move|p2a: Kyukon|Aurora Veil|p2a: Kyukon\n|-sidestart|p2: IshaNn|move: Aurora Veil\n|\n|-weather|Snow|[upkeep]\n|upkeep\n|turn|17\n|\n|t:|1698710905\n|switch|p2a: Emperte|Empoleon, M|100\/100\n|switch|p1a: Lucario|Lucario, M, shiny|76\/100\n|-damage|p1a: Lucario|51\/100|[from] Spikes\n|\n|-weather|Snow|[upkeep]\n|upkeep\n|turn|18\n|\n|t:|1698710954\n|move|p1a: Lucario|Brick Break|p2a: Emperte\n|-sideend|p2: IshaNn|move: Aurora Veil\n|-supereffective|p2a: Emperte\n|-damage|p2a: Emperte|34\/100\n|move|p2a: Emperte|Surf|p1a: Lucario\n|-damage|p1a: Lucario|0 fnt\n|faint|p1a: Lucario\n|\n|-weather|Snow|[upkeep]\n|-heal|p2a: Emperte|40\/100|[from] item: Leftovers\n|upkeep\n|\n|t:|1698711023\n|switch|p1a: Jolteon|Jolteon, M, shiny|100\/100\n|turn|19\n|l| xegrizzy\n|\n|t:|1698711161\n|move|p1a: Jolteon|Calm Mind|p1a: Jolteon\n|-boost|p1a: Jolteon|spa|1\n|-boost|p1a: Jolteon|spd|1\n|move|p2a: Emperte|Stealth Rock|p1a: Jolteon\n|-sidestart|p1: MessiMeli|move: Stealth Rock\n|\n|-weather|Snow|[upkeep]\n|-heal|p2a: Emperte|46\/100|[from] item: Leftovers\n|upkeep\n|turn|20\n|j| xegrizzy\n|l| xegrizzy\n|c|\u2606MessiMeli|did u fall in?\n|c|\u2606IshaNn|im thinking\n|c|\u2606MessiMeli|i figured\n|c|\u2606MessiMeli|is important turn\n|\n|t:|1698711600\n|switch|p2a: Kyukon|Ninetales-Alola, F|100\/100\n|move|p1a: Jolteon|Thunderbolt|p2a: Kyukon\n|-damage|p2a: Kyukon|39\/100\n|\n|-weather|none\n|upkeep\n|turn|21\n|c|\u2606IshaNn|gg\n|c|\u2606MessiMeli|snow is going dow ntoo\n|\n|t:|1698711631\n|move|p1a: Jolteon|Thunderbolt|p2a: Kyukon\n|-damage|p2a: Kyukon|0 fnt\n|faint|p2a: Kyukon\n|\n|upkeep\n|\n|t:|1698711639\n|switch|p2a: Idainakiba|Great Tusk|53\/100\n|turn|22\n|\n|t:|1698711645\n|-terastallize|p1a: Jolteon|Ice\n|move|p1a: Jolteon|Tera Blast|p2a: Idainakiba|[anim] Tera Blast Ice\n|-supereffective|p2a: Idainakiba\n|-damage|p2a: Idainakiba|0 fnt\n|faint|p2a: Idainakiba\n|-end|p2a: Idainakiba|Protosynthesis|[silent]\n|\n|upkeep\n|\n|t:|1698711698\n|switch|p2a: Seglaive|Baxcalibur, M|100\/100\n|turn|23\n|\n|t:|1698711707\n|move|p1a: Jolteon|Tera Blast|p2a: Seglaive|[anim] Tera Blast Ice\n|-damage|p2a: Seglaive|46\/100\n|move|p2a: Seglaive|Scale Shot|p1a: Jolteon\n|-damage|p1a: Jolteon|75\/100\n|-damage|p1a: Jolteon|46\/100\n|-damage|p1a: Jolteon|20\/100\n|-damage|p1a: Jolteon|0 fnt\n|faint|p1a: Jolteon\n|-hitcount|p1: Jolteon|4\n|-unboost|p2a: Seglaive|def|1\n|-boost|p2a: Seglaive|spe|1\n|\n|upkeep\n|\n|t:|1698711719\n|switch|p1a: Cresselia|Cresselia, F|100\/100\n|-damage|p1a: Cresselia|88\/100|[from] Stealth Rock\n|turn|24\n|j| 319phoenix\n|\n|t:|1698711801\n|switch|p2a: Emperte|Empoleon, M|46\/100\n|move|p1a: Cresselia|Moonblast|p2a: Emperte\n|-resisted|p2a: Emperte\n|-damage|p2a: Emperte|41\/100\n|\n|-heal|p2a: Emperte|47\/100|[from] item: Leftovers\n|upkeep\n|turn|25\n|\n|t:|1698711823\n|move|p1a: Cresselia|Calm Mind|p1a: Cresselia\n|-boost|p1a: Cresselia|spa|1\n|-boost|p1a: Cresselia|spd|1\n|move|p2a: Emperte|Roost|p2a: Emperte\n|-heal|p2a: Emperte|97\/100\n|-singleturn|p2a: Emperte|move: Roost\n|\n|-heal|p2a: Emperte|100\/100|[from] item: Leftovers\n|upkeep\n|turn|26\n|\n|t:|1698711873\n|move|p1a: Cresselia|Calm Mind|p1a: Cresselia\n|-boost|p1a: Cresselia|spa|1\n|-boost|p1a: Cresselia|spd|1\n|move|p2a: Emperte|Surf|p1a: Cresselia\n|-damage|p1a: Cresselia|76\/100\n|\n|upkeep\n|turn|27\n|\n|t:|1698711885\n|move|p1a: Cresselia|Calm Mind|p1a: Cresselia\n|-boost|p1a: Cresselia|spa|1\n|-boost|p1a: Cresselia|spd|1\n|move|p2a: Emperte|Surf|p1a: Cresselia\n|-damage|p1a: Cresselia|68\/100\n|\n|upkeep\n|turn|28\n|\n|t:|1698711889\n|move|p1a: Cresselia|Calm Mind|p1a: Cresselia\n|-boost|p1a: Cresselia|spa|1\n|-boost|p1a: Cresselia|spd|1\n|move|p2a: Emperte|Surf|p1a: Cresselia\n|-damage|p1a: Cresselia|60\/100\n|\n|upkeep\n|turn|29\n|\n|t:|1698711922\n|move|p1a: Cresselia|Stored Power|p2a: Emperte\n|-resisted|p2a: Emperte\n|-damage|p2a: Emperte|49\/100\n|move|p2a: Emperte|Surf|p1a: Cresselia\n|-damage|p1a: Cresselia|53\/100\n|\n|-heal|p2a: Emperte|55\/100|[from] item: Leftovers\n|upkeep\n|turn|30\n|\n|t:|1698711931\n|move|p1a: Cresselia|Stored Power|p2a: Emperte\n|-resisted|p2a: Emperte\n|-damage|p2a: Emperte|6\/100\n|move|p2a: Emperte|Surf|p1a: Cresselia\n|-damage|p1a: Cresselia|44\/100\n|\n|-heal|p2a: Emperte|12\/100|[from] item: Leftovers\n|upkeep\n|turn|31\n|\n|t:|1698711934\n|move|p1a: Cresselia|Stored Power|p2a: Emperte\n|-resisted|p2a: Emperte\n|-damage|p2a: Emperte|0 fnt\n|faint|p2a: Emperte\n|\n|upkeep\n|\n|t:|1698711957\n|switch|p2a: Seglaive|Baxcalibur, M|46\/100\n|turn|32\n|\n|t:|1698711980\n|move|p2a: Seglaive|Icicle Spear|p1a: Cresselia\n|-damage|p1a: Cresselia|36\/100\n|-damage|p1a: Cresselia|28\/100\n|-damage|p1a: Cresselia|21\/100\n|-damage|p1a: Cresselia|13\/100\n|-hitcount|p1a: Cresselia|4\n|move|p1a: Cresselia|Moonblast|p2a: Seglaive\n|-supereffective|p2a: Seglaive\n|-damage|p2a: Seglaive|0 fnt\n|faint|p2a: Seglaive\n|\n|win|MessiMeli\n|c|\u2606MessiMeli|gg\n|c|\u2606IshaNn|gg\n|l| Manatsu\n|l| 319phoenix\n|c| DivogoJota|gg\n|l| Scottowo\n","uploadtime":1698711992,"views":25,"p1id":"messimeli","p2id":"ishann","formatid":"gen9ubers","rating":0,"private":0,"password":""}