{"id":"gen9ubers-1999921670","p1":"SoulTheGhoul","p2":"GuzzLord197","format":"[Gen 9] Ubers","log":"|j|\u2606SoulTheGhoul\n|j|\u2606GuzzLord197\n|t:|1701130349\n|gametype|singles\n|player|p1|SoulTheGhoul|burglar|\n|player|p2|GuzzLord197|shadowtriad|\n|teamsize|p1|6\n|teamsize|p2|6\n|gen|9\n|tier|[Gen 9] Ubers\n|rule|Sleep Clause Mod: Limit one foe put to sleep\n|rule|Species Clause: Limit one of each Pok\u00e9mon\n|rule|OHKO Clause: OHKO moves are banned\n|rule|Evasion Items Clause: Evasion items are banned\n|rule|Evasion Moves Clause: Evasion moves are banned\n|rule|Endless Battle Clause: Forcing endless battles is banned\n|rule|HP Percentage Mod: HP is shown in percentages\n|clearpoke\n|poke|p1|Baxcalibur, F|\n|poke|p1|Iron Valiant|\n|poke|p1|Thundurus, M|\n|poke|p1|Tinkaton, F|\n|poke|p1|Meowscarada, M|\n|poke|p1|Hydreigon, F|\n|poke|p2|Dragapult, F|\n|poke|p2|Ogerpon-Hearthflame, F|\n|poke|p2|Enamorus, F|\n|poke|p2|Kilowattrel, M|\n|poke|p2|Garganacl, M|\n|poke|p2|Krookodile, M|\n|teampreview\n|\n|t:|1701130359\n|start\n|switch|p1a: Hydreigon|Hydreigon, F, shiny|100\/100\n|switch|p2a: Why?|Ogerpon-Hearthflame, F|100\/100\n|-ability|p2a: Why?|Mold Breaker\n|turn|1\n|\n|t:|1701130369\n|switch|p2a: Rip Off Zapdos|Kilowattrel, M, shiny|100\/100\n|move|p1a: Hydreigon|Earth Power|p2a: Rip Off Zapdos\n|-immune|p2a: Rip Off Zapdos\n|\n|upkeep\n|turn|2\n|\n|t:|1701130387\n|switch|p1a: Thundurus|Thundurus, M, shiny|100\/100\n|move|p2a: Rip Off Zapdos|Thunder Wave|p1a: Thundurus\n|-immune|p1a: Thundurus\n|\n|upkeep\n|turn|3\n|\n|t:|1701130397\n|move|p2a: Rip Off Zapdos|Thunderbolt|p1a: Thundurus\n|-damage|p1a: Thundurus|34\/100\n|move|p1a: Thundurus|Psychic|p2a: Rip Off Zapdos\n|-damage|p2a: Rip Off Zapdos|44\/100\n|\n|-heal|p1a: Thundurus|40\/100|[from] item: Leftovers\n|upkeep\n|turn|4\n|\n|t:|1701130407\n|-terastallize|p1a: Thundurus|Ground\n|move|p2a: Rip Off Zapdos|Thunderbolt|p1a: Thundurus\n|-immune|p1a: Thundurus\n|move|p1a: Thundurus|Psychic|p2a: Rip Off Zapdos\n|-damage|p2a: Rip Off Zapdos|0 fnt\n|faint|p2a: Rip Off Zapdos\n|\n|-heal|p1a: Thundurus|46\/100|[from] item: Leftovers\n|upkeep\n|j| GoldDragon130\n|\n|t:|1701130426\n|switch|p2a: Why?|Ogerpon-Hearthflame, F|100\/100\n|-ability|p2a: Why?|Mold Breaker\n|turn|5\n|\n|t:|1701130434\n|move|p1a: Thundurus|Thunder Wave|p2a: Why?\n|-status|p2a: Why?|par\n|cant|p2a: Why?|par\n|\n|-heal|p1a: Thundurus|52\/100|[from] item: Leftovers\n|upkeep\n|turn|6\n|\n|t:|1701130444\n|move|p1a: Thundurus|Psychic|p2a: Why?\n|-damage|p2a: Why?|63\/100 par\n|move|p2a: Why?|Trailblaze|p1a: Thundurus\n|-supereffective|p1a: Thundurus\n|-damage|p1a: Thundurus|0 fnt\n|-boost|p2a: Why?|spe|1\n|faint|p1a: Thundurus\n|\n|upkeep\n|\n|t:|1701130479\n|switch|p1a: Iron Valiant|Iron Valiant, shiny|100\/100\n|-enditem|p1a: Iron Valiant|Booster Energy\n|-activate|p1a: Iron Valiant|ability: Quark Drive|[fromitem]\n|-start|p1a: Iron Valiant|quarkdrivespe\n|turn|7\n|\n|t:|1701130487\n|move|p1a: Iron Valiant|Spirit Break|p2a: Why?\n|-resisted|p2a: Why?\n|-damage|p2a: Why?|35\/100 par\n|-unboost|p2a: Why?|spa|1\n|cant|p2a: Why?|par\n|\n|upkeep\n|turn|8\n|\n|t:|1701130494\n|move|p1a: Iron Valiant|Drain Punch|p2a: Why?\n|-damage|p2a: Why?|0 fnt\n|faint|p2a: Why?\n|\n|upkeep\n|\n|t:|1701130506\n|switch|p2a: Big Mort|Garganacl, M, shiny|100\/100\n|turn|9\n|\n|t:|1701130511\n|move|p1a: Iron Valiant|Drain Punch|p2a: Big Mort\n|-supereffective|p2a: Big Mort\n|-damage|p2a: Big Mort|58\/100\n|-damage|p1a: Iron Valiant|84\/100|[from] item: Rocky Helmet|[of] p2a: Big Mort\n|move|p2a: Big Mort|Curse|p2a: Big Mort\n|-unboost|p2a: Big Mort|spe|1\n|-boost|p2a: Big Mort|atk|1\n|-boost|p2a: Big Mort|def|1\n|\n|upkeep\n|turn|10\n|\n|t:|1701130515\n|move|p1a: Iron Valiant|Spirit Break|p2a: Big Mort\n|-crit|p2a: Big Mort\n|-damage|p2a: Big Mort|29\/100\n|-unboost|p2a: Big Mort|spa|1\n|-damage|p1a: Iron Valiant|67\/100|[from] item: Rocky Helmet|[of] p2a: Big Mort\n|move|p2a: Big Mort|Recover|p2a: Big Mort\n|-heal|p2a: Big Mort|79\/100\n|\n|upkeep\n|turn|11\n|\n|t:|1701130525\n|move|p1a: Iron Valiant|Drain Punch|p2a: Big Mort\n|-supereffective|p2a: Big Mort\n|-damage|p2a: Big Mort|54\/100\n|-heal|p1a: Iron Valiant|85\/100|[from] drain|[of] p2a: Big Mort\n|-damage|p1a: Iron Valiant|68\/100|[from] item: Rocky Helmet|[of] p2a: Big Mort\n|move|p2a: Big Mort|Curse|p2a: Big Mort\n|-unboost|p2a: Big Mort|spe|1\n|-boost|p2a: Big Mort|atk|1\n|-boost|p2a: Big Mort|def|1\n|\n|upkeep\n|turn|12\n|\n|t:|1701130537\n|move|p1a: Iron Valiant|Knock Off|p2a: Big Mort\n|-damage|p2a: Big Mort|46\/100\n|-damage|p1a: Iron Valiant|52\/100|[from] item: Rocky Helmet|[of] p2a: Big Mort\n|-enditem|p2a: Big Mort|Rocky Helmet|[from] move: Knock Off|[of] p1a: Iron Valiant\n|move|p2a: Big Mort|Recover|p2a: Big Mort\n|-heal|p2a: Big Mort|96\/100\n|\n|upkeep\n|turn|13\n|\n|t:|1701130543\n|move|p1a: Iron Valiant|Spirit Break|p2a: Big Mort\n|-damage|p2a: Big Mort|85\/100\n|-unboost|p2a: Big Mort|spa|1\n|move|p2a: Big Mort|Salt Cure|p1a: Iron Valiant\n|-resisted|p1a: Iron Valiant\n|-damage|p1a: Iron Valiant|33\/100\n|-start|p1a: Iron Valiant|Salt Cure\n|\n|-damage|p1a: Iron Valiant|21\/100|[from] Salt Cure\n|upkeep\n|turn|14\n|\n|t:|1701130552\n|move|p1a: Iron Valiant|Drain Punch|p2a: Big Mort\n|-supereffective|p2a: Big Mort\n|-damage|p2a: Big Mort|63\/100\n|-heal|p1a: Iron Valiant|36\/100|[from] drain|[of] p2a: Big Mort\n|move|p2a: Big Mort|Curse|p2a: Big Mort\n|-unboost|p2a: Big Mort|spe|1\n|-boost|p2a: Big Mort|atk|1\n|-boost|p2a: Big Mort|def|1\n|\n|-damage|p1a: Iron Valiant|24\/100|[from] Salt Cure\n|upkeep\n|turn|15\n|\n|t:|1701130563\n|-end|p1a: Iron Valiant|Quark Drive|[silent]\n|switch|p1a: Hydreigon|Hydreigon, F, shiny|100\/100\n|move|p2a: Big Mort|Recover|p2a: Big Mort\n|-heal|p2a: Big Mort|100\/100\n|\n|upkeep\n|turn|16\n|\n|t:|1701130571\n|move|p1a: Hydreigon|Earth Power|p2a: Big Mort\n|-supereffective|p2a: Big Mort\n|-damage|p2a: Big Mort|12\/100\n|move|p2a: Big Mort|Salt Cure|p1a: Hydreigon\n|-damage|p1a: Hydreigon|58\/100\n|-start|p1a: Hydreigon|Salt Cure\n|\n|-damage|p1a: Hydreigon|46\/100|[from] Salt Cure\n|upkeep\n|turn|17\n|\n|t:|1701130582\n|move|p2a: Big Mort|Protect|p2a: Big Mort\n|-singleturn|p2a: Big Mort|Protect\n|move|p1a: Hydreigon|Earth Power|p2a: Big Mort\n|-activate|p2a: Big Mort|move: Protect\n|\n|-damage|p1a: Hydreigon|33\/100|[from] Salt Cure\n|upkeep\n|turn|18\n|\n|t:|1701130589\n|move|p2a: Big Mort|Protect||[still]\n|-fail|p2a: Big Mort\n|move|p1a: Hydreigon|Earth Power|p2a: Big Mort\n|-supereffective|p2a: Big Mort\n|-damage|p2a: Big Mort|0 fnt\n|faint|p2a: Big Mort\n|\n|-damage|p1a: Hydreigon|21\/100|[from] Salt Cure\n|upkeep\n|\n|t:|1701130592\n|switch|p2a: Dino Nuggies|Krookodile, M|100\/100\n|turn|19\n|\n|t:|1701130595\n|-terastallize|p2a: Dino Nuggies|Fairy\n|move|p2a: Dino Nuggies|Tera Blast|p1a: Hydreigon|[anim] Tera Blast Fairy\n|-supereffective|p1a: Hydreigon\n|-damage|p1a: Hydreigon|0 fnt\n|faint|p1a: Hydreigon\n|-ability|p2a: Dino Nuggies|Moxie|boost\n|-boost|p2a: Dino Nuggies|atk|1\n|\n|upkeep\n|\n|t:|1701130616\n|switch|p1a: Meowscarada|Meowscarada, M, shiny|100\/100\n|turn|20\n|\n|t:|1701130620\n|move|p2a: Dino Nuggies|Tera Blast|p1a: Meowscarada|[anim] Tera Blast Fairy\n|-supereffective|p1a: Meowscarada\n|-damage|p1a: Meowscarada|0 fnt\n|faint|p1a: Meowscarada\n|-ability|p2a: Dino Nuggies|Moxie|boost\n|-boost|p2a: Dino Nuggies|atk|1\n|\n|upkeep\n|\n|t:|1701130629\n|switch|p1a: Tinkaton|Tinkaton, F, shiny|100\/100\n|-ability|p1a: Tinkaton|Mold Breaker\n|turn|21\n|\n|t:|1701130641\n|switch|p2a: Mother of 2|Dragapult, F, shiny|100\/100\n|move|p1a: Tinkaton|Gigaton Hammer|p2a: Mother of 2\n|-damage|p2a: Mother of 2|16\/100\n|\n|upkeep\n|turn|22\n|\n|t:|1701130650\n|move|p2a: Mother of 2|Flamethrower|p1a: Tinkaton\n|-supereffective|p1a: Tinkaton\n|-damage|p1a: Tinkaton|19\/100\n|-status|p1a: Tinkaton|brn\n|-damage|p2a: Mother of 2|6\/100|[from] item: Life Orb\n|move|p1a: Tinkaton|Play Rough|p2a: Mother of 2\n|-supereffective|p2a: Mother of 2\n|-damage|p2a: Mother of 2|0 fnt\n|faint|p2a: Mother of 2\n|\n|-heal|p1a: Tinkaton|25\/100 brn|[from] item: Leftovers\n|-damage|p1a: Tinkaton|19\/100 brn|[from] brn\n|upkeep\n|\n|t:|1701130656\n|switch|p2a: Dino Nuggies|Krookodile, M, tera:Fairy|100\/100\n|turn|23\n|\n|t:|1701130667\n|move|p2a: Dino Nuggies|Tera Blast|p1a: Tinkaton|[anim] Tera Blast Fairy\n|-resisted|p1a: Tinkaton\n|-damage|p1a: Tinkaton|0 fnt\n|faint|p1a: Tinkaton\n|-ability|p2a: Dino Nuggies|Moxie|boost\n|-boost|p2a: Dino Nuggies|atk|1\n|\n|upkeep\n|\n|t:|1701130674\n|switch|p1a: Iron Valiant|Iron Valiant, shiny|24\/100\n|turn|24\n|\n|t:|1701130682\n|move|p2a: Dino Nuggies|Tera Blast|p1a: Iron Valiant|[anim] Tera Blast Fairy\n|-supereffective|p1a: Iron Valiant\n|-damage|p1a: Iron Valiant|0 fnt\n|faint|p1a: Iron Valiant\n|-end|p1a: Iron Valiant|Quark Drive|[silent]\n|-ability|p2a: Dino Nuggies|Moxie|boost\n|-boost|p2a: Dino Nuggies|atk|1\n|\n|upkeep\n|\n|t:|1701130684\n|switch|p1a: Baxcalibur|Baxcalibur, F, shiny|100\/100\n|turn|25\n|\n|t:|1701130688\n|move|p2a: Dino Nuggies|Tera Blast|p1a: Baxcalibur|[anim] Tera Blast Fairy\n|-supereffective|p1a: Baxcalibur\n|-damage|p1a: Baxcalibur|0 fnt\n|faint|p1a: Baxcalibur\n|\n|win|GuzzLord197\n","uploadtime":1701130699,"views":3,"p1id":"soultheghoul","p2id":"guzzlord197","formatid":"gen9ubers","rating":0,"private":0,"password":""}