{"id":"gen9ubers-1968500379","p1":"Overripe","p2":"TomCosmic","format":"[Gen 9] Ubers","log":"|j|\u2606Overripe\n|j|\u2606TomCosmic\n|t:|1697425410\n|gametype|singles\n|player|p1|Overripe|iris-gen5bw2|1181\n|player|p2|TomCosmic|guzma|1075\n|teamsize|p1|6\n|teamsize|p2|6\n|gen|9\n|tier|[Gen 9] Ubers\n|rated|\n|rule|Sleep Clause Mod: Limit one foe put to sleep\n|rule|Species Clause: Limit one of each Pok\u00e9mon\n|rule|OHKO Clause: OHKO moves are banned\n|rule|Evasion Items Clause: Evasion items are banned\n|rule|Evasion Moves Clause: Evasion moves are banned\n|rule|Endless Battle Clause: Forcing endless battles is banned\n|rule|HP Percentage Mod: HP is shown in percentages\n|clearpoke\n|poke|p1|Groudon|\n|poke|p1|Ting-Lu|\n|poke|p1|Corviknight, M|\n|poke|p1|Blissey, F|\n|poke|p1|Grafaiai, M|\n|poke|p1|Kyogre|\n|poke|p2|Regieleki|\n|poke|p2|Iron Bundle|\n|poke|p2|Darkrai|\n|poke|p2|Masquerain, F|\n|poke|p2|Dondozo, M|\n|poke|p2|Shaymin-Sky|\n|teampreview\n|inactive|Battle timer is ON: inactive players will automatically lose when time's up. (requested by Overripe)\n|\n|t:|1697425416\n|start\n|switch|p1a: Graffiti Blueprint|Grafaiai, M, shiny|100\/100\n|switch|p2a: Tame Impala|Masquerain, F|100\/100\n|-ability|p2a: Tame Impala|Intimidate|boost\n|-unboost|p1a: Graffiti Blueprint|atk|1\n|-item|p1a: Graffiti Blueprint|Air Balloon\n|turn|1\n|\n|t:|1697425424\n|move|p1a: Graffiti Blueprint|Parting Shot|p2a: Tame Impala\n|-unboost|p2a: Tame Impala|atk|1\n|-unboost|p2a: Tame Impala|spa|1\n|\n|t:|1697425438\n|switch|p1a: \u30e1\u30bf\u30ca\u30a4\u30c8|Corviknight, M, shiny|100\/100|[from] Parting Shot\n|-ability|p1a: \u30e1\u30bf\u30ca\u30a4\u30c8|Pressure\n|move|p2a: Tame Impala|Stun Spore|p1a: \u30e1\u30bf\u30ca\u30a4\u30c8|[miss]\n|-miss|p2a: Tame Impala|p1a: \u30e1\u30bf\u30ca\u30a4\u30c8\n|\n|upkeep\n|turn|2\n|\n|t:|1697425448\n|move|p2a: Tame Impala|Stun Spore|p1a: \u30e1\u30bf\u30ca\u30a4\u30c8|[miss]\n|-miss|p2a: Tame Impala|p1a: \u30e1\u30bf\u30ca\u30a4\u30c8\n|move|p1a: \u30e1\u30bf\u30ca\u30a4\u30c8|Iron Defense|p1a: \u30e1\u30bf\u30ca\u30a4\u30c8\n|-boost|p1a: \u30e1\u30bf\u30ca\u30a4\u30c8|def|2\n|\n|upkeep\n|turn|3\n|\n|t:|1697425455\n|move|p2a: Tame Impala|Stun Spore|p1a: \u30e1\u30bf\u30ca\u30a4\u30c8|[miss]\n|-miss|p2a: Tame Impala|p1a: \u30e1\u30bf\u30ca\u30a4\u30c8\n|move|p1a: \u30e1\u30bf\u30ca\u30a4\u30c8|Body Press|p2a: Tame Impala\n|-resisted|p2a: Tame Impala\n|-damage|p2a: Tame Impala|82\/100\n|\n|upkeep\n|turn|4\n|\n|t:|1697425461\n|move|p2a: Tame Impala|Sticky Web|p1a: \u30e1\u30bf\u30ca\u30a4\u30c8\n|-sidestart|p1: Overripe|move: Sticky Web\n|move|p1a: \u30e1\u30bf\u30ca\u30a4\u30c8|Iron Defense|p1a: \u30e1\u30bf\u30ca\u30a4\u30c8\n|-boost|p1a: \u30e1\u30bf\u30ca\u30a4\u30c8|def|2\n|\n|upkeep\n|turn|5\n|\n|t:|1697425464\n|move|p2a: Tame Impala|Stun Spore|p1a: \u30e1\u30bf\u30ca\u30a4\u30c8\n|-status|p1a: \u30e1\u30bf\u30ca\u30a4\u30c8|par\n|move|p1a: \u30e1\u30bf\u30ca\u30a4\u30c8|Defog|p2a: Tame Impala\n|-unboost|p2a: Tame Impala|evasion|1\n|-sideend|p1: Overripe|Sticky Web|[from] move: Defog|[of] p1a: \u30e1\u30bf\u30ca\u30a4\u30c8\n|\n|upkeep\n|turn|6\n|\n|t:|1697425468\n|move|p2a: Tame Impala|Sticky Web|p1a: \u30e1\u30bf\u30ca\u30a4\u30c8\n|-sidestart|p1: Overripe|move: Sticky Web\n|cant|p1a: \u30e1\u30bf\u30ca\u30a4\u30c8|par\n|\n|upkeep\n|turn|7\n|\n|t:|1697425489\n|switch|p2a: Ceratti|Shaymin-Sky|100\/100\n|move|p1a: \u30e1\u30bf\u30ca\u30a4\u30c8|Body Press|p2a: Ceratti\n|-resisted|p2a: Ceratti\n|-damage|p2a: Ceratti|61\/100\n|\n|upkeep\n|turn|8\n|\n|t:|1697425497\n|move|p2a: Ceratti|Substitute|p2a: Ceratti\n|-start|p2a: Ceratti|Substitute\n|-damage|p2a: Ceratti|36\/100\n|move|p1a: \u30e1\u30bf\u30ca\u30a4\u30c8|Body Press|p2a: Ceratti\n|-resisted|p2a: Ceratti\n|-end|p2a: Ceratti|Substitute\n|\n|upkeep\n|turn|9\n|\n|t:|1697425524\n|move|p2a: Ceratti|Leech Seed|p1a: \u30e1\u30bf\u30ca\u30a4\u30c8\n|-start|p1a: \u30e1\u30bf\u30ca\u30a4\u30c8|move: Leech Seed\n|move|p1a: \u30e1\u30bf\u30ca\u30a4\u30c8|Body Press|p2a: Ceratti\n|-resisted|p2a: Ceratti\n|-damage|p2a: Ceratti|0 fnt\n|faint|p2a: Ceratti\n|\n|upkeep\n|\n|t:|1697425540\n|switch|p2a: Mf Doom|Darkrai|100\/100\n|turn|10\n|\n|t:|1697425545\n|move|p2a: Mf Doom|Swords Dance|p2a: Mf Doom\n|-boost|p2a: Mf Doom|atk|2\n|move|p1a: \u30e1\u30bf\u30ca\u30a4\u30c8|Body Press|p2a: Mf Doom\n|-supereffective|p2a: Mf Doom\n|-damage|p2a: Mf Doom|0 fnt\n|faint|p2a: Mf Doom\n|\n|upkeep\n|-message|TomCosmic forfeited.\n|\n|win|Overripe\n|raw|Overripe's rating: 1181 &rarr; <strong>1199<\/strong><br \/>(+18 for winning)\n|raw|TomCosmic's rating: 1075 &rarr; <strong>1060<\/strong><br \/>(-15 for losing)\n|l|\u2606TomCosmic\n","uploadtime":1697425558,"views":4,"p1id":"overripe","p2id":"tomcosmic","formatid":"gen9ubers","rating":1060,"private":0,"password":""}