{"id":"gen9ubers-1978780414","p1":"gameliking","p2":"masterash","format":"[Gen 9] Ubers","log":"|j|\u2606gameliking\n|j|\u2606masterash\n|t:|1698594277\n|gametype|singles\n|player|p1|gameliking|170|1000\n|player|p2|masterash|hilbert|1152\n|teamsize|p1|6\n|teamsize|p2|6\n|gen|9\n|tier|[Gen 9] Ubers\n|rated|\n|rule|Sleep Clause Mod: Limit one foe put to sleep\n|rule|Species Clause: Limit one of each Pok\u00e9mon\n|rule|OHKO Clause: OHKO moves are banned\n|rule|Evasion Items Clause: Evasion items are banned\n|rule|Evasion Moves Clause: Evasion moves are banned\n|rule|Endless Battle Clause: Forcing endless battles is banned\n|rule|HP Percentage Mod: HP is shown in percentages\n|clearpoke\n|poke|p1|Regieleki|\n|poke|p1|Espeon, F|\n|poke|p1|Tyranitar, M|\n|poke|p1|Landorus-Therian, M|\n|poke|p1|Typhlosion, M|\n|poke|p1|Amoonguss, F|\n|poke|p2|Meowscarada, M|\n|poke|p2|Tinkaton, F|\n|poke|p2|Annihilape, M|\n|poke|p2|Scream Tail|\n|poke|p2|Iron Moth|\n|poke|p2|Palafin, F|\n|teampreview\n|\n|t:|1698594325\n|start\n|switch|p1a: Jason|Landorus-Therian, M|100\/100\n|switch|p2a: Screamo|Scream Tail|100\/100\n|-ability|p1a: Jason|Intimidate|boost\n|-unboost|p2a: Screamo|atk|1\n|turn|1\n|\n|t:|1698594340\n|switch|p1a: \u0d9e|Amoonguss, F|100\/100\n|move|p2a: Screamo|Stealth Rock|p1a: \u0d9e\n|-sidestart|p1: gameliking|move: Stealth Rock\n|\n|upkeep\n|turn|2\n|\n|t:|1698594360\n|-end|p2a: Screamo|Protosynthesis|[silent]\n|switch|p2a: Quinn|Meowscarada, M|100\/100\n|move|p1a: \u0d9e|Spore|p2a: Quinn\n|-immune|p2a: Quinn\n|\n|upkeep\n|turn|3\n|\n|t:|1698594366\n|move|p2a: Quinn|Knock Off|p1a: \u0d9e\n|-start|p2a: Quinn|typechange|Dark|[from] ability: Protean\n|-damage|p1a: \u0d9e|56\/100\n|-damage|p2a: Quinn|84\/100|[from] item: Rocky Helmet|[of] p1a: \u0d9e\n|-enditem|p1a: \u0d9e|Rocky Helmet|[from] move: Knock Off|[of] p2a: Quinn\n|move|p1a: \u0d9e|Clear Smog|p2a: Quinn\n|-damage|p2a: Quinn|58\/100\n|-clearboost|p2a: Quinn\n|\n|upkeep\n|turn|4\n|\n|t:|1698594383\n|switch|p2a: Mr. Bright|Iron Moth|100\/100\n|-enditem|p2a: Mr. Bright|Booster Energy\n|-activate|p2a: Mr. Bright|ability: Quark Drive|[fromitem]\n|-start|p2a: Mr. Bright|quarkdrivespa\n|move|p1a: \u0d9e|Synthesis|p1a: \u0d9e\n|-heal|p1a: \u0d9e|100\/100\n|\n|upkeep\n|turn|5\n|\n|t:|1698594398\n|switch|p1a: Worst gen2 starter|Typhlosion, M|100\/100\n|-damage|p1a: Worst gen2 starter|76\/100|[from] Stealth Rock\n|move|p2a: Mr. Bright|Fiery Dance|p1a: Worst gen2 starter\n|-resisted|p1a: Worst gen2 starter\n|-damage|p1a: Worst gen2 starter|37\/100\n|-boost|p2a: Mr. Bright|spa|1\n|\n|upkeep\n|turn|6\n|\n|t:|1698594409\n|move|p1a: Worst gen2 starter|Extrasensory|p2a: Mr. Bright\n|-supereffective|p2a: Mr. Bright\n|-damage|p2a: Mr. Bright|48\/100\n|move|p2a: Mr. Bright|Sludge Wave|p1a: Worst gen2 starter\n|-damage|p1a: Worst gen2 starter|0 fnt\n|faint|p1a: Worst gen2 starter\n|\n|upkeep\n|\n|t:|1698594419\n|switch|p1a: Bring back Pursuit|Tyranitar, M|100\/100\n|-damage|p1a: Bring back Pursuit|88\/100|[from] Stealth Rock\n|-weather|Sandstorm|[from] ability: Sand Stream|[of] p1a: Bring back Pursuit\n|turn|7\n|\n|t:|1698594425\n|move|p2a: Mr. Bright|Energy Ball|p1a: Bring back Pursuit\n|-supereffective|p1a: Bring back Pursuit\n|-damage|p1a: Bring back Pursuit|7\/100\n|move|p1a: Bring back Pursuit|Dragon Dance|p1a: Bring back Pursuit\n|-boost|p1a: Bring back Pursuit|atk|1\n|-boost|p1a: Bring back Pursuit|spe|1\n|\n|-weather|Sandstorm|[upkeep]\n|-damage|p2a: Mr. Bright|42\/100|[from] Sandstorm\n|upkeep\n|turn|8\n|c|\u2606masterash|lmao the name\n|\n|t:|1698594437\n|move|p1a: Bring back Pursuit|Rock Slide|p2a: Mr. Bright\n|-supereffective|p2a: Mr. Bright\n|-damage|p2a: Mr. Bright|0 fnt\n|faint|p2a: Mr. Bright\n|-end|p2a: Mr. Bright|Quark Drive|[silent]\n|-damage|p1a: Bring back Pursuit|0 fnt|[from] item: Life Orb\n|faint|p1a: Bring back Pursuit\n|\n|-weather|Sandstorm|[upkeep]\n|upkeep\n|\n|t:|1698594449\n|switch|p2a: Hammah|Tinkaton, F|100\/100\n|switch|p1a: Raijin|Regieleki|100\/100\n|turn|9\n|\n|t:|1698594457\n|move|p1a: Raijin|Rapid Spin|p2a: Hammah\n|-resisted|p2a: Hammah\n|-damage|p2a: Hammah|95\/100\n|-boost|p1a: Raijin|spe|1\n|-sideend|p1: gameliking|Stealth Rock|[from] move: Rapid Spin|[of] p1a: Raijin\n|move|p2a: Hammah|Encore|p1a: Raijin\n|-start|p1a: Raijin|Encore\n|\n|-weather|Sandstorm|[upkeep]\n|-damage|p1a: Raijin|95\/100|[from] Sandstorm\n|-heal|p2a: Hammah|100\/100|[from] item: Leftovers\n|upkeep\n|turn|10\n|\n|t:|1698594467\n|switch|p1a: Jason|Landorus-Therian, M|100\/100\n|-ability|p1a: Jason|Intimidate|boost\n|-fail|p2a: Hammah|unboost|Attack|[from] ability: Own Tempo|[of] p2a: Hammah\n|move|p2a: Hammah|Knock Off|p1a: Jason\n|-damage|p1a: Jason|79\/100\n|-damage|p2a: Hammah|84\/100|[from] item: Rocky Helmet|[of] p1a: Jason\n|-enditem|p1a: Jason|Rocky Helmet|[from] move: Knock Off|[of] p2a: Hammah\n|\n|-weather|Sandstorm|[upkeep]\n|-heal|p2a: Hammah|90\/100|[from] item: Leftovers\n|upkeep\n|turn|11\n|\n|t:|1698594483\n|move|p1a: Jason|Stealth Rock|p2a: Hammah\n|-sidestart|p2: masterash|move: Stealth Rock\n|move|p2a: Hammah|Gigaton Hammer|p1a: Jason\n|-damage|p1a: Jason|31\/100\n|\n|-weather|none\n|-heal|p2a: Hammah|96\/100|[from] item: Leftovers\n|upkeep\n|turn|12\n|\n|t:|1698594490\n|move|p1a: Jason|Earth Power|p2a: Hammah\n|-supereffective|p2a: Hammah\n|-damage|p2a: Hammah|50\/100\n|move|p2a: Hammah|Encore|p1a: Jason\n|-start|p1a: Jason|Encore\n|\n|-heal|p2a: Hammah|56\/100|[from] item: Leftovers\n|upkeep\n|turn|13\n|\n|t:|1698594497\n|switch|p2a: Quinn|Meowscarada, M|58\/100\n|-damage|p2a: Quinn|46\/100|[from] Stealth Rock\n|move|p1a: Jason|Earth Power|p2a: Quinn\n|-resisted|p2a: Quinn\n|-damage|p2a: Quinn|21\/100\n|\n|upkeep\n|turn|14\n|\n|t:|1698594526\n|switch|p1a: \u0d9e|Amoonguss, F|100\/100\n|move|p2a: Quinn|Trailblaze|p1a: \u0d9e\n|-start|p2a: Quinn|typechange|Grass|[from] ability: Protean\n|-resisted|p1a: \u0d9e\n|-damage|p1a: \u0d9e|94\/100\n|-boost|p2a: Quinn|spe|1\n|\n|upkeep\n|turn|15\n|\n|t:|1698594536\n|move|p2a: Quinn|Play Rough|p1a: \u0d9e\n|-resisted|p1a: \u0d9e\n|-damage|p1a: \u0d9e|79\/100\n|move|p1a: \u0d9e|Clear Smog|p2a: Quinn\n|-supereffective|p2a: Quinn\n|-damage|p2a: Quinn|0 fnt\n|-clearboost|p2a: Quinn\n|faint|p2a: Quinn\n|\n|upkeep\n|\n|t:|1698594553\n|switch|p2a: Marvel|Palafin, F|100\/100\n|-damage|p2a: Marvel|88\/100|[from] Stealth Rock\n|turn|16\n|\n|t:|1698594558\n|move|p2a: Marvel|Flip Turn|p1a: \u0d9e\n|-resisted|p1a: \u0d9e\n|-damage|p1a: \u0d9e|61\/100\n|\n|t:|1698594562\n|detailschange|p2a: Marvel|Palafin-Hero, F\n|switch|p2a: Screamo|Scream Tail|100\/100|[from] Flip Turn\n|-damage|p2a: Screamo|88\/100|[from] Stealth Rock\n|move|p1a: \u0d9e|Spore|p2a: Screamo\n|-status|p2a: Screamo|slp|[from] move: Spore\n|\n|upkeep\n|turn|17\n|\n|t:|1698594578\n|switch|p1a: Raijin|Regieleki|95\/100\n|cant|p2a: Screamo|slp\n|\n|upkeep\n|turn|18\n|\n|t:|1698594585\n|move|p1a: Raijin|Thunderbolt|p2a: Screamo\n|-damage|p2a: Screamo|50\/100 slp\n|cant|p2a: Screamo|slp\n|\n|upkeep\n|turn|19\n|\n|t:|1698594592\n|move|p1a: Raijin|Thunderbolt|p2a: Screamo\n|-damage|p2a: Screamo|11\/100 slp\n|cant|p2a: Screamo|slp\n|\n|upkeep\n|turn|20\n|\n|t:|1698594596\n|-curestatus|p2a: Screamo|slp|[msg]\n|move|p2a: Screamo|Protect|p2a: Screamo\n|-singleturn|p2a: Screamo|Protect\n|move|p1a: Raijin|Thunderbolt|p2a: Screamo\n|-activate|p2a: Screamo|move: Protect\n|\n|upkeep\n|turn|21\n|\n|t:|1698594602\n|move|p1a: Raijin|Volt Switch|p2a: Screamo\n|-damage|p2a: Screamo|0 fnt\n|faint|p2a: Screamo\n|-end|p2a: Screamo|Protosynthesis|[silent]\n|\n|t:|1698594607\n|switch|p1a: \u0d9e|Amoonguss, F|94\/100|[from] Volt Switch\n|\n|upkeep\n|\n|t:|1698594610\n|switch|p2a: Marvel|Palafin-Hero, F|88\/100\n|-damage|p2a: Marvel|76\/100|[from] Stealth Rock\n|-activate|p2a: Marvel|ability: Zero to Hero\n|turn|22\n|\n|t:|1698594615\n|move|p2a: Marvel|Ice Punch|p1a: \u0d9e\n|-supereffective|p1a: \u0d9e\n|-damage|p1a: \u0d9e|5\/100\n|move|p1a: \u0d9e|Spore|p2a: Marvel\n|-status|p2a: Marvel|slp|[from] move: Spore\n|\n|upkeep\n|turn|23\n|\n|t:|1698594621\n|cant|p2a: Marvel|slp\n|move|p1a: \u0d9e|Giga Drain|p2a: Marvel\n|-supereffective|p2a: Marvel\n|-damage|p2a: Marvel|22\/100 slp\n|-heal|p1a: \u0d9e|26\/100|[from] drain|[of] p2a: Marvel\n|\n|upkeep\n|turn|24\n|\n|t:|1698594627\n|cant|p2a: Marvel|slp\n|move|p1a: \u0d9e|Giga Drain|p2a: Marvel\n|-supereffective|p2a: Marvel\n|-damage|p2a: Marvel|0 fnt\n|-heal|p1a: \u0d9e|35\/100|[from] drain|[of] p2a: Marvel\n|faint|p2a: Marvel\n|\n|upkeep\n|\n|t:|1698594634\n|switch|p2a: Hammah|Tinkaton, F|56\/100\n|-damage|p2a: Hammah|50\/100|[from] Stealth Rock\n|turn|25\n|\n|t:|1698594642\n|switch|p1a: Jason|Landorus-Therian, M|31\/100\n|-ability|p1a: Jason|Intimidate|boost\n|-fail|p2a: Hammah|unboost|Attack|[from] ability: Own Tempo|[of] p2a: Hammah\n|move|p2a: Hammah|Gigaton Hammer|p1a: Jason\n|-damage|p1a: Jason|0 fnt\n|faint|p1a: Jason\n|\n|-heal|p2a: Hammah|56\/100|[from] item: Leftovers\n|upkeep\n|\n|t:|1698594651\n|switch|p1a: Raijin|Regieleki|95\/100\n|turn|26\n|\n|t:|1698594659\n|move|p1a: Raijin|Thunderbolt|p2a: Hammah\n|-damage|p2a: Hammah|17\/100\n|move|p2a: Hammah|Swords Dance|p2a: Hammah\n|-boost|p2a: Hammah|atk|2\n|\n|-heal|p2a: Hammah|23\/100|[from] item: Leftovers\n|upkeep\n|turn|27\n|\n|t:|1698594665\n|move|p1a: Raijin|Thunderbolt|p2a: Hammah\n|-damage|p2a: Hammah|0 fnt\n|faint|p2a: Hammah\n|\n|upkeep\n|\n|t:|1698594669\n|switch|p2a: Rocky|Annihilape, M|100\/100\n|-damage|p2a: Rocky|94\/100|[from] Stealth Rock\n|turn|28\n|\n|t:|1698594681\n|move|p1a: Raijin|Thunderbolt|p2a: Rocky\n|-damage|p2a: Rocky|62\/100\n|move|p2a: Rocky|Bulk Up|p2a: Rocky\n|-boost|p2a: Rocky|atk|1\n|-boost|p2a: Rocky|def|1\n|\n|-heal|p2a: Rocky|68\/100|[from] item: Leftovers\n|upkeep\n|turn|29\n|\n|t:|1698594689\n|move|p1a: Raijin|Volt Switch|p2a: Rocky\n|-damage|p2a: Rocky|40\/100\n|\n|t:|1698594692\n|switch|p1a: \u0d9e|Amoonguss, F|69\/100|[from] Volt Switch\n|move|p2a: Rocky|Drain Punch|p1a: \u0d9e\n|-resisted|p1a: \u0d9e\n|-damage|p1a: \u0d9e|47\/100\n|-heal|p2a: Rocky|52\/100|[from] drain|[of] p1a: \u0d9e\n|\n|-heal|p2a: Rocky|58\/100|[from] item: Leftovers\n|upkeep\n|turn|30\n|\n|t:|1698594701\n|move|p2a: Rocky|Rage Fist|p1a: \u0d9e\n|-damage|p1a: \u0d9e|0 fnt\n|faint|p1a: \u0d9e\n|\n|-heal|p2a: Rocky|64\/100|[from] item: Leftovers\n|upkeep\n|\n|t:|1698594704\n|switch|p1a: No u|Espeon, F|100\/100\n|turn|31\n|\n|t:|1698594716\n|-terastallize|p1a: No u|Fairy\n|-terastallize|p2a: Rocky|Fairy\n|move|p1a: No u|Psychic|p2a: Rocky\n|-damage|p2a: Rocky|37\/100\n|move|p2a: Rocky|Rage Fist|p1a: No u\n|-damage|p1a: No u|0 fnt\n|faint|p1a: No u\n|\n|-heal|p2a: Rocky|43\/100|[from] item: Leftovers\n|upkeep\n|\n|t:|1698594724\n|switch|p1a: Raijin|Regieleki|95\/100\n|turn|32\n|\n|t:|1698594734\n|move|p1a: Raijin|Thunderbolt|p2a: Rocky\n|-damage|p2a: Rocky|7\/100\n|-status|p2a: Rocky|par\n|move|p2a: Rocky|Rage Fist|p1a: Raijin\n|-damage|p1a: Raijin|0 fnt\n|faint|p1a: Raijin\n|\n|win|masterash\n|raw|gameliking's rating: 1000 &rarr; <strong>1000<\/strong><br \/>(+0 for losing)\n|raw|masterash's rating: 1152 &rarr; <strong>1167<\/strong><br \/>(+15 for winning)\n|c|\u2606masterash|GG\n","uploadtime":1698594752,"views":9,"p1id":"gameliking","p2id":"masterash","formatid":"gen9ubers","rating":1000,"private":0,"password":""}