{"id":"gen9ubers-1979144351","p1":"sword over shield","p2":"LadyMaria-Blue","format":"[Gen 9] Ubers","log":"|j|\u2606sword over shield\n|j|\u2606LadyMaria-Blue\n|t:|1698638456\n|gametype|singles\n|player|p1|sword over shield|170|\n|player|p2|LadyMaria-Blue|cynthia|\n|teamsize|p1|6\n|teamsize|p2|6\n|gen|9\n|tier|[Gen 9] Ubers\n|rule|Sleep Clause Mod: Limit one foe put to sleep\n|rule|Species Clause: Limit one of each Pok\u00e9mon\n|rule|OHKO Clause: OHKO moves are banned\n|rule|Evasion Items Clause: Evasion items are banned\n|rule|Evasion Moves Clause: Evasion moves are banned\n|rule|Endless Battle Clause: Forcing endless battles is banned\n|rule|HP Percentage Mod: HP is shown in percentages\n|clearpoke\n|poke|p1|Arceus-Fire|\n|poke|p1|Torkoal, M|\n|poke|p1|Roaring Moon|\n|poke|p1|Walking Wake|\n|poke|p1|Gholdengo|\n|poke|p1|Magearna|\n|poke|p2|Torkoal, F|\n|poke|p2|Roaring Moon|\n|poke|p2|Magearna|\n|poke|p2|Volcanion|\n|poke|p2|Chi-Yu|\n|poke|p2|Walking Wake|\n|teampreview\n|\n|t:|1698638482\n|start\n|switch|p1a: Walking Wake|Walking Wake|100\/100\n|switch|p2a: Walking Wake|Walking Wake|100\/100\n|turn|1\n|\n|t:|1698638489\n|-end|p1a: Walking Wake|Protosynthesis|[silent]\n|switch|p1a: Magearna|Magearna|100\/100\n|-end|p2a: Walking Wake|Protosynthesis|[silent]\n|switch|p2a: Magearna|Magearna|100\/100\n|\n|upkeep\n|turn|2\n|\n|t:|1698638496\n|switch|p2a: Torkoal|Torkoal, F|100\/100\n|-weather|SunnyDay|[from] ability: Drought|[of] p2a: Torkoal\n|move|p1a: Magearna|Spikes|p2a: Torkoal\n|-sidestart|p2: LadyMaria-Blue|Spikes\n|\n|-weather|SunnyDay|[upkeep]\n|upkeep\n|turn|3\n|\n|t:|1698638505\n|move|p1a: Magearna|Volt Switch|p2a: Torkoal\n|-damage|p2a: Torkoal|81\/100\n|\n|t:|1698638521\n|switch|p1a: Roaring Moon|Roaring Moon|100\/100|[from] Volt Switch\n|-activate|p1a: Roaring Moon|ability: Protosynthesis\n|-start|p1a: Roaring Moon|protosynthesisspe\n|move|p2a: Torkoal|Lava Plume|p1a: Roaring Moon\n|-resisted|p1a: Roaring Moon\n|-damage|p1a: Roaring Moon|84\/100\n|\n|-weather|SunnyDay|[upkeep]\n|upkeep\n|turn|4\n|\n|t:|1698638532\n|move|p1a: Roaring Moon|Earthquake|p2a: Torkoal\n|-supereffective|p2a: Torkoal\n|-damage|p2a: Torkoal|13\/100\n|move|p2a: Torkoal|Yawn|p1a: Roaring Moon\n|-start|p1a: Roaring Moon|move: Yawn|[of] p2a: Torkoal\n|\n|-weather|SunnyDay|[upkeep]\n|upkeep\n|turn|5\n|\n|t:|1698638540\n|-end|p1a: Roaring Moon|Protosynthesis|[silent]\n|switch|p1a: Torkoal|Torkoal, M|100\/100\n|move|p2a: Torkoal|Stealth Rock|p1a: Torkoal\n|-sidestart|p1: sword over shield|move: Stealth Rock\n|\n|-weather|SunnyDay|[upkeep]\n|upkeep\n|turn|6\n|\n|t:|1698638548\n|switch|p2a: Walking Wake|Walking Wake|100\/100\n|-damage|p2a: Walking Wake|88\/100|[from] Spikes\n|-activate|p2a: Walking Wake|ability: Protosynthesis\n|-start|p2a: Walking Wake|protosynthesisspe\n|move|p1a: Torkoal|Rapid Spin|p2a: Walking Wake\n|-damage|p2a: Walking Wake|78\/100\n|-boost|p1a: Torkoal|spe|1\n|-sideend|p1: sword over shield|Stealth Rock|[from] move: Rapid Spin|[of] p1a: Torkoal\n|\n|-weather|SunnyDay|[upkeep]\n|upkeep\n|turn|7\n|j| trillbo\n|\n|t:|1698638572\n|switch|p1a: Magearna|Magearna|100\/100\n|move|p2a: Walking Wake|Hydro Steam|p1a: Magearna\n|-crit|p1a: Magearna\n|-damage|p1a: Magearna|0 fnt\n|faint|p1a: Magearna\n|\n|-weather|SunnyDay|[upkeep]\n|upkeep\n|\n|t:|1698638582\n|switch|p1a: Roaring Moon|Roaring Moon|84\/100\n|-activate|p1a: Roaring Moon|ability: Protosynthesis\n|-start|p1a: Roaring Moon|protosynthesisspe\n|turn|8\n|\n|t:|1698638592\n|-end|p2a: Walking Wake|Protosynthesis|[silent]\n|switch|p2a: Magearna|Magearna|100\/100\n|-damage|p2a: Magearna|88\/100|[from] Spikes\n|move|p1a: Roaring Moon|Knock Off|p2a: Magearna\n|-resisted|p2a: Magearna\n|-damage|p2a: Magearna|46\/100\n|-enditem|p2a: Magearna|Life Orb|[from] move: Knock Off|[of] p1a: Roaring Moon\n|\n|-weather|SunnyDay|[upkeep]\n|upkeep\n|turn|9\n|\n|t:|1698638603\n|-end|p1a: Roaring Moon|Protosynthesis|[silent]\n|switch|p1a: Gholdengo|Gholdengo|100\/100\n|move|p2a: Magearna|Shift Gear|p2a: Magearna\n|-boost|p2a: Magearna|spe|2\n|-boost|p2a: Magearna|atk|1\n|\n|-weather|none\n|upkeep\n|turn|10\n|\n|t:|1698638611\n|move|p2a: Magearna|Flash Cannon|p1a: Gholdengo\n|-resisted|p1a: Gholdengo\n|-damage|p1a: Gholdengo|75\/100\n|move|p1a: Gholdengo|Make It Rain|p2a: Magearna\n|-damage|p2a: Magearna|0 fnt\n|-unboost|p1a: Gholdengo|spa|1\n|faint|p2a: Magearna\n|\n|upkeep\n|\n|t:|1698638618\n|switch|p2a: Volcanion|Volcanion|100\/100\n|turn|11\n|\n|t:|1698638632\n|switch|p1a: Walking Wake|Walking Wake|100\/100\n|move|p2a: Volcanion|Substitute|p2a: Volcanion\n|-start|p2a: Volcanion|Substitute\n|-damage|p2a: Volcanion|75\/100\n|\n|upkeep\n|turn|12\n|\n|t:|1698638641\n|move|p1a: Walking Wake|Draco Meteor|p2a: Volcanion\n|-end|p2a: Volcanion|Substitute\n|-unboost|p1a: Walking Wake|spa|2\n|move|p2a: Volcanion|Earth Power|p1a: Walking Wake\n|-damage|p1a: Walking Wake|67\/100\n|\n|upkeep\n|turn|13\n|l| trillbo\n|\n|t:|1698638661\n|-end|p1a: Walking Wake|Protosynthesis|[silent]\n|switch|p1a: Gholdengo|Gholdengo|75\/100\n|move|p2a: Volcanion|Earth Power|p1a: Gholdengo\n|-supereffective|p1a: Gholdengo\n|-damage|p1a: Gholdengo|14\/100\n|-unboost|p1a: Gholdengo|spd|1\n|\n|upkeep\n|turn|14\n|\n|t:|1698638672\n|move|p1a: Gholdengo|Thunderbolt|p2a: Volcanion\n|-supereffective|p2a: Volcanion\n|-damage|p2a: Volcanion|18\/100\n|move|p2a: Volcanion|Substitute|p2a: Volcanion\n|-fail|p2a: Volcanion|move: Substitute|[weak]\n|\n|upkeep\n|turn|15\n|\n|t:|1698638679\n|move|p1a: Gholdengo|Thunderbolt|p2a: Volcanion\n|-supereffective|p2a: Volcanion\n|-damage|p2a: Volcanion|0 fnt\n|faint|p2a: Volcanion\n|\n|upkeep\n|\n|t:|1698638682\n|switch|p2a: Torkoal|Torkoal, F|13\/100\n|-damage|p2a: Torkoal|1\/100|[from] Spikes\n|-weather|SunnyDay|[from] ability: Drought|[of] p2a: Torkoal\n|turn|16\n|\n|t:|1698638688\n|move|p1a: Gholdengo|Thunderbolt|p2a: Torkoal\n|-damage|p2a: Torkoal|0 fnt\n|faint|p2a: Torkoal\n|\n|-weather|SunnyDay|[upkeep]\n|upkeep\n|\n|t:|1698638695\n|switch|p2a: Roaring Moon|Roaring Moon|100\/100\n|-damage|p2a: Roaring Moon|88\/100|[from] Spikes\n|-activate|p2a: Roaring Moon|ability: Protosynthesis\n|-start|p2a: Roaring Moon|protosynthesisspe\n|turn|17\n|\n|t:|1698638702\n|move|p2a: Roaring Moon|Outrage|p1a: Gholdengo\n|-resisted|p1a: Gholdengo\n|-damage|p1a: Gholdengo|0 fnt\n|faint|p1a: Gholdengo\n|\n|-weather|SunnyDay|[upkeep]\n|upkeep\n|\n|t:|1698638709\n|switch|p1a: Torkoal|Torkoal, M|100\/100\n|turn|18\n|\n|t:|1698638715\n|-terastallize|p1a: Torkoal|Fairy\n|move|p2a: Roaring Moon|Outrage|p1a: Torkoal|[from]lockedmove\n|-immune|p1a: Torkoal\n|-start|p2a: Roaring Moon|confusion|[fatigue]\n|move|p1a: Torkoal|Will-O-Wisp|p2a: Roaring Moon\n|-status|p2a: Roaring Moon|brn\n|\n|-weather|SunnyDay|[upkeep]\n|-damage|p2a: Roaring Moon|82\/100 brn|[from] brn\n|upkeep\n|turn|19\n|\n|t:|1698638734\n|-end|p2a: Roaring Moon|Protosynthesis|[silent]\n|switch|p2a: Walking Wake|Walking Wake|78\/100\n|-damage|p2a: Walking Wake|66\/100|[from] Spikes\n|-activate|p2a: Walking Wake|ability: Protosynthesis\n|-start|p2a: Walking Wake|protosynthesisspe\n|move|p1a: Torkoal|Lava Plume|p2a: Walking Wake\n|-resisted|p2a: Walking Wake\n|-damage|p2a: Walking Wake|56\/100\n|-status|p2a: Walking Wake|brn\n|\n|-weather|SunnyDay|[upkeep]\n|-damage|p2a: Walking Wake|50\/100 brn|[from] brn\n|upkeep\n|turn|20\n|\n|t:|1698638749\n|switch|p1a: Walking Wake|Walking Wake|67\/100\n|-activate|p1a: Walking Wake|ability: Protosynthesis\n|-start|p1a: Walking Wake|protosynthesisspe\n|move|p2a: Walking Wake|Hydro Steam|p1a: Walking Wake\n|-resisted|p1a: Walking Wake\n|-damage|p1a: Walking Wake|42\/100\n|\n|-weather|SunnyDay|[upkeep]\n|-damage|p2a: Walking Wake|43\/100 brn|[from] brn\n|upkeep\n|turn|21\n|\n|t:|1698638760\n|move|p1a: Walking Wake|Draco Meteor|p2a: Walking Wake|[miss]\n|-miss|p1a: Walking Wake|p2a: Walking Wake\n|move|p2a: Walking Wake|Hydro Steam|p1a: Walking Wake\n|-resisted|p1a: Walking Wake\n|-damage|p1a: Walking Wake|17\/100\n|\n|-weather|SunnyDay|[upkeep]\n|-damage|p2a: Walking Wake|37\/100 brn|[from] brn\n|upkeep\n|turn|22\n|\n|t:|1698638768\n|move|p2a: Walking Wake|Hydro Steam|p1a: Walking Wake\n|-resisted|p1a: Walking Wake\n|-damage|p1a: Walking Wake|0 fnt\n|faint|p1a: Walking Wake\n|-end|p1a: Walking Wake|Protosynthesis|[silent]\n|\n|-weather|SunnyDay|[upkeep]\n|-damage|p2a: Walking Wake|31\/100 brn|[from] brn\n|upkeep\n|\n|t:|1698638783\n|switch|p1a: Arceus|Arceus-Fire|100\/100\n|turn|23\n|\n|t:|1698638786\n|move|p2a: Walking Wake|Hydro Steam|p1a: Arceus\n|-supereffective|p1a: Arceus\n|-damage|p1a: Arceus|0 fnt\n|faint|p1a: Arceus\n|\n|-weather|none\n|-end|p2a: Walking Wake|Protosynthesis\n|-damage|p2a: Walking Wake|25\/100 brn|[from] brn\n|upkeep\n|\n|t:|1698638795\n|switch|p1a: Roaring Moon|Roaring Moon|84\/100\n|turn|24\n|\n|t:|1698638804\n|move|p1a: Roaring Moon|Knock Off|p2a: Walking Wake\n|-damage|p2a: Walking Wake|0 fnt\n|-enditem|p2a: Walking Wake|Choice Specs|[from] move: Knock Off|[of] p1a: Roaring Moon\n|faint|p2a: Walking Wake\n|-end|p2a: Walking Wake|Protosynthesis|[silent]\n|\n|upkeep\n|\n|t:|1698638809\n|switch|p2a: Roaring Moon|Roaring Moon|82\/100 brn\n|-damage|p2a: Roaring Moon|70\/100 brn|[from] Spikes\n|turn|25\n|\n|t:|1698638821\n|-end|p1a: Roaring Moon|Protosynthesis|[silent]\n|switch|p1a: Torkoal|Torkoal, M, tera:Fairy|100\/100\n|-weather|SunnyDay|[from] ability: Drought|[of] p1a: Torkoal\n|-activate|p2a: Roaring Moon|ability: Protosynthesis\n|-start|p2a: Roaring Moon|protosynthesisspe\n|move|p2a: Roaring Moon|U-turn|p1a: Torkoal\n|-resisted|p1a: Torkoal\n|-damage|p1a: Torkoal|94\/100\n|\n|t:|1698638823\n|-end|p2a: Roaring Moon|Protosynthesis|[silent]\n|switch|p2a: Chi-Yu|Chi-Yu|100\/100|[from] U-turn\n|-damage|p2a: Chi-Yu|88\/100|[from] Spikes\n|-ability|p2a: Chi-Yu|Beads of Ruin\n|\n|-weather|SunnyDay|[upkeep]\n|upkeep\n|turn|26\n|\n|t:|1698638838\n|move|p2a: Chi-Yu|Fire Blast|p1a: Torkoal\n|-damage|p1a: Torkoal|0 fnt\n|faint|p1a: Torkoal\n|\n|-weather|SunnyDay|[upkeep]\n|upkeep\n|\n|t:|1698638841\n|switch|p1a: Roaring Moon|Roaring Moon|84\/100\n|-activate|p1a: Roaring Moon|ability: Protosynthesis\n|-start|p1a: Roaring Moon|protosynthesisspe\n|turn|27\n|\n|t:|1698638872\n|move|p1a: Roaring Moon|Earthquake|p2a: Chi-Yu\n|-supereffective|p2a: Chi-Yu\n|-damage|p2a: Chi-Yu|0 fnt\n|faint|p2a: Chi-Yu\n|\n|-weather|SunnyDay|[upkeep]\n|upkeep\n|\n|t:|1698638875\n|switch|p2a: Roaring Moon|Roaring Moon|70\/100 brn\n|-damage|p2a: Roaring Moon|58\/100 brn|[from] Spikes\n|-activate|p2a: Roaring Moon|ability: Protosynthesis\n|-start|p2a: Roaring Moon|protosynthesisspe\n|turn|28\n|\n|t:|1698638882\n|move|p2a: Roaring Moon|Outrage|p1a: Roaring Moon\n|-supereffective|p1a: Roaring Moon\n|-damage|p1a: Roaring Moon|0 fnt\n|faint|p1a: Roaring Moon\n|-end|p1a: Roaring Moon|Protosynthesis|[silent]\n|\n|win|LadyMaria-Blue\n|c|\u2606LadyMaria-Blue|ggs\n|c|\u2606sword over shield|gg\n","uploadtime":1698638889,"views":22,"p1id":"swordovershield","p2id":"ladymariablue","formatid":"gen9ubers","rating":0,"private":0,"password":""}