{"id":"gen9ubers-1995621918","p1":"Patalor30","p2":"YoungEsq","format":"[Gen 9] Ubers","log":"|j|\u2606Patalor30\n|j|\u2606YoungEsq\n|t:|1700588293\n|gametype|singles\n|player|p1|Patalor30|acetrainer-gen4dp|1087\n|player|p2|YoungEsq|102|1156\n|teamsize|p1|6\n|teamsize|p2|6\n|gen|9\n|tier|[Gen 9] Ubers\n|rated|\n|rule|Sleep Clause Mod: Limit one foe put to sleep\n|rule|Species Clause: Limit one of each Pok\u00e9mon\n|rule|OHKO Clause: OHKO moves are banned\n|rule|Evasion Items Clause: Evasion items are banned\n|rule|Evasion Moves Clause: Evasion moves are banned\n|rule|Endless Battle Clause: Forcing endless battles is banned\n|rule|HP Percentage Mod: HP is shown in percentages\n|clearpoke\n|poke|p1|Arceus|\n|poke|p1|Gliscor, F|\n|poke|p1|Skeledirge, F|\n|poke|p1|Miraidon|\n|poke|p1|Flutter Mane|\n|poke|p1|Ogerpon-Hearthflame, F|\n|poke|p2|Ting-Lu|\n|poke|p2|Gholdengo|\n|poke|p2|Roaring Moon|\n|poke|p2|Chi-Yu|\n|poke|p2|Samurott-Hisui, M|\n|poke|p2|Mandibuzz, F|\n|teampreview\n|inactive|Battle timer is ON: inactive players will automatically lose when time's up. (requested by YoungEsq)\n|\n|t:|1700588302\n|start\n|switch|p1a: Gliscor|Gliscor, F|100\/100\n|switch|p2a: Ting-Lu|Ting-Lu|100\/100\n|-ability|p2a: Ting-Lu|Vessel of Ruin\n|turn|1\n|\n|t:|1700588314\n|move|p1a: Gliscor|Toxic|p2a: Ting-Lu\n|-status|p2a: Ting-Lu|tox\n|move|p2a: Ting-Lu|Whirlwind|p1a: Gliscor\n|drag|p1a: Flutter Mane|Flutter Mane|100\/100\n|\n|-damage|p2a: Ting-Lu|94\/100 tox|[from] psn\n|upkeep\n|turn|2\n|\n|t:|1700588323\n|switch|p2a: Samurott|Samurott-Hisui, M|100\/100\n|move|p1a: Flutter Mane|Moonblast|p2a: Samurott\n|-supereffective|p2a: Samurott\n|-enditem|p2a: Samurott|Roseli Berry|[eat]\n|-enditem|p2a: Samurott|Roseli Berry|[weaken]\n|-damage|p2a: Samurott|31\/100\n|-damage|p1a: Flutter Mane|91\/100|[from] item: Life Orb\n|\n|upkeep\n|turn|3\n|\n|t:|1700588335\n|switch|p2a: Gholdengo|Gholdengo|100\/100\n|-item|p2a: Gholdengo|Air Balloon\n|move|p1a: Flutter Mane|Moonblast|p2a: Gholdengo\n|-resisted|p2a: Gholdengo\n|-damage|p2a: Gholdengo|60\/100\n|-unboost|p2a: Gholdengo|spa|1\n|-enditem|p2a: Gholdengo|Air Balloon\n|-damage|p1a: Flutter Mane|81\/100|[from] item: Life Orb\n|\n|upkeep\n|turn|4\n|\n|t:|1700588345\n|move|p1a: Flutter Mane|Shadow Ball|p2a: Gholdengo\n|-supereffective|p2a: Gholdengo\n|-damage|p2a: Gholdengo|0 fnt\n|faint|p2a: Gholdengo\n|-damage|p1a: Flutter Mane|71\/100|[from] item: Life Orb\n|\n|upkeep\n|\n|t:|1700588351\n|switch|p2a: Chi-Yu|Chi-Yu|100\/100\n|-ability|p2a: Chi-Yu|Beads of Ruin\n|turn|5\n|\n|t:|1700588372\n|-end|p1a: Flutter Mane|Protosynthesis|[silent]\n|switch|p1a: Miraidon|Miraidon|100\/100\n|-fieldstart|move: Electric Terrain|[from] ability: Hadron Engine|[of] p1a: Miraidon\n|-terastallize|p2a: Chi-Yu|Poison\n|move|p2a: Chi-Yu|Flamethrower|p1a: Miraidon\n|-resisted|p1a: Miraidon\n|-damage|p1a: Miraidon|70\/100\n|\n|upkeep\n|turn|6\n|\n|t:|1700588383\n|switch|p2a: Ting-Lu|Ting-Lu|94\/100 tox\n|-ability|p2a: Ting-Lu|Vessel of Ruin\n|move|p1a: Miraidon|Electro Drift|p2a: Ting-Lu\n|-immune|p2a: Ting-Lu\n|\n|-heal|p2a: Ting-Lu|100\/100 tox|[from] item: Leftovers\n|-damage|p2a: Ting-Lu|94\/100 tox|[from] psn\n|upkeep\n|turn|7\n|\n|t:|1700588394\n|switch|p1a: Gliscor|Gliscor, F|100\/100\n|move|p2a: Ting-Lu|Earthquake|p1a: Gliscor\n|-immune|p1a: Gliscor\n|\n|-heal|p2a: Ting-Lu|100\/100 tox|[from] item: Leftovers\n|-damage|p2a: Ting-Lu|88\/100 tox|[from] psn\n|-status|p1a: Gliscor|tox|[from] item: Toxic Orb\n|upkeep\n|turn|8\n|\n|t:|1700588405\n|move|p1a: Gliscor|Spikes|p2a: Ting-Lu\n|-sidestart|p2: YoungEsq|Spikes\n|move|p2a: Ting-Lu|Ruination|p1a: Gliscor\n|-damage|p1a: Gliscor|50\/100 tox\n|\n|-heal|p2a: Ting-Lu|94\/100 tox|[from] item: Leftovers\n|-heal|p1a: Gliscor|63\/100 tox|[from] ability: Poison Heal\n|-damage|p2a: Ting-Lu|76\/100 tox|[from] psn\n|upkeep\n|turn|9\n|\n|t:|1700588414\n|switch|p2a: Chi-Yu|Chi-Yu, tera:Poison|100\/100\n|-damage|p2a: Chi-Yu|88\/100|[from] Spikes\n|-ability|p2a: Chi-Yu|Beads of Ruin\n|move|p1a: Gliscor|Earthquake|p2a: Chi-Yu\n|-supereffective|p2a: Chi-Yu\n|-damage|p2a: Chi-Yu|0 fnt\n|faint|p2a: Chi-Yu\n|\n|-heal|p1a: Gliscor|75\/100 tox|[from] ability: Poison Heal\n|-fieldend|move: Electric Terrain\n|upkeep\n|-message|YoungEsq forfeited.\n|\n|win|Patalor30\n|raw|Patalor30's rating: 1087 &rarr; <strong>1119<\/strong><br \/>(+32 for winning)\n|raw|YoungEsq's rating: 1156 &rarr; <strong>1126<\/strong><br \/>(-30 for losing)\n|l|\u2606YoungEsq\n","uploadtime":1700588428,"views":0,"p1id":"patalor30","p2id":"youngesq","formatid":"gen9ubers","rating":1119,"private":0,"password":""}