{"id":"gen9ubers-1984291949","p1":"rutriyououiyiyuyt","p2":"Nerdiestyt","format":"[Gen 9] Ubers","log":"|j|\u2606rutriyououiyiyuyt\n|j|\u2606Nerdiestyt\n|t:|1699239795\n|gametype|singles\n|player|p1|rutriyououiyiyuyt|elesa|\n|player|p2|Nerdiestyt|170|\n|teamsize|p1|6\n|teamsize|p2|6\n|gen|9\n|tier|[Gen 9] Ubers\n|rule|Sleep Clause Mod: Limit one foe put to sleep\n|rule|Species Clause: Limit one of each Pok\u00e9mon\n|rule|OHKO Clause: OHKO moves are banned\n|rule|Evasion Items Clause: Evasion items are banned\n|rule|Evasion Moves Clause: Evasion moves are banned\n|rule|Endless Battle Clause: Forcing endless battles is banned\n|rule|HP Percentage Mod: HP is shown in percentages\n|clearpoke\n|poke|p1|Arceus-Ghost|\n|poke|p1|Baxcalibur, M|\n|poke|p1|Cinderace, M|\n|poke|p1|Dialga|\n|poke|p1|Alomomola, M|\n|poke|p1|Slowking-Galar, F|\n|poke|p2|Zacian-*|\n|poke|p2|Palafin, M|\n|poke|p2|Chi-Yu|\n|poke|p2|Meowscarada, M|\n|poke|p2|Sneasler, F|\n|poke|p2|Garchomp, F|\n|teampreview\n|\n|t:|1699239820\n|start\n|switch|p1a: Alomomola|Alomomola, M|100\/100\n|switch|p2a: Sneasler|Sneasler, F|100\/100\n|turn|1\n|\n|t:|1699239838\n|move|p2a: Sneasler|Dire Claw|p1a: Alomomola\n|-damage|p1a: Alomomola|78\/100\n|-status|p1a: Alomomola|psn\n|move|p1a: Alomomola|Scald|p2a: Sneasler\n|-damage|p2a: Sneasler|81\/100\n|\n|-damage|p1a: Alomomola|65\/100 psn|[from] psn\n|upkeep\n|turn|2\n|\n|t:|1699239860\n|move|p2a: Sneasler|Dire Claw|p1a: Alomomola\n|-damage|p1a: Alomomola|44\/100 psn\n|move|p1a: Alomomola|Scald|p2a: Sneasler\n|-damage|p2a: Sneasler|61\/100\n|\n|-damage|p1a: Alomomola|31\/100 psn|[from] psn\n|upkeep\n|turn|3\n|\n|t:|1699239870\n|switch|p1a: Dialga|Dialga|100\/100\n|-ability|p1a: Dialga|Pressure\n|move|p2a: Sneasler|Dire Claw|p1a: Dialga\n|-immune|p1a: Dialga\n|\n|upkeep\n|turn|4\n|\n|t:|1699239884\n|switch|p2a: Palafin|Palafin, M|100\/100\n|move|p1a: Dialga|Fire Blast|p2a: Palafin\n|-resisted|p2a: Palafin\n|-damage|p2a: Palafin|72\/100\n|\n|upkeep\n|turn|5\n|\n|t:|1699239894\n|switch|p1a: Alomomola|Alomomola, M|65\/100 psn\n|detailschange|p2a: Palafin|Palafin-Hero, M\n|switch|p2a: Sneasler|Sneasler, F|61\/100\n|\n|-damage|p1a: Alomomola|52\/100 psn|[from] psn\n|upkeep\n|turn|6\n|\n|t:|1699239903\n|switch|p1a: Dialga|Dialga|100\/100\n|-ability|p1a: Dialga|Pressure\n|move|p2a: Sneasler|U-turn|p1a: Dialga\n|-resisted|p1a: Dialga\n|-crit|p1a: Dialga\n|-damage|p1a: Dialga|85\/100\n|\n|t:|1699239921\n|switch|p2a: Chi-Yu|Chi-Yu|100\/100|[from] U-turn\n|-ability|p2a: Chi-Yu|Beads of Ruin\n|\n|upkeep\n|turn|7\n|\n|t:|1699239931\n|switch|p1a: Alomomola|Alomomola, M|86\/100 psn\n|move|p2a: Chi-Yu|Overheat|p1a: Alomomola\n|-resisted|p1a: Alomomola\n|-damage|p1a: Alomomola|33\/100 psn\n|-unboost|p2a: Chi-Yu|spa|2\n|\n|-damage|p1a: Alomomola|21\/100 psn|[from] psn\n|upkeep\n|turn|8\n|\n|t:|1699239937\n|switch|p1a: Cinderace|Cinderace, M|100\/100\n|move|p2a: Chi-Yu|Overheat|p1a: Cinderace\n|-resisted|p1a: Cinderace\n|-crit|p1a: Cinderace\n|-damage|p1a: Cinderace|0 fnt\n|-unboost|p2a: Chi-Yu|spa|2\n|faint|p1a: Cinderace\n|\n|upkeep\n|\n|t:|1699239946\n|switch|p1a: Baxcalibur|Baxcalibur, M|100\/100\n|turn|9\n|\n|t:|1699239959\n|switch|p2a: Palafin|Palafin-Hero, M|72\/100\n|-activate|p2a: Palafin|ability: Zero to Hero\n|-terastallize|p1a: Baxcalibur|Fairy\n|move|p1a: Baxcalibur|Dragon Dance|p1a: Baxcalibur\n|-boost|p1a: Baxcalibur|atk|1\n|-boost|p1a: Baxcalibur|spe|1\n|\n|upkeep\n|turn|10\n|\n|t:|1699239975\n|move|p1a: Baxcalibur|Glaive Rush|p2a: Palafin\n|-damage|p2a: Palafin|0 fnt\n|-singlemove|p1a: Baxcalibur|Glaive Rush|[silent]\n|faint|p2a: Palafin\n|\n|upkeep\n|\n|t:|1699239979\n|switch|p2a: Sneasler|Sneasler, F|61\/100\n|turn|11\n|\n|t:|1699239986\n|move|p2a: Sneasler|U-turn|p1a: Baxcalibur\n|-resisted|p1a: Baxcalibur\n|-damage|p1a: Baxcalibur|75\/100\n|-status|p1a: Baxcalibur|psn|[from] ability: Poison Touch|[of] p2a: Sneasler\n|\n|t:|1699240005\n|switch|p2a: Meowscarada|Meowscarada, M|100\/100|[from] U-turn\n|move|p1a: Baxcalibur|Earthquake|p2a: Meowscarada\n|-resisted|p2a: Meowscarada\n|-damage|p2a: Meowscarada|52\/100\n|\n|-damage|p1a: Baxcalibur|62\/100 psn|[from] psn\n|upkeep\n|turn|12\n|\n|t:|1699240017\n|move|p1a: Baxcalibur|Icicle Spear|p2a: Meowscarada\n|-supereffective|p2a: Meowscarada\n|-damage|p2a: Meowscarada|0 fnt\n|faint|p2a: Meowscarada\n|-hitcount|p2: Meowscarada|1\n|\n|-damage|p1a: Baxcalibur|50\/100 psn|[from] psn\n|upkeep\n|\n|t:|1699240020\n|switch|p2a: Sneasler|Sneasler, F|61\/100\n|turn|13\n|\n|t:|1699240030\n|switch|p1a: Dialga|Dialga|85\/100\n|-ability|p1a: Dialga|Pressure\n|move|p2a: Sneasler|Dire Claw|p1a: Dialga\n|-immune|p1a: Dialga\n|\n|upkeep\n|turn|14\n|\n|t:|1699240040\n|move|p2a: Sneasler|Dire Claw|p1a: Dialga\n|-immune|p1a: Dialga\n|move|p1a: Dialga|Fire Blast|p2a: Sneasler\n|-damage|p2a: Sneasler|0 fnt\n|faint|p2a: Sneasler\n|\n|upkeep\n|\n|t:|1699240047\n|switch|p2a: Garchomp|Garchomp, F|100\/100\n|turn|15\n|\n|t:|1699240060\n|switch|p1a: Alomomola|Alomomola, M|54\/100 psn\n|move|p2a: Garchomp|Earthquake|p1a: Alomomola\n|-damage|p1a: Alomomola|24\/100 psn\n|\n|-damage|p1a: Alomomola|12\/100 psn|[from] psn\n|upkeep\n|turn|16\n|\n|t:|1699240076\n|switch|p1a: Arceus|Arceus-Ghost|100\/100\n|move|p2a: Garchomp|Earthquake|p1a: Arceus\n|-damage|p1a: Arceus|59\/100\n|\n|upkeep\n|turn|17\n|\n|t:|1699240085\n|move|p1a: Arceus|Blizzard|p2a: Garchomp|[miss]\n|-miss|p1a: Arceus|p2a: Garchomp\n|move|p2a: Garchomp|Scale Shot|p1a: Arceus\n|-damage|p1a: Arceus|49\/100\n|-damage|p1a: Arceus|39\/100\n|-damage|p1a: Arceus|29\/100\n|-hitcount|p1a: Arceus|3\n|-unboost|p2a: Garchomp|def|1\n|-boost|p2a: Garchomp|spe|1\n|\n|upkeep\n|turn|18\n|\n|t:|1699240104\n|move|p2a: Garchomp|Scale Shot|p1a: Arceus\n|-damage|p1a: Arceus|19\/100\n|-damage|p1a: Arceus|10\/100\n|-damage|p1a: Arceus|0 fnt\n|faint|p1a: Arceus\n|-hitcount|p1: Arceus|3\n|-unboost|p2a: Garchomp|def|1\n|-boost|p2a: Garchomp|spe|1\n|\n|upkeep\n|\n|t:|1699240115\n|switch|p1a: Slowking|Slowking-Galar, F|100\/100\n|turn|19\n|\n|t:|1699240120\n|move|p2a: Garchomp|Earthquake|p1a: Slowking\n|-supereffective|p1a: Slowking\n|-damage|p1a: Slowking|12\/100\n|move|p1a: Slowking|Yawn|p2a: Garchomp\n|-start|p2a: Garchomp|move: Yawn|[of] p1a: Slowking\n|\n|upkeep\n|turn|20\n|\n|t:|1699240132\n|switch|p1a: Alomomola|Alomomola, M|45\/100 psn\n|move|p2a: Garchomp|Earthquake|p1a: Alomomola\n|-damage|p1a: Alomomola|19\/100 psn\n|\n|-damage|p1a: Alomomola|7\/100 psn|[from] psn\n|-end|p2a: Garchomp|move: Yawn|[silent]\n|-status|p2a: Garchomp|slp\n|upkeep\n|turn|21\n|\n|t:|1699240139\n|cant|p2a: Garchomp|slp\n|move|p1a: Alomomola|Wish|p1a: Alomomola\n|\n|-damage|p1a: Alomomola|0 fnt|[from] psn\n|faint|p1a: Alomomola\n|upkeep\n|\n|t:|1699240148\n|switch|p1a: Baxcalibur|Baxcalibur, M, tera:Fairy|50\/100 psn\n|turn|22\n|\n|t:|1699240154\n|cant|p2a: Garchomp|slp\n|move|p1a: Baxcalibur|Dragon Dance|p1a: Baxcalibur\n|-boost|p1a: Baxcalibur|atk|1\n|-boost|p1a: Baxcalibur|spe|1\n|\n|-heal|p1a: Baxcalibur|100\/100 psn|[from] move: Wish|[wisher] Alomomola\n|-damage|p1a: Baxcalibur|88\/100 psn|[from] psn\n|upkeep\n|turn|23\n|\n|t:|1699240160\n|-curestatus|p2a: Garchomp|slp|[msg]\n|move|p2a: Garchomp|Earthquake|p1a: Baxcalibur\n|-damage|p1a: Baxcalibur|32\/100 psn\n|move|p1a: Baxcalibur|Icicle Spear|p2a: Garchomp\n|-supereffective|p2a: Garchomp\n|-enditem|p2a: Garchomp|Focus Sash\n|-damage|p2a: Garchomp|1\/100\n|-supereffective|p2a: Garchomp\n|-damage|p2a: Garchomp|0 fnt\n|faint|p2a: Garchomp\n|-hitcount|p2: Garchomp|2\n|\n|-damage|p1a: Baxcalibur|20\/100 psn|[from] psn\n|upkeep\n|\n|t:|1699240172\n|switch|p2a: Zacian|Zacian|100\/100\n|-ability|p2a: Zacian|Intrepid Sword|boost\n|-boost|p2a: Zacian|atk|1\n|turn|24\n|\n|t:|1699240182\n|-terastallize|p2a: Zacian|Fairy\n|move|p2a: Zacian|Play Rough|p1a: Baxcalibur\n|-damage|p1a: Baxcalibur|0 fnt\n|faint|p1a: Baxcalibur\n|\n|upkeep\n|\n|t:|1699240185\n|switch|p1a: Dialga|Dialga|85\/100\n|-ability|p1a: Dialga|Pressure\n|turn|25\n|\n|t:|1699240191\n|switch|p2a: Chi-Yu|Chi-Yu|100\/100\n|-ability|p2a: Chi-Yu|Beads of Ruin\n|move|p1a: Dialga|Fire Blast|p2a: Chi-Yu\n|-resisted|p2a: Chi-Yu\n|-damage|p2a: Chi-Yu|74\/100\n|\n|upkeep\n|turn|26\n|\n|t:|1699240199\n|switch|p1a: Slowking|Slowking-Galar, F|45\/100\n|move|p2a: Chi-Yu|Overheat|p1a: Slowking|[miss]\n|-miss|p2a: Chi-Yu|p1a: Slowking\n|\n|upkeep\n|turn|27\n|\n|t:|1699240207\n|move|p2a: Chi-Yu|Overheat|p1a: Slowking\n|-damage|p1a: Slowking|0 fnt\n|-unboost|p2a: Chi-Yu|spa|2\n|faint|p1a: Slowking\n|\n|upkeep\n|\n|t:|1699240211\n|switch|p1a: Dialga|Dialga|85\/100\n|-ability|p1a: Dialga|Pressure\n|turn|28\n|\n|t:|1699240215\n|move|p2a: Chi-Yu|Overheat|p1a: Dialga\n|-damage|p1a: Dialga|41\/100\n|-unboost|p2a: Chi-Yu|spa|2\n|move|p1a: Dialga|Thunder|p2a: Chi-Yu\n|-damage|p2a: Chi-Yu|23\/100\n|-status|p2a: Chi-Yu|par\n|\n|upkeep\n|turn|29\n|\n|t:|1699240224\n|move|p1a: Dialga|Thunder|p2a: Chi-Yu\n|-crit|p2a: Chi-Yu\n|-damage|p2a: Chi-Yu|0 fnt\n|faint|p2a: Chi-Yu\n|\n|upkeep\n|\n|t:|1699240227\n|switch|p2a: Zacian|Zacian, tera:Fairy|100\/100\n|turn|30\n|\n|t:|1699240234\n|move|p2a: Zacian|Close Combat|p1a: Dialga\n|-supereffective|p1a: Dialga\n|-damage|p1a: Dialga|0 fnt\n|-unboost|p2a: Zacian|def|1\n|-unboost|p2a: Zacian|spd|1\n|faint|p1a: Dialga\n|\n|win|Nerdiestyt\n|c|\u2606Nerdiestyt|Gg\n|c|\u2606rutriyououiyiyuyt|gg\n","uploadtime":1699240249,"views":3,"p1id":"rutriyououiyiyuyt","p2id":"nerdiestyt","formatid":"gen9ubers","rating":0,"private":0,"password":""}