{"id":"gen9ubers-1978199808","p1":"NeskyZin","p2":"ReeeeSquad123","format":"[Gen 9] Ubers","log":"|j|\u2606NeskyZin\n|j|\u2606ReeeeSquad123\n|t:|1698511827\n|gametype|singles\n|player|p1|NeskyZin|cynthia-gen4|1047\n|player|p2|ReeeeSquad123|hilbert-wonderlauncher|1146\n|teamsize|p1|6\n|teamsize|p2|6\n|gen|9\n|tier|[Gen 9] Ubers\n|rated|\n|rule|Sleep Clause Mod: Limit one foe put to sleep\n|rule|Species Clause: Limit one of each Pok\u00e9mon\n|rule|OHKO Clause: OHKO moves are banned\n|rule|Evasion Items Clause: Evasion items are banned\n|rule|Evasion Moves Clause: Evasion moves are banned\n|rule|Endless Battle Clause: Forcing endless battles is banned\n|rule|HP Percentage Mod: HP is shown in percentages\n|clearpoke\n|poke|p1|Infernape, M|\n|poke|p1|Greninja-*, M|\n|poke|p1|Garchomp, F|\n|poke|p1|Gardevoir, M|\n|poke|p1|Zapdos|\n|poke|p1|Volcarona, F|\n|poke|p2|Roaring Moon|\n|poke|p2|Iron Valiant|\n|poke|p2|Corviknight, M|\n|poke|p2|Gholdengo|\n|poke|p2|Ting-Lu|\n|poke|p2|Cyclizar, M|\n|teampreview\n|inactive|Battle timer is ON: inactive players will automatically lose when time's up. (requested by ReeeeSquad123)\n|\n|t:|1698511842\n|start\n|switch|p1a: Garchomp|Garchomp, F|100\/100\n|switch|p2a: Ting-Lu|Ting-Lu|100\/100\n|-ability|p2a: Ting-Lu|Vessel of Ruin\n|turn|1\n|\n|t:|1698511847\n|move|p1a: Garchomp|Spikes|p2a: Ting-Lu\n|-sidestart|p2: ReeeeSquad123|Spikes\n|move|p2a: Ting-Lu|Stealth Rock|p1a: Garchomp\n|-sidestart|p1: NeskyZin|move: Stealth Rock\n|\n|upkeep\n|turn|2\n|\n|t:|1698511850\n|move|p1a: Garchomp|Spikes|p2a: Ting-Lu\n|-sidestart|p2: ReeeeSquad123|Spikes\n|move|p2a: Ting-Lu|Spikes|p1a: Garchomp\n|-sidestart|p1: NeskyZin|Spikes\n|\n|upkeep\n|turn|3\n|\n|t:|1698511855\n|move|p1a: Garchomp|Spikes|p2a: Ting-Lu\n|-sidestart|p2: ReeeeSquad123|Spikes\n|move|p2a: Ting-Lu|Spikes|p1a: Garchomp\n|-sidestart|p1: NeskyZin|Spikes\n|\n|upkeep\n|turn|4\n|\n|t:|1698511858\n|move|p1a: Garchomp|Body Slam|p2a: Ting-Lu\n|-damage|p2a: Ting-Lu|86\/100\n|move|p2a: Ting-Lu|Spikes|p1a: Garchomp\n|-sidestart|p1: NeskyZin|Spikes\n|\n|-heal|p2a: Ting-Lu|92\/100|[from] item: Leftovers\n|upkeep\n|turn|5\n|\n|t:|1698511864\n|move|p1a: Garchomp|Earthquake|p2a: Ting-Lu\n|-damage|p2a: Ting-Lu|66\/100\n|move|p2a: Ting-Lu|Whirlwind|p1a: Garchomp\n|drag|p1a: Volcarona|Volcarona, F|100\/100\n|-damage|p1a: Volcarona|51\/100|[from] Stealth Rock\n|-damage|p1a: Volcarona|26\/100|[from] Spikes\n|\n|-heal|p1a: Volcarona|32\/100|[from] item: Leftovers\n|-heal|p2a: Ting-Lu|72\/100|[from] item: Leftovers\n|upkeep\n|turn|6\n|\n|t:|1698511874\n|move|p1a: Volcarona|Giga Drain|p2a: Ting-Lu\n|-supereffective|p2a: Ting-Lu\n|-damage|p2a: Ting-Lu|54\/100\n|-heal|p1a: Volcarona|45\/100|[from] drain|[of] p2a: Ting-Lu\n|move|p2a: Ting-Lu|Whirlwind|p1a: Volcarona\n|drag|p1a: Zapdos|Zapdos|100\/100\n|-damage|p1a: Zapdos|76\/100|[from] Stealth Rock\n|\n|-heal|p2a: Ting-Lu|60\/100|[from] item: Leftovers\n|upkeep\n|turn|7\n|\n|t:|1698511886\n|move|p1a: Zapdos|Brave Bird|p2a: Ting-Lu\n|-damage|p2a: Ting-Lu|37\/100\n|-damage|p1a: Zapdos|64\/100|[from] Recoil\n|-damage|p1a: Zapdos|54\/100|[from] item: Life Orb\n|move|p2a: Ting-Lu|Whirlwind|p1a: Zapdos\n|drag|p1a: Garchomp|Garchomp, F|100\/100\n|-damage|p1a: Garchomp|94\/100|[from] Stealth Rock\n|-damage|p1a: Garchomp|69\/100|[from] Spikes\n|\n|-heal|p1a: Garchomp|76\/100|[from] item: Leftovers\n|-heal|p2a: Ting-Lu|43\/100|[from] item: Leftovers\n|upkeep\n|turn|8\n|\n|t:|1698511897\n|move|p1a: Garchomp|Outrage|p2a: Ting-Lu\n|-damage|p2a: Ting-Lu|7\/100\n|move|p2a: Ting-Lu|Whirlwind|p1a: Garchomp\n|drag|p1a: Volcarona|Volcarona, F|45\/100\n|-damage|p1a: Volcarona|0 fnt|[from] Stealth Rock\n|faint|p1a: Volcarona\n|\n|-heal|p2a: Ting-Lu|13\/100|[from] item: Leftovers\n|upkeep\n|\n|t:|1698511904\n|switch|p1a: Zapdos|Zapdos|54\/100\n|-damage|p1a: Zapdos|29\/100|[from] Stealth Rock\n|turn|9\n|\n|t:|1698511908\n|move|p1a: Zapdos|Brave Bird|p2a: Ting-Lu\n|-damage|p2a: Ting-Lu|0 fnt\n|faint|p2a: Ting-Lu\n|-damage|p1a: Zapdos|22\/100|[from] Recoil\n|-damage|p1a: Zapdos|12\/100|[from] item: Life Orb\n|\n|upkeep\n|\n|t:|1698511921\n|switch|p2a: Cyclizar|Cyclizar, M|100\/100\n|turn|10\n|\n|t:|1698511925\n|move|p2a: Cyclizar|Rapid Spin|p1a: Zapdos\n|-damage|p1a: Zapdos|0 fnt\n|-boost|p2a: Cyclizar|spe|1\n|-sideend|p2: ReeeeSquad123|Spikes|[from] move: Rapid Spin|[of] p2a: Cyclizar\n|faint|p1a: Zapdos\n|\n|upkeep\n|\n|t:|1698511928\n|switch|p1a: Infernape|Infernape, M|100\/100\n|-damage|p1a: Infernape|88\/100|[from] Stealth Rock\n|-damage|p1a: Infernape|63\/100|[from] Spikes\n|turn|11\n|\n|t:|1698511948\n|move|p2a: Cyclizar|U-turn|p1a: Infernape\n|-resisted|p1a: Infernape\n|-damage|p1a: Infernape|58\/100\n|\n|t:|1698511955\n|switch|p2a: Corviknight|Corviknight, M|100\/100|[from] U-turn\n|-ability|p2a: Corviknight|Pressure\n|move|p1a: Infernape|Close Combat|p2a: Corviknight\n|-damage|p2a: Corviknight|53\/100\n|-unboost|p1a: Infernape|def|1\n|-unboost|p1a: Infernape|spd|1\n|-damage|p1a: Infernape|48\/100|[from] item: Life Orb\n|\n|-heal|p2a: Corviknight|59\/100|[from] item: Leftovers\n|upkeep\n|turn|12\n|\n|t:|1698511962\n|move|p1a: Infernape|Flare Blitz|p2a: Corviknight\n|-supereffective|p2a: Corviknight\n|-damage|p2a: Corviknight|0 fnt\n|faint|p2a: Corviknight\n|-damage|p1a: Infernape|21\/100|[from] Recoil\n|-damage|p1a: Infernape|11\/100|[from] item: Life Orb\n|\n|upkeep\n|\n|t:|1698511975\n|switch|p2a: Cyclizar|Cyclizar, M|100\/100\n|turn|13\n|\n|t:|1698511983\n|move|p2a: Cyclizar|Rapid Spin|p1a: Infernape\n|-damage|p1a: Infernape|0 fnt\n|-boost|p2a: Cyclizar|spe|1\n|faint|p1a: Infernape\n|\n|upkeep\n|\n|t:|1698511985\n|switch|p1a: Gardevoir|Gardevoir, M|100\/100\n|-damage|p1a: Gardevoir|88\/100|[from] Stealth Rock\n|-damage|p1a: Gardevoir|63\/100|[from] Spikes\n|turn|14\n|\n|t:|1698511996\n|move|p2a: Cyclizar|U-turn|p1a: Gardevoir\n|-damage|p1a: Gardevoir|41\/100\n|\n|t:|1698511999\n|switch|p2a: Gholdengo|Gholdengo|100\/100|[from] U-turn\n|move|p1a: Gardevoir|Moonblast|p2a: Gholdengo\n|-resisted|p2a: Gholdengo\n|-damage|p2a: Gholdengo|65\/100\n|-damage|p1a: Gardevoir|31\/100|[from] item: Life Orb\n|\n|upkeep\n|turn|15\n|\n|t:|1698512014\n|switch|p1a: Garchomp|Garchomp, F|76\/100\n|-damage|p1a: Garchomp|69\/100|[from] Stealth Rock\n|-damage|p1a: Garchomp|44\/100|[from] Spikes\n|move|p2a: Gholdengo|Shadow Ball|p1a: Garchomp\n|-damage|p1a: Garchomp|5\/100\n|\n|-heal|p1a: Garchomp|11\/100|[from] item: Leftovers\n|upkeep\n|turn|16\n|\n|t:|1698512023\n|move|p2a: Gholdengo|Shadow Ball|p1a: Garchomp\n|-damage|p1a: Garchomp|0 fnt\n|faint|p1a: Garchomp\n|\n|upkeep\n|\n|t:|1698512028\n|switch|p1a: Greninja|Greninja, M|100\/100\n|-damage|p1a: Greninja|88\/100|[from] Stealth Rock\n|-damage|p1a: Greninja|63\/100|[from] Spikes\n|turn|17\n|\n|t:|1698512033\n|switch|p2a: Iron Valiant|Iron Valiant|100\/100\n|move|p1a: Greninja|Dark Pulse|p2a: Iron Valiant\n|-resisted|p2a: Iron Valiant\n|-damage|p2a: Iron Valiant|84\/100\n|\n|upkeep\n|turn|18\n|\n|t:|1698512047\n|switch|p1a: Gardevoir|Gardevoir, M|31\/100\n|-damage|p1a: Gardevoir|19\/100|[from] Stealth Rock\n|-damage|p1a: Gardevoir|0 fnt|[from] Spikes\n|faint|p1a: Gardevoir\n|move|p2a: Iron Valiant|Moonblast|p1: Gardevoir|[notarget]\n|-fail|p2a: Iron Valiant\n|\n|upkeep\n|\n|t:|1698512051\n|switch|p1a: Greninja|Greninja, M|63\/100\n|-damage|p1a: Greninja|51\/100|[from] Stealth Rock\n|-damage|p1a: Greninja|26\/100|[from] Spikes\n|turn|19\n|\n|t:|1698512055\n|-terastallize|p2a: Iron Valiant|Fairy\n|-terastallize|p1a: Greninja|Water\n|move|p2a: Iron Valiant|Moonblast|p1a: Greninja\n|-damage|p1a: Greninja|0 fnt\n|faint|p1a: Greninja\n|\n|win|ReeeeSquad123\n|raw|NeskyZin's rating: 1047 &rarr; <strong>1035<\/strong><br \/>(-12 for losing)\n|raw|ReeeeSquad123's rating: 1146 &rarr; <strong>1164<\/strong><br \/>(+18 for winning)\n|c|\u2606ReeeeSquad123|Gg\n|l|\u2606NeskyZin\n","uploadtime":1698512302,"views":19,"p1id":"neskyzin","p2id":"reeeesquad123","formatid":"gen9ubers","rating":1035,"private":0,"password":""}