{"id":"gen9ubers-1980661143","p1":"Nagaina040501","p2":"Nuttyr","format":"[Gen 9] Ubers","log":"|j|\u2606Nagaina040501\n|j|\u2606Nuttyr\n|t:|1698809238\n|gametype|singles\n|player|p1|Nagaina040501|sailor|\n|player|p2|Nuttyr|265|\n|teamsize|p1|6\n|teamsize|p2|6\n|gen|9\n|tier|[Gen 9] Ubers\n|rule|Sleep Clause Mod: Limit one foe put to sleep\n|rule|Species Clause: Limit one of each Pok\u00e9mon\n|rule|OHKO Clause: OHKO moves are banned\n|rule|Evasion Items Clause: Evasion items are banned\n|rule|Evasion Moves Clause: Evasion moves are banned\n|rule|Endless Battle Clause: Forcing endless battles is banned\n|rule|HP Percentage Mod: HP is shown in percentages\n|clearpoke\n|poke|p1|Baxcalibur, M|\n|poke|p1|Grimmsnarl, M|\n|poke|p1|Ursaluna-Bloodmoon, M|\n|poke|p1|Zapdos|\n|poke|p1|Slowking-Galar, F|\n|poke|p1|Toxapex, M|\n|poke|p2|Dipplin, M|\n|poke|p2|Gholdengo|\n|poke|p2|Samurott-Hisui, M|\n|poke|p2|Garganacl, M|\n|poke|p2|Quaquaval, F|\n|poke|p2|Ninetales-Alola, F|\n|teampreview\n|inactive|Battle timer is ON: inactive players will automatically lose when time's up. (requested by Nuttyr)\n|inactive|Nagaina040501 has 270 seconds left.\n|\n|t:|1698809290\n|start\n|switch|p1a: Joker|Grimmsnarl, M|100\/100\n|switch|p2a: NaCl|Garganacl, M|100\/100\n|turn|1\n|\n|t:|1698809302\n|move|p1a: Joker|Light Screen|p1a: Joker\n|-sidestart|p1: Nagaina040501|move: Light Screen\n|move|p2a: NaCl|Stealth Rock|p1a: Joker\n|-sidestart|p1: Nagaina040501|move: Stealth Rock\n|\n|upkeep\n|turn|2\n|\n|t:|1698809307\n|move|p1a: Joker|Reflect|p1a: Joker\n|-sidestart|p1: Nagaina040501|Reflect\n|move|p2a: NaCl|Salt Cure|p1a: Joker\n|-damage|p1a: Joker|92\/100\n|-start|p1a: Joker|Salt Cure\n|\n|-damage|p1a: Joker|80\/100|[from] Salt Cure\n|upkeep\n|turn|3\n|\n|t:|1698809319\n|switch|p2a: SlotMachineSuicide|Gholdengo|100\/100\n|-item|p2a: SlotMachineSuicide|Air Balloon\n|move|p1a: Joker|Taunt|p2a: SlotMachineSuicide\n|-immune|p2a: SlotMachineSuicide|[from] ability: Good as Gold\n|\n|-damage|p1a: Joker|67\/100|[from] Salt Cure\n|upkeep\n|turn|4\n|\n|t:|1698809334\n|move|p1a: Joker|Parting Shot|p2a: SlotMachineSuicide\n|-immune|p2a: SlotMachineSuicide|[from] ability: Good as Gold\n|move|p2a: SlotMachineSuicide|Make It Rain|p1a: Joker\n|-supereffective|p1a: Joker\n|-damage|p1a: Joker|0 fnt\n|-unboost|p2a: SlotMachineSuicide|spa|1\n|faint|p1a: Joker\n|\n|upkeep\n|\n|t:|1698809352\n|switch|p1a: HerDer|Slowking-Galar, F|100\/100\n|-damage|p1a: HerDer|88\/100|[from] Stealth Rock\n|turn|5\n|\n|t:|1698809371\n|switch|p2a: Edgelord|Samurott-Hisui, M|100\/100\n|move|p1a: HerDer|Chilly Reception|p1a: HerDer\n|-weather|Snow\n|j| flambojambo\n|\n|t:|1698809390\n|switch|p1a: Claws|Baxcalibur, M|100\/100|[from] Chilly Reception\n|-damage|p1a: Claws|76\/100|[from] Stealth Rock\n|\n|-weather|Snow|[upkeep]\n|upkeep\n|turn|6\n|\n|t:|1698809402\n|move|p2a: Edgelord|Knock Off|p1a: Claws\n|-damage|p1a: Claws|58\/100\n|-enditem|p1a: Claws|Loaded Dice|[from] move: Knock Off|[of] p2a: Edgelord\n|move|p1a: Claws|Glaive Rush|p2a: Edgelord\n|-damage|p2a: Edgelord|1\/100\n|-singlemove|p1a: Claws|Glaive Rush|[silent]\n|\n|-weather|Snow|[upkeep]\n|upkeep\n|turn|7\n|\n|t:|1698809420\n|switch|p2a: Ballcrusher|Ninetales-Alola, F|100\/100\n|move|p1a: Claws|Ice Shard|p2a: Ballcrusher\n|-resisted|p2a: Ballcrusher\n|-damage|p2a: Ballcrusher|89\/100\n|\n|-weather|Snow|[upkeep]\n|upkeep\n|turn|8\n|\n|t:|1698809438\n|move|p2a: Ballcrusher|Aurora Veil|p2a: Ballcrusher\n|-sidestart|p2: Nuttyr|move: Aurora Veil\n|move|p1a: Claws|Dragon Dance|p1a: Claws\n|-boost|p1a: Claws|atk|1\n|-boost|p1a: Claws|spe|1\n|\n|-weather|Snow|[upkeep]\n|-sideend|p1: Nagaina040501|move: Light Screen\n|upkeep\n|turn|9\n|inactive|Nuttyr has 270 seconds left.\n|\n|t:|1698809478\n|move|p1a: Claws|Dragon Dance|p1a: Claws\n|-boost|p1a: Claws|atk|1\n|-boost|p1a: Claws|spe|1\n|move|p2a: Ballcrusher|Moonblast|p1a: Claws\n|-supereffective|p1a: Claws\n|-damage|p1a: Claws|0 fnt\n|faint|p1a: Claws\n|\n|-weather|none\n|-sideend|p1: Nagaina040501|Reflect\n|upkeep\n|\n|t:|1698809492\n|switch|p1a: Grizzly|Ursaluna-Bloodmoon, M|100\/100\n|-damage|p1a: Grizzly|95\/100|[from] Stealth Rock\n|turn|10\n|\n|t:|1698809504\n|-terastallize|p1a: Grizzly|Normal\n|move|p2a: Ballcrusher|Freeze-Dry|p1a: Grizzly\n|-damage|p1a: Grizzly|78\/100\n|move|p1a: Grizzly|Blood Moon|p2a: Ballcrusher\n|-damage|p2a: Ballcrusher|19\/100\n|\n|upkeep\n|turn|11\n|inactive|Nuttyr has 270 seconds left.\n|\n|t:|1698809515\n|switch|p2a: SlotMachineSuicide|Gholdengo|100\/100\n|-item|p2a: SlotMachineSuicide|Air Balloon\n|move|p1a: Grizzly|Earth Power|p2a: SlotMachineSuicide\n|-immune|p2a: SlotMachineSuicide\n|\n|upkeep\n|turn|12\n|inactive|Nuttyr has 270 seconds left.\n|\n|t:|1698809540\n|switch|p1a: Julie|Toxapex, M|100\/100\n|-damage|p1a: Julie|88\/100|[from] Stealth Rock\n|move|p2a: SlotMachineSuicide|Make It Rain|p1a: Julie\n|-resisted|p1a: Julie\n|-damage|p1a: Julie|61\/100\n|-unboost|p2a: SlotMachineSuicide|spa|1\n|\n|-heal|p1a: Julie|67\/100|[from] item: Black Sludge\n|upkeep\n|turn|13\n|\n|t:|1698809551\n|switch|p2a: NaCl|Garganacl, M|100\/100\n|move|p1a: Julie|Toxic Spikes|p2a: NaCl\n|-sidestart|p2: Nuttyr|move: Toxic Spikes\n|\n|-heal|p1a: Julie|74\/100|[from] item: Black Sludge\n|upkeep\n|turn|14\n|\n|t:|1698809559\n|move|p1a: Julie|Recover|p1a: Julie\n|-heal|p1a: Julie|100\/100\n|move|p2a: NaCl|Salt Cure|p1a: Julie\n|-damage|p1a: Julie|92\/100\n|-start|p1a: Julie|Salt Cure\n|\n|-heal|p1a: Julie|99\/100|[from] item: Black Sludge\n|-damage|p1a: Julie|74\/100|[from] Salt Cure\n|upkeep\n|turn|15\n|inactive|Nuttyr has 270 seconds left.\n|\n|t:|1698809573\n|switch|p2a: SlotMachineSuicide|Gholdengo|100\/100\n|-item|p2a: SlotMachineSuicide|Air Balloon\n|move|p1a: Julie|Toxic Spikes|p2a: SlotMachineSuicide\n|-sidestart|p2: Nuttyr|move: Toxic Spikes\n|\n|-heal|p1a: Julie|80\/100|[from] item: Black Sludge\n|-damage|p1a: Julie|55\/100|[from] Salt Cure\n|-sideend|p2: Nuttyr|move: Aurora Veil\n|upkeep\n|turn|16\n|inactive|Nuttyr has 270 seconds left.\n|\n|t:|1698809589\n|move|p2a: SlotMachineSuicide|Shadow Ball|p1a: Julie\n|-damage|p1a: Julie|20\/100\n|move|p1a: Julie|Recover|p1a: Julie\n|-heal|p1a: Julie|70\/100\n|\n|-heal|p1a: Julie|76\/100|[from] item: Black Sludge\n|-damage|p1a: Julie|51\/100|[from] Salt Cure\n|upkeep\n|turn|17\n|inactive|Nuttyr has 270 seconds left.\n|\n|t:|1698809603\n|move|p2a: SlotMachineSuicide|Shadow Ball|p1a: Julie\n|-damage|p1a: Julie|16\/100\n|move|p1a: Julie|Recover|p1a: Julie\n|-heal|p1a: Julie|66\/100\n|\n|-heal|p1a: Julie|72\/100|[from] item: Black Sludge\n|-damage|p1a: Julie|47\/100|[from] Salt Cure\n|upkeep\n|turn|18\n|inactive|Nuttyr has 270 seconds left.\n|\n|t:|1698809619\n|move|p2a: SlotMachineSuicide|Shadow Ball|p1a: Julie\n|-damage|p1a: Julie|9\/100\n|move|p1a: Julie|Recover|p1a: Julie\n|-heal|p1a: Julie|59\/100\n|\n|-heal|p1a: Julie|65\/100|[from] item: Black Sludge\n|-damage|p1a: Julie|40\/100|[from] Salt Cure\n|upkeep\n|turn|19\n|\n|t:|1698809630\n|move|p2a: SlotMachineSuicide|Shadow Ball|p1a: Julie\n|-damage|p1a: Julie|7\/100\n|move|p1a: Julie|Recover|p1a: Julie\n|-heal|p1a: Julie|57\/100\n|\n|-heal|p1a: Julie|64\/100|[from] item: Black Sludge\n|-damage|p1a: Julie|39\/100|[from] Salt Cure\n|upkeep\n|turn|20\n|inactive|Nuttyr has 240 seconds left.\n|\n|t:|1698809663\n|move|p2a: SlotMachineSuicide|Shadow Ball|p1a: Julie\n|-damage|p1a: Julie|6\/100\n|-unboost|p1a: Julie|spd|1\n|move|p1a: Julie|Recover|p1a: Julie\n|-heal|p1a: Julie|56\/100\n|\n|-heal|p1a: Julie|62\/100|[from] item: Black Sludge\n|-damage|p1a: Julie|37\/100|[from] Salt Cure\n|upkeep\n|turn|21\n|\n|t:|1698809676\n|move|p2a: SlotMachineSuicide|Shadow Ball|p1a: Julie\n|-damage|p1a: Julie|0 fnt\n|faint|p1a: Julie\n|\n|upkeep\n|\n|t:|1698809681\n|switch|p1a: Real Gone|Zapdos|100\/100\n|turn|22\n|\n|t:|1698809691\n|move|p1a: Real Gone|Thunderbolt|p2a: SlotMachineSuicide\n|-damage|p2a: SlotMachineSuicide|49\/100\n|-enditem|p2a: SlotMachineSuicide|Air Balloon\n|move|p2a: SlotMachineSuicide|Shadow Ball|p1a: Real Gone\n|-damage|p1a: Real Gone|55\/100\n|\n|upkeep\n|turn|23\n|\n|t:|1698809697\n|move|p1a: Real Gone|Thunderbolt|p2a: SlotMachineSuicide\n|-damage|p2a: SlotMachineSuicide|0 fnt\n|faint|p2a: SlotMachineSuicide\n|\n|upkeep\n|\n|t:|1698809702\n|switch|p2a: NaCl|Garganacl, M|100\/100\n|turn|24\n|\n|t:|1698809726\n|move|p1a: Real Gone|Roost|p1a: Real Gone\n|-heal|p1a: Real Gone|100\/100\n|-singleturn|p1a: Real Gone|move: Roost\n|move|p2a: NaCl|Salt Cure|p1a: Real Gone\n|-damage|p1a: Real Gone|84\/100\n|-start|p1a: Real Gone|Salt Cure\n|\n|-damage|p1a: Real Gone|71\/100|[from] Salt Cure\n|upkeep\n|turn|25\n|\n|t:|1698809739\n|move|p1a: Real Gone|Roost|p1a: Real Gone\n|-heal|p1a: Real Gone|100\/100\n|-singleturn|p1a: Real Gone|move: Roost\n|move|p2a: NaCl|Salt Cure|p1a: Real Gone\n|-damage|p1a: Real Gone|83\/100\n|\n|-damage|p1a: Real Gone|71\/100|[from] Salt Cure\n|upkeep\n|turn|26\n|inactive|Nuttyr has 270 seconds left.\n|\n|t:|1698809757\n|move|p1a: Real Gone|Volt Switch|p2a: NaCl\n|-damage|p2a: NaCl|78\/100\n|\n|t:|1698809760\n|switch|p1a: Grizzly|Ursaluna-Bloodmoon, M, tera:Normal|78\/100|[from] Volt Switch\n|-damage|p1a: Grizzly|66\/100|[from] Stealth Rock\n|move|p2a: NaCl|Salt Cure|p1a: Grizzly\n|-damage|p1a: Grizzly|54\/100\n|-start|p1a: Grizzly|Salt Cure\n|\n|-heal|p2a: NaCl|84\/100|[from] item: Leftovers\n|-damage|p1a: Grizzly|41\/100|[from] Salt Cure\n|upkeep\n|turn|27\n|\n|t:|1698809771\n|switch|p2a: Edgelord|Samurott-Hisui, M|1\/100\n|-status|p2a: Edgelord|tox\n|move|p1a: Grizzly|Blood Moon|p2a: Edgelord\n|-damage|p2a: Edgelord|0 fnt\n|faint|p2a: Edgelord\n|\n|-damage|p1a: Grizzly|29\/100|[from] Salt Cure\n|upkeep\n|\n|t:|1698809779\n|switch|p2a: The Throngler|Dipplin, M|100\/100\n|-status|p2a: The Throngler|tox\n|-ability|p2a: The Throngler|Supersweet Syrup\n|-ability|p2a: The Throngler|Supersweet Syrup|boost\n|-unboost|p1a: Grizzly|evasion|1\n|turn|28\n|\n|t:|1698809790\n|move|p1a: Grizzly|Moonblast|p2a: The Throngler\n|-supereffective|p2a: The Throngler\n|-damage|p2a: The Throngler|63\/100 tox\n|move|p2a: The Throngler|Giga Drain|p1a: Grizzly\n|-damage|p1a: Grizzly|13\/100\n|-heal|p2a: The Throngler|71\/100 tox|[from] drain|[of] p1a: Grizzly\n|\n|-damage|p2a: The Throngler|65\/100 tox|[from] psn\n|-damage|p1a: Grizzly|1\/100|[from] Salt Cure\n|upkeep\n|turn|29\n|\n|t:|1698809813\n|move|p1a: Grizzly|Blood Moon|p2a: The Throngler\n|-damage|p2a: The Throngler|7\/100 tox\n|move|p2a: The Throngler|Giga Drain|p1a: Grizzly\n|-damage|p1a: Grizzly|0 fnt\n|-heal|p2a: The Throngler|8\/100 tox|[from] drain|[of] p1a: Grizzly\n|faint|p1a: Grizzly\n|\n|-damage|p2a: The Throngler|0 fnt|[from] psn\n|faint|p2a: The Throngler\n|upkeep\n|inactive|Nuttyr has 270 seconds left.\n|\n|t:|1698809831\n|switch|p1a: HerDer|Slowking-Galar, F|100\/100\n|switch|p2a: Ballcrusher|Ninetales-Alola, F|19\/100\n|-status|p2a: Ballcrusher|tox\n|-weather|Snow|[from] ability: Snow Warning|[of] p2a: Ballcrusher\n|-damage|p1a: HerDer|88\/100|[from] Stealth Rock\n|turn|30\n|\n|t:|1698809840\n|move|p2a: Ballcrusher|Aurora Veil|p2a: Ballcrusher\n|-sidestart|p2: Nuttyr|move: Aurora Veil\n|move|p1a: HerDer|Psychic|p2a: Ballcrusher\n|-damage|p2a: Ballcrusher|0 fnt\n|faint|p2a: Ballcrusher\n|\n|-weather|Snow|[upkeep]\n|-heal|p1a: HerDer|94\/100|[from] item: Leftovers\n|upkeep\n|\n|t:|1698809844\n|switch|p2a: Howard|Quaquaval, F|100\/100\n|turn|31\n|\n|t:|1698809852\n|move|p2a: Howard|Aqua Step|p1a: HerDer\n|-damage|p1a: HerDer|50\/100\n|-boost|p2a: Howard|spe|1\n|move|p1a: HerDer|Sludge Bomb|p2a: Howard\n|-damage|p2a: Howard|73\/100\n|\n|-weather|Snow|[upkeep]\n|-heal|p1a: HerDer|57\/100|[from] item: Leftovers\n|upkeep\n|turn|32\n|\n|t:|1698809862\n|move|p2a: Howard|Aqua Step|p1a: HerDer\n|-damage|p1a: HerDer|15\/100\n|-boost|p2a: Howard|spe|1\n|move|p1a: HerDer|Psychic|p2a: Howard\n|-supereffective|p2a: Howard\n|-damage|p2a: Howard|18\/100\n|\n|-weather|Snow|[upkeep]\n|-heal|p1a: HerDer|21\/100|[from] item: Leftovers\n|upkeep\n|turn|33\n|\n|t:|1698809876\n|move|p2a: Howard|Aqua Step|p1a: HerDer\n|-damage|p1a: HerDer|0 fnt\n|-boost|p2a: Howard|spe|1\n|faint|p1a: HerDer\n|-ability|p2a: Howard|Moxie|boost\n|-boost|p2a: Howard|atk|1\n|\n|-weather|Snow|[upkeep]\n|upkeep\n|\n|t:|1698809884\n|switch|p1a: Real Gone|Zapdos|71\/100\n|turn|34\n|\n|t:|1698809889\n|move|p2a: Howard|Aqua Step|p1a: Real Gone\n|-damage|p1a: Real Gone|4\/100\n|-boost|p2a: Howard|spe|1\n|move|p1a: Real Gone|Thunderbolt|p2a: Howard\n|-supereffective|p2a: Howard\n|-crit|p2a: Howard\n|-damage|p2a: Howard|0 fnt\n|faint|p2a: Howard\n|\n|-weather|none\n|upkeep\n|\n|t:|1698809895\n|switch|p2a: NaCl|Garganacl, M|84\/100\n|turn|35\n|\n|t:|1698809903\n|move|p1a: Real Gone|Thunderbolt|p2a: NaCl\n|-damage|p2a: NaCl|70\/100\n|move|p2a: NaCl|Salt Cure|p1a: Real Gone\n|-supereffective|p1a: Real Gone\n|-damage|p1a: Real Gone|0 fnt\n|faint|p1a: Real Gone\n|\n|win|Nuttyr\n","uploadtime":1698809918,"views":20,"p1id":"nagaina040501","p2id":"nuttyr","formatid":"gen9ubers","rating":0,"private":0,"password":""}