{"id":"gen9ubers-1980622331","p1":"Laprasrules12","p2":"AlicieLizzie","format":"[Gen 9] Ubers","log":"|j|\u2606Laprasrules12\n|j|\u2606AlicieLizzie\n|t:|1698804369\n|gametype|singles\n|player|p1|Laprasrules12|lusamine-nihilego|\n|player|p2|AlicieLizzie|marnie-masters3|\n|teamsize|p1|6\n|teamsize|p2|6\n|gen|9\n|tier|[Gen 9] Ubers\n|rule|Sleep Clause Mod: Limit one foe put to sleep\n|rule|Species Clause: Limit one of each Pok\u00e9mon\n|rule|OHKO Clause: OHKO moves are banned\n|rule|Evasion Items Clause: Evasion items are banned\n|rule|Evasion Moves Clause: Evasion moves are banned\n|rule|Endless Battle Clause: Forcing endless battles is banned\n|rule|HP Percentage Mod: HP is shown in percentages\n|clearpoke\n|poke|p1|Arceus-Fighting|\n|poke|p1|Espathra, F|\n|poke|p1|Zacian-*|\n|poke|p1|Palkia-Origin|\n|poke|p1|Cyclizar, M|\n|poke|p1|Magearna-Original|\n|poke|p2|Cyclizar, F|\n|poke|p2|Kommo-o, M|\n|poke|p2|Dondozo, M|\n|poke|p2|Shaymin-Sky|\n|poke|p2|Gholdengo|\n|poke|p2|Zacian-*|\n|teampreview\n|inactive|Battle timer is ON: inactive players will automatically lose when time's up. (requested by Laprasrules12)\n|inactive|AlicieLizzie also wants the timer to be on.\n|c|\u2606Laprasrules12|Girl named Espathra vs Girl named Kommo-o\n|\n|t:|1698804393\n|start\n|switch|p1a: Say Gex|Cyclizar, M, shiny|100\/100\n|switch|p2a: It's a Shayme|Shaymin-Sky|100\/100\n|turn|1\n|\n|t:|1698804398\n|move|p1a: Say Gex|Shed Tail|p1a: Say Gex\n|-start|p1a: Say Gex|Substitute|[from] move: Shed Tail\n|-damage|p1a: Say Gex|50\/100\n|\n|t:|1698804404\n|switch|p1a: Cleopatra|Espathra, F, shiny|100\/100|[from] Shed Tail\n|move|p2a: It's a Shayme|Air Slash|p1a: Cleopatra\n|-end|p1a: Cleopatra|Substitute\n|\n|upkeep\n|turn|2\n|\n|t:|1698804406\n|move|p1a: Cleopatra|Protect|p1a: Cleopatra\n|-singleturn|p1a: Cleopatra|Protect\n|move|p2a: It's a Shayme|Leech Seed|p1a: Cleopatra\n|-activate|p1a: Cleopatra|move: Protect\n|\n|-ability|p1a: Cleopatra|Speed Boost|boost\n|-boost|p1a: Cleopatra|spe|1\n|upkeep\n|turn|3\n|\n|t:|1698804408\n|move|p1a: Cleopatra|Calm Mind|p1a: Cleopatra\n|-boost|p1a: Cleopatra|spa|1\n|-boost|p1a: Cleopatra|spd|1\n|move|p2a: It's a Shayme|Leech Seed|p1a: Cleopatra\n|-start|p1a: Cleopatra|move: Leech Seed\n|\n|-damage|p1a: Cleopatra|88\/100|[from] Leech Seed|[of] p2a: It's a Shayme\n|-ability|p1a: Cleopatra|Speed Boost|boost\n|-boost|p1a: Cleopatra|spe|1\n|upkeep\n|turn|4\n|\n|t:|1698804414\n|move|p1a: Cleopatra|Stored Power|p2a: It's a Shayme\n|-damage|p2a: It's a Shayme|19\/100\n|move|p2a: It's a Shayme|Substitute|p2a: It's a Shayme\n|-fail|p2a: It's a Shayme|move: Substitute|[weak]\n|\n|-heal|p1a: Cleopatra|94\/100|[from] item: Leftovers\n|-damage|p1a: Cleopatra|82\/100|[from] Leech Seed|[of] p2a: It's a Shayme\n|-heal|p2a: It's a Shayme|30\/100|[silent]\n|-ability|p1a: Cleopatra|Speed Boost|boost\n|-boost|p1a: Cleopatra|spe|1\n|upkeep\n|turn|5\n|\n|t:|1698804423\n|move|p1a: Cleopatra|Calm Mind|p1a: Cleopatra\n|-boost|p1a: Cleopatra|spa|1\n|-boost|p1a: Cleopatra|spd|1\n|move|p2a: It's a Shayme|Air Slash|p1a: Cleopatra\n|-damage|p1a: Cleopatra|62\/100\n|\n|-heal|p1a: Cleopatra|68\/100|[from] item: Leftovers\n|-damage|p1a: Cleopatra|55\/100|[from] Leech Seed|[of] p2a: It's a Shayme\n|-heal|p2a: It's a Shayme|41\/100|[silent]\n|-ability|p1a: Cleopatra|Speed Boost|boost\n|-boost|p1a: Cleopatra|spe|1\n|upkeep\n|turn|6\n|\n|t:|1698804427\n|move|p1a: Cleopatra|Stored Power|p2a: It's a Shayme\n|-damage|p2a: It's a Shayme|0 fnt\n|faint|p2a: It's a Shayme\n|\n|-heal|p1a: Cleopatra|61\/100|[from] item: Leftovers\n|-ability|p1a: Cleopatra|Speed Boost|boost\n|-boost|p1a: Cleopatra|spe|1\n|upkeep\n|\n|t:|1698804442\n|switch|p2a: Spiffy as Silver|Gholdengo|100\/100\n|turn|7\n|\n|t:|1698804446\n|move|p1a: Cleopatra|Protect|p1a: Cleopatra\n|-singleturn|p1a: Cleopatra|Protect\n|move|p2a: Spiffy as Silver|Trick|p1a: Cleopatra\n|-activate|p1a: Cleopatra|move: Protect\n|\n|-heal|p1a: Cleopatra|68\/100|[from] item: Leftovers\n|-damage|p1a: Cleopatra|55\/100|[from] Leech Seed|[of] p2a: Spiffy as Silver\n|-ability|p1a: Cleopatra|Speed Boost|boost\n|-boost|p1a: Cleopatra|spe|1\n|upkeep\n|turn|8\n|\n|t:|1698804450\n|move|p1a: Cleopatra|Stored Power|p2a: Spiffy as Silver\n|-resisted|p2a: Spiffy as Silver\n|-damage|p2a: Spiffy as Silver|0 fnt\n|faint|p2a: Spiffy as Silver\n|\n|-heal|p1a: Cleopatra|61\/100|[from] item: Leftovers\n|upkeep\n|\n|t:|1698804458\n|switch|p2a: Kommo-OH NO|Kommo-o, M|100\/100\n|turn|9\n|\n|t:|1698804461\n|-terastallize|p2a: Kommo-OH NO|Normal\n|move|p1a: Cleopatra|Stored Power|p2a: Kommo-OH NO\n|-damage|p2a: Kommo-OH NO|0 fnt\n|faint|p2a: Kommo-OH NO\n|\n|-heal|p1a: Cleopatra|67\/100|[from] item: Leftovers\n|upkeep\n|c|\u2606AlicieLizzie|i let it snowball too early <\/3\n|\n|t:|1698804477\n|switch|p2a: Marlon Brandozo|Dondozo, M|100\/100\n|turn|10\n|c|\u2606Laprasrules12|Oh no indeed\n|\n|t:|1698804482\n|move|p1a: Cleopatra|Stored Power|p2a: Marlon Brandozo\n|-damage|p2a: Marlon Brandozo|0 fnt\n|faint|p2a: Marlon Brandozo\n|\n|-heal|p1a: Cleopatra|73\/100|[from] item: Leftovers\n|upkeep\n|\n|t:|1698804484\n|switch|p2a: Cycle Dryer|Cyclizar, F|100\/100\n|turn|11\n|c|\u2606Laprasrules12|GG\n|\n|t:|1698804488\n|move|p1a: Cleopatra|Stored Power|p2a: Cycle Dryer\n|-damage|p2a: Cycle Dryer|0 fnt\n|faint|p2a: Cycle Dryer\n|\n|-heal|p1a: Cleopatra|79\/100|[from] item: Leftovers\n|upkeep\n|\n|t:|1698804489\n|switch|p2a: Zac King|Zacian|100\/100\n|-ability|p2a: Zac King|Intrepid Sword|boost\n|-boost|p2a: Zac King|atk|1\n|turn|12\n|\n|t:|1698804491\n|move|p1a: Cleopatra|Calm Mind|p1a: Cleopatra\n|-boost|p1a: Cleopatra|spa|1\n|-boost|p1a: Cleopatra|spd|1\n|move|p2a: Zac King|Play Rough|p1a: Cleopatra\n|-damage|p1a: Cleopatra|0 fnt\n|faint|p1a: Cleopatra\n|\n|upkeep\n|c|\u2606Laprasrules12|FUCK\n|c|\u2606AlicieLizzie|lmao\n|c|\u2606Laprasrules12|MISCLICK\n|\n|t:|1698804499\n|switch|p1a: Pok\u00e9ball|Magearna-Original|100\/100\n|turn|13\n|c|\u2606AlicieLizzie|aint no way i win the 1v5\n|c|\u2606AlicieLizzie|cause im choices\n|c|\u2606AlicieLizzie|d\n|\n|t:|1698804511\n|move|p2a: Zac King|Play Rough|p1a: Pok\u00e9ball\n|-resisted|p1a: Pok\u00e9ball\n|-damage|p1a: Pok\u00e9ball|61\/100\n|move|p1a: Pok\u00e9ball|Spikes|p2a: Zac King\n|-sidestart|p2: AlicieLizzie|Spikes\n|\n|-heal|p1a: Pok\u00e9ball|67\/100|[from] item: Leftovers\n|upkeep\n|turn|14\n|\n|t:|1698804514\n|move|p2a: Zac King|Play Rough|p1a: Pok\u00e9ball|[miss]\n|-miss|p2a: Zac King|p1a: Pok\u00e9ball\n|move|p1a: Pok\u00e9ball|Thunder Wave|p2a: Zac King|[miss]\n|-miss|p1a: Pok\u00e9ball|p2a: Zac King\n|\n|-heal|p1a: Pok\u00e9ball|73\/100|[from] item: Leftovers\n|upkeep\n|turn|15\n|c|\u2606AlicieLizzie|what\n|c|\u2606AlicieLizzie|lmfao\n|c|\u2606Laprasrules12|Why did I spike\n|c|\u2606Laprasrules12|Fml\n|c|\u2606AlicieLizzie|1% chance for that turn to happen btw\n|\n|t:|1698804533\n|move|p2a: Zac King|Play Rough|p1a: Pok\u00e9ball\n|-resisted|p1a: Pok\u00e9ball\n|-damage|p1a: Pok\u00e9ball|30\/100\n|move|p1a: Pok\u00e9ball|Thunder Wave|p2a: Zac King\n|-status|p2a: Zac King|par\n|\n|-heal|p1a: Pok\u00e9ball|36\/100|[from] item: Leftovers\n|upkeep\n|turn|16\n|\n|t:|1698804540\n|move|p2a: Zac King|Play Rough|p1a: Pok\u00e9ball\n|-resisted|p1a: Pok\u00e9ball\n|-damage|p1a: Pok\u00e9ball|0 fnt\n|faint|p1a: Pok\u00e9ball\n|\n|upkeep\n|\n|t:|1698804541\n|switch|p1a: Kratos|Arceus-Fighting, shiny|100\/100\n|turn|17\n|\n|t:|1698804544\n|-terastallize|p1a: Kratos|Poison\n|move|p1a: Kratos|Cosmic Power|p1a: Kratos\n|-boost|p1a: Kratos|def|1\n|-boost|p1a: Kratos|spd|1\n|cant|p2a: Zac King|par\n|\n|upkeep\n|turn|18\n|\n|t:|1698804547\n|move|p1a: Kratos|Cosmic Power|p1a: Kratos\n|-boost|p1a: Kratos|def|1\n|-boost|p1a: Kratos|spd|1\n|move|p2a: Zac King|Play Rough|p1a: Kratos\n|-resisted|p1a: Kratos\n|-damage|p1a: Kratos|86\/100\n|\n|upkeep\n|turn|19\n|\n|t:|1698804549\n|move|p1a: Kratos|Cosmic Power|p1a: Kratos\n|-boost|p1a: Kratos|def|1\n|-boost|p1a: Kratos|spd|1\n|move|p2a: Zac King|Play Rough|p1a: Kratos\n|-resisted|p1a: Kratos\n|-damage|p1a: Kratos|76\/100\n|\n|upkeep\n|turn|20\n|c|\u2606AlicieLizzie|this is just rude\n|\n|t:|1698804555\n|move|p1a: Kratos|Cosmic Power|p1a: Kratos\n|-boost|p1a: Kratos|def|1\n|-boost|p1a: Kratos|spd|1\n|move|p2a: Zac King|Play Rough|p1a: Kratos\n|-resisted|p1a: Kratos\n|-damage|p1a: Kratos|68\/100\n|\n|upkeep\n|turn|21\n|\n|t:|1698804561\n|move|p1a: Kratos|Cosmic Power|p1a: Kratos\n|-boost|p1a: Kratos|def|1\n|-boost|p1a: Kratos|spd|1\n|move|p2a: Zac King|Play Rough|p1a: Kratos\n|-resisted|p1a: Kratos\n|-damage|p1a: Kratos|60\/100\n|\n|upkeep\n|turn|22\n|\n|t:|1698804565\n|move|p1a: Kratos|Cosmic Power|p1a: Kratos\n|-boost|p1a: Kratos|def|1\n|-boost|p1a: Kratos|spd|1\n|move|p2a: Zac King|Play Rough|p1a: Kratos\n|-resisted|p1a: Kratos\n|-damage|p1a: Kratos|54\/100\n|\n|upkeep\n|turn|23\n|c|\u2606AlicieLizzie|why are you doing this to me lapras\n|c|\u2606AlicieLizzie|what did i do to you\n|\n|t:|1698804577\n|move|p1a: Kratos|Recover|p1a: Kratos\n|-heal|p1a: Kratos|100\/100\n|move|p2a: Zac King|Play Rough|p1a: Kratos|[miss]\n|-miss|p2a: Zac King|p1a: Kratos\n|\n|upkeep\n|turn|24\n|\n|t:|1698804585\n|move|p1a: Kratos|Stored Power|p2a: Zac King\n|-damage|p2a: Zac King|37\/100 par\n|move|p2a: Zac King|Play Rough|p1a: Kratos\n|-resisted|p1a: Kratos\n|-damage|p1a: Kratos|94\/100\n|\n|upkeep\n|turn|25\n|c|\u2606AlicieLizzie|wtf\n|c|\u2606Laprasrules12|I dunno\n|c|\u2606AlicieLizzie|that's wild\n|\n|t:|1698804601\n|move|p1a: Kratos|Body Press|p2a: Zac King\n|-resisted|p2a: Zac King\n|-damage|p2a: Zac King|0 fnt\n|faint|p2a: Zac King\n|\n|win|Laprasrules12\n","uploadtime":1698804610,"views":17,"p1id":"laprasrules12","p2id":"alicielizzie","formatid":"gen9ubers","rating":0,"private":0,"password":""}