{"id":"gen9ubers-1992400338","p1":"Anne Frankkkk","p2":"jiancat","format":"[Gen 9] Ubers","log":"|j|\u2606Anne Frankkkk\n|j|\u2606jiancat\n|t:|1700183173\n|gametype|singles\n|player|p1|Anne Frankkkk|hilbert|1253\n|player|p2|jiancat|dawn|1303\n|teamsize|p1|6\n|teamsize|p2|6\n|gen|9\n|tier|[Gen 9] Ubers\n|rated|\n|rule|Sleep Clause Mod: Limit one foe put to sleep\n|rule|Species Clause: Limit one of each Pok\u00e9mon\n|rule|OHKO Clause: OHKO moves are banned\n|rule|Evasion Items Clause: Evasion items are banned\n|rule|Evasion Moves Clause: Evasion moves are banned\n|rule|Endless Battle Clause: Forcing endless battles is banned\n|rule|HP Percentage Mod: HP is shown in percentages\n|clearpoke\n|poke|p1|Regieleki|\n|poke|p1|Kyogre|\n|poke|p1|Chien-Pao|\n|poke|p1|Ribombee, M|\n|poke|p1|Miraidon|\n|poke|p1|Flutter Mane|\n|poke|p2|Clodsire, F|\n|poke|p2|Iron Bundle|\n|poke|p2|Koraidon|\n|poke|p2|Miraidon|\n|poke|p2|Dondozo, F|\n|poke|p2|Iron Treads|\n|teampreview\n|inactive|Battle timer is ON: inactive players will automatically lose when time's up. (requested by jiancat)\n|\n|t:|1700183190\n|start\n|switch|p1a: Ice Cat|Chien-Pao|100\/100\n|switch|p2a: Miraidon|Miraidon|100\/100\n|-fieldstart|move: Electric Terrain|[from] ability: Hadron Engine|[of] p2a: Miraidon\n|-ability|p1a: Ice Cat|Sword of Ruin\n|turn|1\n|\n|t:|1700183195\n|switch|p2a: Iron Treads|Iron Treads|100\/100\n|-activate|p2a: Iron Treads|ability: Quark Drive\n|-start|p2a: Iron Treads|quarkdrivedef\n|move|p1a: Ice Cat|Ice Spinner|p2a: Iron Treads\n|-damage|p2a: Iron Treads|77\/100\n|-fieldend|move: Electric Terrain\n|-end|p2a: Iron Treads|Quark Drive\n|\n|-heal|p2a: Iron Treads|83\/100|[from] item: Leftovers\n|upkeep\n|turn|2\n|\n|t:|1700183198\n|move|p1a: Ice Cat|Sacred Sword|p2a: Iron Treads\n|-supereffective|p2a: Iron Treads\n|-damage|p2a: Iron Treads|38\/100\n|move|p2a: Iron Treads|Knock Off|p1a: Ice Cat\n|-resisted|p1a: Ice Cat\n|-damage|p1a: Ice Cat|83\/100\n|-enditem|p1a: Ice Cat|Focus Sash|[from] move: Knock Off|[of] p2a: Iron Treads\n|\n|-heal|p2a: Iron Treads|44\/100|[from] item: Leftovers\n|upkeep\n|turn|3\n|\n|t:|1700183202\n|-end|p2a: Iron Treads|Quark Drive|[silent]\n|switch|p2a: Dondozo|Dondozo, F|100\/100\n|move|p1a: Ice Cat|Sacred Sword|p2a: Dondozo\n|-damage|p2a: Dondozo|82\/100\n|\n|-heal|p2a: Dondozo|88\/100|[from] item: Leftovers\n|upkeep\n|turn|4\n|\n|t:|1700183208\n|switch|p1a: Bzzzzt|Regieleki, shiny|100\/100\n|move|p2a: Dondozo|Liquidation|p1a: Bzzzzt\n|-damage|p1a: Bzzzzt|39\/100\n|-unboost|p1a: Bzzzzt|def|1\n|\n|-heal|p2a: Dondozo|95\/100|[from] item: Leftovers\n|upkeep\n|turn|5\n|\n|t:|1700183217\n|switch|p1a: Ice Cat|Chien-Pao|83\/100\n|-ability|p1a: Ice Cat|Sword of Ruin\n|switch|p2a: Iron Treads|Iron Treads|44\/100\n|\n|-heal|p2a: Iron Treads|50\/100|[from] item: Leftovers\n|upkeep\n|turn|6\n|\n|t:|1700183220\n|-end|p2a: Iron Treads|Quark Drive|[silent]\n|switch|p2a: Dondozo|Dondozo, F|95\/100\n|move|p1a: Ice Cat|Sacred Sword|p2a: Dondozo\n|-damage|p2a: Dondozo|74\/100\n|\n|-heal|p2a: Dondozo|80\/100|[from] item: Leftovers\n|upkeep\n|turn|7\n|\n|t:|1700183229\n|switch|p1a: Moonblast|Ribombee, M, shiny|100\/100\n|move|p2a: Dondozo|Liquidation|p1a: Moonblast\n|-crit|p1a: Moonblast\n|-damage|p1a: Moonblast|13\/100\n|\n|-heal|p2a: Dondozo|86\/100|[from] item: Leftovers\n|upkeep\n|turn|8\n|\n|t:|1700183234\n|switch|p2a: Iron Treads|Iron Treads|50\/100\n|move|p1a: Moonblast|Sticky Web|p2a: Iron Treads\n|-sidestart|p2: jiancat|move: Sticky Web\n|\n|-heal|p2a: Iron Treads|57\/100|[from] item: Leftovers\n|upkeep\n|turn|9\n|\n|t:|1700183237\n|switch|p1a: Misdreavius|Flutter Mane, shiny|100\/100\n|-enditem|p1a: Misdreavius|Booster Energy\n|-activate|p1a: Misdreavius|ability: Protosynthesis|[fromitem]\n|-start|p1a: Misdreavius|protosynthesisspe\n|move|p2a: Iron Treads|Rapid Spin|p1a: Misdreavius\n|-immune|p1a: Misdreavius\n|\n|-heal|p2a: Iron Treads|63\/100|[from] item: Leftovers\n|upkeep\n|turn|10\n|\n|t:|1700183241\n|move|p1a: Misdreavius|Shadow Ball|p2a: Iron Treads\n|-damage|p2a: Iron Treads|11\/100\n|move|p2a: Iron Treads|Knock Off|p1a: Misdreavius\n|-damage|p1a: Misdreavius|66\/100\n|\n|-heal|p2a: Iron Treads|17\/100|[from] item: Leftovers\n|upkeep\n|turn|11\n|-message|jiancat forfeited.\n|\n|win|Anne Frankkkk\n|raw|Anne Frankkkk's rating: 1253 &rarr; <strong>1282<\/strong><br \/>(+29 for winning)\n|raw|jiancat's rating: 1303 &rarr; <strong>1280<\/strong><br \/>(-23 for losing)\n","uploadtime":1700183252,"views":6,"p1id":"annefrankkkk","p2id":"jiancat","formatid":"gen9ubers","rating":1280,"private":0,"password":""}