{"id":"gen9ubers-1988926643","p1":"marvin1","p2":"stealthr2","format":"[Gen 9] Ubers","log":"|j|\u2606marvin1\n|j|\u2606stealthr2\n|t:|1699789159\n|gametype|singles\n|player|p1|marvin1|rika|\n|player|p2|stealthr2|grimsley|\n|teamsize|p1|6\n|teamsize|p2|6\n|gen|9\n|tier|[Gen 9] Ubers\n|rule|Sleep Clause Mod: Limit one foe put to sleep\n|rule|Species Clause: Limit one of each Pok\u00e9mon\n|rule|OHKO Clause: OHKO moves are banned\n|rule|Evasion Items Clause: Evasion items are banned\n|rule|Evasion Moves Clause: Evasion moves are banned\n|rule|Endless Battle Clause: Forcing endless battles is banned\n|rule|HP Percentage Mod: HP is shown in percentages\n|clearpoke\n|poke|p1|Sneasel, F|\n|poke|p1|Gliscor, M|\n|poke|p1|Slowking-Galar, F|\n|poke|p1|Kingambit, F|\n|poke|p1|Drifblim, M|\n|poke|p1|Gallade, M|\n|poke|p2|Sandslash-Alola, M|\n|poke|p2|Basculin-Blue-Striped, M|\n|poke|p2|Bellibolt, F|\n|poke|p2|Dragapult, M|\n|poke|p2|Torterra, F|\n|poke|p2|Moltres|\n|teampreview\n|j| thatguy_313\n|c|\u2606stealthr2|i wasnt even gonna bring torterra but for the golden fist suspense i might aswell\n|c| thatguy_313|Potential conference finals preview???\n|c| thatguy_313|Also fun fact, Gliscor has been banned from OU\n|c|\u2606stealthr2|wow\n|c|\u2606stealthr2|it was rly good but i didnt think it should have been banned\n|c|\u2606stealthr2|glhf\n|\n|t:|1699789330\n|start\n|switch|p1a: shrimp fried rice|Gliscor, M|100\/100\n|switch|p2a: Undercooked|Moltres, shiny|100\/100\n|turn|1\n|c| thatguy_313|Okay those nicknames lined up well lol\n|c|\u2606stealthr2|hahaha\n|\n|t:|1699789395\n|move|p1a: shrimp fried rice|Protect|p1a: shrimp fried rice\n|-singleturn|p1a: shrimp fried rice|Protect\n|move|p2a: Undercooked|Overheat|p1a: shrimp fried rice\n|-activate|p1a: shrimp fried rice|move: Protect\n|\n|-status|p1a: shrimp fried rice|tox|[from] item: Toxic Orb\n|upkeep\n|turn|2\n|c|\u2606stealthr2|woop\n|\n|t:|1699789434\n|switch|p1a: cone snail|Slowking-Galar, F|100\/100\n|move|p2a: Undercooked|Overheat|p1a: cone snail\n|-damage|p1a: cone snail|37\/100\n|-unboost|p2a: Undercooked|spa|2\n|\n|-heal|p1a: cone snail|43\/100|[from] item: Black Sludge\n|upkeep\n|turn|3\n|\n|t:|1699789538\n|-terastallize|p2a: Undercooked|Fire\n|move|p2a: Undercooked|Overheat|p1a: cone snail|[miss]\n|-miss|p2a: Undercooked|p1a: cone snail\n|move|p1a: cone snail|Sludge Bomb|p2a: Undercooked\n|-damage|p2a: Undercooked|61\/100\n|-status|p2a: Undercooked|psn\n|\n|-heal|p1a: cone snail|49\/100|[from] item: Black Sludge\n|-damage|p2a: Undercooked|48\/100 psn|[from] psn\n|upkeep\n|turn|4\n|c|\u2606stealthr2|oh great heavens\n|\n|t:|1699789600\n|switch|p2a: Ice Time|Sandslash-Alola, M|100\/100\n|switch|p1a: kelp|Gallade, M|100\/100\n|\n|upkeep\n|turn|5\n|\n|t:|1699789734\n|switch|p2a: Undercooked|Moltres, shiny, tera:Fire|48\/100 psn\n|move|p1a: kelp|Night Slash|p2a: Undercooked\n|-damage|p2a: Undercooked|0 fnt\n|faint|p2a: Undercooked\n|-damage|p1a: kelp|91\/100|[from] item: Life Orb\n|\n|upkeep\n|\n|t:|1699789776\n|switch|p2a: Lime|Basculin-Blue-Striped, M, shiny|100\/100\n|turn|6\n|\n|t:|1699789796\n|switch|p1a: pufferfish|Drifblim, M|100\/100\n|move|p2a: Lime|Wave Crash|p1a: pufferfish\n|-damage|p1a: pufferfish|3\/100\n|-damage|p2a: Lime|43\/100|[from] Recoil\n|\n|upkeep\n|turn|7\n|\n|t:|1699789829\n|move|p2a: Lime|Wave Crash|p1a: pufferfish\n|-damage|p1a: pufferfish|0 fnt\n|faint|p1a: pufferfish\n|-damage|p2a: Lime|41\/100|[from] Recoil\n|\n|upkeep\n|\n|t:|1699789877\n|switch|p1a: oyster|Kingambit, F|100\/100\n|-activate|p1a: oyster|ability: Supreme Overlord\n|-start|p1a: oyster|fallen1|[silent]\n|turn|8\n|\n|t:|1699789902\n|switch|p2a: Froggie Smalls|Bellibolt, F|100\/100\n|move|p1a: oyster|Sucker Punch||[still]\n|-fail|p1a: oyster\n|\n|upkeep\n|turn|9\n|j| amdomo\n|\n|t:|1699789945\n|-end|p1a: oyster|fallen1|[silent]\n|switch|p1a: cone snail|Slowking-Galar, F|82\/100\n|move|p2a: Froggie Smalls|Soak|p1a: cone snail\n|-start|p1a: cone snail|typechange|Water\n|\n|-damage|p1a: cone snail|70\/100|[from] item: Black Sludge\n|upkeep\n|turn|10\n|c|\u2606stealthr2|mwahahah\n|\n|t:|1699789993\n|move|p2a: Froggie Smalls|Soak|p1a: cone snail\n|-fail|p1a: cone snail\n|move|p1a: cone snail|Toxic|p2a: Froggie Smalls\n|-status|p2a: Froggie Smalls|tox\n|\n|-damage|p1a: cone snail|58\/100|[from] item: Black Sludge\n|-damage|p2a: Froggie Smalls|94\/100 tox|[from] psn\n|upkeep\n|turn|11\n|c| thatguy_313|Ooooh\n|\n|t:|1699790065\n|switch|p1a: kelp|Gallade, M|91\/100\n|move|p2a: Froggie Smalls|Soak|p1a: kelp\n|-start|p1a: kelp|typechange|Water\n|\n|-heal|p2a: Froggie Smalls|100\/100 tox|[from] item: Leftovers\n|-damage|p2a: Froggie Smalls|88\/100 tox|[from] psn\n|upkeep\n|turn|12\n|\n|t:|1699790073\n|move|p1a: kelp|Sacred Sword|p2a: Froggie Smalls\n|-damage|p2a: Froggie Smalls|49\/100 tox\n|-start|p2a: Froggie Smalls|Charge|Sacred Sword|[from] ability: Electromorphosis\n|-damage|p1a: kelp|81\/100|[from] item: Life Orb\n|move|p2a: Froggie Smalls|Parabolic Charge|p1a: kelp\n|-supereffective|p1a: kelp\n|-damage|p1a: kelp|0 fnt\n|-heal|p2a: Froggie Smalls|75\/100 tox|[from] drain|[of] p1a: kelp\n|faint|p1a: kelp\n|-end|p2a: Froggie Smalls|Charge|[silent]\n|\n|-heal|p2a: Froggie Smalls|82\/100 tox|[from] item: Leftovers\n|-damage|p2a: Froggie Smalls|63\/100 tox|[from] psn\n|upkeep\n|\n|t:|1699790097\n|switch|p1a: shrimp fried rice|Gliscor, M|100\/100 tox\n|turn|13\n|j| SamsungS5\n|\n|t:|1699790135\n|switch|p2a: LeTurt James|Torterra, F|100\/100\n|-terastallize|p1a: shrimp fried rice|Normal\n|move|p1a: shrimp fried rice|Earthquake|p2a: LeTurt James\n|-resisted|p2a: LeTurt James\n|-damage|p2a: LeTurt James|81\/100\n|\n|-heal|p2a: LeTurt James|87\/100|[from] item: Leftovers\n|upkeep\n|turn|14\n|c| amdomo|are you limit testing on marvin\n|c|\u2606stealthr2|shhh\n|\n|t:|1699790226\n|move|p1a: shrimp fried rice|Dual Wingbeat|p2a: LeTurt James\n|-supereffective|p2a: LeTurt James\n|-damage|p2a: LeTurt James|56\/100\n|-supereffective|p2a: LeTurt James\n|-damage|p2a: LeTurt James|25\/100\n|-hitcount|p2a: LeTurt James|2\n|move|p2a: LeTurt James|Shell Smash|p2a: LeTurt James\n|-unboost|p2a: LeTurt James|def|1\n|-unboost|p2a: LeTurt James|spd|1\n|-boost|p2a: LeTurt James|atk|2\n|-boost|p2a: LeTurt James|spa|2\n|-boost|p2a: LeTurt James|spe|2\n|\n|-heal|p2a: LeTurt James|31\/100|[from] item: Leftovers\n|upkeep\n|turn|15\n|\n|t:|1699790268\n|move|p2a: LeTurt James|Earthquake|p1a: shrimp fried rice\n|-damage|p1a: shrimp fried rice|32\/100 tox\n|move|p1a: shrimp fried rice|Dual Wingbeat|p2a: LeTurt James\n|-supereffective|p2a: LeTurt James\n|-damage|p2a: LeTurt James|0 fnt\n|faint|p2a: LeTurt James\n|-hitcount|p2: LeTurt James|1\n|\n|-heal|p1a: shrimp fried rice|45\/100 tox|[from] ability: Poison Heal\n|upkeep\n|\n|t:|1699790299\n|switch|p2a: Lime|Basculin-Blue-Striped, M, shiny|41\/100\n|turn|16\n|\n|t:|1699790304\n|move|p1a: shrimp fried rice|Protect|p1a: shrimp fried rice\n|-singleturn|p1a: shrimp fried rice|Protect\n|move|p2a: Lime|Wave Crash|p1a: shrimp fried rice\n|-activate|p1a: shrimp fried rice|move: Protect\n|\n|-heal|p1a: shrimp fried rice|57\/100 tox|[from] ability: Poison Heal\n|upkeep\n|turn|17\n|c|\u2606stealthr2|lots of food nicknames in this one\n|c| thatguy_313|Making me hungry\n|l| SamsungS5\n|j| SamsungS5\n|c|\u2606stealthr2|u cant lie basculin looks like a lime slice\n|\n|t:|1699790429\n|switch|p1a: cone snail|Slowking-Galar, F|91\/100\n|move|p2a: Lime|Wave Crash|p1a: cone snail\n|-damage|p1a: cone snail|6\/100\n|-damage|p2a: Lime|2\/100|[from] Recoil\n|\n|-heal|p1a: cone snail|12\/100|[from] item: Black Sludge\n|upkeep\n|turn|18\n|c| amdomo|basculin looks like a fish aint gonna lie\n|c|\u2606stealthr2|if they put a basculin on my gin and tonic at a bar i wouldnt even notice\n|c| thatguy_313|You wouldn't notice because you'd be too busy playing random battles on your phone\n|c|\u2606stealthr2|thats also a good point\n|c| amdomo|pkm showdonw on phone...\n|c| SamsungS5|Pok\u00e9mon showdown not on PC is the worst thing ever\n|\n|t:|1699790596\n|switch|p2a: Ice Time|Sandslash-Alola, M|100\/100\n|move|p1a: cone snail|Ice Beam|p2a: Ice Time\n|-resisted|p2a: Ice Time\n|-damage|p2a: Ice Time|92\/100\n|\n|-heal|p1a: cone snail|18\/100|[from] item: Black Sludge\n|upkeep\n|turn|19\n|\n|t:|1699790619\n|move|p2a: Ice Time|Snowscape|p2a: Ice Time\n|-weather|Snow\n|move|p1a: cone snail|Taunt|p2a: Ice Time\n|-start|p2a: Ice Time|move: Taunt\n|\n|-weather|Snow|[upkeep]\n|-heal|p1a: cone snail|24\/100|[from] item: Black Sludge\n|upkeep\n|turn|20\n|\n|t:|1699790653\n|switch|p1a: shrimp fried rice|Gliscor, M, tera:Normal|57\/100 tox\n|move|p2a: Ice Time|Earthquake|p1a: shrimp fried rice\n|-damage|p1a: shrimp fried rice|36\/100 tox\n|\n|-weather|Snow|[upkeep]\n|-heal|p1a: shrimp fried rice|48\/100 tox|[from] ability: Poison Heal\n|upkeep\n|turn|21\n|l| SamsungS5\n|j| SamsungS5\n|\n|t:|1699790745\n|switch|p2a: Toothless|Dragapult, M|100\/100\n|move|p1a: shrimp fried rice|Earthquake|p2a: Toothless\n|-damage|p2a: Toothless|62\/100\n|-start|p1a: shrimp fried rice|Disable|Earthquake|[from] ability: Cursed Body|[of] p2a: Toothless\n|\n|-weather|Snow|[upkeep]\n|-heal|p1a: shrimp fried rice|61\/100 tox|[from] ability: Poison Heal\n|upkeep\n|turn|22\n|\n|t:|1699790782\n|switch|p1a: cone snail|Slowking-Galar, F|57\/100\n|move|p2a: Toothless|Reflect|p2a: Toothless\n|-sidestart|p2: stealthr2|Reflect\n|\n|-weather|Snow|[upkeep]\n|-heal|p1a: cone snail|63\/100|[from] item: Black Sludge\n|upkeep\n|turn|23\n|\n|t:|1699790791\n|move|p2a: Toothless|Shadow Ball|p1a: cone snail\n|-supereffective|p1a: cone snail\n|-damage|p1a: cone snail|24\/100\n|move|p1a: cone snail|Toxic|p2a: Toothless\n|-status|p2a: Toothless|tox\n|\n|-weather|none\n|-heal|p1a: cone snail|30\/100|[from] item: Black Sludge\n|-damage|p2a: Toothless|56\/100 tox|[from] psn\n|upkeep\n|turn|24\n|\n|t:|1699790815\n|switch|p1a: shrimp fried rice|Gliscor, M, tera:Normal|61\/100 tox\n|move|p2a: Toothless|Curse|p1a: shrimp fried rice\n|-start|p1a: shrimp fried rice|Curse|[of] p2a: Toothless\n|-damage|p2a: Toothless|6\/100 tox\n|\n|-damage|p2a: Toothless|0 fnt|[from] psn\n|faint|p2a: Toothless\n|-heal|p1a: shrimp fried rice|73\/100 tox|[from] ability: Poison Heal\n|-damage|p1a: shrimp fried rice|48\/100 tox|[from] Curse\n|upkeep\n|\n|t:|1699790827\n|switch|p2a: Ice Time|Sandslash-Alola, M|92\/100\n|turn|25\n|c| amdomo|what was blud cooking\n|c|\u2606stealthr2|its too high level for u to understand\n|\n|t:|1699790936\n|move|p1a: shrimp fried rice|Earthquake|p2a: Ice Time\n|-supereffective|p2a: Ice Time\n|-damage|p2a: Ice Time|58\/100\n|move|p2a: Ice Time|Snowscape|p2a: Ice Time\n|-weather|Snow\n|\n|-weather|Snow|[upkeep]\n|-heal|p1a: shrimp fried rice|61\/100 tox|[from] ability: Poison Heal\n|-damage|p1a: shrimp fried rice|36\/100 tox|[from] Curse\n|upkeep\n|turn|26\n|\n|t:|1699790949\n|switch|p1a: cone snail|Slowking-Galar, F|63\/100\n|move|p2a: Ice Time|Swords Dance|p2a: Ice Time\n|-boost|p2a: Ice Time|atk|2\n|\n|-weather|Snow|[upkeep]\n|-heal|p1a: cone snail|69\/100|[from] item: Black Sludge\n|upkeep\n|turn|27\n|\n|t:|1699790956\n|move|p2a: Ice Time|Earthquake|p1a: cone snail\n|-supereffective|p1a: cone snail\n|-crit|p1a: cone snail\n|-damage|p1a: cone snail|0 fnt\n|faint|p1a: cone snail\n|\n|-weather|Snow|[upkeep]\n|upkeep\n|l| SamsungS5\n|j| SamsungS5\n|c|\u2606stealthr2|all 10 of my mons have a kill now yay\n|\n|t:|1699791024\n|switch|p1a: mantis shrimp|Sneasel, F|100\/100\n|turn|28\n|\n|t:|1699791069\n|move|p2a: Ice Time|Earthquake|p1a: mantis shrimp\n|-damage|p1a: mantis shrimp|1\/100\n|move|p1a: mantis shrimp|Knock Off|p2a: Ice Time\n|-damage|p2a: Ice Time|39\/100\n|-enditem|p2a: Ice Time|Focus Sash|[from] move: Knock Off|[of] p1a: mantis shrimp\n|\n|-weather|Snow|[upkeep]\n|upkeep\n|turn|29\n|c|\u2606stealthr2|hahaha\n|l| SamsungS5\n|c|\u2606stealthr2|that was an extreme high roll anyway\n|\n|t:|1699791122\n|move|p2a: Ice Time|Earthquake|p1a: mantis shrimp\n|-damage|p1a: mantis shrimp|0 fnt\n|faint|p1a: mantis shrimp\n|\n|-weather|none\n|-sideend|p2: stealthr2|Reflect\n|upkeep\n|\n|t:|1699791128\n|switch|p1a: shrimp fried rice|Gliscor, M, tera:Normal|36\/100 tox\n|turn|30\n|\n|t:|1699791171\n|move|p2a: Ice Time|Ice Shard|p1a: shrimp fried rice\n|-damage|p1a: shrimp fried rice|11\/100 tox\n|move|p1a: shrimp fried rice|Earthquake|p2a: Ice Time\n|-supereffective|p2a: Ice Time\n|-damage|p2a: Ice Time|0 fnt\n|faint|p2a: Ice Time\n|\n|-heal|p1a: shrimp fried rice|24\/100 tox|[from] ability: Poison Heal\n|upkeep\n|c| amdomo|marvin playing stall...\n|\n|t:|1699791308\n|switch|p2a: Lime|Basculin-Blue-Striped, M, shiny|2\/100\n|turn|31\n|\n|t:|1699791377\n|switch|p1a: oyster|Kingambit, F|100\/100\n|-activate|p1a: oyster|ability: Supreme Overlord\n|-start|p1a: oyster|fallen4|[silent]\n|move|p2a: Lime|Flip Turn|p1a: oyster\n|-damage|p1a: oyster|63\/100\n|\n|t:|1699791386\n|switch|p2a: Froggie Smalls|Bellibolt, F|63\/100 tox|[from] Flip Turn\n|\n|-heal|p2a: Froggie Smalls|69\/100 tox|[from] item: Leftovers\n|-damage|p2a: Froggie Smalls|63\/100 tox|[from] psn\n|upkeep\n|turn|32\n|\n|t:|1699791457\n|move|p1a: oyster|Kowtow Cleave|p2a: Froggie Smalls\n|-damage|p2a: Froggie Smalls|23\/100 tox\n|-start|p2a: Froggie Smalls|Charge|Kowtow Cleave|[from] ability: Electromorphosis\n|move|p2a: Froggie Smalls|Parabolic Charge|p1a: oyster\n|-damage|p1a: oyster|34\/100\n|-heal|p2a: Froggie Smalls|37\/100 tox|[from] drain|[of] p1a: oyster\n|-end|p2a: Froggie Smalls|Charge|[silent]\n|\n|-heal|p2a: Froggie Smalls|43\/100 tox|[from] item: Leftovers\n|-damage|p2a: Froggie Smalls|31\/100 tox|[from] psn\n|upkeep\n|turn|33\n|\n|t:|1699791499\n|move|p1a: oyster|Kowtow Cleave|p2a: Froggie Smalls\n|-crit|p2a: Froggie Smalls\n|-damage|p2a: Froggie Smalls|0 fnt\n|faint|p2a: Froggie Smalls\n|\n|upkeep\n|\n|t:|1699791530\n|switch|p2a: Lime|Basculin-Blue-Striped, M, shiny|2\/100\n|turn|34\n|c|\u2606stealthr2|alright\n|c|\u2606stealthr2|81.3\n|c|\u2606stealthr2|%\n|\n|t:|1699791554\n|move|p1a: oyster|Sucker Punch|p2a: Lime\n|-damage|p2a: Lime|0 fnt\n|faint|p2a: Lime\n|\n|win|marvin1\n|c|\u2606stealthr2|oh wait\n|c|\u2606stealthr2|yeah\n|c|\u2606stealthr2|that move lol\n|c|\u2606stealthr2|gg\n|c|\u2606marvin1|what were you trying to do bro\n","uploadtime":1699791567,"views":19,"p1id":"marvin1","p2id":"stealthr2","formatid":"gen9ubers","rating":0,"private":0,"password":""}