{"id":"gen9ubers-1978744357","p1":"HinaKagiyama1","p2":"SwordIsBored","format":"[Gen 9] Ubers","log":"|j|\u2606HinaKagiyama1\n|j|\u2606SwordIsBored\n|t:|1698589938\n|gametype|singles\n|player|p1|HinaKagiyama1|169|\n|player|p2|SwordIsBored|irida|\n|teamsize|p1|6\n|teamsize|p2|6\n|gen|9\n|tier|[Gen 9] Ubers\n|rule|Sleep Clause Mod: Limit one foe put to sleep\n|rule|Species Clause: Limit one of each Pok\u00e9mon\n|rule|OHKO Clause: OHKO moves are banned\n|rule|Evasion Items Clause: Evasion items are banned\n|rule|Evasion Moves Clause: Evasion moves are banned\n|rule|Endless Battle Clause: Forcing endless battles is banned\n|rule|HP Percentage Mod: HP is shown in percentages\n|clearpoke\n|poke|p1|Pelipper, F|\n|poke|p1|Crawdaunt, M|\n|poke|p1|Cyclizar, F|\n|poke|p1|Scizor, F|\n|poke|p1|Palkia-Origin|\n|poke|p1|Magearna|\n|poke|p2|Ninetales-Alola, F|\n|poke|p2|Arceus-Fire|\n|poke|p2|Espathra, M|\n|poke|p2|Magearna|\n|poke|p2|Hatterene, F|\n|poke|p2|Ursaluna-Bloodmoon, M|\n|teampreview\n|\n|t:|1698589947\n|start\n|switch|p1a: Pelipper|Pelipper, F|100\/100\n|switch|p2a: Espathra|Espathra, M|100\/100\n|-weather|RainDance|[from] ability: Drizzle|[of] p1a: Pelipper\n|turn|1\n|\n|t:|1698589955\n|move|p2a: Espathra|Substitute|p2a: Espathra\n|-start|p2a: Espathra|Substitute\n|-damage|p2a: Espathra|76\/100\n|move|p1a: Pelipper|Knock Off|p2a: Espathra\n|-supereffective|p2a: Espathra\n|-activate|p2a: Espathra|move: Substitute|[damage]\n|\n|-weather|RainDance|[upkeep]\n|-heal|p2a: Espathra|82\/100|[from] item: Leftovers\n|-ability|p2a: Espathra|Speed Boost|boost\n|-boost|p2a: Espathra|spe|1\n|upkeep\n|turn|2\n|\n|t:|1698589961\n|move|p2a: Espathra|Calm Mind|p2a: Espathra\n|-boost|p2a: Espathra|spa|1\n|-boost|p2a: Espathra|spd|1\n|move|p1a: Pelipper|U-turn|p2a: Espathra\n|-supereffective|p2a: Espathra\n|-end|p2a: Espathra|Substitute\n|\n|t:|1698589966\n|switch|p1a: Scizor|Scizor, F|100\/100|[from] U-turn\n|\n|-weather|RainDance|[upkeep]\n|-heal|p2a: Espathra|88\/100|[from] item: Leftovers\n|-ability|p2a: Espathra|Speed Boost|boost\n|-boost|p2a: Espathra|spe|1\n|upkeep\n|turn|3\n|\n|t:|1698589971\n|move|p2a: Espathra|Substitute|p2a: Espathra\n|-start|p2a: Espathra|Substitute\n|-damage|p2a: Espathra|63\/100\n|move|p1a: Scizor|U-turn|p2a: Espathra\n|-supereffective|p2a: Espathra\n|-end|p2a: Espathra|Substitute\n|\n|t:|1698589981\n|switch|p1a: Crawdaunt|Crawdaunt, M|100\/100|[from] U-turn\n|\n|-weather|RainDance|[upkeep]\n|-heal|p2a: Espathra|69\/100|[from] item: Leftovers\n|-ability|p2a: Espathra|Speed Boost|boost\n|-boost|p2a: Espathra|spe|1\n|upkeep\n|turn|4\n|\n|t:|1698589996\n|switch|p2a: Ninetales|Ninetales-Alola, F|100\/100\n|-weather|Snow|[from] ability: Snow Warning|[of] p2a: Ninetales\n|move|p1a: Crawdaunt|Aqua Jet|p2a: Ninetales\n|-damage|p2a: Ninetales|75\/100\n|\n|-weather|Snow|[upkeep]\n|upkeep\n|turn|5\n|\n|t:|1698590003\n|switch|p1a: Pelipper|Pelipper, F|100\/100\n|-weather|RainDance|[from] ability: Drizzle|[of] p1a: Pelipper\n|move|p2a: Ninetales|Aurora Veil||[still]\n|-fail|p2a: Ninetales\n|\n|-weather|RainDance|[upkeep]\n|upkeep\n|turn|6\n|c|\u2606HinaKagiyama1|Yea nah\n|\n|t:|1698590009\n|move|p2a: Ninetales|Freeze-Dry|p1a: Pelipper\n|-supereffective|p1a: Pelipper\n|-damage|p1a: Pelipper|0 fnt\n|faint|p1a: Pelipper\n|\n|-weather|RainDance|[upkeep]\n|upkeep\n|c|\u2606SwordIsBored|yea nah\n|\n|t:|1698590013\n|switch|p1a: Cyclizar|Cyclizar, F|100\/100\n|turn|7\n|c|\u2606HinaKagiyama1|Thats better than aurora veil xd\n|\n|t:|1698590038\n|move|p1a: Cyclizar|Shed Tail|p1a: Cyclizar\n|-start|p1a: Cyclizar|Substitute|[from] move: Shed Tail\n|-damage|p1a: Cyclizar|50\/100\n|\n|t:|1698590042\n|switch|p1a: Crawdaunt|Crawdaunt, M|100\/100|[from] Shed Tail\n|move|p2a: Ninetales|Freeze-Dry|p1a: Crawdaunt\n|-supereffective|p1a: Crawdaunt\n|-end|p1a: Crawdaunt|Substitute\n|\n|-weather|RainDance|[upkeep]\n|upkeep\n|turn|8\n|\n|t:|1698590056\n|switch|p2a: Espathra|Espathra, M|69\/100\n|-terastallize|p1a: Crawdaunt|Poison\n|move|p1a: Crawdaunt|Swords Dance|p1a: Crawdaunt\n|-boost|p1a: Crawdaunt|atk|2\n|\n|-weather|RainDance|[upkeep]\n|-heal|p2a: Espathra|76\/100|[from] item: Leftovers\n|upkeep\n|turn|9\n|\n|t:|1698590064\n|move|p2a: Espathra|Substitute|p2a: Espathra\n|-start|p2a: Espathra|Substitute\n|-damage|p2a: Espathra|51\/100\n|move|p1a: Crawdaunt|Swords Dance|p1a: Crawdaunt\n|-boost|p1a: Crawdaunt|atk|2\n|\n|-weather|RainDance|[upkeep]\n|-heal|p2a: Espathra|57\/100|[from] item: Leftovers\n|-ability|p2a: Espathra|Speed Boost|boost\n|-boost|p2a: Espathra|spe|1\n|upkeep\n|turn|10\n|\n|t:|1698590070\n|move|p1a: Crawdaunt|Aqua Jet|p2a: Espathra\n|-end|p2a: Espathra|Substitute\n|move|p2a: Espathra|Stored Power|p1a: Crawdaunt\n|-supereffective|p1a: Crawdaunt\n|-damage|p1a: Crawdaunt|50\/100\n|\n|-weather|RainDance|[upkeep]\n|-heal|p2a: Espathra|63\/100|[from] item: Leftovers\n|-ability|p2a: Espathra|Speed Boost|boost\n|-boost|p2a: Espathra|spe|1\n|upkeep\n|turn|11\n|\n|t:|1698590077\n|move|p1a: Crawdaunt|Aqua Jet|p2a: Espathra\n|-damage|p2a: Espathra|0 fnt\n|faint|p2a: Espathra\n|\n|-weather|RainDance|[upkeep]\n|upkeep\n|\n|t:|1698590081\n|switch|p2a: Ninetales|Ninetales-Alola, F|75\/100\n|-weather|Snow|[from] ability: Snow Warning|[of] p2a: Ninetales\n|turn|12\n|\n|t:|1698590087\n|move|p1a: Crawdaunt|Aqua Jet|p2a: Ninetales\n|-damage|p2a: Ninetales|23\/100\n|move|p2a: Ninetales|Encore|p1a: Crawdaunt\n|-start|p1a: Crawdaunt|Encore\n|\n|-weather|Snow|[upkeep]\n|upkeep\n|turn|13\n|\n|t:|1698590092\n|move|p1a: Crawdaunt|Aqua Jet|p2a: Ninetales\n|-damage|p2a: Ninetales|0 fnt\n|faint|p2a: Ninetales\n|\n|-weather|Snow|[upkeep]\n|upkeep\n|\n|t:|1698590098\n|switch|p2a: Magearna|Magearna|100\/100\n|turn|14\n|c|\u2606HinaKagiyama1|Bold of you to assume I\u2019m switching moves\n|\n|t:|1698590104\n|-terastallize|p2a: Magearna|Water\n|move|p1a: Crawdaunt|Aqua Jet|p2a: Magearna\n|-resisted|p2a: Magearna\n|-damage|p2a: Magearna|79\/100\n|move|p2a: Magearna|Iron Defense|p2a: Magearna\n|-boost|p2a: Magearna|def|2\n|\n|-weather|Snow|[upkeep]\n|-heal|p2a: Magearna|85\/100|[from] item: Leftovers\n|upkeep\n|turn|15\n|c|\u2606HinaKagiyama1|Oh\n|\n|t:|1698590109\n|move|p1a: Crawdaunt|Aqua Jet|p2a: Magearna\n|-resisted|p2a: Magearna\n|-damage|p2a: Magearna|75\/100\n|move|p2a: Magearna|Calm Mind|p2a: Magearna\n|-boost|p2a: Magearna|spa|1\n|-boost|p2a: Magearna|spd|1\n|\n|-weather|Snow|[upkeep]\n|-heal|p2a: Magearna|81\/100|[from] item: Leftovers\n|-end|p1a: Crawdaunt|Encore\n|upkeep\n|turn|16\n|\n|t:|1698590113\n|move|p2a: Magearna|Stored Power|p1a: Crawdaunt\n|-supereffective|p1a: Crawdaunt\n|-damage|p1a: Crawdaunt|0 fnt\n|faint|p1a: Crawdaunt\n|-ability|p2a: Magearna|Soul-Heart|boost\n|-boost|p2a: Magearna|spa|1\n|\n|-weather|none\n|-heal|p2a: Magearna|87\/100|[from] item: Leftovers\n|upkeep\n|\n|t:|1698590118\n|switch|p1a: Palkia|Palkia-Origin|100\/100\n|-ability|p1a: Palkia|Pressure\n|turn|17\n|\n|t:|1698590122\n|move|p1a: Palkia|Thunder|p2a: Magearna|[miss]\n|-miss|p1a: Palkia|p2a: Magearna\n|move|p2a: Magearna|Draining Kiss|p1a: Palkia\n|-supereffective|p1a: Palkia\n|-damage|p1a: Palkia|16\/100\n|-heal|p2a: Magearna|100\/100|[from] drain|[of] p1a: Palkia\n|\n|upkeep\n|turn|18\n|\n|t:|1698590127\n|move|p1a: Palkia|Thunder|p2a: Magearna\n|-supereffective|p2a: Magearna\n|-damage|p2a: Magearna|56\/100\n|move|p2a: Magearna|Draining Kiss|p1a: Palkia\n|-supereffective|p1a: Palkia\n|-damage|p1a: Palkia|0 fnt\n|-heal|p2a: Magearna|67\/100|[from] drain|[of] p1a: Palkia\n|faint|p1a: Palkia\n|-ability|p2a: Magearna|Soul-Heart|boost\n|-boost|p2a: Magearna|spa|1\n|\n|-heal|p2a: Magearna|73\/100|[from] item: Leftovers\n|upkeep\n|\n|t:|1698590137\n|switch|p1a: Magearna|Magearna|100\/100\n|turn|19\n|c|\u2606HinaKagiyama1|Screw rain, I\u2019m going back to sand after this\n|\n|t:|1698590146\n|move|p2a: Magearna|Calm Mind|p2a: Magearna\n|-boost|p2a: Magearna|spa|1\n|-boost|p2a: Magearna|spd|1\n|move|p1a: Magearna|Volt Switch|p2a: Magearna\n|-supereffective|p2a: Magearna\n|-crit|p2a: Magearna\n|-damage|p2a: Magearna|10\/100\n|c|\u2606SwordIsBored|kek\n|\n|t:|1698590151\n|switch|p1a: Cyclizar|Cyclizar, F|84\/100|[from] Volt Switch\n|\n|-heal|p2a: Magearna|16\/100|[from] item: Leftovers\n|upkeep\n|turn|20\n|\n|t:|1698590159\n|move|p1a: Cyclizar|Draco Meteor|p2a: Magearna\n|-damage|p2a: Magearna|0 fnt\n|-unboost|p1a: Cyclizar|spa|2\n|faint|p2a: Magearna\n|\n|upkeep\n|c|\u2606HinaKagiyama1|YES\n|\n|t:|1698590164\n|switch|p2a: Arceus|Arceus-Fire|100\/100\n|turn|21\n|\n|t:|1698590173\n|move|p1a: Cyclizar|Shed Tail|p1a: Cyclizar\n|-start|p1a: Cyclizar|Substitute|[from] move: Shed Tail\n|-damage|p1a: Cyclizar|33\/100\n|c|\u2606HinaKagiyama1|Now how do I deal with this\n|\n|t:|1698590181\n|switch|p1a: Scizor|Scizor, F|100\/100|[from] Shed Tail\n|move|p2a: Arceus|Dragon Dance|p2a: Arceus\n|-boost|p2a: Arceus|atk|1\n|-boost|p2a: Arceus|spe|1\n|\n|upkeep\n|turn|22\n|\n|t:|1698590186\n|move|p2a: Arceus|Flare Blitz|p1a: Scizor\n|-supereffective|p1a: Scizor\n|-end|p1a: Scizor|Substitute\n|-damage|p2a: Arceus|94\/100|[from] Recoil|[of] p1a: Scizor\n|move|p1a: Scizor|Dual Wingbeat|p2a: Arceus\n|-damage|p2a: Arceus|70\/100\n|-damage|p2a: Arceus|45\/100\n|-hitcount|p2a: Arceus|2\n|\n|upkeep\n|turn|23\n|\n|t:|1698590193\n|switch|p1a: Cyclizar|Cyclizar, F|67\/100\n|move|p2a: Arceus|Flare Blitz|p1a: Cyclizar\n|-resisted|p1a: Cyclizar\n|-damage|p1a: Cyclizar|0 fnt\n|faint|p1a: Cyclizar\n|-damage|p2a: Arceus|26\/100|[from] Recoil\n|\n|upkeep\n|\n|t:|1698590205\n|switch|p1a: Scizor|Scizor, F|100\/100\n|turn|24\n|c|\u2606HinaKagiyama1|SCIZOR\n|c|\u2606HinaKagiyama1|I BELIEVE IN YOU\n|\n|t:|1698590215\n|move|p1a: Scizor|Bullet Punch|p2a: Arceus\n|-resisted|p2a: Arceus\n|-damage|p2a: Arceus|7\/100\n|move|p2a: Arceus|Flare Blitz|p1a: Scizor\n|-supereffective|p1a: Scizor\n|-damage|p1a: Scizor|0 fnt\n|faint|p1a: Scizor\n|-damage|p2a: Arceus|0 fnt|[from] Recoil\n|faint|p2a: Arceus\n|\n|upkeep\n|c|\u2606HinaKagiyama1|Welp\n|c|\u2606HinaKagiyama1|that works ig\n|\n|t:|1698590225\n|switch|p2a: Ursaluna|Ursaluna-Bloodmoon, M|100\/100\n|switch|p1a: Magearna|Magearna|100\/100\n|turn|25\n|\n|t:|1698590229\n|move|p2a: Ursaluna|Earth Power|p1a: Magearna\n|-supereffective|p1a: Magearna\n|-damage|p1a: Magearna|11\/100\n|move|p1a: Magearna|Ice Beam|p2a: Ursaluna\n|-supereffective|p2a: Ursaluna\n|-damage|p2a: Ursaluna|15\/100\n|\n|-heal|p2a: Ursaluna|21\/100|[from] item: Leftovers\n|-heal|p1a: Magearna|17\/100|[from] item: Leftovers\n|upkeep\n|turn|26\n|c|\u2606HinaKagiyama1|MAGEARNA\n|c|\u2606SwordIsBored|ggs\n|c|\u2606HinaKagiyama1|FUUUUUU\n|\n|t:|1698590242\n|move|p2a: Ursaluna|Earth Power|p1a: Magearna\n|-supereffective|p1a: Magearna\n|-damage|p1a: Magearna|0 fnt\n|faint|p1a: Magearna\n|\n|win|SwordIsBored\n","uploadtime":1698590245,"views":13,"p1id":"hinakagiyama1","p2id":"swordisbored","formatid":"gen9ubers","rating":0,"private":0,"password":""}