{"id":"gen9ubers-1979149994","p1":"Zeroclock1985","p2":"Muddy Syrup","format":"[Gen 9] Ubers","log":"|j|\u2606Zeroclock1985\n|j|\u2606Muddy Syrup\n|t:|1698639389\n|gametype|singles\n|player|p1|Zeroclock1985|265|\n|player|p2|Muddy Syrup|rancher|\n|teamsize|p1|6\n|teamsize|p2|6\n|gen|9\n|tier|[Gen 9] Ubers\n|rule|Sleep Clause Mod: Limit one foe put to sleep\n|rule|Species Clause: Limit one of each Pok\u00e9mon\n|rule|OHKO Clause: OHKO moves are banned\n|rule|Evasion Items Clause: Evasion items are banned\n|rule|Evasion Moves Clause: Evasion moves are banned\n|rule|Endless Battle Clause: Forcing endless battles is banned\n|rule|HP Percentage Mod: HP is shown in percentages\n|clearpoke\n|poke|p1|Ursaluna-Bloodmoon, M|\n|poke|p1|Munkidori, M|\n|poke|p1|Ambipom, M|\n|poke|p1|Maushold|\n|poke|p1|Moltres-Galar|\n|poke|p1|Enamorus, F|\n|poke|p2|Regidrago|\n|poke|p2|Espathra, M|\n|poke|p2|Yanmega, F|\n|poke|p2|Zarude|\n|poke|p2|Cresselia, F|\n|poke|p2|Arcanine-Hisui, F|\n|teampreview\n|j| Willish6634\n|j| Lillyrosethedemon\n|j| chadwin93\n|j| The_beastgod12\n|j| Destroy Smoochie\n|c| The_beastgod12|Ima stream the fnaf movie for yall\n|\n|t:|1698639464\n|start\n|switch|p1a: Maushold|Maushold|100\/100\n|switch|p2a: Zarude|Zarude|100\/100\n|turn|1\n|\n|t:|1698639484\n|-terastallize|p2a: Zarude|Ghost\n|move|p1a: Maushold|Beat Up|p2a: Zarude\n|-supereffective|p2a: Zarude\n|-damage|p2a: Zarude|93\/100\n|-supereffective|p2a: Zarude\n|-damage|p2a: Zarude|85\/100\n|-supereffective|p2a: Zarude\n|-damage|p2a: Zarude|74\/100\n|-supereffective|p2a: Zarude\n|-damage|p2a: Zarude|66\/100\n|-supereffective|p2a: Zarude\n|-damage|p2a: Zarude|57\/100\n|-supereffective|p2a: Zarude\n|-damage|p2a: Zarude|45\/100\n|-hitcount|p2a: Zarude|6\n|move|p2a: Zarude|Close Combat|p1a: Maushold\n|-supereffective|p1a: Maushold\n|-damage|p1a: Maushold|0 fnt\n|-unboost|p2a: Zarude|def|1\n|-unboost|p2a: Zarude|spd|1\n|faint|p1a: Maushold\n|\n|-heal|p2a: Zarude|51\/100|[from] item: Leftovers\n|upkeep\n|j| Judgieiscool\n|\n|t:|1698639507\n|switch|p1a: Munkidori|Munkidori, M|100\/100\n|turn|2\n|\n|t:|1698639522\n|switch|p2a: Cresselia|Cresselia, F|100\/100\n|move|p1a: Munkidori|Sludge Bomb|p2a: Cresselia\n|-damage|p2a: Cresselia|69\/100\n|\n|-heal|p2a: Cresselia|75\/100|[from] item: Leftovers\n|upkeep\n|turn|3\n|c| Judgieiscool|knock this off-rip van winkle\n|c| The_beastgod12|Nope\n|\n|t:|1698639535\n|move|p1a: Munkidori|Sludge Bomb|p2a: Cresselia\n|-crit|p2a: Cresselia\n|-damage|p2a: Cresselia|28\/100\n|move|p2a: Cresselia|Calm Mind|p2a: Cresselia\n|-boost|p2a: Cresselia|spa|1\n|-boost|p2a: Cresselia|spd|1\n|\n|-heal|p2a: Cresselia|34\/100|[from] item: Leftovers\n|upkeep\n|turn|4\n|\n|t:|1698639551\n|move|p1a: Munkidori|Sludge Bomb|p2a: Cresselia\n|-damage|p2a: Cresselia|15\/100\n|move|p2a: Cresselia|Moonlight|p2a: Cresselia\n|-heal|p2a: Cresselia|65\/100\n|\n|-heal|p2a: Cresselia|71\/100|[from] item: Leftovers\n|upkeep\n|turn|5\n|\n|t:|1698639567\n|switch|p1a: Moltres|Moltres-Galar|100\/100\n|move|p2a: Cresselia|Calm Mind|p2a: Cresselia\n|-boost|p2a: Cresselia|spa|1\n|-boost|p2a: Cresselia|spd|1\n|\n|-heal|p2a: Cresselia|77\/100|[from] item: Leftovers\n|upkeep\n|turn|6\n|c| Willish6634|tickle this\n|\n|t:|1698639580\n|move|p1a: Moltres|Agility|p1a: Moltres\n|-boost|p1a: Moltres|spe|2\n|move|p2a: Cresselia|Moonlight|p2a: Cresselia\n|-heal|p2a: Cresselia|100\/100\n|\n|upkeep\n|turn|7\n|j| mklgd\n|\n|t:|1698639590\n|move|p1a: Moltres|Nasty Plot|p1a: Moltres\n|-boost|p1a: Moltres|spa|2\n|move|p2a: Cresselia|Calm Mind|p2a: Cresselia\n|-boost|p2a: Cresselia|spa|1\n|-boost|p2a: Cresselia|spd|1\n|\n|upkeep\n|turn|8\n|c| mklgd|thats a fine\n|\n|t:|1698639600\n|move|p1a: Moltres|Fiery Wrath|p2a: Cresselia\n|-supereffective|p2a: Cresselia\n|-damage|p2a: Cresselia|51\/100\n|cant|p2a: Cresselia|flinch\n|\n|-heal|p2a: Cresselia|57\/100|[from] item: Leftovers\n|upkeep\n|turn|9\n|c| Judgieiscool|ur fine\n|\n|t:|1698639611\n|-terastallize|p1a: Moltres|Dark\n|move|p1a: Moltres|Fiery Wrath|p2a: Cresselia\n|-supereffective|p2a: Cresselia\n|-damage|p2a: Cresselia|2\/100\n|move|p2a: Cresselia|Moonlight|p2a: Cresselia\n|-heal|p2a: Cresselia|52\/100\n|\n|-heal|p2a: Cresselia|58\/100|[from] item: Leftovers\n|upkeep\n|turn|10\n|\n|t:|1698639624\n|move|p1a: Moltres|Nasty Plot|p1a: Moltres\n|-boost|p1a: Moltres|spa|2\n|move|p2a: Cresselia|Moonblast|p1a: Moltres\n|-supereffective|p1a: Moltres\n|-damage|p1a: Moltres|23\/100\n|-enditem|p1a: Moltres|Weakness Policy\n|-boost|p1a: Moltres|atk|2|[from] item: Weakness Policy\n|-boost|p1a: Moltres|spa|2|[from] item: Weakness Policy\n|\n|-heal|p2a: Cresselia|64\/100|[from] item: Leftovers\n|upkeep\n|turn|11\n|\n|t:|1698639638\n|move|p1a: Moltres|Fiery Wrath|p2a: Cresselia\n|-supereffective|p2a: Cresselia\n|-damage|p2a: Cresselia|0 fnt\n|faint|p2a: Cresselia\n|\n|upkeep\n|\n|t:|1698639640\n|switch|p2a: Arcanine|Arcanine-Hisui, F|100\/100\n|turn|12\n|\n|t:|1698639647\n|move|p2a: Arcanine|Extreme Speed|p1a: Moltres\n|-damage|p1a: Moltres|0 fnt\n|faint|p1a: Moltres\n|\n|upkeep\n|\n|t:|1698639654\n|switch|p1a: Ursaluna|Ursaluna-Bloodmoon, M|100\/100\n|turn|13\n|\n|t:|1698639664\n|move|p2a: Arcanine|Head Smash|p1a: Ursaluna\n|-resisted|p1a: Ursaluna\n|-damage|p1a: Ursaluna|75\/100\n|move|p1a: Ursaluna|Earth Power|p2a: Arcanine\n|-supereffective|p2a: Arcanine\n|-damage|p2a: Arcanine|0 fnt\n|faint|p2a: Arcanine\n|-damage|p1a: Ursaluna|65\/100|[from] item: Life Orb\n|\n|upkeep\n|j| trillbo\n|\n|t:|1698639674\n|switch|p2a: Zarude|Zarude, tera:Ghost|51\/100\n|turn|14\n|\n|t:|1698639680\n|move|p2a: Zarude|Close Combat|p1a: Ursaluna\n|-supereffective|p1a: Ursaluna\n|-damage|p1a: Ursaluna|11\/100\n|-unboost|p2a: Zarude|def|1\n|-unboost|p2a: Zarude|spd|1\n|move|p1a: Ursaluna|Blood Moon|p2a: Zarude\n|-damage|p2a: Zarude|0 fnt\n|faint|p2a: Zarude\n|-damage|p1a: Ursaluna|1\/100|[from] item: Life Orb\n|\n|upkeep\n|\n|t:|1698639689\n|switch|p2a: Yanmega|Yanmega, F|100\/100\n|turn|15\n|\n|t:|1698639702\n|move|p2a: Yanmega|Protect|p2a: Yanmega\n|-singleturn|p2a: Yanmega|Protect\n|move|p1a: Ursaluna|Moonlight|p1a: Ursaluna\n|-heal|p1a: Ursaluna|51\/100\n|\n|-ability|p2a: Yanmega|Speed Boost|boost\n|-boost|p2a: Yanmega|spe|1\n|upkeep\n|turn|16\n|\n|t:|1698639712\n|move|p2a: Yanmega|Bug Buzz|p1a: Ursaluna\n|-damage|p1a: Ursaluna|2\/100\n|-enditem|p2a: Yanmega|Throat Spray\n|-boost|p2a: Yanmega|spa|1|[from] item: Throat Spray\n|move|p1a: Ursaluna|Blood Moon|p2a: Yanmega\n|-damage|p2a: Yanmega|0 fnt\n|faint|p2a: Yanmega\n|-damage|p1a: Ursaluna|0 fnt|[from] item: Life Orb\n|faint|p1a: Ursaluna\n|\n|upkeep\n|\n|t:|1698639730\n|switch|p2a: Espathra|Espathra, M|100\/100\n|switch|p1a: Enamorus|Enamorus, F|100\/100\n|turn|17\n|\n|t:|1698639744\n|move|p1a: Enamorus|Superpower|p2a: Espathra\n|-resisted|p2a: Espathra\n|-damage|p2a: Espathra|80\/100\n|-boost|p1a: Enamorus|atk|1\n|-boost|p1a: Enamorus|def|1\n|move|p2a: Espathra|Calm Mind|p2a: Espathra\n|-boost|p2a: Espathra|spa|1\n|-boost|p2a: Espathra|spd|1\n|\n|-heal|p2a: Espathra|86\/100|[from] item: Leftovers\n|-ability|p2a: Espathra|Speed Boost|boost\n|-boost|p2a: Espathra|spe|1\n|upkeep\n|turn|18\n|\n|t:|1698639758\n|move|p2a: Espathra|Calm Mind|p2a: Espathra\n|-boost|p2a: Espathra|spa|1\n|-boost|p2a: Espathra|spd|1\n|move|p1a: Enamorus|Iron Head|p2a: Espathra\n|-damage|p2a: Espathra|46\/100\n|\n|-heal|p2a: Espathra|52\/100|[from] item: Leftovers\n|-ability|p2a: Espathra|Speed Boost|boost\n|-boost|p2a: Espathra|spe|1\n|upkeep\n|turn|19\n|\n|t:|1698639769\n|move|p2a: Espathra|Protect|p2a: Espathra\n|-singleturn|p2a: Espathra|Protect\n|move|p1a: Enamorus|Iron Head|p2a: Espathra\n|-activate|p2a: Espathra|move: Protect\n|\n|-heal|p2a: Espathra|58\/100|[from] item: Leftovers\n|-ability|p2a: Espathra|Speed Boost|boost\n|-boost|p2a: Espathra|spe|1\n|upkeep\n|turn|20\n|\n|t:|1698639779\n|move|p2a: Espathra|Stored Power|p1a: Enamorus\n|-damage|p1a: Enamorus|0 fnt\n|faint|p1a: Enamorus\n|\n|-heal|p2a: Espathra|64\/100|[from] item: Leftovers\n|-ability|p2a: Espathra|Speed Boost|boost\n|-boost|p2a: Espathra|spe|1\n|upkeep\n|\n|t:|1698639788\n|switch|p1a: Munkidori|Munkidori, M|100\/100\n|turn|21\n|\n|t:|1698639802\n|move|p2a: Espathra|Protect|p2a: Espathra\n|-singleturn|p2a: Espathra|Protect\n|move|p1a: Munkidori|Sludge Bomb|p2a: Espathra\n|-activate|p2a: Espathra|move: Protect\n|\n|-heal|p2a: Espathra|71\/100|[from] item: Leftovers\n|-ability|p2a: Espathra|Speed Boost|boost\n|-boost|p2a: Espathra|spe|1\n|upkeep\n|turn|22\n|\n|t:|1698639814\n|move|p2a: Espathra|Stored Power|p1a: Munkidori\n|-damage|p1a: Munkidori|0 fnt\n|faint|p1a: Munkidori\n|\n|-heal|p2a: Espathra|77\/100|[from] item: Leftovers\n|-ability|p2a: Espathra|Speed Boost|boost\n|-boost|p2a: Espathra|spe|1\n|upkeep\n|\n|t:|1698639823\n|switch|p1a: Ambipom|Ambipom, M|100\/100\n|turn|23\n|\n|t:|1698639832\n|move|p2a: Espathra|Protect|p2a: Espathra\n|-singleturn|p2a: Espathra|Protect\n|move|p1a: Ambipom|Knock Off|p2a: Espathra\n|-activate|p2a: Espathra|move: Protect\n|\n|-heal|p2a: Espathra|83\/100|[from] item: Leftovers\n|upkeep\n|turn|24\n|\n|t:|1698639841\n|move|p2a: Espathra|Stored Power|p1a: Ambipom\n|-damage|p1a: Ambipom|0 fnt\n|faint|p1a: Ambipom\n|\n|win|Muddy Syrup\n|l| Willish6634\n|l| trillbo\n|l| Lillyrosethedemon\n|l|\u2606Zeroclock1985\n|l| The_beastgod12\n|l| chadwin93\n|l| Destroy Smoochie\n","uploadtime":1698639848,"views":15,"p1id":"zeroclock1985","p2id":"muddysyrup","formatid":"gen9ubers","rating":0,"private":0,"password":""}