{"id":"gen9ubers-1983742746","p1":"Troutinspace","p2":"Notvibin","format":"[Gen 9] Ubers","log":"|j|\u2606Troutinspace\n|j|\u2606Notvibin\n|t:|1699171658\n|gametype|singles\n|player|p1|Troutinspace|aaron|1214\n|player|p2|Notvibin|theroyal|1367\n|teamsize|p1|6\n|teamsize|p2|6\n|gen|9\n|tier|[Gen 9] Ubers\n|rated|\n|rule|Sleep Clause Mod: Limit one foe put to sleep\n|rule|Species Clause: Limit one of each Pok\u00e9mon\n|rule|OHKO Clause: OHKO moves are banned\n|rule|Evasion Items Clause: Evasion items are banned\n|rule|Evasion Moves Clause: Evasion moves are banned\n|rule|Endless Battle Clause: Forcing endless battles is banned\n|rule|HP Percentage Mod: HP is shown in percentages\n|clearpoke\n|poke|p1|Arceus-Ground|\n|poke|p1|Zacian-*|\n|poke|p1|Giratina-Origin|\n|poke|p1|Skeledirge, F|\n|poke|p1|Iron Treads|\n|poke|p1|Koraidon|\n|poke|p2|Ribombee, F|\n|poke|p2|Chien-Pao|\n|poke|p2|Miraidon|\n|poke|p2|Zacian-*|\n|poke|p2|Skeledirge, M|\n|poke|p2|Ting-Lu|\n|teampreview\n|inactive|Battle timer is ON: inactive players will automatically lose when time's up. (requested by Notvibin)\n|inactive|Notvibin has 120 seconds left.\n|\n|t:|1699171693\n|start\n|switch|p1a: Iron Treads|Iron Treads|100\/100\n|switch|p2a: Chien-Pao|Chien-Pao|100\/100\n|-ability|p2a: Chien-Pao|Sword of Ruin\n|turn|1\n|\n|t:|1699171708\n|move|p2a: Chien-Pao|Sacred Sword|p1a: Iron Treads\n|-supereffective|p1a: Iron Treads\n|-damage|p1a: Iron Treads|0 fnt\n|faint|p1a: Iron Treads\n|-end|p1a: Iron Treads|Quark Drive|[silent]\n|\n|upkeep\n|\n|t:|1699171711\n|switch|p1a: Koraidon|Koraidon|100\/100\n|-weather|SunnyDay|[from] ability: Orichalcum Pulse|[of] p1a: Koraidon\n|-activate|p1a: Koraidon|Orichalcum Pulse|[source]\n|turn|2\n|\n|t:|1699171717\n|switch|p2a: Skeledirge|Skeledirge, M|100\/100\n|move|p1a: Koraidon|U-turn|p2a: Skeledirge\n|-resisted|p2a: Skeledirge\n|-damage|p2a: Skeledirge|96\/100\n|\n|t:|1699171724\n|switch|p1a: Arceus|Arceus-Ground|100\/100|[from] U-turn\n|\n|-weather|SunnyDay|[upkeep]\n|upkeep\n|turn|3\n|\n|t:|1699171730\n|move|p1a: Arceus|Judgment|p2a: Skeledirge\n|-supereffective|p2a: Skeledirge\n|-damage|p2a: Skeledirge|0 fnt\n|faint|p2a: Skeledirge\n|\n|-weather|SunnyDay|[upkeep]\n|upkeep\n|\n|t:|1699171735\n|switch|p2a: Ribombee|Ribombee, F|100\/100\n|turn|4\n|\n|t:|1699171740\n|move|p2a: Ribombee|Sticky Web|p1a: Arceus\n|-sidestart|p1: Troutinspace|move: Sticky Web\n|move|p1a: Arceus|Calm Mind|p1a: Arceus\n|-boost|p1a: Arceus|spa|1\n|-boost|p1a: Arceus|spd|1\n|\n|-weather|SunnyDay|[upkeep]\n|upkeep\n|turn|5\n|\n|t:|1699171743\n|move|p2a: Ribombee|Stun Spore|p1a: Arceus\n|-status|p1a: Arceus|par\n|cant|p1a: Arceus|par\n|\n|-weather|SunnyDay|[upkeep]\n|upkeep\n|turn|6\n|\n|t:|1699171748\n|move|p2a: Ribombee|Moonblast|p1a: Arceus\n|-damage|p1a: Arceus|82\/100 par\n|cant|p1a: Arceus|par\n|\n|-weather|none\n|upkeep\n|turn|7\n|\n|t:|1699171753\n|move|p2a: Ribombee|Moonblast|p1a: Arceus\n|-damage|p1a: Arceus|66\/100 par\n|cant|p1a: Arceus|par\n|\n|upkeep\n|turn|8\n|\n|t:|1699171758\n|move|p2a: Ribombee|Moonblast|p1a: Arceus\n|-damage|p1a: Arceus|48\/100 par\n|cant|p1a: Arceus|par\n|\n|upkeep\n|turn|9\n|\n|t:|1699171762\n|move|p2a: Ribombee|Moonblast|p1a: Arceus\n|-crit|p1a: Arceus\n|-damage|p1a: Arceus|6\/100 par\n|-unboost|p1a: Arceus|spa|1\n|cant|p1a: Arceus|par\n|\n|upkeep\n|turn|10\n|-message|Troutinspace forfeited.\n|\n|win|Notvibin\n|raw|Troutinspace's rating: 1214 &rarr; <strong>1199<\/strong><br \/>(-15 for losing)\n|raw|Notvibin's rating: 1367 &rarr; <strong>1379<\/strong><br \/>(+12 for winning)\n|l|\u2606Troutinspace\n","uploadtime":1699171778,"views":5,"p1id":"troutinspace","p2id":"notvibin","formatid":"gen9ubers","rating":1199,"private":0,"password":""}