{"id":"gen9ubers-1977776403","p1":"Nerdiestyt","p2":"fungoos469","format":"[Gen 9] Ubers","log":"|j|\u2606Nerdiestyt\n|j|\u2606fungoos469\n|t:|1698448264\n|gametype|singles\n|player|p1|Nerdiestyt|101|\n|player|p2|fungoos469|hero2-conquest|\n|teamsize|p1|6\n|teamsize|p2|6\n|gen|9\n|tier|[Gen 9] Ubers\n|rule|Sleep Clause Mod: Limit one foe put to sleep\n|rule|Species Clause: Limit one of each Pok\u00e9mon\n|rule|OHKO Clause: OHKO moves are banned\n|rule|Evasion Items Clause: Evasion items are banned\n|rule|Evasion Moves Clause: Evasion moves are banned\n|rule|Endless Battle Clause: Forcing endless battles is banned\n|rule|HP Percentage Mod: HP is shown in percentages\n|clearpoke\n|poke|p1|Shaymin-Sky|\n|poke|p1|Chi-Yu|\n|poke|p1|Ursaluna-Bloodmoon, M|\n|poke|p1|Blissey, F|\n|poke|p1|Palafin, F|\n|poke|p1|Zacian-*|\n|poke|p2|Magearna|\n|poke|p2|Zamazenta-*|\n|poke|p2|Zacian-*|\n|poke|p2|Dialga|\n|poke|p2|Palkia-Origin|\n|poke|p2|Arceus-Fighting|\n|teampreview\n|c|\u2606Nerdiestyt|Is anything here illegal\n|c|\u2606Nerdiestyt|Haven\u2019t checked bans in a while\n|c|\u2606fungoos469|you are good\n|\n|t:|1698448341\n|start\n|switch|p1a: Palafin|Palafin, F|100\/100\n|switch|p2a: Palkia|Palkia-Origin, shiny|100\/100\n|-ability|p2a: Palkia|Pressure\n|turn|1\n|\n|t:|1698448364\n|detailschange|p1a: Palafin|Palafin-Hero, F\n|switch|p1a: Shaymin|Shaymin-Sky|100\/100\n|move|p2a: Palkia|Thunderbolt|p1a: Shaymin\n|-damage|p1a: Shaymin|57\/100\n|\n|upkeep\n|turn|2\n|\n|t:|1698448373\n|switch|p2a: Zamazenta|Zamazenta-Crowned, shiny|100\/100\n|-ability|p2a: Zamazenta|Dauntless Shield|boost\n|-boost|p2a: Zamazenta|def|1\n|move|p1a: Shaymin|Seed Flare|p2a: Zamazenta\n|-resisted|p2a: Zamazenta\n|-damage|p2a: Zamazenta|72\/100\n|-unboost|p2a: Zamazenta|spd|2\n|-damage|p1a: Shaymin|47\/100|[from] item: Life Orb\n|\n|upkeep\n|turn|3\n|\n|t:|1698448386\n|move|p2a: Zamazenta|Ice Fang|p1a: Shaymin\n|-supereffective|p1a: Shaymin\n|-damage|p1a: Shaymin|0 fnt\n|faint|p1a: Shaymin\n|\n|upkeep\n|\n|t:|1698448393\n|switch|p1a: Chi-Yu|Chi-Yu|100\/100\n|-ability|p1a: Chi-Yu|Beads of Ruin\n|turn|4\n|\n|t:|1698448407\n|switch|p2a: Palkia|Palkia-Origin, shiny|100\/100\n|-ability|p2a: Palkia|Pressure\n|move|p1a: Chi-Yu|Dark Pulse|p2a: Palkia\n|-damage|p2a: Palkia|43\/100\n|\n|upkeep\n|turn|5\n|\n|t:|1698448419\n|move|p1a: Chi-Yu|Dark Pulse|p2a: Palkia\n|-damage|p2a: Palkia|0 fnt\n|faint|p2a: Palkia\n|\n|upkeep\n|\n|t:|1698448427\n|switch|p2a: Zacian|Zacian, shiny|100\/100\n|-ability|p2a: Zacian|Intrepid Sword|boost\n|-boost|p2a: Zacian|atk|1\n|turn|6\n|\n|t:|1698448446\n|switch|p1a: Ursaluna|Ursaluna-Bloodmoon, M|100\/100\n|move|p2a: Zacian|Play Rough|p1a: Ursaluna\n|-damage|p1a: Ursaluna|37\/100\n|-damage|p2a: Zacian|91\/100|[from] item: Life Orb\n|\n|-heal|p1a: Ursaluna|44\/100|[from] item: Leftovers\n|upkeep\n|turn|7\n|\n|t:|1698448458\n|move|p2a: Zacian|Trailblaze|p1a: Ursaluna\n|-supereffective|p1a: Ursaluna\n|-damage|p1a: Ursaluna|0 fnt\n|-boost|p2a: Zacian|spe|1\n|faint|p1a: Ursaluna\n|-damage|p2a: Zacian|81\/100|[from] item: Life Orb\n|\n|upkeep\n|\n|t:|1698448466\n|switch|p1a: Palafin|Palafin-Hero, F|100\/100\n|-activate|p1a: Palafin|ability: Zero to Hero\n|turn|8\n|\n|t:|1698448482\n|-terastallize|p1a: Palafin|Water\n|move|p2a: Zacian|Play Rough|p1a: Palafin|[miss]\n|-miss|p2a: Zacian|p1a: Palafin\n|move|p1a: Palafin|Wave Crash|p2a: Zacian\n|-damage|p2a: Zacian|0 fnt\n|faint|p2a: Zacian\n|-damage|p1a: Palafin|75\/100|[from] Recoil\n|\n|-heal|p1a: Palafin|81\/100|[from] item: Leftovers\n|upkeep\n|c|\u2606Nerdiestyt|The tourney is best of 3 right?\n|\n|t:|1698448502\n|switch|p2a: Dialga|Dialga|100\/100\n|-ability|p2a: Dialga|Pressure\n|turn|9\n|\n|t:|1698448514\n|switch|p1a: Blissey|Blissey, F|100\/100\n|move|p2a: Dialga|Stealth Rock|p1a: Blissey\n|-sidestart|p1: Nerdiestyt|move: Stealth Rock\n|\n|upkeep\n|turn|10\n|\n|t:|1698448520\n|switch|p2a: Arceus|Arceus-Fighting|100\/100\n|move|p1a: Blissey|Thunder Wave|p2a: Arceus\n|-status|p2a: Arceus|par\n|\n|upkeep\n|turn|11\n|\n|t:|1698448530\n|switch|p1a: Zacian|Zacian|100\/100\n|-damage|p1a: Zacian|88\/100|[from] Stealth Rock\n|-ability|p1a: Zacian|Intrepid Sword|boost\n|-boost|p1a: Zacian|atk|1\n|cant|p2a: Arceus|par\n|\n|upkeep\n|turn|12\n|\n|t:|1698448540\n|switch|p2a: Magearna|Magearna|100\/100\n|move|p1a: Zacian|Close Combat|p2a: Magearna\n|-damage|p2a: Magearna|31\/100\n|-unboost|p1a: Zacian|def|1\n|-unboost|p1a: Zacian|spd|1\n|\n|-heal|p2a: Magearna|37\/100|[from] item: Leftovers\n|upkeep\n|turn|13\n|\n|t:|1698448556\n|move|p1a: Zacian|Close Combat|p2a: Magearna\n|-damage|p2a: Magearna|0 fnt\n|-unboost|p1a: Zacian|def|1\n|-unboost|p1a: Zacian|spd|1\n|faint|p2a: Magearna\n|\n|upkeep\n|\n|t:|1698448562\n|switch|p2a: Dialga|Dialga|100\/100\n|-ability|p2a: Dialga|Pressure\n|turn|14\n|\n|t:|1698448567\n|move|p1a: Zacian|Close Combat|p2a: Dialga\n|-supereffective|p2a: Dialga\n|-damage|p2a: Dialga|10\/100\n|-unboost|p1a: Zacian|def|1\n|-unboost|p1a: Zacian|spd|1\n|move|p2a: Dialga|Flash Cannon|p1a: Zacian\n|-supereffective|p1a: Zacian\n|-damage|p1a: Zacian|0 fnt\n|faint|p1a: Zacian\n|\n|-heal|p2a: Dialga|16\/100|[from] item: Leftovers\n|upkeep\n|\n|t:|1698448582\n|switch|p1a: Palafin|Palafin-Hero, F, tera:Water|81\/100\n|-damage|p1a: Palafin|69\/100|[from] Stealth Rock\n|turn|15\n|\n|t:|1698448602\n|move|p1a: Palafin|Wave Crash|p2a: Dialga\n|-resisted|p2a: Dialga\n|-damage|p2a: Dialga|0 fnt\n|faint|p2a: Dialga\n|-damage|p1a: Palafin|63\/100|[from] Recoil\n|\n|-heal|p1a: Palafin|69\/100|[from] item: Leftovers\n|upkeep\n|\n|t:|1698448609\n|switch|p2a: Zamazenta|Zamazenta-Crowned, shiny|72\/100\n|turn|16\n|\n|t:|1698448626\n|-terastallize|p2a: Zamazenta|Fighting\n|move|p2a: Zamazenta|Iron Defense|p2a: Zamazenta\n|-boost|p2a: Zamazenta|def|2\n|move|p1a: Palafin|Wave Crash|p2a: Zamazenta\n|-damage|p2a: Zamazenta|34\/100\n|-damage|p1a: Palafin|57\/100|[from] Recoil\n|\n|-heal|p1a: Palafin|63\/100|[from] item: Leftovers\n|upkeep\n|turn|17\n|\n|t:|1698448636\n|move|p2a: Zamazenta|Body Press|p1a: Palafin\n|-damage|p1a: Palafin|0 fnt\n|faint|p1a: Palafin\n|\n|upkeep\n|\n|t:|1698448639\n|switch|p1a: Chi-Yu|Chi-Yu|100\/100\n|-damage|p1a: Chi-Yu|76\/100|[from] Stealth Rock\n|-ability|p1a: Chi-Yu|Beads of Ruin\n|turn|18\n|\n|t:|1698448650\n|move|p1a: Chi-Yu|Psychic|p2a: Zamazenta\n|-supereffective|p2a: Zamazenta\n|-damage|p2a: Zamazenta|0 fnt\n|faint|p2a: Zamazenta\n|\n|upkeep\n|\n|t:|1698448655\n|switch|p2a: Arceus|Arceus-Fighting|100\/100 par\n|turn|19\n|\n|t:|1698448663\n|move|p1a: Chi-Yu|Psychic|p2a: Arceus\n|-supereffective|p2a: Arceus\n|-damage|p2a: Arceus|34\/100 par\n|cant|p2a: Arceus|par\n|\n|upkeep\n|turn|20\n|\n|t:|1698448668\n|move|p1a: Chi-Yu|Psychic|p2a: Arceus\n|-supereffective|p2a: Arceus\n|-damage|p2a: Arceus|0 fnt\n|faint|p2a: Arceus\n|\n|win|Nerdiestyt\n|c|\u2606fungoos469|gg\n|c|\u2606Nerdiestyt|Gg\n|l|\u2606fungoos469\n|l|\u2606Nerdiestyt\n|j|\u2606Nerdiestyt\n|player|p1|Nerdiestyt|101\n","uploadtime":1698449207,"views":17,"p1id":"nerdiestyt","p2id":"fungoos469","formatid":"gen9ubers","rating":0,"private":0,"password":""}