{"id":"gen9ubers-1992935830","p1":"1P1o1s1h1e1","p2":"portobellomushroom","format":"[Gen 9] Ubers","log":"|j|\u26061P1o1s1h1e1\n|j|\u2606portobellomushroom\n|t:|1700248290\n|gametype|singles\n|player|p1|1P1o1s1h1e1|102|\n|player|p2|portobellomushroom|cynthia|\n|teamsize|p1|6\n|teamsize|p2|6\n|gen|9\n|tier|[Gen 9] Ubers\n|rule|Sleep Clause Mod: Limit one foe put to sleep\n|rule|Species Clause: Limit one of each Pok\u00e9mon\n|rule|OHKO Clause: OHKO moves are banned\n|rule|Evasion Items Clause: Evasion items are banned\n|rule|Evasion Moves Clause: Evasion moves are banned\n|rule|Endless Battle Clause: Forcing endless battles is banned\n|rule|HP Percentage Mod: HP is shown in percentages\n|clearpoke\n|poke|p1|Wo-Chien|\n|poke|p1|Arceus-Poison|\n|poke|p1|Magearna|\n|poke|p1|Ursaluna-Bloodmoon, M|\n|poke|p1|Sneasler, M|\n|poke|p1|Scream Tail|\n|poke|p2|Gholdengo|\n|poke|p2|Meowscarada, M|\n|poke|p2|Garchomp, M|\n|poke|p2|Magearna|\n|poke|p2|Hippowdon, M|\n|poke|p2|Houndstone, F|\n|teampreview\n|c|\u2606portobellomushroom|gl hf\n|c|\u26061P1o1s1h1e1|u2\n|j| Incredibleking\n|j| Nitro524\n|\n|t:|1700248334\n|start\n|switch|p1a: sheIsSuchABadBi-|Sneasler, M, shiny|100\/100\n|switch|p2a: Me-Wow|Meowscarada, M|100\/100\n|turn|1\n|c| Incredibleking|Lfg pooshi\n|\n|t:|1700248346\n|move|p1a: sheIsSuchABadBi-|U-turn|p2a: Me-Wow\n|-supereffective|p2a: Me-Wow\n|-enditem|p2a: Me-Wow|Focus Sash\n|-damage|p2a: Me-Wow|1\/100\n|\n|t:|1700248350\n|switch|p1a: Purple Guy (FNAF)|Arceus-Poison|100\/100|[from] U-turn\n|move|p2a: Me-Wow|Spikes|p1a: Purple Guy (FNAF)\n|-start|p2a: Me-Wow|typechange|Ground|[from] ability: Protean\n|-sidestart|p1: 1P1o1s1h1e1|Spikes\n|\n|upkeep\n|turn|2\n|\n|t:|1700248361\n|move|p2a: Me-Wow|Spikes|p1a: Purple Guy (FNAF)\n|-sidestart|p1: 1P1o1s1h1e1|Spikes\n|move|p1a: Purple Guy (FNAF)|Foul Play|p2a: Me-Wow\n|-damage|p2a: Me-Wow|0 fnt\n|faint|p2a: Me-Wow\n|\n|upkeep\n|\n|t:|1700248385\n|switch|p2a: hippo|Hippowdon, M|100\/100\n|-weather|Sandstorm|[from] ability: Sand Stream|[of] p2a: hippo\n|turn|3\n|\n|t:|1700248389\n|move|p1a: Purple Guy (FNAF)|Taunt|p2a: hippo\n|-start|p2a: hippo|move: Taunt\n|cant|p2a: hippo|move: Taunt|Whirlwind\n|\n|-weather|Sandstorm|[upkeep]\n|-damage|p1a: Purple Guy (FNAF)|94\/100|[from] Sandstorm\n|upkeep\n|turn|4\n|\n|t:|1700248402\n|switch|p1a: Freddy (FNAF)|Ursaluna-Bloodmoon, M|100\/100\n|-damage|p1a: Freddy (FNAF)|84\/100|[from] Spikes\n|switch|p2a: Magluena|Magearna|100\/100\n|\n|-weather|Sandstorm|[upkeep]\n|-heal|p1a: Freddy (FNAF)|90\/100|[from] item: Leftovers\n|upkeep\n|turn|5\n|\n|t:|1700248411\n|switch|p2a: Pure Cheese|Gholdengo|100\/100\n|-item|p2a: Pure Cheese|Air Balloon\n|move|p1a: Freddy (FNAF)|Calm Mind|p1a: Freddy (FNAF)\n|-boost|p1a: Freddy (FNAF)|spa|1\n|-boost|p1a: Freddy (FNAF)|spd|1\n|\n|-weather|Sandstorm|[upkeep]\n|-heal|p1a: Freddy (FNAF)|96\/100|[from] item: Leftovers\n|upkeep\n|turn|6\n|\n|t:|1700248419\n|move|p2a: Pure Cheese|Nasty Plot|p2a: Pure Cheese\n|-boost|p2a: Pure Cheese|spa|2\n|move|p1a: Freddy (FNAF)|Hyper Voice|p2a: Pure Cheese\n|-resisted|p2a: Pure Cheese\n|-damage|p2a: Pure Cheese|73\/100\n|-enditem|p2a: Pure Cheese|Air Balloon\n|\n|-weather|Sandstorm|[upkeep]\n|-heal|p1a: Freddy (FNAF)|100\/100|[from] item: Leftovers\n|upkeep\n|turn|7\n|\n|t:|1700248427\n|-terastallize|p1a: Freddy (FNAF)|Water\n|move|p2a: Pure Cheese|Make It Rain|p1a: Freddy (FNAF)\n|-resisted|p1a: Freddy (FNAF)\n|-damage|p1a: Freddy (FNAF)|58\/100\n|-unboost|p2a: Pure Cheese|spa|1\n|move|p1a: Freddy (FNAF)|Calm Mind|p1a: Freddy (FNAF)\n|-boost|p1a: Freddy (FNAF)|spa|1\n|-boost|p1a: Freddy (FNAF)|spd|1\n|\n|-weather|Sandstorm|[upkeep]\n|-damage|p1a: Freddy (FNAF)|52\/100|[from] Sandstorm\n|-heal|p1a: Freddy (FNAF)|58\/100|[from] item: Leftovers\n|upkeep\n|turn|8\n|\n|t:|1700248437\n|move|p2a: Pure Cheese|Shadow Ball|p1a: Freddy (FNAF)\n|-damage|p1a: Freddy (FNAF)|28\/100\n|move|p1a: Freddy (FNAF)|Earth Power|p2a: Pure Cheese\n|-supereffective|p2a: Pure Cheese\n|-damage|p2a: Pure Cheese|0 fnt\n|faint|p2a: Pure Cheese\n|\n|-weather|Sandstorm|[upkeep]\n|-damage|p1a: Freddy (FNAF)|22\/100|[from] Sandstorm\n|-heal|p1a: Freddy (FNAF)|28\/100|[from] item: Leftovers\n|upkeep\n|\n|t:|1700248453\n|switch|p2a: rip dog|Houndstone, F|100\/100\n|turn|9\n|\n|t:|1700248467\n|move|p2a: rip dog|Last Respects|p1a: Freddy (FNAF)\n|-damage|p1a: Freddy (FNAF)|0 fnt\n|faint|p1a: Freddy (FNAF)\n|\n|-weather|Sandstorm|[upkeep]\n|upkeep\n|\n|t:|1700248473\n|switch|p1a: Mangle (FNAF)|Wo-Chien|100\/100\n|-damage|p1a: Mangle (FNAF)|84\/100|[from] Spikes\n|-ability|p1a: Mangle (FNAF)|Tablets of Ruin\n|turn|10\n|\n|t:|1700248478\n|switch|p2a: Magluena|Magearna|100\/100\n|move|p1a: Mangle (FNAF)|Knock Off|p2a: Magluena\n|-resisted|p2a: Magluena\n|-damage|p2a: Magluena|88\/100\n|-enditem|p2a: Magluena|Leftovers|[from] move: Knock Off|[of] p1a: Mangle (FNAF)\n|\n|-weather|none\n|-heal|p1a: Mangle (FNAF)|90\/100|[from] item: Leftovers\n|upkeep\n|turn|11\n|j| OceanicGamer2\n|\n|t:|1700248486\n|move|p1a: Mangle (FNAF)|Substitute|p1a: Mangle (FNAF)\n|-start|p1a: Mangle (FNAF)|Substitute\n|-damage|p1a: Mangle (FNAF)|65\/100\n|move|p2a: Magluena|Thunder Wave||[still]\n|-fail|p2a: Magluena\n|\n|-heal|p1a: Mangle (FNAF)|71\/100|[from] item: Leftovers\n|upkeep\n|turn|12\n|\n|t:|1700248491\n|move|p1a: Mangle (FNAF)|Leech Seed|p2a: Magluena\n|-start|p2a: Magluena|move: Leech Seed\n|move|p2a: Magluena|Encore|p1a: Mangle (FNAF)\n|-start|p1a: Mangle (FNAF)|Encore\n|\n|-heal|p1a: Mangle (FNAF)|78\/100|[from] item: Leftovers\n|-damage|p2a: Magluena|75\/100|[from] Leech Seed|[of] p1a: Mangle (FNAF)\n|-heal|p1a: Mangle (FNAF)|90\/100|[silent]\n|upkeep\n|turn|13\n|c| OceanicGamer2|Pooshi the goat\n|\n|t:|1700248501\n|switch|p1a: Bonnie (FNAF)|Magearna|100\/100\n|-damage|p1a: Bonnie (FNAF)|84\/100|[from] Spikes\n|move|p2a: Magluena|Spikes|p1a: Bonnie (FNAF)\n|-sidestart|p1: 1P1o1s1h1e1|Spikes\n|\n|-heal|p1a: Bonnie (FNAF)|90\/100|[from] item: Leftovers\n|-damage|p2a: Magluena|63\/100|[from] Leech Seed|[of] p1a: Bonnie (FNAF)\n|-heal|p1a: Bonnie (FNAF)|100\/100|[silent]\n|upkeep\n|turn|14\n|\n|t:|1700248507\n|move|p2a: Magluena|Volt Switch|p1a: Bonnie (FNAF)\n|-damage|p1a: Bonnie (FNAF)|87\/100\n|\n|t:|1700248510\n|switch|p2a: hippo|Hippowdon, M|100\/100|[from] Volt Switch\n|-weather|Sandstorm|[from] ability: Sand Stream|[of] p2a: hippo\n|move|p1a: Bonnie (FNAF)|Spikes|p2a: hippo\n|-sidestart|p2: portobellomushroom|Spikes\n|\n|-weather|Sandstorm|[upkeep]\n|-heal|p1a: Bonnie (FNAF)|93\/100|[from] item: Leftovers\n|upkeep\n|turn|15\n|\n|t:|1700248520\n|switch|p1a: Cupcake (FNAF)|Scream Tail|100\/100\n|-damage|p1a: Cupcake (FNAF)|76\/100|[from] Spikes\n|move|p2a: hippo|Whirlwind|p1a: Cupcake (FNAF)\n|-end|p1a: Cupcake (FNAF)|Protosynthesis|[silent]\n|drag|p1a: Bonnie (FNAF)|Magearna|93\/100\n|-damage|p1a: Bonnie (FNAF)|68\/100|[from] Spikes\n|\n|-weather|Sandstorm|[upkeep]\n|-heal|p1a: Bonnie (FNAF)|74\/100|[from] item: Leftovers\n|upkeep\n|turn|16\n|\n|t:|1700248526\n|move|p1a: Bonnie (FNAF)|Ice Beam|p2a: hippo\n|-supereffective|p2a: hippo\n|-damage|p2a: hippo|48\/100\n|move|p2a: hippo|Whirlwind|p1a: Bonnie (FNAF)\n|drag|p1a: Purple Guy (FNAF)|Arceus-Poison|94\/100\n|-damage|p1a: Purple Guy (FNAF)|69\/100|[from] Spikes\n|\n|-weather|Sandstorm|[upkeep]\n|-damage|p1a: Purple Guy (FNAF)|63\/100|[from] Sandstorm\n|upkeep\n|turn|17\n|\n|t:|1700248535\n|move|p1a: Purple Guy (FNAF)|Recover|p1a: Purple Guy (FNAF)\n|-heal|p1a: Purple Guy (FNAF)|100\/100\n|move|p2a: hippo|Slack Off|p2a: hippo\n|-heal|p2a: hippo|98\/100\n|\n|-weather|Sandstorm|[upkeep]\n|-damage|p1a: Purple Guy (FNAF)|94\/100|[from] Sandstorm\n|upkeep\n|turn|18\n|\n|t:|1700248540\n|move|p1a: Purple Guy (FNAF)|Taunt|p2a: hippo\n|-start|p2a: hippo|move: Taunt\n|move|p2a: hippo|Earthquake|p1a: Purple Guy (FNAF)\n|-supereffective|p1a: Purple Guy (FNAF)\n|-damage|p1a: Purple Guy (FNAF)|54\/100\n|\n|-weather|Sandstorm|[upkeep]\n|-damage|p1a: Purple Guy (FNAF)|48\/100|[from] Sandstorm\n|upkeep\n|turn|19\n|\n|t:|1700248551\n|switch|p2a: We're Garchback|Garchomp, M|100\/100\n|-damage|p2a: We're Garchback|88\/100|[from] Spikes\n|move|p1a: Purple Guy (FNAF)|Recover|p1a: Purple Guy (FNAF)\n|-heal|p1a: Purple Guy (FNAF)|98\/100\n|\n|-weather|Sandstorm|[upkeep]\n|-damage|p1a: Purple Guy (FNAF)|92\/100|[from] Sandstorm\n|upkeep\n|turn|20\n|\n|t:|1700248557\n|move|p2a: We're Garchback|Scale Shot|p1a: Purple Guy (FNAF)\n|-damage|p1a: Purple Guy (FNAF)|84\/100\n|-damage|p1a: Purple Guy (FNAF)|76\/100\n|-damage|p1a: Purple Guy (FNAF)|69\/100\n|-damage|p1a: Purple Guy (FNAF)|62\/100\n|-hitcount|p1a: Purple Guy (FNAF)|4\n|-unboost|p2a: We're Garchback|def|1\n|-boost|p2a: We're Garchback|spe|1\n|move|p1a: Purple Guy (FNAF)|Foul Play|p2a: We're Garchback\n|-damage|p2a: We're Garchback|36\/100\n|\n|-weather|Sandstorm|[upkeep]\n|-damage|p1a: Purple Guy (FNAF)|55\/100|[from] Sandstorm\n|upkeep\n|turn|21\n|\n|t:|1700248565\n|move|p2a: We're Garchback|Earthquake|p1a: Purple Guy (FNAF)\n|-supereffective|p1a: Purple Guy (FNAF)\n|-damage|p1a: Purple Guy (FNAF)|4\/100\n|move|p1a: Purple Guy (FNAF)|Foul Play|p2a: We're Garchback\n|-damage|p2a: We're Garchback|0 fnt\n|faint|p2a: We're Garchback\n|\n|-weather|none\n|upkeep\n|\n|t:|1700248571\n|switch|p2a: rip dog|Houndstone, F|100\/100\n|-damage|p2a: rip dog|88\/100|[from] Spikes\n|turn|22\n|\n|t:|1700248575\n|move|p2a: rip dog|Shadow Sneak|p1a: Purple Guy (FNAF)\n|-damage|p1a: Purple Guy (FNAF)|0 fnt\n|faint|p1a: Purple Guy (FNAF)\n|\n|upkeep\n|\n|t:|1700248581\n|switch|p1a: Mangle (FNAF)|Wo-Chien|90\/100\n|-damage|p1a: Mangle (FNAF)|65\/100|[from] Spikes\n|-ability|p1a: Mangle (FNAF)|Tablets of Ruin\n|turn|23\n|\n|t:|1700248596\n|switch|p2a: Magluena|Magearna|63\/100\n|-damage|p2a: Magluena|51\/100|[from] Spikes\n|move|p1a: Mangle (FNAF)|Leech Seed|p2a: Magluena\n|-start|p2a: Magluena|move: Leech Seed\n|\n|-heal|p1a: Mangle (FNAF)|71\/100|[from] item: Leftovers\n|-damage|p2a: Magluena|38\/100|[from] Leech Seed|[of] p1a: Mangle (FNAF)\n|-heal|p1a: Mangle (FNAF)|83\/100|[silent]\n|upkeep\n|turn|24\n|\n|t:|1700248606\n|move|p1a: Mangle (FNAF)|Knock Off|p2a: Magluena\n|-resisted|p2a: Magluena\n|-damage|p2a: Magluena|30\/100\n|move|p2a: Magluena|Volt Switch|p1a: Mangle (FNAF)\n|-resisted|p1a: Mangle (FNAF)\n|-damage|p1a: Mangle (FNAF)|78\/100\n|\n|t:|1700248608\n|switch|p2a: hippo|Hippowdon, M|98\/100|[from] Volt Switch\n|-damage|p2a: hippo|86\/100|[from] Spikes\n|-weather|Sandstorm|[from] ability: Sand Stream|[of] p2a: hippo\n|\n|-weather|Sandstorm|[upkeep]\n|-damage|p1a: Mangle (FNAF)|71\/100|[from] Sandstorm\n|-heal|p1a: Mangle (FNAF)|78\/100|[from] item: Leftovers\n|upkeep\n|turn|25\n|\n|t:|1700248614\n|move|p1a: Mangle (FNAF)|Leech Seed|p2a: hippo\n|-start|p2a: hippo|move: Leech Seed\n|move|p2a: hippo|Whirlwind|p1a: Mangle (FNAF)\n|drag|p1a: Cupcake (FNAF)|Scream Tail|76\/100\n|-damage|p1a: Cupcake (FNAF)|51\/100|[from] Spikes\n|\n|-weather|Sandstorm|[upkeep]\n|-damage|p1a: Cupcake (FNAF)|45\/100|[from] Sandstorm\n|-heal|p1a: Cupcake (FNAF)|51\/100|[from] item: Leftovers\n|-damage|p2a: hippo|73\/100|[from] Leech Seed|[of] p1a: Cupcake (FNAF)\n|-heal|p1a: Cupcake (FNAF)|63\/100|[silent]\n|upkeep\n|turn|26\n|\n|t:|1700248625\n|move|p1a: Cupcake (FNAF)|Wish|p1a: Cupcake (FNAF)\n|move|p2a: hippo|Whirlwind|p1a: Cupcake (FNAF)\n|-end|p1a: Cupcake (FNAF)|Protosynthesis|[silent]\n|drag|p1a: Mangle (FNAF)|Wo-Chien|78\/100\n|-damage|p1a: Mangle (FNAF)|53\/100|[from] Spikes\n|-ability|p1a: Mangle (FNAF)|Tablets of Ruin\n|\n|-weather|Sandstorm|[upkeep]\n|-damage|p1a: Mangle (FNAF)|46\/100|[from] Sandstorm\n|-heal|p1a: Mangle (FNAF)|53\/100|[from] item: Leftovers\n|-damage|p2a: hippo|61\/100|[from] Leech Seed|[of] p1a: Mangle (FNAF)\n|-heal|p1a: Mangle (FNAF)|67\/100|[silent]\n|upkeep\n|turn|27\n|\n|t:|1700248636\n|move|p1a: Mangle (FNAF)|Knock Off|p2a: hippo\n|-damage|p2a: hippo|47\/100\n|-enditem|p2a: hippo|Smooth Rock|[from] move: Knock Off|[of] p1a: Mangle (FNAF)\n|move|p2a: hippo|Whirlwind|p1a: Mangle (FNAF)\n|drag|p1a: Bonnie (FNAF)|Magearna|74\/100\n|-damage|p1a: Bonnie (FNAF)|49\/100|[from] Spikes\n|\n|-weather|Sandstorm|[upkeep]\n|-heal|p1a: Bonnie (FNAF)|100\/100|[from] move: Wish|[wisher] Cupcake (FNAF)\n|-damage|p2a: hippo|34\/100|[from] Leech Seed|[of] p1a: Bonnie (FNAF)\n|upkeep\n|turn|28\n|\n|t:|1700248644\n|switch|p2a: Magluena|Magearna|30\/100\n|-damage|p2a: Magluena|18\/100|[from] Spikes\n|move|p1a: Bonnie (FNAF)|Ice Beam|p2a: Magluena\n|-resisted|p2a: Magluena\n|-damage|p2a: Magluena|11\/100\n|\n|-weather|Sandstorm|[upkeep]\n|upkeep\n|turn|29\n|\n|t:|1700248650\n|move|p2a: Magluena|Volt Switch|p1a: Bonnie (FNAF)\n|-damage|p1a: Bonnie (FNAF)|88\/100\n|\n|t:|1700248655\n|switch|p2a: rip dog|Houndstone, F|88\/100|[from] Volt Switch\n|-damage|p2a: rip dog|76\/100|[from] Spikes\n|move|p1a: Bonnie (FNAF)|Volt Switch|p2a: rip dog\n|-damage|p2a: rip dog|52\/100\n|l| Incredibleking\n|\n|t:|1700248680\n|switch|p1a: sheIsSuchABadBi-|Sneasler, M, shiny|100\/100|[from] Volt Switch\n|-damage|p1a: sheIsSuchABadBi-|76\/100|[from] Spikes\n|\n|-weather|Sandstorm|[upkeep]\n|-damage|p1a: sheIsSuchABadBi-|70\/100|[from] Sandstorm\n|upkeep\n|turn|30\n|j| Incredibleking\n|c| Nitro524|The sneasler rant\n|\n|t:|1700248695\n|-terastallize|p2a: rip dog|Fairy\n|move|p1a: sheIsSuchABadBi-|Dire Claw|p2a: rip dog\n|-supereffective|p2a: rip dog\n|-damage|p2a: rip dog|0 fnt\n|faint|p2a: rip dog\n|\n|-weather|Sandstorm|[upkeep]\n|-damage|p1a: sheIsSuchABadBi-|64\/100|[from] Sandstorm\n|upkeep\n|c|\u26061P1o1s1h1e1|YES\n|c|\u2606portobellomushroom|crazy dire\n|c| OceanicGamer2|THE PREDIR\n|c| OceanicGamer2|F\n|\n|t:|1700248708\n|switch|p2a: Magluena|Magearna|11\/100\n|-damage|p2a: Magluena|0 fnt|[from] Spikes\n|faint|p2a: Magluena\n|\n|t:|1700248709\n|switch|p2a: hippo|Hippowdon, M|34\/100\n|-damage|p2a: hippo|22\/100|[from] Spikes\n|turn|31\n|c| Incredibleking|GOATed\n|c| OceanicGamer2|\ud83d\udd25\n|c|\u2606portobellomushroom|gg\n|\n|t:|1700248715\n|move|p1a: sheIsSuchABadBi-|Dire Claw|p2a: hippo\n|-resisted|p2a: hippo\n|-damage|p2a: hippo|12\/100\n|move|p2a: hippo|Earthquake|p1a: sheIsSuchABadBi-\n|-supereffective|p1a: sheIsSuchABadBi-\n|-damage|p1a: sheIsSuchABadBi-|0 fnt\n|faint|p1a: sheIsSuchABadBi-\n|\n|-weather|none\n|upkeep\n|\n|t:|1700248718\n|switch|p1a: Mangle (FNAF)|Wo-Chien|67\/100\n|-damage|p1a: Mangle (FNAF)|42\/100|[from] Spikes\n|-ability|p1a: Mangle (FNAF)|Tablets of Ruin\n|turn|32\n|\n|t:|1700248721\n|move|p1a: Mangle (FNAF)|Leech Seed|p2a: hippo\n|-start|p2a: hippo|move: Leech Seed\n|move|p2a: hippo|Whirlwind|p1a: Mangle (FNAF)\n|drag|p1a: Bonnie (FNAF)|Magearna|88\/100\n|-damage|p1a: Bonnie (FNAF)|63\/100|[from] Spikes\n|\n|-heal|p1a: Bonnie (FNAF)|69\/100|[from] item: Leftovers\n|-damage|p2a: hippo|0 fnt|[from] Leech Seed|[of] p1a: Bonnie (FNAF)\n|-heal|p1a: Bonnie (FNAF)|82\/100|[silent]\n|faint|p2a: hippo\n|\n|win|1P1o1s1h1e1\n|upkeep\n|c|\u26061P1o1s1h1e1|gg\n|l| OceanicGamer2\n","uploadtime":1700248739,"views":71,"p1id":"1p1o1s1h1e1","p2id":"portobellomushroom","formatid":"gen9ubers","rating":0,"private":0,"password":""}