{"id":"gen9ubers-1974541222","p1":"Jyho Blackbird","p2":"StueyF23","format":"[Gen 9] Ubers","log":"|j|\u2606Jyho Blackbird\n|j|\u2606StueyF23\n|t:|1698095650\n|gametype|singles\n|player|p1|Jyho Blackbird|hilbert-wonderlauncher|1097\n|player|p2|StueyF23|265|1059\n|teamsize|p1|6\n|teamsize|p2|6\n|gen|9\n|tier|[Gen 9] Ubers\n|rated|\n|rule|Sleep Clause Mod: Limit one foe put to sleep\n|rule|Species Clause: Limit one of each Pok\u00e9mon\n|rule|OHKO Clause: OHKO moves are banned\n|rule|Evasion Items Clause: Evasion items are banned\n|rule|Evasion Moves Clause: Evasion moves are banned\n|rule|Endless Battle Clause: Forcing endless battles is banned\n|rule|HP Percentage Mod: HP is shown in percentages\n|clearpoke\n|poke|p1|Volcarona, F|\n|poke|p1|Quagsire, M|\n|poke|p1|Iron Valiant|\n|poke|p1|Dialga|\n|poke|p1|Espathra, F|\n|poke|p1|Shaymin-Sky|\n|poke|p2|Skeledirge, F|\n|poke|p2|Roaring Moon|\n|poke|p2|Scream Tail|\n|poke|p2|Meowscarada, F|\n|poke|p2|Palafin, M|\n|poke|p2|Thundurus, M|\n|teampreview\n|\n|t:|1698095657\n|start\n|switch|p1a: Iron Valiant|Iron Valiant|100\/100\n|switch|p2a: Palafin|Palafin, M|100\/100\n|-enditem|p1a: Iron Valiant|Booster Energy\n|-activate|p1a: Iron Valiant|ability: Quark Drive|[fromitem]\n|-start|p1a: Iron Valiant|quarkdrivespe\n|turn|1\n|\n|t:|1698095666\n|detailschange|p2a: Palafin|Palafin-Hero, M\n|switch|p2a: Skeledirge|Skeledirge, F|100\/100\n|move|p1a: Iron Valiant|Swords Dance|p1a: Iron Valiant\n|-boost|p1a: Iron Valiant|atk|2\n|\n|upkeep\n|turn|2\n|\n|t:|1698095674\n|move|p1a: Iron Valiant|Knock Off|p2a: Skeledirge\n|-supereffective|p2a: Skeledirge\n|-damage|p2a: Skeledirge|46\/100\n|-enditem|p2a: Skeledirge|Heavy-Duty Boots|[from] move: Knock Off|[of] p1a: Iron Valiant\n|move|p2a: Skeledirge|Will-O-Wisp|p1a: Iron Valiant\n|-status|p1a: Iron Valiant|brn\n|\n|-damage|p1a: Iron Valiant|94\/100 brn|[from] brn\n|upkeep\n|turn|3\n|\n|t:|1698095685\n|move|p1a: Iron Valiant|Swords Dance|p1a: Iron Valiant\n|-boost|p1a: Iron Valiant|atk|2\n|move|p2a: Skeledirge|Slack Off|p2a: Skeledirge\n|-heal|p2a: Skeledirge|97\/100\n|\n|-damage|p1a: Iron Valiant|88\/100 brn|[from] brn\n|upkeep\n|turn|4\n|\n|t:|1698095694\n|move|p1a: Iron Valiant|Knock Off|p2a: Skeledirge\n|-supereffective|p2a: Skeledirge\n|-damage|p2a: Skeledirge|76\/100\n|move|p2a: Skeledirge|Hex|p1a: Iron Valiant\n|-damage|p1a: Iron Valiant|6\/100 brn\n|\n|-damage|p1a: Iron Valiant|0 fnt|[from] brn\n|faint|p1a: Iron Valiant\n|-end|p1a: Iron Valiant|Quark Drive|[silent]\n|upkeep\n|\n|t:|1698095707\n|switch|p1a: Espathra|Espathra, F|100\/100\n|turn|5\n|\n|t:|1698095714\n|move|p1a: Espathra|Dazzling Gleam|p2a: Skeledirge\n|-resisted|p2a: Skeledirge\n|-damage|p2a: Skeledirge|63\/100\n|move|p2a: Skeledirge|Hex|p1a: Espathra\n|-supereffective|p1a: Espathra\n|-damage|p1a: Espathra|31\/100\n|\n|-ability|p1a: Espathra|Speed Boost|boost\n|-boost|p1a: Espathra|spe|1\n|upkeep\n|turn|6\n|\n|t:|1698095724\n|switch|p1a: Quagsire|Quagsire, M|100\/100\n|move|p2a: Skeledirge|Hex|p1a: Quagsire\n|-damage|p1a: Quagsire|69\/100\n|\n|-heal|p1a: Quagsire|75\/100|[from] item: Leftovers\n|upkeep\n|turn|7\n|\n|t:|1698095736\n|switch|p2a: Meowscarada|Meowscarada, F|100\/100\n|move|p1a: Quagsire|Stealth Rock|p2a: Meowscarada\n|-sidestart|p2: StueyF23|move: Stealth Rock\n|\n|-heal|p1a: Quagsire|81\/100|[from] item: Leftovers\n|upkeep\n|turn|8\n|\n|t:|1698095751\n|switch|p1a: Dialga|Dialga|100\/100\n|-ability|p1a: Dialga|Pressure\n|move|p2a: Meowscarada|U-turn|p1a: Dialga\n|-start|p2a: Meowscarada|typechange|Bug|[from] ability: Protean\n|-resisted|p1a: Dialga\n|-damage|p1a: Dialga|89\/100\n|\n|t:|1698095761\n|switch|p2a: Skeledirge|Skeledirge, F|63\/100|[from] U-turn\n|-damage|p2a: Skeledirge|38\/100|[from] Stealth Rock\n|\n|upkeep\n|turn|9\n|\n|t:|1698095768\n|switch|p1a: Quagsire|Quagsire, M|81\/100\n|move|p2a: Skeledirge|Slack Off|p2a: Skeledirge\n|-heal|p2a: Skeledirge|88\/100\n|\n|-heal|p1a: Quagsire|88\/100|[from] item: Leftovers\n|upkeep\n|turn|10\n|\n|t:|1698095778\n|move|p2a: Skeledirge|Will-O-Wisp|p1a: Quagsire\n|-status|p1a: Quagsire|brn\n|move|p1a: Quagsire|Toxic Spikes|p2a: Skeledirge\n|-sidestart|p2: StueyF23|move: Toxic Spikes\n|\n|-heal|p1a: Quagsire|94\/100 brn|[from] item: Leftovers\n|-damage|p1a: Quagsire|88\/100 brn|[from] brn\n|upkeep\n|turn|11\n|\n|t:|1698095787\n|move|p2a: Skeledirge|Hex|p1a: Quagsire\n|-damage|p1a: Quagsire|32\/100 brn\n|move|p1a: Quagsire|Toxic Spikes|p2a: Skeledirge\n|-sidestart|p2: StueyF23|move: Toxic Spikes\n|\n|-heal|p1a: Quagsire|38\/100 brn|[from] item: Leftovers\n|-damage|p1a: Quagsire|32\/100 brn|[from] brn\n|upkeep\n|turn|12\n|\n|t:|1698095805\n|move|p2a: Skeledirge|Hex|p1a: Quagsire\n|-damage|p1a: Quagsire|0 fnt\n|faint|p1a: Quagsire\n|\n|upkeep\n|\n|t:|1698095809\n|switch|p1a: Dialga|Dialga|89\/100\n|-ability|p1a: Dialga|Pressure\n|turn|13\n|\n|t:|1698095814\n|move|p2a: Skeledirge|Torch Song|p1a: Dialga\n|-damage|p1a: Dialga|71\/100\n|-boost|p2a: Skeledirge|spa|1\n|move|p1a: Dialga|Dragon Tail|p2a: Skeledirge\n|-damage|p2a: Skeledirge|69\/100\n|drag|p2a: Scream Tail|Scream Tail|100\/100\n|-damage|p2a: Scream Tail|88\/100|[from] Stealth Rock\n|-status|p2a: Scream Tail|tox\n|\n|-heal|p2a: Scream Tail|94\/100 tox|[from] item: Leftovers\n|-damage|p2a: Scream Tail|88\/100 tox|[from] psn\n|upkeep\n|turn|14\n|\n|t:|1698095829\n|move|p2a: Scream Tail|Thunder Wave|p1a: Dialga\n|-status|p1a: Dialga|par\n|move|p1a: Dialga|Flash Cannon|p2a: Scream Tail\n|-supereffective|p2a: Scream Tail\n|-damage|p2a: Scream Tail|18\/100 tox\n|\n|-heal|p2a: Scream Tail|25\/100 tox|[from] item: Leftovers\n|-damage|p2a: Scream Tail|12\/100 tox|[from] psn\n|upkeep\n|turn|15\n|\n|t:|1698095841\n|move|p2a: Scream Tail|Wish|p2a: Scream Tail\n|cant|p1a: Dialga|par\n|\n|-heal|p2a: Scream Tail|18\/100 tox|[from] item: Leftovers\n|-damage|p2a: Scream Tail|0 fnt|[from] psn\n|faint|p2a: Scream Tail\n|-end|p2a: Scream Tail|Protosynthesis|[silent]\n|upkeep\n|\n|t:|1698095851\n|switch|p2a: Roaring Moon|Roaring Moon|100\/100\n|-damage|p2a: Roaring Moon|88\/100|[from] Stealth Rock\n|-status|p2a: Roaring Moon|tox\n|turn|16\n|\n|t:|1698095863\n|move|p2a: Roaring Moon|Outrage|p1a: Dialga\n|-damage|p1a: Dialga|15\/100 par\n|move|p1a: Dialga|Draco Meteor|p2a: Roaring Moon\n|-supereffective|p2a: Roaring Moon\n|-damage|p2a: Roaring Moon|0 fnt\n|-unboost|p1a: Dialga|spa|2\n|faint|p2a: Roaring Moon\n|-end|p2a: Roaring Moon|Protosynthesis|[silent]\n|\n|upkeep\n|\n|t:|1698095885\n|switch|p2a: Thundurus|Thundurus, M|100\/100\n|-damage|p2a: Thundurus|76\/100|[from] Stealth Rock\n|turn|17\n|\n|t:|1698095893\n|move|p2a: Thundurus|Discharge|p1a: Dialga\n|-resisted|p1a: Dialga\n|-damage|p1a: Dialga|3\/100 par\n|cant|p1a: Dialga|par\n|\n|-heal|p2a: Thundurus|82\/100|[from] item: Leftovers\n|upkeep\n|turn|18\n|\n|t:|1698095901\n|move|p2a: Thundurus|Discharge|p1a: Dialga\n|-resisted|p1a: Dialga\n|-damage|p1a: Dialga|0 fnt\n|faint|p1a: Dialga\n|\n|-heal|p2a: Thundurus|88\/100|[from] item: Leftovers\n|upkeep\n|\n|t:|1698095920\n|switch|p1a: Shaymin|Shaymin-Sky|100\/100\n|turn|19\n|\n|t:|1698095929\n|move|p1a: Shaymin|Air Slash|p2a: Thundurus\n|-resisted|p2a: Thundurus\n|-damage|p2a: Thundurus|61\/100\n|cant|p2a: Thundurus|flinch\n|\n|-heal|p2a: Thundurus|67\/100|[from] item: Leftovers\n|upkeep\n|turn|20\n|\n|t:|1698095937\n|move|p1a: Shaymin|Air Slash|p2a: Thundurus\n|-resisted|p2a: Thundurus\n|-damage|p2a: Thundurus|41\/100\n|move|p2a: Thundurus|Discharge|p1a: Shaymin\n|-damage|p1a: Shaymin|47\/100\n|\n|-heal|p2a: Thundurus|47\/100|[from] item: Leftovers\n|upkeep\n|turn|21\n|\n|t:|1698095949\n|move|p1a: Shaymin|Air Slash|p2a: Thundurus\n|-resisted|p2a: Thundurus\n|-damage|p2a: Thundurus|22\/100\n|cant|p2a: Thundurus|flinch\n|\n|-heal|p2a: Thundurus|28\/100|[from] item: Leftovers\n|upkeep\n|turn|22\n|\n|t:|1698095958\n|move|p1a: Shaymin|Air Slash|p2a: Thundurus\n|-resisted|p2a: Thundurus\n|-damage|p2a: Thundurus|0 fnt\n|faint|p2a: Thundurus\n|\n|upkeep\n|\n|t:|1698095963\n|switch|p2a: Skeledirge|Skeledirge, F|69\/100\n|-damage|p2a: Skeledirge|44\/100|[from] Stealth Rock\n|-status|p2a: Skeledirge|tox\n|turn|23\n|\n|t:|1698095970\n|move|p1a: Shaymin|Air Slash|p2a: Skeledirge\n|-damage|p2a: Skeledirge|16\/100 tox\n|cant|p2a: Skeledirge|flinch\n|\n|-damage|p2a: Skeledirge|10\/100 tox|[from] psn\n|upkeep\n|turn|24\n|\n|t:|1698095978\n|move|p1a: Shaymin|Air Slash|p2a: Skeledirge\n|-damage|p2a: Skeledirge|0 fnt\n|faint|p2a: Skeledirge\n|\n|upkeep\n|\n|t:|1698095983\n|switch|p2a: Meowscarada|Meowscarada, F|100\/100\n|-damage|p2a: Meowscarada|88\/100|[from] Stealth Rock\n|-status|p2a: Meowscarada|tox\n|turn|25\n|\n|t:|1698095998\n|move|p1a: Shaymin|Air Slash|p2a: Meowscarada\n|-supereffective|p2a: Meowscarada\n|-damage|p2a: Meowscarada|0 fnt\n|faint|p2a: Meowscarada\n|\n|upkeep\n|\n|t:|1698096006\n|switch|p2a: Palafin|Palafin-Hero, M|100\/100\n|-damage|p2a: Palafin|88\/100|[from] Stealth Rock\n|-status|p2a: Palafin|tox\n|-activate|p2a: Palafin|ability: Zero to Hero\n|turn|26\n|\n|t:|1698096014\n|move|p1a: Shaymin|Air Slash|p2a: Palafin\n|-damage|p2a: Palafin|49\/100 tox\n|cant|p2a: Palafin|flinch\n|\n|-damage|p2a: Palafin|43\/100 tox|[from] psn\n|upkeep\n|turn|27\n|n|!StueyF23|stueyf23\n|\n|t:|1698096046\n|move|p1a: Shaymin|Air Slash|p2a: Palafin\n|-damage|p2a: Palafin|4\/100 tox\n|move|p2a: Palafin|Ice Punch|p1a: Shaymin\n|-supereffective|p1a: Shaymin\n|-damage|p1a: Shaymin|0 fnt\n|faint|p1a: Shaymin\n|\n|-damage|p2a: Palafin|0 fnt|[from] psn\n|faint|p2a: Palafin\n|\n|win|Jyho Blackbird\n|upkeep\n|raw|Jyho Blackbird's rating: 1097 &rarr; <strong>1120<\/strong><br \/>(+23 for winning)\n|raw|StueyF23's rating: 1059 &rarr; <strong>1042<\/strong><br \/>(-17 for losing)\n","uploadtime":1698096035,"views":7,"p1id":"jyhoblackbird","p2id":"stueyf23","formatid":"gen9ubers","rating":1042,"private":0,"password":""}