{"id":"gen9ubers-1971945509","p1":"KeshBa45","p2":"Penter","format":"[Gen 9] Ubers","log":"|j|\u2606KeshBa45\n|j|\u2606Penter\n|inactive|Battle timer is ON: inactive players will automatically lose when time's up.\n|t:|1697795961\n|gametype|singles\n|player|p1|KeshBa45|red|\n|player|p2|Penter|n|\n|teamsize|p1|6\n|teamsize|p2|6\n|gen|9\n|tier|[Gen 9] Ubers\n|rated|Tournament battle\n|rule|Sleep Clause Mod: Limit one foe put to sleep\n|rule|Species Clause: Limit one of each Pok\u00e9mon\n|rule|OHKO Clause: OHKO moves are banned\n|rule|Evasion Items Clause: Evasion items are banned\n|rule|Evasion Moves Clause: Evasion moves are banned\n|rule|Endless Battle Clause: Forcing endless battles is banned\n|rule|HP Percentage Mod: HP is shown in percentages\n|clearpoke\n|poke|p1|Hatterene, F|\n|poke|p1|Kingambit, F|\n|poke|p1|Calyrex-Ice|\n|poke|p1|Ursaluna, M|\n|poke|p1|Houndstone, M|\n|poke|p1|Cresselia, F|\n|poke|p2|Basculegion, M|\n|poke|p2|Eternatus|\n|poke|p2|Ogerpon-Hearthflame, F|\n|poke|p2|Urshifu-*, F|\n|poke|p2|Annihilape, F|\n|poke|p2|Calyrex-Ice|\n|teampreview\n|j|*Lady Monita \u263d\n|c|\u2606KeshBa45|glgl\n|\n|t:|1697795981\n|start\n|switch|p1a: Hatterene|Hatterene, F|100\/100\n|switch|p2a: Urshifu|Urshifu, F|100\/100\n|turn|1\n|\n|t:|1697796002\n|move|p2a: Urshifu|U-turn|p1a: Hatterene\n|-damage|p1a: Hatterene|58\/100\n|c|\u2606KeshBa45|right that has uturn\n|\n|t:|1697796020\n|switch|p2a: Ogerpon|Ogerpon-Hearthflame, F|100\/100|[from] U-turn\n|-ability|p2a: Ogerpon|Mold Breaker\n|move|p1a: Hatterene|Trick Room|p1a: Hatterene\n|-fieldstart|move: Trick Room|[of] p1a: Hatterene\n|\n|upkeep\n|turn|2\n|c|\u2606KeshBa45|this mon would break any stall\n|\n|t:|1697796037\n|switch|p2a: Calyrex|Calyrex-Ice|100\/100\n|-ability|p2a: Calyrex|As One\n|-ability|p2a: Calyrex|Unnerve\n|move|p1a: Hatterene|Healing Wish|p1a: Hatterene\n|faint|p1a: Hatterene\n|\n|upkeep\n|inactive|KeshBa45 has 120 seconds left.\n|c|\u2606Penter|shifu?\n|c|\u2606KeshBa45|yea\n|\n|t:|1697796069\n|switch|p1a: Calyrex|Calyrex-Ice|100\/100\n|-ability|p1a: Calyrex|As One\n|-ability|p1a: Calyrex|Unnerve\n|turn|3\n|c|\u2606Penter|i thought it was bad in ubers\n|inactive|Penter has 120 seconds left.\n|\n|t:|1697796098\n|move|p2a: Calyrex|Glacial Lance|p1a: Calyrex\n|-resisted|p1a: Calyrex\n|-damage|p1a: Calyrex|78\/100\n|move|p1a: Calyrex|Glacial Lance|p2a: Calyrex\n|-resisted|p2a: Calyrex\n|-damage|p2a: Calyrex|66\/100\n|-damage|p1a: Calyrex|68\/100|[from] item: Life Orb\n|\n|upkeep\n|turn|4\n|c|\u2606KeshBa45|kinda cuz more ffensive\n|inactive|KeshBa45 has 120 seconds left.\n|inactive|Penter has 120 seconds left.\n|c|\u2606KeshBa45|meta\n|j| rektcom\n|inactive|Penter has 90 seconds left.\n|\n|t:|1697796142\n|move|p2a: Calyrex|Glacial Lance|p1a: Calyrex\n|-resisted|p1a: Calyrex\n|-damage|p1a: Calyrex|42\/100\n|move|p1a: Calyrex|Glacial Lance|p2a: Calyrex\n|-resisted|p2a: Calyrex\n|-damage|p2a: Calyrex|37\/100\n|-damage|p1a: Calyrex|32\/100|[from] item: Life Orb\n|\n|upkeep\n|turn|5\n|inactive|KeshBa45 has 120 seconds left.\n|inactive|Penter has 90 seconds left.\n|\n|t:|1697796164\n|move|p1a: Calyrex|Close Combat|p2a: Calyrex\n|-damage|p2a: Calyrex|0 fnt\n|-unboost|p1a: Calyrex|def|1\n|-unboost|p1a: Calyrex|spd|1\n|faint|p2a: Calyrex\n|-ability|p1a: Calyrex|Chilling Neigh|boost\n|-boost|p1a: Calyrex|atk|1\n|-damage|p1a: Calyrex|22\/100|[from] item: Life Orb\n|\n|-fieldend|move: Trick Room\n|upkeep\n|\n|t:|1697796177\n|switch|p2a: Basculegion|Basculegion, M|100\/100\n|turn|6\n|inactive|KeshBa45 has 90 seconds left.\n|\n|t:|1697796208\n|switch|p1a: Kingambit|Kingambit, F|100\/100\n|-activate|p1a: Kingambit|ability: Supreme Overlord\n|-start|p1a: Kingambit|fallen1|[silent]\n|move|p2a: Basculegion|Flip Turn|p1a: Kingambit\n|-damage|p1a: Kingambit|73\/100\n|\n|t:|1697796223\n|switch|p2a: Annihilape|Annihilape, F|100\/100|[from] Flip Turn\n|\n|upkeep\n|turn|7\n|inactive|KeshBa45 has 90 seconds left.\n|\n|t:|1697796257\n|-end|p1a: Kingambit|fallen1|[silent]\n|switch|p1a: Cresselia|Cresselia, F|100\/100\n|move|p2a: Annihilape|Taunt|p1a: Cresselia\n|-start|p1a: Cresselia|move: Taunt\n|\n|upkeep\n|turn|8\n|inactive|Penter has 90 seconds left.\n|c|\u2606KeshBa45|:V\n|\n|t:|1697796291\n|switch|p1a: Calyrex|Calyrex-Ice|22\/100\n|-ability|p1a: Calyrex|As One\n|-ability|p1a: Calyrex|Unnerve\n|-heal|p1a: Calyrex|100\/100|[from] move: Healing Wish\n|move|p2a: Annihilape|Bulk Up|p2a: Annihilape\n|-boost|p2a: Annihilape|atk|1\n|-boost|p2a: Annihilape|def|1\n|\n|upkeep\n|turn|9\n|\n|t:|1697796306\n|-terastallize|p1a: Calyrex|Fire\n|move|p2a: Annihilape|Taunt|p1a: Calyrex\n|-start|p1a: Calyrex|move: Taunt\n|move|p1a: Calyrex|Zen Headbutt|p2a: Annihilape\n|-supereffective|p2a: Annihilape\n|-damage|p2a: Annihilape|2\/100\n|-damage|p1a: Calyrex|91\/100|[from] item: Life Orb\n|\n|-heal|p2a: Annihilape|9\/100|[from] item: Leftovers\n|upkeep\n|turn|10\n|inactive|Penter has 60 seconds left.\n|\n|t:|1697796340\n|move|p2a: Annihilape|Rage Fist|p1a: Calyrex\n|-damage|p1a: Calyrex|55\/100\n|move|p1a: Calyrex|Glacial Lance|p2a: Annihilape\n|-damage|p2a: Annihilape|0 fnt\n|faint|p2a: Annihilape\n|-ability|p1a: Calyrex|Chilling Neigh|boost\n|-boost|p1a: Calyrex|atk|1\n|-damage|p1a: Calyrex|45\/100|[from] item: Life Orb\n|\n|upkeep\n|inactive|Penter has 30 seconds left.\n|j| MrDrainPunch\n|inactive|Penter has 20 seconds left.\n|inactive|Penter has 15 seconds left.\n|\n|t:|1697796377\n|switch|p2a: Eternatus|Eternatus|100\/100\n|-ability|p2a: Eternatus|Pressure\n|turn|11\n|inactive|Penter has 25 seconds left this turn.\n|inactive|Penter has 20 seconds left.\n|\n|t:|1697796384\n|switch|p1a: Cresselia|Cresselia, F|100\/100\n|move|p2a: Eternatus|Dynamax Cannon|p1a: Cresselia\n|-damage|p1a: Cresselia|68\/100\n|\n|upkeep\n|turn|12\n|inactive|Penter has 30 seconds left this turn.\n|inactive|KeshBa45 has 90 seconds left.\n|\n|t:|1697796390\n|move|p2a: Eternatus|Dynamax Cannon|p1a: Cresselia\n|-damage|p1a: Cresselia|36\/100\n|move|p1a: Cresselia|Trick Room|p1a: Cresselia\n|-fieldstart|move: Trick Room|[of] p1a: Cresselia\n|\n|upkeep\n|turn|13\n|inactive|Penter has 30 seconds left.\n|\n|t:|1697796409\n|switch|p2a: Urshifu|Urshifu, F|100\/100\n|move|p1a: Cresselia|Lunar Dance|p1a: Cresselia\n|faint|p1a: Cresselia\n|\n|upkeep\n|inactive|Penter has 30 seconds left this turn.\n|j|^RUMYMOME\n|\n|t:|1697796420\n|switch|p1a: Calyrex|Calyrex-Ice, tera:Fire|45\/100\n|-ability|p1a: Calyrex|As One\n|-ability|p1a: Calyrex|Unnerve\n|-heal|p1a: Calyrex|100\/100|[from] move: Lunar Dance\n|turn|14\n|inactive|Penter has 30 seconds left.\n|inactive|Penter has 20 seconds left.\n|inactive|Penter has 15 seconds left.\n|inactive|Penter has 10 seconds left.\n|\n|t:|1697796454\n|-terastallize|p2a: Urshifu|Dark\n|move|p2a: Urshifu|Sucker Punch|p1a: Calyrex\n|-damage|p1a: Calyrex|56\/100\n|move|p1a: Calyrex|Glacial Lance|p2a: Urshifu\n|-damage|p2a: Urshifu|0 fnt\n|faint|p2a: Urshifu\n|-ability|p1a: Calyrex|Chilling Neigh|boost\n|-boost|p1a: Calyrex|atk|1\n|-damage|p1a: Calyrex|46\/100|[from] item: Life Orb\n|\n|upkeep\n|inactive|Penter has 15 seconds left this turn.\n|\n|t:|1697796459\n|switch|p2a: Basculegion|Basculegion, M|100\/100\n|turn|15\n|inactive|Penter has 25 seconds left this turn.\n|inactive|Penter has 20 seconds left.\n|\n|t:|1697796470\n|switch|p1a: Houndstone|Houndstone, M|100\/100\n|move|p2a: Basculegion|Aqua Jet|p1a: Houndstone\n|-damage|p1a: Houndstone|89\/100\n|\n|upkeep\n|turn|16\n|inactive|Penter has 30 seconds left this turn.\n|inactive|Penter has 20 seconds left.\n|inactive|Penter has 15 seconds left.\n|\n|t:|1697796487\n|switch|p2a: Eternatus|Eternatus|100\/100\n|-ability|p2a: Eternatus|Pressure\n|move|p1a: Houndstone|Last Respects|p2a: Eternatus\n|-damage|p2a: Eternatus|26\/100\n|-damage|p1a: Houndstone|79\/100|[from] item: Life Orb\n|\n|-fieldend|move: Trick Room\n|upkeep\n|turn|17\n|inactive|Penter has 25 seconds left this turn.\n|inactive|Penter has 20 seconds left.\n|\n|t:|1697796497\n|move|p2a: Eternatus|Dynamax Cannon|p1a: Houndstone\n|-damage|p1a: Houndstone|17\/100\n|move|p1a: Houndstone|Last Respects|p2a: Eternatus\n|-damage|p2a: Eternatus|0 fnt\n|faint|p2a: Eternatus\n|-damage|p1a: Houndstone|7\/100|[from] item: Life Orb\n|\n|upkeep\n|inactive|Penter has 25 seconds left this turn.\n|inactive|Penter has 20 seconds left.\n|inactive|Penter has 15 seconds left.\n|\n|t:|1697796511\n|switch|p2a: Ogerpon|Ogerpon-Hearthflame, F|100\/100\n|-ability|p2a: Ogerpon|Mold Breaker\n|turn|18\n|inactive|Penter has 25 seconds left this turn.\n|inactive|KeshBa45 has 120 seconds left.\n|\n|t:|1697796516\n|move|p2a: Ogerpon|Trailblaze|p1a: Houndstone\n|-damage|p1a: Houndstone|0 fnt\n|-boost|p2a: Ogerpon|spe|1\n|faint|p1a: Houndstone\n|\n|upkeep\n|inactive|Penter has 30 seconds left this turn.\n|\n|t:|1697796520\n|switch|p1a: Calyrex|Calyrex-Ice, tera:Fire|46\/100\n|-ability|p1a: Calyrex|As One\n|-ability|p1a: Calyrex|Unnerve\n|turn|19\n|\n|t:|1697796524\n|move|p2a: Ogerpon|Ivy Cudgel|p1a: Calyrex\n|-resisted|p1a: Calyrex\n|-damage|p1a: Calyrex|29\/100\n|move|p1a: Calyrex|Trick Room|p1a: Calyrex\n|-fieldstart|move: Trick Room|[of] p1a: Calyrex\n|\n|upkeep\n|turn|20\n|c|\u2606KeshBa45|u had to send bascu\n|\n|t:|1697796534\n|move|p1a: Calyrex|Glacial Lance|p2a: Ogerpon\n|-damage|p2a: Ogerpon|0 fnt\n|faint|p2a: Ogerpon\n|-ability|p1a: Calyrex|Chilling Neigh|boost\n|-boost|p1a: Calyrex|atk|1\n|-damage|p1a: Calyrex|19\/100|[from] item: Life Orb\n|\n|upkeep\n|c|\u2606KeshBa45|gg\n|\n|t:|1697796538\n|switch|p2a: Basculegion|Basculegion, M|100\/100\n|turn|21\n|\n|t:|1697796546\n|move|p2a: Basculegion|Aqua Jet|p1a: Calyrex\n|-supereffective|p1a: Calyrex\n|-damage|p1a: Calyrex|0 fnt\n|faint|p1a: Calyrex\n|\n|upkeep\n|\n|t:|1697796549\n|switch|p1a: Kingambit|Kingambit, F|73\/100\n|-activate|p1a: Kingambit|ability: Supreme Overlord\n|-start|p1a: Kingambit|fallen4|[silent]\n|turn|22\n|inactive|Penter has 60 seconds left.\n|\n|t:|1697796578\n|move|p2a: Basculegion|Aqua Jet|p1a: Kingambit\n|-damage|p1a: Kingambit|55\/100\n|move|p1a: Kingambit|Kowtow Cleave|p2a: Basculegion\n|-supereffective|p2a: Basculegion\n|-crit|p2a: Basculegion\n|-damage|p2a: Basculegion|0 fnt\n|faint|p2a: Basculegion\n|\n|win|KeshBa45\n|n|\u2606KeshBa45|keshba45\n|n|\u2606Penter|penter\n|n|*Lady Monita \u263d|ladymonita\n|n| rektcom|rektcom\n|n| MrDrainPunch|mrdrainpunch\n|n| RUMYMOME|rumymome\n","uploadtime":1697796581,"views":37,"p1id":"keshba45","p2id":"penter","formatid":"gen9ubers","rating":0,"private":0,"password":""}