{"id":"gen9ubers-1994318280","p1":"WornP7154","p2":"mrshades005","format":"[Gen 9] Ubers","log":"|j|\u2606WornP7154\n|j|\u2606mrshades005\n|t:|1700430535\n|gametype|singles\n|player|p1|WornP7154|lucas|1050\n|player|p2|mrshades005|turo-ai|1107\n|teamsize|p1|6\n|teamsize|p2|6\n|gen|9\n|tier|[Gen 9] Ubers\n|rated|\n|rule|Sleep Clause Mod: Limit one foe put to sleep\n|rule|Species Clause: Limit one of each Pok\u00e9mon\n|rule|OHKO Clause: OHKO moves are banned\n|rule|Evasion Items Clause: Evasion items are banned\n|rule|Evasion Moves Clause: Evasion moves are banned\n|rule|Endless Battle Clause: Forcing endless battles is banned\n|rule|HP Percentage Mod: HP is shown in percentages\n|clearpoke\n|poke|p1|Umbreon, M|\n|poke|p1|Garchomp, M|\n|poke|p1|Sylveon, F|\n|poke|p1|Iron Bundle|\n|poke|p1|Zacian-*|\n|poke|p1|Volcarona, F|\n|poke|p2|Espathra, M|\n|poke|p2|Miraidon|\n|poke|p2|Volcarona, M|\n|poke|p2|Palafin, M|\n|poke|p2|Toxapex, F|\n|poke|p2|Maushold|\n|teampreview\n|inactive|Battle timer is ON: inactive players will automatically lose when time's up. (requested by mrshades005)\n|\n|t:|1700430547\n|start\n|switch|p1a: Iron Bundle|Iron Bundle|100\/100\n|switch|p2a: Palafin|Palafin, M|100\/100\n|turn|1\n|\n|t:|1700430555\n|detailschange|p2a: Palafin|Palafin-Hero, M\n|switch|p2a: Volcarona|Volcarona, M|100\/100\n|move|p1a: Iron Bundle|Freeze-Dry|p2a: Volcarona\n|-resisted|p2a: Volcarona\n|-damage|p2a: Volcarona|83\/100\n|\n|upkeep\n|turn|2\n|\n|t:|1700430563\n|-end|p1a: Iron Bundle|Quark Drive|[silent]\n|switch|p1a: Garchomp|Garchomp, M|100\/100\n|move|p2a: Volcarona|Quiver Dance|p2a: Volcarona\n|-boost|p2a: Volcarona|spa|1\n|-boost|p2a: Volcarona|spd|1\n|-boost|p2a: Volcarona|spe|1\n|\n|upkeep\n|turn|3\n|inactive|mrshades005 has 120 seconds left.\n|\n|t:|1700430594\n|move|p2a: Volcarona|Will-O-Wisp|p1a: Garchomp\n|-status|p1a: Garchomp|brn\n|move|p1a: Garchomp|Earthquake|p2a: Volcarona\n|-damage|p2a: Volcarona|58\/100\n|\n|-damage|p1a: Garchomp|94\/100 brn|[from] brn\n|upkeep\n|turn|4\n|\n|t:|1700430603\n|move|p2a: Volcarona|Quiver Dance|p2a: Volcarona\n|-boost|p2a: Volcarona|spa|1\n|-boost|p2a: Volcarona|spd|1\n|-boost|p2a: Volcarona|spe|1\n|move|p1a: Garchomp|Earthquake|p2a: Volcarona\n|-crit|p2a: Volcarona\n|-damage|p2a: Volcarona|13\/100\n|\n|-damage|p1a: Garchomp|88\/100 brn|[from] brn\n|upkeep\n|turn|5\n|\n|t:|1700430612\n|move|p2a: Volcarona|Morning Sun|p2a: Volcarona\n|-heal|p2a: Volcarona|62\/100\n|move|p1a: Garchomp|Earthquake|p2a: Volcarona\n|-damage|p2a: Volcarona|33\/100\n|\n|-damage|p1a: Garchomp|82\/100 brn|[from] brn\n|upkeep\n|turn|6\n|\n|t:|1700430622\n|move|p2a: Volcarona|Morning Sun|p2a: Volcarona\n|-heal|p2a: Volcarona|83\/100\n|move|p1a: Garchomp|Scale Shot|p2a: Volcarona\n|-damage|p2a: Volcarona|76\/100\n|-damage|p2a: Volcarona|69\/100\n|-damage|p2a: Volcarona|62\/100\n|-damage|p2a: Volcarona|55\/100\n|-damage|p2a: Volcarona|48\/100\n|-hitcount|p2a: Volcarona|5\n|-unboost|p1a: Garchomp|def|1\n|-boost|p1a: Garchomp|spe|1\n|\n|-damage|p1a: Garchomp|76\/100 brn|[from] brn\n|upkeep\n|turn|7\n|\n|t:|1700430637\n|move|p2a: Volcarona|Flamethrower|p1a: Garchomp\n|-resisted|p1a: Garchomp\n|-damage|p1a: Garchomp|36\/100 brn\n|move|p1a: Garchomp|Earthquake|p2a: Volcarona\n|-damage|p2a: Volcarona|21\/100\n|\n|-damage|p1a: Garchomp|30\/100 brn|[from] brn\n|upkeep\n|turn|8\n|\n|t:|1700430649\n|move|p2a: Volcarona|Flamethrower|p1a: Garchomp\n|-resisted|p1a: Garchomp\n|-damage|p1a: Garchomp|0 fnt\n|faint|p1a: Garchomp\n|\n|upkeep\n|\n|t:|1700430656\n|switch|p1a: Wornis|Umbreon, M, shiny|100\/100\n|turn|9\n|\n|t:|1700430664\n|move|p2a: Volcarona|Flamethrower|p1a: Wornis\n|-crit|p1a: Wornis\n|-damage|p1a: Wornis|19\/100\n|-status|p1a: Wornis|brn\n|-activate|p1a: Wornis|ability: Synchronize\n|-immune|p2a: Volcarona\n|move|p1a: Wornis|Yawn|p2a: Volcarona\n|-start|p2a: Volcarona|move: Yawn|[of] p1a: Wornis\n|\n|-heal|p1a: Wornis|25\/100 brn|[from] item: Leftovers\n|-damage|p1a: Wornis|19\/100 brn|[from] brn\n|upkeep\n|turn|10\n|c|\u2606mrshades005|Oh wait it's you again\n|inactive|mrshades005 has 120 seconds left.\n|\n|t:|1700430698\n|switch|p1a: Sylveon|Sylveon, F, shiny|100\/100\n|move|p2a: Volcarona|Flamethrower|p1a: Sylveon\n|-damage|p1a: Sylveon|47\/100\n|\n|-end|p2a: Volcarona|move: Yawn|[silent]\n|-status|p2a: Volcarona|slp\n|upkeep\n|turn|11\n|\n|t:|1700430707\n|switch|p2a: Toxapex|Toxapex, F|100\/100\n|move|p1a: Sylveon|Hyper Voice|p2a: Toxapex\n|-resisted|p2a: Toxapex\n|-damage|p2a: Toxapex|78\/100\n|-heal|p1a: Sylveon|50\/100|[from] item: Shell Bell|[of] p2a: Toxapex\n|\n|-heal|p2a: Toxapex|85\/100|[from] item: Leftovers\n|upkeep\n|turn|12\n|\n|t:|1700430717\n|switch|p1a: Zacian|Zacian-Crowned|100\/100\n|-ability|p1a: Zacian|Intrepid Sword|boost\n|-boost|p1a: Zacian|atk|1\n|move|p2a: Toxapex|Toxic|p1a: Zacian\n|-immune|p1a: Zacian\n|\n|-heal|p2a: Toxapex|91\/100|[from] item: Leftovers\n|upkeep\n|turn|13\n|\n|t:|1700430727\n|move|p1a: Zacian|Behemoth Blade|p2a: Toxapex\n|-resisted|p2a: Toxapex\n|-damage|p2a: Toxapex|63\/100\n|move|p2a: Toxapex|Haze|p2a: Toxapex\n|-clearallboost\n|\n|-heal|p2a: Toxapex|70\/100|[from] item: Leftovers\n|upkeep\n|turn|14\n|\n|t:|1700430736\n|move|p1a: Zacian|Behemoth Blade|p2a: Toxapex\n|-resisted|p2a: Toxapex\n|-damage|p2a: Toxapex|53\/100\n|move|p2a: Toxapex|Surf|p1a: Zacian\n|-damage|p1a: Zacian|81\/100\n|\n|-heal|p2a: Toxapex|59\/100|[from] item: Leftovers\n|upkeep\n|turn|15\n|\n|t:|1700430745\n|switch|p1a: Iron Bundle|Iron Bundle|100\/100\n|move|p2a: Toxapex|Surf|p1a: Iron Bundle\n|-resisted|p1a: Iron Bundle\n|-damage|p1a: Iron Bundle|83\/100\n|\n|-heal|p2a: Toxapex|65\/100|[from] item: Leftovers\n|upkeep\n|turn|16\n|\n|t:|1700430758\n|switch|p2a: Maushold|Maushold|100\/100\n|move|p1a: Iron Bundle|Freeze-Dry|p2a: Maushold\n|-damage|p2a: Maushold|45\/100\n|\n|upkeep\n|turn|17\n|\n|t:|1700430767\n|move|p1a: Iron Bundle|Freeze-Dry|p2a: Maushold\n|-damage|p2a: Maushold|0 fnt\n|faint|p2a: Maushold\n|\n|upkeep\n|\n|t:|1700430775\n|switch|p2a: Miraidon|Miraidon|100\/100\n|-fieldstart|move: Electric Terrain|[from] ability: Hadron Engine|[of] p2a: Miraidon\n|-activate|p1a: Iron Bundle|ability: Quark Drive\n|-start|p1a: Iron Bundle|quarkdrivespe\n|turn|18\n|\n|t:|1700430784\n|switch|p2a: Espathra|Espathra, M|100\/100\n|-enditem|p2a: Espathra|Electric Seed\n|-boost|p2a: Espathra|def|1|[from] item: Electric Seed\n|move|p1a: Iron Bundle|Freeze-Dry|p2a: Espathra\n|-damage|p2a: Espathra|55\/100\n|\n|upkeep\n|turn|19\n|\n|t:|1700430792\n|move|p1a: Iron Bundle|Freeze-Dry|p2a: Espathra\n|-damage|p2a: Espathra|2\/100\n|move|p2a: Espathra|Calm Mind|p2a: Espathra\n|-boost|p2a: Espathra|spa|1\n|-boost|p2a: Espathra|spd|1\n|\n|-ability|p2a: Espathra|Speed Boost|boost\n|-boost|p2a: Espathra|spe|1\n|upkeep\n|turn|20\n|\n|t:|1700430807\n|move|p1a: Iron Bundle|Freeze-Dry|p2a: Espathra\n|-damage|p2a: Espathra|0 fnt\n|faint|p2a: Espathra\n|\n|upkeep\n|\n|t:|1700430818\n|switch|p2a: Palafin|Palafin-Hero, M|100\/100\n|-activate|p2a: Palafin|ability: Zero to Hero\n|turn|21\n|\n|t:|1700430826\n|-terastallize|p2a: Palafin|Water\n|move|p2a: Palafin|Jet Punch|p1a: Iron Bundle\n|-resisted|p1a: Iron Bundle\n|-damage|p1a: Iron Bundle|34\/100\n|move|p1a: Iron Bundle|Freeze-Dry|p2a: Palafin\n|-supereffective|p2a: Palafin\n|-crit|p2a: Palafin\n|-damage|p2a: Palafin|0 fnt\n|faint|p2a: Palafin\n|\n|upkeep\n|\n|t:|1700430837\n|switch|p2a: Toxapex|Toxapex, F|99\/100\n|turn|22\n|\n|t:|1700430840\n|move|p1a: Iron Bundle|Freeze-Dry|p2a: Toxapex\n|-supereffective|p2a: Toxapex\n|-damage|p2a: Toxapex|41\/100\n|move|p2a: Toxapex|Toxic|p1a: Iron Bundle\n|-status|p1a: Iron Bundle|tox\n|\n|-heal|p2a: Toxapex|48\/100|[from] item: Leftovers\n|-damage|p1a: Iron Bundle|28\/100 tox|[from] psn\n|-fieldend|move: Electric Terrain\n|-end|p1a: Iron Bundle|Quark Drive\n|upkeep\n|turn|23\n|\n|t:|1700430852\n|move|p1a: Iron Bundle|Freeze-Dry|p2a: Toxapex\n|-supereffective|p2a: Toxapex\n|-damage|p2a: Toxapex|0 fnt\n|faint|p2a: Toxapex\n|\n|-damage|p1a: Iron Bundle|16\/100 tox|[from] psn\n|upkeep\n|\n|t:|1700430859\n|switch|p2a: Volcarona|Volcarona, M|21\/100 slp\n|turn|24\n|\n|t:|1700430871\n|move|p1a: Iron Bundle|Freeze-Dry|p2a: Volcarona\n|-resisted|p2a: Volcarona\n|-damage|p2a: Volcarona|3\/100 slp\n|cant|p2a: Volcarona|slp\n|\n|-damage|p1a: Iron Bundle|0 fnt|[from] psn\n|faint|p1a: Iron Bundle\n|-end|p1a: Iron Bundle|Quark Drive|[silent]\n|upkeep\n|\n|t:|1700430878\n|switch|p1a: Volcarona|Volcarona, F, shiny|100\/100\n|turn|25\n|\n|t:|1700430883\n|-curestatus|p2a: Volcarona|slp|[msg]\n|move|p2a: Volcarona|Morning Sun|p2a: Volcarona\n|-heal|p2a: Volcarona|52\/100\n|move|p1a: Volcarona|Fiery Dance|p2a: Volcarona\n|-damage|p2a: Volcarona|3\/100\n|\n|upkeep\n|turn|26\n|\n|t:|1700430899\n|move|p2a: Volcarona|Morning Sun|p2a: Volcarona\n|-heal|p2a: Volcarona|53\/100\n|move|p1a: Volcarona|Fiery Dance|p2a: Volcarona\n|-damage|p2a: Volcarona|9\/100\n|-boost|p1a: Volcarona|spa|1\n|\n|upkeep\n|turn|27\n|\n|t:|1700430907\n|move|p2a: Volcarona|Flamethrower|p1a: Volcarona\n|-damage|p1a: Volcarona|63\/100\n|move|p1a: Volcarona|Fiery Dance|p2a: Volcarona\n|-damage|p2a: Volcarona|0 fnt\n|faint|p2a: Volcarona\n|\n|upkeep\n|\n|t:|1700430915\n|switch|p2a: Miraidon|Miraidon|100\/100\n|-fieldstart|move: Electric Terrain|[from] ability: Hadron Engine|[of] p2a: Miraidon\n|turn|28\n|\n|t:|1700430920\n|move|p2a: Miraidon|Electro Drift|p1a: Volcarona\n|-damage|p1a: Volcarona|0 fnt\n|faint|p1a: Volcarona\n|\n|upkeep\n|\n|t:|1700430925\n|switch|p1a: Zacian|Zacian-Crowned|81\/100\n|turn|29\n|\n|t:|1700430928\n|-terastallize|p1a: Zacian|Steel\n|move|p1a: Zacian|Play Rough|p2a: Miraidon\n|-supereffective|p2a: Miraidon\n|-damage|p2a: Miraidon|1\/100\n|move|p2a: Miraidon|Electro Drift|p1a: Zacian\n|-damage|p1a: Zacian|0 fnt\n|faint|p1a: Zacian\n|\n|upkeep\n|\n|t:|1700430939\n|switch|p1a: Sylveon|Sylveon, F, shiny|50\/100\n|turn|30\n|\n|t:|1700430942\n|move|p2a: Miraidon|Electro Drift|p1a: Sylveon\n|-damage|p1a: Sylveon|0 fnt\n|faint|p1a: Sylveon\n|\n|upkeep\n|\n|t:|1700430947\n|switch|p1a: Wornis|Umbreon, M, shiny|19\/100 brn\n|turn|31\n|\n|t:|1700430951\n|move|p2a: Miraidon|Electro Drift|p1a: Wornis\n|-damage|p1a: Wornis|0 fnt\n|faint|p1a: Wornis\n|\n|win|mrshades005\n|raw|WornP7154's rating: 1050 &rarr; <strong>1035<\/strong><br \/>(-15 for losing)\n|raw|mrshades005's rating: 1107 &rarr; <strong>1128<\/strong><br \/>(+21 for winning)\n|c|\u2606mrshades005|GG\n","uploadtime":1700430959,"views":4,"p1id":"wornp7154","p2id":"mrshades005","formatid":"gen9ubers","rating":1035,"private":0,"password":""}