{"id":"gen9ubers-1978730508","p1":"Dhdjdjd","p2":"Creeperman129Poke","format":"[Gen 9] Ubers","log":"|j|\u2606Dhdjdjd\n|j|\u2606Creeperman129Poke\n|t:|1698588117\n|gametype|singles\n|player|p1|Dhdjdjd|265|\n|player|p2|Creeperman129Poke|nemona-v|\n|teamsize|p1|6\n|teamsize|p2|6\n|gen|9\n|tier|[Gen 9] Ubers\n|rule|Sleep Clause Mod: Limit one foe put to sleep\n|rule|Species Clause: Limit one of each Pok\u00e9mon\n|rule|OHKO Clause: OHKO moves are banned\n|rule|Evasion Items Clause: Evasion items are banned\n|rule|Evasion Moves Clause: Evasion moves are banned\n|rule|Endless Battle Clause: Forcing endless battles is banned\n|rule|HP Percentage Mod: HP is shown in percentages\n|clearpoke\n|poke|p1|Shaymin-Sky|\n|poke|p1|Magearna|\n|poke|p1|Chi-Yu|\n|poke|p1|Arceus-Fire|\n|poke|p1|Palkia-Origin|\n|poke|p1|Zacian-*|\n|poke|p2|Masquerain, F|\n|poke|p2|Arceus-Ice|\n|poke|p2|Gholdengo|\n|poke|p2|Palafin, F|\n|poke|p2|Chi-Yu|\n|poke|p2|Zamazenta-*|\n|teampreview\n|c|\u2606Creeperman129Poke|I think we have the same team lol\n|\n|t:|1698588139\n|start\n|switch|p1a: Shaymin|Shaymin-Sky|100\/100\n|switch|p2a: Palafin|Palafin, F|100\/100\n|turn|1\n|l|\u2606Creeperman129Poke\n|player|p2|\n|j|\u2606Creeperman129Poke\n|player|p2|Creeperman129Poke|nemona-v\n|l|\u2606Dhdjdjd\n|player|p1|\n|c|\u2606Creeperman129Poke|Either that or Showdown glitched for a sec on my end lol\n|j|\u2606Dhdjdjd\n|player|p1|Dhdjdjd|265\n|\n|t:|1698588210\n|detailschange|p2a: Palafin|Palafin-Hero, F\n|switch|p2a: Gholdengo|Gholdengo|100\/100\n|move|p1a: Shaymin|Seed Flare|p2a: Gholdengo\n|-resisted|p2a: Gholdengo\n|-damage|p2a: Gholdengo|57\/100\n|-unboost|p2a: Gholdengo|spd|2\n|-damage|p1a: Shaymin|91\/100|[from] item: Life Orb\n|\n|upkeep\n|turn|2\n|\n|t:|1698588231\n|move|p2a: Gholdengo|Make It Rain|p1a: Shaymin\n|-damage|p1a: Shaymin|6\/100\n|-unboost|p2a: Gholdengo|spa|1\n|move|p1a: Shaymin|Earth Power|p2a: Gholdengo\n|-supereffective|p2a: Gholdengo\n|-damage|p2a: Gholdengo|0 fnt\n|faint|p2a: Gholdengo\n|-damage|p1a: Shaymin|0 fnt|[from] item: Life Orb\n|faint|p1a: Shaymin\n|\n|upkeep\n|\n|t:|1698588268\n|switch|p1a: Magearna|Magearna|100\/100\n|switch|p2a: Masquerain|Masquerain, F|100\/100\n|-ability|p2a: Masquerain|Intimidate|boost\n|-unboost|p1a: Magearna|atk|1\n|turn|3\n|\n|t:|1698588285\n|move|p2a: Masquerain|Sticky Web|p1a: Magearna\n|-sidestart|p1: Dhdjdjd|move: Sticky Web\n|move|p1a: Magearna|Fleur Cannon|p2a: Masquerain\n|-enditem|p2a: Masquerain|Focus Sash\n|-damage|p2a: Masquerain|1\/100\n|-unboost|p1a: Magearna|spa|2\n|\n|upkeep\n|turn|4\n|\n|t:|1698588297\n|move|p2a: Masquerain|Stun Spore|p1a: Magearna\n|-status|p1a: Magearna|par\n|move|p1a: Magearna|Volt Switch|p2a: Masquerain\n|-supereffective|p2a: Masquerain\n|-damage|p2a: Masquerain|0 fnt\n|faint|p2a: Masquerain\n|-ability|p1a: Magearna|Soul-Heart|boost\n|-boost|p1a: Magearna|spa|1\n|\n|t:|1698588323\n|switch|p1a: Zacian|Zacian|100\/100|[from] Volt Switch\n|-activate|p1a: Zacian|move: Sticky Web\n|-unboost|p1a: Zacian|spe|1\n|-ability|p1a: Zacian|Intrepid Sword|boost\n|-boost|p1a: Zacian|atk|1\n|\n|upkeep\n|\n|t:|1698588334\n|switch|p2a: Palafin|Palafin-Hero, F|100\/100\n|-activate|p2a: Palafin|ability: Zero to Hero\n|turn|5\n|\n|t:|1698588340\n|move|p2a: Palafin|Flip Turn|p1a: Zacian\n|-damage|p1a: Zacian|43\/100\n|\n|t:|1698588349\n|switch|p2a: Zamazenta|Zamazenta-Crowned|100\/100|[from] Flip Turn\n|-ability|p2a: Zamazenta|Dauntless Shield|boost\n|-boost|p2a: Zamazenta|def|1\n|move|p1a: Zacian|Wild Charge|p2a: Zamazenta\n|-damage|p2a: Zamazenta|79\/100\n|-damage|p1a: Zacian|37\/100|[from] Recoil\n|\n|upkeep\n|turn|6\n|\n|t:|1698588360\n|move|p2a: Zamazenta|Iron Defense|p2a: Zamazenta\n|-boost|p2a: Zamazenta|def|2\n|move|p1a: Zacian|Wild Charge|p2a: Zamazenta\n|-damage|p2a: Zamazenta|64\/100\n|-damage|p1a: Zacian|32\/100|[from] Recoil\n|\n|upkeep\n|turn|7\n|\n|t:|1698588368\n|move|p2a: Zamazenta|Body Press|p1a: Zacian\n|-resisted|p1a: Zacian\n|-damage|p1a: Zacian|0 fnt\n|faint|p1a: Zacian\n|\n|upkeep\n|\n|t:|1698588394\n|switch|p1a: Chi-Yu|Chi-Yu|100\/100\n|-activate|p1a: Chi-Yu|move: Sticky Web\n|-unboost|p1a: Chi-Yu|spe|1\n|-ability|p1a: Chi-Yu|Beads of Ruin\n|turn|8\n|\n|t:|1698588407\n|-terastallize|p1a: Chi-Yu|Fairy\n|move|p1a: Chi-Yu|Overheat|p2a: Zamazenta\n|-supereffective|p2a: Zamazenta\n|-damage|p2a: Zamazenta|0 fnt\n|-unboost|p1a: Chi-Yu|spa|2\n|faint|p2a: Zamazenta\n|\n|upkeep\n|\n|t:|1698588413\n|switch|p2a: Palafin|Palafin-Hero, F|100\/100\n|turn|9\n|\n|t:|1698588417\n|switch|p1a: Palkia|Palkia-Origin|100\/100\n|-activate|p1a: Palkia|move: Sticky Web\n|-unboost|p1a: Palkia|spe|1\n|-ability|p1a: Palkia|Pressure\n|move|p2a: Palafin|Flip Turn|p1a: Palkia\n|-resisted|p1a: Palkia\n|-damage|p1a: Palkia|83\/100\n|\n|t:|1698588420\n|switch|p2a: Arceus|Arceus-Ice|100\/100|[from] Flip Turn\n|\n|upkeep\n|turn|10\n|\n|t:|1698588430\n|move|p2a: Arceus|Judgment|p1a: Palkia\n|-damage|p1a: Palkia|24\/100\n|move|p1a: Palkia|Flamethrower|p2a: Arceus\n|-supereffective|p2a: Arceus\n|-damage|p2a: Arceus|44\/100\n|\n|upkeep\n|turn|11\n|\n|t:|1698588445\n|move|p2a: Arceus|Judgment|p1a: Palkia\n|-damage|p1a: Palkia|0 fnt\n|faint|p1a: Palkia\n|\n|upkeep\n|\n|t:|1698588452\n|switch|p1a: Magearna|Magearna|100\/100 par\n|-activate|p1a: Magearna|move: Sticky Web\n|-unboost|p1a: Magearna|spe|1\n|turn|12\n|\n|t:|1698588461\n|switch|p2a: Palafin|Palafin-Hero, F|100\/100\n|cant|p1a: Magearna|par\n|\n|upkeep\n|turn|13\n|\n|t:|1698588467\n|-terastallize|p2a: Palafin|Water\n|move|p2a: Palafin|Wave Crash|p1a: Magearna\n|-damage|p1a: Magearna|0 fnt\n|faint|p1a: Magearna\n|-damage|p2a: Palafin|65\/100|[from] Recoil\n|\n|upkeep\n|\n|t:|1698588477\n|switch|p1a: Arceus|Arceus-Fire|100\/100\n|-activate|p1a: Arceus|move: Sticky Web\n|-unboost|p1a: Arceus|spe|1\n|turn|14\n|\n|t:|1698588482\n|move|p2a: Palafin|Wave Crash|p1a: Arceus\n|-supereffective|p1a: Arceus\n|-damage|p1a: Arceus|0 fnt\n|faint|p1a: Arceus\n|-damage|p2a: Palafin|22\/100|[from] Recoil\n|\n|upkeep\n|c|\u2606Creeperman129Poke|gg\n|\n|t:|1698588488\n|switch|p1a: Chi-Yu|Chi-Yu, tera:Fairy|100\/100\n|-activate|p1a: Chi-Yu|move: Sticky Web\n|-unboost|p1a: Chi-Yu|spe|1\n|-ability|p1a: Chi-Yu|Beads of Ruin\n|turn|15\n|\n|t:|1698588498\n|switch|p2a: Arceus|Arceus-Ice|44\/100\n|move|p1a: Chi-Yu|Dark Pulse|p2a: Arceus\n|-damage|p2a: Arceus|3\/100\n|\n|upkeep\n|turn|16\n|\n|t:|1698588505\n|move|p2a: Arceus|Thunderbolt|p1a: Chi-Yu\n|-damage|p1a: Chi-Yu|65\/100\n|move|p1a: Chi-Yu|Dark Pulse|p2a: Arceus\n|-damage|p2a: Arceus|0 fnt\n|faint|p2a: Arceus\n|\n|upkeep\n|\n|t:|1698588508\n|switch|p2a: Chi-Yu|Chi-Yu|100\/100\n|-ability|p2a: Chi-Yu|Beads of Ruin\n|turn|17\n|\n|t:|1698588515\n|move|p1a: Chi-Yu|Dark Pulse|p2a: Chi-Yu\n|-resisted|p2a: Chi-Yu\n|-damage|p2a: Chi-Yu|77\/100\n|move|p2a: Chi-Yu|Flamethrower|p1a: Chi-Yu\n|-damage|p1a: Chi-Yu|0 fnt\n|faint|p1a: Chi-Yu\n|\n|win|Creeperman129Poke\n","uploadtime":1698588520,"views":15,"p1id":"dhdjdjd","p2id":"creeperman129poke","formatid":"gen9ubers","rating":0,"private":0,"password":""}