{"id":"gen9ubers-1981132312","p1":"RudyFo0x","p2":"coldgiga","format":"[Gen 9] Ubers","log":"|j|\u2606RudyFo0x\n|j|\u2606coldgiga\n|t:|1698866145\n|gametype|singles\n|player|p1|RudyFo0x|266|\n|player|p2|coldgiga|170|\n|teamsize|p1|6\n|teamsize|p2|6\n|gen|9\n|tier|[Gen 9] Ubers\n|rule|Sleep Clause Mod: Limit one foe put to sleep\n|rule|Species Clause: Limit one of each Pok\u00e9mon\n|rule|OHKO Clause: OHKO moves are banned\n|rule|Evasion Items Clause: Evasion items are banned\n|rule|Evasion Moves Clause: Evasion moves are banned\n|rule|Endless Battle Clause: Forcing endless battles is banned\n|rule|HP Percentage Mod: HP is shown in percentages\n|clearpoke\n|poke|p1|Torkoal, M|\n|poke|p1|Great Tusk|\n|poke|p1|Thundurus, M|\n|poke|p1|Roaring Moon|\n|poke|p1|Basculegion, M|\n|poke|p1|Bronzong|\n|poke|p2|Meowscarada, F|\n|poke|p2|Regidrago|\n|poke|p2|Brambleghast, F|\n|poke|p2|Slowbro-Galar, F|\n|poke|p2|Tauros-Paldea-Aqua, M|\n|poke|p2|Spidops, F|\n|teampreview\n|\n|t:|1698866182\n|start\n|switch|p1a: Bronzong|Bronzong|100\/100\n|switch|p2a: YEET|Spidops, F, shiny|100\/100\n|turn|1\n|\n|t:|1698866189\n|move|p2a: YEET|Sticky Web|p1a: Bronzong\n|-sidestart|p1: RudyFo0x|move: Sticky Web\n|move|p1a: Bronzong|Stealth Rock|p2a: YEET\n|-sidestart|p2: coldgiga|move: Stealth Rock\n|\n|upkeep\n|turn|2\n|\n|t:|1698866245\n|switch|p1a: Bestboi|Torkoal, M|100\/100\n|-activate|p1a: Bestboi|move: Sticky Web\n|-unboost|p1a: Bestboi|spe|1\n|-weather|SunnyDay|[from] ability: Drought|[of] p1a: Bestboi\n|move|p2a: YEET|Knock Off|p1a: Bestboi\n|-damage|p1a: Bestboi|74\/100\n|-enditem|p1a: Bestboi|Passho Berry|[from] move: Knock Off|[of] p2a: YEET\n|\n|-weather|SunnyDay|[upkeep]\n|upkeep\n|turn|3\n|\n|t:|1698866260\n|move|p1a: Bestboi|Overheat|p2a: YEET|[miss]\n|-miss|p1a: Bestboi|p2a: YEET\n|move|p2a: YEET|Circle Throw|p1a: Bestboi\n|-damage|p1a: Bestboi|66\/100\n|drag|p1a: Phanpy?|Great Tusk|100\/100\n|-activate|p1a: Phanpy?|move: Sticky Web\n|-unboost|p1a: Phanpy?|spe|1\n|-activate|p1a: Phanpy?|ability: Protosynthesis\n|-start|p1a: Phanpy?|protosynthesisatk\n|\n|-weather|SunnyDay|[upkeep]\n|upkeep\n|turn|4\n|\n|t:|1698866288\n|switch|p2a: Town Destroyer|Brambleghast, F, shiny|100\/100\n|-damage|p2a: Town Destroyer|88\/100|[from] Stealth Rock\n|move|p1a: Phanpy?|Rapid Spin|p2a: Town Destroyer\n|-immune|p2a: Town Destroyer\n|\n|-weather|SunnyDay|[upkeep]\n|upkeep\n|turn|5\n|\n|t:|1698866316\n|-end|p1a: Phanpy?|Protosynthesis|[silent]\n|switch|p1a: Bestboi|Torkoal, M|66\/100\n|-activate|p1a: Bestboi|move: Sticky Web\n|-unboost|p1a: Bestboi|spe|1\n|move|p2a: Town Destroyer|Rapid Spin|p1a: Bestboi\n|-damage|p1a: Bestboi|54\/100\n|-boost|p2a: Town Destroyer|spe|1\n|-sideend|p2: coldgiga|Stealth Rock|[from] move: Rapid Spin|[of] p2a: Town Destroyer\n|\n|-weather|SunnyDay|[upkeep]\n|upkeep\n|turn|6\n|\n|t:|1698866330\n|switch|p2a: A Whole Lotta Bull|Tauros-Paldea-Aqua, M, shiny|100\/100\n|-ability|p2a: A Whole Lotta Bull|Intimidate|boost\n|-unboost|p1a: Bestboi|atk|1\n|move|p1a: Bestboi|Overheat|p2a: A Whole Lotta Bull\n|-resisted|p2a: A Whole Lotta Bull\n|-crit|p2a: A Whole Lotta Bull\n|-damage|p2a: A Whole Lotta Bull|3\/100\n|-unboost|p1a: Bestboi|spa|2\n|\n|-weather|none\n|-heal|p2a: A Whole Lotta Bull|9\/100|[from] item: Leftovers\n|upkeep\n|turn|7\n|\n|t:|1698866411\n|switch|p1a: Sparko|Thundurus, M|100\/100\n|move|p2a: A Whole Lotta Bull|Close Combat|p1a: Sparko\n|-resisted|p1a: Sparko\n|-damage|p1a: Sparko|52\/100\n|-unboost|p2a: A Whole Lotta Bull|def|1\n|-unboost|p2a: A Whole Lotta Bull|spd|1\n|\n|-heal|p2a: A Whole Lotta Bull|15\/100|[from] item: Leftovers\n|upkeep\n|turn|8\n|\n|t:|1698866437\n|move|p1a: Sparko|Thunderbolt|p2a: A Whole Lotta Bull\n|-supereffective|p2a: A Whole Lotta Bull\n|-damage|p2a: A Whole Lotta Bull|0 fnt\n|faint|p2a: A Whole Lotta Bull\n|\n|upkeep\n|\n|t:|1698866448\n|switch|p2a: Town Destroyer|Brambleghast, F, shiny|88\/100\n|turn|9\n|\n|t:|1698866456\n|move|p1a: Sparko|Knock Off|p2a: Town Destroyer\n|-supereffective|p2a: Town Destroyer\n|-damage|p2a: Town Destroyer|18\/100\n|-enditem|p2a: Town Destroyer|Loaded Dice|[from] move: Knock Off|[of] p1a: Sparko\n|move|p2a: Town Destroyer|Poltergeist|p1a: Sparko\n|-activate|p1a: Sparko|move: Poltergeist|Expert Belt\n|-damage|p1a: Sparko|0 fnt\n|faint|p1a: Sparko\n|\n|upkeep\n|\n|t:|1698866465\n|switch|p1a: Bestboi|Torkoal, M|54\/100\n|-activate|p1a: Bestboi|move: Sticky Web\n|-unboost|p1a: Bestboi|spe|1\n|-weather|SunnyDay|[from] ability: Drought|[of] p1a: Bestboi\n|turn|10\n|\n|t:|1698866485\n|move|p2a: Town Destroyer|Bullet Seed|p1a: Bestboi\n|-resisted|p1a: Bestboi\n|-damage|p1a: Bestboi|49\/100\n|-resisted|p1a: Bestboi\n|-damage|p1a: Bestboi|45\/100\n|-resisted|p1a: Bestboi\n|-damage|p1a: Bestboi|41\/100\n|-resisted|p1a: Bestboi\n|-damage|p1a: Bestboi|36\/100\n|-resisted|p1a: Bestboi\n|-damage|p1a: Bestboi|31\/100\n|-hitcount|p1a: Bestboi|5\n|move|p1a: Bestboi|Sunny Day||[still]\n|-fail|p1a: Bestboi\n|\n|-weather|SunnyDay|[upkeep]\n|upkeep\n|turn|11\n|\n|t:|1698866502\n|move|p2a: Town Destroyer|Bullet Seed|p1a: Bestboi\n|-resisted|p1a: Bestboi\n|-damage|p1a: Bestboi|26\/100\n|-resisted|p1a: Bestboi\n|-damage|p1a: Bestboi|22\/100\n|-resisted|p1a: Bestboi\n|-damage|p1a: Bestboi|18\/100\n|-resisted|p1a: Bestboi\n|-damage|p1a: Bestboi|14\/100\n|-resisted|p1a: Bestboi\n|-crit|p1a: Bestboi\n|-damage|p1a: Bestboi|7\/100\n|-hitcount|p1a: Bestboi|5\n|move|p1a: Bestboi|Overheat|p2a: Town Destroyer\n|-supereffective|p2a: Town Destroyer\n|-damage|p2a: Town Destroyer|0 fnt\n|-unboost|p1a: Bestboi|spa|2\n|faint|p2a: Town Destroyer\n|\n|-weather|SunnyDay|[upkeep]\n|upkeep\n|\n|t:|1698866536\n|switch|p2a: Romans 3:16|Regidrago, shiny|100\/100\n|turn|12\n|\n|t:|1698866571\n|switch|p1a: Bronzong|Bronzong|100\/100\n|move|p2a: Romans 3:16|Dragon Energy|p1a: Bronzong\n|-resisted|p1a: Bronzong\n|-damage|p1a: Bronzong|41\/100\n|\n|-weather|SunnyDay|[upkeep]\n|upkeep\n|turn|13\n|\n|t:|1698866581\n|-terastallize|p1a: Bronzong|Fairy\n|move|p2a: Romans 3:16|Dragon Energy|p1a: Bronzong\n|-immune|p1a: Bronzong\n|move|p1a: Bronzong|Tera Blast|p2a: Romans 3:16|[anim] Tera Blast Fairy\n|-supereffective|p2a: Romans 3:16\n|-damage|p2a: Romans 3:16|24\/100\n|\n|-weather|SunnyDay|[upkeep]\n|upkeep\n|turn|14\n|\n|t:|1698866601\n|switch|p2a: 30% Win rate|Slowbro-Galar, F, shiny|100\/100\n|-item|p2a: 30% Win rate|Air Balloon\n|move|p1a: Bronzong|Tera Blast|p2a: 30% Win rate|[anim] Tera Blast Fairy\n|-resisted|p2a: 30% Win rate\n|-damage|p2a: 30% Win rate|80\/100\n|-enditem|p2a: 30% Win rate|Air Balloon\n|\n|-weather|none\n|upkeep\n|turn|15\n|\n|t:|1698866669\n|switch|p1a: Rapidfish|Basculegion, M|100\/100\n|-activate|p1a: Rapidfish|move: Sticky Web\n|-unboost|p1a: Rapidfish|spe|1\n|move|p2a: 30% Win rate|Psychic|p1a: Rapidfish\n|-damage|p1a: Rapidfish|48\/100\n|\n|upkeep\n|turn|16\n|\n|t:|1698866678\n|move|p1a: Rapidfish|Shadow Ball|p2a: 30% Win rate\n|-supereffective|p2a: 30% Win rate\n|-damage|p2a: 30% Win rate|0 fnt\n|faint|p2a: 30% Win rate\n|\n|upkeep\n|\n|t:|1698866690\n|switch|p2a: My Twitter Career|Meowscarada, F, shiny|100\/100\n|turn|17\n|\n|t:|1698866707\n|switch|p1a: Phanpy?|Great Tusk|100\/100\n|-enditem|p1a: Phanpy?|Booster Energy\n|-activate|p1a: Phanpy?|ability: Protosynthesis|[fromitem]\n|-start|p1a: Phanpy?|protosynthesisatk\n|-activate|p1a: Phanpy?|move: Sticky Web\n|-unboost|p1a: Phanpy?|spe|1\n|move|p2a: My Twitter Career|Knock Off|p1a: Phanpy?\n|-start|p2a: My Twitter Career|typechange|Dark|[from] ability: Protean\n|-resisted|p1a: Phanpy?\n|-damage|p1a: Phanpy?|90\/100\n|\n|upkeep\n|turn|18\n|\n|t:|1698866724\n|-terastallize|p2a: My Twitter Career|Grass\n|move|p2a: My Twitter Career|Flower Trick|p1a: Phanpy?\n|-supereffective|p1a: Phanpy?\n|-crit|p1a: Phanpy?\n|-damage|p1a: Phanpy?|23\/100\n|move|p1a: Phanpy?|Close Combat|p2a: My Twitter Career\n|-enditem|p2a: My Twitter Career|Focus Sash\n|-damage|p2a: My Twitter Career|1\/100\n|-unboost|p1a: Phanpy?|def|1\n|-unboost|p1a: Phanpy?|spd|1\n|\n|upkeep\n|turn|19\n|\n|t:|1698866737\n|move|p2a: My Twitter Career|Flower Trick|p1a: Phanpy?\n|-supereffective|p1a: Phanpy?\n|-crit|p1a: Phanpy?\n|-damage|p1a: Phanpy?|0 fnt\n|faint|p1a: Phanpy?\n|-end|p1a: Phanpy?|Protosynthesis|[silent]\n|\n|upkeep\n|\n|t:|1698866744\n|switch|p1a: Bestboi|Torkoal, M|7\/100\n|-activate|p1a: Bestboi|move: Sticky Web\n|-unboost|p1a: Bestboi|spe|1\n|-weather|SunnyDay|[from] ability: Drought|[of] p1a: Bestboi\n|turn|20\n|j| Itsmeheats\n|\n|t:|1698866771\n|move|p2a: My Twitter Career|Flower Trick|p1a: Bestboi\n|-resisted|p1a: Bestboi\n|-crit|p1a: Bestboi\n|-damage|p1a: Bestboi|0 fnt\n|faint|p1a: Bestboi\n|\n|-weather|SunnyDay|[upkeep]\n|upkeep\n|\n|t:|1698866785\n|switch|p1a: Bigwings|Roaring Moon|100\/100\n|-activate|p1a: Bigwings|move: Sticky Web\n|-unboost|p1a: Bigwings|spe|1\n|-activate|p1a: Bigwings|ability: Protosynthesis\n|-start|p1a: Bigwings|protosynthesisatk\n|turn|21\n|\n|t:|1698866820\n|move|p2a: My Twitter Career|Play Rough|p1a: Bigwings\n|-supereffective|p1a: Bigwings\n|-damage|p1a: Bigwings|0 fnt\n|faint|p1a: Bigwings\n|-end|p1a: Bigwings|Protosynthesis|[silent]\n|\n|-weather|SunnyDay|[upkeep]\n|upkeep\n|\n|t:|1698866825\n|switch|p1a: Bronzong|Bronzong, tera:Fairy|41\/100\n|turn|22\n|\n|t:|1698866830\n|move|p2a: My Twitter Career|Flower Trick|p1a: Bronzong\n|-crit|p1a: Bronzong\n|-damage|p1a: Bronzong|0 fnt\n|faint|p1a: Bronzong\n|\n|-weather|SunnyDay|[upkeep]\n|upkeep\n|\n|t:|1698866835\n|switch|p1a: Rapidfish|Basculegion, M|48\/100\n|-activate|p1a: Rapidfish|move: Sticky Web\n|-unboost|p1a: Rapidfish|spe|1\n|turn|23\n|\n|t:|1698866843\n|move|p2a: My Twitter Career|Flower Trick|p1a: Rapidfish\n|-supereffective|p1a: Rapidfish\n|-crit|p1a: Rapidfish\n|-damage|p1a: Rapidfish|0 fnt\n|faint|p1a: Rapidfish\n|\n|win|coldgiga\n","uploadtime":1698866930,"views":19,"p1id":"rudyfo0x","p2id":"coldgiga","formatid":"gen9ubers","rating":0,"private":0,"password":""}