{"id":"gen9ubers-1990051579","p1":"SDK04","p2":"warewolflmka","format":"[Gen 9] Ubers","log":"|j|\u2606SDK04\n|j|\u2606warewolflmka\n|t:|1699919313\n|gametype|singles\n|player|p1|SDK04|unknown|1211\n|player|p2|warewolflmka|hiker-gen4|1269\n|teamsize|p1|6\n|teamsize|p2|6\n|gen|9\n|tier|[Gen 9] Ubers\n|rated|\n|rule|Sleep Clause Mod: Limit one foe put to sleep\n|rule|Species Clause: Limit one of each Pok\u00e9mon\n|rule|OHKO Clause: OHKO moves are banned\n|rule|Evasion Items Clause: Evasion items are banned\n|rule|Evasion Moves Clause: Evasion moves are banned\n|rule|Endless Battle Clause: Forcing endless battles is banned\n|rule|HP Percentage Mod: HP is shown in percentages\n|clearpoke\n|poke|p1|Grimmsnarl, M|\n|poke|p1|Miraidon|\n|poke|p1|Koraidon|\n|poke|p1|Zacian-*|\n|poke|p1|Iron Treads|\n|poke|p1|Gliscor, F|\n|poke|p2|Calyrex-Ice|\n|poke|p2|Koraidon|\n|poke|p2|Toxapex, F|\n|poke|p2|Ting-Lu|\n|poke|p2|Arceus|\n|poke|p2|Miraidon|\n|teampreview\n|inactive|Battle timer is ON: inactive players will automatically lose when time's up. (requested by warewolflmka)\n|\n|t:|1699919328\n|start\n|switch|p1a: Scary Monsters|Grimmsnarl, M|100\/100\n|switch|p2a: Calyrex|Calyrex-Ice|100\/100\n|-ability|p2a: Calyrex|As One\n|-ability|p2a: Calyrex|Unnerve\n|turn|1\n|\n|t:|1699919338\n|switch|p2a: Toxapex|Toxapex, F|100\/100\n|move|p1a: Scary Monsters|Reflect|p1a: Scary Monsters\n|-sidestart|p1: SDK04|Reflect\n|\n|upkeep\n|turn|2\n|\n|t:|1699919342\n|move|p1a: Scary Monsters|Light Screen|p1a: Scary Monsters\n|-sidestart|p1: SDK04|move: Light Screen\n|move|p2a: Toxapex|Toxic|p1a: Scary Monsters\n|-status|p1a: Scary Monsters|tox\n|\n|-damage|p1a: Scary Monsters|94\/100 tox|[from] psn\n|upkeep\n|turn|3\n|\n|t:|1699919349\n|move|p1a: Scary Monsters|Parting Shot|p2a: Toxapex\n|-unboost|p2a: Toxapex|atk|1\n|-unboost|p2a: Toxapex|spa|1\n|\n|t:|1699919351\n|switch|p1a: Himiko|Gliscor, F|100\/100|[from] Parting Shot\n|move|p2a: Toxapex|Infestation|p1a: Himiko\n|-resisted|p1a: Himiko\n|-damage|p1a: Himiko|99\/100\n|-activate|p1a: Himiko|move: Infestation|[of] p2a: Toxapex\n|\n|-damage|p1a: Himiko|87\/100|[from] move: Infestation|[partiallytrapped]\n|-status|p1a: Himiko|tox|[from] item: Toxic Orb\n|upkeep\n|turn|4\n|\n|t:|1699919363\n|switch|p2a: Ting-Lu|Ting-Lu|100\/100\n|-ability|p2a: Ting-Lu|Vessel of Ruin\n|move|p1a: Himiko|Agility|p1a: Himiko\n|-boost|p1a: Himiko|spe|2\n|\n|-heal|p1a: Himiko|99\/100 tox|[from] ability: Poison Heal\n|-end|p1a: Himiko|Infestation|[partiallytrapped]|[silent]\n|upkeep\n|turn|5\n|\n|t:|1699919372\n|move|p1a: Himiko|Swords Dance|p1a: Himiko\n|-boost|p1a: Himiko|atk|2\n|move|p2a: Ting-Lu|Whirlwind|p1a: Himiko\n|drag|p1a: Scary Monsters|Grimmsnarl, M|94\/100 tox\n|\n|-damage|p1a: Scary Monsters|88\/100 tox|[from] psn\n|upkeep\n|turn|6\n|\n|t:|1699919379\n|switch|p1a: \u201cI win\u201d button|Koraidon|100\/100\n|-weather|SunnyDay|[from] ability: Orichalcum Pulse|[of] p1a: \u201cI win\u201d button\n|-activate|p1a: \u201cI win\u201d button|Orichalcum Pulse|[source]\n|move|p2a: Ting-Lu|Spikes|p1a: \u201cI win\u201d button\n|-sidestart|p1: SDK04|Spikes\n|\n|-weather|SunnyDay|[upkeep]\n|upkeep\n|turn|7\n|\n|t:|1699919389\n|switch|p2a: Toxapex|Toxapex, F|100\/100\n|move|p1a: \u201cI win\u201d button|Low Kick|p2a: Toxapex\n|-resisted|p2a: Toxapex\n|-damage|p2a: Toxapex|92\/100\n|-damage|p1a: \u201cI win\u201d button|84\/100|[from] item: Rocky Helmet|[of] p2a: Toxapex\n|\n|-weather|SunnyDay|[upkeep]\n|upkeep\n|turn|8\n|\n|t:|1699919396\n|move|p1a: \u201cI win\u201d button|Swords Dance|p1a: \u201cI win\u201d button\n|-boost|p1a: \u201cI win\u201d button|atk|2\n|move|p2a: Toxapex|Infestation|p1a: \u201cI win\u201d button\n|-resisted|p1a: \u201cI win\u201d button\n|-crit|p1a: \u201cI win\u201d button\n|-damage|p1a: \u201cI win\u201d button|82\/100\n|-activate|p1a: \u201cI win\u201d button|move: Infestation|[of] p2a: Toxapex\n|\n|-weather|SunnyDay|[upkeep]\n|-damage|p1a: \u201cI win\u201d button|69\/100|[from] move: Infestation|[partiallytrapped]\n|-sideend|p1: SDK04|Reflect\n|upkeep\n|turn|9\n|\n|t:|1699919404\n|move|p1a: \u201cI win\u201d button|Scale Shot|p2a: Toxapex\n|-damage|p2a: Toxapex|70\/100\n|-damage|p2a: Toxapex|49\/100\n|-damage|p2a: Toxapex|28\/100\n|-crit|p2a: Toxapex\n|-damage|p2a: Toxapex|0 fnt\n|faint|p2a: Toxapex\n|-hitcount|p2: Toxapex|4\n|-unboost|p1a: \u201cI win\u201d button|def|1\n|-boost|p1a: \u201cI win\u201d button|spe|1\n|\n|-weather|SunnyDay|[upkeep]\n|-end|p1a: \u201cI win\u201d button|Infestation|[partiallytrapped]|[silent]\n|-sideend|p1: SDK04|move: Light Screen\n|upkeep\n|\n|t:|1699919421\n|switch|p2a: Arceus|Arceus|100\/100\n|turn|10\n|\n|t:|1699919426\n|-terastallize|p2a: Arceus|Normal\n|move|p2a: Arceus|Extreme Speed|p1a: \u201cI win\u201d button\n|-damage|p1a: \u201cI win\u201d button|0 fnt\n|faint|p1a: \u201cI win\u201d button\n|\n|-weather|none\n|upkeep\n|\n|t:|1699919434\n|switch|p1a: Gen 8 MVP|Zacian-Crowned|100\/100\n|-damage|p1a: Gen 8 MVP|88\/100|[from] Spikes\n|-ability|p1a: Gen 8 MVP|Intrepid Sword|boost\n|-boost|p1a: Gen 8 MVP|atk|1\n|turn|11\n|\n|t:|1699919440\n|switch|p2a: Ting-Lu|Ting-Lu|100\/100\n|-ability|p2a: Ting-Lu|Vessel of Ruin\n|move|p1a: Gen 8 MVP|Swords Dance|p1a: Gen 8 MVP\n|-boost|p1a: Gen 8 MVP|atk|2\n|\n|upkeep\n|turn|12\n|\n|t:|1699919446\n|move|p1a: Gen 8 MVP|Play Rough|p2a: Ting-Lu\n|-supereffective|p2a: Ting-Lu\n|-damage|p2a: Ting-Lu|0 fnt\n|faint|p2a: Ting-Lu\n|\n|upkeep\n|\n|t:|1699919456\n|switch|p2a: Calyrex|Calyrex-Ice|100\/100\n|-ability|p2a: Calyrex|As One\n|-ability|p2a: Calyrex|Unnerve\n|turn|13\n|\n|t:|1699919468\n|move|p1a: Gen 8 MVP|Behemoth Blade|p2a: Calyrex\n|-supereffective|p2a: Calyrex\n|-damage|p2a: Calyrex|0 fnt\n|faint|p2a: Calyrex\n|\n|upkeep\n|\n|t:|1699919472\n|switch|p2a: Koraidon|Koraidon|100\/100\n|-weather|SunnyDay|[from] ability: Orichalcum Pulse|[of] p2a: Koraidon\n|-activate|p2a: Koraidon|Orichalcum Pulse|[source]\n|turn|14\n|\n|t:|1699919478\n|move|p2a: Koraidon|Flare Blitz|p1a: Gen 8 MVP\n|-supereffective|p1a: Gen 8 MVP\n|-damage|p1a: Gen 8 MVP|0 fnt\n|faint|p1a: Gen 8 MVP\n|-damage|p2a: Koraidon|73\/100|[from] Recoil\n|\n|-weather|SunnyDay|[upkeep]\n|upkeep\n|\n|t:|1699919483\n|switch|p1a: Scary Monsters|Grimmsnarl, M|88\/100 tox\n|-damage|p1a: Scary Monsters|76\/100 tox|[from] Spikes\n|turn|15\n|\n|t:|1699919487\n|move|p1a: Scary Monsters|Reflect|p1a: Scary Monsters\n|-sidestart|p1: SDK04|Reflect\n|move|p2a: Koraidon|Flare Blitz|p1a: Scary Monsters\n|-damage|p1a: Scary Monsters|39\/100 tox\n|-damage|p2a: Koraidon|59\/100|[from] Recoil\n|\n|-weather|SunnyDay|[upkeep]\n|-damage|p1a: Scary Monsters|32\/100 tox|[from] psn\n|upkeep\n|turn|16\n|\n|t:|1699919500\n|switch|p2a: Miraidon|Miraidon|100\/100\n|-fieldstart|move: Electric Terrain|[from] ability: Hadron Engine|[of] p2a: Miraidon\n|move|p1a: Scary Monsters|Parting Shot|p2a: Miraidon\n|-unboost|p2a: Miraidon|atk|1\n|-unboost|p2a: Miraidon|spa|1\n|\n|t:|1699919503\n|switch|p1a: Miraidon Check|Iron Treads|100\/100|[from] Parting Shot\n|-damage|p1a: Miraidon Check|88\/100|[from] Spikes\n|-activate|p1a: Miraidon Check|ability: Quark Drive\n|-start|p1a: Miraidon Check|quarkdrivespe\n|\n|-weather|SunnyDay|[upkeep]\n|upkeep\n|turn|17\n|\n|t:|1699919513\n|move|p1a: Miraidon Check|Earthquake|p2a: Miraidon\n|-supereffective|p2a: Miraidon\n|-damage|p2a: Miraidon|4\/100\n|move|p2a: Miraidon|Calm Mind|p2a: Miraidon\n|-boost|p2a: Miraidon|spa|1\n|-boost|p2a: Miraidon|spd|1\n|\n|-weather|SunnyDay|[upkeep]\n|upkeep\n|turn|18\n|\n|t:|1699919520\n|switch|p2a: Arceus|Arceus, tera:Normal|100\/100\n|move|p1a: Miraidon Check|Rapid Spin|p2a: Arceus\n|-damage|p2a: Arceus|88\/100\n|-boost|p1a: Miraidon Check|spe|1\n|-sideend|p1: SDK04|Spikes|[from] move: Rapid Spin|[of] p1a: Miraidon Check\n|\n|-weather|none\n|upkeep\n|turn|19\n|\n|t:|1699919530\n|move|p1a: Miraidon Check|Knock Off|p2a: Arceus\n|-damage|p2a: Arceus|69\/100\n|-enditem|p2a: Arceus|Silk Scarf|[from] move: Knock Off|[of] p1a: Miraidon Check\n|move|p2a: Arceus|Swords Dance|p2a: Arceus\n|-boost|p2a: Arceus|atk|2\n|\n|upkeep\n|turn|20\n|\n|t:|1699919538\n|move|p1a: Miraidon Check|Iron Head|p2a: Arceus\n|-damage|p2a: Arceus|44\/100\n|move|p2a: Arceus|Swords Dance|p2a: Arceus\n|-boost|p2a: Arceus|atk|2\n|\n|-fieldend|move: Electric Terrain\n|-end|p1a: Miraidon Check|Quark Drive\n|upkeep\n|turn|21\n|\n|t:|1699919550\n|move|p2a: Arceus|Extreme Speed|p1a: Miraidon Check\n|-resisted|p1a: Miraidon Check\n|-damage|p1a: Miraidon Check|50\/100\n|move|p1a: Miraidon Check|Earthquake|p2a: Arceus\n|-damage|p2a: Arceus|11\/100\n|\n|upkeep\n|turn|22\n|\n|t:|1699919557\n|move|p1a: Miraidon Check|Earthquake|p2a: Arceus\n|-damage|p2a: Arceus|0 fnt\n|faint|p2a: Arceus\n|\n|-sideend|p1: SDK04|Reflect\n|upkeep\n|c|\u2606warewolflmka|gg\n|\n|t:|1699919563\n|switch|p2a: Koraidon|Koraidon|59\/100\n|-weather|SunnyDay|[from] ability: Orichalcum Pulse|[of] p2a: Koraidon\n|-activate|p2a: Koraidon|Orichalcum Pulse|[source]\n|turn|23\n|\n|t:|1699919567\n|move|p2a: Koraidon|Flare Blitz|p1a: Miraidon Check\n|-supereffective|p1a: Miraidon Check\n|-damage|p1a: Miraidon Check|0 fnt\n|faint|p1a: Miraidon Check\n|-end|p1a: Miraidon Check|Quark Drive|[silent]\n|-damage|p2a: Koraidon|43\/100|[from] Recoil\n|\n|-weather|SunnyDay|[upkeep]\n|upkeep\n|\n|t:|1699919569\n|switch|p1a: Scary Monsters|Grimmsnarl, M|32\/100 tox\n|turn|24\n|\n|t:|1699919574\n|move|p1a: Scary Monsters|Reflect|p1a: Scary Monsters\n|-sidestart|p1: SDK04|Reflect\n|move|p2a: Koraidon|Flare Blitz|p1a: Scary Monsters\n|-crit|p1a: Scary Monsters\n|-damage|p1a: Scary Monsters|0 fnt\n|faint|p1a: Scary Monsters\n|-damage|p2a: Koraidon|31\/100|[from] Recoil\n|\n|-weather|SunnyDay|[upkeep]\n|upkeep\n|\n|t:|1699919576\n|switch|p1a: Himiko|Gliscor, F|99\/100 tox\n|turn|25\n|c|\u2606SDK04|gg\n|c|\u2606SDK04|wp\n|\n|t:|1699919583\n|move|p2a: Koraidon|Flare Blitz|p1a: Himiko\n|-damage|p1a: Himiko|58\/100 tox\n|-damage|p2a: Koraidon|19\/100|[from] Recoil\n|move|p1a: Himiko|Agility|p1a: Himiko\n|-boost|p1a: Himiko|spe|2\n|\n|-weather|SunnyDay|[upkeep]\n|-heal|p1a: Himiko|71\/100 tox|[from] ability: Poison Heal\n|upkeep\n|turn|26\n|\n|t:|1699919592\n|move|p1a: Himiko|Swords Dance|p1a: Himiko\n|-boost|p1a: Himiko|atk|2\n|move|p2a: Koraidon|Flare Blitz|p1a: Himiko\n|-damage|p1a: Himiko|33\/100 tox\n|-damage|p2a: Koraidon|8\/100|[from] Recoil\n|\n|-weather|SunnyDay|[upkeep]\n|-heal|p1a: Himiko|45\/100 tox|[from] ability: Poison Heal\n|upkeep\n|turn|27\n|c|\u2606SDK04|gg\n|\n|t:|1699919600\n|move|p1a: Himiko|Earthquake|p2a: Koraidon\n|-damage|p2a: Koraidon|0 fnt\n|faint|p2a: Koraidon\n|\n|-weather|none\n|-heal|p1a: Himiko|58\/100 tox|[from] ability: Poison Heal\n|upkeep\n|\n|t:|1699919606\n|switch|p2a: Miraidon|Miraidon|4\/100\n|-fieldstart|move: Electric Terrain|[from] ability: Hadron Engine|[of] p2a: Miraidon\n|turn|28\n|\n|t:|1699919610\n|move|p1a: Himiko|Earthquake|p2a: Miraidon\n|-supereffective|p2a: Miraidon\n|-damage|p2a: Miraidon|0 fnt\n|faint|p2a: Miraidon\n|\n|win|SDK04\n|raw|SDK04's rating: 1211 &rarr; <strong>1240<\/strong><br \/>(+29 for winning)\n|raw|warewolflmka's rating: 1269 &rarr; <strong>1240<\/strong><br \/>(-29 for losing)\n","uploadtime":1699919614,"views":12,"p1id":"sdk04","p2id":"warewolflmka","formatid":"gen9ubers","rating":1240,"private":0,"password":""}