{"id":"gen9ubers-1981166512","p1":"SwordIsBored","p2":"XpokVEVO","format":"[Gen 9] Ubers","log":"|j|\u2606SwordIsBored\n|j|\u2606XpokVEVO\n|t:|1698868999\n|gametype|singles\n|player|p1|SwordIsBored|irida|\n|player|p2|XpokVEVO|rika|\n|teamsize|p1|6\n|teamsize|p2|6\n|gen|9\n|tier|[Gen 9] Ubers\n|rule|Sleep Clause Mod: Limit one foe put to sleep\n|rule|Species Clause: Limit one of each Pok\u00e9mon\n|rule|OHKO Clause: OHKO moves are banned\n|rule|Evasion Items Clause: Evasion items are banned\n|rule|Evasion Moves Clause: Evasion moves are banned\n|rule|Endless Battle Clause: Forcing endless battles is banned\n|rule|HP Percentage Mod: HP is shown in percentages\n|clearpoke\n|poke|p1|Arceus-Ghost|\n|poke|p1|Shaymin-Sky|\n|poke|p1|Garchomp, F|\n|poke|p1|Magearna|\n|poke|p1|Palafin, F|\n|poke|p1|Cyclizar, F|\n|poke|p2|Cyclizar, M|\n|poke|p2|Espathra, M|\n|poke|p2|Magearna|\n|poke|p2|Zacian-*|\n|poke|p2|Roaring Moon|\n|poke|p2|Arceus-Fire|\n|teampreview\n|inactive|Battle timer is ON: inactive players will automatically lose when time's up. (requested by XpokVEVO)\n|c|\u2606SwordIsBored|glhf\n|c|\u2606XpokVEVO|glhf\n|\n|t:|1698869028\n|start\n|switch|p1a: Arceus|Arceus-Ghost|100\/100\n|switch|p2a: Akira|Cyclizar, M|100\/100\n|turn|1\n|inactive|XpokVEVO has 270 seconds left.\n|inactive|XpokVEVO has 240 seconds left.\n|\n|t:|1698869096\n|move|p1a: Arceus|Extreme Speed|p2a: Akira\n|-damage|p2a: Akira|56\/100\n|move|p2a: Akira|Shed Tail|p2a: Akira\n|-start|p2a: Akira|Substitute|[from] move: Shed Tail\n|-damage|p2a: Akira|6\/100\n|\n|t:|1698869098\n|switch|p2a: Roaring Peak|Roaring Moon|100\/100|[from] Shed Tail\n|-enditem|p2a: Roaring Peak|Booster Energy\n|-activate|p2a: Roaring Peak|ability: Protosynthesis|[fromitem]\n|-start|p2a: Roaring Peak|protosynthesisspe\n|\n|upkeep\n|turn|2\n|inactive|XpokVEVO has 240 seconds left.\n|\n|t:|1698869116\n|move|p1a: Arceus|Extreme Speed|p2a: Roaring Peak\n|-end|p2a: Roaring Peak|Substitute\n|move|p2a: Roaring Peak|Dragon Dance|p2a: Roaring Peak\n|-boost|p2a: Roaring Peak|atk|1\n|-boost|p2a: Roaring Peak|spe|1\n|\n|upkeep\n|turn|3\n|inactive|XpokVEVO has 240 seconds left.\n|inactive|XpokVEVO has 210 seconds left.\n|\n|t:|1698869158\n|-terastallize|p1a: Arceus|Normal\n|move|p2a: Roaring Peak|Dragon Dance|p2a: Roaring Peak\n|-boost|p2a: Roaring Peak|atk|1\n|-boost|p2a: Roaring Peak|spe|1\n|move|p1a: Arceus|Swords Dance|p1a: Arceus\n|-boost|p1a: Arceus|atk|2\n|\n|upkeep\n|turn|4\n|c|\u2606XpokVEVO|goodbye ceus?\n|inactive|XpokVEVO has 210 seconds left.\n|\n|t:|1698869171\n|move|p1a: Arceus|Extreme Speed|p2a: Roaring Peak\n|-damage|p2a: Roaring Peak|0 fnt\n|faint|p2a: Roaring Peak\n|-end|p2a: Roaring Peak|Protosynthesis|[silent]\n|\n|upkeep\n|inactive|XpokVEVO has 210 seconds left.\n|c|\u2606XpokVEVO|i thought ghostceus was overhyped\n|c|\u2606XpokVEVO|i was lied to\n|\n|t:|1698869191\n|switch|p2a: Aunt Fanny|Magearna|100\/100\n|turn|5\n|\n|t:|1698869210\n|move|p1a: Arceus|Swords Dance|p1a: Arceus\n|-boost|p1a: Arceus|atk|2\n|move|p2a: Aunt Fanny|Thunder Wave|p1a: Arceus\n|-status|p1a: Arceus|par\n|\n|upkeep\n|turn|6\n|inactive|XpokVEVO has 210 seconds left.\n|\n|t:|1698869223\n|move|p2a: Aunt Fanny|Flash Cannon|p1a: Arceus\n|-damage|p1a: Arceus|68\/100 par\n|-unboost|p1a: Arceus|spd|1\n|cant|p1a: Arceus|par\n|\n|upkeep\n|turn|7\n|\n|t:|1698869228\n|move|p2a: Aunt Fanny|Shift Gear|p2a: Aunt Fanny\n|-boost|p2a: Aunt Fanny|spe|2\n|-boost|p2a: Aunt Fanny|atk|1\n|move|p1a: Arceus|Earthquake|p2a: Aunt Fanny\n|-supereffective|p2a: Aunt Fanny\n|-damage|p2a: Aunt Fanny|0 fnt\n|faint|p2a: Aunt Fanny\n|\n|upkeep\n|inactive|XpokVEVO has 210 seconds left.\n|\n|t:|1698869239\n|switch|p2a: Ar\u0441eus-Fighting|Arceus-Fire, shiny|100\/100\n|turn|8\n|\n|t:|1698869246\n|move|p2a: Ar\u0441eus-Fighting|Dragon Dance|p2a: Ar\u0441eus-Fighting\n|-boost|p2a: Ar\u0441eus-Fighting|atk|1\n|-boost|p2a: Ar\u0441eus-Fighting|spe|1\n|cant|p1a: Arceus|par\n|\n|upkeep\n|turn|9\n|\n|t:|1698869252\n|cant|p1a: Arceus|par\n|move|p2a: Ar\u0441eus-Fighting|Flare Blitz|p1a: Arceus\n|-damage|p1a: Arceus|0 fnt\n|faint|p1a: Arceus\n|-damage|p2a: Ar\u0441eus-Fighting|79\/100|[from] Recoil\n|\n|upkeep\n|\n|t:|1698869257\n|switch|p1a: Palafin|Palafin, F|100\/100\n|turn|10\n|\n|t:|1698869265\n|detailschange|p1a: Palafin|Palafin-Hero, F\n|switch|p1a: Garchomp|Garchomp, F|100\/100\n|-terastallize|p2a: Ar\u0441eus-Fighting|Fairy\n|move|p2a: Ar\u0441eus-Fighting|Dragon Dance|p2a: Ar\u0441eus-Fighting\n|-boost|p2a: Ar\u0441eus-Fighting|atk|1\n|-boost|p2a: Ar\u0441eus-Fighting|spe|1\n|\n|upkeep\n|turn|11\n|\n|t:|1698869270\n|move|p2a: Ar\u0441eus-Fighting|Tera Blast|p1a: Garchomp|[anim] Tera Blast Fairy\n|-supereffective|p1a: Garchomp\n|-damage|p1a: Garchomp|0 fnt\n|faint|p1a: Garchomp\n|\n|upkeep\n|c|\u2606XpokVEVO|no rough skin?\n|c|\u2606XpokVEVO|why?\n|\n|t:|1698869283\n|switch|p1a: Palafin|Palafin-Hero, F|100\/100\n|-activate|p1a: Palafin|ability: Zero to Hero\n|turn|12\n|\n|t:|1698869288\n|move|p2a: Ar\u0441eus-Fighting|Tera Blast|p1a: Palafin|[anim] Tera Blast Fairy\n|-damage|p1a: Palafin|14\/100\n|move|p1a: Palafin|Wave Crash|p2a: Ar\u0441eus-Fighting\n|-damage|p2a: Ar\u0441eus-Fighting|0 fnt\n|faint|p2a: Ar\u0441eus-Fighting\n|-damage|p1a: Palafin|0 fnt|[from] Recoil\n|faint|p1a: Palafin\n|\n|upkeep\n|c|\u2606SwordIsBored|tera blast isnt contact\n|c|\u2606SwordIsBored|:exploding_head:\n|\n|t:|1698869305\n|switch|p1a: Cyclizar|Cyclizar, F|100\/100\n|switch|p2a: Akira|Cyclizar, M|39\/100\n|turn|13\n|\n|t:|1698869322\n|move|p2a: Akira|Taunt|p1a: Cyclizar\n|-start|p1a: Cyclizar|move: Taunt\n|cant|p1a: Cyclizar|move: Taunt|Shed Tail\n|\n|upkeep\n|turn|14\n|inactive|XpokVEVO has 270 seconds left.\n|c|\u2606XpokVEVO|NO ONES READY FOR...\n|c|\u2606XpokVEVO|SCARF ZARD.\n|\n|t:|1698869340\n|switch|p2a: Princess|Zacian, shiny|100\/100\n|-ability|p2a: Princess|Intrepid Sword|boost\n|-boost|p2a: Princess|atk|1\n|switch|p1a: Magearna|Magearna|100\/100\n|\n|upkeep\n|turn|15\n|\n|t:|1698869358\n|move|p2a: Princess|Swords Dance|p2a: Princess\n|-boost|p2a: Princess|atk|2\n|move|p1a: Magearna|Flash Cannon|p2a: Princess\n|-supereffective|p2a: Princess\n|-damage|p2a: Princess|19\/100\n|\n|upkeep\n|turn|16\n|\n|t:|1698869368\n|move|p2a: Princess|Close Combat|p1a: Magearna\n|-damage|p1a: Magearna|0 fnt\n|-unboost|p2a: Princess|def|1\n|-unboost|p2a: Princess|spd|1\n|faint|p1a: Magearna\n|-damage|p2a: Princess|9\/100|[from] item: Life Orb\n|\n|upkeep\n|\n|t:|1698869374\n|switch|p1a: Cyclizar|Cyclizar, F|100\/100\n|turn|17\n|\n|t:|1698869379\n|switch|p2a: Akira|Cyclizar, M|73\/100\n|move|p1a: Cyclizar|Rapid Spin|p2a: Akira\n|-damage|p2a: Akira|51\/100\n|-boost|p1a: Cyclizar|spe|1\n|\n|upkeep\n|turn|18\n|\n|t:|1698869383\n|move|p1a: Cyclizar|Knock Off|p2a: Akira\n|-damage|p2a: Akira|23\/100\n|-enditem|p2a: Akira|Choice Scarf|[from] move: Knock Off|[of] p1a: Cyclizar\n|move|p2a: Akira|Shed Tail|p2a: Akira\n|-fail|p2a: Akira|move: Shed Tail|[weak]\n|\n|upkeep\n|turn|19\n|c|\u2606XpokVEVO|ooof\n|\n|t:|1698869396\n|move|p1a: Cyclizar|Shed Tail|p1a: Cyclizar\n|-start|p1a: Cyclizar|Substitute|[from] move: Shed Tail\n|-damage|p1a: Cyclizar|50\/100\n|\n|t:|1698869399\n|switch|p1a: Shaymin|Shaymin-Sky|100\/100|[from] Shed Tail\n|move|p2a: Akira|Rapid Spin|p1a: Shaymin\n|-activate|p1a: Shaymin|move: Substitute|[damage]\n|-boost|p2a: Akira|spe|1\n|\n|upkeep\n|turn|20\n|\n|t:|1698869407\n|move|p2a: Akira|Knock Off|p1a: Shaymin\n|-end|p1a: Shaymin|Substitute\n|move|p1a: Shaymin|Leech Seed|p2a: Akira|[miss]\n|-miss|p1a: Shaymin|p2a: Akira\n|\n|upkeep\n|turn|21\n|c|\u2606XpokVEVO|OOOH GOAT\n|\n|t:|1698869417\n|switch|p1a: Cyclizar|Cyclizar, F|84\/100\n|move|p2a: Akira|Taunt|p1a: Cyclizar\n|-start|p1a: Cyclizar|move: Taunt\n|\n|upkeep\n|turn|22\n|\n|t:|1698869432\n|switch|p2a: Emu War|Espathra, M|100\/100\n|move|p1a: Cyclizar|Rapid Spin|p2a: Emu War\n|-damage|p2a: Emu War|80\/100\n|-boost|p1a: Cyclizar|spe|1\n|\n|upkeep\n|turn|23\n|\n|t:|1698869448\n|switch|p1a: Shaymin|Shaymin-Sky|100\/100\n|move|p2a: Emu War|Calm Mind|p2a: Emu War\n|-boost|p2a: Emu War|spa|1\n|-boost|p2a: Emu War|spd|1\n|\n|-ability|p2a: Emu War|Speed Boost|boost\n|-boost|p2a: Emu War|spe|1\n|upkeep\n|turn|24\n|\n|t:|1698869454\n|move|p2a: Emu War|Stored Power|p1a: Shaymin\n|-damage|p1a: Shaymin|22\/100\n|move|p1a: Shaymin|Substitute|p1a: Shaymin\n|-fail|p1a: Shaymin|move: Substitute|[weak]\n|\n|-ability|p2a: Emu War|Speed Boost|boost\n|-boost|p2a: Emu War|spe|1\n|upkeep\n|turn|25\n|\n|t:|1698869458\n|move|p2a: Emu War|Stored Power|p1a: Shaymin\n|-damage|p1a: Shaymin|0 fnt\n|faint|p1a: Shaymin\n|\n|-ability|p2a: Emu War|Speed Boost|boost\n|-boost|p2a: Emu War|spe|1\n|upkeep\n|\n|t:|1698869459\n|switch|p1a: Cyclizar|Cyclizar, F|100\/100\n|turn|26\n|c|\u2606XpokVEVO|gg\n|c|\u2606SwordIsBored|rip\n|c|\u2606SwordIsBored|i have gotten haxed and owned\n|c|\u2606SwordIsBored|by para\n|\n|t:|1698869466\n|move|p2a: Emu War|Dazzling Gleam|p1a: Cyclizar\n|-supereffective|p1a: Cyclizar\n|-damage|p1a: Cyclizar|0 fnt\n|faint|p1a: Cyclizar\n|\n|win|XpokVEVO\n|l|\u2606SwordIsBored\n","uploadtime":1698869474,"views":29,"p1id":"swordisbored","p2id":"xpokvevo","formatid":"gen9ubers","rating":0,"private":0,"password":""}