{"id":"gen9ubers-1982718193","p1":"AlicieLizzie","p2":"LadyMaria-Blue","format":"[Gen 9] Ubers","log":"|j|\u2606AlicieLizzie\n|j|\u2606LadyMaria-Blue\n|t:|1699038500\n|gametype|singles\n|player|p1|AlicieLizzie|marnie-masters3|\n|player|p2|LadyMaria-Blue|cynthia|\n|teamsize|p1|6\n|teamsize|p2|6\n|gen|9\n|tier|[Gen 9] Ubers\n|rule|Sleep Clause Mod: Limit one foe put to sleep\n|rule|Species Clause: Limit one of each Pok\u00e9mon\n|rule|OHKO Clause: OHKO moves are banned\n|rule|Evasion Items Clause: Evasion items are banned\n|rule|Evasion Moves Clause: Evasion moves are banned\n|rule|Endless Battle Clause: Forcing endless battles is banned\n|rule|HP Percentage Mod: HP is shown in percentages\n|clearpoke\n|poke|p1|Cyclizar, F|\n|poke|p1|Kommo-o, M|\n|poke|p1|Shaymin-Sky|\n|poke|p1|Gholdengo|\n|poke|p1|Zacian-*|\n|poke|p1|Espathra, M|\n|poke|p2|Baxcalibur, F|\n|poke|p2|Milotic, F|\n|poke|p2|Zacian-*|\n|poke|p2|Mandibuzz, F|\n|poke|p2|Arceus-Poison|\n|poke|p2|Magearna|\n|teampreview\n|inactive|Battle timer is ON: inactive players will automatically lose when time's up. (requested by AlicieLizzie)\n|\n|t:|1699038519\n|start\n|switch|p1a: Cycle Dryer|Cyclizar, F|100\/100\n|switch|p2a: Magearna|Magearna|100\/100\n|turn|1\n|\n|t:|1699038530\n|move|p1a: Cycle Dryer|Taunt|p2a: Magearna\n|-start|p2a: Magearna|move: Taunt\n|move|p2a: Magearna|Fleur Cannon|p1a: Cycle Dryer|[miss]\n|-miss|p2a: Magearna|p1a: Cycle Dryer\n|\n|upkeep\n|turn|2\n|c|\u2606LadyMaria-Blue|fuck\n|c|\u2606AlicieLizzie|my life flashed before my eyes\n|\n|t:|1699038545\n|move|p1a: Cycle Dryer|Shed Tail|p1a: Cycle Dryer\n|-start|p1a: Cycle Dryer|Substitute|[from] move: Shed Tail\n|-damage|p1a: Cycle Dryer|50\/100\n|\n|t:|1699038547\n|switch|p1a: path to womanhood|Espathra, M|100\/100|[from] Shed Tail\n|move|p2a: Magearna|Fleur Cannon|p1a: path to womanhood\n|-end|p1a: path to womanhood|Substitute\n|-unboost|p2a: Magearna|spa|2\n|\n|upkeep\n|turn|3\n|\n|t:|1699038553\n|move|p1a: path to womanhood|Calm Mind|p1a: path to womanhood\n|-boost|p1a: path to womanhood|spa|1\n|-boost|p1a: path to womanhood|spd|1\n|move|p2a: Magearna|Volt Switch|p1a: path to womanhood\n|-damage|p1a: path to womanhood|91\/100\n|\n|t:|1699038556\n|switch|p2a: Milotic|Milotic, F, shiny|100\/100|[from] Volt Switch\n|\n|-heal|p1a: path to womanhood|97\/100|[from] item: Leftovers\n|-ability|p1a: path to womanhood|Speed Boost|boost\n|-boost|p1a: path to womanhood|spe|1\n|upkeep\n|turn|4\n|\n|t:|1699038561\n|move|p1a: path to womanhood|Protect|p1a: path to womanhood\n|-singleturn|p1a: path to womanhood|Protect\n|move|p2a: Milotic|Haze|p2a: Milotic\n|-clearallboost\n|\n|-heal|p1a: path to womanhood|100\/100|[from] item: Leftovers\n|-ability|p1a: path to womanhood|Speed Boost|boost\n|-boost|p1a: path to womanhood|spe|1\n|upkeep\n|turn|5\n|\n|t:|1699038570\n|move|p1a: path to womanhood|Calm Mind|p1a: path to womanhood\n|-boost|p1a: path to womanhood|spa|1\n|-boost|p1a: path to womanhood|spd|1\n|move|p2a: Milotic|Scald|p1a: path to womanhood\n|-damage|p1a: path to womanhood|75\/100\n|\n|-heal|p1a: path to womanhood|81\/100|[from] item: Leftovers\n|-ability|p1a: path to womanhood|Speed Boost|boost\n|-boost|p1a: path to womanhood|spe|1\n|upkeep\n|turn|6\n|\n|t:|1699038577\n|move|p1a: path to womanhood|Stored Power|p2a: Milotic\n|-crit|p2a: Milotic\n|-damage|p2a: Milotic|42\/100\n|move|p2a: Milotic|Haze|p2a: Milotic\n|-clearallboost\n|\n|-heal|p1a: path to womanhood|87\/100|[from] item: Leftovers\n|-heal|p2a: Milotic|48\/100|[from] item: Leftovers\n|-ability|p1a: path to womanhood|Speed Boost|boost\n|-boost|p1a: path to womanhood|spe|1\n|upkeep\n|turn|7\n|\n|t:|1699038579\n|move|p1a: path to womanhood|Calm Mind|p1a: path to womanhood\n|-boost|p1a: path to womanhood|spa|1\n|-boost|p1a: path to womanhood|spd|1\n|move|p2a: Milotic|Recover|p2a: Milotic\n|-heal|p2a: Milotic|98\/100\n|\n|-heal|p1a: path to womanhood|93\/100|[from] item: Leftovers\n|-heal|p2a: Milotic|100\/100|[from] item: Leftovers\n|-ability|p1a: path to womanhood|Speed Boost|boost\n|-boost|p1a: path to womanhood|spe|1\n|upkeep\n|turn|8\n|\n|t:|1699038581\n|move|p1a: path to womanhood|Calm Mind|p1a: path to womanhood\n|-boost|p1a: path to womanhood|spa|1\n|-boost|p1a: path to womanhood|spd|1\n|move|p2a: Milotic|Haze|p2a: Milotic\n|-clearallboost\n|\n|-heal|p1a: path to womanhood|99\/100|[from] item: Leftovers\n|-ability|p1a: path to womanhood|Speed Boost|boost\n|-boost|p1a: path to womanhood|spe|1\n|upkeep\n|turn|9\n|\n|t:|1699038584\n|switch|p1a: It's a Shayme|Shaymin-Sky|100\/100\n|move|p2a: Milotic|Haze|p2a: Milotic\n|-clearallboost\n|\n|upkeep\n|turn|10\n|\n|t:|1699038593\n|switch|p2a: Arceus|Arceus-Poison|100\/100\n|move|p1a: It's a Shayme|Seed Flare|p2a: Arceus\n|-resisted|p2a: Arceus\n|-damage|p2a: Arceus|85\/100\n|-unboost|p2a: Arceus|spd|2\n|\n|upkeep\n|turn|11\n|\n|t:|1699038597\n|switch|p2a: Mandibuzz|Mandibuzz, F, shiny|100\/100\n|move|p1a: It's a Shayme|Air Slash|p2a: Mandibuzz\n|-damage|p2a: Mandibuzz|78\/100\n|\n|upkeep\n|turn|12\n|\n|t:|1699038604\n|move|p1a: It's a Shayme|Leech Seed|p2a: Mandibuzz\n|-start|p2a: Mandibuzz|move: Leech Seed\n|move|p2a: Mandibuzz|U-turn|p1a: It's a Shayme\n|-damage|p1a: It's a Shayme|88\/100\n|\n|t:|1699038609\n|switch|p2a: Magearna|Magearna|100\/100|[from] U-turn\n|\n|upkeep\n|turn|13\n|\n|t:|1699038613\n|move|p1a: It's a Shayme|Substitute|p1a: It's a Shayme\n|-start|p1a: It's a Shayme|Substitute\n|-damage|p1a: It's a Shayme|63\/100\n|move|p2a: Magearna|Thunder Wave||[still]\n|-fail|p2a: Magearna\n|\n|upkeep\n|turn|14\n|\n|t:|1699038621\n|move|p1a: It's a Shayme|Leech Seed|p2a: Magearna\n|-start|p2a: Magearna|move: Leech Seed\n|move|p2a: Magearna|Volt Switch|p1a: It's a Shayme\n|-activate|p1a: It's a Shayme|move: Substitute|[damage]\n|\n|t:|1699038628\n|switch|p2a: Arceus|Arceus-Poison|85\/100|[from] Volt Switch\n|\n|upkeep\n|turn|15\n|\n|t:|1699038630\n|move|p1a: It's a Shayme|Leech Seed|p2a: Arceus|[miss]\n|-miss|p1a: It's a Shayme|p2a: Arceus\n|move|p2a: Arceus|Calm Mind|p2a: Arceus\n|-boost|p2a: Arceus|spa|1\n|-boost|p2a: Arceus|spd|1\n|\n|upkeep\n|turn|16\n|\n|t:|1699038634\n|move|p1a: It's a Shayme|Leech Seed|p2a: Arceus\n|-start|p2a: Arceus|move: Leech Seed\n|move|p2a: Arceus|Judgment|p1a: It's a Shayme\n|-supereffective|p1a: It's a Shayme\n|-end|p1a: It's a Shayme|Substitute\n|\n|-damage|p2a: Arceus|72\/100|[from] Leech Seed|[of] p1a: It's a Shayme\n|-heal|p1a: It's a Shayme|77\/100|[silent]\n|upkeep\n|turn|17\n|\n|t:|1699038638\n|move|p1a: It's a Shayme|Substitute|p1a: It's a Shayme\n|-start|p1a: It's a Shayme|Substitute\n|-damage|p1a: It's a Shayme|52\/100\n|move|p2a: Arceus|Judgment|p1a: It's a Shayme\n|-supereffective|p1a: It's a Shayme\n|-end|p1a: It's a Shayme|Substitute\n|\n|-damage|p2a: Arceus|60\/100|[from] Leech Seed|[of] p1a: It's a Shayme\n|-heal|p1a: It's a Shayme|66\/100|[silent]\n|upkeep\n|turn|18\n|\n|t:|1699038644\n|move|p1a: It's a Shayme|Substitute|p1a: It's a Shayme\n|-start|p1a: It's a Shayme|Substitute\n|-damage|p1a: It's a Shayme|41\/100\n|move|p2a: Arceus|Judgment|p1a: It's a Shayme\n|-supereffective|p1a: It's a Shayme\n|-end|p1a: It's a Shayme|Substitute\n|\n|-damage|p2a: Arceus|47\/100|[from] Leech Seed|[of] p1a: It's a Shayme\n|-heal|p1a: It's a Shayme|55\/100|[silent]\n|upkeep\n|turn|19\n|\n|t:|1699038646\n|move|p1a: It's a Shayme|Air Slash|p2a: Arceus\n|-damage|p2a: Arceus|34\/100\n|cant|p2a: Arceus|flinch\n|\n|-damage|p2a: Arceus|21\/100|[from] Leech Seed|[of] p1a: It's a Shayme\n|-heal|p1a: It's a Shayme|68\/100|[silent]\n|upkeep\n|turn|20\n|\n|t:|1699038649\n|move|p1a: It's a Shayme|Air Slash|p2a: Arceus\n|-damage|p2a: Arceus|8\/100\n|move|p2a: Arceus|Recover|p2a: Arceus\n|-heal|p2a: Arceus|58\/100\n|\n|-damage|p2a: Arceus|46\/100|[from] Leech Seed|[of] p1a: It's a Shayme\n|-heal|p1a: It's a Shayme|82\/100|[silent]\n|upkeep\n|turn|21\n|\n|t:|1699038653\n|move|p1a: It's a Shayme|Air Slash|p2a: Arceus\n|-damage|p2a: Arceus|32\/100\n|move|p2a: Arceus|Judgment|p1a: It's a Shayme\n|-supereffective|p1a: It's a Shayme\n|-damage|p1a: It's a Shayme|0 fnt\n|faint|p1a: It's a Shayme\n|\n|upkeep\n|\n|t:|1699038668\n|switch|p1a: Zac King|Zacian|100\/100\n|-ability|p1a: Zac King|Intrepid Sword|boost\n|-boost|p1a: Zac King|atk|1\n|turn|22\n|\n|t:|1699038671\n|move|p1a: Zac King|Iron Head|p2a: Arceus\n|-damage|p2a: Arceus|0 fnt\n|faint|p2a: Arceus\n|\n|upkeep\n|\n|t:|1699038680\n|switch|p2a: Magearna|Magearna|100\/100\n|turn|23\n|\n|t:|1699038682\n|move|p1a: Zac King|Iron Head|p2a: Magearna\n|-damage|p2a: Magearna|55\/100\n|move|p2a: Magearna|Thunder Wave|p1a: Zac King\n|-status|p1a: Zac King|par\n|\n|-heal|p2a: Magearna|61\/100|[from] item: Leftovers\n|upkeep\n|turn|24\n|\n|t:|1699038694\n|switch|p2a: Milotic|Milotic, F, shiny|100\/100\n|move|p1a: Zac King|Iron Head|p2a: Milotic\n|-resisted|p2a: Milotic\n|-damage|p2a: Milotic|72\/100\n|\n|-heal|p2a: Milotic|78\/100|[from] item: Leftovers\n|upkeep\n|turn|25\n|\n|t:|1699038700\n|switch|p1a: Spiffy as Silver|Gholdengo|100\/100\n|move|p2a: Milotic|Haze|p2a: Milotic\n|-clearallboost\n|\n|-heal|p2a: Milotic|84\/100|[from] item: Leftovers\n|upkeep\n|turn|26\n|\n|t:|1699038710\n|move|p1a: Spiffy as Silver|Trick|p2a: Milotic\n|-activate|p1a: Spiffy as Silver|move: Trick|[of] p2a: Milotic\n|-item|p2a: Milotic|Choice Scarf|[from] move: Trick\n|-item|p1a: Spiffy as Silver|Leftovers|[from] move: Trick\n|move|p2a: Milotic|Scald|p1a: Spiffy as Silver\n|-damage|p1a: Spiffy as Silver|66\/100\n|\n|-heal|p1a: Spiffy as Silver|72\/100|[from] item: Leftovers\n|upkeep\n|turn|27\n|\n|t:|1699038718\n|switch|p2a: Mandibuzz|Mandibuzz, F, shiny|78\/100\n|switch|p1a: Kommo-OH NO|Kommo-o, M|100\/100\n|\n|upkeep\n|turn|28\n|\n|t:|1699038722\n|move|p1a: Kommo-OH NO|Clangorous Soul|p1a: Kommo-OH NO\n|-boost|p1a: Kommo-OH NO|atk|1\n|-boost|p1a: Kommo-OH NO|def|1\n|-boost|p1a: Kommo-OH NO|spa|1\n|-boost|p1a: Kommo-OH NO|spd|1\n|-boost|p1a: Kommo-OH NO|spe|1\n|-damage|p1a: Kommo-OH NO|68\/100\n|-enditem|p1a: Kommo-OH NO|Throat Spray\n|-boost|p1a: Kommo-OH NO|spa|1|[from] item: Throat Spray\n|move|p2a: Mandibuzz|Foul Play|p1a: Kommo-OH NO\n|-resisted|p1a: Kommo-OH NO\n|-damage|p1a: Kommo-OH NO|54\/100\n|\n|upkeep\n|turn|29\n|\n|t:|1699038729\n|-terastallize|p1a: Kommo-OH NO|Normal\n|move|p1a: Kommo-OH NO|Boomburst|p2a: Mandibuzz\n|-damage|p2a: Mandibuzz|0 fnt\n|faint|p2a: Mandibuzz\n|\n|upkeep\n|\n|t:|1699038733\n|switch|p2a: Milotic|Milotic, F, shiny|84\/100\n|turn|30\n|\n|t:|1699038738\n|move|p1a: Kommo-OH NO|Boomburst|p2a: Milotic\n|-damage|p2a: Milotic|10\/100\n|move|p2a: Milotic|Haze|p2a: Milotic\n|-clearallboost\n|\n|upkeep\n|turn|31\n|\n|t:|1699038747\n|move|p2a: Milotic|Haze|p2a: Milotic\n|-clearallboost\n|move|p1a: Kommo-OH NO|Boomburst|p2a: Milotic\n|-damage|p2a: Milotic|0 fnt\n|faint|p2a: Milotic\n|\n|upkeep\n|\n|t:|1699038749\n|switch|p2a: Zacian|Zacian|100\/100\n|-ability|p2a: Zacian|Intrepid Sword|boost\n|-boost|p2a: Zacian|atk|1\n|turn|32\n|\n|t:|1699038756\n|switch|p1a: Spiffy as Silver|Gholdengo|72\/100\n|move|p2a: Zacian|Play Rough|p1a: Spiffy as Silver\n|-resisted|p1a: Spiffy as Silver\n|-damage|p1a: Spiffy as Silver|19\/100\n|\n|-heal|p1a: Spiffy as Silver|25\/100|[from] item: Leftovers\n|upkeep\n|turn|33\n|\n|t:|1699038759\n|move|p2a: Zacian|Play Rough|p1a: Spiffy as Silver\n|-resisted|p1a: Spiffy as Silver\n|-damage|p1a: Spiffy as Silver|0 fnt\n|faint|p1a: Spiffy as Silver\n|\n|upkeep\n|\n|t:|1699038763\n|switch|p1a: Zac King|Zacian|100\/100 par\n|turn|34\n|\n|t:|1699038767\n|switch|p2a: Magearna|Magearna|61\/100\n|move|p1a: Zac King|Iron Head|p2a: Magearna\n|-crit|p2a: Magearna\n|-damage|p2a: Magearna|7\/100\n|\n|-heal|p2a: Magearna|13\/100|[from] item: Leftovers\n|upkeep\n|turn|35\n|\n|t:|1699038772\n|cant|p1a: Zac King|par\n|move|p2a: Magearna|Spikes|p1a: Zac King\n|-sidestart|p1: AlicieLizzie|Spikes\n|\n|-heal|p2a: Magearna|19\/100|[from] item: Leftovers\n|upkeep\n|turn|36\n|\n|t:|1699038774\n|move|p1a: Zac King|Iron Head|p2a: Magearna\n|-damage|p2a: Magearna|0 fnt\n|faint|p2a: Magearna\n|\n|upkeep\n|\n|t:|1699038776\n|switch|p2a: Zacian|Zacian|100\/100\n|turn|37\n|\n|t:|1699038780\n|move|p2a: Zacian|Play Rough|p1a: Zac King\n|-damage|p1a: Zac King|35\/100 par\n|move|p1a: Zac King|Iron Head|p2a: Zacian\n|-supereffective|p2a: Zacian\n|-damage|p2a: Zacian|30\/100\n|\n|upkeep\n|turn|38\n|\n|t:|1699038784\n|switch|p1a: path to womanhood|Espathra, M|99\/100\n|-damage|p1a: path to womanhood|86\/100|[from] Spikes\n|move|p2a: Zacian|Play Rough|p1a: path to womanhood\n|-damage|p1a: path to womanhood|0 fnt\n|faint|p1a: path to womanhood\n|\n|upkeep\n|\n|t:|1699038788\n|switch|p1a: Cycle Dryer|Cyclizar, F|84\/100\n|turn|39\n|\n|t:|1699038796\n|move|p2a: Zacian|Play Rough|p1a: Cycle Dryer\n|-supereffective|p1a: Cycle Dryer\n|-damage|p1a: Cycle Dryer|0 fnt\n|faint|p1a: Cycle Dryer\n|\n|upkeep\n|c|\u2606AlicieLizzie|I think this is it\n|\n|t:|1699038819\n|switch|p1a: Zac King|Zacian|35\/100 par\n|-damage|p1a: Zac King|22\/100 par|[from] Spikes\n|turn|40\n|\n|t:|1699038821\n|move|p2a: Zacian|Play Rough|p1a: Zac King\n|-damage|p1a: Zac King|0 fnt\n|faint|p1a: Zac King\n|\n|upkeep\n|\n|t:|1699038823\n|switch|p1a: Kommo-OH NO|Kommo-o, M, tera:Normal|54\/100\n|-damage|p1a: Kommo-OH NO|42\/100|[from] Spikes\n|turn|41\n|\n|t:|1699038824\n|move|p2a: Zacian|Play Rough|p1a: Kommo-OH NO\n|-damage|p1a: Kommo-OH NO|0 fnt\n|faint|p1a: Kommo-OH NO\n|\n|win|LadyMaria-Blue\n|c|\u2606LadyMaria-Blue|ggs\n|c|\u2606AlicieLizzie|gg\n","uploadtime":1699038832,"views":14,"p1id":"alicielizzie","p2id":"ladymariablue","formatid":"gen9ubers","rating":0,"private":0,"password":""}