{"id":"gen9ubers-1982811700","p1":"hatev2","p2":"justinrockin","format":"[Gen 9] Ubers","log":"|j|\u2606hatev2\n|j|\u2606justinrockin\n|t:|1699047242\n|gametype|singles\n|player|p1|hatev2|hiker-gen4|\n|player|p2|justinrockin|266|\n|teamsize|p1|6\n|teamsize|p2|6\n|gen|9\n|tier|[Gen 9] Ubers\n|rule|Sleep Clause Mod: Limit one foe put to sleep\n|rule|Species Clause: Limit one of each Pok\u00e9mon\n|rule|OHKO Clause: OHKO moves are banned\n|rule|Evasion Items Clause: Evasion items are banned\n|rule|Evasion Moves Clause: Evasion moves are banned\n|rule|Endless Battle Clause: Forcing endless battles is banned\n|rule|HP Percentage Mod: HP is shown in percentages\n|clearpoke\n|poke|p1|Dragapult, M|\n|poke|p1|Enamorus, F|\n|poke|p1|Iron Treads|\n|poke|p1|Ceruledge, M|\n|poke|p1|Toxapex, M|\n|poke|p1|Glaceon, M|\n|poke|p2|Regieleki|\n|poke|p2|Gengar, F|\n|poke|p2|Greninja-*, M|\n|poke|p2|Landorus-Therian, M|\n|poke|p2|Lycanroc-Dusk, M|\n|poke|p2|Volcarona, M|\n|teampreview\n|\n|t:|1699047254\n|start\n|switch|p1a: Glaceon|Glaceon, M|100\/100\n|switch|p2a: Gengar|Gengar, F|100\/100\n|turn|1\n|c|\u2606hatev2|thanks again\n|j| KaoVT\n|c|\u2606hatev2|yea i looked at my calc and went hold on a second\n|c|\u2606hatev2|this doesnt make sense\n|j| Manatsu\n|\n|t:|1699047516\n|-terastallize|p1a: Glaceon|Fairy\n|move|p2a: Gengar|Shadow Ball|p1a: Glaceon\n|-damage|p1a: Glaceon|44\/100\n|move|p1a: Glaceon|Shadow Ball|p2a: Gengar\n|-supereffective|p2a: Gengar\n|-damage|p2a: Gengar|8\/100\n|-unboost|p2a: Gengar|spd|1\n|\n|upkeep\n|turn|2\n|j| Yveltql\n|\n|t:|1699047537\n|switch|p1a: Toxapex|Toxapex, M|100\/100\n|move|p2a: Gengar|Shadow Ball|p1a: Toxapex\n|-damage|p1a: Toxapex|63\/100\n|\n|-heal|p1a: Toxapex|69\/100|[from] item: Black Sludge\n|upkeep\n|turn|3\n|\n|t:|1699047604\n|switch|p2a: Regieleki|Regieleki|100\/100\n|move|p1a: Toxapex|Chilling Water|p2a: Regieleki\n|-damage|p2a: Regieleki|83\/100\n|-unboost|p2a: Regieleki|atk|1\n|\n|-heal|p1a: Toxapex|75\/100|[from] item: Black Sludge\n|upkeep\n|turn|4\n|\n|t:|1699047615\n|switch|p1a: Iron Treads|Iron Treads|100\/100\n|-enditem|p1a: Iron Treads|Booster Energy\n|-activate|p1a: Iron Treads|ability: Quark Drive|[fromitem]\n|-start|p1a: Iron Treads|quarkdrivespe\n|move|p2a: Regieleki|Reflect|p2a: Regieleki\n|-sidestart|p2: justinrockin|Reflect\n|\n|upkeep\n|turn|5\n|\n|t:|1699047634\n|move|p2a: Regieleki|Light Screen|p2a: Regieleki\n|-sidestart|p2: justinrockin|move: Light Screen\n|move|p1a: Iron Treads|Earthquake|p2a: Regieleki\n|-supereffective|p2a: Regieleki\n|-damage|p2a: Regieleki|0 fnt\n|faint|p2a: Regieleki\n|\n|upkeep\n|\n|t:|1699047655\n|switch|p2a: Landorus|Landorus-Therian, M|100\/100\n|-ability|p2a: Landorus|Intimidate|boost\n|-unboost|p1a: Iron Treads|atk|1\n|turn|6\n|\n|t:|1699047704\n|-end|p1a: Iron Treads|Quark Drive|[silent]\n|switch|p1a: Ceruledge|Ceruledge, M|100\/100\n|move|p2a: Landorus|U-turn|p1a: Ceruledge\n|-resisted|p1a: Ceruledge\n|-damage|p1a: Ceruledge|93\/100\n|\n|t:|1699047735\n|switch|p2a: Lycanroc|Lycanroc-Dusk, M|100\/100|[from] U-turn\n|\n|upkeep\n|turn|7\n|\n|t:|1699047794\n|switch|p1a: Toxapex|Toxapex, M|100\/100\n|move|p2a: Lycanroc|Crunch|p1a: Toxapex\n|-damage|p1a: Toxapex|68\/100\n|-unboost|p1a: Toxapex|def|1\n|\n|-heal|p1a: Toxapex|74\/100|[from] item: Black Sludge\n|upkeep\n|turn|8\n|\n|t:|1699047801\n|move|p1a: Toxapex|Baneful Bunker|p1a: Toxapex\n|-singleturn|p1a: Toxapex|move: Protect\n|move|p2a: Lycanroc|Crunch|p1a: Toxapex\n|-activate|p1a: Toxapex|move: Protect\n|-status|p2a: Lycanroc|psn\n|\n|-heal|p1a: Toxapex|80\/100|[from] item: Black Sludge\n|-damage|p2a: Lycanroc|88\/100 psn|[from] psn\n|upkeep\n|turn|9\n|\n|t:|1699047931\n|switch|p2a: Landorus|Landorus-Therian, M|100\/100\n|-ability|p2a: Landorus|Intimidate|boost\n|-unboost|p1a: Toxapex|atk|1\n|move|p1a: Toxapex|Recover|p1a: Toxapex\n|-heal|p1a: Toxapex|100\/100\n|\n|upkeep\n|turn|10\n|\n|t:|1699047956\n|switch|p1a: Enamorus|Enamorus, F|100\/100\n|move|p2a: Landorus|Stealth Rock|p1a: Enamorus\n|-sidestart|p1: hatev2|move: Stealth Rock\n|\n|upkeep\n|turn|11\n|\n|t:|1699047981\n|move|p1a: Enamorus|Tailwind|p1a: Enamorus\n|-sidestart|p1: hatev2|move: Tailwind\n|move|p2a: Landorus|Stone Edge|p1a: Enamorus\n|-supereffective|p1a: Enamorus\n|-crit|p1a: Enamorus\n|-damage|p1a: Enamorus|0 fnt\n|faint|p1a: Enamorus\n|\n|-sideend|p2: justinrockin|Reflect\n|upkeep\n|j| Scottowo\n|\n|t:|1699048001\n|switch|p1a: Glaceon|Glaceon, M, tera:Fairy|44\/100\n|-damage|p1a: Glaceon|32\/100|[from] Stealth Rock\n|turn|12\n|\n|t:|1699048061\n|switch|p2a: Lycanroc|Lycanroc-Dusk, M|88\/100 psn\n|move|p1a: Glaceon|Ice Beam|p2a: Lycanroc\n|-damage|p2a: Lycanroc|50\/100 psn\n|\n|-damage|p2a: Lycanroc|37\/100 psn|[from] psn\n|-sideend|p2: justinrockin|move: Light Screen\n|upkeep\n|turn|13\n|\n|t:|1699048079\n|switch|p1a: Toxapex|Toxapex, M|100\/100\n|-damage|p1a: Toxapex|88\/100|[from] Stealth Rock\n|move|p2a: Lycanroc|Accelerock|p1a: Toxapex\n|-damage|p1a: Toxapex|66\/100\n|\n|-heal|p1a: Toxapex|72\/100|[from] item: Black Sludge\n|-damage|p2a: Lycanroc|25\/100 psn|[from] psn\n|upkeep\n|turn|14\n|\n|t:|1699048103\n|switch|p2a: Landorus|Landorus-Therian, M|100\/100\n|-ability|p2a: Landorus|Intimidate|boost\n|-unboost|p1a: Toxapex|atk|1\n|move|p1a: Toxapex|Chilling Water|p2a: Landorus\n|-supereffective|p2a: Landorus\n|-damage|p2a: Landorus|80\/100\n|-unboost|p2a: Landorus|atk|1\n|\n|-heal|p2a: Landorus|86\/100|[from] item: Leftovers\n|-heal|p1a: Toxapex|78\/100|[from] item: Black Sludge\n|-sideend|p1: hatev2|move: Tailwind\n|upkeep\n|turn|15\n|\n|t:|1699048120\n|move|p1a: Toxapex|Baneful Bunker|p1a: Toxapex\n|-singleturn|p1a: Toxapex|move: Protect\n|move|p2a: Landorus|Earthquake|p1a: Toxapex\n|-activate|p1a: Toxapex|move: Protect\n|\n|-heal|p2a: Landorus|92\/100|[from] item: Leftovers\n|-heal|p1a: Toxapex|85\/100|[from] item: Black Sludge\n|upkeep\n|turn|16\n|j| xegrizzy\n|\n|t:|1699048135\n|move|p2a: Landorus|Earthquake|p1a: Toxapex\n|-supereffective|p1a: Toxapex\n|-damage|p1a: Toxapex|49\/100\n|move|p1a: Toxapex|Toxic|p2a: Landorus\n|-status|p2a: Landorus|tox\n|\n|-heal|p2a: Landorus|98\/100 tox|[from] item: Leftovers\n|-heal|p1a: Toxapex|55\/100|[from] item: Black Sludge\n|-damage|p2a: Landorus|92\/100 tox|[from] psn\n|upkeep\n|turn|17\n|\n|t:|1699048143\n|switch|p2a: Volcarona|Volcarona, M|100\/100\n|move|p1a: Toxapex|Chilling Water|p2a: Volcarona\n|-supereffective|p2a: Volcarona\n|-damage|p2a: Volcarona|79\/100\n|-unboost|p2a: Volcarona|atk|1\n|\n|-heal|p1a: Toxapex|61\/100|[from] item: Black Sludge\n|upkeep\n|turn|18\n|\n|t:|1699048153\n|move|p2a: Volcarona|Substitute|p2a: Volcarona\n|-start|p2a: Volcarona|Substitute\n|-damage|p2a: Volcarona|54\/100\n|move|p1a: Toxapex|Toxic||[still]\n|-fail|p1a: Toxapex\n|\n|-heal|p1a: Toxapex|67\/100|[from] item: Black Sludge\n|upkeep\n|turn|19\n|\n|t:|1699048167\n|switch|p1a: Ceruledge|Ceruledge, M|93\/100\n|move|p2a: Volcarona|Quiver Dance|p2a: Volcarona\n|-boost|p2a: Volcarona|spa|1\n|-boost|p2a: Volcarona|spd|1\n|-boost|p2a: Volcarona|spe|1\n|\n|upkeep\n|turn|20\n|j| DivogoJota\n|\n|t:|1699048229\n|move|p2a: Volcarona|Psychic|p1a: Ceruledge\n|-damage|p1a: Ceruledge|31\/100\n|move|p1a: Ceruledge|Swords Dance|p1a: Ceruledge\n|-boost|p1a: Ceruledge|atk|2\n|\n|upkeep\n|turn|21\n|\n|t:|1699048286\n|move|p1a: Ceruledge|Shadow Sneak|p2a: Volcarona\n|-end|p2a: Volcarona|Substitute\n|move|p2a: Volcarona|Quiver Dance|p2a: Volcarona\n|-boost|p2a: Volcarona|spa|1\n|-boost|p2a: Volcarona|spd|1\n|-boost|p2a: Volcarona|spe|1\n|\n|upkeep\n|turn|22\n|\n|t:|1699048295\n|move|p1a: Ceruledge|Shadow Sneak|p2a: Volcarona\n|-damage|p2a: Volcarona|0 fnt\n|faint|p2a: Volcarona\n|\n|upkeep\n|\n|t:|1699048299\n|switch|p2a: Landorus|Landorus-Therian, M|92\/100 tox\n|-ability|p2a: Landorus|Intimidate|boost\n|-unboost|p1a: Ceruledge|atk|1\n|turn|23\n|c| DivogoJota|Turn 20 and 21\n|\n|t:|1699048314\n|move|p1a: Ceruledge|Shadow Sneak|p2a: Landorus\n|-damage|p2a: Landorus|70\/100 tox\n|move|p2a: Landorus|Earthquake|p1a: Ceruledge\n|-supereffective|p1a: Ceruledge\n|-damage|p1a: Ceruledge|0 fnt\n|faint|p1a: Ceruledge\n|\n|-heal|p2a: Landorus|76\/100 tox|[from] item: Leftovers\n|-damage|p2a: Landorus|70\/100 tox|[from] psn\n|upkeep\n|c| DivogoJota|was like a game of catch\n|c|\u2606justinrockin|i have an illness\n|\n|t:|1699048327\n|switch|p1a: Toxapex|Toxapex, M|100\/100\n|-damage|p1a: Toxapex|88\/100|[from] Stealth Rock\n|turn|24\n|\n|t:|1699048469\n|move|p1a: Toxapex|Baneful Bunker|p1a: Toxapex\n|-singleturn|p1a: Toxapex|move: Protect\n|move|p2a: Landorus|Earthquake|p1a: Toxapex\n|-activate|p1a: Toxapex|move: Protect\n|\n|-heal|p2a: Landorus|76\/100 tox|[from] item: Leftovers\n|-heal|p1a: Toxapex|94\/100|[from] item: Black Sludge\n|-damage|p2a: Landorus|64\/100 tox|[from] psn\n|upkeep\n|turn|25\n|\n|t:|1699048476\n|move|p2a: Landorus|Earthquake|p1a: Toxapex\n|-supereffective|p1a: Toxapex\n|-damage|p1a: Toxapex|38\/100\n|move|p1a: Toxapex|Chilling Water|p2a: Landorus\n|-supereffective|p2a: Landorus\n|-damage|p2a: Landorus|43\/100 tox\n|-unboost|p2a: Landorus|atk|1\n|\n|-heal|p2a: Landorus|49\/100 tox|[from] item: Leftovers\n|-heal|p1a: Toxapex|45\/100|[from] item: Black Sludge\n|-damage|p2a: Landorus|31\/100 tox|[from] psn\n|upkeep\n|turn|26\n|\n|t:|1699048488\n|switch|p2a: Lycanroc|Lycanroc-Dusk, M|25\/100 psn\n|move|p1a: Toxapex|Baneful Bunker||[still]\n|-fail|p1a: Toxapex\n|\n|-heal|p1a: Toxapex|51\/100|[from] item: Black Sludge\n|-damage|p2a: Lycanroc|13\/100 psn|[from] psn\n|upkeep\n|turn|27\n|\n|t:|1699048498\n|move|p1a: Toxapex|Baneful Bunker|p1a: Toxapex\n|-singleturn|p1a: Toxapex|move: Protect\n|move|p2a: Lycanroc|Psychic Fangs|p1a: Toxapex\n|-activate|p1a: Toxapex|move: Protect\n|\n|-heal|p1a: Toxapex|57\/100|[from] item: Black Sludge\n|-damage|p2a: Lycanroc|0 fnt|[from] psn\n|faint|p2a: Lycanroc\n|upkeep\n|\n|t:|1699048502\n|switch|p2a: Landorus|Landorus-Therian, M|31\/100 tox\n|-ability|p2a: Landorus|Intimidate|boost\n|-unboost|p1a: Toxapex|atk|1\n|turn|28\n|\n|t:|1699048521\n|switch|p1a: Glaceon|Glaceon, M, tera:Fairy|32\/100\n|-damage|p1a: Glaceon|20\/100|[from] Stealth Rock\n|move|p2a: Landorus|Earthquake|p1a: Glaceon\n|-damage|p1a: Glaceon|0 fnt\n|faint|p1a: Glaceon\n|\n|-heal|p2a: Landorus|37\/100 tox|[from] item: Leftovers\n|-damage|p2a: Landorus|31\/100 tox|[from] psn\n|upkeep\n|\n|t:|1699048530\n|switch|p1a: Iron Treads|Iron Treads|100\/100\n|-damage|p1a: Iron Treads|97\/100|[from] Stealth Rock\n|turn|29\n|\n|t:|1699048536\n|move|p1a: Iron Treads|Rapid Spin|p2a: Landorus\n|-damage|p2a: Landorus|20\/100 tox\n|-boost|p1a: Iron Treads|spe|1\n|-sideend|p1: hatev2|Stealth Rock|[from] move: Rapid Spin|[of] p1a: Iron Treads\n|move|p2a: Landorus|Earthquake|p1a: Iron Treads\n|-supereffective|p1a: Iron Treads\n|-damage|p1a: Iron Treads|5\/100\n|\n|-heal|p2a: Landorus|26\/100 tox|[from] item: Leftovers\n|-damage|p2a: Landorus|14\/100 tox|[from] psn\n|upkeep\n|turn|30\n|\n|t:|1699048548\n|move|p1a: Iron Treads|Knock Off|p2a: Landorus\n|-damage|p2a: Landorus|0 fnt\n|-enditem|p2a: Landorus|Leftovers|[from] move: Knock Off|[of] p1a: Iron Treads\n|faint|p2a: Landorus\n|\n|upkeep\n|\n|t:|1699048558\n|switch|p2a: Gengar|Gengar, F|8\/100\n|turn|31\n|j| iceberg149\n|\n|t:|1699048572\n|move|p2a: Gengar|Shadow Ball|p1a: Iron Treads\n|-crit|p1a: Iron Treads\n|-damage|p1a: Iron Treads|0 fnt\n|faint|p1a: Iron Treads\n|-end|p1a: Iron Treads|Quark Drive|[silent]\n|\n|upkeep\n|c| KaoVT|HUGE CRIT\n|\n|t:|1699048583\n|switch|p1a: Toxapex|Toxapex, M|90\/100\n|turn|32\n|\n|t:|1699048594\n|move|p1a: Toxapex|Baneful Bunker|p1a: Toxapex\n|-singleturn|p1a: Toxapex|move: Protect\n|move|p2a: Gengar|Shadow Ball|p1a: Toxapex\n|-activate|p1a: Toxapex|move: Protect\n|\n|-heal|p1a: Toxapex|97\/100|[from] item: Black Sludge\n|upkeep\n|turn|33\n|\n|t:|1699048597\n|move|p2a: Gengar|Shadow Ball|p1a: Toxapex\n|-damage|p1a: Toxapex|61\/100\n|move|p1a: Toxapex|Chilling Water|p2a: Gengar\n|-damage|p2a: Gengar|0 fnt\n|faint|p2a: Gengar\n|\n|-heal|p1a: Toxapex|67\/100|[from] item: Black Sludge\n|upkeep\n|\n|t:|1699048599\n|switch|p2a: Greninja|Greninja, M|100\/100\n|turn|34\n|\n|t:|1699048605\n|move|p2a: Greninja|Dark Pulse|p1a: Toxapex\n|-damage|p1a: Toxapex|26\/100\n|-damage|p2a: Greninja|91\/100|[from] item: Life Orb\n|cant|p1a: Toxapex|flinch\n|\n|-heal|p1a: Toxapex|32\/100|[from] item: Black Sludge\n|upkeep\n|turn|35\n|\n|t:|1699048613\n|move|p1a: Toxapex|Baneful Bunker|p1a: Toxapex\n|-singleturn|p1a: Toxapex|move: Protect\n|move|p2a: Greninja|Dark Pulse|p1a: Toxapex\n|-activate|p1a: Toxapex|move: Protect\n|\n|-heal|p1a: Toxapex|38\/100|[from] item: Black Sludge\n|upkeep\n|turn|36\n|\n|t:|1699048626\n|switch|p1a: Dragapult|Dragapult, M|100\/100\n|move|p2a: Greninja|Dark Pulse|p1a: Dragapult\n|-supereffective|p1a: Dragapult\n|-crit|p1a: Dragapult\n|-damage|p1a: Dragapult|0 fnt\n|faint|p1a: Dragapult\n|-ability|p2a: Greninja|Battle Bond|boost\n|-boost|p2a: Greninja|atk|1\n|-boost|p2a: Greninja|spa|1\n|-boost|p2a: Greninja|spe|1\n|-activate|p2a: Greninja|ability: Battle Bond\n|-damage|p2a: Greninja|81\/100|[from] item: Life Orb\n|\n|upkeep\n|\n|t:|1699048630\n|switch|p1a: Toxapex|Toxapex, M|72\/100\n|turn|37\n|\n|t:|1699048634\n|move|p1a: Toxapex|Baneful Bunker|p1a: Toxapex\n|-singleturn|p1a: Toxapex|move: Protect\n|move|p2a: Greninja|Dark Pulse|p1a: Toxapex\n|-activate|p1a: Toxapex|move: Protect\n|\n|-heal|p1a: Toxapex|78\/100|[from] item: Black Sludge\n|upkeep\n|turn|38\n|\n|t:|1699048636\n|move|p2a: Greninja|Dark Pulse|p1a: Toxapex\n|-damage|p1a: Toxapex|24\/100\n|-damage|p2a: Greninja|71\/100|[from] item: Life Orb\n|move|p1a: Toxapex|Toxic|p2a: Greninja\n|-status|p2a: Greninja|tox\n|\n|-heal|p1a: Toxapex|30\/100|[from] item: Black Sludge\n|-damage|p2a: Greninja|65\/100 tox|[from] psn\n|upkeep\n|turn|39\n|\n|t:|1699048640\n|move|p1a: Toxapex|Baneful Bunker|p1a: Toxapex\n|-singleturn|p1a: Toxapex|move: Protect\n|move|p2a: Greninja|Dark Pulse|p1a: Toxapex\n|-activate|p1a: Toxapex|move: Protect\n|\n|-heal|p1a: Toxapex|36\/100|[from] item: Black Sludge\n|-damage|p2a: Greninja|53\/100 tox|[from] psn\n|upkeep\n|turn|40\n|\n|t:|1699048643\n|move|p2a: Greninja|Dark Pulse|p1a: Toxapex\n|-damage|p1a: Toxapex|0 fnt\n|faint|p1a: Toxapex\n|-damage|p2a: Greninja|43\/100 tox|[from] item: Life Orb\n|\n|win|justinrockin\n|c|\u2606hatev2|gg\n|c|\u2606justinrockin|were you not scarfed\n|c| DivogoJota|\u26be\ufe0f\n|c| DivogoJota|Gg\n|c|\u2606hatev2|pult was scarfed but didnt kill\n|c|\u2606justinrockin|not from 80?\n|c|\u2606hatev2|nope\n|c|\u2606hatev2|73 tops\n|c| DivogoJota|Dang\n|c|\u2606justinrockin|ah ok\n|l| Yveltql\n|c|\u2606justinrockin|personally i just hope for the crit\n|l| xegrizzy\n|l| iceberg149\n|c| DivogoJota|^\n|l| DivogoJota\n|l| Scottowo\n|l|\u2606hatev2\n|j|\u2606hatev2\n|player|p1|hatev2|hiker-gen4\n","uploadtime":1699048702,"views":40,"p1id":"hatev2","p2id":"justinrockin","formatid":"gen9ubers","rating":0,"private":0,"password":""}