{"id":"gen9ubers-1986726005","p1":"Noobster237","p2":"Bad4U","format":"[Gen 9] Ubers","log":"|j|\u2606Noobster237\n|j|\u2606Bad4U\n|t:|1699514901\n|gametype|singles\n|player|p1|Noobster237|1|1106\n|player|p2|Bad4U|102|1133\n|teamsize|p1|6\n|teamsize|p2|6\n|gen|9\n|tier|[Gen 9] Ubers\n|rated|\n|rule|Sleep Clause Mod: Limit one foe put to sleep\n|rule|Species Clause: Limit one of each Pok\u00e9mon\n|rule|OHKO Clause: OHKO moves are banned\n|rule|Evasion Items Clause: Evasion items are banned\n|rule|Evasion Moves Clause: Evasion moves are banned\n|rule|Endless Battle Clause: Forcing endless battles is banned\n|rule|HP Percentage Mod: HP is shown in percentages\n|clearpoke\n|poke|p1|Dialga|\n|poke|p1|Groudon|\n|poke|p1|Hatterene, F|\n|poke|p1|Ariados, M|\n|poke|p1|Zapdos|\n|poke|p1|Eternatus|\n|poke|p2|Chien-Pao|\n|poke|p2|Miraidon|\n|poke|p2|Palafin, F|\n|poke|p2|Volcarona, M|\n|poke|p2|Zacian-*|\n|poke|p2|Arceus-Ground|\n|teampreview\n|\n|t:|1699514909\n|start\n|switch|p1a: Ariados|Ariados, M|100\/100\n|switch|p2a: Palafin|Palafin, F|100\/100\n|turn|1\n|\n|t:|1699514916\n|move|p2a: Palafin|Flip Turn|p1a: Ariados\n|-crit|p1a: Ariados\n|-damage|p1a: Ariados|39\/100\n|-damage|p2a: Palafin|91\/100|[from] item: Life Orb\n|\n|t:|1699514923\n|detailschange|p2a: Palafin|Palafin-Hero, F\n|switch|p2a: Volcarona|Volcarona, M|100\/100|[from] Flip Turn\n|move|p1a: Ariados|Sticky Web|p2a: Volcarona\n|-sidestart|p2: Bad4U|move: Sticky Web\n|\n|upkeep\n|turn|2\n|\n|t:|1699514930\n|move|p2a: Volcarona|Quiver Dance|p2a: Volcarona\n|-boost|p2a: Volcarona|spa|1\n|-boost|p2a: Volcarona|spd|1\n|-boost|p2a: Volcarona|spe|1\n|move|p1a: Ariados|Toxic Thread|p2a: Volcarona\n|-unboost|p2a: Volcarona|spe|1\n|-status|p2a: Volcarona|psn\n|\n|-damage|p2a: Volcarona|88\/100 psn|[from] psn\n|upkeep\n|turn|3\n|\n|t:|1699514939\n|move|p2a: Volcarona|Fiery Dance|p1a: Ariados\n|-supereffective|p1a: Ariados\n|-damage|p1a: Ariados|0 fnt\n|-boost|p2a: Volcarona|spa|1\n|faint|p1a: Ariados\n|\n|-damage|p2a: Volcarona|76\/100 psn|[from] psn\n|upkeep\n|\n|t:|1699514947\n|switch|p1a: Groudon|Groudon|100\/100\n|-weather|SunnyDay|[from] ability: Drought|[of] p1a: Groudon\n|turn|4\n|\n|t:|1699514954\n|move|p2a: Volcarona|Giga Drain|p1a: Groudon\n|-supereffective|p1a: Groudon\n|-damage|p1a: Groudon|0 fnt\n|-heal|p2a: Volcarona|100\/100 psn|[from] drain|[of] p1a: Groudon\n|faint|p1a: Groudon\n|\n|-weather|SunnyDay|[upkeep]\n|-damage|p2a: Volcarona|88\/100 psn|[from] psn\n|upkeep\n|inactive|Battle timer is ON: inactive players will automatically lose when time's up. (requested by Bad4U)\n|\n|t:|1699514983\n|switch|p1a: Eternatus|Eternatus|100\/100\n|-ability|p1a: Eternatus|Pressure\n|turn|5\n|\n|t:|1699514990\n|move|p1a: Eternatus|Dynamax Cannon|p2a: Volcarona\n|-crit|p2a: Volcarona\n|-damage|p2a: Volcarona|18\/100 psn\n|move|p2a: Volcarona|Fiery Dance|p1a: Eternatus\n|-resisted|p1a: Eternatus\n|-damage|p1a: Eternatus|55\/100\n|\n|-weather|SunnyDay|[upkeep]\n|-damage|p2a: Volcarona|5\/100 psn|[from] psn\n|upkeep\n|turn|6\n|\n|t:|1699514998\n|move|p1a: Eternatus|Recover|p1a: Eternatus\n|-heal|p1a: Eternatus|100\/100\n|move|p2a: Volcarona|Fiery Dance|p1a: Eternatus\n|-resisted|p1a: Eternatus\n|-damage|p1a: Eternatus|52\/100\n|\n|-weather|SunnyDay|[upkeep]\n|-damage|p2a: Volcarona|0 fnt|[from] psn\n|faint|p2a: Volcarona\n|upkeep\n|\n|t:|1699515009\n|switch|p2a: Chien-Pao|Chien-Pao|100\/100\n|-activate|p2a: Chien-Pao|move: Sticky Web\n|-unboost|p2a: Chien-Pao|spe|1\n|-ability|p2a: Chien-Pao|Sword of Ruin\n|turn|7\n|\n|t:|1699515017\n|move|p1a: Eternatus|Flamethrower|p2a: Chien-Pao\n|-supereffective|p2a: Chien-Pao\n|-damage|p2a: Chien-Pao|10\/100\n|move|p2a: Chien-Pao|Ice Spinner|p1a: Eternatus\n|-supereffective|p1a: Eternatus\n|-damage|p1a: Eternatus|0 fnt\n|faint|p1a: Eternatus\n|\n|-weather|SunnyDay|[upkeep]\n|upkeep\n|\n|t:|1699515025\n|switch|p1a: Zapdos|Zapdos|100\/100\n|turn|8\n|\n|t:|1699515030\n|move|p2a: Chien-Pao|Ice Shard|p1a: Zapdos\n|-supereffective|p1a: Zapdos\n|-damage|p1a: Zapdos|31\/100\n|move|p1a: Zapdos|Thunderbolt|p2a: Chien-Pao\n|-damage|p2a: Chien-Pao|0 fnt\n|faint|p2a: Chien-Pao\n|\n|-weather|none\n|upkeep\n|\n|t:|1699515037\n|switch|p2a: Palafin|Palafin-Hero, F|91\/100\n|-activate|p2a: Palafin|move: Sticky Web\n|-unboost|p2a: Palafin|spe|1\n|-activate|p2a: Palafin|ability: Zero to Hero\n|turn|9\n|\n|t:|1699515043\n|move|p2a: Palafin|Jet Punch|p1a: Zapdos\n|-damage|p1a: Zapdos|0 fnt\n|-status|p2a: Palafin|par|[from] ability: Static|[of] p1a: Zapdos\n|faint|p1a: Zapdos\n|-damage|p2a: Palafin|81\/100 par|[from] item: Life Orb\n|\n|upkeep\n|\n|t:|1699515049\n|switch|p1a: Hatterene|Hatterene, F|100\/100\n|turn|10\n|n|!Noobster237|noobster237\n|inactive|Noobster237 has 120 seconds left.\n|-message|Noobster237 forfeited.\n|\n|win|Bad4U\n|raw|Noobster237's rating: 1106 &rarr; <strong>1083<\/strong><br \/>(-23 for losing)\n|raw|Bad4U's rating: 1133 &rarr; <strong>1156<\/strong><br \/>(+23 for winning)\n","uploadtime":1699515067,"views":5,"p1id":"noobster237","p2id":"bad4u","formatid":"gen9ubers","rating":1083,"private":0,"password":""}