{"id":"gen9ubers-1980291752","p1":"N-Zoroark stan","p2":"Dragon Master Rosa","format":"[Gen 9] Ubers","log":"|j|\u2606N-Zoroark stan\n|j|\u2606Dragon Master Rosa\n|t:|1698772855\n|gametype|singles\n|player|p1|N-Zoroark stan|riley|\n|player|p2|Dragon Master Rosa|dragontamer-gen9|\n|teamsize|p1|6\n|teamsize|p2|6\n|gen|9\n|tier|[Gen 9] Ubers\n|rule|Sleep Clause Mod: Limit one foe put to sleep\n|rule|Species Clause: Limit one of each Pok\u00e9mon\n|rule|OHKO Clause: OHKO moves are banned\n|rule|Evasion Items Clause: Evasion items are banned\n|rule|Evasion Moves Clause: Evasion moves are banned\n|rule|Endless Battle Clause: Forcing endless battles is banned\n|rule|HP Percentage Mod: HP is shown in percentages\n|clearpoke\n|poke|p1|Zoroark-Hisui, M|\n|poke|p1|Toedscruel, M|\n|poke|p1|Blissey, F|\n|poke|p1|Palafin, F|\n|poke|p1|Slowking-Galar, F|\n|poke|p1|Infernape, M|\n|poke|p2|Infernape, F|\n|poke|p2|Landorus-Therian, M|\n|poke|p2|Palafin, M|\n|poke|p2|Slowking-Galar, F|\n|poke|p2|Toedscruel, F|\n|poke|p2|Empoleon, M|\n|teampreview\n|inactive|Battle timer is ON: inactive players will automatically lose when time's up. (requested by N-Zoroark stan)\n|c|\u2606N-Zoroark stan|glhf\n|c|\u2606Dragon Master Rosa|glhf\n|inactive|Dragon Master Rosa has 270 seconds left.\n|\n|t:|1698772899\n|start\n|switch|p1a: Palafin|Palafin, F|100\/100\n|switch|p2a: Palafin|Palafin, M|100\/100\n|turn|1\n|\n|t:|1698772921\n|detailschange|p1a: Palafin|Palafin-Hero, F\n|switch|p1a: Slowking|Slowking-Galar, F|100\/100\n|detailschange|p2a: Palafin|Palafin-Hero, M\n|switch|p2a: Landorus|Landorus-Therian, M|100\/100\n|-ability|p2a: Landorus|Intimidate|boost\n|-unboost|p1a: Slowking|atk|1\n|\n|upkeep\n|turn|2\n|\n|t:|1698772926\n|move|p2a: Landorus|Earth Power|p1a: Slowking\n|-supereffective|p1a: Slowking\n|-damage|p1a: Slowking|24\/100\n|move|p1a: Slowking|Chilly Reception|p1a: Slowking\n|-weather|Snow\n|\n|t:|1698772929\n|switch|p1a: Palafin|Palafin-Hero, F|100\/100|[from] Chilly Reception\n|-activate|p1a: Palafin|ability: Zero to Hero\n|\n|-weather|Snow|[upkeep]\n|upkeep\n|turn|3\n|\n|t:|1698772934\n|switch|p2a: Empoleon|Empoleon, M|100\/100\n|move|p1a: Palafin|Ice Beam|p2a: Empoleon\n|-resisted|p2a: Empoleon\n|-damage|p2a: Empoleon|94\/100\n|\n|-weather|Snow|[upkeep]\n|-heal|p2a: Empoleon|99\/100|[from] item: Leftovers\n|upkeep\n|turn|4\n|\n|t:|1698772941\n|switch|p1a: Blissey|Blissey, F|100\/100\n|move|p2a: Empoleon|Stealth Rock|p1a: Blissey\n|-sidestart|p1: N-Zoroark stan|move: Stealth Rock\n|\n|-weather|Snow|[upkeep]\n|-heal|p2a: Empoleon|100\/100|[from] item: Leftovers\n|upkeep\n|turn|5\n|\n|t:|1698772948\n|move|p2a: Empoleon|Flip Turn|p1a: Blissey\n|-damage|p1a: Blissey|83\/100\n|\n|t:|1698772950\n|switch|p2a: Landorus|Landorus-Therian, M|100\/100|[from] Flip Turn\n|-ability|p2a: Landorus|Intimidate|boost\n|-unboost|p1a: Blissey|atk|1\n|move|p1a: Blissey|Stealth Rock|p2a: Landorus\n|-sidestart|p2: Dragon Master Rosa|move: Stealth Rock\n|\n|-weather|Snow|[upkeep]\n|upkeep\n|turn|6\n|\n|t:|1698772954\n|move|p2a: Landorus|Nasty Plot|p2a: Landorus\n|-boost|p2a: Landorus|spa|2\n|move|p1a: Blissey|Seismic Toss|p2a: Landorus\n|-damage|p2a: Landorus|74\/100\n|\n|-weather|none\n|-heal|p2a: Landorus|80\/100|[from] item: Leftovers\n|upkeep\n|turn|7\n|\n|t:|1698772959\n|switch|p1a: Palafin|Palafin-Hero, F|100\/100\n|-damage|p1a: Palafin|88\/100|[from] Stealth Rock\n|move|p2a: Landorus|Earth Power|p1a: Palafin\n|-damage|p1a: Palafin|0 fnt\n|faint|p1a: Palafin\n|\n|-heal|p2a: Landorus|86\/100|[from] item: Leftovers\n|upkeep\n|\n|t:|1698772965\n|switch|p1a: Infernape|Infernape, M|100\/100\n|-damage|p1a: Infernape|88\/100|[from] Stealth Rock\n|turn|8\n|\n|t:|1698772975\n|switch|p2a: Slowking|Slowking-Galar, F|100\/100\n|move|p1a: Infernape|Poltergeist|p2a: Slowking\n|-activate|p2a: Slowking|move: Poltergeist|Heavy-Duty Boots\n|-supereffective|p2a: Slowking\n|-damage|p2a: Slowking|3\/100\n|\n|upkeep\n|turn|9\n|inactive|Dragon Master Rosa has 270 seconds left.\n|\n|t:|1698773010\n|switch|p2a: Landorus|Landorus-Therian, M|86\/100\n|-damage|p2a: Landorus|74\/100|[from] Stealth Rock\n|-ability|p2a: Landorus|Intimidate|boost\n|-unboost|p1a: Infernape|atk|1\n|move|p1a: Infernape|Poltergeist|p2a: Landorus\n|-activate|p2a: Landorus|move: Poltergeist|Leftovers\n|-damage|p2a: Landorus|25\/100\n|\n|-heal|p2a: Landorus|31\/100|[from] item: Leftovers\n|upkeep\n|turn|10\n|\n|t:|1698773014\n|move|p1a: Infernape|Poltergeist|p2a: Landorus|[miss]\n|-miss|p1a: Infernape|p2a: Landorus\n|move|p2a: Landorus|Earth Power|p1a: Infernape\n|-damage|p1a: Infernape|0 fnt\n|replace|p1a: Zoroark|Zoroark-Hisui, M, shiny\n|-end|p1a: Zoroark|Illusion\n|faint|p1a: Zoroark\n|\n|-heal|p2a: Landorus|37\/100|[from] item: Leftovers\n|upkeep\n|\n|t:|1698773019\n|switch|p1a: Infernape|Infernape, M|100\/100\n|-damage|p1a: Infernape|88\/100|[from] Stealth Rock\n|turn|11\n|c|\u2606Dragon Master Rosa|goddamn\n|\n|t:|1698773025\n|switch|p2a: Palafin|Palafin-Hero, M|100\/100\n|-damage|p2a: Palafin|88\/100|[from] Stealth Rock\n|-activate|p2a: Palafin|ability: Zero to Hero\n|move|p1a: Infernape|Flare Blitz|p2a: Palafin\n|-resisted|p2a: Palafin\n|-damage|p2a: Palafin|61\/100\n|-damage|p1a: Infernape|78\/100|[from] Recoil\n|\n|upkeep\n|turn|12\n|\n|t:|1698773030\n|switch|p1a: Blissey|Blissey, F|83\/100\n|switch|p2a: Toedscruel|Toedscruel, F|100\/100\n|-damage|p2a: Toedscruel|94\/100|[from] Stealth Rock\n|\n|-heal|p2a: Toedscruel|100\/100|[from] item: Leftovers\n|upkeep\n|turn|13\n|\n|t:|1698773040\n|switch|p1a: Toedscruel|Toedscruel, M|100\/100\n|move|p2a: Toedscruel|Rapid Spin|p1a: Toedscruel\n|-damage|p1a: Toedscruel|93\/100\n|-boost|p2a: Toedscruel|spe|1\n|-sideend|p2: Dragon Master Rosa|Stealth Rock|[from] move: Rapid Spin|[of] p2a: Toedscruel\n|\n|upkeep\n|turn|14\n|\n|t:|1698773052\n|move|p2a: Toedscruel|Knock Off|p1a: Toedscruel\n|-damage|p1a: Toedscruel|79\/100\n|-enditem|p1a: Toedscruel|Heavy-Duty Boots|[from] move: Knock Off|[of] p2a: Toedscruel\n|move|p1a: Toedscruel|Rapid Spin|p2a: Toedscruel\n|-damage|p2a: Toedscruel|90\/100\n|-boost|p1a: Toedscruel|spe|1\n|-sideend|p1: N-Zoroark stan|Stealth Rock|[from] move: Rapid Spin|[of] p1a: Toedscruel\n|\n|-heal|p2a: Toedscruel|96\/100|[from] item: Leftovers\n|upkeep\n|turn|15\n|\n|t:|1698773060\n|switch|p2a: Landorus|Landorus-Therian, M|37\/100\n|-ability|p2a: Landorus|Intimidate|boost\n|-unboost|p1a: Toedscruel|atk|1\n|move|p1a: Toedscruel|Knock Off|p2a: Landorus\n|-damage|p2a: Landorus|26\/100\n|-enditem|p2a: Landorus|Leftovers|[from] move: Knock Off|[of] p1a: Toedscruel\n|\n|upkeep\n|turn|16\n|\n|t:|1698773066\n|move|p1a: Toedscruel|Knock Off|p2a: Landorus\n|-damage|p2a: Landorus|19\/100\n|move|p2a: Landorus|Nasty Plot|p2a: Landorus\n|-boost|p2a: Landorus|spa|2\n|\n|upkeep\n|turn|17\n|\n|t:|1698773075\n|switch|p1a: Blissey|Blissey, F|83\/100\n|move|p2a: Landorus|Earth Power|p1a: Blissey\n|-damage|p1a: Blissey|51\/100\n|\n|upkeep\n|turn|18\n|\n|t:|1698773077\n|move|p2a: Landorus|Earth Power|p1a: Blissey\n|-damage|p1a: Blissey|18\/100\n|move|p1a: Blissey|Soft-Boiled|p1a: Blissey\n|-heal|p1a: Blissey|68\/100\n|\n|upkeep\n|turn|19\n|\n|t:|1698773080\n|switch|p1a: Infernape|Infernape, M|78\/100\n|move|p2a: Landorus|Earth Power|p1a: Infernape\n|-supereffective|p1a: Infernape\n|-damage|p1a: Infernape|0 fnt\n|faint|p1a: Infernape\n|\n|upkeep\n|c|\u2606N-Zoroark stan|I got every read wrong lmao\n|\n|t:|1698773097\n|switch|p1a: Blissey|Blissey, F|68\/100\n|turn|20\n|c|\u2606Dragon Master Rosa|fuck it we earth power\n|\n|t:|1698773104\n|move|p2a: Landorus|Nasty Plot|p2a: Landorus\n|-boost|p2a: Landorus|spa|2\n|move|p1a: Blissey|Seismic Toss|p2a: Landorus\n|-damage|p2a: Landorus|0 fnt\n|faint|p2a: Landorus\n|\n|upkeep\n|\n|t:|1698773107\n|switch|p2a: Infernape|Infernape, F|100\/100\n|turn|21\n|\n|t:|1698773110\n|switch|p1a: Slowking|Slowking-Galar, F|58\/100\n|move|p2a: Infernape|Flare Blitz|p1a: Slowking\n|-damage|p1a: Slowking|16\/100\n|-damage|p2a: Infernape|82\/100|[from] Recoil\n|\n|upkeep\n|turn|22\n|\n|t:|1698773113\n|switch|p1a: Blissey|Blissey, F|68\/100\n|move|p2a: Infernape|Flare Blitz|p1a: Blissey\n|-damage|p1a: Blissey|21\/100\n|-damage|p2a: Infernape|45\/100|[from] Recoil\n|\n|upkeep\n|turn|23\n|\n|t:|1698773121\n|switch|p1a: Slowking|Slowking-Galar, F|50\/100\n|move|p2a: Infernape|Flare Blitz|p1a: Slowking\n|-damage|p1a: Slowking|9\/100\n|-damage|p2a: Infernape|27\/100|[from] Recoil\n|\n|upkeep\n|turn|24\n|\n|t:|1698773124\n|switch|p1a: Toedscruel|Toedscruel, M|79\/100\n|move|p2a: Infernape|Flare Blitz|p1a: Toedscruel\n|-supereffective|p1a: Toedscruel\n|-damage|p1a: Toedscruel|0 fnt\n|faint|p1a: Toedscruel\n|-damage|p2a: Infernape|0 fnt|[from] Recoil\n|faint|p2a: Infernape\n|\n|upkeep\n|\n|t:|1698773130\n|switch|p2a: Palafin|Palafin-Hero, M|61\/100\n|switch|p1a: Blissey|Blissey, F|21\/100\n|turn|25\n|\n|t:|1698773133\n|-terastallize|p2a: Palafin|Normal\n|move|p2a: Palafin|Boomburst|p1a: Blissey\n|-damage|p1a: Blissey|0 fnt\n|faint|p1a: Blissey\n|\n|upkeep\n|\n|t:|1698773135\n|switch|p1a: Slowking|Slowking-Galar, F|43\/100\n|turn|26\n|c|\u2606N-Zoroark stan|ggwp\n|\n|t:|1698773139\n|move|p2a: Palafin|Boomburst|p1a: Slowking\n|-damage|p1a: Slowking|0 fnt\n|faint|p1a: Slowking\n|\n|win|Dragon Master Rosa\n|c|\u2606Dragon Master Rosa|ggwp\n","uploadtime":1698773145,"views":10,"p1id":"nzoroarkstan","p2id":"dragonmasterrosa","formatid":"gen9ubers","rating":0,"private":0,"password":""}