{"id":"gen9ubers-1978596415","p1":"FrostyRandom02","p2":"Chocolover2015","format":"[Gen 9] Ubers","log":"|j|\u2606FrostyRandom02\n|j|\u2606Chocolover2015\n|t:|1698563177\n|gametype|singles\n|player|p1|FrostyRandom02|riley|\n|player|p2|Chocolover2015|caitlin-masters|\n|teamsize|p1|6\n|teamsize|p2|6\n|gen|9\n|tier|[Gen 9] Ubers\n|rule|Sleep Clause Mod: Limit one foe put to sleep\n|rule|Species Clause: Limit one of each Pok\u00e9mon\n|rule|OHKO Clause: OHKO moves are banned\n|rule|Evasion Items Clause: Evasion items are banned\n|rule|Evasion Moves Clause: Evasion moves are banned\n|rule|Endless Battle Clause: Forcing endless battles is banned\n|rule|HP Percentage Mod: HP is shown in percentages\n|clearpoke\n|poke|p1|Okidogi, M|\n|poke|p1|Cyclizar, M|\n|poke|p1|Chi-Yu|\n|poke|p1|Espathra, F|\n|poke|p1|Rillaboom, F|\n|poke|p1|Zacian-*|\n|poke|p2|Masquerain, F|\n|poke|p2|Gholdengo|\n|poke|p2|Samurott-Hisui, M|\n|poke|p2|Landorus, M|\n|poke|p2|Shaymin-Sky|\n|poke|p2|Volcarona, M|\n|teampreview\n|\n|t:|1698563186\n|start\n|switch|p1a: Cyclizar|Cyclizar, M|100\/100\n|switch|p2a: Masquerain|Masquerain, F|100\/100\n|-ability|p2a: Masquerain|Intimidate|boost\n|-unboost|p1a: Cyclizar|atk|1\n|turn|1\n|\n|t:|1698563216\n|move|p1a: Cyclizar|Knock Off|p2a: Masquerain\n|-damage|p2a: Masquerain|73\/100\n|-enditem|p2a: Masquerain|Focus Sash|[from] move: Knock Off|[of] p1a: Cyclizar\n|move|p2a: Masquerain|Sticky Web|p1a: Cyclizar\n|-sidestart|p1: FrostyRandom02|move: Sticky Web\n|\n|upkeep\n|turn|2\n|\n|t:|1698563229\n|move|p1a: Cyclizar|Rapid Spin|p2a: Masquerain\n|-damage|p2a: Masquerain|53\/100\n|-boost|p1a: Cyclizar|spe|1\n|-sideend|p1: FrostyRandom02|Sticky Web|[from] move: Rapid Spin|[of] p1a: Cyclizar\n|move|p2a: Masquerain|Stun Spore|p1a: Cyclizar\n|-status|p1a: Cyclizar|par\n|\n|upkeep\n|turn|3\n|\n|t:|1698563242\n|move|p2a: Masquerain|Sticky Web|p1a: Cyclizar\n|-sidestart|p1: FrostyRandom02|move: Sticky Web\n|move|p1a: Cyclizar|Rapid Spin|p2a: Masquerain\n|-damage|p2a: Masquerain|32\/100\n|-boost|p1a: Cyclizar|spe|1\n|-sideend|p1: FrostyRandom02|Sticky Web|[from] move: Rapid Spin|[of] p1a: Cyclizar\n|\n|upkeep\n|turn|4\n|\n|t:|1698563258\n|switch|p2a: Gholdengo|Gholdengo|100\/100\n|move|p1a: Cyclizar|Shed Tail|p1a: Cyclizar\n|-start|p1a: Cyclizar|Substitute|[from] move: Shed Tail\n|-damage|p1a: Cyclizar|50\/100 par\n|\n|t:|1698563269\n|switch|p1a: Okidogi|Okidogi, M|100\/100|[from] Shed Tail\n|\n|upkeep\n|turn|5\n|\n|t:|1698563282\n|move|p2a: Gholdengo|Shadow Ball|p1a: Okidogi\n|-end|p1a: Okidogi|Substitute\n|move|p1a: Okidogi|Bulk Up|p1a: Okidogi\n|-boost|p1a: Okidogi|atk|1\n|-boost|p1a: Okidogi|def|1\n|\n|upkeep\n|turn|6\n|\n|t:|1698563299\n|move|p2a: Gholdengo|Shadow Ball|p1a: Okidogi\n|-damage|p1a: Okidogi|67\/100\n|move|p1a: Okidogi|Knock Off|p2a: Gholdengo\n|-supereffective|p2a: Gholdengo\n|-damage|p2a: Gholdengo|13\/100\n|-enditem|p2a: Gholdengo|Choice Scarf|[from] move: Knock Off|[of] p1a: Okidogi\n|\n|-heal|p1a: Okidogi|73\/100|[from] item: Leftovers\n|upkeep\n|turn|7\n|\n|t:|1698563315\n|move|p2a: Gholdengo|Trick|p1a: Okidogi\n|-activate|p2a: Gholdengo|move: Trick|[of] p1a: Okidogi\n|-enditem|p1a: Okidogi|Leftovers|[silent]|[from] move: Trick\n|-item|p2a: Gholdengo|Leftovers|[from] move: Trick\n|move|p1a: Okidogi|Knock Off|p2a: Gholdengo\n|-supereffective|p2a: Gholdengo\n|-damage|p2a: Gholdengo|0 fnt\n|-enditem|p2a: Gholdengo|Leftovers|[from] move: Knock Off|[of] p1a: Okidogi\n|faint|p2a: Gholdengo\n|\n|upkeep\n|\n|t:|1698563396\n|switch|p2a: Shaymin|Shaymin-Sky|100\/100\n|turn|8\n|\n|t:|1698563405\n|move|p2a: Shaymin|Air Slash|p1a: Okidogi\n|-supereffective|p1a: Okidogi\n|-damage|p1a: Okidogi|23\/100\n|move|p1a: Okidogi|Poison Jab|p2a: Shaymin\n|-supereffective|p2a: Shaymin\n|-damage|p2a: Shaymin|0 fnt\n|faint|p2a: Shaymin\n|\n|upkeep\n|\n|t:|1698563424\n|switch|p2a: Landorus|Landorus, M|100\/100\n|turn|9\n|\n|t:|1698563429\n|move|p2a: Landorus|Psychic|p1a: Okidogi\n|-supereffective|p1a: Okidogi\n|-damage|p1a: Okidogi|0 fnt\n|faint|p1a: Okidogi\n|\n|upkeep\n|\n|t:|1698563451\n|switch|p1a: Chi-Yu|Chi-Yu|100\/100\n|-ability|p1a: Chi-Yu|Beads of Ruin\n|turn|10\n|\n|t:|1698563472\n|switch|p2a: Masquerain|Masquerain, F|32\/100\n|-ability|p2a: Masquerain|Intimidate|boost\n|-unboost|p1a: Chi-Yu|atk|1\n|move|p1a: Chi-Yu|Fire Blast|p2a: Masquerain\n|-supereffective|p2a: Masquerain\n|-damage|p2a: Masquerain|0 fnt\n|faint|p2a: Masquerain\n|\n|upkeep\n|\n|t:|1698563488\n|switch|p2a: Samurott|Samurott-Hisui, M|100\/100\n|turn|11\n|\n|t:|1698563512\n|switch|p1a: Rillaboom|Rillaboom, F|100\/100\n|-fieldstart|move: Grassy Terrain|[from] ability: Grassy Surge|[of] p1a: Rillaboom\n|move|p2a: Samurott|Ceaseless Edge|p1a: Rillaboom|[miss]\n|-miss|p2a: Samurott|p1a: Rillaboom\n|\n|upkeep\n|turn|12\n|-message|Chocolover2015 forfeited.\n|\n|win|FrostyRandom02\n|l|\u2606Chocolover2015\n","uploadtime":1698563532,"views":15,"p1id":"frostyrandom02","p2id":"chocolover2015","formatid":"gen9ubers","rating":0,"private":0,"password":""}