{"id":"gen9ubers-1978368783","p1":"godiamsosorry","p2":"Rei_darkness","format":"[Gen 9] Ubers","log":"|j|\u2606godiamsosorry\n|j|\u2606Rei_darkness\n|t:|1698530267\n|gametype|singles\n|player|p1|godiamsosorry|caitlin|\n|player|p2|Rei_darkness|drayden|\n|teamsize|p1|6\n|teamsize|p2|6\n|gen|9\n|tier|[Gen 9] Ubers\n|rule|Sleep Clause Mod: Limit one foe put to sleep\n|rule|Species Clause: Limit one of each Pok\u00e9mon\n|rule|OHKO Clause: OHKO moves are banned\n|rule|Evasion Items Clause: Evasion items are banned\n|rule|Evasion Moves Clause: Evasion moves are banned\n|rule|Endless Battle Clause: Forcing endless battles is banned\n|rule|HP Percentage Mod: HP is shown in percentages\n|clearpoke\n|poke|p1|Medicham, F|\n|poke|p1|Zoroark-Hisui, F|\n|poke|p1|Palafin, M|\n|poke|p1|Enamorus, F|\n|poke|p1|Toedscruel, F|\n|poke|p1|Slowking-Galar, F|\n|poke|p2|Calyrex-Ice|\n|poke|p2|Slowking-Galar, F|\n|poke|p2|Medicham, F|\n|poke|p2|Greninja-*, F|\n|poke|p2|Ditto|\n|poke|p2|Azelf|\n|teampreview\n|c|\u2606godiamsosorry|Stop cooking.\n|c|\u2606Rei_darkness|I'm going to burn the pan\n|c|\u2606Rei_darkness|and you cant stop me\n|\n|t:|1698530294\n|start\n|switch|p1a: Enamorus|Enamorus, F|100\/100\n|switch|p2a: Azelf|Azelf|100\/100\n|turn|1\n|\n|t:|1698530311\n|switch|p1a: Slowking|Slowking-Galar, F|100\/100\n|move|p2a: Azelf|U-turn|p1a: Slowking\n|-damage|p1a: Slowking|73\/100\n|c|\u2606godiamsosorry|Oh, brother.\n|\n|t:|1698530340\n|switch|p2a: Calyrex|Calyrex-Ice|100\/100|[from] U-turn\n|-ability|p2a: Calyrex|As One\n|-ability|p2a: Calyrex|Unnerve\n|\n|upkeep\n|turn|2\n|\n|t:|1698530348\n|-terastallize|p2a: Calyrex|Fairy\n|move|p2a: Calyrex|Calm Mind|p2a: Calyrex\n|-boost|p2a: Calyrex|spa|1\n|-boost|p2a: Calyrex|spd|1\n|move|p1a: Slowking|Foul Play|p2a: Calyrex\n|-resisted|p2a: Calyrex\n|-damage|p2a: Calyrex|94\/100\n|\n|-heal|p2a: Calyrex|100\/100|[from] item: Leftovers\n|upkeep\n|turn|3\n|\n|t:|1698530359\n|move|p2a: Calyrex|Iron Defense|p2a: Calyrex\n|-boost|p2a: Calyrex|def|2\n|move|p1a: Slowking|Toxic|p2a: Calyrex\n|-status|p2a: Calyrex|tox\n|\n|-damage|p2a: Calyrex|94\/100 tox|[from] psn\n|upkeep\n|turn|4\n|\n|t:|1698530363\n|move|p2a: Calyrex|Calm Mind|p2a: Calyrex\n|-boost|p2a: Calyrex|spa|1\n|-boost|p2a: Calyrex|spd|1\n|move|p1a: Slowking|Chilly Reception|p1a: Slowking\n|-weather|Snow\n|\n|t:|1698530369\n|switch|p1a: Enamorus|Enamorus, F|100\/100|[from] Chilly Reception\n|\n|-weather|Snow|[upkeep]\n|-heal|p2a: Calyrex|100\/100 tox|[from] item: Leftovers\n|-damage|p2a: Calyrex|88\/100 tox|[from] psn\n|upkeep\n|turn|5\n|\n|t:|1698530374\n|move|p1a: Enamorus|Substitute|p1a: Enamorus\n|-start|p1a: Enamorus|Substitute\n|-damage|p1a: Enamorus|76\/100\n|move|p2a: Calyrex|Draining Kiss|p1a: Enamorus\n|-end|p1a: Enamorus|Substitute\n|-heal|p2a: Calyrex|100\/100 tox|[from] drain|[of] p1a: Enamorus\n|\n|-weather|Snow|[upkeep]\n|-heal|p1a: Enamorus|82\/100|[from] item: Leftovers\n|-damage|p2a: Calyrex|82\/100 tox|[from] psn\n|upkeep\n|turn|6\n|\n|t:|1698530379\n|-terastallize|p1a: Enamorus|Steel\n|move|p1a: Enamorus|Substitute|p1a: Enamorus\n|-start|p1a: Enamorus|Substitute\n|-damage|p1a: Enamorus|57\/100\n|move|p2a: Calyrex|Draining Kiss|p1a: Enamorus\n|-resisted|p1a: Enamorus\n|-activate|p1a: Enamorus|move: Substitute|[damage]\n|-heal|p2a: Calyrex|95\/100 tox|[from] drain|[of] p1a: Enamorus\n|\n|-weather|Snow|[upkeep]\n|-heal|p1a: Enamorus|63\/100|[from] item: Leftovers\n|-heal|p2a: Calyrex|100\/100 tox|[from] item: Leftovers\n|-damage|p2a: Calyrex|76\/100 tox|[from] psn\n|upkeep\n|turn|7\n|\n|t:|1698530382\n|move|p1a: Enamorus|Superpower|p2a: Calyrex\n|-resisted|p2a: Calyrex\n|-damage|p2a: Calyrex|71\/100 tox\n|-boost|p1a: Enamorus|atk|1\n|-boost|p1a: Enamorus|def|1\n|move|p2a: Calyrex|Stored Power|p1a: Enamorus\n|-resisted|p1a: Enamorus\n|-end|p1a: Enamorus|Substitute\n|\n|-weather|Snow|[upkeep]\n|-heal|p1a: Enamorus|69\/100|[from] item: Leftovers\n|-heal|p2a: Calyrex|77\/100 tox|[from] item: Leftovers\n|-damage|p2a: Calyrex|46\/100 tox|[from] psn\n|upkeep\n|turn|8\n|\n|t:|1698530390\n|move|p1a: Enamorus|Iron Head|p2a: Calyrex\n|-supereffective|p2a: Calyrex\n|-damage|p2a: Calyrex|21\/100 tox\n|move|p2a: Calyrex|Stored Power|p1a: Enamorus\n|-resisted|p1a: Enamorus\n|-damage|p1a: Enamorus|8\/100\n|\n|-weather|none\n|-heal|p1a: Enamorus|14\/100|[from] item: Leftovers\n|-heal|p2a: Calyrex|27\/100 tox|[from] item: Leftovers\n|-damage|p2a: Calyrex|0 fnt|[from] psn\n|faint|p2a: Calyrex\n|upkeep\n|\n|t:|1698530402\n|switch|p2a: Ditto|Ditto|100\/100\n|-transform|p2a: Ditto|p1a: Enamorus|[from] ability: Imposter\n|-start|p2a: Ditto|typechange|Fairy\/Flying|[silent]\n|turn|9\n|\n|t:|1698530409\n|switch|p1a: Slowking|Slowking-Galar, F|100\/100\n|move|p2a: Ditto|Play Rough|p1a: Slowking\n|-resisted|p1a: Slowking\n|-damage|p1a: Slowking|78\/100\n|\n|upkeep\n|turn|10\n|\n|t:|1698530425\n|switch|p2a: Greninja|Greninja, F|100\/100\n|move|p1a: Slowking|Foul Play|p2a: Greninja\n|-resisted|p2a: Greninja\n|-damage|p2a: Greninja|77\/100\n|\n|upkeep\n|turn|11\n|\n|t:|1698530433\n|move|p2a: Greninja|Night Slash|p1a: Slowking\n|-start|p2a: Greninja|typechange|Dark|[from] ability: Protean\n|-supereffective|p1a: Slowking\n|-damage|p1a: Slowking|20\/100\n|move|p1a: Slowking|Chilly Reception|p1a: Slowking\n|-weather|Snow\n|\n|t:|1698530440\n|switch|p1a: Enamorus|Enamorus, F, tera:Steel|14\/100|[from] Chilly Reception\n|\n|-weather|Snow|[upkeep]\n|-heal|p1a: Enamorus|21\/100|[from] item: Leftovers\n|upkeep\n|turn|12\n|\n|t:|1698530443\n|switch|p1a: Toedscruel|Toedscruel, F|100\/100\n|move|p2a: Greninja|Night Slash|p1a: Toedscruel\n|-damage|p1a: Toedscruel|43\/100\n|\n|-weather|Snow|[upkeep]\n|upkeep\n|turn|13\n|\n|t:|1698530446\n|move|p2a: Greninja|Night Slash|p1a: Toedscruel\n|-damage|p1a: Toedscruel|0 fnt\n|faint|p1a: Toedscruel\n|\n|-weather|Snow|[upkeep]\n|upkeep\n|\n|t:|1698530450\n|switch|p1a: Medicham|Medicham, F|100\/100\n|turn|14\n|\n|t:|1698530454\n|move|p1a: Medicham|Close Combat|p2a: Greninja\n|-supereffective|p2a: Greninja\n|-damage|p2a: Greninja|0 fnt\n|-unboost|p1a: Medicham|def|1\n|-unboost|p1a: Medicham|spd|1\n|faint|p2a: Greninja\n|\n|-weather|Snow|[upkeep]\n|upkeep\n|\n|t:|1698530471\n|switch|p2a: Ditto|Ditto|100\/100\n|-transform|p2a: Ditto|p1a: Medicham|[from] ability: Imposter\n|turn|15\n|\n|t:|1698530482\n|switch|p1a: Slowking|Slowking-Galar, F|53\/100\n|move|p2a: Ditto|Psycho Cut|p1a: Slowking\n|-damage|p1a: Slowking|22\/100\n|\n|-weather|none\n|upkeep\n|turn|16\n|\n|t:|1698530487\n|switch|p1a: Palafin|Palafin, M|100\/100\n|move|p2a: Ditto|Psycho Cut|p1a: Palafin\n|-crit|p1a: Palafin\n|-damage|p1a: Palafin|5\/100\n|\n|upkeep\n|turn|17\n|\n|t:|1698530492\n|detailschange|p1a: Palafin|Palafin-Hero, M\n|switch|p1a: Slowking|Slowking-Galar, F|55\/100\n|move|p2a: Ditto|Psycho Cut|p1a: Slowking\n|-damage|p1a: Slowking|23\/100\n|\n|upkeep\n|turn|18\n|\n|t:|1698530497\n|switch|p1a: Medicham|Medicham, F|100\/100\n|move|p2a: Ditto|Psycho Cut|p1a: Medicham\n|-damage|p1a: Medicham|28\/100\n|\n|upkeep\n|turn|19\n|\n|t:|1698530499\n|move|p2a: Ditto|Psycho Cut|p1a: Medicham\n|-damage|p1a: Medicham|0 fnt\n|faint|p1a: Medicham\n|\n|upkeep\n|\n|t:|1698530502\n|switch|p1a: Enamorus|Enamorus, F|100\/100\n|-start|p1a: Enamorus|typechange|Steel|[silent]\n|turn|20\n|\n|t:|1698530516\n|switch|p2a: Slowking|Slowking-Galar, F|100\/100\n|move|p1a: Enamorus|Shadow Sneak|p2a: Slowking\n|-supereffective|p2a: Slowking\n|-damage|p2a: Slowking|63\/100\n|\n|upkeep\n|turn|21\n|\n|t:|1698530523\n|move|p1a: Enamorus|Knock Off|p2a: Slowking\n|-supereffective|p2a: Slowking\n|-damage|p2a: Slowking|3\/100\n|-enditem|p2a: Slowking|Heavy-Duty Boots|[from] move: Knock Off|[of] p1a: Enamorus\n|move|p2a: Slowking|Chilly Reception|p2a: Slowking\n|-weather|Snow\n|\n|t:|1698530544\n|switch|p2a: Medicham|Medicham, F|100\/100|[from] Chilly Reception\n|\n|-weather|Snow|[upkeep]\n|upkeep\n|turn|22\n|\n|t:|1698530549\n|move|p2a: Medicham|Bullet Punch|p1a: Enamorus\n|-damage|p1a: Enamorus|42\/100\n|replace|p1a: Zoroark|Zoroark-Hisui, F\n|-end|p1a: Zoroark|Illusion\n|move|p1a: Zoroark|U-turn|p2a: Medicham\n|-damage|p2a: Medicham|74\/100\n|\n|t:|1698530555\n|switch|p1a: Enamorus|Enamorus, F, tera:Steel|21\/100|[from] U-turn\n|\n|-weather|Snow|[upkeep]\n|-heal|p1a: Enamorus|27\/100|[from] item: Leftovers\n|upkeep\n|turn|23\n|\n|t:|1698530561\n|move|p2a: Medicham|Bullet Punch|p1a: Enamorus\n|-resisted|p1a: Enamorus\n|-damage|p1a: Enamorus|1\/100\n|move|p1a: Enamorus|Play Rough|p2a: Medicham\n|-supereffective|p2a: Medicham\n|-damage|p2a: Medicham|0 fnt\n|faint|p2a: Medicham\n|\n|-weather|Snow|[upkeep]\n|-heal|p1a: Enamorus|7\/100|[from] item: Leftovers\n|upkeep\n|\n|t:|1698530568\n|switch|p2a: Azelf|Azelf|100\/100\n|turn|24\n|\n|t:|1698530573\n|move|p2a: Azelf|Knock Off|p1a: Enamorus\n|-damage|p1a: Enamorus|0 fnt\n|-enditem|p1a: Enamorus|Leftovers|[from] move: Knock Off|[of] p2a: Azelf\n|faint|p1a: Enamorus\n|\n|-weather|Snow|[upkeep]\n|upkeep\n|\n|t:|1698530581\n|switch|p1a: Slowking|Slowking-Galar, F|42\/100\n|turn|25\n|\n|t:|1698530584\n|move|p1a: Slowking|Shadow Sneak|p2a: Azelf\n|-supereffective|p2a: Azelf\n|-damage|p2a: Azelf|46\/100\n|move|p2a: Azelf|Knock Off|p1a: Slowking\n|-supereffective|p1a: Slowking\n|-damage|p1a: Slowking|0 fnt\n|replace|p1a: Zoroark|Zoroark-Hisui, F\n|-end|p1a: Zoroark|Illusion\n|-enditem|p1a: Zoroark|Heavy-Duty Boots|[from] move: Knock Off|[of] p2a: Azelf\n|faint|p1a: Zoroark\n|\n|-weather|none\n|upkeep\n|\n|t:|1698530587\n|switch|p1a: Slowking|Slowking-Galar, F|56\/100\n|turn|26\n|\n|t:|1698530589\n|move|p2a: Azelf|Knock Off|p1a: Slowking\n|-supereffective|p1a: Slowking\n|-damage|p1a: Slowking|0 fnt\n|-enditem|p1a: Slowking|Heavy-Duty Boots|[from] move: Knock Off|[of] p2a: Azelf\n|faint|p1a: Slowking\n|\n|upkeep\n|c|\u2606godiamsosorry|Gg.\n|\n|t:|1698530594\n|switch|p1a: Palafin|Palafin-Hero, M|5\/100\n|-activate|p1a: Palafin|ability: Zero to Hero\n|turn|27\n|c|\u2606Rei_darkness|she knock on my off till i am banned\n|-message|godiamsosorry forfeited.\n|\n|win|Rei_darkness\n|c|\u2606Rei_darkness|how is she not banned\n|c|\u2606godiamsosorry|Who?\n|c|\u2606godiamsosorry|Azelf?\n|c|\u2606Rei_darkness|azelf\n","uploadtime":1698530603,"views":19,"p1id":"godiamsosorry","p2id":"reidarkness","formatid":"gen9ubers","rating":0,"private":0,"password":""}