{"id":"gen9ubers-1995220373","p1":"Jixel","p2":"Lux2821","format":"[Gen 9] Ubers","log":"|j|\u2606Jixel\n|j|\u2606Lux2821\n|t:|1700536213\n|gametype|singles\n|player|p1|Jixel|giovanni|\n|player|p2|Lux2821|lusamine-nihilego|\n|teamsize|p1|6\n|teamsize|p2|6\n|gen|9\n|tier|[Gen 9] Ubers\n|rule|Sleep Clause Mod: Limit one foe put to sleep\n|rule|Species Clause: Limit one of each Pok\u00e9mon\n|rule|OHKO Clause: OHKO moves are banned\n|rule|Evasion Items Clause: Evasion items are banned\n|rule|Evasion Moves Clause: Evasion moves are banned\n|rule|Endless Battle Clause: Forcing endless battles is banned\n|rule|HP Percentage Mod: HP is shown in percentages\n|clearpoke\n|poke|p1|Primeape, M|\n|poke|p1|Arctibax, M|\n|poke|p1|Drakloak, F|\n|poke|p1|Thwackey, F|\n|poke|p1|Pawniard, F|\n|poke|p1|Cyndaquil, M|\n|poke|p2|Thwackey, F|\n|poke|p2|Primeape, F|\n|poke|p2|Dragonair, F|\n|poke|p2|Raboot, M|\n|poke|p2|Shroodle, M|\n|poke|p2|Cutiefly, F|\n|teampreview\n|inactive|Battle timer is ON: inactive players will automatically lose when time's up. (requested by Lux2821)\n|\n|t:|1700536223\n|start\n|switch|p1a: Primeape|Primeape, M|100\/100\n|switch|p2a: Cutiefly|Cutiefly, F, shiny|100\/100\n|turn|1\n|\n|t:|1700536232\n|move|p1a: Primeape|U-turn|p2a: Cutiefly\n|-resisted|p2a: Cutiefly\n|-damage|p2a: Cutiefly|65\/100\n|\n|t:|1700536245\n|switch|p1a: Drakloak|Drakloak, F|100\/100|[from] U-turn\n|move|p2a: Cutiefly|Sticky Web|p1a: Drakloak\n|-sidestart|p1: Jixel|move: Sticky Web\n|\n|upkeep\n|turn|2\n|\n|t:|1700536255\n|move|p1a: Drakloak|Shadow Ball|p2a: Cutiefly\n|-damage|p2a: Cutiefly|0 fnt\n|faint|p2a: Cutiefly\n|\n|upkeep\n|\n|t:|1700536261\n|switch|p2a: Shroodle|Shroodle, M|100\/100\n|turn|3\n|\n|t:|1700536267\n|switch|p1a: Pawniard|Pawniard, F|100\/100\n|-activate|p1a: Pawniard|move: Sticky Web\n|-unboost|p1a: Pawniard|spe|1\n|-ability|p1a: Pawniard|Defiant|boost\n|-boost|p1a: Pawniard|atk|2\n|switch|p2a: Thwackey|Thwackey, F, shiny|100\/100\n|-fieldstart|move: Grassy Terrain|[from] ability: Grassy Surge|[of] p2a: Thwackey\n|\n|upkeep\n|turn|4\n|\n|t:|1700536276\n|move|p2a: Thwackey|Fake Out|p1a: Pawniard\n|-resisted|p1a: Pawniard\n|-damage|p1a: Pawniard|95\/100\n|cant|p1a: Pawniard|flinch\n|\n|-heal|p1a: Pawniard|100\/100|[from] Grassy Terrain\n|upkeep\n|turn|5\n|\n|t:|1700536279\n|move|p2a: Thwackey|U-turn|p1a: Pawniard\n|-damage|p1a: Pawniard|81\/100\n|\n|t:|1700536282\n|switch|p2a: Primeape|Primeape, F, shiny|100\/100|[from] U-turn\n|move|p1a: Pawniard|Iron Head|p2a: Primeape\n|-damage|p2a: Primeape|48\/100\n|\n|-heal|p2a: Primeape|54\/100|[from] Grassy Terrain\n|-heal|p1a: Pawniard|87\/100|[from] Grassy Terrain\n|upkeep\n|turn|6\n|\n|t:|1700536292\n|-terastallize|p1a: Pawniard|Fairy\n|move|p2a: Primeape|Close Combat|p1a: Pawniard\n|-resisted|p1a: Pawniard\n|-damage|p1a: Pawniard|60\/100\n|-unboost|p2a: Primeape|def|1\n|-unboost|p2a: Primeape|spd|1\n|move|p1a: Pawniard|Iron Head|p2a: Primeape\n|-damage|p2a: Primeape|0 fnt\n|faint|p2a: Primeape\n|\n|-heal|p1a: Pawniard|66\/100|[from] Grassy Terrain\n|upkeep\n|\n|t:|1700536296\n|switch|p2a: Shroodle|Shroodle, M|100\/100\n|-enditem|p2a: Shroodle|Grassy Seed\n|-boost|p2a: Shroodle|def|1|[from] item: Grassy Seed\n|turn|7\n|\n|t:|1700536305\n|move|p1a: Pawniard|Sucker Punch||[still]\n|-fail|p1a: Pawniard\n|move|p2a: Shroodle|Swords Dance|p2a: Shroodle\n|-boost|p2a: Shroodle|atk|2\n|\n|-heal|p1a: Pawniard|72\/100|[from] Grassy Terrain\n|-fieldend|move: Grassy Terrain\n|upkeep\n|turn|8\n|\n|t:|1700536311\n|-terastallize|p2a: Shroodle|Dark\n|move|p1a: Pawniard|Sucker Punch|p2a: Shroodle\n|-resisted|p2a: Shroodle\n|-crit|p2a: Shroodle\n|-damage|p2a: Shroodle|0 fnt\n|faint|p2a: Shroodle\n|\n|upkeep\n|\n|t:|1700536318\n|switch|p2a: Dragonair|Dragonair, F, shiny|100\/100\n|turn|9\n|\n|t:|1700536322\n|move|p1a: Pawniard|Sucker Punch||[still]\n|-fail|p1a: Pawniard\n|move|p2a: Dragonair|Dragon Dance|p2a: Dragonair\n|-boost|p2a: Dragonair|atk|1\n|-boost|p2a: Dragonair|spe|1\n|\n|upkeep\n|turn|10\n|j| CHRB\n|\n|t:|1700536325\n|move|p1a: Pawniard|Sucker Punch||[still]\n|-fail|p1a: Pawniard\n|move|p2a: Dragonair|Dragon Dance|p2a: Dragonair\n|-boost|p2a: Dragonair|atk|1\n|-boost|p2a: Dragonair|spe|1\n|\n|upkeep\n|turn|11\n|\n|t:|1700536328\n|move|p1a: Pawniard|Sucker Punch||[still]\n|-fail|p1a: Pawniard\n|move|p2a: Dragonair|Dragon Dance|p2a: Dragonair\n|-boost|p2a: Dragonair|atk|1\n|-boost|p2a: Dragonair|spe|1\n|\n|upkeep\n|turn|12\n|\n|t:|1700536332\n|move|p2a: Dragonair|Extreme Speed|p1a: Pawniard\n|-damage|p1a: Pawniard|17\/100\n|move|p1a: Pawniard|Iron Head|p2a: Dragonair\n|-damage|p2a: Dragonair|37\/100\n|\n|upkeep\n|turn|13\n|\n|t:|1700536337\n|move|p2a: Dragonair|Extreme Speed|p1a: Pawniard\n|-damage|p1a: Pawniard|0 fnt\n|faint|p1a: Pawniard\n|\n|upkeep\n|inactive|Jixel has 270 seconds left.\n|\n|t:|1700536368\n|switch|p1a: Arctibax|Arctibax, M|100\/100\n|-activate|p1a: Arctibax|move: Sticky Web\n|-unboost|p1a: Arctibax|spe|1\n|turn|14\n|\n|t:|1700536374\n|move|p2a: Dragonair|Outrage|p1a: Arctibax\n|-supereffective|p1a: Arctibax\n|-damage|p1a: Arctibax|0 fnt\n|faint|p1a: Arctibax\n|\n|upkeep\n|\n|t:|1700536384\n|switch|p1a: Thwackey|Thwackey, F|100\/100\n|-activate|p1a: Thwackey|move: Sticky Web\n|-unboost|p1a: Thwackey|spe|1\n|-fieldstart|move: Grassy Terrain|[from] ability: Grassy Surge|[of] p1a: Thwackey\n|turn|15\n|\n|t:|1700536386\n|move|p1a: Thwackey|Grassy Glide|p2a: Dragonair\n|-resisted|p2a: Dragonair\n|-damage|p2a: Dragonair|14\/100\n|-damage|p1a: Thwackey|91\/100|[from] item: Life Orb\n|move|p2a: Dragonair|Outrage|p1a: Thwackey|[from]lockedmove\n|-damage|p1a: Thwackey|0 fnt\n|faint|p1a: Thwackey\n|-start|p2a: Dragonair|confusion|[fatigue]\n|\n|-heal|p2a: Dragonair|20\/100|[from] Grassy Terrain\n|upkeep\n|\n|t:|1700536404\n|switch|p1a: Primeape|Primeape, M|100\/100\n|-activate|p1a: Primeape|move: Sticky Web\n|-unboost|p1a: Primeape|spe|1\n|-ability|p1a: Primeape|Defiant|boost\n|-boost|p1a: Primeape|atk|2\n|turn|16\n|\n|t:|1700536411\n|-activate|p2a: Dragonair|confusion\n|move|p2a: Dragonair|Outrage|p1a: Primeape\n|-damage|p1a: Primeape|0 fnt\n|faint|p1a: Primeape\n|\n|-heal|p2a: Dragonair|26\/100|[from] Grassy Terrain\n|upkeep\n|\n|t:|1700536420\n|switch|p1a: Cyndaquil|Cyndaquil, M|100\/100\n|-activate|p1a: Cyndaquil|move: Sticky Web\n|-unboost|p1a: Cyndaquil|spe|1\n|turn|17\n|\n|t:|1700536423\n|-end|p2a: Dragonair|confusion\n|move|p2a: Dragonair|Outrage|p1a: Cyndaquil|[from]lockedmove\n|-damage|p1a: Cyndaquil|0 fnt\n|faint|p1a: Cyndaquil\n|-start|p2a: Dragonair|confusion|[fatigue]\n|\n|-heal|p2a: Dragonair|32\/100|[from] Grassy Terrain\n|upkeep\n|\n|t:|1700536427\n|switch|p1a: Drakloak|Drakloak, F|100\/100\n|-activate|p1a: Drakloak|move: Sticky Web\n|-unboost|p1a: Drakloak|spe|1\n|turn|18\n|\n|t:|1700536431\n|-activate|p2a: Dragonair|confusion\n|move|p2a: Dragonair|Outrage|p1a: Drakloak\n|-supereffective|p1a: Drakloak\n|-damage|p1a: Drakloak|0 fnt\n|faint|p1a: Drakloak\n|\n|win|Lux2821\n|l|\u2606Jixel\n|l|\u2606Lux2821\n|l| CHRB\n|j|\u2606Lux2821\n|player|p2|Lux2821|lusamine-nihilego\n","uploadtime":1700537036,"views":1,"p1id":"jixel","p2id":"lux2821","formatid":"gen9ubers","rating":0,"private":0,"password":""}