{"id":"gen9ubers-1994260818","p1":"Rubyboi711","p2":"slowbroquaza","format":"[Gen 9] Ubers","log":"|j|\u2606Rubyboi711\n|j|\u2606slowbroquaza\n|t:|1700424558\n|gametype|singles\n|player|p1|Rubyboi711|volkner|1160\n|player|p2|slowbroquaza|1|1150\n|teamsize|p1|6\n|teamsize|p2|6\n|gen|9\n|tier|[Gen 9] Ubers\n|rated|\n|rule|Sleep Clause Mod: Limit one foe put to sleep\n|rule|Species Clause: Limit one of each Pok\u00e9mon\n|rule|OHKO Clause: OHKO moves are banned\n|rule|Evasion Items Clause: Evasion items are banned\n|rule|Evasion Moves Clause: Evasion moves are banned\n|rule|Endless Battle Clause: Forcing endless battles is banned\n|rule|HP Percentage Mod: HP is shown in percentages\n|clearpoke\n|poke|p1|Mewtwo|\n|poke|p1|Avalugg-Hisui, M|\n|poke|p1|Gliscor, M|\n|poke|p1|Koraidon|\n|poke|p1|Miraidon|\n|poke|p1|Arceus-Water|\n|poke|p2|Annihilape, F|\n|poke|p2|Miraidon|\n|poke|p2|Zacian-*|\n|poke|p2|Dialga-Origin|\n|poke|p2|Mewtwo|\n|poke|p2|Corviknight, M|\n|teampreview\n|inactive|Battle timer is ON: inactive players will automatically lose when time's up. (requested by Rubyboi711)\n|\n|t:|1700424584\n|start\n|switch|p1a: Gliscor|Gliscor, M|100\/100\n|switch|p2a: Miraidon|Miraidon|100\/100\n|-fieldstart|move: Electric Terrain|[from] ability: Hadron Engine|[of] p2a: Miraidon\n|turn|1\n|\n|t:|1700424590\n|move|p2a: Miraidon|Draco Meteor|p1a: Gliscor\n|-damage|p1a: Gliscor|0 fnt\n|-unboost|p2a: Miraidon|spa|2\n|faint|p1a: Gliscor\n|\n|upkeep\n|\n|t:|1700424598\n|switch|p1a: Arceus|Arceus-Water|100\/100\n|turn|2\n|\n|t:|1700424606\n|switch|p2a: Corviknight|Corviknight, M|100\/100\n|move|p1a: Arceus|Dragon Dance|p1a: Arceus\n|-boost|p1a: Arceus|atk|1\n|-boost|p1a: Arceus|spe|1\n|\n|upkeep\n|turn|3\n|\n|t:|1700424612\n|move|p1a: Arceus|Dragon Dance|p1a: Arceus\n|-boost|p1a: Arceus|atk|1\n|-boost|p1a: Arceus|spe|1\n|move|p2a: Corviknight|U-turn|p1a: Arceus\n|-damage|p1a: Arceus|89\/100\n|\n|t:|1700424616\n|switch|p2a: Dialga|Dialga-Origin|100\/100|[from] U-turn\n|-ability|p2a: Dialga|Pressure\n|\n|upkeep\n|turn|4\n|\n|t:|1700424623\n|move|p1a: Arceus|Earthquake|p2a: Dialga\n|-supereffective|p2a: Dialga\n|-damage|p2a: Dialga|0 fnt\n|faint|p2a: Dialga\n|\n|upkeep\n|\n|t:|1700424627\n|switch|p2a: Annihilape|Annihilape, F|100\/100\n|turn|5\n|\n|t:|1700424638\n|move|p1a: Arceus|Waterfall|p2a: Annihilape\n|-damage|p2a: Annihilape|0 fnt\n|faint|p2a: Annihilape\n|\n|-fieldend|move: Electric Terrain\n|upkeep\n|\n|t:|1700424644\n|switch|p2a: Corviknight|Corviknight, M|100\/100\n|turn|6\n|\n|t:|1700424646\n|move|p1a: Arceus|Waterfall|p2a: Corviknight\n|-damage|p2a: Corviknight|38\/100\n|-damage|p1a: Arceus|72\/100|[from] item: Rocky Helmet|[of] p2a: Corviknight\n|move|p2a: Corviknight|Body Press|p1a: Arceus\n|-damage|p1a: Arceus|50\/100\n|\n|upkeep\n|turn|7\n|\n|t:|1700424653\n|move|p1a: Arceus|Waterfall|p2a: Corviknight\n|-damage|p2a: Corviknight|0 fnt\n|-damage|p1a: Arceus|34\/100|[from] item: Rocky Helmet|[of] p2a: Corviknight\n|faint|p2a: Corviknight\n|\n|upkeep\n|\n|t:|1700424656\n|switch|p2a: Mewtwo|Mewtwo|100\/100\n|-ability|p2a: Mewtwo|Unnerve\n|turn|8\n|\n|t:|1700424662\n|move|p1a: Arceus|Waterfall|p2a: Mewtwo\n|-damage|p2a: Mewtwo|0 fnt\n|faint|p2a: Mewtwo\n|\n|upkeep\n|\n|t:|1700424681\n|switch|p2a: Zacian|Zacian-Crowned|100\/100\n|-ability|p2a: Zacian|Intrepid Sword|boost\n|-boost|p2a: Zacian|atk|1\n|turn|9\n|\n|t:|1700424685\n|move|p1a: Arceus|Earthquake|p2a: Zacian\n|-supereffective|p2a: Zacian\n|-damage|p2a: Zacian|0 fnt\n|faint|p2a: Zacian\n|\n|upkeep\n|-message|slowbroquaza forfeited.\n|\n|win|Rubyboi711\n|raw|Rubyboi711's rating: 1160 &rarr; <strong>1186<\/strong><br \/>(+26 for winning)\n|raw|slowbroquaza's rating: 1175 &rarr; <strong>1149<\/strong><br \/>(-26 for losing)\n|l|\u2606slowbroquaza\n|l|\u2606Rubyboi711\n|j|\u2606Rubyboi711\n|player|p1|Rubyboi711|volkner\n","uploadtime":1700424704,"views":3,"p1id":"rubyboi711","p2id":"slowbroquaza","formatid":"gen9ubers","rating":1149,"private":0,"password":""}