{"id":"gen9ubers-1990505287","p1":"Taka","p2":"banwobDPP","format":"[Gen 9] Ubers","log":"|j|\u2606Taka\n|j|\u2606banwobDPP\n|t:|1699976960\n|gametype|singles\n|player|p1|Taka|#bssplviiidavesdragonairs|\n|player|p2|banwobDPP|n-masters|\n|teamsize|p1|6\n|teamsize|p2|6\n|gen|9\n|tier|[Gen 9] Ubers\n|rated|Tournament battle\n|rule|Sleep Clause Mod: Limit one foe put to sleep\n|rule|Species Clause: Limit one of each Pok\u00e9mon\n|rule|OHKO Clause: OHKO moves are banned\n|rule|Evasion Items Clause: Evasion items are banned\n|rule|Evasion Moves Clause: Evasion moves are banned\n|rule|Endless Battle Clause: Forcing endless battles is banned\n|rule|HP Percentage Mod: HP is shown in percentages\n|clearpoke\n|poke|p1|Dondozo, F|\n|poke|p1|Alomomola, M|\n|poke|p1|Blissey, F|\n|poke|p1|Arceus-Fairy|\n|poke|p1|Clodsire, F|\n|poke|p1|Gliscor, F|\n|poke|p2|Koraidon|\n|poke|p2|Miraidon|\n|poke|p2|Toxapex, F|\n|poke|p2|Groudon|\n|poke|p2|Calyrex-Ice|\n|poke|p2|Arceus|\n|teampreview\n|inactive|Battle timer is ON: inactive players will automatically lose when time's up. (requested by Taka)\n|\n|t:|1699976980\n|start\n|switch|p1a: Gliscor|Gliscor, F|100\/100\n|switch|p2a: Arceus|Arceus|100\/100\n|turn|1\n|\n|t:|1699977000\n|move|p2a: Arceus|Taunt|p1a: Gliscor\n|-start|p1a: Gliscor|move: Taunt\n|cant|p1a: Gliscor|move: Taunt|Toxic\n|\n|-status|p1a: Gliscor|tox|[from] item: Toxic Orb\n|upkeep\n|turn|2\n|\n|t:|1699977007\n|move|p2a: Arceus|Dragon Dance|p2a: Arceus\n|-boost|p2a: Arceus|atk|1\n|-boost|p2a: Arceus|spe|1\n|move|p1a: Gliscor|Earthquake|p2a: Arceus\n|-damage|p2a: Arceus|77\/100\n|\n|upkeep\n|turn|3\n|\n|t:|1699977013\n|move|p2a: Arceus|Dragon Dance|p2a: Arceus\n|-boost|p2a: Arceus|atk|1\n|-boost|p2a: Arceus|spe|1\n|move|p1a: Gliscor|Earthquake|p2a: Arceus\n|-damage|p2a: Arceus|55\/100\n|\n|-end|p1a: Gliscor|move: Taunt\n|upkeep\n|turn|4\n|\n|t:|1699977017\n|switch|p1a: Dondozo|Dondozo, F|100\/100\n|move|p2a: Arceus|Taunt|p1a: Dondozo\n|-start|p1a: Dondozo|move: Taunt\n|\n|upkeep\n|turn|5\n|\n|t:|1699977024\n|move|p2a: Arceus|Extreme Speed|p1a: Dondozo\n|-damage|p1a: Dondozo|76\/100\n|move|p1a: Dondozo|Earthquake|p2a: Arceus\n|-damage|p2a: Arceus|38\/100\n|\n|upkeep\n|turn|6\n|\n|t:|1699977030\n|switch|p2a: Groudon|Groudon|100\/100\n|-weather|SunnyDay|[from] ability: Drought|[of] p2a: Groudon\n|move|p1a: Dondozo|Earthquake|p2a: Groudon\n|-damage|p2a: Groudon|87\/100\n|\n|-weather|SunnyDay|[upkeep]\n|-heal|p2a: Groudon|93\/100|[from] item: Leftovers\n|-end|p1a: Dondozo|move: Taunt\n|upkeep\n|turn|7\n|\n|t:|1699977055\n|switch|p1a: Gliscor|Gliscor, F|100\/100 tox\n|move|p2a: Groudon|Substitute|p2a: Groudon\n|-start|p2a: Groudon|Substitute\n|-damage|p2a: Groudon|68\/100\n|\n|-weather|SunnyDay|[upkeep]\n|-heal|p2a: Groudon|74\/100|[from] item: Leftovers\n|upkeep\n|turn|8\n|\n|t:|1699977062\n|move|p1a: Gliscor|Earthquake|p2a: Groudon\n|-activate|p2a: Groudon|move: Substitute|[damage]\n|move|p2a: Groudon|Bulk Up|p2a: Groudon\n|-boost|p2a: Groudon|atk|1\n|-boost|p2a: Groudon|def|1\n|\n|-weather|SunnyDay|[upkeep]\n|-heal|p2a: Groudon|80\/100|[from] item: Leftovers\n|upkeep\n|turn|9\n|\n|t:|1699977073\n|move|p1a: Gliscor|Earthquake|p2a: Groudon\n|-end|p2a: Groudon|Substitute\n|move|p2a: Groudon|Substitute|p2a: Groudon\n|-start|p2a: Groudon|Substitute\n|-damage|p2a: Groudon|55\/100\n|\n|-weather|SunnyDay|[upkeep]\n|-heal|p2a: Groudon|61\/100|[from] item: Leftovers\n|upkeep\n|turn|10\n|\n|t:|1699977079\n|switch|p1a: Arceus|Arceus-Fairy|100\/100\n|move|p2a: Groudon|Dragon Claw|p1a: Arceus\n|-immune|p1a: Arceus\n|\n|-weather|none\n|-heal|p2a: Groudon|68\/100|[from] item: Leftovers\n|upkeep\n|turn|11\n|\n|t:|1699977083\n|move|p1a: Arceus|Judgment|p2a: Groudon\n|-end|p2a: Groudon|Substitute\n|move|p2a: Groudon|Precipice Blades|p1a: Arceus|[miss]\n|-miss|p2a: Groudon|p1a: Arceus\n|\n|-heal|p2a: Groudon|74\/100|[from] item: Leftovers\n|upkeep\n|turn|12\n|\n|t:|1699977088\n|move|p1a: Arceus|Judgment|p2a: Groudon\n|-damage|p2a: Groudon|41\/100\n|move|p2a: Groudon|Precipice Blades|p1a: Arceus\n|-damage|p1a: Arceus|38\/100\n|\n|-heal|p2a: Groudon|47\/100|[from] item: Leftovers\n|upkeep\n|turn|13\n|\n|t:|1699977094\n|move|p1a: Arceus|Recover|p1a: Arceus\n|-heal|p1a: Arceus|88\/100\n|move|p2a: Groudon|Precipice Blades|p1a: Arceus\n|-damage|p1a: Arceus|27\/100\n|\n|-heal|p2a: Groudon|53\/100|[from] item: Leftovers\n|upkeep\n|turn|14\n|\n|t:|1699977097\n|move|p1a: Arceus|Judgment|p2a: Groudon\n|-damage|p2a: Groudon|20\/100\n|move|p2a: Groudon|Precipice Blades|p1a: Arceus\n|-damage|p1a: Arceus|0 fnt\n|faint|p1a: Arceus\n|\n|-heal|p2a: Groudon|26\/100|[from] item: Leftovers\n|upkeep\n|\n|t:|1699977103\n|switch|p1a: Gliscor|Gliscor, F|100\/100 tox\n|turn|15\n|\n|t:|1699977123\n|move|p1a: Gliscor|Toxic|p2a: Groudon\n|-status|p2a: Groudon|tox\n|move|p2a: Groudon|Dragon Claw|p1a: Gliscor\n|-damage|p1a: Gliscor|76\/100 tox\n|\n|-heal|p2a: Groudon|32\/100 tox|[from] item: Leftovers\n|-heal|p1a: Gliscor|88\/100 tox|[from] ability: Poison Heal\n|-damage|p2a: Groudon|26\/100 tox|[from] psn\n|upkeep\n|turn|16\n|\n|t:|1699977128\n|move|p1a: Gliscor|Spikes|p2a: Groudon\n|-sidestart|p2: banwobDPP|Spikes\n|move|p2a: Groudon|Bulk Up|p2a: Groudon\n|-boost|p2a: Groudon|atk|1\n|-boost|p2a: Groudon|def|1\n|\n|-heal|p2a: Groudon|32\/100 tox|[from] item: Leftovers\n|-heal|p1a: Gliscor|100\/100 tox|[from] ability: Poison Heal\n|-damage|p2a: Groudon|20\/100 tox|[from] psn\n|upkeep\n|turn|17\n|\n|t:|1699977140\n|switch|p2a: Miraidon|Miraidon|100\/100\n|-damage|p2a: Miraidon|88\/100|[from] Spikes\n|-fieldstart|move: Electric Terrain|[from] ability: Hadron Engine|[of] p2a: Miraidon\n|move|p1a: Gliscor|Spikes|p2a: Miraidon\n|-sidestart|p2: banwobDPP|Spikes\n|\n|upkeep\n|turn|18\n|j| loveksmn\n|\n|t:|1699977148\n|move|p1a: Gliscor|Protect|p1a: Gliscor\n|-singleturn|p1a: Gliscor|Protect\n|move|p2a: Miraidon|Draco Meteor|p1a: Gliscor\n|-activate|p1a: Gliscor|move: Protect\n|\n|upkeep\n|turn|19\n|\n|t:|1699977155\n|switch|p1a: Blissey|Blissey, F|100\/100\n|move|p2a: Miraidon|Draco Meteor|p1a: Blissey\n|-damage|p1a: Blissey|66\/100\n|-unboost|p2a: Miraidon|spa|2\n|-damage|p2a: Miraidon|78\/100|[from] item: Life Orb\n|\n|upkeep\n|turn|20\n|\n|t:|1699977159\n|move|p2a: Miraidon|Taunt|p1a: Blissey\n|-start|p1a: Blissey|move: Taunt\n|cant|p1a: Blissey|move: Taunt|Soft-Boiled\n|\n|upkeep\n|turn|21\n|\n|t:|1699977188\n|switch|p2a: Groudon|Groudon|20\/100 tox\n|-damage|p2a: Groudon|3\/100 tox|[from] Spikes\n|-weather|SunnyDay|[from] ability: Drought|[of] p2a: Groudon\n|move|p1a: Blissey|Seismic Toss|p2a: Groudon\n|-damage|p2a: Groudon|0 fnt\n|faint|p2a: Groudon\n|\n|-weather|SunnyDay|[upkeep]\n|-fieldend|move: Electric Terrain\n|upkeep\n|\n|t:|1699977196\n|switch|p2a: Koraidon|Koraidon|100\/100\n|-damage|p2a: Koraidon|84\/100|[from] Spikes\n|-activate|p2a: Koraidon|ability: Orichalcum Pulse\n|turn|22\n|\n|t:|1699977208\n|switch|p1a: Alomomola|Alomomola, M|100\/100\n|move|p2a: Koraidon|Flare Blitz|p1a: Alomomola\n|-resisted|p1a: Alomomola\n|-damage|p1a: Alomomola|77\/100\n|-status|p1a: Alomomola|brn\n|-damage|p2a: Koraidon|68\/100|[from] item: Rocky Helmet|[of] p1a: Alomomola\n|-damage|p2a: Koraidon|55\/100|[from] Recoil\n|\n|-weather|SunnyDay|[upkeep]\n|-damage|p1a: Alomomola|70\/100 brn|[from] brn\n|upkeep\n|turn|23\n|\n|t:|1699977214\n|switch|p2a: Toxapex|Toxapex, F|100\/100\n|-damage|p2a: Toxapex|84\/100|[from] Spikes\n|move|p1a: Alomomola|Wish|p1a: Alomomola\n|\n|-weather|SunnyDay|[upkeep]\n|-damage|p1a: Alomomola|64\/100 brn|[from] brn\n|upkeep\n|turn|24\n|\n|t:|1699977220\n|switch|p1a: Gliscor|Gliscor, F|100\/100 tox\n|move|p2a: Toxapex|Infestation|p1a: Gliscor\n|-resisted|p1a: Gliscor\n|-damage|p1a: Gliscor|99\/100 tox\n|-activate|p1a: Gliscor|move: Infestation|[of] p2a: Toxapex\n|\n|-weather|SunnyDay|[upkeep]\n|-heal|p1a: Gliscor|100\/100 tox|[from] move: Wish|[wisher] Alomomola\n|-damage|p1a: Gliscor|88\/100 tox|[from] move: Infestation|[partiallytrapped]\n|upkeep\n|turn|25\n|\n|t:|1699977243\n|switch|p2a: Calyrex|Calyrex-Ice|100\/100\n|-ability|p2a: Calyrex|As One\n|-ability|p2a: Calyrex|Unnerve\n|move|p1a: Gliscor|Spikes|p2a: Calyrex\n|-sidestart|p2: banwobDPP|Spikes\n|\n|-weather|none\n|-heal|p1a: Gliscor|100\/100 tox|[from] ability: Poison Heal\n|-end|p1a: Gliscor|Infestation|[partiallytrapped]|[silent]\n|upkeep\n|turn|26\n|\n|t:|1699977248\n|-terastallize|p1a: Gliscor|Water\n|move|p1a: Gliscor|Toxic|p2a: Calyrex|[miss]\n|-miss|p1a: Gliscor|p2a: Calyrex\n|move|p2a: Calyrex|Glacial Lance|p1a: Gliscor\n|-resisted|p1a: Gliscor\n|-damage|p1a: Gliscor|73\/100 tox\n|\n|-heal|p1a: Gliscor|86\/100 tox|[from] ability: Poison Heal\n|upkeep\n|turn|27\n|\n|t:|1699977259\n|switch|p2a: Toxapex|Toxapex, F|100\/100\n|-damage|p2a: Toxapex|75\/100|[from] Spikes\n|move|p1a: Gliscor|Toxic|p2a: Toxapex\n|-immune|p2a: Toxapex\n|\n|-heal|p1a: Gliscor|98\/100 tox|[from] ability: Poison Heal\n|upkeep\n|turn|28\n|\n|t:|1699977279\n|switch|p2a: Koraidon|Koraidon|55\/100\n|-damage|p2a: Koraidon|30\/100|[from] Spikes\n|-weather|SunnyDay|[from] ability: Orichalcum Pulse|[of] p2a: Koraidon\n|-activate|p2a: Koraidon|Orichalcum Pulse|[source]\n|move|p1a: Gliscor|Earthquake|p2a: Koraidon\n|-damage|p2a: Koraidon|0 fnt\n|faint|p2a: Koraidon\n|\n|-weather|SunnyDay|[upkeep]\n|-heal|p1a: Gliscor|100\/100 tox|[from] ability: Poison Heal\n|upkeep\n|\n|t:|1699977283\n|switch|p2a: Miraidon|Miraidon|78\/100\n|-damage|p2a: Miraidon|53\/100|[from] Spikes\n|-fieldstart|move: Electric Terrain|[from] ability: Hadron Engine|[of] p2a: Miraidon\n|turn|29\n|\n|t:|1699977292\n|switch|p1a: Blissey|Blissey, F|66\/100\n|move|p2a: Miraidon|Parabolic Charge|p1a: Blissey\n|-damage|p1a: Blissey|45\/100\n|-heal|p2a: Miraidon|75\/100|[from] drain|[of] p1a: Blissey\n|-damage|p2a: Miraidon|65\/100|[from] item: Life Orb\n|\n|-weather|SunnyDay|[upkeep]\n|upkeep\n|turn|30\n|\n|t:|1699977299\n|move|p2a: Miraidon|Taunt|p1a: Blissey\n|-start|p1a: Blissey|move: Taunt\n|cant|p1a: Blissey|move: Taunt|Soft-Boiled\n|\n|-weather|SunnyDay|[upkeep]\n|upkeep\n|turn|31\n|\n|t:|1699977303\n|move|p2a: Miraidon|Calm Mind|p2a: Miraidon\n|-boost|p2a: Miraidon|spa|1\n|-boost|p2a: Miraidon|spd|1\n|move|p1a: Blissey|Seismic Toss|p2a: Miraidon\n|-damage|p2a: Miraidon|35\/100\n|\n|-weather|SunnyDay|[upkeep]\n|upkeep\n|turn|32\n|\n|t:|1699977307\n|move|p2a: Miraidon|Parabolic Charge|p1a: Blissey\n|-damage|p1a: Blissey|10\/100\n|-heal|p2a: Miraidon|72\/100|[from] drain|[of] p1a: Blissey\n|-damage|p2a: Miraidon|62\/100|[from] item: Life Orb\n|move|p1a: Blissey|Seismic Toss|p2a: Miraidon\n|-damage|p2a: Miraidon|33\/100\n|\n|-weather|none\n|-end|p1a: Blissey|move: Taunt\n|upkeep\n|turn|33\n|\n|t:|1699977313\n|switch|p1a: Clodsire|Clodsire, F|100\/100\n|move|p2a: Miraidon|Parabolic Charge|p1a: Clodsire\n|-immune|p1a: Clodsire\n|\n|-fieldend|move: Electric Terrain\n|upkeep\n|turn|34\n|\n|t:|1699977320\n|-terastallize|p2a: Miraidon|Dragon\n|move|p2a: Miraidon|Draco Meteor|p1a: Clodsire\n|-crit|p1a: Clodsire\n|-damage|p1a: Clodsire|0 fnt\n|-unboost|p2a: Miraidon|spa|2\n|faint|p1a: Clodsire\n|-damage|p2a: Miraidon|23\/100|[from] item: Life Orb\n|\n|upkeep\n|\n|t:|1699977337\n|switch|p1a: Alomomola|Alomomola, M|98\/100 brn\n|turn|35\n|\n|t:|1699977342\n|switch|p1a: Blissey|Blissey, F|10\/100\n|move|p2a: Miraidon|Parabolic Charge|p1a: Blissey\n|-damage|p1a: Blissey|1\/100\n|-heal|p2a: Miraidon|33\/100|[from] drain|[of] p1a: Blissey\n|-damage|p2a: Miraidon|23\/100|[from] item: Life Orb\n|\n|upkeep\n|turn|36\n|\n|t:|1699977350\n|move|p2a: Miraidon|Parabolic Charge|p1a: Blissey\n|-damage|p1a: Blissey|0 fnt\n|-heal|p2a: Miraidon|23\/100|[from] drain|[of] p1a: Blissey\n|faint|p1a: Blissey\n|-damage|p2a: Miraidon|13\/100|[from] item: Life Orb\n|\n|upkeep\n|\n|t:|1699977372\n|switch|p1a: Gliscor|Gliscor, F, tera:Water|100\/100 tox\n|turn|37\n|\n|t:|1699977383\n|move|p2a: Miraidon|Parabolic Charge|p1a: Gliscor\n|-supereffective|p1a: Gliscor\n|-damage|p1a: Gliscor|25\/100 tox\n|-heal|p2a: Miraidon|53\/100|[from] drain|[of] p1a: Gliscor\n|-damage|p2a: Miraidon|43\/100|[from] item: Life Orb\n|move|p1a: Gliscor|Toxic|p2a: Miraidon\n|-status|p2a: Miraidon|tox\n|\n|-damage|p2a: Miraidon|37\/100 tox|[from] psn\n|-heal|p1a: Gliscor|37\/100 tox|[from] ability: Poison Heal\n|upkeep\n|turn|38\n|\n|t:|1699977388\n|move|p1a: Gliscor|Protect|p1a: Gliscor\n|-singleturn|p1a: Gliscor|Protect\n|move|p2a: Miraidon|Calm Mind|p2a: Miraidon\n|-boost|p2a: Miraidon|spa|1\n|-boost|p2a: Miraidon|spd|1\n|\n|-damage|p2a: Miraidon|24\/100 tox|[from] psn\n|-heal|p1a: Gliscor|50\/100 tox|[from] ability: Poison Heal\n|upkeep\n|turn|39\n|\n|t:|1699977392\n|move|p1a: Gliscor|Protect||[still]\n|-fail|p1a: Gliscor\n|move|p2a: Miraidon|Parabolic Charge|p1a: Gliscor\n|-supereffective|p1a: Gliscor\n|-damage|p1a: Gliscor|0 fnt\n|-heal|p2a: Miraidon|50\/100 tox|[from] drain|[of] p1a: Gliscor\n|faint|p1a: Gliscor\n|-damage|p2a: Miraidon|40\/100 tox|[from] item: Life Orb\n|\n|-damage|p2a: Miraidon|21\/100 tox|[from] psn\n|upkeep\n|c|\u2606Taka|gg\n|-message|Taka forfeited.\n|\n|win|banwobDPP\n|n|\u2606Taka|taka\n|n|\u2606banwobDPP|banwobdpp\n|n| loveksmn|loveksmn\n","uploadtime":1699977403,"views":8,"p1id":"taka","p2id":"banwobdpp","formatid":"gen9ubers","rating":0,"private":0,"password":""}