{"id":"gen9ubers-1972088348","p1":"Bruhitsjhian","p2":"onePlenty","format":"[Gen 9] Ubers","log":"|j|\u2606Bruhitsjhian\n|j|\u2606onePlenty\n|t:|1697811825\n|gametype|singles\n|player|p1|Bruhitsjhian|101|\n|player|p2|onePlenty|cynthia-gen4|\n|teamsize|p1|6\n|teamsize|p2|6\n|gen|9\n|tier|[Gen 9] Ubers\n|rule|Sleep Clause Mod: Limit one foe put to sleep\n|rule|Species Clause: Limit one of each Pok\u00e9mon\n|rule|OHKO Clause: OHKO moves are banned\n|rule|Evasion Items Clause: Evasion items are banned\n|rule|Evasion Moves Clause: Evasion moves are banned\n|rule|Endless Battle Clause: Forcing endless battles is banned\n|rule|HP Percentage Mod: HP is shown in percentages\n|clearpoke\n|poke|p1|Dragapult, M|\n|poke|p1|Kingambit, M|\n|poke|p1|Zacian-*|\n|poke|p1|Meowscarada, F|\n|poke|p1|Ursaluna-Bloodmoon, M|\n|poke|p1|Iron Bundle|\n|poke|p2|Indeedee-F, F|\n|poke|p2|Armarouge, F|\n|poke|p2|Polteageist-Antique|\n|poke|p2|Hatterene, F|\n|poke|p2|Volcarona, F|\n|poke|p2|Great Tusk|\n|teampreview\n|\n|t:|1697811857\n|start\n|switch|p1a: Ursaluna|Ursaluna-Bloodmoon, M|100\/100\n|switch|p2a: Indeedee|Indeedee-F, F|100\/100\n|-fieldstart|move: Psychic Terrain|[from] ability: Psychic Surge|[of] p2a: Indeedee\n|turn|1\n|\n|t:|1697811904\n|switch|p2a: Volcarona|Volcarona, F|100\/100\n|move|p1a: Ursaluna|Roar|p2a: Volcarona\n|drag|p2a: Great Tusk|Great Tusk|100\/100\n|\n|upkeep\n|turn|2\n|\n|t:|1697811923\n|-terastallize|p2a: Great Tusk|Water\n|move|p2a: Great Tusk|Close Combat|p1a: Ursaluna\n|-supereffective|p1a: Ursaluna\n|-damage|p1a: Ursaluna|21\/100\n|-unboost|p2a: Great Tusk|def|1\n|-unboost|p2a: Great Tusk|spd|1\n|move|p1a: Ursaluna|Roar|p2a: Great Tusk\n|-end|p2a: Great Tusk|Protosynthesis|[silent]\n|drag|p2a: Volcarona|Volcarona, F|100\/100\n|\n|-heal|p1a: Ursaluna|27\/100|[from] item: Leftovers\n|upkeep\n|turn|3\n|\n|t:|1697811940\n|move|p2a: Volcarona|Giga Drain|p1a: Ursaluna\n|-supereffective|p1a: Ursaluna\n|-damage|p1a: Ursaluna|0 fnt\n|faint|p1a: Ursaluna\n|\n|upkeep\n|\n|t:|1697811946\n|switch|p1a: Iron Bundle|Iron Bundle|100\/100\n|-enditem|p1a: Iron Bundle|Booster Energy\n|-activate|p1a: Iron Bundle|ability: Quark Drive|[fromitem]\n|-start|p1a: Iron Bundle|quarkdrivespe\n|turn|4\n|\n|t:|1697811964\n|-terastallize|p1a: Iron Bundle|Water\n|move|p1a: Iron Bundle|Flip Turn|p2a: Volcarona\n|-supereffective|p2a: Volcarona\n|-damage|p2a: Volcarona|32\/100\n|\n|t:|1697811975\n|-end|p1a: Iron Bundle|Quark Drive|[silent]\n|switch|p1a: Dragapult|Dragapult, M, shiny|100\/100|[from] Flip Turn\n|move|p2a: Volcarona|Giga Drain|p1a: Dragapult\n|-resisted|p1a: Dragapult\n|-damage|p1a: Dragapult|79\/100\n|-heal|p2a: Volcarona|43\/100|[from] drain|[of] p1a: Dragapult\n|\n|upkeep\n|turn|5\n|\n|t:|1697812005\n|switch|p2a: Indeedee|Indeedee-F, F|100\/100\n|move|p1a: Dragapult|Draco Meteor|p2a: Indeedee\n|-damage|p2a: Indeedee|30\/100\n|-unboost|p1a: Dragapult|spa|2\n|\n|upkeep\n|turn|6\n|\n|t:|1697812018\n|move|p1a: Dragapult|Flamethrower|p2a: Indeedee\n|-damage|p2a: Indeedee|16\/100\n|move|p2a: Indeedee|Healing Wish|p2a: Indeedee\n|faint|p2a: Indeedee\n|\n|upkeep\n|\n|t:|1697812024\n|switch|p2a: Volcarona|Volcarona, F|43\/100\n|-heal|p2a: Volcarona|100\/100|[from] move: Healing Wish\n|turn|7\n|\n|t:|1697812038\n|switch|p2a: Hatterene|Hatterene, F|100\/100\n|move|p1a: Dragapult|Draco Meteor|p2a: Hatterene\n|-immune|p2a: Hatterene\n|\n|upkeep\n|turn|8\n|\n|t:|1697812046\n|move|p1a: Dragapult|Shadow Ball|p2a: Hatterene\n|-supereffective|p2a: Hatterene\n|-crit|p2a: Hatterene\n|-damage|p2a: Hatterene|0 fnt\n|faint|p2a: Hatterene\n|\n|-fieldend|move: Psychic Terrain\n|upkeep\n|\n|t:|1697812063\n|switch|p2a: Great Tusk|Great Tusk, tera:Water|100\/100\n|turn|9\n|\n|t:|1697812068\n|move|p1a: Dragapult|Draco Meteor|p2a: Great Tusk\n|-damage|p2a: Great Tusk|55\/100\n|-unboost|p1a: Dragapult|spa|2\n|move|p2a: Great Tusk|Knock Off|p1a: Dragapult\n|-supereffective|p1a: Dragapult\n|-damage|p1a: Dragapult|0 fnt\n|-enditem|p1a: Dragapult|Focus Sash|[from] move: Knock Off|[of] p2a: Great Tusk\n|faint|p1a: Dragapult\n|\n|upkeep\n|\n|t:|1697812078\n|switch|p1a: Meowscarada|Meowscarada, F|100\/100\n|turn|10\n|\n|t:|1697812090\n|move|p1a: Meowscarada|Giga Drain|p2a: Great Tusk\n|-start|p1a: Meowscarada|typechange|Grass|[from] ability: Protean\n|-supereffective|p2a: Great Tusk\n|-damage|p2a: Great Tusk|0 fnt\n|faint|p2a: Great Tusk\n|-end|p2a: Great Tusk|Protosynthesis|[silent]\n|\n|upkeep\n|\n|t:|1697812103\n|switch|p2a: Armarouge|Armarouge, F|100\/100\n|turn|11\n|\n|t:|1697812109\n|move|p1a: Meowscarada|Knock Off|p2a: Armarouge\n|-supereffective|p2a: Armarouge\n|-damage|p2a: Armarouge|42\/100\n|-ability|p2a: Armarouge|Weak Armor|boost\n|-unboost|p2a: Armarouge|def|1\n|-boost|p2a: Armarouge|spe|2\n|-enditem|p2a: Armarouge|Focus Sash|[from] move: Knock Off|[of] p1a: Meowscarada\n|move|p2a: Armarouge|Armor Cannon|p1a: Meowscarada\n|-supereffective|p1a: Meowscarada\n|-damage|p1a: Meowscarada|0 fnt\n|-unboost|p2a: Armarouge|def|1\n|-unboost|p2a: Armarouge|spd|1\n|faint|p1a: Meowscarada\n|\n|upkeep\n|\n|t:|1697812124\n|switch|p1a: Kingambit|Kingambit, M|100\/100\n|-activate|p1a: Kingambit|ability: Supreme Overlord\n|-start|p1a: Kingambit|fallen3|[silent]\n|turn|12\n|\n|t:|1697812137\n|move|p1a: Kingambit|Sucker Punch|p2a: Armarouge\n|-supereffective|p2a: Armarouge\n|-damage|p2a: Armarouge|0 fnt\n|faint|p2a: Armarouge\n|\n|upkeep\n|\n|t:|1697812141\n|switch|p2a: Volcarona|Volcarona, F|100\/100\n|turn|13\n|\n|t:|1697812157\n|move|p2a: Volcarona|Fiery Dance|p1a: Kingambit\n|-supereffective|p1a: Kingambit\n|-damage|p1a: Kingambit|0 fnt\n|faint|p1a: Kingambit\n|-end|p1a: Kingambit|fallen3|[silent]\n|\n|upkeep\n|\n|t:|1697812165\n|switch|p1a: Iron Bundle|Iron Bundle, tera:Water|100\/100\n|turn|14\n|\n|t:|1697812181\n|move|p1a: Iron Bundle|Hydro Pump|p2a: Volcarona|[miss]\n|-miss|p1a: Iron Bundle|p2a: Volcarona\n|move|p2a: Volcarona|Giga Drain|p1a: Iron Bundle\n|-supereffective|p1a: Iron Bundle\n|-damage|p1a: Iron Bundle|0 fnt\n|faint|p1a: Iron Bundle\n|-end|p1a: Iron Bundle|Quark Drive|[silent]\n|\n|upkeep\n|\n|t:|1697812187\n|switch|p1a: Zacian|Zacian-Crowned, shiny|100\/100\n|-ability|p1a: Zacian|Intrepid Sword|boost\n|-boost|p1a: Zacian|atk|1\n|turn|15\n|\n|t:|1697812201\n|move|p1a: Zacian|Behemoth Blade|p2a: Volcarona\n|-resisted|p2a: Volcarona\n|-damage|p2a: Volcarona|33\/100\n|move|p2a: Volcarona|Fiery Dance|p1a: Zacian\n|-supereffective|p1a: Zacian\n|-damage|p1a: Zacian|8\/100\n|-boost|p2a: Volcarona|spa|1\n|\n|upkeep\n|turn|16\n|\n|t:|1697812213\n|move|p1a: Zacian|Behemoth Blade|p2a: Volcarona\n|-resisted|p2a: Volcarona\n|-damage|p2a: Volcarona|0 fnt\n|faint|p2a: Volcarona\n|\n|upkeep\n|\n|t:|1697812218\n|switch|p2a: Polteageist|Polteageist-Antique|100\/100\n|turn|17\n|\n|t:|1697812246\n|move|p1a: Zacian|Behemoth Blade|p2a: Polteageist\n|-enditem|p2a: Polteageist|Focus Sash\n|-damage|p2a: Polteageist|1\/100\n|-ability|p2a: Polteageist|Weak Armor|boost\n|-unboost|p2a: Polteageist|def|1\n|-boost|p2a: Polteageist|spe|2\n|move|p2a: Polteageist|Shadow Ball|p1a: Zacian\n|-damage|p1a: Zacian|0 fnt\n|faint|p1a: Zacian\n|\n|win|onePlenty\n","uploadtime":1697812305,"views":11,"p1id":"bruhitsjhian","p2id":"oneplenty","formatid":"gen9ubers","rating":0,"private":0,"password":""}