{"id":"gen9ubers-1995138842","p1":"Wssi","p2":"Skyiew","format":"[Gen 9] Ubers","log":"|j|\u2606Wssi\n|j|\u2606Skyiew\n|t:|1700526887\n|gametype|singles\n|player|p1|Wssi|backpacker|1572\n|player|p2|Skyiew|dawn|1561\n|teamsize|p1|6\n|teamsize|p2|6\n|gen|9\n|tier|[Gen 9] Ubers\n|rated|\n|rule|Sleep Clause Mod: Limit one foe put to sleep\n|rule|Species Clause: Limit one of each Pok\u00e9mon\n|rule|OHKO Clause: OHKO moves are banned\n|rule|Evasion Items Clause: Evasion items are banned\n|rule|Evasion Moves Clause: Evasion moves are banned\n|rule|Endless Battle Clause: Forcing endless battles is banned\n|rule|HP Percentage Mod: HP is shown in percentages\n|clearpoke\n|poke|p1|Zacian-*|\n|poke|p1|Koraidon|\n|poke|p1|Glimmora, F|\n|poke|p1|Arceus|\n|poke|p1|Groudon|\n|poke|p1|Miraidon|\n|poke|p2|Great Tusk|\n|poke|p2|Koraidon|\n|poke|p2|Miraidon|\n|poke|p2|Zacian-*|\n|poke|p2|Arceus-Ground|\n|poke|p2|Flutter Mane|\n|teampreview\n|c|\u2606Skyiew|oiiii\n|inactive|Battle timer is ON: inactive players will automatically lose when time's up. (requested by Wssi)\n|\n|t:|1700526911\n|start\n|switch|p1a: Groudon|Groudon|100\/100\n|switch|p2a: Great Tusk|Great Tusk|100\/100\n|-weather|SunnyDay|[from] ability: Drought|[of] p1a: Groudon\n|-activate|p2a: Great Tusk|ability: Protosynthesis\n|-start|p2a: Great Tusk|protosynthesisspe\n|turn|1\n|\n|t:|1700526914\n|move|p2a: Great Tusk|Taunt|p1a: Groudon\n|-start|p1a: Groudon|move: Taunt\n|cant|p1a: Groudon|move: Taunt|Will-O-Wisp\n|\n|-weather|SunnyDay|[upkeep]\n|upkeep\n|turn|2\n|\n|t:|1700526918\n|switch|p1a: Glimmora|Glimmora, F|100\/100\n|move|p2a: Great Tusk|Stealth Rock|p1a: Glimmora\n|-sidestart|p1: Wssi|move: Stealth Rock\n|\n|-weather|SunnyDay|[upkeep]\n|upkeep\n|turn|3\n|\n|t:|1700526922\n|move|p2a: Great Tusk|Taunt|p1a: Glimmora\n|-start|p1a: Glimmora|move: Taunt\n|move|p1a: Glimmora|Mortal Spin|p2a: Great Tusk\n|-resisted|p2a: Great Tusk\n|-damage|p2a: Great Tusk|98\/100\n|-status|p2a: Great Tusk|psn\n|-sideend|p1: Wssi|Stealth Rock|[from] move: Mortal Spin|[of] p1a: Glimmora\n|\n|-weather|SunnyDay|[upkeep]\n|-damage|p2a: Great Tusk|86\/100 psn|[from] psn\n|upkeep\n|turn|4\n|\n|t:|1700526946\n|move|p2a: Great Tusk|Rapid Spin|p1a: Glimmora\n|-resisted|p1a: Glimmora\n|-damage|p1a: Glimmora|91\/100\n|-boost|p2a: Great Tusk|spe|1\n|-activate|p1a: Glimmora|ability: Toxic Debris\n|-sidestart|p2: Skyiew|move: Toxic Spikes\n|-sideend|p2: Skyiew|Toxic Spikes|[from] move: Rapid Spin|[of] p2a: Great Tusk\n|move|p1a: Glimmora|Earth Power|p2a: Great Tusk\n|-damage|p2a: Great Tusk|43\/100 psn\n|\n|-weather|SunnyDay|[upkeep]\n|-damage|p2a: Great Tusk|30\/100 psn|[from] psn\n|upkeep\n|turn|5\n|j| bimbo mais\n|\n|t:|1700526956\n|move|p2a: Great Tusk|Headlong Rush|p1a: Glimmora\n|-supereffective|p1a: Glimmora\n|-damage|p1a: Glimmora|0 fnt\n|-unboost|p2a: Great Tusk|def|1\n|-unboost|p2a: Great Tusk|spd|1\n|-activate|p1a: Glimmora|ability: Toxic Debris\n|-sidestart|p2: Skyiew|move: Toxic Spikes\n|faint|p1a: Glimmora\n|\n|-weather|none\n|-end|p2a: Great Tusk|Protosynthesis\n|-damage|p2a: Great Tusk|18\/100 psn|[from] psn\n|upkeep\n|-enditem|p2a: Great Tusk|Booster Energy\n|-activate|p2a: Great Tusk|ability: Protosynthesis|[fromitem]\n|-start|p2a: Great Tusk|protosynthesisspe\n|\n|t:|1700526960\n|switch|p1a: Arceus|Arceus|100\/100\n|turn|6\n|\n|t:|1700526964\n|-end|p2a: Great Tusk|Protosynthesis|[silent]\n|switch|p2a: Feeling Myself|Flutter Mane|100\/100\n|-status|p2a: Feeling Myself|psn\n|move|p1a: Arceus|Extreme Speed|p2a: Feeling Myself\n|-immune|p2a: Feeling Myself\n|\n|-damage|p2a: Feeling Myself|88\/100 psn|[from] psn\n|upkeep\n|turn|7\n|\n|t:|1700526971\n|move|p2a: Feeling Myself|Moonblast|p1a: Arceus\n|-damage|p1a: Arceus|49\/100\n|-unboost|p1a: Arceus|spa|1\n|move|p1a: Arceus|Shadow Claw|p2a: Feeling Myself\n|-supereffective|p2a: Feeling Myself\n|-damage|p2a: Feeling Myself|0 fnt\n|faint|p2a: Feeling Myself\n|-end|p2a: Feeling Myself|Protosynthesis|[silent]\n|\n|upkeep\n|\n|t:|1700526978\n|switch|p2a: Want Some More|Zacian-Crowned|100\/100\n|-ability|p2a: Want Some More|Intrepid Sword|boost\n|-boost|p2a: Want Some More|atk|1\n|turn|8\n|\n|t:|1700526992\n|switch|p1a: Groudon|Groudon|100\/100\n|-weather|SunnyDay|[from] ability: Drought|[of] p1a: Groudon\n|move|p2a: Want Some More|Behemoth Blade|p1a: Groudon\n|-damage|p1a: Groudon|62\/100\n|\n|-weather|SunnyDay|[upkeep]\n|-heal|p1a: Groudon|68\/100|[from] item: Leftovers\n|upkeep\n|turn|9\n|\n|t:|1700527001\n|switch|p2a: Great Tusk|Great Tusk|18\/100 psn\n|-activate|p2a: Great Tusk|ability: Protosynthesis\n|-start|p2a: Great Tusk|protosynthesisspe\n|move|p1a: Groudon|Earthquake|p2a: Great Tusk\n|-damage|p2a: Great Tusk|0 fnt\n|faint|p2a: Great Tusk\n|-end|p2a: Great Tusk|Protosynthesis|[silent]\n|\n|-weather|SunnyDay|[upkeep]\n|-heal|p1a: Groudon|74\/100|[from] item: Leftovers\n|upkeep\n|\n|t:|1700527005\n|switch|p2a: Anaconda|Miraidon|100\/100\n|-fieldstart|move: Electric Terrain|[from] ability: Hadron Engine|[of] p2a: Anaconda\n|turn|10\n|\n|t:|1700527012\n|switch|p1a: Arceus|Arceus|49\/100\n|move|p2a: Anaconda|Draco Meteor|p1a: Arceus\n|-damage|p1a: Arceus|0 fnt\n|-unboost|p2a: Anaconda|spa|2\n|faint|p1a: Arceus\n|\n|-weather|SunnyDay|[upkeep]\n|upkeep\n|\n|t:|1700527017\n|switch|p1a: Zacian|Zacian-Crowned|100\/100\n|-ability|p1a: Zacian|Intrepid Sword|boost\n|-boost|p1a: Zacian|atk|1\n|turn|11\n|c|\u2606Wssi|Caralho\n|c|\u2606Wssi|Vi agora que \u00e9 tu\n|c|\u2606Wssi|Sou f\u00e3\n|inactive|Wssi has 120 seconds left.\n|\n|t:|1700527051\n|switch|p2a: Want Some More|Zacian-Crowned|100\/100\n|move|p1a: Zacian|Trailblaze|p2a: Want Some More\n|-resisted|p2a: Want Some More\n|-damage|p2a: Want Some More|84\/100\n|-boost|p1a: Zacian|spe|1\n|\n|-weather|SunnyDay|[upkeep]\n|upkeep\n|turn|12\n|inactive|Skyiew has 120 seconds left.\n|\n|t:|1700527072\n|-terastallize|p1a: Zacian|Ground\n|move|p1a: Zacian|Tera Blast|p2a: Want Some More|[anim] Tera Blast Ground\n|-supereffective|p2a: Want Some More\n|-damage|p2a: Want Some More|0 fnt\n|faint|p2a: Want Some More\n|\n|-weather|none\n|upkeep\n|inactive|Skyiew has 120 seconds left.\n|c|\u2606Wssi|KKKKKKKKKKKKKKK por essa voc\u00ea n\u00e3o esperava\n|c|\u2606Skyiew|gg\n|c|\u2606Skyiew|trailblaze eu nao esperava\n|c|\u2606Skyiew|sabe muito irmao\n|inactive|Skyiew has 90 seconds left.\n|c|\u2606Wssi|Tamo junto\n|\n|t:|1700527126\n|switch|p2a: Grand Piano|Arceus-Ground|100\/100\n|-status|p2a: Grand Piano|psn\n|turn|13\n|\n|t:|1700527138\n|move|p1a: Zacian|Tera Blast|p2a: Grand Piano|[anim] Tera Blast Ground\n|-damage|p2a: Grand Piano|55\/100 psn\n|move|p2a: Grand Piano|Earthquake|p1a: Zacian\n|-damage|p1a: Zacian|39\/100\n|\n|-damage|p2a: Grand Piano|43\/100 psn|[from] psn\n|upkeep\n|turn|14\n|inactive|Skyiew has 90 seconds left.\n|\n|t:|1700527146\n|move|p1a: Zacian|Tera Blast|p2a: Grand Piano|[anim] Tera Blast Ground\n|-damage|p2a: Grand Piano|0 fnt\n|faint|p2a: Grand Piano\n|\n|-fieldend|move: Electric Terrain\n|upkeep\n|inactive|Skyiew has 90 seconds left.\n|\n|t:|1700527152\n|switch|p2a: Trini Dem Girls|Koraidon|100\/100\n|-status|p2a: Trini Dem Girls|psn\n|-weather|SunnyDay|[from] ability: Orichalcum Pulse|[of] p2a: Trini Dem Girls\n|-activate|p2a: Trini Dem Girls|Orichalcum Pulse|[source]\n|turn|15\n|\n|t:|1700527157\n|-terastallize|p2a: Trini Dem Girls|Fire\n|move|p1a: Zacian|Play Rough|p2a: Trini Dem Girls\n|-resisted|p2a: Trini Dem Girls\n|-damage|p2a: Trini Dem Girls|64\/100 psn\n|move|p2a: Trini Dem Girls|Dragon Claw|p1a: Zacian\n|-damage|p1a: Zacian|0 fnt\n|faint|p1a: Zacian\n|\n|-weather|SunnyDay|[upkeep]\n|-damage|p2a: Trini Dem Girls|51\/100 psn|[from] psn\n|upkeep\n|\n|t:|1700527167\n|switch|p1a: Groudon|Groudon|74\/100\n|turn|16\n|\n|t:|1700527171\n|switch|p2a: Anaconda|Miraidon|100\/100\n|-fieldstart|move: Electric Terrain|[from] ability: Hadron Engine|[of] p2a: Anaconda\n|move|p1a: Groudon|Earthquake|p2a: Anaconda\n|-supereffective|p2a: Anaconda\n|-damage|p2a: Anaconda|9\/100\n|\n|-weather|SunnyDay|[upkeep]\n|-heal|p1a: Groudon|80\/100|[from] item: Leftovers\n|upkeep\n|turn|17\n|inactive|Skyiew has 120 seconds left.\n|\n|t:|1700527188\n|switch|p1a: Miraidon|Miraidon|100\/100\n|-activate|p1a: Miraidon|ability: Hadron Engine\n|move|p2a: Anaconda|Draco Meteor|p1a: Miraidon\n|-supereffective|p1a: Miraidon\n|-damage|p1a: Miraidon|0 fnt\n|-unboost|p2a: Anaconda|spa|2\n|faint|p1a: Miraidon\n|\n|-weather|SunnyDay|[upkeep]\n|upkeep\n|\n|t:|1700527196\n|switch|p1a: Koraidon|Koraidon|100\/100\n|-activate|p1a: Koraidon|ability: Orichalcum Pulse\n|turn|18\n|\n|t:|1700527201\n|move|p1a: Koraidon|U-turn|p2a: Anaconda\n|-damage|p2a: Anaconda|0 fnt\n|faint|p2a: Anaconda\n|\n|t:|1700527204\n|switch|p1a: Groudon|Groudon|80\/100|[from] U-turn\n|\n|-weather|SunnyDay|[upkeep]\n|-heal|p1a: Groudon|87\/100|[from] item: Leftovers\n|upkeep\n|\n|t:|1700527212\n|switch|p2a: Trini Dem Girls|Koraidon, tera:Fire|51\/100 psn\n|-activate|p2a: Trini Dem Girls|ability: Orichalcum Pulse\n|turn|19\n|\n|t:|1700527214\n|move|p2a: Trini Dem Girls|Dragon Claw|p1a: Groudon\n|-damage|p1a: Groudon|59\/100\n|move|p1a: Groudon|Earthquake|p2a: Trini Dem Girls\n|-supereffective|p2a: Trini Dem Girls\n|-damage|p2a: Trini Dem Girls|0 fnt\n|faint|p2a: Trini Dem Girls\n|\n|win|Wssi\n|raw|Wssi's rating: 1572 &rarr; <strong>1591<\/strong><br \/>(+19 for winning)\n|raw|Skyiew's rating: 1561 &rarr; <strong>1542<\/strong><br \/>(-19 for losing)\n|c|\u2606Wssi|Gg\n|c|\u2606Skyiew|gg\n|l|\u2606Skyiew\n|c|\u2606Wssi|Sou f\u00e3\n|l| bimbo mais\n","uploadtime":1700527245,"views":1,"p1id":"wssi","p2id":"skyiew","formatid":"gen9ubers","rating":1542,"private":0,"password":""}