{"id":"gen9ubers-1990603514","p1":"BugMatcher","p2":"xinjuju","format":"[Gen 9] Ubers","log":"|j|\u2606BugMatcher\n|j|\u2606xinjuju\n|t:|1699984980\n|gametype|singles\n|player|p1|BugMatcher|bugsy|1141\n|player|p2|xinjuju|parasollady-gen4|1130\n|teamsize|p1|6\n|teamsize|p2|6\n|gen|9\n|tier|[Gen 9] Ubers\n|rated|\n|rule|Sleep Clause Mod: Limit one foe put to sleep\n|rule|Species Clause: Limit one of each Pok\u00e9mon\n|rule|OHKO Clause: OHKO moves are banned\n|rule|Evasion Items Clause: Evasion items are banned\n|rule|Evasion Moves Clause: Evasion moves are banned\n|rule|Endless Battle Clause: Forcing endless battles is banned\n|rule|HP Percentage Mod: HP is shown in percentages\n|clearpoke\n|poke|p1|Miraidon|\n|poke|p1|Koraidon|\n|poke|p1|Zacian-*|\n|poke|p1|Groudon|\n|poke|p1|Flutter Mane|\n|poke|p1|Arceus|\n|poke|p2|Giratina-Origin|\n|poke|p2|Miraidon|\n|poke|p2|Koraidon|\n|poke|p2|Ribombee, F|\n|poke|p2|Zacian-*|\n|poke|p2|Great Tusk|\n|teampreview\n|inactive|Battle timer is ON: inactive players will automatically lose when time's up. (requested by BugMatcher)\n|\n|t:|1699984990\n|start\n|switch|p1a: Groudon|Groudon|100\/100\n|switch|p2a: Ribombee|Ribombee, F|100\/100\n|-weather|SunnyDay|[from] ability: Drought|[of] p1a: Groudon\n|turn|1\n|\n|t:|1699985003\n|move|p2a: Ribombee|Sticky Web|p1a: Groudon\n|-sidestart|p1: BugMatcher|move: Sticky Web\n|move|p1a: Groudon|Precipice Blades|p2a: Ribombee\n|-resisted|p2a: Ribombee\n|-damage|p2a: Ribombee|55\/100\n|\n|-weather|SunnyDay|[upkeep]\n|upkeep\n|turn|2\n|\n|t:|1699985013\n|switch|p1a: Flutter Mane|Flutter Mane|100\/100\n|-activate|p1a: Flutter Mane|move: Sticky Web\n|-unboost|p1a: Flutter Mane|spe|1\n|-activate|p1a: Flutter Mane|ability: Protosynthesis\n|-start|p1a: Flutter Mane|protosynthesisspa\n|move|p2a: Ribombee|Moonblast|p1a: Flutter Mane\n|-damage|p1a: Flutter Mane|67\/100\n|\n|-weather|SunnyDay|[upkeep]\n|upkeep\n|turn|3\n|\n|t:|1699985025\n|-terastallize|p1a: Flutter Mane|Fairy\n|move|p2a: Ribombee|Moonblast|p1a: Flutter Mane\n|-damage|p1a: Flutter Mane|32\/100\n|-unboost|p1a: Flutter Mane|spa|1\n|move|p1a: Flutter Mane|Moonblast|p2a: Ribombee\n|-damage|p2a: Ribombee|0 fnt\n|faint|p2a: Ribombee\n|\n|-weather|SunnyDay|[upkeep]\n|upkeep\n|\n|t:|1699985046\n|switch|p2a: Miraidon|Miraidon|100\/100\n|-fieldstart|move: Electric Terrain|[from] ability: Hadron Engine|[of] p2a: Miraidon\n|turn|4\n|\n|t:|1699985052\n|move|p2a: Miraidon|Electro Drift|p1a: Flutter Mane\n|-damage|p1a: Flutter Mane|0 fnt\n|faint|p1a: Flutter Mane\n|-end|p1a: Flutter Mane|Protosynthesis|[silent]\n|-damage|p2a: Miraidon|91\/100|[from] item: Life Orb\n|\n|-weather|SunnyDay|[upkeep]\n|upkeep\n|\n|t:|1699985059\n|switch|p1a: Zacian|Zacian-Crowned|100\/100\n|-activate|p1a: Zacian|move: Sticky Web\n|-unboost|p1a: Zacian|spe|1\n|-ability|p1a: Zacian|Intrepid Sword|boost\n|-boost|p1a: Zacian|atk|1\n|turn|5\n|\n|t:|1699985067\n|move|p2a: Miraidon|Electro Drift|p1a: Zacian\n|-damage|p1a: Zacian|0 fnt\n|faint|p1a: Zacian\n|-damage|p2a: Miraidon|81\/100|[from] item: Life Orb\n|\n|-weather|none\n|upkeep\n|\n|t:|1699985072\n|switch|p1a: Groudon|Groudon|100\/100\n|-activate|p1a: Groudon|move: Sticky Web\n|-unboost|p1a: Groudon|spe|1\n|-weather|SunnyDay|[from] ability: Drought|[of] p1a: Groudon\n|turn|6\n|\n|t:|1699985075\n|switch|p2a: Great Tusk|Great Tusk|100\/100\n|-activate|p2a: Great Tusk|ability: Protosynthesis\n|-start|p2a: Great Tusk|protosynthesisdef\n|move|p1a: Groudon|Precipice Blades|p2a: Great Tusk\n|-damage|p2a: Great Tusk|73\/100\n|\n|-weather|SunnyDay|[upkeep]\n|upkeep\n|turn|7\n|\n|t:|1699985082\n|move|p2a: Great Tusk|Stealth Rock|p1a: Groudon\n|-sidestart|p1: BugMatcher|move: Stealth Rock\n|move|p1a: Groudon|Will-O-Wisp|p2a: Great Tusk\n|-status|p2a: Great Tusk|brn\n|\n|-weather|SunnyDay|[upkeep]\n|-damage|p2a: Great Tusk|67\/100 brn|[from] brn\n|upkeep\n|turn|8\n|\n|t:|1699985087\n|move|p2a: Great Tusk|Earthquake|p1a: Groudon\n|-damage|p1a: Groudon|90\/100\n|move|p1a: Groudon|Precipice Blades|p2a: Great Tusk\n|-damage|p2a: Great Tusk|39\/100 brn\n|\n|-weather|SunnyDay|[upkeep]\n|-heal|p1a: Groudon|96\/100|[from] item: Leftovers\n|-damage|p2a: Great Tusk|33\/100 brn|[from] brn\n|-fieldend|move: Electric Terrain\n|upkeep\n|turn|9\n|\n|t:|1699985107\n|switch|p1a: Arceus|Arceus|100\/100\n|-activate|p1a: Arceus|move: Sticky Web\n|-unboost|p1a: Arceus|spe|1\n|-damage|p1a: Arceus|88\/100|[from] Stealth Rock\n|move|p2a: Great Tusk|Earthquake|p1a: Arceus\n|-damage|p1a: Arceus|73\/100\n|\n|-weather|SunnyDay|[upkeep]\n|-damage|p2a: Great Tusk|26\/100 brn|[from] brn\n|upkeep\n|turn|10\n|\n|t:|1699985118\n|-end|p2a: Great Tusk|Protosynthesis|[silent]\n|switch|p2a: Koraidon|Koraidon|100\/100\n|-activate|p2a: Koraidon|ability: Orichalcum Pulse\n|move|p1a: Arceus|Swords Dance|p1a: Arceus\n|-boost|p1a: Arceus|atk|2\n|\n|-weather|none\n|upkeep\n|turn|11\n|\n|t:|1699985123\n|move|p1a: Arceus|Extreme Speed|p2a: Koraidon\n|-damage|p2a: Koraidon|10\/100\n|move|p2a: Koraidon|Close Combat|p1a: Arceus\n|-supereffective|p1a: Arceus\n|-damage|p1a: Arceus|0 fnt\n|-unboost|p2a: Koraidon|def|1\n|-unboost|p2a: Koraidon|spd|1\n|faint|p1a: Arceus\n|\n|upkeep\n|\n|t:|1699985129\n|switch|p1a: Miraidon|Miraidon|100\/100\n|-fieldstart|move: Electric Terrain|[from] ability: Hadron Engine|[of] p1a: Miraidon\n|turn|12\n|\n|t:|1699985140\n|move|p1a: Miraidon|Electro Drift|p2a: Koraidon\n|-resisted|p2a: Koraidon\n|-damage|p2a: Koraidon|0 fnt\n|faint|p2a: Koraidon\n|\n|upkeep\n|\n|t:|1699985150\n|switch|p2a: Zacian|Zacian-Crowned|100\/100\n|-ability|p2a: Zacian|Intrepid Sword|boost\n|-boost|p2a: Zacian|atk|1\n|turn|13\n|\n|t:|1699985159\n|move|p2a: Zacian|Play Rough|p1a: Miraidon\n|-supereffective|p1a: Miraidon\n|-damage|p1a: Miraidon|0 fnt\n|faint|p1a: Miraidon\n|\n|upkeep\n|\n|t:|1699985163\n|switch|p1a: Groudon|Groudon|96\/100\n|-activate|p1a: Groudon|move: Sticky Web\n|-unboost|p1a: Groudon|spe|1\n|-damage|p1a: Groudon|90\/100|[from] Stealth Rock\n|-weather|SunnyDay|[from] ability: Drought|[of] p1a: Groudon\n|turn|14\n|\n|t:|1699985165\n|switch|p2a: Great Tusk|Great Tusk|26\/100 brn\n|-activate|p2a: Great Tusk|ability: Protosynthesis\n|-start|p2a: Great Tusk|protosynthesisdef\n|move|p1a: Groudon|Precipice Blades|p2a: Great Tusk\n|-damage|p2a: Great Tusk|0 fnt\n|faint|p2a: Great Tusk\n|-end|p2a: Great Tusk|Protosynthesis|[silent]\n|\n|-weather|SunnyDay|[upkeep]\n|-heal|p1a: Groudon|96\/100|[from] item: Leftovers\n|upkeep\n|\n|t:|1699985170\n|switch|p2a: Giratina|Giratina-Origin|100\/100\n|turn|15\n|\n|t:|1699985173\n|move|p2a: Giratina|Shadow Ball|p1a: Groudon\n|-damage|p1a: Groudon|48\/100\n|-unboost|p1a: Groudon|spd|1\n|move|p1a: Groudon|Precipice Blades|p2a: Giratina\n|-immune|p2a: Giratina|[from] ability: Levitate\n|\n|-weather|SunnyDay|[upkeep]\n|-heal|p1a: Groudon|54\/100|[from] item: Leftovers\n|upkeep\n|turn|16\n|-message|BugMatcher forfeited.\n|\n|win|xinjuju\n|raw|BugMatcher's rating: 1141 &rarr; <strong>1115<\/strong><br \/>(-26 for losing)\n|raw|xinjuju's rating: 1130 &rarr; <strong>1156<\/strong><br \/>(+26 for winning)\n|l|\u2606BugMatcher\n","uploadtime":1699985183,"views":10,"p1id":"bugmatcher","p2id":"xinjuju","formatid":"gen9ubers","rating":1115,"private":0,"password":""}