{"id":"gen9ubers-1994322270","p1":"Baton Pass is Fine","p2":"Jsaispo","format":"[Gen 9] Ubers","log":"|j|\u2606Baton Pass is Fine\n|j|\u2606Jsaispo\n|t:|1700430959\n|gametype|singles\n|player|p1|Baton Pass is Fine|supernerd|1384\n|player|p2|Jsaispo|170|1410\n|teamsize|p1|6\n|teamsize|p2|6\n|gen|9\n|tier|[Gen 9] Ubers\n|rated|\n|rule|Sleep Clause Mod: Limit one foe put to sleep\n|rule|Species Clause: Limit one of each Pok\u00e9mon\n|rule|OHKO Clause: OHKO moves are banned\n|rule|Evasion Items Clause: Evasion items are banned\n|rule|Evasion Moves Clause: Evasion moves are banned\n|rule|Endless Battle Clause: Forcing endless battles is banned\n|rule|HP Percentage Mod: HP is shown in percentages\n|clearpoke\n|poke|p1|Miraidon|\n|poke|p1|Iron Valiant|\n|poke|p1|Iron Bundle|\n|poke|p1|Gholdengo|\n|poke|p1|Glimmora, M|\n|poke|p1|Skeledirge, M|\n|poke|p2|Arceus-Ghost|\n|poke|p2|Zacian-*|\n|poke|p2|Rayquaza|\n|poke|p2|Kyogre|\n|poke|p2|Basculegion, M|\n|poke|p2|Iron Bundle|\n|teampreview\n|inactive|Battle timer is ON: inactive players will automatically lose when time's up. (requested by Baton Pass is Fine)\n|\n|t:|1700430968\n|start\n|switch|p1a: Miraidon|Miraidon|100\/100\n|switch|p2a: Arceus|Arceus-Ghost|100\/100\n|-fieldstart|move: Electric Terrain|[from] ability: Hadron Engine|[of] p1a: Miraidon\n|turn|1\n|\n|t:|1700430982\n|move|p1a: Miraidon|Electro Drift|p2a: Arceus\n|-damage|p2a: Arceus|0 fnt\n|faint|p2a: Arceus\n|\n|upkeep\n|\n|t:|1700430988\n|switch|p2a: Zacian|Zacian-Crowned|100\/100\n|-ability|p2a: Zacian|Intrepid Sword|boost\n|-boost|p2a: Zacian|atk|1\n|turn|2\n|\n|t:|1700430992\n|switch|p1a: Skeledirge|Skeledirge, M|100\/100\n|move|p2a: Zacian|Swords Dance|p2a: Zacian\n|-boost|p2a: Zacian|atk|2\n|\n|upkeep\n|turn|3\n|\n|t:|1700431004\n|switch|p2a: Kyogre|Kyogre|100\/100\n|-weather|RainDance|[from] ability: Drizzle|[of] p2a: Kyogre\n|switch|p1a: Glimmora|Glimmora, M|100\/100\n|\n|-weather|RainDance|[upkeep]\n|upkeep\n|turn|4\n|\n|t:|1700431009\n|move|p2a: Kyogre|Water Spout|p1a: Glimmora\n|-supereffective|p1a: Glimmora\n|-enditem|p1a: Glimmora|Focus Sash\n|-damage|p1a: Glimmora|1\/100\n|move|p1a: Glimmora|Mortal Spin|p2a: Kyogre\n|-damage|p2a: Kyogre|94\/100\n|-status|p2a: Kyogre|psn\n|\n|-weather|RainDance|[upkeep]\n|-damage|p2a: Kyogre|82\/100 psn|[from] psn\n|upkeep\n|turn|5\n|\n|t:|1700431014\n|move|p2a: Kyogre|Water Spout|p1a: Glimmora\n|-supereffective|p1a: Glimmora\n|-damage|p1a: Glimmora|0 fnt\n|faint|p1a: Glimmora\n|\n|-weather|RainDance|[upkeep]\n|-damage|p2a: Kyogre|70\/100 psn|[from] psn\n|-fieldend|move: Electric Terrain\n|upkeep\n|\n|t:|1700431017\n|switch|p1a: Miraidon|Miraidon|100\/100\n|-fieldstart|move: Electric Terrain|[from] ability: Hadron Engine|[of] p1a: Miraidon\n|turn|6\n|\n|t:|1700431031\n|switch|p2a: Zacian|Zacian-Crowned|100\/100\n|move|p1a: Miraidon|Electro Drift|p2a: Zacian\n|-damage|p2a: Zacian|0 fnt\n|faint|p2a: Zacian\n|\n|-weather|RainDance|[upkeep]\n|upkeep\n|\n|t:|1700431033\n|switch|p2a: Basculegion|Basculegion, M|100\/100\n|turn|7\n|\n|t:|1700431046\n|switch|p1a: Iron Valiant|Iron Valiant|100\/100\n|-activate|p1a: Iron Valiant|ability: Quark Drive\n|-start|p1a: Iron Valiant|quarkdrivespe\n|-terastallize|p2a: Basculegion|Ghost\n|move|p2a: Basculegion|Last Respects|p1a: Iron Valiant\n|-damage|p1a: Iron Valiant|0 fnt\n|faint|p1a: Iron Valiant\n|-end|p1a: Iron Valiant|Quark Drive|[silent]\n|\n|-weather|none\n|upkeep\n|\n|t:|1700431049\n|switch|p1a: Iron Bundle|Iron Bundle|100\/100\n|-activate|p1a: Iron Bundle|ability: Quark Drive\n|-start|p1a: Iron Bundle|quarkdrivespe\n|turn|8\n|\n|t:|1700431077\n|switch|p2a: Iron Bundle|Iron Bundle|100\/100\n|-activate|p2a: Iron Bundle|ability: Quark Drive\n|-start|p2a: Iron Bundle|quarkdrivespe\n|move|p1a: Iron Bundle|Ice Beam|p2a: Iron Bundle\n|-resisted|p2a: Iron Bundle\n|-damage|p2a: Iron Bundle|68\/100\n|-damage|p1a: Iron Bundle|91\/100|[from] item: Life Orb\n|\n|upkeep\n|turn|9\n|\n|t:|1700431093\n|-terastallize|p1a: Iron Bundle|Electric\n|move|p2a: Iron Bundle|Hydro Pump|p1a: Iron Bundle\n|-crit|p1a: Iron Bundle\n|-damage|p1a: Iron Bundle|0 fnt\n|faint|p1a: Iron Bundle\n|-end|p1a: Iron Bundle|Quark Drive|[silent]\n|\n|upkeep\n|c|\u2606Baton Pass is Fine|FUCKING CRIT\n|c|\u2606Baton Pass is Fine|HOLY SHIT\n|c|\u2606Baton Pass is Fine|6 IN A ROW\n|c|\u2606Baton Pass is Fine|LOST TO HAX\n|inactive|Baton Pass is Fine has 120 seconds left.\n|c|\u2606Baton Pass is Fine|FUCK MY ASSHOLE\n|-message|Baton Pass is Fine forfeited.\n|\n|win|Jsaispo\n|raw|Baton Pass is Fine's rating: 1384 &rarr; <strong>1364<\/strong><br \/>(-20 for losing)\n|raw|Jsaispo's rating: 1392 &rarr; <strong>1412<\/strong><br \/>(+20 for winning)\n","uploadtime":1700431113,"views":3,"p1id":"batonpassisfine","p2id":"jsaispo","formatid":"gen9ubers","rating":1364,"private":0,"password":""}