{"id":"gen9ubers-1994221000","p1":"Koenni_1902","p2":"XxFeopardoxX","format":"[Gen 9] Ubers","log":"|j|\u2606Koenni_1902\n|j|\u2606XxFeopardoxX\n|t:|1700420403\n|gametype|singles\n|player|p1|Koenni_1902|benga|\n|player|p2|XxFeopardoxX|red-gen3|\n|teamsize|p1|6\n|teamsize|p2|6\n|gen|9\n|tier|[Gen 9] Ubers\n|rule|Sleep Clause Mod: Limit one foe put to sleep\n|rule|Species Clause: Limit one of each Pok\u00e9mon\n|rule|OHKO Clause: OHKO moves are banned\n|rule|Evasion Items Clause: Evasion items are banned\n|rule|Evasion Moves Clause: Evasion moves are banned\n|rule|Endless Battle Clause: Forcing endless battles is banned\n|rule|HP Percentage Mod: HP is shown in percentages\n|clearpoke\n|poke|p1|Arceus-Electric|\n|poke|p1|Sylveon, M|\n|poke|p1|Urshifu-*, M|\n|poke|p1|Mandibuzz, F|\n|poke|p1|Ursaluna, F|\n|poke|p1|Kleavor, M|\n|poke|p2|Corviknight, M|\n|poke|p2|Chi-Yu|\n|poke|p2|Sneasler, M|\n|poke|p2|Spectrier|\n|poke|p2|Empoleon, F|\n|poke|p2|Landorus-Therian, M|\n|teampreview\n|c|\u2606XxFeopardoxX|glhf\n|c|\u2606Koenni_1902|u2\n|\n|t:|1700420493\n|start\n|switch|p1a: Azael|Arceus-Electric|100\/100\n|switch|p2a: Landorus|Landorus-Therian, M|100\/100\n|-ability|p2a: Landorus|Intimidate|boost\n|-unboost|p1a: Azael|atk|1\n|turn|1\n|\n|t:|1700420602\n|switch|p2a: Empoleon|Empoleon, F|100\/100\n|move|p1a: Azael|Ice Beam|p2a: Empoleon\n|-resisted|p2a: Empoleon\n|-damage|p2a: Empoleon|95\/100\n|\n|-heal|p2a: Empoleon|100\/100|[from] item: Leftovers\n|upkeep\n|turn|2\n|\n|t:|1700420679\n|move|p1a: Azael|Judgment|p2a: Empoleon\n|-supereffective|p2a: Empoleon\n|-damage|p2a: Empoleon|16\/100\n|move|p2a: Empoleon|Earthquake|p1a: Azael\n|-supereffective|p1a: Azael\n|-damage|p1a: Azael|72\/100\n|\n|-heal|p2a: Empoleon|22\/100|[from] item: Leftovers\n|upkeep\n|turn|3\n|\n|t:|1700420715\n|move|p1a: Azael|Judgment|p2a: Empoleon\n|-supereffective|p2a: Empoleon\n|-damage|p2a: Empoleon|0 fnt\n|faint|p2a: Empoleon\n|\n|upkeep\n|\n|t:|1700420733\n|switch|p2a: Sneasler|Sneasler, M|100\/100\n|-ability|p2a: Sneasler|Pressure\n|turn|4\n|\n|t:|1700420815\n|switch|p1a: Meg|Mandibuzz, F|100\/100\n|move|p2a: Sneasler|Close Combat|p1a: Meg\n|-damage|p1a: Meg|63\/100\n|-unboost|p2a: Sneasler|def|1\n|-unboost|p2a: Sneasler|spd|1\n|-enditem|p2a: Sneasler|White Herb\n|-clearnegativeboost|p2a: Sneasler|[silent]\n|\n|upkeep\n|turn|5\n|\n|t:|1700420851\n|move|p2a: Sneasler|Swords Dance|p2a: Sneasler\n|-boost|p2a: Sneasler|atk|2\n|move|p1a: Meg|Roost|p1a: Meg\n|-heal|p1a: Meg|100\/100\n|-singleturn|p1a: Meg|move: Roost\n|\n|upkeep\n|turn|6\n|\n|t:|1700420953\n|switch|p1a: Bobby|Ursaluna, F|100\/100\n|move|p2a: Sneasler|Close Combat|p1a: Bobby\n|-supereffective|p1a: Bobby\n|-damage|p1a: Bobby|0 fnt\n|-unboost|p2a: Sneasler|def|1\n|-unboost|p2a: Sneasler|spd|1\n|faint|p1a: Bobby\n|\n|upkeep\n|\n|t:|1700421023\n|switch|p1a: Castiel|Kleavor, M|100\/100\n|turn|7\n|\n|t:|1700421124\n|move|p1a: Castiel|Night Slash|p2a: Sneasler\n|-resisted|p2a: Sneasler\n|-damage|p2a: Sneasler|49\/100\n|move|p2a: Sneasler|Close Combat|p1a: Castiel\n|-damage|p1a: Castiel|0 fnt\n|-unboost|p2a: Sneasler|def|1\n|-unboost|p2a: Sneasler|spd|1\n|faint|p1a: Castiel\n|\n|upkeep\n|\n|t:|1700421140\n|switch|p1a: John|Urshifu-Rapid-Strike, M|100\/100\n|turn|8\n|\n|t:|1700421232\n|switch|p2a: Corviknight|Corviknight, M|100\/100\n|-ability|p2a: Corviknight|Pressure\n|move|p1a: John|Aqua Jet|p2a: Corviknight\n|-damage|p2a: Corviknight|85\/100\n|\n|upkeep\n|turn|9\n|\n|t:|1700421294\n|move|p1a: John|U-turn|p2a: Corviknight\n|-resisted|p2a: Corviknight\n|-damage|p2a: Corviknight|81\/100\n|\n|t:|1700421299\n|switch|p1a: Azael|Arceus-Electric|72\/100|[from] U-turn\n|move|p2a: Corviknight|U-turn|p1a: Azael\n|-damage|p1a: Azael|61\/100\n|\n|t:|1700421366\n|switch|p2a: Sneasler|Sneasler, M|49\/100|[from] U-turn\n|-ability|p2a: Sneasler|Pressure\n|\n|upkeep\n|turn|10\n|\n|t:|1700421409\n|move|p2a: Sneasler|Close Combat|p1a: Azael\n|-damage|p1a: Azael|14\/100\n|-unboost|p2a: Sneasler|def|1\n|-unboost|p2a: Sneasler|spd|1\n|move|p1a: Azael|Judgment|p2a: Sneasler\n|-damage|p2a: Sneasler|0 fnt\n|faint|p2a: Sneasler\n|\n|upkeep\n|\n|t:|1700421475\n|switch|p2a: Spectrier|Spectrier|100\/100\n|turn|11\n|\n|t:|1700421554\n|switch|p1a: Meg|Mandibuzz, F|100\/100\n|move|p2a: Spectrier|Draining Kiss|p1a: Meg\n|-supereffective|p1a: Meg\n|-damage|p1a: Meg|55\/100\n|\n|upkeep\n|turn|12\n|\n|t:|1700421615\n|move|p2a: Spectrier|Draining Kiss|p1a: Meg\n|-supereffective|p1a: Meg\n|-damage|p1a: Meg|10\/100\n|move|p1a: Meg|Knock Off|p2a: Spectrier\n|-supereffective|p2a: Spectrier\n|-damage|p2a: Spectrier|31\/100\n|-enditem|p2a: Spectrier|Choice Specs|[from] move: Knock Off|[of] p1a: Meg\n|\n|upkeep\n|turn|13\n|\n|t:|1700421676\n|switch|p1a: Sylveon|Sylveon, M|100\/100\n|move|p2a: Spectrier|Draining Kiss|p1a: Sylveon\n|-damage|p1a: Sylveon|90\/100\n|-heal|p2a: Spectrier|40\/100|[from] drain|[of] p1a: Sylveon\n|\n|-heal|p1a: Sylveon|96\/100|[from] item: Leftovers\n|upkeep\n|turn|14\n|\n|t:|1700421755\n|switch|p2a: Landorus|Landorus-Therian, M|100\/100\n|-ability|p2a: Landorus|Intimidate|boost\n|-unboost|p1a: Sylveon|atk|1\n|move|p1a: Sylveon|Wish|p1a: Sylveon\n|\n|-heal|p1a: Sylveon|100\/100|[from] item: Leftovers\n|upkeep\n|turn|15\n|\n|t:|1700421831\n|switch|p1a: John|Urshifu-Rapid-Strike, M|100\/100\n|move|p2a: Landorus|U-turn|p1a: John\n|-resisted|p1a: John\n|-damage|p1a: John|91\/100\n|\n|t:|1700421840\n|switch|p2a: Corviknight|Corviknight, M|81\/100|[from] U-turn\n|-ability|p2a: Corviknight|Pressure\n|\n|-heal|p1a: John|100\/100|[from] move: Wish|[wisher] Sylveon\n|upkeep\n|turn|16\n|\n|t:|1700421902\n|move|p1a: John|Surging Strikes|p2a: Corviknight\n|-crit|p2a: Corviknight\n|-damage|p2a: Corviknight|67\/100\n|-crit|p2a: Corviknight\n|-damage|p2a: Corviknight|53\/100\n|-crit|p2a: Corviknight\n|-damage|p2a: Corviknight|39\/100\n|-hitcount|p2a: Corviknight|3\n|move|p2a: Corviknight|Roost|p2a: Corviknight\n|-heal|p2a: Corviknight|89\/100\n|-singleturn|p2a: Corviknight|move: Roost\n|\n|upkeep\n|turn|17\n|\n|t:|1700421986\n|move|p1a: John|U-turn|p2a: Corviknight\n|-resisted|p2a: Corviknight\n|-damage|p2a: Corviknight|85\/100\n|\n|t:|1700421989\n|switch|p1a: Sylveon|Sylveon, M|100\/100|[from] U-turn\n|move|p2a: Corviknight|Body Press|p1a: Sylveon\n|-resisted|p1a: Sylveon\n|-damage|p1a: Sylveon|85\/100\n|\n|-heal|p1a: Sylveon|91\/100|[from] item: Leftovers\n|upkeep\n|turn|18\n|\n|t:|1700422017\n|move|p2a: Corviknight|Iron Defense|p2a: Corviknight\n|-boost|p2a: Corviknight|def|2\n|move|p1a: Sylveon|Wish|p1a: Sylveon\n|\n|-heal|p1a: Sylveon|98\/100|[from] item: Leftovers\n|upkeep\n|turn|19\n|\n|t:|1700422033\n|switch|p1a: Meg|Mandibuzz, F|10\/100\n|move|p2a: Corviknight|Body Press|p1a: Meg\n|-damage|p1a: Meg|0 fnt\n|faint|p1a: Meg\n|\n|upkeep\n|\n|t:|1700422039\n|switch|p1a: Azael|Arceus-Electric|14\/100\n|turn|20\n|\n|t:|1700422122\n|move|p1a: Azael|Recover|p1a: Azael\n|-heal|p1a: Azael|64\/100\n|move|p2a: Corviknight|Body Press|p1a: Azael\n|-damage|p1a: Azael|30\/100\n|\n|upkeep\n|turn|21\n|\n|t:|1700422158\n|move|p1a: Azael|Recover|p1a: Azael\n|-heal|p1a: Azael|80\/100\n|move|p2a: Corviknight|U-turn|p1a: Azael\n|-damage|p1a: Azael|69\/100\n|\n|t:|1700422238\n|switch|p2a: Spectrier|Spectrier|40\/100|[from] U-turn\n|\n|upkeep\n|turn|22\n|\n|t:|1700422267\n|move|p2a: Spectrier|Shadow Ball|p1a: Azael\n|-damage|p1a: Azael|37\/100\n|move|p1a: Azael|Recover|p1a: Azael\n|-heal|p1a: Azael|87\/100\n|\n|upkeep\n|turn|23\n|\n|t:|1700422295\n|move|p2a: Spectrier|Shadow Ball|p1a: Azael\n|-damage|p1a: Azael|56\/100\n|-unboost|p1a: Azael|spd|1\n|move|p1a: Azael|Recover|p1a: Azael\n|-heal|p1a: Azael|100\/100\n|\n|upkeep\n|turn|24\n|\n|t:|1700422307\n|switch|p1a: Sylveon|Sylveon, M|98\/100\n|move|p2a: Spectrier|Shadow Ball|p1a: Sylveon\n|-damage|p1a: Sylveon|75\/100\n|\n|-heal|p1a: Sylveon|81\/100|[from] item: Leftovers\n|upkeep\n|turn|25\n|\n|t:|1700422334\n|switch|p2a: Landorus|Landorus-Therian, M|100\/100\n|-ability|p2a: Landorus|Intimidate|boost\n|-unboost|p1a: Sylveon|atk|1\n|move|p1a: Sylveon|Wish|p1a: Sylveon\n|\n|-heal|p1a: Sylveon|87\/100|[from] item: Leftovers\n|upkeep\n|turn|26\n|\n|t:|1700422392\n|switch|p1a: John|Urshifu-Rapid-Strike, M|100\/100\n|-terastallize|p2a: Landorus|Ground\n|move|p2a: Landorus|Earthquake|p1a: John\n|-damage|p1a: John|41\/100\n|\n|-heal|p1a: John|94\/100|[from] move: Wish|[wisher] Sylveon\n|upkeep\n|turn|27\n|\n|t:|1700422435\n|move|p1a: John|Surging Strikes|p2a: Landorus\n|-supereffective|p2a: Landorus\n|-crit|p2a: Landorus\n|-damage|p2a: Landorus|70\/100\n|-damage|p1a: John|78\/100|[from] item: Rocky Helmet|[of] p2a: Landorus\n|-supereffective|p2a: Landorus\n|-crit|p2a: Landorus\n|-damage|p2a: Landorus|40\/100\n|-damage|p1a: John|61\/100|[from] item: Rocky Helmet|[of] p2a: Landorus\n|-supereffective|p2a: Landorus\n|-crit|p2a: Landorus\n|-damage|p2a: Landorus|12\/100\n|-damage|p1a: John|45\/100|[from] item: Rocky Helmet|[of] p2a: Landorus\n|-hitcount|p2a: Landorus|3\n|move|p2a: Landorus|Earthquake|p1a: John\n|-damage|p1a: John|0 fnt\n|faint|p1a: John\n|\n|upkeep\n|\n|t:|1700422452\n|switch|p1a: Azael|Arceus-Electric|100\/100\n|turn|28\n|\n|t:|1700422512\n|move|p1a: Azael|Earthquake|p2a: Landorus\n|-damage|p2a: Landorus|0 fnt\n|faint|p2a: Landorus\n|\n|upkeep\n|\n|t:|1700422536\n|switch|p2a: Chi-Yu|Chi-Yu|100\/100\n|-ability|p2a: Chi-Yu|Beads of Ruin\n|turn|29\n|\n|t:|1700422548\n|move|p1a: Azael|Earthquake|p2a: Chi-Yu\n|-supereffective|p2a: Chi-Yu\n|-damage|p2a: Chi-Yu|19\/100\n|move|p2a: Chi-Yu|Flamethrower|p1a: Azael\n|-damage|p1a: Azael|54\/100\n|\n|upkeep\n|turn|30\n|\n|t:|1700422558\n|move|p1a: Azael|Judgment|p2a: Chi-Yu\n|-damage|p2a: Chi-Yu|0 fnt\n|faint|p2a: Chi-Yu\n|\n|upkeep\n|\n|t:|1700422585\n|switch|p2a: Spectrier|Spectrier|40\/100\n|turn|31\n|\n|t:|1700422589\n|move|p2a: Spectrier|Shadow Ball|p1a: Azael\n|-damage|p1a: Azael|20\/100\n|move|p1a: Azael|Judgment|p2a: Spectrier\n|-damage|p2a: Spectrier|0 fnt\n|faint|p2a: Spectrier\n|\n|upkeep\n|c|\u2606XxFeopardoxX|gg\n|\n|t:|1700422596\n|switch|p2a: Corviknight|Corviknight, M|85\/100\n|-ability|p2a: Corviknight|Pressure\n|turn|32\n|\n|t:|1700422601\n|move|p1a: Azael|Judgment|p2a: Corviknight\n|-supereffective|p2a: Corviknight\n|-damage|p2a: Corviknight|0 fnt\n|faint|p2a: Corviknight\n|\n|win|Koenni_1902\n|c|\u2606Koenni_1902|gg\n|c|\u2606XxFeopardoxX|schickst du?\n|c|\u2606Koenni_1902|ich hab da so ne wacan berry gerochen, holy\n|c|\u2606Koenni_1902|yes\n","uploadtime":1700422628,"views":11,"p1id":"koenni1902","p2id":"xxfeopardoxx","formatid":"gen9ubers","rating":0,"private":0,"password":""}