{"id":"gen9ubers-1985098260","p1":"RoamingDia","p2":"DeadGoblin","format":"[Gen 9] Ubers","log":"|j|\u2606RoamingDia\n|j|\u2606DeadGoblin\n|t:|1699330569\n|gametype|singles\n|player|p1|RoamingDia|pokemaniac|\n|player|p2|DeadGoblin|cynthia|\n|teamsize|p1|6\n|teamsize|p2|6\n|gen|9\n|tier|[Gen 9] Ubers\n|rule|Sleep Clause Mod: Limit one foe put to sleep\n|rule|Species Clause: Limit one of each Pok\u00e9mon\n|rule|OHKO Clause: OHKO moves are banned\n|rule|Evasion Items Clause: Evasion items are banned\n|rule|Evasion Moves Clause: Evasion moves are banned\n|rule|Endless Battle Clause: Forcing endless battles is banned\n|rule|HP Percentage Mod: HP is shown in percentages\n|clearpoke\n|poke|p1|Sneasler, M|\n|poke|p1|Roaring Moon|\n|poke|p1|Walking Wake|\n|poke|p1|Lilligant-Hisui, F|\n|poke|p1|Torkoal, M|\n|poke|p1|Heatran, F|\n|poke|p2|Quaquaval, M|\n|poke|p2|Zapdos|\n|poke|p2|Gardevoir, F|\n|poke|p2|Armarouge, M|\n|poke|p2|Haxorus, F|\n|poke|p2|Cyclizar, M|\n|teampreview\n|j| BLACK METAL 3\n|j| pkpowers310\n|j| Astyr.Pygos\n|j| Squirshawott\n|\n|t:|1699330590\n|start\n|switch|p1a: Bently|Torkoal, M|100\/100\n|switch|p2a: MEGAMAN X|Armarouge, M, shiny|100\/100\n|-weather|SunnyDay|[from] ability: Drought|[of] p1a: Bently\n|turn|1\n|\n|t:|1699330597\n|move|p1a: Bently|Stealth Rock|p2a: MEGAMAN X\n|-sidestart|p2: DeadGoblin|move: Stealth Rock\n|move|p2a: MEGAMAN X|Trick Room|p2a: MEGAMAN X\n|-fieldstart|move: Trick Room|[of] p2a: MEGAMAN X\n|\n|-weather|SunnyDay|[upkeep]\n|upkeep\n|turn|2\n|j| lemon0925\n|\n|t:|1699330608\n|move|p1a: Bently|Rapid Spin|p2a: MEGAMAN X\n|-damage|p2a: MEGAMAN X|94\/100\n|-boost|p1a: Bently|spe|1\n|move|p2a: MEGAMAN X|Aura Sphere|p1a: Bently\n|-damage|p1a: Bently|74\/100\n|\n|-weather|SunnyDay|[upkeep]\n|upkeep\n|turn|3\n|\n|t:|1699330625\n|switch|p1a: Cooked Croak|Heatran, F|100\/100\n|move|p2a: MEGAMAN X|Dark Pulse|p1a: Cooked Croak\n|-damage|p1a: Cooked Croak|79\/100\n|\n|-weather|SunnyDay|[upkeep]\n|-heal|p1a: Cooked Croak|85\/100|[from] item: Leftovers\n|upkeep\n|turn|4\n|\n|t:|1699330637\n|move|p2a: MEGAMAN X|Aura Sphere|p1a: Cooked Croak\n|-supereffective|p1a: Cooked Croak\n|-damage|p1a: Cooked Croak|41\/100\n|move|p1a: Cooked Croak|Flash Cannon|p2a: MEGAMAN X\n|-resisted|p2a: MEGAMAN X\n|-damage|p2a: MEGAMAN X|66\/100\n|\n|-weather|SunnyDay|[upkeep]\n|-heal|p1a: Cooked Croak|47\/100|[from] item: Leftovers\n|upkeep\n|turn|5\n|\n|t:|1699330654\n|switch|p1a: Okuyasu Nijimura|Walking Wake|100\/100\n|-activate|p1a: Okuyasu Nijimura|ability: Protosynthesis\n|-start|p1a: Okuyasu Nijimura|protosynthesisspa\n|move|p2a: MEGAMAN X|Aura Sphere|p1a: Okuyasu Nijimura\n|-damage|p1a: Okuyasu Nijimura|67\/100\n|\n|-weather|SunnyDay|[upkeep]\n|-fieldend|move: Trick Room\n|upkeep\n|turn|6\n|\n|t:|1699330669\n|switch|p2a: BIRD UP|Quaquaval, M|100\/100\n|-damage|p2a: BIRD UP|94\/100|[from] Stealth Rock\n|move|p1a: Okuyasu Nijimura|Hydro Steam|p2a: BIRD UP\n|-resisted|p2a: BIRD UP\n|-damage|p2a: BIRD UP|29\/100\n|\n|-weather|SunnyDay|[upkeep]\n|-heal|p2a: BIRD UP|35\/100|[from] item: Leftovers\n|upkeep\n|turn|7\n|\n|t:|1699330679\n|move|p1a: Okuyasu Nijimura|Hydro Steam|p2a: BIRD UP\n|-resisted|p2a: BIRD UP\n|-damage|p2a: BIRD UP|0 fnt\n|faint|p2a: BIRD UP\n|\n|-weather|SunnyDay|[upkeep]\n|upkeep\n|\n|t:|1699330690\n|switch|p2a: HungryBox|Cyclizar, M, shiny|100\/100\n|-damage|p2a: HungryBox|88\/100|[from] Stealth Rock\n|turn|8\n|\n|t:|1699330699\n|-terastallize|p2a: HungryBox|Steel\n|move|p2a: HungryBox|Outrage|p1a: Okuyasu Nijimura\n|-supereffective|p1a: Okuyasu Nijimura\n|-damage|p1a: Okuyasu Nijimura|0 fnt\n|faint|p1a: Okuyasu Nijimura\n|-end|p1a: Okuyasu Nijimura|Protosynthesis|[silent]\n|\n|-weather|none\n|upkeep\n|\n|t:|1699330718\n|switch|p1a: Bently|Torkoal, M|74\/100\n|-weather|SunnyDay|[from] ability: Drought|[of] p1a: Bently\n|turn|9\n|\n|t:|1699330724\n|move|p2a: HungryBox|Outrage|p1a: Bently|[from]lockedmove\n|-damage|p1a: Bently|47\/100\n|move|p1a: Bently|Lava Plume|p2a: HungryBox\n|-supereffective|p2a: HungryBox\n|-damage|p2a: HungryBox|0 fnt\n|faint|p2a: HungryBox\n|\n|-weather|SunnyDay|[upkeep]\n|upkeep\n|\n|t:|1699330734\n|switch|p2a: Hax|Haxorus, F, shiny|100\/100\n|-damage|p2a: Hax|88\/100|[from] Stealth Rock\n|-ability|p2a: Hax|Mold Breaker\n|turn|10\n|\n|t:|1699330750\n|move|p2a: Hax|Earthquake|p1a: Bently\n|-supereffective|p1a: Bently\n|-damage|p1a: Bently|0 fnt\n|faint|p1a: Bently\n|-damage|p2a: Hax|78\/100|[from] item: Life Orb\n|\n|-weather|SunnyDay|[upkeep]\n|upkeep\n|\n|t:|1699330777\n|switch|p1a: Gazoontite|Sneasler, M|100\/100\n|turn|11\n|\n|t:|1699330784\n|move|p1a: Gazoontite|Fake Out|p2a: Hax\n|-damage|p2a: Hax|59\/100\n|cant|p2a: Hax|flinch\n|\n|-weather|SunnyDay|[upkeep]\n|upkeep\n|turn|12\n|\n|t:|1699330792\n|move|p1a: Gazoontite|Close Combat|p2a: Hax\n|-damage|p2a: Hax|0 fnt\n|-unboost|p1a: Gazoontite|def|1\n|-unboost|p1a: Gazoontite|spd|1\n|-enditem|p1a: Gazoontite|White Herb\n|-clearnegativeboost|p1a: Gazoontite|[silent]\n|faint|p2a: Hax\n|\n|-weather|SunnyDay|[upkeep]\n|upkeep\n|\n|t:|1699330802\n|switch|p2a: Estrella|Gardevoir, F, shiny|100\/100\n|-damage|p2a: Estrella|88\/100|[from] Stealth Rock\n|-ability|p2a: Estrella|Unburden|[from] ability: Trace|[of] p1a: Gazoontite\n|turn|13\n|\n|t:|1699330811\n|move|p1a: Gazoontite|Dire Claw|p2a: Estrella\n|-supereffective|p2a: Estrella\n|-damage|p2a: Estrella|0 fnt\n|faint|p2a: Estrella\n|\n|-weather|SunnyDay|[upkeep]\n|upkeep\n|\n|t:|1699330820\n|switch|p2a: MEGAMAN X|Armarouge, M, shiny|66\/100\n|-damage|p2a: MEGAMAN X|41\/100|[from] Stealth Rock\n|turn|14\n|\n|t:|1699330829\n|move|p1a: Gazoontite|Dire Claw|p2a: MEGAMAN X\n|-damage|p2a: MEGAMAN X|8\/100\n|move|p2a: MEGAMAN X|Aura Sphere|p1a: Gazoontite\n|-resisted|p1a: Gazoontite\n|-damage|p1a: Gazoontite|82\/100\n|\n|-weather|SunnyDay|[upkeep]\n|upkeep\n|turn|15\n|\n|t:|1699330840\n|move|p1a: Gazoontite|Dire Claw|p2a: MEGAMAN X\n|-damage|p2a: MEGAMAN X|0 fnt\n|faint|p2a: MEGAMAN X\n|\n|-weather|SunnyDay|[upkeep]\n|upkeep\n|\n|t:|1699330846\n|switch|p2a: KFC|Zapdos, shiny|100\/100\n|-damage|p2a: KFC|75\/100|[from] Stealth Rock\n|turn|16\n|\n|t:|1699330859\n|move|p1a: Gazoontite|Dire Claw|p2a: KFC\n|-damage|p2a: KFC|42\/100\n|-status|p2a: KFC|slp\n|-damage|p1a: Gazoontite|65\/100|[from] item: Rocky Helmet|[of] p2a: KFC\n|-status|p1a: Gazoontite|par|[from] ability: Static|[of] p2a: KFC\n|cant|p2a: KFC|slp\n|\n|-weather|none\n|upkeep\n|turn|17\n|\n|t:|1699330869\n|switch|p1a: Noriaki Kakyoin|Roaring Moon, shiny|100\/100\n|-enditem|p1a: Noriaki Kakyoin|Booster Energy\n|-activate|p1a: Noriaki Kakyoin|ability: Protosynthesis|[fromitem]\n|-start|p1a: Noriaki Kakyoin|protosynthesisatk\n|cant|p2a: KFC|slp\n|\n|upkeep\n|turn|18\n|\n|t:|1699330876\n|move|p1a: Noriaki Kakyoin|Knock Off|p2a: KFC\n|-damage|p2a: KFC|0 fnt\n|-damage|p1a: Noriaki Kakyoin|84\/100|[from] item: Rocky Helmet|[of] p2a: KFC\n|-enditem|p2a: KFC|Rocky Helmet|[from] move: Knock Off|[of] p1a: Noriaki Kakyoin\n|faint|p2a: KFC\n|\n|win|RoamingDia\n|l|\u2606DeadGoblin\n|l|\u2606RoamingDia\n|l| lemon0925\n","uploadtime":1699330895,"views":14,"p1id":"roamingdia","p2id":"deadgoblin","formatid":"gen9ubers","rating":0,"private":0,"password":""}