{"id":"gen9ubers-1996269247","p1":"red1998poke","p2":"EsperSaintP","format":"[Gen 9] Ubers","log":"|j|\u2606red1998poke\n|j|\u2606EsperSaintP\n|t:|1700665921\n|gametype|singles\n|player|p1|red1998poke|1|1127\n|player|p2|EsperSaintP|1|1032\n|teamsize|p1|6\n|teamsize|p2|6\n|gen|9\n|tier|[Gen 9] Ubers\n|rated|\n|rule|Sleep Clause Mod: Limit one foe put to sleep\n|rule|Species Clause: Limit one of each Pok\u00e9mon\n|rule|OHKO Clause: OHKO moves are banned\n|rule|Evasion Items Clause: Evasion items are banned\n|rule|Evasion Moves Clause: Evasion moves are banned\n|rule|Endless Battle Clause: Forcing endless battles is banned\n|rule|HP Percentage Mod: HP is shown in percentages\n|clearpoke\n|poke|p1|Dunsparce, M|\n|poke|p1|Gliscor, F|\n|poke|p1|Glimmora, F|\n|poke|p1|Gyarados, F|\n|poke|p1|Enamorus-Therian, F|\n|poke|p1|Cinderace, F|\n|poke|p2|Miraidon|\n|poke|p2|Blissey, F|\n|poke|p2|Toxapex, F|\n|poke|p2|Espathra, M|\n|poke|p2|Delphox, F|\n|poke|p2|Tyranitar, M|\n|teampreview\n|\n|t:|1700665932\n|start\n|switch|p1a: Glimmora|Glimmora, F|100\/100\n|switch|p2a: Espathra|Espathra, M|100\/100\n|turn|1\n|\n|t:|1700665941\n|move|p2a: Espathra|Protect|p2a: Espathra\n|-singleturn|p2a: Espathra|Protect\n|move|p1a: Glimmora|Stealth Rock|p2a: Espathra\n|-sidestart|p2: EsperSaintP|move: Stealth Rock\n|\n|-ability|p2a: Espathra|Speed Boost|boost\n|-boost|p2a: Espathra|spe|1\n|upkeep\n|turn|2\n|\n|t:|1700665951\n|move|p2a: Espathra|Calm Mind|p2a: Espathra\n|-boost|p2a: Espathra|spa|1\n|-boost|p2a: Espathra|spd|1\n|move|p1a: Glimmora|Sludge Wave|p2a: Espathra\n|-damage|p2a: Espathra|53\/100\n|\n|-heal|p2a: Espathra|59\/100|[from] item: Leftovers\n|-ability|p2a: Espathra|Speed Boost|boost\n|-boost|p2a: Espathra|spe|1\n|upkeep\n|turn|3\n|\n|t:|1700665962\n|move|p2a: Espathra|Protect|p2a: Espathra\n|-singleturn|p2a: Espathra|Protect\n|move|p1a: Glimmora|Sludge Wave|p2a: Espathra\n|-activate|p2a: Espathra|move: Protect\n|\n|-heal|p2a: Espathra|65\/100|[from] item: Leftovers\n|-ability|p2a: Espathra|Speed Boost|boost\n|-boost|p2a: Espathra|spe|1\n|upkeep\n|turn|4\n|\n|t:|1700665985\n|move|p2a: Espathra|Protect||[still]\n|-fail|p2a: Espathra\n|move|p1a: Glimmora|Sludge Wave|p2a: Espathra\n|-damage|p2a: Espathra|21\/100\n|\n|-heal|p2a: Espathra|27\/100|[from] item: Leftovers\n|-ability|p2a: Espathra|Speed Boost|boost\n|-boost|p2a: Espathra|spe|1\n|upkeep\n|turn|5\n|\n|t:|1700665996\n|move|p2a: Espathra|Roost|p2a: Espathra\n|-heal|p2a: Espathra|77\/100\n|-singleturn|p2a: Espathra|move: Roost\n|move|p1a: Glimmora|Sludge Wave|p2a: Espathra\n|-damage|p2a: Espathra|29\/100\n|\n|-heal|p2a: Espathra|35\/100|[from] item: Leftovers\n|-ability|p2a: Espathra|Speed Boost|boost\n|-boost|p2a: Espathra|spe|1\n|upkeep\n|turn|6\n|\n|t:|1700666006\n|move|p2a: Espathra|Roost|p2a: Espathra\n|-heal|p2a: Espathra|85\/100\n|-singleturn|p2a: Espathra|move: Roost\n|move|p1a: Glimmora|Mortal Spin|p2a: Espathra\n|-damage|p2a: Espathra|79\/100\n|-status|p2a: Espathra|psn\n|\n|-heal|p2a: Espathra|86\/100 psn|[from] item: Leftovers\n|-damage|p2a: Espathra|73\/100 psn|[from] psn\n|-ability|p2a: Espathra|Speed Boost|boost\n|-boost|p2a: Espathra|spe|1\n|upkeep\n|turn|7\n|\n|t:|1700666021\n|move|p2a: Espathra|Protect|p2a: Espathra\n|-singleturn|p2a: Espathra|Protect\n|move|p1a: Glimmora|Sludge Wave|p2a: Espathra\n|-activate|p2a: Espathra|move: Protect\n|\n|-heal|p2a: Espathra|79\/100 psn|[from] item: Leftovers\n|-damage|p2a: Espathra|67\/100 psn|[from] psn\n|upkeep\n|turn|8\n|\n|t:|1700666032\n|move|p2a: Espathra|Stored Power|p1a: Glimmora\n|-supereffective|p1a: Glimmora\n|-enditem|p1a: Glimmora|Focus Sash\n|-damage|p1a: Glimmora|1\/100\n|move|p1a: Glimmora|Sludge Wave|p2a: Espathra\n|-damage|p2a: Espathra|17\/100 psn\n|\n|-heal|p2a: Espathra|23\/100 psn|[from] item: Leftovers\n|-damage|p2a: Espathra|11\/100 psn|[from] psn\n|upkeep\n|turn|9\n|\n|t:|1700666047\n|move|p2a: Espathra|Roost|p2a: Espathra\n|-heal|p2a: Espathra|61\/100 psn\n|-singleturn|p2a: Espathra|move: Roost\n|move|p1a: Glimmora|Sludge Wave|p2a: Espathra\n|-damage|p2a: Espathra|11\/100 psn\n|\n|-heal|p2a: Espathra|17\/100 psn|[from] item: Leftovers\n|-damage|p2a: Espathra|5\/100 psn|[from] psn\n|upkeep\n|turn|10\n|\n|t:|1700666075\n|move|p2a: Espathra|Roost|p2a: Espathra\n|-heal|p2a: Espathra|55\/100 psn\n|-singleturn|p2a: Espathra|move: Roost\n|move|p1a: Glimmora|Sludge Wave|p2a: Espathra\n|-damage|p2a: Espathra|9\/100 psn\n|\n|-heal|p2a: Espathra|15\/100 psn|[from] item: Leftovers\n|-damage|p2a: Espathra|3\/100 psn|[from] psn\n|upkeep\n|turn|11\n|\n|t:|1700666094\n|move|p2a: Espathra|Roost|p2a: Espathra\n|-heal|p2a: Espathra|53\/100 psn\n|-singleturn|p2a: Espathra|move: Roost\n|move|p1a: Glimmora|Sludge Wave|p2a: Espathra\n|-damage|p2a: Espathra|2\/100 psn\n|\n|-heal|p2a: Espathra|8\/100 psn|[from] item: Leftovers\n|-damage|p2a: Espathra|0 fnt|[from] psn\n|faint|p2a: Espathra\n|upkeep\n|\n|t:|1700666111\n|switch|p2a: Tyranitar|Tyranitar, M|100\/100\n|-weather|Sandstorm|[from] ability: Sand Stream|[of] p2a: Tyranitar\n|turn|12\n|\n|t:|1700666120\n|move|p1a: Glimmora|Sludge Wave|p2a: Tyranitar\n|-resisted|p2a: Tyranitar\n|-damage|p2a: Tyranitar|86\/100\n|-status|p2a: Tyranitar|psn\n|move|p2a: Tyranitar|Stealth Rock|p1a: Glimmora\n|-sidestart|p1: red1998poke|move: Stealth Rock\n|\n|-weather|Sandstorm|[upkeep]\n|-damage|p2a: Tyranitar|74\/100 psn|[from] psn\n|upkeep\n|turn|13\n|\n|t:|1700666135\n|move|p1a: Glimmora|Mortal Spin|p2a: Tyranitar\n|-resisted|p2a: Tyranitar\n|-damage|p2a: Tyranitar|71\/100 psn\n|-sideend|p1: red1998poke|Stealth Rock|[from] move: Mortal Spin|[of] p1a: Glimmora\n|move|p2a: Tyranitar|Knock Off|p1a: Glimmora\n|-damage|p1a: Glimmora|0 fnt\n|-activate|p1a: Glimmora|ability: Toxic Debris\n|-sidestart|p2: EsperSaintP|move: Toxic Spikes\n|faint|p1a: Glimmora\n|\n|-weather|Sandstorm|[upkeep]\n|-damage|p2a: Tyranitar|59\/100 psn|[from] psn\n|upkeep\n|\n|t:|1700666163\n|switch|p1a: Gliscor|Gliscor, F|100\/100\n|turn|14\n|\n|t:|1700666170\n|move|p1a: Gliscor|Protect|p1a: Gliscor\n|-singleturn|p1a: Gliscor|Protect\n|move|p2a: Tyranitar|Stone Edge|p1a: Gliscor\n|-activate|p1a: Gliscor|move: Protect\n|\n|-weather|Sandstorm|[upkeep]\n|-damage|p2a: Tyranitar|47\/100 psn|[from] psn\n|-status|p1a: Gliscor|tox|[from] item: Toxic Orb\n|upkeep\n|turn|15\n|\n|t:|1700666182\n|switch|p1a: Dunsparce|Dunsparce, M|100\/100\n|move|p2a: Tyranitar|Stone Edge|p1a: Dunsparce\n|-damage|p1a: Dunsparce|59\/100\n|\n|-weather|Sandstorm|[upkeep]\n|-damage|p1a: Dunsparce|52\/100|[from] Sandstorm\n|-damage|p2a: Tyranitar|34\/100 psn|[from] psn\n|upkeep\n|turn|16\n|\n|t:|1700666195\n|move|p2a: Tyranitar|Dark Pulse|p1a: Dunsparce\n|-damage|p1a: Dunsparce|38\/100\n|move|p1a: Dunsparce|Roost|p1a: Dunsparce\n|-heal|p1a: Dunsparce|88\/100\n|-singleturn|p1a: Dunsparce|move: Roost\n|\n|-weather|none\n|-damage|p2a: Tyranitar|22\/100 psn|[from] psn\n|upkeep\n|turn|17\n|\n|t:|1700666205\n|move|p2a: Tyranitar|Stone Edge|p1a: Dunsparce\n|-crit|p1a: Dunsparce\n|-damage|p1a: Dunsparce|21\/100\n|move|p1a: Dunsparce|Roost|p1a: Dunsparce\n|-heal|p1a: Dunsparce|71\/100\n|-singleturn|p1a: Dunsparce|move: Roost\n|\n|-damage|p2a: Tyranitar|9\/100 psn|[from] psn\n|upkeep\n|turn|18\n|\n|t:|1700666215\n|switch|p2a: Blissey|Blissey, F|100\/100\n|-damage|p2a: Blissey|88\/100|[from] Stealth Rock\n|-status|p2a: Blissey|psn\n|move|p1a: Dunsparce|Roost|p1a: Dunsparce\n|-heal|p1a: Dunsparce|100\/100\n|-singleturn|p1a: Dunsparce|move: Roost\n|\n|-heal|p2a: Blissey|94\/100 psn|[from] item: Leftovers\n|-damage|p2a: Blissey|82\/100 psn|[from] psn\n|upkeep\n|turn|19\n|\n|t:|1700666228\n|switch|p1a: Gliscor|Gliscor, F|100\/100 tox\n|move|p2a: Blissey|Heal Bell|p2a: Blissey\n|-activate|p2a: Blissey|move: Heal Bell\n|-curestatus|p2a: Blissey|psn|[msg]\n|-curestatus|p2: Tyranitar|psn|[msg]\n|\n|-heal|p2a: Blissey|88\/100|[from] item: Leftovers\n|upkeep\n|turn|20\n|\n|t:|1700666243\n|switch|p2a: Toxapex|Toxapex, F|100\/100\n|-damage|p2a: Toxapex|88\/100|[from] Stealth Rock\n|-sideend|p2: EsperSaintP|move: Toxic Spikes|[of] p2a: Toxapex\n|move|p1a: Gliscor|Earthquake|p2a: Toxapex\n|-supereffective|p2a: Toxapex\n|-damage|p2a: Toxapex|52\/100\n|\n|upkeep\n|turn|21\n|\n|t:|1700666257\n|move|p1a: Gliscor|Protect|p1a: Gliscor\n|-singleturn|p1a: Gliscor|Protect\n|move|p2a: Toxapex|Hydro Pump|p1a: Gliscor\n|-activate|p1a: Gliscor|move: Protect\n|\n|upkeep\n|turn|22\n|\n|t:|1700666268\n|move|p1a: Gliscor|Earthquake|p2a: Toxapex\n|-supereffective|p2a: Toxapex\n|-damage|p2a: Toxapex|10\/100\n|move|p2a: Toxapex|Hydro Pump|p1a: Gliscor|[miss]\n|-miss|p2a: Toxapex|p1a: Gliscor\n|\n|upkeep\n|turn|23\n|\n|t:|1700666279\n|switch|p2a: Tyranitar|Tyranitar, M|9\/100\n|-weather|Sandstorm|[from] ability: Sand Stream|[of] p2a: Tyranitar\n|move|p1a: Gliscor|Earthquake|p2a: Tyranitar\n|-supereffective|p2a: Tyranitar\n|-crit|p2a: Tyranitar\n|-damage|p2a: Tyranitar|0 fnt\n|faint|p2a: Tyranitar\n|\n|-weather|Sandstorm|[upkeep]\n|upkeep\n|\n|t:|1700666290\n|switch|p2a: Toxapex|Toxapex, F|43\/100\n|-damage|p2a: Toxapex|31\/100|[from] Stealth Rock\n|turn|24\n|\n|t:|1700666299\n|switch|p2a: Miraidon|Miraidon|100\/100\n|-damage|p2a: Miraidon|88\/100|[from] Stealth Rock\n|-fieldstart|move: Electric Terrain|[from] ability: Hadron Engine|[of] p2a: Miraidon\n|move|p1a: Gliscor|Earthquake|p2a: Miraidon\n|-supereffective|p2a: Miraidon\n|-damage|p2a: Miraidon|18\/100\n|\n|-weather|Sandstorm|[upkeep]\n|-damage|p2a: Miraidon|12\/100|[from] Sandstorm\n|upkeep\n|turn|25\n|\n|t:|1700666329\n|switch|p1a: Dunsparce|Dunsparce, M|100\/100\n|move|p2a: Miraidon|Dragon Tail|p1a: Dunsparce\n|-damage|p1a: Dunsparce|87\/100\n|drag|p1a: Cinderace|Cinderace, F|100\/100\n|\n|-weather|Sandstorm|[upkeep]\n|-damage|p2a: Miraidon|5\/100|[from] Sandstorm\n|-damage|p1a: Cinderace|95\/100|[from] Sandstorm\n|upkeep\n|turn|26\n|\n|t:|1700666344\n|switch|p2a: Blissey|Blissey, F|88\/100\n|-damage|p2a: Blissey|75\/100|[from] Stealth Rock\n|move|p1a: Cinderace|Sucker Punch||[still]\n|-fail|p1a: Cinderace\n|\n|-weather|Sandstorm|[upkeep]\n|-damage|p1a: Cinderace|89\/100|[from] Sandstorm\n|-damage|p2a: Blissey|69\/100|[from] Sandstorm\n|-heal|p2a: Blissey|75\/100|[from] item: Leftovers\n|upkeep\n|turn|27\n|\n|t:|1700666356\n|-terastallize|p2a: Blissey|Ghost\n|move|p1a: Cinderace|U-turn|p2a: Blissey\n|-start|p1a: Cinderace|typechange|Bug|[from] ability: Libero\n|-resisted|p2a: Blissey\n|-damage|p2a: Blissey|38\/100\n|\n|t:|1700666367\n|switch|p1a: Dunsparce|Dunsparce, M|87\/100|[from] U-turn\n|move|p2a: Blissey|Shadow Ball|p1a: Dunsparce\n|-immune|p1a: Dunsparce\n|\n|-weather|none\n|-heal|p2a: Blissey|44\/100|[from] item: Leftovers\n|upkeep\n|turn|28\n|\n|t:|1700666382\n|move|p2a: Blissey|Drain Punch|p1a: Dunsparce\n|-supereffective|p1a: Dunsparce\n|-damage|p1a: Dunsparce|80\/100\n|-heal|p2a: Blissey|46\/100|[from] drain|[of] p1a: Dunsparce\n|move|p1a: Dunsparce|Toxic|p2a: Blissey\n|-status|p2a: Blissey|tox\n|\n|-heal|p2a: Blissey|52\/100 tox|[from] item: Leftovers\n|-damage|p2a: Blissey|46\/100 tox|[from] psn\n|-fieldend|move: Electric Terrain\n|upkeep\n|turn|29\n|\n|t:|1700666399\n|-curestatus|p2a: Blissey|tox|[from] ability: Natural Cure\n|switch|p2a: Delphox|Delphox, F|100\/100\n|-damage|p2a: Delphox|76\/100|[from] Stealth Rock\n|move|p1a: Dunsparce|Coil|p1a: Dunsparce\n|-boost|p1a: Dunsparce|atk|1\n|-boost|p1a: Dunsparce|def|1\n|-boost|p1a: Dunsparce|accuracy|1\n|\n|upkeep\n|turn|30\n|\n|t:|1700666410\n|move|p2a: Delphox|Future Sight|p1a: Dunsparce\n|-start|p2a: Delphox|move: Future Sight\n|move|p1a: Dunsparce|Toxic|p2a: Delphox\n|-status|p2a: Delphox|tox\n|\n|-damage|p2a: Delphox|70\/100 tox|[from] psn\n|upkeep\n|turn|31\n|\n|t:|1700666419\n|switch|p2a: Blissey|Blissey, F, tera:Ghost|46\/100\n|-damage|p2a: Blissey|34\/100|[from] Stealth Rock\n|move|p1a: Dunsparce|Roost|p1a: Dunsparce\n|-heal|p1a: Dunsparce|100\/100\n|-singleturn|p1a: Dunsparce|move: Roost\n|\n|-heal|p2a: Blissey|40\/100|[from] item: Leftovers\n|upkeep\n|turn|32\n|\n|t:|1700666429\n|move|p2a: Blissey|Heal Bell|p2a: Blissey\n|-activate|p2a: Blissey|move: Heal Bell\n|-curestatus|p2: Delphox|tox|[msg]\n|move|p1a: Dunsparce|Coil|p1a: Dunsparce\n|-boost|p1a: Dunsparce|atk|1\n|-boost|p1a: Dunsparce|def|1\n|-boost|p1a: Dunsparce|accuracy|1\n|\n|-end|p1a: Dunsparce|move: Future Sight\n|-damage|p1a: Dunsparce|70\/100\n|-heal|p2a: Blissey|46\/100|[from] item: Leftovers\n|upkeep\n|turn|33\n|\n|t:|1700666442\n|switch|p2a: Delphox|Delphox, F|70\/100\n|-damage|p2a: Delphox|45\/100|[from] Stealth Rock\n|move|p1a: Dunsparce|Toxic|p2a: Delphox\n|-status|p2a: Delphox|tox\n|\n|-damage|p2a: Delphox|39\/100 tox|[from] psn\n|upkeep\n|turn|34\n|\n|t:|1700666456\n|move|p2a: Delphox|Blast Burn|p1a: Dunsparce\n|-damage|p1a: Dunsparce|35\/100\n|-mustrecharge|p2a: Delphox\n|move|p1a: Dunsparce|Roost|p1a: Dunsparce\n|-heal|p1a: Dunsparce|85\/100\n|-singleturn|p1a: Dunsparce|move: Roost\n|\n|-damage|p2a: Delphox|26\/100 tox|[from] psn\n|upkeep\n|turn|35\n|\n|t:|1700666468\n|cant|p2a: Delphox|recharge\n|move|p1a: Dunsparce|Coil|p1a: Dunsparce\n|-boost|p1a: Dunsparce|atk|1\n|-boost|p1a: Dunsparce|def|1\n|-boost|p1a: Dunsparce|accuracy|1\n|\n|-damage|p2a: Delphox|8\/100 tox|[from] psn\n|upkeep\n|-enditem|p2a: Delphox|Aguav Berry|[eat]\n|-heal|p2a: Delphox|41\/100 tox|[from] item: Aguav Berry\n|turn|36\n|\n|t:|1700666485\n|move|p2a: Delphox|Future Sight|p1a: Dunsparce\n|-start|p2a: Delphox|move: Future Sight\n|move|p1a: Dunsparce|Roost|p1a: Dunsparce\n|-heal|p1a: Dunsparce|100\/100\n|-singleturn|p1a: Dunsparce|move: Roost\n|\n|-damage|p2a: Delphox|16\/100 tox|[from] psn\n|upkeep\n|turn|37\n|\n|t:|1700666509\n|move|p2a: Delphox|Future Sight||[still]\n|-fail|p2a: Delphox\n|move|p1a: Dunsparce|Roost||[still]\n|-fail|p1a: Dunsparce|heal\n|\n|-damage|p2a: Delphox|0 fnt|[from] psn\n|faint|p2a: Delphox\n|upkeep\n|\n|t:|1700666534\n|switch|p2a: Toxapex|Toxapex, F|64\/100\n|-damage|p2a: Toxapex|52\/100|[from] Stealth Rock\n|turn|38\n|\n|t:|1700666543\n|-terastallize|p1a: Dunsparce|Poison\n|move|p2a: Toxapex|Baneful Bunker|p2a: Toxapex\n|-singleturn|p2a: Toxapex|move: Protect\n|move|p1a: Dunsparce|Coil|p1a: Dunsparce\n|-boost|p1a: Dunsparce|atk|1\n|-boost|p1a: Dunsparce|def|1\n|-boost|p1a: Dunsparce|accuracy|1\n|\n|-end|p1a: Dunsparce|move: Future Sight\n|-supereffective|p1a: Dunsparce\n|-damage|p1a: Dunsparce|35\/100\n|upkeep\n|turn|39\n|\n|t:|1700666555\n|move|p1a: Dunsparce|Roost|p1a: Dunsparce\n|-heal|p1a: Dunsparce|85\/100\n|move|p2a: Toxapex|Gunk Shot|p1a: Dunsparce\n|-resisted|p1a: Dunsparce\n|-damage|p1a: Dunsparce|80\/100\n|-damage|p2a: Toxapex|42\/100|[from] item: Life Orb\n|\n|upkeep\n|turn|40\n|\n|t:|1700666566\n|move|p1a: Dunsparce|Stored Power|p2a: Toxapex\n|-supereffective|p2a: Toxapex\n|-damage|p2a: Toxapex|0 fnt\n|faint|p2a: Toxapex\n|\n|upkeep\n|\n|t:|1700666575\n|switch|p2a: Miraidon|Miraidon|5\/100\n|-damage|p2a: Miraidon|0 fnt|[from] Stealth Rock\n|faint|p2a: Miraidon\n|\n|t:|1700666589\n|switch|p2a: Blissey|Blissey, F, tera:Ghost|46\/100\n|-damage|p2a: Blissey|34\/100|[from] Stealth Rock\n|turn|41\n|\n|t:|1700666597\n|move|p2a: Blissey|Shadow Ball|p1a: Dunsparce\n|-damage|p1a: Dunsparce|63\/100\n|move|p1a: Dunsparce|Toxic|p2a: Blissey\n|-status|p2a: Blissey|tox\n|\n|-heal|p2a: Blissey|40\/100 tox|[from] item: Leftovers\n|-damage|p2a: Blissey|34\/100 tox|[from] psn\n|upkeep\n|turn|42\n|\n|t:|1700666637\n|switch|p1a: Gliscor|Gliscor, F|100\/100 tox\n|move|p2a: Blissey|Drain Punch|p1a: Gliscor\n|-resisted|p1a: Gliscor\n|-damage|p1a: Gliscor|99\/100 tox\n|-heal|p2a: Blissey|34\/100 tox|[from] drain|[of] p1a: Gliscor\n|\n|-heal|p2a: Blissey|40\/100 tox|[from] item: Leftovers\n|-heal|p1a: Gliscor|100\/100 tox|[from] ability: Poison Heal\n|-damage|p2a: Blissey|28\/100 tox|[from] psn\n|upkeep\n|turn|43\n|\n|t:|1700666672\n|move|p1a: Gliscor|Knock Off|p2a: Blissey\n|-supereffective|p2a: Blissey\n|-damage|p2a: Blissey|0 fnt\n|-enditem|p2a: Blissey|Leftovers|[from] move: Knock Off|[of] p1a: Gliscor\n|faint|p2a: Blissey\n|\n|win|red1998poke\n|raw|red1998poke's rating: 1127 &rarr; <strong>1145<\/strong><br \/>(+18 for winning)\n|raw|EsperSaintP's rating: 1032 &rarr; <strong>1021<\/strong><br \/>(-11 for losing)\n","uploadtime":1700666686,"views":0,"p1id":"red1998poke","p2id":"espersaintp","formatid":"gen9ubers","rating":1021,"private":0,"password":""}