{"id":"gen9ubers-1969162236","p1":"LadyMaria-Blue","p2":"Sirbelgrave","format":"[Gen 9] Ubers","log":"|j|\u2606LadyMaria-Blue\n|j|\u2606Sirbelgrave\n|t:|1697495801\n|gametype|singles\n|player|p1|LadyMaria-Blue|cynthia|\n|player|p2|Sirbelgrave|plasmagrunt-gen5bw|\n|teamsize|p1|6\n|teamsize|p2|6\n|gen|9\n|tier|[Gen 9] Ubers\n|rule|Sleep Clause Mod: Limit one foe put to sleep\n|rule|Species Clause: Limit one of each Pok\u00e9mon\n|rule|OHKO Clause: OHKO moves are banned\n|rule|Evasion Items Clause: Evasion items are banned\n|rule|Evasion Moves Clause: Evasion moves are banned\n|rule|Endless Battle Clause: Forcing endless battles is banned\n|rule|HP Percentage Mod: HP is shown in percentages\n|clearpoke\n|poke|p1|Magearna|\n|poke|p1|Ursaluna, M|\n|poke|p1|Cresselia, F|\n|poke|p1|Dialga-Origin|\n|poke|p1|Palafin, F|\n|poke|p1|Slowking-Galar, F|\n|poke|p2|Grimmsnarl, M|\n|poke|p2|Zacian-*|\n|poke|p2|Palkia-Origin|\n|poke|p2|Arceus-Dark|\n|poke|p2|Cyclizar, F|\n|poke|p2|Magearna|\n|teampreview\n|inactive|Battle timer is ON: inactive players will automatically lose when time's up. (requested by Sirbelgrave)\n|inactive|Sirbelgrave has 270 seconds left.\n|inactive|Sirbelgrave has 240 seconds left.\n|\n|t:|1697495874\n|start\n|switch|p1a: Palafin|Palafin, F|100\/100\n|switch|p2a: Grimmsnarl|Grimmsnarl, M|100\/100\n|turn|1\n|\n|t:|1697495879\n|move|p2a: Grimmsnarl|Light Screen|p2a: Grimmsnarl\n|-sidestart|p2: Sirbelgrave|move: Light Screen\n|move|p1a: Palafin|Flip Turn|p2a: Grimmsnarl\n|-damage|p2a: Grimmsnarl|61\/100\n|\n|t:|1697495885\n|detailschange|p1a: Palafin|Palafin-Hero, F\n|switch|p1a: Slowking|Slowking-Galar, F, shiny|100\/100|[from] Flip Turn\n|\n|upkeep\n|turn|2\n|\n|t:|1697495893\n|move|p2a: Grimmsnarl|Taunt|p1a: Slowking\n|-start|p1a: Slowking|move: Taunt\n|cant|p1a: Slowking|move: Taunt|Trick Room\n|\n|upkeep\n|turn|3\n|\n|t:|1697495901\n|switch|p2a: Cyclizar|Cyclizar, F|100\/100\n|switch|p1a: Dialga|Dialga-Origin, shiny|100\/100\n|-ability|p1a: Dialga|Pressure\n|\n|upkeep\n|turn|4\n|\n|t:|1697495905\n|move|p2a: Cyclizar|Shed Tail|p2a: Cyclizar\n|-start|p2a: Cyclizar|Substitute|[from] move: Shed Tail\n|-damage|p2a: Cyclizar|50\/100\n|inactive|Sirbelgrave has 270 seconds left.\n|\n|t:|1697495965\n|switch|p2a: Zacian|Zacian|100\/100|[from] Shed Tail\n|-ability|p2a: Zacian|Intrepid Sword|boost\n|-boost|p2a: Zacian|atk|1\n|move|p1a: Dialga|Dragon Pulse|p2a: Zacian\n|-immune|p2a: Zacian\n|\n|upkeep\n|turn|5\n|\n|t:|1697495976\n|switch|p1a: Magearna|Magearna|100\/100\n|move|p2a: Zacian|Swords Dance|p2a: Zacian\n|-boost|p2a: Zacian|atk|2\n|\n|upkeep\n|turn|6\n|\n|t:|1697495979\n|move|p2a: Zacian|Close Combat|p1a: Magearna\n|-damage|p1a: Magearna|17\/100\n|-unboost|p2a: Zacian|def|1\n|-unboost|p2a: Zacian|spd|1\n|move|p1a: Magearna|Trick Room|p1a: Magearna\n|-fieldstart|move: Trick Room|[of] p1a: Magearna\n|\n|-heal|p1a: Magearna|23\/100|[from] item: Leftovers\n|upkeep\n|turn|7\n|\n|t:|1697495986\n|move|p1a: Magearna|Volt Switch|p2a: Zacian\n|-activate|p2a: Zacian|move: Substitute|[damage]\n|\n|t:|1697495995\n|switch|p1a: Slowking|Slowking-Galar, F, shiny|100\/100|[from] Volt Switch\n|move|p2a: Zacian|Wild Charge|p1a: Slowking\n|-damage|p1a: Slowking|42\/100\n|-damage|p2a: Zacian|83\/100|[from] Recoil\n|\n|upkeep\n|turn|8\n|\n|t:|1697496007\n|move|p1a: Slowking|Future Sight|p2a: Zacian\n|-start|p1a: Slowking|move: Future Sight\n|move|p2a: Zacian|Play Rough|p1a: Slowking\n|-resisted|p1a: Slowking\n|-damage|p1a: Slowking|0 fnt\n|faint|p1a: Slowking\n|\n|-sideend|p2: Sirbelgrave|move: Light Screen\n|upkeep\n|\n|t:|1697496018\n|switch|p1a: Ursaluna|Ursaluna, M, shiny|100\/100\n|turn|9\n|inactive|LadyMaria-Blue has 270 seconds left.\n|\n|t:|1697496060\n|switch|p1a: Cresselia|Cresselia, F, shiny|100\/100\n|move|p2a: Zacian|Close Combat|p1a: Cresselia\n|-resisted|p1a: Cresselia\n|-damage|p1a: Cresselia|67\/100\n|-unboost|p2a: Zacian|def|1\n|-unboost|p2a: Zacian|spd|1\n|\n|-heal|p1a: Cresselia|73\/100|[from] item: Leftovers\n|upkeep\n|turn|10\n|\n|t:|1697496064\n|move|p1a: Cresselia|Psychic|p2a: Zacian\n|-end|p2a: Zacian|Substitute\n|move|p2a: Zacian|Wild Charge|p1a: Cresselia\n|-damage|p1a: Cresselia|25\/100\n|-damage|p2a: Zacian|66\/100|[from] Recoil\n|\n|-end|p2a: Zacian|move: Future Sight\n|-damage|p2a: Zacian|0 fnt\n|faint|p2a: Zacian\n|-heal|p1a: Cresselia|31\/100|[from] item: Leftovers\n|-fieldend|move: Trick Room\n|upkeep\n|\n|t:|1697496069\n|switch|p2a: Cyclizar|Cyclizar, F|84\/100\n|turn|11\n|\n|t:|1697496073\n|move|p2a: Cyclizar|U-turn|p1a: Cresselia\n|-supereffective|p1a: Cresselia\n|-damage|p1a: Cresselia|11\/100\n|\n|t:|1697496076\n|switch|p2a: Grimmsnarl|Grimmsnarl, M|61\/100|[from] U-turn\n|move|p1a: Cresselia|Trick Room|p1a: Cresselia\n|-fieldstart|move: Trick Room|[of] p1a: Cresselia\n|\n|-heal|p1a: Cresselia|17\/100|[from] item: Leftovers\n|upkeep\n|turn|12\n|\n|t:|1697496080\n|switch|p1a: Magearna|Magearna|23\/100\n|move|p2a: Grimmsnarl|Light Screen|p2a: Grimmsnarl\n|-sidestart|p2: Sirbelgrave|move: Light Screen\n|\n|-heal|p1a: Magearna|29\/100|[from] item: Leftovers\n|upkeep\n|turn|13\n|\n|t:|1697496084\n|move|p2a: Grimmsnarl|Taunt|p1a: Magearna\n|-start|p1a: Magearna|move: Taunt\n|move|p1a: Magearna|Flash Cannon|p2a: Grimmsnarl\n|-supereffective|p2a: Grimmsnarl\n|-damage|p2a: Grimmsnarl|24\/100\n|\n|-heal|p1a: Magearna|35\/100|[from] item: Leftovers\n|upkeep\n|turn|14\n|\n|t:|1697496092\n|switch|p2a: Cyclizar|Cyclizar, F|100\/100\n|move|p1a: Magearna|Flash Cannon|p2a: Cyclizar\n|-damage|p2a: Cyclizar|68\/100\n|\n|-heal|p1a: Magearna|41\/100|[from] item: Leftovers\n|upkeep\n|turn|15\n|\n|t:|1697496093\n|move|p1a: Magearna|Volt Switch|p2a: Cyclizar\n|-resisted|p2a: Cyclizar\n|-damage|p2a: Cyclizar|58\/100\n|\n|t:|1697496110\n|switch|p1a: Ursaluna|Ursaluna, M, shiny|100\/100|[from] Volt Switch\n|move|p2a: Cyclizar|Shed Tail|p2a: Cyclizar\n|-start|p2a: Cyclizar|Substitute|[from] move: Shed Tail\n|-damage|p2a: Cyclizar|8\/100\n|\n|t:|1697496115\n|switch|p2a: Palkia|Palkia-Origin|100\/100|[from] Shed Tail\n|-ability|p2a: Palkia|Pressure\n|\n|-fieldend|move: Trick Room\n|-status|p1a: Ursaluna|brn|[from] item: Flame Orb\n|upkeep\n|turn|16\n|\n|t:|1697496130\n|switch|p1a: Palafin|Palafin-Hero, F|100\/100\n|-activate|p1a: Palafin|ability: Zero to Hero\n|move|p2a: Palkia|Hydro Pump|p1a: Palafin\n|-resisted|p1a: Palafin\n|-damage|p1a: Palafin|56\/100\n|\n|upkeep\n|turn|17\n|\n|t:|1697496133\n|move|p1a: Palafin|Jet Punch|p2a: Palkia\n|-resisted|p2a: Palkia\n|-activate|p2a: Palkia|move: Substitute|[damage]\n|move|p2a: Palkia|Thunderbolt|p1a: Palafin\n|-supereffective|p1a: Palafin\n|-crit|p1a: Palafin\n|-damage|p1a: Palafin|0 fnt\n|faint|p1a: Palafin\n|\n|upkeep\n|\n|t:|1697496139\n|switch|p1a: Cresselia|Cresselia, F, shiny|17\/100\n|turn|18\n|\n|t:|1697496143\n|move|p2a: Palkia|Thunderbolt|p1a: Cresselia\n|-damage|p1a: Cresselia|0 fnt\n|faint|p1a: Cresselia\n|\n|upkeep\n|\n|t:|1697496146\n|switch|p1a: Magearna|Magearna|41\/100\n|turn|19\n|\n|t:|1697496149\n|move|p2a: Palkia|Fire Blast|p1a: Magearna\n|-supereffective|p1a: Magearna\n|-damage|p1a: Magearna|0 fnt\n|faint|p1a: Magearna\n|\n|-sideend|p2: Sirbelgrave|move: Light Screen\n|upkeep\n|\n|t:|1697496152\n|switch|p1a: Dialga|Dialga-Origin, shiny|100\/100\n|-ability|p1a: Dialga|Pressure\n|turn|20\n|\n|t:|1697496158\n|move|p2a: Palkia|Spacial Rend|p1a: Dialga\n|-damage|p1a: Dialga|49\/100\n|move|p1a: Dialga|Dragon Pulse|p2a: Palkia\n|-supereffective|p2a: Palkia\n|-end|p2a: Palkia|Substitute\n|\n|upkeep\n|turn|21\n|\n|t:|1697496162\n|move|p2a: Palkia|Spacial Rend|p1a: Dialga\n|-damage|p1a: Dialga|0 fnt\n|faint|p1a: Dialga\n|\n|upkeep\n|\n|t:|1697496164\n|switch|p1a: Ursaluna|Ursaluna, M, shiny|100\/100 brn\n|turn|22\n|\n|t:|1697496169\n|-terastallize|p1a: Ursaluna|Normal\n|move|p2a: Palkia|Hydro Pump|p1a: Ursaluna\n|-damage|p1a: Ursaluna|34\/100 brn\n|move|p1a: Ursaluna|Facade|p2a: Palkia\n|-damage|p2a: Palkia|0 fnt\n|faint|p2a: Palkia\n|\n|-damage|p1a: Ursaluna|28\/100 brn|[from] brn\n|upkeep\n|\n|t:|1697496178\n|switch|p2a: Grimmsnarl|Grimmsnarl, M|24\/100\n|turn|23\n|\n|t:|1697496181\n|move|p2a: Grimmsnarl|Reflect|p2a: Grimmsnarl\n|-sidestart|p2: Sirbelgrave|Reflect\n|move|p1a: Ursaluna|Swords Dance|p1a: Ursaluna\n|-boost|p1a: Ursaluna|atk|2\n|\n|-damage|p1a: Ursaluna|22\/100 brn|[from] brn\n|upkeep\n|turn|24\n|\n|t:|1697496184\n|move|p2a: Grimmsnarl|Parting Shot|p1a: Ursaluna\n|-unboost|p1a: Ursaluna|atk|1\n|-unboost|p1a: Ursaluna|spa|1\n|\n|t:|1697496187\n|switch|p2a: Cyclizar|Cyclizar, F|41\/100|[from] Parting Shot\n|move|p1a: Ursaluna|Facade|p2a: Cyclizar\n|-damage|p2a: Cyclizar|0 fnt\n|faint|p2a: Cyclizar\n|\n|-damage|p1a: Ursaluna|16\/100 brn|[from] brn\n|upkeep\n|\n|t:|1697496190\n|switch|p2a: Grimmsnarl|Grimmsnarl, M|24\/100\n|turn|25\n|\n|t:|1697496192\n|move|p2a: Grimmsnarl|Taunt|p1a: Ursaluna\n|-start|p1a: Ursaluna|move: Taunt\n|cant|p1a: Ursaluna|move: Taunt|Swords Dance\n|\n|-damage|p1a: Ursaluna|10\/100 brn|[from] brn\n|upkeep\n|turn|26\n|\n|t:|1697496195\n|move|p2a: Grimmsnarl|Parting Shot|p1a: Ursaluna\n|-unboost|p1a: Ursaluna|atk|1\n|-unboost|p1a: Ursaluna|spa|1\n|\n|t:|1697496198\n|switch|p2a: Arceus|Arceus-Dark|100\/100|[from] Parting Shot\n|move|p1a: Ursaluna|Facade|p2a: Arceus\n|-damage|p2a: Arceus|44\/100\n|\n|-damage|p1a: Ursaluna|4\/100 brn|[from] brn\n|upkeep\n|turn|27\n|\n|t:|1697496201\n|move|p2a: Arceus|Recover|p2a: Arceus\n|-heal|p2a: Arceus|94\/100\n|move|p1a: Ursaluna|Earthquake|p2a: Arceus\n|-damage|p2a: Arceus|62\/100\n|\n|-damage|p1a: Ursaluna|0 fnt|[from] brn\n|faint|p1a: Ursaluna\n|\n|win|Sirbelgrave\n|upkeep\n|c|\u2606LadyMaria-Blue|ggs\n|c|\u2606Sirbelgrave|gg\n","uploadtime":1697496208,"views":24,"p1id":"ladymariablue","p2id":"sirbelgrave","formatid":"gen9ubers","rating":0,"private":0,"password":""}