{"id":"gen9ubers-1968471289","p1":"Bondayru","p2":"kzootops","format":"[Gen 9] Ubers","log":"|j|\u2606Bondayru\n|j|\u2606kzootops\n|t:|1697422126\n|gametype|singles\n|player|p1|Bondayru|bruno|\n|player|p2|kzootops|rood|\n|teamsize|p1|6\n|teamsize|p2|6\n|gen|9\n|tier|[Gen 9] Ubers\n|rule|Sleep Clause Mod: Limit one foe put to sleep\n|rule|Species Clause: Limit one of each Pok\u00e9mon\n|rule|OHKO Clause: OHKO moves are banned\n|rule|Evasion Items Clause: Evasion items are banned\n|rule|Evasion Moves Clause: Evasion moves are banned\n|rule|Endless Battle Clause: Forcing endless battles is banned\n|rule|HP Percentage Mod: HP is shown in percentages\n|clearpoke\n|poke|p1|Dragapult, F|\n|poke|p1|Kingambit, F|\n|poke|p1|Enamorus, F|\n|poke|p1|Iron Treads|\n|poke|p1|Crawdaunt, M|\n|poke|p1|Talonflame, F|\n|poke|p2|Gholdengo|\n|poke|p2|Hatterene, F|\n|poke|p2|Slowbro, F|\n|poke|p2|Forretress, M|\n|poke|p2|Snorlax, M|\n|poke|p2|Goodra, F|\n|teampreview\n|j| XenoBits\n|c|\u2606Bondayru|gl gl\n|c|\u2606Bondayru|hf hf\n|c|\u2606kzootops|same 2 u\n|j| CLECrustles\n|\n|t:|1697422222\n|start\n|switch|p1a: The Craw|Crawdaunt, M|100\/100\n|switch|p2a: Gholdengo|Gholdengo|100\/100\n|turn|1\n|\n|t:|1697422258\n|switch|p2a: Forretress|Forretress, M|100\/100\n|move|p1a: The Craw|Knock Off|p2a: Forretress\n|-damage|p2a: Forretress|55\/100\n|-damage|p1a: The Craw|84\/100|[from] item: Rocky Helmet|[of] p2a: Forretress\n|-enditem|p2a: Forretress|Rocky Helmet|[from] move: Knock Off|[of] p1a: The Craw\n|-damage|p1a: The Craw|74\/100|[from] item: Life Orb\n|\n|upkeep\n|turn|2\n|\n|t:|1697422272\n|switch|p1a: Speeeeed|Dragapult, F|100\/100\n|move|p2a: Forretress|Stealth Rock|p1a: Speeeeed\n|-sidestart|p1: Bondayru|move: Stealth Rock\n|\n|upkeep\n|turn|3\n|j| chiefpancake\n|\n|t:|1697422327\n|switch|p2a: Slowbro|Slowbro, F|100\/100\n|move|p1a: Speeeeed|U-turn|p2a: Slowbro\n|-supereffective|p2a: Slowbro\n|-damage|p2a: Slowbro|75\/100\n|l| chiefpancake\n|j| chiefpancake\n|\n|t:|1697422374\n|switch|p1a: The Craw|Crawdaunt, M|74\/100|[from] U-turn\n|-damage|p1a: The Craw|62\/100|[from] Stealth Rock\n|\n|-heal|p2a: Slowbro|81\/100|[from] item: Leftovers\n|upkeep\n|turn|4\n|\n|t:|1697422398\n|move|p1a: The Craw|Swords Dance|p1a: The Craw\n|-boost|p1a: The Craw|atk|2\n|move|p2a: Slowbro|Trick Room|p2a: Slowbro\n|-fieldstart|move: Trick Room|[of] p2a: Slowbro\n|\n|-heal|p2a: Slowbro|87\/100|[from] item: Leftovers\n|upkeep\n|turn|5\n|\n|t:|1697422428\n|switch|p2a: Hatterene|Hatterene, F|100\/100\n|move|p1a: The Craw|Knock Off|p2a: Hatterene\n|-damage|p2a: Hatterene|0 fnt\n|-enditem|p2a: Hatterene|Leftovers|[from] move: Knock Off|[of] p1a: The Craw\n|faint|p2a: Hatterene\n|-damage|p1a: The Craw|52\/100|[from] item: Life Orb\n|\n|upkeep\n|\n|t:|1697422442\n|switch|p2a: Goodra|Goodra, F|100\/100\n|turn|6\n|\n|t:|1697422460\n|move|p2a: Goodra|Thunderbolt|p1a: The Craw\n|-supereffective|p1a: The Craw\n|-damage|p1a: The Craw|0 fnt\n|faint|p1a: The Craw\n|\n|upkeep\n|j| Shwyguy\n|j| kayjulers\n|l| Shwyguy\n|\n|t:|1697422518\n|switch|p1a: My Neck Hurts|Kingambit, F, shiny|100\/100\n|-damage|p1a: My Neck Hurts|94\/100|[from] Stealth Rock\n|-activate|p1a: My Neck Hurts|ability: Supreme Overlord\n|-start|p1a: My Neck Hurts|fallen1|[silent]\n|turn|7\n|\n|t:|1697422559\n|move|p1a: My Neck Hurts|Swords Dance|p1a: My Neck Hurts\n|-boost|p1a: My Neck Hurts|atk|2\n|move|p2a: Goodra|Thunderbolt|p1a: My Neck Hurts\n|-damage|p1a: My Neck Hurts|64\/100\n|\n|-heal|p1a: My Neck Hurts|71\/100|[from] item: Leftovers\n|upkeep\n|turn|8\n|\n|t:|1697422570\n|move|p1a: My Neck Hurts|Sucker Punch|p2a: Goodra\n|-damage|p2a: Goodra|0 fnt\n|faint|p2a: Goodra\n|\n|-heal|p1a: My Neck Hurts|77\/100|[from] item: Leftovers\n|-fieldend|move: Trick Room\n|upkeep\n|\n|t:|1697422579\n|switch|p2a: Snorlax|Snorlax, M|100\/100\n|turn|9\n|\n|t:|1697422585\n|move|p1a: My Neck Hurts|Low Kick|p2a: Snorlax\n|-supereffective|p2a: Snorlax\n|-damage|p2a: Snorlax|0 fnt\n|faint|p2a: Snorlax\n|\n|-heal|p1a: My Neck Hurts|83\/100|[from] item: Leftovers\n|upkeep\n|\n|t:|1697422599\n|switch|p2a: Gholdengo|Gholdengo|100\/100\n|turn|10\n|\n|t:|1697422605\n|move|p1a: My Neck Hurts|Sucker Punch||[still]\n|-fail|p1a: My Neck Hurts\n|move|p2a: Gholdengo|Trick|p1a: My Neck Hurts\n|-activate|p2a: Gholdengo|move: Trick|[of] p1a: My Neck Hurts\n|-item|p1a: My Neck Hurts|Choice Specs|[from] move: Trick\n|-item|p2a: Gholdengo|Leftovers|[from] move: Trick\n|\n|upkeep\n|turn|11\n|c|\u2606kzootops|no fair you didnt use low kick against thom\n|c|\u2606Bondayru|:\"3\n|\n|t:|1697422671\n|move|p1a: My Neck Hurts|Sucker Punch||[still]\n|-fail|p1a: My Neck Hurts\n|move|p2a: Gholdengo|Nasty Plot|p2a: Gholdengo\n|-boost|p2a: Gholdengo|spa|2\n|\n|upkeep\n|turn|12\n|\n|t:|1697422685\n|-end|p1a: My Neck Hurts|fallen1|[silent]\n|switch|p1a: Skill|Talonflame, F|100\/100\n|move|p2a: Gholdengo|Nasty Plot|p2a: Gholdengo\n|-boost|p2a: Gholdengo|spa|2\n|\n|upkeep\n|turn|13\n|\n|t:|1697422698\n|move|p1a: Skill|Flamethrower|p2a: Gholdengo\n|-supereffective|p2a: Gholdengo\n|-damage|p2a: Gholdengo|48\/100\n|move|p2a: Gholdengo|Shadow Ball|p1a: Skill\n|-damage|p1a: Skill|0 fnt\n|faint|p1a: Skill\n|\n|-heal|p2a: Gholdengo|54\/100|[from] item: Leftovers\n|upkeep\n|\n|t:|1697422709\n|switch|p1a: Fred|Iron Treads|100\/100\n|-damage|p1a: Fred|97\/100|[from] Stealth Rock\n|-enditem|p1a: Fred|Booster Energy\n|-activate|p1a: Fred|ability: Quark Drive|[fromitem]\n|-start|p1a: Fred|quarkdriveatk\n|turn|14\n|\n|t:|1697422729\n|switch|p2a: Slowbro|Slowbro, F|100\/100\n|move|p1a: Fred|Earthquake|p2a: Slowbro\n|-damage|p2a: Slowbro|47\/100\n|\n|-heal|p2a: Slowbro|53\/100|[from] item: Leftovers\n|upkeep\n|turn|15\n|\n|t:|1697422738\n|move|p1a: Fred|Earthquake|p2a: Slowbro\n|-damage|p2a: Slowbro|2\/100\n|move|p2a: Slowbro|Scald|p1a: Fred\n|-supereffective|p1a: Fred\n|-damage|p1a: Fred|0 fnt\n|faint|p1a: Fred\n|-end|p1a: Fred|Quark Drive|[silent]\n|\n|-heal|p2a: Slowbro|8\/100|[from] item: Leftovers\n|upkeep\n|\n|t:|1697422747\n|switch|p1a: Speeeeed|Dragapult, F|100\/100\n|-damage|p1a: Speeeeed|88\/100|[from] Stealth Rock\n|turn|16\n|\n|t:|1697422761\n|switch|p2a: Forretress|Forretress, M|55\/100\n|move|p1a: Speeeeed|Shadow Ball|p2a: Forretress\n|-damage|p2a: Forretress|0 fnt\n|faint|p2a: Forretress\n|\n|upkeep\n|\n|t:|1697422771\n|switch|p2a: Slowbro|Slowbro, F|41\/100\n|turn|17\n|\n|t:|1697422776\n|move|p1a: Speeeeed|Shadow Ball|p2a: Slowbro\n|-supereffective|p2a: Slowbro\n|-damage|p2a: Slowbro|0 fnt\n|faint|p2a: Slowbro\n|\n|upkeep\n|\n|t:|1697422780\n|switch|p2a: Gholdengo|Gholdengo|54\/100\n|turn|18\n|\n|t:|1697422784\n|move|p1a: Speeeeed|Shadow Ball|p2a: Gholdengo\n|-supereffective|p2a: Gholdengo\n|-damage|p2a: Gholdengo|0 fnt\n|faint|p2a: Gholdengo\n|\n|win|Bondayru\n|c|\u2606kzootops|gg\n|c|\u2606Bondayru|gg\n|l| XenoBits\n|l|\u2606kzootops\n","uploadtime":1697422801,"views":19,"p1id":"bondayru","p2id":"kzootops","formatid":"gen9ubers","rating":0,"private":0,"password":""}