{"id":"gen9ubers-1978349107","p1":"HelloThereMites","p2":"Dragongulpin","format":"[Gen 9] Ubers","log":"|j|\u2606HelloThereMites\n|j|\u2606Dragongulpin\n|t:|1698528002\n|gametype|singles\n|player|p1|HelloThereMites|riley|1124\n|player|p2|Dragongulpin|266|1000\n|teamsize|p1|6\n|teamsize|p2|6\n|gen|9\n|tier|[Gen 9] Ubers\n|rated|\n|rule|Sleep Clause Mod: Limit one foe put to sleep\n|rule|Species Clause: Limit one of each Pok\u00e9mon\n|rule|OHKO Clause: OHKO moves are banned\n|rule|Evasion Items Clause: Evasion items are banned\n|rule|Evasion Moves Clause: Evasion moves are banned\n|rule|Endless Battle Clause: Forcing endless battles is banned\n|rule|HP Percentage Mod: HP is shown in percentages\n|clearpoke\n|poke|p1|Ogerpon-Hearthflame, F|\n|poke|p1|Zacian-*|\n|poke|p1|Urshifu-*, F|\n|poke|p1|Flutter Mane|\n|poke|p1|Iron Bundle|\n|poke|p1|Chien-Pao|\n|poke|p2|Flutter Mane|\n|poke|p2|Dugtrio, M|\n|poke|p2|Wugtrio, F|\n|poke|p2|Glimmora, F|\n|poke|p2|Tyranitar, L55, F|\n|poke|p2|Houndstone, F|\n|teampreview\n|inactive|Battle timer is ON: inactive players will automatically lose when time's up. (requested by HelloThereMites)\n|inactive|HelloThereMites has 120 seconds left.\n|\n|t:|1698528033\n|start\n|switch|p1a: Chien-Pao|Chien-Pao|100\/100\n|switch|p2a: Flutter Mane|Flutter Mane|100\/100\n|-ability|p1a: Chien-Pao|Sword of Ruin\n|-enditem|p2a: Flutter Mane|Booster Energy\n|-activate|p2a: Flutter Mane|ability: Protosynthesis|[fromitem]\n|-start|p2a: Flutter Mane|protosynthesisspe\n|turn|1\n|\n|t:|1698528052\n|move|p2a: Flutter Mane|Memento|p1a: Chien-Pao\n|-unboost|p1a: Chien-Pao|atk|2\n|-unboost|p1a: Chien-Pao|spa|2\n|faint|p2a: Flutter Mane\n|-end|p2a: Flutter Mane|Protosynthesis|[silent]\n|move|p1a: Chien-Pao|Icicle Crash|p2: Flutter Mane|[notarget]\n|-fail|p1a: Chien-Pao\n|\n|upkeep\n|\n|t:|1698528058\n|switch|p2a: Dugtrio|Dugtrio, M|100\/100\n|turn|2\n|\n|t:|1698528061\n|move|p2a: Dugtrio|Memento|p1a: Chien-Pao\n|-unboost|p1a: Chien-Pao|atk|2\n|-unboost|p1a: Chien-Pao|spa|2\n|faint|p2a: Dugtrio\n|move|p1a: Chien-Pao|Icicle Crash|p2: Dugtrio|[notarget]\n|-fail|p1a: Chien-Pao\n|\n|upkeep\n|c|\u2606HelloThereMites|im confused\n|\n|t:|1698528072\n|switch|p2a: Wugtrio|Wugtrio, F|100\/100\n|turn|3\n|\n|t:|1698528078\n|switch|p1a: Dog|Zacian-Crowned|100\/100\n|-ability|p1a: Dog|Intrepid Sword|boost\n|-boost|p1a: Dog|atk|1\n|move|p2a: Wugtrio|Memento|p1a: Dog\n|-unboost|p1a: Dog|atk|2\n|-unboost|p1a: Dog|spa|2\n|faint|p2a: Wugtrio\n|\n|upkeep\n|\n|t:|1698528086\n|switch|p2a: Glimmora|Glimmora, F|100\/100\n|turn|4\n|c|\u2606HelloThereMites|do they all know memento?\n|\n|t:|1698528097\n|switch|p1a: Chien-Pao|Chien-Pao|100\/100\n|-ability|p1a: Chien-Pao|Sword of Ruin\n|move|p2a: Glimmora|Memento|p1a: Chien-Pao\n|-unboost|p1a: Chien-Pao|atk|2\n|-unboost|p1a: Chien-Pao|spa|2\n|faint|p2a: Glimmora\n|\n|upkeep\n|\n|t:|1698528105\n|switch|p2a: Tyranitar|Tyranitar, L55, F|100\/100\n|-weather|Sandstorm|[from] ability: Sand Stream|[of] p2a: Tyranitar\n|turn|5\n|c|\u2606HelloThereMites|ok what is this team\n|c|\u2606HelloThereMites|oh wait\n|c|\u2606HelloThereMites|this is for houndstone\n|\n|t:|1698528128\n|switch|p1a: Urshifu|Urshifu-Rapid-Strike, F|100\/100\n|move|p2a: Tyranitar|Stealth Rock|p1a: Urshifu\n|-sidestart|p1: HelloThereMites|move: Stealth Rock\n|\n|-weather|Sandstorm|[upkeep]\n|-damage|p1a: Urshifu|94\/100|[from] Sandstorm\n|upkeep\n|turn|6\n|\n|t:|1698528142\n|move|p1a: Urshifu|Surging Strikes|p2a: Tyranitar\n|-supereffective|p2a: Tyranitar\n|-crit|p2a: Tyranitar\n|-damage|p2a: Tyranitar|0 fnt\n|faint|p2a: Tyranitar\n|-hitcount|p2: Tyranitar|1\n|\n|-weather|Sandstorm|[upkeep]\n|-damage|p1a: Urshifu|88\/100|[from] Sandstorm\n|upkeep\n|c|\u2606HelloThereMites|and it probably doubles its speed with the sandstorm\n|\n|t:|1698528149\n|switch|p2a: Houndstone|Houndstone, F|100\/100\n|turn|7\n|c|\u2606HelloThereMites|and you used stealth rock to break focus sashed\n|\n|t:|1698528167\n|move|p1a: Urshifu|Aqua Jet|p2a: Houndstone\n|-damage|p2a: Houndstone|70\/100\n|move|p2a: Houndstone|Last Respects|p1a: Urshifu\n|-damage|p1a: Urshifu|0 fnt\n|faint|p1a: Urshifu\n|\n|-weather|Sandstorm|[upkeep]\n|upkeep\n|inactive|HelloThereMites has 120 seconds left.\n|\n|t:|1698528200\n|switch|p1a: Chien-Pao|Chien-Pao|100\/100\n|-ability|p1a: Chien-Pao|Sword of Ruin\n|turn|8\n|\n|t:|1698528208\n|-terastallize|p2a: Houndstone|Fighting\n|move|p2a: Houndstone|Last Respects|p1a: Chien-Pao\n|-resisted|p1a: Chien-Pao\n|-damage|p1a: Chien-Pao|0 fnt\n|faint|p1a: Chien-Pao\n|\n|-weather|Sandstorm|[upkeep]\n|upkeep\n|inactive|HelloThereMites has 120 seconds left.\n|\n|t:|1698528220\n|switch|p1a: Mr. Popper|Iron Bundle, shiny|100\/100\n|turn|9\n|inactive|HelloThereMites has 120 seconds left.\n|\n|t:|1698528225\n|move|p2a: Houndstone|Last Respects|p1a: Mr. Popper\n|-damage|p1a: Mr. Popper|0 fnt\n|faint|p1a: Mr. Popper\n|-end|p1a: Mr. Popper|Quark Drive|[silent]\n|\n|-weather|Sandstorm|[upkeep]\n|upkeep\n|inactive|HelloThereMites has 120 seconds left.\n|\n|t:|1698528232\n|switch|p1a: Flutter Mane|Flutter Mane|100\/100\n|-damage|p1a: Flutter Mane|88\/100|[from] Stealth Rock\n|turn|10\n|\n|t:|1698528236\n|move|p2a: Houndstone|Last Respects|p1a: Flutter Mane\n|-supereffective|p1a: Flutter Mane\n|-crit|p1a: Flutter Mane\n|-damage|p1a: Flutter Mane|0 fnt\n|faint|p1a: Flutter Mane\n|-end|p1a: Flutter Mane|Protosynthesis|[silent]\n|\n|-weather|Sandstorm|[upkeep]\n|upkeep\n|\n|t:|1698528243\n|switch|p1a: Dog|Zacian-Crowned|100\/100\n|-damage|p1a: Dog|94\/100|[from] Stealth Rock\n|turn|11\n|\n|t:|1698528249\n|move|p2a: Houndstone|Last Respects|p1a: Dog\n|-damage|p1a: Dog|0 fnt\n|faint|p1a: Dog\n|\n|-weather|Sandstorm|[upkeep]\n|upkeep\n|c|\u2606HelloThereMites|dang\n|\n|t:|1698528255\n|switch|p1a: Ogerpon|Ogerpon-Hearthflame, F|100\/100\n|-damage|p1a: Ogerpon|76\/100|[from] Stealth Rock\n|-ability|p1a: Ogerpon|Mold Breaker\n|turn|12\n|\n|t:|1698528262\n|move|p2a: Houndstone|Last Respects|p1a: Ogerpon\n|-damage|p1a: Ogerpon|0 fnt\n|faint|p1a: Ogerpon\n|\n|win|Dragongulpin\n|raw|HelloThereMites's rating: 1124 &rarr; <strong>1090<\/strong><br \/>(-34 for losing)\n|raw|Dragongulpin's rating: 1000 &rarr; <strong>1054<\/strong><br \/>(+54 for winning)\n","uploadtime":1698528267,"views":10,"p1id":"hellotheremites","p2id":"dragongulpin","formatid":"gen9ubers","rating":1054,"private":0,"password":""}