{"id":"gen9ubers-1990591658","p1":"xinjuju","p2":"DarthAndrusVIII","format":"[Gen 9] Ubers","log":"|j|\u2606xinjuju\n|j|\u2606DarthAndrusVIII\n|t:|1699984022\n|gametype|singles\n|player|p1|xinjuju|parasollady-gen4|1043\n|player|p2|DarthAndrusVIII|169|1035\n|teamsize|p1|6\n|teamsize|p2|6\n|gen|9\n|tier|[Gen 9] Ubers\n|rated|\n|rule|Sleep Clause Mod: Limit one foe put to sleep\n|rule|Species Clause: Limit one of each Pok\u00e9mon\n|rule|OHKO Clause: OHKO moves are banned\n|rule|Evasion Items Clause: Evasion items are banned\n|rule|Evasion Moves Clause: Evasion moves are banned\n|rule|Endless Battle Clause: Forcing endless battles is banned\n|rule|HP Percentage Mod: HP is shown in percentages\n|clearpoke\n|poke|p1|Giratina-Origin|\n|poke|p1|Miraidon|\n|poke|p1|Koraidon|\n|poke|p1|Ribombee, M|\n|poke|p1|Zacian-*|\n|poke|p1|Great Tusk|\n|poke|p2|Mewtwo|\n|poke|p2|Zacian-*|\n|poke|p2|Kyogre|\n|poke|p2|Eternatus|\n|poke|p2|Miraidon|\n|poke|p2|Arceus|\n|teampreview\n|\n|t:|1699984027\n|start\n|switch|p1a: Ribombee|Ribombee, M|100\/100\n|switch|p2a: Arceus|Arceus|100\/100\n|turn|1\n|\n|t:|1699984033\n|move|p1a: Ribombee|Sticky Web|p2a: Arceus\n|-sidestart|p2: DarthAndrusVIII|move: Sticky Web\n|move|p2a: Arceus|Swords Dance|p2a: Arceus\n|-boost|p2a: Arceus|atk|2\n|\n|upkeep\n|turn|2\n|\n|t:|1699984038\n|move|p1a: Ribombee|Moonblast|p2a: Arceus\n|-crit|p2a: Arceus\n|-damage|p2a: Arceus|68\/100\n|move|p2a: Arceus|Tailwind|p2a: Arceus\n|-sidestart|p2: DarthAndrusVIII|move: Tailwind\n|\n|upkeep\n|turn|3\n|\n|t:|1699984044\n|move|p2a: Arceus|Swords Dance|p2a: Arceus\n|-boost|p2a: Arceus|atk|2\n|move|p1a: Ribombee|Moonblast|p2a: Arceus\n|-damage|p2a: Arceus|46\/100\n|-unboost|p2a: Arceus|spa|1\n|\n|upkeep\n|turn|4\n|\n|t:|1699984051\n|move|p2a: Arceus|Extreme Speed|p1a: Ribombee\n|-enditem|p1a: Ribombee|Focus Sash\n|-damage|p1a: Ribombee|1\/100\n|-damage|p2a: Arceus|36\/100|[from] item: Life Orb\n|move|p1a: Ribombee|Moonblast|p2a: Arceus\n|-damage|p2a: Arceus|14\/100\n|-unboost|p2a: Arceus|spa|1\n|\n|upkeep\n|turn|5\n|\n|t:|1699984060\n|move|p2a: Arceus|Extreme Speed|p1a: Ribombee\n|-damage|p1a: Ribombee|0 fnt\n|faint|p1a: Ribombee\n|-damage|p2a: Arceus|4\/100|[from] item: Life Orb\n|\n|-sideend|p2: DarthAndrusVIII|move: Tailwind\n|upkeep\n|\n|t:|1699984078\n|switch|p1a: Koraidon|Koraidon|100\/100\n|-weather|SunnyDay|[from] ability: Orichalcum Pulse|[of] p1a: Koraidon\n|-activate|p1a: Koraidon|Orichalcum Pulse|[source]\n|turn|6\n|\n|t:|1699984083\n|move|p1a: Koraidon|Dragon Claw|p2a: Arceus\n|-damage|p2a: Arceus|0 fnt\n|faint|p2a: Arceus\n|\n|-weather|SunnyDay|[upkeep]\n|upkeep\n|\n|t:|1699984088\n|switch|p2a: Zacian|Zacian-Crowned|100\/100\n|-activate|p2a: Zacian|move: Sticky Web\n|-unboost|p2a: Zacian|spe|1\n|-ability|p2a: Zacian|Intrepid Sword|boost\n|-boost|p2a: Zacian|atk|1\n|turn|7\n|\n|t:|1699984095\n|-terastallize|p2a: Zacian|Fairy\n|move|p1a: Koraidon|Flare Blitz|p2a: Zacian\n|-crit|p2a: Zacian\n|-damage|p2a: Zacian|0 fnt\n|faint|p2a: Zacian\n|-damage|p1a: Koraidon|68\/100|[from] Recoil\n|\n|-weather|SunnyDay|[upkeep]\n|upkeep\n|\n|t:|1699984109\n|switch|p2a: Mewtwo|Mewtwo|100\/100\n|-activate|p2a: Mewtwo|move: Sticky Web\n|-unboost|p2a: Mewtwo|spe|1\n|-ability|p2a: Mewtwo|Pressure\n|turn|8\n|\n|t:|1699984114\n|move|p1a: Koraidon|Flare Blitz|p2a: Mewtwo\n|-damage|p2a: Mewtwo|7\/100\n|-damage|p1a: Koraidon|35\/100|[from] Recoil\n|move|p2a: Mewtwo|Psystrike|p1a: Koraidon\n|-supereffective|p1a: Koraidon\n|-damage|p1a: Koraidon|0 fnt\n|faint|p1a: Koraidon\n|\n|-weather|SunnyDay|[upkeep]\n|upkeep\n|\n|t:|1699984131\n|switch|p1a: Giratina|Giratina-Origin|100\/100\n|turn|9\n|\n|t:|1699984135\n|move|p1a: Giratina|Shadow Sneak|p2a: Mewtwo\n|-supereffective|p2a: Mewtwo\n|-damage|p2a: Mewtwo|0 fnt\n|faint|p2a: Mewtwo\n|\n|-weather|SunnyDay|[upkeep]\n|upkeep\n|\n|t:|1699984142\n|switch|p2a: Eternatus|Eternatus|100\/100\n|-activate|p2a: Eternatus|move: Sticky Web\n|-unboost|p2a: Eternatus|spe|1\n|-ability|p2a: Eternatus|Pressure\n|turn|10\n|\n|t:|1699984149\n|move|p1a: Giratina|Draco Meteor|p2a: Eternatus\n|-supereffective|p2a: Eternatus\n|-damage|p2a: Eternatus|0 fnt\n|-unboost|p1a: Giratina|spa|2\n|faint|p2a: Eternatus\n|\n|-weather|none\n|upkeep\n|-message|DarthAndrusVIII forfeited.\n|\n|win|xinjuju\n|raw|xinjuju's rating: 1043 &rarr; <strong>1076<\/strong><br \/>(+33 for winning)\n|raw|DarthAndrusVIII's rating: 1035 &rarr; <strong>1020<\/strong><br \/>(-15 for losing)\n|l|\u2606DarthAndrusVIII\n","uploadtime":1699984162,"views":10,"p1id":"xinjuju","p2id":"darthandrusviii","formatid":"gen9ubers","rating":1020,"private":0,"password":""}