{"id":"gen9ubers-1984594475","p1":"poke lucario xy","p2":"Anne Frankkkk","format":"[Gen 9] Ubers","log":"|j|\u2606poke lucario xy\n|j|\u2606Anne Frankkkk\n|t:|1699282987\n|gametype|singles\n|player|p1|poke lucario xy|2|1037\n|player|p2|Anne Frankkkk|hilbert|1170\n|teamsize|p1|6\n|teamsize|p2|6\n|gen|9\n|tier|[Gen 9] Ubers\n|rated|\n|rule|Sleep Clause Mod: Limit one foe put to sleep\n|rule|Species Clause: Limit one of each Pok\u00e9mon\n|rule|OHKO Clause: OHKO moves are banned\n|rule|Evasion Items Clause: Evasion items are banned\n|rule|Evasion Moves Clause: Evasion moves are banned\n|rule|Endless Battle Clause: Forcing endless battles is banned\n|rule|HP Percentage Mod: HP is shown in percentages\n|clearpoke\n|poke|p1|Garchomp, F|\n|poke|p1|Manaphy|\n|poke|p1|Enamorus, F|\n|poke|p1|Zapdos|\n|poke|p1|Ogerpon, F|\n|poke|p1|Clefable, F|\n|poke|p2|Iron Hands|\n|poke|p2|Kyogre|\n|poke|p2|Chien-Pao|\n|poke|p2|Ribombee, M|\n|poke|p2|Miraidon|\n|poke|p2|Flutter Mane|\n|teampreview\n|\n|t:|1699282993\n|start\n|switch|p1a: Garchomp|Garchomp, F|100\/100\n|switch|p2a: Moonblast|Ribombee, M, shiny|100\/100\n|turn|1\n|inactive|Battle timer is ON: inactive players will automatically lose when time's up. (requested by Anne Frankkkk)\n|\n|t:|1699283000\n|move|p2a: Moonblast|Sticky Web|p1a: Garchomp\n|-sidestart|p1: poke lucario xy|move: Sticky Web\n|move|p1a: Garchomp|Earthquake|p2a: Moonblast\n|-resisted|p2a: Moonblast\n|-damage|p2a: Moonblast|46\/100\n|\n|upkeep\n|turn|2\n|\n|t:|1699283004\n|move|p2a: Moonblast|Moonblast|p1a: Garchomp\n|-supereffective|p1a: Garchomp\n|-crit|p1a: Garchomp\n|-damage|p1a: Garchomp|0 fnt\n|faint|p1a: Garchomp\n|\n|upkeep\n|\n|t:|1699283020\n|switch|p1a: Enamorus|Enamorus, F|100\/100\n|turn|3\n|\n|t:|1699283027\n|move|p2a: Moonblast|Stun Spore|p1a: Enamorus\n|-status|p1a: Enamorus|par\n|cant|p1a: Enamorus|par\n|\n|upkeep\n|turn|4\n|\n|t:|1699283049\n|move|p2a: Moonblast|Moonblast|p1a: Enamorus\n|-damage|p1a: Enamorus|41\/100 par\n|cant|p1a: Enamorus|par\n|\n|upkeep\n|turn|5\n|\n|t:|1699283051\n|move|p2a: Moonblast|Moonblast|p1a: Enamorus\n|-damage|p1a: Enamorus|0 fnt\n|faint|p1a: Enamorus\n|\n|upkeep\n|\n|t:|1699283056\n|switch|p1a: Clefable|Clefable, F, shiny|100\/100\n|-activate|p1a: Clefable|move: Sticky Web\n|-unboost|p1a: Clefable|spe|1\n|turn|6\n|\n|t:|1699283062\n|-terastallize|p1a: Clefable|Fire\n|move|p2a: Moonblast|Moonblast|p1a: Clefable\n|-resisted|p1a: Clefable\n|-damage|p1a: Clefable|81\/100\n|move|p1a: Clefable|Fire Blast|p2a: Moonblast\n|-supereffective|p2a: Moonblast\n|-damage|p2a: Moonblast|0 fnt\n|faint|p2a: Moonblast\n|\n|upkeep\n|\n|t:|1699283073\n|switch|p2a: OHKO|Kyogre|100\/100\n|-weather|RainDance|[from] ability: Drizzle|[of] p2a: OHKO\n|turn|7\n|\n|t:|1699283081\n|move|p2a: OHKO|Water Spout|p1a: Clefable\n|-supereffective|p1a: Clefable\n|-damage|p1a: Clefable|0 fnt\n|faint|p1a: Clefable\n|\n|-weather|RainDance|[upkeep]\n|upkeep\n|\n|t:|1699283095\n|switch|p1a: Manaphy|Manaphy|100\/100\n|-activate|p1a: Manaphy|move: Sticky Web\n|-unboost|p1a: Manaphy|spe|1\n|turn|8\n|\n|t:|1699283101\n|move|p2a: OHKO|Water Spout|p1a: Manaphy\n|-resisted|p1a: Manaphy\n|-damage|p1a: Manaphy|41\/100\n|move|p1a: Manaphy|Energy Ball|p2a: OHKO\n|-supereffective|p2a: OHKO\n|-damage|p2a: OHKO|56\/100\n|-unboost|p2a: OHKO|spd|1\n|\n|-weather|RainDance|[upkeep]\n|upkeep\n|turn|9\n|\n|t:|1699283122\n|switch|p2a: Big Boy|Iron Hands, shiny|100\/100\n|move|p1a: Manaphy|Scald|p2a: Big Boy\n|-damage|p2a: Big Boy|66\/100\n|\n|-weather|RainDance|[upkeep]\n|upkeep\n|turn|10\n|inactive|poke lucario xy has 120 seconds left.\n|\n|t:|1699283166\n|move|p1a: Manaphy|Scald|p2a: Big Boy\n|-damage|p2a: Big Boy|30\/100\n|move|p2a: Big Boy|Wild Charge|p1a: Manaphy\n|-supereffective|p1a: Manaphy\n|-damage|p1a: Manaphy|0 fnt\n|faint|p1a: Manaphy\n|-damage|p2a: Big Boy|22\/100|[from] Recoil\n|\n|-weather|RainDance|[upkeep]\n|upkeep\n|\n|t:|1699283173\n|switch|p1a: Ogerpon|Ogerpon, F|100\/100\n|-activate|p1a: Ogerpon|move: Sticky Web\n|-unboost|p1a: Ogerpon|spe|1\n|-ability|p1a: Ogerpon|Defiant|boost\n|-boost|p1a: Ogerpon|atk|2\n|turn|11\n|\n|t:|1699283181\n|move|p1a: Ogerpon|Ivy Cudgel|p2a: Big Boy\n|-damage|p2a: Big Boy|0 fnt\n|faint|p2a: Big Boy\n|-end|p2a: Big Boy|Quark Drive|[silent]\n|\n|-weather|none\n|upkeep\n|\n|t:|1699283190\n|switch|p2a: Ice Cat|Chien-Pao|100\/100\n|-ability|p2a: Ice Cat|Sword of Ruin\n|turn|12\n|\n|t:|1699283195\n|move|p2a: Ice Cat|Ice Spinner|p1a: Ogerpon\n|-supereffective|p1a: Ogerpon\n|-damage|p1a: Ogerpon|0 fnt\n|faint|p1a: Ogerpon\n|-damage|p2a: Ice Cat|91\/100|[from] item: Life Orb\n|\n|upkeep\n|\n|t:|1699283197\n|switch|p1a: Zapdos|Zapdos|100\/100\n|turn|13\n|\n|t:|1699283199\n|move|p2a: Ice Cat|Ice Spinner|p1a: Zapdos\n|-supereffective|p1a: Zapdos\n|-damage|p1a: Zapdos|0 fnt\n|faint|p1a: Zapdos\n|-damage|p2a: Ice Cat|81\/100|[from] item: Life Orb\n|\n|win|Anne Frankkkk\n|raw|poke lucario xy's rating: 1070 &rarr; <strong>1055<\/strong><br \/>(-15 for losing)\n|raw|Anne Frankkkk's rating: 1170 &rarr; <strong>1188<\/strong><br \/>(+18 for winning)\n|l|\u2606poke lucario xy\n","uploadtime":1699283207,"views":5,"p1id":"pokelucarioxy","p2id":"annefrankkkk","formatid":"gen9ubers","rating":1055,"private":0,"password":""}