{"id":"gen9ubers-1989190278","p1":"TerrarianSkeleton","p2":"ctipomoiett","format":"[Gen 9] Ubers","log":"|j|\u2606TerrarianSkeleton\n|j|\u2606ctipomoiett\n|t:|1699821688\n|gametype|singles\n|player|p1|TerrarianSkeleton|koga|1168\n|player|p2|ctipomoiett|preschooler|1157\n|teamsize|p1|6\n|teamsize|p2|6\n|gen|9\n|tier|[Gen 9] Ubers\n|rated|\n|rule|Sleep Clause Mod: Limit one foe put to sleep\n|rule|Species Clause: Limit one of each Pok\u00e9mon\n|rule|OHKO Clause: OHKO moves are banned\n|rule|Evasion Items Clause: Evasion items are banned\n|rule|Evasion Moves Clause: Evasion moves are banned\n|rule|Endless Battle Clause: Forcing endless battles is banned\n|rule|HP Percentage Mod: HP is shown in percentages\n|clearpoke\n|poke|p1|Regieleki|\n|poke|p1|Enamorus, F|\n|poke|p1|Glimmora, F|\n|poke|p1|Golem-Alola, F|\n|poke|p1|Tyranitar, M|\n|poke|p1|Houndstone, M|\n|poke|p2|Flutter Mane|\n|poke|p2|Palafin, M|\n|poke|p2|Koraidon|\n|poke|p2|Glimmora, F|\n|poke|p2|Tyranitar, M|\n|poke|p2|Houndstone, F|\n|teampreview\n|inactive|Battle timer is ON: inactive players will automatically lose when time's up. (requested by TerrarianSkeleton)\n|\n|t:|1699821706\n|start\n|switch|p1a: Glimmora|Glimmora, F|100\/100\n|switch|p2a: FLOWER POWER|Glimmora, F, shiny|100\/100\n|turn|1\n|\n|t:|1699821722\n|move|p1a: Glimmora|Stealth Rock|p2a: FLOWER POWER\n|-sidestart|p2: ctipomoiett|move: Stealth Rock\n|move|p2a: FLOWER POWER|Earth Power|p1a: Glimmora\n|-supereffective|p1a: Glimmora\n|-enditem|p1a: Glimmora|Focus Sash\n|-damage|p1a: Glimmora|1\/100\n|-unboost|p1a: Glimmora|spd|1\n|\n|upkeep\n|turn|2\n|\n|t:|1699821738\n|move|p1a: Glimmora|Explosion|p2a: FLOWER POWER\n|-resisted|p2a: FLOWER POWER\n|-damage|p2a: FLOWER POWER|78\/100\n|-activate|p2a: FLOWER POWER|ability: Toxic Debris\n|-sidestart|p1: TerrarianSkeleton|move: Toxic Spikes\n|faint|p1a: Glimmora\n|move|p2a: FLOWER POWER|Mortal Spin|p1: Glimmora|[notarget]\n|-fail|p2a: FLOWER POWER\n|\n|upkeep\n|\n|t:|1699821746\n|switch|p1a: Golem|Golem-Alola, F|100\/100\n|-status|p1a: Golem|psn\n|turn|3\n|\n|t:|1699821752\n|move|p2a: FLOWER POWER|Mortal Spin|p1a: Golem\n|-resisted|p1a: Golem\n|-damage|p1a: Golem|98\/100 psn\n|-sideend|p2: ctipomoiett|Stealth Rock|[from] move: Mortal Spin|[of] p2a: FLOWER POWER\n|move|p1a: Golem|Explosion|p2a: FLOWER POWER\n|-damage|p2a: FLOWER POWER|0 fnt\n|-activate|p2a: FLOWER POWER|ability: Toxic Debris\n|-sidestart|p1: TerrarianSkeleton|move: Toxic Spikes\n|faint|p1a: Golem\n|faint|p2a: FLOWER POWER\n|\n|upkeep\n|\n|t:|1699821763\n|switch|p2a: Krokmou|Koraidon|100\/100\n|switch|p1a: Enamorus|Enamorus, F|100\/100\n|-weather|SunnyDay|[from] ability: Orichalcum Pulse|[of] p2a: Krokmou\n|-activate|p2a: Krokmou|Orichalcum Pulse|[source]\n|turn|4\n|\n|t:|1699821772\n|move|p1a: Enamorus|Misty Explosion|p2a: Krokmou\n|-supereffective|p2a: Krokmou\n|-damage|p2a: Krokmou|0 fnt\n|faint|p1a: Enamorus\n|faint|p2a: Krokmou\n|\n|-weather|SunnyDay|[upkeep]\n|upkeep\n|c|\u2606TerrarianSkeleton|bruh\n|\n|t:|1699821792\n|switch|p2a: wat da dog doin'|Houndstone, F, shiny|100\/100\n|switch|p1a: Regieleki|Regieleki|100\/100\n|-status|p1a: Regieleki|tox\n|turn|5\n|\n|t:|1699821798\n|move|p2a: wat da dog doin'|Protect|p2a: wat da dog doin'\n|-singleturn|p2a: wat da dog doin'|Protect\n|move|p1a: Regieleki|Reflect|p1a: Regieleki\n|-sidestart|p1: TerrarianSkeleton|Reflect\n|\n|-weather|SunnyDay|[upkeep]\n|-damage|p1a: Regieleki|95\/100 tox|[from] psn\n|upkeep\n|turn|6\n|\n|t:|1699821806\n|switch|p2a: one Mane man|Flutter Mane, shiny|100\/100\n|-activate|p2a: one Mane man|ability: Protosynthesis\n|-start|p2a: one Mane man|protosynthesisspe\n|move|p1a: Regieleki|Rapid Spin|p2a: one Mane man\n|-immune|p2a: one Mane man\n|\n|-weather|SunnyDay|[upkeep]\n|-damage|p1a: Regieleki|83\/100 tox|[from] psn\n|upkeep\n|turn|7\n|\n|t:|1699821823\n|move|p2a: one Mane man|Moonblast|p1a: Regieleki\n|-damage|p1a: Regieleki|0 fnt\n|faint|p1a: Regieleki\n|\n|-weather|SunnyDay|[upkeep]\n|upkeep\n|\n|t:|1699821828\n|switch|p1a: Tyranitar|Tyranitar, M, shiny|100\/100\n|-status|p1a: Tyranitar|tox\n|-weather|Sandstorm|[from] ability: Sand Stream|[of] p1a: Tyranitar\n|-end|p2a: one Mane man|Protosynthesis\n|-enditem|p2a: one Mane man|Booster Energy\n|-activate|p2a: one Mane man|ability: Protosynthesis|[fromitem]\n|-start|p2a: one Mane man|protosynthesisspe\n|turn|8\n|\n|t:|1699821836\n|switch|p1a: Houndstone|Houndstone, M|100\/100\n|-status|p1a: Houndstone|tox\n|move|p2a: one Mane man|Moonblast|p1a: Houndstone\n|-damage|p1a: Houndstone|35\/100 tox\n|\n|-weather|Sandstorm|[upkeep]\n|-damage|p2a: one Mane man|95\/100|[from] Sandstorm\n|-damage|p1a: Houndstone|29\/100 tox|[from] psn\n|upkeep\n|turn|9\n|\n|t:|1699821847\n|move|p2a: one Mane man|Moonblast|p1a: Houndstone\n|-damage|p1a: Houndstone|0 fnt\n|faint|p1a: Houndstone\n|\n|-weather|Sandstorm|[upkeep]\n|-damage|p2a: one Mane man|89\/100|[from] Sandstorm\n|upkeep\n|c|\u2606TerrarianSkeleton|damn\n|c|\u2606ctipomoiett|noob\n|\n|t:|1699821855\n|switch|p1a: Tyranitar|Tyranitar, M, shiny|100\/100 tox\n|turn|10\n|c|\u2606TerrarianSkeleton|low tier uber\n|\n|t:|1699821883\n|-terastallize|p1a: Tyranitar|Flying\n|move|p2a: one Mane man|Moonblast|p1a: Tyranitar\n|-crit|p1a: Tyranitar\n|-damage|p1a: Tyranitar|26\/100 tox\n|move|p1a: Tyranitar|Stone Edge|p2a: one Mane man|[miss]\n|-miss|p1a: Tyranitar|p2a: one Mane man\n|\n|-weather|Sandstorm|[upkeep]\n|-damage|p2a: one Mane man|83\/100|[from] Sandstorm\n|-damage|p1a: Tyranitar|20\/100 tox|[from] Sandstorm\n|-damage|p1a: Tyranitar|13\/100 tox|[from] psn\n|upkeep\n|turn|11\n|inactive|TerrarianSkeleton has 120 seconds left.\n|c|\u2606TerrarianSkeleton|tyranitar you blind fuck\n|\n|t:|1699821902\n|move|p2a: one Mane man|Moonblast|p1a: Tyranitar\n|-damage|p1a: Tyranitar|0 fnt\n|faint|p1a: Tyranitar\n|\n|win|ctipomoiett\n|raw|TerrarianSkeleton's rating: 1168 &rarr; <strong>1142<\/strong><br \/>(-26 for losing)\n|raw|ctipomoiett's rating: 1157 &rarr; <strong>1183<\/strong><br \/>(+26 for winning)\n","uploadtime":1699821905,"views":16,"p1id":"terrarianskeleton","p2id":"ctipomoiett","formatid":"gen9ubers","rating":1142,"private":0,"password":""}