{"id":"gen9ubers-1979539992","p1":"Vazquez 2.0","p2":"JohnLongGone","format":"[Gen 9] Ubers","log":"|j|\u2606Vazquez 2.0\n|j|\u2606JohnLongGone\n|t:|1698690714\n|gametype|singles\n|player|p1|Vazquez 2.0|gardenia|\n|player|p2|JohnLongGone|caitlin|\n|teamsize|p1|6\n|teamsize|p2|6\n|gen|9\n|tier|[Gen 9] Ubers\n|rule|Sleep Clause Mod: Limit one foe put to sleep\n|rule|Species Clause: Limit one of each Pok\u00e9mon\n|rule|OHKO Clause: OHKO moves are banned\n|rule|Evasion Items Clause: Evasion items are banned\n|rule|Evasion Moves Clause: Evasion moves are banned\n|rule|Endless Battle Clause: Forcing endless battles is banned\n|rule|HP Percentage Mod: HP is shown in percentages\n|clearpoke\n|poke|p1|Ninetales-Alola, F|\n|poke|p1|Cyclizar, M|\n|poke|p1|Iron Hands|\n|poke|p1|Spectrier|\n|poke|p1|Magearna|\n|poke|p1|Arceus-Grass|\n|poke|p2|Uxie|\n|poke|p2|Slowking-Galar, M|\n|poke|p2|Ursaluna, F|\n|poke|p2|Conkeldurr, M|\n|poke|p2|Dialga|\n|poke|p2|Meowscarada, F|\n|teampreview\n|\n|t:|1698690739\n|start\n|switch|p1a: Arceus|Arceus-Grass|100\/100\n|switch|p2a: Uxie|Uxie|100\/100\n|turn|1\n|\n|t:|1698690742\n|move|p1a: Arceus|Stealth Rock|p2a: Uxie\n|-sidestart|p2: JohnLongGone|move: Stealth Rock\n|move|p2a: Uxie|U-turn|p1a: Arceus\n|-supereffective|p1a: Arceus\n|-damage|p1a: Arceus|84\/100\n|\n|t:|1698690752\n|switch|p2a: Slowking|Slowking-Galar, M|100\/100|[from] U-turn\n|\n|upkeep\n|turn|2\n|\n|t:|1698690755\n|move|p1a: Arceus|Will-O-Wisp|p2a: Slowking\n|-status|p2a: Slowking|brn\n|move|p2a: Slowking|Trick Room|p2a: Slowking\n|-fieldstart|move: Trick Room|[of] p2a: Slowking\n|\n|-damage|p2a: Slowking|94\/100 brn|[from] brn\n|upkeep\n|turn|3\n|\n|t:|1698690757\n|move|p2a: Slowking|Chilly Reception|p2a: Slowking\n|-weather|Snow\n|\n|t:|1698690760\n|switch|p2a: Dialga|Dialga|100\/100|[from] Chilly Reception\n|-damage|p2a: Dialga|94\/100|[from] Stealth Rock\n|-ability|p2a: Dialga|Pressure\n|move|p1a: Arceus|Recover|p1a: Arceus\n|-heal|p1a: Arceus|100\/100\n|\n|-weather|Snow|[upkeep]\n|-heal|p2a: Dialga|100\/100|[from] item: Leftovers\n|upkeep\n|turn|4\n|\n|t:|1698690769\n|move|p2a: Dialga|Flamethrower|p1a: Arceus\n|-supereffective|p1a: Arceus\n|-damage|p1a: Arceus|50\/100\n|-status|p1a: Arceus|brn\n|move|p1a: Arceus|Ice Beam|p2a: Dialga\n|-damage|p2a: Dialga|82\/100\n|\n|-weather|Snow|[upkeep]\n|-heal|p2a: Dialga|88\/100|[from] item: Leftovers\n|-damage|p1a: Arceus|44\/100 brn|[from] brn\n|upkeep\n|turn|5\n|\n|t:|1698690785\n|move|p2a: Dialga|Flash Cannon|p1a: Arceus\n|-damage|p1a: Arceus|13\/100 brn\n|move|p1a: Arceus|Recover|p1a: Arceus\n|-heal|p1a: Arceus|63\/100 brn\n|\n|-weather|Snow|[upkeep]\n|-heal|p2a: Dialga|94\/100|[from] item: Leftovers\n|-damage|p1a: Arceus|57\/100 brn|[from] brn\n|upkeep\n|turn|6\n|\n|t:|1698690788\n|move|p2a: Dialga|Flamethrower|p1a: Arceus\n|-supereffective|p1a: Arceus\n|-damage|p1a: Arceus|10\/100 brn\n|move|p1a: Arceus|Recover|p1a: Arceus\n|-heal|p1a: Arceus|60\/100 brn\n|\n|-weather|Snow|[upkeep]\n|-heal|p2a: Dialga|99\/100|[from] item: Leftovers\n|-damage|p1a: Arceus|54\/100 brn|[from] brn\n|-fieldend|move: Trick Room\n|upkeep\n|turn|7\n|\n|t:|1698690805\n|switch|p2a: Slowking|Slowking-Galar, M|100\/100 brn\n|move|p1a: Arceus|Will-O-Wisp|p2a: Slowking\n|-fail|p2a: Slowking|brn\n|\n|-weather|none\n|-damage|p1a: Arceus|48\/100 brn|[from] brn\n|-damage|p2a: Slowking|94\/100 brn|[from] brn\n|upkeep\n|turn|8\n|\n|t:|1698690811\n|switch|p1a: Ninetales|Ninetales-Alola, F|100\/100\n|-weather|Snow|[from] ability: Snow Warning|[of] p1a: Ninetales\n|move|p2a: Slowking|Trick Room|p2a: Slowking\n|-fieldstart|move: Trick Room|[of] p2a: Slowking\n|\n|-weather|Snow|[upkeep]\n|-damage|p2a: Slowking|88\/100 brn|[from] brn\n|upkeep\n|turn|9\n|\n|t:|1698690825\n|move|p2a: Slowking|Toxic|p1a: Ninetales\n|-status|p1a: Ninetales|tox\n|move|p1a: Ninetales|Aurora Veil|p1a: Ninetales\n|-sidestart|p1: Vazquez 2.0|move: Aurora Veil\n|\n|-weather|Snow|[upkeep]\n|-damage|p1a: Ninetales|94\/100 tox|[from] psn\n|-damage|p2a: Slowking|82\/100 brn|[from] brn\n|upkeep\n|turn|10\n|\n|t:|1698690830\n|switch|p1a: Cyclizar|Cyclizar, M|100\/100\n|move|p2a: Slowking|Chilly Reception|p2a: Slowking\n|\n|t:|1698690836\n|switch|p2a: Fuck You Ursaluna|Conkeldurr, M|100\/100|[from] Chilly Reception\n|-damage|p2a: Fuck You Ursaluna|94\/100|[from] Stealth Rock\n|\n|-weather|Snow|[upkeep]\n|-status|p2a: Fuck You Ursaluna|brn|[from] item: Flame Orb\n|upkeep\n|turn|11\n|\n|t:|1698690844\n|switch|p1a: Arceus|Arceus-Grass|48\/100 brn\n|move|p2a: Fuck You Ursaluna|Close Combat|p1a: Arceus\n|-damage|p1a: Arceus|13\/100 brn\n|-unboost|p2a: Fuck You Ursaluna|def|1\n|-unboost|p2a: Fuck You Ursaluna|spd|1\n|\n|-weather|Snow|[upkeep]\n|-damage|p2a: Fuck You Ursaluna|88\/100 brn|[from] brn\n|-damage|p1a: Arceus|7\/100 brn|[from] brn\n|upkeep\n|turn|12\n|\n|t:|1698690850\n|move|p2a: Fuck You Ursaluna|Knock Off|p1a: Arceus\n|-damage|p1a: Arceus|0 fnt\n|faint|p1a: Arceus\n|\n|-weather|none\n|-damage|p2a: Fuck You Ursaluna|82\/100 brn|[from] brn\n|-fieldend|move: Trick Room\n|upkeep\n|\n|t:|1698690873\n|switch|p1a: Magearna|Magearna|100\/100\n|turn|13\n|\n|t:|1698690882\n|switch|p2a: Slowking|Slowking-Galar, M|100\/100 brn\n|move|p1a: Magearna|Calm Mind|p1a: Magearna\n|-boost|p1a: Magearna|spa|1\n|-boost|p1a: Magearna|spd|1\n|\n|-damage|p2a: Slowking|94\/100 brn|[from] brn\n|upkeep\n|turn|14\n|\n|t:|1698690888\n|move|p1a: Magearna|Thunderbolt|p2a: Slowking\n|-damage|p2a: Slowking|55\/100 brn\n|move|p2a: Slowking|Trick Room|p2a: Slowking\n|-fieldstart|move: Trick Room|[of] p2a: Slowking\n|\n|-damage|p2a: Slowking|49\/100 brn|[from] brn\n|upkeep\n|turn|15\n|\n|t:|1698690904\n|switch|p2a: Ursaluna|Ursaluna, F|100\/100\n|-damage|p2a: Ursaluna|94\/100|[from] Stealth Rock\n|move|p1a: Magearna|Draining Kiss|p2a: Ursaluna\n|-damage|p2a: Ursaluna|54\/100\n|\n|-status|p2a: Ursaluna|brn|[from] item: Flame Orb\n|upkeep\n|turn|16\n|\n|t:|1698690911\n|move|p2a: Ursaluna|Headlong Rush|p1a: Magearna\n|-supereffective|p1a: Magearna\n|-damage|p1a: Magearna|0 fnt\n|-unboost|p2a: Ursaluna|def|1\n|-unboost|p2a: Ursaluna|spd|1\n|faint|p1a: Magearna\n|\n|-damage|p2a: Ursaluna|48\/100 brn|[from] brn\n|-sideend|p1: Vazquez 2.0|move: Aurora Veil\n|upkeep\n|\n|t:|1698690915\n|switch|p1a: Cyclizar|Cyclizar, M|100\/100\n|turn|17\n|\n|t:|1698690922\n|move|p2a: Ursaluna|Facade|p1a: Cyclizar\n|-crit|p1a: Cyclizar\n|-damage|p1a: Cyclizar|0 fnt\n|faint|p1a: Cyclizar\n|\n|-damage|p2a: Ursaluna|42\/100 brn|[from] brn\n|upkeep\n|\n|t:|1698690926\n|switch|p1a: Iron Hands|Iron Hands|100\/100\n|turn|18\n|\n|t:|1698690928\n|-terastallize|p1a: Iron Hands|Flying\n|move|p2a: Ursaluna|Headlong Rush|p1a: Iron Hands\n|-immune|p1a: Iron Hands\n|move|p1a: Iron Hands|Belly Drum|p1a: Iron Hands\n|-damage|p1a: Iron Hands|50\/100\n|-setboost|p1a: Iron Hands|atk|6|[from] move: Belly Drum\n|-enditem|p1a: Iron Hands|Sitrus Berry|[eat]\n|-heal|p1a: Iron Hands|75\/100|[from] item: Sitrus Berry\n|\n|-damage|p2a: Ursaluna|36\/100 brn|[from] brn\n|-fieldend|move: Trick Room\n|upkeep\n|turn|19\n|\n|t:|1698690947\n|move|p1a: Iron Hands|Drain Punch|p2a: Ursaluna\n|-supereffective|p2a: Ursaluna\n|-damage|p2a: Ursaluna|0 fnt\n|-heal|p1a: Iron Hands|92\/100|[from] drain|[of] p2a: Ursaluna\n|faint|p2a: Ursaluna\n|\n|upkeep\n|\n|t:|1698690950\n|switch|p2a: Meowscarada|Meowscarada, F|100\/100\n|turn|20\n|\n|t:|1698690952\n|move|p2a: Meowscarada|Knock Off|p1a: Iron Hands\n|-damage|p1a: Iron Hands|72\/100\n|move|p1a: Iron Hands|Drain Punch|p2a: Meowscarada\n|-supereffective|p2a: Meowscarada\n|-damage|p2a: Meowscarada|0 fnt\n|-heal|p1a: Iron Hands|100\/100|[from] drain|[of] p2a: Meowscarada\n|faint|p2a: Meowscarada\n|\n|upkeep\n|c|\u2606Vazquez 2.0|gaming\n|\n|t:|1698690964\n|switch|p2a: Slowking|Slowking-Galar, M|82\/100 brn\n|turn|21\n|\n|t:|1698690967\n|move|p1a: Iron Hands|Thunder Punch|p2a: Slowking\n|-damage|p2a: Slowking|0 fnt\n|faint|p2a: Slowking\n|\n|upkeep\n|\n|t:|1698690981\n|switch|p2a: Uxie|Uxie|100\/100\n|-damage|p2a: Uxie|88\/100|[from] Stealth Rock\n|turn|22\n|\n|t:|1698690984\n|move|p2a: Uxie|Psychic|p1a: Iron Hands\n|-damage|p1a: Iron Hands|75\/100\n|move|p1a: Iron Hands|Thunder Punch|p2a: Uxie\n|-damage|p2a: Uxie|0 fnt\n|faint|p2a: Uxie\n|\n|upkeep\n|\n|t:|1698690989\n|switch|p2a: Dialga|Dialga|99\/100\n|-damage|p2a: Dialga|94\/100|[from] Stealth Rock\n|-ability|p2a: Dialga|Pressure\n|turn|23\n|\n|t:|1698690992\n|move|p2a: Dialga|Draco Meteor|p1a: Iron Hands\n|-damage|p1a: Iron Hands|1\/100\n|-unboost|p2a: Dialga|spa|2\n|move|p1a: Iron Hands|Drain Punch|p2a: Dialga\n|-supereffective|p2a: Dialga\n|-damage|p2a: Dialga|0 fnt\n|-heal|p1a: Iron Hands|38\/100|[from] drain|[of] p2a: Dialga\n|faint|p2a: Dialga\n|\n|upkeep\n|\n|t:|1698691001\n|switch|p2a: Fuck You Ursaluna|Conkeldurr, M|82\/100 brn\n|-damage|p2a: Fuck You Ursaluna|76\/100 brn|[from] Stealth Rock\n|turn|24\n|\n|t:|1698691006\n|move|p2a: Fuck You Ursaluna|Mach Punch|p1a: Iron Hands\n|-resisted|p1a: Iron Hands\n|-damage|p1a: Iron Hands|27\/100\n|move|p1a: Iron Hands|Drain Punch|p2a: Fuck You Ursaluna\n|-damage|p2a: Fuck You Ursaluna|0 fnt\n|-heal|p1a: Iron Hands|58\/100|[from] drain|[of] p2a: Fuck You Ursaluna\n|faint|p2a: Fuck You Ursaluna\n|\n|win|Vazquez 2.0\n|c|\u2606Vazquez 2.0|gg\n|c|\u2606JohnLongGone|gg\n","uploadtime":1698691039,"views":14,"p1id":"vazquez20","p2id":"johnlonggone","formatid":"gen9ubers","rating":0,"private":0,"password":""}