{"id":"gen9ubers-1988570330","p1":"Lidianimel","p2":"dirtyhousefly1000","format":"[Gen 9] Ubers","log":"|j|\u2606Lidianimel\n|j|\u2606dirtyhousefly1000\n|t:|1699737270\n|gametype|singles\n|player|p1|Lidianimel|102|1007\n|player|p2|dirtyhousefly1000|lucas|1026\n|teamsize|p1|6\n|teamsize|p2|4\n|gen|9\n|tier|[Gen 9] Ubers\n|rated|\n|rule|Sleep Clause Mod: Limit one foe put to sleep\n|rule|Species Clause: Limit one of each Pok\u00e9mon\n|rule|OHKO Clause: OHKO moves are banned\n|rule|Evasion Items Clause: Evasion items are banned\n|rule|Evasion Moves Clause: Evasion moves are banned\n|rule|Endless Battle Clause: Forcing endless battles is banned\n|rule|HP Percentage Mod: HP is shown in percentages\n|clearpoke\n|poke|p1|Arceus-Ice|\n|poke|p1|Sneasler, M|\n|poke|p1|Espathra, M|\n|poke|p1|Greninja-*, F|\n|poke|p1|Camerupt, F|\n|poke|p1|Avalugg-Hisui, F|\n|poke|p2|Kommo-o, F|\n|poke|p2|Revavroom, M|\n|poke|p2|Zacian-*|\n|poke|p2|Ribombee, F|\n|teampreview\n|inactive|Battle timer is ON: inactive players will automatically lose when time's up. (requested by dirtyhousefly1000)\n|\n|t:|1699737277\n|start\n|switch|p1a: Camerupt|Camerupt, F|100\/100\n|switch|p2a: Ribombee|Ribombee, F|100\/100\n|turn|1\n|\n|t:|1699737285\n|move|p2a: Ribombee|Quiver Dance|p2a: Ribombee\n|-boost|p2a: Ribombee|spa|1\n|-boost|p2a: Ribombee|spd|1\n|-boost|p2a: Ribombee|spe|1\n|move|p1a: Camerupt|Flamethrower|p2a: Ribombee\n|-supereffective|p2a: Ribombee\n|-damage|p2a: Ribombee|22\/100\n|\n|upkeep\n|turn|2\n|\n|t:|1699737294\n|move|p2a: Ribombee|Sticky Web|p1a: Camerupt\n|-sidestart|p1: Lidianimel|move: Sticky Web\n|move|p1a: Camerupt|Flamethrower|p2a: Ribombee\n|-supereffective|p2a: Ribombee\n|-damage|p2a: Ribombee|0 fnt\n|faint|p2a: Ribombee\n|\n|upkeep\n|\n|t:|1699737312\n|switch|p2a: Zacian|Zacian|100\/100\n|-ability|p2a: Zacian|Intrepid Sword|boost\n|-boost|p2a: Zacian|atk|1\n|turn|3\n|\n|t:|1699737322\n|switch|p1a: Sneasler|Sneasler, M|100\/100\n|-activate|p1a: Sneasler|move: Sticky Web\n|-unboost|p1a: Sneasler|spe|1\n|move|p2a: Zacian|Noble Roar|p1a: Sneasler\n|-unboost|p1a: Sneasler|atk|1\n|-unboost|p1a: Sneasler|spa|1\n|\n|upkeep\n|turn|4\n|\n|t:|1699737331\n|move|p2a: Zacian|Noble Roar|p1a: Sneasler\n|-unboost|p1a: Sneasler|atk|1\n|-unboost|p1a: Sneasler|spa|1\n|move|p1a: Sneasler|Poison Jab|p2a: Zacian\n|-supereffective|p2a: Zacian\n|-damage|p2a: Zacian|62\/100\n|-status|p2a: Zacian|psn\n|\n|-heal|p2a: Zacian|68\/100 psn|[from] item: Leftovers\n|-damage|p2a: Zacian|56\/100 psn|[from] psn\n|upkeep\n|turn|5\n|\n|t:|1699737342\n|move|p2a: Zacian|Play Rough|p1a: Sneasler\n|-damage|p1a: Sneasler|0 fnt\n|faint|p1a: Sneasler\n|\n|-heal|p2a: Zacian|62\/100 psn|[from] item: Leftovers\n|-damage|p2a: Zacian|49\/100 psn|[from] psn\n|upkeep\n|\n|t:|1699737357\n|switch|p1a: Camerupt|Camerupt, F|100\/100\n|-activate|p1a: Camerupt|move: Sticky Web\n|-unboost|p1a: Camerupt|spe|1\n|turn|6\n|\n|t:|1699737367\n|move|p2a: Zacian|Play Rough|p1a: Camerupt|[miss]\n|-miss|p2a: Zacian|p1a: Camerupt\n|move|p1a: Camerupt|Double-Edge|p2a: Zacian\n|-damage|p2a: Zacian|13\/100 psn\n|-damage|p1a: Camerupt|89\/100|[from] Recoil\n|\n|-heal|p2a: Zacian|19\/100 psn|[from] item: Leftovers\n|-damage|p2a: Zacian|7\/100 psn|[from] psn\n|upkeep\n|turn|7\n|\n|t:|1699737380\n|move|p2a: Zacian|Play Rough|p1a: Camerupt|[miss]\n|-miss|p2a: Zacian|p1a: Camerupt\n|move|p1a: Camerupt|High Horsepower|p2a: Zacian\n|-damage|p2a: Zacian|0 fnt\n|faint|p2a: Zacian\n|\n|upkeep\n|\n|t:|1699737386\n|switch|p2a: Revavroom|Revavroom, M|100\/100\n|turn|8\n|\n|t:|1699737396\n|move|p2a: Revavroom|Shift Gear|p2a: Revavroom\n|-boost|p2a: Revavroom|spe|2\n|-boost|p2a: Revavroom|atk|1\n|move|p1a: Camerupt|Flamethrower|p2a: Revavroom\n|-supereffective|p2a: Revavroom\n|-damage|p2a: Revavroom|4\/100\n|\n|upkeep\n|turn|9\n|\n|t:|1699737410\n|move|p2a: Revavroom|Poison Jab|p1a: Camerupt\n|-resisted|p1a: Camerupt\n|-damage|p1a: Camerupt|47\/100\n|-status|p1a: Camerupt|psn\n|move|p1a: Camerupt|Flamethrower|p2a: Revavroom\n|-supereffective|p2a: Revavroom\n|-damage|p2a: Revavroom|0 fnt\n|faint|p2a: Revavroom\n|\n|-damage|p1a: Camerupt|34\/100 psn|[from] psn\n|upkeep\n|\n|t:|1699737417\n|switch|p2a: Kommo-o|Kommo-o, F|100\/100\n|turn|10\n|\n|t:|1699737437\n|move|p2a: Kommo-o|Substitute|p2a: Kommo-o\n|-start|p2a: Kommo-o|Substitute\n|-damage|p2a: Kommo-o|76\/100\n|move|p1a: Camerupt|High Horsepower|p2a: Kommo-o\n|-end|p2a: Kommo-o|Substitute\n|\n|-damage|p1a: Camerupt|22\/100 psn|[from] psn\n|upkeep\n|turn|11\n|\n|t:|1699737447\n|move|p2a: Kommo-o|Substitute|p2a: Kommo-o\n|-start|p2a: Kommo-o|Substitute\n|-damage|p2a: Kommo-o|51\/100\n|move|p1a: Camerupt|Trailblaze|p2a: Kommo-o\n|-resisted|p2a: Kommo-o\n|-activate|p2a: Kommo-o|move: Substitute|[damage]\n|-boost|p1a: Camerupt|spe|1\n|\n|-damage|p1a: Camerupt|10\/100 psn|[from] psn\n|upkeep\n|turn|12\n|\n|t:|1699737462\n|move|p2a: Kommo-o|Belly Drum|p2a: Kommo-o\n|-damage|p2a: Kommo-o|1\/100\n|-setboost|p2a: Kommo-o|atk|6|[from] move: Belly Drum\n|-enditem|p2a: Kommo-o|Salac Berry|[eat]\n|-boost|p2a: Kommo-o|spe|1|[from] item: Salac Berry\n|move|p1a: Camerupt|High Horsepower|p2a: Kommo-o\n|-end|p2a: Kommo-o|Substitute\n|\n|-damage|p1a: Camerupt|0 fnt|[from] psn\n|faint|p1a: Camerupt\n|upkeep\n|\n|t:|1699737475\n|switch|p1a: Greninja|Greninja, F|100\/100\n|-activate|p1a: Greninja|move: Sticky Web\n|-unboost|p1a: Greninja|spe|1\n|turn|13\n|\n|t:|1699737488\n|-terastallize|p2a: Kommo-o|Dragon\n|move|p2a: Kommo-o|Dragon Claw|p1a: Greninja\n|-damage|p1a: Greninja|0 fnt\n|faint|p1a: Greninja\n|\n|upkeep\n|\n|t:|1699737497\n|switch|p1a: Avalugg|Avalugg-Hisui, F|100\/100\n|-activate|p1a: Avalugg|move: Sticky Web\n|-unboost|p1a: Avalugg|spe|1\n|turn|14\n|\n|t:|1699737503\n|move|p1a: Avalugg|Protect|p1a: Avalugg\n|-singleturn|p1a: Avalugg|Protect\n|move|p2a: Kommo-o|Body Press|p1a: Avalugg\n|-activate|p1a: Avalugg|move: Protect\n|\n|upkeep\n|turn|15\n|\n|t:|1699737512\n|move|p2a: Kommo-o|Body Press|p1a: Avalugg\n|-supereffective|p1a: Avalugg\n|-damage|p1a: Avalugg|11\/100\n|-enditem|p1a: Avalugg|Sitrus Berry|[eat]\n|-heal|p1a: Avalugg|36\/100|[from] item: Sitrus Berry\n|move|p1a: Avalugg|Iron Defense|p1a: Avalugg\n|-boost|p1a: Avalugg|def|2\n|\n|upkeep\n|turn|16\n|\n|t:|1699737525\n|move|p1a: Avalugg|Protect|p1a: Avalugg\n|-singleturn|p1a: Avalugg|Protect\n|move|p2a: Kommo-o|Body Press|p1a: Avalugg\n|-activate|p1a: Avalugg|move: Protect\n|\n|upkeep\n|turn|17\n|\n|t:|1699737533\n|move|p2a: Kommo-o|Body Press|p1a: Avalugg\n|-supereffective|p1a: Avalugg\n|-damage|p1a: Avalugg|0 fnt\n|faint|p1a: Avalugg\n|\n|upkeep\n|\n|t:|1699737539\n|switch|p1a: Arceus|Arceus-Ice|100\/100\n|-activate|p1a: Arceus|move: Sticky Web\n|-unboost|p1a: Arceus|spe|1\n|turn|18\n|\n|t:|1699737546\n|move|p1a: Arceus|Extreme Speed|p2a: Kommo-o\n|-damage|p2a: Kommo-o|0 fnt\n|faint|p2a: Kommo-o\n|\n|win|Lidianimel\n|raw|Lidianimel's rating: 1007 &rarr; <strong>1048<\/strong><br \/>(+41 for winning)\n|raw|dirtyhousefly1000's rating: 1026 &rarr; <strong>1011<\/strong><br \/>(-15 for losing)\n","uploadtime":1699737554,"views":13,"p1id":"lidianimel","p2id":"dirtyhousefly1000","formatid":"gen9ubers","rating":1011,"private":0,"password":""}