{"id":"gen9ubers-1978084580","p1":"dakimahrel","p2":"Freedfree","format":"[Gen 9] Ubers","log":"|j|\u2606dakimahrel\n|j|\u2606Freedfree\n|t:|1698497024\n|gametype|singles\n|player|p1|dakimahrel|266|1010\n|player|p2|Freedfree|blaine|1050\n|teamsize|p1|6\n|teamsize|p2|6\n|gen|9\n|tier|[Gen 9] Ubers\n|rated|\n|rule|Sleep Clause Mod: Limit one foe put to sleep\n|rule|Species Clause: Limit one of each Pok\u00e9mon\n|rule|OHKO Clause: OHKO moves are banned\n|rule|Evasion Items Clause: Evasion items are banned\n|rule|Evasion Moves Clause: Evasion moves are banned\n|rule|Endless Battle Clause: Forcing endless battles is banned\n|rule|HP Percentage Mod: HP is shown in percentages\n|clearpoke\n|poke|p1|Polteageist-Antique|\n|poke|p1|Dragapult, F|\n|poke|p1|Urshifu-*, F|\n|poke|p1|Glastrier|\n|poke|p1|Slowking-Galar, F|\n|poke|p1|Moltres-Galar|\n|poke|p2|Miraidon|\n|poke|p2|Gliscor, F|\n|poke|p2|Conkeldurr, M|\n|poke|p2|Toxapex, M|\n|poke|p2|Cinderace, F|\n|poke|p2|Gogoat, F|\n|teampreview\n|inactive|Battle timer is ON: inactive players will automatically lose when time's up. (requested by dakimahrel)\n|\n|t:|1698497045\n|start\n|switch|p1a: Dragapult|Dragapult, F, shiny|100\/100\n|switch|p2a: Cinderace|Cinderace, F|100\/100\n|turn|1\n|\n|t:|1698497053\n|-terastallize|p1a: Dragapult|Dragon\n|move|p2a: Cinderace|U-turn|p1a: Dragapult\n|-start|p2a: Cinderace|typechange|Bug|[from] ability: Libero\n|-damage|p1a: Dragapult|52\/100\n|\n|t:|1698497062\n|switch|p2a: Toxapex|Toxapex, M|100\/100|[from] U-turn\n|move|p1a: Dragapult|Draco Meteor|p2a: Toxapex\n|-damage|p2a: Toxapex|11\/100\n|-unboost|p1a: Dragapult|spa|2\n|\n|-heal|p2a: Toxapex|17\/100|[from] item: Black Sludge\n|upkeep\n|turn|2\n|\n|t:|1698497073\n|move|p2a: Toxapex|Baneful Bunker|p2a: Toxapex\n|-singleturn|p2a: Toxapex|move: Protect\n|move|p1a: Dragapult|Draco Meteor|p2a: Toxapex\n|-activate|p2a: Toxapex|move: Protect\n|\n|-heal|p2a: Toxapex|23\/100|[from] item: Black Sludge\n|upkeep\n|turn|3\n|\n|t:|1698497100\n|switch|p2a: Gogoat|Gogoat, F|100\/100\n|move|p1a: Dragapult|Draco Meteor|p2a: Gogoat\n|-damage|p2a: Gogoat|52\/100\n|-unboost|p1a: Dragapult|spa|2\n|\n|upkeep\n|turn|4\n|\n|t:|1698497120\n|switch|p1a: Glastrier|Glastrier|100\/100\n|move|p2a: Gogoat|Play Rough|p1a: Glastrier\n|-damage|p1a: Glastrier|80\/100\n|\n|upkeep\n|turn|5\n|\n|t:|1698497136\n|switch|p2a: Cinderace|Cinderace, F|100\/100\n|move|p1a: Glastrier|Icicle Crash|p2a: Cinderace\n|-resisted|p2a: Cinderace\n|-damage|p2a: Cinderace|70\/100\n|\n|upkeep\n|turn|6\n|\n|t:|1698497144\n|move|p2a: Cinderace|U-turn|p1a: Glastrier\n|-start|p2a: Cinderace|typechange|Bug|[from] ability: Libero\n|-damage|p1a: Glastrier|58\/100\n|\n|t:|1698497151\n|switch|p2a: Toxapex|Toxapex, M|57\/100|[from] U-turn\n|move|p1a: Glastrier|Close Combat|p2a: Toxapex\n|-resisted|p2a: Toxapex\n|-damage|p2a: Toxapex|40\/100\n|-unboost|p1a: Glastrier|def|1\n|-unboost|p1a: Glastrier|spd|1\n|\n|-heal|p2a: Toxapex|46\/100|[from] item: Black Sludge\n|upkeep\n|turn|7\n|\n|t:|1698497163\n|move|p1a: Glastrier|Taunt|p2a: Toxapex\n|-start|p2a: Toxapex|move: Taunt\n|cant|p2a: Toxapex|move: Taunt|Toxic Spikes\n|\n|-heal|p2a: Toxapex|52\/100|[from] item: Black Sludge\n|upkeep\n|turn|8\n|\n|t:|1698497184\n|switch|p2a: Miraidon|Miraidon|100\/100\n|-fieldstart|move: Electric Terrain|[from] ability: Hadron Engine|[of] p2a: Miraidon\n|move|p1a: Glastrier|Close Combat|p2a: Miraidon\n|-damage|p2a: Miraidon|59\/100\n|-unboost|p1a: Glastrier|def|1\n|-unboost|p1a: Glastrier|spd|1\n|\n|upkeep\n|turn|9\n|\n|t:|1698497201\n|move|p2a: Miraidon|Volt Switch|p1a: Glastrier\n|-damage|p1a: Glastrier|0 fnt\n|faint|p1a: Glastrier\n|\n|t:|1698497206\n|switch|p2a: Cinderace|Cinderace, F|70\/100|[from] Volt Switch\n|\n|upkeep\n|inactive|dakimahrel has 120 seconds left.\n|\n|t:|1698497227\n|switch|p1a: Polteageist|Polteageist-Antique, shiny|100\/100\n|turn|10\n|inactive|dakimahrel has 120 seconds left.\n|\n|t:|1698497252\n|move|p2a: Cinderace|U-turn|p1a: Polteageist\n|-start|p2a: Cinderace|typechange|Bug|[from] ability: Libero\n|-resisted|p1a: Polteageist\n|-damage|p1a: Polteageist|81\/100\n|-ability|p1a: Polteageist|Weak Armor|boost\n|-unboost|p1a: Polteageist|def|1\n|-boost|p1a: Polteageist|spe|2\n|\n|t:|1698497266\n|switch|p2a: Toxapex|Toxapex, M|85\/100|[from] U-turn\n|move|p1a: Polteageist|Strength Sap|p2a: Toxapex\n|-unboost|p2a: Toxapex|atk|1\n|-heal|p1a: Polteageist|100\/100\n|\n|-heal|p2a: Toxapex|91\/100|[from] item: Black Sludge\n|upkeep\n|turn|11\n|\n|t:|1698497295\n|switch|p1a: Dragapult|Dragapult, F, shiny, tera:Dragon|52\/100\n|move|p2a: Toxapex|Liquidation|p1a: Dragapult\n|-resisted|p1a: Dragapult\n|-damage|p1a: Dragapult|42\/100\n|\n|-heal|p2a: Toxapex|98\/100|[from] item: Black Sludge\n|upkeep\n|turn|12\n|\n|t:|1698497305\n|move|p1a: Dragapult|Draco Meteor|p2a: Toxapex\n|-damage|p2a: Toxapex|5\/100\n|-unboost|p1a: Dragapult|spa|2\n|move|p2a: Toxapex|Toxic Spikes|p1a: Dragapult\n|-sidestart|p1: dakimahrel|move: Toxic Spikes\n|\n|-heal|p2a: Toxapex|11\/100|[from] item: Black Sludge\n|-fieldend|move: Electric Terrain\n|upkeep\n|turn|13\n|\n|t:|1698497315\n|switch|p1a: Slowking|Slowking-Galar, F|100\/100\n|-sideend|p1: dakimahrel|move: Toxic Spikes|[of] p1a: Slowking\n|move|p2a: Toxapex|Baneful Bunker||[still]\n|-fail|p2a: Toxapex\n|\n|-heal|p2a: Toxapex|17\/100|[from] item: Black Sludge\n|upkeep\n|turn|14\n|\n|t:|1698497324\n|move|p2a: Toxapex|Baneful Bunker|p2a: Toxapex\n|-singleturn|p2a: Toxapex|move: Protect\n|move|p1a: Slowking|Yawn|p2a: Toxapex\n|-activate|p2a: Toxapex|move: Protect\n|\n|-heal|p2a: Toxapex|23\/100|[from] item: Black Sludge\n|upkeep\n|turn|15\n|\n|t:|1698497337\n|move|p1a: Slowking|Chilling Water|p2a: Toxapex\n|-resisted|p2a: Toxapex\n|-damage|p2a: Toxapex|18\/100\n|-unboost|p2a: Toxapex|atk|1\n|move|p2a: Toxapex|Toxic Spikes|p1a: Slowking\n|-sidestart|p1: dakimahrel|move: Toxic Spikes\n|\n|-heal|p2a: Toxapex|24\/100|[from] item: Black Sludge\n|upkeep\n|turn|16\n|inactive|dakimahrel has 90 seconds left.\n|\n|t:|1698497383\n|switch|p1a: Moltres|Moltres-Galar|100\/100\n|move|p2a: Toxapex|Toxic Spikes|p1a: Moltres\n|-sidestart|p1: dakimahrel|move: Toxic Spikes\n|\n|-heal|p2a: Toxapex|30\/100|[from] item: Black Sludge\n|upkeep\n|turn|17\n|\n|t:|1698497397\n|switch|p2a: Gliscor|Gliscor, F|100\/100\n|move|p1a: Moltres|Substitute|p1a: Moltres\n|-start|p1a: Moltres|Substitute\n|-damage|p1a: Moltres|76\/100\n|\n|-status|p2a: Gliscor|tox|[from] item: Toxic Orb\n|upkeep\n|turn|18\n|\n|t:|1698497407\n|move|p1a: Moltres|Nasty Plot|p1a: Moltres\n|-boost|p1a: Moltres|spa|2\n|move|p2a: Gliscor|Dual Wingbeat|p1a: Moltres\n|-activate|p1a: Moltres|move: Substitute|[damage]\n|-end|p1a: Moltres|Substitute\n|-hitcount|p1a: Moltres|2\n|\n|upkeep\n|turn|19\n|inactive|dakimahrel has 90 seconds left.\n|\n|t:|1698497431\n|move|p1a: Moltres|Substitute|p1a: Moltres\n|-start|p1a: Moltres|Substitute\n|-damage|p1a: Moltres|51\/100\n|move|p2a: Gliscor|Stealth Rock|p1a: Moltres\n|-sidestart|p1: dakimahrel|move: Stealth Rock\n|\n|upkeep\n|turn|20\n|\n|t:|1698497442\n|move|p1a: Moltres|Fiery Wrath|p2a: Gliscor\n|-damage|p2a: Gliscor|5\/100 tox\n|move|p2a: Gliscor|Dual Wingbeat|p1a: Moltres\n|-activate|p1a: Moltres|move: Substitute|[damage]\n|-end|p1a: Moltres|Substitute\n|-hitcount|p1a: Moltres|2\n|\n|-heal|p2a: Gliscor|18\/100 tox|[from] ability: Poison Heal\n|upkeep\n|turn|21\n|\n|t:|1698497454\n|move|p1a: Moltres|Substitute|p1a: Moltres\n|-start|p1a: Moltres|Substitute\n|-damage|p1a: Moltres|26\/100\n|move|p2a: Gliscor|Dual Wingbeat|p1a: Moltres\n|-activate|p1a: Moltres|move: Substitute|[damage]\n|-end|p1a: Moltres|Substitute\n|-hitcount|p1a: Moltres|2\n|\n|-heal|p2a: Gliscor|30\/100 tox|[from] ability: Poison Heal\n|upkeep\n|turn|22\n|\n|t:|1698497467\n|move|p1a: Moltres|Substitute|p1a: Moltres\n|-start|p1a: Moltres|Substitute\n|-damage|p1a: Moltres|1\/100\n|-enditem|p1a: Moltres|Salac Berry|[eat]\n|-boost|p1a: Moltres|spe|1|[from] item: Salac Berry\n|move|p2a: Gliscor|Dual Wingbeat|p1a: Moltres\n|-activate|p1a: Moltres|move: Substitute|[damage]\n|-end|p1a: Moltres|Substitute\n|-hitcount|p1a: Moltres|2\n|\n|-heal|p2a: Gliscor|43\/100 tox|[from] ability: Poison Heal\n|upkeep\n|turn|23\n|\n|t:|1698497481\n|move|p1a: Moltres|Fiery Wrath|p2a: Gliscor\n|-damage|p2a: Gliscor|0 fnt\n|faint|p2a: Gliscor\n|\n|upkeep\n|\n|t:|1698497486\n|switch|p2a: Cinderace|Cinderace, F|70\/100\n|turn|24\n|inactive|dakimahrel has 90 seconds left.\n|\n|t:|1698497493\n|move|p2a: Cinderace|U-turn|p1a: Moltres\n|-start|p2a: Cinderace|typechange|Bug|[from] ability: Libero\n|-damage|p1a: Moltres|0 fnt\n|faint|p1a: Moltres\n|\n|t:|1698497502\n|switch|p2a: Miraidon|Miraidon|59\/100|[from] U-turn\n|-fieldstart|move: Electric Terrain|[from] ability: Hadron Engine|[of] p2a: Miraidon\n|\n|upkeep\n|inactive|dakimahrel has 90 seconds left.\n|\n|t:|1698497524\n|switch|p1a: Dragapult|Dragapult, F, shiny, tera:Dragon|42\/100\n|-status|p1a: Dragapult|tox\n|-damage|p1a: Dragapult|30\/100 tox|[from] Stealth Rock\n|turn|25\n|\n|t:|1698497529\n|switch|p2a: Cinderace|Cinderace, F|70\/100\n|move|p1a: Dragapult|Draco Meteor|p2a: Cinderace\n|-damage|p2a: Cinderace|0 fnt\n|-unboost|p1a: Dragapult|spa|2\n|faint|p2a: Cinderace\n|\n|-damage|p1a: Dragapult|24\/100 tox|[from] psn\n|upkeep\n|\n|t:|1698497542\n|switch|p2a: Miraidon|Miraidon|59\/100\n|-activate|p2a: Miraidon|ability: Hadron Engine\n|turn|26\n|\n|t:|1698497549\n|-terastallize|p2a: Miraidon|Fairy\n|move|p1a: Dragapult|Draco Meteor|p2a: Miraidon\n|-immune|p2a: Miraidon\n|move|p2a: Miraidon|Volt Switch|p1a: Dragapult\n|-resisted|p1a: Dragapult\n|-damage|p1a: Dragapult|0 fnt\n|faint|p1a: Dragapult\n|\n|t:|1698497562\n|switch|p2a: Conkeldurr|Conkeldurr, M|100\/100|[from] Volt Switch\n|\n|-status|p2a: Conkeldurr|brn|[from] item: Flame Orb\n|upkeep\n|\n|t:|1698497570\n|switch|p1a: Slowking|Slowking-Galar, F|100\/100\n|-sideend|p1: dakimahrel|move: Toxic Spikes|[of] p1a: Slowking\n|-damage|p1a: Slowking|88\/100|[from] Stealth Rock\n|turn|27\n|\n|t:|1698497577\n|move|p2a: Conkeldurr|Facade|p1a: Slowking\n|-damage|p1a: Slowking|6\/100\n|move|p1a: Slowking|Chilling Water|p2a: Conkeldurr\n|-crit|p2a: Conkeldurr\n|-damage|p2a: Conkeldurr|77\/100 brn\n|-unboost|p2a: Conkeldurr|atk|1\n|\n|-heal|p1a: Slowking|12\/100|[from] item: Leftovers\n|-damage|p2a: Conkeldurr|71\/100 brn|[from] brn\n|upkeep\n|turn|28\n|\n|t:|1698497589\n|move|p2a: Conkeldurr|Facade|p1a: Slowking\n|-damage|p1a: Slowking|0 fnt\n|faint|p1a: Slowking\n|\n|-damage|p2a: Conkeldurr|65\/100 brn|[from] brn\n|-fieldend|move: Electric Terrain\n|upkeep\n|\n|t:|1698497596\n|switch|p1a: Polteageist|Polteageist-Antique, shiny|100\/100\n|-damage|p1a: Polteageist|88\/100|[from] Stealth Rock\n|turn|29\n|\n|t:|1698497602\n|switch|p2a: Toxapex|Toxapex, M|64\/100\n|move|p1a: Polteageist|Strength Sap|p2a: Toxapex\n|-unboost|p2a: Toxapex|atk|1\n|-heal|p1a: Polteageist|100\/100\n|\n|-heal|p2a: Toxapex|70\/100|[from] item: Black Sludge\n|upkeep\n|turn|30\n|inactive|dakimahrel has 120 seconds left.\n|\n|t:|1698497613\n|move|p1a: Polteageist|Shell Smash|p1a: Polteageist\n|-unboost|p1a: Polteageist|def|1\n|-unboost|p1a: Polteageist|spd|1\n|-boost|p1a: Polteageist|atk|2\n|-boost|p1a: Polteageist|spa|2\n|-boost|p1a: Polteageist|spe|2\n|move|p2a: Toxapex|Toxic Spikes|p1a: Polteageist\n|-sidestart|p1: dakimahrel|move: Toxic Spikes\n|\n|-heal|p2a: Toxapex|76\/100|[from] item: Black Sludge\n|upkeep\n|turn|31\n|inactive|dakimahrel has 120 seconds left.\n|\n|t:|1698497628\n|move|p1a: Polteageist|Stored Power|p2a: Toxapex\n|-supereffective|p2a: Toxapex\n|-damage|p2a: Toxapex|0 fnt\n|faint|p2a: Toxapex\n|\n|upkeep\n|\n|t:|1698497635\n|switch|p2a: Miraidon|Miraidon, tera:Fairy|59\/100\n|-fieldstart|move: Electric Terrain|[from] ability: Hadron Engine|[of] p2a: Miraidon\n|turn|32\n|inactive|dakimahrel has 120 seconds left.\n|c|\u2606dakimahrel|This was a fun battle. It's my first time doing Ubers\n|\n|t:|1698497669\n|move|p1a: Polteageist|Stored Power|p2a: Miraidon\n|-damage|p2a: Miraidon|0 fnt\n|faint|p2a: Miraidon\n|\n|upkeep\n|\n|t:|1698497675\n|switch|p2a: Conkeldurr|Conkeldurr, M|65\/100 brn\n|turn|33\n|\n|t:|1698497678\n|move|p1a: Polteageist|Stored Power|p2a: Conkeldurr\n|-supereffective|p2a: Conkeldurr\n|-damage|p2a: Conkeldurr|0 fnt\n|faint|p2a: Conkeldurr\n|\n|upkeep\n|\n|t:|1698497684\n|switch|p2a: Gogoat|Gogoat, F|52\/100\n|turn|34\n|c|\u2606dakimahrel|gg\n|inactive|dakimahrel has 120 seconds left.\n|\n|t:|1698497699\n|move|p1a: Polteageist|Stored Power|p2a: Gogoat\n|-damage|p2a: Gogoat|0 fnt\n|faint|p2a: Gogoat\n|\n|win|dakimahrel\n|raw|dakimahrel's rating: 1010 &rarr; <strong>1053<\/strong><br \/>(+43 for winning)\n|raw|Freedfree's rating: 1050 &rarr; <strong>1030<\/strong><br \/>(-20 for losing)\n|l|\u2606Freedfree\n","uploadtime":1698497752,"views":19,"p1id":"dakimahrel","p2id":"freedfree","formatid":"gen9ubers","rating":1030,"private":0,"password":""}