{"id":"gen9ubers-1982865810","p1":"KaiserreduxFan","p2":"Theminals","format":"[Gen 9] Ubers","log":"|j|\u2606KaiserreduxFan\n|j|\u2606Theminals\n|t:|1699052778\n|gametype|singles\n|player|p1|KaiserreduxFan|lucas|\n|player|p2|Theminals|depotagent|\n|teamsize|p1|6\n|teamsize|p2|6\n|gen|9\n|tier|[Gen 9] Ubers\n|rule|Sleep Clause Mod: Limit one foe put to sleep\n|rule|Species Clause: Limit one of each Pok\u00e9mon\n|rule|OHKO Clause: OHKO moves are banned\n|rule|Evasion Items Clause: Evasion items are banned\n|rule|Evasion Moves Clause: Evasion moves are banned\n|rule|Endless Battle Clause: Forcing endless battles is banned\n|rule|HP Percentage Mod: HP is shown in percentages\n|clearpoke\n|poke|p1|Meowscarada, M|\n|poke|p1|Gholdengo|\n|poke|p1|Dialga|\n|poke|p1|Zacian-*|\n|poke|p1|Magearna|\n|poke|p1|Cyclizar, M|\n|poke|p2|Pelipper, F|\n|poke|p2|Basculegion-F, F|\n|poke|p2|Palafin, F|\n|poke|p2|Magearna|\n|poke|p2|Zacian-*|\n|poke|p2|Landorus, M|\n|teampreview\n|inactive|Battle timer is ON: inactive players will automatically lose when time's up. (requested by KaiserreduxFan)\n|c|\u2606Theminals|glhf\n|c|\u2606KaiserreduxFan|u2\n|\n|t:|1699052806\n|start\n|switch|p1a: Meowscarada|Meowscarada, M|100\/100\n|switch|p2a: Pelipper|Pelipper, F|100\/100\n|-weather|RainDance|[from] ability: Drizzle|[of] p2a: Pelipper\n|turn|1\n|\n|t:|1699052818\n|move|p1a: Meowscarada|Knock Off|p2a: Pelipper\n|-damage|p2a: Pelipper|56\/100\n|-enditem|p2a: Pelipper|Damp Rock|[from] move: Knock Off|[of] p1a: Meowscarada\n|move|p2a: Pelipper|U-turn|p1a: Meowscarada\n|-supereffective|p1a: Meowscarada\n|-damage|p1a: Meowscarada|46\/100\n|\n|t:|1699052829\n|switch|p2a: Zacian|Zacian|100\/100|[from] U-turn\n|-ability|p2a: Zacian|Intrepid Sword|boost\n|-boost|p2a: Zacian|atk|1\n|\n|-weather|RainDance|[upkeep]\n|upkeep\n|turn|2\n|\n|t:|1699052837\n|move|p2a: Zacian|Iron Head|p1a: Meowscarada\n|-damage|p1a: Meowscarada|0 fnt\n|faint|p1a: Meowscarada\n|\n|-weather|RainDance|[upkeep]\n|upkeep\n|\n|t:|1699052840\n|switch|p1a: Gholdengo|Gholdengo|100\/100\n|-item|p1a: Gholdengo|Air Balloon\n|turn|3\n|\n|t:|1699052860\n|switch|p2a: Magearna|Magearna|100\/100\n|move|p1a: Gholdengo|Make It Rain|p2a: Magearna\n|-damage|p2a: Magearna|45\/100\n|-unboost|p1a: Gholdengo|spa|1\n|\n|-weather|RainDance|[upkeep]\n|-heal|p2a: Magearna|51\/100|[from] item: Leftovers\n|upkeep\n|turn|4\n|\n|t:|1699052869\n|switch|p1a: Cyclizar|Cyclizar, M|100\/100\n|move|p2a: Magearna|Thunderbolt|p1a: Cyclizar\n|-resisted|p1a: Cyclizar\n|-damage|p1a: Cyclizar|78\/100\n|\n|-weather|RainDance|[upkeep]\n|-heal|p2a: Magearna|57\/100|[from] item: Leftovers\n|upkeep\n|turn|5\n|\n|t:|1699052877\n|move|p1a: Cyclizar|Shed Tail|p1a: Cyclizar\n|-start|p1a: Cyclizar|Substitute|[from] move: Shed Tail\n|-damage|p1a: Cyclizar|28\/100\n|\n|t:|1699052879\n|switch|p1a: Gholdengo|Gholdengo|100\/100|[from] Shed Tail\n|-item|p1a: Gholdengo|Air Balloon\n|move|p2a: Magearna|Flash Cannon|p1a: Gholdengo\n|-resisted|p1a: Gholdengo\n|-activate|p1a: Gholdengo|move: Substitute|[damage]\n|-enditem|p1a: Gholdengo|Air Balloon\n|\n|-weather|RainDance|[upkeep]\n|-heal|p2a: Magearna|63\/100|[from] item: Leftovers\n|upkeep\n|turn|6\n|\n|t:|1699052885\n|move|p2a: Magearna|Thunderbolt|p1a: Gholdengo\n|-end|p1a: Gholdengo|Substitute\n|move|p1a: Gholdengo|Nasty Plot|p1a: Gholdengo\n|-boost|p1a: Gholdengo|spa|2\n|\n|-weather|RainDance|[upkeep]\n|-heal|p2a: Magearna|69\/100|[from] item: Leftovers\n|upkeep\n|turn|7\n|\n|t:|1699052889\n|move|p2a: Magearna|Thunderbolt|p1a: Gholdengo\n|-damage|p1a: Gholdengo|77\/100\n|move|p1a: Gholdengo|Shadow Ball|p2a: Magearna\n|-damage|p2a: Magearna|0 fnt\n|faint|p2a: Magearna\n|\n|-weather|RainDance|[upkeep]\n|upkeep\n|\n|t:|1699052895\n|switch|p2a: Zacian|Zacian|100\/100\n|turn|8\n|\n|t:|1699052901\n|-terastallize|p1a: Gholdengo|Fairy\n|move|p2a: Zacian|Iron Head|p1a: Gholdengo\n|-supereffective|p1a: Gholdengo\n|-damage|p1a: Gholdengo|0 fnt\n|faint|p1a: Gholdengo\n|\n|-weather|none\n|upkeep\n|\n|t:|1699052905\n|switch|p1a: Dialga|Dialga|100\/100\n|-ability|p1a: Dialga|Pressure\n|turn|9\n|\n|t:|1699052915\n|switch|p2a: Pelipper|Pelipper, F|56\/100\n|-weather|RainDance|[from] ability: Drizzle|[of] p2a: Pelipper\n|move|p1a: Dialga|Flash Cannon|p2a: Pelipper\n|-resisted|p2a: Pelipper\n|-damage|p2a: Pelipper|35\/100\n|\n|-weather|RainDance|[upkeep]\n|upkeep\n|turn|10\n|\n|t:|1699052922\n|move|p1a: Dialga|Draco Meteor|p2a: Pelipper\n|-damage|p2a: Pelipper|0 fnt\n|-unboost|p1a: Dialga|spa|2\n|faint|p2a: Pelipper\n|\n|-weather|RainDance|[upkeep]\n|upkeep\n|\n|t:|1699052928\n|switch|p2a: Landorus|Landorus, M|100\/100\n|turn|11\n|\n|t:|1699052934\n|switch|p1a: Cyclizar|Cyclizar, M|61\/100\n|move|p2a: Landorus|Earth Power|p1a: Cyclizar\n|-damage|p1a: Cyclizar|0 fnt\n|faint|p1a: Cyclizar\n|\n|-weather|RainDance|[upkeep]\n|upkeep\n|\n|t:|1699052940\n|switch|p1a: Zacian|Zacian|100\/100\n|-ability|p1a: Zacian|Intrepid Sword|boost\n|-boost|p1a: Zacian|atk|1\n|turn|12\n|\n|t:|1699052953\n|switch|p2a: Palafin|Palafin, F|100\/100\n|move|p1a: Zacian|Trailblaze|p2a: Palafin\n|-supereffective|p2a: Palafin\n|-damage|p2a: Palafin|49\/100\n|-boost|p1a: Zacian|spe|1\n|\n|-weather|RainDance|[upkeep]\n|-heal|p2a: Palafin|55\/100|[from] item: Leftovers\n|upkeep\n|turn|13\n|\n|t:|1699052960\n|move|p2a: Palafin|Jet Punch|p1a: Zacian\n|-damage|p1a: Zacian|73\/100\n|move|p1a: Zacian|Swords Dance|p1a: Zacian\n|-boost|p1a: Zacian|atk|2\n|\n|-weather|none\n|-heal|p2a: Palafin|61\/100|[from] item: Leftovers\n|upkeep\n|turn|14\n|\n|t:|1699052978\n|detailschange|p2a: Palafin|Palafin-Hero, F\n|switch|p2a: Basculegion|Basculegion-F, F|100\/100\n|move|p1a: Zacian|Trailblaze|p2a: Basculegion\n|-supereffective|p2a: Basculegion\n|-damage|p2a: Basculegion|0 fnt\n|-boost|p1a: Zacian|spe|1\n|faint|p2a: Basculegion\n|\n|upkeep\n|inactive|Theminals has 270 seconds left.\n|\n|t:|1699053002\n|switch|p2a: Palafin|Palafin-Hero, F|61\/100\n|-activate|p2a: Palafin|ability: Zero to Hero\n|turn|15\n|\n|t:|1699053007\n|-terastallize|p2a: Palafin|Water\n|move|p2a: Palafin|Jet Punch|p1a: Zacian\n|-damage|p1a: Zacian|34\/100\n|move|p1a: Zacian|Trailblaze|p2a: Palafin\n|-supereffective|p2a: Palafin\n|-damage|p2a: Palafin|0 fnt\n|-boost|p1a: Zacian|spe|1\n|faint|p2a: Palafin\n|\n|upkeep\n|c|\u2606Theminals|gg\n|-message|Theminals forfeited.\n|\n|win|KaiserreduxFan\n|c|\u2606KaiserreduxFan|gg\n","uploadtime":1699053025,"views":24,"p1id":"kaiserreduxfan","p2id":"theminals","formatid":"gen9ubers","rating":0,"private":0,"password":""}