{"id":"gen9ubers-1999172688","p1":"SiG_GM","p2":"chiefpancake","format":"[Gen 9] Ubers","log":"|j|\u2606SiG_GM\n|j|\u2606chiefpancake\n|t:|1701041255\n|gametype|singles\n|player|p1|SiG_GM|265|\n|player|p2|chiefpancake|hiker-gen4|\n|teamsize|p1|6\n|teamsize|p2|6\n|gen|9\n|tier|[Gen 9] Ubers\n|rule|Sleep Clause Mod: Limit one foe put to sleep\n|rule|Species Clause: Limit one of each Pok\u00e9mon\n|rule|OHKO Clause: OHKO moves are banned\n|rule|Evasion Items Clause: Evasion items are banned\n|rule|Evasion Moves Clause: Evasion moves are banned\n|rule|Endless Battle Clause: Forcing endless battles is banned\n|rule|HP Percentage Mod: HP is shown in percentages\n|clearpoke\n|poke|p1|Ribombee, F|\n|poke|p1|Empoleon, F|\n|poke|p1|Armarouge, F|\n|poke|p1|Meowscarada, F|\n|poke|p1|Mimikyu, F|\n|poke|p1|Iron Hands|\n|poke|p2|Ogerpon, F|\n|poke|p2|Salamence, M|\n|poke|p2|Cinderace, M|\n|poke|p2|Inteleon, F|\n|poke|p2|Eelektross, M|\n|poke|p2|Great Tusk|\n|teampreview\n|c|\u2606SiG_GM|Glhf!\n|c|\u2606chiefpancake|you too, glhf!\n|j| kayjulers\n|\n|t:|1701041316\n|start\n|switch|p1a: Ribombee|Ribombee, F|100\/100\n|switch|p2a: LifeWillChange|Ogerpon, F|100\/100\n|turn|1\n|\n|t:|1701041471\n|-terastallize|p2a: LifeWillChange|Grass\n|detailschange|p2a: LifeWillChange|Ogerpon-Teal-Tera, F, tera:Grass\n|-ability|p2a: LifeWillChange|Embody Aspect (Teal)|boost\n|-boost|p2a: LifeWillChange|spe|1\n|move|p2a: LifeWillChange|U-turn|p1a: Ribombee\n|-resisted|p1a: Ribombee\n|-damage|p1a: Ribombee|68\/100\n|\n|t:|1701041494\n|switch|p2a: Space Jam|Cinderace, M, shiny|100\/100|[from] U-turn\n|move|p1a: Ribombee|Quiver Dance|p1a: Ribombee\n|-boost|p1a: Ribombee|spa|1\n|-boost|p1a: Ribombee|spd|1\n|-boost|p1a: Ribombee|spe|1\n|\n|upkeep\n|turn|2\n|\n|t:|1701041543\n|move|p1a: Ribombee|Sticky Web|p2a: Space Jam\n|-sidestart|p2: chiefpancake|move: Sticky Web\n|move|p2a: Space Jam|Pyro Ball|p1a: Ribombee\n|-supereffective|p1a: Ribombee\n|-damage|p1a: Ribombee|0 fnt\n|faint|p1a: Ribombee\n|\n|upkeep\n|\n|t:|1701041598\n|switch|p1a: Armarouge|Armarouge, F|100\/100\n|turn|3\n|\n|t:|1701041628\n|move|p2a: Space Jam|Court Change|p2a: Space Jam\n|-swapsideconditions\n|-activate|p2a: Space Jam|move: Court Change\n|move|p1a: Armarouge|Calm Mind|p1a: Armarouge\n|-boost|p1a: Armarouge|spa|1\n|-boost|p1a: Armarouge|spd|1\n|\n|upkeep\n|turn|4\n|c|\u2606chiefpancake|ngl I hate fighting Armarouge so much\n|c|\u2606chiefpancake|scary megaman\n|c|\u2606SiG_GM|Megaman with TWO arm guns\n|c|\u2606chiefpancake|Big meaty arm guns\n|c|\u2606chiefpancake|not just for attracting mates\n|\n|t:|1701041721\n|switch|p2a: LifeWillChange|Ogerpon-Teal-Tera, F, tera:Grass|100\/100\n|-ability|p2a: LifeWillChange|Embody Aspect (Teal)|boost\n|-boost|p2a: LifeWillChange|spe|1\n|move|p1a: Armarouge|Psyshock|p2a: LifeWillChange\n|-damage|p2a: LifeWillChange|5\/100\n|\n|upkeep\n|turn|5\n|\n|t:|1701041748\n|move|p2a: LifeWillChange|Knock Off|p1a: Armarouge\n|-supereffective|p1a: Armarouge\n|-damage|p1a: Armarouge|19\/100\n|-ability|p1a: Armarouge|Weak Armor|boost\n|-unboost|p1a: Armarouge|def|1\n|-boost|p1a: Armarouge|spe|2\n|-enditem|p1a: Armarouge|Focus Sash|[from] move: Knock Off|[of] p2a: LifeWillChange\n|move|p1a: Armarouge|Psyshock|p2a: LifeWillChange\n|-damage|p2a: LifeWillChange|0 fnt\n|faint|p2a: LifeWillChange\n|\n|upkeep\n|\n|t:|1701041784\n|switch|p2a: ManhattanSkyline|Eelektross, M|100\/100\n|turn|6\n|\n|t:|1701041831\n|move|p1a: Armarouge|Psyshock|p2a: ManhattanSkyline\n|-damage|p2a: ManhattanSkyline|32\/100\n|move|p2a: ManhattanSkyline|Dragon Tail|p1a: Armarouge\n|-damage|p1a: Armarouge|0 fnt\n|faint|p1a: Armarouge\n|\n|-heal|p2a: ManhattanSkyline|38\/100|[from] item: Leftovers\n|upkeep\n|\n|t:|1701041899\n|switch|p1a: Meowscarada|Meowscarada, F|100\/100\n|-activate|p1a: Meowscarada|move: Sticky Web\n|-unboost|p1a: Meowscarada|spe|1\n|turn|7\n|\n|t:|1701041973\n|move|p1a: Meowscarada|Play Rough|p2a: ManhattanSkyline\n|-start|p1a: Meowscarada|typechange|Fairy|[from] ability: Protean\n|-damage|p2a: ManhattanSkyline|0 fnt\n|faint|p2a: ManhattanSkyline\n|\n|upkeep\n|\n|t:|1701041981\n|switch|p2a: Space Jam|Cinderace, M, shiny|100\/100\n|turn|8\n|\n|t:|1701042096\n|switch|p1a: Empoleon|Empoleon, F|100\/100\n|-activate|p1a: Empoleon|move: Sticky Web\n|-unboost|p1a: Empoleon|spe|1\n|move|p2a: Space Jam|U-turn|p1a: Empoleon\n|-resisted|p1a: Empoleon\n|-crit|p1a: Empoleon\n|-damage|p1a: Empoleon|83\/100\n|\n|t:|1701042110\n|switch|p2a: Mr. Pond|Inteleon, F|100\/100|[from] U-turn\n|\n|-heal|p1a: Empoleon|89\/100|[from] item: Leftovers\n|upkeep\n|turn|9\n|\n|t:|1701042123\n|move|p2a: Mr. Pond|Mud Shot|p1a: Empoleon\n|-supereffective|p1a: Empoleon\n|-damage|p1a: Empoleon|48\/100\n|-unboost|p1a: Empoleon|spe|1\n|-ability|p1a: Empoleon|Competitive|boost\n|-boost|p1a: Empoleon|spa|2\n|move|p1a: Empoleon|Stealth Rock|p2a: Mr. Pond\n|-sidestart|p2: chiefpancake|move: Stealth Rock\n|\n|-heal|p1a: Empoleon|54\/100|[from] item: Leftovers\n|upkeep\n|turn|10\n|c|\u2606chiefpancake|oh shoot I forgot about competitive\n|\n|t:|1701042156\n|move|p2a: Mr. Pond|Mud Shot|p1a: Empoleon\n|-supereffective|p1a: Empoleon\n|-damage|p1a: Empoleon|17\/100\n|-unboost|p1a: Empoleon|spe|1\n|-ability|p1a: Empoleon|Competitive|boost\n|-boost|p1a: Empoleon|spa|2\n|move|p1a: Empoleon|Roost|p1a: Empoleon\n|-heal|p1a: Empoleon|67\/100\n|-singleturn|p1a: Empoleon|move: Roost\n|\n|-heal|p1a: Empoleon|73\/100|[from] item: Leftovers\n|upkeep\n|turn|11\n|c|\u2606chiefpancake|welp\n|\n|t:|1701042189\n|move|p2a: Mr. Pond|Mud Shot|p1a: Empoleon|[miss]\n|-miss|p2a: Mr. Pond|p1a: Empoleon\n|move|p1a: Empoleon|Roost|p1a: Empoleon\n|-heal|p1a: Empoleon|100\/100\n|-singleturn|p1a: Empoleon|move: Roost\n|\n|upkeep\n|turn|12\n|\n|t:|1701042205\n|switch|p2a: Space Jam|Cinderace, M, shiny|100\/100\n|move|p1a: Empoleon|Flash Cannon|p2a: Space Jam\n|-resisted|p2a: Space Jam\n|-damage|p2a: Space Jam|29\/100\n|\n|upkeep\n|turn|13\n|\n|t:|1701042231\n|move|p2a: Space Jam|Pyro Ball|p1a: Empoleon\n|-damage|p1a: Empoleon|15\/100\n|-status|p1a: Empoleon|brn\n|move|p1a: Empoleon|Flash Cannon|p2a: Space Jam\n|-resisted|p2a: Space Jam\n|-damage|p2a: Space Jam|0 fnt\n|faint|p2a: Space Jam\n|\n|-heal|p1a: Empoleon|21\/100 brn|[from] item: Leftovers\n|-damage|p1a: Empoleon|15\/100 brn|[from] brn\n|upkeep\n|\n|t:|1701042257\n|switch|p2a: Mr. Pond|Inteleon, F|100\/100\n|-damage|p2a: Mr. Pond|88\/100|[from] Stealth Rock\n|turn|14\n|\n|t:|1701042269\n|move|p2a: Mr. Pond|Dark Pulse|p1a: Empoleon\n|-damage|p1a: Empoleon|0 fnt\n|faint|p1a: Empoleon\n|\n|upkeep\n|\n|t:|1701042350\n|switch|p1a: Mimikyu|Mimikyu, F|100\/100\n|turn|15\n|\n|t:|1701042371\n|move|p2a: Mr. Pond|Dark Pulse|p1a: Mimikyu\n|-activate|p1a: Mimikyu|ability: Disguise\n|-damage|p1a: Mimikyu|100\/100\n|detailschange|p1a: Mimikyu|Mimikyu-Busted, F\n|-damage|p1a: Mimikyu|88\/100|[from] pokemon: Mimikyu-Busted\n|move|p1a: Mimikyu|Swords Dance|p1a: Mimikyu\n|-boost|p1a: Mimikyu|atk|2\n|\n|upkeep\n|turn|16\n|\n|t:|1701042410\n|move|p2a: Mr. Pond|Dark Pulse|p1a: Mimikyu\n|-damage|p1a: Mimikyu|32\/100\n|move|p1a: Mimikyu|Play Rough|p2a: Mr. Pond\n|-damage|p2a: Mr. Pond|0 fnt\n|faint|p2a: Mr. Pond\n|\n|upkeep\n|\n|t:|1701042423\n|switch|p2a: EndsOfTheEarth|Great Tusk|100\/100\n|-damage|p2a: EndsOfTheEarth|97\/100|[from] Stealth Rock\n|-enditem|p2a: EndsOfTheEarth|Booster Energy\n|-activate|p2a: EndsOfTheEarth|ability: Protosynthesis|[fromitem]\n|-start|p2a: EndsOfTheEarth|protosynthesisdef\n|turn|17\n|\n|t:|1701042454\n|move|p1a: Mimikyu|Play Rough|p2a: EndsOfTheEarth\n|-supereffective|p2a: EndsOfTheEarth\n|-damage|p2a: EndsOfTheEarth|41\/100\n|move|p2a: EndsOfTheEarth|Ice Spinner|p1a: Mimikyu\n|-damage|p1a: Mimikyu|0 fnt\n|faint|p1a: Mimikyu\n|\n|upkeep\n|\n|t:|1701042487\n|switch|p1a: Iron Hands|Iron Hands|100\/100\n|-activate|p1a: Iron Hands|move: Sticky Web\n|-unboost|p1a: Iron Hands|spe|1\n|-enditem|p1a: Iron Hands|Booster Energy\n|-activate|p1a: Iron Hands|ability: Quark Drive|[fromitem]\n|-start|p1a: Iron Hands|quarkdriveatk\n|turn|18\n|\n|t:|1701042503\n|move|p2a: EndsOfTheEarth|Rapid Spin|p1a: Iron Hands\n|-damage|p1a: Iron Hands|90\/100\n|-boost|p2a: EndsOfTheEarth|spe|1\n|-sideend|p2: chiefpancake|Stealth Rock|[from] move: Rapid Spin|[of] p2a: EndsOfTheEarth\n|move|p1a: Iron Hands|Play Rough|p2a: EndsOfTheEarth\n|-supereffective|p2a: EndsOfTheEarth\n|-damage|p2a: EndsOfTheEarth|5\/100\n|\n|upkeep\n|turn|19\n|\n|t:|1701042517\n|move|p2a: EndsOfTheEarth|Body Press|p1a: Iron Hands\n|-damage|p1a: Iron Hands|61\/100\n|move|p1a: Iron Hands|Play Rough|p2a: EndsOfTheEarth\n|-supereffective|p2a: EndsOfTheEarth\n|-damage|p2a: EndsOfTheEarth|0 fnt\n|faint|p2a: EndsOfTheEarth\n|-end|p2a: EndsOfTheEarth|Protosynthesis|[silent]\n|\n|upkeep\n|\n|t:|1701042522\n|switch|p2a: Time4Me2Fly|Salamence, M|100\/100\n|-ability|p2a: Time4Me2Fly|Intimidate|boost\n|-unboost|p1a: Iron Hands|atk|1\n|turn|20\n|\n|t:|1701042544\n|move|p2a: Time4Me2Fly|Earthquake|p1a: Iron Hands\n|-supereffective|p1a: Iron Hands\n|-damage|p1a: Iron Hands|13\/100\n|move|p1a: Iron Hands|Play Rough|p2a: Time4Me2Fly\n|-supereffective|p2a: Time4Me2Fly\n|-damage|p2a: Time4Me2Fly|24\/100\n|\n|upkeep\n|turn|21\n|\n|t:|1701042560\n|move|p2a: Time4Me2Fly|Earthquake|p1a: Iron Hands\n|-supereffective|p1a: Iron Hands\n|-damage|p1a: Iron Hands|0 fnt\n|faint|p1a: Iron Hands\n|-end|p1a: Iron Hands|Quark Drive|[silent]\n|\n|upkeep\n|\n|t:|1701042576\n|switch|p1a: Meowscarada|Meowscarada, F|100\/100\n|-activate|p1a: Meowscarada|move: Sticky Web\n|-unboost|p1a: Meowscarada|spe|1\n|turn|22\n|\n|t:|1701042612\n|move|p2a: Time4Me2Fly|Dual Wingbeat|p1a: Meowscarada\n|-supereffective|p1a: Meowscarada\n|-damage|p1a: Meowscarada|24\/100\n|-supereffective|p1a: Meowscarada\n|-damage|p1a: Meowscarada|0 fnt\n|faint|p1a: Meowscarada\n|-hitcount|p1: Meowscarada|2\n|\n|win|chiefpancake\n|c|\u2606chiefpancake|ggwp man\n|c|\u2606chiefpancake|so damn close\n|c|\u2606SiG_GM|Gg\n|l|\u2606SiG_GM\n","uploadtime":1701042645,"views":32,"p1id":"siggm","p2id":"chiefpancake","formatid":"gen9ubers","rating":0,"private":0,"password":""}