{"id":"gen9ubers-1981829972","p1":"Gregory Mirabella","p2":"pi.4","format":"[Gen 9] Ubers","log":"|j|\u2606Gregory Mirabella\n|j|\u2606pi.4\n|t:|1698944802\n|gametype|singles\n|player|p1|Gregory Mirabella|lusamine-nihilego|\n|player|p2|pi.4|wattson|\n|teamsize|p1|6\n|teamsize|p2|6\n|gen|9\n|tier|[Gen 9] Ubers\n|rule|Sleep Clause Mod: Limit one foe put to sleep\n|rule|Species Clause: Limit one of each Pok\u00e9mon\n|rule|OHKO Clause: OHKO moves are banned\n|rule|Evasion Items Clause: Evasion items are banned\n|rule|Evasion Moves Clause: Evasion moves are banned\n|rule|Endless Battle Clause: Forcing endless battles is banned\n|rule|HP Percentage Mod: HP is shown in percentages\n|clearpoke\n|poke|p1|Koraidon|\n|poke|p1|Miraidon|\n|poke|p1|Cyclizar, F|\n|poke|p1|Iron Bundle|\n|poke|p1|Giratina-Origin|\n|poke|p1|Zacian-*|\n|poke|p2|Gholdengo|\n|poke|p2|Magearna|\n|poke|p2|Urshifu-*, M|\n|poke|p2|Shaymin-Sky|\n|poke|p2|Leavanny, M|\n|poke|p2|Electrode-Hisui|\n|teampreview\n|c|\u2606Gregory Mirabella|Glhf\n|c|\u2606pi.4|i got the real funi team\n|\n|t:|1698944814\n|start\n|switch|p1a: Miraidon|Miraidon|100\/100\n|switch|p2a: Leavanny|Leavanny, M|100\/100\n|-fieldstart|move: Electric Terrain|[from] ability: Hadron Engine|[of] p1a: Miraidon\n|turn|1\n|c|\u2606Gregory Mirabella|Yeah it's raising some eyebrows\n|c|\u2606pi.4|it do that\n|\n|t:|1698944832\n|move|p1a: Miraidon|Electro Drift|p2a: Leavanny\n|-resisted|p2a: Leavanny\n|-damage|p2a: Leavanny|9\/100\n|move|p2a: Leavanny|String Shot|p1a: Miraidon\n|-unboost|p1a: Miraidon|spe|2\n|\n|upkeep\n|turn|2\n|\n|t:|1698944841\n|move|p2a: Leavanny|Sticky Web|p1a: Miraidon\n|-sidestart|p1: Gregory Mirabella|move: Sticky Web\n|move|p1a: Miraidon|Electro Drift|p2a: Leavanny\n|-resisted|p2a: Leavanny\n|-damage|p2a: Leavanny|0 fnt\n|faint|p2a: Leavanny\n|\n|upkeep\n|\n|t:|1698944859\n|switch|p2a: Urshifu|Urshifu, M|100\/100\n|turn|3\n|\n|t:|1698944871\n|-terastallize|p2a: Urshifu|Dark\n|move|p2a: Urshifu|Wicked Blow|p1a: Miraidon\n|-crit|p1a: Miraidon\n|-damage|p1a: Miraidon|0 fnt\n|faint|p1a: Miraidon\n|\n|upkeep\n|\n|t:|1698944880\n|switch|p1a: Cyclizar|Cyclizar, F|100\/100\n|turn|4\n|l|\u2606pi.4\n|player|p2|\n|inactive|Battle timer is ON: inactive players will automatically lose when time's up. (requested by Gregory Mirabella)\n|inactive|pi.4 has 270 seconds to reconnect!\n|inactive|pi.4 has 240 seconds to reconnect!\n|j|\u2606pi.4\n|inactive|pi.4 reconnected and has 300 seconds left.\n|player|p2|pi.4|wattson\n|c|\u2606pi.4|sry wifi bad\n|\n|t:|1698944992\n|move|p1a: Cyclizar|Rapid Spin|p2a: Urshifu\n|-damage|p2a: Urshifu|84\/100\n|-boost|p1a: Cyclizar|spe|1\n|-sideend|p1: Gregory Mirabella|Sticky Web|[from] move: Rapid Spin|[of] p1a: Cyclizar\n|move|p2a: Urshifu|Wicked Blow|p1a: Cyclizar\n|-crit|p1a: Cyclizar\n|-damage|p1a: Cyclizar|0 fnt\n|faint|p1a: Cyclizar\n|\n|upkeep\n|c|\u2606Gregory Mirabella|It's okay\n|\n|t:|1698945002\n|switch|p1a: Zacian|Zacian-Crowned, shiny|100\/100\n|-ability|p1a: Zacian|Intrepid Sword|boost\n|-boost|p1a: Zacian|atk|1\n|turn|5\n|\n|t:|1698945018\n|switch|p2a: Gholdengo|Gholdengo|100\/100\n|move|p1a: Zacian|Play Rough|p2a: Gholdengo\n|-resisted|p2a: Gholdengo\n|-damage|p2a: Gholdengo|63\/100\n|\n|-heal|p2a: Gholdengo|69\/100|[from] item: Leftovers\n|-fieldend|move: Electric Terrain\n|upkeep\n|turn|6\n|c|\u2606Gregory Mirabella|Mine isn't great either\n|\n|t:|1698945029\n|move|p1a: Zacian|Swords Dance|p1a: Zacian\n|-boost|p1a: Zacian|atk|2\n|move|p2a: Gholdengo|Make It Rain|p1a: Zacian\n|-damage|p1a: Zacian|32\/100\n|-unboost|p2a: Gholdengo|spa|1\n|\n|-heal|p2a: Gholdengo|75\/100|[from] item: Leftovers\n|upkeep\n|turn|7\n|\n|t:|1698945042\n|move|p1a: Zacian|Behemoth Blade|p2a: Gholdengo\n|-resisted|p2a: Gholdengo\n|-damage|p2a: Gholdengo|2\/100\n|move|p2a: Gholdengo|Make It Rain|p1a: Zacian\n|-damage|p1a: Zacian|0 fnt\n|-unboost|p2a: Gholdengo|spa|1\n|faint|p1a: Zacian\n|\n|-heal|p2a: Gholdengo|8\/100|[from] item: Leftovers\n|upkeep\n|\n|t:|1698945054\n|switch|p1a: Iron Bundle|Iron Bundle|100\/100\n|turn|8\n|\n|t:|1698945061\n|move|p1a: Iron Bundle|Flip Turn|p2a: Gholdengo\n|-damage|p2a: Gholdengo|0 fnt\n|faint|p2a: Gholdengo\n|\n|t:|1698945065\n|-end|p1a: Iron Bundle|Quark Drive|[silent]\n|switch|p1a: Koraidon|Koraidon|100\/100|[from] Flip Turn\n|-weather|SunnyDay|[from] ability: Orichalcum Pulse|[of] p1a: Koraidon\n|-activate|p1a: Koraidon|Orichalcum Pulse|[source]\n|\n|-weather|SunnyDay|[upkeep]\n|upkeep\n|c|\u2606pi.4|well my speed controls gone so that sucks\n|\n|t:|1698945084\n|switch|p2a: Electrode|Electrode-Hisui|100\/100\n|turn|9\n|c|\u2606Gregory Mirabella|Yeah\n|c|\u2606pi.4|go onion\n|\n|t:|1698945095\n|move|p1a: Koraidon|U-turn|p2a: Electrode\n|-supereffective|p2a: Electrode\n|-enditem|p2a: Electrode|Focus Sash\n|-damage|p2a: Electrode|1\/100\n|\n|t:|1698945099\n|switch|p1a: Giratina|Giratina-Origin, shiny|100\/100|[from] U-turn\n|move|p2a: Electrode|Thunder Wave|p1a: Giratina\n|-status|p1a: Giratina|par\n|\n|-weather|SunnyDay|[upkeep]\n|upkeep\n|turn|10\n|c|\u2606pi.4|ok thats definatly a scarfed one\n|\n|t:|1698945113\n|move|p2a: Electrode|Leech Seed|p1a: Giratina\n|-start|p1a: Giratina|move: Leech Seed\n|move|p1a: Giratina|Shadow Ball|p2a: Electrode\n|-damage|p2a: Electrode|0 fnt\n|faint|p2a: Electrode\n|\n|-weather|SunnyDay|[upkeep]\n|upkeep\n|\n|t:|1698945123\n|switch|p2a: Magearna|Magearna|100\/100\n|turn|11\n|c|\u2606Gregory Mirabella|How is it scarf?\n|c|\u2606Gregory Mirabella|It needs gresious core\n|\n|t:|1698945140\n|move|p1a: Giratina|Earth Power|p2a: Magearna\n|-supereffective|p2a: Magearna\n|-damage|p2a: Magearna|64\/100\n|move|p2a: Magearna|Shift Gear|p2a: Magearna\n|-boost|p2a: Magearna|spe|2\n|-boost|p2a: Magearna|atk|1\n|\n|-weather|SunnyDay|[upkeep]\n|-heal|p2a: Magearna|70\/100|[from] item: Leftovers\n|-damage|p1a: Giratina|88\/100 par|[from] Leech Seed|[of] p2a: Magearna\n|-heal|p2a: Magearna|85\/100|[silent]\n|upkeep\n|turn|12\n|c|\u2606pi.4|the koraidon\n|c|\u2606Gregory Mirabella|No it banded\n|c|\u2606pi.4|oh\n|\n|t:|1698945164\n|switch|p1a: Iron Bundle|Iron Bundle|100\/100\n|move|p2a: Magearna|Shift Gear|p2a: Magearna\n|-boost|p2a: Magearna|spe|2\n|-boost|p2a: Magearna|atk|1\n|\n|-weather|none\n|-heal|p2a: Magearna|91\/100|[from] item: Leftovers\n|upkeep\n|turn|13\n|c|\u2606pi.4|oh i forget my onions not max speed\n|c|\u2606Gregory Mirabella|Yeah I lose\n|c|\u2606Gregory Mirabella|Magearna bowls me over\n|inactive|Gregory Mirabella has 270 seconds left.\n|\n|t:|1698945181\n|move|p2a: Magearna|Iron Head|p1a: Iron Bundle\n|-damage|p1a: Iron Bundle|33\/100\n|move|p1a: Iron Bundle|Hydro Pump|p2a: Magearna\n|-damage|p2a: Magearna|60\/100\n|\n|-heal|p2a: Magearna|66\/100|[from] item: Leftovers\n|upkeep\n|turn|14\n|c|\u2606Gregory Mirabella|Why physical?\n|inactive|Gregory Mirabella has 270 seconds left.\n|\n|t:|1698945192\n|move|p2a: Magearna|Iron Head|p1a: Iron Bundle\n|-damage|p1a: Iron Bundle|0 fnt\n|faint|p1a: Iron Bundle\n|-ability|p2a: Magearna|Soul-Heart|boost\n|-boost|p2a: Magearna|spa|1\n|-end|p1a: Iron Bundle|Quark Drive|[silent]\n|\n|-heal|p2a: Magearna|72\/100|[from] item: Leftovers\n|upkeep\n|c|\u2606pi.4|its mixed\n|inactive|Gregory Mirabella has 270 seconds left.\n|\n|t:|1698945200\n|switch|p1a: Koraidon|Koraidon|100\/100\n|-weather|SunnyDay|[from] ability: Orichalcum Pulse|[of] p1a: Koraidon\n|-activate|p1a: Koraidon|Orichalcum Pulse|[source]\n|turn|15\n|\n|t:|1698945205\n|-terastallize|p1a: Koraidon|Fire\n|move|p2a: Magearna|Stored Power|p1a: Koraidon\n|-damage|p1a: Koraidon|33\/100\n|move|p1a: Koraidon|Flare Blitz|p2a: Magearna\n|-supereffective|p2a: Magearna\n|-damage|p2a: Magearna|0 fnt\n|faint|p2a: Magearna\n|-damage|p1a: Koraidon|8\/100|[from] Recoil\n|\n|-weather|SunnyDay|[upkeep]\n|upkeep\n|\n|t:|1698945212\n|switch|p2a: Urshifu|Urshifu, M, tera:Dark|84\/100\n|turn|16\n|\n|t:|1698945224\n|switch|p1a: Giratina|Giratina-Origin, shiny|88\/100 par\n|move|p2a: Urshifu|Sucker Punch||[still]\n|-fail|p2a: Urshifu\n|\n|-weather|SunnyDay|[upkeep]\n|upkeep\n|turn|17\n|c|\u2606Gregory Mirabella|Gg\n|c|\u2606Gregory Mirabella|Wp\n|c|\u2606pi.4|nice call\n|c|\u2606Gregory Mirabella|Nice team\n|c|\u2606Gregory Mirabella|I mean you still win\n|\n|t:|1698945243\n|move|p2a: Urshifu|Sucker Punch|p1a: Giratina\n|-supereffective|p1a: Giratina\n|-damage|p1a: Giratina|0 fnt\n|faint|p1a: Giratina\n|\n|-weather|SunnyDay|[upkeep]\n|upkeep\n|\n|t:|1698945249\n|switch|p1a: Koraidon|Koraidon, tera:Fire|8\/100\n|-activate|p1a: Koraidon|ability: Orichalcum Pulse\n|turn|18\n|c|\u2606pi.4|tru im banded 2\n|\n|t:|1698945255\n|move|p2a: Urshifu|Sucker Punch|p1a: Koraidon\n|-crit|p1a: Koraidon\n|-damage|p1a: Koraidon|0 fnt\n|faint|p1a: Koraidon\n|\n|win|pi.4\n|c|\u2606Gregory Mirabella|I mean banded or not sucker kills\n|c|\u2606pi.4|normaly urshifu web and sweeps\n|c|\u2606Gregory Mirabella|I had like 10 health\n|c|\u2606pi.4|yea\n|c|\u2606Gregory Mirabella|I shouldn't have teras koridon\n|c|\u2606Gregory Mirabella|Idk maybe blitz would've killed without it\n|c|\u2606Gregory Mirabella|And I would still dark resist\n|c|\u2606pi.4|nah i got some bulk on shifu\n|c|\u2606Gregory Mirabella|Ah\n|c|\u2606pi.4|cuz webs means i dont need speed\n|c|\u2606Gregory Mirabella|I mean it's a koridon\n|c|\u2606Gregory Mirabella|It has like 2 billion attack\n|c|\u2606pi.4|urshifus runing 538 atk\n|c|\u2606Gregory Mirabella|Yeah\n|c|\u2606pi.4|with wiked blow that always crits and tera dark for more stab\n|c|\u2606Gregory Mirabella|Might've still killed through a resist\n|c|\u2606pi.4|the only mons that can take that hit is a zacian or a def korai\n|c|\u2606Gregory Mirabella|Notes\n|c|\u2606Gregory Mirabella|*noted\n|c|\u2606Gregory Mirabella|Ofc I almost never play Ubers\n|c|\u2606Gregory Mirabella|Prob won't do it often\n|c|\u2606Gregory Mirabella|Kind of a mess\n|j| OreoSpeedruns\n|c|\u2606pi.4|what u play?\n|c|\u2606Gregory Mirabella|OU normally\n|c|\u2606Gregory Mirabella|I suck at that too\n|c|\u2606pi.4|ah i normaly go to AG\n|c|\u2606Gregory Mirabella|But at least I know what's going on there\n|l| OreoSpeedruns\n|c|\u2606pi.4|i got no idea whats goin on anyware\n|l|\u2606pi.4\n","uploadtime":1698945355,"views":4,"p1id":"gregorymirabella","p2id":"pi4","formatid":"gen9ubers","rating":0,"private":0,"password":""}