{"id":"gen9ubers-1975532118","p1":"SolChimera","p2":"WishNM","format":"[Gen 9] Ubers","log":"|j|\u2606SolChimera\n|j|\u2606WishNM\n|t:|1698201572\n|gametype|singles\n|player|p1|SolChimera|cheryl|\n|player|p2|WishNM|n|\n|teamsize|p1|6\n|teamsize|p2|6\n|gen|9\n|tier|[Gen 9] Ubers\n|rule|Sleep Clause Mod: Limit one foe put to sleep\n|rule|Species Clause: Limit one of each Pok\u00e9mon\n|rule|OHKO Clause: OHKO moves are banned\n|rule|Evasion Items Clause: Evasion items are banned\n|rule|Evasion Moves Clause: Evasion moves are banned\n|rule|Endless Battle Clause: Forcing endless battles is banned\n|rule|HP Percentage Mod: HP is shown in percentages\n|clearpoke\n|poke|p1|Jirachi|\n|poke|p1|Ursaluna-Bloodmoon, M|\n|poke|p1|Blissey, F|\n|poke|p1|Mimikyu, M|\n|poke|p1|Talonflame, M|\n|poke|p1|Flapple, M|\n|poke|p2|Iron Bundle|\n|poke|p2|Clefable, F|\n|poke|p2|Zapdos-Galar|\n|poke|p2|Ogerpon-Hearthflame, F|\n|poke|p2|Avalugg-Hisui, F|\n|poke|p2|Slowking-Galar, M|\n|teampreview\n|\n|t:|1698201607\n|start\n|switch|p1a: Mimikyu|Mimikyu, M|100\/100\n|switch|p2a: Zapdos|Zapdos-Galar|100\/100\n|turn|1\n|\n|t:|1698201626\n|move|p2a: Zapdos|U-turn|p1a: Mimikyu\n|-activate|p1a: Mimikyu|ability: Disguise\n|-damage|p1a: Mimikyu|100\/100\n|detailschange|p1a: Mimikyu|Mimikyu-Busted, M\n|-damage|p1a: Mimikyu|88\/100|[from] pokemon: Mimikyu-Busted\n|\n|t:|1698201643\n|switch|p2a: Avalugg|Avalugg-Hisui, F|100\/100|[from] U-turn\n|move|p1a: Mimikyu|Swords Dance|p1a: Mimikyu\n|-boost|p1a: Mimikyu|atk|2\n|\n|upkeep\n|turn|2\n|\n|t:|1698201692\n|switch|p1a: Jirachi|Jirachi|100\/100\n|-terastallize|p2a: Avalugg|Dark\n|move|p2a: Avalugg|Tera Blast|p1a: Jirachi|[anim] Tera Blast Dark\n|-supereffective|p1a: Jirachi\n|-damage|p1a: Jirachi|38\/100\n|\n|-heal|p1a: Jirachi|44\/100|[from] item: Leftovers\n|upkeep\n|turn|3\n|\n|t:|1698201715\n|move|p1a: Jirachi|U-turn|p2a: Avalugg\n|-supereffective|p2a: Avalugg\n|-damage|p2a: Avalugg|88\/100\n|\n|t:|1698201718\n|switch|p1a: Ursaluna|Ursaluna-Bloodmoon, M|100\/100|[from] U-turn\n|move|p2a: Avalugg|Tera Blast|p1a: Ursaluna|[anim] Tera Blast Dark\n|-crit|p1a: Ursaluna\n|-damage|p1a: Ursaluna|61\/100\n|\n|-heal|p1a: Ursaluna|67\/100|[from] item: Leftovers\n|-heal|p2a: Avalugg|94\/100|[from] item: Leftovers\n|upkeep\n|turn|4\n|\n|t:|1698201752\n|switch|p2a: Slowking|Slowking-Galar, M|100\/100\n|move|p1a: Ursaluna|Blood Moon|p2a: Slowking\n|-damage|p2a: Slowking|48\/100\n|\n|-heal|p1a: Ursaluna|73\/100|[from] item: Leftovers\n|upkeep\n|turn|5\n|\n|t:|1698201765\n|move|p1a: Ursaluna|Calm Mind|p1a: Ursaluna\n|-boost|p1a: Ursaluna|spa|1\n|-boost|p1a: Ursaluna|spd|1\n|move|p2a: Slowking|Grass Knot|p1a: Ursaluna\n|-supereffective|p1a: Ursaluna\n|-damage|p1a: Ursaluna|24\/100\n|\n|-heal|p1a: Ursaluna|30\/100|[from] item: Leftovers\n|upkeep\n|turn|6\n|\n|t:|1698201820\n|switch|p2a: Avalugg|Avalugg-Hisui, F, tera:Dark|94\/100\n|move|p1a: Ursaluna|Blood Moon|p2a: Avalugg\n|-damage|p2a: Avalugg|0 fnt\n|faint|p2a: Avalugg\n|\n|-heal|p1a: Ursaluna|36\/100|[from] item: Leftovers\n|upkeep\n|\n|t:|1698201829\n|switch|p2a: Zapdos|Zapdos-Galar|100\/100\n|turn|7\n|\n|t:|1698201935\n|switch|p1a: Mimikyu|Mimikyu-Busted, M|88\/100\n|move|p2a: Zapdos|Thunderous Kick|p1a: Mimikyu\n|-immune|p1a: Mimikyu\n|\n|upkeep\n|turn|8\n|\n|t:|1698201987\n|switch|p2a: Clefable|Clefable, F|100\/100\n|switch|p1a: Jirachi|Jirachi|44\/100\n|\n|-heal|p1a: Jirachi|50\/100|[from] item: Leftovers\n|upkeep\n|turn|9\n|\n|t:|1698202011\n|switch|p2a: Ogerpon|Ogerpon-Hearthflame, F|100\/100\n|-ability|p2a: Ogerpon|Mold Breaker\n|move|p1a: Jirachi|Wish|p1a: Jirachi\n|\n|-heal|p1a: Jirachi|57\/100|[from] item: Leftovers\n|upkeep\n|turn|10\n|\n|t:|1698202113\n|move|p2a: Ogerpon|Knock Off|p1a: Jirachi\n|-supereffective|p1a: Jirachi\n|-damage|p1a: Jirachi|0 fnt\n|-enditem|p1a: Jirachi|Leftovers|[from] move: Knock Off|[of] p2a: Ogerpon\n|faint|p1a: Jirachi\n|\n|upkeep\n|j| asdfqwerty123\n|l| asdfqwerty123\n|\n|t:|1698202143\n|switch|p1a: Talonflame|Talonflame, M|100\/100\n|turn|11\n|l|\u2606SolChimera\n|player|p1|\n|j|\u2606SolChimera\n|player|p1|SolChimera|cheryl\n|\n|t:|1698202734\n|switch|p2a: Clefable|Clefable, F|100\/100\n|move|p1a: Talonflame|U-turn|p2a: Clefable\n|-resisted|p2a: Clefable\n|-damage|p2a: Clefable|94\/100\n|\n|t:|1698202763\n|switch|p1a: Blissey|Blissey, F|100\/100|[from] U-turn\n|\n|-heal|p2a: Clefable|100\/100|[from] item: Leftovers\n|upkeep\n|turn|12\n|\n|t:|1698202790\n|switch|p2a: Zapdos|Zapdos-Galar|100\/100\n|move|p1a: Blissey|Stealth Rock|p2a: Zapdos\n|-sidestart|p2: WishNM|move: Stealth Rock\n|\n|upkeep\n|turn|13\n|\n|t:|1698202817\n|move|p2a: Zapdos|Knock Off|p1a: Blissey\n|-crit|p1a: Blissey\n|-damage|p1a: Blissey|52\/100\n|-damage|p2a: Zapdos|84\/100|[from] item: Rocky Helmet|[of] p1a: Blissey\n|-enditem|p1a: Blissey|Rocky Helmet|[from] move: Knock Off|[of] p2a: Zapdos\n|move|p1a: Blissey|Thunder Wave|p2a: Zapdos|[miss]\n|-miss|p1a: Blissey|p2a: Zapdos\n|\n|upkeep\n|turn|14\n|\n|t:|1698202850\n|switch|p2a: Slowking|Slowking-Galar, M|81\/100\n|-damage|p2a: Slowking|69\/100|[from] Stealth Rock\n|switch|p1a: Talonflame|Talonflame, M|100\/100\n|\n|upkeep\n|turn|15\n|\n|t:|1698202863\n|move|p1a: Talonflame|U-turn|p2a: Slowking\n|-damage|p2a: Slowking|55\/100\n|\n|t:|1698202881\n|switch|p1a: Blissey|Blissey, F|52\/100|[from] U-turn\n|move|p2a: Slowking|Chilly Reception|p2a: Slowking\n|-weather|Snow\n|\n|t:|1698202888\n|switch|p2a: Zapdos|Zapdos-Galar|84\/100|[from] Chilly Reception\n|-damage|p2a: Zapdos|72\/100|[from] Stealth Rock\n|\n|-weather|Snow|[upkeep]\n|upkeep\n|turn|16\n|\n|t:|1698202923\n|switch|p1a: Talonflame|Talonflame, M|100\/100\n|move|p2a: Zapdos|U-turn|p1a: Talonflame\n|-resisted|p1a: Talonflame\n|-damage|p1a: Talonflame|93\/100\n|-status|p2a: Zapdos|brn|[from] ability: Flame Body|[of] p1a: Talonflame\n|\n|t:|1698202937\n|switch|p2a: Iron Bundle|Iron Bundle|100\/100|[from] U-turn\n|-damage|p2a: Iron Bundle|76\/100|[from] Stealth Rock\n|\n|-weather|Snow|[upkeep]\n|upkeep\n|turn|17\n|\n|t:|1698202971\n|switch|p1a: Blissey|Blissey, F|52\/100\n|move|p2a: Iron Bundle|Flip Turn|p1a: Blissey\n|-damage|p1a: Blissey|33\/100\n|\n|t:|1698202981\n|-end|p2a: Iron Bundle|Quark Drive|[silent]\n|switch|p2a: Zapdos|Zapdos-Galar|72\/100 brn|[from] Flip Turn\n|-damage|p2a: Zapdos|59\/100 brn|[from] Stealth Rock\n|\n|-weather|Snow|[upkeep]\n|-damage|p2a: Zapdos|53\/100 brn|[from] brn\n|upkeep\n|turn|18\n|\n|t:|1698203003\n|switch|p1a: Talonflame|Talonflame, M|93\/100\n|move|p2a: Zapdos|Thunderous Kick|p1a: Talonflame\n|-resisted|p1a: Talonflame\n|-damage|p1a: Talonflame|79\/100\n|-unboost|p1a: Talonflame|def|1\n|\n|-weather|Snow|[upkeep]\n|-damage|p2a: Zapdos|47\/100 brn|[from] brn\n|upkeep\n|turn|19\n|\n|t:|1698203031\n|switch|p2a: Clefable|Clefable, F|100\/100\n|-damage|p2a: Clefable|88\/100|[from] Stealth Rock\n|move|p1a: Talonflame|U-turn|p2a: Clefable\n|-resisted|p2a: Clefable\n|-damage|p2a: Clefable|82\/100\n|\n|t:|1698203048\n|switch|p1a: Blissey|Blissey, F|33\/100|[from] U-turn\n|\n|-weather|none\n|-heal|p2a: Clefable|88\/100|[from] item: Leftovers\n|upkeep\n|turn|20\n|\n|t:|1698203054\n|move|p2a: Clefable|Wish|p2a: Clefable\n|move|p1a: Blissey|Soft-Boiled|p1a: Blissey\n|-heal|p1a: Blissey|83\/100\n|\n|-heal|p2a: Clefable|94\/100|[from] item: Leftovers\n|upkeep\n|turn|21\n|\n|t:|1698203060\n|switch|p2a: Zapdos|Zapdos-Galar|47\/100 brn\n|-damage|p2a: Zapdos|34\/100 brn|[from] Stealth Rock\n|move|p1a: Blissey|Seismic Toss|p2a: Zapdos\n|-damage|p2a: Zapdos|3\/100 brn\n|\n|-heal|p2a: Zapdos|64\/100 brn|[from] move: Wish|[wisher] Clefable\n|-damage|p2a: Zapdos|58\/100 brn|[from] brn\n|upkeep\n|turn|22\n|\n|t:|1698203080\n|move|p2a: Zapdos|U-turn|p1a: Blissey\n|-damage|p1a: Blissey|70\/100\n|\n|t:|1698203087\n|switch|p2a: Ogerpon|Ogerpon-Hearthflame, F|100\/100|[from] U-turn\n|-damage|p2a: Ogerpon|76\/100|[from] Stealth Rock\n|-ability|p2a: Ogerpon|Mold Breaker\n|move|p1a: Blissey|Seismic Toss|p2a: Ogerpon\n|-damage|p2a: Ogerpon|42\/100\n|\n|upkeep\n|turn|23\n|\n|t:|1698203117\n|move|p2a: Ogerpon|Power Whip|p1a: Blissey|[miss]\n|-miss|p2a: Ogerpon|p1a: Blissey\n|move|p1a: Blissey|Thunder Wave|p2a: Ogerpon\n|-status|p2a: Ogerpon|par\n|\n|upkeep\n|turn|24\n|\n|t:|1698203160\n|switch|p1a: Talonflame|Talonflame, M|79\/100\n|move|p2a: Ogerpon|U-turn|p1a: Talonflame\n|-resisted|p1a: Talonflame\n|-damage|p1a: Talonflame|71\/100\n|\n|t:|1698203170\n|switch|p2a: Iron Bundle|Iron Bundle|76\/100|[from] U-turn\n|-damage|p2a: Iron Bundle|51\/100|[from] Stealth Rock\n|\n|upkeep\n|turn|25\n|\n|t:|1698203212\n|switch|p1a: Mimikyu|Mimikyu-Busted, M|88\/100\n|move|p2a: Iron Bundle|Hydro Pump|p1a: Mimikyu\n|-damage|p1a: Mimikyu|0 fnt\n|faint|p1a: Mimikyu\n|\n|upkeep\n|\n|t:|1698203274\n|switch|p1a: Blissey|Blissey, F|70\/100\n|turn|26\n|\n|t:|1698203285\n|-end|p2a: Iron Bundle|Quark Drive|[silent]\n|switch|p2a: Slowking|Slowking-Galar, M|89\/100\n|-damage|p2a: Slowking|76\/100|[from] Stealth Rock\n|move|p1a: Blissey|Soft-Boiled|p1a: Blissey\n|-heal|p1a: Blissey|100\/100\n|\n|upkeep\n|turn|27\n|\n|t:|1698203295\n|move|p1a: Blissey|Thunder Wave|p2a: Slowking\n|-status|p2a: Slowking|par\n|move|p2a: Slowking|Sludge Bomb|p1a: Blissey\n|-damage|p1a: Blissey|89\/100\n|-status|p1a: Blissey|psn\n|\n|-damage|p1a: Blissey|76\/100 psn|[from] psn\n|upkeep\n|turn|28\n|\n|t:|1698203320\n|move|p1a: Blissey|Seismic Toss|p2a: Slowking\n|-damage|p2a: Slowking|51\/100 par\n|move|p2a: Slowking|Chilly Reception|p2a: Slowking\n|-weather|Snow\n|\n|t:|1698203335\n|switch|p2a: Ogerpon|Ogerpon-Hearthflame, F|42\/100 par|[from] Chilly Reception\n|-damage|p2a: Ogerpon|17\/100 par|[from] Stealth Rock\n|-ability|p2a: Ogerpon|Mold Breaker\n|\n|-weather|Snow|[upkeep]\n|-damage|p1a: Blissey|64\/100 psn|[from] psn\n|upkeep\n|turn|29\n|\n|t:|1698203345\n|-curestatus|p1a: Blissey|psn|[from] ability: Natural Cure\n|switch|p1a: Talonflame|Talonflame, M|71\/100\n|move|p2a: Ogerpon|Power Whip|p1a: Talonflame\n|-resisted|p1a: Talonflame\n|-damage|p1a: Talonflame|48\/100\n|\n|-weather|Snow|[upkeep]\n|upkeep\n|turn|30\n|\n|t:|1698203375\n|move|p1a: Talonflame|U-turn|p2a: Ogerpon\n|-damage|p2a: Ogerpon|0 fnt\n|faint|p2a: Ogerpon\n|\n|t:|1698203397\n|switch|p1a: Blissey|Blissey, F|64\/100|[from] U-turn\n|\n|-weather|Snow|[upkeep]\n|upkeep\n|\n|t:|1698203420\n|switch|p2a: Clefable|Clefable, F|94\/100\n|-damage|p2a: Clefable|82\/100|[from] Stealth Rock\n|turn|31\n|\n|t:|1698203429\n|move|p2a: Clefable|Moonblast|p1a: Blissey\n|-damage|p1a: Blissey|53\/100\n|-unboost|p1a: Blissey|spa|1\n|move|p1a: Blissey|Thunder Wave|p2a: Clefable\n|-status|p2a: Clefable|par\n|\n|-weather|Snow|[upkeep]\n|-heal|p2a: Clefable|88\/100 par|[from] item: Leftovers\n|upkeep\n|turn|32\n|\n|t:|1698203438\n|move|p1a: Blissey|Soft-Boiled|p1a: Blissey\n|-heal|p1a: Blissey|100\/100\n|move|p2a: Clefable|Moonblast|p1a: Blissey\n|-damage|p1a: Blissey|90\/100\n|-unboost|p1a: Blissey|spa|1\n|\n|-weather|none\n|-heal|p2a: Clefable|94\/100 par|[from] item: Leftovers\n|upkeep\n|turn|33\n|\n|t:|1698203448\n|move|p1a: Blissey|Seismic Toss|p2a: Clefable\n|-damage|p2a: Clefable|69\/100 par\n|move|p2a: Clefable|Moonblast|p1a: Blissey\n|-damage|p1a: Blissey|79\/100\n|\n|-heal|p2a: Clefable|75\/100 par|[from] item: Leftovers\n|upkeep\n|turn|34\n|\n|t:|1698203459\n|move|p1a: Blissey|Seismic Toss|p2a: Clefable\n|-damage|p2a: Clefable|49\/100 par\n|move|p2a: Clefable|Moonblast|p1a: Blissey\n|-damage|p1a: Blissey|69\/100\n|\n|-heal|p2a: Clefable|56\/100 par|[from] item: Leftovers\n|upkeep\n|turn|35\n|\n|t:|1698203468\n|move|p1a: Blissey|Seismic Toss|p2a: Clefable\n|-damage|p2a: Clefable|30\/100 par\n|cant|p2a: Clefable|par\n|\n|-heal|p2a: Clefable|36\/100 par|[from] item: Leftovers\n|upkeep\n|turn|36\n|\n|t:|1698203474\n|move|p1a: Blissey|Seismic Toss|p2a: Clefable\n|-damage|p2a: Clefable|11\/100 par\n|cant|p2a: Clefable|par\n|\n|-heal|p2a: Clefable|17\/100 par|[from] item: Leftovers\n|upkeep\n|turn|37\n|\n|t:|1698203482\n|move|p2a: Clefable|Protect|p2a: Clefable\n|-singleturn|p2a: Clefable|Protect\n|move|p1a: Blissey|Seismic Toss|p2a: Clefable\n|-activate|p2a: Clefable|move: Protect\n|\n|-heal|p2a: Clefable|23\/100 par|[from] item: Leftovers\n|upkeep\n|turn|38\n|\n|t:|1698203493\n|switch|p2a: Slowking|Slowking-Galar, M|84\/100 par\n|-damage|p2a: Slowking|72\/100 par|[from] Stealth Rock\n|move|p1a: Blissey|Seismic Toss|p2a: Slowking\n|-damage|p2a: Slowking|46\/100 par\n|\n|upkeep\n|turn|39\n|\n|t:|1698203501\n|move|p1a: Blissey|Seismic Toss|p2a: Slowking\n|-damage|p2a: Slowking|21\/100 par\n|move|p2a: Slowking|Chilly Reception|p2a: Slowking\n|-weather|Snow\n|\n|t:|1698203507\n|switch|p2a: Clefable|Clefable, F|23\/100 par|[from] Chilly Reception\n|-damage|p2a: Clefable|11\/100 par|[from] Stealth Rock\n|\n|-weather|Snow|[upkeep]\n|-heal|p2a: Clefable|17\/100 par|[from] item: Leftovers\n|upkeep\n|turn|40\n|\n|t:|1698203520\n|move|p2a: Clefable|Protect|p2a: Clefable\n|-singleturn|p2a: Clefable|Protect\n|move|p1a: Blissey|Soft-Boiled|p1a: Blissey\n|-heal|p1a: Blissey|100\/100\n|\n|-weather|Snow|[upkeep]\n|-heal|p2a: Clefable|23\/100 par|[from] item: Leftovers\n|upkeep\n|turn|41\n|\n|t:|1698203539\n|move|p2a: Clefable|Protect|p2a: Clefable\n|-singleturn|p2a: Clefable|Protect\n|move|p1a: Blissey|Seismic Toss|p2a: Clefable\n|-activate|p2a: Clefable|move: Protect\n|\n|-weather|Snow|[upkeep]\n|-heal|p2a: Clefable|29\/100 par|[from] item: Leftovers\n|upkeep\n|turn|42\n|\n|t:|1698203547\n|move|p1a: Blissey|Seismic Toss|p2a: Clefable\n|-damage|p2a: Clefable|4\/100 par\n|move|p2a: Clefable|Wish|p2a: Clefable\n|\n|-weather|Snow|[upkeep]\n|-heal|p2a: Clefable|10\/100 par|[from] item: Leftovers\n|upkeep\n|turn|43\n|\n|t:|1698203555\n|move|p2a: Clefable|Protect|p2a: Clefable\n|-singleturn|p2a: Clefable|Protect\n|move|p1a: Blissey|Seismic Toss|p2a: Clefable\n|-activate|p2a: Clefable|move: Protect\n|\n|-weather|none\n|-heal|p2a: Clefable|60\/100 par|[from] move: Wish|[wisher] Clefable\n|-heal|p2a: Clefable|66\/100 par|[from] item: Leftovers\n|upkeep\n|turn|44\n|\n|t:|1698203564\n|move|p1a: Blissey|Seismic Toss|p2a: Clefable\n|-damage|p2a: Clefable|40\/100 par\n|cant|p2a: Clefable|par\n|\n|-heal|p2a: Clefable|46\/100 par|[from] item: Leftovers\n|upkeep\n|turn|45\n|\n|t:|1698203571\n|move|p1a: Blissey|Seismic Toss|p2a: Clefable\n|-damage|p2a: Clefable|21\/100 par\n|move|p2a: Clefable|Wish|p2a: Clefable\n|\n|-heal|p2a: Clefable|27\/100 par|[from] item: Leftovers\n|upkeep\n|turn|46\n|\n|t:|1698203577\n|cant|p2a: Clefable|par\n|move|p1a: Blissey|Seismic Toss|p2a: Clefable\n|-damage|p2a: Clefable|2\/100 par\n|\n|-heal|p2a: Clefable|52\/100 par|[from] move: Wish|[wisher] Clefable\n|-heal|p2a: Clefable|58\/100 par|[from] item: Leftovers\n|upkeep\n|turn|47\n|\n|t:|1698203585\n|move|p1a: Blissey|Seismic Toss|p2a: Clefable\n|-damage|p2a: Clefable|32\/100 par\n|move|p2a: Clefable|Wish|p2a: Clefable\n|\n|-heal|p2a: Clefable|39\/100 par|[from] item: Leftovers\n|upkeep\n|turn|48\n|\n|t:|1698203595\n|cant|p2a: Clefable|par\n|move|p1a: Blissey|Seismic Toss|p2a: Clefable\n|-damage|p2a: Clefable|13\/100 par\n|\n|-heal|p2a: Clefable|63\/100 par|[from] move: Wish|[wisher] Clefable\n|-heal|p2a: Clefable|69\/100 par|[from] item: Leftovers\n|upkeep\n|turn|49\n|\n|t:|1698203607\n|move|p1a: Blissey|Seismic Toss|p2a: Clefable\n|-damage|p2a: Clefable|44\/100 par\n|move|p2a: Clefable|Wish|p2a: Clefable\n|\n|-heal|p2a: Clefable|50\/100 par|[from] item: Leftovers\n|upkeep\n|turn|50\n|\n|t:|1698203617\n|move|p2a: Clefable|Protect|p2a: Clefable\n|-singleturn|p2a: Clefable|Protect\n|move|p1a: Blissey|Seismic Toss|p2a: Clefable\n|-activate|p2a: Clefable|move: Protect\n|\n|-heal|p2a: Clefable|99\/100 par|[from] move: Wish|[wisher] Clefable\n|-heal|p2a: Clefable|100\/100 par|[from] item: Leftovers\n|upkeep\n|turn|51\n|\n|t:|1698203626\n|move|p1a: Blissey|Seismic Toss|p2a: Clefable\n|-damage|p2a: Clefable|75\/100 par\n|move|p2a: Clefable|Ice Beam|p1a: Blissey\n|-damage|p1a: Blissey|93\/100\n|\n|-heal|p2a: Clefable|81\/100 par|[from] item: Leftovers\n|upkeep\n|turn|52\n|\n|t:|1698203634\n|move|p1a: Blissey|Seismic Toss|p2a: Clefable\n|-damage|p2a: Clefable|56\/100 par\n|cant|p2a: Clefable|par\n|\n|-heal|p2a: Clefable|62\/100 par|[from] item: Leftovers\n|upkeep\n|turn|53\n|\n|t:|1698203640\n|move|p1a: Blissey|Seismic Toss|p2a: Clefable\n|-damage|p2a: Clefable|37\/100 par\n|move|p2a: Clefable|Wish|p2a: Clefable\n|\n|-heal|p2a: Clefable|43\/100 par|[from] item: Leftovers\n|upkeep\n|turn|54\n|\n|t:|1698203647\n|switch|p1a: Ursaluna|Ursaluna-Bloodmoon, M|36\/100\n|cant|p2a: Clefable|par\n|\n|-heal|p2a: Clefable|93\/100 par|[from] move: Wish|[wisher] Clefable\n|-heal|p1a: Ursaluna|42\/100|[from] item: Leftovers\n|-heal|p2a: Clefable|99\/100 par|[from] item: Leftovers\n|upkeep\n|turn|55\n|\n|t:|1698203666\n|switch|p1a: Blissey|Blissey, F|93\/100\n|move|p2a: Clefable|Ice Beam|p1a: Blissey\n|-damage|p1a: Blissey|87\/100\n|\n|-heal|p2a: Clefable|100\/100 par|[from] item: Leftovers\n|upkeep\n|turn|56\n|\n|t:|1698203675\n|move|p1a: Blissey|Seismic Toss|p2a: Clefable\n|-damage|p2a: Clefable|75\/100 par\n|move|p2a: Clefable|Ice Beam|p1a: Blissey\n|-damage|p1a: Blissey|80\/100\n|\n|-heal|p2a: Clefable|81\/100 par|[from] item: Leftovers\n|upkeep\n|turn|57\n|\n|t:|1698203685\n|move|p1a: Blissey|Seismic Toss|p2a: Clefable\n|-damage|p2a: Clefable|56\/100 par\n|cant|p2a: Clefable|par\n|\n|-heal|p2a: Clefable|62\/100 par|[from] item: Leftovers\n|upkeep\n|turn|58\n|\n|t:|1698203698\n|move|p1a: Blissey|Seismic Toss|p2a: Clefable\n|-damage|p2a: Clefable|37\/100 par\n|move|p2a: Clefable|Wish|p2a: Clefable\n|\n|-heal|p2a: Clefable|43\/100 par|[from] item: Leftovers\n|upkeep\n|turn|59\n|\n|t:|1698203707\n|switch|p1a: Talonflame|Talonflame, M|48\/100\n|move|p2a: Clefable|Ice Beam|p1a: Talonflame\n|-damage|p1a: Talonflame|23\/100\n|\n|-heal|p2a: Clefable|93\/100 par|[from] move: Wish|[wisher] Clefable\n|-heal|p2a: Clefable|99\/100 par|[from] item: Leftovers\n|upkeep\n|turn|60\n|\n|t:|1698203721\n|move|p1a: Talonflame|Roost|p1a: Talonflame\n|-heal|p1a: Talonflame|73\/100\n|-singleturn|p1a: Talonflame|move: Roost\n|cant|p2a: Clefable|par\n|\n|-heal|p2a: Clefable|100\/100 par|[from] item: Leftovers\n|upkeep\n|turn|61\n|\n|t:|1698203739\n|move|p1a: Talonflame|Flare Blitz|p2a: Clefable\n|-damage|p2a: Clefable|69\/100 par\n|-damage|p1a: Talonflame|61\/100|[from] Recoil\n|move|p2a: Clefable|Ice Beam|p1a: Talonflame\n|-damage|p1a: Talonflame|38\/100\n|\n|-heal|p2a: Clefable|75\/100 par|[from] item: Leftovers\n|upkeep\n|turn|62\n|\n|t:|1698203747\n|move|p1a: Talonflame|U-turn|p2a: Clefable\n|-resisted|p2a: Clefable\n|-damage|p2a: Clefable|70\/100 par\n|\n|t:|1698203750\n|switch|p1a: Ursaluna|Ursaluna-Bloodmoon, M|42\/100|[from] U-turn\n|move|p2a: Clefable|Wish|p2a: Clefable\n|\n|-heal|p1a: Ursaluna|48\/100|[from] item: Leftovers\n|-heal|p2a: Clefable|76\/100 par|[from] item: Leftovers\n|upkeep\n|turn|63\n|\n|t:|1698203778\n|cant|p2a: Clefable|par\n|move|p1a: Ursaluna|Blood Moon|p2a: Clefable\n|-damage|p2a: Clefable|4\/100 par\n|\n|-heal|p2a: Clefable|54\/100 par|[from] move: Wish|[wisher] Clefable\n|-heal|p1a: Ursaluna|54\/100|[from] item: Leftovers\n|-heal|p2a: Clefable|60\/100 par|[from] item: Leftovers\n|upkeep\n|turn|64\n|\n|t:|1698203793\n|switch|p1a: Blissey|Blissey, F|80\/100\n|move|p2a: Clefable|Wish|p2a: Clefable\n|\n|-heal|p2a: Clefable|66\/100 par|[from] item: Leftovers\n|upkeep\n|turn|65\n|\n|t:|1698203809\n|move|p1a: Blissey|Seismic Toss|p2a: Clefable\n|-damage|p2a: Clefable|41\/100 par\n|move|p2a: Clefable|Ice Beam|p1a: Blissey\n|-damage|p1a: Blissey|74\/100\n|\n|-heal|p2a: Clefable|91\/100 par|[from] move: Wish|[wisher] Clefable\n|-heal|p2a: Clefable|97\/100 par|[from] item: Leftovers\n|upkeep\n|turn|66\n|\n|t:|1698203827\n|move|p1a: Blissey|Seismic Toss|p2a: Clefable\n|-damage|p2a: Clefable|72\/100 par\n|move|p2a: Clefable|Ice Beam|p1a: Blissey\n|-damage|p1a: Blissey|68\/100\n|\n|-heal|p2a: Clefable|78\/100 par|[from] item: Leftovers\n|upkeep\n|turn|67\n|\n|t:|1698203876\n|move|p1a: Blissey|Seismic Toss|p2a: Clefable\n|-damage|p2a: Clefable|52\/100 par\n|cant|p2a: Clefable|par\n|\n|-heal|p2a: Clefable|58\/100 par|[from] item: Leftovers\n|upkeep\n|turn|68\n|\n|t:|1698203888\n|move|p1a: Blissey|Seismic Toss|p2a: Clefable\n|-damage|p2a: Clefable|33\/100 par\n|move|p2a: Clefable|Wish|p2a: Clefable\n|\n|-heal|p2a: Clefable|39\/100 par|[from] item: Leftovers\n|upkeep\n|turn|69\n|\n|t:|1698203901\n|move|p1a: Blissey|Soft-Boiled|p1a: Blissey\n|-heal|p1a: Blissey|100\/100\n|move|p2a: Clefable|Ice Beam|p1a: Blissey\n|-damage|p1a: Blissey|94\/100\n|\n|-heal|p2a: Clefable|89\/100 par|[from] move: Wish|[wisher] Clefable\n|-heal|p2a: Clefable|95\/100 par|[from] item: Leftovers\n|upkeep\n|turn|70\n|\n|t:|1698203929\n|move|p1a: Blissey|Seismic Toss|p2a: Clefable\n|-damage|p2a: Clefable|70\/100 par\n|cant|p2a: Clefable|par\n|\n|-heal|p2a: Clefable|76\/100 par|[from] item: Leftovers\n|upkeep\n|turn|71\n|\n|t:|1698203953\n|move|p1a: Blissey|Seismic Toss|p2a: Clefable\n|-damage|p2a: Clefable|50\/100 par\n|move|p2a: Clefable|Moonblast|p1a: Blissey\n|-damage|p1a: Blissey|83\/100\n|\n|-heal|p2a: Clefable|57\/100 par|[from] item: Leftovers\n|upkeep\n|turn|72\n|\n|t:|1698203964\n|switch|p1a: Ursaluna|Ursaluna-Bloodmoon, M|54\/100\n|move|p2a: Clefable|Ice Beam|p1a: Ursaluna\n|-supereffective|p1a: Ursaluna\n|-damage|p1a: Ursaluna|3\/100\n|\n|-heal|p1a: Ursaluna|9\/100|[from] item: Leftovers\n|-heal|p2a: Clefable|63\/100 par|[from] item: Leftovers\n|upkeep\n|turn|73\n|\n|t:|1698203974\n|move|p2a: Clefable|Protect|p2a: Clefable\n|-singleturn|p2a: Clefable|Protect\n|move|p1a: Ursaluna|Blood Moon|p2a: Clefable\n|-activate|p2a: Clefable|move: Protect\n|\n|-heal|p1a: Ursaluna|15\/100|[from] item: Leftovers\n|-heal|p2a: Clefable|69\/100 par|[from] item: Leftovers\n|upkeep\n|turn|74\n|\n|t:|1698204004\n|switch|p1a: Blissey|Blissey, F|83\/100\n|move|p2a: Clefable|Wish|p2a: Clefable\n|\n|-heal|p2a: Clefable|75\/100 par|[from] item: Leftovers\n|upkeep\n|turn|75\n|\n|t:|1698204020\n|move|p1a: Blissey|Stealth Rock||[still]\n|-fail|p1a: Blissey\n|move|p2a: Clefable|Moonblast|p1a: Blissey\n|-damage|p1a: Blissey|72\/100\n|-unboost|p1a: Blissey|spa|1\n|\n|-heal|p2a: Clefable|100\/100 par|[from] move: Wish|[wisher] Clefable\n|upkeep\n|turn|76\n|\n|t:|1698204032\n|move|p1a: Blissey|Stealth Rock||[still]\n|-fail|p1a: Blissey\n|cant|p2a: Clefable|par\n|\n|upkeep\n|turn|77\n|\n|t:|1698204038\n|move|p1a: Blissey|Stealth Rock||[still]\n|-fail|p1a: Blissey\n|move|p2a: Clefable|Moonblast|p1a: Blissey\n|-damage|p1a: Blissey|60\/100\n|-unboost|p1a: Blissey|spa|1\n|\n|upkeep\n|turn|78\n|\n|t:|1698204065\n|move|p1a: Blissey|Stealth Rock||[still]\n|-fail|p1a: Blissey\n|cant|p2a: Clefable|par\n|\n|upkeep\n|turn|79\n|\n|t:|1698204071\n|move|p1a: Blissey|Soft-Boiled|p1a: Blissey\n|-heal|p1a: Blissey|100\/100\n|move|p2a: Clefable|Moonblast|p1a: Blissey\n|-damage|p1a: Blissey|89\/100\n|-unboost|p1a: Blissey|spa|1\n|\n|upkeep\n|turn|80\n|\n|t:|1698204086\n|move|p1a: Blissey|Stealth Rock||[still]\n|-fail|p1a: Blissey\n|move|p2a: Clefable|Moonblast|p1a: Blissey\n|-damage|p1a: Blissey|78\/100\n|-unboost|p1a: Blissey|spa|1\n|\n|upkeep\n|turn|81\n|\n|t:|1698204102\n|move|p1a: Blissey|Stealth Rock||[still]\n|-fail|p1a: Blissey\n|move|p2a: Clefable|Moonblast|p1a: Blissey\n|-damage|p1a: Blissey|67\/100\n|\n|upkeep\n|turn|82\n|\n|t:|1698204111\n|move|p1a: Blissey|Stealth Rock||[still]\n|-fail|p1a: Blissey\n|move|p2a: Clefable|Moonblast|p1a: Blissey\n|-damage|p1a: Blissey|57\/100\n|-unboost|p1a: Blissey|spa|1\n|\n|upkeep\n|turn|83\n|\n|t:|1698204119\n|move|p1a: Blissey|Thunder Wave|p2a: Clefable\n|-fail|p2a: Clefable|par\n|move|p2a: Clefable|Moonblast|p1a: Blissey\n|-damage|p1a: Blissey|46\/100\n|\n|upkeep\n|turn|84\n|\n|t:|1698204125\n|move|p1a: Blissey|Soft-Boiled|p1a: Blissey\n|-heal|p1a: Blissey|96\/100\n|cant|p2a: Clefable|par\n|\n|upkeep\n|turn|85\n|\n|t:|1698204132\n|move|p1a: Blissey|Thunder Wave|p2a: Clefable\n|-fail|p2a: Clefable|par\n|cant|p2a: Clefable|par\n|\n|upkeep\n|turn|86\n|\n|t:|1698204139\n|move|p1a: Blissey|Stealth Rock||[still]\n|-fail|p1a: Blissey\n|move|p2a: Clefable|Moonblast|p1a: Blissey\n|-damage|p1a: Blissey|85\/100\n|-unboost|p1a: Blissey|spa|1\n|\n|upkeep\n|turn|87\n|\n|t:|1698204145\n|move|p1a: Blissey|Stealth Rock||[still]\n|-fail|p1a: Blissey\n|move|p2a: Clefable|Moonblast|p1a: Blissey\n|-damage|p1a: Blissey|73\/100\n|\n|upkeep\n|turn|88\n|\n|t:|1698204150\n|move|p1a: Blissey|Stealth Rock||[still]\n|-fail|p1a: Blissey\n|cant|p2a: Clefable|par\n|\n|upkeep\n|turn|89\n|\n|t:|1698204155\n|move|p1a: Blissey|Stealth Rock||[still]\n|-fail|p1a: Blissey\n|move|p2a: Clefable|Moonblast|p1a: Blissey\n|-damage|p1a: Blissey|63\/100\n|\n|upkeep\n|turn|90\n|\n|t:|1698204164\n|move|p1a: Blissey|Thunder Wave|p2a: Clefable\n|-fail|p2a: Clefable|par\n|move|p2a: Clefable|Moonblast|p1a: Blissey\n|-damage|p1a: Blissey|52\/100\n|\n|upkeep\n|turn|91\n|\n|t:|1698204171\n|move|p1a: Blissey|Thunder Wave|p2a: Clefable\n|-fail|p2a: Clefable|par\n|move|p2a: Clefable|Moonblast|p1a: Blissey\n|-damage|p1a: Blissey|41\/100\n|\n|upkeep\n|turn|92\n|\n|t:|1698204178\n|move|p1a: Blissey|Soft-Boiled|p1a: Blissey\n|-heal|p1a: Blissey|91\/100\n|move|p2a: Clefable|Moonblast|p1a: Blissey\n|-damage|p1a: Blissey|81\/100\n|\n|upkeep\n|turn|93\n|\n|t:|1698204186\n|move|p1a: Blissey|Thunder Wave|p2a: Clefable\n|-fail|p2a: Clefable|par\n|move|p2a: Clefable|Moonblast|p1a: Blissey\n|-damage|p1a: Blissey|69\/100\n|\n|upkeep\n|turn|94\n|\n|t:|1698204195\n|move|p1a: Blissey|Thunder Wave|p2a: Clefable|[miss]\n|-miss|p1a: Blissey|p2a: Clefable\n|cant|p2a: Clefable|par\n|\n|upkeep\n|turn|95\n|\n|t:|1698204201\n|move|p1a: Blissey|Thunder Wave|p2a: Clefable\n|-fail|p2a: Clefable|par\n|cant|p2a: Clefable|par\n|\n|upkeep\n|turn|96\n|\n|t:|1698204208\n|move|p1a: Blissey|Stealth Rock||[still]\n|-fail|p1a: Blissey\n|cant|p2a: Clefable|par\n|\n|upkeep\n|turn|97\n|\n|t:|1698204215\n|move|p1a: Blissey|Thunder Wave|p2a: Clefable\n|-fail|p2a: Clefable|par\n|cant|p2a: Clefable|par\n|\n|upkeep\n|turn|98\n|\n|t:|1698204224\n|move|p1a: Blissey|Stealth Rock||[still]\n|-fail|p1a: Blissey\n|cant|p2a: Clefable|par\n|\n|upkeep\n|turn|99\n|\n|t:|1698204244\n|move|p1a: Blissey|Stealth Rock||[still]\n|-fail|p1a: Blissey\n|cant|p2a: Clefable|par\n|\n|upkeep\n|turn|100\n|\n|t:|1698204249\n|move|p1a: Blissey|Stealth Rock||[still]\n|-fail|p1a: Blissey\n|move|p2a: Clefable|Moonblast|p1a: Blissey\n|-damage|p1a: Blissey|59\/100\n|\n|upkeep\n|turn|101\n|\n|t:|1698204264\n|move|p1a: Blissey|Stealth Rock||[still]\n|-fail|p1a: Blissey\n|move|p2a: Clefable|Moonblast|p1a: Blissey\n|-damage|p1a: Blissey|49\/100\n|\n|upkeep\n|turn|102\n|\n|t:|1698204270\n|move|p1a: Blissey|Stealth Rock||[still]\n|-fail|p1a: Blissey\n|move|p2a: Clefable|Moonblast|p1a: Blissey\n|-damage|p1a: Blissey|39\/100\n|\n|upkeep\n|turn|103\n|\n|t:|1698204276\n|move|p1a: Blissey|Stealth Rock||[still]\n|-fail|p1a: Blissey\n|move|p2a: Clefable|Moonblast|p1a: Blissey\n|-damage|p1a: Blissey|28\/100\n|\n|upkeep\n|turn|104\n|\n|t:|1698204283\n|move|p1a: Blissey|Stealth Rock||[still]\n|-fail|p1a: Blissey\n|move|p2a: Clefable|Moonblast|p1a: Blissey\n|-damage|p1a: Blissey|18\/100\n|\n|upkeep\n|turn|105\n|\n|t:|1698204290\n|move|p1a: Blissey|Thunder Wave|p2a: Clefable\n|-fail|p2a: Clefable|par\n|cant|p2a: Clefable|par\n|\n|upkeep\n|turn|106\n|\n|t:|1698204298\n|move|p1a: Blissey|Thunder Wave|p2a: Clefable\n|-fail|p2a: Clefable|par\n|cant|p2a: Clefable|par\n|\n|upkeep\n|turn|107\n|\n|t:|1698204359\n|move|p1a: Blissey|Thunder Wave|p2a: Clefable\n|-fail|p2a: Clefable|par\n|move|p2a: Clefable|Ice Beam|p1a: Blissey\n|-damage|p1a: Blissey|11\/100\n|\n|upkeep\n|turn|108\n|\n|t:|1698204369\n|move|p1a: Blissey|Thunder Wave|p2a: Clefable|[miss]\n|-miss|p1a: Blissey|p2a: Clefable\n|cant|p2a: Clefable|par\n|\n|upkeep\n|turn|109\n|\n|t:|1698204374\n|move|p1a: Blissey|Thunder Wave|p2a: Clefable\n|-fail|p2a: Clefable|par\n|cant|p2a: Clefable|par\n|\n|upkeep\n|turn|110\n|\n|t:|1698204384\n|move|p1a: Blissey|Thunder Wave|p2a: Clefable\n|-fail|p2a: Clefable|par\n|move|p2a: Clefable|Ice Beam|p1a: Blissey\n|-damage|p1a: Blissey|5\/100\n|\n|upkeep\n|turn|111\n|\n|t:|1698204393\n|move|p1a: Blissey|Thunder Wave|p2a: Clefable\n|-fail|p2a: Clefable|par\n|move|p2a: Clefable|Ice Beam|p1a: Blissey\n|-damage|p1a: Blissey|0 fnt\n|faint|p1a: Blissey\n|\n|upkeep\n|\n|t:|1698204521\n|switch|p1a: Ursaluna|Ursaluna-Bloodmoon, M|15\/100\n|turn|112\n|\n|t:|1698204528\n|switch|p1a: Talonflame|Talonflame, M|38\/100\n|cant|p2a: Clefable|par\n|\n|upkeep\n|turn|113\n|\n|t:|1698204535\n|move|p1a: Talonflame|Roost|p1a: Talonflame\n|-heal|p1a: Talonflame|88\/100\n|-singleturn|p1a: Talonflame|move: Roost\n|cant|p2a: Clefable|par\n|\n|upkeep\n|turn|114\n|\n|t:|1698204548\n|move|p1a: Talonflame|Flare Blitz|p2a: Clefable\n|-damage|p2a: Clefable|69\/100 par\n|-damage|p1a: Talonflame|76\/100|[from] Recoil\n|move|p2a: Clefable|Wish|p2a: Clefable\n|\n|-heal|p2a: Clefable|75\/100 par|[from] item: Leftovers\n|upkeep\n|turn|115\n|\n|t:|1698204571\n|move|p2a: Clefable|Protect|p2a: Clefable\n|-singleturn|p2a: Clefable|Protect\n|move|p1a: Talonflame|Roost|p1a: Talonflame\n|-heal|p1a: Talonflame|100\/100\n|-singleturn|p1a: Talonflame|move: Roost\n|\n|-heal|p2a: Clefable|100\/100 par|[from] move: Wish|[wisher] Clefable\n|upkeep\n|turn|116\n|\n|t:|1698204580\n|move|p1a: Talonflame|Flare Blitz|p2a: Clefable\n|-damage|p2a: Clefable|72\/100 par\n|-damage|p1a: Talonflame|90\/100|[from] Recoil\n|move|p2a: Clefable|Wish|p2a: Clefable\n|\n|-heal|p2a: Clefable|78\/100 par|[from] item: Leftovers\n|upkeep\n|turn|117\n|\n|t:|1698204597\n|move|p1a: Talonflame|Flare Blitz|p2a: Clefable\n|-damage|p2a: Clefable|47\/100 par\n|-damage|p1a: Talonflame|79\/100|[from] Recoil\n|move|p2a: Clefable|Ice Beam|p1a: Talonflame\n|-damage|p1a: Talonflame|51\/100\n|-status|p1a: Talonflame|frz\n|\n|-heal|p2a: Clefable|97\/100 par|[from] move: Wish|[wisher] Clefable\n|-heal|p2a: Clefable|100\/100 par|[from] item: Leftovers\n|upkeep\n|turn|118\n|\n|t:|1698204619\n|cant|p1a: Talonflame|frz\n|move|p2a: Clefable|Wish|p2a: Clefable\n|\n|upkeep\n|turn|119\n|\n|t:|1698204634\n|switch|p2a: Iron Bundle|Iron Bundle|51\/100\n|-damage|p2a: Iron Bundle|26\/100|[from] Stealth Rock\n|cant|p1a: Talonflame|frz\n|\n|-heal|p2a: Iron Bundle|100\/100|[from] move: Wish|[wisher] Clefable\n|upkeep\n|turn|120\n|\n|t:|1698204675\n|move|p2a: Iron Bundle|Ice Beam|p1a: Talonflame\n|-damage|p1a: Talonflame|0 fnt\n|faint|p1a: Talonflame\n|\n|upkeep\n|\n|t:|1698204689\n|switch|p1a: Flapple|Flapple, M|100\/100\n|turn|121\n|\n|t:|1698204706\n|-terastallize|p1a: Flapple|Dragon\n|move|p2a: Iron Bundle|Ice Beam|p1a: Flapple\n|-supereffective|p1a: Flapple\n|-damage|p1a: Flapple|0 fnt\n|faint|p1a: Flapple\n|\n|upkeep\n|\n|t:|1698204747\n|switch|p1a: Ursaluna|Ursaluna-Bloodmoon, M|15\/100\n|turn|122\n|\n|t:|1698204766\n|move|p2a: Iron Bundle|Ice Beam|p1a: Ursaluna\n|-supereffective|p1a: Ursaluna\n|-damage|p1a: Ursaluna|0 fnt\n|faint|p1a: Ursaluna\n|\n|win|WishNM\n","uploadtime":1698204804,"views":13,"p1id":"solchimera","p2id":"wishnm","formatid":"gen9ubers","rating":0,"private":0,"password":""}