{"id":"gen9ubers-1990162681","p1":"Marco99240202121","p2":"Mur 3","format":"[Gen 9] Ubers","log":"|j|\u2606Marco99240202121\n|j|\u2606Mur 3\n|t:|1699931498\n|gametype|singles\n|player|p1|Marco99240202121|lucas-gen4pt|1143\n|player|p2|Mur 3|shadowtriad|1306\n|teamsize|p1|6\n|teamsize|p2|6\n|gen|9\n|tier|[Gen 9] Ubers\n|rated|\n|rule|Sleep Clause Mod: Limit one foe put to sleep\n|rule|Species Clause: Limit one of each Pok\u00e9mon\n|rule|OHKO Clause: OHKO moves are banned\n|rule|Evasion Items Clause: Evasion items are banned\n|rule|Evasion Moves Clause: Evasion moves are banned\n|rule|Endless Battle Clause: Forcing endless battles is banned\n|rule|HP Percentage Mod: HP is shown in percentages\n|clearpoke\n|poke|p1|Greninja-*, M|\n|poke|p1|Meowscarada, F|\n|poke|p1|Kingambit, M|\n|poke|p1|Ting-Lu|\n|poke|p1|Annihilape, M|\n|poke|p1|Overqwil, M|\n|poke|p2|Groudon|\n|poke|p2|Flutter Mane|\n|poke|p2|Giratina|\n|poke|p2|Zacian-*|\n|poke|p2|Calyrex-Ice|\n|poke|p2|Glimmora, M|\n|teampreview\n|c|\u2606Mur 3|Did you want a full dark team but ape said no\n|c|\u2606Marco99240202121|Paldean team\n|\n|t:|1699931556\n|start\n|switch|p1a: Overqwil|Overqwil, M|100\/100\n|switch|p2a: Zacian|Zacian-Crowned|100\/100\n|-ability|p2a: Zacian|Intrepid Sword|boost\n|-boost|p2a: Zacian|atk|1\n|-ability|p1a: Overqwil|Intimidate|boost\n|-unboost|p2a: Zacian|atk|1\n|turn|1\n|\n|t:|1699931571\n|switch|p2a: Groudon|Groudon|100\/100\n|-weather|SunnyDay|[from] ability: Drought|[of] p2a: Groudon\n|move|p1a: Overqwil|Destiny Bond|p1a: Overqwil\n|-singlemove|p1a: Overqwil|Destiny Bond\n|\n|-weather|SunnyDay|[upkeep]\n|upkeep\n|turn|2\n|\n|t:|1699931589\n|move|p1a: Overqwil|Liquidation|p2a: Groudon\n|-supereffective|p2a: Groudon\n|-damage|p2a: Groudon|85\/100\n|move|p2a: Groudon|Heat Crash|p1a: Overqwil\n|-damage|p1a: Overqwil|19\/100\n|\n|-weather|SunnyDay|[upkeep]\n|-heal|p1a: Overqwil|25\/100|[from] item: Leftovers\n|upkeep\n|turn|3\n|\n|t:|1699931596\n|switch|p2a: Glimmora|Glimmora, M|100\/100\n|move|p1a: Overqwil|Destiny Bond|p1a: Overqwil\n|-singlemove|p1a: Overqwil|Destiny Bond\n|\n|-weather|SunnyDay|[upkeep]\n|-heal|p1a: Overqwil|31\/100|[from] item: Leftovers\n|upkeep\n|turn|4\n|\n|t:|1699931615\n|switch|p1a: Ting-Lu|Ting-Lu|100\/100\n|-ability|p1a: Ting-Lu|Vessel of Ruin\n|move|p2a: Glimmora|Stealth Rock|p1a: Ting-Lu\n|-sidestart|p1: Marco99240202121|move: Stealth Rock\n|\n|-weather|SunnyDay|[upkeep]\n|upkeep\n|turn|5\n|\n|t:|1699931630\n|switch|p2a: Calyrex|Calyrex-Ice|100\/100\n|-ability|p2a: Calyrex|As One\n|-ability|p2a: Calyrex|Unnerve\n|move|p1a: Ting-Lu|Stealth Rock|p2a: Calyrex\n|-sidestart|p2: Mur 3|move: Stealth Rock\n|\n|-weather|none\n|upkeep\n|turn|6\n|\n|t:|1699931635\n|move|p2a: Calyrex|Glacial Lance|p1a: Ting-Lu\n|-supereffective|p1a: Ting-Lu\n|-damage|p1a: Ting-Lu|29\/100\n|move|p1a: Ting-Lu|Whirlwind|p2a: Calyrex\n|drag|p2a: Glimmora|Glimmora, M|100\/100\n|-damage|p2a: Glimmora|88\/100|[from] Stealth Rock\n|\n|-heal|p1a: Ting-Lu|35\/100|[from] item: Leftovers\n|upkeep\n|turn|7\n|\n|t:|1699931648\n|move|p2a: Glimmora|Mortal Spin|p1a: Ting-Lu\n|-resisted|p1a: Ting-Lu\n|-damage|p1a: Ting-Lu|34\/100\n|-status|p1a: Ting-Lu|psn\n|-sideend|p2: Mur 3|Stealth Rock|[from] move: Mortal Spin|[of] p2a: Glimmora\n|move|p1a: Ting-Lu|Whirlwind|p2a: Glimmora\n|drag|p2a: Groudon|Groudon|85\/100\n|-weather|SunnyDay|[from] ability: Drought|[of] p2a: Groudon\n|\n|-weather|SunnyDay|[upkeep]\n|-heal|p1a: Ting-Lu|40\/100 psn|[from] item: Leftovers\n|-damage|p1a: Ting-Lu|27\/100 psn|[from] psn\n|upkeep\n|turn|8\n|\n|t:|1699931656\n|move|p2a: Groudon|Precipice Blades|p1a: Ting-Lu\n|-damage|p1a: Ting-Lu|0 fnt\n|faint|p1a: Ting-Lu\n|\n|-weather|SunnyDay|[upkeep]\n|upkeep\n|\n|t:|1699931664\n|switch|p1a: Meowscarada|Meowscarada, F|100\/100\n|-damage|p1a: Meowscarada|88\/100|[from] Stealth Rock\n|turn|9\n|\n|t:|1699931669\n|move|p1a: Meowscarada|U-turn|p2a: Groudon\n|-start|p1a: Meowscarada|typechange|Bug|[from] ability: Protean\n|-damage|p2a: Groudon|65\/100\n|\n|t:|1699931674\n|switch|p1a: Overqwil|Overqwil, M|31\/100|[from] U-turn\n|-damage|p1a: Overqwil|19\/100|[from] Stealth Rock\n|-ability|p1a: Overqwil|Intimidate|boost\n|-unboost|p2a: Groudon|atk|1\n|move|p2a: Groudon|Heat Crash|p1a: Overqwil\n|-damage|p1a: Overqwil|0 fnt\n|faint|p1a: Overqwil\n|\n|-weather|SunnyDay|[upkeep]\n|upkeep\n|\n|t:|1699931694\n|switch|p1a: Annihilape|Annihilape, M|100\/100\n|-damage|p1a: Annihilape|94\/100|[from] Stealth Rock\n|turn|10\n|\n|t:|1699931707\n|switch|p2a: Flutter Mane|Flutter Mane|100\/100\n|-activate|p2a: Flutter Mane|ability: Protosynthesis\n|-start|p2a: Flutter Mane|protosynthesisspe\n|move|p1a: Annihilape|Bulk Up|p1a: Annihilape\n|-boost|p1a: Annihilape|atk|1\n|-boost|p1a: Annihilape|def|1\n|\n|-weather|SunnyDay|[upkeep]\n|-heal|p1a: Annihilape|100\/100|[from] item: Leftovers\n|upkeep\n|turn|11\n|\n|t:|1699931724\n|-terastallize|p1a: Annihilape|Water\n|move|p2a: Flutter Mane|Calm Mind|p2a: Flutter Mane\n|-boost|p2a: Flutter Mane|spa|1\n|-boost|p2a: Flutter Mane|spd|1\n|move|p1a: Annihilape|Rage Fist|p2a: Flutter Mane\n|-supereffective|p2a: Flutter Mane\n|-damage|p2a: Flutter Mane|0 fnt\n|faint|p2a: Flutter Mane\n|-end|p2a: Flutter Mane|Protosynthesis|[silent]\n|\n|-weather|none\n|upkeep\n|\n|t:|1699931736\n|switch|p2a: Giratina|Giratina|100\/100\n|-ability|p2a: Giratina|Pressure\n|turn|12\n|\n|t:|1699931740\n|move|p1a: Annihilape|Rage Fist|p2a: Giratina\n|-supereffective|p2a: Giratina\n|-damage|p2a: Giratina|55\/100\n|move|p2a: Giratina|Will-O-Wisp|p1a: Annihilape\n|-status|p1a: Annihilape|brn\n|\n|-heal|p2a: Giratina|61\/100|[from] item: Leftovers\n|-damage|p1a: Annihilape|94\/100 brn|[from] brn\n|upkeep\n|turn|13\n|\n|t:|1699931754\n|move|p1a: Annihilape|Bulk Up|p1a: Annihilape\n|-boost|p1a: Annihilape|atk|1\n|-boost|p1a: Annihilape|def|1\n|move|p2a: Giratina|Defog|p1a: Annihilape\n|-unboost|p1a: Annihilape|evasion|1\n|-ability|p1a: Annihilape|Defiant|boost\n|-boost|p1a: Annihilape|atk|2\n|-sideend|p1: Marco99240202121|Stealth Rock|[from] move: Defog|[of] p2a: Giratina\n|\n|-heal|p1a: Annihilape|100\/100 brn|[from] item: Leftovers\n|-heal|p2a: Giratina|68\/100|[from] item: Leftovers\n|-damage|p1a: Annihilape|94\/100 brn|[from] brn\n|upkeep\n|turn|14\n|\n|t:|1699931758\n|move|p1a: Annihilape|Bulk Up|p1a: Annihilape\n|-boost|p1a: Annihilape|atk|1\n|-boost|p1a: Annihilape|def|1\n|move|p2a: Giratina|Draco Meteor|p1a: Annihilape\n|-damage|p1a: Annihilape|56\/100 brn\n|-unboost|p2a: Giratina|spa|2\n|\n|-heal|p1a: Annihilape|62\/100 brn|[from] item: Leftovers\n|-heal|p2a: Giratina|74\/100|[from] item: Leftovers\n|-damage|p1a: Annihilape|56\/100 brn|[from] brn\n|upkeep\n|turn|15\n|\n|t:|1699931764\n|move|p1a: Annihilape|Rage Fist|p2a: Giratina\n|-supereffective|p2a: Giratina\n|-damage|p2a: Giratina|0 fnt\n|faint|p2a: Giratina\n|\n|-heal|p1a: Annihilape|62\/100 brn|[from] item: Leftovers\n|-damage|p1a: Annihilape|56\/100 brn|[from] brn\n|upkeep\n|\n|t:|1699931770\n|switch|p2a: Zacian|Zacian-Crowned|100\/100\n|turn|16\n|\n|t:|1699931780\n|-terastallize|p2a: Zacian|Fighting\n|move|p2a: Zacian|Sacred Sword|p1a: Annihilape\n|-damage|p1a: Annihilape|2\/100 brn\n|move|p1a: Annihilape|Drain Punch|p2a: Zacian\n|-damage|p2a: Zacian|36\/100\n|-heal|p1a: Annihilape|27\/100 brn|[from] drain|[of] p2a: Zacian\n|\n|-heal|p1a: Annihilape|34\/100 brn|[from] item: Leftovers\n|-damage|p1a: Annihilape|27\/100 brn|[from] brn\n|upkeep\n|turn|17\n|\n|t:|1699931796\n|move|p2a: Zacian|Sacred Sword|p1a: Annihilape\n|-damage|p1a: Annihilape|0 fnt\n|faint|p1a: Annihilape\n|\n|upkeep\n|\n|t:|1699931803\n|switch|p1a: Meowscarada|Meowscarada, F|88\/100\n|turn|18\n|\n|t:|1699931816\n|move|p1a: Meowscarada|Flower Trick|p2a: Zacian\n|-start|p1a: Meowscarada|typechange|Grass|[from] ability: Protean\n|-crit|p2a: Zacian\n|-damage|p2a: Zacian|0 fnt\n|faint|p2a: Zacian\n|\n|upkeep\n|\n|t:|1699931819\n|switch|p2a: Calyrex|Calyrex-Ice|100\/100\n|-ability|p2a: Calyrex|As One\n|-ability|p2a: Calyrex|Unnerve\n|turn|19\n|\n|t:|1699931823\n|switch|p1a: Kingambit|Kingambit, M|100\/100\n|-activate|p1a: Kingambit|ability: Supreme Overlord\n|-start|p1a: Kingambit|fallen3|[silent]\n|move|p2a: Calyrex|Trick Room|p2a: Calyrex\n|-fieldstart|move: Trick Room|[of] p2a: Calyrex\n|\n|upkeep\n|turn|20\n|\n|t:|1699931832\n|move|p1a: Kingambit|Sucker Punch|p2a: Calyrex\n|-supereffective|p2a: Calyrex\n|-damage|p2a: Calyrex|35\/100\n|move|p2a: Calyrex|Close Combat|p1a: Kingambit\n|-supereffective|p1a: Kingambit\n|-damage|p1a: Kingambit|0 fnt\n|-unboost|p2a: Calyrex|def|1\n|-unboost|p2a: Calyrex|spd|1\n|faint|p1a: Kingambit\n|-end|p1a: Kingambit|fallen3|[silent]\n|-ability|p2a: Calyrex|Chilling Neigh|boost\n|-boost|p2a: Calyrex|atk|1\n|\n|upkeep\n|\n|t:|1699931839\n|switch|p1a: \u30b2\u30c3\u30b3\u30a6\u30ac|Greninja, M|100\/100\n|turn|21\n|\n|t:|1699931842\n|move|p1a: \u30b2\u30c3\u30b3\u30a6\u30ac|Water Shuriken|p2a: Calyrex\n|-damage|p2a: Calyrex|27\/100\n|-crit|p2a: Calyrex\n|-damage|p2a: Calyrex|18\/100\n|-damage|p2a: Calyrex|11\/100\n|-damage|p2a: Calyrex|4\/100\n|-damage|p2a: Calyrex|0 fnt\n|faint|p2a: Calyrex\n|-ability|p1a: \u30b2\u30c3\u30b3\u30a6\u30ac|Battle Bond|boost\n|-boost|p1a: \u30b2\u30c3\u30b3\u30a6\u30ac|atk|1\n|-boost|p1a: \u30b2\u30c3\u30b3\u30a6\u30ac|spa|1\n|-boost|p1a: \u30b2\u30c3\u30b3\u30a6\u30ac|spe|1\n|-activate|p1a: \u30b2\u30c3\u30b3\u30a6\u30ac|ability: Battle Bond\n|-hitcount|p2: Calyrex|5\n|\n|upkeep\n|\n|t:|1699931845\n|switch|p2a: Groudon|Groudon|65\/100\n|-weather|SunnyDay|[from] ability: Drought|[of] p2a: Groudon\n|turn|22\n|\n|t:|1699931854\n|move|p2a: Groudon|Precipice Blades|p1a: \u30b2\u30c3\u30b3\u30a6\u30ac\n|-enditem|p1a: \u30b2\u30c3\u30b3\u30a6\u30ac|Focus Sash\n|-damage|p1a: \u30b2\u30c3\u30b3\u30a6\u30ac|1\/100\n|move|p1a: \u30b2\u30c3\u30b3\u30a6\u30ac|Surf|p2a: Groudon\n|-supereffective|p2a: Groudon\n|-damage|p2a: Groudon|28\/100\n|\n|-weather|SunnyDay|[upkeep]\n|upkeep\n|turn|23\n|\n|t:|1699931862\n|move|p1a: \u30b2\u30c3\u30b3\u30a6\u30ac|Water Shuriken|p2a: Groudon\n|-supereffective|p2a: Groudon\n|-damage|p2a: Groudon|22\/100\n|-supereffective|p2a: Groudon\n|-damage|p2a: Groudon|16\/100\n|-hitcount|p2a: Groudon|2\n|move|p2a: Groudon|Heat Crash|p1a: \u30b2\u30c3\u30b3\u30a6\u30ac\n|-resisted|p1a: \u30b2\u30c3\u30b3\u30a6\u30ac\n|-damage|p1a: \u30b2\u30c3\u30b3\u30a6\u30ac|0 fnt\n|faint|p1a: \u30b2\u30c3\u30b3\u30a6\u30ac\n|\n|-weather|SunnyDay|[upkeep]\n|-fieldend|move: Trick Room\n|upkeep\n|\n|t:|1699931869\n|switch|p1a: Meowscarada|Meowscarada, F|88\/100\n|turn|24\n|\n|t:|1699931872\n|move|p1a: Meowscarada|Flower Trick|p2a: Groudon\n|-start|p1a: Meowscarada|typechange|Grass|[from] ability: Protean\n|-supereffective|p2a: Groudon\n|-crit|p2a: Groudon\n|-damage|p2a: Groudon|0 fnt\n|faint|p2a: Groudon\n|\n|-weather|SunnyDay|[upkeep]\n|upkeep\n|\n|t:|1699931873\n|switch|p2a: Glimmora|Glimmora, M|88\/100\n|turn|25\n|\n|t:|1699931876\n|move|p1a: Meowscarada|Flower Trick|p2a: Glimmora\n|-crit|p2a: Glimmora\n|-damage|p2a: Glimmora|36\/100\n|-activate|p2a: Glimmora|ability: Toxic Debris\n|-sidestart|p1: Marco99240202121|move: Toxic Spikes\n|move|p2a: Glimmora|Mortal Spin|p1a: Meowscarada\n|-supereffective|p1a: Meowscarada\n|-damage|p1a: Meowscarada|68\/100\n|-status|p1a: Meowscarada|psn\n|\n|-weather|SunnyDay|[upkeep]\n|-damage|p1a: Meowscarada|55\/100 psn|[from] psn\n|upkeep\n|turn|26\n|\n|t:|1699931880\n|move|p1a: Meowscarada|Flower Trick|p2a: Glimmora\n|-crit|p2a: Glimmora\n|-damage|p2a: Glimmora|0 fnt\n|-activate|p2a: Glimmora|ability: Toxic Debris\n|-sidestart|p1: Marco99240202121|move: Toxic Spikes\n|faint|p2a: Glimmora\n|\n|win|Marco99240202121\n|raw|Marco99240202121's rating: 1143 &rarr; <strong>1179<\/strong><br \/>(+36 for winning)\n|raw|Mur 3's rating: 1306 &rarr; <strong>1277<\/strong><br \/>(-29 for losing)\n|c|\u2606Marco99240202121|Gg\n|l|\u2606Mur 3\n|l|\u2606Marco99240202121\n|j|\u2606Marco99240202121\n|player|p1|Marco99240202121|lucas-gen4pt\n","uploadtime":1699931913,"views":5,"p1id":"marco99240202121","p2id":"mur3","formatid":"gen9ubers","rating":1179,"private":0,"password":""}