{"id":"gen9ubers-1987858158","p1":"Hannes33","p2":"Illinoids","format":"[Gen 9] Ubers","log":"|j|\u2606Hannes33\n|j|\u2606Illinoids\n|t:|1699643322\n|gametype|singles\n|player|p1|Hannes33|101|1169\n|player|p2|Illinoids|cheryl|1216\n|teamsize|p1|6\n|teamsize|p2|6\n|gen|9\n|tier|[Gen 9] Ubers\n|rated|\n|rule|Sleep Clause Mod: Limit one foe put to sleep\n|rule|Species Clause: Limit one of each Pok\u00e9mon\n|rule|OHKO Clause: OHKO moves are banned\n|rule|Evasion Items Clause: Evasion items are banned\n|rule|Evasion Moves Clause: Evasion moves are banned\n|rule|Endless Battle Clause: Forcing endless battles is banned\n|rule|HP Percentage Mod: HP is shown in percentages\n|clearpoke\n|poke|p1|Sandslash-Alola, M|\n|poke|p1|Ninetales-Alola, M|\n|poke|p1|Heatran, M|\n|poke|p1|Calyrex-Ice|\n|poke|p1|Avalugg, F|\n|poke|p1|Chien-Pao|\n|poke|p2|Arceus-Fairy|\n|poke|p2|Zacian-*|\n|poke|p2|Koraidon|\n|poke|p2|Ribombee, F|\n|poke|p2|Gholdengo|\n|poke|p2|Gliscor, F|\n|teampreview\n|inactive|Battle timer is ON: inactive players will automatically lose when time's up. (requested by Illinoids)\n|\n|t:|1699643338\n|start\n|switch|p1a: Ninetales|Ninetales-Alola, M|100\/100\n|switch|p2a: Ribombee|Ribombee, F|100\/100\n|-weather|Snow|[from] ability: Snow Warning|[of] p1a: Ninetales\n|turn|1\n|\n|t:|1699643346\n|move|p2a: Ribombee|Sticky Web|p1a: Ninetales\n|-sidestart|p1: Hannes33|move: Sticky Web\n|move|p1a: Ninetales|Aurora Veil|p1a: Ninetales\n|-sidestart|p1: Hannes33|move: Aurora Veil\n|\n|-weather|Snow|[upkeep]\n|upkeep\n|turn|2\n|\n|t:|1699643352\n|move|p2a: Ribombee|Stun Spore|p1a: Ninetales\n|-status|p1a: Ninetales|par\n|move|p1a: Ninetales|Blizzard|p2a: Ribombee\n|-damage|p2a: Ribombee|21\/100\n|\n|-weather|Snow|[upkeep]\n|upkeep\n|turn|3\n|\n|t:|1699643373\n|switch|p2a: Gholdengo|Gholdengo|100\/100\n|-item|p2a: Gholdengo|Air Balloon\n|cant|p1a: Ninetales|par\n|\n|-weather|Snow|[upkeep]\n|upkeep\n|turn|4\n|\n|t:|1699643388\n|move|p2a: Gholdengo|Nasty Plot|p2a: Gholdengo\n|-boost|p2a: Gholdengo|spa|2\n|move|p1a: Ninetales|Blizzard|p2a: Gholdengo\n|-resisted|p2a: Gholdengo\n|-damage|p2a: Gholdengo|77\/100\n|-status|p2a: Gholdengo|frz\n|-enditem|p2a: Gholdengo|Air Balloon\n|\n|-weather|Snow|[upkeep]\n|upkeep\n|turn|5\n|\n|t:|1699643402\n|switch|p1a: Chien-Pao|Chien-Pao|100\/100\n|-activate|p1a: Chien-Pao|move: Sticky Web\n|-unboost|p1a: Chien-Pao|spe|1\n|-ability|p1a: Chien-Pao|Sword of Ruin\n|cant|p2a: Gholdengo|frz\n|\n|-weather|Snow|[upkeep]\n|-sideend|p1: Hannes33|move: Aurora Veil\n|upkeep\n|turn|6\n|\n|t:|1699643412\n|-curestatus|p2a: Gholdengo|frz|[msg]\n|move|p2a: Gholdengo|Shadow Ball|p1a: Chien-Pao\n|-resisted|p1a: Chien-Pao\n|-damage|p1a: Chien-Pao|34\/100\n|move|p1a: Chien-Pao|Swords Dance|p1a: Chien-Pao\n|-boost|p1a: Chien-Pao|atk|2\n|\n|-weather|Snow|[upkeep]\n|upkeep\n|turn|7\n|\n|t:|1699643434\n|switch|p2a: Ribombee|Ribombee, F|21\/100\n|move|p1a: Chien-Pao|Crunch|p2a: Ribombee\n|-resisted|p2a: Ribombee\n|-damage|p2a: Ribombee|0 fnt\n|faint|p2a: Ribombee\n|-damage|p1a: Chien-Pao|24\/100|[from] item: Life Orb\n|\n|-weather|Snow|[upkeep]\n|upkeep\n|\n|t:|1699643441\n|switch|p2a: Koraidon|Koraidon|100\/100\n|-weather|SunnyDay|[from] ability: Orichalcum Pulse|[of] p2a: Koraidon\n|-activate|p2a: Koraidon|Orichalcum Pulse|[source]\n|turn|8\n|\n|t:|1699643449\n|move|p1a: Chien-Pao|Ice Shard|p2a: Koraidon\n|-supereffective|p2a: Koraidon\n|-damage|p2a: Koraidon|0 fnt\n|faint|p2a: Koraidon\n|-damage|p1a: Chien-Pao|14\/100|[from] item: Life Orb\n|\n|-weather|SunnyDay|[upkeep]\n|upkeep\n|\n|t:|1699643459\n|switch|p2a: Zacian|Zacian-Crowned|100\/100\n|-ability|p2a: Zacian|Intrepid Sword|boost\n|-boost|p2a: Zacian|atk|1\n|turn|9\n|\n|t:|1699643482\n|move|p1a: Chien-Pao|Ice Shard|p2a: Zacian\n|-resisted|p2a: Zacian\n|-damage|p2a: Zacian|63\/100\n|-damage|p1a: Chien-Pao|4\/100|[from] item: Life Orb\n|move|p2a: Zacian|Behemoth Blade|p1a: Chien-Pao\n|-supereffective|p1a: Chien-Pao\n|-damage|p1a: Chien-Pao|0 fnt\n|faint|p1a: Chien-Pao\n|\n|-weather|SunnyDay|[upkeep]\n|upkeep\n|\n|t:|1699643497\n|switch|p1a: Heatran|Heatran, M|100\/100\n|-item|p1a: Heatran|Air Balloon\n|turn|10\n|\n|t:|1699643507\n|switch|p2a: Arceus|Arceus-Fairy|100\/100\n|move|p1a: Heatran|Magma Storm|p2a: Arceus\n|-damage|p2a: Arceus|44\/100\n|-activate|p2a: Arceus|move: Magma Storm|[of] p1a: Heatran\n|\n|-weather|SunnyDay|[upkeep]\n|-damage|p2a: Arceus|31\/100|[from] move: Magma Storm|[partiallytrapped]\n|upkeep\n|turn|11\n|\n|t:|1699643518\n|move|p2a: Arceus|Recover|p2a: Arceus\n|-heal|p2a: Arceus|81\/100\n|move|p1a: Heatran|Magma Storm|p2a: Arceus|[miss]\n|-miss|p1a: Heatran|p2a: Arceus\n|\n|-weather|SunnyDay|[upkeep]\n|-damage|p2a: Arceus|69\/100|[from] move: Magma Storm|[partiallytrapped]\n|upkeep\n|turn|12\n|\n|t:|1699643533\n|move|p2a: Arceus|Calm Mind|p2a: Arceus\n|-boost|p2a: Arceus|spa|1\n|-boost|p2a: Arceus|spd|1\n|move|p1a: Heatran|Magma Storm|p2a: Arceus|[miss]\n|-miss|p1a: Heatran|p2a: Arceus\n|\n|-weather|none\n|-damage|p2a: Arceus|57\/100|[from] move: Magma Storm|[partiallytrapped]\n|upkeep\n|turn|13\n|\n|t:|1699643544\n|move|p2a: Arceus|Recover|p2a: Arceus\n|-heal|p2a: Arceus|100\/100\n|move|p1a: Heatran|Magma Storm|p2a: Arceus|[miss]\n|-miss|p1a: Heatran|p2a: Arceus\n|\n|-damage|p2a: Arceus|88\/100|[from] move: Magma Storm|[partiallytrapped]\n|upkeep\n|turn|14\n|\n|t:|1699643554\n|move|p2a: Arceus|Calm Mind|p2a: Arceus\n|-boost|p2a: Arceus|spa|1\n|-boost|p2a: Arceus|spd|1\n|move|p1a: Heatran|Magma Storm|p2a: Arceus\n|-damage|p2a: Arceus|68\/100\n|\n|-end|p2a: Arceus|Magma Storm|[partiallytrapped]\n|upkeep\n|turn|15\n|\n|t:|1699643562\n|move|p2a: Arceus|Calm Mind|p2a: Arceus\n|-boost|p2a: Arceus|spa|1\n|-boost|p2a: Arceus|spd|1\n|move|p1a: Heatran|Magma Storm|p2a: Arceus\n|-crit|p2a: Arceus\n|-damage|p2a: Arceus|15\/100\n|-activate|p2a: Arceus|move: Magma Storm|[of] p1a: Heatran\n|\n|-damage|p2a: Arceus|3\/100|[from] move: Magma Storm|[partiallytrapped]\n|upkeep\n|turn|16\n|\n|t:|1699643573\n|move|p2a: Arceus|Recover|p2a: Arceus\n|-heal|p2a: Arceus|53\/100\n|move|p1a: Heatran|Magma Storm|p2a: Arceus|[miss]\n|-miss|p1a: Heatran|p2a: Arceus\n|\n|-damage|p2a: Arceus|41\/100|[from] move: Magma Storm|[partiallytrapped]\n|upkeep\n|turn|17\n|\n|t:|1699643581\n|move|p2a: Arceus|Recover|p2a: Arceus\n|-heal|p2a: Arceus|91\/100\n|move|p1a: Heatran|Magma Storm|p2a: Arceus\n|-damage|p2a: Arceus|76\/100\n|\n|-damage|p2a: Arceus|64\/100|[from] move: Magma Storm|[partiallytrapped]\n|upkeep\n|turn|18\n|\n|t:|1699643595\n|move|p2a: Arceus|Taunt|p1a: Heatran\n|-start|p1a: Heatran|move: Taunt\n|move|p1a: Heatran|Flash Cannon|p2a: Arceus\n|-supereffective|p2a: Arceus\n|-damage|p2a: Arceus|38\/100\n|\n|-damage|p2a: Arceus|25\/100|[from] move: Magma Storm|[partiallytrapped]\n|upkeep\n|turn|19\n|\n|t:|1699643604\n|move|p2a: Arceus|Recover|p2a: Arceus\n|-heal|p2a: Arceus|75\/100\n|move|p1a: Heatran|Flash Cannon|p2a: Arceus\n|-supereffective|p2a: Arceus\n|-damage|p2a: Arceus|52\/100\n|\n|-damage|p2a: Arceus|39\/100|[from] move: Magma Storm|[partiallytrapped]\n|upkeep\n|turn|20\n|\n|t:|1699643616\n|move|p2a: Arceus|Calm Mind|p2a: Arceus\n|-boost|p2a: Arceus|spa|1\n|-boost|p2a: Arceus|spd|1\n|move|p1a: Heatran|Flash Cannon|p2a: Arceus\n|-supereffective|p2a: Arceus\n|-damage|p2a: Arceus|17\/100\n|\n|-end|p2a: Arceus|Magma Storm|[partiallytrapped]\n|-end|p1a: Heatran|move: Taunt\n|upkeep\n|turn|21\n|\n|t:|1699643628\n|move|p2a: Arceus|Recover|p2a: Arceus\n|-heal|p2a: Arceus|67\/100\n|move|p1a: Heatran|Flash Cannon|p2a: Arceus\n|-supereffective|p2a: Arceus\n|-damage|p2a: Arceus|48\/100\n|\n|upkeep\n|turn|22\n|\n|t:|1699643643\n|move|p2a: Arceus|Calm Mind|p2a: Arceus\n|-boost|p2a: Arceus|spa|1\n|-boost|p2a: Arceus|spd|1\n|move|p1a: Heatran|Flash Cannon|p2a: Arceus\n|-supereffective|p2a: Arceus\n|-damage|p2a: Arceus|31\/100\n|\n|upkeep\n|turn|23\n|\n|t:|1699643654\n|move|p2a: Arceus|Recover|p2a: Arceus\n|-heal|p2a: Arceus|81\/100\n|move|p1a: Heatran|Flash Cannon|p2a: Arceus\n|-supereffective|p2a: Arceus\n|-damage|p2a: Arceus|62\/100\n|\n|upkeep\n|turn|24\n|\n|t:|1699643661\n|move|p2a: Arceus|Calm Mind|p2a: Arceus\n|-boost|p2a: Arceus|spa|1\n|-boost|p2a: Arceus|spd|1\n|move|p1a: Heatran|Flash Cannon|p2a: Arceus\n|-supereffective|p2a: Arceus\n|-damage|p2a: Arceus|47\/100\n|\n|upkeep\n|turn|25\n|\n|t:|1699643672\n|-terastallize|p2a: Arceus|Poison\n|move|p2a: Arceus|Recover|p2a: Arceus\n|-heal|p2a: Arceus|97\/100\n|move|p1a: Heatran|Flash Cannon|p2a: Arceus\n|-damage|p2a: Arceus|89\/100\n|\n|upkeep\n|turn|26\n|\n|t:|1699643680\n|move|p2a: Arceus|Judgment|p1a: Heatran\n|-resisted|p1a: Heatran\n|-damage|p1a: Heatran|57\/100\n|-enditem|p1a: Heatran|Air Balloon\n|move|p1a: Heatran|Earth Power|p2a: Arceus\n|-supereffective|p2a: Arceus\n|-damage|p2a: Arceus|78\/100\n|\n|upkeep\n|turn|27\n|\n|t:|1699643696\n|move|p2a: Arceus|Judgment|p1a: Heatran\n|-resisted|p1a: Heatran\n|-damage|p1a: Heatran|14\/100\n|move|p1a: Heatran|Earth Power|p2a: Arceus\n|-supereffective|p2a: Arceus\n|-damage|p2a: Arceus|66\/100\n|\n|upkeep\n|turn|28\n|\n|t:|1699643703\n|move|p2a: Arceus|Judgment|p1a: Heatran\n|-resisted|p1a: Heatran\n|-damage|p1a: Heatran|0 fnt\n|faint|p1a: Heatran\n|\n|upkeep\n|\n|t:|1699643718\n|switch|p1a: Sandslash|Sandslash-Alola, M|100\/100\n|-activate|p1a: Sandslash|move: Sticky Web\n|-unboost|p1a: Sandslash|spe|1\n|turn|29\n|\n|t:|1699643740\n|move|p2a: Arceus|Judgment|p1a: Sandslash\n|-resisted|p1a: Sandslash\n|-enditem|p1a: Sandslash|Focus Sash\n|-damage|p1a: Sandslash|1\/100\n|move|p1a: Sandslash|Mirror Coat|p2a: Arceus\n|-damage|p2a: Arceus|0 fnt\n|faint|p2a: Arceus\n|\n|upkeep\n|\n|t:|1699643751\n|switch|p2a: Zacian|Zacian-Crowned|63\/100\n|turn|30\n|\n|t:|1699643756\n|move|p1a: Sandslash|Ice Shard|p2a: Zacian\n|-resisted|p2a: Zacian\n|-damage|p2a: Zacian|52\/100\n|move|p2a: Zacian|Swords Dance|p2a: Zacian\n|-boost|p2a: Zacian|atk|2\n|\n|upkeep\n|turn|31\n|\n|t:|1699643774\n|move|p1a: Sandslash|Ice Shard|p2a: Zacian\n|-resisted|p2a: Zacian\n|-damage|p2a: Zacian|43\/100\n|move|p2a: Zacian|Swords Dance|p2a: Zacian\n|-boost|p2a: Zacian|atk|2\n|\n|upkeep\n|turn|32\n|\n|t:|1699643793\n|move|p1a: Sandslash|Ice Shard|p2a: Zacian\n|-resisted|p2a: Zacian\n|-damage|p2a: Zacian|33\/100\n|move|p2a: Zacian|Substitute|p2a: Zacian\n|-start|p2a: Zacian|Substitute\n|-damage|p2a: Zacian|8\/100\n|\n|upkeep\n|turn|33\n|\n|t:|1699643808\n|move|p1a: Sandslash|Ice Shard|p2a: Zacian\n|-resisted|p2a: Zacian\n|-activate|p2a: Zacian|move: Substitute|[damage]\n|move|p2a: Zacian|Behemoth Blade|p1a: Sandslash\n|-damage|p1a: Sandslash|0 fnt\n|faint|p1a: Sandslash\n|\n|upkeep\n|inactive|Hannes33 has 120 seconds left.\n|\n|t:|1699643835\n|switch|p1a: Avalugg|Avalugg, F|100\/100\n|-activate|p1a: Avalugg|move: Sticky Web\n|-unboost|p1a: Avalugg|spe|1\n|turn|34\n|inactive|Hannes33 has 120 seconds left.\n|\n|t:|1699643851\n|move|p2a: Zacian|Behemoth Blade|p1a: Avalugg\n|-supereffective|p1a: Avalugg\n|-damage|p1a: Avalugg|0 fnt\n|faint|p1a: Avalugg\n|\n|upkeep\n|\n|t:|1699643858\n|switch|p1a: Ninetales|Ninetales-Alola, M|100\/100 par\n|-activate|p1a: Ninetales|move: Sticky Web\n|-unboost|p1a: Ninetales|spe|1\n|-weather|Snow|[from] ability: Snow Warning|[of] p1a: Ninetales\n|turn|35\n|inactive|Hannes33 has 120 seconds left.\n|\n|t:|1699643868\n|move|p2a: Zacian|Behemoth Blade|p1a: Ninetales\n|-supereffective|p1a: Ninetales\n|-damage|p1a: Ninetales|0 fnt\n|faint|p1a: Ninetales\n|\n|-weather|Snow|[upkeep]\n|upkeep\n|c|\u2606Illinoids|shouldve went to ninetales first\n|inactive|Hannes33 has 120 seconds left.\n|\n|t:|1699643875\n|switch|p1a: Calyrex|Calyrex-Ice|100\/100\n|-ability|p1a: Calyrex|As One\n|-ability|p1a: Calyrex|Unnerve\n|-activate|p1a: Calyrex|move: Sticky Web\n|-unboost|p1a: Calyrex|spe|1\n|turn|36\n|inactive|Hannes33 has 120 seconds left.\n|\n|t:|1699643887\n|move|p2a: Zacian|Behemoth Blade|p1a: Calyrex\n|-supereffective|p1a: Calyrex\n|-damage|p1a: Calyrex|0 fnt\n|faint|p1a: Calyrex\n|\n|win|Illinoids\n|raw|Hannes33's rating: 1169 &rarr; <strong>1147<\/strong><br \/>(-22 for losing)\n|raw|Illinoids's rating: 1216 &rarr; <strong>1238<\/strong><br \/>(+22 for winning)\n","uploadtime":1699643895,"views":6,"p1id":"hannes33","p2id":"illinoids","formatid":"gen9ubers","rating":1147,"private":0,"password":""}