{"id":"gen9ubers-1983079507","p1":"Anshpreet","p2":"uubers account","format":"[Gen 9] Ubers","log":"|j|\u2606Anshpreet\n|j|\u2606uubers account\n|t:|1699081286\n|gametype|singles\n|player|p1|Anshpreet|red-masters|1347\n|player|p2|uubers account|170|1551\n|teamsize|p1|6\n|teamsize|p2|6\n|gen|9\n|tier|[Gen 9] Ubers\n|rated|\n|rule|Sleep Clause Mod: Limit one foe put to sleep\n|rule|Species Clause: Limit one of each Pok\u00e9mon\n|rule|OHKO Clause: OHKO moves are banned\n|rule|Evasion Items Clause: Evasion items are banned\n|rule|Evasion Moves Clause: Evasion moves are banned\n|rule|Endless Battle Clause: Forcing endless battles is banned\n|rule|HP Percentage Mod: HP is shown in percentages\n|clearpoke\n|poke|p1|Froslass, F|\n|poke|p1|Arceus-Ground|\n|poke|p1|Chien-Pao|\n|poke|p1|Miraidon|\n|poke|p1|Ditto|\n|poke|p1|Zacian-*|\n|poke|p2|Ribombee, M|\n|poke|p2|Koraidon|\n|poke|p2|Miraidon|\n|poke|p2|Zacian-*|\n|poke|p2|Eternatus|\n|poke|p2|Iron Treads|\n|teampreview\n|inactive|Battle timer is ON: inactive players will automatically lose when time's up. (requested by Anshpreet)\n|\n|t:|1699081301\n|start\n|switch|p1a: Froslass|Froslass, F, shiny|100\/100\n|switch|p2a: Ribombee|Ribombee, M|100\/100\n|turn|1\n|\n|t:|1699081306\n|move|p2a: Ribombee|Sticky Web|p1a: Froslass\n|-sidestart|p1: Anshpreet|move: Sticky Web\n|move|p1a: Froslass|Taunt|p2a: Ribombee\n|-start|p2a: Ribombee|move: Taunt\n|\n|upkeep\n|turn|2\n|\n|t:|1699081317\n|switch|p2a: Zacian|Zacian-Crowned|100\/100\n|-ability|p2a: Zacian|Intrepid Sword|boost\n|-boost|p2a: Zacian|atk|1\n|switch|p1a: Ditto|Ditto, shiny|100\/100\n|-activate|p1a: Ditto|move: Sticky Web\n|-unboost|p1a: Ditto|spe|1\n|-transform|p1a: Ditto|p2a: Zacian|[from] ability: Imposter\n|-ability|p1a: Ditto|Intrepid Sword|boost\n|-boost|p1a: Ditto|atk|1\n|\n|upkeep\n|turn|3\n|\n|t:|1699081345\n|-terastallize|p2a: Zacian|Fire\n|move|p1a: Ditto|Behemoth Blade|p2a: Zacian\n|-resisted|p2a: Zacian\n|-damage|p2a: Zacian|45\/100\n|move|p2a: Zacian|Behemoth Blade|p1a: Ditto\n|-damage|p1a: Ditto|6\/100\n|\n|upkeep\n|turn|4\n|\n|t:|1699081355\n|switch|p2a: Iron Treads|Iron Treads|100\/100\n|move|p1a: Ditto|Behemoth Blade|p2a: Iron Treads\n|-resisted|p2a: Iron Treads\n|-crit|p2a: Iron Treads\n|-damage|p2a: Iron Treads|27\/100\n|\n|-heal|p2a: Iron Treads|34\/100|[from] item: Leftovers\n|upkeep\n|turn|5\n|\n|t:|1699081367\n|move|p1a: Ditto|Behemoth Blade|p2a: Iron Treads\n|-resisted|p2a: Iron Treads\n|-damage|p2a: Iron Treads|0 fnt\n|faint|p2a: Iron Treads\n|-end|p2a: Iron Treads|Quark Drive|[silent]\n|\n|upkeep\n|\n|t:|1699081370\n|switch|p2a: Ribombee|Ribombee, M|100\/100\n|turn|6\n|\n|t:|1699081376\n|move|p1a: Ditto|Behemoth Blade|p2a: Ribombee\n|-supereffective|p2a: Ribombee\n|-enditem|p2a: Ribombee|Focus Sash\n|-damage|p2a: Ribombee|1\/100\n|move|p2a: Ribombee|Moonblast|p1a: Ditto\n|-resisted|p1a: Ditto\n|-damage|p1a: Ditto|0 fnt\n|faint|p1a: Ditto\n|\n|upkeep\n|\n|t:|1699081385\n|switch|p1a: Arceus|Arceus-Ground|100\/100\n|-activate|p1a: Arceus|move: Sticky Web\n|-unboost|p1a: Arceus|spe|1\n|turn|7\n|\n|t:|1699081389\n|move|p1a: Arceus|Extreme Speed|p2a: Ribombee\n|-damage|p2a: Ribombee|0 fnt\n|faint|p2a: Ribombee\n|\n|upkeep\n|\n|t:|1699081414\n|switch|p2a: Koraidon|Koraidon|100\/100\n|-weather|SunnyDay|[from] ability: Orichalcum Pulse|[of] p2a: Koraidon\n|-activate|p2a: Koraidon|Orichalcum Pulse|[source]\n|turn|8\n|c|\u2606Anshpreet|Hlo\n|\n|t:|1699081417\n|move|p2a: Koraidon|Swords Dance|p2a: Koraidon\n|-boost|p2a: Koraidon|atk|2\n|move|p1a: Arceus|Thunder Wave|p2a: Koraidon\n|-status|p2a: Koraidon|par\n|\n|-weather|SunnyDay|[upkeep]\n|upkeep\n|turn|9\n|\n|t:|1699081427\n|move|p2a: Koraidon|Low Kick|p1a: Arceus\n|-damage|p1a: Arceus|0 fnt\n|faint|p1a: Arceus\n|\n|-weather|SunnyDay|[upkeep]\n|upkeep\n|\n|t:|1699081438\n|switch|p1a: Chien-Pao|Chien-Pao|100\/100\n|-activate|p1a: Chien-Pao|move: Sticky Web\n|-unboost|p1a: Chien-Pao|spe|1\n|-ability|p1a: Chien-Pao|Sword of Ruin\n|turn|10\n|\n|t:|1699081445\n|move|p1a: Chien-Pao|Ice Spinner|p2a: Koraidon\n|-supereffective|p2a: Koraidon\n|-damage|p2a: Koraidon|15\/100 par\n|cant|p2a: Koraidon|par\n|\n|-weather|SunnyDay|[upkeep]\n|upkeep\n|turn|11\n|\n|t:|1699081449\n|move|p1a: Chien-Pao|Ice Spinner|p2a: Koraidon\n|-supereffective|p2a: Koraidon\n|-damage|p2a: Koraidon|0 fnt\n|faint|p2a: Koraidon\n|\n|-weather|SunnyDay|[upkeep]\n|upkeep\n|\n|t:|1699081459\n|switch|p2a: Eternatus|Eternatus|100\/100\n|-ability|p2a: Eternatus|Pressure\n|turn|12\n|\n|t:|1699081466\n|move|p1a: Chien-Pao|Ice Spinner|p2a: Eternatus\n|-supereffective|p2a: Eternatus\n|-damage|p2a: Eternatus|15\/100\n|move|p2a: Eternatus|Flamethrower|p1a: Chien-Pao\n|-supereffective|p1a: Chien-Pao\n|-damage|p1a: Chien-Pao|0 fnt\n|faint|p1a: Chien-Pao\n|-damage|p2a: Eternatus|5\/100|[from] item: Life Orb\n|\n|-weather|none\n|upkeep\n|\n|t:|1699081471\n|switch|p1a: Froslass|Froslass, F, shiny|100\/100\n|-activate|p1a: Froslass|move: Sticky Web\n|-unboost|p1a: Froslass|spe|1\n|turn|13\n|\n|t:|1699081477\n|switch|p2a: Zacian|Zacian-Crowned, tera:Fire|45\/100\n|move|p1a: Froslass|Icy Wind|p2a: Zacian\n|-resisted|p2a: Zacian\n|-damage|p2a: Zacian|38\/100\n|-unboost|p2a: Zacian|spe|1\n|\n|upkeep\n|turn|14\n|\n|t:|1699081483\n|move|p2a: Zacian|Behemoth Blade|p1a: Froslass\n|-supereffective|p1a: Froslass\n|-enditem|p1a: Froslass|Focus Sash\n|-damage|p1a: Froslass|1\/100\n|move|p1a: Froslass|Thunder Wave|p2a: Zacian\n|-status|p2a: Zacian|par\n|\n|upkeep\n|turn|15\n|\n|t:|1699081494\n|move|p1a: Froslass|Spikes|p2a: Zacian\n|-sidestart|p2: uubers account|Spikes\n|cant|p2a: Zacian|par\n|\n|upkeep\n|turn|16\n|\n|t:|1699081498\n|move|p1a: Froslass|Spikes|p2a: Zacian\n|-sidestart|p2: uubers account|Spikes\n|move|p2a: Zacian|Behemoth Blade|p1a: Froslass\n|-supereffective|p1a: Froslass\n|-damage|p1a: Froslass|0 fnt\n|faint|p1a: Froslass\n|\n|upkeep\n|\n|t:|1699081508\n|switch|p1a: Zacian|Zacian-Crowned|100\/100\n|-activate|p1a: Zacian|move: Sticky Web\n|-unboost|p1a: Zacian|spe|1\n|-ability|p1a: Zacian|Intrepid Sword|boost\n|-boost|p1a: Zacian|atk|1\n|turn|17\n|\n|t:|1699081531\n|move|p1a: Zacian|Behemoth Blade|p2a: Zacian\n|-resisted|p2a: Zacian\n|-crit|p2a: Zacian\n|-damage|p2a: Zacian|0 fnt\n|faint|p2a: Zacian\n|\n|upkeep\n|\n|t:|1699081535\n|switch|p2a: Miraidon|Miraidon|100\/100\n|-fieldstart|move: Electric Terrain|[from] ability: Hadron Engine|[of] p2a: Miraidon\n|turn|18\n|\n|t:|1699081543\n|-terastallize|p1a: Zacian|Water\n|move|p2a: Miraidon|Electro Drift|p1a: Zacian\n|-supereffective|p1a: Zacian\n|-damage|p1a: Zacian|0 fnt\n|faint|p1a: Zacian\n|\n|upkeep\n|c|\u2606uubers account|?\n|\n|t:|1699081549\n|switch|p1a: Miraidon|Miraidon|100\/100\n|-activate|p1a: Miraidon|move: Sticky Web\n|-unboost|p1a: Miraidon|spe|1\n|-activate|p1a: Miraidon|ability: Hadron Engine\n|turn|19\n|\n|t:|1699081554\n|move|p2a: Miraidon|Draco Meteor|p1a: Miraidon\n|-supereffective|p1a: Miraidon\n|-damage|p1a: Miraidon|0 fnt\n|-unboost|p2a: Miraidon|spa|2\n|faint|p1a: Miraidon\n|\n|win|uubers account\n|raw|Anshpreet's rating: 1347 &rarr; <strong>1338<\/strong><br \/>(-9 for losing)\n|raw|uubers account's rating: 1551 &rarr; <strong>1560<\/strong><br \/>(+9 for winning)\n","uploadtime":1699081562,"views":10,"p1id":"anshpreet","p2id":"uubersaccount","formatid":"gen9ubers","rating":1338,"private":0,"password":""}