{"id":"gen9ubers-1973134798","p1":"Dracoignius97","p2":"lewkzor","format":"[Gen 9] Ubers","log":"|j|\u2606Dracoignius97\n|j|\u2606lewkzor\n|t:|1697931498\n|gametype|singles\n|player|p1|Dracoignius97|steven|\n|player|p2|lewkzor|1|\n|teamsize|p1|6\n|teamsize|p2|6\n|gen|9\n|tier|[Gen 9] Ubers\n|rule|Sleep Clause Mod: Limit one foe put to sleep\n|rule|Species Clause: Limit one of each Pok\u00e9mon\n|rule|OHKO Clause: OHKO moves are banned\n|rule|Evasion Items Clause: Evasion items are banned\n|rule|Evasion Moves Clause: Evasion moves are banned\n|rule|Endless Battle Clause: Forcing endless battles is banned\n|rule|HP Percentage Mod: HP is shown in percentages\n|clearpoke\n|poke|p1|Landorus-Therian, M|\n|poke|p1|Crawdaunt, F|\n|poke|p1|Squawkabilly-Blue, M|\n|poke|p1|Arcanine-Hisui, M|\n|poke|p1|Appletun, M|\n|poke|p1|Banette, F|\n|poke|p2|Hippowdon, M|\n|poke|p2|Scizor, F|\n|poke|p2|Snorlax, M|\n|poke|p2|Sandaconda, F|\n|poke|p2|Probopass, F|\n|poke|p2|Magnezone|\n|teampreview\n|c|\u2606Dracoignius97|glhf\n|\n|t:|1697931535\n|start\n|switch|p1a: Smith|Appletun, M|100\/100\n|switch|p2a: Hippowdon|Hippowdon, M|100\/100\n|-weather|Sandstorm|[from] ability: Sand Stream|[of] p2a: Hippowdon\n|turn|1\n|j| stealthr2\n|j| Immortal bear\n|\n|t:|1697931562\n|move|p2a: Hippowdon|Stealth Rock|p1a: Smith\n|-sidestart|p1: Dracoignius97|move: Stealth Rock\n|move|p1a: Smith|Apple Acid|p2a: Hippowdon\n|-supereffective|p2a: Hippowdon\n|-damage|p2a: Hippowdon|53\/100\n|-unboost|p2a: Hippowdon|spd|1\n|\n|-weather|Sandstorm|[upkeep]\n|-damage|p1a: Smith|94\/100|[from] Sandstorm\n|-heal|p2a: Hippowdon|60\/100|[from] item: Leftovers\n|-heal|p1a: Smith|100\/100|[from] item: Leftovers\n|upkeep\n|turn|2\n|\n|t:|1697931587\n|switch|p2a: Snorlax|Snorlax, M|100\/100\n|move|p1a: Smith|Apple Acid|p2a: Snorlax\n|-damage|p2a: Snorlax|88\/100\n|-unboost|p2a: Snorlax|spd|1\n|\n|-weather|Sandstorm|[upkeep]\n|-damage|p2a: Snorlax|82\/100|[from] Sandstorm\n|-damage|p1a: Smith|94\/100|[from] Sandstorm\n|-heal|p1a: Smith|100\/100|[from] item: Leftovers\n|-heal|p2a: Snorlax|88\/100|[from] item: Leftovers\n|upkeep\n|turn|3\n|\n|t:|1697931602\n|move|p2a: Snorlax|Body Slam|p1a: Smith\n|-crit|p1a: Smith\n|-damage|p1a: Smith|68\/100\n|-status|p1a: Smith|par\n|move|p1a: Smith|Apple Acid|p2a: Snorlax\n|-damage|p2a: Snorlax|65\/100\n|-unboost|p2a: Snorlax|spd|1\n|\n|-weather|Sandstorm|[upkeep]\n|-damage|p2a: Snorlax|59\/100|[from] Sandstorm\n|-damage|p1a: Smith|62\/100 par|[from] Sandstorm\n|-heal|p2a: Snorlax|65\/100|[from] item: Leftovers\n|-heal|p1a: Smith|68\/100 par|[from] item: Leftovers\n|upkeep\n|turn|4\n|\n|t:|1697931634\n|switch|p2a: Magnezone|Magnezone|100\/100\n|move|p1a: Smith|Apple Acid|p2a: Magnezone\n|-resisted|p2a: Magnezone\n|-damage|p2a: Magnezone|84\/100\n|-unboost|p2a: Magnezone|spd|1\n|\n|-weather|Sandstorm|[upkeep]\n|-damage|p1a: Smith|62\/100 par|[from] Sandstorm\n|-heal|p1a: Smith|68\/100 par|[from] item: Leftovers\n|upkeep\n|turn|5\n|j| thatguy_313\n|\n|t:|1697931694\n|move|p2a: Magnezone|Flash Cannon|p1a: Smith\n|-damage|p1a: Smith|4\/100 par\n|move|p1a: Smith|Leech Seed|p2a: Magnezone|[miss]\n|-miss|p1a: Smith|p2a: Magnezone\n|\n|-weather|none\n|-heal|p1a: Smith|10\/100 par|[from] item: Leftovers\n|upkeep\n|turn|6\n|\n|t:|1697931705\n|switch|p1a: Baihu|Landorus-Therian, M|100\/100\n|-damage|p1a: Baihu|88\/100|[from] Stealth Rock\n|-ability|p1a: Baihu|Intimidate|boost\n|-unboost|p2a: Magnezone|atk|1\n|move|p2a: Magnezone|Flash Cannon|p1a: Baihu\n|-damage|p1a: Baihu|0 fnt\n|faint|p1a: Baihu\n|\n|upkeep\n|\n|t:|1697931733\n|switch|p1a: Komainu|Arcanine-Hisui, M|100\/100\n|-damage|p1a: Komainu|76\/100|[from] Stealth Rock\n|-item|p1a: Komainu|Air Balloon\n|turn|7\n|\n|t:|1697931769\n|switch|p2a: Sandaconda|Sandaconda, F|100\/100\n|move|p1a: Komainu|Flare Blitz|p2a: Sandaconda\n|-damage|p2a: Sandaconda|62\/100\n|-damage|p1a: Komainu|59\/100|[from] item: Rocky Helmet|[of] p2a: Sandaconda\n|\n|upkeep\n|turn|8\n|\n|t:|1697931783\n|move|p1a: Komainu|Tera Blast|p2a: Sandaconda\n|-damage|p2a: Sandaconda|40\/100\n|move|p2a: Sandaconda|Glare|p1a: Komainu\n|-status|p1a: Komainu|par\n|\n|upkeep\n|turn|9\n|\n|t:|1697931793\n|-terastallize|p1a: Komainu|Grass\n|move|p2a: Sandaconda|Earthquake|p1a: Komainu\n|-immune|p1a: Komainu\n|move|p1a: Komainu|Tera Blast|p2a: Sandaconda|[anim] Tera Blast Grass\n|-supereffective|p2a: Sandaconda\n|-damage|p2a: Sandaconda|0 fnt\n|faint|p2a: Sandaconda\n|\n|upkeep\n|l| Immortal bear\n|\n|t:|1697931830\n|switch|p2a: Magnezone|Magnezone|84\/100\n|turn|10\n|\n|t:|1697931892\n|switch|p1a: Smith|Appletun, M|10\/100 par\n|-damage|p1a: Smith|0 fnt|[from] Stealth Rock\n|faint|p1a: Smith\n|move|p2a: Magnezone|Flash Cannon|p1: Smith|[notarget]\n|-fail|p2a: Magnezone\n|\n|upkeep\n|\n|t:|1697931898\n|switch|p1a: Henry|Squawkabilly-Blue, M|100\/100\n|-damage|p1a: Henry|76\/100|[from] Stealth Rock\n|turn|11\n|\n|t:|1697931925\n|switch|p2a: Probopass|Probopass, F|100\/100\n|-item|p2a: Probopass|Air Balloon\n|move|p1a: Henry|Tailwind|p1a: Henry\n|-sidestart|p1: Dracoignius97|move: Tailwind\n|\n|-status|p1a: Henry|brn|[from] item: Flame Orb\n|upkeep\n|turn|12\n|\n|t:|1697931966\n|move|p1a: Henry|Facade|p2a: Probopass\n|-resisted|p2a: Probopass\n|-damage|p2a: Probopass|84\/100\n|-enditem|p2a: Probopass|Air Balloon\n|move|p2a: Probopass|Stone Edge|p1a: Henry|[miss]\n|-miss|p2a: Probopass|p1a: Henry\n|\n|-damage|p1a: Henry|69\/100 brn|[from] brn\n|upkeep\n|turn|13\n|\n|t:|1697931982\n|switch|p1a: Zip|Banette, F|100\/100\n|-damage|p1a: Zip|88\/100|[from] Stealth Rock\n|move|p2a: Probopass|Stone Edge|p1a: Zip\n|-damage|p1a: Zip|71\/100\n|\n|upkeep\n|turn|14\n|\n|t:|1697931998\n|move|p1a: Zip|Will-O-Wisp|p2a: Probopass\n|-status|p2a: Probopass|brn\n|move|p2a: Probopass|Volt Switch|p1a: Zip\n|-damage|p1a: Zip|44\/100\n|-start|p2a: Probopass|Disable|Volt Switch|[from] ability: Cursed Body|[of] p1a: Zip\n|\n|t:|1697932007\n|switch|p2a: Hippowdon|Hippowdon, M|60\/100|[from] Volt Switch\n|-weather|Sandstorm|[from] ability: Sand Stream|[of] p2a: Hippowdon\n|\n|-weather|Sandstorm|[upkeep]\n|-damage|p1a: Zip|38\/100|[from] Sandstorm\n|-heal|p2a: Hippowdon|66\/100|[from] item: Leftovers\n|-sideend|p1: Dracoignius97|move: Tailwind\n|upkeep\n|turn|15\n|\n|t:|1697932019\n|move|p1a: Zip|Knock Off|p2a: Hippowdon\n|-damage|p2a: Hippowdon|50\/100\n|-enditem|p2a: Hippowdon|Leftovers|[from] move: Knock Off|[of] p1a: Zip\n|move|p2a: Hippowdon|Roar|p1a: Zip\n|drag|p1a: Daunting|Crawdaunt, F|100\/100\n|-damage|p1a: Daunting|88\/100|[from] Stealth Rock\n|\n|-weather|Sandstorm|[upkeep]\n|-damage|p1a: Daunting|82\/100|[from] Sandstorm\n|upkeep\n|turn|16\n|\n|t:|1697932037\n|move|p1a: Daunting|Crabhammer|p2a: Hippowdon\n|-supereffective|p2a: Hippowdon\n|-damage|p2a: Hippowdon|0 fnt\n|faint|p2a: Hippowdon\n|\n|-weather|Sandstorm|[upkeep]\n|-damage|p1a: Daunting|76\/100|[from] Sandstorm\n|upkeep\n|\n|t:|1697932054\n|switch|p2a: Magnezone|Magnezone|84\/100\n|turn|17\n|\n|t:|1697932075\n|switch|p1a: Zip|Banette, F|38\/100\n|-damage|p1a: Zip|25\/100|[from] Stealth Rock\n|move|p2a: Magnezone|Volt Switch|p1a: Zip\n|-damage|p1a: Zip|0 fnt\n|-start|p2a: Magnezone|Disable|Volt Switch|[from] ability: Cursed Body|[of] p1a: Zip\n|faint|p1a: Zip\n|\n|t:|1697932100\n|switch|p2a: Probopass|Probopass, F|84\/100 brn|[from] Volt Switch\n|\n|-weather|Sandstorm|[upkeep]\n|-damage|p2a: Probopass|77\/100 brn|[from] brn\n|upkeep\n|\n|t:|1697932137\n|switch|p1a: Daunting|Crawdaunt, F|76\/100\n|-damage|p1a: Daunting|64\/100|[from] Stealth Rock\n|turn|18\n|\n|t:|1697932146\n|move|p1a: Daunting|Close Combat|p2a: Probopass\n|-supereffective|p2a: Probopass\n|-damage|p2a: Probopass|0 fnt\n|-unboost|p1a: Daunting|def|1\n|-unboost|p1a: Daunting|spd|1\n|faint|p2a: Probopass\n|\n|-weather|none\n|upkeep\n|\n|t:|1697932170\n|switch|p2a: Scizor|Scizor, F|100\/100\n|turn|19\n|\n|t:|1697932202\n|switch|p1a: Komainu|Arcanine-Hisui, M, tera:Grass|59\/100 par\n|-damage|p1a: Komainu|47\/100 par|[from] Stealth Rock\n|-item|p1a: Komainu|Air Balloon\n|move|p2a: Scizor|Close Combat|p1a: Komainu\n|-crit|p1a: Komainu\n|-damage|p1a: Komainu|0 fnt\n|-unboost|p2a: Scizor|def|1\n|-unboost|p2a: Scizor|spd|1\n|-enditem|p1a: Komainu|Air Balloon\n|faint|p1a: Komainu\n|-damage|p2a: Scizor|91\/100|[from] item: Life Orb\n|\n|upkeep\n|\n|t:|1697932214\n|switch|p1a: Henry|Squawkabilly-Blue, M|69\/100 brn\n|-damage|p1a: Henry|44\/100 brn|[from] Stealth Rock\n|turn|20\n|\n|t:|1697932234\n|move|p2a: Scizor|Bullet Punch|p1a: Henry\n|-damage|p1a: Henry|0 fnt\n|faint|p1a: Henry\n|-damage|p2a: Scizor|81\/100|[from] item: Life Orb\n|\n|upkeep\n|c|\u2606Dracoignius97|gg\n|\n|t:|1697932239\n|switch|p1a: Daunting|Crawdaunt, F|64\/100\n|-damage|p1a: Daunting|52\/100|[from] Stealth Rock\n|turn|21\n|\n|t:|1697932255\n|move|p2a: Scizor|Close Combat|p1a: Daunting\n|-supereffective|p1a: Daunting\n|-damage|p1a: Daunting|0 fnt\n|-unboost|p2a: Scizor|def|1\n|-unboost|p2a: Scizor|spd|1\n|faint|p1a: Daunting\n|-damage|p2a: Scizor|71\/100|[from] item: Life Orb\n|\n|win|lewkzor\n","uploadtime":1697932265,"views":14,"p1id":"dracoignius97","p2id":"lewkzor","formatid":"gen9ubers","rating":0,"private":0,"password":""}