{"id":"gen9ubers-1987939363","p1":"Nerdiestyt","p2":"1P1o1s1h1e1","format":"[Gen 9] Ubers","log":"|j|\u2606Nerdiestyt\n|j|\u26061P1o1s1h1e1\n|t:|1699651189\n|gametype|singles\n|player|p1|Nerdiestyt|lucas|\n|player|p2|1P1o1s1h1e1|102|\n|teamsize|p1|6\n|teamsize|p2|6\n|gen|9\n|tier|[Gen 9] Ubers\n|rule|Sleep Clause Mod: Limit one foe put to sleep\n|rule|Species Clause: Limit one of each Pok\u00e9mon\n|rule|OHKO Clause: OHKO moves are banned\n|rule|Evasion Items Clause: Evasion items are banned\n|rule|Evasion Moves Clause: Evasion moves are banned\n|rule|Endless Battle Clause: Forcing endless battles is banned\n|rule|HP Percentage Mod: HP is shown in percentages\n|clearpoke\n|poke|p1|Zacian-*|\n|poke|p1|Palafin, M|\n|poke|p1|Chi-Yu|\n|poke|p1|Meowscarada, F|\n|poke|p1|Sneasler, F|\n|poke|p1|Garchomp, M|\n|poke|p2|Torkoal, M|\n|poke|p2|Chi-Yu|\n|poke|p2|Walking Wake|\n|poke|p2|Shaymin-Sky|\n|poke|p2|Arceus-Fire|\n|poke|p2|Maushold-Four|\n|teampreview\n|\n|t:|1699651206\n|start\n|switch|p1a: Sneasler|Sneasler, F|100\/100\n|switch|p2a: Fire God|Arceus-Fire|100\/100\n|turn|1\n|\n|t:|1699651215\n|move|p1a: Sneasler|Dire Claw|p2a: Fire God\n|-damage|p2a: Fire God|69\/100\n|-status|p2a: Fire God|slp\n|cant|p2a: Fire God|slp\n|\n|upkeep\n|turn|2\n|\n|t:|1699651221\n|move|p1a: Sneasler|Dire Claw|p2a: Fire God\n|-damage|p2a: Fire God|36\/100 slp\n|cant|p2a: Fire God|slp\n|\n|upkeep\n|turn|3\n|\n|t:|1699651227\n|move|p1a: Sneasler|Dire Claw|p2a: Fire God\n|-damage|p2a: Fire God|7\/100 slp\n|-curestatus|p2a: Fire God|slp|[msg]\n|move|p2a: Fire God|Earthquake|p1a: Sneasler\n|-supereffective|p1a: Sneasler\n|-damage|p1a: Sneasler|0 fnt\n|faint|p1a: Sneasler\n|\n|upkeep\n|\n|t:|1699651243\n|switch|p1a: Palafin|Palafin, M|100\/100\n|turn|4\n|\n|t:|1699651250\n|move|p2a: Fire God|Earthquake|p1a: Palafin\n|-damage|p1a: Palafin|55\/100\n|move|p1a: Palafin|Ice Punch|p2a: Fire God\n|-resisted|p2a: Fire God\n|-damage|p2a: Fire God|0 fnt\n|faint|p2a: Fire God\n|\n|upkeep\n|\n|t:|1699651258\n|switch|p2a: Hot Pot|Torkoal, M|100\/100\n|-weather|SunnyDay|[from] ability: Drought|[of] p2a: Hot Pot\n|turn|5\n|\n|t:|1699651270\n|detailschange|p1a: Palafin|Palafin-Hero, M\n|switch|p1a: Chi-Yu|Chi-Yu|100\/100\n|-ability|p1a: Chi-Yu|Beads of Ruin\n|switch|p2a: Palkia-lite|Walking Wake|100\/100\n|-activate|p2a: Palkia-lite|ability: Protosynthesis\n|-start|p2a: Palkia-lite|protosynthesisspe\n|\n|-weather|SunnyDay|[upkeep]\n|upkeep\n|turn|6\n|\n|t:|1699651279\n|-terastallize|p1a: Chi-Yu|Grass\n|move|p2a: Palkia-lite|Hydro Steam|p1a: Chi-Yu\n|-resisted|p1a: Chi-Yu\n|-damage|p1a: Chi-Yu|48\/100\n|move|p1a: Chi-Yu|Dark Pulse|p2a: Palkia-lite\n|-damage|p2a: Palkia-lite|36\/100\n|\n|-weather|SunnyDay|[upkeep]\n|upkeep\n|turn|7\n|\n|t:|1699651287\n|switch|p1a: Palafin|Palafin-Hero, M|55\/100\n|-activate|p1a: Palafin|ability: Zero to Hero\n|move|p2a: Palkia-lite|Hydro Steam|p1a: Palafin\n|-resisted|p1a: Palafin\n|-damage|p1a: Palafin|1\/100\n|\n|-weather|SunnyDay|[upkeep]\n|upkeep\n|turn|8\n|\n|t:|1699651296\n|move|p1a: Palafin|Jet Punch|p2a: Palkia-lite\n|-resisted|p2a: Palkia-lite\n|-damage|p2a: Palkia-lite|30\/100\n|move|p2a: Palkia-lite|Hydro Steam|p1a: Palafin\n|-resisted|p1a: Palafin\n|-damage|p1a: Palafin|0 fnt\n|faint|p1a: Palafin\n|\n|-weather|SunnyDay|[upkeep]\n|upkeep\n|\n|t:|1699651300\n|switch|p1a: Zacian|Zacian|100\/100\n|-ability|p1a: Zacian|Intrepid Sword|boost\n|-boost|p1a: Zacian|atk|1\n|turn|9\n|\n|t:|1699651308\n|move|p1a: Zacian|Play Rough|p2a: Palkia-lite\n|-supereffective|p2a: Palkia-lite\n|-damage|p2a: Palkia-lite|0 fnt\n|faint|p2a: Palkia-lite\n|-end|p2a: Palkia-lite|Protosynthesis|[silent]\n|\n|-weather|SunnyDay|[upkeep]\n|upkeep\n|\n|t:|1699651320\n|switch|p2a: Hot Pot|Torkoal, M|100\/100\n|turn|10\n|\n|t:|1699651333\n|switch|p1a: Meowscarada|Meowscarada, F|100\/100\n|move|p2a: Hot Pot|Stealth Rock|p1a: Meowscarada\n|-sidestart|p1: Nerdiestyt|move: Stealth Rock\n|\n|-weather|SunnyDay|[upkeep]\n|upkeep\n|turn|11\n|\n|t:|1699651342\n|move|p1a: Meowscarada|Knock Off|p2a: Hot Pot\n|-start|p1a: Meowscarada|typechange|Dark|[from] ability: Protean\n|-damage|p2a: Hot Pot|64\/100\n|-enditem|p2a: Hot Pot|Heat Rock|[from] move: Knock Off|[of] p1a: Meowscarada\n|move|p2a: Hot Pot|Lava Plume|p1a: Meowscarada\n|-damage|p1a: Meowscarada|42\/100\n|\n|-weather|SunnyDay|[upkeep]\n|upkeep\n|turn|12\n|\n|t:|1699651390\n|move|p1a: Meowscarada|Knock Off|p2a: Hot Pot\n|-damage|p2a: Hot Pot|41\/100\n|move|p2a: Hot Pot|Body Press|p1a: Meowscarada\n|-supereffective|p1a: Meowscarada\n|-damage|p1a: Meowscarada|0 fnt\n|faint|p1a: Meowscarada\n|\n|-weather|none\n|upkeep\n|\n|t:|1699651402\n|switch|p1a: Garchomp|Garchomp, M|100\/100\n|-damage|p1a: Garchomp|94\/100|[from] Stealth Rock\n|turn|13\n|\n|t:|1699651420\n|move|p1a: Garchomp|Scale Shot|p2a: Hot Pot\n|-damage|p2a: Hot Pot|33\/100\n|-damage|p2a: Hot Pot|26\/100\n|-damage|p2a: Hot Pot|17\/100\n|-hitcount|p2a: Hot Pot|3\n|-unboost|p1a: Garchomp|def|1\n|-boost|p1a: Garchomp|spe|1\n|move|p2a: Hot Pot|Yawn|p1a: Garchomp\n|-start|p1a: Garchomp|move: Yawn|[of] p2a: Hot Pot\n|\n|upkeep\n|turn|14\n|\n|t:|1699651432\n|switch|p2a: Underdog|Shaymin-Sky|100\/100\n|move|p1a: Garchomp|Swords Dance|p1a: Garchomp\n|-boost|p1a: Garchomp|atk|2\n|\n|-end|p1a: Garchomp|move: Yawn|[silent]\n|-status|p1a: Garchomp|slp\n|upkeep\n|turn|15\n|\n|t:|1699651440\n|cant|p1a: Garchomp|slp\n|move|p2a: Underdog|Leech Seed|p1a: Garchomp\n|-start|p1a: Garchomp|move: Leech Seed\n|\n|-damage|p1a: Garchomp|82\/100 slp|[from] Leech Seed|[of] p2a: Underdog\n|upkeep\n|turn|16\n|\n|t:|1699651447\n|cant|p1a: Garchomp|slp\n|move|p2a: Underdog|Substitute|p2a: Underdog\n|-start|p2a: Underdog|Substitute\n|-damage|p2a: Underdog|76\/100\n|\n|-damage|p1a: Garchomp|70\/100 slp|[from] Leech Seed|[of] p2a: Underdog\n|-heal|p2a: Underdog|87\/100|[silent]\n|upkeep\n|turn|17\n|\n|t:|1699651454\n|cant|p1a: Garchomp|slp\n|move|p2a: Underdog|Seed Flare|p1a: Garchomp\n|-damage|p1a: Garchomp|18\/100 slp\n|-unboost|p1a: Garchomp|spd|2\n|\n|-damage|p1a: Garchomp|6\/100 slp|[from] Leech Seed|[of] p2a: Underdog\n|-heal|p2a: Underdog|98\/100|[silent]\n|upkeep\n|turn|18\n|\n|t:|1699651461\n|-curestatus|p1a: Garchomp|slp|[msg]\n|move|p1a: Garchomp|Scale Shot|p2a: Underdog\n|-end|p2a: Underdog|Substitute\n|-damage|p2a: Underdog|68\/100\n|-damage|p2a: Underdog|38\/100\n|-hitcount|p2a: Underdog|3\n|-unboost|p1a: Garchomp|def|1\n|-boost|p1a: Garchomp|spe|1\n|move|p2a: Underdog|Substitute|p2a: Underdog\n|-start|p2a: Underdog|Substitute\n|-damage|p2a: Underdog|13\/100\n|\n|-damage|p1a: Garchomp|0 fnt|[from] Leech Seed|[of] p2a: Underdog\n|-heal|p2a: Underdog|18\/100|[silent]\n|faint|p1a: Garchomp\n|upkeep\n|\n|t:|1699651477\n|switch|p1a: Chi-Yu|Chi-Yu, tera:Grass|48\/100\n|-damage|p1a: Chi-Yu|35\/100|[from] Stealth Rock\n|-ability|p1a: Chi-Yu|Beads of Ruin\n|turn|19\n|\n|t:|1699651480\n|move|p1a: Chi-Yu|Flamethrower|p2a: Underdog\n|-supereffective|p2a: Underdog\n|-end|p2a: Underdog|Substitute\n|move|p2a: Underdog|Air Slash|p1a: Chi-Yu\n|-supereffective|p1a: Chi-Yu\n|-damage|p1a: Chi-Yu|0 fnt\n|faint|p1a: Chi-Yu\n|\n|upkeep\n|\n|t:|1699651486\n|switch|p1a: Zacian|Zacian|100\/100\n|-damage|p1a: Zacian|88\/100|[from] Stealth Rock\n|turn|20\n|\n|t:|1699651545\n|move|p1a: Zacian|Close Combat|p2a: Underdog\n|-resisted|p2a: Underdog\n|-crit|p2a: Underdog\n|-damage|p2a: Underdog|0 fnt\n|-unboost|p1a: Zacian|def|1\n|-unboost|p1a: Zacian|spd|1\n|faint|p2a: Underdog\n|\n|upkeep\n|\n|t:|1699651549\n|switch|p2a: Hot Pot|Torkoal, M|17\/100\n|-weather|SunnyDay|[from] ability: Drought|[of] p2a: Hot Pot\n|turn|21\n|\n|t:|1699651553\n|-terastallize|p2a: Hot Pot|Ghost\n|move|p1a: Zacian|Close Combat|p2a: Hot Pot\n|-immune|p2a: Hot Pot\n|move|p2a: Hot Pot|Lava Plume|p1a: Zacian\n|-damage|p1a: Zacian|35\/100\n|\n|-weather|SunnyDay|[upkeep]\n|upkeep\n|turn|22\n|c|\u2606Nerdiestyt|Gg!\n|c|\u26061P1o1s1h1e1|gg\n|\n|t:|1699651564\n|move|p1a: Zacian|Close Combat|p2a: Hot Pot\n|-immune|p2a: Hot Pot\n|move|p2a: Hot Pot|Lava Plume|p1a: Zacian\n|-damage|p1a: Zacian|0 fnt\n|faint|p1a: Zacian\n|\n|win|1P1o1s1h1e1\n|c|\u2606Nerdiestyt|Its scarfed\n|c|\u26061P1o1s1h1e1|yeah  i figured that out when\n|c|\u26061P1o1s1h1e1|it was faster than wake i think\n|c|\u26061P1o1s1h1e1|but gg\n","uploadtime":1699651586,"views":60,"p1id":"nerdiestyt","p2id":"1p1o1s1h1e1","formatid":"gen9ubers","rating":0,"private":0,"password":""}