{"id":"gen9ubers-1972626390","p1":"fart narb","p2":"icybook","format":"[Gen 9] Ubers","log":"|j|\u2606fart narb\n|j|\u2606icybook\n|t:|1697866569\n|gametype|singles\n|player|p1|fart narb|2|1165\n|player|p2|icybook|volkner|1167\n|teamsize|p1|6\n|teamsize|p2|6\n|gen|9\n|tier|[Gen 9] Ubers\n|rated|\n|rule|Sleep Clause Mod: Limit one foe put to sleep\n|rule|Species Clause: Limit one of each Pok\u00e9mon\n|rule|OHKO Clause: OHKO moves are banned\n|rule|Evasion Items Clause: Evasion items are banned\n|rule|Evasion Moves Clause: Evasion moves are banned\n|rule|Endless Battle Clause: Forcing endless battles is banned\n|rule|HP Percentage Mod: HP is shown in percentages\n|clearpoke\n|poke|p1|Ogerpon-Wellspring, F|\n|poke|p1|Garganacl, F|\n|poke|p1|Gliscor, F|\n|poke|p1|Clefable, F|\n|poke|p1|Bisharp, M|\n|poke|p1|Arceus-Fire|\n|poke|p2|Arcanine-Hisui, M|\n|poke|p2|Dondozo, F|\n|poke|p2|Annihilape, M|\n|poke|p2|Chi-Yu|\n|poke|p2|Amoonguss, F|\n|poke|p2|Ursaluna-Bloodmoon, M|\n|teampreview\n|\n|t:|1697866588\n|start\n|switch|p1a: Bisharp|Bisharp, M|100\/100\n|switch|p2a: Amoonguss|Amoonguss, F, shiny|100\/100\n|turn|1\n|\n|t:|1697866606\n|switch|p2a: Dondozo|Dondozo, F|100\/100\n|move|p1a: Bisharp|Swords Dance|p1a: Bisharp\n|-boost|p1a: Bisharp|atk|2\n|\n|upkeep\n|turn|2\n|\n|t:|1697866622\n|-terastallize|p2a: Dondozo|Steel\n|move|p1a: Bisharp|Grass Knot|p2a: Dondozo\n|-resisted|p2a: Dondozo\n|-damage|p2a: Dondozo|95\/100\n|move|p2a: Dondozo|Earthquake|p1a: Bisharp\n|-supereffective|p1a: Bisharp\n|-damage|p1a: Bisharp|60\/100\n|\n|upkeep\n|turn|3\n|\n|t:|1697866654\n|switch|p1a: Gliscor|Gliscor, F|100\/100\n|move|p2a: Dondozo|Earthquake|p1a: Gliscor\n|-immune|p1a: Gliscor\n|\n|-status|p1a: Gliscor|tox|[from] item: Toxic Orb\n|upkeep\n|turn|4\n|\n|t:|1697866666\n|move|p1a: Gliscor|Earthquake|p2a: Dondozo\n|-supereffective|p2a: Dondozo\n|-damage|p2a: Dondozo|52\/100\n|move|p2a: Dondozo|Ice Fang|p1a: Gliscor\n|-supereffective|p1a: Gliscor\n|-damage|p1a: Gliscor|44\/100 tox\n|\n|-heal|p1a: Gliscor|56\/100 tox|[from] ability: Poison Heal\n|upkeep\n|turn|5\n|\n|t:|1697866683\n|move|p1a: Gliscor|Earthquake|p2a: Dondozo\n|-supereffective|p2a: Dondozo\n|-damage|p2a: Dondozo|11\/100\n|move|p2a: Dondozo|Ice Fang|p1a: Gliscor\n|-supereffective|p1a: Gliscor\n|-damage|p1a: Gliscor|6\/100 tox\n|\n|-heal|p1a: Gliscor|19\/100 tox|[from] ability: Poison Heal\n|upkeep\n|turn|6\n|\n|t:|1697866693\n|move|p1a: Gliscor|Earthquake|p2a: Dondozo\n|-supereffective|p2a: Dondozo\n|-damage|p2a: Dondozo|0 fnt\n|faint|p2a: Dondozo\n|\n|-heal|p1a: Gliscor|31\/100 tox|[from] ability: Poison Heal\n|upkeep\n|\n|t:|1697866703\n|switch|p2a: Chi-Yu|Chi-Yu|100\/100\n|-ability|p2a: Chi-Yu|Beads of Ruin\n|turn|7\n|\n|t:|1697866714\n|move|p1a: Gliscor|Protect|p1a: Gliscor\n|-singleturn|p1a: Gliscor|Protect\n|move|p2a: Chi-Yu|Psychic|p1a: Gliscor\n|-activate|p1a: Gliscor|move: Protect\n|\n|-heal|p1a: Gliscor|44\/100 tox|[from] ability: Poison Heal\n|upkeep\n|turn|8\n|\n|t:|1697866728\n|move|p2a: Chi-Yu|Psychic|p1a: Gliscor\n|-damage|p1a: Gliscor|0 fnt\n|faint|p1a: Gliscor\n|\n|upkeep\n|\n|t:|1697866738\n|switch|p1a: Ogerpon|Ogerpon-Wellspring, F|100\/100\n|turn|9\n|\n|t:|1697866750\n|-terastallize|p1a: Ogerpon|Water\n|detailschange|p1a: Ogerpon|Ogerpon-Wellspring-Tera, F, tera:Water\n|-ability|p1a: Ogerpon|Embody Aspect (Wellspring)|boost\n|-boost|p1a: Ogerpon|spd|1\n|move|p1a: Ogerpon|Ivy Cudgel|p2a: Chi-Yu\n|-supereffective|p2a: Chi-Yu\n|-crit|p2a: Chi-Yu\n|-damage|p2a: Chi-Yu|0 fnt\n|faint|p2a: Chi-Yu\n|\n|upkeep\n|\n|t:|1697866759\n|switch|p2a: Amoonguss|Amoonguss, F, shiny|100\/100\n|turn|10\n|\n|t:|1697866767\n|move|p1a: Ogerpon|Swords Dance|p1a: Ogerpon\n|-boost|p1a: Ogerpon|atk|2\n|move|p2a: Amoonguss|Spore|p1a: Ogerpon\n|-status|p1a: Ogerpon|slp|[from] move: Spore\n|\n|upkeep\n|turn|11\n|\n|t:|1697866781\n|cant|p1a: Ogerpon|slp\n|move|p2a: Amoonguss|Grass Knot|p1a: Ogerpon\n|-supereffective|p1a: Ogerpon\n|-damage|p1a: Ogerpon|73\/100 slp\n|\n|upkeep\n|turn|12\n|\n|t:|1697866789\n|cant|p1a: Ogerpon|slp\n|move|p2a: Amoonguss|Grass Knot|p1a: Ogerpon\n|-supereffective|p1a: Ogerpon\n|-damage|p1a: Ogerpon|46\/100 slp\n|\n|upkeep\n|turn|13\n|\n|t:|1697866805\n|switch|p1a: Bisharp|Bisharp, M|60\/100\n|move|p2a: Amoonguss|Grass Knot|p1a: Bisharp\n|-resisted|p1a: Bisharp\n|-damage|p1a: Bisharp|48\/100\n|\n|upkeep\n|turn|14\n|-message|fart narb forfeited.\n|\n|win|icybook\n|raw|fart narb's rating: 1165 &rarr; <strong>1140<\/strong><br \/>(-25 for losing)\n|raw|icybook's rating: 1167 &rarr; <strong>1192<\/strong><br \/>(+25 for winning)\n|l|\u2606fart narb\n","uploadtime":1697866815,"views":15,"p1id":"fartnarb","p2id":"icybook","formatid":"gen9ubers","rating":1140,"private":0,"password":""}