{"id":"gen9ubers-1977903254","p1":"nicneg","p2":"thatguy_313","format":"[Gen 9] Ubers","log":"|j|\u2606nicneg\n|j|\u2606thatguy_313\n|t:|1698464127\n|gametype|singles\n|player|p1|nicneg|hiker-gen4|\n|player|p2|thatguy_313|larry|\n|teamsize|p1|6\n|teamsize|p2|6\n|gen|9\n|tier|[Gen 9] Ubers\n|rule|Sleep Clause Mod: Limit one foe put to sleep\n|rule|Species Clause: Limit one of each Pok\u00e9mon\n|rule|OHKO Clause: OHKO moves are banned\n|rule|Evasion Items Clause: Evasion items are banned\n|rule|Evasion Moves Clause: Evasion moves are banned\n|rule|Endless Battle Clause: Forcing endless battles is banned\n|rule|HP Percentage Mod: HP is shown in percentages\n|clearpoke\n|poke|p1|Sylveon, M|\n|poke|p1|Donphan, F|\n|poke|p1|Thundurus, M|\n|poke|p1|Manaphy|\n|poke|p1|Leavanny, F|\n|poke|p1|Glaceon, M|\n|poke|p2|Pelipper, M|\n|poke|p2|Golduck, M|\n|poke|p2|Barraskewda, M|\n|poke|p2|Overqwil, F|\n|poke|p2|Kilowattrel, M|\n|poke|p2|Oricorio-Sensu, M|\n|teampreview\n|c|\u2606thatguy_313|glhf\n|c|\u2606nicneg|u2\n|c|\u2606nicneg|no one wants to come :(\n|j| stealthr2\n|\n|t:|1698464268\n|start\n|switch|p1a: Sylveon|Sylveon, M|100\/100\n|switch|p2a: BringTheRain|Pelipper, M|100\/100\n|-weather|RainDance|[from] ability: Drizzle|[of] p2a: BringTheRain\n|turn|1\n|c|\u2606thatguy_313|sadge\n|c|\u2606nicneg|Cant wait to get swept by Oricorio\n|\n|t:|1698464328\n|move|p2a: BringTheRain|U-turn|p1a: Sylveon\n|-resisted|p1a: Sylveon\n|-damage|p1a: Sylveon|96\/100\n|\n|t:|1698464336\n|switch|p2a: LicenceToQwil|Overqwil, F|100\/100|[from] U-turn\n|move|p1a: Sylveon|Substitute|p1a: Sylveon\n|-start|p1a: Sylveon|Substitute\n|-damage|p1a: Sylveon|71\/100\n|\n|-weather|RainDance|[upkeep]\n|upkeep\n|turn|2\n|l| stealthr2\n|\n|t:|1698464370\n|move|p2a: LicenceToQwil|Liquidation|p1a: Sylveon\n|-end|p1a: Sylveon|Substitute\n|move|p1a: Sylveon|Hyper Voice|p2a: LicenceToQwil\n|-damage|p2a: LicenceToQwil|21\/100\n|\n|-weather|RainDance|[upkeep]\n|upkeep\n|turn|3\n|j| amdomo\n|l| amdomo\n|\n|t:|1698464510\n|switch|p1a: Manaphy|Manaphy|100\/100\n|move|p2a: LicenceToQwil|Spikes|p1a: Manaphy\n|-sidestart|p1: nicneg|Spikes\n|\n|-weather|RainDance|[upkeep]\n|upkeep\n|turn|4\n|\n|t:|1698464564\n|switch|p2a: SportySpice|Barraskewda, M|100\/100\n|move|p1a: Manaphy|Light Screen|p1a: Manaphy\n|-sidestart|p1: nicneg|move: Light Screen\n|\n|-weather|RainDance|[upkeep]\n|upkeep\n|turn|5\n|\n|t:|1698464577\n|switch|p1a: Leavanny|Leavanny, F|100\/100\n|-damage|p1a: Leavanny|88\/100|[from] Spikes\n|-terastallize|p2a: SportySpice|Grass\n|move|p2a: SportySpice|Tera Blast|p1a: Leavanny|[anim] Tera Blast Grass\n|-resisted|p1a: Leavanny\n|-damage|p1a: Leavanny|78\/100\n|-damage|p2a: SportySpice|91\/100|[from] item: Life Orb\n|\n|-weather|RainDance|[upkeep]\n|upkeep\n|turn|6\n|c|\u2606nicneg|none of that\n|\n|t:|1698464605\n|move|p2a: SportySpice|Ice Fang|p1a: Leavanny\n|-supereffective|p1a: Leavanny\n|-damage|p1a: Leavanny|32\/100\n|-damage|p2a: SportySpice|81\/100|[from] item: Life Orb\n|move|p1a: Leavanny|Lunge|p2a: SportySpice\n|-supereffective|p2a: SportySpice\n|-damage|p2a: SportySpice|0 fnt\n|faint|p2a: SportySpice\n|\n|-weather|RainDance|[upkeep]\n|upkeep\n|\n|t:|1698464634\n|switch|p2a: LicenceToQwil|Overqwil, F|21\/100\n|turn|7\n|\n|t:|1698464662\n|move|p2a: LicenceToQwil|Poison Jab|p1a: Leavanny\n|-supereffective|p1a: Leavanny\n|-damage|p1a: Leavanny|0 fnt\n|faint|p1a: Leavanny\n|\n|-weather|RainDance|[upkeep]\n|upkeep\n|\n|t:|1698464707\n|switch|p1a: Manaphy|Manaphy|100\/100\n|-damage|p1a: Manaphy|88\/100|[from] Spikes\n|turn|8\n|\n|t:|1698464718\n|move|p2a: LicenceToQwil|Poison Jab|p1a: Manaphy\n|-damage|p1a: Manaphy|55\/100\n|move|p1a: Manaphy|Reflect|p1a: Manaphy\n|-sidestart|p1: nicneg|Reflect\n|\n|-weather|none\n|upkeep\n|turn|9\n|\n|t:|1698464748\n|move|p1a: Manaphy|Surf|p2a: LicenceToQwil\n|-damage|p2a: LicenceToQwil|0 fnt\n|faint|p2a: LicenceToQwil\n|\n|upkeep\n|\n|t:|1698464764\n|switch|p2a: BringTheRain|Pelipper, M|100\/100\n|-weather|RainDance|[from] ability: Drizzle|[of] p2a: BringTheRain\n|turn|10\n|\n|t:|1698464768\n|move|p1a: Manaphy|Tail Glow|p1a: Manaphy\n|-boost|p1a: Manaphy|spa|3\n|move|p2a: BringTheRain|U-turn|p1a: Manaphy\n|-damage|p1a: Manaphy|52\/100\n|\n|t:|1698464774\n|switch|p2a: ZapdosAtHome|Kilowattrel, M|100\/100|[from] U-turn\n|\n|-weather|RainDance|[upkeep]\n|upkeep\n|turn|11\n|\n|t:|1698464788\n|move|p2a: ZapdosAtHome|Thunder|p1a: Manaphy\n|-supereffective|p1a: Manaphy\n|-damage|p1a: Manaphy|0 fnt\n|faint|p1a: Manaphy\n|\n|-weather|RainDance|[upkeep]\n|-sideend|p1: nicneg|move: Light Screen\n|upkeep\n|c|\u2606nicneg|man\n|c|\u2606nicneg|every calc said that didnt kill\n|c|\u2606thatguy_313|Every calc\n|c|\u2606thatguy_313|except one\n|\n|t:|1698464836\n|switch|p1a: Glaceon|Glaceon, M|100\/100\n|-damage|p1a: Glaceon|88\/100|[from] Spikes\n|turn|12\n|\n|t:|1698464883\n|move|p2a: ZapdosAtHome|Hurricane|p1a: Glaceon\n|-damage|p1a: Glaceon|45\/100\n|move|p1a: Glaceon|Freeze-Dry|p2a: ZapdosAtHome\n|-supereffective|p2a: ZapdosAtHome\n|-damage|p2a: ZapdosAtHome|0 fnt\n|faint|p2a: ZapdosAtHome\n|\n|-weather|RainDance|[upkeep]\n|upkeep\n|\n|t:|1698464897\n|switch|p2a: Gholduckgo|Golduck, M|100\/100\n|turn|13\n|\n|t:|1698464903\n|move|p2a: Gholduckgo|Surf|p1a: Glaceon\n|-damage|p1a: Glaceon|0 fnt\n|faint|p1a: Glaceon\n|-damage|p2a: Gholduckgo|91\/100|[from] item: Life Orb\n|\n|-weather|RainDance|[upkeep]\n|upkeep\n|\n|t:|1698465013\n|switch|p1a: Sylveon|Sylveon, M|71\/100\n|-damage|p1a: Sylveon|59\/100|[from] Spikes\n|turn|14\n|\n|t:|1698465131\n|move|p2a: Gholduckgo|Flip Turn|p1a: Sylveon\n|-damage|p1a: Sylveon|43\/100\n|-damage|p2a: Gholduckgo|81\/100|[from] item: Life Orb\n|\n|t:|1698465136\n|switch|p2a: Halloweeeeeeeen|Oricorio-Sensu, M|100\/100|[from] Flip Turn\n|move|p1a: Sylveon|Hyper Voice|p2a: Halloweeeeeeeen\n|-damage|p2a: Halloweeeeeeeen|28\/100\n|\n|-weather|RainDance|[upkeep]\n|-heal|p2a: Halloweeeeeeeen|34\/100|[from] item: Leftovers\n|upkeep\n|turn|15\n|\n|t:|1698465262\n|move|p2a: Halloweeeeeeeen|Hurricane|p1a: Sylveon\n|-damage|p1a: Sylveon|17\/100\n|move|p1a: Sylveon|Hyper Voice|p2a: Halloweeeeeeeen\n|-damage|p2a: Halloweeeeeeeen|0 fnt\n|faint|p2a: Halloweeeeeeeen\n|\n|-weather|RainDance|[upkeep]\n|-sideend|p1: nicneg|Reflect\n|upkeep\n|\n|t:|1698465396\n|switch|p2a: Gholduckgo|Golduck, M|81\/100\n|turn|16\n|\n|t:|1698465404\n|move|p2a: Gholduckgo|Surf|p1a: Sylveon\n|-damage|p1a: Sylveon|0 fnt\n|faint|p1a: Sylveon\n|-damage|p2a: Gholduckgo|71\/100|[from] item: Life Orb\n|\n|-weather|RainDance|[upkeep]\n|upkeep\n|\n|t:|1698465418\n|switch|p1a: Thundurus|Thundurus, M|100\/100\n|turn|17\n|\n|t:|1698465449\n|-terastallize|p1a: Thundurus|Steel\n|move|p2a: Gholduckgo|Surf|p1a: Thundurus\n|-damage|p1a: Thundurus|0 fnt\n|faint|p1a: Thundurus\n|-damage|p2a: Gholduckgo|61\/100|[from] item: Life Orb\n|\n|-weather|none\n|upkeep\n|c|\u2606nicneg|what\n|c|\u2606nicneg|how\n|c|\u2606nicneg|that says 70%\n|c|\u2606nicneg|49\n|c|\u2606thatguy_313|You probably didn't calc the rain\n|c|\u2606nicneg|*79\n|c|\u2606nicneg|ah yep\n|c|\u2606nicneg|well fuck\n|\n|t:|1698465513\n|switch|p1a: Donphan|Donphan, F|100\/100\n|turn|18\n|\n|t:|1698465540\n|move|p2a: Gholduckgo|Surf|p1a: Donphan\n|-supereffective|p1a: Donphan\n|-ability|p1a: Donphan|Sturdy\n|-damage|p1a: Donphan|1\/100\n|-damage|p2a: Gholduckgo|51\/100|[from] item: Life Orb\n|move|p1a: Donphan|Earthquake|p2a: Gholduckgo\n|-crit|p2a: Gholduckgo\n|-damage|p2a: Gholduckgo|0 fnt\n|faint|p2a: Gholduckgo\n|\n|upkeep\n|\n|t:|1698465548\n|switch|p2a: BringTheRain|Pelipper, M|100\/100\n|-weather|RainDance|[from] ability: Drizzle|[of] p2a: BringTheRain\n|turn|19\n|\n|t:|1698465553\n|move|p2a: BringTheRain|Surf|p1a: Donphan\n|-supereffective|p1a: Donphan\n|-damage|p1a: Donphan|0 fnt\n|faint|p1a: Donphan\n|\n|win|thatguy_313\n|c|\u2606nicneg|gg\n|c|\u2606thatguy_313|gg\n","uploadtime":1698465558,"views":29,"p1id":"nicneg","p2id":"thatguy313","formatid":"gen9ubers","rating":0,"private":0,"password":""}