{"id":"gen9ubers-1979125089","p1":"Pokesweepers2022","p2":"Sumoterminator","format":"[Gen 9] Ubers","log":"|j|\u2606Pokesweepers2022\n|j|\u2606Sumoterminator\n|t:|1698635586\n|gametype|singles\n|player|p1|Pokesweepers2022|aaron|1262\n|player|p2|Sumoterminator|cyrus|1276\n|teamsize|p1|6\n|teamsize|p2|6\n|gen|9\n|tier|[Gen 9] Ubers\n|rated|\n|rule|Sleep Clause Mod: Limit one foe put to sleep\n|rule|Species Clause: Limit one of each Pok\u00e9mon\n|rule|OHKO Clause: OHKO moves are banned\n|rule|Evasion Items Clause: Evasion items are banned\n|rule|Evasion Moves Clause: Evasion moves are banned\n|rule|Endless Battle Clause: Forcing endless battles is banned\n|rule|HP Percentage Mod: HP is shown in percentages\n|clearpoke\n|poke|p1|Kingambit, F|\n|poke|p1|Baxcalibur, M|\n|poke|p1|Arceus|\n|poke|p1|Koraidon|\n|poke|p1|Ribombee, F|\n|poke|p1|Volcarona, F|\n|poke|p2|Giratina|\n|poke|p2|Mewtwo|\n|poke|p2|Arceus|\n|poke|p2|Rayquaza|\n|poke|p2|Groudon|\n|poke|p2|Dialga|\n|teampreview\n|\n|t:|1698635611\n|start\n|switch|p1a: Ribombee|Ribombee, F|100\/100\n|switch|p2a: Groudon|Groudon|100\/100\n|-weather|SunnyDay|[from] ability: Drought|[of] p2a: Groudon\n|turn|1\n|\n|t:|1698635614\n|move|p1a: Ribombee|Stun Spore|p2a: Groudon\n|-status|p2a: Groudon|par\n|cant|p2a: Groudon|par\n|\n|-weather|SunnyDay|[upkeep]\n|upkeep\n|turn|2\n|\n|t:|1698635618\n|move|p1a: Ribombee|Sticky Web|p2a: Groudon\n|-sidestart|p2: Sumoterminator|move: Sticky Web\n|cant|p2a: Groudon|par\n|\n|-weather|SunnyDay|[upkeep]\n|upkeep\n|turn|3\n|\n|t:|1698635620\n|move|p1a: Ribombee|Tailwind|p1a: Ribombee\n|-sidestart|p1: Pokesweepers2022|move: Tailwind\n|move|p2a: Groudon|Stealth Rock|p1a: Ribombee\n|-sidestart|p1: Pokesweepers2022|move: Stealth Rock\n|\n|-weather|SunnyDay|[upkeep]\n|upkeep\n|turn|4\n|\n|t:|1698635629\n|switch|p1a: Baxcalibur|Baxcalibur, M|100\/100\n|-damage|p1a: Baxcalibur|76\/100|[from] Stealth Rock\n|move|p2a: Groudon|Precipice Blades|p1a: Baxcalibur\n|-damage|p1a: Baxcalibur|7\/100\n|\n|-weather|SunnyDay|[upkeep]\n|upkeep\n|turn|5\n|\n|t:|1698635641\n|move|p1a: Baxcalibur|Swords Dance|p1a: Baxcalibur\n|-boost|p1a: Baxcalibur|atk|2\n|move|p2a: Groudon|Precipice Blades|p1a: Baxcalibur\n|-damage|p1a: Baxcalibur|0 fnt\n|faint|p1a: Baxcalibur\n|\n|-weather|none\n|upkeep\n|inactive|Battle timer is ON: inactive players will automatically lose when time's up. (requested by Pokesweepers2022)\n|\n|t:|1698635645\n|switch|p1a: Koraidon|Koraidon|100\/100\n|-damage|p1a: Koraidon|94\/100|[from] Stealth Rock\n|-weather|SunnyDay|[from] ability: Orichalcum Pulse|[of] p1a: Koraidon\n|-activate|p1a: Koraidon|Orichalcum Pulse|[source]\n|turn|6\n|\n|t:|1698635662\n|move|p1a: Koraidon|Swords Dance|p1a: Koraidon\n|-boost|p1a: Koraidon|atk|2\n|move|p2a: Groudon|Will-O-Wisp|p1a: Koraidon\n|-status|p1a: Koraidon|brn\n|\n|-weather|SunnyDay|[upkeep]\n|-heal|p1a: Koraidon|100\/100 brn|[from] item: Leftovers\n|-damage|p1a: Koraidon|94\/100 brn|[from] brn\n|-sideend|p1: Pokesweepers2022|move: Tailwind\n|upkeep\n|turn|7\n|\n|t:|1698635672\n|move|p1a: Koraidon|Swords Dance|p1a: Koraidon\n|-boost|p1a: Koraidon|atk|2\n|move|p2a: Groudon|Precipice Blades|p1a: Koraidon\n|-damage|p1a: Koraidon|26\/100 brn\n|\n|-weather|SunnyDay|[upkeep]\n|-heal|p1a: Koraidon|32\/100 brn|[from] item: Leftovers\n|-damage|p1a: Koraidon|26\/100 brn|[from] brn\n|upkeep\n|turn|8\n|\n|t:|1698635676\n|move|p1a: Koraidon|Scale Shot|p2a: Groudon\n|-damage|p2a: Groudon|83\/100 par\n|-damage|p2a: Groudon|66\/100 par\n|-damage|p2a: Groudon|50\/100 par\n|-hitcount|p2a: Groudon|3\n|-unboost|p1a: Koraidon|def|1\n|-boost|p1a: Koraidon|spe|1\n|move|p2a: Groudon|Precipice Blades|p1a: Koraidon\n|-damage|p1a: Koraidon|0 fnt\n|faint|p1a: Koraidon\n|\n|-weather|SunnyDay|[upkeep]\n|-heal|p2a: Groudon|56\/100 par|[from] item: Leftovers\n|upkeep\n|\n|t:|1698635683\n|switch|p1a: Ribombee|Ribombee, F|100\/100\n|-damage|p1a: Ribombee|76\/100|[from] Stealth Rock\n|turn|9\n|\n|t:|1698635687\n|move|p1a: Ribombee|Tailwind|p1a: Ribombee\n|-sidestart|p1: Pokesweepers2022|move: Tailwind\n|move|p2a: Groudon|Precipice Blades|p1a: Ribombee\n|-resisted|p1a: Ribombee\n|-damage|p1a: Ribombee|11\/100\n|\n|-weather|SunnyDay|[upkeep]\n|-heal|p2a: Groudon|62\/100 par|[from] item: Leftovers\n|upkeep\n|turn|10\n|\n|t:|1698635692\n|move|p1a: Ribombee|Moonblast|p2a: Groudon\n|-damage|p2a: Groudon|33\/100 par\n|move|p2a: Groudon|Precipice Blades|p1a: Ribombee|[miss]\n|-miss|p2a: Groudon|p1a: Ribombee\n|\n|-weather|none\n|-heal|p2a: Groudon|39\/100 par|[from] item: Leftovers\n|upkeep\n|turn|11\n|\n|t:|1698635695\n|move|p1a: Ribombee|Moonblast|p2a: Groudon\n|-damage|p2a: Groudon|11\/100 par\n|move|p2a: Groudon|Precipice Blades|p1a: Ribombee\n|-resisted|p1a: Ribombee\n|-damage|p1a: Ribombee|0 fnt\n|faint|p1a: Ribombee\n|\n|-heal|p2a: Groudon|18\/100 par|[from] item: Leftovers\n|upkeep\n|\n|t:|1698635700\n|switch|p1a: Volcarona|Volcarona, F|100\/100\n|-damage|p1a: Volcarona|51\/100|[from] Stealth Rock\n|turn|12\n|\n|t:|1698635705\n|-terastallize|p1a: Volcarona|Grass\n|move|p1a: Volcarona|Quiver Dance|p1a: Volcarona\n|-boost|p1a: Volcarona|spa|1\n|-boost|p1a: Volcarona|spd|1\n|-boost|p1a: Volcarona|spe|1\n|move|p2a: Groudon|Precipice Blades|p1a: Volcarona\n|-resisted|p1a: Volcarona\n|-damage|p1a: Volcarona|0 fnt\n|faint|p1a: Volcarona\n|\n|-heal|p2a: Groudon|24\/100 par|[from] item: Leftovers\n|-sideend|p1: Pokesweepers2022|move: Tailwind\n|upkeep\n|\n|t:|1698635708\n|switch|p1a: Kingambit|Kingambit, F|100\/100\n|-damage|p1a: Kingambit|94\/100|[from] Stealth Rock\n|-activate|p1a: Kingambit|ability: Supreme Overlord\n|-start|p1a: Kingambit|fallen4|[silent]\n|turn|13\n|\n|t:|1698635710\n|-singleturn|p2a: Groudon|move: Focus Punch\n|move|p1a: Kingambit|Swords Dance|p1a: Kingambit\n|-boost|p1a: Kingambit|atk|2\n|move|p2a: Groudon|Focus Punch|p1a: Kingambit\n|-supereffective|p1a: Kingambit\n|-damage|p1a: Kingambit|0 fnt\n|faint|p1a: Kingambit\n|-end|p1a: Kingambit|fallen4|[silent]\n|\n|-heal|p2a: Groudon|30\/100 par|[from] item: Leftovers\n|upkeep\n|\n|t:|1698635712\n|switch|p1a: Arceus|Arceus|100\/100\n|-damage|p1a: Arceus|88\/100|[from] Stealth Rock\n|turn|14\n|\n|t:|1698635715\n|move|p1a: Arceus|Dragon Dance|p1a: Arceus\n|-boost|p1a: Arceus|atk|1\n|-boost|p1a: Arceus|spe|1\n|move|p2a: Groudon|Will-O-Wisp|p1a: Arceus\n|-status|p1a: Arceus|brn\n|\n|-heal|p2a: Groudon|36\/100 par|[from] item: Leftovers\n|-damage|p1a: Arceus|82\/100 brn|[from] brn\n|upkeep\n|turn|15\n|c|\u2606Pokesweepers2022|fuck\n|-message|Pokesweepers2022 forfeited.\n|\n|win|Sumoterminator\n|raw|Pokesweepers2022's rating: 1262 &rarr; <strong>1238<\/strong><br \/>(-24 for losing)\n|raw|Sumoterminator's rating: 1276 &rarr; <strong>1300<\/strong><br \/>(+24 for winning)\n|l|\u2606Pokesweepers2022\n","uploadtime":1698635727,"views":15,"p1id":"pokesweepers2022","p2id":"sumoterminator","formatid":"gen9ubers","rating":1238,"private":0,"password":""}