{"id":"gen9ubers-1988738530","p1":"Bestmaindragonite","p2":"babynogalXD","format":"[Gen 9] Ubers","log":"|j|\u2606Bestmaindragonite\n|j|\u2606babynogalXD\n|t:|1699756884\n|gametype|singles\n|player|p1|Bestmaindragonite|lillie|\n|player|p2|babynogalXD|ethan|\n|teamsize|p1|6\n|teamsize|p2|6\n|gen|9\n|tier|[Gen 9] Ubers\n|rule|Sleep Clause Mod: Limit one foe put to sleep\n|rule|Species Clause: Limit one of each Pok\u00e9mon\n|rule|OHKO Clause: OHKO moves are banned\n|rule|Evasion Items Clause: Evasion items are banned\n|rule|Evasion Moves Clause: Evasion moves are banned\n|rule|Endless Battle Clause: Forcing endless battles is banned\n|rule|HP Percentage Mod: HP is shown in percentages\n|clearpoke\n|poke|p1|Donphan, M|\n|poke|p1|Magearna|\n|poke|p1|Urshifu-*, F|\n|poke|p1|Ogerpon-Cornerstone, F|\n|poke|p1|Baxcalibur, M|\n|poke|p1|Kommo-o, F|\n|poke|p2|Gholdengo|\n|poke|p2|Typhlosion-Hisui, M|\n|poke|p2|Cutiefly, M|\n|poke|p2|Zapdos-Galar|\n|poke|p2|Espathra, M|\n|poke|p2|Iron Moth|\n|teampreview\n|j| GratedsShtickface\n|j| imperialorder241\n|\n|t:|1699756920\n|start\n|switch|p1a: Pon pon|Baxcalibur, M|100\/100\n|switch|p2a: Cutiefly|Cutiefly, M|100\/100\n|turn|1\n|\n|t:|1699756936\n|move|p2a: Cutiefly|Stun Spore|p1a: Pon pon|[miss]\n|-miss|p2a: Cutiefly|p1a: Pon pon\n|move|p1a: Pon pon|Dragon Dance|p1a: Pon pon\n|-boost|p1a: Pon pon|atk|1\n|-boost|p1a: Pon pon|spe|1\n|\n|upkeep\n|turn|2\n|\n|t:|1699756968\n|move|p1a: Pon pon|Icicle Spear|p2a: Cutiefly\n|-damage|p2a: Cutiefly|40\/100\n|-damage|p2a: Cutiefly|0 fnt\n|faint|p2a: Cutiefly\n|-hitcount|p2: Cutiefly|2\n|\n|upkeep\n|\n|t:|1699756970\n|switch|p2a: Iron Moth|Iron Moth|100\/100\n|-enditem|p2a: Iron Moth|Booster Energy\n|-activate|p2a: Iron Moth|ability: Quark Drive|[fromitem]\n|-start|p2a: Iron Moth|quarkdrivespe\n|turn|3\n|\n|t:|1699756975\n|-terastallize|p2a: Iron Moth|Fairy\n|move|p2a: Iron Moth|Dazzling Gleam|p1a: Pon pon\n|-supereffective|p1a: Pon pon\n|-damage|p1a: Pon pon|14\/100\n|move|p1a: Pon pon|Scale Shot|p2a: Iron Moth\n|-immune|p2a: Iron Moth\n|\n|upkeep\n|turn|4\n|\n|t:|1699756981\n|move|p2a: Iron Moth|Fiery Dance|p1a: Pon pon\n|-damage|p1a: Pon pon|0 fnt\n|-boost|p2a: Iron Moth|spa|1\n|faint|p1a: Pon pon\n|\n|upkeep\n|\n|t:|1699756990\n|switch|p1a: Magearna-at|Magearna|100\/100\n|turn|5\n|\n|t:|1699757005\n|-terastallize|p1a: Magearna-at|Steel\n|move|p2a: Iron Moth|Fiery Dance|p1a: Magearna-at\n|-supereffective|p1a: Magearna-at\n|-damage|p1a: Magearna-at|39\/100\n|move|p1a: Magearna-at|Flash Cannon|p2a: Iron Moth\n|-supereffective|p2a: Iron Moth\n|-damage|p2a: Iron Moth|0 fnt\n|faint|p2a: Iron Moth\n|-ability|p1a: Magearna-at|Soul-Heart|boost\n|-boost|p1a: Magearna-at|spa|1\n|-end|p2a: Iron Moth|Quark Drive|[silent]\n|\n|upkeep\n|\n|t:|1699757023\n|switch|p2a: Zapdos|Zapdos-Galar, shiny|100\/100\n|turn|6\n|\n|t:|1699757030\n|move|p2a: Zapdos|Close Combat|p1a: Magearna-at\n|-supereffective|p1a: Magearna-at\n|-damage|p1a: Magearna-at|0 fnt\n|-unboost|p2a: Zapdos|def|1\n|-unboost|p2a: Zapdos|spd|1\n|faint|p1a: Magearna-at\n|-damage|p2a: Zapdos|91\/100|[from] item: Life Orb\n|\n|upkeep\n|\n|t:|1699757041\n|switch|p1a: Freddy|Urshifu-Rapid-Strike, F|100\/100\n|turn|7\n|\n|t:|1699757045\n|move|p1a: Freddy|Surging Strikes|p2a: Zapdos\n|-crit|p2a: Zapdos\n|-damage|p2a: Zapdos|52\/100\n|-crit|p2a: Zapdos\n|-damage|p2a: Zapdos|14\/100\n|-crit|p2a: Zapdos\n|-damage|p2a: Zapdos|0 fnt\n|faint|p2a: Zapdos\n|-hitcount|p2: Zapdos|3\n|\n|upkeep\n|l|\u2606babynogalXD\n|player|p2|\n|j|\u2606babynogalXD\n|player|p2|babynogalXD|ethan\n|\n|t:|1699757066\n|switch|p2a: Gholdengo|Gholdengo|100\/100\n|-item|p2a: Gholdengo|Air Balloon\n|turn|8\n|\n|t:|1699757074\n|move|p1a: Freddy|Surging Strikes|p2a: Gholdengo\n|-crit|p2a: Gholdengo\n|-damage|p2a: Gholdengo|75\/100\n|-enditem|p2a: Gholdengo|Air Balloon\n|-crit|p2a: Gholdengo\n|-damage|p2a: Gholdengo|49\/100\n|-crit|p2a: Gholdengo\n|-damage|p2a: Gholdengo|25\/100\n|-hitcount|p2a: Gholdengo|3\n|move|p2a: Gholdengo|Shadow Ball|p1a: Freddy\n|-damage|p1a: Freddy|40\/100\n|-unboost|p1a: Freddy|spd|1\n|\n|upkeep\n|turn|9\n|\n|t:|1699757084\n|move|p1a: Freddy|Surging Strikes|p2a: Gholdengo\n|-crit|p2a: Gholdengo\n|-damage|p2a: Gholdengo|0 fnt\n|faint|p2a: Gholdengo\n|-hitcount|p2: Gholdengo|1\n|\n|upkeep\n|inactive|Battle timer is ON: inactive players will automatically lose when time's up. (requested by Bestmaindragonite)\n|c|\u2606babynogalXD|man\n|c|\u2606babynogalXD|that miss is so annyoing\n|\n|t:|1699757138\n|switch|p2a: Espathra|Espathra, M|100\/100\n|turn|10\n|\n|t:|1699757164\n|move|p1a: Freddy|Surging Strikes|p2a: Espathra\n|-crit|p2a: Espathra\n|-damage|p2a: Espathra|74\/100\n|-crit|p2a: Espathra\n|-damage|p2a: Espathra|46\/100\n|-crit|p2a: Espathra\n|-damage|p2a: Espathra|15\/100\n|-hitcount|p2a: Espathra|3\n|move|p2a: Espathra|Calm Mind|p2a: Espathra\n|-boost|p2a: Espathra|spa|1\n|-boost|p2a: Espathra|spd|1\n|\n|-heal|p2a: Espathra|21\/100|[from] item: Leftovers\n|-ability|p2a: Espathra|Speed Boost|boost\n|-boost|p2a: Espathra|spe|1\n|upkeep\n|turn|11\n|\n|t:|1699757168\n|move|p1a: Freddy|Surging Strikes|p2a: Espathra\n|-crit|p2a: Espathra\n|-damage|p2a: Espathra|0 fnt\n|faint|p2a: Espathra\n|-hitcount|p2: Espathra|1\n|\n|upkeep\n|c|\u2606babynogalXD|gg i guess\n|\n|t:|1699757181\n|switch|p2a: Typhlosion|Typhlosion-Hisui, M|100\/100\n|turn|12\n|c|\u2606Bestmaindragonite|Wanna a rematch later?\n|\n|t:|1699757202\n|move|p1a: Freddy|Surging Strikes|p2a: Typhlosion\n|-supereffective|p2a: Typhlosion\n|-crit|p2a: Typhlosion\n|-damage|p2a: Typhlosion|33\/100\n|-supereffective|p2a: Typhlosion\n|-crit|p2a: Typhlosion\n|-damage|p2a: Typhlosion|0 fnt\n|faint|p2a: Typhlosion\n|-hitcount|p2: Typhlosion|2\n|\n|win|Bestmaindragonite\n|l| GratedsShtickface\n","uploadtime":1699757206,"views":10,"p1id":"bestmaindragonite","p2id":"babynogalxd","formatid":"gen9ubers","rating":0,"private":0,"password":""}