{"id":"gen9ubers-1969318497","p1":"UUbers account","p2":"Kinesquared","format":"[Gen 9] Ubers","log":"|j|\u2606UUbers account\n|j|\u2606Kinesquared\n|t:|1697513528\n|gametype|singles\n|player|p1|UUbers account|shadowtriad|\n|player|p2|Kinesquared|scientist-gen4dp|\n|teamsize|p1|6\n|teamsize|p2|6\n|gen|9\n|tier|[Gen 9] Ubers\n|rule|Sleep Clause Mod: Limit one foe put to sleep\n|rule|Species Clause: Limit one of each Pok\u00e9mon\n|rule|OHKO Clause: OHKO moves are banned\n|rule|Evasion Items Clause: Evasion items are banned\n|rule|Evasion Moves Clause: Evasion moves are banned\n|rule|Endless Battle Clause: Forcing endless battles is banned\n|rule|HP Percentage Mod: HP is shown in percentages\n|clearpoke\n|poke|p1|Palafin, M|\n|poke|p1|Arceus-Ice|\n|poke|p1|Magearna|\n|poke|p1|Hatterene, F|\n|poke|p1|Giratina|\n|poke|p1|Chi-Yu|\n|poke|p2|Magearna|\n|poke|p2|Ursaluna, M|\n|poke|p2|Dialga|\n|poke|p2|Hoopa-Unbound|\n|poke|p2|Cinderace, M|\n|poke|p2|Arceus-Poison|\n|teampreview\n|inactive|Battle timer is ON: inactive players will automatically lose when time's up. (requested by Kinesquared)\n|c|\u2606UUbers account|hoopa is scary\n|c|\u2606Kinesquared|yupp\n|c|\u2606Kinesquared|have you seen me run this team?\n|c|\u2606UUbers account|yes\n|inactive|UUbers account has 270 seconds left.\n|inactive|Kinesquared has 270 seconds left.\n|\n|t:|1697513565\n|start\n|switch|p1a: Chi-Yu|Chi-Yu|100\/100\n|switch|p2a: Cinderace|Cinderace, M|100\/100\n|-ability|p1a: Chi-Yu|Beads of Ruin\n|turn|1\n|c|\u2606UUbers account|not this exact one\n|c|\u2606Kinesquared|well yea\n|c|\u2606Kinesquared|you've seen me on TR\n|c|\u2606Kinesquared|but this one may be the best so far\n|\n|t:|1697513594\n|switch|p1a: Palafin|Palafin, M|100\/100\n|move|p2a: Cinderace|U-turn|p1a: Palafin\n|-start|p2a: Cinderace|typechange|Bug|[from] ability: Libero\n|-crit|p1a: Palafin\n|-damage|p1a: Palafin|40\/100\n|\n|t:|1697513603\n|switch|p2a: Arceus|Arceus-Poison|100\/100|[from] U-turn\n|\n|upkeep\n|turn|2\n|\n|t:|1697513614\n|detailschange|p1a: Palafin|Palafin-Hero, M\n|switch|p1a: Magearna|Magearna|100\/100\n|move|p2a: Arceus|Thunderbolt|p1a: Magearna\n|-damage|p1a: Magearna|80\/100\n|-status|p1a: Magearna|par\n|\n|-heal|p1a: Magearna|86\/100 par|[from] item: Leftovers\n|upkeep\n|turn|3\n|c|\u2606UUbers account|and para\n|\n|t:|1697513627\n|switch|p2a: Cinderace|Cinderace, M|100\/100\n|move|p1a: Magearna|Thunder Wave|p2a: Cinderace\n|-status|p2a: Cinderace|par\n|\n|-heal|p1a: Magearna|93\/100 par|[from] item: Leftovers\n|upkeep\n|turn|4\n|\n|t:|1697513639\n|switch|p1a: Hatterene|Hatterene, F|100\/100\n|move|p2a: Cinderace|Pyro Ball|p1a: Hatterene\n|-damage|p1a: Hatterene|33\/100\n|-enditem|p1a: Hatterene|Eject Button\n|\n|t:|1697513657\n|switch|p1a: Arceus|Arceus-Ice|100\/100\n|\n|upkeep\n|turn|5\n|\n|t:|1697513678\n|-terastallize|p1a: Arceus|Water\n|move|p1a: Arceus|Calm Mind|p1a: Arceus\n|-boost|p1a: Arceus|spa|1\n|-boost|p1a: Arceus|spd|1\n|move|p2a: Cinderace|Pyro Ball|p1a: Arceus\n|-resisted|p1a: Arceus\n|-damage|p1a: Arceus|81\/100\n|\n|upkeep\n|turn|6\n|\n|t:|1697513686\n|move|p1a: Arceus|Calm Mind|p1a: Arceus\n|-boost|p1a: Arceus|spa|1\n|-boost|p1a: Arceus|spd|1\n|move|p2a: Cinderace|U-turn|p1a: Arceus\n|-start|p2a: Cinderace|typechange|Bug|[from] ability: Libero\n|-damage|p1a: Arceus|59\/100\n|\n|t:|1697513692\n|switch|p2a: Magearna|Magearna|100\/100|[from] U-turn\n|\n|upkeep\n|turn|7\n|\n|t:|1697513704\n|move|p1a: Arceus|Recover|p1a: Arceus\n|-heal|p1a: Arceus|100\/100\n|move|p2a: Magearna|Encore|p1a: Arceus\n|-start|p1a: Arceus|Encore\n|\n|upkeep\n|turn|8\n|\n|t:|1697513711\n|switch|p1a: Hatterene|Hatterene, F|33\/100\n|move|p2a: Magearna|Trick Room|p2a: Magearna\n|-fieldstart|move: Trick Room|[of] p2a: Magearna\n|\n|upkeep\n|turn|9\n|\n|t:|1697513722\n|move|p1a: Hatterene|Nuzzle|p2a: Magearna\n|-damage|p2a: Magearna|97\/100\n|-status|p2a: Magearna|par\n|cant|p2a: Magearna|par\n|\n|-heal|p2a: Magearna|100\/100 par|[from] item: Leftovers\n|upkeep\n|turn|10\n|\n|t:|1697513729\n|move|p2a: Magearna|Volt Switch|p1a: Hatterene\n|-damage|p1a: Hatterene|17\/100\n|c|\u2606Kinesquared|switching hatt into TR is not good because it usually gives a slow pivot\n|c|\u2606Kinesquared|however\n|c|\u2606Kinesquared|nuzzle\n|\n|t:|1697513747\n|switch|p2a: Ursaluna|Ursaluna, M|100\/100|[from] Volt Switch\n|move|p1a: Hatterene|Healing Wish|p1a: Hatterene\n|faint|p1a: Hatterene\n|\n|-status|p2a: Ursaluna|brn|[from] item: Flame Orb\n|upkeep\n|\n|t:|1697513760\n|switch|p1a: Palafin|Palafin-Hero, M|40\/100\n|-heal|p1a: Palafin|100\/100|[from] move: Healing Wish\n|-activate|p1a: Palafin|ability: Zero to Hero\n|turn|11\n|\n|t:|1697513787\n|switch|p1a: Giratina|Giratina|100\/100\n|-ability|p1a: Giratina|Pressure\n|-terastallize|p2a: Ursaluna|Normal\n|move|p2a: Ursaluna|Facade|p1a: Giratina\n|-immune|p1a: Giratina\n|\n|-damage|p2a: Ursaluna|94\/100 brn|[from] brn\n|upkeep\n|turn|12\n|c|\u2606Kinesquared|so funny story\n|c|\u2606UUbers account|lol\n|c|\u2606Kinesquared|crunch does less than headlong rush here\n|\n|t:|1697513810\n|move|p2a: Ursaluna|Headlong Rush|p1a: Giratina\n|-damage|p1a: Giratina|37\/100\n|-unboost|p2a: Ursaluna|def|1\n|-unboost|p2a: Ursaluna|spd|1\n|move|p1a: Giratina|Roar|p2a: Ursaluna\n|drag|p2a: Hoopa|Hoopa-Unbound|100\/100\n|\n|-fieldend|move: Trick Room\n|upkeep\n|turn|13\n|c|\u2606UUbers account|what stab does to a mf\n|inactive|UUbers account has 270 seconds left.\n|\n|t:|1697513840\n|move|p1a: Giratina|Rest|p1a: Giratina\n|-status|p1a: Giratina|slp|[from] move: Rest\n|-heal|p1a: Giratina|100\/100 slp|[silent]\n|move|p2a: Hoopa|Knock Off|p1a: Giratina\n|-supereffective|p1a: Giratina\n|-damage|p1a: Giratina|25\/100 slp\n|-enditem|p1a: Giratina|Heavy-Duty Boots|[from] move: Knock Off|[of] p2a: Hoopa\n|\n|upkeep\n|turn|14\n|c|\u2606UUbers account|dayum\n|\n|t:|1697513852\n|cant|p1a: Giratina|slp\n|move|p2a: Hoopa|Knock Off|p1a: Giratina\n|-supereffective|p1a: Giratina\n|-damage|p1a: Giratina|0 fnt\n|faint|p1a: Giratina\n|\n|upkeep\n|c|\u2606Kinesquared|boopa B)\n|\n|t:|1697513866\n|switch|p1a: Palafin|Palafin-Hero, M|100\/100\n|turn|15\n|\n|t:|1697513878\n|switch|p2a: Cinderace|Cinderace, M|100\/100 par\n|move|p1a: Palafin|Wave Crash|p2a: Cinderace\n|-supereffective|p2a: Cinderace\n|-damage|p2a: Cinderace|0 fnt\n|faint|p2a: Cinderace\n|-damage|p1a: Palafin|76\/100|[from] Recoil\n|\n|upkeep\n|\n|t:|1697513885\n|switch|p2a: Magearna|Magearna|100\/100 par\n|turn|16\n|\n|t:|1697513891\n|move|p1a: Palafin|Wave Crash|p2a: Magearna\n|-damage|p2a: Magearna|0 fnt\n|faint|p2a: Magearna\n|-damage|p1a: Palafin|46\/100|[from] Recoil\n|\n|upkeep\n|c|\u2606UUbers account|mad def gets ohkoed\n|c|\u2606Kinesquared|my calc said i had 50% chance to live\n|\n|t:|1697513914\n|switch|p2a: Dialga|Dialga|100\/100\n|-ability|p2a: Dialga|Pressure\n|turn|17\n|c|\u2606UUbers account|that's for the baby palafin\n|c|\u2606Kinesquared|nah it was calcing for hero form\n|\n|t:|1697513931\n|switch|p1a: Arceus|Arceus-Ice, tera:Water|100\/100\n|move|p2a: Dialga|Trick Room|p2a: Dialga\n|-fieldstart|move: Trick Room|[of] p2a: Dialga\n|\n|upkeep\n|turn|18\n|c|\u2606UUbers account|huh\n|c|\u2606UUbers account|let me look at the calcs again\n|\n|t:|1697513952\n|move|p2a: Dialga|Draco Meteor|p1a: Arceus\n|-damage|p1a: Arceus|28\/100\n|-unboost|p2a: Dialga|spa|2\n|-damage|p2a: Dialga|91\/100|[from] item: Life Orb\n|move|p1a: Arceus|Judgment|p2a: Dialga\n|-damage|p2a: Dialga|49\/100\n|\n|upkeep\n|turn|19\n|inactive|Kinesquared has 270 seconds left.\n|c|\u2606Kinesquared|252+ Atk Choice Band Palafin-Hero Wave Crash vs. 252 HP \/ 252+ Def Magearna-Original: 246-291 (67.5 - 79.9%) -- guaranteed 2HKO\n|c|\u2606Kinesquared|thats even less og\n|\n|t:|1697513987\n|switch|p1a: Magearna|Magearna|93\/100 par\n|move|p2a: Dialga|Draco Meteor|p1a: Magearna\n|-immune|p1a: Magearna\n|\n|-heal|p1a: Magearna|99\/100 par|[from] item: Leftovers\n|upkeep\n|turn|20\n|\n|t:|1697514010\n|switch|p2a: Ursaluna|Ursaluna, M, tera:Normal|94\/100 brn\n|move|p1a: Magearna|Thunder Wave||[still]\n|-fail|p1a: Magearna\n|\n|-heal|p1a: Magearna|100\/100 par|[from] item: Leftovers\n|-damage|p2a: Ursaluna|88\/100 brn|[from] brn\n|upkeep\n|turn|21\n|inactive|Kinesquared has 270 seconds left.\n|c|\u2606Kinesquared|alright\n|c|\u2606Kinesquared|give kill\n|\n|t:|1697514026\n|move|p1a: Magearna|Fleur Cannon|p2a: Ursaluna\n|-damage|p2a: Ursaluna|40\/100 brn\n|-unboost|p1a: Magearna|spa|2\n|move|p2a: Ursaluna|Headlong Rush|p1a: Magearna\n|-supereffective|p1a: Magearna\n|-damage|p1a: Magearna|0 fnt\n|-unboost|p2a: Ursaluna|def|1\n|-unboost|p2a: Ursaluna|spd|1\n|faint|p1a: Magearna\n|\n|-damage|p2a: Ursaluna|34\/100 brn|[from] brn\n|-fieldend|move: Trick Room\n|upkeep\n|inactive|UUbers account has 270 seconds left.\n|c|\u2606UUbers account|give kill is ursaluna in a nutshell\n|\n|t:|1697514054\n|switch|p1a: Chi-Yu|Chi-Yu|100\/100\n|-ability|p1a: Chi-Yu|Beads of Ruin\n|turn|22\n|inactive|Kinesquared has 270 seconds left.\n|c|\u2606Kinesquared|alright\n|c|\u2606Kinesquared|i got one more trick for you\n|c|\u2606UUbers account|sir do you by chance have any spare kills\n|\n|t:|1697514069\n|switch|p2a: Hoopa|Hoopa-Unbound|100\/100\n|move|p1a: Chi-Yu|Flamethrower|p2a: Hoopa\n|-damage|p2a: Hoopa|67\/100\n|\n|upkeep\n|turn|23\n|inactive|UUbers account has 270 seconds left.\n|inactive|Kinesquared has 270 seconds left.\n|c|\u2606UUbers account|vet\n|c|\u2606Kinesquared|yee\n|c|\u2606UUbers account|yehaw\n|c|\u2606UUbers account|idk\n|c|\u2606Kinesquared|80 HP 130 spdef\n|c|\u2606Kinesquared|naturally\n|inactive|Kinesquared has 240 seconds left.\n|c|\u2606Kinesquared|252 HP\n|c|\u2606Kinesquared|hig punch\n|c|\u2606Kinesquared|big*\n|\n|t:|1697514118\n|switch|p1a: Arceus|Arceus-Ice, tera:Water|28\/100\n|move|p2a: Hoopa|Drain Punch|p1a: Arceus\n|-damage|p1a: Arceus|8\/100\n|-heal|p2a: Hoopa|79\/100|[from] drain|[of] p1a: Arceus\n|\n|upkeep\n|turn|24\n|\n|t:|1697514132\n|switch|p2a: Dialga|Dialga|49\/100\n|-ability|p2a: Dialga|Pressure\n|move|p1a: Arceus|Judgment|p2a: Dialga\n|-damage|p2a: Dialga|9\/100\n|\n|upkeep\n|turn|25\n|\n|t:|1697514141\n|switch|p2a: Hoopa|Hoopa-Unbound|79\/100\n|move|p1a: Arceus|Judgment|p2a: Hoopa\n|-damage|p2a: Hoopa|57\/100\n|\n|upkeep\n|turn|26\n|inactive|Kinesquared has 240 seconds left.\n|\n|t:|1697514149\n|move|p1a: Arceus|Judgment|p2a: Hoopa\n|-damage|p2a: Hoopa|31\/100\n|move|p2a: Hoopa|Gunk Shot|p1a: Arceus|[miss]\n|-miss|p2a: Hoopa|p1a: Arceus\n|\n|upkeep\n|turn|27\n|inactive|UUbers account has 270 seconds left.\n|\n|t:|1697514161\n|move|p1a: Arceus|Recover|p1a: Arceus\n|-heal|p1a: Arceus|58\/100\n|move|p2a: Hoopa|Gunk Shot|p1a: Arceus\n|-damage|p1a: Arceus|24\/100\n|\n|upkeep\n|turn|28\n|inactive|UUbers account has 270 seconds left.\n|c|\u2606Kinesquared|going to dialga was a misplay\n|c|\u2606UUbers account|yeah\n|\n|t:|1697514172\n|move|p1a: Arceus|Recover|p1a: Arceus\n|-heal|p1a: Arceus|74\/100\n|move|p2a: Hoopa|Gunk Shot|p1a: Arceus\n|-damage|p1a: Arceus|39\/100\n|\n|upkeep\n|turn|29\n|\n|t:|1697514181\n|move|p1a: Arceus|Recover|p1a: Arceus\n|-heal|p1a: Arceus|89\/100\n|move|p2a: Hoopa|Gunk Shot|p1a: Arceus\n|-damage|p1a: Arceus|51\/100\n|\n|upkeep\n|turn|30\n|\n|t:|1697514188\n|move|p1a: Arceus|Recover|p1a: Arceus\n|-heal|p1a: Arceus|100\/100\n|move|p2a: Hoopa|Gunk Shot|p1a: Arceus\n|-damage|p1a: Arceus|66\/100\n|\n|upkeep\n|turn|31\n|c|\u2606Kinesquared|c'mon\n|c|\u2606Kinesquared|poison\n|\n|t:|1697514199\n|move|p1a: Arceus|Judgment|p2a: Hoopa\n|-damage|p2a: Hoopa|5\/100\n|move|p2a: Hoopa|Gunk Shot|p1a: Arceus\n|-damage|p1a: Arceus|32\/100\n|\n|upkeep\n|turn|32\n|\n|t:|1697514207\n|switch|p2a: Arceus|Arceus-Poison|100\/100\n|move|p1a: Arceus|Recover|p1a: Arceus\n|-heal|p1a: Arceus|82\/100\n|\n|upkeep\n|turn|33\n|c|\u2606UUbers account|tbolt poisonceus is wild\n|\n|t:|1697514231\n|move|p1a: Arceus|Calm Mind|p1a: Arceus\n|-boost|p1a: Arceus|spa|1\n|-boost|p1a: Arceus|spd|1\n|move|p2a: Arceus|Taunt|p1a: Arceus\n|-start|p1a: Arceus|move: Taunt\n|\n|upkeep\n|turn|34\n|inactive|Kinesquared has 270 seconds left.\n|\n|t:|1697514237\n|move|p2a: Arceus|Calm Mind|p2a: Arceus\n|-boost|p2a: Arceus|spa|1\n|-boost|p2a: Arceus|spd|1\n|move|p1a: Arceus|Judgment|p2a: Arceus\n|-damage|p2a: Arceus|67\/100\n|\n|upkeep\n|turn|35\n|c|\u2606Kinesquared|it's just tera electric with a psychic weakness\n|inactive|Kinesquared has 270 seconds left.\n|\n|t:|1697514248\n|switch|p1a: Chi-Yu|Chi-Yu|100\/100\n|-ability|p1a: Chi-Yu|Beads of Ruin\n|move|p2a: Arceus|Calm Mind|p2a: Arceus\n|-boost|p2a: Arceus|spa|1\n|-boost|p2a: Arceus|spd|1\n|\n|upkeep\n|turn|36\n|c|\u2606Kinesquared|electric-ceus*\n|inactive|UUbers account has 270 seconds left.\n|\n|t:|1697514292\n|move|p1a: Chi-Yu|Overheat|p2a: Arceus\n|-damage|p2a: Arceus|35\/100\n|-unboost|p1a: Chi-Yu|spa|2\n|move|p2a: Arceus|Recover|p2a: Arceus\n|-heal|p2a: Arceus|85\/100\n|\n|upkeep\n|turn|37\n|inactive|Kinesquared has 270 seconds left.\n|\n|t:|1697514317\n|move|p1a: Chi-Yu|Overheat|p2a: Arceus|[miss]\n|-miss|p1a: Chi-Yu|p2a: Arceus\n|move|p2a: Arceus|Calm Mind|p2a: Arceus\n|-boost|p2a: Arceus|spa|1\n|-boost|p2a: Arceus|spd|1\n|\n|upkeep\n|turn|38\n|inactive|UUbers account has 270 seconds left.\n|inactive|Kinesquared has 270 seconds left.\n|\n|t:|1697514325\n|move|p1a: Chi-Yu|Overheat|p2a: Arceus\n|-damage|p2a: Arceus|70\/100\n|-unboost|p1a: Chi-Yu|spa|2\n|move|p2a: Arceus|Thunderbolt|p1a: Chi-Yu\n|-damage|p1a: Chi-Yu|30\/100\n|\n|upkeep\n|turn|39\n|\n|t:|1697514332\n|move|p1a: Chi-Yu|Overheat|p2a: Arceus\n|-damage|p2a: Arceus|60\/100\n|-unboost|p1a: Chi-Yu|spa|2\n|move|p2a: Arceus|Calm Mind|p2a: Arceus\n|-boost|p2a: Arceus|spa|1\n|-boost|p2a: Arceus|spd|1\n|\n|upkeep\n|turn|40\n|c|\u2606UUbers account|crit\n|\n|t:|1697514339\n|move|p1a: Chi-Yu|Overheat|p2a: Arceus|[miss]\n|-miss|p1a: Chi-Yu|p2a: Arceus\n|move|p2a: Arceus|Recover|p2a: Arceus\n|-heal|p2a: Arceus|100\/100\n|\n|upkeep\n|turn|41\n|c|\u2606Kinesquared|no u\n|c|\u2606UUbers account|oky\n|\n|t:|1697514346\n|move|p1a: Chi-Yu|Overheat|p2a: Arceus\n|-damage|p2a: Arceus|94\/100\n|move|p2a: Arceus|Thunderbolt|p1a: Chi-Yu\n|-damage|p1a: Chi-Yu|0 fnt\n|faint|p1a: Chi-Yu\n|\n|upkeep\n|\n|t:|1697514357\n|switch|p1a: Palafin|Palafin-Hero, M|46\/100\n|turn|42\n|\n|t:|1697514362\n|move|p1a: Palafin|Jet Punch|p2a: Arceus\n|-damage|p2a: Arceus|57\/100\n|move|p2a: Arceus|Thunderbolt|p1a: Palafin\n|-supereffective|p1a: Palafin\n|-damage|p1a: Palafin|0 fnt\n|faint|p1a: Palafin\n|\n|upkeep\n|c|\u2606UUbers account|gg\n|\n|t:|1697514367\n|switch|p1a: Arceus|Arceus-Ice, tera:Water|82\/100\n|turn|43\n|c|\u2606Kinesquared|gg\n|c|\u2606Kinesquared|i gotta go for now\n|c|\u2606Kinesquared|but thos ewere fun\n|c|\u2606UUbers account|ok\n|c|\u2606Kinesquared|hopeuflly enlightening\n|c|\u2606Kinesquared|im in ur head lol\n|\n|t:|1697514386\n|move|p1a: Arceus|Judgment|p2a: Arceus\n|-damage|p2a: Arceus|46\/100\n|move|p2a: Arceus|Thunderbolt|p1a: Arceus\n|-supereffective|p1a: Arceus\n|-damage|p1a: Arceus|0 fnt\n|faint|p1a: Arceus\n|\n|win|Kinesquared\n|c|\u2606UUbers account|no youre not\n|c|\u2606UUbers account|lies\n|c|\u2606Kinesquared|thats exactly what you would have said if i was in your head\n|c|\u2606UUbers account|nah\n|c|\u2606UUbers account|I would have said something along the lines of\n","uploadtime":1697514427,"views":10,"p1id":"uubersaccount","p2id":"kinesquared","formatid":"gen9ubers","rating":0,"private":0,"password":""}