{"id":"gen9ubers-1989776160","p1":"AlicieLizzie","p2":"Finchely","format":"[Gen 9] Ubers","log":"|j|\u2606AlicieLizzie\n|j|\u2606Finchely\n|t:|1699894766\n|gametype|singles\n|player|p1|AlicieLizzie|marnie-masters3|\n|player|p2|Finchely|acetrainerf|\n|teamsize|p1|6\n|teamsize|p2|6\n|gen|9\n|tier|[Gen 9] Ubers\n|rule|Sleep Clause Mod: Limit one foe put to sleep\n|rule|Species Clause: Limit one of each Pok\u00e9mon\n|rule|OHKO Clause: OHKO moves are banned\n|rule|Evasion Items Clause: Evasion items are banned\n|rule|Evasion Moves Clause: Evasion moves are banned\n|rule|Endless Battle Clause: Forcing endless battles is banned\n|rule|HP Percentage Mod: HP is shown in percentages\n|clearpoke\n|poke|p1|Ninetales-Alola, F|\n|poke|p1|Baxcalibur, M|\n|poke|p1|Jirachi|\n|poke|p1|Roaring Moon|\n|poke|p1|Cyclizar, F|\n|poke|p1|Slowking-Galar, M|\n|poke|p2|Arceus-Poison|\n|poke|p2|Clefable, F|\n|poke|p2|Orthworm, F|\n|poke|p2|Blissey, F|\n|poke|p2|Cyclizar, M|\n|poke|p2|Zacian-*|\n|teampreview\n|inactive|Battle timer is ON: inactive players will automatically lose when time's up. (requested by AlicieLizzie)\n|\n|t:|1699894774\n|start\n|switch|p1a: Nine Inch Tails|Ninetales-Alola, F|100\/100\n|switch|p2a: Blissey|Blissey, F, shiny|100\/100\n|-weather|Snow|[from] ability: Snow Warning|[of] p1a: Nine Inch Tails\n|turn|1\n|\n|t:|1699894792\n|move|p1a: Nine Inch Tails|Aurora Veil|p1a: Nine Inch Tails\n|-sidestart|p1: AlicieLizzie|move: Aurora Veil\n|move|p2a: Blissey|Stealth Rock|p1a: Nine Inch Tails\n|-sidestart|p1: AlicieLizzie|move: Stealth Rock\n|\n|-weather|Snow|[upkeep]\n|upkeep\n|turn|2\n|\n|t:|1699894797\n|switch|p2a: Clefable|Clefable, F|100\/100\n|move|p1a: Nine Inch Tails|Encore||[still]\n|-fail|p1a: Nine Inch Tails\n|\n|-weather|Snow|[upkeep]\n|upkeep\n|turn|3\n|\n|t:|1699894802\n|switch|p1a: Iron (Head) Maiden|Jirachi|100\/100\n|-damage|p1a: Iron (Head) Maiden|94\/100|[from] Stealth Rock\n|move|p2a: Clefable|Wish|p2a: Clefable\n|\n|-weather|Snow|[upkeep]\n|upkeep\n|turn|4\n|\n|t:|1699894811\n|switch|p2a: Arceus|Arceus-Poison|100\/100\n|move|p1a: Iron (Head) Maiden|Iron Head|p2a: Arceus\n|-damage|p2a: Arceus|84\/100\n|\n|-weather|Snow|[upkeep]\n|-heal|p2a: Arceus|100\/100|[from] move: Wish|[wisher] Clefable\n|upkeep\n|turn|5\n|\n|t:|1699894814\n|move|p1a: Iron (Head) Maiden|Iron Head|p2a: Arceus\n|-damage|p2a: Arceus|84\/100\n|move|p2a: Arceus|Bulk Up|p2a: Arceus\n|-boost|p2a: Arceus|atk|1\n|-boost|p2a: Arceus|def|1\n|\n|-weather|none\n|upkeep\n|turn|6\n|\n|t:|1699894822\n|switch|p1a: Round and Round|Cyclizar, F|100\/100\n|move|p2a: Arceus|Earthquake|p1a: Round and Round\n|-damage|p1a: Round and Round|77\/100\n|\n|upkeep\n|turn|7\n|\n|t:|1699894830\n|move|p1a: Round and Round|Taunt|p2a: Arceus\n|-start|p2a: Arceus|move: Taunt\n|move|p2a: Arceus|Poison Jab|p1a: Round and Round\n|-damage|p1a: Round and Round|38\/100\n|\n|upkeep\n|turn|8\n|\n|t:|1699894832\n|move|p1a: Round and Round|Rapid Spin|p2a: Arceus\n|-damage|p2a: Arceus|78\/100\n|-boost|p1a: Round and Round|spe|1\n|-sideend|p1: AlicieLizzie|Stealth Rock|[from] move: Rapid Spin|[of] p1a: Round and Round\n|move|p2a: Arceus|Poison Jab|p1a: Round and Round\n|-damage|p1a: Round and Round|5\/100\n|-status|p1a: Round and Round|psn\n|\n|-damage|p1a: Round and Round|0 fnt|[from] psn\n|faint|p1a: Round and Round\n|-sideend|p1: AlicieLizzie|move: Aurora Veil\n|upkeep\n|\n|t:|1699894835\n|switch|p1a: Nine Inch Tails|Ninetales-Alola, F|100\/100\n|-weather|Snow|[from] ability: Snow Warning|[of] p1a: Nine Inch Tails\n|turn|9\n|\n|t:|1699894840\n|move|p1a: Nine Inch Tails|Aurora Veil|p1a: Nine Inch Tails\n|-sidestart|p1: AlicieLizzie|move: Aurora Veil\n|move|p2a: Arceus|Poison Jab|p1a: Nine Inch Tails\n|-supereffective|p1a: Nine Inch Tails\n|-damage|p1a: Nine Inch Tails|49\/100\n|\n|-weather|Snow|[upkeep]\n|-end|p2a: Arceus|move: Taunt\n|upkeep\n|turn|10\n|\n|t:|1699894847\n|switch|p1a: Iron (Head) Maiden|Jirachi|94\/100\n|move|p2a: Arceus|Earthquake|p1a: Iron (Head) Maiden\n|-supereffective|p1a: Iron (Head) Maiden\n|-damage|p1a: Iron (Head) Maiden|56\/100\n|\n|-weather|Snow|[upkeep]\n|upkeep\n|turn|11\n|\n|t:|1699894852\n|move|p1a: Iron (Head) Maiden|Ice Punch|p2a: Arceus\n|-damage|p2a: Arceus|71\/100\n|move|p2a: Arceus|Earthquake|p1a: Iron (Head) Maiden\n|-supereffective|p1a: Iron (Head) Maiden\n|-damage|p1a: Iron (Head) Maiden|19\/100\n|\n|-weather|Snow|[upkeep]\n|upkeep\n|turn|12\n|\n|t:|1699894860\n|switch|p1a: Roar of the Spark|Roaring Moon|100\/100\n|-enditem|p1a: Roar of the Spark|Booster Energy\n|-activate|p1a: Roar of the Spark|ability: Protosynthesis|[fromitem]\n|-start|p1a: Roar of the Spark|protosynthesisatk\n|move|p2a: Arceus|Earthquake|p1a: Roar of the Spark\n|-damage|p1a: Roar of the Spark|76\/100\n|\n|-weather|Snow|[upkeep]\n|upkeep\n|turn|13\n|\n|t:|1699894864\n|move|p1a: Roar of the Spark|Dragon Dance|p1a: Roar of the Spark\n|-boost|p1a: Roar of the Spark|atk|1\n|-boost|p1a: Roar of the Spark|spe|1\n|move|p2a: Arceus|Poison Jab|p1a: Roar of the Spark\n|-damage|p1a: Roar of the Spark|41\/100\n|\n|-weather|none\n|upkeep\n|turn|14\n|\n|t:|1699894867\n|move|p1a: Roar of the Spark|Iron Head|p2a: Arceus\n|-damage|p2a: Arceus|50\/100\n|move|p2a: Arceus|Poison Jab|p1a: Roar of the Spark\n|-damage|p1a: Roar of the Spark|5\/100\n|-status|p1a: Roar of the Spark|psn\n|\n|-damage|p1a: Roar of the Spark|0 fnt|[from] psn\n|faint|p1a: Roar of the Spark\n|-end|p1a: Roar of the Spark|Protosynthesis|[silent]\n|upkeep\n|\n|t:|1699894871\n|switch|p1a: Bax in Black|Baxcalibur, M|100\/100\n|turn|15\n|\n|t:|1699894876\n|move|p1a: Bax in Black|Swords Dance|p1a: Bax in Black\n|-boost|p1a: Bax in Black|atk|2\n|move|p2a: Arceus|Recover|p2a: Arceus\n|-heal|p2a: Arceus|99\/100\n|\n|upkeep\n|turn|16\n|\n|t:|1699894882\n|move|p1a: Bax in Black|Swords Dance|p1a: Bax in Black\n|-boost|p1a: Bax in Black|atk|2\n|move|p2a: Arceus|Poison Jab|p1a: Bax in Black\n|-damage|p1a: Bax in Black|77\/100\n|\n|-sideend|p1: AlicieLizzie|move: Aurora Veil\n|upkeep\n|turn|17\n|\n|t:|1699894884\n|move|p1a: Bax in Black|Earthquake|p2a: Arceus\n|-supereffective|p2a: Arceus\n|-damage|p2a: Arceus|27\/100\n|move|p2a: Arceus|Bulk Up|p2a: Arceus\n|-boost|p2a: Arceus|atk|1\n|-boost|p2a: Arceus|def|1\n|\n|upkeep\n|turn|18\n|\n|t:|1699894888\n|-terastallize|p2a: Arceus|Grass\n|move|p1a: Bax in Black|Earthquake|p2a: Arceus\n|-resisted|p2a: Arceus\n|-damage|p2a: Arceus|13\/100\n|move|p2a: Arceus|Recover|p2a: Arceus\n|-heal|p2a: Arceus|63\/100\n|\n|upkeep\n|turn|19\n|\n|t:|1699894892\n|move|p1a: Bax in Black|Icicle Spear|p2a: Arceus\n|-supereffective|p2a: Arceus\n|-damage|p2a: Arceus|43\/100\n|-supereffective|p2a: Arceus\n|-damage|p2a: Arceus|23\/100\n|-supereffective|p2a: Arceus\n|-damage|p2a: Arceus|3\/100\n|-supereffective|p2a: Arceus\n|-damage|p2a: Arceus|0 fnt\n|faint|p2a: Arceus\n|-hitcount|p2: Arceus|4\n|\n|upkeep\n|\n|t:|1699894894\n|switch|p2a: Orthworm|Orthworm, F|100\/100\n|turn|20\n|\n|t:|1699894899\n|switch|p1a: Nine Inch Tails|Ninetales-Alola, F|49\/100\n|-weather|Snow|[from] ability: Snow Warning|[of] p1a: Nine Inch Tails\n|move|p2a: Orthworm|Iron Defense|p2a: Orthworm\n|-boost|p2a: Orthworm|def|2\n|\n|-weather|Snow|[upkeep]\n|upkeep\n|turn|21\n|\n|t:|1699894903\n|move|p1a: Nine Inch Tails|Encore|p2a: Orthworm\n|-start|p2a: Orthworm|Encore\n|move|p2a: Orthworm|Iron Defense|p2a: Orthworm\n|-boost|p2a: Orthworm|def|2\n|\n|-weather|Snow|[upkeep]\n|upkeep\n|turn|22\n|\n|t:|1699894904\n|move|p1a: Nine Inch Tails|Aurora Veil|p1a: Nine Inch Tails\n|-sidestart|p1: AlicieLizzie|move: Aurora Veil\n|move|p2a: Orthworm|Iron Defense|p2a: Orthworm\n|-boost|p2a: Orthworm|def|2\n|\n|-weather|Snow|[upkeep]\n|upkeep\n|turn|23\n|\n|t:|1699894910\n|switch|p1a: Iron (Head) Maiden|Jirachi|19\/100\n|move|p2a: Orthworm|Iron Defense|p2a: Orthworm\n|-boost|p2a: Orthworm|def|0\n|\n|-weather|Snow|[upkeep]\n|-end|p2a: Orthworm|Encore\n|upkeep\n|turn|24\n|\n|t:|1699894913\n|move|p1a: Iron (Head) Maiden|Drain Punch|p2a: Orthworm\n|-supereffective|p2a: Orthworm\n|-damage|p2a: Orthworm|94\/100\n|-heal|p1a: Iron (Head) Maiden|22\/100|[from] drain|[of] p2a: Orthworm\n|move|p2a: Orthworm|Body Press|p1a: Iron (Head) Maiden\n|-damage|p1a: Iron (Head) Maiden|0 fnt\n|faint|p1a: Iron (Head) Maiden\n|\n|-weather|none\n|-heal|p2a: Orthworm|99\/100|[from] item: Leftovers\n|upkeep\n|\n|t:|1699894923\n|switch|p1a: Bax in Black|Baxcalibur, M|77\/100\n|turn|25\n|\n|t:|1699894925\n|move|p1a: Bax in Black|Scale Shot|p2a: Orthworm\n|-resisted|p2a: Orthworm\n|-damage|p2a: Orthworm|99\/100\n|-resisted|p2a: Orthworm\n|-damage|p2a: Orthworm|98\/100\n|-resisted|p2a: Orthworm\n|-damage|p2a: Orthworm|98\/100\n|-resisted|p2a: Orthworm\n|-damage|p2a: Orthworm|97\/100\n|-hitcount|p2a: Orthworm|4\n|-unboost|p1a: Bax in Black|def|1\n|-boost|p1a: Bax in Black|spe|1\n|move|p2a: Orthworm|Body Press|p1a: Bax in Black\n|-supereffective|p1a: Bax in Black\n|-damage|p1a: Bax in Black|0 fnt\n|faint|p1a: Bax in Black\n|\n|-heal|p2a: Orthworm|100\/100|[from] item: Leftovers\n|upkeep\n|\n|t:|1699894930\n|switch|p1a: Nine Inch Tails|Ninetales-Alola, F|49\/100\n|-weather|Snow|[from] ability: Snow Warning|[of] p1a: Nine Inch Tails\n|turn|26\n|c|\u2606Finchely|Lmaoo the worm works\n|\n|t:|1699894939\n|move|p1a: Nine Inch Tails|Blizzard|p2a: Orthworm\n|-resisted|p2a: Orthworm\n|-damage|p2a: Orthworm|67\/100\n|move|p2a: Orthworm|Iron Head|p1a: Nine Inch Tails\n|-supereffective|p1a: Nine Inch Tails\n|-damage|p1a: Nine Inch Tails|1\/100\n|\n|-weather|Snow|[upkeep]\n|-heal|p2a: Orthworm|73\/100|[from] item: Leftovers\n|upkeep\n|turn|27\n|c|\u2606AlicieLizzie|I need more special attackers lmao\n|\n|t:|1699894948\n|move|p1a: Nine Inch Tails|Blizzard|p2a: Orthworm\n|-resisted|p2a: Orthworm\n|-damage|p2a: Orthworm|39\/100\n|move|p2a: Orthworm|Iron Head|p1a: Nine Inch Tails\n|-supereffective|p1a: Nine Inch Tails\n|-damage|p1a: Nine Inch Tails|0 fnt\n|faint|p1a: Nine Inch Tails\n|\n|-weather|Snow|[upkeep]\n|-heal|p2a: Orthworm|45\/100|[from] item: Leftovers\n|upkeep\n|\n|t:|1699894950\n|switch|p1a: King Crimson|Slowking-Galar, M|100\/100\n|turn|28\n|\n|t:|1699894954\n|move|p2a: Orthworm|Iron Head|p1a: King Crimson\n|-damage|p1a: King Crimson|88\/100\n|move|p1a: King Crimson|Psyshock|p2a: Orthworm\n|-resisted|p2a: Orthworm\n|-damage|p2a: Orthworm|43\/100\n|\n|-weather|Snow|[upkeep]\n|-heal|p2a: Orthworm|49\/100|[from] item: Leftovers\n|upkeep\n|turn|29\n|\n|t:|1699894959\n|move|p2a: Orthworm|Body Press|p1a: King Crimson\n|-resisted|p1a: King Crimson\n|-damage|p1a: King Crimson|72\/100\n|move|p1a: King Crimson|Psyshock|p2a: Orthworm\n|-resisted|p2a: Orthworm\n|-damage|p2a: Orthworm|47\/100\n|\n|-weather|Snow|[upkeep]\n|-heal|p2a: Orthworm|53\/100|[from] item: Leftovers\n|-sideend|p1: AlicieLizzie|move: Aurora Veil\n|upkeep\n|turn|30\n|\n|t:|1699894965\n|move|p2a: Orthworm|Body Press|p1a: King Crimson\n|-resisted|p1a: King Crimson\n|-damage|p1a: King Crimson|40\/100\n|move|p1a: King Crimson|Psyshock|p2a: Orthworm\n|-resisted|p2a: Orthworm\n|-damage|p2a: Orthworm|51\/100\n|\n|-weather|none\n|-heal|p2a: Orthworm|57\/100|[from] item: Leftovers\n|upkeep\n|turn|31\n|\n|t:|1699894969\n|move|p2a: Orthworm|Body Press|p1a: King Crimson\n|-resisted|p1a: King Crimson\n|-damage|p1a: King Crimson|3\/100\n|move|p1a: King Crimson|Slack Off|p1a: King Crimson\n|-heal|p1a: King Crimson|53\/100\n|\n|-heal|p2a: Orthworm|64\/100|[from] item: Leftovers\n|upkeep\n|turn|32\n|\n|t:|1699894972\n|move|p2a: Orthworm|Body Press|p1a: King Crimson\n|-resisted|p1a: King Crimson\n|-damage|p1a: King Crimson|20\/100\n|move|p1a: King Crimson|Slack Off|p1a: King Crimson\n|-heal|p1a: King Crimson|70\/100\n|\n|-heal|p2a: Orthworm|70\/100|[from] item: Leftovers\n|upkeep\n|turn|33\n|\n|t:|1699894976\n|move|p2a: Orthworm|Iron Head|p1a: King Crimson\n|-damage|p1a: King Crimson|43\/100\n|move|p1a: King Crimson|Psyshock|p2a: Orthworm\n|-resisted|p2a: Orthworm\n|-damage|p2a: Orthworm|68\/100\n|\n|-heal|p2a: Orthworm|74\/100|[from] item: Leftovers\n|upkeep\n|turn|34\n|\n|t:|1699894980\n|move|p2a: Orthworm|Iron Head|p1a: King Crimson\n|-damage|p1a: King Crimson|19\/100\n|move|p1a: King Crimson|Slack Off|p1a: King Crimson\n|-heal|p1a: King Crimson|69\/100\n|\n|-heal|p2a: Orthworm|80\/100|[from] item: Leftovers\n|upkeep\n|turn|35\n|\n|t:|1699894982\n|move|p2a: Orthworm|Iron Head|p1a: King Crimson\n|-damage|p1a: King Crimson|44\/100\n|cant|p1a: King Crimson|flinch\n|\n|-heal|p2a: Orthworm|86\/100|[from] item: Leftovers\n|upkeep\n|turn|36\n|\n|t:|1699894985\n|move|p2a: Orthworm|Iron Head|p1a: King Crimson\n|-damage|p1a: King Crimson|18\/100\n|move|p1a: King Crimson|Slack Off|p1a: King Crimson\n|-heal|p1a: King Crimson|68\/100\n|\n|-heal|p2a: Orthworm|92\/100|[from] item: Leftovers\n|upkeep\n|turn|37\n|\n|t:|1699894988\n|move|p2a: Orthworm|Iron Head|p1a: King Crimson\n|-damage|p1a: King Crimson|43\/100\n|cant|p1a: King Crimson|flinch\n|\n|-heal|p2a: Orthworm|98\/100|[from] item: Leftovers\n|upkeep\n|turn|38\n|\n|t:|1699894991\n|move|p2a: Orthworm|Iron Head|p1a: King Crimson\n|-damage|p1a: King Crimson|20\/100\n|move|p1a: King Crimson|Slack Off|p1a: King Crimson\n|-heal|p1a: King Crimson|70\/100\n|\n|-heal|p2a: Orthworm|100\/100|[from] item: Leftovers\n|upkeep\n|turn|39\n|\n|t:|1699894994\n|move|p2a: Orthworm|Iron Head|p1a: King Crimson\n|-damage|p1a: King Crimson|44\/100\n|move|p1a: King Crimson|Chilly Reception|p1a: King Crimson\n|-weather|Snow\n|\n|-weather|Snow|[upkeep]\n|upkeep\n|turn|40\n|\n|t:|1699894997\n|move|p2a: Orthworm|Iron Head|p1a: King Crimson\n|-damage|p1a: King Crimson|20\/100\n|cant|p1a: King Crimson|flinch\n|\n|-weather|Snow|[upkeep]\n|upkeep\n|turn|41\n|\n|t:|1699894999\n|move|p2a: Orthworm|Iron Head|p1a: King Crimson\n|-damage|p1a: King Crimson|0 fnt\n|faint|p1a: King Crimson\n|\n|win|Finchely\n|c|\u2606Finchely|Gg\n","uploadtime":1699895006,"views":14,"p1id":"alicielizzie","p2id":"finchely","formatid":"gen9ubers","rating":0,"private":0,"password":""}