{"id":"gen9ubers-1985276356","p1":"fmfnr","p2":"legendspammer243","format":"[Gen 9] Ubers","log":"|j|\u2606fmfnr\n|j|\u2606legendspammer243\n|t:|1699358920\n|gametype|singles\n|player|p1|fmfnr|hilbert|1418\n|player|p2|legendspammer243|guitarist-gen4|1319\n|teamsize|p1|6\n|teamsize|p2|6\n|gen|9\n|tier|[Gen 9] Ubers\n|rated|\n|rule|Sleep Clause Mod: Limit one foe put to sleep\n|rule|Species Clause: Limit one of each Pok\u00e9mon\n|rule|OHKO Clause: OHKO moves are banned\n|rule|Evasion Items Clause: Evasion items are banned\n|rule|Evasion Moves Clause: Evasion moves are banned\n|rule|Endless Battle Clause: Forcing endless battles is banned\n|rule|HP Percentage Mod: HP is shown in percentages\n|clearpoke\n|poke|p1|Chien-Pao|\n|poke|p1|Koraidon|\n|poke|p1|Flutter Mane|\n|poke|p1|Skeledirge, M|\n|poke|p1|Toxapex, F|\n|poke|p1|Dialga-Origin|\n|poke|p2|Groudon|\n|poke|p2|Blissey, F|\n|poke|p2|Regieleki|\n|poke|p2|Chi-Yu|\n|poke|p2|Walking Wake|\n|poke|p2|Arceus-Fairy|\n|teampreview\n|\n|t:|1699358960\n|start\n|switch|p1a: Dialga|Dialga-Origin|100\/100\n|switch|p2a: Groudon|Groudon, shiny|100\/100\n|-weather|SunnyDay|[from] ability: Drought|[of] p2a: Groudon\n|-ability|p1a: Dialga|Pressure\n|turn|1\n|\n|t:|1699358976\n|move|p2a: Groudon|Will-O-Wisp|p1a: Dialga\n|-status|p1a: Dialga|brn\n|move|p1a: Dialga|Dragon Tail|p2a: Groudon\n|-damage|p2a: Groudon|96\/100\n|drag|p2a: Regieleki|Regieleki|100\/100\n|\n|-weather|SunnyDay|[upkeep]\n|-damage|p1a: Dialga|94\/100 brn|[from] brn\n|upkeep\n|turn|2\n|\n|t:|1699358984\n|move|p2a: Regieleki|Volt Switch|p1a: Dialga\n|-resisted|p1a: Dialga\n|-damage|p1a: Dialga|83\/100 brn\n|\n|t:|1699358988\n|switch|p2a: Groudon|Groudon, shiny|96\/100|[from] Volt Switch\n|move|p1a: Dialga|Earth Power|p2a: Groudon\n|-damage|p2a: Groudon|67\/100\n|\n|-weather|SunnyDay|[upkeep]\n|-heal|p2a: Groudon|74\/100|[from] item: Leftovers\n|-damage|p1a: Dialga|77\/100 brn|[from] brn\n|upkeep\n|turn|3\n|\n|t:|1699358994\n|move|p2a: Groudon|Protect|p2a: Groudon\n|-singleturn|p2a: Groudon|Protect\n|move|p1a: Dialga|Stealth Rock|p2a: Groudon\n|-sidestart|p2: legendspammer243|move: Stealth Rock\n|\n|-weather|SunnyDay|[upkeep]\n|-heal|p2a: Groudon|80\/100|[from] item: Leftovers\n|-damage|p1a: Dialga|71\/100 brn|[from] brn\n|upkeep\n|turn|4\n|\n|t:|1699359005\n|move|p2a: Groudon|Precipice Blades|p1a: Dialga\n|-supereffective|p1a: Dialga\n|-damage|p1a: Dialga|0 fnt\n|faint|p1a: Dialga\n|\n|-weather|SunnyDay|[upkeep]\n|-heal|p2a: Groudon|86\/100|[from] item: Leftovers\n|upkeep\n|\n|t:|1699359011\n|switch|p1a: Koraidon|Koraidon|100\/100\n|-activate|p1a: Koraidon|ability: Orichalcum Pulse\n|turn|5\n|\n|t:|1699359026\n|-terastallize|p1a: Koraidon|Fire\n|move|p1a: Koraidon|Flare Blitz|p2a: Groudon\n|-damage|p2a: Groudon|0 fnt\n|faint|p2a: Groudon\n|-damage|p1a: Koraidon|67\/100|[from] Recoil\n|\n|-weather|none\n|upkeep\n|\n|t:|1699359042\n|switch|p2a: Regieleki|Regieleki|100\/100\n|turn|6\n|\n|t:|1699359059\n|switch|p1a: Skeledirge|Skeledirge, M|100\/100\n|move|p2a: Regieleki|Volt Switch|p1a: Skeledirge\n|-damage|p1a: Skeledirge|57\/100\n|\n|t:|1699359064\n|switch|p2a: Walking Wake|Walking Wake|100\/100|[from] Volt Switch\n|-damage|p2a: Walking Wake|88\/100|[from] Stealth Rock\n|\n|upkeep\n|turn|7\n|\n|t:|1699359069\n|move|p2a: Walking Wake|Hydro Steam|p1a: Skeledirge\n|-supereffective|p1a: Skeledirge\n|-damage|p1a: Skeledirge|0 fnt\n|faint|p1a: Skeledirge\n|\n|upkeep\n|\n|t:|1699359074\n|switch|p1a: Koraidon|Koraidon, tera:Fire|67\/100\n|-weather|SunnyDay|[from] ability: Orichalcum Pulse|[of] p1a: Koraidon\n|-activate|p2a: Walking Wake|ability: Protosynthesis\n|-start|p2a: Walking Wake|protosynthesisspa\n|-activate|p1a: Koraidon|Orichalcum Pulse|[source]\n|turn|8\n|\n|t:|1699359078\n|-end|p2a: Walking Wake|Protosynthesis|[silent]\n|switch|p2a: Arceus|Arceus-Fairy|100\/100\n|-damage|p2a: Arceus|88\/100|[from] Stealth Rock\n|move|p1a: Koraidon|Dragon Claw|p2a: Arceus\n|-immune|p2a: Arceus\n|\n|-weather|SunnyDay|[upkeep]\n|upkeep\n|turn|9\n|\n|t:|1699359088\n|switch|p1a: Toxapex|Toxapex, F|100\/100\n|move|p2a: Arceus|Judgment|p1a: Toxapex\n|-resisted|p1a: Toxapex\n|-damage|p1a: Toxapex|79\/100\n|\n|-weather|SunnyDay|[upkeep]\n|upkeep\n|turn|10\n|\n|t:|1699359095\n|-terastallize|p2a: Arceus|Poison\n|move|p2a: Arceus|Calm Mind|p2a: Arceus\n|-boost|p2a: Arceus|spa|1\n|-boost|p2a: Arceus|spd|1\n|move|p1a: Toxapex|Infestation|p2a: Arceus\n|-resisted|p2a: Arceus\n|-damage|p2a: Arceus|87\/100\n|-activate|p2a: Arceus|move: Infestation|[of] p1a: Toxapex\n|\n|-weather|SunnyDay|[upkeep]\n|-damage|p2a: Arceus|75\/100|[from] move: Infestation|[partiallytrapped]\n|upkeep\n|turn|11\n|\n|t:|1699359104\n|move|p2a: Arceus|Calm Mind|p2a: Arceus\n|-boost|p2a: Arceus|spa|1\n|-boost|p2a: Arceus|spd|1\n|move|p1a: Toxapex|Haze|p1a: Toxapex\n|-clearallboost\n|\n|-weather|SunnyDay|[upkeep]\n|-damage|p2a: Arceus|63\/100|[from] move: Infestation|[partiallytrapped]\n|upkeep\n|turn|12\n|j| Nightwish Fans\n|inactive|Battle timer is ON: inactive players will automatically lose when time's up. (requested by legendspammer243)\n|\n|t:|1699359153\n|switch|p1a: Chien-Pao|Chien-Pao|100\/100\n|-ability|p1a: Chien-Pao|Sword of Ruin\n|move|p2a: Arceus|Will-O-Wisp|p1a: Chien-Pao\n|-status|p1a: Chien-Pao|brn\n|\n|-weather|none\n|-damage|p1a: Chien-Pao|95\/100 brn|[from] brn\n|-end|p2a: Arceus|Infestation|[partiallytrapped]|[silent]\n|upkeep\n|turn|13\n|\n|t:|1699359163\n|move|p1a: Chien-Pao|Psychic Fangs|p2a: Arceus\n|-supereffective|p2a: Arceus\n|-damage|p2a: Arceus|43\/100\n|move|p2a: Arceus|Recover|p2a: Arceus\n|-heal|p2a: Arceus|94\/100\n|\n|-damage|p1a: Chien-Pao|89\/100 brn|[from] brn\n|upkeep\n|turn|14\n|\n|t:|1699359170\n|move|p1a: Chien-Pao|Psychic Fangs|p2a: Arceus\n|-supereffective|p2a: Arceus\n|-damage|p2a: Arceus|71\/100\n|move|p2a: Arceus|Calm Mind|p2a: Arceus\n|-boost|p2a: Arceus|spa|1\n|-boost|p2a: Arceus|spd|1\n|\n|-damage|p1a: Chien-Pao|83\/100 brn|[from] brn\n|upkeep\n|turn|15\n|\n|t:|1699359173\n|switch|p1a: Toxapex|Toxapex, F|100\/100\n|move|p2a: Arceus|Calm Mind|p2a: Arceus\n|-boost|p2a: Arceus|spa|1\n|-boost|p2a: Arceus|spd|1\n|\n|upkeep\n|turn|16\n|\n|t:|1699359176\n|move|p2a: Arceus|Judgment|p1a: Toxapex\n|-resisted|p1a: Toxapex\n|-damage|p1a: Toxapex|58\/100\n|move|p1a: Toxapex|Haze|p1a: Toxapex\n|-clearallboost\n|\n|upkeep\n|turn|17\n|\n|t:|1699359189\n|switch|p2a: Regieleki|Regieleki|100\/100\n|move|p1a: Toxapex|Infestation|p2a: Regieleki\n|-damage|p2a: Regieleki|95\/100\n|-activate|p2a: Regieleki|move: Infestation|[of] p1a: Toxapex\n|\n|-damage|p2a: Regieleki|82\/100|[from] move: Infestation|[partiallytrapped]\n|upkeep\n|turn|18\n|l|\u2606legendspammer243\n|inactive|legendspammer243 disconnected and has a minute to reconnect!\n|player|p2|\n|j|\u2606legendspammer243\n|inactive|legendspammer243 reconnected and has 110 seconds left.\n|player|p2|legendspammer243|guitarist-gen4\n|\n|t:|1699359233\n|move|p2a: Regieleki|Volt Switch|p1a: Toxapex\n|-supereffective|p1a: Toxapex\n|-damage|p1a: Toxapex|0 fnt\n|faint|p1a: Toxapex\n|\n|t:|1699359240\n|switch|p2a: Arceus|Arceus-Fairy, tera:Poison|71\/100|[from] Volt Switch\n|-damage|p2a: Arceus|59\/100|[from] Stealth Rock\n|\n|upkeep\n|\n|t:|1699359253\n|switch|p1a: Flutter Mane|Flutter Mane|100\/100\n|turn|19\n|inactive|legendspammer243 has 120 seconds left.\n|\n|t:|1699359258\n|move|p1a: Flutter Mane|Psyshock|p2a: Arceus\n|-supereffective|p2a: Arceus\n|-damage|p2a: Arceus|19\/100\n|-damage|p1a: Flutter Mane|91\/100|[from] item: Life Orb\n|move|p2a: Arceus|Recover|p2a: Arceus\n|-heal|p2a: Arceus|70\/100\n|\n|upkeep\n|turn|20\n|\n|t:|1699359266\n|move|p1a: Flutter Mane|Taunt|p2a: Arceus\n|-start|p2a: Arceus|move: Taunt\n|cant|p2a: Arceus|move: Taunt|Recover\n|\n|upkeep\n|turn|21\n|\n|t:|1699359275\n|move|p1a: Flutter Mane|Psyshock|p2a: Arceus\n|-supereffective|p2a: Arceus\n|-damage|p2a: Arceus|34\/100\n|-damage|p1a: Flutter Mane|81\/100|[from] item: Life Orb\n|move|p2a: Arceus|Judgment|p1a: Flutter Mane\n|-damage|p1a: Flutter Mane|33\/100\n|\n|upkeep\n|turn|22\n|\n|t:|1699359284\n|move|p1a: Flutter Mane|Psyshock|p2a: Arceus\n|-supereffective|p2a: Arceus\n|-damage|p2a: Arceus|0 fnt\n|faint|p2a: Arceus\n|-damage|p1a: Flutter Mane|23\/100|[from] item: Life Orb\n|\n|upkeep\n|\n|t:|1699359290\n|switch|p2a: Regieleki|Regieleki|82\/100\n|turn|23\n|c|\u2606legendspammer243|oof\n|inactive|fmfnr has 120 seconds left.\n|\n|t:|1699359328\n|-end|p1a: Flutter Mane|Protosynthesis|[silent]\n|switch|p1a: Chien-Pao|Chien-Pao|83\/100 brn\n|-ability|p1a: Chien-Pao|Sword of Ruin\n|move|p2a: Regieleki|Volt Switch|p1a: Chien-Pao\n|-damage|p1a: Chien-Pao|30\/100 brn\n|\n|t:|1699359337\n|switch|p2a: Chi-Yu|Chi-Yu|100\/100|[from] Volt Switch\n|-damage|p2a: Chi-Yu|76\/100|[from] Stealth Rock\n|-ability|p2a: Chi-Yu|Beads of Ruin\n|\n|-damage|p1a: Chien-Pao|24\/100 brn|[from] brn\n|upkeep\n|turn|24\n|\n|t:|1699359342\n|move|p1a: Chien-Pao|Sacred Sword|p2a: Chi-Yu\n|-supereffective|p2a: Chi-Yu\n|-damage|p2a: Chi-Yu|8\/100\n|move|p2a: Chi-Yu|Flamethrower|p1a: Chien-Pao\n|-supereffective|p1a: Chien-Pao\n|-damage|p1a: Chien-Pao|0 fnt\n|faint|p1a: Chien-Pao\n|\n|upkeep\n|inactive|fmfnr has 120 seconds left.\n|c|\u2606legendspammer243|scarf?\n|\n|t:|1699359361\n|switch|p1a: Flutter Mane|Flutter Mane|23\/100\n|turn|25\n|\n|t:|1699359369\n|move|p2a: Chi-Yu|Flamethrower|p1a: Flutter Mane\n|-damage|p1a: Flutter Mane|0 fnt\n|faint|p1a: Flutter Mane\n|-end|p1a: Flutter Mane|Protosynthesis|[silent]\n|\n|upkeep\n|\n|t:|1699359371\n|switch|p1a: Koraidon|Koraidon, tera:Fire|67\/100\n|-weather|SunnyDay|[from] ability: Orichalcum Pulse|[of] p1a: Koraidon\n|-activate|p1a: Koraidon|Orichalcum Pulse|[source]\n|turn|26\n|c|\u2606legendspammer243|that's pretty rare\n|\n|t:|1699359387\n|move|p2a: Chi-Yu|Flamethrower|p1a: Koraidon\n|-resisted|p1a: Koraidon\n|-damage|p1a: Koraidon|11\/100\n|move|p1a: Koraidon|Dragon Claw|p2a: Chi-Yu\n|-damage|p2a: Chi-Yu|0 fnt\n|faint|p2a: Chi-Yu\n|\n|-weather|SunnyDay|[upkeep]\n|upkeep\n|\n|t:|1699359393\n|switch|p2a: Regieleki|Regieleki|82\/100\n|turn|27\n|c|\u2606legendspammer243|gg\n|\n|t:|1699359400\n|move|p2a: Regieleki|Volt Switch|p1a: Koraidon\n|-damage|p1a: Koraidon|0 fnt\n|faint|p1a: Koraidon\n|\n|win|legendspammer243\n|raw|fmfnr's rating: 1418 &rarr; <strong>1392<\/strong><br \/>(-26 for losing)\n|raw|legendspammer243's rating: 1319 &rarr; <strong>1345<\/strong><br \/>(+26 for winning)\n|l|\u2606fmfnr\n|j|\u2606fmfnr\n|player|p1|fmfnr|hilbert\n|c|\u2606legendspammer243|choice band koraidon actually crazy\n","uploadtime":1699359478,"views":6,"p1id":"fmfnr","p2id":"legendspammer243","formatid":"gen9ubers","rating":1345,"private":0,"password":""}