{"id":"gen9ubers-1975954098","p1":"RengokuTeEz","p2":"Syns0775","format":"[Gen 9] Ubers","log":"|j|\u2606RengokuTeEz\n|j|\u2606Syns0775\n|t:|1698251914\n|gametype|singles\n|player|p1|RengokuTeEz|firebreather|1072\n|player|p2|Syns0775|2|1000\n|teamsize|p1|6\n|teamsize|p2|6\n|gen|9\n|tier|[Gen 9] Ubers\n|rated|\n|rule|Sleep Clause Mod: Limit one foe put to sleep\n|rule|Species Clause: Limit one of each Pok\u00e9mon\n|rule|OHKO Clause: OHKO moves are banned\n|rule|Evasion Items Clause: Evasion items are banned\n|rule|Evasion Moves Clause: Evasion moves are banned\n|rule|Endless Battle Clause: Forcing endless battles is banned\n|rule|HP Percentage Mod: HP is shown in percentages\n|clearpoke\n|poke|p1|Volcarona, F|\n|poke|p1|Baxcalibur, F|\n|poke|p1|Azumarill, F|\n|poke|p1|Landorus-Therian, M|\n|poke|p1|Conkeldurr, F|\n|poke|p1|Kingambit, F|\n|poke|p2|Flutter Mane|\n|poke|p2|Hydreigon, F|\n|poke|p2|Rayquaza|\n|poke|p2|Roaring Moon|\n|poke|p2|Groudon|\n|poke|p2|Garchomp, M|\n|teampreview\n|\n|t:|1698251928\n|start\n|switch|p1a: Azumarill|Azumarill, F|100\/100\n|switch|p2a: Garchomp|Garchomp, M|100\/100\n|turn|1\n|\n|t:|1698251937\n|move|p2a: Garchomp|Outrage|p1a: Azumarill\n|-immune|p1a: Azumarill\n|move|p1a: Azumarill|Belly Drum|p1a: Azumarill\n|-damage|p1a: Azumarill|50\/100\n|-setboost|p1a: Azumarill|atk|6|[from] move: Belly Drum\n|-enditem|p1a: Azumarill|Sitrus Berry|[eat]\n|-heal|p1a: Azumarill|75\/100|[from] item: Sitrus Berry\n|\n|upkeep\n|turn|2\n|c|\u2606RengokuTeEz|Dans le crane a ta mere\n|c|\u2606RengokuTeEz|ton \u00e9quipe full leg\n|\n|t:|1698251953\n|move|p2a: Garchomp|Draco Meteor|p1a: Azumarill\n|-immune|p1a: Azumarill\n|move|p1a: Azumarill|Play Rough|p2a: Garchomp\n|-supereffective|p2a: Garchomp\n|-damage|p2a: Garchomp|0 fnt\n|faint|p2a: Garchomp\n|\n|upkeep\n|\n|t:|1698251962\n|switch|p2a: Flutter Mane|Flutter Mane, shiny|100\/100\n|turn|3\n|\n|t:|1698251969\n|move|p2a: Flutter Mane|Moonblast|p1a: Azumarill\n|-damage|p1a: Azumarill|16\/100\n|move|p1a: Azumarill|Liquidation|p2a: Flutter Mane\n|-damage|p2a: Flutter Mane|0 fnt\n|faint|p2a: Flutter Mane\n|-end|p2a: Flutter Mane|Protosynthesis|[silent]\n|\n|upkeep\n|\n|t:|1698251980\n|switch|p2a: Roaring Moon|Roaring Moon|100\/100\n|turn|4\n|\n|t:|1698251985\n|move|p2a: Roaring Moon|Zen Headbutt|p1a: Azumarill\n|-damage|p1a: Azumarill|0 fnt\n|faint|p1a: Azumarill\n|\n|upkeep\n|\n|t:|1698251995\n|switch|p1a: Kingambit|Kingambit, F|100\/100\n|-activate|p1a: Kingambit|ability: Supreme Overlord\n|-start|p1a: Kingambit|fallen1|[silent]\n|turn|5\n|\n|t:|1698252004\n|move|p2a: Roaring Moon|Zen Headbutt|p1a: Kingambit\n|-immune|p1a: Kingambit\n|move|p1a: Kingambit|Swords Dance|p1a: Kingambit\n|-boost|p1a: Kingambit|atk|2\n|\n|upkeep\n|turn|6\n|\n|t:|1698252019\n|-end|p2a: Roaring Moon|Protosynthesis|[silent]\n|switch|p2a: Rayquaza|Rayquaza, shiny|100\/100\n|-ability|p2a: Rayquaza|Air Lock\n|move|p1a: Kingambit|Iron Head|p2a: Rayquaza\n|-damage|p2a: Rayquaza|0 fnt\n|faint|p2a: Rayquaza\n|\n|upkeep\n|-message|Syns0775 forfeited.\n|\n|win|RengokuTeEz\n|raw|RengokuTeEz's rating: 1072 &rarr; <strong>1095<\/strong><br \/>(+23 for winning)\n|raw|Syns0775's rating: 1000 &rarr; <strong>1000<\/strong><br \/>(+0 for losing)\n","uploadtime":1698251947,"views":6,"p1id":"rengokuteez","p2id":"syns0775","formatid":"gen9ubers","rating":1000,"private":0,"password":""}