{"id":"gen9ubers-1996557445","p1":"Anne Frankkkk","p2":"EliteFourAldo","format":"[Gen 9] Ubers","log":"|j|\u2606Anne Frankkkk\n|j|\u2606EliteFourAldo\n|t:|1700694049\n|gametype|singles\n|player|p1|Anne Frankkkk|hilbert|1208\n|player|p2|EliteFourAldo|102|1165\n|teamsize|p1|6\n|teamsize|p2|6\n|gen|9\n|tier|[Gen 9] Ubers\n|rated|\n|rule|Sleep Clause Mod: Limit one foe put to sleep\n|rule|Species Clause: Limit one of each Pok\u00e9mon\n|rule|OHKO Clause: OHKO moves are banned\n|rule|Evasion Items Clause: Evasion items are banned\n|rule|Evasion Moves Clause: Evasion moves are banned\n|rule|Endless Battle Clause: Forcing endless battles is banned\n|rule|HP Percentage Mod: HP is shown in percentages\n|clearpoke\n|poke|p1|Regieleki|\n|poke|p1|Kyogre|\n|poke|p1|Chien-Pao|\n|poke|p1|Ribombee, F|\n|poke|p1|Miraidon|\n|poke|p1|Flutter Mane|\n|poke|p2|Palafin, M|\n|poke|p2|Garchomp, M|\n|poke|p2|Skeledirge, F|\n|poke|p2|Annihilape, M|\n|poke|p2|Iron Valiant|\n|poke|p2|Corviknight, F|\n|teampreview\n|\n|t:|1700694060\n|start\n|switch|p1a: Moonblast|Ribombee, F, shiny|100\/100\n|switch|p2a: Iron Valiant|Iron Valiant|100\/100\n|-enditem|p2a: Iron Valiant|Booster Energy\n|-activate|p2a: Iron Valiant|ability: Quark Drive|[fromitem]\n|-start|p2a: Iron Valiant|quarkdrivespe\n|turn|1\n|inactive|Battle timer is ON: inactive players will automatically lose when time's up. (requested by EliteFourAldo)\n|\n|t:|1700694065\n|move|p2a: Iron Valiant|Swords Dance|p2a: Iron Valiant\n|-boost|p2a: Iron Valiant|atk|2\n|move|p1a: Moonblast|Sticky Web|p2a: Iron Valiant\n|-sidestart|p2: EliteFourAldo|move: Sticky Web\n|\n|upkeep\n|turn|2\n|\n|t:|1700694070\n|move|p2a: Iron Valiant|Spirit Break|p1a: Moonblast\n|-enditem|p1a: Moonblast|Focus Sash\n|-damage|p1a: Moonblast|1\/100\n|move|p1a: Moonblast|Stun Spore|p2a: Iron Valiant|[miss]\n|-miss|p1a: Moonblast|p2a: Iron Valiant\n|\n|upkeep\n|turn|3\n|\n|t:|1700694077\n|move|p2a: Iron Valiant|Spirit Break|p1a: Moonblast\n|-damage|p1a: Moonblast|0 fnt\n|faint|p1a: Moonblast\n|\n|upkeep\n|\n|t:|1700694082\n|switch|p1a: Misdreavius|Flutter Mane, shiny|100\/100\n|-enditem|p1a: Misdreavius|Booster Energy\n|-activate|p1a: Misdreavius|ability: Protosynthesis|[fromitem]\n|-start|p1a: Misdreavius|protosynthesisspe\n|turn|4\n|\n|t:|1700694094\n|move|p1a: Misdreavius|Moonblast|p2a: Iron Valiant\n|-supereffective|p2a: Iron Valiant\n|-damage|p2a: Iron Valiant|0 fnt\n|faint|p2a: Iron Valiant\n|-end|p2a: Iron Valiant|Quark Drive|[silent]\n|\n|upkeep\n|\n|t:|1700694097\n|switch|p2a: Corviknight|Corviknight, F|100\/100\n|turn|5\n|\n|t:|1700694105\n|move|p1a: Misdreavius|Calm Mind|p1a: Misdreavius\n|-boost|p1a: Misdreavius|spa|1\n|-boost|p1a: Misdreavius|spd|1\n|move|p2a: Corviknight|Defog|p1a: Misdreavius\n|-unboost|p1a: Misdreavius|evasion|1\n|-sideend|p2: EliteFourAldo|Sticky Web|[from] move: Defog|[of] p2a: Corviknight\n|\n|upkeep\n|turn|6\n|\n|t:|1700694108\n|move|p1a: Misdreavius|Calm Mind|p1a: Misdreavius\n|-boost|p1a: Misdreavius|spa|1\n|-boost|p1a: Misdreavius|spd|1\n|move|p2a: Corviknight|Brave Bird|p1a: Misdreavius\n|-damage|p1a: Misdreavius|17\/100\n|-damage|p2a: Corviknight|83\/100|[from] Recoil\n|\n|-heal|p2a: Corviknight|89\/100|[from] item: Leftovers\n|upkeep\n|turn|7\n|\n|t:|1700694111\n|move|p1a: Misdreavius|Power Gem|p2a: Corviknight\n|-damage|p2a: Corviknight|48\/100\n|move|p2a: Corviknight|Brave Bird|p1a: Misdreavius\n|-damage|p1a: Misdreavius|0 fnt\n|faint|p1a: Misdreavius\n|-end|p1a: Misdreavius|Protosynthesis|[silent]\n|-damage|p2a: Corviknight|44\/100|[from] Recoil\n|\n|-heal|p2a: Corviknight|51\/100|[from] item: Leftovers\n|upkeep\n|\n|t:|1700694117\n|switch|p1a: Bzzzzt|Regieleki, shiny|100\/100\n|turn|8\n|\n|t:|1700694122\n|move|p1a: Bzzzzt|Thunderbolt|p2a: Corviknight\n|-supereffective|p2a: Corviknight\n|-damage|p2a: Corviknight|0 fnt\n|faint|p2a: Corviknight\n|\n|upkeep\n|\n|t:|1700694124\n|switch|p2a: Garchomp|Garchomp, M|100\/100\n|turn|9\n|\n|t:|1700694126\n|-terastallize|p1a: Bzzzzt|Ice\n|move|p1a: Bzzzzt|Tera Blast|p2a: Garchomp|[anim] Tera Blast Ice\n|-supereffective|p2a: Garchomp\n|-damage|p2a: Garchomp|0 fnt\n|faint|p2a: Garchomp\n|\n|upkeep\n|\n|t:|1700694130\n|switch|p2a: Skeledirge|Skeledirge, F|100\/100\n|turn|10\n|\n|t:|1700694141\n|move|p1a: Bzzzzt|Volt Switch|p2a: Skeledirge\n|-damage|p2a: Skeledirge|56\/100\n|\n|t:|1700694144\n|switch|p1a: Ice Cat|Chien-Pao|100\/100|[from] Volt Switch\n|-ability|p1a: Ice Cat|Sword of Ruin\n|move|p2a: Skeledirge|Torch Song|p1a: Ice Cat\n|-supereffective|p1a: Ice Cat\n|-enditem|p1a: Ice Cat|Focus Sash\n|-damage|p1a: Ice Cat|1\/100\n|-boost|p2a: Skeledirge|spa|1\n|\n|upkeep\n|turn|11\n|\n|t:|1700694151\n|move|p1a: Ice Cat|Sucker Punch||[still]\n|-fail|p1a: Ice Cat\n|move|p2a: Skeledirge|Slack Off|p2a: Skeledirge\n|-heal|p2a: Skeledirge|100\/100\n|\n|upkeep\n|turn|12\n|\n|t:|1700694156\n|move|p1a: Ice Cat|Sucker Punch|p2a: Skeledirge\n|-supereffective|p2a: Skeledirge\n|-damage|p2a: Skeledirge|28\/100\n|move|p2a: Skeledirge|Torch Song|p1a: Ice Cat\n|-supereffective|p1a: Ice Cat\n|-damage|p1a: Ice Cat|0 fnt\n|-boost|p2a: Skeledirge|spa|1\n|faint|p1a: Ice Cat\n|\n|upkeep\n|\n|t:|1700694161\n|switch|p1a: OHKO|Kyogre|100\/100\n|-weather|RainDance|[from] ability: Drizzle|[of] p1a: OHKO\n|turn|13\n|\n|t:|1700694166\n|move|p1a: OHKO|Water Spout|p2a: Skeledirge\n|-supereffective|p2a: Skeledirge\n|-damage|p2a: Skeledirge|0 fnt\n|faint|p2a: Skeledirge\n|\n|-weather|RainDance|[upkeep]\n|upkeep\n|\n|t:|1700694169\n|switch|p2a: Palafin|Palafin, M|100\/100\n|turn|14\n|\n|t:|1700694173\n|move|p2a: Palafin|Wave Crash|p1a: OHKO\n|-resisted|p1a: OHKO\n|-damage|p1a: OHKO|61\/100\n|-damage|p2a: Palafin|88\/100|[from] Recoil\n|move|p1a: OHKO|Water Spout|p2a: Palafin\n|-resisted|p2a: Palafin\n|-damage|p2a: Palafin|0 fnt\n|faint|p2a: Palafin\n|\n|-weather|RainDance|[upkeep]\n|upkeep\n|\n|t:|1700694176\n|switch|p2a: Annihilape|Annihilape, M|100\/100\n|turn|15\n|\n|t:|1700694185\n|move|p1a: OHKO|Water Spout|p2a: Annihilape\n|-damage|p2a: Annihilape|32\/100\n|move|p2a: Annihilape|Rage Fist|p1a: OHKO\n|-damage|p1a: OHKO|20\/100\n|\n|-weather|RainDance|[upkeep]\n|-heal|p2a: Annihilape|38\/100|[from] item: Leftovers\n|upkeep\n|turn|16\n|\n|t:|1700694188\n|move|p1a: OHKO|Water Spout|p2a: Annihilape\n|-damage|p2a: Annihilape|14\/100\n|move|p2a: Annihilape|Drain Punch|p1a: OHKO\n|-damage|p1a: OHKO|0 fnt\n|-heal|p2a: Annihilape|22\/100|[from] drain|[of] p1a: OHKO\n|faint|p1a: OHKO\n|\n|-weather|RainDance|[upkeep]\n|-heal|p2a: Annihilape|28\/100|[from] item: Leftovers\n|upkeep\n|\n|t:|1700694191\n|switch|p1a: Bzzzzt|Regieleki, shiny, tera:Ice|100\/100\n|turn|17\n|\n|t:|1700694196\n|move|p1a: Bzzzzt|Thunderbolt|p2a: Annihilape\n|-damage|p2a: Annihilape|0 fnt\n|faint|p2a: Annihilape\n|\n|win|Anne Frankkkk\n|raw|Anne Frankkkk's rating: 1208 &rarr; <strong>1230<\/strong><br \/>(+22 for winning)\n|raw|EliteFourAldo's rating: 1165 &rarr; <strong>1143<\/strong><br \/>(-22 for losing)\n|l|\u2606EliteFourAldo\n","uploadtime":1700694204,"views":1,"p1id":"annefrankkkk","p2id":"elitefouraldo","formatid":"gen9ubers","rating":1143,"private":0,"password":""}