{"id":"gen9ubers-1968363928","p1":"TheBallsmaSpace","p2":"StaraptorTheBirb","format":"[Gen 9] Ubers","log":"|j|\u2606TheBallsmaSpace\n|j|\u2606StaraptorTheBirb\n|t:|1697410398\n|gametype|singles\n|player|p1|TheBallsmaSpace|169|1357\n|player|p2|StaraptorTheBirb|karen|1285\n|teamsize|p1|6\n|teamsize|p2|6\n|gen|9\n|tier|[Gen 9] Ubers\n|rated|\n|rule|Sleep Clause Mod: Limit one foe put to sleep\n|rule|Species Clause: Limit one of each Pok\u00e9mon\n|rule|OHKO Clause: OHKO moves are banned\n|rule|Evasion Items Clause: Evasion items are banned\n|rule|Evasion Moves Clause: Evasion moves are banned\n|rule|Endless Battle Clause: Forcing endless battles is banned\n|rule|HP Percentage Mod: HP is shown in percentages\n|clearpoke\n|poke|p1|Basculin-White-Striped, M|\n|poke|p1|Arceus-Poison|\n|poke|p1|Zacian-*|\n|poke|p1|Koraidon|\n|poke|p1|Dondozo, F|\n|poke|p1|Miraidon|\n|poke|p2|Koraidon|\n|poke|p2|Miraidon|\n|poke|p2|Zacian-*|\n|poke|p2|Arceus-Ground|\n|poke|p2|Toxapex, F|\n|poke|p2|Corviknight, F|\n|teampreview\n|\n|t:|1697410478\n|start\n|switch|p1a: Arceus|Arceus-Poison|100\/100\n|switch|p2a: tire fire|Koraidon|100\/100\n|-weather|SunnyDay|[from] ability: Orichalcum Pulse|[of] p2a: tire fire\n|-activate|p2a: tire fire|Orichalcum Pulse|[source]\n|turn|1\n|\n|t:|1697410492\n|move|p2a: tire fire|Dragon Claw|p1a: Arceus\n|-damage|p1a: Arceus|59\/100\n|move|p1a: Arceus|Poison Jab|p2a: tire fire\n|-damage|p2a: tire fire|58\/100\n|\n|-weather|SunnyDay|[upkeep]\n|upkeep\n|turn|2\n|\n|t:|1697410501\n|switch|p2a: poetry|Corviknight, F|100\/100\n|move|p1a: Arceus|Recover|p1a: Arceus\n|-heal|p1a: Arceus|100\/100\n|\n|-weather|SunnyDay|[upkeep]\n|upkeep\n|turn|3\n|\n|t:|1697410507\n|move|p1a: Arceus|Dragon Dance|p1a: Arceus\n|-boost|p1a: Arceus|atk|1\n|-boost|p1a: Arceus|spe|1\n|move|p2a: poetry|U-turn|p1a: Arceus\n|-resisted|p1a: Arceus\n|-damage|p1a: Arceus|95\/100\n|\n|t:|1697410510\n|switch|p2a: prank'd|Toxapex, F, shiny|100\/100|[from] U-turn\n|\n|-weather|SunnyDay|[upkeep]\n|upkeep\n|turn|4\n|\n|t:|1697410518\n|move|p1a: Arceus|Liquidation|p2a: prank'd\n|-resisted|p2a: prank'd\n|-damage|p2a: prank'd|95\/100\n|-damage|p1a: Arceus|79\/100|[from] item: Rocky Helmet|[of] p2a: prank'd\n|move|p2a: prank'd|Haze|p2a: prank'd\n|-clearallboost\n|\n|-weather|SunnyDay|[upkeep]\n|upkeep\n|turn|5\n|\n|t:|1697410529\n|switch|p1a: Miraidon|Miraidon|100\/100\n|-fieldstart|move: Electric Terrain|[from] ability: Hadron Engine|[of] p1a: Miraidon\n|-enditem|p1a: Miraidon|Electric Seed\n|-boost|p1a: Miraidon|def|1|[from] item: Electric Seed\n|move|p2a: prank'd|Chilling Water|p1a: Miraidon\n|-resisted|p1a: Miraidon\n|-damage|p1a: Miraidon|98\/100\n|-unboost|p1a: Miraidon|atk|1\n|\n|-weather|none\n|upkeep\n|turn|6\n|\n|t:|1697410585\n|switch|p2a: chrome dome|Miraidon|100\/100\n|-activate|p2a: chrome dome|ability: Hadron Engine\n|move|p1a: Miraidon|Parabolic Charge|p2a: chrome dome\n|-resisted|p2a: chrome dome\n|-damage|p2a: chrome dome|88\/100\n|-heal|p1a: Miraidon|100\/100|[from] drain|[of] p2a: chrome dome\n|\n|upkeep\n|turn|7\n|\n|t:|1697410600\n|switch|p1a: Zacian|Zacian-Crowned|100\/100\n|-ability|p1a: Zacian|Intrepid Sword|boost\n|-boost|p1a: Zacian|atk|1\n|move|p2a: chrome dome|Draco Meteor|p1a: Zacian\n|-immune|p1a: Zacian\n|\n|upkeep\n|turn|8\n|\n|t:|1697410612\n|switch|p2a: prank'd|Toxapex, F, shiny|100\/100\n|move|p1a: Zacian|Behemoth Blade|p2a: prank'd\n|-resisted|p2a: prank'd\n|-damage|p2a: prank'd|75\/100\n|-damage|p1a: Zacian|84\/100|[from] item: Rocky Helmet|[of] p2a: prank'd\n|\n|upkeep\n|turn|9\n|\n|t:|1697410621\n|move|p1a: Zacian|Swords Dance|p1a: Zacian\n|-boost|p1a: Zacian|atk|2\n|move|p2a: prank'd|Chilling Water|p1a: Zacian\n|-damage|p1a: Zacian|73\/100\n|-unboost|p1a: Zacian|atk|1\n|\n|-fieldend|move: Electric Terrain\n|upkeep\n|turn|10\n|\n|t:|1697410628\n|move|p1a: Zacian|Behemoth Blade|p2a: prank'd\n|-resisted|p2a: prank'd\n|-damage|p2a: prank'd|42\/100\n|-damage|p1a: Zacian|57\/100|[from] item: Rocky Helmet|[of] p2a: prank'd\n|move|p2a: prank'd|Haze|p2a: prank'd\n|-clearallboost\n|\n|upkeep\n|turn|11\n|inactive|Battle timer is ON: inactive players will automatically lose when time's up. (requested by StaraptorTheBirb)\n|inactive|TheBallsmaSpace has 120 seconds left.\n|\n|t:|1697410685\n|switch|p1a: Dondozo|Dondozo, F|100\/100\n|move|p2a: prank'd|Recover|p2a: prank'd\n|-heal|p2a: prank'd|92\/100\n|\n|upkeep\n|turn|12\n|\n|t:|1697410690\n|move|p1a: Dondozo|Body Slam|p2a: prank'd\n|-damage|p2a: prank'd|80\/100\n|-damage|p1a: Dondozo|84\/100|[from] item: Rocky Helmet|[of] p2a: prank'd\n|move|p2a: prank'd|Toxic|p1a: Dondozo\n|-status|p1a: Dondozo|tox\n|\n|-heal|p1a: Dondozo|90\/100 tox|[from] item: Leftovers\n|-damage|p1a: Dondozo|84\/100 tox|[from] psn\n|upkeep\n|turn|13\n|inactive|TheBallsmaSpace has 120 seconds left.\n|\n|t:|1697410727\n|switch|p1a: Zacian|Zacian-Crowned|57\/100\n|move|p2a: prank'd|Chilling Water|p1a: Zacian\n|-damage|p1a: Zacian|47\/100\n|-unboost|p1a: Zacian|atk|1\n|\n|upkeep\n|turn|14\n|\n|t:|1697410734\n|move|p1a: Zacian|Swords Dance|p1a: Zacian\n|-boost|p1a: Zacian|atk|2\n|move|p2a: prank'd|Chilling Water|p1a: Zacian\n|-damage|p1a: Zacian|37\/100\n|-unboost|p1a: Zacian|atk|1\n|\n|upkeep\n|turn|15\n|inactive|TheBallsmaSpace has 120 seconds left.\n|inactive|TheBallsmaSpace has 90 seconds left.\n|inactive|TheBallsmaSpace has 60 seconds left.\n|\n|t:|1697410829\n|switch|p1a: Arceus|Arceus-Poison|79\/100\n|move|p2a: prank'd|Chilling Water|p1a: Arceus\n|-damage|p1a: Arceus|71\/100\n|-unboost|p1a: Arceus|atk|1\n|\n|upkeep\n|turn|16\n|\n|t:|1697410838\n|switch|p2a: in the beginning|Arceus-Ground|100\/100\n|move|p1a: Arceus|Dragon Dance|p1a: Arceus\n|-boost|p1a: Arceus|atk|1\n|-boost|p1a: Arceus|spe|1\n|\n|upkeep\n|turn|17\n|\n|t:|1697410843\n|move|p1a: Arceus|Liquidation|p2a: in the beginning\n|-supereffective|p2a: in the beginning\n|-damage|p2a: in the beginning|71\/100\n|-unboost|p2a: in the beginning|def|1\n|move|p2a: in the beginning|Judgment|p1a: Arceus\n|-supereffective|p1a: Arceus\n|-damage|p1a: Arceus|0 fnt\n|faint|p1a: Arceus\n|\n|upkeep\n|\n|t:|1697410849\n|switch|p1a: Basculin|Basculin-White-Striped, M|100\/100\n|turn|18\n|inactive|TheBallsmaSpace has 60 seconds left.\n|\n|t:|1697410862\n|switch|p2a: prank'd|Toxapex, F, shiny|100\/100\n|-terastallize|p1a: Basculin|Ghost\n|move|p1a: Basculin|Last Respects|p2a: prank'd\n|-damage|p2a: prank'd|68\/100\n|\n|upkeep\n|turn|19\n|inactive|TheBallsmaSpace has 60 seconds left.\n|\n|t:|1697410883\n|switch|p1a: Dondozo|Dondozo, F|84\/100 tox\n|move|p2a: prank'd|Toxic|p1a: Dondozo\n|-fail|p1a: Dondozo|tox\n|\n|-heal|p1a: Dondozo|90\/100 tox|[from] item: Leftovers\n|-damage|p1a: Dondozo|84\/100 tox|[from] psn\n|upkeep\n|turn|20\n|\n|t:|1697410895\n|move|p1a: Dondozo|Curse|p1a: Dondozo\n|-unboost|p1a: Dondozo|spe|1\n|-boost|p1a: Dondozo|atk|1\n|-boost|p1a: Dondozo|def|1\n|move|p2a: prank'd|Chilling Water|p1a: Dondozo\n|-resisted|p1a: Dondozo\n|-damage|p1a: Dondozo|80\/100 tox\n|-unboost|p1a: Dondozo|atk|1\n|\n|-heal|p1a: Dondozo|86\/100 tox|[from] item: Leftovers\n|-damage|p1a: Dondozo|74\/100 tox|[from] psn\n|upkeep\n|turn|21\n|inactive|TheBallsmaSpace has 30 seconds left.\n|\n|t:|1697410927\n|move|p2a: prank'd|Chilling Water|p1a: Dondozo\n|-resisted|p1a: Dondozo\n|-damage|p1a: Dondozo|71\/100 tox\n|-unboost|p1a: Dondozo|atk|1\n|move|p1a: Dondozo|Body Slam|p2a: prank'd\n|-damage|p2a: prank'd|60\/100\n|-damage|p1a: Dondozo|54\/100 tox|[from] item: Rocky Helmet|[of] p2a: prank'd\n|\n|-heal|p1a: Dondozo|60\/100 tox|[from] item: Leftovers\n|-damage|p1a: Dondozo|42\/100 tox|[from] psn\n|upkeep\n|turn|22\n|\n|t:|1697410943\n|move|p2a: prank'd|Chilling Water|p1a: Dondozo\n|-resisted|p1a: Dondozo\n|-damage|p1a: Dondozo|38\/100 tox\n|-unboost|p1a: Dondozo|atk|1\n|move|p1a: Dondozo|Rest|p1a: Dondozo\n|-status|p1a: Dondozo|slp|[from] move: Rest\n|-heal|p1a: Dondozo|100\/100 slp|[silent]\n|\n|upkeep\n|turn|23\n|\n|t:|1697410954\n|switch|p2a: chrome dome|Miraidon|88\/100\n|-fieldstart|move: Electric Terrain|[from] ability: Hadron Engine|[of] p2a: chrome dome\n|cant|p1a: Dondozo|slp\n|\n|upkeep\n|turn|24\n|\n|t:|1697410963\n|switch|p1a: Miraidon|Miraidon|100\/100\n|-activate|p1a: Miraidon|ability: Hadron Engine\n|move|p2a: chrome dome|Electro Drift|p1a: Miraidon\n|-resisted|p1a: Miraidon\n|-damage|p1a: Miraidon|68\/100\n|\n|upkeep\n|turn|25\n|\n|t:|1697410974\n|switch|p2a: dawg|Zacian-Crowned|100\/100\n|-ability|p2a: dawg|Intrepid Sword|boost\n|-boost|p2a: dawg|atk|1\n|move|p1a: Miraidon|Dazzling Gleam|p2a: dawg\n|-resisted|p2a: dawg\n|-damage|p2a: dawg|82\/100\n|\n|upkeep\n|turn|26\n|\n|t:|1697410983\n|switch|p1a: Dondozo|Dondozo, F|100\/100 slp\n|move|p2a: dawg|Play Rough|p1a: Dondozo\n|-damage|p1a: Dondozo|70\/100 slp\n|\n|-heal|p1a: Dondozo|76\/100 slp|[from] item: Leftovers\n|upkeep\n|turn|27\n|\n|t:|1697410991\n|move|p2a: dawg|Crunch|p1a: Dondozo\n|-damage|p1a: Dondozo|57\/100 slp\n|cant|p1a: Dondozo|slp\n|\n|-heal|p1a: Dondozo|64\/100 slp|[from] item: Leftovers\n|-fieldend|move: Electric Terrain\n|upkeep\n|turn|28\n|\n|t:|1697410994\n|move|p2a: dawg|Crunch|p1a: Dondozo\n|-damage|p1a: Dondozo|45\/100 slp\n|-curestatus|p1a: Dondozo|slp|[msg]\n|move|p1a: Dondozo|Curse|p1a: Dondozo\n|-unboost|p1a: Dondozo|spe|1\n|-boost|p1a: Dondozo|atk|1\n|-boost|p1a: Dondozo|def|1\n|\n|-heal|p1a: Dondozo|51\/100|[from] item: Leftovers\n|upkeep\n|turn|29\n|\n|t:|1697411008\n|switch|p2a: prank'd|Toxapex, F, shiny|94\/100\n|move|p1a: Dondozo|Body Slam|p2a: prank'd\n|-damage|p2a: prank'd|75\/100\n|-status|p2a: prank'd|par\n|-damage|p1a: Dondozo|34\/100|[from] item: Rocky Helmet|[of] p2a: prank'd\n|\n|-heal|p1a: Dondozo|41\/100|[from] item: Leftovers\n|upkeep\n|turn|30\n|\n|t:|1697411018\n|move|p1a: Dondozo|Rest|p1a: Dondozo\n|-status|p1a: Dondozo|slp|[from] move: Rest\n|-heal|p1a: Dondozo|100\/100 slp|[silent]\n|move|p2a: prank'd|Haze|p2a: prank'd\n|-clearallboost\n|\n|upkeep\n|turn|31\n|inactive|TheBallsmaSpace has 90 seconds left.\n|\n|t:|1697411024\n|switch|p1a: Miraidon|Miraidon|68\/100\n|-fieldstart|move: Electric Terrain|[from] ability: Hadron Engine|[of] p1a: Miraidon\n|switch|p2a: chrome dome|Miraidon|88\/100\n|-activate|p2a: chrome dome|ability: Hadron Engine\n|\n|upkeep\n|turn|32\n|\n|t:|1697411029\n|move|p2a: chrome dome|Draco Meteor|p1a: Miraidon\n|-supereffective|p1a: Miraidon\n|-damage|p1a: Miraidon|0 fnt\n|-unboost|p2a: chrome dome|spa|2\n|faint|p1a: Miraidon\n|\n|upkeep\n|\n|t:|1697411039\n|switch|p1a: Zacian|Zacian-Crowned|37\/100\n|turn|33\n|\n|t:|1697411046\n|switch|p2a: prank'd|Toxapex, F, shiny|100\/100 par\n|move|p1a: Zacian|Behemoth Blade|p2a: prank'd\n|-resisted|p2a: prank'd\n|-damage|p2a: prank'd|84\/100 par\n|-damage|p1a: Zacian|20\/100|[from] item: Rocky Helmet|[of] p2a: prank'd\n|\n|upkeep\n|turn|34\n|\n|t:|1697411052\n|move|p1a: Zacian|Swords Dance|p1a: Zacian\n|-boost|p1a: Zacian|atk|2\n|move|p2a: prank'd|Chilling Water|p1a: Zacian\n|-damage|p1a: Zacian|11\/100\n|-unboost|p1a: Zacian|atk|1\n|\n|upkeep\n|turn|35\n|\n|t:|1697411062\n|move|p1a: Zacian|Behemoth Blade|p2a: prank'd\n|-resisted|p2a: prank'd\n|-damage|p2a: prank'd|59\/100 par\n|-damage|p1a: Zacian|0 fnt|[from] item: Rocky Helmet|[of] p2a: prank'd\n|faint|p1a: Zacian\n|move|p2a: prank'd|Haze|p2a: prank'd\n|-clearallboost\n|\n|-fieldend|move: Electric Terrain\n|upkeep\n|\n|t:|1697411069\n|switch|p1a: Koraidon|Koraidon|100\/100\n|-weather|SunnyDay|[from] ability: Orichalcum Pulse|[of] p1a: Koraidon\n|-activate|p1a: Koraidon|Orichalcum Pulse|[source]\n|turn|36\n|inactive|TheBallsmaSpace has 90 seconds left.\n|\n|t:|1697411125\n|move|p1a: Koraidon|Bulk Up|p1a: Koraidon\n|-boost|p1a: Koraidon|atk|1\n|-boost|p1a: Koraidon|def|1\n|cant|p2a: prank'd|par\n|\n|-weather|SunnyDay|[upkeep]\n|upkeep\n|turn|37\n|\n|t:|1697411130\n|move|p1a: Koraidon|Scale Shot|p2a: prank'd\n|-damage|p2a: prank'd|43\/100 par\n|-damage|p2a: prank'd|26\/100 par\n|-damage|p2a: prank'd|8\/100 par\n|-hitcount|p2a: prank'd|3\n|-unboost|p1a: Koraidon|def|1\n|-boost|p1a: Koraidon|spe|1\n|move|p2a: prank'd|Toxic|p1a: Koraidon\n|-status|p1a: Koraidon|tox\n|\n|-weather|SunnyDay|[upkeep]\n|-damage|p1a: Koraidon|94\/100 tox|[from] psn\n|upkeep\n|turn|38\n|\n|t:|1697411151\n|switch|p2a: poetry|Corviknight, F|100\/100\n|move|p1a: Koraidon|Collision Course|p2a: poetry\n|-damage|p2a: poetry|21\/100\n|\n|-weather|SunnyDay|[upkeep]\n|-heal|p1a: Koraidon|100\/100 tox|[from] item: Leftovers\n|-heal|p2a: poetry|27\/100|[from] item: Leftovers\n|-damage|p1a: Koraidon|88\/100 tox|[from] psn\n|upkeep\n|turn|39\n|\n|t:|1697411161\n|move|p1a: Koraidon|Collision Course|p2a: poetry\n|-damage|p2a: poetry|0 fnt\n|faint|p2a: poetry\n|\n|-weather|SunnyDay|[upkeep]\n|-heal|p1a: Koraidon|94\/100 tox|[from] item: Leftovers\n|-damage|p1a: Koraidon|76\/100 tox|[from] psn\n|upkeep\n|\n|t:|1697411166\n|switch|p2a: tire fire|Koraidon|58\/100\n|-activate|p2a: tire fire|ability: Orichalcum Pulse\n|turn|40\n|\n|t:|1697411173\n|move|p1a: Koraidon|Collision Course|p2a: tire fire\n|-damage|p2a: tire fire|0 fnt\n|faint|p2a: tire fire\n|\n|-weather|none\n|-heal|p1a: Koraidon|82\/100 tox|[from] item: Leftovers\n|-damage|p1a: Koraidon|57\/100 tox|[from] psn\n|upkeep\n|\n|t:|1697411184\n|switch|p2a: prank'd|Toxapex, F, shiny|42\/100 par\n|turn|41\n|\n|t:|1697411192\n|switch|p2a: in the beginning|Arceus-Ground|71\/100\n|move|p1a: Koraidon|Scale Shot|p2a: in the beginning\n|-damage|p2a: in the beginning|60\/100\n|-damage|p2a: in the beginning|49\/100\n|-damage|p2a: in the beginning|39\/100\n|-damage|p2a: in the beginning|28\/100\n|-damage|p2a: in the beginning|17\/100\n|-hitcount|p2a: in the beginning|5\n|-unboost|p1a: Koraidon|def|1\n|-boost|p1a: Koraidon|spe|1\n|\n|-heal|p1a: Koraidon|64\/100 tox|[from] item: Leftovers\n|-damage|p1a: Koraidon|33\/100 tox|[from] psn\n|upkeep\n|turn|42\n|\n|t:|1697411201\n|move|p1a: Koraidon|Collision Course|p2a: in the beginning\n|-damage|p2a: in the beginning|0 fnt\n|faint|p2a: in the beginning\n|\n|-heal|p1a: Koraidon|39\/100 tox|[from] item: Leftovers\n|-damage|p1a: Koraidon|2\/100 tox|[from] psn\n|upkeep\n|\n|t:|1697411205\n|switch|p2a: prank'd|Toxapex, F, shiny|75\/100 par\n|turn|43\n|\n|t:|1697411210\n|move|p1a: Koraidon|Collision Course|p2a: prank'd\n|-resisted|p2a: prank'd\n|-damage|p2a: prank'd|51\/100 par\n|-damage|p1a: Koraidon|0 fnt|[from] item: Rocky Helmet|[of] p2a: prank'd\n|faint|p1a: Koraidon\n|move|p2a: prank'd|Recover|p2a: prank'd\n|-heal|p2a: prank'd|100\/100 par\n|\n|upkeep\n|inactive|TheBallsmaSpace has 120 seconds left.\n|\n|t:|1697411221\n|switch|p1a: Dondozo|Dondozo, F|100\/100 slp\n|turn|44\n|\n|t:|1697411226\n|switch|p2a: chrome dome|Miraidon|88\/100\n|-fieldstart|move: Electric Terrain|[from] ability: Hadron Engine|[of] p2a: chrome dome\n|cant|p1a: Dondozo|slp\n|\n|upkeep\n|turn|45\n|\n|t:|1697411230\n|move|p2a: chrome dome|Electro Drift|p1a: Dondozo\n|-supereffective|p1a: Dondozo\n|-damage|p1a: Dondozo|0 fnt\n|faint|p1a: Dondozo\n|\n|upkeep\n|\n|t:|1697411232\n|switch|p1a: Basculin|Basculin-White-Striped, M, tera:Ghost|100\/100\n|turn|46\n|\n|t:|1697411237\n|switch|p2a: prank'd|Toxapex, F, shiny|100\/100 par\n|move|p1a: Basculin|Last Respects|p2a: prank'd\n|-damage|p2a: prank'd|0 fnt\n|faint|p2a: prank'd\n|\n|upkeep\n|\n|t:|1697411246\n|switch|p2a: dawg|Zacian-Crowned|82\/100\n|turn|47\n|\n|t:|1697411249\n|move|p1a: Basculin|Last Respects|p2a: dawg\n|-damage|p2a: dawg|0 fnt\n|faint|p2a: dawg\n|\n|upkeep\n|\n|t:|1697411251\n|switch|p2a: chrome dome|Miraidon|88\/100\n|-activate|p2a: chrome dome|ability: Hadron Engine\n|turn|48\n|\n|t:|1697411254\n|move|p1a: Basculin|Last Respects|p2a: chrome dome\n|-damage|p2a: chrome dome|0 fnt\n|faint|p2a: chrome dome\n|\n|win|TheBallsmaSpace\n|raw|TheBallsmaSpace's rating: 1357 &rarr; <strong>1373<\/strong><br \/>(+16 for winning)\n|raw|StaraptorTheBirb's rating: 1285 &rarr; <strong>1265<\/strong><br \/>(-20 for losing)\n|c|\u2606StaraptorTheBirb|gg\n","uploadtime":1697411257,"views":10,"p1id":"theballsmaspace","p2id":"staraptorthebirb","formatid":"gen9ubers","rating":1265,"private":0,"password":""}