{"id":"gen9ubers-1972012052","p1":"QuigWasHere","p2":"xqervq3","format":"[Gen 9] Ubers","log":"|j|\u2606QuigWasHere\n|j|\u2606xqervq3\n|t:|1697804641\n|gametype|singles\n|player|p1|QuigWasHere|wattson|1057\n|player|p2|xqervq3|102|1000\n|teamsize|p1|6\n|teamsize|p2|6\n|gen|9\n|tier|[Gen 9] Ubers\n|rated|\n|rule|Sleep Clause Mod: Limit one foe put to sleep\n|rule|Species Clause: Limit one of each Pok\u00e9mon\n|rule|OHKO Clause: OHKO moves are banned\n|rule|Evasion Items Clause: Evasion items are banned\n|rule|Evasion Moves Clause: Evasion moves are banned\n|rule|Endless Battle Clause: Forcing endless battles is banned\n|rule|HP Percentage Mod: HP is shown in percentages\n|clearpoke\n|poke|p1|Palafin, F|\n|poke|p1|Regieleki|\n|poke|p1|Arceus-Water|\n|poke|p1|Magearna-Original|\n|poke|p1|Ogerpon-Hearthflame, F|\n|poke|p1|Ribombee, M|\n|poke|p2|Greninja-*, M|\n|poke|p2|Scizor, M|\n|poke|p2|Charizard, F|\n|poke|p2|Ampharos, M|\n|poke|p2|Leafeon, M|\n|poke|p2|Golem, M|\n|teampreview\n|inactive|Battle timer is ON: inactive players will automatically lose when time's up. (requested by QuigWasHere)\n|\n|t:|1697804648\n|start\n|switch|p1a: Ribombee|Ribombee, M|100\/100\n|switch|p2a: Greninja|Greninja, M|100\/100\n|turn|1\n|\n|t:|1697804664\n|move|p1a: Ribombee|Sticky Web|p2a: Greninja\n|-sidestart|p2: xqervq3|move: Sticky Web\n|move|p2a: Greninja|Aerial Ace|p1a: Ribombee\n|-supereffective|p1a: Ribombee\n|-damage|p1a: Ribombee|50\/100\n|\n|upkeep\n|turn|2\n|\n|t:|1697804672\n|move|p1a: Ribombee|Bug Buzz|p2a: Greninja\n|-supereffective|p2a: Greninja\n|-damage|p2a: Greninja|0 fnt\n|faint|p2a: Greninja\n|\n|upkeep\n|\n|t:|1697804683\n|switch|p2a: Ampharos|Ampharos, M|100\/100\n|-activate|p2a: Ampharos|move: Sticky Web\n|-unboost|p2a: Ampharos|spe|1\n|turn|3\n|\n|t:|1697804689\n|move|p1a: Ribombee|Moonblast|p2a: Ampharos\n|-damage|p2a: Ampharos|58\/100\n|move|p2a: Ampharos|Stomping Tantrum|p1a: Ribombee\n|-resisted|p1a: Ribombee\n|-damage|p1a: Ribombee|37\/100\n|\n|upkeep\n|turn|4\n|\n|t:|1697804695\n|move|p1a: Ribombee|Moonblast|p2a: Ampharos\n|-damage|p2a: Ampharos|18\/100\n|-enditem|p2a: Ampharos|Aguav Berry|[eat]\n|-heal|p2a: Ampharos|51\/100|[from] item: Aguav Berry\n|move|p2a: Ampharos|Brick Break|p1a: Ribombee\n|-resisted|p1a: Ribombee\n|-damage|p1a: Ribombee|30\/100\n|\n|upkeep\n|turn|5\n|\n|t:|1697804703\n|move|p1a: Ribombee|Quiver Dance|p1a: Ribombee\n|-boost|p1a: Ribombee|spa|1\n|-boost|p1a: Ribombee|spd|1\n|-boost|p1a: Ribombee|spe|1\n|move|p2a: Ampharos|Thunder Punch|p1a: Ribombee\n|-damage|p1a: Ribombee|0 fnt\n|faint|p1a: Ribombee\n|\n|upkeep\n|\n|t:|1697804718\n|switch|p1a: Ogerpon|Ogerpon-Hearthflame, F|100\/100\n|-ability|p1a: Ogerpon|Mold Breaker\n|turn|6\n|\n|t:|1697804731\n|switch|p2a: Scizor|Scizor, M|100\/100\n|-activate|p2a: Scizor|move: Sticky Web\n|-unboost|p2a: Scizor|spe|1\n|move|p1a: Ogerpon|Ivy Cudgel|p2a: Scizor\n|-supereffective|p2a: Scizor\n|-enditem|p2a: Scizor|Focus Sash\n|-damage|p2a: Scizor|1\/100\n|\n|upkeep\n|turn|7\n|inactive|QuigWasHere has 120 seconds left.\n|inactive|QuigWasHere has 90 seconds left.\n|\n|t:|1697804810\n|move|p2a: Scizor|Bullet Punch|p1a: Ogerpon\n|-resisted|p1a: Ogerpon\n|-damage|p1a: Ogerpon|90\/100\n|move|p1a: Ogerpon|Ivy Cudgel|p2a: Scizor\n|-supereffective|p2a: Scizor\n|-damage|p2a: Scizor|0 fnt\n|faint|p2a: Scizor\n|\n|upkeep\n|\n|t:|1697804815\n|switch|p2a: Charizard|Charizard, F|100\/100\n|turn|8\n|\n|t:|1697804823\n|move|p1a: Ogerpon|Swords Dance|p1a: Ogerpon\n|-boost|p1a: Ogerpon|atk|2\n|move|p2a: Charizard|Flamethrower|p1a: Ogerpon\n|-damage|p1a: Ogerpon|45\/100\n|\n|upkeep\n|turn|9\n|inactive|QuigWasHere has 90 seconds left.\n|\n|t:|1697804833\n|move|p1a: Ogerpon|Ivy Cudgel|p2a: Charizard\n|-resisted|p2a: Charizard\n|-damage|p2a: Charizard|30\/100\n|move|p2a: Charizard|Flamethrower|p1a: Ogerpon\n|-damage|p1a: Ogerpon|4\/100\n|\n|upkeep\n|turn|10\n|inactive|QuigWasHere has 90 seconds left.\n|\n|t:|1697804846\n|move|p1a: Ogerpon|Ivy Cudgel|p2a: Charizard\n|-resisted|p2a: Charizard\n|-damage|p2a: Charizard|0 fnt\n|faint|p2a: Charizard\n|\n|upkeep\n|\n|t:|1697804850\n|switch|p2a: Ampharos|Ampharos, M|51\/100\n|-activate|p2a: Ampharos|move: Sticky Web\n|-unboost|p2a: Ampharos|spe|1\n|turn|11\n|\n|t:|1697804854\n|move|p1a: Ogerpon|Ivy Cudgel|p2a: Ampharos\n|-damage|p2a: Ampharos|0 fnt\n|faint|p2a: Ampharos\n|\n|upkeep\n|\n|t:|1697804861\n|switch|p2a: Leafeon|Leafeon, M|100\/100\n|-activate|p2a: Leafeon|move: Sticky Web\n|-unboost|p2a: Leafeon|spe|1\n|turn|12\n|\n|t:|1697804867\n|move|p1a: Ogerpon|Ivy Cudgel|p2a: Leafeon\n|-supereffective|p2a: Leafeon\n|-damage|p2a: Leafeon|0 fnt\n|faint|p2a: Leafeon\n|\n|upkeep\n|\n|t:|1697804870\n|switch|p2a: Golem|Golem, M|100\/100\n|-activate|p2a: Golem|move: Sticky Web\n|-unboost|p2a: Golem|spe|1\n|turn|13\n|\n|t:|1697804877\n|move|p1a: Ogerpon|Wood Hammer|p2a: Golem\n|-supereffective|p2a: Golem\n|-enditem|p2a: Golem|Rindo Berry|[eat]\n|-enditem|p2a: Golem|Rindo Berry|[weaken]\n|-damage|p2a: Golem|0 fnt\n|faint|p2a: Golem\n|-damage|p1a: Ogerpon|0 fnt|[from] Recoil\n|faint|p1a: Ogerpon\n|\n|win|QuigWasHere\n|raw|QuigWasHere's rating: 1057 &rarr; <strong>1083<\/strong><br \/>(+26 for winning)\n|raw|xqervq3's rating: 1000 &rarr; <strong>1000<\/strong><br \/>(+0 for losing)\n|l|\u2606xqervq3\n","uploadtime":1697805746,"views":10,"p1id":"quigwashere","p2id":"xqervq3","formatid":"gen9ubers","rating":1000,"private":0,"password":""}