{"id":"gen9ubers-1995044348","p1":"chiquinhozinx","p2":"jacothaptrllr","format":"[Gen 9] Ubers","log":"|j|\u2606chiquinhozinx\n|j|\u2606jacothaptrllr\n|t:|1700516566\n|gametype|singles\n|player|p1|chiquinhozinx|1|1118\n|player|p2|jacothaptrllr|chuck|1166\n|teamsize|p1|6\n|teamsize|p2|6\n|gen|9\n|tier|[Gen 9] Ubers\n|rated|\n|rule|Sleep Clause Mod: Limit one foe put to sleep\n|rule|Species Clause: Limit one of each Pok\u00e9mon\n|rule|OHKO Clause: OHKO moves are banned\n|rule|Evasion Items Clause: Evasion items are banned\n|rule|Evasion Moves Clause: Evasion moves are banned\n|rule|Endless Battle Clause: Forcing endless battles is banned\n|rule|HP Percentage Mod: HP is shown in percentages\n|clearpoke\n|poke|p1|Iron Moth|\n|poke|p1|Arceus-Ground|\n|poke|p1|Kyogre|\n|poke|p1|Darkrai|\n|poke|p1|Mewtwo|\n|poke|p1|Zacian-*|\n|poke|p2|Flutter Mane|\n|poke|p2|Miraidon|\n|poke|p2|Kyogre|\n|poke|p2|Urshifu-*, M|\n|poke|p2|Basculegion, M|\n|poke|p2|Indeedee, M|\n|teampreview\n|inactive|Battle timer is ON: inactive players will automatically lose when time's up. (requested by jacothaptrllr)\n|\n|t:|1700516582\n|start\n|switch|p1a: Arceus|Arceus-Ground|100\/100\n|switch|p2a: reapy|Urshifu-Rapid-Strike, M|100\/100\n|turn|1\n|\n|t:|1700516597\n|-terastallize|p1a: Arceus|Flying\n|move|p2a: reapy|Surging Strikes|p1a: Arceus\n|-crit|p1a: Arceus\n|-damage|p1a: Arceus|86\/100\n|-crit|p1a: Arceus\n|-damage|p1a: Arceus|71\/100\n|-crit|p1a: Arceus\n|-damage|p1a: Arceus|56\/100\n|-hitcount|p1a: Arceus|3\n|move|p1a: Arceus|Iron Defense|p1a: Arceus\n|-boost|p1a: Arceus|def|2\n|\n|upkeep\n|turn|2\n|\n|t:|1700516610\n|move|p2a: reapy|Surging Strikes|p1a: Arceus\n|-crit|p1a: Arceus\n|-damage|p1a: Arceus|40\/100\n|-crit|p1a: Arceus\n|-damage|p1a: Arceus|25\/100\n|-crit|p1a: Arceus\n|-damage|p1a: Arceus|10\/100\n|-hitcount|p1a: Arceus|3\n|move|p1a: Arceus|Recover|p1a: Arceus\n|-heal|p1a: Arceus|60\/100\n|\n|upkeep\n|turn|3\n|\n|t:|1700516625\n|-terastallize|p2a: reapy|Water\n|move|p2a: reapy|Surging Strikes|p1a: Arceus\n|-crit|p1a: Arceus\n|-damage|p1a: Arceus|39\/100\n|-crit|p1a: Arceus\n|-damage|p1a: Arceus|19\/100\n|-crit|p1a: Arceus\n|-damage|p1a: Arceus|0 fnt\n|faint|p1a: Arceus\n|-hitcount|p1: Arceus|3\n|\n|upkeep\n|\n|t:|1700516640\n|switch|p1a: Zacian|Zacian-Crowned|100\/100\n|-ability|p1a: Zacian|Intrepid Sword|boost\n|-boost|p1a: Zacian|atk|1\n|turn|4\n|inactive|jacothaptrllr has 120 seconds left.\n|\n|t:|1700516683\n|switch|p2a: cheapy|Miraidon|100\/100\n|-fieldstart|move: Electric Terrain|[from] ability: Hadron Engine|[of] p2a: cheapy\n|move|p1a: Zacian|Wild Charge|p2a: cheapy\n|-resisted|p2a: cheapy\n|-damage|p2a: cheapy|84\/100\n|-damage|p1a: Zacian|96\/100|[from] Recoil\n|\n|upkeep\n|turn|5\n|\n|t:|1700516693\n|move|p1a: Zacian|Play Rough|p2a: cheapy\n|-supereffective|p2a: cheapy\n|-damage|p2a: cheapy|0 fnt\n|faint|p2a: cheapy\n|\n|upkeep\n|inactive|jacothaptrllr has 120 seconds left.\n|\n|t:|1700516722\n|switch|p2a: reapy|Urshifu-Rapid-Strike, M, tera:Water|100\/100\n|turn|6\n|\n|t:|1700516729\n|move|p1a: Zacian|Wild Charge|p2a: reapy\n|-supereffective|p2a: reapy\n|-damage|p2a: reapy|0 fnt\n|faint|p2a: reapy\n|-damage|p1a: Zacian|70\/100|[from] Recoil\n|\n|upkeep\n|\n|t:|1700516738\n|switch|p2a: meepy|Kyogre|100\/100\n|-weather|RainDance|[from] ability: Drizzle|[of] p2a: meepy\n|turn|7\n|\n|t:|1700516744\n|move|p1a: Zacian|Wild Charge|p2a: meepy\n|-supereffective|p2a: meepy\n|-damage|p2a: meepy|0 fnt\n|faint|p2a: meepy\n|-damage|p1a: Zacian|43\/100|[from] Recoil\n|\n|-weather|RainDance|[upkeep]\n|upkeep\n|\n|t:|1700516752\n|switch|p2a: Indeedee|Indeedee, M|100\/100\n|-fieldstart|move: Psychic Terrain|[from] ability: Psychic Surge|[of] p2a: Indeedee\n|turn|8\n|inactive|jacothaptrllr has 120 seconds left.\n|\n|t:|1700516762\n|move|p1a: Zacian|Sacred Sword|p2a: Indeedee\n|-damage|p2a: Indeedee|0 fnt\n|faint|p2a: Indeedee\n|\n|-weather|RainDance|[upkeep]\n|upkeep\n|\n|t:|1700516766\n|switch|p2a: Basculegion|Basculegion, M|100\/100\n|turn|9\n|\n|t:|1700516777\n|move|p2a: Basculegion|Last Respects|p1a: Zacian\n|-crit|p1a: Zacian\n|-damage|p1a: Zacian|0 fnt\n|faint|p1a: Zacian\n|\n|-weather|RainDance|[upkeep]\n|upkeep\n|\n|t:|1700516787\n|switch|p1a: Iron Moth|Iron Moth|100\/100\n|turn|10\n|\n|t:|1700516794\n|move|p2a: Basculegion|Last Respects|p1a: Iron Moth\n|-damage|p1a: Iron Moth|0 fnt\n|faint|p1a: Iron Moth\n|-end|p1a: Iron Moth|Quark Drive|[silent]\n|\n|-weather|RainDance|[upkeep]\n|upkeep\n|\n|t:|1700516799\n|switch|p1a: Kyogre|Kyogre|100\/100\n|turn|11\n|\n|t:|1700516803\n|move|p2a: Basculegion|Last Respects|p1a: Kyogre\n|-damage|p1a: Kyogre|0 fnt\n|faint|p1a: Kyogre\n|\n|-weather|RainDance|[upkeep]\n|upkeep\n|\n|t:|1700516809\n|switch|p1a: Darkrai|Darkrai|100\/100\n|turn|12\n|\n|t:|1700516812\n|move|p2a: Basculegion|Last Respects|p1a: Darkrai\n|-resisted|p1a: Darkrai\n|-damage|p1a: Darkrai|25\/100\n|move|p1a: Darkrai|Hypnosis|p2a: Basculegion|[miss]\n|-miss|p1a: Darkrai|p2a: Basculegion\n|\n|-weather|RainDance|[upkeep]\n|upkeep\n|turn|13\n|\n|t:|1700516819\n|move|p2a: Basculegion|Last Respects|p1a: Darkrai\n|-resisted|p1a: Darkrai\n|-damage|p1a: Darkrai|0 fnt\n|faint|p1a: Darkrai\n|\n|-weather|RainDance|[upkeep]\n|upkeep\n|\n|t:|1700516824\n|switch|p1a: Mewtwo|Mewtwo|100\/100\n|-ability|p1a: Mewtwo|Unnerve\n|turn|14\n|\n|t:|1700516829\n|move|p2a: Basculegion|Last Respects|p1a: Mewtwo\n|-supereffective|p1a: Mewtwo\n|-crit|p1a: Mewtwo\n|-damage|p1a: Mewtwo|0 fnt\n|faint|p1a: Mewtwo\n|\n|win|jacothaptrllr\n|raw|chiquinhozinx's rating: 1118 &rarr; <strong>1096<\/strong><br \/>(-22 for losing)\n|raw|jacothaptrllr's rating: 1166 &rarr; <strong>1188<\/strong><br \/>(+22 for winning)\n|l|\u2606chiquinhozinx\n|c|\u2606jacothaptrllr|gg\n","uploadtime":1700516842,"views":1,"p1id":"chiquinhozinx","p2id":"jacothaptrllr","formatid":"gen9ubers","rating":1096,"private":0,"password":""}