{"id":"gen9ubers-1976247646","p1":"Wha1efish","p2":"shuckleshellshock","format":"[Gen 9] Ubers","log":"|j|\u2606Wha1efish\n|j|\u2606shuckleshellshock\n|t:|1698278194\n|gametype|singles\n|player|p1|Wha1efish|cynthia-gen4|\n|player|p2|shuckleshellshock|nate|\n|teamsize|p1|6\n|teamsize|p2|6\n|gen|9\n|tier|[Gen 9] Ubers\n|rule|Sleep Clause Mod: Limit one foe put to sleep\n|rule|Species Clause: Limit one of each Pok\u00e9mon\n|rule|OHKO Clause: OHKO moves are banned\n|rule|Evasion Items Clause: Evasion items are banned\n|rule|Evasion Moves Clause: Evasion moves are banned\n|rule|Endless Battle Clause: Forcing endless battles is banned\n|rule|HP Percentage Mod: HP is shown in percentages\n|clearpoke\n|poke|p1|Annihilape, F|\n|poke|p1|Hydreigon, M|\n|poke|p1|Espathra, F|\n|poke|p1|Weezing-Galar, F|\n|poke|p1|Thundurus, M|\n|poke|p1|Gastrodon, M|\n|poke|p2|Goodra-Hisui, M|\n|poke|p2|Diancie|\n|poke|p2|Overqwil, M|\n|poke|p2|Gliscor, M|\n|poke|p2|Garchomp, M|\n|poke|p2|Volcarona, M|\n|teampreview\n|\n|t:|1698278213\n|start\n|switch|p1a: Espathra|Espathra, F|100\/100\n|switch|p2a: Overqwil|Overqwil, M|100\/100\n|-ability|p2a: Overqwil|Intimidate|boost\n|-unboost|p1a: Espathra|atk|1\n|turn|1\n|\n|t:|1698278271\n|switch|p1a: Hydreigon|Hydreigon, M|100\/100\n|move|p2a: Overqwil|Toxic Spikes|p1a: Hydreigon\n|-sidestart|p1: Wha1efish|move: Toxic Spikes\n|\n|upkeep\n|turn|2\n|\n|t:|1698278300\n|switch|p2a: Diancie|Diancie|100\/100\n|move|p1a: Hydreigon|U-turn|p2a: Diancie\n|-resisted|p2a: Diancie\n|-damage|p2a: Diancie|96\/100\n|j| rustygoomba\n|\n|t:|1698278324\n|switch|p1a: Weezing|Weezing-Galar, F|100\/100|[from] U-turn\n|\n|-heal|p2a: Diancie|100\/100|[from] item: Leftovers\n|upkeep\n|turn|3\n|\n|t:|1698278336\n|move|p1a: Weezing|Will-O-Wisp|p2a: Diancie\n|-status|p2a: Diancie|brn\n|move|p2a: Diancie|Light Screen|p2a: Diancie\n|-sidestart|p2: shuckleshellshock|move: Light Screen\n|\n|-damage|p2a: Diancie|94\/100 brn|[from] brn\n|upkeep\n|turn|4\n|\n|t:|1698278346\n|move|p1a: Weezing|Sludge Bomb|p2a: Diancie\n|-damage|p2a: Diancie|83\/100 brn\n|move|p2a: Diancie|Reflect|p2a: Diancie\n|-sidestart|p2: shuckleshellshock|Reflect\n|\n|-heal|p2a: Diancie|90\/100 brn|[from] item: Leftovers\n|-damage|p2a: Diancie|83\/100 brn|[from] brn\n|upkeep\n|turn|5\n|\n|t:|1698278358\n|move|p1a: Weezing|Defog|p2a: Diancie\n|-fail|p2a: Diancie|unboost|[from] ability: Clear Body|[of] p2a: Diancie\n|-sideend|p2: shuckleshellshock|Reflect\n|-sideend|p2: shuckleshellshock|move: Light Screen\n|-sideend|p1: Wha1efish|Toxic Spikes|[from] move: Defog|[of] p1a: Weezing\n|move|p2a: Diancie|Diamond Storm|p1a: Weezing\n|-damage|p1a: Weezing|89\/100\n|\n|-heal|p1a: Weezing|95\/100|[from] item: Black Sludge\n|-heal|p2a: Diancie|90\/100 brn|[from] item: Leftovers\n|-damage|p2a: Diancie|83\/100 brn|[from] brn\n|upkeep\n|turn|6\n|\n|t:|1698278382\n|switch|p1a: Annihilape|Annihilape, F|100\/100\n|switch|p2a: Goodra|Goodra-Hisui, M|100\/100\n|\n|upkeep\n|turn|7\n|\n|t:|1698278403\n|switch|p2a: Overqwil|Overqwil, M|100\/100\n|-ability|p2a: Overqwil|Intimidate|boost\n|-unboost|p1a: Annihilape|atk|1\n|-ability|p1a: Annihilape|Defiant|boost\n|-boost|p1a: Annihilape|atk|2\n|move|p1a: Annihilape|Bulk Up|p1a: Annihilape\n|-boost|p1a: Annihilape|atk|1\n|-boost|p1a: Annihilape|def|1\n|\n|upkeep\n|turn|8\n|\n|t:|1698278418\n|move|p2a: Overqwil|Protect|p2a: Overqwil\n|-singleturn|p2a: Overqwil|Protect\n|move|p1a: Annihilape|Bulk Up|p1a: Annihilape\n|-boost|p1a: Annihilape|atk|1\n|-boost|p1a: Annihilape|def|1\n|\n|upkeep\n|turn|9\n|\n|t:|1698278426\n|move|p1a: Annihilape|Drain Punch|p2a: Overqwil\n|-damage|p2a: Overqwil|53\/100\n|move|p2a: Overqwil|Toxic Spikes|p1a: Annihilape\n|-sidestart|p1: Wha1efish|move: Toxic Spikes\n|\n|-heal|p2a: Overqwil|59\/100|[from] item: Black Sludge\n|upkeep\n|turn|10\n|\n|t:|1698278434\n|move|p2a: Overqwil|Barb Barrage|p1a: Annihilape\n|-resisted|p1a: Annihilape\n|-damage|p1a: Annihilape|95\/100\n|-status|p1a: Annihilape|psn\n|move|p1a: Annihilape|Drain Punch|p2a: Overqwil\n|-damage|p2a: Overqwil|8\/100\n|-heal|p1a: Annihilape|100\/100 psn|[from] drain|[of] p2a: Overqwil\n|\n|-heal|p2a: Overqwil|14\/100|[from] item: Black Sludge\n|-damage|p1a: Annihilape|88\/100 psn|[from] psn\n|upkeep\n|turn|11\n|\n|t:|1698278448\n|move|p1a: Annihilape|Drain Punch|p2a: Overqwil\n|-damage|p2a: Overqwil|0 fnt\n|-heal|p1a: Annihilape|94\/100 psn|[from] drain|[of] p2a: Overqwil\n|faint|p2a: Overqwil\n|\n|-damage|p1a: Annihilape|82\/100 psn|[from] psn\n|upkeep\n|\n|t:|1698278462\n|switch|p2a: Garchomp|Garchomp, M|100\/100\n|turn|12\n|\n|t:|1698278470\n|move|p1a: Annihilape|Drain Punch|p2a: Garchomp\n|-damage|p2a: Garchomp|42\/100\n|-heal|p1a: Annihilape|100\/100 psn|[from] drain|[of] p2a: Garchomp\n|-damage|p1a: Annihilape|88\/100 psn|[from] ability: Rough Skin|[of] p2a: Garchomp\n|-damage|p1a: Annihilape|72\/100 psn|[from] item: Rocky Helmet|[of] p2a: Garchomp\n|move|p2a: Garchomp|Dragon Tail|p1a: Annihilape\n|-damage|p1a: Annihilape|59\/100 psn\n|drag|p1a: Espathra|Espathra, F|100\/100\n|-status|p1a: Espathra|psn\n|\n|-damage|p1a: Espathra|88\/100 psn|[from] psn\n|upkeep\n|turn|13\n|j| RiddleDog\n|\n|t:|1698278480\n|move|p1a: Espathra|Dazzling Gleam|p2a: Garchomp\n|-supereffective|p2a: Garchomp\n|-damage|p2a: Garchomp|0 fnt\n|faint|p2a: Garchomp\n|\n|-damage|p1a: Espathra|76\/100 psn|[from] psn\n|-ability|p1a: Espathra|Speed Boost|boost\n|-boost|p1a: Espathra|spe|1\n|upkeep\n|\n|t:|1698278485\n|switch|p2a: Gliscor|Gliscor, M|100\/100\n|turn|14\n|\n|t:|1698278496\n|move|p1a: Espathra|Substitute|p1a: Espathra\n|-start|p1a: Espathra|Substitute\n|-damage|p1a: Espathra|51\/100 psn\n|move|p2a: Gliscor|Knock Off|p1a: Espathra\n|-supereffective|p1a: Espathra\n|-end|p1a: Espathra|Substitute\n|\n|-damage|p1a: Espathra|39\/100 psn|[from] psn\n|-ability|p1a: Espathra|Speed Boost|boost\n|-boost|p1a: Espathra|spe|1\n|-status|p2a: Gliscor|tox|[from] item: Toxic Orb\n|upkeep\n|turn|15\n|\n|t:|1698278503\n|switch|p1a: Weezing|Weezing-Galar, F|95\/100\n|move|p2a: Gliscor|Protect||[still]\n|-fail|p2a: Gliscor\n|\n|-heal|p1a: Weezing|100\/100|[from] item: Black Sludge\n|upkeep\n|turn|16\n|\n|t:|1698278513\n|move|p2a: Gliscor|Knock Off|p1a: Weezing\n|-resisted|p1a: Weezing\n|-damage|p1a: Weezing|94\/100\n|-enditem|p1a: Weezing|Black Sludge|[from] move: Knock Off|[of] p2a: Gliscor\n|move|p1a: Weezing|Defog|p2a: Gliscor\n|-unboost|p2a: Gliscor|evasion|1\n|-sideend|p1: Wha1efish|Toxic Spikes|[from] move: Defog|[of] p1a: Weezing\n|\n|upkeep\n|turn|17\n|\n|t:|1698278524\n|switch|p2a: Goodra|Goodra-Hisui, M|100\/100\n|move|p1a: Weezing|Strange Steam|p2a: Goodra\n|-damage|p2a: Goodra|91\/100\n|\n|upkeep\n|turn|18\n|\n|t:|1698278528\n|move|p1a: Weezing|Will-O-Wisp|p2a: Goodra\n|-status|p2a: Goodra|brn\n|move|p2a: Goodra|Flash Cannon|p1a: Weezing\n|-supereffective|p1a: Weezing\n|-damage|p1a: Weezing|12\/100\n|\n|-damage|p2a: Goodra|85\/100 brn|[from] brn\n|upkeep\n|turn|19\n|\n|t:|1698278543\n|switch|p1a: Gastrodon|Gastrodon, M|100\/100\n|move|p2a: Goodra|Blizzard|p1a: Gastrodon|[miss]\n|-miss|p2a: Goodra|p1a: Gastrodon\n|\n|-damage|p2a: Goodra|79\/100 brn|[from] brn\n|upkeep\n|turn|20\n|\n|t:|1698278557\n|move|p2a: Goodra|Flash Cannon|p1a: Gastrodon\n|-resisted|p1a: Gastrodon\n|-damage|p1a: Gastrodon|90\/100\n|move|p1a: Gastrodon|Stealth Rock|p2a: Goodra\n|-sidestart|p2: shuckleshellshock|move: Stealth Rock\n|\n|-heal|p1a: Gastrodon|97\/100|[from] item: Leftovers\n|-damage|p2a: Goodra|73\/100 brn|[from] brn\n|upkeep\n|turn|21\n|\n|t:|1698278569\n|switch|p2a: Volcarona|Volcarona, M|100\/100\n|move|p1a: Gastrodon|Earth Power|p2a: Volcarona\n|-damage|p2a: Volcarona|79\/100\n|\n|-heal|p1a: Gastrodon|100\/100|[from] item: Leftovers\n|upkeep\n|turn|22\n|\n|t:|1698278596\n|-terastallize|p2a: Volcarona|Water\n|move|p2a: Volcarona|Giga Drain|p1a: Gastrodon\n|-supereffective|p1a: Gastrodon\n|-damage|p1a: Gastrodon|37\/100\n|-heal|p2a: Volcarona|100\/100|[from] drain|[of] p1a: Gastrodon\n|move|p1a: Gastrodon|Sludge Bomb|p2a: Volcarona\n|-damage|p2a: Volcarona|85\/100\n|-status|p2a: Volcarona|psn\n|\n|-heal|p1a: Gastrodon|43\/100|[from] item: Leftovers\n|-damage|p2a: Volcarona|72\/100 psn|[from] psn\n|upkeep\n|turn|23\n|\n|t:|1698278608\n|switch|p1a: Hydreigon|Hydreigon, M|100\/100\n|move|p2a: Volcarona|Giga Drain|p1a: Hydreigon\n|-resisted|p1a: Hydreigon\n|-damage|p1a: Hydreigon|89\/100\n|-heal|p2a: Volcarona|78\/100 psn|[from] drain|[of] p1a: Hydreigon\n|\n|-damage|p2a: Volcarona|66\/100 psn|[from] psn\n|upkeep\n|turn|24\n|\n|t:|1698278617\n|switch|p1a: Gastrodon|Gastrodon, M|43\/100\n|switch|p2a: Diancie|Diancie|83\/100 brn\n|-damage|p2a: Diancie|71\/100 brn|[from] Stealth Rock\n|\n|-heal|p2a: Diancie|77\/100 brn|[from] item: Leftovers\n|-heal|p1a: Gastrodon|49\/100|[from] item: Leftovers\n|-damage|p2a: Diancie|71\/100 brn|[from] brn\n|upkeep\n|turn|25\n|\n|t:|1698278624\n|move|p2a: Diancie|Reflect|p2a: Diancie\n|-sidestart|p2: shuckleshellshock|Reflect\n|move|p1a: Gastrodon|Recover|p1a: Gastrodon\n|-heal|p1a: Gastrodon|99\/100\n|\n|-heal|p2a: Diancie|77\/100 brn|[from] item: Leftovers\n|-heal|p1a: Gastrodon|100\/100|[from] item: Leftovers\n|-damage|p2a: Diancie|71\/100 brn|[from] brn\n|upkeep\n|turn|26\n|\n|t:|1698278635\n|switch|p1a: Weezing|Weezing-Galar, F|12\/100\n|move|p2a: Diancie|Diamond Storm|p1a: Weezing\n|-crit|p1a: Weezing\n|-damage|p1a: Weezing|0 fnt\n|-boost|p2a: Diancie|def|2\n|faint|p1a: Weezing\n|\n|-heal|p2a: Diancie|77\/100 brn|[from] item: Leftovers\n|-damage|p2a: Diancie|71\/100 brn|[from] brn\n|upkeep\n|\n|t:|1698278647\n|switch|p1a: Gastrodon|Gastrodon, M|100\/100\n|turn|27\n|\n|t:|1698278657\n|move|p2a: Diancie|Body Press|p1a: Gastrodon\n|-damage|p1a: Gastrodon|60\/100\n|move|p1a: Gastrodon|Earth Power|p2a: Diancie\n|-supereffective|p2a: Diancie\n|-damage|p2a: Diancie|27\/100 brn\n|\n|-heal|p2a: Diancie|33\/100 brn|[from] item: Leftovers\n|-heal|p1a: Gastrodon|66\/100|[from] item: Leftovers\n|-damage|p2a: Diancie|27\/100 brn|[from] brn\n|upkeep\n|turn|28\n|\n|t:|1698278665\n|move|p2a: Diancie|Body Press|p1a: Gastrodon\n|-damage|p1a: Gastrodon|28\/100\n|move|p1a: Gastrodon|Recover|p1a: Gastrodon\n|-heal|p1a: Gastrodon|78\/100\n|\n|-heal|p2a: Diancie|33\/100 brn|[from] item: Leftovers\n|-heal|p1a: Gastrodon|84\/100|[from] item: Leftovers\n|-damage|p2a: Diancie|27\/100 brn|[from] brn\n|upkeep\n|turn|29\n|\n|t:|1698278682\n|move|p2a: Diancie|Body Press|p1a: Gastrodon\n|-damage|p1a: Gastrodon|47\/100\n|move|p1a: Gastrodon|Earth Power|p2a: Diancie\n|-supereffective|p2a: Diancie\n|-damage|p2a: Diancie|0 fnt\n|faint|p2a: Diancie\n|\n|-heal|p1a: Gastrodon|53\/100|[from] item: Leftovers\n|-sideend|p2: shuckleshellshock|Reflect\n|upkeep\n|\n|t:|1698278688\n|switch|p2a: Volcarona|Volcarona, M, tera:Water|66\/100 psn\n|turn|30\n|\n|t:|1698278700\n|switch|p1a: Thundurus|Thundurus, M|100\/100\n|move|p2a: Volcarona|Substitute|p2a: Volcarona\n|-start|p2a: Volcarona|Substitute\n|-damage|p2a: Volcarona|41\/100 psn\n|\n|-damage|p2a: Volcarona|29\/100 psn|[from] psn\n|upkeep\n|turn|31\n|\n|t:|1698278705\n|move|p1a: Thundurus|Thunderbolt|p2a: Volcarona\n|-supereffective|p2a: Volcarona\n|-end|p2a: Volcarona|Substitute\n|move|p2a: Volcarona|Morning Sun|p2a: Volcarona\n|-heal|p2a: Volcarona|78\/100 psn\n|\n|-damage|p2a: Volcarona|66\/100 psn|[from] psn\n|upkeep\n|turn|32\n|\n|t:|1698278715\n|switch|p2a: Gliscor|Gliscor, M|100\/100 tox\n|-damage|p2a: Gliscor|88\/100 tox|[from] Stealth Rock\n|move|p1a: Thundurus|Thunderbolt|p2a: Gliscor\n|-immune|p2a: Gliscor\n|\n|-heal|p2a: Gliscor|100\/100 tox|[from] ability: Poison Heal\n|upkeep\n|turn|33\n|\n|t:|1698278723\n|-terastallize|p1a: Thundurus|Ice\n|move|p1a: Thundurus|Tera Blast|p2a: Gliscor|[anim] Tera Blast Ice\n|-supereffective|p2a: Gliscor\n|-crit|p2a: Gliscor\n|-damage|p2a: Gliscor|0 fnt\n|faint|p2a: Gliscor\n|\n|upkeep\n|\n|t:|1698278727\n|switch|p2a: Volcarona|Volcarona, M, tera:Water|66\/100 psn\n|turn|34\n|\n|t:|1698278729\n|move|p1a: Thundurus|Thunderbolt|p2a: Volcarona\n|-supereffective|p2a: Volcarona\n|-damage|p2a: Volcarona|0 fnt\n|faint|p2a: Volcarona\n|\n|upkeep\n|\n|t:|1698278771\n|switch|p2a: Goodra|Goodra-Hisui, M|73\/100 brn\n|-damage|p2a: Goodra|67\/100 brn|[from] Stealth Rock\n|turn|35\n|\n|t:|1698278779\n|move|p1a: Thundurus|Tera Blast|p2a: Goodra|[anim] Tera Blast Ice\n|-damage|p2a: Goodra|53\/100 brn\n|move|p2a: Goodra|Fire Blast|p1a: Thundurus\n|-supereffective|p1a: Thundurus\n|-damage|p1a: Thundurus|30\/100\n|\n|-damage|p2a: Goodra|47\/100 brn|[from] brn\n|upkeep\n|turn|36\n|\n|t:|1698278784\n|switch|p1a: Hydreigon|Hydreigon, M|89\/100\n|move|p2a: Goodra|Flash Cannon|p1a: Hydreigon\n|-damage|p1a: Hydreigon|55\/100\n|\n|-damage|p2a: Goodra|41\/100 brn|[from] brn\n|upkeep\n|turn|37\n|\n|t:|1698278790\n|move|p1a: Hydreigon|Draco Meteor|p2a: Goodra\n|-damage|p2a: Goodra|8\/100 brn\n|-unboost|p1a: Hydreigon|spa|2\n|move|p2a: Goodra|Blizzard|p1a: Hydreigon|[miss]\n|-miss|p2a: Goodra|p1a: Hydreigon\n|\n|-damage|p2a: Goodra|2\/100 brn|[from] brn\n|upkeep\n|turn|38\n|\n|t:|1698278795\n|move|p1a: Hydreigon|Draco Meteor|p2a: Goodra\n|-damage|p2a: Goodra|0 fnt\n|-unboost|p1a: Hydreigon|spa|2\n|faint|p2a: Goodra\n|\n|win|Wha1efish\n","uploadtime":1698278802,"views":13,"p1id":"wha1efish","p2id":"shuckleshellshock","formatid":"gen9ubers","rating":0,"private":0,"password":""}