{"id":"gen9ubers-1999188742","p1":"zLayton","p2":"MonkeyManStan","format":"[Gen 9] Ubers","log":"|j|\u2606zLayton\n|j|\u2606MonkeyManStan\n|t:|1701043194\n|gametype|singles\n|player|p1|zLayton|juan|\n|player|p2|MonkeyManStan|chili|\n|teamsize|p1|6\n|teamsize|p2|6\n|gen|9\n|tier|[Gen 9] Ubers\n|rule|Sleep Clause Mod: Limit one foe put to sleep\n|rule|Species Clause: Limit one of each Pok\u00e9mon\n|rule|OHKO Clause: OHKO moves are banned\n|rule|Evasion Items Clause: Evasion items are banned\n|rule|Evasion Moves Clause: Evasion moves are banned\n|rule|Endless Battle Clause: Forcing endless battles is banned\n|rule|HP Percentage Mod: HP is shown in percentages\n|clearpoke\n|poke|p1|Rillaboom, M|\n|poke|p1|Sneasler, F|\n|poke|p1|Raichu, F|\n|poke|p1|Empoleon, F|\n|poke|p1|Mamoswine, M|\n|poke|p1|Tauros, M|\n|poke|p2|Decidueye, M|\n|poke|p2|Kilowattrel, M|\n|poke|p2|Overqwil, M|\n|poke|p2|Tornadus-Therian, M|\n|poke|p2|Manaphy|\n|poke|p2|Politoed, M|\n|teampreview\n|c|\u2606MonkeyManStan|glhf\n|c|\u2606zLayton|u2!\n|\n|t:|1701043242\n|start\n|switch|p1a: Raichu|Raichu, F|100\/100\n|switch|p2a: Bear|Politoed, M, shiny|100\/100\n|-weather|RainDance|[from] ability: Drizzle|[of] p2a: Bear\n|turn|1\n|j| Quackborg\n|l| Quackborg\n|j| TheOtakuOutcast\n|\n|t:|1701043309\n|switch|p2a: Pip|Kilowattrel, M|100\/100\n|move|p1a: Raichu|Nasty Plot|p1a: Raichu\n|-boost|p1a: Raichu|spa|2\n|\n|-weather|RainDance|[upkeep]\n|upkeep\n|turn|2\n|\n|t:|1701043389\n|move|p2a: Pip|U-turn|p1a: Raichu\n|-damage|p1a: Raichu|77\/100\n|\n|t:|1701043438\n|switch|p2a: Shadow|Decidueye, M|100\/100|[from] U-turn\n|move|p1a: Raichu|Surf|p2a: Shadow\n|-resisted|p2a: Shadow\n|-damage|p2a: Shadow|67\/100\n|\n|-weather|RainDance|[upkeep]\n|upkeep\n|turn|3\n|\n|t:|1701043621\n|move|p1a: Raichu|Thunder|p2a: Shadow\n|-resisted|p2a: Shadow\n|-damage|p2a: Shadow|28\/100\n|move|p2a: Shadow|Knock Off|p1a: Raichu\n|-damage|p1a: Raichu|26\/100\n|-enditem|p1a: Raichu|Focus Sash|[from] move: Knock Off|[of] p2a: Shadow\n|\n|-weather|RainDance|[upkeep]\n|upkeep\n|turn|4\n|\n|t:|1701043646\n|switch|p2a: Pip|Kilowattrel, M|100\/100\n|move|p1a: Raichu|Surf|p2a: Pip\n|-damage|p2a: Pip|0 fnt\n|faint|p2a: Pip\n|\n|-weather|RainDance|[upkeep]\n|upkeep\n|\n|t:|1701043659\n|switch|p2a: Ursa|Overqwil, M|100\/100\n|turn|5\n|j| Seior\n|j| Swagadile\n|\n|t:|1701043714\n|move|p2a: Ursa|Liquidation|p1a: Raichu\n|-damage|p1a: Raichu|0 fnt\n|faint|p1a: Raichu\n|\n|-weather|RainDance|[upkeep]\n|upkeep\n|\n|t:|1701043803\n|switch|p1a: Mamoswine|Mamoswine, M|100\/100\n|turn|6\n|\n|t:|1701043826\n|switch|p2a: Pop|Tornadus-Therian, M|100\/100\n|move|p1a: Mamoswine|High Horsepower|p2a: Pop\n|-immune|p2a: Pop\n|\n|-weather|RainDance|[upkeep]\n|upkeep\n|turn|7\n|\n|t:|1701044007\n|move|p2a: Pop|U-turn|p1a: Mamoswine\n|-damage|p1a: Mamoswine|84\/100\n|\n|t:|1701044016\n|switch|p2a: Tutter|Manaphy, shiny|100\/100|[from] U-turn\n|move|p1a: Mamoswine|Icicle Crash|p2a: Tutter\n|-resisted|p2a: Tutter\n|-damage|p2a: Tutter|83\/100\n|\n|-weather|RainDance|[upkeep]\n|-heal|p2a: Tutter|89\/100|[from] item: Leftovers\n|upkeep\n|turn|8\n|\n|t:|1701044069\n|switch|p2a: Shadow|Decidueye, M|28\/100\n|move|p1a: Mamoswine|Stealth Rock|p2a: Shadow\n|-sidestart|p2: MonkeyManStan|move: Stealth Rock\n|\n|-weather|none\n|upkeep\n|turn|9\n|c|\u2606zLayton|I gotta make some plays too\n|\n|t:|1701044128\n|switch|p2a: Bear|Politoed, M, shiny|100\/100\n|-damage|p2a: Bear|88\/100|[from] Stealth Rock\n|-weather|RainDance|[from] ability: Drizzle|[of] p2a: Bear\n|move|p1a: Mamoswine|Icicle Crash|p2a: Bear\n|-resisted|p2a: Bear\n|-damage|p2a: Bear|69\/100\n|\n|-weather|RainDance|[upkeep]\n|upkeep\n|turn|10\n|\n|t:|1701044168\n|switch|p2a: Tutter|Manaphy, shiny|89\/100\n|-damage|p2a: Tutter|77\/100|[from] Stealth Rock\n|move|p1a: Mamoswine|High Horsepower|p2a: Tutter\n|-damage|p2a: Tutter|43\/100\n|\n|-weather|RainDance|[upkeep]\n|-heal|p2a: Tutter|49\/100|[from] item: Leftovers\n|upkeep\n|turn|11\n|\n|t:|1701044179\n|switch|p1a: Empoleon|Empoleon, F|100\/100\n|move|p2a: Tutter|Rest|p2a: Tutter\n|-status|p2a: Tutter|slp|[from] move: Rest\n|-heal|p2a: Tutter|100\/100 slp|[silent]\n|\n|-weather|RainDance|[upkeep]\n|-activate|p2a: Tutter|ability: Hydration\n|-curestatus|p2a: Tutter|slp|[msg]\n|upkeep\n|turn|12\n|\n|t:|1701044271\n|move|p2a: Tutter|Take Heart|p2a: Tutter\n|-boost|p2a: Tutter|spa|1\n|-boost|p2a: Tutter|spd|1\n|move|p1a: Empoleon|Ice Beam|p2a: Tutter\n|-resisted|p2a: Tutter\n|-damage|p2a: Tutter|92\/100\n|\n|-weather|RainDance|[upkeep]\n|-heal|p2a: Tutter|98\/100|[from] item: Leftovers\n|upkeep\n|turn|13\n|\n|t:|1701044306\n|switch|p2a: Ursa|Overqwil, M|100\/100\n|-damage|p2a: Ursa|88\/100|[from] Stealth Rock\n|move|p1a: Empoleon|Ice Beam|p2a: Ursa\n|-damage|p2a: Ursa|45\/100\n|\n|-weather|RainDance|[upkeep]\n|upkeep\n|turn|14\n|l| Swagadile\n|\n|t:|1701044407\n|switch|p2a: Shadow|Decidueye, M|28\/100\n|move|p1a: Empoleon|Ice Beam|p2a: Shadow\n|-supereffective|p2a: Shadow\n|-damage|p2a: Shadow|0 fnt\n|faint|p2a: Shadow\n|\n|-weather|RainDance|[upkeep]\n|upkeep\n|\n|t:|1701044416\n|switch|p2a: Ursa|Overqwil, M|45\/100\n|-damage|p2a: Ursa|33\/100|[from] Stealth Rock\n|turn|15\n|\n|t:|1701044426\n|move|p2a: Ursa|Destiny Bond|p2a: Ursa\n|-singlemove|p2a: Ursa|Destiny Bond\n|move|p1a: Empoleon|Ice Beam|p2a: Ursa\n|-damage|p2a: Ursa|0 fnt\n|faint|p2a: Ursa\n|-activate|p2a: Ursa|move: Destiny Bond\n|faint|p1a: Empoleon\n|\n|-weather|RainDance|[upkeep]\n|upkeep\n|\n|t:|1701044452\n|switch|p2a: Pop|Tornadus-Therian, M|100\/100\n|switch|p1a: Tauros|Tauros, M|100\/100\n|turn|16\n|\n|t:|1701044532\n|switch|p2a: Tutter|Manaphy, shiny|98\/100\n|-damage|p2a: Tutter|85\/100|[from] Stealth Rock\n|move|p1a: Tauros|Wild Charge|p2a: Tutter\n|-supereffective|p2a: Tutter\n|-damage|p2a: Tutter|50\/100\n|-damage|p1a: Tauros|88\/100|[from] Recoil\n|\n|-weather|none\n|-heal|p2a: Tutter|56\/100|[from] item: Leftovers\n|upkeep\n|turn|17\n|\n|t:|1701044553\n|switch|p2a: Bear|Politoed, M, shiny|69\/100\n|-damage|p2a: Bear|57\/100|[from] Stealth Rock\n|-weather|RainDance|[from] ability: Drizzle|[of] p2a: Bear\n|move|p1a: Tauros|Wild Charge|p2a: Bear\n|-supereffective|p2a: Bear\n|-damage|p2a: Bear|7\/100\n|-damage|p1a: Tauros|73\/100|[from] Recoil\n|\n|-weather|RainDance|[upkeep]\n|upkeep\n|turn|18\n|\n|t:|1701044612\n|switch|p1a: Rillaboom|Rillaboom, M|100\/100\n|-fieldstart|move: Grassy Terrain|[from] ability: Grassy Surge|[of] p1a: Rillaboom\n|move|p2a: Bear|Chilling Water|p1a: Rillaboom\n|-resisted|p1a: Rillaboom\n|-damage|p1a: Rillaboom|86\/100\n|-unboost|p1a: Rillaboom|atk|1\n|\n|-weather|RainDance|[upkeep]\n|-heal|p1a: Rillaboom|92\/100|[from] Grassy Terrain\n|-heal|p2a: Bear|13\/100|[from] Grassy Terrain\n|upkeep\n|turn|19\n|\n|t:|1701044646\n|switch|p1a: Tauros|Tauros, M|73\/100\n|switch|p2a: Tutter|Manaphy, shiny|56\/100\n|-damage|p2a: Tutter|44\/100|[from] Stealth Rock\n|\n|-weather|RainDance|[upkeep]\n|-heal|p1a: Tauros|79\/100|[from] Grassy Terrain\n|-heal|p2a: Tutter|50\/100|[from] Grassy Terrain\n|-heal|p2a: Tutter|56\/100|[from] item: Leftovers\n|upkeep\n|turn|20\n|\n|t:|1701044651\n|move|p1a: Tauros|Wild Charge|p2a: Tutter\n|-supereffective|p2a: Tutter\n|-damage|p2a: Tutter|19\/100\n|-damage|p1a: Tauros|66\/100|[from] Recoil\n|move|p2a: Tutter|Rest|p2a: Tutter\n|-status|p2a: Tutter|slp|[from] move: Rest\n|-heal|p2a: Tutter|100\/100 slp|[silent]\n|\n|-weather|RainDance|[upkeep]\n|-heal|p1a: Tauros|72\/100|[from] Grassy Terrain\n|-activate|p2a: Tutter|ability: Hydration\n|-curestatus|p2a: Tutter|slp|[msg]\n|upkeep\n|turn|21\n|\n|t:|1701044668\n|switch|p1a: Rillaboom|Rillaboom, M|92\/100\n|move|p2a: Tutter|Acid Armor|p2a: Tutter\n|-boost|p2a: Tutter|def|2\n|\n|-weather|RainDance|[upkeep]\n|-heal|p1a: Rillaboom|98\/100|[from] Grassy Terrain\n|upkeep\n|turn|22\n|\n|t:|1701044678\n|move|p1a: Rillaboom|Grassy Glide|p2a: Tutter\n|-supereffective|p2a: Tutter\n|-damage|p2a: Tutter|60\/100\n|move|p2a: Tutter|Acid Armor|p2a: Tutter\n|-boost|p2a: Tutter|def|2\n|\n|-weather|RainDance|[upkeep]\n|-heal|p1a: Rillaboom|100\/100|[from] Grassy Terrain\n|-heal|p2a: Tutter|67\/100|[from] Grassy Terrain\n|-heal|p2a: Tutter|73\/100|[from] item: Leftovers\n|-fieldend|move: Grassy Terrain\n|upkeep\n|turn|23\n|\n|t:|1701044740\n|move|p1a: Rillaboom|Grassy Glide|p2a: Tutter\n|-supereffective|p2a: Tutter\n|-damage|p2a: Tutter|50\/100\n|move|p2a: Tutter|Rest|p2a: Tutter\n|-status|p2a: Tutter|slp|[from] move: Rest\n|-heal|p2a: Tutter|100\/100 slp|[silent]\n|\n|-weather|RainDance|[upkeep]\n|-activate|p2a: Tutter|ability: Hydration\n|-curestatus|p2a: Tutter|slp|[msg]\n|upkeep\n|turn|24\n|\n|t:|1701044749\n|switch|p1a: Tauros|Tauros, M|72\/100\n|move|p2a: Tutter|Take Heart|p2a: Tutter\n|-boost|p2a: Tutter|spa|1\n|-boost|p2a: Tutter|spd|1\n|\n|-weather|none\n|upkeep\n|turn|25\n|\n|t:|1701044767\n|move|p1a: Tauros|Wild Charge|p2a: Tutter\n|-supereffective|p2a: Tutter\n|-damage|p2a: Tutter|87\/100\n|-damage|p1a: Tauros|67\/100|[from] Recoil\n|move|p2a: Tutter|Stored Power|p1a: Tauros\n|-damage|p1a: Tauros|0 fnt\n|faint|p1a: Tauros\n|\n|-heal|p2a: Tutter|93\/100|[from] item: Leftovers\n|upkeep\n|\n|t:|1701044779\n|switch|p1a: Mamoswine|Mamoswine, M|84\/100\n|turn|26\n|\n|t:|1701044831\n|move|p2a: Tutter|Acid Armor|p2a: Tutter\n|-boost|p2a: Tutter|def|2\n|move|p1a: Mamoswine|Trailblaze|p2a: Tutter\n|-supereffective|p2a: Tutter\n|-damage|p2a: Tutter|87\/100\n|-boost|p1a: Mamoswine|spe|1\n|\n|-heal|p2a: Tutter|93\/100|[from] item: Leftovers\n|upkeep\n|turn|27\n|\n|t:|1701044838\n|move|p1a: Mamoswine|Icicle Crash|p2a: Tutter\n|-resisted|p2a: Tutter\n|-damage|p2a: Tutter|89\/100\n|cant|p2a: Tutter|flinch\n|\n|-heal|p2a: Tutter|95\/100|[from] item: Leftovers\n|upkeep\n|turn|28\n|\n|t:|1701044846\n|move|p1a: Mamoswine|Icicle Crash|p2a: Tutter\n|-resisted|p2a: Tutter\n|-damage|p2a: Tutter|90\/100\n|move|p2a: Tutter|Take Heart|p2a: Tutter\n|-boost|p2a: Tutter|spa|1\n|-boost|p2a: Tutter|spd|1\n|\n|-heal|p2a: Tutter|97\/100|[from] item: Leftovers\n|upkeep\n|turn|29\n|\n|t:|1701044849\n|move|p1a: Mamoswine|Icicle Crash|p2a: Tutter\n|-resisted|p2a: Tutter\n|-damage|p2a: Tutter|92\/100\n|move|p2a: Tutter|Stored Power|p1a: Mamoswine\n|-damage|p1a: Mamoswine|0 fnt\n|faint|p1a: Mamoswine\n|\n|-heal|p2a: Tutter|99\/100|[from] item: Leftovers\n|upkeep\n|\n|t:|1701044856\n|switch|p1a: Rillaboom|Rillaboom, M|100\/100\n|-fieldstart|move: Grassy Terrain|[from] ability: Grassy Surge|[of] p1a: Rillaboom\n|turn|30\n|\n|t:|1701044859\n|move|p1a: Rillaboom|Grassy Glide|p2a: Tutter\n|-supereffective|p2a: Tutter\n|-damage|p2a: Tutter|77\/100\n|move|p2a: Tutter|Stored Power|p1a: Rillaboom\n|-damage|p1a: Rillaboom|0 fnt\n|faint|p1a: Rillaboom\n|\n|-heal|p2a: Tutter|83\/100|[from] Grassy Terrain\n|-heal|p2a: Tutter|90\/100|[from] item: Leftovers\n|upkeep\n|\n|t:|1701044862\n|switch|p1a: Sneasler|Sneasler, F|100\/100\n|-enditem|p1a: Sneasler|Grassy Seed\n|-boost|p1a: Sneasler|def|1|[from] item: Grassy Seed\n|turn|31\n|\n|t:|1701044865\n|move|p1a: Sneasler|Dire Claw|p2a: Tutter\n|-damage|p2a: Tutter|81\/100\n|-status|p2a: Tutter|slp\n|cant|p2a: Tutter|slp\n|\n|-heal|p2a: Tutter|88\/100 slp|[from] Grassy Terrain\n|-heal|p2a: Tutter|94\/100 slp|[from] item: Leftovers\n|upkeep\n|turn|32\n|\n|t:|1701044871\n|move|p1a: Sneasler|Swords Dance|p1a: Sneasler\n|-boost|p1a: Sneasler|atk|2\n|cant|p2a: Tutter|slp\n|\n|-heal|p2a: Tutter|99\/100 slp|[from] Grassy Terrain\n|-heal|p2a: Tutter|100\/100 slp|[from] item: Leftovers\n|upkeep\n|turn|33\n|\n|t:|1701044877\n|move|p1a: Sneasler|Swords Dance|p1a: Sneasler\n|-boost|p1a: Sneasler|atk|2\n|cant|p2a: Tutter|slp\n|\n|upkeep\n|turn|34\n|c| Seior|fuck off\n|c| Seior|just fuck off\n|c|\u2606MonkeyManStan|it's game for one of us\n|c|\u2606MonkeyManStan|boutta find out which one\n|c| Seior|i hate dire fucking claw\n|\n|t:|1701044955\n|move|p1a: Sneasler|Close Combat|p2a: Tutter\n|-damage|p2a: Tutter|68\/100 slp\n|-unboost|p1a: Sneasler|def|1\n|-unboost|p1a: Sneasler|spd|1\n|-curestatus|p2a: Tutter|slp|[msg]\n|move|p2a: Tutter|Stored Power|p1a: Sneasler\n|-supereffective|p1a: Sneasler\n|-damage|p1a: Sneasler|0 fnt\n|faint|p1a: Sneasler\n|\n|win|MonkeyManStan\n|c|\u2606zLayton|gg\n|c|\u2606zLayton|!\n|c|\u2606MonkeyManStan|thank christ\n|c|\u2606MonkeyManStan|gg\n|c|\u2606MonkeyManStan|I would have quite literally\n|c|\u2606MonkeyManStan|lost my shit\n|c| Seior|im banning sneasler fuck this\n|c|\u2606zLayton|UwU\n|l| Seior\n","uploadtime":1701044964,"views":14,"p1id":"zlayton","p2id":"monkeymanstan","formatid":"gen9ubers","rating":0,"private":0,"password":""}