{"id":"gen9ubers-1968234641","p1":"buhuhe","p2":"Alexandre195","format":"[Gen 9] Ubers","log":"|j|\u2606buhuhe\n|j|\u2606Alexandre195\n|t:|1697397525\n|gametype|singles\n|player|p1|buhuhe|lucas|1044\n|player|p2|Alexandre195|nate|1059\n|teamsize|p1|6\n|teamsize|p2|6\n|gen|9\n|tier|[Gen 9] Ubers\n|rated|\n|rule|Sleep Clause Mod: Limit one foe put to sleep\n|rule|Species Clause: Limit one of each Pok\u00e9mon\n|rule|OHKO Clause: OHKO moves are banned\n|rule|Evasion Items Clause: Evasion items are banned\n|rule|Evasion Moves Clause: Evasion moves are banned\n|rule|Endless Battle Clause: Forcing endless battles is banned\n|rule|HP Percentage Mod: HP is shown in percentages\n|clearpoke\n|poke|p1|Zacian-*|\n|poke|p1|Koraidon|\n|poke|p1|Ting-Lu|\n|poke|p1|Arceus-Fairy|\n|poke|p1|Miraidon|\n|poke|p1|Skeledirge, M|\n|poke|p2|Ribombee, F|\n|poke|p2|Haxorus, F|\n|poke|p2|Urshifu-*, F|\n|poke|p2|Mamoswine, F|\n|poke|p2|Torterra, M|\n|poke|p2|Flutter Mane|\n|teampreview\n|inactive|Battle timer is ON: inactive players will automatically lose when time's up. (requested by Alexandre195)\n|inactive|buhuhe also wants the timer to be on.\n|\n|t:|1697397544\n|start\n|switch|p1a: Koraidon|Koraidon|100\/100\n|switch|p2a: Ribombee|Ribombee, F|100\/100\n|-weather|SunnyDay|[from] ability: Orichalcum Pulse|[of] p1a: Koraidon\n|-activate|p1a: Koraidon|Orichalcum Pulse|[source]\n|turn|1\n|\n|t:|1697397552\n|move|p1a: Koraidon|U-turn|p2a: Ribombee\n|-resisted|p2a: Ribombee\n|-damage|p2a: Ribombee|67\/100\n|\n|t:|1697397555\n|switch|p1a: Skeledirge|Skeledirge, M|100\/100|[from] U-turn\n|move|p2a: Ribombee|Quiver Dance|p2a: Ribombee\n|-boost|p2a: Ribombee|spa|1\n|-boost|p2a: Ribombee|spd|1\n|-boost|p2a: Ribombee|spe|1\n|\n|-weather|SunnyDay|[upkeep]\n|upkeep\n|turn|2\n|\n|t:|1697397559\n|move|p2a: Ribombee|Sticky Web|p1a: Skeledirge\n|-sidestart|p1: buhuhe|move: Sticky Web\n|move|p1a: Skeledirge|Torch Song|p2a: Ribombee\n|-supereffective|p2a: Ribombee\n|-damage|p2a: Ribombee|0 fnt\n|-boost|p1a: Skeledirge|spa|1\n|faint|p2a: Ribombee\n|\n|-weather|SunnyDay|[upkeep]\n|upkeep\n|\n|t:|1697397570\n|switch|p2a: Mamoswine|Mamoswine, F|100\/100\n|turn|3\n|\n|t:|1697397574\n|move|p2a: Mamoswine|Earthquake|p1a: Skeledirge\n|-supereffective|p1a: Skeledirge\n|-damage|p1a: Skeledirge|36\/100\n|move|p1a: Skeledirge|Will-O-Wisp|p2a: Mamoswine|[miss]\n|-miss|p1a: Skeledirge|p2a: Mamoswine\n|\n|-weather|SunnyDay|[upkeep]\n|upkeep\n|turn|4\n|\n|t:|1697397580\n|move|p2a: Mamoswine|Knock Off|p1a: Skeledirge\n|-supereffective|p1a: Skeledirge\n|-damage|p1a: Skeledirge|0 fnt\n|-enditem|p1a: Skeledirge|Heavy-Duty Boots|[from] move: Knock Off|[of] p2a: Mamoswine\n|faint|p1a: Skeledirge\n|\n|-weather|SunnyDay|[upkeep]\n|upkeep\n|\n|t:|1697397585\n|switch|p1a: Koraidon|Koraidon|100\/100\n|-activate|p1a: Koraidon|move: Sticky Web\n|-unboost|p1a: Koraidon|spe|1\n|-activate|p1a: Koraidon|ability: Orichalcum Pulse\n|turn|5\n|\n|t:|1697397590\n|move|p2a: Mamoswine|Ice Shard|p1a: Koraidon\n|-supereffective|p1a: Koraidon\n|-damage|p1a: Koraidon|65\/100\n|move|p1a: Koraidon|Low Kick|p2a: Mamoswine\n|-supereffective|p2a: Mamoswine\n|-damage|p2a: Mamoswine|0 fnt\n|faint|p2a: Mamoswine\n|\n|-weather|none\n|upkeep\n|\n|t:|1697397600\n|switch|p2a: Flutter Mane|Flutter Mane|100\/100\n|turn|6\n|\n|t:|1697397611\n|switch|p1a: Ting-Lu|Ting-Lu|100\/100\n|-activate|p1a: Ting-Lu|move: Sticky Web\n|-unboost|p1a: Ting-Lu|spe|1\n|-ability|p1a: Ting-Lu|Vessel of Ruin\n|move|p2a: Flutter Mane|Moonblast|p1a: Ting-Lu\n|-supereffective|p1a: Ting-Lu\n|-damage|p1a: Ting-Lu|57\/100\n|\n|-heal|p1a: Ting-Lu|63\/100|[from] item: Leftovers\n|upkeep\n|turn|7\n|\n|t:|1697397619\n|-end|p2a: Flutter Mane|Protosynthesis|[silent]\n|switch|p2a: Torterra|Torterra, M|100\/100\n|move|p1a: Ting-Lu|Spikes|p2a: Torterra\n|-sidestart|p2: Alexandre195|Spikes\n|\n|-heal|p1a: Ting-Lu|69\/100|[from] item: Leftovers\n|upkeep\n|turn|8\n|\n|t:|1697397625\n|move|p2a: Torterra|Shell Smash|p2a: Torterra\n|-unboost|p2a: Torterra|def|1\n|-unboost|p2a: Torterra|spd|1\n|-boost|p2a: Torterra|atk|2\n|-boost|p2a: Torterra|spa|2\n|-boost|p2a: Torterra|spe|2\n|move|p1a: Ting-Lu|Whirlwind|p2a: Torterra\n|drag|p2a: Urshifu|Urshifu, F|100\/100\n|-damage|p2a: Urshifu|88\/100|[from] Spikes\n|\n|-heal|p1a: Ting-Lu|76\/100|[from] item: Leftovers\n|upkeep\n|turn|9\n|\n|t:|1697397632\n|move|p2a: Urshifu|Swords Dance|p2a: Urshifu\n|-boost|p2a: Urshifu|atk|2\n|move|p1a: Ting-Lu|Spikes|p2a: Urshifu\n|-sidestart|p2: Alexandre195|Spikes\n|\n|-heal|p1a: Ting-Lu|82\/100|[from] item: Leftovers\n|upkeep\n|turn|10\n|\n|t:|1697397637\n|move|p2a: Urshifu|Drain Punch|p1a: Ting-Lu\n|-supereffective|p1a: Ting-Lu\n|-damage|p1a: Ting-Lu|0 fnt\n|-heal|p2a: Urshifu|100\/100|[from] drain|[of] p1a: Ting-Lu\n|faint|p1a: Ting-Lu\n|\n|upkeep\n|\n|t:|1697397642\n|switch|p1a: Arceus|Arceus-Fairy|100\/100\n|-activate|p1a: Arceus|move: Sticky Web\n|-unboost|p1a: Arceus|spe|1\n|turn|11\n|\n|t:|1697397646\n|move|p2a: Urshifu|Wicked Blow|p1a: Arceus\n|-resisted|p1a: Arceus\n|-crit|p1a: Arceus\n|-damage|p1a: Arceus|68\/100\n|move|p1a: Arceus|Judgment|p2a: Urshifu\n|-supereffective|p2a: Urshifu\n|-damage|p2a: Urshifu|0 fnt\n|faint|p2a: Urshifu\n|\n|upkeep\n|\n|t:|1697397650\n|switch|p2a: Torterra|Torterra, M|100\/100\n|-damage|p2a: Torterra|84\/100|[from] Spikes\n|turn|12\n|\n|t:|1697397656\n|move|p2a: Torterra|Bullet Seed|p1a: Arceus\n|-damage|p1a: Arceus|62\/100\n|-damage|p1a: Arceus|56\/100\n|-damage|p1a: Arceus|50\/100\n|-damage|p1a: Arceus|45\/100\n|-damage|p1a: Arceus|39\/100\n|-hitcount|p1a: Arceus|5\n|move|p1a: Arceus|Judgment|p2a: Torterra\n|-damage|p2a: Torterra|24\/100\n|\n|upkeep\n|turn|13\n|\n|t:|1697397666\n|move|p2a: Torterra|Bullet Seed|p1a: Arceus\n|-damage|p1a: Arceus|33\/100\n|-damage|p1a: Arceus|27\/100\n|-crit|p1a: Arceus\n|-damage|p1a: Arceus|17\/100\n|-damage|p1a: Arceus|12\/100\n|-hitcount|p1a: Arceus|4\n|move|p1a: Arceus|Judgment|p2a: Torterra\n|-damage|p2a: Torterra|0 fnt\n|faint|p2a: Torterra\n|\n|upkeep\n|\n|t:|1697397671\n|switch|p2a: Flutter Mane|Flutter Mane|100\/100\n|-damage|p2a: Flutter Mane|84\/100|[from] Spikes\n|turn|14\n|\n|t:|1697397673\n|move|p2a: Flutter Mane|Calm Mind|p2a: Flutter Mane\n|-boost|p2a: Flutter Mane|spa|1\n|-boost|p2a: Flutter Mane|spd|1\n|move|p1a: Arceus|Judgment|p2a: Flutter Mane\n|-damage|p2a: Flutter Mane|53\/100\n|\n|upkeep\n|turn|15\n|\n|t:|1697397679\n|move|p2a: Flutter Mane|Moonblast|p1a: Arceus\n|-damage|p1a: Arceus|0 fnt\n|faint|p1a: Arceus\n|\n|upkeep\n|\n|t:|1697397683\n|switch|p1a: Zacian|Zacian-Crowned|100\/100\n|-activate|p1a: Zacian|move: Sticky Web\n|-unboost|p1a: Zacian|spe|1\n|-ability|p1a: Zacian|Intrepid Sword|boost\n|-boost|p1a: Zacian|atk|1\n|turn|16\n|\n|t:|1697397687\n|-terastallize|p2a: Flutter Mane|Ghost\n|move|p2a: Flutter Mane|Shadow Ball|p1a: Zacian\n|-crit|p1a: Zacian\n|-damage|p1a: Zacian|0 fnt\n|faint|p1a: Zacian\n|\n|upkeep\n|\n|t:|1697397705\n|switch|p1a: Koraidon|Koraidon|65\/100\n|-activate|p1a: Koraidon|move: Sticky Web\n|-unboost|p1a: Koraidon|spe|1\n|-weather|SunnyDay|[from] ability: Orichalcum Pulse|[of] p1a: Koraidon\n|-activate|p2a: Flutter Mane|ability: Protosynthesis\n|-start|p2a: Flutter Mane|protosynthesisspa\n|-activate|p1a: Koraidon|Orichalcum Pulse|[source]\n|turn|17\n|\n|t:|1697397716\n|-terastallize|p1a: Koraidon|Fire\n|move|p1a: Koraidon|Flare Blitz|p2a: Flutter Mane\n|-damage|p2a: Flutter Mane|0 fnt\n|faint|p2a: Flutter Mane\n|-end|p2a: Flutter Mane|Protosynthesis|[silent]\n|-damage|p1a: Koraidon|52\/100|[from] Recoil\n|\n|-weather|SunnyDay|[upkeep]\n|upkeep\n|\n|t:|1697397724\n|switch|p2a: Haxorus|Haxorus, F|100\/100\n|-damage|p2a: Haxorus|84\/100|[from] Spikes\n|-ability|p2a: Haxorus|Mold Breaker\n|turn|18\n|\n|t:|1697397728\n|move|p1a: Koraidon|Flare Blitz|p2a: Haxorus\n|-resisted|p2a: Haxorus\n|-damage|p2a: Haxorus|2\/100\n|-damage|p1a: Koraidon|28\/100|[from] Recoil\n|move|p2a: Haxorus|Scale Shot|p1a: Koraidon\n|-damage|p1a: Koraidon|16\/100\n|-damage|p1a: Koraidon|4\/100\n|-damage|p1a: Koraidon|0 fnt\n|faint|p1a: Koraidon\n|-hitcount|p1: Koraidon|3\n|-unboost|p2a: Haxorus|def|1\n|-boost|p2a: Haxorus|spe|1\n|\n|-weather|SunnyDay|[upkeep]\n|upkeep\n|\n|t:|1697397732\n|switch|p1a: Miraidon|Miraidon|100\/100\n|-activate|p1a: Miraidon|move: Sticky Web\n|-unboost|p1a: Miraidon|spe|1\n|-fieldstart|move: Electric Terrain|[from] ability: Hadron Engine|[of] p1a: Miraidon\n|turn|19\n|\n|t:|1697397736\n|move|p2a: Haxorus|Earthquake|p1a: Miraidon\n|-supereffective|p1a: Miraidon\n|-crit|p1a: Miraidon\n|-damage|p1a: Miraidon|0 fnt\n|faint|p1a: Miraidon\n|\n|win|Alexandre195\n|raw|buhuhe's rating: 1044 &rarr; <strong>1028<\/strong><br \/>(-16 for losing)\n|raw|Alexandre195's rating: 1059 &rarr; <strong>1089<\/strong><br \/>(+30 for winning)\n","uploadtime":1697397748,"views":7,"p1id":"buhuhe","p2id":"alexandre195","formatid":"gen9ubers","rating":1028,"private":0,"password":""}