{"id":"gen9ubers-1973734142","p1":"Deriverse","p2":"Mr. 475","format":"[Gen 9] Ubers","log":"|j|\u2606Deriverse\n|j|\u2606Mr. 475\n|t:|1698008056\n|gametype|singles\n|player|p1|Deriverse|roxanne|1227\n|player|p2|Mr. 475|blackbelt-gen2|1198\n|teamsize|p1|6\n|teamsize|p2|6\n|gen|9\n|tier|[Gen 9] Ubers\n|rated|\n|rule|Sleep Clause Mod: Limit one foe put to sleep\n|rule|Species Clause: Limit one of each Pok\u00e9mon\n|rule|OHKO Clause: OHKO moves are banned\n|rule|Evasion Items Clause: Evasion items are banned\n|rule|Evasion Moves Clause: Evasion moves are banned\n|rule|Endless Battle Clause: Forcing endless battles is banned\n|rule|HP Percentage Mod: HP is shown in percentages\n|clearpoke\n|poke|p1|Shaymin-Sky|\n|poke|p1|Flutter Mane|\n|poke|p1|Groudon|\n|poke|p1|Palafin, M|\n|poke|p1|Ribombee, M|\n|poke|p1|Great Tusk|\n|poke|p2|Annihilape, M|\n|poke|p2|Koraidon|\n|poke|p2|Iron Valiant|\n|poke|p2|Breloom, F|\n|poke|p2|Iron Hands|\n|poke|p2|Quaquaval, F|\n|teampreview\n|inactive|Battle timer is ON: inactive players will automatically lose when time's up. (requested by Mr. 475)\n|\n|t:|1698008064\n|start\n|switch|p1a: Ribombee|Ribombee, M|100\/100\n|switch|p2a: Yujiro|Koraidon|100\/100\n|-weather|SunnyDay|[from] ability: Orichalcum Pulse|[of] p2a: Yujiro\n|-activate|p2a: Yujiro|Orichalcum Pulse|[source]\n|turn|1\n|\n|t:|1698008072\n|move|p2a: Yujiro|Flame Charge|p1a: Ribombee\n|-supereffective|p1a: Ribombee\n|-enditem|p1a: Ribombee|Focus Sash\n|-damage|p1a: Ribombee|1\/100\n|-boost|p2a: Yujiro|spe|1\n|-damage|p2a: Yujiro|91\/100|[from] item: Life Orb\n|move|p1a: Ribombee|Moonblast|p2a: Yujiro\n|-supereffective|p2a: Yujiro\n|-damage|p2a: Yujiro|0 fnt\n|faint|p2a: Yujiro\n|\n|-weather|SunnyDay|[upkeep]\n|upkeep\n|\n|t:|1698008085\n|switch|p2a: Mexican Birb|Quaquaval, F|100\/100\n|turn|2\n|\n|t:|1698008089\n|move|p1a: Ribombee|Sticky Web|p2a: Mexican Birb\n|-sidestart|p2: Mr. 475|move: Sticky Web\n|move|p2a: Mexican Birb|Aqua Step|p1a: Ribombee\n|-damage|p1a: Ribombee|0 fnt\n|-boost|p2a: Mexican Birb|spe|1\n|faint|p1a: Ribombee\n|-ability|p2a: Mexican Birb|Moxie|boost\n|-boost|p2a: Mexican Birb|atk|1\n|\n|-weather|SunnyDay|[upkeep]\n|upkeep\n|\n|t:|1698008099\n|switch|p1a: Palafin|Palafin, M|100\/100\n|turn|3\n|\n|t:|1698008103\n|move|p2a: Mexican Birb|Aqua Step|p1a: Palafin\n|-resisted|p1a: Palafin\n|-damage|p1a: Palafin|82\/100\n|-boost|p2a: Mexican Birb|spe|1\n|move|p1a: Palafin|Flip Turn|p2a: Mexican Birb\n|-resisted|p2a: Mexican Birb\n|-damage|p2a: Mexican Birb|93\/100\n|\n|t:|1698008121\n|detailschange|p1a: Palafin|Palafin-Hero, M\n|switch|p1a: Groudon|Groudon|100\/100|[from] Flip Turn\n|\n|-weather|SunnyDay|[upkeep]\n|-heal|p2a: Mexican Birb|99\/100|[from] item: Leftovers\n|upkeep\n|turn|4\n|\n|t:|1698008129\n|move|p2a: Mexican Birb|Aqua Step|p1a: Groudon\n|-supereffective|p1a: Groudon\n|-damage|p1a: Groudon|57\/100\n|-boost|p2a: Mexican Birb|spe|1\n|move|p1a: Groudon|Precipice Blades|p2a: Mexican Birb\n|-damage|p2a: Mexican Birb|0 fnt\n|faint|p2a: Mexican Birb\n|\n|-weather|SunnyDay|[upkeep]\n|upkeep\n|\n|t:|1698008146\n|switch|p2a: Chinese Dinosaur|Breloom, F, shiny|100\/100\n|-activate|p2a: Chinese Dinosaur|move: Sticky Web\n|-unboost|p2a: Chinese Dinosaur|spe|1\n|turn|5\n|\n|t:|1698008151\n|move|p1a: Groudon|Heat Crash|p2a: Chinese Dinosaur\n|-supereffective|p2a: Chinese Dinosaur\n|-enditem|p2a: Chinese Dinosaur|Focus Sash\n|-damage|p2a: Chinese Dinosaur|1\/100\n|move|p2a: Chinese Dinosaur|Spore|p1a: Groudon\n|-status|p1a: Groudon|slp|[from] move: Spore\n|\n|-weather|none\n|upkeep\n|turn|6\n|\n|t:|1698008160\n|cant|p1a: Groudon|slp\n|move|p2a: Chinese Dinosaur|Bullet Seed|p1a: Groudon\n|-supereffective|p1a: Groudon\n|-damage|p1a: Groudon|29\/100 slp\n|-supereffective|p1a: Groudon\n|-damage|p1a: Groudon|4\/100 slp\n|-hitcount|p1a: Groudon|2\n|\n|upkeep\n|turn|7\n|\n|t:|1698008167\n|move|p2a: Chinese Dinosaur|Mach Punch|p1a: Groudon\n|-damage|p1a: Groudon|0 fnt\n|faint|p1a: Groudon\n|\n|upkeep\n|\n|t:|1698008170\n|switch|p1a: Flutter Mane|Flutter Mane|100\/100\n|turn|8\n|\n|t:|1698008174\n|move|p1a: Flutter Mane|Moonblast|p2a: Chinese Dinosaur\n|-supereffective|p2a: Chinese Dinosaur\n|-crit|p2a: Chinese Dinosaur\n|-damage|p2a: Chinese Dinosaur|0 fnt\n|faint|p2a: Chinese Dinosaur\n|\n|upkeep\n|\n|t:|1698008181\n|switch|p2a: Akuma|Annihilape, M|100\/100\n|-activate|p2a: Akuma|move: Sticky Web\n|-unboost|p2a: Akuma|spe|1\n|-ability|p2a: Akuma|Defiant|boost\n|-boost|p2a: Akuma|atk|2\n|turn|9\n|\n|t:|1698008198\n|-end|p1a: Flutter Mane|Protosynthesis|[silent]\n|switch|p1a: Great Tusk|Great Tusk|100\/100\n|move|p2a: Akuma|Rage Fist|p1a: Great Tusk\n|-damage|p1a: Great Tusk|73\/100\n|\n|upkeep\n|turn|10\n|\n|t:|1698008206\n|move|p1a: Great Tusk|Stealth Rock|p2a: Akuma\n|-sidestart|p2: Mr. 475|move: Stealth Rock\n|move|p2a: Akuma|Drain Punch|p1a: Great Tusk\n|-damage|p1a: Great Tusk|26\/100\n|\n|upkeep\n|turn|11\n|\n|t:|1698008213\n|move|p1a: Great Tusk|Knock Off|p2a: Akuma\n|-damage|p2a: Akuma|60\/100\n|-enditem|p2a: Akuma|Assault Vest|[from] move: Knock Off|[of] p1a: Great Tusk\n|move|p2a: Akuma|Drain Punch|p1a: Great Tusk\n|-damage|p1a: Great Tusk|0 fnt\n|-heal|p2a: Akuma|75\/100|[from] drain|[of] p1a: Great Tusk\n|faint|p1a: Great Tusk\n|-end|p1a: Great Tusk|Protosynthesis|[silent]\n|\n|upkeep\n|\n|t:|1698008219\n|switch|p1a: Shaymin|Shaymin-Sky|100\/100\n|turn|12\n|\n|t:|1698008231\n|-terastallize|p2a: Akuma|Poison\n|move|p1a: Shaymin|Air Slash|p2a: Akuma\n|-damage|p2a: Akuma|46\/100\n|move|p2a: Akuma|Poison Jab|p1a: Shaymin\n|-supereffective|p1a: Shaymin\n|-damage|p1a: Shaymin|0 fnt\n|faint|p1a: Shaymin\n|\n|upkeep\n|\n|t:|1698008240\n|switch|p1a: Palafin|Palafin-Hero, M|82\/100\n|-activate|p1a: Palafin|ability: Zero to Hero\n|turn|13\n|\n|t:|1698008248\n|move|p1a: Palafin|Bulk Up|p1a: Palafin\n|-boost|p1a: Palafin|atk|1\n|-boost|p1a: Palafin|def|1\n|move|p2a: Akuma|Drain Punch|p1a: Palafin\n|-damage|p1a: Palafin|32\/100\n|-heal|p2a: Akuma|73\/100|[from] drain|[of] p1a: Palafin\n|\n|upkeep\n|turn|14\n|\n|t:|1698008257\n|move|p1a: Palafin|Jet Punch|p2a: Akuma\n|-damage|p2a: Akuma|8\/100\n|move|p2a: Akuma|Drain Punch|p1a: Palafin\n|-damage|p1a: Palafin|0 fnt\n|-heal|p2a: Akuma|26\/100|[from] drain|[of] p1a: Palafin\n|faint|p1a: Palafin\n|\n|upkeep\n|\n|t:|1698008262\n|switch|p1a: Flutter Mane|Flutter Mane|100\/100\n|turn|15\n|\n|t:|1698008270\n|-terastallize|p1a: Flutter Mane|Ghost\n|move|p1a: Flutter Mane|Shadow Ball|p2a: Akuma\n|-damage|p2a: Akuma|0 fnt\n|faint|p2a: Akuma\n|\n|upkeep\n|\n|t:|1698008282\n|switch|p2a: Mecha E Honda|Iron Hands|100\/100\n|-activate|p2a: Mecha E Honda|move: Sticky Web\n|-unboost|p2a: Mecha E Honda|spe|1\n|-damage|p2a: Mecha E Honda|94\/100|[from] Stealth Rock\n|-enditem|p2a: Mecha E Honda|Booster Energy\n|-activate|p2a: Mecha E Honda|ability: Quark Drive|[fromitem]\n|-start|p2a: Mecha E Honda|quarkdriveatk\n|turn|16\n|\n|t:|1698008289\n|move|p1a: Flutter Mane|Moonblast|p2a: Mecha E Honda\n|-supereffective|p2a: Mecha E Honda\n|-crit|p2a: Mecha E Honda\n|-damage|p2a: Mecha E Honda|0 fnt\n|faint|p2a: Mecha E Honda\n|-end|p2a: Mecha E Honda|Quark Drive|[silent]\n|\n|upkeep\n|\n|t:|1698008295\n|switch|p2a: Gundam|Iron Valiant|100\/100\n|-activate|p2a: Gundam|move: Sticky Web\n|-unboost|p2a: Gundam|spe|1\n|-damage|p2a: Gundam|94\/100|[from] Stealth Rock\n|-enditem|p2a: Gundam|Booster Energy\n|-activate|p2a: Gundam|ability: Quark Drive|[fromitem]\n|-start|p2a: Gundam|quarkdrivespa\n|turn|17\n|\n|t:|1698008303\n|move|p1a: Flutter Mane|Moonblast|p2a: Gundam\n|-supereffective|p2a: Gundam\n|-damage|p2a: Gundam|0 fnt\n|faint|p2a: Gundam\n|-end|p2a: Gundam|Quark Drive|[silent]\n|\n|win|Deriverse\n|raw|Deriverse's rating: 1227 &rarr; <strong>1250<\/strong><br \/>(+23 for winning)\n|raw|Mr. 475's rating: 1198 &rarr; <strong>1175<\/strong><br \/>(-23 for losing)\n|l|\u2606Mr. 475\n","uploadtime":1698008329,"views":11,"p1id":"deriverse","p2id":"mr475","formatid":"gen9ubers","rating":1175,"private":0,"password":""}