{"id":"gen9ubers-1987561469","p1":"HiImAiden04","p2":"elite 4 static","format":"[Gen 9] Ubers","log":"|j|\u2606HiImAiden04\n|j|\u2606elite 4 static\n|t:|1699612326\n|gametype|singles\n|player|p1|HiImAiden04|102|\n|player|p2|elite 4 static|265|\n|teamsize|p1|6\n|teamsize|p2|6\n|gen|9\n|tier|[Gen 9] Ubers\n|rule|Sleep Clause Mod: Limit one foe put to sleep\n|rule|Species Clause: Limit one of each Pok\u00e9mon\n|rule|OHKO Clause: OHKO moves are banned\n|rule|Evasion Items Clause: Evasion items are banned\n|rule|Evasion Moves Clause: Evasion moves are banned\n|rule|Endless Battle Clause: Forcing endless battles is banned\n|rule|HP Percentage Mod: HP is shown in percentages\n|clearpoke\n|poke|p1|Gholdengo|\n|poke|p1|Mew|\n|poke|p1|Sylveon, M|\n|poke|p1|Great Tusk|\n|poke|p1|Rotom-Wash|\n|poke|p1|Sneasel, M|\n|poke|p2|Ribombee, F|\n|poke|p2|Moltres-Galar|\n|poke|p2|Conkeldurr, M|\n|poke|p2|Walking Wake|\n|poke|p2|Sandy Shocks|\n|poke|p2|Rillaboom, F|\n|teampreview\n|\n|t:|1699612347\n|start\n|switch|p1a: Mew|Mew|100\/100\n|switch|p2a: Rillaboom|Rillaboom, F|100\/100\n|-fieldstart|move: Grassy Terrain|[from] ability: Grassy Surge|[of] p2a: Rillaboom\n|turn|1\n|\n|t:|1699612359\n|move|p1a: Mew|Ice Beam|p2a: Rillaboom\n|-supereffective|p2a: Rillaboom\n|-damage|p2a: Rillaboom|49\/100\n|-status|p2a: Rillaboom|frz\n|cant|p2a: Rillaboom|frz\n|\n|-heal|p2a: Rillaboom|55\/100 frz|[from] Grassy Terrain\n|upkeep\n|turn|2\n|c|\u2606elite 4 static|Glhf\n|c|\u2606HiImAiden04|glhf\n|\n|t:|1699612376\n|switch|p2a: Ribombee|Ribombee, F|100\/100\n|move|p1a: Mew|Stealth Rock|p2a: Ribombee\n|-sidestart|p2: elite 4 static|move: Stealth Rock\n|\n|upkeep\n|turn|3\n|\n|t:|1699612382\n|move|p2a: Ribombee|Sticky Web|p1a: Mew\n|-sidestart|p1: HiImAiden04|move: Sticky Web\n|move|p1a: Mew|Ice Beam|p2a: Ribombee\n|-damage|p2a: Ribombee|64\/100\n|\n|-heal|p2a: Ribombee|70\/100|[from] Grassy Terrain\n|upkeep\n|turn|4\n|\n|t:|1699612388\n|move|p2a: Ribombee|Bug Buzz|p1a: Mew\n|-supereffective|p1a: Mew\n|-damage|p1a: Mew|30\/100\n|move|p1a: Mew|Spikes|p2a: Ribombee\n|-sidestart|p2: elite 4 static|Spikes\n|\n|-heal|p2a: Ribombee|76\/100|[from] Grassy Terrain\n|-heal|p1a: Mew|36\/100|[from] Grassy Terrain\n|-heal|p1a: Mew|42\/100|[from] item: Leftovers\n|upkeep\n|turn|5\n|\n|t:|1699612401\n|switch|p1a: Gholdengo|Gholdengo|100\/100\n|-activate|p1a: Gholdengo|move: Sticky Web\n|-unboost|p1a: Gholdengo|spe|1\n|move|p2a: Ribombee|Bug Buzz|p1a: Gholdengo\n|-resisted|p1a: Gholdengo\n|-damage|p1a: Gholdengo|92\/100\n|\n|-heal|p2a: Ribombee|82\/100|[from] Grassy Terrain\n|-heal|p1a: Gholdengo|98\/100|[from] Grassy Terrain\n|-heal|p1a: Gholdengo|100\/100|[from] item: Leftovers\n|-fieldend|move: Grassy Terrain\n|upkeep\n|turn|6\n|\n|t:|1699612420\n|move|p2a: Ribombee|U-turn|p1a: Gholdengo\n|-resisted|p1a: Gholdengo\n|-damage|p1a: Gholdengo|98\/100\n|\n|t:|1699612429\n|switch|p2a: Rillaboom|Rillaboom, F|55\/100 frz|[from] U-turn\n|-damage|p2a: Rillaboom|43\/100 frz|[from] Stealth Rock\n|-damage|p2a: Rillaboom|30\/100 frz|[from] Spikes\n|-fieldstart|move: Grassy Terrain|[from] ability: Grassy Surge|[of] p2a: Rillaboom\n|move|p1a: Gholdengo|Nasty Plot|p1a: Gholdengo\n|-boost|p1a: Gholdengo|spa|2\n|\n|-heal|p2a: Rillaboom|37\/100 frz|[from] Grassy Terrain\n|-heal|p1a: Gholdengo|100\/100|[from] Grassy Terrain\n|upkeep\n|turn|7\n|\n|t:|1699612446\n|cant|p2a: Rillaboom|frz\n|move|p1a: Gholdengo|Make It Rain|p2a: Rillaboom\n|-damage|p2a: Rillaboom|0 fnt\n|-unboost|p1a: Gholdengo|spa|1\n|faint|p2a: Rillaboom\n|\n|upkeep\n|\n|t:|1699612462\n|switch|p2a: Moltres|Moltres-Galar|100\/100\n|-damage|p2a: Moltres|76\/100|[from] Stealth Rock\n|turn|8\n|\n|t:|1699612479\n|move|p2a: Moltres|Nasty Plot|p2a: Moltres\n|-boost|p2a: Moltres|spa|2\n|move|p1a: Gholdengo|Make It Rain|p2a: Moltres\n|-damage|p2a: Moltres|15\/100\n|-unboost|p1a: Gholdengo|spa|1\n|-ability|p2a: Moltres|Berserk|boost\n|-boost|p2a: Moltres|spa|1\n|\n|upkeep\n|turn|9\n|\n|t:|1699612493\n|move|p2a: Moltres|Rest|p2a: Moltres\n|-status|p2a: Moltres|slp|[from] move: Rest\n|-heal|p2a: Moltres|100\/100 slp|[silent]\n|-enditem|p2a: Moltres|Chesto Berry|[eat]\n|-curestatus|p2a: Moltres|slp|[msg]\n|move|p1a: Gholdengo|Make It Rain|p2a: Moltres\n|-damage|p2a: Moltres|62\/100\n|-unboost|p1a: Gholdengo|spa|1\n|\n|upkeep\n|turn|10\n|\n|t:|1699612509\n|switch|p1a: Rotom|Rotom-Wash|100\/100\n|move|p2a: Moltres|Air Slash|p1a: Rotom\n|-resisted|p1a: Rotom\n|-damage|p1a: Rotom|60\/100\n|\n|-heal|p1a: Rotom|66\/100|[from] item: Leftovers\n|-fieldend|move: Grassy Terrain\n|upkeep\n|turn|11\n|\n|t:|1699612525\n|move|p1a: Rotom|Protect|p1a: Rotom\n|-singleturn|p1a: Rotom|Protect\n|move|p2a: Moltres|Fiery Wrath|p1a: Rotom\n|-activate|p1a: Rotom|move: Protect\n|\n|-heal|p1a: Rotom|73\/100|[from] item: Leftovers\n|upkeep\n|turn|12\n|\n|t:|1699612537\n|move|p2a: Moltres|Fiery Wrath|p1a: Rotom\n|-damage|p1a: Rotom|0 fnt\n|faint|p1a: Rotom\n|\n|upkeep\n|c|\u2606HiImAiden04|didn't think it'd kill after the protect dang\n|\n|t:|1699612554\n|switch|p1a: Mew|Mew|42\/100\n|-activate|p1a: Mew|move: Sticky Web\n|-unboost|p1a: Mew|spe|1\n|turn|13\n|\n|t:|1699612561\n|move|p2a: Moltres|Fiery Wrath|p1a: Mew\n|-supereffective|p1a: Mew\n|-damage|p1a: Mew|0 fnt\n|faint|p1a: Mew\n|\n|upkeep\n|c|\u2606elite 4 static|Haha it's strong\n|c|\u2606HiImAiden04|ahhhh I shoulda terstalised gholdengoooo\n|\n|t:|1699612591\n|switch|p1a: Sneasel|Sneasel, M|100\/100\n|-activate|p1a: Sneasel|move: Sticky Web\n|-unboost|p1a: Sneasel|spe|1\n|turn|14\n|\n|t:|1699612599\n|-terastallize|p2a: Moltres|Fire\n|move|p2a: Moltres|Air Slash|p1a: Sneasel|[miss]\n|-miss|p2a: Moltres|p1a: Sneasel\n|move|p1a: Sneasel|Icicle Crash|p2a: Moltres\n|-resisted|p2a: Moltres\n|-damage|p2a: Moltres|34\/100\n|-ability|p2a: Moltres|Berserk|boost\n|-boost|p2a: Moltres|spa|1\n|\n|upkeep\n|turn|15\n|\n|t:|1699612621\n|switch|p1a: Great Tusk|Great Tusk|100\/100\n|-activate|p1a: Great Tusk|move: Sticky Web\n|-unboost|p1a: Great Tusk|spe|1\n|move|p2a: Moltres|Air Slash|p1a: Great Tusk\n|-supereffective|p1a: Great Tusk\n|-damage|p1a: Great Tusk|0 fnt\n|faint|p1a: Great Tusk\n|-end|p1a: Great Tusk|Protosynthesis|[silent]\n|\n|upkeep\n|\n|t:|1699612631\n|switch|p1a: Gholdengo|Gholdengo|100\/100\n|-activate|p1a: Gholdengo|move: Sticky Web\n|-unboost|p1a: Gholdengo|spe|1\n|turn|16\n|\n|t:|1699612641\n|-terastallize|p1a: Gholdengo|Steel\n|move|p2a: Moltres|Fiery Wrath|p1a: Gholdengo\n|-damage|p1a: Gholdengo|0 fnt\n|faint|p1a: Gholdengo\n|\n|upkeep\n|\n|t:|1699612646\n|switch|p1a: Sylveon|Sylveon, M|100\/100\n|-activate|p1a: Sylveon|move: Sticky Web\n|-unboost|p1a: Sylveon|spe|1\n|turn|17\n|-message|HiImAiden04 forfeited.\n|\n|win|elite 4 static\n|l|\u2606HiImAiden04\n|c|\u2606elite 4 static|Fire is weirdly such a good defensive type\n","uploadtime":1699612675,"views":11,"p1id":"hiimaiden04","p2id":"elite4static","formatid":"gen9ubers","rating":0,"private":0,"password":""}