{"id":"gen9ubers-1980348029","p1":"kinqidiot","p2":"mirinku","format":"[Gen 9] Ubers","log":"|j|\u2606kinqidiot\n|j|\u2606mirinku\n|t:|1698777271\n|gametype|singles\n|player|p1|kinqidiot|n|\n|player|p2|mirinku|lady|\n|teamsize|p1|6\n|teamsize|p2|6\n|gen|9\n|tier|[Gen 9] Ubers\n|rule|Sleep Clause Mod: Limit one foe put to sleep\n|rule|Species Clause: Limit one of each Pok\u00e9mon\n|rule|OHKO Clause: OHKO moves are banned\n|rule|Evasion Items Clause: Evasion items are banned\n|rule|Evasion Moves Clause: Evasion moves are banned\n|rule|Endless Battle Clause: Forcing endless battles is banned\n|rule|HP Percentage Mod: HP is shown in percentages\n|clearpoke\n|poke|p1|Meowscarada, M|\n|poke|p1|Ambipom, F|\n|poke|p1|Clodsire, M|\n|poke|p1|Iron Treads|\n|poke|p1|Mimikyu, M|\n|poke|p1|Naclstack, F|\n|poke|p2|Ribombee, F|\n|poke|p2|Indeedee-F, F|\n|poke|p2|Manaphy|\n|poke|p2|Iron Moth|\n|poke|p2|Espathra, F|\n|poke|p2|Gholdengo|\n|teampreview\n|\n|t:|1698777285\n|start\n|switch|p1a: Clodsire|Clodsire, M|100\/100\n|switch|p2a: Ribombee|Ribombee, F, shiny|100\/100\n|turn|1\n|\n|t:|1698777294\n|move|p2a: Ribombee|Psychic|p1a: Clodsire\n|-supereffective|p1a: Clodsire\n|-damage|p1a: Clodsire|70\/100\n|move|p1a: Clodsire|Spikes|p2a: Ribombee\n|-sidestart|p2: mirinku|Spikes\n|\n|-heal|p1a: Clodsire|76\/100|[from] item: Black Sludge\n|upkeep\n|turn|2\n|\n|t:|1698777302\n|move|p2a: Ribombee|Sticky Web|p1a: Clodsire\n|-sidestart|p1: kinqidiot|move: Sticky Web\n|move|p1a: Clodsire|Spikes|p2a: Ribombee\n|-sidestart|p2: mirinku|Spikes\n|\n|-heal|p1a: Clodsire|82\/100|[from] item: Black Sludge\n|upkeep\n|turn|3\n|\n|t:|1698777309\n|move|p2a: Ribombee|Stun Spore|p1a: Clodsire\n|-status|p1a: Clodsire|par\n|move|p1a: Clodsire|Spikes|p2a: Ribombee\n|-sidestart|p2: mirinku|Spikes\n|\n|-heal|p1a: Clodsire|89\/100 par|[from] item: Black Sludge\n|upkeep\n|turn|4\n|\n|t:|1698777335\n|move|p2a: Ribombee|Psychic|p1a: Clodsire\n|-supereffective|p1a: Clodsire\n|-damage|p1a: Clodsire|55\/100 par\n|cant|p1a: Clodsire|par\n|\n|-heal|p1a: Clodsire|61\/100 par|[from] item: Black Sludge\n|upkeep\n|turn|5\n|\n|t:|1698777343\n|move|p2a: Ribombee|Psychic|p1a: Clodsire\n|-supereffective|p1a: Clodsire\n|-damage|p1a: Clodsire|28\/100 par\n|move|p1a: Clodsire|Toxic Spikes|p2a: Ribombee\n|-sidestart|p2: mirinku|move: Toxic Spikes\n|\n|-heal|p1a: Clodsire|34\/100 par|[from] item: Black Sludge\n|upkeep\n|turn|6\n|\n|t:|1698777356\n|move|p1a: Clodsire|Protect|p1a: Clodsire\n|-singleturn|p1a: Clodsire|Protect\n|move|p2a: Ribombee|Psychic|p1a: Clodsire\n|-activate|p1a: Clodsire|move: Protect\n|\n|-heal|p1a: Clodsire|40\/100 par|[from] item: Black Sludge\n|upkeep\n|turn|7\n|\n|t:|1698777365\n|move|p2a: Ribombee|Psychic|p1a: Clodsire\n|-supereffective|p1a: Clodsire\n|-damage|p1a: Clodsire|10\/100 par\n|cant|p1a: Clodsire|par\n|\n|-heal|p1a: Clodsire|16\/100 par|[from] item: Black Sludge\n|upkeep\n|turn|8\n|\n|t:|1698777373\n|move|p2a: Ribombee|Psychic|p1a: Clodsire\n|-supereffective|p1a: Clodsire\n|-damage|p1a: Clodsire|0 fnt\n|faint|p1a: Clodsire\n|\n|upkeep\n|\n|t:|1698777381\n|switch|p1a: Naclstack|Naclstack, F|100\/100\n|-activate|p1a: Naclstack|move: Sticky Web\n|-unboost|p1a: Naclstack|spe|1\n|turn|9\n|\n|t:|1698777386\n|move|p2a: Ribombee|Stun Spore|p1a: Naclstack\n|-immune|p1a: Naclstack|[from] ability: Purifying Salt\n|move|p1a: Naclstack|Salt Cure|p2a: Ribombee\n|-supereffective|p2a: Ribombee\n|-damage|p2a: Ribombee|64\/100\n|\n|upkeep\n|turn|10\n|\n|t:|1698777397\n|switch|p2a: Manaphy|Manaphy|100\/100\n|-damage|p2a: Manaphy|76\/100|[from] Spikes\n|-status|p2a: Manaphy|psn\n|move|p1a: Naclstack|Iron Defense|p1a: Naclstack\n|-boost|p1a: Naclstack|def|2\n|\n|-heal|p2a: Manaphy|82\/100 psn|[from] item: Leftovers\n|-damage|p2a: Manaphy|69\/100 psn|[from] psn\n|upkeep\n|turn|11\n|\n|t:|1698777416\n|-terastallize|p2a: Manaphy|Dragon\n|move|p2a: Manaphy|Take Heart|p2a: Manaphy\n|-boost|p2a: Manaphy|spa|1\n|-boost|p2a: Manaphy|spd|1\n|-curestatus|p2a: Manaphy|psn|[msg]\n|move|p1a: Naclstack|Salt Cure|p2a: Manaphy\n|-damage|p2a: Manaphy|62\/100\n|-start|p2a: Manaphy|Salt Cure\n|\n|-heal|p2a: Manaphy|68\/100|[from] item: Leftovers\n|-damage|p2a: Manaphy|55\/100|[from] Salt Cure\n|upkeep\n|turn|12\n|\n|t:|1698777432\n|move|p2a: Manaphy|Acid Armor|p2a: Manaphy\n|-boost|p2a: Manaphy|def|2\n|move|p1a: Naclstack|Body Press|p2a: Manaphy\n|-damage|p2a: Manaphy|40\/100\n|\n|-heal|p2a: Manaphy|46\/100|[from] item: Leftovers\n|-damage|p2a: Manaphy|33\/100|[from] Salt Cure\n|upkeep\n|turn|13\n|\n|t:|1698777443\n|move|p2a: Manaphy|Scald|p1a: Naclstack\n|-supereffective|p1a: Naclstack\n|-damage|p1a: Naclstack|26\/100\n|move|p1a: Naclstack|Body Press|p2a: Manaphy\n|-damage|p2a: Manaphy|18\/100\n|\n|-heal|p2a: Manaphy|24\/100|[from] item: Leftovers\n|-damage|p2a: Manaphy|12\/100|[from] Salt Cure\n|upkeep\n|turn|14\n|\n|t:|1698777454\n|move|p2a: Manaphy|Scald|p1a: Naclstack\n|-supereffective|p1a: Naclstack\n|-damage|p1a: Naclstack|0 fnt\n|faint|p1a: Naclstack\n|\n|-heal|p2a: Manaphy|18\/100|[from] item: Leftovers\n|-damage|p2a: Manaphy|5\/100|[from] Salt Cure\n|upkeep\n|\n|t:|1698777463\n|switch|p1a: Iron Treads|Iron Treads|100\/100\n|-activate|p1a: Iron Treads|move: Sticky Web\n|-unboost|p1a: Iron Treads|spe|1\n|-enditem|p1a: Iron Treads|Booster Energy\n|-activate|p1a: Iron Treads|ability: Quark Drive|[fromitem]\n|-start|p1a: Iron Treads|quarkdriveatk\n|turn|15\n|\n|t:|1698777472\n|move|p2a: Manaphy|Stored Power|p1a: Iron Treads\n|-resisted|p1a: Iron Treads\n|-damage|p1a: Iron Treads|67\/100\n|move|p1a: Iron Treads|Rapid Spin|p2a: Manaphy\n|-damage|p2a: Manaphy|0 fnt\n|-boost|p1a: Iron Treads|spe|1\n|-sideend|p1: kinqidiot|Sticky Web|[from] move: Rapid Spin|[of] p1a: Iron Treads\n|faint|p2a: Manaphy\n|\n|upkeep\n|\n|t:|1698777488\n|switch|p2a: Iron Moth|Iron Moth|100\/100\n|-damage|p2a: Iron Moth|75\/100|[from] Spikes\n|-sideend|p2: mirinku|move: Toxic Spikes|[of] p2a: Iron Moth\n|-enditem|p2a: Iron Moth|Booster Energy\n|-activate|p2a: Iron Moth|ability: Quark Drive|[fromitem]\n|-start|p2a: Iron Moth|quarkdrivespe\n|turn|16\n|\n|t:|1698777501\n|move|p2a: Iron Moth|Fiery Dance|p1a: Iron Treads\n|-supereffective|p1a: Iron Treads\n|-damage|p1a: Iron Treads|0 fnt\n|faint|p1a: Iron Treads\n|-end|p1a: Iron Treads|Quark Drive|[silent]\n|\n|upkeep\n|\n|t:|1698777510\n|switch|p1a: Mimikyu|Mimikyu, M|100\/100\n|turn|17\n|\n|t:|1698777514\n|move|p2a: Iron Moth|Sludge Wave|p1a: Mimikyu\n|-activate|p1a: Mimikyu|ability: Disguise\n|-damage|p1a: Mimikyu|100\/100\n|-status|p1a: Mimikyu|psn\n|detailschange|p1a: Mimikyu|Mimikyu-Busted, M\n|-damage|p1a: Mimikyu|88\/100 psn|[from] pokemon: Mimikyu-Busted\n|move|p1a: Mimikyu|Swords Dance|p1a: Mimikyu\n|-boost|p1a: Mimikyu|atk|2\n|\n|-damage|p1a: Mimikyu|76\/100 psn|[from] psn\n|upkeep\n|turn|18\n|\n|t:|1698777526\n|move|p1a: Mimikyu|Shadow Sneak|p2a: Iron Moth\n|-damage|p2a: Iron Moth|18\/100\n|move|p2a: Iron Moth|Sludge Wave|p1a: Mimikyu\n|-damage|p1a: Mimikyu|9\/100 psn\n|\n|-damage|p1a: Mimikyu|0 fnt|[from] psn\n|faint|p1a: Mimikyu\n|upkeep\n|inactive|Battle timer is ON: inactive players will automatically lose when time's up. (requested by mirinku)\n|\n|t:|1698777534\n|switch|p1a: Ambipom|Ambipom, F|100\/100\n|turn|19\n|\n|t:|1698777547\n|-end|p2a: Iron Moth|Quark Drive|[silent]\n|switch|p2a: Indeedee|Indeedee-F, F|100\/100\n|-damage|p2a: Indeedee|76\/100|[from] Spikes\n|-fieldstart|move: Psychic Terrain|[from] ability: Psychic Surge|[of] p2a: Indeedee\n|-terastallize|p1a: Ambipom|Normal\n|move|p1a: Ambipom|Fake Out|p2a: Indeedee\n|-activate|p2a: Indeedee|move: Psychic Terrain\n|\n|upkeep\n|turn|20\n|\n|t:|1698777560\n|move|p1a: Ambipom|Last Resort|p2a: Indeedee\n|-damage|p2a: Indeedee|0 fnt\n|faint|p2a: Indeedee\n|\n|upkeep\n|\n|t:|1698777569\n|switch|p2a: Ribombee|Ribombee, F, shiny|64\/100\n|-damage|p2a: Ribombee|39\/100|[from] Spikes\n|turn|21\n|\n|t:|1698777577\n|move|p2a: Ribombee|Stun Spore|p1a: Ambipom\n|-status|p1a: Ambipom|par\n|move|p1a: Ambipom|Last Resort|p2a: Ribombee\n|-damage|p2a: Ribombee|0 fnt\n|faint|p2a: Ribombee\n|\n|upkeep\n|\n|t:|1698777582\n|switch|p2a: Gholdengo|Gholdengo|100\/100\n|-item|p2a: Gholdengo|Air Balloon\n|turn|22\n|\n|t:|1698777590\n|move|p2a: Gholdengo|Make It Rain|p1a: Ambipom\n|-damage|p1a: Ambipom|0 fnt\n|-unboost|p2a: Gholdengo|spa|1\n|faint|p1a: Ambipom\n|\n|upkeep\n|\n|t:|1698777598\n|switch|p1a: Meowscarada|Meowscarada, M|100\/100\n|turn|23\n|\n|t:|1698777608\n|switch|p2a: Iron Moth|Iron Moth|18\/100\n|-damage|p2a: Iron Moth|0 fnt|[from] Spikes\n|faint|p2a: Iron Moth\n|-end|p2a: Iron Moth|Quark Drive|[silent]\n|move|p1a: Meowscarada|Knock Off|p2: Iron Moth|[notarget]\n|-fail|p1a: Meowscarada\n|\n|upkeep\n|\n|t:|1698777618\n|switch|p2a: Gholdengo|Gholdengo|100\/100\n|-item|p2a: Gholdengo|Air Balloon\n|turn|24\n|\n|t:|1698777624\n|move|p1a: Meowscarada|Knock Off|p2a: Gholdengo\n|-supereffective|p2a: Gholdengo\n|-damage|p2a: Gholdengo|0 fnt\n|-enditem|p2a: Gholdengo|Air Balloon\n|faint|p2a: Gholdengo\n|\n|upkeep\n|\n|t:|1698777626\n|switch|p2a: Espathra|Espathra, F|100\/100\n|turn|25\n|\n|t:|1698777636\n|move|p1a: Meowscarada|Knock Off|p2a: Espathra\n|-supereffective|p2a: Espathra\n|-damage|p2a: Espathra|0 fnt\n|-enditem|p2a: Espathra|Heavy-Duty Boots|[from] move: Knock Off|[of] p1a: Meowscarada\n|faint|p2a: Espathra\n|\n|win|kinqidiot\n","uploadtime":1698777647,"views":23,"p1id":"kinqidiot","p2id":"mirinku","formatid":"gen9ubers","rating":0,"private":0,"password":""}