{"id":"gen9ubers-1997008789","p1":"Anne Frankkkk","p2":"LunarEkko","format":"[Gen 9] Ubers","log":"|j|\u2606Anne Frankkkk\n|j|\u2606LunarEkko\n|t:|1700755172\n|gametype|singles\n|player|p1|Anne Frankkkk|hilbert|1188\n|player|p2|LunarEkko|170|1443\n|teamsize|p1|6\n|teamsize|p2|6\n|gen|9\n|tier|[Gen 9] Ubers\n|rated|\n|rule|Sleep Clause Mod: Limit one foe put to sleep\n|rule|Species Clause: Limit one of each Pok\u00e9mon\n|rule|OHKO Clause: OHKO moves are banned\n|rule|Evasion Items Clause: Evasion items are banned\n|rule|Evasion Moves Clause: Evasion moves are banned\n|rule|Endless Battle Clause: Forcing endless battles is banned\n|rule|HP Percentage Mod: HP is shown in percentages\n|clearpoke\n|poke|p1|Regieleki|\n|poke|p1|Kyogre|\n|poke|p1|Chien-Pao|\n|poke|p1|Ribombee, M|\n|poke|p1|Miraidon|\n|poke|p1|Flutter Mane|\n|poke|p2|Grimmsnarl, M|\n|poke|p2|Gliscor, M|\n|poke|p2|Miraidon|\n|poke|p2|Sneasler, M|\n|poke|p2|Calyrex-Ice|\n|poke|p2|Zacian-*|\n|teampreview\n|inactive|Battle timer is ON: inactive players will automatically lose when time's up. (requested by Anne Frankkkk)\n|\n|t:|1700755187\n|start\n|switch|p1a: Moonblast|Ribombee, M, shiny|100\/100\n|switch|p2a: Grimmsnarl|Grimmsnarl, M|100\/100\n|turn|1\n|\n|t:|1700755193\n|move|p2a: Grimmsnarl|Taunt|p1a: Moonblast\n|-start|p1a: Moonblast|move: Taunt\n|move|p1a: Moonblast|Moonblast|p2a: Grimmsnarl\n|-supereffective|p2a: Grimmsnarl\n|-damage|p2a: Grimmsnarl|26\/100\n|\n|upkeep\n|turn|2\n|\n|t:|1700755200\n|move|p2a: Grimmsnarl|Light Screen|p2a: Grimmsnarl\n|-sidestart|p2: LunarEkko|move: Light Screen\n|move|p1a: Moonblast|Moonblast|p2a: Grimmsnarl\n|-supereffective|p2a: Grimmsnarl\n|-damage|p2a: Grimmsnarl|0 fnt\n|faint|p2a: Grimmsnarl\n|\n|upkeep\n|\n|t:|1700755203\n|switch|p2a: Zacian|Zacian-Crowned|100\/100\n|-ability|p2a: Zacian|Intrepid Sword|boost\n|-boost|p2a: Zacian|atk|1\n|turn|3\n|\n|t:|1700755209\n|switch|p1a: Bzzzzt|Regieleki, shiny|100\/100\n|move|p2a: Zacian|Play Rough|p1a: Bzzzzt\n|-damage|p1a: Bzzzzt|0 fnt\n|faint|p1a: Bzzzzt\n|\n|upkeep\n|\n|t:|1700755212\n|switch|p1a: Moonblast|Ribombee, M, shiny|100\/100\n|turn|4\n|\n|t:|1700755215\n|move|p2a: Zacian|Behemoth Blade|p1a: Moonblast\n|-supereffective|p1a: Moonblast\n|-enditem|p1a: Moonblast|Focus Sash\n|-damage|p1a: Moonblast|1\/100\n|move|p1a: Moonblast|Stun Spore|p2a: Zacian\n|-status|p2a: Zacian|par\n|\n|upkeep\n|turn|5\n|\n|t:|1700755221\n|move|p1a: Moonblast|Sticky Web|p2a: Zacian\n|-sidestart|p2: LunarEkko|move: Sticky Web\n|move|p2a: Zacian|Behemoth Blade|p1a: Moonblast\n|-supereffective|p1a: Moonblast\n|-crit|p1a: Moonblast\n|-damage|p1a: Moonblast|0 fnt\n|faint|p1a: Moonblast\n|\n|upkeep\n|\n|t:|1700755231\n|switch|p1a: Ice Cat|Chien-Pao|100\/100\n|-ability|p1a: Ice Cat|Sword of Ruin\n|turn|6\n|\n|t:|1700755234\n|move|p1a: Ice Cat|Swords Dance|p1a: Ice Cat\n|-boost|p1a: Ice Cat|atk|2\n|move|p2a: Zacian|Behemoth Blade|p1a: Ice Cat\n|-supereffective|p1a: Ice Cat\n|-enditem|p1a: Ice Cat|Focus Sash\n|-damage|p1a: Ice Cat|1\/100\n|\n|upkeep\n|turn|7\n|\n|t:|1700755239\n|move|p1a: Ice Cat|Sacred Sword|p2a: Zacian\n|-damage|p2a: Zacian|26\/100 par\n|cant|p2a: Zacian|par\n|\n|upkeep\n|turn|8\n|\n|t:|1700755242\n|move|p1a: Ice Cat|Sacred Sword|p2a: Zacian\n|-damage|p2a: Zacian|0 fnt\n|faint|p2a: Zacian\n|\n|upkeep\n|\n|t:|1700755267\n|switch|p2a: Miraidon|Miraidon|100\/100\n|-activate|p2a: Miraidon|move: Sticky Web\n|-unboost|p2a: Miraidon|spe|1\n|-fieldstart|move: Electric Terrain|[from] ability: Hadron Engine|[of] p2a: Miraidon\n|-enditem|p2a: Miraidon|Electric Seed\n|-boost|p2a: Miraidon|def|1|[from] item: Electric Seed\n|turn|9\n|\n|t:|1700755273\n|move|p1a: Ice Cat|Ice Spinner|p2a: Miraidon\n|-supereffective|p2a: Miraidon\n|-damage|p2a: Miraidon|0 fnt\n|-fieldend|move: Electric Terrain\n|faint|p2a: Miraidon\n|\n|-sideend|p2: LunarEkko|move: Light Screen\n|upkeep\n|\n|t:|1700755280\n|switch|p2a: Calyrex|Calyrex-Ice|100\/100\n|-ability|p2a: Calyrex|As One\n|-ability|p2a: Calyrex|Unnerve\n|turn|10\n|\n|t:|1700755285\n|-terastallize|p2a: Calyrex|Fire\n|move|p1a: Ice Cat|Sucker Punch||[still]\n|-fail|p1a: Ice Cat\n|move|p2a: Calyrex|Trick Room|p2a: Calyrex\n|-fieldstart|move: Trick Room|[of] p2a: Calyrex\n|\n|upkeep\n|turn|11\n|\n|t:|1700755290\n|move|p1a: Ice Cat|Sucker Punch|p2a: Calyrex\n|-damage|p2a: Calyrex|37\/100\n|move|p2a: Calyrex|Glacial Lance|p1a: Ice Cat\n|-resisted|p1a: Ice Cat\n|-damage|p1a: Ice Cat|0 fnt\n|faint|p1a: Ice Cat\n|-ability|p2a: Calyrex|Chilling Neigh|boost\n|-boost|p2a: Calyrex|atk|1\n|\n|upkeep\n|\n|t:|1700755298\n|switch|p1a: Cyber Lizard|Miraidon|100\/100\n|-fieldstart|move: Electric Terrain|[from] ability: Hadron Engine|[of] p1a: Cyber Lizard\n|-item|p1a: Cyber Lizard|Air Balloon\n|turn|12\n|\n|t:|1700755301\n|move|p1a: Cyber Lizard|Protect|p1a: Cyber Lizard\n|-singleturn|p1a: Cyber Lizard|Protect\n|move|p2a: Calyrex|Glacial Lance|p1a: Cyber Lizard\n|-activate|p1a: Cyber Lizard|move: Protect\n|\n|upkeep\n|turn|13\n|\n|t:|1700755309\n|move|p1a: Cyber Lizard|Protect||[still]\n|-fail|p1a: Cyber Lizard\n|move|p2a: Calyrex|High Horsepower|p1a: Cyber Lizard\n|-immune|p1a: Cyber Lizard\n|\n|upkeep\n|turn|14\n|\n|t:|1700755321\n|move|p1a: Cyber Lizard|Protect|p1a: Cyber Lizard\n|-singleturn|p1a: Cyber Lizard|Protect\n|move|p2a: Calyrex|Glacial Lance|p1a: Cyber Lizard\n|-activate|p1a: Cyber Lizard|move: Protect\n|\n|-fieldend|move: Trick Room\n|upkeep\n|turn|15\n|\n|t:|1700755326\n|move|p1a: Cyber Lizard|Electro Drift|p2a: Calyrex\n|-damage|p2a: Calyrex|0 fnt\n|faint|p2a: Calyrex\n|\n|upkeep\n|\n|t:|1700755328\n|switch|p2a: Gliscor|Gliscor, M|100\/100\n|turn|16\n|\n|t:|1700755331\n|move|p2a: Gliscor|Protect|p2a: Gliscor\n|-singleturn|p2a: Gliscor|Protect\n|move|p1a: Cyber Lizard|Calm Mind|p1a: Cyber Lizard\n|-boost|p1a: Cyber Lizard|spa|1\n|-boost|p1a: Cyber Lizard|spd|1\n|\n|-fieldend|move: Electric Terrain\n|-status|p2a: Gliscor|tox|[from] item: Toxic Orb\n|upkeep\n|turn|17\n|\n|t:|1700755335\n|move|p1a: Cyber Lizard|Calm Mind|p1a: Cyber Lizard\n|-boost|p1a: Cyber Lizard|spa|1\n|-boost|p1a: Cyber Lizard|spd|1\n|move|p2a: Gliscor|Earthquake|p1a: Cyber Lizard\n|-immune|p1a: Cyber Lizard\n|\n|upkeep\n|turn|18\n|\n|t:|1700755340\n|move|p1a: Cyber Lizard|Dragon Pulse|p2a: Gliscor\n|-damage|p2a: Gliscor|0 fnt\n|faint|p2a: Gliscor\n|\n|upkeep\n|-message|LunarEkko forfeited.\n|\n|win|Anne Frankkkk\n|raw|Anne Frankkkk's rating: 1188 &rarr; <strong>1229<\/strong><br \/>(+41 for winning)\n|raw|LunarEkko's rating: 1443 &rarr; <strong>1410<\/strong><br \/>(-33 for losing)\n|l|\u2606LunarEkko\n","uploadtime":1700755346,"views":0,"p1id":"annefrankkkk","p2id":"lunarekko","formatid":"gen9ubers","rating":1229,"private":0,"password":""}