{"id":"gen9ubers-1973832909","p1":"GratedsShtickface","p2":"ItsmeBlankKnight","format":"[Gen 9] Ubers","log":"|j|\u2606GratedsShtickface\n|j|\u2606ItsmeBlankKnight\n|t:|1698018469\n|gametype|singles\n|player|p1|GratedsShtickface|hiker-gen4|\n|player|p2|ItsmeBlankKnight|larry|\n|teamsize|p1|6\n|teamsize|p2|6\n|gen|9\n|tier|[Gen 9] Ubers\n|rule|Sleep Clause Mod: Limit one foe put to sleep\n|rule|Species Clause: Limit one of each Pok\u00e9mon\n|rule|OHKO Clause: OHKO moves are banned\n|rule|Evasion Items Clause: Evasion items are banned\n|rule|Evasion Moves Clause: Evasion moves are banned\n|rule|Endless Battle Clause: Forcing endless battles is banned\n|rule|HP Percentage Mod: HP is shown in percentages\n|clearpoke\n|poke|p1|Meowscarada, M|\n|poke|p1|Dugtrio, M|\n|poke|p1|Gholdengo|\n|poke|p1|Zacian-*|\n|poke|p1|Palkia-Origin|\n|poke|p1|Arceus-Fire|\n|poke|p2|Chi-Yu|\n|poke|p2|Palafin, M|\n|poke|p2|Spectrier|\n|poke|p2|Zacian-*|\n|poke|p2|Arceus-Poison|\n|poke|p2|Masquerain, M|\n|teampreview\n|inactive|Battle timer is ON: inactive players will automatically lose when time's up. (requested by GratedsShtickface)\n|inactive|ItsmeBlankKnight also wants the timer to be on.\n|c|\u2606ItsmeBlankKnight|glhf\n|c|\u2606GratedsShtickface|this is game 2\n|c|\u2606ItsmeBlankKnight|si\n|c|\u2606GratedsShtickface|glhf\n|\n|t:|1698018478\n|start\n|switch|p1a: Hempurr|Meowscarada, M|100\/100\n|switch|p2a: Masquerain|Masquerain, M|100\/100\n|-ability|p2a: Masquerain|Intimidate|boost\n|-unboost|p1a: Hempurr|atk|1\n|turn|1\n|j| imperialorder241\n|\n|t:|1698018487\n|move|p1a: Hempurr|Taunt|p2a: Masquerain\n|-start|p2a: Masquerain|move: Taunt\n|cant|p2a: Masquerain|move: Taunt|Sticky Web\n|\n|upkeep\n|turn|2\n|\n|t:|1698018490\n|move|p1a: Hempurr|Spikes|p2a: Masquerain\n|-sidestart|p2: ItsmeBlankKnight|Spikes\n|move|p2a: Masquerain|U-turn|p1a: Hempurr\n|-supereffective|p1a: Hempurr\n|-enditem|p1a: Hempurr|Focus Sash\n|-damage|p1a: Hempurr|1\/100\n|\n|t:|1698018497\n|switch|p2a: Palafin|Palafin, M|100\/100|[from] U-turn\n|-damage|p2a: Palafin|88\/100|[from] Spikes\n|\n|upkeep\n|turn|3\n|c| imperialorder241|can i post the link for y'all\n|\n|t:|1698018504\n|switch|p1a: Space Honse|Palkia-Origin|100\/100\n|-ability|p1a: Space Honse|Pressure\n|move|p2a: Palafin|Jet Punch|p1a: Space Honse\n|-resisted|p1a: Space Honse\n|-damage|p1a: Space Honse|93\/100\n|-damage|p2a: Palafin|78\/100|[from] item: Life Orb\n|\n|upkeep\n|turn|4\n|j| fwuffypetsowo\n|c|\u2606ItsmeBlankKnight|sure\n|\n|t:|1698018517\n|detailschange|p2a: Palafin|Palafin-Hero, M\n|switch|p2a: Masquerain|Masquerain, M|100\/100\n|-ability|p2a: Masquerain|Intimidate|boost\n|-unboost|p1a: Space Honse|atk|1\n|move|p1a: Space Honse|Substitute|p1a: Space Honse\n|-start|p1a: Space Honse|Substitute\n|-damage|p1a: Space Honse|68\/100\n|\n|upkeep\n|turn|5\n|j| uubers account\n|\n|t:|1698018538\n|switch|p2a: Arceus|Arceus-Poison|100\/100\n|-damage|p2a: Arceus|88\/100|[from] Spikes\n|move|p1a: Space Honse|Spacial Rend|p2a: Arceus\n|-damage|p2a: Arceus|41\/100\n|\n|upkeep\n|turn|6\n|j| vespyyy\n|j| dunsam\n|\n|t:|1698018545\n|move|p1a: Space Honse|Earth Power|p2a: Arceus\n|-supereffective|p2a: Arceus\n|-damage|p2a: Arceus|0 fnt\n|faint|p2a: Arceus\n|\n|upkeep\n|\n|t:|1698018548\n|switch|p2a: Zacian|Zacian|100\/100\n|-damage|p2a: Zacian|88\/100|[from] Spikes\n|-ability|p2a: Zacian|Intrepid Sword|boost\n|-boost|p2a: Zacian|atk|1\n|turn|7\n|\n|t:|1698018554\n|move|p2a: Zacian|Play Rough|p1a: Space Honse|[miss]\n|-miss|p2a: Zacian|p1a: Space Honse\n|move|p1a: Space Honse|Hydro Pump|p2a: Zacian\n|-damage|p2a: Zacian|14\/100\n|\n|-heal|p2a: Zacian|20\/100|[from] item: Leftovers\n|upkeep\n|turn|8\n|c|\u2606GratedsShtickface|oof\n|\n|t:|1698018562\n|move|p2a: Zacian|Play Rough|p1a: Space Honse\n|-supereffective|p1a: Space Honse\n|-end|p1a: Space Honse|Substitute\n|move|p1a: Space Honse|Earth Power|p2a: Zacian\n|-damage|p2a: Zacian|0 fnt\n|faint|p2a: Zacian\n|\n|upkeep\n|\n|t:|1698018567\n|switch|p2a: Spectrier|Spectrier|100\/100\n|-damage|p2a: Spectrier|88\/100|[from] Spikes\n|turn|9\n|\n|t:|1698018578\n|move|p2a: Spectrier|Draining Kiss|p1a: Space Honse\n|-supereffective|p1a: Space Honse\n|-damage|p1a: Space Honse|14\/100\n|-heal|p2a: Spectrier|100\/100|[from] drain|[of] p1a: Space Honse\n|move|p1a: Space Honse|Spacial Rend|p2a: Spectrier\n|-crit|p2a: Spectrier\n|-damage|p2a: Spectrier|0 fnt\n|faint|p2a: Spectrier\n|\n|upkeep\n|c| uubers account|crit too\n|\n|t:|1698018590\n|switch|p2a: Masquerain|Masquerain, M|100\/100\n|-ability|p2a: Masquerain|Intimidate|boost\n|-unboost|p1a: Space Honse|atk|1\n|turn|10\n|j| PinkScourge\n|\n|t:|1698018619\n|move|p1a: Space Honse|Spacial Rend|p2a: Masquerain\n|-damage|p2a: Masquerain|18\/100\n|move|p2a: Masquerain|Sticky Web|p1a: Space Honse\n|-sidestart|p1: GratedsShtickface|move: Sticky Web\n|\n|upkeep\n|turn|11\n|\n|t:|1698018625\n|move|p1a: Space Honse|Spacial Rend|p2a: Masquerain\n|-damage|p2a: Masquerain|0 fnt\n|faint|p2a: Masquerain\n|\n|upkeep\n|\n|t:|1698018632\n|switch|p2a: Palafin|Palafin-Hero, M|78\/100\n|-damage|p2a: Palafin|66\/100|[from] Spikes\n|-activate|p2a: Palafin|ability: Zero to Hero\n|turn|12\n|\n|t:|1698018648\n|-terastallize|p2a: Palafin|Water\n|move|p2a: Palafin|Jet Punch|p1a: Space Honse\n|-resisted|p1a: Space Honse\n|-damage|p1a: Space Honse|0 fnt\n|faint|p1a: Space Honse\n|-damage|p2a: Palafin|56\/100|[from] item: Life Orb\n|\n|upkeep\n|\n|t:|1698018654\n|switch|p1a: Jimothy|Gholdengo|100\/100\n|-item|p1a: Jimothy|Air Balloon\n|turn|13\n|\n|t:|1698018668\n|switch|p2a: Chi-Yu|Chi-Yu|100\/100\n|-damage|p2a: Chi-Yu|88\/100|[from] Spikes\n|-ability|p2a: Chi-Yu|Beads of Ruin\n|move|p1a: Jimothy|Shadow Ball|p2a: Chi-Yu\n|-resisted|p2a: Chi-Yu\n|-damage|p2a: Chi-Yu|67\/100\n|\n|upkeep\n|turn|14\n|\n|t:|1698018678\n|switch|p1a: Hempurr|Meowscarada, M|1\/100\n|-activate|p1a: Hempurr|move: Sticky Web\n|-unboost|p1a: Hempurr|spe|1\n|move|p2a: Chi-Yu|Flamethrower|p1a: Hempurr\n|-supereffective|p1a: Hempurr\n|-damage|p1a: Hempurr|0 fnt\n|faint|p1a: Hempurr\n|\n|upkeep\n|\n|t:|1698018681\n|switch|p1a: Dug Diggadone|Dugtrio, M|100\/100\n|-activate|p1a: Dug Diggadone|move: Sticky Web\n|-unboost|p1a: Dug Diggadone|spe|1\n|turn|15\n|\n|t:|1698018684\n|move|p2a: Chi-Yu|Flamethrower|p1a: Dug Diggadone\n|-damage|p1a: Dug Diggadone|0 fnt\n|faint|p1a: Dug Diggadone\n|\n|upkeep\n|\n|t:|1698018688\n|switch|p1a: Ar\u0441eus-Fighting|Arceus-Fire|100\/100\n|-activate|p1a: Ar\u0441eus-Fighting|move: Sticky Web\n|-unboost|p1a: Ar\u0441eus-Fighting|spe|1\n|turn|16\n|\n|t:|1698018694\n|move|p2a: Chi-Yu|Flamethrower|p1a: Ar\u0441eus-Fighting\n|-resisted|p1a: Ar\u0441eus-Fighting\n|-damage|p1a: Ar\u0441eus-Fighting|57\/100\n|move|p1a: Ar\u0441eus-Fighting|Earthquake|p2a: Chi-Yu\n|-supereffective|p2a: Chi-Yu\n|-damage|p2a: Chi-Yu|0 fnt\n|faint|p2a: Chi-Yu\n|\n|upkeep\n|\n|t:|1698018697\n|switch|p2a: Palafin|Palafin-Hero, M, tera:Water|56\/100\n|-damage|p2a: Palafin|44\/100|[from] Spikes\n|turn|17\n|\n|t:|1698018705\n|move|p2a: Palafin|Jet Punch|p1a: Ar\u0441eus-Fighting\n|-supereffective|p1a: Ar\u0441eus-Fighting\n|-damage|p1a: Ar\u0441eus-Fighting|0 fnt\n|faint|p1a: Ar\u0441eus-Fighting\n|-damage|p2a: Palafin|34\/100|[from] item: Life Orb\n|\n|upkeep\n|\n|t:|1698018715\n|switch|p1a: Sif|Zacian|100\/100\n|-ability|p1a: Sif|Intrepid Sword|boost\n|-boost|p1a: Sif|atk|1\n|turn|18\n|c| uubers account|gg\n|c|\u2606GratedsShtickface|gg\n|\n|t:|1698018720\n|move|p2a: Palafin|Jet Punch|p1a: Sif\n|-damage|p1a: Sif|27\/100\n|-damage|p2a: Palafin|24\/100|[from] item: Life Orb\n|move|p1a: Sif|Close Combat|p2a: Palafin\n|-damage|p2a: Palafin|0 fnt\n|-unboost|p1a: Sif|def|1\n|-unboost|p1a: Sif|spd|1\n|faint|p2a: Palafin\n|\n|win|GratedsShtickface\n|l|\u2606ItsmeBlankKnight\n|c| imperialorder241|onto g3\n|l| PinkScourge\n|l| imperialorder241\n|l|\u2606GratedsShtickface\n|j|\u2606GratedsShtickface\n|player|p1|GratedsShtickface|hiker-gen4\n|l|\u2606GratedsShtickface\n|player|p1|\n|j|\u2606ItsmeBlankKnight\n|player|p2|ItsmeBlankKnight|larry\n|l|\u2606ItsmeBlankKnight\n|player|p2|\n|j|\u2606ItsmeBlankKnight\n|player|p2|ItsmeBlankKnight|larry\n|l|\u2606ItsmeBlankKnight\n|player|p2|\n","uploadtime":1698019086,"views":53,"p1id":"gratedsshtickface","p2id":"itsmeblankknight","formatid":"gen9ubers","rating":0,"private":0,"password":""}