{"id":"gen9ubers-1982673735","p1":"Supraxd","p2":"Thetree333","format":"[Gen 9] Ubers","log":"|j|\u2606Supraxd\n|j|\u2606Thetree333\n|t:|1699034710\n|gametype|singles\n|player|p1|Supraxd|steven|1097\n|player|p2|Thetree333|brycenman|1078\n|teamsize|p1|6\n|teamsize|p2|6\n|gen|9\n|tier|[Gen 9] Ubers\n|rated|\n|rule|Sleep Clause Mod: Limit one foe put to sleep\n|rule|Species Clause: Limit one of each Pok\u00e9mon\n|rule|OHKO Clause: OHKO moves are banned\n|rule|Evasion Items Clause: Evasion items are banned\n|rule|Evasion Moves Clause: Evasion moves are banned\n|rule|Endless Battle Clause: Forcing endless battles is banned\n|rule|HP Percentage Mod: HP is shown in percentages\n|clearpoke\n|poke|p1|Scyther, M|\n|poke|p1|Lokix, F|\n|poke|p1|Ribombee, F|\n|poke|p1|Kleavor, F|\n|poke|p1|Volcarona, M|\n|poke|p1|Slither Wing|\n|poke|p2|Kyogre|\n|poke|p2|Ursaluna-Bloodmoon, M|\n|poke|p2|Mewtwo|\n|poke|p2|Calyrex-Ice|\n|poke|p2|Miraidon|\n|poke|p2|Landorus-Therian, M|\n|teampreview\n|\n|t:|1699034730\n|start\n|switch|p1a: Ribombee|Ribombee, F|100\/100\n|switch|p2a: Miraidon|Miraidon|100\/100\n|-fieldstart|move: Electric Terrain|[from] ability: Hadron Engine|[of] p2a: Miraidon\n|turn|1\n|l|\u2606Supraxd\n|player|p1|\n|inactive|Battle timer is ON: inactive players will automatically lose when time's up. (requested by Thetree333)\n|inactive|Supraxd has 30 seconds to reconnect!\n|inactive|Supraxd has 20 seconds to reconnect!\n|inactive|Supraxd has 15 seconds to reconnect!\n|inactive|Supraxd has 10 seconds to reconnect!\n|inactive|Supraxd has 5 seconds to reconnect!\n|j|\u2606Supraxd\n|inactive|Supraxd reconnected and has 95 seconds left.\n|player|p1|Supraxd|steven\n|inactive|Supraxd has 90 seconds left.\n|\n|t:|1699034833\n|move|p2a: Miraidon|Flash Cannon|p1a: Ribombee\n|-supereffective|p1a: Ribombee\n|-enditem|p1a: Ribombee|Focus Sash\n|-damage|p1a: Ribombee|1\/100\n|move|p1a: Ribombee|Sticky Web|p2a: Miraidon\n|-sidestart|p2: Thetree333|move: Sticky Web\n|\n|upkeep\n|turn|2\n|\n|t:|1699034841\n|move|p2a: Miraidon|Flash Cannon|p1a: Ribombee\n|-supereffective|p1a: Ribombee\n|-damage|p1a: Ribombee|0 fnt\n|faint|p1a: Ribombee\n|\n|upkeep\n|\n|t:|1699034867\n|switch|p1a: Kleavor|Kleavor, F|100\/100\n|turn|3\n|\n|t:|1699034872\n|move|p2a: Miraidon|Flash Cannon|p1a: Kleavor\n|-supereffective|p1a: Kleavor\n|-enditem|p1a: Kleavor|Focus Sash\n|-damage|p1a: Kleavor|1\/100\n|move|p1a: Kleavor|Trailblaze|p2a: Miraidon\n|-resisted|p2a: Miraidon\n|-damage|p2a: Miraidon|92\/100\n|-boost|p1a: Kleavor|spe|1\n|\n|upkeep\n|turn|4\n|\n|t:|1699034886\n|move|p1a: Kleavor|Stone Axe|p2a: Miraidon\n|-crit|p2a: Miraidon\n|-damage|p2a: Miraidon|10\/100\n|-sidestart|p2: Thetree333|move: Stealth Rock\n|move|p2a: Miraidon|Flash Cannon|p1a: Kleavor\n|-supereffective|p1a: Kleavor\n|-damage|p1a: Kleavor|0 fnt\n|faint|p1a: Kleavor\n|\n|upkeep\n|\n|t:|1699034910\n|switch|p1a: Lokix|Lokix, F|100\/100\n|turn|5\n|\n|t:|1699034914\n|move|p1a: Lokix|First Impression|p2a: Miraidon\n|-damage|p2a: Miraidon|0 fnt\n|faint|p2a: Miraidon\n|\n|-fieldend|move: Electric Terrain\n|upkeep\n|\n|t:|1699034921\n|switch|p2a: Landorus|Landorus-Therian, M|100\/100\n|-damage|p2a: Landorus|88\/100|[from] Stealth Rock\n|-ability|p2a: Landorus|Intimidate|boost\n|-unboost|p1a: Lokix|atk|1\n|turn|6\n|\n|t:|1699034934\n|move|p1a: Lokix|U-turn|p2a: Landorus\n|-resisted|p2a: Landorus\n|-damage|p2a: Landorus|58\/100\n|\n|t:|1699034936\n|switch|p1a: Scyther|Scyther, M|100\/100|[from] U-turn\n|move|p2a: Landorus|Stone Edge|p1a: Scyther\n|-supereffective|p1a: Scyther\n|-crit|p1a: Scyther\n|-damage|p1a: Scyther|0 fnt\n|faint|p1a: Scyther\n|\n|upkeep\n|\n|t:|1699034943\n|switch|p1a: Lokix|Lokix, F|100\/100\n|turn|7\n|\n|t:|1699034954\n|move|p1a: Lokix|First Impression|p2a: Landorus\n|-resisted|p2a: Landorus\n|-damage|p2a: Landorus|0 fnt\n|faint|p2a: Landorus\n|\n|upkeep\n|\n|t:|1699034971\n|switch|p2a: Calyrex|Calyrex-Ice|100\/100\n|-ability|p2a: Calyrex|As One\n|-ability|p2a: Calyrex|Unnerve\n|-activate|p2a: Calyrex|move: Sticky Web\n|-unboost|p2a: Calyrex|spe|1\n|-damage|p2a: Calyrex|76\/100|[from] Stealth Rock\n|turn|8\n|\n|t:|1699034977\n|move|p1a: Lokix|U-turn|p2a: Calyrex\n|-supereffective|p2a: Calyrex\n|-damage|p2a: Calyrex|31\/100\n|\n|t:|1699034983\n|switch|p1a: Slither Wing|Slither Wing|100\/100|[from] U-turn\n|-enditem|p1a: Slither Wing|Booster Energy\n|-activate|p1a: Slither Wing|ability: Protosynthesis|[fromitem]\n|-start|p1a: Slither Wing|protosynthesisatk\n|move|p2a: Calyrex|Glacial Lance|p1a: Slither Wing\n|-damage|p1a: Slither Wing|0 fnt\n|faint|p1a: Slither Wing\n|-end|p1a: Slither Wing|Protosynthesis|[silent]\n|-ability|p2a: Calyrex|Chilling Neigh|boost\n|-boost|p2a: Calyrex|atk|1\n|\n|upkeep\n|\n|t:|1699034985\n|switch|p1a: Lokix|Lokix, F|100\/100\n|turn|9\n|\n|t:|1699034998\n|move|p1a: Lokix|First Impression|p2a: Calyrex\n|-supereffective|p2a: Calyrex\n|-damage|p2a: Calyrex|0 fnt\n|faint|p2a: Calyrex\n|\n|upkeep\n|\n|t:|1699035004\n|switch|p2a: Ursaluna|Ursaluna-Bloodmoon, M|100\/100\n|-activate|p2a: Ursaluna|move: Sticky Web\n|-unboost|p2a: Ursaluna|spe|1\n|-damage|p2a: Ursaluna|94\/100|[from] Stealth Rock\n|turn|10\n|\n|t:|1699035011\n|move|p1a: Lokix|Axe Kick|p2a: Ursaluna\n|-supereffective|p2a: Ursaluna\n|-damage|p2a: Ursaluna|44\/100\n|move|p2a: Ursaluna|Blood Moon|p1a: Lokix\n|-damage|p1a: Lokix|0 fnt\n|faint|p1a: Lokix\n|\n|-heal|p2a: Ursaluna|50\/100|[from] item: Leftovers\n|upkeep\n|\n|t:|1699035015\n|switch|p1a: Volcarona|Volcarona, M|100\/100\n|turn|11\n|\n|t:|1699035020\n|-terastallize|p1a: Volcarona|Grass\n|move|p1a: Volcarona|Quiver Dance|p1a: Volcarona\n|-boost|p1a: Volcarona|spa|1\n|-boost|p1a: Volcarona|spd|1\n|-boost|p1a: Volcarona|spe|1\n|move|p2a: Ursaluna|Earth Power|p1a: Volcarona\n|-resisted|p1a: Volcarona\n|-damage|p1a: Volcarona|83\/100\n|\n|-heal|p2a: Ursaluna|56\/100|[from] item: Leftovers\n|upkeep\n|turn|12\n|\n|t:|1699035027\n|move|p1a: Volcarona|Giga Drain|p2a: Ursaluna\n|-supereffective|p2a: Ursaluna\n|-damage|p2a: Ursaluna|0 fnt\n|-heal|p1a: Volcarona|100\/100|[from] drain|[of] p2a: Ursaluna\n|faint|p2a: Ursaluna\n|\n|upkeep\n|\n|t:|1699035036\n|switch|p2a: Mewtwo|Mewtwo|100\/100\n|-ability|p2a: Mewtwo|Unnerve\n|-activate|p2a: Mewtwo|move: Sticky Web\n|-unboost|p2a: Mewtwo|spe|1\n|-damage|p2a: Mewtwo|88\/100|[from] Stealth Rock\n|turn|13\n|\n|t:|1699035042\n|move|p1a: Volcarona|Bug Buzz|p2a: Mewtwo\n|-supereffective|p2a: Mewtwo\n|-damage|p2a: Mewtwo|0 fnt\n|faint|p2a: Mewtwo\n|\n|upkeep\n|\n|t:|1699035045\n|switch|p2a: Kyogre|Kyogre|100\/100\n|-activate|p2a: Kyogre|move: Sticky Web\n|-unboost|p2a: Kyogre|spe|1\n|-damage|p2a: Kyogre|88\/100|[from] Stealth Rock\n|-weather|RainDance|[from] ability: Drizzle|[of] p2a: Kyogre\n|turn|14\n|\n|t:|1699035051\n|-terastallize|p2a: Kyogre|Water\n|move|p1a: Volcarona|Giga Drain|p2a: Kyogre\n|-supereffective|p2a: Kyogre\n|-damage|p2a: Kyogre|0 fnt\n|faint|p2a: Kyogre\n|\n|win|Supraxd\n|raw|Supraxd's rating: 1097 &rarr; <strong>1124<\/strong><br \/>(+27 for winning)\n|raw|Thetree333's rating: 1112 &rarr; <strong>1086<\/strong><br \/>(-26 for losing)\n|l|\u2606Thetree333\n","uploadtime":1699035060,"views":6,"p1id":"supraxd","p2id":"thetree333","formatid":"gen9ubers","rating":1086,"private":0,"password":""}