{"id":"gen9ubers-1974559907","p1":"OcTrSx","p2":"aDestructive","format":"[Gen 9] Ubers","log":"|j|\u2606OcTrSx\n|j|\u2606aDestructive\n|t:|1698097355\n|gametype|singles\n|player|p1|OcTrSx|n|1053\n|player|p2|aDestructive|unknownf|1088\n|teamsize|p1|6\n|teamsize|p2|6\n|gen|9\n|tier|[Gen 9] Ubers\n|rated|\n|rule|Sleep Clause Mod: Limit one foe put to sleep\n|rule|Species Clause: Limit one of each Pok\u00e9mon\n|rule|OHKO Clause: OHKO moves are banned\n|rule|Evasion Items Clause: Evasion items are banned\n|rule|Evasion Moves Clause: Evasion moves are banned\n|rule|Endless Battle Clause: Forcing endless battles is banned\n|rule|HP Percentage Mod: HP is shown in percentages\n|clearpoke\n|poke|p1|Breloom, F|\n|poke|p1|Gyarados, M|\n|poke|p1|Groudon|\n|poke|p1|Chandelure, M|\n|poke|p1|Blissey, F|\n|poke|p1|Salamence, F|\n|poke|p2|Koraidon|\n|poke|p2|Iron Moth|\n|poke|p2|Brute Bonnet|\n|poke|p2|Landorus, M|\n|poke|p2|Annihilape, F|\n|poke|p2|Ribombee, F|\n|teampreview\n|\n|t:|1698097364\n|start\n|switch|p1a: Breloom|Breloom, F, shiny|100\/100\n|switch|p2a: Brute Bonnet|Brute Bonnet|100\/100\n|turn|1\n|\n|t:|1698097377\n|move|p2a: Brute Bonnet|Clear Smog|p1a: Breloom\n|-supereffective|p1a: Breloom\n|-damage|p1a: Breloom|65\/100\n|-clearboost|p1a: Breloom\n|move|p1a: Breloom|Spore|p2a: Brute Bonnet\n|-immune|p2a: Brute Bonnet\n|\n|-heal|p1a: Breloom|71\/100|[from] item: Leftovers\n|upkeep\n|turn|2\n|\n|t:|1698097388\n|move|p2a: Brute Bonnet|Clear Smog|p1a: Breloom\n|-supereffective|p1a: Breloom\n|-damage|p1a: Breloom|38\/100\n|-clearboost|p1a: Breloom\n|move|p1a: Breloom|Leech Seed|p2a: Brute Bonnet\n|-immune|p2a: Brute Bonnet\n|\n|-heal|p1a: Breloom|44\/100|[from] item: Leftovers\n|upkeep\n|turn|3\n|\n|t:|1698097403\n|switch|p1a: Gyarados|Gyarados, M, shiny|100\/100\n|-ability|p1a: Gyarados|Intimidate|boost\n|-unboost|p2a: Brute Bonnet|atk|1\n|move|p2a: Brute Bonnet|Clear Smog|p1a: Gyarados\n|-damage|p1a: Gyarados|89\/100\n|-clearboost|p1a: Gyarados\n|\n|upkeep\n|turn|4\n|\n|t:|1698097413\n|move|p1a: Gyarados|Dragon Dance|p1a: Gyarados\n|-boost|p1a: Gyarados|atk|1\n|-boost|p1a: Gyarados|spe|1\n|move|p2a: Brute Bonnet|Spore|p1a: Gyarados\n|-status|p1a: Gyarados|slp|[from] move: Spore\n|\n|upkeep\n|turn|5\n|\n|t:|1698097427\n|switch|p1a: Groudon|Groudon|100\/100\n|-weather|SunnyDay|[from] ability: Drought|[of] p1a: Groudon\n|-activate|p2a: Brute Bonnet|ability: Protosynthesis\n|-start|p2a: Brute Bonnet|protosynthesisspd\n|move|p2a: Brute Bonnet|Clear Smog|p1a: Groudon\n|-resisted|p1a: Groudon\n|-damage|p1a: Groudon|97\/100\n|-clearboost|p1a: Groudon\n|\n|-weather|SunnyDay|[upkeep]\n|upkeep\n|turn|6\n|\n|t:|1698097441\n|move|p2a: Brute Bonnet|Energy Ball|p1a: Groudon\n|-supereffective|p1a: Groudon\n|-damage|p1a: Groudon|53\/100\n|move|p1a: Groudon|Overheat|p2a: Brute Bonnet|[miss]\n|-miss|p1a: Groudon|p2a: Brute Bonnet\n|\n|-weather|SunnyDay|[upkeep]\n|upkeep\n|turn|7\n|\n|t:|1698097452\n|move|p2a: Brute Bonnet|Energy Ball|p1a: Groudon\n|-supereffective|p1a: Groudon\n|-damage|p1a: Groudon|7\/100\n|move|p1a: Groudon|Overheat|p2a: Brute Bonnet\n|-supereffective|p2a: Brute Bonnet\n|-damage|p2a: Brute Bonnet|49\/100\n|-unboost|p1a: Groudon|spa|2\n|\n|-weather|SunnyDay|[upkeep]\n|upkeep\n|turn|8\n|\n|t:|1698097466\n|-terastallize|p1a: Groudon|Ground\n|move|p2a: Brute Bonnet|Energy Ball|p1a: Groudon\n|-supereffective|p1a: Groudon\n|-damage|p1a: Groudon|0 fnt\n|faint|p1a: Groudon\n|\n|-weather|SunnyDay|[upkeep]\n|upkeep\n|\n|t:|1698097476\n|switch|p1a: Breloom|Breloom, F, shiny|44\/100\n|turn|9\n|\n|t:|1698097490\n|move|p2a: Brute Bonnet|Clear Smog|p1a: Breloom\n|-supereffective|p1a: Breloom\n|-damage|p1a: Breloom|8\/100\n|-clearboost|p1a: Breloom\n|move|p1a: Breloom|Body Slam|p2a: Brute Bonnet\n|-damage|p2a: Brute Bonnet|25\/100\n|-enditem|p2a: Brute Bonnet|Wiki Berry|[eat]\n|-heal|p2a: Brute Bonnet|59\/100|[from] item: Wiki Berry\n|\n|-weather|none\n|-end|p2a: Brute Bonnet|Protosynthesis\n|-heal|p1a: Breloom|14\/100|[from] item: Leftovers\n|upkeep\n|turn|10\n|\n|t:|1698097507\n|switch|p1a: Chandelure|Chandelure, M, shiny|100\/100\n|move|p2a: Brute Bonnet|Clear Smog|p1a: Chandelure\n|-resisted|p1a: Chandelure\n|-damage|p1a: Chandelure|93\/100\n|-clearboost|p1a: Chandelure\n|\n|-heal|p1a: Chandelure|99\/100|[from] item: Leftovers\n|upkeep\n|turn|11\n|\n|t:|1698097519\n|-end|p2a: Brute Bonnet|Protosynthesis|[silent]\n|switch|p2a: Ribombee|Ribombee, F|100\/100\n|move|p1a: Chandelure|Substitute|p1a: Chandelure\n|-start|p1a: Chandelure|Substitute\n|-damage|p1a: Chandelure|74\/100\n|\n|-heal|p1a: Chandelure|80\/100|[from] item: Leftovers\n|upkeep\n|turn|12\n|\n|t:|1698097529\n|move|p2a: Ribombee|Sticky Web|p1a: Chandelure\n|-sidestart|p1: OcTrSx|move: Sticky Web\n|move|p1a: Chandelure|Calm Mind|p1a: Chandelure\n|-boost|p1a: Chandelure|spa|1\n|-boost|p1a: Chandelure|spd|1\n|\n|-heal|p1a: Chandelure|86\/100|[from] item: Leftovers\n|upkeep\n|turn|13\n|\n|t:|1698097538\n|move|p2a: Ribombee|Moonblast|p1a: Chandelure\n|-resisted|p1a: Chandelure\n|-activate|p1a: Chandelure|move: Substitute|[damage]\n|move|p1a: Chandelure|Calm Mind|p1a: Chandelure\n|-boost|p1a: Chandelure|spa|1\n|-boost|p1a: Chandelure|spd|1\n|\n|-heal|p1a: Chandelure|92\/100|[from] item: Leftovers\n|upkeep\n|turn|14\n|\n|t:|1698097548\n|move|p2a: Ribombee|Psychic|p1a: Chandelure\n|-end|p1a: Chandelure|Substitute\n|move|p1a: Chandelure|Calm Mind|p1a: Chandelure\n|-boost|p1a: Chandelure|spa|1\n|-boost|p1a: Chandelure|spd|1\n|\n|-heal|p1a: Chandelure|99\/100|[from] item: Leftovers\n|upkeep\n|turn|15\n|\n|t:|1698097561\n|move|p2a: Ribombee|Stun Spore|p1a: Chandelure\n|-status|p1a: Chandelure|par\n|move|p1a: Chandelure|Flamethrower|p2a: Ribombee\n|-supereffective|p2a: Ribombee\n|-enditem|p2a: Ribombee|Focus Sash\n|-damage|p2a: Ribombee|1\/100\n|\n|-heal|p1a: Chandelure|100\/100 par|[from] item: Leftovers\n|upkeep\n|turn|16\n|\n|t:|1698097573\n|move|p2a: Ribombee|Moonblast|p1a: Chandelure\n|-resisted|p1a: Chandelure\n|-damage|p1a: Chandelure|89\/100 par\n|cant|p1a: Chandelure|par\n|\n|-heal|p1a: Chandelure|95\/100 par|[from] item: Leftovers\n|upkeep\n|turn|17\n|\n|t:|1698097582\n|move|p2a: Ribombee|Moonblast|p1a: Chandelure\n|-resisted|p1a: Chandelure\n|-damage|p1a: Chandelure|84\/100 par\n|-unboost|p1a: Chandelure|spa|1\n|cant|p1a: Chandelure|par\n|\n|-heal|p1a: Chandelure|90\/100 par|[from] item: Leftovers\n|upkeep\n|turn|18\n|\n|t:|1698097593\n|move|p2a: Ribombee|Moonblast|p1a: Chandelure\n|-resisted|p1a: Chandelure\n|-damage|p1a: Chandelure|78\/100 par\n|move|p1a: Chandelure|Shadow Ball|p2a: Ribombee\n|-damage|p2a: Ribombee|0 fnt\n|faint|p2a: Ribombee\n|\n|-heal|p1a: Chandelure|84\/100 par|[from] item: Leftovers\n|upkeep\n|\n|t:|1698097599\n|switch|p2a: Annihilape|Annihilape, F, shiny|100\/100\n|turn|19\n|\n|t:|1698097608\n|move|p2a: Annihilape|Rage Fist|p1a: Chandelure\n|-supereffective|p1a: Chandelure\n|-damage|p1a: Chandelure|13\/100 par\n|-status|p2a: Annihilape|brn|[from] ability: Flame Body|[of] p1a: Chandelure\n|move|p1a: Chandelure|Shadow Ball|p2a: Annihilape\n|-supereffective|p2a: Annihilape\n|-damage|p2a: Annihilape|0 fnt\n|faint|p2a: Annihilape\n|\n|-heal|p1a: Chandelure|19\/100 par|[from] item: Leftovers\n|upkeep\n|\n|t:|1698097625\n|switch|p2a: Iron Moth|Iron Moth|100\/100\n|-item|p2a: Iron Moth|Air Balloon\n|turn|20\n|\n|t:|1698097632\n|move|p2a: Iron Moth|Fiery Dance|p1a: Chandelure\n|-resisted|p1a: Chandelure\n|-damage|p1a: Chandelure|6\/100 par\n|-boost|p2a: Iron Moth|spa|1\n|cant|p1a: Chandelure|par\n|\n|-heal|p1a: Chandelure|12\/100 par|[from] item: Leftovers\n|upkeep\n|turn|21\n|\n|t:|1698097646\n|move|p2a: Iron Moth|Fiery Dance|p1a: Chandelure\n|-resisted|p1a: Chandelure\n|-damage|p1a: Chandelure|0 fnt\n|faint|p1a: Chandelure\n|\n|upkeep\n|\n|t:|1698097653\n|switch|p1a: Gyarados|Gyarados, M, shiny|89\/100 slp\n|-ability|p1a: Gyarados|Intimidate|boost\n|-unboost|p2a: Iron Moth|atk|1\n|turn|22\n|\n|t:|1698097660\n|move|p2a: Iron Moth|Substitute|p2a: Iron Moth\n|-start|p2a: Iron Moth|Substitute\n|-damage|p2a: Iron Moth|76\/100\n|cant|p1a: Gyarados|slp\n|\n|upkeep\n|turn|23\n|\n|t:|1698097666\n|cant|p1a: Gyarados|slp\n|move|p2a: Iron Moth|Whirlwind|p1a: Gyarados\n|drag|p1a: Blissey|Blissey, F|100\/100\n|-activate|p1a: Blissey|move: Sticky Web\n|-unboost|p1a: Blissey|spe|1\n|\n|upkeep\n|turn|24\n|\n|t:|1698097679\n|move|p2a: Iron Moth|Fiery Dance|p1a: Blissey\n|-damage|p1a: Blissey|75\/100\n|-boost|p2a: Iron Moth|spa|1\n|move|p1a: Blissey|Soft-Boiled|p1a: Blissey\n|-heal|p1a: Blissey|100\/100\n|\n|upkeep\n|turn|25\n|\n|t:|1698097689\n|move|p2a: Iron Moth|Fiery Dance|p1a: Blissey\n|-damage|p1a: Blissey|67\/100\n|-boost|p2a: Iron Moth|spa|1\n|move|p1a: Blissey|Dazzling Gleam|p2a: Iron Moth\n|-resisted|p2a: Iron Moth\n|-activate|p2a: Iron Moth|move: Substitute|[damage]\n|-enditem|p2a: Iron Moth|Air Balloon\n|\n|-heal|p1a: Blissey|73\/100|[from] item: Leftovers\n|upkeep\n|turn|26\n|\n|t:|1698097702\n|move|p2a: Iron Moth|Fiery Dance|p1a: Blissey\n|-damage|p1a: Blissey|36\/100\n|move|p1a: Blissey|Seismic Toss|p2a: Iron Moth\n|-end|p2a: Iron Moth|Substitute\n|\n|-heal|p1a: Blissey|42\/100|[from] item: Leftovers\n|upkeep\n|turn|27\n|\n|t:|1698097713\n|move|p2a: Iron Moth|Substitute|p2a: Iron Moth\n|-start|p2a: Iron Moth|Substitute\n|-damage|p2a: Iron Moth|51\/100\n|move|p1a: Blissey|Soft-Boiled|p1a: Blissey\n|-heal|p1a: Blissey|92\/100\n|\n|-heal|p1a: Blissey|98\/100|[from] item: Leftovers\n|upkeep\n|turn|28\n|\n|t:|1698097723\n|move|p2a: Iron Moth|Fiery Dance|p1a: Blissey\n|-damage|p1a: Blissey|57\/100\n|move|p1a: Blissey|Brick Break|p2a: Iron Moth\n|-resisted|p2a: Iron Moth\n|-activate|p2a: Iron Moth|move: Substitute|[damage]\n|\n|-heal|p1a: Blissey|63\/100|[from] item: Leftovers\n|upkeep\n|turn|29\n|\n|t:|1698097733\n|move|p2a: Iron Moth|Fiery Dance|p1a: Blissey\n|-damage|p1a: Blissey|22\/100\n|move|p1a: Blissey|Soft-Boiled|p1a: Blissey\n|-heal|p1a: Blissey|72\/100\n|\n|-heal|p1a: Blissey|78\/100|[from] item: Leftovers\n|upkeep\n|turn|30\n|\n|t:|1698097743\n|move|p2a: Iron Moth|Fiery Dance|p1a: Blissey\n|-damage|p1a: Blissey|40\/100\n|-boost|p2a: Iron Moth|spa|1\n|move|p1a: Blissey|Seismic Toss|p2a: Iron Moth\n|-end|p2a: Iron Moth|Substitute\n|\n|-heal|p1a: Blissey|46\/100|[from] item: Leftovers\n|upkeep\n|turn|31\n|\n|t:|1698097754\n|move|p2a: Iron Moth|Substitute|p2a: Iron Moth\n|-start|p2a: Iron Moth|Substitute\n|-damage|p2a: Iron Moth|26\/100\n|move|p1a: Blissey|Seismic Toss|p2a: Iron Moth\n|-end|p2a: Iron Moth|Substitute\n|\n|-heal|p1a: Blissey|52\/100|[from] item: Leftovers\n|upkeep\n|turn|32\n|\n|t:|1698097769\n|move|p2a: Iron Moth|Fiery Dance|p1a: Blissey\n|-crit|p1a: Blissey\n|-damage|p1a: Blissey|0 fnt\n|faint|p1a: Blissey\n|\n|upkeep\n|\n|t:|1698097776\n|switch|p1a: Breloom|Breloom, F, shiny|14\/100\n|-activate|p1a: Breloom|move: Sticky Web\n|-unboost|p1a: Breloom|spe|1\n|turn|33\n|\n|t:|1698097783\n|move|p2a: Iron Moth|Fiery Dance|p1a: Breloom\n|-supereffective|p1a: Breloom\n|-damage|p1a: Breloom|0 fnt\n|-boost|p2a: Iron Moth|spa|1\n|faint|p1a: Breloom\n|\n|upkeep\n|\n|t:|1698097790\n|switch|p1a: Gyarados|Gyarados, M, shiny|89\/100 slp\n|-ability|p1a: Gyarados|Intimidate|boost\n|-unboost|p2a: Iron Moth|atk|1\n|turn|34\n|\n|t:|1698097795\n|move|p2a: Iron Moth|Sludge Wave|p1a: Gyarados\n|-damage|p1a: Gyarados|0 fnt\n|faint|p1a: Gyarados\n|\n|upkeep\n|\n|t:|1698097801\n|switch|p1a: Salamence|Salamence, F|100\/100\n|turn|35\n|\n|t:|1698097807\n|move|p2a: Iron Moth|Sludge Wave|p1a: Salamence\n|-damage|p1a: Salamence|0 fnt\n|faint|p1a: Salamence\n|\n|win|aDestructive\n|raw|OcTrSx's rating: 1053 &rarr; <strong>1037<\/strong><br \/>(-16 for losing)\n|raw|aDestructive's rating: 1088 &rarr; <strong>1112<\/strong><br \/>(+24 for winning)\n","uploadtime":1698097816,"views":8,"p1id":"octrsx","p2id":"adestructive","formatid":"gen9ubers","rating":1037,"private":0,"password":""}