{"id":"gen9ubers-1987198038","p1":"Doudou_23509","p2":"modol","format":"[Gen 9] Ubers","log":"|j|\u2606Doudou_23509\n|j|\u2606modol\n|t:|1699564444\n|gametype|singles\n|player|p1|Doudou_23509|red|1081\n|player|p2|modol|101|1195\n|teamsize|p1|6\n|teamsize|p2|6\n|gen|9\n|tier|[Gen 9] Ubers\n|rated|\n|rule|Sleep Clause Mod: Limit one foe put to sleep\n|rule|Species Clause: Limit one of each Pok\u00e9mon\n|rule|OHKO Clause: OHKO moves are banned\n|rule|Evasion Items Clause: Evasion items are banned\n|rule|Evasion Moves Clause: Evasion moves are banned\n|rule|Endless Battle Clause: Forcing endless battles is banned\n|rule|HP Percentage Mod: HP is shown in percentages\n|clearpoke\n|poke|p1|Skeledirge, F|\n|poke|p1|Gliscor, M|\n|poke|p1|Kyogre|\n|poke|p1|Miraidon|\n|poke|p1|Kingambit, M|\n|poke|p1|Arceus-Poison|\n|poke|p2|Arceus-Ground|\n|poke|p2|Annihilape, M|\n|poke|p2|Zacian-*|\n|poke|p2|Miraidon|\n|poke|p2|Koraidon|\n|poke|p2|Rayquaza|\n|teampreview\n|inactive|Battle timer is ON: inactive players will automatically lose when time's up. (requested by modol)\n|\n|t:|1699564457\n|start\n|switch|p1a: Kyogre|Kyogre|100\/100\n|switch|p2a: Annihilape|Annihilape, M|100\/100\n|-weather|RainDance|[from] ability: Drizzle|[of] p1a: Kyogre\n|turn|1\n|\n|t:|1699564467\n|move|p2a: Annihilape|Final Gambit|p1a: Kyogre\n|-damage|p1a: Kyogre|0 fnt\n|faint|p2a: Annihilape\n|faint|p1a: Kyogre\n|\n|-weather|RainDance|[upkeep]\n|upkeep\n|\n|t:|1699564486\n|switch|p2a: Zacian|Zacian-Crowned|100\/100\n|switch|p1a: Gliscor|Gliscor, M, shiny|100\/100\n|-ability|p2a: Zacian|Intrepid Sword|boost\n|-boost|p2a: Zacian|atk|1\n|turn|2\n|\n|t:|1699564497\n|move|p2a: Zacian|Behemoth Blade|p1a: Gliscor\n|-damage|p1a: Gliscor|12\/100\n|move|p1a: Gliscor|Stealth Rock|p2a: Zacian\n|-sidestart|p2: modol|move: Stealth Rock\n|\n|-weather|RainDance|[upkeep]\n|-status|p1a: Gliscor|tox|[from] item: Toxic Orb\n|upkeep\n|turn|3\n|\n|t:|1699564509\n|switch|p1a: Skeledirge|Skeledirge, F|100\/100\n|move|p2a: Zacian|Play Rough|p1a: Skeledirge\n|-resisted|p1a: Skeledirge\n|-damage|p1a: Skeledirge|84\/100\n|-damage|p2a: Zacian|84\/100|[from] item: Rocky Helmet|[of] p1a: Skeledirge\n|\n|-weather|RainDance|[upkeep]\n|upkeep\n|turn|4\n|\n|t:|1699564520\n|move|p2a: Zacian|Behemoth Blade|p1a: Skeledirge\n|-resisted|p1a: Skeledirge\n|-damage|p1a: Skeledirge|67\/100\n|-damage|p2a: Zacian|67\/100|[from] item: Rocky Helmet|[of] p1a: Skeledirge\n|move|p1a: Skeledirge|Will-O-Wisp|p2a: Zacian\n|-status|p2a: Zacian|brn\n|\n|-weather|RainDance|[upkeep]\n|-damage|p2a: Zacian|61\/100 brn|[from] brn\n|upkeep\n|turn|5\n|\n|t:|1699564543\n|move|p2a: Zacian|Behemoth Blade|p1a: Skeledirge\n|-resisted|p1a: Skeledirge\n|-damage|p1a: Skeledirge|59\/100\n|-damage|p2a: Zacian|44\/100 brn|[from] item: Rocky Helmet|[of] p1a: Skeledirge\n|move|p1a: Skeledirge|Slack Off|p1a: Skeledirge\n|-heal|p1a: Skeledirge|100\/100\n|\n|-weather|none\n|-damage|p2a: Zacian|38\/100 brn|[from] brn\n|upkeep\n|turn|6\n|\n|t:|1699564555\n|switch|p2a: Miraidon|Miraidon|100\/100\n|-damage|p2a: Miraidon|88\/100|[from] Stealth Rock\n|-fieldstart|move: Electric Terrain|[from] ability: Hadron Engine|[of] p2a: Miraidon\n|move|p1a: Skeledirge|Torch Song|p2a: Miraidon\n|-resisted|p2a: Miraidon\n|-damage|p2a: Miraidon|75\/100\n|-boost|p1a: Skeledirge|spa|1\n|\n|upkeep\n|turn|7\n|\n|t:|1699564568\n|move|p2a: Miraidon|Draco Meteor|p1a: Skeledirge\n|-damage|p1a: Skeledirge|0 fnt\n|-unboost|p2a: Miraidon|spa|2\n|faint|p1a: Skeledirge\n|\n|upkeep\n|\n|t:|1699564581\n|switch|p1a: Gliscor|Gliscor, M, shiny|12\/100 tox\n|turn|8\n|\n|t:|1699564586\n|switch|p2a: Arceus|Arceus-Ground|100\/100\n|-damage|p2a: Arceus|94\/100|[from] Stealth Rock\n|move|p1a: Gliscor|Toxic Spikes|p2a: Arceus\n|-sidestart|p2: modol|move: Toxic Spikes\n|\n|-heal|p1a: Gliscor|24\/100 tox|[from] ability: Poison Heal\n|upkeep\n|turn|9\n|\n|t:|1699564596\n|move|p2a: Arceus|Earthquake|p1a: Gliscor\n|-immune|p1a: Gliscor\n|move|p1a: Gliscor|Toxic Spikes|p2a: Arceus\n|-sidestart|p2: modol|move: Toxic Spikes\n|\n|-heal|p1a: Gliscor|36\/100 tox|[from] ability: Poison Heal\n|upkeep\n|turn|10\n|\n|t:|1699564606\n|move|p2a: Arceus|Shadow Claw|p1a: Gliscor\n|-damage|p1a: Gliscor|11\/100 tox\n|move|p1a: Gliscor|U-turn|p2a: Arceus\n|-damage|p2a: Arceus|80\/100\n|\n|t:|1699564621\n|switch|p1a: Miraidon|Miraidon|100\/100|[from] U-turn\n|-activate|p1a: Miraidon|ability: Hadron Engine\n|\n|-fieldend|move: Electric Terrain\n|upkeep\n|turn|11\n|\n|t:|1699564629\n|switch|p1a: Kingambit|Kingambit, M, shiny|100\/100\n|-activate|p1a: Kingambit|ability: Supreme Overlord\n|-start|p1a: Kingambit|fallen2|[silent]\n|-item|p1a: Kingambit|Air Balloon\n|switch|p2a: Rayquaza|Rayquaza|100\/100\n|-damage|p2a: Rayquaza|76\/100|[from] Stealth Rock\n|-ability|p2a: Rayquaza|Air Lock\n|\n|upkeep\n|turn|12\n|\n|t:|1699564642\n|move|p2a: Rayquaza|Dragon Ascent|p1a: Kingambit\n|-resisted|p1a: Kingambit\n|-damage|p1a: Kingambit|76\/100\n|-unboost|p2a: Rayquaza|def|1\n|-unboost|p2a: Rayquaza|spd|1\n|-enditem|p1a: Kingambit|Air Balloon\n|move|p1a: Kingambit|Swords Dance|p1a: Kingambit\n|-boost|p1a: Kingambit|atk|2\n|\n|upkeep\n|turn|13\n|\n|t:|1699564658\n|switch|p2a: Zacian|Zacian-Crowned|38\/100 brn\n|-damage|p2a: Zacian|32\/100 brn|[from] Stealth Rock\n|move|p1a: Kingambit|Kowtow Cleave|p2a: Zacian\n|-resisted|p2a: Zacian\n|-damage|p2a: Zacian|0 fnt\n|faint|p2a: Zacian\n|\n|upkeep\n|\n|t:|1699564668\n|switch|p2a: Koraidon|Koraidon|100\/100\n|-damage|p2a: Koraidon|94\/100|[from] Stealth Rock\n|-status|p2a: Koraidon|tox\n|-weather|SunnyDay|[from] ability: Orichalcum Pulse|[of] p2a: Koraidon\n|-activate|p2a: Koraidon|Orichalcum Pulse|[source]\n|turn|14\n|\n|t:|1699564680\n|-terastallize|p1a: Kingambit|Fire\n|move|p2a: Koraidon|Flame Charge|p1a: Kingambit\n|-resisted|p1a: Kingambit\n|-damage|p1a: Kingambit|63\/100\n|-boost|p2a: Koraidon|spe|1\n|move|p1a: Kingambit|Iron Head|p2a: Koraidon\n|-damage|p2a: Koraidon|0 fnt\n|faint|p2a: Koraidon\n|\n|-weather|SunnyDay|[upkeep]\n|upkeep\n|\n|t:|1699564697\n|switch|p2a: Miraidon|Miraidon|75\/100\n|-damage|p2a: Miraidon|63\/100|[from] Stealth Rock\n|-status|p2a: Miraidon|tox\n|-fieldstart|move: Electric Terrain|[from] ability: Hadron Engine|[of] p2a: Miraidon\n|turn|15\n|\n|t:|1699564707\n|move|p1a: Kingambit|Sucker Punch|p2a: Miraidon\n|-damage|p2a: Miraidon|0 fnt\n|faint|p2a: Miraidon\n|\n|-weather|SunnyDay|[upkeep]\n|upkeep\n|\n|t:|1699564714\n|switch|p2a: Rayquaza|Rayquaza|76\/100\n|-damage|p2a: Rayquaza|51\/100|[from] Stealth Rock\n|-ability|p2a: Rayquaza|Air Lock\n|turn|16\n|\n|t:|1699564720\n|move|p2a: Rayquaza|Extreme Speed|p1a: Kingambit\n|-damage|p1a: Kingambit|42\/100\n|move|p1a: Kingambit|Sucker Punch||[still]\n|-fail|p1a: Kingambit\n|\n|-weather|SunnyDay|[upkeep]\n|upkeep\n|turn|17\n|\n|t:|1699564728\n|move|p2a: Rayquaza|Dragon Ascent|p1a: Kingambit\n|-damage|p1a: Kingambit|0 fnt\n|-unboost|p2a: Rayquaza|def|1\n|-unboost|p2a: Rayquaza|spd|1\n|faint|p1a: Kingambit\n|-end|p1a: Kingambit|fallen2|[silent]\n|\n|-weather|SunnyDay|[upkeep]\n|upkeep\n|\n|t:|1699564738\n|switch|p1a: Miraidon|Miraidon|100\/100\n|-activate|p1a: Miraidon|ability: Hadron Engine\n|turn|18\n|\n|t:|1699564745\n|move|p1a: Miraidon|Draco Meteor|p2a: Rayquaza\n|-supereffective|p2a: Rayquaza\n|-damage|p2a: Rayquaza|0 fnt\n|-unboost|p1a: Miraidon|spa|2\n|faint|p2a: Rayquaza\n|\n|-weather|none\n|upkeep\n|\n|t:|1699564753\n|switch|p2a: Arceus|Arceus-Ground|80\/100\n|-damage|p2a: Arceus|73\/100|[from] Stealth Rock\n|-status|p2a: Arceus|tox\n|turn|19\n|\n|t:|1699564763\n|switch|p1a: Gliscor|Gliscor, M, shiny|11\/100 tox\n|move|p2a: Arceus|Earthquake|p1a: Gliscor\n|-immune|p1a: Gliscor\n|\n|-damage|p2a: Arceus|67\/100 tox|[from] psn\n|-heal|p1a: Gliscor|23\/100 tox|[from] ability: Poison Heal\n|-fieldend|move: Electric Terrain\n|upkeep\n|turn|20\n|\n|t:|1699564774\n|move|p2a: Arceus|Shadow Claw|p1a: Gliscor\n|-damage|p1a: Gliscor|0 fnt\n|faint|p1a: Gliscor\n|\n|-damage|p2a: Arceus|55\/100 tox|[from] psn\n|upkeep\n|\n|t:|1699564782\n|switch|p1a: Miraidon|Miraidon|100\/100\n|-fieldstart|move: Electric Terrain|[from] ability: Hadron Engine|[of] p1a: Miraidon\n|turn|21\n|\n|t:|1699564787\n|move|p1a: Miraidon|Draco Meteor|p2a: Arceus\n|-damage|p2a: Arceus|0 fnt\n|-unboost|p1a: Miraidon|spa|2\n|faint|p2a: Arceus\n|\n|win|Doudou_23509\n|raw|Doudou_23509's rating: 1081 &rarr; <strong>1118<\/strong><br \/>(+37 for winning)\n|raw|modol's rating: 1195 &rarr; <strong>1162<\/strong><br \/>(-33 for losing)\n","uploadtime":1699564794,"views":10,"p1id":"doudou23509","p2id":"modol","formatid":"gen9ubers","rating":1118,"private":0,"password":""}