{"id":"gen9ubers-1974566484","p1":"sdfwere","p2":"Nitro524","format":"[Gen 9] Ubers","log":"|j|\u2606sdfwere\n|j|\u2606Nitro524\n|t:|1698097972\n|gametype|singles\n|player|p1|sdfwere|2|\n|player|p2|Nitro524|hilbert-wonderlauncher|\n|teamsize|p1|6\n|teamsize|p2|6\n|gen|9\n|tier|[Gen 9] Ubers\n|rule|Sleep Clause Mod: Limit one foe put to sleep\n|rule|Species Clause: Limit one of each Pok\u00e9mon\n|rule|OHKO Clause: OHKO moves are banned\n|rule|Evasion Items Clause: Evasion items are banned\n|rule|Evasion Moves Clause: Evasion moves are banned\n|rule|Endless Battle Clause: Forcing endless battles is banned\n|rule|HP Percentage Mod: HP is shown in percentages\n|clearpoke\n|poke|p1|Calyrex|\n|poke|p1|Rillaboom, F|\n|poke|p1|Shaymin-Sky|\n|poke|p1|Ursaluna-Bloodmoon, M|\n|poke|p1|Volcarona, F|\n|poke|p1|Goodra-Hisui, F|\n|poke|p2|Pelipper, M|\n|poke|p2|Zapdos|\n|poke|p2|Arceus-Grass|\n|poke|p2|Palafin, M|\n|poke|p2|Zacian-*|\n|poke|p2|Palkia-Origin|\n|teampreview\n|c|\u2606Nitro524|glhf!\n|\n|t:|1698097984\n|start\n|switch|p1a: Rillaboom|Rillaboom, F|100\/100\n|switch|p2a: Pelipper|Pelipper, M|100\/100\n|-fieldstart|move: Grassy Terrain|[from] ability: Grassy Surge|[of] p1a: Rillaboom\n|-weather|RainDance|[from] ability: Drizzle|[of] p2a: Pelipper\n|turn|1\n|\n|t:|1698098009\n|switch|p1a: Goodra|Goodra-Hisui, F|100\/100\n|move|p2a: Pelipper|Hurricane|p1a: Goodra\n|-resisted|p1a: Goodra\n|-damage|p1a: Goodra|91\/100\n|-start|p1a: Goodra|confusion\n|\n|-weather|RainDance|[upkeep]\n|-heal|p1a: Goodra|97\/100|[from] Grassy Terrain\n|-heal|p1a: Goodra|100\/100|[from] item: Leftovers\n|upkeep\n|turn|2\n|\n|t:|1698098041\n|-activate|p1a: Goodra|confusion\n|move|p1a: Goodra|Flash Cannon|p2a: Pelipper\n|-resisted|p2a: Pelipper\n|-damage|p2a: Pelipper|87\/100\n|move|p2a: Pelipper|U-turn|p1a: Goodra\n|-resisted|p1a: Goodra\n|-damage|p1a: Goodra|97\/100\n|\n|t:|1698098048\n|switch|p2a: Palafin|Palafin, M|100\/100|[from] U-turn\n|\n|-weather|RainDance|[upkeep]\n|-heal|p1a: Goodra|100\/100|[from] Grassy Terrain\n|upkeep\n|turn|3\n|\n|t:|1698098053\n|move|p2a: Palafin|Jet Punch|p1a: Goodra\n|-resisted|p1a: Goodra\n|-damage|p1a: Goodra|78\/100\n|-activate|p1a: Goodra|confusion\n|move|p1a: Goodra|Draco Meteor|p2a: Palafin\n|-damage|p2a: Palafin|29\/100\n|-unboost|p1a: Goodra|spa|2\n|\n|-weather|RainDance|[upkeep]\n|-heal|p2a: Palafin|35\/100|[from] Grassy Terrain\n|-heal|p1a: Goodra|84\/100|[from] Grassy Terrain\n|-heal|p1a: Goodra|90\/100|[from] item: Leftovers\n|upkeep\n|turn|4\n|\n|t:|1698098064\n|detailschange|p2a: Palafin|Palafin-Hero, M\n|switch|p2a: Zacian|Zacian|100\/100\n|-ability|p2a: Zacian|Intrepid Sword|boost\n|-boost|p2a: Zacian|atk|1\n|switch|p1a: Calyrex|Calyrex|100\/100\n|-ability|p1a: Calyrex|Unnerve\n|-enditem|p1a: Calyrex|Grassy Seed\n|-boost|p1a: Calyrex|def|1|[from] item: Grassy Seed\n|\n|-weather|RainDance|[upkeep]\n|upkeep\n|turn|5\n|\n|t:|1698098086\n|move|p2a: Zacian|Crunch|p1a: Calyrex\n|-supereffective|p1a: Calyrex\n|-damage|p1a: Calyrex|58\/100\n|-unboost|p1a: Calyrex|def|1\n|move|p1a: Calyrex|Calm Mind|p1a: Calyrex\n|-boost|p1a: Calyrex|spa|1\n|-boost|p1a: Calyrex|spd|1\n|\n|-weather|RainDance|[upkeep]\n|-heal|p1a: Calyrex|65\/100|[from] Grassy Terrain\n|upkeep\n|turn|6\n|\n|t:|1698098096\n|-terastallize|p2a: Zacian|Dark\n|move|p2a: Zacian|Crunch|p1a: Calyrex\n|-supereffective|p1a: Calyrex\n|-damage|p1a: Calyrex|0 fnt\n|faint|p1a: Calyrex\n|\n|-weather|RainDance|[upkeep]\n|upkeep\n|\n|t:|1698098104\n|switch|p1a: Ursaluna|Ursaluna-Bloodmoon, M|100\/100\n|-enditem|p1a: Ursaluna|Grassy Seed\n|-boost|p1a: Ursaluna|def|1|[from] item: Grassy Seed\n|turn|7\n|\n|t:|1698098114\n|move|p2a: Zacian|Trailblaze|p1a: Ursaluna\n|-supereffective|p1a: Ursaluna\n|-damage|p1a: Ursaluna|80\/100\n|-boost|p2a: Zacian|spe|1\n|move|p1a: Ursaluna|Body Press|p2a: Zacian\n|-supereffective|p2a: Zacian\n|-damage|p2a: Zacian|19\/100\n|\n|-weather|RainDance|[upkeep]\n|-heal|p2a: Zacian|25\/100|[from] Grassy Terrain\n|-heal|p1a: Ursaluna|86\/100|[from] Grassy Terrain\n|upkeep\n|turn|8\n|\n|t:|1698098121\n|move|p2a: Zacian|Close Combat|p1a: Ursaluna\n|-supereffective|p1a: Ursaluna\n|-damage|p1a: Ursaluna|47\/100\n|-unboost|p2a: Zacian|def|1\n|-unboost|p2a: Zacian|spd|1\n|move|p1a: Ursaluna|Calm Mind|p1a: Ursaluna\n|-boost|p1a: Ursaluna|spa|1\n|-boost|p1a: Ursaluna|spd|1\n|\n|-weather|none\n|-heal|p2a: Zacian|32\/100|[from] Grassy Terrain\n|-heal|p1a: Ursaluna|53\/100|[from] Grassy Terrain\n|-fieldend|move: Grassy Terrain\n|upkeep\n|turn|9\n|\n|t:|1698098126\n|move|p2a: Zacian|Close Combat|p1a: Ursaluna\n|-supereffective|p1a: Ursaluna\n|-damage|p1a: Ursaluna|16\/100\n|-unboost|p2a: Zacian|def|1\n|-unboost|p2a: Zacian|spd|1\n|move|p1a: Ursaluna|Body Press|p2a: Zacian\n|-supereffective|p2a: Zacian\n|-damage|p2a: Zacian|0 fnt\n|faint|p2a: Zacian\n|\n|upkeep\n|\n|t:|1698098139\n|switch|p2a: Palafin|Palafin-Hero, M|35\/100\n|-activate|p2a: Palafin|ability: Zero to Hero\n|turn|10\n|\n|t:|1698098155\n|move|p2a: Palafin|Jet Punch|p1a: Ursaluna\n|-supereffective|p1a: Ursaluna\n|-damage|p1a: Ursaluna|0 fnt\n|faint|p1a: Ursaluna\n|\n|upkeep\n|\n|t:|1698098163\n|switch|p1a: Shaymin|Shaymin-Sky|100\/100\n|turn|11\n|c|\u2606Nitro524|sorry just a sec\n|\n|t:|1698098324\n|switch|p2a: Zapdos|Zapdos|100\/100\n|move|p1a: Shaymin|Seed Flare|p2a: Zapdos\n|-resisted|p2a: Zapdos\n|-damage|p2a: Zapdos|66\/100\n|-unboost|p2a: Zapdos|spd|2\n|\n|upkeep\n|turn|12\n|\n|t:|1698098333\n|move|p1a: Shaymin|Air Slash|p2a: Zapdos\n|-resisted|p2a: Zapdos\n|-damage|p2a: Zapdos|21\/100\n|move|p2a: Zapdos|Hurricane|p1a: Shaymin\n|-supereffective|p1a: Shaymin\n|-damage|p1a: Shaymin|0 fnt\n|faint|p1a: Shaymin\n|\n|upkeep\n|\n|t:|1698098338\n|switch|p1a: Rillaboom|Rillaboom, F|100\/100\n|-fieldstart|move: Grassy Terrain|[from] ability: Grassy Surge|[of] p1a: Rillaboom\n|turn|13\n|\n|t:|1698098359\n|move|p1a: Rillaboom|Grassy Glide|p2a: Zapdos\n|-resisted|p2a: Zapdos\n|-damage|p2a: Zapdos|0 fnt\n|faint|p2a: Zapdos\n|\n|upkeep\n|\n|t:|1698098394\n|switch|p2a: Pelipper|Pelipper, M|87\/100\n|-weather|RainDance|[from] ability: Drizzle|[of] p2a: Pelipper\n|turn|14\n|\n|t:|1698098403\n|move|p1a: Rillaboom|U-turn|p2a: Pelipper\n|-resisted|p2a: Pelipper\n|-damage|p2a: Pelipper|73\/100\n|\n|t:|1698098405\n|switch|p1a: Goodra|Goodra-Hisui, F|90\/100|[from] U-turn\n|move|p2a: Pelipper|Hurricane|p1a: Goodra\n|-resisted|p1a: Goodra\n|-damage|p1a: Goodra|81\/100\n|\n|-weather|RainDance|[upkeep]\n|-heal|p1a: Goodra|87\/100|[from] Grassy Terrain\n|-heal|p1a: Goodra|93\/100|[from] item: Leftovers\n|upkeep\n|turn|15\n|\n|t:|1698098413\n|move|p1a: Goodra|Draco Meteor|p2a: Pelipper\n|-damage|p2a: Pelipper|27\/100\n|-unboost|p1a: Goodra|spa|2\n|move|p2a: Pelipper|Knock Off|p1a: Goodra\n|-crit|p1a: Goodra\n|-damage|p1a: Goodra|75\/100\n|-enditem|p1a: Goodra|Leftovers|[from] move: Knock Off|[of] p2a: Pelipper\n|\n|-weather|RainDance|[upkeep]\n|-heal|p1a: Goodra|82\/100|[from] Grassy Terrain\n|upkeep\n|turn|16\n|\n|t:|1698098421\n|move|p1a: Goodra|Draco Meteor|p2a: Pelipper\n|-damage|p2a: Pelipper|4\/100\n|-unboost|p1a: Goodra|spa|2\n|move|p2a: Pelipper|Roost|p2a: Pelipper\n|-heal|p2a: Pelipper|54\/100\n|-singleturn|p2a: Pelipper|move: Roost\n|\n|-weather|RainDance|[upkeep]\n|-heal|p1a: Goodra|88\/100|[from] Grassy Terrain\n|-heal|p2a: Pelipper|60\/100|[from] Grassy Terrain\n|upkeep\n|turn|17\n|\n|t:|1698098427\n|move|p2a: Pelipper|Roost|p2a: Pelipper\n|-heal|p2a: Pelipper|100\/100\n|-singleturn|p2a: Pelipper|move: Roost\n|move|p1a: Goodra|Dragon Tail|p2a: Pelipper\n|-damage|p2a: Pelipper|83\/100\n|drag|p2a: Palkia|Palkia-Origin|100\/100\n|-ability|p2a: Palkia|Pressure\n|\n|-weather|RainDance|[upkeep]\n|-heal|p1a: Goodra|94\/100|[from] Grassy Terrain\n|upkeep\n|turn|18\n|\n|t:|1698098437\n|move|p2a: Palkia|Substitute|p2a: Palkia\n|-start|p2a: Palkia|Substitute\n|-damage|p2a: Palkia|76\/100\n|move|p1a: Goodra|Dragon Tail|p2a: Palkia\n|-supereffective|p2a: Palkia\n|-end|p2a: Palkia|Substitute\n|\n|-weather|RainDance|[upkeep]\n|-heal|p2a: Palkia|82\/100|[from] Grassy Terrain\n|-heal|p1a: Goodra|99\/100|[from] Grassy Terrain\n|upkeep\n|turn|19\n|\n|t:|1698098444\n|move|p2a: Palkia|Spacial Rend|p1a: Goodra\n|-crit|p1a: Goodra\n|-damage|p1a: Goodra|45\/100\n|move|p1a: Goodra|Dragon Tail|p2a: Palkia\n|-supereffective|p2a: Palkia\n|-damage|p2a: Palkia|41\/100\n|drag|p2a: Arceus|Arceus-Grass|100\/100\n|\n|-weather|RainDance|[upkeep]\n|-heal|p1a: Goodra|51\/100|[from] Grassy Terrain\n|upkeep\n|turn|20\n|\n|t:|1698098453\n|move|p2a: Arceus|Earth Power|p1a: Goodra\n|-supereffective|p1a: Goodra\n|-damage|p1a: Goodra|24\/100\n|move|p1a: Goodra|Dragon Tail|p2a: Arceus\n|-damage|p2a: Arceus|88\/100\n|drag|p2a: Palafin|Palafin-Hero, M|35\/100\n|\n|-weather|RainDance|[upkeep]\n|-heal|p2a: Palafin|41\/100|[from] Grassy Terrain\n|-heal|p1a: Goodra|30\/100|[from] Grassy Terrain\n|-fieldend|move: Grassy Terrain\n|upkeep\n|turn|21\n|\n|t:|1698098464\n|switch|p1a: Rillaboom|Rillaboom, F|100\/100\n|-fieldstart|move: Grassy Terrain|[from] ability: Grassy Surge|[of] p1a: Rillaboom\n|move|p2a: Palafin|Jet Punch|p1a: Rillaboom\n|-resisted|p1a: Rillaboom\n|-damage|p1a: Rillaboom|56\/100\n|\n|-weather|none\n|-heal|p2a: Palafin|47\/100|[from] Grassy Terrain\n|-heal|p1a: Rillaboom|62\/100|[from] Grassy Terrain\n|upkeep\n|turn|22\n|\n|t:|1698098469\n|switch|p2a: Pelipper|Pelipper, M|83\/100\n|-weather|RainDance|[from] ability: Drizzle|[of] p2a: Pelipper\n|move|p1a: Rillaboom|Swords Dance|p1a: Rillaboom\n|-boost|p1a: Rillaboom|atk|2\n|\n|-weather|RainDance|[upkeep]\n|-heal|p1a: Rillaboom|69\/100|[from] Grassy Terrain\n|upkeep\n|turn|23\n|\n|t:|1698098477\n|-terastallize|p1a: Rillaboom|Grass\n|move|p1a: Rillaboom|Grassy Glide|p2a: Pelipper\n|-damage|p2a: Pelipper|0 fnt\n|faint|p2a: Pelipper\n|\n|-weather|RainDance|[upkeep]\n|-heal|p1a: Rillaboom|75\/100|[from] Grassy Terrain\n|upkeep\n|\n|t:|1698098486\n|switch|p2a: Palafin|Palafin-Hero, M|47\/100\n|turn|24\n|\n|t:|1698098489\n|move|p1a: Rillaboom|Grassy Glide|p2a: Palafin\n|-supereffective|p2a: Palafin\n|-damage|p2a: Palafin|0 fnt\n|faint|p2a: Palafin\n|\n|-weather|RainDance|[upkeep]\n|-heal|p1a: Rillaboom|81\/100|[from] Grassy Terrain\n|upkeep\n|\n|t:|1698098492\n|switch|p2a: Palkia|Palkia-Origin|41\/100\n|-ability|p2a: Palkia|Pressure\n|turn|25\n|\n|t:|1698098499\n|move|p1a: Rillaboom|Grassy Glide|p2a: Palkia\n|-damage|p2a: Palkia|0 fnt\n|faint|p2a: Palkia\n|\n|-weather|RainDance|[upkeep]\n|-heal|p1a: Rillaboom|87\/100|[from] Grassy Terrain\n|upkeep\n|\n|t:|1698098501\n|switch|p2a: Arceus|Arceus-Grass|88\/100\n|turn|26\n|\n|t:|1698098508\n|move|p1a: Rillaboom|Grassy Glide|p2a: Arceus\n|-resisted|p2a: Arceus\n|-damage|p2a: Arceus|54\/100\n|move|p2a: Arceus|Judgment|p1a: Rillaboom\n|-resisted|p1a: Rillaboom\n|-damage|p1a: Rillaboom|53\/100\n|\n|-weather|RainDance|[upkeep]\n|-heal|p2a: Arceus|60\/100|[from] Grassy Terrain\n|-heal|p1a: Rillaboom|59\/100|[from] Grassy Terrain\n|upkeep\n|turn|27\n|\n|t:|1698098514\n|move|p2a: Arceus|Recover|p2a: Arceus\n|-heal|p2a: Arceus|100\/100\n|move|p1a: Rillaboom|U-turn|p2a: Arceus\n|-supereffective|p2a: Arceus\n|-damage|p2a: Arceus|29\/100\n|\n|t:|1698098517\n|switch|p1a: Volcarona|Volcarona, F|100\/100|[from] U-turn\n|\n|-weather|RainDance|[upkeep]\n|-heal|p2a: Arceus|35\/100|[from] Grassy Terrain\n|upkeep\n|turn|28\n|\n|t:|1698098522\n|move|p2a: Arceus|Earth Power|p1a: Volcarona\n|-damage|p1a: Volcarona|77\/100\n|move|p1a: Volcarona|Quiver Dance|p1a: Volcarona\n|-boost|p1a: Volcarona|spa|1\n|-boost|p1a: Volcarona|spd|1\n|-boost|p1a: Volcarona|spe|1\n|\n|-weather|RainDance|[upkeep]\n|-heal|p1a: Volcarona|83\/100|[from] Grassy Terrain\n|-heal|p1a: Volcarona|89\/100|[from] item: Leftovers\n|-heal|p2a: Arceus|41\/100|[from] Grassy Terrain\n|-fieldend|move: Grassy Terrain\n|upkeep\n|turn|29\n|\n|t:|1698098525\n|move|p1a: Volcarona|Quiver Dance|p1a: Volcarona\n|-boost|p1a: Volcarona|spa|1\n|-boost|p1a: Volcarona|spd|1\n|-boost|p1a: Volcarona|spe|1\n|move|p2a: Arceus|Earth Power|p1a: Volcarona\n|-damage|p1a: Volcarona|75\/100\n|\n|-weather|none\n|-heal|p1a: Volcarona|82\/100|[from] item: Leftovers\n|upkeep\n|turn|30\n|\n|t:|1698098531\n|move|p1a: Volcarona|Quiver Dance|p1a: Volcarona\n|-boost|p1a: Volcarona|spa|1\n|-boost|p1a: Volcarona|spd|1\n|-boost|p1a: Volcarona|spe|1\n|move|p2a: Arceus|Earth Power|p1a: Volcarona\n|-damage|p1a: Volcarona|71\/100\n|\n|-heal|p1a: Volcarona|77\/100|[from] item: Leftovers\n|upkeep\n|turn|31\n|\n|t:|1698098590\n|move|p1a: Volcarona|Fiery Dance|p2a: Arceus\n|-supereffective|p2a: Arceus\n|-damage|p2a: Arceus|0 fnt\n|faint|p2a: Arceus\n|\n|win|sdfwere\n|c|\u2606Nitro524|gg\n","uploadtime":1698098597,"views":8,"p1id":"sdfwere","p2id":"nitro524","formatid":"gen9ubers","rating":0,"private":0,"password":""}