{"id":"gen9ubers-1973391309","p1":"AB The Goat","p2":"aWeirdMike","format":"[Gen 9] Ubers","log":"|j|\u203dAB The Goat\n|j|\u2606aWeirdMike\n|t:|1697967301\n|gametype|singles\n|player|p1|AB The Goat|silver-masters|\n|player|p2|aWeirdMike|will|\n|teamsize|p1|6\n|teamsize|p2|6\n|gen|9\n|tier|[Gen 9] Ubers\n|rated|Tournament battle\n|rule|Sleep Clause Mod: Limit one foe put to sleep\n|rule|Species Clause: Limit one of each Pok\u00e9mon\n|rule|OHKO Clause: OHKO moves are banned\n|rule|Evasion Items Clause: Evasion items are banned\n|rule|Evasion Moves Clause: Evasion moves are banned\n|rule|Endless Battle Clause: Forcing endless battles is banned\n|rule|HP Percentage Mod: HP is shown in percentages\n|clearpoke\n|poke|p1|Koraidon|\n|poke|p1|Arceus-Fairy|\n|poke|p1|Toxapex, F|\n|poke|p1|Ting-Lu|\n|poke|p1|Zacian-*|\n|poke|p1|Miraidon|\n|poke|p2|Miraidon|\n|poke|p2|Iron Bundle|\n|poke|p2|Masquerain, F|\n|poke|p2|Great Tusk|\n|poke|p2|Rotom-Frost|\n|poke|p2|Scizor, F|\n|teampreview\n|inactive|Battle timer is ON: inactive players will automatically lose when time's up. (requested by AB The Goat)\n|j|%shrang\n|inactive|AB The Goat has 120 seconds left.\n|inactive|aWeirdMike has 120 seconds left.\n|j| ZowwyCafe\u2764\n|inactive|aWeirdMike has 90 seconds left.\n|\n|t:|1697967372\n|start\n|switch|p1a: Arceus|Arceus-Fairy|100\/100\n|switch|p2a: Masquerain|Masquerain, F|100\/100\n|-ability|p2a: Masquerain|Intimidate|boost\n|-unboost|p1a: Arceus|atk|1\n|turn|1\n|\n|t:|1697967376\n|move|p1a: Arceus|Taunt|p2a: Masquerain\n|-start|p2a: Masquerain|move: Taunt\n|cant|p2a: Masquerain|move: Taunt|Stun Spore\n|\n|upkeep\n|turn|2\n|\n|t:|1697967393\n|switch|p2a: Scizor|Scizor, F|100\/100\n|move|p1a: Arceus|Stealth Rock|p2a: Scizor\n|-sidestart|p2: aWeirdMike|move: Stealth Rock\n|\n|upkeep\n|turn|3\n|j| Abi Eshuh\n|\n|t:|1697967400\n|switch|p1a: Koraidon|Koraidon|100\/100\n|-weather|SunnyDay|[from] ability: Orichalcum Pulse|[of] p1a: Koraidon\n|-activate|p1a: Koraidon|Orichalcum Pulse|[source]\n|move|p2a: Scizor|Swords Dance|p2a: Scizor\n|-boost|p2a: Scizor|atk|2\n|\n|-weather|SunnyDay|[upkeep]\n|upkeep\n|turn|4\n|\n|t:|1697967413\n|-terastallize|p2a: Scizor|Steel\n|move|p2a: Scizor|Bullet Punch|p1a: Koraidon\n|-damage|p1a: Koraidon|2\/100\n|move|p1a: Koraidon|Flare Blitz|p2a: Scizor\n|-supereffective|p2a: Scizor\n|-damage|p2a: Scizor|0 fnt\n|faint|p2a: Scizor\n|-damage|p1a: Koraidon|0 fnt|[from] Recoil\n|faint|p1a: Koraidon\n|\n|-weather|SunnyDay|[upkeep]\n|upkeep\n|\n|t:|1697967427\n|switch|p1a: Zacian|Zacian-Crowned|100\/100\n|switch|p2a: Great Tusk|Great Tusk|100\/100\n|-ability|p1a: Zacian|Intrepid Sword|boost\n|-boost|p1a: Zacian|atk|1\n|-damage|p2a: Great Tusk|98\/100|[from] Stealth Rock\n|-activate|p2a: Great Tusk|ability: Protosynthesis\n|-start|p2a: Great Tusk|protosynthesisatk\n|turn|5\n|\n|t:|1697967433\n|move|p1a: Zacian|Play Rough|p2a: Great Tusk\n|-supereffective|p2a: Great Tusk\n|-damage|p2a: Great Tusk|0 fnt\n|faint|p2a: Great Tusk\n|-end|p2a: Great Tusk|Protosynthesis|[silent]\n|\n|-weather|SunnyDay|[upkeep]\n|upkeep\n|\n|t:|1697967436\n|switch|p2a: Miraidon|Miraidon|100\/100\n|-damage|p2a: Miraidon|88\/100|[from] Stealth Rock\n|-fieldstart|move: Electric Terrain|[from] ability: Hadron Engine|[of] p2a: Miraidon\n|turn|6\n|\n|t:|1697967440\n|move|p1a: Zacian|Play Rough|p2a: Miraidon\n|-supereffective|p2a: Miraidon\n|-damage|p2a: Miraidon|0 fnt\n|faint|p2a: Miraidon\n|\n|-weather|SunnyDay|[upkeep]\n|upkeep\n|\n|t:|1697967445\n|switch|p2a: Masquerain|Masquerain, F|100\/100\n|-damage|p2a: Masquerain|51\/100|[from] Stealth Rock\n|-ability|p2a: Masquerain|Intimidate|boost\n|-unboost|p1a: Zacian|atk|1\n|turn|7\n|l|%shrang\n|-message|aWeirdMike forfeited.\n|\n|win|AB The Goat\n|n|\u203dAB The Goat|abthegoat\n|n|\u2606aWeirdMike|aweirdmike\n|n| ZowwyCafe\u2764|zowwycafe\n|n| Abi Eshuh|abieshuh\n","uploadtime":1697967459,"views":23,"p1id":"abthegoat","p2id":"aweirdmike","formatid":"gen9ubers","rating":0,"private":0,"password":""}