{"id":"gen9ubers-1968948976","p1":"Nitro524","p2":"OceanicGamer3","format":"[Gen 9] Ubers","log":"|j|\u2606Nitro524\n|j|\u2606OceanicGamer3\n|t:|1697477763\n|gametype|singles\n|player|p1|Nitro524|hilbert-wonderlauncher|\n|player|p2|OceanicGamer3|102|\n|teamsize|p1|6\n|teamsize|p2|6\n|gen|9\n|tier|[Gen 9] Ubers\n|rule|Sleep Clause Mod: Limit one foe put to sleep\n|rule|Species Clause: Limit one of each Pok\u00e9mon\n|rule|OHKO Clause: OHKO moves are banned\n|rule|Evasion Items Clause: Evasion items are banned\n|rule|Evasion Moves Clause: Evasion moves are banned\n|rule|Endless Battle Clause: Forcing endless battles is banned\n|rule|HP Percentage Mod: HP is shown in percentages\n|clearpoke\n|poke|p1|Pelipper, M|\n|poke|p1|Basculegion-F, F|\n|poke|p1|Thundurus-Therian, M|\n|poke|p1|Zacian-*|\n|poke|p1|Palkia-Origin|\n|poke|p1|Arceus-Grass|\n|poke|p2|Hawlucha, F|\n|poke|p2|Politoed, M|\n|poke|p2|Barraskewda, M|\n|poke|p2|Basculegion-F, F|\n|poke|p2|Giratina|\n|poke|p2|Lucario, F|\n|teampreview\n|c|\u2606OceanicGamer3|Huh\n|c|\u2606OceanicGamer3|Rain v rain\n|c|\u2606Nitro524|interesting\n|c|\u2606Nitro524|lol\n|\n|t:|1697477792\n|start\n|switch|p1a: Thundurus|Thundurus-Therian, M|100\/100\n|switch|p2a: Hawlucha|Hawlucha, F|100\/100\n|-ability|p2a: Hawlucha|Mold Breaker\n|turn|1\n|\n|t:|1697477798\n|move|p2a: Hawlucha|U-turn|p1a: Thundurus\n|-resisted|p1a: Thundurus\n|-damage|p1a: Thundurus|89\/100\n|\n|t:|1697477801\n|switch|p2a: Giratina|Giratina|100\/100|[from] U-turn\n|-ability|p2a: Giratina|Pressure\n|move|p1a: Thundurus|Volt Switch|p2a: Giratina\n|-resisted|p2a: Giratina\n|-damage|p2a: Giratina|85\/100\n|-damage|p1a: Thundurus|80\/100|[from] item: Life Orb\n|\n|t:|1697477804\n|switch|p1a: Pelipper|Pelipper, M|100\/100|[from] Volt Switch\n|-weather|RainDance|[from] ability: Drizzle|[of] p1a: Pelipper\n|\n|-weather|RainDance|[upkeep]\n|-heal|p2a: Giratina|91\/100|[from] item: Leftovers\n|upkeep\n|turn|2\n|\n|t:|1697477816\n|move|p2a: Giratina|Calm Mind|p2a: Giratina\n|-boost|p2a: Giratina|spa|1\n|-boost|p2a: Giratina|spd|1\n|move|p1a: Pelipper|Knock Off|p2a: Giratina\n|-supereffective|p2a: Giratina\n|-damage|p2a: Giratina|79\/100\n|-enditem|p2a: Giratina|Leftovers|[from] move: Knock Off|[of] p1a: Pelipper\n|\n|-weather|RainDance|[upkeep]\n|upkeep\n|turn|3\n|\n|t:|1697477837\n|switch|p1a: Zacian|Zacian|100\/100\n|-ability|p1a: Zacian|Intrepid Sword|boost\n|-boost|p1a: Zacian|atk|1\n|move|p2a: Giratina|Dragon Pulse|p1a: Zacian\n|-immune|p1a: Zacian\n|\n|-weather|RainDance|[upkeep]\n|upkeep\n|turn|4\n|\n|t:|1697477844\n|move|p1a: Zacian|Play Rough|p2a: Giratina\n|-supereffective|p2a: Giratina\n|-damage|p2a: Giratina|18\/100\n|move|p2a: Giratina|Shadow Ball|p1a: Zacian\n|-damage|p1a: Zacian|64\/100\n|\n|-weather|RainDance|[upkeep]\n|upkeep\n|turn|5\n|\n|t:|1697477851\n|move|p1a: Zacian|Play Rough|p2a: Giratina\n|-supereffective|p2a: Giratina\n|-damage|p2a: Giratina|0 fnt\n|faint|p2a: Giratina\n|\n|-weather|RainDance|[upkeep]\n|upkeep\n|\n|t:|1697477860\n|switch|p2a: Barraskewda|Barraskewda, M|100\/100\n|turn|6\n|\n|t:|1697477864\n|move|p2a: Barraskewda|Liquidation|p1a: Zacian\n|-damage|p1a: Zacian|0 fnt\n|faint|p1a: Zacian\n|\n|-weather|RainDance|[upkeep]\n|upkeep\n|\n|t:|1697477882\n|switch|p1a: Arceus|Arceus-Grass|100\/100\n|turn|7\n|\n|t:|1697477889\n|switch|p2a: Hawlucha|Hawlucha, F|100\/100\n|-ability|p2a: Hawlucha|Mold Breaker\n|move|p1a: Arceus|Calm Mind|p1a: Arceus\n|-boost|p1a: Arceus|spa|1\n|-boost|p1a: Arceus|spd|1\n|\n|-weather|RainDance|[upkeep]\n|upkeep\n|turn|8\n|\n|t:|1697477896\n|move|p1a: Arceus|Calm Mind|p1a: Arceus\n|-boost|p1a: Arceus|spa|1\n|-boost|p1a: Arceus|spd|1\n|move|p2a: Hawlucha|Taunt|p1a: Arceus\n|-start|p1a: Arceus|move: Taunt\n|\n|-weather|none\n|upkeep\n|turn|9\n|\n|t:|1697477907\n|move|p1a: Arceus|Judgment|p2a: Hawlucha\n|-resisted|p2a: Hawlucha\n|-damage|p2a: Hawlucha|39\/100\n|move|p2a: Hawlucha|Close Combat|p1a: Arceus\n|-damage|p1a: Arceus|75\/100\n|-unboost|p2a: Hawlucha|def|1\n|-unboost|p2a: Hawlucha|spd|1\n|\n|upkeep\n|turn|10\n|\n|t:|1697477914\n|move|p1a: Arceus|Judgment|p2a: Hawlucha\n|-resisted|p2a: Hawlucha\n|-damage|p2a: Hawlucha|0 fnt\n|faint|p2a: Hawlucha\n|\n|upkeep\n|\n|t:|1697477923\n|switch|p2a: Lucario|Lucario, F|100\/100\n|turn|11\n|inactive|Battle timer is ON: inactive players will automatically lose when time's up. (requested by OceanicGamer3)\n|\n|t:|1697477929\n|move|p1a: Arceus|Earth Power|p2a: Lucario\n|-supereffective|p2a: Lucario\n|-damage|p2a: Lucario|0 fnt\n|faint|p2a: Lucario\n|\n|-end|p1a: Arceus|move: Taunt\n|upkeep\n|\n|t:|1697477933\n|switch|p2a: Politoed|Politoed, M|100\/100\n|-weather|RainDance|[from] ability: Drizzle|[of] p2a: Politoed\n|turn|12\n|\n|t:|1697477937\n|move|p1a: Arceus|Judgment|p2a: Politoed\n|-supereffective|p2a: Politoed\n|-damage|p2a: Politoed|0 fnt\n|faint|p2a: Politoed\n|\n|-weather|RainDance|[upkeep]\n|upkeep\n|\n|t:|1697477949\n|switch|p2a: Basculegion|Basculegion-F, F|100\/100\n|turn|13\n|\n|t:|1697477955\n|-terastallize|p2a: Basculegion|Ghost\n|move|p2a: Basculegion|Last Respects|p1a: Arceus\n|-damage|p1a: Arceus|0 fnt\n|faint|p1a: Arceus\n|\n|-weather|RainDance|[upkeep]\n|upkeep\n|\n|t:|1697477970\n|switch|p1a: Pelipper|Pelipper, M|100\/100\n|turn|14\n|\n|t:|1697477976\n|move|p2a: Basculegion|Last Respects|p1a: Pelipper\n|-damage|p1a: Pelipper|0 fnt\n|faint|p1a: Pelipper\n|\n|-weather|RainDance|[upkeep]\n|upkeep\n|\n|t:|1697477981\n|switch|p1a: Palkia|Palkia-Origin|100\/100\n|-ability|p1a: Palkia|Pressure\n|turn|15\n|\n|t:|1697477985\n|move|p2a: Basculegion|Last Respects|p1a: Palkia\n|-damage|p1a: Palkia|0 fnt\n|faint|p1a: Palkia\n|\n|-weather|RainDance|[upkeep]\n|upkeep\n|\n|t:|1697477988\n|switch|p1a: Basculegion|Basculegion-F, F|100\/100\n|turn|16\n|\n|t:|1697477994\n|move|p2a: Basculegion|Last Respects|p1a: Basculegion\n|-supereffective|p1a: Basculegion\n|-damage|p1a: Basculegion|0 fnt\n|faint|p1a: Basculegion\n|\n|-weather|RainDance|[upkeep]\n|upkeep\n|\n|t:|1697477996\n|switch|p1a: Thundurus|Thundurus-Therian, M|80\/100\n|turn|17\n|c|\u2606Nitro524|gg\n|\n|t:|1697478003\n|move|p2a: Basculegion|Aqua Jet|p1a: Thundurus\n|-damage|p1a: Thundurus|40\/100\n|move|p1a: Thundurus|Thunder|p2a: Basculegion\n|-damage|p2a: Basculegion|42\/100\n|-damage|p1a: Thundurus|31\/100|[from] item: Life Orb\n|\n|-weather|RainDance|[upkeep]\n|upkeep\n|turn|18\n|\n|t:|1697478010\n|move|p2a: Basculegion|Aqua Jet|p1a: Thundurus\n|-damage|p1a: Thundurus|0 fnt\n|faint|p1a: Thundurus\n|\n|win|OceanicGamer3\n|c|\u2606OceanicGamer3|Gg\n","uploadtime":1697478018,"views":28,"p1id":"nitro524","p2id":"oceanicgamer3","formatid":"gen9ubers","rating":0,"private":0,"password":""}