{"id":"gen9ubers-1971504326","p1":"hardrxck","p2":"Paulwks","format":"[Gen 9] Ubers","log":"|j|\u2606hardrxck\n|j|\u2606Paulwks\n|t:|1697743725\n|gametype|singles\n|player|p1|hardrxck|youngster-gen4dp|1237\n|player|p2|Paulwks|bruno|1245\n|teamsize|p1|6\n|teamsize|p2|6\n|gen|9\n|tier|[Gen 9] Ubers\n|rated|\n|rule|Sleep Clause Mod: Limit one foe put to sleep\n|rule|Species Clause: Limit one of each Pok\u00e9mon\n|rule|OHKO Clause: OHKO moves are banned\n|rule|Evasion Items Clause: Evasion items are banned\n|rule|Evasion Moves Clause: Evasion moves are banned\n|rule|Endless Battle Clause: Forcing endless battles is banned\n|rule|HP Percentage Mod: HP is shown in percentages\n|clearpoke\n|poke|p1|Ribombee, F|\n|poke|p1|Arceus|\n|poke|p1|Zacian-*|\n|poke|p1|Eternatus|\n|poke|p1|Miraidon|\n|poke|p1|Koraidon|\n|poke|p2|Chien-Pao|\n|poke|p2|Gholdengo|\n|poke|p2|Tyranitar, F|\n|poke|p2|Zacian-*|\n|poke|p2|Miraidon|\n|poke|p2|Roaring Moon|\n|teampreview\n|inactive|Battle timer is ON: inactive players will automatically lose when time's up. (requested by Paulwks)\n|inactive|hardrxck also wants the timer to be on.\n|\n|t:|1697743732\n|start\n|switch|p1a: Ribombee|Ribombee, F|100\/100\n|switch|p2a: Roaring Moon|Roaring Moon|100\/100\n|turn|1\n|\n|t:|1697743737\n|move|p1a: Ribombee|Sticky Web|p2a: Roaring Moon\n|-sidestart|p2: Paulwks|move: Sticky Web\n|move|p2a: Roaring Moon|Dragon Dance|p2a: Roaring Moon\n|-boost|p2a: Roaring Moon|atk|1\n|-boost|p2a: Roaring Moon|spe|1\n|\n|upkeep\n|turn|2\n|\n|t:|1697743745\n|move|p2a: Roaring Moon|Dragon Dance|p2a: Roaring Moon\n|-boost|p2a: Roaring Moon|atk|1\n|-boost|p2a: Roaring Moon|spe|1\n|move|p1a: Ribombee|Charm|p2a: Roaring Moon\n|-unboost|p2a: Roaring Moon|atk|2\n|\n|upkeep\n|turn|3\n|\n|t:|1697743751\n|move|p2a: Roaring Moon|Earthquake|p1a: Ribombee\n|-resisted|p1a: Ribombee\n|-damage|p1a: Ribombee|59\/100\n|-damage|p2a: Roaring Moon|91\/100|[from] item: Life Orb\n|move|p1a: Ribombee|Stun Spore|p2a: Roaring Moon\n|-status|p2a: Roaring Moon|par\n|\n|upkeep\n|turn|4\n|\n|t:|1697743763\n|move|p1a: Ribombee|Moonblast|p2a: Roaring Moon\n|-supereffective|p2a: Roaring Moon\n|-damage|p2a: Roaring Moon|0 fnt\n|faint|p2a: Roaring Moon\n|-end|p2a: Roaring Moon|Protosynthesis|[silent]\n|\n|upkeep\n|\n|t:|1697743773\n|switch|p2a: Gholdengo|Gholdengo|100\/100\n|-activate|p2a: Gholdengo|move: Sticky Web\n|-unboost|p2a: Gholdengo|spe|1\n|turn|5\n|\n|t:|1697743780\n|move|p1a: Ribombee|Moonblast|p2a: Gholdengo\n|-resisted|p2a: Gholdengo\n|-damage|p2a: Gholdengo|86\/100\n|move|p2a: Gholdengo|Make It Rain|p1a: Ribombee\n|-supereffective|p1a: Ribombee\n|-crit|p1a: Ribombee\n|-damage|p1a: Ribombee|0 fnt\n|-unboost|p2a: Gholdengo|spa|1\n|faint|p1a: Ribombee\n|\n|-heal|p2a: Gholdengo|92\/100|[from] item: Leftovers\n|upkeep\n|c|\u2606Paulwks|mricpn\n|\n|t:|1697743784\n|switch|p1a: Zacian|Zacian-Crowned|100\/100\n|-ability|p1a: Zacian|Intrepid Sword|boost\n|-boost|p1a: Zacian|atk|1\n|turn|6\n|c|\u2606Paulwks|teu pai colleute de pequeno\n|c|\u2606Paulwks|etocoute diante de tua mai\n|c|\u2606Paulwks|e teu irmau\n|c|\u2606Paulwks|grabou odo\n|c|\u2606Paulwks|e aidna dia de hoxe\n|c|\u2606Paulwks|se pajeasa con eso\n|c|\u2606Paulwks|erews acousa mas sucia\n|c|\u2606Paulwks|e rastreara\n|c|\u2606Paulwks|que vin na mi\u00f1a vida\n|inactive|Paulwks has 120 seconds left.\n|c|\u2606Paulwks|cocho\n|\n|t:|1697743816\n|move|p1a: Zacian|Substitute|p1a: Zacian\n|-start|p1a: Zacian|Substitute\n|-damage|p1a: Zacian|76\/100\n|move|p2a: Gholdengo|Make It Rain|p1a: Zacian\n|-end|p1a: Zacian|Substitute\n|-unboost|p2a: Gholdengo|spa|1\n|\n|-heal|p2a: Gholdengo|98\/100|[from] item: Leftovers\n|upkeep\n|turn|7\n|\n|t:|1697743826\n|move|p1a: Zacian|Substitute|p1a: Zacian\n|-start|p1a: Zacian|Substitute\n|-damage|p1a: Zacian|51\/100\n|move|p2a: Gholdengo|Make It Rain|p1a: Zacian\n|-end|p1a: Zacian|Substitute\n|-unboost|p2a: Gholdengo|spa|1\n|\n|-heal|p2a: Gholdengo|100\/100|[from] item: Leftovers\n|upkeep\n|turn|8\n|\n|t:|1697743836\n|switch|p2a: Zacian|Zacian-Crowned|100\/100\n|-activate|p2a: Zacian|move: Sticky Web\n|-unboost|p2a: Zacian|spe|1\n|-ability|p2a: Zacian|Intrepid Sword|boost\n|-boost|p2a: Zacian|atk|1\n|move|p1a: Zacian|Substitute|p1a: Zacian\n|-start|p1a: Zacian|Substitute\n|-damage|p1a: Zacian|26\/100\n|\n|upkeep\n|turn|9\n|\n|t:|1697743844\n|move|p1a: Zacian|Swords Dance|p1a: Zacian\n|-boost|p1a: Zacian|atk|2\n|move|p2a: Zacian|Behemoth Blade|p1a: Zacian\n|-end|p1a: Zacian|Substitute\n|\n|upkeep\n|turn|10\n|\n|t:|1697743851\n|move|p1a: Zacian|Behemoth Blade|p2a: Zacian\n|-damage|p2a: Zacian|0 fnt\n|faint|p2a: Zacian\n|\n|upkeep\n|\n|t:|1697743861\n|switch|p2a: Chien-Pao|Chien-Pao|100\/100\n|-activate|p2a: Chien-Pao|move: Sticky Web\n|-unboost|p2a: Chien-Pao|spe|1\n|-ability|p2a: Chien-Pao|Sword of Ruin\n|turn|11\n|\n|t:|1697743866\n|move|p1a: Zacian|Behemoth Blade|p2a: Chien-Pao\n|-supereffective|p2a: Chien-Pao\n|-enditem|p2a: Chien-Pao|Focus Sash\n|-damage|p2a: Chien-Pao|1\/100\n|move|p2a: Chien-Pao|Sacred Sword|p1a: Zacian\n|-damage|p1a: Zacian|0 fnt\n|faint|p1a: Zacian\n|\n|upkeep\n|\n|t:|1697743875\n|switch|p1a: Arceus|Arceus|100\/100\n|turn|12\n|c|\u2606Paulwks|idiot piece of shit\n|n|\u203dPaulwks|paulwks\n|c|&|\/log Paulwks was locked from talking by Artemis. (\u2606Paulwks: idiot piece of shit)\n|c|&|\/raw <small>This action was done automatically. Want to learn more about the AI? <a href=\"https:\/\/www.smogon.com\/forums\/threads\/3570628\/#post-9056769\">Visit the information thread<\/a>.<\/small>\n|\n|t:|1697743892\n|move|p1a: Arceus|Extreme Speed|p2a: Chien-Pao\n|-damage|p2a: Chien-Pao|0 fnt\n|faint|p2a: Chien-Pao\n|\n|upkeep\n|c|\u2606hardrxck|LOL\n|-message|Paulwks forfeited.\n|\n|win|hardrxck\n|raw|hardrxck's rating: 1237 &rarr; <strong>1263<\/strong><br \/>(+26 for winning)\n|raw|Paulwks's rating: 1245 &rarr; <strong>1219<\/strong><br \/>(-26 for losing)\n|l|\u203dPaulwks\n","uploadtime":1697743882,"views":6,"p1id":"hardrxck","p2id":"paulwks","formatid":"gen9ubers","rating":1219,"private":0,"password":""}