{"id":"gen9ubers-1979215628","p1":"StealthR2","p2":"lewkzor","format":"[Gen 9] Ubers","log":"|j|\u2606StealthR2\n|j|\u2606lewkzor\n|t:|1698653819\n|gametype|singles\n|player|p1|StealthR2|grimsley|\n|player|p2|lewkzor|2|\n|teamsize|p1|6\n|teamsize|p2|6\n|gen|9\n|tier|[Gen 9] Ubers\n|rule|Sleep Clause Mod: Limit one foe put to sleep\n|rule|Species Clause: Limit one of each Pok\u00e9mon\n|rule|OHKO Clause: OHKO moves are banned\n|rule|Evasion Items Clause: Evasion items are banned\n|rule|Evasion Moves Clause: Evasion moves are banned\n|rule|Endless Battle Clause: Forcing endless battles is banned\n|rule|HP Percentage Mod: HP is shown in percentages\n|clearpoke\n|poke|p1|Basculin-Blue-Striped, M|\n|poke|p1|Spidops, M|\n|poke|p1|Moltres|\n|poke|p1|Mienshao, F|\n|poke|p1|Torterra, F|\n|poke|p1|Dragapult, F|\n|poke|p2|Hippowdon, F|\n|poke|p2|Scizor, M|\n|poke|p2|Snorlax, M|\n|poke|p2|Sandaconda, M|\n|poke|p2|Probopass, F|\n|poke|p2|Magnezone|\n|teampreview\n|j| NicNeg\n|c|\u2606StealthR2|glhf\n|\n|t:|1698653880\n|start\n|switch|p1a: Miles Morales|Spidops, M, shiny|100\/100\n|switch|p2a: Hippowdon|Hippowdon, F|100\/100\n|-weather|Sandstorm|[from] ability: Sand Stream|[of] p2a: Hippowdon\n|turn|1\n|\n|t:|1698653938\n|move|p2a: Hippowdon|Stealth Rock|p1a: Miles Morales\n|-sidestart|p1: StealthR2|move: Stealth Rock\n|move|p1a: Miles Morales|Spikes|p2a: Hippowdon\n|-sidestart|p2: lewkzor|Spikes\n|\n|-weather|Sandstorm|[upkeep]\n|-damage|p1a: Miles Morales|94\/100|[from] Sandstorm\n|upkeep\n|turn|2\n|\n|t:|1698653981\n|move|p1a: Miles Morales|Spikes|p2a: Hippowdon\n|-sidestart|p2: lewkzor|Spikes\n|move|p2a: Hippowdon|Roar|p1a: Miles Morales\n|drag|p1a: Toothless|Dragapult, F, shiny|100\/100\n|\n|-weather|Sandstorm|[upkeep]\n|-damage|p1a: Toothless|95\/100|[from] Sandstorm\n|upkeep\n|turn|3\n|\n|t:|1698654011\n|move|p1a: Toothless|Hydro Pump|p2a: Hippowdon|[miss]\n|-miss|p1a: Toothless|p2a: Hippowdon\n|move|p2a: Hippowdon|Earthquake|p1a: Toothless\n|-damage|p1a: Toothless|47\/100\n|-start|p2a: Hippowdon|Disable|Earthquake|[from] ability: Cursed Body|[of] p1a: Toothless\n|\n|-weather|Sandstorm|[upkeep]\n|-damage|p1a: Toothless|41\/100|[from] Sandstorm\n|upkeep\n|turn|4\n|\n|t:|1698654052\n|move|p1a: Toothless|Will-O-Wisp|p2a: Hippowdon\n|-status|p2a: Hippowdon|brn\n|move|p2a: Hippowdon|Roar|p1a: Toothless\n|drag|p1a: Azula|Mienshao, F|100\/100\n|-damage|p1a: Azula|95\/100|[from] Stealth Rock\n|\n|-weather|Sandstorm|[upkeep]\n|-damage|p1a: Azula|89\/100|[from] Sandstorm\n|-damage|p2a: Hippowdon|94\/100 brn|[from] brn\n|upkeep\n|turn|5\n|\n|t:|1698654098\n|switch|p2a: Sandaconda|Sandaconda, M|100\/100\n|-damage|p2a: Sandaconda|84\/100|[from] Spikes\n|move|p1a: Azula|Grass Knot|p2a: Sandaconda\n|-supereffective|p2a: Sandaconda\n|-damage|p2a: Sandaconda|9\/100\n|-damage|p1a: Azula|72\/100|[from] item: Rocky Helmet|[of] p2a: Sandaconda\n|-damage|p1a: Azula|62\/100|[from] item: Life Orb\n|\n|-weather|none\n|upkeep\n|turn|6\n|\n|t:|1698654115\n|move|p1a: Azula|Aura Sphere|p2a: Sandaconda\n|-damage|p2a: Sandaconda|0 fnt\n|faint|p2a: Sandaconda\n|-damage|p1a: Azula|52\/100|[from] item: Life Orb\n|\n|upkeep\n|j| Gatlan\n|\n|t:|1698654173\n|switch|p2a: Scizor|Scizor, M|100\/100\n|-damage|p2a: Scizor|84\/100|[from] Spikes\n|turn|7\n|l| Gatlan\n|\n|t:|1698654192\n|switch|p1a: Wicked Wing|Moltres, shiny|100\/100\n|move|p2a: Scizor|Bullet Punch|p1a: Wicked Wing\n|-resisted|p1a: Wicked Wing\n|-damage|p1a: Wicked Wing|75\/100\n|-damage|p2a: Scizor|74\/100|[from] item: Life Orb\n|\n|upkeep\n|turn|8\n|\n|t:|1698654205\n|switch|p2a: Snorlax|Snorlax, M|100\/100\n|-damage|p2a: Snorlax|84\/100|[from] Spikes\n|move|p1a: Wicked Wing|Will-O-Wisp|p2a: Snorlax\n|-status|p2a: Snorlax|brn\n|\n|-heal|p2a: Snorlax|90\/100 brn|[from] item: Leftovers\n|-damage|p2a: Snorlax|84\/100 brn|[from] brn\n|upkeep\n|turn|9\n|\n|t:|1698654236\n|switch|p1a: LeTurt James|Torterra, F|100\/100\n|-damage|p1a: LeTurt James|94\/100|[from] Stealth Rock\n|move|p2a: Snorlax|Body Slam|p1a: LeTurt James\n|-damage|p1a: LeTurt James|85\/100\n|-status|p1a: LeTurt James|par\n|\n|-heal|p2a: Snorlax|90\/100 brn|[from] item: Leftovers\n|-heal|p1a: LeTurt James|91\/100 par|[from] item: Leftovers\n|-damage|p2a: Snorlax|84\/100 brn|[from] brn\n|upkeep\n|turn|10\n|\n|t:|1698654263\n|move|p2a: Snorlax|Curse|p2a: Snorlax\n|-unboost|p2a: Snorlax|spe|1\n|-boost|p2a: Snorlax|atk|1\n|-boost|p2a: Snorlax|def|1\n|move|p1a: LeTurt James|Iron Defense|p1a: LeTurt James\n|-boost|p1a: LeTurt James|def|2\n|\n|-heal|p1a: LeTurt James|97\/100 par|[from] item: Leftovers\n|-heal|p2a: Snorlax|90\/100 brn|[from] item: Leftovers\n|-damage|p2a: Snorlax|84\/100 brn|[from] brn\n|upkeep\n|turn|11\n|\n|t:|1698654321\n|cant|p1a: LeTurt James|par\n|move|p2a: Snorlax|Curse|p2a: Snorlax\n|-unboost|p2a: Snorlax|spe|1\n|-boost|p2a: Snorlax|atk|1\n|-boost|p2a: Snorlax|def|1\n|\n|-heal|p1a: LeTurt James|100\/100 par|[from] item: Leftovers\n|-heal|p2a: Snorlax|90\/100 brn|[from] item: Leftovers\n|-damage|p2a: Snorlax|84\/100 brn|[from] brn\n|upkeep\n|turn|12\n|\n|t:|1698654335\n|cant|p1a: LeTurt James|par\n|move|p2a: Snorlax|Curse|p2a: Snorlax\n|-unboost|p2a: Snorlax|spe|1\n|-boost|p2a: Snorlax|atk|1\n|-boost|p2a: Snorlax|def|1\n|\n|-heal|p2a: Snorlax|90\/100 brn|[from] item: Leftovers\n|-damage|p2a: Snorlax|84\/100 brn|[from] brn\n|upkeep\n|turn|13\n|\n|t:|1698654344\n|move|p1a: LeTurt James|Iron Defense|p1a: LeTurt James\n|-boost|p1a: LeTurt James|def|2\n|move|p2a: Snorlax|Curse|p2a: Snorlax\n|-unboost|p2a: Snorlax|spe|1\n|-boost|p2a: Snorlax|atk|1\n|-boost|p2a: Snorlax|def|1\n|\n|-heal|p2a: Snorlax|90\/100 brn|[from] item: Leftovers\n|-damage|p2a: Snorlax|84\/100 brn|[from] brn\n|upkeep\n|turn|14\n|\n|t:|1698654357\n|move|p1a: LeTurt James|Leech Seed|p2a: Snorlax\n|-start|p2a: Snorlax|move: Leech Seed\n|move|p2a: Snorlax|Curse|p2a: Snorlax\n|-unboost|p2a: Snorlax|spe|1\n|-boost|p2a: Snorlax|atk|1\n|-boost|p2a: Snorlax|def|1\n|\n|-heal|p2a: Snorlax|90\/100 brn|[from] item: Leftovers\n|-damage|p2a: Snorlax|78\/100 brn|[from] Leech Seed|[of] p1a: LeTurt James\n|-damage|p2a: Snorlax|71\/100 brn|[from] brn\n|upkeep\n|turn|15\n|\n|t:|1698654375\n|move|p1a: LeTurt James|Iron Defense|p1a: LeTurt James\n|-boost|p1a: LeTurt James|def|2\n|move|p2a: Snorlax|Rest|p2a: Snorlax\n|-status|p2a: Snorlax|slp|[from] move: Rest\n|-heal|p2a: Snorlax|100\/100 slp|[silent]\n|\n|-damage|p2a: Snorlax|88\/100 slp|[from] Leech Seed|[of] p1a: LeTurt James\n|upkeep\n|turn|16\n|\n|t:|1698654389\n|move|p1a: LeTurt James|Body Press|p2a: Snorlax\n|-supereffective|p2a: Snorlax\n|-damage|p2a: Snorlax|44\/100 slp\n|cant|p2a: Snorlax|slp\n|\n|-heal|p2a: Snorlax|50\/100 slp|[from] item: Leftovers\n|-damage|p2a: Snorlax|38\/100 slp|[from] Leech Seed|[of] p1a: LeTurt James\n|upkeep\n|turn|17\n|\n|t:|1698654399\n|switch|p2a: Hippowdon|Hippowdon, F|94\/100 brn\n|-damage|p2a: Hippowdon|78\/100 brn|[from] Spikes\n|-weather|Sandstorm|[from] ability: Sand Stream|[of] p2a: Hippowdon\n|move|p1a: LeTurt James|Body Press|p2a: Hippowdon\n|-damage|p2a: Hippowdon|12\/100 brn\n|\n|-weather|Sandstorm|[upkeep]\n|-heal|p2a: Hippowdon|18\/100 brn|[from] item: Leftovers\n|-damage|p2a: Hippowdon|12\/100 brn|[from] brn\n|upkeep\n|turn|18\n|\n|t:|1698654411\n|move|p1a: LeTurt James|Body Press|p2a: Hippowdon\n|-damage|p2a: Hippowdon|0 fnt\n|faint|p2a: Hippowdon\n|\n|-weather|Sandstorm|[upkeep]\n|upkeep\n|\n|t:|1698654439\n|switch|p2a: Probopass|Probopass, F|100\/100\n|-item|p2a: Probopass|Air Balloon\n|turn|19\n|\n|t:|1698654453\n|move|p2a: Probopass|Flash Cannon|p1a: LeTurt James\n|-damage|p1a: LeTurt James|70\/100 par\n|move|p1a: LeTurt James|Body Press|p2a: Probopass\n|-supereffective|p2a: Probopass\n|-damage|p2a: Probopass|0 fnt\n|-enditem|p2a: Probopass|Air Balloon\n|faint|p2a: Probopass\n|\n|-weather|Sandstorm|[upkeep]\n|-heal|p1a: LeTurt James|76\/100 par|[from] item: Leftovers\n|upkeep\n|\n|t:|1698654472\n|switch|p2a: Magnezone|Magnezone|100\/100\n|-damage|p2a: Magnezone|84\/100|[from] Spikes\n|turn|20\n|\n|t:|1698654481\n|move|p1a: LeTurt James|Protect|p1a: LeTurt James\n|-singleturn|p1a: LeTurt James|Protect\n|move|p2a: Magnezone|Flash Cannon|p1a: LeTurt James\n|-activate|p1a: LeTurt James|move: Protect\n|\n|-weather|Sandstorm|[upkeep]\n|-heal|p1a: LeTurt James|83\/100 par|[from] item: Leftovers\n|upkeep\n|turn|21\n|\n|t:|1698654489\n|move|p2a: Magnezone|Flash Cannon|p1a: LeTurt James\n|-damage|p1a: LeTurt James|8\/100 par\n|cant|p1a: LeTurt James|par\n|\n|-weather|none\n|-heal|p1a: LeTurt James|15\/100 par|[from] item: Leftovers\n|upkeep\n|turn|22\n|\n|t:|1698654539\n|switch|p1a: Wicked Wing|Moltres, shiny|75\/100\n|move|p2a: Magnezone|Flash Cannon|p1a: Wicked Wing\n|-resisted|p1a: Wicked Wing\n|-damage|p1a: Wicked Wing|33\/100\n|\n|upkeep\n|turn|23\n|\n|t:|1698654578\n|switch|p2a: Snorlax|Snorlax, M|38\/100 slp\n|-damage|p2a: Snorlax|21\/100 slp|[from] Spikes\n|move|p1a: Wicked Wing|Roost|p1a: Wicked Wing\n|-heal|p1a: Wicked Wing|83\/100\n|-singleturn|p1a: Wicked Wing|move: Roost\n|\n|-heal|p2a: Snorlax|27\/100 slp|[from] item: Leftovers\n|upkeep\n|turn|24\n|\n|t:|1698654618\n|switch|p2a: Magnezone|Magnezone|84\/100\n|-damage|p2a: Magnezone|67\/100|[from] Spikes\n|-terastallize|p1a: Wicked Wing|Water\n|move|p1a: Wicked Wing|Tera Blast|p2a: Magnezone|[anim] Tera Blast Water\n|-damage|p2a: Magnezone|13\/100\n|\n|upkeep\n|turn|25\n|\n|t:|1698654642\n|switch|p1a: LeTurt James|Torterra, F|15\/100 par\n|-damage|p1a: LeTurt James|8\/100 par|[from] Stealth Rock\n|move|p2a: Magnezone|Volt Switch|p1a: LeTurt James\n|-immune|p1a: LeTurt James\n|\n|-heal|p1a: LeTurt James|15\/100 par|[from] item: Leftovers\n|upkeep\n|turn|26\n|\n|t:|1698654690\n|switch|p2a: Scizor|Scizor, M|74\/100\n|-damage|p2a: Scizor|58\/100|[from] Spikes\n|cant|p1a: LeTurt James|par\n|\n|-heal|p1a: LeTurt James|21\/100 par|[from] item: Leftovers\n|upkeep\n|turn|27\n|\n|t:|1698654728\n|move|p2a: Scizor|Swords Dance|p2a: Scizor\n|-boost|p2a: Scizor|atk|2\n|move|p1a: LeTurt James|Body Press|p2a: Scizor\n|-damage|p2a: Scizor|23\/100\n|\n|-heal|p1a: LeTurt James|27\/100 par|[from] item: Leftovers\n|upkeep\n|turn|28\n|\n|t:|1698654740\n|move|p2a: Scizor|Bullet Punch|p1a: LeTurt James\n|-damage|p1a: LeTurt James|0 fnt\n|faint|p1a: LeTurt James\n|-damage|p2a: Scizor|13\/100|[from] item: Life Orb\n|\n|upkeep\n|\n|t:|1698654748\n|switch|p1a: Azula|Mienshao, F|85\/100\n|-damage|p1a: Azula|79\/100|[from] Stealth Rock\n|turn|29\n|\n|t:|1698654761\n|move|p1a: Azula|Vacuum Wave|p2a: Scizor\n|-damage|p2a: Scizor|0 fnt\n|faint|p2a: Scizor\n|-damage|p1a: Azula|70\/100|[from] item: Life Orb\n|\n|upkeep\n|\n|t:|1698654772\n|switch|p2a: Magnezone|Magnezone|13\/100\n|-damage|p2a: Magnezone|0 fnt|[from] Spikes\n|faint|p2a: Magnezone\n|\n|t:|1698654776\n|switch|p2a: Snorlax|Snorlax, M|27\/100 slp\n|-damage|p2a: Snorlax|11\/100 slp|[from] Spikes\n|turn|30\n|\n|t:|1698654790\n|move|p1a: Azula|Aura Sphere|p2a: Snorlax\n|-supereffective|p2a: Snorlax\n|-damage|p2a: Snorlax|0 fnt\n|faint|p2a: Snorlax\n|-damage|p1a: Azula|60\/100|[from] item: Life Orb\n|\n|win|StealthR2\n|c|\u2606StealthR2|gg\n|l| NicNeg\n","uploadtime":1698654805,"views":28,"p1id":"stealthr2","p2id":"lewkzor","formatid":"gen9ubers","rating":0,"private":0,"password":""}