{"id":"gen9ubers-1999984344","p1":"bruc3wi11is","p2":"DMBubba","format":"[Gen 9] Ubers","log":"|j|\u2606bruc3wi11is\n|j|\u2606DMBubba\n|t:|1701137670\n|gametype|singles\n|player|p1|bruc3wi11is|red|1176\n|player|p2|DMBubba|colress|1040\n|teamsize|p1|6\n|teamsize|p2|6\n|gen|9\n|tier|[Gen 9] Ubers\n|rated|\n|rule|Sleep Clause Mod: Limit one foe put to sleep\n|rule|Species Clause: Limit one of each Pok\u00e9mon\n|rule|OHKO Clause: OHKO moves are banned\n|rule|Evasion Items Clause: Evasion items are banned\n|rule|Evasion Moves Clause: Evasion moves are banned\n|rule|Endless Battle Clause: Forcing endless battles is banned\n|rule|HP Percentage Mod: HP is shown in percentages\n|clearpoke\n|poke|p1|Annihilape, F|\n|poke|p1|Amoonguss, M|\n|poke|p1|Zacian-*|\n|poke|p1|Mewtwo|\n|poke|p1|Rayquaza|\n|poke|p1|Kyogre|\n|poke|p2|Garganacl, M|\n|poke|p2|Kingambit, F|\n|poke|p2|Glimmora, M|\n|poke|p2|Sneasler, M|\n|poke|p2|Ceruledge, F|\n|poke|p2|Landorus-Therian, M|\n|teampreview\n|inactive|Battle timer is ON: inactive players will automatically lose when time's up. (requested by bruc3wi11is)\n|c|\u2606DMBubba|Good Luck\n|\n|t:|1701137686\n|start\n|switch|p1a: Amoonguss|Amoonguss, M|100\/100\n|switch|p2a: Glimmora|Glimmora, M|100\/100\n|turn|1\n|\n|t:|1701137691\n|move|p2a: Glimmora|Stealth Rock|p1a: Amoonguss\n|-sidestart|p1: bruc3wi11is|move: Stealth Rock\n|move|p1a: Amoonguss|Spore|p2a: Glimmora\n|-status|p2a: Glimmora|slp|[from] move: Spore\n|\n|upkeep\n|turn|2\n|\n|t:|1701137706\n|switch|p1a: Mewtwo|Mewtwo|100\/100\n|-ability|p1a: Mewtwo|Pressure\n|cant|p2a: Glimmora|slp\n|\n|upkeep\n|turn|3\n|\n|t:|1701137718\n|move|p1a: Mewtwo|Psystrike|p2a: Glimmora\n|-supereffective|p2a: Glimmora\n|-enditem|p2a: Glimmora|Focus Sash\n|-damage|p2a: Glimmora|1\/100 slp\n|cant|p2a: Glimmora|slp\n|\n|upkeep\n|turn|4\n|\n|t:|1701137732\n|switch|p2a: Ceruledge|Ceruledge, F|100\/100\n|move|p1a: Mewtwo|Flamethrower|p2a: Ceruledge\n|-resisted|p2a: Ceruledge\n|-damage|p2a: Ceruledge|80\/100\n|\n|upkeep\n|turn|5\n|\n|t:|1701137744\n|move|p1a: Mewtwo|Psystrike|p2a: Ceruledge\n|-damage|p2a: Ceruledge|3\/100\n|move|p2a: Ceruledge|Poltergeist|p1a: Mewtwo\n|-activate|p1a: Mewtwo|move: Poltergeist|Heavy-Duty Boots\n|-supereffective|p1a: Mewtwo\n|-damage|p1a: Mewtwo|0 fnt\n|faint|p1a: Mewtwo\n|\n|upkeep\n|\n|t:|1701137753\n|switch|p1a: Rayquaza|Rayquaza|100\/100\n|-ability|p1a: Rayquaza|Air Lock\n|turn|6\n|\n|t:|1701137763\n|-terastallize|p2a: Ceruledge|Ghost\n|move|p1a: Rayquaza|Earthquake|p2a: Ceruledge\n|-damage|p2a: Ceruledge|0 fnt\n|faint|p2a: Ceruledge\n|\n|upkeep\n|\n|t:|1701137769\n|switch|p2a: Glimmora|Glimmora, M|1\/100 slp\n|turn|7\n|\n|t:|1701137773\n|switch|p1a: Amoonguss|Amoonguss, M|100\/100\n|-damage|p1a: Amoonguss|88\/100|[from] Stealth Rock\n|cant|p2a: Glimmora|slp\n|\n|upkeep\n|turn|8\n|\n|t:|1701137787\n|switch|p2a: Garganacl|Garganacl, M|100\/100\n|move|p1a: Amoonguss|Giga Drain|p2a: Garganacl\n|-supereffective|p2a: Garganacl\n|-damage|p2a: Garganacl|69\/100\n|-heal|p1a: Amoonguss|100\/100|[from] drain|[of] p2a: Garganacl\n|\n|-heal|p2a: Garganacl|75\/100|[from] item: Leftovers\n|upkeep\n|turn|9\n|\n|t:|1701137797\n|move|p2a: Garganacl|Curse|p2a: Garganacl\n|-unboost|p2a: Garganacl|spe|1\n|-boost|p2a: Garganacl|atk|1\n|-boost|p2a: Garganacl|def|1\n|move|p1a: Amoonguss|Giga Drain|p2a: Garganacl\n|-supereffective|p2a: Garganacl\n|-damage|p2a: Garganacl|48\/100\n|\n|-heal|p2a: Garganacl|54\/100|[from] item: Leftovers\n|upkeep\n|turn|10\n|\n|t:|1701137809\n|move|p1a: Amoonguss|Giga Drain|p2a: Garganacl\n|-supereffective|p2a: Garganacl\n|-damage|p2a: Garganacl|25\/100\n|move|p2a: Garganacl|Recover|p2a: Garganacl\n|-heal|p2a: Garganacl|75\/100\n|\n|-heal|p2a: Garganacl|81\/100|[from] item: Leftovers\n|upkeep\n|turn|11\n|\n|t:|1701137815\n|move|p1a: Amoonguss|Giga Drain|p2a: Garganacl\n|-supereffective|p2a: Garganacl\n|-damage|p2a: Garganacl|50\/100\n|move|p2a: Garganacl|Curse|p2a: Garganacl\n|-unboost|p2a: Garganacl|spe|1\n|-boost|p2a: Garganacl|atk|1\n|-boost|p2a: Garganacl|def|1\n|\n|-heal|p2a: Garganacl|56\/100|[from] item: Leftovers\n|upkeep\n|turn|12\n|\n|t:|1701137824\n|move|p1a: Amoonguss|Giga Drain|p2a: Garganacl\n|-supereffective|p2a: Garganacl\n|-damage|p2a: Garganacl|26\/100\n|move|p2a: Garganacl|Recover|p2a: Garganacl\n|-heal|p2a: Garganacl|76\/100\n|\n|-heal|p2a: Garganacl|82\/100|[from] item: Leftovers\n|upkeep\n|turn|13\n|\n|t:|1701137833\n|move|p1a: Amoonguss|Giga Drain|p2a: Garganacl\n|-supereffective|p2a: Garganacl\n|-damage|p2a: Garganacl|52\/100\n|move|p2a: Garganacl|Curse|p2a: Garganacl\n|-unboost|p2a: Garganacl|spe|1\n|-boost|p2a: Garganacl|atk|1\n|-boost|p2a: Garganacl|def|1\n|\n|-heal|p2a: Garganacl|58\/100|[from] item: Leftovers\n|upkeep\n|turn|14\n|\n|t:|1701137843\n|move|p1a: Amoonguss|Giga Drain|p2a: Garganacl\n|-supereffective|p2a: Garganacl\n|-damage|p2a: Garganacl|28\/100\n|move|p2a: Garganacl|Recover|p2a: Garganacl\n|-heal|p2a: Garganacl|78\/100\n|\n|-heal|p2a: Garganacl|84\/100|[from] item: Leftovers\n|upkeep\n|turn|15\n|\n|t:|1701137850\n|move|p1a: Amoonguss|Giga Drain|p2a: Garganacl\n|-supereffective|p2a: Garganacl\n|-damage|p2a: Garganacl|57\/100\n|move|p2a: Garganacl|Curse|p2a: Garganacl\n|-unboost|p2a: Garganacl|spe|1\n|-boost|p2a: Garganacl|atk|1\n|-boost|p2a: Garganacl|def|1\n|\n|-heal|p2a: Garganacl|63\/100|[from] item: Leftovers\n|upkeep\n|turn|16\n|\n|t:|1701137859\n|move|p1a: Amoonguss|Giga Drain|p2a: Garganacl\n|-supereffective|p2a: Garganacl\n|-crit|p2a: Garganacl\n|-damage|p2a: Garganacl|17\/100\n|move|p2a: Garganacl|Recover|p2a: Garganacl\n|-heal|p2a: Garganacl|67\/100\n|\n|-heal|p2a: Garganacl|73\/100|[from] item: Leftovers\n|upkeep\n|turn|17\n|\n|t:|1701137868\n|move|p1a: Amoonguss|Giga Drain|p2a: Garganacl\n|-supereffective|p2a: Garganacl\n|-damage|p2a: Garganacl|46\/100\n|move|p2a: Garganacl|Recover|p2a: Garganacl\n|-heal|p2a: Garganacl|96\/100\n|\n|-heal|p2a: Garganacl|100\/100|[from] item: Leftovers\n|upkeep\n|turn|18\n|\n|t:|1701137877\n|move|p1a: Amoonguss|Giga Drain|p2a: Garganacl\n|-supereffective|p2a: Garganacl\n|-damage|p2a: Garganacl|69\/100\n|move|p2a: Garganacl|Curse|p2a: Garganacl\n|-unboost|p2a: Garganacl|spe|1\n|-boost|p2a: Garganacl|atk|1\n|-boost|p2a: Garganacl|def|1\n|\n|-heal|p2a: Garganacl|75\/100|[from] item: Leftovers\n|upkeep\n|turn|19\n|\n|t:|1701137885\n|move|p1a: Amoonguss|Giga Drain|p2a: Garganacl\n|-supereffective|p2a: Garganacl\n|-damage|p2a: Garganacl|43\/100\n|move|p2a: Garganacl|Curse|p2a: Garganacl\n|-unboost|p2a: Garganacl|spe|1\n|-boost|p2a: Garganacl|atk|1\n|-boost|p2a: Garganacl|def|1\n|\n|-heal|p2a: Garganacl|50\/100|[from] item: Leftovers\n|upkeep\n|turn|20\n|\n|t:|1701137897\n|move|p1a: Amoonguss|Giga Drain|p2a: Garganacl\n|-supereffective|p2a: Garganacl\n|-damage|p2a: Garganacl|18\/100\n|move|p2a: Garganacl|Recover|p2a: Garganacl\n|-heal|p2a: Garganacl|68\/100\n|\n|-heal|p2a: Garganacl|75\/100|[from] item: Leftovers\n|upkeep\n|turn|21\n|\n|t:|1701137906\n|move|p1a: Amoonguss|Giga Drain|p2a: Garganacl\n|-supereffective|p2a: Garganacl\n|-damage|p2a: Garganacl|44\/100\n|move|p2a: Garganacl|Recover|p2a: Garganacl\n|-heal|p2a: Garganacl|94\/100\n|\n|-heal|p2a: Garganacl|100\/100|[from] item: Leftovers\n|upkeep\n|turn|22\n|\n|t:|1701137913\n|move|p1a: Amoonguss|Giga Drain|p2a: Garganacl\n|-supereffective|p2a: Garganacl\n|-damage|p2a: Garganacl|72\/100\n|move|p2a: Garganacl|Salt Cure|p1a: Amoonguss\n|-damage|p1a: Amoonguss|59\/100\n|-start|p1a: Amoonguss|Salt Cure\n|\n|-heal|p2a: Garganacl|78\/100|[from] item: Leftovers\n|-damage|p1a: Amoonguss|46\/100|[from] Salt Cure\n|upkeep\n|turn|23\n|\n|t:|1701137922\n|move|p1a: Amoonguss|Giga Drain|p2a: Garganacl\n|-supereffective|p2a: Garganacl\n|-damage|p2a: Garganacl|50\/100\n|-heal|p1a: Amoonguss|60\/100|[from] drain|[of] p2a: Garganacl\n|move|p2a: Garganacl|Salt Cure|p1a: Amoonguss\n|-damage|p1a: Amoonguss|15\/100\n|\n|-heal|p2a: Garganacl|56\/100|[from] item: Leftovers\n|-damage|p1a: Amoonguss|3\/100|[from] Salt Cure\n|upkeep\n|turn|24\n|\n|t:|1701137932\n|move|p1a: Amoonguss|Sludge Bomb|p2a: Garganacl\n|-resisted|p2a: Garganacl\n|-damage|p2a: Garganacl|48\/100\n|move|p2a: Garganacl|Recover|p2a: Garganacl\n|-heal|p2a: Garganacl|98\/100\n|\n|-heal|p2a: Garganacl|100\/100|[from] item: Leftovers\n|-damage|p1a: Amoonguss|0 fnt|[from] Salt Cure\n|faint|p1a: Amoonguss\n|upkeep\n|\n|t:|1701137938\n|switch|p1a: Kyogre|Kyogre|100\/100\n|-damage|p1a: Kyogre|88\/100|[from] Stealth Rock\n|-weather|RainDance|[from] ability: Drizzle|[of] p1a: Kyogre\n|turn|25\n|\n|t:|1701137961\n|move|p1a: Kyogre|Water Spout|p2a: Garganacl\n|-supereffective|p2a: Garganacl\n|-damage|p2a: Garganacl|0 fnt\n|faint|p2a: Garganacl\n|\n|-weather|RainDance|[upkeep]\n|upkeep\n|c|\u2606bruc3wi11is|Lol\n|\n|t:|1701137974\n|switch|p2a: Sneasler|Sneasler, M|100\/100\n|turn|26\n|\n|t:|1701137978\n|move|p1a: Kyogre|Water Spout|p2a: Sneasler\n|-enditem|p2a: Sneasler|Focus Sash\n|-damage|p2a: Sneasler|1\/100\n|move|p2a: Sneasler|Swords Dance|p2a: Sneasler\n|-boost|p2a: Sneasler|atk|2\n|\n|-weather|RainDance|[upkeep]\n|upkeep\n|turn|27\n|\n|t:|1701137992\n|move|p2a: Sneasler|Close Combat|p1a: Kyogre\n|-damage|p1a: Kyogre|0 fnt\n|-unboost|p2a: Sneasler|def|1\n|-unboost|p2a: Sneasler|spd|1\n|faint|p1a: Kyogre\n|\n|-weather|RainDance|[upkeep]\n|upkeep\n|\n|t:|1701137999\n|switch|p1a: Annihilape|Annihilape, F, shiny|100\/100\n|-damage|p1a: Annihilape|94\/100|[from] Stealth Rock\n|turn|28\n|\n|t:|1701138004\n|move|p2a: Sneasler|Night Slash|p1a: Annihilape\n|-damage|p1a: Annihilape|46\/100\n|move|p1a: Annihilape|Rage Fist|p2a: Sneasler\n|-crit|p2a: Sneasler\n|-damage|p2a: Sneasler|0 fnt\n|faint|p2a: Sneasler\n|\n|-weather|RainDance|[upkeep]\n|-heal|p1a: Annihilape|52\/100|[from] item: Leftovers\n|upkeep\n|\n|t:|1701138013\n|switch|p2a: Glimmora|Glimmora, M|1\/100 slp\n|turn|29\n|\n|t:|1701138019\n|-curestatus|p2a: Glimmora|slp|[msg]\n|move|p2a: Glimmora|Mortal Spin|p1a: Annihilape\n|-resisted|p1a: Annihilape\n|-damage|p1a: Annihilape|50\/100\n|-status|p1a: Annihilape|psn\n|move|p1a: Annihilape|Bulk Up|p1a: Annihilape\n|-boost|p1a: Annihilape|atk|1\n|-boost|p1a: Annihilape|def|1\n|\n|-weather|none\n|-heal|p1a: Annihilape|56\/100 psn|[from] item: Leftovers\n|-damage|p1a: Annihilape|43\/100 psn|[from] psn\n|upkeep\n|turn|30\n|\n|t:|1701138038\n|move|p2a: Glimmora|Earth Power|p1a: Annihilape\n|-damage|p1a: Annihilape|22\/100 psn\n|move|p1a: Annihilape|Rage Fist|p2a: Glimmora\n|-damage|p2a: Glimmora|0 fnt\n|-activate|p2a: Glimmora|ability: Toxic Debris\n|-sidestart|p1: bruc3wi11is|move: Toxic Spikes\n|faint|p2a: Glimmora\n|\n|-heal|p1a: Annihilape|29\/100 psn|[from] item: Leftovers\n|-damage|p1a: Annihilape|16\/100 psn|[from] psn\n|upkeep\n|\n|t:|1701138048\n|switch|p2a: Landorus|Landorus-Therian, M|100\/100\n|-ability|p2a: Landorus|Intimidate|boost\n|-unboost|p1a: Annihilape|atk|1\n|-ability|p1a: Annihilape|Defiant|boost\n|-boost|p1a: Annihilape|atk|2\n|turn|31\n|\n|t:|1701138058\n|move|p2a: Landorus|Earthquake|p1a: Annihilape\n|-damage|p1a: Annihilape|0 fnt\n|faint|p1a: Annihilape\n|\n|upkeep\n|\n|t:|1701138060\n|switch|p1a: Zacian|Zacian-Crowned|100\/100\n|-damage|p1a: Zacian|94\/100|[from] Stealth Rock\n|-ability|p1a: Zacian|Intrepid Sword|boost\n|-boost|p1a: Zacian|atk|1\n|turn|32\n|\n|t:|1701138071\n|-terastallize|p1a: Zacian|Ground\n|move|p2a: Landorus|Earthquake|p1a: Zacian\n|-damage|p1a: Zacian|46\/100\n|move|p1a: Zacian|Swords Dance|p1a: Zacian\n|-boost|p1a: Zacian|atk|2\n|\n|upkeep\n|turn|33\n|\n|t:|1701138078\n|move|p2a: Landorus|Earthquake|p1a: Zacian\n|-damage|p1a: Zacian|0 fnt\n|faint|p1a: Zacian\n|\n|upkeep\n|\n|t:|1701138080\n|switch|p1a: Rayquaza|Rayquaza|100\/100\n|-ability|p1a: Rayquaza|Air Lock\n|turn|34\n|\n|t:|1701138086\n|switch|p2a: Kingambit|Kingambit, F|100\/100\n|-activate|p2a: Kingambit|ability: Supreme Overlord\n|-start|p2a: Kingambit|fallen4|[silent]\n|move|p1a: Rayquaza|Dragon Dance|p1a: Rayquaza\n|-boost|p1a: Rayquaza|atk|1\n|-boost|p1a: Rayquaza|spe|1\n|\n|upkeep\n|turn|35\n|\n|t:|1701138104\n|move|p1a: Rayquaza|Earthquake|p2a: Kingambit\n|-supereffective|p2a: Kingambit\n|-damage|p2a: Kingambit|0 fnt\n|faint|p2a: Kingambit\n|-end|p2a: Kingambit|fallen4|[silent]\n|\n|upkeep\n|\n|t:|1701138108\n|switch|p2a: Landorus|Landorus-Therian, M|100\/100\n|-ability|p2a: Landorus|Intimidate|boost\n|-unboost|p1a: Rayquaza|atk|1\n|turn|36\n|\n|t:|1701138114\n|move|p1a: Rayquaza|Substitute|p1a: Rayquaza\n|-start|p1a: Rayquaza|Substitute\n|-damage|p1a: Rayquaza|76\/100\n|move|p2a: Landorus|Stone Edge|p1a: Rayquaza\n|-supereffective|p1a: Rayquaza\n|-end|p1a: Rayquaza|Substitute\n|\n|upkeep\n|turn|37\n|\n|t:|1701138120\n|move|p1a: Rayquaza|Substitute|p1a: Rayquaza\n|-start|p1a: Rayquaza|Substitute\n|-damage|p1a: Rayquaza|51\/100\n|move|p2a: Landorus|Stone Edge|p1a: Rayquaza\n|-supereffective|p1a: Rayquaza\n|-end|p1a: Rayquaza|Substitute\n|\n|upkeep\n|turn|38\n|\n|t:|1701138125\n|move|p1a: Rayquaza|Substitute|p1a: Rayquaza\n|-start|p1a: Rayquaza|Substitute\n|-damage|p1a: Rayquaza|26\/100\n|move|p2a: Landorus|Stone Edge|p1a: Rayquaza\n|-supereffective|p1a: Rayquaza\n|-crit|p1a: Rayquaza\n|-end|p1a: Rayquaza|Substitute\n|\n|upkeep\n|turn|39\n|\n|t:|1701138135\n|move|p1a: Rayquaza|Substitute|p1a: Rayquaza\n|-start|p1a: Rayquaza|Substitute\n|-damage|p1a: Rayquaza|1\/100\n|move|p2a: Landorus|Stone Edge|p1a: Rayquaza\n|-supereffective|p1a: Rayquaza\n|-end|p1a: Rayquaza|Substitute\n|\n|upkeep\n|turn|40\n|\n|t:|1701138141\n|move|p1a: Rayquaza|Dragon Dance|p1a: Rayquaza\n|-boost|p1a: Rayquaza|atk|1\n|-boost|p1a: Rayquaza|spe|1\n|move|p2a: Landorus|Stone Edge|p1a: Rayquaza|[miss]\n|-miss|p2a: Landorus|p1a: Rayquaza\n|\n|upkeep\n|turn|41\n|\n|t:|1701138146\n|move|p1a: Rayquaza|Dragon Ascent|p2a: Landorus\n|-damage|p2a: Landorus|0 fnt\n|-unboost|p1a: Rayquaza|def|1\n|-unboost|p1a: Rayquaza|spd|1\n|faint|p2a: Landorus\n|\n|win|bruc3wi11is\n|raw|bruc3wi11is's rating: 1176 &rarr; <strong>1192<\/strong><br \/>(+16 for winning)\n|raw|DMBubba's rating: 1040 &rarr; <strong>1030<\/strong><br \/>(-10 for losing)\n|c|\u2606DMBubba|GG'\n","uploadtime":1701138155,"views":3,"p1id":"bruc3wi11is","p2id":"dmbubba","formatid":"gen9ubers","rating":1030,"private":0,"password":""}