{"id":"gen9ubers-1983489794","p1":"natorsa","p2":"matorsa","format":"[Gen 9] Ubers","log":"|j|\u2606natorsa\n|j|\u2606matorsa\n|t:|1699135681\n|gametype|singles\n|player|p1|natorsa|1|\n|player|p2|matorsa|102|\n|teamsize|p1|6\n|teamsize|p2|6\n|gen|9\n|tier|[Gen 9] Ubers\n|rule|Sleep Clause Mod: Limit one foe put to sleep\n|rule|Species Clause: Limit one of each Pok\u00e9mon\n|rule|OHKO Clause: OHKO moves are banned\n|rule|Evasion Items Clause: Evasion items are banned\n|rule|Evasion Moves Clause: Evasion moves are banned\n|rule|Endless Battle Clause: Forcing endless battles is banned\n|rule|HP Percentage Mod: HP is shown in percentages\n|clearpoke\n|poke|p1|Noivern, M|\n|poke|p1|Houndoom, M|\n|poke|p1|Sinistcha|\n|poke|p1|Milotic, M|\n|poke|p1|Lucario, M|\n|poke|p1|Gardevoir, M|\n|poke|p2|Skeledirge, F|\n|poke|p2|Tinkaton, F|\n|poke|p2|Toedscruel, M|\n|poke|p2|Dondozo, M|\n|poke|p2|Bellibolt, F|\n|poke|p2|Flamigo, F|\n|teampreview\n|\n|t:|1699135698\n|start\n|switch|p1a: Lucario|Lucario, M|100\/100\n|switch|p2a: Toedscruel|Toedscruel, M|100\/100\n|turn|1\n|\n|t:|1699135708\n|move|p2a: Toedscruel|Earth Power|p1a: Lucario\n|-supereffective|p1a: Lucario\n|-damage|p1a: Lucario|0 fnt\n|faint|p1a: Lucario\n|-damage|p2a: Toedscruel|91\/100|[from] item: Life Orb\n|\n|upkeep\n|\n|t:|1699135722\n|switch|p1a: Gardevoir|Gardevoir, M|100\/100\n|turn|2\n|\n|t:|1699135734\n|switch|p2a: Skeledirge|Skeledirge, F|100\/100\n|move|p1a: Gardevoir|Thunderbolt|p2a: Skeledirge\n|-damage|p2a: Skeledirge|69\/100\n|\n|upkeep\n|turn|3\n|\n|t:|1699135743\n|switch|p1a: Houndoom|Houndoom, M|100\/100\n|-ability|p1a: Houndoom|Unnerve\n|move|p2a: Skeledirge|Earth Power|p1a: Houndoom\n|-supereffective|p1a: Houndoom\n|-damage|p1a: Houndoom|0 fnt\n|faint|p1a: Houndoom\n|-damage|p2a: Skeledirge|59\/100|[from] item: Life Orb\n|\n|upkeep\n|\n|t:|1699135748\n|switch|p1a: Noivern|Noivern, M|100\/100\n|turn|4\n|\n|t:|1699135753\n|move|p1a: Noivern|Boomburst|p2a: Skeledirge\n|-immune|p2a: Skeledirge\n|move|p2a: Skeledirge|Shadow Ball|p1a: Noivern\n|-damage|p1a: Noivern|42\/100\n|-damage|p2a: Skeledirge|49\/100|[from] item: Life Orb\n|\n|upkeep\n|turn|5\n|\n|t:|1699135771\n|switch|p1a: Milotic|Milotic, M|100\/100\n|move|p2a: Skeledirge|Shadow Ball|p1a: Milotic\n|-damage|p1a: Milotic|68\/100\n|-unboost|p1a: Milotic|spd|1\n|-damage|p2a: Skeledirge|39\/100|[from] item: Life Orb\n|\n|-heal|p1a: Milotic|74\/100|[from] item: Leftovers\n|upkeep\n|turn|6\n|\n|t:|1699135788\n|switch|p2a: Bellibolt|Bellibolt, F|100\/100\n|move|p1a: Milotic|Ice Beam|p2a: Bellibolt\n|-damage|p2a: Bellibolt|77\/100\n|-start|p2a: Bellibolt|Charge|Ice Beam|[from] ability: Electromorphosis\n|\n|-heal|p1a: Milotic|80\/100|[from] item: Leftovers\n|upkeep\n|turn|7\n|\n|t:|1699135805\n|switch|p1a: Sinistcha|Sinistcha|100\/100\n|switch|p2a: Flamigo|Flamigo, F|100\/100\n|\n|upkeep\n|turn|8\n|\n|t:|1699135814\n|switch|p1a: Gardevoir|Gardevoir, M|100\/100\n|move|p2a: Flamigo|Brave Bird|p1a: Gardevoir\n|-damage|p1a: Gardevoir|16\/100\n|-enditem|p1a: Gardevoir|Sitrus Berry|[eat]\n|-heal|p1a: Gardevoir|41\/100|[from] item: Sitrus Berry\n|-damage|p2a: Flamigo|69\/100|[from] Recoil\n|\n|upkeep\n|turn|9\n|\n|t:|1699135818\n|move|p2a: Flamigo|Brave Bird|p1a: Gardevoir\n|-damage|p1a: Gardevoir|0 fnt\n|faint|p1a: Gardevoir\n|-damage|p2a: Flamigo|55\/100|[from] Recoil\n|\n|upkeep\n|\n|t:|1699135824\n|switch|p1a: Noivern|Noivern, M|42\/100\n|turn|10\n|\n|t:|1699135829\n|move|p1a: Noivern|Boomburst|p2a: Flamigo\n|-damage|p2a: Flamigo|1\/100\n|-damage|p1a: Noivern|32\/100|[from] item: Life Orb\n|move|p2a: Flamigo|Brave Bird|p1a: Noivern\n|-damage|p1a: Noivern|0 fnt\n|faint|p1a: Noivern\n|-damage|p2a: Flamigo|0 fnt|[from] Recoil\n|faint|p2a: Flamigo\n|\n|upkeep\n|\n|t:|1699135841\n|switch|p1a: Milotic|Milotic, M|80\/100\n|switch|p2a: Bellibolt|Bellibolt, F|77\/100\n|turn|11\n|\n|t:|1699135846\n|move|p1a: Milotic|Scald|p2a: Bellibolt\n|-damage|p2a: Bellibolt|43\/100\n|-start|p2a: Bellibolt|Charge|Scald|[from] ability: Electromorphosis\n|-enditem|p2a: Bellibolt|Sitrus Berry|[eat]\n|-heal|p2a: Bellibolt|68\/100|[from] item: Sitrus Berry\n|move|p2a: Bellibolt|Thunderbolt|p1a: Milotic\n|-supereffective|p1a: Milotic\n|-damage|p1a: Milotic|0 fnt\n|faint|p1a: Milotic\n|-end|p2a: Bellibolt|Charge|[silent]\n|\n|upkeep\n|\n|t:|1699135849\n|switch|p1a: Sinistcha|Sinistcha|100\/100\n|turn|12\n|\n|t:|1699135862\n|switch|p2a: Tinkaton|Tinkaton, F|100\/100\n|-ability|p2a: Tinkaton|Mold Breaker\n|move|p1a: Sinistcha|Shadow Ball|p2a: Tinkaton\n|-damage|p2a: Tinkaton|67\/100\n|-unboost|p2a: Tinkaton|spd|1\n|\n|upkeep\n|turn|13\n|\n|t:|1699135876\n|move|p2a: Tinkaton|Gigaton Hammer|p1a: Sinistcha\n|-damage|p1a: Sinistcha|46\/100\n|move|p1a: Sinistcha|Shadow Ball|p2a: Tinkaton\n|-damage|p2a: Tinkaton|12\/100\n|-enditem|p2a: Tinkaton|Sitrus Berry|[eat]\n|-heal|p2a: Tinkaton|37\/100|[from] item: Sitrus Berry\n|\n|-heal|p1a: Sinistcha|52\/100|[from] item: Leftovers\n|upkeep\n|turn|14\n|\n|t:|1699135881\n|move|p2a: Tinkaton|Play Rough|p1a: Sinistcha\n|-damage|p1a: Sinistcha|20\/100\n|move|p1a: Sinistcha|Shadow Ball|p2a: Tinkaton\n|-damage|p2a: Tinkaton|0 fnt\n|faint|p2a: Tinkaton\n|\n|-heal|p1a: Sinistcha|27\/100|[from] item: Leftovers\n|upkeep\n|\n|t:|1699135893\n|switch|p2a: Dondozo|Dondozo, M|100\/100\n|turn|15\n|\n|t:|1699135898\n|move|p1a: Sinistcha|Energy Ball|p2a: Dondozo\n|-supereffective|p2a: Dondozo\n|-damage|p2a: Dondozo|43\/100\n|move|p2a: Dondozo|Avalanche|p1a: Sinistcha\n|-supereffective|p1a: Sinistcha\n|-damage|p1a: Sinistcha|0 fnt\n|faint|p1a: Sinistcha\n|\n|win|matorsa\n","uploadtime":1699135908,"views":7,"p1id":"natorsa","p2id":"matorsa","formatid":"gen9ubers","rating":0,"private":0,"password":""}