{"id":"gen9ubers-1978290659","p1":"uubers account","p2":"Vazquez 2.0","format":"[Gen 9] Ubers","log":"|j|\u2606uubers account\n|j|\u2606Vazquez 2.0\n|t:|1698521491\n|gametype|singles\n|player|p1|uubers account|2|\n|player|p2|Vazquez 2.0|gardenia|\n|teamsize|p1|6\n|teamsize|p2|6\n|gen|9\n|tier|[Gen 9] Ubers\n|rule|Sleep Clause Mod: Limit one foe put to sleep\n|rule|Species Clause: Limit one of each Pok\u00e9mon\n|rule|OHKO Clause: OHKO moves are banned\n|rule|Evasion Items Clause: Evasion items are banned\n|rule|Evasion Moves Clause: Evasion moves are banned\n|rule|Endless Battle Clause: Forcing endless battles is banned\n|rule|HP Percentage Mod: HP is shown in percentages\n|clearpoke\n|poke|p1|Arceus-Dark|\n|poke|p1|Magearna|\n|poke|p1|Palafin, F|\n|poke|p1|Gliscor, M|\n|poke|p1|Chi-Yu|\n|poke|p1|Giratina|\n|poke|p2|Pelipper, M|\n|poke|p2|Basculegion-F, F|\n|poke|p2|Arceus-Grass|\n|poke|p2|Thundurus-Therian, M|\n|poke|p2|Giratina|\n|poke|p2|Zamazenta-*|\n|teampreview\n|c|\u2606uubers account|glhf\n|c|\u2606Vazquez 2.0|glhf\n|\n|t:|1698521527\n|start\n|switch|p1a: Palafin|Palafin, F|100\/100\n|switch|p2a: Arceus|Arceus-Grass, shiny|100\/100\n|turn|1\n|\n|t:|1698521534\n|detailschange|p1a: Palafin|Palafin-Hero, F\n|switch|p1a: Gliscor|Gliscor, M|100\/100\n|move|p2a: Arceus|Stealth Rock|p1a: Gliscor\n|-sidestart|p1: uubers account|move: Stealth Rock\n|\n|-status|p1a: Gliscor|tox|[from] item: Toxic Orb\n|upkeep\n|turn|2\n|\n|t:|1698521536\n|move|p2a: Arceus|Ice Beam|p1a: Gliscor\n|-supereffective|p1a: Gliscor\n|-damage|p1a: Gliscor|21\/100 tox\n|move|p1a: Gliscor|Toxic|p2a: Arceus\n|-status|p2a: Arceus|tox\n|\n|-damage|p2a: Arceus|94\/100 tox|[from] psn\n|-heal|p1a: Gliscor|34\/100 tox|[from] ability: Poison Heal\n|upkeep\n|turn|3\n|\n|t:|1698521540\n|switch|p2a: Pelipper|Pelipper, M, shiny|100\/100\n|-weather|RainDance|[from] ability: Drizzle|[of] p2a: Pelipper\n|move|p1a: Gliscor|Protect||[still]\n|-fail|p1a: Gliscor\n|\n|-weather|RainDance|[upkeep]\n|-heal|p1a: Gliscor|46\/100 tox|[from] ability: Poison Heal\n|upkeep\n|turn|4\n|\n|t:|1698521547\n|switch|p2a: Arceus|Arceus-Grass, shiny|94\/100 tox\n|move|p1a: Gliscor|Knock Off|p2a: Arceus\n|-damage|p2a: Arceus|85\/100 tox\n|\n|-weather|RainDance|[upkeep]\n|-damage|p2a: Arceus|78\/100 tox|[from] psn\n|-heal|p1a: Gliscor|59\/100 tox|[from] ability: Poison Heal\n|upkeep\n|turn|5\n|\n|t:|1698521552\n|move|p1a: Gliscor|Protect|p1a: Gliscor\n|-singleturn|p1a: Gliscor|Protect\n|move|p2a: Arceus|Ice Beam|p1a: Gliscor\n|-activate|p1a: Gliscor|move: Protect\n|\n|-weather|RainDance|[upkeep]\n|-damage|p2a: Arceus|66\/100 tox|[from] psn\n|-heal|p1a: Gliscor|71\/100 tox|[from] ability: Poison Heal\n|upkeep\n|turn|6\n|\n|t:|1698521557\n|switch|p1a: Magearna|Magearna|100\/100\n|-damage|p1a: Magearna|94\/100|[from] Stealth Rock\n|move|p2a: Arceus|Ice Beam|p1a: Magearna\n|-resisted|p1a: Magearna\n|-damage|p1a: Magearna|84\/100\n|\n|-weather|RainDance|[upkeep]\n|-heal|p1a: Magearna|90\/100|[from] item: Leftovers\n|-damage|p2a: Arceus|48\/100 tox|[from] psn\n|upkeep\n|turn|7\n|\n|t:|1698521561\n|switch|p2a: Zamazenta|Zamazenta-Crowned, shiny|100\/100\n|-ability|p2a: Zamazenta|Dauntless Shield|boost\n|-boost|p2a: Zamazenta|def|1\n|move|p1a: Magearna|Spikes|p2a: Zamazenta\n|-sidestart|p2: Vazquez 2.0|Spikes\n|\n|-weather|RainDance|[upkeep]\n|-heal|p1a: Magearna|96\/100|[from] item: Leftovers\n|upkeep\n|turn|8\n|\n|t:|1698521569\n|move|p2a: Zamazenta|Substitute|p2a: Zamazenta\n|-start|p2a: Zamazenta|Substitute\n|-damage|p2a: Zamazenta|75\/100\n|move|p1a: Magearna|Thunder Wave||[still]\n|-fail|p1a: Magearna\n|\n|-weather|RainDance|[upkeep]\n|-heal|p1a: Magearna|100\/100|[from] item: Leftovers\n|upkeep\n|turn|9\n|\n|t:|1698521574\n|move|p2a: Zamazenta|Iron Defense|p2a: Zamazenta\n|-boost|p2a: Zamazenta|def|2\n|move|p1a: Magearna|Fleur Cannon|p2a: Zamazenta\n|-end|p2a: Zamazenta|Substitute\n|-unboost|p1a: Magearna|spa|2\n|\n|-weather|RainDance|[upkeep]\n|upkeep\n|turn|10\n|\n|t:|1698521586\n|move|p2a: Zamazenta|Body Press|p1a: Magearna\n|-damage|p1a: Magearna|45\/100\n|move|p1a: Magearna|Fleur Cannon|p2a: Zamazenta\n|-damage|p2a: Zamazenta|56\/100\n|-unboost|p1a: Magearna|spa|2\n|\n|-weather|none\n|-heal|p1a: Magearna|51\/100|[from] item: Leftovers\n|upkeep\n|turn|11\n|\n|t:|1698521593\n|move|p2a: Zamazenta|Body Press|p1a: Magearna\n|-damage|p1a: Magearna|0 fnt\n|faint|p1a: Magearna\n|\n|upkeep\n|\n|t:|1698521603\n|switch|p1a: Chi-Yu|Chi-Yu|100\/100\n|-damage|p1a: Chi-Yu|76\/100|[from] Stealth Rock\n|-ability|p1a: Chi-Yu|Beads of Ruin\n|turn|12\n|\n|t:|1698521609\n|move|p1a: Chi-Yu|Flamethrower|p2a: Zamazenta\n|-supereffective|p2a: Zamazenta\n|-damage|p2a: Zamazenta|0 fnt\n|faint|p2a: Zamazenta\n|\n|upkeep\n|\n|t:|1698521612\n|switch|p2a: Pelipper|Pelipper, M, shiny|100\/100\n|-weather|RainDance|[from] ability: Drizzle|[of] p2a: Pelipper\n|turn|13\n|\n|t:|1698521622\n|switch|p1a: Palafin|Palafin-Hero, F|100\/100\n|-damage|p1a: Palafin|88\/100|[from] Stealth Rock\n|-activate|p1a: Palafin|ability: Zero to Hero\n|move|p2a: Pelipper|U-turn|p1a: Palafin\n|-damage|p1a: Palafin|80\/100\n|\n|t:|1698521628\n|switch|p2a: Thundurus|Thundurus-Therian, M, shiny|100\/100|[from] U-turn\n|\n|-weather|RainDance|[upkeep]\n|upkeep\n|turn|14\n|\n|t:|1698521635\n|move|p1a: Palafin|Jet Punch|p2a: Thundurus\n|-damage|p2a: Thundurus|0 fnt\n|faint|p2a: Thundurus\n|\n|-weather|RainDance|[upkeep]\n|upkeep\n|\n|t:|1698521640\n|switch|p2a: Giratina|Giratina, shiny|100\/100\n|-ability|p2a: Giratina|Pressure\n|turn|15\n|\n|t:|1698521645\n|switch|p1a: Arceus|Arceus-Dark|100\/100\n|-damage|p1a: Arceus|88\/100|[from] Stealth Rock\n|move|p2a: Giratina|Will-O-Wisp|p1a: Arceus\n|-status|p1a: Arceus|brn\n|\n|-weather|RainDance|[upkeep]\n|-damage|p1a: Arceus|82\/100 brn|[from] brn\n|upkeep\n|turn|16\n|\n|t:|1698521649\n|move|p1a: Arceus|Taunt|p2a: Giratina\n|-start|p2a: Giratina|move: Taunt\n|move|p2a: Giratina|Dragon Tail|p1a: Arceus\n|-damage|p1a: Arceus|69\/100 brn\n|drag|p1a: Palafin|Palafin-Hero, F|80\/100\n|-damage|p1a: Palafin|68\/100|[from] Stealth Rock\n|\n|-weather|RainDance|[upkeep]\n|upkeep\n|turn|17\n|\n|t:|1698521655\n|move|p1a: Palafin|Flip Turn|p2a: Giratina\n|-resisted|p2a: Giratina\n|-damage|p2a: Giratina|82\/100\n|\n|t:|1698521659\n|switch|p1a: Gliscor|Gliscor, M|71\/100 tox|[from] Flip Turn\n|-damage|p1a: Gliscor|59\/100 tox|[from] Stealth Rock\n|move|p2a: Giratina|Dragon Tail|p1a: Gliscor\n|-damage|p1a: Gliscor|41\/100 tox\n|drag|p1a: Arceus|Arceus-Dark|69\/100 brn\n|-damage|p1a: Arceus|56\/100 brn|[from] Stealth Rock\n|\n|-weather|RainDance|[upkeep]\n|-damage|p1a: Arceus|50\/100 brn|[from] brn\n|upkeep\n|turn|18\n|\n|t:|1698521669\n|move|p1a: Arceus|Recover|p1a: Arceus\n|-heal|p1a: Arceus|100\/100 brn\n|move|p2a: Giratina|Dragon Tail|p1a: Arceus\n|-damage|p1a: Arceus|86\/100 brn\n|drag|p1a: Palafin|Palafin-Hero, F|68\/100\n|-damage|p1a: Palafin|55\/100|[from] Stealth Rock\n|\n|-weather|RainDance|[upkeep]\n|-end|p2a: Giratina|move: Taunt\n|upkeep\n|turn|19\n|\n|t:|1698521674\n|move|p1a: Palafin|Flip Turn|p2a: Giratina\n|-resisted|p2a: Giratina\n|-damage|p2a: Giratina|63\/100\n|\n|t:|1698521681\n|switch|p1a: Arceus|Arceus-Dark|86\/100 brn|[from] Flip Turn\n|-damage|p1a: Arceus|73\/100 brn|[from] Stealth Rock\n|move|p2a: Giratina|Will-O-Wisp|p1a: Arceus|[miss]\n|-miss|p2a: Giratina|p1a: Arceus\n|\n|-weather|RainDance|[upkeep]\n|-damage|p1a: Arceus|67\/100 brn|[from] brn\n|upkeep\n|turn|20\n|\n|t:|1698521688\n|switch|p2a: Arceus|Arceus-Grass, shiny|48\/100 tox\n|-damage|p2a: Arceus|36\/100 tox|[from] Spikes\n|move|p1a: Arceus|Judgment|p2a: Arceus\n|-crit|p2a: Arceus\n|-damage|p2a: Arceus|0 fnt\n|faint|p2a: Arceus\n|\n|-weather|none\n|-damage|p1a: Arceus|61\/100 brn|[from] brn\n|upkeep\n|\n|t:|1698521691\n|switch|p2a: Pelipper|Pelipper, M, shiny|100\/100\n|-weather|RainDance|[from] ability: Drizzle|[of] p2a: Pelipper\n|turn|21\n|\n|t:|1698521711\n|move|p1a: Arceus|Recover|p1a: Arceus\n|-heal|p1a: Arceus|100\/100 brn\n|move|p2a: Pelipper|U-turn|p1a: Arceus\n|-supereffective|p1a: Arceus\n|-damage|p1a: Arceus|88\/100 brn\n|\n|t:|1698521717\n|switch|p2a: Giratina|Giratina, shiny|63\/100|[from] U-turn\n|-ability|p2a: Giratina|Pressure\n|\n|-weather|RainDance|[upkeep]\n|-damage|p1a: Arceus|82\/100 brn|[from] brn\n|upkeep\n|turn|22\n|\n|t:|1698521720\n|move|p1a: Arceus|Judgment|p2a: Giratina\n|-supereffective|p2a: Giratina\n|-damage|p2a: Giratina|8\/100\n|move|p2a: Giratina|Dragon Tail|p1a: Arceus\n|-damage|p1a: Arceus|67\/100 brn\n|drag|p1a: Gliscor|Gliscor, M|41\/100 tox\n|-damage|p1a: Gliscor|28\/100 tox|[from] Stealth Rock\n|\n|-weather|RainDance|[upkeep]\n|-heal|p1a: Gliscor|41\/100 tox|[from] ability: Poison Heal\n|upkeep\n|turn|23\n|\n|t:|1698521729\n|move|p1a: Gliscor|Knock Off|p2a: Giratina\n|-supereffective|p2a: Giratina\n|-damage|p2a: Giratina|0 fnt\n|-enditem|p2a: Giratina|Heavy-Duty Boots|[from] move: Knock Off|[of] p1a: Gliscor\n|faint|p2a: Giratina\n|\n|-weather|RainDance|[upkeep]\n|-heal|p1a: Gliscor|53\/100 tox|[from] ability: Poison Heal\n|upkeep\n|\n|t:|1698521731\n|switch|p2a: Basculegion|Basculegion-F, F, shiny|100\/100\n|-damage|p2a: Basculegion|88\/100|[from] Spikes\n|turn|24\n|\n|t:|1698521738\n|move|p2a: Basculegion|Wave Crash|p1a: Gliscor\n|-supereffective|p1a: Gliscor\n|-damage|p1a: Gliscor|0 fnt\n|faint|p1a: Gliscor\n|-damage|p2a: Basculegion|72\/100|[from] Recoil\n|\n|-weather|RainDance|[upkeep]\n|upkeep\n|\n|t:|1698521746\n|switch|p1a: Palafin|Palafin-Hero, F|55\/100\n|-damage|p1a: Palafin|43\/100|[from] Stealth Rock\n|turn|25\n|\n|t:|1698521749\n|switch|p2a: Pelipper|Pelipper, M, shiny|100\/100\n|-terastallize|p1a: Palafin|Water\n|move|p1a: Palafin|Jet Punch|p2a: Pelipper\n|-resisted|p2a: Pelipper\n|-damage|p2a: Pelipper|52\/100\n|\n|-weather|RainDance|[upkeep]\n|upkeep\n|turn|26\n|\n|t:|1698521756\n|switch|p1a: Chi-Yu|Chi-Yu|76\/100\n|-damage|p1a: Chi-Yu|51\/100|[from] Stealth Rock\n|-ability|p1a: Chi-Yu|Beads of Ruin\n|move|p2a: Pelipper|Hurricane|p1a: Chi-Yu\n|-crit|p1a: Chi-Yu\n|-damage|p1a: Chi-Yu|0 fnt\n|faint|p1a: Chi-Yu\n|\n|-weather|RainDance|[upkeep]\n|upkeep\n|\n|t:|1698521759\n|switch|p1a: Arceus|Arceus-Dark|67\/100 brn\n|-damage|p1a: Arceus|55\/100 brn|[from] Stealth Rock\n|turn|27\n|\n|t:|1698521765\n|move|p1a: Arceus|Judgment|p2a: Pelipper\n|-damage|p2a: Pelipper|0 fnt\n|faint|p2a: Pelipper\n|\n|-weather|RainDance|[upkeep]\n|-damage|p1a: Arceus|49\/100 brn|[from] brn\n|upkeep\n|\n|t:|1698521768\n|switch|p2a: Basculegion|Basculegion-F, F, shiny|72\/100\n|-damage|p2a: Basculegion|60\/100|[from] Spikes\n|turn|28\n|\n|t:|1698521775\n|switch|p1a: Giratina|Giratina|100\/100\n|-damage|p1a: Giratina|88\/100|[from] Stealth Rock\n|-ability|p1a: Giratina|Pressure\n|-terastallize|p2a: Basculegion|Ghost\n|move|p2a: Basculegion|Last Respects|p1a: Giratina\n|-supereffective|p1a: Giratina\n|-damage|p1a: Giratina|0 fnt\n|faint|p1a: Giratina\n|\n|-weather|none\n|upkeep\n|c|\u2606Vazquez 2.0|gg\n|\n|t:|1698521788\n|switch|p1a: Palafin|Palafin-Hero, F, tera:Water|43\/100\n|-damage|p1a: Palafin|30\/100|[from] Stealth Rock\n|turn|29\n|c|\u2606uubers account|gg\n|\n|t:|1698521793\n|move|p1a: Palafin|Jet Punch|p2a: Basculegion\n|-damage|p2a: Basculegion|0 fnt\n|faint|p2a: Basculegion\n|\n|win|uubers account\n","uploadtime":1698521798,"views":12,"p1id":"uubersaccount","p2id":"vazquez20","formatid":"gen9ubers","rating":0,"private":0,"password":""}