{"id":"gen9ubers-1991445994","p1":"RubenPaCe","p2":"rutriyououiyiyuyt","format":"[Gen 9] Ubers","log":"|j|\u2606RubenPaCe\n|j|\u2606rutriyououiyiyuyt\n|t:|1700077767\n|gametype|singles\n|player|p1|RubenPaCe|102|\n|player|p2|rutriyououiyiyuyt|elesa|\n|teamsize|p1|6\n|teamsize|p2|6\n|gen|9\n|tier|[Gen 9] Ubers\n|rule|Sleep Clause Mod: Limit one foe put to sleep\n|rule|Species Clause: Limit one of each Pok\u00e9mon\n|rule|OHKO Clause: OHKO moves are banned\n|rule|Evasion Items Clause: Evasion items are banned\n|rule|Evasion Moves Clause: Evasion moves are banned\n|rule|Endless Battle Clause: Forcing endless battles is banned\n|rule|HP Percentage Mod: HP is shown in percentages\n|clearpoke\n|poke|p1|Pelipper, F|\n|poke|p1|Cyclizar, M|\n|poke|p1|Palafin, F|\n|poke|p1|Palkia-Origin|\n|poke|p1|Arceus-Grass|\n|poke|p1|Magearna|\n|poke|p2|Torkoal, F|\n|poke|p2|Ninetales-Alola, M|\n|poke|p2|Roaring Moon|\n|poke|p2|Chi-Yu|\n|poke|p2|Arceus-Fire|\n|poke|p2|Ogerpon-Wellspring, F|\n|teampreview\n|c|\u2606RubenPaCe|the double weather team is crazy\n|c|\u2606RubenPaCe|hf\n|c|\u2606rutriyououiyiyuyt|yessir\n|\n|t:|1700077803\n|start\n|switch|p1a: Palafin|Palafin, F|100\/100\n|switch|p2a: Ninetales-Kanto|Ninetales-Alola, M|100\/100\n|-weather|Snow|[from] ability: Snow Warning|[of] p2a: Ninetales-Kanto\n|turn|1\n|\n|t:|1700077818\n|detailschange|p1a: Palafin|Palafin-Hero, F\n|switch|p1a: Magearna|Magearna|100\/100\n|move|p2a: Ninetales-Kanto|Aurora Veil|p2a: Ninetales-Kanto\n|-sidestart|p2: rutriyououiyiyuyt|move: Aurora Veil\n|\n|-weather|Snow|[upkeep]\n|upkeep\n|turn|2\n|c|\u2606rutriyououiyiyuyt|u2\n|\n|t:|1700077824\n|switch|p2a: Torkoal|Torkoal, F|100\/100\n|-weather|SunnyDay|[from] ability: Drought|[of] p2a: Torkoal\n|move|p1a: Magearna|Spikes|p2a: Torkoal\n|-sidestart|p2: rutriyououiyiyuyt|Spikes\n|\n|-weather|SunnyDay|[upkeep]\n|upkeep\n|turn|3\n|\n|t:|1700077884\n|move|p1a: Magearna|Volt Switch|p2a: Torkoal\n|-damage|p2a: Torkoal|91\/100\n|\n|t:|1700077887\n|switch|p1a: Pelipper|Pelipper, F|100\/100|[from] Volt Switch\n|-weather|RainDance|[from] ability: Drizzle|[of] p1a: Pelipper\n|move|p2a: Torkoal|Rapid Spin|p1a: Pelipper\n|-crit|p1a: Pelipper\n|-damage|p1a: Pelipper|90\/100\n|-boost|p2a: Torkoal|spe|1\n|-sideend|p2: rutriyououiyiyuyt|Spikes|[from] move: Rapid Spin|[of] p2a: Torkoal\n|\n|-weather|RainDance|[upkeep]\n|upkeep\n|turn|4\n|\n|t:|1700077913\n|switch|p2a: Ninetales-Kanto|Ninetales-Alola, M|100\/100\n|-weather|Snow|[from] ability: Snow Warning|[of] p2a: Ninetales-Kanto\n|move|p1a: Pelipper|U-turn|p2a: Ninetales-Kanto\n|-resisted|p2a: Ninetales-Kanto\n|-damage|p2a: Ninetales-Kanto|99\/100\n|\n|t:|1700077918\n|switch|p1a: Magearna|Magearna|100\/100|[from] U-turn\n|\n|-weather|Snow|[upkeep]\n|upkeep\n|turn|5\n|\n|t:|1700077938\n|switch|p2a: Arceus|Arceus-Fire|100\/100\n|move|p1a: Magearna|Volt Switch|p2a: Arceus\n|-damage|p2a: Arceus|93\/100\n|\n|t:|1700077942\n|switch|p1a: Pelipper|Pelipper, F|90\/100|[from] Volt Switch\n|-weather|RainDance|[from] ability: Drizzle|[of] p1a: Pelipper\n|\n|-weather|RainDance|[upkeep]\n|-sideend|p2: rutriyououiyiyuyt|move: Aurora Veil\n|upkeep\n|turn|6\n|\n|t:|1700077950\n|switch|p2a: Torkoal|Torkoal, F|91\/100\n|-weather|SunnyDay|[from] ability: Drought|[of] p2a: Torkoal\n|move|p1a: Pelipper|Surf|p2a: Torkoal\n|-supereffective|p2a: Torkoal\n|-damage|p2a: Torkoal|65\/100\n|\n|-weather|SunnyDay|[upkeep]\n|upkeep\n|turn|7\n|\n|t:|1700077956\n|move|p1a: Pelipper|Surf|p2a: Torkoal\n|-supereffective|p2a: Torkoal\n|-damage|p2a: Torkoal|37\/100\n|move|p2a: Torkoal|Stealth Rock|p1a: Pelipper\n|-sidestart|p1: RubenPaCe|move: Stealth Rock\n|\n|-weather|SunnyDay|[upkeep]\n|upkeep\n|turn|8\n|\n|t:|1700077963\n|switch|p2a: Roaring Moon|Roaring Moon|100\/100\n|-activate|p2a: Roaring Moon|ability: Protosynthesis\n|-start|p2a: Roaring Moon|protosynthesisatk\n|move|p1a: Pelipper|U-turn|p2a: Roaring Moon\n|-supereffective|p2a: Roaring Moon\n|-damage|p2a: Roaring Moon|80\/100\n|\n|t:|1700077971\n|switch|p1a: Palkia|Palkia-Origin|100\/100|[from] U-turn\n|-damage|p1a: Palkia|88\/100|[from] Stealth Rock\n|-ability|p1a: Palkia|Pressure\n|\n|-weather|SunnyDay|[upkeep]\n|upkeep\n|turn|9\n|\n|t:|1700077979\n|-end|p2a: Roaring Moon|Protosynthesis|[silent]\n|switch|p2a: Ninetales-Kanto|Ninetales-Alola, M|99\/100\n|-weather|Snow|[from] ability: Snow Warning|[of] p2a: Ninetales-Kanto\n|move|p1a: Palkia|Spacial Rend|p2a: Ninetales-Kanto\n|-immune|p2a: Ninetales-Kanto\n|\n|-weather|Snow|[upkeep]\n|upkeep\n|turn|10\n|\n|t:|1700077984\n|switch|p1a: Pelipper|Pelipper, F|90\/100\n|-damage|p1a: Pelipper|66\/100|[from] Stealth Rock\n|-weather|RainDance|[from] ability: Drizzle|[of] p1a: Pelipper\n|move|p2a: Ninetales-Kanto|Freeze-Dry|p1a: Pelipper\n|-supereffective|p1a: Pelipper\n|-damage|p1a: Pelipper|0 fnt\n|faint|p1a: Pelipper\n|\n|-weather|RainDance|[upkeep]\n|upkeep\n|\n|t:|1700077990\n|switch|p1a: Palafin|Palafin-Hero, F|100\/100\n|-damage|p1a: Palafin|88\/100|[from] Stealth Rock\n|-activate|p1a: Palafin|ability: Zero to Hero\n|turn|11\n|\n|t:|1700077995\n|switch|p2a: Torkoal|Torkoal, F|37\/100\n|-weather|SunnyDay|[from] ability: Drought|[of] p2a: Torkoal\n|move|p1a: Palafin|Flip Turn|p2a: Torkoal\n|-supereffective|p2a: Torkoal\n|-damage|p2a: Torkoal|0 fnt\n|faint|p2a: Torkoal\n|\n|t:|1700078000\n|switch|p1a: Cyclizar|Cyclizar, M|100\/100|[from] Flip Turn\n|\n|-weather|SunnyDay|[upkeep]\n|upkeep\n|\n|t:|1700078002\n|switch|p2a: Ninetales-Kanto|Ninetales-Alola, M|99\/100\n|-weather|Snow|[from] ability: Snow Warning|[of] p2a: Ninetales-Kanto\n|turn|12\n|\n|t:|1700078006\n|move|p2a: Ninetales-Kanto|Moonblast|p1a: Cyclizar\n|-supereffective|p1a: Cyclizar\n|-damage|p1a: Cyclizar|0 fnt\n|faint|p1a: Cyclizar\n|\n|-weather|Snow|[upkeep]\n|upkeep\n|c|\u2606RubenPaCe|oh wait\n|c|\u2606RubenPaCe|right\n|c|\u2606RubenPaCe|veil didn't last for 5 turns\n|c|\u2606rutriyououiyiyuyt|yeah\n|c|\u2606rutriyououiyiyuyt|its scarf\n|\n|t:|1700078040\n|switch|p1a: Arceus|Arceus-Grass|100\/100\n|-damage|p1a: Arceus|88\/100|[from] Stealth Rock\n|turn|13\n|\n|t:|1700078050\n|switch|p2a: Chi-Yu|Chi-Yu|100\/100\n|-ability|p2a: Chi-Yu|Beads of Ruin\n|move|p1a: Arceus|Calm Mind|p1a: Arceus\n|-boost|p1a: Arceus|spa|1\n|-boost|p1a: Arceus|spd|1\n|\n|-weather|Snow|[upkeep]\n|upkeep\n|turn|14\n|\n|t:|1700078067\n|-terastallize|p1a: Arceus|Ground\n|move|p1a: Arceus|Earth Power|p2a: Chi-Yu\n|-supereffective|p2a: Chi-Yu\n|-damage|p2a: Chi-Yu|0 fnt\n|faint|p2a: Chi-Yu\n|\n|-weather|Snow|[upkeep]\n|upkeep\n|\n|t:|1700078079\n|switch|p2a: Ogerpon|Ogerpon-Wellspring, F|100\/100\n|turn|15\n|\n|t:|1700078085\n|move|p1a: Arceus|Judgment|p2a: Ogerpon\n|-damage|p2a: Ogerpon|12\/100\n|move|p2a: Ogerpon|Swords Dance|p2a: Ogerpon\n|-boost|p2a: Ogerpon|atk|2\n|\n|-weather|Snow|[upkeep]\n|upkeep\n|turn|16\n|\n|t:|1700078091\n|move|p1a: Arceus|Judgment|p2a: Ogerpon\n|-damage|p2a: Ogerpon|0 fnt\n|faint|p2a: Ogerpon\n|\n|-weather|none\n|upkeep\n|\n|t:|1700078096\n|switch|p2a: Roaring Moon|Roaring Moon|80\/100\n|-enditem|p2a: Roaring Moon|Booster Energy\n|-activate|p2a: Roaring Moon|ability: Protosynthesis|[fromitem]\n|-start|p2a: Roaring Moon|protosynthesisatk\n|turn|17\n|\n|t:|1700078106\n|-terastallize|p2a: Roaring Moon|Flying\n|move|p1a: Arceus|Earth Power|p2a: Roaring Moon\n|-immune|p2a: Roaring Moon\n|move|p2a: Roaring Moon|Dragon Dance|p2a: Roaring Moon\n|-boost|p2a: Roaring Moon|atk|1\n|-boost|p2a: Roaring Moon|spe|1\n|\n|upkeep\n|turn|18\n|\n|t:|1700078145\n|move|p2a: Roaring Moon|Acrobatics|p1a: Arceus\n|-damage|p1a: Arceus|0 fnt\n|faint|p1a: Arceus\n|\n|upkeep\n|\n|t:|1700078166\n|switch|p1a: Palafin|Palafin-Hero, F|88\/100\n|-damage|p1a: Palafin|76\/100|[from] Stealth Rock\n|turn|19\n|\n|t:|1700078222\n|move|p1a: Palafin|Jet Punch|p2a: Roaring Moon\n|-damage|p2a: Roaring Moon|0 fnt\n|faint|p2a: Roaring Moon\n|-end|p2a: Roaring Moon|Protosynthesis|[silent]\n|\n|upkeep\n|\n|t:|1700078226\n|switch|p2a: Ninetales-Kanto|Ninetales-Alola, M|99\/100\n|-weather|Snow|[from] ability: Snow Warning|[of] p2a: Ninetales-Kanto\n|turn|20\n|\n|t:|1700078230\n|switch|p1a: Magearna|Magearna|100\/100\n|-damage|p1a: Magearna|94\/100|[from] Stealth Rock\n|move|p2a: Ninetales-Kanto|Freeze-Dry|p1a: Magearna\n|-resisted|p1a: Magearna\n|-damage|p1a: Magearna|86\/100\n|\n|-weather|Snow|[upkeep]\n|-heal|p1a: Magearna|92\/100|[from] item: Leftovers\n|upkeep\n|turn|21\n|\n|t:|1700078234\n|switch|p2a: Arceus|Arceus-Fire|93\/100\n|move|p1a: Magearna|Volt Switch|p2a: Arceus\n|-damage|p2a: Arceus|79\/100\n|\n|t:|1700078235\n|switch|p1a: Palafin|Palafin-Hero, F|76\/100|[from] Volt Switch\n|-damage|p1a: Palafin|63\/100|[from] Stealth Rock\n|\n|-weather|Snow|[upkeep]\n|upkeep\n|turn|22\n|\n|t:|1700078240\n|switch|p2a: Ninetales-Kanto|Ninetales-Alola, M|99\/100\n|move|p1a: Palafin|Jet Punch|p2a: Ninetales-Kanto\n|-damage|p2a: Ninetales-Kanto|40\/100\n|\n|-weather|Snow|[upkeep]\n|upkeep\n|turn|23\n|\n|t:|1700078245\n|move|p1a: Palafin|Jet Punch|p2a: Ninetales-Kanto\n|-damage|p2a: Ninetales-Kanto|0 fnt\n|faint|p2a: Ninetales-Kanto\n|\n|-weather|Snow|[upkeep]\n|upkeep\n|c|\u2606rutriyououiyiyuyt|gg\n|\n|t:|1700078250\n|switch|p2a: Arceus|Arceus-Fire|79\/100\n|turn|24\n|c|\u2606RubenPaCe|gg\n|\n|t:|1700078253\n|move|p1a: Palafin|Jet Punch|p2a: Arceus\n|-supereffective|p2a: Arceus\n|-damage|p2a: Arceus|1\/100\n|move|p2a: Arceus|Earthquake|p1a: Palafin\n|-damage|p1a: Palafin|32\/100\n|\n|-weather|none\n|upkeep\n|turn|25\n|\n|t:|1700078257\n|move|p1a: Palafin|Jet Punch|p2a: Arceus\n|-supereffective|p2a: Arceus\n|-damage|p2a: Arceus|0 fnt\n|faint|p2a: Arceus\n|\n|win|RubenPaCe\n|l|\u2606rutriyououiyiyuyt\n","uploadtime":1700078264,"views":9,"p1id":"rubenpace","p2id":"rutriyououiyiyuyt","formatid":"gen9ubers","rating":0,"private":0,"password":""}