{"id":"gen9ubers-1969352077","p1":"wowyoubadson","p2":"nxheartc","format":"[Gen 9] Ubers","log":"|j|\u2606wowyoubadson\n|j|\u2606nxheartc\n|t:|1697518041\n|gametype|singles\n|player|p1|wowyoubadson|wallace|1000\n|player|p2|nxheartc|169|1088\n|teamsize|p1|6\n|teamsize|p2|6\n|gen|9\n|tier|[Gen 9] Ubers\n|rated|\n|rule|Sleep Clause Mod: Limit one foe put to sleep\n|rule|Species Clause: Limit one of each Pok\u00e9mon\n|rule|OHKO Clause: OHKO moves are banned\n|rule|Evasion Items Clause: Evasion items are banned\n|rule|Evasion Moves Clause: Evasion moves are banned\n|rule|Endless Battle Clause: Forcing endless battles is banned\n|rule|HP Percentage Mod: HP is shown in percentages\n|clearpoke\n|poke|p1|Iron Treads|\n|poke|p1|Ogerpon-Cornerstone, F|\n|poke|p1|Zoroark-Hisui, F|\n|poke|p1|Rotom|\n|poke|p1|Lycanroc-Midnight, F|\n|poke|p1|Arcanine, M|\n|poke|p2|Kleavor, F|\n|poke|p2|Iron Bundle|\n|poke|p2|Landorus-Therian, M|\n|poke|p2|Regieleki|\n|poke|p2|Ting-Lu|\n|poke|p2|Toxapex, F|\n|teampreview\n|\n|t:|1697518056\n|start\n|switch|p1a: Iron Treads|Iron Treads|100\/100\n|switch|p2a: Murdaa Musik|Kleavor, F, shiny|100\/100\n|turn|1\n|\n|t:|1697518072\n|switch|p2a: Roof Grrr|Landorus-Therian, M|100\/100\n|-ability|p2a: Roof Grrr|Intimidate|boost\n|-unboost|p1a: Iron Treads|atk|1\n|move|p1a: Iron Treads|Volt Switch|p2a: Roof Grrr\n|-immune|p2a: Roof Grrr\n|\n|upkeep\n|turn|2\n|\n|t:|1697518089\n|-end|p1a: Iron Treads|Quark Drive|[silent]\n|switch|p1a: Lycanroc|Lycanroc-Midnight, F, shiny|100\/100\n|-item|p1a: Lycanroc|Air Balloon\n|move|p2a: Roof Grrr|U-turn|p1a: Lycanroc\n|-resisted|p1a: Lycanroc\n|-damage|p1a: Lycanroc|72\/100\n|replace|p1a: Zoroark|Zoroark-Hisui, F\n|-end|p1a: Zoroark|Illusion\n|-enditem|p1a: Zoroark|Air Balloon\n|\n|t:|1697518101\n|switch|p2a: E|Ting-Lu|100\/100|[from] U-turn\n|-ability|p2a: E|Vessel of Ruin\n|\n|upkeep\n|turn|3\n|\n|t:|1697518113\n|move|p1a: Zoroark|Protect|p1a: Zoroark\n|-singleturn|p1a: Zoroark|Protect\n|move|p2a: E|Stealth Rock|p1a: Zoroark\n|-sidestart|p1: wowyoubadson|move: Stealth Rock\n|\n|upkeep\n|turn|4\n|\n|t:|1697518121\n|move|p1a: Zoroark|Focus Blast|p2a: E\n|-supereffective|p2a: E\n|-damage|p2a: E|64\/100\n|move|p2a: E|Whirlwind|p1a: Zoroark\n|drag|p1a: Ogerpon|Ogerpon-Cornerstone, F|100\/100\n|-damage|p1a: Ogerpon|88\/100|[from] Stealth Rock\n|\n|-heal|p2a: E|71\/100|[from] item: Leftovers\n|upkeep\n|turn|5\n|\n|t:|1697518136\n|move|p1a: Ogerpon|Knock Off|p2a: E\n|-resisted|p2a: E\n|-damage|p2a: E|61\/100\n|-enditem|p2a: E|Leftovers|[from] move: Knock Off|[of] p1a: Ogerpon\n|move|p2a: E|Ruination|p1a: Ogerpon\n|-damage|p1a: Ogerpon|45\/100\n|\n|upkeep\n|turn|6\n|\n|t:|1697518144\n|move|p1a: Ogerpon|U-turn|p2a: E\n|-supereffective|p2a: E\n|-damage|p2a: E|29\/100\n|\n|t:|1697518153\n|switch|p1a: Iron Treads|Iron Treads|100\/100|[from] U-turn\n|-damage|p1a: Iron Treads|98\/100|[from] Stealth Rock\n|move|p2a: E|Whirlwind|p1a: Iron Treads\n|-end|p1a: Iron Treads|Quark Drive|[silent]\n|drag|p1a: Arcanine|Arcanine, M|100\/100\n|\n|upkeep\n|turn|7\n|\n|t:|1697518165\n|move|p1a: Arcanine|Flare Blitz|p2a: E\n|-damage|p2a: E|0 fnt\n|faint|p2a: E\n|-damage|p1a: Arcanine|85\/100|[from] Recoil\n|\n|upkeep\n|\n|t:|1697518174\n|switch|p2a: Roof Grrr|Landorus-Therian, M|100\/100\n|-ability|p2a: Roof Grrr|Intimidate|boost\n|-unboost|p1a: Arcanine|atk|1\n|turn|8\n|\n|t:|1697518184\n|switch|p1a: Rotom|Rotom|100\/100\n|-damage|p1a: Rotom|88\/100|[from] Stealth Rock\n|move|p2a: Roof Grrr|Earthquake|p1a: Rotom\n|-immune|p1a: Rotom|[from] ability: Levitate\n|\n|upkeep\n|turn|9\n|\n|t:|1697518195\n|switch|p2a: SKRRRRrrrrrrrr|Regieleki|100\/100\n|move|p1a: Rotom|Shadow Ball|p2a: SKRRRRrrrrrrrr\n|-damage|p2a: SKRRRRrrrrrrrr|21\/100\n|-damage|p1a: Rotom|78\/100|[from] item: Life Orb\n|\n|upkeep\n|turn|10\n|\n|t:|1697518205\n|switch|p1a: Iron Treads|Iron Treads|98\/100\n|-damage|p1a: Iron Treads|95\/100|[from] Stealth Rock\n|move|p2a: SKRRRRrrrrrrrr|Volt Switch|p1a: Iron Treads\n|-immune|p1a: Iron Treads\n|\n|upkeep\n|turn|11\n|\n|t:|1697518212\n|switch|p2a: Roof Grrr|Landorus-Therian, M|100\/100\n|-ability|p2a: Roof Grrr|Intimidate|boost\n|-unboost|p1a: Iron Treads|atk|1\n|move|p1a: Iron Treads|Rapid Spin|p2a: Roof Grrr\n|-damage|p2a: Roof Grrr|89\/100\n|-boost|p1a: Iron Treads|spe|1\n|-sideend|p1: wowyoubadson|Stealth Rock|[from] move: Rapid Spin|[of] p1a: Iron Treads\n|\n|upkeep\n|turn|12\n|\n|t:|1697518225\n|-end|p1a: Iron Treads|Quark Drive|[silent]\n|switch|p1a: Lycanroc|Lycanroc-Midnight, F, shiny|72\/100\n|move|p2a: Roof Grrr|U-turn|p1a: Lycanroc\n|-resisted|p1a: Lycanroc\n|-damage|p1a: Lycanroc|44\/100\n|replace|p1a: Zoroark|Zoroark-Hisui, F\n|-end|p1a: Zoroark|Illusion\n|\n|t:|1697518233\n|switch|p2a: Murdaa Musik|Kleavor, F, shiny|100\/100|[from] U-turn\n|\n|upkeep\n|turn|13\n|\n|t:|1697518240\n|move|p1a: Zoroark|Bitter Malice|p2a: Murdaa Musik\n|-damage|p2a: Murdaa Musik|38\/100\n|-unboost|p2a: Murdaa Musik|atk|1\n|move|p2a: Murdaa Musik|Night Slash|p1a: Zoroark\n|-supereffective|p1a: Zoroark\n|-crit|p1a: Zoroark\n|-damage|p1a: Zoroark|0 fnt\n|faint|p1a: Zoroark\n|\n|upkeep\n|\n|t:|1697518254\n|switch|p1a: Arcanine|Arcanine, M|85\/100\n|turn|14\n|\n|t:|1697518265\n|switch|p2a: MAAAMAAAAAAA|Toxapex, F, shiny|100\/100\n|move|p1a: Arcanine|Will-O-Wisp|p2a: MAAAMAAAAAAA|[miss]\n|-miss|p1a: Arcanine|p2a: MAAAMAAAAAAA\n|\n|upkeep\n|turn|15\n|\n|t:|1697518272\n|move|p1a: Arcanine|Will-O-Wisp|p2a: MAAAMAAAAAAA\n|-status|p2a: MAAAMAAAAAAA|brn\n|move|p2a: MAAAMAAAAAAA|Toxic|p1a: Arcanine\n|-status|p1a: Arcanine|tox\n|\n|-damage|p1a: Arcanine|79\/100 tox|[from] psn\n|-damage|p2a: MAAAMAAAAAAA|94\/100 brn|[from] brn\n|upkeep\n|turn|16\n|\n|t:|1697518282\n|move|p1a: Arcanine|Iron Head|p2a: MAAAMAAAAAAA\n|-resisted|p2a: MAAAMAAAAAAA\n|-damage|p2a: MAAAMAAAAAAA|85\/100 brn\n|cant|p2a: MAAAMAAAAAAA|flinch\n|\n|-heal|p2a: MAAAMAAAAAAA|92\/100 brn|[from] item: Leftovers\n|-damage|p1a: Arcanine|67\/100 tox|[from] psn\n|-damage|p2a: MAAAMAAAAAAA|85\/100 brn|[from] brn\n|upkeep\n|turn|17\n|\n|t:|1697518293\n|switch|p1a: Rotom|Rotom|78\/100\n|move|p2a: MAAAMAAAAAAA|Infestation|p1a: Rotom\n|-resisted|p1a: Rotom\n|-damage|p1a: Rotom|76\/100\n|-activate|p1a: Rotom|move: Infestation|[of] p2a: MAAAMAAAAAAA\n|\n|-heal|p2a: MAAAMAAAAAAA|92\/100 brn|[from] item: Leftovers\n|-damage|p2a: MAAAMAAAAAAA|85\/100 brn|[from] brn\n|-damage|p1a: Rotom|63\/100|[from] move: Infestation|[partiallytrapped]\n|upkeep\n|turn|18\n|\n|t:|1697518306\n|move|p1a: Rotom|Shadow Ball|p2a: MAAAMAAAAAAA\n|-damage|p2a: MAAAMAAAAAAA|48\/100 brn\n|-unboost|p2a: MAAAMAAAAAAA|spd|1\n|-damage|p1a: Rotom|53\/100|[from] item: Life Orb\n|move|p2a: MAAAMAAAAAAA|Toxic|p1a: Rotom\n|-status|p1a: Rotom|tox\n|\n|-heal|p2a: MAAAMAAAAAAA|54\/100 brn|[from] item: Leftovers\n|-damage|p1a: Rotom|47\/100 tox|[from] psn\n|-damage|p2a: MAAAMAAAAAAA|48\/100 brn|[from] brn\n|-damage|p1a: Rotom|35\/100 tox|[from] move: Infestation|[partiallytrapped]\n|upkeep\n|turn|19\n|\n|t:|1697518320\n|switch|p1a: Arcanine|Arcanine, M|67\/100 tox\n|move|p2a: MAAAMAAAAAAA|Recover|p2a: MAAAMAAAAAAA\n|-heal|p2a: MAAAMAAAAAAA|98\/100 brn\n|\n|-heal|p2a: MAAAMAAAAAAA|100\/100 brn|[from] item: Leftovers\n|-damage|p1a: Arcanine|60\/100 tox|[from] psn\n|-damage|p2a: MAAAMAAAAAAA|94\/100 brn|[from] brn\n|upkeep\n|turn|20\n|\n|t:|1697518330\n|move|p1a: Arcanine|Iron Head|p2a: MAAAMAAAAAAA\n|-resisted|p2a: MAAAMAAAAAAA\n|-damage|p2a: MAAAMAAAAAAA|87\/100 brn\n|move|p2a: MAAAMAAAAAAA|Infestation|p1a: Arcanine\n|-resisted|p1a: Arcanine\n|-damage|p1a: Arcanine|58\/100 tox\n|-activate|p1a: Arcanine|move: Infestation|[of] p2a: MAAAMAAAAAAA\n|\n|-heal|p2a: MAAAMAAAAAAA|93\/100 brn|[from] item: Leftovers\n|-damage|p1a: Arcanine|46\/100 tox|[from] psn\n|-damage|p2a: MAAAMAAAAAAA|87\/100 brn|[from] brn\n|-damage|p1a: Arcanine|34\/100 tox|[from] move: Infestation|[partiallytrapped]\n|upkeep\n|turn|21\n|\n|t:|1697518346\n|move|p2a: MAAAMAAAAAAA|Baneful Bunker|p2a: MAAAMAAAAAAA\n|-singleturn|p2a: MAAAMAAAAAAA|move: Protect\n|move|p1a: Arcanine|Extreme Speed|p2a: MAAAMAAAAAAA\n|-activate|p2a: MAAAMAAAAAAA|move: Protect\n|\n|-heal|p2a: MAAAMAAAAAAA|93\/100 brn|[from] item: Leftovers\n|-damage|p1a: Arcanine|15\/100 tox|[from] psn\n|-damage|p2a: MAAAMAAAAAAA|87\/100 brn|[from] brn\n|-damage|p1a: Arcanine|2\/100 tox|[from] move: Infestation|[partiallytrapped]\n|upkeep\n|turn|22\n|\n|t:|1697518362\n|switch|p2a: Roof Grrr|Landorus-Therian, M|89\/100\n|-ability|p2a: Roof Grrr|Intimidate|boost\n|-unboost|p1a: Arcanine|atk|1\n|move|p1a: Arcanine|Flare Blitz|p2a: Roof Grrr\n|-damage|p2a: Roof Grrr|45\/100\n|-status|p2a: Roof Grrr|brn\n|-damage|p1a: Arcanine|0 fnt|[from] Recoil\n|faint|p1a: Arcanine\n|\n|-damage|p2a: Roof Grrr|39\/100 brn|[from] brn\n|upkeep\n|\n|t:|1697518374\n|switch|p1a: Iron Treads|Iron Treads|95\/100\n|turn|23\n|\n|t:|1697518385\n|move|p2a: Roof Grrr|U-turn|p1a: Iron Treads\n|-resisted|p1a: Iron Treads\n|-damage|p1a: Iron Treads|89\/100\n|\n|t:|1697518390\n|switch|p2a: MAAAMAAAAAAA|Toxapex, F, shiny|100\/100 brn|[from] U-turn\n|move|p1a: Iron Treads|Rapid Spin|p2a: MAAAMAAAAAAA\n|-damage|p2a: MAAAMAAAAAAA|91\/100 brn\n|-boost|p1a: Iron Treads|spe|1\n|\n|-heal|p2a: MAAAMAAAAAAA|97\/100 brn|[from] item: Leftovers\n|-damage|p2a: MAAAMAAAAAAA|91\/100 brn|[from] brn\n|upkeep\n|turn|24\n|\n|t:|1697518402\n|move|p2a: MAAAMAAAAAAA|Baneful Bunker|p2a: MAAAMAAAAAAA\n|-singleturn|p2a: MAAAMAAAAAAA|move: Protect\n|move|p1a: Iron Treads|Earthquake|p2a: MAAAMAAAAAAA\n|-activate|p2a: MAAAMAAAAAAA|move: Protect\n|\n|-heal|p2a: MAAAMAAAAAAA|97\/100 brn|[from] item: Leftovers\n|-damage|p2a: MAAAMAAAAAAA|91\/100 brn|[from] brn\n|upkeep\n|turn|25\n|\n|t:|1697518411\n|move|p1a: Iron Treads|Earthquake|p2a: MAAAMAAAAAAA\n|-supereffective|p2a: MAAAMAAAAAAA\n|-damage|p2a: MAAAMAAAAAAA|33\/100 brn\n|move|p2a: MAAAMAAAAAAA|Infestation|p1a: Iron Treads\n|-resisted|p1a: Iron Treads\n|-crit|p1a: Iron Treads\n|-damage|p1a: Iron Treads|86\/100\n|-activate|p1a: Iron Treads|move: Infestation|[of] p2a: MAAAMAAAAAAA\n|\n|-heal|p2a: MAAAMAAAAAAA|40\/100 brn|[from] item: Leftovers\n|-damage|p2a: MAAAMAAAAAAA|33\/100 brn|[from] brn\n|-damage|p1a: Iron Treads|74\/100|[from] move: Infestation|[partiallytrapped]\n|upkeep\n|turn|26\n|\n|t:|1697518422\n|move|p2a: MAAAMAAAAAAA|Baneful Bunker|p2a: MAAAMAAAAAAA\n|-singleturn|p2a: MAAAMAAAAAAA|move: Protect\n|move|p1a: Iron Treads|Stealth Rock|p2a: MAAAMAAAAAAA\n|-sidestart|p2: nxheartc|move: Stealth Rock\n|\n|-heal|p2a: MAAAMAAAAAAA|40\/100 brn|[from] item: Leftovers\n|-damage|p2a: MAAAMAAAAAAA|33\/100 brn|[from] brn\n|-damage|p1a: Iron Treads|61\/100|[from] move: Infestation|[partiallytrapped]\n|upkeep\n|turn|27\n|\n|t:|1697518454\n|move|p2a: MAAAMAAAAAAA|Baneful Bunker||[still]\n|-fail|p2a: MAAAMAAAAAAA\n|move|p1a: Iron Treads|Earthquake|p2a: MAAAMAAAAAAA\n|-supereffective|p2a: MAAAMAAAAAAA\n|-damage|p2a: MAAAMAAAAAAA|0 fnt\n|faint|p2a: MAAAMAAAAAAA\n|\n|-end|p1a: Iron Treads|Infestation|[partiallytrapped]|[silent]\n|upkeep\n|\n|t:|1697518461\n|switch|p2a: Roof Grrr|Landorus-Therian, M|39\/100 brn\n|-damage|p2a: Roof Grrr|27\/100 brn|[from] Stealth Rock\n|-ability|p2a: Roof Grrr|Intimidate|boost\n|-unboost|p1a: Iron Treads|atk|1\n|turn|28\n|\n|t:|1697518467\n|move|p1a: Iron Treads|Rapid Spin|p2a: Roof Grrr\n|-damage|p2a: Roof Grrr|15\/100 brn\n|-boost|p1a: Iron Treads|spe|1\n|move|p2a: Roof Grrr|Earthquake|p1a: Iron Treads\n|-supereffective|p1a: Iron Treads\n|-damage|p1a: Iron Treads|11\/100\n|-enditem|p1a: Iron Treads|Weakness Policy\n|-boost|p1a: Iron Treads|atk|2|[from] item: Weakness Policy\n|-boost|p1a: Iron Treads|spa|2|[from] item: Weakness Policy\n|\n|-damage|p2a: Roof Grrr|9\/100 brn|[from] brn\n|upkeep\n|turn|29\n|\n|t:|1697518477\n|move|p1a: Iron Treads|Rapid Spin|p2a: Roof Grrr\n|-damage|p2a: Roof Grrr|0 fnt\n|-boost|p1a: Iron Treads|spe|1\n|faint|p2a: Roof Grrr\n|\n|upkeep\n|\n|t:|1697518483\n|switch|p2a: SKRRRRrrrrrrrr|Regieleki|21\/100\n|-damage|p2a: SKRRRRrrrrrrrr|9\/100|[from] Stealth Rock\n|turn|30\n|\n|t:|1697518488\n|move|p1a: Iron Treads|Earthquake|p2a: SKRRRRrrrrrrrr\n|-supereffective|p2a: SKRRRRrrrrrrrr\n|-damage|p2a: SKRRRRrrrrrrrr|0 fnt\n|faint|p2a: SKRRRRrrrrrrrr\n|\n|upkeep\n|\n|t:|1697518493\n|switch|p2a: takeoff|Iron Bundle, shiny|100\/100\n|-damage|p2a: takeoff|76\/100|[from] Stealth Rock\n|-enditem|p2a: takeoff|Booster Energy\n|-activate|p2a: takeoff|ability: Quark Drive|[fromitem]\n|-start|p2a: takeoff|quarkdrivespe\n|turn|31\n|\n|t:|1697518499\n|move|p1a: Iron Treads|Volt Switch|p2a: takeoff\n|-supereffective|p2a: takeoff\n|-damage|p2a: takeoff|0 fnt\n|faint|p2a: takeoff\n|-end|p2a: takeoff|Quark Drive|[silent]\n|\n|t:|1697518509\n|-end|p1a: Iron Treads|Quark Drive|[silent]\n|switch|p1a: Ogerpon|Ogerpon-Cornerstone, F|45\/100|[from] Volt Switch\n|\n|upkeep\n|-message|nxheartc forfeited.\n|\n|win|wowyoubadson\n|raw|wowyoubadson's rating: 1000 &rarr; <strong>1050<\/strong><br \/>(+50 for winning)\n|raw|nxheartc's rating: 1088 &rarr; <strong>1059<\/strong><br \/>(-29 for losing)\n|l|\u2606nxheartc\n","uploadtime":1697518531,"views":12,"p1id":"wowyoubadson","p2id":"nxheartc","formatid":"gen9ubers","rating":1050,"private":0,"password":""}