{"id":"gen9ubers-1992953543","p1":"WindyDX","p2":"MadJabberwock","format":"[Gen 9] Ubers","log":"|j|\u2606WindyDX\n|j|\u2606MadJabberwock\n|t:|1700249869\n|gametype|singles\n|player|p1|WindyDX|proton|1101\n|player|p2|MadJabberwock|bede|1099\n|teamsize|p1|6\n|teamsize|p2|6\n|gen|9\n|tier|[Gen 9] Ubers\n|rated|\n|rule|Sleep Clause Mod: Limit one foe put to sleep\n|rule|Species Clause: Limit one of each Pok\u00e9mon\n|rule|OHKO Clause: OHKO moves are banned\n|rule|Evasion Items Clause: Evasion items are banned\n|rule|Evasion Moves Clause: Evasion moves are banned\n|rule|Endless Battle Clause: Forcing endless battles is banned\n|rule|HP Percentage Mod: HP is shown in percentages\n|clearpoke\n|poke|p1|Gliscor, M|\n|poke|p1|Baxcalibur, F|\n|poke|p1|Bellibolt, M|\n|poke|p1|Palafin, M|\n|poke|p1|Glimmora, F|\n|poke|p1|Magearna|\n|poke|p2|Ursaluna-Bloodmoon, M|\n|poke|p2|Corviknight, M|\n|poke|p2|Clefable, F|\n|poke|p2|Cyclizar, M|\n|poke|p2|Annihilape, M|\n|poke|p2|Ribombee, F|\n|teampreview\n|inactive|Battle timer is ON: inactive players will automatically lose when time's up. (requested by WindyDX)\n|\n|t:|1700249894\n|start\n|switch|p1a: Ar ar ar ar|Palafin, M|100\/100\n|switch|p2a: Ribombee|Ribombee, F|100\/100\n|turn|1\n|\n|t:|1700249900\n|move|p1a: Ar ar ar ar|Jet Punch|p2a: Ribombee\n|-damage|p2a: Ribombee|58\/100\n|move|p2a: Ribombee|Sticky Web|p1a: Ar ar ar ar\n|-sidestart|p1: WindyDX|move: Sticky Web\n|\n|upkeep\n|turn|2\n|\n|t:|1700249906\n|move|p2a: Ribombee|Stun Spore|p1a: Ar ar ar ar\n|-status|p1a: Ar ar ar ar|par\n|cant|p1a: Ar ar ar ar|par\n|\n|upkeep\n|turn|3\n|\n|t:|1700249915\n|move|p2a: Ribombee|Moonblast|p1a: Ar ar ar ar\n|-damage|p1a: Ar ar ar ar|38\/100 par\n|move|p1a: Ar ar ar ar|Flip Turn|p2a: Ribombee\n|-damage|p2a: Ribombee|16\/100\n|\n|t:|1700249921\n|detailschange|p1a: Ar ar ar ar|Palafin-Hero, M\n|switch|p1a: Hitmonbruh|Glimmora, F|100\/100|[from] Flip Turn\n|-activate|p1a: Hitmonbruh|move: Sticky Web\n|-unboost|p1a: Hitmonbruh|spe|1\n|\n|upkeep\n|turn|4\n|\n|t:|1700249927\n|switch|p2a: Corviknight|Corviknight, M, shiny|100\/100\n|-ability|p2a: Corviknight|Pressure\n|move|p1a: Hitmonbruh|Mortal Spin|p2a: Corviknight\n|-immune|p2a: Corviknight\n|\n|upkeep\n|turn|5\n|\n|t:|1700249935\n|switch|p1a: Scorponok|Gliscor, M|100\/100\n|move|p2a: Corviknight|Body Press|p1a: Scorponok\n|-resisted|p1a: Scorponok\n|-damage|p1a: Scorponok|93\/100\n|\n|-status|p1a: Scorponok|tox|[from] item: Toxic Orb\n|upkeep\n|turn|6\n|\n|t:|1700249948\n|move|p1a: Scorponok|Swords Dance|p1a: Scorponok\n|-boost|p1a: Scorponok|atk|2\n|move|p2a: Corviknight|U-turn|p1a: Scorponok\n|-resisted|p1a: Scorponok\n|-crit|p1a: Scorponok\n|-damage|p1a: Scorponok|87\/100 tox\n|\n|t:|1700249964\n|switch|p2a: Ribombee|Ribombee, F|16\/100|[from] U-turn\n|\n|-heal|p1a: Scorponok|99\/100 tox|[from] ability: Poison Heal\n|upkeep\n|turn|7\n|inactive|MadJabberwock has 120 seconds left.\n|\n|t:|1700249991\n|move|p2a: Ribombee|Stun Spore||[still]\n|-fail|p2a: Ribombee\n|move|p1a: Scorponok|Dual Wingbeat|p2a: Ribombee\n|-supereffective|p2a: Ribombee\n|-damage|p2a: Ribombee|0 fnt\n|faint|p2a: Ribombee\n|-hitcount|p2: Ribombee|1\n|\n|-heal|p1a: Scorponok|100\/100 tox|[from] ability: Poison Heal\n|upkeep\n|\n|t:|1700250000\n|switch|p2a: Clefable|Clefable, F|100\/100\n|turn|8\n|inactive|MadJabberwock has 120 seconds left.\n|\n|t:|1700250005\n|move|p1a: Scorponok|Swords Dance|p1a: Scorponok\n|-boost|p1a: Scorponok|atk|2\n|move|p2a: Clefable|Moonblast|p1a: Scorponok\n|-damage|p1a: Scorponok|62\/100 tox\n|-unboost|p1a: Scorponok|spa|1\n|\n|-heal|p1a: Scorponok|74\/100 tox|[from] ability: Poison Heal\n|upkeep\n|turn|9\n|\n|t:|1700250009\n|move|p1a: Scorponok|Earthquake|p2a: Clefable\n|-damage|p2a: Clefable|59\/100\n|move|p2a: Clefable|Moonblast|p1a: Scorponok\n|-damage|p1a: Scorponok|36\/100 tox\n|\n|-heal|p2a: Clefable|65\/100|[from] item: Leftovers\n|-heal|p1a: Scorponok|48\/100 tox|[from] ability: Poison Heal\n|upkeep\n|turn|10\n|\n|t:|1700250014\n|move|p1a: Scorponok|Facade|p2a: Clefable\n|-damage|p2a: Clefable|27\/100\n|move|p2a: Clefable|Wish|p2a: Clefable\n|\n|-heal|p2a: Clefable|33\/100|[from] item: Leftovers\n|-heal|p1a: Scorponok|61\/100 tox|[from] ability: Poison Heal\n|upkeep\n|turn|11\n|\n|t:|1700250019\n|move|p2a: Clefable|Protect|p2a: Clefable\n|-singleturn|p2a: Clefable|Protect\n|move|p1a: Scorponok|Facade|p2a: Clefable\n|-activate|p2a: Clefable|move: Protect\n|\n|-heal|p2a: Clefable|83\/100|[from] move: Wish|[wisher] Clefable\n|-heal|p2a: Clefable|89\/100|[from] item: Leftovers\n|-heal|p1a: Scorponok|73\/100 tox|[from] ability: Poison Heal\n|upkeep\n|turn|12\n|\n|t:|1700250024\n|move|p1a: Scorponok|Swords Dance|p1a: Scorponok\n|-boost|p1a: Scorponok|atk|2\n|move|p2a: Clefable|Moonblast|p1a: Scorponok\n|-damage|p1a: Scorponok|36\/100 tox\n|\n|-heal|p2a: Clefable|95\/100|[from] item: Leftovers\n|-heal|p1a: Scorponok|48\/100 tox|[from] ability: Poison Heal\n|upkeep\n|turn|13\n|\n|t:|1700250028\n|move|p1a: Scorponok|Facade|p2a: Clefable\n|-damage|p2a: Clefable|59\/100\n|move|p2a: Clefable|Moonblast|p1a: Scorponok\n|-damage|p1a: Scorponok|8\/100 tox\n|\n|-heal|p2a: Clefable|65\/100|[from] item: Leftovers\n|-heal|p1a: Scorponok|21\/100 tox|[from] ability: Poison Heal\n|upkeep\n|turn|14\n|\n|t:|1700250035\n|move|p1a: Scorponok|Facade|p2a: Clefable\n|-damage|p2a: Clefable|30\/100\n|move|p2a: Clefable|Wish|p2a: Clefable\n|\n|-heal|p2a: Clefable|36\/100|[from] item: Leftovers\n|-heal|p1a: Scorponok|33\/100 tox|[from] ability: Poison Heal\n|upkeep\n|turn|15\n|\n|t:|1700250040\n|move|p2a: Clefable|Protect|p2a: Clefable\n|-singleturn|p2a: Clefable|Protect\n|move|p1a: Scorponok|Swords Dance|p1a: Scorponok\n|-boost|p1a: Scorponok|atk|0\n|\n|-heal|p2a: Clefable|86\/100|[from] move: Wish|[wisher] Clefable\n|-heal|p2a: Clefable|92\/100|[from] item: Leftovers\n|-heal|p1a: Scorponok|45\/100 tox|[from] ability: Poison Heal\n|upkeep\n|turn|16\n|\n|t:|1700250046\n|move|p1a: Scorponok|Dual Wingbeat|p2a: Clefable\n|-damage|p2a: Clefable|77\/100\n|-damage|p2a: Clefable|61\/100\n|-hitcount|p2a: Clefable|2\n|move|p2a: Clefable|Moonblast|p1a: Scorponok\n|-damage|p1a: Scorponok|7\/100 tox\n|\n|-heal|p2a: Clefable|67\/100|[from] item: Leftovers\n|-heal|p1a: Scorponok|20\/100 tox|[from] ability: Poison Heal\n|upkeep\n|turn|17\n|\n|t:|1700250052\n|move|p1a: Scorponok|Facade|p2a: Clefable\n|-damage|p2a: Clefable|31\/100\n|move|p2a: Clefable|Wish|p2a: Clefable\n|\n|-heal|p2a: Clefable|37\/100|[from] item: Leftovers\n|-heal|p1a: Scorponok|32\/100 tox|[from] ability: Poison Heal\n|upkeep\n|turn|18\n|\n|t:|1700250064\n|move|p2a: Clefable|Protect|p2a: Clefable\n|-singleturn|p2a: Clefable|Protect\n|move|p1a: Scorponok|Dual Wingbeat|p2a: Clefable\n|-activate|p2a: Clefable|move: Protect\n|\n|-heal|p2a: Clefable|87\/100|[from] move: Wish|[wisher] Clefable\n|-heal|p2a: Clefable|93\/100|[from] item: Leftovers\n|-heal|p1a: Scorponok|45\/100 tox|[from] ability: Poison Heal\n|upkeep\n|turn|19\n|\n|t:|1700250071\n|move|p1a: Scorponok|Facade|p2a: Clefable\n|-damage|p2a: Clefable|58\/100\n|move|p2a: Clefable|Moonblast|p1a: Scorponok\n|-damage|p1a: Scorponok|7\/100 tox\n|\n|-heal|p2a: Clefable|64\/100|[from] item: Leftovers\n|-heal|p1a: Scorponok|20\/100 tox|[from] ability: Poison Heal\n|upkeep\n|turn|20\n|\n|t:|1700250077\n|move|p1a: Scorponok|Dual Wingbeat|p2a: Clefable\n|-damage|p2a: Clefable|48\/100\n|-damage|p2a: Clefable|32\/100\n|-hitcount|p2a: Clefable|2\n|move|p2a: Clefable|Moonblast|p1a: Scorponok\n|-damage|p1a: Scorponok|0 fnt\n|faint|p1a: Scorponok\n|\n|-heal|p2a: Clefable|38\/100|[from] item: Leftovers\n|upkeep\n|\n|t:|1700250082\n|switch|p1a: Hitmonbruh|Glimmora, F|100\/100\n|-activate|p1a: Hitmonbruh|move: Sticky Web\n|-unboost|p1a: Hitmonbruh|spe|1\n|turn|21\n|\n|t:|1700250085\n|switch|p2a: Corviknight|Corviknight, M, shiny|100\/100\n|-ability|p2a: Corviknight|Pressure\n|move|p1a: Hitmonbruh|Mortal Spin|p2a: Corviknight\n|-immune|p2a: Corviknight\n|\n|upkeep\n|turn|22\n|\n|t:|1700250093\n|move|p1a: Hitmonbruh|Energy Ball|p2a: Corviknight\n|-resisted|p2a: Corviknight\n|-damage|p2a: Corviknight|94\/100\n|move|p2a: Corviknight|Body Press|p1a: Hitmonbruh\n|-damage|p1a: Hitmonbruh|68\/100\n|-activate|p1a: Hitmonbruh|ability: Toxic Debris\n|-sidestart|p2: MadJabberwock|move: Toxic Spikes\n|\n|-heal|p2a: Corviknight|100\/100|[from] item: Leftovers\n|upkeep\n|turn|23\n|\n|t:|1700250101\n|move|p1a: Hitmonbruh|Mortal Spin|p2a: Corviknight\n|-immune|p2a: Corviknight\n|move|p2a: Corviknight|Body Press|p1a: Hitmonbruh\n|-damage|p1a: Hitmonbruh|37\/100\n|-activate|p1a: Hitmonbruh|ability: Toxic Debris\n|-sidestart|p2: MadJabberwock|move: Toxic Spikes\n|\n|upkeep\n|turn|24\n|\n|t:|1700250107\n|move|p1a: Hitmonbruh|Energy Ball|p2a: Corviknight\n|-resisted|p2a: Corviknight\n|-damage|p2a: Corviknight|94\/100\n|move|p2a: Corviknight|Body Press|p1a: Hitmonbruh\n|-damage|p1a: Hitmonbruh|5\/100\n|\n|-heal|p2a: Corviknight|99\/100|[from] item: Leftovers\n|upkeep\n|turn|25\n|\n|t:|1700250118\n|move|p1a: Hitmonbruh|Power Gem|p2a: Corviknight\n|-damage|p2a: Corviknight|61\/100\n|move|p2a: Corviknight|Body Press|p1a: Hitmonbruh\n|-damage|p1a: Hitmonbruh|0 fnt\n|faint|p1a: Hitmonbruh\n|\n|-heal|p2a: Corviknight|67\/100|[from] item: Leftovers\n|upkeep\n|\n|t:|1700250126\n|switch|p1a: Ar ar ar ar|Palafin-Hero, M|38\/100 par\n|-activate|p1a: Ar ar ar ar|move: Sticky Web\n|-unboost|p1a: Ar ar ar ar|spe|1\n|-activate|p1a: Ar ar ar ar|ability: Zero to Hero\n|turn|26\n|\n|t:|1700250130\n|cant|p1a: Ar ar ar ar|par\n|move|p2a: Corviknight|U-turn|p1a: Ar ar ar ar\n|-damage|p1a: Ar ar ar ar|24\/100 par\n|\n|t:|1700250133\n|switch|p2a: Cyclizar|Cyclizar, M|100\/100|[from] U-turn\n|\n|-heal|p1a: Ar ar ar ar|30\/100 par|[from] item: Leftovers\n|upkeep\n|turn|27\n|\n|t:|1700250142\n|move|p2a: Cyclizar|Draco Meteor|p1a: Ar ar ar ar\n|-damage|p1a: Ar ar ar ar|0 fnt\n|-unboost|p2a: Cyclizar|spa|2\n|faint|p1a: Ar ar ar ar\n|\n|upkeep\n|\n|t:|1700250149\n|switch|p1a: FACETHEDAYWITHME|Baxcalibur, F|100\/100\n|-activate|p1a: FACETHEDAYWITHME|move: Sticky Web\n|-unboost|p1a: FACETHEDAYWITHME|spe|1\n|turn|28\n|\n|t:|1700250152\n|move|p2a: Cyclizar|Rapid Spin|p1a: FACETHEDAYWITHME\n|-damage|p1a: FACETHEDAYWITHME|88\/100\n|-boost|p2a: Cyclizar|spe|1\n|-sideend|p2: MadJabberwock|Toxic Spikes|[from] move: Rapid Spin|[of] p2a: Cyclizar\n|move|p1a: FACETHEDAYWITHME|Dragon Dance|p1a: FACETHEDAYWITHME\n|-boost|p1a: FACETHEDAYWITHME|atk|1\n|-boost|p1a: FACETHEDAYWITHME|spe|1\n|\n|-heal|p1a: FACETHEDAYWITHME|94\/100|[from] item: Leftovers\n|upkeep\n|turn|29\n|\n|t:|1700250159\n|move|p2a: Cyclizar|Shed Tail|p2a: Cyclizar\n|-start|p2a: Cyclizar|Substitute|[from] move: Shed Tail\n|-damage|p2a: Cyclizar|50\/100\n|\n|t:|1700250162\n|switch|p2a: Clefable|Clefable, F|38\/100|[from] Shed Tail\n|move|p1a: FACETHEDAYWITHME|Dragon Dance|p1a: FACETHEDAYWITHME\n|-boost|p1a: FACETHEDAYWITHME|atk|1\n|-boost|p1a: FACETHEDAYWITHME|spe|1\n|\n|-heal|p1a: FACETHEDAYWITHME|99\/100|[from] item: Leftovers\n|-heal|p2a: Clefable|44\/100|[from] item: Leftovers\n|upkeep\n|turn|30\n|\n|t:|1700250168\n|-terastallize|p1a: FACETHEDAYWITHME|Fairy\n|move|p1a: FACETHEDAYWITHME|Ice Shard|p2a: Clefable\n|-end|p2a: Clefable|Substitute\n|move|p2a: Clefable|Wish|p2a: Clefable\n|\n|-heal|p1a: FACETHEDAYWITHME|100\/100|[from] item: Leftovers\n|-heal|p2a: Clefable|50\/100|[from] item: Leftovers\n|upkeep\n|turn|31\n|\n|t:|1700250175\n|move|p2a: Clefable|Protect|p2a: Clefable\n|-singleturn|p2a: Clefable|Protect\n|move|p1a: FACETHEDAYWITHME|Dragon Dance|p1a: FACETHEDAYWITHME\n|-boost|p1a: FACETHEDAYWITHME|atk|1\n|-boost|p1a: FACETHEDAYWITHME|spe|1\n|\n|-heal|p2a: Clefable|99\/100|[from] move: Wish|[wisher] Clefable\n|-heal|p2a: Clefable|100\/100|[from] item: Leftovers\n|upkeep\n|turn|32\n|\n|t:|1700250180\n|move|p1a: FACETHEDAYWITHME|Earthquake|p2a: Clefable\n|-damage|p2a: Clefable|54\/100\n|move|p2a: Clefable|Moonblast|p1a: FACETHEDAYWITHME\n|-damage|p1a: FACETHEDAYWITHME|71\/100\n|\n|-heal|p1a: FACETHEDAYWITHME|77\/100|[from] item: Leftovers\n|-heal|p2a: Clefable|60\/100|[from] item: Leftovers\n|upkeep\n|turn|33\n|\n|t:|1700250186\n|move|p1a: FACETHEDAYWITHME|Dragon Dance|p1a: FACETHEDAYWITHME\n|-boost|p1a: FACETHEDAYWITHME|atk|1\n|-boost|p1a: FACETHEDAYWITHME|spe|1\n|move|p2a: Clefable|Wish|p2a: Clefable\n|\n|-heal|p1a: FACETHEDAYWITHME|83\/100|[from] item: Leftovers\n|-heal|p2a: Clefable|66\/100|[from] item: Leftovers\n|upkeep\n|turn|34\n|\n|t:|1700250191\n|move|p1a: FACETHEDAYWITHME|Dragon Dance|p1a: FACETHEDAYWITHME\n|-boost|p1a: FACETHEDAYWITHME|atk|1\n|-boost|p1a: FACETHEDAYWITHME|spe|1\n|move|p2a: Clefable|Moonblast|p1a: FACETHEDAYWITHME\n|-damage|p1a: FACETHEDAYWITHME|58\/100\n|\n|-heal|p2a: Clefable|100\/100|[from] move: Wish|[wisher] Clefable\n|-heal|p1a: FACETHEDAYWITHME|64\/100|[from] item: Leftovers\n|upkeep\n|turn|35\n|\n|t:|1700250197\n|move|p1a: FACETHEDAYWITHME|Earthquake|p2a: Clefable\n|-damage|p2a: Clefable|55\/100\n|move|p2a: Clefable|Moonblast|p1a: FACETHEDAYWITHME\n|-damage|p1a: FACETHEDAYWITHME|33\/100\n|\n|-heal|p1a: FACETHEDAYWITHME|39\/100|[from] item: Leftovers\n|-heal|p2a: Clefable|61\/100|[from] item: Leftovers\n|upkeep\n|turn|36\n|\n|t:|1700250203\n|move|p1a: FACETHEDAYWITHME|Ice Shard|p2a: Clefable\n|-damage|p2a: Clefable|31\/100\n|move|p2a: Clefable|Wish|p2a: Clefable\n|\n|-heal|p1a: FACETHEDAYWITHME|45\/100|[from] item: Leftovers\n|-heal|p2a: Clefable|37\/100|[from] item: Leftovers\n|upkeep\n|turn|37\n|\n|t:|1700250207\n|move|p2a: Clefable|Protect|p2a: Clefable\n|-singleturn|p2a: Clefable|Protect\n|move|p1a: FACETHEDAYWITHME|Ice Shard|p2a: Clefable\n|-activate|p2a: Clefable|move: Protect\n|\n|-heal|p2a: Clefable|87\/100|[from] move: Wish|[wisher] Clefable\n|-heal|p1a: FACETHEDAYWITHME|51\/100|[from] item: Leftovers\n|-heal|p2a: Clefable|93\/100|[from] item: Leftovers\n|upkeep\n|turn|38\n|\n|t:|1700250211\n|move|p1a: FACETHEDAYWITHME|Ice Shard|p2a: Clefable\n|-damage|p2a: Clefable|66\/100\n|move|p2a: Clefable|Moonblast|p1a: FACETHEDAYWITHME\n|-damage|p1a: FACETHEDAYWITHME|25\/100\n|\n|-heal|p1a: FACETHEDAYWITHME|31\/100|[from] item: Leftovers\n|-heal|p2a: Clefable|72\/100|[from] item: Leftovers\n|upkeep\n|turn|39\n|\n|t:|1700250217\n|move|p1a: FACETHEDAYWITHME|Ice Shard|p2a: Clefable\n|-damage|p2a: Clefable|43\/100\n|move|p2a: Clefable|Wish|p2a: Clefable\n|\n|-heal|p1a: FACETHEDAYWITHME|37\/100|[from] item: Leftovers\n|-heal|p2a: Clefable|49\/100|[from] item: Leftovers\n|upkeep\n|turn|40\n|\n|t:|1700250229\n|move|p1a: FACETHEDAYWITHME|Dragon Dance|p1a: FACETHEDAYWITHME\n|-boost|p1a: FACETHEDAYWITHME|atk|1\n|-boost|p1a: FACETHEDAYWITHME|spe|1\n|move|p2a: Clefable|Moonblast|p1a: FACETHEDAYWITHME\n|-damage|p1a: FACETHEDAYWITHME|11\/100\n|\n|-heal|p2a: Clefable|99\/100|[from] move: Wish|[wisher] Clefable\n|-heal|p1a: FACETHEDAYWITHME|17\/100|[from] item: Leftovers\n|-heal|p2a: Clefable|100\/100|[from] item: Leftovers\n|upkeep\n|turn|41\n|\n|t:|1700250235\n|move|p1a: FACETHEDAYWITHME|Ice Shard|p2a: Clefable\n|-damage|p2a: Clefable|72\/100\n|move|p2a: Clefable|Moonblast|p1a: FACETHEDAYWITHME\n|-damage|p1a: FACETHEDAYWITHME|0 fnt\n|faint|p1a: FACETHEDAYWITHME\n|\n|-heal|p2a: Clefable|78\/100|[from] item: Leftovers\n|upkeep\n|\n|t:|1700250239\n|switch|p1a: Marble Screw|Magearna|100\/100\n|-activate|p1a: Marble Screw|move: Sticky Web\n|-unboost|p1a: Marble Screw|spe|1\n|turn|42\n|\n|t:|1700250244\n|move|p2a: Clefable|Stealth Rock|p1a: Marble Screw\n|-sidestart|p1: WindyDX|move: Stealth Rock\n|move|p1a: Marble Screw|Calm Mind|p1a: Marble Screw\n|-boost|p1a: Marble Screw|spa|1\n|-boost|p1a: Marble Screw|spd|1\n|\n|-heal|p2a: Clefable|85\/100|[from] item: Leftovers\n|upkeep\n|turn|43\n|\n|t:|1700250257\n|move|p2a: Clefable|Moonblast|p1a: Marble Screw\n|-resisted|p1a: Marble Screw\n|-crit|p1a: Marble Screw\n|-damage|p1a: Marble Screw|80\/100\n|move|p1a: Marble Screw|Calm Mind|p1a: Marble Screw\n|-boost|p1a: Marble Screw|spa|1\n|-boost|p1a: Marble Screw|spd|1\n|\n|-heal|p2a: Clefable|91\/100|[from] item: Leftovers\n|-heal|p1a: Marble Screw|86\/100|[from] item: Leftovers\n|upkeep\n|turn|44\n|\n|t:|1700250284\n|move|p2a: Clefable|Moonblast|p1a: Marble Screw\n|-resisted|p1a: Marble Screw\n|-crit|p1a: Marble Screw\n|-damage|p1a: Marble Screw|65\/100\n|move|p1a: Marble Screw|Flash Cannon|p2a: Clefable\n|-supereffective|p2a: Clefable\n|-damage|p2a: Clefable|33\/100\n|\n|-heal|p2a: Clefable|39\/100|[from] item: Leftovers\n|-heal|p1a: Marble Screw|71\/100|[from] item: Leftovers\n|upkeep\n|turn|45\n|\n|t:|1700250293\n|-terastallize|p2a: Clefable|Steel\n|move|p2a: Clefable|Wish|p2a: Clefable\n|move|p1a: Marble Screw|Flash Cannon|p2a: Clefable\n|-resisted|p2a: Clefable\n|-crit|p2a: Clefable\n|-damage|p2a: Clefable|18\/100\n|\n|-heal|p2a: Clefable|24\/100|[from] item: Leftovers\n|-heal|p1a: Marble Screw|77\/100|[from] item: Leftovers\n|upkeep\n|turn|46\n|\n|t:|1700250306\n|move|p2a: Clefable|Moonblast|p1a: Marble Screw\n|-resisted|p1a: Marble Screw\n|-damage|p1a: Marble Screw|63\/100\n|move|p1a: Marble Screw|Calm Mind|p1a: Marble Screw\n|-boost|p1a: Marble Screw|spa|1\n|-boost|p1a: Marble Screw|spd|1\n|\n|-heal|p2a: Clefable|74\/100|[from] move: Wish|[wisher] Clefable\n|-heal|p2a: Clefable|80\/100|[from] item: Leftovers\n|-heal|p1a: Marble Screw|69\/100|[from] item: Leftovers\n|upkeep\n|turn|47\n|\n|t:|1700250316\n|move|p2a: Clefable|Wish|p2a: Clefable\n|move|p1a: Marble Screw|Calm Mind|p1a: Marble Screw\n|-boost|p1a: Marble Screw|spa|1\n|-boost|p1a: Marble Screw|spd|1\n|\n|-heal|p2a: Clefable|86\/100|[from] item: Leftovers\n|-heal|p1a: Marble Screw|75\/100|[from] item: Leftovers\n|upkeep\n|turn|48\n|\n|t:|1700250331\n|move|p2a: Clefable|Moonblast|p1a: Marble Screw\n|-resisted|p1a: Marble Screw\n|-damage|p1a: Marble Screw|61\/100\n|move|p1a: Marble Screw|Thunderbolt|p2a: Clefable\n|-damage|p2a: Clefable|64\/100\n|\n|-heal|p2a: Clefable|100\/100|[from] move: Wish|[wisher] Clefable\n|-heal|p1a: Marble Screw|67\/100|[from] item: Leftovers\n|upkeep\n|turn|49\n|inactive|MadJabberwock has 120 seconds left.\n|inactive|MadJabberwock has 90 seconds left.\n|\n|t:|1700250396\n|move|p2a: Clefable|Moonblast|p1a: Marble Screw\n|-resisted|p1a: Marble Screw\n|-damage|p1a: Marble Screw|52\/100\n|-unboost|p1a: Marble Screw|spa|1\n|move|p1a: Marble Screw|Calm Mind|p1a: Marble Screw\n|-boost|p1a: Marble Screw|spa|1\n|-boost|p1a: Marble Screw|spd|1\n|\n|-heal|p1a: Marble Screw|58\/100|[from] item: Leftovers\n|upkeep\n|turn|50\n|\n|t:|1700250404\n|move|p2a: Clefable|Moonblast|p1a: Marble Screw\n|-resisted|p1a: Marble Screw\n|-damage|p1a: Marble Screw|45\/100\n|-unboost|p1a: Marble Screw|spa|1\n|move|p1a: Marble Screw|Calm Mind|p1a: Marble Screw\n|-boost|p1a: Marble Screw|spa|1\n|-boost|p1a: Marble Screw|spd|1\n|\n|-heal|p1a: Marble Screw|51\/100|[from] item: Leftovers\n|upkeep\n|turn|51\n|\n|t:|1700250413\n|move|p2a: Clefable|Wish|p2a: Clefable\n|move|p1a: Marble Screw|Calm Mind|p1a: Marble Screw\n|-boost|p1a: Marble Screw|spa|1\n|-boost|p1a: Marble Screw|spd|0\n|\n|-heal|p1a: Marble Screw|57\/100|[from] item: Leftovers\n|upkeep\n|turn|52\n|\n|t:|1700250417\n|move|p2a: Clefable|Moonblast|p1a: Marble Screw\n|-resisted|p1a: Marble Screw\n|-damage|p1a: Marble Screw|42\/100\n|move|p1a: Marble Screw|Thunderbolt|p2a: Clefable\n|-damage|p2a: Clefable|76\/100\n|\n|-heal|p2a: Clefable|100\/100|[from] move: Wish|[wisher] Clefable\n|-heal|p1a: Marble Screw|48\/100|[from] item: Leftovers\n|upkeep\n|turn|53\n|\n|t:|1700250424\n|move|p2a: Clefable|Moonblast|p1a: Marble Screw\n|-resisted|p1a: Marble Screw\n|-damage|p1a: Marble Screw|35\/100\n|-unboost|p1a: Marble Screw|spa|1\n|move|p1a: Marble Screw|Thunderbolt|p2a: Clefable\n|-damage|p2a: Clefable|75\/100\n|-status|p2a: Clefable|par\n|\n|-heal|p1a: Marble Screw|41\/100|[from] item: Leftovers\n|-heal|p2a: Clefable|81\/100 par|[from] item: Leftovers\n|upkeep\n|turn|54\n|\n|t:|1700250432\n|move|p1a: Marble Screw|Calm Mind|p1a: Marble Screw\n|-boost|p1a: Marble Screw|spa|1\n|-boost|p1a: Marble Screw|spd|0\n|move|p2a: Clefable|Moonblast|p1a: Marble Screw\n|-resisted|p1a: Marble Screw\n|-damage|p1a: Marble Screw|27\/100\n|-unboost|p1a: Marble Screw|spa|1\n|\n|-heal|p1a: Marble Screw|33\/100|[from] item: Leftovers\n|-heal|p2a: Clefable|88\/100 par|[from] item: Leftovers\n|upkeep\n|turn|55\n|\n|t:|1700250438\n|move|p1a: Marble Screw|Calm Mind|p1a: Marble Screw\n|-boost|p1a: Marble Screw|spa|1\n|-boost|p1a: Marble Screw|spd|0\n|move|p2a: Clefable|Moonblast|p1a: Marble Screw\n|-resisted|p1a: Marble Screw\n|-damage|p1a: Marble Screw|18\/100\n|\n|-heal|p1a: Marble Screw|24\/100|[from] item: Leftovers\n|-heal|p2a: Clefable|94\/100 par|[from] item: Leftovers\n|upkeep\n|turn|56\n|\n|t:|1700250444\n|move|p1a: Marble Screw|Flash Cannon|p2a: Clefable\n|-resisted|p2a: Clefable\n|-damage|p2a: Clefable|78\/100 par\n|-unboost|p2a: Clefable|spd|1\n|move|p2a: Clefable|Moonblast|p1a: Marble Screw\n|-resisted|p1a: Marble Screw\n|-damage|p1a: Marble Screw|11\/100\n|-unboost|p1a: Marble Screw|spa|1\n|\n|-heal|p1a: Marble Screw|17\/100|[from] item: Leftovers\n|-heal|p2a: Clefable|84\/100 par|[from] item: Leftovers\n|upkeep\n|turn|57\n|\n|t:|1700250450\n|move|p1a: Marble Screw|Thunderbolt|p2a: Clefable\n|-damage|p2a: Clefable|50\/100 par\n|move|p2a: Clefable|Wish|p2a: Clefable\n|\n|-heal|p1a: Marble Screw|23\/100|[from] item: Leftovers\n|-heal|p2a: Clefable|56\/100 par|[from] item: Leftovers\n|upkeep\n|turn|58\n|\n|t:|1700250461\n|switch|p2a: Corviknight|Corviknight, M, shiny|67\/100\n|-ability|p2a: Corviknight|Pressure\n|move|p1a: Marble Screw|Thunderbolt|p2a: Corviknight\n|-supereffective|p2a: Corviknight\n|-damage|p2a: Corviknight|0 fnt\n|faint|p2a: Corviknight\n|-ability|p1a: Marble Screw|Soul-Heart|boost\n|-boost|p1a: Marble Screw|spa|1\n|\n|-heal|p1a: Marble Screw|29\/100|[from] item: Leftovers\n|upkeep\n|\n|t:|1700250469\n|switch|p2a: Annihilape|Annihilape, M|100\/100\n|turn|59\n|\n|t:|1700250473\n|move|p2a: Annihilape|Drain Punch|p1a: Marble Screw\n|-damage|p1a: Marble Screw|3\/100\n|move|p1a: Marble Screw|Fleur Cannon|p2a: Annihilape\n|-supereffective|p2a: Annihilape\n|-damage|p2a: Annihilape|0 fnt\n|-unboost|p1a: Marble Screw|spa|2\n|faint|p2a: Annihilape\n|-ability|p1a: Marble Screw|Soul-Heart|boost\n|-boost|p1a: Marble Screw|spa|1\n|\n|-heal|p1a: Marble Screw|9\/100|[from] item: Leftovers\n|upkeep\n|\n|t:|1700250480\n|switch|p2a: Cyclizar|Cyclizar, M|84\/100\n|turn|60\n|\n|t:|1700250488\n|move|p2a: Cyclizar|U-turn|p1a: Marble Screw\n|-resisted|p1a: Marble Screw\n|-damage|p1a: Marble Screw|7\/100\n|\n|t:|1700250492\n|switch|p2a: Clefable|Clefable, F, tera:Steel|56\/100 par|[from] U-turn\n|move|p1a: Marble Screw|Fleur Cannon|p2a: Clefable\n|-resisted|p2a: Clefable\n|-damage|p2a: Clefable|32\/100 par\n|-unboost|p1a: Marble Screw|spa|2\n|\n|-heal|p1a: Marble Screw|13\/100|[from] item: Leftovers\n|-heal|p2a: Clefable|38\/100 par|[from] item: Leftovers\n|upkeep\n|turn|61\n|\n|t:|1700250499\n|move|p1a: Marble Screw|Thunderbolt|p2a: Clefable\n|-damage|p2a: Clefable|14\/100 par\n|cant|p2a: Clefable|par\n|\n|-heal|p1a: Marble Screw|19\/100|[from] item: Leftovers\n|-heal|p2a: Clefable|20\/100 par|[from] item: Leftovers\n|upkeep\n|turn|62\n|\n|t:|1700250503\n|switch|p2a: Freddy Fazbear|Ursaluna-Bloodmoon, M|100\/100\n|move|p1a: Marble Screw|Thunderbolt|p2a: Freddy Fazbear\n|-immune|p2a: Freddy Fazbear\n|\n|-heal|p1a: Marble Screw|25\/100|[from] item: Leftovers\n|upkeep\n|turn|63\n|\n|t:|1700250509\n|move|p2a: Freddy Fazbear|Earth Power|p1a: Marble Screw\n|-supereffective|p1a: Marble Screw\n|-damage|p1a: Marble Screw|1\/100\n|move|p1a: Marble Screw|Fleur Cannon|p2a: Freddy Fazbear\n|-damage|p2a: Freddy Fazbear|0 fnt\n|-unboost|p1a: Marble Screw|spa|2\n|faint|p2a: Freddy Fazbear\n|-ability|p1a: Marble Screw|Soul-Heart|boost\n|-boost|p1a: Marble Screw|spa|1\n|\n|-heal|p1a: Marble Screw|7\/100|[from] item: Leftovers\n|upkeep\n|\n|t:|1700250515\n|switch|p2a: Cyclizar|Cyclizar, M|100\/100\n|turn|64\n|\n|t:|1700250521\n|move|p2a: Cyclizar|U-turn|p1a: Marble Screw\n|-resisted|p1a: Marble Screw\n|-damage|p1a: Marble Screw|4\/100\n|-message|MadJabberwock forfeited.\n|\n|win|WindyDX\n|raw|WindyDX's rating: 1101 &rarr; <strong>1126<\/strong><br \/>(+25 for winning)\n|raw|MadJabberwock's rating: 1099 &rarr; <strong>1074<\/strong><br \/>(-25 for losing)\n|l|\u2606MadJabberwock\n","uploadtime":1700250531,"views":9,"p1id":"windydx","p2id":"madjabberwock","formatid":"gen9ubers","rating":1074,"private":0,"password":""}