{"id":"gen9ubers-1976963768","p1":"wyvernl0rd","p2":"Janis105","format":"[Gen 9] Ubers","log":"|j|\u2606wyvernl0rd\n|j|\u2606Janis105\n|t:|1698356659\n|gametype|singles\n|player|p1|wyvernl0rd|winona|\n|player|p2|Janis105|eusine|\n|teamsize|p1|6\n|teamsize|p2|6\n|gen|9\n|tier|[Gen 9] Ubers\n|rule|Sleep Clause Mod: Limit one foe put to sleep\n|rule|Species Clause: Limit one of each Pok\u00e9mon\n|rule|OHKO Clause: OHKO moves are banned\n|rule|Evasion Items Clause: Evasion items are banned\n|rule|Evasion Moves Clause: Evasion moves are banned\n|rule|Endless Battle Clause: Forcing endless battles is banned\n|rule|HP Percentage Mod: HP is shown in percentages\n|clearpoke\n|poke|p1|Arceus-Poison|\n|poke|p1|Palkia-Origin|\n|poke|p1|Shaymin-Sky|\n|poke|p1|Cyclizar, F|\n|poke|p1|Dondozo, M|\n|poke|p1|Magearna|\n|poke|p2|Gliscor, M|\n|poke|p2|Gholdengo|\n|poke|p2|Arceus-Poison|\n|poke|p2|Zacian-*|\n|poke|p2|Palkia-Origin|\n|poke|p2|Shaymin-Sky|\n|teampreview\n|c|\u2606wyvernl0rd|glhf\n|c|\u2606Janis105|glhf\n|\n|t:|1698356689\n|start\n|switch|p1a: Cyclizar|Cyclizar, F|100\/100\n|switch|p2a: Shaymin|Shaymin-Sky|100\/100\n|turn|1\n|\n|t:|1698356708\n|switch|p1a: Magearna|Magearna|100\/100\n|move|p2a: Shaymin|Earth Power|p1a: Magearna\n|-supereffective|p1a: Magearna\n|-damage|p1a: Magearna|51\/100\n|\n|-heal|p1a: Magearna|57\/100|[from] item: Leftovers\n|upkeep\n|turn|2\n|\n|t:|1698356719\n|move|p2a: Shaymin|Seed Flare|p1a: Magearna|[miss]\n|-miss|p2a: Shaymin|p1a: Magearna\n|move|p1a: Magearna|Ice Beam|p2a: Shaymin\n|-supereffective|p2a: Shaymin\n|-damage|p2a: Shaymin|0 fnt\n|faint|p2a: Shaymin\n|-ability|p1a: Magearna|Soul-Heart|boost\n|-boost|p1a: Magearna|spa|1\n|\n|-heal|p1a: Magearna|63\/100|[from] item: Leftovers\n|upkeep\n|c|\u2606Janis105|deserved for using a luck based mon after the gods just told me now was not the time\n|\n|t:|1698356829\n|switch|p2a: Palkia|Palkia-Origin|100\/100\n|-ability|p2a: Palkia|Pressure\n|turn|3\n|\n|t:|1698356863\n|switch|p1a: Palkia|Palkia-Origin|100\/100\n|-ability|p1a: Palkia|Pressure\n|move|p2a: Palkia|Substitute|p2a: Palkia\n|-start|p2a: Palkia|Substitute\n|-damage|p2a: Palkia|76\/100\n|\n|upkeep\n|turn|4\n|\n|t:|1698356899\n|-terastallize|p1a: Palkia|Water\n|move|p1a: Palkia|Spacial Rend|p2a: Palkia\n|-supereffective|p2a: Palkia\n|-end|p2a: Palkia|Substitute\n|move|p2a: Palkia|Draco Meteor|p1a: Palkia\n|-damage|p1a: Palkia|16\/100\n|-unboost|p2a: Palkia|spa|2\n|\n|upkeep\n|turn|5\n|\n|t:|1698356912\n|-terastallize|p2a: Palkia|Fairy\n|move|p1a: Palkia|Spacial Rend|p2a: Palkia\n|-immune|p2a: Palkia\n|move|p2a: Palkia|Draco Meteor|p1a: Palkia\n|-damage|p1a: Palkia|0 fnt\n|-unboost|p2a: Palkia|spa|2\n|faint|p1a: Palkia\n|\n|upkeep\n|\n|t:|1698356920\n|switch|p1a: Cyclizar|Cyclizar, F|100\/100\n|turn|6\n|\n|t:|1698356927\n|switch|p2a: Gliscor|Gliscor, M|100\/100\n|move|p1a: Cyclizar|Shed Tail|p1a: Cyclizar\n|-start|p1a: Cyclizar|Substitute|[from] move: Shed Tail\n|-damage|p1a: Cyclizar|50\/100\n|\n|t:|1698356931\n|switch|p1a: Arceus|Arceus-Poison, shiny|100\/100|[from] Shed Tail\n|\n|-status|p2a: Gliscor|tox|[from] item: Toxic Orb\n|upkeep\n|turn|7\n|\n|t:|1698356947\n|move|p1a: Arceus|Cosmic Power|p1a: Arceus\n|-boost|p1a: Arceus|def|1\n|-boost|p1a: Arceus|spd|1\n|move|p2a: Gliscor|Earthquake|p1a: Arceus\n|-supereffective|p1a: Arceus\n|-end|p1a: Arceus|Substitute\n|\n|upkeep\n|turn|8\n|\n|t:|1698356972\n|move|p1a: Arceus|Cosmic Power|p1a: Arceus\n|-boost|p1a: Arceus|def|1\n|-boost|p1a: Arceus|spd|1\n|move|p2a: Gliscor|Spikes|p1a: Arceus\n|-sidestart|p1: wyvernl0rd|Spikes\n|\n|upkeep\n|turn|9\n|\n|t:|1698356976\n|switch|p2a: Gholdengo|Gholdengo|100\/100\n|move|p1a: Arceus|Cosmic Power|p1a: Arceus\n|-boost|p1a: Arceus|def|1\n|-boost|p1a: Arceus|spd|1\n|\n|upkeep\n|turn|10\n|\n|t:|1698356987\n|move|p1a: Arceus|Cosmic Power|p1a: Arceus\n|-boost|p1a: Arceus|def|1\n|-boost|p1a: Arceus|spd|1\n|move|p2a: Gholdengo|Hex|p1a: Arceus\n|-damage|p1a: Arceus|94\/100\n|\n|upkeep\n|turn|11\n|\n|t:|1698356995\n|move|p1a: Arceus|Cosmic Power|p1a: Arceus\n|-boost|p1a: Arceus|def|1\n|-boost|p1a: Arceus|spd|1\n|move|p2a: Gholdengo|Hex|p1a: Arceus\n|-damage|p1a: Arceus|88\/100\n|\n|upkeep\n|turn|12\n|\n|t:|1698357008\n|switch|p2a: Gliscor|Gliscor, M|100\/100 tox\n|move|p1a: Arceus|Cosmic Power|p1a: Arceus\n|-boost|p1a: Arceus|def|1\n|-boost|p1a: Arceus|spd|1\n|\n|upkeep\n|turn|13\n|\n|t:|1698357012\n|switch|p2a: Gholdengo|Gholdengo|100\/100\n|move|p1a: Arceus|Stored Power|p2a: Gholdengo\n|-resisted|p2a: Gholdengo\n|-crit|p2a: Gholdengo\n|-damage|p2a: Gholdengo|52\/100\n|\n|-heal|p2a: Gholdengo|58\/100|[from] item: Leftovers\n|upkeep\n|turn|14\n|\n|t:|1698357032\n|move|p1a: Arceus|Stored Power|p2a: Gholdengo\n|-resisted|p2a: Gholdengo\n|-damage|p2a: Gholdengo|27\/100\n|move|p2a: Gholdengo|Recover|p2a: Gholdengo\n|-heal|p2a: Gholdengo|77\/100\n|\n|-heal|p2a: Gholdengo|83\/100|[from] item: Leftovers\n|upkeep\n|turn|15\n|\n|t:|1698357041\n|move|p1a: Arceus|Stored Power|p2a: Gholdengo\n|-resisted|p2a: Gholdengo\n|-damage|p2a: Gholdengo|48\/100\n|move|p2a: Gholdengo|Recover|p2a: Gholdengo\n|-heal|p2a: Gholdengo|98\/100\n|\n|-heal|p2a: Gholdengo|100\/100|[from] item: Leftovers\n|upkeep\n|turn|16\n|\n|t:|1698357045\n|move|p1a: Arceus|Stored Power|p2a: Gholdengo\n|-resisted|p2a: Gholdengo\n|-damage|p2a: Gholdengo|69\/100\n|move|p2a: Gholdengo|Make It Rain|p1a: Arceus\n|-damage|p1a: Arceus|79\/100\n|-unboost|p2a: Gholdengo|spa|1\n|\n|-heal|p2a: Gholdengo|75\/100|[from] item: Leftovers\n|upkeep\n|turn|17\n|\n|t:|1698357057\n|move|p1a: Arceus|Stored Power|p2a: Gholdengo\n|-resisted|p2a: Gholdengo\n|-damage|p2a: Gholdengo|40\/100\n|move|p2a: Gholdengo|Recover|p2a: Gholdengo\n|-heal|p2a: Gholdengo|90\/100\n|\n|-heal|p2a: Gholdengo|96\/100|[from] item: Leftovers\n|upkeep\n|turn|18\n|\n|t:|1698357074\n|move|p1a: Arceus|Recover|p1a: Arceus\n|-heal|p1a: Arceus|100\/100\n|move|p2a: Gholdengo|Make It Rain|p1a: Arceus\n|-damage|p1a: Arceus|94\/100\n|-unboost|p2a: Gholdengo|spa|1\n|\n|-heal|p2a: Gholdengo|100\/100|[from] item: Leftovers\n|upkeep\n|turn|19\n|\n|t:|1698357082\n|move|p1a: Arceus|Stored Power|p2a: Gholdengo\n|-resisted|p2a: Gholdengo\n|-damage|p2a: Gholdengo|66\/100\n|move|p2a: Gholdengo|Hex|p1a: Arceus\n|-damage|p1a: Arceus|91\/100\n|\n|-heal|p2a: Gholdengo|72\/100|[from] item: Leftovers\n|upkeep\n|turn|20\n|\n|t:|1698357089\n|move|p1a: Arceus|Stored Power|p2a: Gholdengo\n|-resisted|p2a: Gholdengo\n|-damage|p2a: Gholdengo|39\/100\n|move|p2a: Gholdengo|Hex|p1a: Arceus\n|-damage|p1a: Arceus|89\/100\n|\n|-heal|p2a: Gholdengo|45\/100|[from] item: Leftovers\n|upkeep\n|turn|21\n|\n|t:|1698357093\n|move|p1a: Arceus|Stored Power|p2a: Gholdengo\n|-resisted|p2a: Gholdengo\n|-damage|p2a: Gholdengo|12\/100\n|move|p2a: Gholdengo|Recover|p2a: Gholdengo\n|-heal|p2a: Gholdengo|62\/100\n|\n|-heal|p2a: Gholdengo|68\/100|[from] item: Leftovers\n|upkeep\n|turn|22\n|\n|t:|1698357102\n|move|p1a: Arceus|Stored Power|p2a: Gholdengo\n|-resisted|p2a: Gholdengo\n|-damage|p2a: Gholdengo|36\/100\n|move|p2a: Gholdengo|Recover|p2a: Gholdengo\n|-heal|p2a: Gholdengo|86\/100\n|\n|-heal|p2a: Gholdengo|92\/100|[from] item: Leftovers\n|upkeep\n|turn|23\n|\n|t:|1698357107\n|move|p1a: Arceus|Recover|p1a: Arceus\n|-heal|p1a: Arceus|100\/100\n|move|p2a: Gholdengo|Make It Rain|p1a: Arceus\n|-damage|p1a: Arceus|96\/100\n|-unboost|p2a: Gholdengo|spa|1\n|\n|-heal|p2a: Gholdengo|98\/100|[from] item: Leftovers\n|upkeep\n|turn|24\n|\n|t:|1698357120\n|move|p1a: Arceus|Stored Power|p2a: Gholdengo\n|-resisted|p2a: Gholdengo\n|-damage|p2a: Gholdengo|67\/100\n|move|p2a: Gholdengo|Hex|p1a: Arceus\n|-damage|p1a: Arceus|94\/100\n|\n|-heal|p2a: Gholdengo|73\/100|[from] item: Leftovers\n|upkeep\n|turn|25\n|\n|t:|1698357128\n|move|p1a: Arceus|Stored Power|p2a: Gholdengo\n|-resisted|p2a: Gholdengo\n|-damage|p2a: Gholdengo|42\/100\n|move|p2a: Gholdengo|Hex|p1a: Arceus\n|-damage|p1a: Arceus|92\/100\n|\n|-heal|p2a: Gholdengo|48\/100|[from] item: Leftovers\n|upkeep\n|turn|26\n|\n|t:|1698357132\n|move|p1a: Arceus|Recover|p1a: Arceus\n|-heal|p1a: Arceus|100\/100\n|move|p2a: Gholdengo|Recover|p2a: Gholdengo\n|-heal|p2a: Gholdengo|98\/100\n|\n|-heal|p2a: Gholdengo|100\/100|[from] item: Leftovers\n|upkeep\n|turn|27\n|\n|t:|1698357140\n|move|p1a: Arceus|Body Press|p2a: Gholdengo\n|-immune|p2a: Gholdengo\n|move|p2a: Gholdengo|Hex|p1a: Arceus\n|-damage|p1a: Arceus|98\/100\n|\n|upkeep\n|turn|28\n|\n|t:|1698357146\n|switch|p2a: Arceus|Arceus-Poison|100\/100\n|move|p1a: Arceus|Stored Power|p2a: Arceus\n|-supereffective|p2a: Arceus\n|-damage|p2a: Arceus|5\/100\n|\n|upkeep\n|turn|29\n|\n|t:|1698357159\n|move|p1a: Arceus|Body Press|p2a: Arceus\n|-resisted|p2a: Arceus\n|-damage|p2a: Arceus|0 fnt\n|faint|p2a: Arceus\n|\n|upkeep\n|\n|t:|1698357166\n|switch|p2a: Gliscor|Gliscor, M|100\/100 tox\n|turn|30\n|\n|t:|1698357172\n|move|p2a: Gliscor|Protect|p2a: Gliscor\n|-singleturn|p2a: Gliscor|Protect\n|move|p1a: Arceus|Body Press|p2a: Gliscor\n|-activate|p2a: Gliscor|move: Protect\n|\n|upkeep\n|turn|31\n|\n|t:|1698357176\n|switch|p2a: Gholdengo|Gholdengo|100\/100\n|move|p1a: Arceus|Recover|p1a: Arceus\n|-heal|p1a: Arceus|100\/100\n|\n|upkeep\n|turn|32\n|\n|t:|1698357185\n|switch|p2a: Gliscor|Gliscor, M|100\/100 tox\n|move|p1a: Arceus|Stored Power|p2a: Gliscor\n|-damage|p2a: Gliscor|47\/100 tox\n|\n|-heal|p2a: Gliscor|60\/100 tox|[from] ability: Poison Heal\n|upkeep\n|turn|33\n|\n|t:|1698357191\n|move|p2a: Gliscor|Protect|p2a: Gliscor\n|-singleturn|p2a: Gliscor|Protect\n|move|p1a: Arceus|Body Press|p2a: Gliscor\n|-activate|p2a: Gliscor|move: Protect\n|\n|-heal|p2a: Gliscor|72\/100 tox|[from] ability: Poison Heal\n|upkeep\n|turn|34\n|\n|t:|1698357201\n|move|p1a: Arceus|Body Press|p2a: Gliscor\n|-resisted|p2a: Gliscor\n|-damage|p2a: Gliscor|36\/100 tox\n|move|p2a: Gliscor|Toxic Spikes|p1a: Arceus\n|-sidestart|p1: wyvernl0rd|move: Toxic Spikes\n|\n|-heal|p2a: Gliscor|49\/100 tox|[from] ability: Poison Heal\n|upkeep\n|turn|35\n|\n|t:|1698357207\n|move|p2a: Gliscor|Protect|p2a: Gliscor\n|-singleturn|p2a: Gliscor|Protect\n|move|p1a: Arceus|Cosmic Power|p1a: Arceus\n|-boost|p1a: Arceus|def|0\n|-boost|p1a: Arceus|spd|0\n|\n|-heal|p2a: Gliscor|61\/100 tox|[from] ability: Poison Heal\n|upkeep\n|turn|36\n|\n|t:|1698357216\n|move|p1a: Arceus|Stored Power|p2a: Gliscor\n|-damage|p2a: Gliscor|5\/100 tox\n|move|p2a: Gliscor|Toxic Spikes|p1a: Arceus\n|-sidestart|p1: wyvernl0rd|move: Toxic Spikes\n|\n|-heal|p2a: Gliscor|17\/100 tox|[from] ability: Poison Heal\n|upkeep\n|turn|37\n|\n|t:|1698357223\n|move|p1a: Arceus|Body Press|p2a: Gliscor\n|-resisted|p2a: Gliscor\n|-damage|p2a: Gliscor|0 fnt\n|faint|p2a: Gliscor\n|\n|upkeep\n|\n|t:|1698357229\n|switch|p2a: Gholdengo|Gholdengo|100\/100\n|turn|38\n|\n|t:|1698357234\n|move|p1a: Arceus|Cosmic Power|p1a: Arceus\n|-boost|p1a: Arceus|def|0\n|-boost|p1a: Arceus|spd|0\n|move|p2a: Gholdengo|Make It Rain|p1a: Arceus\n|-damage|p1a: Arceus|92\/100\n|-unboost|p2a: Gholdengo|spa|1\n|\n|upkeep\n|turn|39\n|\n|t:|1698357247\n|switch|p2a: Palkia|Palkia-Origin, tera:Fairy|76\/100\n|-ability|p2a: Palkia|Pressure\n|move|p1a: Arceus|Cosmic Power|p1a: Arceus\n|-boost|p1a: Arceus|def|0\n|-boost|p1a: Arceus|spd|0\n|\n|upkeep\n|turn|40\n|\n|t:|1698357252\n|switch|p2a: Gholdengo|Gholdengo|100\/100\n|move|p1a: Arceus|Stored Power|p2a: Gholdengo\n|-resisted|p2a: Gholdengo\n|-damage|p2a: Gholdengo|68\/100\n|\n|-heal|p2a: Gholdengo|74\/100|[from] item: Leftovers\n|upkeep\n|turn|41\n|\n|t:|1698357266\n|move|p1a: Arceus|Recover|p1a: Arceus\n|-heal|p1a: Arceus|100\/100\n|move|p2a: Gholdengo|Hex|p1a: Arceus\n|-damage|p1a: Arceus|96\/100\n|\n|-heal|p2a: Gholdengo|80\/100|[from] item: Leftovers\n|upkeep\n|turn|42\n|\n|t:|1698357275\n|move|p1a: Arceus|Body Press|p2a: Gholdengo\n|-immune|p2a: Gholdengo\n|move|p2a: Gholdengo|Hex|p1a: Arceus\n|-damage|p1a: Arceus|92\/100\n|\n|-heal|p2a: Gholdengo|86\/100|[from] item: Leftovers\n|upkeep\n|turn|43\n|\n|t:|1698357284\n|switch|p2a: Palkia|Palkia-Origin, tera:Fairy|76\/100\n|-ability|p2a: Palkia|Pressure\n|move|p1a: Arceus|Cosmic Power|p1a: Arceus\n|-boost|p1a: Arceus|def|0\n|-boost|p1a: Arceus|spd|0\n|\n|upkeep\n|turn|44\n|\n|t:|1698357295\n|move|p1a: Arceus|Body Press|p2a: Palkia\n|-resisted|p2a: Palkia\n|-damage|p2a: Palkia|32\/100\n|move|p2a: Palkia|Substitute|p2a: Palkia\n|-start|p2a: Palkia|Substitute\n|-damage|p2a: Palkia|7\/100\n|\n|upkeep\n|turn|45\n|\n|t:|1698357305\n|move|p2a: Palkia|Draco Meteor|p1a: Arceus|[miss]\n|-miss|p2a: Palkia|p1a: Arceus\n|move|p1a: Arceus|Body Press|p2a: Palkia\n|-resisted|p2a: Palkia\n|-end|p2a: Palkia|Substitute\n|\n|upkeep\n|turn|46\n|\n|t:|1698357314\n|switch|p2a: Gholdengo|Gholdengo|86\/100\n|move|p1a: Arceus|Stored Power|p2a: Gholdengo\n|-resisted|p2a: Gholdengo\n|-damage|p2a: Gholdengo|52\/100\n|\n|-heal|p2a: Gholdengo|58\/100|[from] item: Leftovers\n|upkeep\n|turn|47\n|\n|t:|1698357323\n|switch|p1a: Shaymin|Shaymin-Sky|100\/100\n|move|p2a: Gholdengo|Focus Blast|p1a: Shaymin\n|-resisted|p1a: Shaymin\n|-damage|p1a: Shaymin|76\/100\n|\n|-heal|p2a: Gholdengo|64\/100|[from] item: Leftovers\n|upkeep\n|turn|48\n|\n|t:|1698357367\n|move|p1a: Shaymin|Earth Power|p2a: Gholdengo\n|-supereffective|p2a: Gholdengo\n|-damage|p2a: Gholdengo|0 fnt\n|faint|p2a: Gholdengo\n|-damage|p1a: Shaymin|66\/100|[from] item: Life Orb\n|\n|upkeep\n|\n|t:|1698357378\n|switch|p2a: Zacian|Zacian|100\/100\n|-ability|p2a: Zacian|Intrepid Sword|boost\n|-boost|p2a: Zacian|atk|1\n|turn|49\n|\n|t:|1698357385\n|switch|p1a: Dondozo|Dondozo, M|100\/100\n|-damage|p1a: Dondozo|88\/100|[from] Spikes\n|-status|p1a: Dondozo|tox\n|move|p2a: Zacian|Swords Dance|p2a: Zacian\n|-boost|p2a: Zacian|atk|2\n|\n|-heal|p1a: Dondozo|94\/100 tox|[from] item: Leftovers\n|-damage|p1a: Dondozo|88\/100 tox|[from] psn\n|upkeep\n|turn|50\n|\n|t:|1698357392\n|move|p2a: Zacian|Wild Charge|p1a: Dondozo\n|-supereffective|p1a: Dondozo\n|-damage|p1a: Dondozo|61\/100 tox\n|-damage|p2a: Zacian|90\/100|[from] Recoil\n|move|p1a: Dondozo|Rest|p1a: Dondozo\n|-status|p1a: Dondozo|slp|[from] move: Rest\n|-heal|p1a: Dondozo|100\/100 slp|[silent]\n|\n|upkeep\n|turn|51\n|\n|t:|1698357400\n|switch|p2a: Palkia|Palkia-Origin, tera:Fairy|7\/100\n|-ability|p2a: Palkia|Pressure\n|cant|p1a: Dondozo|slp\n|move|p1a: Dondozo|Sleep Talk|p1a: Dondozo\n|move|p1a: Dondozo|Rest||[from]move: Sleep Talk|[still]\n|-fail|p1a: Dondozo\n|\n|upkeep\n|turn|52\n|\n|t:|1698357404\n|move|p2a: Palkia|Draco Meteor|p1a: Dondozo\n|-damage|p1a: Dondozo|17\/100 slp\n|-unboost|p2a: Palkia|spa|2\n|cant|p1a: Dondozo|slp\n|move|p1a: Dondozo|Sleep Talk|p1a: Dondozo\n|move|p1a: Dondozo|Rest||[from]move: Sleep Talk|[still]\n|-fail|p1a: Dondozo\n|\n|-heal|p1a: Dondozo|23\/100 slp|[from] item: Leftovers\n|upkeep\n|turn|53\n|\n|t:|1698357431\n|switch|p1a: Magearna|Magearna|63\/100\n|-damage|p1a: Magearna|51\/100|[from] Spikes\n|move|p2a: Palkia|Hydro Pump|p1a: Magearna\n|-damage|p1a: Magearna|19\/100\n|\n|-heal|p1a: Magearna|25\/100|[from] item: Leftovers\n|upkeep\n|turn|54\n|\n|t:|1698357439\n|move|p2a: Palkia|Hydro Pump|p1a: Magearna\n|-damage|p1a: Magearna|0 fnt\n|faint|p1a: Magearna\n|\n|upkeep\n|\n|t:|1698357441\n|switch|p1a: Shaymin|Shaymin-Sky|66\/100\n|turn|55\n|\n|t:|1698357446\n|move|p1a: Shaymin|Earth Power|p2a: Palkia\n|-damage|p2a: Palkia|0 fnt\n|faint|p2a: Palkia\n|-damage|p1a: Shaymin|57\/100|[from] item: Life Orb\n|\n|upkeep\n|\n|t:|1698357448\n|switch|p2a: Zacian|Zacian|90\/100\n|turn|56\n|\n|t:|1698357458\n|move|p2a: Zacian|Swords Dance|p2a: Zacian\n|-boost|p2a: Zacian|atk|2\n|move|p1a: Shaymin|Healing Wish|p1a: Shaymin\n|faint|p1a: Shaymin\n|\n|upkeep\n|\n|t:|1698357459\n|switch|p1a: Dondozo|Dondozo, M|23\/100 slp\n|-heal|p1a: Dondozo|100\/100|[from] move: Healing Wish\n|-damage|p1a: Dondozo|88\/100|[from] Spikes\n|-status|p1a: Dondozo|tox\n|turn|57\n|\n|t:|1698357472\n|move|p2a: Zacian|Wild Charge|p1a: Dondozo\n|-supereffective|p1a: Dondozo\n|-damage|p1a: Dondozo|64\/100 tox\n|-damage|p2a: Zacian|80\/100|[from] Recoil\n|move|p1a: Dondozo|Rest|p1a: Dondozo\n|-status|p1a: Dondozo|slp|[from] move: Rest\n|-heal|p1a: Dondozo|100\/100 slp|[silent]\n|\n|upkeep\n|turn|58\n|\n|t:|1698357477\n|move|p2a: Zacian|Wild Charge|p1a: Dondozo\n|-supereffective|p1a: Dondozo\n|-damage|p1a: Dondozo|74\/100 slp\n|-damage|p2a: Zacian|70\/100|[from] Recoil\n|cant|p1a: Dondozo|slp\n|move|p1a: Dondozo|Sleep Talk|p1a: Dondozo\n|move|p1a: Dondozo|Rest||[from]move: Sleep Talk|[still]\n|-fail|p1a: Dondozo\n|\n|-heal|p1a: Dondozo|80\/100 slp|[from] item: Leftovers\n|upkeep\n|turn|59\n|\n|t:|1698357485\n|move|p2a: Zacian|Wild Charge|p1a: Dondozo\n|-supereffective|p1a: Dondozo\n|-damage|p1a: Dondozo|55\/100 slp\n|-damage|p2a: Zacian|60\/100|[from] Recoil\n|cant|p1a: Dondozo|slp\n|move|p1a: Dondozo|Sleep Talk|p1a: Dondozo\n|move|p1a: Dondozo|Curse|p1a: Dondozo|[from]move: Sleep Talk\n|-unboost|p1a: Dondozo|spe|1\n|-boost|p1a: Dondozo|atk|1\n|-boost|p1a: Dondozo|def|1\n|\n|-heal|p1a: Dondozo|61\/100 slp|[from] item: Leftovers\n|upkeep\n|turn|60\n|\n|t:|1698357491\n|move|p2a: Zacian|Wild Charge|p1a: Dondozo\n|-supereffective|p1a: Dondozo\n|-damage|p1a: Dondozo|42\/100 slp\n|-damage|p2a: Zacian|53\/100|[from] Recoil\n|-curestatus|p1a: Dondozo|slp|[msg]\n|move|p1a: Dondozo|Curse|p1a: Dondozo\n|-unboost|p1a: Dondozo|spe|1\n|-boost|p1a: Dondozo|atk|1\n|-boost|p1a: Dondozo|def|1\n|\n|-heal|p1a: Dondozo|48\/100|[from] item: Leftovers\n|upkeep\n|turn|61\n|\n|t:|1698357499\n|move|p2a: Zacian|Wild Charge|p1a: Dondozo\n|-supereffective|p1a: Dondozo\n|-damage|p1a: Dondozo|34\/100\n|-damage|p2a: Zacian|48\/100|[from] Recoil\n|move|p1a: Dondozo|Curse|p1a: Dondozo\n|-unboost|p1a: Dondozo|spe|1\n|-boost|p1a: Dondozo|atk|1\n|-boost|p1a: Dondozo|def|1\n|\n|-heal|p1a: Dondozo|41\/100|[from] item: Leftovers\n|upkeep\n|turn|62\n|\n|t:|1698357504\n|move|p2a: Zacian|Wild Charge|p1a: Dondozo\n|-supereffective|p1a: Dondozo\n|-damage|p1a: Dondozo|29\/100\n|-damage|p2a: Zacian|43\/100|[from] Recoil\n|move|p1a: Dondozo|Rest|p1a: Dondozo\n|-status|p1a: Dondozo|slp|[from] move: Rest\n|-heal|p1a: Dondozo|100\/100 slp|[silent]\n|\n|upkeep\n|turn|63\n|\n|t:|1698357510\n|move|p2a: Zacian|Wild Charge|p1a: Dondozo\n|-supereffective|p1a: Dondozo\n|-damage|p1a: Dondozo|90\/100 slp\n|-damage|p2a: Zacian|39\/100|[from] Recoil\n|cant|p1a: Dondozo|slp\n|move|p1a: Dondozo|Sleep Talk|p1a: Dondozo\n|move|p1a: Dondozo|Curse|p1a: Dondozo|[from]move: Sleep Talk\n|-unboost|p1a: Dondozo|spe|1\n|-boost|p1a: Dondozo|atk|1\n|-boost|p1a: Dondozo|def|1\n|\n|-heal|p1a: Dondozo|96\/100 slp|[from] item: Leftovers\n|upkeep\n|turn|64\n|\n|t:|1698357512\n|move|p2a: Zacian|Wild Charge|p1a: Dondozo\n|-supereffective|p1a: Dondozo\n|-damage|p1a: Dondozo|87\/100 slp\n|-damage|p2a: Zacian|36\/100|[from] Recoil\n|cant|p1a: Dondozo|slp\n|move|p1a: Dondozo|Sleep Talk|p1a: Dondozo\n|move|p1a: Dondozo|Curse|p1a: Dondozo|[from]move: Sleep Talk\n|-unboost|p1a: Dondozo|spe|1\n|-boost|p1a: Dondozo|atk|1\n|-boost|p1a: Dondozo|def|1\n|\n|-heal|p1a: Dondozo|93\/100 slp|[from] item: Leftovers\n|upkeep\n|turn|65\n|\n|t:|1698357515\n|move|p2a: Zacian|Wild Charge|p1a: Dondozo\n|-supereffective|p1a: Dondozo\n|-damage|p1a: Dondozo|85\/100 slp\n|-damage|p2a: Zacian|32\/100|[from] Recoil\n|-curestatus|p1a: Dondozo|slp|[msg]\n|move|p1a: Dondozo|Wave Crash|p2a: Zacian\n|-damage|p2a: Zacian|0 fnt\n|faint|p2a: Zacian\n|-damage|p1a: Dondozo|78\/100|[from] Recoil\n|\n|win|wyvernl0rd\n|c|\u2606wyvernl0rd|ggs\n|c|\u2606Janis105|gg\n|l|\u2606Janis105\n","uploadtime":1698357521,"views":23,"p1id":"wyvernl0rd","p2id":"janis105","formatid":"gen9ubers","rating":0,"private":0,"password":""}