{"id":"gen9ubers-1969238317","p1":"Nuttyr","p2":"flambojambo","format":"[Gen 9] Ubers","log":"|j|\u2606Nuttyr\n|j|\u2606flambojambo\n|t:|1697504487\n|gametype|singles\n|player|p1|Nuttyr|101|\n|player|p2|flambojambo|skyla|\n|teamsize|p1|6\n|teamsize|p2|6\n|gen|9\n|tier|[Gen 9] Ubers\n|rule|Sleep Clause Mod: Limit one foe put to sleep\n|rule|Species Clause: Limit one of each Pok\u00e9mon\n|rule|OHKO Clause: OHKO moves are banned\n|rule|Evasion Items Clause: Evasion items are banned\n|rule|Evasion Moves Clause: Evasion moves are banned\n|rule|Endless Battle Clause: Forcing endless battles is banned\n|rule|HP Percentage Mod: HP is shown in percentages\n|clearpoke\n|poke|p1|Ninetales-Alola, F|\n|poke|p1|Garganacl, M|\n|poke|p1|Gholdengo|\n|poke|p1|Samurott-Hisui, F|\n|poke|p1|Quaquaval, M|\n|poke|p1|Typhlosion, M|\n|poke|p2|Skeledirge, M|\n|poke|p2|Enamorus, F|\n|poke|p2|Munkidori, M|\n|poke|p2|Mamoswine, F|\n|poke|p2|Zamazenta-*|\n|poke|p2|Manaphy|\n|teampreview\n|inactive|Battle timer is ON: inactive players will automatically lose when time's up. (requested by Nuttyr)\n|\n|t:|1697504497\n|start\n|switch|p1a: Garganacl|Garganacl, M|100\/100\n|switch|p2a: spirt|Manaphy|100\/100\n|turn|1\n|\n|t:|1697504506\n|-terastallize|p1a: Garganacl|Water\n|move|p2a: spirt|Tail Glow|p2a: spirt\n|-boost|p2a: spirt|spa|3\n|move|p1a: Garganacl|Salt Cure|p2a: spirt\n|-damage|p2a: spirt|85\/100\n|-start|p2a: spirt|Salt Cure\n|\n|-heal|p2a: spirt|91\/100|[from] item: Leftovers\n|-damage|p2a: spirt|66\/100|[from] Salt Cure\n|upkeep\n|turn|2\n|\n|t:|1697504525\n|move|p2a: spirt|Psychic|p1a: Garganacl\n|-damage|p1a: Garganacl|55\/100\n|move|p1a: Garganacl|Stealth Rock|p2a: spirt\n|-sidestart|p2: flambojambo|move: Stealth Rock\n|\n|-heal|p2a: spirt|73\/100|[from] item: Leftovers\n|-heal|p1a: Garganacl|61\/100|[from] item: Leftovers\n|-damage|p2a: spirt|48\/100|[from] Salt Cure\n|upkeep\n|turn|3\n|inactiveoff|Battle timer is now OFF.\n|\n|t:|1697504552\n|move|p2a: spirt|Surf|p1a: Garganacl\n|-resisted|p1a: Garganacl\n|-damage|p1a: Garganacl|27\/100\n|move|p1a: Garganacl|Recover|p1a: Garganacl\n|-heal|p1a: Garganacl|77\/100\n|\n|-heal|p2a: spirt|54\/100|[from] item: Leftovers\n|-heal|p1a: Garganacl|83\/100|[from] item: Leftovers\n|-damage|p2a: spirt|29\/100|[from] Salt Cure\n|upkeep\n|turn|4\n|j| RektCactus\n|\n|t:|1697504568\n|move|p2a: spirt|Ice Beam|p1a: Garganacl\n|-resisted|p1a: Garganacl\n|-damage|p1a: Garganacl|61\/100\n|move|p1a: Garganacl|Salt Cure|p2a: spirt\n|-damage|p2a: spirt|14\/100\n|\n|-heal|p2a: spirt|20\/100|[from] item: Leftovers\n|-heal|p1a: Garganacl|67\/100|[from] item: Leftovers\n|-damage|p2a: spirt|0 fnt|[from] Salt Cure\n|faint|p2a: spirt\n|upkeep\n|\n|t:|1697504606\n|switch|p2a: ROO BEER|Mamoswine, F|100\/100\n|-damage|p2a: ROO BEER|88\/100|[from] Stealth Rock\n|turn|5\n|\n|t:|1697504616\n|switch|p1a: Ninetales|Ninetales-Alola, F|100\/100\n|-weather|Snow|[from] ability: Snow Warning|[of] p1a: Ninetales\n|move|p2a: ROO BEER|Stealth Rock|p1a: Ninetales\n|-sidestart|p1: Nuttyr|move: Stealth Rock\n|\n|-weather|Snow|[upkeep]\n|upkeep\n|turn|6\n|\n|t:|1697504652\n|switch|p2a: mm dogta pebba|Skeledirge, M|100\/100\n|move|p1a: Ninetales|Encore||[still]\n|-fail|p1a: Ninetales\n|\n|-weather|Snow|[upkeep]\n|upkeep\n|turn|7\n|\n|t:|1697504669\n|move|p1a: Ninetales|Aurora Veil|p1a: Ninetales\n|-sidestart|p1: Nuttyr|move: Aurora Veil\n|move|p2a: mm dogta pebba|Torch Song|p1a: Ninetales\n|-supereffective|p1a: Ninetales\n|-damage|p1a: Ninetales|72\/100\n|-boost|p2a: mm dogta pebba|spa|1\n|\n|-weather|Snow|[upkeep]\n|upkeep\n|turn|8\n|\n|t:|1697504690\n|switch|p1a: Samurott|Samurott-Hisui, F|100\/100\n|-damage|p1a: Samurott|88\/100|[from] Stealth Rock\n|move|p2a: mm dogta pebba|Torch Song|p1a: Samurott\n|-resisted|p1a: Samurott\n|-damage|p1a: Samurott|70\/100\n|-boost|p2a: mm dogta pebba|spa|1\n|\n|-weather|Snow|[upkeep]\n|upkeep\n|turn|9\n|\n|t:|1697504715\n|-terastallize|p2a: mm dogta pebba|Fairy\n|move|p1a: Samurott|Knock Off|p2a: mm dogta pebba\n|-resisted|p2a: mm dogta pebba\n|-damage|p2a: mm dogta pebba|77\/100\n|-enditem|p2a: mm dogta pebba|Heavy-Duty Boots|[from] move: Knock Off|[of] p1a: Samurott\n|-damage|p1a: Samurott|60\/100|[from] item: Life Orb\n|move|p2a: mm dogta pebba|Tera Blast|p1a: Samurott|[anim] Tera Blast Fairy\n|-supereffective|p1a: Samurott\n|-damage|p1a: Samurott|0 fnt\n|faint|p1a: Samurott\n|\n|-weather|none\n|upkeep\n|\n|t:|1697504727\n|switch|p1a: Gholdengo|Gholdengo|100\/100\n|-damage|p1a: Gholdengo|94\/100|[from] Stealth Rock\n|turn|10\n|\n|t:|1697504736\n|move|p1a: Gholdengo|Make It Rain|p2a: mm dogta pebba\n|-supereffective|p2a: mm dogta pebba\n|-damage|p2a: mm dogta pebba|0 fnt\n|-unboost|p1a: Gholdengo|spa|1\n|faint|p2a: mm dogta pebba\n|\n|upkeep\n|\n|t:|1697504770\n|switch|p2a: Monsert|Munkidori, M|100\/100\n|-damage|p2a: Monsert|88\/100|[from] Stealth Rock\n|turn|11\n|\n|t:|1697504781\n|switch|p1a: Garganacl|Garganacl, M, tera:Water|67\/100\n|-damage|p1a: Garganacl|55\/100|[from] Stealth Rock\n|move|p2a: Monsert|Shadow Ball|p1a: Garganacl\n|-damage|p1a: Garganacl|50\/100\n|\n|-heal|p1a: Garganacl|56\/100|[from] item: Leftovers\n|upkeep\n|turn|12\n|\n|t:|1697504796\n|move|p2a: Monsert|Shadow Ball|p1a: Garganacl\n|-damage|p1a: Garganacl|51\/100\n|-unboost|p1a: Garganacl|spd|1\n|move|p1a: Garganacl|Recover|p1a: Garganacl\n|-heal|p1a: Garganacl|100\/100\n|\n|upkeep\n|turn|13\n|\n|t:|1697504824\n|switch|p2a: pebZI|Zamazenta-Crowned|100\/100\n|-damage|p2a: pebZI|97\/100|[from] Stealth Rock\n|-ability|p2a: pebZI|Dauntless Shield|boost\n|-boost|p2a: pebZI|def|1\n|move|p1a: Garganacl|Salt Cure|p2a: pebZI\n|-resisted|p2a: pebZI\n|-damage|p2a: pebZI|96\/100\n|-start|p2a: pebZI|Salt Cure\n|\n|-damage|p2a: pebZI|71\/100|[from] Salt Cure\n|upkeep\n|turn|14\n|\n|t:|1697504843\n|move|p2a: pebZI|Iron Defense|p2a: pebZI\n|-boost|p2a: pebZI|def|2\n|move|p1a: Garganacl|Iron Defense|p1a: Garganacl\n|-boost|p1a: Garganacl|def|2\n|\n|-damage|p2a: pebZI|46\/100|[from] Salt Cure\n|-sideend|p1: Nuttyr|move: Aurora Veil\n|upkeep\n|turn|15\n|\n|t:|1697504852\n|move|p2a: pebZI|Body Press|p1a: Garganacl\n|-damage|p1a: Garganacl|69\/100\n|move|p1a: Garganacl|Iron Defense|p1a: Garganacl\n|-boost|p1a: Garganacl|def|2\n|\n|-heal|p1a: Garganacl|75\/100|[from] item: Leftovers\n|-damage|p2a: pebZI|21\/100|[from] Salt Cure\n|upkeep\n|turn|16\n|\n|t:|1697504864\n|move|p2a: pebZI|Behemoth Bash|p1a: Garganacl\n|-resisted|p1a: Garganacl\n|-damage|p1a: Garganacl|70\/100\n|move|p1a: Garganacl|Recover|p1a: Garganacl\n|-heal|p1a: Garganacl|100\/100\n|\n|-damage|p2a: pebZI|0 fnt|[from] Salt Cure\n|faint|p2a: pebZI\n|upkeep\n|\n|t:|1697504875\n|switch|p2a: Fanter (grape)|Enamorus, F|100\/100\n|-damage|p2a: Fanter (grape)|76\/100|[from] Stealth Rock\n|turn|17\n|\n|t:|1697504883\n|move|p2a: Fanter (grape)|Superpower|p1a: Garganacl\n|-damage|p1a: Garganacl|89\/100\n|-boost|p2a: Fanter (grape)|atk|1\n|-boost|p2a: Fanter (grape)|def|1\n|-damage|p2a: Fanter (grape)|66\/100|[from] item: Life Orb\n|move|p1a: Garganacl|Salt Cure|p2a: Fanter (grape)\n|-supereffective|p2a: Fanter (grape)\n|-damage|p2a: Fanter (grape)|37\/100\n|-start|p2a: Fanter (grape)|Salt Cure\n|\n|-heal|p1a: Garganacl|96\/100|[from] item: Leftovers\n|-damage|p2a: Fanter (grape)|24\/100|[from] Salt Cure\n|upkeep\n|turn|18\n|\n|t:|1697504898\n|move|p2a: Fanter (grape)|Outrage|p1a: Garganacl\n|-damage|p1a: Garganacl|78\/100\n|-damage|p2a: Fanter (grape)|15\/100|[from] item: Life Orb\n|move|p1a: Garganacl|Salt Cure|p2a: Fanter (grape)\n|-supereffective|p2a: Fanter (grape)\n|-damage|p2a: Fanter (grape)|0 fnt\n|faint|p2a: Fanter (grape)\n|\n|-heal|p1a: Garganacl|85\/100|[from] item: Leftovers\n|upkeep\n|\n|t:|1697504909\n|switch|p2a: Monsert|Munkidori, M|88\/100\n|-damage|p2a: Monsert|76\/100|[from] Stealth Rock\n|turn|19\n|\n|t:|1697504916\n|move|p2a: Monsert|Sludge Wave|p1a: Garganacl\n|-damage|p1a: Garganacl|34\/100\n|move|p1a: Garganacl|Salt Cure|p2a: Monsert\n|-damage|p2a: Monsert|53\/100\n|-start|p2a: Monsert|Salt Cure\n|\n|-heal|p1a: Garganacl|40\/100|[from] item: Leftovers\n|-damage|p2a: Monsert|41\/100|[from] Salt Cure\n|upkeep\n|turn|20\n|\n|t:|1697504930\n|move|p2a: Monsert|Sludge Wave|p1a: Garganacl\n|-damage|p1a: Garganacl|0 fnt\n|faint|p1a: Garganacl\n|\n|-damage|p2a: Monsert|28\/100|[from] Salt Cure\n|upkeep\n|\n|t:|1697504939\n|switch|p1a: Gholdengo|Gholdengo|94\/100\n|-damage|p1a: Gholdengo|88\/100|[from] Stealth Rock\n|turn|21\n|\n|t:|1697504943\n|switch|p2a: ROO BEER|Mamoswine, F|88\/100\n|-damage|p2a: ROO BEER|76\/100|[from] Stealth Rock\n|move|p1a: Gholdengo|Shadow Ball|p2a: ROO BEER\n|-crit|p2a: ROO BEER\n|-damage|p2a: ROO BEER|0 fnt\n|faint|p2a: ROO BEER\n|\n|upkeep\n|\n|t:|1697504952\n|switch|p2a: Monsert|Munkidori, M|28\/100\n|-damage|p2a: Monsert|16\/100|[from] Stealth Rock\n|turn|22\n|\n|t:|1697504963\n|move|p2a: Monsert|Psychic|p1a: Gholdengo\n|-resisted|p1a: Gholdengo\n|-damage|p1a: Gholdengo|61\/100\n|move|p1a: Gholdengo|Shadow Ball|p2a: Monsert\n|-supereffective|p2a: Monsert\n|-crit|p2a: Monsert\n|-damage|p2a: Monsert|0 fnt\n|faint|p2a: Monsert\n|\n|win|Nuttyr\n","uploadtime":1697504973,"views":15,"p1id":"nuttyr","p2id":"flambojambo","formatid":"gen9ubers","rating":0,"private":0,"password":""}