{"id":"gen9ubers-1968357713","p1":"RektCactus","p2":"Nagaina040501","format":"[Gen 9] Ubers","log":"|j|\u2606RektCactus\n|j|\u2606Nagaina040501\n|t:|1697409722\n|gametype|singles\n|player|p1|RektCactus|1|\n|player|p2|Nagaina040501|sailor|\n|teamsize|p1|6\n|teamsize|p2|6\n|gen|9\n|tier|[Gen 9] Ubers\n|rule|Sleep Clause Mod: Limit one foe put to sleep\n|rule|Species Clause: Limit one of each Pok\u00e9mon\n|rule|OHKO Clause: OHKO moves are banned\n|rule|Evasion Items Clause: Evasion items are banned\n|rule|Evasion Moves Clause: Evasion moves are banned\n|rule|Endless Battle Clause: Forcing endless battles is banned\n|rule|HP Percentage Mod: HP is shown in percentages\n|clearpoke\n|poke|p1|Ogerpon-Hearthflame, F|\n|poke|p1|Sneasler, F|\n|poke|p1|Urshifu-*, M|\n|poke|p1|Landorus-Therian, M|\n|poke|p1|Heatran, M|\n|poke|p1|Rillaboom, M|\n|poke|p2|Palafin, M|\n|poke|p2|Toxapex, F|\n|poke|p2|Zapdos|\n|poke|p2|Greninja-*, M|\n|poke|p2|Grimmsnarl, M|\n|poke|p2|Pelipper, M|\n|teampreview\n|\n|t:|1697409764\n|start\n|switch|p1a: Rillaboom|Rillaboom, M|100\/100\n|switch|p2a: Pepper|Pelipper, M|100\/100\n|-fieldstart|move: Grassy Terrain|[from] ability: Grassy Surge|[of] p1a: Rillaboom\n|-weather|RainDance|[from] ability: Drizzle|[of] p2a: Pepper\n|turn|1\n|\n|t:|1697409785\n|move|p1a: Rillaboom|U-turn|p2a: Pepper\n|-resisted|p2a: Pepper\n|-damage|p2a: Pepper|84\/100\n|\n|t:|1697409800\n|switch|p1a: Ogerpon|Ogerpon-Hearthflame, F|100\/100|[from] U-turn\n|-ability|p1a: Ogerpon|Mold Breaker\n|move|p2a: Pepper|U-turn|p1a: Ogerpon\n|-damage|p1a: Ogerpon|88\/100\n|\n|t:|1697409827\n|switch|p2a: Greninja|Greninja, M|100\/100|[from] U-turn\n|\n|-weather|RainDance|[upkeep]\n|-heal|p1a: Ogerpon|94\/100|[from] Grassy Terrain\n|upkeep\n|turn|2\n|\n|t:|1697409861\n|move|p2a: Greninja|Hydro Pump|p1a: Ogerpon|[miss]\n|-miss|p2a: Greninja|p1a: Ogerpon\n|move|p1a: Ogerpon|Ivy Cudgel|p2a: Greninja\n|-resisted|p2a: Greninja\n|-damage|p2a: Greninja|77\/100\n|\n|-weather|RainDance|[upkeep]\n|-heal|p2a: Greninja|83\/100|[from] Grassy Terrain\n|-heal|p1a: Ogerpon|99\/100|[from] Grassy Terrain\n|upkeep\n|turn|3\n|\n|t:|1697409871\n|move|p2a: Greninja|Hydro Pump|p1a: Ogerpon|[miss]\n|-miss|p2a: Greninja|p1a: Ogerpon\n|move|p1a: Ogerpon|Play Rough|p2a: Greninja\n|-supereffective|p2a: Greninja\n|-damage|p2a: Greninja|0 fnt\n|faint|p2a: Greninja\n|\n|-weather|RainDance|[upkeep]\n|-heal|p1a: Ogerpon|100\/100|[from] Grassy Terrain\n|upkeep\n|\n|t:|1697409880\n|switch|p2a: Real Gone|Zapdos|100\/100\n|turn|4\n|\n|t:|1697409907\n|switch|p1a: Landorus|Landorus-Therian, M|100\/100\n|-ability|p1a: Landorus|Intimidate|boost\n|-unboost|p2a: Real Gone|atk|1\n|move|p2a: Real Gone|Hurricane|p1a: Landorus\n|-damage|p1a: Landorus|21\/100\n|\n|-weather|RainDance|[upkeep]\n|upkeep\n|turn|5\n|\n|t:|1697409947\n|move|p2a: Real Gone|Volt Switch|p1a: Landorus\n|-immune|p1a: Landorus\n|move|p1a: Landorus|Stone Edge|p2a: Real Gone\n|-supereffective|p2a: Real Gone\n|-crit|p2a: Real Gone\n|-damage|p2a: Real Gone|0 fnt\n|faint|p2a: Real Gone\n|\n|-weather|RainDance|[upkeep]\n|-fieldend|move: Grassy Terrain\n|upkeep\n|\n|t:|1697409963\n|switch|p2a: Feeeeeesh|Palafin, M|100\/100\n|turn|6\n|\n|t:|1697409973\n|switch|p1a: Rillaboom|Rillaboom, M|100\/100\n|-fieldstart|move: Grassy Terrain|[from] ability: Grassy Surge|[of] p1a: Rillaboom\n|move|p2a: Feeeeeesh|Flip Turn|p1a: Rillaboom\n|-resisted|p1a: Rillaboom\n|-damage|p1a: Rillaboom|73\/100\n|\n|t:|1697409993\n|detailschange|p2a: Feeeeeesh|Palafin-Hero, M\n|switch|p2a: Joker|Grimmsnarl, M|100\/100|[from] Flip Turn\n|\n|-weather|RainDance|[upkeep]\n|-heal|p1a: Rillaboom|79\/100|[from] Grassy Terrain\n|upkeep\n|turn|7\n|\n|t:|1697410004\n|move|p2a: Joker|Reflect|p2a: Joker\n|-sidestart|p2: Nagaina040501|Reflect\n|move|p1a: Rillaboom|Wood Hammer|p2a: Joker\n|-damage|p2a: Joker|16\/100\n|-damage|p1a: Rillaboom|47\/100|[from] Recoil\n|\n|-weather|RainDance|[upkeep]\n|-heal|p1a: Rillaboom|53\/100|[from] Grassy Terrain\n|-heal|p2a: Joker|22\/100|[from] Grassy Terrain\n|upkeep\n|turn|8\n|\n|t:|1697410016\n|move|p2a: Joker|Light Screen|p2a: Joker\n|-sidestart|p2: Nagaina040501|move: Light Screen\n|move|p1a: Rillaboom|Wood Hammer|p2a: Joker\n|-damage|p2a: Joker|0 fnt\n|faint|p2a: Joker\n|-damage|p1a: Rillaboom|44\/100|[from] Recoil\n|\n|-weather|none\n|-heal|p1a: Rillaboom|51\/100|[from] Grassy Terrain\n|upkeep\n|\n|t:|1697410024\n|switch|p2a: Pepper|Pelipper, M|84\/100\n|-weather|RainDance|[from] ability: Drizzle|[of] p2a: Pepper\n|turn|9\n|\n|t:|1697410065\n|switch|p1a: Landorus|Landorus-Therian, M|21\/100\n|-ability|p1a: Landorus|Intimidate|boost\n|-unboost|p2a: Pepper|atk|1\n|move|p2a: Pepper|Hurricane|p1a: Landorus\n|-damage|p1a: Landorus|0 fnt\n|faint|p1a: Landorus\n|\n|-weather|RainDance|[upkeep]\n|upkeep\n|\n|t:|1697410086\n|switch|p1a: Sneasler|Sneasler, F|100\/100\n|-enditem|p1a: Sneasler|Grassy Seed\n|-boost|p1a: Sneasler|def|1|[from] item: Grassy Seed\n|turn|10\n|\n|t:|1697410098\n|switch|p2a: Feeeeeesh|Palafin-Hero, M|100\/100\n|-activate|p2a: Feeeeeesh|ability: Zero to Hero\n|move|p1a: Sneasler|Swords Dance|p1a: Sneasler\n|-boost|p1a: Sneasler|atk|2\n|\n|-weather|RainDance|[upkeep]\n|-fieldend|move: Grassy Terrain\n|upkeep\n|turn|11\n|\n|t:|1697410122\n|-terastallize|p1a: Sneasler|Poison\n|move|p1a: Sneasler|Dire Claw|p2a: Feeeeeesh\n|-damage|p2a: Feeeeeesh|42\/100\n|-status|p2a: Feeeeeesh|psn\n|move|p2a: Feeeeeesh|Wave Crash|p1a: Sneasler\n|-damage|p1a: Sneasler|0 fnt\n|faint|p1a: Sneasler\n|-damage|p2a: Feeeeeesh|13\/100 psn|[from] Recoil\n|\n|-weather|RainDance|[upkeep]\n|-damage|p2a: Feeeeeesh|1\/100 psn|[from] psn\n|upkeep\n|\n|t:|1697410136\n|switch|p1a: Rillaboom|Rillaboom, M|51\/100\n|-fieldstart|move: Grassy Terrain|[from] ability: Grassy Surge|[of] p1a: Rillaboom\n|turn|12\n|\n|t:|1697410143\n|move|p1a: Rillaboom|Grassy Glide|p2a: Feeeeeesh\n|-supereffective|p2a: Feeeeeesh\n|-damage|p2a: Feeeeeesh|0 fnt\n|faint|p2a: Feeeeeesh\n|\n|-weather|RainDance|[upkeep]\n|-heal|p1a: Rillaboom|57\/100|[from] Grassy Terrain\n|upkeep\n|\n|t:|1697410150\n|switch|p2a: Julie|Toxapex, F|100\/100\n|turn|13\n|j| RiddleDog\n|\n|t:|1697410180\n|switch|p1a: Heatran|Heatran, M|100\/100\n|-item|p1a: Heatran|Air Balloon\n|move|p2a: Julie|Toxic|p1a: Heatran\n|-immune|p1a: Heatran\n|\n|-weather|RainDance|[upkeep]\n|upkeep\n|turn|14\n|\n|t:|1697410189\n|move|p1a: Heatran|Magma Storm|p2a: Julie\n|-resisted|p2a: Julie\n|-damage|p2a: Julie|95\/100\n|-activate|p2a: Julie|move: Magma Storm|[of] p1a: Heatran\n|move|p2a: Julie|Chilling Water|p1a: Heatran\n|-supereffective|p1a: Heatran\n|-damage|p1a: Heatran|73\/100\n|-unboost|p1a: Heatran|atk|1\n|-enditem|p1a: Heatran|Air Balloon\n|\n|-weather|RainDance|[upkeep]\n|-heal|p1a: Heatran|79\/100|[from] Grassy Terrain\n|-heal|p2a: Julie|100\/100|[from] Grassy Terrain\n|-damage|p2a: Julie|88\/100|[from] move: Magma Storm|[partiallytrapped]\n|-sideend|p2: Nagaina040501|Reflect\n|upkeep\n|turn|15\n|\n|t:|1697410223\n|move|p1a: Heatran|Stealth Rock|p2a: Julie\n|-sidestart|p2: Nagaina040501|move: Stealth Rock\n|move|p2a: Julie|Chilling Water|p1a: Heatran\n|-supereffective|p1a: Heatran\n|-damage|p1a: Heatran|50\/100\n|-unboost|p1a: Heatran|atk|1\n|\n|-weather|RainDance|[upkeep]\n|-heal|p1a: Heatran|56\/100|[from] Grassy Terrain\n|-heal|p2a: Julie|94\/100|[from] Grassy Terrain\n|-heal|p2a: Julie|100\/100|[from] item: Black Sludge\n|-damage|p2a: Julie|88\/100|[from] move: Magma Storm|[partiallytrapped]\n|-sideend|p2: Nagaina040501|move: Light Screen\n|upkeep\n|turn|16\n|\n|t:|1697410240\n|move|p1a: Heatran|Earth Power|p2a: Julie\n|-supereffective|p2a: Julie\n|-damage|p2a: Julie|28\/100\n|move|p2a: Julie|Chilling Water|p1a: Heatran\n|-supereffective|p1a: Heatran\n|-damage|p1a: Heatran|28\/100\n|-unboost|p1a: Heatran|atk|1\n|\n|-weather|none\n|-heal|p1a: Heatran|34\/100|[from] Grassy Terrain\n|-heal|p2a: Julie|34\/100|[from] Grassy Terrain\n|-heal|p2a: Julie|41\/100|[from] item: Black Sludge\n|-damage|p2a: Julie|28\/100|[from] move: Magma Storm|[partiallytrapped]\n|-fieldend|move: Grassy Terrain\n|upkeep\n|turn|17\n|\n|t:|1697410253\n|move|p1a: Heatran|Earth Power|p2a: Julie\n|-supereffective|p2a: Julie\n|-damage|p2a: Julie|0 fnt\n|faint|p2a: Julie\n|\n|upkeep\n|\n|t:|1697410258\n|switch|p2a: Pepper|Pelipper, M|84\/100\n|-damage|p2a: Pepper|60\/100|[from] Stealth Rock\n|-weather|RainDance|[from] ability: Drizzle|[of] p2a: Pepper\n|turn|18\n|\n|t:|1697410269\n|move|p1a: Heatran|Magma Storm|p2a: Pepper\n|-resisted|p2a: Pepper\n|-damage|p2a: Pepper|38\/100\n|-activate|p2a: Pepper|move: Magma Storm|[of] p1a: Heatran\n|move|p2a: Pepper|Hurricane|p1a: Heatran\n|-resisted|p1a: Heatran\n|-damage|p1a: Heatran|20\/100\n|\n|-weather|RainDance|[upkeep]\n|-damage|p2a: Pepper|26\/100|[from] move: Magma Storm|[partiallytrapped]\n|upkeep\n|turn|19\n|\n|t:|1697410279\n|move|p1a: Heatran|Flash Cannon|p2a: Pepper\n|-resisted|p2a: Pepper\n|-damage|p2a: Pepper|0 fnt\n|faint|p2a: Pepper\n|\n|win|RektCactus\n|l|\u2606RektCactus\n|l|\u2606Nagaina040501\n|j| rustygoomba\n|l| rustygoomba\n","uploadtime":1697410378,"views":39,"p1id":"rektcactus","p2id":"nagaina040501","formatid":"gen9ubers","rating":0,"private":0,"password":""}