{"id":"gen9ubers-1993558327","p1":"getess","p2":"Squeeby","format":"[Gen 9] Ubers","log":"|j|\u2606getess\n|j|\u2606Squeeby\n|t:|1700331593\n|gametype|singles\n|player|p1|getess|veteran|\n|player|p2|Squeeby|red|\n|teamsize|p1|6\n|teamsize|p2|6\n|gen|9\n|tier|[Gen 9] Ubers\n|rated|Tournament battle\n|rule|Sleep Clause Mod: Limit one foe put to sleep\n|rule|Species Clause: Limit one of each Pok\u00e9mon\n|rule|OHKO Clause: OHKO moves are banned\n|rule|Evasion Items Clause: Evasion items are banned\n|rule|Evasion Moves Clause: Evasion moves are banned\n|rule|Endless Battle Clause: Forcing endless battles is banned\n|rule|HP Percentage Mod: HP is shown in percentages\n|clearpoke\n|poke|p1|Kyogre|\n|poke|p1|Ting-Lu|\n|poke|p1|Arceus-Water|\n|poke|p1|Darkrai|\n|poke|p1|Corviknight, F|\n|poke|p1|Koraidon|\n|poke|p2|Hatterene, F|\n|poke|p2|Calyrex-Ice|\n|poke|p2|Magearna|\n|poke|p2|Ursaluna-Bloodmoon, M|\n|poke|p2|Basculegion, M|\n|poke|p2|Kyogre|\n|teampreview\n|inactive|Battle timer is ON: inactive players will automatically lose when time's up. (requested by getess)\n|\n|t:|1700331629\n|start\n|switch|p1a: Koraidon|Koraidon|100\/100\n|switch|p2a: Hatterene|Hatterene, F|100\/100\n|-weather|SunnyDay|[from] ability: Orichalcum Pulse|[of] p1a: Koraidon\n|-activate|p1a: Koraidon|Orichalcum Pulse|[source]\n|turn|1\n|\n|t:|1700331652\n|move|p1a: Koraidon|U-turn|p2a: Hatterene\n|-damage|p2a: Hatterene|41\/100\n|\n|t:|1700331656\n|switch|p1a: Corviknight|Corviknight, F|100\/100|[from] U-turn\n|-ability|p1a: Corviknight|Pressure\n|move|p2a: Hatterene|Trick Room|p2a: Hatterene\n|-fieldstart|move: Trick Room|[of] p2a: Hatterene\n|\n|-weather|SunnyDay|[upkeep]\n|upkeep\n|turn|2\n|\n|t:|1700331662\n|move|p2a: Hatterene|Mystical Fire|p1a: Corviknight\n|-supereffective|p1a: Corviknight\n|-damage|p1a: Corviknight|12\/100\n|-unboost|p1a: Corviknight|spa|1\n|move|p1a: Corviknight|Steel Wing|p2a: Hatterene\n|-supereffective|p2a: Hatterene\n|-damage|p2a: Hatterene|0 fnt\n|faint|p2a: Hatterene\n|\n|-weather|SunnyDay|[upkeep]\n|-heal|p1a: Corviknight|18\/100|[from] item: Leftovers\n|upkeep\n|\n|t:|1700331673\n|switch|p2a: Calyrex|Calyrex-Ice|100\/100\n|-ability|p2a: Calyrex|As One\n|-ability|p2a: Calyrex|Unnerve\n|turn|3\n|\n|t:|1700331684\n|switch|p1a: Arceus|Arceus-Water|100\/100\n|move|p2a: Calyrex|Glacial Lance|p1a: Arceus\n|-resisted|p1a: Arceus\n|-damage|p1a: Arceus|80\/100\n|\n|-weather|SunnyDay|[upkeep]\n|upkeep\n|turn|4\n|\n|t:|1700331696\n|move|p2a: Calyrex|Swords Dance|p2a: Calyrex\n|-boost|p2a: Calyrex|atk|2\n|move|p1a: Arceus|Will-O-Wisp|p2a: Calyrex\n|-status|p2a: Calyrex|brn\n|\n|-weather|SunnyDay|[upkeep]\n|-damage|p2a: Calyrex|94\/100 brn|[from] brn\n|upkeep\n|turn|5\n|\n|t:|1700331705\n|move|p2a: Calyrex|Swords Dance|p2a: Calyrex\n|-boost|p2a: Calyrex|atk|2\n|move|p1a: Arceus|Recover|p1a: Arceus\n|-heal|p1a: Arceus|100\/100\n|\n|-weather|none\n|-damage|p2a: Calyrex|88\/100 brn|[from] brn\n|-fieldend|move: Trick Room\n|upkeep\n|turn|6\n|\n|t:|1700331711\n|move|p1a: Arceus|Liquidation|p2a: Calyrex\n|-damage|p2a: Calyrex|66\/100 brn\n|move|p2a: Calyrex|Swords Dance|p2a: Calyrex\n|-boost|p2a: Calyrex|atk|2\n|\n|-damage|p2a: Calyrex|59\/100 brn|[from] brn\n|upkeep\n|turn|7\n|\n|t:|1700331714\n|move|p1a: Arceus|Liquidation|p2a: Calyrex\n|-damage|p2a: Calyrex|34\/100 brn\n|move|p2a: Calyrex|High Horsepower|p1a: Arceus\n|-damage|p1a: Arceus|56\/100\n|\n|-damage|p2a: Calyrex|28\/100 brn|[from] brn\n|upkeep\n|turn|8\n|\n|t:|1700331727\n|move|p1a: Arceus|Recover|p1a: Arceus\n|-heal|p1a: Arceus|100\/100\n|move|p2a: Calyrex|High Horsepower|p1a: Arceus\n|-damage|p1a: Arceus|56\/100\n|\n|-damage|p2a: Calyrex|22\/100 brn|[from] brn\n|upkeep\n|turn|9\n|\n|t:|1700331736\n|move|p1a: Arceus|Liquidation|p2a: Calyrex\n|-damage|p2a: Calyrex|0 fnt\n|faint|p2a: Calyrex\n|\n|upkeep\n|\n|t:|1700331740\n|switch|p2a: Magearna|Magearna|100\/100\n|turn|10\n|\n|t:|1700331743\n|move|p1a: Arceus|Recover|p1a: Arceus\n|-heal|p1a: Arceus|100\/100\n|move|p2a: Magearna|Trick Room|p2a: Magearna\n|-fieldstart|move: Trick Room|[of] p2a: Magearna\n|\n|upkeep\n|turn|11\n|\n|t:|1700331753\n|move|p2a: Magearna|Volt Switch|p1a: Arceus\n|-supereffective|p1a: Arceus\n|-damage|p1a: Arceus|65\/100\n|\n|t:|1700331756\n|switch|p2a: Basculegion|Basculegion, M|100\/100|[from] Volt Switch\n|move|p1a: Arceus|Will-O-Wisp|p2a: Basculegion\n|-status|p2a: Basculegion|brn\n|\n|-damage|p2a: Basculegion|94\/100 brn|[from] brn\n|upkeep\n|turn|12\n|\n|t:|1700331761\n|-terastallize|p2a: Basculegion|Ghost\n|move|p2a: Basculegion|Last Respects|p1a: Arceus\n|-damage|p1a: Arceus|24\/100\n|move|p1a: Arceus|Recover|p1a: Arceus\n|-heal|p1a: Arceus|74\/100\n|\n|-damage|p2a: Basculegion|88\/100 brn|[from] brn\n|upkeep\n|turn|13\n|\n|t:|1700331770\n|switch|p2a: Ursaluna|Ursaluna-Bloodmoon, M|100\/100\n|move|p1a: Arceus|Recover|p1a: Arceus\n|-heal|p1a: Arceus|100\/100\n|\n|upkeep\n|turn|14\n|\n|t:|1700331778\n|switch|p1a: Corviknight|Corviknight, F|18\/100\n|-ability|p1a: Corviknight|Pressure\n|move|p2a: Ursaluna|Blood Moon|p1a: Corviknight\n|-resisted|p1a: Corviknight\n|-damage|p1a: Corviknight|0 fnt\n|faint|p1a: Corviknight\n|\n|-fieldend|move: Trick Room\n|upkeep\n|\n|t:|1700331789\n|switch|p1a: Kyogre|Kyogre|100\/100\n|-weather|RainDance|[from] ability: Drizzle|[of] p1a: Kyogre\n|turn|15\n|\n|t:|1700331793\n|switch|p2a: Kyogre|Kyogre|100\/100\n|move|p1a: Kyogre|Origin Pulse|p2a: Kyogre\n|-resisted|p2a: Kyogre\n|-damage|p2a: Kyogre|66\/100\n|\n|-weather|RainDance|[upkeep]\n|upkeep\n|turn|16\n|\n|t:|1700331805\n|switch|p1a: Arceus|Arceus-Water|100\/100\n|move|p2a: Kyogre|Origin Pulse|p1a: Arceus\n|-resisted|p1a: Arceus\n|-damage|p1a: Arceus|71\/100\n|\n|-weather|RainDance|[upkeep]\n|upkeep\n|turn|17\n|\n|t:|1700331822\n|switch|p2a: Magearna|Magearna|100\/100\n|move|p1a: Arceus|Liquidation|p2a: Magearna\n|-damage|p2a: Magearna|52\/100\n|-unboost|p2a: Magearna|def|1\n|-enditem|p2a: Magearna|Eject Pack\n|\n|t:|1700331829\n|switch|p2a: Kyogre|Kyogre|66\/100\n|\n|-weather|RainDance|[upkeep]\n|upkeep\n|turn|18\n|\n|t:|1700331843\n|move|p2a: Kyogre|Thunder|p1a: Arceus\n|-supereffective|p1a: Arceus\n|-damage|p1a: Arceus|20\/100\n|move|p1a: Arceus|Liquidation|p2a: Kyogre\n|-resisted|p2a: Kyogre\n|-damage|p2a: Kyogre|35\/100\n|\n|-weather|RainDance|[upkeep]\n|upkeep\n|turn|19\n|\n|t:|1700331854\n|switch|p2a: Magearna|Magearna|52\/100\n|switch|p1a: Koraidon|Koraidon|100\/100\n|-weather|SunnyDay|[from] ability: Orichalcum Pulse|[of] p1a: Koraidon\n|-activate|p1a: Koraidon|Orichalcum Pulse|[source]\n|\n|-weather|SunnyDay|[upkeep]\n|upkeep\n|turn|20\n|\n|t:|1700331864\n|move|p1a: Koraidon|Flare Blitz|p2a: Magearna\n|-supereffective|p2a: Magearna\n|-damage|p2a: Magearna|0 fnt\n|faint|p2a: Magearna\n|-damage|p1a: Koraidon|83\/100|[from] Recoil\n|\n|-weather|SunnyDay|[upkeep]\n|upkeep\n|\n|t:|1700331869\n|switch|p2a: Kyogre|Kyogre|35\/100\n|-weather|RainDance|[from] ability: Drizzle|[of] p2a: Kyogre\n|turn|21\n|\n|t:|1700331880\n|switch|p1a: Arceus|Arceus-Water|20\/100\n|move|p2a: Kyogre|Ice Beam|p1a: Arceus\n|-resisted|p1a: Arceus\n|-damage|p1a: Arceus|7\/100\n|\n|-weather|RainDance|[upkeep]\n|upkeep\n|turn|22\n|\n|t:|1700331895\n|move|p2a: Kyogre|Ice Beam|p1a: Arceus\n|-resisted|p1a: Arceus\n|-damage|p1a: Arceus|0 fnt\n|faint|p1a: Arceus\n|\n|-weather|RainDance|[upkeep]\n|upkeep\n|\n|t:|1700331900\n|switch|p1a: Koraidon|Koraidon|83\/100\n|-weather|SunnyDay|[from] ability: Orichalcum Pulse|[of] p1a: Koraidon\n|-activate|p1a: Koraidon|Orichalcum Pulse|[source]\n|turn|23\n|inactive|Squeeby has 120 seconds left.\n|inactive|Squeeby has 90 seconds left.\n|\n|t:|1700331985\n|switch|p2a: Ursaluna|Ursaluna-Bloodmoon, M|100\/100\n|move|p1a: Koraidon|Flare Blitz|p2a: Ursaluna\n|-damage|p2a: Ursaluna|18\/100\n|-damage|p1a: Koraidon|48\/100|[from] Recoil\n|\n|-weather|SunnyDay|[upkeep]\n|-heal|p2a: Ursaluna|24\/100|[from] item: Leftovers\n|upkeep\n|turn|24\n|\n|t:|1700331991\n|move|p2a: Ursaluna|Vacuum Wave|p1a: Koraidon\n|-damage|p1a: Koraidon|31\/100\n|move|p1a: Koraidon|Flare Blitz|p2a: Ursaluna\n|-damage|p2a: Ursaluna|0 fnt\n|faint|p2a: Ursaluna\n|-damage|p1a: Koraidon|22\/100|[from] Recoil\n|\n|-weather|SunnyDay|[upkeep]\n|upkeep\n|\n|t:|1700331995\n|switch|p2a: Kyogre|Kyogre|35\/100\n|-weather|RainDance|[from] ability: Drizzle|[of] p2a: Kyogre\n|turn|25\n|\n|t:|1700332003\n|switch|p1a: Darkrai|Darkrai|100\/100\n|move|p2a: Kyogre|Origin Pulse|p1a: Darkrai\n|-damage|p1a: Darkrai|0 fnt\n|faint|p1a: Darkrai\n|\n|-weather|RainDance|[upkeep]\n|upkeep\n|\n|t:|1700332005\n|switch|p1a: Koraidon|Koraidon|22\/100\n|-weather|SunnyDay|[from] ability: Orichalcum Pulse|[of] p1a: Koraidon\n|-activate|p1a: Koraidon|Orichalcum Pulse|[source]\n|turn|26\n|\n|t:|1700332013\n|move|p2a: Kyogre|Origin Pulse|p1a: Koraidon\n|-resisted|p1a: Koraidon\n|-damage|p1a: Koraidon|6\/100\n|move|p1a: Koraidon|Outrage|p2a: Kyogre\n|-damage|p2a: Kyogre|0 fnt\n|faint|p2a: Kyogre\n|\n|-weather|SunnyDay|[upkeep]\n|upkeep\n|\n|t:|1700332018\n|switch|p2a: Basculegion|Basculegion, M, tera:Ghost|88\/100 brn\n|turn|27\n|\n|t:|1700332041\n|move|p2a: Basculegion|Aqua Jet|p1a: Koraidon\n|-resisted|p1a: Koraidon\n|-damage|p1a: Koraidon|2\/100\n|move|p1a: Koraidon|Outrage|p2a: Basculegion|[from]lockedmove\n|-damage|p2a: Basculegion|0 fnt\n|faint|p2a: Basculegion\n|\n|win|getess\n|n|\u2606getess|getess\n|n|\u2606Squeeby|squeeby\n","uploadtime":1700332042,"views":4,"p1id":"getess","p2id":"squeeby","formatid":"gen9ubers","rating":0,"private":0,"password":""}