{"id":"gen9ubers-1992970440","p1":"nwe030","p2":"Idk91035","format":"[Gen 9] Ubers","log":"|j|\u2606nwe030\n|j|\u2606Idk91035\n|t:|1700251418\n|gametype|singles\n|player|p1|nwe030|102|1000\n|player|p2|Idk91035|101|1028\n|teamsize|p1|6\n|teamsize|p2|6\n|gen|9\n|tier|[Gen 9] Ubers\n|rated|\n|rule|Sleep Clause Mod: Limit one foe put to sleep\n|rule|Species Clause: Limit one of each Pok\u00e9mon\n|rule|OHKO Clause: OHKO moves are banned\n|rule|Evasion Items Clause: Evasion items are banned\n|rule|Evasion Moves Clause: Evasion moves are banned\n|rule|Endless Battle Clause: Forcing endless battles is banned\n|rule|HP Percentage Mod: HP is shown in percentages\n|clearpoke\n|poke|p1|Quaquaval, F|\n|poke|p1|Miraidon|\n|poke|p1|Ogerpon-Hearthflame, F|\n|poke|p1|Flutter Mane|\n|poke|p1|Gliscor, M|\n|poke|p1|Iron Leaves|\n|poke|p2|Ogerpon-Wellspring, F|\n|poke|p2|Kingambit, M|\n|poke|p2|Ditto|\n|poke|p2|Alomomola, F|\n|poke|p2|Greninja-*, F|\n|poke|p2|Arceus-Psychic|\n|teampreview\n|\n|t:|1700251431\n|start\n|switch|p1a: Quaquaval|Quaquaval, F, shiny|100\/100\n|switch|p2a: Ogerpon|Ogerpon-Wellspring, F|100\/100\n|turn|1\n|\n|t:|1700251443\n|move|p2a: Ogerpon|Substitute|p2a: Ogerpon\n|-start|p2a: Ogerpon|Substitute\n|-damage|p2a: Ogerpon|76\/100\n|move|p1a: Quaquaval|Agility|p1a: Quaquaval\n|-boost|p1a: Quaquaval|spe|2\n|\n|upkeep\n|turn|2\n|\n|t:|1700251453\n|move|p1a: Quaquaval|Agility|p1a: Quaquaval\n|-boost|p1a: Quaquaval|spe|2\n|move|p2a: Ogerpon|Leech Seed|p1a: Quaquaval\n|-start|p1a: Quaquaval|move: Leech Seed\n|\n|-damage|p1a: Quaquaval|88\/100|[from] Leech Seed|[of] p2a: Ogerpon\n|-heal|p2a: Ogerpon|88\/100|[silent]\n|upkeep\n|turn|3\n|\n|t:|1700251471\n|move|p1a: Quaquaval|Brick Break|p2a: Ogerpon\n|-end|p2a: Ogerpon|Substitute\n|move|p2a: Ogerpon|Giga Drain|p1a: Quaquaval\n|-supereffective|p1a: Quaquaval\n|-damage|p1a: Quaquaval|20\/100\n|-heal|p2a: Ogerpon|100\/100|[from] drain|[of] p1a: Quaquaval\n|\n|-damage|p1a: Quaquaval|8\/100|[from] Leech Seed|[of] p2a: Ogerpon\n|upkeep\n|turn|4\n|\n|t:|1700251490\n|switch|p2a: Ditto|Ditto|100\/100\n|-transform|p2a: Ditto|p1a: Quaquaval|[from] ability: Imposter\n|move|p1a: Quaquaval|Brick Break|p2a: Ditto\n|-damage|p2a: Ditto|35\/100\n|\n|-heal|p2a: Ditto|41\/100|[from] item: Leftovers\n|-damage|p1a: Quaquaval|0 fnt|[from] Leech Seed|[of] p2a: Ditto\n|-heal|p2a: Ditto|50\/100|[silent]\n|faint|p1a: Quaquaval\n|upkeep\n|\n|t:|1700251501\n|switch|p1a: Iron Leaves|Iron Leaves|100\/100\n|turn|5\n|\n|t:|1700251516\n|move|p2a: Ditto|Brick Break|p1a: Iron Leaves\n|-resisted|p1a: Iron Leaves\n|-damage|p1a: Iron Leaves|75\/100\n|move|p1a: Iron Leaves|Leaf Blade|p2a: Ditto\n|-supereffective|p2a: Ditto\n|-damage|p2a: Ditto|0 fnt\n|faint|p2a: Ditto\n|\n|upkeep\n|\n|t:|1700251528\n|switch|p2a: Ogerpon|Ogerpon-Wellspring, F|100\/100\n|turn|6\n|\n|t:|1700251537\n|move|p1a: Iron Leaves|Leaf Blade|p2a: Ogerpon\n|-damage|p2a: Ogerpon|50\/100\n|move|p2a: Ogerpon|Substitute|p2a: Ogerpon\n|-start|p2a: Ogerpon|Substitute\n|-damage|p2a: Ogerpon|25\/100\n|\n|upkeep\n|turn|7\n|\n|t:|1700251547\n|move|p1a: Iron Leaves|Leaf Blade|p2a: Ogerpon\n|-end|p2a: Ogerpon|Substitute\n|move|p2a: Ogerpon|Giga Drain|p1a: Iron Leaves\n|-resisted|p1a: Iron Leaves\n|-damage|p1a: Iron Leaves|64\/100\n|-heal|p2a: Ogerpon|31\/100|[from] drain|[of] p1a: Iron Leaves\n|\n|upkeep\n|turn|8\n|\n|t:|1700251564\n|switch|p2a: Kingambit|Kingambit, M|100\/100\n|-activate|p2a: Kingambit|ability: Supreme Overlord\n|-start|p2a: Kingambit|fallen1|[silent]\n|move|p1a: Iron Leaves|Leaf Blade|p2a: Kingambit\n|-resisted|p2a: Kingambit\n|-crit|p2a: Kingambit\n|-damage|p2a: Kingambit|75\/100\n|\n|-heal|p2a: Kingambit|81\/100|[from] item: Leftovers\n|upkeep\n|turn|9\n|\n|t:|1700251578\n|-end|p1a: Iron Leaves|Quark Drive|[silent]\n|switch|p1a: Ogerpon|Ogerpon-Hearthflame, F|100\/100\n|-ability|p1a: Ogerpon|Mold Breaker\n|move|p2a: Kingambit|Dark Pulse|p1a: Ogerpon\n|-damage|p1a: Ogerpon|61\/100\n|\n|-heal|p2a: Kingambit|88\/100|[from] item: Leftovers\n|upkeep\n|turn|10\n|\n|t:|1700251594\n|-terastallize|p1a: Ogerpon|Fire\n|detailschange|p1a: Ogerpon|Ogerpon-Hearthflame-Tera, F, tera:Fire\n|-ability|p1a: Ogerpon|Embody Aspect (Hearthflame)|boost\n|-boost|p1a: Ogerpon|atk|1\n|move|p2a: Kingambit|Protect|p2a: Kingambit\n|-singleturn|p2a: Kingambit|Protect\n|move|p1a: Ogerpon|Ivy Cudgel|p2a: Kingambit|[anim] Ivy Cudgel Fire\n|-activate|p2a: Kingambit|move: Protect\n|\n|-heal|p2a: Kingambit|94\/100|[from] item: Leftovers\n|upkeep\n|turn|11\n|\n|t:|1700251609\n|-end|p2a: Kingambit|fallen1|[silent]\n|switch|p2a: Greninja|Greninja, F|100\/100\n|move|p1a: Ogerpon|Ivy Cudgel|p2a: Greninja|[anim] Ivy Cudgel Fire\n|-resisted|p2a: Greninja\n|-crit|p2a: Greninja\n|-damage|p2a: Greninja|0 fnt\n|faint|p2a: Greninja\n|\n|upkeep\n|\n|t:|1700251616\n|switch|p2a: Arceus|Arceus-Psychic|100\/100\n|turn|12\n|\n|t:|1700251626\n|switch|p1a: Flutter Mane|Flutter Mane|100\/100\n|move|p2a: Arceus|Judgment|p1a: Flutter Mane\n|-damage|p1a: Flutter Mane|50\/100\n|\n|upkeep\n|turn|13\n|\n|t:|1700251635\n|move|p1a: Flutter Mane|Dark Pulse|p2a: Arceus\n|-supereffective|p2a: Arceus\n|-damage|p2a: Arceus|63\/100\n|move|p2a: Arceus|Judgment|p1a: Flutter Mane\n|-damage|p1a: Flutter Mane|1\/100\n|\n|upkeep\n|turn|14\n|\n|t:|1700251649\n|move|p1a: Flutter Mane|Dark Pulse|p2a: Arceus\n|-supereffective|p2a: Arceus\n|-damage|p2a: Arceus|28\/100\n|move|p2a: Arceus|Judgment|p1a: Flutter Mane\n|-damage|p1a: Flutter Mane|0 fnt\n|faint|p1a: Flutter Mane\n|-end|p1a: Flutter Mane|Protosynthesis|[silent]\n|\n|upkeep\n|\n|t:|1700251660\n|switch|p1a: Gliscor|Gliscor, M|100\/100\n|turn|15\n|\n|t:|1700251667\n|switch|p2a: Alomomola|Alomomola, F|100\/100\n|move|p1a: Gliscor|Crabhammer|p2a: Alomomola\n|-resisted|p2a: Alomomola\n|-crit|p2a: Alomomola\n|-damage|p2a: Alomomola|89\/100\n|\n|-heal|p2a: Alomomola|96\/100|[from] item: Leftovers\n|-status|p1a: Gliscor|tox|[from] item: Toxic Orb\n|upkeep\n|turn|16\n|\n|t:|1700251681\n|move|p1a: Gliscor|Brick Break|p2a: Alomomola\n|-damage|p2a: Alomomola|84\/100\n|move|p2a: Alomomola|Skill Swap|p1a: Gliscor\n|-activate|p2a: Alomomola|move: Skill Swap|Poison Heal|Regenerator|[of] p1a: Gliscor\n|\n|-heal|p2a: Alomomola|91\/100|[from] item: Leftovers\n|-damage|p1a: Gliscor|94\/100 tox|[from] psn\n|upkeep\n|turn|17\n|c|\u2606Idk91035|:3\n|\n|t:|1700251704\n|move|p1a: Gliscor|Brick Break|p2a: Alomomola\n|-damage|p2a: Alomomola|79\/100\n|move|p2a: Alomomola|Liquidation|p1a: Gliscor\n|-supereffective|p1a: Gliscor\n|-damage|p1a: Gliscor|57\/100 tox\n|\n|-heal|p2a: Alomomola|85\/100|[from] item: Leftovers\n|-damage|p1a: Gliscor|44\/100 tox|[from] psn\n|upkeep\n|turn|18\n|\n|t:|1700251739\n|move|p1a: Gliscor|Brick Break|p2a: Alomomola\n|-damage|p2a: Alomomola|74\/100\n|move|p2a: Alomomola|Ice Beam|p1a: Gliscor\n|-supereffective|p1a: Gliscor\n|-damage|p1a: Gliscor|0 fnt\n|faint|p1a: Gliscor\n|\n|-heal|p2a: Alomomola|80\/100|[from] item: Leftovers\n|upkeep\n|\n|t:|1700251755\n|switch|p1a: Ogerpon|Ogerpon-Hearthflame-Tera, F, tera:Fire|61\/100\n|-ability|p1a: Ogerpon|Embody Aspect (Hearthflame)|boost\n|-boost|p1a: Ogerpon|atk|1\n|turn|19\n|\n|t:|1700251771\n|switch|p1a: Miraidon|Miraidon|100\/100\n|-fieldstart|move: Electric Terrain|[from] ability: Hadron Engine|[of] p1a: Miraidon\n|move|p2a: Alomomola|Pain Split|p1a: Miraidon\n|-sethp|p1a: Miraidon|100\/100|[from] move: Pain Split|[silent]\n|-sethp|p2a: Alomomola|78\/100|[from] move: Pain Split\n|\n|-heal|p2a: Alomomola|84\/100|[from] item: Leftovers\n|upkeep\n|turn|20\n|\n|t:|1700251790\n|switch|p2a: Kingambit|Kingambit, M|94\/100\n|-activate|p2a: Kingambit|ability: Supreme Overlord\n|-start|p2a: Kingambit|fallen2|[silent]\n|move|p1a: Miraidon|Electro Drift|p2a: Kingambit\n|-damage|p2a: Kingambit|0 fnt\n|faint|p2a: Kingambit\n|-end|p2a: Kingambit|fallen2|[silent]\n|\n|upkeep\n|\n|t:|1700251813\n|switch|p2a: Ogerpon|Ogerpon-Wellspring, F|31\/100\n|turn|21\n|\n|t:|1700251819\n|move|p1a: Miraidon|Electro Drift|p2a: Ogerpon\n|-damage|p2a: Ogerpon|0 fnt\n|faint|p2a: Ogerpon\n|\n|upkeep\n|-message|Idk91035 forfeited.\n|\n|win|nwe030\n|raw|nwe030's rating: 1000 &rarr; <strong>1043<\/strong><br \/>(+43 for winning)\n|raw|Idk91035's rating: 1028 &rarr; <strong>1013<\/strong><br \/>(-15 for losing)\n|l|\u2606Idk91035\n","uploadtime":1700251844,"views":7,"p1id":"nwe030","p2id":"idk91035","formatid":"gen9ubers","rating":1013,"private":0,"password":""}