{"id":"gen9ubers-1997865001","p1":"lucaspvpdogra u","p2":"LuigiTB","format":"[Gen 9] Ubers","log":"|j|\u2606lucaspvpdogra u\n|j|\u2606LuigiTB\n|t:|1700861257\n|gametype|singles\n|player|p1|lucaspvpdogra u|101|\n|player|p2|LuigiTB|dancer|\n|teamsize|p1|6\n|teamsize|p2|6\n|gen|9\n|tier|[Gen 9] Ubers\n|rule|Sleep Clause Mod: Limit one foe put to sleep\n|rule|Species Clause: Limit one of each Pok\u00e9mon\n|rule|OHKO Clause: OHKO moves are banned\n|rule|Evasion Items Clause: Evasion items are banned\n|rule|Evasion Moves Clause: Evasion moves are banned\n|rule|Endless Battle Clause: Forcing endless battles is banned\n|rule|HP Percentage Mod: HP is shown in percentages\n|clearpoke\n|poke|p1|Gliscor, M|\n|poke|p1|Kingambit, F|\n|poke|p1|Arceus-Grass|\n|poke|p1|Gardevoir, F|\n|poke|p1|Magcargo, M|\n|poke|p1|Haxorus, M|\n|poke|p2|Cinderace, M|\n|poke|p2|Annihilape, M|\n|poke|p2|Ludicolo, M|\n|poke|p2|Grimmsnarl, M|\n|poke|p2|Slaking, M|\n|poke|p2|Gallade, M|\n|teampreview\n|\n|t:|1700861265\n|start\n|switch|p1a: Magcargo|Magcargo, M|100\/100\n|switch|p2a: Lupunno|Cinderace, M, shiny|100\/100\n|turn|1\n|\n|t:|1700861290\n|move|p2a: Lupunno|High Jump Kick|p1a: Magcargo\n|-start|p2a: Lupunno|typechange|Fighting|[from] ability: Libero\n|-supereffective|p1a: Magcargo\n|-damage|p1a: Magcargo|0 fnt\n|faint|p1a: Magcargo\n|\n|upkeep\n|\n|t:|1700861299\n|switch|p1a: Gardevoir|Gardevoir, F, shiny|100\/100\n|-ability|p1a: Gardevoir|Libero|[from] ability: Trace|[of] p2a: Lupunno\n|turn|2\n|\n|t:|1700861314\n|move|p2a: Lupunno|U-turn|p1a: Gardevoir\n|-damage|p1a: Gardevoir|71\/100\n|\n|t:|1700861327\n|switch|p2a: Slaking|Slaking, M|100\/100|[from] U-turn\n|move|p1a: Gardevoir|Hypnosis|p2a: Slaking|[miss]\n|-start|p1a: Gardevoir|typechange|Psychic|[from] ability: Libero\n|-miss|p1a: Gardevoir|p2a: Slaking\n|\n|upkeep\n|turn|3\n|\n|t:|1700861345\n|move|p2a: Slaking|Giga Impact|p1a: Gardevoir\n|-damage|p1a: Gardevoir|0 fnt\n|-mustrecharge|p2a: Slaking\n|faint|p1a: Gardevoir\n|\n|upkeep\n|\n|t:|1700861360\n|switch|p1a: Haxorus|Haxorus, M|100\/100\n|-ability|p1a: Haxorus|Mold Breaker\n|turn|4\n|\n|t:|1700861368\n|cant|p2a: Slaking|recharge\n|move|p1a: Haxorus|Close Combat|p2a: Slaking\n|-supereffective|p2a: Slaking\n|-damage|p2a: Slaking|38\/100\n|-unboost|p1a: Haxorus|def|1\n|-unboost|p1a: Haxorus|spd|1\n|\n|upkeep\n|turn|5\n|\n|t:|1700861380\n|-terastallize|p2a: Slaking|Fairy\n|move|p2a: Slaking|Giga Impact|p1a: Haxorus\n|-damage|p1a: Haxorus|0 fnt\n|-mustrecharge|p2a: Slaking\n|-damage|p2a: Slaking|22\/100|[from] item: Rocky Helmet|[of] p1a: Haxorus\n|faint|p1a: Haxorus\n|\n|upkeep\n|\n|t:|1700861391\n|switch|p1a: Kingambit|Kingambit, F, shiny|100\/100\n|-activate|p1a: Kingambit|ability: Supreme Overlord\n|-start|p1a: Kingambit|fallen3|[silent]\n|turn|6\n|\n|t:|1700861401\n|-terastallize|p1a: Kingambit|Dark\n|cant|p2a: Slaking|recharge\n|move|p1a: Kingambit|Flash Cannon|p2a: Slaking\n|-supereffective|p2a: Slaking\n|-damage|p2a: Slaking|0 fnt\n|faint|p2a: Slaking\n|\n|upkeep\n|\n|t:|1700861414\n|switch|p2a: Lupunno|Cinderace, M, shiny|100\/100\n|turn|7\n|\n|t:|1700861419\n|move|p2a: Lupunno|High Jump Kick|p1a: Kingambit\n|-start|p2a: Lupunno|typechange|Fighting|[from] ability: Libero\n|-supereffective|p1a: Kingambit\n|-damage|p1a: Kingambit|2\/100\n|-damage|p2a: Lupunno|84\/100|[from] item: Rocky Helmet|[of] p1a: Kingambit\n|move|p1a: Kingambit|Swords Dance|p1a: Kingambit\n|-boost|p1a: Kingambit|atk|2\n|\n|upkeep\n|turn|8\n|\n|t:|1700861435\n|move|p2a: Lupunno|High Jump Kick|p1a: Kingambit\n|-supereffective|p1a: Kingambit\n|-damage|p1a: Kingambit|0 fnt\n|-damage|p2a: Lupunno|67\/100|[from] item: Rocky Helmet|[of] p1a: Kingambit\n|faint|p1a: Kingambit\n|-end|p1a: Kingambit|fallen3|[silent]\n|\n|upkeep\n|\n|t:|1700861443\n|switch|p1a: Gliscor|Gliscor, M, shiny|100\/100\n|turn|9\n|\n|t:|1700861457\n|move|p2a: Lupunno|U-turn|p1a: Gliscor\n|-resisted|p1a: Gliscor\n|-damage|p1a: Gliscor|91\/100\n|\n|t:|1700861475\n|switch|p2a: Sei l\u00e1|Ludicolo, M, shiny|100\/100|[from] U-turn\n|move|p1a: Gliscor|Acrobatics|p2a: Sei l\u00e1\n|-supereffective|p2a: Sei l\u00e1\n|-damage|p2a: Sei l\u00e1|37\/100\n|\n|-damage|p1a: Gliscor|79\/100|[from] item: Black Sludge\n|upkeep\n|turn|10\n|\n|t:|1700861492\n|move|p1a: Gliscor|Acrobatics|p2a: Sei l\u00e1\n|-supereffective|p2a: Sei l\u00e1\n|-damage|p2a: Sei l\u00e1|0 fnt\n|faint|p2a: Sei l\u00e1\n|\n|-damage|p1a: Gliscor|66\/100|[from] item: Black Sludge\n|upkeep\n|\n|t:|1700861503\n|switch|p2a: Gostosa|Grimmsnarl, M, shiny|100\/100\n|turn|11\n|\n|t:|1700861511\n|move|p1a: Gliscor|Toxic|p2a: Gostosa\n|-status|p2a: Gostosa|tox\n|move|p2a: Gostosa|Spirit Break|p1a: Gliscor\n|-crit|p1a: Gliscor\n|-damage|p1a: Gliscor|31\/100\n|-unboost|p1a: Gliscor|spa|1\n|\n|-damage|p1a: Gliscor|19\/100|[from] item: Black Sludge\n|-damage|p2a: Gostosa|94\/100 tox|[from] psn\n|upkeep\n|turn|12\n|\n|t:|1700861534\n|move|p1a: Gliscor|Venoshock|p2a: Gostosa\n|-supereffective|p2a: Gostosa\n|-crit|p2a: Gostosa\n|-damage|p2a: Gostosa|55\/100 tox\n|move|p2a: Gostosa|Spirit Break|p1a: Gliscor\n|-damage|p1a: Gliscor|0 fnt\n|faint|p1a: Gliscor\n|\n|-damage|p2a: Gostosa|43\/100 tox|[from] psn\n|upkeep\n|\n|t:|1700861546\n|switch|p1a: Arceus|Arceus-Grass|100\/100\n|turn|13\n|\n|t:|1700861554\n|move|p1a: Arceus|Aura Sphere|p2a: Gostosa\n|-damage|p2a: Gostosa|26\/100 tox\n|move|p2a: Gostosa|Spirit Break|p1a: Arceus\n|-damage|p1a: Arceus|77\/100\n|-unboost|p1a: Arceus|spa|1\n|\n|-damage|p2a: Gostosa|7\/100 tox|[from] psn\n|upkeep\n|turn|14\n|\n|t:|1700861571\n|move|p1a: Arceus|Blizzard|p2a: Gostosa\n|-damage|p2a: Gostosa|0 fnt\n|faint|p2a: Gostosa\n|\n|upkeep\n|\n|t:|1700861579\n|switch|p2a: Gear 5|Annihilape, M|100\/100\n|turn|15\n|\n|t:|1700861587\n|move|p1a: Arceus|Judgment|p2a: Gear 5\n|-damage|p2a: Gear 5|74\/100\n|move|p2a: Gear 5|Rage Fist|p1a: Arceus\n|-damage|p1a: Arceus|42\/100\n|\n|-heal|p2a: Gear 5|80\/100|[from] item: Leftovers\n|upkeep\n|turn|16\n|\n|t:|1700861601\n|move|p1a: Arceus|Air Slash|p2a: Gear 5\n|-supereffective|p2a: Gear 5\n|-damage|p2a: Gear 5|58\/100\n|move|p2a: Gear 5|Rage Fist|p1a: Arceus\n|-damage|p1a: Arceus|0 fnt\n|faint|p1a: Arceus\n|\n|win|LuigiTB\n|l|\u2606lucaspvpdogra u\n","uploadtime":1700861620,"views":1,"p1id":"lucaspvpdograu","p2id":"luigitb","formatid":"gen9ubers","rating":0,"private":0,"password":""}