{"id":"gen9ubers-1978435345","p1":"KaiserreduxFan","p2":"ur moom suus","format":"[Gen 9] Ubers","log":"|j|\u2606KaiserreduxFan\n|j|\u2606ur moom suus\n|t:|1698538598\n|gametype|singles\n|player|p1|KaiserreduxFan|lucas|\n|player|p2|ur moom suus|ryuki|\n|teamsize|p1|6\n|teamsize|p2|6\n|gen|9\n|tier|[Gen 9] Ubers\n|rule|Sleep Clause Mod: Limit one foe put to sleep\n|rule|Species Clause: Limit one of each Pok\u00e9mon\n|rule|OHKO Clause: OHKO moves are banned\n|rule|Evasion Items Clause: Evasion items are banned\n|rule|Evasion Moves Clause: Evasion moves are banned\n|rule|Endless Battle Clause: Forcing endless battles is banned\n|rule|HP Percentage Mod: HP is shown in percentages\n|clearpoke\n|poke|p1|Pelipper, F|\n|poke|p1|Basculegion-F, F|\n|poke|p1|Thundurus-Therian, M|\n|poke|p1|Zacian-*|\n|poke|p1|Palkia-Origin|\n|poke|p1|Arceus-Grass|\n|poke|p2|Ceruledge, M|\n|poke|p2|Palafin, F|\n|poke|p2|Sneasler, F|\n|poke|p2|Zacian-*|\n|poke|p2|Dragapult, M|\n|poke|p2|Gholdengo|\n|teampreview\n|inactive|Battle timer is ON: inactive players will automatically lose when time's up. (requested by KaiserreduxFan)\n|j| 0rc4n0s13\n|c|\u2606ur moom suus|gl\n|c|\u2606ur moom suus|g3 1-1\n|c|\u2606KaiserreduxFan|u2\n|j| Mnemiic\n|c| 0rc4n0s13|rain stall\n|inactive|KaiserreduxFan has 270 seconds left.\n|inactive|ur moom suus has 270 seconds left.\n|c|\u2606ur moom suus|its not that\n|c| 0rc4n0s13|no its stall\n|c| 0rc4n0s13|trust\n|c|\u2606ur moom suus|cappper\n|\n|t:|1698538647\n|start\n|switch|p1a: Pelipper|Pelipper, F|100\/100\n|switch|p2a: Dolfin|Palafin, F, shiny|100\/100\n|-weather|RainDance|[from] ability: Drizzle|[of] p1a: Pelipper\n|turn|1\n|c| 0rc4n0s13|no cap bruh\n|c| 0rc4n0s13|no skittle\n|c| Mnemiic|capanese\n|c| 0rc4n0s13|mayor of cappersville\n|c| Mnemiic|hop on kaiserreich\n|c|\u2606KaiserreduxFan|kaiserreich\n|\n|t:|1698538671\n|detailschange|p2a: Dolfin|Palafin-Hero, F, shiny\n|switch|p2a: The ghost|Dragapult, M|100\/100\n|move|p1a: Pelipper|U-turn|p2a: The ghost\n|-resisted|p2a: The ghost\n|-damage|p2a: The ghost|93\/100\n|c|\u2606KaiserreduxFan|??\n|c| 0rc4n0s13|hop on hoi4\n|c|\u2606KaiserreduxFan|ah hell yea\n|c|\u2606KaiserreduxFan|after this\n|c| 0rc4n0s13|no\n|c| Mnemiic|Mnemiic\n|c| 0rc4n0s13|shut up\n|\n|t:|1698538686\n|switch|p1a: Basculegion|Basculegion-F, F|100\/100|[from] U-turn\n|\n|-weather|RainDance|[upkeep]\n|upkeep\n|turn|2\n|inactive|KaiserreduxFan has 270 seconds left.\n|inactive|ur moom suus has 270 seconds left.\n|\n|t:|1698538737\n|switch|p1a: Thundurus|Thundurus-Therian, M|100\/100\n|move|p2a: The ghost|Hex|p1a: Thundurus\n|-damage|p1a: Thundurus|64\/100\n|\n|-weather|RainDance|[upkeep]\n|upkeep\n|turn|3\n|\n|t:|1698538743\n|move|p2a: The ghost|Dragon Darts|p1a: Thundurus\n|-damage|p1a: Thundurus|34\/100\n|-anim|p2a: The ghost|Dragon Darts|p1a: Thundurus\n|-damage|p1a: Thundurus|0 fnt\n|faint|p1a: Thundurus\n|\n|-weather|RainDance|[upkeep]\n|upkeep\n|\n|t:|1698538750\n|switch|p1a: Zacian|Zacian|100\/100\n|-ability|p1a: Zacian|Intrepid Sword|boost\n|-boost|p1a: Zacian|atk|1\n|turn|4\n|\n|t:|1698538760\n|move|p2a: The ghost|Will-O-Wisp|p1a: Zacian|[miss]\n|-miss|p2a: The ghost|p1a: Zacian\n|move|p1a: Zacian|Play Rough|p2a: The ghost\n|-supereffective|p2a: The ghost\n|-damage|p2a: The ghost|0 fnt\n|faint|p2a: The ghost\n|\n|-weather|RainDance|[upkeep]\n|upkeep\n|c|\u2606KaiserreduxFan|mb\n|inactive|ur moom suus has 270 seconds left.\n|c|\u2606ur moom suus|noo\n|c| 0rc4n0s13|world's luckiest player\n|inactive|ur moom suus has 240 seconds left.\n|\n|t:|1698538805\n|switch|p2a: He the dawg|Zacian, shiny|100\/100\n|-ability|p2a: He the dawg|Intrepid Sword|boost\n|-boost|p2a: He the dawg|atk|1\n|turn|5\n|inactive|KaiserreduxFan has 270 seconds left.\n|c| 0rc4n0s13|bro i cant wait for the replays and they just be seein me yapping\n|\n|t:|1698538817\n|move|p1a: Zacian|Trailblaze|p2a: He the dawg\n|-damage|p2a: He the dawg|77\/100\n|-boost|p1a: Zacian|spe|1\n|move|p2a: He the dawg|Play Rough|p1a: Zacian\n|-damage|p1a: Zacian|40\/100\n|\n|-weather|RainDance|[upkeep]\n|-heal|p2a: He the dawg|83\/100|[from] item: Leftovers\n|upkeep\n|turn|6\n|c|\u2606ur moom suus|yeah lol\n|\n|t:|1698538826\n|move|p1a: Zacian|Play Rough|p2a: He the dawg\n|-damage|p2a: He the dawg|21\/100\n|move|p2a: He the dawg|Play Rough|p1a: Zacian\n|-damage|p1a: Zacian|0 fnt\n|faint|p1a: Zacian\n|\n|-weather|RainDance|[upkeep]\n|-heal|p2a: He the dawg|27\/100|[from] item: Leftovers\n|upkeep\n|\n|t:|1698538830\n|switch|p1a: Basculegion|Basculegion-F, F|100\/100\n|turn|7\n|c| Mnemiic|hi pooshi\n|\n|t:|1698538859\n|move|p1a: Basculegion|Wave Crash|p2a: He the dawg\n|-damage|p2a: He the dawg|0 fnt\n|faint|p2a: He the dawg\n|-damage|p1a: Basculegion|93\/100|[from] Recoil\n|\n|-weather|RainDance|[upkeep]\n|upkeep\n|inactive|ur moom suus has 240 seconds left.\n|\n|t:|1698538870\n|switch|p2a: Dolfin|Palafin-Hero, F, shiny|100\/100\n|-activate|p2a: Dolfin|ability: Zero to Hero\n|turn|8\n|\n|t:|1698538879\n|switch|p1a: Palkia|Palkia-Origin|100\/100\n|-ability|p1a: Palkia|Pressure\n|move|p2a: Dolfin|Flip Turn|p1a: Palkia\n|-resisted|p1a: Palkia\n|-damage|p1a: Palkia|80\/100\n|\n|t:|1698538890\n|switch|p2a: Sneanse on u|Sneasler, F|100\/100|[from] Flip Turn\n|-item|p2a: Sneanse on u|Air Balloon\n|\n|-weather|none\n|upkeep\n|turn|9\n|\n|t:|1698538902\n|move|p1a: Palkia|Earth Power|p2a: Sneanse on u\n|-immune|p2a: Sneanse on u\n|move|p2a: Sneanse on u|Dire Claw|p1a: Palkia\n|-damage|p1a: Palkia|29\/100\n|-status|p1a: Palkia|par\n|\n|upkeep\n|turn|10\n|c|\u2606ur moom suus|lol\n|\n|t:|1698538918\n|switch|p1a: Pelipper|Pelipper, F|100\/100\n|-weather|RainDance|[from] ability: Drizzle|[of] p1a: Pelipper\n|move|p2a: Sneanse on u|Dire Claw|p1a: Pelipper\n|-damage|p1a: Pelipper|55\/100\n|\n|-weather|RainDance|[upkeep]\n|upkeep\n|turn|11\n|\n|t:|1698538928\n|switch|p1a: Palkia|Palkia-Origin|29\/100 par\n|-ability|p1a: Palkia|Pressure\n|move|p2a: Sneanse on u|Dire Claw|p1a: Palkia\n|-damage|p1a: Palkia|0 fnt\n|faint|p1a: Palkia\n|\n|-weather|RainDance|[upkeep]\n|upkeep\n|\n|t:|1698538933\n|switch|p1a: Basculegion|Basculegion-F, F|93\/100\n|turn|12\n|c| 0rc4n0s13|showdown player try not to be blind challenge (impossible)\n|\n|t:|1698538949\n|switch|p2a: Dolfin|Palafin-Hero, F, shiny|100\/100\n|move|p1a: Basculegion|Last Respects|p2a: Dolfin\n|-damage|p2a: Dolfin|0 fnt\n|faint|p2a: Dolfin\n|\n|-weather|RainDance|[upkeep]\n|upkeep\n|c|\u2606KaiserreduxFan|my goals are beyond your understanding\n|c|\u2606ur moom suus|i lose\n|c| Mnemiic|bros goals are to win\n|inactive|ur moom suus has 240 seconds left.\n|c| Mnemiic|i understand.\n|\n|t:|1698538965\n|switch|p2a: The cooker|Ceruledge, M, shiny|100\/100\n|turn|13\n|c| 0rc4n0s13|your goals are beyond your own understanding goochmane\n|inactive|ur moom suus has 240 seconds left.\n|\n|t:|1698538976\n|switch|p1a: Arceus|Arceus-Grass|100\/100\n|move|p2a: The cooker|Shadow Sneak|p1a: Arceus\n|-damage|p1a: Arceus|86\/100\n|\n|-weather|RainDance|[upkeep]\n|upkeep\n|turn|14\n|\n|t:|1698538981\n|move|p1a: Arceus|Earth Power|p2a: The cooker\n|-supereffective|p2a: The cooker\n|-damage|p2a: The cooker|46\/100\n|move|p2a: The cooker|Swords Dance|p2a: The cooker\n|-boost|p2a: The cooker|atk|2\n|\n|-weather|RainDance|[upkeep]\n|upkeep\n|turn|15\n|\n|t:|1698538988\n|-terastallize|p2a: The cooker|Fairy\n|move|p1a: Arceus|Earth Power|p2a: The cooker\n|-damage|p2a: The cooker|18\/100\n|move|p2a: The cooker|Swords Dance|p2a: The cooker\n|-boost|p2a: The cooker|atk|2\n|\n|-weather|RainDance|[upkeep]\n|upkeep\n|turn|16\n|\n|t:|1698538995\n|move|p1a: Arceus|Judgment|p2a: The cooker\n|-damage|p2a: The cooker|0 fnt\n|faint|p2a: The cooker\n|\n|-weather|RainDance|[upkeep]\n|upkeep\n|\n|t:|1698538998\n|switch|p2a: Sneanse on u|Sneasler, F|100\/100\n|-item|p2a: Sneanse on u|Air Balloon\n|turn|17\n|\n|t:|1698539001\n|move|p1a: Arceus|Calm Mind|p1a: Arceus\n|-boost|p1a: Arceus|spa|1\n|-boost|p1a: Arceus|spd|1\n|move|p2a: Sneanse on u|Dire Claw|p1a: Arceus\n|-supereffective|p1a: Arceus\n|-damage|p1a: Arceus|28\/100\n|\n|-weather|none\n|upkeep\n|turn|18\n|\n|t:|1698539012\n|switch|p1a: Pelipper|Pelipper, F|55\/100\n|-weather|RainDance|[from] ability: Drizzle|[of] p1a: Pelipper\n|move|p2a: Sneanse on u|Dire Claw|p1a: Pelipper\n|-damage|p1a: Pelipper|8\/100\n|-status|p1a: Pelipper|par\n|\n|-weather|RainDance|[upkeep]\n|upkeep\n|turn|19\n|\n|t:|1698539016\n|switch|p1a: Arceus|Arceus-Grass|28\/100\n|move|p2a: Sneanse on u|Swords Dance|p2a: Sneanse on u\n|-boost|p2a: Sneanse on u|atk|2\n|\n|-weather|RainDance|[upkeep]\n|upkeep\n|turn|20\n|\n|t:|1698539022\n|switch|p1a: Pelipper|Pelipper, F|8\/100 par\n|move|p2a: Sneanse on u|Dire Claw|p1a: Pelipper\n|-damage|p1a: Pelipper|0 fnt\n|faint|p1a: Pelipper\n|\n|-weather|RainDance|[upkeep]\n|upkeep\n|\n|t:|1698539024\n|switch|p1a: Basculegion|Basculegion-F, F|93\/100\n|turn|21\n|\n|t:|1698539030\n|move|p1a: Basculegion|Last Respects|p2a: Sneanse on u\n|-damage|p2a: Sneanse on u|0 fnt\n|-enditem|p2a: Sneanse on u|Air Balloon\n|faint|p2a: Sneanse on u\n|\n|-weather|RainDance|[upkeep]\n|upkeep\n|c|\u2606ur moom suus|gg\n|c|\u2606KaiserreduxFan|gg\n|\n|t:|1698539035\n|switch|p2a: Noodle man|Gholdengo|100\/100\n|-item|p2a: Noodle man|Air Balloon\n|turn|22\n|\n|t:|1698539037\n|-terastallize|p1a: Basculegion|Water\n|move|p1a: Basculegion|Last Respects|p2a: Noodle man\n|-supereffective|p2a: Noodle man\n|-damage|p2a: Noodle man|0 fnt\n|-enditem|p2a: Noodle man|Air Balloon\n|faint|p2a: Noodle man\n|\n|win|KaiserreduxFan\n|c| 0rc4n0s13|im not even gonna greg witchu\n|l| Mnemiic\n","uploadtime":1698539048,"views":17,"p1id":"kaiserreduxfan","p2id":"urmoomsuus","formatid":"gen9ubers","rating":0,"private":0,"password":""}