{"id":"gen9ubers-1975516687","p1":"Nitro524","p2":"SephieBL","format":"[Gen 9] Ubers","log":"|j|\u2606Nitro524\n|j|\u2606SephieBL\n|t:|1698199814\n|gametype|singles\n|player|p1|Nitro524|hilbert|\n|player|p2|SephieBL|iris-masters|\n|teamsize|p1|6\n|teamsize|p2|6\n|gen|9\n|tier|[Gen 9] Ubers\n|rule|Sleep Clause Mod: Limit one foe put to sleep\n|rule|Species Clause: Limit one of each Pok\u00e9mon\n|rule|OHKO Clause: OHKO moves are banned\n|rule|Evasion Items Clause: Evasion items are banned\n|rule|Evasion Moves Clause: Evasion moves are banned\n|rule|Endless Battle Clause: Forcing endless battles is banned\n|rule|HP Percentage Mod: HP is shown in percentages\n|clearpoke\n|poke|p1|Pelipper, F|\n|poke|p1|Arceus-Poison|\n|poke|p1|Zacian-*|\n|poke|p1|Palkia-Origin|\n|poke|p1|Basculegion-F, F|\n|poke|p1|Shaymin-Sky|\n|poke|p2|Basculegion-F, F|\n|poke|p2|Magearna|\n|poke|p2|Arceus-Fire|\n|poke|p2|Zacian-*|\n|poke|p2|Dondozo, F|\n|poke|p2|Shaymin-Sky|\n|teampreview\n|inactive|Battle timer is ON: inactive players will automatically lose when time's up. (requested by SephieBL)\n|c|\u2606Nitro524|glhf!\n|\n|t:|1698199844\n|start\n|switch|p1a: Palkia|Palkia-Origin|100\/100\n|switch|p2a: 60-40 Simulator|Shaymin-Sky|100\/100\n|-ability|p1a: Palkia|Pressure\n|turn|1\n|\n|t:|1698199850\n|move|p2a: 60-40 Simulator|Air Slash|p1a: Palkia\n|-damage|p1a: Palkia|69\/100\n|move|p1a: Palkia|Substitute|p1a: Palkia\n|-start|p1a: Palkia|Substitute\n|-damage|p1a: Palkia|44\/100\n|\n|upkeep\n|turn|2\n|\n|t:|1698199870\n|move|p2a: 60-40 Simulator|Air Slash|p1a: Palkia\n|-end|p1a: Palkia|Substitute\n|move|p1a: Palkia|Scale Shot|p2a: 60-40 Simulator\n|-damage|p2a: 60-40 Simulator|89\/100\n|-damage|p2a: 60-40 Simulator|76\/100\n|-damage|p2a: 60-40 Simulator|65\/100\n|-hitcount|p2a: 60-40 Simulator|3\n|-unboost|p1a: Palkia|def|1\n|-boost|p1a: Palkia|spe|1\n|\n|upkeep\n|turn|3\n|\n|t:|1698199884\n|move|p1a: Palkia|Spacial Rend|p2a: 60-40 Simulator\n|-damage|p2a: 60-40 Simulator|0 fnt\n|faint|p2a: 60-40 Simulator\n|\n|upkeep\n|\n|t:|1698199891\n|switch|p2a: Zacian|Zacian|100\/100\n|-ability|p2a: Zacian|Intrepid Sword|boost\n|-boost|p2a: Zacian|atk|1\n|turn|4\n|\n|t:|1698199907\n|switch|p1a: Arceus|Arceus-Poison|100\/100\n|move|p2a: Zacian|Wild Charge|p1a: Arceus\n|-damage|p1a: Arceus|62\/100\n|-damage|p2a: Zacian|87\/100|[from] Recoil\n|-damage|p2a: Zacian|77\/100|[from] item: Life Orb\n|\n|upkeep\n|turn|5\n|inactive|Nitro524 has 270 seconds left.\n|\n|t:|1698199938\n|switch|p2a: Arceus \u2013 Fighting|Arceus-Fire|100\/100\n|move|p1a: Arceus|Judgment|p2a: Arceus \u2013 Fighting\n|-damage|p2a: Arceus \u2013 Fighting|65\/100\n|\n|upkeep\n|turn|6\n|c|\u2606Nitro524|nice lol\n|inactive|Nitro524 has 270 seconds left.\n|\n|t:|1698199947\n|move|p1a: Arceus|Calm Mind|p1a: Arceus\n|-boost|p1a: Arceus|spa|1\n|-boost|p1a: Arceus|spd|1\n|move|p2a: Arceus \u2013 Fighting|Dragon Dance|p2a: Arceus \u2013 Fighting\n|-boost|p2a: Arceus \u2013 Fighting|atk|1\n|-boost|p2a: Arceus \u2013 Fighting|spe|1\n|\n|upkeep\n|turn|7\n|\n|t:|1698199957\n|move|p2a: Arceus \u2013 Fighting|Earthquake|p1a: Arceus\n|-supereffective|p1a: Arceus\n|-damage|p1a: Arceus|0 fnt\n|faint|p1a: Arceus\n|\n|upkeep\n|inactive|Nitro524 has 270 seconds left.\n|\n|t:|1698199971\n|switch|p1a: Pelipper|Pelipper, F|100\/100\n|-weather|RainDance|[from] ability: Drizzle|[of] p1a: Pelipper\n|turn|8\n|inactive|Nitro524 has 270 seconds left.\n|\n|t:|1698199989\n|-terastallize|p2a: Arceus \u2013 Fighting|Normal\n|move|p2a: Arceus \u2013 Fighting|Dragon Dance|p2a: Arceus \u2013 Fighting\n|-boost|p2a: Arceus \u2013 Fighting|atk|1\n|-boost|p2a: Arceus \u2013 Fighting|spe|1\n|move|p1a: Pelipper|Hurricane|p2a: Arceus \u2013 Fighting\n|-damage|p2a: Arceus \u2013 Fighting|39\/100\n|\n|-weather|RainDance|[upkeep]\n|upkeep\n|turn|9\n|inactive|Nitro524 has 270 seconds left.\n|\n|t:|1698200004\n|move|p2a: Arceus \u2013 Fighting|Extreme Speed|p1a: Pelipper\n|-damage|p1a: Pelipper|2\/100\n|move|p1a: Pelipper|Hurricane|p2a: Arceus \u2013 Fighting\n|-damage|p2a: Arceus \u2013 Fighting|12\/100\n|-start|p2a: Arceus \u2013 Fighting|confusion\n|\n|-weather|RainDance|[upkeep]\n|upkeep\n|turn|10\n|\n|t:|1698200010\n|switch|p1a: Basculegion|Basculegion-F, F|100\/100\n|-activate|p2a: Arceus \u2013 Fighting|confusion\n|move|p2a: Arceus \u2013 Fighting|Extreme Speed|p1a: Basculegion\n|-immune|p1a: Basculegion\n|\n|-weather|RainDance|[upkeep]\n|upkeep\n|turn|11\n|inactive|Nitro524 has 270 seconds left.\n|\n|t:|1698200037\n|move|p1a: Basculegion|Aqua Jet|p2a: Arceus \u2013 Fighting\n|-damage|p2a: Arceus \u2013 Fighting|0 fnt\n|faint|p2a: Arceus \u2013 Fighting\n|\n|-weather|RainDance|[upkeep]\n|upkeep\n|\n|t:|1698200056\n|switch|p2a: Dondozo|Dondozo, F|100\/100\n|turn|12\n|inactive|Nitro524 has 270 seconds left.\n|\n|t:|1698200081\n|switch|p1a: Shaymin|Shaymin-Sky|100\/100\n|switch|p2a: Zacian|Zacian|77\/100\n|\n|-weather|RainDance|[upkeep]\n|upkeep\n|turn|13\n|\n|t:|1698200090\n|move|p2a: Zacian|Wild Charge|p1a: Shaymin\n|-damage|p1a: Shaymin|55\/100\n|-damage|p2a: Zacian|65\/100|[from] Recoil\n|-damage|p2a: Zacian|56\/100|[from] item: Life Orb\n|move|p1a: Shaymin|Seed Flare|p2a: Zacian|[miss]\n|-miss|p1a: Shaymin|p2a: Zacian\n|\n|-weather|RainDance|[upkeep]\n|upkeep\n|turn|14\n|\n|t:|1698200111\n|-terastallize|p1a: Shaymin|Ground\n|move|p2a: Zacian|Play Rough|p1a: Shaymin\n|-damage|p1a: Shaymin|0 fnt\n|faint|p1a: Shaymin\n|-damage|p2a: Zacian|46\/100|[from] item: Life Orb\n|\n|-weather|RainDance|[upkeep]\n|upkeep\n|inactive|Nitro524 has 240 seconds left.\n|\n|t:|1698200137\n|switch|p1a: Zacian|Zacian|100\/100\n|-ability|p1a: Zacian|Intrepid Sword|boost\n|-boost|p1a: Zacian|atk|1\n|turn|15\n|\n|t:|1698200142\n|move|p1a: Zacian|Play Rough|p2a: Zacian\n|-damage|p2a: Zacian|0 fnt\n|faint|p2a: Zacian\n|\n|-weather|none\n|upkeep\n|\n|t:|1698200148\n|switch|p2a: Magearna|Magearna|100\/100\n|turn|16\n|inactive|Nitro524 has 240 seconds left.\n|\n|t:|1698200168\n|move|p1a: Zacian|Swords Dance|p1a: Zacian\n|-boost|p1a: Zacian|atk|2\n|move|p2a: Magearna|Iron Defense|p2a: Magearna\n|-boost|p2a: Magearna|def|2\n|\n|upkeep\n|turn|17\n|inactive|Nitro524 has 210 seconds left.\n|\n|t:|1698200202\n|switch|p1a: Palkia|Palkia-Origin|44\/100\n|-ability|p1a: Palkia|Pressure\n|move|p2a: Magearna|Calm Mind|p2a: Magearna\n|-boost|p2a: Magearna|spa|1\n|-boost|p2a: Magearna|spd|1\n|\n|upkeep\n|turn|18\n|inactive|Nitro524 has 210 seconds left.\n|\n|t:|1698200215\n|move|p1a: Palkia|Hydro Pump|p2a: Magearna\n|-damage|p2a: Magearna|56\/100\n|move|p2a: Magearna|Iron Defense|p2a: Magearna\n|-boost|p2a: Magearna|def|2\n|\n|-heal|p2a: Magearna|62\/100|[from] item: Leftovers\n|upkeep\n|turn|19\n|\n|t:|1698200223\n|move|p1a: Palkia|Hydro Pump|p2a: Magearna\n|-damage|p2a: Magearna|18\/100\n|move|p2a: Magearna|Draining Kiss|p1a: Palkia\n|-supereffective|p1a: Palkia\n|-damage|p1a: Palkia|0 fnt\n|-heal|p2a: Magearna|47\/100|[from] drain|[of] p1a: Palkia\n|faint|p1a: Palkia\n|-ability|p2a: Magearna|Soul-Heart|boost\n|-boost|p2a: Magearna|spa|1\n|\n|-heal|p2a: Magearna|53\/100|[from] item: Leftovers\n|upkeep\n|\n|t:|1698200229\n|switch|p1a: Pelipper|Pelipper, F|2\/100\n|-weather|RainDance|[from] ability: Drizzle|[of] p1a: Pelipper\n|turn|20\n|\n|t:|1698200235\n|move|p2a: Magearna|Draining Kiss|p1a: Pelipper\n|-damage|p1a: Pelipper|0 fnt\n|-heal|p2a: Magearna|54\/100|[from] drain|[of] p1a: Pelipper\n|faint|p1a: Pelipper\n|-ability|p2a: Magearna|Soul-Heart|boost\n|-boost|p2a: Magearna|spa|1\n|\n|-weather|RainDance|[upkeep]\n|-heal|p2a: Magearna|61\/100|[from] item: Leftovers\n|upkeep\n|\n|t:|1698200237\n|switch|p1a: Basculegion|Basculegion-F, F|100\/100\n|turn|21\n|\n|t:|1698200256\n|move|p1a: Basculegion|Last Respects|p2a: Magearna\n|-damage|p2a: Magearna|24\/100\n|move|p2a: Magearna|Draining Kiss|p1a: Basculegion\n|-damage|p1a: Basculegion|34\/100\n|-heal|p2a: Magearna|77\/100|[from] drain|[of] p1a: Basculegion\n|\n|-weather|RainDance|[upkeep]\n|-heal|p2a: Magearna|83\/100|[from] item: Leftovers\n|upkeep\n|turn|22\n|\n|t:|1698200261\n|move|p1a: Basculegion|Last Respects|p2a: Magearna\n|-damage|p2a: Magearna|50\/100\n|move|p2a: Magearna|Draining Kiss|p1a: Basculegion\n|-damage|p1a: Basculegion|0 fnt\n|-heal|p2a: Magearna|76\/100|[from] drain|[of] p1a: Basculegion\n|faint|p1a: Basculegion\n|-ability|p2a: Magearna|Soul-Heart|boost\n|-boost|p2a: Magearna|spa|1\n|\n|-weather|RainDance|[upkeep]\n|-heal|p2a: Magearna|82\/100|[from] item: Leftovers\n|upkeep\n|\n|t:|1698200264\n|switch|p1a: Zacian|Zacian|100\/100\n|turn|23\n|c|\u2606Nitro524|gg\n|c|\u2606Nitro524|rematch?\n|\n|t:|1698200270\n|move|p1a: Zacian|Play Rough|p2a: Magearna\n|-resisted|p2a: Magearna\n|-damage|p2a: Magearna|77\/100\n|move|p2a: Magearna|Stored Power|p1a: Zacian\n|-damage|p1a: Zacian|0 fnt\n|faint|p1a: Zacian\n|\n|win|SephieBL\n|c|\u2606SephieBL|sure im down\n|c|\u2606SephieBL|GGs\n|c|\u2606Nitro524|swag\n|c|\u2606Nitro524|gg\n|l|\u2606SephieBL\n","uploadtime":1698200282,"views":7,"p1id":"nitro524","p2id":"sephiebl","formatid":"gen9ubers","rating":0,"private":0,"password":""}