{"id":"gen9ubers-1987851638","p1":"koooooopa","p2":"Lil Tzatziki Sauce","format":"[Gen 9] Ubers","log":"|j|\u2606koooooopa\n|j|\u2606Lil Tzatziki Sauce\n|t:|1699642716\n|gametype|singles\n|player|p1|koooooopa|will-gen2|1247\n|player|p2|Lil Tzatziki Sauce|grimsley|1474\n|teamsize|p1|6\n|teamsize|p2|6\n|gen|9\n|tier|[Gen 9] Ubers\n|rated|\n|rule|Sleep Clause Mod: Limit one foe put to sleep\n|rule|Species Clause: Limit one of each Pok\u00e9mon\n|rule|OHKO Clause: OHKO moves are banned\n|rule|Evasion Items Clause: Evasion items are banned\n|rule|Evasion Moves Clause: Evasion moves are banned\n|rule|Endless Battle Clause: Forcing endless battles is banned\n|rule|HP Percentage Mod: HP is shown in percentages\n|clearpoke\n|poke|p1|Urshifu-*, F|\n|poke|p1|Kyogre|\n|poke|p1|Iron Bundle|\n|poke|p1|Politoed, F|\n|poke|p1|Basculegion, M|\n|poke|p1|Arceus-Fairy|\n|poke|p2|Grimmsnarl, M|\n|poke|p2|Koraidon|\n|poke|p2|Arceus|\n|poke|p2|Flutter Mane|\n|poke|p2|Zacian-*|\n|poke|p2|Calyrex-Ice|\n|teampreview\n|inactive|Battle timer is ON: inactive players will automatically lose when time's up. (requested by Lil Tzatziki Sauce)\n|\n|t:|1699642744\n|start\n|switch|p1a: Politoed|Politoed, F|100\/100\n|switch|p2a: Grimmsnarl|Grimmsnarl, M|100\/100\n|-weather|RainDance|[from] ability: Drizzle|[of] p1a: Politoed\n|turn|1\n|\n|t:|1699642764\n|move|p2a: Grimmsnarl|Light Screen|p2a: Grimmsnarl\n|-sidestart|p2: Lil Tzatziki Sauce|move: Light Screen\n|move|p1a: Politoed|Weather Ball|p2a: Grimmsnarl\n|-damage|p2a: Grimmsnarl|77\/100\n|\n|-weather|RainDance|[upkeep]\n|upkeep\n|turn|2\n|\n|t:|1699642769\n|switch|p1a: Iron Bundle|Iron Bundle|100\/100\n|-enditem|p1a: Iron Bundle|Booster Energy\n|-activate|p1a: Iron Bundle|ability: Quark Drive|[fromitem]\n|-start|p1a: Iron Bundle|quarkdrivespe\n|move|p2a: Grimmsnarl|Reflect|p2a: Grimmsnarl\n|-sidestart|p2: Lil Tzatziki Sauce|Reflect\n|\n|-weather|RainDance|[upkeep]\n|upkeep\n|turn|3\n|\n|t:|1699642776\n|move|p1a: Iron Bundle|Encore|p2a: Grimmsnarl\n|-start|p2a: Grimmsnarl|Encore\n|move|p2a: Grimmsnarl|Reflect||[still]\n|-fail|p2a: Grimmsnarl\n|\n|-weather|RainDance|[upkeep]\n|upkeep\n|turn|4\n|\n|t:|1699642794\n|switch|p2a: Arceus|Arceus|100\/100\n|move|p1a: Iron Bundle|Hydro Pump|p2a: Arceus\n|-damage|p2a: Arceus|73\/100\n|\n|-weather|RainDance|[upkeep]\n|upkeep\n|turn|5\n|inactive|koooooopa has 120 seconds left.\n|\n|t:|1699642827\n|-end|p1a: Iron Bundle|Quark Drive|[silent]\n|switch|p1a: Arceus|Arceus-Fairy|100\/100\n|move|p2a: Arceus|Swords Dance|p2a: Arceus\n|-boost|p2a: Arceus|atk|2\n|\n|-weather|none\n|upkeep\n|turn|6\n|\n|t:|1699642830\n|move|p1a: Arceus|Will-O-Wisp|p2a: Arceus\n|-status|p2a: Arceus|brn\n|move|p2a: Arceus|Taunt|p1a: Arceus\n|-start|p1a: Arceus|move: Taunt\n|\n|-damage|p2a: Arceus|67\/100 brn|[from] brn\n|upkeep\n|turn|7\n|\n|t:|1699642840\n|switch|p1a: Politoed|Politoed, F|100\/100\n|-weather|RainDance|[from] ability: Drizzle|[of] p1a: Politoed\n|switch|p2a: Calyrex|Calyrex-Ice|100\/100\n|-ability|p2a: Calyrex|As One\n|-ability|p2a: Calyrex|Unnerve\n|\n|-weather|RainDance|[upkeep]\n|upkeep\n|turn|8\n|\n|t:|1699642850\n|switch|p1a: Iron Bundle|Iron Bundle|100\/100\n|move|p2a: Calyrex|Swords Dance|p2a: Calyrex\n|-boost|p2a: Calyrex|atk|2\n|\n|-weather|RainDance|[upkeep]\n|-sideend|p2: Lil Tzatziki Sauce|move: Light Screen\n|upkeep\n|turn|9\n|\n|t:|1699642862\n|switch|p2a: Grimmsnarl|Grimmsnarl, M|77\/100\n|move|p1a: Iron Bundle|Encore||[still]\n|-fail|p1a: Iron Bundle\n|\n|-weather|RainDance|[upkeep]\n|-sideend|p2: Lil Tzatziki Sauce|Reflect\n|upkeep\n|turn|10\n|\n|t:|1699642885\n|-terastallize|p1a: Iron Bundle|Ground\n|move|p2a: Grimmsnarl|Taunt|p1a: Iron Bundle\n|-start|p1a: Iron Bundle|move: Taunt\n|move|p1a: Iron Bundle|Hydro Pump|p2a: Grimmsnarl\n|-damage|p2a: Grimmsnarl|13\/100\n|\n|-weather|RainDance|[upkeep]\n|upkeep\n|turn|11\n|\n|t:|1699642899\n|move|p2a: Grimmsnarl|Light Screen|p2a: Grimmsnarl\n|-sidestart|p2: Lil Tzatziki Sauce|move: Light Screen\n|move|p1a: Iron Bundle|Freeze-Dry|p2a: Grimmsnarl\n|-damage|p2a: Grimmsnarl|0 fnt\n|faint|p2a: Grimmsnarl\n|\n|-weather|none\n|upkeep\n|\n|t:|1699642902\n|switch|p2a: Calyrex|Calyrex-Ice|100\/100\n|-ability|p2a: Calyrex|As One\n|-ability|p2a: Calyrex|Unnerve\n|turn|12\n|\n|t:|1699642909\n|-end|p1a: Iron Bundle|Quark Drive|[silent]\n|switch|p1a: Kyogre|Kyogre|100\/100\n|-weather|RainDance|[from] ability: Drizzle|[of] p1a: Kyogre\n|move|p2a: Calyrex|Swords Dance|p2a: Calyrex\n|-boost|p2a: Calyrex|atk|2\n|\n|-weather|RainDance|[upkeep]\n|upkeep\n|turn|13\n|\n|t:|1699642916\n|move|p1a: Kyogre|Thunder Wave|p2a: Calyrex\n|-status|p2a: Calyrex|par\n|cant|p2a: Calyrex|par\n|\n|-weather|RainDance|[upkeep]\n|upkeep\n|turn|14\n|\n|t:|1699642920\n|move|p1a: Kyogre|Calm Mind|p1a: Kyogre\n|-boost|p1a: Kyogre|spa|1\n|-boost|p1a: Kyogre|spd|1\n|cant|p2a: Calyrex|par\n|\n|-weather|RainDance|[upkeep]\n|upkeep\n|turn|15\n|\n|t:|1699642925\n|move|p1a: Kyogre|Origin Pulse|p2a: Calyrex\n|-damage|p2a: Calyrex|63\/100 par\n|move|p2a: Calyrex|Trick Room|p2a: Calyrex\n|-fieldstart|move: Trick Room|[of] p2a: Calyrex\n|\n|-weather|RainDance|[upkeep]\n|upkeep\n|turn|16\n|\n|t:|1699642928\n|cant|p2a: Calyrex|par\n|move|p1a: Kyogre|Calm Mind|p1a: Kyogre\n|-boost|p1a: Kyogre|spa|1\n|-boost|p1a: Kyogre|spd|1\n|\n|-weather|RainDance|[upkeep]\n|upkeep\n|turn|17\n|\n|t:|1699642932\n|move|p2a: Calyrex|High Horsepower|p1a: Kyogre\n|-damage|p1a: Kyogre|26\/100\n|move|p1a: Kyogre|Origin Pulse|p2a: Calyrex\n|-damage|p2a: Calyrex|12\/100 par\n|\n|-weather|RainDance|[upkeep]\n|upkeep\n|turn|18\n|\n|t:|1699642955\n|switch|p1a: Politoed|Politoed, F|100\/100\n|move|p2a: Calyrex|Glacial Lance|p1a: Politoed\n|-resisted|p1a: Politoed\n|-damage|p1a: Politoed|0 fnt\n|faint|p1a: Politoed\n|-ability|p2a: Calyrex|Chilling Neigh|boost\n|-boost|p2a: Calyrex|atk|1\n|\n|-weather|RainDance|[upkeep]\n|-sideend|p2: Lil Tzatziki Sauce|move: Light Screen\n|upkeep\n|c|\u2606koooooopa|oof\n|\n|t:|1699642966\n|switch|p1a: Basculegion|Basculegion, M|100\/100\n|turn|19\n|\n|t:|1699642969\n|move|p1a: Basculegion|Aqua Jet|p2a: Calyrex\n|-damage|p2a: Calyrex|0 fnt\n|faint|p2a: Calyrex\n|-damage|p1a: Basculegion|91\/100|[from] item: Life Orb\n|\n|-weather|none\n|-fieldend|move: Trick Room\n|upkeep\n|\n|t:|1699642971\n|switch|p2a: Koraidon|Koraidon|100\/100\n|-weather|SunnyDay|[from] ability: Orichalcum Pulse|[of] p2a: Koraidon\n|-activate|p2a: Koraidon|Orichalcum Pulse|[source]\n|turn|20\n|\n|t:|1699642979\n|switch|p1a: Kyogre|Kyogre|26\/100\n|-weather|RainDance|[from] ability: Drizzle|[of] p1a: Kyogre\n|move|p2a: Koraidon|Swords Dance|p2a: Koraidon\n|-boost|p2a: Koraidon|atk|2\n|\n|-weather|RainDance|[upkeep]\n|upkeep\n|turn|21\n|\n|t:|1699642984\n|switch|p1a: Arceus|Arceus-Fairy|100\/100\n|move|p2a: Koraidon|Scale Shot|p1a: Arceus\n|-immune|p1a: Arceus\n|\n|-weather|RainDance|[upkeep]\n|upkeep\n|turn|22\n|\n|t:|1699642989\n|move|p2a: Koraidon|Taunt|p1a: Arceus\n|-start|p1a: Arceus|move: Taunt\n|cant|p1a: Arceus|move: Taunt|Will-O-Wisp\n|\n|-weather|RainDance|[upkeep]\n|upkeep\n|turn|23\n|\n|t:|1699642992\n|-terastallize|p2a: Koraidon|Steel\n|move|p2a: Koraidon|Swords Dance|p2a: Koraidon\n|-boost|p2a: Koraidon|atk|2\n|move|p1a: Arceus|Judgment|p2a: Koraidon\n|-resisted|p2a: Koraidon\n|-damage|p2a: Koraidon|70\/100\n|\n|-weather|RainDance|[upkeep]\n|upkeep\n|turn|24\n|\n|t:|1699642997\n|move|p2a: Koraidon|Swords Dance|p2a: Koraidon\n|-boost|p2a: Koraidon|atk|2\n|move|p1a: Arceus|Surf|p2a: Koraidon\n|-damage|p2a: Koraidon|28\/100\n|\n|-weather|RainDance|[upkeep]\n|-end|p1a: Arceus|move: Taunt\n|upkeep\n|turn|25\n|\n|t:|1699643016\n|switch|p1a: Basculegion|Basculegion, M|91\/100\n|move|p2a: Koraidon|Flare Blitz|p1a: Basculegion\n|-resisted|p1a: Basculegion\n|-damage|p1a: Basculegion|41\/100\n|-damage|p2a: Koraidon|10\/100|[from] Recoil\n|\n|-weather|RainDance|[upkeep]\n|upkeep\n|turn|26\n|\n|t:|1699643021\n|move|p1a: Basculegion|Flip Turn|p2a: Koraidon\n|-damage|p2a: Koraidon|0 fnt\n|faint|p2a: Koraidon\n|-damage|p1a: Basculegion|31\/100|[from] item: Life Orb\n|\n|t:|1699643024\n|switch|p1a: Urshifu|Urshifu-Rapid-Strike, F|100\/100|[from] Flip Turn\n|\n|-weather|RainDance|[upkeep]\n|upkeep\n|\n|t:|1699643028\n|switch|p2a: Flutter Mane|Flutter Mane|100\/100\n|turn|27\n|\n|t:|1699643031\n|move|p1a: Urshifu|Surging Strikes|p2a: Flutter Mane\n|-crit|p2a: Flutter Mane\n|-damage|p2a: Flutter Mane|30\/100\n|-crit|p2a: Flutter Mane\n|-damage|p2a: Flutter Mane|0 fnt\n|faint|p2a: Flutter Mane\n|-end|p2a: Flutter Mane|Protosynthesis|[silent]\n|-hitcount|p2: Flutter Mane|2\n|\n|-weather|none\n|upkeep\n|\n|t:|1699643034\n|switch|p2a: Zacian|Zacian-Crowned|100\/100\n|-ability|p2a: Zacian|Intrepid Sword|boost\n|-boost|p2a: Zacian|atk|1\n|turn|28\n|\n|t:|1699643045\n|switch|p1a: Kyogre|Kyogre|26\/100\n|-weather|RainDance|[from] ability: Drizzle|[of] p1a: Kyogre\n|move|p2a: Zacian|Play Rough|p1a: Kyogre\n|-damage|p1a: Kyogre|0 fnt\n|faint|p1a: Kyogre\n|\n|-weather|RainDance|[upkeep]\n|upkeep\n|l|\u2606Lil Tzatziki Sauce\n|inactive|Lil Tzatziki Sauce disconnected and has a minute to reconnect!\n|player|p2|\n|\n|t:|1699643056\n|switch|p1a: Urshifu|Urshifu-Rapid-Strike, F|100\/100\n|turn|29\n|inactive|Lil Tzatziki Sauce has 30 seconds to reconnect!\n|inactive|Lil Tzatziki Sauce has 20 seconds to reconnect!\n|inactive|Lil Tzatziki Sauce has 15 seconds to reconnect!\n|inactive|Lil Tzatziki Sauce has 10 seconds to reconnect!\n|inactive|Lil Tzatziki Sauce has 5 seconds to reconnect!\n|-message|Lil Tzatziki Sauce lost due to inactivity.\n|\n|win|koooooopa\n|raw|koooooopa's rating: 1247 &rarr; <strong>1286<\/strong><br \/>(+39 for winning)\n|raw|Lil Tzatziki Sauce's rating: 1474 &rarr; <strong>1443<\/strong><br \/>(-31 for losing)\n","uploadtime":1699643130,"views":7,"p1id":"koooooopa","p2id":"liltzatzikisauce","formatid":"gen9ubers","rating":1286,"private":0,"password":""}