{"id":"gen9ubers-1998733960","p1":"CRIPPYwitdaGRIPPY","p2":"BeardoftheRed","format":"[Gen 9] Ubers","log":"|j|\u2606CRIPPYwitdaGRIPPY\n|j|\u2606BeardoftheRed\n|t:|1700979969\n|gametype|singles\n|player|p1|CRIPPYwitdaGRIPPY|caitlin|\n|player|p2|BeardoftheRed|2|\n|teamsize|p1|6\n|teamsize|p2|6\n|gen|9\n|tier|[Gen 9] Ubers\n|rule|Sleep Clause Mod: Limit one foe put to sleep\n|rule|Species Clause: Limit one of each Pok\u00e9mon\n|rule|OHKO Clause: OHKO moves are banned\n|rule|Evasion Items Clause: Evasion items are banned\n|rule|Evasion Moves Clause: Evasion moves are banned\n|rule|Endless Battle Clause: Forcing endless battles is banned\n|rule|HP Percentage Mod: HP is shown in percentages\n|clearpoke\n|poke|p1|Gholdengo|\n|poke|p1|Skeledirge, F|\n|poke|p1|Rotom-Wash|\n|poke|p1|Decidueye-Hisui, F|\n|poke|p1|Beartic, M|\n|poke|p1|Toxtricity, F|\n|poke|p2|Dragapult, M|\n|poke|p2|Piloswine, M|\n|poke|p2|Barraskewda, F|\n|poke|p2|Oranguru, M|\n|poke|p2|Chesnaught, F|\n|poke|p2|Palossand, M|\n|teampreview\n|inactive|Battle timer is ON: inactive players will automatically lose when time's up. (requested by BeardoftheRed)\n|\n|t:|1700979989\n|start\n|switch|p1a: Stringcheese|Gholdengo|100\/100\n|switch|p2a: PiloDrive|Piloswine, M, shiny|100\/100\n|turn|1\n|\n|t:|1700979999\n|move|p1a: Stringcheese|Trick|p2a: PiloDrive\n|-activate|p1a: Stringcheese|move: Trick|[of] p2a: PiloDrive\n|-item|p2a: PiloDrive|Choice Scarf|[from] move: Trick\n|-item|p1a: Stringcheese|Eviolite|[from] move: Trick\n|move|p2a: PiloDrive|Icicle Crash|p1a: Stringcheese|[miss]\n|-miss|p2a: PiloDrive|p1a: Stringcheese\n|\n|upkeep\n|turn|2\n|inactive|CRIPPYwitdaGRIPPY has 270 seconds left.\n|\n|t:|1700980031\n|switch|p2a: Danny|Dragapult, M, shiny|100\/100\n|move|p1a: Stringcheese|Nasty Plot|p1a: Stringcheese\n|-boost|p1a: Stringcheese|spa|2\n|\n|upkeep\n|turn|3\n|\n|t:|1700980041\n|move|p2a: Danny|Phantom Force||[still]\n|-prepare|p2a: Danny|Phantom Force\n|move|p1a: Stringcheese|Shadow Ball|p2a: Danny|[miss]\n|-miss|p1a: Stringcheese|p2a: Danny\n|\n|upkeep\n|turn|4\n|\n|t:|1700980049\n|move|p2a: Danny|Phantom Force|p1a: Stringcheese|[from]lockedmove\n|-supereffective|p1a: Stringcheese\n|-damage|p1a: Stringcheese|0 fnt\n|faint|p1a: Stringcheese\n|-damage|p2a: Danny|91\/100|[from] item: Life Orb\n|\n|upkeep\n|\n|t:|1700980056\n|switch|p1a: Rotom|Rotom-Wash, shiny|100\/100\n|turn|5\n|\n|t:|1700980069\n|switch|p2a: Sandy Nuts|Palossand, M, shiny|100\/100\n|move|p1a: Rotom|Rain Dance|p1a: Rotom\n|-weather|RainDance\n|\n|-weather|RainDance|[upkeep]\n|upkeep\n|turn|6\n|\n|t:|1700980097\n|switch|p1a: Beartic|Beartic, M|100\/100\n|move|p2a: Sandy Nuts|Stealth Rock|p1a: Beartic\n|-sidestart|p1: CRIPPYwitdaGRIPPY|move: Stealth Rock\n|\n|-weather|RainDance|[upkeep]\n|upkeep\n|turn|7\n|\n|t:|1700980115\n|move|p1a: Beartic|Icicle Crash|p2a: Sandy Nuts\n|-supereffective|p2a: Sandy Nuts\n|-damage|p2a: Sandy Nuts|28\/100\n|cant|p2a: Sandy Nuts|flinch\n|\n|-weather|RainDance|[upkeep]\n|-heal|p2a: Sandy Nuts|34\/100|[from] item: Leftovers\n|upkeep\n|turn|8\n|\n|t:|1700980126\n|move|p1a: Beartic|Icicle Crash|p2a: Sandy Nuts|[miss]\n|-miss|p1a: Beartic|p2a: Sandy Nuts\n|move|p2a: Sandy Nuts|Earth Power|p1a: Beartic\n|-damage|p1a: Beartic|55\/100\n|\n|-weather|RainDance|[upkeep]\n|-heal|p2a: Sandy Nuts|40\/100|[from] item: Leftovers\n|upkeep\n|turn|9\n|\n|t:|1700980136\n|move|p1a: Beartic|Icicle Crash|p2a: Sandy Nuts\n|-supereffective|p2a: Sandy Nuts\n|-damage|p2a: Sandy Nuts|0 fnt\n|faint|p2a: Sandy Nuts\n|\n|-weather|RainDance|[upkeep]\n|upkeep\n|\n|t:|1700980142\n|switch|p2a: PiloDrive|Piloswine, M, shiny|100\/100\n|turn|10\n|\n|t:|1700980166\n|move|p1a: Beartic|Liquidation|p2a: PiloDrive\n|-supereffective|p2a: PiloDrive\n|-crit|p2a: PiloDrive\n|-damage|p2a: PiloDrive|0 fnt\n|faint|p2a: PiloDrive\n|\n|-weather|RainDance|[upkeep]\n|upkeep\n|l|\u2606BeardoftheRed\n|inactive|BeardoftheRed disconnected and has 300 seconds to reconnect!\n|player|p2|\n|inactive|BeardoftheRed has 270 seconds to reconnect!\n|inactive|BeardoftheRed has 240 seconds to reconnect!\n|inactive|BeardoftheRed has 210 seconds to reconnect!\n|inactive|BeardoftheRed has 180 seconds to reconnect!\n|j|\u2606BeardoftheRed\n|inactive|BeardoftheRed reconnected and has 290 seconds left.\n|player|p2|BeardoftheRed|2\n|inactive|BeardoftheRed has 270 seconds left.\n|\n|t:|1700980346\n|switch|p2a: Naughty boi|Chesnaught, F, shiny|100\/100\n|turn|11\n|\n|t:|1700980358\n|move|p2a: Naughty boi|Spiky Shield|p2a: Naughty boi\n|-singleturn|p2a: Naughty boi|move: Protect\n|move|p1a: Beartic|Icicle Crash|p2a: Naughty boi\n|-activate|p2a: Naughty boi|move: Protect\n|\n|-weather|RainDance|[upkeep]\n|upkeep\n|turn|12\n|\n|t:|1700980368\n|move|p1a: Beartic|Icicle Crash|p2a: Naughty boi\n|-supereffective|p2a: Naughty boi\n|-damage|p2a: Naughty boi|51\/100\n|move|p2a: Naughty boi|Body Press|p1a: Beartic\n|-supereffective|p1a: Beartic\n|-damage|p1a: Beartic|0 fnt\n|faint|p1a: Beartic\n|\n|-weather|none\n|upkeep\n|inactive|CRIPPYwitdaGRIPPY has 270 seconds left.\n|\n|t:|1700980403\n|switch|p1a: Toxtricity|Toxtricity, F, shiny|100\/100\n|-damage|p1a: Toxtricity|88\/100|[from] Stealth Rock\n|turn|13\n|inactive|BeardoftheRed has 270 seconds left.\n|\n|t:|1700980420\n|switch|p2a: Kayla?|Oranguru, M, shiny|100\/100\n|move|p1a: Toxtricity|Sludge Bomb|p2a: Kayla?\n|-damage|p2a: Kayla?|62\/100\n|-status|p2a: Kayla?|psn\n|\n|-damage|p2a: Kayla?|50\/100 psn|[from] psn\n|upkeep\n|turn|14\n|inactive|CRIPPYwitdaGRIPPY has 270 seconds left.\n|inactive|BeardoftheRed has 270 seconds left.\n|\n|t:|1700980439\n|switch|p1a: Decidueye|Decidueye-Hisui, F, shiny|100\/100\n|-damage|p1a: Decidueye|94\/100|[from] Stealth Rock\n|move|p2a: Kayla?|Hyper Voice|p1a: Decidueye\n|-damage|p1a: Decidueye|58\/100\n|\n|-damage|p2a: Kayla?|37\/100 psn|[from] psn\n|upkeep\n|turn|15\n|\n|t:|1700980451\n|move|p1a: Decidueye|Sucker Punch|p2a: Kayla?\n|-supereffective|p2a: Kayla?\n|-damage|p2a: Kayla?|0 fnt\n|faint|p2a: Kayla?\n|-damage|p1a: Decidueye|48\/100|[from] item: Life Orb\n|\n|upkeep\n|\n|t:|1700980460\n|switch|p2a: Barraskrew ya|Barraskewda, F, shiny|100\/100\n|turn|16\n|inactive|CRIPPYwitdaGRIPPY has 270 seconds left.\n|inactive|BeardoftheRed has 270 seconds left.\n|\n|t:|1700980476\n|move|p2a: Barraskrew ya|Aqua Jet|p1a: Decidueye\n|-resisted|p1a: Decidueye\n|-damage|p1a: Decidueye|29\/100\n|move|p1a: Decidueye|Leaf Blade|p2a: Barraskrew ya\n|-supereffective|p2a: Barraskrew ya\n|-crit|p2a: Barraskrew ya\n|-damage|p2a: Barraskrew ya|0 fnt\n|faint|p2a: Barraskrew ya\n|-damage|p1a: Decidueye|19\/100|[from] item: Life Orb\n|\n|upkeep\n|\n|t:|1700980480\n|switch|p2a: Naughty boi|Chesnaught, F, shiny|51\/100\n|turn|17\n|inactive|CRIPPYwitdaGRIPPY has 270 seconds left.\n|\n|t:|1700980495\n|move|p2a: Naughty boi|Body Press|p1a: Decidueye\n|-damage|p1a: Decidueye|0 fnt\n|faint|p1a: Decidueye\n|\n|upkeep\n|\n|t:|1700980499\n|switch|p1a: firecroc|Skeledirge, F|100\/100\n|-damage|p1a: firecroc|76\/100|[from] Stealth Rock\n|turn|18\n|\n|t:|1700980506\n|switch|p2a: Danny|Dragapult, M, shiny|91\/100\n|move|p1a: firecroc|Torch Song|p2a: Danny\n|-resisted|p2a: Danny\n|-damage|p2a: Danny|71\/100\n|-boost|p1a: firecroc|spa|1\n|\n|-heal|p1a: firecroc|82\/100|[from] item: Leftovers\n|upkeep\n|turn|19\n|\n|t:|1700980521\n|-terastallize|p2a: Danny|Dragon\n|move|p2a: Danny|Dragon Darts|p1a: firecroc\n|-damage|p1a: firecroc|52\/100\n|-anim|p2a: Danny|Dragon Darts|p1a: firecroc\n|-damage|p1a: firecroc|26\/100\n|-damage|p2a: Danny|61\/100|[from] item: Life Orb\n|move|p1a: firecroc|Shadow Ball|p2a: Danny\n|-damage|p2a: Danny|0 fnt\n|faint|p2a: Danny\n|\n|-heal|p1a: firecroc|32\/100|[from] item: Leftovers\n|upkeep\n|\n|t:|1700980527\n|switch|p2a: Naughty boi|Chesnaught, F, shiny|51\/100\n|turn|20\n|\n|t:|1700980546\n|move|p2a: Naughty boi|Body Press|p1a: firecroc\n|-immune|p1a: firecroc\n|move|p1a: firecroc|Torch Song|p2a: Naughty boi\n|-supereffective|p2a: Naughty boi\n|-damage|p2a: Naughty boi|0 fnt\n|-boost|p1a: firecroc|spa|1\n|faint|p2a: Naughty boi\n|\n|win|CRIPPYwitdaGRIPPY\n","uploadtime":1700980556,"views":14,"p1id":"crippywitdagrippy","p2id":"beardofthered","formatid":"gen9ubers","rating":0,"private":0,"password":""}