{"id":"gen9ubers-1979442979","p1":"skimmythegod","p2":"Hiyokurenri","format":"[Gen 9] Ubers","log":"|j|\u2606skimmythegod\n|j|\u2606Hiyokurenri\n|t:|1698683077\n|gametype|singles\n|player|p1|skimmythegod|#uplximelmetal|\n|player|p2|Hiyokurenri|101|\n|teamsize|p1|6\n|teamsize|p2|6\n|gen|9\n|tier|[Gen 9] Ubers\n|rated|Tournament battle\n|rule|Sleep Clause Mod: Limit one foe put to sleep\n|rule|Species Clause: Limit one of each Pok\u00e9mon\n|rule|OHKO Clause: OHKO moves are banned\n|rule|Evasion Items Clause: Evasion items are banned\n|rule|Evasion Moves Clause: Evasion moves are banned\n|rule|Endless Battle Clause: Forcing endless battles is banned\n|rule|HP Percentage Mod: HP is shown in percentages\n|clearpoke\n|poke|p1|Calyrex-Ice|\n|poke|p1|Gliscor, F|\n|poke|p1|Koraidon|\n|poke|p1|Ting-Lu|\n|poke|p1|Arceus-Fairy|\n|poke|p1|Miraidon|\n|poke|p2|Arceus-Ground|\n|poke|p2|Miraidon|\n|poke|p2|Dialga|\n|poke|p2|Koraidon|\n|poke|p2|Flutter Mane|\n|poke|p2|Ribombee, M|\n|teampreview\n|inactive|Battle timer is ON: inactive players will automatically lose when time's up. (requested by skimmythegod)\n|j|+corvere\u2665\n|\n|t:|1698683088\n|start\n|switch|p1a: Miraidon|Miraidon|100\/100\n|switch|p2a: Ribombee|Ribombee, M|100\/100\n|-fieldstart|move: Electric Terrain|[from] ability: Hadron Engine|[of] p1a: Miraidon\n|turn|1\n|\n|t:|1698683092\n|move|p1a: Miraidon|Electro Drift|p2a: Ribombee\n|-enditem|p2a: Ribombee|Focus Sash\n|-damage|p2a: Ribombee|1\/100\n|move|p2a: Ribombee|Moonblast|p1a: Miraidon\n|-supereffective|p1a: Miraidon\n|-damage|p1a: Miraidon|42\/100\n|\n|upkeep\n|turn|2\n|\n|t:|1698683099\n|switch|p2a: Koraidon|Koraidon|100\/100\n|-weather|SunnyDay|[from] ability: Orichalcum Pulse|[of] p2a: Koraidon\n|-activate|p2a: Koraidon|Orichalcum Pulse|[source]\n|move|p1a: Miraidon|U-turn|p2a: Koraidon\n|-resisted|p2a: Koraidon\n|-damage|p2a: Koraidon|95\/100\n|j|%Taka\n|\n|t:|1698683108\n|switch|p1a: Arceus|Arceus-Fairy|100\/100|[from] U-turn\n|\n|-weather|SunnyDay|[upkeep]\n|upkeep\n|turn|3\n|\n|t:|1698683113\n|switch|p2a: Ribombee|Ribombee, M|1\/100\n|move|p1a: Arceus|Judgment|p2a: Ribombee\n|-damage|p2a: Ribombee|0 fnt\n|faint|p2a: Ribombee\n|\n|-weather|SunnyDay|[upkeep]\n|upkeep\n|\n|t:|1698683126\n|switch|p2a: Flutter Mane|Flutter Mane|100\/100\n|-activate|p2a: Flutter Mane|ability: Protosynthesis\n|-start|p2a: Flutter Mane|protosynthesisspe\n|turn|4\n|\n|t:|1698683129\n|move|p2a: Flutter Mane|Moonblast|p1a: Arceus\n|-damage|p1a: Arceus|67\/100\n|move|p1a: Arceus|Calm Mind|p1a: Arceus\n|-boost|p1a: Arceus|spa|1\n|-boost|p1a: Arceus|spd|1\n|\n|-weather|SunnyDay|[upkeep]\n|upkeep\n|turn|5\n|\n|t:|1698683136\n|move|p2a: Flutter Mane|Taunt|p1a: Arceus\n|-start|p1a: Arceus|move: Taunt\n|cant|p1a: Arceus|move: Taunt|Recover\n|\n|-weather|SunnyDay|[upkeep]\n|-fieldend|move: Electric Terrain\n|upkeep\n|turn|6\n|\n|t:|1698683140\n|move|p2a: Flutter Mane|Moonblast|p1a: Arceus\n|-damage|p1a: Arceus|46\/100\n|move|p1a: Arceus|Judgment|p2a: Flutter Mane\n|-damage|p2a: Flutter Mane|16\/100\n|\n|-weather|none\n|-end|p2a: Flutter Mane|Protosynthesis\n|upkeep\n|-enditem|p2a: Flutter Mane|Booster Energy\n|-activate|p2a: Flutter Mane|ability: Protosynthesis|[fromitem]\n|-start|p2a: Flutter Mane|protosynthesisspe\n|turn|7\n|\n|t:|1698683144\n|move|p2a: Flutter Mane|Psyshock|p1a: Arceus\n|-damage|p1a: Arceus|29\/100\n|move|p1a: Arceus|Judgment|p2a: Flutter Mane\n|-damage|p2a: Flutter Mane|0 fnt\n|faint|p2a: Flutter Mane\n|-end|p2a: Flutter Mane|Protosynthesis|[silent]\n|\n|-end|p1a: Arceus|move: Taunt\n|upkeep\n|\n|t:|1698683146\n|switch|p2a: Koraidon|Koraidon|95\/100\n|-weather|SunnyDay|[from] ability: Orichalcum Pulse|[of] p2a: Koraidon\n|-activate|p2a: Koraidon|Orichalcum Pulse|[source]\n|turn|8\n|\n|t:|1698683149\n|move|p2a: Koraidon|Flare Blitz|p1a: Arceus\n|-damage|p1a: Arceus|0 fnt\n|faint|p1a: Arceus\n|-damage|p2a: Koraidon|82\/100|[from] Recoil\n|\n|-weather|SunnyDay|[upkeep]\n|upkeep\n|\n|t:|1698683154\n|switch|p1a: Gliscor|Gliscor, F|100\/100\n|turn|9\n|\n|t:|1698683157\n|move|p2a: Koraidon|Taunt|p1a: Gliscor\n|-start|p1a: Gliscor|move: Taunt\n|cant|p1a: Gliscor|move: Taunt|Toxic\n|\n|-weather|SunnyDay|[upkeep]\n|-status|p1a: Gliscor|tox|[from] item: Toxic Orb\n|upkeep\n|turn|10\n|\n|t:|1698683160\n|move|p2a: Koraidon|Swords Dance|p2a: Koraidon\n|-boost|p2a: Koraidon|atk|2\n|move|p1a: Gliscor|Earthquake|p2a: Koraidon\n|-damage|p2a: Koraidon|52\/100\n|\n|-weather|SunnyDay|[upkeep]\n|upkeep\n|turn|11\n|\n|t:|1698683165\n|move|p2a: Koraidon|Scale Shot|p1a: Gliscor\n|-damage|p1a: Gliscor|79\/100 tox\n|-damage|p1a: Gliscor|57\/100 tox\n|-damage|p1a: Gliscor|36\/100 tox\n|-damage|p1a: Gliscor|15\/100 tox\n|-damage|p1a: Gliscor|0 fnt\n|faint|p1a: Gliscor\n|-hitcount|p1: Gliscor|5\n|-unboost|p2a: Koraidon|def|1\n|-boost|p2a: Koraidon|spe|1\n|\n|-weather|SunnyDay|[upkeep]\n|upkeep\n|\n|t:|1698683170\n|switch|p1a: Calyrex|Calyrex-Ice|100\/100\n|-ability|p1a: Calyrex|As One\n|-ability|p1a: Calyrex|Unnerve\n|turn|12\n|\n|t:|1698683179\n|move|p2a: Koraidon|Scale Shot|p1a: Calyrex\n|-damage|p1a: Calyrex|78\/100\n|-damage|p1a: Calyrex|56\/100\n|-damage|p1a: Calyrex|34\/100\n|-crit|p1a: Calyrex\n|-damage|p1a: Calyrex|5\/100\n|-hitcount|p1a: Calyrex|4\n|-unboost|p2a: Koraidon|def|1\n|-boost|p2a: Koraidon|spe|1\n|move|p1a: Calyrex|Glacial Lance|p2a: Koraidon\n|-supereffective|p2a: Koraidon\n|-damage|p2a: Koraidon|0 fnt\n|faint|p2a: Koraidon\n|-ability|p1a: Calyrex|Chilling Neigh|boost\n|-boost|p1a: Calyrex|atk|1\n|\n|-weather|none\n|upkeep\n|\n|t:|1698683197\n|switch|p2a: Dialga|Dialga|100\/100\n|-ability|p2a: Dialga|Pressure\n|turn|13\n|\n|t:|1698683200\n|move|p2a: Dialga|Scale Shot|p1a: Calyrex\n|-damage|p1a: Calyrex|0 fnt\n|faint|p1a: Calyrex\n|-hitcount|p1: Calyrex|1\n|-unboost|p2a: Dialga|def|1\n|-boost|p2a: Dialga|spe|1\n|\n|upkeep\n|\n|t:|1698683202\n|switch|p1a: Ting-Lu|Ting-Lu|100\/100\n|-ability|p1a: Ting-Lu|Vessel of Ruin\n|turn|14\n|\n|t:|1698683207\n|-terastallize|p2a: Dialga|Flying\n|move|p2a: Dialga|Bulk Up|p2a: Dialga\n|-boost|p2a: Dialga|atk|1\n|-boost|p2a: Dialga|def|1\n|move|p1a: Ting-Lu|Spikes|p2a: Dialga\n|-sidestart|p2: Hiyokurenri|Spikes\n|\n|upkeep\n|turn|15\n|\n|t:|1698683210\n|move|p2a: Dialga|Bulk Up|p2a: Dialga\n|-boost|p2a: Dialga|atk|1\n|-boost|p2a: Dialga|def|1\n|move|p1a: Ting-Lu|Ruination|p2a: Dialga\n|-damage|p2a: Dialga|51\/100\n|\n|upkeep\n|turn|16\n|\n|t:|1698683214\n|move|p2a: Dialga|Scale Shot|p1a: Ting-Lu\n|-damage|p1a: Ting-Lu|86\/100\n|-damage|p1a: Ting-Lu|71\/100\n|-damage|p1a: Ting-Lu|58\/100\n|-damage|p1a: Ting-Lu|45\/100\n|-hitcount|p1a: Ting-Lu|4\n|-unboost|p2a: Dialga|def|1\n|-boost|p2a: Dialga|spe|1\n|move|p1a: Ting-Lu|Whirlwind|p2a: Dialga\n|drag|p2a: Miraidon|Miraidon|100\/100\n|-damage|p2a: Miraidon|88\/100|[from] Spikes\n|-fieldstart|move: Electric Terrain|[from] ability: Hadron Engine|[of] p2a: Miraidon\n|-enditem|p2a: Miraidon|Electric Seed\n|-boost|p2a: Miraidon|def|1|[from] item: Electric Seed\n|\n|-heal|p1a: Ting-Lu|52\/100|[from] item: Leftovers\n|upkeep\n|turn|17\n|\n|t:|1698683221\n|move|p2a: Miraidon|Dazzling Gleam|p1a: Ting-Lu\n|-supereffective|p1a: Ting-Lu\n|-damage|p1a: Ting-Lu|20\/100\n|move|p1a: Ting-Lu|Whirlwind|p2a: Miraidon\n|drag|p2a: Arceus|Arceus-Ground|100\/100\n|-damage|p2a: Arceus|88\/100|[from] Spikes\n|\n|-heal|p1a: Ting-Lu|26\/100|[from] item: Leftovers\n|upkeep\n|turn|18\n|\n|t:|1698683225\n|move|p2a: Arceus|Taunt|p1a: Ting-Lu\n|-start|p1a: Ting-Lu|move: Taunt\n|cant|p1a: Ting-Lu|move: Taunt|Whirlwind\n|\n|-heal|p1a: Ting-Lu|32\/100|[from] item: Leftovers\n|upkeep\n|turn|19\n|\n|t:|1698683233\n|switch|p1a: Koraidon|Koraidon|100\/100\n|-weather|SunnyDay|[from] ability: Orichalcum Pulse|[of] p1a: Koraidon\n|-activate|p1a: Koraidon|Orichalcum Pulse|[source]\n|move|p2a: Arceus|Dragon Dance|p2a: Arceus\n|-boost|p2a: Arceus|atk|1\n|-boost|p2a: Arceus|spe|1\n|\n|-weather|SunnyDay|[upkeep]\n|upkeep\n|turn|20\n|\n|t:|1698683235\n|move|p1a: Koraidon|Low Kick|p2a: Arceus\n|-damage|p2a: Arceus|17\/100\n|move|p2a: Arceus|Earthquake|p1a: Koraidon\n|-damage|p1a: Koraidon|10\/100\n|\n|-weather|SunnyDay|[upkeep]\n|-fieldend|move: Electric Terrain\n|upkeep\n|turn|21\n|\n|t:|1698683239\n|move|p1a: Koraidon|Low Kick|p2a: Arceus\n|-damage|p2a: Arceus|0 fnt\n|faint|p2a: Arceus\n|\n|-weather|SunnyDay|[upkeep]\n|upkeep\n|\n|t:|1698683240\n|switch|p2a: Dialga|Dialga, tera:Flying|51\/100\n|-ability|p2a: Dialga|Pressure\n|turn|22\n|\n|t:|1698683243\n|switch|p1a: Ting-Lu|Ting-Lu|32\/100\n|-ability|p1a: Ting-Lu|Vessel of Ruin\n|move|p2a: Dialga|Scale Shot|p1a: Ting-Lu\n|-damage|p1a: Ting-Lu|25\/100\n|-damage|p1a: Ting-Lu|19\/100\n|-damage|p1a: Ting-Lu|12\/100\n|-damage|p1a: Ting-Lu|6\/100\n|-hitcount|p1a: Ting-Lu|4\n|-unboost|p2a: Dialga|def|1\n|-boost|p2a: Dialga|spe|1\n|\n|-weather|SunnyDay|[upkeep]\n|-heal|p1a: Ting-Lu|12\/100|[from] item: Leftovers\n|upkeep\n|turn|23\n|\n|t:|1698683249\n|move|p2a: Dialga|Scale Shot|p1a: Ting-Lu\n|-damage|p1a: Ting-Lu|5\/100\n|-damage|p1a: Ting-Lu|0 fnt\n|faint|p1a: Ting-Lu\n|-hitcount|p1: Ting-Lu|2\n|-unboost|p2a: Dialga|def|1\n|-boost|p2a: Dialga|spe|1\n|\n|-weather|none\n|upkeep\n|\n|t:|1698683253\n|switch|p1a: Koraidon|Koraidon|10\/100\n|-weather|SunnyDay|[from] ability: Orichalcum Pulse|[of] p1a: Koraidon\n|-activate|p1a: Koraidon|Orichalcum Pulse|[source]\n|turn|24\n|\n|t:|1698683256\n|move|p2a: Dialga|Iron Head|p1a: Koraidon\n|-damage|p1a: Koraidon|0 fnt\n|faint|p1a: Koraidon\n|\n|-weather|SunnyDay|[upkeep]\n|upkeep\n|\n|t:|1698683258\n|switch|p1a: Miraidon|Miraidon|42\/100\n|-fieldstart|move: Electric Terrain|[from] ability: Hadron Engine|[of] p1a: Miraidon\n|turn|25\n|\n|t:|1698683263\n|move|p2a: Dialga|Earthquake|p1a: Miraidon\n|-supereffective|p1a: Miraidon\n|-damage|p1a: Miraidon|0 fnt\n|faint|p1a: Miraidon\n|\n|win|Hiyokurenri\n|n|\u2606skimmythegod|skimmythegod\n|n|\u2606Hiyokurenri|hiyokurenri\n|n| corvere\u2665|corvere\n|n| Taka|taka\n","uploadtime":1698683267,"views":26,"p1id":"skimmythegod","p2id":"hiyokurenri","formatid":"gen9ubers","rating":0,"private":0,"password":""}