{"id":"gen9ubers-1984397647","p1":"grass knot zygarde","p2":"pipisfanclub","format":"[Gen 9] Ubers","log":"|j|\u2606grass knot zygarde\n|j|\u2606pipisfanclub\n|t:|1699256399\n|gametype|singles\n|player|p1|grass knot zygarde|dawn|1161\n|player|p2|pipisfanclub|battlegirl-gen4|1377\n|teamsize|p1|6\n|teamsize|p2|6\n|gen|9\n|tier|[Gen 9] Ubers\n|rated|\n|rule|Sleep Clause Mod: Limit one foe put to sleep\n|rule|Species Clause: Limit one of each Pok\u00e9mon\n|rule|OHKO Clause: OHKO moves are banned\n|rule|Evasion Items Clause: Evasion items are banned\n|rule|Evasion Moves Clause: Evasion moves are banned\n|rule|Endless Battle Clause: Forcing endless battles is banned\n|rule|HP Percentage Mod: HP is shown in percentages\n|clearpoke\n|poke|p1|Ribombee, M|\n|poke|p1|Ogerpon-Hearthflame, F|\n|poke|p1|Koraidon|\n|poke|p1|Zacian-*|\n|poke|p1|Flutter Mane|\n|poke|p1|Miraidon|\n|poke|p2|Hatterene, F|\n|poke|p2|Ursaluna-Bloodmoon, M|\n|poke|p2|Calyrex-Ice|\n|poke|p2|Cresselia, F|\n|poke|p2|Basculegion, M|\n|poke|p2|Toxapex, M|\n|teampreview\n|inactive|Battle timer is ON: inactive players will automatically lose when time's up. (requested by grass knot zygarde)\n|\n|t:|1699256423\n|start\n|switch|p1a: ohio rizz|Ribombee, M, shiny|100\/100\n|switch|p2a: Calyrex|Calyrex-Ice|100\/100\n|-ability|p2a: Calyrex|As One\n|-ability|p2a: Calyrex|Unnerve\n|turn|1\n|\n|t:|1699256436\n|switch|p1a: Zacian|Zacian-Crowned, shiny|100\/100\n|-ability|p1a: Zacian|Intrepid Sword|boost\n|-boost|p1a: Zacian|atk|1\n|move|p2a: Calyrex|Glacial Lance|p1a: Zacian\n|-resisted|p1a: Zacian\n|-damage|p1a: Zacian|64\/100\n|\n|upkeep\n|turn|2\n|\n|t:|1699256440\n|-terastallize|p2a: Calyrex|Fire\n|move|p1a: Zacian|Behemoth Blade|p2a: Calyrex\n|-resisted|p2a: Calyrex\n|-damage|p2a: Calyrex|75\/100\n|move|p2a: Calyrex|Trick Room|p2a: Calyrex\n|-fieldstart|move: Trick Room|[of] p2a: Calyrex\n|\n|upkeep\n|turn|3\n|j| incrediblegassygem\n|\n|t:|1699256469\n|move|p2a: Calyrex|High Horsepower|p1a: Zacian\n|-supereffective|p1a: Zacian\n|-damage|p1a: Zacian|0 fnt\n|faint|p1a: Zacian\n|-ability|p2a: Calyrex|Chilling Neigh|boost\n|-boost|p2a: Calyrex|atk|1\n|\n|upkeep\n|\n|t:|1699256473\n|switch|p1a: ohio rizz|Ribombee, M, shiny|100\/100\n|turn|4\n|\n|t:|1699256479\n|move|p2a: Calyrex|Glacial Lance|p1a: ohio rizz\n|-enditem|p1a: ohio rizz|Focus Sash\n|-damage|p1a: ohio rizz|1\/100\n|move|p1a: ohio rizz|Stun Spore|p2a: Calyrex\n|-status|p2a: Calyrex|par\n|\n|upkeep\n|turn|5\n|\n|t:|1699256485\n|move|p2a: Calyrex|Glacial Lance|p1a: ohio rizz\n|-damage|p1a: ohio rizz|0 fnt\n|faint|p1a: ohio rizz\n|-ability|p2a: Calyrex|Chilling Neigh|boost\n|-boost|p2a: Calyrex|atk|1\n|\n|upkeep\n|\n|t:|1699256498\n|switch|p1a: Ogerpon|Ogerpon-Hearthflame, F|100\/100\n|-ability|p1a: Ogerpon|Mold Breaker\n|turn|6\n|\n|t:|1699256504\n|move|p2a: Calyrex|High Horsepower|p1a: Ogerpon\n|-damage|p1a: Ogerpon|0 fnt\n|faint|p1a: Ogerpon\n|-ability|p2a: Calyrex|Chilling Neigh|boost\n|-boost|p2a: Calyrex|atk|1\n|\n|-fieldend|move: Trick Room\n|upkeep\n|\n|t:|1699256513\n|switch|p1a: Koraidon|Koraidon|100\/100\n|-weather|SunnyDay|[from] ability: Orichalcum Pulse|[of] p1a: Koraidon\n|-activate|p1a: Koraidon|Orichalcum Pulse|[source]\n|turn|7\n|\n|t:|1699256522\n|switch|p2a: Toxapex|Toxapex, M|100\/100\n|move|p1a: Koraidon|Scale Shot|p2a: Toxapex\n|-damage|p2a: Toxapex|89\/100\n|-damage|p2a: Toxapex|77\/100\n|-damage|p2a: Toxapex|67\/100\n|-damage|p2a: Toxapex|56\/100\n|-damage|p2a: Toxapex|45\/100\n|-hitcount|p2a: Toxapex|5\n|-enditem|p2a: Toxapex|Eject Button\n|-unboost|p1a: Koraidon|def|1\n|-boost|p1a: Koraidon|spe|1\n|c| incrediblegassygem|juice world diiid\n|\n|t:|1699256528\n|switch|p2a: Hatterene|Hatterene, F|100\/100\n|\n|-weather|SunnyDay|[upkeep]\n|upkeep\n|turn|8\n|\n|t:|1699256532\n|switch|p1a: Flutter Mane|Flutter Mane, shiny|100\/100\n|-activate|p1a: Flutter Mane|ability: Protosynthesis\n|-start|p1a: Flutter Mane|protosynthesisspe\n|move|p2a: Hatterene|Trick Room|p2a: Hatterene\n|-fieldstart|move: Trick Room|[of] p2a: Hatterene\n|\n|-weather|SunnyDay|[upkeep]\n|upkeep\n|turn|9\n|c| incrediblegassygem|we the best music!\n|c|\u2606grass knot zygarde|he didnt\n|c| incrediblegassygem|dj khaled!\n|\n|t:|1699256540\n|move|p2a: Hatterene|Healing Wish|p2a: Hatterene\n|faint|p2a: Hatterene\n|move|p1a: Flutter Mane|Shadow Ball|p2: Hatterene|[notarget]\n|-fail|p1a: Flutter Mane\n|\n|-weather|SunnyDay|[upkeep]\n|upkeep\n|c| incrediblegassygem|they ain't believe in us\n|\n|t:|1699256545\n|switch|p2a: Calyrex|Calyrex-Ice, tera:Fire|75\/100 par\n|-ability|p2a: Calyrex|As One\n|-ability|p2a: Calyrex|Unnerve\n|-heal|p2a: Calyrex|100\/100|[from] move: Healing Wish\n|turn|10\n|\n|t:|1699256552\n|move|p2a: Calyrex|Glacial Lance|p1a: Flutter Mane\n|-damage|p1a: Flutter Mane|0 fnt\n|faint|p1a: Flutter Mane\n|-end|p1a: Flutter Mane|Protosynthesis|[silent]\n|-ability|p2a: Calyrex|Chilling Neigh|boost\n|-boost|p2a: Calyrex|atk|1\n|\n|-weather|SunnyDay|[upkeep]\n|upkeep\n|\n|t:|1699256554\n|switch|p1a: Koraidon|Koraidon|100\/100\n|-activate|p1a: Koraidon|ability: Orichalcum Pulse\n|turn|11\n|c| incrediblegassygem|also nice losing to caly ice chud\n|c| incrediblegassygem|PFFFFT\n|\n|t:|1699256560\n|-terastallize|p1a: Koraidon|Ghost\n|move|p2a: Calyrex|High Horsepower|p1a: Koraidon\n|-damage|p1a: Koraidon|41\/100\n|move|p1a: Koraidon|Scale Shot|p2a: Calyrex\n|-damage|p2a: Calyrex|90\/100\n|-damage|p2a: Calyrex|79\/100\n|-damage|p2a: Calyrex|68\/100\n|-damage|p2a: Calyrex|58\/100\n|-hitcount|p2a: Calyrex|4\n|-unboost|p1a: Koraidon|def|1\n|-boost|p1a: Koraidon|spe|1\n|\n|-weather|none\n|upkeep\n|turn|12\n|\n|t:|1699256567\n|move|p2a: Calyrex|Glacial Lance|p1a: Koraidon\n|-damage|p1a: Koraidon|0 fnt\n|faint|p1a: Koraidon\n|-ability|p2a: Calyrex|Chilling Neigh|boost\n|-boost|p2a: Calyrex|atk|1\n|\n|-fieldend|move: Trick Room\n|upkeep\n|\n|t:|1699256571\n|switch|p1a: Miraidon|Miraidon|100\/100\n|-fieldstart|move: Electric Terrain|[from] ability: Hadron Engine|[of] p1a: Miraidon\n|-enditem|p1a: Miraidon|Electric Seed\n|-boost|p1a: Miraidon|def|1|[from] item: Electric Seed\n|turn|13\n|\n|t:|1699256579\n|move|p1a: Miraidon|Dragon Pulse|p2a: Calyrex\n|-damage|p2a: Calyrex|10\/100\n|move|p2a: Calyrex|Glacial Lance|p1a: Miraidon\n|-supereffective|p1a: Miraidon\n|-damage|p1a: Miraidon|0 fnt\n|faint|p1a: Miraidon\n|\n|win|pipisfanclub\n|raw|grass knot zygarde's rating: 1161 &rarr; <strong>1150<\/strong><br \/>(-11 for losing)\n|raw|pipisfanclub's rating: 1377 &rarr; <strong>1386<\/strong><br \/>(+9 for winning)\n|l| incrediblegassygem\n","uploadtime":1699256590,"views":4,"p1id":"grassknotzygarde","p2id":"pipisfanclub","formatid":"gen9ubers","rating":1150,"private":0,"password":""}