{"id":"gen9ubers-1997135799","p1":"harmony6","p2":"Theminals","format":"[Gen 9] Ubers","log":"|j|\u2606harmony6\n|j|\u2606Theminals\n|t:|1700768109\n|gametype|singles\n|player|p1|harmony6|lass-gen4dp|\n|player|p2|Theminals|depotagent|\n|teamsize|p1|6\n|teamsize|p2|6\n|gen|9\n|tier|[Gen 9] Ubers\n|rule|Sleep Clause Mod: Limit one foe put to sleep\n|rule|Species Clause: Limit one of each Pok\u00e9mon\n|rule|OHKO Clause: OHKO moves are banned\n|rule|Evasion Items Clause: Evasion items are banned\n|rule|Evasion Moves Clause: Evasion moves are banned\n|rule|Endless Battle Clause: Forcing endless battles is banned\n|rule|HP Percentage Mod: HP is shown in percentages\n|clearpoke\n|poke|p1|Zacian-*|\n|poke|p1|Magearna|\n|poke|p1|Ursaluna, M|\n|poke|p1|Orthworm, M|\n|poke|p1|Palkia-Origin|\n|poke|p1|Arceus-Poison|\n|poke|p2|Dialga|\n|poke|p2|Zacian-*|\n|poke|p2|Arceus-Fire|\n|poke|p2|Garganacl, F|\n|poke|p2|Baxcalibur, M|\n|poke|p2|Chi-Yu|\n|teampreview\n|c|\u2606Theminals|glhf\n|c|\u2606harmony6|U2\n|\n|t:|1700768139\n|start\n|switch|p1a: Arceus|Arceus-Poison|100\/100\n|switch|p2a: Chi-Yu|Chi-Yu|100\/100\n|-ability|p2a: Chi-Yu|Beads of Ruin\n|turn|1\n|\n|t:|1700768145\n|move|p2a: Chi-Yu|Overheat|p1a: Arceus\n|-damage|p1a: Arceus|44\/100\n|-unboost|p2a: Chi-Yu|spa|2\n|move|p1a: Arceus|Calm Mind|p1a: Arceus\n|-boost|p1a: Arceus|spa|1\n|-boost|p1a: Arceus|spd|1\n|\n|upkeep\n|turn|2\n|\n|t:|1700768152\n|switch|p2a: Arceus|Arceus-Fire|100\/100\n|move|p1a: Arceus|Recover|p1a: Arceus\n|-heal|p1a: Arceus|94\/100\n|\n|upkeep\n|turn|3\n|\n|t:|1700768159\n|move|p1a: Arceus|Earth Power|p2a: Arceus\n|-supereffective|p2a: Arceus\n|-damage|p2a: Arceus|65\/100\n|move|p2a: Arceus|Roar|p1a: Arceus\n|drag|p1a: Magearna|Magearna|100\/100\n|\n|upkeep\n|turn|4\n|\n|t:|1700768165\n|switch|p1a: Palkia|Palkia-Origin, shiny|100\/100\n|-ability|p1a: Palkia|Pressure\n|move|p2a: Arceus|Judgment|p1a: Palkia\n|-resisted|p1a: Palkia\n|-damage|p1a: Palkia|90\/100\n|\n|upkeep\n|turn|5\n|\n|t:|1700768171\n|switch|p2a: Dialga|Dialga|100\/100\n|-ability|p2a: Dialga|Pressure\n|move|p1a: Palkia|Hydro Pump|p2a: Dialga\n|-resisted|p2a: Dialga\n|-crit|p2a: Dialga\n|-damage|p2a: Dialga|70\/100\n|\n|upkeep\n|turn|6\n|\n|t:|1700768178\n|-terastallize|p1a: Palkia|Fairy\n|move|p1a: Palkia|Spacial Rend|p2a: Dialga\n|-damage|p2a: Dialga|32\/100\n|move|p2a: Dialga|Draco Meteor|p1a: Palkia\n|-immune|p1a: Palkia\n|\n|upkeep\n|turn|7\n|\n|t:|1700768192\n|move|p1a: Palkia|Substitute|p1a: Palkia\n|-start|p1a: Palkia|Substitute\n|-damage|p1a: Palkia|65\/100\n|move|p2a: Dialga|Flash Cannon|p1a: Palkia\n|-supereffective|p1a: Palkia\n|-end|p1a: Palkia|Substitute\n|\n|upkeep\n|turn|8\n|\n|t:|1700768196\n|move|p1a: Palkia|Spacial Rend|p2a: Dialga\n|-crit|p2a: Dialga\n|-damage|p2a: Dialga|0 fnt\n|faint|p2a: Dialga\n|\n|upkeep\n|inactive|Battle timer is ON: inactive players will automatically lose when time's up. (requested by harmony6)\n|c|\u2606harmony6|Oops\n|inactiveoff|Battle timer is now OFF.\n|\n|t:|1700768207\n|switch|p2a: Zacian|Zacian|100\/100\n|-ability|p2a: Zacian|Intrepid Sword|boost\n|-boost|p2a: Zacian|atk|1\n|turn|9\n|\n|t:|1700768211\n|switch|p1a: Orthworm|Orthworm, M|100\/100\n|move|p2a: Zacian|Iron Head|p1a: Orthworm\n|-resisted|p1a: Orthworm\n|-crit|p1a: Orthworm\n|-damage|p1a: Orthworm|78\/100\n|\n|upkeep\n|turn|10\n|\n|t:|1700768219\n|-terastallize|p2a: Zacian|Steel\n|move|p2a: Zacian|Iron Head|p1a: Orthworm\n|-resisted|p1a: Orthworm\n|-damage|p1a: Orthworm|55\/100\n|move|p1a: Orthworm|Stealth Rock|p2a: Zacian\n|-sidestart|p2: Theminals|move: Stealth Rock\n|\n|upkeep\n|turn|11\n|\n|t:|1700768226\n|move|p2a: Zacian|Iron Head|p1a: Orthworm\n|-resisted|p1a: Orthworm\n|-damage|p1a: Orthworm|30\/100\n|-enditem|p1a: Orthworm|Sitrus Berry|[eat]\n|-heal|p1a: Orthworm|55\/100|[from] item: Sitrus Berry\n|move|p1a: Orthworm|Shed Tail|p1a: Orthworm\n|-start|p1a: Orthworm|Substitute|[from] move: Shed Tail\n|-damage|p1a: Orthworm|5\/100\n|\n|t:|1700768234\n|switch|p1a: Ursaluna|Ursaluna, M|100\/100|[from] Shed Tail\n|\n|-status|p1a: Ursaluna|brn|[from] item: Flame Orb\n|upkeep\n|turn|12\n|\n|t:|1700768245\n|move|p2a: Zacian|Iron Head|p1a: Ursaluna\n|-end|p1a: Ursaluna|Substitute\n|move|p1a: Ursaluna|Earthquake|p2a: Zacian\n|-supereffective|p2a: Zacian\n|-damage|p2a: Zacian|0 fnt\n|faint|p2a: Zacian\n|\n|-damage|p1a: Ursaluna|94\/100 brn|[from] brn\n|upkeep\n|\n|t:|1700768251\n|switch|p2a: Chi-Yu|Chi-Yu|100\/100\n|-damage|p2a: Chi-Yu|76\/100|[from] Stealth Rock\n|-ability|p2a: Chi-Yu|Beads of Ruin\n|turn|13\n|\n|t:|1700768255\n|move|p2a: Chi-Yu|Overheat|p1a: Ursaluna\n|-damage|p1a: Ursaluna|12\/100 brn\n|-unboost|p2a: Chi-Yu|spa|2\n|move|p1a: Ursaluna|Facade|p2a: Chi-Yu\n|-damage|p2a: Chi-Yu|0 fnt\n|faint|p2a: Chi-Yu\n|\n|-damage|p1a: Ursaluna|6\/100 brn|[from] brn\n|upkeep\n|j| Big Chungus irl\n|\n|t:|1700768259\n|switch|p2a: Baxcalibur|Baxcalibur, M|100\/100\n|-damage|p2a: Baxcalibur|76\/100|[from] Stealth Rock\n|turn|14\n|\n|t:|1700768262\n|move|p2a: Baxcalibur|Scale Shot|p1a: Ursaluna\n|-damage|p1a: Ursaluna|0 fnt\n|faint|p1a: Ursaluna\n|-hitcount|p1: Ursaluna|1\n|-unboost|p2a: Baxcalibur|def|1\n|-boost|p2a: Baxcalibur|spe|1\n|\n|upkeep\n|\n|t:|1700768265\n|switch|p1a: Magearna|Magearna|100\/100\n|turn|15\n|\n|t:|1700768269\n|move|p2a: Baxcalibur|Earthquake|p1a: Magearna\n|-supereffective|p1a: Magearna\n|-damage|p1a: Magearna|54\/100\n|move|p1a: Magearna|Fleur Cannon|p2a: Baxcalibur\n|-supereffective|p2a: Baxcalibur\n|-damage|p2a: Baxcalibur|0 fnt\n|-unboost|p1a: Magearna|spa|2\n|-enditem|p1a: Magearna|Eject Pack\n|faint|p2a: Baxcalibur\n|-ability|p1a: Magearna|Soul-Heart|boost\n|-boost|p1a: Magearna|spa|1\n|\n|t:|1700768272\n|switch|p1a: Orthworm|Orthworm, M|5\/100\n|\n|upkeep\n|\n|t:|1700768278\n|switch|p2a: Garganacl|Garganacl, F|100\/100\n|-damage|p2a: Garganacl|88\/100|[from] Stealth Rock\n|turn|16\n|\n|t:|1700768281\n|move|p1a: Orthworm|Body Press|p2a: Garganacl\n|-supereffective|p2a: Garganacl\n|-damage|p2a: Garganacl|52\/100\n|move|p2a: Garganacl|Salt Cure|p1a: Orthworm\n|-resisted|p1a: Orthworm\n|-damage|p1a: Orthworm|1\/100\n|-start|p1a: Orthworm|Salt Cure\n|\n|-heal|p2a: Garganacl|58\/100|[from] item: Leftovers\n|-damage|p1a: Orthworm|0 fnt|[from] Salt Cure\n|faint|p1a: Orthworm\n|upkeep\n|\n|t:|1700768286\n|switch|p1a: Palkia|Palkia-Origin, shiny, tera:Fairy|65\/100\n|-ability|p1a: Palkia|Pressure\n|turn|17\n|c|\u2606Theminals|Think it\u2019s over\n|c|\u2606Theminals|gg\n|\n|t:|1700768293\n|move|p1a: Palkia|Spacial Rend|p2a: Garganacl\n|-damage|p2a: Garganacl|0 fnt\n|faint|p2a: Garganacl\n|\n|upkeep\n|\n|t:|1700768295\n|switch|p2a: Arceus|Arceus-Fire|65\/100\n|-damage|p2a: Arceus|40\/100|[from] Stealth Rock\n|turn|18\n|c|\u2606harmony6|Ggs\n|\n|t:|1700768299\n|move|p1a: Palkia|Earth Power|p2a: Arceus\n|-supereffective|p2a: Arceus\n|-damage|p2a: Arceus|9\/100\n|move|p2a: Arceus|Judgment|p1a: Palkia\n|-damage|p1a: Palkia|21\/100\n|\n|upkeep\n|turn|19\n|\n|t:|1700768301\n|move|p1a: Palkia|Earth Power|p2a: Arceus\n|-supereffective|p2a: Arceus\n|-damage|p2a: Arceus|0 fnt\n|faint|p2a: Arceus\n|\n|win|harmony6\n","uploadtime":1700768306,"views":25,"p1id":"harmony6","p2id":"theminals","formatid":"gen9ubers","rating":0,"private":0,"password":""}