{"id":"gen9ubers-1974329296","p1":"Anne Frankkkk","p2":"vannywanny","format":"[Gen 9] Ubers","log":"|j|\u2606Anne Frankkkk\n|j|\u2606vannywanny\n|t:|1698078335\n|gametype|singles\n|player|p1|Anne Frankkkk|hilbert|1144\n|player|p2|vannywanny|swimmerf|1045\n|teamsize|p1|6\n|teamsize|p2|6\n|gen|9\n|tier|[Gen 9] Ubers\n|rated|\n|rule|Sleep Clause Mod: Limit one foe put to sleep\n|rule|Species Clause: Limit one of each Pok\u00e9mon\n|rule|OHKO Clause: OHKO moves are banned\n|rule|Evasion Items Clause: Evasion items are banned\n|rule|Evasion Moves Clause: Evasion moves are banned\n|rule|Endless Battle Clause: Forcing endless battles is banned\n|rule|HP Percentage Mod: HP is shown in percentages\n|clearpoke\n|poke|p1|Iron Hands|\n|poke|p1|Kyogre|\n|poke|p1|Chien-Pao|\n|poke|p1|Ribombee, M|\n|poke|p1|Miraidon|\n|poke|p1|Flutter Mane|\n|poke|p2|Tyranitar, F|\n|poke|p2|Houndstone, M|\n|poke|p2|Iron Treads|\n|poke|p2|Pawmot, M|\n|poke|p2|Iron Bundle|\n|poke|p2|Miraidon|\n|teampreview\n|inactive|Battle timer is ON: inactive players will automatically lose when time's up. (requested by Anne Frankkkk)\n|\n|t:|1698078350\n|start\n|switch|p1a: Ribombee|Ribombee, M, shiny|100\/100\n|switch|p2a: Miraidon|Miraidon|100\/100\n|-fieldstart|move: Electric Terrain|[from] ability: Hadron Engine|[of] p2a: Miraidon\n|turn|1\n|\n|t:|1698078362\n|-terastallize|p2a: Miraidon|Electric\n|move|p2a: Miraidon|Volt Switch|p1a: Ribombee\n|-enditem|p1a: Ribombee|Focus Sash\n|-damage|p1a: Ribombee|1\/100\n|-damage|p2a: Miraidon|91\/100|[from] item: Life Orb\n|\n|t:|1698078386\n|switch|p2a: Iron Treads|Iron Treads|100\/100|[from] Volt Switch\n|-activate|p2a: Iron Treads|ability: Quark Drive\n|-start|p2a: Iron Treads|quarkdrivespe\n|move|p1a: Ribombee|Sticky Web|p2a: Iron Treads\n|-sidestart|p2: vannywanny|move: Sticky Web\n|\n|upkeep\n|turn|2\n|\n|t:|1698078404\n|switch|p1a: Flutter Mane|Flutter Mane, shiny|100\/100\n|-enditem|p1a: Flutter Mane|Booster Energy\n|-activate|p1a: Flutter Mane|ability: Protosynthesis|[fromitem]\n|-start|p1a: Flutter Mane|protosynthesisspe\n|move|p2a: Iron Treads|Rapid Spin|p1a: Flutter Mane\n|-immune|p1a: Flutter Mane\n|\n|upkeep\n|turn|3\n|\n|t:|1698078419\n|move|p1a: Flutter Mane|Shadow Ball|p2a: Iron Treads\n|-crit|p2a: Iron Treads\n|-damage|p2a: Iron Treads|5\/100\n|move|p2a: Iron Treads|Iron Head|p1a: Flutter Mane\n|-supereffective|p1a: Flutter Mane\n|-damage|p1a: Flutter Mane|0 fnt\n|faint|p1a: Flutter Mane\n|-end|p1a: Flutter Mane|Protosynthesis|[silent]\n|\n|upkeep\n|\n|t:|1698078428\n|switch|p1a: Iron Hands|Iron Hands, shiny|100\/100\n|-activate|p1a: Iron Hands|ability: Quark Drive\n|-start|p1a: Iron Hands|quarkdriveatk\n|turn|4\n|inactive|vannywanny has 120 seconds left.\n|\n|t:|1698078474\n|move|p1a: Iron Hands|Fake Out|p2a: Iron Treads\n|-resisted|p2a: Iron Treads\n|-damage|p2a: Iron Treads|0 fnt\n|faint|p2a: Iron Treads\n|-end|p2a: Iron Treads|Quark Drive|[silent]\n|\n|upkeep\n|inactive|vannywanny has 90 seconds left.\n|inactive|vannywanny has 60 seconds left.\n|\n|t:|1698078515\n|switch|p2a: Miraidon|Miraidon, tera:Electric|91\/100\n|-activate|p2a: Miraidon|move: Sticky Web\n|-unboost|p2a: Miraidon|spe|1\n|-activate|p2a: Miraidon|ability: Hadron Engine\n|turn|5\n|inactive|vannywanny has 60 seconds left.\n|\n|t:|1698078544\n|move|p2a: Miraidon|Draco Meteor|p1a: Iron Hands|[miss]\n|-miss|p2a: Miraidon|p1a: Iron Hands\n|move|p1a: Iron Hands|Drain Punch|p2a: Miraidon\n|-damage|p2a: Miraidon|30\/100\n|\n|-fieldend|move: Electric Terrain\n|-end|p1a: Iron Hands|Quark Drive\n|upkeep\n|turn|6\n|\n|t:|1698078551\n|move|p2a: Miraidon|Draco Meteor|p1a: Iron Hands\n|-damage|p1a: Iron Hands|49\/100\n|-unboost|p2a: Miraidon|spa|2\n|-damage|p2a: Miraidon|20\/100|[from] item: Life Orb\n|move|p1a: Iron Hands|Drain Punch|p2a: Miraidon\n|-damage|p2a: Miraidon|0 fnt\n|-heal|p1a: Iron Hands|56\/100|[from] drain|[of] p2a: Miraidon\n|faint|p2a: Miraidon\n|\n|upkeep\n|\n|t:|1698078567\n|switch|p2a: Houndstone|Houndstone, M|100\/100\n|-activate|p2a: Houndstone|move: Sticky Web\n|-unboost|p2a: Houndstone|spe|1\n|turn|7\n|\n|t:|1698078582\n|-end|p1a: Iron Hands|Quark Drive|[silent]\n|switch|p1a: Ribombee|Ribombee, M, shiny|1\/100\n|move|p2a: Houndstone|Last Respects|p1a: Ribombee\n|-damage|p1a: Ribombee|0 fnt\n|faint|p1a: Ribombee\n|-damage|p2a: Houndstone|91\/100|[from] item: Life Orb\n|\n|upkeep\n|\n|t:|1698078592\n|switch|p1a: Kyogre|Kyogre|100\/100\n|-weather|RainDance|[from] ability: Drizzle|[of] p1a: Kyogre\n|turn|8\n|\n|t:|1698078601\n|-terastallize|p1a: Kyogre|Water\n|move|p1a: Kyogre|Water Spout|p2a: Houndstone\n|-crit|p2a: Houndstone\n|-damage|p2a: Houndstone|0 fnt\n|faint|p2a: Houndstone\n|\n|-weather|RainDance|[upkeep]\n|upkeep\n|\n|t:|1698078617\n|switch|p2a: Pawmot|Pawmot, M|100\/100\n|-activate|p2a: Pawmot|move: Sticky Web\n|-unboost|p2a: Pawmot|spe|1\n|turn|9\n|\n|t:|1698078625\n|move|p1a: Kyogre|Water Spout|p2a: Pawmot\n|-damage|p2a: Pawmot|0 fnt\n|faint|p2a: Pawmot\n|\n|-weather|RainDance|[upkeep]\n|upkeep\n|inactive|vannywanny has 30 seconds left.\n|\n|t:|1698078646\n|switch|p2a: Iron Bundle|Iron Bundle|100\/100\n|-activate|p2a: Iron Bundle|move: Sticky Web\n|-unboost|p2a: Iron Bundle|spe|1\n|turn|10\n|inactive|vannywanny has 30 seconds left.\n|\n|t:|1698078653\n|move|p1a: Kyogre|Water Spout|p2a: Iron Bundle\n|-resisted|p2a: Iron Bundle\n|-damage|p2a: Iron Bundle|0 fnt\n|faint|p2a: Iron Bundle\n|-end|p2a: Iron Bundle|Quark Drive|[silent]\n|\n|-weather|RainDance|[upkeep]\n|upkeep\n|inactive|vannywanny has 30 seconds left.\n|\n|t:|1698078659\n|switch|p2a: Tyranitar|Tyranitar, F|100\/100\n|-activate|p2a: Tyranitar|move: Sticky Web\n|-unboost|p2a: Tyranitar|spe|1\n|-weather|Sandstorm|[from] ability: Sand Stream|[of] p2a: Tyranitar\n|turn|11\n|\n|t:|1698078665\n|switch|p1a: Iron Hands|Iron Hands, shiny|56\/100\n|move|p2a: Tyranitar|Earthquake|p1a: Iron Hands\n|-supereffective|p1a: Iron Hands\n|-damage|p1a: Iron Hands|19\/100\n|\n|-weather|Sandstorm|[upkeep]\n|-damage|p1a: Iron Hands|12\/100|[from] Sandstorm\n|upkeep\n|turn|12\n|\n|t:|1698078672\n|move|p1a: Iron Hands|Drain Punch|p2a: Tyranitar\n|-supereffective|p2a: Tyranitar\n|-damage|p2a: Tyranitar|0 fnt\n|-heal|p1a: Iron Hands|52\/100|[from] drain|[of] p2a: Tyranitar\n|faint|p2a: Tyranitar\n|\n|win|Anne Frankkkk\n|raw|Anne Frankkkk's rating: 1144 &rarr; <strong>1162<\/strong><br \/>(+18 for winning)\n|raw|vannywanny's rating: 1045 &rarr; <strong>1033<\/strong><br \/>(-12 for losing)\n|l|\u2606vannywanny\n","uploadtime":1698078680,"views":5,"p1id":"annefrankkkk","p2id":"vannywanny","formatid":"gen9ubers","rating":1033,"private":0,"password":""}