{"id":"gen9ubers-1992205598","p1":"Kinggavi","p2":"CARLESOC14504","format":"[Gen 9] Ubers","log":"|j|\u2606Kinggavi\n|j|\u2606CARLESOC14504\n|t:|1700163763\n|gametype|singles\n|player|p1|Kinggavi|marnie|1053\n|player|p2|CARLESOC14504|n|1059\n|teamsize|p1|6\n|teamsize|p2|6\n|gen|9\n|tier|[Gen 9] Ubers\n|rated|\n|rule|Sleep Clause Mod: Limit one foe put to sleep\n|rule|Species Clause: Limit one of each Pok\u00e9mon\n|rule|OHKO Clause: OHKO moves are banned\n|rule|Evasion Items Clause: Evasion items are banned\n|rule|Evasion Moves Clause: Evasion moves are banned\n|rule|Endless Battle Clause: Forcing endless battles is banned\n|rule|HP Percentage Mod: HP is shown in percentages\n|clearpoke\n|poke|p1|Empoleon, F|\n|poke|p1|Ribombee, M|\n|poke|p1|Kommo-o, M|\n|poke|p1|Meowscarada, F|\n|poke|p1|Iron Moth|\n|poke|p1|Zoroark-Hisui, F|\n|poke|p2|Ogerpon-Hearthflame, F|\n|poke|p2|Zoroark-Hisui, M|\n|poke|p2|Corviknight, F|\n|poke|p2|Toxapex, F|\n|poke|p2|Gliscor, M|\n|poke|p2|Dusclops, F|\n|teampreview\n|inactive|Battle timer is ON: inactive players will automatically lose when time's up. (requested by Kinggavi)\n|\n|t:|1700163783\n|start\n|switch|p1a: Ribombee|Ribombee, M, shiny|100\/100\n|switch|p2a: Gliscor|Gliscor, M|100\/100\n|turn|1\n|\n|t:|1700163791\n|move|p1a: Ribombee|Sticky Web|p2a: Gliscor\n|-sidestart|p2: CARLESOC14504|move: Sticky Web\n|move|p2a: Gliscor|Dual Wingbeat|p1a: Ribombee\n|-supereffective|p1a: Ribombee\n|-damage|p1a: Ribombee|45\/100\n|-supereffective|p1a: Ribombee\n|-damage|p1a: Ribombee|0 fnt\n|faint|p1a: Ribombee\n|-hitcount|p1: Ribombee|2\n|\n|-status|p2a: Gliscor|tox|[from] item: Toxic Orb\n|upkeep\n|\n|t:|1700163799\n|switch|p1a: Empoleon|Empoleon, F|100\/100\n|turn|2\n|\n|t:|1700163806\n|move|p1a: Empoleon|Ice Beam|p2a: Gliscor\n|-supereffective|p2a: Gliscor\n|-damage|p2a: Gliscor|0 fnt\n|faint|p2a: Gliscor\n|\n|upkeep\n|\n|t:|1700163826\n|switch|p2a: Ogerpon|Ogerpon-Hearthflame, F|100\/100\n|-activate|p2a: Ogerpon|move: Sticky Web\n|-unboost|p2a: Ogerpon|spe|1\n|-ability|p2a: Ogerpon|Mold Breaker\n|turn|3\n|\n|t:|1700163838\n|switch|p1a: Iron Moth|Iron Moth|100\/100\n|move|p2a: Ogerpon|Spiky Shield||[still]\n|-fail|p2a: Ogerpon\n|\n|upkeep\n|turn|4\n|\n|t:|1700163848\n|switch|p2a: Toxapex|Toxapex, F|100\/100\n|-activate|p2a: Toxapex|move: Sticky Web\n|-unboost|p2a: Toxapex|spe|1\n|move|p1a: Iron Moth|Bug Buzz|p2a: Toxapex\n|-resisted|p2a: Toxapex\n|-damage|p2a: Toxapex|78\/100\n|\n|-heal|p2a: Toxapex|84\/100|[from] item: Black Sludge\n|upkeep\n|turn|5\n|\n|t:|1700163860\n|-end|p1a: Iron Moth|Quark Drive|[silent]\n|switch|p1a: Meowscarada|Meowscarada, F, shiny|100\/100\n|move|p2a: Toxapex|Chilling Water|p1a: Meowscarada\n|-damage|p1a: Meowscarada|73\/100\n|-unboost|p1a: Meowscarada|atk|1\n|replace|p1a: Zoroark|Zoroark-Hisui, F, shiny\n|-end|p1a: Zoroark|Illusion\n|\n|-heal|p2a: Toxapex|90\/100|[from] item: Black Sludge\n|upkeep\n|turn|6\n|\n|t:|1700163871\n|move|p2a: Toxapex|Baneful Bunker|p2a: Toxapex\n|-singleturn|p2a: Toxapex|move: Protect\n|move|p1a: Zoroark|Shadow Ball|p2a: Toxapex\n|-activate|p2a: Toxapex|move: Protect\n|\n|-heal|p2a: Toxapex|96\/100|[from] item: Black Sludge\n|upkeep\n|turn|7\n|\n|t:|1700163879\n|move|p1a: Zoroark|Will-O-Wisp|p2a: Toxapex\n|-status|p2a: Toxapex|brn\n|move|p2a: Toxapex|Toxic|p1a: Zoroark\n|-status|p1a: Zoroark|tox\n|\n|-heal|p2a: Toxapex|100\/100 brn|[from] item: Black Sludge\n|-damage|p1a: Zoroark|67\/100 tox|[from] psn\n|-damage|p2a: Toxapex|94\/100 brn|[from] brn\n|upkeep\n|turn|8\n|\n|t:|1700163895\n|switch|p1a: Kommo-o|Kommo-o, M|100\/100\n|move|p2a: Toxapex|Venoshock|p1a: Kommo-o\n|-damage|p1a: Kommo-o|82\/100\n|\n|-heal|p1a: Kommo-o|88\/100|[from] item: Leftovers\n|-heal|p2a: Toxapex|100\/100 brn|[from] item: Black Sludge\n|-damage|p2a: Toxapex|94\/100 brn|[from] brn\n|upkeep\n|turn|9\n|\n|t:|1700163906\n|move|p1a: Kommo-o|Clangorous Soul|p1a: Kommo-o\n|-boost|p1a: Kommo-o|atk|1\n|-boost|p1a: Kommo-o|def|1\n|-boost|p1a: Kommo-o|spa|1\n|-boost|p1a: Kommo-o|spd|1\n|-boost|p1a: Kommo-o|spe|1\n|-damage|p1a: Kommo-o|55\/100\n|move|p2a: Toxapex|Toxic|p1a: Kommo-o\n|-status|p1a: Kommo-o|tox\n|\n|-heal|p1a: Kommo-o|61\/100 tox|[from] item: Leftovers\n|-heal|p2a: Toxapex|100\/100 brn|[from] item: Black Sludge\n|-damage|p1a: Kommo-o|55\/100 tox|[from] psn\n|-damage|p2a: Toxapex|94\/100 brn|[from] brn\n|upkeep\n|turn|10\n|\n|t:|1700163930\n|move|p1a: Kommo-o|Earthquake|p2a: Toxapex\n|-supereffective|p2a: Toxapex\n|-damage|p2a: Toxapex|10\/100 brn\n|move|p2a: Toxapex|Venoshock|p1a: Kommo-o\n|-damage|p1a: Kommo-o|28\/100 tox\n|\n|-heal|p1a: Kommo-o|35\/100 tox|[from] item: Leftovers\n|-heal|p2a: Toxapex|16\/100 brn|[from] item: Black Sludge\n|-damage|p1a: Kommo-o|22\/100 tox|[from] psn\n|-damage|p2a: Toxapex|10\/100 brn|[from] brn\n|upkeep\n|turn|11\n|\n|t:|1700163943\n|move|p2a: Toxapex|Baneful Bunker|p2a: Toxapex\n|-singleturn|p2a: Toxapex|move: Protect\n|move|p1a: Kommo-o|Earthquake|p2a: Toxapex\n|-activate|p2a: Toxapex|move: Protect\n|\n|-heal|p1a: Kommo-o|28\/100 tox|[from] item: Leftovers\n|-heal|p2a: Toxapex|16\/100 brn|[from] item: Black Sludge\n|-damage|p1a: Kommo-o|10\/100 tox|[from] psn\n|-damage|p2a: Toxapex|10\/100 brn|[from] brn\n|upkeep\n|turn|12\n|\n|t:|1700163958\n|switch|p2a: Corviknight|Corviknight, F|100\/100\n|move|p1a: Kommo-o|Drain Punch|p2a: Corviknight\n|-damage|p2a: Corviknight|59\/100\n|-heal|p1a: Kommo-o|34\/100 tox|[from] drain|[of] p2a: Corviknight\n|\n|-heal|p1a: Kommo-o|40\/100 tox|[from] item: Leftovers\n|-heal|p2a: Corviknight|65\/100|[from] item: Leftovers\n|-damage|p1a: Kommo-o|16\/100 tox|[from] psn\n|upkeep\n|turn|13\n|\n|t:|1700163971\n|move|p1a: Kommo-o|Drain Punch|p2a: Corviknight\n|-crit|p2a: Corviknight\n|-damage|p2a: Corviknight|5\/100\n|-heal|p1a: Kommo-o|50\/100 tox|[from] drain|[of] p2a: Corviknight\n|move|p2a: Corviknight|Roost|p2a: Corviknight\n|-heal|p2a: Corviknight|55\/100\n|-singleturn|p2a: Corviknight|move: Roost\n|\n|-heal|p1a: Kommo-o|57\/100 tox|[from] item: Leftovers\n|-heal|p2a: Corviknight|61\/100|[from] item: Leftovers\n|-damage|p1a: Kommo-o|26\/100 tox|[from] psn\n|upkeep\n|turn|14\n|\n|t:|1700163984\n|switch|p2a: Dusclops|Dusclops, F, shiny|100\/100\n|-activate|p2a: Dusclops|move: Sticky Web\n|-unboost|p2a: Dusclops|spe|1\n|-item|p1a: Kommo-o|Leftovers|[from] ability: Frisk|[of] p2a: Dusclops|[identify]\n|move|p1a: Kommo-o|Drain Punch|p2a: Dusclops\n|-immune|p2a: Dusclops\n|\n|-heal|p1a: Kommo-o|32\/100 tox|[from] item: Leftovers\n|-damage|p1a: Kommo-o|0 fnt|[from] psn\n|faint|p1a: Kommo-o\n|upkeep\n|\n|t:|1700163989\n|switch|p1a: Meowscarada|Meowscarada, F, shiny|67\/100 tox\n|turn|15\n|\n|t:|1700164011\n|switch|p2a: Ogerpon|Ogerpon-Hearthflame, F|100\/100\n|-activate|p2a: Ogerpon|move: Sticky Web\n|-unboost|p2a: Ogerpon|spe|1\n|-ability|p2a: Ogerpon|Mold Breaker\n|move|p1a: Meowscarada|Dark Pulse|p2a: Ogerpon\n|-crit|p2a: Ogerpon\n|-damage|p2a: Ogerpon|56\/100\n|\n|-damage|p1a: Meowscarada|61\/100 tox|[from] psn\n|upkeep\n|turn|16\n|\n|t:|1700164026\n|switch|p1a: Iron Moth|Iron Moth|100\/100\n|-terastallize|p2a: Ogerpon|Fire\n|detailschange|p2a: Ogerpon|Ogerpon-Hearthflame-Tera, F, tera:Fire\n|-ability|p2a: Ogerpon|Embody Aspect (Hearthflame)|boost\n|-boost|p2a: Ogerpon|atk|1\n|move|p2a: Ogerpon|Horn Leech|p1a: Iron Moth\n|-resisted|p1a: Iron Moth\n|-damage|p1a: Iron Moth|75\/100\n|-heal|p2a: Ogerpon|69\/100|[from] drain|[of] p1a: Iron Moth\n|\n|upkeep\n|turn|17\n|\n|t:|1700164040\n|-terastallize|p1a: Iron Moth|Electric\n|move|p2a: Ogerpon|Spiky Shield|p2a: Ogerpon\n|-singleturn|p2a: Ogerpon|move: Protect\n|move|p1a: Iron Moth|Discharge|p2a: Ogerpon\n|-activate|p2a: Ogerpon|move: Protect\n|\n|upkeep\n|turn|18\n|\n|t:|1700164049\n|move|p1a: Iron Moth|Discharge|p2a: Ogerpon\n|-damage|p2a: Ogerpon|0 fnt\n|faint|p2a: Ogerpon\n|\n|upkeep\n|\n|t:|1700164060\n|switch|p2a: Dusclops|Dusclops, F, shiny|100\/100\n|-activate|p2a: Dusclops|move: Sticky Web\n|-unboost|p2a: Dusclops|spe|1\n|turn|19\n|\n|t:|1700164072\n|-end|p1a: Iron Moth|Quark Drive|[silent]\n|switch|p1a: Meowscarada|Meowscarada, F, shiny|61\/100 tox\n|move|p2a: Dusclops|Poltergeist|p1a: Meowscarada\n|-immune|p1a: Meowscarada\n|\n|-damage|p1a: Meowscarada|55\/100 tox|[from] psn\n|upkeep\n|turn|20\n|\n|t:|1700164082\n|move|p1a: Meowscarada|Dark Pulse|p2a: Dusclops\n|-supereffective|p2a: Dusclops\n|-enditem|p2a: Dusclops|Focus Sash\n|-damage|p2a: Dusclops|1\/100\n|replace|p2a: Zoroark|Zoroark-Hisui, M, shiny\n|-end|p2a: Zoroark|Illusion\n|cant|p2a: Zoroark|flinch\n|\n|-damage|p1a: Meowscarada|43\/100 tox|[from] psn\n|upkeep\n|turn|21\n|\n|t:|1700164101\n|switch|p2a: Corviknight|Corviknight, F|61\/100\n|move|p1a: Meowscarada|Dark Pulse|p2a: Corviknight\n|-damage|p2a: Corviknight|37\/100\n|\n|-heal|p2a: Corviknight|43\/100|[from] item: Leftovers\n|-damage|p1a: Meowscarada|25\/100 tox|[from] psn\n|upkeep\n|turn|22\n|\n|t:|1700164111\n|move|p1a: Meowscarada|Flamethrower|p2a: Corviknight\n|-supereffective|p2a: Corviknight\n|-damage|p2a: Corviknight|0 fnt\n|faint|p2a: Corviknight\n|\n|-damage|p1a: Meowscarada|1\/100 tox|[from] psn\n|upkeep\n|inactive|CARLESOC14504 has 120 seconds left.\n|\n|t:|1700164132\n|switch|p2a: Dusclops|Dusclops, F, shiny|100\/100\n|-activate|p2a: Dusclops|move: Sticky Web\n|-unboost|p2a: Dusclops|spe|1\n|-item|p1a: Meowscarada|Spell Tag|[from] ability: Frisk|[of] p2a: Dusclops|[identify]\n|turn|23\n|\n|t:|1700164138\n|move|p2a: Dusclops|Shadow Sneak|p1a: Meowscarada\n|-immune|p1a: Meowscarada\n|move|p1a: Meowscarada|Shadow Ball|p2a: Dusclops\n|-supereffective|p2a: Dusclops\n|-damage|p2a: Dusclops|34\/100\n|\n|-damage|p1a: Meowscarada|0 fnt|[from] psn\n|faint|p1a: Meowscarada\n|upkeep\n|\n|t:|1700164142\n|switch|p1a: Meowscarada|Meowscarada, F, shiny|100\/100\n|turn|24\n|-message|CARLESOC14504 forfeited.\n|\n|win|Kinggavi\n|raw|Kinggavi's rating: 1053 &rarr; <strong>1086<\/strong><br \/>(+33 for winning)\n|raw|CARLESOC14504's rating: 1059 &rarr; <strong>1040<\/strong><br \/>(-19 for losing)\n|l|\u2606CARLESOC14504\n","uploadtime":1700164159,"views":20,"p1id":"kinggavi","p2id":"carlesoc14504","formatid":"gen9ubers","rating":1040,"private":0,"password":""}