{"id":"gen9ubers-1992596097","p1":"aus nz vic3","p2":"qoewrpja","format":"[Gen 9] Ubers","log":"|j|\u2606aus nz vic3\n|j|\u2606qoewrpja\n|t:|1700211998\n|gametype|singles\n|player|p1|aus nz vic3|169|1244\n|player|p2|qoewrpja|jasmine-gen2|1271\n|teamsize|p1|6\n|teamsize|p2|6\n|gen|9\n|tier|[Gen 9] Ubers\n|rated|\n|rule|Sleep Clause Mod: Limit one foe put to sleep\n|rule|Species Clause: Limit one of each Pok\u00e9mon\n|rule|OHKO Clause: OHKO moves are banned\n|rule|Evasion Items Clause: Evasion items are banned\n|rule|Evasion Moves Clause: Evasion moves are banned\n|rule|Endless Battle Clause: Forcing endless battles is banned\n|rule|HP Percentage Mod: HP is shown in percentages\n|clearpoke\n|poke|p1|Grimmsnarl, M|\n|poke|p1|Miraidon|\n|poke|p1|Chien-Pao|\n|poke|p1|Flutter Mane|\n|poke|p1|Koraidon|\n|poke|p1|Ditto|\n|poke|p2|Koraidon|\n|poke|p2|Arceus-Fire|\n|poke|p2|Miraidon|\n|poke|p2|Clodsire, F|\n|poke|p2|Giratina-Origin|\n|poke|p2|Kyogre|\n|teampreview\n|inactive|Battle timer is ON: inactive players will automatically lose when time's up. (requested by aus nz vic3)\n|\n|t:|1700212031\n|start\n|switch|p1a: Grimmsnarl|Grimmsnarl, M|100\/100\n|switch|p2a: Miraidon|Miraidon|100\/100\n|-fieldstart|move: Electric Terrain|[from] ability: Hadron Engine|[of] p2a: Miraidon\n|turn|1\n|\n|t:|1700212044\n|move|p1a: Grimmsnarl|Light Screen|p1a: Grimmsnarl\n|-sidestart|p1: aus nz vic3|move: Light Screen\n|move|p2a: Miraidon|Electro Drift|p1a: Grimmsnarl\n|-damage|p1a: Grimmsnarl|50\/100\n|\n|upkeep\n|turn|2\n|inactive|qoewrpja has 120 seconds left.\n|\n|t:|1700212074\n|switch|p2a: Clodsire|Clodsire, F|100\/100\n|move|p1a: Grimmsnarl|Parting Shot|p2a: Clodsire\n|-unboost|p2a: Clodsire|atk|1\n|-unboost|p2a: Clodsire|spa|1\n|\n|t:|1700212082\n|switch|p1a: Flutter Mane|Flutter Mane|100\/100|[from] Parting Shot\n|\n|upkeep\n|turn|3\n|inactive|qoewrpja has 120 seconds left.\n|\n|t:|1700212106\n|move|p1a: Flutter Mane|Psyshock|p2a: Clodsire\n|-supereffective|p2a: Clodsire\n|-damage|p2a: Clodsire|13\/100\n|-damage|p1a: Flutter Mane|91\/100|[from] item: Life Orb\n|move|p2a: Clodsire|Spikes|p1a: Flutter Mane\n|-sidestart|p1: aus nz vic3|Spikes\n|\n|-heal|p2a: Clodsire|19\/100|[from] item: Leftovers\n|upkeep\n|turn|4\n|inactive|qoewrpja has 120 seconds left.\n|\n|t:|1700212118\n|switch|p2a: Arceus|Arceus-Fire|100\/100\n|move|p1a: Flutter Mane|Moonblast|p2a: Arceus\n|-resisted|p2a: Arceus\n|-damage|p2a: Arceus|79\/100\n|-unboost|p2a: Arceus|spa|1\n|-damage|p1a: Flutter Mane|81\/100|[from] item: Life Orb\n|\n|upkeep\n|turn|5\n|inactive|qoewrpja has 120 seconds left.\n|\n|t:|1700212139\n|move|p1a: Flutter Mane|Calm Mind|p1a: Flutter Mane\n|-boost|p1a: Flutter Mane|spa|1\n|-boost|p1a: Flutter Mane|spd|1\n|move|p2a: Arceus|Flare Blitz|p1a: Flutter Mane\n|-damage|p1a: Flutter Mane|0 fnt\n|faint|p1a: Flutter Mane\n|-end|p1a: Flutter Mane|Protosynthesis|[silent]\n|-damage|p2a: Arceus|64\/100|[from] Recoil\n|\n|-fieldend|move: Electric Terrain\n|upkeep\n|\n|t:|1700212149\n|switch|p1a: Grimmsnarl|Grimmsnarl, M|50\/100\n|-damage|p1a: Grimmsnarl|38\/100|[from] Spikes\n|turn|6\n|\n|t:|1700212164\n|move|p1a: Grimmsnarl|Reflect|p1a: Grimmsnarl\n|-sidestart|p1: aus nz vic3|Reflect\n|move|p2a: Arceus|Dragon Dance|p2a: Arceus\n|-boost|p2a: Arceus|atk|1\n|-boost|p2a: Arceus|spe|1\n|\n|upkeep\n|turn|7\n|\n|t:|1700212172\n|move|p1a: Grimmsnarl|Taunt|p2a: Arceus\n|-start|p2a: Arceus|move: Taunt\n|move|p2a: Arceus|Flare Blitz|p1a: Grimmsnarl\n|-damage|p1a: Grimmsnarl|0 fnt\n|faint|p1a: Grimmsnarl\n|-damage|p2a: Arceus|53\/100|[from] Recoil\n|\n|upkeep\n|\n|t:|1700212185\n|switch|p1a: Ditto|Ditto|100\/100\n|-damage|p1a: Ditto|88\/100|[from] Spikes\n|-transform|p1a: Ditto|p2a: Arceus|[from] ability: Imposter\n|turn|8\n|inactive|qoewrpja has 120 seconds left.\n|\n|t:|1700212205\n|switch|p2a: Miraidon|Miraidon|100\/100\n|-fieldstart|move: Electric Terrain|[from] ability: Hadron Engine|[of] p2a: Miraidon\n|move|p1a: Ditto|Outrage|p2a: Miraidon\n|-supereffective|p2a: Miraidon\n|-damage|p2a: Miraidon|0 fnt\n|faint|p2a: Miraidon\n|\n|-sideend|p1: aus nz vic3|move: Light Screen\n|upkeep\n|\n|t:|1700212217\n|switch|p2a: Kyogre|Kyogre|100\/100\n|-weather|RainDance|[from] ability: Drizzle|[of] p2a: Kyogre\n|turn|9\n|inactive|qoewrpja has 90 seconds left.\n|\n|t:|1700212247\n|-terastallize|p2a: Kyogre|Fairy\n|move|p1a: Ditto|Outrage|p2a: Kyogre|[from]lockedmove\n|-immune|p2a: Kyogre\n|-start|p1a: Ditto|confusion|[fatigue]\n|move|p2a: Kyogre|Calm Mind|p2a: Kyogre\n|-boost|p2a: Kyogre|spa|1\n|-boost|p2a: Kyogre|spd|1\n|\n|-weather|RainDance|[upkeep]\n|upkeep\n|turn|10\n|inactive|qoewrpja has 90 seconds left.\n|\n|t:|1700212265\n|switch|p1a: Koraidon|Koraidon|100\/100\n|-damage|p1a: Koraidon|88\/100|[from] Spikes\n|-weather|SunnyDay|[from] ability: Orichalcum Pulse|[of] p1a: Koraidon\n|-activate|p1a: Koraidon|Orichalcum Pulse|[source]\n|move|p2a: Kyogre|Calm Mind|p2a: Kyogre\n|-boost|p2a: Kyogre|spa|1\n|-boost|p2a: Kyogre|spd|1\n|\n|-weather|SunnyDay|[upkeep]\n|upkeep\n|turn|11\n|inactive|qoewrpja has 90 seconds left.\n|\n|t:|1700212274\n|move|p1a: Koraidon|Low Kick|p2a: Kyogre\n|-resisted|p2a: Kyogre\n|-damage|p2a: Kyogre|70\/100\n|move|p2a: Kyogre|Ice Beam|p1a: Koraidon\n|-supereffective|p1a: Koraidon\n|-damage|p1a: Koraidon|0 fnt\n|faint|p1a: Koraidon\n|\n|-weather|SunnyDay|[upkeep]\n|-heal|p2a: Kyogre|76\/100|[from] item: Leftovers\n|upkeep\n|\n|t:|1700212286\n|switch|p1a: Chien-Pao|Chien-Pao|100\/100\n|-damage|p1a: Chien-Pao|88\/100|[from] Spikes\n|-ability|p1a: Chien-Pao|Sword of Ruin\n|turn|12\n|inactive|qoewrpja has 90 seconds left.\n|\n|t:|1700212311\n|move|p1a: Chien-Pao|Crunch|p2a: Kyogre\n|-resisted|p2a: Kyogre\n|-damage|p2a: Kyogre|60\/100\n|-unboost|p2a: Kyogre|def|1\n|move|p2a: Kyogre|Origin Pulse|p1a: Chien-Pao\n|-damage|p1a: Chien-Pao|0 fnt\n|faint|p1a: Chien-Pao\n|\n|-weather|SunnyDay|[upkeep]\n|-heal|p2a: Kyogre|67\/100|[from] item: Leftovers\n|-fieldend|move: Electric Terrain\n|upkeep\n|\n|t:|1700212318\n|switch|p1a: Miraidon|Miraidon|100\/100\n|-damage|p1a: Miraidon|88\/100|[from] Spikes\n|-fieldstart|move: Electric Terrain|[from] ability: Hadron Engine|[of] p1a: Miraidon\n|turn|13\n|inactive|qoewrpja has 90 seconds left.\n|\n|t:|1700212329\n|move|p1a: Miraidon|Agility|p1a: Miraidon\n|-boost|p1a: Miraidon|spe|2\n|move|p2a: Kyogre|Ice Beam|p1a: Miraidon\n|-supereffective|p1a: Miraidon\n|-damage|p1a: Miraidon|4\/100\n|-enditem|p1a: Miraidon|Weakness Policy\n|-boost|p1a: Miraidon|atk|2|[from] item: Weakness Policy\n|-boost|p1a: Miraidon|spa|2|[from] item: Weakness Policy\n|\n|-weather|SunnyDay|[upkeep]\n|-heal|p2a: Kyogre|73\/100|[from] item: Leftovers\n|-sideend|p1: aus nz vic3|Reflect\n|upkeep\n|turn|14\n|inactive|qoewrpja has 90 seconds left.\n|\n|t:|1700212348\n|-terastallize|p1a: Miraidon|Electric\n|move|p1a: Miraidon|Parabolic Charge|p2a: Kyogre\n|-damage|p2a: Kyogre|15\/100\n|-heal|p1a: Miraidon|33\/100|[from] drain|[of] p2a: Kyogre\n|move|p2a: Kyogre|Ice Beam|p1a: Miraidon\n|-damage|p1a: Miraidon|0 fnt\n|faint|p1a: Miraidon\n|\n|-weather|none\n|-heal|p2a: Kyogre|21\/100|[from] item: Leftovers\n|upkeep\n|\n|t:|1700212356\n|switch|p1a: Ditto|Ditto|88\/100\n|-damage|p1a: Ditto|76\/100|[from] Spikes\n|-transform|p1a: Ditto|p2a: Kyogre|[from] ability: Imposter\n|-weather|RainDance|[from] ability: Drizzle|[of] p1a: Ditto\n|-start|p1a: Ditto|typechange|Water|[silent]\n|turn|15\n|inactive|qoewrpja has 90 seconds left.\n|\n|t:|1700212376\n|move|p1a: Ditto|Ice Beam|p2a: Kyogre\n|-damage|p2a: Kyogre|1\/100\n|move|p2a: Kyogre|Thunder|p1a: Ditto\n|-supereffective|p1a: Ditto\n|-damage|p1a: Ditto|0 fnt\n|faint|p1a: Ditto\n|\n|win|qoewrpja\n|raw|aus nz vic3's rating: 1244 &rarr; <strong>1221<\/strong><br \/>(-23 for losing)\n|raw|qoewrpja's rating: 1271 &rarr; <strong>1294<\/strong><br \/>(+23 for winning)\n|l|\u2606aus nz vic3\n","uploadtime":1700212382,"views":7,"p1id":"ausnzvic3","p2id":"qoewrpja","formatid":"gen9ubers","rating":1221,"private":0,"password":""}