{"id":"gen9ubers-1977773197","p1":"abieloto","p2":"DumbassGaming","format":"[Gen 9] Ubers","log":"|j|\u2606abieloto\n|j|\u2606DumbassGaming\n|t:|1698447884\n|gametype|singles\n|player|p1|abieloto|elesa|\n|player|p2|DumbassGaming|clown|\n|teamsize|p1|6\n|teamsize|p2|6\n|gen|9\n|tier|[Gen 9] Ubers\n|rule|Sleep Clause Mod: Limit one foe put to sleep\n|rule|Species Clause: Limit one of each Pok\u00e9mon\n|rule|OHKO Clause: OHKO moves are banned\n|rule|Evasion Items Clause: Evasion items are banned\n|rule|Evasion Moves Clause: Evasion moves are banned\n|rule|Endless Battle Clause: Forcing endless battles is banned\n|rule|HP Percentage Mod: HP is shown in percentages\n|clearpoke\n|poke|p1|Basculegion-F, F|\n|poke|p1|Urshifu-*, F|\n|poke|p1|Giratina|\n|poke|p1|Volcarona, M|\n|poke|p1|Magearna|\n|poke|p1|Pelipper, F|\n|poke|p2|Blissey, F|\n|poke|p2|Giratina|\n|poke|p2|Dondozo, M|\n|poke|p2|Gliscor, M|\n|poke|p2|Dialga-Origin|\n|poke|p2|Alomomola, M|\n|teampreview\n|inactive|Battle timer is ON: inactive players will automatically lose when time's up. (requested by DumbassGaming)\n|c|\u2606DumbassGaming|GLHF\n|\n|t:|1698447901\n|start\n|switch|p1a: Urshifu|Urshifu, F|100\/100\n|switch|p2a: Dondozo|Dondozo, M|100\/100\n|turn|1\n|c|\u2606abieloto|u2\n|\n|t:|1698447916\n|move|p1a: Urshifu|U-turn|p2a: Dondozo\n|-damage|p2a: Dondozo|85\/100\n|\n|t:|1698447921\n|switch|p1a: Giratina|Giratina|100\/100|[from] U-turn\n|-ability|p1a: Giratina|Pressure\n|move|p2a: Dondozo|Curse|p2a: Dondozo\n|-unboost|p2a: Dondozo|spe|1\n|-boost|p2a: Dondozo|atk|1\n|-boost|p2a: Dondozo|def|1\n|\n|-heal|p2a: Dondozo|92\/100|[from] item: Leftovers\n|upkeep\n|turn|2\n|\n|t:|1698447928\n|move|p1a: Giratina|Will-O-Wisp|p2a: Dondozo\n|-immune|p2a: Dondozo|[from] ability: Water Veil\n|move|p2a: Dondozo|Order Up|p1a: Giratina\n|-supereffective|p1a: Giratina\n|-damage|p1a: Giratina|59\/100\n|\n|-heal|p2a: Dondozo|98\/100|[from] item: Leftovers\n|upkeep\n|turn|3\n|\n|t:|1698447932\n|move|p2a: Dondozo|Curse|p2a: Dondozo\n|-unboost|p2a: Dondozo|spe|1\n|-boost|p2a: Dondozo|atk|1\n|-boost|p2a: Dondozo|def|1\n|move|p1a: Giratina|Dragon Tail|p2a: Dondozo\n|-damage|p2a: Dondozo|91\/100\n|drag|p2a: Giratina|Giratina|100\/100\n|-ability|p2a: Giratina|Pressure\n|\n|upkeep\n|turn|4\n|\n|t:|1698447938\n|switch|p1a: Magearna|Magearna|100\/100\n|move|p2a: Giratina|Shadow Ball|p1a: Magearna\n|-damage|p1a: Magearna|71\/100\n|-unboost|p1a: Magearna|spd|1\n|\n|-heal|p1a: Magearna|77\/100|[from] item: Leftovers\n|upkeep\n|turn|5\n|\n|t:|1698447942\n|move|p2a: Giratina|Calm Mind|p2a: Giratina\n|-boost|p2a: Giratina|spa|1\n|-boost|p2a: Giratina|spd|1\n|move|p1a: Magearna|Calm Mind|p1a: Magearna\n|-boost|p1a: Magearna|spa|1\n|-boost|p1a: Magearna|spd|1\n|\n|-heal|p1a: Magearna|83\/100|[from] item: Leftovers\n|upkeep\n|turn|6\n|\n|t:|1698447944\n|move|p2a: Giratina|Calm Mind|p2a: Giratina\n|-boost|p2a: Giratina|spa|1\n|-boost|p2a: Giratina|spd|1\n|move|p1a: Magearna|Calm Mind|p1a: Magearna\n|-boost|p1a: Magearna|spa|1\n|-boost|p1a: Magearna|spd|1\n|\n|-heal|p1a: Magearna|89\/100|[from] item: Leftovers\n|upkeep\n|turn|7\n|\n|t:|1698447947\n|move|p2a: Giratina|Shadow Ball|p1a: Magearna\n|-damage|p1a: Magearna|48\/100\n|move|p1a: Magearna|Calm Mind|p1a: Magearna\n|-boost|p1a: Magearna|spa|1\n|-boost|p1a: Magearna|spd|1\n|\n|-heal|p1a: Magearna|54\/100|[from] item: Leftovers\n|upkeep\n|turn|8\n|\n|t:|1698447949\n|move|p2a: Giratina|Shadow Ball|p1a: Magearna\n|-damage|p1a: Magearna|22\/100\n|move|p1a: Magearna|Calm Mind|p1a: Magearna\n|-boost|p1a: Magearna|spa|1\n|-boost|p1a: Magearna|spd|1\n|\n|-heal|p1a: Magearna|28\/100|[from] item: Leftovers\n|upkeep\n|turn|9\n|j| PinkScourge\n|\n|t:|1698447952\n|move|p2a: Giratina|Shadow Ball|p1a: Magearna\n|-damage|p1a: Magearna|1\/100\n|move|p1a: Magearna|Draining Kiss|p2a: Giratina\n|-supereffective|p2a: Giratina\n|-damage|p2a: Giratina|61\/100\n|-heal|p1a: Magearna|42\/100|[from] drain|[of] p2a: Giratina\n|\n|-heal|p1a: Magearna|48\/100|[from] item: Leftovers\n|upkeep\n|turn|10\n|\n|t:|1698447955\n|move|p2a: Giratina|Shadow Ball|p1a: Magearna\n|-damage|p1a: Magearna|22\/100\n|move|p1a: Magearna|Draining Kiss|p2a: Giratina\n|-supereffective|p2a: Giratina\n|-damage|p2a: Giratina|24\/100\n|-heal|p1a: Magearna|61\/100|[from] drain|[of] p2a: Giratina\n|\n|-heal|p1a: Magearna|67\/100|[from] item: Leftovers\n|upkeep\n|turn|11\n|\n|t:|1698447960\n|move|p2a: Giratina|Pain Split|p1a: Magearna\n|-sethp|p1a: Magearna|50\/100|[from] move: Pain Split|[silent]\n|-sethp|p2a: Giratina|36\/100|[from] move: Pain Split\n|move|p1a: Magearna|Draining Kiss|p2a: Giratina\n|-supereffective|p2a: Giratina\n|-crit|p2a: Giratina\n|-damage|p2a: Giratina|0 fnt\n|-heal|p1a: Magearna|88\/100|[from] drain|[of] p2a: Giratina\n|faint|p2a: Giratina\n|-ability|p1a: Magearna|Soul-Heart|boost\n|-boost|p1a: Magearna|spa|1\n|\n|-heal|p1a: Magearna|94\/100|[from] item: Leftovers\n|upkeep\n|\n|t:|1698447965\n|switch|p2a: Gliscor|Gliscor, M|100\/100\n|turn|12\n|\n|t:|1698447971\n|move|p2a: Gliscor|Protect|p2a: Gliscor\n|-singleturn|p2a: Gliscor|Protect\n|move|p1a: Magearna|Stored Power|p2a: Gliscor\n|-activate|p2a: Gliscor|move: Protect\n|\n|-heal|p1a: Magearna|99\/100|[from] item: Leftovers\n|-status|p2a: Gliscor|tox|[from] item: Toxic Orb\n|upkeep\n|turn|13\n|\n|t:|1698447976\n|move|p2a: Gliscor|Earthquake|p1a: Magearna\n|-supereffective|p1a: Magearna\n|-damage|p1a: Magearna|49\/100\n|move|p1a: Magearna|Iron Defense|p1a: Magearna\n|-boost|p1a: Magearna|def|2\n|\n|-heal|p1a: Magearna|55\/100|[from] item: Leftovers\n|upkeep\n|turn|14\n|\n|t:|1698447981\n|move|p2a: Gliscor|Earthquake|p1a: Magearna\n|-supereffective|p1a: Magearna\n|-damage|p1a: Magearna|29\/100\n|move|p1a: Magearna|Draining Kiss|p2a: Gliscor\n|-damage|p2a: Gliscor|0 fnt\n|-heal|p1a: Magearna|89\/100|[from] drain|[of] p2a: Gliscor\n|faint|p2a: Gliscor\n|-ability|p1a: Magearna|Soul-Heart|boost\n|-boost|p1a: Magearna|spa|1\n|\n|-heal|p1a: Magearna|95\/100|[from] item: Leftovers\n|upkeep\n|\n|t:|1698447988\n|switch|p2a: Dondozo|Dondozo, M|91\/100\n|turn|15\n|\n|t:|1698447993\n|-terastallize|p2a: Dondozo|Poison\n|move|p1a: Magearna|Stored Power|p2a: Dondozo\n|-supereffective|p2a: Dondozo\n|-damage|p2a: Dondozo|0 fnt\n|faint|p2a: Dondozo\n|\n|-heal|p1a: Magearna|100\/100|[from] item: Leftovers\n|upkeep\n|c|\u2606DumbassGaming|gg\n|\n|t:|1698447999\n|switch|p2a: Blissey|Blissey, F|100\/100\n|turn|16\n|\n|t:|1698448008\n|move|p1a: Magearna|Stored Power|p2a: Blissey\n|-damage|p2a: Blissey|13\/100\n|move|p2a: Blissey|Calm Mind|p2a: Blissey\n|-boost|p2a: Blissey|spa|1\n|-boost|p2a: Blissey|spd|1\n|\n|-heal|p2a: Blissey|19\/100|[from] item: Leftovers\n|upkeep\n|turn|17\n|\n|t:|1698448013\n|move|p1a: Magearna|Stored Power|p2a: Blissey\n|-damage|p2a: Blissey|0 fnt\n|faint|p2a: Blissey\n|\n|upkeep\n|\n|t:|1698448016\n|switch|p2a: Alomomola|Alomomola, M|100\/100\n|turn|18\n|\n|t:|1698448019\n|move|p2a: Alomomola|Scald|p1a: Magearna\n|-damage|p1a: Magearna|96\/100\n|move|p1a: Magearna|Stored Power|p2a: Alomomola\n|-damage|p2a: Alomomola|0 fnt\n|faint|p2a: Alomomola\n|\n|-heal|p1a: Magearna|100\/100|[from] item: Leftovers\n|upkeep\n|\n|t:|1698448021\n|switch|p2a: Dialga|Dialga-Origin|100\/100\n|-ability|p2a: Dialga|Pressure\n|turn|19\n|\n|t:|1698448025\n|move|p2a: Dialga|Earth Power|p1a: Magearna\n|-supereffective|p1a: Magearna\n|-damage|p1a: Magearna|72\/100\n|move|p1a: Magearna|Stored Power|p2a: Dialga\n|-resisted|p2a: Dialga\n|-damage|p2a: Dialga|0 fnt\n|faint|p2a: Dialga\n|\n|win|abieloto\n|c|\u2606abieloto|gg\n|l|\u2606DumbassGaming\n","uploadtime":1698448037,"views":11,"p1id":"abieloto","p2id":"dumbassgaming","formatid":"gen9ubers","rating":0,"private":0,"password":""}