{"id":"gen9ubers-1995049716","p1":"Yin2","p2":"duriann","format":"[Gen 9] Ubers","log":"|j|\u2606Yin2\n|j|\u2606duriann\n|t:|1700517128\n|gametype|singles\n|player|p1|Yin2|102|1113\n|player|p2|duriann|liza|1126\n|teamsize|p1|6\n|teamsize|p2|6\n|gen|9\n|tier|[Gen 9] Ubers\n|rated|\n|rule|Sleep Clause Mod: Limit one foe put to sleep\n|rule|Species Clause: Limit one of each Pok\u00e9mon\n|rule|OHKO Clause: OHKO moves are banned\n|rule|Evasion Items Clause: Evasion items are banned\n|rule|Evasion Moves Clause: Evasion moves are banned\n|rule|Endless Battle Clause: Forcing endless battles is banned\n|rule|HP Percentage Mod: HP is shown in percentages\n|clearpoke\n|poke|p1|Calyrex-Ice|\n|poke|p1|Magearna|\n|poke|p1|Snorlax, M|\n|poke|p1|Conkeldurr, M|\n|poke|p1|Ursaluna-Bloodmoon, M|\n|poke|p1|Enamorus-Therian, F|\n|poke|p2|Mewtwo|\n|poke|p2|Iron Bundle|\n|poke|p2|Koraidon|\n|poke|p2|Roaring Moon|\n|poke|p2|Groudon|\n|poke|p2|Arceus|\n|teampreview\n|inactive|Battle timer is ON: inactive players will automatically lose when time's up. (requested by duriann)\n|inactive|Yin2 has 120 seconds left.\n|\n|t:|1700517171\n|start\n|switch|p1a: Magearna|Magearna|100\/100\n|switch|p2a: Mewtwo|Mewtwo|100\/100\n|-ability|p2a: Mewtwo|Unnerve\n|turn|1\n|\n|t:|1700517183\n|move|p2a: Mewtwo|Light Screen|p2a: Mewtwo\n|-sidestart|p2: duriann|move: Light Screen\n|move|p1a: Magearna|Trick Room|p1a: Magearna\n|-fieldstart|move: Trick Room|[of] p1a: Magearna\n|\n|upkeep\n|turn|2\n|\n|t:|1700517193\n|switch|p1a: Calyrex|Calyrex-Ice|100\/100\n|-ability|p1a: Calyrex|As One\n|-ability|p1a: Calyrex|Unnerve\n|move|p2a: Mewtwo|Will-O-Wisp|p1a: Calyrex\n|-status|p1a: Calyrex|brn\n|\n|-damage|p1a: Calyrex|94\/100 brn|[from] brn\n|upkeep\n|turn|3\n|\n|t:|1700517217\n|switch|p2a: Arceus|Arceus|100\/100\n|move|p1a: Calyrex|Glacial Lance|p2a: Arceus\n|-damage|p2a: Arceus|58\/100\n|-damage|p1a: Calyrex|84\/100 brn|[from] item: Life Orb\n|\n|-damage|p1a: Calyrex|78\/100 brn|[from] brn\n|upkeep\n|turn|4\n|\n|t:|1700517237\n|move|p1a: Calyrex|Glacial Lance|p2a: Arceus\n|-damage|p2a: Arceus|16\/100\n|-damage|p1a: Calyrex|68\/100 brn|[from] item: Life Orb\n|move|p2a: Arceus|Recover|p2a: Arceus\n|-heal|p2a: Arceus|66\/100\n|\n|-damage|p1a: Calyrex|62\/100 brn|[from] brn\n|upkeep\n|turn|5\n|\n|t:|1700517254\n|move|p2a: Arceus|Shadow Claw|p1a: Calyrex\n|-supereffective|p1a: Calyrex\n|-damage|p1a: Calyrex|21\/100 brn\n|-damage|p2a: Arceus|57\/100|[from] item: Life Orb\n|move|p1a: Calyrex|Roar|p2a: Arceus\n|drag|p2a: Roaring Moon|Roaring Moon|100\/100\n|\n|-damage|p1a: Calyrex|15\/100 brn|[from] brn\n|-sideend|p2: duriann|move: Light Screen\n|-fieldend|move: Trick Room\n|upkeep\n|turn|6\n|inactive|duriann has 120 seconds left.\n|\n|t:|1700517280\n|move|p2a: Roaring Moon|Iron Head|p1a: Calyrex\n|-supereffective|p1a: Calyrex\n|-damage|p1a: Calyrex|0 fnt\n|faint|p1a: Calyrex\n|\n|upkeep\n|\n|t:|1700517295\n|switch|p1a: Enamorus|Enamorus-Therian, F|100\/100\n|turn|7\n|inactive|duriann has 120 seconds left.\n|\n|t:|1700517306\n|-terastallize|p2a: Roaring Moon|Poison\n|move|p2a: Roaring Moon|Dragon Dance|p2a: Roaring Moon\n|-boost|p2a: Roaring Moon|atk|1\n|-boost|p2a: Roaring Moon|spe|1\n|move|p1a: Enamorus|Moonblast|p2a: Roaring Moon\n|-resisted|p2a: Roaring Moon\n|-damage|p2a: Roaring Moon|77\/100\n|\n|upkeep\n|turn|8\n|inactive|duriann has 120 seconds left.\n|\n|t:|1700517322\n|move|p2a: Roaring Moon|Iron Head|p1a: Enamorus\n|-supereffective|p1a: Enamorus\n|-damage|p1a: Enamorus|13\/100\n|move|p1a: Enamorus|Psychic|p2a: Roaring Moon\n|-supereffective|p2a: Roaring Moon\n|-damage|p2a: Roaring Moon|20\/100\n|-enditem|p2a: Roaring Moon|Sitrus Berry|[eat]\n|-heal|p2a: Roaring Moon|45\/100|[from] item: Sitrus Berry\n|\n|upkeep\n|turn|9\n|\n|t:|1700517336\n|move|p2a: Roaring Moon|Iron Head|p1a: Enamorus\n|-supereffective|p1a: Enamorus\n|-damage|p1a: Enamorus|0 fnt\n|faint|p1a: Enamorus\n|\n|upkeep\n|inactive|Yin2 has 120 seconds left.\n|\n|t:|1700517351\n|switch|p1a: Ursaluna|Ursaluna-Bloodmoon, M|100\/100\n|turn|10\n|inactive|Yin2 has 120 seconds left.\n|\n|t:|1700517371\n|move|p2a: Roaring Moon|Outrage|p1a: Ursaluna\n|-damage|p1a: Ursaluna|31\/100\n|move|p1a: Ursaluna|Blood Moon|p2a: Roaring Moon\n|-damage|p2a: Roaring Moon|0 fnt\n|faint|p2a: Roaring Moon\n|-end|p2a: Roaring Moon|Protosynthesis|[silent]\n|\n|upkeep\n|inactive|duriann has 120 seconds left.\n|\n|t:|1700517385\n|switch|p2a: Mewtwo|Mewtwo|100\/100\n|-ability|p2a: Mewtwo|Unnerve\n|turn|11\n|inactive|Yin2 has 120 seconds left.\n|\n|t:|1700517397\n|move|p2a: Mewtwo|Light Screen|p2a: Mewtwo\n|-sidestart|p2: duriann|move: Light Screen\n|move|p1a: Ursaluna|Hyper Voice|p2a: Mewtwo\n|-damage|p2a: Mewtwo|80\/100\n|\n|-heal|p2a: Mewtwo|86\/100|[from] item: Leftovers\n|upkeep\n|turn|12\n|inactive|Yin2 has 120 seconds left.\n|\n|t:|1700517407\n|move|p2a: Mewtwo|Aura Sphere|p1a: Ursaluna\n|-supereffective|p1a: Ursaluna\n|-damage|p1a: Ursaluna|0 fnt\n|faint|p1a: Ursaluna\n|\n|-heal|p2a: Mewtwo|92\/100|[from] item: Leftovers\n|upkeep\n|inactive|Yin2 has 120 seconds left.\n|\n|t:|1700517417\n|switch|p1a: Magearna|Magearna|100\/100\n|turn|13\n|inactive|Yin2 has 120 seconds left.\n|\n|t:|1700517427\n|move|p2a: Mewtwo|Will-O-Wisp|p1a: Magearna\n|-status|p1a: Magearna|brn\n|move|p1a: Magearna|Trick Room|p1a: Magearna\n|-fieldstart|move: Trick Room|[of] p1a: Magearna\n|\n|-heal|p2a: Mewtwo|98\/100|[from] item: Leftovers\n|-damage|p1a: Magearna|94\/100 brn|[from] brn\n|upkeep\n|turn|14\n|inactive|Yin2 has 120 seconds left.\n|\n|t:|1700517444\n|move|p1a: Magearna|Flash Cannon|p2a: Mewtwo\n|-crit|p2a: Mewtwo\n|-damage|p2a: Mewtwo|45\/100\n|move|p2a: Mewtwo|Aura Sphere|p1a: Magearna\n|-damage|p1a: Magearna|73\/100 brn\n|\n|-heal|p1a: Magearna|79\/100 brn|[from] item: Leftovers\n|-heal|p2a: Mewtwo|51\/100|[from] item: Leftovers\n|-damage|p1a: Magearna|73\/100 brn|[from] brn\n|upkeep\n|turn|15\n|inactive|Yin2 has 120 seconds left.\n|\n|t:|1700517453\n|move|p1a: Magearna|Flash Cannon|p2a: Mewtwo\n|-damage|p2a: Mewtwo|34\/100\n|move|p2a: Mewtwo|Recover|p2a: Mewtwo\n|-heal|p2a: Mewtwo|84\/100\n|\n|-heal|p1a: Magearna|79\/100 brn|[from] item: Leftovers\n|-heal|p2a: Mewtwo|90\/100|[from] item: Leftovers\n|-damage|p1a: Magearna|73\/100 brn|[from] brn\n|-sideend|p2: duriann|move: Light Screen\n|upkeep\n|turn|16\n|inactive|Yin2 has 120 seconds left.\n|\n|t:|1700517467\n|switch|p1a: Snorlax|Snorlax, M|100\/100\n|move|p2a: Mewtwo|Light Screen|p2a: Mewtwo\n|-sidestart|p2: duriann|move: Light Screen\n|\n|-heal|p2a: Mewtwo|96\/100|[from] item: Leftovers\n|upkeep\n|turn|17\n|inactive|Yin2 has 120 seconds left.\n|\n|t:|1700517504\n|-terastallize|p1a: Snorlax|Fighting\n|move|p1a: Snorlax|Belly Drum|p1a: Snorlax\n|-damage|p1a: Snorlax|50\/100\n|-setboost|p1a: Snorlax|atk|6|[from] move: Belly Drum\n|move|p2a: Mewtwo|Will-O-Wisp|p1a: Snorlax\n|-status|p1a: Snorlax|brn\n|\n|-heal|p2a: Mewtwo|100\/100|[from] item: Leftovers\n|-damage|p1a: Snorlax|44\/100 brn|[from] brn\n|-fieldend|move: Trick Room\n|upkeep\n|turn|18\n|\n|t:|1700517521\n|move|p2a: Mewtwo|Aura Sphere|p1a: Snorlax\n|-damage|p1a: Snorlax|27\/100 brn\n|move|p1a: Snorlax|Facade|p2a: Mewtwo\n|-damage|p2a: Mewtwo|0 fnt\n|-enditem|p1a: Snorlax|Aguav Berry|[eat]\n|-heal|p1a: Snorlax|60\/100 brn|[from] item: Aguav Berry\n|faint|p2a: Mewtwo\n|\n|-damage|p1a: Snorlax|54\/100 brn|[from] brn\n|upkeep\n|inactive|duriann has 120 seconds left.\n|\n|t:|1700517544\n|switch|p2a: Groudon|Groudon|100\/100\n|-weather|SunnyDay|[from] ability: Drought|[of] p2a: Groudon\n|turn|19\n|\n|t:|1700517556\n|move|p2a: Groudon|Precipice Blades|p1a: Snorlax\n|-damage|p1a: Snorlax|0 fnt\n|faint|p1a: Snorlax\n|\n|-weather|SunnyDay|[upkeep]\n|upkeep\n|\n|t:|1700517562\n|switch|p1a: Conkeldurr|Conkeldurr, M|100\/100\n|turn|20\n|\n|t:|1700517568\n|move|p2a: Groudon|Precipice Blades|p1a: Conkeldurr\n|-damage|p1a: Conkeldurr|40\/100\n|move|p1a: Conkeldurr|Ice Punch|p2a: Groudon\n|-supereffective|p2a: Groudon\n|-damage|p2a: Groudon|18\/100\n|\n|-weather|SunnyDay|[upkeep]\n|-heal|p2a: Groudon|24\/100|[from] item: Leftovers\n|-sideend|p2: duriann|move: Light Screen\n|upkeep\n|turn|21\n|\n|t:|1700517577\n|move|p2a: Groudon|Precipice Blades|p1a: Conkeldurr\n|-damage|p1a: Conkeldurr|0 fnt\n|faint|p1a: Conkeldurr\n|\n|-weather|SunnyDay|[upkeep]\n|-heal|p2a: Groudon|30\/100|[from] item: Leftovers\n|upkeep\n|\n|t:|1700517584\n|switch|p1a: Magearna|Magearna|73\/100 brn\n|turn|22\n|c|\u2606Yin2|gg\n|inactive|Yin2 has 120 seconds left.\n|\n|t:|1700517592\n|move|p2a: Groudon|Precipice Blades|p1a: Magearna\n|-supereffective|p1a: Magearna\n|-damage|p1a: Magearna|0 fnt\n|faint|p1a: Magearna\n|\n|win|duriann\n|raw|Yin2's rating: 1113 &rarr; <strong>1089<\/strong><br \/>(-24 for losing)\n|raw|duriann's rating: 1126 &rarr; <strong>1150<\/strong><br \/>(+24 for winning)\n|c|\u2606duriann|gg\n|l|\u2606Yin2\n","uploadtime":1700517841,"views":4,"p1id":"yin2","p2id":"duriann","formatid":"gen9ubers","rating":1089,"private":0,"password":""}