{"id":"gen9ubers-1982969627","p1":"GS StuDogg101","p2":"Slowbrokes","format":"[Gen 9] Ubers","log":"|j|\u2606GS StuDogg101\n|j|\u2606Slowbrokes\n|t:|1699064528\n|gametype|singles\n|player|p1|GS StuDogg101|gambler|\n|player|p2|Slowbrokes|102|\n|teamsize|p1|6\n|teamsize|p2|6\n|gen|9\n|tier|[Gen 9] Ubers\n|rule|Sleep Clause Mod: Limit one foe put to sleep\n|rule|Species Clause: Limit one of each Pok\u00e9mon\n|rule|OHKO Clause: OHKO moves are banned\n|rule|Evasion Items Clause: Evasion items are banned\n|rule|Evasion Moves Clause: Evasion moves are banned\n|rule|Endless Battle Clause: Forcing endless battles is banned\n|rule|HP Percentage Mod: HP is shown in percentages\n|clearpoke\n|poke|p1|Garchomp, F|\n|poke|p1|Kleavor, M|\n|poke|p1|Vikavolt, F|\n|poke|p1|Scream Tail|\n|poke|p1|Manaphy|\n|poke|p1|Slowbro-Galar, M|\n|poke|p2|Jolteon, M|\n|poke|p2|Urshifu-*, M|\n|poke|p2|Hoopa-Unbound|\n|poke|p2|Cramorant, F|\n|poke|p2|Tauros-Paldea-Blaze, M|\n|poke|p2|Slowbro, M|\n|teampreview\n|c|\u2606Slowbrokes|Gl hf\n|c|\u2606GS StuDogg101|U2 man!\n|\n|t:|1699064627\n|start\n|switch|p1a: Raptor|Vikavolt, F, shiny|100\/100\n|switch|p2a: Tauros|Tauros-Paldea-Blaze, M|100\/100\n|-ability|p2a: Tauros|Intimidate|boost\n|-unboost|p1a: Raptor|atk|1\n|turn|1\n|\n|t:|1699064654\n|switch|p1a: Megalodon|Garchomp, F|100\/100\n|move|p2a: Tauros|Raging Bull|p1a: Megalodon\n|-resisted|p1a: Megalodon\n|-damage|p1a: Megalodon|77\/100\n|-damage|p2a: Tauros|88\/100|[from] ability: Rough Skin|[of] p1a: Megalodon\n|-damage|p2a: Tauros|72\/100|[from] item: Rocky Helmet|[of] p1a: Megalodon\n|-damage|p2a: Tauros|62\/100|[from] item: Life Orb\n|\n|upkeep\n|turn|2\n|\n|t:|1699064670\n|switch|p2a: Slowbro|Slowbro, M|100\/100\n|move|p1a: Megalodon|Earthquake|p2a: Slowbro\n|-damage|p2a: Slowbro|73\/100\n|\n|-heal|p2a: Slowbro|80\/100|[from] item: Leftovers\n|upkeep\n|turn|3\n|\n|t:|1699064699\n|switch|p1a: Buffy|Scream Tail|100\/100\n|move|p2a: Slowbro|Ice Beam|p1a: Buffy\n|-damage|p1a: Buffy|84\/100\n|\n|-heal|p1a: Buffy|90\/100|[from] item: Leftovers\n|-heal|p2a: Slowbro|86\/100|[from] item: Leftovers\n|upkeep\n|turn|4\n|\n|t:|1699064718\n|switch|p2a: Cramorant|Cramorant, F|100\/100\n|move|p1a: Buffy|Wish|p1a: Buffy\n|\n|-heal|p1a: Buffy|97\/100|[from] item: Leftovers\n|upkeep\n|turn|5\n|\n|t:|1699064742\n|move|p1a: Buffy|Thunder Wave|p2a: Cramorant\n|-status|p2a: Cramorant|par\n|move|p2a: Cramorant|Surf|p1a: Buffy\n|-formechange|p2a: Cramorant|Cramorant-Gulping|\n|-damage|p1a: Buffy|70\/100\n|\n|-heal|p1a: Buffy|100\/100|[from] move: Wish|[wisher] Buffy\n|upkeep\n|turn|6\n|\n|t:|1699064757\n|move|p1a: Buffy|Wish|p1a: Buffy\n|move|p2a: Cramorant|Air Slash|p1a: Buffy\n|-damage|p1a: Buffy|78\/100\n|\n|-heal|p1a: Buffy|84\/100|[from] item: Leftovers\n|upkeep\n|turn|7\n|\n|t:|1699064806\n|-end|p1a: Buffy|Protosynthesis|[silent]\n|switch|p1a: Raptor|Vikavolt, F, shiny|100\/100\n|switch|p2a: Hoopa|Hoopa-Unbound|100\/100\n|\n|upkeep\n|turn|8\n|\n|t:|1699064820\n|move|p2a: Hoopa|Hyperspace Fury|p1a: Raptor\n|-damage|p1a: Raptor|35\/100\n|-unboost|p2a: Hoopa|def|1\n|-damage|p2a: Hoopa|91\/100|[from] item: Life Orb\n|move|p1a: Raptor|Bug Buzz|p2a: Hoopa\n|-supereffective|p2a: Hoopa\n|-damage|p2a: Hoopa|0 fnt\n|faint|p2a: Hoopa\n|\n|upkeep\n|\n|t:|1699064837\n|switch|p2a: Urshifu|Urshifu, M|100\/100\n|turn|9\n|\n|t:|1699064844\n|switch|p1a: Megalodon|Garchomp, F|77\/100\n|move|p2a: Urshifu|Wicked Blow|p1a: Megalodon\n|-crit|p1a: Megalodon\n|-damage|p1a: Megalodon|27\/100\n|-damage|p2a: Urshifu|88\/100|[from] ability: Rough Skin|[of] p1a: Megalodon\n|-damage|p2a: Urshifu|72\/100|[from] item: Rocky Helmet|[of] p1a: Megalodon\n|\n|upkeep\n|turn|10\n|\n|t:|1699064860\n|move|p2a: Urshifu|Wicked Blow|p1a: Megalodon\n|-crit|p1a: Megalodon\n|-damage|p1a: Megalodon|0 fnt\n|-damage|p2a: Urshifu|59\/100|[from] ability: Rough Skin|[of] p1a: Megalodon\n|-damage|p2a: Urshifu|43\/100|[from] item: Rocky Helmet|[of] p1a: Megalodon\n|faint|p1a: Megalodon\n|\n|upkeep\n|\n|t:|1699064929\n|switch|p1a: Buffy|Scream Tail|84\/100\n|turn|11\n|c|\u2606Slowbrokes|!weak bug\n|c| Slowbrokes|\/raw <div class=\"infobox\">Bug:<br \/><span class=\"message-effect-weak\">Weaknesses<\/span>: Fire, Flying, Rock<br \/><span class=\"message-effect-resist\">Resistances<\/span>: Fighting, Grass, Ground<br \/><span class=\"message-effect-immune\">Immunities<\/span>: <font color=#999999>None<\/font><\/div>\n|\n|t:|1699064939\n|switch|p2a: Jolteon|Jolteon, M|100\/100\n|move|p1a: Buffy|Dazzling Gleam|p2a: Jolteon\n|-crit|p2a: Jolteon\n|-damage|p2a: Jolteon|65\/100\n|\n|-heal|p1a: Buffy|90\/100|[from] item: Leftovers\n|-status|p2a: Jolteon|brn|[from] item: Flame Orb\n|upkeep\n|turn|12\n|\n|t:|1699064954\n|-terastallize|p2a: Jolteon|Electric\n|move|p2a: Jolteon|Thunderbolt|p1a: Buffy\n|-damage|p1a: Buffy|52\/100\n|move|p1a: Buffy|Wish|p1a: Buffy\n|\n|-heal|p1a: Buffy|59\/100|[from] item: Leftovers\n|-damage|p2a: Jolteon|59\/100 brn|[from] brn\n|upkeep\n|turn|13\n|\n|t:|1699065004\n|move|p1a: Buffy|Protect|p1a: Buffy\n|-singleturn|p1a: Buffy|Protect\n|move|p2a: Jolteon|Wish|p2a: Jolteon\n|\n|-heal|p1a: Buffy|100\/100|[from] move: Wish|[wisher] Buffy\n|-damage|p2a: Jolteon|53\/100 brn|[from] brn\n|upkeep\n|turn|14\n|\n|t:|1699065039\n|move|p2a: Jolteon|Volt Switch|p1a: Buffy\n|-damage|p1a: Buffy|72\/100\n|\n|t:|1699065041\n|switch|p2a: Tauros|Tauros-Paldea-Blaze, M|62\/100|[from] Volt Switch\n|-ability|p2a: Tauros|Intimidate|boost\n|-unboost|p1a: Buffy|atk|1\n|move|p1a: Buffy|Wish|p1a: Buffy\n|\n|-heal|p2a: Tauros|100\/100|[from] move: Wish|[wisher] Jolteon\n|-heal|p1a: Buffy|79\/100|[from] item: Leftovers\n|upkeep\n|turn|15\n|\n|t:|1699065056\n|move|p1a: Buffy|Thunder Wave|p2a: Tauros\n|-status|p2a: Tauros|par\n|move|p2a: Tauros|Bulk Up|p2a: Tauros\n|-boost|p2a: Tauros|atk|1\n|-boost|p2a: Tauros|def|1\n|\n|-heal|p1a: Buffy|100\/100|[from] move: Wish|[wisher] Buffy\n|upkeep\n|turn|16\n|\n|t:|1699065119\n|move|p1a: Buffy|Dazzling Gleam|p2a: Tauros\n|-damage|p2a: Tauros|69\/100 par\n|move|p2a: Tauros|Raging Bull|p1a: Buffy\n|-damage|p1a: Buffy|37\/100\n|-damage|p2a: Tauros|59\/100 par|[from] item: Life Orb\n|\n|-heal|p1a: Buffy|44\/100|[from] item: Leftovers\n|upkeep\n|turn|17\n|\n|t:|1699065144\n|move|p1a: Buffy|Wish|p1a: Buffy\n|move|p2a: Tauros|Earthquake|p1a: Buffy\n|-damage|p1a: Buffy|1\/100\n|-damage|p2a: Tauros|49\/100 par|[from] item: Life Orb\n|\n|-heal|p1a: Buffy|7\/100|[from] item: Leftovers\n|upkeep\n|turn|18\n|\n|t:|1699065159\n|move|p1a: Buffy|Protect|p1a: Buffy\n|-singleturn|p1a: Buffy|Protect\n|move|p2a: Tauros|Raging Bull|p1a: Buffy\n|-activate|p1a: Buffy|move: Protect\n|\n|-heal|p1a: Buffy|57\/100|[from] move: Wish|[wisher] Buffy\n|-heal|p1a: Buffy|63\/100|[from] item: Leftovers\n|upkeep\n|turn|19\n|\n|t:|1699065175\n|move|p1a: Buffy|Wish|p1a: Buffy\n|move|p2a: Tauros|Raging Bull|p1a: Buffy\n|-damage|p1a: Buffy|0 fnt\n|faint|p1a: Buffy\n|-end|p1a: Buffy|Protosynthesis|[silent]\n|-damage|p2a: Tauros|39\/100 par|[from] item: Life Orb\n|\n|upkeep\n|\n|t:|1699065186\n|switch|p1a: Tangaroa|Manaphy|100\/100\n|turn|20\n|\n|t:|1699065204\n|move|p1a: Tangaroa|Acid Armor|p1a: Tangaroa\n|-boost|p1a: Tangaroa|def|2\n|move|p2a: Tauros|Earthquake|p1a: Tangaroa\n|-damage|p1a: Tangaroa|77\/100\n|-damage|p2a: Tauros|29\/100 par|[from] item: Life Orb\n|\n|-heal|p1a: Tangaroa|100\/100|[from] move: Wish|[wisher] Buffy\n|upkeep\n|turn|21\n|\n|t:|1699065225\n|switch|p2a: Jolteon|Jolteon, M, tera:Electric|53\/100 brn\n|move|p1a: Tangaroa|Take Heart|p1a: Tangaroa\n|-boost|p1a: Tangaroa|spa|1\n|-boost|p1a: Tangaroa|spd|1\n|\n|-damage|p2a: Jolteon|47\/100 brn|[from] brn\n|upkeep\n|turn|22\n|\n|t:|1699065277\n|-terastallize|p1a: Tangaroa|Grass\n|move|p2a: Jolteon|Thunderbolt|p1a: Tangaroa\n|-resisted|p1a: Tangaroa\n|-crit|p1a: Tangaroa\n|-damage|p1a: Tangaroa|63\/100\n|-status|p1a: Tangaroa|par\n|move|p1a: Tangaroa|Scald|p2a: Jolteon\n|-damage|p2a: Jolteon|0 fnt\n|faint|p2a: Jolteon\n|\n|-heal|p1a: Tangaroa|69\/100 par|[from] item: Leftovers\n|upkeep\n|\n|t:|1699065317\n|switch|p2a: Urshifu|Urshifu, M|43\/100\n|turn|23\n|\n|t:|1699065383\n|move|p2a: Urshifu|U-turn|p1a: Tangaroa\n|-supereffective|p1a: Tangaroa\n|-damage|p1a: Tangaroa|49\/100 par\n|\n|t:|1699065387\n|switch|p2a: Slowbro|Slowbro, M|100\/100|[from] U-turn\n|move|p1a: Tangaroa|Scald|p2a: Slowbro\n|-resisted|p2a: Slowbro\n|-damage|p2a: Slowbro|79\/100\n|\n|-heal|p1a: Tangaroa|55\/100 par|[from] item: Leftovers\n|-heal|p2a: Slowbro|85\/100|[from] item: Leftovers\n|upkeep\n|turn|24\n|\n|t:|1699065399\n|move|p1a: Tangaroa|Take Heart|p1a: Tangaroa\n|-boost|p1a: Tangaroa|spa|1\n|-boost|p1a: Tangaroa|spd|1\n|-curestatus|p1a: Tangaroa|par|[msg]\n|move|p2a: Slowbro|Ice Beam|p1a: Tangaroa\n|-supereffective|p1a: Tangaroa\n|-damage|p1a: Tangaroa|37\/100\n|\n|-heal|p1a: Tangaroa|43\/100|[from] item: Leftovers\n|-heal|p2a: Slowbro|92\/100|[from] item: Leftovers\n|upkeep\n|turn|25\n|\n|t:|1699065418\n|move|p1a: Tangaroa|Acid Armor|p1a: Tangaroa\n|-boost|p1a: Tangaroa|def|2\n|move|p2a: Slowbro|Ice Beam|p1a: Tangaroa\n|-supereffective|p1a: Tangaroa\n|-damage|p1a: Tangaroa|23\/100\n|\n|-heal|p1a: Tangaroa|29\/100|[from] item: Leftovers\n|-heal|p2a: Slowbro|98\/100|[from] item: Leftovers\n|upkeep\n|turn|26\n|\n|t:|1699065433\n|move|p1a: Tangaroa|Energy Ball|p2a: Slowbro\n|-supereffective|p2a: Slowbro\n|-damage|p2a: Slowbro|0 fnt\n|faint|p2a: Slowbro\n|\n|-heal|p1a: Tangaroa|35\/100|[from] item: Leftovers\n|upkeep\n|\n|t:|1699065436\n|switch|p2a: Urshifu|Urshifu, M|43\/100\n|turn|27\n|\n|t:|1699065540\n|move|p2a: Urshifu|Wicked Blow|p1a: Tangaroa\n|-crit|p1a: Tangaroa\n|-damage|p1a: Tangaroa|0 fnt\n|faint|p1a: Tangaroa\n|\n|upkeep\n|\n|t:|1699065575\n|switch|p1a: Codeine|Slowbro-Galar, M|100\/100\n|turn|28\n|\n|t:|1699065588\n|switch|p2a: Cramorant|Cramorant, F|100\/100 par\n|move|p1a: Codeine|Sludge Bomb|p2a: Cramorant\n|-damage|p2a: Cramorant|69\/100 par\n|\n|upkeep\n|turn|29\n|\n|t:|1699065598\n|move|p2a: Cramorant|Surf|p1a: Codeine\n|-formechange|p2a: Cramorant|Cramorant-Gulping|\n|-damage|p1a: Codeine|53\/100\n|move|p1a: Codeine|Sludge Bomb|p2a: Cramorant\n|-damage|p2a: Cramorant|39\/100 par\n|-damage|p1a: Codeine|28\/100|[from] ability: Gulp Missile|[of] p2a: Cramorant\n|-unboost|p1a: Codeine|def|1\n|-formechange|p2a: Cramorant|Cramorant|\n|\n|upkeep\n|turn|30\n|c|\u2606Slowbrokes|!weak fight\n|c| Slowbrokes|\/raw <div class=\"infobox\">fight  isn't a recognized type or Pokemon.<\/div>\n|c|\u2606Slowbrokes|!weak fighting\n|c| Slowbrokes|\/raw <div class=\"infobox\">Fighting:<br \/><span class=\"message-effect-weak\">Weaknesses<\/span>: Fairy, Flying, Psychic<br \/><span class=\"message-effect-resist\">Resistances<\/span>: Bug, Dark, Rock<br \/><span class=\"message-effect-immune\">Immunities<\/span>: <font color=#999999>None<\/font><\/div>\n|\n|t:|1699065691\n|switch|p1a: Raptor|Vikavolt, F, shiny|35\/100\n|move|p2a: Cramorant|Surf|p1a: Raptor\n|-formechange|p2a: Cramorant|Cramorant-Gorging|\n|-damage|p1a: Raptor|0 fnt\n|faint|p1a: Raptor\n|\n|upkeep\n|\n|t:|1699065716\n|switch|p1a: Mantis|Kleavor, M, shiny|100\/100\n|turn|31\n|\n|t:|1699065813\n|move|p1a: Mantis|Stone Axe|p2a: Cramorant\n|-supereffective|p2a: Cramorant\n|-damage|p2a: Cramorant|0 fnt\n|-damage|p1a: Mantis|76\/100|[from] ability: Gulp Missile|[of] p2a: Cramorant\n|-status|p1a: Mantis|par\n|-formechange|p2a: Cramorant|Cramorant|\n|-sidestart|p2: Slowbrokes|move: Stealth Rock\n|faint|p2a: Cramorant\n|\n|upkeep\n|c|\u2606GS StuDogg101|Oh\n|\n|t:|1699065823\n|switch|p2a: Tauros|Tauros-Paldea-Blaze, M|29\/100 par\n|-damage|p2a: Tauros|17\/100 par|[from] Stealth Rock\n|-ability|p2a: Tauros|Intimidate|boost\n|-unboost|p1a: Mantis|atk|1\n|turn|32\n|c|\u2606GS StuDogg101|Gg\n|c|\u2606GS StuDogg101|Great prep\n|\n|t:|1699065863\n|cant|p2a: Tauros|par\n|move|p1a: Mantis|Close Combat|p2a: Tauros\n|-damage|p2a: Tauros|0 fnt\n|-unboost|p1a: Mantis|def|1\n|-unboost|p1a: Mantis|spd|1\n|faint|p2a: Tauros\n|\n|upkeep\n|\n|t:|1699065869\n|switch|p2a: Urshifu|Urshifu, M|43\/100\n|-damage|p2a: Urshifu|37\/100|[from] Stealth Rock\n|turn|33\n|\n|t:|1699065911\n|switch|p1a: Codeine|Slowbro-Galar, M|62\/100\n|move|p2a: Urshifu|Wicked Blow|p1a: Codeine\n|-supereffective|p1a: Codeine\n|-crit|p1a: Codeine\n|-damage|p1a: Codeine|0 fnt\n|faint|p1a: Codeine\n|\n|upkeep\n|\n|t:|1699065919\n|switch|p1a: Mantis|Kleavor, M, shiny|76\/100 par\n|turn|34\n|\n|t:|1699065924\n|move|p2a: Urshifu|Wicked Blow|p1a: Mantis\n|-crit|p1a: Mantis\n|-damage|p1a: Mantis|0 fnt\n|faint|p1a: Mantis\n|\n|win|Slowbrokes\n|c|\u2606Slowbrokes|Gg great battle\n|l|\u2606GS StuDogg101\n|l|\u2606Slowbrokes\n|j|\u2606GS StuDogg101\n|player|p1|GS StuDogg101|gambler\n","uploadtime":1699065938,"views":29,"p1id":"gsstudogg101","p2id":"slowbrokes","formatid":"gen9ubers","rating":0,"private":0,"password":""}