{"id":"gen9ubers-1968907241","p1":"T-savage17","p2":"Penguinsupporter","format":"[Gen 9] Ubers","log":"|j|\u2606T-savage17\n|j|\u2606Penguinsupporter\n|t:|1697474500\n|gametype|singles\n|player|p1|T-savage17|hilbert|1108\n|player|p2|Penguinsupporter|lucas|1043\n|teamsize|p1|6\n|teamsize|p2|6\n|gen|9\n|tier|[Gen 9] Ubers\n|rated|\n|rule|Sleep Clause Mod: Limit one foe put to sleep\n|rule|Species Clause: Limit one of each Pok\u00e9mon\n|rule|OHKO Clause: OHKO moves are banned\n|rule|Evasion Items Clause: Evasion items are banned\n|rule|Evasion Moves Clause: Evasion moves are banned\n|rule|Endless Battle Clause: Forcing endless battles is banned\n|rule|HP Percentage Mod: HP is shown in percentages\n|clearpoke\n|poke|p1|Palkia-Origin|\n|poke|p1|Dialga-Origin|\n|poke|p1|Giratina-Origin|\n|poke|p1|Arceus|\n|poke|p1|Darkrai|\n|poke|p1|Shaymin-Sky|\n|poke|p2|Glimmora, F|\n|poke|p2|Gliscor, M|\n|poke|p2|Ting-Lu|\n|poke|p2|Toxapex, F|\n|poke|p2|Giratina-Origin|\n|poke|p2|Sableye, M|\n|teampreview\n|inactive|Battle timer is ON: inactive players will automatically lose when time's up. (requested by T-savage17)\n|c|\u2606Penguinsupporter|Do you like stall\n|\n|t:|1697474520\n|start\n|switch|p1a: Shaymin|Shaymin-Sky|100\/100\n|switch|p2a: Sableye|Sableye, M|100\/100\n|turn|1\n|\n|t:|1697474531\n|move|p2a: Sableye|Thunder Wave|p1a: Shaymin\n|-status|p1a: Shaymin|par\n|move|p1a: Shaymin|Air Slash|p2a: Sableye\n|-damage|p2a: Sableye|43\/100\n|\n|-heal|p2a: Sableye|49\/100|[from] item: Leftovers\n|upkeep\n|turn|2\n|\n|t:|1697474539\n|move|p2a: Sableye|Recover|p2a: Sableye\n|-heal|p2a: Sableye|99\/100\n|move|p1a: Shaymin|Seed Flare|p2a: Sableye\n|-damage|p2a: Sableye|0 fnt\n|faint|p2a: Sableye\n|\n|upkeep\n|\n|t:|1697474549\n|switch|p2a: Gliscor|Gliscor, M|100\/100\n|turn|3\n|\n|t:|1697474556\n|-terastallize|p2a: Gliscor|Steel\n|move|p2a: Gliscor|Agility|p2a: Gliscor\n|-boost|p2a: Gliscor|spe|2\n|cant|p1a: Shaymin|par\n|\n|upkeep\n|turn|4\n|\n|t:|1697474567\n|move|p2a: Gliscor|Swords Dance|p2a: Gliscor\n|-boost|p2a: Gliscor|atk|2\n|cant|p1a: Shaymin|par\n|\n|upkeep\n|turn|5\n|\n|t:|1697474583\n|move|p2a: Gliscor|Swords Dance|p2a: Gliscor\n|-boost|p2a: Gliscor|atk|2\n|move|p1a: Shaymin|Seed Flare|p2a: Gliscor|[miss]\n|-miss|p1a: Shaymin|p2a: Gliscor\n|\n|upkeep\n|turn|6\n|\n|t:|1697474595\n|switch|p1a: Darkrai|Darkrai|100\/100\n|move|p2a: Gliscor|Swords Dance|p2a: Gliscor\n|-boost|p2a: Gliscor|atk|2\n|\n|upkeep\n|turn|7\n|\n|t:|1697474604\n|move|p2a: Gliscor|Earthquake|p1a: Darkrai\n|-damage|p1a: Darkrai|0 fnt\n|faint|p1a: Darkrai\n|\n|upkeep\n|\n|t:|1697474623\n|switch|p1a: Shaymin|Shaymin-Sky|100\/100 par\n|turn|8\n|\n|t:|1697474633\n|move|p2a: Gliscor|Rock Slide|p1a: Shaymin\n|-supereffective|p1a: Shaymin\n|-damage|p1a: Shaymin|0 fnt\n|faint|p1a: Shaymin\n|\n|upkeep\n|\n|t:|1697474649\n|switch|p1a: Giratina|Giratina-Origin|100\/100\n|turn|9\n|\n|t:|1697474657\n|move|p2a: Gliscor|Rock Slide|p1a: Giratina\n|-damage|p1a: Giratina|44\/100\n|move|p1a: Giratina|Will-O-Wisp|p2a: Gliscor\n|-status|p2a: Gliscor|brn\n|\n|-damage|p2a: Gliscor|94\/100 brn|[from] brn\n|upkeep\n|turn|10\n|\n|t:|1697474673\n|move|p2a: Gliscor|Rock Slide|p1a: Giratina\n|-crit|p1a: Giratina\n|-damage|p1a: Giratina|4\/100\n|cant|p1a: Giratina|flinch\n|\n|-damage|p2a: Gliscor|88\/100 brn|[from] brn\n|upkeep\n|turn|11\n|\n|t:|1697474687\n|switch|p1a: Dialga|Dialga-Origin|100\/100\n|-ability|p1a: Dialga|Pressure\n|move|p2a: Gliscor|Rock Slide|p1a: Dialga|[miss]\n|-miss|p2a: Gliscor|p1a: Dialga\n|\n|-damage|p2a: Gliscor|82\/100 brn|[from] brn\n|upkeep\n|turn|12\n|\n|t:|1697474700\n|move|p2a: Gliscor|Earthquake|p1a: Dialga\n|-supereffective|p1a: Dialga\n|-damage|p1a: Dialga|0 fnt\n|faint|p1a: Dialga\n|\n|-damage|p2a: Gliscor|76\/100 brn|[from] brn\n|upkeep\n|\n|t:|1697474708\n|switch|p1a: Palkia|Palkia-Origin|100\/100\n|-ability|p1a: Palkia|Pressure\n|turn|13\n|\n|t:|1697474717\n|move|p2a: Gliscor|Earthquake|p1a: Palkia\n|-damage|p1a: Palkia|3\/100\n|move|p1a: Palkia|Hydro Pump|p2a: Gliscor|[miss]\n|-miss|p1a: Palkia|p2a: Gliscor\n|\n|-damage|p2a: Gliscor|70\/100 brn|[from] brn\n|upkeep\n|turn|14\n|-message|T-savage17 forfeited.\n|\n|win|Penguinsupporter\n|raw|T-savage17's rating: 1108 &rarr; <strong>1078<\/strong><br \/>(-30 for losing)\n|raw|Penguinsupporter's rating: 1043 &rarr; <strong>1083<\/strong><br \/>(+40 for winning)\n|l|\u2606T-savage17\n|c|\u2606Penguinsupporter|Hahaha\n","uploadtime":1697474735,"views":7,"p1id":"tsavage17","p2id":"penguinsupporter","formatid":"gen9ubers","rating":1078,"private":0,"password":""}