{"id":"gen9ubers-1979081883","p1":"HelloThereMites","p2":"Luyil","format":"[Gen 9] Ubers","log":"|j|\u2606HelloThereMites\n|j|\u2606Luyil\n|t:|1698629833\n|gametype|singles\n|player|p1|HelloThereMites|larry|1137\n|player|p2|Luyil|lucas|1183\n|teamsize|p1|6\n|teamsize|p2|6\n|gen|9\n|tier|[Gen 9] Ubers\n|rated|\n|rule|Sleep Clause Mod: Limit one foe put to sleep\n|rule|Species Clause: Limit one of each Pok\u00e9mon\n|rule|OHKO Clause: OHKO moves are banned\n|rule|Evasion Items Clause: Evasion items are banned\n|rule|Evasion Moves Clause: Evasion moves are banned\n|rule|Endless Battle Clause: Forcing endless battles is banned\n|rule|HP Percentage Mod: HP is shown in percentages\n|clearpoke\n|poke|p1|Ogerpon-Hearthflame, F|\n|poke|p1|Zacian-*|\n|poke|p1|Flutter Mane|\n|poke|p1|Iron Bundle|\n|poke|p1|Chien-Pao|\n|poke|p1|Koraidon|\n|poke|p2|Ninetales-Alola, F|\n|poke|p2|Cloyster, F|\n|poke|p2|Torterra, F|\n|poke|p2|Scizor, M|\n|poke|p2|Urshifu-*, M|\n|poke|p2|Flutter Mane|\n|teampreview\n|inactive|Battle timer is ON: inactive players will automatically lose when time's up. (requested by Luyil)\n|inactive|HelloThereMites also wants the timer to be on.\n|\n|t:|1698629860\n|start\n|switch|p1a: Koraidon|Koraidon|100\/100\n|switch|p2a: Ninetales|Ninetales-Alola, F|100\/100\n|-weather|SunnyDay|[from] ability: Orichalcum Pulse|[of] p1a: Koraidon\n|-activate|p1a: Koraidon|Orichalcum Pulse|[source]\n|-weather|Snow|[from] ability: Snow Warning|[of] p2a: Ninetales\n|turn|1\n|\n|t:|1698629870\n|move|p1a: Koraidon|Flare Blitz|p2a: Ninetales\n|-supereffective|p2a: Ninetales\n|-damage|p2a: Ninetales|34\/100\n|-damage|p1a: Koraidon|78\/100|[from] Recoil\n|move|p2a: Ninetales|Aurora Veil|p2a: Ninetales\n|-sidestart|p2: Luyil|move: Aurora Veil\n|\n|-weather|Snow|[upkeep]\n|-heal|p1a: Koraidon|84\/100|[from] item: Leftovers\n|upkeep\n|turn|2\n|\n|t:|1698629878\n|move|p1a: Koraidon|Flame Charge|p2a: Ninetales\n|-supereffective|p2a: Ninetales\n|-damage|p2a: Ninetales|18\/100\n|-boost|p1a: Koraidon|spe|1\n|move|p2a: Ninetales|Hypnosis|p1a: Koraidon\n|-status|p1a: Koraidon|slp|[from] move: Hypnosis\n|\n|-weather|Snow|[upkeep]\n|-heal|p1a: Koraidon|90\/100 slp|[from] item: Leftovers\n|upkeep\n|turn|3\n|\n|t:|1698629888\n|switch|p2a: Cloyster|Cloyster, F|100\/100\n|cant|p1a: Koraidon|slp\n|\n|-weather|Snow|[upkeep]\n|-heal|p1a: Koraidon|96\/100 slp|[from] item: Leftovers\n|upkeep\n|turn|4\n|\n|t:|1698629895\n|cant|p1a: Koraidon|slp\n|move|p2a: Cloyster|Shell Smash|p2a: Cloyster\n|-unboost|p2a: Cloyster|def|1\n|-unboost|p2a: Cloyster|spd|1\n|-boost|p2a: Cloyster|atk|2\n|-boost|p2a: Cloyster|spa|2\n|-boost|p2a: Cloyster|spe|2\n|\n|-weather|Snow|[upkeep]\n|-heal|p1a: Koraidon|100\/100 slp|[from] item: Leftovers\n|upkeep\n|turn|5\n|\n|t:|1698629903\n|cant|p1a: Koraidon|slp\n|move|p2a: Cloyster|Icicle Spear|p1a: Koraidon\n|-supereffective|p1a: Koraidon\n|-damage|p1a: Koraidon|60\/100 slp\n|-supereffective|p1a: Koraidon\n|-damage|p1a: Koraidon|22\/100 slp\n|-supereffective|p1a: Koraidon\n|-damage|p1a: Koraidon|0 fnt\n|faint|p1a: Koraidon\n|-hitcount|p1: Koraidon|3\n|\n|-weather|none\n|upkeep\n|inactive|HelloThereMites has 120 seconds left.\n|\n|t:|1698629936\n|switch|p1a: Mr. Popper|Iron Bundle, shiny|100\/100\n|turn|6\n|\n|t:|1698629942\n|move|p2a: Cloyster|Icicle Spear|p1a: Mr. Popper\n|-resisted|p1a: Mr. Popper\n|-damage|p1a: Mr. Popper|94\/100\n|-resisted|p1a: Mr. Popper\n|-damage|p1a: Mr. Popper|88\/100\n|-resisted|p1a: Mr. Popper\n|-damage|p1a: Mr. Popper|82\/100\n|-resisted|p1a: Mr. Popper\n|-damage|p1a: Mr. Popper|75\/100\n|-resisted|p1a: Mr. Popper\n|-damage|p1a: Mr. Popper|69\/100\n|-hitcount|p1a: Mr. Popper|5\n|move|p1a: Mr. Popper|Freeze-Dry|p2a: Cloyster\n|-damage|p2a: Cloyster|36\/100\n|\n|upkeep\n|turn|7\n|\n|t:|1698629954\n|-terastallize|p2a: Cloyster|Ground\n|move|p2a: Cloyster|Tera Blast|p1a: Mr. Popper|[anim] Tera Blast Ground\n|-damage|p1a: Mr. Popper|0 fnt\n|faint|p1a: Mr. Popper\n|-end|p1a: Mr. Popper|Quark Drive|[silent]\n|\n|upkeep\n|\n|t:|1698629959\n|switch|p1a: Chien-Pao|Chien-Pao|100\/100\n|-ability|p1a: Chien-Pao|Sword of Ruin\n|turn|8\n|\n|t:|1698629963\n|move|p1a: Chien-Pao|Ice Shard|p2a: Cloyster\n|-supereffective|p2a: Cloyster\n|-damage|p2a: Cloyster|3\/100\n|move|p2a: Cloyster|Tera Blast|p1a: Chien-Pao|[anim] Tera Blast Ground\n|-damage|p1a: Chien-Pao|2\/100\n|\n|-sideend|p2: Luyil|move: Aurora Veil\n|upkeep\n|turn|9\n|\n|t:|1698629969\n|move|p1a: Chien-Pao|Ice Shard|p2a: Cloyster\n|-supereffective|p2a: Cloyster\n|-crit|p2a: Cloyster\n|-damage|p2a: Cloyster|0 fnt\n|faint|p2a: Cloyster\n|\n|upkeep\n|c|\u2606HelloThereMites|that was a close one\n|\n|t:|1698629980\n|switch|p2a: Urshifu|Urshifu, M|100\/100\n|turn|10\n|\n|t:|1698629994\n|move|p2a: Urshifu|Sucker Punch|p1a: Chien-Pao\n|-resisted|p1a: Chien-Pao\n|-damage|p1a: Chien-Pao|0 fnt\n|faint|p1a: Chien-Pao\n|\n|upkeep\n|\n|t:|1698629998\n|switch|p1a: Dog|Zacian-Crowned|100\/100\n|-ability|p1a: Dog|Intrepid Sword|boost\n|-boost|p1a: Dog|atk|1\n|turn|11\n|\n|t:|1698630003\n|move|p1a: Dog|Swords Dance|p1a: Dog\n|-boost|p1a: Dog|atk|2\n|move|p2a: Urshifu|Counter||[still]\n|-fail|p2a: Urshifu\n|\n|upkeep\n|turn|12\n|\n|t:|1698630008\n|move|p1a: Dog|Play Rough|p2a: Urshifu\n|-supereffective|p2a: Urshifu\n|-enditem|p2a: Urshifu|Focus Sash\n|-damage|p2a: Urshifu|1\/100\n|move|p2a: Urshifu|Foul Play|p1a: Dog\n|-resisted|p1a: Dog\n|-damage|p1a: Dog|42\/100\n|\n|upkeep\n|turn|13\n|\n|t:|1698630016\n|move|p2a: Urshifu|Sucker Punch|p1a: Dog\n|-resisted|p1a: Dog\n|-damage|p1a: Dog|24\/100\n|move|p1a: Dog|Behemoth Blade|p2a: Urshifu\n|-damage|p2a: Urshifu|0 fnt\n|faint|p2a: Urshifu\n|\n|upkeep\n|\n|t:|1698630035\n|switch|p2a: Torterra|Torterra, F|100\/100\n|turn|14\n|\n|t:|1698630046\n|move|p1a: Dog|Play Rough|p2a: Torterra|[miss]\n|-miss|p1a: Dog|p2a: Torterra\n|move|p2a: Torterra|Shell Smash|p2a: Torterra\n|-unboost|p2a: Torterra|def|1\n|-unboost|p2a: Torterra|spd|1\n|-boost|p2a: Torterra|atk|2\n|-boost|p2a: Torterra|spa|2\n|-boost|p2a: Torterra|spe|2\n|\n|upkeep\n|turn|15\n|\n|t:|1698630059\n|move|p1a: Dog|Play Rough|p2a: Torterra|[miss]\n|-miss|p1a: Dog|p2a: Torterra\n|move|p2a: Torterra|Bullet Seed|p1a: Dog\n|-resisted|p1a: Dog\n|-damage|p1a: Dog|13\/100\n|-resisted|p1a: Dog\n|-damage|p1a: Dog|1\/100\n|-resisted|p1a: Dog\n|-damage|p1a: Dog|0 fnt\n|faint|p1a: Dog\n|-hitcount|p1: Dog|3\n|\n|upkeep\n|\n|t:|1698630068\n|switch|p1a: Flutter Mane|Flutter Mane|100\/100\n|turn|16\n|\n|t:|1698630077\n|switch|p2a: Ninetales|Ninetales-Alola, F|18\/100\n|-weather|Snow|[from] ability: Snow Warning|[of] p2a: Ninetales\n|move|p1a: Flutter Mane|Moonblast|p2a: Ninetales\n|-damage|p2a: Ninetales|0 fnt\n|faint|p2a: Ninetales\n|-damage|p1a: Flutter Mane|91\/100|[from] item: Life Orb\n|\n|-weather|Snow|[upkeep]\n|upkeep\n|\n|t:|1698630083\n|switch|p2a: Scizor|Scizor, M|100\/100\n|turn|17\n|\n|t:|1698630091\n|move|p2a: Scizor|Bullet Punch|p1a: Flutter Mane\n|-supereffective|p1a: Flutter Mane\n|-damage|p1a: Flutter Mane|0 fnt\n|faint|p1a: Flutter Mane\n|-end|p1a: Flutter Mane|Protosynthesis|[silent]\n|-damage|p2a: Scizor|91\/100|[from] item: Life Orb\n|\n|-weather|Snow|[upkeep]\n|upkeep\n|\n|t:|1698630097\n|switch|p1a: Ogerpon|Ogerpon-Hearthflame, F|100\/100\n|-ability|p1a: Ogerpon|Mold Breaker\n|turn|18\n|\n|t:|1698630101\n|-terastallize|p1a: Ogerpon|Fire\n|detailschange|p1a: Ogerpon|Ogerpon-Hearthflame-Tera, F, tera:Fire\n|-ability|p1a: Ogerpon|Embody Aspect (Hearthflame)|boost\n|-boost|p1a: Ogerpon|atk|1\n|move|p1a: Ogerpon|Ivy Cudgel|p2a: Scizor\n|-supereffective|p2a: Scizor\n|-damage|p2a: Scizor|0 fnt\n|faint|p2a: Scizor\n|\n|-weather|Snow|[upkeep]\n|upkeep\n|\n|t:|1698630107\n|switch|p2a: Torterra|Torterra, F|100\/100\n|turn|19\n|\n|t:|1698630112\n|move|p1a: Ogerpon|Ivy Cudgel|p2a: Torterra\n|-supereffective|p2a: Torterra\n|-damage|p2a: Torterra|0 fnt\n|faint|p2a: Torterra\n|\n|-weather|Snow|[upkeep]\n|upkeep\n|\n|t:|1698630115\n|switch|p2a: Flutter Mane|Flutter Mane|100\/100\n|-enditem|p2a: Flutter Mane|Booster Energy\n|-activate|p2a: Flutter Mane|ability: Protosynthesis|[fromitem]\n|-start|p2a: Flutter Mane|protosynthesisspe\n|turn|20\n|\n|t:|1698630121\n|move|p2a: Flutter Mane|Moonblast|p1a: Ogerpon\n|-resisted|p1a: Ogerpon\n|-damage|p1a: Ogerpon|69\/100\n|move|p1a: Ogerpon|Ivy Cudgel|p2a: Flutter Mane\n|-damage|p2a: Flutter Mane|0 fnt\n|faint|p2a: Flutter Mane\n|-end|p2a: Flutter Mane|Protosynthesis|[silent]\n|\n|win|HelloThereMites\n|raw|HelloThereMites's rating: 1137 &rarr; <strong>1165<\/strong><br \/>(+28 for winning)\n|raw|Luyil's rating: 1183 &rarr; <strong>1155<\/strong><br \/>(-28 for losing)\n|l|\u2606Luyil\n","uploadtime":1698630129,"views":12,"p1id":"hellotheremites","p2id":"luyil","formatid":"gen9ubers","rating":1155,"private":0,"password":""}