{"id":"gen9ubers-1988702011","p1":"sword over shield","p2":"Underhours","format":"[Gen 9] Ubers","log":"|j|\u2606sword over shield\n|j|\u2606Underhours\n|t:|1699752487\n|gametype|singles\n|player|p1|sword over shield|2|\n|player|p2|Underhours|erika-gen2|\n|teamsize|p1|6\n|teamsize|p2|6\n|gen|9\n|tier|[Gen 9] Ubers\n|rule|Sleep Clause Mod: Limit one foe put to sleep\n|rule|Species Clause: Limit one of each Pok\u00e9mon\n|rule|OHKO Clause: OHKO moves are banned\n|rule|Evasion Items Clause: Evasion items are banned\n|rule|Evasion Moves Clause: Evasion moves are banned\n|rule|Endless Battle Clause: Forcing endless battles is banned\n|rule|HP Percentage Mod: HP is shown in percentages\n|clearpoke\n|poke|p1|Arceus-Ghost|\n|poke|p1|Magearna|\n|poke|p1|Roaring Moon|\n|poke|p1|Zacian-*|\n|poke|p1|Sneasler, M|\n|poke|p1|Thundurus, M|\n|poke|p2|Torkoal, M|\n|poke|p2|Chi-Yu|\n|poke|p2|Walking Wake|\n|poke|p2|Zacian-*|\n|poke|p2|Arceus-Fire|\n|poke|p2|Giratina|\n|teampreview\n|c|\u2606Underhours|glhf\n|c|\u2606sword over shield|sty\n|\n|t:|1699752529\n|start\n|switch|p1a: Sneasler|Sneasler, M|100\/100\n|switch|p2a: Torkoal|Torkoal, M|100\/100\n|-weather|SunnyDay|[from] ability: Drought|[of] p2a: Torkoal\n|turn|1\n|\n|t:|1699752544\n|move|p1a: Sneasler|U-turn|p2a: Torkoal\n|-resisted|p2a: Torkoal\n|-damage|p2a: Torkoal|93\/100\n|j| Bestmaindragonite\n|j| Laprasrules12\n|c| Laprasrules12|Come on\n|c| Bestmaindragonite|Good luck nebby\n|c| Bestmaindragonite|And get into the bag\n|c| Laprasrules12|Choice Band Tera Normal Normalize Explosion NOW\n|\n|t:|1699752572\n|switch|p1a: Thundurus|Thundurus, M|100\/100|[from] U-turn\n|move|p2a: Torkoal|Lava Plume|p1a: Thundurus\n|-damage|p1a: Thundurus|71\/100\n|\n|-weather|SunnyDay|[upkeep]\n|upkeep\n|turn|2\n|\n|t:|1699752591\n|move|p1a: Thundurus|Taunt|p2a: Torkoal\n|-start|p2a: Torkoal|move: Taunt\n|cant|p2a: Torkoal|move: Taunt|Stealth Rock\n|\n|-weather|SunnyDay|[upkeep]\n|upkeep\n|turn|3\n|\n|t:|1699752604\n|switch|p2a: Chi-Yu|Chi-Yu|100\/100\n|-ability|p2a: Chi-Yu|Beads of Ruin\n|move|p1a: Thundurus|Thunderbolt|p2a: Chi-Yu\n|-damage|p2a: Chi-Yu|57\/100\n|\n|-weather|SunnyDay|[upkeep]\n|upkeep\n|turn|4\n|\n|t:|1699752611\n|move|p1a: Thundurus|Thunder Wave|p2a: Chi-Yu\n|-hint|Since gen 7, Dark is immune to Prankster moves.\n|-immune|p2a: Chi-Yu\n|move|p2a: Chi-Yu|Fire Blast|p1a: Thundurus\n|-damage|p1a: Thundurus|0 fnt\n|faint|p1a: Thundurus\n|\n|-weather|SunnyDay|[upkeep]\n|upkeep\n|c|\u2606sword over shield|i forgor\n|c| Bestmaindragonite|Oof\n|c| Laprasrules12|Bro\n|\n|t:|1699752622\n|switch|p1a: Sneasler|Sneasler, M|100\/100\n|turn|5\n|\n|t:|1699752630\n|switch|p2a: Torkoal|Torkoal, M|93\/100\n|move|p1a: Sneasler|Close Combat|p2a: Torkoal\n|-damage|p2a: Torkoal|52\/100\n|-unboost|p1a: Sneasler|def|1\n|-unboost|p1a: Sneasler|spd|1\n|\n|-weather|SunnyDay|[upkeep]\n|upkeep\n|turn|6\n|\n|t:|1699752651\n|switch|p1a: Magearna|Magearna|100\/100\n|switch|p2a: Walking Wake|Walking Wake|100\/100\n|-activate|p2a: Walking Wake|ability: Protosynthesis\n|-start|p2a: Walking Wake|protosynthesisspe\n|\n|-weather|SunnyDay|[upkeep]\n|upkeep\n|turn|7\n|\n|t:|1699752661\n|move|p2a: Walking Wake|Flamethrower|p1a: Magearna\n|-supereffective|p1a: Magearna\n|-damage|p1a: Magearna|22\/100\n|move|p1a: Magearna|Fleur Cannon|p2a: Walking Wake\n|-supereffective|p2a: Walking Wake\n|-damage|p2a: Walking Wake|0 fnt\n|-unboost|p1a: Magearna|spa|2\n|faint|p2a: Walking Wake\n|-ability|p1a: Magearna|Soul-Heart|boost\n|-boost|p1a: Magearna|spa|1\n|-end|p2a: Walking Wake|Protosynthesis|[silent]\n|\n|-weather|SunnyDay|[upkeep]\n|-heal|p1a: Magearna|28\/100|[from] item: Leftovers\n|upkeep\n|\n|t:|1699752666\n|switch|p2a: Chi-Yu|Chi-Yu|57\/100\n|-ability|p2a: Chi-Yu|Beads of Ruin\n|turn|8\n|\n|t:|1699752675\n|move|p2a: Chi-Yu|Fire Blast|p1a: Magearna\n|-supereffective|p1a: Magearna\n|-damage|p1a: Magearna|0 fnt\n|faint|p1a: Magearna\n|\n|-weather|none\n|upkeep\n|\n|t:|1699752681\n|switch|p1a: Sneasler|Sneasler, M|100\/100\n|turn|9\n|\n|t:|1699752688\n|switch|p2a: Torkoal|Torkoal, M|52\/100\n|-weather|SunnyDay|[from] ability: Drought|[of] p2a: Torkoal\n|move|p1a: Sneasler|U-turn|p2a: Torkoal\n|-resisted|p2a: Torkoal\n|-damage|p2a: Torkoal|45\/100\n|\n|t:|1699752707\n|switch|p1a: Roaring Moon|Roaring Moon|100\/100|[from] U-turn\n|-activate|p1a: Roaring Moon|ability: Protosynthesis\n|-start|p1a: Roaring Moon|protosynthesisspe\n|\n|-weather|SunnyDay|[upkeep]\n|upkeep\n|turn|10\n|\n|t:|1699752719\n|move|p1a: Roaring Moon|Dragon Dance|p1a: Roaring Moon\n|-boost|p1a: Roaring Moon|atk|1\n|-boost|p1a: Roaring Moon|spe|1\n|move|p2a: Torkoal|Yawn|p1a: Roaring Moon\n|-start|p1a: Roaring Moon|move: Yawn|[of] p2a: Torkoal\n|\n|-weather|SunnyDay|[upkeep]\n|upkeep\n|turn|11\n|\n|t:|1699752728\n|-end|p1a: Roaring Moon|Protosynthesis|[silent]\n|switch|p1a: Sneasler|Sneasler, M|100\/100\n|move|p2a: Torkoal|Stealth Rock|p1a: Sneasler\n|-sidestart|p1: sword over shield|move: Stealth Rock\n|\n|-weather|SunnyDay|[upkeep]\n|upkeep\n|turn|12\n|\n|t:|1699752738\n|move|p1a: Sneasler|Dire Claw|p2a: Torkoal\n|-damage|p2a: Torkoal|20\/100\n|move|p2a: Torkoal|Lava Plume|p1a: Sneasler\n|-crit|p1a: Sneasler\n|-damage|p1a: Sneasler|31\/100\n|\n|-weather|SunnyDay|[upkeep]\n|upkeep\n|turn|13\n|\n|t:|1699752750\n|switch|p2a: Chi-Yu|Chi-Yu|57\/100\n|-ability|p2a: Chi-Yu|Beads of Ruin\n|move|p1a: Sneasler|Dire Claw|p2a: Chi-Yu\n|-damage|p2a: Chi-Yu|0 fnt\n|faint|p2a: Chi-Yu\n|\n|-weather|SunnyDay|[upkeep]\n|upkeep\n|\n|t:|1699752761\n|switch|p2a: Zacian|Zacian|100\/100\n|-ability|p2a: Zacian|Intrepid Sword|boost\n|-boost|p2a: Zacian|atk|1\n|turn|14\n|\n|t:|1699752767\n|move|p1a: Sneasler|Dire Claw|p2a: Zacian\n|-supereffective|p2a: Zacian\n|-damage|p2a: Zacian|16\/100\n|-status|p2a: Zacian|par\n|move|p2a: Zacian|Play Rough|p1a: Sneasler\n|-damage|p1a: Sneasler|0 fnt\n|faint|p1a: Sneasler\n|\n|-weather|SunnyDay|[upkeep]\n|upkeep\n|\n|t:|1699752778\n|switch|p1a: Zacian|Zacian|100\/100\n|-ability|p1a: Zacian|Intrepid Sword|boost\n|-boost|p1a: Zacian|atk|1\n|turn|15\n|c| Bestmaindragonite|No max roll crit?\n|\n|t:|1699752795\n|move|p1a: Zacian|Crunch|p2a: Zacian\n|-resisted|p2a: Zacian\n|-damage|p2a: Zacian|0 fnt\n|faint|p2a: Zacian\n|\n|-weather|SunnyDay|[upkeep]\n|upkeep\n|\n|t:|1699752819\n|switch|p2a: Arceus|Arceus-Fire|100\/100\n|turn|16\n|\n|t:|1699752827\n|move|p1a: Zacian|Close Combat|p2a: Arceus\n|-damage|p2a: Arceus|64\/100\n|-unboost|p1a: Zacian|def|1\n|-unboost|p1a: Zacian|spd|1\n|move|p2a: Arceus|Dragon Dance|p2a: Arceus\n|-boost|p2a: Arceus|atk|1\n|-boost|p2a: Arceus|spe|1\n|\n|-weather|none\n|upkeep\n|turn|17\n|\n|t:|1699752836\n|move|p2a: Arceus|Dragon Dance|p2a: Arceus\n|-boost|p2a: Arceus|atk|1\n|-boost|p2a: Arceus|spe|1\n|move|p1a: Zacian|Close Combat|p2a: Arceus\n|-damage|p2a: Arceus|22\/100\n|-unboost|p1a: Zacian|def|1\n|-unboost|p1a: Zacian|spd|1\n|\n|upkeep\n|turn|18\n|\n|t:|1699752844\n|move|p2a: Arceus|Recover|p2a: Arceus\n|-heal|p2a: Arceus|72\/100\n|move|p1a: Zacian|Close Combat|p2a: Arceus\n|-damage|p2a: Arceus|32\/100\n|-unboost|p1a: Zacian|def|1\n|-unboost|p1a: Zacian|spd|1\n|\n|upkeep\n|turn|19\n|\n|t:|1699752849\n|move|p2a: Arceus|Recover|p2a: Arceus\n|-heal|p2a: Arceus|83\/100\n|move|p1a: Zacian|Close Combat|p2a: Arceus\n|-damage|p2a: Arceus|40\/100\n|-unboost|p1a: Zacian|def|1\n|-unboost|p1a: Zacian|spd|1\n|\n|upkeep\n|turn|20\n|\n|t:|1699752853\n|move|p2a: Arceus|Recover|p2a: Arceus\n|-heal|p2a: Arceus|90\/100\n|move|p1a: Zacian|Close Combat|p2a: Arceus\n|-damage|p2a: Arceus|54\/100\n|-unboost|p1a: Zacian|def|1\n|-unboost|p1a: Zacian|spd|1\n|\n|upkeep\n|turn|21\n|\n|t:|1699752871\n|move|p2a: Arceus|Flare Blitz|p1a: Zacian\n|-damage|p1a: Zacian|0 fnt\n|faint|p1a: Zacian\n|-damage|p2a: Arceus|29\/100|[from] Recoil\n|\n|upkeep\n|\n|t:|1699752877\n|switch|p1a: Arceus|Arceus-Ghost|100\/100\n|-damage|p1a: Arceus|88\/100|[from] Stealth Rock\n|turn|22\n|\n|t:|1699752893\n|-terastallize|p1a: Arceus|Normal\n|move|p1a: Arceus|Extreme Speed|p2a: Arceus\n|-damage|p2a: Arceus|1\/100\n|move|p2a: Arceus|Flare Blitz|p1a: Arceus\n|-damage|p1a: Arceus|0 fnt\n|faint|p1a: Arceus\n|-damage|p2a: Arceus|0 fnt|[from] Recoil\n|faint|p2a: Arceus\n|\n|upkeep\n|\n|t:|1699752903\n|switch|p2a: Giratina|Giratina|100\/100\n|switch|p1a: Roaring Moon|Roaring Moon|100\/100\n|-damage|p1a: Roaring Moon|88\/100|[from] Stealth Rock\n|-ability|p2a: Giratina|Pressure\n|-enditem|p1a: Roaring Moon|Booster Energy\n|-activate|p1a: Roaring Moon|ability: Protosynthesis|[fromitem]\n|-start|p1a: Roaring Moon|protosynthesisspe\n|turn|23\n|\n|t:|1699752909\n|-terastallize|p2a: Giratina|Fairy\n|move|p1a: Roaring Moon|Dragon Dance|p1a: Roaring Moon\n|-boost|p1a: Roaring Moon|atk|1\n|-boost|p1a: Roaring Moon|spe|1\n|move|p2a: Giratina|Will-O-Wisp|p1a: Roaring Moon\n|-status|p1a: Roaring Moon|brn\n|\n|-damage|p1a: Roaring Moon|82\/100 brn|[from] brn\n|upkeep\n|turn|24\n|\n|t:|1699752920\n|move|p1a: Roaring Moon|Acrobatics|p2a: Giratina\n|-damage|p2a: Giratina|88\/100\n|move|p2a: Giratina|Dragon Tail|p1a: Roaring Moon\n|-supereffective|p1a: Roaring Moon\n|-damage|p1a: Roaring Moon|29\/100 brn\n|\n|-damage|p1a: Roaring Moon|23\/100 brn|[from] brn\n|upkeep\n|turn|25\n|l| Laprasrules12\n|\n|t:|1699752924\n|move|p1a: Roaring Moon|Acrobatics|p2a: Giratina\n|-damage|p2a: Giratina|74\/100\n|move|p2a: Giratina|Dragon Tail|p1a: Roaring Moon|[miss]\n|-miss|p2a: Giratina|p1a: Roaring Moon\n|\n|-damage|p1a: Roaring Moon|17\/100 brn|[from] brn\n|upkeep\n|turn|26\n|c|\u2606Underhours|ggs\n|c| Bestmaindragonite|gg\n|c|\u2606sword over shield|gg\n|l| Bestmaindragonite\n|\n|t:|1699752990\n|move|p1a: Roaring Moon|Acrobatics|p2a: Giratina\n|-crit|p2a: Giratina\n|-damage|p2a: Giratina|54\/100\n|move|p2a: Giratina|Dragon Tail|p1a: Roaring Moon\n|-supereffective|p1a: Roaring Moon\n|-damage|p1a: Roaring Moon|0 fnt\n|faint|p1a: Roaring Moon\n|-end|p1a: Roaring Moon|Protosynthesis|[silent]\n|\n|win|Underhours\n|l|\u2606Underhours\n|j|\u2606Underhours\n|player|p2|Underhours|erika-gen2\n","uploadtime":1699754588,"views":5,"p1id":"swordovershield","p2id":"underhours","formatid":"gen9ubers","rating":0,"private":0,"password":""}