{"id":"gen9ubers-1996756809","p1":"NamelessWarlock7","p2":"Newmetata","format":"[Gen 9] Ubers","log":"|j|\u2606NamelessWarlock7\n|j|\u2606Newmetata\n|t:|1700719986\n|gametype|singles\n|player|p1|NamelessWarlock7|n-masters3|1209\n|player|p2|Newmetata|n|1160\n|teamsize|p1|6\n|teamsize|p2|6\n|gen|9\n|tier|[Gen 9] Ubers\n|rated|\n|rule|Sleep Clause Mod: Limit one foe put to sleep\n|rule|Species Clause: Limit one of each Pok\u00e9mon\n|rule|OHKO Clause: OHKO moves are banned\n|rule|Evasion Items Clause: Evasion items are banned\n|rule|Evasion Moves Clause: Evasion moves are banned\n|rule|Endless Battle Clause: Forcing endless battles is banned\n|rule|HP Percentage Mod: HP is shown in percentages\n|clearpoke\n|poke|p1|Grimmsnarl, M|\n|poke|p1|Arceus-Ground|\n|poke|p1|Miraidon|\n|poke|p1|Sneasler, F|\n|poke|p1|Calyrex-Ice|\n|poke|p1|Zacian-*|\n|poke|p2|Zacian-*|\n|poke|p2|Iron Hands|\n|poke|p2|Ariados, M|\n|poke|p2|Dragapult, M|\n|poke|p2|Ursaluna-Bloodmoon, M|\n|poke|p2|Kyogre|\n|teampreview\n|c|\u2606Newmetata|yoo\n|inactive|Battle timer is ON: inactive players will automatically lose when time's up. (requested by NamelessWarlock7)\n|c|\u2606Newmetata|you again\n|inactive|NamelessWarlock7 has 120 seconds left.\n|inactive|Newmetata has 120 seconds left.\n|\n|t:|1700720044\n|start\n|switch|p1a: Miraidon|Miraidon|100\/100\n|switch|p2a: Ariados|Ariados, M, shiny|100\/100\n|-fieldstart|move: Electric Terrain|[from] ability: Hadron Engine|[of] p1a: Miraidon\n|-enditem|p1a: Miraidon|Electric Seed\n|-boost|p1a: Miraidon|def|1|[from] item: Electric Seed\n|turn|1\n|\n|t:|1700720047\n|move|p1a: Miraidon|Taunt|p2a: Ariados\n|-start|p2a: Ariados|move: Taunt\n|cant|p2a: Ariados|move: Taunt|Sticky Web\n|\n|upkeep\n|turn|2\n|c|\u2606Newmetata|you mf\n|c|\u2606Newmetata|bro\n|c|\u2606Newmetata|do u have like taunt in every pokemon?\n|\n|t:|1700720073\n|switch|p2a: Ursaluna|Ursaluna-Bloodmoon, M|100\/100\n|move|p1a: Miraidon|Calm Mind|p1a: Miraidon\n|-boost|p1a: Miraidon|spa|1\n|-boost|p1a: Miraidon|spd|1\n|\n|upkeep\n|turn|3\n|c|\u2606NamelessWarlock7|this a different team bro\n|c|\u2606Newmetata|yeah but like seriously\n|c|\u2606Newmetata|do u have taunt in every pokemon?\n|inactive|NamelessWarlock7 has 120 seconds left.\n|c|\u2606NamelessWarlock7|idk\n|\n|t:|1700720110\n|-terastallize|p1a: Miraidon|Fairy\n|move|p1a: Miraidon|Dragon Pulse|p2a: Ursaluna\n|-damage|p2a: Ursaluna|0 fnt\n|faint|p2a: Ursaluna\n|\n|upkeep\n|\n|t:|1700720118\n|switch|p2a: Zacian|Zacian-Crowned, shiny|100\/100\n|-ability|p2a: Zacian|Intrepid Sword|boost\n|-boost|p2a: Zacian|atk|1\n|turn|4\n|\n|t:|1700720123\n|move|p2a: Zacian|Behemoth Blade|p1a: Miraidon\n|-supereffective|p1a: Miraidon\n|-damage|p1a: Miraidon|8\/100\n|move|p1a: Miraidon|Parabolic Charge|p2a: Zacian\n|-damage|p2a: Zacian|7\/100\n|-heal|p1a: Miraidon|46\/100|[from] drain|[of] p2a: Zacian\n|\n|upkeep\n|turn|5\n|inactive|NamelessWarlock7 has 120 seconds left.\n|\n|t:|1700720159\n|switch|p1a: Calyrex|Calyrex-Ice|100\/100\n|-ability|p1a: Calyrex|As One\n|-ability|p1a: Calyrex|Unnerve\n|move|p2a: Zacian|Behemoth Blade|p1a: Calyrex\n|-supereffective|p1a: Calyrex\n|-damage|p1a: Calyrex|1\/100\n|\n|-fieldend|move: Electric Terrain\n|upkeep\n|turn|6\n|c|\u2606Newmetata|mistake\n|\n|t:|1700720173\n|move|p2a: Zacian|Behemoth Blade|p1a: Calyrex\n|-supereffective|p1a: Calyrex\n|-damage|p1a: Calyrex|0 fnt\n|faint|p1a: Calyrex\n|\n|upkeep\n|\n|t:|1700720188\n|switch|p1a: Miraidon|Miraidon, tera:Fairy|46\/100\n|-fieldstart|move: Electric Terrain|[from] ability: Hadron Engine|[of] p1a: Miraidon\n|turn|7\n|\n|t:|1700720192\n|switch|p1a: Grimmsnarl|Grimmsnarl, M|100\/100\n|move|p2a: Zacian|Behemoth Blade|p1a: Grimmsnarl\n|-supereffective|p1a: Grimmsnarl\n|-damage|p1a: Grimmsnarl|0 fnt\n|faint|p1a: Grimmsnarl\n|\n|upkeep\n|\n|t:|1700720197\n|switch|p1a: Sneasler|Sneasler, F|100\/100\n|-enditem|p1a: Sneasler|Electric Seed\n|-boost|p1a: Sneasler|def|1|[from] item: Electric Seed\n|turn|8\n|\n|t:|1700720205\n|move|p1a: Sneasler|Close Combat|p2a: Zacian\n|-damage|p2a: Zacian|0 fnt\n|-unboost|p1a: Sneasler|def|1\n|-unboost|p1a: Sneasler|spd|1\n|faint|p2a: Zacian\n|\n|upkeep\n|c|\u2606Newmetata|oh wow\n|c|\u2606NamelessWarlock7|u were saying?\n|c|\u2606Newmetata|wat?\n|\n|t:|1700720232\n|switch|p2a: Ariados|Ariados, M, shiny|100\/100\n|turn|9\n|c|\u2606Newmetata|Noo\n|c|\u2606Newmetata|BRu\n|c|\u2606Newmetata|Noo\n|c|\u2606Newmetata|MISSCLICK\n|\n|t:|1700720244\n|move|p1a: Sneasler|Swords Dance|p1a: Sneasler\n|-boost|p1a: Sneasler|atk|2\n|move|p2a: Ariados|Sticky Web|p1a: Sneasler\n|-sidestart|p1: NamelessWarlock7|move: Sticky Web\n|\n|upkeep\n|turn|10\n|c|\u2606Newmetata|well not really :)\n|\n|t:|1700720253\n|move|p1a: Sneasler|Swords Dance|p1a: Sneasler\n|-boost|p1a: Sneasler|atk|2\n|move|p2a: Ariados|Foul Play|p1a: Sneasler\n|-resisted|p1a: Sneasler\n|-damage|p1a: Sneasler|27\/100\n|\n|upkeep\n|turn|11\n|\n|t:|1700720257\n|move|p1a: Sneasler|Gunk Shot|p2a: Ariados\n|-resisted|p2a: Ariados\n|-enditem|p2a: Ariados|Focus Sash\n|-damage|p2a: Ariados|1\/100\n|move|p2a: Ariados|Foul Play|p1a: Sneasler\n|-resisted|p1a: Sneasler\n|-damage|p1a: Sneasler|0 fnt\n|faint|p1a: Sneasler\n|\n|-fieldend|move: Electric Terrain\n|upkeep\n|n|!NamelessWarlock7|namelesswarlock7\n|c|\u2606Newmetata|all that for nothing bro\n|\n|t:|1700720276\n|switch|p1a: Miraidon|Miraidon, tera:Fairy|46\/100\n|-activate|p1a: Miraidon|move: Sticky Web\n|-unboost|p1a: Miraidon|spe|1\n|-fieldstart|move: Electric Terrain|[from] ability: Hadron Engine|[of] p1a: Miraidon\n|turn|12\n|\n|t:|1700720282\n|move|p1a: Miraidon|Parabolic Charge|p2a: Ariados\n|-damage|p2a: Ariados|0 fnt\n|-heal|p1a: Miraidon|46\/100|[from] drain|[of] p2a: Ariados\n|faint|p2a: Ariados\n|\n|upkeep\n|\n|t:|1700720289\n|switch|p2a: Iron Hands|Iron Hands, shiny|100\/100\n|-activate|p2a: Iron Hands|ability: Quark Drive\n|-start|p2a: Iron Hands|quarkdriveatk\n|turn|13\n|\n|t:|1700720296\n|move|p2a: Iron Hands|Fake Out|p1a: Miraidon\n|-damage|p1a: Miraidon|28\/100\n|cant|p1a: Miraidon|flinch\n|\n|upkeep\n|turn|14\n|\n|t:|1700720302\n|move|p1a: Miraidon|Dragon Pulse|p2a: Iron Hands\n|-damage|p2a: Iron Hands|37\/100\n|move|p2a: Iron Hands|Drain Punch|p1a: Miraidon\n|-resisted|p1a: Miraidon\n|-damage|p1a: Miraidon|1\/100\n|-heal|p2a: Iron Hands|47\/100|[from] drain|[of] p1a: Miraidon\n|\n|upkeep\n|turn|15\n|\n|t:|1700720306\n|move|p1a: Miraidon|Dragon Pulse|p2a: Iron Hands\n|-damage|p2a: Iron Hands|0 fnt\n|faint|p2a: Iron Hands\n|-end|p2a: Iron Hands|Quark Drive|[silent]\n|\n|upkeep\n|\n|t:|1700720314\n|switch|p2a: Dragapult|Dragapult, M, shiny|100\/100\n|turn|16\n|\n|t:|1700720320\n|move|p2a: Dragapult|Acrobatics|p1a: Miraidon\n|-damage|p1a: Miraidon|0 fnt\n|faint|p1a: Miraidon\n|\n|-fieldend|move: Electric Terrain\n|upkeep\n|\n|t:|1700720335\n|switch|p1a: Arceus|Arceus-Ground|100\/100\n|-activate|p1a: Arceus|move: Sticky Web\n|-unboost|p1a: Arceus|spe|1\n|turn|17\n|\n|t:|1700720341\n|move|p2a: Dragapult|Dragon Dance|p2a: Dragapult\n|-boost|p2a: Dragapult|atk|1\n|-boost|p2a: Dragapult|spe|1\n|move|p1a: Arceus|Shadow Claw|p2a: Dragapult\n|-supereffective|p2a: Dragapult\n|-damage|p2a: Dragapult|33\/100\n|\n|upkeep\n|turn|18\n|\n|t:|1700720347\n|move|p2a: Dragapult|Phantom Force||[still]\n|-prepare|p2a: Dragapult|Phantom Force\n|move|p1a: Arceus|Earthquake|p2a: Dragapult|[miss]\n|-miss|p1a: Arceus|p2a: Dragapult\n|\n|upkeep\n|turn|19\n|\n|t:|1700720353\n|move|p2a: Dragapult|Phantom Force|p1a: Arceus|[from]lockedmove\n|-damage|p1a: Arceus|50\/100\n|move|p1a: Arceus|Earthquake|p2a: Dragapult\n|-damage|p2a: Dragapult|0 fnt\n|faint|p2a: Dragapult\n|\n|upkeep\n|\n|t:|1700720356\n|switch|p2a: Kyogre|Kyogre|100\/100\n|-weather|RainDance|[from] ability: Drizzle|[of] p2a: Kyogre\n|turn|20\n|\n|t:|1700720371\n|move|p2a: Kyogre|Ice Beam|p1a: Arceus\n|-supereffective|p1a: Arceus\n|-crit|p1a: Arceus\n|-damage|p1a: Arceus|0 fnt\n|faint|p1a: Arceus\n|\n|-weather|RainDance|[upkeep]\n|upkeep\n|\n|t:|1700720375\n|switch|p1a: Zacian|Zacian-Crowned|100\/100\n|-activate|p1a: Zacian|move: Sticky Web\n|-unboost|p1a: Zacian|spe|1\n|-ability|p1a: Zacian|Intrepid Sword|boost\n|-boost|p1a: Zacian|atk|1\n|turn|21\n|\n|t:|1700720390\n|-terastallize|p2a: Kyogre|Electric\n|move|p1a: Zacian|Play Rough|p2a: Kyogre|[miss]\n|-miss|p1a: Zacian|p2a: Kyogre\n|move|p2a: Kyogre|Thunder|p1a: Zacian\n|-damage|p1a: Zacian|41\/100\n|-status|p1a: Zacian|par\n|\n|-weather|RainDance|[upkeep]\n|upkeep\n|turn|22\n|-message|NamelessWarlock7 forfeited.\n|\n|win|Newmetata\n|raw|NamelessWarlock7's rating: 1209 &rarr; <strong>1180<\/strong><br \/>(-29 for losing)\n|raw|Newmetata's rating: 1160 &rarr; <strong>1189<\/strong><br \/>(+29 for winning)\n","uploadtime":1700720268,"views":11,"p1id":"namelesswarlock7","p2id":"newmetata","formatid":"gen9ubers","rating":1180,"private":0,"password":""}