{"id":"gen9ubers-1977088768","p1":"skoma","p2":"Kate","format":"[Gen 9] Ubers","log":"|j|\u2606skoma\n|j|\u2606Kate\n|t:|1698370267\n|gametype|singles\n|player|p1|skoma|scientist-gen4dp|\n|player|p2|Kate|#kate|\n|teamsize|p1|6\n|teamsize|p2|6\n|gen|9\n|tier|[Gen 9] Ubers\n|rated|Tournament battle\n|rule|Sleep Clause Mod: Limit one foe put to sleep\n|rule|Species Clause: Limit one of each Pok\u00e9mon\n|rule|OHKO Clause: OHKO moves are banned\n|rule|Evasion Items Clause: Evasion items are banned\n|rule|Evasion Moves Clause: Evasion moves are banned\n|rule|Endless Battle Clause: Forcing endless battles is banned\n|rule|HP Percentage Mod: HP is shown in percentages\n|clearpoke\n|poke|p1|Arceus-Ground|\n|poke|p1|Eternatus|\n|poke|p1|Great Tusk|\n|poke|p1|Cresselia, F|\n|poke|p1|Mewtwo|\n|poke|p1|Koraidon|\n|poke|p2|Kyogre|\n|poke|p2|Miraidon|\n|poke|p2|Ting-Lu|\n|poke|p2|Groudon|\n|poke|p2|Weezing-Galar, F|\n|poke|p2|Arceus|\n|teampreview\n|inactive|Battle timer is ON: inactive players will automatically lose when time's up. (requested by skoma)\n|j| GeniusFromHoenn\n|j| smithdvan\n|\n|t:|1698370291\n|start\n|switch|p1a: Koraidon|Koraidon|100\/100\n|switch|p2a: Groudon|Groudon|100\/100\n|-weather|SunnyDay|[from] ability: Orichalcum Pulse|[of] p1a: Koraidon\n|-activate|p1a: Koraidon|Orichalcum Pulse|[source]\n|turn|1\n|j| Doc115\n|\n|t:|1698370296\n|move|p1a: Koraidon|U-turn|p2a: Groudon\n|-damage|p2a: Groudon|82\/100\n|\n|t:|1698370299\n|switch|p1a: Arceus|Arceus-Ground|100\/100|[from] U-turn\n|move|p2a: Groudon|Stealth Rock|p1a: Arceus\n|-sidestart|p1: skoma|move: Stealth Rock\n|\n|-weather|SunnyDay|[upkeep]\n|-heal|p2a: Groudon|89\/100|[from] item: Leftovers\n|upkeep\n|turn|2\n|\n|t:|1698370304\n|switch|p2a: Ting-Lu|Ting-Lu|100\/100\n|-ability|p2a: Ting-Lu|Vessel of Ruin\n|move|p1a: Arceus|Will-O-Wisp|p2a: Ting-Lu\n|-status|p2a: Ting-Lu|brn\n|\n|-weather|SunnyDay|[upkeep]\n|-damage|p2a: Ting-Lu|94\/100 brn|[from] brn\n|upkeep\n|turn|3\n|\n|t:|1698370309\n|move|p1a: Arceus|Judgment|p2a: Ting-Lu\n|-damage|p2a: Ting-Lu|74\/100 brn\n|move|p2a: Ting-Lu|Ruination|p1a: Arceus\n|-damage|p1a: Arceus|51\/100\n|\n|-weather|SunnyDay|[upkeep]\n|-heal|p2a: Ting-Lu|80\/100 brn|[from] item: Leftovers\n|-damage|p2a: Ting-Lu|74\/100 brn|[from] brn\n|upkeep\n|turn|4\n|\n|t:|1698370315\n|move|p1a: Arceus|Will-O-Wisp|p2a: Ting-Lu\n|-fail|p2a: Ting-Lu|brn\n|move|p2a: Ting-Lu|Taunt|p1a: Arceus\n|-start|p1a: Arceus|move: Taunt\n|\n|-weather|SunnyDay|[upkeep]\n|-heal|p2a: Ting-Lu|80\/100 brn|[from] item: Leftovers\n|-damage|p2a: Ting-Lu|74\/100 brn|[from] brn\n|upkeep\n|turn|5\n|j| s3rp3rior\n|\n|t:|1698370321\n|switch|p1a: Great Tusk|Great Tusk|100\/100\n|-damage|p1a: Great Tusk|98\/100|[from] Stealth Rock\n|-activate|p1a: Great Tusk|ability: Protosynthesis\n|-start|p1a: Great Tusk|protosynthesisdef\n|move|p2a: Ting-Lu|Ruination|p1a: Great Tusk\n|-damage|p1a: Great Tusk|49\/100\n|\n|-weather|none\n|-end|p1a: Great Tusk|Protosynthesis\n|-heal|p1a: Great Tusk|55\/100|[from] item: Leftovers\n|-heal|p2a: Ting-Lu|80\/100 brn|[from] item: Leftovers\n|-damage|p2a: Ting-Lu|74\/100 brn|[from] brn\n|upkeep\n|turn|6\n|\n|t:|1698370327\n|switch|p2a: Weezing|Weezing-Galar, F|100\/100\n|move|p1a: Great Tusk|Rapid Spin|p2a: Weezing\n|-damage|p2a: Weezing|90\/100\n|-boost|p1a: Great Tusk|spe|1\n|-damage|p1a: Great Tusk|39\/100|[from] item: Rocky Helmet|[of] p2a: Weezing\n|-sideend|p1: skoma|Stealth Rock|[from] move: Rapid Spin|[of] p1a: Great Tusk\n|\n|-heal|p1a: Great Tusk|45\/100|[from] item: Leftovers\n|upkeep\n|turn|7\n|\n|t:|1698370334\n|-end|p1a: Great Tusk|Protosynthesis|[silent]\n|switch|p1a: Mewtwo|Mewtwo|100\/100\n|-ability|p1a: Mewtwo|Pressure\n|move|p2a: Weezing|Will-O-Wisp|p1a: Mewtwo\n|-status|p1a: Mewtwo|brn\n|\n|-damage|p1a: Mewtwo|94\/100 brn|[from] brn\n|upkeep\n|turn|8\n|\n|t:|1698370340\n|switch|p2a: Ting-Lu|Ting-Lu|74\/100 brn\n|-ability|p2a: Ting-Lu|Vessel of Ruin\n|move|p1a: Mewtwo|Psystrike|p2a: Ting-Lu\n|-immune|p2a: Ting-Lu\n|\n|-heal|p1a: Mewtwo|100\/100 brn|[from] item: Leftovers\n|-heal|p2a: Ting-Lu|80\/100 brn|[from] item: Leftovers\n|-damage|p1a: Mewtwo|94\/100 brn|[from] brn\n|-damage|p2a: Ting-Lu|74\/100 brn|[from] brn\n|upkeep\n|turn|9\n|\n|t:|1698370346\n|switch|p1a: Great Tusk|Great Tusk|45\/100\n|move|p2a: Ting-Lu|Ruination|p1a: Great Tusk\n|-damage|p1a: Great Tusk|23\/100\n|\n|-heal|p1a: Great Tusk|29\/100|[from] item: Leftovers\n|-heal|p2a: Ting-Lu|80\/100 brn|[from] item: Leftovers\n|-damage|p2a: Ting-Lu|74\/100 brn|[from] brn\n|upkeep\n|turn|10\n|\n|t:|1698370349\n|switch|p2a: Weezing|Weezing-Galar, F|90\/100\n|move|p1a: Great Tusk|Knock Off|p2a: Weezing\n|-resisted|p2a: Weezing\n|-damage|p2a: Weezing|82\/100\n|-damage|p1a: Great Tusk|12\/100|[from] item: Rocky Helmet|[of] p2a: Weezing\n|-enditem|p2a: Weezing|Rocky Helmet|[from] move: Knock Off|[of] p1a: Great Tusk\n|\n|-heal|p1a: Great Tusk|19\/100|[from] item: Leftovers\n|upkeep\n|turn|11\n|\n|t:|1698370354\n|move|p1a: Great Tusk|Knock Off|p2a: Weezing\n|-resisted|p2a: Weezing\n|-damage|p2a: Weezing|75\/100\n|move|p2a: Weezing|Will-O-Wisp|p1a: Great Tusk\n|-status|p1a: Great Tusk|brn\n|\n|-heal|p1a: Great Tusk|25\/100 brn|[from] item: Leftovers\n|-damage|p1a: Great Tusk|19\/100 brn|[from] brn\n|upkeep\n|turn|12\n|\n|t:|1698370358\n|-end|p1a: Great Tusk|Protosynthesis|[silent]\n|switch|p1a: Mewtwo|Mewtwo|94\/100 brn\n|-ability|p1a: Mewtwo|Pressure\n|move|p2a: Weezing|Strange Steam|p1a: Mewtwo\n|-damage|p1a: Mewtwo|72\/100 brn\n|\n|-heal|p1a: Mewtwo|78\/100 brn|[from] item: Leftovers\n|-damage|p1a: Mewtwo|72\/100 brn|[from] brn\n|upkeep\n|turn|13\n|\n|t:|1698370362\n|switch|p2a: Ting-Lu|Ting-Lu|74\/100 brn\n|-ability|p2a: Ting-Lu|Vessel of Ruin\n|move|p1a: Mewtwo|Taunt|p2a: Ting-Lu\n|-start|p2a: Ting-Lu|move: Taunt\n|\n|-heal|p1a: Mewtwo|78\/100 brn|[from] item: Leftovers\n|-heal|p2a: Ting-Lu|80\/100 brn|[from] item: Leftovers\n|-damage|p1a: Mewtwo|72\/100 brn|[from] brn\n|-damage|p2a: Ting-Lu|74\/100 brn|[from] brn\n|upkeep\n|turn|14\n|\n|t:|1698370364\n|switch|p1a: Arceus|Arceus-Ground|51\/100\n|move|p2a: Ting-Lu|Earthquake|p1a: Arceus\n|-damage|p1a: Arceus|41\/100\n|\n|-heal|p2a: Ting-Lu|80\/100 brn|[from] item: Leftovers\n|-damage|p2a: Ting-Lu|74\/100 brn|[from] brn\n|upkeep\n|turn|15\n|\n|t:|1698370367\n|switch|p2a: Kyogre|Kyogre|100\/100\n|-weather|RainDance|[from] ability: Drizzle|[of] p2a: Kyogre\n|move|p1a: Arceus|Recover|p1a: Arceus\n|-heal|p1a: Arceus|91\/100\n|\n|-weather|RainDance|[upkeep]\n|upkeep\n|turn|16\n|\n|t:|1698370370\n|switch|p1a: Eternatus|Eternatus|100\/100\n|-ability|p1a: Eternatus|Pressure\n|move|p2a: Kyogre|Ice Beam|p1a: Eternatus\n|-supereffective|p1a: Eternatus\n|-damage|p1a: Eternatus|60\/100\n|\n|-weather|RainDance|[upkeep]\n|upkeep\n|turn|17\n|\n|t:|1698370375\n|move|p1a: Eternatus|Dragon Pulse|p2a: Kyogre\n|-damage|p2a: Kyogre|69\/100\n|move|p2a: Kyogre|Thunder Wave|p1a: Eternatus\n|-status|p1a: Eternatus|par\n|\n|-weather|RainDance|[upkeep]\n|upkeep\n|turn|18\n|\n|t:|1698370381\n|move|p2a: Kyogre|Ice Beam|p1a: Eternatus\n|-supereffective|p1a: Eternatus\n|-damage|p1a: Eternatus|17\/100 par\n|cant|p1a: Eternatus|par\n|\n|-weather|RainDance|[upkeep]\n|upkeep\n|turn|19\n|\n|t:|1698370393\n|move|p2a: Kyogre|Ice Beam|p1a: Eternatus\n|-supereffective|p1a: Eternatus\n|-damage|p1a: Eternatus|0 fnt\n|faint|p1a: Eternatus\n|\n|-weather|none\n|upkeep\n|\n|t:|1698370394\n|switch|p1a: Koraidon|Koraidon|100\/100\n|-weather|SunnyDay|[from] ability: Orichalcum Pulse|[of] p1a: Koraidon\n|-activate|p1a: Koraidon|Orichalcum Pulse|[source]\n|turn|20\n|\n|t:|1698370399\n|move|p1a: Koraidon|Low Kick|p2a: Kyogre\n|-damage|p2a: Kyogre|0 fnt\n|faint|p2a: Kyogre\n|\n|-weather|SunnyDay|[upkeep]\n|upkeep\n|\n|t:|1698370411\n|switch|p2a: Weezing|Weezing-Galar, F|75\/100\n|turn|21\n|\n|t:|1698370415\n|switch|p1a: Mewtwo|Mewtwo|72\/100 brn\n|-ability|p1a: Mewtwo|Pressure\n|move|p2a: Weezing|Strange Steam|p1a: Mewtwo\n|-damage|p1a: Mewtwo|48\/100 brn\n|\n|-weather|SunnyDay|[upkeep]\n|-heal|p1a: Mewtwo|55\/100 brn|[from] item: Leftovers\n|-damage|p1a: Mewtwo|48\/100 brn|[from] brn\n|upkeep\n|turn|22\n|\n|t:|1698370421\n|switch|p2a: Miraidon|Miraidon|100\/100\n|-fieldstart|move: Electric Terrain|[from] ability: Hadron Engine|[of] p2a: Miraidon\n|move|p1a: Mewtwo|Will-O-Wisp|p2a: Miraidon\n|-status|p2a: Miraidon|brn\n|\n|-weather|SunnyDay|[upkeep]\n|-heal|p1a: Mewtwo|55\/100 brn|[from] item: Leftovers\n|-damage|p1a: Mewtwo|48\/100 brn|[from] brn\n|-damage|p2a: Miraidon|94\/100 brn|[from] brn\n|upkeep\n|turn|23\n|\n|t:|1698370429\n|switch|p1a: Arceus|Arceus-Ground|91\/100\n|move|p2a: Miraidon|Dragon Pulse|p1a: Arceus\n|-damage|p1a: Arceus|34\/100\n|\n|-weather|SunnyDay|[upkeep]\n|-damage|p2a: Miraidon|88\/100 brn|[from] brn\n|upkeep\n|turn|24\n|\n|t:|1698370434\n|switch|p1a: Great Tusk|Great Tusk|19\/100 brn\n|-activate|p1a: Great Tusk|ability: Protosynthesis\n|-start|p1a: Great Tusk|protosynthesisdef\n|move|p2a: Miraidon|Dragon Pulse|p1a: Great Tusk\n|-damage|p1a: Great Tusk|0 fnt\n|faint|p1a: Great Tusk\n|-end|p1a: Great Tusk|Protosynthesis|[silent]\n|\n|-weather|none\n|-damage|p2a: Miraidon|82\/100 brn|[from] brn\n|upkeep\n|\n|t:|1698370436\n|switch|p1a: Koraidon|Koraidon|100\/100\n|-weather|SunnyDay|[from] ability: Orichalcum Pulse|[of] p1a: Koraidon\n|-activate|p1a: Koraidon|Orichalcum Pulse|[source]\n|turn|25\n|j| i love wo chien\n|\n|t:|1698370441\n|move|p1a: Koraidon|U-turn|p2a: Miraidon\n|-damage|p2a: Miraidon|52\/100 brn\n|\n|t:|1698370456\n|switch|p1a: Mewtwo|Mewtwo|48\/100 brn|[from] U-turn\n|-ability|p1a: Mewtwo|Pressure\n|move|p2a: Miraidon|Dragon Pulse|p1a: Mewtwo\n|-damage|p1a: Mewtwo|0 fnt\n|faint|p1a: Mewtwo\n|\n|-weather|SunnyDay|[upkeep]\n|-damage|p2a: Miraidon|45\/100 brn|[from] brn\n|upkeep\n|\n|t:|1698370458\n|switch|p1a: Koraidon|Koraidon|100\/100\n|-activate|p1a: Koraidon|ability: Orichalcum Pulse\n|turn|26\n|\n|t:|1698370461\n|switch|p2a: Weezing|Weezing-Galar, F|75\/100\n|move|p1a: Koraidon|Flare Blitz|p2a: Weezing\n|-damage|p2a: Weezing|18\/100\n|-damage|p1a: Koraidon|82\/100|[from] Recoil\n|\n|-weather|SunnyDay|[upkeep]\n|-fieldend|move: Electric Terrain\n|upkeep\n|turn|27\n|\n|t:|1698370471\n|move|p1a: Koraidon|Flare Blitz|p2a: Weezing\n|-damage|p2a: Weezing|0 fnt\n|faint|p2a: Weezing\n|-damage|p1a: Koraidon|76\/100|[from] Recoil\n|\n|-weather|SunnyDay|[upkeep]\n|upkeep\n|\n|t:|1698370477\n|switch|p2a: Groudon|Groudon|89\/100\n|turn|28\n|\n|t:|1698370482\n|switch|p1a: Cresselia|Cresselia, F|100\/100\n|move|p2a: Groudon|Stealth Rock|p1a: Cresselia\n|-sidestart|p1: skoma|move: Stealth Rock\n|\n|-weather|SunnyDay|[upkeep]\n|-heal|p2a: Groudon|95\/100|[from] item: Leftovers\n|upkeep\n|turn|29\n|\n|t:|1698370485\n|move|p2a: Groudon|Swords Dance|p2a: Groudon\n|-boost|p2a: Groudon|atk|2\n|move|p1a: Cresselia|Calm Mind|p1a: Cresselia\n|-boost|p1a: Cresselia|spa|1\n|-boost|p1a: Cresselia|spd|1\n|\n|-weather|none\n|-heal|p2a: Groudon|100\/100|[from] item: Leftovers\n|upkeep\n|turn|30\n|\n|t:|1698370488\n|move|p2a: Groudon|Heat Crash|p1a: Cresselia\n|-crit|p1a: Cresselia\n|-damage|p1a: Cresselia|30\/100\n|move|p1a: Cresselia|Calm Mind|p1a: Cresselia\n|-boost|p1a: Cresselia|spa|1\n|-boost|p1a: Cresselia|spd|1\n|\n|-heal|p1a: Cresselia|36\/100|[from] item: Leftovers\n|upkeep\n|turn|31\n|\n|t:|1698370494\n|move|p2a: Groudon|Heat Crash|p1a: Cresselia\n|-damage|p1a: Cresselia|0 fnt\n|faint|p1a: Cresselia\n|\n|upkeep\n|\n|t:|1698370495\n|switch|p1a: Arceus|Arceus-Ground|34\/100\n|-damage|p1a: Arceus|28\/100|[from] Stealth Rock\n|turn|32\n|\n|t:|1698370499\n|switch|p2a: Miraidon|Miraidon|45\/100 brn\n|-fieldstart|move: Electric Terrain|[from] ability: Hadron Engine|[of] p2a: Miraidon\n|-terastallize|p1a: Arceus|Water\n|move|p1a: Arceus|Will-O-Wisp|p2a: Miraidon\n|-fail|p2a: Miraidon|brn\n|\n|-damage|p2a: Miraidon|39\/100 brn|[from] brn\n|upkeep\n|turn|33\n|-message|skoma forfeited.\n|\n|win|Kate\n|n|\u2606skoma|skoma\n|n|\u2606Kate|kate\n|n| GeniusFromHoenn|geniusfromhoenn\n|n| smithdvan|smithdvan\n|n| Doc115|doc115\n|n| s3rp3rior|s3rp3rior\n|n| i love wo chien|ilovewochien\n|l|\u2606skoma\n|l| i love wo chien\n|l|\u2606Kate\n|l| Doc115\n|l| smithdvan\n","uploadtime":1698370594,"views":25,"p1id":"skoma","p2id":"kate","formatid":"gen9ubers","rating":0,"private":0,"password":""}