{"id":"gen9ubers-1986689381","p1":"generalfrito","p2":"Bidy","format":"[Gen 9] Ubers","log":"|j|\u2606generalfrito\n|j|\u2606Bidy\n|t:|1699508243\n|gametype|singles\n|player|p1|generalfrito|clay|\n|player|p2|Bidy|volkner|\n|teamsize|p1|6\n|teamsize|p2|6\n|gen|9\n|tier|[Gen 9] Ubers\n|rule|Sleep Clause Mod: Limit one foe put to sleep\n|rule|Species Clause: Limit one of each Pok\u00e9mon\n|rule|OHKO Clause: OHKO moves are banned\n|rule|Evasion Items Clause: Evasion items are banned\n|rule|Evasion Moves Clause: Evasion moves are banned\n|rule|Endless Battle Clause: Forcing endless battles is banned\n|rule|HP Percentage Mod: HP is shown in percentages\n|clearpoke\n|poke|p1|Landorus-Therian, M|\n|poke|p1|Slowking-Galar, M|\n|poke|p1|Mimikyu, F|\n|poke|p1|Volcanion|\n|poke|p1|Cyclizar, F|\n|poke|p1|Corviknight, M|\n|poke|p2|Iron Treads|\n|poke|p2|Hoopa|\n|poke|p2|Iron Valiant|\n|poke|p2|Slowbro-Galar, F|\n|poke|p2|Zoroark-Hisui, M|\n|poke|p2|Wo-Chien|\n|teampreview\n|j| pasteal\n|\n|t:|1699508306\n|start\n|switch|p1a: Cyclizar|Cyclizar, F|100\/100\n|switch|p2a: Aigata Takashita|Iron Treads|100\/100\n|-enditem|p2a: Aigata Takashita|Booster Energy\n|-activate|p2a: Aigata Takashita|ability: Quark Drive|[fromitem]\n|-start|p2a: Aigata Takashita|quarkdrivespe\n|turn|1\n|inactive|Battle timer is ON: inactive players will automatically lose when time's up. (requested by generalfrito)\n|j| SlyTheSplicer\n|c|\u2606Bidy|mb\n|c|\u2606Bidy|forgot about timer\n|c|\u2606generalfrito|i got u\n|\n|t:|1699508348\n|move|p2a: Aigata Takashita|Stealth Rock|p1a: Cyclizar\n|-sidestart|p1: generalfrito|move: Stealth Rock\n|move|p1a: Cyclizar|U-turn|p2a: Aigata Takashita\n|-resisted|p2a: Aigata Takashita\n|-damage|p2a: Aigata Takashita|89\/100\n|-damage|p1a: Cyclizar|91\/100|[from] item: Life Orb\n|\n|t:|1699508362\n|switch|p1a: Volcanion|Volcanion|100\/100|[from] U-turn\n|-damage|p1a: Volcanion|75\/100|[from] Stealth Rock\n|\n|upkeep\n|turn|2\n|\n|t:|1699508369\n|move|p2a: Aigata Takashita|Earth Power|p1a: Volcanion\n|-supereffective|p1a: Volcanion\n|-damage|p1a: Volcanion|29\/100\n|move|p1a: Volcanion|Steam Eruption|p2a: Aigata Takashita\n|-supereffective|p2a: Aigata Takashita\n|-damage|p2a: Aigata Takashita|0 fnt\n|faint|p2a: Aigata Takashita\n|-end|p2a: Aigata Takashita|Quark Drive|[silent]\n|\n|upkeep\n|\n|t:|1699508396\n|switch|p2a: Disdick Onyobih|Hoopa|100\/100\n|turn|3\n|\n|t:|1699508412\n|move|p2a: Disdick Onyobih|Psychic|p1a: Volcanion\n|-damage|p1a: Volcanion|0 fnt\n|faint|p1a: Volcanion\n|\n|upkeep\n|\n|t:|1699508427\n|switch|p1a: Mimikyu|Mimikyu, F|100\/100\n|-damage|p1a: Mimikyu|88\/100|[from] Stealth Rock\n|turn|4\n|j| Munano42\n|c| Munano42|hi chat\n|inactive|Bidy has 270 seconds left.\n|inactive|Bidy has 240 seconds left.\n|\n|t:|1699508477\n|switch|p2a: Yoshih Isfukd|Wo-Chien|100\/100\n|-ability|p2a: Yoshih Isfukd|Tablets of Ruin\n|move|p1a: Mimikyu|Shadow Claw|p2a: Yoshih Isfukd\n|-resisted|p2a: Yoshih Isfukd\n|-damage|p2a: Yoshih Isfukd|90\/100\n|\n|-heal|p2a: Yoshih Isfukd|96\/100|[from] item: Leftovers\n|upkeep\n|turn|5\n|\n|t:|1699508492\n|switch|p1a: Landorus|Landorus-Therian, M|100\/100\n|-damage|p1a: Landorus|88\/100|[from] Stealth Rock\n|-ability|p1a: Landorus|Intimidate|boost\n|-unboost|p2a: Yoshih Isfukd|atk|1\n|move|p2a: Yoshih Isfukd|Knock Off|p1a: Landorus\n|-damage|p1a: Landorus|67\/100\n|-enditem|p1a: Landorus|Leftovers|[from] move: Knock Off|[of] p2a: Yoshih Isfukd\n|\n|-heal|p2a: Yoshih Isfukd|100\/100|[from] item: Leftovers\n|upkeep\n|turn|6\n|\n|t:|1699508507\n|move|p2a: Yoshih Isfukd|Protect|p2a: Yoshih Isfukd\n|-singleturn|p2a: Yoshih Isfukd|Protect\n|move|p1a: Landorus|Substitute|p1a: Landorus\n|-start|p1a: Landorus|Substitute\n|-damage|p1a: Landorus|42\/100\n|\n|upkeep\n|turn|7\n|inactive|Bidy has 240 seconds left.\n|inactive|Bidy has 210 seconds left.\n|inactive|Bidy has 180 seconds left.\n|\n|t:|1699508596\n|move|p1a: Landorus|Stealth Rock|p2a: Yoshih Isfukd\n|-sidestart|p2: Bidy|move: Stealth Rock\n|move|p2a: Yoshih Isfukd|Ruination|p1a: Landorus\n|-activate|p1a: Landorus|move: Substitute|[damage]\n|\n|upkeep\n|turn|8\n|\n|t:|1699508606\n|move|p1a: Landorus|Earthquake|p2a: Yoshih Isfukd\n|-resisted|p2a: Yoshih Isfukd\n|-damage|p2a: Yoshih Isfukd|87\/100\n|move|p2a: Yoshih Isfukd|Knock Off|p1a: Landorus\n|-end|p1a: Landorus|Substitute\n|\n|-heal|p2a: Yoshih Isfukd|93\/100|[from] item: Leftovers\n|upkeep\n|turn|9\n|inactive|Bidy has 180 seconds left.\n|\n|t:|1699508640\n|move|p1a: Landorus|U-turn|p2a: Yoshih Isfukd\n|-supereffective|p2a: Yoshih Isfukd\n|-damage|p2a: Yoshih Isfukd|44\/100\n|\n|t:|1699508645\n|switch|p1a: Slowking|Slowking-Galar, M|100\/100|[from] U-turn\n|-damage|p1a: Slowking|88\/100|[from] Stealth Rock\n|move|p2a: Yoshih Isfukd|Ruination|p1a: Slowking|[miss]\n|-miss|p2a: Yoshih Isfukd|p1a: Slowking\n|\n|-heal|p2a: Yoshih Isfukd|50\/100|[from] item: Leftovers\n|-heal|p1a: Slowking|94\/100|[from] item: Leftovers\n|upkeep\n|turn|10\n|inactive|Bidy has 150 seconds left.\n|\n|t:|1699508677\n|move|p2a: Yoshih Isfukd|Protect|p2a: Yoshih Isfukd\n|-singleturn|p2a: Yoshih Isfukd|Protect\n|move|p1a: Slowking|Curse|p1a: Slowking\n|-unboost|p1a: Slowking|spe|1\n|-boost|p1a: Slowking|atk|1\n|-boost|p1a: Slowking|def|1\n|\n|-heal|p2a: Yoshih Isfukd|56\/100|[from] item: Leftovers\n|-heal|p1a: Slowking|99\/100|[from] item: Leftovers\n|upkeep\n|turn|11\n|inactive|Bidy has 150 seconds left.\n|\n|t:|1699508685\n|move|p2a: Yoshih Isfukd|Knock Off|p1a: Slowking\n|-supereffective|p1a: Slowking\n|-damage|p1a: Slowking|72\/100\n|-enditem|p1a: Slowking|Leftovers|[from] move: Knock Off|[of] p2a: Yoshih Isfukd\n|move|p1a: Slowking|Yawn|p2a: Yoshih Isfukd\n|-start|p2a: Yoshih Isfukd|move: Yawn|[of] p1a: Slowking\n|\n|-heal|p2a: Yoshih Isfukd|62\/100|[from] item: Leftovers\n|upkeep\n|turn|12\n|\n|t:|1699508695\n|switch|p2a: Xi Wenslobro|Slowbro-Galar, F|100\/100\n|-damage|p2a: Xi Wenslobro|88\/100|[from] Stealth Rock\n|move|p1a: Slowking|Gunk Shot|p2a: Xi Wenslobro|[miss]\n|-miss|p1a: Slowking|p2a: Xi Wenslobro\n|\n|-heal|p2a: Xi Wenslobro|94\/100|[from] item: Black Sludge\n|upkeep\n|turn|13\n|\n|t:|1699508700\n|move|p2a: Xi Wenslobro|Yawn|p1a: Slowking\n|-start|p1a: Slowking|move: Yawn|[of] p2a: Xi Wenslobro\n|move|p1a: Slowking|Yawn|p2a: Xi Wenslobro\n|-start|p2a: Xi Wenslobro|move: Yawn|[of] p1a: Slowking\n|\n|-heal|p2a: Xi Wenslobro|99\/100|[from] item: Black Sludge\n|upkeep\n|turn|14\n|\n|t:|1699508720\n|switch|p2a: Yoshih Isfukd|Wo-Chien|62\/100\n|-damage|p2a: Yoshih Isfukd|50\/100|[from] Stealth Rock\n|-ability|p2a: Yoshih Isfukd|Tablets of Ruin\n|move|p1a: Slowking|Curse|p1a: Slowking\n|-unboost|p1a: Slowking|spe|1\n|-boost|p1a: Slowking|atk|1\n|-boost|p1a: Slowking|def|1\n|\n|-heal|p2a: Yoshih Isfukd|56\/100|[from] item: Leftovers\n|-end|p1a: Slowking|move: Yawn|[silent]\n|-status|p1a: Slowking|slp\n|upkeep\n|turn|15\n|\n|t:|1699508728\n|move|p2a: Yoshih Isfukd|Leech Seed|p1a: Slowking\n|-start|p1a: Slowking|move: Leech Seed\n|cant|p1a: Slowking|slp\n|\n|-heal|p2a: Yoshih Isfukd|62\/100|[from] item: Leftovers\n|-damage|p1a: Slowking|60\/100 slp|[from] Leech Seed|[of] p2a: Yoshih Isfukd\n|-heal|p2a: Yoshih Isfukd|75\/100|[silent]\n|upkeep\n|turn|16\n|\n|t:|1699508741\n|switch|p1a: Cyclizar|Cyclizar, F|100\/100\n|-damage|p1a: Cyclizar|88\/100|[from] Stealth Rock\n|move|p2a: Yoshih Isfukd|Ruination|p1a: Cyclizar\n|-damage|p1a: Cyclizar|44\/100\n|\n|-heal|p2a: Yoshih Isfukd|82\/100|[from] item: Leftovers\n|upkeep\n|turn|17\n|inactive|Bidy has 150 seconds left.\n|\n|t:|1699508776\n|move|p2a: Yoshih Isfukd|Protect|p2a: Yoshih Isfukd\n|-singleturn|p2a: Yoshih Isfukd|Protect\n|move|p1a: Cyclizar|U-turn|p2a: Yoshih Isfukd\n|-activate|p2a: Yoshih Isfukd|move: Protect\n|\n|-heal|p2a: Yoshih Isfukd|88\/100|[from] item: Leftovers\n|upkeep\n|turn|18\n|\n|t:|1699508785\n|move|p1a: Cyclizar|Knock Off|p2a: Yoshih Isfukd\n|-resisted|p2a: Yoshih Isfukd\n|-damage|p2a: Yoshih Isfukd|79\/100\n|-enditem|p2a: Yoshih Isfukd|Leftovers|[from] move: Knock Off|[of] p1a: Cyclizar\n|-damage|p1a: Cyclizar|34\/100|[from] item: Life Orb\n|move|p2a: Yoshih Isfukd|Knock Off|p1a: Cyclizar\n|-damage|p1a: Cyclizar|0 fnt\n|-enditem|p1a: Cyclizar|Life Orb|[from] move: Knock Off|[of] p2a: Yoshih Isfukd\n|faint|p1a: Cyclizar\n|\n|upkeep\n|\n|t:|1699508805\n|switch|p1a: Landorus|Landorus-Therian, M|42\/100\n|-damage|p1a: Landorus|30\/100|[from] Stealth Rock\n|-ability|p1a: Landorus|Intimidate|boost\n|-unboost|p2a: Yoshih Isfukd|atk|1\n|turn|19\n|\n|t:|1699508820\n|move|p1a: Landorus|U-turn|p2a: Yoshih Isfukd\n|-supereffective|p2a: Yoshih Isfukd\n|-damage|p2a: Yoshih Isfukd|28\/100\n|\n|t:|1699508825\n|switch|p1a: Corviknight|Corviknight, M|100\/100|[from] U-turn\n|-damage|p1a: Corviknight|88\/100|[from] Stealth Rock\n|-ability|p1a: Corviknight|Pressure\n|move|p2a: Yoshih Isfukd|Ruination|p1a: Corviknight\n|-damage|p1a: Corviknight|44\/100\n|\n|-heal|p1a: Corviknight|50\/100|[from] item: Leftovers\n|upkeep\n|turn|20\n|inactive|Bidy has 150 seconds left.\n|\n|t:|1699508857\n|move|p2a: Yoshih Isfukd|Leech Seed|p1a: Corviknight|[miss]\n|-miss|p2a: Yoshih Isfukd|p1a: Corviknight\n|move|p1a: Corviknight|Brave Bird|p2a: Yoshih Isfukd\n|-supereffective|p2a: Yoshih Isfukd\n|-damage|p2a: Yoshih Isfukd|0 fnt\n|faint|p2a: Yoshih Isfukd\n|-damage|p1a: Corviknight|42\/100|[from] Recoil\n|\n|-heal|p1a: Corviknight|48\/100|[from] item: Leftovers\n|upkeep\n|\n|t:|1699508871\n|switch|p2a: Disdick Onyobih|Hoopa|100\/100\n|-damage|p2a: Disdick Onyobih|88\/100|[from] Stealth Rock\n|turn|21\n|\n|t:|1699508888\n|-terastallize|p2a: Disdick Onyobih|Ghost\n|move|p2a: Disdick Onyobih|Shadow Ball|p1a: Corviknight\n|-damage|p1a: Corviknight|2\/100\n|move|p1a: Corviknight|Roost|p1a: Corviknight\n|-heal|p1a: Corviknight|52\/100\n|-singleturn|p1a: Corviknight|move: Roost\n|\n|-heal|p1a: Corviknight|58\/100|[from] item: Leftovers\n|upkeep\n|turn|22\n|inactive|Bidy has 150 seconds left.\n|c|\u2606Bidy|why do u always run full spdef on this bitch\n|c|\u2606Bidy|jesus\n|c|\u2606generalfrito|cus its u\n|inactive|Bidy has 120 seconds left.\n|\n|t:|1699508927\n|switch|p2a: Xi Wenslobro|Slowbro-Galar, F|100\/100\n|-damage|p2a: Xi Wenslobro|88\/100|[from] Stealth Rock\n|move|p1a: Corviknight|U-turn|p2a: Xi Wenslobro\n|-crit|p2a: Xi Wenslobro\n|-damage|p2a: Xi Wenslobro|69\/100\n|inactive|generalfrito has 270 seconds left.\n|c|\u2606Bidy|and that slowking is full physdef for sure\n|\n|t:|1699508945\n|switch|p1a: Mimikyu|Mimikyu, F|88\/100|[from] U-turn\n|-damage|p1a: Mimikyu|76\/100|[from] Stealth Rock\n|\n|-heal|p2a: Xi Wenslobro|75\/100|[from] item: Black Sludge\n|upkeep\n|turn|23\n|c|\u2606Bidy|why do u run them backwards\n|inactive|generalfrito has 270 seconds left.\n|inactive|Bidy has 120 seconds left.\n|\n|t:|1699508968\n|move|p1a: Mimikyu|Trick|p2a: Xi Wenslobro\n|-activate|p1a: Mimikyu|move: Trick|[of] p2a: Xi Wenslobro\n|-item|p2a: Xi Wenslobro|Choice Band|[from] move: Trick\n|-item|p1a: Mimikyu|Black Sludge|[from] move: Trick\n|move|p2a: Xi Wenslobro|Gunk Shot|p1a: Mimikyu\n|-activate|p1a: Mimikyu|ability: Disguise\n|-damage|p1a: Mimikyu|76\/100\n|detailschange|p1a: Mimikyu|Mimikyu-Busted, F\n|-damage|p1a: Mimikyu|63\/100|[from] pokemon: Mimikyu-Busted\n|\n|-damage|p1a: Mimikyu|51\/100|[from] item: Black Sludge\n|upkeep\n|turn|24\n|inactive|Bidy has 120 seconds left.\n|inactive|generalfrito has 270 seconds left.\n|\n|t:|1699509000\n|switch|p2a: Disdick Onyobih|Hoopa|100\/100\n|-damage|p2a: Disdick Onyobih|88\/100|[from] Stealth Rock\n|move|p1a: Mimikyu|Shadow Claw|p2a: Disdick Onyobih\n|-immune|p2a: Disdick Onyobih\n|\n|-damage|p1a: Mimikyu|39\/100|[from] item: Black Sludge\n|upkeep\n|-start|p2a: Disdick Onyobih|typechange|Ghost|[silent]\n|turn|25\n|inactive|Bidy has 90 seconds left.\n|\n|t:|1699509024\n|move|p1a: Mimikyu|Play Rough|p2a: Disdick Onyobih\n|-damage|p2a: Disdick Onyobih|19\/100\n|replace|p2a: Aibi Beetnhisxiup|Zoroark-Hisui, M\n|-end|p2a: Aibi Beetnhisxiup|Illusion\n|move|p2a: Aibi Beetnhisxiup|Bitter Malice|p1a: Mimikyu\n|-supereffective|p1a: Mimikyu\n|-damage|p1a: Mimikyu|0 fnt\n|faint|p1a: Mimikyu\n|-damage|p2a: Aibi Beetnhisxiup|9\/100|[from] item: Life Orb\n|\n|upkeep\n|\n|t:|1699509039\n|switch|p1a: Corviknight|Corviknight, M|58\/100\n|-damage|p1a: Corviknight|46\/100|[from] Stealth Rock\n|-ability|p1a: Corviknight|Pressure\n|turn|26\n|inactive|Bidy has 90 seconds left.\n|\n|t:|1699509059\n|switch|p1a: Slowking|Slowking-Galar, M|93\/100 slp\n|-damage|p1a: Slowking|81\/100 slp|[from] Stealth Rock\n|move|p2a: Aibi Beetnhisxiup|Taunt|p1a: Slowking\n|-start|p1a: Slowking|move: Taunt\n|\n|upkeep\n|turn|27\n|inactive|Bidy has 90 seconds left.\n|\n|t:|1699509070\n|move|p2a: Aibi Beetnhisxiup|Shadow Ball|p1a: Slowking\n|-supereffective|p1a: Slowking\n|-damage|p1a: Slowking|7\/100 slp\n|-damage|p2a: Aibi Beetnhisxiup|0 fnt|[from] item: Life Orb\n|faint|p2a: Aibi Beetnhisxiup\n|-curestatus|p1a: Slowking|slp|[msg]\n|move|p1a: Slowking|Gunk Shot|p2: Aibi Beetnhisxiup|[notarget]\n|-fail|p1a: Slowking\n|\n|upkeep\n|inactive|Bidy has 90 seconds left.\n|\n|t:|1699509101\n|switch|p2a: Disdick Onyobih|Hoopa, tera:Ghost|88\/100\n|-damage|p2a: Disdick Onyobih|76\/100|[from] Stealth Rock\n|turn|28\n|\n|t:|1699509106\n|move|p2a: Disdick Onyobih|Shadow Ball|p1a: Slowking\n|-supereffective|p1a: Slowking\n|-damage|p1a: Slowking|0 fnt\n|faint|p1a: Slowking\n|\n|upkeep\n|\n|t:|1699509110\n|switch|p1a: Corviknight|Corviknight, M|46\/100\n|-damage|p1a: Corviknight|33\/100|[from] Stealth Rock\n|-ability|p1a: Corviknight|Pressure\n|turn|29\n|\n|t:|1699509116\n|move|p2a: Disdick Onyobih|Shadow Ball|p1a: Corviknight\n|-damage|p1a: Corviknight|0 fnt\n|faint|p1a: Corviknight\n|\n|upkeep\n|\n|t:|1699509119\n|switch|p1a: Landorus|Landorus-Therian, M|30\/100\n|-damage|p1a: Landorus|17\/100|[from] Stealth Rock\n|-ability|p1a: Landorus|Intimidate|boost\n|-unboost|p2a: Disdick Onyobih|atk|1\n|turn|30\n|\n|t:|1699509121\n|move|p2a: Disdick Onyobih|Shadow Ball|p1a: Landorus\n|-damage|p1a: Landorus|0 fnt\n|faint|p1a: Landorus\n|\n|win|Bidy\n|l|\u2606generalfrito\n|l| SlyTheSplicer\n|c|\u2606Bidy|gg\n","uploadtime":1699509133,"views":7,"p1id":"generalfrito","p2id":"bidy","formatid":"gen9ubers","rating":0,"private":0,"password":""}