{"id":"gen9ubers-1976295536","p1":"Nitro524","p2":"PinkyWinkyt","format":"[Gen 9] Ubers","log":"|j|\u2606Nitro524\n|j|\u2606PinkyWinkyt\n|t:|1698283420\n|gametype|singles\n|player|p1|Nitro524|170|1279\n|player|p2|PinkyWinkyt|hilda|1192\n|teamsize|p1|6\n|teamsize|p2|6\n|gen|9\n|tier|[Gen 9] Ubers\n|rated|\n|rule|Sleep Clause Mod: Limit one foe put to sleep\n|rule|Species Clause: Limit one of each Pok\u00e9mon\n|rule|OHKO Clause: OHKO moves are banned\n|rule|Evasion Items Clause: Evasion items are banned\n|rule|Evasion Moves Clause: Evasion moves are banned\n|rule|Endless Battle Clause: Forcing endless battles is banned\n|rule|HP Percentage Mod: HP is shown in percentages\n|clearpoke\n|poke|p1|Koraidon|\n|poke|p1|Ceruledge, M|\n|poke|p1|Iron Treads|\n|poke|p1|Flutter Mane|\n|poke|p1|Miraidon|\n|poke|p1|Walking Wake|\n|poke|p2|Grimmsnarl, M|\n|poke|p2|Volcarona, M|\n|poke|p2|Great Tusk|\n|poke|p2|Dragonite, M|\n|poke|p2|Milotic, F|\n|poke|p2|Staraptor, F|\n|teampreview\n|inactive|Battle timer is ON: inactive players will automatically lose when time's up. (requested by PinkyWinkyt)\n|c|\u2606Nitro524|glhf\n|\n|t:|1698283441\n|start\n|switch|p1a: Koraidon|Koraidon|100\/100\n|switch|p2a: Staraptor|Staraptor, F, shiny|100\/100\n|-weather|SunnyDay|[from] ability: Orichalcum Pulse|[of] p1a: Koraidon\n|-activate|p1a: Koraidon|Orichalcum Pulse|[source]\n|turn|1\n|\n|t:|1698283451\n|move|p1a: Koraidon|U-turn|p2a: Staraptor\n|-resisted|p2a: Staraptor\n|-damage|p2a: Staraptor|74\/100\n|\n|t:|1698283453\n|switch|p1a: Ceruledge|Ceruledge, M|100\/100|[from] U-turn\n|move|p2a: Staraptor|Brave Bird|p1a: Ceruledge\n|-damage|p1a: Ceruledge|1\/100\n|-damage|p2a: Staraptor|37\/100|[from] Recoil\n|\n|-weather|SunnyDay|[upkeep]\n|upkeep\n|turn|2\n|\n|t:|1698283466\n|switch|p2a: Milotic|Milotic, F, shiny|100\/100\n|move|p1a: Ceruledge|Bitter Blade|p2a: Milotic\n|-resisted|p2a: Milotic\n|-damage|p2a: Milotic|72\/100\n|-heal|p1a: Ceruledge|17\/100|[from] drain|[of] p2a: Milotic\n|-damage|p1a: Ceruledge|8\/100|[from] item: Life Orb\n|\n|-weather|SunnyDay|[upkeep]\n|-heal|p2a: Milotic|78\/100|[from] item: Leftovers\n|upkeep\n|turn|3\n|\n|t:|1698283478\n|move|p1a: Ceruledge|Poltergeist|p2a: Milotic\n|-activate|p2a: Milotic|move: Poltergeist|Leftovers\n|-damage|p2a: Milotic|34\/100\n|-damage|p1a: Ceruledge|0 fnt|[from] item: Life Orb\n|faint|p1a: Ceruledge\n|move|p2a: Milotic|Scald|p1: Ceruledge|[notarget]\n|-fail|p2a: Milotic\n|\n|-weather|SunnyDay|[upkeep]\n|-heal|p2a: Milotic|40\/100|[from] item: Leftovers\n|upkeep\n|\n|t:|1698283486\n|switch|p1a: Miraidon|Miraidon|100\/100\n|-fieldstart|move: Electric Terrain|[from] ability: Hadron Engine|[of] p1a: Miraidon\n|turn|4\n|\n|t:|1698283496\n|-terastallize|p2a: Milotic|Electric\n|move|p1a: Miraidon|Electro Drift|p2a: Milotic\n|-resisted|p2a: Milotic\n|-damage|p2a: Milotic|0 fnt\n|faint|p2a: Milotic\n|\n|-weather|SunnyDay|[upkeep]\n|upkeep\n|\n|t:|1698283501\n|switch|p2a: Great Tusk|Great Tusk|100\/100\n|-activate|p2a: Great Tusk|ability: Protosynthesis\n|-start|p2a: Great Tusk|protosynthesisatk\n|turn|5\n|inactive|Nitro524 has 120 seconds left.\n|\n|t:|1698283555\n|switch|p1a: Koraidon|Koraidon|100\/100\n|-activate|p1a: Koraidon|ability: Orichalcum Pulse\n|move|p2a: Great Tusk|Headlong Rush|p1a: Koraidon\n|-crit|p1a: Koraidon\n|-damage|p1a: Koraidon|0 fnt\n|-unboost|p2a: Great Tusk|def|1\n|-unboost|p2a: Great Tusk|spd|1\n|faint|p1a: Koraidon\n|\n|-weather|none\n|-end|p2a: Great Tusk|Protosynthesis\n|upkeep\n|\n|t:|1698283563\n|switch|p1a: Flutter Mane|Flutter Mane|100\/100\n|turn|6\n|\n|t:|1698283568\n|-end|p2a: Great Tusk|Protosynthesis|[silent]\n|switch|p2a: Grimmsnarl|Grimmsnarl, M, shiny|100\/100\n|move|p1a: Flutter Mane|Moonblast|p2a: Grimmsnarl\n|-supereffective|p2a: Grimmsnarl\n|-damage|p2a: Grimmsnarl|0 fnt\n|faint|p2a: Grimmsnarl\n|\n|upkeep\n|\n|t:|1698283578\n|switch|p2a: Dragonite|Dragonite, M|100\/100\n|turn|7\n|inactive|Nitro524 has 120 seconds left.\n|c|\u2606Nitro524|you are aware this is ubers\n|c|\u2606Nitro524|yes\n|\n|t:|1698283586\n|move|p1a: Flutter Mane|Moonblast|p2a: Dragonite\n|-supereffective|p2a: Dragonite\n|-damage|p2a: Dragonite|21\/100\n|move|p2a: Dragonite|Iron Head|p1a: Flutter Mane\n|-supereffective|p1a: Flutter Mane\n|-damage|p1a: Flutter Mane|0 fnt\n|faint|p1a: Flutter Mane\n|-end|p1a: Flutter Mane|Protosynthesis|[silent]\n|\n|upkeep\n|inactive|Nitro524 has 120 seconds left.\n|\n|t:|1698283601\n|switch|p1a: Miraidon|Miraidon|100\/100\n|-activate|p1a: Miraidon|ability: Hadron Engine\n|turn|8\n|\n|t:|1698283618\n|move|p1a: Miraidon|Draco Meteor|p2a: Dragonite\n|-supereffective|p2a: Dragonite\n|-damage|p2a: Dragonite|0 fnt\n|-unboost|p1a: Miraidon|spa|2\n|faint|p2a: Dragonite\n|\n|-fieldend|move: Electric Terrain\n|upkeep\n|\n|t:|1698283622\n|switch|p2a: Great Tusk|Great Tusk|100\/100\n|turn|9\n|\n|t:|1698283633\n|move|p1a: Miraidon|Draco Meteor|p2a: Great Tusk\n|-damage|p2a: Great Tusk|33\/100\n|-unboost|p1a: Miraidon|spa|2\n|move|p2a: Great Tusk|Headlong Rush|p1a: Miraidon\n|-supereffective|p1a: Miraidon\n|-damage|p1a: Miraidon|0 fnt\n|-unboost|p2a: Great Tusk|def|1\n|-unboost|p2a: Great Tusk|spd|1\n|faint|p1a: Miraidon\n|\n|-heal|p2a: Great Tusk|39\/100|[from] item: Leftovers\n|upkeep\n|\n|t:|1698283638\n|switch|p1a: Walking Wake|Walking Wake|100\/100\n|turn|10\n|\n|t:|1698283643\n|move|p1a: Walking Wake|Hydro Steam|p2a: Great Tusk\n|-supereffective|p2a: Great Tusk\n|-damage|p2a: Great Tusk|0 fnt\n|faint|p2a: Great Tusk\n|-end|p2a: Great Tusk|Protosynthesis|[silent]\n|\n|upkeep\n|\n|t:|1698283647\n|switch|p2a: Staraptor|Staraptor, F, shiny|37\/100\n|turn|11\n|\n|t:|1698283650\n|move|p1a: Walking Wake|Hydro Steam|p2a: Staraptor\n|-damage|p2a: Staraptor|0 fnt\n|faint|p2a: Staraptor\n|\n|upkeep\n|\n|t:|1698283652\n|switch|p2a: Volcarona|Volcarona, M|100\/100\n|turn|12\n|c|\u2606Nitro524|gg\n|\n|t:|1698283656\n|move|p1a: Walking Wake|Hydro Steam|p2a: Volcarona\n|-supereffective|p2a: Volcarona\n|-damage|p2a: Volcarona|0 fnt\n|faint|p2a: Volcarona\n|\n|win|Nitro524\n|raw|Nitro524's rating: 1279 &rarr; <strong>1298<\/strong><br \/>(+19 for winning)\n|raw|PinkyWinkyt's rating: 1192 &rarr; <strong>1173<\/strong><br \/>(-19 for losing)\n|l|\u2606PinkyWinkyt\n","uploadtime":1698283664,"views":28,"p1id":"nitro524","p2id":"pinkywinkyt","formatid":"gen9ubers","rating":1173,"private":0,"password":""}