{"id":"gen9ubers-1989285519","p1":"18Angel2001","p2":"grass knot zygarde","format":"[Gen 9] Ubers","log":"|j|\u260618Angel2001\n|j|\u2606grass knot zygarde\n|t:|1699831928\n|gametype|singles\n|player|p1|18Angel2001|170|1123\n|player|p2|grass knot zygarde|dawn|1169\n|teamsize|p1|6\n|teamsize|p2|6\n|gen|9\n|tier|[Gen 9] Ubers\n|rated|\n|rule|Sleep Clause Mod: Limit one foe put to sleep\n|rule|Species Clause: Limit one of each Pok\u00e9mon\n|rule|OHKO Clause: OHKO moves are banned\n|rule|Evasion Items Clause: Evasion items are banned\n|rule|Evasion Moves Clause: Evasion moves are banned\n|rule|Endless Battle Clause: Forcing endless battles is banned\n|rule|HP Percentage Mod: HP is shown in percentages\n|clearpoke\n|poke|p1|Ogerpon, F|\n|poke|p1|Roaring Moon|\n|poke|p1|Quaquaval, M|\n|poke|p1|Gholdengo|\n|poke|p1|Armarouge, F|\n|poke|p1|Glimmora, F|\n|poke|p2|Ribombee, M|\n|poke|p2|Ogerpon-Hearthflame, F|\n|poke|p2|Koraidon|\n|poke|p2|Zacian-*|\n|poke|p2|Flutter Mane|\n|poke|p2|Miraidon|\n|teampreview\n|inactive|Battle timer is ON: inactive players will automatically lose when time's up. (requested by grass knot zygarde)\n|\n|t:|1699831948\n|start\n|switch|p1a: Glimmora|Glimmora, F|100\/100\n|switch|p2a: ohio rizz|Ribombee, M, shiny|100\/100\n|turn|1\n|j| incrediblegassygem\n|\n|t:|1699831961\n|move|p2a: ohio rizz|Psychic|p1a: Glimmora\n|-supereffective|p1a: Glimmora\n|-damage|p1a: Glimmora|44\/100\n|move|p1a: Glimmora|Stealth Rock|p2a: ohio rizz\n|-sidestart|p2: grass knot zygarde|move: Stealth Rock\n|\n|upkeep\n|turn|2\n|\n|t:|1699831968\n|move|p2a: ohio rizz|Psychic|p1a: Glimmora\n|-supereffective|p1a: Glimmora\n|-damage|p1a: Glimmora|0 fnt\n|faint|p1a: Glimmora\n|\n|upkeep\n|c| incrediblegassygem|aand he's playubg ubers\n|\n|t:|1699831980\n|switch|p1a: Gholdengo|Gholdengo|100\/100\n|turn|3\n|\n|t:|1699831990\n|move|p1a: Gholdengo|Shadow Ball|p2a: ohio rizz\n|-damage|p2a: ohio rizz|23\/100\n|move|p2a: ohio rizz|Sticky Web|p1a: Gholdengo\n|-sidestart|p1: 18Angel2001|move: Sticky Web\n|\n|upkeep\n|turn|4\n|\n|t:|1699831996\n|move|p1a: Gholdengo|Shadow Ball|p2a: ohio rizz\n|-damage|p2a: ohio rizz|0 fnt\n|faint|p2a: ohio rizz\n|\n|upkeep\n|c| incrediblegassygem|switch to flutter mane\n|c| incrediblegassygem|pffft..\n|\n|t:|1699832013\n|switch|p2a: Miraidon|Miraidon|100\/100\n|-damage|p2a: Miraidon|88\/100|[from] Stealth Rock\n|-fieldstart|move: Electric Terrain|[from] ability: Hadron Engine|[of] p2a: Miraidon\n|-enditem|p2a: Miraidon|Electric Seed\n|-boost|p2a: Miraidon|def|1|[from] item: Electric Seed\n|turn|5\n|\n|t:|1699832020\n|move|p1a: Gholdengo|Shadow Ball|p2a: Miraidon\n|-damage|p2a: Miraidon|59\/100\n|move|p2a: Miraidon|Parabolic Charge|p1a: Gholdengo\n|-damage|p1a: Gholdengo|24\/100\n|-heal|p2a: Miraidon|89\/100|[from] drain|[of] p1a: Gholdengo\n|\n|upkeep\n|turn|6\n|\n|t:|1699832028\n|move|p1a: Gholdengo|Shadow Ball|p2a: Miraidon\n|-damage|p2a: Miraidon|60\/100\n|move|p2a: Miraidon|Calm Mind|p2a: Miraidon\n|-boost|p2a: Miraidon|spa|1\n|-boost|p2a: Miraidon|spd|1\n|\n|upkeep\n|turn|7\n|\n|t:|1699832035\n|move|p1a: Gholdengo|Shadow Ball|p2a: Miraidon\n|-damage|p2a: Miraidon|36\/100\n|move|p2a: Miraidon|Parabolic Charge|p1a: Gholdengo\n|-damage|p1a: Gholdengo|0 fnt\n|-heal|p2a: Miraidon|46\/100|[from] drain|[of] p1a: Gholdengo\n|faint|p1a: Gholdengo\n|\n|upkeep\n|\n|t:|1699832052\n|switch|p1a: Ogerpon|Ogerpon, F|100\/100\n|-activate|p1a: Ogerpon|move: Sticky Web\n|-unboost|p1a: Ogerpon|spe|1\n|-ability|p1a: Ogerpon|Defiant|boost\n|-boost|p1a: Ogerpon|atk|2\n|turn|8\n|\n|t:|1699832059\n|move|p2a: Miraidon|Dragon Pulse|p1a: Ogerpon\n|-damage|p1a: Ogerpon|0 fnt\n|faint|p1a: Ogerpon\n|\n|upkeep\n|\n|t:|1699832075\n|switch|p1a: Armarouge|Armarouge, F|100\/100\n|-activate|p1a: Armarouge|move: Sticky Web\n|-unboost|p1a: Armarouge|spe|1\n|turn|9\n|-message|18Angel2001 forfeited.\n|\n|win|grass knot zygarde\n|raw|18Angel2001's rating: 1123 &rarr; <strong>1101<\/strong><br \/>(-22 for losing)\n|raw|grass knot zygarde's rating: 1169 &rarr; <strong>1191<\/strong><br \/>(+22 for winning)\n|l|\u260618Angel2001\n|l| incrediblegassygem\n","uploadtime":1699832098,"views":17,"p1id":"18angel2001","p2id":"grassknotzygarde","formatid":"gen9ubers","rating":1101,"private":0,"password":""}