{"id":"gen9ubers-1972402109","p1":"Hiker 2","p2":"Dillanspyxword","format":"[Gen 9] Ubers","log":"|j|\u2606Hiker 2\n|j|\u2606Dillanspyxword\n|t:|1697838921\n|gametype|singles\n|player|p1|Hiker 2|hiker|1213\n|player|p2|Dillanspyxword|hilbert-wonderlauncher|1256\n|teamsize|p1|6\n|teamsize|p2|6\n|gen|9\n|tier|[Gen 9] Ubers\n|rated|\n|rule|Sleep Clause Mod: Limit one foe put to sleep\n|rule|Species Clause: Limit one of each Pok\u00e9mon\n|rule|OHKO Clause: OHKO moves are banned\n|rule|Evasion Items Clause: Evasion items are banned\n|rule|Evasion Moves Clause: Evasion moves are banned\n|rule|Endless Battle Clause: Forcing endless battles is banned\n|rule|HP Percentage Mod: HP is shown in percentages\n|clearpoke\n|poke|p1|Slowking-Galar, M|\n|poke|p1|Iron Bundle|\n|poke|p1|Ursaluna-Bloodmoon, M|\n|poke|p1|Volcarona, F|\n|poke|p1|Annihilape, F|\n|poke|p1|Chien-Pao|\n|poke|p2|Giratina|\n|poke|p2|Palkia-Origin|\n|poke|p2|Kyogre|\n|poke|p2|Dialga|\n|poke|p2|Forretress, F|\n|poke|p2|Ogerpon-Hearthflame, F|\n|teampreview\n|\n|t:|1697838930\n|start\n|switch|p1a: Volcarona|Volcarona, F|100\/100\n|switch|p2a: Forretress|Forretress, F|100\/100\n|turn|1\n|\n|t:|1697838933\n|move|p1a: Volcarona|Quiver Dance|p1a: Volcarona\n|-boost|p1a: Volcarona|spa|1\n|-boost|p1a: Volcarona|spd|1\n|-boost|p1a: Volcarona|spe|1\n|move|p2a: Forretress|Stealth Rock|p1a: Volcarona\n|-sidestart|p1: Hiker 2|move: Stealth Rock\n|\n|upkeep\n|turn|2\n|\n|t:|1697838940\n|move|p1a: Volcarona|Quiver Dance|p1a: Volcarona\n|-boost|p1a: Volcarona|spa|1\n|-boost|p1a: Volcarona|spd|1\n|-boost|p1a: Volcarona|spe|1\n|move|p2a: Forretress|Spikes|p1a: Volcarona\n|-sidestart|p1: Hiker 2|Spikes\n|\n|upkeep\n|turn|3\n|\n|t:|1697838942\n|move|p1a: Volcarona|Fiery Dance|p2a: Forretress\n|-supereffective|p2a: Forretress\n|-ability|p2a: Forretress|Sturdy\n|-damage|p2a: Forretress|1\/100\n|move|p2a: Forretress|Spikes|p1a: Volcarona\n|-sidestart|p1: Hiker 2|Spikes\n|\n|upkeep\n|turn|4\n|-enditem|p2a: Forretress|Custap Berry|[eat]\n|-activate|p2a: Forretress|item: Custap Berry|[consumed]\n|\n|t:|1697838946\n|move|p2a: Forretress|Spikes|p1a: Volcarona\n|-sidestart|p1: Hiker 2|Spikes\n|move|p1a: Volcarona|Fiery Dance|p2a: Forretress\n|-supereffective|p2a: Forretress\n|-damage|p2a: Forretress|0 fnt\n|faint|p2a: Forretress\n|\n|upkeep\n|\n|t:|1697838956\n|switch|p2a: Giratina|Giratina|100\/100\n|-ability|p2a: Giratina|Pressure\n|turn|5\n|\n|t:|1697838961\n|move|p1a: Volcarona|Bug Buzz|p2a: Giratina\n|-resisted|p2a: Giratina\n|-damage|p2a: Giratina|78\/100\n|move|p2a: Giratina|Shadow Force||[still]\n|-prepare|p2a: Giratina|Shadow Force\n|\n|-heal|p2a: Giratina|84\/100|[from] item: Leftovers\n|upkeep\n|turn|6\n|\n|t:|1697838965\n|move|p1a: Volcarona|Fiery Dance|p2a: Giratina|[miss]\n|-miss|p1a: Volcarona|p2a: Giratina\n|move|p2a: Giratina|Shadow Force|p1a: Volcarona|[from]lockedmove\n|-damage|p1a: Volcarona|32\/100\n|\n|-heal|p2a: Giratina|90\/100|[from] item: Leftovers\n|upkeep\n|turn|7\n|\n|t:|1697838969\n|move|p1a: Volcarona|Giga Drain|p2a: Giratina\n|-resisted|p2a: Giratina\n|-damage|p2a: Giratina|78\/100\n|-heal|p1a: Volcarona|42\/100|[from] drain|[of] p2a: Giratina\n|move|p2a: Giratina|Shadow Force||[still]\n|-prepare|p2a: Giratina|Shadow Force\n|\n|-heal|p2a: Giratina|85\/100|[from] item: Leftovers\n|upkeep\n|turn|8\n|\n|t:|1697838975\n|move|p1a: Volcarona|Fiery Dance|p2a: Giratina|[miss]\n|-miss|p1a: Volcarona|p2a: Giratina\n|move|p2a: Giratina|Shadow Force|p1a: Volcarona|[from]lockedmove\n|-damage|p1a: Volcarona|0 fnt\n|faint|p1a: Volcarona\n|\n|-heal|p2a: Giratina|91\/100|[from] item: Leftovers\n|upkeep\n|\n|t:|1697838985\n|switch|p1a: Chien-Pao|Chien-Pao|100\/100\n|-damage|p1a: Chien-Pao|76\/100|[from] Stealth Rock\n|-damage|p1a: Chien-Pao|51\/100|[from] Spikes\n|-ability|p1a: Chien-Pao|Sword of Ruin\n|turn|9\n|\n|t:|1697838994\n|move|p1a: Chien-Pao|Swords Dance|p1a: Chien-Pao\n|-boost|p1a: Chien-Pao|atk|2\n|move|p2a: Giratina|Aura Sphere|p1a: Chien-Pao\n|-supereffective|p1a: Chien-Pao\n|-damage|p1a: Chien-Pao|0 fnt\n|faint|p1a: Chien-Pao\n|\n|-heal|p2a: Giratina|97\/100|[from] item: Leftovers\n|upkeep\n|\n|t:|1697838998\n|switch|p1a: Annihilape|Annihilape, F|100\/100\n|-damage|p1a: Annihilape|94\/100|[from] Stealth Rock\n|-damage|p1a: Annihilape|70\/100|[from] Spikes\n|turn|10\n|\n|t:|1697839003\n|move|p1a: Annihilape|Bulk Up|p1a: Annihilape\n|-boost|p1a: Annihilape|atk|1\n|-boost|p1a: Annihilape|def|1\n|move|p2a: Giratina|Shadow Force||[still]\n|-prepare|p2a: Giratina|Shadow Force\n|\n|-heal|p2a: Giratina|100\/100|[from] item: Leftovers\n|upkeep\n|turn|11\n|\n|t:|1697839007\n|move|p1a: Annihilape|Bulk Up|p1a: Annihilape\n|-boost|p1a: Annihilape|atk|1\n|-boost|p1a: Annihilape|def|1\n|move|p2a: Giratina|Shadow Force|p1a: Annihilape|[from]lockedmove\n|-supereffective|p1a: Annihilape\n|-damage|p1a: Annihilape|27\/100\n|\n|upkeep\n|turn|12\n|\n|t:|1697839010\n|move|p1a: Annihilape|Rage Fist|p2a: Giratina\n|-supereffective|p2a: Giratina\n|-damage|p2a: Giratina|0 fnt\n|faint|p2a: Giratina\n|\n|upkeep\n|\n|t:|1697839019\n|switch|p2a: Dialga|Dialga|100\/100\n|-ability|p2a: Dialga|Pressure\n|turn|13\n|\n|t:|1697839023\n|move|p2a: Dialga|Dragon Pulse|p1a: Annihilape\n|-damage|p1a: Annihilape|0 fnt\n|faint|p1a: Annihilape\n|\n|upkeep\n|\n|t:|1697839027\n|switch|p1a: Slowking|Slowking-Galar, M|100\/100\n|-damage|p1a: Slowking|88\/100|[from] Stealth Rock\n|-damage|p1a: Slowking|63\/100|[from] Spikes\n|turn|14\n|\n|t:|1697839029\n|move|p2a: Dialga|Dragon Pulse|p1a: Slowking\n|-damage|p1a: Slowking|22\/100\n|move|p1a: Slowking|Chilly Reception|p1a: Slowking\n|-weather|Snow\n|\n|t:|1697839033\n|switch|p1a: Iron Bundle|Iron Bundle|100\/100|[from] Chilly Reception\n|-damage|p1a: Iron Bundle|76\/100|[from] Stealth Rock\n|-damage|p1a: Iron Bundle|51\/100|[from] Spikes\n|\n|-weather|Snow|[upkeep]\n|upkeep\n|turn|15\n|\n|t:|1697839036\n|move|p2a: Dialga|Dragon Pulse|p1a: Iron Bundle\n|-damage|p1a: Iron Bundle|0 fnt\n|faint|p1a: Iron Bundle\n|-end|p1a: Iron Bundle|Quark Drive|[silent]\n|\n|-weather|Snow|[upkeep]\n|upkeep\n|\n|t:|1697839040\n|switch|p1a: Ursaluna|Ursaluna-Bloodmoon, M|100\/100\n|-damage|p1a: Ursaluna|94\/100|[from] Stealth Rock\n|-damage|p1a: Ursaluna|70\/100|[from] Spikes\n|turn|16\n|\n|t:|1697839044\n|move|p2a: Dialga|Dragon Pulse|p1a: Ursaluna\n|-damage|p1a: Ursaluna|14\/100\n|move|p1a: Ursaluna|Moonlight|p1a: Ursaluna\n|-heal|p1a: Ursaluna|39\/100\n|\n|-weather|Snow|[upkeep]\n|-heal|p1a: Ursaluna|45\/100|[from] item: Leftovers\n|upkeep\n|turn|17\n|\n|t:|1697839049\n|move|p2a: Dialga|Dragon Pulse|p1a: Ursaluna\n|-damage|p1a: Ursaluna|0 fnt\n|faint|p1a: Ursaluna\n|\n|-weather|Snow|[upkeep]\n|upkeep\n|-message|Hiker 2 forfeited.\n|\n|win|Dillanspyxword\n|raw|Hiker 2's rating: 1213 &rarr; <strong>1191<\/strong><br \/>(-22 for losing)\n|raw|Dillanspyxword's rating: 1256 &rarr; <strong>1278<\/strong><br \/>(+22 for winning)\n|l|\u2606Hiker 2\n","uploadtime":1697839072,"views":12,"p1id":"hiker2","p2id":"dillanspyxword","formatid":"gen9ubers","rating":1191,"private":0,"password":""}