{"id":"gen9ubers-1973988471","p1":"RiddleDog","p2":"Nuttyr","format":"[Gen 9] Ubers","log":"|j|\u2606RiddleDog\n|j|\u2606Nuttyr\n|t:|1698037451\n|gametype|singles\n|player|p1|RiddleDog|dawn-gen4pt|\n|player|p2|Nuttyr|lucas|\n|teamsize|p1|6\n|teamsize|p2|6\n|gen|9\n|tier|[Gen 9] Ubers\n|rule|Sleep Clause Mod: Limit one foe put to sleep\n|rule|Species Clause: Limit one of each Pok\u00e9mon\n|rule|OHKO Clause: OHKO moves are banned\n|rule|Evasion Items Clause: Evasion items are banned\n|rule|Evasion Moves Clause: Evasion moves are banned\n|rule|Endless Battle Clause: Forcing endless battles is banned\n|rule|HP Percentage Mod: HP is shown in percentages\n|clearpoke\n|poke|p1|Chi-Yu|\n|poke|p1|Meowscarada, F|\n|poke|p1|Iron Treads|\n|poke|p1|Zoroark-Hisui, M|\n|poke|p1|Kleavor, F|\n|poke|p1|Appletun, F|\n|poke|p2|Typhlosion, F|\n|poke|p2|Ninetales-Alola, F|\n|poke|p2|Garganacl, F|\n|poke|p2|Samurott-Hisui, M|\n|poke|p2|Gholdengo|\n|poke|p2|Quaquaval, F|\n|teampreview\n|inactive|Battle timer is ON: inactive players will automatically lose when time's up. (requested by Nuttyr)\n|inactive|RiddleDog has 270 seconds left.\n|inactive|RiddleDog has 240 seconds left.\n|\n|t:|1698037513\n|start\n|switch|p1a: DA CLEAVAH|Kleavor, F|100\/100\n|switch|p2a: Garganacl|Garganacl, F|100\/100\n|turn|1\n|\n|t:|1698037525\n|move|p2a: Garganacl|Protect|p2a: Garganacl\n|-singleturn|p2a: Garganacl|Protect\n|move|p1a: DA CLEAVAH|Stone Axe|p2a: Garganacl\n|-activate|p2a: Garganacl|move: Protect\n|\n|upkeep\n|turn|2\n|\n|t:|1698037535\n|move|p1a: DA CLEAVAH|Stone Axe|p2a: Garganacl\n|-damage|p2a: Garganacl|65\/100\n|-sidestart|p2: Nuttyr|move: Stealth Rock\n|move|p2a: Garganacl|Salt Cure|p1a: DA CLEAVAH\n|-supereffective|p1a: DA CLEAVAH\n|-damage|p1a: DA CLEAVAH|66\/100\n|-start|p1a: DA CLEAVAH|Salt Cure\n|\n|-heal|p2a: Garganacl|71\/100|[from] item: Leftovers\n|-damage|p1a: DA CLEAVAH|54\/100|[from] Salt Cure\n|upkeep\n|turn|3\n|\n|t:|1698037554\n|switch|p1a: Morgana|Meowscarada, F, shiny|100\/100\n|-terastallize|p2a: Garganacl|Water\n|move|p2a: Garganacl|Stealth Rock|p1a: Morgana\n|-sidestart|p1: RiddleDog|move: Stealth Rock\n|\n|-heal|p2a: Garganacl|77\/100|[from] item: Leftovers\n|upkeep\n|turn|4\n|\n|t:|1698037580\n|move|p2a: Garganacl|Protect|p2a: Garganacl\n|-singleturn|p2a: Garganacl|Protect\n|move|p1a: Morgana|Knock Off|p2a: Garganacl\n|-start|p1a: Morgana|typechange|Dark|[from] ability: Protean\n|-activate|p2a: Garganacl|move: Protect\n|\n|-heal|p2a: Garganacl|83\/100|[from] item: Leftovers\n|upkeep\n|turn|5\n|\n|t:|1698037595\n|switch|p2a: Typhlosion|Typhlosion, F|100\/100\n|-damage|p2a: Typhlosion|76\/100|[from] Stealth Rock\n|move|p1a: Morgana|Knock Off|p2a: Typhlosion\n|-damage|p2a: Typhlosion|0 fnt\n|-enditem|p2a: Typhlosion|Assault Vest|[from] move: Knock Off|[of] p1a: Morgana\n|faint|p2a: Typhlosion\n|\n|upkeep\n|j| ChungleWungle\n|inactive|Nuttyr has 270 seconds left.\n|\n|t:|1698037616\n|switch|p2a: Ninetales|Ninetales-Alola, F|100\/100\n|-damage|p2a: Ninetales|76\/100|[from] Stealth Rock\n|-weather|Snow|[from] ability: Snow Warning|[of] p2a: Ninetales\n|turn|6\n|inactive|RiddleDog has 270 seconds left.\n|\n|t:|1698037663\n|switch|p1a: Ralph|Iron Treads|100\/100\n|-damage|p1a: Ralph|88\/100|[from] Stealth Rock\n|move|p2a: Ninetales|Aurora Veil|p2a: Ninetales\n|-sidestart|p2: Nuttyr|move: Aurora Veil\n|\n|-weather|Snow|[upkeep]\n|upkeep\n|turn|7\n|inactive|Nuttyr has 270 seconds left.\n|inactive|RiddleDog has 240 seconds left.\n|inactive|RiddleDog has 210 seconds left.\n|\n|t:|1698037712\n|switch|p2a: Quaquaval|Quaquaval, F|100\/100\n|-damage|p2a: Quaquaval|94\/100|[from] Stealth Rock\n|move|p1a: Ralph|Focus Blast|p2a: Quaquaval\n|-damage|p2a: Quaquaval|67\/100\n|\n|-weather|Snow|[upkeep]\n|upkeep\n|turn|8\n|inactive|RiddleDog has 210 seconds left.\n|\n|t:|1698037740\n|switch|p1a: Honeycrisp|Appletun, F|100\/100\n|-damage|p1a: Honeycrisp|88\/100|[from] Stealth Rock\n|move|p2a: Quaquaval|Aqua Step|p1a: Honeycrisp\n|-resisted|p1a: Honeycrisp\n|-damage|p1a: Honeycrisp|81\/100\n|-boost|p2a: Quaquaval|spe|1\n|\n|-weather|Snow|[upkeep]\n|upkeep\n|turn|9\n|inactive|Nuttyr has 270 seconds left.\n|\n|t:|1698037764\n|move|p2a: Quaquaval|Rapid Spin|p1a: Honeycrisp\n|-damage|p1a: Honeycrisp|69\/100\n|-boost|p2a: Quaquaval|spe|1\n|-sideend|p2: Nuttyr|Stealth Rock|[from] move: Rapid Spin|[of] p2a: Quaquaval\n|move|p1a: Honeycrisp|Apple Acid|p2a: Quaquaval\n|-supereffective|p2a: Quaquaval\n|-damage|p2a: Quaquaval|28\/100\n|-unboost|p2a: Quaquaval|spd|1\n|\n|-weather|Snow|[upkeep]\n|upkeep\n|turn|10\n|inactive|RiddleDog has 180 seconds left.\n|\n|t:|1698037804\n|switch|p2a: Gholdengo|Gholdengo|100\/100\n|-item|p2a: Gholdengo|Air Balloon\n|move|p1a: Honeycrisp|Apple Acid|p2a: Gholdengo\n|-resisted|p2a: Gholdengo\n|-damage|p2a: Gholdengo|93\/100\n|-unboost|p2a: Gholdengo|spd|1\n|-enditem|p2a: Gholdengo|Air Balloon\n|\n|-weather|none\n|upkeep\n|turn|11\n|inactive|RiddleDog has 150 seconds left.\n|inactive|Nuttyr has 240 seconds left.\n|\n|t:|1698037838\n|switch|p1a: Matthew|Chi-Yu|100\/100\n|-damage|p1a: Matthew|76\/100|[from] Stealth Rock\n|-ability|p1a: Matthew|Beads of Ruin\n|move|p2a: Gholdengo|Thunder Wave|p1a: Matthew\n|-status|p1a: Matthew|par\n|\n|upkeep\n|turn|12\n|inactive|RiddleDog has 150 seconds left.\n|inactive|Nuttyr has 240 seconds left.\n|\n|t:|1698037867\n|switch|p2a: Garganacl|Garganacl, F, tera:Water|83\/100\n|cant|p1a: Matthew|par\n|\n|-heal|p2a: Garganacl|90\/100|[from] item: Leftovers\n|upkeep\n|turn|13\n|inactive|RiddleDog has 120 seconds left.\n|\n|t:|1698037894\n|switch|p1a: DA CLEAVAH|Kleavor, F|54\/100\n|move|p2a: Garganacl|Salt Cure|p1a: DA CLEAVAH\n|-supereffective|p1a: DA CLEAVAH\n|-damage|p1a: DA CLEAVAH|21\/100\n|-start|p1a: DA CLEAVAH|Salt Cure\n|\n|-heal|p2a: Garganacl|96\/100|[from] item: Leftovers\n|-damage|p1a: DA CLEAVAH|9\/100|[from] Salt Cure\n|-sideend|p2: Nuttyr|move: Aurora Veil\n|upkeep\n|turn|14\n|inactive|Nuttyr has 240 seconds left.\n|inactive|RiddleDog has 120 seconds left.\n|\n|t:|1698037907\n|move|p2a: Garganacl|Protect|p2a: Garganacl\n|-singleturn|p2a: Garganacl|Protect\n|move|p1a: DA CLEAVAH|Defog|p2a: Garganacl\n|-activate|p2a: Garganacl|move: Protect\n|\n|-heal|p2a: Garganacl|100\/100|[from] item: Leftovers\n|-damage|p1a: DA CLEAVAH|0 fnt|[from] Salt Cure\n|faint|p1a: DA CLEAVAH\n|upkeep\n|inactive|RiddleDog has 120 seconds left.\n|\n|t:|1698037931\n|switch|p1a: Morgana|Meowscarada, F, shiny|100\/100\n|-damage|p1a: Morgana|88\/100|[from] Stealth Rock\n|turn|15\n|inactive|Nuttyr has 240 seconds left.\n|inactive|Nuttyr has 210 seconds left.\n|\n|t:|1698037978\n|switch|p2a: Gholdengo|Gholdengo|93\/100\n|move|p1a: Morgana|Knock Off|p2a: Gholdengo\n|-start|p1a: Morgana|typechange|Dark|[from] ability: Protean\n|-supereffective|p2a: Gholdengo\n|-damage|p2a: Gholdengo|13\/100\n|\n|upkeep\n|turn|16\n|inactive|Nuttyr has 210 seconds left.\n|\n|t:|1698037987\n|move|p1a: Morgana|Knock Off|p2a: Gholdengo\n|-supereffective|p2a: Gholdengo\n|-damage|p2a: Gholdengo|0 fnt\n|faint|p2a: Gholdengo\n|\n|upkeep\n|\n|t:|1698037991\n|switch|p2a: Ninetales|Ninetales-Alola, F|76\/100\n|-weather|Snow|[from] ability: Snow Warning|[of] p2a: Ninetales\n|turn|17\n|\n|t:|1698038001\n|move|p1a: Morgana|Knock Off|p2a: Ninetales\n|-resisted|p2a: Ninetales\n|-damage|p2a: Ninetales|45\/100\n|-enditem|p2a: Ninetales|Light Clay|[from] move: Knock Off|[of] p1a: Morgana\n|move|p2a: Ninetales|Aurora Veil|p2a: Ninetales\n|-sidestart|p2: Nuttyr|move: Aurora Veil\n|\n|-weather|Snow|[upkeep]\n|upkeep\n|turn|18\n|\n|t:|1698038030\n|switch|p1a: Ralph|Iron Treads|100\/100\n|-damage|p1a: Ralph|97\/100|[from] Stealth Rock\n|-enditem|p1a: Ralph|Booster Energy\n|-activate|p1a: Ralph|ability: Quark Drive|[fromitem]\n|-start|p1a: Ralph|quarkdrivespe\n|move|p2a: Ninetales|Moonblast|p1a: Ralph\n|-resisted|p1a: Ralph\n|-damage|p1a: Ralph|80\/100\n|\n|-weather|Snow|[upkeep]\n|upkeep\n|turn|19\n|inactive|Nuttyr has 240 seconds left.\n|inactive|RiddleDog has 90 seconds left.\n|\n|t:|1698038046\n|switch|p2a: Garganacl|Garganacl, F, tera:Water|100\/100\n|move|p1a: Ralph|Earthquake|p2a: Garganacl\n|-crit|p2a: Garganacl\n|-damage|p2a: Garganacl|54\/100\n|\n|-weather|Snow|[upkeep]\n|-heal|p2a: Garganacl|60\/100|[from] item: Leftovers\n|upkeep\n|turn|20\n|inactive|RiddleDog has 90 seconds left.\n|\n|t:|1698038061\n|move|p1a: Ralph|Knock Off|p2a: Garganacl\n|-damage|p2a: Garganacl|49\/100\n|-enditem|p2a: Garganacl|Leftovers|[from] move: Knock Off|[of] p1a: Ralph\n|move|p2a: Garganacl|Salt Cure|p1a: Ralph\n|-resisted|p1a: Ralph\n|-crit|p1a: Ralph\n|-damage|p1a: Ralph|75\/100\n|-start|p1a: Ralph|Salt Cure\n|\n|-weather|Snow|[upkeep]\n|-damage|p1a: Ralph|50\/100|[from] Salt Cure\n|upkeep\n|turn|21\n|inactive|RiddleDog has 90 seconds left.\n|\n|t:|1698038073\n|-end|p1a: Ralph|Quark Drive|[silent]\n|switch|p1a: Honeycrisp|Appletun, F|69\/100\n|-damage|p1a: Honeycrisp|56\/100|[from] Stealth Rock\n|move|p2a: Garganacl|Recover|p2a: Garganacl\n|-heal|p2a: Garganacl|99\/100\n|\n|-weather|none\n|-sideend|p2: Nuttyr|move: Aurora Veil\n|upkeep\n|turn|22\n|\n|t:|1698038080\n|move|p1a: Honeycrisp|Apple Acid|p2a: Garganacl\n|-supereffective|p2a: Garganacl\n|-damage|p2a: Garganacl|60\/100\n|-unboost|p2a: Garganacl|spd|1\n|move|p2a: Garganacl|Salt Cure|p1a: Honeycrisp\n|-damage|p1a: Honeycrisp|46\/100\n|-start|p1a: Honeycrisp|Salt Cure\n|\n|-damage|p1a: Honeycrisp|34\/100|[from] Salt Cure\n|upkeep\n|turn|23\n|\n|t:|1698038087\n|move|p2a: Garganacl|Protect|p2a: Garganacl\n|-singleturn|p2a: Garganacl|Protect\n|move|p1a: Honeycrisp|Recover|p1a: Honeycrisp\n|-heal|p1a: Honeycrisp|84\/100\n|\n|-damage|p1a: Honeycrisp|72\/100|[from] Salt Cure\n|upkeep\n|turn|24\n|\n|t:|1698038101\n|switch|p2a: Ninetales|Ninetales-Alola, F|45\/100\n|-weather|Snow|[from] ability: Snow Warning|[of] p2a: Ninetales\n|move|p1a: Honeycrisp|Apple Acid|p2a: Ninetales\n|-damage|p2a: Ninetales|23\/100\n|-unboost|p2a: Ninetales|spd|1\n|\n|-weather|Snow|[upkeep]\n|-damage|p1a: Honeycrisp|60\/100|[from] Salt Cure\n|upkeep\n|turn|25\n|\n|t:|1698038117\n|move|p2a: Ninetales|Encore|p1a: Honeycrisp\n|-start|p1a: Honeycrisp|Encore\n|move|p1a: Honeycrisp|Apple Acid|p2a: Ninetales\n|-damage|p2a: Ninetales|0 fnt\n|faint|p2a: Ninetales\n|\n|-weather|Snow|[upkeep]\n|-damage|p1a: Honeycrisp|47\/100|[from] Salt Cure\n|upkeep\n|\n|t:|1698038135\n|switch|p2a: Quaquaval|Quaquaval, F|28\/100\n|turn|26\n|\n|t:|1698038142\n|move|p2a: Quaquaval|Close Combat|p1a: Honeycrisp\n|-damage|p1a: Honeycrisp|3\/100\n|-unboost|p2a: Quaquaval|def|1\n|-unboost|p2a: Quaquaval|spd|1\n|move|p1a: Honeycrisp|Apple Acid|p2a: Quaquaval\n|-supereffective|p2a: Quaquaval\n|-damage|p2a: Quaquaval|0 fnt\n|faint|p2a: Quaquaval\n|\n|-weather|Snow|[upkeep]\n|-damage|p1a: Honeycrisp|0 fnt|[from] Salt Cure\n|faint|p1a: Honeycrisp\n|upkeep\n|\n|t:|1698038163\n|switch|p2a: Samurott|Samurott-Hisui, M|100\/100\n|switch|p1a: Morgana|Meowscarada, F, shiny|88\/100\n|-damage|p1a: Morgana|76\/100|[from] Stealth Rock\n|turn|27\n|\n|t:|1698038176\n|move|p2a: Samurott|Flip Turn|p1a: Morgana\n|-resisted|p1a: Morgana\n|-damage|p1a: Morgana|54\/100\n|\n|t:|1698038180\n|switch|p2a: Garganacl|Garganacl, F, tera:Water|60\/100|[from] Flip Turn\n|move|p1a: Morgana|Flower Trick|p2a: Garganacl\n|-start|p1a: Morgana|typechange|Grass|[from] ability: Protean\n|-supereffective|p2a: Garganacl\n|-crit|p2a: Garganacl\n|-damage|p2a: Garganacl|0 fnt\n|faint|p2a: Garganacl\n|\n|-weather|Snow|[upkeep]\n|upkeep\n|\n|t:|1698038186\n|switch|p2a: Samurott|Samurott-Hisui, M|100\/100\n|turn|28\n|\n|t:|1698038191\n|move|p2a: Samurott|Ceaseless Edge|p1a: Morgana\n|-damage|p1a: Morgana|0 fnt\n|-sidestart|p1: RiddleDog|Spikes\n|faint|p1a: Morgana\n|\n|-weather|none\n|upkeep\n|inactive|RiddleDog has 150 seconds left.\n|\n|t:|1698038207\n|switch|p1a: Ralph|Iron Treads|88\/100\n|-damage|p1a: Ralph|76\/100|[from] Stealth Rock\n|-damage|p1a: Ralph|63\/100|[from] Spikes\n|turn|29\n|inactive|RiddleDog has 150 seconds left.\n|\n|t:|1698038213\n|move|p2a: Samurott|Ceaseless Edge|p1a: Ralph|[miss]\n|-miss|p2a: Samurott|p1a: Ralph\n|move|p1a: Ralph|Focus Blast|p2a: Samurott\n|-supereffective|p2a: Samurott\n|-damage|p2a: Samurott|0 fnt\n|faint|p2a: Samurott\n|\n|win|RiddleDog\n|l|\u2606Nuttyr\n","uploadtime":1698038246,"views":14,"p1id":"riddledog","p2id":"nuttyr","formatid":"gen9ubers","rating":0,"private":0,"password":""}