{"id":"gen9ubers-1968363311","p1":"Nagaina040501","p2":"RektCactus","format":"[Gen 9] Ubers","log":"|j|\u2606Nagaina040501\n|j|\u2606RektCactus\n|t:|1697410335\n|gametype|singles\n|player|p1|Nagaina040501|sailor|\n|player|p2|RektCactus|1|\n|teamsize|p1|6\n|teamsize|p2|6\n|gen|9\n|tier|[Gen 9] Ubers\n|rule|Sleep Clause Mod: Limit one foe put to sleep\n|rule|Species Clause: Limit one of each Pok\u00e9mon\n|rule|OHKO Clause: OHKO moves are banned\n|rule|Evasion Items Clause: Evasion items are banned\n|rule|Evasion Moves Clause: Evasion moves are banned\n|rule|Endless Battle Clause: Forcing endless battles is banned\n|rule|HP Percentage Mod: HP is shown in percentages\n|clearpoke\n|poke|p1|Palafin, F|\n|poke|p1|Toxapex, F|\n|poke|p1|Zapdos|\n|poke|p1|Greninja-*, M|\n|poke|p1|Grimmsnarl, M|\n|poke|p1|Pelipper, M|\n|poke|p2|Ogerpon-Hearthflame, F|\n|poke|p2|Sneasler, M|\n|poke|p2|Urshifu-*, M|\n|poke|p2|Landorus-Therian, M|\n|poke|p2|Heatran, F|\n|poke|p2|Rillaboom, M|\n|teampreview\n|j| rustygoomba\n|j| RiddleDog\n|\n|t:|1697410378\n|start\n|switch|p1a: Pepper|Pelipper, M|100\/100\n|switch|p2a: Rillaboom|Rillaboom, M|100\/100\n|-fieldstart|move: Grassy Terrain|[from] ability: Grassy Surge|[of] p2a: Rillaboom\n|-weather|RainDance|[from] ability: Drizzle|[of] p1a: Pepper\n|turn|1\n|\n|t:|1697410389\n|switch|p1a: Joker|Grimmsnarl, M|100\/100\n|move|p2a: Rillaboom|U-turn|p1a: Joker\n|-damage|p1a: Joker|53\/100\n|\n|t:|1697410419\n|switch|p2a: Sneasler|Sneasler, M|100\/100|[from] U-turn\n|-enditem|p2a: Sneasler|Grassy Seed\n|-boost|p2a: Sneasler|def|1|[from] item: Grassy Seed\n|\n|-weather|RainDance|[upkeep]\n|-heal|p1a: Joker|59\/100|[from] Grassy Terrain\n|upkeep\n|turn|2\n|\n|t:|1697410449\n|move|p1a: Joker|Reflect|p1a: Joker\n|-sidestart|p1: Nagaina040501|Reflect\n|move|p2a: Sneasler|Swords Dance|p2a: Sneasler\n|-boost|p2a: Sneasler|atk|2\n|\n|-weather|RainDance|[upkeep]\n|-heal|p1a: Joker|65\/100|[from] Grassy Terrain\n|upkeep\n|turn|3\n|\n|t:|1697410457\n|move|p1a: Joker|Light Screen|p1a: Joker\n|-sidestart|p1: Nagaina040501|move: Light Screen\n|move|p2a: Sneasler|Swords Dance|p2a: Sneasler\n|-boost|p2a: Sneasler|atk|2\n|\n|-weather|RainDance|[upkeep]\n|-heal|p1a: Joker|71\/100|[from] Grassy Terrain\n|upkeep\n|turn|4\n|\n|t:|1697410469\n|move|p1a: Joker|Parting Shot|p2a: Sneasler\n|-unboost|p2a: Sneasler|atk|1\n|-unboost|p2a: Sneasler|spa|1\n|\n|t:|1697410473\n|switch|p1a: Greninja|Greninja, M|100\/100|[from] Parting Shot\n|move|p2a: Sneasler|Dire Claw|p1a: Greninja\n|-damage|p1a: Greninja|10\/100\n|\n|-weather|RainDance|[upkeep]\n|-heal|p1a: Greninja|16\/100|[from] Grassy Terrain\n|upkeep\n|turn|5\n|\n|t:|1697410485\n|move|p2a: Sneasler|Dire Claw|p1a: Greninja\n|-damage|p1a: Greninja|0 fnt\n|faint|p1a: Greninja\n|\n|-weather|RainDance|[upkeep]\n|-fieldend|move: Grassy Terrain\n|upkeep\n|\n|t:|1697410498\n|switch|p1a: Real Gone|Zapdos|100\/100\n|turn|6\n|\n|t:|1697410510\n|-terastallize|p2a: Sneasler|Flying\n|move|p2a: Sneasler|Acrobatics|p1a: Real Gone\n|-resisted|p1a: Real Gone\n|-damage|p1a: Real Gone|51\/100\n|move|p1a: Real Gone|Hurricane|p2a: Sneasler\n|-damage|p2a: Sneasler|20\/100\n|\n|-weather|RainDance|[upkeep]\n|upkeep\n|turn|7\n|\n|t:|1697410527\n|move|p2a: Sneasler|Dire Claw|p1a: Real Gone\n|-damage|p1a: Real Gone|0 fnt\n|faint|p1a: Real Gone\n|\n|-weather|RainDance|[upkeep]\n|upkeep\n|\n|t:|1697410532\n|switch|p1a: Julie|Toxapex, F|100\/100\n|turn|8\n|\n|t:|1697410545\n|move|p2a: Sneasler|Dire Claw|p1a: Julie\n|-resisted|p1a: Julie\n|-damage|p1a: Julie|83\/100\n|move|p1a: Julie|Chilling Water|p2a: Sneasler\n|-damage|p2a: Sneasler|0 fnt\n|faint|p2a: Sneasler\n|\n|-weather|none\n|-heal|p1a: Julie|89\/100|[from] item: Black Sludge\n|upkeep\n|\n|t:|1697410556\n|switch|p2a: Landorus|Landorus-Therian, M|100\/100\n|-ability|p2a: Landorus|Intimidate|boost\n|-unboost|p1a: Julie|atk|1\n|turn|9\n|\n|t:|1697410566\n|move|p2a: Landorus|Swords Dance|p2a: Landorus\n|-boost|p2a: Landorus|atk|2\n|move|p1a: Julie|Toxic|p2a: Landorus\n|-status|p2a: Landorus|tox\n|\n|-heal|p1a: Julie|95\/100|[from] item: Black Sludge\n|-damage|p2a: Landorus|95\/100 tox|[from] psn\n|-sideend|p1: Nagaina040501|Reflect\n|upkeep\n|turn|10\n|\n|t:|1697410575\n|move|p2a: Landorus|Earthquake|p1a: Julie\n|-supereffective|p1a: Julie\n|-crit|p1a: Julie\n|-damage|p1a: Julie|0 fnt\n|faint|p1a: Julie\n|\n|-damage|p2a: Landorus|83\/100 tox|[from] psn\n|-sideend|p1: Nagaina040501|move: Light Screen\n|upkeep\n|\n|t:|1697410582\n|switch|p1a: Pepper|Pelipper, M|100\/100\n|-weather|RainDance|[from] ability: Drizzle|[of] p1a: Pepper\n|turn|11\n|\n|t:|1697410588\n|move|p2a: Landorus|Stone Edge|p1a: Pepper\n|-supereffective|p1a: Pepper\n|-damage|p1a: Pepper|0 fnt\n|faint|p1a: Pepper\n|\n|-weather|RainDance|[upkeep]\n|-damage|p2a: Landorus|65\/100 tox|[from] psn\n|upkeep\n|\n|t:|1697410594\n|switch|p1a: Feeeeeesh|Palafin, F|100\/100\n|turn|12\n|\n|t:|1697410624\n|move|p1a: Feeeeeesh|Jet Punch|p2a: Landorus\n|-supereffective|p2a: Landorus\n|-damage|p2a: Landorus|0 fnt\n|faint|p2a: Landorus\n|\n|-weather|RainDance|[upkeep]\n|upkeep\n|\n|t:|1697410631\n|switch|p2a: Rillaboom|Rillaboom, M|100\/100\n|-fieldstart|move: Grassy Terrain|[from] ability: Grassy Surge|[of] p2a: Rillaboom\n|turn|13\n|\n|t:|1697410642\n|detailschange|p1a: Feeeeeesh|Palafin-Hero, F\n|switch|p1a: Joker|Grimmsnarl, M|71\/100\n|move|p2a: Rillaboom|Grassy Glide|p1a: Joker\n|-damage|p1a: Joker|0 fnt\n|faint|p1a: Joker\n|\n|-weather|RainDance|[upkeep]\n|upkeep\n|\n|t:|1697410649\n|switch|p1a: Feeeeeesh|Palafin-Hero, F|100\/100\n|-activate|p1a: Feeeeeesh|ability: Zero to Hero\n|turn|14\n|\n|t:|1697410656\n|move|p2a: Rillaboom|Grassy Glide|p1a: Feeeeeesh\n|-supereffective|p1a: Feeeeeesh\n|-damage|p1a: Feeeeeesh|0 fnt\n|faint|p1a: Feeeeeesh\n|\n|win|RektCactus\n|l|\u2606Nagaina040501\n","uploadtime":1697410671,"views":31,"p1id":"nagaina040501","p2id":"rektcactus","formatid":"gen9ubers","rating":0,"private":0,"password":""}