{"id":"gen9ubers-1986120334","p1":"meliaudass","p2":"Itsmeheats","format":"[Gen 9] Ubers","log":"|j|\u2606meliaudass\n|j|\u2606Itsmeheats\n|t:|1699452142\n|gametype|singles\n|player|p1|meliaudass|lucas|1481\n|player|p2|Itsmeheats|ghetsis|1386\n|teamsize|p1|6\n|teamsize|p2|6\n|gen|9\n|tier|[Gen 9] Ubers\n|rated|\n|rule|Sleep Clause Mod: Limit one foe put to sleep\n|rule|Species Clause: Limit one of each Pok\u00e9mon\n|rule|OHKO Clause: OHKO moves are banned\n|rule|Evasion Items Clause: Evasion items are banned\n|rule|Evasion Moves Clause: Evasion moves are banned\n|rule|Endless Battle Clause: Forcing endless battles is banned\n|rule|HP Percentage Mod: HP is shown in percentages\n|clearpoke\n|poke|p1|Koraidon|\n|poke|p1|Clodsire, M|\n|poke|p1|Skeledirge, M|\n|poke|p1|Arceus-Fairy|\n|poke|p1|Giratina-Origin|\n|poke|p1|Kyogre|\n|poke|p2|Iron Bundle|\n|poke|p2|Miraidon|\n|poke|p2|Groudon|\n|poke|p2|Cinderace, F|\n|poke|p2|Flutter Mane|\n|poke|p2|Kyogre|\n|teampreview\n|\n|t:|1699452156\n|start\n|switch|p1a: Arceus|Arceus-Fairy|100\/100\n|switch|p2a: Groudon|Groudon|100\/100\n|-weather|SunnyDay|[from] ability: Drought|[of] p2a: Groudon\n|turn|1\n|\n|t:|1699452174\n|-terastallize|p2a: Groudon|Fire\n|move|p1a: Arceus|Taunt|p2a: Groudon\n|-start|p2a: Groudon|move: Taunt\n|cant|p2a: Groudon|move: Taunt|Swords Dance\n|\n|-weather|SunnyDay|[upkeep]\n|upkeep\n|turn|2\n|\n|t:|1699452181\n|move|p1a: Arceus|Stealth Rock|p2a: Groudon\n|-sidestart|p2: Itsmeheats|move: Stealth Rock\n|move|p2a: Groudon|Fire Punch|p1a: Arceus\n|-crit|p1a: Arceus\n|-damage|p1a: Arceus|35\/100\n|\n|-weather|SunnyDay|[upkeep]\n|upkeep\n|turn|3\n|\n|t:|1699452196\n|move|p1a: Arceus|Recover|p1a: Arceus\n|-heal|p1a: Arceus|86\/100\n|move|p2a: Groudon|Earthquake|p1a: Arceus\n|-damage|p1a: Arceus|40\/100\n|\n|-weather|SunnyDay|[upkeep]\n|-end|p2a: Groudon|move: Taunt\n|upkeep\n|turn|4\n|\n|t:|1699452203\n|move|p1a: Arceus|Taunt|p2a: Groudon\n|-start|p2a: Groudon|move: Taunt\n|move|p2a: Groudon|Earthquake|p1a: Arceus\n|-damage|p1a: Arceus|0 fnt\n|faint|p1a: Arceus\n|\n|-weather|SunnyDay|[upkeep]\n|upkeep\n|\n|t:|1699452208\n|switch|p1a: Kyogre|Kyogre|100\/100\n|-weather|RainDance|[from] ability: Drizzle|[of] p1a: Kyogre\n|turn|5\n|\n|t:|1699452224\n|-terastallize|p1a: Kyogre|Water\n|move|p1a: Kyogre|Water Spout|p2a: Groudon\n|-supereffective|p2a: Groudon\n|-damage|p2a: Groudon|0 fnt\n|faint|p2a: Groudon\n|\n|-weather|RainDance|[upkeep]\n|upkeep\n|\n|t:|1699452234\n|switch|p2a: Miraidon|Miraidon|100\/100\n|-damage|p2a: Miraidon|88\/100|[from] Stealth Rock\n|-fieldstart|move: Electric Terrain|[from] ability: Hadron Engine|[of] p2a: Miraidon\n|turn|6\n|\n|t:|1699452242\n|switch|p1a: Clodsire|Clodsire, M|100\/100\n|move|p2a: Miraidon|Electro Drift|p1a: Clodsire\n|-immune|p1a: Clodsire\n|\n|-weather|RainDance|[upkeep]\n|upkeep\n|turn|7\n|\n|t:|1699452251\n|switch|p2a: Cinderace|Cinderace, F, shiny|100\/100\n|move|p1a: Clodsire|Toxic|p2a: Cinderace\n|-status|p2a: Cinderace|tox\n|\n|-weather|RainDance|[upkeep]\n|-damage|p2a: Cinderace|95\/100 tox|[from] psn\n|upkeep\n|turn|8\n|\n|t:|1699452259\n|move|p2a: Cinderace|Court Change|p2a: Cinderace\n|-start|p2a: Cinderace|typechange|Normal|[from] ability: Libero\n|-swapsideconditions\n|-activate|p2a: Cinderace|move: Court Change\n|move|p1a: Clodsire|Earthquake|p2a: Cinderace\n|-damage|p2a: Cinderace|55\/100 tox\n|\n|-weather|RainDance|[upkeep]\n|-damage|p2a: Cinderace|43\/100 tox|[from] psn\n|upkeep\n|turn|9\n|\n|t:|1699452268\n|move|p2a: Cinderace|U-turn|p1a: Clodsire\n|-resisted|p1a: Clodsire\n|-damage|p1a: Clodsire|88\/100\n|\n|t:|1699452272\n|switch|p2a: Kyogre|Kyogre, shiny|100\/100|[from] U-turn\n|move|p1a: Clodsire|Spikes|p2a: Kyogre\n|-sidestart|p2: Itsmeheats|Spikes\n|\n|-weather|none\n|-heal|p1a: Clodsire|94\/100|[from] item: Leftovers\n|upkeep\n|turn|10\n|\n|t:|1699452280\n|move|p2a: Kyogre|Water Spout|p1a: Clodsire\n|-heal|p1a: Clodsire|100\/100|[from] ability: Water Absorb|[of] p2a: Kyogre\n|move|p1a: Clodsire|Toxic|p2a: Kyogre\n|-status|p2a: Kyogre|tox\n|\n|-damage|p2a: Kyogre|94\/100 tox|[from] psn\n|-fieldend|move: Electric Terrain\n|upkeep\n|turn|11\n|\n|t:|1699452284\n|switch|p2a: Iron Bundle|Iron Bundle|100\/100\n|-damage|p2a: Iron Bundle|88\/100|[from] Spikes\n|move|p1a: Clodsire|Spikes|p2a: Iron Bundle\n|-sidestart|p2: Itsmeheats|Spikes\n|\n|upkeep\n|turn|12\n|\n|t:|1699452294\n|move|p2a: Iron Bundle|Ice Beam|p1a: Clodsire\n|-supereffective|p1a: Clodsire\n|-damage|p1a: Clodsire|41\/100\n|-damage|p2a: Iron Bundle|78\/100|[from] item: Life Orb\n|move|p1a: Clodsire|Toxic|p2a: Iron Bundle\n|-status|p2a: Iron Bundle|tox\n|\n|-heal|p1a: Clodsire|47\/100|[from] item: Leftovers\n|-damage|p2a: Iron Bundle|72\/100 tox|[from] psn\n|upkeep\n|turn|13\n|\n|t:|1699452322\n|switch|p1a: Kyogre|Kyogre, tera:Water|100\/100\n|-damage|p1a: Kyogre|88\/100|[from] Stealth Rock\n|-weather|RainDance|[from] ability: Drizzle|[of] p1a: Kyogre\n|move|p2a: Iron Bundle|Ice Beam|p1a: Kyogre\n|-resisted|p1a: Kyogre\n|-crit|p1a: Kyogre\n|-damage|p1a: Kyogre|53\/100\n|-damage|p2a: Iron Bundle|63\/100 tox|[from] item: Life Orb\n|\n|-weather|RainDance|[upkeep]\n|-damage|p2a: Iron Bundle|51\/100 tox|[from] psn\n|upkeep\n|turn|14\n|\n|t:|1699452343\n|-end|p2a: Iron Bundle|Quark Drive|[silent]\n|switch|p2a: Miraidon|Miraidon|88\/100\n|-damage|p2a: Miraidon|72\/100|[from] Spikes\n|-fieldstart|move: Electric Terrain|[from] ability: Hadron Engine|[of] p2a: Miraidon\n|move|p1a: Kyogre|Thunder|p2a: Miraidon\n|-resisted|p2a: Miraidon\n|-damage|p2a: Miraidon|60\/100\n|\n|-weather|RainDance|[upkeep]\n|upkeep\n|turn|15\n|\n|t:|1699452355\n|switch|p1a: Clodsire|Clodsire, M|47\/100\n|-damage|p1a: Clodsire|41\/100|[from] Stealth Rock\n|move|p2a: Miraidon|Draco Meteor|p1a: Clodsire|[miss]\n|-miss|p2a: Miraidon|p1a: Clodsire\n|\n|-weather|RainDance|[upkeep]\n|-heal|p1a: Clodsire|47\/100|[from] item: Leftovers\n|upkeep\n|turn|16\n|\n|t:|1699452370\n|switch|p1a: Skeledirge|Skeledirge, M|100\/100\n|move|p2a: Miraidon|Draco Meteor|p1a: Skeledirge\n|-damage|p1a: Skeledirge|0 fnt\n|-unboost|p2a: Miraidon|spa|2\n|faint|p1a: Skeledirge\n|\n|-weather|RainDance|[upkeep]\n|upkeep\n|\n|t:|1699452378\n|switch|p1a: Clodsire|Clodsire, M|47\/100\n|-damage|p1a: Clodsire|41\/100|[from] Stealth Rock\n|turn|17\n|\n|t:|1699452382\n|move|p2a: Miraidon|Draco Meteor|p1a: Clodsire\n|-damage|p1a: Clodsire|16\/100\n|-unboost|p2a: Miraidon|spa|2\n|move|p1a: Clodsire|Recover|p1a: Clodsire\n|-heal|p1a: Clodsire|66\/100\n|\n|-weather|none\n|-heal|p1a: Clodsire|72\/100|[from] item: Leftovers\n|upkeep\n|turn|18\n|\n|t:|1699452390\n|switch|p2a: Cinderace|Cinderace, F, shiny|43\/100 tox\n|move|p1a: Clodsire|Recover|p1a: Clodsire\n|-heal|p1a: Clodsire|100\/100\n|\n|-damage|p2a: Cinderace|37\/100 tox|[from] psn\n|-fieldend|move: Electric Terrain\n|upkeep\n|turn|19\n|\n|t:|1699452395\n|move|p2a: Cinderace|Flare Blitz|p1a: Clodsire\n|-damage|p1a: Clodsire|32\/100\n|-damage|p2a: Cinderace|2\/100 tox|[from] Recoil\n|move|p1a: Clodsire|Earthquake|p2a: Cinderace\n|-supereffective|p2a: Cinderace\n|-damage|p2a: Cinderace|0 fnt\n|faint|p2a: Cinderace\n|\n|-heal|p1a: Clodsire|39\/100|[from] item: Leftovers\n|upkeep\n|\n|t:|1699452399\n|switch|p2a: Iron Bundle|Iron Bundle|51\/100 tox\n|-damage|p2a: Iron Bundle|34\/100 tox|[from] Spikes\n|turn|20\n|\n|t:|1699452408\n|move|p2a: Iron Bundle|Freeze-Dry|p1a: Clodsire\n|-supereffective|p1a: Clodsire\n|-damage|p1a: Clodsire|0 fnt\n|faint|p1a: Clodsire\n|-damage|p2a: Iron Bundle|24\/100 tox|[from] item: Life Orb\n|\n|-damage|p2a: Iron Bundle|18\/100 tox|[from] psn\n|upkeep\n|\n|t:|1699452418\n|switch|p1a: Kyogre|Kyogre, tera:Water|53\/100\n|-damage|p1a: Kyogre|40\/100|[from] Stealth Rock\n|-weather|RainDance|[from] ability: Drizzle|[of] p1a: Kyogre\n|turn|21\n|\n|t:|1699452425\n|move|p1a: Kyogre|Origin Pulse|p2a: Iron Bundle\n|-resisted|p2a: Iron Bundle\n|-damage|p2a: Iron Bundle|0 fnt\n|faint|p2a: Iron Bundle\n|-end|p2a: Iron Bundle|Quark Drive|[silent]\n|\n|-weather|RainDance|[upkeep]\n|upkeep\n|\n|t:|1699452434\n|switch|p2a: Miraidon|Miraidon|60\/100\n|-damage|p2a: Miraidon|44\/100|[from] Spikes\n|-fieldstart|move: Electric Terrain|[from] ability: Hadron Engine|[of] p2a: Miraidon\n|turn|22\n|\n|t:|1699452449\n|move|p2a: Miraidon|Volt Switch|p1a: Kyogre\n|-supereffective|p1a: Kyogre\n|-damage|p1a: Kyogre|0 fnt\n|faint|p1a: Kyogre\n|\n|t:|1699452454\n|switch|p2a: Flutter Mane|Flutter Mane|100\/100|[from] Volt Switch\n|-damage|p2a: Flutter Mane|84\/100|[from] Spikes\n|\n|-weather|RainDance|[upkeep]\n|upkeep\n|\n|t:|1699452460\n|switch|p1a: Giratina|Giratina-Origin|100\/100\n|-damage|p1a: Giratina|88\/100|[from] Stealth Rock\n|turn|23\n|\n|t:|1699452479\n|-end|p2a: Flutter Mane|Protosynthesis|[silent]\n|switch|p2a: Kyogre|Kyogre, shiny|94\/100 tox\n|-damage|p2a: Kyogre|78\/100 tox|[from] Spikes\n|move|p1a: Giratina|Hex|p2a: Kyogre\n|-damage|p2a: Kyogre|22\/100 tox\n|\n|-weather|RainDance|[upkeep]\n|-damage|p2a: Kyogre|16\/100 tox|[from] psn\n|upkeep\n|turn|24\n|\n|t:|1699452488\n|move|p2a: Kyogre|Ice Beam|p1a: Giratina\n|-supereffective|p1a: Giratina\n|-damage|p1a: Giratina|44\/100\n|move|p1a: Giratina|Will-O-Wisp|p2a: Kyogre|[miss]\n|-miss|p1a: Giratina|p2a: Kyogre\n|\n|-weather|RainDance|[upkeep]\n|-damage|p2a: Kyogre|4\/100 tox|[from] psn\n|upkeep\n|turn|25\n|\n|t:|1699452497\n|move|p2a: Kyogre|Ice Beam|p1a: Giratina\n|-supereffective|p1a: Giratina\n|-damage|p1a: Giratina|0 fnt\n|faint|p1a: Giratina\n|\n|-weather|none\n|-damage|p2a: Kyogre|0 fnt|[from] psn\n|faint|p2a: Kyogre\n|upkeep\n|\n|t:|1699452503\n|switch|p2a: Miraidon|Miraidon|44\/100\n|switch|p1a: Koraidon|Koraidon|100\/100\n|-damage|p2a: Miraidon|27\/100|[from] Spikes\n|-activate|p2a: Miraidon|ability: Hadron Engine\n|-damage|p1a: Koraidon|94\/100|[from] Stealth Rock\n|-weather|SunnyDay|[from] ability: Orichalcum Pulse|[of] p1a: Koraidon\n|-activate|p1a: Koraidon|Orichalcum Pulse|[source]\n|turn|26\n|\n|t:|1699452517\n|move|p2a: Miraidon|Draco Meteor|p1a: Koraidon\n|-supereffective|p1a: Koraidon\n|-damage|p1a: Koraidon|0 fnt\n|-unboost|p2a: Miraidon|spa|2\n|faint|p1a: Koraidon\n|\n|win|Itsmeheats\n|raw|meliaudass's rating: 1481 &rarr; <strong>1456<\/strong><br \/>(-25 for losing)\n|raw|Itsmeheats's rating: 1386 &rarr; <strong>1411<\/strong><br \/>(+25 for winning)\n|l|\u2606meliaudass\n","uploadtime":1699452534,"views":11,"p1id":"meliaudass","p2id":"itsmeheats","formatid":"gen9ubers","rating":1411,"private":0,"password":""}