{"id":"gen9ubers-1999644017","p1":"ParanormalPie","p2":"Arigos","format":"[Gen 9] Ubers","log":"|j|\u2606ParanormalPie\n|j|\u2606Arigos\n|t:|1701104011\n|gametype|singles\n|player|p1|ParanormalPie|101|1000\n|player|p2|Arigos|steven|1046\n|teamsize|p1|6\n|teamsize|p2|6\n|gen|9\n|tier|[Gen 9] Ubers\n|rated|\n|rule|Sleep Clause Mod: Limit one foe put to sleep\n|rule|Species Clause: Limit one of each Pok\u00e9mon\n|rule|OHKO Clause: OHKO moves are banned\n|rule|Evasion Items Clause: Evasion items are banned\n|rule|Evasion Moves Clause: Evasion moves are banned\n|rule|Endless Battle Clause: Forcing endless battles is banned\n|rule|HP Percentage Mod: HP is shown in percentages\n|clearpoke\n|poke|p1|Dragapult, F|\n|poke|p1|Cinderace, M|\n|poke|p1|Garchomp, M|\n|poke|p1|Sylveon, M|\n|poke|p1|Meowscarada, F|\n|poke|p1|Gyarados, M|\n|poke|p2|Dialga-Origin|\n|poke|p2|Palkia-Origin|\n|poke|p2|Giratina-Origin|\n|poke|p2|Arceus|\n|poke|p2|Groudon|\n|poke|p2|Eternatus|\n|teampreview\n|l|\u2606Arigos\n|player|p2|\n|j|\u2606Arigos\n|player|p2|Arigos|steven\n|\n|t:|1701104063\n|start\n|switch|p1a: Dragapult|Dragapult, F|100\/100\n|switch|p2a: Dialga|Dialga-Origin|100\/100\n|-ability|p2a: Dialga|Pressure\n|turn|1\n|\n|t:|1701104078\n|move|p1a: Dragapult|Protect|p1a: Dragapult\n|-singleturn|p1a: Dragapult|Protect\n|move|p2a: Dialga|Stealth Rock|p1a: Dragapult\n|-sidestart|p1: ParanormalPie|move: Stealth Rock\n|\n|upkeep\n|turn|2\n|\n|t:|1701104109\n|move|p1a: Dragapult|Thunderbolt|p2a: Dialga\n|-resisted|p2a: Dialga\n|-damage|p2a: Dialga|90\/100\n|move|p2a: Dialga|Draco Meteor|p1a: Dragapult|[miss]\n|-miss|p2a: Dialga|p1a: Dragapult\n|\n|upkeep\n|turn|3\n|\n|t:|1701104128\n|move|p1a: Dragapult|Protect|p1a: Dragapult\n|-singleturn|p1a: Dragapult|Protect\n|move|p2a: Dialga|Draco Meteor|p1a: Dragapult\n|-activate|p1a: Dragapult|move: Protect\n|\n|upkeep\n|turn|4\n|\n|t:|1701104136\n|move|p1a: Dragapult|Protect||[still]\n|-fail|p1a: Dragapult\n|move|p2a: Dialga|Draco Meteor|p1a: Dragapult\n|-supereffective|p1a: Dragapult\n|-damage|p1a: Dragapult|0 fnt\n|-unboost|p2a: Dialga|spa|2\n|faint|p1a: Dragapult\n|\n|upkeep\n|\n|t:|1701104149\n|switch|p1a: Cinderace|Cinderace, M|100\/100\n|-damage|p1a: Cinderace|76\/100|[from] Stealth Rock\n|turn|5\n|\n|t:|1701104162\n|switch|p2a: Palkia|Palkia-Origin|100\/100\n|-ability|p2a: Palkia|Pressure\n|move|p1a: Cinderace|High Jump Kick|p2a: Palkia\n|-damage|p2a: Palkia|63\/100\n|\n|upkeep\n|turn|6\n|\n|t:|1701104178\n|move|p2a: Palkia|Hydro Pump|p1a: Cinderace\n|-supereffective|p1a: Cinderace\n|-damage|p1a: Cinderace|0 fnt\n|faint|p1a: Cinderace\n|\n|upkeep\n|\n|t:|1701104185\n|switch|p1a: Garchomp|Garchomp, M|100\/100\n|-damage|p1a: Garchomp|94\/100|[from] Stealth Rock\n|turn|7\n|\n|t:|1701104197\n|move|p2a: Palkia|Hydro Pump|p1a: Garchomp\n|-damage|p1a: Garchomp|21\/100\n|move|p1a: Garchomp|Draco Meteor|p2a: Palkia\n|-supereffective|p2a: Palkia\n|-damage|p2a: Palkia|0 fnt\n|-unboost|p1a: Garchomp|spa|2\n|faint|p2a: Palkia\n|\n|upkeep\n|\n|t:|1701104205\n|switch|p2a: Arceus|Arceus, shiny|100\/100\n|turn|8\n|\n|t:|1701104208\n|move|p2a: Arceus|Extreme Speed|p1a: Garchomp\n|-damage|p1a: Garchomp|0 fnt\n|faint|p1a: Garchomp\n|\n|upkeep\n|\n|t:|1701104223\n|switch|p1a: Sylveon|Sylveon, M|100\/100\n|-damage|p1a: Sylveon|88\/100|[from] Stealth Rock\n|turn|9\n|\n|t:|1701104233\n|move|p1a: Sylveon|Protect|p1a: Sylveon\n|-singleturn|p1a: Sylveon|Protect\n|move|p2a: Arceus|Swords Dance|p2a: Arceus\n|-boost|p2a: Arceus|atk|2\n|\n|upkeep\n|turn|10\n|\n|t:|1701104241\n|move|p2a: Arceus|Extreme Speed|p1a: Sylveon\n|-damage|p1a: Sylveon|0 fnt\n|faint|p1a: Sylveon\n|\n|upkeep\n|\n|t:|1701104247\n|switch|p1a: Gyarados|Gyarados, M, shiny|100\/100\n|-damage|p1a: Gyarados|76\/100|[from] Stealth Rock\n|-ability|p1a: Gyarados|Intimidate|boost\n|-unboost|p2a: Arceus|atk|1\n|turn|11\n|\n|t:|1701104254\n|-terastallize|p2a: Arceus|Normal\n|move|p2a: Arceus|Extreme Speed|p1a: Gyarados\n|-damage|p1a: Gyarados|0 fnt\n|faint|p1a: Gyarados\n|\n|upkeep\n|\n|t:|1701104260\n|switch|p1a: Meowscarada|Meowscarada, F|100\/100\n|-damage|p1a: Meowscarada|88\/100|[from] Stealth Rock\n|turn|12\n|\n|t:|1701104266\n|move|p2a: Arceus|Extreme Speed|p1a: Meowscarada\n|-damage|p1a: Meowscarada|0 fnt\n|faint|p1a: Meowscarada\n|\n|win|Arigos\n|raw|ParanormalPie's rating: 1000 &rarr; <strong>1000<\/strong><br \/>(+0 for losing)\n|raw|Arigos's rating: 1046 &rarr; <strong>1075<\/strong><br \/>(+29 for winning)\n","uploadtime":1701104272,"views":11,"p1id":"paranormalpie","p2id":"arigos","formatid":"gen9ubers","rating":1000,"private":0,"password":""}