{"id":"gen9ubers-1979750036","p1":"BeardyBennett","p2":"Vazquez 2.0","format":"[Gen 9] Ubers","log":"|j|\u2606BeardyBennett\n|j|\u2606Vazquez 2.0\n|t:|1698709359\n|gametype|singles\n|player|p1|BeardyBennett|hiker-gen4|\n|player|p2|Vazquez 2.0|gardenia|\n|teamsize|p1|6\n|teamsize|p2|6\n|gen|9\n|tier|[Gen 9] Ubers\n|rule|Sleep Clause Mod: Limit one foe put to sleep\n|rule|Species Clause: Limit one of each Pok\u00e9mon\n|rule|OHKO Clause: OHKO moves are banned\n|rule|Evasion Items Clause: Evasion items are banned\n|rule|Evasion Moves Clause: Evasion moves are banned\n|rule|Endless Battle Clause: Forcing endless battles is banned\n|rule|HP Percentage Mod: HP is shown in percentages\n|clearpoke\n|poke|p1|Meowscarada, M|\n|poke|p1|Gholdengo|\n|poke|p1|Dragapult, M|\n|poke|p1|Arceus-Poison|\n|poke|p1|Magearna|\n|poke|p1|Azumarill, M|\n|poke|p2|Ninetales-Alola, F|\n|poke|p2|Cyclizar, M|\n|poke|p2|Iron Hands|\n|poke|p2|Spectrier|\n|poke|p2|Magearna|\n|poke|p2|Shaymin-Sky|\n|teampreview\n|c|\u2606BeardyBennett|Ooh Iron Hands!\n|c|\u2606BeardyBennett|That's fun to see\n|c|\u2606BeardyBennett|WAIT DID SPECTRIER DROP???\n|c|\u2606Vazquez 2.0|hands is my goat\n|c|\u2606Vazquez 2.0|spectrier has always been in the tier\n|c|\u2606BeardyBennett|Or has it always been around?\n|c|\u2606BeardyBennett|That's wild\n|\n|t:|1698709405\n|start\n|switch|p1a: Meowscarada|Meowscarada, M|100\/100\n|switch|p2a: Magearna|Magearna|100\/100\n|turn|1\n|\n|t:|1698709413\n|move|p1a: Meowscarada|Toxic Spikes|p2a: Magearna\n|-start|p1a: Meowscarada|typechange|Poison|[from] ability: Protean\n|-sidestart|p2: Vazquez 2.0|move: Toxic Spikes\n|move|p2a: Magearna|Thunder Wave|p1a: Meowscarada\n|-status|p1a: Meowscarada|par\n|\n|upkeep\n|turn|2\n|\n|t:|1698709423\n|move|p1a: Meowscarada|Spikes|p2a: Magearna\n|-sidestart|p2: Vazquez 2.0|Spikes\n|move|p2a: Magearna|Spikes|p1a: Meowscarada\n|-sidestart|p1: BeardyBennett|Spikes\n|\n|upkeep\n|turn|3\n|\n|t:|1698709427\n|move|p1a: Meowscarada|U-turn|p2a: Magearna\n|-resisted|p2a: Magearna\n|-damage|p2a: Magearna|96\/100\n|\n|t:|1698709434\n|switch|p1a: Arceus|Arceus-Poison|100\/100|[from] U-turn\n|-damage|p1a: Arceus|88\/100|[from] Spikes\n|move|p2a: Magearna|Spikes|p1a: Arceus\n|-sidestart|p1: BeardyBennett|Spikes\n|\n|upkeep\n|turn|4\n|\n|t:|1698709442\n|switch|p1a: Gholdengo|Gholdengo|100\/100\n|-damage|p1a: Gholdengo|84\/100|[from] Spikes\n|move|p2a: Magearna|Thunder Wave|p1a: Gholdengo\n|-immune|p1a: Gholdengo|[from] ability: Good as Gold\n|\n|upkeep\n|turn|5\n|\n|t:|1698709446\n|move|p1a: Gholdengo|Trick|p2a: Magearna\n|-activate|p1a: Gholdengo|move: Trick|[of] p2a: Magearna\n|-item|p2a: Magearna|Choice Scarf|[from] move: Trick\n|-item|p1a: Gholdengo|Covert Cloak|[from] move: Trick\n|move|p2a: Magearna|Volt Switch|p1a: Gholdengo\n|-damage|p1a: Gholdengo|54\/100\n|\n|t:|1698709472\n|switch|p2a: Cyclizar|Cyclizar, M, shiny|100\/100|[from] Volt Switch\n|\n|upkeep\n|turn|6\n|\n|t:|1698709481\n|move|p2a: Cyclizar|Knock Off|p1a: Gholdengo\n|-supereffective|p1a: Gholdengo\n|-damage|p1a: Gholdengo|4\/100\n|-enditem|p1a: Gholdengo|Covert Cloak|[from] move: Knock Off|[of] p2a: Cyclizar\n|move|p1a: Gholdengo|Shadow Ball|p2a: Cyclizar\n|-immune|p2a: Cyclizar\n|\n|upkeep\n|turn|7\n|\n|t:|1698709488\n|move|p2a: Cyclizar|Knock Off|p1a: Gholdengo\n|-supereffective|p1a: Gholdengo\n|-damage|p1a: Gholdengo|0 fnt\n|faint|p1a: Gholdengo\n|\n|upkeep\n|\n|t:|1698709491\n|switch|p1a: Arceus|Arceus-Poison|88\/100\n|-damage|p1a: Arceus|72\/100|[from] Spikes\n|turn|8\n|\n|t:|1698709495\n|move|p2a: Cyclizar|Rapid Spin|p1a: Arceus\n|-damage|p1a: Arceus|61\/100\n|-boost|p2a: Cyclizar|spe|1\n|-sideend|p2: Vazquez 2.0|Spikes|[from] move: Rapid Spin|[of] p2a: Cyclizar\n|-sideend|p2: Vazquez 2.0|Toxic Spikes|[from] move: Rapid Spin|[of] p2a: Cyclizar\n|move|p1a: Arceus|Swords Dance|p1a: Arceus\n|-boost|p1a: Arceus|atk|2\n|\n|upkeep\n|turn|9\n|\n|t:|1698709499\n|move|p2a: Cyclizar|Shed Tail|p2a: Cyclizar\n|-start|p2a: Cyclizar|Substitute|[from] move: Shed Tail\n|-damage|p2a: Cyclizar|50\/100\n|\n|t:|1698709513\n|switch|p2a: Magearna|Magearna|96\/100|[from] Shed Tail\n|move|p1a: Arceus|Swords Dance|p1a: Arceus\n|-boost|p1a: Arceus|atk|2\n|\n|upkeep\n|turn|10\n|\n|t:|1698709519\n|move|p1a: Arceus|Earthquake|p2a: Magearna\n|-supereffective|p2a: Magearna\n|-end|p2a: Magearna|Substitute\n|move|p2a: Magearna|Thunder Wave|p1a: Arceus|[miss]\n|-miss|p2a: Magearna|p1a: Arceus\n|\n|upkeep\n|turn|11\n|\n|t:|1698709528\n|move|p1a: Arceus|Earthquake|p2a: Magearna\n|-supereffective|p2a: Magearna\n|-damage|p2a: Magearna|0 fnt\n|faint|p2a: Magearna\n|\n|upkeep\n|\n|t:|1698709531\n|switch|p2a: Cyclizar|Cyclizar, M, shiny|84\/100\n|turn|12\n|\n|t:|1698709535\n|-terastallize|p1a: Arceus|Normal\n|move|p1a: Arceus|Extreme Speed|p2a: Cyclizar\n|-damage|p2a: Cyclizar|0 fnt\n|faint|p2a: Cyclizar\n|\n|upkeep\n|\n|t:|1698709548\n|switch|p2a: Iron Hands|Iron Hands, shiny|100\/100\n|turn|13\n|\n|t:|1698709556\n|switch|p1a: Dragapult|Dragapult, M|100\/100\n|-damage|p1a: Dragapult|84\/100|[from] Spikes\n|-terastallize|p2a: Iron Hands|Flying\n|move|p2a: Iron Hands|Drain Punch|p1a: Dragapult\n|-immune|p1a: Dragapult\n|\n|upkeep\n|turn|14\n|\n|t:|1698709569\n|-end|p2a: Iron Hands|Quark Drive|[silent]\n|switch|p2a: Shaymin|Shaymin-Sky, shiny|100\/100\n|move|p1a: Dragapult|Shadow Ball|p2a: Shaymin\n|-damage|p2a: Shaymin|38\/100\n|\n|upkeep\n|turn|15\n|\n|t:|1698709576\n|move|p2a: Shaymin|Air Slash|p1a: Dragapult\n|-damage|p1a: Dragapult|34\/100\n|cant|p1a: Dragapult|flinch\n|\n|upkeep\n|turn|16\n|\n|t:|1698709579\n|switch|p1a: Magearna|Magearna|100\/100\n|-damage|p1a: Magearna|84\/100|[from] Spikes\n|move|p2a: Shaymin|Air Slash|p1a: Magearna\n|-resisted|p1a: Magearna\n|-damage|p1a: Magearna|74\/100\n|\n|upkeep\n|turn|17\n|\n|t:|1698709583\n|move|p2a: Shaymin|Air Slash|p1a: Magearna\n|-resisted|p1a: Magearna\n|-damage|p1a: Magearna|64\/100\n|move|p1a: Magearna|Volt Switch|p2a: Shaymin\n|-damage|p2a: Shaymin|5\/100\n|\n|t:|1698709586\n|switch|p1a: Azumarill|Azumarill, M|100\/100|[from] Volt Switch\n|-damage|p1a: Azumarill|84\/100|[from] Spikes\n|\n|upkeep\n|turn|18\n|\n|t:|1698709588\n|move|p1a: Azumarill|Aqua Jet|p2a: Shaymin\n|-resisted|p2a: Shaymin\n|-damage|p2a: Shaymin|0 fnt\n|faint|p2a: Shaymin\n|\n|upkeep\n|\n|t:|1698709590\n|switch|p2a: Ninetales|Ninetales-Alola, F, shiny|100\/100\n|-weather|Snow|[from] ability: Snow Warning|[of] p2a: Ninetales\n|turn|19\n|\n|t:|1698709595\n|move|p2a: Ninetales|Aurora Veil|p2a: Ninetales\n|-sidestart|p2: Vazquez 2.0|move: Aurora Veil\n|move|p1a: Azumarill|Play Rough|p2a: Ninetales\n|-damage|p2a: Ninetales|77\/100\n|\n|-weather|Snow|[upkeep]\n|upkeep\n|turn|20\n|\n|t:|1698709599\n|move|p2a: Ninetales|Freeze-Dry|p1a: Azumarill\n|-supereffective|p1a: Azumarill\n|-damage|p1a: Azumarill|54\/100\n|move|p1a: Azumarill|Knock Off|p2a: Ninetales\n|-resisted|p2a: Ninetales\n|-damage|p2a: Ninetales|69\/100\n|-enditem|p2a: Ninetales|Light Clay|[from] move: Knock Off|[of] p1a: Azumarill\n|\n|-weather|Snow|[upkeep]\n|upkeep\n|turn|21\n|\n|t:|1698709603\n|move|p2a: Ninetales|Freeze-Dry|p1a: Azumarill\n|-supereffective|p1a: Azumarill\n|-damage|p1a: Azumarill|26\/100\n|move|p1a: Azumarill|Liquidation|p2a: Ninetales\n|-damage|p2a: Ninetales|48\/100\n|\n|-weather|Snow|[upkeep]\n|upkeep\n|turn|22\n|\n|t:|1698709607\n|move|p2a: Ninetales|Freeze-Dry|p1a: Azumarill\n|-supereffective|p1a: Azumarill\n|-damage|p1a: Azumarill|0 fnt\n|faint|p1a: Azumarill\n|\n|-weather|Snow|[upkeep]\n|upkeep\n|\n|t:|1698709616\n|switch|p1a: Dragapult|Dragapult, M|34\/100\n|-damage|p1a: Dragapult|18\/100|[from] Spikes\n|turn|23\n|\n|t:|1698709619\n|move|p1a: Dragapult|Shadow Ball|p2a: Ninetales\n|-damage|p2a: Ninetales|0 fnt\n|faint|p2a: Ninetales\n|\n|-weather|none\n|upkeep\n|\n|t:|1698709623\n|switch|p2a: Iron Hands|Iron Hands, shiny, tera:Flying|100\/100\n|turn|24\n|\n|t:|1698709630\n|move|p1a: Dragapult|Shadow Ball|p2a: Iron Hands\n|-damage|p2a: Iron Hands|57\/100\n|move|p2a: Iron Hands|Belly Drum|p2a: Iron Hands\n|-damage|p2a: Iron Hands|7\/100\n|-setboost|p2a: Iron Hands|atk|6|[from] move: Belly Drum\n|-enditem|p2a: Iron Hands|Sitrus Berry|[eat]\n|-heal|p2a: Iron Hands|32\/100|[from] item: Sitrus Berry\n|\n|upkeep\n|turn|25\n|\n|t:|1698709635\n|move|p1a: Dragapult|Shadow Ball|p2a: Iron Hands\n|-damage|p2a: Iron Hands|0 fnt\n|faint|p2a: Iron Hands\n|-end|p2a: Iron Hands|Quark Drive|[silent]\n|\n|upkeep\n|\n|t:|1698709637\n|switch|p2a: Spectrier|Spectrier|100\/100\n|turn|26\n|c|\u2606Vazquez 2.0|gg\n|\n|t:|1698709641\n|move|p1a: Dragapult|Shadow Ball|p2a: Spectrier\n|-supereffective|p2a: Spectrier\n|-damage|p2a: Spectrier|0 fnt\n|faint|p2a: Spectrier\n|\n|win|BeardyBennett\n|c|\u2606BeardyBennett|Gg\n|c|\u2606Vazquez 2.0|gg\n","uploadtime":1698709652,"views":6,"p1id":"beardybennett","p2id":"vazquez20","formatid":"gen9ubers","rating":0,"private":0,"password":""}