{"id":"gen9ubers-1980255547","p1":"Rpeezy","p2":"Sussymatd","format":"[Gen 9] Ubers","log":"|j|\u2606Rpeezy\n|j|\u2606Sussymatd\n|t:|1698770042\n|gametype|singles\n|player|p1|Rpeezy|lady|\n|player|p2|Sussymatd|steven|\n|teamsize|p1|6\n|teamsize|p2|6\n|gen|9\n|tier|[Gen 9] Ubers\n|rule|Sleep Clause Mod: Limit one foe put to sleep\n|rule|Species Clause: Limit one of each Pok\u00e9mon\n|rule|OHKO Clause: OHKO moves are banned\n|rule|Evasion Items Clause: Evasion items are banned\n|rule|Evasion Moves Clause: Evasion moves are banned\n|rule|Endless Battle Clause: Forcing endless battles is banned\n|rule|HP Percentage Mod: HP is shown in percentages\n|clearpoke\n|poke|p1|Illumise, F|\n|poke|p1|Meowscarada, F|\n|poke|p1|Gastrodon, M|\n|poke|p1|Sneasler, F|\n|poke|p1|Sinistcha|\n|poke|p1|Sandy Shocks|\n|poke|p2|Misdreavus, M|\n|poke|p2|Pincurchin, M|\n|poke|p2|Iron Treads|\n|poke|p2|Tornadus, M|\n|poke|p2|Arcanine-Hisui, M|\n|poke|p2|Raichu-Alola, M|\n|teampreview\n|inactive|Battle timer is ON: inactive players will automatically lose when time's up. (requested by Rpeezy)\n|c|\u2606Sussymatd|gl\n|c|\u2606Rpeezy|glhf\n|inactiveoff|Battle timer is now OFF.\n|\n|t:|1698770070\n|start\n|switch|p1a: protean|Meowscarada, F|100\/100\n|switch|p2a: Tornadus|Tornadus, M|100\/100\n|turn|1\n|\n|t:|1698770079\n|move|p1a: protean|Taunt|p2a: Tornadus\n|-start|p2a: Tornadus|move: Taunt\n|move|p2a: Tornadus|Air Slash|p1a: protean\n|-supereffective|p1a: protean\n|-enditem|p1a: protean|Focus Sash\n|-damage|p1a: protean|1\/100\n|\n|upkeep\n|turn|2\n|\n|t:|1698770087\n|switch|p1a: Aya (he's tall)|Sandy Shocks|100\/100\n|move|p2a: Tornadus|Air Slash|p1a: Aya (he's tall)\n|-resisted|p1a: Aya (he's tall)\n|-damage|p1a: Aya (he's tall)|76\/100\n|\n|upkeep\n|turn|3\n|c|\u2606Rpeezy|shoutout to aya\n|j| CloudlessGamer\n|c|\u2606Rpeezy|he's tall (like sandy shocks(\n|c|\u2606Rpeezy|hi cloud\n|c| CloudlessGamer|Rp this is my lunch entertainment\n|\n|t:|1698770156\n|switch|p2a: Misdreavus|Misdreavus, M|100\/100\n|move|p1a: Aya (he's tall)|Earth Power|p2a: Misdreavus\n|-immune|p2a: Misdreavus|[from] ability: Levitate\n|\n|upkeep\n|turn|4\n|c| CloudlessGamer|make me proud\n|c|\u2606Rpeezy|ofc\n|\n|t:|1698770189\n|-end|p1a: Aya (he's tall)|Protosynthesis|[silent]\n|switch|p1a: Swept Blazey(L)|Gastrodon, M|100\/100\n|move|p2a: Misdreavus|Energy Ball|p1a: Swept Blazey(L)\n|-supereffective|p1a: Swept Blazey(L)\n|-damage|p1a: Swept Blazey(L)|13\/100\n|\n|-heal|p1a: Swept Blazey(L)|19\/100|[from] item: Leftovers\n|upkeep\n|turn|5\n|c|\u2606Sussymatd|damn\n|c|\u2606Sussymatd|that sucks\n|c|\u2606Rpeezy|booooo\n|\n|t:|1698770202\n|switch|p1a: Solar(hes british)|Sinistcha|100\/100\n|move|p2a: Misdreavus|Hex|p1a: Solar(hes british)\n|-supereffective|p1a: Solar(hes british)\n|-damage|p1a: Solar(hes british)|54\/100\n|\n|-heal|p1a: Solar(hes british)|60\/100|[from] item: Leftovers\n|upkeep\n|turn|6\n|\n|t:|1698770210\n|-terastallize|p1a: Solar(hes british)|Fairy\n|move|p2a: Misdreavus|Thunder Wave|p1a: Solar(hes british)\n|-status|p1a: Solar(hes british)|par\n|cant|p1a: Solar(hes british)|par\n|\n|-heal|p1a: Solar(hes british)|66\/100 par|[from] item: Leftovers\n|upkeep\n|turn|7\n|c|\u2606Sussymatd|WWW\n|c|\u2606Rpeezy|this game sucks >:(\n|\n|t:|1698770267\n|move|p2a: Misdreavus|Hex|p1a: Solar(hes british)\n|-damage|p1a: Solar(hes british)|20\/100 par\n|move|p1a: Solar(hes british)|Strength Sap|p2a: Misdreavus\n|-unboost|p2a: Misdreavus|atk|1\n|-heal|p1a: Solar(hes british)|52\/100 par\n|\n|-heal|p1a: Solar(hes british)|58\/100 par|[from] item: Leftovers\n|upkeep\n|turn|8\n|\n|t:|1698770283\n|switch|p1a: sgrg32|Illumise, F|100\/100\n|move|p2a: Misdreavus|Hex|p1a: sgrg32\n|-damage|p1a: sgrg32|71\/100\n|\n|upkeep\n|turn|9\n|\n|t:|1698770300\n|switch|p2a: Iron Treads|Iron Treads|100\/100\n|move|p1a: sgrg32|Wish|p1a: sgrg32\n|\n|upkeep\n|turn|10\n|\n|t:|1698770313\n|switch|p1a: Solar(hes british)|Sinistcha, tera:Fairy|58\/100 par\n|move|p2a: Iron Treads|Rapid Spin|p1a: Solar(hes british)\n|-damage|p1a: Solar(hes british)|47\/100 par\n|-boost|p2a: Iron Treads|spe|1\n|\n|-heal|p1a: Solar(hes british)|96\/100 par|[from] move: Wish|[wisher] sgrg32\n|-heal|p1a: Solar(hes british)|100\/100 par|[from] item: Leftovers\n|upkeep\n|turn|11\n|\n|t:|1698770377\n|switch|p1a: Aya (he's tall)|Sandy Shocks|76\/100\n|move|p2a: Iron Treads|Iron Head|p1a: Aya (he's tall)\n|-resisted|p1a: Aya (he's tall)\n|-damage|p1a: Aya (he's tall)|53\/100\n|\n|upkeep\n|turn|12\n|\n|t:|1698770387\n|-end|p1a: Aya (he's tall)|Protosynthesis|[silent]\n|switch|p1a: sgrg32|Illumise, F|71\/100\n|move|p2a: Iron Treads|Earthquake|p1a: sgrg32\n|-resisted|p1a: sgrg32\n|-damage|p1a: sgrg32|49\/100\n|\n|upkeep\n|turn|13\n|\n|t:|1698770394\n|move|p1a: sgrg32|Encore|p2a: Iron Treads\n|-start|p2a: Iron Treads|Encore\n|move|p2a: Iron Treads|Earthquake|p1a: sgrg32\n|-resisted|p1a: sgrg32\n|-damage|p1a: sgrg32|28\/100\n|\n|upkeep\n|turn|14\n|\n|t:|1698770411\n|move|p1a: sgrg32|Wish|p1a: sgrg32\n|move|p2a: Iron Treads|Earthquake|p1a: sgrg32\n|-resisted|p1a: sgrg32\n|-damage|p1a: sgrg32|7\/100\n|\n|upkeep\n|turn|15\n|\n|t:|1698770446\n|switch|p1a: Solar(hes british)|Sinistcha, tera:Fairy|100\/100 par\n|move|p2a: Iron Treads|Earthquake|p1a: Solar(hes british)\n|-damage|p1a: Solar(hes british)|66\/100 par\n|\n|-heal|p1a: Solar(hes british)|100\/100 par|[from] move: Wish|[wisher] sgrg32\n|-end|p2a: Iron Treads|Encore\n|upkeep\n|turn|16\n|c|\u2606Rpeezy|wait this made me run in a circle\n|c|\u2606Rpeezy|my brain is spilling\n|\n|t:|1698770473\n|move|p2a: Iron Treads|Iron Head|p1a: Solar(hes british)\n|-supereffective|p1a: Solar(hes british)\n|-damage|p1a: Solar(hes british)|46\/100 par\n|move|p1a: Solar(hes british)|Strength Sap|p2a: Iron Treads\n|-unboost|p2a: Iron Treads|atk|1\n|-heal|p1a: Solar(hes british)|100\/100 par\n|\n|upkeep\n|turn|17\n|\n|t:|1698770503\n|-end|p2a: Iron Treads|Quark Drive|[silent]\n|switch|p2a: Pincurchin|Pincurchin, M|100\/100\n|-fieldstart|move: Electric Terrain|[from] ability: Electric Surge|[of] p2a: Pincurchin\n|cant|p1a: Solar(hes british)|par\n|\n|upkeep\n|turn|18\n|\n|t:|1698770511\n|move|p1a: Solar(hes british)|Calm Mind|p1a: Solar(hes british)\n|-boost|p1a: Solar(hes british)|spa|1\n|-boost|p1a: Solar(hes british)|spd|1\n|move|p2a: Pincurchin|Wild Charge|p1a: Solar(hes british)\n|-damage|p1a: Solar(hes british)|58\/100 par\n|-damage|p2a: Pincurchin|88\/100|[from] Recoil\n|\n|-heal|p1a: Solar(hes british)|64\/100 par|[from] item: Leftovers\n|upkeep\n|turn|19\n|c| CloudlessGamer|Class time, Gl both of ya\n|c|\u2606Rpeezy|tyty\n|l| CloudlessGamer\n|\n|t:|1698770535\n|move|p1a: Solar(hes british)|Matcha Gotcha|p2a: Pincurchin\n|-damage|p2a: Pincurchin|21\/100\n|-heal|p1a: Solar(hes british)|93\/100 par|[from] drain|[of] p2a: Pincurchin\n|move|p2a: Pincurchin|Wild Charge|p1a: Solar(hes british)\n|-damage|p1a: Solar(hes british)|50\/100 par\n|-damage|p2a: Pincurchin|9\/100|[from] Recoil\n|\n|-heal|p1a: Solar(hes british)|56\/100 par|[from] item: Leftovers\n|upkeep\n|turn|20\n|\n|t:|1698770618\n|switch|p2a: Tornadus|Tornadus, M|100\/100\n|move|p1a: Solar(hes british)|Strength Sap|p2a: Tornadus\n|-unboost|p2a: Tornadus|atk|1\n|-heal|p1a: Solar(hes british)|100\/100 par\n|\n|upkeep\n|turn|21\n|\n|t:|1698770671\n|move|p2a: Tornadus|Air Slash|p1a: Solar(hes british)\n|-damage|p1a: Solar(hes british)|71\/100 par\n|move|p1a: Solar(hes british)|Shadow Ball|p2a: Tornadus\n|-damage|p2a: Tornadus|32\/100\n|\n|-heal|p1a: Solar(hes british)|77\/100 par|[from] item: Leftovers\n|upkeep\n|turn|22\n|\n|t:|1698770688\n|move|p2a: Tornadus|Tailwind|p2a: Tornadus\n|-sidestart|p2: Sussymatd|move: Tailwind\n|cant|p1a: Solar(hes british)|par\n|\n|-heal|p1a: Solar(hes british)|83\/100 par|[from] item: Leftovers\n|upkeep\n|turn|23\n|\n|t:|1698770696\n|move|p2a: Tornadus|Air Slash|p1a: Solar(hes british)\n|-damage|p1a: Solar(hes british)|56\/100 par\n|cant|p1a: Solar(hes british)|flinch\n|\n|-heal|p1a: Solar(hes british)|62\/100 par|[from] item: Leftovers\n|upkeep\n|turn|24\n|c|\u2606Sussymatd|finna flinch hax u\n|c|\u2606Rpeezy|im gonna write a strongly worded letter to someone\n|\n|t:|1698770713\n|move|p2a: Tornadus|Air Slash|p1a: Solar(hes british)\n|-damage|p1a: Solar(hes british)|37\/100 par\n|cant|p1a: Solar(hes british)|flinch\n|\n|-heal|p1a: Solar(hes british)|43\/100 par|[from] item: Leftovers\n|-fieldend|move: Electric Terrain\n|upkeep\n|turn|25\n|c|\u2606Rpeezy|bro\n|c|\u2606Sussymatd|idk\n|\n|t:|1698770727\n|switch|p1a: Aya (he's tall)|Sandy Shocks|53\/100\n|move|p2a: Tornadus|Air Slash|p1a: Aya (he's tall)\n|-resisted|p1a: Aya (he's tall)\n|-damage|p1a: Aya (he's tall)|27\/100\n|\n|-sideend|p2: Sussymatd|move: Tailwind\n|upkeep\n|turn|26\n|\n|t:|1698770736\n|move|p1a: Aya (he's tall)|Volt Switch|p2a: Tornadus\n|-supereffective|p2a: Tornadus\n|-damage|p2a: Tornadus|0 fnt\n|faint|p2a: Tornadus\n|\n|t:|1698770756\n|-end|p1a: Aya (he's tall)|Protosynthesis|[silent]\n|switch|p1a: MaseReloaded|Sneasler, F|100\/100|[from] Volt Switch\n|\n|upkeep\n|c|\u2606Rpeezy|mase reloaded will save me\n|c|\u2606Sussymatd|uh can we wait like 3 min\n|c|\u2606Sussymatd|i got asked to watch the food in the oven\n|c|\u2606Rpeezy|yeah ofc\n|\n|t:|1698771776\n|switch|p2a: Misdreavus|Misdreavus, M|100\/100\n|turn|27\n|\n|t:|1698771782\n|switch|p1a: Swept Blazey(L)|Gastrodon, M|19\/100\n|move|p2a: Misdreavus|Thunder Wave|p1a: Swept Blazey(L)\n|-immune|p1a: Swept Blazey(L)\n|\n|-heal|p1a: Swept Blazey(L)|25\/100|[from] item: Leftovers\n|upkeep\n|turn|28\n|\n|t:|1698771792\n|move|p2a: Misdreavus|Energy Ball|p1a: Swept Blazey(L)\n|-supereffective|p1a: Swept Blazey(L)\n|-crit|p1a: Swept Blazey(L)\n|-damage|p1a: Swept Blazey(L)|0 fnt\n|faint|p1a: Swept Blazey(L)\n|\n|upkeep\n|\n|t:|1698771796\n|switch|p1a: protean|Meowscarada, F|1\/100\n|turn|29\n|\n|t:|1698771850\n|switch|p2a: Pincurchin|Pincurchin, M|9\/100\n|-fieldstart|move: Electric Terrain|[from] ability: Electric Surge|[of] p2a: Pincurchin\n|move|p1a: protean|Knock Off|p2a: Pincurchin\n|-damage|p2a: Pincurchin|0 fnt\n|-enditem|p2a: Pincurchin|Terrain Extender|[from] move: Knock Off|[of] p1a: protean\n|faint|p2a: Pincurchin\n|\n|upkeep\n|c|\u2606Rpeezy|it's protean\n|c|\u2606Rpeezy|trust me\n|\n|t:|1698771904\n|switch|p2a: Iron Treads|Iron Treads|100\/100\n|-activate|p2a: Iron Treads|ability: Quark Drive\n|-start|p2a: Iron Treads|quarkdrivespe\n|turn|30\n|\n|t:|1698771933\n|move|p1a: protean|Sucker Punch|p2a: Iron Treads\n|-damage|p2a: Iron Treads|72\/100\n|move|p2a: Iron Treads|Rapid Spin|p1a: protean\n|-damage|p1a: protean|0 fnt\n|-boost|p2a: Iron Treads|spe|1\n|faint|p1a: protean\n|\n|upkeep\n|\n|t:|1698771949\n|switch|p1a: MaseReloaded|Sneasler, F|100\/100\n|turn|31\n|\n|t:|1698771956\n|move|p1a: MaseReloaded|Fake Out|p2a: Iron Treads\n|-enditem|p1a: MaseReloaded|Normal Gem|[from] gem\n|-resisted|p2a: Iron Treads\n|-damage|p2a: Iron Treads|65\/100\n|cant|p2a: Iron Treads|flinch\n|\n|upkeep\n|turn|32\n|\n|t:|1698771963\n|move|p2a: Iron Treads|Earthquake|p1a: MaseReloaded\n|-supereffective|p1a: MaseReloaded\n|-damage|p1a: MaseReloaded|0 fnt\n|faint|p1a: MaseReloaded\n|\n|upkeep\n|c|\u2606Rpeezy|how :sob:\n|c|\u2606Rpeezy|i had 744 speed\n|\n|t:|1698771991\n|switch|p1a: sgrg32|Illumise, F|7\/100\n|turn|33\n|c|\u2606Sussymatd|769 brotha\n|c|\u2606Rpeezy|:sob:\n|\n|t:|1698772002\n|move|p1a: sgrg32|Trick|p2a: Iron Treads\n|-activate|p1a: sgrg32|move: Trick|[of] p2a: Iron Treads\n|-item|p2a: Iron Treads|Lagging Tail|[from] move: Trick\n|-item|p1a: sgrg32|Heavy-Duty Boots|[from] move: Trick\n|move|p2a: Iron Treads|Iron Head|p1a: sgrg32\n|-damage|p1a: sgrg32|0 fnt\n|faint|p1a: sgrg32\n|\n|upkeep\n|\n|t:|1698772013\n|switch|p1a: Aya (he's tall)|Sandy Shocks|27\/100\n|turn|34\n|\n|t:|1698772032\n|-end|p2a: Iron Treads|Quark Drive|[silent]\n|switch|p2a: Raichu|Raichu-Alola, M|100\/100\n|move|p1a: Aya (he's tall)|Volt Switch|p2a: Raichu\n|-resisted|p2a: Raichu\n|-damage|p2a: Raichu|66\/100\n|\n|t:|1698772040\n|-end|p1a: Aya (he's tall)|Protosynthesis|[silent]\n|switch|p1a: Solar(hes british)|Sinistcha, tera:Fairy|43\/100 par|[from] Volt Switch\n|\n|-heal|p1a: Solar(hes british)|49\/100 par|[from] item: Leftovers\n|upkeep\n|turn|35\n|c|\u2606Rpeezy|i have to play risky to win\n|c|\u2606Rpeezy|i still have a chance\n|c|\u2606Rpeezy|it's my anime arc\n|\n|t:|1698772087\n|move|p2a: Raichu|Discharge|p1a: Solar(hes british)\n|-damage|p1a: Solar(hes british)|0 fnt\n|faint|p1a: Solar(hes british)\n|\n|upkeep\n|\n|t:|1698772090\n|switch|p1a: Aya (he's tall)|Sandy Shocks|27\/100\n|turn|36\n|\n|t:|1698772098\n|move|p2a: Raichu|Surf|p1a: Aya (he's tall)\n|-supereffective|p1a: Aya (he's tall)\n|-damage|p1a: Aya (he's tall)|0 fnt\n|faint|p1a: Aya (he's tall)\n|-end|p1a: Aya (he's tall)|Protosynthesis|[silent]\n|\n|win|Sussymatd\n|c|\u2606Rpeezy|gg\n|c|\u2606Sussymatd|ggs\n|l|\u2606Rpeezy\n|c|\u2606Sussymatd|god, im so sorry for the wait\n","uploadtime":1698772116,"views":83,"p1id":"rpeezy","p2id":"sussymatd","formatid":"gen9ubers","rating":0,"private":0,"password":""}