{"id":"gen9ubers-1980695551","p1":"leonissenbaum","p2":"joomsap","format":"[Gen 9] Ubers","log":"|j|\u2606leonissenbaum\n|j|\u2606joomsap\n|t:|1698814378\n|gametype|singles\n|player|p1|leonissenbaum|leon|\n|player|p2|joomsap|169|\n|teamsize|p1|6\n|teamsize|p2|6\n|gen|9\n|tier|[Gen 9] Ubers\n|rule|Sleep Clause Mod: Limit one foe put to sleep\n|rule|Species Clause: Limit one of each Pok\u00e9mon\n|rule|OHKO Clause: OHKO moves are banned\n|rule|Evasion Items Clause: Evasion items are banned\n|rule|Evasion Moves Clause: Evasion moves are banned\n|rule|Endless Battle Clause: Forcing endless battles is banned\n|rule|HP Percentage Mod: HP is shown in percentages\n|clearpoke\n|poke|p1|Giratina|\n|poke|p1|Gliscor, F|\n|poke|p1|Blissey, F|\n|poke|p1|Dondozo, F|\n|poke|p1|Clefable, M|\n|poke|p1|Espeon, M|\n|poke|p2|Pelipper, F|\n|poke|p2|Arceus-Grass|\n|poke|p2|Palkia-Origin|\n|poke|p2|Overqwil, M|\n|poke|p2|Magearna|\n|poke|p2|Zacian-*|\n|teampreview\n|c|\u2606leonissenbaum|can i beat the feared samsung tv gamer\n|\n|t:|1698814442\n|start\n|switch|p1a: Blissey|Blissey, F|100\/100\n|switch|p2a: Pelipper|Pelipper, F|100\/100\n|-weather|RainDance|[from] ability: Drizzle|[of] p2a: Pelipper\n|turn|1\n|\n|t:|1698814472\n|move|p2a: Pelipper|U-turn|p1a: Blissey\n|-damage|p1a: Blissey|92\/100\n|\n|t:|1698814480\n|switch|p2a: Magearna|Magearna|100\/100|[from] U-turn\n|move|p1a: Blissey|Stealth Rock|p2a: Magearna\n|-sidestart|p2: joomsap|move: Stealth Rock\n|\n|-weather|RainDance|[upkeep]\n|-heal|p1a: Blissey|99\/100|[from] item: Leftovers\n|upkeep\n|turn|2\n|\n|t:|1698814505\n|move|p2a: Magearna|Volt Switch|p1a: Blissey\n|-damage|p1a: Blissey|91\/100\n|\n|t:|1698814510\n|switch|p2a: Zacian|Zacian|100\/100|[from] Volt Switch\n|-ability|p2a: Zacian|Intrepid Sword|boost\n|-boost|p2a: Zacian|atk|1\n|move|p1a: Blissey|Seismic Toss|p2a: Zacian\n|-damage|p2a: Zacian|70\/100\n|\n|-weather|RainDance|[upkeep]\n|-heal|p1a: Blissey|97\/100|[from] item: Leftovers\n|upkeep\n|turn|3\n|\n|t:|1698814528\n|switch|p2a: Arceus|Arceus-Grass|100\/100\n|-damage|p2a: Arceus|88\/100|[from] Stealth Rock\n|switch|p1a: Dondozo|Dondozo, F|100\/100\n|\n|-weather|RainDance|[upkeep]\n|upkeep\n|turn|4\n|\n|t:|1698814554\n|switch|p1a: Giratina|Giratina, shiny|100\/100\n|-ability|p1a: Giratina|Pressure\n|move|p2a: Arceus|Dragon Dance|p2a: Arceus\n|-boost|p2a: Arceus|atk|1\n|-boost|p2a: Arceus|spe|1\n|\n|-weather|RainDance|[upkeep]\n|upkeep\n|turn|5\n|\n|t:|1698814571\n|move|p2a: Arceus|Earthquake|p1a: Giratina\n|-damage|p1a: Giratina|67\/100\n|move|p1a: Giratina|Thunder Wave|p2a: Arceus\n|-status|p2a: Arceus|par\n|\n|-weather|RainDance|[upkeep]\n|-heal|p1a: Giratina|73\/100|[from] item: Leftovers\n|upkeep\n|turn|6\n|\n|t:|1698814580\n|move|p2a: Arceus|Earthquake|p1a: Giratina\n|-damage|p1a: Giratina|41\/100\n|move|p1a: Giratina|Roar|p2a: Arceus\n|drag|p2a: Overqwil|Overqwil, M|100\/100\n|-damage|p2a: Overqwil|88\/100|[from] Stealth Rock\n|\n|-weather|RainDance|[upkeep]\n|-heal|p1a: Giratina|48\/100|[from] item: Leftovers\n|upkeep\n|turn|7\n|\n|t:|1698814597\n|switch|p2a: Palkia|Palkia-Origin|100\/100\n|-damage|p2a: Palkia|88\/100|[from] Stealth Rock\n|-ability|p2a: Palkia|Pressure\n|switch|p1a: Dondozo|Dondozo, F|100\/100\n|\n|-weather|RainDance|[upkeep]\n|upkeep\n|turn|8\n|\n|t:|1698814612\n|switch|p1a: Blissey|Blissey, F|97\/100\n|move|p2a: Palkia|Hydro Pump|p1a: Blissey\n|-damage|p1a: Blissey|64\/100\n|\n|-weather|none\n|-heal|p1a: Blissey|70\/100|[from] item: Leftovers\n|upkeep\n|turn|9\n|\n|t:|1698814638\n|switch|p2a: Magearna|Magearna|100\/100\n|-damage|p2a: Magearna|94\/100|[from] Stealth Rock\n|move|p1a: Blissey|Seismic Toss|p2a: Magearna\n|-damage|p2a: Magearna|67\/100\n|\n|-heal|p2a: Magearna|73\/100|[from] item: Leftovers\n|-heal|p1a: Blissey|77\/100|[from] item: Leftovers\n|upkeep\n|turn|10\n|\n|t:|1698814663\n|switch|p1a: Gliscor|Gliscor, F|100\/100\n|move|p2a: Magearna|Fleur Cannon|p1a: Gliscor\n|-damage|p1a: Gliscor|39\/100\n|-unboost|p2a: Magearna|spa|2\n|\n|-heal|p2a: Magearna|79\/100|[from] item: Leftovers\n|-status|p1a: Gliscor|tox|[from] item: Toxic Orb\n|upkeep\n|turn|11\n|\n|t:|1698814679\n|move|p1a: Gliscor|Spikes|p2a: Magearna\n|-sidestart|p2: joomsap|Spikes\n|move|p2a: Magearna|Spikes|p1a: Gliscor\n|-sidestart|p1: leonissenbaum|Spikes\n|\n|-heal|p2a: Magearna|85\/100|[from] item: Leftovers\n|-heal|p1a: Gliscor|52\/100 tox|[from] ability: Poison Heal\n|upkeep\n|turn|12\n|\n|t:|1698814692\n|switch|p1a: Espeon|Espeon, M|100\/100\n|-damage|p1a: Espeon|88\/100|[from] Spikes\n|switch|p2a: Zacian|Zacian|70\/100\n|\n|upkeep\n|turn|13\n|\n|t:|1698814705\n|switch|p1a: Dondozo|Dondozo, F|100\/100\n|-damage|p1a: Dondozo|88\/100|[from] Spikes\n|move|p2a: Zacian|Play Rough|p1a: Dondozo\n|-damage|p1a: Dondozo|70\/100\n|-damage|p2a: Zacian|53\/100|[from] item: Rocky Helmet|[of] p1a: Dondozo\n|\n|upkeep\n|turn|14\n|\n|t:|1698814718\n|switch|p2a: Pelipper|Pelipper, F|100\/100\n|-damage|p2a: Pelipper|75\/100|[from] Stealth Rock\n|-weather|RainDance|[from] ability: Drizzle|[of] p2a: Pelipper\n|move|p1a: Dondozo|Waterfall|p2a: Pelipper\n|-resisted|p2a: Pelipper\n|-damage|p2a: Pelipper|61\/100\n|\n|-weather|RainDance|[upkeep]\n|upkeep\n|turn|15\n|\n|t:|1698814752\n|move|p2a: Pelipper|Knock Off|p1a: Dondozo\n|-damage|p1a: Dondozo|64\/100\n|-damage|p2a: Pelipper|44\/100|[from] item: Rocky Helmet|[of] p1a: Dondozo\n|-enditem|p1a: Dondozo|Rocky Helmet|[from] move: Knock Off|[of] p2a: Pelipper\n|move|p1a: Dondozo|Waterfall|p2a: Pelipper\n|-resisted|p2a: Pelipper\n|-damage|p2a: Pelipper|29\/100\n|\n|-weather|RainDance|[upkeep]\n|upkeep\n|turn|16\n|\n|t:|1698814767\n|switch|p2a: Palkia|Palkia-Origin|88\/100\n|-damage|p2a: Palkia|76\/100|[from] Stealth Rock\n|-damage|p2a: Palkia|63\/100|[from] Spikes\n|-ability|p2a: Palkia|Pressure\n|move|p1a: Dondozo|Waterfall|p2a: Palkia\n|-resisted|p2a: Palkia\n|-damage|p2a: Palkia|52\/100\n|\n|-weather|RainDance|[upkeep]\n|upkeep\n|turn|17\n|\n|t:|1698814793\n|switch|p1a: Blissey|Blissey, F|77\/100\n|-damage|p1a: Blissey|64\/100|[from] Spikes\n|move|p2a: Palkia|Thunder|p1a: Blissey\n|-damage|p1a: Blissey|51\/100\n|\n|-weather|RainDance|[upkeep]\n|-heal|p1a: Blissey|57\/100|[from] item: Leftovers\n|upkeep\n|turn|18\n|\n|t:|1698814830\n|switch|p2a: Arceus|Arceus-Grass|88\/100 par\n|-damage|p2a: Arceus|76\/100 par|[from] Stealth Rock\n|-damage|p2a: Arceus|63\/100 par|[from] Spikes\n|move|p1a: Blissey|Soft-Boiled|p1a: Blissey\n|-heal|p1a: Blissey|100\/100\n|\n|-weather|RainDance|[upkeep]\n|upkeep\n|turn|19\n|\n|t:|1698814839\n|move|p2a: Arceus|Dragon Dance|p2a: Arceus\n|-boost|p2a: Arceus|atk|1\n|-boost|p2a: Arceus|spe|1\n|move|p1a: Blissey|Seismic Toss|p2a: Arceus\n|-damage|p2a: Arceus|37\/100 par\n|\n|-weather|RainDance|[upkeep]\n|upkeep\n|turn|20\n|\n|t:|1698814864\n|switch|p1a: Giratina|Giratina, shiny|48\/100\n|-damage|p1a: Giratina|35\/100|[from] Spikes\n|-ability|p1a: Giratina|Pressure\n|move|p2a: Arceus|Earthquake|p1a: Giratina\n|-damage|p1a: Giratina|3\/100\n|\n|-weather|RainDance|[upkeep]\n|-heal|p1a: Giratina|10\/100|[from] item: Leftovers\n|upkeep\n|turn|21\n|\n|t:|1698814877\n|move|p2a: Arceus|Earthquake|p1a: Giratina\n|-damage|p1a: Giratina|0 fnt\n|faint|p1a: Giratina\n|\n|-weather|none\n|upkeep\n|\n|t:|1698814899\n|switch|p1a: Clefable|Clefable, M|100\/100\n|-damage|p1a: Clefable|88\/100|[from] Spikes\n|turn|22\n|\n|t:|1698814907\n|move|p2a: Arceus|Poison Jab|p1a: Clefable\n|-supereffective|p1a: Clefable\n|-damage|p1a: Clefable|18\/100\n|move|p1a: Clefable|Moonblast|p2a: Arceus\n|-damage|p2a: Arceus|13\/100 par\n|-unboost|p2a: Arceus|spa|1\n|\n|-heal|p1a: Clefable|24\/100|[from] item: Leftovers\n|upkeep\n|turn|23\n|\n|t:|1698814922\n|move|p2a: Arceus|Poison Jab|p1a: Clefable\n|-supereffective|p1a: Clefable\n|-damage|p1a: Clefable|0 fnt\n|faint|p1a: Clefable\n|\n|upkeep\n|c|\u2606leonissenbaum|where is my paraa\n|c|\u2606leonissenbaum|i guess makes up for last game though\n|\n|t:|1698814989\n|switch|p1a: Espeon|Espeon, M|88\/100\n|-damage|p1a: Espeon|76\/100|[from] Spikes\n|turn|24\n|\n|t:|1698814996\n|move|p1a: Espeon|Psyshock|p2a: Arceus\n|-crit|p2a: Arceus\n|-damage|p2a: Arceus|0 fnt\n|faint|p2a: Arceus\n|\n|upkeep\n|\n|t:|1698815024\n|switch|p2a: Pelipper|Pelipper, F|29\/100\n|-damage|p2a: Pelipper|4\/100|[from] Stealth Rock\n|-weather|RainDance|[from] ability: Drizzle|[of] p2a: Pelipper\n|turn|25\n|\n|t:|1698815033\n|move|p1a: Espeon|Psyshock|p2a: Pelipper\n|-damage|p2a: Pelipper|0 fnt\n|faint|p2a: Pelipper\n|\n|-weather|RainDance|[upkeep]\n|upkeep\n|\n|t:|1698815038\n|switch|p2a: Overqwil|Overqwil, M|88\/100\n|-damage|p2a: Overqwil|76\/100|[from] Stealth Rock\n|-damage|p2a: Overqwil|64\/100|[from] Spikes\n|turn|26\n|\n|t:|1698815048\n|switch|p1a: Dondozo|Dondozo, F|64\/100\n|-damage|p1a: Dondozo|51\/100|[from] Spikes\n|move|p2a: Overqwil|Crunch|p1a: Dondozo\n|-damage|p1a: Dondozo|31\/100\n|\n|-weather|RainDance|[upkeep]\n|upkeep\n|turn|27\n|\n|t:|1698815056\n|move|p2a: Overqwil|Crunch|p1a: Dondozo\n|-damage|p1a: Dondozo|12\/100\n|move|p1a: Dondozo|Rest|p1a: Dondozo\n|-status|p1a: Dondozo|slp|[from] move: Rest\n|-heal|p1a: Dondozo|100\/100 slp|[silent]\n|\n|-weather|RainDance|[upkeep]\n|upkeep\n|turn|28\n|\n|t:|1698815063\n|move|p2a: Overqwil|Crunch|p1a: Dondozo\n|-damage|p1a: Dondozo|83\/100 slp\n|-unboost|p1a: Dondozo|def|1\n|cant|p1a: Dondozo|slp\n|move|p1a: Dondozo|Sleep Talk|p1a: Dondozo\n|move|p1a: Dondozo|Waterfall|p2a: Overqwil|[from]move: Sleep Talk\n|-damage|p2a: Overqwil|19\/100\n|\n|-weather|RainDance|[upkeep]\n|upkeep\n|turn|29\n|\n|t:|1698815083\n|move|p2a: Overqwil|Crunch|p1a: Dondozo\n|-damage|p1a: Dondozo|53\/100 slp\n|cant|p1a: Dondozo|slp\n|move|p1a: Dondozo|Sleep Talk|p1a: Dondozo\n|move|p1a: Dondozo|Body Press|p2a: Overqwil|[from]move: Sleep Talk\n|-damage|p2a: Overqwil|0 fnt\n|faint|p2a: Overqwil\n|\n|-weather|RainDance|[upkeep]\n|upkeep\n|\n|t:|1698815095\n|switch|p2a: Zacian|Zacian|53\/100\n|turn|30\n|\n|t:|1698815102\n|switch|p1a: Espeon|Espeon, M|76\/100\n|-damage|p1a: Espeon|64\/100|[from] Spikes\n|move|p2a: Zacian|Play Rough|p1a: Espeon\n|-damage|p1a: Espeon|0 fnt\n|faint|p1a: Espeon\n|\n|-weather|RainDance|[upkeep]\n|upkeep\n|\n|t:|1698815106\n|switch|p1a: Dondozo|Dondozo, F|53\/100 slp\n|-damage|p1a: Dondozo|41\/100 slp|[from] Spikes\n|turn|31\n|\n|t:|1698815112\n|-terastallize|p1a: Dondozo|Poison\n|move|p2a: Zacian|Play Rough|p1a: Dondozo|[miss]\n|-miss|p2a: Zacian|p1a: Dondozo\n|-curestatus|p1a: Dondozo|slp|[msg]\n|move|p1a: Dondozo|Rest|p1a: Dondozo\n|-status|p1a: Dondozo|slp|[from] move: Rest\n|-heal|p1a: Dondozo|100\/100 slp|[silent]\n|\n|-weather|RainDance|[upkeep]\n|upkeep\n|turn|32\n|\n|t:|1698815125\n|switch|p2a: Palkia|Palkia-Origin|52\/100\n|-damage|p2a: Palkia|40\/100|[from] Stealth Rock\n|-damage|p2a: Palkia|27\/100|[from] Spikes\n|-ability|p2a: Palkia|Pressure\n|cant|p1a: Dondozo|slp\n|move|p1a: Dondozo|Sleep Talk|p1a: Dondozo\n|move|p1a: Dondozo|Rest||[from]move: Sleep Talk|[still]\n|-fail|p1a: Dondozo\n|\n|-weather|none\n|upkeep\n|turn|33\n|\n|t:|1698815135\n|switch|p1a: Blissey|Blissey, F|100\/100\n|-damage|p1a: Blissey|88\/100|[from] Spikes\n|move|p2a: Palkia|Substitute|p2a: Palkia\n|-start|p2a: Palkia|Substitute\n|-damage|p2a: Palkia|2\/100\n|\n|-heal|p1a: Blissey|94\/100|[from] item: Leftovers\n|upkeep\n|turn|34\n|\n|t:|1698815143\n|move|p2a: Palkia|Thunder|p1a: Blissey\n|-damage|p1a: Blissey|80\/100\n|move|p1a: Blissey|Seismic Toss|p2a: Palkia\n|-end|p2a: Palkia|Substitute\n|\n|-heal|p1a: Blissey|87\/100|[from] item: Leftovers\n|upkeep\n|turn|35\n|\n|t:|1698815153\n|move|p2a: Palkia|Thunder|p1a: Blissey|[miss]\n|-miss|p2a: Palkia|p1a: Blissey\n|move|p1a: Blissey|Seismic Toss|p2a: Palkia\n|-damage|p2a: Palkia|0 fnt\n|faint|p2a: Palkia\n|\n|-heal|p1a: Blissey|93\/100|[from] item: Leftovers\n|upkeep\n|\n|t:|1698815163\n|switch|p2a: Magearna|Magearna|85\/100\n|-damage|p2a: Magearna|79\/100|[from] Stealth Rock\n|-damage|p2a: Magearna|67\/100|[from] Spikes\n|turn|36\n|\n|t:|1698815175\n|move|p2a: Magearna|Spikes|p1a: Blissey\n|-sidestart|p1: leonissenbaum|Spikes\n|move|p1a: Blissey|Seismic Toss|p2a: Magearna\n|-damage|p2a: Magearna|39\/100\n|\n|-heal|p2a: Magearna|45\/100|[from] item: Leftovers\n|-heal|p1a: Blissey|99\/100|[from] item: Leftovers\n|upkeep\n|turn|37\n|\n|t:|1698815182\n|move|p2a: Magearna|Spikes|p1a: Blissey\n|-sidestart|p1: leonissenbaum|Spikes\n|move|p1a: Blissey|Seismic Toss|p2a: Magearna\n|-damage|p2a: Magearna|18\/100\n|\n|-heal|p2a: Magearna|24\/100|[from] item: Leftovers\n|-heal|p1a: Blissey|100\/100|[from] item: Leftovers\n|upkeep\n|turn|38\n|\n|t:|1698815189\n|move|p2a: Magearna|Thunder Wave|p1a: Blissey\n|-status|p1a: Blissey|par\n|cant|p1a: Blissey|par\n|\n|-heal|p2a: Magearna|30\/100|[from] item: Leftovers\n|upkeep\n|turn|39\n|c|\u2606leonissenbaum|this is so sad\n|\n|t:|1698815202\n|move|p2a: Magearna|Volt Switch|p1a: Blissey\n|-damage|p1a: Blissey|92\/100 par\n|\n|t:|1698815207\n|switch|p2a: Zacian|Zacian|53\/100|[from] Volt Switch\n|move|p1a: Blissey|Seismic Toss|p2a: Zacian\n|-damage|p2a: Zacian|22\/100\n|\n|-heal|p1a: Blissey|98\/100 par|[from] item: Leftovers\n|upkeep\n|turn|40\n|\n|t:|1698815220\n|move|p2a: Zacian|Close Combat|p1a: Blissey\n|-supereffective|p1a: Blissey\n|-damage|p1a: Blissey|18\/100 par\n|-unboost|p2a: Zacian|def|1\n|-unboost|p2a: Zacian|spd|1\n|cant|p1a: Blissey|par\n|\n|-heal|p1a: Blissey|24\/100 par|[from] item: Leftovers\n|upkeep\n|turn|41\n|c|\u2606leonissenbaum|so so sad\n|c|\u2606leonissenbaum|when the tables turn\n|\n|t:|1698815236\n|-terastallize|p2a: Zacian|Water\n|move|p2a: Zacian|Tera Blast|p1a: Blissey|[anim] Tera Blast Water\n|-damage|p1a: Blissey|0 fnt\n|faint|p1a: Blissey\n|\n|upkeep\n|\n|t:|1698815239\n|switch|p1a: Dondozo|Dondozo, F, tera:Poison|100\/100 slp\n|-damage|p1a: Dondozo|75\/100 slp|[from] Spikes\n|turn|42\n|\n|t:|1698815246\n|move|p2a: Zacian|Tera Blast|p1a: Dondozo|[anim] Tera Blast Water\n|-damage|p1a: Dondozo|58\/100 slp\n|cant|p1a: Dondozo|slp\n|move|p1a: Dondozo|Sleep Talk|p1a: Dondozo\n|move|p1a: Dondozo|Waterfall|p2a: Zacian|[from]move: Sleep Talk\n|-resisted|p2a: Zacian\n|-crit|p2a: Zacian\n|-damage|p2a: Zacian|1\/100\n|\n|upkeep\n|turn|43\n|\n|t:|1698815258\n|move|p2a: Zacian|Tera Blast|p1a: Dondozo|[anim] Tera Blast Water\n|-damage|p1a: Dondozo|41\/100 slp\n|-curestatus|p1a: Dondozo|slp|[msg]\n|move|p1a: Dondozo|Body Press|p2a: Zacian\n|-damage|p2a: Zacian|0 fnt\n|faint|p2a: Zacian\n|\n|upkeep\n|\n|t:|1698815269\n|switch|p2a: Magearna|Magearna|30\/100\n|-damage|p2a: Magearna|24\/100|[from] Stealth Rock\n|-damage|p2a: Magearna|11\/100|[from] Spikes\n|turn|44\n|c|\u2606leonissenbaum|gg\n|\n|t:|1698815278\n|move|p2a: Magearna|Volt Switch|p1a: Dondozo\n|-damage|p1a: Dondozo|15\/100\n|move|p1a: Dondozo|Body Press|p2a: Magearna\n|-damage|p2a: Magearna|0 fnt\n|faint|p2a: Magearna\n|\n|win|leonissenbaum\n","uploadtime":1698815290,"views":17,"p1id":"leonissenbaum","p2id":"joomsap","formatid":"gen9ubers","rating":0,"private":0,"password":""}