{"id":"gen9ubers-1975482807","p1":"Deriverse","p2":"lime ave","format":"[Gen 9] Ubers","log":"|j|\u2606Deriverse\n|j|\u2606lime ave\n|t:|1698196120\n|gametype|singles\n|player|p1|Deriverse|roxanne|1307\n|player|p2|lime ave|yellow|1516\n|teamsize|p1|6\n|teamsize|p2|6\n|gen|9\n|tier|[Gen 9] Ubers\n|rated|\n|rule|Sleep Clause Mod: Limit one foe put to sleep\n|rule|Species Clause: Limit one of each Pok\u00e9mon\n|rule|OHKO Clause: OHKO moves are banned\n|rule|Evasion Items Clause: Evasion items are banned\n|rule|Evasion Moves Clause: Evasion moves are banned\n|rule|Endless Battle Clause: Forcing endless battles is banned\n|rule|HP Percentage Mod: HP is shown in percentages\n|clearpoke\n|poke|p1|Shaymin-Sky|\n|poke|p1|Flutter Mane|\n|poke|p1|Groudon|\n|poke|p1|Palafin, M|\n|poke|p1|Ribombee, F|\n|poke|p1|Great Tusk|\n|poke|p2|Arceus-Fairy|\n|poke|p2|Skeledirge, F|\n|poke|p2|Clodsire, F|\n|poke|p2|Great Tusk|\n|poke|p2|Koraidon|\n|poke|p2|Mewtwo|\n|teampreview\n|inactive|Battle timer is ON: inactive players will automatically lose when time's up. (requested by Deriverse)\n|\n|t:|1698196125\n|start\n|switch|p1a: Palafin|Palafin, M|100\/100\n|switch|p2a: Mewtwo|Mewtwo|100\/100\n|-ability|p2a: Mewtwo|Pressure\n|turn|1\n|inactive|lime ave has 120 seconds left.\n|\n|t:|1698196164\n|move|p2a: Mewtwo|Will-O-Wisp|p1a: Palafin|[miss]\n|-miss|p2a: Mewtwo|p1a: Palafin\n|move|p1a: Palafin|Flip Turn|p2a: Mewtwo\n|-damage|p2a: Mewtwo|76\/100\n|\n|t:|1698196169\n|detailschange|p1a: Palafin|Palafin-Hero, M\n|switch|p1a: Ribombee|Ribombee, F|100\/100|[from] Flip Turn\n|\n|-heal|p2a: Mewtwo|82\/100|[from] item: Leftovers\n|upkeep\n|turn|2\n|\n|t:|1698196172\n|move|p2a: Mewtwo|Taunt|p1a: Ribombee\n|-start|p1a: Ribombee|move: Taunt\n|cant|p1a: Ribombee|move: Taunt|Sticky Web\n|\n|-heal|p2a: Mewtwo|88\/100|[from] item: Leftovers\n|upkeep\n|turn|3\n|\n|t:|1698196174\n|move|p2a: Mewtwo|Psystrike|p1a: Ribombee\n|-damage|p1a: Ribombee|3\/100\n|move|p1a: Ribombee|Moonblast|p2a: Mewtwo\n|-damage|p2a: Mewtwo|45\/100\n|\n|-heal|p2a: Mewtwo|52\/100|[from] item: Leftovers\n|upkeep\n|turn|4\n|\n|t:|1698196182\n|switch|p1a: Groudon|Groudon|100\/100\n|-weather|SunnyDay|[from] ability: Drought|[of] p1a: Groudon\n|move|p2a: Mewtwo|Psystrike|p1a: Groudon\n|-crit|p1a: Groudon\n|-damage|p1a: Groudon|55\/100\n|\n|-weather|SunnyDay|[upkeep]\n|-heal|p2a: Mewtwo|58\/100|[from] item: Leftovers\n|upkeep\n|turn|5\n|\n|t:|1698196190\n|move|p2a: Mewtwo|Will-O-Wisp|p1a: Groudon\n|-status|p1a: Groudon|brn\n|move|p1a: Groudon|Precipice Blades|p2a: Mewtwo|[miss]\n|-miss|p1a: Groudon|p2a: Mewtwo\n|\n|-weather|SunnyDay|[upkeep]\n|-heal|p2a: Mewtwo|64\/100|[from] item: Leftovers\n|-damage|p1a: Groudon|49\/100 brn|[from] brn\n|upkeep\n|turn|6\n|\n|t:|1698196197\n|move|p2a: Mewtwo|Psystrike|p1a: Groudon\n|-damage|p1a: Groudon|19\/100 brn\n|move|p1a: Groudon|Precipice Blades|p2a: Mewtwo\n|-damage|p2a: Mewtwo|31\/100\n|\n|-weather|SunnyDay|[upkeep]\n|-heal|p2a: Mewtwo|37\/100|[from] item: Leftovers\n|-damage|p1a: Groudon|13\/100 brn|[from] brn\n|upkeep\n|turn|7\n|\n|t:|1698196202\n|move|p2a: Mewtwo|Recover|p2a: Mewtwo\n|-heal|p2a: Mewtwo|87\/100\n|move|p1a: Groudon|Precipice Blades|p2a: Mewtwo\n|-damage|p2a: Mewtwo|56\/100\n|\n|-weather|SunnyDay|[upkeep]\n|-heal|p2a: Mewtwo|62\/100|[from] item: Leftovers\n|-damage|p1a: Groudon|6\/100 brn|[from] brn\n|upkeep\n|turn|8\n|\n|t:|1698196207\n|move|p2a: Mewtwo|Recover|p2a: Mewtwo\n|-heal|p2a: Mewtwo|100\/100\n|move|p1a: Groudon|Precipice Blades|p2a: Mewtwo\n|-damage|p2a: Mewtwo|66\/100\n|\n|-weather|SunnyDay|[upkeep]\n|-heal|p2a: Mewtwo|72\/100|[from] item: Leftovers\n|-damage|p1a: Groudon|0 fnt|[from] brn\n|faint|p1a: Groudon\n|upkeep\n|\n|t:|1698196210\n|switch|p1a: Flutter Mane|Flutter Mane|100\/100\n|-activate|p1a: Flutter Mane|ability: Protosynthesis\n|-start|p1a: Flutter Mane|protosynthesisspe\n|turn|9\n|\n|t:|1698196225\n|-terastallize|p2a: Mewtwo|Poison\n|move|p1a: Flutter Mane|Shadow Ball|p2a: Mewtwo\n|-damage|p2a: Mewtwo|32\/100\n|move|p2a: Mewtwo|Psystrike|p1a: Flutter Mane\n|-damage|p1a: Flutter Mane|0 fnt\n|faint|p1a: Flutter Mane\n|-end|p1a: Flutter Mane|Protosynthesis|[silent]\n|\n|-weather|SunnyDay|[upkeep]\n|-heal|p2a: Mewtwo|38\/100|[from] item: Leftovers\n|upkeep\n|\n|t:|1698196235\n|switch|p1a: Shaymin|Shaymin-Sky|100\/100\n|turn|10\n|\n|t:|1698196241\n|switch|p2a: Clodsire|Clodsire, F|100\/100\n|move|p1a: Shaymin|Earth Power|p2a: Clodsire\n|-supereffective|p2a: Clodsire\n|-damage|p2a: Clodsire|68\/100\n|\n|-weather|SunnyDay|[upkeep]\n|-heal|p2a: Clodsire|74\/100|[from] item: Leftovers\n|upkeep\n|turn|11\n|\n|t:|1698196249\n|switch|p1a: Great Tusk|Great Tusk|100\/100\n|-activate|p1a: Great Tusk|ability: Protosynthesis\n|-start|p1a: Great Tusk|protosynthesisatk\n|move|p2a: Clodsire|Toxic|p1a: Great Tusk\n|-status|p1a: Great Tusk|tox\n|\n|-weather|none\n|-end|p1a: Great Tusk|Protosynthesis\n|-heal|p2a: Clodsire|80\/100|[from] item: Leftovers\n|-damage|p1a: Great Tusk|94\/100 tox|[from] psn\n|upkeep\n|turn|12\n|\n|t:|1698196258\n|move|p1a: Great Tusk|Stealth Rock|p2a: Clodsire\n|-sidestart|p2: lime ave|move: Stealth Rock\n|move|p2a: Clodsire|Spikes|p1a: Great Tusk\n|-sidestart|p1: Deriverse|Spikes\n|\n|-heal|p2a: Clodsire|86\/100|[from] item: Leftovers\n|-damage|p1a: Great Tusk|82\/100 tox|[from] psn\n|upkeep\n|turn|13\n|\n|t:|1698196262\n|switch|p2a: Arceus|Arceus-Fairy|100\/100\n|-damage|p2a: Arceus|88\/100|[from] Stealth Rock\n|move|p1a: Great Tusk|Rapid Spin|p2a: Arceus\n|-crit|p2a: Arceus\n|-damage|p2a: Arceus|72\/100\n|-boost|p1a: Great Tusk|spe|1\n|-sideend|p1: Deriverse|Spikes|[from] move: Rapid Spin|[of] p1a: Great Tusk\n|\n|-damage|p1a: Great Tusk|63\/100 tox|[from] psn\n|upkeep\n|turn|14\n|\n|t:|1698196267\n|move|p1a: Great Tusk|Headlong Rush|p2a: Arceus\n|-damage|p2a: Arceus|36\/100\n|-unboost|p1a: Great Tusk|def|1\n|-unboost|p1a: Great Tusk|spd|1\n|move|p2a: Arceus|Judgment|p1a: Great Tusk\n|-supereffective|p1a: Great Tusk\n|-damage|p1a: Great Tusk|0 fnt\n|faint|p1a: Great Tusk\n|-end|p1a: Great Tusk|Protosynthesis|[silent]\n|\n|upkeep\n|\n|t:|1698196273\n|switch|p1a: Ribombee|Ribombee, F|3\/100\n|turn|15\n|\n|t:|1698196276\n|move|p1a: Ribombee|Sticky Web|p2a: Arceus\n|-sidestart|p2: lime ave|move: Sticky Web\n|move|p2a: Arceus|Recover|p2a: Arceus\n|-heal|p2a: Arceus|87\/100\n|\n|upkeep\n|turn|16\n|\n|t:|1698196279\n|move|p1a: Ribombee|Stun Spore|p2a: Arceus\n|-status|p2a: Arceus|par\n|move|p2a: Arceus|Calm Mind|p2a: Arceus\n|-boost|p2a: Arceus|spa|1\n|-boost|p2a: Arceus|spd|1\n|\n|upkeep\n|turn|17\n|\n|t:|1698196284\n|move|p1a: Ribombee|Quiver Dance|p1a: Ribombee\n|-boost|p1a: Ribombee|spa|1\n|-boost|p1a: Ribombee|spd|1\n|-boost|p1a: Ribombee|spe|1\n|move|p2a: Arceus|Calm Mind|p2a: Arceus\n|-boost|p2a: Arceus|spa|1\n|-boost|p2a: Arceus|spd|1\n|\n|upkeep\n|turn|18\n|\n|t:|1698196289\n|move|p1a: Ribombee|Moonblast|p2a: Arceus\n|-damage|p2a: Arceus|65\/100 par\n|move|p2a: Arceus|Calm Mind|p2a: Arceus\n|-boost|p2a: Arceus|spa|1\n|-boost|p2a: Arceus|spd|1\n|\n|upkeep\n|turn|19\n|\n|t:|1698196293\n|move|p1a: Ribombee|Quiver Dance|p1a: Ribombee\n|-boost|p1a: Ribombee|spa|1\n|-boost|p1a: Ribombee|spd|1\n|-boost|p1a: Ribombee|spe|1\n|move|p2a: Arceus|Calm Mind|p2a: Arceus\n|-boost|p2a: Arceus|spa|1\n|-boost|p2a: Arceus|spd|1\n|\n|upkeep\n|turn|20\n|\n|t:|1698196299\n|move|p1a: Ribombee|Moonblast|p2a: Arceus\n|-damage|p2a: Arceus|46\/100 par\n|-unboost|p2a: Arceus|spa|1\n|move|p2a: Arceus|Calm Mind|p2a: Arceus\n|-boost|p2a: Arceus|spa|1\n|-boost|p2a: Arceus|spd|1\n|\n|upkeep\n|turn|21\n|\n|t:|1698196304\n|move|p1a: Ribombee|Quiver Dance|p1a: Ribombee\n|-boost|p1a: Ribombee|spa|1\n|-boost|p1a: Ribombee|spd|1\n|-boost|p1a: Ribombee|spe|1\n|move|p2a: Arceus|Recover|p2a: Arceus\n|-heal|p2a: Arceus|96\/100 par\n|\n|upkeep\n|turn|22\n|\n|t:|1698196310\n|move|p1a: Ribombee|Quiver Dance|p1a: Ribombee\n|-boost|p1a: Ribombee|spa|1\n|-boost|p1a: Ribombee|spd|1\n|-boost|p1a: Ribombee|spe|1\n|cant|p2a: Arceus|par\n|\n|upkeep\n|turn|23\n|\n|t:|1698196315\n|move|p1a: Ribombee|Moonblast|p2a: Arceus\n|-damage|p2a: Arceus|73\/100 par\n|cant|p2a: Arceus|par\n|\n|upkeep\n|turn|24\n|\n|t:|1698196320\n|move|p1a: Ribombee|Moonblast|p2a: Arceus\n|-damage|p2a: Arceus|47\/100 par\n|move|p2a: Arceus|Recover|p2a: Arceus\n|-heal|p2a: Arceus|97\/100 par\n|\n|upkeep\n|turn|25\n|\n|t:|1698196324\n|move|p1a: Ribombee|Quiver Dance|p1a: Ribombee\n|-boost|p1a: Ribombee|spa|1\n|-boost|p1a: Ribombee|spd|1\n|-boost|p1a: Ribombee|spe|1\n|cant|p2a: Arceus|par\n|\n|upkeep\n|turn|26\n|\n|t:|1698196330\n|move|p1a: Ribombee|Moonblast|p2a: Arceus\n|-damage|p2a: Arceus|70\/100 par\n|-unboost|p2a: Arceus|spa|1\n|cant|p2a: Arceus|par\n|\n|upkeep\n|turn|27\n|\n|t:|1698196335\n|move|p1a: Ribombee|Moonblast|p2a: Arceus\n|-damage|p2a: Arceus|40\/100 par\n|-unboost|p2a: Arceus|spa|1\n|move|p2a: Arceus|Recover|p2a: Arceus\n|-heal|p2a: Arceus|91\/100 par\n|\n|upkeep\n|turn|28\n|\n|t:|1698196341\n|move|p1a: Ribombee|Moonblast|p2a: Arceus\n|-crit|p2a: Arceus\n|-damage|p2a: Arceus|0 fnt\n|faint|p2a: Arceus\n|\n|upkeep\n|\n|t:|1698196346\n|switch|p2a: Skeledirge|Skeledirge, F|100\/100\n|turn|29\n|\n|t:|1698196351\n|move|p1a: Ribombee|Stun Spore|p2a: Skeledirge\n|-status|p2a: Skeledirge|par\n|cant|p2a: Skeledirge|par\n|\n|upkeep\n|turn|30\n|\n|t:|1698196364\n|move|p1a: Ribombee|Moonblast|p2a: Skeledirge\n|-resisted|p2a: Skeledirge\n|-damage|p2a: Skeledirge|75\/100 par\n|cant|p2a: Skeledirge|par\n|\n|upkeep\n|turn|31\n|\n|t:|1698196369\n|move|p1a: Ribombee|Moonblast|p2a: Skeledirge\n|-resisted|p2a: Skeledirge\n|-damage|p2a: Skeledirge|54\/100 par\n|move|p2a: Skeledirge|Slack Off|p2a: Skeledirge\n|-heal|p2a: Skeledirge|100\/100 par\n|\n|upkeep\n|turn|32\n|\n|t:|1698196375\n|move|p1a: Ribombee|Moonblast|p2a: Skeledirge\n|-resisted|p2a: Skeledirge\n|-damage|p2a: Skeledirge|75\/100 par\n|cant|p2a: Skeledirge|par\n|\n|upkeep\n|turn|33\n|\n|t:|1698196379\n|move|p1a: Ribombee|Moonblast|p2a: Skeledirge\n|-resisted|p2a: Skeledirge\n|-damage|p2a: Skeledirge|52\/100 par\n|move|p2a: Skeledirge|Slack Off|p2a: Skeledirge\n|-heal|p2a: Skeledirge|100\/100 par\n|\n|upkeep\n|turn|34\n|\n|t:|1698196384\n|move|p1a: Ribombee|Moonblast|p2a: Skeledirge\n|-resisted|p2a: Skeledirge\n|-damage|p2a: Skeledirge|76\/100 par\n|-unboost|p2a: Skeledirge|spa|1\n|move|p2a: Skeledirge|Torch Song|p1a: Ribombee\n|-supereffective|p1a: Ribombee\n|-damage|p1a: Ribombee|0 fnt\n|-boost|p2a: Skeledirge|spa|1\n|faint|p1a: Ribombee\n|\n|upkeep\n|\n|t:|1698196395\n|switch|p1a: Palafin|Palafin-Hero, M|100\/100\n|-activate|p1a: Palafin|ability: Zero to Hero\n|turn|35\n|\n|t:|1698196399\n|switch|p2a: Clodsire|Clodsire, F|86\/100\n|-damage|p2a: Clodsire|80\/100|[from] Stealth Rock\n|-activate|p2a: Clodsire|move: Sticky Web\n|-unboost|p2a: Clodsire|spe|1\n|move|p1a: Palafin|Jet Punch|p2a: Clodsire\n|-heal|p2a: Clodsire|100\/100|[from] ability: Water Absorb|[of] p1a: Palafin\n|\n|upkeep\n|turn|36\n|\n|t:|1698196410\n|move|p1a: Palafin|Bulk Up|p1a: Palafin\n|-boost|p1a: Palafin|atk|1\n|-boost|p1a: Palafin|def|1\n|move|p2a: Clodsire|Toxic|p1a: Palafin\n|-status|p1a: Palafin|tox\n|\n|-damage|p1a: Palafin|94\/100 tox|[from] psn\n|upkeep\n|turn|37\n|\n|t:|1698196417\n|move|p1a: Palafin|Bulk Up|p1a: Palafin\n|-boost|p1a: Palafin|atk|1\n|-boost|p1a: Palafin|def|1\n|move|p2a: Clodsire|Earthquake|p1a: Palafin\n|-damage|p1a: Palafin|83\/100 tox\n|\n|-damage|p1a: Palafin|71\/100 tox|[from] psn\n|upkeep\n|turn|38\n|\n|t:|1698196425\n|move|p1a: Palafin|Drain Punch|p2a: Clodsire\n|-resisted|p2a: Clodsire\n|-damage|p2a: Clodsire|65\/100\n|-heal|p1a: Palafin|91\/100 tox|[from] drain|[of] p2a: Clodsire\n|move|p2a: Clodsire|Earthquake|p1a: Palafin\n|-damage|p1a: Palafin|79\/100 tox\n|\n|-heal|p2a: Clodsire|71\/100|[from] item: Leftovers\n|-damage|p1a: Palafin|60\/100 tox|[from] psn\n|upkeep\n|turn|39\n|\n|t:|1698196433\n|move|p1a: Palafin|Jet Punch|p2a: Clodsire\n|-heal|p2a: Clodsire|96\/100|[from] ability: Water Absorb|[of] p1a: Palafin\n|move|p2a: Clodsire|Earthquake|p1a: Palafin\n|-damage|p1a: Palafin|48\/100 tox\n|\n|-heal|p2a: Clodsire|100\/100|[from] item: Leftovers\n|-damage|p1a: Palafin|23\/100 tox|[from] psn\n|upkeep\n|turn|40\n|\n|t:|1698196437\n|move|p1a: Palafin|Drain Punch|p2a: Clodsire\n|-resisted|p2a: Clodsire\n|-damage|p2a: Clodsire|66\/100\n|-heal|p1a: Palafin|43\/100 tox|[from] drain|[of] p2a: Clodsire\n|move|p2a: Clodsire|Recover|p2a: Clodsire\n|-heal|p2a: Clodsire|100\/100\n|\n|-damage|p1a: Palafin|12\/100 tox|[from] psn\n|upkeep\n|turn|41\n|\n|t:|1698196445\n|move|p1a: Palafin|Drain Punch|p2a: Clodsire\n|-resisted|p2a: Clodsire\n|-damage|p2a: Clodsire|65\/100\n|-heal|p1a: Palafin|32\/100 tox|[from] drain|[of] p2a: Clodsire\n|move|p2a: Clodsire|Recover|p2a: Clodsire\n|-heal|p2a: Clodsire|100\/100\n|\n|-damage|p1a: Palafin|0 fnt|[from] psn\n|faint|p1a: Palafin\n|upkeep\n|\n|t:|1698196448\n|switch|p1a: Shaymin|Shaymin-Sky|100\/100\n|turn|42\n|\n|t:|1698196455\n|-terastallize|p1a: Shaymin|Flying\n|move|p1a: Shaymin|Air Slash|p2a: Clodsire\n|-damage|p2a: Clodsire|72\/100\n|cant|p2a: Clodsire|flinch\n|\n|-heal|p2a: Clodsire|78\/100|[from] item: Leftovers\n|upkeep\n|turn|43\n|\n|t:|1698196461\n|move|p1a: Shaymin|Air Slash|p2a: Clodsire\n|-damage|p2a: Clodsire|49\/100\n|cant|p2a: Clodsire|flinch\n|\n|-heal|p2a: Clodsire|55\/100|[from] item: Leftovers\n|upkeep\n|turn|44\n|\n|t:|1698196465\n|move|p1a: Shaymin|Air Slash|p2a: Clodsire\n|-damage|p2a: Clodsire|25\/100\n|cant|p2a: Clodsire|flinch\n|\n|-heal|p2a: Clodsire|31\/100|[from] item: Leftovers\n|upkeep\n|turn|45\n|\n|t:|1698196469\n|move|p1a: Shaymin|Air Slash|p2a: Clodsire\n|-crit|p2a: Clodsire\n|-damage|p2a: Clodsire|0 fnt\n|faint|p2a: Clodsire\n|\n|upkeep\n|\n|t:|1698196475\n|switch|p2a: Skeledirge|Skeledirge, F|76\/100 par\n|turn|46\n|\n|t:|1698196478\n|move|p1a: Shaymin|Air Slash|p2a: Skeledirge\n|-damage|p2a: Skeledirge|17\/100 par\n|cant|p2a: Skeledirge|flinch\n|\n|upkeep\n|turn|47\n|\n|t:|1698196481\n|move|p1a: Shaymin|Air Slash|p2a: Skeledirge\n|-damage|p2a: Skeledirge|0 fnt\n|faint|p2a: Skeledirge\n|\n|upkeep\n|\n|t:|1698196483\n|switch|p2a: Koraidon|Koraidon|100\/100\n|-damage|p2a: Koraidon|94\/100|[from] Stealth Rock\n|-activate|p2a: Koraidon|move: Sticky Web\n|-unboost|p2a: Koraidon|spe|1\n|-weather|SunnyDay|[from] ability: Orichalcum Pulse|[of] p2a: Koraidon\n|-activate|p2a: Koraidon|Orichalcum Pulse|[source]\n|turn|48\n|\n|t:|1698196486\n|move|p1a: Shaymin|Air Slash|p2a: Koraidon\n|-supereffective|p2a: Koraidon\n|-damage|p2a: Koraidon|0 fnt\n|faint|p2a: Koraidon\n|\n|-weather|SunnyDay|[upkeep]\n|upkeep\n|\n|t:|1698196488\n|switch|p2a: Great Tusk|Great Tusk|100\/100\n|-damage|p2a: Great Tusk|98\/100|[from] Stealth Rock\n|-activate|p2a: Great Tusk|move: Sticky Web\n|-unboost|p2a: Great Tusk|spe|1\n|-activate|p2a: Great Tusk|ability: Protosynthesis\n|-start|p2a: Great Tusk|protosynthesisdef\n|turn|49\n|\n|t:|1698196490\n|move|p1a: Shaymin|Air Slash|p2a: Great Tusk\n|-supereffective|p2a: Great Tusk\n|-damage|p2a: Great Tusk|0 fnt\n|faint|p2a: Great Tusk\n|-end|p2a: Great Tusk|Protosynthesis|[silent]\n|\n|-weather|SunnyDay|[upkeep]\n|upkeep\n|\n|t:|1698196492\n|switch|p2a: Mewtwo|Mewtwo, tera:Poison|38\/100\n|-damage|p2a: Mewtwo|25\/100|[from] Stealth Rock\n|-activate|p2a: Mewtwo|move: Sticky Web\n|-unboost|p2a: Mewtwo|spe|1\n|-ability|p2a: Mewtwo|Pressure\n|turn|50\n|\n|t:|1698196494\n|move|p1a: Shaymin|Air Slash|p2a: Mewtwo\n|-damage|p2a: Mewtwo|0 fnt\n|faint|p2a: Mewtwo\n|\n|win|Deriverse\n|raw|Deriverse's rating: 1307 &rarr; <strong>1338<\/strong><br \/>(+31 for winning)\n|raw|lime ave's rating: 1516 &rarr; <strong>1485<\/strong><br \/>(-31 for losing)\n|l|\u2606lime ave\n","uploadtime":1698196533,"views":13,"p1id":"deriverse","p2id":"limeave","formatid":"gen9ubers","rating":1338,"private":0,"password":""}