{"id":"gen9ubers-1998642870","p1":"Shadowspoon","p2":"4R4CH1S","format":"[Gen 9] Ubers","log":"|j|\u2606Shadowspoon\n|j|\u26064R4CH1S\n|t:|1700966679\n|gametype|singles\n|player|p1|Shadowspoon|169|\n|player|p2|4R4CH1S|cheryl|\n|teamsize|p1|6\n|teamsize|p2|6\n|gen|9\n|tier|[Gen 9] Ubers\n|rule|Sleep Clause Mod: Limit one foe put to sleep\n|rule|Species Clause: Limit one of each Pok\u00e9mon\n|rule|OHKO Clause: OHKO moves are banned\n|rule|Evasion Items Clause: Evasion items are banned\n|rule|Evasion Moves Clause: Evasion moves are banned\n|rule|Endless Battle Clause: Forcing endless battles is banned\n|rule|HP Percentage Mod: HP is shown in percentages\n|clearpoke\n|poke|p1|Grimmsnarl, M|\n|poke|p1|Slowking-Galar, F|\n|poke|p1|Dragonite, F|\n|poke|p1|Gliscor, F|\n|poke|p1|Infernape, F|\n|poke|p1|Darkrai|\n|poke|p2|Darkrai|\n|poke|p2|Slowking-Galar, F|\n|poke|p2|Palafin, M|\n|poke|p2|Goodra-Hisui, M|\n|poke|p2|Koraidon|\n|poke|p2|Landorus-Therian, M|\n|teampreview\n|inactive|Battle timer is ON: inactive players will automatically lose when time's up. (requested by Shadowspoon)\n|c|\u2606Shadowspoon|Gl hf\n|c|\u26064R4CH1S|Glhf\n|l|\u26064R4CH1S\n|inactive|4R4CH1S disconnected and has 300 seconds to reconnect!\n|player|p2|\n|j|\u26064R4CH1S\n|inactive|4R4CH1S reconnected and has 290 seconds left.\n|player|p2|4R4CH1S|cheryl\n|c|\u26064R4CH1S|Sorry in advance if that happens again\n|inactive|4R4CH1S has 270 seconds left.\n|c|\u26064R4CH1S|Internet is kind of funky\n|\n|t:|1700966742\n|start\n|switch|p1a: Infernape|Infernape, F|100\/100\n|switch|p2a: Goodra|Goodra-Hisui, M|100\/100\n|turn|1\n|c|\u2606Shadowspoon|It\u2019s fine\n|\n|t:|1700966754\n|move|p2a: Goodra|Protect|p2a: Goodra\n|-singleturn|p2a: Goodra|Protect\n|move|p1a: Infernape|Knock Off|p2a: Goodra\n|-activate|p2a: Goodra|move: Protect\n|\n|upkeep\n|turn|2\n|\n|t:|1700966770\n|switch|p2a: Landorus|Landorus-Therian, M|100\/100\n|-ability|p2a: Landorus|Intimidate|boost\n|-unboost|p1a: Infernape|atk|1\n|move|p1a: Infernape|Knock Off|p2a: Landorus\n|-damage|p2a: Landorus|75\/100\n|-enditem|p2a: Landorus|Leftovers|[from] move: Knock Off|[of] p1a: Infernape\n|\n|upkeep\n|turn|3\n|\n|t:|1700966782\n|switch|p1a: Gliscor|Gliscor, F|100\/100\n|move|p2a: Landorus|Stealth Rock|p1a: Gliscor\n|-sidestart|p1: Shadowspoon|move: Stealth Rock\n|\n|-status|p1a: Gliscor|tox|[from] item: Toxic Orb\n|upkeep\n|turn|4\n|inactive|4R4CH1S has 270 seconds left.\n|\n|t:|1700966815\n|switch|p2a: Darkrai|Darkrai|100\/100\n|move|p1a: Gliscor|Spikes|p2a: Darkrai\n|-sidestart|p2: 4R4CH1S|Spikes\n|\n|upkeep\n|turn|5\n|\n|t:|1700966820\n|move|p2a: Darkrai|Substitute|p2a: Darkrai\n|-start|p2a: Darkrai|Substitute\n|-damage|p2a: Darkrai|76\/100\n|move|p1a: Gliscor|Toxic||[still]\n|-fail|p1a: Gliscor\n|\n|upkeep\n|turn|6\n|\n|t:|1700966828\n|move|p2a: Darkrai|Swords Dance|p2a: Darkrai\n|-boost|p2a: Darkrai|atk|2\n|move|p1a: Gliscor|Taunt|p2a: Darkrai\n|-start|p2a: Darkrai|move: Taunt\n|\n|upkeep\n|turn|7\n|\n|t:|1700966843\n|switch|p1a: Dragonite|Dragonite, F|100\/100\n|move|p2a: Darkrai|Drain Punch|p1a: Dragonite\n|-resisted|p1a: Dragonite\n|-damage|p1a: Dragonite|88\/100\n|-heal|p2a: Darkrai|84\/100|[from] drain|[of] p1a: Dragonite\n|-damage|p2a: Darkrai|75\/100|[from] item: Life Orb\n|\n|upkeep\n|turn|8\n|\n|t:|1700966850\n|move|p2a: Darkrai|Knock Off|p1a: Dragonite\n|-damage|p1a: Dragonite|0 fnt\n|-enditem|p1a: Dragonite|Heavy-Duty Boots|[from] move: Knock Off|[of] p2a: Darkrai\n|faint|p1a: Dragonite\n|-damage|p2a: Darkrai|65\/100|[from] item: Life Orb\n|\n|upkeep\n|\n|t:|1700966858\n|switch|p1a: Slowking|Slowking-Galar, F|100\/100\n|turn|9\n|\n|t:|1700966868\n|switch|p1a: Infernape|Infernape, F|100\/100\n|-damage|p1a: Infernape|88\/100|[from] Stealth Rock\n|move|p2a: Darkrai|Drain Punch|p1a: Infernape\n|-damage|p1a: Infernape|7\/100\n|-heal|p2a: Darkrai|100\/100|[from] drain|[of] p1a: Infernape\n|-damage|p2a: Darkrai|91\/100|[from] item: Life Orb\n|\n|-end|p2a: Darkrai|move: Taunt\n|upkeep\n|turn|10\n|\n|t:|1700966879\n|move|p2a: Darkrai|Drain Punch|p1a: Infernape\n|-damage|p1a: Infernape|0 fnt\n|-heal|p2a: Darkrai|94\/100|[from] drain|[of] p1a: Infernape\n|faint|p1a: Infernape\n|-damage|p2a: Darkrai|84\/100|[from] item: Life Orb\n|\n|upkeep\n|\n|t:|1700966883\n|switch|p1a: Grimmsnarl|Grimmsnarl, M|100\/100\n|-damage|p1a: Grimmsnarl|88\/100|[from] Stealth Rock\n|turn|11\n|\n|t:|1700966889\n|move|p2a: Darkrai|Swords Dance|p2a: Darkrai\n|-boost|p2a: Darkrai|atk|2\n|move|p1a: Grimmsnarl|Dazzling Gleam|p2a: Darkrai\n|-supereffective|p2a: Darkrai\n|-end|p2a: Darkrai|Substitute\n|\n|-heal|p1a: Grimmsnarl|94\/100|[from] item: Leftovers\n|upkeep\n|turn|12\n|\n|t:|1700966905\n|-terastallize|p2a: Darkrai|Fighting\n|move|p2a: Darkrai|Drain Punch|p1a: Grimmsnarl\n|-damage|p1a: Grimmsnarl|0 fnt\n|-heal|p2a: Darkrai|100\/100|[from] drain|[of] p1a: Grimmsnarl\n|faint|p1a: Grimmsnarl\n|-damage|p2a: Darkrai|91\/100|[from] item: Life Orb\n|\n|upkeep\n|\n|t:|1700966913\n|switch|p1a: Darkrai|Darkrai|100\/100\n|-damage|p1a: Darkrai|88\/100|[from] Stealth Rock\n|turn|13\n|\n|t:|1700966921\n|-terastallize|p1a: Darkrai|Poison\n|move|p2a: Darkrai|Knock Off|p1a: Darkrai\n|-damage|p1a: Darkrai|0 fnt\n|-enditem|p1a: Darkrai|Life Orb|[from] move: Knock Off|[of] p2a: Darkrai\n|faint|p1a: Darkrai\n|-damage|p2a: Darkrai|81\/100|[from] item: Life Orb\n|\n|upkeep\n|\n|t:|1700966929\n|switch|p1a: Slowking|Slowking-Galar, F|100\/100\n|turn|14\n|\n|t:|1700966932\n|move|p2a: Darkrai|Knock Off|p1a: Slowking\n|-supereffective|p1a: Slowking\n|-damage|p1a: Slowking|0 fnt\n|-enditem|p1a: Slowking|Heavy-Duty Boots|[from] move: Knock Off|[of] p2a: Darkrai\n|faint|p1a: Slowking\n|-damage|p2a: Darkrai|71\/100|[from] item: Life Orb\n|\n|upkeep\n|\n|t:|1700966934\n|switch|p1a: Gliscor|Gliscor, F|100\/100 tox\n|-damage|p1a: Gliscor|88\/100 tox|[from] Stealth Rock\n|turn|15\n|-message|Shadowspoon forfeited.\n|\n|win|4R4CH1S\n|c|\u2606Shadowspoon|gg\n|c|\u26064R4CH1S|gg\n|c|\u26064R4CH1S|Do you wanna upload the replays\n","uploadtime":1700967030,"views":18,"p1id":"shadowspoon","p2id":"4r4ch1s","formatid":"gen9ubers","rating":0,"private":0,"password":""}