{"id":"gen9ubers-1985808856","p1":"BigBabyGerry","p2":"seanbonjoviii","format":"[Gen 9] Ubers","log":"|j|\u2606BigBabyGerry\n|j|\u2606seanbonjoviii\n|t:|1699408418\n|gametype|singles\n|player|p1|BigBabyGerry|101|\n|player|p2|seanbonjoviii|backers|\n|teamsize|p1|6\n|teamsize|p2|6\n|gen|9\n|tier|[Gen 9] Ubers\n|rule|Sleep Clause Mod: Limit one foe put to sleep\n|rule|Species Clause: Limit one of each Pok\u00e9mon\n|rule|OHKO Clause: OHKO moves are banned\n|rule|Evasion Items Clause: Evasion items are banned\n|rule|Evasion Moves Clause: Evasion moves are banned\n|rule|Endless Battle Clause: Forcing endless battles is banned\n|rule|HP Percentage Mod: HP is shown in percentages\n|clearpoke\n|poke|p1|Iron Bundle|\n|poke|p1|Roaring Moon|\n|poke|p1|Gengar, M|\n|poke|p1|Arcanine, M|\n|poke|p1|Mew|\n|poke|p1|Tauros-Paldea-Aqua, M|\n|poke|p2|Bisharp, F|\n|poke|p2|Donphan, F|\n|poke|p2|Dragonite, M|\n|poke|p2|Scream Tail|\n|poke|p2|Ditto|\n|poke|p2|Volcarona, F|\n|teampreview\n|j| Du-Gi-Oh\n|j| Haymaker92\n|c| Haymaker92|ty for the invite\n|c| Du-Gi-Oh|illegal mon everywhere\n|j| theblackdog\n|c| Haymaker92|gl gl gl\n|c| Du-Gi-Oh|Good luck players\n|c| Du-Gi-Oh|PSYCH\n|c| Du-Gi-Oh|PSL COMMENCE\n|\n|t:|1699408557\n|start\n|switch|p1a: Bonjauros|Tauros-Paldea-Aqua, M, shiny|100\/100\n|switch|p2a: Oasis|Donphan, F, shiny|100\/100\n|-ability|p1a: Bonjauros|Intimidate|boost\n|-unboost|p2a: Oasis|atk|1\n|turn|1\n|\n|t:|1699408566\n|move|p1a: Bonjauros|Raging Bull|p2a: Oasis\n|-supereffective|p2a: Oasis\n|-damage|p2a: Oasis|22\/100\n|-damage|p1a: Bonjauros|84\/100|[from] item: Rocky Helmet|[of] p2a: Oasis\n|move|p2a: Oasis|Stealth Rock|p1a: Bonjauros\n|-sidestart|p1: BigBabyGerry|move: Stealth Rock\n|\n|upkeep\n|turn|2\n|\n|t:|1699408576\n|move|p1a: Bonjauros|Raging Bull|p2a: Oasis\n|-supereffective|p2a: Oasis\n|-crit|p2a: Oasis\n|-damage|p2a: Oasis|0 fnt\n|-damage|p1a: Bonjauros|68\/100|[from] item: Rocky Helmet|[of] p2a: Oasis\n|faint|p2a: Oasis\n|\n|upkeep\n|\n|t:|1699408593\n|switch|p2a: Dragonite|Dragonite, M|100\/100\n|turn|3\n|\n|t:|1699408611\n|switch|p1a: Roaring Joviii|Roaring Moon, shiny|100\/100\n|-damage|p1a: Roaring Joviii|88\/100|[from] Stealth Rock\n|-enditem|p1a: Roaring Joviii|Booster Energy\n|-activate|p1a: Roaring Joviii|ability: Protosynthesis|[fromitem]\n|-start|p1a: Roaring Joviii|protosynthesisatk\n|switch|p2a: Shitto|Ditto|100\/100\n|-transform|p2a: Shitto|p1a: Roaring Joviii|[from] ability: Imposter\n|\n|upkeep\n|turn|4\n|\n|t:|1699408630\n|-end|p2a: Shitto|Protosynthesis|[silent]\n|switch|p2a: Scream Tail|Scream Tail|100\/100\n|move|p1a: Roaring Joviii|Scale Shot|p2a: Scream Tail\n|-immune|p2a: Scream Tail\n|\n|upkeep\n|turn|5\n|\n|t:|1699408640\n|move|p1a: Roaring Joviii|Iron Head|p2a: Scream Tail\n|-supereffective|p2a: Scream Tail\n|-damage|p2a: Scream Tail|42\/100\n|move|p2a: Scream Tail|Thunder Wave|p1a: Roaring Joviii|[miss]\n|-miss|p2a: Scream Tail|p1a: Roaring Joviii\n|\n|-heal|p2a: Scream Tail|48\/100|[from] item: Leftovers\n|upkeep\n|turn|6\n|\n|t:|1699408652\n|move|p1a: Roaring Joviii|Iron Head|p2a: Scream Tail\n|-supereffective|p2a: Scream Tail\n|-damage|p2a: Scream Tail|0 fnt\n|faint|p2a: Scream Tail\n|-end|p2a: Scream Tail|Protosynthesis|[silent]\n|\n|upkeep\n|\n|t:|1699408654\n|switch|p2a: Shitto|Ditto|100\/100\n|-transform|p2a: Shitto|p1a: Roaring Joviii|[from] ability: Imposter\n|turn|7\n|\n|t:|1699408660\n|move|p2a: Shitto|Scale Shot|p1a: Roaring Joviii\n|-supereffective|p1a: Roaring Joviii\n|-damage|p1a: Roaring Joviii|52\/100\n|-supereffective|p1a: Roaring Joviii\n|-damage|p1a: Roaring Joviii|14\/100\n|-supereffective|p1a: Roaring Joviii\n|-damage|p1a: Roaring Joviii|0 fnt\n|faint|p1a: Roaring Joviii\n|-end|p1a: Roaring Joviii|Protosynthesis|[silent]\n|-hitcount|p1: Roaring Joviii|3\n|-unboost|p2a: Shitto|def|1\n|-boost|p2a: Shitto|spe|1\n|\n|upkeep\n|\n|t:|1699408682\n|switch|p1a: Iron Bread|Iron Bundle, shiny|100\/100\n|-damage|p1a: Iron Bread|76\/100|[from] Stealth Rock\n|turn|8\n|\n|t:|1699408690\n|-end|p2a: Shitto|Protosynthesis|[silent]\n|switch|p2a: Sleep token|Bisharp, F|100\/100\n|move|p1a: Iron Bread|Ice Beam|p2a: Sleep token\n|-resisted|p2a: Sleep token\n|-damage|p2a: Sleep token|78\/100\n|\n|upkeep\n|turn|9\n|\n|t:|1699408704\n|-end|p1a: Iron Bread|Quark Drive|[silent]\n|switch|p1a: Breadcanine|Arcanine, M, shiny|100\/100\n|-damage|p1a: Breadcanine|76\/100|[from] Stealth Rock\n|move|p2a: Sleep token|Swords Dance|p2a: Sleep token\n|-boost|p2a: Sleep token|atk|2\n|\n|-heal|p1a: Breadcanine|82\/100|[from] item: Leftovers\n|upkeep\n|turn|10\n|\n|t:|1699408718\n|switch|p2a: Shitto|Ditto|100\/100\n|-transform|p2a: Shitto|p1a: Breadcanine|[from] ability: Imposter\n|move|p1a: Breadcanine|Flare Blitz|p2a: Shitto\n|-start|p2a: Shitto|ability: Flash Fire\n|\n|-heal|p1a: Breadcanine|88\/100|[from] item: Leftovers\n|upkeep\n|turn|11\n|\n|t:|1699408751\n|switch|p1a: Bonjauros|Tauros-Paldea-Aqua, M, shiny|68\/100\n|-damage|p1a: Bonjauros|61\/100|[from] Stealth Rock\n|-ability|p1a: Bonjauros|Intimidate|boost\n|-unboost|p2a: Shitto|atk|1\n|move|p2a: Shitto|Close Combat|p1a: Bonjauros\n|-damage|p1a: Bonjauros|32\/100\n|-unboost|p2a: Shitto|def|1\n|-unboost|p2a: Shitto|spd|1\n|\n|upkeep\n|turn|12\n|\n|t:|1699408774\n|-end|p2a: Shitto|ability: Flash Fire|[silent]\n|switch|p2a: Dragonite|Dragonite, M|100\/100\n|move|p1a: Bonjauros|Raging Bull|p2a: Dragonite\n|-resisted|p2a: Dragonite\n|-damage|p2a: Dragonite|86\/100\n|\n|upkeep\n|turn|13\n|\n|t:|1699408789\n|switch|p1a: 1MansTrash|Mew|100\/100\n|-damage|p1a: 1MansTrash|88\/100|[from] Stealth Rock\n|move|p2a: Dragonite|Dragon Dance|p2a: Dragonite\n|-boost|p2a: Dragonite|atk|1\n|-boost|p2a: Dragonite|spe|1\n|\n|upkeep\n|turn|14\n|\n|t:|1699408807\n|switch|p2a: Volcarona|Volcarona, F|100\/100\n|move|p1a: 1MansTrash|Ice Beam|p2a: Volcarona\n|-resisted|p2a: Volcarona\n|-damage|p2a: Volcarona|89\/100\n|\n|upkeep\n|turn|15\n|\n|t:|1699408823\n|move|p1a: 1MansTrash|Psychic|p2a: Volcarona\n|-damage|p2a: Volcarona|57\/100\n|move|p2a: Volcarona|Quiver Dance|p2a: Volcarona\n|-boost|p2a: Volcarona|spa|1\n|-boost|p2a: Volcarona|spd|1\n|-boost|p2a: Volcarona|spe|1\n|\n|upkeep\n|turn|16\n|\n|t:|1699408833\n|move|p2a: Volcarona|Quiver Dance|p2a: Volcarona\n|-boost|p2a: Volcarona|spa|1\n|-boost|p2a: Volcarona|spd|1\n|-boost|p2a: Volcarona|spe|1\n|move|p1a: 1MansTrash|Roar|p2a: Volcarona\n|drag|p2a: Dragonite|Dragonite, M|86\/100\n|\n|upkeep\n|turn|17\n|\n|t:|1699408840\n|switch|p2a: Sleep token|Bisharp, F|78\/100\n|move|p1a: 1MansTrash|Ice Beam|p2a: Sleep token\n|-resisted|p2a: Sleep token\n|-damage|p2a: Sleep token|66\/100\n|\n|upkeep\n|turn|18\n|\n|t:|1699408876\n|switch|p1a: Breadcanine|Arcanine, M, shiny|88\/100\n|-damage|p1a: Breadcanine|63\/100|[from] Stealth Rock\n|move|p2a: Sleep token|Lash Out|p1a: Breadcanine\n|-damage|p1a: Breadcanine|14\/100\n|\n|-heal|p1a: Breadcanine|20\/100|[from] item: Leftovers\n|upkeep\n|turn|19\n|\n|t:|1699408899\n|switch|p2a: Shitto|Ditto|100\/100\n|-transform|p2a: Shitto|p1a: Breadcanine|[from] ability: Imposter\n|move|p1a: Breadcanine|Close Combat|p2a: Shitto\n|-damage|p2a: Shitto|53\/100\n|-unboost|p1a: Breadcanine|def|1\n|-unboost|p1a: Breadcanine|spd|1\n|\n|-heal|p1a: Breadcanine|26\/100|[from] item: Leftovers\n|upkeep\n|turn|20\n|\n|t:|1699408955\n|move|p2a: Shitto|Extreme Speed|p1a: Breadcanine\n|-damage|p1a: Breadcanine|0 fnt\n|faint|p1a: Breadcanine\n|\n|upkeep\n|\n|t:|1699409005\n|switch|p1a: 1MansTrash|Mew|88\/100\n|-damage|p1a: 1MansTrash|76\/100|[from] Stealth Rock\n|turn|21\n|\n|t:|1699409021\n|switch|p2a: Sleep token|Bisharp, F|66\/100\n|move|p1a: 1MansTrash|Spikes|p2a: Sleep token\n|-sidestart|p2: seanbonjoviii|Spikes\n|\n|upkeep\n|turn|22\n|\n|t:|1699409059\n|-terastallize|p1a: 1MansTrash|Fighting\n|move|p1a: 1MansTrash|Psychic|p2a: Sleep token\n|-immune|p2a: Sleep token\n|move|p2a: Sleep token|Lash Out|p1a: 1MansTrash\n|-resisted|p1a: 1MansTrash\n|-damage|p1a: 1MansTrash|57\/100\n|\n|upkeep\n|turn|23\n|c|\u2606BigBabyGerry|whoops\n|c| Haymaker92|BBG...\n|\n|t:|1699409079\n|move|p2a: Sleep token|Lash Out|p1a: 1MansTrash\n|-resisted|p1a: 1MansTrash\n|-crit|p1a: 1MansTrash\n|-damage|p1a: 1MansTrash|31\/100\n|move|p1a: 1MansTrash|Roar|p2a: Sleep token\n|drag|p2a: Volcarona|Volcarona, F|57\/100\n|-damage|p2a: Volcarona|45\/100|[from] Spikes\n|\n|upkeep\n|turn|24\n|c| Du-Gi-Oh|BBG take a breath\n|\n|t:|1699409094\n|move|p1a: 1MansTrash|Psychic|p2a: Volcarona\n|-damage|p2a: Volcarona|13\/100\n|-enditem|p2a: Volcarona|Aguav Berry|[eat]\n|-heal|p2a: Volcarona|46\/100|[from] item: Aguav Berry\n|move|p2a: Volcarona|Overheat|p1a: 1MansTrash\n|-damage|p1a: 1MansTrash|0 fnt\n|-unboost|p2a: Volcarona|spa|2\n|faint|p1a: 1MansTrash\n|\n|upkeep\n|\n|t:|1699409112\n|switch|p1a: Bonjauros|Tauros-Paldea-Aqua, M, shiny|32\/100\n|-damage|p1a: Bonjauros|26\/100|[from] Stealth Rock\n|-ability|p1a: Bonjauros|Intimidate|boost\n|-unboost|p2a: Volcarona|atk|1\n|turn|25\n|\n|t:|1699409127\n|move|p2a: Volcarona|Giga Drain|p1a: Bonjauros\n|-supereffective|p1a: Bonjauros\n|-damage|p1a: Bonjauros|0 fnt\n|-heal|p2a: Volcarona|58\/100|[from] drain|[of] p1a: Bonjauros\n|faint|p1a: Bonjauros\n|\n|upkeep\n|\n|t:|1699409133\n|switch|p1a: Iron Bread|Iron Bundle, shiny|76\/100\n|-damage|p1a: Iron Bread|51\/100|[from] Stealth Rock\n|turn|26\n|\n|t:|1699409141\n|move|p1a: Iron Bread|Hydro Pump|p2a: Volcarona\n|-supereffective|p2a: Volcarona\n|-damage|p2a: Volcarona|0 fnt\n|faint|p2a: Volcarona\n|\n|upkeep\n|\n|t:|1699409164\n|switch|p2a: Sleep token|Bisharp, F|66\/100\n|-damage|p2a: Sleep token|54\/100|[from] Spikes\n|turn|27\n|\n|t:|1699409168\n|move|p2a: Sleep token|Sucker Punch|p1a: Iron Bread\n|-damage|p1a: Iron Bread|2\/100\n|move|p1a: Iron Bread|Hydro Pump|p2a: Sleep token\n|-damage|p2a: Sleep token|0 fnt\n|faint|p2a: Sleep token\n|\n|upkeep\n|\n|t:|1699409178\n|switch|p2a: Shitto|Ditto|53\/100\n|-damage|p2a: Shitto|40\/100|[from] Spikes\n|-transform|p2a: Shitto|p1a: Iron Bread|[from] ability: Imposter\n|turn|28\n|\n|t:|1699409185\n|move|p1a: Iron Bread|Hydro Pump|p2a: Shitto\n|-resisted|p2a: Shitto\n|-damage|p2a: Shitto|0 fnt\n|faint|p2a: Shitto\n|-end|p2a: Shitto|Quark Drive|[silent]\n|\n|upkeep\n|\n|t:|1699409188\n|switch|p2a: Dragonite|Dragonite, M|86\/100\n|turn|29\n|\n|t:|1699409193\n|move|p1a: Iron Bread|Hydro Pump|p2a: Dragonite\n|-resisted|p2a: Dragonite\n|-damage|p2a: Dragonite|57\/100\n|move|p2a: Dragonite|Dragon Dance|p2a: Dragonite\n|-boost|p2a: Dragonite|atk|1\n|-boost|p2a: Dragonite|spe|1\n|\n|upkeep\n|turn|30\n|\n|t:|1699409227\n|move|p1a: Iron Bread|Hydro Pump|p2a: Dragonite\n|-resisted|p2a: Dragonite\n|-damage|p2a: Dragonite|30\/100\n|move|p2a: Dragonite|Dragon Dance|p2a: Dragonite\n|-boost|p2a: Dragonite|atk|1\n|-boost|p2a: Dragonite|spe|1\n|\n|upkeep\n|turn|31\n|\n|t:|1699409233\n|move|p1a: Iron Bread|Hydro Pump|p2a: Dragonite|[miss]\n|-miss|p1a: Iron Bread|p2a: Dragonite\n|move|p2a: Dragonite|Roost|p2a: Dragonite\n|-heal|p2a: Dragonite|80\/100\n|-singleturn|p2a: Dragonite|move: Roost\n|\n|upkeep\n|turn|32\n|\n|t:|1699409242\n|move|p1a: Iron Bread|Hydro Pump|p2a: Dragonite\n|-resisted|p2a: Dragonite\n|-damage|p2a: Dragonite|52\/100\n|move|p2a: Dragonite|Roost|p2a: Dragonite\n|-heal|p2a: Dragonite|100\/100\n|-singleturn|p2a: Dragonite|move: Roost\n|\n|upkeep\n|turn|33\n|\n|t:|1699409251\n|move|p1a: Iron Bread|Hydro Pump|p2a: Dragonite\n|-resisted|p2a: Dragonite\n|-damage|p2a: Dragonite|86\/100\n|move|p2a: Dragonite|Dragon Dance|p2a: Dragonite\n|-boost|p2a: Dragonite|atk|1\n|-boost|p2a: Dragonite|spe|1\n|\n|upkeep\n|turn|34\n|c|\u2606seanbonjoviii|sorry but I have to play it safe\n|\n|t:|1699409274\n|-activate|p1a: Iron Bread|move: Struggle\n|move|p1a: Iron Bread|Struggle|p2a: Dragonite\n|-damage|p2a: Dragonite|79\/100\n|-damage|p1a: Iron Bread|0 fnt|[from] recoil\n|faint|p1a: Iron Bread\n|-end|p1a: Iron Bread|Quark Drive|[silent]\n|move|p2a: Dragonite|Dragon Dance|p2a: Dragonite\n|-boost|p2a: Dragonite|atk|1\n|-boost|p2a: Dragonite|spe|1\n|\n|upkeep\n|\n|t:|1699409282\n|switch|p1a: SeanBonGar|Gengar, M, shiny|100\/100\n|-damage|p1a: SeanBonGar|88\/100|[from] Stealth Rock\n|turn|35\n|\n|t:|1699409286\n|move|p2a: Dragonite|Earthquake|p1a: SeanBonGar\n|-supereffective|p1a: SeanBonGar\n|-damage|p1a: SeanBonGar|0 fnt\n|faint|p1a: SeanBonGar\n|\n|win|seanbonjoviii\n|c|\u2606seanbonjoviii|gg\n|c|\u2606BigBabyGerry|gg\n|c| Haymaker92|ggs\n|c| theblackdog|Ggs\n","uploadtime":1699409300,"views":11,"p1id":"bigbabygerry","p2id":"seanbonjoviii","formatid":"gen9ubers","rating":0,"private":0,"password":""}