{"id":"gen9ubers-1987901935","p1":"Pyrope06","p2":"DaniRK","format":"[Gen 9] Ubers","log":"|j|\u2606Pyrope06\n|j|\u2606DaniRK\n|t:|1699647456\n|gametype|singles\n|player|p1|Pyrope06|ghetsis|\n|player|p2|DaniRK|101|\n|teamsize|p1|6\n|teamsize|p2|6\n|gen|9\n|tier|[Gen 9] Ubers\n|rule|Sleep Clause Mod: Limit one foe put to sleep\n|rule|Species Clause: Limit one of each Pok\u00e9mon\n|rule|OHKO Clause: OHKO moves are banned\n|rule|Evasion Items Clause: Evasion items are banned\n|rule|Evasion Moves Clause: Evasion moves are banned\n|rule|Endless Battle Clause: Forcing endless battles is banned\n|rule|HP Percentage Mod: HP is shown in percentages\n|clearpoke\n|poke|p1|Torterra, M|\n|poke|p1|Toxapex, F|\n|poke|p1|Quagsire, F|\n|poke|p1|Blissey, F|\n|poke|p1|Meowscarada, F|\n|poke|p1|Corviknight, M|\n|poke|p2|Chien-Pao|\n|poke|p2|Gholdengo|\n|poke|p2|Tyranitar, F|\n|poke|p2|Quaquaval, M|\n|poke|p2|Amoonguss, F|\n|poke|p2|Iron Treads|\n|teampreview\n|\n|t:|1699647506\n|start\n|switch|p1a: Torterra|Torterra, M, shiny|100\/100\n|switch|p2a: Gholdengo|Gholdengo|100\/100\n|turn|1\n|j| Eric Vendrell\n|c| Eric Vendrell|go\n|c| Eric Vendrell|go\n|c| Eric Vendrell|gooooooo\n|\n|t:|1699647576\n|move|p1a: Torterra|Shell Smash|p1a: Torterra\n|-unboost|p1a: Torterra|def|1\n|-unboost|p1a: Torterra|spd|1\n|-boost|p1a: Torterra|atk|2\n|-boost|p1a: Torterra|spa|2\n|-boost|p1a: Torterra|spe|2\n|move|p2a: Gholdengo|Nasty Plot|p2a: Gholdengo\n|-boost|p2a: Gholdengo|spa|2\n|\n|upkeep\n|turn|2\n|\n|t:|1699647587\n|move|p1a: Torterra|Headlong Rush|p2a: Gholdengo\n|-supereffective|p2a: Gholdengo\n|-damage|p2a: Gholdengo|0 fnt\n|-unboost|p1a: Torterra|def|1\n|-unboost|p1a: Torterra|spd|1\n|faint|p2a: Gholdengo\n|\n|upkeep\n|\n|t:|1699647615\n|switch|p2a: Chien-Pao|Chien-Pao|100\/100\n|-ability|p2a: Chien-Pao|Sword of Ruin\n|turn|3\n|\n|t:|1699647622\n|move|p1a: Torterra|Rock Blast|p2a: Chien-Pao\n|-supereffective|p2a: Chien-Pao\n|-damage|p2a: Chien-Pao|59\/100\n|-supereffective|p2a: Chien-Pao\n|-damage|p2a: Chien-Pao|19\/100\n|-supereffective|p2a: Chien-Pao\n|-damage|p2a: Chien-Pao|0 fnt\n|faint|p2a: Chien-Pao\n|-hitcount|p2: Chien-Pao|3\n|\n|upkeep\n|c| Eric Vendrell|gg\n|\n|t:|1699647638\n|switch|p2a: Iron Treads|Iron Treads|100\/100\n|turn|4\n|\n|t:|1699647647\n|move|p1a: Torterra|Headlong Rush|p2a: Iron Treads\n|-supereffective|p2a: Iron Treads\n|-damage|p2a: Iron Treads|0 fnt\n|-unboost|p1a: Torterra|def|1\n|-unboost|p1a: Torterra|spd|1\n|faint|p2a: Iron Treads\n|-end|p2a: Iron Treads|Quark Drive|[silent]\n|\n|upkeep\n|c|\u2606Pyrope06|gg\n|\n|t:|1699647656\n|switch|p2a: Amoonguss|Amoonguss, F|100\/100\n|turn|5\n|\n|t:|1699647665\n|move|p1a: Torterra|Headlong Rush|p2a: Amoonguss\n|-damage|p2a: Amoonguss|16\/100\n|-unboost|p1a: Torterra|def|1\n|-unboost|p1a: Torterra|spd|1\n|move|p2a: Amoonguss|Toxic|p1a: Torterra\n|-status|p1a: Torterra|tox\n|\n|-heal|p2a: Amoonguss|22\/100|[from] item: Black Sludge\n|-damage|p1a: Torterra|94\/100 tox|[from] psn\n|upkeep\n|turn|6\n|\n|t:|1699647677\n|move|p1a: Torterra|Headlong Rush|p2a: Amoonguss\n|-damage|p2a: Amoonguss|0 fnt\n|-unboost|p1a: Torterra|def|1\n|-unboost|p1a: Torterra|spd|1\n|faint|p2a: Amoonguss\n|\n|-damage|p1a: Torterra|82\/100 tox|[from] psn\n|upkeep\n|\n|t:|1699647691\n|switch|p2a: Tyranitar|Tyranitar, F|100\/100\n|-weather|Sandstorm|[from] ability: Sand Stream|[of] p2a: Tyranitar\n|turn|7\n|\n|t:|1699647722\n|-terastallize|p2a: Tyranitar|Ghost\n|move|p1a: Torterra|Bullet Seed|p2a: Tyranitar\n|-crit|p2a: Tyranitar\n|-damage|p2a: Tyranitar|74\/100\n|-damage|p2a: Tyranitar|56\/100\n|-damage|p2a: Tyranitar|38\/100\n|-damage|p2a: Tyranitar|20\/100\n|-hitcount|p2a: Tyranitar|4\n|move|p2a: Tyranitar|Fire Punch|p1a: Torterra\n|-supereffective|p1a: Torterra\n|-damage|p1a: Torterra|0 fnt\n|faint|p1a: Torterra\n|\n|-weather|Sandstorm|[upkeep]\n|-damage|p2a: Tyranitar|14\/100|[from] Sandstorm\n|upkeep\n|\n|t:|1699647743\n|switch|p1a: Quagsire|Quagsire, F, shiny|100\/100\n|turn|8\n|\n|t:|1699647770\n|move|p2a: Tyranitar|Earthquake|p1a: Quagsire\n|-damage|p1a: Quagsire|72\/100\n|move|p1a: Quagsire|Earthquake|p2a: Tyranitar\n|-damage|p2a: Tyranitar|0 fnt\n|faint|p2a: Tyranitar\n|\n|-weather|Sandstorm|[upkeep]\n|-heal|p1a: Quagsire|78\/100|[from] item: Leftovers\n|upkeep\n|\n|t:|1699647780\n|switch|p2a: Quaquaval|Quaquaval, M|100\/100\n|turn|9\n|\n|t:|1699647790\n|move|p2a: Quaquaval|Close Combat|p1a: Quagsire\n|-damage|p1a: Quagsire|17\/100\n|-unboost|p2a: Quaquaval|def|1\n|-unboost|p2a: Quaquaval|spd|1\n|move|p1a: Quagsire|Toxic|p2a: Quaquaval|[miss]\n|-miss|p1a: Quagsire|p2a: Quaquaval\n|\n|-weather|Sandstorm|[upkeep]\n|-damage|p2a: Quaquaval|94\/100|[from] Sandstorm\n|-heal|p1a: Quagsire|23\/100|[from] item: Leftovers\n|upkeep\n|turn|10\n|\n|t:|1699647809\n|switch|p1a: Toxapex|Toxapex, F|100\/100\n|move|p2a: Quaquaval|Close Combat|p1a: Toxapex\n|-resisted|p1a: Toxapex\n|-damage|p1a: Toxapex|82\/100\n|-unboost|p2a: Quaquaval|def|1\n|-unboost|p2a: Quaquaval|spd|1\n|\n|-weather|Sandstorm|[upkeep]\n|-damage|p2a: Quaquaval|88\/100|[from] Sandstorm\n|-damage|p1a: Toxapex|76\/100|[from] Sandstorm\n|-heal|p1a: Toxapex|82\/100|[from] item: Black Sludge\n|upkeep\n|turn|11\n|\n|t:|1699647829\n|move|p2a: Quaquaval|Close Combat|p1a: Toxapex\n|-resisted|p1a: Toxapex\n|-damage|p1a: Toxapex|63\/100\n|-unboost|p2a: Quaquaval|def|1\n|-unboost|p2a: Quaquaval|spd|1\n|move|p1a: Toxapex|Sludge Bomb|p2a: Quaquaval\n|-damage|p2a: Quaquaval|35\/100\n|\n|-weather|none\n|-heal|p1a: Toxapex|69\/100|[from] item: Black Sludge\n|upkeep\n|turn|12\n|\n|t:|1699647842\n|move|p2a: Quaquaval|Roost|p2a: Quaquaval\n|-heal|p2a: Quaquaval|85\/100\n|-singleturn|p2a: Quaquaval|move: Roost\n|move|p1a: Toxapex|Sludge Bomb|p2a: Quaquaval\n|-damage|p2a: Quaquaval|29\/100\n|-status|p2a: Quaquaval|psn\n|\n|-heal|p1a: Toxapex|75\/100|[from] item: Black Sludge\n|-damage|p2a: Quaquaval|17\/100 psn|[from] psn\n|upkeep\n|turn|13\n|\n|t:|1699647853\n|switch|p1a: Meowscarada|Meowscarada, F, shiny|100\/100\n|move|p2a: Quaquaval|Roost|p2a: Quaquaval\n|-heal|p2a: Quaquaval|67\/100 psn\n|-singleturn|p2a: Quaquaval|move: Roost\n|\n|-damage|p2a: Quaquaval|55\/100 psn|[from] psn\n|upkeep\n|turn|14\n|\n|t:|1699647864\n|move|p1a: Meowscarada|Flower Trick|p2a: Quaquaval\n|-start|p1a: Meowscarada|typechange|Grass|[from] ability: Protean\n|-supereffective|p2a: Quaquaval\n|-crit|p2a: Quaquaval\n|-damage|p2a: Quaquaval|0 fnt\n|faint|p2a: Quaquaval\n|-damage|p1a: Meowscarada|91\/100|[from] item: Life Orb\n|\n|win|Pyrope06\n|c|\u2606Pyrope06|gg\n|l| Eric Vendrell\n|l|\u2606DaniRK\n","uploadtime":1699648242,"views":5,"p1id":"pyrope06","p2id":"danirk","formatid":"gen9ubers","rating":0,"private":0,"password":""}