{"id":"gen9ubers-1997708360","p1":"Davidvhe","p2":"Ceslva34","format":"[Gen 9] Ubers","log":"|j|\u2606Davidvhe\n|j|\u2606Ceslva34\n|t:|1700844155\n|gametype|singles\n|player|p1|Davidvhe|benga|1070\n|player|p2|Ceslva34|rosa|1149\n|teamsize|p1|6\n|teamsize|p2|6\n|gen|9\n|tier|[Gen 9] Ubers\n|rated|\n|rule|Sleep Clause Mod: Limit one foe put to sleep\n|rule|Species Clause: Limit one of each Pok\u00e9mon\n|rule|OHKO Clause: OHKO moves are banned\n|rule|Evasion Items Clause: Evasion items are banned\n|rule|Evasion Moves Clause: Evasion moves are banned\n|rule|Endless Battle Clause: Forcing endless battles is banned\n|rule|HP Percentage Mod: HP is shown in percentages\n|clearpoke\n|poke|p1|Spiritomb, M|\n|poke|p1|Volcarona, F|\n|poke|p1|Samurott-Hisui, M|\n|poke|p1|Cacturne, M|\n|poke|p1|Furret, M|\n|poke|p1|Milotic, F|\n|poke|p2|Urshifu-*, M|\n|poke|p2|Chi-Yu|\n|poke|p2|Ursaluna-Bloodmoon, M|\n|poke|p2|Roaring Moon|\n|poke|p2|Koraidon|\n|poke|p2|Ribombee, F|\n|teampreview\n|\n|t:|1700844162\n|start\n|switch|p1a: Cacturne|Cacturne, M|100\/100\n|switch|p2a: Ribombee|Ribombee, F|100\/100\n|turn|1\n|\n|t:|1700844172\n|switch|p1a: Spiritomb|Spiritomb, M|100\/100\n|move|p2a: Ribombee|Sticky Web|p1a: Spiritomb\n|-sidestart|p1: Davidvhe|move: Sticky Web\n|\n|upkeep\n|turn|2\n|\n|t:|1700844178\n|move|p2a: Ribombee|Moonblast|p1a: Spiritomb\n|-supereffective|p1a: Spiritomb\n|-damage|p1a: Spiritomb|27\/100\n|move|p1a: Spiritomb|Will-O-Wisp|p2a: Ribombee|[miss]\n|-miss|p1a: Spiritomb|p2a: Ribombee\n|\n|-heal|p1a: Spiritomb|33\/100|[from] item: Leftovers\n|upkeep\n|turn|3\n|\n|t:|1700844185\n|move|p1a: Spiritomb|Sucker Punch|p2a: Ribombee\n|-resisted|p2a: Ribombee\n|-crit|p2a: Ribombee\n|-damage|p2a: Ribombee|66\/100\n|move|p2a: Ribombee|Moonblast|p1a: Spiritomb\n|-supereffective|p1a: Spiritomb\n|-damage|p1a: Spiritomb|0 fnt\n|faint|p1a: Spiritomb\n|\n|upkeep\n|\n|t:|1700844193\n|switch|p1a: Milotic|Milotic, F|100\/100\n|-activate|p1a: Milotic|move: Sticky Web\n|-unboost|p1a: Milotic|spe|1\n|-ability|p1a: Milotic|Competitive|boost\n|-boost|p1a: Milotic|spa|2\n|turn|4\n|\n|t:|1700844201\n|move|p2a: Ribombee|Moonblast|p1a: Milotic\n|-damage|p1a: Milotic|68\/100\n|move|p1a: Milotic|Scald|p2a: Ribombee\n|-damage|p2a: Ribombee|0 fnt\n|faint|p2a: Ribombee\n|\n|-heal|p1a: Milotic|74\/100|[from] item: Leftovers\n|upkeep\n|\n|t:|1700844215\n|switch|p2a: Koraidon|Koraidon|100\/100\n|-weather|SunnyDay|[from] ability: Orichalcum Pulse|[of] p2a: Koraidon\n|-activate|p2a: Koraidon|Orichalcum Pulse|[source]\n|turn|5\n|\n|t:|1700844220\n|move|p2a: Koraidon|Collision Course|p1a: Milotic\n|-damage|p1a: Milotic|4\/100\n|-damage|p2a: Koraidon|91\/100|[from] item: Life Orb\n|move|p1a: Milotic|Scald|p2a: Koraidon\n|-resisted|p2a: Koraidon\n|-damage|p2a: Koraidon|77\/100\n|\n|-weather|SunnyDay|[upkeep]\n|-heal|p1a: Milotic|10\/100|[from] item: Leftovers\n|upkeep\n|turn|6\n|\n|t:|1700844232\n|move|p2a: Koraidon|Collision Course|p1a: Milotic\n|-damage|p1a: Milotic|0 fnt\n|faint|p1a: Milotic\n|-damage|p2a: Koraidon|67\/100|[from] item: Life Orb\n|\n|-weather|SunnyDay|[upkeep]\n|upkeep\n|\n|t:|1700844241\n|switch|p1a: Samurott|Samurott-Hisui, M, shiny|100\/100\n|-activate|p1a: Samurott|move: Sticky Web\n|-unboost|p1a: Samurott|spe|1\n|turn|7\n|\n|t:|1700844252\n|-terastallize|p1a: Samurott|Ghost\n|move|p2a: Koraidon|Collision Course|p1a: Samurott\n|-immune|p1a: Samurott\n|move|p1a: Samurott|Aqua Cutter|p2a: Koraidon\n|-resisted|p2a: Koraidon\n|-damage|p2a: Koraidon|57\/100\n|\n|-weather|SunnyDay|[upkeep]\n|upkeep\n|turn|8\n|\n|t:|1700844262\n|move|p2a: Koraidon|Swords Dance|p2a: Koraidon\n|-boost|p2a: Koraidon|atk|2\n|move|p1a: Samurott|Ceaseless Edge|p2a: Koraidon\n|-resisted|p2a: Koraidon\n|-damage|p2a: Koraidon|37\/100\n|-sidestart|p2: Ceslva34|Spikes\n|\n|-weather|SunnyDay|[upkeep]\n|upkeep\n|turn|9\n|\n|t:|1700844270\n|move|p2a: Koraidon|Dragon Claw|p1a: Samurott\n|-damage|p1a: Samurott|0 fnt\n|faint|p1a: Samurott\n|-damage|p2a: Koraidon|27\/100|[from] item: Life Orb\n|\n|-weather|none\n|upkeep\n|\n|t:|1700844277\n|switch|p1a: Cacturne|Cacturne, M|100\/100\n|-activate|p1a: Cacturne|move: Sticky Web\n|-unboost|p1a: Cacturne|spe|1\n|turn|10\n|\n|t:|1700844285\n|move|p1a: Cacturne|Sucker Punch|p2a: Koraidon\n|-resisted|p2a: Koraidon\n|-damage|p2a: Koraidon|7\/100\n|-damage|p1a: Cacturne|91\/100|[from] item: Life Orb\n|move|p2a: Koraidon|Collision Course|p1a: Cacturne\n|-supereffective|p1a: Cacturne\n|-damage|p1a: Cacturne|0 fnt\n|faint|p1a: Cacturne\n|-damage|p2a: Koraidon|0 fnt|[from] item: Life Orb\n|faint|p2a: Koraidon\n|\n|upkeep\n|\n|t:|1700844304\n|switch|p2a: Urshifu|Urshifu-Rapid-Strike, M|100\/100\n|switch|p1a: Volcarona|Volcarona, F|100\/100\n|-damage|p2a: Urshifu|88\/100|[from] Spikes\n|turn|11\n|\n|t:|1700844313\n|move|p2a: Urshifu|Surging Strikes|p1a: Volcarona\n|-supereffective|p1a: Volcarona\n|-crit|p1a: Volcarona\n|-damage|p1a: Volcarona|31\/100\n|-supereffective|p1a: Volcarona\n|-crit|p1a: Volcarona\n|-damage|p1a: Volcarona|0 fnt\n|faint|p1a: Volcarona\n|-hitcount|p1: Volcarona|2\n|\n|upkeep\n|\n|t:|1700844318\n|switch|p1a: Furret|Furret, M|100\/100\n|-activate|p1a: Furret|move: Sticky Web\n|-unboost|p1a: Furret|spe|1\n|-item|p2a: Urshifu|Mystic Water|[from] ability: Frisk|[of] p1a: Furret|[identify]\n|turn|12\n|\n|t:|1700844328\n|move|p2a: Urshifu|Close Combat|p1a: Furret\n|-supereffective|p1a: Furret\n|-damage|p1a: Furret|0 fnt\n|-unboost|p2a: Urshifu|def|1\n|-unboost|p2a: Urshifu|spd|1\n|faint|p1a: Furret\n|\n|win|Ceslva34\n|raw|Davidvhe's rating: 1070 &rarr; <strong>1054<\/strong><br \/>(-16 for losing)\n|raw|Ceslva34's rating: 1149 &rarr; <strong>1168<\/strong><br \/>(+19 for winning)\n|l|\u2606Davidvhe\n","uploadtime":1700844337,"views":2,"p1id":"davidvhe","p2id":"ceslva34","formatid":"gen9ubers","rating":1054,"private":0,"password":""}