{"id":"gen9ubers-1972591643","p1":"theironpikachu%\u25d5\u203f\u25d5","p2":"happysh","format":"[Gen 9] Ubers","log":"|j|\u2606theironpikachu%\u25d5\u203f\u25d5\n|j|\u2606happysh\n|inactive|Battle timer is ON: inactive players will automatically lose when time's up.\n|t:|1697861222\n|gametype|singles\n|player|p1|theironpikachu%\u25d5\u203f\u25d5|may-masters|\n|player|p2|happysh|iono|\n|teamsize|p1|6\n|teamsize|p2|6\n|gen|9\n|tier|[Gen 9] Ubers\n|rated|Tournament battle\n|rule|Sleep Clause Mod: Limit one foe put to sleep\n|rule|Species Clause: Limit one of each Pok\u00e9mon\n|rule|OHKO Clause: OHKO moves are banned\n|rule|Evasion Items Clause: Evasion items are banned\n|rule|Evasion Moves Clause: Evasion moves are banned\n|rule|Endless Battle Clause: Forcing endless battles is banned\n|rule|HP Percentage Mod: HP is shown in percentages\n|clearpoke\n|poke|p1|Ribombee, F|\n|poke|p1|Urshifu-*, M|\n|poke|p1|Darkrai|\n|poke|p1|Eternatus|\n|poke|p1|Spectrier|\n|poke|p1|Magearna|\n|poke|p2|Magearna|\n|poke|p2|Skeledirge, F|\n|poke|p2|Ting-Lu|\n|poke|p2|Eternatus|\n|poke|p2|Mewtwo|\n|poke|p2|Flutter Mane|\n|teampreview\n|j|*Lady Monita \u263d\n|inactive|theironpikachu%\u25d5\u203f\u25d5 also wants the timer to be on.\n|inactive|happysh also wants the timer to be on.\n|c|\u2606happysh|ribombee\n|c|\u2606theironpikachu%\u25d5\u203f\u25d5|bzz\n|c|\u2606theironpikachu%\u25d5\u203f\u25d5|glhf\n|c|\u2606happysh|you too\n|\n|t:|1697861248\n|start\n|switch|p1a: Ribombee|Ribombee, F|100\/100\n|switch|p2a: Magearna|Magearna|100\/100\n|turn|1\n|\n|t:|1697861252\n|move|p1a: Ribombee|Sticky Web|p2a: Magearna\n|-sidestart|p2: happysh|move: Sticky Web\n|move|p2a: Magearna|Shift Gear|p2a: Magearna\n|-boost|p2a: Magearna|spe|2\n|-boost|p2a: Magearna|atk|1\n|\n|upkeep\n|turn|2\n|\n|t:|1697861257\n|move|p2a: Magearna|Flash Cannon|p1a: Ribombee\n|-supereffective|p1a: Ribombee\n|-enditem|p1a: Ribombee|Focus Sash\n|-damage|p1a: Ribombee|1\/100\n|move|p1a: Ribombee|Stun Spore|p2a: Magearna\n|-status|p2a: Magearna|par\n|\n|upkeep\n|turn|3\n|\n|t:|1697861264\n|move|p1a: Ribombee|U-turn|p2a: Magearna\n|-resisted|p2a: Magearna\n|-damage|p2a: Magearna|98\/100 par\n|\n|t:|1697861268\n|switch|p1a: Eternatus|Eternatus|100\/100|[from] U-turn\n|-ability|p1a: Eternatus|Pressure\n|move|p2a: Magearna|Calm Mind|p2a: Magearna\n|-boost|p2a: Magearna|spa|1\n|-boost|p2a: Magearna|spd|1\n|\n|upkeep\n|turn|4\n|\n|t:|1697861273\n|move|p1a: Eternatus|Flamethrower|p2a: Magearna\n|-supereffective|p2a: Magearna\n|-damage|p2a: Magearna|68\/100 par\n|-enditem|p2a: Magearna|Weakness Policy\n|-boost|p2a: Magearna|atk|2|[from] item: Weakness Policy\n|-boost|p2a: Magearna|spa|2|[from] item: Weakness Policy\n|cant|p2a: Magearna|par\n|\n|upkeep\n|turn|5\n|\n|t:|1697861281\n|move|p1a: Eternatus|Flamethrower|p2a: Magearna\n|-supereffective|p2a: Magearna\n|-damage|p2a: Magearna|38\/100 par\n|move|p2a: Magearna|Draining Kiss|p1a: Eternatus\n|-damage|p1a: Eternatus|73\/100\n|-heal|p2a: Magearna|65\/100 par|[from] drain|[of] p1a: Eternatus\n|\n|-heal|p1a: Eternatus|79\/100|[from] item: Leftovers\n|upkeep\n|turn|6\n|\n|t:|1697861289\n|switch|p1a: Ribombee|Ribombee, F|1\/100\n|move|p2a: Magearna|Draining Kiss|p1a: Ribombee\n|-damage|p1a: Ribombee|0 fnt\n|-heal|p2a: Magearna|66\/100 par|[from] drain|[of] p1a: Ribombee\n|faint|p1a: Ribombee\n|-ability|p2a: Magearna|Soul-Heart|boost\n|-boost|p2a: Magearna|spa|1\n|\n|upkeep\n|\n|t:|1697861291\n|switch|p1a: Urshifu|Urshifu-Rapid-Strike, M|100\/100\n|turn|7\n|\n|t:|1697861293\n|move|p1a: Urshifu|Surging Strikes|p2a: Magearna\n|-crit|p2a: Magearna\n|-damage|p2a: Magearna|52\/100 par\n|-crit|p2a: Magearna\n|-damage|p2a: Magearna|38\/100 par\n|-crit|p2a: Magearna\n|-damage|p2a: Magearna|24\/100 par\n|-hitcount|p2a: Magearna|3\n|move|p2a: Magearna|Draining Kiss|p1a: Urshifu\n|-supereffective|p1a: Urshifu\n|-damage|p1a: Urshifu|0 fnt\n|-heal|p2a: Magearna|94\/100 par|[from] drain|[of] p1a: Urshifu\n|faint|p1a: Urshifu\n|-ability|p2a: Magearna|Soul-Heart|boost\n|-boost|p2a: Magearna|spa|1\n|\n|upkeep\n|\n|t:|1697861301\n|switch|p1a: Magearna|Magearna|100\/100\n|turn|8\n|inactive|happysh has 120 seconds left.\n|\n|t:|1697861333\n|move|p2a: Magearna|Flash Cannon|p1a: Magearna\n|-crit|p1a: Magearna\n|-damage|p1a: Magearna|0 fnt\n|faint|p1a: Magearna\n|-ability|p2a: Magearna|Soul-Heart|boost\n|-boost|p2a: Magearna|spa|1\n|\n|upkeep\n|\n|t:|1697861338\n|switch|p1a: Eternatus|Eternatus|79\/100\n|-ability|p1a: Eternatus|Pressure\n|turn|9\n|\n|t:|1697861341\n|-terastallize|p1a: Eternatus|Poison\n|move|p1a: Eternatus|Flamethrower|p2a: Magearna\n|-supereffective|p2a: Magearna\n|-damage|p2a: Magearna|64\/100 par\n|move|p2a: Magearna|Flash Cannon|p1a: Eternatus\n|-damage|p1a: Eternatus|3\/100\n|\n|-heal|p1a: Eternatus|9\/100|[from] item: Leftovers\n|upkeep\n|turn|10\n|\n|t:|1697861346\n|move|p1a: Eternatus|Flamethrower|p2a: Magearna\n|-supereffective|p2a: Magearna\n|-damage|p2a: Magearna|33\/100 par\n|cant|p2a: Magearna|par\n|\n|-heal|p1a: Eternatus|16\/100|[from] item: Leftovers\n|upkeep\n|turn|11\n|\n|t:|1697861349\n|move|p1a: Eternatus|Flamethrower|p2a: Magearna\n|-supereffective|p2a: Magearna\n|-damage|p2a: Magearna|0 fnt\n|faint|p2a: Magearna\n|\n|-heal|p1a: Eternatus|22\/100|[from] item: Leftovers\n|upkeep\n|\n|t:|1697861356\n|switch|p2a: Mewtwo|Mewtwo|100\/100\n|-activate|p2a: Mewtwo|move: Sticky Web\n|-unboost|p2a: Mewtwo|spe|1\n|-ability|p2a: Mewtwo|Pressure\n|turn|12\n|c|\u2606theironpikachu%\u25d5\u203f\u25d5|rip sry abt para\n|c|\u2606happysh|np\n|\n|t:|1697861371\n|switch|p1a: Darkrai|Darkrai|100\/100\n|move|p2a: Mewtwo|Grass Knot|p1a: Darkrai\n|-damage|p1a: Darkrai|59\/100\n|\n|-heal|p1a: Darkrai|65\/100|[from] item: Leftovers\n|upkeep\n|turn|13\n|\n|t:|1697861380\n|switch|p2a: Ting-Lu|Ting-Lu|100\/100\n|-activate|p2a: Ting-Lu|move: Sticky Web\n|-unboost|p2a: Ting-Lu|spe|1\n|-ability|p2a: Ting-Lu|Vessel of Ruin\n|move|p1a: Darkrai|Dark Pulse|p2a: Ting-Lu\n|-resisted|p2a: Ting-Lu\n|-damage|p2a: Ting-Lu|87\/100\n|\n|-heal|p1a: Darkrai|71\/100|[from] item: Leftovers\n|-heal|p2a: Ting-Lu|93\/100|[from] item: Leftovers\n|upkeep\n|turn|14\n|\n|t:|1697861387\n|move|p1a: Darkrai|Hypnosis|p2a: Ting-Lu|[miss]\n|-miss|p1a: Darkrai|p2a: Ting-Lu\n|move|p2a: Ting-Lu|Spikes|p1a: Darkrai\n|-sidestart|p1: theironpikachu%\u25d5\u203f\u25d5|Spikes\n|\n|-heal|p1a: Darkrai|77\/100|[from] item: Leftovers\n|-heal|p2a: Ting-Lu|99\/100|[from] item: Leftovers\n|upkeep\n|turn|15\n|\n|t:|1697861391\n|move|p1a: Darkrai|Hypnosis|p2a: Ting-Lu|[miss]\n|-miss|p1a: Darkrai|p2a: Ting-Lu\n|move|p2a: Ting-Lu|Spikes|p1a: Darkrai\n|-sidestart|p1: theironpikachu%\u25d5\u203f\u25d5|Spikes\n|\n|-heal|p1a: Darkrai|83\/100|[from] item: Leftovers\n|-heal|p2a: Ting-Lu|100\/100|[from] item: Leftovers\n|upkeep\n|turn|16\n|\n|t:|1697861395\n|move|p1a: Darkrai|Hypnosis|p2a: Ting-Lu\n|-status|p2a: Ting-Lu|slp|[from] move: Hypnosis\n|cant|p2a: Ting-Lu|slp\n|\n|-heal|p1a: Darkrai|89\/100|[from] item: Leftovers\n|-damage|p2a: Ting-Lu|88\/100 slp|[from] ability: Bad Dreams|[of] p1a: Darkrai\n|upkeep\n|turn|17\n|\n|t:|1697861398\n|move|p1a: Darkrai|Nasty Plot|p1a: Darkrai\n|-boost|p1a: Darkrai|spa|2\n|cant|p2a: Ting-Lu|slp\n|\n|-heal|p1a: Darkrai|95\/100|[from] item: Leftovers\n|-heal|p2a: Ting-Lu|94\/100 slp|[from] item: Leftovers\n|-damage|p2a: Ting-Lu|82\/100 slp|[from] ability: Bad Dreams|[of] p1a: Darkrai\n|upkeep\n|turn|18\n|\n|t:|1697861403\n|move|p1a: Darkrai|Focus Blast|p2a: Ting-Lu|[miss]\n|-miss|p1a: Darkrai|p2a: Ting-Lu\n|cant|p2a: Ting-Lu|slp\n|\n|-heal|p1a: Darkrai|100\/100|[from] item: Leftovers\n|-heal|p2a: Ting-Lu|88\/100 slp|[from] item: Leftovers\n|-damage|p2a: Ting-Lu|76\/100 slp|[from] ability: Bad Dreams|[of] p1a: Darkrai\n|upkeep\n|turn|19\n|\n|t:|1697861406\n|move|p1a: Darkrai|Focus Blast|p2a: Ting-Lu|[miss]\n|-miss|p1a: Darkrai|p2a: Ting-Lu\n|-curestatus|p2a: Ting-Lu|slp|[msg]\n|move|p2a: Ting-Lu|Whirlwind|p1a: Darkrai\n|drag|p1a: Eternatus|Eternatus, tera:Poison|22\/100\n|-damage|p1a: Eternatus|5\/100|[from] Spikes\n|-ability|p1a: Eternatus|Pressure\n|\n|-heal|p1a: Eternatus|11\/100|[from] item: Leftovers\n|-heal|p2a: Ting-Lu|82\/100|[from] item: Leftovers\n|upkeep\n|turn|20\n|\n|t:|1697861409\n|move|p1a: Eternatus|Toxic|p2a: Ting-Lu\n|-status|p2a: Ting-Lu|tox\n|move|p2a: Ting-Lu|Earthquake|p1a: Eternatus\n|-supereffective|p1a: Eternatus\n|-damage|p1a: Eternatus|0 fnt\n|faint|p1a: Eternatus\n|\n|-heal|p2a: Ting-Lu|88\/100 tox|[from] item: Leftovers\n|-damage|p2a: Ting-Lu|82\/100 tox|[from] psn\n|upkeep\n|\n|t:|1697861417\n|switch|p1a: Darkrai|Darkrai|100\/100\n|-damage|p1a: Darkrai|84\/100|[from] Spikes\n|turn|21\n|\n|t:|1697861420\n|move|p1a: Darkrai|Focus Blast|p2a: Ting-Lu\n|-supereffective|p2a: Ting-Lu\n|-damage|p2a: Ting-Lu|27\/100 tox\n|move|p2a: Ting-Lu|Earthquake|p1a: Darkrai\n|-damage|p1a: Darkrai|37\/100\n|\n|-heal|p1a: Darkrai|43\/100|[from] item: Leftovers\n|-heal|p2a: Ting-Lu|34\/100 tox|[from] item: Leftovers\n|-damage|p2a: Ting-Lu|21\/100 tox|[from] psn\n|upkeep\n|turn|22\n|\n|t:|1697861428\n|switch|p1a: Spectrier|Spectrier|100\/100\n|-damage|p1a: Spectrier|84\/100|[from] Spikes\n|move|p2a: Ting-Lu|Earthquake|p1a: Spectrier\n|-damage|p1a: Spectrier|38\/100\n|\n|-heal|p1a: Spectrier|44\/100|[from] item: Leftovers\n|-heal|p2a: Ting-Lu|27\/100 tox|[from] item: Leftovers\n|-damage|p2a: Ting-Lu|9\/100 tox|[from] psn\n|upkeep\n|turn|23\n|\n|t:|1697861446\n|switch|p2a: Eternatus|Eternatus|100\/100\n|-activate|p2a: Eternatus|move: Sticky Web\n|-unboost|p2a: Eternatus|spe|1\n|-ability|p2a: Eternatus|Pressure\n|move|p1a: Spectrier|Hex|p2a: Eternatus\n|-damage|p2a: Eternatus|78\/100\n|\n|-heal|p1a: Spectrier|51\/100|[from] item: Leftovers\n|-heal|p2a: Eternatus|84\/100|[from] item: Black Sludge\n|upkeep\n|turn|24\n|\n|t:|1697861451\n|move|p1a: Spectrier|Will-O-Wisp|p2a: Eternatus\n|-status|p2a: Eternatus|brn\n|move|p2a: Eternatus|Dynamax Cannon|p1a: Spectrier\n|-damage|p1a: Spectrier|6\/100\n|\n|-heal|p1a: Spectrier|12\/100|[from] item: Leftovers\n|-heal|p2a: Eternatus|91\/100 brn|[from] item: Black Sludge\n|-damage|p2a: Eternatus|84\/100 brn|[from] brn\n|upkeep\n|turn|25\n|\n|t:|1697861456\n|move|p1a: Spectrier|Hex|p2a: Eternatus\n|-damage|p2a: Eternatus|41\/100 brn\n|move|p2a: Eternatus|Dynamax Cannon|p1a: Spectrier\n|-crit|p1a: Spectrier\n|-damage|p1a: Spectrier|0 fnt\n|faint|p1a: Spectrier\n|\n|-heal|p2a: Eternatus|48\/100 brn|[from] item: Black Sludge\n|-damage|p2a: Eternatus|41\/100 brn|[from] brn\n|upkeep\n|\n|t:|1697861459\n|switch|p1a: Darkrai|Darkrai|43\/100\n|-damage|p1a: Darkrai|26\/100|[from] Spikes\n|turn|26\n|\n|t:|1697861472\n|move|p1a: Darkrai|Dark Pulse|p2a: Eternatus\n|-damage|p2a: Eternatus|9\/100 brn\n|cant|p2a: Eternatus|flinch\n|\n|-heal|p1a: Darkrai|33\/100|[from] item: Leftovers\n|-heal|p2a: Eternatus|15\/100 brn|[from] item: Black Sludge\n|-damage|p2a: Eternatus|9\/100 brn|[from] brn\n|upkeep\n|turn|27\n|\n|t:|1697861475\n|move|p1a: Darkrai|Dark Pulse|p2a: Eternatus\n|-damage|p2a: Eternatus|0 fnt\n|faint|p2a: Eternatus\n|\n|-heal|p1a: Darkrai|39\/100|[from] item: Leftovers\n|upkeep\n|j| baki4739\n|\n|t:|1697861482\n|switch|p2a: Mewtwo|Mewtwo|100\/100\n|-activate|p2a: Mewtwo|move: Sticky Web\n|-unboost|p2a: Mewtwo|spe|1\n|-ability|p2a: Mewtwo|Pressure\n|turn|28\n|l| baki4739\n|\n|t:|1697861484\n|move|p2a: Mewtwo|Trick|p1a: Darkrai\n|-activate|p2a: Mewtwo|move: Trick|[of] p1a: Darkrai\n|-item|p1a: Darkrai|Choice Scarf|[from] move: Trick\n|-item|p2a: Mewtwo|Leftovers|[from] move: Trick\n|move|p1a: Darkrai|Dark Pulse|p2a: Mewtwo\n|-supereffective|p2a: Mewtwo\n|-damage|p2a: Mewtwo|6\/100\n|\n|-heal|p2a: Mewtwo|13\/100|[from] item: Leftovers\n|upkeep\n|turn|29\n|\n|t:|1697861491\n|move|p1a: Darkrai|Dark Pulse|p2a: Mewtwo\n|-supereffective|p2a: Mewtwo\n|-damage|p2a: Mewtwo|0 fnt\n|faint|p2a: Mewtwo\n|\n|upkeep\n|\n|t:|1697861496\n|switch|p2a: Ting-Lu|Ting-Lu|9\/100 tox\n|-activate|p2a: Ting-Lu|move: Sticky Web\n|-unboost|p2a: Ting-Lu|spe|1\n|-ability|p2a: Ting-Lu|Vessel of Ruin\n|turn|30\n|\n|t:|1697861498\n|move|p1a: Darkrai|Dark Pulse|p2a: Ting-Lu\n|-resisted|p2a: Ting-Lu\n|-damage|p2a: Ting-Lu|0 fnt\n|faint|p2a: Ting-Lu\n|\n|upkeep\n|\n|t:|1697861505\n|switch|p2a: Skeledirge|Skeledirge, F|100\/100\n|turn|31\n|\n|t:|1697861508\n|-terastallize|p2a: Skeledirge|Fire\n|move|p1a: Darkrai|Dark Pulse|p2a: Skeledirge\n|-damage|p2a: Skeledirge|70\/100\n|move|p2a: Skeledirge|Torch Song|p1a: Darkrai\n|-damage|p1a: Darkrai|0 fnt\n|-boost|p2a: Skeledirge|spa|1\n|faint|p1a: Darkrai\n|\n|win|happysh\n|n|\u2606theironpikachu%\u25d5\u203f\u25d5|theironpikachu\n|n|\u2606happysh|happysh\n|n|*Lady Monita \u263d|ladymonita\n","uploadtime":1697861509,"views":9,"p1id":"theironpikachu","p2id":"happysh","formatid":"gen9ubers","rating":0,"private":0,"password":""}