{"id":"gen9ubers-1974671986","p1":"Judgie","p2":"The_beastgod12","format":"[Gen 9] Ubers","log":"|j|\u2606Judgie\n|j|\u203dThe_beastgod12\n|t:|1698108925\n|gametype|singles\n|player|p1|Judgie|policeman-gen4|\n|player|p2|The_beastgod12|hilbert|\n|teamsize|p1|6\n|teamsize|p2|6\n|gen|9\n|tier|[Gen 9] Ubers\n|rule|Sleep Clause Mod: Limit one foe put to sleep\n|rule|Species Clause: Limit one of each Pok\u00e9mon\n|rule|OHKO Clause: OHKO moves are banned\n|rule|Evasion Items Clause: Evasion items are banned\n|rule|Evasion Moves Clause: Evasion moves are banned\n|rule|Endless Battle Clause: Forcing endless battles is banned\n|rule|HP Percentage Mod: HP is shown in percentages\n|clearpoke\n|poke|p1|Regieleki|\n|poke|p1|Chi-Yu|\n|poke|p1|Palafin, M|\n|poke|p1|Gliscor, F|\n|poke|p1|Masquerain, M|\n|poke|p1|Roaring Moon|\n|poke|p2|Grimmsnarl, M|\n|poke|p2|Zapdos-Galar|\n|poke|p2|Kleavor, M|\n|poke|p2|Ceruledge, M|\n|poke|p2|Landorus-Therian, M|\n|poke|p2|Zoroark-Hisui, F|\n|teampreview\n|\n|t:|1698108949\n|start\n|switch|p1a: Masquerain|Masquerain, M|100\/100\n|switch|p2a: Kleavor|Kleavor, M, shiny|100\/100\n|-ability|p1a: Masquerain|Intimidate|boost\n|-unboost|p2a: Kleavor|atk|1\n|turn|1\n|\n|t:|1698108957\n|move|p1a: Masquerain|Sticky Web|p2a: Kleavor\n|-sidestart|p2: The_beastgod12|move: Sticky Web\n|move|p2a: Kleavor|Stone Axe|p1a: Masquerain\n|-supereffective|p1a: Masquerain\n|-enditem|p1a: Masquerain|Focus Sash\n|-damage|p1a: Masquerain|1\/100\n|-sidestart|p1: Judgie|move: Stealth Rock\n|\n|upkeep\n|turn|2\n|\n|t:|1698108964\n|move|p2a: Kleavor|Quick Attack|p1a: Masquerain\n|-damage|p1a: Masquerain|0 fnt\n|faint|p1a: Masquerain\n|\n|upkeep\n|\n|t:|1698108968\n|switch|p1a: Regieleki|Regieleki|100\/100\n|-damage|p1a: Regieleki|88\/100|[from] Stealth Rock\n|turn|3\n|\n|t:|1698108974\n|move|p1a: Regieleki|Rapid Spin|p2a: Kleavor\n|-resisted|p2a: Kleavor\n|-damage|p2a: Kleavor|94\/100\n|-boost|p1a: Regieleki|spe|1\n|-sideend|p1: Judgie|Stealth Rock|[from] move: Rapid Spin|[of] p1a: Regieleki\n|-damage|p1a: Regieleki|78\/100|[from] item: Life Orb\n|move|p2a: Kleavor|Stone Axe|p1a: Regieleki\n|-crit|p1a: Regieleki\n|-damage|p1a: Regieleki|0 fnt\n|-sidestart|p1: Judgie|move: Stealth Rock\n|faint|p1a: Regieleki\n|\n|upkeep\n|\n|t:|1698108989\n|switch|p1a: Gliscor|Gliscor, F|100\/100\n|-damage|p1a: Gliscor|88\/100|[from] Stealth Rock\n|turn|4\n|\n|t:|1698108996\n|move|p1a: Gliscor|Toxic|p2a: Kleavor\n|-status|p2a: Kleavor|tox\n|move|p2a: Kleavor|Stone Axe|p1a: Gliscor\n|-damage|p1a: Gliscor|71\/100\n|\n|-damage|p2a: Kleavor|88\/100 tox|[from] psn\n|-status|p1a: Gliscor|tox|[from] item: Toxic Orb\n|upkeep\n|turn|5\n|\n|t:|1698109006\n|move|p1a: Gliscor|Knock Off|p2a: Kleavor\n|-damage|p2a: Kleavor|68\/100 tox\n|-enditem|p2a: Kleavor|Razor Claw|[from] move: Knock Off|[of] p1a: Gliscor\n|move|p2a: Kleavor|Stone Axe|p1a: Gliscor\n|-damage|p1a: Gliscor|54\/100 tox\n|\n|-heal|p1a: Gliscor|67\/100 tox|[from] ability: Poison Heal\n|-damage|p2a: Kleavor|55\/100 tox|[from] psn\n|upkeep\n|turn|6\n|\n|t:|1698109016\n|move|p1a: Gliscor|U-turn|p2a: Kleavor\n|-damage|p2a: Kleavor|41\/100 tox\n|\n|t:|1698109018\n|switch|p1a: Palafin|Palafin, M|100\/100|[from] U-turn\n|-damage|p1a: Palafin|88\/100|[from] Stealth Rock\n|move|p2a: Kleavor|Stone Axe|p1a: Palafin\n|-damage|p1a: Palafin|50\/100\n|\n|-damage|p2a: Kleavor|23\/100 tox|[from] psn\n|upkeep\n|turn|7\n|\n|t:|1698109029\n|move|p1a: Palafin|Flip Turn|p2a: Kleavor\n|-supereffective|p2a: Kleavor\n|-damage|p2a: Kleavor|0 fnt\n|faint|p2a: Kleavor\n|\n|t:|1698109034\n|detailschange|p1a: Palafin|Palafin-Hero, M\n|switch|p1a: Gliscor|Gliscor, F|67\/100 tox|[from] Flip Turn\n|-damage|p1a: Gliscor|54\/100 tox|[from] Stealth Rock\n|\n|-heal|p1a: Gliscor|67\/100 tox|[from] ability: Poison Heal\n|upkeep\n|\n|t:|1698109043\n|switch|p2a: Ceruledge|Ceruledge, M, shiny|100\/100\n|-activate|p2a: Ceruledge|move: Sticky Web\n|-unboost|p2a: Ceruledge|spe|1\n|turn|8\n|\n|t:|1698109056\n|move|p1a: Gliscor|Toxic|p2a: Ceruledge\n|-status|p2a: Ceruledge|tox\n|move|p2a: Ceruledge|Swords Dance|p2a: Ceruledge\n|-boost|p2a: Ceruledge|atk|2\n|\n|-heal|p1a: Gliscor|79\/100 tox|[from] ability: Poison Heal\n|-damage|p2a: Ceruledge|94\/100 tox|[from] psn\n|upkeep\n|turn|9\n|\n|t:|1698109067\n|-terastallize|p2a: Ceruledge|Fire\n|move|p1a: Gliscor|Knock Off|p2a: Ceruledge\n|-damage|p2a: Ceruledge|62\/100 tox\n|-ability|p2a: Ceruledge|Weak Armor|boost\n|-unboost|p2a: Ceruledge|def|1\n|-boost|p2a: Ceruledge|spe|2\n|-enditem|p2a: Ceruledge|Focus Sash|[from] move: Knock Off|[of] p1a: Gliscor\n|move|p2a: Ceruledge|Bitter Blade|p1a: Gliscor\n|-damage|p1a: Gliscor|4\/100 tox\n|-heal|p2a: Ceruledge|100\/100 tox|[from] drain|[of] p1a: Gliscor\n|\n|-damage|p2a: Ceruledge|88\/100 tox|[from] psn\n|-heal|p1a: Gliscor|16\/100 tox|[from] ability: Poison Heal\n|upkeep\n|turn|10\n|\n|t:|1698109081\n|move|p1a: Gliscor|Protect|p1a: Gliscor\n|-singleturn|p1a: Gliscor|Protect\n|move|p2a: Ceruledge|Swords Dance|p2a: Ceruledge\n|-boost|p2a: Ceruledge|atk|2\n|\n|-damage|p2a: Ceruledge|70\/100 tox|[from] psn\n|-heal|p1a: Gliscor|28\/100 tox|[from] ability: Poison Heal\n|upkeep\n|turn|11\n|\n|t:|1698109090\n|move|p1a: Gliscor|Protect||[still]\n|-fail|p1a: Gliscor\n|move|p2a: Ceruledge|Bitter Blade|p1a: Gliscor\n|-damage|p1a: Gliscor|0 fnt\n|-heal|p2a: Ceruledge|87\/100 tox|[from] drain|[of] p1a: Gliscor\n|faint|p1a: Gliscor\n|\n|-damage|p2a: Ceruledge|62\/100 tox|[from] psn\n|upkeep\n|\n|t:|1698109108\n|switch|p1a: Roaring Moon|Roaring Moon|100\/100\n|-damage|p1a: Roaring Moon|88\/100|[from] Stealth Rock\n|-enditem|p1a: Roaring Moon|Booster Energy\n|-activate|p1a: Roaring Moon|ability: Protosynthesis|[fromitem]\n|-start|p1a: Roaring Moon|protosynthesisatk\n|turn|12\n|\n|t:|1698109116\n|move|p2a: Ceruledge|Bitter Blade|p1a: Roaring Moon\n|-resisted|p1a: Roaring Moon\n|-damage|p1a: Roaring Moon|0 fnt\n|-heal|p2a: Ceruledge|100\/100 tox|[from] drain|[of] p1a: Roaring Moon\n|faint|p1a: Roaring Moon\n|-end|p1a: Roaring Moon|Protosynthesis|[silent]\n|\n|-damage|p2a: Ceruledge|70\/100 tox|[from] psn\n|upkeep\n|c|\u2606Judgie|yoo\n|\n|t:|1698109133\n|switch|p1a: Chi-Yu|Chi-Yu|100\/100\n|-damage|p1a: Chi-Yu|76\/100|[from] Stealth Rock\n|-ability|p1a: Chi-Yu|Beads of Ruin\n|turn|13\n|\n|t:|1698109141\n|move|p2a: Ceruledge|Poltergeist|p1a: Chi-Yu\n|-activate|p1a: Chi-Yu|move: Poltergeist|Choice Specs\n|-resisted|p1a: Chi-Yu\n|-damage|p1a: Chi-Yu|0 fnt\n|faint|p1a: Chi-Yu\n|\n|-damage|p2a: Ceruledge|32\/100 tox|[from] psn\n|upkeep\n|\n|t:|1698109149\n|switch|p1a: Palafin|Palafin-Hero, M|50\/100\n|-damage|p1a: Palafin|38\/100|[from] Stealth Rock\n|-activate|p1a: Palafin|ability: Zero to Hero\n|turn|14\n|\n|t:|1698109156\n|move|p2a: Ceruledge|Bitter Blade|p1a: Palafin\n|-resisted|p1a: Palafin\n|-damage|p1a: Palafin|0 fnt\n|-heal|p2a: Ceruledge|54\/100 tox|[from] drain|[of] p1a: Palafin\n|faint|p1a: Palafin\n|\n|win|The_beastgod12\n|l|\u2606Judgie\n","uploadtime":1698109186,"views":14,"p1id":"judgie","p2id":"thebeastgod12","formatid":"gen9ubers","rating":0,"private":0,"password":""}