{"id":"gen9ubers-1983501197","p1":"Badrieg0","p2":"FIRE LORD AESON!","format":"[Gen 9] Ubers","log":"|j|\u2606Badrieg0\n|j|\u2606FIRE LORD AESON!\n|t:|1699136935\n|gametype|singles\n|player|p1|Badrieg0|aaron|1226\n|player|p2|FIRE LORD AESON!|red-gen1|1280\n|teamsize|p1|6\n|teamsize|p2|6\n|gen|9\n|tier|[Gen 9] Ubers\n|rated|\n|rule|Sleep Clause Mod: Limit one foe put to sleep\n|rule|Species Clause: Limit one of each Pok\u00e9mon\n|rule|OHKO Clause: OHKO moves are banned\n|rule|Evasion Items Clause: Evasion items are banned\n|rule|Evasion Moves Clause: Evasion moves are banned\n|rule|Endless Battle Clause: Forcing endless battles is banned\n|rule|HP Percentage Mod: HP is shown in percentages\n|clearpoke\n|poke|p1|Zacian-*|\n|poke|p1|Giratina|\n|poke|p1|Koraidon|\n|poke|p1|Gholdengo|\n|poke|p1|Groudon|\n|poke|p1|Flutter Mane|\n|poke|p2|Torkoal, F|\n|poke|p2|Hatterene, F|\n|poke|p2|Kommo-o, M|\n|poke|p2|Cinderace, F|\n|poke|p2|Great Tusk|\n|poke|p2|Heatran, F|\n|teampreview\n|inactive|Battle timer is ON: inactive players will automatically lose when time's up. (requested by Badrieg0)\n|\n|t:|1699136946\n|start\n|switch|p1a: Koraidon|Koraidon|100\/100\n|switch|p2a: SEXY @ESON UTUBE!|Hatterene, F|100\/100\n|-weather|SunnyDay|[from] ability: Orichalcum Pulse|[of] p1a: Koraidon\n|-activate|p1a: Koraidon|Orichalcum Pulse|[source]\n|turn|1\n|\n|t:|1699136953\n|move|p1a: Koraidon|U-turn|p2a: SEXY @ESON UTUBE!\n|-damage|p2a: SEXY @ESON UTUBE!|48\/100\n|\n|t:|1699136956\n|switch|p1a: Gholdengo|Gholdengo|100\/100|[from] U-turn\n|move|p2a: SEXY @ESON UTUBE!|Draining Kiss|p1a: Gholdengo\n|-resisted|p1a: Gholdengo\n|-damage|p1a: Gholdengo|90\/100\n|-heal|p2a: SEXY @ESON UTUBE!|58\/100|[from] drain|[of] p1a: Gholdengo\n|\n|-weather|SunnyDay|[upkeep]\n|-heal|p1a: Gholdengo|96\/100|[from] item: Leftovers\n|upkeep\n|turn|2\n|\n|t:|1699136968\n|switch|p2a: PLAYBOY|Cinderace, F|100\/100\n|move|p1a: Gholdengo|Shadow Ball|p2a: PLAYBOY\n|-damage|p2a: PLAYBOY|49\/100\n|-unboost|p2a: PLAYBOY|spd|1\n|\n|-weather|SunnyDay|[upkeep]\n|-heal|p1a: Gholdengo|100\/100|[from] item: Leftovers\n|upkeep\n|turn|3\n|\n|t:|1699136979\n|switch|p1a: Giratina|Giratina|100\/100\n|-ability|p1a: Giratina|Pressure\n|move|p2a: PLAYBOY|Pyro Ball|p1a: Giratina\n|-resisted|p1a: Giratina\n|-damage|p1a: Giratina|77\/100\n|-damage|p2a: PLAYBOY|39\/100|[from] item: Life Orb\n|\n|-weather|SunnyDay|[upkeep]\n|-heal|p1a: Giratina|83\/100|[from] item: Leftovers\n|upkeep\n|turn|4\n|\n|t:|1699137005\n|move|p2a: PLAYBOY|Pyro Ball|p1a: Giratina\n|-resisted|p1a: Giratina\n|-damage|p1a: Giratina|59\/100\n|-damage|p2a: PLAYBOY|29\/100|[from] item: Life Orb\n|move|p1a: Giratina|Shadow Ball|p2a: PLAYBOY\n|-damage|p2a: PLAYBOY|0 fnt\n|faint|p2a: PLAYBOY\n|\n|-weather|SunnyDay|[upkeep]\n|-heal|p1a: Giratina|65\/100|[from] item: Leftovers\n|upkeep\n|inactive|FIRE LORD AESON! has 120 seconds left.\n|\n|t:|1699137021\n|switch|p2a: AESON SCORSESE|Kommo-o, M|100\/100\n|turn|5\n|\n|t:|1699137026\n|move|p2a: AESON SCORSESE|Clangorous Soul|p2a: AESON SCORSESE\n|-boost|p2a: AESON SCORSESE|atk|1\n|-boost|p2a: AESON SCORSESE|def|1\n|-boost|p2a: AESON SCORSESE|spa|1\n|-boost|p2a: AESON SCORSESE|spd|1\n|-boost|p2a: AESON SCORSESE|spe|1\n|-damage|p2a: AESON SCORSESE|68\/100\n|move|p1a: Giratina|Dragon Tail|p2a: AESON SCORSESE\n|-supereffective|p2a: AESON SCORSESE\n|-damage|p2a: AESON SCORSESE|43\/100\n|drag|p2a: SEXY @ESON UTUBE!|Hatterene, F|58\/100\n|\n|-weather|none\n|-heal|p1a: Giratina|71\/100|[from] item: Leftovers\n|upkeep\n|turn|6\n|\n|t:|1699137041\n|switch|p1a: Gholdengo|Gholdengo|100\/100\n|-terastallize|p2a: SEXY @ESON UTUBE!|Water\n|move|p2a: SEXY @ESON UTUBE!|Draining Kiss|p1a: Gholdengo\n|-resisted|p1a: Gholdengo\n|-damage|p1a: Gholdengo|90\/100\n|-heal|p2a: SEXY @ESON UTUBE!|67\/100|[from] drain|[of] p1a: Gholdengo\n|\n|-heal|p1a: Gholdengo|97\/100|[from] item: Leftovers\n|upkeep\n|turn|7\n|inactive|FIRE LORD AESON! has 120 seconds left.\n|\n|t:|1699137058\n|move|p1a: Gholdengo|Shadow Ball|p2a: SEXY @ESON UTUBE!\n|-damage|p2a: SEXY @ESON UTUBE!|28\/100\n|move|p2a: SEXY @ESON UTUBE!|Mystical Fire|p1a: Gholdengo\n|-supereffective|p1a: Gholdengo\n|-damage|p1a: Gholdengo|54\/100\n|-unboost|p1a: Gholdengo|spa|1\n|\n|-heal|p1a: Gholdengo|60\/100|[from] item: Leftovers\n|upkeep\n|turn|8\n|\n|t:|1699137069\n|switch|p1a: Koraidon|Koraidon|100\/100\n|-weather|SunnyDay|[from] ability: Orichalcum Pulse|[of] p1a: Koraidon\n|-activate|p1a: Koraidon|Orichalcum Pulse|[source]\n|switch|p2a: SUBSCRIBE 2 AESON!|Torkoal, F|100\/100\n|\n|-weather|SunnyDay|[upkeep]\n|upkeep\n|turn|9\n|\n|t:|1699137073\n|move|p1a: Koraidon|U-turn|p2a: SUBSCRIBE 2 AESON!\n|-resisted|p2a: SUBSCRIBE 2 AESON!\n|-damage|p2a: SUBSCRIBE 2 AESON!|84\/100\n|\n|t:|1699137084\n|switch|p1a: Giratina|Giratina|71\/100|[from] U-turn\n|-ability|p1a: Giratina|Pressure\n|move|p2a: SUBSCRIBE 2 AESON!|Stealth Rock|p1a: Giratina\n|-sidestart|p1: Badrieg0|move: Stealth Rock\n|\n|-weather|SunnyDay|[upkeep]\n|-heal|p1a: Giratina|77\/100|[from] item: Leftovers\n|upkeep\n|turn|10\n|\n|t:|1699137087\n|move|p1a: Giratina|Defog|p2a: SUBSCRIBE 2 AESON!\n|-unboost|p2a: SUBSCRIBE 2 AESON!|evasion|1\n|-sideend|p1: Badrieg0|Stealth Rock|[from] move: Defog|[of] p1a: Giratina\n|move|p2a: SUBSCRIBE 2 AESON!|Yawn|p1a: Giratina\n|-start|p1a: Giratina|move: Yawn|[of] p2a: SUBSCRIBE 2 AESON!\n|\n|-weather|SunnyDay|[upkeep]\n|-heal|p1a: Giratina|83\/100|[from] item: Leftovers\n|upkeep\n|turn|11\n|\n|t:|1699137091\n|switch|p1a: Flutter Mane|Flutter Mane|100\/100\n|-activate|p1a: Flutter Mane|ability: Protosynthesis\n|-start|p1a: Flutter Mane|protosynthesisspe\n|move|p2a: SUBSCRIBE 2 AESON!|Stealth Rock|p1a: Flutter Mane\n|-sidestart|p1: Badrieg0|move: Stealth Rock\n|\n|-weather|SunnyDay|[upkeep]\n|upkeep\n|turn|12\n|\n|t:|1699137102\n|move|p1a: Flutter Mane|Shadow Ball|p2a: SUBSCRIBE 2 AESON!\n|-damage|p2a: SUBSCRIBE 2 AESON!|30\/100\n|-unboost|p2a: SUBSCRIBE 2 AESON!|spd|1\n|-damage|p1a: Flutter Mane|91\/100|[from] item: Life Orb\n|move|p2a: SUBSCRIBE 2 AESON!|Yawn|p1a: Flutter Mane\n|-start|p1a: Flutter Mane|move: Yawn|[of] p2a: SUBSCRIBE 2 AESON!\n|\n|-weather|none\n|-end|p1a: Flutter Mane|Protosynthesis\n|upkeep\n|turn|13\n|\n|t:|1699137118\n|-end|p1a: Flutter Mane|Protosynthesis|[silent]\n|switch|p1a: Koraidon|Koraidon|100\/100\n|-damage|p1a: Koraidon|94\/100|[from] Stealth Rock\n|-weather|SunnyDay|[from] ability: Orichalcum Pulse|[of] p1a: Koraidon\n|-activate|p1a: Koraidon|Orichalcum Pulse|[source]\n|switch|p2a: AESON SCORSESE|Kommo-o, M|43\/100\n|\n|-weather|SunnyDay|[upkeep]\n|upkeep\n|turn|14\n|\n|t:|1699137134\n|move|p1a: Koraidon|Collision Course|p2a: AESON SCORSESE\n|-damage|p2a: AESON SCORSESE|0 fnt\n|faint|p2a: AESON SCORSESE\n|\n|-weather|SunnyDay|[upkeep]\n|upkeep\n|\n|t:|1699137144\n|switch|p2a: SEXY @ESON UTUBE!|Hatterene, F, tera:Water|28\/100\n|turn|15\n|\n|t:|1699137148\n|move|p1a: Koraidon|Collision Course|p2a: SEXY @ESON UTUBE!\n|-damage|p2a: SEXY @ESON UTUBE!|0 fnt\n|faint|p2a: SEXY @ESON UTUBE!\n|\n|-weather|SunnyDay|[upkeep]\n|upkeep\n|\n|t:|1699137151\n|switch|p2a: GEN 1 > GEN 9?|Great Tusk|100\/100\n|-activate|p2a: GEN 1 > GEN 9?|ability: Protosynthesis\n|-start|p2a: GEN 1 > GEN 9?|protosynthesisatk\n|turn|16\n|\n|t:|1699137169\n|switch|p1a: Gholdengo|Gholdengo|60\/100\n|-damage|p1a: Gholdengo|54\/100|[from] Stealth Rock\n|move|p2a: GEN 1 > GEN 9?|Rapid Spin|p1a: Gholdengo\n|-immune|p1a: Gholdengo\n|\n|-weather|SunnyDay|[upkeep]\n|-heal|p1a: Gholdengo|60\/100|[from] item: Leftovers\n|upkeep\n|turn|17\n|\n|t:|1699137174\n|move|p2a: GEN 1 > GEN 9?|Headlong Rush|p1a: Gholdengo\n|-supereffective|p1a: Gholdengo\n|-damage|p1a: Gholdengo|0 fnt\n|-unboost|p2a: GEN 1 > GEN 9?|def|1\n|-unboost|p2a: GEN 1 > GEN 9?|spd|1\n|faint|p1a: Gholdengo\n|\n|-weather|none\n|-end|p2a: GEN 1 > GEN 9?|Protosynthesis\n|upkeep\n|\n|t:|1699137176\n|switch|p1a: Giratina|Giratina|83\/100\n|-damage|p1a: Giratina|71\/100|[from] Stealth Rock\n|-ability|p1a: Giratina|Pressure\n|turn|18\n|\n|t:|1699137202\n|move|p2a: GEN 1 > GEN 9?|Ice Spinner|p1a: Giratina\n|-supereffective|p1a: Giratina\n|-damage|p1a: Giratina|45\/100\n|move|p1a: Giratina|Will-O-Wisp|p2a: GEN 1 > GEN 9?\n|-status|p2a: GEN 1 > GEN 9?|brn\n|\n|-heal|p1a: Giratina|51\/100|[from] item: Leftovers\n|-damage|p2a: GEN 1 > GEN 9?|94\/100 brn|[from] brn\n|upkeep\n|turn|19\n|\n|t:|1699137210\n|-end|p2a: GEN 1 > GEN 9?|Protosynthesis|[silent]\n|switch|p2a: ROAD 2 RESPECT!|Heatran, F|100\/100\n|-item|p2a: ROAD 2 RESPECT!|Air Balloon\n|move|p1a: Giratina|Defog|p2a: ROAD 2 RESPECT!\n|-unboost|p2a: ROAD 2 RESPECT!|evasion|1\n|-sideend|p1: Badrieg0|Stealth Rock|[from] move: Defog|[of] p1a: Giratina\n|\n|-heal|p1a: Giratina|57\/100|[from] item: Leftovers\n|upkeep\n|turn|20\n|inactive|FIRE LORD AESON! has 120 seconds left.\n|\n|t:|1699137232\n|switch|p2a: SUBSCRIBE 2 AESON!|Torkoal, F|30\/100\n|-weather|SunnyDay|[from] ability: Drought|[of] p2a: SUBSCRIBE 2 AESON!\n|move|p1a: Giratina|Shadow Ball|p2a: SUBSCRIBE 2 AESON!\n|-damage|p2a: SUBSCRIBE 2 AESON!|4\/100\n|-unboost|p2a: SUBSCRIBE 2 AESON!|spd|1\n|\n|-weather|SunnyDay|[upkeep]\n|-heal|p1a: Giratina|63\/100|[from] item: Leftovers\n|upkeep\n|turn|21\n|\n|t:|1699137236\n|move|p1a: Giratina|Shadow Ball|p2a: SUBSCRIBE 2 AESON!\n|-damage|p2a: SUBSCRIBE 2 AESON!|0 fnt\n|faint|p2a: SUBSCRIBE 2 AESON!\n|\n|-weather|SunnyDay|[upkeep]\n|-heal|p1a: Giratina|69\/100|[from] item: Leftovers\n|upkeep\n|\n|t:|1699137239\n|switch|p2a: GEN 1 > GEN 9?|Great Tusk|94\/100 brn\n|-activate|p2a: GEN 1 > GEN 9?|ability: Protosynthesis\n|-start|p2a: GEN 1 > GEN 9?|protosynthesisatk\n|turn|22\n|\n|t:|1699137258\n|move|p2a: GEN 1 > GEN 9?|Ice Spinner|p1a: Giratina\n|-supereffective|p1a: Giratina\n|-damage|p1a: Giratina|52\/100\n|move|p1a: Giratina|Shadow Ball|p2a: GEN 1 > GEN 9?\n|-damage|p2a: GEN 1 > GEN 9?|49\/100 brn\n|-unboost|p2a: GEN 1 > GEN 9?|spd|1\n|\n|-weather|SunnyDay|[upkeep]\n|-heal|p1a: Giratina|59\/100|[from] item: Leftovers\n|-damage|p2a: GEN 1 > GEN 9?|43\/100 brn|[from] brn\n|upkeep\n|turn|23\n|\n|t:|1699137261\n|move|p2a: GEN 1 > GEN 9?|Ice Spinner|p1a: Giratina\n|-supereffective|p1a: Giratina\n|-damage|p1a: Giratina|44\/100\n|move|p1a: Giratina|Shadow Ball|p2a: GEN 1 > GEN 9?\n|-crit|p2a: GEN 1 > GEN 9?\n|-damage|p2a: GEN 1 > GEN 9?|0 fnt\n|faint|p2a: GEN 1 > GEN 9?\n|-end|p2a: GEN 1 > GEN 9?|Protosynthesis|[silent]\n|\n|-weather|SunnyDay|[upkeep]\n|-heal|p1a: Giratina|50\/100|[from] item: Leftovers\n|upkeep\n|-message|FIRE LORD AESON! forfeited.\n|\n|win|Badrieg0\n|raw|Badrieg0's rating: 1226 &rarr; <strong>1254<\/strong><br \/>(+28 for winning)\n|raw|FIRE LORD AESON!'s rating: 1263 &rarr; <strong>1235<\/strong><br \/>(-28 for losing)\n","uploadtime":1699137288,"views":8,"p1id":"badrieg0","p2id":"firelordaeson","formatid":"gen9ubers","rating":1235,"private":0,"password":""}