{"id":"gen9ubers-1984242693","p1":"Average_Angolan","p2":"block strings","format":"[Gen 9] Ubers","log":"|j|\u2606Average_Angolan\n|j|\u2606block strings\n|t:|1699234151\n|gametype|singles\n|player|p1|Average_Angolan|nate|1130\n|player|p2|block strings|marley|1292\n|teamsize|p1|6\n|teamsize|p2|6\n|gen|9\n|tier|[Gen 9] Ubers\n|rated|\n|rule|Sleep Clause Mod: Limit one foe put to sleep\n|rule|Species Clause: Limit one of each Pok\u00e9mon\n|rule|OHKO Clause: OHKO moves are banned\n|rule|Evasion Items Clause: Evasion items are banned\n|rule|Evasion Moves Clause: Evasion moves are banned\n|rule|Endless Battle Clause: Forcing endless battles is banned\n|rule|HP Percentage Mod: HP is shown in percentages\n|clearpoke\n|poke|p1|Iron Valiant|\n|poke|p1|Great Tusk|\n|poke|p1|Torkoal, F|\n|poke|p1|Zoroark, M|\n|poke|p1|Walking Wake|\n|poke|p1|Flutter Mane|\n|poke|p2|Chi-Yu|\n|poke|p2|Skeledirge, F|\n|poke|p2|Koraidon|\n|poke|p2|Giratina-Origin|\n|poke|p2|Chien-Pao|\n|poke|p2|Ting-Lu|\n|teampreview\n|inactive|Battle timer is ON: inactive players will automatically lose when time's up. (requested by Average_Angolan)\n|\n|t:|1699234160\n|start\n|switch|p1a: Torkoal|Torkoal, F|100\/100\n|switch|p2a: Chi-Yu|Chi-Yu|100\/100\n|-ability|p2a: Chi-Yu|Beads of Ruin\n|-weather|SunnyDay|[from] ability: Drought|[of] p1a: Torkoal\n|turn|1\n|\n|t:|1699234169\n|move|p2a: Chi-Yu|Overheat|p1a: Torkoal\n|-resisted|p1a: Torkoal\n|-damage|p1a: Torkoal|39\/100\n|-unboost|p2a: Chi-Yu|spa|2\n|move|p1a: Torkoal|Stealth Rock|p2a: Chi-Yu\n|-sidestart|p2: block strings|move: Stealth Rock\n|\n|-weather|SunnyDay|[upkeep]\n|upkeep\n|turn|2\n|\n|t:|1699234177\n|switch|p2a: Giratina|Giratina-Origin, shiny|100\/100\n|-damage|p2a: Giratina|88\/100|[from] Stealth Rock\n|move|p1a: Torkoal|Earthquake|p2a: Giratina\n|-immune|p2a: Giratina|[from] ability: Levitate\n|\n|-weather|SunnyDay|[upkeep]\n|upkeep\n|turn|3\n|\n|t:|1699234183\n|move|p2a: Giratina|Defog|p1a: Torkoal\n|-unboost|p1a: Torkoal|evasion|1\n|-sideend|p2: block strings|Stealth Rock|[from] move: Defog|[of] p2a: Giratina\n|move|p1a: Torkoal|Overheat|p2a: Giratina\n|-resisted|p2a: Giratina\n|-damage|p2a: Giratina|73\/100\n|-unboost|p1a: Torkoal|spa|2\n|\n|-weather|SunnyDay|[upkeep]\n|upkeep\n|turn|4\n|\n|t:|1699234191\n|move|p1a: Torkoal|Stealth Rock|p2a: Giratina\n|-sidestart|p2: block strings|move: Stealth Rock\n|move|p2a: Giratina|Dragon Tail|p1a: Torkoal\n|-damage|p1a: Torkoal|16\/100\n|drag|p1a: Flutter Mane|Flutter Mane|100\/100\n|\n|-weather|SunnyDay|[upkeep]\n|upkeep\n|turn|5\n|\n|t:|1699234205\n|move|p1a: Flutter Mane|Swords Dance|p1a: Flutter Mane\n|-boost|p1a: Flutter Mane|atk|2\n|move|p2a: Giratina|Hex|p1a: Flutter Mane\n|-resisted|p1a: Flutter Mane\n|-damage|p1a: Flutter Mane|69\/100\n|replace|p1a: Zoroak|Zoroark, M\n|-end|p1a: Zoroak|Illusion\n|\n|-weather|SunnyDay|[upkeep]\n|upkeep\n|turn|6\n|\n|t:|1699234220\n|switch|p2a: Skeledirge|Skeledirge, F, shiny|100\/100\n|move|p1a: Zoroak|Sucker Punch||[still]\n|-fail|p1a: Zoroak\n|\n|-weather|SunnyDay|[upkeep]\n|upkeep\n|turn|7\n|\n|t:|1699234225\n|move|p1a: Zoroak|Sucker Punch||[still]\n|-fail|p1a: Zoroak\n|move|p2a: Skeledirge|Will-O-Wisp|p1a: Zoroak\n|-status|p1a: Zoroak|brn\n|\n|-weather|SunnyDay|[upkeep]\n|-damage|p1a: Zoroak|63\/100 brn|[from] brn\n|upkeep\n|turn|8\n|\n|t:|1699234232\n|move|p1a: Zoroak|Sucker Punch|p2a: Skeledirge\n|-supereffective|p2a: Skeledirge\n|-damage|p2a: Skeledirge|78\/100\n|move|p2a: Skeledirge|Torch Song|p1a: Zoroak\n|-damage|p1a: Zoroak|0 fnt\n|-boost|p2a: Skeledirge|spa|1\n|faint|p1a: Zoroak\n|\n|-weather|none\n|upkeep\n|\n|t:|1699234240\n|switch|p1a: Torkoal|Torkoal, F|16\/100\n|-weather|SunnyDay|[from] ability: Drought|[of] p1a: Torkoal\n|turn|9\n|\n|t:|1699234246\n|move|p2a: Skeledirge|Torch Song|p1a: Torkoal\n|-resisted|p1a: Torkoal\n|-damage|p1a: Torkoal|0 fnt\n|-boost|p2a: Skeledirge|spa|1\n|faint|p1a: Torkoal\n|\n|-weather|SunnyDay|[upkeep]\n|upkeep\n|\n|t:|1699234253\n|switch|p1a: Flutter Mane|Flutter Mane|100\/100\n|-activate|p1a: Flutter Mane|ability: Protosynthesis\n|-start|p1a: Flutter Mane|protosynthesisspe\n|turn|10\n|\n|t:|1699234267\n|switch|p2a: Giratina|Giratina-Origin, shiny|73\/100\n|-damage|p2a: Giratina|61\/100|[from] Stealth Rock\n|move|p1a: Flutter Mane|Shadow Ball|p2a: Giratina\n|-supereffective|p2a: Giratina\n|-damage|p2a: Giratina|2\/100\n|-unboost|p2a: Giratina|spd|1\n|-damage|p1a: Flutter Mane|91\/100|[from] item: Life Orb\n|\n|-weather|SunnyDay|[upkeep]\n|upkeep\n|turn|11\n|\n|t:|1699234280\n|move|p1a: Flutter Mane|Calm Mind|p1a: Flutter Mane\n|-boost|p1a: Flutter Mane|spa|1\n|-boost|p1a: Flutter Mane|spd|1\n|move|p2a: Giratina|Hex|p1a: Flutter Mane\n|-supereffective|p1a: Flutter Mane\n|-damage|p1a: Flutter Mane|48\/100\n|\n|-weather|SunnyDay|[upkeep]\n|upkeep\n|turn|12\n|\n|t:|1699234290\n|move|p1a: Flutter Mane|Shadow Ball|p2a: Giratina\n|-supereffective|p2a: Giratina\n|-damage|p2a: Giratina|0 fnt\n|faint|p2a: Giratina\n|-damage|p1a: Flutter Mane|38\/100|[from] item: Life Orb\n|\n|-weather|SunnyDay|[upkeep]\n|upkeep\n|\n|t:|1699234294\n|switch|p2a: Chien-Pao|Chien-Pao|100\/100\n|-damage|p2a: Chien-Pao|76\/100|[from] Stealth Rock\n|-ability|p2a: Chien-Pao|Sword of Ruin\n|turn|13\n|\n|t:|1699234302\n|move|p2a: Chien-Pao|Ice Shard|p1a: Flutter Mane\n|-damage|p1a: Flutter Mane|0 fnt\n|faint|p1a: Flutter Mane\n|-end|p1a: Flutter Mane|Protosynthesis|[silent]\n|\n|-weather|SunnyDay|[upkeep]\n|upkeep\n|\n|t:|1699234309\n|switch|p1a: Walking Wake|Walking Wake|100\/100\n|-activate|p1a: Walking Wake|ability: Protosynthesis\n|-start|p1a: Walking Wake|protosynthesisspa\n|turn|14\n|\n|t:|1699234319\n|switch|p2a: Ting-Lu|Ting-Lu|100\/100\n|-damage|p2a: Ting-Lu|94\/100|[from] Stealth Rock\n|-ability|p2a: Ting-Lu|Vessel of Ruin\n|move|p1a: Walking Wake|Flamethrower|p2a: Ting-Lu\n|-damage|p2a: Ting-Lu|63\/100\n|-damage|p1a: Walking Wake|90\/100|[from] item: Life Orb\n|\n|-weather|SunnyDay|[upkeep]\n|-heal|p2a: Ting-Lu|69\/100|[from] item: Leftovers\n|upkeep\n|turn|15\n|\n|t:|1699234330\n|move|p1a: Walking Wake|Hydro Steam|p2a: Ting-Lu\n|-supereffective|p2a: Ting-Lu\n|-damage|p2a: Ting-Lu|0 fnt\n|faint|p2a: Ting-Lu\n|-damage|p1a: Walking Wake|80\/100|[from] item: Life Orb\n|\n|-weather|SunnyDay|[upkeep]\n|upkeep\n|\n|t:|1699234346\n|switch|p2a: Koraidon|Koraidon|100\/100\n|-damage|p2a: Koraidon|94\/100|[from] Stealth Rock\n|-activate|p2a: Koraidon|ability: Orichalcum Pulse\n|turn|16\n|\n|t:|1699234352\n|move|p2a: Koraidon|Dragon Claw|p1a: Walking Wake\n|-supereffective|p1a: Walking Wake\n|-damage|p1a: Walking Wake|0 fnt\n|faint|p1a: Walking Wake\n|-end|p1a: Walking Wake|Protosynthesis|[silent]\n|\n|-weather|none\n|upkeep\n|\n|t:|1699234358\n|switch|p1a: Iron Valiant|Iron Valiant|100\/100\n|-enditem|p1a: Iron Valiant|Booster Energy\n|-activate|p1a: Iron Valiant|ability: Quark Drive|[fromitem]\n|-start|p1a: Iron Valiant|quarkdrivespe\n|turn|17\n|\n|t:|1699234379\n|switch|p2a: Chien-Pao|Chien-Pao|76\/100\n|-damage|p2a: Chien-Pao|51\/100|[from] Stealth Rock\n|-ability|p2a: Chien-Pao|Sword of Ruin\n|move|p1a: Iron Valiant|Spirit Break|p2a: Chien-Pao\n|-supereffective|p2a: Chien-Pao\n|-damage|p2a: Chien-Pao|0 fnt\n|faint|p2a: Chien-Pao\n|\n|upkeep\n|\n|t:|1699234396\n|switch|p2a: Skeledirge|Skeledirge, F, shiny|78\/100\n|turn|18\n|\n|t:|1699234402\n|move|p1a: Iron Valiant|Knock Off|p2a: Skeledirge\n|-supereffective|p2a: Skeledirge\n|-damage|p2a: Skeledirge|32\/100\n|-enditem|p2a: Skeledirge|Heavy-Duty Boots|[from] move: Knock Off|[of] p1a: Iron Valiant\n|move|p2a: Skeledirge|Will-O-Wisp|p1a: Iron Valiant|[miss]\n|-miss|p2a: Skeledirge|p1a: Iron Valiant\n|\n|upkeep\n|turn|19\n|\n|t:|1699234410\n|-terastallize|p2a: Skeledirge|Fairy\n|move|p1a: Iron Valiant|Knock Off|p2a: Skeledirge\n|-resisted|p2a: Skeledirge\n|-damage|p2a: Skeledirge|25\/100\n|move|p2a: Skeledirge|Slack Off|p2a: Skeledirge\n|-heal|p2a: Skeledirge|75\/100\n|\n|upkeep\n|turn|20\n|\n|t:|1699234418\n|-terastallize|p1a: Iron Valiant|Fairy\n|move|p1a: Iron Valiant|Spirit Break|p2a: Skeledirge\n|-damage|p2a: Skeledirge|40\/100\n|-unboost|p2a: Skeledirge|spa|1\n|move|p2a: Skeledirge|Will-O-Wisp|p1a: Iron Valiant|[miss]\n|-miss|p2a: Skeledirge|p1a: Iron Valiant\n|\n|upkeep\n|turn|21\n|\n|t:|1699234430\n|move|p1a: Iron Valiant|Swords Dance|p1a: Iron Valiant\n|-boost|p1a: Iron Valiant|atk|2\n|move|p2a: Skeledirge|Slack Off|p2a: Skeledirge\n|-heal|p2a: Skeledirge|90\/100\n|\n|upkeep\n|turn|22\n|\n|t:|1699234435\n|move|p1a: Iron Valiant|Spirit Break|p2a: Skeledirge\n|-damage|p2a: Skeledirge|58\/100\n|-unboost|p2a: Skeledirge|spa|1\n|move|p2a: Skeledirge|Will-O-Wisp|p1a: Iron Valiant\n|-status|p1a: Iron Valiant|brn\n|\n|-damage|p1a: Iron Valiant|94\/100 brn|[from] brn\n|upkeep\n|turn|23\n|\n|t:|1699234444\n|move|p1a: Iron Valiant|Swords Dance|p1a: Iron Valiant\n|-boost|p1a: Iron Valiant|atk|2\n|move|p2a: Skeledirge|Slack Off|p2a: Skeledirge\n|-heal|p2a: Skeledirge|100\/100\n|\n|-damage|p1a: Iron Valiant|88\/100 brn|[from] brn\n|upkeep\n|turn|24\n|\n|t:|1699234450\n|move|p1a: Iron Valiant|Swords Dance|p1a: Iron Valiant\n|-boost|p1a: Iron Valiant|atk|2\n|move|p2a: Skeledirge|Torch Song|p1a: Iron Valiant\n|-damage|p1a: Iron Valiant|63\/100 brn\n|-boost|p2a: Skeledirge|spa|1\n|\n|-damage|p1a: Iron Valiant|57\/100 brn|[from] brn\n|upkeep\n|turn|25\n|\n|t:|1699234458\n|move|p1a: Iron Valiant|Spirit Break|p2a: Skeledirge\n|-damage|p2a: Skeledirge|84\/100\n|-unboost|p2a: Skeledirge|spa|1\n|move|p2a: Skeledirge|Torch Song|p1a: Iron Valiant\n|-damage|p1a: Iron Valiant|32\/100 brn\n|-boost|p2a: Skeledirge|spa|1\n|\n|-damage|p1a: Iron Valiant|25\/100 brn|[from] brn\n|upkeep\n|turn|26\n|\n|t:|1699234470\n|move|p1a: Iron Valiant|Spirit Break|p2a: Skeledirge\n|-damage|p2a: Skeledirge|67\/100\n|-unboost|p2a: Skeledirge|spa|1\n|move|p2a: Skeledirge|Torch Song|p1a: Iron Valiant\n|-damage|p1a: Iron Valiant|0 fnt\n|-boost|p2a: Skeledirge|spa|1\n|faint|p1a: Iron Valiant\n|-end|p1a: Iron Valiant|Quark Drive|[silent]\n|\n|upkeep\n|\n|t:|1699234478\n|switch|p1a: Great Tusk|Great Tusk|100\/100\n|turn|27\n|\n|t:|1699234484\n|move|p1a: Great Tusk|Headlong Rush|p2a: Skeledirge\n|-damage|p2a: Skeledirge|17\/100\n|-unboost|p1a: Great Tusk|def|1\n|-unboost|p1a: Great Tusk|spd|1\n|-damage|p1a: Great Tusk|91\/100|[from] item: Life Orb\n|move|p2a: Skeledirge|Torch Song|p1a: Great Tusk\n|-crit|p1a: Great Tusk\n|-damage|p1a: Great Tusk|18\/100\n|-boost|p2a: Skeledirge|spa|1\n|\n|upkeep\n|turn|28\n|\n|t:|1699234497\n|move|p1a: Great Tusk|Ice Spinner|p2a: Skeledirge\n|-damage|p2a: Skeledirge|0 fnt\n|faint|p2a: Skeledirge\n|-damage|p1a: Great Tusk|8\/100|[from] item: Life Orb\n|\n|upkeep\n|\n|t:|1699234500\n|switch|p2a: Chi-Yu|Chi-Yu|100\/100\n|-damage|p2a: Chi-Yu|76\/100|[from] Stealth Rock\n|-ability|p2a: Chi-Yu|Beads of Ruin\n|turn|29\n|\n|t:|1699234509\n|move|p2a: Chi-Yu|Overheat|p1a: Great Tusk\n|-damage|p1a: Great Tusk|0 fnt\n|-unboost|p2a: Chi-Yu|spa|2\n|faint|p1a: Great Tusk\n|-end|p1a: Great Tusk|Protosynthesis|[silent]\n|\n|win|block strings\n|raw|Average_Angolan's rating: 1130 &rarr; <strong>1116<\/strong><br \/>(-14 for losing)\n|raw|block strings's rating: 1292 &rarr; <strong>1306<\/strong><br \/>(+14 for winning)\n","uploadtime":1699234511,"views":4,"p1id":"averageangolan","p2id":"blockstrings","formatid":"gen9ubers","rating":1116,"private":0,"password":""}