{"id":"gen9ubers-1968438411","p1":"Electricratman","p2":"aysho","format":"[Gen 9] Ubers","log":"|j|\u2606Electricratman\n|j|\u2606aysho\n|t:|1697418592\n|gametype|singles\n|player|p1|Electricratman|170|1150\n|player|p2|aysho|aromalady|1139\n|teamsize|p1|6\n|teamsize|p2|6\n|gen|9\n|tier|[Gen 9] Ubers\n|rated|\n|rule|Sleep Clause Mod: Limit one foe put to sleep\n|rule|Species Clause: Limit one of each Pok\u00e9mon\n|rule|OHKO Clause: OHKO moves are banned\n|rule|Evasion Items Clause: Evasion items are banned\n|rule|Evasion Moves Clause: Evasion moves are banned\n|rule|Endless Battle Clause: Forcing endless battles is banned\n|rule|HP Percentage Mod: HP is shown in percentages\n|clearpoke\n|poke|p1|Weezing-Galar, M|\n|poke|p1|Rillaboom, M|\n|poke|p1|Greninja-*, M|\n|poke|p1|Magearna|\n|poke|p1|Hawlucha, M|\n|poke|p1|Thundurus-Therian, M|\n|poke|p2|Grimmsnarl, M|\n|poke|p2|Miraidon|\n|poke|p2|Magearna-Original|\n|poke|p2|Zacian-*|\n|poke|p2|Koraidon|\n|poke|p2|Arceus-Ground|\n|teampreview\n|\n|t:|1697418612\n|start\n|switch|p1a: Thundurus|Thundurus-Therian, M|100\/100\n|switch|p2a: Grimmsnarl|Grimmsnarl, M|100\/100\n|turn|1\n|\n|t:|1697418668\n|move|p2a: Grimmsnarl|Taunt|p1a: Thundurus\n|-start|p1a: Thundurus|move: Taunt\n|move|p1a: Thundurus|Flash Cannon|p2a: Grimmsnarl\n|-supereffective|p2a: Grimmsnarl\n|-damage|p2a: Grimmsnarl|31\/100\n|\n|upkeep\n|turn|2\n|\n|t:|1697418681\n|move|p2a: Grimmsnarl|Parting Shot|p1a: Thundurus\n|-unboost|p1a: Thundurus|atk|1\n|-unboost|p1a: Thundurus|spa|1\n|\n|t:|1697418690\n|switch|p2a: Miraidon|Miraidon|100\/100|[from] Parting Shot\n|-fieldstart|move: Electric Terrain|[from] ability: Hadron Engine|[of] p2a: Miraidon\n|move|p1a: Thundurus|Flash Cannon|p2a: Miraidon\n|-resisted|p2a: Miraidon\n|-damage|p2a: Miraidon|88\/100\n|\n|upkeep\n|turn|3\n|\n|t:|1697418707\n|switch|p1a: Rillaboom|Rillaboom, M|100\/100\n|-fieldstart|move: Grassy Terrain|[from] ability: Grassy Surge|[of] p1a: Rillaboom\n|move|p2a: Miraidon|Calm Mind|p2a: Miraidon\n|-boost|p2a: Miraidon|spa|1\n|-boost|p2a: Miraidon|spd|1\n|\n|-heal|p2a: Miraidon|94\/100|[from] Grassy Terrain\n|upkeep\n|turn|4\n|\n|t:|1697418728\n|move|p2a: Miraidon|Draco Meteor|p1a: Rillaboom\n|-damage|p1a: Rillaboom|0 fnt\n|-unboost|p2a: Miraidon|spa|2\n|faint|p1a: Rillaboom\n|-damage|p2a: Miraidon|84\/100|[from] item: Life Orb\n|\n|-heal|p2a: Miraidon|91\/100|[from] Grassy Terrain\n|upkeep\n|\n|t:|1697418750\n|switch|p1a: Weezing|Weezing-Galar, M|100\/100\n|-ability|p1a: Weezing|Neutralizing Gas\n|turn|5\n|\n|t:|1697418761\n|switch|p2a: Magearna|Magearna-Original|100\/100\n|move|p1a: Weezing|Strange Steam|p2a: Magearna\n|-resisted|p2a: Magearna\n|-damage|p2a: Magearna|82\/100\n|\n|-heal|p2a: Magearna|88\/100|[from] Grassy Terrain\n|upkeep\n|turn|6\n|\n|t:|1697418771\n|-end|p1a: Weezing|ability: Neutralizing Gas\n|switch|p1a: Hawlucha|Hawlucha, M, shiny|100\/100\n|-enditem|p1a: Hawlucha|Grassy Seed\n|-boost|p1a: Hawlucha|def|1|[from] item: Grassy Seed\n|move|p2a: Magearna|Shift Gear|p2a: Magearna\n|-boost|p2a: Magearna|spe|2\n|-boost|p2a: Magearna|atk|1\n|\n|-heal|p2a: Magearna|95\/100|[from] Grassy Terrain\n|upkeep\n|turn|7\n|\n|t:|1697418785\n|move|p1a: Hawlucha|Swords Dance|p1a: Hawlucha\n|-boost|p1a: Hawlucha|atk|2\n|move|p2a: Magearna|Draining Kiss|p1a: Hawlucha\n|-supereffective|p1a: Hawlucha\n|-damage|p1a: Hawlucha|32\/100\n|-heal|p2a: Magearna|100\/100|[from] drain|[of] p1a: Hawlucha\n|\n|-fieldend|move: Grassy Terrain\n|upkeep\n|turn|8\n|\n|t:|1697418803\n|-terastallize|p1a: Hawlucha|Flying\n|move|p1a: Hawlucha|Acrobatics|p2a: Magearna\n|-resisted|p2a: Magearna\n|-damage|p2a: Magearna|49\/100\n|move|p2a: Magearna|Draining Kiss|p1a: Hawlucha\n|-damage|p1a: Hawlucha|1\/100\n|-heal|p2a: Magearna|73\/100|[from] drain|[of] p1a: Hawlucha\n|\n|upkeep\n|turn|9\n|\n|t:|1697418824\n|move|p1a: Hawlucha|Acrobatics|p2a: Magearna\n|-resisted|p2a: Magearna\n|-damage|p2a: Magearna|26\/100\n|move|p2a: Magearna|Draining Kiss|p1a: Hawlucha\n|-damage|p1a: Hawlucha|0 fnt\n|-heal|p2a: Magearna|27\/100|[from] drain|[of] p1a: Hawlucha\n|faint|p1a: Hawlucha\n|-ability|p2a: Magearna|Soul-Heart|boost\n|-boost|p2a: Magearna|spa|1\n|\n|upkeep\n|inactive|Battle timer is ON: inactive players will automatically lose when time's up. (requested by aysho)\n|inactive|Electricratman has 120 seconds left.\n|\n|t:|1697418917\n|switch|p1a: Thundurus|Thundurus-Therian, M|100\/100\n|turn|10\n|\n|t:|1697418925\n|move|p2a: Magearna|Stored Power|p1a: Thundurus\n|-damage|p1a: Thundurus|40\/100\n|move|p1a: Thundurus|Flash Cannon|p2a: Magearna\n|-damage|p2a: Magearna|0 fnt\n|faint|p2a: Magearna\n|\n|upkeep\n|\n|t:|1697418937\n|switch|p2a: Grimmsnarl|Grimmsnarl, M|31\/100\n|turn|11\n|\n|t:|1697418942\n|move|p2a: Grimmsnarl|Parting Shot|p1a: Thundurus\n|-unboost|p1a: Thundurus|atk|1\n|-unboost|p1a: Thundurus|spa|1\n|\n|t:|1697418948\n|switch|p2a: Miraidon|Miraidon|91\/100|[from] Parting Shot\n|-fieldstart|move: Electric Terrain|[from] ability: Hadron Engine|[of] p2a: Miraidon\n|move|p1a: Thundurus|Flash Cannon|p2a: Miraidon\n|-resisted|p2a: Miraidon\n|-damage|p2a: Miraidon|78\/100\n|\n|upkeep\n|turn|12\n|\n|t:|1697418968\n|move|p2a: Miraidon|Calm Mind|p2a: Miraidon\n|-boost|p2a: Miraidon|spa|1\n|-boost|p2a: Miraidon|spd|1\n|move|p1a: Thundurus|Flash Cannon|p2a: Miraidon\n|-resisted|p2a: Miraidon\n|-crit|p2a: Miraidon\n|-damage|p2a: Miraidon|47\/100\n|\n|upkeep\n|turn|13\n|\n|t:|1697418983\n|move|p2a: Miraidon|Draco Meteor|p1a: Thundurus|[miss]\n|-miss|p2a: Miraidon|p1a: Thundurus\n|move|p1a: Thundurus|Flash Cannon|p2a: Miraidon\n|-resisted|p2a: Miraidon\n|-damage|p2a: Miraidon|37\/100\n|\n|upkeep\n|turn|14\n|\n|t:|1697418991\n|move|p2a: Miraidon|Draco Meteor|p1a: Thundurus\n|-damage|p1a: Thundurus|0 fnt\n|-unboost|p2a: Miraidon|spa|2\n|faint|p1a: Thundurus\n|-damage|p2a: Miraidon|27\/100|[from] item: Life Orb\n|\n|upkeep\n|inactive|Electricratman has 120 seconds left.\n|\n|t:|1697419033\n|switch|p1a: Greninja|Greninja, M, shiny|100\/100\n|turn|15\n|\n|t:|1697419041\n|move|p2a: Miraidon|Electro Drift|p1a: Greninja\n|-supereffective|p1a: Greninja\n|-damage|p1a: Greninja|0 fnt\n|faint|p1a: Greninja\n|-damage|p2a: Miraidon|18\/100|[from] item: Life Orb\n|\n|-fieldend|move: Electric Terrain\n|upkeep\n|inactive|Electricratman has 120 seconds left.\n|\n|t:|1697419051\n|switch|p1a: Magearna|Magearna|100\/100\n|turn|16\n|\n|t:|1697419054\n|move|p2a: Miraidon|Taunt|p1a: Magearna\n|-start|p1a: Magearna|move: Taunt\n|move|p1a: Magearna|Draining Kiss|p2a: Miraidon\n|-supereffective|p2a: Miraidon\n|-damage|p2a: Miraidon|0 fnt\n|faint|p2a: Miraidon\n|-ability|p1a: Magearna|Soul-Heart|boost\n|-boost|p1a: Magearna|spa|1\n|\n|upkeep\n|\n|t:|1697419063\n|switch|p2a: Grimmsnarl|Grimmsnarl, M|31\/100\n|turn|17\n|\n|t:|1697419069\n|move|p2a: Grimmsnarl|Light Screen|p2a: Grimmsnarl\n|-sidestart|p2: aysho|move: Light Screen\n|move|p1a: Magearna|Draining Kiss|p2a: Grimmsnarl\n|-supereffective|p2a: Grimmsnarl\n|-damage|p2a: Grimmsnarl|0 fnt\n|faint|p2a: Grimmsnarl\n|-ability|p1a: Magearna|Soul-Heart|boost\n|-boost|p1a: Magearna|spa|1\n|\n|upkeep\n|\n|t:|1697419077\n|switch|p2a: Arceus|Arceus-Ground|100\/100\n|turn|18\n|\n|t:|1697419097\n|move|p2a: Arceus|Swords Dance|p2a: Arceus\n|-boost|p2a: Arceus|atk|2\n|move|p1a: Magearna|Draining Kiss|p2a: Arceus\n|-crit|p2a: Arceus\n|-damage|p2a: Arceus|41\/100\n|\n|-end|p1a: Magearna|move: Taunt\n|upkeep\n|turn|19\n|\n|t:|1697419108\n|move|p2a: Arceus|Earthquake|p1a: Magearna\n|-supereffective|p1a: Magearna\n|-damage|p1a: Magearna|0 fnt\n|faint|p1a: Magearna\n|\n|upkeep\n|\n|t:|1697419113\n|switch|p1a: Weezing|Weezing-Galar, M|100\/100\n|-ability|p1a: Weezing|Neutralizing Gas\n|turn|20\n|\n|t:|1697419120\n|move|p2a: Arceus|Earthquake|p1a: Weezing\n|-supereffective|p1a: Weezing\n|-damage|p1a: Weezing|0 fnt\n|faint|p1a: Weezing\n|-end|p1a: Weezing|ability: Neutralizing Gas\n|\n|win|aysho\n|raw|Electricratman's rating: 1150 &rarr; <strong>1124<\/strong><br \/>(-26 for losing)\n|raw|aysho's rating: 1139 &rarr; <strong>1165<\/strong><br \/>(+26 for winning)\n|c|\u2606Electricratman|Gg\n|l|\u2606aysho\n","uploadtime":1697419196,"views":10,"p1id":"electricratman","p2id":"aysho","formatid":"gen9ubers","rating":1124,"private":0,"password":""}