{"id":"gen9ubers-1971703315","p1":"Electricratman","p2":"mklgd","format":"[Gen 9] Ubers","log":"|j|\u2606Electricratman\n|j|\u2606mklgd\n|t:|1697762898\n|gametype|singles\n|player|p1|Electricratman|102|\n|player|p2|mklgd|tabitha-gen3|\n|teamsize|p1|6\n|teamsize|p2|6\n|gen|9\n|tier|[Gen 9] Ubers\n|rule|Sleep Clause Mod: Limit one foe put to sleep\n|rule|Species Clause: Limit one of each Pok\u00e9mon\n|rule|OHKO Clause: OHKO moves are banned\n|rule|Evasion Items Clause: Evasion items are banned\n|rule|Evasion Moves Clause: Evasion moves are banned\n|rule|Endless Battle Clause: Forcing endless battles is banned\n|rule|HP Percentage Mod: HP is shown in percentages\n|clearpoke\n|poke|p1|Weezing-Galar, M|\n|poke|p1|Rillaboom, M|\n|poke|p1|Greninja-*, F|\n|poke|p1|Magearna|\n|poke|p1|Hawlucha, M|\n|poke|p1|Thundurus-Therian, M|\n|poke|p2|Tauros-Paldea-Aqua, M|\n|poke|p2|Gengar, M|\n|poke|p2|Forretress, M|\n|poke|p2|Volcanion|\n|poke|p2|Mesprit|\n|poke|p2|Ogerpon-Cornerstone, F|\n|teampreview\n|j| Smoocheh\n|c|\u2606Electricratman|Wanna give a minute for folks to jump in?\n|j| ampharosaunt11\n|c|\u2606mklgd|sure\n|c| Smoocheh|rock hard\n|j| Willish6634\n|c| Willish6634|Pp\n|c|\u2606Electricratman|Ok\n|j| KGarza\n|j| Judgieiscool\n|c| Judgieiscool|hu\n|j| Lillyrosethedemon\n|c| Smoocheh|willis no more trades with greedent man lets let the book keepers rest\n|c| Judgieiscool|Hurry it up- Rip Van Winkle\n|c| Smoocheh|Hank working OT tonite\n|l|kgarza\n|c| Willish6634|Hurr up\n|c| ampharosaunt11|\"Hey it's Marge\" - Marge\n|\n|t:|1697763093\n|start\n|switch|p1a: Thundurus|Thundurus-Therian, M|100\/100\n|switch|p2a: Forretress|Forretress, M|100\/100\n|turn|1\n|\n|t:|1697763110\n|move|p1a: Thundurus|Focus Blast|p2a: Forretress\n|-crit|p2a: Forretress\n|-ability|p2a: Forretress|Sturdy\n|-damage|p2a: Forretress|1\/100\n|move|p2a: Forretress|Stealth Rock|p1a: Thundurus\n|-sidestart|p1: Electricratman|move: Stealth Rock\n|\n|-heal|p2a: Forretress|7\/100|[from] item: Leftovers\n|upkeep\n|turn|2\n|c| Smoocheh|lol\n|c| Smoocheh|BANG\n|c| Smoocheh|SWEET\n|c| Smoocheh|CHIN\n|c| Smoocheh|RATMAN\n|c| Judgieiscool|Sweer chin rat\n|\n|t:|1697763130\n|switch|p2a: Mesprit|Mesprit|100\/100\n|move|p1a: Thundurus|Focus Blast|p2a: Mesprit|[miss]\n|-miss|p1a: Thundurus|p2a: Mesprit\n|\n|upkeep\n|turn|3\n|c| Judgieiscool|womp womp\n|\n|t:|1697763144\n|switch|p1a: Greninja|Greninja, F, shiny|100\/100\n|-damage|p1a: Greninja|88\/100|[from] Stealth Rock\n|move|p2a: Mesprit|Future Sight|p1a: Greninja\n|-start|p2a: Mesprit|move: Future Sight\n|\n|upkeep\n|turn|4\n|c| Smoocheh|the tbolt was free there\n|\n|t:|1697763165\n|-terastallize|p2a: Mesprit|Fairy\n|move|p1a: Greninja|Night Slash|p2a: Mesprit\n|-start|p1a: Greninja|typechange|Dark|[from] ability: Protean\n|-resisted|p2a: Mesprit\n|-damage|p2a: Mesprit|87\/100\n|move|p2a: Mesprit|U-turn|p1a: Greninja\n|-supereffective|p1a: Greninja\n|-damage|p1a: Greninja|38\/100\n|\n|t:|1697763169\n|switch|p2a: Forretress|Forretress, M|7\/100|[from] U-turn\n|\n|-heal|p2a: Forretress|13\/100|[from] item: Leftovers\n|upkeep\n|turn|5\n|c| Judgieiscool|lol\n|\n|t:|1697763199\n|switch|p2a: Tauros|Tauros-Paldea-Aqua, M|100\/100\n|-ability|p2a: Tauros|Intimidate|boost\n|-unboost|p1a: Greninja|atk|1\n|move|p1a: Greninja|Night Slash|p2a: Tauros\n|-resisted|p2a: Tauros\n|-damage|p2a: Tauros|88\/100\n|\n|-end|p1a: Greninja|move: Future Sight\n|-immune|p1a: Greninja\n|upkeep\n|turn|6\n|c| Judgieiscool|lets go ratman\n|c| Smoocheh|?\n|\n|t:|1697763219\n|switch|p1a: Weezing|Weezing-Galar, M|100\/100\n|-ability|p1a: Weezing|Neutralizing Gas\n|switch|p2a: Forretress|Forretress, M|13\/100\n|\n|-heal|p2a: Forretress|19\/100|[from] item: Leftovers\n|upkeep\n|turn|7\n|c| Judgieiscool|ratman sets makin me scratch my head\n|\n|t:|1697763237\n|switch|p2a: Gengar|Gengar, M|100\/100\n|move|p1a: Weezing|Dark Pulse|p2a: Gengar\n|-supereffective|p2a: Gengar\n|-damage|p2a: Gengar|26\/100\n|\n|upkeep\n|turn|8\n|c| Smoocheh|bang !\n|\n|t:|1697763262\n|move|p2a: Gengar|Sludge Bomb|p1a: Weezing\n|-damage|p1a: Weezing|1\/100\n|move|p1a: Weezing|Dark Pulse|p2a: Gengar\n|-supereffective|p2a: Gengar\n|-damage|p2a: Gengar|0 fnt\n|faint|p2a: Gengar\n|\n|upkeep\n|\n|t:|1697763265\n|switch|p2a: Ogerpon|Ogerpon-Cornerstone, F|100\/100\n|turn|9\n|c| Judgieiscool|lol\n|c| Smoocheh|lol\n|\n|t:|1697763290\n|move|p2a: Ogerpon|Trailblaze|p1a: Weezing\n|-resisted|p1a: Weezing\n|-damage|p1a: Weezing|0 fnt\n|-boost|p2a: Ogerpon|spe|1\n|faint|p1a: Weezing\n|-end|p1a: Weezing|ability: Neutralizing Gas\n|\n|upkeep\n|c| Smoocheh|ruh roh\n|c| Judgieiscool|ruh roh\n|\n|t:|1697763309\n|switch|p1a: Rillaboom|Rillaboom, M|100\/100\n|-damage|p1a: Rillaboom|88\/100|[from] Stealth Rock\n|-fieldstart|move: Grassy Terrain|[from] ability: Grassy Surge|[of] p1a: Rillaboom\n|turn|10\n|c| Smoocheh|yo cb boom sweeps\n|c| Smoocheh|lmao\n|\n|t:|1697763336\n|move|p2a: Ogerpon|Ivy Cudgel|p1a: Rillaboom\n|-damage|p1a: Rillaboom|25\/100\n|move|p1a: Rillaboom|Drain Punch|p2a: Ogerpon\n|-supereffective|p2a: Ogerpon\n|-damage|p2a: Ogerpon|5\/100\n|-heal|p1a: Rillaboom|66\/100|[from] drain|[of] p2a: Ogerpon\n|\n|-heal|p2a: Ogerpon|11\/100|[from] Grassy Terrain\n|-heal|p1a: Rillaboom|73\/100|[from] Grassy Terrain\n|upkeep\n|turn|11\n|\n|t:|1697763358\n|switch|p2a: Forretress|Forretress, M|19\/100\n|move|p1a: Rillaboom|Drain Punch|p2a: Forretress\n|-damage|p2a: Forretress|0 fnt\n|-heal|p1a: Rillaboom|83\/100|[from] drain|[of] p2a: Forretress\n|faint|p2a: Forretress\n|\n|-heal|p1a: Rillaboom|89\/100|[from] Grassy Terrain\n|upkeep\n|\n|t:|1697763360\n|switch|p2a: Volcanion|Volcanion|100\/100\n|turn|12\n|\n|t:|1697763404\n|switch|p1a: Thundurus|Thundurus-Therian, M|100\/100\n|-damage|p1a: Thundurus|76\/100|[from] Stealth Rock\n|move|p2a: Volcanion|Flamethrower|p1a: Thundurus\n|-damage|p1a: Thundurus|16\/100\n|\n|upkeep\n|turn|13\n|c| Smoocheh|plz just click the rite move\n|\n|t:|1697763421\n|switch|p2a: Mesprit|Mesprit, tera:Fairy|87\/100\n|move|p1a: Thundurus|Wildbolt Storm|p2a: Mesprit|[miss]\n|-miss|p1a: Thundurus|p2a: Mesprit\n|\n|upkeep\n|turn|14\n|c| Smoocheh|BRO\n|c| Smoocheh|WTF\n|c| Judgieiscool|lol]\n|c| Smoocheh|????????????????????????\n|\n|t:|1697763438\n|switch|p1a: Rillaboom|Rillaboom, M|89\/100\n|-damage|p1a: Rillaboom|76\/100|[from] Stealth Rock\n|move|p2a: Mesprit|Future Sight|p1a: Rillaboom\n|-start|p2a: Mesprit|move: Future Sight\n|\n|-heal|p1a: Rillaboom|83\/100|[from] Grassy Terrain\n|-fieldend|move: Grassy Terrain\n|upkeep\n|turn|15\n|c| ampharosaunt11|\"Predicted\" - Marge\n|\n|t:|1697763452\n|move|p1a: Rillaboom|U-turn|p2a: Mesprit\n|-resisted|p2a: Mesprit\n|-damage|p2a: Mesprit|71\/100\n|c| Smoocheh|thunderbolt gotta have a lock on it\n|c| Smoocheh|one of those child safety locks\n|\n|t:|1697763465\n|switch|p1a: Thundurus|Thundurus-Therian, M|16\/100|[from] U-turn\n|-damage|p1a: Thundurus|0 fnt|[from] Stealth Rock\n|faint|p1a: Thundurus\n|move|p2a: Mesprit|U-turn|p1: Thundurus|[notarget]\n|-fail|p2a: Mesprit\n|\n|upkeep\n|c| Smoocheh|._______________________.\n|\n|t:|1697763496\n|switch|p1a: Magearna|Magearna|100\/100\n|-damage|p1a: Magearna|94\/100|[from] Stealth Rock\n|turn|16\n|\n|t:|1697763505\n|move|p2a: Mesprit|U-turn|p1a: Magearna\n|-resisted|p1a: Magearna\n|-damage|p1a: Magearna|91\/100\n|\n|t:|1697763507\n|switch|p2a: Volcanion|Volcanion|100\/100|[from] U-turn\n|move|p1a: Magearna|Shift Gear|p1a: Magearna\n|-boost|p1a: Magearna|spe|2\n|-boost|p1a: Magearna|atk|1\n|\n|-end|p1a: Magearna|move: Future Sight\n|-resisted|p1a: Magearna\n|-damage|p1a: Magearna|74\/100\n|-heal|p1a: Magearna|80\/100|[from] item: Leftovers\n|upkeep\n|turn|17\n|\n|t:|1697763526\n|-terastallize|p1a: Magearna|Fire\n|move|p1a: Magearna|Calm Mind|p1a: Magearna\n|-boost|p1a: Magearna|spa|1\n|-boost|p1a: Magearna|spd|1\n|move|p2a: Volcanion|Haze|p2a: Volcanion\n|-clearallboost\n|\n|-heal|p1a: Magearna|86\/100|[from] item: Leftovers\n|upkeep\n|turn|18\n|\n|t:|1697763556\n|switch|p1a: Rillaboom|Rillaboom, M|83\/100\n|-damage|p1a: Rillaboom|70\/100|[from] Stealth Rock\n|-fieldstart|move: Grassy Terrain|[from] ability: Grassy Surge|[of] p1a: Rillaboom\n|move|p2a: Volcanion|Fire Spin|p1a: Rillaboom\n|-supereffective|p1a: Rillaboom\n|-damage|p1a: Rillaboom|24\/100\n|-activate|p1a: Rillaboom|move: Fire Spin|[of] p2a: Volcanion\n|\n|-heal|p1a: Rillaboom|30\/100|[from] Grassy Terrain\n|-damage|p1a: Rillaboom|18\/100|[from] move: Fire Spin|[partiallytrapped]\n|upkeep\n|turn|19\n|\n|t:|1697763583\n|move|p1a: Rillaboom|Grassy Glide|p2a: Volcanion\n|-damage|p2a: Volcanion|58\/100\n|move|p2a: Volcanion|Flamethrower|p1a: Rillaboom\n|-supereffective|p1a: Rillaboom\n|-damage|p1a: Rillaboom|0 fnt\n|faint|p1a: Rillaboom\n|\n|-heal|p2a: Volcanion|64\/100|[from] Grassy Terrain\n|upkeep\n|\n|t:|1697763598\n|switch|p1a: Hawlucha|Hawlucha, M, shiny|100\/100\n|-damage|p1a: Hawlucha|88\/100|[from] Stealth Rock\n|-enditem|p1a: Hawlucha|Grassy Seed\n|-boost|p1a: Hawlucha|def|1|[from] item: Grassy Seed\n|turn|20\n|c| Smoocheh|does he have taunt here fellas\n|\n|t:|1697763616\n|move|p1a: Hawlucha|Acrobatics|p2a: Volcanion\n|-damage|p2a: Volcanion|23\/100\n|move|p2a: Volcanion|Steam Eruption|p1a: Hawlucha\n|-damage|p1a: Hawlucha|13\/100\n|\n|-heal|p2a: Volcanion|29\/100|[from] Grassy Terrain\n|upkeep\n|turn|21\n|c| Judgieiscool|no-rip van winkle\n|\n|t:|1697763625\n|switch|p2a: Ogerpon|Ogerpon-Cornerstone, F|11\/100\n|move|p1a: Hawlucha|Acrobatics|p2a: Ogerpon\n|-damage|p2a: Ogerpon|0 fnt\n|faint|p2a: Ogerpon\n|\n|upkeep\n|c| Smoocheh|lmao\n|\n|t:|1697763628\n|switch|p2a: Tauros|Tauros-Paldea-Aqua, M|88\/100\n|-ability|p2a: Tauros|Intimidate|boost\n|-unboost|p1a: Hawlucha|atk|1\n|turn|22\n|\n|t:|1697763639\n|move|p2a: Tauros|Aqua Jet|p1a: Hawlucha\n|-damage|p1a: Hawlucha|0 fnt\n|faint|p1a: Hawlucha\n|\n|-heal|p2a: Tauros|94\/100|[from] Grassy Terrain\n|-fieldend|move: Grassy Terrain\n|upkeep\n|c| Judgieiscool|wherws the swords dance???\n|c| Smoocheh|got a lock button on it too\n|\n|t:|1697763649\n|switch|p1a: Greninja|Greninja, F, shiny|38\/100\n|-damage|p1a: Greninja|26\/100|[from] Stealth Rock\n|turn|23\n|\n|t:|1697763677\n|move|p2a: Tauros|Aqua Jet|p1a: Greninja\n|-resisted|p1a: Greninja\n|-damage|p1a: Greninja|0 fnt\n|faint|p1a: Greninja\n|\n|upkeep\n|l| Willish6634\n|\n|t:|1697763710\n|switch|p1a: Magearna|Magearna, tera:Fire|86\/100\n|-damage|p1a: Magearna|61\/100|[from] Stealth Rock\n|turn|24\n|c| ampharosaunt11|\"Ratman somehow picked the exact sets which would allow him to lose this game\" - Marge\n|\n|t:|1697763743\n|move|p2a: Tauros|Aqua Jet|p1a: Magearna\n|-supereffective|p1a: Magearna\n|-damage|p1a: Magearna|13\/100\n|move|p1a: Magearna|Shift Gear|p1a: Magearna\n|-boost|p1a: Magearna|spe|2\n|-boost|p1a: Magearna|atk|1\n|\n|-heal|p1a: Magearna|19\/100|[from] item: Leftovers\n|upkeep\n|turn|25\n|c| Judgieiscool|???\n|\n|t:|1697763763\n|move|p2a: Tauros|Aqua Jet|p1a: Magearna\n|-supereffective|p1a: Magearna\n|-damage|p1a: Magearna|0 fnt\n|faint|p1a: Magearna\n|\n|win|mklgd\n|j| Willish6634\n|c|\u2606mklgd|gg!\n|c|\u2606mklgd|onto game 2\n|c|\u2606Electricratman|Gg\n|c| Willish6634|\ud83d\udd25\n|l|\u2606mklgd\n|c| Willish6634|I think\n|l| Lillyrosethedemon\n","uploadtime":1697763769,"views":26,"p1id":"electricratman","p2id":"mklgd","formatid":"gen9ubers","rating":0,"private":0,"password":""}