{"id":"gen9ubers-1973161208","p1":"Spectra Sovereign","p2":"nujra47","format":"[Gen 9] Ubers","log":"|j|\u2606Spectra Sovereign\n|j|\u2606nujra47\n|t:|1697934409\n|gametype|singles\n|player|p1|Spectra Sovereign|shadowtriad|1080\n|player|p2|nujra47|265|1129\n|teamsize|p1|6\n|teamsize|p2|6\n|gen|9\n|tier|[Gen 9] Ubers\n|rated|\n|rule|Sleep Clause Mod: Limit one foe put to sleep\n|rule|Species Clause: Limit one of each Pok\u00e9mon\n|rule|OHKO Clause: OHKO moves are banned\n|rule|Evasion Items Clause: Evasion items are banned\n|rule|Evasion Moves Clause: Evasion moves are banned\n|rule|Endless Battle Clause: Forcing endless battles is banned\n|rule|HP Percentage Mod: HP is shown in percentages\n|clearpoke\n|poke|p1|Mimikyu, F|\n|poke|p1|Corviknight, M|\n|poke|p1|Dondozo, M|\n|poke|p1|Dragapult, F|\n|poke|p1|Koraidon|\n|poke|p1|Gholdengo|\n|poke|p2|Ditto|\n|poke|p2|Zacian-*|\n|poke|p2|Espathra, F|\n|poke|p2|Regieleki|\n|poke|p2|Tyranitar, M|\n|poke|p2|Orthworm, M|\n|teampreview\n|\n|t:|1697934428\n|start\n|switch|p1a: Mimikyu|Mimikyu, F, shiny|100\/100\n|switch|p2a: Zacian|Zacian-Crowned, shiny|100\/100\n|-ability|p2a: Zacian|Intrepid Sword|boost\n|-boost|p2a: Zacian|atk|1\n|turn|1\n|\n|t:|1697934447\n|switch|p2a: Orthworm|Orthworm, M, shiny|100\/100\n|move|p1a: Mimikyu|Swords Dance|p1a: Mimikyu\n|-boost|p1a: Mimikyu|atk|2\n|\n|upkeep\n|turn|2\n|\n|t:|1697934460\n|move|p1a: Mimikyu|Swords Dance|p1a: Mimikyu\n|-boost|p1a: Mimikyu|atk|2\n|move|p2a: Orthworm|Iron Head|p1a: Mimikyu\n|-activate|p1a: Mimikyu|ability: Disguise\n|-damage|p1a: Mimikyu|100\/100\n|detailschange|p1a: Mimikyu|Mimikyu-Busted, F, shiny\n|-damage|p1a: Mimikyu|88\/100|[from] pokemon: Mimikyu-Busted\n|\n|upkeep\n|turn|3\n|\n|t:|1697934482\n|-terastallize|p1a: Mimikyu|Ghost\n|move|p1a: Mimikyu|Drain Punch|p2a: Orthworm\n|-supereffective|p2a: Orthworm\n|-damage|p2a: Orthworm|15\/100\n|-heal|p1a: Mimikyu|100\/100|[from] drain|[of] p2a: Orthworm\n|move|p2a: Orthworm|Iron Head|p1a: Mimikyu\n|-damage|p1a: Mimikyu|41\/100\n|\n|upkeep\n|turn|4\n|l|\u2606nujra47\n|player|p2|\n|inactive|Battle timer is ON: inactive players will automatically lose when time's up. (requested by Spectra Sovereign)\n|j|\u2606nujra47\n|inactive|nujra47 reconnected and has 140 seconds left.\n|player|p2|nujra47|265\n|\n|t:|1697934548\n|move|p1a: Mimikyu|Drain Punch|p2a: Orthworm\n|-supereffective|p2a: Orthworm\n|-damage|p2a: Orthworm|0 fnt\n|-heal|p1a: Mimikyu|51\/100|[from] drain|[of] p2a: Orthworm\n|faint|p2a: Orthworm\n|\n|upkeep\n|\n|t:|1697934553\n|switch|p2a: Ditto|Ditto, shiny|100\/100\n|-transform|p2a: Ditto|p1a: Mimikyu|[from] ability: Imposter\n|-start|p2a: Ditto|typechange|Ghost\/Fairy|[silent]\n|turn|5\n|\n|t:|1697934567\n|move|p2a: Ditto|Shadow Sneak|p1a: Mimikyu\n|-supereffective|p1a: Mimikyu\n|-crit|p1a: Mimikyu\n|-damage|p1a: Mimikyu|0 fnt\n|faint|p1a: Mimikyu\n|\n|upkeep\n|inactive|Spectra Sovereign has 120 seconds left.\n|\n|t:|1697934593\n|switch|p1a: Dragapult|Dragapult, F, shiny|100\/100\n|turn|6\n|\n|t:|1697934602\n|move|p2a: Ditto|Shadow Sneak|p1a: Dragapult\n|-supereffective|p1a: Dragapult\n|-damage|p1a: Dragapult|0 fnt\n|faint|p1a: Dragapult\n|\n|upkeep\n|inactive|Spectra Sovereign has 120 seconds left.\n|\n|t:|1697934619\n|switch|p1a: Dondozo|Dondozo, M, shiny|100\/100\n|turn|7\n|\n|t:|1697934627\n|move|p2a: Ditto|Shadow Sneak|p1a: Dondozo\n|-damage|p1a: Dondozo|90\/100\n|move|p1a: Dondozo|Yawn|p2a: Ditto\n|-start|p2a: Ditto|move: Yawn|[of] p1a: Dondozo\n|\n|upkeep\n|turn|8\n|\n|t:|1697934635\n|switch|p2a: Regieleki|Regieleki, shiny|100\/100\n|move|p1a: Dondozo|Curse|p1a: Dondozo\n|-unboost|p1a: Dondozo|spe|1\n|-boost|p1a: Dondozo|atk|1\n|-boost|p1a: Dondozo|def|1\n|\n|upkeep\n|turn|9\n|\n|t:|1697934644\n|move|p2a: Regieleki|Substitute|p2a: Regieleki\n|-start|p2a: Regieleki|Substitute\n|-damage|p2a: Regieleki|76\/100\n|move|p1a: Dondozo|Curse|p1a: Dondozo\n|-unboost|p1a: Dondozo|spe|1\n|-boost|p1a: Dondozo|atk|1\n|-boost|p1a: Dondozo|def|1\n|\n|upkeep\n|turn|10\n|\n|t:|1697934659\n|move|p2a: Regieleki|Thunderbolt|p1a: Dondozo\n|-supereffective|p1a: Dondozo\n|-damage|p1a: Dondozo|5\/100\n|-damage|p2a: Regieleki|66\/100|[from] item: Life Orb\n|move|p1a: Dondozo|Earthquake|p2a: Regieleki\n|-supereffective|p2a: Regieleki\n|-end|p2a: Regieleki|Substitute\n|\n|upkeep\n|turn|11\n|inactive|Spectra Sovereign has 120 seconds left.\n|\n|t:|1697934683\n|move|p2a: Regieleki|Thunderbolt|p1a: Dondozo\n|-supereffective|p1a: Dondozo\n|-damage|p1a: Dondozo|0 fnt\n|faint|p1a: Dondozo\n|-damage|p2a: Regieleki|56\/100|[from] item: Life Orb\n|\n|upkeep\n|inactive|Spectra Sovereign has 120 seconds left.\n|\n|t:|1697934705\n|switch|p1a: Gholdengo|Gholdengo|100\/100\n|turn|12\n|\n|t:|1697934725\n|move|p2a: Regieleki|Volt Switch|p1a: Gholdengo\n|-damage|p1a: Gholdengo|61\/100\n|-damage|p2a: Regieleki|46\/100|[from] item: Life Orb\n|\n|t:|1697934728\n|switch|p2a: Tyranitar|Tyranitar, M, shiny|100\/100|[from] Volt Switch\n|-weather|Sandstorm|[from] ability: Sand Stream|[of] p2a: Tyranitar\n|move|p1a: Gholdengo|Thunder Wave|p2a: Tyranitar\n|-status|p2a: Tyranitar|par\n|\n|-weather|Sandstorm|[upkeep]\n|-status|p1a: Gholdengo|brn|[from] item: Flame Orb\n|upkeep\n|turn|13\n|inactive|Spectra Sovereign has 120 seconds left.\n|\n|t:|1697934753\n|move|p1a: Gholdengo|Hex|p2a: Tyranitar\n|-resisted|p2a: Tyranitar\n|-damage|p2a: Tyranitar|92\/100 par\n|move|p2a: Tyranitar|Earthquake|p1a: Gholdengo\n|-supereffective|p1a: Gholdengo\n|-damage|p1a: Gholdengo|11\/100 brn\n|\n|-weather|Sandstorm|[upkeep]\n|-damage|p1a: Gholdengo|5\/100 brn|[from] brn\n|upkeep\n|turn|14\n|\n|t:|1697934763\n|move|p1a: Gholdengo|Recover|p1a: Gholdengo\n|-heal|p1a: Gholdengo|55\/100 brn\n|cant|p2a: Tyranitar|par\n|\n|-weather|Sandstorm|[upkeep]\n|-damage|p1a: Gholdengo|49\/100 brn|[from] brn\n|upkeep\n|turn|15\n|\n|t:|1697934772\n|move|p1a: Gholdengo|Recover|p1a: Gholdengo\n|-heal|p1a: Gholdengo|99\/100 brn\n|move|p2a: Tyranitar|Earthquake|p1a: Gholdengo\n|-supereffective|p1a: Gholdengo\n|-damage|p1a: Gholdengo|52\/100 brn\n|\n|-weather|Sandstorm|[upkeep]\n|-damage|p1a: Gholdengo|46\/100 brn|[from] brn\n|upkeep\n|turn|16\n|\n|t:|1697934784\n|move|p1a: Gholdengo|Recover|p1a: Gholdengo\n|-heal|p1a: Gholdengo|96\/100 brn\n|move|p2a: Tyranitar|Earthquake|p1a: Gholdengo\n|-supereffective|p1a: Gholdengo\n|-damage|p1a: Gholdengo|47\/100 brn\n|\n|-weather|none\n|-damage|p1a: Gholdengo|41\/100 brn|[from] brn\n|upkeep\n|turn|17\n|\n|t:|1697934794\n|move|p1a: Gholdengo|Recover|p1a: Gholdengo\n|-heal|p1a: Gholdengo|91\/100 brn\n|move|p2a: Tyranitar|Crunch|p1a: Gholdengo\n|-supereffective|p1a: Gholdengo\n|-damage|p1a: Gholdengo|35\/100 brn\n|-unboost|p1a: Gholdengo|def|1\n|\n|-damage|p1a: Gholdengo|29\/100 brn|[from] brn\n|upkeep\n|turn|18\n|inactive|Spectra Sovereign has 120 seconds left.\n|\n|t:|1697934805\n|move|p1a: Gholdengo|Recover|p1a: Gholdengo\n|-heal|p1a: Gholdengo|79\/100 brn\n|move|p2a: Tyranitar|Crunch|p1a: Gholdengo\n|-supereffective|p1a: Gholdengo\n|-damage|p1a: Gholdengo|0 fnt\n|faint|p1a: Gholdengo\n|\n|upkeep\n|\n|t:|1697934819\n|switch|p1a: Koraidon|Koraidon|100\/100\n|-weather|SunnyDay|[from] ability: Orichalcum Pulse|[of] p1a: Koraidon\n|-activate|p1a: Koraidon|Orichalcum Pulse|[source]\n|turn|19\n|\n|t:|1697934829\n|move|p1a: Koraidon|Swords Dance|p1a: Koraidon\n|-boost|p1a: Koraidon|atk|2\n|move|p2a: Tyranitar|Earthquake|p1a: Koraidon\n|-damage|p1a: Koraidon|74\/100\n|\n|-weather|SunnyDay|[upkeep]\n|upkeep\n|turn|20\n|inactive|Spectra Sovereign has 120 seconds left.\n|\n|t:|1697934842\n|switch|p2a: Regieleki|Regieleki, shiny|46\/100\n|move|p1a: Koraidon|Swords Dance|p1a: Koraidon\n|-boost|p1a: Koraidon|atk|2\n|\n|-weather|SunnyDay|[upkeep]\n|upkeep\n|turn|21\n|inactive|Spectra Sovereign has 120 seconds left.\n|\n|t:|1697934856\n|move|p2a: Regieleki|Thunderbolt|p1a: Koraidon\n|-resisted|p1a: Koraidon\n|-damage|p1a: Koraidon|42\/100\n|-damage|p2a: Regieleki|36\/100|[from] item: Life Orb\n|move|p1a: Koraidon|Drain Punch|p2a: Regieleki\n|-damage|p2a: Regieleki|0 fnt\n|-heal|p1a: Koraidon|57\/100|[from] drain|[of] p2a: Regieleki\n|faint|p2a: Regieleki\n|\n|-weather|SunnyDay|[upkeep]\n|upkeep\n|\n|t:|1697934861\n|switch|p2a: Ditto|Ditto, shiny|100\/100\n|-transform|p2a: Ditto|p1a: Koraidon|[from] ability: Imposter\n|-activate|p2a: Ditto|ability: Orichalcum Pulse\n|turn|22\n|inactive|Spectra Sovereign has 120 seconds left.\n|\n|t:|1697934880\n|move|p2a: Ditto|Shadow Claw|p1a: Koraidon\n|-damage|p1a: Koraidon|0 fnt\n|faint|p1a: Koraidon\n|\n|-weather|SunnyDay|[upkeep]\n|upkeep\n|\n|t:|1697934897\n|switch|p1a: Corviknight|Corviknight, M, shiny|100\/100\n|turn|23\n|\n|t:|1697934911\n|switch|p2a: Tyranitar|Tyranitar, M, shiny|92\/100 par\n|-weather|Sandstorm|[from] ability: Sand Stream|[of] p2a: Tyranitar\n|move|p1a: Corviknight|Bulk Up|p1a: Corviknight\n|-boost|p1a: Corviknight|atk|1\n|-boost|p1a: Corviknight|def|1\n|\n|-weather|Sandstorm|[upkeep]\n|upkeep\n|turn|24\n|\n|t:|1697934922\n|move|p1a: Corviknight|Bulk Up|p1a: Corviknight\n|-boost|p1a: Corviknight|atk|1\n|-boost|p1a: Corviknight|def|1\n|move|p2a: Tyranitar|Fire Fang|p1a: Corviknight\n|-supereffective|p1a: Corviknight\n|-damage|p1a: Corviknight|84\/100\n|\n|-weather|Sandstorm|[upkeep]\n|upkeep\n|turn|25\n|\n|t:|1697934931\n|move|p1a: Corviknight|Bulk Up|p1a: Corviknight\n|-boost|p1a: Corviknight|atk|1\n|-boost|p1a: Corviknight|def|1\n|move|p2a: Tyranitar|Fire Fang|p1a: Corviknight|[miss]\n|-miss|p2a: Tyranitar|p1a: Corviknight\n|\n|-weather|Sandstorm|[upkeep]\n|upkeep\n|turn|26\n|\n|t:|1697934941\n|move|p1a: Corviknight|Bulk Up|p1a: Corviknight\n|-boost|p1a: Corviknight|atk|1\n|-boost|p1a: Corviknight|def|1\n|move|p2a: Tyranitar|Stone Edge|p1a: Corviknight\n|-damage|p1a: Corviknight|72\/100\n|\n|-weather|Sandstorm|[upkeep]\n|upkeep\n|turn|27\n|\n|t:|1697934950\n|move|p1a: Corviknight|Bulk Up|p1a: Corviknight\n|-boost|p1a: Corviknight|atk|1\n|-boost|p1a: Corviknight|def|1\n|cant|p2a: Tyranitar|par\n|\n|-weather|none\n|upkeep\n|turn|28\n|inactive|Spectra Sovereign has 120 seconds left.\n|\n|t:|1697934959\n|move|p1a: Corviknight|Bulk Up|p1a: Corviknight\n|-boost|p1a: Corviknight|atk|1\n|-boost|p1a: Corviknight|def|1\n|move|p2a: Tyranitar|Fire Fang|p1a: Corviknight\n|-supereffective|p1a: Corviknight\n|-damage|p1a: Corviknight|64\/100\n|\n|upkeep\n|turn|29\n|\n|t:|1697934967\n|move|p1a: Corviknight|Bulk Up|p1a: Corviknight\n|-boost|p1a: Corviknight|atk|0\n|-boost|p1a: Corviknight|def|0\n|move|p2a: Tyranitar|Fire Fang|p1a: Corviknight\n|-supereffective|p1a: Corviknight\n|-damage|p1a: Corviknight|55\/100\n|\n|upkeep\n|turn|30\n|\n|t:|1697934976\n|move|p1a: Corviknight|Bulk Up|p1a: Corviknight\n|-boost|p1a: Corviknight|atk|0\n|-boost|p1a: Corviknight|def|0\n|move|p2a: Tyranitar|Fire Fang|p1a: Corviknight\n|-supereffective|p1a: Corviknight\n|-damage|p1a: Corviknight|48\/100\n|\n|upkeep\n|turn|31\n|\n|t:|1697934984\n|move|p1a: Corviknight|Roost|p1a: Corviknight\n|-heal|p1a: Corviknight|98\/100\n|-singleturn|p1a: Corviknight|move: Roost\n|move|p2a: Tyranitar|Fire Fang|p1a: Corviknight\n|-supereffective|p1a: Corviknight\n|-damage|p1a: Corviknight|89\/100\n|\n|upkeep\n|turn|32\n|\n|t:|1697934995\n|move|p1a: Corviknight|Body Press|p2a: Tyranitar\n|-supereffective|p2a: Tyranitar\n|-damage|p2a: Tyranitar|0 fnt\n|faint|p2a: Tyranitar\n|\n|upkeep\n|\n|t:|1697935019\n|switch|p2a: Espathra|Espathra, F, shiny|100\/100\n|turn|33\n|\n|t:|1697935031\n|move|p2a: Espathra|Night Shade|p1a: Corviknight\n|-damage|p1a: Corviknight|64\/100\n|-damage|p2a: Espathra|91\/100|[from] item: Life Orb\n|move|p1a: Corviknight|Iron Head|p2a: Espathra\n|-damage|p2a: Espathra|0 fnt\n|faint|p2a: Espathra\n|\n|upkeep\n|\n|t:|1697935035\n|switch|p2a: Ditto|Ditto, shiny|100\/100\n|-transform|p2a: Ditto|p1a: Corviknight|[from] ability: Imposter\n|turn|34\n|\n|t:|1697935046\n|move|p2a: Ditto|Body Press|p1a: Corviknight\n|-damage|p1a: Corviknight|49\/100\n|move|p1a: Corviknight|Body Press|p2a: Ditto\n|-damage|p2a: Ditto|80\/100\n|\n|upkeep\n|turn|35\n|\n|t:|1697935068\n|move|p2a: Ditto|Body Press|p1a: Corviknight\n|-damage|p1a: Corviknight|33\/100\n|move|p1a: Corviknight|Roost|p1a: Corviknight\n|-heal|p1a: Corviknight|83\/100\n|-singleturn|p1a: Corviknight|move: Roost\n|\n|upkeep\n|turn|36\n|\n|t:|1697935088\n|switch|p2a: Zacian|Zacian-Crowned, shiny|100\/100\n|move|p1a: Corviknight|Body Press|p2a: Zacian\n|-damage|p2a: Zacian|33\/100\n|\n|upkeep\n|turn|37\n|\n|t:|1697935101\n|move|p2a: Zacian|Sacred Sword|p1a: Corviknight\n|-damage|p1a: Corviknight|56\/100\n|move|p1a: Corviknight|Body Press|p2a: Zacian\n|-damage|p2a: Zacian|0 fnt\n|faint|p2a: Zacian\n|\n|upkeep\n|\n|t:|1697935105\n|switch|p2a: Ditto|Ditto, shiny|80\/100\n|-transform|p2a: Ditto|p1a: Corviknight|[from] ability: Imposter\n|turn|38\n|\n|t:|1697935114\n|move|p2a: Ditto|Body Press|p1a: Corviknight\n|-damage|p1a: Corviknight|39\/100\n|move|p1a: Corviknight|Roost|p1a: Corviknight\n|-heal|p1a: Corviknight|89\/100\n|-singleturn|p1a: Corviknight|move: Roost\n|\n|upkeep\n|turn|39\n|-message|nujra47 forfeited.\n|\n|win|Spectra Sovereign\n|raw|Spectra Sovereign's rating: 1080 &rarr; <strong>1112<\/strong><br \/>(+32 for winning)\n|raw|nujra47's rating: 1129 &rarr; <strong>1100<\/strong><br \/>(-29 for losing)\n|l|\u2606nujra47\n","uploadtime":1697935156,"views":9,"p1id":"spectrasovereign","p2id":"nujra47","formatid":"gen9ubers","rating":1100,"private":0,"password":""}