{"id":"gen9ubers-2000614436","p1":"LITLE0","p2":"Guzztylega","format":"[Gen 9] Ubers","log":"|j|\u2606LITLE0\n|j|\u2606Guzztylega\n|t:|1701210683\n|gametype|singles\n|player|p1|LITLE0|brock|1185\n|player|p2|Guzztylega|265|1048\n|teamsize|p1|6\n|teamsize|p2|6\n|gen|9\n|tier|[Gen 9] Ubers\n|rated|\n|rule|Sleep Clause Mod: Limit one foe put to sleep\n|rule|Species Clause: Limit one of each Pok\u00e9mon\n|rule|OHKO Clause: OHKO moves are banned\n|rule|Evasion Items Clause: Evasion items are banned\n|rule|Evasion Moves Clause: Evasion moves are banned\n|rule|Endless Battle Clause: Forcing endless battles is banned\n|rule|HP Percentage Mod: HP is shown in percentages\n|clearpoke\n|poke|p1|Baxcalibur, M|\n|poke|p1|Corviknight, M|\n|poke|p1|Clodsire, M|\n|poke|p1|Ninetales-Alola, F|\n|poke|p1|Palafin, M|\n|poke|p1|Sinistcha|\n|poke|p2|Volcarona, M|\n|poke|p2|Koraidon|\n|poke|p2|Groudon|\n|poke|p2|Landorus-Therian, M|\n|poke|p2|Arceus-Fairy|\n|poke|p2|Eternatus|\n|teampreview\n|inactive|Battle timer is ON: inactive players will automatically lose when time's up. (requested by LITLE0)\n|\n|t:|1701210732\n|start\n|switch|p1a: Palafin|Palafin, M|100\/100\n|switch|p2a: Landorus|Landorus-Therian, M|100\/100\n|-ability|p2a: Landorus|Intimidate|boost\n|-unboost|p1a: Palafin|atk|1\n|turn|1\n|\n|t:|1701210740\n|-terastallize|p2a: Landorus|Grass\n|move|p1a: Palafin|Flip Turn|p2a: Landorus\n|-resisted|p2a: Landorus\n|-damage|p2a: Landorus|92\/100\n|-damage|p1a: Palafin|84\/100|[from] item: Rocky Helmet|[of] p2a: Landorus\n|\n|t:|1701210748\n|detailschange|p1a: Palafin|Palafin-Hero, M\n|switch|p1a: Sinistcha|Sinistcha|100\/100|[from] Flip Turn\n|move|p2a: Landorus|Stealth Rock|p1a: Sinistcha\n|-sidestart|p1: LITLE0|move: Stealth Rock\n|\n|upkeep\n|turn|2\n|\n|t:|1701210757\n|move|p1a: Sinistcha|Strength Sap|p2a: Landorus\n|-unboost|p2a: Landorus|atk|1\n|move|p2a: Landorus|Taunt|p1a: Sinistcha\n|-start|p1a: Sinistcha|move: Taunt\n|\n|upkeep\n|turn|3\n|\n|t:|1701210767\n|move|p1a: Sinistcha|Hex|p2a: Landorus\n|-damage|p2a: Landorus|59\/100\n|move|p2a: Landorus|Earth Power|p1a: Sinistcha\n|-resisted|p1a: Sinistcha\n|-damage|p1a: Sinistcha|75\/100\n|\n|upkeep\n|turn|4\n|\n|t:|1701210775\n|switch|p2a: Koraidon|Koraidon|100\/100\n|-weather|SunnyDay|[from] ability: Orichalcum Pulse|[of] p2a: Koraidon\n|-activate|p2a: Koraidon|Orichalcum Pulse|[source]\n|move|p1a: Sinistcha|Matcha Gotcha|p2a: Koraidon|[miss]\n|-miss|p1a: Sinistcha|p2a: Koraidon\n|\n|-weather|SunnyDay|[upkeep]\n|upkeep\n|turn|5\n|\n|t:|1701210799\n|switch|p1a: Ninetales|Ninetales-Alola, F|100\/100\n|-damage|p1a: Ninetales|76\/100|[from] Stealth Rock\n|-weather|Snow|[from] ability: Snow Warning|[of] p1a: Ninetales\n|move|p2a: Koraidon|Flare Blitz|p1a: Ninetales\n|-supereffective|p1a: Ninetales\n|-damage|p1a: Ninetales|0 fnt\n|faint|p1a: Ninetales\n|-damage|p2a: Koraidon|80\/100|[from] Recoil\n|\n|-weather|Snow|[upkeep]\n|upkeep\n|inactive|LITLE0 has 120 seconds left.\n|\n|t:|1701210814\n|switch|p1a: Palafin|Palafin-Hero, M|84\/100\n|-damage|p1a: Palafin|72\/100|[from] Stealth Rock\n|-activate|p1a: Palafin|ability: Zero to Hero\n|turn|6\n|\n|t:|1701210832\n|switch|p2a: Landorus|Landorus-Therian, M, tera:Grass|59\/100\n|-ability|p2a: Landorus|Intimidate|boost\n|-unboost|p1a: Palafin|atk|1\n|move|p1a: Palafin|Close Combat|p2a: Landorus\n|-damage|p2a: Landorus|19\/100\n|-unboost|p1a: Palafin|def|1\n|-unboost|p1a: Palafin|spd|1\n|-damage|p1a: Palafin|55\/100|[from] item: Rocky Helmet|[of] p2a: Landorus\n|\n|-weather|Snow|[upkeep]\n|upkeep\n|turn|7\n|inactive|LITLE0 has 120 seconds left.\n|\n|t:|1701210855\n|switch|p1a: Baxcalibur|Baxcalibur, M|100\/100\n|-damage|p1a: Baxcalibur|76\/100|[from] Stealth Rock\n|move|p2a: Landorus|Grass Knot|p1a: Baxcalibur\n|-resisted|p1a: Baxcalibur\n|-damage|p1a: Baxcalibur|52\/100\n|\n|-weather|Snow|[upkeep]\n|upkeep\n|turn|8\n|inactive|LITLE0 has 120 seconds left.\n|\n|t:|1701210871\n|move|p1a: Baxcalibur|Scale Shot|p2a: Landorus\n|-damage|p2a: Landorus|9\/100\n|-damage|p2a: Landorus|0 fnt\n|faint|p2a: Landorus\n|-hitcount|p2: Landorus|2\n|-unboost|p1a: Baxcalibur|def|1\n|-boost|p1a: Baxcalibur|spe|1\n|\n|-weather|Snow|[upkeep]\n|upkeep\n|inactive|Guzztylega has 120 seconds left.\n|\n|t:|1701210884\n|switch|p2a: Arceus|Arceus-Fairy|100\/100\n|turn|9\n|\n|t:|1701210893\n|switch|p1a: Corviknight|Corviknight, M|100\/100\n|-damage|p1a: Corviknight|88\/100|[from] Stealth Rock\n|move|p2a: Arceus|Calm Mind|p2a: Arceus\n|-boost|p2a: Arceus|spa|1\n|-boost|p2a: Arceus|spd|1\n|\n|-weather|none\n|-heal|p1a: Corviknight|94\/100|[from] item: Leftovers\n|upkeep\n|turn|10\n|\n|t:|1701210905\n|move|p2a: Arceus|Calm Mind|p2a: Arceus\n|-boost|p2a: Arceus|spa|1\n|-boost|p2a: Arceus|spd|1\n|move|p1a: Corviknight|Defog|p2a: Arceus\n|-unboost|p2a: Arceus|evasion|1\n|-sideend|p1: LITLE0|Stealth Rock|[from] move: Defog|[of] p1a: Corviknight\n|\n|-heal|p1a: Corviknight|100\/100|[from] item: Leftovers\n|upkeep\n|turn|11\n|\n|t:|1701210915\n|switch|p1a: Clodsire|Clodsire, M|100\/100\n|move|p2a: Arceus|Judgment|p1a: Clodsire\n|-resisted|p1a: Clodsire\n|-damage|p1a: Clodsire|87\/100\n|\n|-heal|p1a: Clodsire|93\/100|[from] item: Leftovers\n|upkeep\n|turn|12\n|inactive|Guzztylega has 120 seconds left.\n|\n|t:|1701210945\n|switch|p2a: Groudon|Groudon|100\/100\n|-weather|SunnyDay|[from] ability: Drought|[of] p2a: Groudon\n|move|p1a: Clodsire|Toxic|p2a: Groudon\n|-status|p2a: Groudon|tox\n|\n|-weather|SunnyDay|[upkeep]\n|-heal|p1a: Clodsire|99\/100|[from] item: Leftovers\n|-damage|p2a: Groudon|94\/100 tox|[from] psn\n|upkeep\n|turn|13\n|inactive|Guzztylega has 120 seconds left.\n|\n|t:|1701210974\n|switch|p1a: Corviknight|Corviknight, M|100\/100\n|move|p2a: Groudon|Spikes|p1a: Corviknight\n|-sidestart|p1: LITLE0|Spikes\n|\n|-weather|SunnyDay|[upkeep]\n|-heal|p2a: Groudon|100\/100 tox|[from] item: Leftovers\n|-damage|p2a: Groudon|88\/100 tox|[from] psn\n|upkeep\n|turn|14\n|\n|t:|1701210983\n|move|p2a: Groudon|Spikes|p1a: Corviknight\n|-sidestart|p1: LITLE0|Spikes\n|move|p1a: Corviknight|Defog|p2a: Groudon\n|-unboost|p2a: Groudon|evasion|1\n|-sideend|p1: LITLE0|Spikes|[from] move: Defog|[of] p1a: Corviknight\n|\n|-weather|SunnyDay|[upkeep]\n|-heal|p2a: Groudon|94\/100 tox|[from] item: Leftovers\n|-damage|p2a: Groudon|76\/100 tox|[from] psn\n|upkeep\n|turn|15\n|\n|t:|1701210994\n|move|p2a: Groudon|Lava Plume|p1a: Corviknight\n|-supereffective|p1a: Corviknight\n|-damage|p1a: Corviknight|50\/100\n|move|p1a: Corviknight|Defog|p2a: Groudon\n|-unboost|p2a: Groudon|evasion|1\n|\n|-weather|SunnyDay|[upkeep]\n|-heal|p2a: Groudon|82\/100 tox|[from] item: Leftovers\n|-heal|p1a: Corviknight|57\/100|[from] item: Leftovers\n|-damage|p2a: Groudon|57\/100 tox|[from] psn\n|upkeep\n|turn|16\n|\n|t:|1701211007\n|switch|p1a: Palafin|Palafin-Hero, M|55\/100\n|move|p2a: Groudon|Lava Plume|p1a: Palafin\n|-resisted|p1a: Palafin\n|-damage|p1a: Palafin|40\/100\n|\n|-weather|none\n|-heal|p2a: Groudon|63\/100 tox|[from] item: Leftovers\n|-damage|p2a: Groudon|32\/100 tox|[from] psn\n|upkeep\n|turn|17\n|\n|t:|1701211024\n|switch|p2a: Eternatus|Eternatus|100\/100\n|-ability|p2a: Eternatus|Pressure\n|move|p1a: Palafin|Jet Punch|p2a: Eternatus\n|-resisted|p2a: Eternatus\n|-damage|p2a: Eternatus|77\/100\n|\n|upkeep\n|turn|18\n|\n|t:|1701211034\n|switch|p1a: Corviknight|Corviknight, M|57\/100\n|move|p2a: Eternatus|Toxic|p1a: Corviknight\n|-immune|p1a: Corviknight\n|\n|-heal|p1a: Corviknight|63\/100|[from] item: Leftovers\n|upkeep\n|turn|19\n|\n|t:|1701211044\n|move|p2a: Eternatus|Flamethrower|p1a: Corviknight\n|-supereffective|p1a: Corviknight\n|-damage|p1a: Corviknight|8\/100\n|move|p1a: Corviknight|Roost|p1a: Corviknight\n|-heal|p1a: Corviknight|57\/100\n|-singleturn|p1a: Corviknight|move: Roost\n|\n|-heal|p1a: Corviknight|64\/100|[from] item: Leftovers\n|upkeep\n|turn|20\n|\n|t:|1701211052\n|switch|p1a: Clodsire|Clodsire, M|99\/100\n|move|p2a: Eternatus|Flamethrower|p1a: Clodsire\n|-damage|p1a: Clodsire|85\/100\n|\n|-heal|p1a: Clodsire|92\/100|[from] item: Leftovers\n|upkeep\n|turn|21\n|\n|t:|1701211063\n|move|p2a: Eternatus|Dynamax Cannon|p1a: Clodsire\n|-damage|p1a: Clodsire|67\/100\n|move|p1a: Clodsire|Earthquake|p2a: Eternatus\n|-supereffective|p2a: Eternatus\n|-damage|p2a: Eternatus|32\/100\n|\n|-heal|p1a: Clodsire|73\/100|[from] item: Leftovers\n|upkeep\n|turn|22\n|\n|t:|1701211075\n|move|p2a: Eternatus|Recover|p2a: Eternatus\n|-heal|p2a: Eternatus|83\/100\n|move|p1a: Clodsire|Earthquake|p2a: Eternatus\n|-supereffective|p2a: Eternatus\n|-damage|p2a: Eternatus|38\/100\n|\n|-heal|p1a: Clodsire|79\/100|[from] item: Leftovers\n|upkeep\n|turn|23\n|\n|t:|1701211084\n|move|p2a: Eternatus|Recover|p2a: Eternatus\n|-heal|p2a: Eternatus|88\/100\n|move|p1a: Clodsire|Earthquake|p2a: Eternatus\n|-supereffective|p2a: Eternatus\n|-crit|p2a: Eternatus\n|-damage|p2a: Eternatus|24\/100\n|\n|-heal|p1a: Clodsire|86\/100|[from] item: Leftovers\n|upkeep\n|turn|24\n|\n|t:|1701211100\n|switch|p2a: Arceus|Arceus-Fairy|100\/100\n|move|p1a: Clodsire|Earthquake|p2a: Arceus\n|-damage|p2a: Arceus|83\/100\n|\n|-heal|p1a: Clodsire|92\/100|[from] item: Leftovers\n|upkeep\n|turn|25\n|\n|t:|1701211108\n|move|p2a: Arceus|Calm Mind|p2a: Arceus\n|-boost|p2a: Arceus|spa|1\n|-boost|p2a: Arceus|spd|1\n|move|p1a: Clodsire|Toxic|p2a: Arceus\n|-status|p2a: Arceus|tox\n|\n|-heal|p1a: Clodsire|98\/100|[from] item: Leftovers\n|-damage|p2a: Arceus|77\/100 tox|[from] psn\n|upkeep\n|turn|26\n|\n|t:|1701211116\n|move|p2a: Arceus|Calm Mind|p2a: Arceus\n|-boost|p2a: Arceus|spa|1\n|-boost|p2a: Arceus|spd|1\n|move|p1a: Clodsire|Haze|p1a: Clodsire\n|-clearallboost\n|\n|-heal|p1a: Clodsire|100\/100|[from] item: Leftovers\n|-damage|p2a: Arceus|65\/100 tox|[from] psn\n|upkeep\n|turn|27\n|\n|t:|1701211134\n|switch|p2a: Volcarona|Volcarona, M|100\/100\n|move|p1a: Clodsire|Earthquake|p2a: Volcarona\n|-damage|p2a: Volcarona|66\/100\n|\n|upkeep\n|turn|28\n|\n|t:|1701211146\n|move|p2a: Volcarona|Quiver Dance|p2a: Volcarona\n|-boost|p2a: Volcarona|spa|1\n|-boost|p2a: Volcarona|spd|1\n|-boost|p2a: Volcarona|spe|1\n|move|p1a: Clodsire|Toxic|p2a: Volcarona\n|-status|p2a: Volcarona|tox\n|\n|-damage|p2a: Volcarona|60\/100 tox|[from] psn\n|upkeep\n|turn|29\n|\n|t:|1701211155\n|move|p2a: Volcarona|Psychic|p1a: Clodsire\n|-supereffective|p1a: Clodsire\n|-damage|p1a: Clodsire|64\/100\n|move|p1a: Clodsire|Haze|p1a: Clodsire\n|-clearallboost\n|\n|-heal|p1a: Clodsire|71\/100|[from] item: Leftovers\n|-damage|p2a: Volcarona|47\/100 tox|[from] psn\n|upkeep\n|turn|30\n|\n|t:|1701211166\n|move|p2a: Volcarona|Psychic|p1a: Clodsire\n|-supereffective|p1a: Clodsire\n|-damage|p1a: Clodsire|40\/100\n|move|p1a: Clodsire|Recover|p1a: Clodsire\n|-heal|p1a: Clodsire|90\/100\n|\n|-heal|p1a: Clodsire|96\/100|[from] item: Leftovers\n|-damage|p2a: Volcarona|29\/100 tox|[from] psn\n|upkeep\n|turn|31\n|\n|t:|1701211195\n|switch|p2a: Groudon|Groudon|32\/100 tox\n|-weather|SunnyDay|[from] ability: Drought|[of] p2a: Groudon\n|move|p1a: Clodsire|Earthquake|p2a: Groudon\n|-damage|p2a: Groudon|15\/100 tox\n|\n|-weather|SunnyDay|[upkeep]\n|-heal|p2a: Groudon|21\/100 tox|[from] item: Leftovers\n|-heal|p1a: Clodsire|100\/100|[from] item: Leftovers\n|-damage|p2a: Groudon|15\/100 tox|[from] psn\n|upkeep\n|turn|32\n|\n|t:|1701211208\n|move|p2a: Groudon|Protect|p2a: Groudon\n|-singleturn|p2a: Groudon|Protect\n|move|p1a: Clodsire|Earthquake|p2a: Groudon\n|-activate|p2a: Groudon|move: Protect\n|\n|-weather|SunnyDay|[upkeep]\n|-heal|p2a: Groudon|21\/100 tox|[from] item: Leftovers\n|-damage|p2a: Groudon|9\/100 tox|[from] psn\n|upkeep\n|turn|33\n|\n|t:|1701211220\n|move|p2a: Groudon|Spikes|p1a: Clodsire\n|-sidestart|p1: LITLE0|Spikes\n|move|p1a: Clodsire|Earthquake|p2a: Groudon\n|-damage|p2a: Groudon|0 fnt\n|faint|p2a: Groudon\n|\n|-weather|SunnyDay|[upkeep]\n|upkeep\n|inactive|Guzztylega has 120 seconds left.\n|\n|t:|1701211232\n|switch|p2a: Eternatus|Eternatus|24\/100\n|-ability|p2a: Eternatus|Pressure\n|turn|34\n|\n|t:|1701211237\n|move|p2a: Eternatus|Recover|p2a: Eternatus\n|-heal|p2a: Eternatus|74\/100\n|move|p1a: Clodsire|Earthquake|p2a: Eternatus\n|-supereffective|p2a: Eternatus\n|-damage|p2a: Eternatus|32\/100\n|\n|-weather|SunnyDay|[upkeep]\n|upkeep\n|turn|35\n|\n|t:|1701211257\n|switch|p1a: Baxcalibur|Baxcalibur, M|52\/100\n|-damage|p1a: Baxcalibur|39\/100|[from] Spikes\n|move|p2a: Eternatus|Recover|p2a: Eternatus\n|-heal|p2a: Eternatus|82\/100\n|\n|-weather|none\n|upkeep\n|turn|36\n|\n|t:|1701211285\n|move|p2a: Eternatus|Flamethrower|p1a: Baxcalibur\n|-damage|p1a: Baxcalibur|9\/100\n|-ability|p1a: Baxcalibur|Thermal Exchange|boost\n|-boost|p1a: Baxcalibur|atk|1\n|move|p1a: Baxcalibur|Scale Shot|p2a: Eternatus\n|-supereffective|p2a: Eternatus\n|-damage|p2a: Eternatus|46\/100\n|-supereffective|p2a: Eternatus\n|-damage|p2a: Eternatus|12\/100\n|-supereffective|p2a: Eternatus\n|-damage|p2a: Eternatus|0 fnt\n|faint|p2a: Eternatus\n|-hitcount|p2: Eternatus|3\n|-unboost|p1a: Baxcalibur|def|1\n|-boost|p1a: Baxcalibur|spe|1\n|\n|upkeep\n|inactive|Guzztylega has 120 seconds left.\n|\n|t:|1701211301\n|switch|p2a: Koraidon|Koraidon|80\/100\n|-weather|SunnyDay|[from] ability: Orichalcum Pulse|[of] p2a: Koraidon\n|-activate|p2a: Koraidon|Orichalcum Pulse|[source]\n|turn|37\n|inactive|Guzztylega has 120 seconds left.\n|\n|t:|1701211313\n|move|p2a: Koraidon|U-turn|p1a: Baxcalibur\n|-damage|p1a: Baxcalibur|0 fnt\n|faint|p1a: Baxcalibur\n|\n|t:|1701211324\n|switch|p2a: Volcarona|Volcarona, M|29\/100 tox|[from] U-turn\n|\n|-weather|SunnyDay|[upkeep]\n|-damage|p2a: Volcarona|23\/100 tox|[from] psn\n|upkeep\n|\n|t:|1701211331\n|switch|p1a: Palafin|Palafin-Hero, M|40\/100\n|-damage|p1a: Palafin|28\/100|[from] Spikes\n|turn|38\n|inactive|Guzztylega has 120 seconds left.\n|\n|t:|1701211344\n|move|p1a: Palafin|Jet Punch|p2a: Volcarona\n|-supereffective|p2a: Volcarona\n|-damage|p2a: Volcarona|0 fnt\n|-status|p1a: Palafin|brn|[from] ability: Flame Body|[of] p2a: Volcarona\n|faint|p2a: Volcarona\n|\n|-weather|SunnyDay|[upkeep]\n|-damage|p1a: Palafin|22\/100 brn|[from] brn\n|upkeep\n|\n|t:|1701211354\n|switch|p2a: Koraidon|Koraidon|80\/100\n|-activate|p2a: Koraidon|ability: Orichalcum Pulse\n|turn|39\n|\n|t:|1701211359\n|move|p1a: Palafin|Jet Punch|p2a: Koraidon\n|-resisted|p2a: Koraidon\n|-damage|p2a: Koraidon|73\/100\n|move|p2a: Koraidon|U-turn|p1a: Palafin\n|-damage|p1a: Palafin|0 fnt\n|faint|p1a: Palafin\n|\n|t:|1701211365\n|switch|p2a: Arceus|Arceus-Fairy|65\/100 tox|[from] U-turn\n|\n|-weather|SunnyDay|[upkeep]\n|-damage|p2a: Arceus|59\/100 tox|[from] psn\n|upkeep\n|\n|t:|1701211387\n|switch|p1a: Clodsire|Clodsire, M|100\/100\n|-damage|p1a: Clodsire|88\/100|[from] Spikes\n|turn|40\n|\n|t:|1701211397\n|move|p2a: Arceus|Judgment|p1a: Clodsire\n|-resisted|p1a: Clodsire\n|-damage|p1a: Clodsire|75\/100\n|move|p1a: Clodsire|Earthquake|p2a: Arceus\n|-damage|p2a: Arceus|41\/100 tox\n|\n|-weather|SunnyDay|[upkeep]\n|-heal|p1a: Clodsire|81\/100|[from] item: Leftovers\n|-damage|p2a: Arceus|29\/100 tox|[from] psn\n|upkeep\n|turn|41\n|\n|t:|1701211407\n|move|p2a: Arceus|Recover|p2a: Arceus\n|-heal|p2a: Arceus|79\/100 tox\n|move|p1a: Clodsire|Earthquake|p2a: Arceus\n|-damage|p2a: Arceus|62\/100 tox\n|\n|-weather|none\n|-heal|p1a: Clodsire|87\/100|[from] item: Leftovers\n|-damage|p2a: Arceus|44\/100 tox|[from] psn\n|upkeep\n|turn|42\n|\n|t:|1701211415\n|move|p2a: Arceus|Recover|p2a: Arceus\n|-heal|p2a: Arceus|94\/100 tox\n|move|p1a: Clodsire|Earthquake|p2a: Arceus\n|-crit|p2a: Arceus\n|-damage|p2a: Arceus|69\/100 tox\n|\n|-heal|p1a: Clodsire|94\/100|[from] item: Leftovers\n|-damage|p2a: Arceus|44\/100 tox|[from] psn\n|upkeep\n|turn|43\n|\n|t:|1701211429\n|move|p2a: Arceus|Recover|p2a: Arceus\n|-heal|p2a: Arceus|94\/100 tox\n|move|p1a: Clodsire|Haze|p1a: Clodsire\n|-clearallboost\n|\n|-heal|p1a: Clodsire|99\/100|[from] item: Leftovers\n|-damage|p2a: Arceus|64\/100 tox|[from] psn\n|upkeep\n|turn|44\n|\n|t:|1701211438\n|switch|p1a: Corviknight|Corviknight, M|64\/100\n|move|p2a: Arceus|Judgment|p1a: Corviknight\n|-resisted|p1a: Corviknight\n|-damage|p1a: Corviknight|40\/100\n|\n|-heal|p1a: Corviknight|47\/100|[from] item: Leftovers\n|-damage|p2a: Arceus|27\/100 tox|[from] psn\n|upkeep\n|turn|45\n|\n|t:|1701211448\n|move|p2a: Arceus|Recover|p2a: Arceus\n|-heal|p2a: Arceus|77\/100 tox\n|move|p1a: Corviknight|Roost|p1a: Corviknight\n|-heal|p1a: Corviknight|97\/100\n|-singleturn|p1a: Corviknight|move: Roost\n|\n|-heal|p1a: Corviknight|100\/100|[from] item: Leftovers\n|-damage|p2a: Arceus|35\/100 tox|[from] psn\n|upkeep\n|turn|46\n|\n|t:|1701211459\n|move|p2a: Arceus|Recover|p2a: Arceus\n|-heal|p2a: Arceus|85\/100 tox\n|move|p1a: Corviknight|Defog|p2a: Arceus\n|-unboost|p2a: Arceus|evasion|1\n|-sideend|p1: LITLE0|Spikes|[from] move: Defog|[of] p1a: Corviknight\n|\n|-damage|p2a: Arceus|36\/100 tox|[from] psn\n|upkeep\n|turn|47\n|\n|t:|1701211470\n|move|p2a: Arceus|Judgment|p1a: Corviknight\n|-resisted|p1a: Corviknight\n|-damage|p1a: Corviknight|77\/100\n|move|p1a: Corviknight|U-turn|p2a: Arceus\n|-resisted|p2a: Arceus\n|-damage|p2a: Arceus|32\/100 tox\n|\n|t:|1701211484\n|switch|p1a: Sinistcha|Sinistcha|75\/100|[from] U-turn\n|\n|-damage|p2a: Arceus|0 fnt|[from] psn\n|faint|p2a: Arceus\n|upkeep\n|\n|t:|1701211490\n|switch|p2a: Koraidon|Koraidon|73\/100\n|-weather|SunnyDay|[from] ability: Orichalcum Pulse|[of] p2a: Koraidon\n|-activate|p2a: Koraidon|Orichalcum Pulse|[source]\n|turn|48\n|\n|t:|1701211500\n|move|p2a: Koraidon|Flare Blitz|p1a: Sinistcha\n|-supereffective|p1a: Sinistcha\n|-damage|p1a: Sinistcha|0 fnt\n|faint|p1a: Sinistcha\n|-damage|p2a: Koraidon|52\/100|[from] Recoil\n|\n|-weather|SunnyDay|[upkeep]\n|upkeep\n|\n|t:|1701211507\n|switch|p1a: Clodsire|Clodsire, M|99\/100\n|turn|49\n|\n|t:|1701211513\n|move|p2a: Koraidon|Flare Blitz|p1a: Clodsire\n|-damage|p1a: Clodsire|1\/100\n|-damage|p2a: Koraidon|8\/100|[from] Recoil\n|move|p1a: Clodsire|Toxic|p2a: Koraidon\n|-status|p2a: Koraidon|tox\n|\n|-weather|SunnyDay|[upkeep]\n|-heal|p1a: Clodsire|7\/100|[from] item: Leftovers\n|-damage|p2a: Koraidon|2\/100 tox|[from] psn\n|upkeep\n|turn|50\n|\n|t:|1701211522\n|move|p2a: Koraidon|Flare Blitz|p1a: Clodsire\n|-damage|p1a: Clodsire|0 fnt\n|faint|p1a: Clodsire\n|-damage|p2a: Koraidon|0 fnt|[from] Recoil\n|faint|p2a: Koraidon\n|\n|win|LITLE0\n|raw|LITLE0's rating: 1185 &rarr; <strong>1201<\/strong><br \/>(+16 for winning)\n|raw|Guzztylega's rating: 1048 &rarr; <strong>1037<\/strong><br \/>(-11 for losing)\n","uploadtime":1701211530,"views":1,"p1id":"litle0","p2id":"guzztylega","formatid":"gen9ubers","rating":1037,"private":0,"password":""}