{"id":"gen9ubers-1967945746","p1":"T1W1B","p2":"galladesimp","format":"[Gen 9] Ubers","log":"|j|\u2606T1W1B\n|j|\u2606galladesimp\n|t:|1697363209\n|gametype|singles\n|player|p1|T1W1B|whitney|\n|player|p2|galladesimp|veteranf|\n|teamsize|p1|6\n|teamsize|p2|5\n|gen|9\n|tier|[Gen 9] Ubers\n|rule|Sleep Clause Mod: Limit one foe put to sleep\n|rule|Species Clause: Limit one of each Pok\u00e9mon\n|rule|OHKO Clause: OHKO moves are banned\n|rule|Evasion Items Clause: Evasion items are banned\n|rule|Evasion Moves Clause: Evasion moves are banned\n|rule|Endless Battle Clause: Forcing endless battles is banned\n|rule|HP Percentage Mod: HP is shown in percentages\n|clearpoke\n|poke|p1|Great Tusk|\n|poke|p1|Iron Moth|\n|poke|p1|Samurott-Hisui, M|\n|poke|p1|Fezandipiti, M|\n|poke|p1|Ninetales-Alola, F|\n|poke|p1|Magneton|\n|poke|p2|Ogerpon-Wellspring, F|\n|poke|p2|Clefable, F|\n|poke|p2|Skeledirge, M|\n|poke|p2|Clodsire, M|\n|poke|p2|Ursaring, F|\n|teampreview\n|inactive|Battle timer is ON: inactive players will automatically lose when time's up. (requested by galladesimp)\n|c|\u2606T1W1B|hf\n|c|\u2606galladesimp|hs\n|c|\u2606T1W1B|thx\n|inactive|galladesimp has 270 seconds left.\n|\n|t:|1697363266\n|start\n|switch|p1a: osnova4|Ninetales-Alola, F|100\/100\n|switch|p2a: Ursaring|Ursaring, F|100\/100\n|-weather|Snow|[from] ability: Snow Warning|[of] p1a: osnova4\n|turn|1\n|\n|t:|1697363278\n|move|p1a: osnova4|Aurora Veil|p1a: osnova4\n|-sidestart|p1: T1W1B|move: Aurora Veil\n|move|p2a: Ursaring|Brick Break|p1a: osnova4\n|-sideend|p1: T1W1B|move: Aurora Veil\n|-damage|p1a: osnova4|80\/100\n|\n|-weather|Snow|[upkeep]\n|-status|p2a: Ursaring|brn|[from] item: Flame Orb\n|upkeep\n|turn|2\n|\n|t:|1697363288\n|switch|p2a: Sleledirge|Skeledirge, M|100\/100\n|move|p1a: osnova4|Encore||[still]\n|-fail|p1a: osnova4\n|\n|-weather|Snow|[upkeep]\n|upkeep\n|turn|3\n|\n|t:|1697363296\n|switch|p1a: osnova|Great Tusk|100\/100\n|move|p2a: Sleledirge|Torch Song|p1a: osnova\n|-damage|p1a: osnova|62\/100\n|-boost|p2a: Sleledirge|spa|1\n|\n|-weather|Snow|[upkeep]\n|upkeep\n|turn|4\n|inactive|galladesimp has 270 seconds left.\n|\n|t:|1697363338\n|switch|p2a: Ogerpon|Ogerpon-Wellspring, F|100\/100\n|move|p1a: osnova|Earthquake|p2a: Ogerpon\n|-resisted|p2a: Ogerpon\n|-damage|p2a: Ogerpon|61\/100\n|\n|-weather|Snow|[upkeep]\n|upkeep\n|turn|5\n|\n|t:|1697363344\n|-end|p1a: osnova|Protosynthesis|[silent]\n|switch|p1a: osnova2|Fezandipiti, M|100\/100\n|move|p2a: Ogerpon|Horn Leech|p1a: osnova2\n|-resisted|p1a: osnova2\n|-damage|p1a: osnova2|84\/100\n|-heal|p2a: Ogerpon|71\/100|[from] drain|[of] p1a: osnova2\n|\n|-weather|none\n|upkeep\n|turn|6\n|\n|t:|1697363352\n|switch|p2a: Clodsire|Clodsire, M|100\/100\n|move|p1a: osnova2|U-turn|p2a: Clodsire\n|-resisted|p2a: Clodsire\n|-damage|p2a: Clodsire|93\/100\n|\n|t:|1697363355\n|switch|p1a: Magneton|Magneton|100\/100|[from] U-turn\n|-item|p1a: Magneton|Air Balloon\n|\n|-heal|p2a: Clodsire|99\/100|[from] item: Leftovers\n|upkeep\n|turn|7\n|\n|t:|1697363360\n|move|p1a: Magneton|Substitute|p1a: Magneton\n|-start|p1a: Magneton|Substitute\n|-damage|p1a: Magneton|76\/100\n|move|p2a: Clodsire|Yawn||[still]\n|-fail|p2a: Clodsire\n|\n|-heal|p2a: Clodsire|100\/100|[from] item: Leftovers\n|upkeep\n|turn|8\n|\n|t:|1697363365\n|switch|p2a: Sleledirge|Skeledirge, M|100\/100\n|move|p1a: Magneton|Iron Defense|p1a: Magneton\n|-boost|p1a: Magneton|def|2\n|\n|upkeep\n|turn|9\n|\n|t:|1697363368\n|move|p2a: Sleledirge|Torch Song|p1a: Magneton\n|-supereffective|p1a: Magneton\n|-damage|p1a: Magneton|0 fnt\n|-boost|p2a: Sleledirge|spa|1\n|-enditem|p1a: Magneton|Air Balloon\n|faint|p1a: Magneton\n|\n|upkeep\n|c|\u2606T1W1B|\u0430 \u0442\u043e\u0447\u043d\u043e \u043f\u0435\u0441\u043d\u044f\u043c \u043f\u043e\u0444\u0438\u0433 \u043d\u0430 \u0441\u0430\u0431\u0438\u043a\u043e\u0432\n|\n|t:|1697363392\n|switch|p1a: osnova|Great Tusk|62\/100\n|turn|10\n|\n|t:|1697363403\n|move|p1a: osnova|Earthquake|p2a: Sleledirge\n|-supereffective|p2a: Sleledirge\n|-damage|p2a: Sleledirge|37\/100\n|move|p2a: Sleledirge|Will-O-Wisp|p1a: osnova\n|-status|p1a: osnova|brn\n|-enditem|p1a: osnova|Rawst Berry|[eat]\n|-curestatus|p1a: osnova|brn|[msg]\n|\n|upkeep\n|turn|11\n|\n|t:|1697363415\n|move|p1a: osnova|Earthquake|p2a: Sleledirge\n|-supereffective|p2a: Sleledirge\n|-damage|p2a: Sleledirge|0 fnt\n|faint|p2a: Sleledirge\n|\n|upkeep\n|\n|t:|1697363422\n|switch|p2a: Ogerpon|Ogerpon-Wellspring, F|71\/100\n|turn|12\n|\n|t:|1697363427\n|-end|p1a: osnova|Protosynthesis|[silent]\n|switch|p1a: osnova2|Fezandipiti, M|84\/100\n|move|p2a: Ogerpon|Ivy Cudgel|p1a: osnova2\n|-damage|p1a: osnova2|40\/100\n|\n|upkeep\n|turn|13\n|\n|t:|1697363433\n|move|p2a: Ogerpon|Ivy Cudgel|p1a: osnova2\n|-damage|p1a: osnova2|0 fnt\n|faint|p1a: osnova2\n|\n|upkeep\n|inactive|T1W1B has 270 seconds left.\n|\n|t:|1697363466\n|switch|p1a: Samurott|Samurott-Hisui, M|100\/100\n|turn|14\n|\n|t:|1697363474\n|switch|p2a: Clefable|Clefable, F|100\/100\n|-terastallize|p1a: Samurott|Grass\n|move|p1a: Samurott|Ceaseless Edge|p2a: Clefable\n|-resisted|p2a: Clefable\n|-damage|p2a: Clefable|71\/100\n|-sidestart|p2: galladesimp|Spikes\n|\n|-heal|p2a: Clefable|77\/100|[from] item: Leftovers\n|upkeep\n|turn|15\n|\n|t:|1697363484\n|switch|p1a: Iron Moth|Iron Moth|100\/100\n|move|p2a: Clefable|Moonblast|p1a: Iron Moth\n|-resisted|p1a: Iron Moth\n|-damage|p1a: Iron Moth|93\/100\n|\n|-heal|p2a: Clefable|83\/100|[from] item: Leftovers\n|upkeep\n|turn|16\n|\n|t:|1697363494\n|switch|p2a: Clodsire|Clodsire, M|100\/100\n|-damage|p2a: Clodsire|88\/100|[from] Spikes\n|move|p1a: Iron Moth|Psychic|p2a: Clodsire\n|-supereffective|p2a: Clodsire\n|-crit|p2a: Clodsire\n|-damage|p2a: Clodsire|3\/100\n|\n|-heal|p2a: Clodsire|9\/100|[from] item: Leftovers\n|upkeep\n|turn|17\n|\n|t:|1697363502\n|move|p1a: Iron Moth|Psychic|p2a: Clodsire\n|-supereffective|p2a: Clodsire\n|-damage|p2a: Clodsire|0 fnt\n|faint|p2a: Clodsire\n|\n|upkeep\n|\n|t:|1697363506\n|switch|p2a: Ursaring|Ursaring, F|100\/100 brn\n|-damage|p2a: Ursaring|88\/100 brn|[from] Spikes\n|turn|18\n|\n|t:|1697363518\n|-end|p1a: Iron Moth|Quark Drive|[silent]\n|switch|p1a: osnova|Great Tusk|62\/100\n|move|p2a: Ursaring|Earthquake|p1a: osnova\n|-damage|p1a: osnova|29\/100\n|\n|-damage|p2a: Ursaring|82\/100 brn|[from] brn\n|upkeep\n|turn|19\n|inactive|galladesimp has 270 seconds left.\n|\n|t:|1697363549\n|move|p2a: Ursaring|Play Rough|p1a: osnova\n|-supereffective|p1a: osnova\n|-damage|p1a: osnova|0 fnt\n|faint|p1a: osnova\n|-end|p1a: osnova|Protosynthesis|[silent]\n|\n|-damage|p2a: Ursaring|76\/100 brn|[from] brn\n|upkeep\n|inactive|T1W1B has 270 seconds left.\n|\n|t:|1697363592\n|switch|p1a: osnova4|Ninetales-Alola, F|80\/100\n|-weather|Snow|[from] ability: Snow Warning|[of] p1a: osnova4\n|turn|20\n|\n|t:|1697363605\n|move|p1a: osnova4|Encore|p2a: Ursaring\n|-start|p2a: Ursaring|Encore\n|move|p2a: Ursaring|Play Rough|p1a: osnova4\n|-damage|p1a: osnova4|43\/100\n|\n|-weather|Snow|[upkeep]\n|-damage|p2a: Ursaring|69\/100 brn|[from] brn\n|upkeep\n|turn|21\n|\n|t:|1697363610\n|switch|p1a: Iron Moth|Iron Moth|93\/100\n|move|p2a: Ursaring|Play Rough|p1a: Iron Moth\n|-resisted|p1a: Iron Moth\n|-damage|p1a: Iron Moth|75\/100\n|\n|-weather|Snow|[upkeep]\n|-damage|p2a: Ursaring|63\/100 brn|[from] brn\n|upkeep\n|turn|22\n|\n|t:|1697363614\n|move|p1a: Iron Moth|Fiery Dance|p2a: Ursaring\n|-damage|p2a: Ursaring|0 fnt\n|faint|p2a: Ursaring\n|\n|-weather|Snow|[upkeep]\n|upkeep\n|\n|t:|1697363632\n|switch|p2a: Ogerpon|Ogerpon-Wellspring, F|71\/100\n|-damage|p2a: Ogerpon|58\/100|[from] Spikes\n|turn|23\n|\n|t:|1697363636\n|-terastallize|p2a: Ogerpon|Water\n|detailschange|p2a: Ogerpon|Ogerpon-Wellspring-Tera, F, tera:Water\n|-ability|p2a: Ogerpon|Embody Aspect (Wellspring)|boost\n|-boost|p2a: Ogerpon|spd|1\n|move|p1a: Iron Moth|Fiery Dance|p2a: Ogerpon\n|-resisted|p2a: Ogerpon\n|-damage|p2a: Ogerpon|31\/100\n|-boost|p1a: Iron Moth|spa|1\n|move|p2a: Ogerpon|Ivy Cudgel|p1a: Iron Moth\n|-supereffective|p1a: Iron Moth\n|-damage|p1a: Iron Moth|0 fnt\n|faint|p1a: Iron Moth\n|-end|p1a: Iron Moth|Quark Drive|[silent]\n|\n|-weather|Snow|[upkeep]\n|upkeep\n|\n|t:|1697363660\n|switch|p1a: Samurott|Samurott-Hisui, M, tera:Grass|100\/100\n|turn|24\n|\n|t:|1697363665\n|move|p2a: Ogerpon|Ivy Cudgel|p1a: Samurott\n|-resisted|p1a: Samurott\n|-damage|p1a: Samurott|48\/100\n|move|p1a: Samurott|Ceaseless Edge|p2a: Ogerpon\n|-damage|p2a: Ogerpon|0 fnt\n|-sidestart|p2: galladesimp|Spikes\n|faint|p2a: Ogerpon\n|\n|-weather|none\n|upkeep\n|\n|t:|1697363669\n|switch|p2a: Clefable|Clefable, F|83\/100\n|-damage|p2a: Clefable|67\/100|[from] Spikes\n|turn|25\n|\n|t:|1697363672\n|switch|p1a: osnova4|Ninetales-Alola, F|43\/100\n|-weather|Snow|[from] ability: Snow Warning|[of] p1a: osnova4\n|move|p2a: Clefable|Moonlight|p2a: Clefable\n|-heal|p2a: Clefable|92\/100\n|\n|-weather|Snow|[upkeep]\n|-heal|p2a: Clefable|98\/100|[from] item: Leftovers\n|upkeep\n|turn|26\n|\n|t:|1697363679\n|move|p1a: osnova4|Aurora Veil|p1a: osnova4\n|-sidestart|p1: T1W1B|move: Aurora Veil\n|move|p2a: Clefable|Calm Mind|p2a: Clefable\n|-boost|p2a: Clefable|spa|1\n|-boost|p2a: Clefable|spd|1\n|\n|-weather|Snow|[upkeep]\n|-heal|p2a: Clefable|100\/100|[from] item: Leftovers\n|upkeep\n|turn|27\n|\n|t:|1697363684\n|move|p1a: osnova4|Encore|p2a: Clefable\n|-start|p2a: Clefable|Encore\n|move|p2a: Clefable|Calm Mind|p2a: Clefable\n|-boost|p2a: Clefable|spa|1\n|-boost|p2a: Clefable|spd|1\n|\n|-weather|Snow|[upkeep]\n|upkeep\n|turn|28\n|\n|t:|1697363686\n|switch|p1a: Samurott|Samurott-Hisui, M, tera:Grass|48\/100\n|move|p2a: Clefable|Calm Mind|p2a: Clefable\n|-boost|p2a: Clefable|spa|1\n|-boost|p2a: Clefable|spd|1\n|\n|-weather|Snow|[upkeep]\n|upkeep\n|turn|29\n|\n|t:|1697363689\n|move|p1a: Samurott|Razor Shell|p2a: Clefable\n|-damage|p2a: Clefable|37\/100\n|-unboost|p2a: Clefable|def|1\n|move|p2a: Clefable|Calm Mind|p2a: Clefable\n|-boost|p2a: Clefable|spa|1\n|-boost|p2a: Clefable|spd|1\n|\n|-weather|none\n|-heal|p2a: Clefable|43\/100|[from] item: Leftovers\n|-end|p2a: Clefable|Encore\n|upkeep\n|turn|30\n|\n|t:|1697363693\n|move|p1a: Samurott|Razor Shell|p2a: Clefable\n|-damage|p2a: Clefable|0 fnt\n|faint|p2a: Clefable\n|\n|win|T1W1B\n|c|\u2606T1W1B|\u043f\u043f\n|c|\u2606galladesimp|\u0433\u0433\n|c|\u2606T1W1B|\u0433\u0433\n","uploadtime":1697363717,"views":24,"p1id":"t1w1b","p2id":"galladesimp","formatid":"gen9ubers","rating":0,"private":0,"password":""}