{"id":"gen9ubers-1975052229","p1":"Funni gen 3 boi","p2":"RYGUY122020","format":"[Gen 9] Ubers","log":"|j|\u2606Funni gen 3 boi\n|j|\u2606RYGUY122020\n|t:|1698158143\n|gametype|singles\n|player|p1|Funni gen 3 boi|102|1107\n|player|p2|RYGUY122020|pokekid|1159\n|teamsize|p1|6\n|teamsize|p2|6\n|gen|9\n|tier|[Gen 9] Ubers\n|rated|\n|rule|Sleep Clause Mod: Limit one foe put to sleep\n|rule|Species Clause: Limit one of each Pok\u00e9mon\n|rule|OHKO Clause: OHKO moves are banned\n|rule|Evasion Items Clause: Evasion items are banned\n|rule|Evasion Moves Clause: Evasion moves are banned\n|rule|Endless Battle Clause: Forcing endless battles is banned\n|rule|HP Percentage Mod: HP is shown in percentages\n|clearpoke\n|poke|p1|Chi-Yu|\n|poke|p1|Koraidon|\n|poke|p1|Flutter Mane|\n|poke|p1|Regieleki|\n|poke|p1|Miraidon|\n|poke|p1|Arceus|\n|poke|p2|Magearna|\n|poke|p2|Flutter Mane|\n|poke|p2|Drednaw, M|\n|poke|p2|Basculegion, M|\n|poke|p2|Urshifu-*, F|\n|poke|p2|Armarouge, M|\n|teampreview\n|inactive|Battle timer is ON: inactive players will automatically lose when time's up. (requested by RYGUY122020)\n|\n|t:|1698158160\n|start\n|switch|p1a: Koraidon|Koraidon|100\/100\n|switch|p2a: Armarouge|Armarouge, M|100\/100\n|-weather|SunnyDay|[from] ability: Orichalcum Pulse|[of] p1a: Koraidon\n|-activate|p1a: Koraidon|Orichalcum Pulse|[source]\n|turn|1\n|\n|t:|1698158174\n|move|p2a: Armarouge|Endure|p2a: Armarouge\n|-singleturn|p2a: Armarouge|move: Endure\n|move|p1a: Koraidon|Stomping Tantrum|p2a: Armarouge\n|-supereffective|p2a: Armarouge\n|-damage|p2a: Armarouge|19\/100\n|-ability|p2a: Armarouge|Weak Armor|boost\n|-unboost|p2a: Armarouge|def|1\n|-boost|p2a: Armarouge|spe|2\n|-enditem|p2a: Armarouge|Weakness Policy\n|-boost|p2a: Armarouge|atk|2|[from] item: Weakness Policy\n|-boost|p2a: Armarouge|spa|2|[from] item: Weakness Policy\n|\n|-weather|SunnyDay|[upkeep]\n|upkeep\n|turn|2\n|\n|t:|1698158191\n|move|p2a: Armarouge|Armor Cannon|p1a: Koraidon\n|-resisted|p1a: Koraidon\n|-damage|p1a: Koraidon|44\/100\n|-unboost|p2a: Armarouge|def|1\n|-unboost|p2a: Armarouge|spd|1\n|move|p1a: Koraidon|Collision Course|p2a: Armarouge\n|-resisted|p2a: Armarouge\n|-damage|p2a: Armarouge|0 fnt\n|faint|p2a: Armarouge\n|\n|-weather|SunnyDay|[upkeep]\n|upkeep\n|\n|t:|1698158195\n|switch|p2a: Drednaw|Drednaw, M|100\/100\n|turn|3\n|\n|t:|1698158212\n|move|p1a: Koraidon|Collision Course|p2a: Drednaw\n|-supereffective|p2a: Drednaw\n|-enditem|p2a: Drednaw|Focus Sash\n|-damage|p2a: Drednaw|1\/100\n|move|p2a: Drednaw|Shell Smash|p2a: Drednaw\n|-unboost|p2a: Drednaw|def|1\n|-unboost|p2a: Drednaw|spd|1\n|-boost|p2a: Drednaw|atk|2\n|-boost|p2a: Drednaw|spa|2\n|-boost|p2a: Drednaw|spe|2\n|\n|-weather|SunnyDay|[upkeep]\n|upkeep\n|turn|4\n|\n|t:|1698158233\n|move|p2a: Drednaw|Earthquake|p1a: Koraidon\n|-damage|p1a: Koraidon|0 fnt\n|faint|p1a: Koraidon\n|\n|-weather|SunnyDay|[upkeep]\n|upkeep\n|\n|t:|1698158238\n|switch|p1a: Arceus|Arceus|100\/100\n|turn|5\n|\n|t:|1698158254\n|move|p2a: Drednaw|Liquidation|p1a: Arceus\n|-damage|p1a: Arceus|73\/100\n|move|p1a: Arceus|Will-O-Wisp|p2a: Drednaw\n|-status|p2a: Drednaw|brn\n|\n|-weather|none\n|-heal|p1a: Arceus|80\/100|[from] item: Leftovers\n|-damage|p2a: Drednaw|0 fnt|[from] brn\n|faint|p2a: Drednaw\n|upkeep\n|\n|t:|1698158262\n|switch|p2a: Magearna|Magearna|100\/100\n|-item|p2a: Magearna|Air Balloon\n|turn|6\n|c|\u2606Funni gen 3 boi|Hmm I thought you'd switch but this works\n|\n|t:|1698158269\n|move|p1a: Arceus|Thunder Wave|p2a: Magearna\n|-status|p2a: Magearna|par\n|move|p2a: Magearna|Encore|p1a: Arceus\n|-start|p1a: Arceus|Encore\n|\n|-heal|p1a: Arceus|86\/100|[from] item: Leftovers\n|upkeep\n|turn|7\n|c|\u2606RYGUY122020|I suck\n|\n|t:|1698158293\n|switch|p1a: Chi-Yu|Chi-Yu|100\/100\n|-ability|p1a: Chi-Yu|Beads of Ruin\n|move|p2a: Magearna|Shift Gear|p2a: Magearna\n|-boost|p2a: Magearna|spe|2\n|-boost|p2a: Magearna|atk|1\n|\n|upkeep\n|turn|8\n|c|\u2606RYGUY122020|dont worry\n|\n|t:|1698158303\n|-terastallize|p2a: Magearna|Ground\n|move|p1a: Chi-Yu|Flamethrower|p2a: Magearna\n|-damage|p2a: Magearna|37\/100 par\n|-enditem|p2a: Magearna|Air Balloon\n|move|p2a: Magearna|Tera Blast|p1a: Chi-Yu|[anim] Tera Blast Ground\n|-supereffective|p1a: Chi-Yu\n|-damage|p1a: Chi-Yu|0 fnt\n|faint|p1a: Chi-Yu\n|-ability|p2a: Magearna|Soul-Heart|boost\n|-boost|p2a: Magearna|spa|1\n|\n|upkeep\n|c|\u2606Funni gen 3 boi|oh crap\n|inactive|Funni gen 3 boi has 120 seconds left.\n|\n|t:|1698158325\n|switch|p1a: Miraidon|Miraidon|100\/100\n|-fieldstart|move: Electric Terrain|[from] ability: Hadron Engine|[of] p1a: Miraidon\n|turn|9\n|inactive|Funni gen 3 boi has 120 seconds left.\n|c|\u2606RYGUY122020|I\u2019m so dead\n|\n|t:|1698158349\n|-terastallize|p1a: Miraidon|Ground\n|move|p1a: Miraidon|Draco Meteor|p2a: Magearna\n|-crit|p2a: Magearna\n|-damage|p2a: Magearna|0 fnt\n|-unboost|p1a: Miraidon|spa|2\n|faint|p2a: Magearna\n|\n|upkeep\n|\n|t:|1698158358\n|switch|p2a: Urshifu|Urshifu-Rapid-Strike, F|100\/100\n|turn|10\n|c|\u2606Funni gen 3 boi|Wha- you're not running max speed?\n|\n|t:|1698158366\n|switch|p1a: Arceus|Arceus|86\/100\n|move|p2a: Urshifu|Surging Strikes|p1a: Arceus\n|-crit|p1a: Arceus\n|-damage|p1a: Arceus|68\/100\n|-crit|p1a: Arceus\n|-damage|p1a: Arceus|52\/100\n|-crit|p1a: Arceus\n|-damage|p1a: Arceus|36\/100\n|-hitcount|p1a: Arceus|3\n|-damage|p2a: Urshifu|91\/100|[from] item: Life Orb\n|\n|-heal|p1a: Arceus|42\/100|[from] item: Leftovers\n|upkeep\n|turn|11\n|inactive|Funni gen 3 boi has 120 seconds left.\n|\n|t:|1698158380\n|move|p1a: Arceus|Will-O-Wisp|p2a: Urshifu\n|-status|p2a: Urshifu|brn\n|move|p2a: Urshifu|Drain Punch|p1a: Arceus\n|-supereffective|p1a: Arceus\n|-damage|p1a: Arceus|6\/100\n|-heal|p2a: Urshifu|100\/100 brn|[from] drain|[of] p1a: Arceus\n|-damage|p2a: Urshifu|91\/100 brn|[from] item: Life Orb\n|\n|-heal|p1a: Arceus|12\/100|[from] item: Leftovers\n|-damage|p2a: Urshifu|84\/100 brn|[from] brn\n|upkeep\n|turn|12\n|inactive|Funni gen 3 boi has 120 seconds left.\n|\n|t:|1698158391\n|move|p1a: Arceus|Recover|p1a: Arceus\n|-heal|p1a: Arceus|62\/100\n|move|p2a: Urshifu|Surging Strikes|p1a: Arceus\n|-crit|p1a: Arceus\n|-damage|p1a: Arceus|54\/100\n|-crit|p1a: Arceus\n|-damage|p1a: Arceus|46\/100\n|-crit|p1a: Arceus\n|-damage|p1a: Arceus|37\/100\n|-hitcount|p1a: Arceus|3\n|-damage|p2a: Urshifu|74\/100 brn|[from] item: Life Orb\n|\n|-heal|p1a: Arceus|43\/100|[from] item: Leftovers\n|-damage|p2a: Urshifu|68\/100 brn|[from] brn\n|upkeep\n|turn|13\n|inactive|Funni gen 3 boi has 120 seconds left.\n|c|\u2606Funni gen 3 boi|I would have been so dead if you were max speed\n|\n|t:|1698158404\n|move|p1a: Arceus|Will-O-Wisp|p2a: Urshifu\n|-fail|p2a: Urshifu|brn\n|move|p2a: Urshifu|Drain Punch|p1a: Arceus\n|-supereffective|p1a: Arceus\n|-damage|p1a: Arceus|10\/100\n|-heal|p2a: Urshifu|90\/100 brn|[from] drain|[of] p1a: Arceus\n|-damage|p2a: Urshifu|80\/100 brn|[from] item: Life Orb\n|\n|-heal|p1a: Arceus|16\/100|[from] item: Leftovers\n|-damage|p2a: Urshifu|74\/100 brn|[from] brn\n|-fieldend|move: Electric Terrain\n|upkeep\n|turn|14\n|inactive|Funni gen 3 boi has 120 seconds left.\n|\n|t:|1698158417\n|move|p1a: Arceus|Recover|p1a: Arceus\n|-heal|p1a: Arceus|66\/100\n|move|p2a: Urshifu|Drain Punch|p1a: Arceus\n|-supereffective|p1a: Arceus\n|-damage|p1a: Arceus|32\/100\n|-heal|p2a: Urshifu|96\/100 brn|[from] drain|[of] p1a: Arceus\n|-damage|p2a: Urshifu|86\/100 brn|[from] item: Life Orb\n|\n|-heal|p1a: Arceus|38\/100|[from] item: Leftovers\n|-damage|p2a: Urshifu|80\/100 brn|[from] brn\n|upkeep\n|turn|15\n|inactive|Funni gen 3 boi has 120 seconds left.\n|c|\u2606RYGUY122020|Sadly I don\u2019t know how to play thsi good\n|\n|t:|1698158429\n|move|p1a: Arceus|Recover|p1a: Arceus\n|-heal|p1a: Arceus|88\/100\n|move|p2a: Urshifu|Drain Punch|p1a: Arceus\n|-supereffective|p1a: Arceus\n|-damage|p1a: Arceus|55\/100\n|-heal|p2a: Urshifu|100\/100 brn|[from] drain|[of] p1a: Arceus\n|-damage|p2a: Urshifu|91\/100 brn|[from] item: Life Orb\n|\n|-heal|p1a: Arceus|61\/100|[from] item: Leftovers\n|-damage|p2a: Urshifu|84\/100 brn|[from] brn\n|upkeep\n|turn|16\n|inactive|Funni gen 3 boi has 120 seconds left.\n|\n|t:|1698158441\n|switch|p1a: Flutter Mane|Flutter Mane|100\/100\n|move|p2a: Urshifu|Substitute|p2a: Urshifu\n|-start|p2a: Urshifu|Substitute\n|-damage|p2a: Urshifu|59\/100 brn\n|\n|-damage|p2a: Urshifu|53\/100 brn|[from] brn\n|upkeep\n|turn|17\n|inactive|Funni gen 3 boi has 120 seconds left.\n|c|\u2606Funni gen 3 boi|wow\n|c|\u2606Funni gen 3 boi|damn\n|\n|t:|1698158463\n|move|p1a: Flutter Mane|Shadow Ball|p2a: Urshifu\n|-end|p2a: Urshifu|Substitute\n|move|p2a: Urshifu|Bulk Up|p2a: Urshifu\n|-boost|p2a: Urshifu|atk|1\n|-boost|p2a: Urshifu|def|1\n|\n|-damage|p2a: Urshifu|47\/100 brn|[from] brn\n|upkeep\n|turn|18\n|inactive|Funni gen 3 boi has 90 seconds left.\n|c|\u2606Funni gen 3 boi|You do realize I have outrageous spA and is faster than you while your frail urshifu is at 47 right?\n|\n|t:|1698158499\n|move|p1a: Flutter Mane|Shadow Ball|p2a: Urshifu\n|-damage|p2a: Urshifu|0 fnt\n|faint|p2a: Urshifu\n|\n|upkeep\n|\n|t:|1698158503\n|switch|p2a: Flutter Mane|Flutter Mane|100\/100\n|turn|19\n|inactive|Funni gen 3 boi has 90 seconds left.\n|\n|t:|1698158510\n|-end|p1a: Flutter Mane|Protosynthesis|[silent]\n|switch|p1a: Arceus|Arceus|61\/100\n|move|p2a: Flutter Mane|Shadow Ball|p1a: Arceus\n|-immune|p1a: Arceus\n|\n|-heal|p1a: Arceus|67\/100|[from] item: Leftovers\n|upkeep\n|turn|20\n|\n|t:|1698158517\n|move|p2a: Flutter Mane|Thunder Wave|p1a: Arceus\n|-status|p1a: Arceus|par\n|move|p1a: Arceus|Thunder Wave|p2a: Flutter Mane\n|-status|p2a: Flutter Mane|par\n|\n|-heal|p1a: Arceus|73\/100 par|[from] item: Leftovers\n|upkeep\n|turn|21\n|c|\u2606Funni gen 3 boi|Damn support fluttermane?\n|\n|t:|1698158534\n|-end|p2a: Flutter Mane|Protosynthesis|[silent]\n|switch|p2a: Basculegion|Basculegion, M|100\/100\n|switch|p1a: Miraidon|Miraidon, tera:Ground|100\/100\n|-fieldstart|move: Electric Terrain|[from] ability: Hadron Engine|[of] p1a: Miraidon\n|\n|upkeep\n|turn|22\n|\n|t:|1698158543\n|move|p2a: Basculegion|Last Respects|p1a: Miraidon\n|-damage|p1a: Miraidon|0 fnt\n|faint|p1a: Miraidon\n|\n|upkeep\n|\n|t:|1698158551\n|switch|p1a: Regieleki|Regieleki|100\/100\n|turn|23\n|\n|t:|1698158559\n|move|p1a: Regieleki|Thunderbolt|p2a: Basculegion\n|-supereffective|p2a: Basculegion\n|-damage|p2a: Basculegion|0 fnt\n|faint|p2a: Basculegion\n|\n|upkeep\n|\n|t:|1698158562\n|switch|p2a: Flutter Mane|Flutter Mane|100\/100 par\n|turn|24\n|\n|t:|1698158565\n|move|p1a: Regieleki|Thunderbolt|p2a: Flutter Mane\n|-damage|p2a: Flutter Mane|43\/100 par\n|move|p2a: Flutter Mane|Shadow Ball|p1a: Regieleki\n|-damage|p1a: Regieleki|41\/100\n|\n|-heal|p2a: Flutter Mane|49\/100 par|[from] item: Leftovers\n|upkeep\n|turn|25\n|c|\u2606Funni gen 3 boi|gg\n|inactive|Funni gen 3 boi has 120 seconds left.\n|\n|t:|1698158576\n|move|p1a: Regieleki|Thunderbolt|p2a: Flutter Mane\n|-damage|p2a: Flutter Mane|0 fnt\n|faint|p2a: Flutter Mane\n|-end|p2a: Flutter Mane|Protosynthesis|[silent]\n|\n|win|Funni gen 3 boi\n|raw|Funni gen 3 boi's rating: 1107 &rarr; <strong>1136<\/strong><br \/>(+29 for winning)\n|raw|RYGUY122020's rating: 1159 &rarr; <strong>1130<\/strong><br \/>(-29 for losing)\n|c|\u2606Funni gen 3 boi|It was nice playing you\n|c|\u2606RYGUY122020|Ggs\n|c|\u2606RYGUY122020|it was fun\n|l|\u2606RYGUY122020\n|c|\u2606Funni gen 3 boi|Your unorthodox strats caught me off guard lmao\n","uploadtime":1698158605,"views":8,"p1id":"funnigen3boi","p2id":"ryguy122020","formatid":"gen9ubers","rating":1130,"private":0,"password":""}