{"id":"gen9ubers-1970886972","p1":"twinbear","p2":"NotADragonTrainer","format":"[Gen 9] Ubers","log":"|j|\u2606twinbear\n|j|\u2606NotADragonTrainer\n|t:|1697677398\n|gametype|singles\n|player|p1|twinbear|169|\n|player|p2|NotADragonTrainer|lance|\n|teamsize|p1|6\n|teamsize|p2|6\n|gen|9\n|tier|[Gen 9] Ubers\n|rule|Sleep Clause Mod: Limit one foe put to sleep\n|rule|Species Clause: Limit one of each Pok\u00e9mon\n|rule|OHKO Clause: OHKO moves are banned\n|rule|Evasion Items Clause: Evasion items are banned\n|rule|Evasion Moves Clause: Evasion moves are banned\n|rule|Endless Battle Clause: Forcing endless battles is banned\n|rule|HP Percentage Mod: HP is shown in percentages\n|clearpoke\n|poke|p1|Dragonite, F|\n|poke|p1|Dragapult, M|\n|poke|p1|Rotom-Heat|\n|poke|p1|Kilowattrel, F|\n|poke|p1|Gogoat, M|\n|poke|p1|Krookodile, F|\n|poke|p2|Heatran, F|\n|poke|p2|Great Tusk|\n|poke|p2|Roaring Moon|\n|poke|p2|Torkoal, F|\n|poke|p2|Sawsbuck, M|\n|poke|p2|Infernape, M|\n|teampreview\n|\n|t:|1697677409\n|start\n|switch|p1a: Gogoat|Gogoat, M, shiny|100\/100\n|switch|p2a: You're welcome|Great Tusk|100\/100\n|-enditem|p2a: You're welcome|Booster Energy\n|-activate|p2a: You're welcome|ability: Protosynthesis|[fromitem]\n|-start|p2a: You're welcome|protosynthesisatk\n|turn|1\n|\n|t:|1697677441\n|move|p2a: You're welcome|Bulk Up|p2a: You're welcome\n|-boost|p2a: You're welcome|atk|1\n|-boost|p2a: You're welcome|def|1\n|move|p1a: Gogoat|Bulk Up|p1a: Gogoat\n|-boost|p1a: Gogoat|atk|1\n|-boost|p1a: Gogoat|def|1\n|\n|upkeep\n|turn|2\n|\n|t:|1697677451\n|move|p2a: You're welcome|Headlong Rush|p1a: Gogoat\n|-resisted|p1a: Gogoat\n|-damage|p1a: Gogoat|52\/100\n|-unboost|p2a: You're welcome|def|1\n|-unboost|p2a: You're welcome|spd|1\n|move|p1a: Gogoat|Horn Leech|p2a: You're welcome\n|-supereffective|p2a: You're welcome\n|-damage|p2a: You're welcome|55\/100\n|-heal|p1a: Gogoat|74\/100|[from] drain|[of] p2a: You're welcome\n|\n|-heal|p1a: Gogoat|80\/100|[from] item: Leftovers\n|upkeep\n|turn|3\n|\n|t:|1697677465\n|-end|p2a: You're welcome|Protosynthesis|[silent]\n|switch|p2a: Yippeeee|Torkoal, F|100\/100\n|-weather|SunnyDay|[from] ability: Drought|[of] p2a: Yippeeee\n|move|p1a: Gogoat|Bulk Up|p1a: Gogoat\n|-boost|p1a: Gogoat|atk|1\n|-boost|p1a: Gogoat|def|1\n|\n|-weather|SunnyDay|[upkeep]\n|-heal|p1a: Gogoat|86\/100|[from] item: Leftovers\n|upkeep\n|turn|4\n|\n|t:|1697677479\n|-terastallize|p1a: Gogoat|Water\n|move|p1a: Gogoat|Bulk Up|p1a: Gogoat\n|-boost|p1a: Gogoat|atk|1\n|-boost|p1a: Gogoat|def|1\n|move|p2a: Yippeeee|Stealth Rock|p1a: Gogoat\n|-sidestart|p1: twinbear|move: Stealth Rock\n|\n|-weather|SunnyDay|[upkeep]\n|-heal|p1a: Gogoat|93\/100|[from] item: Leftovers\n|upkeep\n|turn|5\n|\n|t:|1697677492\n|move|p1a: Gogoat|Earthquake|p2a: Yippeeee\n|-supereffective|p2a: Yippeeee\n|-damage|p2a: Yippeeee|31\/100\n|move|p2a: Yippeeee|Lava Plume|p1a: Gogoat\n|-resisted|p1a: Gogoat\n|-damage|p1a: Gogoat|82\/100\n|\n|-weather|SunnyDay|[upkeep]\n|-heal|p1a: Gogoat|88\/100|[from] item: Leftovers\n|upkeep\n|turn|6\n|\n|t:|1697677509\n|switch|p2a: Maybe This Will|Sawsbuck, M|100\/100\n|move|p1a: Gogoat|Earthquake|p2a: Maybe This Will\n|-resisted|p2a: Maybe This Will\n|-damage|p2a: Maybe This Will|61\/100\n|\n|-weather|SunnyDay|[upkeep]\n|-heal|p1a: Gogoat|94\/100|[from] item: Leftovers\n|upkeep\n|turn|7\n|\n|t:|1697677519\n|move|p2a: Maybe This Will|Horn Leech|p1a: Gogoat\n|-ability|p1a: Gogoat|Sap Sipper|boost\n|-boost|p1a: Gogoat|atk|1\n|move|p1a: Gogoat|Horn Leech|p2a: Maybe This Will\n|-resisted|p2a: Maybe This Will\n|-damage|p2a: Maybe This Will|0 fnt\n|-heal|p1a: Gogoat|100\/100|[from] drain|[of] p2a: Maybe This Will\n|faint|p2a: Maybe This Will\n|\n|-weather|SunnyDay|[upkeep]\n|upkeep\n|\n|t:|1697677549\n|switch|p2a: You're welcome|Great Tusk|55\/100\n|-activate|p2a: You're welcome|ability: Protosynthesis\n|-start|p2a: You're welcome|protosynthesisatk\n|turn|8\n|\n|t:|1697677556\n|move|p2a: You're welcome|Close Combat|p1a: Gogoat\n|-damage|p1a: Gogoat|64\/100\n|-unboost|p2a: You're welcome|def|1\n|-unboost|p2a: You're welcome|spd|1\n|move|p1a: Gogoat|Horn Leech|p2a: You're welcome\n|-supereffective|p2a: You're welcome\n|-damage|p2a: You're welcome|0 fnt\n|-heal|p1a: Gogoat|90\/100|[from] drain|[of] p2a: You're welcome\n|faint|p2a: You're welcome\n|-end|p2a: You're welcome|Protosynthesis|[silent]\n|\n|-weather|SunnyDay|[upkeep]\n|-heal|p1a: Gogoat|97\/100|[from] item: Leftovers\n|upkeep\n|\n|t:|1697677568\n|switch|p2a: Work Out Ok|Infernape, M|100\/100\n|turn|9\n|\n|t:|1697677575\n|switch|p2a: I'm Tired|Roaring Moon|100\/100\n|-activate|p2a: I'm Tired|ability: Protosynthesis\n|-start|p2a: I'm Tired|protosynthesisatk\n|move|p1a: Gogoat|Earthquake|p2a: I'm Tired\n|-damage|p2a: I'm Tired|6\/100\n|\n|-weather|SunnyDay|[upkeep]\n|-heal|p1a: Gogoat|100\/100|[from] item: Leftovers\n|upkeep\n|turn|10\n|\n|t:|1697677594\n|move|p2a: I'm Tired|Earthquake|p1a: Gogoat\n|-damage|p1a: Gogoat|81\/100\n|move|p1a: Gogoat|Earthquake|p2a: I'm Tired\n|-crit|p2a: I'm Tired\n|-damage|p2a: I'm Tired|0 fnt\n|faint|p2a: I'm Tired\n|-end|p2a: I'm Tired|Protosynthesis|[silent]\n|\n|-weather|none\n|-heal|p1a: Gogoat|87\/100|[from] item: Leftovers\n|upkeep\n|\n|t:|1697677602\n|switch|p2a: Yippeeee|Torkoal, F|31\/100\n|-weather|SunnyDay|[from] ability: Drought|[of] p2a: Yippeeee\n|turn|11\n|\n|t:|1697677606\n|move|p1a: Gogoat|Earthquake|p2a: Yippeeee\n|-supereffective|p2a: Yippeeee\n|-damage|p2a: Yippeeee|0 fnt\n|faint|p2a: Yippeeee\n|\n|-weather|SunnyDay|[upkeep]\n|-heal|p1a: Gogoat|93\/100|[from] item: Leftovers\n|upkeep\n|\n|t:|1697677613\n|switch|p2a: Hi Lewis|Heatran, F|100\/100\n|turn|12\n|\n|t:|1697677617\n|move|p2a: Hi Lewis|Taunt|p1a: Gogoat\n|-start|p1a: Gogoat|move: Taunt\n|move|p1a: Gogoat|Earthquake|p2a: Hi Lewis\n|-supereffective|p2a: Hi Lewis\n|-damage|p2a: Hi Lewis|0 fnt\n|faint|p2a: Hi Lewis\n|\n|-weather|SunnyDay|[upkeep]\n|-heal|p1a: Gogoat|99\/100|[from] item: Leftovers\n|upkeep\n|\n|t:|1697677626\n|switch|p2a: Work Out Ok|Infernape, M|100\/100\n|turn|13\n|\n|t:|1697677634\n|move|p2a: Work Out Ok|Flamethrower|p1a: Gogoat\n|-resisted|p1a: Gogoat\n|-damage|p1a: Gogoat|82\/100\n|move|p1a: Gogoat|Earthquake|p2a: Work Out Ok\n|-supereffective|p2a: Work Out Ok\n|-damage|p2a: Work Out Ok|0 fnt\n|faint|p2a: Work Out Ok\n|\n|win|twinbear\n|l|\u2606NotADragonTrainer\n","uploadtime":1697677648,"views":18,"p1id":"twinbear","p2id":"notadragontrainer","formatid":"gen9ubers","rating":0,"private":0,"password":""}