{"id":"gen9ubers-1969863564","p1":"ballstrecher69","p2":"Leo Justice","format":"[Gen 9] Ubers","log":"|j|\u2606ballstrecher69\n|j|\u2606Leo Justice\n|t:|1697571301\n|gametype|singles\n|player|p1|ballstrecher69|ruinmaniac|\n|player|p2|Leo Justice|carmine|\n|teamsize|p1|6\n|teamsize|p2|6\n|gen|9\n|tier|[Gen 9] Ubers\n|rule|Sleep Clause Mod: Limit one foe put to sleep\n|rule|Species Clause: Limit one of each Pok\u00e9mon\n|rule|OHKO Clause: OHKO moves are banned\n|rule|Evasion Items Clause: Evasion items are banned\n|rule|Evasion Moves Clause: Evasion moves are banned\n|rule|Endless Battle Clause: Forcing endless battles is banned\n|rule|HP Percentage Mod: HP is shown in percentages\n|clearpoke\n|poke|p1|Gliscor, F|\n|poke|p1|Empoleon, F|\n|poke|p1|Azumarill, M|\n|poke|p1|Ursaluna-Bloodmoon, M|\n|poke|p1|Cyclizar, F|\n|poke|p1|Dialga|\n|poke|p2|Dondozo, F|\n|poke|p2|Magearna|\n|poke|p2|Giratina|\n|poke|p2|Arceus-Poison|\n|poke|p2|Blissey, F|\n|poke|p2|Garganacl, F|\n|teampreview\n|\n|t:|1697571313\n|start\n|switch|p1a: Empoleon|Empoleon, F|100\/100\n|switch|p2a: Garganacl|Garganacl, F|100\/100\n|turn|1\n|\n|t:|1697571319\n|move|p1a: Empoleon|Grass Knot|p2a: Garganacl\n|-supereffective|p2a: Garganacl\n|-damage|p2a: Garganacl|61\/100\n|move|p2a: Garganacl|Stealth Rock|p1a: Empoleon\n|-sidestart|p1: ballstrecher69|move: Stealth Rock\n|\n|-heal|p2a: Garganacl|68\/100|[from] item: Leftovers\n|upkeep\n|turn|2\n|\n|t:|1697571326\n|move|p2a: Garganacl|Protect|p2a: Garganacl\n|-singleturn|p2a: Garganacl|Protect\n|move|p1a: Empoleon|Surf|p2a: Garganacl\n|-activate|p2a: Garganacl|move: Protect\n|\n|-heal|p2a: Garganacl|74\/100|[from] item: Leftovers\n|upkeep\n|turn|3\n|\n|t:|1697571332\n|switch|p2a: Magearna|Magearna|100\/100\n|move|p1a: Empoleon|Surf|p2a: Magearna\n|-damage|p2a: Magearna|78\/100\n|\n|-heal|p2a: Magearna|84\/100|[from] item: Leftovers\n|upkeep\n|turn|4\n|\n|t:|1697571338\n|switch|p1a: Gliscor|Gliscor, F|100\/100\n|-damage|p1a: Gliscor|88\/100|[from] Stealth Rock\n|move|p2a: Magearna|Spikes|p1a: Gliscor\n|-sidestart|p1: ballstrecher69|Spikes\n|\n|-heal|p2a: Magearna|90\/100|[from] item: Leftovers\n|-status|p1a: Gliscor|tox|[from] item: Toxic Orb\n|upkeep\n|turn|5\n|\n|t:|1697571342\n|move|p1a: Gliscor|Stealth Rock|p2a: Magearna\n|-sidestart|p2: Leo Justice|move: Stealth Rock\n|move|p2a: Magearna|Ice Beam|p1a: Gliscor\n|-supereffective|p1a: Gliscor\n|-damage|p1a: Gliscor|0 fnt\n|faint|p1a: Gliscor\n|-ability|p2a: Magearna|Soul-Heart|boost\n|-boost|p2a: Magearna|spa|1\n|\n|-heal|p2a: Magearna|96\/100|[from] item: Leftovers\n|upkeep\n|\n|t:|1697571357\n|switch|p1a: Empoleon|Empoleon, F|100\/100\n|-damage|p1a: Empoleon|94\/100|[from] Stealth Rock\n|-damage|p1a: Empoleon|82\/100|[from] Spikes\n|turn|6\n|\n|t:|1697571363\n|move|p2a: Magearna|Spikes|p1a: Empoleon\n|-sidestart|p1: ballstrecher69|Spikes\n|move|p1a: Empoleon|Roar|p2a: Magearna\n|drag|p2a: Arceus|Arceus-Poison|100\/100\n|-damage|p2a: Arceus|88\/100|[from] Stealth Rock\n|\n|-heal|p1a: Empoleon|88\/100|[from] item: Leftovers\n|upkeep\n|turn|7\n|inactive|Battle timer is ON: inactive players will automatically lose when time's up. (requested by ballstrecher69)\n|\n|t:|1697571371\n|switch|p2a: Magearna|Magearna|96\/100\n|-damage|p2a: Magearna|90\/100|[from] Stealth Rock\n|move|p1a: Empoleon|Surf|p2a: Magearna\n|-damage|p2a: Magearna|69\/100\n|\n|-heal|p2a: Magearna|75\/100|[from] item: Leftovers\n|-heal|p1a: Empoleon|94\/100|[from] item: Leftovers\n|upkeep\n|turn|8\n|\n|t:|1697571376\n|move|p2a: Magearna|Spikes|p1a: Empoleon\n|-sidestart|p1: ballstrecher69|Spikes\n|move|p1a: Empoleon|Surf|p2a: Magearna\n|-damage|p2a: Magearna|53\/100\n|\n|-heal|p2a: Magearna|59\/100|[from] item: Leftovers\n|-heal|p1a: Empoleon|100\/100|[from] item: Leftovers\n|upkeep\n|turn|9\n|\n|t:|1697571381\n|move|p2a: Magearna|Eerie Impulse|p1a: Empoleon\n|-unboost|p1a: Empoleon|spa|2\n|-ability|p1a: Empoleon|Competitive|boost\n|-boost|p1a: Empoleon|spa|2\n|move|p1a: Empoleon|Surf|p2a: Magearna\n|-damage|p2a: Magearna|38\/100\n|\n|-heal|p2a: Magearna|44\/100|[from] item: Leftovers\n|upkeep\n|turn|10\n|\n|t:|1697571387\n|move|p2a: Magearna|Draining Kiss|p1a: Empoleon\n|-resisted|p1a: Empoleon\n|-damage|p1a: Empoleon|92\/100\n|-heal|p2a: Magearna|50\/100|[from] drain|[of] p1a: Empoleon\n|move|p1a: Empoleon|Surf|p2a: Magearna\n|-damage|p2a: Magearna|29\/100\n|\n|-heal|p2a: Magearna|35\/100|[from] item: Leftovers\n|-heal|p1a: Empoleon|98\/100|[from] item: Leftovers\n|upkeep\n|turn|11\n|\n|t:|1697571397\n|switch|p2a: Giratina|Giratina|100\/100\n|-ability|p2a: Giratina|Pressure\n|move|p1a: Empoleon|Surf|p2a: Giratina\n|-resisted|p2a: Giratina\n|-damage|p2a: Giratina|92\/100\n|\n|-heal|p1a: Empoleon|100\/100|[from] item: Leftovers\n|upkeep\n|turn|12\n|\n|t:|1697571402\n|move|p2a: Giratina|Will-O-Wisp|p1a: Empoleon|[miss]\n|-miss|p2a: Giratina|p1a: Empoleon\n|move|p1a: Empoleon|Roar|p2a: Giratina\n|drag|p2a: Magearna|Magearna|35\/100\n|-damage|p2a: Magearna|29\/100|[from] Stealth Rock\n|\n|-heal|p2a: Magearna|35\/100|[from] item: Leftovers\n|upkeep\n|turn|13\n|\n|t:|1697571410\n|switch|p2a: Giratina|Giratina|92\/100\n|-ability|p2a: Giratina|Pressure\n|switch|p1a: Cyclizar|Cyclizar, F|100\/100\n|-damage|p1a: Cyclizar|88\/100|[from] Stealth Rock\n|-damage|p1a: Cyclizar|63\/100|[from] Spikes\n|\n|upkeep\n|turn|14\n|\n|t:|1697571418\n|move|p1a: Cyclizar|Shed Tail|p1a: Cyclizar\n|-start|p1a: Cyclizar|Substitute|[from] move: Shed Tail\n|-damage|p1a: Cyclizar|13\/100\n|\n|t:|1697571423\n|switch|p1a: Ursaluna|Ursaluna-Bloodmoon, M|100\/100|[from] Shed Tail\n|-damage|p1a: Ursaluna|94\/100|[from] Stealth Rock\n|-damage|p1a: Ursaluna|70\/100|[from] Spikes\n|move|p2a: Giratina|Will-O-Wisp||[still]\n|-fail|p2a: Giratina\n|\n|upkeep\n|turn|15\n|\n|t:|1697571434\n|switch|p2a: Blissey|Blissey, F|100\/100\n|move|p1a: Ursaluna|Calm Mind|p1a: Ursaluna\n|-boost|p1a: Ursaluna|spa|1\n|-boost|p1a: Ursaluna|spd|1\n|\n|upkeep\n|turn|16\n|\n|t:|1697571438\n|move|p2a: Blissey|Seismic Toss|p1a: Ursaluna\n|-end|p1a: Ursaluna|Substitute\n|move|p1a: Ursaluna|Calm Mind|p1a: Ursaluna\n|-boost|p1a: Ursaluna|spa|1\n|-boost|p1a: Ursaluna|spd|1\n|\n|upkeep\n|turn|17\n|\n|t:|1697571445\n|move|p2a: Blissey|Seismic Toss|p1a: Ursaluna\n|-damage|p1a: Ursaluna|46\/100\n|-enditem|p1a: Ursaluna|Kee Berry|[eat]\n|-boost|p1a: Ursaluna|def|1|[from] item: Kee Berry\n|move|p1a: Ursaluna|Moonlight|p1a: Ursaluna\n|-heal|p1a: Ursaluna|96\/100\n|\n|upkeep\n|turn|18\n|\n|t:|1697571458\n|switch|p2a: Magearna|Magearna|35\/100\n|-damage|p2a: Magearna|29\/100|[from] Stealth Rock\n|move|p1a: Ursaluna|Calm Mind|p1a: Ursaluna\n|-boost|p1a: Ursaluna|spa|1\n|-boost|p1a: Ursaluna|spd|1\n|\n|-heal|p2a: Magearna|35\/100|[from] item: Leftovers\n|upkeep\n|turn|19\n|\n|t:|1697571466\n|-terastallize|p2a: Magearna|Flying\n|move|p2a: Magearna|Eerie Impulse|p1a: Ursaluna\n|-unboost|p1a: Ursaluna|spa|2\n|move|p1a: Ursaluna|Calm Mind|p1a: Ursaluna\n|-boost|p1a: Ursaluna|spa|1\n|-boost|p1a: Ursaluna|spd|1\n|\n|-heal|p2a: Magearna|41\/100|[from] item: Leftovers\n|upkeep\n|turn|20\n|\n|t:|1697571472\n|move|p2a: Magearna|Eerie Impulse|p1a: Ursaluna\n|-unboost|p1a: Ursaluna|spa|2\n|move|p1a: Ursaluna|Hyper Voice|p2a: Magearna\n|-damage|p2a: Magearna|16\/100\n|\n|-heal|p2a: Magearna|22\/100|[from] item: Leftovers\n|upkeep\n|turn|21\n|\n|t:|1697571479\n|move|p2a: Magearna|Eerie Impulse|p1a: Ursaluna\n|-unboost|p1a: Ursaluna|spa|2\n|move|p1a: Ursaluna|Hyper Voice|p2a: Magearna\n|-damage|p2a: Magearna|10\/100\n|\n|-heal|p2a: Magearna|16\/100|[from] item: Leftovers\n|upkeep\n|turn|22\n|\n|t:|1697571484\n|move|p2a: Magearna|Draining Kiss|p1a: Ursaluna\n|-damage|p1a: Ursaluna|89\/100\n|-heal|p2a: Magearna|23\/100|[from] drain|[of] p1a: Ursaluna\n|move|p1a: Ursaluna|Calm Mind|p1a: Ursaluna\n|-boost|p1a: Ursaluna|spa|1\n|-boost|p1a: Ursaluna|spd|1\n|\n|-heal|p2a: Magearna|29\/100|[from] item: Leftovers\n|upkeep\n|turn|23\n|\n|t:|1697571489\n|move|p2a: Magearna|Eerie Impulse|p1a: Ursaluna\n|-unboost|p1a: Ursaluna|spa|2\n|move|p1a: Ursaluna|Hyper Voice|p2a: Magearna\n|-damage|p2a: Magearna|19\/100\n|\n|-heal|p2a: Magearna|25\/100|[from] item: Leftovers\n|upkeep\n|turn|24\n|\n|t:|1697571496\n|move|p2a: Magearna|Eerie Impulse|p1a: Ursaluna\n|-unboost|p1a: Ursaluna|spa|2\n|move|p1a: Ursaluna|Hyper Voice|p2a: Magearna\n|-damage|p2a: Magearna|18\/100\n|\n|-heal|p2a: Magearna|24\/100|[from] item: Leftovers\n|upkeep\n|turn|25\n|\n|t:|1697571503\n|move|p2a: Magearna|Draining Kiss|p1a: Ursaluna\n|-damage|p1a: Ursaluna|82\/100\n|-heal|p2a: Magearna|29\/100|[from] drain|[of] p1a: Ursaluna\n|move|p1a: Ursaluna|Hyper Voice|p2a: Magearna\n|-damage|p2a: Magearna|21\/100\n|\n|-heal|p2a: Magearna|27\/100|[from] item: Leftovers\n|upkeep\n|turn|26\n|\n|t:|1697571510\n|move|p2a: Magearna|Ice Beam|p1a: Ursaluna\n|-supereffective|p1a: Ursaluna\n|-damage|p1a: Ursaluna|67\/100\n|-status|p1a: Ursaluna|frz\n|cant|p1a: Ursaluna|frz\n|\n|-heal|p2a: Magearna|33\/100|[from] item: Leftovers\n|upkeep\n|turn|27\n|c|\u2606ballstrecher69|this is evil\n|\n|t:|1697571520\n|switch|p2a: Garganacl|Garganacl, F|74\/100\n|-damage|p2a: Garganacl|61\/100|[from] Stealth Rock\n|-curestatus|p1a: Ursaluna|frz|[msg]\n|move|p1a: Ursaluna|Moonlight|p1a: Ursaluna\n|-heal|p1a: Ursaluna|100\/100\n|\n|-heal|p2a: Garganacl|68\/100|[from] item: Leftovers\n|upkeep\n|turn|28\n|\n|t:|1697571533\n|switch|p1a: Cyclizar|Cyclizar, F|46\/100\n|-damage|p1a: Cyclizar|34\/100|[from] Stealth Rock\n|-damage|p1a: Cyclizar|9\/100|[from] Spikes\n|move|p2a: Garganacl|Salt Cure|p1a: Cyclizar\n|-damage|p1a: Cyclizar|0 fnt\n|faint|p1a: Cyclizar\n|\n|-heal|p2a: Garganacl|74\/100|[from] item: Leftovers\n|upkeep\n|c|\u2606Leo Justice|lmao\n|\n|t:|1697571544\n|switch|p1a: Ursaluna|Ursaluna-Bloodmoon, M|100\/100\n|-damage|p1a: Ursaluna|94\/100|[from] Stealth Rock\n|-damage|p1a: Ursaluna|70\/100|[from] Spikes\n|turn|29\n|c|\u2606Leo Justice|Say that to ur Ursaluna\n|c|\u2606Leo Justice|smh\n|\n|t:|1697571548\n|move|p1a: Ursaluna|Earth Power|p2a: Garganacl\n|-supereffective|p2a: Garganacl\n|-damage|p2a: Garganacl|19\/100\n|move|p2a: Garganacl|Salt Cure|p1a: Ursaluna\n|-resisted|p1a: Ursaluna\n|-damage|p1a: Ursaluna|66\/100\n|-start|p1a: Ursaluna|Salt Cure\n|\n|-heal|p2a: Garganacl|25\/100|[from] item: Leftovers\n|-damage|p1a: Ursaluna|53\/100|[from] Salt Cure\n|upkeep\n|turn|30\n|\n|t:|1697571558\n|switch|p2a: Blissey|Blissey, F|100\/100\n|move|p1a: Ursaluna|Earth Power|p2a: Blissey\n|-damage|p2a: Blissey|85\/100\n|\n|-damage|p1a: Ursaluna|41\/100|[from] Salt Cure\n|upkeep\n|turn|31\n|c|\u2606ballstrecher69|that mag is a war crime'\n|\n|t:|1697571575\n|switch|p1a: Empoleon|Empoleon, F|100\/100\n|-damage|p1a: Empoleon|94\/100|[from] Stealth Rock\n|-damage|p1a: Empoleon|69\/100|[from] Spikes\n|move|p2a: Blissey|Seismic Toss|p1a: Empoleon\n|-damage|p1a: Empoleon|42\/100\n|\n|-heal|p1a: Empoleon|49\/100|[from] item: Leftovers\n|upkeep\n|turn|32\n|\n|t:|1697571585\n|move|p2a: Blissey|Seismic Toss|p1a: Empoleon\n|-damage|p1a: Empoleon|22\/100\n|move|p1a: Empoleon|Roar|p2a: Blissey\n|drag|p2a: Dondozo|Dondozo, F|100\/100\n|\n|-heal|p1a: Empoleon|28\/100|[from] item: Leftovers\n|upkeep\n|turn|33\n|\n|t:|1697571593\n|switch|p2a: Giratina|Giratina|92\/100\n|-ability|p2a: Giratina|Pressure\n|move|p1a: Empoleon|Grass Knot|p2a: Giratina\n|-resisted|p2a: Giratina\n|-damage|p2a: Giratina|82\/100\n|\n|-heal|p1a: Empoleon|34\/100|[from] item: Leftovers\n|upkeep\n|turn|34\n|c|\u2606Leo Justice|Nuh uh\n|\n|t:|1697571602\n|move|p2a: Giratina|Will-O-Wisp|p1a: Empoleon\n|-status|p1a: Empoleon|brn\n|move|p1a: Empoleon|Roost|p1a: Empoleon\n|-heal|p1a: Empoleon|84\/100 brn\n|-singleturn|p1a: Empoleon|move: Roost\n|\n|-heal|p1a: Empoleon|90\/100 brn|[from] item: Leftovers\n|-damage|p1a: Empoleon|84\/100 brn|[from] brn\n|upkeep\n|turn|35\n|\n|t:|1697571610\n|move|p2a: Giratina|Will-O-Wisp|p1a: Empoleon\n|-fail|p1a: Empoleon|brn\n|move|p1a: Empoleon|Surf|p2a: Giratina\n|-resisted|p2a: Giratina\n|-damage|p2a: Giratina|72\/100\n|\n|-heal|p1a: Empoleon|90\/100 brn|[from] item: Leftovers\n|-damage|p1a: Empoleon|84\/100 brn|[from] brn\n|upkeep\n|turn|36\n|\n|t:|1697571624\n|move|p2a: Giratina|Shadow Ball|p1a: Empoleon\n|-damage|p1a: Empoleon|61\/100 brn\n|move|p1a: Empoleon|Roar|p2a: Giratina\n|drag|p2a: Dondozo|Dondozo, F|100\/100\n|\n|-heal|p1a: Empoleon|67\/100 brn|[from] item: Leftovers\n|-damage|p1a: Empoleon|61\/100 brn|[from] brn\n|upkeep\n|turn|37\n|\n|t:|1697571633\n|switch|p2a: Giratina|Giratina|72\/100\n|-ability|p2a: Giratina|Pressure\n|move|p1a: Empoleon|Surf|p2a: Giratina\n|-resisted|p2a: Giratina\n|-damage|p2a: Giratina|63\/100\n|\n|-heal|p1a: Empoleon|67\/100 brn|[from] item: Leftovers\n|-damage|p1a: Empoleon|61\/100 brn|[from] brn\n|upkeep\n|turn|38\n|\n|t:|1697571638\n|move|p2a: Giratina|Shadow Ball|p1a: Empoleon\n|-damage|p1a: Empoleon|41\/100 brn\n|move|p1a: Empoleon|Roar|p2a: Giratina\n|drag|p2a: Garganacl|Garganacl, F|25\/100\n|-damage|p2a: Garganacl|13\/100|[from] Stealth Rock\n|\n|-heal|p1a: Empoleon|47\/100 brn|[from] item: Leftovers\n|-heal|p2a: Garganacl|19\/100|[from] item: Leftovers\n|-damage|p1a: Empoleon|41\/100 brn|[from] brn\n|upkeep\n|turn|39\n|\n|t:|1697571646\n|move|p2a: Garganacl|Protect|p2a: Garganacl\n|-singleturn|p2a: Garganacl|Protect\n|move|p1a: Empoleon|Surf|p2a: Garganacl\n|-activate|p2a: Garganacl|move: Protect\n|\n|-heal|p1a: Empoleon|47\/100 brn|[from] item: Leftovers\n|-heal|p2a: Garganacl|25\/100|[from] item: Leftovers\n|-damage|p1a: Empoleon|41\/100 brn|[from] brn\n|upkeep\n|turn|40\n|\n|t:|1697571651\n|switch|p2a: Giratina|Giratina|63\/100\n|-ability|p2a: Giratina|Pressure\n|move|p1a: Empoleon|Roost|p1a: Empoleon\n|-heal|p1a: Empoleon|91\/100 brn\n|-singleturn|p1a: Empoleon|move: Roost\n|\n|-heal|p1a: Empoleon|97\/100 brn|[from] item: Leftovers\n|-damage|p1a: Empoleon|91\/100 brn|[from] brn\n|upkeep\n|turn|41\n|\n|t:|1697571661\n|move|p2a: Giratina|Shadow Ball|p1a: Empoleon\n|-damage|p1a: Empoleon|68\/100 brn\n|move|p1a: Empoleon|Surf|p2a: Giratina\n|-resisted|p2a: Giratina\n|-damage|p2a: Giratina|52\/100\n|\n|-heal|p1a: Empoleon|74\/100 brn|[from] item: Leftovers\n|-damage|p1a: Empoleon|68\/100 brn|[from] brn\n|upkeep\n|turn|42\n|\n|t:|1697571670\n|move|p2a: Giratina|Rest|p2a: Giratina\n|-status|p2a: Giratina|slp|[from] move: Rest\n|-heal|p2a: Giratina|100\/100 slp|[silent]\n|move|p1a: Empoleon|Surf|p2a: Giratina\n|-resisted|p2a: Giratina\n|-damage|p2a: Giratina|91\/100 slp\n|\n|-heal|p1a: Empoleon|74\/100 brn|[from] item: Leftovers\n|-damage|p1a: Empoleon|68\/100 brn|[from] brn\n|upkeep\n|turn|43\n|\n|t:|1697571675\n|switch|p2a: Blissey|Blissey, F|85\/100\n|move|p1a: Empoleon|Roar|p2a: Blissey\n|drag|p2a: Giratina|Giratina|91\/100 slp\n|-ability|p2a: Giratina|Pressure\n|\n|-heal|p1a: Empoleon|74\/100 brn|[from] item: Leftovers\n|-damage|p1a: Empoleon|68\/100 brn|[from] brn\n|upkeep\n|turn|44\n|\n|t:|1697571684\n|switch|p2a: Blissey|Blissey, F|85\/100\n|switch|p1a: Dialga|Dialga|100\/100\n|-damage|p1a: Dialga|94\/100|[from] Stealth Rock\n|-damage|p1a: Dialga|69\/100|[from] Spikes\n|-ability|p1a: Dialga|Pressure\n|\n|upkeep\n|turn|45\n|\n|t:|1697571699\n|move|p1a: Dialga|Bulk Up|p1a: Dialga\n|-boost|p1a: Dialga|atk|1\n|-boost|p1a: Dialga|def|1\n|move|p2a: Blissey|Heal Bell|p2a: Blissey\n|-activate|p2a: Blissey|move: Heal Bell\n|-curestatus|p2: Giratina|slp|[msg]\n|\n|upkeep\n|turn|46\n|\n|t:|1697571705\n|switch|p2a: Dondozo|Dondozo, F|100\/100\n|move|p1a: Dialga|Scale Shot|p2a: Dondozo\n|-damage|p2a: Dondozo|95\/100\n|-damage|p2a: Dondozo|89\/100\n|-damage|p2a: Dondozo|84\/100\n|-damage|p2a: Dondozo|78\/100\n|-damage|p2a: Dondozo|72\/100\n|-hitcount|p2a: Dondozo|5\n|-unboost|p1a: Dialga|def|1\n|-boost|p1a: Dialga|spe|1\n|\n|upkeep\n|turn|47\n|\n|t:|1697571719\n|move|p1a: Dialga|Scale Shot|p2a: Dondozo\n|-damage|p2a: Dondozo|67\/100\n|-damage|p2a: Dondozo|62\/100\n|-damage|p2a: Dondozo|56\/100\n|-damage|p2a: Dondozo|51\/100\n|-hitcount|p2a: Dondozo|4\n|-unboost|p1a: Dialga|def|1\n|-boost|p1a: Dialga|spe|1\n|move|p2a: Dondozo|Curse|p2a: Dondozo\n|-unboost|p2a: Dondozo|spe|1\n|-boost|p2a: Dondozo|atk|1\n|-boost|p2a: Dondozo|def|1\n|\n|upkeep\n|turn|48\n|\n|t:|1697571727\n|move|p1a: Dialga|Bulk Up|p1a: Dialga\n|-boost|p1a: Dialga|atk|1\n|-boost|p1a: Dialga|def|1\n|move|p2a: Dondozo|Rest|p2a: Dondozo\n|-status|p2a: Dondozo|slp|[from] move: Rest\n|-heal|p2a: Dondozo|100\/100 slp|[silent]\n|\n|upkeep\n|turn|49\n|\n|t:|1697571730\n|move|p1a: Dialga|Scale Shot|p2a: Dondozo\n|-crit|p2a: Dondozo\n|-damage|p2a: Dondozo|93\/100 slp\n|-damage|p2a: Dondozo|89\/100 slp\n|-damage|p2a: Dondozo|86\/100 slp\n|-damage|p2a: Dondozo|82\/100 slp\n|-hitcount|p2a: Dondozo|4\n|-unboost|p1a: Dialga|def|1\n|-boost|p1a: Dialga|spe|1\n|cant|p2a: Dondozo|slp\n|move|p2a: Dondozo|Sleep Talk|p2a: Dondozo\n|move|p2a: Dondozo|Rest||[from]move: Sleep Talk|[still]\n|-fail|p2a: Dondozo\n|\n|upkeep\n|turn|50\n|-message|ballstrecher69 forfeited.\n|\n|win|Leo Justice\n|l|\u2606ballstrecher69\n","uploadtime":1697571751,"views":7,"p1id":"ballstrecher69","p2id":"leojustice","formatid":"gen9ubers","rating":0,"private":0,"password":""}