{"id":"gen9ubers-1973171443","p1":"Palkia Fan 88","p2":"Anne Frankkkk","format":"[Gen 9] Ubers","log":"|j|\u2606Palkia Fan 88\n|j|\u2606Anne Frankkkk\n|t:|1697935534\n|gametype|singles\n|player|p1|Palkia Fan 88|170|1035\n|player|p2|Anne Frankkkk|hilbert|1038\n|teamsize|p1|2\n|teamsize|p2|6\n|gen|9\n|tier|[Gen 9] Ubers\n|rated|\n|rule|Sleep Clause Mod: Limit one foe put to sleep\n|rule|Species Clause: Limit one of each Pok\u00e9mon\n|rule|OHKO Clause: OHKO moves are banned\n|rule|Evasion Items Clause: Evasion items are banned\n|rule|Evasion Moves Clause: Evasion moves are banned\n|rule|Endless Battle Clause: Forcing endless battles is banned\n|rule|HP Percentage Mod: HP is shown in percentages\n|clearpoke\n|poke|p1|Arceus-Ground|\n|poke|p1|Groudon|\n|poke|p2|Iron Hands|\n|poke|p2|Kyogre|\n|poke|p2|Chien-Pao|\n|poke|p2|Ribombee, F|\n|poke|p2|Miraidon|\n|poke|p2|Iron Moth|\n|teampreview\n|\n|t:|1697935539\n|start\n|switch|p1a: protect spammer|Arceus-Ground|100\/100\n|switch|p2a: Ribombee|Ribombee, F, shiny|100\/100\n|turn|1\n|\n|t:|1697935542\n|move|p1a: protect spammer|Protect|p1a: protect spammer\n|-singleturn|p1a: protect spammer|Protect\n|move|p2a: Ribombee|Sticky Web|p1a: protect spammer\n|-sidestart|p1: Palkia Fan 88|move: Sticky Web\n|\n|upkeep\n|turn|2\n|\n|t:|1697935544\n|move|p1a: protect spammer|Protect||[still]\n|-fail|p1a: protect spammer\n|move|p2a: Ribombee|Moonblast|p1a: protect spammer\n|-damage|p1a: protect spammer|80\/100\n|\n|upkeep\n|turn|3\n|\n|t:|1697935547\n|move|p1a: protect spammer|Protect|p1a: protect spammer\n|-singleturn|p1a: protect spammer|Protect\n|move|p2a: Ribombee|Moonblast|p1a: protect spammer\n|-activate|p1a: protect spammer|move: Protect\n|\n|upkeep\n|turn|4\n|\n|t:|1697935549\n|move|p1a: protect spammer|Protect||[still]\n|-fail|p1a: protect spammer\n|move|p2a: Ribombee|Moonblast|p1a: protect spammer\n|-damage|p1a: protect spammer|57\/100\n|\n|upkeep\n|turn|5\n|inactive|Battle timer is ON: inactive players will automatically lose when time's up. (requested by Anne Frankkkk)\n|\n|t:|1697935553\n|move|p1a: protect spammer|Protect|p1a: protect spammer\n|-singleturn|p1a: protect spammer|Protect\n|move|p2a: Ribombee|Moonblast|p1a: protect spammer\n|-activate|p1a: protect spammer|move: Protect\n|\n|upkeep\n|turn|6\n|\n|t:|1697935555\n|move|p1a: protect spammer|Protect||[still]\n|-fail|p1a: protect spammer\n|move|p2a: Ribombee|Moonblast|p1a: protect spammer\n|-damage|p1a: protect spammer|35\/100\n|\n|upkeep\n|turn|7\n|\n|t:|1697935557\n|move|p1a: protect spammer|Protect|p1a: protect spammer\n|-singleturn|p1a: protect spammer|Protect\n|move|p2a: Ribombee|Moonblast|p1a: protect spammer\n|-activate|p1a: protect spammer|move: Protect\n|\n|upkeep\n|turn|8\n|\n|t:|1697935559\n|move|p1a: protect spammer|Protect||[still]\n|-fail|p1a: protect spammer\n|move|p2a: Ribombee|Moonblast|p1a: protect spammer\n|-damage|p1a: protect spammer|12\/100\n|\n|upkeep\n|turn|9\n|\n|t:|1697935561\n|move|p1a: protect spammer|Protect|p1a: protect spammer\n|-singleturn|p1a: protect spammer|Protect\n|move|p2a: Ribombee|Moonblast|p1a: protect spammer\n|-activate|p1a: protect spammer|move: Protect\n|\n|upkeep\n|turn|10\n|\n|t:|1697935562\n|move|p1a: protect spammer|Protect||[still]\n|-fail|p1a: protect spammer\n|move|p2a: Ribombee|Moonblast|p1a: protect spammer\n|-damage|p1a: protect spammer|0 fnt\n|faint|p1a: protect spammer\n|\n|upkeep\n|\n|t:|1697935564\n|switch|p1a: Groudon|Groudon|100\/100\n|-activate|p1a: Groudon|move: Sticky Web\n|-unboost|p1a: Groudon|spe|1\n|-weather|SunnyDay|[from] ability: Drought|[of] p1a: Groudon\n|turn|11\n|\n|t:|1697935567\n|move|p1a: Groudon|Protect|p1a: Groudon\n|-singleturn|p1a: Groudon|Protect\n|move|p2a: Ribombee|Energy Ball|p1a: Groudon\n|-activate|p1a: Groudon|move: Protect\n|\n|-weather|SunnyDay|[upkeep]\n|upkeep\n|turn|12\n|\n|t:|1697935570\n|move|p1a: Groudon|Protect||[still]\n|-fail|p1a: Groudon\n|move|p2a: Ribombee|Energy Ball|p1a: Groudon\n|-supereffective|p1a: Groudon\n|-damage|p1a: Groudon|55\/100\n|\n|-weather|SunnyDay|[upkeep]\n|upkeep\n|turn|13\n|\n|t:|1697935571\n|move|p1a: Groudon|Protect|p1a: Groudon\n|-singleturn|p1a: Groudon|Protect\n|move|p2a: Ribombee|Energy Ball|p1a: Groudon\n|-activate|p1a: Groudon|move: Protect\n|\n|-weather|SunnyDay|[upkeep]\n|upkeep\n|turn|14\n|\n|t:|1697935573\n|move|p1a: Groudon|Protect||[still]\n|-fail|p1a: Groudon\n|move|p2a: Ribombee|Energy Ball|p1a: Groudon\n|-supereffective|p1a: Groudon\n|-damage|p1a: Groudon|6\/100\n|\n|-weather|SunnyDay|[upkeep]\n|upkeep\n|turn|15\n|\n|t:|1697935575\n|move|p1a: Groudon|Protect|p1a: Groudon\n|-singleturn|p1a: Groudon|Protect\n|move|p2a: Ribombee|Energy Ball|p1a: Groudon\n|-activate|p1a: Groudon|move: Protect\n|\n|-weather|none\n|upkeep\n|turn|16\n|\n|t:|1697935576\n|move|p1a: Groudon|Protect|p1a: Groudon\n|-singleturn|p1a: Groudon|Protect\n|move|p2a: Ribombee|Energy Ball|p1a: Groudon\n|-activate|p1a: Groudon|move: Protect\n|\n|upkeep\n|turn|17\n|\n|t:|1697935578\n|move|p1a: Groudon|Protect||[still]\n|-fail|p1a: Groudon\n|move|p2a: Ribombee|Energy Ball|p1a: Groudon\n|-supereffective|p1a: Groudon\n|-damage|p1a: Groudon|0 fnt\n|faint|p1a: Groudon\n|\n|win|Anne Frankkkk\n|raw|Palkia Fan 88's rating: 1035 &rarr; <strong>1020<\/strong><br \/>(-15 for losing)\n|raw|Anne Frankkkk's rating: 1038 &rarr; <strong>1072<\/strong><br \/>(+34 for winning)\n|l|\u2606Palkia Fan 88\n","uploadtime":1697935594,"views":9,"p1id":"palkiafan88","p2id":"annefrankkkk","formatid":"gen9ubers","rating":1020,"private":0,"password":""}