{"id":"gen9ubers-1970987083","p1":"Pika Pika SV","p2":"idekwhatneamtoyuse","format":"[Gen 9] Ubers","log":"|j|\u2606Pika Pika SV\n|j|\u203didekwhatneamtoyuse\n|t:|1697688755\n|gametype|singles\n|player|p1|Pika Pika SV|169|\n|player|p2|idekwhatneamtoyuse|169|\n|teamsize|p1|6\n|teamsize|p2|6\n|gen|9\n|tier|[Gen 9] Ubers\n|rated|Tournament battle\n|rule|Sleep Clause Mod: Limit one foe put to sleep\n|rule|Species Clause: Limit one of each Pok\u00e9mon\n|rule|OHKO Clause: OHKO moves are banned\n|rule|Evasion Items Clause: Evasion items are banned\n|rule|Evasion Moves Clause: Evasion moves are banned\n|rule|Endless Battle Clause: Forcing endless battles is banned\n|rule|HP Percentage Mod: HP is shown in percentages\n|clearpoke\n|poke|p1|Miraidon|\n|poke|p1|Calyrex-Ice|\n|poke|p1|Skeledirge, F|\n|poke|p1|Gliscor, M|\n|poke|p1|Blissey, F|\n|poke|p1|Clodsire, M|\n|poke|p2|Miraidon|\n|poke|p2|Koraidon|\n|poke|p2|Arceus|\n|poke|p2|Zacian-*|\n|poke|p2|Eternatus|\n|poke|p2|Grimmsnarl, M|\n|teampreview\n|inactive|Battle timer is ON: inactive players will automatically lose when time's up. (requested by Pika Pika SV)\n|\n|t:|1697688764\n|start\n|switch|p1a: Calyrex|Calyrex-Ice|100\/100\n|switch|p2a: Koraidon|Koraidon|100\/100\n|-ability|p1a: Calyrex|As One\n|-ability|p1a: Calyrex|Unnerve\n|-weather|SunnyDay|[from] ability: Orichalcum Pulse|[of] p2a: Koraidon\n|-activate|p2a: Koraidon|Orichalcum Pulse|[source]\n|turn|1\n|\n|t:|1697688769\n|switch|p1a: Skeledirge|Skeledirge, F|100\/100\n|move|p2a: Koraidon|Taunt|p1a: Skeledirge\n|-start|p1a: Skeledirge|move: Taunt\n|\n|-weather|SunnyDay|[upkeep]\n|upkeep\n|turn|2\n|\n|t:|1697688779\n|switch|p1a: Gliscor|Gliscor, M|100\/100\n|move|p2a: Koraidon|Scale Shot|p1a: Gliscor\n|-damage|p1a: Gliscor|88\/100\n|-damage|p1a: Gliscor|76\/100\n|-damage|p1a: Gliscor|64\/100\n|-crit|p1a: Gliscor\n|-damage|p1a: Gliscor|47\/100\n|-damage|p1a: Gliscor|36\/100\n|-hitcount|p1a: Gliscor|5\n|-unboost|p2a: Koraidon|def|1\n|-boost|p2a: Koraidon|spe|1\n|\n|-weather|SunnyDay|[upkeep]\n|-status|p1a: Gliscor|tox|[from] item: Toxic Orb\n|upkeep\n|turn|3\n|\n|t:|1697688787\n|move|p1a: Gliscor|Protect|p1a: Gliscor\n|-singleturn|p1a: Gliscor|Protect\n|move|p2a: Koraidon|Swords Dance|p2a: Koraidon\n|-boost|p2a: Koraidon|atk|2\n|\n|-weather|SunnyDay|[upkeep]\n|-heal|p1a: Gliscor|48\/100 tox|[from] ability: Poison Heal\n|upkeep\n|turn|4\n|\n|t:|1697688808\n|switch|p1a: Skeledirge|Skeledirge, F|100\/100\n|move|p2a: Koraidon|Flare Blitz|p1a: Skeledirge\n|-resisted|p1a: Skeledirge\n|-damage|p1a: Skeledirge|75\/100\n|-damage|p2a: Koraidon|91\/100|[from] Recoil\n|\n|-weather|SunnyDay|[upkeep]\n|upkeep\n|turn|5\n|\n|t:|1697688819\n|move|p2a: Koraidon|Taunt|p1a: Skeledirge\n|-start|p1a: Skeledirge|move: Taunt\n|move|p1a: Skeledirge|Hex|p2a: Koraidon\n|-damage|p2a: Koraidon|64\/100\n|\n|-weather|none\n|upkeep\n|turn|6\n|\n|t:|1697688828\n|switch|p1a: Gliscor|Gliscor, M|48\/100 tox\n|move|p2a: Koraidon|Scale Shot|p1a: Gliscor\n|-damage|p1a: Gliscor|30\/100 tox\n|-damage|p1a: Gliscor|15\/100 tox\n|-damage|p1a: Gliscor|0 fnt\n|faint|p1a: Gliscor\n|-hitcount|p1: Gliscor|3\n|-unboost|p2a: Koraidon|def|1\n|-boost|p2a: Koraidon|spe|1\n|\n|upkeep\n|inactive|Pika Pika SV has 120 seconds left.\n|\n|t:|1697688853\n|switch|p1a: Skeledirge|Skeledirge, F|75\/100\n|turn|7\n|\n|t:|1697688875\n|move|p2a: Koraidon|Taunt|p1a: Skeledirge\n|-start|p1a: Skeledirge|move: Taunt\n|move|p1a: Skeledirge|Hex|p2a: Koraidon\n|-damage|p2a: Koraidon|42\/100\n|\n|upkeep\n|turn|8\n|inactive|Pika Pika SV has 120 seconds left.\n|\n|t:|1697688900\n|move|p2a: Koraidon|Scale Shot|p1a: Skeledirge\n|-damage|p1a: Skeledirge|67\/100\n|-damage|p1a: Skeledirge|59\/100\n|-damage|p1a: Skeledirge|50\/100\n|-crit|p1a: Skeledirge\n|-damage|p1a: Skeledirge|37\/100\n|-damage|p1a: Skeledirge|29\/100\n|-hitcount|p1a: Skeledirge|5\n|-unboost|p2a: Koraidon|def|1\n|-boost|p2a: Koraidon|spe|1\n|move|p1a: Skeledirge|Hex|p2a: Koraidon\n|-damage|p2a: Koraidon|18\/100\n|\n|upkeep\n|turn|9\n|inactive|Pika Pika SV has 120 seconds left.\n|\n|t:|1697688919\n|move|p2a: Koraidon|Flare Blitz|p1a: Skeledirge\n|-resisted|p1a: Skeledirge\n|-damage|p1a: Skeledirge|17\/100\n|-damage|p2a: Koraidon|13\/100|[from] Recoil\n|move|p1a: Skeledirge|Hex|p2a: Koraidon\n|-damage|p2a: Koraidon|0 fnt\n|faint|p2a: Koraidon\n|\n|-end|p1a: Skeledirge|move: Taunt\n|upkeep\n|\n|t:|1697688932\n|switch|p2a: Zacian|Zacian-Crowned|100\/100\n|-ability|p2a: Zacian|Intrepid Sword|boost\n|-boost|p2a: Zacian|atk|1\n|turn|10\n|\n|t:|1697688937\n|move|p2a: Zacian|Behemoth Blade|p1a: Skeledirge\n|-resisted|p1a: Skeledirge\n|-damage|p1a: Skeledirge|0 fnt\n|faint|p1a: Skeledirge\n|\n|upkeep\n|\n|t:|1697688940\n|switch|p1a: Calyrex|Calyrex-Ice|100\/100\n|-ability|p1a: Calyrex|As One\n|-ability|p1a: Calyrex|Unnerve\n|turn|11\n|\n|t:|1697688960\n|switch|p2a: Grimmsnarl|Grimmsnarl, M|100\/100\n|-terastallize|p1a: Calyrex|Fire\n|move|p1a: Calyrex|Trick Room|p1a: Calyrex\n|-fieldstart|move: Trick Room|[of] p1a: Calyrex\n|\n|upkeep\n|turn|12\n|\n|t:|1697688965\n|move|p2a: Grimmsnarl|Parting Shot|p1a: Calyrex\n|-unboost|p1a: Calyrex|atk|1\n|-unboost|p1a: Calyrex|spa|1\n|\n|t:|1697688975\n|switch|p2a: Eternatus|Eternatus|100\/100|[from] Parting Shot\n|-ability|p2a: Eternatus|Pressure\n|move|p1a: Calyrex|Glacial Lance|p2a: Eternatus\n|-supereffective|p2a: Eternatus\n|-damage|p2a: Eternatus|3\/100\n|\n|upkeep\n|turn|13\n|\n|t:|1697688983\n|switch|p2a: Zacian|Zacian-Crowned|100\/100\n|move|p1a: Calyrex|High Horsepower|p2a: Zacian\n|-supereffective|p2a: Zacian\n|-damage|p2a: Zacian|43\/100\n|\n|upkeep\n|turn|14\n|\n|t:|1697688987\n|-terastallize|p2a: Zacian|Grass\n|move|p1a: Calyrex|High Horsepower|p2a: Zacian\n|-resisted|p2a: Zacian\n|-damage|p2a: Zacian|30\/100\n|move|p2a: Zacian|Behemoth Blade|p1a: Calyrex\n|-resisted|p1a: Calyrex\n|-damage|p1a: Calyrex|83\/100\n|\n|upkeep\n|turn|15\n|\n|t:|1697688999\n|switch|p2a: Eternatus|Eternatus|3\/100\n|-ability|p2a: Eternatus|Pressure\n|move|p1a: Calyrex|Glacial Lance|p2a: Eternatus\n|-supereffective|p2a: Eternatus\n|-damage|p2a: Eternatus|0 fnt\n|faint|p2a: Eternatus\n|-ability|p1a: Calyrex|Chilling Neigh|boost\n|-boost|p1a: Calyrex|atk|1\n|\n|-fieldend|move: Trick Room\n|upkeep\n|\n|t:|1697689001\n|switch|p2a: Miraidon|Miraidon|100\/100\n|-fieldstart|move: Electric Terrain|[from] ability: Hadron Engine|[of] p2a: Miraidon\n|-enditem|p2a: Miraidon|Electric Seed\n|-boost|p2a: Miraidon|def|1|[from] item: Electric Seed\n|turn|16\n|\n|t:|1697689007\n|switch|p1a: Clodsire|Clodsire, M|100\/100\n|move|p2a: Miraidon|Calm Mind|p2a: Miraidon\n|-boost|p2a: Miraidon|spa|1\n|-boost|p2a: Miraidon|spd|1\n|\n|upkeep\n|turn|17\n|\n|t:|1697689012\n|switch|p2a: Zacian|Zacian-Crowned, tera:Grass|30\/100\n|move|p1a: Clodsire|Amnesia|p1a: Clodsire\n|-boost|p1a: Clodsire|spd|2\n|\n|upkeep\n|turn|18\n|\n|t:|1697689021\n|switch|p2a: Grimmsnarl|Grimmsnarl, M|100\/100\n|switch|p1a: Blissey|Blissey, F|100\/100\n|\n|upkeep\n|turn|19\n|\n|t:|1697689030\n|switch|p1a: Miraidon|Miraidon|100\/100\n|-activate|p1a: Miraidon|ability: Hadron Engine\n|move|p2a: Grimmsnarl|Parting Shot|p1a: Miraidon\n|-unboost|p1a: Miraidon|atk|1\n|-unboost|p1a: Miraidon|spa|1\n|\n|t:|1697689037\n|switch|p2a: Zacian|Zacian-Crowned, tera:Grass|30\/100|[from] Parting Shot\n|\n|upkeep\n|turn|20\n|inactive|Pika Pika SV has 120 seconds left.\n|\n|t:|1697689073\n|switch|p1a: Blissey|Blissey, F|100\/100\n|move|p2a: Zacian|Play Rough|p1a: Blissey\n|-damage|p1a: Blissey|44\/100\n|\n|-fieldend|move: Electric Terrain\n|upkeep\n|turn|21\n|inactive|Pika Pika SV has 120 seconds left.\n|inactive|idekwhatneamtoyuse has 120 seconds left.\n|inactive|idekwhatneamtoyuse has 90 seconds left.\n|\n|t:|1697689161\n|switch|p2a: Grimmsnarl|Grimmsnarl, M|100\/100\n|move|p1a: Blissey|Stealth Rock|p2a: Grimmsnarl\n|-sidestart|p2: idekwhatneamtoyuse|move: Stealth Rock\n|\n|upkeep\n|turn|22\n|\n|t:|1697689170\n|move|p2a: Grimmsnarl|Reflect|p2a: Grimmsnarl\n|-sidestart|p2: idekwhatneamtoyuse|Reflect\n|move|p1a: Blissey|Soft-Boiled|p1a: Blissey\n|-heal|p1a: Blissey|94\/100\n|\n|upkeep\n|turn|23\n|j| kobb\n|\n|t:|1697689177\n|move|p2a: Grimmsnarl|Light Screen|p2a: Grimmsnarl\n|-sidestart|p2: idekwhatneamtoyuse|move: Light Screen\n|move|p1a: Blissey|Seismic Toss|p2a: Grimmsnarl\n|-damage|p2a: Grimmsnarl|75\/100\n|\n|upkeep\n|turn|24\n|\n|t:|1697689190\n|move|p2a: Grimmsnarl|Parting Shot|p1a: Blissey\n|-unboost|p1a: Blissey|atk|1\n|-unboost|p1a: Blissey|spa|1\n|\n|t:|1697689194\n|switch|p2a: Arceus|Arceus|100\/100|[from] Parting Shot\n|-damage|p2a: Arceus|88\/100|[from] Stealth Rock\n|move|p1a: Blissey|Seismic Toss|p2a: Arceus\n|-damage|p2a: Arceus|64\/100\n|\n|upkeep\n|turn|25\n|\n|t:|1697689198\n|move|p2a: Arceus|Swords Dance|p2a: Arceus\n|-boost|p2a: Arceus|atk|2\n|move|p1a: Blissey|Seismic Toss|p2a: Arceus\n|-damage|p2a: Arceus|40\/100\n|\n|upkeep\n|turn|26\n|\n|t:|1697689203\n|move|p2a: Arceus|Swords Dance|p2a: Arceus\n|-boost|p2a: Arceus|atk|2\n|move|p1a: Blissey|Seismic Toss|p2a: Arceus\n|-damage|p2a: Arceus|16\/100\n|\n|upkeep\n|turn|27\n|\n|t:|1697689210\n|move|p2a: Arceus|Extreme Speed|p1a: Blissey\n|-damage|p1a: Blissey|0 fnt\n|faint|p1a: Blissey\n|\n|upkeep\n|\n|t:|1697689213\n|switch|p1a: Clodsire|Clodsire, M|100\/100\n|turn|28\n|\n|t:|1697689216\n|move|p2a: Arceus|Extreme Speed|p1a: Clodsire\n|-damage|p1a: Clodsire|0 fnt\n|faint|p1a: Clodsire\n|\n|upkeep\n|-message|Pika Pika SV forfeited.\n|\n|win|idekwhatneamtoyuse\n|n|\u2606Pika Pika SV|pikapikasv\n|n|\u203didekwhatneamtoyuse|idekwhatneamtoyuse\n|n| kobb|kobb\n","uploadtime":1697689221,"views":13,"p1id":"pikapikasv","p2id":"idekwhatneamtoyuse","formatid":"gen9ubers","rating":0,"private":0,"password":""}