{"id":"gen9ubers-1998199854","p1":"Asta_RPPLF","p2":"RPPLF_Qilin","format":"[Gen 9] Ubers","log":"|j|\u2606Asta_RPPLF\n|j|\u2606RPPLF_Qilin\n|t:|1700911331\n|gametype|singles\n|player|p1|Asta_RPPLF|#wcop2023belgium|\n|player|p2|RPPLF_Qilin|169|\n|teamsize|p1|6\n|teamsize|p2|6\n|gen|9\n|tier|[Gen 9] Ubers\n|rule|Sleep Clause Mod: Limit one foe put to sleep\n|rule|Species Clause: Limit one of each Pok\u00e9mon\n|rule|OHKO Clause: OHKO moves are banned\n|rule|Evasion Items Clause: Evasion items are banned\n|rule|Evasion Moves Clause: Evasion moves are banned\n|rule|Endless Battle Clause: Forcing endless battles is banned\n|rule|HP Percentage Mod: HP is shown in percentages\n|clearpoke\n|poke|p1|Magnezone|\n|poke|p1|Dondozo, F|\n|poke|p1|Conkeldurr, F|\n|poke|p1|Cinderace, F|\n|poke|p1|Roaring Moon|\n|poke|p1|Azumarill, F|\n|poke|p2|Arceus|\n|poke|p2|Okidogi, M|\n|poke|p2|Grimmsnarl, M|\n|poke|p2|Corviknight, F|\n|poke|p2|Regidrago|\n|poke|p2|Greninja-*, M|\n|teampreview\n|\n|t:|1700911349\n|start\n|switch|p1a: Azumarill|Azumarill, F|100\/100\n|switch|p2a: Okidogi|Okidogi, M|100\/100\n|turn|1\n|\n|t:|1700911366\n|switch|p1a: Magnezone|Magnezone|100\/100\n|move|p2a: Okidogi|Knock Off|p1a: Magnezone\n|-damage|p1a: Magnezone|61\/100\n|-enditem|p1a: Magnezone|Choice Scarf|[from] move: Knock Off|[of] p2a: Okidogi\n|\n|upkeep\n|turn|2\n|\n|t:|1700911376\n|move|p1a: Magnezone|Volt Switch|p2a: Okidogi\n|-damage|p2a: Okidogi|74\/100\n|\n|t:|1700911407\n|switch|p1a: Dondozo|Dondozo, F|100\/100|[from] Volt Switch\n|move|p2a: Okidogi|Drain Punch|p1a: Dondozo\n|-damage|p1a: Dondozo|83\/100\n|-heal|p2a: Okidogi|86\/100|[from] drain|[of] p1a: Dondozo\n|-damage|p2a: Okidogi|70\/100|[from] item: Rocky Helmet|[of] p1a: Dondozo\n|-status|p1a: Dondozo|tox|[from] ability: Toxic Chain|[of] p2a: Okidogi\n|\n|-damage|p1a: Dondozo|76\/100 tox|[from] psn\n|upkeep\n|turn|3\n|c|\u2606RPPLF_Qilin|Joli avatar ? World 2023 ?\n|\n|t:|1700911428\n|switch|p2a: Grimmsnarl|Grimmsnarl, M|100\/100\n|move|p1a: Dondozo|Curse|p1a: Dondozo\n|-unboost|p1a: Dondozo|spe|1\n|-boost|p1a: Dondozo|atk|1\n|-boost|p1a: Dondozo|def|1\n|\n|-damage|p1a: Dondozo|64\/100 tox|[from] psn\n|upkeep\n|turn|4\n|\n|t:|1700911443\n|move|p2a: Grimmsnarl|Reflect|p2a: Grimmsnarl\n|-sidestart|p2: RPPLF_Qilin|Reflect\n|move|p1a: Dondozo|Avalanche|p2a: Grimmsnarl\n|-damage|p2a: Grimmsnarl|89\/100\n|\n|-damage|p1a: Dondozo|46\/100 tox|[from] psn\n|upkeep\n|turn|5\n|\n|t:|1700911450\n|move|p2a: Grimmsnarl|Taunt|p1a: Dondozo\n|-start|p1a: Dondozo|move: Taunt\n|cant|p1a: Dondozo|move: Taunt|Rest\n|\n|-damage|p1a: Dondozo|21\/100 tox|[from] psn\n|upkeep\n|turn|6\n|\n|t:|1700911465\n|switch|p2a: Okidogi|Okidogi, M|70\/100\n|switch|p1a: Cinderace|Cinderace, F|100\/100\n|\n|upkeep\n|turn|7\n|\n|t:|1700911480\n|switch|p2a: Grimmsnarl|Grimmsnarl, M|89\/100\n|move|p1a: Cinderace|Court Change|p1a: Cinderace\n|-swapsideconditions\n|-activate|p1a: Cinderace|move: Court Change\n|\n|upkeep\n|turn|8\n|\n|t:|1700911506\n|switch|p1a: Magnezone|Magnezone|61\/100\n|move|p2a: Grimmsnarl|Reflect|p2a: Grimmsnarl\n|-sidestart|p2: RPPLF_Qilin|Reflect\n|\n|upkeep\n|turn|9\n|\n|t:|1700911516\n|move|p2a: Grimmsnarl|Light Screen|p2a: Grimmsnarl\n|-sidestart|p2: RPPLF_Qilin|move: Light Screen\n|move|p1a: Magnezone|Flash Cannon|p2a: Grimmsnarl\n|-supereffective|p2a: Grimmsnarl\n|-damage|p2a: Grimmsnarl|54\/100\n|\n|upkeep\n|turn|10\n|\n|t:|1700911522\n|move|p2a: Grimmsnarl|Parting Shot|p1a: Magnezone\n|-unboost|p1a: Magnezone|atk|1\n|-unboost|p1a: Magnezone|spa|1\n|\n|t:|1700911530\n|switch|p2a: Okidogi|Okidogi, M|70\/100|[from] Parting Shot\n|move|p1a: Magnezone|Volt Switch|p2a: Okidogi\n|-damage|p2a: Okidogi|61\/100\n|\n|t:|1700911537\n|switch|p1a: Cinderace|Cinderace, F|100\/100|[from] Volt Switch\n|\n|upkeep\n|turn|11\n|\n|t:|1700911544\n|move|p1a: Cinderace|Court Change|p1a: Cinderace\n|-swapsideconditions\n|-activate|p1a: Cinderace|move: Court Change\n|move|p2a: Okidogi|Psychic Fangs|p1a: Cinderace\n|-sideend|p1: Asta_RPPLF|Reflect\n|-sideend|p1: Asta_RPPLF|move: Light Screen\n|-damage|p1a: Cinderace|54\/100\n|-status|p1a: Cinderace|tox|[from] ability: Toxic Chain|[of] p2a: Okidogi\n|\n|-damage|p1a: Cinderace|48\/100 tox|[from] psn\n|-sideend|p2: RPPLF_Qilin|Reflect\n|upkeep\n|turn|12\n|\n|t:|1700911561\n|move|p1a: Cinderace|U-turn|p2a: Okidogi\n|-resisted|p2a: Okidogi\n|-damage|p2a: Okidogi|57\/100\n|\n|t:|1700911574\n|switch|p1a: Conkeldurr|Conkeldurr, F|100\/100|[from] U-turn\n|move|p2a: Okidogi|Drain Punch|p1a: Conkeldurr\n|-damage|p1a: Conkeldurr|61\/100\n|-heal|p2a: Okidogi|78\/100|[from] drain|[of] p1a: Conkeldurr\n|\n|-status|p1a: Conkeldurr|brn|[from] item: Flame Orb\n|upkeep\n|turn|13\n|\n|t:|1700911610\n|switch|p2a: Corviknight|Corviknight, F|100\/100\n|-ability|p2a: Corviknight|Pressure\n|move|p1a: Conkeldurr|Facade|p2a: Corviknight\n|-resisted|p2a: Corviknight\n|-damage|p2a: Corviknight|76\/100\n|-damage|p1a: Conkeldurr|45\/100 brn|[from] item: Rocky Helmet|[of] p2a: Corviknight\n|\n|-damage|p1a: Conkeldurr|39\/100 brn|[from] brn\n|upkeep\n|turn|14\n|\n|t:|1700911629\n|move|p2a: Corviknight|Brave Bird|p1a: Conkeldurr\n|-supereffective|p1a: Conkeldurr\n|-damage|p1a: Conkeldurr|0 fnt\n|faint|p1a: Conkeldurr\n|-damage|p2a: Corviknight|63\/100|[from] Recoil\n|\n|upkeep\n|\n|t:|1700911637\n|switch|p1a: Azumarill|Azumarill, F|100\/100\n|turn|15\n|\n|t:|1700911644\n|move|p2a: Corviknight|Brave Bird|p1a: Azumarill\n|-damage|p1a: Azumarill|63\/100\n|-damage|p2a: Corviknight|50\/100|[from] Recoil\n|move|p1a: Azumarill|Belly Drum|p1a: Azumarill\n|-damage|p1a: Azumarill|13\/100\n|-setboost|p1a: Azumarill|atk|6|[from] move: Belly Drum\n|-enditem|p1a: Azumarill|Sitrus Berry|[eat]\n|-heal|p1a: Azumarill|38\/100|[from] item: Sitrus Berry\n|\n|upkeep\n|turn|16\n|\n|t:|1700911670\n|move|p1a: Azumarill|Aqua Jet|p2a: Corviknight\n|-damage|p2a: Corviknight|0 fnt\n|-damage|p1a: Azumarill|22\/100|[from] item: Rocky Helmet|[of] p2a: Corviknight\n|faint|p2a: Corviknight\n|\n|upkeep\n|\n|t:|1700911719\n|switch|p2a: Grimmsnarl|Grimmsnarl, M|54\/100\n|turn|17\n|\n|t:|1700911727\n|move|p2a: Grimmsnarl|Light Screen|p2a: Grimmsnarl\n|-sidestart|p2: RPPLF_Qilin|move: Light Screen\n|move|p1a: Azumarill|Aqua Jet|p2a: Grimmsnarl\n|-damage|p2a: Grimmsnarl|0 fnt\n|faint|p2a: Grimmsnarl\n|\n|upkeep\n|\n|t:|1700911734\n|switch|p2a: Arceus|Arceus|100\/100\n|turn|18\n|\n|t:|1700911740\n|move|p2a: Arceus|Extreme Speed|p1a: Azumarill\n|-crit|p1a: Azumarill\n|-damage|p1a: Azumarill|0 fnt\n|faint|p1a: Azumarill\n|\n|upkeep\n|\n|t:|1700911762\n|switch|p1a: Dondozo|Dondozo, F|21\/100 tox\n|turn|19\n|\n|t:|1700911803\n|switch|p2a: Regidrago|Regidrago|100\/100\n|move|p1a: Dondozo|Rest|p1a: Dondozo\n|-status|p1a: Dondozo|slp|[from] move: Rest\n|-heal|p1a: Dondozo|100\/100 slp|[silent]\n|\n|upkeep\n|turn|20\n|\n|t:|1700911820\n|move|p2a: Regidrago|Dragon Dance|p2a: Regidrago\n|-boost|p2a: Regidrago|atk|1\n|-boost|p2a: Regidrago|spe|1\n|cant|p1a: Dondozo|slp\n|\n|upkeep\n|turn|21\n|\n|t:|1700911826\n|move|p2a: Regidrago|Dragon Energy|p1a: Dondozo\n|-damage|p1a: Dondozo|0 fnt\n|faint|p1a: Dondozo\n|\n|upkeep\n|\n|t:|1700911837\n|switch|p1a: Roaring Moon|Roaring Moon|100\/100\n|-enditem|p1a: Roaring Moon|Booster Energy\n|-activate|p1a: Roaring Moon|ability: Protosynthesis|[fromitem]\n|-start|p1a: Roaring Moon|protosynthesisatk\n|turn|22\n|\n|t:|1700911854\n|-terastallize|p1a: Roaring Moon|Ghost\n|move|p2a: Regidrago|Dragon Energy|p1a: Roaring Moon\n|-damage|p1a: Roaring Moon|0 fnt\n|faint|p1a: Roaring Moon\n|-end|p1a: Roaring Moon|Protosynthesis|[silent]\n|\n|upkeep\n|c|\u2606Asta_RPPLF|Gg\n|-message|Asta_RPPLF forfeited.\n|\n|win|RPPLF_Qilin\n|l|\u2606Asta_RPPLF\n|c|\u2606RPPLF_Qilin|Gg\n","uploadtime":1700911873,"views":1,"p1id":"astarpplf","p2id":"rpplfqilin","formatid":"gen9ubers","rating":0,"private":0,"password":""}