{"id":"gen9ubers-1974007505","p1":"MeteorAsh15","p2":"Litxch","format":"[Gen 9] Ubers","log":"|j|\u2606MeteorAsh15\n|j|\u2606Litxch\n|t:|1698040755\n|gametype|singles\n|player|p1|MeteorAsh15|nate|1258\n|player|p2|Litxch|scientist-gen4|1000\n|teamsize|p1|6\n|teamsize|p2|6\n|gen|9\n|tier|[Gen 9] Ubers\n|rated|\n|rule|Sleep Clause Mod: Limit one foe put to sleep\n|rule|Species Clause: Limit one of each Pok\u00e9mon\n|rule|OHKO Clause: OHKO moves are banned\n|rule|Evasion Items Clause: Evasion items are banned\n|rule|Evasion Moves Clause: Evasion moves are banned\n|rule|Endless Battle Clause: Forcing endless battles is banned\n|rule|HP Percentage Mod: HP is shown in percentages\n|clearpoke\n|poke|p1|Baxcalibur, F|\n|poke|p1|Ninetales-Alola, F|\n|poke|p1|Koraidon|\n|poke|p1|Zacian-*|\n|poke|p1|Tornadus, M|\n|poke|p1|Ribombee, F|\n|poke|p2|Iron Bundle|\n|poke|p2|Blissey, F|\n|poke|p2|Gholdengo|\n|poke|p2|Clodsire, F|\n|poke|p2|Manaphy|\n|poke|p2|Koraidon|\n|teampreview\n|inactive|Battle timer is ON: inactive players will automatically lose when time's up. (requested by MeteorAsh15)\n|c|\u2606MeteorAsh15|Glhf\n|inactive|Litxch has 120 seconds left.\n|\n|t:|1698040796\n|start\n|switch|p1a: Ribombee|Ribombee, F, shiny|100\/100\n|switch|p2a: Muddy|Clodsire, F, shiny|100\/100\n|turn|1\n|\n|t:|1698040802\n|move|p1a: Ribombee|Sticky Web|p2a: Muddy\n|-sidestart|p2: Litxch|move: Sticky Web\n|move|p2a: Muddy|Curse|p2a: Muddy\n|-unboost|p2a: Muddy|spe|1\n|-boost|p2a: Muddy|atk|1\n|-boost|p2a: Muddy|def|1\n|\n|upkeep\n|turn|2\n|\n|t:|1698040809\n|move|p1a: Ribombee|Stun Spore|p2a: Muddy\n|-status|p2a: Muddy|par\n|move|p2a: Muddy|Curse|p2a: Muddy\n|-unboost|p2a: Muddy|spe|1\n|-boost|p2a: Muddy|atk|1\n|-boost|p2a: Muddy|def|1\n|\n|upkeep\n|turn|3\n|\n|t:|1698040819\n|switch|p1a: Tornadus|Tornadus, M, shiny|100\/100\n|move|p2a: Muddy|Curse|p2a: Muddy\n|-unboost|p2a: Muddy|spe|1\n|-boost|p2a: Muddy|atk|1\n|-boost|p2a: Muddy|def|1\n|\n|upkeep\n|turn|4\n|\n|t:|1698040830\n|move|p1a: Tornadus|Bleakwind Storm|p2a: Muddy\n|-damage|p2a: Muddy|79\/100 par\n|-unboost|p2a: Muddy|spe|1\n|cant|p2a: Muddy|par\n|\n|-heal|p2a: Muddy|85\/100 par|[from] item: Black Sludge\n|upkeep\n|turn|5\n|\n|t:|1698040839\n|move|p1a: Tornadus|Bleakwind Storm|p2a: Muddy\n|-damage|p2a: Muddy|62\/100 par\n|move|p2a: Muddy|Gunk Shot|p1a: Tornadus\n|-damage|p1a: Tornadus|24\/100\n|-status|p1a: Tornadus|psn\n|\n|-heal|p2a: Muddy|68\/100 par|[from] item: Black Sludge\n|-damage|p1a: Tornadus|12\/100 psn|[from] psn\n|upkeep\n|turn|6\n|\n|t:|1698040850\n|move|p1a: Tornadus|Tailwind|p1a: Tornadus\n|-sidestart|p1: MeteorAsh15|move: Tailwind\n|move|p2a: Muddy|Curse|p2a: Muddy\n|-unboost|p2a: Muddy|spe|1\n|-boost|p2a: Muddy|atk|1\n|-boost|p2a: Muddy|def|1\n|\n|-heal|p2a: Muddy|74\/100 par|[from] item: Black Sludge\n|-damage|p1a: Tornadus|0 fnt|[from] psn\n|faint|p1a: Tornadus\n|upkeep\n|\n|t:|1698040861\n|switch|p1a: Ninetales|Ninetales-Alola, F|100\/100\n|-weather|Snow|[from] ability: Snow Warning|[of] p1a: Ninetales\n|turn|7\n|\n|t:|1698040872\n|move|p1a: Ninetales|Freeze-Dry|p2a: Muddy\n|-supereffective|p2a: Muddy\n|-damage|p2a: Muddy|48\/100 par\n|move|p2a: Muddy|Earthquake|p1a: Ninetales\n|-damage|p1a: Ninetales|20\/100\n|\n|-weather|Snow|[upkeep]\n|-heal|p2a: Muddy|54\/100 par|[from] item: Black Sludge\n|upkeep\n|turn|8\n|\n|t:|1698040881\n|move|p1a: Ninetales|Freeze-Dry|p2a: Muddy\n|-supereffective|p2a: Muddy\n|-damage|p2a: Muddy|27\/100 par\n|move|p2a: Muddy|Recover|p2a: Muddy\n|-heal|p2a: Muddy|77\/100 par\n|\n|-weather|Snow|[upkeep]\n|-heal|p2a: Muddy|83\/100 par|[from] item: Black Sludge\n|upkeep\n|turn|9\n|\n|t:|1698040891\n|move|p1a: Ninetales|Encore|p2a: Muddy\n|-start|p2a: Muddy|Encore\n|cant|p2a: Muddy|par\n|\n|-weather|Snow|[upkeep]\n|-heal|p2a: Muddy|89\/100 par|[from] item: Black Sludge\n|-sideend|p1: MeteorAsh15|move: Tailwind\n|upkeep\n|turn|10\n|\n|t:|1698040899\n|switch|p1a: Baxcalibur|Baxcalibur, F|100\/100\n|move|p2a: Muddy|Recover|p2a: Muddy\n|-heal|p2a: Muddy|100\/100 par\n|\n|-weather|Snow|[upkeep]\n|upkeep\n|turn|11\n|\n|t:|1698040917\n|move|p1a: Baxcalibur|Swords Dance|p1a: Baxcalibur\n|-boost|p1a: Baxcalibur|atk|2\n|move|p2a: Muddy|Recover||[still]\n|-fail|p2a: Muddy|heal\n|\n|-weather|none\n|-end|p2a: Muddy|Encore\n|upkeep\n|turn|12\n|\n|t:|1698040926\n|-terastallize|p1a: Baxcalibur|Ground\n|move|p1a: Baxcalibur|Earthquake|p2a: Muddy\n|-supereffective|p2a: Muddy\n|-damage|p2a: Muddy|22\/100 par\n|move|p2a: Muddy|Earthquake|p1a: Baxcalibur\n|-damage|p1a: Baxcalibur|20\/100\n|\n|-heal|p2a: Muddy|29\/100 par|[from] item: Black Sludge\n|upkeep\n|turn|13\n|\n|t:|1698040939\n|switch|p2a: Koraidon|Koraidon|100\/100\n|-activate|p2a: Koraidon|move: Sticky Web\n|-unboost|p2a: Koraidon|spe|1\n|-weather|SunnyDay|[from] ability: Orichalcum Pulse|[of] p2a: Koraidon\n|-activate|p2a: Koraidon|Orichalcum Pulse|[source]\n|move|p1a: Baxcalibur|Earthquake|p2a: Koraidon\n|-damage|p2a: Koraidon|0 fnt\n|faint|p2a: Koraidon\n|\n|-weather|SunnyDay|[upkeep]\n|upkeep\n|\n|t:|1698040952\n|switch|p2a: Manaphy|Manaphy|100\/100\n|-activate|p2a: Manaphy|move: Sticky Web\n|-unboost|p2a: Manaphy|spe|1\n|turn|14\n|\n|t:|1698040957\n|move|p1a: Baxcalibur|Scale Shot|p2a: Manaphy\n|-damage|p2a: Manaphy|76\/100\n|-damage|p2a: Manaphy|53\/100\n|-damage|p2a: Manaphy|26\/100\n|-damage|p2a: Manaphy|0 fnt\n|faint|p2a: Manaphy\n|-hitcount|p2: Manaphy|4\n|-unboost|p1a: Baxcalibur|def|1\n|-boost|p1a: Baxcalibur|spe|1\n|\n|-weather|SunnyDay|[upkeep]\n|upkeep\n|\n|t:|1698040968\n|switch|p2a: MAMA|Blissey, F, shiny|100\/100\n|-activate|p2a: MAMA|move: Sticky Web\n|-unboost|p2a: MAMA|spe|1\n|turn|15\n|\n|t:|1698040977\n|move|p1a: Baxcalibur|Icicle Spear|p2a: MAMA\n|-damage|p2a: MAMA|74\/100\n|-damage|p2a: MAMA|47\/100\n|-damage|p2a: MAMA|22\/100\n|-damage|p2a: MAMA|0 fnt\n|faint|p2a: MAMA\n|-hitcount|p2: MAMA|4\n|\n|-weather|SunnyDay|[upkeep]\n|upkeep\n|\n|t:|1698040987\n|switch|p2a: Wrong Gift|Iron Bundle, shiny|100\/100\n|-activate|p2a: Wrong Gift|move: Sticky Web\n|-unboost|p2a: Wrong Gift|spe|1\n|turn|16\n|\n|t:|1698040994\n|move|p1a: Baxcalibur|Scale Shot|p2a: Wrong Gift\n|-crit|p2a: Wrong Gift\n|-damage|p2a: Wrong Gift|47\/100\n|-damage|p2a: Wrong Gift|12\/100\n|-damage|p2a: Wrong Gift|0 fnt\n|faint|p2a: Wrong Gift\n|-end|p2a: Wrong Gift|Quark Drive|[silent]\n|-hitcount|p2: Wrong Gift|3\n|-unboost|p1a: Baxcalibur|def|1\n|-boost|p1a: Baxcalibur|spe|1\n|\n|-weather|SunnyDay|[upkeep]\n|upkeep\n|\n|t:|1698041004\n|switch|p2a: Scrooge|Gholdengo, shiny|100\/100\n|-activate|p2a: Scrooge|move: Sticky Web\n|-unboost|p2a: Scrooge|spe|1\n|turn|17\n|\n|t:|1698041011\n|move|p1a: Baxcalibur|Earthquake|p2a: Scrooge\n|-supereffective|p2a: Scrooge\n|-damage|p2a: Scrooge|0 fnt\n|faint|p2a: Scrooge\n|\n|-weather|none\n|upkeep\n|\n|t:|1698041016\n|switch|p2a: Muddy|Clodsire, F, shiny|29\/100 par\n|-activate|p2a: Muddy|move: Sticky Web\n|-unboost|p2a: Muddy|spe|1\n|turn|18\n|\n|t:|1698041022\n|move|p1a: Baxcalibur|Earthquake|p2a: Muddy\n|-supereffective|p2a: Muddy\n|-damage|p2a: Muddy|0 fnt\n|faint|p2a: Muddy\n|\n|win|MeteorAsh15\n|raw|MeteorAsh15's rating: 1258 &rarr; <strong>1267<\/strong><br \/>(+9 for winning)\n|raw|Litxch's rating: 1000 &rarr; <strong>1000<\/strong><br \/>(+0 for losing)\n|l|\u2606Litxch\n","uploadtime":1698041080,"views":15,"p1id":"meteorash15","p2id":"litxch","formatid":"gen9ubers","rating":1000,"private":0,"password":""}