{"id":"gen9ubers-1982702835","p1":"lmj12345","p2":"MrDrRubencio","format":"[Gen 9] Ubers","log":"|j|\u2606lmj12345\n|j|\u2606MrDrRubencio\n|t:|1699037154\n|gametype|singles\n|player|p1|lmj12345|170|1171\n|player|p2|MrDrRubencio|emmet|1232\n|teamsize|p1|6\n|teamsize|p2|6\n|gen|9\n|tier|[Gen 9] Ubers\n|rated|\n|rule|Sleep Clause Mod: Limit one foe put to sleep\n|rule|Species Clause: Limit one of each Pok\u00e9mon\n|rule|OHKO Clause: OHKO moves are banned\n|rule|Evasion Items Clause: Evasion items are banned\n|rule|Evasion Moves Clause: Evasion moves are banned\n|rule|Endless Battle Clause: Forcing endless battles is banned\n|rule|HP Percentage Mod: HP is shown in percentages\n|clearpoke\n|poke|p1|Zacian-*|\n|poke|p1|Koraidon|\n|poke|p1|Miraidon|\n|poke|p1|Chi-Yu|\n|poke|p1|Arceus-Fairy|\n|poke|p1|Toxapex, F|\n|poke|p2|Koraidon|\n|poke|p2|Chi-Yu|\n|poke|p2|Walking Wake|\n|poke|p2|Miraidon|\n|poke|p2|Zacian-*|\n|poke|p2|Great Tusk|\n|teampreview\n|\n|t:|1699037183\n|start\n|switch|p1a: Toxapex|Toxapex, F, shiny|100\/100\n|switch|p2a: Motomami|Miraidon|100\/100\n|-fieldstart|move: Electric Terrain|[from] ability: Hadron Engine|[of] p2a: Motomami\n|turn|1\n|inactive|Battle timer is ON: inactive players will automatically lose when time's up. (requested by MrDrRubencio)\n|\n|t:|1699037202\n|-terastallize|p1a: Toxapex|Ground\n|move|p2a: Motomami|Electro Drift|p1a: Toxapex\n|-immune|p1a: Toxapex\n|move|p1a: Toxapex|Toxic Spikes|p2a: Motomami\n|-sidestart|p2: MrDrRubencio|move: Toxic Spikes\n|\n|upkeep\n|turn|2\n|\n|t:|1699037223\n|switch|p2a: MrGraso|Great Tusk|100\/100\n|-status|p2a: MrGraso|psn\n|move|p1a: Toxapex|Toxic Spikes|p2a: MrGraso\n|-sidestart|p2: MrDrRubencio|move: Toxic Spikes\n|\n|-damage|p2a: MrGraso|88\/100 psn|[from] psn\n|upkeep\n|turn|3\n|inactive|lmj12345 has 120 seconds left.\n|\n|t:|1699037272\n|switch|p1a: Miraidon|Miraidon|100\/100\n|-activate|p1a: Miraidon|ability: Hadron Engine\n|move|p2a: MrGraso|Rapid Spin|p1a: Miraidon\n|-damage|p1a: Miraidon|89\/100\n|-boost|p2a: MrGraso|spe|1\n|-sideend|p2: MrDrRubencio|Toxic Spikes|[from] move: Rapid Spin|[of] p2a: MrGraso\n|\n|-heal|p1a: Miraidon|95\/100|[from] item: Leftovers\n|-damage|p2a: MrGraso|76\/100 psn|[from] psn\n|upkeep\n|turn|4\n|\n|t:|1699037284\n|move|p1a: Miraidon|Draco Meteor|p2a: MrGraso\n|-damage|p2a: MrGraso|32\/100 psn\n|-unboost|p1a: Miraidon|spa|2\n|move|p2a: MrGraso|Knock Off|p1a: Miraidon\n|-damage|p1a: Miraidon|72\/100\n|-enditem|p1a: Miraidon|Leftovers|[from] move: Knock Off|[of] p2a: MrGraso\n|\n|-damage|p2a: MrGraso|19\/100 psn|[from] psn\n|upkeep\n|turn|5\n|inactive|lmj12345 has 90 seconds left.\n|\n|t:|1699037300\n|switch|p1a: Toxapex|Toxapex, F, shiny, tera:Ground|100\/100\n|move|p2a: MrGraso|Earthquake|p1a: Toxapex\n|-damage|p1a: Toxapex|74\/100\n|\n|-heal|p1a: Toxapex|80\/100|[from] item: Leftovers\n|-damage|p2a: MrGraso|7\/100 psn|[from] psn\n|-fieldend|move: Electric Terrain\n|upkeep\n|turn|6\n|\n|t:|1699037310\n|move|p2a: MrGraso|Knock Off|p1a: Toxapex\n|-damage|p1a: Toxapex|64\/100\n|-enditem|p1a: Toxapex|Leftovers|[from] move: Knock Off|[of] p2a: MrGraso\n|move|p1a: Toxapex|Recover|p1a: Toxapex\n|-heal|p1a: Toxapex|100\/100\n|\n|-damage|p2a: MrGraso|0 fnt|[from] psn\n|faint|p2a: MrGraso\n|-end|p2a: MrGraso|Protosynthesis|[silent]\n|upkeep\n|\n|t:|1699037314\n|switch|p2a: Doomentio|Koraidon|100\/100\n|-weather|SunnyDay|[from] ability: Orichalcum Pulse|[of] p2a: Doomentio\n|-activate|p2a: Doomentio|Orichalcum Pulse|[source]\n|turn|7\n|\n|t:|1699037326\n|move|p2a: Doomentio|Swords Dance|p2a: Doomentio\n|-boost|p2a: Doomentio|atk|2\n|move|p1a: Toxapex|Toxic Spikes|p2a: Doomentio\n|-sidestart|p2: MrDrRubencio|move: Toxic Spikes\n|\n|-weather|SunnyDay|[upkeep]\n|upkeep\n|turn|8\n|\n|t:|1699037330\n|move|p2a: Doomentio|Scale Shot|p1a: Toxapex\n|-damage|p1a: Toxapex|77\/100\n|-damage|p1a: Toxapex|55\/100\n|-damage|p1a: Toxapex|33\/100\n|-damage|p1a: Toxapex|11\/100\n|-damage|p1a: Toxapex|0 fnt\n|faint|p1a: Toxapex\n|-hitcount|p1: Toxapex|5\n|-unboost|p2a: Doomentio|def|1\n|-boost|p2a: Doomentio|spe|1\n|\n|-weather|SunnyDay|[upkeep]\n|upkeep\n|\n|t:|1699037341\n|switch|p1a: Zacian|Zacian-Crowned, shiny|100\/100\n|-ability|p1a: Zacian|Intrepid Sword|boost\n|-boost|p1a: Zacian|atk|1\n|turn|9\n|\n|t:|1699037354\n|move|p2a: Doomentio|Flare Blitz|p1a: Zacian\n|-supereffective|p1a: Zacian\n|-damage|p1a: Zacian|0 fnt\n|faint|p1a: Zacian\n|-damage|p2a: Doomentio|69\/100|[from] Recoil\n|\n|-weather|SunnyDay|[upkeep]\n|upkeep\n|\n|t:|1699037366\n|switch|p1a: Miraidon|Miraidon|72\/100\n|-fieldstart|move: Electric Terrain|[from] ability: Hadron Engine|[of] p1a: Miraidon\n|turn|10\n|\n|t:|1699037371\n|move|p2a: Doomentio|Scale Shot|p1a: Miraidon\n|-supereffective|p1a: Miraidon\n|-damage|p1a: Miraidon|14\/100\n|-supereffective|p1a: Miraidon\n|-damage|p1a: Miraidon|0 fnt\n|faint|p1a: Miraidon\n|-hitcount|p1: Miraidon|2\n|-unboost|p2a: Doomentio|def|1\n|-boost|p2a: Doomentio|spe|1\n|\n|-weather|SunnyDay|[upkeep]\n|upkeep\n|c|\u2606MrDrRubencio|gg\n|inactive|lmj12345 has 90 seconds left.\n|\n|t:|1699037402\n|switch|p1a: Arceus|Arceus-Fairy, shiny|100\/100\n|turn|11\n|\n|t:|1699037407\n|move|p2a: Doomentio|Flare Blitz|p1a: Arceus\n|-damage|p1a: Arceus|0 fnt\n|faint|p1a: Arceus\n|-damage|p2a: Doomentio|26\/100|[from] Recoil\n|\n|-weather|none\n|upkeep\n|\n|t:|1699037411\n|switch|p1a: Koraidon|Koraidon|100\/100\n|-weather|SunnyDay|[from] ability: Orichalcum Pulse|[of] p1a: Koraidon\n|-activate|p1a: Koraidon|Orichalcum Pulse|[source]\n|turn|12\n|\n|t:|1699037416\n|move|p2a: Doomentio|Scale Shot|p1a: Koraidon\n|-supereffective|p1a: Koraidon\n|-damage|p1a: Koraidon|43\/100\n|-supereffective|p1a: Koraidon\n|-damage|p1a: Koraidon|0 fnt\n|faint|p1a: Koraidon\n|-hitcount|p1: Koraidon|2\n|-unboost|p2a: Doomentio|def|1\n|-boost|p2a: Doomentio|spe|1\n|\n|-weather|SunnyDay|[upkeep]\n|upkeep\n|\n|t:|1699037421\n|switch|p1a: Chi-Yu|Chi-Yu|100\/100\n|-ability|p1a: Chi-Yu|Beads of Ruin\n|turn|13\n|\n|t:|1699037423\n|move|p2a: Doomentio|Collision Course|p1a: Chi-Yu\n|-supereffective|p1a: Chi-Yu\n|-damage|p1a: Chi-Yu|0 fnt\n|faint|p1a: Chi-Yu\n|\n|win|MrDrRubencio\n|raw|lmj12345's rating: 1171 &rarr; <strong>1150<\/strong><br \/>(-21 for losing)\n|raw|MrDrRubencio's rating: 1232 &rarr; <strong>1253<\/strong><br \/>(+21 for winning)\n|l|\u2606lmj12345\n|l|\u2606MrDrRubencio\n|j|\u2606MrDrRubencio\n|player|p2|MrDrRubencio|emmet\n","uploadtime":1699037962,"views":9,"p1id":"lmj12345","p2id":"mrdrrubencio","formatid":"gen9ubers","rating":1150,"private":0,"password":""}