{"id":"gen9ubers-1968228277","p1":"Spler","p2":"cwzkygf","format":"[Gen 9] Ubers","log":"|j|\u2606Spler\n|j|\u2606cwzkygf\n|t:|1697396912\n|gametype|singles\n|player|p1|Spler|2|1242\n|player|p2|cwzkygf|hilbert-wonderlauncher|1075\n|teamsize|p1|6\n|teamsize|p2|6\n|gen|9\n|tier|[Gen 9] Ubers\n|rated|\n|rule|Sleep Clause Mod: Limit one foe put to sleep\n|rule|Species Clause: Limit one of each Pok\u00e9mon\n|rule|OHKO Clause: OHKO moves are banned\n|rule|Evasion Items Clause: Evasion items are banned\n|rule|Evasion Moves Clause: Evasion moves are banned\n|rule|Endless Battle Clause: Forcing endless battles is banned\n|rule|HP Percentage Mod: HP is shown in percentages\n|clearpoke\n|poke|p1|Koraidon|\n|poke|p1|Ting-Lu|\n|poke|p1|Skeledirge, F|\n|poke|p1|Espathra, M|\n|poke|p1|Zacian-*|\n|poke|p1|Miraidon|\n|poke|p2|Kyogre|\n|poke|p2|Miraidon|\n|poke|p2|Palafin, M|\n|poke|p2|Regieleki|\n|poke|p2|Ribombee, F|\n|poke|p2|Flutter Mane|\n|teampreview\n|inactive|Battle timer is ON: inactive players will automatically lose when time's up. (requested by cwzkygf)\n|j| by fu hi hi i\n|\n|t:|1697396921\n|start\n|switch|p1a: Espathra|Espathra, M|100\/100\n|switch|p2a: Ribombee|Ribombee, F, shiny|100\/100\n|turn|1\n|\n|t:|1697396930\n|move|p2a: Ribombee|Tailwind|p2a: Ribombee\n|-sidestart|p2: cwzkygf|move: Tailwind\n|move|p1a: Espathra|Substitute|p1a: Espathra\n|-start|p1a: Espathra|Substitute\n|-damage|p1a: Espathra|76\/100\n|\n|-heal|p1a: Espathra|82\/100|[from] item: Leftovers\n|-ability|p1a: Espathra|Speed Boost|boost\n|-boost|p1a: Espathra|spe|1\n|upkeep\n|turn|2\n|\n|t:|1697396941\n|switch|p2a: Kyogre|Kyogre, shiny|100\/100\n|-weather|RainDance|[from] ability: Drizzle|[of] p2a: Kyogre\n|move|p1a: Espathra|Calm Mind|p1a: Espathra\n|-boost|p1a: Espathra|spa|1\n|-boost|p1a: Espathra|spd|1\n|\n|-weather|RainDance|[upkeep]\n|-heal|p1a: Espathra|88\/100|[from] item: Leftovers\n|-ability|p1a: Espathra|Speed Boost|boost\n|-boost|p1a: Espathra|spe|1\n|upkeep\n|turn|3\n|\n|t:|1697396953\n|move|p2a: Kyogre|Water Spout|p1a: Espathra\n|-end|p1a: Espathra|Substitute\n|move|p1a: Espathra|Calm Mind|p1a: Espathra\n|-boost|p1a: Espathra|spa|1\n|-boost|p1a: Espathra|spd|1\n|\n|-weather|RainDance|[upkeep]\n|-heal|p1a: Espathra|94\/100|[from] item: Leftovers\n|-ability|p1a: Espathra|Speed Boost|boost\n|-boost|p1a: Espathra|spe|1\n|upkeep\n|turn|4\n|\n|t:|1697396964\n|-terastallize|p2a: Kyogre|Water\n|move|p1a: Espathra|Stored Power|p2a: Kyogre\n|-damage|p2a: Kyogre|0 fnt\n|faint|p2a: Kyogre\n|\n|-weather|RainDance|[upkeep]\n|-heal|p1a: Espathra|99\/100|[from] item: Leftovers\n|-sideend|p2: cwzkygf|move: Tailwind\n|-ability|p1a: Espathra|Speed Boost|boost\n|-boost|p1a: Espathra|spe|1\n|upkeep\n|\n|t:|1697396973\n|switch|p2a: Palafin|Palafin, M, shiny|100\/100\n|turn|5\n|\n|t:|1697396979\n|detailschange|p2a: Palafin|Palafin-Hero, M, shiny\n|switch|p2a: Ribombee|Ribombee, F, shiny|100\/100\n|move|p1a: Espathra|Stored Power|p2a: Ribombee\n|-enditem|p2a: Ribombee|Focus Sash\n|-damage|p2a: Ribombee|1\/100\n|\n|-weather|RainDance|[upkeep]\n|-heal|p1a: Espathra|100\/100|[from] item: Leftovers\n|-ability|p1a: Espathra|Speed Boost|boost\n|-boost|p1a: Espathra|spe|1\n|upkeep\n|turn|6\n|\n|t:|1697396990\n|move|p1a: Espathra|Substitute|p1a: Espathra\n|-start|p1a: Espathra|Substitute\n|-damage|p1a: Espathra|76\/100\n|move|p2a: Ribombee|Moonblast|p1a: Espathra\n|-end|p1a: Espathra|Substitute\n|\n|-weather|none\n|-heal|p1a: Espathra|82\/100|[from] item: Leftovers\n|-ability|p1a: Espathra|Speed Boost|boost\n|-boost|p1a: Espathra|spe|1\n|upkeep\n|turn|7\n|\n|t:|1697397000\n|move|p1a: Espathra|Calm Mind|p1a: Espathra\n|-boost|p1a: Espathra|spa|1\n|-boost|p1a: Espathra|spd|1\n|move|p2a: Ribombee|Moonblast|p1a: Espathra\n|-damage|p1a: Espathra|59\/100\n|\n|-heal|p1a: Espathra|65\/100|[from] item: Leftovers\n|upkeep\n|turn|8\n|\n|t:|1697397009\n|move|p1a: Espathra|Substitute|p1a: Espathra\n|-start|p1a: Espathra|Substitute\n|-damage|p1a: Espathra|41\/100\n|move|p2a: Ribombee|Sticky Web|p1a: Espathra\n|-sidestart|p1: Spler|move: Sticky Web\n|\n|-heal|p1a: Espathra|47\/100|[from] item: Leftovers\n|upkeep\n|turn|9\n|\n|t:|1697397017\n|move|p1a: Espathra|Stored Power|p2a: Ribombee\n|-damage|p2a: Ribombee|0 fnt\n|faint|p2a: Ribombee\n|\n|-heal|p1a: Espathra|53\/100|[from] item: Leftovers\n|upkeep\n|-message|cwzkygf forfeited.\n|\n|win|Spler\n|raw|Spler's rating: 1242 &rarr; <strong>1256<\/strong><br \/>(+14 for winning)\n|raw|cwzkygf's rating: 1075 &rarr; <strong>1063<\/strong><br \/>(-12 for losing)\n|l|\u2606cwzkygf\n","uploadtime":1697397030,"views":10,"p1id":"spler","p2id":"cwzkygf","formatid":"gen9ubers","rating":1063,"private":0,"password":""}