{"id":"gen9ubers-1983646401","p1":"MythicSword","p2":"dumpy lump","format":"[Gen 9] Ubers","log":"|j|\u2606MythicSword\n|j|\u2606dumpy lump\n|t:|1699153475\n|gametype|singles\n|player|p1|MythicSword|cynthia-gen4|\n|player|p2|dumpy lump|volo|\n|teamsize|p1|6\n|teamsize|p2|6\n|gen|9\n|tier|[Gen 9] Ubers\n|rule|Sleep Clause Mod: Limit one foe put to sleep\n|rule|Species Clause: Limit one of each Pok\u00e9mon\n|rule|OHKO Clause: OHKO moves are banned\n|rule|Evasion Items Clause: Evasion items are banned\n|rule|Evasion Moves Clause: Evasion moves are banned\n|rule|Endless Battle Clause: Forcing endless battles is banned\n|rule|HP Percentage Mod: HP is shown in percentages\n|clearpoke\n|poke|p1|Torkoal, F|\n|poke|p1|Walking Wake|\n|poke|p1|Chi-Yu|\n|poke|p1|Arceus-Grass|\n|poke|p1|Zacian-*|\n|poke|p1|Magearna-Original|\n|poke|p2|Azumarill, F|\n|poke|p2|Garchomp, M|\n|poke|p2|Chi-Yu|\n|poke|p2|Palkia-Origin|\n|poke|p2|Magearna|\n|poke|p2|Cyclizar, M|\n|teampreview\n|\n|t:|1699153534\n|start\n|switch|p1a: Torkoal|Torkoal, F|100\/100\n|switch|p2a: Magearna|Magearna|100\/100\n|-weather|SunnyDay|[from] ability: Drought|[of] p1a: Torkoal\n|turn|1\n|\n|t:|1699153551\n|move|p2a: Magearna|Trick|p1a: Torkoal\n|-activate|p2a: Magearna|move: Trick|[of] p1a: Torkoal\n|-item|p1a: Torkoal|Choice Scarf|[from] move: Trick\n|-item|p2a: Magearna|Heat Rock|[from] move: Trick\n|move|p1a: Torkoal|Lava Plume|p2a: Magearna\n|-supereffective|p2a: Magearna\n|-damage|p2a: Magearna|51\/100\n|\n|-weather|SunnyDay|[upkeep]\n|upkeep\n|turn|2\n|\n|t:|1699153567\n|switch|p2a: Garchomp|Garchomp, M|100\/100\n|move|p1a: Torkoal|Lava Plume|p2a: Garchomp\n|-resisted|p2a: Garchomp\n|-damage|p2a: Garchomp|81\/100\n|-status|p2a: Garchomp|brn\n|\n|-weather|SunnyDay|[upkeep]\n|-damage|p2a: Garchomp|75\/100 brn|[from] brn\n|upkeep\n|turn|3\n|c|\u2606dumpy lump|burn moment\n|\n|t:|1699153579\n|switch|p1a: Arceus|Arceus-Grass|100\/100\n|move|p2a: Garchomp|Swords Dance|p2a: Garchomp\n|-boost|p2a: Garchomp|atk|2\n|\n|-weather|SunnyDay|[upkeep]\n|-damage|p2a: Garchomp|69\/100 brn|[from] brn\n|upkeep\n|turn|4\n|\n|t:|1699153635\n|move|p1a: Arceus|Judgment|p2a: Garchomp\n|-damage|p2a: Garchomp|17\/100 brn\n|move|p2a: Garchomp|Swords Dance|p2a: Garchomp\n|-boost|p2a: Garchomp|atk|2\n|\n|-weather|SunnyDay|[upkeep]\n|-damage|p2a: Garchomp|11\/100 brn|[from] brn\n|upkeep\n|turn|5\n|\n|t:|1699153643\n|move|p1a: Arceus|Judgment|p2a: Garchomp\n|-damage|p2a: Garchomp|0 fnt\n|faint|p2a: Garchomp\n|\n|-weather|SunnyDay|[upkeep]\n|upkeep\n|\n|t:|1699153656\n|switch|p2a: Chi-Yu|Chi-Yu|100\/100\n|-ability|p2a: Chi-Yu|Beads of Ruin\n|turn|6\n|\n|t:|1699153705\n|switch|p1a: Walking Wake|Walking Wake|100\/100\n|-activate|p1a: Walking Wake|ability: Protosynthesis\n|-start|p1a: Walking Wake|protosynthesisspe\n|move|p2a: Chi-Yu|Overheat|p1a: Walking Wake\n|-resisted|p1a: Walking Wake\n|-damage|p1a: Walking Wake|39\/100\n|-unboost|p2a: Chi-Yu|spa|2\n|\n|-weather|SunnyDay|[upkeep]\n|upkeep\n|turn|7\n|\n|t:|1699153719\n|switch|p2a: Azumarill|Azumarill, F, shiny|100\/100\n|move|p1a: Walking Wake|Hydro Steam|p2a: Azumarill\n|-resisted|p2a: Azumarill\n|-crit|p2a: Azumarill\n|-damage|p2a: Azumarill|50\/100\n|\n|-weather|SunnyDay|[upkeep]\n|upkeep\n|turn|8\n|\n|t:|1699153736\n|-end|p1a: Walking Wake|Protosynthesis|[silent]\n|switch|p1a: Arceus|Arceus-Grass|100\/100\n|move|p2a: Azumarill|Play Rough|p1a: Arceus\n|-damage|p1a: Arceus|66\/100\n|\n|-weather|none\n|upkeep\n|turn|9\n|\n|t:|1699153755\n|switch|p2a: Cyclizar|Cyclizar, M|100\/100\n|move|p1a: Arceus|Judgment|p2a: Cyclizar\n|-resisted|p2a: Cyclizar\n|-crit|p2a: Cyclizar\n|-damage|p2a: Cyclizar|49\/100\n|\n|-heal|p2a: Cyclizar|55\/100|[from] item: Leftovers\n|upkeep\n|turn|10\n|\n|t:|1699153781\n|switch|p2a: Magearna|Magearna|51\/100\n|move|p1a: Arceus|Judgment|p2a: Magearna\n|-resisted|p2a: Magearna\n|-damage|p2a: Magearna|37\/100\n|\n|upkeep\n|turn|11\n|\n|t:|1699153790\n|move|p1a: Arceus|Taunt|p2a: Magearna\n|-start|p2a: Magearna|move: Taunt\n|move|p2a: Magearna|Fleur Cannon|p1a: Arceus\n|-damage|p1a: Arceus|26\/100\n|-unboost|p2a: Magearna|spa|2\n|\n|upkeep\n|turn|12\n|\n|t:|1699153796\n|move|p1a: Arceus|Recover|p1a: Arceus\n|-heal|p1a: Arceus|77\/100\n|move|p2a: Magearna|Fleur Cannon|p1a: Arceus|[miss]\n|-miss|p2a: Magearna|p1a: Arceus\n|\n|upkeep\n|turn|13\n|\n|t:|1699153801\n|move|p1a: Arceus|Calm Mind|p1a: Arceus\n|-boost|p1a: Arceus|spa|1\n|-boost|p1a: Arceus|spd|1\n|move|p2a: Magearna|Volt Switch|p1a: Arceus\n|-resisted|p1a: Arceus\n|-damage|p1a: Arceus|74\/100\n|\n|t:|1699153804\n|switch|p2a: Chi-Yu|Chi-Yu|100\/100|[from] Volt Switch\n|-ability|p2a: Chi-Yu|Beads of Ruin\n|\n|upkeep\n|turn|14\n|\n|t:|1699153839\n|switch|p1a: Chi-Yu|Chi-Yu|100\/100\n|-ability|p1a: Chi-Yu|Beads of Ruin\n|move|p2a: Chi-Yu|Overheat|p1a: Chi-Yu\n|-resisted|p1a: Chi-Yu\n|-damage|p1a: Chi-Yu|30\/100\n|-unboost|p2a: Chi-Yu|spa|2\n|\n|upkeep\n|turn|15\n|\n|t:|1699153853\n|move|p1a: Chi-Yu|Overheat|p2a: Chi-Yu\n|-resisted|p2a: Chi-Yu\n|-damage|p2a: Chi-Yu|59\/100\n|-unboost|p1a: Chi-Yu|spa|2\n|move|p2a: Chi-Yu|Overheat|p1a: Chi-Yu\n|-resisted|p1a: Chi-Yu\n|-damage|p1a: Chi-Yu|0 fnt\n|-unboost|p2a: Chi-Yu|spa|2\n|faint|p1a: Chi-Yu\n|\n|upkeep\n|\n|t:|1699153862\n|switch|p1a: Torkoal|Torkoal, F|100\/100\n|-weather|SunnyDay|[from] ability: Drought|[of] p1a: Torkoal\n|turn|16\n|\n|t:|1699153873\n|switch|p2a: Azumarill|Azumarill, F, shiny|50\/100\n|move|p1a: Torkoal|Stealth Rock|p2a: Azumarill\n|-sidestart|p2: dumpy lump|move: Stealth Rock\n|\n|-weather|SunnyDay|[upkeep]\n|upkeep\n|turn|17\n|\n|t:|1699153880\n|switch|p1a: Arceus|Arceus-Grass|74\/100\n|move|p2a: Azumarill|Liquidation|p1a: Arceus\n|-resisted|p1a: Arceus\n|-damage|p1a: Arceus|66\/100\n|\n|-weather|SunnyDay|[upkeep]\n|upkeep\n|turn|18\n|\n|t:|1699153891\n|move|p2a: Azumarill|Aqua Jet|p1a: Arceus\n|-resisted|p1a: Arceus\n|-damage|p1a: Arceus|62\/100\n|move|p1a: Arceus|Judgment|p2a: Azumarill\n|-supereffective|p2a: Azumarill\n|-damage|p2a: Azumarill|0 fnt\n|faint|p2a: Azumarill\n|\n|-weather|SunnyDay|[upkeep]\n|upkeep\n|\n|t:|1699153923\n|switch|p2a: Chi-Yu|Chi-Yu|59\/100\n|-damage|p2a: Chi-Yu|35\/100|[from] Stealth Rock\n|-ability|p2a: Chi-Yu|Beads of Ruin\n|turn|19\n|\n|t:|1699153967\n|move|p1a: Arceus|Judgment|p2a: Chi-Yu\n|-resisted|p2a: Chi-Yu\n|-damage|p2a: Chi-Yu|8\/100\n|move|p2a: Chi-Yu|Overheat|p1a: Arceus\n|-supereffective|p1a: Arceus\n|-crit|p1a: Arceus\n|-damage|p1a: Arceus|0 fnt\n|-unboost|p2a: Chi-Yu|spa|2\n|faint|p1a: Arceus\n|\n|-weather|SunnyDay|[upkeep]\n|upkeep\n|\n|t:|1699153986\n|switch|p1a: Zacian|Zacian|100\/100\n|-ability|p1a: Zacian|Intrepid Sword|boost\n|-boost|p1a: Zacian|atk|1\n|turn|20\n|\n|t:|1699153991\n|move|p1a: Zacian|Close Combat|p2a: Chi-Yu\n|-supereffective|p2a: Chi-Yu\n|-damage|p2a: Chi-Yu|0 fnt\n|-unboost|p1a: Zacian|def|1\n|-unboost|p1a: Zacian|spd|1\n|faint|p2a: Chi-Yu\n|\n|-weather|none\n|upkeep\n|\n|t:|1699154020\n|switch|p2a: Cyclizar|Cyclizar, M|88\/100\n|-damage|p2a: Cyclizar|76\/100|[from] Stealth Rock\n|turn|21\n|\n|t:|1699154038\n|switch|p2a: Magearna|Magearna|37\/100\n|-damage|p2a: Magearna|31\/100|[from] Stealth Rock\n|move|p1a: Zacian|Play Rough|p2a: Magearna\n|-resisted|p2a: Magearna\n|-damage|p2a: Magearna|2\/100\n|\n|upkeep\n|turn|22\n|\n|t:|1699154053\n|move|p1a: Zacian|Play Rough|p2a: Magearna\n|-resisted|p2a: Magearna\n|-damage|p2a: Magearna|0 fnt\n|faint|p2a: Magearna\n|\n|upkeep\n|\n|t:|1699154070\n|switch|p2a: Cyclizar|Cyclizar, M|100\/100\n|-damage|p2a: Cyclizar|88\/100|[from] Stealth Rock\n|turn|23\n|\n|t:|1699154078\n|-terastallize|p2a: Cyclizar|Fairy\n|move|p1a: Zacian|Play Rough|p2a: Cyclizar\n|-damage|p2a: Cyclizar|0 fnt\n|faint|p2a: Cyclizar\n|\n|upkeep\n|\n|t:|1699154084\n|switch|p2a: Palkia|Palkia-Origin|100\/100\n|-damage|p2a: Palkia|88\/100|[from] Stealth Rock\n|-ability|p2a: Palkia|Pressure\n|turn|24\n|c|\u2606MythicSword|thats more like it\n|c|\u2606dumpy lump|yeahhhh\n|\n|t:|1699154100\n|move|p1a: Zacian|Play Rough|p2a: Palkia|[miss]\n|-miss|p1a: Zacian|p2a: Palkia\n|move|p2a: Palkia|Hydro Pump|p1a: Zacian\n|-damage|p1a: Zacian|0 fnt\n|faint|p1a: Zacian\n|\n|upkeep\n|c|\u2606dumpy lump|thats more like it\n|c|\u2606MythicSword|of course\n|\n|t:|1699154137\n|switch|p1a: Magearna|Magearna-Original|100\/100\n|turn|25\n|\n|t:|1699154144\n|move|p2a: Palkia|Fire Blast|p1a: Magearna\n|-supereffective|p1a: Magearna\n|-damage|p1a: Magearna|49\/100\n|-status|p1a: Magearna|brn\n|move|p1a: Magearna|Fleur Cannon|p2a: Palkia\n|-supereffective|p2a: Palkia\n|-damage|p2a: Palkia|0 fnt\n|-unboost|p1a: Magearna|spa|2\n|faint|p2a: Palkia\n|\n|win|MythicSword\n|c|\u2606dumpy lump|gg\n|c|\u2606MythicSword|gg\n","uploadtime":1699154157,"views":21,"p1id":"mythicsword","p2id":"dumpylump","formatid":"gen9ubers","rating":0,"private":0,"password":""}