{"id":"gen9ubers-1987116035","p1":"Hiram1234","p2":"femboy_michelle","format":"[Gen 9] Ubers","log":"|j|\u2606Hiram1234\n|j|\u2606femboy_michelle\n|t:|1699557364\n|gametype|singles\n|player|p1|Hiram1234|steven|1093\n|player|p2|femboy_michelle|lass-gen4|1097\n|teamsize|p1|6\n|teamsize|p2|6\n|gen|9\n|tier|[Gen 9] Ubers\n|rated|\n|rule|Sleep Clause Mod: Limit one foe put to sleep\n|rule|Species Clause: Limit one of each Pok\u00e9mon\n|rule|OHKO Clause: OHKO moves are banned\n|rule|Evasion Items Clause: Evasion items are banned\n|rule|Evasion Moves Clause: Evasion moves are banned\n|rule|Endless Battle Clause: Forcing endless battles is banned\n|rule|HP Percentage Mod: HP is shown in percentages\n|clearpoke\n|poke|p1|Meowscarada, F|\n|poke|p1|Dragonite, F|\n|poke|p1|Zacian-*|\n|poke|p1|Sandy Shocks|\n|poke|p1|Espeon, F|\n|poke|p1|Kyogre|\n|poke|p2|Golem-Alola, F|\n|poke|p2|Hatterene, F|\n|poke|p2|Regidrago|\n|poke|p2|Regieleki|\n|poke|p2|Magearna-Original|\n|poke|p2|Arceus|\n|teampreview\n|inactive|Battle timer is ON: inactive players will automatically lose when time's up. (requested by femboy_michelle)\n|inactive|Hiram1234 also wants the timer to be on.\n|\n|t:|1699557369\n|start\n|switch|p1a: Espeon|Espeon, F, shiny|100\/100\n|switch|p2a: Golem|Golem-Alola, F, shiny|100\/100\n|turn|1\n|\n|t:|1699557376\n|move|p1a: Espeon|Grass Knot|p2a: Golem\n|-supereffective|p2a: Golem\n|-damage|p2a: Golem|0 fnt\n|faint|p2a: Golem\n|-damage|p1a: Espeon|91\/100|[from] item: Life Orb\n|\n|upkeep\n|\n|t:|1699557380\n|switch|p2a: Hatterene|Hatterene, F|100\/100\n|turn|2\n|\n|t:|1699557391\n|move|p1a: Espeon|Dazzling Gleam|p2a: Hatterene\n|-damage|p2a: Hatterene|59\/100\n|-damage|p1a: Espeon|81\/100|[from] item: Life Orb\n|move|p2a: Hatterene|Misty Explosion|p1a: Espeon\n|-damage|p1a: Espeon|0 fnt\n|faint|p2a: Hatterene\n|faint|p1a: Espeon\n|\n|upkeep\n|\n|t:|1699557401\n|switch|p1a: Sandy Shocks|Sandy Shocks, shiny|100\/100\n|switch|p2a: Regieleki|Regieleki|100\/100\n|turn|3\n|\n|t:|1699557408\n|move|p2a: Regieleki|Explosion|p1a: Sandy Shocks\n|-damage|p1a: Sandy Shocks|0 fnt\n|faint|p2a: Regieleki\n|faint|p1a: Sandy Shocks\n|-end|p1a: Sandy Shocks|Protosynthesis|[silent]\n|\n|upkeep\n|\n|t:|1699557423\n|switch|p2a: Regidrago|Regidrago|100\/100\n|switch|p1a: Dragonite|Dragonite, F, shiny|100\/100\n|turn|4\n|\n|t:|1699557428\n|switch|p1a: Zacian|Zacian-Crowned|100\/100\n|-ability|p1a: Zacian|Intrepid Sword|boost\n|-boost|p1a: Zacian|atk|1\n|move|p2a: Regidrago|Explosion|p1a: Zacian\n|-resisted|p1a: Zacian\n|-damage|p1a: Zacian|44\/100\n|faint|p2a: Regidrago\n|\n|upkeep\n|\n|t:|1699557445\n|switch|p2a: Magearna|Magearna-Original|100\/100\n|turn|5\n|\n|t:|1699557450\n|move|p1a: Zacian|Sacred Sword|p2a: Magearna\n|-damage|p2a: Magearna|54\/100\n|move|p2a: Magearna|Misty Explosion|p1a: Zacian\n|-resisted|p1a: Zacian\n|-crit|p1a: Zacian\n|-damage|p1a: Zacian|0 fnt\n|faint|p2a: Magearna\n|faint|p1a: Zacian\n|\n|upkeep\n|\n|t:|1699557460\n|switch|p1a: Dragonite|Dragonite, F, shiny|100\/100\n|switch|p2a: Arceus|Arceus, shiny|100\/100\n|turn|6\n|\n|t:|1699557466\n|move|p2a: Arceus|Substitute|p2a: Arceus\n|-start|p2a: Arceus|Substitute\n|-damage|p2a: Arceus|76\/100\n|move|p1a: Dragonite|Dragon Dance|p1a: Dragonite\n|-boost|p1a: Dragonite|atk|1\n|-boost|p1a: Dragonite|spe|1\n|\n|-heal|p2a: Arceus|82\/100|[from] item: Leftovers\n|upkeep\n|turn|7\n|\n|t:|1699557475\n|move|p1a: Dragonite|Dragon Dance|p1a: Dragonite\n|-boost|p1a: Dragonite|atk|1\n|-boost|p1a: Dragonite|spe|1\n|move|p2a: Arceus|Swords Dance|p2a: Arceus\n|-boost|p2a: Arceus|atk|2\n|\n|-heal|p2a: Arceus|88\/100|[from] item: Leftovers\n|upkeep\n|turn|8\n|\n|t:|1699557485\n|move|p1a: Dragonite|Dragon Claw|p2a: Arceus\n|-end|p2a: Arceus|Substitute\n|move|p2a: Arceus|Swords Dance|p2a: Arceus\n|-boost|p2a: Arceus|atk|2\n|\n|-heal|p2a: Arceus|94\/100|[from] item: Leftovers\n|upkeep\n|turn|9\n|\n|t:|1699557494\n|move|p2a: Arceus|Extreme Speed|p1a: Dragonite\n|-damage|p1a: Dragonite|34\/100\n|move|p1a: Dragonite|Dragon Claw|p2a: Arceus\n|-damage|p2a: Arceus|26\/100\n|\n|-heal|p2a: Arceus|32\/100|[from] item: Leftovers\n|upkeep\n|turn|10\n|\n|t:|1699557504\n|-terastallize|p1a: Dragonite|Normal\n|-terastallize|p2a: Arceus|Ghost\n|move|p1a: Dragonite|Extreme Speed|p2a: Arceus\n|-immune|p2a: Arceus\n|move|p2a: Arceus|Extreme Speed|p1a: Dragonite\n|-damage|p1a: Dragonite|0 fnt\n|faint|p1a: Dragonite\n|\n|-heal|p2a: Arceus|38\/100|[from] item: Leftovers\n|upkeep\n|\n|t:|1699557519\n|switch|p1a: Kyogre|Kyogre, shiny|100\/100\n|-weather|RainDance|[from] ability: Drizzle|[of] p1a: Kyogre\n|turn|11\n|\n|t:|1699557524\n|move|p2a: Arceus|Extreme Speed|p1a: Kyogre\n|-damage|p1a: Kyogre|1\/100\n|move|p1a: Kyogre|Surf|p2a: Arceus\n|-damage|p2a: Arceus|0 fnt\n|faint|p2a: Arceus\n|\n|win|Hiram1234\n|raw|Hiram1234's rating: 1093 &rarr; <strong>1119<\/strong><br \/>(+26 for winning)\n|raw|femboy_michelle's rating: 1097 &rarr; <strong>1072<\/strong><br \/>(-25 for losing)\n|l|\u2606femboy_michelle\n","uploadtime":1699557558,"views":6,"p1id":"hiram1234","p2id":"femboymichelle","formatid":"gen9ubers","rating":1072,"private":0,"password":""}