{"id":"gen9ubers-1968951524","p1":"Acetraineraegis","p2":"Laprasrules12","format":"[Gen 9] Ubers","log":"|j|\u2606Acetraineraegis\n|j|\u2606Laprasrules12\n|t:|1697477961\n|gametype|singles\n|player|p1|Acetraineraegis|skierf-gen4dp|\n|player|p2|Laprasrules12|lusamine-nihilego|\n|teamsize|p1|6\n|teamsize|p2|6\n|gen|9\n|tier|[Gen 9] Ubers\n|rule|Sleep Clause Mod: Limit one foe put to sleep\n|rule|Species Clause: Limit one of each Pok\u00e9mon\n|rule|OHKO Clause: OHKO moves are banned\n|rule|Evasion Items Clause: Evasion items are banned\n|rule|Evasion Moves Clause: Evasion moves are banned\n|rule|Endless Battle Clause: Forcing endless battles is banned\n|rule|HP Percentage Mod: HP is shown in percentages\n|clearpoke\n|poke|p1|Walking Wake|\n|poke|p1|Torkoal, M|\n|poke|p1|Chi-Yu|\n|poke|p1|Dragapult, F|\n|poke|p1|Arceus-Grass|\n|poke|p1|Sandy Shocks|\n|poke|p2|Arceus-Fighting|\n|poke|p2|Espathra, F|\n|poke|p2|Zacian-*|\n|poke|p2|Palkia-Origin|\n|poke|p2|Cyclizar, F|\n|poke|p2|Magearna-Original|\n|teampreview\n|inactive|Battle timer is ON: inactive players will automatically lose when time's up. (requested by Laprasrules12)\n|c|\u2606Acetraineraegis|Glhf\n|\n|t:|1697477969\n|start\n|switch|p1a: Letmecook|Torkoal, M|100\/100\n|switch|p2a: Say Gex|Cyclizar, F, shiny|100\/100\n|-weather|SunnyDay|[from] ability: Drought|[of] p1a: Letmecook\n|turn|1\n|\n|t:|1697477979\n|switch|p1a: Chi-Yu|Chi-Yu|100\/100\n|-ability|p1a: Chi-Yu|Beads of Ruin\n|move|p2a: Say Gex|Shed Tail|p2a: Say Gex\n|-start|p2a: Say Gex|Substitute|[from] move: Shed Tail\n|-damage|p2a: Say Gex|50\/100\n|\n|t:|1697477982\n|switch|p2a: Cleopatra|Espathra, F, shiny|100\/100|[from] Shed Tail\n|\n|-weather|SunnyDay|[upkeep]\n|upkeep\n|turn|2\n|\n|t:|1697477984\n|move|p2a: Cleopatra|Protect|p2a: Cleopatra\n|-singleturn|p2a: Cleopatra|Protect\n|move|p1a: Chi-Yu|Dark Pulse|p2a: Cleopatra\n|-activate|p2a: Cleopatra|move: Protect\n|\n|-weather|SunnyDay|[upkeep]\n|-ability|p2a: Cleopatra|Speed Boost|boost\n|-boost|p2a: Cleopatra|spe|1\n|upkeep\n|turn|3\n|\n|t:|1697477987\n|-terastallize|p2a: Cleopatra|Fighting\n|move|p1a: Chi-Yu|Dark Pulse|p2a: Cleopatra\n|-resisted|p2a: Cleopatra\n|-end|p2a: Cleopatra|Substitute\n|move|p2a: Cleopatra|Calm Mind|p2a: Cleopatra\n|-boost|p2a: Cleopatra|spa|1\n|-boost|p2a: Cleopatra|spd|1\n|\n|-weather|SunnyDay|[upkeep]\n|-ability|p2a: Cleopatra|Speed Boost|boost\n|-boost|p2a: Cleopatra|spe|1\n|upkeep\n|turn|4\n|\n|t:|1697478001\n|switch|p1a: Arceus|Arceus-Grass|100\/100\n|move|p2a: Cleopatra|Protect||[still]\n|-fail|p2a: Cleopatra\n|\n|-weather|SunnyDay|[upkeep]\n|-ability|p2a: Cleopatra|Speed Boost|boost\n|-boost|p2a: Cleopatra|spe|1\n|upkeep\n|turn|5\n|\n|t:|1697478006\n|move|p2a: Cleopatra|Protect|p2a: Cleopatra\n|-singleturn|p2a: Cleopatra|Protect\n|move|p1a: Arceus|Calm Mind|p1a: Arceus\n|-boost|p1a: Arceus|spa|1\n|-boost|p1a: Arceus|spd|1\n|\n|-weather|none\n|-ability|p2a: Cleopatra|Speed Boost|boost\n|-boost|p2a: Cleopatra|spe|1\n|upkeep\n|turn|6\n|\n|t:|1697478010\n|move|p2a: Cleopatra|Stored Power|p1a: Arceus\n|-damage|p1a: Arceus|52\/100\n|move|p1a: Arceus|Calm Mind|p1a: Arceus\n|-boost|p1a: Arceus|spa|1\n|-boost|p1a: Arceus|spd|1\n|\n|-ability|p2a: Cleopatra|Speed Boost|boost\n|-boost|p2a: Cleopatra|spe|1\n|upkeep\n|turn|7\n|\n|t:|1697478017\n|move|p2a: Cleopatra|Calm Mind|p2a: Cleopatra\n|-boost|p2a: Cleopatra|spa|1\n|-boost|p2a: Cleopatra|spd|1\n|move|p1a: Arceus|Judgment|p2a: Cleopatra\n|-damage|p2a: Cleopatra|12\/100\n|\n|-heal|p2a: Cleopatra|18\/100|[from] item: Leftovers\n|-ability|p2a: Cleopatra|Speed Boost|boost\n|-boost|p2a: Cleopatra|spe|1\n|upkeep\n|turn|8\n|\n|t:|1697478022\n|move|p2a: Cleopatra|Stored Power|p1a: Arceus\n|-damage|p1a: Arceus|0 fnt\n|faint|p1a: Arceus\n|\n|-heal|p2a: Cleopatra|24\/100|[from] item: Leftovers\n|upkeep\n|\n|t:|1697478028\n|switch|p1a: Chi-Yu|Chi-Yu|100\/100\n|-ability|p1a: Chi-Yu|Beads of Ruin\n|turn|9\n|\n|t:|1697478032\n|move|p2a: Cleopatra|Protect|p2a: Cleopatra\n|-singleturn|p2a: Cleopatra|Protect\n|move|p1a: Chi-Yu|Flamethrower|p2a: Cleopatra\n|-activate|p2a: Cleopatra|move: Protect\n|\n|-heal|p2a: Cleopatra|30\/100|[from] item: Leftovers\n|upkeep\n|turn|10\n|\n|t:|1697478035\n|move|p2a: Cleopatra|Tera Blast|p1a: Chi-Yu|[anim] Tera Blast Fighting\n|-supereffective|p1a: Chi-Yu\n|-damage|p1a: Chi-Yu|0 fnt\n|faint|p1a: Chi-Yu\n|\n|-heal|p2a: Cleopatra|36\/100|[from] item: Leftovers\n|upkeep\n|\n|t:|1697478040\n|switch|p1a: Letmecook|Torkoal, M|100\/100\n|-weather|SunnyDay|[from] ability: Drought|[of] p1a: Letmecook\n|turn|11\n|\n|t:|1697478043\n|move|p2a: Cleopatra|Protect|p2a: Cleopatra\n|-singleturn|p2a: Cleopatra|Protect\n|move|p1a: Letmecook|Overheat|p2a: Cleopatra\n|-activate|p2a: Cleopatra|move: Protect\n|\n|-weather|SunnyDay|[upkeep]\n|-heal|p2a: Cleopatra|43\/100|[from] item: Leftovers\n|upkeep\n|turn|12\n|\n|t:|1697478045\n|move|p2a: Cleopatra|Stored Power|p1a: Letmecook\n|-damage|p1a: Letmecook|0 fnt\n|faint|p1a: Letmecook\n|\n|-weather|SunnyDay|[upkeep]\n|-heal|p2a: Cleopatra|49\/100|[from] item: Leftovers\n|upkeep\n|\n|t:|1697478047\n|switch|p1a: Dragapult|Dragapult, F|100\/100\n|turn|13\n|\n|t:|1697478052\n|move|p2a: Cleopatra|Protect|p2a: Cleopatra\n|-singleturn|p2a: Cleopatra|Protect\n|move|p1a: Dragapult|Flamethrower|p2a: Cleopatra\n|-activate|p2a: Cleopatra|move: Protect\n|\n|-weather|SunnyDay|[upkeep]\n|-heal|p2a: Cleopatra|55\/100|[from] item: Leftovers\n|upkeep\n|turn|14\n|\n|t:|1697478056\n|move|p2a: Cleopatra|Stored Power|p1a: Dragapult\n|-damage|p1a: Dragapult|0 fnt\n|faint|p1a: Dragapult\n|\n|-weather|SunnyDay|[upkeep]\n|-heal|p2a: Cleopatra|61\/100|[from] item: Leftovers\n|upkeep\n|\n|t:|1697478059\n|switch|p1a: Walking Wake|Walking Wake|100\/100\n|-activate|p1a: Walking Wake|ability: Protosynthesis\n|-start|p1a: Walking Wake|protosynthesisspa\n|turn|15\n|\n|t:|1697478062\n|move|p2a: Cleopatra|Stored Power|p1a: Walking Wake\n|-damage|p1a: Walking Wake|0 fnt\n|faint|p1a: Walking Wake\n|-end|p1a: Walking Wake|Protosynthesis|[silent]\n|\n|-weather|none\n|-heal|p2a: Cleopatra|67\/100|[from] item: Leftovers\n|upkeep\n|\n|t:|1697478064\n|switch|p1a: Sandy Shocks|Sandy Shocks|100\/100\n|turn|16\n|\n|t:|1697478068\n|move|p2a: Cleopatra|Stored Power|p1a: Sandy Shocks\n|-damage|p1a: Sandy Shocks|0 fnt\n|faint|p1a: Sandy Shocks\n|-end|p1a: Sandy Shocks|Protosynthesis|[silent]\n|\n|win|Laprasrules12\n|c|\u2606Laprasrules12|Oh\n|c|\u2606Acetraineraegis|Gg\n|c|\u2606Acetraineraegis|This is why I use stall teams\n|c|\u2606Laprasrules12|Wanna tey ya old team\n|c|\u2606Acetraineraegis|Sure\n","uploadtime":1697478108,"views":22,"p1id":"acetraineraegis","p2id":"laprasrules12","formatid":"gen9ubers","rating":0,"private":0,"password":""}