{"id":"gen9ubers-1991320438","p1":"Kaizo Runner YT","p2":"Anne Frankkkk","format":"[Gen 9] Ubers","log":"|j|\u2606Kaizo Runner YT\n|j|\u2606Anne Frankkkk\n|t:|1700067311\n|gametype|singles\n|player|p1|Kaizo Runner YT|steven|1177\n|player|p2|Anne Frankkkk|hilbert|1142\n|teamsize|p1|6\n|teamsize|p2|6\n|gen|9\n|tier|[Gen 9] Ubers\n|rated|\n|rule|Sleep Clause Mod: Limit one foe put to sleep\n|rule|Species Clause: Limit one of each Pok\u00e9mon\n|rule|OHKO Clause: OHKO moves are banned\n|rule|Evasion Items Clause: Evasion items are banned\n|rule|Evasion Moves Clause: Evasion moves are banned\n|rule|Endless Battle Clause: Forcing endless battles is banned\n|rule|HP Percentage Mod: HP is shown in percentages\n|clearpoke\n|poke|p1|Ursaluna-Bloodmoon, M|\n|poke|p1|Ogerpon-Hearthflame, F|\n|poke|p1|Sinistcha-Masterpiece|\n|poke|p1|Oricorio-Pom-Pom, F|\n|poke|p1|Urshifu-*, F|\n|poke|p1|Lycanroc-Dusk, M|\n|poke|p2|Regieleki|\n|poke|p2|Kyogre|\n|poke|p2|Chien-Pao|\n|poke|p2|Ribombee, F|\n|poke|p2|Miraidon|\n|poke|p2|Flutter Mane|\n|teampreview\n|inactive|Battle timer is ON: inactive players will automatically lose when time's up. (requested by Kaizo Runner YT)\n|\n|t:|1700067319\n|start\n|switch|p1a: Ursaluna|Ursaluna-Bloodmoon, M|100\/100\n|switch|p2a: Moonblast|Ribombee, F, shiny|100\/100\n|turn|1\n|\n|t:|1700067325\n|move|p2a: Moonblast|Sticky Web|p1a: Ursaluna\n|-sidestart|p1: Kaizo Runner YT|move: Sticky Web\n|move|p1a: Ursaluna|Calm Mind|p1a: Ursaluna\n|-boost|p1a: Ursaluna|spa|1\n|-boost|p1a: Ursaluna|spd|1\n|\n|upkeep\n|turn|2\n|\n|t:|1700067335\n|move|p2a: Moonblast|Stun Spore|p1a: Ursaluna\n|-status|p1a: Ursaluna|par\n|move|p1a: Ursaluna|Calm Mind|p1a: Ursaluna\n|-boost|p1a: Ursaluna|spa|1\n|-boost|p1a: Ursaluna|spd|1\n|\n|upkeep\n|turn|3\n|\n|t:|1700067342\n|switch|p2a: Ice Cat|Chien-Pao|100\/100\n|-ability|p2a: Ice Cat|Sword of Ruin\n|move|p1a: Ursaluna|Blood Moon|p2a: Ice Cat\n|-enditem|p2a: Ice Cat|Focus Sash\n|-damage|p2a: Ice Cat|1\/100\n|-damage|p1a: Ursaluna|90\/100 par|[from] item: Life Orb\n|\n|upkeep\n|turn|4\n|\n|t:|1700067355\n|move|p2a: Ice Cat|Ice Spinner|p1a: Ursaluna\n|-supereffective|p1a: Ursaluna\n|-damage|p1a: Ursaluna|11\/100 par\n|move|p1a: Ursaluna|Earth Power|p2a: Ice Cat\n|-damage|p2a: Ice Cat|0 fnt\n|faint|p2a: Ice Cat\n|-damage|p1a: Ursaluna|1\/100 par|[from] item: Life Orb\n|\n|upkeep\n|\n|t:|1700067368\n|switch|p2a: OHKO|Kyogre|100\/100\n|-weather|RainDance|[from] ability: Drizzle|[of] p2a: OHKO\n|turn|5\n|\n|t:|1700067370\n|move|p2a: OHKO|Water Spout|p1a: Ursaluna\n|-supereffective|p1a: Ursaluna\n|-damage|p1a: Ursaluna|0 fnt\n|faint|p1a: Ursaluna\n|\n|-weather|RainDance|[upkeep]\n|upkeep\n|\n|t:|1700067376\n|switch|p1a: Oricorio|Oricorio-Pom-Pom, F|100\/100\n|turn|6\n|inactive|Anne Frankkkk has 120 seconds left.\n|\n|t:|1700067410\n|switch|p2a: Misdreavius|Flutter Mane, shiny|100\/100\n|-enditem|p2a: Misdreavius|Booster Energy\n|-activate|p2a: Misdreavius|ability: Protosynthesis|[fromitem]\n|-start|p2a: Misdreavius|protosynthesisspe\n|move|p1a: Oricorio|Quiver Dance|p1a: Oricorio\n|-boost|p1a: Oricorio|spa|1\n|-boost|p1a: Oricorio|spd|1\n|-boost|p1a: Oricorio|spe|1\n|\n|-weather|RainDance|[upkeep]\n|upkeep\n|turn|7\n|\n|t:|1700067420\n|move|p2a: Misdreavius|Power Gem|p1a: Oricorio\n|-supereffective|p1a: Oricorio\n|-damage|p1a: Oricorio|50\/100\n|move|p1a: Oricorio|Hurricane|p2a: Misdreavius\n|-damage|p2a: Misdreavius|20\/100\n|-start|p2a: Misdreavius|confusion\n|-damage|p1a: Oricorio|40\/100|[from] item: Life Orb\n|\n|-weather|RainDance|[upkeep]\n|upkeep\n|turn|8\n|\n|t:|1700067430\n|-terastallize|p1a: Oricorio|Ground\n|-activate|p2a: Misdreavius|confusion\n|move|p2a: Misdreavius|Power Gem|p1a: Oricorio\n|-resisted|p1a: Oricorio\n|-damage|p1a: Oricorio|28\/100\n|move|p1a: Oricorio|Roost|p1a: Oricorio\n|-heal|p1a: Oricorio|78\/100\n|\n|-weather|RainDance|[upkeep]\n|upkeep\n|turn|9\n|\n|t:|1700067438\n|-end|p2a: Misdreavius|confusion\n|move|p2a: Misdreavius|Moonblast|p1a: Oricorio\n|-damage|p1a: Oricorio|35\/100\n|-unboost|p1a: Oricorio|spa|1\n|move|p1a: Oricorio|Quiver Dance|p1a: Oricorio\n|-boost|p1a: Oricorio|spa|1\n|-boost|p1a: Oricorio|spd|1\n|-boost|p1a: Oricorio|spe|1\n|\n|-weather|none\n|upkeep\n|turn|10\n|\n|t:|1700067449\n|move|p2a: Misdreavius|Moonblast|p1a: Oricorio\n|-damage|p1a: Oricorio|3\/100\n|move|p1a: Oricorio|Roost|p1a: Oricorio\n|-heal|p1a: Oricorio|53\/100\n|\n|upkeep\n|turn|11\n|\n|t:|1700067454\n|move|p2a: Misdreavius|Moonblast|p1a: Oricorio\n|-damage|p1a: Oricorio|19\/100\n|-unboost|p1a: Oricorio|spa|1\n|move|p1a: Oricorio|Roost|p1a: Oricorio\n|-heal|p1a: Oricorio|69\/100\n|\n|upkeep\n|turn|12\n|\n|t:|1700067463\n|move|p2a: Misdreavius|Calm Mind|p2a: Misdreavius\n|-boost|p2a: Misdreavius|spa|1\n|-boost|p2a: Misdreavius|spd|1\n|move|p1a: Oricorio|Quiver Dance|p1a: Oricorio\n|-boost|p1a: Oricorio|spa|1\n|-boost|p1a: Oricorio|spd|1\n|-boost|p1a: Oricorio|spe|1\n|\n|upkeep\n|turn|13\n|\n|t:|1700067469\n|move|p2a: Misdreavius|Moonblast|p1a: Oricorio\n|-damage|p1a: Oricorio|27\/100\n|-unboost|p1a: Oricorio|spa|1\n|move|p1a: Oricorio|Revelation Dance|p2a: Misdreavius\n|-damage|p2a: Misdreavius|0 fnt\n|faint|p2a: Misdreavius\n|-end|p2a: Misdreavius|Protosynthesis|[silent]\n|-damage|p1a: Oricorio|17\/100|[from] item: Life Orb\n|\n|upkeep\n|\n|t:|1700067481\n|switch|p2a: Regieleki|Regieleki, shiny|100\/100\n|turn|14\n|\n|t:|1700067485\n|-terastallize|p2a: Regieleki|Ice\n|move|p1a: Oricorio|Revelation Dance|p2a: Regieleki\n|-damage|p2a: Regieleki|23\/100\n|-damage|p1a: Oricorio|7\/100|[from] item: Life Orb\n|move|p2a: Regieleki|Tera Blast|p1a: Oricorio|[anim] Tera Blast Ice\n|-supereffective|p1a: Oricorio\n|-damage|p1a: Oricorio|0 fnt\n|faint|p1a: Oricorio\n|\n|upkeep\n|\n|t:|1700067491\n|switch|p1a: Lycanroc|Lycanroc-Dusk, M|100\/100\n|-activate|p1a: Lycanroc|move: Sticky Web\n|-unboost|p1a: Lycanroc|spe|1\n|turn|15\n|\n|t:|1700067498\n|switch|p2a: Moonblast|Ribombee, F, shiny|100\/100\n|move|p1a: Lycanroc|Accelerock|p2a: Moonblast\n|-supereffective|p2a: Moonblast\n|-enditem|p2a: Moonblast|Focus Sash\n|-damage|p2a: Moonblast|1\/100\n|\n|upkeep\n|turn|16\n|\n|t:|1700067503\n|move|p1a: Lycanroc|Accelerock|p2a: Moonblast\n|-supereffective|p2a: Moonblast\n|-damage|p2a: Moonblast|0 fnt\n|faint|p2a: Moonblast\n|\n|upkeep\n|\n|t:|1700067507\n|switch|p2a: Cyber Lizard|Miraidon|100\/100\n|-fieldstart|move: Electric Terrain|[from] ability: Hadron Engine|[of] p2a: Cyber Lizard\n|-item|p2a: Cyber Lizard|Air Balloon\n|turn|17\n|\n|t:|1700067511\n|switch|p1a: Sinistcha|Sinistcha-Masterpiece|100\/100\n|-activate|p1a: Sinistcha|move: Sticky Web\n|-unboost|p1a: Sinistcha|spe|1\n|move|p2a: Cyber Lizard|Electro Drift|p1a: Sinistcha\n|-resisted|p1a: Sinistcha\n|-damage|p1a: Sinistcha|56\/100\n|\n|-heal|p1a: Sinistcha|62\/100|[from] item: Leftovers\n|upkeep\n|turn|18\n|\n|t:|1700067521\n|move|p2a: Cyber Lizard|Calm Mind|p2a: Cyber Lizard\n|-boost|p2a: Cyber Lizard|spa|1\n|-boost|p2a: Cyber Lizard|spd|1\n|move|p1a: Sinistcha|Matcha Gotcha|p2a: Cyber Lizard|[miss]\n|-miss|p1a: Sinistcha|p2a: Cyber Lizard\n|\n|-heal|p1a: Sinistcha|68\/100|[from] item: Leftovers\n|upkeep\n|turn|19\n|\n|t:|1700067529\n|move|p2a: Cyber Lizard|Calm Mind|p2a: Cyber Lizard\n|-boost|p2a: Cyber Lizard|spa|1\n|-boost|p2a: Cyber Lizard|spd|1\n|move|p1a: Sinistcha|Shadow Ball|p2a: Cyber Lizard\n|-damage|p2a: Cyber Lizard|79\/100\n|-enditem|p2a: Cyber Lizard|Air Balloon\n|\n|-heal|p1a: Sinistcha|74\/100|[from] item: Leftovers\n|upkeep\n|turn|20\n|\n|t:|1700067536\n|move|p2a: Cyber Lizard|Dragon Pulse|p1a: Sinistcha\n|-damage|p1a: Sinistcha|0 fnt\n|faint|p1a: Sinistcha\n|\n|upkeep\n|inactive|Kaizo Runner YT has 120 seconds left.\n|inactive|Kaizo Runner YT has 90 seconds left.\n|\n|t:|1700067600\n|switch|p1a: Ogerpon|Ogerpon-Hearthflame, F|100\/100\n|-activate|p1a: Ogerpon|move: Sticky Web\n|-unboost|p1a: Ogerpon|spe|1\n|-ability|p1a: Ogerpon|Mold Breaker\n|turn|21\n|\n|t:|1700067606\n|move|p1a: Ogerpon|Spiky Shield|p1a: Ogerpon\n|-singleturn|p1a: Ogerpon|move: Protect\n|move|p2a: Cyber Lizard|Electro Drift|p1a: Ogerpon\n|-activate|p1a: Ogerpon|move: Protect\n|-damage|p2a: Cyber Lizard|67\/100|[from] Spiky Shield|[of] p1a: Ogerpon\n|\n|-fieldend|move: Electric Terrain\n|upkeep\n|turn|22\n|\n|t:|1700067617\n|move|p2a: Cyber Lizard|Electro Drift|p1a: Ogerpon\n|-resisted|p1a: Ogerpon\n|-damage|p1a: Ogerpon|28\/100\n|move|p1a: Ogerpon|Ivy Cudgel|p2a: Cyber Lizard|[anim] Ivy Cudgel Fire\n|-resisted|p2a: Cyber Lizard\n|-damage|p2a: Cyber Lizard|40\/100\n|\n|upkeep\n|turn|23\n|\n|t:|1700067625\n|move|p1a: Ogerpon|Spiky Shield|p1a: Ogerpon\n|-singleturn|p1a: Ogerpon|move: Protect\n|move|p2a: Cyber Lizard|Electro Drift|p1a: Ogerpon\n|-activate|p1a: Ogerpon|move: Protect\n|-damage|p2a: Cyber Lizard|27\/100|[from] Spiky Shield|[of] p1a: Ogerpon\n|\n|upkeep\n|turn|24\n|\n|t:|1700067632\n|move|p1a: Ogerpon|Spiky Shield||[still]\n|-fail|p1a: Ogerpon\n|move|p2a: Cyber Lizard|Electro Drift|p1a: Ogerpon\n|-resisted|p1a: Ogerpon\n|-damage|p1a: Ogerpon|0 fnt\n|faint|p1a: Ogerpon\n|\n|upkeep\n|\n|t:|1700067638\n|switch|p1a: Lycanroc|Lycanroc-Dusk, M|100\/100\n|-activate|p1a: Lycanroc|move: Sticky Web\n|-unboost|p1a: Lycanroc|spe|1\n|turn|25\n|\n|t:|1700067645\n|move|p1a: Lycanroc|Accelerock|p2a: Cyber Lizard\n|-crit|p2a: Cyber Lizard\n|-damage|p2a: Cyber Lizard|0 fnt\n|faint|p2a: Cyber Lizard\n|\n|upkeep\n|\n|t:|1700067652\n|switch|p2a: OHKO|Kyogre|100\/100\n|-weather|RainDance|[from] ability: Drizzle|[of] p2a: OHKO\n|turn|26\n|\n|t:|1700067654\n|switch|p1a: Urshifu|Urshifu-Rapid-Strike, F|100\/100\n|-activate|p1a: Urshifu|move: Sticky Web\n|-unboost|p1a: Urshifu|spe|1\n|move|p2a: OHKO|Water Spout|p1a: Urshifu\n|-resisted|p1a: Urshifu\n|-damage|p1a: Urshifu|0 fnt\n|faint|p1a: Urshifu\n|\n|-weather|RainDance|[upkeep]\n|upkeep\n|\n|t:|1700067657\n|switch|p1a: Lycanroc|Lycanroc-Dusk, M|100\/100\n|-activate|p1a: Lycanroc|move: Sticky Web\n|-unboost|p1a: Lycanroc|spe|1\n|turn|27\n|\n|t:|1700067667\n|move|p1a: Lycanroc|Accelerock|p2a: OHKO\n|-damage|p2a: OHKO|60\/100\n|move|p2a: OHKO|Water Spout|p1a: Lycanroc\n|-supereffective|p1a: Lycanroc\n|-damage|p1a: Lycanroc|0 fnt\n|faint|p1a: Lycanroc\n|\n|win|Anne Frankkkk\n|raw|Kaizo Runner YT's rating: 1177 &rarr; <strong>1149<\/strong><br \/>(-28 for losing)\n|raw|Anne Frankkkk's rating: 1142 &rarr; <strong>1170<\/strong><br \/>(+28 for winning)\n|l|\u2606Kaizo Runner YT\n","uploadtime":1700067677,"views":7,"p1id":"kaizorunneryt","p2id":"annefrankkkk","formatid":"gen9ubers","rating":1149,"private":0,"password":""}