{"id":"gen9ubers-1990857661","p1":"Wha1efish","p2":"RektCactus","format":"[Gen 9] Ubers","log":"|j|\u2606Wha1efish\n|j|\u2606RektCactus\n|t:|1700008257\n|gametype|singles\n|player|p1|Wha1efish|cynthia-gen4|\n|player|p2|RektCactus|266|\n|teamsize|p1|6\n|teamsize|p2|6\n|gen|9\n|tier|[Gen 9] Ubers\n|rule|Sleep Clause Mod: Limit one foe put to sleep\n|rule|Species Clause: Limit one of each Pok\u00e9mon\n|rule|OHKO Clause: OHKO moves are banned\n|rule|Evasion Items Clause: Evasion items are banned\n|rule|Evasion Moves Clause: Evasion moves are banned\n|rule|Endless Battle Clause: Forcing endless battles is banned\n|rule|HP Percentage Mod: HP is shown in percentages\n|clearpoke\n|poke|p1|Jirachi|\n|poke|p1|Hydreigon, F|\n|poke|p1|Espathra, M|\n|poke|p1|Weezing-Galar, M|\n|poke|p1|Thundurus, M|\n|poke|p1|Gastrodon, F|\n|poke|p2|Sneasler, F|\n|poke|p2|Landorus-Therian, M|\n|poke|p2|Glimmora, M|\n|poke|p2|Heatran, M|\n|poke|p2|Ogerpon-Hearthflame, F|\n|poke|p2|Urshifu-*, F|\n|teampreview\n|\n|t:|1700008317\n|start\n|switch|p1a: Espathra|Espathra, M|100\/100\n|switch|p2a: Ogerpon|Ogerpon-Hearthflame, F|100\/100\n|-ability|p2a: Ogerpon|Mold Breaker\n|turn|1\n|\n|t:|1700008344\n|switch|p1a: Weezing|Weezing-Galar, M|100\/100\n|move|p2a: Ogerpon|Swords Dance|p2a: Ogerpon\n|-boost|p2a: Ogerpon|atk|2\n|\n|upkeep\n|turn|2\n|\n|t:|1700008354\n|move|p2a: Ogerpon|Ivy Cudgel|p1a: Weezing|[anim] Ivy Cudgel Fire\n|-damage|p1a: Weezing|29\/100\n|move|p1a: Weezing|Sludge Bomb|p2a: Ogerpon\n|-supereffective|p2a: Ogerpon\n|-damage|p2a: Ogerpon|34\/100\n|\n|-heal|p1a: Weezing|35\/100|[from] item: Black Sludge\n|upkeep\n|turn|3\n|\n|t:|1700008363\n|move|p2a: Ogerpon|Ivy Cudgel|p1a: Weezing|[anim] Ivy Cudgel Fire\n|-damage|p1a: Weezing|0 fnt\n|faint|p1a: Weezing\n|\n|upkeep\n|\n|t:|1700008378\n|switch|p1a: Jirachi|Jirachi|100\/100\n|turn|4\n|\n|t:|1700008394\n|move|p1a: Jirachi|U-turn|p2a: Ogerpon\n|-damage|p2a: Ogerpon|6\/100\n|\n|t:|1700008398\n|switch|p1a: Gastrodon|Gastrodon, F|100\/100|[from] U-turn\n|move|p2a: Ogerpon|Ivy Cudgel|p1a: Gastrodon|[anim] Ivy Cudgel Fire\n|-resisted|p1a: Gastrodon\n|-damage|p1a: Gastrodon|40\/100\n|\n|-heal|p1a: Gastrodon|46\/100|[from] item: Leftovers\n|upkeep\n|turn|5\n|\n|t:|1700008410\n|move|p2a: Ogerpon|Horn Leech|p1a: Gastrodon\n|-supereffective|p1a: Gastrodon\n|-damage|p1a: Gastrodon|0 fnt\n|-heal|p2a: Ogerpon|38\/100|[from] drain|[of] p1a: Gastrodon\n|faint|p1a: Gastrodon\n|\n|upkeep\n|\n|t:|1700008412\n|switch|p1a: Jirachi|Jirachi|100\/100\n|turn|6\n|\n|t:|1700008420\n|move|p1a: Jirachi|Iron Head|p2a: Ogerpon\n|-resisted|p2a: Ogerpon\n|-damage|p2a: Ogerpon|16\/100\n|cant|p2a: Ogerpon|flinch\n|\n|upkeep\n|turn|7\n|\n|t:|1700008439\n|switch|p2a: Heatran|Heatran, M|100\/100\n|-item|p2a: Heatran|Air Balloon\n|move|p1a: Jirachi|Iron Head|p2a: Heatran\n|-resisted|p2a: Heatran\n|-damage|p2a: Heatran|93\/100\n|-enditem|p2a: Heatran|Air Balloon\n|\n|upkeep\n|turn|8\n|\n|t:|1700008444\n|switch|p1a: Hydreigon|Hydreigon, F|100\/100\n|move|p2a: Heatran|Magma Storm|p1a: Hydreigon\n|-resisted|p1a: Hydreigon\n|-damage|p1a: Hydreigon|78\/100\n|-activate|p1a: Hydreigon|move: Magma Storm|[of] p2a: Heatran\n|\n|-damage|p1a: Hydreigon|66\/100|[from] move: Magma Storm|[partiallytrapped]\n|upkeep\n|turn|9\n|\n|t:|1700008451\n|move|p1a: Hydreigon|Dark Pulse|p2a: Heatran\n|-damage|p2a: Heatran|53\/100\n|cant|p2a: Heatran|flinch\n|\n|-damage|p1a: Hydreigon|53\/100|[from] move: Magma Storm|[partiallytrapped]\n|upkeep\n|turn|10\n|\n|t:|1700008460\n|move|p1a: Hydreigon|Dark Pulse|p2a: Heatran\n|-damage|p2a: Heatran|14\/100\n|move|p2a: Heatran|Magma Storm|p1a: Hydreigon\n|-resisted|p1a: Hydreigon\n|-damage|p1a: Hydreigon|27\/100\n|\n|-damage|p1a: Hydreigon|14\/100|[from] move: Magma Storm|[partiallytrapped]\n|upkeep\n|turn|11\n|\n|t:|1700008469\n|move|p1a: Hydreigon|Dark Pulse|p2a: Heatran\n|-damage|p2a: Heatran|0 fnt\n|faint|p2a: Heatran\n|\n|-end|p1a: Hydreigon|Magma Storm|[partiallytrapped]|[silent]\n|upkeep\n|\n|t:|1700008495\n|switch|p2a: Ogerpon|Ogerpon-Hearthflame, F|16\/100\n|-ability|p2a: Ogerpon|Mold Breaker\n|turn|12\n|\n|t:|1700008503\n|move|p2a: Ogerpon|Horn Leech|p1a: Hydreigon\n|-resisted|p1a: Hydreigon\n|-damage|p1a: Hydreigon|0 fnt\n|-heal|p2a: Ogerpon|24\/100|[from] drain|[of] p1a: Hydreigon\n|faint|p1a: Hydreigon\n|\n|upkeep\n|\n|t:|1700008507\n|switch|p1a: Jirachi|Jirachi|100\/100\n|turn|13\n|\n|t:|1700008510\n|move|p1a: Jirachi|U-turn|p2a: Ogerpon\n|-damage|p2a: Ogerpon|0 fnt\n|faint|p2a: Ogerpon\n|\n|t:|1700008513\n|switch|p1a: Espathra|Espathra, M|100\/100|[from] U-turn\n|\n|upkeep\n|\n|t:|1700008556\n|switch|p2a: Glimmora|Glimmora, M|100\/100\n|turn|14\n|\n|t:|1700008590\n|move|p1a: Espathra|Substitute|p1a: Espathra\n|-start|p1a: Espathra|Substitute\n|-damage|p1a: Espathra|76\/100\n|move|p2a: Glimmora|Power Gem|p1a: Espathra\n|-end|p1a: Espathra|Substitute\n|\n|-ability|p1a: Espathra|Speed Boost|boost\n|-boost|p1a: Espathra|spe|1\n|upkeep\n|turn|15\n|\n|t:|1700008597\n|move|p1a: Espathra|Lumina Crash|p2a: Glimmora\n|-supereffective|p2a: Glimmora\n|-enditem|p2a: Glimmora|Focus Sash\n|-damage|p2a: Glimmora|1\/100\n|-unboost|p2a: Glimmora|spd|2\n|move|p2a: Glimmora|Power Gem|p1a: Espathra\n|-damage|p1a: Espathra|13\/100\n|\n|-ability|p1a: Espathra|Speed Boost|boost\n|-boost|p1a: Espathra|spe|1\n|upkeep\n|turn|16\n|\n|t:|1700008615\n|move|p1a: Espathra|Lumina Crash|p2a: Glimmora\n|-supereffective|p2a: Glimmora\n|-damage|p2a: Glimmora|0 fnt\n|faint|p2a: Glimmora\n|\n|-ability|p1a: Espathra|Speed Boost|boost\n|-boost|p1a: Espathra|spe|1\n|upkeep\n|\n|t:|1700008617\n|switch|p2a: Landorus|Landorus-Therian, M|100\/100\n|-ability|p2a: Landorus|Intimidate|boost\n|-unboost|p1a: Espathra|atk|1\n|turn|17\n|\n|t:|1700008627\n|move|p1a: Espathra|Lumina Crash|p2a: Landorus\n|-damage|p2a: Landorus|45\/100\n|-unboost|p2a: Landorus|spd|2\n|move|p2a: Landorus|U-turn|p1a: Espathra\n|-supereffective|p1a: Espathra\n|-damage|p1a: Espathra|0 fnt\n|faint|p1a: Espathra\n|\n|t:|1700008650\n|switch|p2a: Urshifu|Urshifu, F|100\/100|[from] U-turn\n|\n|upkeep\n|\n|t:|1700008658\n|switch|p1a: Thundurus|Thundurus, M|100\/100\n|turn|18\n|\n|t:|1700008686\n|move|p1a: Thundurus|Thunderbolt|p2a: Urshifu\n|-damage|p2a: Urshifu|25\/100\n|move|p2a: Urshifu|Wicked Blow|p1a: Thundurus\n|-crit|p1a: Thundurus\n|-damage|p1a: Thundurus|0 fnt\n|faint|p1a: Thundurus\n|\n|upkeep\n|\n|t:|1700008690\n|switch|p1a: Jirachi|Jirachi|100\/100\n|turn|19\n|\n|t:|1700008724\n|move|p1a: Jirachi|Iron Head|p2a: Urshifu\n|-damage|p2a: Urshifu|0 fnt\n|faint|p2a: Urshifu\n|\n|upkeep\n|\n|t:|1700008734\n|switch|p2a: Landorus|Landorus-Therian, M|45\/100\n|-ability|p2a: Landorus|Intimidate|boost\n|-unboost|p1a: Jirachi|atk|1\n|turn|20\n|\n|t:|1700008738\n|move|p1a: Jirachi|Iron Head|p2a: Landorus\n|-damage|p2a: Landorus|20\/100\n|cant|p2a: Landorus|flinch\n|\n|upkeep\n|turn|21\n|\n|t:|1700008749\n|switch|p2a: Sneasler|Sneasler, F|100\/100\n|move|p1a: Jirachi|Iron Head|p2a: Sneasler\n|-damage|p2a: Sneasler|62\/100\n|\n|upkeep\n|turn|22\n|\n|t:|1700008761\n|move|p1a: Jirachi|Iron Head|p2a: Sneasler\n|-damage|p2a: Sneasler|22\/100\n|cant|p2a: Sneasler|flinch\n|\n|upkeep\n|turn|23\n|\n|t:|1700008780\n|move|p1a: Jirachi|Iron Head|p2a: Sneasler\n|-damage|p2a: Sneasler|0 fnt\n|faint|p2a: Sneasler\n|\n|upkeep\n|\n|t:|1700008781\n|switch|p2a: Landorus|Landorus-Therian, M|20\/100\n|-ability|p2a: Landorus|Intimidate|boost\n|-unboost|p1a: Jirachi|atk|1\n|turn|24\n|\n|t:|1700008794\n|move|p1a: Jirachi|Iron Head|p2a: Landorus\n|-damage|p2a: Landorus|0 fnt\n|faint|p2a: Landorus\n|\n|win|Wha1efish\n|l|\u2606Wha1efish\n|l|\u2606RektCactus\n|j| Nyamonya\n|j|\u2606Wha1efish\n|player|p1|Wha1efish|cynthia-gen4\n","uploadtime":1700008948,"views":16,"p1id":"wha1efish","p2id":"rektcactus","formatid":"gen9ubers","rating":0,"private":0,"password":""}