{"id":"gen9ubers-1988379045","p1":"Sheel_Valia","p2":"collierm","format":"[Gen 9] Ubers","log":"|j|\u2606Sheel_Valia\n|j|\u2606collierm\n|t:|1699716192\n|gametype|singles\n|player|p1|Sheel_Valia|101|1205\n|player|p2|collierm|red|1184\n|teamsize|p1|6\n|teamsize|p2|6\n|gen|9\n|tier|[Gen 9] Ubers\n|rated|\n|rule|Sleep Clause Mod: Limit one foe put to sleep\n|rule|Species Clause: Limit one of each Pok\u00e9mon\n|rule|OHKO Clause: OHKO moves are banned\n|rule|Evasion Items Clause: Evasion items are banned\n|rule|Evasion Moves Clause: Evasion moves are banned\n|rule|Endless Battle Clause: Forcing endless battles is banned\n|rule|HP Percentage Mod: HP is shown in percentages\n|clearpoke\n|poke|p1|Baxcalibur, F|\n|poke|p1|Urshifu-*, F|\n|poke|p1|Spectrier|\n|poke|p1|Volcarona, F|\n|poke|p1|Toxapex, F|\n|poke|p1|Ribombee, M|\n|poke|p2|Zacian-*|\n|poke|p2|Koraidon|\n|poke|p2|Flutter Mane|\n|poke|p2|Rayquaza|\n|poke|p2|Arceus-Fire|\n|poke|p2|Ting-Lu|\n|teampreview\n|inactive|Battle timer is ON: inactive players will automatically lose when time's up. (requested by Sheel_Valia)\n|\n|t:|1699716202\n|start\n|switch|p1a: Ribombee|Ribombee, M|100\/100\n|switch|p2a: Ting-Lu|Ting-Lu|100\/100\n|-ability|p2a: Ting-Lu|Vessel of Ruin\n|turn|1\n|\n|t:|1699716211\n|move|p1a: Ribombee|Sticky Web|p2a: Ting-Lu\n|-sidestart|p2: collierm|move: Sticky Web\n|move|p2a: Ting-Lu|Whirlwind|p1a: Ribombee\n|drag|p1a: Toxapex|Toxapex, F, shiny|100\/100\n|\n|upkeep\n|turn|2\n|\n|t:|1699716222\n|move|p2a: Ting-Lu|Stealth Rock|p1a: Toxapex\n|-sidestart|p1: Sheel_Valia|move: Stealth Rock\n|move|p1a: Toxapex|Toxic|p2a: Ting-Lu\n|-status|p2a: Ting-Lu|tox\n|\n|-damage|p2a: Ting-Lu|94\/100 tox|[from] psn\n|upkeep\n|turn|3\n|\n|t:|1699716231\n|move|p2a: Ting-Lu|Spikes|p1a: Toxapex\n|-sidestart|p1: Sheel_Valia|Spikes\n|move|p1a: Toxapex|Surf|p2a: Ting-Lu\n|-supereffective|p2a: Ting-Lu\n|-damage|p2a: Ting-Lu|73\/100 tox\n|\n|-heal|p2a: Ting-Lu|79\/100 tox|[from] item: Leftovers\n|-damage|p2a: Ting-Lu|67\/100 tox|[from] psn\n|upkeep\n|turn|4\n|\n|t:|1699716242\n|switch|p1a: Urshifu|Urshifu-Rapid-Strike, F|100\/100\n|-damage|p1a: Urshifu|94\/100|[from] Stealth Rock\n|-damage|p1a: Urshifu|82\/100|[from] Spikes\n|move|p2a: Ting-Lu|Spikes|p1a: Urshifu\n|-sidestart|p1: Sheel_Valia|Spikes\n|\n|-heal|p2a: Ting-Lu|73\/100 tox|[from] item: Leftovers\n|-damage|p2a: Ting-Lu|54\/100 tox|[from] psn\n|upkeep\n|turn|5\n|\n|t:|1699716254\n|move|p1a: Urshifu|Close Combat|p2a: Ting-Lu\n|-supereffective|p2a: Ting-Lu\n|-damage|p2a: Ting-Lu|0 fnt\n|-unboost|p1a: Urshifu|def|1\n|-unboost|p1a: Urshifu|spd|1\n|faint|p2a: Ting-Lu\n|\n|upkeep\n|\n|t:|1699716262\n|switch|p2a: Rayquaza|Rayquaza|100\/100\n|-ability|p2a: Rayquaza|Air Lock\n|turn|6\n|\n|t:|1699716268\n|switch|p1a: Toxapex|Toxapex, F, shiny|100\/100\n|-damage|p1a: Toxapex|88\/100|[from] Stealth Rock\n|-damage|p1a: Toxapex|72\/100|[from] Spikes\n|move|p2a: Rayquaza|Dragon Ascent|p1a: Toxapex\n|-damage|p1a: Toxapex|26\/100\n|-unboost|p2a: Rayquaza|def|1\n|-unboost|p2a: Rayquaza|spd|1\n|-damage|p2a: Rayquaza|84\/100|[from] item: Rocky Helmet|[of] p1a: Toxapex\n|\n|upkeep\n|turn|7\n|\n|t:|1699716289\n|move|p2a: Rayquaza|Earthquake|p1a: Toxapex\n|-supereffective|p1a: Toxapex\n|-damage|p1a: Toxapex|0 fnt\n|faint|p1a: Toxapex\n|\n|upkeep\n|\n|t:|1699716302\n|switch|p1a: Spectrier|Spectrier|100\/100\n|-damage|p1a: Spectrier|88\/100|[from] Stealth Rock\n|-damage|p1a: Spectrier|72\/100|[from] Spikes\n|turn|8\n|\n|t:|1699716309\n|move|p1a: Spectrier|Shadow Ball|p2a: Rayquaza\n|-damage|p2a: Rayquaza|0 fnt\n|faint|p2a: Rayquaza\n|-ability|p1a: Spectrier|Grim Neigh|boost\n|-boost|p1a: Spectrier|spa|1\n|-damage|p1a: Spectrier|62\/100|[from] item: Life Orb\n|\n|upkeep\n|\n|t:|1699716330\n|switch|p2a: Koraidon|Koraidon|100\/100\n|-activate|p2a: Koraidon|move: Sticky Web\n|-unboost|p2a: Koraidon|spe|1\n|-weather|SunnyDay|[from] ability: Orichalcum Pulse|[of] p2a: Koraidon\n|-activate|p2a: Koraidon|Orichalcum Pulse|[source]\n|turn|9\n|\n|t:|1699716345\n|-terastallize|p2a: Koraidon|Fire\n|move|p2a: Koraidon|Flare Blitz|p1a: Spectrier\n|-damage|p1a: Spectrier|0 fnt\n|faint|p1a: Spectrier\n|-damage|p2a: Koraidon|80\/100|[from] Recoil\n|\n|-weather|SunnyDay|[upkeep]\n|upkeep\n|\n|t:|1699716356\n|switch|p1a: Urshifu|Urshifu-Rapid-Strike, F|82\/100\n|-damage|p1a: Urshifu|76\/100|[from] Stealth Rock\n|-damage|p1a: Urshifu|59\/100|[from] Spikes\n|turn|10\n|inactive|collierm has 120 seconds left.\n|\n|t:|1699716378\n|switch|p2a: Flutter Mane|Flutter Mane|100\/100\n|-activate|p2a: Flutter Mane|move: Sticky Web\n|-unboost|p2a: Flutter Mane|spe|1\n|-activate|p2a: Flutter Mane|ability: Protosynthesis\n|-start|p2a: Flutter Mane|protosynthesisspa\n|move|p1a: Urshifu|Aqua Jet|p2a: Flutter Mane\n|-damage|p2a: Flutter Mane|63\/100\n|\n|-weather|SunnyDay|[upkeep]\n|upkeep\n|turn|11\n|inactive|collierm has 120 seconds left.\n|\n|t:|1699716391\n|switch|p1a: Ribombee|Ribombee, M|100\/100\n|-damage|p1a: Ribombee|76\/100|[from] Stealth Rock\n|-damage|p1a: Ribombee|59\/100|[from] Spikes\n|move|p2a: Flutter Mane|Moonblast|p1a: Ribombee\n|-damage|p1a: Ribombee|0 fnt\n|faint|p1a: Ribombee\n|\n|-weather|SunnyDay|[upkeep]\n|upkeep\n|\n|t:|1699716400\n|switch|p1a: Baxcalibur|Baxcalibur, F, shiny|100\/100\n|-damage|p1a: Baxcalibur|76\/100|[from] Stealth Rock\n|-damage|p1a: Baxcalibur|59\/100|[from] Spikes\n|turn|12\n|\n|t:|1699716411\n|-terastallize|p1a: Baxcalibur|Fairy\n|move|p1a: Baxcalibur|Icicle Spear|p2a: Flutter Mane\n|-damage|p2a: Flutter Mane|30\/100\n|-damage|p2a: Flutter Mane|0 fnt\n|faint|p2a: Flutter Mane\n|-end|p2a: Flutter Mane|Protosynthesis|[silent]\n|-hitcount|p2: Flutter Mane|2\n|\n|-weather|SunnyDay|[upkeep]\n|upkeep\n|\n|t:|1699716421\n|switch|p2a: Zacian|Zacian-Crowned|100\/100\n|-activate|p2a: Zacian|move: Sticky Web\n|-unboost|p2a: Zacian|spe|1\n|-ability|p2a: Zacian|Intrepid Sword|boost\n|-boost|p2a: Zacian|atk|1\n|turn|13\n|\n|t:|1699716428\n|switch|p1a: Volcarona|Volcarona, F, shiny|100\/100\n|move|p2a: Zacian|Behemoth Blade|p1a: Volcarona\n|-resisted|p1a: Volcarona\n|-damage|p1a: Volcarona|37\/100\n|-status|p2a: Zacian|brn|[from] ability: Flame Body|[of] p1a: Volcarona\n|\n|-weather|none\n|-damage|p2a: Zacian|94\/100 brn|[from] brn\n|upkeep\n|turn|14\n|\n|t:|1699716441\n|move|p1a: Volcarona|Quiver Dance|p1a: Volcarona\n|-boost|p1a: Volcarona|spa|1\n|-boost|p1a: Volcarona|spd|1\n|-boost|p1a: Volcarona|spe|1\n|move|p2a: Zacian|Tera Blast|p1a: Volcarona\n|-damage|p1a: Volcarona|27\/100\n|\n|-damage|p2a: Zacian|88\/100 brn|[from] brn\n|upkeep\n|turn|15\n|\n|t:|1699716455\n|move|p1a: Volcarona|Fiery Dance|p2a: Zacian\n|-supereffective|p2a: Zacian\n|-damage|p2a: Zacian|0 fnt\n|faint|p2a: Zacian\n|\n|upkeep\n|inactive|collierm has 120 seconds left.\n|\n|t:|1699716476\n|switch|p2a: Koraidon|Koraidon, tera:Fire|80\/100\n|-activate|p2a: Koraidon|move: Sticky Web\n|-unboost|p2a: Koraidon|spe|1\n|-weather|SunnyDay|[from] ability: Orichalcum Pulse|[of] p2a: Koraidon\n|-activate|p2a: Koraidon|Orichalcum Pulse|[source]\n|turn|16\n|\n|t:|1699716485\n|move|p1a: Volcarona|Psychic|p2a: Koraidon\n|-damage|p2a: Koraidon|32\/100\n|move|p2a: Koraidon|Dragon Claw|p1a: Volcarona\n|-damage|p1a: Volcarona|0 fnt\n|faint|p1a: Volcarona\n|\n|-weather|SunnyDay|[upkeep]\n|upkeep\n|\n|t:|1699716491\n|switch|p1a: Baxcalibur|Baxcalibur, F, shiny, tera:Fairy|59\/100\n|-damage|p1a: Baxcalibur|47\/100|[from] Stealth Rock\n|-damage|p1a: Baxcalibur|30\/100|[from] Spikes\n|turn|17\n|\n|t:|1699716500\n|switch|p2a: Arceus|Arceus-Fire|100\/100\n|-activate|p2a: Arceus|move: Sticky Web\n|-unboost|p2a: Arceus|spe|1\n|move|p1a: Baxcalibur|Dragon Dance|p1a: Baxcalibur\n|-boost|p1a: Baxcalibur|atk|1\n|-boost|p1a: Baxcalibur|spe|1\n|\n|-weather|SunnyDay|[upkeep]\n|upkeep\n|turn|18\n|\n|t:|1699716512\n|move|p1a: Baxcalibur|Earthquake|p2a: Arceus\n|-supereffective|p2a: Arceus\n|-damage|p2a: Arceus|13\/100\n|move|p2a: Arceus|Judgment|p1a: Baxcalibur\n|-damage|p1a: Baxcalibur|0 fnt\n|faint|p1a: Baxcalibur\n|\n|-weather|SunnyDay|[upkeep]\n|upkeep\n|\n|t:|1699716518\n|switch|p1a: Urshifu|Urshifu-Rapid-Strike, F|59\/100\n|-damage|p1a: Urshifu|53\/100|[from] Stealth Rock\n|-damage|p1a: Urshifu|37\/100|[from] Spikes\n|turn|19\n|\n|t:|1699716528\n|move|p1a: Urshifu|Aqua Jet|p2a: Arceus\n|-supereffective|p2a: Arceus\n|-damage|p2a: Arceus|0 fnt\n|faint|p2a: Arceus\n|\n|-weather|SunnyDay|[upkeep]\n|upkeep\n|\n|t:|1699716535\n|switch|p2a: Koraidon|Koraidon, tera:Fire|32\/100\n|-activate|p2a: Koraidon|move: Sticky Web\n|-unboost|p2a: Koraidon|spe|1\n|-activate|p2a: Koraidon|ability: Orichalcum Pulse\n|turn|20\n|\n|t:|1699716543\n|move|p1a: Urshifu|Aqua Jet|p2a: Koraidon\n|-supereffective|p2a: Koraidon\n|-damage|p2a: Koraidon|1\/100\n|move|p2a: Koraidon|Dragon Claw|p1a: Urshifu\n|-crit|p1a: Urshifu\n|-damage|p1a: Urshifu|0 fnt\n|faint|p1a: Urshifu\n|\n|win|collierm\n|raw|Sheel_Valia's rating: 1205 &rarr; <strong>1178<\/strong><br \/>(-27 for losing)\n|raw|collierm's rating: 1184 &rarr; <strong>1211<\/strong><br \/>(+27 for winning)\n|l|\u2606Sheel_Valia\n","uploadtime":1699716557,"views":8,"p1id":"sheelvalia","p2id":"collierm","formatid":"gen9ubers","rating":1178,"private":0,"password":""}