{"id":"gen9ubers-1969563221","p1":"galladesimp","p2":"moopss","format":"[Gen 9] Ubers","log":"|j|\u2606galladesimp\n|j|\u2606moopss\n|t:|1697547511\n|gametype|singles\n|player|p1|galladesimp|elesa-masters2|\n|player|p2|moopss|drayden|\n|teamsize|p1|5\n|teamsize|p2|5\n|gen|9\n|tier|[Gen 9] Ubers\n|rule|Sleep Clause Mod: Limit one foe put to sleep\n|rule|Species Clause: Limit one of each Pok\u00e9mon\n|rule|OHKO Clause: OHKO moves are banned\n|rule|Evasion Items Clause: Evasion items are banned\n|rule|Evasion Moves Clause: Evasion moves are banned\n|rule|Endless Battle Clause: Forcing endless battles is banned\n|rule|HP Percentage Mod: HP is shown in percentages\n|clearpoke\n|poke|p1|Ogerpon-Wellspring, F|\n|poke|p1|Clefable, F|\n|poke|p1|Skeledirge, M|\n|poke|p1|Clodsire, M|\n|poke|p1|Ursaring, F|\n|poke|p2|Ninetales-Alola, M|\n|poke|p2|Great Tusk|\n|poke|p2|Hoopa|\n|poke|p2|Dragapult, F|\n|poke|p2|Kingambit, F|\n|teampreview\n|inactive|Battle timer is ON: inactive players will automatically lose when time's up. (requested by galladesimp)\n|\n|t:|1697547532\n|start\n|switch|p1a: Ursaring|Ursaring, F|100\/100\n|switch|p2a: Ninetales-enjoer|Ninetales-Alola, M, shiny|100\/100\n|-weather|Snow|[from] ability: Snow Warning|[of] p2a: Ninetales-enjoer\n|turn|1\n|\n|t:|1697547538\n|move|p2a: Ninetales-enjoer|Aurora Veil|p2a: Ninetales-enjoer\n|-sidestart|p2: moopss|move: Aurora Veil\n|move|p1a: Ursaring|Substitute|p1a: Ursaring\n|-start|p1a: Ursaring|Substitute\n|-damage|p1a: Ursaring|76\/100\n|\n|-weather|Snow|[upkeep]\n|-status|p1a: Ursaring|brn|[from] item: Flame Orb\n|upkeep\n|turn|2\n|c|\u2606galladesimp|\u0437\u0430\u0446\u0435\u043d\u0438 \u043d\u043e\u0432\u0443\u044e \u0430\u0432\u0443\n|c|\u2606galladesimp|\u0432 \u0448\u0434\n|\n|t:|1697547565\n|switch|p2a: Slon|Great Tusk, shiny|100\/100\n|-enditem|p2a: Slon|Booster Energy\n|-activate|p2a: Slon|ability: Protosynthesis|[fromitem]\n|-start|p2a: Slon|protosynthesisatk\n|move|p1a: Ursaring|Brick Break|p2a: Slon\n|-sideend|p2: moopss|move: Aurora Veil\n|-damage|p2a: Slon|71\/100\n|\n|-weather|Snow|[upkeep]\n|-damage|p1a: Ursaring|69\/100 brn|[from] brn\n|upkeep\n|turn|3\n|\n|t:|1697547580\n|move|p2a: Slon|Bulk Up|p2a: Slon\n|-boost|p2a: Slon|atk|1\n|-boost|p2a: Slon|def|1\n|move|p1a: Ursaring|Play Rough|p2a: Slon\n|-supereffective|p2a: Slon\n|-damage|p2a: Slon|25\/100\n|\n|-weather|Snow|[upkeep]\n|-damage|p1a: Ursaring|63\/100 brn|[from] brn\n|upkeep\n|turn|4\n|\n|t:|1697547596\n|move|p2a: Slon|Close Combat|p1a: Ursaring\n|-supereffective|p1a: Ursaring\n|-end|p1a: Ursaring|Substitute\n|-unboost|p2a: Slon|def|1\n|-unboost|p2a: Slon|spd|1\n|move|p1a: Ursaring|Play Rough|p2a: Slon\n|-supereffective|p2a: Slon\n|-damage|p2a: Slon|0 fnt\n|faint|p2a: Slon\n|-end|p2a: Slon|Protosynthesis|[silent]\n|\n|-weather|Snow|[upkeep]\n|-damage|p1a: Ursaring|57\/100 brn|[from] brn\n|upkeep\n|\n|t:|1697547602\n|switch|p2a: Shadow|Dragapult, F, shiny|100\/100\n|turn|5\n|inactive|moopss has 270 seconds left.\n|\n|t:|1697547622\n|switch|p1a: Clefable|Clefable, F|100\/100\n|move|p2a: Shadow|Draco Meteor|p1a: Clefable\n|-immune|p1a: Clefable\n|\n|-weather|none\n|upkeep\n|turn|6\n|\n|t:|1697547629\n|switch|p2a: Ninetales-enjoer|Ninetales-Alola, M, shiny|100\/100\n|-weather|Snow|[from] ability: Snow Warning|[of] p2a: Ninetales-enjoer\n|move|p1a: Clefable|Calm Mind|p1a: Clefable\n|-boost|p1a: Clefable|spa|1\n|-boost|p1a: Clefable|spd|1\n|\n|-weather|Snow|[upkeep]\n|upkeep\n|turn|7\n|\n|t:|1697547634\n|switch|p1a: Sleledirge|Skeledirge, M|100\/100\n|move|p2a: Ninetales-enjoer|Aurora Veil|p2a: Ninetales-enjoer\n|-sidestart|p2: moopss|move: Aurora Veil\n|\n|-weather|Snow|[upkeep]\n|upkeep\n|turn|8\n|\n|t:|1697547642\n|switch|p2a: Shadow|Dragapult, F, shiny|100\/100\n|move|p1a: Sleledirge|Torch Song|p2a: Shadow\n|-resisted|p2a: Shadow\n|-damage|p2a: Shadow|91\/100\n|-boost|p1a: Sleledirge|spa|1\n|\n|-weather|Snow|[upkeep]\n|upkeep\n|turn|9\n|\n|t:|1697547651\n|switch|p1a: Clodsire|Clodsire, M|100\/100\n|move|p2a: Shadow|Hydro Pump|p1a: Clodsire\n|-supereffective|p1a: Clodsire\n|-damage|p1a: Clodsire|54\/100\n|\n|-weather|Snow|[upkeep]\n|-heal|p1a: Clodsire|60\/100|[from] item: Leftovers\n|upkeep\n|turn|10\n|\n|t:|1697547657\n|switch|p2a: Hoopa|Hoopa|100\/100\n|move|p1a: Clodsire|Recover|p1a: Clodsire\n|-heal|p1a: Clodsire|100\/100\n|\n|-weather|none\n|upkeep\n|turn|11\n|\n|t:|1697547684\n|switch|p1a: Sleledirge|Skeledirge, M|100\/100\n|move|p2a: Hoopa|Psychic|p1a: Sleledirge\n|-damage|p1a: Sleledirge|45\/100\n|\n|upkeep\n|turn|12\n|\n|t:|1697547694\n|move|p2a: Hoopa|Psychic|p1a: Sleledirge\n|-damage|p1a: Sleledirge|0 fnt\n|faint|p1a: Sleledirge\n|\n|upkeep\n|\n|t:|1697547703\n|switch|p1a: Clefable|Clefable, F|100\/100\n|turn|13\n|\n|t:|1697547721\n|switch|p2a: Kingambit|Kingambit, F|100\/100\n|-activate|p2a: Kingambit|ability: Supreme Overlord\n|-start|p2a: Kingambit|fallen1|[silent]\n|move|p1a: Clefable|Calm Mind|p1a: Clefable\n|-boost|p1a: Clefable|spa|1\n|-boost|p1a: Clefable|spd|1\n|\n|upkeep\n|turn|14\n|inactive|galladesimp has 270 seconds left.\n|\n|t:|1697547751\n|move|p1a: Clefable|Moonblast|p2a: Kingambit\n|-damage|p2a: Kingambit|79\/100\n|move|p2a: Kingambit|Swords Dance|p2a: Kingambit\n|-boost|p2a: Kingambit|atk|2\n|\n|-heal|p2a: Kingambit|86\/100|[from] item: Leftovers\n|-sideend|p2: moopss|move: Aurora Veil\n|upkeep\n|turn|15\n|\n|t:|1697547762\n|move|p1a: Clefable|Moonblast|p2a: Kingambit\n|-damage|p2a: Kingambit|40\/100\n|move|p2a: Kingambit|Iron Head|p1a: Clefable\n|-supereffective|p1a: Clefable\n|-crit|p1a: Clefable\n|-damage|p1a: Clefable|0 fnt\n|faint|p1a: Clefable\n|\n|-heal|p2a: Kingambit|46\/100|[from] item: Leftovers\n|upkeep\n|\n|t:|1697547766\n|switch|p1a: Ogerpon|Ogerpon-Wellspring, F|100\/100\n|turn|16\n|\n|t:|1697547772\n|move|p1a: Ogerpon|Substitute|p1a: Ogerpon\n|-start|p1a: Ogerpon|Substitute\n|-damage|p1a: Ogerpon|76\/100\n|move|p2a: Kingambit|Kowtow Cleave|p1a: Ogerpon\n|-end|p1a: Ogerpon|Substitute\n|\n|-heal|p2a: Kingambit|52\/100|[from] item: Leftovers\n|upkeep\n|turn|17\n|\n|t:|1697547780\n|move|p2a: Kingambit|Sucker Punch||[still]\n|-fail|p2a: Kingambit\n|move|p1a: Ogerpon|Substitute|p1a: Ogerpon\n|-start|p1a: Ogerpon|Substitute\n|-damage|p1a: Ogerpon|51\/100\n|\n|-heal|p2a: Kingambit|59\/100|[from] item: Leftovers\n|upkeep\n|turn|18\n|\n|t:|1697547786\n|-end|p2a: Kingambit|fallen1|[silent]\n|switch|p2a: Shadow|Dragapult, F, shiny|91\/100\n|-terastallize|p1a: Ogerpon|Water\n|detailschange|p1a: Ogerpon|Ogerpon-Wellspring-Tera, F, tera:Water\n|-ability|p1a: Ogerpon|Embody Aspect (Wellspring)|boost\n|-boost|p1a: Ogerpon|spd|1\n|move|p1a: Ogerpon|Ivy Cudgel|p2a: Shadow\n|-resisted|p2a: Shadow\n|-damage|p2a: Shadow|33\/100\n|\n|upkeep\n|turn|19\n|\n|t:|1697547789\n|move|p2a: Shadow|Thunderbolt|p1a: Ogerpon\n|-supereffective|p1a: Ogerpon\n|-damage|p1a: Ogerpon|0 fnt\n|faint|p1a: Ogerpon\n|\n|upkeep\n|\n|t:|1697547793\n|switch|p1a: Ursaring|Ursaring, F|57\/100 brn\n|turn|20\n|\n|t:|1697547808\n|move|p2a: Shadow|Thunderbolt|p1a: Ursaring\n|-damage|p1a: Ursaring|4\/100 brn\n|move|p1a: Ursaring|Shadow Claw|p2a: Shadow\n|-supereffective|p2a: Shadow\n|-damage|p2a: Shadow|0 fnt\n|faint|p2a: Shadow\n|\n|-damage|p1a: Ursaring|0 fnt|[from] brn\n|faint|p1a: Ursaring\n|upkeep\n|\n|t:|1697547813\n|switch|p2a: Hoopa|Hoopa|100\/100\n|switch|p1a: Clodsire|Clodsire, M|100\/100\n|turn|21\n|\n|t:|1697547820\n|move|p2a: Hoopa|Psychic|p1a: Clodsire\n|-supereffective|p1a: Clodsire\n|-damage|p1a: Clodsire|38\/100\n|move|p1a: Clodsire|Yawn|p2a: Hoopa\n|-start|p2a: Hoopa|move: Yawn|[of] p1a: Clodsire\n|\n|-heal|p1a: Clodsire|45\/100|[from] item: Leftovers\n|upkeep\n|turn|22\n|\n|t:|1697547823\n|move|p2a: Hoopa|Psychic|p1a: Clodsire\n|-supereffective|p1a: Clodsire\n|-damage|p1a: Clodsire|0 fnt\n|faint|p1a: Clodsire\n|\n|win|moopss\n|c|\u2606galladesimp|\u0433\u0433\u0441\n|c|\u2606moopss|\u0413\u0433\n|c|\u2606galladesimp|\u0437\u0430\u0431\u044b\u043b \u043f\u0440\u043e \u0438\u043d\u0444\u0438\u043b\u044c\u0442\u0440\u0430\u0442\u043e\u0440 \u043b\u043e\u043b\n|c|\u2606moopss|\u0423\u0431\u0438\u0440\u0430\u0442\u044c \u043d\u0438\u043a\u043e\u0433\u043e \u043d\u0435 \u0431\u0443\u0434\u0443,\u0444\u0438\u043d\u0430\u043b\u044c\u043d\u044b\u0439 \u0440\u0430\u0443\u043d\u0434, \u043b\u043e\u043b\n","uploadtime":1697547835,"views":20,"p1id":"galladesimp","p2id":"moopss","formatid":"gen9ubers","rating":0,"private":0,"password":""}