{"id":"gen9ubers-1983656202","p1":"CommandApple","p2":"aDestructive","format":"[Gen 9] Ubers","log":"|j|\u2606CommandApple\n|j|\u2606aDestructive\n|t:|1699154720\n|gametype|singles\n|player|p1|CommandApple|265|1069\n|player|p2|aDestructive|169|1078\n|teamsize|p1|6\n|teamsize|p2|6\n|gen|9\n|tier|[Gen 9] Ubers\n|rated|\n|rule|Sleep Clause Mod: Limit one foe put to sleep\n|rule|Species Clause: Limit one of each Pok\u00e9mon\n|rule|OHKO Clause: OHKO moves are banned\n|rule|Evasion Items Clause: Evasion items are banned\n|rule|Evasion Moves Clause: Evasion moves are banned\n|rule|Endless Battle Clause: Forcing endless battles is banned\n|rule|HP Percentage Mod: HP is shown in percentages\n|clearpoke\n|poke|p1|Basculegion, M|\n|poke|p1|Annihilape, F|\n|poke|p1|Chien-Pao|\n|poke|p1|Iron Bundle|\n|poke|p1|Brute Bonnet|\n|poke|p1|Miraidon|\n|poke|p2|Ribombee, M|\n|poke|p2|Koraidon|\n|poke|p2|Iron Moth|\n|poke|p2|Annihilape, F|\n|poke|p2|Landorus, M|\n|poke|p2|Brute Bonnet|\n|teampreview\n|\n|t:|1699154732\n|start\n|switch|p1a: Miraidon|Miraidon|100\/100\n|switch|p2a: Ribombee|Ribombee, M|100\/100\n|-fieldstart|move: Electric Terrain|[from] ability: Hadron Engine|[of] p1a: Miraidon\n|turn|1\n|\n|t:|1699154749\n|move|p2a: Ribombee|Sticky Web|p1a: Miraidon\n|-sidestart|p1: CommandApple|move: Sticky Web\n|move|p1a: Miraidon|Electro Drift|p2a: Ribombee\n|-enditem|p2a: Ribombee|Focus Sash\n|-damage|p2a: Ribombee|1\/100\n|\n|upkeep\n|turn|2\n|\n|t:|1699154759\n|move|p2a: Ribombee|Light Screen|p2a: Ribombee\n|-sidestart|p2: aDestructive|move: Light Screen\n|move|p1a: Miraidon|Volt Switch|p2a: Ribombee\n|-damage|p2a: Ribombee|0 fnt\n|faint|p2a: Ribombee\n|\n|t:|1699154771\n|switch|p1a: Basculegion|Basculegion, M, shiny|100\/100|[from] Volt Switch\n|-activate|p1a: Basculegion|move: Sticky Web\n|-unboost|p1a: Basculegion|spe|1\n|\n|upkeep\n|\n|t:|1699154782\n|switch|p2a: Brute Bonnet|Brute Bonnet|100\/100\n|turn|3\n|\n|t:|1699154793\n|switch|p1a: Brute Bonnet|Brute Bonnet|100\/100\n|-activate|p1a: Brute Bonnet|move: Sticky Web\n|-unboost|p1a: Brute Bonnet|spe|1\n|-enditem|p1a: Brute Bonnet|Booster Energy\n|-activate|p1a: Brute Bonnet|ability: Protosynthesis|[fromitem]\n|-start|p1a: Brute Bonnet|protosynthesisdef\n|move|p2a: Brute Bonnet|Energy Ball|p1a: Brute Bonnet\n|-resisted|p1a: Brute Bonnet\n|-damage|p1a: Brute Bonnet|88\/100\n|\n|upkeep\n|turn|4\n|\n|t:|1699154812\n|-end|p2a: Brute Bonnet|Protosynthesis|[silent]\n|switch|p2a: Iron Moth|Iron Moth|100\/100\n|-activate|p2a: Iron Moth|ability: Quark Drive\n|-start|p2a: Iron Moth|quarkdrivespa\n|-item|p2a: Iron Moth|Air Balloon\n|move|p1a: Brute Bonnet|Close Combat|p2a: Iron Moth\n|-resisted|p2a: Iron Moth\n|-damage|p2a: Iron Moth|74\/100\n|-unboost|p1a: Brute Bonnet|def|1\n|-unboost|p1a: Brute Bonnet|spd|1\n|-enditem|p2a: Iron Moth|Air Balloon\n|\n|upkeep\n|turn|5\n|\n|t:|1699154834\n|move|p2a: Iron Moth|Fiery Dance|p1a: Brute Bonnet\n|-supereffective|p1a: Brute Bonnet\n|-damage|p1a: Brute Bonnet|0 fnt\n|faint|p1a: Brute Bonnet\n|-end|p1a: Brute Bonnet|Protosynthesis|[silent]\n|\n|-fieldend|move: Electric Terrain\n|-end|p2a: Iron Moth|Quark Drive\n|upkeep\n|\n|t:|1699154846\n|switch|p1a: Basculegion|Basculegion, M, shiny|100\/100\n|-activate|p1a: Basculegion|move: Sticky Web\n|-unboost|p1a: Basculegion|spe|1\n|turn|6\n|\n|t:|1699154884\n|-end|p2a: Iron Moth|Quark Drive|[silent]\n|switch|p2a: Koraidon|Koraidon|100\/100\n|-weather|SunnyDay|[from] ability: Orichalcum Pulse|[of] p2a: Koraidon\n|-activate|p2a: Koraidon|Orichalcum Pulse|[source]\n|-terastallize|p1a: Basculegion|Dragon\n|move|p1a: Basculegion|Scale Shot|p2a: Koraidon\n|-supereffective|p2a: Koraidon\n|-damage|p2a: Koraidon|68\/100\n|-enditem|p2a: Koraidon|Weakness Policy\n|-boost|p2a: Koraidon|atk|2|[from] item: Weakness Policy\n|-boost|p2a: Koraidon|spa|2|[from] item: Weakness Policy\n|-supereffective|p2a: Koraidon\n|-damage|p2a: Koraidon|34\/100\n|-supereffective|p2a: Koraidon\n|-damage|p2a: Koraidon|0 fnt\n|faint|p2a: Koraidon\n|-hitcount|p2: Koraidon|3\n|-unboost|p1a: Basculegion|def|1\n|-boost|p1a: Basculegion|spe|1\n|\n|-weather|SunnyDay|[upkeep]\n|-sideend|p2: aDestructive|move: Light Screen\n|upkeep\n|\n|t:|1699154887\n|switch|p2a: Brute Bonnet|Brute Bonnet|100\/100\n|-activate|p2a: Brute Bonnet|ability: Protosynthesis\n|-start|p2a: Brute Bonnet|protosynthesisspd\n|turn|7\n|\n|t:|1699154916\n|switch|p1a: Annihilape|Annihilape, F|100\/100\n|-activate|p1a: Annihilape|move: Sticky Web\n|-unboost|p1a: Annihilape|spe|1\n|move|p2a: Brute Bonnet|Spore|p1a: Annihilape\n|-immune|p1a: Annihilape|[from] ability: Vital Spirit\n|\n|-weather|SunnyDay|[upkeep]\n|upkeep\n|turn|8\n|\n|t:|1699154931\n|-end|p2a: Brute Bonnet|Protosynthesis|[silent]\n|switch|p2a: Landorus|Landorus, M|100\/100\n|move|p1a: Annihilape|Drain Punch|p2a: Landorus\n|-resisted|p2a: Landorus\n|-damage|p2a: Landorus|75\/100\n|\n|-weather|SunnyDay|[upkeep]\n|upkeep\n|turn|9\n|\n|t:|1699154946\n|switch|p1a: Miraidon|Miraidon|100\/100\n|-activate|p1a: Miraidon|move: Sticky Web\n|-unboost|p1a: Miraidon|spe|1\n|-fieldstart|move: Electric Terrain|[from] ability: Hadron Engine|[of] p1a: Miraidon\n|move|p2a: Landorus|Earth Power|p1a: Miraidon\n|-supereffective|p1a: Miraidon\n|-damage|p1a: Miraidon|0 fnt\n|faint|p1a: Miraidon\n|\n|-weather|SunnyDay|[upkeep]\n|upkeep\n|\n|t:|1699154957\n|switch|p1a: Iron Bundle|Iron Bundle|100\/100\n|-activate|p1a: Iron Bundle|move: Sticky Web\n|-unboost|p1a: Iron Bundle|spe|1\n|-activate|p1a: Iron Bundle|ability: Quark Drive\n|-start|p1a: Iron Bundle|quarkdrivespa\n|turn|10\n|\n|t:|1699155001\n|move|p2a: Landorus|Earth Power|p1a: Iron Bundle\n|-damage|p1a: Iron Bundle|0 fnt\n|faint|p1a: Iron Bundle\n|-end|p1a: Iron Bundle|Quark Drive|[silent]\n|\n|-weather|none\n|upkeep\n|\n|t:|1699155012\n|switch|p1a: Basculegion|Basculegion, M, shiny, tera:Dragon|100\/100\n|-activate|p1a: Basculegion|move: Sticky Web\n|-unboost|p1a: Basculegion|spe|1\n|turn|11\n|\n|t:|1699155018\n|move|p2a: Landorus|Earth Power|p1a: Basculegion\n|-damage|p1a: Basculegion|33\/100\n|move|p1a: Basculegion|Wave Crash|p2a: Landorus\n|-supereffective|p2a: Landorus\n|-damage|p2a: Landorus|0 fnt\n|faint|p2a: Landorus\n|-damage|p1a: Basculegion|13\/100|[from] Recoil\n|\n|upkeep\n|\n|t:|1699155039\n|switch|p2a: Iron Moth|Iron Moth|74\/100\n|-activate|p2a: Iron Moth|ability: Quark Drive\n|-start|p2a: Iron Moth|quarkdrivespa\n|turn|12\n|\n|t:|1699155046\n|move|p2a: Iron Moth|Fiery Dance|p1a: Basculegion\n|-resisted|p1a: Basculegion\n|-damage|p1a: Basculegion|0 fnt\n|-boost|p2a: Iron Moth|spa|1\n|faint|p1a: Basculegion\n|\n|upkeep\n|\n|t:|1699155053\n|switch|p1a: Chien-Pao|Chien-Pao|100\/100\n|-activate|p1a: Chien-Pao|move: Sticky Web\n|-unboost|p1a: Chien-Pao|spe|1\n|-ability|p1a: Chien-Pao|Sword of Ruin\n|turn|13\n|\n|t:|1699155059\n|move|p2a: Iron Moth|Fiery Dance|p1a: Chien-Pao\n|-supereffective|p1a: Chien-Pao\n|-enditem|p1a: Chien-Pao|Focus Sash\n|-damage|p1a: Chien-Pao|1\/100\n|-boost|p2a: Iron Moth|spa|1\n|move|p1a: Chien-Pao|Ice Spinner|p2a: Iron Moth\n|-resisted|p2a: Iron Moth\n|-damage|p2a: Iron Moth|26\/100\n|-fieldend|move: Electric Terrain\n|-end|p2a: Iron Moth|Quark Drive\n|\n|upkeep\n|turn|14\n|\n|t:|1699155070\n|move|p1a: Chien-Pao|Sucker Punch|p2a: Iron Moth\n|-damage|p2a: Iron Moth|0 fnt\n|faint|p2a: Iron Moth\n|-end|p2a: Iron Moth|Quark Drive|[silent]\n|\n|upkeep\n|\n|t:|1699155077\n|switch|p2a: Annihilape|Annihilape, F, shiny|100\/100\n|turn|15\n|\n|t:|1699155084\n|move|p1a: Chien-Pao|Sucker Punch|p2a: Annihilape\n|-damage|p2a: Annihilape|45\/100\n|move|p2a: Annihilape|Phantom Force||[still]\n|-prepare|p2a: Annihilape|Phantom Force\n|\n|upkeep\n|turn|16\n|\n|t:|1699155096\n|move|p1a: Chien-Pao|Sucker Punch|p2a: Annihilape|[miss]\n|-miss|p1a: Chien-Pao|p2a: Annihilape\n|move|p2a: Annihilape|Phantom Force|p1a: Chien-Pao|[from]lockedmove\n|-resisted|p1a: Chien-Pao\n|-damage|p1a: Chien-Pao|0 fnt\n|faint|p1a: Chien-Pao\n|\n|upkeep\n|\n|t:|1699155105\n|switch|p1a: Annihilape|Annihilape, F|100\/100\n|-activate|p1a: Annihilape|move: Sticky Web\n|-unboost|p1a: Annihilape|spe|1\n|turn|17\n|\n|t:|1699155112\n|move|p2a: Annihilape|Phantom Force||[still]\n|-prepare|p2a: Annihilape|Phantom Force\n|move|p1a: Annihilape|Night Slash|p2a: Annihilape|[miss]\n|-miss|p1a: Annihilape|p2a: Annihilape\n|\n|upkeep\n|turn|18\n|\n|t:|1699155122\n|move|p2a: Annihilape|Phantom Force|p1a: Annihilape|[from]lockedmove\n|-supereffective|p1a: Annihilape\n|-damage|p1a: Annihilape|13\/100\n|-enditem|p1a: Annihilape|Sitrus Berry|[eat]\n|-heal|p1a: Annihilape|38\/100|[from] item: Sitrus Berry\n|move|p1a: Annihilape|Night Slash|p2a: Annihilape\n|-damage|p2a: Annihilape|16\/100\n|\n|upkeep\n|turn|19\n|\n|t:|1699155137\n|move|p2a: Annihilape|Phantom Force||[still]\n|-prepare|p2a: Annihilape|Phantom Force\n|move|p1a: Annihilape|Bulk Up|p1a: Annihilape\n|-boost|p1a: Annihilape|atk|1\n|-boost|p1a: Annihilape|def|1\n|\n|upkeep\n|turn|20\n|\n|t:|1699155144\n|move|p2a: Annihilape|Phantom Force|p1a: Annihilape|[from]lockedmove\n|-supereffective|p1a: Annihilape\n|-damage|p1a: Annihilape|0 fnt\n|faint|p1a: Annihilape\n|\n|win|aDestructive\n|raw|CommandApple's rating: 1069 &rarr; <strong>1049<\/strong><br \/>(-20 for losing)\n|raw|aDestructive's rating: 1078 &rarr; <strong>1106<\/strong><br \/>(+28 for winning)\n","uploadtime":1699155149,"views":5,"p1id":"commandapple","p2id":"adestructive","formatid":"gen9ubers","rating":1049,"private":0,"password":""}