{"id":"gen9ubers-1989433516","p1":"S3PP1","p2":"CRIPPYwitdaGRIPPY","format":"[Gen 9] Ubers","log":"|j|\u2606S3PP1\n|j|\u2606CRIPPYwitdaGRIPPY\n|t:|1699849792\n|gametype|singles\n|player|p1|S3PP1|chuck|\n|player|p2|CRIPPYwitdaGRIPPY|caitlin|\n|teamsize|p1|6\n|teamsize|p2|6\n|gen|9\n|tier|[Gen 9] Ubers\n|rule|Sleep Clause Mod: Limit one foe put to sleep\n|rule|Species Clause: Limit one of each Pok\u00e9mon\n|rule|OHKO Clause: OHKO moves are banned\n|rule|Evasion Items Clause: Evasion items are banned\n|rule|Evasion Moves Clause: Evasion moves are banned\n|rule|Endless Battle Clause: Forcing endless battles is banned\n|rule|HP Percentage Mod: HP is shown in percentages\n|clearpoke\n|poke|p1|Urshifu-*, M|\n|poke|p1|Gholdengo|\n|poke|p1|Clodsire, M|\n|poke|p1|Cyclizar, F|\n|poke|p1|Eelektross, M|\n|poke|p1|Rabsca, M|\n|poke|p2|Rayquaza|\n|poke|p2|Kingambit, F|\n|poke|p2|Quaquaval, M|\n|poke|p2|Pawmot, M|\n|poke|p2|Typhlosion, F|\n|poke|p2|Abomasnow, F|\n|teampreview\n|inactive|Battle timer is ON: inactive players will automatically lose when time's up. (requested by S3PP1)\n|\n|t:|1699849821\n|start\n|switch|p1a: Blobert|Clodsire, M|100\/100\n|switch|p2a: spiny d1ck|Kingambit, F|100\/100\n|turn|1\n|\n|t:|1699849849\n|move|p2a: spiny d1ck|Kowtow Cleave|p1a: Blobert\n|-damage|p1a: Blobert|56\/100\n|move|p1a: Blobert|Stealth Rock|p2a: spiny d1ck\n|-sidestart|p2: CRIPPYwitdaGRIPPY|move: Stealth Rock\n|\n|-heal|p1a: Blobert|62\/100|[from] item: Black Sludge\n|upkeep\n|turn|2\n|\n|t:|1699849860\n|move|p2a: spiny d1ck|Focus Blast|p1a: Blobert\n|-resisted|p1a: Blobert\n|-damage|p1a: Blobert|57\/100\n|move|p1a: Blobert|Spikes|p2a: spiny d1ck\n|-sidestart|p2: CRIPPYwitdaGRIPPY|Spikes\n|\n|-heal|p1a: Blobert|63\/100|[from] item: Black Sludge\n|upkeep\n|turn|3\n|\n|t:|1699849869\n|move|p2a: spiny d1ck|Kowtow Cleave|p1a: Blobert\n|-damage|p1a: Blobert|20\/100\n|move|p1a: Blobert|Spikes|p2a: spiny d1ck\n|-sidestart|p2: CRIPPYwitdaGRIPPY|Spikes\n|\n|-heal|p1a: Blobert|26\/100|[from] item: Black Sludge\n|upkeep\n|turn|4\n|\n|t:|1699849879\n|move|p2a: spiny d1ck|Kowtow Cleave|p1a: Blobert\n|-damage|p1a: Blobert|0 fnt\n|faint|p1a: Blobert\n|\n|upkeep\n|\n|t:|1699849889\n|switch|p1a: I Broke VGC|Urshifu-Rapid-Strike, M|100\/100\n|turn|5\n|\n|t:|1699849900\n|move|p1a: I Broke VGC|Close Combat|p2a: spiny d1ck\n|-supereffective|p2a: spiny d1ck\n|-damage|p2a: spiny d1ck|0 fnt\n|-unboost|p1a: I Broke VGC|def|1\n|-unboost|p1a: I Broke VGC|spd|1\n|faint|p2a: spiny d1ck\n|-end|p2a: spiny d1ck|fallenundefined|[silent]\n|\n|upkeep\n|\n|t:|1699849913\n|switch|p2a: obama|Abomasnow, F|100\/100\n|-damage|p2a: obama|76\/100|[from] Stealth Rock\n|-damage|p2a: obama|59\/100|[from] Spikes\n|-weather|Snow|[from] ability: Snow Warning|[of] p2a: obama\n|turn|6\n|\n|t:|1699849935\n|move|p1a: I Broke VGC|Close Combat|p2a: obama\n|-supereffective|p2a: obama\n|-damage|p2a: obama|0 fnt\n|-unboost|p1a: I Broke VGC|def|1\n|-unboost|p1a: I Broke VGC|spd|1\n|faint|p2a: obama\n|\n|-weather|Snow|[upkeep]\n|upkeep\n|\n|t:|1699849957\n|switch|p2a: rayquaquay|Rayquaza, shiny|100\/100\n|-damage|p2a: rayquaquay|76\/100|[from] Stealth Rock\n|-ability|p2a: rayquaquay|Air Lock\n|turn|7\n|\n|t:|1699849968\n|switch|p1a: Just An Eel|Eelektross, M|100\/100\n|move|p2a: rayquaquay|Dragon Ascent|p1a: Just An Eel\n|-resisted|p1a: Just An Eel\n|-damage|p1a: Just An Eel|49\/100\n|-unboost|p2a: rayquaquay|def|1\n|-unboost|p2a: rayquaquay|spd|1\n|-damage|p2a: rayquaquay|66\/100|[from] item: Life Orb\n|\n|-weather|Snow|[upkeep]\n|upkeep\n|turn|8\n|\n|t:|1699849983\n|move|p2a: rayquaquay|Substitute|p2a: rayquaquay\n|-start|p2a: rayquaquay|Substitute\n|-damage|p2a: rayquaquay|41\/100\n|move|p1a: Just An Eel|Knock Off|p2a: rayquaquay\n|-end|p2a: rayquaquay|Substitute\n|\n|-weather|Snow|[upkeep]\n|upkeep\n|turn|9\n|\n|t:|1699849990\n|move|p2a: rayquaquay|Draco Meteor|p1a: Just An Eel\n|-damage|p1a: Just An Eel|9\/100\n|-unboost|p2a: rayquaquay|spa|2\n|-damage|p2a: rayquaquay|31\/100|[from] item: Life Orb\n|move|p1a: Just An Eel|Knock Off|p2a: rayquaquay\n|-damage|p2a: rayquaquay|0 fnt\n|-enditem|p2a: rayquaquay|Life Orb|[from] move: Knock Off|[of] p1a: Just An Eel\n|faint|p2a: rayquaquay\n|\n|-weather|Snow|[upkeep]\n|upkeep\n|\n|t:|1699850003\n|switch|p2a: fagduck|Quaquaval, M|100\/100\n|-damage|p2a: fagduck|94\/100|[from] Stealth Rock\n|-damage|p2a: fagduck|78\/100|[from] Spikes\n|turn|10\n|\n|t:|1699850021\n|move|p2a: fagduck|Knock Off|p1a: Just An Eel\n|-damage|p1a: Just An Eel|0 fnt\n|-enditem|p1a: Just An Eel|Assault Vest|[from] move: Knock Off|[of] p2a: fagduck\n|faint|p1a: Just An Eel\n|-ability|p2a: fagduck|Moxie|boost\n|-boost|p2a: fagduck|atk|1\n|\n|-weather|Snow|[upkeep]\n|-heal|p2a: fagduck|84\/100|[from] item: Leftovers\n|upkeep\n|\n|t:|1699850028\n|switch|p1a: Speege McFast|Cyclizar, F|100\/100\n|turn|11\n|inactive|CRIPPYwitdaGRIPPY has 270 seconds left.\n|\n|t:|1699850049\n|move|p1a: Speege McFast|Draco Meteor|p2a: fagduck|[miss]\n|-miss|p1a: Speege McFast|p2a: fagduck\n|move|p2a: fagduck|Aqua Step|p1a: Speege McFast\n|-resisted|p1a: Speege McFast\n|-damage|p1a: Speege McFast|57\/100\n|-boost|p2a: fagduck|spe|1\n|\n|-weather|Snow|[upkeep]\n|-heal|p2a: fagduck|90\/100|[from] item: Leftovers\n|upkeep\n|turn|12\n|\n|t:|1699850062\n|move|p2a: fagduck|Aqua Step|p1a: Speege McFast\n|-resisted|p1a: Speege McFast\n|-damage|p1a: Speege McFast|12\/100\n|-boost|p2a: fagduck|spe|1\n|-enditem|p1a: Speege McFast|Sitrus Berry|[eat]\n|-heal|p1a: Speege McFast|37\/100|[from] item: Sitrus Berry\n|move|p1a: Speege McFast|Shed Tail|p1a: Speege McFast\n|-fail|p1a: Speege McFast|move: Shed Tail|[weak]\n|\n|-weather|Snow|[upkeep]\n|-heal|p2a: fagduck|96\/100|[from] item: Leftovers\n|upkeep\n|turn|13\n|\n|t:|1699850075\n|move|p2a: fagduck|Aqua Step|p1a: Speege McFast\n|-resisted|p1a: Speege McFast\n|-damage|p1a: Speege McFast|0 fnt\n|-boost|p2a: fagduck|spe|1\n|faint|p1a: Speege McFast\n|-ability|p2a: fagduck|Moxie|boost\n|-boost|p2a: fagduck|atk|1\n|\n|-weather|none\n|-heal|p2a: fagduck|100\/100|[from] item: Leftovers\n|upkeep\n|\n|t:|1699850079\n|switch|p1a: poo Bug|Rabsca, M|100\/100\n|turn|14\n|\n|t:|1699850090\n|move|p2a: fagduck|Aqua Step|p1a: poo Bug\n|-damage|p1a: poo Bug|28\/100\n|-boost|p2a: fagduck|spe|1\n|move|p1a: poo Bug|Revival Blessing|p1a: poo Bug\n|\n|t:|1699850093\n|-heal|p1: Blobert|50\/100|[from] move: Revival Blessing\n|\n|upkeep\n|turn|15\n|\n|t:|1699850100\n|move|p2a: fagduck|Aqua Step|p1a: poo Bug\n|-crit|p1a: poo Bug\n|-damage|p1a: poo Bug|0 fnt\n|-boost|p2a: fagduck|spe|1\n|faint|p1a: poo Bug\n|-ability|p2a: fagduck|Moxie|boost\n|-boost|p2a: fagduck|atk|1\n|\n|upkeep\n|\n|t:|1699850115\n|switch|p1a: Blobert|Clodsire, M|50\/100\n|turn|16\n|\n|t:|1699850132\n|move|p1a: Blobert|Protect|p1a: Blobert\n|-singleturn|p1a: Blobert|Protect\n|move|p2a: fagduck|Close Combat|p1a: Blobert\n|-activate|p1a: Blobert|move: Protect\n|\n|-heal|p1a: Blobert|57\/100|[from] item: Black Sludge\n|upkeep\n|turn|17\n|\n|t:|1699850155\n|move|p2a: fagduck|Close Combat|p1a: Blobert\n|-resisted|p1a: Blobert\n|-damage|p1a: Blobert|34\/100\n|-unboost|p2a: fagduck|def|1\n|-unboost|p2a: fagduck|spd|1\n|move|p1a: Blobert|Toxic|p2a: fagduck\n|-status|p2a: fagduck|tox\n|\n|-heal|p1a: Blobert|41\/100|[from] item: Black Sludge\n|-damage|p2a: fagduck|94\/100 tox|[from] psn\n|upkeep\n|turn|18\n|\n|t:|1699850165\n|move|p1a: Blobert|Protect|p1a: Blobert\n|-singleturn|p1a: Blobert|Protect\n|move|p2a: fagduck|Aqua Step|p1a: Blobert\n|-activate|p1a: Blobert|move: Protect\n|\n|-heal|p2a: fagduck|100\/100 tox|[from] item: Leftovers\n|-heal|p1a: Blobert|47\/100|[from] item: Black Sludge\n|-damage|p2a: fagduck|88\/100 tox|[from] psn\n|upkeep\n|turn|19\n|\n|t:|1699850178\n|move|p1a: Blobert|Protect|p1a: Blobert\n|-singleturn|p1a: Blobert|Protect\n|move|p2a: fagduck|Aqua Step|p1a: Blobert\n|-activate|p1a: Blobert|move: Protect\n|\n|-heal|p2a: fagduck|94\/100 tox|[from] item: Leftovers\n|-heal|p1a: Blobert|53\/100|[from] item: Black Sludge\n|-damage|p2a: fagduck|76\/100 tox|[from] psn\n|upkeep\n|turn|20\n|\n|t:|1699850190\n|move|p1a: Blobert|Protect||[still]\n|-fail|p1a: Blobert\n|move|p2a: fagduck|Aqua Step|p1a: Blobert\n|-supereffective|p1a: Blobert\n|-damage|p1a: Blobert|0 fnt\n|-boost|p2a: fagduck|spe|1\n|faint|p1a: Blobert\n|-ability|p2a: fagduck|Moxie|boost\n|-boost|p2a: fagduck|atk|1\n|\n|-heal|p2a: fagduck|82\/100 tox|[from] item: Leftovers\n|-damage|p2a: fagduck|58\/100 tox|[from] psn\n|upkeep\n|\n|t:|1699850194\n|switch|p1a: String CHEESEEE|Gholdengo|100\/100\n|-item|p1a: String CHEESEEE|Air Balloon\n|turn|21\n|\n|t:|1699850203\n|move|p2a: fagduck|Aqua Step|p1a: String CHEESEEE\n|-damage|p1a: String CHEESEEE|0 fnt\n|-enditem|p1a: String CHEESEEE|Air Balloon\n|faint|p1a: String CHEESEEE\n|-ability|p2a: fagduck|Moxie|boost\n|-boost|p2a: fagduck|atk|1\n|\n|-heal|p2a: fagduck|64\/100 tox|[from] item: Leftovers\n|-damage|p2a: fagduck|33\/100 tox|[from] psn\n|upkeep\n|\n|t:|1699850206\n|switch|p1a: I Broke VGC|Urshifu-Rapid-Strike, M|100\/100\n|turn|22\n|\n|t:|1699850215\n|move|p2a: fagduck|Aqua Step|p1a: I Broke VGC\n|-resisted|p1a: I Broke VGC\n|-damage|p1a: I Broke VGC|26\/100\n|move|p1a: I Broke VGC|Surging Strikes|p2a: fagduck\n|-resisted|p2a: fagduck\n|-crit|p2a: fagduck\n|-damage|p2a: fagduck|2\/100 tox\n|-resisted|p2a: fagduck\n|-crit|p2a: fagduck\n|-damage|p2a: fagduck|0 fnt\n|faint|p2a: fagduck\n|-hitcount|p2: fagduck|2\n|\n|upkeep\n|\n|t:|1699850230\n|switch|p2a: pikaclone#84|Pawmot, M|100\/100\n|-damage|p2a: pikaclone#84|94\/100|[from] Stealth Rock\n|-damage|p2a: pikaclone#84|78\/100|[from] Spikes\n|turn|23\n|\n|t:|1699850236\n|move|p2a: pikaclone#84|Revival Blessing|p2a: pikaclone#84\n|-enditem|p2a: pikaclone#84|Leppa Berry|[eat]\n|-activate|p2a: pikaclone#84|item: Leppa Berry|Revival Blessing|[consumed]\n|\n|t:|1699850243\n|-heal|p2: rayquaquay|50\/100|[from] move: Revival Blessing\n|move|p1a: I Broke VGC|Surging Strikes|p2a: pikaclone#84\n|-crit|p2a: pikaclone#84\n|-damage|p2a: pikaclone#84|30\/100\n|-crit|p2a: pikaclone#84\n|-damage|p2a: pikaclone#84|0 fnt\n|faint|p2a: pikaclone#84\n|-hitcount|p2: pikaclone#84|2\n|\n|upkeep\n|\n|t:|1699850252\n|switch|p2a: yellaboi|Typhlosion, F|100\/100\n|-damage|p2a: yellaboi|76\/100|[from] Stealth Rock\n|-damage|p2a: yellaboi|59\/100|[from] Spikes\n|turn|24\n|\n|t:|1699850267\n|-terastallize|p1a: I Broke VGC|Water\n|move|p2a: yellaboi|Focus Blast|p1a: I Broke VGC\n|-damage|p1a: I Broke VGC|0 fnt\n|faint|p1a: I Broke VGC\n|\n|win|CRIPPYwitdaGRIPPY\n","uploadtime":1699850294,"views":26,"p1id":"s3pp1","p2id":"crippywitdagrippy","formatid":"gen9ubers","rating":0,"private":0,"password":""}