{"id":"gen9ubers-1988060678","p1":"TheMasterAJ","p2":"SevLev","format":"[Gen 9] Ubers","log":"|j|\u2606TheMasterAJ\n|j|\u2606SevLev\n|t:|1699664720\n|gametype|singles\n|player|p1|TheMasterAJ|lucas|\n|player|p2|SevLev|roxie|\n|teamsize|p1|6\n|teamsize|p2|6\n|gen|9\n|tier|[Gen 9] Ubers\n|rule|Sleep Clause Mod: Limit one foe put to sleep\n|rule|Species Clause: Limit one of each Pok\u00e9mon\n|rule|OHKO Clause: OHKO moves are banned\n|rule|Evasion Items Clause: Evasion items are banned\n|rule|Evasion Moves Clause: Evasion moves are banned\n|rule|Endless Battle Clause: Forcing endless battles is banned\n|rule|HP Percentage Mod: HP is shown in percentages\n|clearpoke\n|poke|p1|Garchomp, M|\n|poke|p1|Amoonguss, F|\n|poke|p1|Gholdengo|\n|poke|p1|Scream Tail|\n|poke|p1|Weavile, F|\n|poke|p1|Skeledirge, M|\n|poke|p2|Iron Valiant|\n|poke|p2|Toxapex, M|\n|poke|p2|Hydreigon, M|\n|poke|p2|Thundurus-Therian, M|\n|poke|p2|Ceruledge, F|\n|poke|p2|Clodsire, M|\n|teampreview\n|\n|t:|1699664859\n|start\n|switch|p1a: Funguy|Amoonguss, F|100\/100\n|switch|p2a: :3|Toxapex, M|100\/100\n|turn|1\n|\n|t:|1699664869\n|-terastallize|p2a: :3|Grass\n|move|p2a: :3|Ice Beam|p1a: Funguy\n|-supereffective|p1a: Funguy\n|-damage|p1a: Funguy|64\/100\n|move|p1a: Funguy|Spore|p2a: :3\n|-immune|p2a: :3\n|\n|-heal|p1a: Funguy|71\/100|[from] item: Black Sludge\n|upkeep\n|turn|2\n|\n|t:|1699664880\n|move|p2a: :3|Ice Beam|p1a: Funguy\n|-supereffective|p1a: Funguy\n|-damage|p1a: Funguy|34\/100\n|move|p1a: Funguy|Clear Smog|p2a: :3\n|-supereffective|p2a: :3\n|-damage|p2a: :3|85\/100\n|-clearboost|p2a: :3\n|\n|-heal|p1a: Funguy|40\/100|[from] item: Black Sludge\n|upkeep\n|turn|3\n|\n|t:|1699664909\n|move|p2a: :3|Ice Beam|p1a: Funguy\n|-supereffective|p1a: Funguy\n|-damage|p1a: Funguy|6\/100\n|move|p1a: Funguy|Clear Smog|p2a: :3\n|-supereffective|p2a: :3\n|-damage|p2a: :3|69\/100\n|-clearboost|p2a: :3\n|\n|-heal|p1a: Funguy|12\/100|[from] item: Black Sludge\n|upkeep\n|turn|4\n|\n|t:|1699664918\n|move|p2a: :3|Ice Beam|p1a: Funguy\n|-supereffective|p1a: Funguy\n|-damage|p1a: Funguy|0 fnt\n|faint|p1a: Funguy\n|\n|upkeep\n|\n|t:|1699664925\n|switch|p1a: Natsu|Skeledirge, M, shiny|100\/100\n|turn|5\n|\n|t:|1699664943\n|switch|p2a: Tera Fire|Hydreigon, M|100\/100\n|move|p1a: Natsu|Torch Song|p2a: Tera Fire\n|-resisted|p2a: Tera Fire\n|-damage|p2a: Tera Fire|82\/100\n|-boost|p1a: Natsu|spa|1\n|\n|upkeep\n|turn|6\n|\n|t:|1699664962\n|move|p2a: Tera Fire|Surf|p1a: Natsu\n|-supereffective|p1a: Natsu\n|-damage|p1a: Natsu|1\/100\n|move|p1a: Natsu|Torch Song|p2a: Tera Fire\n|-resisted|p2a: Tera Fire\n|-damage|p2a: Tera Fire|56\/100\n|-boost|p1a: Natsu|spa|1\n|\n|-heal|p1a: Natsu|7\/100|[from] item: Leftovers\n|upkeep\n|turn|7\n|\n|t:|1699664975\n|move|p2a: Tera Fire|Surf|p1a: Natsu\n|-supereffective|p1a: Natsu\n|-damage|p1a: Natsu|0 fnt\n|faint|p1a: Natsu\n|\n|upkeep\n|\n|t:|1699664980\n|switch|p1a: Saiki K|Scream Tail|100\/100\n|-enditem|p1a: Saiki K|Booster Energy\n|-activate|p1a: Saiki K|ability: Protosynthesis|[fromitem]\n|-start|p1a: Saiki K|protosynthesisdef\n|turn|8\n|\n|t:|1699664994\n|switch|p2a: Floor Fish|Clodsire, M|100\/100\n|move|p1a: Saiki K|Calm Mind|p1a: Saiki K\n|-boost|p1a: Saiki K|spa|1\n|-boost|p1a: Saiki K|spd|1\n|\n|upkeep\n|turn|9\n|\n|t:|1699665005\n|move|p1a: Saiki K|Wish|p1a: Saiki K\n|move|p2a: Floor Fish|Gunk Shot|p1a: Saiki K\n|-supereffective|p1a: Saiki K\n|-damage|p1a: Saiki K|70\/100\n|\n|upkeep\n|turn|10\n|\n|t:|1699665010\n|move|p1a: Saiki K|Calm Mind|p1a: Saiki K\n|-boost|p1a: Saiki K|spa|1\n|-boost|p1a: Saiki K|spd|1\n|move|p2a: Floor Fish|Gunk Shot|p1a: Saiki K\n|-supereffective|p1a: Saiki K\n|-damage|p1a: Saiki K|39\/100\n|\n|-heal|p1a: Saiki K|89\/100|[from] move: Wish|[wisher] Saiki K\n|upkeep\n|turn|11\n|\n|t:|1699665018\n|move|p1a: Saiki K|Wish|p1a: Saiki K\n|move|p2a: Floor Fish|Gunk Shot|p1a: Saiki K\n|-supereffective|p1a: Saiki K\n|-damage|p1a: Saiki K|62\/100\n|\n|upkeep\n|turn|12\n|\n|t:|1699665023\n|move|p1a: Saiki K|Calm Mind|p1a: Saiki K\n|-boost|p1a: Saiki K|spa|1\n|-boost|p1a: Saiki K|spd|1\n|move|p2a: Floor Fish|Gunk Shot|p1a: Saiki K\n|-supereffective|p1a: Saiki K\n|-damage|p1a: Saiki K|34\/100\n|\n|-heal|p1a: Saiki K|84\/100|[from] move: Wish|[wisher] Saiki K\n|upkeep\n|turn|13\n|\n|t:|1699665031\n|move|p1a: Saiki K|Wish|p1a: Saiki K\n|move|p2a: Floor Fish|Toxic|p1a: Saiki K\n|-status|p1a: Saiki K|tox\n|\n|-damage|p1a: Saiki K|78\/100 tox|[from] psn\n|upkeep\n|turn|14\n|\n|t:|1699665039\n|move|p1a: Saiki K|Psychic|p2a: Floor Fish\n|-supereffective|p2a: Floor Fish\n|-damage|p2a: Floor Fish|69\/100\n|move|p2a: Floor Fish|Gunk Shot|p1a: Saiki K\n|-supereffective|p1a: Saiki K\n|-damage|p1a: Saiki K|49\/100 tox\n|\n|-heal|p1a: Saiki K|99\/100 tox|[from] move: Wish|[wisher] Saiki K\n|-heal|p2a: Floor Fish|75\/100|[from] item: Black Sludge\n|-damage|p1a: Saiki K|87\/100 tox|[from] psn\n|upkeep\n|turn|15\n|\n|t:|1699665078\n|move|p1a: Saiki K|Psychic|p2a: Floor Fish\n|-supereffective|p2a: Floor Fish\n|-damage|p2a: Floor Fish|46\/100\n|move|p2a: Floor Fish|Gunk Shot|p1a: Saiki K|[miss]\n|-miss|p2a: Floor Fish|p1a: Saiki K\n|\n|-heal|p2a: Floor Fish|52\/100|[from] item: Black Sludge\n|-damage|p1a: Saiki K|68\/100 tox|[from] psn\n|upkeep\n|turn|16\n|\n|t:|1699665086\n|move|p1a: Saiki K|Psychic|p2a: Floor Fish\n|-supereffective|p2a: Floor Fish\n|-crit|p2a: Floor Fish\n|-damage|p2a: Floor Fish|7\/100\n|move|p2a: Floor Fish|Gunk Shot|p1a: Saiki K\n|-supereffective|p1a: Saiki K\n|-damage|p1a: Saiki K|40\/100 tox\n|\n|-heal|p2a: Floor Fish|13\/100|[from] item: Black Sludge\n|-damage|p1a: Saiki K|15\/100 tox|[from] psn\n|upkeep\n|turn|17\n|\n|t:|1699665112\n|switch|p2a: Tera Fire|Hydreigon, M|56\/100\n|move|p1a: Saiki K|Psychic|p2a: Tera Fire\n|-immune|p2a: Tera Fire\n|\n|-damage|p1a: Saiki K|0 fnt|[from] psn\n|faint|p1a: Saiki K\n|-end|p1a: Saiki K|Protosynthesis|[silent]\n|upkeep\n|\n|t:|1699665127\n|switch|p1a: Zangetsu|Garchomp, M|100\/100\n|turn|18\n|\n|t:|1699665144\n|switch|p2a: :3|Toxapex, M, tera:Grass|100\/100\n|-terastallize|p1a: Zangetsu|Dragon\n|move|p1a: Zangetsu|Scale Shot|p2a: :3\n|-damage|p2a: :3|87\/100\n|-damage|p2a: :3|71\/100\n|-damage|p2a: :3|58\/100\n|-damage|p2a: :3|43\/100\n|-hitcount|p2a: :3|4\n|-unboost|p1a: Zangetsu|def|1\n|-boost|p1a: Zangetsu|spe|1\n|\n|upkeep\n|turn|19\n|\n|t:|1699665169\n|move|p1a: Zangetsu|Scale Shot|p2a: :3\n|-damage|p2a: :3|27\/100\n|-damage|p2a: :3|12\/100\n|-damage|p2a: :3|0 fnt\n|faint|p2a: :3\n|-hitcount|p2: :3|3\n|-unboost|p1a: Zangetsu|def|1\n|-boost|p1a: Zangetsu|spe|1\n|\n|upkeep\n|\n|t:|1699665181\n|switch|p2a: Daddy Thunder|Thundurus-Therian, M|100\/100\n|turn|20\n|\n|t:|1699665201\n|move|p1a: Zangetsu|Iron Head|p2a: Daddy Thunder\n|-resisted|p2a: Daddy Thunder\n|-damage|p2a: Daddy Thunder|81\/100\n|move|p2a: Daddy Thunder|Thunder Wave|p1a: Zangetsu|[miss]\n|-miss|p2a: Daddy Thunder|p1a: Zangetsu\n|\n|upkeep\n|turn|21\n|\n|t:|1699665207\n|move|p1a: Zangetsu|Iron Head|p2a: Daddy Thunder\n|-resisted|p2a: Daddy Thunder\n|-damage|p2a: Daddy Thunder|58\/100\n|cant|p2a: Daddy Thunder|flinch\n|\n|upkeep\n|turn|22\n|\n|t:|1699665212\n|move|p1a: Zangetsu|Iron Head|p2a: Daddy Thunder\n|-resisted|p2a: Daddy Thunder\n|-damage|p2a: Daddy Thunder|37\/100\n|move|p2a: Daddy Thunder|Thunder Wave|p1a: Zangetsu\n|-status|p1a: Zangetsu|par\n|\n|upkeep\n|turn|23\n|\n|t:|1699665225\n|cant|p1a: Zangetsu|par\n|move|p2a: Daddy Thunder|Electric Terrain|p2a: Daddy Thunder\n|-fieldstart|move: Electric Terrain\n|\n|upkeep\n|turn|24\n|\n|t:|1699665231\n|cant|p1a: Zangetsu|par\n|move|p2a: Daddy Thunder|Dark Pulse|p1a: Zangetsu\n|-damage|p1a: Zangetsu|68\/100 par\n|\n|upkeep\n|turn|25\n|\n|t:|1699665236\n|move|p1a: Zangetsu|Scale Shot|p2a: Daddy Thunder\n|-damage|p2a: Daddy Thunder|11\/100\n|-damage|p2a: Daddy Thunder|0 fnt\n|faint|p2a: Daddy Thunder\n|-hitcount|p2: Daddy Thunder|2\n|-unboost|p1a: Zangetsu|def|1\n|-boost|p1a: Zangetsu|spe|1\n|\n|upkeep\n|\n|t:|1699665243\n|switch|p2a: Robo|Iron Valiant|100\/100\n|-activate|p2a: Robo|ability: Quark Drive\n|-start|p2a: Robo|quarkdrivespe\n|turn|26\n|\n|t:|1699665254\n|move|p2a: Robo|Spirit Break|p1a: Zangetsu\n|-supereffective|p1a: Zangetsu\n|-damage|p1a: Zangetsu|0 fnt\n|-damage|p2a: Robo|88\/100|[from] ability: Rough Skin|[of] p1a: Zangetsu\n|faint|p1a: Zangetsu\n|-damage|p2a: Robo|78\/100|[from] item: Life Orb\n|\n|upkeep\n|\n|t:|1699665263\n|switch|p1a: String Cheez|Gholdengo, shiny|100\/100\n|turn|27\n|\n|t:|1699665332\n|-end|p2a: Robo|Quark Drive|[silent]\n|switch|p2a: Floor Fish|Clodsire, M|13\/100\n|move|p1a: String Cheez|Make It Rain|p2a: Floor Fish\n|-damage|p2a: Floor Fish|0 fnt\n|-unboost|p1a: String Cheez|spa|1\n|faint|p2a: Floor Fish\n|\n|-fieldend|move: Electric Terrain\n|upkeep\n|\n|t:|1699665341\n|switch|p2a: James|Ceruledge, F|100\/100\n|turn|28\n|\n|t:|1699665359\n|switch|p1a: Naruto|Weavile, F|100\/100\n|-ability|p1a: Naruto|Pressure\n|move|p2a: James|Bitter Blade|p1a: Naruto\n|-supereffective|p1a: Naruto\n|-enditem|p1a: Naruto|Focus Sash\n|-damage|p1a: Naruto|1\/100\n|\n|upkeep\n|turn|29\n|\n|t:|1699665373\n|move|p1a: Naruto|Knock Off|p2a: James\n|-supereffective|p2a: James\n|-damage|p2a: James|0 fnt\n|-enditem|p2a: James|Mago Berry|[from] move: Knock Off|[of] p1a: Naruto\n|faint|p2a: James\n|\n|upkeep\n|\n|t:|1699665380\n|switch|p2a: Tera Fire|Hydreigon, M|56\/100\n|turn|30\n|\n|t:|1699665393\n|move|p1a: Naruto|Icicle Crash|p2a: Tera Fire\n|-supereffective|p2a: Tera Fire\n|-damage|p2a: Tera Fire|0 fnt\n|faint|p2a: Tera Fire\n|\n|upkeep\n|\n|t:|1699665398\n|switch|p2a: Robo|Iron Valiant|78\/100\n|turn|31\n|\n|t:|1699665422\n|move|p1a: Naruto|Knock Off|p2a: Robo\n|-resisted|p2a: Robo\n|-damage|p2a: Robo|64\/100\n|-enditem|p2a: Robo|Life Orb|[from] move: Knock Off|[of] p1a: Naruto\n|move|p2a: Robo|Spirit Break|p1a: Naruto\n|-supereffective|p1a: Naruto\n|-damage|p1a: Naruto|0 fnt\n|faint|p1a: Naruto\n|\n|upkeep\n|\n|t:|1699665430\n|switch|p1a: String Cheez|Gholdengo, shiny|100\/100\n|turn|32\n|\n|t:|1699665468\n|move|p2a: Robo|Ice Punch|p1a: String Cheez\n|-resisted|p1a: String Cheez\n|-damage|p1a: String Cheez|85\/100\n|move|p1a: String Cheez|Make It Rain|p2a: Robo\n|-supereffective|p2a: Robo\n|-damage|p2a: Robo|0 fnt\n|-unboost|p1a: String Cheez|spa|1\n|faint|p2a: Robo\n|-end|p2a: Robo|Quark Drive|[silent]\n|\n|win|TheMasterAJ\n|l|\u2606SevLev\n|l|\u2606TheMasterAJ\n","uploadtime":1699665480,"views":17,"p1id":"themasteraj","p2id":"sevlev","formatid":"gen9ubers","rating":0,"private":0,"password":""}