{"id":"gen9ubers-1968881985","p1":"Zordonxy","p2":"Reality_Check56","format":"[Gen 9] Ubers","log":"|j|\u2606Zordonxy\n|j|\u2606Reality_Check56\n|t:|1697472499\n|gametype|singles\n|player|p1|Zordonxy|brycen|1000\n|player|p2|Reality_Check56|piers|1013\n|teamsize|p1|6\n|teamsize|p2|1\n|gen|9\n|tier|[Gen 9] Ubers\n|rated|\n|rule|Sleep Clause Mod: Limit one foe put to sleep\n|rule|Species Clause: Limit one of each Pok\u00e9mon\n|rule|OHKO Clause: OHKO moves are banned\n|rule|Evasion Items Clause: Evasion items are banned\n|rule|Evasion Moves Clause: Evasion moves are banned\n|rule|Endless Battle Clause: Forcing endless battles is banned\n|rule|HP Percentage Mod: HP is shown in percentages\n|clearpoke\n|poke|p1|Mimikyu, M|\n|poke|p1|Magearna|\n|poke|p1|Thundurus-Therian, M|\n|poke|p1|Krookodile, M|\n|poke|p1|Toxapex, M|\n|poke|p1|Giratina|\n|poke|p2|Vivillon-Tundra, M|\n|teampreview\n|inactive|Battle timer is ON: inactive players will automatically lose when time's up. (requested by Reality_Check56)\n|c|\u2606Reality_Check56|glhf\n|\n|t:|1697472505\n|start\n|switch|p1a: Toxapex|Toxapex, M|100\/100\n|switch|p2a: Sweeper|Vivillon-Tundra, M|100\/100\n|turn|1\n|\n|t:|1697472528\n|-terastallize|p2a: Sweeper|Ground\n|move|p2a: Sweeper|Sleep Powder|p1a: Toxapex\n|-status|p1a: Toxapex|slp|[from] move: Sleep Powder\n|cant|p1a: Toxapex|slp\n|\n|upkeep\n|turn|2\n|\n|t:|1697472537\n|move|p2a: Sweeper|Substitute|p2a: Sweeper\n|-start|p2a: Sweeper|Substitute\n|-damage|p2a: Sweeper|76\/100\n|-curestatus|p1a: Toxapex|slp|[msg]\n|move|p1a: Toxapex|Ice Beam|p2a: Sweeper\n|-supereffective|p2a: Sweeper\n|-end|p2a: Sweeper|Substitute\n|\n|-heal|p2a: Sweeper|82\/100|[from] item: Leftovers\n|upkeep\n|turn|3\n|\n|t:|1697472547\n|move|p2a: Sweeper|Sleep Powder|p1a: Toxapex\n|-status|p1a: Toxapex|slp|[from] move: Sleep Powder\n|cant|p1a: Toxapex|slp\n|\n|-heal|p2a: Sweeper|88\/100|[from] item: Leftovers\n|upkeep\n|turn|4\n|\n|t:|1697472556\n|move|p2a: Sweeper|Substitute|p2a: Sweeper\n|-start|p2a: Sweeper|Substitute\n|-damage|p2a: Sweeper|63\/100\n|cant|p1a: Toxapex|slp\n|\n|-heal|p2a: Sweeper|69\/100|[from] item: Leftovers\n|upkeep\n|turn|5\n|\n|t:|1697472565\n|move|p2a: Sweeper|Quiver Dance|p2a: Sweeper\n|-boost|p2a: Sweeper|spa|1\n|-boost|p2a: Sweeper|spd|1\n|-boost|p2a: Sweeper|spe|1\n|cant|p1a: Toxapex|slp\n|\n|-heal|p2a: Sweeper|75\/100|[from] item: Leftovers\n|upkeep\n|turn|6\n|\n|t:|1697472575\n|move|p2a: Sweeper|Quiver Dance|p2a: Sweeper\n|-boost|p2a: Sweeper|spa|1\n|-boost|p2a: Sweeper|spd|1\n|-boost|p2a: Sweeper|spe|1\n|-curestatus|p1a: Toxapex|slp|[msg]\n|move|p1a: Toxapex|Ice Beam|p2a: Sweeper\n|-supereffective|p2a: Sweeper\n|-end|p2a: Sweeper|Substitute\n|\n|-heal|p2a: Sweeper|81\/100|[from] item: Leftovers\n|upkeep\n|turn|7\n|\n|t:|1697472598\n|move|p2a: Sweeper|Sleep Powder|p1a: Toxapex\n|-status|p1a: Toxapex|slp|[from] move: Sleep Powder\n|cant|p1a: Toxapex|slp\n|\n|-heal|p2a: Sweeper|87\/100|[from] item: Leftovers\n|upkeep\n|turn|8\n|\n|t:|1697472615\n|switch|p1a: Mimikyu|Mimikyu, M|100\/100\n|move|p2a: Sweeper|Substitute|p2a: Sweeper\n|-start|p2a: Sweeper|Substitute\n|-damage|p2a: Sweeper|62\/100\n|\n|-heal|p2a: Sweeper|68\/100|[from] item: Leftovers\n|upkeep\n|turn|9\n|\n|t:|1697472627\n|move|p2a: Sweeper|Quiver Dance|p2a: Sweeper\n|-boost|p2a: Sweeper|spa|1\n|-boost|p2a: Sweeper|spd|1\n|-boost|p2a: Sweeper|spe|1\n|move|p1a: Mimikyu|Swords Dance|p1a: Mimikyu\n|-boost|p1a: Mimikyu|atk|2\n|\n|-heal|p2a: Sweeper|74\/100|[from] item: Leftovers\n|upkeep\n|turn|10\n|\n|t:|1697472637\n|move|p2a: Sweeper|Quiver Dance|p2a: Sweeper\n|-boost|p2a: Sweeper|spa|1\n|-boost|p2a: Sweeper|spd|1\n|-boost|p2a: Sweeper|spe|1\n|move|p1a: Mimikyu|Swords Dance|p1a: Mimikyu\n|-boost|p1a: Mimikyu|atk|2\n|\n|-heal|p2a: Sweeper|80\/100|[from] item: Leftovers\n|upkeep\n|turn|11\n|\n|t:|1697472647\n|move|p2a: Sweeper|Hurricane|p1a: Mimikyu\n|-activate|p1a: Mimikyu|ability: Disguise\n|-damage|p1a: Mimikyu|100\/100\n|detailschange|p1a: Mimikyu|Mimikyu-Busted, M\n|-damage|p1a: Mimikyu|88\/100|[from] pokemon: Mimikyu-Busted\n|move|p1a: Mimikyu|Swords Dance|p1a: Mimikyu\n|-boost|p1a: Mimikyu|atk|2\n|\n|-heal|p2a: Sweeper|86\/100|[from] item: Leftovers\n|upkeep\n|turn|12\n|\n|t:|1697472665\n|move|p2a: Sweeper|Quiver Dance|p2a: Sweeper\n|-boost|p2a: Sweeper|spa|1\n|-boost|p2a: Sweeper|spd|1\n|-boost|p2a: Sweeper|spe|1\n|move|p1a: Mimikyu|Shadow Claw|p2a: Sweeper\n|-end|p2a: Sweeper|Substitute\n|-damage|p1a: Mimikyu|78\/100|[from] item: Life Orb\n|\n|-heal|p2a: Sweeper|92\/100|[from] item: Leftovers\n|upkeep\n|turn|13\n|\n|t:|1697472676\n|move|p2a: Sweeper|Hurricane|p1a: Mimikyu\n|-damage|p1a: Mimikyu|0 fnt\n|faint|p1a: Mimikyu\n|\n|-heal|p2a: Sweeper|98\/100|[from] item: Leftovers\n|upkeep\n|\n|t:|1697472684\n|switch|p1a: Magearna|Magearna|100\/100\n|turn|14\n|\n|t:|1697472691\n|move|p2a: Sweeper|Substitute|p2a: Sweeper\n|-start|p2a: Sweeper|Substitute\n|-damage|p2a: Sweeper|73\/100\n|move|p1a: Magearna|Shift Gear|p1a: Magearna\n|-boost|p1a: Magearna|spe|2\n|-boost|p1a: Magearna|atk|1\n|\n|-heal|p2a: Sweeper|79\/100|[from] item: Leftovers\n|upkeep\n|turn|15\n|\n|t:|1697472701\n|move|p2a: Sweeper|Quiver Dance|p2a: Sweeper\n|-boost|p2a: Sweeper|spa|1\n|-boost|p2a: Sweeper|spd|1\n|-boost|p2a: Sweeper|spe|1\n|move|p1a: Magearna|Shift Gear|p1a: Magearna\n|-boost|p1a: Magearna|spe|2\n|-boost|p1a: Magearna|atk|1\n|\n|-heal|p2a: Sweeper|85\/100|[from] item: Leftovers\n|upkeep\n|turn|16\n|\n|t:|1697472711\n|move|p2a: Sweeper|Hurricane|p1a: Magearna|[miss]\n|-miss|p2a: Sweeper|p1a: Magearna\n|move|p1a: Magearna|Shift Gear|p1a: Magearna\n|-boost|p1a: Magearna|spe|2\n|-boost|p1a: Magearna|atk|1\n|\n|-heal|p2a: Sweeper|91\/100|[from] item: Leftovers\n|upkeep\n|turn|17\n|c|\u2606Reality_Check56|NOO\n|\n|t:|1697472722\n|move|p2a: Sweeper|Hurricane|p1a: Magearna\n|-resisted|p1a: Magearna\n|-damage|p1a: Magearna|32\/100\n|-start|p1a: Magearna|confusion\n|-activate|p1a: Magearna|confusion\n|-damage|p1a: Magearna|23\/100|[from] confusion\n|\n|-heal|p2a: Sweeper|97\/100|[from] item: Leftovers\n|-heal|p1a: Magearna|29\/100|[from] item: Leftovers\n|upkeep\n|turn|18\n|\n|t:|1697472737\n|move|p2a: Sweeper|Hurricane|p1a: Magearna\n|-resisted|p1a: Magearna\n|-damage|p1a: Magearna|0 fnt\n|faint|p1a: Magearna\n|\n|-heal|p2a: Sweeper|100\/100|[from] item: Leftovers\n|upkeep\n|\n|t:|1697472750\n|switch|p1a: Thundurus|Thundurus-Therian, M|100\/100\n|turn|19\n|\n|t:|1697472759\n|move|p2a: Sweeper|Hurricane|p1a: Thundurus\n|-resisted|p1a: Thundurus\n|-damage|p1a: Thundurus|0 fnt\n|faint|p1a: Thundurus\n|\n|upkeep\n|\n|t:|1697472766\n|switch|p1a: Giratina|Giratina|100\/100\n|-ability|p1a: Giratina|Pressure\n|turn|20\n|\n|t:|1697472773\n|move|p2a: Sweeper|Hurricane|p1a: Giratina|[miss]\n|-miss|p2a: Sweeper|p1a: Giratina\n|move|p1a: Giratina|Will-O-Wisp||[still]\n|-fail|p1a: Giratina\n|\n|upkeep\n|turn|21\n|\n|t:|1697472780\n|move|p2a: Sweeper|Hurricane|p1a: Giratina\n|-damage|p1a: Giratina|3\/100\n|move|p1a: Giratina|Dragon Tail|p2a: Sweeper\n|-end|p2a: Sweeper|Substitute\n|\n|upkeep\n|turn|22\n|\n|t:|1697472787\n|move|p2a: Sweeper|Hurricane|p1a: Giratina\n|-damage|p1a: Giratina|0 fnt\n|faint|p1a: Giratina\n|\n|upkeep\n|\n|t:|1697472793\n|switch|p1a: Krookodile|Krookodile, M|100\/100\n|-ability|p1a: Krookodile|Intimidate|boost\n|-unboost|p2a: Sweeper|atk|1\n|turn|23\n|\n|t:|1697472801\n|move|p2a: Sweeper|Hurricane|p1a: Krookodile\n|-damage|p1a: Krookodile|0 fnt\n|faint|p1a: Krookodile\n|\n|upkeep\n|c|\u2606Reality_Check56|Gg\n|\n|t:|1697472806\n|switch|p1a: Toxapex|Toxapex, M|100\/100 slp\n|turn|24\n|\n|t:|1697472816\n|move|p2a: Sweeper|Hurricane|p1a: Toxapex\n|-damage|p1a: Toxapex|0 fnt\n|faint|p1a: Toxapex\n|\n|win|Reality_Check56\n|raw|Zordonxy's rating: 1000 &rarr; <strong>1000<\/strong><br \/>(+0 for losing)\n|raw|Reality_Check56's rating: 1013 &rarr; <strong>1050<\/strong><br \/>(+37 for winning)\n|l|\u2606Zordonxy\n|j|\u2606Zordonxy\n|player|p1|Zordonxy|brycen\n|l|\u2606Zordonxy\n|player|p1|\n","uploadtime":1697472829,"views":7,"p1id":"zordonxy","p2id":"realitycheck56","formatid":"gen9ubers","rating":1000,"private":0,"password":""}