{"id":"gen9ubers-1997277374","p1":"poopmeister14","p2":"Sobbletrainerdj816","format":"[Gen 9] Ubers","log":"|j|\u2606poopmeister14\n|j|\u2606Sobbletrainerdj816\n|t:|1700783674\n|gametype|singles\n|player|p1|poopmeister14|shauntal|1085\n|player|p2|Sobbletrainerdj816|alec-anime|1107\n|teamsize|p1|6\n|teamsize|p2|6\n|gen|9\n|tier|[Gen 9] Ubers\n|rated|\n|rule|Sleep Clause Mod: Limit one foe put to sleep\n|rule|Species Clause: Limit one of each Pok\u00e9mon\n|rule|OHKO Clause: OHKO moves are banned\n|rule|Evasion Items Clause: Evasion items are banned\n|rule|Evasion Moves Clause: Evasion moves are banned\n|rule|Endless Battle Clause: Forcing endless battles is banned\n|rule|HP Percentage Mod: HP is shown in percentages\n|clearpoke\n|poke|p1|Kyogre|\n|poke|p1|Zacian-*|\n|poke|p1|Crawdaunt, M|\n|poke|p1|Iron Bundle|\n|poke|p1|Miraidon|\n|poke|p1|Dondozo, M|\n|poke|p2|Ogerpon, F|\n|poke|p2|Flutter Mane|\n|poke|p2|Froslass, F|\n|poke|p2|Zacian-*|\n|poke|p2|Amoonguss, F|\n|poke|p2|Volcarona, M|\n|teampreview\n|inactive|Battle timer is ON: inactive players will automatically lose when time's up. (requested by Sobbletrainerdj816)\n|c|\u2606poopmeister14|poopmeister14\n|\n|t:|1700783681\n|start\n|switch|p1a: Kyogre|Kyogre|100\/100\n|switch|p2a: Volcarona|Volcarona, M|100\/100\n|-weather|RainDance|[from] ability: Drizzle|[of] p1a: Kyogre\n|turn|1\n|\n|t:|1700783693\n|switch|p2a: Amoonguss|Amoonguss, F|100\/100\n|move|p1a: Kyogre|Water Spout|p2a: Amoonguss\n|-resisted|p2a: Amoonguss\n|-damage|p2a: Amoonguss|38\/100\n|\n|-weather|RainDance|[upkeep]\n|-heal|p2a: Amoonguss|44\/100|[from] item: Leftovers\n|upkeep\n|turn|2\n|\n|t:|1700783704\n|move|p1a: Kyogre|Water Spout|p2a: Amoonguss\n|-resisted|p2a: Amoonguss\n|-damage|p2a: Amoonguss|0 fnt\n|faint|p2a: Amoonguss\n|\n|-weather|RainDance|[upkeep]\n|upkeep\n|\n|t:|1700783711\n|switch|p2a: Ogerpon|Ogerpon, F|100\/100\n|turn|3\n|\n|t:|1700783726\n|switch|p1a: Zacian|Zacian-Crowned|100\/100\n|-ability|p1a: Zacian|Intrepid Sword|boost\n|-boost|p1a: Zacian|atk|1\n|move|p2a: Ogerpon|Knock Off|p1a: Zacian\n|-resisted|p1a: Zacian\n|-damage|p1a: Zacian|90\/100\n|\n|-weather|RainDance|[upkeep]\n|upkeep\n|turn|4\n|\n|t:|1700783736\n|move|p2a: Ogerpon|Spiky Shield|p2a: Ogerpon\n|-singleturn|p2a: Ogerpon|move: Protect\n|move|p1a: Zacian|Swords Dance|p1a: Zacian\n|-boost|p1a: Zacian|atk|2\n|\n|-weather|RainDance|[upkeep]\n|upkeep\n|turn|5\n|\n|t:|1700783749\n|switch|p2a: Froslass|Froslass, F|100\/100\n|move|p1a: Zacian|Behemoth Blade|p2a: Froslass\n|-supereffective|p2a: Froslass\n|-enditem|p2a: Froslass|Focus Sash\n|-damage|p2a: Froslass|1\/100\n|\n|-weather|none\n|upkeep\n|turn|6\n|\n|t:|1700783759\n|move|p1a: Zacian|Crunch|p2a: Froslass\n|-supereffective|p2a: Froslass\n|-damage|p2a: Froslass|0 fnt\n|-start|p1a: Zacian|Disable|Crunch|[from] ability: Cursed Body|[of] p2a: Froslass\n|faint|p2a: Froslass\n|\n|upkeep\n|\n|t:|1700783767\n|switch|p2a: Volcarona|Volcarona, M|100\/100\n|turn|7\n|\n|t:|1700783780\n|switch|p1a: Dondozo|Dondozo, M|100\/100\n|move|p2a: Volcarona|Quiver Dance|p2a: Volcarona\n|-boost|p2a: Volcarona|spa|1\n|-boost|p2a: Volcarona|spd|1\n|-boost|p2a: Volcarona|spe|1\n|\n|upkeep\n|turn|8\n|\n|t:|1700783788\n|move|p1a: Dondozo|Protect|p1a: Dondozo\n|-singleturn|p1a: Dondozo|Protect\n|move|p2a: Volcarona|Bug Buzz|p1a: Dondozo\n|-activate|p1a: Dondozo|move: Protect\n|\n|upkeep\n|turn|9\n|\n|t:|1700783793\n|move|p2a: Volcarona|Bug Buzz|p1a: Dondozo\n|-damage|p1a: Dondozo|46\/100\n|move|p1a: Dondozo|Liquidation|p2a: Volcarona\n|-supereffective|p2a: Volcarona\n|-damage|p2a: Volcarona|15\/100\n|\n|-heal|p1a: Dondozo|52\/100|[from] item: Leftovers\n|upkeep\n|turn|10\n|\n|t:|1700783801\n|move|p1a: Dondozo|Protect|p1a: Dondozo\n|-singleturn|p1a: Dondozo|Protect\n|move|p2a: Volcarona|Bug Buzz|p1a: Dondozo\n|-activate|p1a: Dondozo|move: Protect\n|\n|-heal|p1a: Dondozo|58\/100|[from] item: Leftovers\n|upkeep\n|turn|11\n|\n|t:|1700783811\n|move|p2a: Volcarona|Bug Buzz|p1a: Dondozo\n|-damage|p1a: Dondozo|0 fnt\n|faint|p1a: Dondozo\n|\n|upkeep\n|\n|t:|1700783819\n|switch|p1a: Crawdaunt|Crawdaunt, M|100\/100\n|turn|12\n|\n|t:|1700783825\n|move|p1a: Crawdaunt|Aqua Jet|p2a: Volcarona\n|-supereffective|p2a: Volcarona\n|-damage|p2a: Volcarona|0 fnt\n|faint|p2a: Volcarona\n|\n|upkeep\n|\n|t:|1700783831\n|switch|p2a: Ogerpon|Ogerpon, F|100\/100\n|turn|13\n|\n|t:|1700783840\n|switch|p1a: Zacian|Zacian-Crowned|90\/100\n|move|p2a: Ogerpon|Swords Dance|p2a: Ogerpon\n|-boost|p2a: Ogerpon|atk|2\n|\n|upkeep\n|turn|14\n|\n|t:|1700783854\n|move|p1a: Zacian|Swords Dance|p1a: Zacian\n|-boost|p1a: Zacian|atk|2\n|move|p2a: Ogerpon|Horn Leech|p1a: Zacian\n|-resisted|p1a: Zacian\n|-damage|p1a: Zacian|57\/100\n|\n|upkeep\n|turn|15\n|\n|t:|1700783861\n|move|p2a: Ogerpon|Spiky Shield|p2a: Ogerpon\n|-singleturn|p2a: Ogerpon|move: Protect\n|move|p1a: Zacian|Behemoth Blade|p2a: Ogerpon\n|-activate|p2a: Ogerpon|move: Protect\n|-damage|p1a: Zacian|45\/100|[from] Spiky Shield|[of] p2a: Ogerpon\n|\n|upkeep\n|turn|16\n|\n|t:|1700783865\n|move|p2a: Ogerpon|Spiky Shield||[still]\n|-fail|p2a: Ogerpon\n|move|p1a: Zacian|Behemoth Blade|p2a: Ogerpon\n|-damage|p2a: Ogerpon|0 fnt\n|faint|p2a: Ogerpon\n|\n|upkeep\n|\n|t:|1700783877\n|switch|p2a: Flutter Mane|Flutter Mane|100\/100\n|-enditem|p2a: Flutter Mane|Booster Energy\n|-activate|p2a: Flutter Mane|ability: Protosynthesis|[fromitem]\n|-start|p2a: Flutter Mane|protosynthesisspe\n|turn|17\n|\n|t:|1700783890\n|-terastallize|p2a: Flutter Mane|Ghost\n|move|p2a: Flutter Mane|Shadow Ball|p1a: Zacian\n|-damage|p1a: Zacian|0 fnt\n|faint|p1a: Zacian\n|\n|upkeep\n|\n|t:|1700783910\n|switch|p1a: Kyogre|Kyogre|100\/100\n|-weather|RainDance|[from] ability: Drizzle|[of] p1a: Kyogre\n|turn|18\n|inactive|poopmeister14 has 120 seconds left.\n|\n|t:|1700783930\n|move|p2a: Flutter Mane|Calm Mind|p2a: Flutter Mane\n|-boost|p2a: Flutter Mane|spa|1\n|-boost|p2a: Flutter Mane|spd|1\n|move|p1a: Kyogre|Thunder|p2a: Flutter Mane\n|-damage|p2a: Flutter Mane|73\/100\n|\n|-weather|RainDance|[upkeep]\n|upkeep\n|turn|19\n|inactive|poopmeister14 has 120 seconds left.\n|\n|t:|1700783945\n|move|p2a: Flutter Mane|Shadow Ball|p1a: Kyogre\n|-damage|p1a: Kyogre|41\/100\n|move|p1a: Kyogre|Thunder|p2a: Flutter Mane\n|-damage|p2a: Flutter Mane|46\/100\n|\n|-weather|RainDance|[upkeep]\n|upkeep\n|turn|20\n|inactive|poopmeister14 has 120 seconds left.\n|\n|t:|1700783965\n|switch|p1a: Iron Bundle|Iron Bundle|100\/100\n|move|p2a: Flutter Mane|Shadow Ball|p1a: Iron Bundle\n|-damage|p1a: Iron Bundle|0 fnt\n|faint|p1a: Iron Bundle\n|-end|p1a: Iron Bundle|Quark Drive|[silent]\n|\n|-weather|RainDance|[upkeep]\n|upkeep\n|\n|t:|1700783967\n|switch|p1a: Crawdaunt|Crawdaunt, M|100\/100\n|turn|21\n|\n|t:|1700783980\n|-terastallize|p1a: Crawdaunt|Water\n|move|p1a: Crawdaunt|Aqua Jet|p2a: Flutter Mane\n|-damage|p2a: Flutter Mane|0 fnt\n|faint|p2a: Flutter Mane\n|-end|p2a: Flutter Mane|Protosynthesis|[silent]\n|\n|-weather|RainDance|[upkeep]\n|upkeep\n|\n|t:|1700783988\n|switch|p2a: Zacian|Zacian-Crowned|100\/100\n|-ability|p2a: Zacian|Intrepid Sword|boost\n|-boost|p2a: Zacian|atk|1\n|turn|22\n|\n|t:|1700783998\n|move|p1a: Crawdaunt|Aqua Jet|p2a: Zacian\n|-damage|p2a: Zacian|33\/100\n|move|p2a: Zacian|Sacred Sword|p1a: Crawdaunt\n|-damage|p1a: Crawdaunt|22\/100\n|\n|-weather|none\n|upkeep\n|turn|23\n|-message|Sobbletrainerdj816 forfeited.\n|\n|win|poopmeister14\n|raw|poopmeister14's rating: 1085 &rarr; <strong>1114<\/strong><br \/>(+29 for winning)\n|raw|Sobbletrainerdj816's rating: 1107 &rarr; <strong>1080<\/strong><br \/>(-27 for losing)\n|l|\u2606Sobbletrainerdj816\n|c|\u2606poopmeister14|poopmeister14\n","uploadtime":1700784009,"views":5,"p1id":"poopmeister14","p2id":"sobbletrainerdj816","formatid":"gen9ubers","rating":1080,"private":0,"password":""}