{"id":"gen9ubers-1994476968","p1":"IshaNn","p2":"thavage","format":"[Gen 9] Ubers","log":"|j|\u2606IshaNn\n|j|\u2606thavage\n|t:|1700448425\n|gametype|singles\n|player|p1|IshaNn|koga|\n|player|p2|thavage|169|\n|teamsize|p1|6\n|teamsize|p2|6\n|gen|9\n|tier|[Gen 9] Ubers\n|rule|Sleep Clause Mod: Limit one foe put to sleep\n|rule|Species Clause: Limit one of each Pok\u00e9mon\n|rule|OHKO Clause: OHKO moves are banned\n|rule|Evasion Items Clause: Evasion items are banned\n|rule|Evasion Moves Clause: Evasion moves are banned\n|rule|Endless Battle Clause: Forcing endless battles is banned\n|rule|HP Percentage Mod: HP is shown in percentages\n|clearpoke\n|poke|p1|Great Tusk|\n|poke|p1|Thundurus, M|\n|poke|p1|Ninetales-Alola, F|\n|poke|p1|Volcarona, F|\n|poke|p1|Overqwil, M|\n|poke|p1|Lycanroc, F|\n|poke|p2|Munkidori, M|\n|poke|p2|Kleavor, M|\n|poke|p2|Espathra, M|\n|poke|p2|Thundurus-Therian, M|\n|poke|p2|Annihilape, M|\n|poke|p2|Dipplin, F|\n|teampreview\n|c|\u2606thavage|BROTHER. IT IS I, THUNDURUS\n|c|\u2606IshaNn|AH YES BROTHER\n|c|\u2606IshaNn|HELLO\n|c|\u2606IshaNn|IT HAS BEEN MANY MOONS\n|\n|t:|1700448481\n|start\n|switch|p1a: Haryman|Overqwil, M|100\/100\n|switch|p2a: kleavmealone|Kleavor, M|100\/100\n|-ability|p1a: Haryman|Intimidate|boost\n|-unboost|p2a: kleavmealone|atk|1\n|turn|1\n|c|\u2606thavage|LET US STOP THIS CYCLE OF BLOODSHED\n|c|\u2606IshaNn|HAHA NOPE\n|j| justinrockin\n|\n|t:|1700448508\n|move|p2a: kleavmealone|Stone Axe|p1a: Haryman\n|-damage|p1a: Haryman|76\/100\n|-sidestart|p1: IshaNn|move: Stealth Rock\n|move|p1a: Haryman|Spikes|p2a: kleavmealone\n|-sidestart|p2: thavage|Spikes\n|\n|-heal|p1a: Haryman|82\/100|[from] item: Black Sludge\n|upkeep\n|turn|2\n|\n|t:|1700448516\n|move|p2a: kleavmealone|Stone Axe|p1a: Haryman\n|-damage|p1a: Haryman|60\/100\n|move|p1a: Haryman|Spikes|p2a: kleavmealone\n|-sidestart|p2: thavage|Spikes\n|\n|-heal|p1a: Haryman|66\/100|[from] item: Black Sludge\n|upkeep\n|turn|3\n|j| hatev2\n|\n|t:|1700448523\n|move|p2a: kleavmealone|Stone Axe|p1a: Haryman\n|-damage|p1a: Haryman|42\/100\n|move|p1a: Haryman|Spikes|p2a: kleavmealone\n|-sidestart|p2: thavage|Spikes\n|\n|-heal|p1a: Haryman|48\/100|[from] item: Black Sludge\n|upkeep\n|turn|4\n|j| DivogoJota\n|c| hatev2|go team!\n|\n|t:|1700448561\n|move|p2a: kleavmealone|Stone Axe|p1a: Haryman\n|-damage|p1a: Haryman|23\/100\n|move|p1a: Haryman|Waterfall|p2a: kleavmealone\n|-supereffective|p2a: kleavmealone\n|-damage|p2a: kleavmealone|48\/100\n|\n|-heal|p1a: Haryman|30\/100|[from] item: Black Sludge\n|upkeep\n|turn|5\n|\n|t:|1700448568\n|move|p2a: kleavmealone|Stone Axe|p1a: Haryman\n|-damage|p1a: Haryman|5\/100\n|move|p1a: Haryman|Waterfall|p2a: kleavmealone\n|-supereffective|p2a: kleavmealone\n|-damage|p2a: kleavmealone|0 fnt\n|faint|p2a: kleavmealone\n|\n|-heal|p1a: Haryman|11\/100|[from] item: Black Sludge\n|upkeep\n|\n|t:|1700448581\n|switch|p2a: espathranos|Espathra, M|100\/100\n|-damage|p2a: espathranos|76\/100|[from] Spikes\n|turn|6\n|c| justinrockin|are you recording ishan\n|c|\u2606IshaNn|oh\n|c|\u2606IshaNn|nope\n|c|\u2606IshaNn|i can\n|c| justinrockin|do it\n|\n|t:|1700448599\n|move|p2a: espathranos|Calm Mind|p2a: espathranos\n|-boost|p2a: espathranos|spa|1\n|-boost|p2a: espathranos|spd|1\n|move|p1a: Haryman|Crunch|p2a: espathranos\n|-supereffective|p2a: espathranos\n|-damage|p2a: espathranos|0 fnt\n|faint|p2a: espathranos\n|\n|-heal|p1a: Haryman|17\/100|[from] item: Black Sludge\n|upkeep\n|c|\u2606thavage|wtf ami doing\n|c| hatev2|well...\n|c| hatev2|you see...\n|c|\u2606thavage|i completely forgot dark was put in bc psychic was busted in gen1\n|\n|t:|1700448646\n|switch|p2a: albertroidstein|Annihilape, M|100\/100\n|-damage|p2a: albertroidstein|76\/100|[from] Spikes\n|turn|7\n|\n|t:|1700448694\n|move|p2a: albertroidstein|Drain Punch|p1a: Haryman\n|-damage|p1a: Haryman|0 fnt\n|-heal|p2a: albertroidstein|83\/100|[from] drain|[of] p1a: Haryman\n|faint|p1a: Haryman\n|\n|-heal|p2a: albertroidstein|89\/100|[from] item: Leftovers\n|upkeep\n|\n|t:|1700448732\n|switch|p1a: Voltolos|Thundurus, M|100\/100\n|-damage|p1a: Voltolos|76\/100|[from] Stealth Rock\n|turn|8\n|\n|t:|1700448784\n|move|p1a: Voltolos|Psychic|p2a: albertroidstein\n|-supereffective|p2a: albertroidstein\n|-damage|p2a: albertroidstein|35\/100\n|move|p2a: albertroidstein|Bulk Up|p2a: albertroidstein\n|-boost|p2a: albertroidstein|atk|1\n|-boost|p2a: albertroidstein|def|1\n|\n|-heal|p2a: albertroidstein|42\/100|[from] item: Leftovers\n|upkeep\n|turn|9\n|\n|t:|1700448811\n|switch|p2a: pissinrain|Thundurus-Therian, M|100\/100\n|move|p1a: Voltolos|Psychic|p2a: pissinrain\n|-damage|p2a: pissinrain|43\/100\n|\n|upkeep\n|turn|10\n|\n|t:|1700448830\n|move|p1a: Voltolos|Psychic|p2a: pissinrain\n|-damage|p2a: pissinrain|0 fnt\n|faint|p2a: pissinrain\n|\n|upkeep\n|\n|t:|1700448834\n|switch|p2a: bongdropper|Munkidori, M|100\/100\n|-damage|p2a: bongdropper|76\/100|[from] Spikes\n|turn|11\n|\n|t:|1700448852\n|move|p1a: Voltolos|Psychic|p2a: bongdropper\n|-damage|p2a: bongdropper|18\/100\n|move|p2a: bongdropper|Parting Shot|p1a: Voltolos\n|-unboost|p1a: Voltolos|atk|1\n|-ability|p1a: Voltolos|Defiant|boost\n|-boost|p1a: Voltolos|atk|2\n|-unboost|p1a: Voltolos|spa|1\n|-ability|p1a: Voltolos|Defiant|boost\n|-boost|p1a: Voltolos|atk|2\n|\n|t:|1700448865\n|switch|p2a: coomgoobler|Dipplin, F, shiny|100\/100|[from] Parting Shot\n|-damage|p2a: coomgoobler|75\/100|[from] Spikes\n|\n|upkeep\n|turn|12\n|c| DivogoJota|It would be cool\n|c| justinrockin|bro it was a physical thundurus game\n|c|\u2606IshaNn|if i was physical\n|\n|t:|1700448885\n|switch|p1a: Kyukon|Ninetales-Alola, F|100\/100\n|-damage|p1a: Kyukon|76\/100|[from] Stealth Rock\n|-weather|Snow|[from] ability: Snow Warning|[of] p1a: Kyukon\n|move|p2a: coomgoobler|Sunny Day|p2a: coomgoobler\n|-weather|SunnyDay\n|\n|-weather|SunnyDay|[upkeep]\n|upkeep\n|turn|13\n|\n|t:|1700448897\n|-terastallize|p2a: coomgoobler|Fairy\n|move|p1a: Kyukon|Aurora Veil||[still]\n|-fail|p1a: Kyukon\n|move|p2a: coomgoobler|Growth|p2a: coomgoobler\n|-boost|p2a: coomgoobler|atk|2\n|-boost|p2a: coomgoobler|spa|2\n|\n|-weather|SunnyDay|[upkeep]\n|upkeep\n|turn|14\n|c|\u2606IshaNn|im slow in the head sometimes\n|c| hatev2|WOAH\n|c| DivogoJota|:thinking:\n|c| hatev2|that turn was insanio\n|\n|t:|1700448926\n|move|p1a: Kyukon|Encore|p2a: coomgoobler\n|-start|p2a: coomgoobler|Encore\n|move|p2a: coomgoobler|Growth|p2a: coomgoobler\n|-boost|p2a: coomgoobler|atk|2\n|-boost|p2a: coomgoobler|spa|2\n|\n|-weather|SunnyDay|[upkeep]\n|upkeep\n|turn|15\n|\n|t:|1700448939\n|move|p2a: coomgoobler|Growth|p2a: coomgoobler\n|-boost|p2a: coomgoobler|atk|2\n|-boost|p2a: coomgoobler|spa|2\n|move|p1a: Kyukon|Roar|p2a: coomgoobler\n|drag|p2a: albertroidstein|Annihilape, M|42\/100\n|-damage|p2a: albertroidstein|17\/100|[from] Spikes\n|\n|-weather|SunnyDay|[upkeep]\n|-heal|p2a: albertroidstein|23\/100|[from] item: Leftovers\n|upkeep\n|turn|16\n|\n|t:|1700448963\n|switch|p1a: Idainakiba|Great Tusk|100\/100\n|-damage|p1a: Idainakiba|98\/100|[from] Stealth Rock\n|-activate|p1a: Idainakiba|ability: Protosynthesis\n|-start|p1a: Idainakiba|protosynthesisdef\n|move|p2a: albertroidstein|Drain Punch|p1a: Idainakiba\n|-damage|p1a: Idainakiba|87\/100\n|-heal|p2a: albertroidstein|28\/100|[from] drain|[of] p1a: Idainakiba\n|\n|-weather|none\n|-end|p1a: Idainakiba|Protosynthesis\n|-heal|p2a: albertroidstein|34\/100|[from] item: Leftovers\n|-heal|p1a: Idainakiba|93\/100|[from] item: Leftovers\n|upkeep\n|turn|17\n|\n|t:|1700448977\n|move|p2a: albertroidstein|Bulk Up|p2a: albertroidstein\n|-boost|p2a: albertroidstein|atk|1\n|-boost|p2a: albertroidstein|def|1\n|move|p1a: Idainakiba|Earthquake|p2a: albertroidstein\n|-damage|p2a: albertroidstein|9\/100\n|\n|-heal|p2a: albertroidstein|15\/100|[from] item: Leftovers\n|-heal|p1a: Idainakiba|99\/100|[from] item: Leftovers\n|upkeep\n|turn|18\n|\n|t:|1700448987\n|move|p2a: albertroidstein|Drain Punch|p1a: Idainakiba\n|-damage|p1a: Idainakiba|77\/100\n|-heal|p2a: albertroidstein|26\/100|[from] drain|[of] p1a: Idainakiba\n|move|p1a: Idainakiba|Earthquake|p2a: albertroidstein\n|-damage|p2a: albertroidstein|0 fnt\n|faint|p2a: albertroidstein\n|\n|-heal|p1a: Idainakiba|84\/100|[from] item: Leftovers\n|upkeep\n|\n|t:|1700448996\n|switch|p2a: bongdropper|Munkidori, M|18\/100\n|-damage|p2a: bongdropper|0 fnt|[from] Spikes\n|faint|p2a: bongdropper\n|\n|t:|1700449000\n|switch|p2a: coomgoobler|Dipplin, F, shiny, tera:Fairy|75\/100\n|-damage|p2a: coomgoobler|50\/100|[from] Spikes\n|turn|19\n|\n|t:|1700449008\n|move|p1a: Idainakiba|Earthquake|p2a: coomgoobler\n|-damage|p2a: coomgoobler|29\/100\n|move|p2a: coomgoobler|Giga Drain|p1a: Idainakiba\n|-supereffective|p1a: Idainakiba\n|-damage|p1a: Idainakiba|20\/100\n|-heal|p2a: coomgoobler|67\/100|[from] drain|[of] p1a: Idainakiba\n|\n|-heal|p1a: Idainakiba|26\/100|[from] item: Leftovers\n|upkeep\n|turn|20\n|\n|t:|1700449041\n|-end|p1a: Idainakiba|Protosynthesis|[silent]\n|switch|p1a: Ulgamoth|Volcarona, F|100\/100\n|move|p2a: coomgoobler|Giga Drain|p1a: Ulgamoth\n|-resisted|p1a: Ulgamoth\n|-damage|p1a: Ulgamoth|94\/100\n|-heal|p2a: coomgoobler|70\/100|[from] drain|[of] p1a: Ulgamoth\n|\n|upkeep\n|turn|21\n|\n|t:|1700449057\n|move|p1a: Ulgamoth|Quiver Dance|p1a: Ulgamoth\n|-boost|p1a: Ulgamoth|spa|1\n|-boost|p1a: Ulgamoth|spd|1\n|-boost|p1a: Ulgamoth|spe|1\n|move|p2a: coomgoobler|Growth|p2a: coomgoobler\n|-boost|p2a: coomgoobler|atk|1\n|-boost|p2a: coomgoobler|spa|1\n|\n|upkeep\n|turn|22\n|\n|t:|1700449078\n|move|p1a: Ulgamoth|Quiver Dance|p1a: Ulgamoth\n|-boost|p1a: Ulgamoth|spa|1\n|-boost|p1a: Ulgamoth|spd|1\n|-boost|p1a: Ulgamoth|spe|1\n|move|p2a: coomgoobler|Tera Blast|p1a: Ulgamoth|[anim] Tera Blast Fairy\n|-resisted|p1a: Ulgamoth\n|-damage|p1a: Ulgamoth|83\/100\n|\n|upkeep\n|turn|23\n|\n|t:|1700449087\n|move|p1a: Ulgamoth|Quiver Dance|p1a: Ulgamoth\n|-boost|p1a: Ulgamoth|spa|1\n|-boost|p1a: Ulgamoth|spd|1\n|-boost|p1a: Ulgamoth|spe|1\n|move|p2a: coomgoobler|Growth|p2a: coomgoobler\n|-boost|p2a: coomgoobler|atk|1\n|-boost|p2a: coomgoobler|spa|1\n|\n|upkeep\n|turn|24\n|\n|t:|1700449094\n|move|p1a: Ulgamoth|Quiver Dance|p1a: Ulgamoth\n|-boost|p1a: Ulgamoth|spa|1\n|-boost|p1a: Ulgamoth|spd|1\n|-boost|p1a: Ulgamoth|spe|1\n|move|p2a: coomgoobler|Growth|p2a: coomgoobler\n|-boost|p2a: coomgoobler|atk|1\n|-boost|p2a: coomgoobler|spa|1\n|\n|upkeep\n|turn|25\n|\n|t:|1700449103\n|move|p1a: Ulgamoth|Fiery Dance|p2a: coomgoobler\n|-damage|p2a: coomgoobler|0 fnt\n|faint|p2a: coomgoobler\n|\n|win|IshaNn\n|c| DivogoJota|Ishan really dancing\n|c|\u2606IshaNn|gg\n|c| DivogoJota|gg\n|c|\u2606thavage|gg\n|l| hatev2\n|l|\u2606thavage\n|l| DivogoJota\n","uploadtime":1700449115,"views":8,"p1id":"ishann","p2id":"thavage","formatid":"gen9ubers","rating":0,"private":0,"password":""}