{"id":"gen9ubers-1997534475","p1":"kaisercillo","p2":"kanyuheast","format":"[Gen 9] Ubers","log":"|j|\u2606kaisercillo\n|j|\u2606kanyuheast\n|t:|1700821620\n|gametype|singles\n|player|p1|kaisercillo|102|1174\n|player|p2|kanyuheast|preschooler|1268\n|teamsize|p1|6\n|teamsize|p2|6\n|gen|9\n|tier|[Gen 9] Ubers\n|rated|\n|rule|Sleep Clause Mod: Limit one foe put to sleep\n|rule|Species Clause: Limit one of each Pok\u00e9mon\n|rule|OHKO Clause: OHKO moves are banned\n|rule|Evasion Items Clause: Evasion items are banned\n|rule|Evasion Moves Clause: Evasion moves are banned\n|rule|Endless Battle Clause: Forcing endless battles is banned\n|rule|HP Percentage Mod: HP is shown in percentages\n|clearpoke\n|poke|p1|Tornadus, M|\n|poke|p1|Arcanine, F|\n|poke|p1|Koraidon|\n|poke|p1|Miraidon|\n|poke|p1|Iron Valiant|\n|poke|p1|Great Tusk|\n|poke|p2|Zacian-*|\n|poke|p2|Eternatus|\n|poke|p2|Arceus|\n|poke|p2|Miraidon|\n|poke|p2|Kyogre|\n|poke|p2|Calyrex-Ice|\n|teampreview\n|\n|t:|1700821628\n|start\n|switch|p1a: Tornadus|Tornadus, M, shiny|100\/100\n|switch|p2a: Calyrex|Calyrex-Ice|100\/100\n|-ability|p2a: Calyrex|As One\n|-ability|p2a: Calyrex|Unnerve\n|turn|1\n|\n|t:|1700821637\n|move|p1a: Tornadus|Taunt|p2a: Calyrex\n|-start|p2a: Calyrex|move: Taunt\n|cant|p2a: Calyrex|move: Taunt|Agility\n|\n|upkeep\n|turn|2\n|-activate|p2a: Calyrex|item: Quick Claw\n|\n|t:|1700821644\n|switch|p1a: Arcanine|Arcanine, F|100\/100\n|-ability|p1a: Arcanine|Intimidate|boost\n|-unboost|p2a: Calyrex|atk|1\n|move|p2a: Calyrex|Glacial Lance|p1a: Arcanine\n|-resisted|p1a: Arcanine\n|-damage|p1a: Arcanine|80\/100\n|\n|-heal|p1a: Arcanine|86\/100|[from] item: Leftovers\n|upkeep\n|turn|3\n|\n|t:|1700821655\n|switch|p2a: Kyogre|Kyogre|100\/100\n|-weather|RainDance|[from] ability: Drizzle|[of] p2a: Kyogre\n|move|p1a: Arcanine|Will-O-Wisp|p2a: Kyogre\n|-status|p2a: Kyogre|brn\n|\n|-weather|RainDance|[upkeep]\n|-heal|p1a: Arcanine|93\/100|[from] item: Leftovers\n|-damage|p2a: Kyogre|94\/100 brn|[from] brn\n|upkeep\n|turn|4\n|inactive|Battle timer is ON: inactive players will automatically lose when time's up. (requested by kaisercillo)\n|\n|t:|1700821677\n|switch|p1a: Miraidon|Miraidon|100\/100\n|-fieldstart|move: Electric Terrain|[from] ability: Hadron Engine|[of] p1a: Miraidon\n|move|p2a: Kyogre|Origin Pulse|p1a: Miraidon\n|-resisted|p1a: Miraidon\n|-damage|p1a: Miraidon|58\/100\n|\n|-weather|RainDance|[upkeep]\n|-heal|p1a: Miraidon|64\/100|[from] item: Leftovers\n|-damage|p2a: Kyogre|88\/100 brn|[from] brn\n|upkeep\n|turn|5\n|\n|t:|1700821688\n|-terastallize|p2a: Kyogre|Ground\n|move|p1a: Miraidon|Electro Drift|p2a: Kyogre\n|-immune|p2a: Kyogre\n|move|p2a: Kyogre|Ice Beam|p1a: Miraidon\n|-supereffective|p1a: Miraidon\n|-damage|p1a: Miraidon|5\/100\n|\n|-weather|RainDance|[upkeep]\n|-heal|p1a: Miraidon|12\/100|[from] item: Leftovers\n|-damage|p2a: Kyogre|82\/100 brn|[from] brn\n|upkeep\n|turn|6\n|\n|t:|1700821712\n|switch|p1a: Iron Valiant|Iron Valiant, shiny|100\/100\n|-activate|p1a: Iron Valiant|ability: Quark Drive\n|-start|p1a: Iron Valiant|quarkdrivespe\n|move|p2a: Kyogre|Origin Pulse|p1a: Iron Valiant\n|-enditem|p1a: Iron Valiant|Focus Sash\n|-damage|p1a: Iron Valiant|1\/100\n|\n|-weather|RainDance|[upkeep]\n|-damage|p2a: Kyogre|76\/100 brn|[from] brn\n|upkeep\n|turn|7\n|\n|t:|1700821723\n|move|p1a: Iron Valiant|Close Combat|p2a: Kyogre\n|-damage|p2a: Kyogre|18\/100 brn\n|-unboost|p1a: Iron Valiant|def|1\n|-unboost|p1a: Iron Valiant|spd|1\n|move|p2a: Kyogre|Ice Beam|p1a: Iron Valiant\n|-damage|p1a: Iron Valiant|0 fnt\n|faint|p1a: Iron Valiant\n|-end|p1a: Iron Valiant|Quark Drive|[silent]\n|\n|-weather|none\n|-damage|p2a: Kyogre|12\/100 brn|[from] brn\n|upkeep\n|\n|t:|1700821735\n|switch|p1a: Miraidon|Miraidon|12\/100\n|-activate|p1a: Miraidon|ability: Hadron Engine\n|turn|8\n|\n|t:|1700821741\n|move|p1a: Miraidon|Dragon Pulse|p2a: Kyogre\n|-damage|p2a: Kyogre|0 fnt\n|faint|p2a: Kyogre\n|\n|-heal|p1a: Miraidon|18\/100|[from] item: Leftovers\n|-fieldend|move: Electric Terrain\n|upkeep\n|\n|t:|1700821749\n|switch|p2a: Arceus|Arceus|100\/100\n|turn|9\n|\n|t:|1700821756\n|move|p2a: Arceus|Extreme Speed|p1a: Miraidon\n|-damage|p1a: Miraidon|0 fnt\n|faint|p1a: Miraidon\n|\n|upkeep\n|\n|t:|1700821762\n|switch|p1a: Arcanine|Arcanine, F|93\/100\n|-ability|p1a: Arcanine|Intimidate|boost\n|-unboost|p2a: Arceus|atk|1\n|turn|10\n|\n|t:|1700821766\n|move|p2a: Arceus|Swords Dance|p2a: Arceus\n|-boost|p2a: Arceus|atk|2\n|move|p1a: Arcanine|Will-O-Wisp|p2a: Arceus\n|-status|p2a: Arceus|brn\n|\n|-heal|p1a: Arcanine|99\/100|[from] item: Leftovers\n|-damage|p2a: Arceus|94\/100 brn|[from] brn\n|upkeep\n|turn|11\n|n|!kanyuheast|kanyuheast\n|\n|t:|1700821788\n|move|p2a: Arceus|Swords Dance|p2a: Arceus\n|-boost|p2a: Arceus|atk|2\n|move|p1a: Arcanine|Flare Blitz|p2a: Arceus\n|-damage|p2a: Arceus|60\/100 brn\n|-damage|p1a: Arcanine|87\/100|[from] Recoil\n|\n|-heal|p1a: Arcanine|94\/100|[from] item: Leftovers\n|-damage|p2a: Arceus|54\/100 brn|[from] brn\n|upkeep\n|turn|12\n|\n|t:|1700821799\n|switch|p1a: Koraidon|Koraidon|100\/100\n|-weather|SunnyDay|[from] ability: Orichalcum Pulse|[of] p1a: Koraidon\n|-activate|p1a: Koraidon|Orichalcum Pulse|[source]\n|move|p2a: Arceus|Swords Dance|p2a: Arceus\n|-boost|p2a: Arceus|atk|2\n|\n|-weather|SunnyDay|[upkeep]\n|-damage|p2a: Arceus|48\/100 brn|[from] brn\n|upkeep\n|turn|13\n|\n|t:|1700821818\n|move|p2a: Arceus|Extreme Speed|p1a: Koraidon\n|-damage|p1a: Koraidon|43\/100\n|move|p1a: Koraidon|Collision Course|p2a: Arceus\n|-supereffective|p2a: Arceus\n|-damage|p2a: Arceus|0 fnt\n|faint|p2a: Arceus\n|\n|-weather|SunnyDay|[upkeep]\n|upkeep\n|\n|t:|1700821827\n|switch|p2a: Calyrex|Calyrex-Ice|100\/100\n|-ability|p2a: Calyrex|As One\n|-ability|p2a: Calyrex|Unnerve\n|turn|14\n|-activate|p2a: Calyrex|item: Quick Claw\n|\n|t:|1700821839\n|move|p2a: Calyrex|Agility|p2a: Calyrex\n|-boost|p2a: Calyrex|spe|2\n|move|p1a: Koraidon|Collision Course|p2a: Calyrex\n|-damage|p2a: Calyrex|49\/100\n|\n|-weather|SunnyDay|[upkeep]\n|upkeep\n|turn|15\n|-activate|p2a: Calyrex|item: Quick Claw\n|\n|t:|1700821849\n|move|p2a: Calyrex|Glacial Lance|p1a: Koraidon\n|-supereffective|p1a: Koraidon\n|-damage|p1a: Koraidon|0 fnt\n|faint|p1a: Koraidon\n|-ability|p2a: Calyrex|Chilling Neigh|boost\n|-boost|p2a: Calyrex|atk|1\n|\n|-weather|SunnyDay|[upkeep]\n|upkeep\n|l|\u2606kaisercillo\n|inactive|kaisercillo disconnected and has a minute to reconnect!\n|player|p1|\n|inactive|kaisercillo has 30 seconds to reconnect!\n|inactive|kaisercillo has 20 seconds to reconnect!\n|inactive|kaisercillo has 15 seconds to reconnect!\n|inactive|kaisercillo has 10 seconds to reconnect!\n|inactive|kaisercillo has 5 seconds to reconnect!\n|-message|kaisercillo lost due to inactivity.\n|\n|win|kanyuheast\n|raw|kaisercillo's rating: 1174 &rarr; <strong>1156<\/strong><br \/>(-18 for losing)\n|raw|kanyuheast's rating: 1268 &rarr; <strong>1286<\/strong><br \/>(+18 for winning)\n","uploadtime":1700821780,"views":6,"p1id":"kaisercillo","p2id":"kanyuheast","formatid":"gen9ubers","rating":1156,"private":0,"password":""}