{"id":"gen9ubers-1986124182","p1":"Vazquez 2.0","p2":"LuukTheGamer","format":"[Gen 9] Ubers","log":"|j|\u2606Vazquez 2.0\n|j|\u2606LuukTheGamer\n|t:|1699452523\n|gametype|singles\n|player|p1|Vazquez 2.0|gardenia|\n|player|p2|LuukTheGamer|anabel|\n|teamsize|p1|6\n|teamsize|p2|6\n|gen|9\n|tier|[Gen 9] Ubers\n|rule|Sleep Clause Mod: Limit one foe put to sleep\n|rule|Species Clause: Limit one of each Pok\u00e9mon\n|rule|OHKO Clause: OHKO moves are banned\n|rule|Evasion Items Clause: Evasion items are banned\n|rule|Evasion Moves Clause: Evasion moves are banned\n|rule|Endless Battle Clause: Forcing endless battles is banned\n|rule|HP Percentage Mod: HP is shown in percentages\n|clearpoke\n|poke|p1|Houndstone, M|\n|poke|p1|Dialga|\n|poke|p1|Landorus, M|\n|poke|p1|Zamazenta-*|\n|poke|p1|Mandibuzz, F|\n|poke|p1|Tyranitar, M|\n|poke|p2|Ninetales-Alola, F|\n|poke|p2|Baxcalibur, F|\n|poke|p2|Arceus-Ghost|\n|poke|p2|Clefable, F|\n|poke|p2|Slowking-Galar, F|\n|poke|p2|Moltres|\n|teampreview\n|inactive|Battle timer is ON: inactive players will automatically lose when time's up. (requested by LuukTheGamer)\n|inactive|LuukTheGamer has 270 seconds left.\n|\n|t:|1699452564\n|start\n|switch|p1a: Dialga|Dialga|100\/100\n|switch|p2a: Slowking|Slowking-Galar, F|100\/100\n|-ability|p1a: Dialga|Pressure\n|turn|1\n|\n|t:|1699452589\n|move|p1a: Dialga|Stealth Rock|p2a: Slowking\n|-sidestart|p2: LuukTheGamer|move: Stealth Rock\n|move|p2a: Slowking|Toxic Spikes|p1a: Dialga\n|-sidestart|p1: Vazquez 2.0|move: Toxic Spikes\n|\n|upkeep\n|turn|2\n|\n|t:|1699452596\n|switch|p1a: Mandibuzz|Mandibuzz, F|100\/100\n|move|p2a: Slowking|Toxic Spikes|p1a: Mandibuzz\n|-sidestart|p1: Vazquez 2.0|move: Toxic Spikes\n|\n|upkeep\n|turn|3\n|\n|t:|1699452602\n|move|p1a: Mandibuzz|Knock Off|p2a: Slowking\n|-supereffective|p2a: Slowking\n|-damage|p2a: Slowking|55\/100\n|-enditem|p2a: Slowking|Leftovers|[from] move: Knock Off|[of] p1a: Mandibuzz\n|move|p2a: Slowking|Chilly Reception|p2a: Slowking\n|-weather|Snow\n|inactive|LuukTheGamer has 270 seconds left.\n|\n|t:|1699452634\n|switch|p2a: Baxcalibur|Baxcalibur, F|100\/100|[from] Chilly Reception\n|-damage|p2a: Baxcalibur|76\/100|[from] Stealth Rock\n|\n|-weather|Snow|[upkeep]\n|upkeep\n|turn|4\n|inactive|LuukTheGamer has 270 seconds left.\n|inactive|Vazquez 2.0 has 270 seconds left.\n|\n|t:|1699452668\n|move|p2a: Baxcalibur|Icicle Spear|p1a: Mandibuzz\n|-supereffective|p1a: Mandibuzz\n|-damage|p1a: Mandibuzz|83\/100\n|-supereffective|p1a: Mandibuzz\n|-damage|p1a: Mandibuzz|68\/100\n|-supereffective|p1a: Mandibuzz\n|-damage|p1a: Mandibuzz|52\/100\n|-supereffective|p1a: Mandibuzz\n|-damage|p1a: Mandibuzz|36\/100\n|-supereffective|p1a: Mandibuzz\n|-damage|p1a: Mandibuzz|20\/100\n|-hitcount|p1a: Mandibuzz|5\n|move|p1a: Mandibuzz|Toxic|p2a: Baxcalibur\n|-status|p2a: Baxcalibur|tox\n|\n|-weather|Snow|[upkeep]\n|-damage|p2a: Baxcalibur|70\/100 tox|[from] psn\n|upkeep\n|turn|5\n|\n|t:|1699452682\n|switch|p1a: Zamazenta|Zamazenta-Crowned|100\/100\n|-ability|p1a: Zamazenta|Dauntless Shield|boost\n|-boost|p1a: Zamazenta|def|1\n|move|p2a: Baxcalibur|Scale Shot|p1a: Zamazenta\n|-resisted|p1a: Zamazenta\n|-damage|p1a: Zamazenta|97\/100\n|-resisted|p1a: Zamazenta\n|-damage|p1a: Zamazenta|93\/100\n|-resisted|p1a: Zamazenta\n|-damage|p1a: Zamazenta|90\/100\n|-resisted|p1a: Zamazenta\n|-damage|p1a: Zamazenta|86\/100\n|-hitcount|p1a: Zamazenta|4\n|-unboost|p2a: Baxcalibur|def|1\n|-boost|p2a: Baxcalibur|spe|1\n|\n|-weather|Snow|[upkeep]\n|-damage|p2a: Baxcalibur|57\/100 tox|[from] psn\n|upkeep\n|turn|6\n|inactive|Vazquez 2.0 has 270 seconds left.\n|\n|t:|1699452708\n|switch|p2a: Moltres|Moltres, shiny|100\/100\n|move|p1a: Zamazenta|Close Combat|p2a: Moltres\n|-resisted|p2a: Moltres\n|-damage|p2a: Moltres|79\/100\n|-unboost|p1a: Zamazenta|def|1\n|-unboost|p1a: Zamazenta|spd|1\n|\n|-weather|Snow|[upkeep]\n|upkeep\n|turn|7\n|\n|t:|1699452725\n|switch|p1a: Dialga|Dialga|100\/100\n|-ability|p1a: Dialga|Pressure\n|move|p2a: Moltres|Will-O-Wisp|p1a: Dialga|[miss]\n|-miss|p2a: Moltres|p1a: Dialga\n|\n|-weather|none\n|upkeep\n|turn|8\n|inactive|Vazquez 2.0 has 270 seconds left.\n|\n|t:|1699452738\n|move|p1a: Dialga|Draco Meteor|p2a: Moltres\n|-damage|p2a: Moltres|0 fnt\n|-unboost|p1a: Dialga|spa|2\n|faint|p2a: Moltres\n|\n|upkeep\n|\n|t:|1699452744\n|switch|p2a: Ninetales|Ninetales-Alola, F|100\/100\n|-damage|p2a: Ninetales|76\/100|[from] Stealth Rock\n|-weather|Snow|[from] ability: Snow Warning|[of] p2a: Ninetales\n|turn|9\n|\n|t:|1699452751\n|switch|p1a: Tyranitar|Tyranitar, M|100\/100\n|-status|p1a: Tyranitar|tox\n|-weather|Sandstorm|[from] ability: Sand Stream|[of] p1a: Tyranitar\n|move|p2a: Ninetales|Aurora Veil||[still]\n|-fail|p2a: Ninetales\n|\n|-weather|Sandstorm|[upkeep]\n|-damage|p2a: Ninetales|70\/100|[from] Sandstorm\n|-damage|p1a: Tyranitar|94\/100 tox|[from] psn\n|upkeep\n|turn|10\n|inactive|Vazquez 2.0 has 270 seconds left.\n|inactive|LuukTheGamer has 240 seconds left.\n|\n|t:|1699452785\n|switch|p2a: Clefable|Clefable, F|100\/100\n|-damage|p2a: Clefable|88\/100|[from] Stealth Rock\n|move|p1a: Tyranitar|Thunder Wave|p2a: Clefable\n|-status|p2a: Clefable|par\n|\n|-weather|Sandstorm|[upkeep]\n|-damage|p2a: Clefable|82\/100 par|[from] Sandstorm\n|-heal|p2a: Clefable|88\/100 par|[from] item: Leftovers\n|-damage|p1a: Tyranitar|82\/100 tox|[from] psn\n|upkeep\n|turn|11\n|inactive|Vazquez 2.0 has 270 seconds left.\n|inactive|LuukTheGamer has 240 seconds left.\n|\n|t:|1699452804\n|switch|p1a: Zamazenta|Zamazenta-Crowned|86\/100\n|move|p2a: Clefable|Wish|p2a: Clefable\n|\n|-weather|Sandstorm|[upkeep]\n|-damage|p2a: Clefable|82\/100 par|[from] Sandstorm\n|-heal|p2a: Clefable|88\/100 par|[from] item: Leftovers\n|upkeep\n|turn|12\n|\n|t:|1699452811\n|move|p1a: Zamazenta|Howl|p1a: Zamazenta\n|-boost|p1a: Zamazenta|atk|1\n|move|p2a: Clefable|Thunder Wave|p1a: Zamazenta\n|-status|p1a: Zamazenta|par\n|\n|-weather|Sandstorm|[upkeep]\n|-damage|p2a: Clefable|82\/100 par|[from] Sandstorm\n|-heal|p2a: Clefable|100\/100 par|[from] move: Wish|[wisher] Clefable\n|upkeep\n|turn|13\n|inactive|Vazquez 2.0 has 270 seconds left.\n|inactive|LuukTheGamer has 240 seconds left.\n|\n|t:|1699452826\n|switch|p2a: Ninetales|Ninetales-Alola, F|70\/100\n|-damage|p2a: Ninetales|45\/100|[from] Stealth Rock\n|-weather|Snow|[from] ability: Snow Warning|[of] p2a: Ninetales\n|cant|p1a: Zamazenta|par\n|\n|-weather|Snow|[upkeep]\n|upkeep\n|turn|14\n|inactive|LuukTheGamer has 240 seconds left.\n|inactive|Vazquez 2.0 has 270 seconds left.\n|\n|t:|1699452839\n|switch|p1a: Tyranitar|Tyranitar, M|82\/100 tox\n|-weather|Sandstorm|[from] ability: Sand Stream|[of] p1a: Tyranitar\n|move|p2a: Ninetales|Moonblast|p1a: Tyranitar\n|-supereffective|p1a: Tyranitar\n|-damage|p1a: Tyranitar|54\/100 tox\n|\n|-weather|Sandstorm|[upkeep]\n|-damage|p2a: Ninetales|39\/100|[from] Sandstorm\n|-damage|p1a: Tyranitar|48\/100 tox|[from] psn\n|upkeep\n|turn|15\n|inactive|LuukTheGamer has 240 seconds left.\n|\n|t:|1699452859\n|switch|p2a: Clefable|Clefable, F|100\/100 par\n|-damage|p2a: Clefable|88\/100 par|[from] Stealth Rock\n|switch|p1a: Mandibuzz|Mandibuzz, F|20\/100\n|\n|-weather|Sandstorm|[upkeep]\n|-damage|p2a: Clefable|82\/100 par|[from] Sandstorm\n|-heal|p2a: Clefable|88\/100 par|[from] item: Leftovers\n|upkeep\n|turn|16\n|\n|t:|1699452867\n|move|p1a: Mandibuzz|Defog|p2a: Clefable\n|-unboost|p2a: Clefable|evasion|1\n|-sideend|p2: LuukTheGamer|Stealth Rock|[from] move: Defog|[of] p1a: Mandibuzz\n|-sideend|p1: Vazquez 2.0|Toxic Spikes|[from] move: Defog|[of] p1a: Mandibuzz\n|move|p2a: Clefable|Thunder Wave|p1a: Mandibuzz\n|-status|p1a: Mandibuzz|par\n|\n|-weather|Sandstorm|[upkeep]\n|-damage|p2a: Clefable|82\/100 par|[from] Sandstorm\n|-heal|p2a: Clefable|88\/100 par|[from] item: Leftovers\n|upkeep\n|turn|17\n|inactive|LuukTheGamer has 240 seconds left.\n|\n|t:|1699452877\n|cant|p1a: Mandibuzz|par\n|move|p2a: Clefable|Wish|p2a: Clefable\n|\n|-weather|Sandstorm|[upkeep]\n|-damage|p2a: Clefable|82\/100 par|[from] Sandstorm\n|-heal|p2a: Clefable|88\/100 par|[from] item: Leftovers\n|upkeep\n|turn|18\n|\n|t:|1699452882\n|switch|p2a: Ninetales|Ninetales-Alola, F|39\/100\n|-weather|Snow|[from] ability: Snow Warning|[of] p2a: Ninetales\n|cant|p1a: Mandibuzz|par\n|\n|-weather|Snow|[upkeep]\n|-heal|p2a: Ninetales|95\/100|[from] move: Wish|[wisher] Clefable\n|upkeep\n|turn|19\n|\n|t:|1699452891\n|move|p2a: Ninetales|Freeze-Dry|p1a: Mandibuzz\n|-supereffective|p1a: Mandibuzz\n|-damage|p1a: Mandibuzz|0 fnt\n|faint|p1a: Mandibuzz\n|\n|-weather|Snow|[upkeep]\n|upkeep\n|\n|t:|1699452893\n|switch|p1a: Tyranitar|Tyranitar, M|48\/100 tox\n|-weather|Sandstorm|[from] ability: Sand Stream|[of] p1a: Tyranitar\n|turn|20\n|\n|t:|1699452902\n|switch|p2a: Clefable|Clefable, F|88\/100 par\n|switch|p1a: Dialga|Dialga|100\/100\n|-ability|p1a: Dialga|Pressure\n|\n|-weather|Sandstorm|[upkeep]\n|-damage|p2a: Clefable|82\/100 par|[from] Sandstorm\n|-heal|p2a: Clefable|88\/100 par|[from] item: Leftovers\n|upkeep\n|turn|21\n|\n|t:|1699452912\n|switch|p2a: Slowking|Slowking-Galar, F|88\/100\n|move|p1a: Dialga|Flash Cannon|p2a: Slowking\n|-damage|p2a: Slowking|60\/100\n|\n|-weather|Sandstorm|[upkeep]\n|-damage|p2a: Slowking|54\/100|[from] Sandstorm\n|upkeep\n|turn|22\n|\n|t:|1699452919\n|switch|p1a: Landorus|Landorus, M|100\/100\n|move|p2a: Slowking|Chilly Reception|p2a: Slowking\n|-weather|Snow\n|\n|t:|1699452932\n|switch|p2a: Ninetales|Ninetales-Alola, F|95\/100|[from] Chilly Reception\n|\n|-weather|Snow|[upkeep]\n|upkeep\n|turn|23\n|\n|t:|1699452937\n|switch|p1a: Zamazenta|Zamazenta-Crowned|86\/100 par\n|move|p2a: Ninetales|Freeze-Dry|p1a: Zamazenta\n|-resisted|p1a: Zamazenta\n|-damage|p1a: Zamazenta|79\/100 par\n|\n|-weather|Snow|[upkeep]\n|upkeep\n|turn|24\n|\n|t:|1699452941\n|switch|p1a: Tyranitar|Tyranitar, M|48\/100 tox\n|-weather|Sandstorm|[from] ability: Sand Stream|[of] p1a: Tyranitar\n|move|p2a: Ninetales|Aurora Veil||[still]\n|-fail|p2a: Ninetales\n|\n|-weather|Sandstorm|[upkeep]\n|-damage|p2a: Ninetales|89\/100|[from] Sandstorm\n|-damage|p1a: Tyranitar|41\/100 tox|[from] psn\n|upkeep\n|turn|25\n|\n|t:|1699452947\n|switch|p2a: Clefable|Clefable, F|88\/100 par\n|switch|p1a: Zamazenta|Zamazenta-Crowned|79\/100 par\n|\n|-weather|Sandstorm|[upkeep]\n|-damage|p2a: Clefable|82\/100 par|[from] Sandstorm\n|-heal|p2a: Clefable|88\/100 par|[from] item: Leftovers\n|upkeep\n|turn|26\n|\n|t:|1699452952\n|move|p1a: Zamazenta|Behemoth Bash|p2a: Clefable\n|-supereffective|p2a: Clefable\n|-damage|p2a: Clefable|14\/100 par\n|move|p2a: Clefable|Wish|p2a: Clefable\n|\n|-weather|Sandstorm|[upkeep]\n|-damage|p2a: Clefable|8\/100 par|[from] Sandstorm\n|-heal|p2a: Clefable|14\/100 par|[from] item: Leftovers\n|upkeep\n|turn|27\n|\n|t:|1699452968\n|cant|p1a: Zamazenta|par\n|move|p2a: Clefable|Moonblast|p1a: Zamazenta\n|-damage|p1a: Zamazenta|54\/100 par\n|\n|-weather|Sandstorm|[upkeep]\n|-damage|p2a: Clefable|8\/100 par|[from] Sandstorm\n|-heal|p2a: Clefable|58\/100 par|[from] move: Wish|[wisher] Clefable\n|-heal|p2a: Clefable|64\/100 par|[from] item: Leftovers\n|upkeep\n|turn|28\n|\n|t:|1699452987\n|switch|p2a: Slowking|Slowking-Galar, F|87\/100\n|cant|p1a: Zamazenta|par\n|\n|-weather|Sandstorm|[upkeep]\n|-damage|p2a: Slowking|81\/100|[from] Sandstorm\n|upkeep\n|turn|29\n|\n|t:|1699453003\n|switch|p1a: Dialga|Dialga|100\/100\n|-ability|p1a: Dialga|Pressure\n|move|p2a: Slowking|Hex|p1a: Dialga\n|-damage|p1a: Dialga|84\/100\n|\n|-weather|Sandstorm|[upkeep]\n|-damage|p2a: Slowking|75\/100|[from] Sandstorm\n|upkeep\n|turn|30\n|\n|t:|1699453017\n|move|p1a: Dialga|Stealth Rock|p2a: Slowking\n|-sidestart|p2: LuukTheGamer|move: Stealth Rock\n|move|p2a: Slowking|Chilly Reception|p2a: Slowking\n|-weather|Snow\n|inactive|LuukTheGamer has 270 seconds left.\n|\n|t:|1699453028\n|switch|p2a: Ninetales|Ninetales-Alola, F|89\/100|[from] Chilly Reception\n|-damage|p2a: Ninetales|64\/100|[from] Stealth Rock\n|\n|-weather|Snow|[upkeep]\n|upkeep\n|turn|31\n|\n|t:|1699453036\n|switch|p1a: Zamazenta|Zamazenta-Crowned|54\/100 par\n|move|p2a: Ninetales|Aurora Veil|p2a: Ninetales\n|-sidestart|p2: LuukTheGamer|move: Aurora Veil\n|\n|-weather|Snow|[upkeep]\n|upkeep\n|turn|32\n|\n|t:|1699453050\n|switch|p2a: Slowking|Slowking-Galar, F|100\/100\n|-damage|p2a: Slowking|88\/100|[from] Stealth Rock\n|move|p1a: Zamazenta|Behemoth Bash|p2a: Slowking\n|-damage|p2a: Slowking|63\/100\n|\n|-weather|Snow|[upkeep]\n|upkeep\n|turn|33\n|\n|t:|1699453060\n|move|p1a: Zamazenta|Behemoth Bash|p2a: Slowking\n|-damage|p2a: Slowking|36\/100\n|move|p2a: Slowking|Toxic Spikes|p1a: Zamazenta\n|-sidestart|p1: Vazquez 2.0|move: Toxic Spikes\n|\n|-weather|Snow|[upkeep]\n|upkeep\n|turn|34\n|\n|t:|1699453072\n|move|p1a: Zamazenta|Behemoth Bash|p2a: Slowking\n|-damage|p2a: Slowking|9\/100\n|move|p2a: Slowking|Chilly Reception|p2a: Slowking\n|\n|t:|1699453080\n|switch|p2a: Arceus|Arceus-Ghost|100\/100|[from] Chilly Reception\n|-damage|p2a: Arceus|88\/100|[from] Stealth Rock\n|\n|-weather|none\n|upkeep\n|turn|35\n|\n|t:|1699453092\n|switch|p1a: Tyranitar|Tyranitar, M|41\/100 tox\n|-weather|Sandstorm|[from] ability: Sand Stream|[of] p1a: Tyranitar\n|move|p2a: Arceus|Hex|p1a: Tyranitar\n|-resisted|p1a: Tyranitar\n|-damage|p1a: Tyranitar|25\/100 tox\n|\n|-weather|Sandstorm|[upkeep]\n|-damage|p2a: Arceus|82\/100|[from] Sandstorm\n|-damage|p1a: Tyranitar|19\/100 tox|[from] psn\n|upkeep\n|turn|36\n|\n|t:|1699453104\n|switch|p2a: Clefable|Clefable, F|64\/100 par\n|-damage|p2a: Clefable|52\/100 par|[from] Stealth Rock\n|switch|p1a: Landorus|Landorus, M|100\/100\n|\n|-weather|Sandstorm|[upkeep]\n|-damage|p2a: Clefable|46\/100 par|[from] Sandstorm\n|-heal|p2a: Clefable|52\/100 par|[from] item: Leftovers\n|upkeep\n|turn|37\n|\n|t:|1699453113\n|move|p1a: Landorus|Earth Power|p2a: Clefable\n|-damage|p2a: Clefable|19\/100 par\n|move|p2a: Clefable|Wish|p2a: Clefable\n|\n|-weather|Sandstorm|[upkeep]\n|-damage|p2a: Clefable|13\/100 par|[from] Sandstorm\n|-heal|p2a: Clefable|19\/100 par|[from] item: Leftovers\n|upkeep\n|turn|38\n|\n|t:|1699453124\n|switch|p2a: Ninetales|Ninetales-Alola, F|64\/100\n|-damage|p2a: Ninetales|39\/100|[from] Stealth Rock\n|-weather|Snow|[from] ability: Snow Warning|[of] p2a: Ninetales\n|move|p1a: Landorus|Earth Power|p2a: Ninetales\n|-damage|p2a: Ninetales|6\/100\n|\n|-weather|Snow|[upkeep]\n|-heal|p2a: Ninetales|63\/100|[from] move: Wish|[wisher] Clefable\n|-sideend|p2: LuukTheGamer|move: Aurora Veil\n|upkeep\n|turn|39\n|\n|t:|1699453145\n|switch|p1a: Zamazenta|Zamazenta-Crowned|54\/100 par\n|move|p2a: Ninetales|Moonblast|p1a: Zamazenta\n|-damage|p1a: Zamazenta|33\/100 par\n|\n|-weather|Snow|[upkeep]\n|upkeep\n|turn|40\n|inactive|LuukTheGamer has 270 seconds left.\n|\n|t:|1699453171\n|move|p2a: Ninetales|Aurora Veil|p2a: Ninetales\n|-sidestart|p2: LuukTheGamer|move: Aurora Veil\n|move|p1a: Zamazenta|Behemoth Bash|p2a: Ninetales\n|-supereffective|p2a: Ninetales\n|-damage|p2a: Ninetales|0 fnt\n|faint|p2a: Ninetales\n|\n|-weather|Snow|[upkeep]\n|upkeep\n|\n|t:|1699453201\n|switch|p2a: Baxcalibur|Baxcalibur, F|57\/100 tox\n|-damage|p2a: Baxcalibur|32\/100 tox|[from] Stealth Rock\n|turn|41\n|inactive|LuukTheGamer has 240 seconds left.\n|\n|t:|1699453220\n|move|p2a: Baxcalibur|Earthquake|p1a: Zamazenta\n|-supereffective|p1a: Zamazenta\n|-damage|p1a: Zamazenta|0 fnt\n|faint|p1a: Zamazenta\n|\n|-weather|Snow|[upkeep]\n|-damage|p2a: Baxcalibur|26\/100 tox|[from] psn\n|upkeep\n|\n|t:|1699453228\n|switch|p1a: Dialga|Dialga|84\/100\n|-ability|p1a: Dialga|Pressure\n|turn|42\n|\n|t:|1699453242\n|move|p1a: Dialga|Flash Cannon|p2a: Baxcalibur\n|-supereffective|p2a: Baxcalibur\n|-crit|p2a: Baxcalibur\n|-damage|p2a: Baxcalibur|0 fnt\n|faint|p2a: Baxcalibur\n|\n|-weather|none\n|upkeep\n|inactive|LuukTheGamer has 240 seconds left.\n|\n|t:|1699453255\n|switch|p2a: Arceus|Arceus-Ghost|82\/100\n|-damage|p2a: Arceus|70\/100|[from] Stealth Rock\n|turn|43\n|inactive|LuukTheGamer has 240 seconds left.\n|\n|t:|1699453270\n|move|p1a: Dialga|Flash Cannon|p2a: Arceus\n|-damage|p2a: Arceus|55\/100\n|-unboost|p2a: Arceus|spd|1\n|move|p2a: Arceus|Calm Mind|p2a: Arceus\n|-boost|p2a: Arceus|spa|1\n|-boost|p2a: Arceus|spd|1\n|\n|upkeep\n|turn|44\n|\n|t:|1699453279\n|switch|p1a: Tyranitar|Tyranitar, M|19\/100 tox\n|-weather|Sandstorm|[from] ability: Sand Stream|[of] p1a: Tyranitar\n|move|p2a: Arceus|Recover|p2a: Arceus\n|-heal|p2a: Arceus|100\/100\n|\n|-weather|Sandstorm|[upkeep]\n|-damage|p2a: Arceus|94\/100|[from] Sandstorm\n|-damage|p1a: Tyranitar|13\/100 tox|[from] psn\n|upkeep\n|turn|45\n|\n|t:|1699453289\n|move|p2a: Arceus|Hex|p1a: Tyranitar\n|-resisted|p1a: Tyranitar\n|-damage|p1a: Tyranitar|0 fnt\n|faint|p1a: Tyranitar\n|\n|-weather|Sandstorm|[upkeep]\n|-damage|p2a: Arceus|88\/100|[from] Sandstorm\n|upkeep\n|\n|t:|1699453295\n|switch|p1a: Houndstone|Houndstone, M|100\/100\n|-status|p1a: Houndstone|psn\n|turn|46\n|\n|t:|1699453301\n|move|p1a: Houndstone|Last Respects|p2a: Arceus\n|-supereffective|p2a: Arceus\n|-damage|p2a: Arceus|0 fnt\n|faint|p2a: Arceus\n|\n|-weather|Sandstorm|[upkeep]\n|-damage|p1a: Houndstone|88\/100 psn|[from] psn\n|upkeep\n|\n|t:|1699453308\n|switch|p2a: Clefable|Clefable, F|19\/100 par\n|-damage|p2a: Clefable|7\/100 par|[from] Stealth Rock\n|turn|47\n|c|\u2606LuukTheGamer|gg\n|inactive|LuukTheGamer has 270 seconds left.\n|\n|t:|1699453314\n|move|p1a: Houndstone|Last Respects|p2a: Clefable\n|-damage|p2a: Clefable|0 fnt\n|faint|p2a: Clefable\n|\n|-weather|Sandstorm|[upkeep]\n|-damage|p1a: Houndstone|76\/100 psn|[from] psn\n|-sideend|p2: LuukTheGamer|move: Aurora Veil\n|upkeep\n|\n|t:|1699453316\n|switch|p2a: Slowking|Slowking-Galar, F|42\/100\n|-damage|p2a: Slowking|30\/100|[from] Stealth Rock\n|turn|48\n|c|\u2606Vazquez 2.0|gg\n|\n|t:|1699453319\n|move|p1a: Houndstone|Last Respects|p2a: Slowking\n|-supereffective|p2a: Slowking\n|-damage|p2a: Slowking|0 fnt\n|faint|p2a: Slowking\n|\n|win|Vazquez 2.0\n","uploadtime":1699453330,"views":25,"p1id":"vazquez20","p2id":"luukthegamer","formatid":"gen9ubers","rating":0,"private":0,"password":""}