{"id":"gen9ubers-1983415632","p1":"Spiderrob8","p2":"sanner889","format":"[Gen 9] Ubers","log":"|j|\u2606Spiderrob8\n|j|\u2606sanner889\n|t:|1699127756\n|gametype|singles\n|player|p1|Spiderrob8|1|1003\n|player|p2|sanner889|2|1053\n|teamsize|p1|6\n|teamsize|p2|6\n|gen|9\n|tier|[Gen 9] Ubers\n|rated|\n|rule|Sleep Clause Mod: Limit one foe put to sleep\n|rule|Species Clause: Limit one of each Pok\u00e9mon\n|rule|OHKO Clause: OHKO moves are banned\n|rule|Evasion Items Clause: Evasion items are banned\n|rule|Evasion Moves Clause: Evasion moves are banned\n|rule|Endless Battle Clause: Forcing endless battles is banned\n|rule|HP Percentage Mod: HP is shown in percentages\n|clearpoke\n|poke|p1|Quaquaval, M|\n|poke|p1|Armarouge, M|\n|poke|p1|Kilowattrel, M|\n|poke|p1|Toedscruel, F|\n|poke|p1|Revavroom, M|\n|poke|p1|Baxcalibur, F|\n|poke|p2|Tyranitar, F|\n|poke|p2|Toxapex, F|\n|poke|p2|Lucario, F|\n|poke|p2|Charizard, F|\n|poke|p2|Rillaboom, F|\n|poke|p2|Baxcalibur, M|\n|teampreview\n|inactive|Battle timer is ON: inactive players will automatically lose when time's up. (requested by Spiderrob8)\n|\n|t:|1699127781\n|start\n|switch|p1a: Revavroom|Revavroom, M|100\/100\n|switch|p2a: Lucario|Lucario, F|100\/100\n|turn|1\n|\n|t:|1699127794\n|move|p2a: Lucario|Swords Dance|p2a: Lucario\n|-boost|p2a: Lucario|atk|2\n|move|p1a: Revavroom|Shift Gear|p1a: Revavroom\n|-boost|p1a: Revavroom|spe|2\n|-boost|p1a: Revavroom|atk|1\n|\n|upkeep\n|turn|2\n|\n|t:|1699127803\n|move|p1a: Revavroom|Shift Gear|p1a: Revavroom\n|-boost|p1a: Revavroom|spe|2\n|-boost|p1a: Revavroom|atk|1\n|move|p2a: Lucario|Close Combat|p1a: Revavroom\n|-damage|p1a: Revavroom|0 fnt\n|-unboost|p2a: Lucario|def|1\n|-unboost|p2a: Lucario|spd|1\n|faint|p1a: Revavroom\n|\n|upkeep\n|\n|t:|1699127814\n|switch|p1a: Armarouge|Armarouge, M|100\/100\n|turn|3\n|\n|t:|1699127820\n|switch|p2a: Tyranitar|Tyranitar, F|100\/100\n|-weather|Sandstorm|[from] ability: Sand Stream|[of] p2a: Tyranitar\n|move|p1a: Armarouge|Flamethrower|p2a: Tyranitar\n|-resisted|p2a: Tyranitar\n|-damage|p2a: Tyranitar|88\/100\n|\n|-weather|Sandstorm|[upkeep]\n|-damage|p1a: Armarouge|94\/100|[from] Sandstorm\n|upkeep\n|turn|4\n|\n|t:|1699127837\n|switch|p1a: Quaquaval|Quaquaval, M|100\/100\n|move|p2a: Tyranitar|Stone Edge|p1a: Quaquaval|[miss]\n|-miss|p2a: Tyranitar|p1a: Quaquaval\n|\n|-weather|Sandstorm|[upkeep]\n|-damage|p1a: Quaquaval|94\/100|[from] Sandstorm\n|upkeep\n|turn|5\n|\n|t:|1699127852\n|switch|p2a: Rillaboom|Rillaboom, F|100\/100\n|-fieldstart|move: Grassy Terrain|[from] ability: Grassy Surge|[of] p2a: Rillaboom\n|move|p1a: Quaquaval|Brick Break|p2a: Rillaboom\n|-damage|p2a: Rillaboom|57\/100\n|\n|-weather|Sandstorm|[upkeep]\n|-damage|p1a: Quaquaval|88\/100|[from] Sandstorm\n|-damage|p2a: Rillaboom|50\/100|[from] Sandstorm\n|-heal|p1a: Quaquaval|94\/100|[from] Grassy Terrain\n|-heal|p2a: Rillaboom|57\/100|[from] Grassy Terrain\n|upkeep\n|turn|6\n|\n|t:|1699127866\n|move|p1a: Quaquaval|Close Combat|p2a: Rillaboom\n|-damage|p2a: Rillaboom|0 fnt\n|-unboost|p1a: Quaquaval|def|1\n|-unboost|p1a: Quaquaval|spd|1\n|faint|p2a: Rillaboom\n|\n|-weather|Sandstorm|[upkeep]\n|-damage|p1a: Quaquaval|88\/100|[from] Sandstorm\n|-heal|p1a: Quaquaval|94\/100|[from] Grassy Terrain\n|upkeep\n|\n|t:|1699127877\n|switch|p2a: Toxapex|Toxapex, F|100\/100\n|turn|7\n|\n|t:|1699127890\n|switch|p1a: Kilowattrel|Kilowattrel, M|100\/100\n|move|p2a: Toxapex|Toxic|p1a: Kilowattrel\n|-status|p1a: Kilowattrel|tox\n|\n|-weather|none\n|-damage|p1a: Kilowattrel|94\/100 tox|[from] psn\n|upkeep\n|turn|8\n|\n|t:|1699127917\n|switch|p2a: Tyranitar|Tyranitar, F|88\/100\n|-weather|Sandstorm|[from] ability: Sand Stream|[of] p2a: Tyranitar\n|move|p1a: Kilowattrel|Thunder Wave|p2a: Tyranitar\n|-status|p2a: Tyranitar|par\n|\n|-weather|Sandstorm|[upkeep]\n|-damage|p1a: Kilowattrel|88\/100 tox|[from] Sandstorm\n|-heal|p2a: Tyranitar|94\/100 par|[from] Grassy Terrain\n|-damage|p1a: Kilowattrel|76\/100 tox|[from] psn\n|upkeep\n|turn|9\n|inactive|sanner889 has 120 seconds left.\n|\n|t:|1699127958\n|switch|p1a: Quaquaval|Quaquaval, M|94\/100\n|move|p2a: Tyranitar|Stone Edge|p1a: Quaquaval\n|-resisted|p1a: Quaquaval\n|-damage|p1a: Quaquaval|62\/100\n|\n|-weather|Sandstorm|[upkeep]\n|-damage|p1a: Quaquaval|56\/100|[from] Sandstorm\n|-heal|p1a: Quaquaval|62\/100|[from] Grassy Terrain\n|-heal|p2a: Tyranitar|99\/100 par|[from] Grassy Terrain\n|upkeep\n|turn|10\n|\n|t:|1699127971\n|switch|p2a: Toxapex|Toxapex, F|100\/100\n|move|p1a: Quaquaval|Aqua Step|p2a: Toxapex\n|-resisted|p2a: Toxapex\n|-damage|p2a: Toxapex|85\/100\n|-boost|p1a: Quaquaval|spe|1\n|-damage|p1a: Quaquaval|46\/100|[from] item: Rocky Helmet|[of] p2a: Toxapex\n|\n|-weather|Sandstorm|[upkeep]\n|-damage|p1a: Quaquaval|40\/100|[from] Sandstorm\n|-damage|p2a: Toxapex|79\/100|[from] Sandstorm\n|-heal|p1a: Quaquaval|46\/100|[from] Grassy Terrain\n|-heal|p2a: Toxapex|85\/100|[from] Grassy Terrain\n|upkeep\n|turn|11\n|\n|t:|1699127984\n|move|p1a: Quaquaval|Aqua Step|p2a: Toxapex\n|-resisted|p2a: Toxapex\n|-crit|p2a: Toxapex\n|-damage|p2a: Toxapex|61\/100\n|-boost|p1a: Quaquaval|spe|1\n|-damage|p1a: Quaquaval|29\/100|[from] item: Rocky Helmet|[of] p2a: Toxapex\n|move|p2a: Toxapex|Toxic|p1a: Quaquaval\n|-status|p1a: Quaquaval|tox\n|\n|-weather|Sandstorm|[upkeep]\n|-damage|p1a: Quaquaval|23\/100 tox|[from] Sandstorm\n|-damage|p2a: Toxapex|55\/100|[from] Sandstorm\n|-heal|p1a: Quaquaval|29\/100 tox|[from] Grassy Terrain\n|-heal|p2a: Toxapex|61\/100|[from] Grassy Terrain\n|-damage|p1a: Quaquaval|23\/100 tox|[from] psn\n|upkeep\n|turn|12\n|\n|t:|1699128002\n|move|p1a: Quaquaval|Aqua Step|p2a: Toxapex\n|-resisted|p2a: Toxapex\n|-damage|p2a: Toxapex|39\/100\n|-boost|p1a: Quaquaval|spe|1\n|-damage|p1a: Quaquaval|7\/100 tox|[from] item: Rocky Helmet|[of] p2a: Toxapex\n|move|p2a: Toxapex|Recover|p2a: Toxapex\n|-heal|p2a: Toxapex|89\/100\n|\n|-weather|none\n|-heal|p1a: Quaquaval|13\/100 tox|[from] Grassy Terrain\n|-heal|p2a: Toxapex|95\/100|[from] Grassy Terrain\n|-damage|p1a: Quaquaval|1\/100 tox|[from] psn\n|-fieldend|move: Grassy Terrain\n|upkeep\n|turn|13\n|inactive|sanner889 has 90 seconds left.\n|\n|t:|1699128021\n|move|p1a: Quaquaval|Close Combat|p2a: Toxapex\n|-resisted|p2a: Toxapex\n|-damage|p2a: Toxapex|71\/100\n|-unboost|p1a: Quaquaval|def|1\n|-unboost|p1a: Quaquaval|spd|1\n|-damage|p1a: Quaquaval|0 fnt|[from] item: Rocky Helmet|[of] p2a: Toxapex\n|faint|p1a: Quaquaval\n|move|p2a: Toxapex|Haze|p2a: Toxapex\n|-clearallboost\n|\n|upkeep\n|\n|t:|1699128033\n|switch|p1a: Toedscruel|Toedscruel, F|100\/100\n|turn|14\n|inactive|sanner889 has 90 seconds left.\n|\n|t:|1699128073\n|switch|p2a: Charizard|Charizard, F|100\/100\n|move|p1a: Toedscruel|Spore|p2a: Charizard\n|-status|p2a: Charizard|slp|[from] move: Spore\n|\n|upkeep\n|turn|15\n|\n|t:|1699128085\n|switch|p2a: Baxcalibur|Baxcalibur, M|100\/100\n|move|p1a: Toedscruel|Hex|p2a: Baxcalibur\n|-damage|p2a: Baxcalibur|82\/100\n|\n|upkeep\n|turn|16\n|\n|t:|1699128095\n|move|p2a: Baxcalibur|Dragon Dance|p2a: Baxcalibur\n|-boost|p2a: Baxcalibur|atk|1\n|-boost|p2a: Baxcalibur|spe|1\n|move|p1a: Toedscruel|Spore|p2a: Baxcalibur\n|-message|Sleep Clause Mod activated.\n|-hint|Sleep Clause Mod prevents players from putting more than one of their opponent's Pok\u00e9mon to sleep at a time\n|\n|upkeep\n|turn|17\n|\n|t:|1699128104\n|move|p2a: Baxcalibur|Icicle Spear|p1a: Toedscruel\n|-supereffective|p1a: Toedscruel\n|-damage|p1a: Toedscruel|0 fnt\n|faint|p1a: Toedscruel\n|-hitcount|p1: Toedscruel|1\n|\n|upkeep\n|\n|t:|1699128116\n|switch|p1a: Armarouge|Armarouge, M|94\/100\n|turn|18\n|-activate|p1a: Armarouge|item: Quick Claw\n|\n|t:|1699128127\n|switch|p2a: Toxapex|Toxapex, F|100\/100\n|move|p1a: Armarouge|Psychic|p2a: Toxapex\n|-supereffective|p2a: Toxapex\n|-damage|p2a: Toxapex|37\/100\n|-unboost|p2a: Toxapex|spd|1\n|\n|upkeep\n|turn|19\n|\n|t:|1699128136\n|switch|p2a: Tyranitar|Tyranitar, F|99\/100 par\n|-weather|Sandstorm|[from] ability: Sand Stream|[of] p2a: Tyranitar\n|move|p1a: Armarouge|Psychic|p2a: Tyranitar\n|-immune|p2a: Tyranitar\n|\n|-weather|Sandstorm|[upkeep]\n|-damage|p1a: Armarouge|88\/100|[from] Sandstorm\n|upkeep\n|turn|20\n|inactive|sanner889 has 90 seconds left.\n|\n|t:|1699128149\n|move|p1a: Armarouge|Armor Cannon|p2a: Tyranitar\n|-resisted|p2a: Tyranitar\n|-damage|p2a: Tyranitar|85\/100 par\n|-unboost|p1a: Armarouge|def|1\n|-unboost|p1a: Armarouge|spd|1\n|move|p2a: Tyranitar|Stone Edge|p1a: Armarouge\n|-supereffective|p1a: Armarouge\n|-damage|p1a: Armarouge|0 fnt\n|faint|p1a: Armarouge\n|\n|-weather|Sandstorm|[upkeep]\n|upkeep\n|\n|t:|1699128164\n|switch|p1a: Kilowattrel|Kilowattrel, M|76\/100 tox\n|turn|21\n|\n|t:|1699128171\n|move|p1a: Kilowattrel|Thunderbolt|p2a: Tyranitar\n|-damage|p2a: Tyranitar|65\/100 par\n|move|p2a: Tyranitar|Stone Edge|p1a: Kilowattrel\n|-supereffective|p1a: Kilowattrel\n|-damage|p1a: Kilowattrel|0 fnt\n|faint|p1a: Kilowattrel\n|\n|-weather|Sandstorm|[upkeep]\n|upkeep\n|\n|t:|1699128180\n|switch|p1a: Baxcalibur|Baxcalibur, F|100\/100\n|turn|22\n|\n|t:|1699128187\n|move|p1a: Baxcalibur|Dragon Dance|p1a: Baxcalibur\n|-boost|p1a: Baxcalibur|atk|1\n|-boost|p1a: Baxcalibur|spe|1\n|move|p2a: Tyranitar|Stone Edge|p1a: Baxcalibur\n|-supereffective|p1a: Baxcalibur\n|-damage|p1a: Baxcalibur|11\/100\n|\n|-weather|Sandstorm|[upkeep]\n|-damage|p1a: Baxcalibur|5\/100|[from] Sandstorm\n|upkeep\n|turn|23\n|\n|t:|1699128198\n|move|p1a: Baxcalibur|Dragon Claw|p2a: Tyranitar\n|-damage|p2a: Tyranitar|10\/100 par\n|move|p2a: Tyranitar|Fire Punch|p1a: Baxcalibur\n|-damage|p1a: Baxcalibur|0 fnt\n|faint|p1a: Baxcalibur\n|\n|win|sanner889\n|raw|Spiderrob8's rating: 1003 &rarr; <strong>1000<\/strong><br \/>(-3 for losing)\n|raw|sanner889's rating: 1053 &rarr; <strong>1080<\/strong><br \/>(+27 for winning)\n|l|\u2606Spiderrob8\n","uploadtime":1699128214,"views":5,"p1id":"spiderrob8","p2id":"sanner889","formatid":"gen9ubers","rating":1000,"private":0,"password":""}