{"id":"gen9ubers-1975086359","p1":"teaford21","p2":"Flufferide","format":"[Gen 9] Ubers","log":"|j|\u2606teaford21\n|j|\u2606Flufferide\n|t:|1698160827\n|gametype|singles\n|player|p1|teaford21|fisherman-gen4|1128\n|player|p2|Flufferide|anthea|1179\n|teamsize|p1|6\n|teamsize|p2|6\n|gen|9\n|tier|[Gen 9] Ubers\n|rated|\n|rule|Sleep Clause Mod: Limit one foe put to sleep\n|rule|Species Clause: Limit one of each Pok\u00e9mon\n|rule|OHKO Clause: OHKO moves are banned\n|rule|Evasion Items Clause: Evasion items are banned\n|rule|Evasion Moves Clause: Evasion moves are banned\n|rule|Endless Battle Clause: Forcing endless battles is banned\n|rule|HP Percentage Mod: HP is shown in percentages\n|clearpoke\n|poke|p1|Regieleki|\n|poke|p1|Orthworm, F|\n|poke|p1|Volcarona, F|\n|poke|p1|Koraidon|\n|poke|p1|Arceus|\n|poke|p1|Zacian-*|\n|poke|p2|Ribombee, F|\n|poke|p2|Regieleki|\n|poke|p2|Iron Treads|\n|poke|p2|Flutter Mane|\n|poke|p2|Ninetales-Alola, M|\n|poke|p2|Koraidon|\n|teampreview\n|inactive|Battle timer is ON: inactive players will automatically lose when time's up. (requested by teaford21)\n|inactive|Flufferide also wants the timer to be on.\n|\n|t:|1698160835\n|start\n|switch|p1a: Regieleki|Regieleki|100\/100\n|switch|p2a: Ribombee|Ribombee, F|100\/100\n|turn|1\n|\n|t:|1698160846\n|move|p1a: Regieleki|Reflect|p1a: Regieleki\n|-sidestart|p1: teaford21|Reflect\n|move|p2a: Ribombee|Sticky Web|p1a: Regieleki\n|-sidestart|p1: teaford21|move: Sticky Web\n|\n|upkeep\n|turn|2\n|\n|t:|1698160850\n|move|p1a: Regieleki|Light Screen|p1a: Regieleki\n|-sidestart|p1: teaford21|move: Light Screen\n|move|p2a: Ribombee|Tailwind|p2a: Ribombee\n|-sidestart|p2: Flufferide|move: Tailwind\n|\n|upkeep\n|turn|3\n|\n|t:|1698160861\n|switch|p2a: Ninetales|Ninetales-Alola, M|100\/100\n|-weather|Snow|[from] ability: Snow Warning|[of] p2a: Ninetales\n|move|p1a: Regieleki|Volt Switch|p2a: Ninetales\n|-damage|p2a: Ninetales|70\/100\n|\n|t:|1698160879\n|switch|p1a: Volcarona|Volcarona, F|100\/100|[from] Volt Switch\n|\n|-weather|Snow|[upkeep]\n|upkeep\n|turn|4\n|\n|t:|1698160883\n|move|p2a: Ninetales|Hypnosis|p1a: Volcarona|[miss]\n|-miss|p2a: Ninetales|p1a: Volcarona\n|move|p1a: Volcarona|Quiver Dance|p1a: Volcarona\n|-boost|p1a: Volcarona|spa|1\n|-boost|p1a: Volcarona|spd|1\n|-boost|p1a: Volcarona|spe|1\n|\n|-weather|Snow|[upkeep]\n|upkeep\n|turn|5\n|\n|t:|1698160888\n|move|p2a: Ninetales|Hypnosis|p1a: Volcarona\n|-status|p1a: Volcarona|slp|[from] move: Hypnosis\n|cant|p1a: Volcarona|slp\n|\n|-weather|Snow|[upkeep]\n|-sideend|p2: Flufferide|move: Tailwind\n|upkeep\n|turn|6\n|\n|t:|1698160895\n|-curestatus|p1a: Volcarona|slp|[msg]\n|move|p1a: Volcarona|Quiver Dance|p1a: Volcarona\n|-boost|p1a: Volcarona|spa|1\n|-boost|p1a: Volcarona|spd|1\n|-boost|p1a: Volcarona|spe|1\n|move|p2a: Ninetales|Aurora Veil|p2a: Ninetales\n|-sidestart|p2: Flufferide|move: Aurora Veil\n|\n|-weather|Snow|[upkeep]\n|upkeep\n|turn|7\n|\n|t:|1698160901\n|move|p1a: Volcarona|Fiery Dance|p2a: Ninetales\n|-supereffective|p2a: Ninetales\n|-damage|p2a: Ninetales|0 fnt\n|faint|p2a: Ninetales\n|\n|-weather|none\n|upkeep\n|\n|t:|1698160911\n|switch|p2a: Ribombee|Ribombee, F|100\/100\n|turn|8\n|\n|t:|1698160921\n|move|p1a: Volcarona|Fiery Dance|p2a: Ribombee\n|-supereffective|p2a: Ribombee\n|-enditem|p2a: Ribombee|Focus Sash\n|-damage|p2a: Ribombee|1\/100\n|-boost|p1a: Volcarona|spa|1\n|move|p2a: Ribombee|Stun Spore|p1a: Volcarona\n|-status|p1a: Volcarona|par\n|\n|-sideend|p1: teaford21|Reflect\n|upkeep\n|turn|9\n|\n|t:|1698160930\n|switch|p2a: Flutter Mane|Flutter Mane|100\/100\n|move|p1a: Volcarona|Fiery Dance|p2a: Flutter Mane\n|-damage|p2a: Flutter Mane|35\/100\n|\n|-sideend|p1: teaford21|move: Light Screen\n|upkeep\n|turn|10\n|\n|t:|1698160940\n|move|p2a: Flutter Mane|Shadow Ball|p1a: Volcarona\n|-damage|p1a: Volcarona|74\/100 par\n|-unboost|p1a: Volcarona|spd|1\n|cant|p1a: Volcarona|par\n|\n|upkeep\n|turn|11\n|\n|t:|1698160946\n|move|p2a: Flutter Mane|Shadow Ball|p1a: Volcarona\n|-damage|p1a: Volcarona|44\/100 par\n|move|p1a: Volcarona|Fiery Dance|p2a: Flutter Mane\n|-damage|p2a: Flutter Mane|0 fnt\n|-boost|p1a: Volcarona|spa|1\n|faint|p2a: Flutter Mane\n|-end|p2a: Flutter Mane|Protosynthesis|[silent]\n|\n|upkeep\n|\n|t:|1698160953\n|switch|p2a: Iron Treads|Iron Treads|100\/100\n|turn|12\n|\n|t:|1698160964\n|move|p2a: Iron Treads|Earthquake|p1a: Volcarona\n|-damage|p1a: Volcarona|0 fnt\n|faint|p1a: Volcarona\n|\n|upkeep\n|\n|t:|1698160982\n|switch|p1a: Orthworm|Orthworm, F|100\/100\n|-activate|p1a: Orthworm|move: Sticky Web\n|-unboost|p1a: Orthworm|spe|1\n|turn|13\n|\n|t:|1698160991\n|-terastallize|p1a: Orthworm|Ghost\n|move|p2a: Iron Treads|Knock Off|p1a: Orthworm\n|-supereffective|p1a: Orthworm\n|-damage|p1a: Orthworm|70\/100\n|-enditem|p1a: Orthworm|Sitrus Berry|[from] move: Knock Off|[of] p2a: Iron Treads\n|move|p1a: Orthworm|Stealth Rock|p2a: Iron Treads\n|-sidestart|p2: Flufferide|move: Stealth Rock\n|\n|-sideend|p2: Flufferide|move: Aurora Veil\n|upkeep\n|turn|14\n|\n|t:|1698161001\n|move|p2a: Iron Treads|Iron Head|p1a: Orthworm\n|-damage|p1a: Orthworm|47\/100\n|move|p1a: Orthworm|Spikes|p2a: Iron Treads\n|-sidestart|p2: Flufferide|Spikes\n|\n|upkeep\n|turn|15\n|\n|t:|1698161004\n|move|p2a: Iron Treads|Iron Head|p1a: Orthworm\n|-damage|p1a: Orthworm|26\/100\n|cant|p1a: Orthworm|flinch\n|\n|upkeep\n|turn|16\n|\n|t:|1698161009\n|move|p2a: Iron Treads|Iron Head|p1a: Orthworm\n|-damage|p1a: Orthworm|5\/100\n|move|p1a: Orthworm|Shed Tail|p1a: Orthworm\n|-fail|p1a: Orthworm|move: Shed Tail|[weak]\n|\n|upkeep\n|turn|17\n|\n|t:|1698161013\n|move|p2a: Iron Treads|Iron Head|p1a: Orthworm\n|-damage|p1a: Orthworm|0 fnt\n|faint|p1a: Orthworm\n|\n|upkeep\n|\n|t:|1698161015\n|switch|p1a: Arceus|Arceus|100\/100\n|-activate|p1a: Arceus|move: Sticky Web\n|-unboost|p1a: Arceus|spe|1\n|turn|18\n|\n|t:|1698161018\n|move|p2a: Iron Treads|Knock Off|p1a: Arceus\n|-damage|p1a: Arceus|75\/100\n|-enditem|p1a: Arceus|Silk Scarf|[from] move: Knock Off|[of] p2a: Iron Treads\n|move|p1a: Arceus|Swords Dance|p1a: Arceus\n|-boost|p1a: Arceus|atk|2\n|\n|upkeep\n|turn|19\n|\n|t:|1698161024\n|move|p2a: Iron Treads|Earthquake|p1a: Arceus\n|-damage|p1a: Arceus|38\/100\n|move|p1a: Arceus|Swords Dance|p1a: Arceus\n|-boost|p1a: Arceus|atk|2\n|\n|upkeep\n|turn|20\n|\n|t:|1698161029\n|move|p1a: Arceus|Extreme Speed|p2a: Iron Treads\n|-resisted|p2a: Iron Treads\n|-damage|p2a: Iron Treads|44\/100\n|move|p2a: Iron Treads|Earthquake|p1a: Arceus\n|-damage|p1a: Arceus|0 fnt\n|faint|p1a: Arceus\n|\n|upkeep\n|\n|t:|1698161047\n|switch|p1a: Koraidon|Koraidon|100\/100\n|-activate|p1a: Koraidon|move: Sticky Web\n|-unboost|p1a: Koraidon|spe|1\n|-weather|SunnyDay|[from] ability: Orichalcum Pulse|[of] p1a: Koraidon\n|-activate|p1a: Koraidon|Orichalcum Pulse|[source]\n|turn|21\n|\n|t:|1698161055\n|move|p2a: Iron Treads|Earthquake|p1a: Koraidon\n|-damage|p1a: Koraidon|61\/100\n|move|p1a: Koraidon|Swords Dance|p1a: Koraidon\n|-boost|p1a: Koraidon|atk|2\n|\n|-weather|SunnyDay|[upkeep]\n|upkeep\n|turn|22\n|\n|t:|1698161062\n|move|p2a: Iron Treads|Earthquake|p1a: Koraidon\n|-damage|p1a: Koraidon|21\/100\n|move|p1a: Koraidon|Flame Charge|p2a: Iron Treads\n|-supereffective|p2a: Iron Treads\n|-damage|p2a: Iron Treads|0 fnt\n|-boost|p1a: Koraidon|spe|1\n|faint|p2a: Iron Treads\n|-end|p2a: Iron Treads|Quark Drive|[silent]\n|\n|-weather|SunnyDay|[upkeep]\n|upkeep\n|\n|t:|1698161070\n|switch|p2a: Regieleki|Regieleki|100\/100\n|-damage|p2a: Regieleki|88\/100|[from] Stealth Rock\n|-damage|p2a: Regieleki|76\/100|[from] Spikes\n|turn|23\n|\n|t:|1698161080\n|-terastallize|p2a: Regieleki|Ice\n|move|p2a: Regieleki|Tera Blast|p1a: Koraidon|[anim] Tera Blast Ice\n|-supereffective|p1a: Koraidon\n|-crit|p1a: Koraidon\n|-damage|p1a: Koraidon|0 fnt\n|faint|p1a: Koraidon\n|-damage|p2a: Regieleki|66\/100|[from] item: Life Orb\n|\n|-weather|SunnyDay|[upkeep]\n|upkeep\n|\n|t:|1698161086\n|switch|p1a: Zacian|Zacian-Crowned|100\/100\n|-activate|p1a: Zacian|move: Sticky Web\n|-unboost|p1a: Zacian|spe|1\n|-ability|p1a: Zacian|Intrepid Sword|boost\n|-boost|p1a: Zacian|atk|1\n|turn|24\n|\n|t:|1698161093\n|move|p2a: Regieleki|Thunderbolt|p1a: Zacian\n|-damage|p1a: Zacian|36\/100\n|-damage|p2a: Regieleki|56\/100|[from] item: Life Orb\n|move|p1a: Zacian|Swords Dance|p1a: Zacian\n|-boost|p1a: Zacian|atk|2\n|\n|-weather|SunnyDay|[upkeep]\n|upkeep\n|turn|25\n|\n|t:|1698161100\n|move|p2a: Regieleki|Thunderbolt|p1a: Zacian\n|-damage|p1a: Zacian|0 fnt\n|faint|p1a: Zacian\n|-damage|p2a: Regieleki|46\/100|[from] item: Life Orb\n|\n|-weather|none\n|upkeep\n|\n|t:|1698161103\n|switch|p1a: Regieleki|Regieleki|100\/100\n|-activate|p1a: Regieleki|move: Sticky Web\n|-unboost|p1a: Regieleki|spe|1\n|turn|26\n|\n|t:|1698161108\n|move|p2a: Regieleki|Tera Blast|p1a: Regieleki|[anim] Tera Blast Ice\n|-damage|p1a: Regieleki|18\/100\n|-damage|p2a: Regieleki|36\/100|[from] item: Life Orb\n|move|p1a: Regieleki|Volt Switch|p2a: Regieleki\n|-damage|p2a: Regieleki|0 fnt\n|faint|p2a: Regieleki\n|\n|upkeep\n|\n|t:|1698161114\n|switch|p2a: Koraidon|Koraidon|100\/100\n|-damage|p2a: Koraidon|94\/100|[from] Stealth Rock\n|-damage|p2a: Koraidon|82\/100|[from] Spikes\n|-weather|SunnyDay|[from] ability: Orichalcum Pulse|[of] p2a: Koraidon\n|-activate|p2a: Koraidon|Orichalcum Pulse|[source]\n|turn|27\n|\n|t:|1698161120\n|move|p2a: Koraidon|Collision Course|p1a: Regieleki\n|-damage|p1a: Regieleki|0 fnt\n|faint|p1a: Regieleki\n|\n|win|Flufferide\n|raw|teaford21's rating: 1128 &rarr; <strong>1107<\/strong><br \/>(-21 for losing)\n|raw|Flufferide's rating: 1179 &rarr; <strong>1200<\/strong><br \/>(+21 for winning)\n|l|\u2606teaford21\n|c|\u2606Flufferide|Gg\n","uploadtime":1698161131,"views":10,"p1id":"teaford21","p2id":"flufferide","formatid":"gen9ubers","rating":1107,"private":0,"password":""}