{"id":"gen9ubers-1994029278","p1":"mp cm","p2":"tomar matha","format":"[Gen 9] Ubers","log":"|j|\u2606mp cm\n|j|\u2606tomar matha\n|t:|1700396436\n|gametype|singles\n|player|p1|mp cm|1|1000\n|player|p2|tomar matha|101|1078\n|teamsize|p1|6\n|teamsize|p2|6\n|gen|9\n|tier|[Gen 9] Ubers\n|rated|\n|rule|Sleep Clause Mod: Limit one foe put to sleep\n|rule|Species Clause: Limit one of each Pok\u00e9mon\n|rule|OHKO Clause: OHKO moves are banned\n|rule|Evasion Items Clause: Evasion items are banned\n|rule|Evasion Moves Clause: Evasion moves are banned\n|rule|Endless Battle Clause: Forcing endless battles is banned\n|rule|HP Percentage Mod: HP is shown in percentages\n|clearpoke\n|poke|p1|Koraidon|\n|poke|p1|Zacian-*|\n|poke|p1|Chien-Pao|\n|poke|p1|Arceus-Electric|\n|poke|p1|Zamazenta-*|\n|poke|p1|Annihilape, M|\n|poke|p2|Chien-Pao|\n|poke|p2|Ogerpon-Hearthflame, F|\n|poke|p2|Urshifu-*, F|\n|poke|p2|Ribombee, F|\n|poke|p2|Meowscarada, F|\n|poke|p2|Torkoal, M|\n|teampreview\n|inactive|Battle timer is ON: inactive players will automatically lose when time's up. (requested by tomar matha)\n|\n|t:|1700396442\n|start\n|switch|p1a: MA BOY|Koraidon|100\/100\n|switch|p2a: Ribombee|Ribombee, F|100\/100\n|-weather|SunnyDay|[from] ability: Orichalcum Pulse|[of] p1a: MA BOY\n|-activate|p1a: MA BOY|Orichalcum Pulse|[source]\n|turn|1\n|\n|t:|1700396453\n|move|p1a: MA BOY|Heavy Slam|p2a: Ribombee\n|-supereffective|p2a: Ribombee\n|-enditem|p2a: Ribombee|Focus Sash\n|-damage|p2a: Ribombee|1\/100\n|move|p2a: Ribombee|Sticky Web|p1a: MA BOY\n|-sidestart|p1: mp cm|move: Sticky Web\n|\n|-weather|SunnyDay|[upkeep]\n|upkeep\n|turn|2\n|\n|t:|1700396463\n|move|p1a: MA BOY|Heavy Slam|p2a: Ribombee\n|-supereffective|p2a: Ribombee\n|-damage|p2a: Ribombee|0 fnt\n|faint|p2a: Ribombee\n|\n|-weather|SunnyDay|[upkeep]\n|upkeep\n|\n|t:|1700396481\n|switch|p2a: Ogerpon|Ogerpon-Hearthflame, F|100\/100\n|-ability|p2a: Ogerpon|Mold Breaker\n|turn|3\n|\n|t:|1700396507\n|-terastallize|p2a: Ogerpon|Fire\n|detailschange|p2a: Ogerpon|Ogerpon-Hearthflame-Tera, F, tera:Fire\n|-ability|p2a: Ogerpon|Embody Aspect (Hearthflame)|boost\n|-boost|p2a: Ogerpon|atk|1\n|move|p1a: MA BOY|Collision Course|p2a: Ogerpon\n|-damage|p2a: Ogerpon|0 fnt\n|faint|p2a: Ogerpon\n|\n|-weather|SunnyDay|[upkeep]\n|upkeep\n|\n|t:|1700396528\n|switch|p2a: Chien-Pao|Chien-Pao|100\/100\n|-ability|p2a: Chien-Pao|Sword of Ruin\n|turn|4\n|\n|t:|1700396535\n|move|p1a: MA BOY|Collision Course|p2a: Chien-Pao\n|-supereffective|p2a: Chien-Pao\n|-damage|p2a: Chien-Pao|0 fnt\n|faint|p2a: Chien-Pao\n|\n|-weather|SunnyDay|[upkeep]\n|upkeep\n|\n|t:|1700396539\n|switch|p2a: Meowscarada|Meowscarada, F|100\/100\n|turn|5\n|\n|t:|1700396543\n|move|p1a: MA BOY|Collision Course|p2a: Meowscarada\n|-supereffective|p2a: Meowscarada\n|-damage|p2a: Meowscarada|0 fnt\n|faint|p2a: Meowscarada\n|\n|-weather|none\n|upkeep\n|\n|t:|1700396545\n|switch|p2a: Urshifu|Urshifu-Rapid-Strike, F|100\/100\n|turn|6\n|-message|tomar matha forfeited.\n|\n|win|mp cm\n|raw|mp cm's rating: 1000 &rarr; <strong>1049<\/strong><br \/>(+49 for winning)\n|raw|tomar matha's rating: 1078 &rarr; <strong>1052<\/strong><br \/>(-26 for losing)\n|l|\u2606tomar matha\n","uploadtime":1700396563,"views":5,"p1id":"mpcm","p2id":"tomarmatha","formatid":"gen9ubers","rating":1049,"private":0,"password":""}