{"id":"gen9ubers-1998830068","p1":"aloktheloser","p2":"Philip Hellmuth","format":"[Gen 9] Ubers","log":"|j|\u2606aloktheloser\n|j|\u203dPhilip Hellmuth\n|t:|1700999352\n|gametype|singles\n|player|p1|aloktheloser|benga|1285\n|player|p2|Philip Hellmuth|backersf|1342\n|teamsize|p1|6\n|teamsize|p2|6\n|gen|9\n|tier|[Gen 9] Ubers\n|rated|\n|rule|Sleep Clause Mod: Limit one foe put to sleep\n|rule|Species Clause: Limit one of each Pok\u00e9mon\n|rule|OHKO Clause: OHKO moves are banned\n|rule|Evasion Items Clause: Evasion items are banned\n|rule|Evasion Moves Clause: Evasion moves are banned\n|rule|Endless Battle Clause: Forcing endless battles is banned\n|rule|HP Percentage Mod: HP is shown in percentages\n|clearpoke\n|poke|p1|Arceus-Ground|\n|poke|p1|Flutter Mane|\n|poke|p1|Zacian-*|\n|poke|p1|Dialga|\n|poke|p1|Sneasler, M|\n|poke|p1|Miraidon|\n|poke|p2|Espathra, F|\n|poke|p2|Ting-Lu|\n|poke|p2|Iron Bundle|\n|poke|p2|Miraidon|\n|poke|p2|Great Tusk|\n|poke|p2|Flutter Mane|\n|teampreview\n|inactive|Battle timer is ON: inactive players will automatically lose when time's up. (requested by aloktheloser)\n|inactive|aloktheloser has 120 seconds left.\n|\n|t:|1700999396\n|start\n|switch|p1a: Arceus|Arceus-Ground|100\/100\n|switch|p2a: Miraidon|Miraidon|100\/100\n|-fieldstart|move: Electric Terrain|[from] ability: Hadron Engine|[of] p2a: Miraidon\n|turn|1\n|\n|t:|1700999406\n|switch|p2a: Ting-Lu|Ting-Lu|100\/100\n|-ability|p2a: Ting-Lu|Vessel of Ruin\n|move|p1a: Arceus|Dragon Dance|p1a: Arceus\n|-boost|p1a: Arceus|atk|1\n|-boost|p1a: Arceus|spe|1\n|\n|upkeep\n|turn|2\n|\n|t:|1700999414\n|move|p1a: Arceus|Dragon Dance|p1a: Arceus\n|-boost|p1a: Arceus|atk|1\n|-boost|p1a: Arceus|spe|1\n|move|p2a: Ting-Lu|Whirlwind|p1a: Arceus\n|drag|p1a: Flutter Mane|Flutter Mane|100\/100\n|-item|p1a: Flutter Mane|Air Balloon\n|\n|upkeep\n|turn|3\n|\n|t:|1700999429\n|move|p1a: Flutter Mane|Taunt|p2a: Ting-Lu\n|-start|p2a: Ting-Lu|move: Taunt\n|move|p2a: Ting-Lu|Ruination|p1a: Flutter Mane\n|-damage|p1a: Flutter Mane|51\/100\n|-enditem|p1a: Flutter Mane|Air Balloon\n|\n|upkeep\n|turn|4\n|\n|t:|1700999437\n|move|p1a: Flutter Mane|Calm Mind|p1a: Flutter Mane\n|-boost|p1a: Flutter Mane|spa|1\n|-boost|p1a: Flutter Mane|spd|1\n|move|p2a: Ting-Lu|Earthquake|p1a: Flutter Mane\n|-damage|p1a: Flutter Mane|0 fnt\n|faint|p1a: Flutter Mane\n|-end|p1a: Flutter Mane|Protosynthesis|[silent]\n|\n|upkeep\n|\n|t:|1700999446\n|switch|p1a: Zacian|Zacian-Crowned|100\/100\n|-ability|p1a: Zacian|Intrepid Sword|boost\n|-boost|p1a: Zacian|atk|1\n|turn|5\n|\n|t:|1700999455\n|move|p1a: Zacian|Ice Fang|p2a: Ting-Lu\n|-supereffective|p2a: Ting-Lu\n|-damage|p2a: Ting-Lu|57\/100\n|move|p2a: Ting-Lu|Earthquake|p1a: Zacian\n|-supereffective|p1a: Zacian\n|-damage|p1a: Zacian|35\/100\n|\n|-heal|p2a: Ting-Lu|63\/100|[from] item: Leftovers\n|-end|p2a: Ting-Lu|move: Taunt\n|upkeep\n|turn|6\n|\n|t:|1700999464\n|move|p1a: Zacian|Close Combat|p2a: Ting-Lu\n|-supereffective|p2a: Ting-Lu\n|-damage|p2a: Ting-Lu|0 fnt\n|-unboost|p1a: Zacian|def|1\n|-unboost|p1a: Zacian|spd|1\n|faint|p2a: Ting-Lu\n|\n|upkeep\n|\n|t:|1700999474\n|switch|p2a: Espathra|Espathra, F, shiny|100\/100\n|-enditem|p2a: Espathra|Electric Seed\n|-boost|p2a: Espathra|def|1|[from] item: Electric Seed\n|turn|7\n|\n|t:|1700999484\n|switch|p1a: Arceus|Arceus-Ground|100\/100\n|move|p2a: Espathra|Calm Mind|p2a: Espathra\n|-boost|p2a: Espathra|spa|1\n|-boost|p2a: Espathra|spd|1\n|\n|-ability|p2a: Espathra|Speed Boost|boost\n|-boost|p2a: Espathra|spe|1\n|upkeep\n|turn|8\n|\n|t:|1700999495\n|move|p2a: Espathra|Calm Mind|p2a: Espathra\n|-boost|p2a: Espathra|spa|1\n|-boost|p2a: Espathra|spd|1\n|move|p1a: Arceus|Dragon Dance|p1a: Arceus\n|-boost|p1a: Arceus|atk|1\n|-boost|p1a: Arceus|spe|1\n|\n|-fieldend|move: Electric Terrain\n|-ability|p2a: Espathra|Speed Boost|boost\n|-boost|p2a: Espathra|spe|1\n|upkeep\n|turn|9\n|\n|t:|1700999506\n|move|p2a: Espathra|Stored Power|p1a: Arceus\n|-damage|p1a: Arceus|29\/100\n|move|p1a: Arceus|Shadow Claw|p2a: Espathra\n|-supereffective|p2a: Espathra\n|-damage|p2a: Espathra|53\/100\n|\n|-ability|p2a: Espathra|Speed Boost|boost\n|-boost|p2a: Espathra|spe|1\n|upkeep\n|turn|10\n|\n|t:|1700999514\n|move|p2a: Espathra|Stored Power|p1a: Arceus\n|-damage|p1a: Arceus|0 fnt\n|faint|p1a: Arceus\n|\n|-ability|p2a: Espathra|Speed Boost|boost\n|-boost|p2a: Espathra|spe|1\n|upkeep\n|\n|t:|1700999520\n|switch|p1a: Miraidon|Miraidon|100\/100\n|-fieldstart|move: Electric Terrain|[from] ability: Hadron Engine|[of] p1a: Miraidon\n|turn|11\n|\n|t:|1700999530\n|move|p2a: Espathra|Calm Mind|p2a: Espathra\n|-boost|p2a: Espathra|spa|1\n|-boost|p2a: Espathra|spd|1\n|move|p1a: Miraidon|Parabolic Charge|p2a: Espathra\n|-damage|p2a: Espathra|19\/100\n|\n|-ability|p2a: Espathra|Speed Boost|boost\n|-boost|p2a: Espathra|spe|1\n|upkeep\n|turn|12\n|\n|t:|1700999537\n|move|p2a: Espathra|Roost|p2a: Espathra\n|-heal|p2a: Espathra|69\/100\n|-singleturn|p2a: Espathra|move: Roost\n|move|p1a: Miraidon|Parabolic Charge|p2a: Espathra\n|-damage|p2a: Espathra|37\/100\n|\n|-ability|p2a: Espathra|Speed Boost|boost\n|-boost|p2a: Espathra|spe|1\n|upkeep\n|turn|13\n|\n|t:|1700999546\n|move|p2a: Espathra|Roost|p2a: Espathra\n|-heal|p2a: Espathra|87\/100\n|-singleturn|p2a: Espathra|move: Roost\n|move|p1a: Miraidon|Calm Mind|p1a: Miraidon\n|-boost|p1a: Miraidon|spa|1\n|-boost|p1a: Miraidon|spd|1\n|\n|upkeep\n|turn|14\n|\n|t:|1700999552\n|move|p2a: Espathra|Stored Power|p1a: Miraidon\n|-damage|p1a: Miraidon|0 fnt\n|faint|p1a: Miraidon\n|\n|upkeep\n|\n|t:|1700999556\n|switch|p1a: Sneasler|Sneasler, M|100\/100\n|-enditem|p1a: Sneasler|Electric Seed\n|-boost|p1a: Sneasler|def|1|[from] item: Electric Seed\n|turn|15\n|\n|t:|1700999565\n|-terastallize|p1a: Sneasler|Ghost\n|move|p2a: Espathra|Stored Power|p1a: Sneasler\n|-damage|p1a: Sneasler|0 fnt\n|faint|p1a: Sneasler\n|\n|-fieldend|move: Electric Terrain\n|upkeep\n|\n|t:|1700999587\n|switch|p1a: Dialga|Dialga|100\/100\n|-ability|p1a: Dialga|Pressure\n|-item|p1a: Dialga|Air Balloon\n|turn|16\n|inactive|aloktheloser has 120 seconds left.\n|inactive|aloktheloser has 90 seconds left.\n|\n|t:|1700999658\n|-terastallize|p2a: Espathra|Fighting\n|move|p2a: Espathra|Tera Blast|p1a: Dialga|[anim] Tera Blast Fighting\n|-supereffective|p1a: Dialga\n|-damage|p1a: Dialga|0 fnt\n|-enditem|p1a: Dialga|Air Balloon\n|faint|p1a: Dialga\n|\n|upkeep\n|\n|t:|1700999665\n|switch|p1a: Zacian|Zacian-Crowned|35\/100\n|turn|17\n|j| gokuisverycool\n|l| gokuisverycool\n|inactive|aloktheloser has 60 seconds left.\n|\n|t:|1700999690\n|move|p2a: Espathra|Stored Power|p1a: Zacian\n|-resisted|p1a: Zacian\n|-damage|p1a: Zacian|0 fnt\n|faint|p1a: Zacian\n|\n|win|Philip Hellmuth\n|raw|aloktheloser's rating: 1285 &rarr; <strong>1264<\/strong><br \/>(-21 for losing)\n|raw|Philip Hellmuth's rating: 1342 &rarr; <strong>1359<\/strong><br \/>(+17 for winning)\n|j| gokuisverycool\n","uploadtime":1700999762,"views":9,"p1id":"aloktheloser","p2id":"philiphellmuth","formatid":"gen9ubers","rating":1264,"private":0,"password":""}