{"id":"gen9ubers-1993396731","p1":"Thessa","p2":"sonic202983","format":"[Gen 9] Ubers","log":"|j|\u2606Thessa\n|j|\u2606sonic202983\n|t:|1700312068\n|gametype|singles\n|player|p1|Thessa|101|1093\n|player|p2|sonic202983|266|1030\n|teamsize|p1|6\n|teamsize|p2|6\n|gen|9\n|tier|[Gen 9] Ubers\n|rated|\n|rule|Sleep Clause Mod: Limit one foe put to sleep\n|rule|Species Clause: Limit one of each Pok\u00e9mon\n|rule|OHKO Clause: OHKO moves are banned\n|rule|Evasion Items Clause: Evasion items are banned\n|rule|Evasion Moves Clause: Evasion moves are banned\n|rule|Endless Battle Clause: Forcing endless battles is banned\n|rule|HP Percentage Mod: HP is shown in percentages\n|clearpoke\n|poke|p1|Ariados, F|\n|poke|p1|Iron Moth|\n|poke|p1|Overqwil, M|\n|poke|p1|Gengar, F|\n|poke|p1|Sneasler, M|\n|poke|p1|Muk-Alola, F|\n|poke|p2|Haxorus, M|\n|poke|p2|Rotom-Wash|\n|poke|p2|Baxcalibur, M|\n|poke|p2|Farigiraf, F|\n|poke|p2|Amoonguss, M|\n|poke|p2|Grimmsnarl, M|\n|teampreview\n|\n|t:|1700312080\n|start\n|switch|p1a: Ariados|Ariados, F|100\/100\n|switch|p2a: Amoonguss|Amoonguss, M|100\/100\n|turn|1\n|c|\u2606Thessa|Good Luck!\n|\n|t:|1700312092\n|move|p1a: Ariados|Infestation|p2a: Amoonguss\n|-damage|p2a: Amoonguss|96\/100\n|-activate|p2a: Amoonguss|move: Infestation|[of] p1a: Ariados\n|move|p2a: Amoonguss|Spore|p1a: Ariados\n|-immune|p1a: Ariados|[from] ability: Insomnia\n|\n|-damage|p2a: Amoonguss|84\/100|[from] move: Infestation|[partiallytrapped]\n|upkeep\n|turn|2\n|\n|t:|1700312102\n|move|p1a: Ariados|Sticky Web|p2a: Amoonguss\n|-sidestart|p2: sonic202983|move: Sticky Web\n|move|p2a: Amoonguss|Foul Play|p1a: Ariados\n|-damage|p1a: Ariados|87\/100\n|\n|-heal|p1a: Ariados|93\/100|[from] item: Black Sludge\n|-damage|p2a: Amoonguss|71\/100|[from] move: Infestation|[partiallytrapped]\n|upkeep\n|turn|3\n|\n|t:|1700312129\n|move|p2a: Amoonguss|Rage Powder||[still]\n|-fail|p2a: Amoonguss\n|move|p1a: Ariados|Night Shade|p2a: Amoonguss\n|-damage|p2a: Amoonguss|48\/100\n|\n|-heal|p1a: Ariados|99\/100|[from] item: Black Sludge\n|-damage|p2a: Amoonguss|36\/100|[from] move: Infestation|[partiallytrapped]\n|upkeep\n|turn|4\n|\n|t:|1700312141\n|move|p1a: Ariados|Night Shade|p2a: Amoonguss\n|-damage|p2a: Amoonguss|13\/100\n|move|p2a: Amoonguss|Pollen Puff|p1a: Ariados\n|-resisted|p1a: Ariados\n|-damage|p1a: Ariados|87\/100\n|\n|-heal|p1a: Ariados|93\/100|[from] item: Black Sludge\n|-damage|p2a: Amoonguss|0 fnt|[from] move: Infestation|[partiallytrapped]\n|faint|p2a: Amoonguss\n|upkeep\n|\n|t:|1700312158\n|switch|p2a: Baxcalibur|Baxcalibur, M|100\/100\n|-activate|p2a: Baxcalibur|move: Sticky Web\n|-unboost|p2a: Baxcalibur|spe|1\n|turn|5\n|\n|t:|1700312175\n|switch|p1a: Overqwil|Overqwil, M|100\/100\n|-ability|p1a: Overqwil|Intimidate|boost\n|-unboost|p2a: Baxcalibur|atk|1\n|move|p2a: Baxcalibur|Ice Shard|p1a: Overqwil\n|-damage|p1a: Overqwil|74\/100\n|-damage|p2a: Baxcalibur|91\/100|[from] item: Life Orb\n|\n|upkeep\n|turn|6\n|\n|t:|1700312191\n|switch|p2a: Rotom|Rotom-Wash|100\/100\n|move|p1a: Overqwil|Barb Barrage|p2a: Rotom\n|-damage|p2a: Rotom|60\/100\n|-status|p2a: Rotom|psn\n|-damage|p1a: Overqwil|64\/100|[from] item: Life Orb\n|\n|-damage|p2a: Rotom|48\/100 psn|[from] psn\n|upkeep\n|-enditem|p2a: Rotom|Sitrus Berry|[eat]\n|-heal|p2a: Rotom|73\/100 psn|[from] item: Sitrus Berry\n|turn|7\n|\n|t:|1700312209\n|move|p1a: Overqwil|Barb Barrage|p2a: Rotom\n|-damage|p2a: Rotom|0 fnt\n|faint|p2a: Rotom\n|-damage|p1a: Overqwil|54\/100|[from] item: Life Orb\n|\n|upkeep\n|\n|t:|1700312216\n|switch|p2a: Farigiraf|Farigiraf, F|100\/100\n|-activate|p2a: Farigiraf|move: Sticky Web\n|-unboost|p2a: Farigiraf|spe|1\n|turn|8\n|\n|t:|1700312223\n|move|p1a: Overqwil|Crunch|p2a: Farigiraf\n|-supereffective|p2a: Farigiraf\n|-damage|p2a: Farigiraf|0 fnt\n|faint|p2a: Farigiraf\n|-damage|p1a: Overqwil|44\/100|[from] item: Life Orb\n|\n|upkeep\n|\n|t:|1700312231\n|switch|p2a: Grimmsnarl|Grimmsnarl, M|100\/100\n|-activate|p2a: Grimmsnarl|move: Sticky Web\n|-unboost|p2a: Grimmsnarl|spe|1\n|turn|9\n|\n|t:|1700312256\n|switch|p1a: Iron Moth|Iron Moth|100\/100\n|-enditem|p1a: Iron Moth|Booster Energy\n|-activate|p1a: Iron Moth|ability: Quark Drive|[fromitem]\n|-start|p1a: Iron Moth|quarkdrivespa\n|move|p2a: Grimmsnarl|Spirit Break|p1a: Iron Moth\n|-resisted|p1a: Iron Moth\n|-damage|p1a: Iron Moth|87\/100\n|-unboost|p1a: Iron Moth|spa|1\n|\n|upkeep\n|turn|10\n|\n|t:|1700312276\n|-terastallize|p1a: Iron Moth|Poison\n|move|p2a: Grimmsnarl|Light Screen|p2a: Grimmsnarl\n|-sidestart|p2: sonic202983|move: Light Screen\n|move|p1a: Iron Moth|Sludge Wave|p2a: Grimmsnarl\n|-supereffective|p2a: Grimmsnarl\n|-damage|p2a: Grimmsnarl|55\/100\n|\n|upkeep\n|turn|11\n|\n|t:|1700312287\n|move|p2a: Grimmsnarl|Reflect|p2a: Grimmsnarl\n|-sidestart|p2: sonic202983|Reflect\n|move|p1a: Iron Moth|Sludge Wave|p2a: Grimmsnarl\n|-supereffective|p2a: Grimmsnarl\n|-damage|p2a: Grimmsnarl|9\/100\n|\n|upkeep\n|turn|12\n|\n|t:|1700312301\n|move|p1a: Iron Moth|Fiery Dance|p2a: Grimmsnarl\n|-damage|p2a: Grimmsnarl|0 fnt\n|faint|p2a: Grimmsnarl\n|\n|upkeep\n|\n|t:|1700312311\n|switch|p2a: Haxorus|Haxorus, M|100\/100\n|-activate|p2a: Haxorus|move: Sticky Web\n|-unboost|p2a: Haxorus|spe|1\n|-ability|p2a: Haxorus|Mold Breaker\n|turn|13\n|\n|t:|1700312319\n|-end|p1a: Iron Moth|Quark Drive|[silent]\n|switch|p1a: Overqwil|Overqwil, M|44\/100\n|-ability|p1a: Overqwil|Intimidate|boost\n|-unboost|p2a: Haxorus|atk|1\n|move|p2a: Haxorus|Earthquake|p1a: Overqwil\n|-supereffective|p1a: Overqwil\n|-damage|p1a: Overqwil|0 fnt\n|faint|p1a: Overqwil\n|\n|upkeep\n|\n|t:|1700312333\n|switch|p1a: Ariados|Ariados, F|93\/100\n|turn|14\n|\n|t:|1700312346\n|move|p2a: Haxorus|Earthquake|p1a: Ariados\n|-damage|p1a: Ariados|71\/100\n|move|p1a: Ariados|Infestation|p2a: Haxorus\n|-damage|p2a: Haxorus|98\/100\n|-activate|p2a: Haxorus|move: Infestation|[of] p1a: Ariados\n|\n|-heal|p1a: Ariados|77\/100|[from] item: Black Sludge\n|-damage|p2a: Haxorus|85\/100|[from] move: Infestation|[partiallytrapped]\n|-sideend|p2: sonic202983|move: Light Screen\n|upkeep\n|turn|15\n|\n|t:|1700312356\n|move|p2a: Haxorus|Dragon Claw|p1a: Ariados\n|-damage|p1a: Ariados|47\/100\n|move|p1a: Ariados|Night Shade|p2a: Haxorus\n|-damage|p2a: Haxorus|57\/100\n|\n|-heal|p1a: Ariados|53\/100|[from] item: Black Sludge\n|-damage|p2a: Haxorus|45\/100|[from] move: Infestation|[partiallytrapped]\n|-sideend|p2: sonic202983|Reflect\n|upkeep\n|turn|16\n|\n|t:|1700312371\n|move|p2a: Haxorus|Dragon Claw|p1a: Ariados\n|-crit|p1a: Ariados\n|-damage|p1a: Ariados|0 fnt\n|faint|p1a: Ariados\n|\n|-end|p2a: Haxorus|Infestation|[partiallytrapped]|[silent]\n|upkeep\n|\n|t:|1700312385\n|switch|p1a: Iron Moth|Iron Moth, tera:Poison|87\/100\n|turn|17\n|\n|t:|1700312399\n|-terastallize|p2a: Haxorus|Ground\n|move|p1a: Iron Moth|Sludge Wave|p2a: Haxorus\n|-resisted|p2a: Haxorus\n|-damage|p2a: Haxorus|8\/100\n|move|p2a: Haxorus|Earthquake|p1a: Iron Moth\n|-supereffective|p1a: Iron Moth\n|-damage|p1a: Iron Moth|0 fnt\n|faint|p1a: Iron Moth\n|-end|p1a: Iron Moth|Quark Drive|[silent]\n|\n|upkeep\n|\n|t:|1700312408\n|switch|p1a: Sneasler|Sneasler, M|100\/100\n|turn|18\n|\n|t:|1700312414\n|move|p1a: Sneasler|Close Combat|p2a: Haxorus\n|-damage|p2a: Haxorus|0 fnt\n|-unboost|p1a: Sneasler|def|1\n|-unboost|p1a: Sneasler|spd|1\n|-enditem|p1a: Sneasler|White Herb\n|-clearnegativeboost|p1a: Sneasler|[silent]\n|faint|p2a: Haxorus\n|\n|upkeep\n|\n|t:|1700312422\n|switch|p2a: Baxcalibur|Baxcalibur, M|91\/100\n|-activate|p2a: Baxcalibur|move: Sticky Web\n|-unboost|p2a: Baxcalibur|spe|1\n|turn|19\n|\n|t:|1700312429\n|move|p1a: Sneasler|Close Combat|p2a: Baxcalibur\n|-supereffective|p2a: Baxcalibur\n|-damage|p2a: Baxcalibur|0 fnt\n|-unboost|p1a: Sneasler|def|1\n|-unboost|p1a: Sneasler|spd|1\n|faint|p2a: Baxcalibur\n|\n|win|Thessa\n|raw|Thessa's rating: 1093 &rarr; <strong>1114<\/strong><br \/>(+21 for winning)\n|raw|sonic202983's rating: 1030 &rarr; <strong>1018<\/strong><br \/>(-12 for losing)\n|c|\u2606Thessa|gg\n|l|\u2606sonic202983\n","uploadtime":1700312449,"views":21,"p1id":"thessa","p2id":"sonic202983","formatid":"gen9ubers","rating":1018,"private":0,"password":""}