{"id":"gen9ubers-1978920359","p1":"Kinesquared","p2":"Shirou nanaya","format":"[Gen 9] Ubers","log":"|j|\u2606Kinesquared\n|j|\u2606Shirou nanaya\n|t:|1698610357\n|gametype|singles\n|player|p1|Kinesquared|scientist-gen4dp|\n|player|p2|Shirou nanaya|benga|\n|teamsize|p1|6\n|teamsize|p2|6\n|gen|9\n|tier|[Gen 9] Ubers\n|rule|Sleep Clause Mod: Limit one foe put to sleep\n|rule|Species Clause: Limit one of each Pok\u00e9mon\n|rule|OHKO Clause: OHKO moves are banned\n|rule|Evasion Items Clause: Evasion items are banned\n|rule|Evasion Moves Clause: Evasion moves are banned\n|rule|Endless Battle Clause: Forcing endless battles is banned\n|rule|HP Percentage Mod: HP is shown in percentages\n|clearpoke\n|poke|p1|Magearna|\n|poke|p1|Ursaluna, M|\n|poke|p1|Dialga|\n|poke|p1|Crawdaunt, M|\n|poke|p1|Cinderace, M|\n|poke|p1|Cresselia, F|\n|poke|p2|Empoleon, F|\n|poke|p2|Gliscor, F|\n|poke|p2|Giratina|\n|poke|p2|Urshifu-*, M|\n|poke|p2|Sylveon, F|\n|poke|p2|Arceus-Rock|\n|teampreview\n|inactive|Battle timer is ON: inactive players will automatically lose when time's up. (requested by Shirou nanaya)\n|c|\u2606Kinesquared|ooo empoleon and sylveon\n|c|\u2606Kinesquared|saucy\n|inactive|Shirou nanaya has 270 seconds left.\n|\n|t:|1698610395\n|start\n|switch|p1a: Magearna|Magearna|100\/100\n|switch|p2a: Arceus|Arceus-Rock|100\/100\n|turn|1\n|\n|t:|1698610402\n|switch|p2a: Empoleon|Empoleon, F|100\/100\n|move|p1a: Magearna|Trick Room|p1a: Magearna\n|-fieldstart|move: Trick Room|[of] p1a: Magearna\n|\n|upkeep\n|turn|2\n|\n|t:|1698610410\n|move|p1a: Magearna|Volt Switch|p2a: Empoleon\n|-supereffective|p2a: Empoleon\n|-damage|p2a: Empoleon|74\/100\n|\n|t:|1698610415\n|switch|p1a: Ursaluna|Ursaluna, M|100\/100|[from] Volt Switch\n|move|p2a: Empoleon|Flip Turn|p1a: Ursaluna\n|-supereffective|p1a: Ursaluna\n|-damage|p1a: Ursaluna|76\/100\n|\n|t:|1698610433\n|switch|p2a: Gliscor|Gliscor, F|100\/100|[from] Flip Turn\n|\n|-status|p1a: Ursaluna|brn|[from] item: Flame Orb\n|-status|p2a: Gliscor|tox|[from] item: Toxic Orb\n|upkeep\n|turn|3\n|inactive|Kinesquared has 270 seconds left.\n|inactive|Shirou nanaya has 270 seconds left.\n|\n|t:|1698610469\n|-terastallize|p2a: Gliscor|Water\n|move|p1a: Ursaluna|Facade|p2a: Gliscor\n|-damage|p2a: Gliscor|22\/100 tox\n|move|p2a: Gliscor|Earthquake|p1a: Ursaluna\n|-damage|p1a: Ursaluna|51\/100 brn\n|\n|-heal|p2a: Gliscor|35\/100 tox|[from] ability: Poison Heal\n|-damage|p1a: Ursaluna|45\/100 brn|[from] brn\n|upkeep\n|turn|4\n|inactive|Shirou nanaya has 270 seconds left.\n|\n|t:|1698610489\n|switch|p2a: Arceus|Arceus-Rock|100\/100\n|move|p1a: Ursaluna|Facade|p2a: Arceus\n|-resisted|p2a: Arceus\n|-damage|p2a: Arceus|49\/100\n|\n|-damage|p1a: Ursaluna|39\/100 brn|[from] brn\n|upkeep\n|turn|5\n|\n|t:|1698610501\n|switch|p2a: Giratina|Giratina|100\/100\n|-ability|p2a: Giratina|Pressure\n|move|p1a: Ursaluna|Headlong Rush|p2a: Giratina\n|-damage|p2a: Giratina|55\/100\n|-unboost|p1a: Ursaluna|def|1\n|-unboost|p1a: Ursaluna|spd|1\n|\n|-heal|p2a: Giratina|61\/100|[from] item: Leftovers\n|-damage|p1a: Ursaluna|33\/100 brn|[from] brn\n|-fieldend|move: Trick Room\n|upkeep\n|turn|6\n|\n|t:|1698610515\n|switch|p2a: Arceus|Arceus-Rock|49\/100\n|move|p1a: Ursaluna|Crunch|p2a: Arceus\n|-damage|p2a: Arceus|10\/100\n|\n|-damage|p1a: Ursaluna|27\/100 brn|[from] brn\n|upkeep\n|turn|7\n|\n|t:|1698610524\n|switch|p1a: Cresselia|Cresselia, F|100\/100\n|move|p2a: Arceus|Judgment|p1a: Cresselia\n|-damage|p1a: Cresselia|65\/100\n|\n|-heal|p1a: Cresselia|71\/100|[from] item: Leftovers\n|upkeep\n|turn|8\n|\n|t:|1698610531\n|move|p2a: Arceus|Recover|p2a: Arceus\n|-heal|p2a: Arceus|60\/100\n|move|p1a: Cresselia|Trick Room|p1a: Cresselia\n|-fieldstart|move: Trick Room|[of] p1a: Cresselia\n|\n|-heal|p1a: Cresselia|77\/100|[from] item: Leftovers\n|upkeep\n|turn|9\n|\n|t:|1698610552\n|switch|p1a: Dialga|Dialga|100\/100\n|-ability|p1a: Dialga|Pressure\n|move|p2a: Arceus|Recover|p2a: Arceus\n|-heal|p2a: Arceus|100\/100\n|\n|upkeep\n|turn|10\n|\n|t:|1698610560\n|switch|p2a: Empoleon|Empoleon, F|74\/100\n|move|p1a: Dialga|Flash Cannon|p2a: Empoleon\n|-resisted|p2a: Empoleon\n|-damage|p2a: Empoleon|66\/100\n|\n|upkeep\n|turn|11\n|\n|t:|1698610568\n|move|p2a: Empoleon|Roost|p2a: Empoleon\n|-heal|p2a: Empoleon|100\/100\n|-singleturn|p2a: Empoleon|move: Roost\n|move|p1a: Dialga|Earth Power|p2a: Empoleon\n|-supereffective|p2a: Empoleon\n|-damage|p2a: Empoleon|54\/100\n|\n|upkeep\n|turn|12\n|\n|t:|1698610577\n|move|p2a: Empoleon|Roost|p2a: Empoleon\n|-heal|p2a: Empoleon|100\/100\n|-singleturn|p2a: Empoleon|move: Roost\n|move|p1a: Dialga|Earth Power|p2a: Empoleon\n|-supereffective|p2a: Empoleon\n|-damage|p2a: Empoleon|49\/100\n|\n|-fieldend|move: Trick Room\n|upkeep\n|turn|13\n|\n|t:|1698610589\n|switch|p2a: Sylveon|Sylveon, F|100\/100\n|move|p1a: Dialga|Trick Room|p1a: Dialga\n|-fieldstart|move: Trick Room|[of] p1a: Dialga\n|\n|upkeep\n|turn|14\n|\n|t:|1698610613\n|move|p2a: Sylveon|Wish|p2a: Sylveon\n|move|p1a: Dialga|Flash Cannon|p2a: Sylveon\n|-supereffective|p2a: Sylveon\n|-damage|p2a: Sylveon|48\/100\n|-unboost|p2a: Sylveon|spd|1\n|\n|-heal|p2a: Sylveon|54\/100|[from] item: Leftovers\n|upkeep\n|turn|15\n|\n|t:|1698610627\n|switch|p2a: Giratina|Giratina|61\/100\n|-ability|p2a: Giratina|Pressure\n|switch|p1a: Ursaluna|Ursaluna, M|27\/100 brn\n|\n|-heal|p2a: Giratina|100\/100|[from] move: Wish|[wisher] Sylveon\n|-damage|p1a: Ursaluna|21\/100 brn|[from] brn\n|upkeep\n|turn|16\n|\n|t:|1698610641\n|move|p1a: Ursaluna|Headlong Rush|p2a: Giratina\n|-damage|p2a: Giratina|51\/100\n|-unboost|p1a: Ursaluna|def|1\n|-unboost|p1a: Ursaluna|spd|1\n|move|p2a: Giratina|Roar|p1a: Ursaluna\n|drag|p1a: Cinderace|Cinderace, M|100\/100\n|\n|-heal|p2a: Giratina|58\/100|[from] item: Leftovers\n|upkeep\n|turn|17\n|\n|t:|1698610651\n|switch|p2a: Arceus|Arceus-Rock|100\/100\n|move|p1a: Cinderace|U-turn|p2a: Arceus\n|-start|p1a: Cinderace|typechange|Bug|[from] ability: Libero\n|-damage|p2a: Arceus|76\/100\n|\n|t:|1698610663\n|switch|p1a: Magearna|Magearna|100\/100|[from] U-turn\n|\n|-fieldend|move: Trick Room\n|upkeep\n|turn|18\n|\n|t:|1698610670\n|switch|p2a: Empoleon|Empoleon, F|49\/100\n|move|p1a: Magearna|Trick Room|p1a: Magearna\n|-fieldstart|move: Trick Room|[of] p1a: Magearna\n|\n|upkeep\n|turn|19\n|\n|t:|1698610676\n|move|p1a: Magearna|Volt Switch|p2a: Empoleon\n|-supereffective|p2a: Empoleon\n|-damage|p2a: Empoleon|21\/100\n|\n|t:|1698610680\n|switch|p1a: Crawdaunt|Crawdaunt, M|100\/100|[from] Volt Switch\n|move|p2a: Empoleon|Roost|p2a: Empoleon\n|-heal|p2a: Empoleon|71\/100\n|-singleturn|p2a: Empoleon|move: Roost\n|\n|upkeep\n|turn|20\n|\n|t:|1698610704\n|switch|p2a: Gliscor|Gliscor, F, tera:Water|35\/100 tox\n|move|p1a: Crawdaunt|Swords Dance|p1a: Crawdaunt\n|-boost|p1a: Crawdaunt|atk|2\n|\n|-heal|p2a: Gliscor|47\/100 tox|[from] ability: Poison Heal\n|upkeep\n|turn|21\n|\n|t:|1698610717\n|move|p1a: Crawdaunt|Knock Off|p2a: Gliscor\n|-damage|p2a: Gliscor|0 fnt\n|-enditem|p2a: Gliscor|Toxic Orb|[from] move: Knock Off|[of] p1a: Crawdaunt\n|faint|p2a: Gliscor\n|\n|upkeep\n|inactive|Shirou nanaya has 270 seconds left.\n|\n|t:|1698610736\n|switch|p2a: Arceus|Arceus-Rock|76\/100\n|turn|22\n|\n|t:|1698610746\n|move|p1a: Crawdaunt|Crabhammer|p2a: Arceus\n|-supereffective|p2a: Arceus\n|-crit|p2a: Arceus\n|-damage|p2a: Arceus|0 fnt\n|faint|p2a: Arceus\n|\n|-fieldend|move: Trick Room\n|upkeep\n|\n|t:|1698610748\n|switch|p2a: Urshifu|Urshifu, M|100\/100\n|turn|23\n|\n|t:|1698610754\n|move|p2a: Urshifu|U-turn|p1a: Crawdaunt\n|-supereffective|p1a: Crawdaunt\n|-damage|p1a: Crawdaunt|18\/100\n|\n|t:|1698610779\n|switch|p2a: Giratina|Giratina|58\/100|[from] U-turn\n|-ability|p2a: Giratina|Pressure\n|move|p1a: Crawdaunt|Crabhammer|p2a: Giratina|[miss]\n|-miss|p1a: Crawdaunt|p2a: Giratina\n|\n|-heal|p2a: Giratina|64\/100|[from] item: Leftovers\n|upkeep\n|turn|24\n|c|\u2606Kinesquared|nooooo omg\n|c|\u2606Kinesquared|that could have been glorious\n|\n|t:|1698610806\n|move|p2a: Giratina|Hex|p1a: Crawdaunt\n|-resisted|p1a: Crawdaunt\n|-crit|p1a: Crawdaunt\n|-damage|p1a: Crawdaunt|0 fnt\n|faint|p1a: Crawdaunt\n|\n|-heal|p2a: Giratina|70\/100|[from] item: Leftovers\n|upkeep\n|inactive|Kinesquared has 270 seconds left.\n|\n|t:|1698610818\n|switch|p1a: Dialga|Dialga|100\/100\n|-ability|p1a: Dialga|Pressure\n|turn|25\n|\n|t:|1698610828\n|move|p2a: Giratina|Roar|p1a: Dialga\n|drag|p1a: Cresselia|Cresselia, F|77\/100\n|\n|-heal|p2a: Giratina|76\/100|[from] item: Leftovers\n|-heal|p1a: Cresselia|83\/100|[from] item: Leftovers\n|upkeep\n|turn|26\n|inactive|Kinesquared has 270 seconds left.\n|\n|t:|1698610844\n|move|p2a: Giratina|Roar|p1a: Cresselia\n|drag|p1a: Ursaluna|Ursaluna, M|21\/100 brn\n|\n|-heal|p2a: Giratina|82\/100|[from] item: Leftovers\n|-damage|p1a: Ursaluna|15\/100 brn|[from] brn\n|upkeep\n|turn|27\n|\n|t:|1698610861\n|move|p1a: Ursaluna|Headlong Rush|p2a: Giratina\n|-damage|p2a: Giratina|35\/100\n|-unboost|p1a: Ursaluna|def|1\n|-unboost|p1a: Ursaluna|spd|1\n|move|p2a: Giratina|Roar|p1a: Ursaluna\n|drag|p1a: Dialga|Dialga|100\/100\n|-ability|p1a: Dialga|Pressure\n|\n|-heal|p2a: Giratina|41\/100|[from] item: Leftovers\n|upkeep\n|turn|28\n|\n|t:|1698610873\n|switch|p2a: Empoleon|Empoleon, F|71\/100\n|move|p1a: Dialga|Flash Cannon|p2a: Empoleon\n|-resisted|p2a: Empoleon\n|-damage|p2a: Empoleon|64\/100\n|\n|upkeep\n|turn|29\n|\n|t:|1698610880\n|move|p2a: Empoleon|Stealth Rock|p1a: Dialga\n|-sidestart|p1: Kinesquared|move: Stealth Rock\n|move|p1a: Dialga|Trick Room|p1a: Dialga\n|-fieldstart|move: Trick Room|[of] p1a: Dialga\n|\n|upkeep\n|turn|30\n|\n|t:|1698610887\n|move|p2a: Empoleon|Roost|p2a: Empoleon\n|-heal|p2a: Empoleon|100\/100\n|-singleturn|p2a: Empoleon|move: Roost\n|move|p1a: Dialga|Earth Power|p2a: Empoleon\n|-supereffective|p2a: Empoleon\n|-damage|p2a: Empoleon|52\/100\n|\n|upkeep\n|turn|31\n|\n|t:|1698610896\n|move|p2a: Empoleon|Roost|p2a: Empoleon\n|-heal|p2a: Empoleon|100\/100\n|-singleturn|p2a: Empoleon|move: Roost\n|move|p1a: Dialga|Earth Power|p2a: Empoleon\n|-supereffective|p2a: Empoleon\n|-damage|p2a: Empoleon|53\/100\n|\n|upkeep\n|turn|32\n|\n|t:|1698610913\n|move|p2a: Empoleon|Ice Beam|p1a: Dialga\n|-damage|p1a: Dialga|82\/100\n|move|p1a: Dialga|Earth Power|p2a: Empoleon\n|-supereffective|p2a: Empoleon\n|-damage|p2a: Empoleon|0 fnt\n|faint|p2a: Empoleon\n|\n|upkeep\n|\n|t:|1698610920\n|switch|p2a: Sylveon|Sylveon, F|54\/100\n|turn|33\n|\n|t:|1698610947\n|move|p2a: Sylveon|Protect|p2a: Sylveon\n|-singleturn|p2a: Sylveon|Protect\n|move|p1a: Dialga|Flash Cannon|p2a: Sylveon\n|-activate|p2a: Sylveon|move: Protect\n|\n|-heal|p2a: Sylveon|60\/100|[from] item: Leftovers\n|-fieldend|move: Trick Room\n|upkeep\n|turn|34\n|\n|t:|1698610954\n|move|p1a: Dialga|Flash Cannon|p2a: Sylveon\n|-supereffective|p2a: Sylveon\n|-damage|p2a: Sylveon|8\/100\n|move|p2a: Sylveon|Roar|p1a: Dialga\n|drag|p1a: Magearna|Magearna|100\/100\n|-damage|p1a: Magearna|94\/100|[from] Stealth Rock\n|\n|-heal|p2a: Sylveon|14\/100|[from] item: Leftovers\n|-heal|p1a: Magearna|100\/100|[from] item: Leftovers\n|upkeep\n|turn|35\n|\n|t:|1698610967\n|move|p2a: Sylveon|Wish|p2a: Sylveon\n|move|p1a: Magearna|Fleur Cannon|p2a: Sylveon|[miss]\n|-miss|p1a: Magearna|p2a: Sylveon\n|\n|-heal|p2a: Sylveon|20\/100|[from] item: Leftovers\n|upkeep\n|turn|36\n|\n|t:|1698610974\n|move|p2a: Sylveon|Protect|p2a: Sylveon\n|-singleturn|p2a: Sylveon|Protect\n|move|p1a: Magearna|Encore|p2a: Sylveon\n|-activate|p2a: Sylveon|move: Protect\n|\n|-heal|p2a: Sylveon|70\/100|[from] move: Wish|[wisher] Sylveon\n|-heal|p2a: Sylveon|76\/100|[from] item: Leftovers\n|upkeep\n|turn|37\n|\n|t:|1698610987\n|move|p2a: Sylveon|Hyper Voice|p1a: Magearna\n|-resisted|p1a: Magearna\n|-damage|p1a: Magearna|88\/100\n|move|p1a: Magearna|Trick Room|p1a: Magearna\n|-fieldstart|move: Trick Room|[of] p1a: Magearna\n|\n|-heal|p1a: Magearna|94\/100|[from] item: Leftovers\n|-heal|p2a: Sylveon|82\/100|[from] item: Leftovers\n|upkeep\n|turn|38\n|\n|t:|1698610997\n|move|p1a: Magearna|Volt Switch|p2a: Sylveon\n|-damage|p2a: Sylveon|71\/100\n|j| Creator of Some\n|\n|t:|1698611007\n|switch|p1a: Dialga|Dialga|82\/100|[from] Volt Switch\n|-damage|p1a: Dialga|76\/100|[from] Stealth Rock\n|-ability|p1a: Dialga|Pressure\n|move|p2a: Sylveon|Wish|p2a: Sylveon\n|\n|-heal|p2a: Sylveon|77\/100|[from] item: Leftovers\n|upkeep\n|turn|39\n|\n|t:|1698611028\n|switch|p2a: Giratina|Giratina|41\/100\n|-ability|p2a: Giratina|Pressure\n|switch|p1a: Cinderace|Cinderace, M|100\/100\n|\n|-heal|p2a: Giratina|80\/100|[from] move: Wish|[wisher] Sylveon\n|-heal|p2a: Giratina|86\/100|[from] item: Leftovers\n|upkeep\n|turn|40\n|\n|t:|1698611040\n|move|p2a: Giratina|Defog|p1a: Cinderace\n|-unboost|p1a: Cinderace|evasion|1\n|-sideend|p1: Kinesquared|Stealth Rock|[from] move: Defog|[of] p2a: Giratina\n|move|p1a: Cinderace|Court Change||[still]\n|-start|p1a: Cinderace|typechange|Normal|[from] ability: Libero\n|-swapsideconditions\n|-fail|p1a: Cinderace\n|\n|-heal|p2a: Giratina|93\/100|[from] item: Leftovers\n|upkeep\n|turn|41\n|\n|t:|1698611050\n|switch|p2a: Urshifu|Urshifu, M|100\/100\n|move|p1a: Cinderace|U-turn|p2a: Urshifu\n|-damage|p2a: Urshifu|79\/100\n|\n|t:|1698611060\n|switch|p1a: Magearna|Magearna|94\/100|[from] U-turn\n|\n|-heal|p1a: Magearna|100\/100|[from] item: Leftovers\n|-fieldend|move: Trick Room\n|upkeep\n|turn|42\n|\n|t:|1698611071\n|move|p2a: Urshifu|U-turn|p1a: Magearna\n|-resisted|p1a: Magearna\n|-damage|p1a: Magearna|94\/100\n|\n|t:|1698611073\n|switch|p2a: Sylveon|Sylveon, F|77\/100|[from] U-turn\n|move|p1a: Magearna|Trick Room|p1a: Magearna\n|-fieldstart|move: Trick Room|[of] p1a: Magearna\n|\n|-heal|p1a: Magearna|99\/100|[from] item: Leftovers\n|-heal|p2a: Sylveon|83\/100|[from] item: Leftovers\n|upkeep\n|turn|43\n|\n|t:|1698611081\n|move|p1a: Magearna|Fleur Cannon|p2a: Sylveon\n|-damage|p2a: Sylveon|55\/100\n|-unboost|p1a: Magearna|spa|2\n|move|p2a: Sylveon|Hyper Voice|p1a: Magearna\n|-resisted|p1a: Magearna\n|-damage|p1a: Magearna|87\/100\n|\n|-heal|p1a: Magearna|93\/100|[from] item: Leftovers\n|-heal|p2a: Sylveon|61\/100|[from] item: Leftovers\n|upkeep\n|turn|44\n|\n|t:|1698611092\n|move|p1a: Magearna|Volt Switch|p2a: Sylveon\n|-damage|p2a: Sylveon|55\/100\n|\n|t:|1698611095\n|switch|p1a: Ursaluna|Ursaluna, M|15\/100 brn|[from] Volt Switch\n|move|p2a: Sylveon|Hyper Voice|p1a: Ursaluna\n|-damage|p1a: Ursaluna|0 fnt\n|faint|p1a: Ursaluna\n|\n|-heal|p2a: Sylveon|61\/100|[from] item: Leftovers\n|upkeep\n|\n|t:|1698611111\n|switch|p1a: Cresselia|Cresselia, F|83\/100\n|turn|45\n|l| Creator of Some\n|\n|t:|1698611116\n|move|p2a: Sylveon|Wish|p2a: Sylveon\n|move|p1a: Cresselia|Calm Mind|p1a: Cresselia\n|-boost|p1a: Cresselia|spa|1\n|-boost|p1a: Cresselia|spd|1\n|\n|-heal|p2a: Sylveon|67\/100|[from] item: Leftovers\n|-heal|p1a: Cresselia|89\/100|[from] item: Leftovers\n|upkeep\n|turn|46\n|\n|t:|1698611131\n|switch|p1a: Cinderace|Cinderace, M|100\/100\n|move|p2a: Sylveon|Roar|p1a: Cinderace\n|drag|p1a: Magearna|Magearna|93\/100\n|\n|-heal|p2a: Sylveon|100\/100|[from] move: Wish|[wisher] Sylveon\n|-heal|p1a: Magearna|99\/100|[from] item: Leftovers\n|-fieldend|move: Trick Room\n|upkeep\n|turn|47\n|\n|t:|1698611142\n|move|p2a: Sylveon|Hyper Voice|p1a: Magearna\n|-resisted|p1a: Magearna\n|-damage|p1a: Magearna|87\/100\n|move|p1a: Magearna|Encore|p2a: Sylveon\n|-start|p2a: Sylveon|Encore\n|\n|-heal|p1a: Magearna|93\/100|[from] item: Leftovers\n|upkeep\n|turn|48\n|\n|t:|1698611153\n|move|p2a: Sylveon|Hyper Voice|p1a: Magearna\n|-resisted|p1a: Magearna\n|-damage|p1a: Magearna|81\/100\n|move|p1a: Magearna|Volt Switch|p2a: Sylveon\n|-damage|p2a: Sylveon|89\/100\n|\n|t:|1698611159\n|switch|p1a: Cresselia|Cresselia, F|89\/100|[from] Volt Switch\n|\n|-heal|p1a: Cresselia|95\/100|[from] item: Leftovers\n|-heal|p2a: Sylveon|95\/100|[from] item: Leftovers\n|upkeep\n|turn|49\n|\n|t:|1698611170\n|switch|p2a: Urshifu|Urshifu, M|79\/100\n|move|p1a: Cresselia|Calm Mind|p1a: Cresselia\n|-boost|p1a: Cresselia|spa|1\n|-boost|p1a: Cresselia|spd|1\n|\n|-heal|p1a: Cresselia|100\/100|[from] item: Leftovers\n|upkeep\n|turn|50\n|\n|t:|1698611183\n|-terastallize|p1a: Cresselia|Poison\n|move|p2a: Urshifu|U-turn|p1a: Cresselia\n|-resisted|p1a: Cresselia\n|-damage|p1a: Cresselia|92\/100\n|\n|t:|1698611186\n|switch|p2a: Sylveon|Sylveon, F|95\/100|[from] U-turn\n|move|p1a: Cresselia|Moonlight|p1a: Cresselia\n|-heal|p1a: Cresselia|100\/100\n|\n|-heal|p2a: Sylveon|100\/100|[from] item: Leftovers\n|upkeep\n|turn|51\n|\n|t:|1698611206\n|move|p2a: Sylveon|Wish|p2a: Sylveon\n|move|p1a: Cresselia|Trick Room|p1a: Cresselia\n|-fieldstart|move: Trick Room|[of] p1a: Cresselia\n|\n|upkeep\n|turn|52\n|inactive|Shirou nanaya has 270 seconds left.\n|\n|t:|1698611232\n|switch|p2a: Urshifu|Urshifu, M|79\/100\n|switch|p1a: Dialga|Dialga|76\/100\n|-ability|p1a: Dialga|Pressure\n|\n|-heal|p2a: Urshifu|100\/100|[from] move: Wish|[wisher] Sylveon\n|upkeep\n|turn|53\n|inactive|Shirou nanaya has 270 seconds left.\n|\n|t:|1698611252\n|switch|p2a: Giratina|Giratina|93\/100\n|-ability|p2a: Giratina|Pressure\n|move|p1a: Dialga|Draco Meteor|p2a: Giratina\n|-supereffective|p2a: Giratina\n|-damage|p2a: Giratina|0 fnt\n|-unboost|p1a: Dialga|spa|2\n|-enditem|p1a: Dialga|Eject Pack\n|faint|p2a: Giratina\n|\n|t:|1698611268\n|switch|p1a: Cinderace|Cinderace, M|100\/100\n|\n|upkeep\n|inactive|Shirou nanaya has 270 seconds left.\n|\n|t:|1698611275\n|switch|p2a: Urshifu|Urshifu, M|100\/100\n|turn|54\n|inactive|Kinesquared has 270 seconds left.\n|\n|t:|1698611314\n|move|p2a: Urshifu|Wicked Blow|p1a: Cinderace\n|-crit|p1a: Cinderace\n|-damage|p1a: Cinderace|0 fnt\n|faint|p1a: Cinderace\n|\n|upkeep\n|\n|t:|1698611324\n|switch|p1a: Dialga|Dialga|76\/100\n|-ability|p1a: Dialga|Pressure\n|turn|55\n|\n|t:|1698611337\n|switch|p2a: Sylveon|Sylveon, F|100\/100\n|move|p1a: Dialga|Draco Meteor|p2a: Sylveon\n|-immune|p2a: Sylveon\n|\n|-fieldend|move: Trick Room\n|upkeep\n|turn|56\n|\n|t:|1698611350\n|move|p2a: Sylveon|Hyper Voice|p1a: Dialga\n|-damage|p1a: Dialga|42\/100\n|move|p1a: Dialga|Trick Room|p1a: Dialga\n|-fieldstart|move: Trick Room|[of] p1a: Dialga\n|\n|upkeep\n|turn|57\n|\n|t:|1698611356\n|switch|p1a: Magearna|Magearna|81\/100\n|move|p2a: Sylveon|Hyper Voice|p1a: Magearna\n|-resisted|p1a: Magearna\n|-damage|p1a: Magearna|69\/100\n|\n|-heal|p1a: Magearna|75\/100|[from] item: Leftovers\n|upkeep\n|turn|58\n|inactive|Kinesquared has 270 seconds left.\n|inactive|Kinesquared has 240 seconds left.\n|\n|t:|1698611398\n|move|p1a: Magearna|Fleur Cannon|p2a: Sylveon\n|-damage|p2a: Sylveon|73\/100\n|-unboost|p1a: Magearna|spa|2\n|move|p2a: Sylveon|Wish|p2a: Sylveon\n|\n|-heal|p1a: Magearna|82\/100|[from] item: Leftovers\n|-heal|p2a: Sylveon|79\/100|[from] item: Leftovers\n|upkeep\n|turn|59\n|inactive|Kinesquared has 240 seconds left.\n|\n|t:|1698611411\n|switch|p1a: Dialga|Dialga|42\/100\n|-ability|p1a: Dialga|Pressure\n|move|p2a: Sylveon|Hyper Voice|p1a: Dialga\n|-damage|p1a: Dialga|5\/100\n|\n|-heal|p2a: Sylveon|100\/100|[from] move: Wish|[wisher] Sylveon\n|upkeep\n|turn|60\n|\n|t:|1698611420\n|switch|p1a: Magearna|Magearna|82\/100\n|move|p2a: Sylveon|Hyper Voice|p1a: Magearna\n|-resisted|p1a: Magearna\n|-damage|p1a: Magearna|69\/100\n|\n|-heal|p1a: Magearna|75\/100|[from] item: Leftovers\n|-fieldend|move: Trick Room\n|upkeep\n|turn|61\n|\n|t:|1698611431\n|move|p1a: Magearna|Volt Switch|p2a: Sylveon\n|-damage|p2a: Sylveon|90\/100\n|\n|t:|1698611437\n|switch|p1a: Cresselia|Cresselia, F, tera:Poison|100\/100|[from] Volt Switch\n|move|p2a: Sylveon|Roar|p1a: Cresselia\n|drag|p1a: Magearna|Magearna|75\/100\n|\n|-heal|p2a: Sylveon|96\/100|[from] item: Leftovers\n|-heal|p1a: Magearna|81\/100|[from] item: Leftovers\n|upkeep\n|turn|62\n|\n|t:|1698611446\n|move|p1a: Magearna|Encore|p2a: Sylveon\n|-start|p2a: Sylveon|Encore\n|move|p2a: Sylveon|Roar|p1a: Magearna\n|drag|p1a: Cresselia|Cresselia, F, tera:Poison|100\/100\n|\n|-heal|p2a: Sylveon|100\/100|[from] item: Leftovers\n|upkeep\n|turn|63\n|\n|t:|1698611457\n|switch|p1a: Magearna|Magearna|81\/100\n|switch|p2a: Urshifu|Urshifu, M|100\/100\n|\n|-heal|p1a: Magearna|87\/100|[from] item: Leftovers\n|upkeep\n|turn|64\n|\n|t:|1698611476\n|move|p2a: Urshifu|U-turn|p1a: Magearna\n|-resisted|p1a: Magearna\n|-damage|p1a: Magearna|80\/100\n|\n|t:|1698611478\n|switch|p2a: Sylveon|Sylveon, F|100\/100|[from] U-turn\n|move|p1a: Magearna|Fleur Cannon|p2a: Sylveon\n|-damage|p2a: Sylveon|70\/100\n|-unboost|p1a: Magearna|spa|2\n|\n|-heal|p2a: Sylveon|76\/100|[from] item: Leftovers\n|-heal|p1a: Magearna|86\/100|[from] item: Leftovers\n|upkeep\n|turn|65\n|\n|t:|1698611499\n|move|p2a: Sylveon|Wish|p2a: Sylveon\n|move|p1a: Magearna|Encore|p2a: Sylveon\n|-start|p2a: Sylveon|Encore\n|\n|-heal|p2a: Sylveon|82\/100|[from] item: Leftovers\n|-heal|p1a: Magearna|92\/100|[from] item: Leftovers\n|upkeep\n|turn|66\n|\n|t:|1698611506\n|switch|p1a: Cresselia|Cresselia, F, tera:Poison|100\/100\n|move|p2a: Sylveon|Wish||[still]\n|-fail|p2a: Sylveon\n|\n|-heal|p2a: Sylveon|100\/100|[from] move: Wish|[wisher] Sylveon\n|upkeep\n|turn|67\n|\n|t:|1698611514\n|switch|p1a: Magearna|Magearna|92\/100\n|switch|p2a: Urshifu|Urshifu, M|100\/100\n|\n|-heal|p1a: Magearna|98\/100|[from] item: Leftovers\n|upkeep\n|turn|68\n|inactive|Kinesquared has 270 seconds left.\n|\n|t:|1698611525\n|switch|p1a: Cresselia|Cresselia, F, tera:Poison|100\/100\n|move|p2a: Urshifu|U-turn|p1a: Cresselia\n|-resisted|p1a: Cresselia\n|-damage|p1a: Cresselia|91\/100\n|\n|t:|1698611528\n|switch|p2a: Sylveon|Sylveon, F|100\/100|[from] U-turn\n|\n|-heal|p1a: Cresselia|98\/100|[from] item: Leftovers\n|upkeep\n|turn|69\n|inactive|Kinesquared has 270 seconds left.\n|\n|t:|1698611542\n|switch|p1a: Magearna|Magearna|98\/100\n|switch|p2a: Urshifu|Urshifu, M|100\/100\n|\n|-heal|p1a: Magearna|100\/100|[from] item: Leftovers\n|upkeep\n|turn|70\n|inactive|Kinesquared has 270 seconds left.\n|\n|t:|1698611552\n|move|p2a: Urshifu|U-turn|p1a: Magearna\n|-resisted|p1a: Magearna\n|-damage|p1a: Magearna|93\/100\n|\n|t:|1698611555\n|switch|p2a: Sylveon|Sylveon, F|100\/100|[from] U-turn\n|move|p1a: Magearna|Fleur Cannon|p2a: Sylveon\n|-crit|p2a: Sylveon\n|-damage|p2a: Sylveon|57\/100\n|-unboost|p1a: Magearna|spa|2\n|\n|-heal|p2a: Sylveon|63\/100|[from] item: Leftovers\n|-heal|p1a: Magearna|99\/100|[from] item: Leftovers\n|upkeep\n|turn|71\n|inactive|Kinesquared has 270 seconds left.\n|\n|t:|1698611573\n|move|p1a: Magearna|Encore||[still]\n|-fail|p1a: Magearna\n|move|p2a: Sylveon|Roar|p1a: Magearna\n|drag|p1a: Dialga|Dialga|5\/100\n|-ability|p1a: Dialga|Pressure\n|\n|-heal|p2a: Sylveon|69\/100|[from] item: Leftovers\n|upkeep\n|turn|72\n|inactive|Kinesquared has 270 seconds left.\n|\n|t:|1698611585\n|switch|p1a: Magearna|Magearna|99\/100\n|move|p2a: Sylveon|Wish|p2a: Sylveon\n|\n|-heal|p2a: Sylveon|75\/100|[from] item: Leftovers\n|-heal|p1a: Magearna|100\/100|[from] item: Leftovers\n|upkeep\n|turn|73\n|\n|t:|1698611596\n|move|p2a: Sylveon|Hyper Voice|p1a: Magearna\n|-resisted|p1a: Magearna\n|-damage|p1a: Magearna|89\/100\n|move|p1a: Magearna|Volt Switch|p2a: Sylveon\n|-damage|p2a: Sylveon|65\/100\n|\n|t:|1698611603\n|switch|p1a: Cresselia|Cresselia, F, tera:Poison|98\/100|[from] Volt Switch\n|\n|-heal|p2a: Sylveon|100\/100|[from] move: Wish|[wisher] Sylveon\n|-heal|p1a: Cresselia|100\/100|[from] item: Leftovers\n|upkeep\n|turn|74\n|inactive|Kinesquared has 270 seconds left.\n|\n|t:|1698611621\n|switch|p1a: Magearna|Magearna|89\/100\n|move|p2a: Sylveon|Roar|p1a: Magearna\n|drag|p1a: Dialga|Dialga|5\/100\n|-ability|p1a: Dialga|Pressure\n|\n|upkeep\n|turn|75\n|\n|t:|1698611639\n|switch|p1a: Cresselia|Cresselia, F, tera:Poison|100\/100\n|move|p2a: Sylveon|Hyper Voice|p1a: Cresselia\n|-resisted|p1a: Cresselia\n|-damage|p1a: Cresselia|87\/100\n|\n|-heal|p1a: Cresselia|93\/100|[from] item: Leftovers\n|upkeep\n|turn|76\n|inactive|Kinesquared has 270 seconds left.\n|\n|t:|1698611656\n|switch|p1a: Magearna|Magearna|89\/100\n|move|p2a: Sylveon|Roar|p1a: Magearna\n|drag|p1a: Dialga|Dialga|5\/100\n|-ability|p1a: Dialga|Pressure\n|\n|upkeep\n|turn|77\n|\n|t:|1698611664\n|switch|p1a: Magearna|Magearna|89\/100\n|switch|p2a: Urshifu|Urshifu, M|100\/100\n|\n|-heal|p1a: Magearna|95\/100|[from] item: Leftovers\n|upkeep\n|turn|78\n|inactive|Kinesquared has 270 seconds left.\n|\n|t:|1698611684\n|switch|p1a: Cresselia|Cresselia, F, tera:Poison|93\/100\n|move|p2a: Urshifu|U-turn|p1a: Cresselia\n|-resisted|p1a: Cresselia\n|-damage|p1a: Cresselia|83\/100\n|\n|t:|1698611686\n|switch|p2a: Sylveon|Sylveon, F|100\/100|[from] U-turn\n|\n|-heal|p1a: Cresselia|89\/100|[from] item: Leftovers\n|upkeep\n|turn|79\n|\n|t:|1698611695\n|switch|p2a: Urshifu|Urshifu, M|100\/100\n|move|p1a: Cresselia|Calm Mind|p1a: Cresselia\n|-boost|p1a: Cresselia|spa|1\n|-boost|p1a: Cresselia|spd|1\n|\n|-heal|p1a: Cresselia|95\/100|[from] item: Leftovers\n|upkeep\n|turn|80\n|\n|t:|1698611711\n|move|p2a: Urshifu|Close Combat|p1a: Cresselia\n|-resisted|p1a: Cresselia\n|-damage|p1a: Cresselia|71\/100\n|-unboost|p2a: Urshifu|def|1\n|-unboost|p2a: Urshifu|spd|1\n|move|p1a: Cresselia|Moonlight|p1a: Cresselia\n|-heal|p1a: Cresselia|100\/100\n|\n|upkeep\n|turn|81\n|\n|t:|1698611724\n|switch|p2a: Sylveon|Sylveon, F|100\/100\n|move|p1a: Cresselia|Stored Power|p2a: Sylveon\n|-damage|p2a: Sylveon|89\/100\n|\n|-heal|p2a: Sylveon|95\/100|[from] item: Leftovers\n|upkeep\n|turn|82\n|\n|t:|1698611731\n|switch|p2a: Urshifu|Urshifu, M|100\/100\n|move|p1a: Cresselia|Calm Mind|p1a: Cresselia\n|-boost|p1a: Cresselia|spa|1\n|-boost|p1a: Cresselia|spd|1\n|\n|upkeep\n|turn|83\n|inactive|Kinesquared has 270 seconds left.\n|\n|t:|1698611774\n|switch|p1a: Magearna|Magearna|95\/100\n|move|p2a: Urshifu|Close Combat|p1a: Magearna\n|-damage|p1a: Magearna|16\/100\n|-unboost|p2a: Urshifu|def|1\n|-unboost|p2a: Urshifu|spd|1\n|\n|-heal|p1a: Magearna|22\/100|[from] item: Leftovers\n|upkeep\n|turn|84\n|c|\u2606Kinesquared|fuck that might be ggs\n|c|\u2606Kinesquared|what a bunch of mindgames wow\n|\n|t:|1698611792\n|switch|p1a: Cresselia|Cresselia, F, tera:Poison|100\/100\n|move|p2a: Urshifu|Close Combat|p1a: Cresselia\n|-resisted|p1a: Cresselia\n|-damage|p1a: Cresselia|78\/100\n|-unboost|p2a: Urshifu|def|1\n|-unboost|p2a: Urshifu|spd|1\n|\n|-heal|p1a: Cresselia|84\/100|[from] item: Leftovers\n|upkeep\n|turn|85\n|\n|t:|1698611805\n|move|p2a: Urshifu|Close Combat|p1a: Cresselia\n|-resisted|p1a: Cresselia\n|-damage|p1a: Cresselia|60\/100\n|-unboost|p2a: Urshifu|def|1\n|-unboost|p2a: Urshifu|spd|1\n|move|p1a: Cresselia|Calm Mind|p1a: Cresselia\n|-boost|p1a: Cresselia|spa|1\n|-boost|p1a: Cresselia|spd|1\n|\n|-heal|p1a: Cresselia|66\/100|[from] item: Leftovers\n|upkeep\n|turn|86\n|\n|t:|1698611820\n|switch|p2a: Sylveon|Sylveon, F|95\/100\n|move|p1a: Cresselia|Moonlight|p1a: Cresselia\n|-heal|p1a: Cresselia|100\/100\n|\n|-heal|p2a: Sylveon|100\/100|[from] item: Leftovers\n|upkeep\n|turn|87\n|\n|t:|1698611828\n|switch|p2a: Urshifu|Urshifu, M|100\/100\n|move|p1a: Cresselia|Calm Mind|p1a: Cresselia\n|-boost|p1a: Cresselia|spa|1\n|-boost|p1a: Cresselia|spd|1\n|\n|upkeep\n|turn|88\n|\n|t:|1698611834\n|move|p2a: Urshifu|Wicked Blow|p1a: Cresselia\n|-crit|p1a: Cresselia\n|-damage|p1a: Cresselia|52\/100\n|move|p1a: Cresselia|Trick Room|p1a: Cresselia\n|-fieldstart|move: Trick Room|[of] p1a: Cresselia\n|\n|-heal|p1a: Cresselia|58\/100|[from] item: Leftovers\n|upkeep\n|turn|89\n|\n|t:|1698611842\n|switch|p2a: Sylveon|Sylveon, F|100\/100\n|move|p1a: Cresselia|Moonlight|p1a: Cresselia\n|-heal|p1a: Cresselia|100\/100\n|\n|upkeep\n|turn|90\n|inactive|Kinesquared has 270 seconds left.\n|\n|t:|1698611849\n|move|p1a: Cresselia|Calm Mind|p1a: Cresselia\n|-boost|p1a: Cresselia|spa|1\n|-boost|p1a: Cresselia|spd|1\n|move|p2a: Sylveon|Roar|p1a: Cresselia\n|drag|p1a: Magearna|Magearna|22\/100\n|\n|-heal|p1a: Magearna|28\/100|[from] item: Leftovers\n|upkeep\n|turn|91\n|\n|t:|1698611858\n|move|p1a: Magearna|Encore|p2a: Sylveon\n|-start|p2a: Sylveon|Encore\n|move|p2a: Sylveon|Roar|p1a: Magearna\n|drag|p1a: Cresselia|Cresselia, F, tera:Poison|100\/100\n|\n|upkeep\n|turn|92\n|\n|t:|1698611865\n|switch|p2a: Urshifu|Urshifu, M|100\/100\n|move|p1a: Cresselia|Calm Mind|p1a: Cresselia\n|-boost|p1a: Cresselia|spa|1\n|-boost|p1a: Cresselia|spd|1\n|\n|-fieldend|move: Trick Room\n|upkeep\n|turn|93\n|\n|t:|1698611882\n|move|p2a: Urshifu|U-turn|p1a: Cresselia\n|-resisted|p1a: Cresselia\n|-damage|p1a: Cresselia|90\/100\n|\n|t:|1698611883\n|switch|p2a: Sylveon|Sylveon, F|100\/100|[from] U-turn\n|move|p1a: Cresselia|Trick Room|p1a: Cresselia\n|-fieldstart|move: Trick Room|[of] p1a: Cresselia\n|\n|-heal|p1a: Cresselia|96\/100|[from] item: Leftovers\n|upkeep\n|turn|94\n|\n|t:|1698611892\n|move|p1a: Cresselia|Calm Mind|p1a: Cresselia\n|-boost|p1a: Cresselia|spa|1\n|-boost|p1a: Cresselia|spd|1\n|move|p2a: Sylveon|Roar|p1a: Cresselia\n|drag|p1a: Dialga|Dialga|5\/100\n|-ability|p1a: Dialga|Pressure\n|\n|upkeep\n|turn|95\n|\n|t:|1698611904\n|switch|p1a: Cresselia|Cresselia, F, tera:Poison|96\/100\n|move|p2a: Sylveon|Hyper Voice|p1a: Cresselia\n|-resisted|p1a: Cresselia\n|-damage|p1a: Cresselia|83\/100\n|\n|-heal|p1a: Cresselia|89\/100|[from] item: Leftovers\n|upkeep\n|turn|96\n|\n|t:|1698611915\n|switch|p2a: Urshifu|Urshifu, M|100\/100\n|move|p1a: Cresselia|Stored Power|p2a: Urshifu\n|-immune|p2a: Urshifu\n|\n|-heal|p1a: Cresselia|95\/100|[from] item: Leftovers\n|upkeep\n|turn|97\n|\n|t:|1698611924\n|move|p1a: Cresselia|Calm Mind|p1a: Cresselia\n|-boost|p1a: Cresselia|spa|1\n|-boost|p1a: Cresselia|spd|1\n|move|p2a: Urshifu|Wicked Blow|p1a: Cresselia\n|-crit|p1a: Cresselia\n|-damage|p1a: Cresselia|52\/100\n|\n|-heal|p1a: Cresselia|58\/100|[from] item: Leftovers\n|-fieldend|move: Trick Room\n|upkeep\n|turn|98\n|\n|t:|1698611938\n|switch|p2a: Sylveon|Sylveon, F|100\/100\n|move|p1a: Cresselia|Trick Room|p1a: Cresselia\n|-fieldstart|move: Trick Room|[of] p1a: Cresselia\n|\n|-heal|p1a: Cresselia|64\/100|[from] item: Leftovers\n|upkeep\n|turn|99\n|\n|t:|1698611949\n|move|p1a: Cresselia|Stored Power|p2a: Sylveon\n|-damage|p2a: Sylveon|89\/100\n|move|p2a: Sylveon|Roar|p1a: Cresselia\n|drag|p1a: Dialga|Dialga|5\/100\n|-ability|p1a: Dialga|Pressure\n|\n|-heal|p2a: Sylveon|95\/100|[from] item: Leftovers\n|upkeep\n|turn|100\n|\n|t:|1698611965\n|switch|p1a: Magearna|Magearna|28\/100\n|move|p2a: Sylveon|Roar|p1a: Magearna\n|drag|p1a: Dialga|Dialga|5\/100\n|-ability|p1a: Dialga|Pressure\n|\n|-heal|p2a: Sylveon|100\/100|[from] item: Leftovers\n|upkeep\n|turn|101\n|\n|t:|1698611986\n|switch|p1a: Magearna|Magearna|28\/100\n|move|p2a: Sylveon|Wish|p2a: Sylveon\n|\n|-heal|p1a: Magearna|34\/100|[from] item: Leftovers\n|upkeep\n|turn|102\n|\n|t:|1698611995\n|move|p1a: Magearna|Encore|p2a: Sylveon\n|-start|p2a: Sylveon|Encore\n|move|p2a: Sylveon|Wish||[still]\n|-fail|p2a: Sylveon\n|\n|-heal|p1a: Magearna|40\/100|[from] item: Leftovers\n|-fieldend|move: Trick Room\n|upkeep\n|turn|103\n|\n|t:|1698612006\n|move|p2a: Sylveon|Wish|p2a: Sylveon\n|move|p1a: Magearna|Trick Room|p1a: Magearna\n|-fieldstart|move: Trick Room|[of] p1a: Magearna\n|\n|-heal|p1a: Magearna|46\/100|[from] item: Leftovers\n|upkeep\n|turn|104\n|\n|t:|1698612016\n|move|p1a: Magearna|Volt Switch|p2a: Sylveon\n|-damage|p2a: Sylveon|89\/100\n|\n|t:|1698612020\n|switch|p1a: Cresselia|Cresselia, F, tera:Poison|64\/100|[from] Volt Switch\n|move|p2a: Sylveon|Wish||[still]\n|-fail|p2a: Sylveon\n|\n|-heal|p2a: Sylveon|100\/100|[from] move: Wish|[wisher] Sylveon\n|-heal|p1a: Cresselia|70\/100|[from] item: Leftovers\n|-end|p2a: Sylveon|Encore\n|upkeep\n|turn|105\n|\n|t:|1698612029\n|switch|p2a: Urshifu|Urshifu, M|100\/100\n|switch|p1a: Magearna|Magearna|46\/100\n|\n|-heal|p1a: Magearna|52\/100|[from] item: Leftovers\n|upkeep\n|turn|106\n|\n|t:|1698612047\n|switch|p2a: Sylveon|Sylveon, F|100\/100\n|move|p1a: Magearna|Fleur Cannon|p2a: Sylveon\n|-damage|p2a: Sylveon|73\/100\n|-unboost|p1a: Magearna|spa|2\n|\n|-heal|p1a: Magearna|58\/100|[from] item: Leftovers\n|-heal|p2a: Sylveon|79\/100|[from] item: Leftovers\n|upkeep\n|turn|107\n|\n|t:|1698612062\n|move|p2a: Sylveon|Protect|p2a: Sylveon\n|-singleturn|p2a: Sylveon|Protect\n|move|p1a: Magearna|Volt Switch|p2a: Sylveon\n|-activate|p2a: Sylveon|move: Protect\n|\n|-heal|p1a: Magearna|64\/100|[from] item: Leftovers\n|-heal|p2a: Sylveon|85\/100|[from] item: Leftovers\n|-fieldend|move: Trick Room\n|upkeep\n|turn|108\n|\n|t:|1698612075\n|switch|p2a: Urshifu|Urshifu, M|100\/100\n|move|p1a: Magearna|Trick Room|p1a: Magearna\n|-fieldstart|move: Trick Room|[of] p1a: Magearna\n|\n|-heal|p1a: Magearna|70\/100|[from] item: Leftovers\n|upkeep\n|turn|109\n|\n|t:|1698612081\n|switch|p2a: Sylveon|Sylveon, F|85\/100\n|move|p1a: Magearna|Fleur Cannon|p2a: Sylveon\n|-damage|p2a: Sylveon|72\/100\n|-unboost|p1a: Magearna|spa|2\n|\n|-heal|p1a: Magearna|76\/100|[from] item: Leftovers\n|-heal|p2a: Sylveon|78\/100|[from] item: Leftovers\n|upkeep\n|turn|110\n|\n|t:|1698612092\n|move|p1a: Magearna|Volt Switch|p2a: Sylveon\n|-damage|p2a: Sylveon|74\/100\n|\n|t:|1698612096\n|switch|p1a: Cresselia|Cresselia, F, tera:Poison|70\/100|[from] Volt Switch\n|move|p2a: Sylveon|Roar|p1a: Cresselia\n|drag|p1a: Magearna|Magearna|76\/100\n|\n|-heal|p1a: Magearna|82\/100|[from] item: Leftovers\n|-heal|p2a: Sylveon|80\/100|[from] item: Leftovers\n|upkeep\n|turn|111\n|\n|t:|1698612114\n|move|p1a: Magearna|Encore|p2a: Sylveon\n|-start|p2a: Sylveon|Encore\n|move|p2a: Sylveon|Roar|p1a: Magearna\n|drag|p1a: Cresselia|Cresselia, F, tera:Poison|70\/100\n|\n|-heal|p2a: Sylveon|86\/100|[from] item: Leftovers\n|-heal|p1a: Cresselia|76\/100|[from] item: Leftovers\n|upkeep\n|turn|112\n|\n|t:|1698612124\n|move|p1a: Cresselia|Calm Mind|p1a: Cresselia\n|-boost|p1a: Cresselia|spa|1\n|-boost|p1a: Cresselia|spd|1\n|move|p2a: Sylveon|Roar|p1a: Cresselia\n|drag|p1a: Dialga|Dialga|5\/100\n|-ability|p1a: Dialga|Pressure\n|\n|-heal|p2a: Sylveon|92\/100|[from] item: Leftovers\n|-fieldend|move: Trick Room\n|upkeep\n|turn|113\n|\n|t:|1698612136\n|move|p1a: Dialga|Flash Cannon|p2a: Sylveon\n|-supereffective|p2a: Sylveon\n|-damage|p2a: Sylveon|44\/100\n|move|p2a: Sylveon|Roar|p1a: Dialga\n|drag|p1a: Magearna|Magearna|82\/100\n|\n|-heal|p2a: Sylveon|50\/100|[from] item: Leftovers\n|-heal|p1a: Magearna|88\/100|[from] item: Leftovers\n|-end|p2a: Sylveon|Encore\n|upkeep\n|turn|114\n|\n|t:|1698612150\n|move|p2a: Sylveon|Wish|p2a: Sylveon\n|move|p1a: Magearna|Volt Switch|p2a: Sylveon\n|-damage|p2a: Sylveon|40\/100\n|\n|t:|1698612156\n|switch|p1a: Cresselia|Cresselia, F, tera:Poison|76\/100|[from] Volt Switch\n|\n|-heal|p1a: Cresselia|82\/100|[from] item: Leftovers\n|-heal|p2a: Sylveon|46\/100|[from] item: Leftovers\n|upkeep\n|turn|115\n|\n|t:|1698612171\n|move|p1a: Cresselia|Calm Mind|p1a: Cresselia\n|-boost|p1a: Cresselia|spa|1\n|-boost|p1a: Cresselia|spd|1\n|move|p2a: Sylveon|Roar|p1a: Cresselia\n|drag|p1a: Magearna|Magearna|88\/100\n|\n|-heal|p2a: Sylveon|96\/100|[from] move: Wish|[wisher] Sylveon\n|-heal|p2a: Sylveon|100\/100|[from] item: Leftovers\n|-heal|p1a: Magearna|94\/100|[from] item: Leftovers\n|upkeep\n|turn|116\n|\n|t:|1698612186\n|move|p1a: Magearna|Volt Switch|p2a: Sylveon\n|-damage|p2a: Sylveon|89\/100\n|\n|t:|1698612189\n|switch|p1a: Cresselia|Cresselia, F, tera:Poison|82\/100|[from] Volt Switch\n|move|p2a: Sylveon|Roar|p1a: Cresselia\n|drag|p1a: Magearna|Magearna|94\/100\n|\n|-heal|p2a: Sylveon|95\/100|[from] item: Leftovers\n|-heal|p1a: Magearna|100\/100|[from] item: Leftovers\n|upkeep\n|turn|117\n|\n|t:|1698612197\n|switch|p1a: Cresselia|Cresselia, F, tera:Poison|82\/100\n|move|p2a: Sylveon|Hyper Voice|p1a: Cresselia\n|-resisted|p1a: Cresselia\n|-damage|p1a: Cresselia|70\/100\n|\n|-heal|p1a: Cresselia|76\/100|[from] item: Leftovers\n|-heal|p2a: Sylveon|100\/100|[from] item: Leftovers\n|upkeep\n|turn|118\n|\n|t:|1698612208\n|switch|p2a: Urshifu|Urshifu, M|100\/100\n|move|p1a: Cresselia|Calm Mind|p1a: Cresselia\n|-boost|p1a: Cresselia|spa|1\n|-boost|p1a: Cresselia|spd|1\n|\n|-heal|p1a: Cresselia|82\/100|[from] item: Leftovers\n|upkeep\n|turn|119\n|\n|t:|1698612222\n|switch|p2a: Sylveon|Sylveon, F|100\/100\n|move|p1a: Cresselia|Moonlight|p1a: Cresselia\n|-heal|p1a: Cresselia|100\/100\n|\n|upkeep\n|turn|120\n|\n|t:|1698612236\n|switch|p2a: Urshifu|Urshifu, M|100\/100\n|move|p1a: Cresselia|Calm Mind|p1a: Cresselia\n|-boost|p1a: Cresselia|spa|1\n|-boost|p1a: Cresselia|spd|1\n|\n|upkeep\n|turn|121\n|\n|t:|1698612244\n|switch|p2a: Sylveon|Sylveon, F|100\/100\n|move|p1a: Cresselia|Calm Mind|p1a: Cresselia\n|-boost|p1a: Cresselia|spa|1\n|-boost|p1a: Cresselia|spd|1\n|\n|upkeep\n|turn|122\n|\n|t:|1698612255\n|move|p1a: Cresselia|Calm Mind|p1a: Cresselia\n|-boost|p1a: Cresselia|spa|1\n|-boost|p1a: Cresselia|spd|1\n|move|p2a: Sylveon|Roar|p1a: Cresselia\n|drag|p1a: Magearna|Magearna|100\/100\n|\n|upkeep\n|turn|123\n|\n|t:|1698612272\n|move|p1a: Magearna|Volt Switch|p2a: Sylveon\n|-damage|p2a: Sylveon|90\/100\n|\n|t:|1698612293\n|switch|p1a: Cresselia|Cresselia, F, tera:Poison|100\/100|[from] Volt Switch\n|move|p2a: Sylveon|Roar|p1a: Cresselia\n|drag|p1a: Magearna|Magearna|100\/100\n|\n|-heal|p2a: Sylveon|96\/100|[from] item: Leftovers\n|upkeep\n|turn|124\n|\n|t:|1698612300\n|switch|p2a: Urshifu|Urshifu, M|100\/100\n|switch|p1a: Cresselia|Cresselia, F, tera:Poison|100\/100\n|\n|upkeep\n|turn|125\n|\n|t:|1698612312\n|move|p2a: Urshifu|U-turn|p1a: Cresselia\n|-resisted|p1a: Cresselia\n|-damage|p1a: Cresselia|91\/100\n|\n|t:|1698612313\n|switch|p2a: Sylveon|Sylveon, F|96\/100|[from] U-turn\n|move|p1a: Cresselia|Trick Room|p1a: Cresselia\n|-fieldstart|move: Trick Room|[of] p1a: Cresselia\n|\n|-heal|p2a: Sylveon|100\/100|[from] item: Leftovers\n|-heal|p1a: Cresselia|97\/100|[from] item: Leftovers\n|upkeep\n|turn|126\n|j| PinkScourge\n|\n|t:|1698612321\n|switch|p2a: Urshifu|Urshifu, M|100\/100\n|move|p1a: Cresselia|Calm Mind|p1a: Cresselia\n|-boost|p1a: Cresselia|spa|1\n|-boost|p1a: Cresselia|spd|1\n|\n|-heal|p1a: Cresselia|100\/100|[from] item: Leftovers\n|upkeep\n|turn|127\n|\n|t:|1698612329\n|move|p1a: Cresselia|Calm Mind|p1a: Cresselia\n|-boost|p1a: Cresselia|spa|1\n|-boost|p1a: Cresselia|spd|1\n|move|p2a: Urshifu|Wicked Blow|p1a: Cresselia\n|-crit|p1a: Cresselia\n|-damage|p1a: Cresselia|56\/100\n|\n|-heal|p1a: Cresselia|62\/100|[from] item: Leftovers\n|upkeep\n|turn|128\n|j| vespyyy\n|\n|t:|1698612340\n|switch|p2a: Sylveon|Sylveon, F|100\/100\n|move|p1a: Cresselia|Calm Mind|p1a: Cresselia\n|-boost|p1a: Cresselia|spa|1\n|-boost|p1a: Cresselia|spd|1\n|\n|-heal|p1a: Cresselia|68\/100|[from] item: Leftovers\n|upkeep\n|turn|129\n|c| vespyyy|...\n|c| vespyyy|Im sorry\n|c| vespyyy|How is a tr game\n|\n|t:|1698612352\n|move|p1a: Cresselia|Stored Power|p2a: Sylveon\n|-damage|p2a: Sylveon|53\/100\n|move|p2a: Sylveon|Roar|p1a: Cresselia\n|drag|p1a: Dialga|Dialga|5\/100\n|-ability|p1a: Dialga|Pressure\n|\n|-heal|p2a: Sylveon|59\/100|[from] item: Leftovers\n|-fieldend|move: Trick Room\n|upkeep\n|turn|130\n|c| vespyyy|Taking 130 turns\n|c| vespyyy|Wtf\n|\n|t:|1698612363\n|switch|p1a: Magearna|Magearna|100\/100\n|switch|p2a: Urshifu|Urshifu, M|100\/100\n|\n|upkeep\n|turn|131\n|\n|t:|1698612372\n|move|p2a: Urshifu|U-turn|p1a: Magearna\n|-resisted|p1a: Magearna\n|-damage|p1a: Magearna|93\/100\n|\n|t:|1698612373\n|switch|p2a: Sylveon|Sylveon, F|59\/100|[from] U-turn\n|move|p1a: Magearna|Volt Switch|p2a: Sylveon\n|-damage|p2a: Sylveon|48\/100\n|\n|t:|1698612380\n|switch|p1a: Cresselia|Cresselia, F, tera:Poison|68\/100|[from] Volt Switch\n|\n|-heal|p1a: Cresselia|74\/100|[from] item: Leftovers\n|-heal|p2a: Sylveon|55\/100|[from] item: Leftovers\n|upkeep\n|turn|132\n|c|\u2606Kinesquared|we're stuck\n|\n|t:|1698612391\n|switch|p1a: Magearna|Magearna|93\/100\n|switch|p2a: Urshifu|Urshifu, M|100\/100\n|\n|-heal|p1a: Magearna|99\/100|[from] item: Leftovers\n|upkeep\n|turn|133\n|\n|t:|1698612411\n|move|p2a: Urshifu|U-turn|p1a: Magearna\n|-resisted|p1a: Magearna\n|-damage|p1a: Magearna|91\/100\n|l| vespyyy\n|\n|t:|1698612414\n|switch|p2a: Sylveon|Sylveon, F|55\/100|[from] U-turn\n|move|p1a: Magearna|Volt Switch|p2a: Sylveon\n|-damage|p2a: Sylveon|43\/100\n|\n|t:|1698612419\n|switch|p1a: Dialga|Dialga|5\/100|[from] Volt Switch\n|-ability|p1a: Dialga|Pressure\n|\n|-heal|p2a: Sylveon|49\/100|[from] item: Leftovers\n|upkeep\n|turn|134\n|c|\u2606Shirou nanaya|Um guys\n|\n|t:|1698612427\n|switch|p1a: Cresselia|Cresselia, F, tera:Poison|74\/100\n|move|p2a: Sylveon|Protect||[still]\n|-fail|p2a: Sylveon\n|\n|-heal|p1a: Cresselia|80\/100|[from] item: Leftovers\n|-heal|p2a: Sylveon|56\/100|[from] item: Leftovers\n|upkeep\n|turn|135\n|\n|t:|1698612439\n|switch|p1a: Magearna|Magearna|91\/100\n|switch|p2a: Urshifu|Urshifu, M|100\/100\n|\n|-heal|p1a: Magearna|97\/100|[from] item: Leftovers\n|upkeep\n|turn|136\n|\n|t:|1698612446\n|switch|p1a: Cresselia|Cresselia, F, tera:Poison|80\/100\n|move|p2a: Urshifu|Close Combat|p1a: Cresselia\n|-resisted|p1a: Cresselia\n|-damage|p1a: Cresselia|55\/100\n|-unboost|p2a: Urshifu|def|1\n|-unboost|p2a: Urshifu|spd|1\n|\n|-heal|p1a: Cresselia|61\/100|[from] item: Leftovers\n|upkeep\n|turn|137\n|\n|t:|1698612459\n|move|p2a: Urshifu|Close Combat|p1a: Cresselia\n|-resisted|p1a: Cresselia\n|-damage|p1a: Cresselia|37\/100\n|-unboost|p2a: Urshifu|def|1\n|-unboost|p2a: Urshifu|spd|1\n|move|p1a: Cresselia|Calm Mind|p1a: Cresselia\n|-boost|p1a: Cresselia|spa|1\n|-boost|p1a: Cresselia|spd|1\n|\n|-heal|p1a: Cresselia|43\/100|[from] item: Leftovers\n|upkeep\n|turn|138\n|\n|t:|1698612470\n|switch|p2a: Sylveon|Sylveon, F|56\/100\n|move|p1a: Cresselia|Moonlight|p1a: Cresselia\n|-heal|p1a: Cresselia|93\/100\n|\n|-heal|p1a: Cresselia|99\/100|[from] item: Leftovers\n|-heal|p2a: Sylveon|62\/100|[from] item: Leftovers\n|upkeep\n|turn|139\n|\n|t:|1698612480\n|move|p1a: Cresselia|Calm Mind|p1a: Cresselia\n|-boost|p1a: Cresselia|spa|1\n|-boost|p1a: Cresselia|spd|1\n|move|p2a: Sylveon|Roar|p1a: Cresselia\n|drag|p1a: Dialga|Dialga|5\/100\n|-ability|p1a: Dialga|Pressure\n|\n|-heal|p2a: Sylveon|68\/100|[from] item: Leftovers\n|upkeep\n|turn|140\n|inactive|Kinesquared has 270 seconds left.\n|\n|t:|1698612513\n|move|p2a: Sylveon|Protect|p2a: Sylveon\n|-singleturn|p2a: Sylveon|Protect\n|move|p1a: Dialga|Flash Cannon|p2a: Sylveon\n|-activate|p2a: Sylveon|move: Protect\n|\n|-heal|p2a: Sylveon|74\/100|[from] item: Leftovers\n|upkeep\n|turn|141\n|inactive|Kinesquared has 270 seconds left.\n|\n|t:|1698612524\n|switch|p1a: Magearna|Magearna|97\/100\n|switch|p2a: Urshifu|Urshifu, M|100\/100\n|\n|-heal|p1a: Magearna|100\/100|[from] item: Leftovers\n|upkeep\n|turn|142\n|\n|t:|1698612536\n|switch|p1a: Cresselia|Cresselia, F, tera:Poison|99\/100\n|move|p2a: Urshifu|U-turn|p1a: Cresselia\n|-resisted|p1a: Cresselia\n|-damage|p1a: Cresselia|89\/100\n|\n|t:|1698612539\n|switch|p2a: Sylveon|Sylveon, F|74\/100|[from] U-turn\n|\n|-heal|p1a: Cresselia|95\/100|[from] item: Leftovers\n|-heal|p2a: Sylveon|80\/100|[from] item: Leftovers\n|upkeep\n|turn|143\n|\n|t:|1698612553\n|switch|p1a: Magearna|Magearna|100\/100\n|switch|p2a: Urshifu|Urshifu, M|100\/100\n|\n|upkeep\n|turn|144\n|\n|t:|1698612561\n|switch|p1a: Cresselia|Cresselia, F, tera:Poison|95\/100\n|move|p2a: Urshifu|U-turn|p1a: Cresselia\n|-resisted|p1a: Cresselia\n|-damage|p1a: Cresselia|86\/100\n|\n|t:|1698612562\n|switch|p2a: Sylveon|Sylveon, F|80\/100|[from] U-turn\n|\n|-heal|p1a: Cresselia|92\/100|[from] item: Leftovers\n|-heal|p2a: Sylveon|86\/100|[from] item: Leftovers\n|upkeep\n|turn|145\n|\n|t:|1698612573\n|switch|p2a: Urshifu|Urshifu, M|100\/100\n|move|p1a: Cresselia|Calm Mind|p1a: Cresselia\n|-boost|p1a: Cresselia|spa|1\n|-boost|p1a: Cresselia|spd|1\n|\n|-heal|p1a: Cresselia|98\/100|[from] item: Leftovers\n|upkeep\n|turn|146\n|\n|t:|1698612584\n|move|p2a: Urshifu|Wicked Blow|p1a: Cresselia\n|-crit|p1a: Cresselia\n|-damage|p1a: Cresselia|51\/100\n|move|p1a: Cresselia|Calm Mind|p1a: Cresselia\n|-boost|p1a: Cresselia|spa|1\n|-boost|p1a: Cresselia|spd|1\n|\n|-heal|p1a: Cresselia|57\/100|[from] item: Leftovers\n|upkeep\n|turn|147\n|\n|t:|1698612593\n|move|p2a: Urshifu|Wicked Blow|p1a: Cresselia\n|-crit|p1a: Cresselia\n|-damage|p1a: Cresselia|10\/100\n|move|p1a: Cresselia|Trick Room|p1a: Cresselia\n|-fieldstart|move: Trick Room|[of] p1a: Cresselia\n|\n|-heal|p1a: Cresselia|16\/100|[from] item: Leftovers\n|upkeep\n|turn|148\n|\n|t:|1698612600\n|switch|p2a: Sylveon|Sylveon, F|86\/100\n|move|p1a: Cresselia|Moonlight|p1a: Cresselia\n|-heal|p1a: Cresselia|66\/100\n|\n|-heal|p2a: Sylveon|92\/100|[from] item: Leftovers\n|-heal|p1a: Cresselia|72\/100|[from] item: Leftovers\n|upkeep\n|turn|149\n|\n|t:|1698612608\n|move|p1a: Cresselia|Stored Power|p2a: Sylveon\n|-damage|p2a: Sylveon|66\/100\n|move|p2a: Sylveon|Roar|p1a: Cresselia\n|drag|p1a: Magearna|Magearna|100\/100\n|\n|-heal|p2a: Sylveon|72\/100|[from] item: Leftovers\n|upkeep\n|turn|150\n|\n|t:|1698612620\n|move|p2a: Sylveon|Protect|p2a: Sylveon\n|-singleturn|p2a: Sylveon|Protect\n|move|p1a: Magearna|Volt Switch|p2a: Sylveon\n|-activate|p2a: Sylveon|move: Protect\n|\n|-heal|p2a: Sylveon|78\/100|[from] item: Leftovers\n|upkeep\n|turn|151\n|\n|t:|1698612637\n|move|p1a: Magearna|Volt Switch|p2a: Sylveon\n|-damage|p2a: Sylveon|67\/100\n|\n|t:|1698612643\n|switch|p1a: Cresselia|Cresselia, F, tera:Poison|72\/100|[from] Volt Switch\n|move|p2a: Sylveon|Roar|p1a: Cresselia\n|drag|p1a: Dialga|Dialga|5\/100\n|-ability|p1a: Dialga|Pressure\n|\n|-heal|p2a: Sylveon|73\/100|[from] item: Leftovers\n|-fieldend|move: Trick Room\n|upkeep\n|turn|152\n|inactive|Kinesquared has 270 seconds left.\n|\n|t:|1698612689\n|move|p1a: Dialga|Flash Cannon|p2a: Sylveon\n|-supereffective|p2a: Sylveon\n|-damage|p2a: Sylveon|18\/100\n|move|p2a: Sylveon|Wish|p2a: Sylveon\n|\n|-heal|p2a: Sylveon|24\/100|[from] item: Leftovers\n|upkeep\n|turn|153\n|\n|t:|1698612700\n|move|p2a: Sylveon|Protect|p2a: Sylveon\n|-singleturn|p2a: Sylveon|Protect\n|move|p1a: Dialga|Flash Cannon|p2a: Sylveon\n|-activate|p2a: Sylveon|move: Protect\n|\n|-heal|p2a: Sylveon|74\/100|[from] move: Wish|[wisher] Sylveon\n|-heal|p2a: Sylveon|80\/100|[from] item: Leftovers\n|upkeep\n|turn|154\n|\n|t:|1698612712\n|switch|p1a: Cresselia|Cresselia, F, tera:Poison|72\/100\n|switch|p2a: Urshifu|Urshifu, M|100\/100\n|\n|-heal|p1a: Cresselia|78\/100|[from] item: Leftovers\n|upkeep\n|turn|155\n|inactive|Kinesquared has 270 seconds left.\n|\n|t:|1698612730\n|switch|p1a: Magearna|Magearna|100\/100\n|move|p2a: Urshifu|U-turn|p1a: Magearna\n|-resisted|p1a: Magearna\n|-damage|p1a: Magearna|93\/100\n|\n|t:|1698612732\n|switch|p2a: Sylveon|Sylveon, F|80\/100|[from] U-turn\n|\n|-heal|p2a: Sylveon|86\/100|[from] item: Leftovers\n|-heal|p1a: Magearna|99\/100|[from] item: Leftovers\n|upkeep\n|turn|156\n|inactive|Kinesquared has 270 seconds left.\n|\n|t:|1698612748\n|switch|p2a: Urshifu|Urshifu, M|100\/100\n|switch|p1a: Cresselia|Cresselia, F, tera:Poison|78\/100\n|\n|-heal|p1a: Cresselia|84\/100|[from] item: Leftovers\n|upkeep\n|turn|157\n|inactive|Kinesquared has 270 seconds left.\n|\n|t:|1698612767\n|switch|p1a: Magearna|Magearna|99\/100\n|move|p2a: Urshifu|U-turn|p1a: Magearna\n|-resisted|p1a: Magearna\n|-damage|p1a: Magearna|90\/100\n|\n|t:|1698612769\n|switch|p2a: Sylveon|Sylveon, F|86\/100|[from] U-turn\n|\n|-heal|p2a: Sylveon|92\/100|[from] item: Leftovers\n|-heal|p1a: Magearna|96\/100|[from] item: Leftovers\n|upkeep\n|turn|158\n|inactive|Kinesquared has 270 seconds left.\n|\n|t:|1698612792\n|switch|p1a: Cresselia|Cresselia, F, tera:Poison|84\/100\n|move|p2a: Sylveon|Protect||[still]\n|-fail|p2a: Sylveon\n|\n|-heal|p1a: Cresselia|90\/100|[from] item: Leftovers\n|-heal|p2a: Sylveon|98\/100|[from] item: Leftovers\n|upkeep\n|turn|159\n|\n|t:|1698612800\n|switch|p1a: Magearna|Magearna|96\/100\n|switch|p2a: Urshifu|Urshifu, M|100\/100\n|\n|-heal|p1a: Magearna|100\/100|[from] item: Leftovers\n|upkeep\n|turn|160\n|\n|t:|1698612812\n|switch|p1a: Cresselia|Cresselia, F, tera:Poison|90\/100\n|move|p2a: Urshifu|U-turn|p1a: Cresselia\n|-resisted|p1a: Cresselia\n|-damage|p1a: Cresselia|81\/100\n|\n|t:|1698612815\n|switch|p2a: Sylveon|Sylveon, F|98\/100|[from] U-turn\n|\n|-heal|p1a: Cresselia|87\/100|[from] item: Leftovers\n|-heal|p2a: Sylveon|100\/100|[from] item: Leftovers\n|upkeep\n|turn|161\n|\n|t:|1698612824\n|switch|p1a: Magearna|Magearna|100\/100\n|switch|p2a: Urshifu|Urshifu, M|100\/100\n|\n|upkeep\n|turn|162\n|\n|t:|1698612834\n|switch|p1a: Cresselia|Cresselia, F, tera:Poison|87\/100\n|move|p2a: Urshifu|U-turn|p1a: Cresselia\n|-resisted|p1a: Cresselia\n|-damage|p1a: Cresselia|78\/100\n|\n|t:|1698612835\n|switch|p2a: Sylveon|Sylveon, F|100\/100|[from] U-turn\n|\n|-heal|p1a: Cresselia|84\/100|[from] item: Leftovers\n|upkeep\n|turn|163\n|\n|t:|1698612846\n|switch|p2a: Urshifu|Urshifu, M|100\/100\n|move|p1a: Cresselia|Calm Mind|p1a: Cresselia\n|-boost|p1a: Cresselia|spa|1\n|-boost|p1a: Cresselia|spd|1\n|\n|-heal|p1a: Cresselia|90\/100|[from] item: Leftovers\n|upkeep\n|turn|164\n|\n|t:|1698612859\n|switch|p2a: Sylveon|Sylveon, F|100\/100\n|move|p1a: Cresselia|Calm Mind|p1a: Cresselia\n|-boost|p1a: Cresselia|spa|1\n|-boost|p1a: Cresselia|spd|1\n|\n|-heal|p1a: Cresselia|96\/100|[from] item: Leftovers\n|upkeep\n|turn|165\n|\n|t:|1698612880\n|move|p1a: Cresselia|Calm Mind|p1a: Cresselia\n|-boost|p1a: Cresselia|spa|1\n|-boost|p1a: Cresselia|spd|1\n|move|p2a: Sylveon|Roar|p1a: Cresselia\n|drag|p1a: Dialga|Dialga|5\/100\n|-ability|p1a: Dialga|Pressure\n|\n|upkeep\n|turn|166\n|\n|t:|1698612902\n|switch|p1a: Magearna|Magearna|100\/100\n|move|p2a: Sylveon|Wish|p2a: Sylveon\n|\n|upkeep\n|turn|167\n|inactive|Kinesquared has 270 seconds left.\n|inactive|Shirou nanaya has 270 seconds left.\n|\n|t:|1698612934\n|switch|p1a: Cresselia|Cresselia, F, tera:Poison|96\/100\n|move|p2a: Sylveon|Protect||[still]\n|-fail|p2a: Sylveon\n|\n|-heal|p1a: Cresselia|100\/100|[from] item: Leftovers\n|upkeep\n|turn|168\n|inactive|Shirou nanaya has 270 seconds left.\n|\n|t:|1698612942\n|switch|p1a: Magearna|Magearna|100\/100\n|switch|p2a: Urshifu|Urshifu, M|100\/100\n|\n|upkeep\n|turn|169\n|inactive|Shirou nanaya has 270 seconds left.\n|\n|t:|1698612954\n|switch|p1a: Cresselia|Cresselia, F, tera:Poison|100\/100\n|move|p2a: Urshifu|U-turn|p1a: Cresselia\n|-resisted|p1a: Cresselia\n|-damage|p1a: Cresselia|92\/100\n|inactive|Shirou nanaya has 270 seconds left.\n|\n|t:|1698612963\n|switch|p2a: Sylveon|Sylveon, F|100\/100|[from] U-turn\n|\n|-heal|p1a: Cresselia|98\/100|[from] item: Leftovers\n|upkeep\n|turn|170\n|inactive|Shirou nanaya has 270 seconds left.\n|inactive|Kinesquared has 270 seconds left.\n|\n|t:|1698612985\n|switch|p1a: Dialga|Dialga|5\/100\n|-ability|p1a: Dialga|Pressure\n|switch|p2a: Urshifu|Urshifu, M|100\/100\n|\n|upkeep\n|turn|171\n|inactive|Kinesquared has 270 seconds left.\n|\n|t:|1698612993\n|switch|p1a: Cresselia|Cresselia, F, tera:Poison|98\/100\n|move|p2a: Urshifu|U-turn|p1a: Cresselia\n|-resisted|p1a: Cresselia\n|-damage|p1a: Cresselia|89\/100\n|\n|t:|1698612995\n|switch|p2a: Sylveon|Sylveon, F|100\/100|[from] U-turn\n|\n|-heal|p1a: Cresselia|95\/100|[from] item: Leftovers\n|upkeep\n|turn|172\n|\n|t:|1698613002\n|switch|p1a: Magearna|Magearna|100\/100\n|switch|p2a: Urshifu|Urshifu, M|100\/100\n|\n|upkeep\n|turn|173\n|\n|t:|1698613013\n|move|p2a: Urshifu|U-turn|p1a: Magearna\n|-resisted|p1a: Magearna\n|-damage|p1a: Magearna|93\/100\n|\n|t:|1698613020\n|switch|p2a: Sylveon|Sylveon, F|100\/100|[from] U-turn\n|move|p1a: Magearna|Volt Switch|p2a: Sylveon\n|-damage|p2a: Sylveon|90\/100\n|\n|t:|1698613027\n|switch|p1a: Dialga|Dialga|5\/100|[from] Volt Switch\n|-ability|p1a: Dialga|Pressure\n|\n|-heal|p2a: Sylveon|96\/100|[from] item: Leftovers\n|upkeep\n|turn|174\n|\n|t:|1698613048\n|switch|p2a: Urshifu|Urshifu, M|100\/100\n|move|p1a: Dialga|Trick Room|p1a: Dialga\n|-fieldstart|move: Trick Room|[of] p1a: Dialga\n|\n|upkeep\n|turn|175\n|inactive|Kinesquared has 270 seconds left.\n|\n|t:|1698613083\n|move|p2a: Urshifu|Sucker Punch|p1a: Dialga\n|-damage|p1a: Dialga|0 fnt\n|faint|p1a: Dialga\n|\n|upkeep\n|c|\u2606Kinesquared|YOOO\n|inactive|Kinesquared has 270 seconds left.\n|c|\u2606Kinesquared|nice\n|c|\u2606Kinesquared|i should have thought about that\n|\n|t:|1698613107\n|switch|p1a: Cresselia|Cresselia, F, tera:Poison|95\/100\n|turn|176\n|\n|t:|1698613112\n|switch|p2a: Sylveon|Sylveon, F|96\/100\n|move|p1a: Cresselia|Calm Mind|p1a: Cresselia\n|-boost|p1a: Cresselia|spa|1\n|-boost|p1a: Cresselia|spd|1\n|\n|-heal|p2a: Sylveon|100\/100|[from] item: Leftovers\n|-heal|p1a: Cresselia|100\/100|[from] item: Leftovers\n|upkeep\n|turn|177\n|inactive|Kinesquared has 270 seconds left.\n|\n|t:|1698613120\n|switch|p2a: Urshifu|Urshifu, M|100\/100\n|switch|p1a: Magearna|Magearna|93\/100\n|\n|-heal|p1a: Magearna|99\/100|[from] item: Leftovers\n|upkeep\n|turn|178\n|\n|t:|1698613128\n|switch|p2a: Sylveon|Sylveon, F|100\/100\n|move|p1a: Magearna|Fleur Cannon|p2a: Sylveon\n|-damage|p2a: Sylveon|72\/100\n|-unboost|p1a: Magearna|spa|2\n|\n|-heal|p1a: Magearna|100\/100|[from] item: Leftovers\n|-heal|p2a: Sylveon|78\/100|[from] item: Leftovers\n|-fieldend|move: Trick Room\n|upkeep\n|turn|179\n|c|\u2606Kinesquared|yea thats gg\n|inactive|Kinesquared has 270 seconds left.\n|c|\u2606Kinesquared|I'll forefit and save us the time\n|c|\u2606Kinesquared|good game tho\n|c|\u2606Shirou nanaya|Gg\n|inactive|Shirou nanaya has 270 seconds left.\n|-message|Kinesquared forfeited.\n|\n|win|Shirou nanaya\n","uploadtime":1698613170,"views":13,"p1id":"kinesquared","p2id":"shirounanaya","formatid":"gen9ubers","rating":0,"private":0,"password":""}