{"id":"gen9ubers-1984100885","p1":"the tr4sh man","p2":"NewHoovybeast05","format":"[Gen 9] Ubers","log":"|j|\u2606the tr4sh man\n|j|\u2606NewHoovybeast05\n|t:|1699218736\n|gametype|singles\n|player|p1|the tr4sh man|xerosic|\n|player|p2|NewHoovybeast05|palmer|\n|teamsize|p1|6\n|teamsize|p2|6\n|gen|9\n|tier|[Gen 9] Ubers\n|rule|Sleep Clause Mod: Limit one foe put to sleep\n|rule|Species Clause: Limit one of each Pok\u00e9mon\n|rule|OHKO Clause: OHKO moves are banned\n|rule|Evasion Items Clause: Evasion items are banned\n|rule|Evasion Moves Clause: Evasion moves are banned\n|rule|Endless Battle Clause: Forcing endless battles is banned\n|rule|HP Percentage Mod: HP is shown in percentages\n|clearpoke\n|poke|p1|Iron Leaves|\n|poke|p1|Pincurchin, F|\n|poke|p1|Iron Valiant|\n|poke|p1|Zapdos|\n|poke|p1|Iron Jugulis|\n|poke|p1|Raichu-Alola, F|\n|poke|p2|Iron Leaves|\n|poke|p2|Ninetales-Alola, F|\n|poke|p2|Cyclizar, M|\n|poke|p2|Baxcalibur, F|\n|poke|p2|Alomomola, F|\n|poke|p2|Moltres|\n|teampreview\n|\n|t:|1699218741\n|start\n|switch|p1a: Pincurchin|Pincurchin, F|100\/100\n|switch|p2a: Ninetales|Ninetales-Alola, F|100\/100\n|-weather|Snow|[from] ability: Snow Warning|[of] p2a: Ninetales\n|-fieldstart|move: Electric Terrain|[from] ability: Electric Surge|[of] p1a: Pincurchin\n|turn|1\n|\n|t:|1699218745\n|move|p2a: Ninetales|Aurora Veil|p2a: Ninetales\n|-sidestart|p2: NewHoovybeast05|move: Aurora Veil\n|move|p1a: Pincurchin|Toxic Spikes|p2a: Ninetales\n|-sidestart|p2: NewHoovybeast05|move: Toxic Spikes\n|\n|-weather|Snow|[upkeep]\n|upkeep\n|turn|2\n|c|\u2606the tr4sh man|now it's correct :]\n|\n|t:|1699218751\n|switch|p2a: Cyclizar|Cyclizar, M|100\/100\n|-status|p2a: Cyclizar|psn\n|move|p1a: Pincurchin|Toxic Spikes|p2a: Cyclizar\n|-sidestart|p2: NewHoovybeast05|move: Toxic Spikes\n|\n|-weather|Snow|[upkeep]\n|-damage|p2a: Cyclizar|88\/100 psn|[from] psn\n|upkeep\n|turn|3\n|c|\u2606NewHoovybeast05|i am scarfed so im kinda fucked\n|\n|t:|1699218778\n|move|p2a: Cyclizar|Rapid Spin|p1a: Pincurchin\n|-damage|p1a: Pincurchin|83\/100\n|-boost|p2a: Cyclizar|spe|1\n|-sideend|p2: NewHoovybeast05|Toxic Spikes|[from] move: Rapid Spin|[of] p2a: Cyclizar\n|move|p1a: Pincurchin|Spikes|p2a: Cyclizar\n|-sidestart|p2: NewHoovybeast05|Spikes\n|\n|-weather|Snow|[upkeep]\n|-damage|p2a: Cyclizar|76\/100 psn|[from] psn\n|upkeep\n|turn|4\n|\n|t:|1699218785\n|move|p2a: Cyclizar|Rapid Spin|p1a: Pincurchin\n|-damage|p1a: Pincurchin|65\/100\n|-boost|p2a: Cyclizar|spe|1\n|-sideend|p2: NewHoovybeast05|Spikes|[from] move: Rapid Spin|[of] p2a: Cyclizar\n|move|p1a: Pincurchin|Toxic Spikes|p2a: Cyclizar\n|-sidestart|p2: NewHoovybeast05|move: Toxic Spikes\n|\n|-weather|Snow|[upkeep]\n|-damage|p2a: Cyclizar|63\/100 psn|[from] psn\n|upkeep\n|turn|5\n|\n|t:|1699218790\n|move|p2a: Cyclizar|Rapid Spin|p1a: Pincurchin\n|-damage|p1a: Pincurchin|46\/100\n|-boost|p2a: Cyclizar|spe|1\n|-sideend|p2: NewHoovybeast05|Toxic Spikes|[from] move: Rapid Spin|[of] p2a: Cyclizar\n|move|p1a: Pincurchin|Toxic Spikes|p2a: Cyclizar\n|-sidestart|p2: NewHoovybeast05|move: Toxic Spikes\n|\n|-weather|none\n|-damage|p2a: Cyclizar|51\/100 psn|[from] psn\n|-fieldend|move: Electric Terrain\n|upkeep\n|turn|6\n|c|\u2606the tr4sh man|dang\n|\n|t:|1699218799\n|switch|p2a: Iron Leaves|Iron Leaves|100\/100\n|-status|p2a: Iron Leaves|psn\n|-enditem|p2a: Iron Leaves|Booster Energy\n|-activate|p2a: Iron Leaves|ability: Quark Drive|[fromitem]\n|-start|p2a: Iron Leaves|quarkdrivespe\n|move|p1a: Pincurchin|Toxic Spikes|p2a: Iron Leaves\n|-sidestart|p2: NewHoovybeast05|move: Toxic Spikes\n|\n|-damage|p2a: Iron Leaves|88\/100 psn|[from] psn\n|upkeep\n|turn|7\n|\n|t:|1699218804\n|switch|p1a: Zapdos|Zapdos|100\/100\n|move|p2a: Iron Leaves|Swords Dance|p2a: Iron Leaves\n|-boost|p2a: Iron Leaves|atk|2\n|\n|-damage|p2a: Iron Leaves|76\/100 psn|[from] psn\n|upkeep\n|turn|8\n|\n|t:|1699218808\n|move|p2a: Iron Leaves|Psyblade|p1a: Zapdos\n|-damage|p1a: Zapdos|46\/100\n|move|p1a: Zapdos|U-turn|p2a: Iron Leaves\n|-supereffective|p2a: Iron Leaves\n|-damage|p2a: Iron Leaves|47\/100 psn\n|\n|t:|1699218810\n|switch|p1a: Pincurchin|Pincurchin, F|46\/100|[from] U-turn\n|-fieldstart|move: Electric Terrain|[from] ability: Electric Surge|[of] p1a: Pincurchin\n|\n|-damage|p2a: Iron Leaves|34\/100 psn|[from] psn\n|-sideend|p2: NewHoovybeast05|move: Aurora Veil\n|upkeep\n|turn|9\n|\n|t:|1699218815\n|move|p2a: Iron Leaves|Leaf Blade|p1a: Pincurchin\n|-damage|p1a: Pincurchin|0 fnt\n|faint|p1a: Pincurchin\n|\n|-damage|p2a: Iron Leaves|22\/100 psn|[from] psn\n|upkeep\n|\n|t:|1699218820\n|switch|p1a: Iron Jugulis|Iron Jugulis|100\/100\n|-activate|p1a: Iron Jugulis|ability: Quark Drive\n|-start|p1a: Iron Jugulis|quarkdrivespe\n|turn|10\n|\n|t:|1699218825\n|move|p1a: Iron Jugulis|Dark Pulse|p2a: Iron Leaves\n|-supereffective|p2a: Iron Leaves\n|-damage|p2a: Iron Leaves|0 fnt\n|faint|p2a: Iron Leaves\n|-end|p2a: Iron Leaves|Quark Drive|[silent]\n|-damage|p1a: Iron Jugulis|91\/100|[from] item: Life Orb\n|\n|upkeep\n|\n|t:|1699218831\n|switch|p2a: Ninetales|Ninetales-Alola, F|100\/100\n|-status|p2a: Ninetales|tox\n|-weather|Snow|[from] ability: Snow Warning|[of] p2a: Ninetales\n|turn|11\n|\n|t:|1699218835\n|move|p1a: Iron Jugulis|Hurricane|p2a: Ninetales\n|-damage|p2a: Ninetales|28\/100 tox\n|-start|p2a: Ninetales|confusion\n|-damage|p1a: Iron Jugulis|81\/100|[from] item: Life Orb\n|-activate|p2a: Ninetales|confusion\n|-damage|p2a: Ninetales|22\/100 tox|[from] confusion\n|\n|-weather|Snow|[upkeep]\n|-damage|p2a: Ninetales|16\/100 tox|[from] psn\n|upkeep\n|turn|12\n|\n|t:|1699218842\n|move|p1a: Iron Jugulis|Earth Power|p2a: Ninetales\n|-damage|p2a: Ninetales|0 fnt\n|faint|p2a: Ninetales\n|-damage|p1a: Iron Jugulis|71\/100|[from] item: Life Orb\n|\n|-weather|Snow|[upkeep]\n|-fieldend|move: Electric Terrain\n|-end|p1a: Iron Jugulis|Quark Drive\n|upkeep\n|c|\u2606NewHoovybeast05|this is now the third game this has happened today\n|\n|t:|1699218858\n|switch|p2a: Baxcalibur|Baxcalibur, F|100\/100\n|-status|p2a: Baxcalibur|tox\n|turn|13\n|c|\u2606the tr4sh man|the confusion??\n|\n|t:|1699218867\n|move|p1a: Iron Jugulis|Dark Pulse|p2a: Baxcalibur\n|-damage|p2a: Baxcalibur|43\/100 tox\n|-damage|p1a: Iron Jugulis|62\/100|[from] item: Life Orb\n|move|p2a: Baxcalibur|Scale Shot|p1a: Iron Jugulis\n|-damage|p1a: Iron Jugulis|44\/100\n|-damage|p1a: Iron Jugulis|27\/100\n|-damage|p1a: Iron Jugulis|11\/100\n|-damage|p1a: Iron Jugulis|0 fnt\n|faint|p1a: Iron Jugulis\n|-end|p1a: Iron Jugulis|Quark Drive|[silent]\n|-hitcount|p1: Iron Jugulis|4\n|-unboost|p2a: Baxcalibur|def|1\n|-boost|p2a: Baxcalibur|spe|1\n|\n|-weather|Snow|[upkeep]\n|-damage|p2a: Baxcalibur|37\/100 tox|[from] psn\n|upkeep\n|c|\u2606NewHoovybeast05|yepp\n|c|\u2606the tr4sh man|unfort\n|\n|t:|1699218879\n|switch|p1a: Iron Valiant|Iron Valiant|100\/100\n|turn|14\n|\n|t:|1699218883\n|move|p2a: Baxcalibur|Icicle Spear|p1a: Iron Valiant\n|-damage|p1a: Iron Valiant|83\/100\n|-damage|p1a: Iron Valiant|65\/100\n|-damage|p1a: Iron Valiant|48\/100\n|-damage|p1a: Iron Valiant|29\/100\n|-damage|p1a: Iron Valiant|12\/100\n|-hitcount|p1a: Iron Valiant|5\n|move|p1a: Iron Valiant|Moonblast|p2a: Baxcalibur\n|-supereffective|p2a: Baxcalibur\n|-damage|p2a: Baxcalibur|0 fnt\n|faint|p2a: Baxcalibur\n|\n|-weather|Snow|[upkeep]\n|upkeep\n|\n|t:|1699218892\n|switch|p2a: Moltres|Moltres|100\/100\n|turn|15\n|\n|t:|1699218898\n|move|p1a: Iron Valiant|Moonblast|p2a: Moltres\n|-resisted|p2a: Moltres\n|-crit|p2a: Moltres\n|-damage|p2a: Moltres|66\/100\n|-unboost|p2a: Moltres|spa|1\n|move|p2a: Moltres|Flamethrower|p1a: Iron Valiant\n|-damage|p1a: Iron Valiant|0 fnt\n|faint|p1a: Iron Valiant\n|-end|p1a: Iron Valiant|Quark Drive|[silent]\n|\n|-weather|none\n|upkeep\n|\n|t:|1699218899\n|switch|p1a: Zapdos|Zapdos|46\/100\n|turn|16\n|\n|t:|1699218904\n|switch|p2a: Cyclizar|Cyclizar, M|84\/100 psn\n|move|p1a: Zapdos|Roost|p1a: Zapdos\n|-heal|p1a: Zapdos|96\/100\n|-singleturn|p1a: Zapdos|move: Roost\n|\n|-damage|p2a: Cyclizar|71\/100 psn|[from] psn\n|upkeep\n|turn|17\n|\n|t:|1699218908\n|move|p2a: Cyclizar|Rapid Spin|p1a: Zapdos\n|-damage|p1a: Zapdos|82\/100\n|-boost|p2a: Cyclizar|spe|1\n|-sideend|p2: NewHoovybeast05|Toxic Spikes|[from] move: Rapid Spin|[of] p2a: Cyclizar\n|move|p1a: Zapdos|Electric Terrain|p1a: Zapdos\n|-fieldstart|move: Electric Terrain\n|\n|-damage|p2a: Cyclizar|59\/100 psn|[from] psn\n|upkeep\n|turn|18\n|\n|t:|1699218911\n|switch|p2a: Alomomola|Alomomola, F|100\/100\n|move|p1a: Zapdos|Volt Switch|p2a: Alomomola\n|-supereffective|p2a: Alomomola\n|-damage|p2a: Alomomola|28\/100\n|\n|t:|1699218914\n|switch|p1a: Iron Leaves|Iron Leaves|100\/100|[from] Volt Switch\n|-activate|p1a: Iron Leaves|ability: Quark Drive\n|-start|p1a: Iron Leaves|quarkdrivespe\n|\n|upkeep\n|turn|19\n|\n|t:|1699218917\n|switch|p2a: Moltres|Moltres|66\/100\n|move|p1a: Iron Leaves|Swords Dance|p1a: Iron Leaves\n|-boost|p1a: Iron Leaves|atk|2\n|\n|upkeep\n|turn|20\n|\n|t:|1699218925\n|move|p1a: Iron Leaves|Psyblade|p2a: Moltres\n|-damage|p2a: Moltres|0 fnt\n|faint|p2a: Moltres\n|\n|upkeep\n|\n|t:|1699218928\n|switch|p2a: Cyclizar|Cyclizar, M|92\/100 psn\n|turn|21\n|\n|t:|1699218934\n|-terastallize|p1a: Iron Leaves|Fighting\n|move|p2a: Cyclizar|Knock Off|p1a: Iron Leaves\n|-resisted|p1a: Iron Leaves\n|-damage|p1a: Iron Leaves|86\/100\n|-enditem|p1a: Iron Leaves|Heavy-Duty Boots|[from] move: Knock Off|[of] p2a: Cyclizar\n|move|p1a: Iron Leaves|Psyblade|p2a: Cyclizar\n|-damage|p2a: Cyclizar|0 fnt\n|faint|p2a: Cyclizar\n|\n|upkeep\n|\n|t:|1699218941\n|switch|p2a: Alomomola|Alomomola, F|62\/100\n|turn|22\n|\n|t:|1699218945\n|move|p1a: Iron Leaves|Leaf Blade|p2a: Alomomola\n|-supereffective|p2a: Alomomola\n|-damage|p2a: Alomomola|0 fnt\n|faint|p2a: Alomomola\n|\n|win|the tr4sh man\n|c|\u2606the tr4sh man|gg\n|c|\u2606NewHoovybeast05|gg\n|c|\u2606NewHoovybeast05|you have opened my eyes\n|c|\u2606the tr4sh man|:]\n|c|\u2606NewHoovybeast05|on how to make Iron Leaves teams\n|c|\u2606the tr4sh man|glad i could help\n|c|\u2606NewHoovybeast05|idek what im thinking with the snowsub\n|c|\u2606NewHoovybeast05|like yeah it is good but only for one pokemon\n|c|\u2606NewHoovybeast05|specs raichu btw?\n|c|\u2606the tr4sh man|np\n|c|\u2606the tr4sh man|(nasty plot)\n|c|\u2606NewHoovybeast05|bruhhh\n|c|\u2606NewHoovybeast05|no way\n|c|\u2606the tr4sh man|yes way\n|c|\u2606NewHoovybeast05|modest?\n|c|\u2606the tr4sh man|nah timid\n|c|\u2606the tr4sh man|could be modest tho\n|c|\u2606the tr4sh man|up to preference\n|c|\u2606NewHoovybeast05|TIMID??\n|c|\u2606the tr4sh man|timid.\n|c|\u2606NewHoovybeast05|dude that boy is light speed\n|c|\u2606the tr4sh man|yeah i get to outspeed the rare scarf zacian :]\n|c|\u2606NewHoovybeast05|how fast is scarf zac?\n|c|\u2606the tr4sh man|!math 412 * 1.5\n|c| the tr4sh man|\/raw <div class=\"infobox\">412 * 1.5<br \/>= <strong>618<\/strong><\/div>\n|c|\u2606the tr4sh man|as compared to raichu:\n|c|\u2606NewHoovybeast05|damn that fast\n|c|\u2606NewHoovybeast05|wait\n|c|\u2606the tr4sh man|!math 350 * 2\n|c| the tr4sh man|\/raw <div class=\"infobox\">350 * 2<br \/>= <strong>700<\/strong><\/div>\n|c|\u2606NewHoovybeast05|dude\n|c|\u2606NewHoovybeast05|modest still outspeeds in electric\n|c|\u2606the tr4sh man|oh true\n|c|\u2606the tr4sh man|i just like being fast tho\n|c|\u2606the tr4sh man|:]\n|c|\u2606NewHoovybeast05|raichu be zoomin\n|c|\u2606the tr4sh man|can't wait for rising voltage to come back\n|c|\u2606NewHoovybeast05|what that?\n|c|\u2606NewHoovybeast05|!dt rising voltage\n|raw|<ul class=\"utilichart\"><li class=\"result\"><span class=\"col movenamecol\"><a href=\"https:\/\/dex.pokemonshowdown.com\/moves\/risingvoltage\">Rising Voltage<\/a><\/span> <span class=\"col typecol\"><img src=\"\/\/play.pokemonshowdown.com\/sprites\/types\/Electric.png\" alt=\"Electric\" width=\"32\" height=\"14\"><img src=\"\/\/play.pokemonshowdown.com\/sprites\/categories\/Special.png\" alt=\"Special\" width=\"32\" height=\"14\"><\/span> <span class=\"col labelcol\"><em>Power<\/em><br>70<\/span> <span class=\"col widelabelcol\"><em>Accuracy<\/em><br>100%<\/span> <span class=\"col pplabelcol\"><em>PP<\/em><br>32<\/span> <span class=\"col movedesccol\">2x power if target is grounded in Electric Terrain.<\/span> <\/li><li style=\"clear:both\"><\/li><\/ul>\n|raw|<font size=\"1\"><font color=\"#686868\">Priority:<\/font> 0&nbsp;|&ThickSpace;<font color=\"#686868\">Gen:<\/font> 8&nbsp;|&ThickSpace;<font color=\"#686868\">Z-Power:<\/font> 140&nbsp;|&ThickSpace;<font color=\"#686868\">Dynamax Power:<\/font> 140&nbsp;|&ThickSpace;<font color=\"#686868\">Target:<\/font> One Adjacent Pok\u00e9mon<\/font>\n\n|c|\u2606the tr4sh man|yeah\n|c|\u2606NewHoovybeast05|OH DAMN\n|c|\u2606the tr4sh man|pretty nice move\n|c|\u2606the tr4sh man|:]\n|c|\u2606NewHoovybeast05|BIGBOYDAMAGE\n|c|\u2606NewHoovybeast05|yo gotta go now\n|c|\u2606NewHoovybeast05|ggs bro, love playin with u\n|l|\u2606NewHoovybeast05\n","uploadtime":1699219759,"views":3,"p1id":"thetr4shman","p2id":"newhoovybeast05","formatid":"gen9ubers","rating":0,"private":0,"password":""}