{"id":"gen9ubers-1979190781","p1":"THEMIMIIIIIIC","p2":"meatrub","format":"[Gen 9] Ubers","log":"|j|\u2606THEMIMIIIIIIC\n|j|\u2606meatrub\n|t:|1698647897\n|gametype|singles\n|player|p1|THEMIMIIIIIIC|red-masters|1409\n|player|p2|meatrub|swimmer-gen4|1278\n|teamsize|p1|6\n|teamsize|p2|6\n|gen|9\n|tier|[Gen 9] Ubers\n|rated|\n|rule|Sleep Clause Mod: Limit one foe put to sleep\n|rule|Species Clause: Limit one of each Pok\u00e9mon\n|rule|OHKO Clause: OHKO moves are banned\n|rule|Evasion Items Clause: Evasion items are banned\n|rule|Evasion Moves Clause: Evasion moves are banned\n|rule|Endless Battle Clause: Forcing endless battles is banned\n|rule|HP Percentage Mod: HP is shown in percentages\n|clearpoke\n|poke|p1|Kyogre|\n|poke|p1|Miraidon|\n|poke|p1|Chien-Pao|\n|poke|p1|Zacian-*|\n|poke|p1|Flutter Mane|\n|poke|p1|Giratina|\n|poke|p2|Koraidon|\n|poke|p2|Grimmsnarl, M|\n|poke|p2|Glimmora, M|\n|poke|p2|Ogerpon-Hearthflame, F|\n|poke|p2|Flutter Mane|\n|poke|p2|Arceus-Flying|\n|teampreview\n|inactive|Battle timer is ON: inactive players will automatically lose when time's up. (requested by THEMIMIIIIIIC)\n|\n|t:|1698647903\n|start\n|switch|p1a: Kyogre|Kyogre|100\/100\n|switch|p2a: Glimmora|Glimmora, M|100\/100\n|-weather|RainDance|[from] ability: Drizzle|[of] p1a: Kyogre\n|turn|1\n|\n|t:|1698647913\n|move|p1a: Kyogre|Water Spout|p2a: Glimmora\n|-supereffective|p2a: Glimmora\n|-enditem|p2a: Glimmora|Focus Sash\n|-damage|p2a: Glimmora|1\/100\n|move|p2a: Glimmora|Stealth Rock|p1a: Kyogre\n|-sidestart|p1: THEMIMIIIIIIC|move: Stealth Rock\n|\n|-weather|RainDance|[upkeep]\n|upkeep\n|turn|2\n|\n|t:|1698647922\n|move|p1a: Kyogre|Water Spout|p2a: Glimmora\n|-supereffective|p2a: Glimmora\n|-damage|p2a: Glimmora|0 fnt\n|faint|p2a: Glimmora\n|\n|-weather|RainDance|[upkeep]\n|upkeep\n|\n|t:|1698647930\n|switch|p2a: Grimmsnarl|Grimmsnarl, M|100\/100\n|turn|3\n|\n|t:|1698647934\n|move|p2a: Grimmsnarl|Light Screen|p2a: Grimmsnarl\n|-sidestart|p2: meatrub|move: Light Screen\n|move|p1a: Kyogre|Water Spout|p2a: Grimmsnarl\n|-crit|p2a: Grimmsnarl\n|-damage|p2a: Grimmsnarl|0 fnt\n|faint|p2a: Grimmsnarl\n|\n|-weather|RainDance|[upkeep]\n|upkeep\n|\n|t:|1698647954\n|switch|p2a: Arceus|Arceus-Flying|100\/100\n|turn|4\n|c|\u2606THEMIMIIIIIIC|That ain't no Arceus steel\n|\n|t:|1698647969\n|switch|p1a: Giratina|Giratina, shiny|100\/100\n|-damage|p1a: Giratina|88\/100|[from] Stealth Rock\n|-ability|p1a: Giratina|Pressure\n|move|p2a: Arceus|Calm Mind|p2a: Arceus\n|-boost|p2a: Arceus|spa|1\n|-boost|p2a: Arceus|spd|1\n|\n|-weather|RainDance|[upkeep]\n|-heal|p1a: Giratina|94\/100|[from] item: Leftovers\n|upkeep\n|turn|5\n|\n|t:|1698647981\n|move|p2a: Arceus|Taunt|p1a: Giratina\n|-start|p1a: Giratina|move: Taunt\n|cant|p1a: Giratina|move: Taunt|Defog\n|\n|-weather|none\n|-heal|p1a: Giratina|99\/100|[from] item: Leftovers\n|upkeep\n|turn|6\n|\n|t:|1698647996\n|switch|p1a: Flutter Mane|Flutter Mane|100\/100\n|-damage|p1a: Flutter Mane|88\/100|[from] Stealth Rock\n|-enditem|p1a: Flutter Mane|Booster Energy\n|-activate|p1a: Flutter Mane|ability: Protosynthesis|[fromitem]\n|-start|p1a: Flutter Mane|protosynthesisspe\n|move|p2a: Arceus|Calm Mind|p2a: Arceus\n|-boost|p2a: Arceus|spa|1\n|-boost|p2a: Arceus|spd|1\n|\n|upkeep\n|turn|7\n|\n|t:|1698648008\n|move|p1a: Flutter Mane|Calm Mind|p1a: Flutter Mane\n|-boost|p1a: Flutter Mane|spa|1\n|-boost|p1a: Flutter Mane|spd|1\n|move|p2a: Arceus|Judgment|p1a: Flutter Mane\n|-damage|p1a: Flutter Mane|17\/100\n|\n|upkeep\n|turn|8\n|\n|t:|1698648016\n|move|p1a: Flutter Mane|Moonblast|p2a: Arceus\n|-damage|p2a: Arceus|88\/100\n|move|p2a: Arceus|Judgment|p1a: Flutter Mane\n|-damage|p1a: Flutter Mane|0 fnt\n|faint|p1a: Flutter Mane\n|-end|p1a: Flutter Mane|Protosynthesis|[silent]\n|\n|upkeep\n|\n|t:|1698648022\n|switch|p1a: Chien-Pao|Chien-Pao|100\/100\n|-damage|p1a: Chien-Pao|76\/100|[from] Stealth Rock\n|-ability|p1a: Chien-Pao|Sword of Ruin\n|turn|9\n|\n|t:|1698648031\n|move|p1a: Chien-Pao|Ice Spinner|p2a: Arceus\n|-supereffective|p2a: Arceus\n|-damage|p2a: Arceus|0 fnt\n|faint|p2a: Arceus\n|\n|upkeep\n|\n|t:|1698648037\n|switch|p2a: Ogerpon|Ogerpon-Hearthflame, F|100\/100\n|-ability|p2a: Ogerpon|Mold Breaker\n|turn|10\n|\n|t:|1698648050\n|switch|p1a: Giratina|Giratina, shiny|99\/100\n|-damage|p1a: Giratina|88\/100|[from] Stealth Rock\n|-ability|p1a: Giratina|Pressure\n|move|p2a: Ogerpon|Swords Dance|p2a: Ogerpon\n|-boost|p2a: Ogerpon|atk|2\n|\n|-heal|p1a: Giratina|94\/100|[from] item: Leftovers\n|-sideend|p2: meatrub|move: Light Screen\n|upkeep\n|turn|11\n|\n|t:|1698648071\n|move|p2a: Ogerpon|Ivy Cudgel|p1a: Giratina\n|-resisted|p1a: Giratina\n|-damage|p1a: Giratina|63\/100\n|move|p1a: Giratina|Defog|p2a: Ogerpon\n|-unboost|p2a: Ogerpon|evasion|1\n|-sideend|p1: THEMIMIIIIIIC|Stealth Rock|[from] move: Defog|[of] p1a: Giratina\n|\n|-heal|p1a: Giratina|69\/100|[from] item: Leftovers\n|upkeep\n|turn|12\n|\n|t:|1698648080\n|move|p2a: Ogerpon|Swords Dance|p2a: Ogerpon\n|-boost|p2a: Ogerpon|atk|2\n|move|p1a: Giratina|Draco Meteor|p2a: Ogerpon\n|-damage|p2a: Ogerpon|44\/100\n|-unboost|p1a: Giratina|spa|2\n|\n|-heal|p1a: Giratina|75\/100|[from] item: Leftovers\n|upkeep\n|turn|13\n|\n|t:|1698648092\n|move|p2a: Ogerpon|Horn Leech|p1a: Giratina\n|-resisted|p1a: Giratina\n|-damage|p1a: Giratina|39\/100\n|-heal|p2a: Ogerpon|74\/100|[from] drain|[of] p1a: Giratina\n|move|p1a: Giratina|Draco Meteor|p2a: Ogerpon\n|-damage|p2a: Ogerpon|44\/100\n|-unboost|p1a: Giratina|spa|2\n|\n|-heal|p1a: Giratina|46\/100|[from] item: Leftovers\n|upkeep\n|turn|14\n|\n|t:|1698648104\n|move|p2a: Ogerpon|Horn Leech|p1a: Giratina\n|-resisted|p1a: Giratina\n|-damage|p1a: Giratina|7\/100\n|-heal|p2a: Ogerpon|76\/100|[from] drain|[of] p1a: Giratina\n|move|p1a: Giratina|Draco Meteor|p2a: Ogerpon\n|-damage|p2a: Ogerpon|58\/100\n|-unboost|p1a: Giratina|spa|2\n|\n|-heal|p1a: Giratina|13\/100|[from] item: Leftovers\n|upkeep\n|turn|15\n|\n|t:|1698648116\n|move|p2a: Ogerpon|Horn Leech|p1a: Giratina\n|-resisted|p1a: Giratina\n|-damage|p1a: Giratina|0 fnt\n|-heal|p2a: Ogerpon|69\/100|[from] drain|[of] p1a: Giratina\n|faint|p1a: Giratina\n|\n|upkeep\n|\n|t:|1698648119\n|switch|p1a: Kyogre|Kyogre|100\/100\n|-weather|RainDance|[from] ability: Drizzle|[of] p1a: Kyogre\n|turn|16\n|\n|t:|1698648129\n|-terastallize|p2a: Ogerpon|Fire\n|detailschange|p2a: Ogerpon|Ogerpon-Hearthflame-Tera, F, tera:Fire\n|-ability|p2a: Ogerpon|Embody Aspect (Hearthflame)|boost\n|-boost|p2a: Ogerpon|atk|1\n|move|p1a: Kyogre|Water Spout|p2a: Ogerpon\n|-supereffective|p2a: Ogerpon\n|-damage|p2a: Ogerpon|0 fnt\n|faint|p2a: Ogerpon\n|\n|-weather|RainDance|[upkeep]\n|upkeep\n|-message|meatrub forfeited.\n|\n|win|THEMIMIIIIIIC\n|raw|THEMIMIIIIIIC's rating: 1409 &rarr; <strong>1422<\/strong><br \/>(+13 for winning)\n|raw|meatrub's rating: 1278 &rarr; <strong>1262<\/strong><br \/>(-16 for losing)\n|l|\u2606meatrub\n","uploadtime":1698648143,"views":16,"p1id":"themimiiiiiic","p2id":"meatrub","formatid":"gen9ubers","rating":1262,"private":0,"password":""}