{"id":"gen9ubers-1989882892","p1":"bennymbs","p2":"LadyMaria-Blue","format":"[Gen 9] Ubers","log":"|j|\u2606bennymbs\n|j|\u2606LadyMaria-Blue\n|t:|1699903642\n|gametype|singles\n|player|p1|bennymbs|mina|\n|player|p2|LadyMaria-Blue|cynthia|\n|teamsize|p1|6\n|teamsize|p2|6\n|gen|9\n|tier|[Gen 9] Ubers\n|rule|Sleep Clause Mod: Limit one foe put to sleep\n|rule|Species Clause: Limit one of each Pok\u00e9mon\n|rule|OHKO Clause: OHKO moves are banned\n|rule|Evasion Items Clause: Evasion items are banned\n|rule|Evasion Moves Clause: Evasion moves are banned\n|rule|Endless Battle Clause: Forcing endless battles is banned\n|rule|HP Percentage Mod: HP is shown in percentages\n|clearpoke\n|poke|p1|Arceus-Poison|\n|poke|p1|Clefable, M|\n|poke|p1|Orthworm, M|\n|poke|p1|Blissey, F|\n|poke|p1|Cyclizar, F|\n|poke|p1|Zacian-*|\n|poke|p2|Baxcalibur, F|\n|poke|p2|Milotic, F|\n|poke|p2|Zacian-*|\n|poke|p2|Moltres|\n|poke|p2|Arceus-Poison|\n|poke|p2|Magearna|\n|teampreview\n|inactive|Battle timer is ON: inactive players will automatically lose when time's up. (requested by bennymbs)\n|inactive|bennymbs has 270 seconds left.\n|inactive|LadyMaria-Blue has 270 seconds left.\n|\n|t:|1699903683\n|start\n|switch|p1a: Clefable|Clefable, M|100\/100\n|switch|p2a: Arceus|Arceus-Poison|100\/100\n|turn|1\n|\n|t:|1699903699\n|switch|p1a: Arceus|Arceus-Poison|100\/100\n|move|p2a: Arceus|Judgment|p1a: Arceus\n|-resisted|p1a: Arceus\n|-damage|p1a: Arceus|88\/100\n|\n|upkeep\n|turn|2\n|\n|t:|1699903704\n|move|p2a: Arceus|Earth Power|p1a: Arceus\n|-supereffective|p1a: Arceus\n|-damage|p1a: Arceus|62\/100\n|move|p1a: Arceus|Bulk Up|p1a: Arceus\n|-boost|p1a: Arceus|atk|1\n|-boost|p1a: Arceus|def|1\n|\n|upkeep\n|turn|3\n|\n|t:|1699903707\n|move|p2a: Arceus|Calm Mind|p2a: Arceus\n|-boost|p2a: Arceus|spa|1\n|-boost|p2a: Arceus|spd|1\n|move|p1a: Arceus|Earthquake|p2a: Arceus\n|-supereffective|p2a: Arceus\n|-damage|p2a: Arceus|49\/100\n|\n|upkeep\n|turn|4\n|\n|t:|1699903709\n|move|p2a: Arceus|Earth Power|p1a: Arceus\n|-supereffective|p1a: Arceus\n|-damage|p1a: Arceus|29\/100\n|move|p1a: Arceus|Earthquake|p2a: Arceus\n|-supereffective|p2a: Arceus\n|-damage|p2a: Arceus|0 fnt\n|faint|p2a: Arceus\n|\n|upkeep\n|\n|t:|1699903720\n|switch|p2a: Moltres|Moltres|100\/100\n|turn|5\n|\n|t:|1699903723\n|move|p1a: Arceus|Recover|p1a: Arceus\n|-heal|p1a: Arceus|79\/100\n|move|p2a: Moltres|Will-O-Wisp|p1a: Arceus\n|-status|p1a: Arceus|brn\n|\n|-damage|p1a: Arceus|73\/100 brn|[from] brn\n|upkeep\n|turn|6\n|\n|t:|1699903728\n|move|p1a: Arceus|Poison Jab|p2a: Moltres\n|-damage|p2a: Moltres|83\/100\n|move|p2a: Moltres|Roar|p1a: Arceus\n|drag|p1a: Orthworm|Orthworm, M|100\/100\n|\n|upkeep\n|turn|7\n|\n|t:|1699903735\n|switch|p1a: Blissey|Blissey, F, shiny|100\/100\n|move|p2a: Moltres|Hurricane|p1a: Blissey|[miss]\n|-miss|p2a: Moltres|p1a: Blissey\n|\n|upkeep\n|turn|8\n|\n|t:|1699903743\n|switch|p2a: Magearna|Magearna|100\/100\n|move|p1a: Blissey|Stealth Rock|p2a: Magearna\n|-sidestart|p2: LadyMaria-Blue|move: Stealth Rock\n|\n|upkeep\n|turn|9\n|\n|t:|1699903748\n|move|p2a: Magearna|Thunder Wave|p1a: Blissey\n|-status|p1a: Blissey|par\n|cant|p1a: Blissey|par\n|\n|upkeep\n|turn|10\n|\n|t:|1699903752\n|move|p2a: Magearna|Spikes|p1a: Blissey\n|-sidestart|p1: bennymbs|Spikes\n|cant|p1a: Blissey|par\n|\n|upkeep\n|turn|11\n|\n|t:|1699903755\n|move|p2a: Magearna|Spikes|p1a: Blissey\n|-sidestart|p1: bennymbs|Spikes\n|move|p1a: Blissey|Heal Bell|p1a: Blissey\n|-activate|p1a: Blissey|move: Heal Bell\n|-curestatus|p1a: Blissey|par|[msg]\n|-curestatus|p1: Arceus|brn|[msg]\n|\n|upkeep\n|turn|12\n|\n|t:|1699903760\n|move|p2a: Magearna|Thunder Wave|p1a: Blissey\n|-status|p1a: Blissey|par\n|move|p1a: Blissey|Seismic Toss|p2a: Magearna\n|-damage|p2a: Magearna|73\/100\n|\n|-heal|p2a: Magearna|79\/100|[from] item: Leftovers\n|upkeep\n|turn|13\n|\n|t:|1699903789\n|move|p2a: Magearna|Spikes|p1a: Blissey\n|-sidestart|p1: bennymbs|Spikes\n|cant|p1a: Blissey|par\n|\n|-heal|p2a: Magearna|85\/100|[from] item: Leftovers\n|upkeep\n|turn|14\n|\n|t:|1699903792\n|move|p2a: Magearna|Volt Switch|p1a: Blissey\n|-damage|p1a: Blissey|95\/100 par\n|\n|t:|1699903797\n|switch|p2a: Milotic|Milotic, F, shiny|100\/100|[from] Volt Switch\n|-damage|p2a: Milotic|88\/100|[from] Stealth Rock\n|move|p1a: Blissey|Seismic Toss|p2a: Milotic\n|-damage|p2a: Milotic|63\/100\n|\n|-heal|p2a: Milotic|69\/100|[from] item: Leftovers\n|-heal|p1a: Blissey|100\/100 par|[from] item: Leftovers\n|upkeep\n|turn|15\n|\n|t:|1699903807\n|-curestatus|p1a: Blissey|par|[from] ability: Natural Cure\n|switch|p1a: Cyclizar|Cyclizar, F|100\/100\n|move|p2a: Milotic|Recover|p2a: Milotic\n|-heal|p2a: Milotic|100\/100\n|\n|upkeep\n|turn|16\n|\n|t:|1699903812\n|move|p1a: Cyclizar|Rapid Spin|p2a: Milotic\n|-damage|p2a: Milotic|85\/100\n|-boost|p1a: Cyclizar|spe|1\n|-sideend|p1: bennymbs|Spikes|[from] move: Rapid Spin|[of] p1a: Cyclizar\n|move|p2a: Milotic|Scald|p1a: Cyclizar\n|-resisted|p1a: Cyclizar\n|-damage|p1a: Cyclizar|81\/100\n|\n|-heal|p2a: Milotic|91\/100|[from] item: Leftovers\n|upkeep\n|turn|17\n|\n|t:|1699903824\n|move|p1a: Cyclizar|Knock Off|p2a: Milotic\n|-damage|p2a: Milotic|70\/100\n|-enditem|p2a: Milotic|Leftovers|[from] move: Knock Off|[of] p1a: Cyclizar\n|move|p2a: Milotic|Flip Turn|p1a: Cyclizar\n|-resisted|p1a: Cyclizar\n|-damage|p1a: Cyclizar|73\/100\n|\n|t:|1699903831\n|switch|p2a: Magearna|Magearna|85\/100|[from] Flip Turn\n|-damage|p2a: Magearna|79\/100|[from] Stealth Rock\n|\n|-heal|p2a: Magearna|85\/100|[from] item: Leftovers\n|upkeep\n|turn|18\n|\n|t:|1699903838\n|move|p1a: Cyclizar|Shed Tail|p1a: Cyclizar\n|-start|p1a: Cyclizar|Substitute|[from] move: Shed Tail\n|-damage|p1a: Cyclizar|22\/100\n|\n|t:|1699903854\n|switch|p1a: Arceus|Arceus-Poison|73\/100|[from] Shed Tail\n|move|p2a: Magearna|Fleur Cannon|p1a: Arceus\n|-resisted|p1a: Arceus\n|-activate|p1a: Arceus|move: Substitute|[damage]\n|-unboost|p2a: Magearna|spa|2\n|\n|-heal|p2a: Magearna|91\/100|[from] item: Leftovers\n|upkeep\n|turn|19\n|\n|t:|1699903863\n|move|p1a: Arceus|Earthquake|p2a: Magearna\n|-supereffective|p2a: Magearna\n|-damage|p2a: Magearna|49\/100\n|move|p2a: Magearna|Volt Switch|p1a: Arceus\n|-activate|p1a: Arceus|move: Substitute|[damage]\n|\n|t:|1699903870\n|switch|p2a: Moltres|Moltres|83\/100|[from] Volt Switch\n|\n|upkeep\n|turn|20\n|\n|t:|1699903875\n|move|p1a: Arceus|Poison Jab|p2a: Moltres\n|-damage|p2a: Moltres|57\/100\n|move|p2a: Moltres|Roar|p1a: Arceus\n|drag|p1a: Zacian|Zacian, shiny|100\/100\n|-ability|p1a: Zacian|Intrepid Sword|boost\n|-boost|p1a: Zacian|atk|1\n|\n|upkeep\n|turn|21\n|\n|t:|1699903894\n|switch|p1a: Cyclizar|Cyclizar, F|56\/100\n|move|p2a: Moltres|Will-O-Wisp|p1a: Cyclizar\n|-status|p1a: Cyclizar|brn\n|\n|-damage|p1a: Cyclizar|49\/100 brn|[from] brn\n|upkeep\n|turn|22\n|\n|t:|1699903900\n|move|p1a: Cyclizar|Knock Off|p2a: Moltres\n|-damage|p2a: Moltres|50\/100\n|-enditem|p2a: Moltres|Heavy-Duty Boots|[from] move: Knock Off|[of] p1a: Cyclizar\n|move|p2a: Moltres|Roost|p2a: Moltres\n|-heal|p2a: Moltres|100\/100\n|-singleturn|p2a: Moltres|move: Roost\n|\n|-damage|p1a: Cyclizar|43\/100 brn|[from] brn\n|upkeep\n|turn|23\n|\n|t:|1699903910\n|switch|p1a: Blissey|Blissey, F, shiny|100\/100\n|move|p2a: Moltres|Hurricane|p1a: Blissey|[miss]\n|-miss|p2a: Moltres|p1a: Blissey\n|\n|upkeep\n|turn|24\n|\n|t:|1699903917\n|switch|p2a: Magearna|Magearna|49\/100\n|-damage|p2a: Magearna|43\/100|[from] Stealth Rock\n|move|p1a: Blissey|Seismic Toss|p2a: Magearna\n|-damage|p2a: Magearna|16\/100\n|\n|-heal|p2a: Magearna|22\/100|[from] item: Leftovers\n|upkeep\n|turn|25\n|\n|t:|1699903923\n|move|p2a: Magearna|Thunder Wave|p1a: Blissey\n|-status|p1a: Blissey|par\n|cant|p1a: Blissey|par\n|\n|-heal|p2a: Magearna|28\/100|[from] item: Leftovers\n|upkeep\n|turn|26\n|\n|t:|1699903926\n|move|p2a: Magearna|Spikes|p1a: Blissey\n|-sidestart|p1: bennymbs|Spikes\n|move|p1a: Blissey|Heal Bell|p1a: Blissey\n|-activate|p1a: Blissey|move: Heal Bell\n|-curestatus|p1a: Blissey|par|[msg]\n|-curestatus|p1: Cyclizar|brn|[msg]\n|\n|-heal|p2a: Magearna|34\/100|[from] item: Leftovers\n|upkeep\n|turn|27\n|\n|t:|1699903928\n|move|p2a: Magearna|Spikes|p1a: Blissey\n|-sidestart|p1: bennymbs|Spikes\n|move|p1a: Blissey|Seismic Toss|p2a: Magearna\n|-damage|p2a: Magearna|7\/100\n|\n|-heal|p2a: Magearna|13\/100|[from] item: Leftovers\n|upkeep\n|turn|28\n|\n|t:|1699903933\n|move|p2a: Magearna|Thunder Wave|p1a: Blissey|[miss]\n|-miss|p2a: Magearna|p1a: Blissey\n|move|p1a: Blissey|Seismic Toss|p2a: Magearna\n|-damage|p2a: Magearna|0 fnt\n|faint|p2a: Magearna\n|\n|upkeep\n|\n|t:|1699903943\n|switch|p2a: Zacian|Zacian|100\/100\n|-damage|p2a: Zacian|88\/100|[from] Stealth Rock\n|-ability|p2a: Zacian|Intrepid Sword|boost\n|-boost|p2a: Zacian|atk|1\n|turn|29\n|\n|t:|1699903956\n|switch|p1a: Clefable|Clefable, M|100\/100\n|-damage|p1a: Clefable|84\/100|[from] Spikes\n|move|p2a: Zacian|Play Rough|p1a: Clefable\n|-damage|p1a: Clefable|38\/100\n|\n|-heal|p1a: Clefable|44\/100|[from] item: Leftovers\n|upkeep\n|turn|30\n|\n|t:|1699903964\n|move|p1a: Clefable|Protect|p1a: Clefable\n|-singleturn|p1a: Clefable|Protect\n|move|p2a: Zacian|Play Rough|p1a: Clefable\n|-activate|p1a: Clefable|move: Protect\n|\n|-heal|p1a: Clefable|50\/100|[from] item: Leftovers\n|upkeep\n|turn|31\n|\n|t:|1699903968\n|move|p2a: Zacian|Play Rough|p1a: Clefable\n|-damage|p1a: Clefable|0 fnt\n|faint|p1a: Clefable\n|\n|upkeep\n|c|\u2606bennymbs|High roll. It's so over \/j\n|inactive|bennymbs has 270 seconds left.\n|\n|t:|1699904001\n|switch|p1a: Zacian|Zacian, shiny|100\/100\n|turn|32\n|\n|t:|1699904004\n|-terastallize|p1a: Zacian|Fire\n|move|p1a: Zacian|Iron Head|p2a: Zacian\n|-supereffective|p2a: Zacian\n|-damage|p2a: Zacian|37\/100\n|move|p2a: Zacian|Play Rough|p1a: Zacian|[miss]\n|-miss|p2a: Zacian|p1a: Zacian\n|\n|upkeep\n|turn|33\n|\n|t:|1699904012\n|switch|p2a: Moltres|Moltres|100\/100\n|-damage|p2a: Moltres|51\/100|[from] Stealth Rock\n|move|p1a: Zacian|Play Rough|p2a: Moltres\n|-resisted|p2a: Moltres\n|-damage|p2a: Moltres|36\/100\n|\n|upkeep\n|turn|34\n|\n|t:|1699904023\n|switch|p1a: Cyclizar|Cyclizar, F|77\/100\n|move|p2a: Moltres|Roost|p2a: Moltres\n|-heal|p2a: Moltres|86\/100\n|-singleturn|p2a: Moltres|move: Roost\n|\n|upkeep\n|turn|35\n|\n|t:|1699904027\n|move|p1a: Cyclizar|Rapid Spin|p2a: Moltres\n|-damage|p2a: Moltres|74\/100\n|-boost|p1a: Cyclizar|spe|1\n|-sideend|p1: bennymbs|Spikes|[from] move: Rapid Spin|[of] p1a: Cyclizar\n|move|p2a: Moltres|Roar|p1a: Cyclizar\n|drag|p1a: Orthworm|Orthworm, M|100\/100\n|\n|upkeep\n|turn|36\n|\n|t:|1699904035\n|switch|p2a: Zacian|Zacian|37\/100\n|-damage|p2a: Zacian|25\/100|[from] Stealth Rock\n|switch|p1a: Blissey|Blissey, F, shiny|100\/100\n|\n|upkeep\n|turn|37\n|\n|t:|1699904045\n|switch|p1a: Zacian|Zacian, shiny, tera:Fire|100\/100\n|move|p2a: Zacian|Close Combat|p1a: Zacian\n|-damage|p1a: Zacian|41\/100\n|-unboost|p2a: Zacian|def|1\n|-unboost|p2a: Zacian|spd|1\n|\n|upkeep\n|turn|38\n|\n|t:|1699904051\n|switch|p1a: Arceus|Arceus-Poison|73\/100\n|move|p2a: Zacian|Close Combat|p1a: Arceus\n|-resisted|p1a: Arceus\n|-damage|p1a: Arceus|52\/100\n|-unboost|p2a: Zacian|def|1\n|-unboost|p2a: Zacian|spd|1\n|\n|upkeep\n|turn|39\n|\n|t:|1699904058\n|switch|p2a: Moltres|Moltres|74\/100\n|-damage|p2a: Moltres|24\/100|[from] Stealth Rock\n|move|p1a: Arceus|Poison Jab|p2a: Moltres\n|-damage|p2a: Moltres|0 fnt\n|faint|p2a: Moltres\n|\n|upkeep\n|\n|t:|1699904062\n|switch|p2a: Milotic|Milotic, F, shiny|70\/100\n|-damage|p2a: Milotic|58\/100|[from] Stealth Rock\n|turn|40\n|\n|t:|1699904069\n|switch|p1a: Cyclizar|Cyclizar, F|100\/100\n|move|p2a: Milotic|Scald|p1a: Cyclizar\n|-resisted|p1a: Cyclizar\n|-damage|p1a: Cyclizar|82\/100\n|-status|p1a: Cyclizar|brn\n|\n|-damage|p1a: Cyclizar|76\/100 brn|[from] brn\n|upkeep\n|turn|41\n|\n|t:|1699904076\n|move|p1a: Cyclizar|Shed Tail|p1a: Cyclizar\n|-start|p1a: Cyclizar|Substitute|[from] move: Shed Tail\n|-damage|p1a: Cyclizar|26\/100 brn\n|\n|t:|1699904085\n|switch|p1a: Orthworm|Orthworm, M|100\/100|[from] Shed Tail\n|move|p2a: Milotic|Scald|p1a: Orthworm\n|-end|p1a: Orthworm|Substitute\n|\n|upkeep\n|turn|42\n|\n|t:|1699904093\n|move|p2a: Milotic|Scald|p1a: Orthworm\n|-damage|p1a: Orthworm|55\/100\n|move|p1a: Orthworm|Spikes|p2a: Milotic\n|-sidestart|p2: LadyMaria-Blue|Spikes\n|\n|-heal|p1a: Orthworm|61\/100|[from] item: Leftovers\n|upkeep\n|turn|43\n|\n|t:|1699904097\n|switch|p1a: Blissey|Blissey, F, shiny|100\/100\n|move|p2a: Milotic|Scald|p1a: Blissey\n|-damage|p1a: Blissey|93\/100\n|-status|p1a: Blissey|brn\n|\n|-heal|p1a: Blissey|99\/100 brn|[from] item: Leftovers\n|-damage|p1a: Blissey|93\/100 brn|[from] brn\n|upkeep\n|turn|44\n|\n|t:|1699904103\n|move|p2a: Milotic|Recover|p2a: Milotic\n|-heal|p2a: Milotic|100\/100\n|move|p1a: Blissey|Heal Bell|p1a: Blissey\n|-activate|p1a: Blissey|move: Heal Bell\n|-curestatus|p1a: Blissey|brn|[msg]\n|-curestatus|p1: Cyclizar|brn|[msg]\n|\n|-heal|p1a: Blissey|99\/100|[from] item: Leftovers\n|upkeep\n|turn|45\n|\n|t:|1699904109\n|move|p2a: Milotic|Flip Turn|p1a: Blissey\n|-damage|p1a: Blissey|76\/100\n|\n|t:|1699904112\n|switch|p2a: Zacian|Zacian|25\/100|[from] Flip Turn\n|-damage|p2a: Zacian|12\/100|[from] Stealth Rock\n|-damage|p2a: Zacian|0 fnt|[from] Spikes\n|faint|p2a: Zacian\n|move|p1a: Blissey|Seismic Toss|p2: Zacian|[notarget]\n|-fail|p1a: Blissey\n|\n|-heal|p1a: Blissey|82\/100|[from] item: Leftovers\n|upkeep\n|\n|t:|1699904120\n|switch|p2a: Baxcalibur|Baxcalibur, F|100\/100\n|turn|46\n|\n|t:|1699904126\n|switch|p1a: Orthworm|Orthworm, M|61\/100\n|move|p2a: Baxcalibur|Dragon Dance|p2a: Baxcalibur\n|-boost|p2a: Baxcalibur|atk|1\n|-boost|p2a: Baxcalibur|spe|1\n|\n|-heal|p1a: Orthworm|67\/100|[from] item: Leftovers\n|upkeep\n|turn|47\n|\n|t:|1699904137\n|move|p2a: Baxcalibur|Icicle Crash|p1a: Orthworm\n|-resisted|p1a: Orthworm\n|-damage|p1a: Orthworm|46\/100\n|cant|p1a: Orthworm|flinch\n|\n|-heal|p1a: Orthworm|52\/100|[from] item: Leftovers\n|upkeep\n|turn|48\n|\n|t:|1699904148\n|move|p2a: Baxcalibur|Icicle Crash|p1a: Orthworm|[miss]\n|-miss|p2a: Baxcalibur|p1a: Orthworm\n|move|p1a: Orthworm|Iron Defense|p1a: Orthworm\n|-boost|p1a: Orthworm|def|2\n|\n|-heal|p1a: Orthworm|58\/100|[from] item: Leftovers\n|upkeep\n|turn|49\n|\n|t:|1699904156\n|switch|p2a: Milotic|Milotic, F, shiny|100\/100\n|-damage|p2a: Milotic|88\/100|[from] Stealth Rock\n|-damage|p2a: Milotic|76\/100|[from] Spikes\n|move|p1a: Orthworm|Iron Defense|p1a: Orthworm\n|-boost|p1a: Orthworm|def|2\n|\n|-heal|p1a: Orthworm|64\/100|[from] item: Leftovers\n|upkeep\n|turn|50\n|\n|t:|1699904159\n|move|p2a: Milotic|Haze|p2a: Milotic\n|-clearallboost\n|move|p1a: Orthworm|Body Press|p2a: Milotic\n|-damage|p2a: Milotic|42\/100\n|\n|-heal|p1a: Orthworm|70\/100|[from] item: Leftovers\n|upkeep\n|turn|51\n|\n|t:|1699904167\n|switch|p1a: Arceus|Arceus-Poison|52\/100\n|move|p2a: Milotic|Recover|p2a: Milotic\n|-heal|p2a: Milotic|92\/100\n|\n|upkeep\n|turn|52\n|\n|t:|1699904173\n|move|p1a: Arceus|Recover|p1a: Arceus\n|-heal|p1a: Arceus|100\/100\n|move|p2a: Milotic|Scald|p1a: Arceus\n|-damage|p1a: Arceus|88\/100\n|-status|p1a: Arceus|brn\n|\n|-damage|p1a: Arceus|82\/100 brn|[from] brn\n|upkeep\n|turn|53\n|\n|t:|1699904177\n|move|p1a: Arceus|Bulk Up|p1a: Arceus\n|-boost|p1a: Arceus|atk|1\n|-boost|p1a: Arceus|def|1\n|move|p2a: Milotic|Flip Turn|p1a: Arceus\n|-crit|p1a: Arceus\n|-damage|p1a: Arceus|70\/100 brn\n|\n|t:|1699904180\n|switch|p2a: Baxcalibur|Baxcalibur, F|100\/100|[from] Flip Turn\n|\n|-damage|p1a: Arceus|64\/100 brn|[from] brn\n|upkeep\n|turn|54\n|\n|t:|1699904190\n|switch|p2a: Milotic|Milotic, F, shiny|92\/100\n|-damage|p2a: Milotic|79\/100|[from] Stealth Rock\n|-damage|p2a: Milotic|67\/100|[from] Spikes\n|switch|p1a: Zacian|Zacian, shiny, tera:Fire|41\/100\n|\n|upkeep\n|turn|55\n|\n|t:|1699904195\n|move|p1a: Zacian|Close Combat|p2a: Milotic\n|-damage|p2a: Milotic|30\/100\n|-unboost|p1a: Zacian|def|1\n|-unboost|p1a: Zacian|spd|1\n|move|p2a: Milotic|Scald|p1a: Zacian\n|-supereffective|p1a: Zacian\n|-damage|p1a: Zacian|0 fnt\n|faint|p1a: Zacian\n|\n|upkeep\n|\n|t:|1699904216\n|switch|p1a: Orthworm|Orthworm, M|70\/100\n|turn|56\n|\n|t:|1699904218\n|move|p2a: Milotic|Scald|p1a: Orthworm\n|-damage|p1a: Orthworm|23\/100\n|-status|p1a: Orthworm|brn\n|move|p1a: Orthworm|Body Press|p2a: Milotic\n|-damage|p2a: Milotic|14\/100\n|\n|-heal|p1a: Orthworm|29\/100 brn|[from] item: Leftovers\n|-damage|p1a: Orthworm|23\/100 brn|[from] brn\n|upkeep\n|turn|57\n|\n|t:|1699904224\n|switch|p1a: Blissey|Blissey, F, shiny|82\/100\n|move|p2a: Milotic|Scald|p1a: Blissey\n|-damage|p1a: Blissey|74\/100\n|-status|p1a: Blissey|brn\n|\n|-heal|p1a: Blissey|80\/100 brn|[from] item: Leftovers\n|-damage|p1a: Blissey|74\/100 brn|[from] brn\n|upkeep\n|turn|58\n|c|\u2606bennymbs|Omfg\n|\n|t:|1699904235\n|-curestatus|p1a: Blissey|brn|[from] ability: Natural Cure\n|switch|p1a: Cyclizar|Cyclizar, F|59\/100\n|move|p2a: Milotic|Recover|p2a: Milotic\n|-heal|p2a: Milotic|64\/100\n|\n|upkeep\n|turn|59\n|\n|t:|1699904238\n|move|p1a: Cyclizar|Taunt|p2a: Milotic\n|-start|p2a: Milotic|move: Taunt\n|move|p2a: Milotic|Scald|p1a: Cyclizar\n|-resisted|p1a: Cyclizar\n|-crit|p1a: Cyclizar\n|-damage|p1a: Cyclizar|31\/100\n|\n|upkeep\n|turn|60\n|\n|t:|1699904246\n|switch|p1a: Orthworm|Orthworm, M|23\/100 brn\n|move|p2a: Milotic|Scald|p1a: Orthworm\n|-damage|p1a: Orthworm|0 fnt\n|faint|p1a: Orthworm\n|\n|upkeep\n|\n|t:|1699904255\n|switch|p1a: Blissey|Blissey, F, shiny|74\/100\n|turn|61\n|\n|t:|1699904262\n|switch|p1a: Cyclizar|Cyclizar, F|64\/100\n|move|p2a: Milotic|Flip Turn|p1a: Cyclizar\n|-resisted|p1a: Cyclizar\n|-damage|p1a: Cyclizar|54\/100\n|\n|t:|1699904266\n|switch|p2a: Baxcalibur|Baxcalibur, F|100\/100|[from] Flip Turn\n|\n|upkeep\n|turn|62\n|\n|t:|1699904273\n|move|p1a: Cyclizar|Taunt|p2a: Baxcalibur\n|-start|p2a: Baxcalibur|move: Taunt\n|cant|p2a: Baxcalibur|move: Taunt|Dragon Dance\n|\n|upkeep\n|turn|63\n|\n|t:|1699904277\n|move|p1a: Cyclizar|Knock Off|p2a: Baxcalibur\n|-damage|p2a: Baxcalibur|79\/100\n|-enditem|p2a: Baxcalibur|Heavy-Duty Boots|[from] move: Knock Off|[of] p1a: Cyclizar\n|move|p2a: Baxcalibur|Icicle Crash|p1a: Cyclizar\n|-supereffective|p1a: Cyclizar\n|-damage|p1a: Cyclizar|0 fnt\n|faint|p1a: Cyclizar\n|\n|upkeep\n|\n|t:|1699904284\n|switch|p1a: Arceus|Arceus-Poison|64\/100 brn\n|turn|64\n|\n|t:|1699904288\n|move|p2a: Baxcalibur|Earthquake|p1a: Arceus\n|-supereffective|p1a: Arceus\n|-damage|p1a: Arceus|11\/100 brn\n|move|p1a: Arceus|Bulk Up|p1a: Arceus\n|-boost|p1a: Arceus|atk|1\n|-boost|p1a: Arceus|def|1\n|\n|-damage|p1a: Arceus|5\/100 brn|[from] brn\n|-end|p2a: Baxcalibur|move: Taunt\n|upkeep\n|turn|65\n|\n|t:|1699904294\n|move|p2a: Baxcalibur|Earthquake|p1a: Arceus\n|-supereffective|p1a: Arceus\n|-damage|p1a: Arceus|0 fnt\n|faint|p1a: Arceus\n|\n|upkeep\n|c|\u2606bennymbs|Ggs\n|\n|t:|1699904301\n|switch|p1a: Blissey|Blissey, F, shiny|74\/100\n|turn|66\n|c|\u2606LadyMaria-Blue|ggs\n|\n|t:|1699904305\n|move|p2a: Baxcalibur|Glaive Rush|p1a: Blissey\n|-damage|p1a: Blissey|0 fnt\n|-singlemove|p2a: Baxcalibur|Glaive Rush|[silent]\n|faint|p1a: Blissey\n|\n|win|LadyMaria-Blue\n","uploadtime":1699904312,"views":15,"p1id":"bennymbs","p2id":"ladymariablue","formatid":"gen9ubers","rating":0,"private":0,"password":""}