{"id":"gen9ubers-1996114090","p1":"Asta28240","p2":"ImhoPitit","format":"[Gen 9] Ubers","log":"|j|\u2606Asta28240\n|j|\u2606ImhoPitit\n|t:|1700646263\n|gametype|singles\n|player|p1|Asta28240|266|\n|player|p2|ImhoPitit|lucas|\n|teamsize|p1|6\n|teamsize|p2|6\n|gen|9\n|tier|[Gen 9] Ubers\n|rule|Sleep Clause Mod: Limit one foe put to sleep\n|rule|Species Clause: Limit one of each Pok\u00e9mon\n|rule|OHKO Clause: OHKO moves are banned\n|rule|Evasion Items Clause: Evasion items are banned\n|rule|Evasion Moves Clause: Evasion moves are banned\n|rule|Endless Battle Clause: Forcing endless battles is banned\n|rule|HP Percentage Mod: HP is shown in percentages\n|clearpoke\n|poke|p1|Dragapult, M|\n|poke|p1|Ogerpon-Wellspring, F|\n|poke|p1|Ting-Lu|\n|poke|p1|Corviknight, F|\n|poke|p1|Slowking-Galar, F|\n|poke|p1|Breloom, M|\n|poke|p2|Enamorus, F|\n|poke|p2|Dragonite, M|\n|poke|p2|Skeledirge, F|\n|poke|p2|Greninja-*, M|\n|poke|p2|Gliscor, M|\n|poke|p2|Iron Valiant|\n|teampreview\n|inactive|Battle timer is ON: inactive players will automatically lose when time's up. (requested by ImhoPitit)\n|\n|t:|1700646280\n|start\n|switch|p1a: Ting-Lu|Ting-Lu|100\/100\n|switch|p2a: Alucard|Gliscor, M|100\/100\n|-ability|p1a: Ting-Lu|Vessel of Ruin\n|turn|1\n|\n|t:|1700646291\n|move|p2a: Alucard|Toxic|p1a: Ting-Lu\n|-status|p1a: Ting-Lu|tox\n|move|p1a: Ting-Lu|Spikes|p2a: Alucard\n|-sidestart|p2: ImhoPitit|Spikes\n|\n|-damage|p1a: Ting-Lu|94\/100 tox|[from] psn\n|-status|p2a: Alucard|tox|[from] item: Toxic Orb\n|upkeep\n|turn|2\n|\n|t:|1700646300\n|move|p2a: Alucard|Spikes|p1a: Ting-Lu\n|-sidestart|p1: Asta28240|Spikes\n|move|p1a: Ting-Lu|Stealth Rock|p2a: Alucard\n|-sidestart|p2: ImhoPitit|move: Stealth Rock\n|\n|-heal|p1a: Ting-Lu|100\/100 tox|[from] item: Leftovers\n|-damage|p1a: Ting-Lu|88\/100 tox|[from] psn\n|upkeep\n|turn|3\n|\n|t:|1700646308\n|move|p2a: Alucard|Spikes|p1a: Ting-Lu\n|-sidestart|p1: Asta28240|Spikes\n|move|p1a: Ting-Lu|Spikes|p2a: Alucard\n|-sidestart|p2: ImhoPitit|Spikes\n|\n|-heal|p1a: Ting-Lu|94\/100 tox|[from] item: Leftovers\n|-damage|p1a: Ting-Lu|76\/100 tox|[from] psn\n|upkeep\n|turn|4\n|\n|t:|1700646317\n|move|p2a: Alucard|Spikes|p1a: Ting-Lu\n|-sidestart|p1: Asta28240|Spikes\n|move|p1a: Ting-Lu|Whirlwind|p2a: Alucard\n|drag|p2a: Sasssssssssske|Greninja, M|100\/100\n|-damage|p2a: Sasssssssssske|84\/100|[from] Spikes\n|-damage|p2a: Sasssssssssske|72\/100|[from] Stealth Rock\n|\n|-heal|p1a: Ting-Lu|82\/100 tox|[from] item: Leftovers\n|-damage|p1a: Ting-Lu|57\/100 tox|[from] psn\n|upkeep\n|turn|5\n|\n|t:|1700646335\n|move|p2a: Sasssssssssske|Dark Pulse|p1a: Ting-Lu\n|-resisted|p1a: Ting-Lu\n|-damage|p1a: Ting-Lu|44\/100 tox\n|-damage|p2a: Sasssssssssske|62\/100|[from] item: Life Orb\n|move|p1a: Ting-Lu|Whirlwind|p2a: Sasssssssssske\n|drag|p2a: Boa|Enamorus, F|100\/100\n|-damage|p2a: Boa|76\/100|[from] Stealth Rock\n|\n|-heal|p2a: Boa|82\/100|[from] item: Leftovers\n|-heal|p1a: Ting-Lu|50\/100 tox|[from] item: Leftovers\n|-damage|p1a: Ting-Lu|19\/100 tox|[from] psn\n|upkeep\n|turn|6\n|\n|t:|1700646350\n|move|p2a: Boa|Moonblast|p1a: Ting-Lu\n|-supereffective|p1a: Ting-Lu\n|-damage|p1a: Ting-Lu|0 fnt\n|faint|p1a: Ting-Lu\n|\n|-heal|p2a: Boa|88\/100|[from] item: Leftovers\n|upkeep\n|\n|t:|1700646357\n|switch|p1a: Slowking|Slowking-Galar, F|100\/100\n|-damage|p1a: Slowking|76\/100|[from] Spikes\n|turn|7\n|\n|t:|1700646364\n|-terastallize|p2a: Boa|Steel\n|move|p2a: Boa|Substitute|p2a: Boa\n|-start|p2a: Boa|Substitute\n|-damage|p2a: Boa|63\/100\n|move|p1a: Slowking|Nasty Plot|p1a: Slowking\n|-boost|p1a: Slowking|spa|2\n|\n|-heal|p2a: Boa|69\/100|[from] item: Leftovers\n|-heal|p1a: Slowking|82\/100|[from] item: Black Sludge\n|upkeep\n|turn|8\n|\n|t:|1700646379\n|-terastallize|p1a: Slowking|Water\n|move|p2a: Boa|Earth Power|p1a: Slowking\n|-damage|p1a: Slowking|55\/100\n|move|p1a: Slowking|Flamethrower|p2a: Boa\n|-supereffective|p2a: Boa\n|-end|p2a: Boa|Substitute\n|\n|-heal|p2a: Boa|76\/100|[from] item: Leftovers\n|-damage|p1a: Slowking|43\/100|[from] item: Black Sludge\n|upkeep\n|turn|9\n|\n|t:|1700646398\n|move|p2a: Boa|Moonblast|p1a: Slowking\n|-crit|p1a: Slowking\n|-damage|p1a: Slowking|0 fnt\n|faint|p1a: Slowking\n|\n|-heal|p2a: Boa|82\/100|[from] item: Leftovers\n|upkeep\n|\n|t:|1700646406\n|switch|p1a: Breloom|Breloom, M|100\/100\n|-damage|p1a: Breloom|76\/100|[from] Spikes\n|turn|10\n|\n|t:|1700646412\n|switch|p2a: Alucard|Gliscor, M|100\/100 tox\n|-damage|p2a: Alucard|88\/100 tox|[from] Stealth Rock\n|move|p1a: Breloom|Mach Punch|p2a: Alucard\n|-resisted|p2a: Alucard\n|-damage|p2a: Alucard|78\/100 tox\n|\n|-heal|p2a: Alucard|91\/100 tox|[from] ability: Poison Heal\n|upkeep\n|turn|11\n|\n|t:|1700646423\n|switch|p1a: Corviknight|Corviknight, F|100\/100\n|-ability|p1a: Corviknight|Pressure\n|move|p2a: Alucard|Earthquake|p1a: Corviknight\n|-immune|p1a: Corviknight\n|\n|-heal|p2a: Alucard|100\/100 tox|[from] ability: Poison Heal\n|upkeep\n|turn|12\n|\n|t:|1700646439\n|move|p2a: Alucard|Protect|p2a: Alucard\n|-singleturn|p2a: Alucard|Protect\n|move|p1a: Corviknight|Bulk Up|p1a: Corviknight\n|-boost|p1a: Corviknight|atk|1\n|-boost|p1a: Corviknight|def|1\n|\n|upkeep\n|turn|13\n|\n|t:|1700646447\n|switch|p2a: Hisashiburi dana|Skeledirge, F|100\/100\n|-damage|p2a: Hisashiburi dana|84\/100|[from] Spikes\n|-damage|p2a: Hisashiburi dana|59\/100|[from] Stealth Rock\n|move|p1a: Corviknight|Bulk Up|p1a: Corviknight\n|-boost|p1a: Corviknight|atk|1\n|-boost|p1a: Corviknight|def|1\n|\n|upkeep\n|turn|14\n|\n|t:|1700646460\n|switch|p1a: Dragapult|Dragapult, M|100\/100\n|-damage|p1a: Dragapult|76\/100|[from] Spikes\n|move|p2a: Hisashiburi dana|Will-O-Wisp|p1a: Dragapult\n|-status|p1a: Dragapult|brn\n|\n|-damage|p1a: Dragapult|70\/100 brn|[from] brn\n|upkeep\n|turn|15\n|\n|t:|1700646475\n|move|p1a: Dragapult|U-turn|p2a: Hisashiburi dana\n|-resisted|p2a: Hisashiburi dana\n|-damage|p2a: Hisashiburi dana|57\/100\n|\n|t:|1700646479\n|switch|p1a: Corviknight|Corviknight, F|100\/100|[from] U-turn\n|-ability|p1a: Corviknight|Pressure\n|move|p2a: Hisashiburi dana|Slack Off|p2a: Hisashiburi dana\n|-heal|p2a: Hisashiburi dana|100\/100\n|\n|upkeep\n|turn|16\n|\n|t:|1700646503\n|move|p1a: Corviknight|Roost||[still]\n|-fail|p1a: Corviknight|heal\n|move|p2a: Hisashiburi dana|Torch Song|p1a: Corviknight\n|-supereffective|p1a: Corviknight\n|-damage|p1a: Corviknight|43\/100\n|-boost|p2a: Hisashiburi dana|spa|1\n|-enditem|p2a: Hisashiburi dana|Throat Spray\n|-boost|p2a: Hisashiburi dana|spa|1|[from] item: Throat Spray\n|\n|upkeep\n|turn|17\n|\n|t:|1700646524\n|move|p1a: Corviknight|Roost|p1a: Corviknight\n|-heal|p1a: Corviknight|93\/100\n|-singleturn|p1a: Corviknight|move: Roost\n|move|p2a: Hisashiburi dana|Shadow Ball|p1a: Corviknight\n|-damage|p1a: Corviknight|35\/100\n|\n|upkeep\n|turn|18\n|\n|t:|1700646533\n|move|p1a: Corviknight|Defog|p2a: Hisashiburi dana\n|-unboost|p2a: Hisashiburi dana|evasion|1\n|-sideend|p2: ImhoPitit|Spikes|[from] move: Defog|[of] p1a: Corviknight\n|-sideend|p2: ImhoPitit|Stealth Rock|[from] move: Defog|[of] p1a: Corviknight\n|-sideend|p1: Asta28240|Spikes|[from] move: Defog|[of] p1a: Corviknight\n|move|p2a: Hisashiburi dana|Torch Song|p1a: Corviknight\n|-supereffective|p1a: Corviknight\n|-damage|p1a: Corviknight|0 fnt\n|-boost|p2a: Hisashiburi dana|spa|1\n|faint|p1a: Corviknight\n|\n|upkeep\n|\n|t:|1700646542\n|switch|p1a: Ogerpon|Ogerpon-Wellspring, F|100\/100\n|turn|19\n|\n|t:|1700646560\n|move|p1a: Ogerpon|Ivy Cudgel|p2a: Hisashiburi dana|[anim] Ivy Cudgel Water\n|-supereffective|p2a: Hisashiburi dana\n|-damage|p2a: Hisashiburi dana|8\/100\n|move|p2a: Hisashiburi dana|Will-O-Wisp|p1a: Ogerpon\n|-status|p1a: Ogerpon|brn\n|\n|-damage|p1a: Ogerpon|95\/100 brn|[from] brn\n|upkeep\n|turn|20\n|\n|t:|1700646570\n|switch|p2a: Alucard|Gliscor, M|100\/100 tox\n|move|p1a: Ogerpon|Trailblaze|p2a: Alucard\n|-damage|p2a: Alucard|91\/100 tox\n|-boost|p1a: Ogerpon|spe|1\n|\n|-heal|p2a: Alucard|100\/100 tox|[from] ability: Poison Heal\n|-damage|p1a: Ogerpon|89\/100 brn|[from] brn\n|upkeep\n|turn|21\n|\n|t:|1700646581\n|move|p1a: Ogerpon|Swords Dance|p1a: Ogerpon\n|-boost|p1a: Ogerpon|atk|2\n|move|p2a: Alucard|Earthquake|p1a: Ogerpon\n|-resisted|p1a: Ogerpon\n|-damage|p1a: Ogerpon|68\/100 brn\n|\n|-damage|p1a: Ogerpon|62\/100 brn|[from] brn\n|upkeep\n|turn|22\n|\n|t:|1700646591\n|move|p2a: Alucard|Protect|p2a: Alucard\n|-singleturn|p2a: Alucard|Protect\n|move|p1a: Ogerpon|Swords Dance|p1a: Ogerpon\n|-boost|p1a: Ogerpon|atk|2\n|\n|-damage|p1a: Ogerpon|56\/100 brn|[from] brn\n|upkeep\n|turn|23\n|\n|t:|1700646605\n|switch|p2a: Trop mang\u00e9|Dragonite, M|100\/100\n|move|p1a: Ogerpon|Ivy Cudgel|p2a: Trop mang\u00e9|[anim] Ivy Cudgel Water\n|-resisted|p2a: Trop mang\u00e9\n|-damage|p2a: Trop mang\u00e9|78\/100\n|\n|-damage|p1a: Ogerpon|50\/100 brn|[from] brn\n|upkeep\n|turn|24\n|\n|t:|1700646614\n|move|p1a: Ogerpon|Play Rough|p2a: Trop mang\u00e9\n|-supereffective|p2a: Trop mang\u00e9\n|-damage|p2a: Trop mang\u00e9|0 fnt\n|faint|p2a: Trop mang\u00e9\n|\n|-damage|p1a: Ogerpon|44\/100 brn|[from] brn\n|upkeep\n|\n|t:|1700646623\n|switch|p2a: Emo futuriste|Iron Valiant|100\/100\n|-enditem|p2a: Emo futuriste|Booster Energy\n|-activate|p2a: Emo futuriste|ability: Quark Drive|[fromitem]\n|-start|p2a: Emo futuriste|quarkdrivespe\n|turn|25\n|\n|t:|1700646633\n|move|p2a: Emo futuriste|Moonblast|p1a: Ogerpon\n|-damage|p1a: Ogerpon|0 fnt\n|faint|p1a: Ogerpon\n|\n|upkeep\n|\n|t:|1700646642\n|switch|p1a: Breloom|Breloom, M|76\/100\n|turn|26\n|\n|t:|1700646647\n|move|p2a: Emo futuriste|Moonblast|p1a: Breloom\n|-supereffective|p1a: Breloom\n|-damage|p1a: Breloom|0 fnt\n|faint|p1a: Breloom\n|\n|upkeep\n|\n|t:|1700646651\n|switch|p1a: Dragapult|Dragapult, M|70\/100 brn\n|turn|27\n|\n|t:|1700646656\n|move|p2a: Emo futuriste|Moonblast|p1a: Dragapult\n|-supereffective|p1a: Dragapult\n|-damage|p1a: Dragapult|0 fnt\n|faint|p1a: Dragapult\n|\n|win|ImhoPitit\n","uploadtime":1700646663,"views":1,"p1id":"asta28240","p2id":"imhopitit","formatid":"gen9ubers","rating":0,"private":0,"password":""}