{"id":"gen9ubers-1992211102","p1":"Electricratman","p2":"TheGreedent02","format":"[Gen 9] Ubers","log":"|j|\u2606Electricratman\n|j|\u203dTheGreedent02\n|t:|1700164227\n|gametype|singles\n|player|p1|Electricratman|266|\n|player|p2|TheGreedent02|hilbert|\n|teamsize|p1|6\n|teamsize|p2|6\n|gen|9\n|tier|[Gen 9] Ubers\n|rule|Sleep Clause Mod: Limit one foe put to sleep\n|rule|Species Clause: Limit one of each Pok\u00e9mon\n|rule|OHKO Clause: OHKO moves are banned\n|rule|Evasion Items Clause: Evasion items are banned\n|rule|Evasion Moves Clause: Evasion moves are banned\n|rule|Endless Battle Clause: Forcing endless battles is banned\n|rule|HP Percentage Mod: HP is shown in percentages\n|clearpoke\n|poke|p1|Sandaconda, M|\n|poke|p1|Enamorus-Therian, F|\n|poke|p1|Magearna|\n|poke|p1|Weezing-Galar, F|\n|poke|p1|Thundurus-Therian, M|\n|poke|p1|Arcanine-Hisui, M|\n|poke|p2|Urshifu-*, F|\n|poke|p2|Kleavor, F|\n|poke|p2|Ceruledge, M|\n|poke|p2|Landorus-Therian, M|\n|poke|p2|Meloetta|\n|poke|p2|Greedent, M|\n|teampreview\n|j| Alaina Tutu\n|c| Alaina Tutu|G2?\n|\n|t:|1700164272\n|start\n|switch|p1a: Magearna|Magearna|100\/100\n|switch|p2a: Kleavor|Kleavor, F|100\/100\n|turn|1\n|j| Willish6634\n|c| Willish6634|Who won g1\n|\n|t:|1700164284\n|move|p2a: Kleavor|Stone Axe|p1a: Magearna\n|-resisted|p1a: Magearna\n|-crit|p1a: Magearna\n|-damage|p1a: Magearna|66\/100\n|-sidestart|p1: Electricratman|move: Stealth Rock\n|move|p1a: Magearna|Trick|p2a: Kleavor\n|-activate|p1a: Magearna|move: Trick|[of] p2a: Kleavor\n|-item|p2a: Kleavor|Choice Specs|[from] move: Trick\n|-item|p1a: Magearna|Assault Vest|[from] move: Trick\n|\n|upkeep\n|turn|2\n|\n|t:|1700164300\n|switch|p2a: Meloetta|Meloetta|100\/100\n|move|p1a: Magearna|Fleur Cannon|p2a: Meloetta\n|-damage|p2a: Meloetta|37\/100\n|-unboost|p1a: Magearna|spa|2\n|\n|upkeep\n|turn|3\n|\n|t:|1700164307\n|move|p2a: Meloetta|Hyper Voice|p1a: Magearna\n|-resisted|p1a: Magearna\n|-damage|p1a: Magearna|53\/100\n|-enditem|p2a: Meloetta|Throat Spray\n|-boost|p2a: Meloetta|spa|1|[from] item: Throat Spray\n|move|p1a: Magearna|Volt Switch|p2a: Meloetta\n|-damage|p2a: Meloetta|26\/100\n|\n|t:|1700164315\n|switch|p1a: Weezing|Weezing-Galar, F, shiny|100\/100|[from] Volt Switch\n|\n|upkeep\n|turn|4\n|l| Alaina Tutu\n|j| Alaina Tutu\n|l| Alaina Tutu\n|j| mklgd\n|\n|t:|1700164339\n|move|p2a: Meloetta|Hyper Voice|p1a: Weezing\n|-damage|p1a: Weezing|13\/100\n|move|p1a: Weezing|Defog|p2a: Meloetta\n|-unboost|p2a: Meloetta|evasion|1\n|-sideend|p1: Electricratman|Stealth Rock|[from] move: Defog|[of] p1a: Weezing\n|\n|upkeep\n|turn|5\n|j| Mackavelli\n|l| Mackavelli\n|\n|t:|1700164354\n|switch|p1a: Randy|Sandaconda, M, shiny|100\/100\n|move|p2a: Meloetta|Tera Blast|p1a: Randy\n|-damage|p1a: Randy|19\/100\n|-weather|Sandstorm|[from] ability: Sand Spit|[of] p1a: Randy\n|\n|-weather|Sandstorm|[upkeep]\n|-damage|p2a: Meloetta|20\/100|[from] Sandstorm\n|upkeep\n|turn|6\n|c| Willish6634|Every time i see it\n|c| Willish6634|I question the av kleavor\n|j| Mackavelli\n|l| Mackavelli\n|j| Mackavelli\n|l| Mackavelli\n|\n|t:|1700164422\n|switch|p1a: Magearna|Magearna|53\/100\n|move|p2a: Meloetta|Hyper Voice|p1a: Magearna\n|-resisted|p1a: Magearna\n|-damage|p1a: Magearna|33\/100\n|\n|-weather|Sandstorm|[upkeep]\n|-damage|p2a: Meloetta|14\/100|[from] Sandstorm\n|upkeep\n|turn|7\n|c| Willish6634|\ud83d\ude34\n|\n|t:|1700164433\n|move|p2a: Meloetta|Tera Blast|p1a: Magearna\n|-resisted|p1a: Magearna\n|-damage|p1a: Magearna|16\/100\n|move|p1a: Magearna|Volt Switch|p2a: Meloetta\n|-damage|p2a: Meloetta|0 fnt\n|faint|p2a: Meloetta\n|-ability|p1a: Magearna|Soul-Heart|boost\n|-boost|p1a: Magearna|spa|1\n|c| mklgd|Wat\n|\n|t:|1700164447\n|switch|p1a: Thundurus|Thundurus-Therian, M|100\/100|[from] Volt Switch\n|\n|-weather|Sandstorm|[upkeep]\n|-damage|p1a: Thundurus|94\/100|[from] Sandstorm\n|upkeep\n|\n|t:|1700164455\n|switch|p2a: Kleavor|Kleavor, F|100\/100\n|turn|8\n|j| TPL_AllStars\n|\n|t:|1700164475\n|move|p1a: Thundurus|Focus Blast|p2a: Kleavor\n|-damage|p2a: Kleavor|64\/100\n|-unboost|p2a: Kleavor|spd|1\n|move|p2a: Kleavor|Stone Axe|p1a: Thundurus\n|-supereffective|p1a: Thundurus\n|-damage|p1a: Thundurus|0 fnt\n|-sidestart|p1: Electricratman|move: Stealth Rock\n|faint|p1a: Thundurus\n|\n|-weather|Sandstorm|[upkeep]\n|upkeep\n|\n|t:|1700164490\n|switch|p1a: Arcanine|Arcanine-Hisui, M|100\/100\n|-damage|p1a: Arcanine|76\/100|[from] Stealth Rock\n|turn|9\n|l| TPL_AllStars\n|j| Mackavelli\n|\n|t:|1700164500\n|move|p1a: Arcanine|Head Smash|p2a: Kleavor|[miss]\n|-miss|p1a: Arcanine|p2a: Kleavor\n|move|p2a: Kleavor|Stone Axe|p1a: Arcanine\n|-supereffective|p1a: Arcanine\n|-damage|p1a: Arcanine|0 fnt\n|faint|p1a: Arcanine\n|\n|-weather|none\n|upkeep\n|c| Willish6634|The game we play\n|j| TPL_AllStars\n|\n|t:|1700164531\n|switch|p1a: Weezing|Weezing-Galar, F, shiny|13\/100\n|turn|10\n|\n|t:|1700164535\n|move|p2a: Kleavor|Stone Axe|p1a: Weezing\n|-damage|p1a: Weezing|0 fnt\n|faint|p1a: Weezing\n|\n|upkeep\n|c| TPL_AllStars|Yo i heard TPL Member B4NDiT is pretty well endowed.\n|\n|t:|1700164551\n|switch|p1a: Enamorus|Enamorus-Therian, F|100\/100\n|-damage|p1a: Enamorus|76\/100|[from] Stealth Rock\n|turn|11\n|\n|t:|1700164563\n|-terastallize|p1a: Enamorus|Water\n|move|p2a: Kleavor|Stone Axe|p1a: Enamorus\n|-crit|p1a: Enamorus\n|-damage|p1a: Enamorus|13\/100\n|move|p1a: Enamorus|Iron Defense|p1a: Enamorus\n|-boost|p1a: Enamorus|def|2\n|\n|-heal|p1a: Enamorus|20\/100|[from] item: Leftovers\n|upkeep\n|turn|12\n|c| Willish6634|You must be deaf\n|\n|t:|1700164573\n|move|p2a: Kleavor|Stone Axe|p1a: Enamorus\n|-damage|p1a: Enamorus|0 fnt\n|faint|p1a: Enamorus\n|\n|upkeep\n|\n|t:|1700164578\n|switch|p1a: Randy|Sandaconda, M, shiny|19\/100\n|-damage|p1a: Randy|13\/100|[from] Stealth Rock\n|turn|13\n|\n|t:|1700164584\n|move|p2a: Kleavor|Stone Axe|p1a: Randy\n|-resisted|p1a: Randy\n|-damage|p1a: Randy|0 fnt\n|-damage|p2a: Kleavor|48\/100|[from] item: Rocky Helmet|[of] p1a: Randy\n|-weather|Sandstorm|[from] ability: Sand Spit|[of] p1a: Randy\n|faint|p1a: Randy\n|\n|-weather|Sandstorm|[upkeep]\n|upkeep\n|c| Willish6634|The kitchens on fire \ud83d\udd25\n|\n|t:|1700164592\n|switch|p1a: Magearna|Magearna|16\/100\n|-damage|p1a: Magearna|10\/100|[from] Stealth Rock\n|turn|14\n|\n|t:|1700164597\n|move|p2a: Kleavor|Stone Axe|p1a: Magearna|[miss]\n|-miss|p2a: Kleavor|p1a: Magearna\n|move|p1a: Magearna|Fleur Cannon|p2a: Kleavor\n|-damage|p2a: Kleavor|0 fnt\n|-unboost|p1a: Magearna|spa|2\n|faint|p2a: Kleavor\n|-ability|p1a: Magearna|Soul-Heart|boost\n|-boost|p1a: Magearna|spa|1\n|\n|-weather|Sandstorm|[upkeep]\n|upkeep\n|\n|t:|1700164602\n|switch|p2a: Urshifu|Urshifu-Rapid-Strike, F|100\/100\n|turn|15\n|\n|t:|1700164611\n|move|p2a: Urshifu|Surging Strikes|p1a: Magearna\n|-crit|p1a: Magearna\n|-damage|p1a: Magearna|0 fnt\n|faint|p1a: Magearna\n|-hitcount|p1: Magearna|1\n|\n|win|TheGreedent02\n|l| Willish6634\n|l| TPL_AllStars\n|l|\u203dTheGreedent02\n|l|\u2606Electricratman\n|l| Mackavelli\n|j| ampharosaunt11\n|l| ampharosaunt11\n|l| mklgd\n|j|\u203dTheGreedent02\n|player|p2|TheGreedent02|hilbert\n","uploadtime":1700165366,"views":43,"p1id":"electricratman","p2id":"thegreedent02","formatid":"gen9ubers","rating":0,"private":0,"password":""}