{"id":"gen9ubers-1989628638","p1":"Toasterina","p2":"Santiaqua1","format":"[Gen 9] Ubers","log":"|j|\u2606Toasterina\n|j|\u2606Santiaqua1\n|t:|1699880760\n|gametype|singles\n|player|p1|Toasterina|101|1289\n|player|p2|Santiaqua1|volkner|1314\n|teamsize|p1|6\n|teamsize|p2|6\n|gen|9\n|tier|[Gen 9] Ubers\n|rated|\n|rule|Sleep Clause Mod: Limit one foe put to sleep\n|rule|Species Clause: Limit one of each Pok\u00e9mon\n|rule|OHKO Clause: OHKO moves are banned\n|rule|Evasion Items Clause: Evasion items are banned\n|rule|Evasion Moves Clause: Evasion moves are banned\n|rule|Endless Battle Clause: Forcing endless battles is banned\n|rule|HP Percentage Mod: HP is shown in percentages\n|clearpoke\n|poke|p1|Zacian-*|\n|poke|p1|Koraidon|\n|poke|p1|Flutter Mane|\n|poke|p1|Ogerpon-Hearthflame, F|\n|poke|p1|Chi-Yu|\n|poke|p1|Kingambit, F|\n|poke|p2|Dialga|\n|poke|p2|Koraidon|\n|poke|p2|Arceus|\n|poke|p2|Chien-Pao|\n|poke|p2|Skeledirge, F|\n|poke|p2|Great Tusk|\n|teampreview\n|inactive|Battle timer is ON: inactive players will automatically lose when time's up. (requested by Santiaqua1)\n|\n|t:|1699880772\n|start\n|switch|p1a: Koraidon|Koraidon|100\/100\n|switch|p2a: Koraidon|Koraidon|100\/100\n|-weather|SunnyDay|[from] ability: Orichalcum Pulse|[of] p1a: Koraidon\n|-activate|p1a: Koraidon|Orichalcum Pulse|[source]\n|-activate|p2a: Koraidon|ability: Orichalcum Pulse\n|turn|1\n|\n|t:|1699880779\n|move|p1a: Koraidon|Outrage|p2a: Koraidon\n|-supereffective|p2a: Koraidon\n|-damage|p2a: Koraidon|0 fnt\n|faint|p2a: Koraidon\n|\n|-weather|SunnyDay|[upkeep]\n|upkeep\n|\n|t:|1699880790\n|switch|p2a: Great Tusk|Great Tusk|100\/100\n|-activate|p2a: Great Tusk|ability: Protosynthesis\n|-start|p2a: Great Tusk|protosynthesisatk\n|turn|2\n|\n|t:|1699880793\n|move|p1a: Koraidon|Outrage|p2a: Great Tusk|[from]lockedmove\n|-damage|p2a: Great Tusk|37\/100\n|-start|p1a: Koraidon|confusion|[fatigue]\n|move|p2a: Great Tusk|Rapid Spin|p1a: Koraidon\n|-damage|p1a: Koraidon|79\/100\n|-boost|p2a: Great Tusk|spe|1\n|\n|-weather|SunnyDay|[upkeep]\n|upkeep\n|turn|3\n|\n|t:|1699880801\n|-activate|p1a: Koraidon|confusion\n|-damage|p1a: Koraidon|65\/100|[from] confusion\n|move|p2a: Great Tusk|Rapid Spin|p1a: Koraidon\n|-damage|p1a: Koraidon|47\/100\n|-boost|p2a: Great Tusk|spe|1\n|\n|-weather|SunnyDay|[upkeep]\n|upkeep\n|turn|4\n|\n|t:|1699880807\n|-activate|p1a: Koraidon|confusion\n|move|p1a: Koraidon|Outrage|p2a: Great Tusk\n|-damage|p2a: Great Tusk|0 fnt\n|faint|p2a: Great Tusk\n|-end|p2a: Great Tusk|Protosynthesis|[silent]\n|\n|-weather|SunnyDay|[upkeep]\n|upkeep\n|\n|t:|1699880817\n|switch|p2a: Chien-Pao|Chien-Pao|100\/100\n|-ability|p2a: Chien-Pao|Sword of Ruin\n|turn|5\n|\n|t:|1699880819\n|move|p2a: Chien-Pao|Ice Shard|p1a: Koraidon\n|-supereffective|p1a: Koraidon\n|-damage|p1a: Koraidon|3\/100\n|-end|p1a: Koraidon|confusion\n|move|p1a: Koraidon|Outrage|p2a: Chien-Pao|[from]lockedmove\n|-damage|p2a: Chien-Pao|0 fnt\n|faint|p2a: Chien-Pao\n|\n|-weather|none\n|upkeep\n|\n|t:|1699880826\n|switch|p2a: Arceus|Arceus|100\/100\n|turn|6\n|\n|t:|1699880828\n|move|p1a: Koraidon|Outrage|p2a: Arceus|[from]lockedmove\n|-damage|p2a: Arceus|54\/100\n|-start|p1a: Koraidon|confusion|[fatigue]\n|move|p2a: Arceus|Dragon Dance|p2a: Arceus\n|-boost|p2a: Arceus|atk|1\n|-boost|p2a: Arceus|spe|1\n|\n|upkeep\n|turn|7\n|\n|t:|1699880835\n|switch|p1a: Zacian|Zacian-Crowned|100\/100\n|-ability|p1a: Zacian|Intrepid Sword|boost\n|-boost|p1a: Zacian|atk|1\n|move|p2a: Arceus|Extreme Speed|p1a: Zacian\n|-resisted|p1a: Zacian\n|-damage|p1a: Zacian|63\/100\n|\n|upkeep\n|turn|8\n|\n|t:|1699880840\n|move|p2a: Arceus|Flare Blitz|p1a: Zacian\n|-supereffective|p1a: Zacian\n|-damage|p1a: Zacian|0 fnt\n|faint|p1a: Zacian\n|-damage|p2a: Arceus|38\/100|[from] Recoil\n|\n|upkeep\n|\n|t:|1699880844\n|switch|p1a: Koraidon|Koraidon|3\/100\n|-weather|SunnyDay|[from] ability: Orichalcum Pulse|[of] p1a: Koraidon\n|-activate|p1a: Koraidon|Orichalcum Pulse|[source]\n|turn|9\n|\n|t:|1699880853\n|move|p1a: Koraidon|Outrage|p2a: Arceus\n|-damage|p2a: Arceus|0 fnt\n|faint|p2a: Arceus\n|\n|-weather|SunnyDay|[upkeep]\n|upkeep\n|\n|t:|1699880861\n|switch|p2a: Skeledirge|Skeledirge, F|100\/100\n|turn|10\n|\n|t:|1699880865\n|-terastallize|p2a: Skeledirge|Fairy\n|move|p1a: Koraidon|Outrage|p2a: Skeledirge|[from]lockedmove\n|-immune|p2a: Skeledirge\n|-start|p1a: Koraidon|confusion|[fatigue]\n|move|p2a: Skeledirge|Torch Song|p1a: Koraidon\n|-resisted|p1a: Koraidon\n|-damage|p1a: Koraidon|0 fnt\n|-boost|p2a: Skeledirge|spa|1\n|faint|p1a: Koraidon\n|\n|-weather|SunnyDay|[upkeep]\n|upkeep\n|\n|t:|1699880871\n|switch|p1a: Ogerpon|Ogerpon-Hearthflame, F|100\/100\n|-ability|p1a: Ogerpon|Mold Breaker\n|turn|11\n|\n|t:|1699880874\n|-terastallize|p1a: Ogerpon|Fire\n|detailschange|p1a: Ogerpon|Ogerpon-Hearthflame-Tera, F, tera:Fire\n|-ability|p1a: Ogerpon|Embody Aspect (Hearthflame)|boost\n|-boost|p1a: Ogerpon|atk|1\n|move|p1a: Ogerpon|Ivy Cudgel|p2a: Skeledirge\n|-damage|p2a: Skeledirge|0 fnt\n|faint|p2a: Skeledirge\n|\n|-weather|SunnyDay|[upkeep]\n|upkeep\n|-message|Santiaqua1 forfeited.\n|\n|win|Toasterina\n|raw|Toasterina's rating: 1289 &rarr; <strong>1316<\/strong><br \/>(+27 for winning)\n|raw|Santiaqua1's rating: 1314 &rarr; <strong>1293<\/strong><br \/>(-21 for losing)\n|l|\u2606Santiaqua1\n","uploadtime":1699880886,"views":5,"p1id":"toasterina","p2id":"santiaqua1","formatid":"gen9ubers","rating":1293,"private":0,"password":""}