{"id":"gen9ubers-1976409455","p1":"1P1o1s1h1e1","p2":"Finchely","format":"[Gen 9] Ubers","log":"|j|\u26061P1o1s1h1e1\n|j|\u2606Finchely\n|t:|1698298380\n|gametype|singles\n|player|p1|1P1o1s1h1e1|2|\n|player|p2|Finchely|acetrainerf|\n|teamsize|p1|6\n|teamsize|p2|6\n|gen|9\n|tier|[Gen 9] Ubers\n|rule|Sleep Clause Mod: Limit one foe put to sleep\n|rule|Species Clause: Limit one of each Pok\u00e9mon\n|rule|OHKO Clause: OHKO moves are banned\n|rule|Evasion Items Clause: Evasion items are banned\n|rule|Evasion Moves Clause: Evasion moves are banned\n|rule|Endless Battle Clause: Forcing endless battles is banned\n|rule|HP Percentage Mod: HP is shown in percentages\n|clearpoke\n|poke|p1|Palkia-Origin|\n|poke|p1|Meowscarada, M|\n|poke|p1|Dugtrio, F|\n|poke|p1|Zacian-*|\n|poke|p1|Volcarona, F|\n|poke|p1|Arceus-Dark|\n|poke|p2|Torterra, M|\n|poke|p2|Cyclizar, M|\n|poke|p2|Moltres|\n|poke|p2|Blissey, F|\n|poke|p2|Clefable, M|\n|poke|p2|Gliscor, F|\n|teampreview\n|\n|t:|1698298430\n|start\n|switch|p1a: Meowscarada|Meowscarada, M|100\/100\n|switch|p2a: Cyclizar|Cyclizar, M|100\/100\n|turn|1\n|\n|t:|1698298444\n|switch|p2a: Gliscor|Gliscor, F|100\/100\n|move|p1a: Meowscarada|Knock Off|p2a: Gliscor\n|-damage|p2a: Gliscor|78\/100\n|-enditem|p2a: Gliscor|Toxic Orb|[from] move: Knock Off|[of] p1a: Meowscarada\n|\n|upkeep\n|turn|2\n|\n|t:|1698298463\n|move|p1a: Meowscarada|Taunt|p2a: Gliscor\n|-start|p2a: Gliscor|move: Taunt\n|cant|p2a: Gliscor|move: Taunt|Toxic\n|\n|upkeep\n|turn|3\n|\n|t:|1698298470\n|move|p1a: Meowscarada|Toxic Spikes|p2a: Gliscor\n|-sidestart|p2: Finchely|move: Toxic Spikes\n|move|p2a: Gliscor|Earthquake|p1a: Meowscarada\n|-resisted|p1a: Meowscarada\n|-damage|p1a: Meowscarada|70\/100\n|\n|upkeep\n|turn|4\n|\n|t:|1698298499\n|switch|p2a: Moltres|Moltres, shiny|100\/100\n|move|p1a: Meowscarada|Toxic Spikes|p2a: Moltres\n|-sidestart|p2: Finchely|move: Toxic Spikes\n|\n|upkeep\n|turn|5\n|\n|t:|1698298506\n|move|p1a: Meowscarada|Knock Off|p2a: Moltres\n|-damage|p2a: Moltres|74\/100\n|-enditem|p2a: Moltres|Heavy-Duty Boots|[from] move: Knock Off|[of] p1a: Meowscarada\n|move|p2a: Moltres|U-turn|p1a: Meowscarada\n|-supereffective|p1a: Meowscarada\n|-damage|p1a: Meowscarada|0 fnt\n|faint|p1a: Meowscarada\n|j| incredibleking\n|\n|t:|1698298525\n|switch|p2a: Gliscor|Gliscor, F|78\/100|[from] U-turn\n|\n|upkeep\n|\n|t:|1698298530\n|switch|p1a: Palkia|Palkia-Origin|100\/100\n|-ability|p1a: Palkia|Pressure\n|turn|6\n|\n|t:|1698298554\n|switch|p2a: Blissey|Blissey, F, shiny|100\/100\n|move|p1a: Palkia|Scale Shot|p2a: Blissey\n|-damage|p2a: Blissey|78\/100\n|-damage|p2a: Blissey|59\/100\n|-damage|p2a: Blissey|40\/100\n|-hitcount|p2a: Blissey|3\n|-unboost|p1a: Palkia|def|1\n|-boost|p1a: Palkia|spe|1\n|\n|upkeep\n|turn|7\n|\n|t:|1698298581\n|move|p1a: Palkia|Scale Shot|p2a: Blissey\n|-damage|p2a: Blissey|18\/100\n|-damage|p2a: Blissey|0 fnt\n|faint|p2a: Blissey\n|-hitcount|p2: Blissey|2\n|-unboost|p1a: Palkia|def|1\n|-boost|p1a: Palkia|spe|1\n|\n|upkeep\n|\n|t:|1698298583\n|switch|p2a: Cyclizar|Cyclizar, M|100\/100\n|turn|8\n|\n|t:|1698298592\n|-terastallize|p2a: Cyclizar|Fairy\n|move|p1a: Palkia|Hydro Pump|p2a: Cyclizar|[miss]\n|-miss|p1a: Palkia|p2a: Cyclizar\n|move|p2a: Cyclizar|Rapid Spin|p1a: Palkia\n|-damage|p1a: Palkia|63\/100\n|-boost|p2a: Cyclizar|spe|1\n|-sideend|p2: Finchely|Toxic Spikes|[from] move: Rapid Spin|[of] p2a: Cyclizar\n|\n|upkeep\n|turn|9\n|\n|t:|1698298602\n|move|p1a: Palkia|Hydro Pump|p2a: Cyclizar\n|-damage|p2a: Cyclizar|0 fnt\n|faint|p2a: Cyclizar\n|\n|upkeep\n|\n|t:|1698298608\n|switch|p2a: Clefable|Clefable, M|100\/100\n|turn|10\n|\n|t:|1698298611\n|move|p1a: Palkia|Hydro Pump|p2a: Clefable\n|-damage|p2a: Clefable|28\/100\n|move|p2a: Clefable|Calm Mind|p2a: Clefable\n|-boost|p2a: Clefable|spa|1\n|-boost|p2a: Clefable|spd|1\n|\n|-heal|p2a: Clefable|34\/100|[from] item: Leftovers\n|upkeep\n|turn|11\n|\n|t:|1698298616\n|move|p2a: Clefable|Protect|p2a: Clefable\n|-singleturn|p2a: Clefable|Protect\n|move|p1a: Palkia|Hydro Pump|p2a: Clefable\n|-activate|p2a: Clefable|move: Protect\n|\n|-heal|p2a: Clefable|40\/100|[from] item: Leftovers\n|upkeep\n|turn|12\n|\n|t:|1698298618\n|move|p1a: Palkia|Hydro Pump|p2a: Clefable\n|-damage|p2a: Clefable|0 fnt\n|faint|p2a: Clefable\n|\n|upkeep\n|-message|Finchely forfeited.\n|\n|win|1P1o1s1h1e1\n|l|\u2606Finchely\n","uploadtime":1698298633,"views":15,"p1id":"1p1o1s1h1e1","p2id":"finchely","formatid":"gen9ubers","rating":0,"private":0,"password":""}