{"id":"gen9ubers-1982288870","p1":"chriscanway","p2":"wamkou","format":"[Gen 9] Ubers","log":"|j|\u2606chriscanway\n|j|\u2606wamkou\n|t:|1698990611\n|gametype|singles\n|player|p1|chriscanway|ethan|\n|player|p2|wamkou|elesa-masters2|\n|teamsize|p1|6\n|teamsize|p2|6\n|gen|9\n|tier|[Gen 9] Ubers\n|rule|Sleep Clause Mod: Limit one foe put to sleep\n|rule|Species Clause: Limit one of each Pok\u00e9mon\n|rule|OHKO Clause: OHKO moves are banned\n|rule|Evasion Items Clause: Evasion items are banned\n|rule|Evasion Moves Clause: Evasion moves are banned\n|rule|Endless Battle Clause: Forcing endless battles is banned\n|rule|HP Percentage Mod: HP is shown in percentages\n|clearpoke\n|poke|p1|Magearna|\n|poke|p1|Dragapult, F|\n|poke|p1|Chi-Yu|\n|poke|p1|Slowking-Galar, M|\n|poke|p1|Ogerpon-Wellspring, F|\n|poke|p1|Zacian-*|\n|poke|p2|Scizor, M|\n|poke|p2|Heatran, F|\n|poke|p2|Palkia-Origin|\n|poke|p2|Palafin, M|\n|poke|p2|Magearna|\n|poke|p2|Zacian-*|\n|teampreview\n|\n|t:|1698990638\n|start\n|switch|p1a: Magearna|Magearna|100\/100\n|switch|p2a: Heatran|Heatran, F|100\/100\n|turn|1\n|\n|t:|1698990664\n|-terastallize|p1a: Magearna|Water\n|move|p2a: Heatran|Magma Storm|p1a: Magearna\n|-resisted|p1a: Magearna\n|-damage|p1a: Magearna|82\/100\n|-activate|p1a: Magearna|move: Magma Storm|[of] p2a: Heatran\n|move|p1a: Magearna|Volt Switch|p2a: Heatran\n|-damage|p2a: Heatran|88\/100\n|\n|t:|1698990671\n|switch|p1a: Ogerpon|Ogerpon-Wellspring, F|100\/100|[from] Volt Switch\n|\n|-heal|p2a: Heatran|94\/100|[from] item: Leftovers\n|upkeep\n|turn|2\n|\n|t:|1698990693\n|move|p1a: Ogerpon|Swords Dance|p1a: Ogerpon\n|-boost|p1a: Ogerpon|atk|2\n|move|p2a: Heatran|Magma Storm|p1a: Ogerpon\n|-crit|p1a: Ogerpon\n|-damage|p1a: Ogerpon|19\/100\n|-activate|p1a: Ogerpon|move: Magma Storm|[of] p2a: Heatran\n|\n|-heal|p2a: Heatran|100\/100|[from] item: Leftovers\n|-damage|p1a: Ogerpon|7\/100|[from] move: Magma Storm|[partiallytrapped]\n|upkeep\n|turn|3\n|\n|t:|1698990714\n|switch|p2a: Palkia|Palkia-Origin|100\/100\n|-ability|p2a: Palkia|Pressure\n|move|p1a: Ogerpon|Ivy Cudgel|p2a: Palkia\n|-resisted|p2a: Palkia\n|-damage|p2a: Palkia|72\/100\n|\n|-end|p1a: Ogerpon|Magma Storm|[partiallytrapped]|[silent]\n|upkeep\n|turn|4\n|\n|t:|1698990724\n|move|p2a: Palkia|Earth Power|p1a: Ogerpon\n|-resisted|p1a: Ogerpon\n|-damage|p1a: Ogerpon|0 fnt\n|faint|p1a: Ogerpon\n|\n|upkeep\n|\n|t:|1698990729\n|switch|p1a: Magearna|Magearna, tera:Water|82\/100\n|turn|5\n|\n|t:|1698990735\n|move|p2a: Palkia|Spacial Rend|p1a: Magearna\n|-damage|p1a: Magearna|29\/100\n|move|p1a: Magearna|Thunder Wave|p2a: Palkia|[miss]\n|-miss|p1a: Magearna|p2a: Palkia\n|\n|-heal|p1a: Magearna|35\/100|[from] item: Leftovers\n|upkeep\n|turn|6\n|\n|t:|1698990748\n|switch|p1a: Zacian|Zacian|100\/100\n|-ability|p1a: Zacian|Intrepid Sword|boost\n|-boost|p1a: Zacian|atk|1\n|move|p2a: Palkia|Spacial Rend|p1a: Zacian\n|-immune|p1a: Zacian\n|\n|upkeep\n|turn|7\n|\n|t:|1698990761\n|switch|p2a: Scizor|Scizor, M, shiny|100\/100\n|move|p1a: Zacian|Swords Dance|p1a: Zacian\n|-boost|p1a: Zacian|atk|2\n|\n|upkeep\n|turn|8\n|\n|t:|1698990770\n|move|p2a: Scizor|Bullet Punch|p1a: Zacian\n|-supereffective|p1a: Zacian\n|-damage|p1a: Zacian|51\/100\n|move|p1a: Zacian|Close Combat|p2a: Scizor\n|-damage|p2a: Scizor|25\/100\n|-unboost|p1a: Zacian|def|1\n|-unboost|p1a: Zacian|spd|1\n|-damage|p1a: Zacian|34\/100|[from] item: Rocky Helmet|[of] p2a: Scizor\n|\n|upkeep\n|turn|9\n|\n|t:|1698990777\n|switch|p1a: Chi-Yu|Chi-Yu|100\/100\n|-ability|p1a: Chi-Yu|Beads of Ruin\n|move|p2a: Scizor|Bullet Punch|p1a: Chi-Yu\n|-resisted|p1a: Chi-Yu\n|-damage|p1a: Chi-Yu|78\/100\n|\n|upkeep\n|turn|10\n|\n|t:|1698990788\n|switch|p2a: Heatran|Heatran, F|100\/100\n|move|p1a: Chi-Yu|Dark Pulse|p2a: Heatran\n|-damage|p2a: Heatran|59\/100\n|\n|-heal|p2a: Heatran|65\/100|[from] item: Leftovers\n|upkeep\n|turn|11\n|\n|t:|1698990797\n|switch|p1a: Slowking|Slowking-Galar, M|100\/100\n|move|p2a: Heatran|Earth Power|p1a: Slowking\n|-supereffective|p1a: Slowking\n|-damage|p1a: Slowking|58\/100\n|\n|-heal|p2a: Heatran|71\/100|[from] item: Leftovers\n|-heal|p1a: Slowking|64\/100|[from] item: Leftovers\n|upkeep\n|turn|12\n|\n|t:|1698990823\n|move|p2a: Heatran|Stealth Rock|p1a: Slowking\n|-sidestart|p1: chriscanway|move: Stealth Rock\n|move|p1a: Slowking|Chilly Reception|p1a: Slowking\n|-weather|Snow\n|\n|t:|1698990828\n|switch|p1a: Zacian|Zacian|34\/100|[from] Chilly Reception\n|\n|-weather|Snow|[upkeep]\n|-heal|p2a: Heatran|77\/100|[from] item: Leftovers\n|upkeep\n|turn|13\n|\n|t:|1698990837\n|move|p1a: Zacian|Close Combat|p2a: Heatran\n|-supereffective|p2a: Heatran\n|-damage|p2a: Heatran|16\/100\n|-unboost|p1a: Zacian|def|1\n|-unboost|p1a: Zacian|spd|1\n|move|p2a: Heatran|Magma Storm|p1a: Zacian\n|-damage|p1a: Zacian|0 fnt\n|faint|p1a: Zacian\n|\n|-weather|Snow|[upkeep]\n|-heal|p2a: Heatran|22\/100|[from] item: Leftovers\n|upkeep\n|\n|t:|1698990850\n|switch|p1a: Dragapult|Dragapult, F|100\/100\n|-damage|p1a: Dragapult|88\/100|[from] Stealth Rock\n|turn|14\n|\n|t:|1698990858\n|move|p1a: Dragapult|Shadow Ball|p2a: Heatran\n|-damage|p2a: Heatran|0 fnt\n|faint|p2a: Heatran\n|\n|-weather|Snow|[upkeep]\n|upkeep\n|\n|t:|1698990881\n|switch|p2a: Zacian|Zacian|100\/100\n|-ability|p2a: Zacian|Intrepid Sword|boost\n|-boost|p2a: Zacian|atk|1\n|turn|15\n|\n|t:|1698990891\n|switch|p1a: Slowking|Slowking-Galar, M|98\/100\n|-damage|p1a: Slowking|85\/100|[from] Stealth Rock\n|move|p2a: Zacian|Crunch|p1a: Slowking\n|-supereffective|p1a: Slowking\n|-damage|p1a: Slowking|7\/100\n|\n|-weather|Snow|[upkeep]\n|-heal|p1a: Slowking|13\/100|[from] item: Leftovers\n|upkeep\n|turn|16\n|\n|t:|1698990905\n|move|p2a: Zacian|Crunch|p1a: Slowking\n|-supereffective|p1a: Slowking\n|-damage|p1a: Slowking|0 fnt\n|faint|p1a: Slowking\n|\n|-weather|none\n|upkeep\n|\n|t:|1698990916\n|switch|p1a: Magearna|Magearna, tera:Water|35\/100\n|-damage|p1a: Magearna|23\/100|[from] Stealth Rock\n|turn|17\n|\n|t:|1698990920\n|move|p2a: Zacian|Crunch|p1a: Magearna\n|-damage|p1a: Magearna|0 fnt\n|faint|p1a: Magearna\n|\n|upkeep\n|\n|t:|1698990938\n|switch|p1a: Dragapult|Dragapult, F|88\/100\n|-damage|p1a: Dragapult|76\/100|[from] Stealth Rock\n|turn|18\n|\n|t:|1698990944\n|move|p2a: Zacian|Crunch|p1a: Dragapult\n|-supereffective|p1a: Dragapult\n|-damage|p1a: Dragapult|0 fnt\n|faint|p1a: Dragapult\n|\n|upkeep\n|\n|t:|1698990946\n|switch|p1a: Chi-Yu|Chi-Yu|78\/100\n|-damage|p1a: Chi-Yu|53\/100|[from] Stealth Rock\n|-ability|p1a: Chi-Yu|Beads of Ruin\n|turn|19\n|\n|t:|1698990952\n|move|p1a: Chi-Yu|Overheat|p2a: Zacian\n|-damage|p2a: Zacian|11\/100\n|-unboost|p1a: Chi-Yu|spa|2\n|move|p2a: Zacian|Crunch|p1a: Chi-Yu\n|-resisted|p1a: Chi-Yu\n|-damage|p1a: Chi-Yu|6\/100\n|\n|upkeep\n|turn|20\n|\n|t:|1698990958\n|move|p1a: Chi-Yu|Overheat|p2a: Zacian\n|-damage|p2a: Zacian|0 fnt\n|-unboost|p1a: Chi-Yu|spa|2\n|faint|p2a: Zacian\n|\n|upkeep\n|\n|t:|1698990960\n|switch|p2a: Palafin|Palafin, M|100\/100\n|turn|21\n|\n|t:|1698990962\n|-terastallize|p2a: Palafin|Water\n|move|p2a: Palafin|Jet Punch|p1a: Chi-Yu\n|-supereffective|p1a: Chi-Yu\n|-damage|p1a: Chi-Yu|0 fnt\n|faint|p1a: Chi-Yu\n|\n|win|wamkou\n","uploadtime":1698990970,"views":19,"p1id":"chriscanway","p2id":"wamkou","formatid":"gen9ubers","rating":0,"private":0,"password":""}