{"id":"gen9ubers-1978952248","p1":"XpokVEVO","p2":"PinkScourge","format":"[Gen 9] Ubers","log":"|j|\u2606XpokVEVO\n|j|\u2606PinkScourge\n|t:|1698613939\n|gametype|singles\n|player|p1|XpokVEVO|rika|\n|player|p2|PinkScourge|bede-leader|\n|teamsize|p1|6\n|teamsize|p2|6\n|gen|9\n|tier|[Gen 9] Ubers\n|rule|Sleep Clause Mod: Limit one foe put to sleep\n|rule|Species Clause: Limit one of each Pok\u00e9mon\n|rule|OHKO Clause: OHKO moves are banned\n|rule|Evasion Items Clause: Evasion items are banned\n|rule|Evasion Moves Clause: Evasion moves are banned\n|rule|Endless Battle Clause: Forcing endless battles is banned\n|rule|HP Percentage Mod: HP is shown in percentages\n|clearpoke\n|poke|p1|Ursaluna, M|\n|poke|p1|Magearna|\n|poke|p1|Dialga|\n|poke|p1|Glastrier|\n|poke|p1|Hoopa-Unbound|\n|poke|p1|Hatterene, F|\n|poke|p2|Indeedee-F, F|\n|poke|p2|Arceus-Psychic|\n|poke|p2|Palkia|\n|poke|p2|Alomomola, M|\n|poke|p2|Mandibuzz, F|\n|poke|p2|Slowking-Galar, F|\n|teampreview\n|inactive|Battle timer is ON: inactive players will automatically lose when time's up. (requested by PinkScourge)\n|\n|t:|1698613963\n|start\n|switch|p1a: Magearna|Magearna|100\/100\n|switch|p2a: Slowking|Slowking-Galar, F|100\/100\n|turn|1\n|c|\u2606XpokVEVO|how do i turn on timer\n|inactive|XpokVEVO also wants the timer to be on.\n|c|\u2606XpokVEVO|oh\n|c|\u2606XpokVEVO|found it\n|\n|t:|1698613982\n|move|p1a: Magearna|Flash Cannon|p2a: Slowking\n|-damage|p2a: Slowking|72\/100\n|move|p2a: Slowking|Future Sight|p1a: Magearna\n|-start|p2a: Slowking|move: Future Sight\n|\n|upkeep\n|turn|2\n|\n|t:|1698613987\n|move|p1a: Magearna|Flash Cannon|p2a: Slowking\n|-damage|p2a: Slowking|46\/100\n|move|p2a: Slowking|Chilly Reception|p2a: Slowking\n|-weather|Snow\n|\n|t:|1698614000\n|switch|p2a: Palkia|Palkia|100\/100|[from] Chilly Reception\n|-ability|p2a: Palkia|Pressure\n|\n|-weather|Snow|[upkeep]\n|upkeep\n|turn|3\n|\n|t:|1698614013\n|-terastallize|p2a: Palkia|Water\n|-terastallize|p1a: Magearna|Water\n|move|p2a: Palkia|Fire Blast|p1a: Magearna\n|-resisted|p1a: Magearna\n|-damage|p1a: Magearna|82\/100\n|move|p1a: Magearna|Trick Room|p1a: Magearna\n|-fieldstart|move: Trick Room|[of] p1a: Magearna\n|\n|-weather|Snow|[upkeep]\n|-end|p1a: Magearna|move: Future Sight\n|-damage|p1a: Magearna|42\/100\n|-heal|p1a: Magearna|48\/100|[from] item: Leftovers\n|upkeep\n|turn|4\n|c|\u2606XpokVEVO|BOZO\n|\n|t:|1698614027\n|switch|p2a: Mandibuzz|Mandibuzz, F|100\/100\n|move|p1a: Magearna|Energy Ball|p2a: Mandibuzz\n|-resisted|p2a: Mandibuzz\n|-damage|p2a: Mandibuzz|90\/100\n|\n|-weather|Snow|[upkeep]\n|-heal|p1a: Magearna|54\/100|[from] item: Leftovers\n|upkeep\n|turn|5\n|c|\u2606XpokVEVO|I NOW DONT TAKE FUTURE SIGHTS\n|c|\u2606XpokVEVO|BUT TI DOESNT MATTER\n|\n|t:|1698614034\n|move|p1a: Magearna|Fleur Cannon|p2a: Mandibuzz\n|-supereffective|p2a: Mandibuzz\n|-damage|p2a: Mandibuzz|0 fnt\n|-unboost|p1a: Magearna|spa|2\n|faint|p2a: Mandibuzz\n|-ability|p1a: Magearna|Soul-Heart|boost\n|-boost|p1a: Magearna|spa|1\n|\n|-weather|Snow|[upkeep]\n|-heal|p1a: Magearna|60\/100|[from] item: Leftovers\n|upkeep\n|c|\u2606XpokVEVO|RAAAHHH\n|\n|t:|1698614042\n|switch|p2a: Slowking|Slowking-Galar, F|79\/100\n|turn|6\n|\n|t:|1698614048\n|switch|p1a: Ursaluna|Ursaluna, M, shiny|100\/100\n|move|p2a: Slowking|Future Sight|p1a: Ursaluna\n|-start|p2a: Slowking|move: Future Sight\n|\n|-weather|none\n|-status|p1a: Ursaluna|brn|[from] item: Flame Orb\n|upkeep\n|turn|7\n|c|\u2606XpokVEVO|WHO TAKING THIS FACADE?\n|\n|t:|1698614055\n|switch|p2a: Alomomola|Alomomola, M|100\/100\n|move|p1a: Ursaluna|Facade|p2a: Alomomola\n|-damage|p2a: Alomomola|27\/100\n|-damage|p1a: Ursaluna|84\/100 brn|[from] item: Rocky Helmet|[of] p2a: Alomomola\n|\n|-damage|p1a: Ursaluna|78\/100 brn|[from] brn\n|-fieldend|move: Trick Room\n|upkeep\n|turn|8\n|c|\u2606XpokVEVO|yeah\n|\n|t:|1698614073\n|move|p2a: Alomomola|Flip Turn|p1a: Ursaluna\n|-supereffective|p1a: Ursaluna\n|-damage|p1a: Ursaluna|54\/100 brn\n|c|\u2606XpokVEVO|i was like\n|c|\u2606XpokVEVO|ok so\n|c|\u2606XpokVEVO|my calc thing\n|c|\u2606XpokVEVO|shows me\n|\n|t:|1698614086\n|switch|p2a: Arceus|Arceus-Psychic|100\/100|[from] Flip Turn\n|move|p1a: Ursaluna|Facade|p2a: Arceus\n|-damage|p2a: Arceus|17\/100\n|\n|-end|p1a: Ursaluna|move: Future Sight\n|-damage|p1a: Ursaluna|10\/100 brn\n|-damage|p1a: Ursaluna|4\/100 brn|[from] brn\n|upkeep\n|turn|9\n|c|\u2606XpokVEVO|that future sight 2 shots\n|c|\u2606XpokVEVO|but i forgot about burn and flip turn\n|c|\u2606XpokVEVO|goodbye ursaluna\n|\n|t:|1698614097\n|move|p2a: Arceus|Dazzling Gleam|p1a: Ursaluna\n|-damage|p1a: Ursaluna|0 fnt\n|faint|p1a: Ursaluna\n|\n|upkeep\n|\n|t:|1698614110\n|switch|p1a: Dialga|Dialga, shiny|100\/100\n|-ability|p1a: Dialga|Pressure\n|turn|10\n|\n|t:|1698614120\n|move|p2a: Arceus|Recover|p2a: Arceus\n|-heal|p2a: Arceus|67\/100\n|move|p1a: Dialga|Trick Room|p1a: Dialga\n|-fieldstart|move: Trick Room|[of] p1a: Dialga\n|\n|upkeep\n|turn|11\n|c|\u2606XpokVEVO|thats a bit cringe\n|\n|t:|1698614126\n|move|p1a: Dialga|Draco Meteor|p2a: Arceus\n|-damage|p2a: Arceus|8\/100\n|-unboost|p1a: Dialga|spa|2\n|-enditem|p1a: Dialga|Eject Pack\n|\n|t:|1698614131\n|switch|p1a: Glastrier|Glastrier|100\/100\n|move|p2a: Arceus|Recover|p2a: Arceus\n|-heal|p2a: Arceus|58\/100\n|\n|upkeep\n|turn|12\n|\n|t:|1698614138\n|switch|p2a: Alomomola|Alomomola, M|61\/100\n|move|p1a: Glastrier|Crunch|p2a: Alomomola\n|-damage|p2a: Alomomola|34\/100\n|-damage|p1a: Glastrier|84\/100|[from] item: Rocky Helmet|[of] p2a: Alomomola\n|-damage|p1a: Glastrier|74\/100|[from] item: Life Orb\n|\n|upkeep\n|turn|13\n|\n|t:|1698614146\n|move|p2a: Alomomola|Protect|p2a: Alomomola\n|-singleturn|p2a: Alomomola|Protect\n|move|p1a: Glastrier|High Horsepower|p2a: Alomomola\n|-activate|p2a: Alomomola|move: Protect\n|\n|upkeep\n|turn|14\n|\n|t:|1698614162\n|switch|p2a: Palkia|Palkia, tera:Water|100\/100\n|-ability|p2a: Palkia|Pressure\n|move|p1a: Glastrier|Crunch|p2a: Palkia\n|-damage|p2a: Palkia|64\/100\n|-damage|p1a: Glastrier|64\/100|[from] item: Life Orb\n|\n|-fieldend|move: Trick Room\n|upkeep\n|turn|15\n|\n|t:|1698614178\n|move|p2a: Palkia|Surf|p1a: Glastrier\n|-damage|p1a: Glastrier|0 fnt\n|faint|p1a: Glastrier\n|\n|upkeep\n|\n|t:|1698614183\n|switch|p1a: Dialga|Dialga, shiny|100\/100\n|-ability|p1a: Dialga|Pressure\n|turn|16\n|\n|t:|1698614189\n|switch|p2a: Slowking|Slowking-Galar, F|100\/100\n|move|p1a: Dialga|Draco Meteor|p2a: Slowking|[miss]\n|-miss|p1a: Dialga|p2a: Slowking\n|\n|upkeep\n|turn|17\n|\n|t:|1698614196\n|move|p2a: Slowking|Future Sight|p1a: Dialga\n|-start|p2a: Slowking|move: Future Sight\n|move|p1a: Dialga|Trick Room|p1a: Dialga\n|-fieldstart|move: Trick Room|[of] p1a: Dialga\n|\n|upkeep\n|turn|18\n|\n|t:|1698614203\n|move|p1a: Dialga|Flash Cannon|p2a: Slowking\n|-damage|p2a: Slowking|70\/100\n|move|p2a: Slowking|Trick Room|p2a: Slowking\n|-fieldend|move: Trick Room\n|\n|upkeep\n|turn|19\n|\n|t:|1698614207\n|move|p1a: Dialga|Flash Cannon|p2a: Slowking\n|-damage|p2a: Slowking|39\/100\n|move|p2a: Slowking|Chilly Reception|p2a: Slowking\n|-weather|Snow\n|\n|t:|1698614217\n|switch|p2a: Indeedee|Indeedee-F, F|100\/100|[from] Chilly Reception\n|-fieldstart|move: Psychic Terrain|[from] ability: Psychic Surge|[of] p2a: Indeedee\n|\n|-weather|Snow|[upkeep]\n|-end|p1a: Dialga|move: Future Sight\n|-resisted|p1a: Dialga\n|-damage|p1a: Dialga|75\/100\n|upkeep\n|turn|20\n|\n|t:|1698614227\n|switch|p1a: Hoopa|Hoopa-Unbound|100\/100\n|move|p2a: Indeedee|Dazzling Gleam|p1a: Hoopa\n|-supereffective|p1a: Hoopa\n|-crit|p1a: Hoopa\n|-damage|p1a: Hoopa|51\/100\n|\n|-weather|Snow|[upkeep]\n|upkeep\n|turn|21\n|inactive|PinkScourge has 270 seconds left.\n|c|\u2606XpokVEVO|wait\n|c|\u2606XpokVEVO|he can still win\n|c|\u2606XpokVEVO|all your mons are chipped\n|\n|t:|1698614268\n|move|p2a: Indeedee|Dazzling Gleam|p1a: Hoopa\n|-supereffective|p1a: Hoopa\n|-damage|p1a: Hoopa|20\/100\n|move|p1a: Hoopa|Hyperspace Fury|p2a: Indeedee\n|-supereffective|p2a: Indeedee\n|-damage|p2a: Indeedee|0 fnt\n|-unboost|p1a: Hoopa|def|1\n|faint|p2a: Indeedee\n|-damage|p1a: Hoopa|10\/100|[from] item: Life Orb\n|\n|-weather|Snow|[upkeep]\n|upkeep\n|inactive|PinkScourge has 270 seconds left.\n|c|\u2606XpokVEVO|i hate this game with a passion\n|c|\u2606XpokVEVO|you wouldnt get it\n|\n|t:|1698614277\n|switch|p2a: Palkia|Palkia, tera:Water|64\/100\n|-ability|p2a: Palkia|Pressure\n|turn|22\n|\n|t:|1698614282\n|move|p2a: Palkia|Surf|p1a: Hoopa\n|-damage|p1a: Hoopa|0 fnt\n|faint|p1a: Hoopa\n|\n|-weather|Snow|[upkeep]\n|upkeep\n|\n|t:|1698614284\n|switch|p1a: Magearna|Magearna, tera:Water|60\/100\n|turn|23\n|\n|t:|1698614290\n|switch|p2a: Slowking|Slowking-Galar, F|73\/100\n|move|p1a: Magearna|Trick Room|p1a: Magearna\n|-fieldstart|move: Trick Room|[of] p1a: Magearna\n|\n|-weather|none\n|-heal|p1a: Magearna|66\/100|[from] item: Leftovers\n|upkeep\n|turn|24\n|\n|t:|1698614295\n|move|p2a: Slowking|Future Sight|p1a: Magearna\n|-start|p2a: Slowking|move: Future Sight\n|move|p1a: Magearna|Flash Cannon|p2a: Slowking\n|-damage|p2a: Slowking|44\/100\n|\n|-heal|p1a: Magearna|72\/100|[from] item: Leftovers\n|upkeep\n|turn|25\n|\n|t:|1698614300\n|move|p2a: Slowking|Chilly Reception|p2a: Slowking\n|-weather|Snow\n|\n|t:|1698614310\n|switch|p2a: Arceus|Arceus-Psychic|58\/100|[from] Chilly Reception\n|move|p1a: Magearna|Flash Cannon|p2a: Arceus\n|-damage|p2a: Arceus|29\/100\n|\n|-weather|Snow|[upkeep]\n|-heal|p1a: Magearna|79\/100|[from] item: Leftovers\n|upkeep\n|turn|26\n|\n|t:|1698614321\n|switch|p2a: Slowking|Slowking-Galar, F|77\/100\n|move|p1a: Magearna|Fleur Cannon|p2a: Slowking\n|-resisted|p2a: Slowking\n|-damage|p2a: Slowking|56\/100\n|-unboost|p1a: Magearna|spa|2\n|\n|-weather|Snow|[upkeep]\n|-end|p1a: Magearna|move: Future Sight\n|-damage|p1a: Magearna|25\/100\n|-heal|p1a: Magearna|32\/100|[from] item: Leftovers\n|-fieldend|move: Psychic Terrain\n|upkeep\n|turn|27\n|c|\u2606XpokVEVO|i cant\n|c|\u2606XpokVEVO|believe this game\n|\n|t:|1698614329\n|switch|p1a: Hatterene|Hatterene, F, shiny|100\/100\n|move|p2a: Slowking|Future Sight|p1a: Hatterene\n|-start|p2a: Slowking|move: Future Sight\n|\n|-weather|Snow|[upkeep]\n|-fieldend|move: Trick Room\n|upkeep\n|turn|28\n|\n|t:|1698614335\n|move|p2a: Slowking|Sludge Bomb|p1a: Hatterene\n|-supereffective|p1a: Hatterene\n|-damage|p1a: Hatterene|32\/100\n|-status|p1a: Hatterene|psn\n|move|p1a: Hatterene|Psychic|p2a: Slowking\n|-damage|p2a: Slowking|26\/100\n|\n|-weather|Snow|[upkeep]\n|-damage|p1a: Hatterene|20\/100 psn|[from] psn\n|upkeep\n|turn|29\n|\n|t:|1698614350\n|switch|p1a: Dialga|Dialga, shiny|75\/100\n|-ability|p1a: Dialga|Pressure\n|move|p2a: Slowking|Sludge Bomb|p1a: Dialga\n|-immune|p1a: Dialga\n|\n|-weather|none\n|-end|p1a: Dialga|move: Future Sight\n|-resisted|p1a: Dialga\n|-damage|p1a: Dialga|56\/100\n|upkeep\n|turn|30\n|\n|t:|1698614360\n|switch|p2a: Alomomola|Alomomola, M|67\/100\n|move|p1a: Dialga|Trick Room|p1a: Dialga\n|-fieldstart|move: Trick Room|[of] p1a: Dialga\n|\n|upkeep\n|turn|31\n|\n|t:|1698614367\n|switch|p2a: Slowking|Slowking-Galar, F|59\/100\n|move|p1a: Dialga|Draco Meteor|p2a: Slowking\n|-damage|p2a: Slowking|12\/100\n|-unboost|p1a: Dialga|spa|2\n|\n|upkeep\n|turn|32\n|\n|t:|1698614372\n|switch|p2a: Alomomola|Alomomola, M|100\/100\n|switch|p1a: Magearna|Magearna, tera:Water|32\/100\n|\n|-heal|p1a: Magearna|38\/100|[from] item: Leftovers\n|upkeep\n|turn|33\n|\n|t:|1698614380\n|move|p1a: Magearna|Energy Ball|p2a: Alomomola\n|-supereffective|p2a: Alomomola\n|-damage|p2a: Alomomola|43\/100\n|move|p2a: Alomomola|Mirror Coat|p1a: Magearna\n|-damage|p1a: Magearna|0 fnt\n|faint|p1a: Magearna\n|\n|upkeep\n|\n|t:|1698614387\n|switch|p1a: Hatterene|Hatterene, F, shiny|20\/100 psn\n|turn|34\n|\n|t:|1698614392\n|switch|p2a: Slowking|Slowking-Galar, F|46\/100\n|move|p1a: Hatterene|Misty Explosion|p2a: Slowking\n|-resisted|p2a: Slowking\n|-damage|p2a: Slowking|28\/100\n|faint|p1a: Hatterene\n|\n|-fieldend|move: Trick Room\n|upkeep\n|\n|t:|1698614394\n|switch|p1a: Dialga|Dialga, shiny|56\/100\n|-ability|p1a: Dialga|Pressure\n|turn|35\n|\n|t:|1698614407\n|move|p1a: Dialga|Draco Meteor|p2a: Slowking|[miss]\n|-miss|p1a: Dialga|p2a: Slowking\n|move|p2a: Slowking|Chilly Reception|p2a: Slowking\n|-weather|Snow\n|c|\u2606PinkScourge|lol\n|-message|XpokVEVO forfeited.\n|\n|win|PinkScourge\n|l|\u2606XpokVEVO\n","uploadtime":1698614414,"views":12,"p1id":"xpokvevo","p2id":"pinkscourge","formatid":"gen9ubers","rating":0,"private":0,"password":""}