{"id":"gen9ubers-1988988337","p1":"HinaKagiyama1","p2":"LuukTheGamer","format":"[Gen 9] Ubers","log":"|j|\u2606HinaKagiyama1\n|j|\u2606LuukTheGamer\n|t:|1699798937\n|gametype|singles\n|player|p1|HinaKagiyama1|hilda|\n|player|p2|LuukTheGamer|anabel|\n|teamsize|p1|6\n|teamsize|p2|6\n|gen|9\n|tier|[Gen 9] Ubers\n|rule|Sleep Clause Mod: Limit one foe put to sleep\n|rule|Species Clause: Limit one of each Pok\u00e9mon\n|rule|OHKO Clause: OHKO moves are banned\n|rule|Evasion Items Clause: Evasion items are banned\n|rule|Evasion Moves Clause: Evasion moves are banned\n|rule|Endless Battle Clause: Forcing endless battles is banned\n|rule|HP Percentage Mod: HP is shown in percentages\n|clearpoke\n|poke|p1|Tyranitar, F|\n|poke|p1|Arceus-Rock|\n|poke|p1|Garchomp, M|\n|poke|p1|Donphan, F|\n|poke|p1|Magearna|\n|poke|p1|Houndstone, M|\n|poke|p2|Dialga-Origin|\n|poke|p2|Rillaboom, F|\n|poke|p2|Arceus-Fire|\n|poke|p2|Espathra, F|\n|poke|p2|Donphan, L6, M|\n|poke|p2|Sneasler, M|\n|teampreview\n|inactive|Battle timer is ON: inactive players will automatically lose when time's up. (requested by LuukTheGamer)\n|inactive|LuukTheGamer has 270 seconds left.\n|\n|t:|1699798977\n|start\n|switch|p1a: Cynthia DREAM ON|Garchomp, M|100\/100\n|switch|p2a: Donphan|Donphan, L6, M|100\/100\n|turn|1\n|inactive|LuukTheGamer has 270 seconds left.\n|\n|t:|1699799013\n|move|p1a: Cynthia DREAM ON|Scale Shot|p2a: Donphan\n|-ability|p2a: Donphan|Sturdy\n|-damage|p2a: Donphan|4\/100\n|-damage|p2a: Donphan|0 fnt\n|faint|p2a: Donphan\n|-hitcount|p2: Donphan|2\n|-unboost|p1a: Cynthia DREAM ON|def|1\n|-boost|p1a: Cynthia DREAM ON|spe|1\n|\n|upkeep\n|\n|t:|1699799025\n|switch|p2a: Rillaboom|Rillaboom, F|100\/100\n|-fieldstart|move: Grassy Terrain|[from] ability: Grassy Surge|[of] p2a: Rillaboom\n|turn|2\n|c|\u2606HinaKagiyama1|You get nothing :D\n|inactive|LuukTheGamer has 240 seconds left.\n|\n|t:|1699799060\n|switch|p1a: Uwu orb|Magearna|100\/100\n|move|p2a: Rillaboom|Grassy Glide|p1a: Uwu orb\n|-resisted|p1a: Uwu orb\n|-damage|p1a: Uwu orb|77\/100\n|\n|-heal|p1a: Uwu orb|83\/100|[from] Grassy Terrain\n|-heal|p1a: Uwu orb|89\/100|[from] item: Leftovers\n|upkeep\n|turn|3\n|inactive|LuukTheGamer has 240 seconds left.\n|inactive|LuukTheGamer has 210 seconds left.\n|\n|t:|1699799104\n|switch|p2a: Dialga|Dialga-Origin|100\/100\n|-ability|p2a: Dialga|Pressure\n|move|p1a: Uwu orb|Thunder Wave|p2a: Dialga\n|-status|p2a: Dialga|par\n|\n|-heal|p1a: Uwu orb|95\/100|[from] Grassy Terrain\n|-heal|p1a: Uwu orb|100\/100|[from] item: Leftovers\n|upkeep\n|turn|4\n|inactive|LuukTheGamer has 210 seconds left.\n|c|\u2606HinaKagiyama1|How delightful\n|c|\u2606HinaKagiyama1|Paralyzing your hopes and dreams\n|inactive|HinaKagiyama1 has 270 seconds left.\n|\n|t:|1699799125\n|move|p1a: Uwu orb|Volt Switch|p2a: Dialga\n|-resisted|p2a: Dialga\n|-damage|p2a: Dialga|91\/100 par\n|inactive|HinaKagiyama1 has 270 seconds left.\n|\n|t:|1699799130\n|switch|p1a: DREAM ON|Tyranitar, F|100\/100|[from] Volt Switch\n|-weather|Sandstorm|[from] ability: Sand Stream|[of] p1a: DREAM ON\n|move|p2a: Dialga|Earth Power|p1a: DREAM ON\n|-supereffective|p1a: DREAM ON\n|-damage|p1a: DREAM ON|59\/100\n|\n|-weather|Sandstorm|[upkeep]\n|-heal|p1a: DREAM ON|66\/100|[from] Grassy Terrain\n|-heal|p2a: Dialga|97\/100 par|[from] Grassy Terrain\n|upkeep\n|turn|5\n|c|\u2606LuukTheGamer|fr\n|inactive|LuukTheGamer has 180 seconds left.\n|c|\u2606HinaKagiyama1|I only need 2 para users to make this team super annoying\n|c|\u2606LuukTheGamer|yeah true\n|c|\u2606LuukTheGamer|the para sucks to play against\n|\n|t:|1699799187\n|move|p1a: DREAM ON|Stealth Rock|p2a: Dialga\n|-sidestart|p2: LuukTheGamer|move: Stealth Rock\n|cant|p2a: Dialga|par\n|\n|-weather|Sandstorm|[upkeep]\n|-heal|p1a: DREAM ON|72\/100|[from] Grassy Terrain\n|-heal|p2a: Dialga|100\/100 par|[from] Grassy Terrain\n|upkeep\n|turn|6\n|\n|t:|1699799205\n|switch|p1a: Cynthia DREAM ON|Garchomp, M|100\/100\n|move|p2a: Dialga|Steel Beam|p1a: Cynthia DREAM ON\n|-damage|p1a: Cynthia DREAM ON|0 fnt\n|-damage|p2a: Dialga|50\/100 par|[from] steelbeam\n|faint|p1a: Cynthia DREAM ON\n|\n|-weather|Sandstorm|[upkeep]\n|-heal|p2a: Dialga|57\/100 par|[from] Grassy Terrain\n|-fieldend|move: Grassy Terrain\n|upkeep\n|c|\u2606HinaKagiyama1|Oh\n|c|\u2606LuukTheGamer|beam\n|inactive|HinaKagiyama1 has 270 seconds left.\n|c|\u2606HinaKagiyama1|I see how it is\n|\n|t:|1699799228\n|switch|p1a: Donphozo|Donphan, F|100\/100\n|turn|7\n|inactive|LuukTheGamer has 150 seconds left.\n|\n|t:|1699799254\n|switch|p2a: Rillaboom|Rillaboom, F|100\/100\n|-damage|p2a: Rillaboom|88\/100|[from] Stealth Rock\n|-fieldstart|move: Grassy Terrain|[from] ability: Grassy Surge|[of] p2a: Rillaboom\n|move|p1a: Donphozo|Earthquake|p2a: Rillaboom\n|-resisted|p2a: Rillaboom\n|-damage|p2a: Rillaboom|72\/100\n|\n|-weather|Sandstorm|[upkeep]\n|-damage|p2a: Rillaboom|66\/100|[from] Sandstorm\n|-heal|p2a: Rillaboom|72\/100|[from] Grassy Terrain\n|upkeep\n|turn|8\n|inactive|LuukTheGamer has 150 seconds left.\n|\n|t:|1699799291\n|switch|p1a: Uwu orb|Magearna|100\/100\n|move|p2a: Rillaboom|Wood Hammer|p1a: Uwu orb\n|-resisted|p1a: Uwu orb\n|-damage|p1a: Uwu orb|53\/100\n|-damage|p2a: Rillaboom|55\/100|[from] Recoil\n|\n|-weather|Sandstorm|[upkeep]\n|-damage|p2a: Rillaboom|49\/100|[from] Sandstorm\n|-heal|p2a: Rillaboom|55\/100|[from] Grassy Terrain\n|-heal|p1a: Uwu orb|59\/100|[from] Grassy Terrain\n|-heal|p1a: Uwu orb|65\/100|[from] item: Leftovers\n|upkeep\n|turn|9\n|inactive|LuukTheGamer has 120 seconds left.\n|\n|t:|1699799314\n|switch|p2a: Dialga|Dialga-Origin|57\/100 par\n|-damage|p2a: Dialga|50\/100 par|[from] Stealth Rock\n|-ability|p2a: Dialga|Pressure\n|move|p1a: Uwu orb|Fleur Cannon|p2a: Dialga\n|-damage|p2a: Dialga|0 fnt\n|-unboost|p1a: Uwu orb|spa|2\n|faint|p2a: Dialga\n|-ability|p1a: Uwu orb|Soul-Heart|boost\n|-boost|p1a: Uwu orb|spa|1\n|\n|-weather|Sandstorm|[upkeep]\n|-heal|p1a: Uwu orb|71\/100|[from] Grassy Terrain\n|-heal|p1a: Uwu orb|77\/100|[from] item: Leftovers\n|upkeep\n|\n|t:|1699799332\n|switch|p2a: Rillaboom|Rillaboom, F|55\/100\n|-damage|p2a: Rillaboom|43\/100|[from] Stealth Rock\n|turn|10\n|\n|t:|1699799340\n|move|p2a: Rillaboom|High Horsepower|p1a: Uwu orb\n|-supereffective|p1a: Uwu orb\n|-damage|p1a: Uwu orb|3\/100\n|move|p1a: Uwu orb|Volt Switch|p2a: Rillaboom\n|-resisted|p2a: Rillaboom\n|-damage|p2a: Rillaboom|32\/100\n|\n|t:|1699799349\n|switch|p1a: Rockless|Houndstone, M|100\/100|[from] Volt Switch\n|\n|-weather|Sandstorm|[upkeep]\n|-damage|p2a: Rillaboom|26\/100|[from] Sandstorm\n|-heal|p2a: Rillaboom|32\/100|[from] Grassy Terrain\n|upkeep\n|turn|11\n|inactive|LuukTheGamer has 120 seconds left.\n|inactive|LuukTheGamer has 90 seconds left.\n|\n|t:|1699799385\n|switch|p2a: Espathra|Espathra, F|100\/100\n|-damage|p2a: Espathra|88\/100|[from] Stealth Rock\n|-enditem|p2a: Espathra|Grassy Seed\n|-boost|p2a: Espathra|def|1|[from] item: Grassy Seed\n|move|p1a: Rockless|Last Respects|p2a: Espathra\n|-supereffective|p2a: Espathra\n|-damage|p2a: Espathra|13\/100\n|\n|-weather|none\n|-heal|p2a: Espathra|19\/100|[from] Grassy Terrain\n|-fieldend|move: Grassy Terrain\n|upkeep\n|turn|12\n|inactive|LuukTheGamer has 90 seconds left.\n|\n|t:|1699799418\n|move|p2a: Espathra|Protect|p2a: Espathra\n|-singleturn|p2a: Espathra|Protect\n|move|p1a: Rockless|Shadow Sneak|p2a: Espathra\n|-activate|p2a: Espathra|move: Protect\n|\n|-ability|p2a: Espathra|Speed Boost|boost\n|-boost|p2a: Espathra|spe|1\n|upkeep\n|turn|13\n|\n|t:|1699799437\n|switch|p1a: DREAM ON|Tyranitar, F|72\/100\n|-weather|Sandstorm|[from] ability: Sand Stream|[of] p1a: DREAM ON\n|move|p2a: Espathra|Dazzling Gleam|p1a: DREAM ON\n|-supereffective|p1a: DREAM ON\n|-damage|p1a: DREAM ON|51\/100\n|\n|-weather|Sandstorm|[upkeep]\n|-damage|p2a: Espathra|13\/100|[from] Sandstorm\n|-ability|p2a: Espathra|Speed Boost|boost\n|-boost|p2a: Espathra|spe|1\n|upkeep\n|turn|14\n|inactive|LuukTheGamer has 60 seconds left.\n|\n|t:|1699799454\n|move|p2a: Espathra|Dazzling Gleam|p1a: DREAM ON\n|-supereffective|p1a: DREAM ON\n|-damage|p1a: DREAM ON|31\/100\n|move|p1a: DREAM ON|Thunder Wave|p2a: Espathra\n|-status|p2a: Espathra|par\n|\n|-weather|Sandstorm|[upkeep]\n|-damage|p2a: Espathra|6\/100 par|[from] Sandstorm\n|-ability|p2a: Espathra|Speed Boost|boost\n|-boost|p2a: Espathra|spe|1\n|upkeep\n|turn|15\n|\n|t:|1699799467\n|switch|p1a: Arc the rock eus|Arceus-Rock|100\/100\n|move|p2a: Espathra|Dazzling Gleam|p1a: Arc the rock eus\n|-damage|p1a: Arc the rock eus|93\/100\n|\n|-weather|Sandstorm|[upkeep]\n|-damage|p2a: Espathra|0 fnt|[from] Sandstorm\n|faint|p2a: Espathra\n|upkeep\n|inactive|LuukTheGamer has 60 seconds left.\n|\n|t:|1699799496\n|switch|p2a: Rillaboom|Rillaboom, F|32\/100\n|-damage|p2a: Rillaboom|20\/100|[from] Stealth Rock\n|-fieldstart|move: Grassy Terrain|[from] ability: Grassy Surge|[of] p2a: Rillaboom\n|turn|16\n|\n|t:|1699799507\n|-terastallize|p2a: Rillaboom|Grass\n|move|p2a: Rillaboom|Grassy Glide|p1a: Arc the rock eus\n|-supereffective|p1a: Arc the rock eus\n|-damage|p1a: Arc the rock eus|1\/100\n|move|p1a: Arc the rock eus|Judgment|p2a: Rillaboom\n|-damage|p2a: Rillaboom|0 fnt\n|faint|p2a: Rillaboom\n|\n|-weather|Sandstorm|[upkeep]\n|-heal|p1a: Arc the rock eus|7\/100|[from] Grassy Terrain\n|upkeep\n|c|\u2606LuukTheGamer|NOOOOOOOOOOOOOOOO\n|c|\u2606HinaKagiyama1|YES\n|c|\u2606HinaKagiyama1|29 HP AND A DREAM\n|inactive|LuukTheGamer has 30 seconds left.\n|c|\u2606LuukTheGamer|HOW COULD YOU\n|\n|t:|1699799529\n|switch|p2a: Sneasler|Sneasler, M, shiny|100\/100\n|-damage|p2a: Sneasler|95\/100|[from] Stealth Rock\n|-enditem|p2a: Sneasler|Grassy Seed\n|-boost|p2a: Sneasler|def|1|[from] item: Grassy Seed\n|turn|17\n|inactive|LuukTheGamer has 30 seconds left.\n|inactive|LuukTheGamer has 20 seconds left.\n|inactive|LuukTheGamer has 15 seconds left.\n|\n|t:|1699799556\n|move|p2a: Sneasler|Acrobatics|p1a: Arc the rock eus\n|-resisted|p1a: Arc the rock eus\n|-damage|p1a: Arc the rock eus|0 fnt\n|faint|p1a: Arc the rock eus\n|\n|-weather|Sandstorm|[upkeep]\n|-damage|p2a: Sneasler|89\/100|[from] Sandstorm\n|-heal|p2a: Sneasler|95\/100|[from] Grassy Terrain\n|upkeep\n|inactive|LuukTheGamer has 20 seconds left this turn.\n|c|\u2606HinaKagiyama1|Also feel free to stop the timer\n|c|\u2606LuukTheGamer|ah thanks\n|inactiveoff|Battle timer is now OFF.\n|\n|t:|1699799575\n|switch|p1a: Uwu orb|Magearna|3\/100\n|turn|18\n|\n|t:|1699799582\n|move|p2a: Sneasler|Acrobatics|p1a: Uwu orb\n|-resisted|p1a: Uwu orb\n|-damage|p1a: Uwu orb|0 fnt\n|faint|p1a: Uwu orb\n|\n|-weather|Sandstorm|[upkeep]\n|-damage|p2a: Sneasler|89\/100|[from] Sandstorm\n|-heal|p2a: Sneasler|95\/100|[from] Grassy Terrain\n|upkeep\n|\n|t:|1699799590\n|switch|p1a: Rockless|Houndstone, M|100\/100\n|turn|19\n|\n|t:|1699799628\n|-terastallize|p1a: Rockless|Ghost\n|move|p2a: Sneasler|Acrobatics|p1a: Rockless\n|-damage|p1a: Rockless|47\/100\n|move|p1a: Rockless|Last Respects|p2a: Sneasler\n|-crit|p2a: Sneasler\n|-damage|p2a: Sneasler|0 fnt\n|faint|p2a: Sneasler\n|\n|-weather|Sandstorm|[upkeep]\n|-heal|p1a: Rockless|53\/100|[from] Grassy Terrain\n|upkeep\n|\n|t:|1699799636\n|switch|p2a: Arceus|Arceus-Fire|100\/100\n|-damage|p2a: Arceus|76\/100|[from] Stealth Rock\n|turn|20\n|c|\u2606HinaKagiyama1|This time\n|c|\u2606HinaKagiyama1|the crit was unnecessary\n|c|\u2606LuukTheGamer|uhh\n|c|\u2606LuukTheGamer|you should\n|c|\u2606LuukTheGamer|shadow sneak\n|c|\u2606LuukTheGamer|frfr\n|c|\u2606HinaKagiyama1|Nah\n|c|\u2606HinaKagiyama1|I\u2019ll use play rough\n|c|\u2606LuukTheGamer|yes\n|\n|t:|1699799671\n|move|p1a: Rockless|Memento|p2a: Arceus\n|-unboost|p2a: Arceus|atk|2\n|-unboost|p2a: Arceus|spa|2\n|faint|p1a: Rockless\n|move|p2a: Arceus|Flare Blitz|p1: Rockless|[notarget]\n|-fail|p2a: Arceus\n|\n|-weather|none\n|-heal|p2a: Arceus|82\/100|[from] Grassy Terrain\n|-fieldend|move: Grassy Terrain\n|upkeep\n|\n|t:|1699799676\n|switch|p1a: Donphozo|Donphan, F|100\/100\n|turn|21\n|c|\u2606LuukTheGamer|YOOOO\n|\n|t:|1699799699\n|move|p2a: Arceus|Dragon Dance|p2a: Arceus\n|-boost|p2a: Arceus|atk|1\n|-boost|p2a: Arceus|spe|1\n|move|p1a: Donphozo|Earthquake|p2a: Arceus\n|-supereffective|p2a: Arceus\n|-damage|p2a: Arceus|3\/100\n|\n|upkeep\n|turn|22\n|\n|t:|1699799706\n|move|p2a: Arceus|Extreme Speed|p1a: Donphozo\n|-damage|p1a: Donphozo|86\/100\n|move|p1a: Donphozo|Earthquake|p2a: Arceus\n|-supereffective|p2a: Arceus\n|-damage|p2a: Arceus|0 fnt\n|faint|p2a: Arceus\n|\n|win|HinaKagiyama1\n|c|\u2606LuukTheGamer|GG\n|c|\u2606HinaKagiyama1|XD\n|c|\u2606HinaKagiyama1|gg\n","uploadtime":1699799717,"views":5,"p1id":"hinakagiyama1","p2id":"luukthegamer","formatid":"gen9ubers","rating":0,"private":0,"password":""}