{"id":"gen9ubers-1978980862","p1":"Anne Frankkkk","p2":"WeLuvConer","format":"[Gen 9] Ubers","log":"|j|\u2606Anne Frankkkk\n|j|\u2606WeLuvConer\n|t:|1698617242\n|gametype|singles\n|player|p1|Anne Frankkkk|hilbert|1146\n|player|p2|WeLuvConer|iris|1077\n|teamsize|p1|6\n|teamsize|p2|6\n|gen|9\n|tier|[Gen 9] Ubers\n|rated|\n|rule|Sleep Clause Mod: Limit one foe put to sleep\n|rule|Species Clause: Limit one of each Pok\u00e9mon\n|rule|OHKO Clause: OHKO moves are banned\n|rule|Evasion Items Clause: Evasion items are banned\n|rule|Evasion Moves Clause: Evasion moves are banned\n|rule|Endless Battle Clause: Forcing endless battles is banned\n|rule|HP Percentage Mod: HP is shown in percentages\n|clearpoke\n|poke|p1|Iron Hands|\n|poke|p1|Kyogre|\n|poke|p1|Chien-Pao|\n|poke|p1|Ribombee, F|\n|poke|p1|Miraidon|\n|poke|p1|Flutter Mane|\n|poke|p2|Lucario, M|\n|poke|p2|Muk-Alola, M|\n|poke|p2|Eelektross, M|\n|poke|p2|Dusknoir, M|\n|poke|p2|Ninetales-Alola, F|\n|poke|p2|Ursaluna, F|\n|teampreview\n|inactive|Battle timer is ON: inactive players will automatically lose when time's up. (requested by WeLuvConer)\n|\n|t:|1698617267\n|start\n|switch|p1a: Moonblast|Ribombee, F, shiny|100\/100\n|switch|p2a: Eelektross|Eelektross, M|100\/100\n|turn|1\n|\n|t:|1698617282\n|move|p1a: Moonblast|Sticky Web|p2a: Eelektross\n|-sidestart|p2: WeLuvConer|move: Sticky Web\n|move|p2a: Eelektross|Wild Charge|p1a: Moonblast\n|-damage|p1a: Moonblast|6\/100\n|-damage|p2a: Eelektross|84\/100|[from] Recoil\n|\n|upkeep\n|turn|2\n|\n|t:|1698617296\n|switch|p1a: Big Boy|Iron Hands, shiny|100\/100\n|move|p2a: Eelektross|Wild Charge|p1a: Big Boy\n|-resisted|p1a: Big Boy\n|-crit|p1a: Big Boy\n|-damage|p1a: Big Boy|75\/100\n|-damage|p2a: Eelektross|75\/100|[from] Recoil\n|\n|upkeep\n|turn|3\n|\n|t:|1698617310\n|move|p1a: Big Boy|Fake Out|p2a: Eelektross\n|-damage|p2a: Eelektross|59\/100\n|cant|p2a: Eelektross|flinch\n|\n|upkeep\n|turn|4\n|\n|t:|1698617313\n|move|p1a: Big Boy|Drain Punch|p2a: Eelektross\n|-damage|p2a: Eelektross|5\/100\n|-heal|p1a: Big Boy|95\/100|[from] drain|[of] p2a: Eelektross\n|move|p2a: Eelektross|Gastro Acid||[still]\n|-fail|p2a: Eelektross\n|\n|upkeep\n|turn|5\n|\n|t:|1698617325\n|switch|p2a: Dusknoir|Dusknoir, M|100\/100\n|-activate|p2a: Dusknoir|move: Sticky Web\n|-unboost|p2a: Dusknoir|spe|1\n|-item|p1a: Big Boy|Assault Vest|[from] ability: Frisk|[of] p2a: Dusknoir|[identify]\n|move|p1a: Big Boy|Drain Punch|p2a: Dusknoir\n|-immune|p2a: Dusknoir\n|\n|upkeep\n|turn|6\n|\n|t:|1698617342\n|-end|p1a: Big Boy|Quark Drive|[silent]\n|switch|p1a: Moonblast|Ribombee, F, shiny|6\/100\n|move|p2a: Dusknoir|Fire Punch|p1a: Moonblast\n|-supereffective|p1a: Moonblast\n|-damage|p1a: Moonblast|0 fnt\n|faint|p1a: Moonblast\n|\n|upkeep\n|\n|t:|1698617348\n|switch|p1a: Misdreavius|Flutter Mane, shiny|100\/100\n|-enditem|p1a: Misdreavius|Booster Energy\n|-activate|p1a: Misdreavius|ability: Protosynthesis|[fromitem]\n|-start|p1a: Misdreavius|protosynthesisspe\n|turn|7\n|\n|t:|1698617355\n|move|p1a: Misdreavius|Calm Mind|p1a: Misdreavius\n|-boost|p1a: Misdreavius|spa|1\n|-boost|p1a: Misdreavius|spd|1\n|move|p2a: Dusknoir|Shadow Punch|p1a: Misdreavius\n|-supereffective|p1a: Misdreavius\n|-damage|p1a: Misdreavius|0 fnt\n|faint|p1a: Misdreavius\n|-end|p1a: Misdreavius|Protosynthesis|[silent]\n|\n|upkeep\n|\n|t:|1698617362\n|switch|p1a: Ice Cat|Chien-Pao|100\/100\n|-ability|p1a: Ice Cat|Sword of Ruin\n|turn|8\n|\n|t:|1698617366\n|-terastallize|p1a: Ice Cat|Dark\n|move|p1a: Ice Cat|Swords Dance|p1a: Ice Cat\n|-boost|p1a: Ice Cat|atk|2\n|move|p2a: Dusknoir|Fire Punch|p1a: Ice Cat\n|-damage|p1a: Ice Cat|67\/100\n|\n|upkeep\n|turn|9\n|\n|t:|1698617376\n|move|p1a: Ice Cat|Sucker Punch|p2a: Dusknoir\n|-supereffective|p2a: Dusknoir\n|-damage|p2a: Dusknoir|0 fnt\n|faint|p2a: Dusknoir\n|-damage|p1a: Ice Cat|57\/100|[from] item: Life Orb\n|\n|upkeep\n|\n|t:|1698617381\n|switch|p2a: Lucario|Lucario, M|100\/100\n|-activate|p2a: Lucario|move: Sticky Web\n|-unboost|p2a: Lucario|spe|1\n|turn|10\n|\n|t:|1698617387\n|move|p1a: Ice Cat|Sacred Sword|p2a: Lucario\n|-supereffective|p2a: Lucario\n|-damage|p2a: Lucario|0 fnt\n|faint|p2a: Lucario\n|-damage|p1a: Ice Cat|47\/100|[from] item: Life Orb\n|\n|upkeep\n|\n|t:|1698617395\n|switch|p2a: Ninetales|Ninetales-Alola, F|100\/100\n|-activate|p2a: Ninetales|move: Sticky Web\n|-unboost|p2a: Ninetales|spe|1\n|turn|11\n|\n|t:|1698617402\n|move|p1a: Ice Cat|Sacred Sword|p2a: Ninetales\n|-damage|p2a: Ninetales|0 fnt\n|-damage|p1a: Ice Cat|31\/100|[from] item: Rocky Helmet|[of] p2a: Ninetales\n|faint|p2a: Ninetales\n|-damage|p1a: Ice Cat|21\/100|[from] item: Life Orb\n|\n|upkeep\n|\n|t:|1698617407\n|switch|p2a: Muk|Muk-Alola, M, shiny|100\/100\n|-activate|p2a: Muk|move: Sticky Web\n|-unboost|p2a: Muk|spe|1\n|turn|12\n|\n|t:|1698617412\n|-terastallize|p2a: Muk|Poison\n|move|p1a: Ice Cat|Sacred Sword|p2a: Muk\n|-resisted|p2a: Muk\n|-damage|p2a: Muk|42\/100\n|-damage|p1a: Ice Cat|11\/100|[from] item: Life Orb\n|move|p2a: Muk|Knock Off|p1a: Ice Cat\n|-resisted|p1a: Ice Cat\n|-damage|p1a: Ice Cat|0 fnt\n|-enditem|p1a: Ice Cat|Life Orb|[from] move: Knock Off|[of] p2a: Muk\n|faint|p1a: Ice Cat\n|\n|-heal|p2a: Muk|48\/100|[from] item: Black Sludge\n|upkeep\n|\n|t:|1698617418\n|switch|p1a: OHKO|Kyogre|100\/100\n|-weather|RainDance|[from] ability: Drizzle|[of] p1a: OHKO\n|turn|13\n|\n|t:|1698617423\n|move|p1a: OHKO|Water Spout|p2a: Muk\n|-damage|p2a: Muk|0 fnt\n|faint|p2a: Muk\n|\n|-weather|RainDance|[upkeep]\n|upkeep\n|\n|t:|1698617427\n|switch|p2a: Eelektross|Eelektross, M|5\/100\n|turn|14\n|\n|t:|1698617429\n|move|p1a: OHKO|Water Spout|p2a: Eelektross\n|-damage|p2a: Eelektross|0 fnt\n|faint|p2a: Eelektross\n|\n|-weather|RainDance|[upkeep]\n|upkeep\n|\n|t:|1698617432\n|switch|p2a: Ursaluna|Ursaluna, F|100\/100\n|-activate|p2a: Ursaluna|move: Sticky Web\n|-unboost|p2a: Ursaluna|spe|1\n|turn|15\n|\n|t:|1698617437\n|move|p1a: OHKO|Water Spout|p2a: Ursaluna\n|-supereffective|p2a: Ursaluna\n|-damage|p2a: Ursaluna|0 fnt\n|faint|p2a: Ursaluna\n|\n|win|Anne Frankkkk\n|raw|Anne Frankkkk's rating: 1146 &rarr; <strong>1166<\/strong><br \/>(+20 for winning)\n|raw|WeLuvConer's rating: 1077 &rarr; <strong>1060<\/strong><br \/>(-17 for losing)\n|l|\u2606WeLuvConer\n","uploadtime":1698617444,"views":9,"p1id":"annefrankkkk","p2id":"weluvconer","formatid":"gen9ubers","rating":1060,"private":0,"password":""}