{"id":"gen9ubers-1999618811","p1":"thunderbug","p2":"bertoz","format":"[Gen 9] Ubers","log":"|j|\u2606thunderbug\n|j|\u2606bertoz\n|t:|1701101741\n|gametype|singles\n|player|p1|thunderbug|bugsy-gen2|\n|player|p2|bertoz|steven|\n|teamsize|p1|6\n|teamsize|p2|6\n|gen|9\n|tier|[Gen 9] Ubers\n|rated|Tournament battle\n|rule|Sleep Clause Mod: Limit one foe put to sleep\n|rule|Species Clause: Limit one of each Pok\u00e9mon\n|rule|OHKO Clause: OHKO moves are banned\n|rule|Evasion Items Clause: Evasion items are banned\n|rule|Evasion Moves Clause: Evasion moves are banned\n|rule|Endless Battle Clause: Forcing endless battles is banned\n|rule|HP Percentage Mod: HP is shown in percentages\n|clearpoke\n|poke|p1|Calyrex-Ice|\n|poke|p1|Miraidon|\n|poke|p1|Koraidon|\n|poke|p1|Ting-Lu|\n|poke|p1|Zacian-*|\n|poke|p1|Kyogre|\n|poke|p2|Regieleki|\n|poke|p2|Urshifu-*, M|\n|poke|p2|Ursaluna-Bloodmoon, M|\n|poke|p2|Kyogre|\n|poke|p2|Darkrai|\n|poke|p2|Volcarona, M|\n|teampreview\n|inactive|Battle timer is ON: inactive players will automatically lose when time's up. (requested by bertoz)\n|inactive|thunderbug has 120 seconds left.\n|c|\u2606thunderbug|gl hf\n|\n|t:|1701101791\n|start\n|switch|p1a: Koraidon|Koraidon|100\/100\n|switch|p2a: Kyogre|Kyogre|100\/100\n|-weather|SunnyDay|[from] ability: Orichalcum Pulse|[of] p1a: Koraidon\n|-activate|p1a: Koraidon|Orichalcum Pulse|[source]\n|-weather|RainDance|[from] ability: Drizzle|[of] p2a: Kyogre\n|turn|1\n|\n|t:|1701101801\n|switch|p1a: Kyogre|Kyogre|100\/100\n|move|p2a: Kyogre|Calm Mind|p2a: Kyogre\n|-boost|p2a: Kyogre|spa|1\n|-boost|p2a: Kyogre|spd|1\n|\n|-weather|RainDance|[upkeep]\n|upkeep\n|turn|2\n|\n|t:|1701101807\n|move|p1a: Kyogre|Calm Mind|p1a: Kyogre\n|-boost|p1a: Kyogre|spa|1\n|-boost|p1a: Kyogre|spd|1\n|move|p2a: Kyogre|Thunder|p1a: Kyogre\n|-supereffective|p1a: Kyogre\n|-damage|p1a: Kyogre|38\/100\n|\n|-weather|RainDance|[upkeep]\n|-heal|p1a: Kyogre|44\/100|[from] item: Leftovers\n|upkeep\n|turn|3\n|\n|t:|1701101816\n|move|p2a: Kyogre|Thunder|p1a: Kyogre\n|-supereffective|p1a: Kyogre\n|-damage|p1a: Kyogre|0 fnt\n|faint|p1a: Kyogre\n|\n|-weather|RainDance|[upkeep]\n|upkeep\n|\n|t:|1701101822\n|switch|p1a: Miraidon|Miraidon|100\/100\n|-fieldstart|move: Electric Terrain|[from] ability: Hadron Engine|[of] p1a: Miraidon\n|turn|4\n|\n|t:|1701101828\n|move|p1a: Miraidon|Electro Drift|p2a: Kyogre\n|-supereffective|p2a: Kyogre\n|-damage|p2a: Kyogre|0 fnt\n|faint|p2a: Kyogre\n|\n|-weather|RainDance|[upkeep]\n|upkeep\n|\n|t:|1701101837\n|switch|p2a: Ursaluna|Ursaluna-Bloodmoon, M|100\/100\n|turn|5\n|\n|t:|1701101844\n|switch|p1a: Ting-Lu|Ting-Lu|100\/100\n|-ability|p1a: Ting-Lu|Vessel of Ruin\n|move|p2a: Ursaluna|Calm Mind|p2a: Ursaluna\n|-boost|p2a: Ursaluna|spa|1\n|-boost|p2a: Ursaluna|spd|1\n|\n|-weather|none\n|upkeep\n|turn|6\n|\n|t:|1701101856\n|move|p2a: Ursaluna|Blood Moon|p1a: Ting-Lu\n|-damage|p1a: Ting-Lu|48\/100\n|move|p1a: Ting-Lu|Spikes|p2a: Ursaluna\n|-sidestart|p2: bertoz|Spikes\n|\n|-heal|p1a: Ting-Lu|54\/100|[from] item: Leftovers\n|upkeep\n|turn|7\n|\n|t:|1701101867\n|move|p2a: Ursaluna|Calm Mind|p2a: Ursaluna\n|-boost|p2a: Ursaluna|spa|1\n|-boost|p2a: Ursaluna|spd|1\n|move|p1a: Ting-Lu|Ruination|p2a: Ursaluna\n|-damage|p2a: Ursaluna|50\/100\n|\n|-heal|p2a: Ursaluna|57\/100|[from] item: Leftovers\n|-heal|p1a: Ting-Lu|60\/100|[from] item: Leftovers\n|upkeep\n|turn|8\n|\n|t:|1701101876\n|move|p1a: Ting-Lu|Protect|p1a: Ting-Lu\n|-singleturn|p1a: Ting-Lu|Protect\n|move|p2a: Ursaluna|Moonlight|p2a: Ursaluna\n|-heal|p2a: Ursaluna|100\/100\n|\n|-heal|p1a: Ting-Lu|67\/100|[from] item: Leftovers\n|-fieldend|move: Electric Terrain\n|upkeep\n|turn|9\n|\n|t:|1701101883\n|move|p2a: Ursaluna|Yawn|p1a: Ting-Lu\n|-start|p1a: Ting-Lu|move: Yawn|[of] p2a: Ursaluna\n|move|p1a: Ting-Lu|Ruination|p2a: Ursaluna\n|-damage|p2a: Ursaluna|50\/100\n|\n|-heal|p2a: Ursaluna|57\/100|[from] item: Leftovers\n|-heal|p1a: Ting-Lu|73\/100|[from] item: Leftovers\n|upkeep\n|turn|10\n|\n|t:|1701101891\n|switch|p1a: Zacian|Zacian-Crowned|100\/100\n|-ability|p1a: Zacian|Intrepid Sword|boost\n|-boost|p1a: Zacian|atk|1\n|move|p2a: Ursaluna|Moonlight|p2a: Ursaluna\n|-heal|p2a: Ursaluna|100\/100\n|\n|upkeep\n|turn|11\n|\n|t:|1701101899\n|move|p1a: Zacian|Behemoth Blade|p2a: Ursaluna\n|-damage|p2a: Ursaluna|44\/100\n|move|p2a: Ursaluna|Blood Moon|p1a: Zacian\n|-resisted|p1a: Zacian\n|-damage|p1a: Zacian|24\/100\n|\n|-heal|p2a: Ursaluna|50\/100|[from] item: Leftovers\n|upkeep\n|turn|12\n|\n|t:|1701101926\n|move|p1a: Zacian|Behemoth Blade|p2a: Ursaluna\n|-crit|p2a: Ursaluna\n|-damage|p2a: Ursaluna|0 fnt\n|faint|p2a: Ursaluna\n|\n|upkeep\n|\n|t:|1701101933\n|switch|p2a: Volcarona|Volcarona, M|100\/100\n|-damage|p2a: Volcarona|88\/100|[from] Spikes\n|turn|13\n|\n|t:|1701101938\n|move|p1a: Zacian|Wild Charge|p2a: Volcarona\n|-damage|p2a: Volcarona|0 fnt\n|faint|p2a: Volcarona\n|-damage|p1a: Zacian|3\/100|[from] Recoil\n|\n|upkeep\n|\n|t:|1701101943\n|switch|p2a: Regieleki|Regieleki|100\/100\n|-damage|p2a: Regieleki|88\/100|[from] Spikes\n|turn|14\n|\n|t:|1701101950\n|switch|p1a: Ting-Lu|Ting-Lu|73\/100\n|-ability|p1a: Ting-Lu|Vessel of Ruin\n|move|p2a: Regieleki|Volt Switch|p1a: Ting-Lu\n|-immune|p1a: Ting-Lu\n|\n|-heal|p1a: Ting-Lu|79\/100|[from] item: Leftovers\n|upkeep\n|turn|15\n|\n|t:|1701101960\n|switch|p2a: Urshifu|Urshifu, M|100\/100\n|-damage|p2a: Urshifu|88\/100|[from] Spikes\n|move|p1a: Ting-Lu|Earthquake|p2a: Urshifu\n|-damage|p2a: Urshifu|50\/100\n|\n|-heal|p1a: Ting-Lu|85\/100|[from] item: Leftovers\n|upkeep\n|turn|16\n|j|+OreoSpeedruns\n|\n|t:|1701101969\n|switch|p1a: Zacian|Zacian-Crowned|3\/100\n|move|p2a: Urshifu|Close Combat|p1a: Zacian\n|-damage|p1a: Zacian|0 fnt\n|-unboost|p2a: Urshifu|def|1\n|-unboost|p2a: Urshifu|spd|1\n|faint|p1a: Zacian\n|\n|upkeep\n|\n|t:|1701101991\n|switch|p1a: Koraidon|Koraidon|100\/100\n|-weather|SunnyDay|[from] ability: Orichalcum Pulse|[of] p1a: Koraidon\n|-activate|p1a: Koraidon|Orichalcum Pulse|[source]\n|turn|17\n|\n|t:|1701102001\n|move|p1a: Koraidon|Scale Shot|p2a: Urshifu\n|-damage|p2a: Urshifu|21\/100\n|-crit|p2a: Urshifu\n|-damage|p2a: Urshifu|0 fnt\n|faint|p2a: Urshifu\n|-hitcount|p2: Urshifu|2\n|-unboost|p1a: Koraidon|def|1\n|-boost|p1a: Koraidon|spe|1\n|\n|-weather|SunnyDay|[upkeep]\n|upkeep\n|\n|t:|1701102009\n|switch|p2a: Darkrai|Darkrai|100\/100\n|-damage|p2a: Darkrai|88\/100|[from] Spikes\n|turn|18\n|\n|t:|1701102015\n|move|p1a: Koraidon|Scale Shot|p2a: Darkrai\n|-damage|p2a: Darkrai|65\/100\n|-damage|p2a: Darkrai|41\/100\n|-damage|p2a: Darkrai|18\/100\n|-damage|p2a: Darkrai|0 fnt\n|faint|p2a: Darkrai\n|-hitcount|p2: Darkrai|4\n|-unboost|p1a: Koraidon|def|1\n|-boost|p1a: Koraidon|spe|1\n|\n|-weather|SunnyDay|[upkeep]\n|upkeep\n|\n|t:|1701102025\n|switch|p2a: Regieleki|Regieleki|88\/100\n|-damage|p2a: Regieleki|76\/100|[from] Spikes\n|turn|19\n|\n|t:|1701102031\n|move|p1a: Koraidon|Flare Blitz|p2a: Regieleki\n|-damage|p2a: Regieleki|0 fnt\n|faint|p2a: Regieleki\n|-damage|p1a: Koraidon|79\/100|[from] Recoil\n|\n|win|thunderbug\n|n|\u2606thunderbug|thunderbug\n|n|\u2606bertoz|bertoz\n|n| OreoSpeedruns|oreospeedruns\n","uploadtime":1701102032,"views":2,"p1id":"thunderbug","p2id":"bertoz","formatid":"gen9ubers","rating":0,"private":0,"password":""}