{"id":"gen9ubers-1971881425","p1":"SpicyMeatballin","p2":"Bruhitsjhian","format":"[Gen 9] Ubers","log":"|j|\u2606SpicyMeatballin\n|j|\u2606Bruhitsjhian\n|t:|1697786277\n|gametype|singles\n|player|p1|SpicyMeatballin|volkner|1040\n|player|p2|Bruhitsjhian|2|1175\n|teamsize|p1|6\n|teamsize|p2|6\n|gen|9\n|tier|[Gen 9] Ubers\n|rated|\n|rule|Sleep Clause Mod: Limit one foe put to sleep\n|rule|Species Clause: Limit one of each Pok\u00e9mon\n|rule|OHKO Clause: OHKO moves are banned\n|rule|Evasion Items Clause: Evasion items are banned\n|rule|Evasion Moves Clause: Evasion moves are banned\n|rule|Endless Battle Clause: Forcing endless battles is banned\n|rule|HP Percentage Mod: HP is shown in percentages\n|clearpoke\n|poke|p1|Roaring Moon|\n|poke|p1|Groudon|\n|poke|p1|Flutter Mane|\n|poke|p1|Zacian-*|\n|poke|p1|Zapdos-Galar|\n|poke|p1|Miraidon|\n|poke|p2|Ogerpon-Hearthflame, F|\n|poke|p2|Great Tusk|\n|poke|p2|Flutter Mane|\n|poke|p2|Spidops, F|\n|poke|p2|Zacian-*|\n|poke|p2|Kingambit, M|\n|teampreview\n|\n|t:|1697786283\n|start\n|switch|p1a: Groudon|Groudon|100\/100\n|switch|p2a: Spidops|Spidops, F|100\/100\n|-weather|SunnyDay|[from] ability: Drought|[of] p1a: Groudon\n|turn|1\n|\n|t:|1697786291\n|move|p1a: Groudon|Stealth Rock|p2a: Spidops\n|-sidestart|p2: Bruhitsjhian|move: Stealth Rock\n|move|p2a: Spidops|Sticky Web|p1a: Groudon\n|-sidestart|p1: SpicyMeatballin|move: Sticky Web\n|\n|-weather|SunnyDay|[upkeep]\n|upkeep\n|turn|2\n|\n|t:|1697786298\n|move|p1a: Groudon|Spikes|p2a: Spidops\n|-sidestart|p2: Bruhitsjhian|Spikes\n|move|p2a: Spidops|False Swipe|p1a: Groudon\n|-damage|p1a: Groudon|96\/100\n|\n|-weather|SunnyDay|[upkeep]\n|-heal|p1a: Groudon|100\/100|[from] item: Leftovers\n|upkeep\n|turn|3\n|\n|t:|1697786311\n|move|p2a: Spidops|Sucker Punch||[still]\n|-fail|p2a: Spidops\n|move|p1a: Groudon|Spikes|p2a: Spidops\n|-sidestart|p2: Bruhitsjhian|Spikes\n|\n|-weather|SunnyDay|[upkeep]\n|upkeep\n|turn|4\n|\n|t:|1697786317\n|move|p1a: Groudon|Spikes|p2a: Spidops\n|-sidestart|p2: Bruhitsjhian|Spikes\n|move|p2a: Spidops|Giga Drain|p1a: Groudon\n|-supereffective|p1a: Groudon\n|-damage|p1a: Groudon|80\/100\n|\n|-weather|SunnyDay|[upkeep]\n|-heal|p1a: Groudon|86\/100|[from] item: Leftovers\n|upkeep\n|turn|5\n|\n|t:|1697786326\n|move|p1a: Groudon|Will-O-Wisp|p2a: Spidops\n|-status|p2a: Spidops|brn\n|move|p2a: Spidops|Giga Drain|p1a: Groudon\n|-supereffective|p1a: Groudon\n|-damage|p1a: Groudon|68\/100\n|\n|-weather|none\n|-heal|p1a: Groudon|74\/100|[from] item: Leftovers\n|-damage|p2a: Spidops|94\/100 brn|[from] brn\n|upkeep\n|turn|6\n|\n|t:|1697786342\n|switch|p1a: Zapdos|Zapdos-Galar|100\/100\n|move|p2a: Spidops|Giga Drain|p1a: Zapdos\n|-resisted|p1a: Zapdos\n|-damage|p1a: Zapdos|88\/100\n|-heal|p2a: Spidops|100\/100 brn|[from] drain|[of] p1a: Zapdos\n|\n|-damage|p2a: Spidops|94\/100 brn|[from] brn\n|upkeep\n|turn|7\n|\n|t:|1697786363\n|move|p1a: Zapdos|Brave Bird|p2a: Spidops\n|-supereffective|p2a: Spidops\n|-damage|p2a: Spidops|0 fnt\n|faint|p2a: Spidops\n|-damage|p1a: Zapdos|57\/100|[from] Recoil\n|\n|upkeep\n|\n|t:|1697786375\n|switch|p2a: Great Tusk|Great Tusk|100\/100\n|-damage|p2a: Great Tusk|98\/100|[from] Stealth Rock\n|-damage|p2a: Great Tusk|73\/100|[from] Spikes\n|-enditem|p2a: Great Tusk|Booster Energy\n|-activate|p2a: Great Tusk|ability: Protosynthesis|[fromitem]\n|-start|p2a: Great Tusk|protosynthesisatk\n|turn|8\n|\n|t:|1697786385\n|move|p2a: Great Tusk|Play Rough|p1a: Zapdos\n|-supereffective|p1a: Zapdos\n|-damage|p1a: Zapdos|0 fnt\n|faint|p1a: Zapdos\n|\n|upkeep\n|\n|t:|1697786391\n|switch|p1a: Groudon|Groudon|74\/100\n|-activate|p1a: Groudon|move: Sticky Web\n|-unboost|p1a: Groudon|spe|1\n|-weather|SunnyDay|[from] ability: Drought|[of] p1a: Groudon\n|turn|9\n|\n|t:|1697786397\n|move|p2a: Great Tusk|Close Combat|p1a: Groudon\n|-damage|p1a: Groudon|35\/100\n|-unboost|p2a: Great Tusk|def|1\n|-unboost|p2a: Great Tusk|spd|1\n|move|p1a: Groudon|Will-O-Wisp|p2a: Great Tusk\n|-status|p2a: Great Tusk|brn\n|\n|-weather|SunnyDay|[upkeep]\n|-heal|p1a: Groudon|41\/100|[from] item: Leftovers\n|-damage|p2a: Great Tusk|67\/100 brn|[from] brn\n|upkeep\n|turn|10\n|\n|t:|1697786416\n|switch|p1a: Roaring Moon|Roaring Moon|100\/100\n|-activate|p1a: Roaring Moon|move: Sticky Web\n|-unboost|p1a: Roaring Moon|spe|1\n|-activate|p1a: Roaring Moon|ability: Protosynthesis\n|-start|p1a: Roaring Moon|protosynthesisatk\n|move|p2a: Great Tusk|Close Combat|p1a: Roaring Moon\n|-supereffective|p1a: Roaring Moon\n|-damage|p1a: Roaring Moon|0 fnt\n|-unboost|p2a: Great Tusk|def|1\n|-unboost|p2a: Great Tusk|spd|1\n|faint|p1a: Roaring Moon\n|-end|p1a: Roaring Moon|Protosynthesis|[silent]\n|\n|-weather|SunnyDay|[upkeep]\n|-damage|p2a: Great Tusk|60\/100 brn|[from] brn\n|upkeep\n|\n|t:|1697786439\n|switch|p1a: Flutter Mane|Flutter Mane|100\/100\n|-activate|p1a: Flutter Mane|move: Sticky Web\n|-unboost|p1a: Flutter Mane|spe|1\n|-activate|p1a: Flutter Mane|ability: Protosynthesis\n|-start|p1a: Flutter Mane|protosynthesisspa\n|turn|11\n|\n|t:|1697786474\n|-end|p2a: Great Tusk|Protosynthesis|[silent]\n|switch|p2a: Ogerpon|Ogerpon-Hearthflame, F|100\/100\n|-damage|p2a: Ogerpon|76\/100|[from] Stealth Rock\n|-damage|p2a: Ogerpon|51\/100|[from] Spikes\n|-ability|p2a: Ogerpon|Mold Breaker\n|move|p1a: Flutter Mane|Moonblast|p2a: Ogerpon\n|-resisted|p2a: Ogerpon\n|-damage|p2a: Ogerpon|0 fnt\n|faint|p2a: Ogerpon\n|\n|-weather|SunnyDay|[upkeep]\n|upkeep\n|\n|t:|1697786492\n|switch|p2a: Zacian|Zacian-Crowned|100\/100\n|-damage|p2a: Zacian|94\/100|[from] Stealth Rock\n|-damage|p2a: Zacian|69\/100|[from] Spikes\n|-ability|p2a: Zacian|Intrepid Sword|boost\n|-boost|p2a: Zacian|atk|1\n|turn|12\n|j| Areani\n|l| Areani\n|\n|t:|1697786525\n|-end|p1a: Flutter Mane|Protosynthesis|[silent]\n|switch|p1a: Groudon|Groudon|41\/100\n|-activate|p1a: Groudon|move: Sticky Web\n|-unboost|p1a: Groudon|spe|1\n|move|p2a: Zacian|Behemoth Blade|p1a: Groudon\n|-damage|p1a: Groudon|0 fnt\n|faint|p1a: Groudon\n|\n|-weather|SunnyDay|[upkeep]\n|upkeep\n|\n|t:|1697786538\n|switch|p1a: Miraidon|Miraidon|100\/100\n|-activate|p1a: Miraidon|move: Sticky Web\n|-unboost|p1a: Miraidon|spe|1\n|-fieldstart|move: Electric Terrain|[from] ability: Hadron Engine|[of] p1a: Miraidon\n|turn|13\n|\n|t:|1697786547\n|move|p2a: Zacian|Play Rough|p1a: Miraidon\n|-supereffective|p1a: Miraidon\n|-damage|p1a: Miraidon|0 fnt\n|faint|p1a: Miraidon\n|\n|-weather|none\n|upkeep\n|\n|t:|1697786556\n|switch|p1a: Flutter Mane|Flutter Mane|100\/100\n|-activate|p1a: Flutter Mane|move: Sticky Web\n|-unboost|p1a: Flutter Mane|spe|1\n|turn|14\n|\n|t:|1697786564\n|move|p2a: Zacian|Behemoth Blade|p1a: Flutter Mane\n|-supereffective|p1a: Flutter Mane\n|-damage|p1a: Flutter Mane|0 fnt\n|faint|p1a: Flutter Mane\n|-end|p1a: Flutter Mane|Protosynthesis|[silent]\n|\n|upkeep\n|\n|t:|1697786570\n|switch|p1a: Zacian|Zacian-Crowned|100\/100\n|-activate|p1a: Zacian|move: Sticky Web\n|-unboost|p1a: Zacian|spe|1\n|-ability|p1a: Zacian|Intrepid Sword|boost\n|-boost|p1a: Zacian|atk|1\n|turn|15\n|\n|t:|1697786581\n|move|p2a: Zacian|Sacred Sword|p1a: Zacian\n|-damage|p1a: Zacian|55\/100\n|move|p1a: Zacian|Behemoth Blade|p2a: Zacian\n|-damage|p2a: Zacian|0 fnt\n|faint|p2a: Zacian\n|\n|upkeep\n|\n|t:|1697786592\n|switch|p2a: Flutter Mane|Flutter Mane|100\/100\n|-damage|p2a: Flutter Mane|88\/100|[from] Stealth Rock\n|-damage|p2a: Flutter Mane|63\/100|[from] Spikes\n|-enditem|p2a: Flutter Mane|Booster Energy\n|-activate|p2a: Flutter Mane|ability: Protosynthesis|[fromitem]\n|-start|p2a: Flutter Mane|protosynthesisspe\n|turn|16\n|\n|t:|1697786603\n|move|p2a: Flutter Mane|Mystical Fire|p1a: Zacian\n|-supereffective|p1a: Zacian\n|-damage|p1a: Zacian|1\/100\n|-unboost|p1a: Zacian|spa|1\n|move|p1a: Zacian|Behemoth Blade|p2a: Flutter Mane\n|-supereffective|p2a: Flutter Mane\n|-damage|p2a: Flutter Mane|0 fnt\n|faint|p2a: Flutter Mane\n|-end|p2a: Flutter Mane|Protosynthesis|[silent]\n|\n|upkeep\n|\n|t:|1697786611\n|switch|p2a: Great Tusk|Great Tusk|60\/100 brn\n|-damage|p2a: Great Tusk|57\/100 brn|[from] Stealth Rock\n|-damage|p2a: Great Tusk|33\/100 brn|[from] Spikes\n|turn|17\n|\n|t:|1697786621\n|-terastallize|p1a: Zacian|Fairy\n|move|p2a: Great Tusk|Earthquake|p1a: Zacian\n|-damage|p1a: Zacian|0 fnt\n|faint|p1a: Zacian\n|\n|win|Bruhitsjhian\n|raw|SpicyMeatballin's rating: 1040 &rarr; <strong>1030<\/strong><br \/>(-10 for losing)\n|raw|Bruhitsjhian's rating: 1175 &rarr; <strong>1191<\/strong><br \/>(+16 for winning)\n|l|\u2606SpicyMeatballin\n","uploadtime":1697786632,"views":16,"p1id":"spicymeatballin","p2id":"bruhitsjhian","formatid":"gen9ubers","rating":1030,"private":0,"password":""}