{"id":"gen9ubers-1995560367","p1":"LITLE0","p2":"Fontbane","format":"[Gen 9] Ubers","log":"|j|\u2606LITLE0\n|j|\u2606Fontbane\n|t:|1700582931\n|gametype|singles\n|player|p1|LITLE0|brock|1095\n|player|p2|Fontbane|roark|1000\n|teamsize|p1|6\n|teamsize|p2|6\n|gen|9\n|tier|[Gen 9] Ubers\n|rated|\n|rule|Sleep Clause Mod: Limit one foe put to sleep\n|rule|Species Clause: Limit one of each Pok\u00e9mon\n|rule|OHKO Clause: OHKO moves are banned\n|rule|Evasion Items Clause: Evasion items are banned\n|rule|Evasion Moves Clause: Evasion moves are banned\n|rule|Endless Battle Clause: Forcing endless battles is banned\n|rule|HP Percentage Mod: HP is shown in percentages\n|clearpoke\n|poke|p1|Amoonguss, M|\n|poke|p1|Ceruledge, F|\n|poke|p1|Cyclizar, M|\n|poke|p1|Dondozo, M|\n|poke|p1|Gliscor, M|\n|poke|p1|Zacian-*|\n|poke|p2|Miraidon|\n|poke|p2|Arceus-Grass|\n|poke|p2|Groudon|\n|poke|p2|Flutter Mane|\n|poke|p2|Great Tusk|\n|poke|p2|Giratina-Origin|\n|teampreview\n|inactive|Battle timer is ON: inactive players will automatically lose when time's up. (requested by LITLE0)\n|\n|t:|1700582951\n|start\n|switch|p1a: Cyclizar|Cyclizar, M|100\/100\n|switch|p2a: Groudon|Groudon, shiny|100\/100\n|-weather|SunnyDay|[from] ability: Drought|[of] p2a: Groudon\n|turn|1\n|\n|t:|1700582960\n|move|p1a: Cyclizar|Shed Tail|p1a: Cyclizar\n|-start|p1a: Cyclizar|Substitute|[from] move: Shed Tail\n|-damage|p1a: Cyclizar|50\/100\n|\n|t:|1700582964\n|switch|p1a: Gliscor|Gliscor, M|100\/100|[from] Shed Tail\n|move|p2a: Groudon|Will-O-Wisp||[still]\n|-fail|p2a: Groudon\n|\n|-weather|SunnyDay|[upkeep]\n|-status|p1a: Gliscor|tox|[from] item: Toxic Orb\n|upkeep\n|turn|2\n|\n|t:|1700582973\n|move|p1a: Gliscor|Toxic|p2a: Groudon\n|-status|p2a: Groudon|tox\n|move|p2a: Groudon|Spikes|p1a: Gliscor\n|-sidestart|p1: LITLE0|Spikes\n|\n|-weather|SunnyDay|[upkeep]\n|-damage|p2a: Groudon|94\/100 tox|[from] psn\n|upkeep\n|turn|3\n|inactive|Fontbane has 120 seconds left.\n|\n|t:|1700583032\n|switch|p2a: Giratina|Giratina-Origin, shiny|100\/100\n|move|p1a: Gliscor|Knock Off|p2a: Giratina\n|-supereffective|p2a: Giratina\n|-damage|p2a: Giratina|79\/100\n|\n|-weather|SunnyDay|[upkeep]\n|upkeep\n|turn|4\n|\n|t:|1700583042\n|move|p1a: Gliscor|Toxic|p2a: Giratina|[miss]\n|-miss|p1a: Gliscor|p2a: Giratina\n|move|p2a: Giratina|Hex|p1a: Gliscor\n|-end|p1a: Gliscor|Substitute\n|\n|-weather|SunnyDay|[upkeep]\n|upkeep\n|turn|5\n|\n|t:|1700583053\n|move|p1a: Gliscor|Toxic|p2a: Giratina|[miss]\n|-miss|p1a: Gliscor|p2a: Giratina\n|move|p2a: Giratina|Hex|p1a: Gliscor\n|-damage|p1a: Gliscor|0 fnt\n|faint|p1a: Gliscor\n|\n|-weather|none\n|upkeep\n|\n|t:|1700583062\n|switch|p1a: Cyclizar|Cyclizar, M|84\/100\n|turn|6\n|\n|t:|1700583078\n|switch|p2a: Flutter Mane|Flutter Mane, shiny|100\/100\n|move|p1a: Cyclizar|Shed Tail|p1a: Cyclizar\n|-start|p1a: Cyclizar|Substitute|[from] move: Shed Tail\n|-damage|p1a: Cyclizar|34\/100\n|\n|t:|1700583086\n|switch|p1a: Zacian|Zacian-Crowned|100\/100|[from] Shed Tail\n|-damage|p1a: Zacian|88\/100|[from] Spikes\n|-ability|p1a: Zacian|Intrepid Sword|boost\n|-boost|p1a: Zacian|atk|1\n|\n|upkeep\n|turn|7\n|\n|t:|1700583102\n|-end|p2a: Flutter Mane|Protosynthesis|[silent]\n|switch|p2a: Groudon|Groudon, shiny|94\/100 tox\n|-weather|SunnyDay|[from] ability: Drought|[of] p2a: Groudon\n|move|p1a: Zacian|Behemoth Blade|p2a: Groudon\n|-damage|p2a: Groudon|53\/100 tox\n|\n|-weather|SunnyDay|[upkeep]\n|-heal|p2a: Groudon|59\/100 tox|[from] item: Leftovers\n|-damage|p2a: Groudon|53\/100 tox|[from] psn\n|upkeep\n|turn|8\n|\n|t:|1700583117\n|move|p1a: Zacian|Swords Dance|p1a: Zacian\n|-boost|p1a: Zacian|atk|2\n|move|p2a: Groudon|Precipice Blades|p1a: Zacian|[miss]\n|-miss|p2a: Groudon|p1a: Zacian\n|\n|-weather|SunnyDay|[upkeep]\n|-heal|p2a: Groudon|59\/100 tox|[from] item: Leftovers\n|-damage|p2a: Groudon|47\/100 tox|[from] psn\n|upkeep\n|turn|9\n|\n|t:|1700583127\n|move|p1a: Zacian|Behemoth Blade|p2a: Groudon\n|-damage|p2a: Groudon|0 fnt\n|faint|p2a: Groudon\n|\n|-weather|SunnyDay|[upkeep]\n|upkeep\n|\n|t:|1700583136\n|switch|p2a: Arceus|Arceus-Grass|100\/100\n|turn|10\n|\n|t:|1700583145\n|move|p1a: Zacian|Play Rough|p2a: Arceus\n|-damage|p2a: Arceus|9\/100\n|move|p2a: Arceus|Earth Power|p1a: Zacian\n|-supereffective|p1a: Zacian\n|-end|p1a: Zacian|Substitute\n|\n|-weather|SunnyDay|[upkeep]\n|upkeep\n|turn|11\n|\n|t:|1700583157\n|move|p1a: Zacian|Behemoth Blade|p2a: Arceus\n|-crit|p2a: Arceus\n|-damage|p2a: Arceus|0 fnt\n|faint|p2a: Arceus\n|\n|-weather|none\n|upkeep\n|\n|t:|1700583170\n|switch|p2a: Miraidon|Miraidon|100\/100\n|-fieldstart|move: Electric Terrain|[from] ability: Hadron Engine|[of] p2a: Miraidon\n|turn|12\n|\n|t:|1700583187\n|-terastallize|p1a: Zacian|Ground\n|-terastallize|p2a: Miraidon|Fairy\n|move|p1a: Zacian|Tera Blast|p2a: Miraidon|[anim] Tera Blast Ground\n|-damage|p2a: Miraidon|0 fnt\n|faint|p2a: Miraidon\n|\n|upkeep\n|inactive|Fontbane has 90 seconds left.\n|\n|t:|1700583198\n|switch|p2a: Giratina|Giratina-Origin, shiny|79\/100\n|turn|13\n|\n|t:|1700583202\n|move|p1a: Zacian|Play Rough|p2a: Giratina\n|-supereffective|p2a: Giratina\n|-damage|p2a: Giratina|0 fnt\n|faint|p2a: Giratina\n|\n|upkeep\n|c|\u2606Fontbane|gg\n|-message|Fontbane forfeited.\n|\n|win|LITLE0\n|raw|LITLE0's rating: 1095 &rarr; <strong>1114<\/strong><br \/>(+19 for winning)\n|raw|Fontbane's rating: 1000 &rarr; <strong>1000<\/strong><br \/>(+0 for losing)\n|l|\u2606Fontbane\n","uploadtime":1700583213,"views":0,"p1id":"litle0","p2id":"fontbane","formatid":"gen9ubers","rating":1000,"private":0,"password":""}