{"id":"gen9ubers-1993994921","p1":"nathumain","p2":"ruyu66","format":"[Gen 9] Ubers","log":"|j|\u2606nathumain\n|j|\u2606ruyu66\n|t:|1700390178\n|gametype|singles\n|player|p1|nathumain|colress|1114\n|player|p2|ruyu66|170|1000\n|teamsize|p1|6\n|teamsize|p2|6\n|gen|9\n|tier|[Gen 9] Ubers\n|rated|\n|rule|Sleep Clause Mod: Limit one foe put to sleep\n|rule|Species Clause: Limit one of each Pok\u00e9mon\n|rule|OHKO Clause: OHKO moves are banned\n|rule|Evasion Items Clause: Evasion items are banned\n|rule|Evasion Moves Clause: Evasion moves are banned\n|rule|Endless Battle Clause: Forcing endless battles is banned\n|rule|HP Percentage Mod: HP is shown in percentages\n|clearpoke\n|poke|p1|Gliscor, M|\n|poke|p1|Miraidon|\n|poke|p1|Zacian-*|\n|poke|p1|Regieleki|\n|poke|p1|Pelipper, M|\n|poke|p1|Basculegion, M|\n|poke|p2|Greninja-*, M|\n|poke|p2|Pikachu-Kalos, M|\n|poke|p2|Hawlucha, M|\n|poke|p2|Goodra-Hisui, F|\n|poke|p2|Talonflame, M|\n|poke|p2|Noivern, M|\n|teampreview\n|inactive|Battle timer is ON: inactive players will automatically lose when time's up. (requested by nathumain)\n|\n|t:|1700390191\n|start\n|switch|p1a: Gliscor|Gliscor, M|100\/100\n|switch|p2a: Pikachu|Pikachu-Kalos, M|100\/100\n|turn|1\n|\n|t:|1700390214\n|switch|p2a: Greninja|Greninja, M, shiny|100\/100\n|move|p1a: Gliscor|Protect||[still]\n|-fail|p1a: Gliscor\n|\n|-status|p1a: Gliscor|tox|[from] item: Toxic Orb\n|upkeep\n|turn|2\n|inactive|nathumain has 120 seconds left.\n|\n|t:|1700390249\n|move|p1a: Gliscor|Protect|p1a: Gliscor\n|-singleturn|p1a: Gliscor|Protect\n|move|p2a: Greninja|Water Shuriken|p1a: Gliscor\n|-start|p2a: Greninja|typechange|Water|[from] ability: Protean\n|-activate|p1a: Gliscor|move: Protect\n|\n|upkeep\n|turn|3\n|inactive|nathumain has 120 seconds left.\n|inactive|nathumain has 90 seconds left.\n|\n|t:|1700390293\n|-terastallize|p1a: Gliscor|Water\n|move|p2a: Greninja|Water Shuriken|p1a: Gliscor\n|-resisted|p1a: Gliscor\n|-damage|p1a: Gliscor|95\/100 tox\n|-resisted|p1a: Gliscor\n|-damage|p1a: Gliscor|88\/100 tox\n|-resisted|p1a: Gliscor\n|-damage|p1a: Gliscor|82\/100 tox\n|-hitcount|p1a: Gliscor|3\n|move|p1a: Gliscor|Stealth Rock|p2a: Greninja\n|-sidestart|p2: ruyu66|move: Stealth Rock\n|\n|-heal|p1a: Gliscor|94\/100 tox|[from] ability: Poison Heal\n|upkeep\n|turn|4\n|\n|t:|1700390314\n|move|p2a: Greninja|Water Shuriken|p1a: Gliscor\n|-resisted|p1a: Gliscor\n|-damage|p1a: Gliscor|88\/100 tox\n|-resisted|p1a: Gliscor\n|-damage|p1a: Gliscor|82\/100 tox\n|-resisted|p1a: Gliscor\n|-damage|p1a: Gliscor|76\/100 tox\n|-hitcount|p1a: Gliscor|3\n|move|p1a: Gliscor|Toxic|p2a: Greninja\n|-status|p2a: Greninja|tox\n|\n|-damage|p2a: Greninja|95\/100 tox|[from] psn\n|-heal|p1a: Gliscor|88\/100 tox|[from] ability: Poison Heal\n|upkeep\n|turn|5\n|inactive|ruyu66 has 120 seconds left.\n|\n|t:|1700390330\n|switch|p2a: Pikachu|Pikachu-Kalos, M|100\/100\n|-damage|p2a: Pikachu|88\/100|[from] Stealth Rock\n|move|p1a: Gliscor|Toxic|p2a: Pikachu\n|-status|p2a: Pikachu|tox\n|\n|-damage|p2a: Pikachu|82\/100 tox|[from] psn\n|-heal|p1a: Gliscor|100\/100 tox|[from] ability: Poison Heal\n|upkeep\n|turn|6\n|inactive|ruyu66 has 120 seconds left.\n|\n|t:|1700390341\n|move|p1a: Gliscor|Protect|p1a: Gliscor\n|-singleturn|p1a: Gliscor|Protect\n|move|p2a: Pikachu|Thunder|p1a: Gliscor\n|-activate|p1a: Gliscor|move: Protect\n|\n|-damage|p2a: Pikachu|70\/100 tox|[from] psn\n|upkeep\n|turn|7\n|\n|t:|1700390357\n|switch|p1a: Miraidon|Miraidon|100\/100\n|-fieldstart|move: Electric Terrain|[from] ability: Hadron Engine|[of] p1a: Miraidon\n|move|p2a: Pikachu|Thunder|p1a: Miraidon\n|-resisted|p1a: Miraidon\n|-damage|p1a: Miraidon|81\/100\n|\n|-heal|p1a: Miraidon|87\/100|[from] item: Leftovers\n|-damage|p2a: Pikachu|51\/100 tox|[from] psn\n|upkeep\n|turn|8\n|inactive|ruyu66 has 120 seconds left.\n|\n|t:|1700390373\n|-terastallize|p2a: Pikachu|Steel\n|move|p1a: Miraidon|Substitute|p1a: Miraidon\n|-start|p1a: Miraidon|Substitute\n|-damage|p1a: Miraidon|62\/100\n|move|p2a: Pikachu|Iron Tail|p1a: Miraidon\n|-resisted|p1a: Miraidon\n|-activate|p1a: Miraidon|move: Substitute|[damage]\n|\n|-heal|p1a: Miraidon|68\/100|[from] item: Leftovers\n|-damage|p2a: Pikachu|27\/100 tox|[from] psn\n|upkeep\n|turn|9\n|inactive|ruyu66 has 120 seconds left.\n|\n|t:|1700390389\n|move|p1a: Miraidon|Calm Mind|p1a: Miraidon\n|-boost|p1a: Miraidon|spa|1\n|-boost|p1a: Miraidon|spd|1\n|move|p2a: Pikachu|Iron Tail|p1a: Miraidon\n|-resisted|p1a: Miraidon\n|-end|p1a: Miraidon|Substitute\n|\n|-heal|p1a: Miraidon|74\/100|[from] item: Leftovers\n|-damage|p2a: Pikachu|0 fnt|[from] psn\n|faint|p2a: Pikachu\n|upkeep\n|\n|t:|1700390404\n|switch|p2a: Goodra|Goodra-Hisui, F|100\/100\n|-damage|p2a: Goodra|95\/100|[from] Stealth Rock\n|turn|10\n|inactive|nathumain has 120 seconds left.\n|\n|t:|1700390418\n|move|p1a: Miraidon|Dragon Pulse|p2a: Goodra\n|-damage|p2a: Goodra|33\/100\n|move|p2a: Goodra|Earthquake|p1a: Miraidon\n|-supereffective|p1a: Miraidon\n|-damage|p1a: Miraidon|24\/100\n|\n|-heal|p1a: Miraidon|30\/100|[from] item: Leftovers\n|-heal|p2a: Goodra|39\/100|[from] item: Leftovers\n|upkeep\n|turn|11\n|\n|t:|1700390439\n|move|p1a: Miraidon|Dragon Pulse|p2a: Goodra\n|-damage|p2a: Goodra|0 fnt\n|faint|p2a: Goodra\n|\n|-heal|p1a: Miraidon|36\/100|[from] item: Leftovers\n|-fieldend|move: Electric Terrain\n|upkeep\n|\n|t:|1700390447\n|switch|p2a: Greninja|Greninja, M, shiny|95\/100 tox\n|-damage|p2a: Greninja|82\/100 tox|[from] Stealth Rock\n|turn|12\n|\n|t:|1700390458\n|move|p2a: Greninja|Water Shuriken|p1a: Miraidon\n|-start|p2a: Greninja|typechange|Water|[from] ability: Protean\n|-resisted|p1a: Miraidon\n|-damage|p1a: Miraidon|34\/100\n|-resisted|p1a: Miraidon\n|-damage|p1a: Miraidon|30\/100\n|-hitcount|p1a: Miraidon|2\n|move|p1a: Miraidon|Parabolic Charge|p2a: Greninja\n|-supereffective|p2a: Greninja\n|-damage|p2a: Greninja|0 fnt\n|-heal|p1a: Miraidon|65\/100|[from] drain|[of] p2a: Greninja\n|faint|p2a: Greninja\n|\n|-heal|p1a: Miraidon|71\/100|[from] item: Leftovers\n|upkeep\n|-message|ruyu66 forfeited.\n|\n|win|nathumain\n|raw|nathumain's rating: 1114 &rarr; <strong>1131<\/strong><br \/>(+17 for winning)\n|raw|ruyu66's rating: 1000 &rarr; <strong>1000<\/strong><br \/>(+0 for losing)\n|l|\u2606ruyu66\n","uploadtime":1700390480,"views":15,"p1id":"nathumain","p2id":"ruyu66","formatid":"gen9ubers","rating":1000,"private":0,"password":""}