{"id":"gen9ubers-1988402808","p1":"fishyroads","p2":"Vario 64\u2606\u5f61","format":"[Gen 9] Ubers","log":"|j|\u2606fishyroads\n|j|\u2606Vario 64\u2606\u5f61\n|t:|1699719021\n|gametype|singles\n|player|p1|fishyroads|harlequin|\n|player|p2|Vario 64\u2606\u5f61|ghetsis|\n|teamsize|p1|6\n|teamsize|p2|6\n|gen|9\n|tier|[Gen 9] Ubers\n|rule|Sleep Clause Mod: Limit one foe put to sleep\n|rule|Species Clause: Limit one of each Pok\u00e9mon\n|rule|OHKO Clause: OHKO moves are banned\n|rule|Evasion Items Clause: Evasion items are banned\n|rule|Evasion Moves Clause: Evasion moves are banned\n|rule|Endless Battle Clause: Forcing endless battles is banned\n|rule|HP Percentage Mod: HP is shown in percentages\n|clearpoke\n|poke|p1|Tyranitar, F|\n|poke|p1|Arceus-Grass|\n|poke|p1|Espathra, M|\n|poke|p1|Cyclizar, M|\n|poke|p1|Houndstone, M|\n|poke|p1|Urshifu-*, F|\n|poke|p2|Shaymin-Sky|\n|poke|p2|Arceus-Poison|\n|poke|p2|Palkia|\n|poke|p2|Magearna|\n|poke|p2|Zacian-*|\n|poke|p2|Volcarona, F|\n|teampreview\n|\n|t:|1699719067\n|start\n|switch|p1a: Urshifu|Urshifu-Rapid-Strike, F|100\/100\n|switch|p2a: Sky is the Limit|Shaymin-Sky|100\/100\n|turn|1\n|\n|t:|1699719077\n|move|p1a: Urshifu|Poison Jab|p2a: Sky is the Limit\n|-supereffective|p2a: Sky is the Limit\n|-damage|p2a: Sky is the Limit|27\/100\n|-status|p2a: Sky is the Limit|psn\n|move|p2a: Sky is the Limit|Air Slash|p1a: Urshifu\n|-supereffective|p1a: Urshifu\n|-damage|p1a: Urshifu|0 fnt\n|faint|p1a: Urshifu\n|\n|-heal|p2a: Sky is the Limit|33\/100 psn|[from] item: Leftovers\n|-damage|p2a: Sky is the Limit|20\/100 psn|[from] psn\n|upkeep\n|\n|t:|1699719086\n|switch|p1a: Tyranitar|Tyranitar, F|100\/100\n|-weather|Sandstorm|[from] ability: Sand Stream|[of] p1a: Tyranitar\n|turn|2\n|\n|t:|1699719107\n|switch|p1a: Cyclizar|Cyclizar, M|100\/100\n|move|p2a: Sky is the Limit|Seed Flare|p1a: Cyclizar\n|-resisted|p1a: Cyclizar\n|-damage|p1a: Cyclizar|59\/100\n|-unboost|p1a: Cyclizar|spd|2\n|\n|-weather|Sandstorm|[upkeep]\n|-damage|p1a: Cyclizar|53\/100|[from] Sandstorm\n|-damage|p2a: Sky is the Limit|14\/100 psn|[from] Sandstorm\n|-heal|p2a: Sky is the Limit|20\/100 psn|[from] item: Leftovers\n|-damage|p2a: Sky is the Limit|8\/100 psn|[from] psn\n|upkeep\n|turn|3\n|\n|t:|1699719114\n|move|p1a: Cyclizar|U-turn|p2a: Sky is the Limit\n|-damage|p2a: Sky is the Limit|0 fnt\n|faint|p2a: Sky is the Limit\n|\n|t:|1699719116\n|switch|p1a: Houndstone|Houndstone, M|100\/100|[from] U-turn\n|\n|-weather|Sandstorm|[upkeep]\n|upkeep\n|\n|t:|1699719123\n|switch|p2a: GoGoGadget|Magearna|100\/100\n|turn|4\n|\n|t:|1699719160\n|switch|p1a: Arceus|Arceus-Grass|100\/100\n|move|p2a: GoGoGadget|Volt Switch|p1a: Arceus\n|-resisted|p1a: Arceus\n|-damage|p1a: Arceus|93\/100\n|\n|t:|1699719175\n|switch|p2a: Sun of God|Volcarona, F|100\/100|[from] Volt Switch\n|\n|-weather|Sandstorm|[upkeep]\n|-damage|p2a: Sun of God|95\/100|[from] Sandstorm\n|-damage|p1a: Arceus|87\/100|[from] Sandstorm\n|upkeep\n|turn|5\n|\n|t:|1699719189\n|move|p2a: Sun of God|Quiver Dance|p2a: Sun of God\n|-boost|p2a: Sun of God|spa|1\n|-boost|p2a: Sun of God|spd|1\n|-boost|p2a: Sun of God|spe|1\n|move|p1a: Arceus|Taunt|p2a: Sun of God\n|-start|p2a: Sun of God|move: Taunt\n|\n|-weather|Sandstorm|[upkeep]\n|-damage|p2a: Sun of God|89\/100|[from] Sandstorm\n|-damage|p1a: Arceus|81\/100|[from] Sandstorm\n|upkeep\n|turn|6\n|\n|t:|1699719201\n|move|p2a: Sun of God|Fiery Dance|p1a: Arceus\n|-supereffective|p1a: Arceus\n|-damage|p1a: Arceus|0 fnt\n|faint|p1a: Arceus\n|\n|-weather|none\n|upkeep\n|\n|t:|1699719208\n|switch|p1a: Cyclizar|Cyclizar, M|86\/100\n|turn|7\n|\n|t:|1699719218\n|move|p1a: Cyclizar|Shed Tail|p1a: Cyclizar\n|-start|p1a: Cyclizar|Substitute|[from] move: Shed Tail\n|-damage|p1a: Cyclizar|36\/100\n|\n|t:|1699719220\n|switch|p1a: Espathra|Espathra, M|100\/100|[from] Shed Tail\n|move|p2a: Sun of God|Giga Drain|p1a: Espathra\n|-end|p1a: Espathra|Substitute\n|-heal|p2a: Sun of God|100\/100|[from] drain|[of] p1a: Espathra\n|\n|upkeep\n|turn|8\n|\n|t:|1699719231\n|move|p2a: Sun of God|Fiery Dance|p1a: Espathra\n|-damage|p1a: Espathra|5\/100\n|-boost|p2a: Sun of God|spa|1\n|move|p1a: Espathra|Calm Mind|p1a: Espathra\n|-boost|p1a: Espathra|spa|1\n|-boost|p1a: Espathra|spd|1\n|\n|-heal|p1a: Espathra|11\/100|[from] item: Leftovers\n|-end|p2a: Sun of God|move: Taunt\n|-ability|p1a: Espathra|Speed Boost|boost\n|-boost|p1a: Espathra|spe|1\n|upkeep\n|turn|9\n|\n|t:|1699719240\n|move|p2a: Sun of God|Quiver Dance|p2a: Sun of God\n|-boost|p2a: Sun of God|spa|1\n|-boost|p2a: Sun of God|spd|1\n|-boost|p2a: Sun of God|spe|1\n|move|p1a: Espathra|Stored Power|p2a: Sun of God\n|-damage|p2a: Sun of God|81\/100\n|\n|-heal|p1a: Espathra|17\/100|[from] item: Leftovers\n|-ability|p1a: Espathra|Speed Boost|boost\n|-boost|p1a: Espathra|spe|1\n|upkeep\n|turn|10\n|c|\u2606fishyroads|i messed up\n|-message|fishyroads forfeited.\n|\n|win|Vario 64\u2606\u5f61\n|l|\u2606fishyroads\n","uploadtime":1699719266,"views":41,"p1id":"fishyroads","p2id":"vario64","formatid":"gen9ubers","rating":0,"private":0,"password":""}