{"id":"gen9ubers-1972124361","p1":"seedonpokemon","p2":"tekken_is_life","format":"[Gen 9] Ubers","log":"|j|\u2606seedonpokemon\n|j|\u2606tekken_is_life\n|t:|1697814838\n|gametype|singles\n|player|p1|seedonpokemon|giacomo|1342\n|player|p2|tekken_is_life|101|1565\n|teamsize|p1|6\n|teamsize|p2|6\n|gen|9\n|tier|[Gen 9] Ubers\n|rated|\n|rule|Sleep Clause Mod: Limit one foe put to sleep\n|rule|Species Clause: Limit one of each Pok\u00e9mon\n|rule|OHKO Clause: OHKO moves are banned\n|rule|Evasion Items Clause: Evasion items are banned\n|rule|Evasion Moves Clause: Evasion moves are banned\n|rule|Endless Battle Clause: Forcing endless battles is banned\n|rule|HP Percentage Mod: HP is shown in percentages\n|clearpoke\n|poke|p1|Groudon|\n|poke|p1|Chi-Yu|\n|poke|p1|Ogerpon-Hearthflame, F|\n|poke|p1|Flutter Mane|\n|poke|p1|Great Tusk|\n|poke|p1|Arceus|\n|poke|p2|Koraidon|\n|poke|p2|Groudon|\n|poke|p2|Flutter Mane|\n|poke|p2|Arceus|\n|poke|p2|Lilligant-Hisui, F|\n|poke|p2|Dondozo, F|\n|teampreview\n|j| Na2Zn(OH)4\n|\n|t:|1697814844\n|start\n|switch|p1a: Chi-Yu|Chi-Yu|100\/100\n|switch|p2a: Koraidon|Koraidon|100\/100\n|-weather|SunnyDay|[from] ability: Orichalcum Pulse|[of] p2a: Koraidon\n|-activate|p2a: Koraidon|Orichalcum Pulse|[source]\n|-ability|p1a: Chi-Yu|Beads of Ruin\n|turn|1\n|inactive|Battle timer is ON: inactive players will automatically lose when time's up. (requested by seedonpokemon)\n|\n|t:|1697814851\n|switch|p1a: Great Tusk|Great Tusk|100\/100\n|-activate|p1a: Great Tusk|ability: Protosynthesis\n|-start|p1a: Great Tusk|protosynthesisdef\n|move|p2a: Koraidon|U-turn|p1a: Great Tusk\n|-resisted|p1a: Great Tusk\n|-crit|p1a: Great Tusk\n|-damage|p1a: Great Tusk|91\/100\n|-damage|p2a: Koraidon|84\/100|[from] item: Rocky Helmet|[of] p1a: Great Tusk\n|\n|t:|1697814855\n|switch|p2a: Flutter Mane|Flutter Mane|100\/100|[from] U-turn\n|-activate|p2a: Flutter Mane|ability: Protosynthesis\n|-start|p2a: Flutter Mane|protosynthesisspe\n|\n|-weather|SunnyDay|[upkeep]\n|upkeep\n|turn|2\n|\n|t:|1697814874\n|-terastallize|p1a: Great Tusk|Steel\n|move|p2a: Flutter Mane|Moonblast|p1a: Great Tusk\n|-resisted|p1a: Great Tusk\n|-damage|p1a: Great Tusk|47\/100\n|-damage|p2a: Flutter Mane|91\/100|[from] item: Life Orb\n|move|p1a: Great Tusk|Headlong Rush|p2a: Flutter Mane\n|-damage|p2a: Flutter Mane|0 fnt\n|-unboost|p1a: Great Tusk|def|1\n|-unboost|p1a: Great Tusk|spd|1\n|faint|p2a: Flutter Mane\n|-end|p2a: Flutter Mane|Protosynthesis|[silent]\n|\n|-weather|SunnyDay|[upkeep]\n|upkeep\n|\n|t:|1697814882\n|switch|p2a: Groudon|Groudon|100\/100\n|turn|3\n|\n|t:|1697814891\n|-end|p1a: Great Tusk|Protosynthesis|[silent]\n|switch|p1a: Groudon|Groudon|100\/100\n|move|p2a: Groudon|Lava Plume|p1a: Groudon\n|-damage|p1a: Groudon|75\/100\n|\n|-weather|SunnyDay|[upkeep]\n|upkeep\n|turn|4\n|\n|t:|1697814900\n|move|p1a: Groudon|Stealth Rock|p2a: Groudon\n|-sidestart|p2: tekken_is_life|move: Stealth Rock\n|move|p2a: Groudon|Lava Plume|p1a: Groudon\n|-damage|p1a: Groudon|48\/100\n|\n|-weather|SunnyDay|[upkeep]\n|upkeep\n|turn|5\n|\n|t:|1697814906\n|move|p1a: Groudon|Lava Plume|p2a: Groudon\n|-damage|p2a: Groudon|81\/100\n|move|p2a: Groudon|Lava Plume|p1a: Groudon\n|-damage|p1a: Groudon|18\/100\n|-status|p1a: Groudon|brn\n|\n|-weather|none\n|-heal|p2a: Groudon|87\/100|[from] item: Leftovers\n|-damage|p1a: Groudon|12\/100 brn|[from] brn\n|upkeep\n|turn|6\n|\n|t:|1697814915\n|switch|p1a: Chi-Yu|Chi-Yu|100\/100\n|-ability|p1a: Chi-Yu|Beads of Ruin\n|move|p2a: Groudon|Protect||[still]\n|-fail|p2a: Groudon\n|\n|-heal|p2a: Groudon|93\/100|[from] item: Leftovers\n|upkeep\n|turn|7\n|\n|t:|1697814923\n|move|p2a: Groudon|Protect|p2a: Groudon\n|-singleturn|p2a: Groudon|Protect\n|move|p1a: Chi-Yu|Overheat|p2a: Groudon\n|-activate|p2a: Groudon|move: Protect\n|\n|-heal|p2a: Groudon|99\/100|[from] item: Leftovers\n|upkeep\n|turn|8\n|\n|t:|1697814926\n|move|p1a: Chi-Yu|Overheat|p2a: Groudon\n|-damage|p2a: Groudon|7\/100\n|-unboost|p1a: Chi-Yu|spa|2\n|move|p2a: Groudon|Spikes|p1a: Chi-Yu\n|-sidestart|p1: seedonpokemon|Spikes\n|\n|-heal|p2a: Groudon|13\/100|[from] item: Leftovers\n|upkeep\n|turn|9\n|\n|t:|1697814932\n|move|p2a: Groudon|Protect|p2a: Groudon\n|-singleturn|p2a: Groudon|Protect\n|move|p1a: Chi-Yu|Overheat|p2a: Groudon\n|-activate|p2a: Groudon|move: Protect\n|\n|-heal|p2a: Groudon|19\/100|[from] item: Leftovers\n|upkeep\n|turn|10\n|\n|t:|1697814936\n|move|p1a: Chi-Yu|Overheat|p2a: Groudon\n|-damage|p2a: Groudon|0 fnt\n|-unboost|p1a: Chi-Yu|spa|2\n|faint|p2a: Groudon\n|\n|upkeep\n|\n|t:|1697814938\n|switch|p2a: Koraidon|Koraidon|84\/100\n|-damage|p2a: Koraidon|78\/100|[from] Stealth Rock\n|-weather|SunnyDay|[from] ability: Orichalcum Pulse|[of] p2a: Koraidon\n|-activate|p2a: Koraidon|Orichalcum Pulse|[source]\n|turn|11\n|\n|t:|1697814944\n|switch|p1a: Great Tusk|Great Tusk, tera:Steel|47\/100\n|-damage|p1a: Great Tusk|35\/100|[from] Spikes\n|-activate|p1a: Great Tusk|ability: Protosynthesis\n|-start|p1a: Great Tusk|protosynthesisdef\n|move|p2a: Koraidon|U-turn|p1a: Great Tusk\n|-resisted|p1a: Great Tusk\n|-damage|p1a: Great Tusk|28\/100\n|-damage|p2a: Koraidon|61\/100|[from] item: Rocky Helmet|[of] p1a: Great Tusk\n|\n|t:|1697814947\n|switch|p2a: Lilligant|Lilligant-Hisui, F|100\/100|[from] U-turn\n|\n|-weather|SunnyDay|[upkeep]\n|upkeep\n|turn|12\n|\n|t:|1697814961\n|move|p2a: Lilligant|Close Combat|p1a: Great Tusk\n|-supereffective|p1a: Great Tusk\n|-damage|p1a: Great Tusk|0 fnt\n|-unboost|p2a: Lilligant|def|1\n|-unboost|p2a: Lilligant|spd|1\n|-damage|p2a: Lilligant|84\/100|[from] item: Rocky Helmet|[of] p1a: Great Tusk\n|faint|p1a: Great Tusk\n|-end|p1a: Great Tusk|Protosynthesis|[silent]\n|\n|-weather|SunnyDay|[upkeep]\n|upkeep\n|\n|t:|1697814976\n|switch|p1a: Ogerpon|Ogerpon-Hearthflame, F|100\/100\n|-damage|p1a: Ogerpon|88\/100|[from] Spikes\n|-ability|p1a: Ogerpon|Mold Breaker\n|turn|13\n|\n|t:|1697814985\n|move|p2a: Lilligant|Close Combat|p1a: Ogerpon\n|-damage|p1a: Ogerpon|17\/100\n|-unboost|p2a: Lilligant|def|1\n|-unboost|p2a: Lilligant|spd|1\n|move|p1a: Ogerpon|Ivy Cudgel|p2a: Lilligant\n|-supereffective|p2a: Lilligant\n|-damage|p2a: Lilligant|0 fnt\n|faint|p2a: Lilligant\n|\n|-weather|SunnyDay|[upkeep]\n|upkeep\n|\n|t:|1697814990\n|switch|p2a: Koraidon|Koraidon|61\/100\n|-damage|p2a: Koraidon|55\/100|[from] Stealth Rock\n|-activate|p2a: Koraidon|ability: Orichalcum Pulse\n|turn|14\n|\n|t:|1697814998\n|move|p2a: Koraidon|U-turn|p1a: Ogerpon\n|-damage|p1a: Ogerpon|0 fnt\n|faint|p1a: Ogerpon\n|\n|t:|1697815005\n|switch|p2a: Absolute broken|Arceus|100\/100|[from] U-turn\n|-damage|p2a: Absolute broken|88\/100|[from] Stealth Rock\n|\n|-weather|SunnyDay|[upkeep]\n|-heal|p2a: Absolute broken|94\/100|[from] item: Leftovers\n|upkeep\n|\n|t:|1697815011\n|switch|p1a: Chi-Yu|Chi-Yu|100\/100\n|-damage|p1a: Chi-Yu|88\/100|[from] Spikes\n|-ability|p1a: Chi-Yu|Beads of Ruin\n|turn|15\n|\n|t:|1697815036\n|switch|p2a: Dondozo|Dondozo, F|100\/100\n|-damage|p2a: Dondozo|88\/100|[from] Stealth Rock\n|move|p1a: Chi-Yu|Fire Blast|p2a: Dondozo\n|-resisted|p2a: Dondozo\n|-damage|p2a: Dondozo|10\/100\n|\n|-weather|none\n|upkeep\n|turn|16\n|\n|t:|1697815052\n|switch|p1a: Groudon|Groudon|12\/100 brn\n|-damage|p1a: Groudon|0 fnt|[from] Spikes\n|faint|p1a: Groudon\n|move|p2a: Dondozo|Body Press|p1: Groudon|[notarget]\n|-fail|p2a: Dondozo\n|\n|upkeep\n|\n|t:|1697815067\n|switch|p1a: Arceus|Arceus|100\/100\n|-damage|p1a: Arceus|88\/100|[from] Spikes\n|turn|17\n|\n|t:|1697815070\n|move|p1a: Arceus|Swords Dance|p1a: Arceus\n|-boost|p1a: Arceus|atk|2\n|move|p2a: Dondozo|Rest|p2a: Dondozo\n|-status|p2a: Dondozo|slp|[from] move: Rest\n|-heal|p2a: Dondozo|100\/100 slp|[silent]\n|\n|-heal|p1a: Arceus|94\/100|[from] item: Leftovers\n|upkeep\n|turn|18\n|\n|t:|1697815075\n|move|p1a: Arceus|Swords Dance|p1a: Arceus\n|-boost|p1a: Arceus|atk|2\n|cant|p2a: Dondozo|slp\n|move|p2a: Dondozo|Sleep Talk|p2a: Dondozo\n|move|p2a: Dondozo|Body Press|p1a: Arceus|[from]move: Sleep Talk\n|-supereffective|p1a: Arceus\n|-damage|p1a: Arceus|60\/100\n|\n|-heal|p1a: Arceus|66\/100|[from] item: Leftovers\n|upkeep\n|turn|19\n|\n|t:|1697815077\n|move|p1a: Arceus|Earthquake|p2a: Dondozo\n|-damage|p2a: Dondozo|84\/100 slp\n|cant|p2a: Dondozo|slp\n|move|p2a: Dondozo|Sleep Talk|p2a: Dondozo\n|move|p2a: Dondozo|Avalanche|p1a: Arceus|[from]move: Sleep Talk\n|-damage|p1a: Arceus|46\/100\n|\n|-heal|p1a: Arceus|53\/100|[from] item: Leftovers\n|upkeep\n|turn|20\n|\n|t:|1697815084\n|switch|p1a: Chi-Yu|Chi-Yu|88\/100\n|-damage|p1a: Chi-Yu|76\/100|[from] Spikes\n|-ability|p1a: Chi-Yu|Beads of Ruin\n|-curestatus|p2a: Dondozo|slp|[msg]\n|move|p2a: Dondozo|Body Press|p1a: Chi-Yu\n|-supereffective|p1a: Chi-Yu\n|-damage|p1a: Chi-Yu|0 fnt\n|faint|p1a: Chi-Yu\n|\n|upkeep\n|\n|t:|1697815093\n|switch|p1a: Flutter Mane|Flutter Mane|100\/100\n|-damage|p1a: Flutter Mane|88\/100|[from] Spikes\n|-enditem|p1a: Flutter Mane|Booster Energy\n|-activate|p1a: Flutter Mane|ability: Protosynthesis|[fromitem]\n|-start|p1a: Flutter Mane|protosynthesisspe\n|turn|21\n|\n|t:|1697815102\n|move|p1a: Flutter Mane|Moonblast|p2a: Dondozo\n|-damage|p2a: Dondozo|37\/100\n|move|p2a: Dondozo|Avalanche|p1a: Flutter Mane\n|-damage|p1a: Flutter Mane|30\/100\n|\n|upkeep\n|turn|22\n|\n|t:|1697815106\n|move|p1a: Flutter Mane|Moonblast|p2a: Dondozo\n|-damage|p2a: Dondozo|0 fnt\n|faint|p2a: Dondozo\n|\n|upkeep\n|\n|t:|1697815108\n|switch|p2a: Absolute broken|Arceus|94\/100\n|-damage|p2a: Absolute broken|82\/100|[from] Stealth Rock\n|turn|23\n|\n|t:|1697815115\n|move|p1a: Flutter Mane|Moonblast|p2a: Absolute broken\n|-damage|p2a: Absolute broken|47\/100\n|move|p2a: Absolute broken|Shadow Claw|p1a: Flutter Mane\n|-supereffective|p1a: Flutter Mane\n|-damage|p1a: Flutter Mane|0 fnt\n|faint|p1a: Flutter Mane\n|-end|p1a: Flutter Mane|Protosynthesis|[silent]\n|\n|-heal|p2a: Absolute broken|53\/100|[from] item: Leftovers\n|upkeep\n|\n|t:|1697815119\n|switch|p1a: Arceus|Arceus|53\/100\n|-damage|p1a: Arceus|40\/100|[from] Spikes\n|turn|24\n|\n|t:|1697815123\n|move|p2a: Absolute broken|Extreme Speed|p1a: Arceus\n|-damage|p1a: Arceus|14\/100\n|move|p1a: Arceus|Extreme Speed|p2a: Absolute broken\n|-damage|p2a: Absolute broken|25\/100\n|\n|-heal|p2a: Absolute broken|31\/100|[from] item: Leftovers\n|-heal|p1a: Arceus|20\/100|[from] item: Leftovers\n|upkeep\n|turn|25\n|-message|seedonpokemon forfeited.\n|\n|win|tekken_is_life\n|raw|seedonpokemon's rating: 1342 &rarr; <strong>1333<\/strong><br \/>(-9 for losing)\n|raw|tekken_is_life's rating: 1565 &rarr; <strong>1574<\/strong><br \/>(+9 for winning)\n|l|\u2606seedonpokemon\n|l|\u2606tekken_is_life\n","uploadtime":1697815274,"views":28,"p1id":"seedonpokemon","p2id":"tekkenislife","formatid":"gen9ubers","rating":1333,"private":0,"password":""}