{"id":"gen9ubers-1996508223","p1":"SoulTheGhoul","p2":"GoldDragon130","format":"[Gen 9] Ubers","log":"|j|\u2606SoulTheGhoul\n|j|\u2606GoldDragon130\n|t:|1700688871\n|gametype|singles\n|player|p1|SoulTheGhoul|burglar|\n|player|p2|GoldDragon130|nurse|\n|teamsize|p1|6\n|teamsize|p2|6\n|gen|9\n|tier|[Gen 9] Ubers\n|rule|Sleep Clause Mod: Limit one foe put to sleep\n|rule|Species Clause: Limit one of each Pok\u00e9mon\n|rule|OHKO Clause: OHKO moves are banned\n|rule|Evasion Items Clause: Evasion items are banned\n|rule|Evasion Moves Clause: Evasion moves are banned\n|rule|Endless Battle Clause: Forcing endless battles is banned\n|rule|HP Percentage Mod: HP is shown in percentages\n|clearpoke\n|poke|p1|Thundurus, M|\n|poke|p1|Baxcalibur, M|\n|poke|p1|Iron Valiant|\n|poke|p1|Sneasler, F|\n|poke|p1|Gengar, M|\n|poke|p1|Meowscarada, M|\n|poke|p2|Chi-Yu|\n|poke|p2|Zapdos|\n|poke|p2|Scream Tail|\n|poke|p2|Cresselia, F|\n|poke|p2|Landorus-Therian, M|\n|poke|p2|Mimikyu, F|\n|teampreview\n|\n|t:|1700688887\n|start\n|switch|p1a: Meowscarada|Meowscarada, M|100\/100\n|switch|p2a: Cancer|Landorus-Therian, M|100\/100\n|-ability|p2a: Cancer|Intimidate|boost\n|-unboost|p1a: Meowscarada|atk|1\n|turn|1\n|\n|t:|1700688899\n|move|p2a: Cancer|U-turn|p1a: Meowscarada\n|-supereffective|p1a: Meowscarada\n|-damage|p1a: Meowscarada|0 fnt\n|faint|p1a: Meowscarada\n|\n|t:|1700688915\n|switch|p2a: Jiggleback|Scream Tail|100\/100|[from] U-turn\n|\n|upkeep\n|\n|t:|1700688930\n|switch|p1a: Thundurus|Thundurus, M|100\/100\n|turn|2\n|\n|t:|1700688941\n|move|p1a: Thundurus|Nasty Plot|p1a: Thundurus\n|-boost|p1a: Thundurus|spa|2\n|move|p2a: Jiggleback|Ice Beam|p1a: Thundurus\n|-supereffective|p1a: Thundurus\n|-crit|p1a: Thundurus\n|-damage|p1a: Thundurus|2\/100\n|-damage|p2a: Jiggleback|91\/100|[from] item: Life Orb\n|\n|-heal|p1a: Thundurus|8\/100|[from] item: Leftovers\n|upkeep\n|turn|3\n|\n|t:|1700688951\n|move|p1a: Thundurus|Knock Off|p2a: Jiggleback\n|-damage|p2a: Jiggleback|69\/100\n|-enditem|p2a: Jiggleback|Life Orb|[from] move: Knock Off|[of] p1a: Thundurus\n|move|p2a: Jiggleback|Ice Beam|p1a: Thundurus\n|-supereffective|p1a: Thundurus\n|-damage|p1a: Thundurus|0 fnt\n|faint|p1a: Thundurus\n|\n|upkeep\n|\n|t:|1700688970\n|switch|p1a: Iron Valiant|Iron Valiant|100\/100\n|-enditem|p1a: Iron Valiant|Booster Energy\n|-activate|p1a: Iron Valiant|ability: Quark Drive|[fromitem]\n|-start|p1a: Iron Valiant|quarkdrivespe\n|turn|4\n|\n|t:|1700688988\n|move|p1a: Iron Valiant|Close Combat|p2a: Jiggleback\n|-resisted|p2a: Jiggleback\n|-damage|p2a: Jiggleback|54\/100\n|-unboost|p1a: Iron Valiant|def|1\n|-unboost|p1a: Iron Valiant|spd|1\n|move|p2a: Jiggleback|Psychic|p1a: Iron Valiant\n|-supereffective|p1a: Iron Valiant\n|-damage|p1a: Iron Valiant|0 fnt\n|faint|p1a: Iron Valiant\n|-end|p1a: Iron Valiant|Quark Drive|[silent]\n|\n|upkeep\n|\n|t:|1700688992\n|switch|p1a: Baxcalibur|Baxcalibur, M|100\/100\n|turn|5\n|\n|t:|1700689001\n|-terastallize|p1a: Baxcalibur|Ice\n|move|p2a: Jiggleback|Dazzling Gleam|p1a: Baxcalibur\n|-damage|p1a: Baxcalibur|71\/100\n|move|p1a: Baxcalibur|Icicle Spear|p2a: Jiggleback\n|-crit|p2a: Jiggleback\n|-damage|p2a: Jiggleback|23\/100\n|-damage|p2a: Jiggleback|4\/100\n|-damage|p2a: Jiggleback|0 fnt\n|faint|p2a: Jiggleback\n|-end|p2a: Jiggleback|Protosynthesis|[silent]\n|-hitcount|p2: Jiggleback|3\n|\n|upkeep\n|\n|t:|1700689013\n|switch|p2a: Smiles Back|Chi-Yu|100\/100\n|-ability|p2a: Smiles Back|Beads of Ruin\n|turn|6\n|\n|t:|1700689029\n|move|p2a: Smiles Back|Flamethrower|p1a: Baxcalibur\n|-supereffective|p1a: Baxcalibur\n|-damage|p1a: Baxcalibur|0 fnt\n|faint|p1a: Baxcalibur\n|\n|upkeep\n|\n|t:|1700689037\n|switch|p1a: Gengar|Gengar, M|100\/100\n|turn|7\n|\n|t:|1700689049\n|switch|p2a: WhatDidUExpect?|Zapdos|100\/100\n|move|p1a: Gengar|Sludge Bomb|p2a: WhatDidUExpect?\n|-damage|p2a: WhatDidUExpect?|46\/100\n|\n|upkeep\n|turn|8\n|\n|t:|1700689057\n|move|p1a: Gengar|Sludge Bomb|p2a: WhatDidUExpect?\n|-damage|p2a: WhatDidUExpect?|0 fnt\n|faint|p2a: WhatDidUExpect?\n|\n|upkeep\n|\n|t:|1700689064\n|switch|p2a: Cancer|Landorus-Therian, M|100\/100\n|-ability|p2a: Cancer|Intimidate|boost\n|-unboost|p1a: Gengar|atk|1\n|turn|9\n|\n|t:|1700689070\n|move|p2a: Cancer|Earthquake|p1a: Gengar\n|-supereffective|p1a: Gengar\n|-enditem|p1a: Gengar|Focus Sash\n|-damage|p1a: Gengar|1\/100\n|move|p1a: Gengar|Will-O-Wisp|p2a: Cancer\n|-status|p2a: Cancer|brn\n|\n|-damage|p2a: Cancer|95\/100 brn|[from] brn\n|upkeep\n|turn|10\n|\n|t:|1700689077\n|move|p2a: Cancer|Earthquake|p1a: Gengar\n|-supereffective|p1a: Gengar\n|-damage|p1a: Gengar|0 fnt\n|faint|p1a: Gengar\n|\n|-damage|p2a: Cancer|89\/100 brn|[from] brn\n|upkeep\n|\n|t:|1700689080\n|switch|p1a: Sneasler|Sneasler, F|100\/100\n|turn|11\n|\n|t:|1700689091\n|move|p2a: Cancer|Earthquake|p1a: Sneasler\n|-supereffective|p1a: Sneasler\n|-damage|p1a: Sneasler|8\/100\n|move|p1a: Sneasler|Dire Claw|p2a: Cancer\n|-resisted|p2a: Cancer\n|-damage|p2a: Cancer|56\/100 brn\n|-damage|p1a: Sneasler|0 fnt|[from] item: Life Orb\n|faint|p1a: Sneasler\n|\n|win|GoldDragon130\n","uploadtime":1700689095,"views":2,"p1id":"soultheghoul","p2id":"golddragon130","formatid":"gen9ubers","rating":0,"private":0,"password":""}