{"id":"gen9ubers-1968951217","p1":"XpokVEVO","p2":"I9821943813dws","format":"[Gen 9] Ubers","log":"|j|\u2606XpokVEVO\n|j|\u2606I9821943813dws\n|t:|1697477937\n|gametype|singles\n|player|p1|XpokVEVO|marshal|\n|player|p2|I9821943813dws|1|\n|teamsize|p1|6\n|teamsize|p2|6\n|gen|9\n|tier|[Gen 9] Ubers\n|rule|Sleep Clause Mod: Limit one foe put to sleep\n|rule|Species Clause: Limit one of each Pok\u00e9mon\n|rule|OHKO Clause: OHKO moves are banned\n|rule|Evasion Items Clause: Evasion items are banned\n|rule|Evasion Moves Clause: Evasion moves are banned\n|rule|Endless Battle Clause: Forcing endless battles is banned\n|rule|HP Percentage Mod: HP is shown in percentages\n|clearpoke\n|poke|p1|Arceus-Fire|\n|poke|p1|Shaymin-Sky|\n|poke|p1|Cyclizar, M|\n|poke|p1|Espathra, F|\n|poke|p1|Magearna|\n|poke|p1|Sneasler, M|\n|poke|p2|Blissey, F|\n|poke|p2|Dondozo, F|\n|poke|p2|Gliscor, M|\n|poke|p2|Magearna|\n|poke|p2|Giratina|\n|poke|p2|Arceus-Poison|\n|teampreview\n|inactive|Battle timer is ON: inactive players will automatically lose when time's up. (requested by I9821943813dws)\n|j| seedonpokemon\n|\n|t:|1697477949\n|start\n|switch|p1a: Akira|Cyclizar, M|100\/100\n|switch|p2a: Gliscor|Gliscor, M|100\/100\n|turn|1\n|l| seedonpokemon\n|inactive|I9821943813dws has 270 seconds left.\n|\n|t:|1697477996\n|move|p1a: Akira|Knock Off|p2a: Gliscor\n|-damage|p2a: Gliscor|88\/100\n|-enditem|p2a: Gliscor|Toxic Orb|[from] move: Knock Off|[of] p1a: Akira\n|move|p2a: Gliscor|Knock Off|p1a: Akira\n|-crit|p1a: Akira\n|-damage|p1a: Akira|56\/100\n|-enditem|p1a: Akira|Aguav Berry|[from] move: Knock Off|[of] p2a: Gliscor\n|\n|upkeep\n|turn|2\n|c|\u2606I9821943813dws|CRAP\n|\n|t:|1697478005\n|move|p1a: Akira|Shed Tail|p1a: Akira\n|-start|p1a: Akira|Substitute|[from] move: Shed Tail\n|-damage|p1a: Akira|6\/100\n|c|\u2606I9821943813dws|Unfunny\n|\n|t:|1697478013\n|switch|p1a: Emu War|Espathra, F|100\/100|[from] Shed Tail\n|move|p2a: Gliscor|Earthquake|p1a: Emu War\n|-end|p1a: Emu War|Substitute\n|\n|upkeep\n|turn|3\n|inactive|I9821943813dws has 270 seconds left.\n|\n|t:|1697478028\n|move|p1a: Emu War|Calm Mind|p1a: Emu War\n|-boost|p1a: Emu War|spa|1\n|-boost|p1a: Emu War|spd|1\n|move|p2a: Gliscor|Knock Off|p1a: Emu War\n|-supereffective|p1a: Emu War\n|-damage|p1a: Emu War|31\/100\n|-enditem|p1a: Emu War|Focus Sash|[from] move: Knock Off|[of] p2a: Gliscor\n|\n|-ability|p1a: Emu War|Speed Boost|boost\n|-boost|p1a: Emu War|spe|1\n|upkeep\n|turn|4\n|\n|t:|1697478035\n|move|p1a: Emu War|Protect|p1a: Emu War\n|-singleturn|p1a: Emu War|Protect\n|move|p2a: Gliscor|Knock Off|p1a: Emu War\n|-activate|p1a: Emu War|move: Protect\n|\n|-ability|p1a: Emu War|Speed Boost|boost\n|-boost|p1a: Emu War|spe|1\n|upkeep\n|turn|5\n|\n|t:|1697478036\n|move|p1a: Emu War|Stored Power|p2a: Gliscor\n|-damage|p2a: Gliscor|0 fnt\n|faint|p2a: Gliscor\n|\n|-ability|p1a: Emu War|Speed Boost|boost\n|-boost|p1a: Emu War|spe|1\n|upkeep\n|\n|t:|1697478039\n|switch|p2a: Blissey|Blissey, F|100\/100\n|turn|6\n|\n|t:|1697478045\n|move|p1a: Emu War|Calm Mind|p1a: Emu War\n|-boost|p1a: Emu War|spa|1\n|-boost|p1a: Emu War|spd|1\n|move|p2a: Blissey|Seismic Toss|p1a: Emu War\n|-damage|p1a: Emu War|0 fnt\n|faint|p1a: Emu War\n|\n|upkeep\n|\n|t:|1697478061\n|switch|p1a: Arceus-Fight\u0131ng|Arceus-Fire, shiny|100\/100\n|turn|7\n|\n|t:|1697478067\n|switch|p2a: Dondozo|Dondozo, F|100\/100\n|move|p1a: Arceus-Fight\u0131ng|Roar|p2a: Dondozo\n|drag|p2a: Giratina|Giratina|100\/100\n|-ability|p2a: Giratina|Pressure\n|\n|upkeep\n|turn|8\n|\n|t:|1697478075\n|switch|p1a: Akira|Cyclizar, M|39\/100\n|move|p2a: Giratina|Roar|p1a: Akira\n|drag|p1a: Arceus-Fight\u0131ng|Arceus-Fire, shiny|100\/100\n|\n|upkeep\n|turn|9\n|\n|t:|1697478084\n|switch|p1a: Aunt Fanny|Magearna|100\/100\n|move|p2a: Giratina|Roar|p1a: Aunt Fanny\n|drag|p1a: Arceus-Fight\u0131ng|Arceus-Fire, shiny|100\/100\n|\n|upkeep\n|turn|10\n|\n|t:|1697478099\n|switch|p1a: Akira|Cyclizar, M|73\/100\n|switch|p2a: Arceus|Arceus-Poison|100\/100\n|\n|upkeep\n|turn|11\n|\n|t:|1697478121\n|move|p1a: Akira|Shed Tail|p1a: Akira\n|-start|p1a: Akira|Substitute|[from] move: Shed Tail\n|-damage|p1a: Akira|23\/100\n|\n|t:|1697478122\n|switch|p1a: Aunt Fanny|Magearna|100\/100|[from] Shed Tail\n|move|p2a: Arceus|Taunt|p1a: Aunt Fanny\n|-start|p1a: Aunt Fanny|move: Taunt\n|\n|upkeep\n|turn|12\n|inactive|I9821943813dws has 270 seconds left.\n|\n|t:|1697478159\n|move|p2a: Arceus|Earthquake|p1a: Aunt Fanny\n|-supereffective|p1a: Aunt Fanny\n|-end|p1a: Aunt Fanny|Substitute\n|move|p1a: Aunt Fanny|Flash Cannon|p2a: Arceus\n|-damage|p2a: Arceus|60\/100\n|-damage|p1a: Aunt Fanny|91\/100|[from] item: Life Orb\n|\n|upkeep\n|turn|13\n|inactive|I9821943813dws has 270 seconds left.\n|\n|t:|1697478166\n|-terastallize|p1a: Aunt Fanny|Flying\n|move|p2a: Arceus|Earthquake|p1a: Aunt Fanny\n|-immune|p1a: Aunt Fanny\n|move|p1a: Aunt Fanny|Flash Cannon|p2a: Arceus\n|-damage|p2a: Arceus|22\/100\n|-damage|p1a: Aunt Fanny|81\/100|[from] item: Life Orb\n|\n|-end|p1a: Aunt Fanny|move: Taunt\n|upkeep\n|turn|14\n|\n|t:|1697478173\n|switch|p2a: Magearna|Magearna|100\/100\n|move|p1a: Aunt Fanny|Flash Cannon|p2a: Magearna\n|-damage|p2a: Magearna|54\/100\n|-damage|p1a: Aunt Fanny|71\/100|[from] item: Life Orb\n|\n|-heal|p2a: Magearna|60\/100|[from] item: Leftovers\n|upkeep\n|turn|15\n|\n|t:|1697478181\n|move|p1a: Aunt Fanny|Flash Cannon|p2a: Magearna\n|-damage|p2a: Magearna|10\/100\n|-unboost|p2a: Magearna|spd|1\n|-damage|p1a: Aunt Fanny|61\/100|[from] item: Life Orb\n|move|p2a: Magearna|Calm Mind|p2a: Magearna\n|-boost|p2a: Magearna|spa|1\n|-boost|p2a: Magearna|spd|1\n|\n|-heal|p2a: Magearna|16\/100|[from] item: Leftovers\n|upkeep\n|turn|16\n|\n|t:|1697478188\n|switch|p2a: Blissey|Blissey, F|100\/100\n|move|p1a: Aunt Fanny|Flash Cannon|p2a: Blissey\n|-damage|p2a: Blissey|79\/100\n|-damage|p1a: Aunt Fanny|51\/100|[from] item: Life Orb\n|\n|upkeep\n|turn|17\n|inactive|I9821943813dws has 270 seconds left.\n|\n|t:|1697478216\n|move|p1a: Aunt Fanny|Draining Kiss|p2a: Blissey\n|-damage|p2a: Blissey|65\/100\n|-heal|p1a: Aunt Fanny|75\/100|[from] drain|[of] p2a: Blissey\n|-damage|p1a: Aunt Fanny|65\/100|[from] item: Life Orb\n|move|p2a: Blissey|Calm Mind|p2a: Blissey\n|-boost|p2a: Blissey|spa|1\n|-boost|p2a: Blissey|spd|1\n|\n|upkeep\n|turn|18\n|\n|t:|1697478227\n|switch|p1a: I miss this I kms|Sneasler, M|100\/100\n|move|p2a: Blissey|Calm Mind|p2a: Blissey\n|-boost|p2a: Blissey|spa|1\n|-boost|p2a: Blissey|spd|1\n|\n|upkeep\n|turn|19\n|\n|t:|1697478245\n|switch|p1a: Aunt Fanny|Magearna, tera:Flying|65\/100\n|switch|p2a: Giratina|Giratina|100\/100\n|-ability|p2a: Giratina|Pressure\n|\n|upkeep\n|turn|20\n|\n|t:|1697478250\n|move|p1a: Aunt Fanny|Fleur Cannon|p2a: Giratina\n|-supereffective|p2a: Giratina\n|-damage|p2a: Giratina|12\/100\n|-unboost|p1a: Aunt Fanny|spa|2\n|-damage|p1a: Aunt Fanny|55\/100|[from] item: Life Orb\n|move|p2a: Giratina|Roar|p1a: Aunt Fanny\n|drag|p1a: Sonic|Shaymin-Sky, shiny|100\/100\n|\n|upkeep\n|turn|21\n|\n|t:|1697478256\n|move|p1a: Sonic|Seed Flare|p2a: Giratina\n|-resisted|p2a: Giratina\n|-damage|p2a: Giratina|0 fnt\n|faint|p2a: Giratina\n|-damage|p1a: Sonic|91\/100|[from] item: Life Orb\n|\n|upkeep\n|\n|t:|1697478259\n|switch|p2a: Blissey|Blissey, F|65\/100\n|turn|22\n|\n|t:|1697478268\n|switch|p1a: Akira|Cyclizar, M|56\/100\n|move|p2a: Blissey|Soft-Boiled|p2a: Blissey\n|-heal|p2a: Blissey|100\/100\n|\n|upkeep\n|turn|23\n|\n|t:|1697478277\n|move|p1a: Akira|Taunt|p2a: Blissey\n|-start|p2a: Blissey|move: Taunt\n|move|p2a: Blissey|Seismic Toss|p1a: Akira\n|-damage|p1a: Akira|27\/100\n|\n|upkeep\n|turn|24\n|\n|t:|1697478280\n|switch|p1a: Aunt Fanny|Magearna, tera:Flying|55\/100\n|move|p2a: Blissey|Seismic Toss|p1a: Aunt Fanny\n|-damage|p1a: Aunt Fanny|22\/100\n|\n|upkeep\n|turn|25\n|\n|t:|1697478288\n|move|p1a: Aunt Fanny|Fleur Cannon|p2a: Blissey\n|-damage|p2a: Blissey|66\/100\n|-unboost|p1a: Aunt Fanny|spa|2\n|-damage|p1a: Aunt Fanny|12\/100|[from] item: Life Orb\n|move|p2a: Blissey|Seismic Toss|p1a: Aunt Fanny\n|-damage|p1a: Aunt Fanny|0 fnt\n|faint|p1a: Aunt Fanny\n|\n|-end|p2a: Blissey|move: Taunt\n|upkeep\n|\n|t:|1697478293\n|switch|p1a: I miss this I kms|Sneasler, M|100\/100\n|turn|26\n|inactive|I9821943813dws has 270 seconds left.\n|\n|t:|1697478329\n|switch|p2a: Dondozo|Dondozo, F|100\/100\n|move|p1a: I miss this I kms|Close Combat|p2a: Dondozo\n|-damage|p2a: Dondozo|75\/100\n|-unboost|p1a: I miss this I kms|def|1\n|-unboost|p1a: I miss this I kms|spd|1\n|\n|upkeep\n|turn|27\n|inactive|I9821943813dws has 270 seconds left.\n|\n|t:|1697478334\n|switch|p1a: Akira|Cyclizar, M|60\/100\n|move|p2a: Dondozo|Curse|p2a: Dondozo\n|-unboost|p2a: Dondozo|spe|1\n|-boost|p2a: Dondozo|atk|1\n|-boost|p2a: Dondozo|def|1\n|\n|upkeep\n|turn|28\n|\n|t:|1697478337\n|move|p1a: Akira|Taunt|p2a: Dondozo\n|-start|p2a: Dondozo|move: Taunt\n|move|p2a: Dondozo|Liquidation|p1a: Akira\n|-resisted|p1a: Akira\n|-damage|p1a: Akira|30\/100\n|\n|upkeep\n|turn|29\n|\n|t:|1697478347\n|switch|p1a: Sonic|Shaymin-Sky, shiny|91\/100\n|move|p2a: Dondozo|Liquidation|p1a: Sonic\n|-resisted|p1a: Sonic\n|-damage|p1a: Sonic|64\/100\n|\n|upkeep\n|turn|30\n|\n|t:|1697478355\n|switch|p2a: Magearna|Magearna|16\/100\n|move|p1a: Sonic|Seed Flare|p2a: Magearna|[miss]\n|-miss|p1a: Sonic|p2a: Magearna\n|\n|-heal|p2a: Magearna|22\/100|[from] item: Leftovers\n|upkeep\n|turn|31\n|\n|t:|1697478358\n|move|p1a: Sonic|Earth Power|p2a: Magearna\n|-supereffective|p2a: Magearna\n|-crit|p2a: Magearna\n|-damage|p2a: Magearna|0 fnt\n|faint|p2a: Magearna\n|-damage|p1a: Sonic|54\/100|[from] item: Life Orb\n|\n|upkeep\n|\n|t:|1697478361\n|switch|p2a: Blissey|Blissey, F|66\/100\n|turn|32\n|\n|t:|1697478367\n|switch|p1a: Akira|Cyclizar, M|63\/100\n|move|p2a: Blissey|Seismic Toss|p1a: Akira\n|-damage|p1a: Akira|34\/100\n|\n|upkeep\n|turn|33\n|\n|t:|1697478387\n|move|p1a: Akira|Knock Off|p2a: Blissey\n|-damage|p2a: Blissey|49\/100\n|-enditem|p2a: Blissey|Heavy-Duty Boots|[from] move: Knock Off|[of] p1a: Akira\n|move|p2a: Blissey|Seismic Toss|p1a: Akira\n|-damage|p1a: Akira|5\/100\n|\n|upkeep\n|turn|34\n|\n|t:|1697478403\n|move|p1a: Akira|Taunt|p2a: Blissey\n|-start|p2a: Blissey|move: Taunt\n|cant|p2a: Blissey|move: Taunt|Soft-Boiled\n|\n|upkeep\n|turn|35\n|\n|t:|1697478427\n|switch|p1a: I miss this I kms|Sneasler, M|100\/100\n|move|p2a: Blissey|Seismic Toss|p1a: I miss this I kms\n|-damage|p1a: I miss this I kms|67\/100\n|\n|upkeep\n|turn|36\n|\n|t:|1697478438\n|switch|p2a: Dondozo|Dondozo, F|75\/100\n|move|p1a: I miss this I kms|Gunk Shot|p2a: Dondozo|[miss]\n|-miss|p1a: I miss this I kms|p2a: Dondozo\n|\n|upkeep\n|turn|37\n|\n|t:|1697478452\n|switch|p1a: Akira|Cyclizar, M|38\/100\n|move|p2a: Dondozo|Liquidation|p1a: Akira\n|-resisted|p1a: Akira\n|-damage|p1a: Akira|19\/100\n|\n|upkeep\n|turn|38\n|\n|t:|1697478458\n|switch|p1a: Sonic|Shaymin-Sky, shiny|54\/100\n|move|p2a: Dondozo|Liquidation|p1a: Sonic\n|-resisted|p1a: Sonic\n|-damage|p1a: Sonic|36\/100\n|-unboost|p1a: Sonic|def|1\n|\n|upkeep\n|turn|39\n|\n|t:|1697478469\n|switch|p2a: Arceus|Arceus-Poison|22\/100\n|move|p1a: Sonic|Seed Flare|p2a: Arceus\n|-resisted|p2a: Arceus\n|-damage|p2a: Arceus|0 fnt\n|faint|p2a: Arceus\n|-damage|p1a: Sonic|26\/100|[from] item: Life Orb\n|\n|upkeep\n|\n|t:|1697478474\n|switch|p2a: Blissey|Blissey, F|49\/100\n|turn|40\n|\n|t:|1697478501\n|switch|p1a: Arceus-Fight\u0131ng|Arceus-Fire, shiny|100\/100\n|move|p2a: Blissey|Seismic Toss|p1a: Arceus-Fight\u0131ng\n|-damage|p1a: Arceus-Fight\u0131ng|74\/100\n|\n|upkeep\n|turn|41\n|\n|t:|1697478504\n|switch|p2a: Dondozo|Dondozo, F|75\/100\n|move|p1a: Arceus-Fight\u0131ng|Roar|p2a: Dondozo\n|drag|p2a: Blissey|Blissey, F|49\/100\n|\n|upkeep\n|turn|42\n|inactive|XpokVEVO has 270 seconds left.\n|inactive|I9821943813dws has 270 seconds left.\n|\n|t:|1697478550\n|switch|p1a: Akira|Cyclizar, M|52\/100\n|switch|p2a: Dondozo|Dondozo, F|75\/100\n|\n|upkeep\n|turn|43\n|inactive|XpokVEVO has 270 seconds left.\n|c|\u2606I9821943813dws|Aha\n|c|\u2606I9821943813dws|pinned you\n|\n|t:|1697478562\n|move|p1a: Akira|Taunt|p2a: Dondozo\n|-start|p2a: Dondozo|move: Taunt\n|move|p2a: Dondozo|Liquidation|p1a: Akira\n|-resisted|p1a: Akira\n|-damage|p1a: Akira|31\/100\n|\n|upkeep\n|turn|44\n|c|\u2606I9821943813dws|oh wait\n|inactive|XpokVEVO has 270 seconds left.\n|inactive|I9821943813dws has 270 seconds left.\n|\n|t:|1697478568\n|switch|p1a: I miss this I kms|Sneasler, M|67\/100\n|move|p2a: Dondozo|Liquidation|p1a: I miss this I kms\n|-damage|p1a: I miss this I kms|19\/100\n|\n|upkeep\n|turn|45\n|c|\u2606I9821943813dws|You should\u2019ve shed tailed there\n|\n|t:|1697478576\n|move|p1a: I miss this I kms|Close Combat|p2a: Dondozo\n|-damage|p2a: Dondozo|49\/100\n|-unboost|p1a: I miss this I kms|def|1\n|-unboost|p1a: I miss this I kms|spd|1\n|move|p2a: Dondozo|Liquidation|p1a: I miss this I kms\n|-damage|p1a: I miss this I kms|0 fnt\n|faint|p1a: I miss this I kms\n|\n|-end|p2a: Dondozo|move: Taunt\n|upkeep\n|\n|t:|1697478579\n|switch|p1a: Sonic|Shaymin-Sky, shiny|26\/100\n|turn|46\n|inactive|I9821943813dws has 270 seconds left.\n|c|\u2606I9821943813dws|Ok\n|c|\u2606I9821943813dws|rngesus save me\n|inactive|XpokVEVO has 270 seconds left.\n|c|\u2606I9821943813dws|Don\u2019t remove my spd\n|\n|t:|1697478617\n|switch|p2a: Blissey|Blissey, F|49\/100\n|move|p1a: Sonic|Seed Flare|p2a: Blissey|[miss]\n|-miss|p1a: Sonic|p2a: Blissey\n|\n|upkeep\n|turn|47\n|c|\u2606XpokVEVO|Dude\n|inactive|I9821943813dws has 270 seconds left.\n|c|\u2606I9821943813dws|THANK YOU\n|inactive|XpokVEVO has 270 seconds left.\n|\n|t:|1697478630\n|switch|p1a: Akira|Cyclizar, M|64\/100\n|move|p2a: Blissey|Seismic Toss|p1a: Akira\n|-damage|p1a: Akira|35\/100\n|\n|upkeep\n|turn|48\n|c|\u2606I9821943813dws|You probably still won\n|inactive|I9821943813dws has 270 seconds left.\n|c|\u2606XpokVEVO|Next level cheating\n|\n|t:|1697478637\n|move|p1a: Akira|Taunt|p2a: Blissey\n|-start|p2a: Blissey|move: Taunt\n|cant|p2a: Blissey|move: Taunt|Soft-Boiled\n|\n|upkeep\n|turn|49\n|c|\u2606I9821943813dws|Just sac your Pok\u00e9mon and sweep with Shaymin\n|inactive|XpokVEVO has 270 seconds left.\n|c|\u2606I9821943813dws|thats all you need to win\n|\n|t:|1697478663\n|move|p1a: Akira|Knock Off|p2a: Blissey\n|-damage|p2a: Blissey|36\/100\n|move|p2a: Blissey|Seismic Toss|p1a: Akira\n|-damage|p1a: Akira|6\/100\n|\n|upkeep\n|turn|50\n|\n|t:|1697478672\n|move|p1a: Akira|Rapid Spin|p2a: Blissey\n|-damage|p2a: Blissey|21\/100\n|-boost|p1a: Akira|spe|1\n|move|p2a: Blissey|Seismic Toss|p1a: Akira\n|-damage|p1a: Akira|0 fnt\n|faint|p1a: Akira\n|\n|-end|p2a: Blissey|move: Taunt\n|upkeep\n|c|\u2606I9821943813dws|Now you\u2019ve won\n|c|\u2606I9821943813dws|good games\n|inactive|XpokVEVO has 270 seconds left.\n|c|\u2606XpokVEVO|Bros tryna mindgame so bad\n|\n|t:|1697478695\n|switch|p1a: Sonic|Shaymin-Sky, shiny|26\/100\n|turn|51\n|c|\u2606I9821943813dws|I\u2019m genuinely trying to help you \ud83d\ude2d\n|\n|t:|1697478699\n|move|p1a: Sonic|Seed Flare|p2a: Blissey\n|-damage|p2a: Blissey|0 fnt\n|faint|p2a: Blissey\n|-damage|p1a: Sonic|16\/100|[from] item: Life Orb\n|\n|upkeep\n|\n|t:|1697478701\n|switch|p2a: Dondozo|Dondozo, F|49\/100\n|turn|52\n|\n|t:|1697478703\n|move|p1a: Sonic|Seed Flare|p2a: Dondozo|[miss]\n|-miss|p1a: Sonic|p2a: Dondozo\n|move|p2a: Dondozo|Rest|p2a: Dondozo\n|-status|p2a: Dondozo|slp|[from] move: Rest\n|-heal|p2a: Dondozo|100\/100 slp|[silent]\n|\n|upkeep\n|turn|53\n|\n|t:|1697478706\n|move|p1a: Sonic|Seed Flare|p2a: Dondozo\n|-supereffective|p2a: Dondozo\n|-damage|p2a: Dondozo|0 fnt\n|faint|p2a: Dondozo\n|-damage|p1a: Sonic|6\/100|[from] item: Life Orb\n|\n|win|XpokVEVO\n|c|\u2606XpokVEVO|Gg\n|c|\u2606I9821943813dws|Ok that was funny\n","uploadtime":1697478714,"views":26,"p1id":"xpokvevo","p2id":"i9821943813dws","formatid":"gen9ubers","rating":0,"private":0,"password":""}