{"id":"gen9ubers-1978848399","p1":"Ciscork","p2":"jangmang","format":"[Gen 9] Ubers","log":"|j|\u2606Ciscork\n|j|\u2606jangmang\n|t:|1698602337\n|gametype|singles\n|player|p1|Ciscork|265|1080\n|player|p2|jangmang|101|1000\n|teamsize|p1|6\n|teamsize|p2|6\n|gen|9\n|tier|[Gen 9] Ubers\n|rated|\n|rule|Sleep Clause Mod: Limit one foe put to sleep\n|rule|Species Clause: Limit one of each Pok\u00e9mon\n|rule|OHKO Clause: OHKO moves are banned\n|rule|Evasion Items Clause: Evasion items are banned\n|rule|Evasion Moves Clause: Evasion moves are banned\n|rule|Endless Battle Clause: Forcing endless battles is banned\n|rule|HP Percentage Mod: HP is shown in percentages\n|clearpoke\n|poke|p1|Sneasler, F|\n|poke|p1|Enamorus, F|\n|poke|p1|Quaquaval, F|\n|poke|p1|Glimmora, F|\n|poke|p1|Roaring Moon|\n|poke|p1|Gholdengo|\n|poke|p2|Giratina-Origin|\n|poke|p2|Palafin, M|\n|poke|p2|Arceus-Ice|\n|poke|p2|Mewtwo|\n|poke|p2|Goodra-Hisui, F|\n|poke|p2|Iron Hands|\n|teampreview\n|\n|t:|1698602357\n|start\n|switch|p1a: Glimmora|Glimmora, F, shiny|100\/100\n|switch|p2a: Goodra|Goodra-Hisui, F, shiny|100\/100\n|turn|1\n|\n|t:|1698602377\n|move|p1a: Glimmora|Spikes|p2a: Goodra\n|-sidestart|p2: jangmang|Spikes\n|move|p2a: Goodra|Iron Head|p1a: Glimmora\n|-supereffective|p1a: Glimmora\n|-crit|p1a: Glimmora\n|-enditem|p1a: Glimmora|Focus Sash\n|-damage|p1a: Glimmora|1\/100\n|-activate|p1a: Glimmora|ability: Toxic Debris\n|-sidestart|p2: jangmang|move: Toxic Spikes\n|\n|upkeep\n|turn|2\n|\n|t:|1698602389\n|move|p1a: Glimmora|Earth Power|p2a: Goodra\n|-supereffective|p2a: Goodra\n|-damage|p2a: Goodra|61\/100\n|move|p2a: Goodra|Rock Slide|p1a: Glimmora\n|-damage|p1a: Glimmora|0 fnt\n|-activate|p1a: Glimmora|ability: Toxic Debris\n|-sidestart|p2: jangmang|move: Toxic Spikes\n|faint|p1a: Glimmora\n|\n|-heal|p2a: Goodra|68\/100|[from] item: Leftovers\n|upkeep\n|\n|t:|1698602411\n|switch|p1a: Enamorus|Enamorus, F|100\/100\n|turn|3\n|\n|t:|1698602419\n|-terastallize|p1a: Enamorus|Ground\n|move|p1a: Enamorus|Substitute|p1a: Enamorus\n|-start|p1a: Enamorus|Substitute\n|-damage|p1a: Enamorus|76\/100\n|move|p2a: Goodra|Iron Head|p1a: Enamorus\n|-end|p1a: Enamorus|Substitute\n|\n|-heal|p1a: Enamorus|82\/100|[from] item: Leftovers\n|-heal|p2a: Goodra|74\/100|[from] item: Leftovers\n|upkeep\n|turn|4\n|\n|t:|1698602443\n|move|p1a: Enamorus|Earth Power|p2a: Goodra\n|-supereffective|p2a: Goodra\n|-damage|p2a: Goodra|14\/100\n|move|p2a: Goodra|Ice Beam|p1a: Enamorus\n|-supereffective|p1a: Enamorus\n|-damage|p1a: Enamorus|2\/100\n|\n|-heal|p1a: Enamorus|8\/100|[from] item: Leftovers\n|-heal|p2a: Goodra|20\/100|[from] item: Leftovers\n|upkeep\n|turn|5\n|\n|t:|1698602463\n|move|p1a: Enamorus|Earth Power|p2a: Goodra\n|-supereffective|p2a: Goodra\n|-damage|p2a: Goodra|0 fnt\n|faint|p2a: Goodra\n|\n|-heal|p1a: Enamorus|14\/100|[from] item: Leftovers\n|upkeep\n|\n|t:|1698602478\n|switch|p2a: Palafin|Palafin, M, shiny|100\/100\n|-damage|p2a: Palafin|88\/100|[from] Spikes\n|-status|p2a: Palafin|tox\n|turn|6\n|\n|t:|1698602494\n|switch|p1a: Quaquaval|Quaquaval, F, shiny|100\/100\n|move|p2a: Palafin|Flip Turn|p1a: Quaquaval\n|-resisted|p1a: Quaquaval\n|-damage|p1a: Quaquaval|87\/100\n|\n|t:|1698602508\n|detailschange|p2a: Palafin|Palafin-Hero, M, shiny\n|switch|p2a: Giratina|Giratina-Origin, shiny|100\/100|[from] Flip Turn\n|\n|upkeep\n|turn|7\n|\n|t:|1698602523\n|move|p1a: Quaquaval|Ice Spinner|p2a: Giratina\n|-supereffective|p2a: Giratina\n|-damage|p2a: Giratina|61\/100\n|move|p2a: Giratina|Phantom Force||[still]\n|-prepare|p2a: Giratina|Phantom Force\n|\n|upkeep\n|turn|8\n|\n|t:|1698602532\n|switch|p1a: Roaring Moon|Roaring Moon, shiny|100\/100\n|-enditem|p1a: Roaring Moon|Booster Energy\n|-activate|p1a: Roaring Moon|ability: Protosynthesis|[fromitem]\n|-start|p1a: Roaring Moon|protosynthesisatk\n|move|p2a: Giratina|Phantom Force|p1a: Roaring Moon|[from]lockedmove\n|-resisted|p1a: Roaring Moon\n|-damage|p1a: Roaring Moon|62\/100\n|\n|upkeep\n|turn|9\n|\n|t:|1698602545\n|switch|p2a: Arceus|Arceus-Ice, shiny|100\/100\n|-damage|p2a: Arceus|88\/100|[from] Spikes\n|-status|p2a: Arceus|tox\n|move|p1a: Roaring Moon|Knock Off|p2a: Arceus\n|-damage|p2a: Arceus|59\/100 tox\n|\n|-damage|p2a: Arceus|53\/100 tox|[from] psn\n|upkeep\n|turn|10\n|\n|t:|1698602565\n|-end|p1a: Roaring Moon|Protosynthesis|[silent]\n|switch|p1a: Gholdengo|Gholdengo|100\/100\n|-item|p1a: Gholdengo|Air Balloon\n|move|p2a: Arceus|Judgment|p1a: Gholdengo\n|-resisted|p1a: Gholdengo\n|-damage|p1a: Gholdengo|71\/100\n|-enditem|p1a: Gholdengo|Air Balloon\n|\n|-damage|p2a: Arceus|40\/100 tox|[from] psn\n|upkeep\n|turn|11\n|\n|t:|1698602581\n|move|p2a: Arceus|Dazzling Gleam|p1a: Gholdengo\n|-resisted|p1a: Gholdengo\n|-damage|p1a: Gholdengo|60\/100\n|move|p1a: Gholdengo|Shadow Ball|p2a: Arceus\n|-damage|p2a: Arceus|8\/100 tox\n|\n|-damage|p2a: Arceus|0 fnt|[from] psn\n|faint|p2a: Arceus\n|upkeep\n|\n|t:|1698602597\n|switch|p2a: Giratina|Giratina-Origin, shiny|61\/100\n|turn|12\n|\n|t:|1698602603\n|move|p1a: Gholdengo|Shadow Ball|p2a: Giratina\n|-supereffective|p2a: Giratina\n|-damage|p2a: Giratina|6\/100\n|move|p2a: Giratina|Dragon Claw|p1a: Gholdengo\n|-resisted|p1a: Gholdengo\n|-damage|p1a: Gholdengo|31\/100\n|\n|upkeep\n|turn|13\n|\n|t:|1698602617\n|move|p1a: Gholdengo|Shadow Ball|p2a: Giratina\n|-supereffective|p2a: Giratina\n|-damage|p2a: Giratina|0 fnt\n|faint|p2a: Giratina\n|\n|upkeep\n|\n|t:|1698602628\n|switch|p2a: Palafin|Palafin-Hero, M, shiny|88\/100 tox\n|-damage|p2a: Palafin|76\/100 tox|[from] Spikes\n|-activate|p2a: Palafin|ability: Zero to Hero\n|turn|14\n|\n|t:|1698602656\n|move|p2a: Palafin|Ice Punch|p1a: Gholdengo\n|-resisted|p1a: Gholdengo\n|-damage|p1a: Gholdengo|15\/100\n|-status|p1a: Gholdengo|frz\n|cant|p1a: Gholdengo|frz\n|\n|-damage|p2a: Palafin|70\/100 tox|[from] psn\n|upkeep\n|turn|15\n|\n|t:|1698602682\n|switch|p1a: Quaquaval|Quaquaval, F, shiny|87\/100\n|move|p2a: Palafin|Ice Punch|p1a: Quaquaval\n|-resisted|p1a: Quaquaval\n|-damage|p1a: Quaquaval|67\/100\n|-status|p1a: Quaquaval|frz\n|\n|-damage|p2a: Palafin|57\/100 tox|[from] psn\n|upkeep\n|turn|16\n|\n|t:|1698602694\n|switch|p2a: Iron Hands|Iron Hands, shiny|100\/100\n|-damage|p2a: Iron Hands|88\/100|[from] Spikes\n|-status|p2a: Iron Hands|tox\n|cant|p1a: Quaquaval|frz\n|\n|-damage|p2a: Iron Hands|82\/100 tox|[from] psn\n|upkeep\n|turn|17\n|\n|t:|1698602715\n|cant|p1a: Quaquaval|frz\n|move|p2a: Iron Hands|Drain Punch|p1a: Quaquaval\n|-damage|p1a: Quaquaval|5\/100 frz\n|-heal|p2a: Iron Hands|100\/100 tox|[from] drain|[of] p1a: Quaquaval\n|\n|-damage|p2a: Iron Hands|88\/100 tox|[from] psn\n|upkeep\n|turn|18\n|\n|t:|1698602727\n|cant|p1a: Quaquaval|frz\n|move|p2a: Iron Hands|Ice Punch|p1a: Quaquaval\n|-resisted|p1a: Quaquaval\n|-damage|p1a: Quaquaval|0 fnt\n|faint|p1a: Quaquaval\n|\n|-damage|p2a: Iron Hands|70\/100 tox|[from] psn\n|upkeep\n|\n|t:|1698602742\n|switch|p1a: Roaring Moon|Roaring Moon, shiny|62\/100\n|turn|19\n|\n|t:|1698602749\n|move|p1a: Roaring Moon|Acrobatics|p2a: Iron Hands\n|-damage|p2a: Iron Hands|43\/100 tox\n|move|p2a: Iron Hands|Drain Punch|p1a: Roaring Moon\n|-supereffective|p1a: Roaring Moon\n|-damage|p1a: Roaring Moon|0 fnt\n|-heal|p2a: Iron Hands|65\/100 tox|[from] drain|[of] p1a: Roaring Moon\n|faint|p1a: Roaring Moon\n|-end|p1a: Roaring Moon|Protosynthesis|[silent]\n|\n|-damage|p2a: Iron Hands|40\/100 tox|[from] psn\n|upkeep\n|\n|t:|1698602761\n|switch|p1a: Gholdengo|Gholdengo|15\/100 frz\n|turn|20\n|\n|t:|1698602783\n|switch|p1a: Sneasler|Sneasler, F, shiny|100\/100\n|move|p2a: Iron Hands|Ice Punch|p1a: Sneasler\n|-damage|p1a: Sneasler|49\/100\n|\n|-damage|p2a: Iron Hands|10\/100 tox|[from] psn\n|upkeep\n|turn|21\n|\n|t:|1698602801\n|-end|p2a: Iron Hands|Quark Drive|[silent]\n|switch|p2a: Mewtwo|Mewtwo, shiny|100\/100\n|-damage|p2a: Mewtwo|88\/100|[from] Spikes\n|-status|p2a: Mewtwo|tox\n|-ability|p2a: Mewtwo|Pressure\n|move|p1a: Sneasler|Dire Claw|p2a: Mewtwo\n|-damage|p2a: Mewtwo|45\/100 tox\n|\n|-damage|p2a: Mewtwo|38\/100 tox|[from] psn\n|upkeep\n|turn|22\n|\n|t:|1698602821\n|move|p1a: Sneasler|Dire Claw|p2a: Mewtwo\n|-damage|p2a: Mewtwo|0 fnt\n|faint|p2a: Mewtwo\n|\n|upkeep\n|\n|t:|1698602829\n|switch|p2a: Palafin|Palafin-Hero, M, shiny|57\/100 tox\n|-damage|p2a: Palafin|45\/100 tox|[from] Spikes\n|turn|23\n|\n|t:|1698602864\n|move|p1a: Sneasler|Dire Claw|p2a: Palafin\n|-damage|p2a: Palafin|5\/100 tox\n|move|p2a: Palafin|Flip Turn|p1a: Sneasler\n|-damage|p1a: Sneasler|0 fnt\n|faint|p1a: Sneasler\n|\n|t:|1698602872\n|switch|p2a: Iron Hands|Iron Hands, shiny|10\/100 tox|[from] Flip Turn\n|-damage|p2a: Iron Hands|0 fnt|[from] Spikes\n|faint|p2a: Iron Hands\n|-end|p2a: Iron Hands|Quark Drive|[silent]\n|\n|upkeep\n|\n|t:|1698602879\n|switch|p1a: Enamorus|Enamorus, F, tera:Ground|14\/100\n|switch|p2a: Palafin|Palafin-Hero, M, shiny|5\/100 tox\n|-damage|p2a: Palafin|0 fnt|[from] Spikes\n|faint|p2a: Palafin\n|\n|win|Ciscork\n|raw|Ciscork's rating: 1080 &rarr; <strong>1102<\/strong><br \/>(+22 for winning)\n|raw|jangmang's rating: 1000 &rarr; <strong>1000<\/strong><br \/>(+0 for losing)\n","uploadtime":1698602891,"views":12,"p1id":"ciscork","p2id":"jangmang","formatid":"gen9ubers","rating":1000,"private":0,"password":""}