{"id":"gen9ubers-1996529626","p1":"Charmilleon","p2":"uuu0606","format":"[Gen 9] Ubers","log":"|j|\u2606Charmilleon\n|j|\u2606uuu0606\n|t:|1700691059\n|gametype|singles\n|player|p1|Charmilleon|2|1259\n|player|p2|uuu0606|170|1349\n|teamsize|p1|6\n|teamsize|p2|6\n|gen|9\n|tier|[Gen 9] Ubers\n|rated|\n|rule|Sleep Clause Mod: Limit one foe put to sleep\n|rule|Species Clause: Limit one of each Pok\u00e9mon\n|rule|OHKO Clause: OHKO moves are banned\n|rule|Evasion Items Clause: Evasion items are banned\n|rule|Evasion Moves Clause: Evasion moves are banned\n|rule|Endless Battle Clause: Forcing endless battles is banned\n|rule|HP Percentage Mod: HP is shown in percentages\n|clearpoke\n|poke|p1|Basculegion, M|\n|poke|p1|Giratina|\n|poke|p1|Kyogre|\n|poke|p1|Iron Bundle|\n|poke|p1|Miraidon|\n|poke|p1|Palafin, F|\n|poke|p2|Ribombee, M|\n|poke|p2|Groudon|\n|poke|p2|Zacian-*|\n|poke|p2|Flutter Mane|\n|poke|p2|Kyogre|\n|poke|p2|Arceus|\n|teampreview\n|inactive|Battle timer is ON: inactive players will automatically lose when time's up. (requested by uuu0606)\n|inactive|Charmilleon has 120 seconds left.\n|l|\u2606Charmilleon\n|inactive|Charmilleon disconnected and has a minute to reconnect!\n|player|p1|\n|j|\u2606Charmilleon\n|inactive|Charmilleon reconnected and has 115 seconds left.\n|player|p1|Charmilleon|2\n|\n|t:|1700691106\n|start\n|switch|p1a: Giratina|Giratina|100\/100\n|switch|p2a: Ribombee|Ribombee, M|100\/100\n|-ability|p1a: Giratina|Pressure\n|turn|1\n|\n|t:|1700691116\n|move|p2a: Ribombee|Sticky Web|p1a: Giratina\n|-sidestart|p1: Charmilleon|move: Sticky Web\n|move|p1a: Giratina|Thunder Wave|p2a: Ribombee\n|-status|p2a: Ribombee|par\n|\n|upkeep\n|turn|2\n|\n|t:|1700691122\n|move|p1a: Giratina|Defog|p2a: Ribombee\n|-unboost|p2a: Ribombee|evasion|1\n|-sideend|p1: Charmilleon|Sticky Web|[from] move: Defog|[of] p1a: Giratina\n|cant|p2a: Ribombee|par\n|\n|upkeep\n|turn|3\n|\n|t:|1700691128\n|move|p1a: Giratina|Rain Dance|p1a: Giratina\n|-weather|RainDance\n|move|p2a: Ribombee|Stun Spore|p1a: Giratina\n|-status|p1a: Giratina|par\n|\n|-weather|RainDance|[upkeep]\n|upkeep\n|turn|4\n|\n|t:|1700691141\n|switch|p1a: Miraidon|Miraidon|100\/100\n|-fieldstart|move: Electric Terrain|[from] ability: Hadron Engine|[of] p1a: Miraidon\n|move|p2a: Ribombee|Sticky Web|p1a: Miraidon\n|-sidestart|p1: Charmilleon|move: Sticky Web\n|\n|-weather|RainDance|[upkeep]\n|upkeep\n|turn|5\n|\n|t:|1700691152\n|move|p1a: Miraidon|Agility|p1a: Miraidon\n|-boost|p1a: Miraidon|spe|2\n|cant|p2a: Ribombee|par\n|\n|-weather|RainDance|[upkeep]\n|upkeep\n|turn|6\n|\n|t:|1700691159\n|move|p1a: Miraidon|Thunder|p2a: Ribombee\n|-crit|p2a: Ribombee\n|-enditem|p2a: Ribombee|Focus Sash\n|-damage|p2a: Ribombee|1\/100 par\n|move|p2a: Ribombee|Moonblast|p1a: Miraidon\n|-supereffective|p1a: Miraidon\n|-damage|p1a: Miraidon|24\/100\n|\n|-weather|RainDance|[upkeep]\n|upkeep\n|turn|7\n|\n|t:|1700691169\n|move|p1a: Miraidon|Thunder|p2a: Ribombee\n|-crit|p2a: Ribombee\n|-damage|p2a: Ribombee|0 fnt\n|faint|p2a: Ribombee\n|\n|-weather|RainDance|[upkeep]\n|upkeep\n|\n|t:|1700691174\n|switch|p2a: Arceus|Arceus|100\/100\n|turn|8\n|l|\u2606Charmilleon\n|inactive|Charmilleon disconnected and has a minute to reconnect!\n|player|p1|\n|j|\u2606Charmilleon\n|inactive|Charmilleon reconnected and has 130 seconds left.\n|player|p1|Charmilleon|2\n|\n|t:|1700691199\n|switch|p1a: Basculegion|Basculegion, M|100\/100\n|-activate|p1a: Basculegion|move: Sticky Web\n|-unboost|p1a: Basculegion|spe|1\n|move|p2a: Arceus|Extreme Speed|p1a: Basculegion\n|-immune|p1a: Basculegion\n|\n|-weather|RainDance|[upkeep]\n|upkeep\n|turn|9\n|\n|t:|1700691208\n|switch|p2a: Groudon|Groudon|100\/100\n|-weather|SunnyDay|[from] ability: Drought|[of] p2a: Groudon\n|move|p1a: Basculegion|Flip Turn|p2a: Groudon\n|-supereffective|p2a: Groudon\n|-damage|p2a: Groudon|69\/100\n|\n|t:|1700691222\n|switch|p1a: Kyogre|Kyogre|100\/100|[from] Flip Turn\n|-activate|p1a: Kyogre|move: Sticky Web\n|-unboost|p1a: Kyogre|spe|1\n|-weather|RainDance|[from] ability: Drizzle|[of] p1a: Kyogre\n|\n|-weather|RainDance|[upkeep]\n|-heal|p2a: Groudon|75\/100|[from] item: Leftovers\n|upkeep\n|turn|10\n|\n|t:|1700691232\n|-terastallize|p2a: Groudon|Water\n|move|p1a: Kyogre|Water Spout|p2a: Groudon\n|-resisted|p2a: Groudon\n|-damage|p2a: Groudon|30\/100\n|move|p2a: Groudon|Stealth Rock|p1a: Kyogre\n|-sidestart|p1: Charmilleon|move: Stealth Rock\n|\n|-weather|RainDance|[upkeep]\n|-heal|p2a: Groudon|36\/100|[from] item: Leftovers\n|upkeep\n|turn|11\n|\n|t:|1700691244\n|switch|p1a: Giratina|Giratina|100\/100 par\n|-activate|p1a: Giratina|move: Sticky Web\n|-unboost|p1a: Giratina|spe|1\n|-damage|p1a: Giratina|88\/100 par|[from] Stealth Rock\n|-ability|p1a: Giratina|Pressure\n|move|p2a: Groudon|Earthquake|p1a: Giratina\n|-damage|p1a: Giratina|60\/100 par\n|\n|-weather|RainDance|[upkeep]\n|-heal|p2a: Groudon|42\/100|[from] item: Leftovers\n|-fieldend|move: Electric Terrain\n|upkeep\n|turn|12\n|\n|t:|1700691260\n|switch|p2a: Zacian|Zacian-Crowned|100\/100\n|-ability|p2a: Zacian|Intrepid Sword|boost\n|-boost|p2a: Zacian|atk|1\n|move|p1a: Giratina|Defog|p2a: Zacian\n|-unboost|p2a: Zacian|evasion|1\n|-sideend|p1: Charmilleon|Stealth Rock|[from] move: Defog|[of] p1a: Giratina\n|-sideend|p1: Charmilleon|Sticky Web|[from] move: Defog|[of] p1a: Giratina\n|\n|-weather|RainDance|[upkeep]\n|upkeep\n|turn|13\n|\n|t:|1700691271\n|move|p2a: Zacian|Play Rough|p1a: Giratina\n|-supereffective|p1a: Giratina\n|-damage|p1a: Giratina|0 fnt\n|faint|p1a: Giratina\n|\n|-weather|none\n|upkeep\n|\n|t:|1700691279\n|switch|p1a: Kyogre|Kyogre|100\/100\n|-weather|RainDance|[from] ability: Drizzle|[of] p1a: Kyogre\n|turn|14\n|\n|t:|1700691283\n|move|p2a: Zacian|Play Rough|p1a: Kyogre\n|-damage|p1a: Kyogre|20\/100\n|move|p1a: Kyogre|Origin Pulse|p2a: Zacian\n|-damage|p2a: Zacian|4\/100\n|\n|-weather|RainDance|[upkeep]\n|upkeep\n|turn|15\n|\n|t:|1700691291\n|move|p2a: Zacian|Behemoth Blade|p1a: Kyogre\n|-resisted|p1a: Kyogre\n|-damage|p1a: Kyogre|0 fnt\n|faint|p1a: Kyogre\n|\n|-weather|RainDance|[upkeep]\n|upkeep\n|\n|t:|1700691302\n|switch|p1a: Iron Bundle|Iron Bundle|100\/100\n|turn|16\n|\n|t:|1700691308\n|move|p2a: Zacian|Behemoth Blade|p1a: Iron Bundle\n|-damage|p1a: Iron Bundle|0 fnt\n|faint|p1a: Iron Bundle\n|-end|p1a: Iron Bundle|Quark Drive|[silent]\n|\n|-weather|RainDance|[upkeep]\n|upkeep\n|\n|t:|1700691315\n|switch|p1a: Palafin|Palafin, F|100\/100\n|turn|17\n|\n|t:|1700691319\n|detailschange|p1a: Palafin|Palafin-Hero, F\n|switch|p1a: Miraidon|Miraidon|24\/100\n|-fieldstart|move: Electric Terrain|[from] ability: Hadron Engine|[of] p1a: Miraidon\n|move|p2a: Zacian|Play Rough|p1a: Miraidon\n|-supereffective|p1a: Miraidon\n|-damage|p1a: Miraidon|0 fnt\n|faint|p1a: Miraidon\n|\n|-weather|RainDance|[upkeep]\n|upkeep\n|\n|t:|1700691330\n|switch|p1a: Palafin|Palafin-Hero, F|100\/100\n|-activate|p1a: Palafin|ability: Zero to Hero\n|turn|18\n|\n|t:|1700691334\n|move|p1a: Palafin|Jet Punch|p2a: Zacian\n|-damage|p2a: Zacian|0 fnt\n|faint|p2a: Zacian\n|\n|-weather|none\n|upkeep\n|\n|t:|1700691345\n|switch|p2a: Arceus|Arceus|100\/100\n|turn|19\n|l|\u2606Charmilleon\n|inactive|Charmilleon disconnected and has a minute to reconnect!\n|player|p1|\n|j|\u2606Charmilleon\n|inactive|Charmilleon reconnected and has 140 seconds left.\n|player|p1|Charmilleon|2\n|inactive|Charmilleon has 120 seconds left.\n|\n|t:|1700691380\n|move|p2a: Arceus|Swords Dance|p2a: Arceus\n|-boost|p2a: Arceus|atk|2\n|move|p1a: Palafin|Bulk Up|p1a: Palafin\n|-boost|p1a: Palafin|atk|1\n|-boost|p1a: Palafin|def|1\n|\n|upkeep\n|turn|20\n|inactive|Charmilleon has 120 seconds left.\n|\n|t:|1700691391\n|-terastallize|p1a: Palafin|Water\n|move|p2a: Arceus|Extreme Speed|p1a: Palafin\n|-damage|p1a: Palafin|49\/100\n|move|p1a: Palafin|Wave Crash|p2a: Arceus\n|-damage|p2a: Arceus|0 fnt\n|faint|p2a: Arceus\n|-damage|p1a: Palafin|15\/100|[from] Recoil\n|\n|upkeep\n|\n|t:|1700691406\n|switch|p2a: Groudon|Groudon, tera:Water|42\/100\n|-weather|SunnyDay|[from] ability: Drought|[of] p2a: Groudon\n|turn|21\n|\n|t:|1700691414\n|move|p1a: Palafin|Drain Punch|p2a: Groudon\n|-damage|p2a: Groudon|13\/100\n|-heal|p1a: Palafin|30\/100|[from] drain|[of] p2a: Groudon\n|move|p2a: Groudon|Earthquake|p1a: Palafin\n|-damage|p1a: Palafin|3\/100\n|\n|-weather|SunnyDay|[upkeep]\n|-heal|p2a: Groudon|19\/100|[from] item: Leftovers\n|upkeep\n|turn|22\n|\n|t:|1700691424\n|move|p1a: Palafin|Drain Punch|p2a: Groudon\n|-crit|p2a: Groudon\n|-damage|p2a: Groudon|0 fnt\n|-heal|p1a: Palafin|12\/100|[from] drain|[of] p2a: Groudon\n|faint|p2a: Groudon\n|\n|-weather|SunnyDay|[upkeep]\n|upkeep\n|\n|t:|1700691429\n|switch|p2a: Flutter Mane|Flutter Mane|100\/100\n|-activate|p2a: Flutter Mane|ability: Protosynthesis\n|-start|p2a: Flutter Mane|protosynthesisspe\n|turn|23\n|\n|t:|1700691438\n|move|p1a: Palafin|Jet Punch|p2a: Flutter Mane\n|-damage|p2a: Flutter Mane|14\/100\n|move|p2a: Flutter Mane|Moonblast|p1a: Palafin\n|-damage|p1a: Palafin|0 fnt\n|faint|p1a: Palafin\n|\n|-weather|SunnyDay|[upkeep]\n|upkeep\n|\n|t:|1700691446\n|switch|p1a: Basculegion|Basculegion, M|100\/100\n|turn|24\n|\n|t:|1700691452\n|move|p2a: Flutter Mane|Shadow Ball|p1a: Basculegion\n|-supereffective|p1a: Basculegion\n|-damage|p1a: Basculegion|1\/100\n|move|p1a: Basculegion|Last Respects|p2a: Flutter Mane\n|-supereffective|p2a: Flutter Mane\n|-damage|p2a: Flutter Mane|0 fnt\n|faint|p2a: Flutter Mane\n|-end|p2a: Flutter Mane|Protosynthesis|[silent]\n|\n|-weather|SunnyDay|[upkeep]\n|-fieldend|move: Electric Terrain\n|upkeep\n|\n|t:|1700691458\n|switch|p2a: Kyogre|Kyogre|100\/100\n|-weather|RainDance|[from] ability: Drizzle|[of] p2a: Kyogre\n|turn|25\n|\n|t:|1700691471\n|move|p1a: Basculegion|Last Respects|p2a: Kyogre\n|-damage|p2a: Kyogre|0 fnt\n|faint|p2a: Kyogre\n|\n|win|Charmilleon\n|raw|Charmilleon's rating: 1259 &rarr; <strong>1290<\/strong><br \/>(+31 for winning)\n|raw|uuu0606's rating: 1349 &rarr; <strong>1324<\/strong><br \/>(-25 for losing)\n|l|\u2606uuu0606\n","uploadtime":1700691494,"views":17,"p1id":"charmilleon","p2id":"uuu0606","formatid":"gen9ubers","rating":1290,"private":0,"password":""}