{"id":"gen9ubers-1997246095","p1":"RandomAnonimo123","p2":"the big goomba","format":"[Gen 9] Ubers","log":"|j|\u2606RandomAnonimo123\n|j|\u2606the big goomba\n|t:|1700779933\n|gametype|singles\n|player|p1|RandomAnonimo123|chuck|1071\n|player|p2|the big goomba|psychic-gen4|1173\n|teamsize|p1|6\n|teamsize|p2|6\n|gen|9\n|tier|[Gen 9] Ubers\n|rated|\n|rule|Sleep Clause Mod: Limit one foe put to sleep\n|rule|Species Clause: Limit one of each Pok\u00e9mon\n|rule|OHKO Clause: OHKO moves are banned\n|rule|Evasion Items Clause: Evasion items are banned\n|rule|Evasion Moves Clause: Evasion moves are banned\n|rule|Endless Battle Clause: Forcing endless battles is banned\n|rule|HP Percentage Mod: HP is shown in percentages\n|clearpoke\n|poke|p1|Glimmora, F|\n|poke|p1|Ribombee, M|\n|poke|p1|Groudon|\n|poke|p1|Gholdengo|\n|poke|p1|Skeledirge, M|\n|poke|p1|Koraidon|\n|poke|p2|Groudon|\n|poke|p2|Koraidon|\n|poke|p2|Magearna|\n|poke|p2|Walking Wake|\n|poke|p2|Heatran, F|\n|poke|p2|Urshifu-*, F|\n|teampreview\n|\n|t:|1700779956\n|start\n|switch|p1a: Rebombaa|Ribombee, M|100\/100\n|switch|p2a: Groudon|Groudon|100\/100\n|-weather|SunnyDay|[from] ability: Drought|[of] p2a: Groudon\n|turn|1\n|\n|t:|1700779964\n|move|p1a: Rebombaa|Sticky Web|p2a: Groudon\n|-sidestart|p2: the big goomba|move: Sticky Web\n|move|p2a: Groudon|Stealth Rock|p1a: Rebombaa\n|-sidestart|p1: RandomAnonimo123|move: Stealth Rock\n|\n|-weather|SunnyDay|[upkeep]\n|upkeep\n|turn|2\n|\n|t:|1700779971\n|move|p1a: Rebombaa|Quiver Dance|p1a: Rebombaa\n|-boost|p1a: Rebombaa|spa|1\n|-boost|p1a: Rebombaa|spd|1\n|-boost|p1a: Rebombaa|spe|1\n|move|p2a: Groudon|Swords Dance|p2a: Groudon\n|-boost|p2a: Groudon|atk|2\n|\n|-weather|SunnyDay|[upkeep]\n|upkeep\n|turn|3\n|\n|t:|1700779976\n|move|p1a: Rebombaa|Moonblast|p2a: Groudon\n|-damage|p2a: Groudon|55\/100\n|move|p2a: Groudon|Earthquake|p1a: Rebombaa\n|-resisted|p1a: Rebombaa\n|-damage|p1a: Rebombaa|10\/100\n|\n|-weather|SunnyDay|[upkeep]\n|-heal|p2a: Groudon|61\/100|[from] item: Leftovers\n|upkeep\n|turn|4\n|\n|t:|1700779978\n|move|p1a: Rebombaa|Moonblast|p2a: Groudon\n|-damage|p2a: Groudon|15\/100\n|move|p2a: Groudon|Earthquake|p1a: Rebombaa\n|-resisted|p1a: Rebombaa\n|-damage|p1a: Rebombaa|0 fnt\n|faint|p1a: Rebombaa\n|\n|-weather|SunnyDay|[upkeep]\n|-heal|p2a: Groudon|21\/100|[from] item: Leftovers\n|upkeep\n|\n|t:|1700779984\n|switch|p1a: Koraidon|Koraidon|100\/100\n|-damage|p1a: Koraidon|94\/100|[from] Stealth Rock\n|-activate|p1a: Koraidon|ability: Orichalcum Pulse\n|turn|5\n|\n|t:|1700779988\n|move|p1a: Koraidon|Swords Dance|p1a: Koraidon\n|-boost|p1a: Koraidon|atk|2\n|move|p2a: Groudon|Earthquake|p1a: Koraidon\n|-damage|p1a: Koraidon|9\/100\n|\n|-weather|none\n|-heal|p2a: Groudon|27\/100|[from] item: Leftovers\n|upkeep\n|turn|6\n|\n|t:|1700779991\n|move|p1a: Koraidon|Scale Shot|p2a: Groudon\n|-damage|p2a: Groudon|13\/100\n|-damage|p2a: Groudon|0 fnt\n|faint|p2a: Groudon\n|-hitcount|p2: Groudon|2\n|-unboost|p1a: Koraidon|def|1\n|-boost|p1a: Koraidon|spe|1\n|\n|upkeep\n|\n|t:|1700779996\n|switch|p2a: Urshifu|Urshifu, F|100\/100\n|-activate|p2a: Urshifu|move: Sticky Web\n|-unboost|p2a: Urshifu|spe|1\n|turn|7\n|\n|t:|1700779999\n|switch|p1a: Glimmora|Glimmora, F|100\/100\n|-damage|p1a: Glimmora|88\/100|[from] Stealth Rock\n|move|p2a: Urshifu|Sucker Punch||[still]\n|-fail|p2a: Urshifu\n|\n|upkeep\n|turn|8\n|\n|t:|1700780004\n|move|p1a: Glimmora|Toxic Spikes|p2a: Urshifu\n|-sidestart|p2: the big goomba|move: Toxic Spikes\n|move|p2a: Urshifu|Swords Dance|p2a: Urshifu\n|-boost|p2a: Urshifu|atk|2\n|\n|upkeep\n|turn|9\n|\n|t:|1700780009\n|move|p2a: Urshifu|Sucker Punch|p1a: Glimmora\n|-damage|p1a: Glimmora|7\/100\n|move|p1a: Glimmora|Mortal Spin|p2a: Urshifu\n|-damage|p2a: Urshifu|94\/100\n|-status|p2a: Urshifu|psn\n|-sideend|p1: RandomAnonimo123|Stealth Rock|[from] move: Mortal Spin|[of] p1a: Glimmora\n|\n|-damage|p2a: Urshifu|82\/100 psn|[from] psn\n|upkeep\n|turn|10\n|\n|t:|1700780014\n|move|p1a: Glimmora|Stealth Rock|p2a: Urshifu\n|-sidestart|p2: the big goomba|move: Stealth Rock\n|move|p2a: Urshifu|Wicked Blow|p1a: Glimmora\n|-crit|p1a: Glimmora\n|-damage|p1a: Glimmora|0 fnt\n|faint|p1a: Glimmora\n|\n|-damage|p2a: Urshifu|70\/100 psn|[from] psn\n|upkeep\n|\n|t:|1700780018\n|switch|p1a: Groudon|Groudon|100\/100\n|-weather|SunnyDay|[from] ability: Drought|[of] p1a: Groudon\n|turn|11\n|\n|t:|1700780020\n|move|p1a: Groudon|Spikes|p2a: Urshifu\n|-sidestart|p2: the big goomba|Spikes\n|move|p2a: Urshifu|Close Combat|p1a: Groudon\n|-damage|p1a: Groudon|33\/100\n|-unboost|p2a: Urshifu|def|1\n|-unboost|p2a: Urshifu|spd|1\n|\n|-weather|SunnyDay|[upkeep]\n|-heal|p1a: Groudon|39\/100|[from] item: Leftovers\n|-damage|p2a: Urshifu|57\/100 psn|[from] psn\n|upkeep\n|turn|12\n|\n|t:|1700780023\n|move|p2a: Urshifu|Sucker Punch||[still]\n|-fail|p2a: Urshifu\n|move|p1a: Groudon|Spikes|p2a: Urshifu\n|-sidestart|p2: the big goomba|Spikes\n|\n|-weather|SunnyDay|[upkeep]\n|-heal|p1a: Groudon|45\/100|[from] item: Leftovers\n|-damage|p2a: Urshifu|45\/100 psn|[from] psn\n|upkeep\n|turn|13\n|\n|t:|1700780025\n|move|p1a: Groudon|Spikes|p2a: Urshifu\n|-sidestart|p2: the big goomba|Spikes\n|move|p2a: Urshifu|Wicked Blow|p1a: Groudon\n|-crit|p1a: Groudon\n|-damage|p1a: Groudon|0 fnt\n|faint|p1a: Groudon\n|\n|-weather|SunnyDay|[upkeep]\n|-damage|p2a: Urshifu|33\/100 psn|[from] psn\n|upkeep\n|\n|t:|1700780029\n|switch|p1a: Skeledirge|Skeledirge, M|100\/100\n|turn|14\n|\n|t:|1700780031\n|switch|p1a: Gholdengo|Gholdengo|100\/100\n|-item|p1a: Gholdengo|Air Balloon\n|move|p2a: Urshifu|Wicked Blow|p1a: Gholdengo\n|-supereffective|p1a: Gholdengo\n|-crit|p1a: Gholdengo\n|-damage|p1a: Gholdengo|0 fnt\n|-enditem|p1a: Gholdengo|Air Balloon\n|faint|p1a: Gholdengo\n|\n|-weather|SunnyDay|[upkeep]\n|-damage|p2a: Urshifu|20\/100 psn|[from] psn\n|upkeep\n|\n|t:|1700780033\n|switch|p1a: Koraidon|Koraidon|9\/100\n|-activate|p1a: Koraidon|ability: Orichalcum Pulse\n|turn|15\n|\n|t:|1700780035\n|move|p1a: Koraidon|Swords Dance|p1a: Koraidon\n|-boost|p1a: Koraidon|atk|2\n|move|p2a: Urshifu|Wicked Blow|p1a: Koraidon\n|-resisted|p1a: Koraidon\n|-crit|p1a: Koraidon\n|-damage|p1a: Koraidon|0 fnt\n|faint|p1a: Koraidon\n|\n|-weather|none\n|-damage|p2a: Urshifu|8\/100 psn|[from] psn\n|upkeep\n|-message|RandomAnonimo123 forfeited.\n|\n|win|the big goomba\n|raw|RandomAnonimo123's rating: 1071 &rarr; <strong>1056<\/strong><br \/>(-15 for losing)\n|raw|the big goomba's rating: 1173 &rarr; <strong>1191<\/strong><br \/>(+18 for winning)\n|l|\u2606RandomAnonimo123\n|c|\u2606the big goomba|clown\n","uploadtime":1700780048,"views":7,"p1id":"randomanonimo123","p2id":"thebiggoomba","formatid":"gen9ubers","rating":1056,"private":0,"password":""}