{"id":"gen9ubers-1970162032","p1":"efwin2763","p2":"leonissenbaum","format":"[Gen 9] Ubers","log":"|j|\u2606efwin2763\n|j|\u2606leonissenbaum\n|t:|1697603288\n|gametype|singles\n|player|p1|efwin2763|ghetsis-gen5bw|\n|player|p2|leonissenbaum|leon|\n|teamsize|p1|6\n|teamsize|p2|6\n|gen|9\n|tier|[Gen 9] Ubers\n|rule|Sleep Clause Mod: Limit one foe put to sleep\n|rule|Species Clause: Limit one of each Pok\u00e9mon\n|rule|OHKO Clause: OHKO moves are banned\n|rule|Evasion Items Clause: Evasion items are banned\n|rule|Evasion Moves Clause: Evasion moves are banned\n|rule|Endless Battle Clause: Forcing endless battles is banned\n|rule|HP Percentage Mod: HP is shown in percentages\n|clearpoke\n|poke|p1|Tyranitar, F|\n|poke|p1|Landorus, M|\n|poke|p1|Ogerpon-Wellspring, F|\n|poke|p1|Zamazenta-*|\n|poke|p1|Ursaluna-Bloodmoon, M|\n|poke|p1|Houndstone, F|\n|poke|p2|Giratina|\n|poke|p2|Gliscor, F|\n|poke|p2|Blissey, F|\n|poke|p2|Dondozo, M|\n|poke|p2|Arceus-Dark|\n|poke|p2|Magearna|\n|teampreview\n|inactive|Battle timer is ON: inactive players will automatically lose when time's up. (requested by efwin2763)\n|\n|t:|1697603301\n|start\n|switch|p1a: Tyranitar|Tyranitar, F|100\/100\n|switch|p2a: Gliscor|Gliscor, F|100\/100\n|-weather|Sandstorm|[from] ability: Sand Stream|[of] p1a: Tyranitar\n|turn|1\n|c|\u2606leonissenbaum|gl!\n|c|\u2606efwin2763|glhf\n|\n|t:|1697603328\n|switch|p1a: Ogerpon|Ogerpon-Wellspring, F|100\/100\n|move|p2a: Gliscor|Protect||[still]\n|-fail|p2a: Gliscor\n|\n|-weather|Sandstorm|[upkeep]\n|-damage|p1a: Ogerpon|95\/100|[from] Sandstorm\n|-status|p2a: Gliscor|tox|[from] item: Toxic Orb\n|upkeep\n|turn|2\n|\n|t:|1697603349\n|move|p1a: Ogerpon|Ivy Cudgel|p2a: Gliscor\n|-supereffective|p2a: Gliscor\n|-damage|p2a: Gliscor|9\/100 tox\n|move|p2a: Gliscor|Toxic Spikes|p1a: Ogerpon\n|-sidestart|p1: efwin2763|move: Toxic Spikes\n|\n|-weather|Sandstorm|[upkeep]\n|-damage|p1a: Ogerpon|89\/100|[from] Sandstorm\n|-heal|p2a: Gliscor|21\/100 tox|[from] ability: Poison Heal\n|upkeep\n|turn|3\n|\n|t:|1697603356\n|move|p2a: Gliscor|Protect|p2a: Gliscor\n|-singleturn|p2a: Gliscor|Protect\n|move|p1a: Ogerpon|Play Rough|p2a: Gliscor\n|-activate|p2a: Gliscor|move: Protect\n|\n|-weather|Sandstorm|[upkeep]\n|-damage|p1a: Ogerpon|83\/100|[from] Sandstorm\n|-heal|p2a: Gliscor|34\/100 tox|[from] ability: Poison Heal\n|upkeep\n|turn|4\n|\n|t:|1697603370\n|switch|p2a: Giratina|Giratina, shiny|100\/100\n|-ability|p2a: Giratina|Pressure\n|move|p1a: Ogerpon|Knock Off|p2a: Giratina\n|-supereffective|p2a: Giratina\n|-damage|p2a: Giratina|55\/100\n|-enditem|p2a: Giratina|Leftovers|[from] move: Knock Off|[of] p1a: Ogerpon\n|\n|-weather|Sandstorm|[upkeep]\n|-damage|p1a: Ogerpon|77\/100|[from] Sandstorm\n|-damage|p2a: Giratina|49\/100|[from] Sandstorm\n|upkeep\n|turn|5\n|\n|t:|1697603378\n|move|p1a: Ogerpon|Play Rough|p2a: Giratina\n|-supereffective|p2a: Giratina\n|-damage|p2a: Giratina|11\/100\n|move|p2a: Giratina|Rest|p2a: Giratina\n|-status|p2a: Giratina|slp|[from] move: Rest\n|-heal|p2a: Giratina|100\/100 slp|[silent]\n|\n|-weather|Sandstorm|[upkeep]\n|-damage|p1a: Ogerpon|71\/100|[from] Sandstorm\n|-damage|p2a: Giratina|94\/100 slp|[from] Sandstorm\n|upkeep\n|turn|6\n|c|\u2606leonissenbaum|smooth stone ttar?\n|inactive|leonissenbaum has 270 seconds left.\n|c|\u2606efwin2763|smooth rock but yeah\n|c|\u2606efwin2763|a friend made this team for me\n|inactive|efwin2763 has 270 seconds left.\n|\n|t:|1697603427\n|switch|p1a: Ursaluna|Ursaluna-Bloodmoon, M|100\/100\n|-status|p1a: Ursaluna|psn\n|cant|p2a: Giratina|slp\n|\n|-weather|Sandstorm|[upkeep]\n|-damage|p2a: Giratina|88\/100 slp|[from] Sandstorm\n|-damage|p1a: Ursaluna|88\/100 psn|[from] psn\n|upkeep\n|turn|7\n|c|\u2606leonissenbaum|very fancy\n|inactive|leonissenbaum has 270 seconds left.\n|\n|t:|1697603438\n|cant|p2a: Giratina|slp\n|move|p1a: Ursaluna|Calm Mind|p1a: Ursaluna\n|-boost|p1a: Ursaluna|spa|1\n|-boost|p1a: Ursaluna|spd|1\n|\n|-weather|Sandstorm|[upkeep]\n|-damage|p2a: Giratina|82\/100 slp|[from] Sandstorm\n|-heal|p1a: Ursaluna|94\/100 psn|[from] item: Leftovers\n|-damage|p1a: Ursaluna|82\/100 psn|[from] psn\n|upkeep\n|turn|8\n|\n|t:|1697603442\n|switch|p2a: Blissey|Blissey, F|100\/100\n|move|p1a: Ursaluna|Blood Moon|p2a: Blissey\n|-damage|p2a: Blissey|66\/100\n|\n|-weather|none\n|-heal|p2a: Blissey|72\/100|[from] item: Leftovers\n|-heal|p1a: Ursaluna|88\/100 psn|[from] item: Leftovers\n|-damage|p1a: Ursaluna|76\/100 psn|[from] psn\n|upkeep\n|turn|9\n|\n|t:|1697603450\n|move|p2a: Blissey|Stealth Rock|p1a: Ursaluna\n|-sidestart|p1: efwin2763|move: Stealth Rock\n|move|p1a: Ursaluna|Focus Blast|p2a: Blissey\n|-supereffective|p2a: Blissey\n|-damage|p2a: Blissey|26\/100\n|\n|-heal|p2a: Blissey|32\/100|[from] item: Leftovers\n|-heal|p1a: Ursaluna|82\/100 psn|[from] item: Leftovers\n|-damage|p1a: Ursaluna|69\/100 psn|[from] psn\n|upkeep\n|turn|10\n|\n|t:|1697603457\n|move|p2a: Blissey|Soft-Boiled|p2a: Blissey\n|-heal|p2a: Blissey|82\/100\n|move|p1a: Ursaluna|Blood Moon|p2a: Blissey\n|-crit|p2a: Blissey\n|-damage|p2a: Blissey|22\/100\n|\n|-heal|p2a: Blissey|28\/100|[from] item: Leftovers\n|-heal|p1a: Ursaluna|75\/100 psn|[from] item: Leftovers\n|-damage|p1a: Ursaluna|63\/100 psn|[from] psn\n|upkeep\n|turn|11\n|\n|t:|1697603461\n|move|p2a: Blissey|Soft-Boiled|p2a: Blissey\n|-heal|p2a: Blissey|78\/100\n|move|p1a: Ursaluna|Focus Blast|p2a: Blissey\n|-supereffective|p2a: Blissey\n|-damage|p2a: Blissey|38\/100\n|\n|-heal|p2a: Blissey|44\/100|[from] item: Leftovers\n|-heal|p1a: Ursaluna|69\/100 psn|[from] item: Leftovers\n|-damage|p1a: Ursaluna|57\/100 psn|[from] psn\n|upkeep\n|turn|12\n|\n|t:|1697603473\n|move|p2a: Blissey|Calm Mind|p2a: Blissey\n|-boost|p2a: Blissey|spa|1\n|-boost|p2a: Blissey|spd|1\n|move|p1a: Ursaluna|Moonlight|p1a: Ursaluna\n|-heal|p1a: Ursaluna|100\/100 psn\n|\n|-heal|p2a: Blissey|50\/100|[from] item: Leftovers\n|-damage|p1a: Ursaluna|88\/100 psn|[from] psn\n|upkeep\n|turn|13\n|\n|t:|1697603478\n|switch|p1a: Zamazenta|Zamazenta-Crowned|100\/100\n|-damage|p1a: Zamazenta|97\/100|[from] Stealth Rock\n|-ability|p1a: Zamazenta|Dauntless Shield|boost\n|-boost|p1a: Zamazenta|def|1\n|move|p2a: Blissey|Calm Mind|p2a: Blissey\n|-boost|p2a: Blissey|spa|1\n|-boost|p2a: Blissey|spd|1\n|\n|-heal|p2a: Blissey|56\/100|[from] item: Leftovers\n|upkeep\n|turn|14\n|j| Insect Glaive MAlN\n|\n|t:|1697603492\n|switch|p2a: Dondozo|Dondozo, M|100\/100\n|move|p1a: Zamazenta|Body Press|p2a: Dondozo\n|-damage|p2a: Dondozo|83\/100\n|-damage|p1a: Zamazenta|81\/100|[from] item: Rocky Helmet|[of] p2a: Dondozo\n|\n|upkeep\n|turn|15\n|l| Insect Glaive MAlN\n|\n|t:|1697603501\n|move|p1a: Zamazenta|Substitute|p1a: Zamazenta\n|-start|p1a: Zamazenta|Substitute\n|-damage|p1a: Zamazenta|56\/100\n|move|p2a: Dondozo|Body Press|p1a: Zamazenta\n|-supereffective|p1a: Zamazenta\n|-end|p1a: Zamazenta|Substitute\n|\n|upkeep\n|turn|16\n|j| Trgtrgv\n|\n|t:|1697603504\n|move|p1a: Zamazenta|Iron Defense|p1a: Zamazenta\n|-boost|p1a: Zamazenta|def|2\n|move|p2a: Dondozo|Body Press|p1a: Zamazenta\n|-supereffective|p1a: Zamazenta\n|-damage|p1a: Zamazenta|21\/100\n|\n|upkeep\n|turn|17\n|\n|t:|1697603512\n|move|p2a: Dondozo|Body Press|p1a: Zamazenta\n|-supereffective|p1a: Zamazenta\n|-damage|p1a: Zamazenta|0 fnt\n|faint|p1a: Zamazenta\n|\n|upkeep\n|j| mimolette7\n|l| Trgtrgv\n|c|\u2606efwin2763|how are you faster\n|inactive|efwin2763 has 270 seconds left.\n|\n|t:|1697603547\n|switch|p1a: Ogerpon|Ogerpon-Wellspring, F|71\/100\n|-status|p1a: Ogerpon|psn\n|-damage|p1a: Ogerpon|58\/100 psn|[from] Stealth Rock\n|turn|18\n|c|\u2606leonissenbaum|i have no idea\n|c|\u2606efwin2763|lol\n|j| Underhours\n|c|\u2606leonissenbaum|how was i faster actually yeah wtf\n|c|\u2606leonissenbaum|lmao\n|inactive|leonissenbaum has 270 seconds left.\n|c|\u2606leonissenbaum|oh well\n|\n|t:|1697603586\n|move|p1a: Ogerpon|Wood Hammer|p2a: Dondozo\n|-supereffective|p2a: Dondozo\n|-damage|p2a: Dondozo|22\/100\n|-damage|p1a: Ogerpon|42\/100 psn|[from] item: Rocky Helmet|[of] p2a: Dondozo\n|-damage|p1a: Ogerpon|8\/100 psn|[from] Recoil\n|move|p2a: Dondozo|Rest|p2a: Dondozo\n|-status|p2a: Dondozo|slp|[from] move: Rest\n|-heal|p2a: Dondozo|100\/100 slp|[silent]\n|\n|-damage|p1a: Ogerpon|0 fnt|[from] psn\n|faint|p1a: Ogerpon\n|upkeep\n|\n|t:|1697603595\n|switch|p1a: Ursaluna|Ursaluna-Bloodmoon, M|88\/100 psn\n|-damage|p1a: Ursaluna|82\/100 psn|[from] Stealth Rock\n|turn|19\n|\n|t:|1697603602\n|switch|p2a: Blissey|Blissey, F|56\/100\n|move|p1a: Ursaluna|Calm Mind|p1a: Ursaluna\n|-boost|p1a: Ursaluna|spa|1\n|-boost|p1a: Ursaluna|spd|1\n|\n|-heal|p2a: Blissey|62\/100|[from] item: Leftovers\n|-heal|p1a: Ursaluna|88\/100 psn|[from] item: Leftovers\n|-damage|p1a: Ursaluna|76\/100 psn|[from] psn\n|upkeep\n|turn|20\n|\n|t:|1697603605\n|move|p2a: Blissey|Calm Mind|p2a: Blissey\n|-boost|p2a: Blissey|spa|1\n|-boost|p2a: Blissey|spd|1\n|move|p1a: Ursaluna|Calm Mind|p1a: Ursaluna\n|-boost|p1a: Ursaluna|spa|1\n|-boost|p1a: Ursaluna|spd|1\n|\n|-heal|p2a: Blissey|69\/100|[from] item: Leftovers\n|-heal|p1a: Ursaluna|82\/100 psn|[from] item: Leftovers\n|-damage|p1a: Ursaluna|70\/100 psn|[from] psn\n|upkeep\n|turn|21\n|\n|t:|1697603615\n|move|p2a: Blissey|Calm Mind|p2a: Blissey\n|-boost|p2a: Blissey|spa|1\n|-boost|p2a: Blissey|spd|1\n|move|p1a: Ursaluna|Calm Mind|p1a: Ursaluna\n|-boost|p1a: Ursaluna|spa|1\n|-boost|p1a: Ursaluna|spd|1\n|\n|-heal|p2a: Blissey|75\/100|[from] item: Leftovers\n|-heal|p1a: Ursaluna|76\/100 psn|[from] item: Leftovers\n|-damage|p1a: Ursaluna|63\/100 psn|[from] psn\n|upkeep\n|turn|22\n|\n|t:|1697603621\n|move|p2a: Blissey|Seismic Toss|p1a: Ursaluna\n|-damage|p1a: Ursaluna|36\/100 psn\n|move|p1a: Ursaluna|Calm Mind|p1a: Ursaluna\n|-boost|p1a: Ursaluna|spa|1\n|-boost|p1a: Ursaluna|spd|1\n|\n|-heal|p2a: Blissey|81\/100|[from] item: Leftovers\n|-heal|p1a: Ursaluna|42\/100 psn|[from] item: Leftovers\n|-damage|p1a: Ursaluna|30\/100 psn|[from] psn\n|upkeep\n|turn|23\n|\n|t:|1697603627\n|move|p2a: Blissey|Seismic Toss|p1a: Ursaluna\n|-damage|p1a: Ursaluna|3\/100 psn\n|move|p1a: Ursaluna|Focus Blast|p2a: Blissey\n|-supereffective|p2a: Blissey\n|-damage|p2a: Blissey|35\/100\n|\n|-heal|p2a: Blissey|41\/100|[from] item: Leftovers\n|-heal|p1a: Ursaluna|9\/100 psn|[from] item: Leftovers\n|-damage|p1a: Ursaluna|0 fnt|[from] psn\n|faint|p1a: Ursaluna\n|upkeep\n|\n|t:|1697603631\n|switch|p1a: Landorus|Landorus, M|100\/100\n|-damage|p1a: Landorus|88\/100|[from] Stealth Rock\n|turn|24\n|\n|t:|1697603640\n|move|p1a: Landorus|Nasty Plot|p1a: Landorus\n|-boost|p1a: Landorus|spa|2\n|move|p2a: Blissey|Soft-Boiled|p2a: Blissey\n|-heal|p2a: Blissey|91\/100\n|\n|-heal|p2a: Blissey|97\/100|[from] item: Leftovers\n|upkeep\n|turn|25\n|\n|t:|1697603651\n|move|p1a: Landorus|Nasty Plot|p1a: Landorus\n|-boost|p1a: Landorus|spa|2\n|move|p2a: Blissey|Calm Mind|p2a: Blissey\n|-boost|p2a: Blissey|spa|1\n|-boost|p2a: Blissey|spd|1\n|\n|-heal|p2a: Blissey|100\/100|[from] item: Leftovers\n|upkeep\n|turn|26\n|\n|t:|1697603654\n|move|p1a: Landorus|Nasty Plot|p1a: Landorus\n|-boost|p1a: Landorus|spa|2\n|move|p2a: Blissey|Calm Mind|p2a: Blissey\n|-boost|p2a: Blissey|spa|1\n|-boost|p2a: Blissey|spd|1\n|\n|upkeep\n|turn|27\n|\n|t:|1697603659\n|move|p1a: Landorus|Focus Blast|p2a: Blissey\n|-supereffective|p2a: Blissey\n|-damage|p2a: Blissey|49\/100\n|move|p2a: Blissey|Calm Mind|p2a: Blissey\n|-boost|p2a: Blissey|spa|1\n|-boost|p2a: Blissey|spd|1\n|\n|-heal|p2a: Blissey|55\/100|[from] item: Leftovers\n|upkeep\n|turn|28\n|\n|t:|1697603674\n|-terastallize|p2a: Blissey|Ghost\n|move|p1a: Landorus|Focus Blast|p2a: Blissey\n|-immune|p2a: Blissey\n|move|p2a: Blissey|Calm Mind|p2a: Blissey\n|-boost|p2a: Blissey|spa|1\n|-boost|p2a: Blissey|spd|1\n|\n|-heal|p2a: Blissey|62\/100|[from] item: Leftovers\n|upkeep\n|turn|29\n|\n|t:|1697603683\n|move|p1a: Landorus|Earth Power|p2a: Blissey\n|-damage|p2a: Blissey|38\/100\n|move|p2a: Blissey|Soft-Boiled|p2a: Blissey\n|-heal|p2a: Blissey|88\/100\n|\n|-heal|p2a: Blissey|94\/100|[from] item: Leftovers\n|upkeep\n|turn|30\n|\n|t:|1697603689\n|move|p1a: Landorus|Earth Power|p2a: Blissey\n|-crit|p2a: Blissey\n|-damage|p2a: Blissey|0 fnt\n|faint|p2a: Blissey\n|\n|upkeep\n|inactive|leonissenbaum has 270 seconds left.\n|\n|t:|1697603720\n|switch|p2a: Arceus|Arceus-Dark|100\/100\n|turn|31\n|\n|t:|1697603724\n|move|p1a: Landorus|Focus Blast|p2a: Arceus\n|-supereffective|p2a: Arceus\n|-damage|p2a: Arceus|0 fnt\n|faint|p2a: Arceus\n|\n|upkeep\n|\n|t:|1697603734\n|switch|p2a: Giratina|Giratina, shiny|82\/100 slp\n|-ability|p2a: Giratina|Pressure\n|turn|32\n|\n|t:|1697603739\n|-terastallize|p1a: Landorus|Fairy\n|move|p1a: Landorus|Tera Blast|p2a: Giratina|[anim] Tera Blast Fairy\n|-supereffective|p2a: Giratina\n|-damage|p2a: Giratina|0 fnt\n|faint|p2a: Giratina\n|-damage|p1a: Landorus|79\/100|[from] item: Life Orb\n|\n|upkeep\n|\n|t:|1697603742\n|switch|p2a: Magearna|Magearna|100\/100\n|turn|33\n|\n|t:|1697603746\n|move|p1a: Landorus|Earth Power|p2a: Magearna\n|-supereffective|p2a: Magearna\n|-damage|p2a: Magearna|0 fnt\n|faint|p2a: Magearna\n|\n|upkeep\n|\n|t:|1697603749\n|switch|p2a: Gliscor|Gliscor, F|34\/100 tox\n|turn|34\n|\n|t:|1697603752\n|move|p1a: Landorus|Tera Blast|p2a: Gliscor|[anim] Tera Blast Fairy\n|-damage|p2a: Gliscor|0 fnt\n|faint|p2a: Gliscor\n|-damage|p1a: Landorus|69\/100|[from] item: Life Orb\n|\n|upkeep\n|\n|t:|1697603754\n|switch|p2a: Dondozo|Dondozo, M|100\/100 slp\n|turn|35\n|c|\u2606leonissenbaum|gg\n|c|\u2606efwin2763|gg\n|\n|t:|1697603764\n|move|p1a: Landorus|Earth Power|p2a: Dondozo\n|-damage|p2a: Dondozo|31\/100 slp\n|cant|p2a: Dondozo|slp\n|\n|upkeep\n|turn|36\n|\n|t:|1697603774\n|move|p1a: Landorus|Earth Power|p2a: Dondozo\n|-damage|p2a: Dondozo|0 fnt\n|faint|p2a: Dondozo\n|\n|win|efwin2763\n|c|\u2606efwin2763|rematch?\n|c|\u2606leonissenbaum|ye sure but lemme change up a mon\n|c|\u2606efwin2763|ok\n|l|\u2606efwin2763\n|l|\u2606leonissenbaum\n","uploadtime":1697603954,"views":14,"p1id":"efwin2763","p2id":"leonissenbaum","formatid":"gen9ubers","rating":0,"private":0,"password":""}