{"id":"gen9ubers-1983978378","p1":"curtisthecacnea","p2":"mastershednija69","format":"[Gen 9] Ubers","log":"|j|\u2606curtisthecacnea\n|j|\u2606mastershednija69\n|t:|1699206224\n|gametype|singles\n|player|p1|curtisthecacnea|veteran|\n|player|p2|mastershednija69|2|\n|teamsize|p1|6\n|teamsize|p2|6\n|gen|9\n|tier|[Gen 9] Ubers\n|rule|Sleep Clause Mod: Limit one foe put to sleep\n|rule|Species Clause: Limit one of each Pok\u00e9mon\n|rule|OHKO Clause: OHKO moves are banned\n|rule|Evasion Items Clause: Evasion items are banned\n|rule|Evasion Moves Clause: Evasion moves are banned\n|rule|Endless Battle Clause: Forcing endless battles is banned\n|rule|HP Percentage Mod: HP is shown in percentages\n|clearpoke\n|poke|p1|Ursaluna-Bloodmoon, M|\n|poke|p1|Greninja-*, M|\n|poke|p1|Ogerpon-Hearthflame, F|\n|poke|p1|Corviknight, F|\n|poke|p1|Glimmora, M|\n|poke|p1|Electrode-Hisui|\n|poke|p2|Dragapult, M|\n|poke|p2|Enamorus, F|\n|poke|p2|Muk-Alola, M|\n|poke|p2|Slaking, F|\n|poke|p2|Forretress, M|\n|poke|p2|Ribombee, F|\n|teampreview\n|\n|t:|1699206238\n|start\n|switch|p1a: Ogerpon|Ogerpon-Hearthflame, F|100\/100\n|switch|p2a: Ribombee|Ribombee, F|100\/100\n|-ability|p1a: Ogerpon|Mold Breaker\n|turn|1\n|\n|t:|1699206270\n|move|p2a: Ribombee|Switcheroo||[still]\n|-fail|p2a: Ribombee\n|move|p1a: Ogerpon|Ivy Cudgel|p2a: Ribombee\n|-supereffective|p2a: Ribombee\n|-damage|p2a: Ribombee|0 fnt\n|faint|p2a: Ribombee\n|\n|upkeep\n|c|\u2606mastershednija69|mario\n|\n|t:|1699206307\n|switch|p2a: Slaking|Slaking, F|100\/100\n|turn|2\n|\n|t:|1699206354\n|switch|p1a: Corviknight|Corviknight, F|100\/100\n|-ability|p1a: Corviknight|Pressure\n|switch|p2a: Enamorus|Enamorus, F|100\/100\n|\n|upkeep\n|turn|3\n|\n|t:|1699206367\n|move|p2a: Enamorus|Mystical Fire|p1a: Corviknight\n|-supereffective|p1a: Corviknight\n|-damage|p1a: Corviknight|49\/100\n|-unboost|p1a: Corviknight|spa|1\n|move|p1a: Corviknight|Iron Head|p2a: Enamorus\n|-supereffective|p2a: Enamorus\n|-damage|p2a: Enamorus|21\/100\n|\n|-heal|p1a: Corviknight|55\/100|[from] item: Leftovers\n|upkeep\n|turn|4\n|\n|t:|1699206397\n|switch|p1a: Greninja|Greninja, M|100\/100\n|move|p2a: Enamorus|Mystical Fire|p1a: Greninja\n|-resisted|p1a: Greninja\n|-damage|p1a: Greninja|71\/100\n|-unboost|p1a: Greninja|spa|1\n|\n|upkeep\n|turn|5\n|\n|t:|1699206410\n|switch|p2a: Slaking|Slaking, F|100\/100\n|move|p1a: Greninja|Ice Beam|p2a: Slaking\n|-damage|p2a: Slaking|78\/100\n|\n|upkeep\n|turn|6\n|j| hatev2\n|\n|t:|1699206468\n|switch|p1a: Glimmora|Glimmora, M|100\/100\n|-terastallize|p2a: Slaking|Normal\n|move|p2a: Slaking|Giga Impact|p1a: Glimmora\n|-resisted|p1a: Glimmora\n|-enditem|p1a: Glimmora|Focus Sash\n|-damage|p1a: Glimmora|1\/100\n|-mustrecharge|p2a: Slaking\n|-activate|p1a: Glimmora|ability: Toxic Debris\n|-sidestart|p2: mastershednija69|move: Toxic Spikes\n|\n|upkeep\n|turn|7\n|\n|t:|1699206483\n|cant|p2a: Slaking|recharge\n|move|p1a: Glimmora|Stealth Rock|p2a: Slaking\n|-sidestart|p2: mastershednija69|move: Stealth Rock\n|\n|upkeep\n|turn|8\n|\n|t:|1699206492\n|switch|p2a: Forretress|Forretress, M|100\/100\n|move|p1a: Glimmora|Sludge Bomb|p2a: Forretress\n|-immune|p2a: Forretress\n|\n|upkeep\n|turn|9\n|\n|t:|1699206508\n|move|p1a: Glimmora|Earth Power|p2a: Forretress\n|-damage|p2a: Forretress|58\/100\n|move|p2a: Forretress|Stealth Rock|p1a: Glimmora\n|-sidestart|p1: curtisthecacnea|move: Stealth Rock\n|\n|upkeep\n|turn|10\n|\n|t:|1699206518\n|move|p1a: Glimmora|Earth Power|p2a: Forretress\n|-damage|p2a: Forretress|12\/100\n|move|p2a: Forretress|Rapid Spin|p1a: Glimmora\n|-resisted|p1a: Glimmora\n|-damage|p1a: Glimmora|0 fnt\n|-boost|p2a: Forretress|spe|1\n|-activate|p1a: Glimmora|ability: Toxic Debris\n|-sidestart|p2: mastershednija69|move: Toxic Spikes\n|-sideend|p2: mastershednija69|Toxic Spikes|[from] move: Rapid Spin|[of] p2a: Forretress\n|-sideend|p2: mastershednija69|Stealth Rock|[from] move: Rapid Spin|[of] p2a: Forretress\n|faint|p1a: Glimmora\n|\n|upkeep\n|\n|t:|1699206531\n|switch|p1a: Ogerpon|Ogerpon-Hearthflame, F|100\/100\n|-damage|p1a: Ogerpon|76\/100|[from] Stealth Rock\n|-ability|p1a: Ogerpon|Mold Breaker\n|turn|11\n|\n|t:|1699206537\n|move|p1a: Ogerpon|Swords Dance|p1a: Ogerpon\n|-boost|p1a: Ogerpon|atk|2\n|move|p2a: Forretress|Toxic Spikes|p1a: Ogerpon\n|-sidestart|p1: curtisthecacnea|move: Toxic Spikes\n|\n|upkeep\n|turn|12\n|\n|t:|1699206544\n|move|p1a: Ogerpon|Trailblaze|p2a: Forretress\n|-resisted|p2a: Forretress\n|-damage|p2a: Forretress|4\/100\n|-boost|p1a: Ogerpon|spe|1\n|move|p2a: Forretress|Body Press|p1a: Ogerpon\n|-damage|p1a: Ogerpon|34\/100\n|\n|upkeep\n|turn|13\n|\n|t:|1699206553\n|move|p1a: Ogerpon|Trailblaze|p2a: Forretress\n|-resisted|p2a: Forretress\n|-damage|p2a: Forretress|0 fnt\n|-boost|p1a: Ogerpon|spe|1\n|faint|p2a: Forretress\n|\n|upkeep\n|\n|t:|1699206598\n|switch|p2a: Muk|Muk-Alola, M|100\/100\n|turn|14\n|\n|t:|1699206612\n|move|p1a: Ogerpon|Ivy Cudgel|p2a: Muk\n|-crit|p2a: Muk\n|-damage|p2a: Muk|0 fnt\n|faint|p2a: Muk\n|\n|upkeep\n|c|\u2606mastershednija69|k\n|c|\u2606mastershednija69|u mother fucker\n|c| hatev2|you madafaka\n|\n|t:|1699206628\n|switch|p2a: Slaking|Slaking, F, tera:Normal|78\/100\n|turn|15\n|\n|t:|1699206634\n|move|p1a: Ogerpon|Ivy Cudgel|p2a: Slaking\n|-damage|p2a: Slaking|0 fnt\n|faint|p2a: Slaking\n|\n|upkeep\n|\n|t:|1699206639\n|switch|p2a: Dragapult|Dragapult, M|100\/100\n|turn|16\n|\n|t:|1699206649\n|move|p1a: Ogerpon|Ivy Cudgel|p2a: Dragapult\n|-resisted|p2a: Dragapult\n|-damage|p2a: Dragapult|14\/100\n|move|p2a: Dragapult|Flamethrower|p1a: Ogerpon\n|-damage|p1a: Ogerpon|0 fnt\n|faint|p1a: Ogerpon\n|-damage|p2a: Dragapult|5\/100|[from] item: Life Orb\n|\n|upkeep\n|\n|t:|1699206654\n|switch|p1a: Greninja|Greninja, M|71\/100\n|-damage|p1a: Greninja|58\/100|[from] Stealth Rock\n|-status|p1a: Greninja|psn\n|turn|17\n|\n|t:|1699206661\n|move|p2a: Dragapult|Protect|p2a: Dragapult\n|-singleturn|p2a: Dragapult|Protect\n|move|p1a: Greninja|Ice Beam|p2a: Dragapult\n|-activate|p2a: Dragapult|move: Protect\n|\n|-damage|p1a: Greninja|46\/100 psn|[from] psn\n|upkeep\n|turn|18\n|\n|t:|1699206668\n|move|p1a: Greninja|Ice Beam|p2a: Dragapult\n|-supereffective|p2a: Dragapult\n|-damage|p2a: Dragapult|0 fnt\n|faint|p2a: Dragapult\n|-ability|p1a: Greninja|Battle Bond|boost\n|-boost|p1a: Greninja|atk|1\n|-boost|p1a: Greninja|spa|1\n|-boost|p1a: Greninja|spe|1\n|-activate|p1a: Greninja|ability: Battle Bond\n|\n|-damage|p1a: Greninja|34\/100 psn|[from] psn\n|upkeep\n|\n|t:|1699206670\n|switch|p2a: Enamorus|Enamorus, F|21\/100\n|turn|19\n|\n|t:|1699206679\n|move|p1a: Greninja|Ice Beam|p2a: Enamorus\n|-supereffective|p2a: Enamorus\n|-damage|p2a: Enamorus|0 fnt\n|faint|p2a: Enamorus\n|\n|win|curtisthecacnea\n|c|\u2606curtisthecacnea|gg\n|c| hatev2|gg chat\n","uploadtime":1699206689,"views":18,"p1id":"curtisthecacnea","p2id":"mastershednija69","formatid":"gen9ubers","rating":0,"private":0,"password":""}