{"id":"gen9ubers-1989212134","p1":"1P1o1s1h1e1","p2":"Nitro524","format":"[Gen 9] Ubers","log":"|j|\u26061P1o1s1h1e1\n|j|\u2606Nitro524\n|t:|1699823963\n|gametype|singles\n|player|p1|1P1o1s1h1e1|2|\n|player|p2|Nitro524|hilbert|\n|teamsize|p1|6\n|teamsize|p2|6\n|gen|9\n|tier|[Gen 9] Ubers\n|rule|Sleep Clause Mod: Limit one foe put to sleep\n|rule|Species Clause: Limit one of each Pok\u00e9mon\n|rule|OHKO Clause: OHKO moves are banned\n|rule|Evasion Items Clause: Evasion items are banned\n|rule|Evasion Moves Clause: Evasion moves are banned\n|rule|Endless Battle Clause: Forcing endless battles is banned\n|rule|HP Percentage Mod: HP is shown in percentages\n|clearpoke\n|poke|p1|Rillaboom, F|\n|poke|p1|Espathra, M|\n|poke|p1|Sneasler, F|\n|poke|p1|Cyclizar, M|\n|poke|p1|Arceus-Fire|\n|poke|p1|Dialga-Origin|\n|poke|p2|Torkoal, M|\n|poke|p2|Chi-Yu|\n|poke|p2|Lilligant-Hisui, F|\n|poke|p2|Arceus-Fire|\n|poke|p2|Roaring Moon|\n|poke|p2|Walking Wake|\n|teampreview\n|inactive|Battle timer is ON: inactive players will automatically lose when time's up. (requested by Nitro524)\n|c|\u2606Nitro524|glhf\n|c|\u26061P1o1s1h1e1|glhf\n|\n|t:|1699823988\n|start\n|switch|p1a: Arceus|Arceus-Fire|100\/100\n|switch|p2a: Bring The Sun|Torkoal, M|100\/100\n|-weather|SunnyDay|[from] ability: Drought|[of] p2a: Bring The Sun\n|turn|1\n|\n|t:|1699823995\n|move|p1a: Arceus|Earth Power|p2a: Bring The Sun\n|-supereffective|p2a: Bring The Sun\n|-damage|p2a: Bring The Sun|30\/100\n|move|p2a: Bring The Sun|Yawn|p1a: Arceus\n|-start|p1a: Arceus|move: Yawn|[of] p2a: Bring The Sun\n|\n|-weather|SunnyDay|[upkeep]\n|upkeep\n|turn|2\n|\n|t:|1699824003\n|switch|p1a: Rillaboom|Rillaboom, F|100\/100\n|-fieldstart|move: Grassy Terrain|[from] ability: Grassy Surge|[of] p1a: Rillaboom\n|move|p2a: Bring The Sun|Stealth Rock|p1a: Rillaboom\n|-sidestart|p1: 1P1o1s1h1e1|move: Stealth Rock\n|\n|-weather|SunnyDay|[upkeep]\n|-heal|p2a: Bring The Sun|36\/100|[from] Grassy Terrain\n|upkeep\n|turn|3\n|\n|t:|1699824017\n|switch|p2a: Lilligant|Lilligant-Hisui, F|100\/100\n|move|p1a: Rillaboom|U-turn|p2a: Lilligant\n|-damage|p2a: Lilligant|45\/100\n|\n|t:|1699824037\n|switch|p1a: Sneasler|Sneasler, F, shiny|100\/100|[from] U-turn\n|-damage|p1a: Sneasler|95\/100|[from] Stealth Rock\n|-enditem|p1a: Sneasler|Grassy Seed\n|-boost|p1a: Sneasler|def|1|[from] item: Grassy Seed\n|\n|-weather|SunnyDay|[upkeep]\n|-heal|p1a: Sneasler|100\/100|[from] Grassy Terrain\n|-heal|p2a: Lilligant|51\/100|[from] Grassy Terrain\n|-heal|p2a: Lilligant|57\/100|[from] item: Leftovers\n|upkeep\n|turn|4\n|\n|t:|1699824063\n|switch|p2a: Arceus|Arceus-Fire|100\/100\n|move|p1a: Sneasler|Swords Dance|p1a: Sneasler\n|-boost|p1a: Sneasler|atk|2\n|\n|-weather|SunnyDay|[upkeep]\n|upkeep\n|turn|5\n|inactive|1P1o1s1h1e1 has 270 seconds left.\n|inactive|1P1o1s1h1e1 has 240 seconds left.\n|c|\u26061P1o1s1h1e1|shit loaded into a second game and my calcdex vanished lol\n|\n|t:|1699824134\n|-terastallize|p1a: Sneasler|Flying\n|move|p1a: Sneasler|Acrobatics|p2a: Arceus\n|-damage|p2a: Arceus|14\/100\n|move|p2a: Arceus|Flare Blitz|p1a: Sneasler\n|-damage|p1a: Sneasler|0 fnt\n|faint|p1a: Sneasler\n|-damage|p2a: Arceus|0 fnt|[from] Recoil\n|faint|p2a: Arceus\n|\n|-weather|SunnyDay|[upkeep]\n|upkeep\n|inactive|1P1o1s1h1e1 has 210 seconds left.\n|inactive|Nitro524 has 270 seconds left.\n|c|\u2606Nitro524|lmao ur good\n|\n|t:|1699824168\n|switch|p2a: Lilligant|Lilligant-Hisui, F|57\/100\n|switch|p1a: Dialga|Dialga-Origin|100\/100\n|-damage|p1a: Dialga|94\/100|[from] Stealth Rock\n|-ability|p1a: Dialga|Pressure\n|turn|6\n|inactive|Nitro524 has 270 seconds left.\n|\n|t:|1699824188\n|move|p2a: Lilligant|Victory Dance|p2a: Lilligant\n|-boost|p2a: Lilligant|atk|1\n|-boost|p2a: Lilligant|def|1\n|-boost|p2a: Lilligant|spe|1\n|move|p1a: Dialga|Dragon Tail|p2a: Lilligant|[miss]\n|-miss|p1a: Dialga|p2a: Lilligant\n|\n|-weather|SunnyDay|[upkeep]\n|-heal|p2a: Lilligant|63\/100|[from] Grassy Terrain\n|-heal|p2a: Lilligant|69\/100|[from] item: Leftovers\n|-heal|p1a: Dialga|100\/100|[from] Grassy Terrain\n|-fieldend|move: Grassy Terrain\n|upkeep\n|turn|7\n|inactive|1P1o1s1h1e1 has 210 seconds left.\n|c|\u2606Nitro524|damn\n|c|\u26061P1o1s1h1e1|i love this move\n|\n|t:|1699824207\n|move|p2a: Lilligant|Close Combat|p1a: Dialga\n|-supereffective|p1a: Dialga\n|-damage|p1a: Dialga|0 fnt\n|-unboost|p2a: Lilligant|def|1\n|-unboost|p2a: Lilligant|spd|1\n|faint|p1a: Dialga\n|\n|-weather|SunnyDay|[upkeep]\n|-heal|p2a: Lilligant|75\/100|[from] item: Leftovers\n|upkeep\n|c|\u2606Nitro524|so cool\n|\n|t:|1699824213\n|switch|p1a: Arceus|Arceus-Fire|100\/100\n|-damage|p1a: Arceus|76\/100|[from] Stealth Rock\n|turn|8\n|inactive|Nitro524 has 270 seconds left.\n|\n|t:|1699824228\n|move|p2a: Lilligant|Close Combat|p1a: Arceus\n|-damage|p1a: Arceus|17\/100\n|-unboost|p2a: Lilligant|def|1\n|-unboost|p2a: Lilligant|spd|1\n|move|p1a: Arceus|Judgment|p2a: Lilligant\n|-supereffective|p2a: Lilligant\n|-damage|p2a: Lilligant|0 fnt\n|faint|p2a: Lilligant\n|\n|-weather|none\n|upkeep\n|\n|t:|1699824234\n|switch|p2a: Bring The Sun|Torkoal, M|36\/100\n|-weather|SunnyDay|[from] ability: Drought|[of] p2a: Bring The Sun\n|turn|9\n|inactive|Nitro524 has 270 seconds left.\n|\n|t:|1699824244\n|move|p1a: Arceus|Recover|p1a: Arceus\n|-heal|p1a: Arceus|68\/100\n|move|p2a: Bring The Sun|Lava Plume|p1a: Arceus\n|-resisted|p1a: Arceus\n|-damage|p1a: Arceus|56\/100\n|\n|-weather|SunnyDay|[upkeep]\n|upkeep\n|turn|10\n|\n|t:|1699824252\n|move|p1a: Arceus|Earth Power|p2a: Bring The Sun\n|-supereffective|p2a: Bring The Sun\n|-damage|p2a: Bring The Sun|0 fnt\n|faint|p2a: Bring The Sun\n|\n|-weather|SunnyDay|[upkeep]\n|upkeep\n|\n|t:|1699824261\n|switch|p2a: Sitting Sleep|Walking Wake|100\/100\n|-activate|p2a: Sitting Sleep|ability: Protosynthesis\n|-start|p2a: Sitting Sleep|protosynthesisspe\n|turn|11\n|inactive|1P1o1s1h1e1 has 240 seconds left.\n|\n|t:|1699824270\n|switch|p1a: Cyclizar|Cyclizar, M|100\/100\n|move|p2a: Sitting Sleep|Hydro Steam|p1a: Cyclizar\n|-resisted|p1a: Cyclizar\n|-damage|p1a: Cyclizar|38\/100\n|\n|-weather|SunnyDay|[upkeep]\n|upkeep\n|turn|12\n|\n|t:|1699824276\n|move|p2a: Sitting Sleep|Hydro Steam|p1a: Cyclizar\n|-resisted|p1a: Cyclizar\n|-damage|p1a: Cyclizar|0 fnt\n|faint|p1a: Cyclizar\n|\n|-weather|SunnyDay|[upkeep]\n|upkeep\n|\n|t:|1699824279\n|switch|p1a: Rillaboom|Rillaboom, F|100\/100\n|-damage|p1a: Rillaboom|88\/100|[from] Stealth Rock\n|-fieldstart|move: Grassy Terrain|[from] ability: Grassy Surge|[of] p1a: Rillaboom\n|turn|13\n|\n|t:|1699824288\n|move|p2a: Sitting Sleep|Hydro Steam|p1a: Rillaboom\n|-resisted|p1a: Rillaboom\n|-damage|p1a: Rillaboom|30\/100\n|move|p1a: Rillaboom|Wood Hammer|p2a: Sitting Sleep\n|-damage|p2a: Sitting Sleep|0 fnt\n|faint|p2a: Sitting Sleep\n|-end|p2a: Sitting Sleep|Protosynthesis|[silent]\n|-damage|p1a: Rillaboom|0 fnt|[from] Recoil\n|faint|p1a: Rillaboom\n|\n|-weather|SunnyDay|[upkeep]\n|upkeep\n|\n|t:|1699824308\n|switch|p2a: Did Not Smile Back|Chi-Yu|100\/100\n|switch|p1a: Espathra|Espathra, M|100\/100\n|-ability|p2a: Did Not Smile Back|Beads of Ruin\n|-damage|p1a: Espathra|88\/100|[from] Stealth Rock\n|-enditem|p1a: Espathra|Grassy Seed\n|-boost|p1a: Espathra|def|1|[from] item: Grassy Seed\n|turn|14\n|\n|t:|1699824319\n|move|p1a: Espathra|Protect|p1a: Espathra\n|-singleturn|p1a: Espathra|Protect\n|move|p2a: Did Not Smile Back|Dark Pulse|p1a: Espathra\n|-activate|p1a: Espathra|move: Protect\n|\n|-weather|SunnyDay|[upkeep]\n|-heal|p1a: Espathra|94\/100|[from] Grassy Terrain\n|-ability|p1a: Espathra|Speed Boost|boost\n|-boost|p1a: Espathra|spe|1\n|upkeep\n|turn|15\n|\n|t:|1699824332\n|move|p2a: Did Not Smile Back|Dark Pulse|p1a: Espathra\n|-supereffective|p1a: Espathra\n|-damage|p1a: Espathra|0 fnt\n|faint|p1a: Espathra\n|\n|-weather|SunnyDay|[upkeep]\n|upkeep\n|\n|t:|1699824335\n|switch|p1a: Arceus|Arceus-Fire|56\/100\n|-damage|p1a: Arceus|31\/100|[from] Stealth Rock\n|turn|16\n|\n|t:|1699824337\n|move|p2a: Did Not Smile Back|Dark Pulse|p1a: Arceus\n|-damage|p1a: Arceus|0 fnt\n|faint|p1a: Arceus\n|\n|win|Nitro524\n|c|\u2606Nitro524|gg\n|c|\u26061P1o1s1h1e1|gg\n","uploadtime":1699824343,"views":16,"p1id":"1p1o1s1h1e1","p2id":"nitro524","formatid":"gen9ubers","rating":0,"private":0,"password":""}