{"id":"gen9ubers-1984171248","p1":"RyzEr Chris","p2":"Lass Starling","format":"[Gen 9] Ubers","log":"|j|\u2606RyzEr Chris\n|j|\u2606Lass Starling\n|t:|1699226203\n|gametype|singles\n|player|p1|RyzEr Chris|170|\n|player|p2|Lass Starling|lass-gen4dp|\n|teamsize|p1|6\n|teamsize|p2|6\n|gen|9\n|tier|[Gen 9] Ubers\n|rule|Sleep Clause Mod: Limit one foe put to sleep\n|rule|Species Clause: Limit one of each Pok\u00e9mon\n|rule|OHKO Clause: OHKO moves are banned\n|rule|Evasion Items Clause: Evasion items are banned\n|rule|Evasion Moves Clause: Evasion moves are banned\n|rule|Endless Battle Clause: Forcing endless battles is banned\n|rule|HP Percentage Mod: HP is shown in percentages\n|clearpoke\n|poke|p1|Eelektross, F|\n|poke|p1|Baxcalibur, M|\n|poke|p1|Annihilape, M|\n|poke|p1|Rillaboom, M|\n|poke|p1|Chi-Yu|\n|poke|p1|Amoonguss, M|\n|poke|p2|Iron Valiant|\n|poke|p2|Garchomp, F|\n|poke|p2|Tyranitar, F|\n|poke|p2|Volcanion|\n|poke|p2|Glimmora, F|\n|poke|p2|Greedent, F|\n|teampreview\n|c|\u2606RyzEr Chris|glhf\n|c|\u2606Lass Starling|glhf\n|j| IshaNn\n|j| KaoVT\n|c| KaoVT|go ogerpon enthusiast go!\n|j| Scottowo\n|j| hatev2\n|\n|t:|1699226354\n|start\n|switch|p1a: Chi-Yu|Chi-Yu|100\/100\n|switch|p2a: Tingus Lu|Glimmora, F, shiny|100\/100\n|-ability|p1a: Chi-Yu|Beads of Ruin\n|turn|1\n|\n|t:|1699226366\n|move|p1a: Chi-Yu|Psychic|p2a: Tingus Lu\n|-supereffective|p2a: Tingus Lu\n|-enditem|p2a: Tingus Lu|Focus Sash\n|-damage|p2a: Tingus Lu|1\/100\n|move|p2a: Tingus Lu|Power Gem|p1a: Chi-Yu\n|-supereffective|p1a: Chi-Yu\n|-damage|p1a: Chi-Yu|4\/100\n|\n|upkeep\n|turn|2\n|\n|t:|1699226398\n|switch|p2a: A9T|Tyranitar, F, shiny|100\/100\n|-weather|Sandstorm|[from] ability: Sand Stream|[of] p2a: A9T\n|move|p1a: Chi-Yu|Psychic|p2a: A9T\n|-immune|p2a: A9T\n|\n|-weather|Sandstorm|[upkeep]\n|-damage|p1a: Chi-Yu|0 fnt|[from] Sandstorm\n|faint|p1a: Chi-Yu\n|upkeep\n|c| hatev2|TINGUS PINGUS?\n|\n|t:|1699226436\n|switch|p1a: Rillaboom|Rillaboom, M|100\/100\n|-fieldstart|move: Grassy Terrain|[from] ability: Grassy Surge|[of] p1a: Rillaboom\n|turn|3\n|j| SunShinyReys\n|c| SunShinyReys|Ghoti down?? Oh no!\n|\n|t:|1699226474\n|switch|p2a: Tingus Lu|Glimmora, F, shiny|1\/100\n|move|p1a: Rillaboom|Wood Hammer|p2a: Tingus Lu\n|-damage|p2a: Tingus Lu|0 fnt\n|-activate|p2a: Tingus Lu|ability: Toxic Debris\n|-sidestart|p1: RyzEr Chris|move: Toxic Spikes\n|faint|p2a: Tingus Lu\n|-damage|p1a: Rillaboom|99\/100|[from] Recoil\n|\n|-weather|Sandstorm|[upkeep]\n|-damage|p1a: Rillaboom|94\/100|[from] Sandstorm\n|-heal|p1a: Rillaboom|99\/100|[from] Grassy Terrain\n|upkeep\n|\n|t:|1699226526\n|switch|p2a: Not you you stay|Volcanion|100\/100\n|turn|4\n|\n|t:|1699226542\n|move|p1a: Rillaboom|Wood Hammer|p2a: Not you you stay\n|-damage|p2a: Not you you stay|0 fnt\n|faint|p2a: Not you you stay\n|-damage|p1a: Rillaboom|65\/100|[from] Recoil\n|\n|-weather|Sandstorm|[upkeep]\n|-damage|p1a: Rillaboom|59\/100|[from] Sandstorm\n|-heal|p1a: Rillaboom|65\/100|[from] Grassy Terrain\n|upkeep\n|\n|t:|1699226605\n|switch|p2a: Dokapon-HF|Garchomp, F, shiny|100\/100\n|turn|5\n|\n|t:|1699226641\n|switch|p1a: Amoonguss|Amoonguss, M|100\/100\n|-sideend|p1: RyzEr Chris|move: Toxic Spikes|[of] p1a: Amoonguss\n|move|p2a: Dokapon-HF|Dragon Claw|p1a: Amoonguss\n|-damage|p1a: Amoonguss|62\/100\n|-enditem|p1a: Amoonguss|Red Card|[of] p2a: Dokapon-HF\n|drag|p2a: A9T|Tyranitar, F, shiny|100\/100\n|\n|-weather|Sandstorm|[upkeep]\n|-damage|p1a: Amoonguss|56\/100|[from] Sandstorm\n|-heal|p1a: Amoonguss|62\/100|[from] Grassy Terrain\n|upkeep\n|turn|6\n|\n|t:|1699226709\n|move|p2a: A9T|Rock Slide|p1a: Amoonguss|[miss]\n|-miss|p2a: A9T|p1a: Amoonguss\n|move|p1a: Amoonguss|Toxic|p2a: A9T\n|-status|p2a: A9T|tox\n|\n|-weather|none\n|-heal|p1a: Amoonguss|69\/100|[from] Grassy Terrain\n|-damage|p2a: A9T|94\/100 tox|[from] psn\n|upkeep\n|turn|7\n|\n|t:|1699226757\n|switch|p1a: Wukong|Annihilape, M, shiny|100\/100\n|move|p2a: A9T|Rock Slide|p1a: Wukong\n|-resisted|p1a: Wukong\n|-damage|p1a: Wukong|79\/100\n|\n|-heal|p1a: Wukong|85\/100|[from] Grassy Terrain\n|-heal|p2a: A9T|100\/100 tox|[from] Grassy Terrain\n|-damage|p2a: A9T|88\/100 tox|[from] psn\n|-fieldend|move: Grassy Terrain\n|upkeep\n|turn|8\n|\n|t:|1699226840\n|switch|p2a: Dwagapuwt|Iron Valiant, shiny|100\/100\n|move|p1a: Wukong|Rage Fist|p2a: Dwagapuwt\n|-damage|p2a: Dwagapuwt|37\/100\n|\n|upkeep\n|turn|9\n|c|\u2606Lass Starling|did you just like\n|c|\u2606Lass Starling|band every single mon\n|c|\u2606Lass Starling|lol\n|\n|t:|1699226937\n|move|p2a: Dwagapuwt|Moonblast|p1a: Wukong\n|-supereffective|p1a: Wukong\n|-damage|p1a: Wukong|17\/100\n|move|p1a: Wukong|Drain Punch|p2a: Dwagapuwt\n|-resisted|p2a: Dwagapuwt\n|-damage|p2a: Dwagapuwt|11\/100\n|-heal|p1a: Wukong|26\/100|[from] drain|[of] p2a: Dwagapuwt\n|\n|upkeep\n|turn|10\n|\n|t:|1699226950\n|switch|p1a: Eelektross|Eelektross, F|100\/100\n|move|p2a: Dwagapuwt|Shadow Ball|p1a: Eelektross\n|-damage|p1a: Eelektross|87\/100\n|\n|upkeep\n|turn|11\n|c|\u2606RyzEr Chris|idk\n|c|\u2606RyzEr Chris|did i\n|c|\u2606RyzEr Chris|xd\n|\n|t:|1699227009\n|move|p2a: Dwagapuwt|Moonblast|p1a: Eelektross\n|-damage|p1a: Eelektross|63\/100\n|-unboost|p1a: Eelektross|spa|1\n|move|p1a: Eelektross|U-turn|p2a: Dwagapuwt\n|-resisted|p2a: Dwagapuwt\n|-damage|p2a: Dwagapuwt|6\/100\n|\n|t:|1699227026\n|switch|p1a: Rillaboom|Rillaboom, M|65\/100|[from] U-turn\n|-fieldstart|move: Grassy Terrain|[from] ability: Grassy Surge|[of] p1a: Rillaboom\n|\n|-heal|p2a: Dwagapuwt|12\/100|[from] Grassy Terrain\n|-heal|p1a: Rillaboom|71\/100|[from] Grassy Terrain\n|upkeep\n|turn|12\n|\n|t:|1699227039\n|switch|p1a: Eelektross|Eelektross, F|63\/100\n|move|p2a: Dwagapuwt|Moonblast|p1a: Eelektross\n|-damage|p1a: Eelektross|34\/100\n|-unboost|p1a: Eelektross|spa|1\n|\n|-heal|p2a: Dwagapuwt|18\/100|[from] Grassy Terrain\n|upkeep\n|turn|13\n|\n|t:|1699227066\n|switch|p1a: Amoonguss|Amoonguss, M|100\/100\n|move|p2a: Dwagapuwt|Moonblast|p1a: Amoonguss\n|-resisted|p1a: Amoonguss\n|-damage|p1a: Amoonguss|80\/100\n|\n|-heal|p2a: Dwagapuwt|24\/100|[from] Grassy Terrain\n|-heal|p1a: Amoonguss|87\/100|[from] Grassy Terrain\n|upkeep\n|turn|14\n|\n|t:|1699227124\n|move|p2a: Dwagapuwt|Substitute|p2a: Dwagapuwt\n|-fail|p2a: Dwagapuwt|move: Substitute|[weak]\n|move|p1a: Amoonguss|Sludge Bomb|p2a: Dwagapuwt\n|-supereffective|p2a: Dwagapuwt\n|-damage|p2a: Dwagapuwt|0 fnt\n|faint|p2a: Dwagapuwt\n|-end|p2a: Dwagapuwt|Quark Drive|[silent]\n|\n|-heal|p1a: Amoonguss|93\/100|[from] Grassy Terrain\n|upkeep\n|\n|t:|1699227168\n|switch|p2a: Dokapon-HF|Garchomp, F, shiny|100\/100\n|turn|15\n|\n|t:|1699227174\n|move|p2a: Dokapon-HF|Stealth Rock|p1a: Amoonguss\n|-sidestart|p1: RyzEr Chris|move: Stealth Rock\n|move|p1a: Amoonguss|Spore|p2a: Dokapon-HF\n|-status|p2a: Dokapon-HF|slp|[from] move: Spore\n|\n|-heal|p1a: Amoonguss|99\/100|[from] Grassy Terrain\n|-fieldend|move: Grassy Terrain\n|upkeep\n|turn|16\n|\n|t:|1699227183\n|switch|p1a: Rillaboom|Rillaboom, M|71\/100\n|-damage|p1a: Rillaboom|59\/100|[from] Stealth Rock\n|-fieldstart|move: Grassy Terrain|[from] ability: Grassy Surge|[of] p1a: Rillaboom\n|cant|p2a: Dokapon-HF|slp\n|\n|-heal|p1a: Rillaboom|65\/100|[from] Grassy Terrain\n|upkeep\n|turn|17\n|\n|t:|1699227225\n|-curestatus|p2a: Dokapon-HF|slp|[msg]\n|move|p2a: Dokapon-HF|Dragon Claw|p1a: Rillaboom\n|-damage|p1a: Rillaboom|16\/100\n|move|p1a: Rillaboom|Wood Hammer|p2a: Dokapon-HF\n|-damage|p2a: Dokapon-HF|0 fnt\n|-damage|p1a: Rillaboom|3\/100|[from] ability: Rough Skin|[of] p2a: Dokapon-HF\n|-damage|p1a: Rillaboom|0 fnt|[from] item: Rocky Helmet|[of] p2a: Dokapon-HF\n|faint|p2a: Dokapon-HF\n|faint|p1a: Rillaboom\n|\n|upkeep\n|\n|t:|1699227248\n|switch|p2a: A9T|Tyranitar, F, shiny|88\/100 tox\n|switch|p1a: Wukong|Annihilape, M, shiny|26\/100\n|-damage|p1a: Wukong|20\/100|[from] Stealth Rock\n|-weather|Sandstorm|[from] ability: Sand Stream|[of] p2a: A9T\n|turn|18\n|c| KaoVT|HUGE wakeup fw\n|c|\u2606RyzEr Chris|that wakeup was v huge\n|\n|t:|1699227324\n|move|p1a: Wukong|Drain Punch|p2a: A9T\n|-supereffective|p2a: A9T\n|-damage|p2a: A9T|0 fnt\n|-heal|p1a: Wukong|62\/100|[from] drain|[of] p2a: A9T\n|faint|p2a: A9T\n|\n|-weather|Sandstorm|[upkeep]\n|-damage|p1a: Wukong|55\/100|[from] Sandstorm\n|-heal|p1a: Wukong|62\/100|[from] Grassy Terrain\n|upkeep\n|\n|t:|1699227336\n|switch|p2a: the RAT|Greedent, F, shiny|100\/100\n|turn|19\n|\n|t:|1699227345\n|-terastallize|p2a: the RAT|Fairy\n|move|p1a: Wukong|Drain Punch|p2a: the RAT\n|-resisted|p2a: the RAT\n|-damage|p2a: the RAT|86\/100\n|-heal|p1a: Wukong|69\/100|[from] drain|[of] p2a: the RAT\n|move|p2a: the RAT|Tera Blast|p1a: Wukong|[anim] Tera Blast Fairy\n|-supereffective|p1a: Wukong\n|-damage|p1a: Wukong|0 fnt\n|faint|p1a: Wukong\n|\n|-weather|Sandstorm|[upkeep]\n|-damage|p2a: the RAT|80\/100|[from] Sandstorm\n|-heal|p2a: the RAT|86\/100|[from] Grassy Terrain\n|upkeep\n|c| Scottowo|big rodent\n|\n|t:|1699227360\n|switch|p1a: Amoonguss|Amoonguss, M|100\/100\n|-damage|p1a: Amoonguss|88\/100|[from] Stealth Rock\n|turn|20\n|\n|t:|1699227386\n|move|p1a: Amoonguss|Toxic|p2a: the RAT\n|-status|p2a: the RAT|tox\n|move|p2a: the RAT|Swords Dance|p2a: the RAT\n|-boost|p2a: the RAT|atk|2\n|\n|-weather|Sandstorm|[upkeep]\n|-damage|p1a: Amoonguss|82\/100|[from] Sandstorm\n|-damage|p2a: the RAT|80\/100 tox|[from] Sandstorm\n|-heal|p1a: Amoonguss|88\/100|[from] Grassy Terrain\n|-heal|p2a: the RAT|86\/100 tox|[from] Grassy Terrain\n|-damage|p2a: the RAT|80\/100 tox|[from] psn\n|-fieldend|move: Grassy Terrain\n|upkeep\n|turn|21\n|\n|t:|1699227445\n|move|p1a: Amoonguss|Clear Smog|p2a: the RAT\n|-supereffective|p2a: the RAT\n|-crit|p2a: the RAT\n|-damage|p2a: the RAT|32\/100 tox\n|-clearboost|p2a: the RAT\n|-enditem|p2a: the RAT|Sitrus Berry|[eat]\n|-heal|p2a: the RAT|57\/100 tox|[from] item: Sitrus Berry\n|-heal|p2a: the RAT|90\/100 tox|[from] ability: Cheek Pouch\n|move|p2a: the RAT|Body Slam|p1a: Amoonguss\n|-damage|p1a: Amoonguss|56\/100\n|-status|p1a: Amoonguss|par\n|\n|-weather|Sandstorm|[upkeep]\n|-damage|p2a: the RAT|84\/100 tox|[from] Sandstorm\n|-damage|p1a: Amoonguss|50\/100 par|[from] Sandstorm\n|-damage|p2a: the RAT|72\/100 tox|[from] psn\n|upkeep\n|turn|22\n|\n|t:|1699227473\n|move|p2a: the RAT|Swords Dance|p2a: the RAT\n|-boost|p2a: the RAT|atk|2\n|move|p1a: Amoonguss|Sludge Bomb|p2a: the RAT\n|-supereffective|p2a: the RAT\n|-damage|p2a: the RAT|16\/100 tox\n|\n|-weather|none\n|-damage|p2a: the RAT|0 fnt|[from] psn\n|faint|p2a: the RAT\n|\n|win|RyzEr Chris\n|upkeep\n|c|\u2606RyzEr Chris|gg\n|c|\u2606RyzEr Chris|i misplayed\n|c|\u2606RyzEr Chris|so bad\n|l| KaoVT\n|c|\u2606RyzEr Chris|so many times\n|l| Scottowo\n|c|\u2606Lass Starling|k\n|l|\u2606Lass Starling\n|c|\u2606RyzEr Chris|??\n|l|\u2606RyzEr Chris\n|j|\u2606RyzEr Chris\n|player|p1|RyzEr Chris|170\n","uploadtime":1699227497,"views":15,"p1id":"ryzerchris","p2id":"lassstarling","formatid":"gen9ubers","rating":0,"private":0,"password":""}