{"id":"gen9ubers-1997351176","p1":"wauel","p2":"PikaMelon3","format":"[Gen 9] Ubers","log":"|j|\u2606wauel\n|j|\u2606PikaMelon3\n|t:|1700792889\n|gametype|singles\n|player|p1|wauel|169|1041\n|player|p2|PikaMelon3|cynthia|1058\n|teamsize|p1|6\n|teamsize|p2|3\n|gen|9\n|tier|[Gen 9] Ubers\n|rated|\n|rule|Sleep Clause Mod: Limit one foe put to sleep\n|rule|Species Clause: Limit one of each Pok\u00e9mon\n|rule|OHKO Clause: OHKO moves are banned\n|rule|Evasion Items Clause: Evasion items are banned\n|rule|Evasion Moves Clause: Evasion moves are banned\n|rule|Endless Battle Clause: Forcing endless battles is banned\n|rule|HP Percentage Mod: HP is shown in percentages\n|clearpoke\n|poke|p1|Maushold|\n|poke|p1|Arceus-Water|\n|poke|p1|Gengar, F|\n|poke|p1|Dragonite, M|\n|poke|p1|Espathra, F|\n|poke|p1|Houndstone, M|\n|poke|p2|Koraidon|\n|poke|p2|Meowscarada, M|\n|poke|p2|Dragapult, F|\n|teampreview\n|\n|t:|1700792912\n|start\n|switch|p1a: Dragonite|Dragonite, M|100\/100\n|switch|p2a: Koraidon|Koraidon|100\/100\n|-weather|SunnyDay|[from] ability: Orichalcum Pulse|[of] p2a: Koraidon\n|-activate|p2a: Koraidon|Orichalcum Pulse|[source]\n|turn|1\n|\n|t:|1700792936\n|move|p2a: Koraidon|Iron Head|p1a: Dragonite\n|-damage|p1a: Dragonite|77\/100\n|move|p1a: Dragonite|Scale Shot|p2a: Koraidon\n|-supereffective|p2a: Koraidon\n|-damage|p2a: Koraidon|78\/100\n|-supereffective|p2a: Koraidon\n|-damage|p2a: Koraidon|54\/100\n|-supereffective|p2a: Koraidon\n|-damage|p2a: Koraidon|30\/100\n|-hitcount|p2a: Koraidon|3\n|-unboost|p1a: Dragonite|def|1\n|-boost|p1a: Dragonite|spe|1\n|\n|-weather|SunnyDay|[upkeep]\n|upkeep\n|turn|2\n|\n|t:|1700792948\n|move|p1a: Dragonite|Scale Shot|p2a: Koraidon\n|-supereffective|p2a: Koraidon\n|-damage|p2a: Koraidon|8\/100\n|-supereffective|p2a: Koraidon\n|-damage|p2a: Koraidon|0 fnt\n|faint|p2a: Koraidon\n|-hitcount|p2: Koraidon|2\n|-unboost|p1a: Dragonite|def|1\n|-boost|p1a: Dragonite|spe|1\n|\n|-weather|SunnyDay|[upkeep]\n|upkeep\n|\n|t:|1700792955\n|switch|p2a: Dragapult|Dragapult, F|100\/100\n|turn|3\n|\n|t:|1700792959\n|move|p1a: Dragonite|Scale Shot|p2a: Dragapult\n|-supereffective|p2a: Dragapult\n|-damage|p2a: Dragapult|62\/100\n|-supereffective|p2a: Dragapult\n|-damage|p2a: Dragapult|18\/100\n|-hitcount|p2a: Dragapult|2\n|-unboost|p1a: Dragonite|def|1\n|-boost|p1a: Dragonite|spe|1\n|move|p2a: Dragapult|Dragon Darts|p1a: Dragonite\n|-supereffective|p1a: Dragonite\n|-damage|p1a: Dragonite|0 fnt\n|faint|p1a: Dragonite\n|\n|-weather|SunnyDay|[upkeep]\n|upkeep\n|\n|t:|1700792983\n|switch|p1a: Maushold|Maushold|100\/100\n|turn|4\n|\n|t:|1700792989\n|move|p2a: Dragapult|Acrobatics|p1a: Maushold\n|-damage|p1a: Maushold|46\/100\n|move|p1a: Maushold|Tidy Up|p1a: Maushold\n|-boost|p1a: Maushold|atk|1\n|-boost|p1a: Maushold|spe|1\n|\n|-weather|SunnyDay|[upkeep]\n|upkeep\n|turn|5\n|\n|t:|1700792996\n|move|p1a: Maushold|Population Bomb|p2a: Dragapult\n|-immune|p2a: Dragapult\n|move|p2a: Dragapult|Acrobatics|p1a: Maushold\n|-damage|p1a: Maushold|0 fnt\n|faint|p1a: Maushold\n|\n|-weather|none\n|upkeep\n|\n|t:|1700793004\n|switch|p1a: Gengar|Gengar, F|100\/100\n|turn|6\n|\n|t:|1700793008\n|move|p2a: Dragapult|Phantom Force||[still]\n|-prepare|p2a: Dragapult|Phantom Force\n|move|p1a: Gengar|Dark Pulse|p2a: Dragapult|[miss]\n|-miss|p1a: Gengar|p2a: Dragapult\n|\n|upkeep\n|turn|7\n|\n|t:|1700793013\n|move|p2a: Dragapult|Phantom Force|p1a: Gengar|[from]lockedmove\n|-supereffective|p1a: Gengar\n|-damage|p1a: Gengar|0 fnt\n|faint|p1a: Gengar\n|\n|upkeep\n|\n|t:|1700793020\n|switch|p1a: Espathra|Espathra, F|100\/100\n|turn|8\n|\n|t:|1700793025\n|move|p1a: Espathra|Protect|p1a: Espathra\n|-singleturn|p1a: Espathra|Protect\n|move|p2a: Dragapult|Phantom Force||[still]\n|-prepare|p2a: Dragapult|Phantom Force\n|\n|-ability|p1a: Espathra|Speed Boost|boost\n|-boost|p1a: Espathra|spe|1\n|upkeep\n|turn|9\n|\n|t:|1700793032\n|move|p1a: Espathra|Calm Mind|p1a: Espathra\n|-boost|p1a: Espathra|spa|1\n|-boost|p1a: Espathra|spd|1\n|move|p2a: Dragapult|Phantom Force|p1a: Espathra|[from]lockedmove\n|-supereffective|p1a: Espathra\n|-damage|p1a: Espathra|0 fnt\n|faint|p1a: Espathra\n|\n|upkeep\n|\n|t:|1700793039\n|switch|p1a: Arceus|Arceus-Water|100\/100\n|turn|10\n|\n|t:|1700793042\n|move|p1a: Arceus|Extreme Speed|p2a: Dragapult\n|-immune|p2a: Dragapult\n|move|p2a: Dragapult|Phantom Force||[still]\n|-prepare|p2a: Dragapult|Phantom Force\n|\n|upkeep\n|turn|11\n|\n|t:|1700793048\n|move|p2a: Dragapult|Phantom Force|p1a: Arceus|[from]lockedmove\n|-damage|p1a: Arceus|73\/100\n|move|p1a: Arceus|Shadow Claw|p2a: Dragapult\n|-supereffective|p2a: Dragapult\n|-damage|p2a: Dragapult|0 fnt\n|faint|p2a: Dragapult\n|\n|upkeep\n|\n|t:|1700793054\n|switch|p2a: Meowscarada|Meowscarada, M|100\/100\n|turn|12\n|\n|t:|1700793060\n|-terastallize|p2a: Meowscarada|Grass\n|move|p2a: Meowscarada|Flower Trick|p1a: Arceus\n|-supereffective|p1a: Arceus\n|-crit|p1a: Arceus\n|-damage|p1a: Arceus|0 fnt\n|faint|p1a: Arceus\n|\n|upkeep\n|\n|t:|1700793068\n|switch|p1a: Houndstone|Houndstone, M|100\/100\n|turn|13\n|\n|t:|1700793085\n|move|p2a: Meowscarada|Foul Play|p1a: Houndstone\n|-supereffective|p1a: Houndstone\n|-damage|p1a: Houndstone|1\/100\n|move|p1a: Houndstone|Fire Fang|p2a: Meowscarada\n|-supereffective|p2a: Meowscarada\n|-damage|p2a: Meowscarada|45\/100\n|\n|upkeep\n|turn|14\n|\n|t:|1700793100\n|move|p2a: Meowscarada|Foul Play|p1a: Houndstone\n|-supereffective|p1a: Houndstone\n|-damage|p1a: Houndstone|0 fnt\n|faint|p1a: Houndstone\n|\n|win|PikaMelon3\n|raw|wauel's rating: 1041 &rarr; <strong>1026<\/strong><br \/>(-15 for losing)\n|raw|PikaMelon3's rating: 1058 &rarr; <strong>1088<\/strong><br \/>(+30 for winning)\n|l|\u2606wauel\n","uploadtime":1700793113,"views":5,"p1id":"wauel","p2id":"pikamelon3","formatid":"gen9ubers","rating":1026,"private":0,"password":""}