{"id":"gen9ubers-1999205419","p1":"best dk","p2":"SuezGod","format":"[Gen 9] Ubers","log":"|j|\u2606best dk\n|j|\u2606SuezGod\n|t:|1701045230\n|gametype|singles\n|player|p1|best dk|1|\n|player|p2|SuezGod|roughneck-gen4|\n|teamsize|p1|6\n|teamsize|p2|6\n|gen|9\n|tier|[Gen 9] Ubers\n|rule|Sleep Clause Mod: Limit one foe put to sleep\n|rule|Species Clause: Limit one of each Pok\u00e9mon\n|rule|OHKO Clause: OHKO moves are banned\n|rule|Evasion Items Clause: Evasion items are banned\n|rule|Evasion Moves Clause: Evasion moves are banned\n|rule|Endless Battle Clause: Forcing endless battles is banned\n|rule|HP Percentage Mod: HP is shown in percentages\n|clearpoke\n|poke|p1|Volcarona, F|\n|poke|p1|Rotom-Wash|\n|poke|p1|Clefable, M|\n|poke|p1|Hoopa-Unbound|\n|poke|p1|Mamoswine, F|\n|poke|p1|Forretress, F|\n|poke|p2|Clodsire, M|\n|poke|p2|Scizor, F|\n|poke|p2|Rotom-Mow|\n|poke|p2|Garchomp, F|\n|poke|p2|Iron Hands|\n|poke|p2|Articuno|\n|teampreview\n|\n|t:|1701045252\n|start\n|switch|p1a: the brain|Forretress, F|100\/100\n|switch|p2a: mike|Iron Hands|100\/100\n|turn|1\n|\n|t:|1701045276\n|-end|p2a: mike|Quark Drive|[silent]\n|switch|p2a: dadmilk7|Clodsire, M|100\/100\n|move|p1a: the brain|Spikes|p2a: dadmilk7\n|-sidestart|p2: SuezGod|Spikes\n|\n|upkeep\n|turn|2\n|\n|t:|1701045287\n|move|p1a: the brain|Spikes|p2a: dadmilk7\n|-sidestart|p2: SuezGod|Spikes\n|move|p2a: dadmilk7|Spikes|p1a: the brain\n|-sidestart|p1: best dk|Spikes\n|\n|upkeep\n|turn|3\n|c|\u2606best dk|u do not want to trade spikes lol\n|\n|t:|1701045303\n|move|p1a: the brain|Spikes|p2a: dadmilk7\n|-sidestart|p2: SuezGod|Spikes\n|move|p2a: dadmilk7|Spikes|p1a: the brain\n|-sidestart|p1: best dk|Spikes\n|\n|upkeep\n|turn|4\n|\n|t:|1701045309\n|switch|p2a: jim|Articuno|100\/100\n|-ability|p2a: jim|Pressure\n|move|p1a: the brain|Rapid Spin|p2a: jim\n|-damage|p2a: jim|90\/100\n|-boost|p1a: the brain|spe|1\n|-sideend|p1: best dk|Spikes|[from] move: Rapid Spin|[of] p1a: the brain\n|\n|upkeep\n|turn|5\n|\n|t:|1701045339\n|move|p2a: jim|U-turn|p1a: the brain\n|-resisted|p1a: the brain\n|-damage|p1a: the brain|97\/100\n|-damage|p2a: jim|73\/100|[from] item: Rocky Helmet|[of] p1a: the brain\n|\n|t:|1701045353\n|switch|p2a: timmy|Scizor, F|100\/100|[from] U-turn\n|-damage|p2a: timmy|75\/100|[from] Spikes\n|move|p1a: the brain|Volt Switch|p2a: timmy\n|-damage|p2a: timmy|64\/100\n|j| mucheeezy\n|c|\u2606SuezGod|i am inting fuck\n|\n|t:|1701045370\n|switch|p1a: Tricot Appliance|Rotom-Wash|100\/100|[from] Volt Switch\n|\n|upkeep\n|turn|6\n|\n|t:|1701045382\n|move|p1a: Tricot Appliance|Will-O-Wisp|p2a: timmy\n|-status|p2a: timmy|brn\n|move|p2a: timmy|Defog|p1a: Tricot Appliance\n|-unboost|p1a: Tricot Appliance|evasion|1\n|-sideend|p2: SuezGod|Spikes|[from] move: Defog|[of] p2a: timmy\n|\n|-damage|p2a: timmy|58\/100 brn|[from] brn\n|upkeep\n|turn|7\n|\n|t:|1701045396\n|switch|p2a: THECLEANER|Garchomp, F|100\/100\n|move|p1a: Tricot Appliance|Hydro Pump|p2a: THECLEANER\n|-damage|p2a: THECLEANER|61\/100\n|\n|upkeep\n|turn|8\n|\n|t:|1701045405\n|move|p2a: THECLEANER|Swords Dance|p2a: THECLEANER\n|-boost|p2a: THECLEANER|atk|2\n|move|p1a: Tricot Appliance|Will-O-Wisp|p2a: THECLEANER\n|-status|p2a: THECLEANER|brn\n|\n|-damage|p2a: THECLEANER|55\/100 brn|[from] brn\n|upkeep\n|turn|9\n|\n|t:|1701045416\n|move|p2a: THECLEANER|Scale Shot|p1a: Tricot Appliance\n|-damage|p1a: Tricot Appliance|89\/100\n|-damage|p1a: Tricot Appliance|79\/100\n|-damage|p1a: Tricot Appliance|69\/100\n|-damage|p1a: Tricot Appliance|58\/100\n|-damage|p1a: Tricot Appliance|47\/100\n|-hitcount|p1a: Tricot Appliance|5\n|-unboost|p2a: THECLEANER|def|1\n|-boost|p2a: THECLEANER|spe|1\n|move|p1a: Tricot Appliance|Hydro Pump|p2a: THECLEANER\n|-damage|p2a: THECLEANER|19\/100 brn\n|\n|-heal|p1a: Tricot Appliance|53\/100|[from] item: Leftovers\n|-damage|p2a: THECLEANER|13\/100 brn|[from] brn\n|upkeep\n|turn|10\n|\n|t:|1701045448\n|switch|p2a: jim|Articuno|73\/100\n|-ability|p2a: jim|Pressure\n|move|p1a: Tricot Appliance|Protect||[still]\n|-fail|p1a: Tricot Appliance\n|\n|-heal|p1a: Tricot Appliance|60\/100|[from] item: Leftovers\n|upkeep\n|turn|11\n|\n|t:|1701045458\n|move|p1a: Tricot Appliance|Protect|p1a: Tricot Appliance\n|-singleturn|p1a: Tricot Appliance|Protect\n|move|p2a: jim|Freeze-Dry|p1a: Tricot Appliance\n|-activate|p1a: Tricot Appliance|move: Protect\n|\n|-heal|p1a: Tricot Appliance|66\/100|[from] item: Leftovers\n|upkeep\n|turn|12\n|\n|t:|1701045474\n|switch|p1a: the brain|Forretress, F|97\/100\n|move|p2a: jim|Reflect|p2a: jim\n|-sidestart|p2: SuezGod|Reflect\n|\n|upkeep\n|turn|13\n|\n|t:|1701045486\n|move|p2a: jim|U-turn|p1a: the brain\n|-resisted|p1a: the brain\n|-damage|p1a: the brain|94\/100\n|-damage|p2a: jim|57\/100|[from] item: Rocky Helmet|[of] p1a: the brain\n|\n|t:|1701045491\n|switch|p2a: Dale|Rotom-Mow|100\/100|[from] U-turn\n|move|p1a: the brain|Spikes|p2a: Dale\n|-sidestart|p2: SuezGod|Spikes\n|\n|upkeep\n|turn|14\n|\n|t:|1701045508\n|move|p2a: Dale|Trick|p1a: the brain\n|-activate|p2a: Dale|move: Trick|[of] p1a: the brain\n|-item|p1a: the brain|Choice Scarf|[from] move: Trick\n|-item|p2a: Dale|Rocky Helmet|[from] move: Trick\n|move|p1a: the brain|Volt Switch|p2a: Dale\n|-resisted|p2a: Dale\n|-damage|p2a: Dale|97\/100\n|\n|t:|1701045526\n|switch|p1a: wormy|Volcarona, F, shiny|100\/100|[from] Volt Switch\n|\n|upkeep\n|turn|15\n|\n|t:|1701045539\n|switch|p2a: mike|Iron Hands|100\/100\n|-damage|p2a: mike|88\/100|[from] Spikes\n|move|p1a: wormy|Quiver Dance|p1a: wormy\n|-boost|p1a: wormy|spa|1\n|-boost|p1a: wormy|spd|1\n|-boost|p1a: wormy|spe|1\n|\n|-heal|p2a: mike|94\/100|[from] item: Leftovers\n|upkeep\n|turn|16\n|j| pbrake12\n|c| pbrake12|lets go mike\n|\n|t:|1701045573\n|switch|p1a: Tricot Appliance|Rotom-Wash|66\/100\n|move|p2a: mike|Drain Punch|p1a: Tricot Appliance\n|-damage|p1a: Tricot Appliance|28\/100\n|-heal|p2a: mike|100\/100|[from] drain|[of] p1a: Tricot Appliance\n|\n|-heal|p1a: Tricot Appliance|35\/100|[from] item: Leftovers\n|-sideend|p2: SuezGod|Reflect\n|upkeep\n|turn|17\n|\n|t:|1701045583\n|move|p1a: Tricot Appliance|Protect|p1a: Tricot Appliance\n|-singleturn|p1a: Tricot Appliance|Protect\n|move|p2a: mike|Drain Punch|p1a: Tricot Appliance\n|-activate|p1a: Tricot Appliance|move: Protect\n|\n|-heal|p1a: Tricot Appliance|41\/100|[from] item: Leftovers\n|upkeep\n|turn|18\n|\n|t:|1701045595\n|move|p1a: Tricot Appliance|Will-O-Wisp|p2a: mike\n|-status|p2a: mike|brn\n|move|p2a: mike|Thunder Punch|p1a: Tricot Appliance\n|-crit|p1a: Tricot Appliance\n|-damage|p1a: Tricot Appliance|15\/100\n|\n|-heal|p1a: Tricot Appliance|22\/100|[from] item: Leftovers\n|-damage|p2a: mike|94\/100 brn|[from] brn\n|upkeep\n|turn|19\n|\n|t:|1701045604\n|move|p1a: Tricot Appliance|Protect|p1a: Tricot Appliance\n|-singleturn|p1a: Tricot Appliance|Protect\n|move|p2a: mike|Drain Punch|p1a: Tricot Appliance\n|-activate|p1a: Tricot Appliance|move: Protect\n|\n|-heal|p1a: Tricot Appliance|28\/100|[from] item: Leftovers\n|-heal|p2a: mike|100\/100 brn|[from] item: Leftovers\n|-damage|p2a: mike|94\/100 brn|[from] brn\n|upkeep\n|turn|20\n|\n|t:|1701045613\n|move|p1a: Tricot Appliance|Volt Switch|p2a: mike\n|-resisted|p2a: mike\n|-damage|p2a: mike|84\/100 brn\n|\n|t:|1701045630\n|switch|p1a: Big Pig|Mamoswine, F|100\/100|[from] Volt Switch\n|move|p2a: mike|Drain Punch|p1a: Big Pig\n|-supereffective|p1a: Big Pig\n|-damage|p1a: Big Pig|49\/100\n|-heal|p2a: mike|100\/100 brn|[from] drain|[of] p1a: Big Pig\n|\n|-damage|p2a: mike|94\/100 brn|[from] brn\n|upkeep\n|turn|21\n|c| pbrake12|DAMN\n|c| pbrake12|mike a strong mf\n|\n|t:|1701045644\n|switch|p1a: Wingy|Clefable, M|100\/100\n|move|p2a: mike|Drain Punch|p1a: Wingy\n|-resisted|p1a: Wingy\n|-damage|p1a: Wingy|91\/100\n|-heal|p2a: mike|98\/100 brn|[from] drain|[of] p1a: Wingy\n|\n|-heal|p1a: Wingy|97\/100|[from] item: Leftovers\n|-heal|p2a: mike|100\/100 brn|[from] item: Leftovers\n|-damage|p2a: mike|94\/100 brn|[from] brn\n|upkeep\n|turn|22\n|\n|t:|1701045679\n|-end|p2a: mike|Quark Drive|[silent]\n|switch|p2a: dadmilk7|Clodsire, M|100\/100\n|-damage|p2a: dadmilk7|88\/100|[from] Spikes\n|move|p1a: Wingy|Calm Mind|p1a: Wingy\n|-boost|p1a: Wingy|spa|1\n|-boost|p1a: Wingy|spd|1\n|\n|-heal|p1a: Wingy|100\/100|[from] item: Leftovers\n|-heal|p2a: dadmilk7|94\/100|[from] item: Black Sludge\n|upkeep\n|turn|23\n|\n|t:|1701045695\n|move|p1a: Wingy|Moonblast|p2a: dadmilk7\n|-resisted|p2a: dadmilk7\n|-damage|p2a: dadmilk7|86\/100\n|move|p2a: dadmilk7|Earthquake|p1a: Wingy\n|-damage|p1a: Wingy|77\/100\n|\n|-heal|p1a: Wingy|83\/100|[from] item: Leftovers\n|-heal|p2a: dadmilk7|93\/100|[from] item: Black Sludge\n|upkeep\n|turn|24\n|\n|t:|1701045724\n|move|p1a: Wingy|Flamethrower|p2a: dadmilk7\n|-damage|p2a: dadmilk7|82\/100\n|move|p2a: dadmilk7|Earthquake|p1a: Wingy\n|-damage|p1a: Wingy|58\/100\n|\n|-heal|p1a: Wingy|64\/100|[from] item: Leftovers\n|-heal|p2a: dadmilk7|88\/100|[from] item: Black Sludge\n|upkeep\n|turn|25\n|\n|t:|1701045733\n|move|p1a: Wingy|Moonlight|p1a: Wingy\n|-heal|p1a: Wingy|100\/100\n|move|p2a: dadmilk7|Spikes|p1a: Wingy\n|-sidestart|p1: best dk|Spikes\n|\n|-heal|p2a: dadmilk7|94\/100|[from] item: Black Sludge\n|upkeep\n|turn|26\n|\n|t:|1701045739\n|switch|p1a: the brain|Forretress, F|94\/100\n|-damage|p1a: the brain|82\/100|[from] Spikes\n|move|p2a: dadmilk7|Spikes|p1a: the brain\n|-sidestart|p1: best dk|Spikes\n|\n|-heal|p2a: dadmilk7|100\/100|[from] item: Black Sludge\n|upkeep\n|turn|27\n|\n|t:|1701045764\n|move|p1a: the brain|Rapid Spin|p2a: dadmilk7\n|-damage|p2a: dadmilk7|89\/100\n|-boost|p1a: the brain|spe|1\n|-sideend|p1: best dk|Spikes|[from] move: Rapid Spin|[of] p1a: the brain\n|move|p2a: dadmilk7|Yawn|p1a: the brain\n|-start|p1a: the brain|move: Yawn|[of] p2a: dadmilk7\n|\n|-heal|p2a: dadmilk7|95\/100|[from] item: Black Sludge\n|upkeep\n|turn|28\n|\n|t:|1701045774\n|switch|p1a: 6 hands rbettern 2|Hoopa-Unbound|100\/100\n|move|p2a: dadmilk7|Spikes|p1a: 6 hands rbettern 2\n|-sidestart|p1: best dk|Spikes\n|\n|-heal|p2a: dadmilk7|100\/100|[from] item: Black Sludge\n|upkeep\n|turn|29\n|\n|t:|1701045785\n|move|p1a: 6 hands rbettern 2|Zen Headbutt|p2a: dadmilk7\n|-supereffective|p2a: dadmilk7\n|-damage|p2a: dadmilk7|0 fnt\n|faint|p2a: dadmilk7\n|\n|upkeep\n|\n|t:|1701045809\n|switch|p2a: jim|Articuno|57\/100\n|-ability|p2a: jim|Pressure\n|turn|30\n|\n|t:|1701045822\n|move|p2a: jim|Light Screen|p2a: jim\n|-sidestart|p2: SuezGod|move: Light Screen\n|move|p1a: 6 hands rbettern 2|Zen Headbutt|p2a: jim\n|-damage|p2a: jim|0 fnt\n|faint|p2a: jim\n|\n|upkeep\n|\n|t:|1701045828\n|switch|p2a: Dale|Rotom-Mow|97\/100\n|turn|31\n|\n|t:|1701045848\n|switch|p2a: mike|Iron Hands|94\/100 brn\n|-damage|p2a: mike|82\/100 brn|[from] Spikes\n|switch|p1a: the brain|Forretress, F|82\/100\n|-damage|p1a: the brain|69\/100|[from] Spikes\n|\n|-heal|p2a: mike|88\/100 brn|[from] item: Leftovers\n|-damage|p2a: mike|82\/100 brn|[from] brn\n|upkeep\n|turn|32\n|j| butter dk\n|\n|t:|1701045869\n|move|p1a: the brain|Spikes|p2a: mike\n|-sidestart|p2: SuezGod|Spikes\n|move|p2a: mike|Swords Dance|p2a: mike\n|-boost|p2a: mike|atk|2\n|\n|-heal|p2a: mike|88\/100 brn|[from] item: Leftovers\n|-damage|p2a: mike|82\/100 brn|[from] brn\n|upkeep\n|turn|33\n|c|\u2606best dk|o shit\n|\n|t:|1701045883\n|move|p1a: the brain|Spikes|p2a: mike\n|-sidestart|p2: SuezGod|Spikes\n|move|p2a: mike|Drain Punch|p1a: the brain\n|-damage|p1a: the brain|43\/100\n|-heal|p2a: mike|92\/100 brn|[from] drain|[of] p1a: the brain\n|\n|-heal|p2a: mike|98\/100 brn|[from] item: Leftovers\n|-damage|p2a: mike|92\/100 brn|[from] brn\n|upkeep\n|turn|34\n|\n|t:|1701045905\n|move|p1a: the brain|Spikes||[still]\n|-fail|p1a: the brain\n|move|p2a: mike|Thunder Punch|p1a: the brain\n|-damage|p1a: the brain|19\/100\n|\n|-heal|p2a: mike|98\/100 brn|[from] item: Leftovers\n|-damage|p2a: mike|92\/100 brn|[from] brn\n|-sideend|p2: SuezGod|move: Light Screen\n|upkeep\n|turn|35\n|c| butter dk|Lets go mike\n|\n|t:|1701045912\n|move|p1a: the brain|Spikes||[still]\n|-fail|p1a: the brain\n|move|p2a: mike|Drain Punch|p1a: the brain\n|-damage|p1a: the brain|0 fnt\n|-heal|p2a: mike|99\/100 brn|[from] drain|[of] p1a: the brain\n|faint|p1a: the brain\n|\n|-heal|p2a: mike|100\/100 brn|[from] item: Leftovers\n|-damage|p2a: mike|94\/100 brn|[from] brn\n|upkeep\n|\n|t:|1701045917\n|switch|p1a: Wingy|Clefable, M|100\/100\n|-damage|p1a: Wingy|88\/100|[from] Spikes\n|turn|36\n|\n|t:|1701045936\n|move|p1a: Wingy|Calm Mind|p1a: Wingy\n|-boost|p1a: Wingy|spa|1\n|-boost|p1a: Wingy|spd|1\n|move|p2a: mike|Thunder Punch|p1a: Wingy\n|-damage|p1a: Wingy|68\/100\n|\n|-heal|p1a: Wingy|74\/100|[from] item: Leftovers\n|-heal|p2a: mike|100\/100 brn|[from] item: Leftovers\n|-damage|p2a: mike|94\/100 brn|[from] brn\n|upkeep\n|turn|37\n|\n|t:|1701045949\n|move|p1a: Wingy|Calm Mind|p1a: Wingy\n|-boost|p1a: Wingy|spa|1\n|-boost|p1a: Wingy|spd|1\n|move|p2a: mike|Rock Slide|p1a: Wingy\n|-damage|p1a: Wingy|61\/100\n|\n|-heal|p1a: Wingy|67\/100|[from] item: Leftovers\n|-heal|p2a: mike|100\/100 brn|[from] item: Leftovers\n|-damage|p2a: mike|94\/100 brn|[from] brn\n|upkeep\n|turn|38\n|\n|t:|1701045958\n|move|p1a: Wingy|Moonblast|p2a: mike\n|-supereffective|p2a: mike\n|-damage|p2a: mike|0 fnt\n|faint|p2a: mike\n|-end|p2a: mike|Quark Drive|[silent]\n|\n|-heal|p1a: Wingy|73\/100|[from] item: Leftovers\n|upkeep\n|c| pbrake12|RIP MIKE\n|\n|t:|1701045965\n|switch|p2a: Dale|Rotom-Mow|97\/100\n|turn|39\n|\n|t:|1701045972\n|move|p2a: Dale|Thunder Wave|p1a: Wingy\n|-status|p1a: Wingy|par\n|cant|p1a: Wingy|par\n|\n|-heal|p1a: Wingy|79\/100 par|[from] item: Leftovers\n|upkeep\n|turn|40\n|\n|t:|1701045985\n|switch|p2a: THECLEANER|Garchomp, F|13\/100 brn\n|-damage|p2a: THECLEANER|0 fnt|[from] Spikes\n|faint|p2a: THECLEANER\n|cant|p1a: Wingy|par\n|\n|-heal|p1a: Wingy|85\/100 par|[from] item: Leftovers\n|upkeep\n|c|\u2606SuezGod|FUCK\n|\n|t:|1701045993\n|switch|p2a: Dale|Rotom-Mow|97\/100\n|turn|41\n|\n|t:|1701046010\n|move|p2a: Dale|Leaf Storm|p1a: Wingy\n|-damage|p1a: Wingy|61\/100 par\n|-unboost|p2a: Dale|spa|2\n|move|p1a: Wingy|Flamethrower|p2a: Dale\n|-supereffective|p2a: Dale\n|-damage|p2a: Dale|0 fnt\n|faint|p2a: Dale\n|\n|-heal|p1a: Wingy|67\/100 par|[from] item: Leftovers\n|upkeep\n|\n|t:|1701046018\n|switch|p2a: timmy|Scizor, F|58\/100 brn\n|-damage|p2a: timmy|33\/100 brn|[from] Spikes\n|turn|42\n|\n|t:|1701046025\n|move|p2a: timmy|Bullet Punch|p1a: Wingy\n|-supereffective|p1a: Wingy\n|-crit|p1a: Wingy\n|-damage|p1a: Wingy|6\/100 par\n|move|p1a: Wingy|Flamethrower|p2a: timmy\n|-supereffective|p2a: timmy\n|-damage|p2a: timmy|0 fnt\n|faint|p2a: timmy\n|\n|win|best dk\n|c|\u2606SuezGod|gg\n|c| pbrake12|tough ggs\n|c|\u2606best dk|ggs\n|l|\u2606SuezGod\n|l| pbrake12\n","uploadtime":1701046057,"views":15,"p1id":"bestdk","p2id":"suezgod","formatid":"gen9ubers","rating":0,"private":0,"password":""}