{"id":"gen9ubers-1999282676","p1":"Judgie","p2":"something482","format":"[Gen 9] Ubers","log":"|j|\u2606Judgie\n|j|\u2606something482\n|t:|1701054752\n|gametype|singles\n|player|p1|Judgie|policeman-gen4|\n|player|p2|something482|victor|\n|teamsize|p1|6\n|teamsize|p2|6\n|gen|9\n|tier|[Gen 9] Ubers\n|rule|Sleep Clause Mod: Limit one foe put to sleep\n|rule|Species Clause: Limit one of each Pok\u00e9mon\n|rule|OHKO Clause: OHKO moves are banned\n|rule|Evasion Items Clause: Evasion items are banned\n|rule|Evasion Moves Clause: Evasion moves are banned\n|rule|Endless Battle Clause: Forcing endless battles is banned\n|rule|HP Percentage Mod: HP is shown in percentages\n|clearpoke\n|poke|p1|Alomomola, F|\n|poke|p1|Gliscor, F|\n|poke|p1|Chi-Yu|\n|poke|p1|Regieleki|\n|poke|p1|Roaring Moon|\n|poke|p1|Breloom, M|\n|poke|p2|Empoleon, F|\n|poke|p2|Chien-Pao|\n|poke|p2|Grimmsnarl, M|\n|poke|p2|Glimmora, M|\n|poke|p2|Cyclizar, F|\n|poke|p2|Dragapult, M|\n|teampreview\n|j| MamaMackIsStacked\n|j| FaladranTheCreator\n|j| Mackacide\n|j| Lillyrosethedemon\n|j| Redneck Heaven\n|j| ampharosaunt11\n|c|\u2606something482|gl hf, and gg last game\n|j| Willish6634\n|\n|t:|1701054806\n|start\n|switch|p1a: Homecoming|Regieleki|100\/100\n|switch|p2a: Vroom|Cyclizar, F|100\/100\n|turn|1\n|c| MamaMackIsStacked|SGO\n|inactive|Battle timer is ON: inactive players will automatically lose when time's up. (requested by Judgie)\n|\n|t:|1701054823\n|switch|p2a: Eren|Grimmsnarl, M|100\/100\n|move|p1a: Homecoming|Reflect|p1a: Homecoming\n|-sidestart|p1: Judgie|Reflect\n|\n|upkeep\n|turn|2\n|\n|t:|1701054832\n|move|p2a: Eren|Taunt|p1a: Homecoming\n|-start|p1a: Homecoming|move: Taunt\n|move|p1a: Homecoming|Volt Switch|p2a: Eren\n|-damage|p2a: Eren|77\/100\n|inactive|Judgie has 270 seconds left.\n|\n|t:|1701054868\n|switch|p1a: Slow Jamz|Gliscor, F|100\/100|[from] Volt Switch\n|\n|-heal|p2a: Eren|83\/100|[from] item: Leftovers\n|-status|p1a: Slow Jamz|tox|[from] item: Toxic Orb\n|upkeep\n|turn|3\n|inactive|Judgie has 270 seconds left.\n|\n|t:|1701054884\n|switch|p2a: Nyoooom|Dragapult, M|100\/100\n|move|p1a: Slow Jamz|Earthquake|p2a: Nyoooom\n|-damage|p2a: Nyoooom|40\/100\n|\n|upkeep\n|turn|4\n|inactive|something482 has 270 seconds left.\n|\n|t:|1701054923\n|switch|p1a: Spaceship|Alomomola, F, shiny|100\/100\n|move|p2a: Nyoooom|Surf|p1a: Spaceship\n|-resisted|p1a: Spaceship\n|-damage|p1a: Spaceship|80\/100\n|-damage|p2a: Nyoooom|30\/100|[from] item: Life Orb\n|\n|-heal|p1a: Spaceship|86\/100|[from] item: Leftovers\n|upkeep\n|turn|5\n|\n|t:|1701054931\n|switch|p2a: Napoleon|Empoleon, F|100\/100\n|move|p1a: Spaceship|Flip Turn|p2a: Napoleon\n|-resisted|p2a: Napoleon\n|-damage|p2a: Napoleon|95\/100\n|c| ampharosaunt11|\"Stink fest\" - Muscle Man\n|\n|t:|1701054941\n|switch|p1a: Jesus Walks|Breloom, M|100\/100|[from] Flip Turn\n|\n|-heal|p2a: Napoleon|100\/100|[from] item: Leftovers\n|-sideend|p1: Judgie|Reflect\n|upkeep\n|turn|6\n|c| Mackacide|trade talks ?\n|inactive|something482 has 270 seconds left.\n|c| Willish6634|Lol\n|\n|t:|1701054957\n|switch|p2a: Rawk|Glimmora, M|100\/100\n|move|p1a: Jesus Walks|Spore|p2a: Rawk\n|-status|p2a: Rawk|slp|[from] move: Spore\n|\n|upkeep\n|turn|7\n|inactive|something482 has 270 seconds left.\n|\n|t:|1701054966\n|switch|p2a: Eren|Grimmsnarl, M|83\/100\n|move|p1a: Jesus Walks|Swords Dance|p1a: Jesus Walks\n|-boost|p1a: Jesus Walks|atk|2\n|\n|-heal|p2a: Eren|89\/100|[from] item: Leftovers\n|upkeep\n|turn|8\n|\n|t:|1701054975\n|move|p2a: Eren|Thunder Wave|p1a: Jesus Walks\n|-status|p1a: Jesus Walks|par\n|cant|p1a: Jesus Walks|par\n|\n|-heal|p2a: Eren|95\/100|[from] item: Leftovers\n|upkeep\n|turn|9\n|c|\u2606Judgie|bro pullin the trilly\n|\n|t:|1701054987\n|move|p2a: Eren|Spirit Break|p1a: Jesus Walks\n|-supereffective|p1a: Jesus Walks\n|-damage|p1a: Jesus Walks|1\/100 par\n|-unboost|p1a: Jesus Walks|spa|1\n|move|p1a: Jesus Walks|Bullet Seed|p2a: Eren\n|-damage|p2a: Eren|50\/100\n|-damage|p2a: Eren|0 fnt\n|faint|p2a: Eren\n|-hitcount|p2: Eren|2\n|\n|upkeep\n|inactive|something482 has 270 seconds left.\n|\n|t:|1701054998\n|switch|p2a: Vroom|Cyclizar, F|100\/100\n|turn|10\n|\n|t:|1701055002\n|move|p1a: Jesus Walks|Mach Punch|p2a: Vroom\n|-supereffective|p2a: Vroom\n|-damage|p2a: Vroom|0 fnt\n|faint|p2a: Vroom\n|\n|upkeep\n|\n|t:|1701055010\n|switch|p2a: Lion-O|Chien-Pao|100\/100\n|-ability|p2a: Lion-O|Sword of Ruin\n|turn|11\n|\n|t:|1701055014\n|move|p2a: Lion-O|Ice Shard|p1a: Jesus Walks\n|-supereffective|p1a: Jesus Walks\n|-damage|p1a: Jesus Walks|0 fnt\n|faint|p1a: Jesus Walks\n|-damage|p2a: Lion-O|91\/100|[from] item: Life Orb\n|\n|upkeep\n|c| Mackacide|?\n|\n|t:|1701055022\n|switch|p1a: Power|Chi-Yu|100\/100\n|-ability|p1a: Power|Beads of Ruin\n|turn|12\n|c|\u2606something482|live look at me choking\n|c| Mackacide|deli mode\n|\n|t:|1701055028\n|switch|p2a: Napoleon|Empoleon, F|100\/100\n|move|p1a: Power|Overheat|p2a: Napoleon\n|-damage|p2a: Napoleon|22\/100\n|-unboost|p1a: Power|spa|2\n|\n|-heal|p2a: Napoleon|28\/100|[from] item: Leftovers\n|upkeep\n|turn|13\n|c| ampharosaunt11|\"Choke on this\" - Marge\n|c|\u2606Judgie|choke on this\n|\n|t:|1701055048\n|move|p1a: Power|Overheat|p2a: Napoleon\n|-damage|p2a: Napoleon|0 fnt\n|-unboost|p1a: Power|spa|2\n|faint|p2a: Napoleon\n|\n|upkeep\n|\n|t:|1701055057\n|switch|p2a: Lion-O|Chien-Pao|91\/100\n|-ability|p2a: Lion-O|Sword of Ruin\n|turn|14\n|\n|t:|1701055066\n|switch|p1a: Spaceship|Alomomola, F, shiny|100\/100\n|-terastallize|p2a: Lion-O|Fighting\n|move|p2a: Lion-O|Sacred Sword|p1a: Spaceship\n|-damage|p1a: Spaceship|61\/100\n|-damage|p2a: Lion-O|81\/100|[from] item: Life Orb\n|\n|-heal|p1a: Spaceship|67\/100|[from] item: Leftovers\n|upkeep\n|turn|15\n|c|\u2606Judgie|interesting\n|c| Mackacide|sd waz free there\n|\n|t:|1701055082\n|move|p2a: Lion-O|Swords Dance|p2a: Lion-O\n|-boost|p2a: Lion-O|atk|2\n|move|p1a: Spaceship|Scald|p2a: Lion-O\n|-damage|p2a: Lion-O|61\/100\n|\n|-heal|p1a: Spaceship|73\/100|[from] item: Leftovers\n|upkeep\n|turn|16\n|c| Mackacide|pao boutta sweep now\n|c|\u2606Judgie|sweep this\n|inactive|something482 has 270 seconds left.\n|\n|t:|1701055115\n|move|p2a: Lion-O|Sacred Sword|p1a: Spaceship\n|-damage|p1a: Spaceship|0 fnt\n|faint|p1a: Spaceship\n|-damage|p2a: Lion-O|51\/100|[from] item: Life Orb\n|\n|upkeep\n|c| Mackacide|nerf dart talkin to the crowd eh\n|c| Mackacide|we are going to game 3 !\n|\n|t:|1701055123\n|switch|p1a: Power|Chi-Yu|100\/100\n|-ability|p1a: Power|Beads of Ruin\n|turn|17\n|inactive|something482 has 270 seconds left.\n|\n|t:|1701055154\n|switch|p2a: Rawk|Glimmora, M|100\/100 slp\n|move|p1a: Power|Overheat|p2a: Rawk|[miss]\n|-miss|p1a: Power|p2a: Rawk\n|\n|upkeep\n|turn|18\n|c| Mackacide|OMG\n|\n|t:|1701055163\n|switch|p1a: Runaway|Roaring Moon, shiny|100\/100\n|-enditem|p1a: Runaway|Booster Energy\n|-activate|p1a: Runaway|ability: Protosynthesis|[fromitem]\n|-start|p1a: Runaway|protosynthesisatk\n|cant|p2a: Rawk|slp\n|\n|upkeep\n|turn|19\n|c| MamaMackIsStacked|Sheees\n|c|\u2606Judgie|dreadful miss\n|\n|t:|1701055179\n|move|p1a: Runaway|Dragon Dance|p1a: Runaway\n|-boost|p1a: Runaway|atk|1\n|-boost|p1a: Runaway|spe|1\n|cant|p2a: Rawk|slp\n|\n|upkeep\n|turn|20\n|\n|t:|1701055187\n|move|p1a: Runaway|Earthquake|p2a: Rawk\n|-supereffective|p2a: Rawk\n|-enditem|p2a: Rawk|Focus Sash\n|-damage|p2a: Rawk|1\/100 slp\n|-activate|p2a: Rawk|ability: Toxic Debris\n|-sidestart|p1: Judgie|move: Toxic Spikes\n|cant|p2a: Rawk|slp\n|\n|upkeep\n|turn|21\n|\n|t:|1701055195\n|move|p1a: Runaway|Earthquake|p2a: Rawk\n|-supereffective|p2a: Rawk\n|-damage|p2a: Rawk|0 fnt\n|-activate|p2a: Rawk|ability: Toxic Debris\n|-sidestart|p1: Judgie|move: Toxic Spikes\n|faint|p2a: Rawk\n|\n|upkeep\n|c|\u2606something482|damn, bad luck\n|c|\u2606something482|gg\n|\n|t:|1701055203\n|switch|p2a: Lion-O|Chien-Pao, tera:Fighting|51\/100\n|-ability|p2a: Lion-O|Sword of Ruin\n|turn|22\n|c|\u2606Judgie|no game 3 needed\n|\n|t:|1701055211\n|-terastallize|p1a: Runaway|Fire\n|move|p2a: Lion-O|Ice Shard|p1a: Runaway\n|-resisted|p1a: Runaway\n|-damage|p1a: Runaway|78\/100\n|-damage|p2a: Lion-O|41\/100|[from] item: Life Orb\n|move|p1a: Runaway|Earthquake|p2a: Lion-O\n|-damage|p2a: Lion-O|0 fnt\n|faint|p2a: Lion-O\n|\n|upkeep\n|c|\u2606something482|needed a wake up, gg man\n|\n|t:|1701055218\n|switch|p2a: Nyoooom|Dragapult, M|30\/100\n|turn|23\n|\n|t:|1701055221\n|move|p1a: Runaway|Knock Off|p2a: Nyoooom\n|-supereffective|p2a: Nyoooom\n|-crit|p2a: Nyoooom\n|-damage|p2a: Nyoooom|0 fnt\n|-enditem|p2a: Nyoooom|Life Orb|[from] move: Knock Off|[of] p1a: Runaway\n|faint|p2a: Nyoooom\n|\n|win|Judgie\n|l| Redneck Heaven\n|c| Mackacide|he coulda stayed in vs chi yu\n|l| MamaMackIsStacked\n|l| Lillyrosethedemon\n|c| Mackacide|thats wat i was thinkin\n|c|\u2606something482|it wasnt safe with calcs\n|c|\u2606Judgie|scarf chi yu\n|c|\u2606something482|exactly\n|l| ampharosaunt11\n|c| Mackacide|he missed\n|c|\u2606something482|cant predict that, i went for the safe play\n|c|\u2606something482|just played like ass a little too much\n|l| Willish6634\n|l| Mackacide\n","uploadtime":1701055228,"views":15,"p1id":"judgie","p2id":"something482","formatid":"gen9ubers","rating":0,"private":0,"password":""}