{"id":"gen9ubers-1985090017","p1":"TerrarianSkeleton","p2":"Scythe30","format":"[Gen 9] Ubers","log":"|j|\u2606TerrarianSkeleton\n|j|\u2606Scythe30\n|t:|1699329471\n|gametype|singles\n|player|p1|TerrarianSkeleton|koga|1104\n|player|p2|Scythe30|266|1036\n|teamsize|p1|6\n|teamsize|p2|6\n|gen|9\n|tier|[Gen 9] Ubers\n|rated|\n|rule|Sleep Clause Mod: Limit one foe put to sleep\n|rule|Species Clause: Limit one of each Pok\u00e9mon\n|rule|OHKO Clause: OHKO moves are banned\n|rule|Evasion Items Clause: Evasion items are banned\n|rule|Evasion Moves Clause: Evasion moves are banned\n|rule|Endless Battle Clause: Forcing endless battles is banned\n|rule|HP Percentage Mod: HP is shown in percentages\n|clearpoke\n|poke|p1|Regieleki|\n|poke|p1|Enamorus, F|\n|poke|p1|Glimmora, F|\n|poke|p1|Golem-Alola, F|\n|poke|p1|Tyranitar, F|\n|poke|p1|Houndstone, F|\n|poke|p2|Dragapult, M|\n|poke|p2|Blissey, F|\n|poke|p2|Zapdos|\n|poke|p2|Heatran, F|\n|poke|p2|Mamoswine, M|\n|poke|p2|Darkrai|\n|teampreview\n|inactive|Battle timer is ON: inactive players will automatically lose when time's up. (requested by TerrarianSkeleton)\n|\n|t:|1699329480\n|start\n|switch|p1a: Glimmora|Glimmora, F|100\/100\n|switch|p2a: Mamoswine|Mamoswine, M|100\/100\n|turn|1\n|\n|t:|1699329489\n|move|p1a: Glimmora|Stealth Rock|p2a: Mamoswine\n|-sidestart|p2: Scythe30|move: Stealth Rock\n|move|p2a: Mamoswine|Curse|p2a: Mamoswine\n|-unboost|p2a: Mamoswine|spe|1\n|-boost|p2a: Mamoswine|atk|1\n|-boost|p2a: Mamoswine|def|1\n|\n|upkeep\n|turn|2\n|\n|t:|1699329497\n|move|p1a: Glimmora|Spikes|p2a: Mamoswine\n|-sidestart|p2: Scythe30|Spikes\n|move|p2a: Mamoswine|Amnesia|p2a: Mamoswine\n|-boost|p2a: Mamoswine|spd|2\n|\n|upkeep\n|turn|3\n|\n|t:|1699329503\n|move|p1a: Glimmora|Spikes|p2a: Mamoswine\n|-sidestart|p2: Scythe30|Spikes\n|move|p2a: Mamoswine|Curse|p2a: Mamoswine\n|-unboost|p2a: Mamoswine|spe|1\n|-boost|p2a: Mamoswine|atk|1\n|-boost|p2a: Mamoswine|def|1\n|\n|upkeep\n|turn|4\n|\n|t:|1699329509\n|move|p1a: Glimmora|Spikes|p2a: Mamoswine\n|-sidestart|p2: Scythe30|Spikes\n|move|p2a: Mamoswine|Curse|p2a: Mamoswine\n|-unboost|p2a: Mamoswine|spe|1\n|-boost|p2a: Mamoswine|atk|1\n|-boost|p2a: Mamoswine|def|1\n|\n|upkeep\n|turn|5\n|\n|t:|1699329516\n|move|p1a: Glimmora|Toxic|p2a: Mamoswine\n|-status|p2a: Mamoswine|tox\n|move|p2a: Mamoswine|Amnesia|p2a: Mamoswine\n|-boost|p2a: Mamoswine|spd|2\n|\n|-damage|p2a: Mamoswine|94\/100 tox|[from] psn\n|upkeep\n|turn|6\n|\n|t:|1699329523\n|move|p2a: Mamoswine|Ice Shard|p1a: Glimmora\n|-damage|p1a: Glimmora|39\/100\n|-activate|p1a: Glimmora|ability: Toxic Debris\n|-sidestart|p2: Scythe30|move: Toxic Spikes\n|move|p1a: Glimmora|Explosion|p2a: Mamoswine\n|-damage|p2a: Mamoswine|80\/100 tox\n|faint|p1a: Glimmora\n|\n|-heal|p2a: Mamoswine|86\/100 tox|[from] item: Leftovers\n|-damage|p2a: Mamoswine|74\/100 tox|[from] psn\n|upkeep\n|\n|t:|1699329536\n|switch|p1a: Enamorus|Enamorus, F|100\/100\n|turn|7\n|\n|t:|1699329540\n|move|p2a: Mamoswine|Ice Shard|p1a: Enamorus\n|-supereffective|p1a: Enamorus\n|-damage|p1a: Enamorus|0 fnt\n|faint|p1a: Enamorus\n|\n|-heal|p2a: Mamoswine|80\/100 tox|[from] item: Leftovers\n|-damage|p2a: Mamoswine|61\/100 tox|[from] psn\n|upkeep\n|\n|t:|1699329547\n|switch|p1a: Golem|Golem-Alola, F|100\/100\n|turn|8\n|\n|t:|1699329553\n|move|p2a: Mamoswine|Earthquake|p1a: Golem\n|-supereffective|p1a: Golem\n|-enditem|p1a: Golem|Focus Sash\n|-damage|p1a: Golem|1\/100\n|move|p1a: Golem|Roar|p2a: Mamoswine\n|drag|p2a: Heatran|Heatran, F|100\/100\n|-damage|p2a: Heatran|88\/100|[from] Stealth Rock\n|-damage|p2a: Heatran|63\/100|[from] Spikes\n|\n|-heal|p2a: Heatran|69\/100|[from] item: Leftovers\n|upkeep\n|turn|9\n|\n|t:|1699329566\n|move|p2a: Heatran|Lava Plume|p1a: Golem\n|-resisted|p1a: Golem\n|-damage|p1a: Golem|0 fnt\n|faint|p1a: Golem\n|\n|-heal|p2a: Heatran|75\/100|[from] item: Leftovers\n|upkeep\n|\n|t:|1699329572\n|switch|p1a: Regieleki|Regieleki|100\/100\n|turn|10\n|\n|t:|1699329577\n|move|p1a: Regieleki|Light Screen|p1a: Regieleki\n|-sidestart|p1: TerrarianSkeleton|move: Light Screen\n|move|p2a: Heatran|Will-O-Wisp|p1a: Regieleki\n|-status|p1a: Regieleki|brn\n|\n|-heal|p2a: Heatran|82\/100|[from] item: Leftovers\n|-damage|p1a: Regieleki|95\/100 brn|[from] brn\n|upkeep\n|turn|11\n|\n|t:|1699329586\n|move|p1a: Regieleki|Reflect|p1a: Regieleki\n|-sidestart|p1: TerrarianSkeleton|Reflect\n|move|p2a: Heatran|Lava Plume|p1a: Regieleki\n|-damage|p1a: Regieleki|61\/100 brn\n|\n|-heal|p2a: Heatran|88\/100|[from] item: Leftovers\n|-damage|p1a: Regieleki|55\/100 brn|[from] brn\n|upkeep\n|turn|12\n|\n|t:|1699329593\n|move|p1a: Regieleki|Explosion|p2a: Heatran\n|-resisted|p2a: Heatran\n|-damage|p2a: Heatran|73\/100\n|faint|p1a: Regieleki\n|move|p2a: Heatran|Lava Plume|p1: Regieleki|[notarget]\n|-fail|p2a: Heatran\n|\n|-heal|p2a: Heatran|80\/100|[from] item: Leftovers\n|upkeep\n|\n|t:|1699329601\n|switch|p1a: Tyranitar|Tyranitar, F, shiny|100\/100\n|-weather|Sandstorm|[from] ability: Sand Stream|[of] p1a: Tyranitar\n|turn|13\n|\n|t:|1699329606\n|switch|p1a: Houndstone|Houndstone, F|100\/100\n|move|p2a: Heatran|Will-O-Wisp|p1a: Houndstone\n|-status|p1a: Houndstone|brn\n|\n|-weather|Sandstorm|[upkeep]\n|-heal|p2a: Heatran|86\/100|[from] item: Leftovers\n|-damage|p1a: Houndstone|95\/100 brn|[from] brn\n|upkeep\n|turn|14\n|\n|t:|1699329623\n|-terastallize|p1a: Houndstone|Ghost\n|move|p1a: Houndstone|Last Respects|p2a: Heatran\n|-damage|p2a: Heatran|0 fnt\n|faint|p2a: Heatran\n|\n|-weather|Sandstorm|[upkeep]\n|-damage|p1a: Houndstone|89\/100 brn|[from] brn\n|upkeep\n|\n|t:|1699329633\n|switch|p2a: Blissey|Blissey, F|100\/100\n|-damage|p2a: Blissey|88\/100|[from] Stealth Rock\n|-damage|p2a: Blissey|63\/100|[from] Spikes\n|-status|p2a: Blissey|psn\n|turn|15\n|\n|t:|1699329640\n|switch|p1a: Tyranitar|Tyranitar, F, shiny|100\/100\n|move|p2a: Blissey|Heal Bell|p2a: Blissey\n|-activate|p2a: Blissey|move: Heal Bell\n|-curestatus|p2a: Blissey|psn|[msg]\n|-curestatus|p2: Mamoswine|tox|[msg]\n|\n|-weather|Sandstorm|[upkeep]\n|-damage|p2a: Blissey|57\/100|[from] Sandstorm\n|-heal|p2a: Blissey|63\/100|[from] item: Leftovers\n|upkeep\n|turn|16\n|\n|t:|1699329651\n|move|p1a: Tyranitar|Stone Edge|p2a: Blissey\n|-damage|p2a: Blissey|0 fnt\n|faint|p2a: Blissey\n|\n|-weather|Sandstorm|[upkeep]\n|upkeep\n|\n|t:|1699329656\n|switch|p2a: Dragapult|Dragapult, M|100\/100\n|-damage|p2a: Dragapult|88\/100|[from] Stealth Rock\n|-damage|p2a: Dragapult|63\/100|[from] Spikes\n|-status|p2a: Dragapult|psn\n|turn|17\n|\n|t:|1699329664\n|move|p2a: Dragapult|Phantom Force||[still]\n|-prepare|p2a: Dragapult|Phantom Force\n|move|p1a: Tyranitar|Stone Edge|p2a: Dragapult|[miss]\n|-miss|p1a: Tyranitar|p2a: Dragapult\n|\n|-weather|Sandstorm|[upkeep]\n|-damage|p2a: Dragapult|57\/100 psn|[from] Sandstorm\n|-damage|p2a: Dragapult|45\/100 psn|[from] psn\n|-sideend|p1: TerrarianSkeleton|move: Light Screen\n|upkeep\n|turn|18\n|\n|t:|1699329672\n|move|p2a: Dragapult|Phantom Force|p1a: Tyranitar|[from]lockedmove\n|-resisted|p1a: Tyranitar\n|-damage|p1a: Tyranitar|70\/100\n|move|p1a: Tyranitar|Stone Edge|p2a: Dragapult\n|-damage|p2a: Dragapult|0 fnt\n|faint|p2a: Dragapult\n|\n|-weather|Sandstorm|[upkeep]\n|-sideend|p1: TerrarianSkeleton|Reflect\n|upkeep\n|\n|t:|1699329679\n|switch|p2a: Zapdos|Zapdos|100\/100\n|-damage|p2a: Zapdos|76\/100|[from] Stealth Rock\n|-ability|p2a: Zapdos|Pressure\n|turn|19\n|\n|t:|1699329685\n|move|p2a: Zapdos|Volt Switch|p1a: Tyranitar\n|-damage|p1a: Tyranitar|46\/100\n|\n|t:|1699329688\n|switch|p2a: Mamoswine|Mamoswine, M|61\/100|[from] Volt Switch\n|-damage|p2a: Mamoswine|49\/100|[from] Stealth Rock\n|-damage|p2a: Mamoswine|24\/100|[from] Spikes\n|-status|p2a: Mamoswine|psn\n|move|p1a: Tyranitar|Stone Edge|p2a: Mamoswine\n|-damage|p2a: Mamoswine|0 fnt\n|faint|p2a: Mamoswine\n|\n|-weather|Sandstorm|[upkeep]\n|upkeep\n|\n|t:|1699329699\n|switch|p2a: Zapdos|Zapdos|76\/100\n|-damage|p2a: Zapdos|51\/100|[from] Stealth Rock\n|-ability|p2a: Zapdos|Pressure\n|turn|20\n|\n|t:|1699329703\n|move|p2a: Zapdos|Thunder|p1a: Tyranitar|[miss]\n|-miss|p2a: Zapdos|p1a: Tyranitar\n|move|p1a: Tyranitar|Stone Edge|p2a: Zapdos\n|-supereffective|p2a: Zapdos\n|-damage|p2a: Zapdos|0 fnt\n|faint|p2a: Zapdos\n|\n|-weather|none\n|upkeep\n|\n|t:|1699329708\n|switch|p2a: Darkrai|Darkrai|100\/100\n|-damage|p2a: Darkrai|88\/100|[from] Stealth Rock\n|-damage|p2a: Darkrai|63\/100|[from] Spikes\n|-status|p2a: Darkrai|psn\n|turn|21\n|c|\u2606TerrarianSkeleton|damn\n|c|\u2606TerrarianSkeleton|__*skull emoji*__\n|\n|t:|1699329726\n|move|p2a: Darkrai|Ice Beam|p1a: Tyranitar\n|-damage|p1a: Tyranitar|7\/100\n|-damage|p2a: Darkrai|53\/100 psn|[from] item: Life Orb\n|move|p1a: Tyranitar|Stone Edge|p2a: Darkrai\n|-damage|p2a: Darkrai|0 fnt\n|faint|p2a: Darkrai\n|\n|win|TerrarianSkeleton\n|raw|TerrarianSkeleton's rating: 1104 &rarr; <strong>1124<\/strong><br \/>(+20 for winning)\n|raw|Scythe30's rating: 1036 &rarr; <strong>1024<\/strong><br \/>(-12 for losing)\n|c|\u2606Scythe30|rest in pieces\n|c|\u2606Scythe30|ggs\n|c|\u2606TerrarianSkeleton|gg\n|l|\u2606Scythe30\n","uploadtime":1699329748,"views":6,"p1id":"terrarianskeleton","p2id":"scythe30","formatid":"gen9ubers","rating":1024,"private":0,"password":""}