{"id":"gen9ubers-1985689913","p1":"The8thSamurai","p2":"Kizaco","format":"[Gen 9] Ubers","log":"|j|\u2606The8thSamurai\n|j|\u2606Kizaco\n|t:|1699396047\n|gametype|singles\n|player|p1|The8thSamurai|benga|\n|player|p2|Kizaco|1|\n|teamsize|p1|6\n|teamsize|p2|6\n|gen|9\n|tier|[Gen 9] Ubers\n|rule|Sleep Clause Mod: Limit one foe put to sleep\n|rule|Species Clause: Limit one of each Pok\u00e9mon\n|rule|OHKO Clause: OHKO moves are banned\n|rule|Evasion Items Clause: Evasion items are banned\n|rule|Evasion Moves Clause: Evasion moves are banned\n|rule|Endless Battle Clause: Forcing endless battles is banned\n|rule|HP Percentage Mod: HP is shown in percentages\n|clearpoke\n|poke|p1|Chi-Yu|\n|poke|p1|Magearna|\n|poke|p1|Zacian-*|\n|poke|p1|Shaymin-Sky|\n|poke|p1|Palafin, F|\n|poke|p1|Dialga|\n|poke|p2|Landorus, M|\n|poke|p2|Urshifu-*, F|\n|poke|p2|Arceus-Ghost|\n|poke|p2|Masquerain, F|\n|poke|p2|Heatran, M|\n|poke|p2|Shaymin-Sky|\n|teampreview\n|inactive|Battle timer is ON: inactive players will automatically lose when time's up. (requested by The8thSamurai)\n|\n|t:|1699396060\n|start\n|switch|p1a: Shaymin|Shaymin-Sky|100\/100\n|switch|p2a: Masquerain|Masquerain, F|100\/100\n|-ability|p2a: Masquerain|Intimidate|boost\n|-unboost|p1a: Shaymin|atk|1\n|turn|1\n|\n|t:|1699396085\n|move|p1a: Shaymin|Air Slash|p2a: Masquerain\n|-supereffective|p2a: Masquerain\n|-damage|p2a: Masquerain|11\/100\n|move|p2a: Masquerain|Sticky Web|p1a: Shaymin\n|-sidestart|p1: The8thSamurai|move: Sticky Web\n|\n|upkeep\n|turn|2\n|\n|t:|1699396091\n|move|p1a: Shaymin|Air Slash|p2a: Masquerain\n|-supereffective|p2a: Masquerain\n|-damage|p2a: Masquerain|0 fnt\n|faint|p2a: Masquerain\n|\n|upkeep\n|inactive|Kizaco has 270 seconds left.\n|\n|t:|1699396108\n|switch|p2a: Heatran|Heatran, M|100\/100\n|turn|3\n|\n|t:|1699396112\n|switch|p1a: Palafin|Palafin, F, shiny|100\/100\n|-activate|p1a: Palafin|move: Sticky Web\n|-unboost|p1a: Palafin|spe|1\n|switch|p2a: Landorus|Landorus, M, shiny|100\/100\n|\n|upkeep\n|turn|4\n|\n|t:|1699396134\n|detailschange|p1a: Palafin|Palafin-Hero, F, shiny\n|switch|p1a: Shaymin|Shaymin-Sky|100\/100\n|move|p2a: Landorus|Earth Power|p1a: Shaymin\n|-immune|p1a: Shaymin\n|\n|upkeep\n|turn|5\n|\n|t:|1699396144\n|switch|p2a: Heatran|Heatran, M|100\/100\n|move|p1a: Shaymin|Seed Flare|p2a: Heatran\n|-resisted|p2a: Heatran\n|-damage|p2a: Heatran|88\/100\n|-unboost|p2a: Heatran|spd|2\n|\n|-heal|p2a: Heatran|94\/100|[from] item: Leftovers\n|upkeep\n|turn|6\n|\n|t:|1699396149\n|switch|p1a: Palafin|Palafin-Hero, F, shiny|100\/100\n|-activate|p1a: Palafin|move: Sticky Web\n|-unboost|p1a: Palafin|spe|1\n|-activate|p1a: Palafin|ability: Zero to Hero\n|move|p2a: Heatran|Magma Storm|p1a: Palafin|[miss]\n|-miss|p2a: Heatran|p1a: Palafin\n|\n|-heal|p2a: Heatran|100\/100|[from] item: Leftovers\n|upkeep\n|turn|7\n|\n|t:|1699396157\n|switch|p2a: Urshifu|Urshifu, F|100\/100\n|move|p1a: Palafin|Drain Punch|p2a: Urshifu\n|-supereffective|p2a: Urshifu\n|-damage|p2a: Urshifu|54\/100\n|\n|upkeep\n|turn|8\n|\n|t:|1699396172\n|move|p2a: Urshifu|Close Combat|p1a: Palafin\n|-damage|p1a: Palafin|11\/100\n|-unboost|p2a: Urshifu|def|1\n|-unboost|p2a: Urshifu|spd|1\n|move|p1a: Palafin|Drain Punch|p2a: Urshifu\n|-supereffective|p2a: Urshifu\n|-damage|p2a: Urshifu|0 fnt\n|-heal|p1a: Palafin|34\/100|[from] drain|[of] p2a: Urshifu\n|faint|p2a: Urshifu\n|\n|-heal|p1a: Palafin|40\/100|[from] item: Leftovers\n|upkeep\n|\n|t:|1699396181\n|switch|p2a: Shaymin|Shaymin-Sky|100\/100\n|turn|9\n|\n|t:|1699396186\n|switch|p1a: Dialga|Dialga|100\/100\n|-activate|p1a: Dialga|move: Sticky Web\n|-unboost|p1a: Dialga|spe|1\n|-ability|p1a: Dialga|Pressure\n|move|p2a: Shaymin|Air Slash|p1a: Dialga\n|-resisted|p1a: Dialga\n|-damage|p1a: Dialga|89\/100\n|\n|-heal|p1a: Dialga|96\/100|[from] item: Leftovers\n|upkeep\n|turn|10\n|\n|t:|1699396194\n|switch|p2a: Heatran|Heatran, M|100\/100\n|move|p1a: Dialga|Stealth Rock|p2a: Heatran\n|-sidestart|p2: Kizaco|move: Stealth Rock\n|\n|-heal|p1a: Dialga|100\/100|[from] item: Leftovers\n|upkeep\n|turn|11\n|\n|t:|1699396199\n|move|p2a: Heatran|Will-O-Wisp|p1a: Dialga\n|-status|p1a: Dialga|brn\n|move|p1a: Dialga|Roar|p2a: Heatran\n|drag|p2a: Shaymin|Shaymin-Sky|100\/100\n|-damage|p2a: Shaymin|76\/100|[from] Stealth Rock\n|\n|-heal|p2a: Shaymin|82\/100|[from] item: Leftovers\n|-damage|p1a: Dialga|94\/100 brn|[from] brn\n|upkeep\n|turn|12\n|\n|t:|1699396206\n|move|p2a: Shaymin|Earth Power|p1a: Dialga\n|-supereffective|p1a: Dialga\n|-damage|p1a: Dialga|57\/100 brn\n|move|p1a: Dialga|Thunder Wave|p2a: Shaymin\n|-status|p2a: Shaymin|par\n|\n|-heal|p2a: Shaymin|88\/100 par|[from] item: Leftovers\n|-heal|p1a: Dialga|63\/100 brn|[from] item: Leftovers\n|-damage|p1a: Dialga|57\/100 brn|[from] brn\n|upkeep\n|turn|13\n|\n|t:|1699396212\n|cant|p2a: Shaymin|par\n|move|p1a: Dialga|Roar|p2a: Shaymin\n|drag|p2a: Landorus|Landorus, M, shiny|100\/100\n|-damage|p2a: Landorus|88\/100|[from] Stealth Rock\n|\n|-heal|p1a: Dialga|63\/100 brn|[from] item: Leftovers\n|-damage|p1a: Dialga|57\/100 brn|[from] brn\n|upkeep\n|turn|14\n|\n|t:|1699396218\n|move|p2a: Landorus|Earth Power|p1a: Dialga\n|-supereffective|p1a: Dialga\n|-damage|p1a: Dialga|0 fnt\n|faint|p1a: Dialga\n|\n|upkeep\n|\n|t:|1699396225\n|switch|p1a: Palafin|Palafin-Hero, F, shiny|40\/100\n|-activate|p1a: Palafin|move: Sticky Web\n|-unboost|p1a: Palafin|spe|1\n|turn|15\n|\n|t:|1699396254\n|-terastallize|p2a: Landorus|Water\n|move|p1a: Palafin|Jet Punch|p2a: Landorus\n|-resisted|p2a: Landorus\n|-damage|p2a: Landorus|70\/100\n|move|p2a: Landorus|Earth Power|p1a: Palafin\n|-damage|p1a: Palafin|0 fnt\n|faint|p1a: Palafin\n|\n|upkeep\n|\n|t:|1699396258\n|switch|p1a: Shaymin|Shaymin-Sky|100\/100\n|turn|16\n|\n|t:|1699396262\n|switch|p1a: Zacian|Zacian, shiny|100\/100\n|-activate|p1a: Zacian|move: Sticky Web\n|-unboost|p1a: Zacian|spe|1\n|-ability|p1a: Zacian|Intrepid Sword|boost\n|-boost|p1a: Zacian|atk|1\n|switch|p2a: Shaymin|Shaymin-Sky|88\/100 par\n|-damage|p2a: Shaymin|63\/100 par|[from] Stealth Rock\n|\n|-heal|p2a: Shaymin|69\/100 par|[from] item: Leftovers\n|upkeep\n|turn|17\n|\n|t:|1699396276\n|move|p1a: Zacian|Close Combat|p2a: Shaymin\n|-resisted|p2a: Shaymin\n|-damage|p2a: Shaymin|15\/100 par\n|-unboost|p1a: Zacian|def|1\n|-unboost|p1a: Zacian|spd|1\n|move|p2a: Shaymin|Seed Flare|p1a: Zacian\n|-damage|p1a: Zacian|14\/100\n|\n|-heal|p2a: Shaymin|21\/100 par|[from] item: Leftovers\n|upkeep\n|turn|18\n|\n|t:|1699396284\n|move|p1a: Zacian|Close Combat|p2a: Shaymin\n|-resisted|p2a: Shaymin\n|-damage|p2a: Shaymin|0 fnt\n|-unboost|p1a: Zacian|def|1\n|-unboost|p1a: Zacian|spd|1\n|faint|p2a: Shaymin\n|\n|upkeep\n|\n|t:|1699396288\n|switch|p2a: Landorus|Landorus, M, shiny, tera:Water|70\/100\n|-damage|p2a: Landorus|58\/100|[from] Stealth Rock\n|turn|19\n|\n|t:|1699396299\n|switch|p1a: Magearna|Magearna|100\/100\n|-activate|p1a: Magearna|move: Sticky Web\n|-unboost|p1a: Magearna|spe|1\n|-enditem|p1a: Magearna|Eject Pack\n|\n|t:|1699396303\n|switch|p1a: Shaymin|Shaymin-Sky|100\/100\n|move|p2a: Landorus|Sludge Bomb|p1a: Shaymin\n|-supereffective|p1a: Shaymin\n|-damage|p1a: Shaymin|0 fnt\n|faint|p1a: Shaymin\n|\n|upkeep\n|\n|t:|1699396309\n|switch|p1a: Magearna|Magearna|100\/100\n|-activate|p1a: Magearna|move: Sticky Web\n|-unboost|p1a: Magearna|spe|1\n|turn|20\n|\n|t:|1699396327\n|switch|p2a: Heatran|Heatran, M|100\/100\n|-damage|p2a: Heatran|88\/100|[from] Stealth Rock\n|move|p1a: Magearna|Volt Switch|p2a: Heatran\n|-damage|p2a: Heatran|70\/100\n|\n|t:|1699396335\n|switch|p1a: Zacian|Zacian, shiny|14\/100|[from] Volt Switch\n|-activate|p1a: Zacian|move: Sticky Web\n|-unboost|p1a: Zacian|spe|1\n|\n|-heal|p2a: Heatran|76\/100|[from] item: Leftovers\n|upkeep\n|turn|21\n|\n|t:|1699396341\n|switch|p2a: Arceus|Arceus-Ghost|100\/100\n|-damage|p2a: Arceus|88\/100|[from] Stealth Rock\n|move|p1a: Zacian|Close Combat|p2a: Arceus\n|-immune|p2a: Arceus\n|\n|upkeep\n|turn|22\n|\n|t:|1699396353\n|switch|p1a: Chi-Yu|Chi-Yu|100\/100\n|-activate|p1a: Chi-Yu|move: Sticky Web\n|-unboost|p1a: Chi-Yu|spe|1\n|-ability|p1a: Chi-Yu|Beads of Ruin\n|move|p2a: Arceus|Swords Dance|p2a: Arceus\n|-boost|p2a: Arceus|atk|2\n|\n|upkeep\n|turn|23\n|\n|t:|1699396360\n|move|p1a: Chi-Yu|Dark Pulse|p2a: Arceus\n|-supereffective|p2a: Arceus\n|-damage|p2a: Arceus|17\/100\n|move|p2a: Arceus|Brick Break|p1a: Chi-Yu\n|-supereffective|p1a: Chi-Yu\n|-damage|p1a: Chi-Yu|0 fnt\n|faint|p1a: Chi-Yu\n|\n|upkeep\n|\n|t:|1699396371\n|switch|p1a: Magearna|Magearna|100\/100\n|-activate|p1a: Magearna|move: Sticky Web\n|-unboost|p1a: Magearna|spe|1\n|turn|24\n|\n|t:|1699396374\n|move|p2a: Arceus|Recover|p2a: Arceus\n|-heal|p2a: Arceus|67\/100\n|move|p1a: Magearna|Volt Switch|p2a: Arceus\n|-damage|p2a: Arceus|54\/100\n|\n|t:|1699396376\n|switch|p1a: Zacian|Zacian, shiny|14\/100|[from] Volt Switch\n|-activate|p1a: Zacian|move: Sticky Web\n|-unboost|p1a: Zacian|spe|1\n|\n|upkeep\n|turn|25\n|\n|t:|1699396397\n|move|p2a: Arceus|Shadow Claw|p1a: Zacian\n|-damage|p1a: Zacian|0 fnt\n|faint|p1a: Zacian\n|\n|upkeep\n|\n|t:|1699396400\n|switch|p1a: Magearna|Magearna|100\/100\n|-activate|p1a: Magearna|move: Sticky Web\n|-unboost|p1a: Magearna|spe|1\n|turn|26\n|\n|t:|1699396403\n|move|p2a: Arceus|Brick Break|p1a: Magearna\n|-damage|p1a: Magearna|52\/100\n|move|p1a: Magearna|Volt Switch|p2a: Arceus\n|-damage|p2a: Arceus|39\/100\n|\n|upkeep\n|turn|27\n|\n|t:|1699396410\n|move|p2a: Arceus|Brick Break|p1a: Magearna\n|-damage|p1a: Magearna|7\/100\n|move|p1a: Magearna|Pain Split|p2a: Arceus\n|-sethp|p2a: Arceus|23\/100|[from] move: Pain Split|[silent]\n|-sethp|p1a: Magearna|28\/100|[from] move: Pain Split\n|\n|upkeep\n|turn|28\n|\n|t:|1699396417\n|move|p2a: Arceus|Brick Break|p1a: Magearna\n|-damage|p1a: Magearna|0 fnt\n|faint|p1a: Magearna\n|\n|win|Kizaco\n|c|\u2606The8thSamurai|gg\n|c|\u2606Kizaco|gg\n|l|\u2606Kizaco\n|j|\u2606Kizaco\n|player|p2|Kizaco|1\n","uploadtime":1699396577,"views":32,"p1id":"the8thsamurai","p2id":"kizaco","formatid":"gen9ubers","rating":0,"private":0,"password":""}