{"id":"gen9ubers-1990070731","p1":"Kachowow","p2":"Bimx","format":"[Gen 9] Ubers","log":"|j|\u2606Kachowow\n|j|\u2606Bimx\n|t:|1699921382\n|gametype|singles\n|player|p1|Kachowow|cook-gen7|\n|player|p2|Bimx|170|\n|teamsize|p1|6\n|teamsize|p2|6\n|gen|9\n|tier|[Gen 9] Ubers\n|rule|Sleep Clause Mod: Limit one foe put to sleep\n|rule|Species Clause: Limit one of each Pok\u00e9mon\n|rule|OHKO Clause: OHKO moves are banned\n|rule|Evasion Items Clause: Evasion items are banned\n|rule|Evasion Moves Clause: Evasion moves are banned\n|rule|Endless Battle Clause: Forcing endless battles is banned\n|rule|HP Percentage Mod: HP is shown in percentages\n|clearpoke\n|poke|p1|Iron Valiant|\n|poke|p1|Goodra-Hisui, M|\n|poke|p1|Alomomola, F|\n|poke|p1|Azelf|\n|poke|p1|Glimmora, F|\n|poke|p1|Thundurus, M|\n|poke|p2|Ariados, F|\n|poke|p2|Corviknight, F|\n|poke|p2|Sinistcha-Masterpiece|\n|poke|p2|Chien-Pao|\n|poke|p2|Slowking-Galar, F|\n|poke|p2|Volcanion|\n|teampreview\n|j| AMAG\n|c|\u2606Kachowow|how long should we wait for ppl?\n|c|\u2606Bimx|lets give it one more min\n|c|\u2606Kachowow|kk\n|c|\u2606Bimx|aight f it\n|j| dqxii\n|c|\u2606Bimx|lets go\n|\n|t:|1699921524\n|start\n|switch|p1a: The Lonely Stoner|Glimmora, F|100\/100\n|switch|p2a: Ariados|Ariados, F|100\/100\n|turn|1\n|\n|t:|1699921534\n|move|p1a: The Lonely Stoner|Power Gem|p2a: Ariados\n|-supereffective|p2a: Ariados\n|-enditem|p2a: Ariados|Focus Sash\n|-damage|p2a: Ariados|1\/100\n|move|p2a: Ariados|Sticky Web|p1a: The Lonely Stoner\n|-sidestart|p1: Kachowow|move: Sticky Web\n|\n|upkeep\n|turn|2\n|c| AMAG|only the real are here\n|\n|t:|1699921541\n|move|p1a: The Lonely Stoner|Mortal Spin|p2a: Ariados\n|-resisted|p2a: Ariados\n|-damage|p2a: Ariados|0 fnt\n|-sideend|p1: Kachowow|Sticky Web|[from] move: Mortal Spin|[of] p1a: The Lonely Stoner\n|faint|p2a: Ariados\n|\n|upkeep\n|j| MissSandman\n|\n|t:|1699921569\n|switch|p2a: Volcanion|Volcanion|100\/100\n|turn|3\n|\n|t:|1699921584\n|move|p1a: The Lonely Stoner|Stealth Rock|p2a: Volcanion\n|-sidestart|p2: Bimx|move: Stealth Rock\n|move|p2a: Volcanion|Steam Eruption|p1a: The Lonely Stoner\n|-supereffective|p1a: The Lonely Stoner\n|-enditem|p1a: The Lonely Stoner|Focus Sash\n|-damage|p1a: The Lonely Stoner|1\/100\n|-status|p1a: The Lonely Stoner|brn\n|\n|-damage|p1a: The Lonely Stoner|0 fnt|[from] brn\n|faint|p1a: The Lonely Stoner\n|upkeep\n|\n|t:|1699921593\n|switch|p1a: Thunderus|Thundurus, M|100\/100\n|turn|4\n|c| AMAG|lol\n|\n|t:|1699921598\n|switch|p2a: Slowking|Slowking-Galar, F|100\/100\n|move|p1a: Thunderus|Discharge|p2a: Slowking\n|-damage|p2a: Slowking|75\/100\n|\n|upkeep\n|turn|5\n|\n|t:|1699921609\n|move|p1a: Thunderus|Knock Off|p2a: Slowking\n|-supereffective|p2a: Slowking\n|-damage|p2a: Slowking|31\/100\n|-enditem|p2a: Slowking|Heavy-Duty Boots|[from] move: Knock Off|[of] p1a: Thunderus\n|move|p2a: Slowking|Psychic|p1a: Thunderus\n|-damage|p1a: Thunderus|55\/100\n|\n|upkeep\n|turn|6\n|\n|t:|1699921622\n|move|p1a: Thunderus|Volt Switch|p2a: Slowking\n|-damage|p2a: Slowking|7\/100\n|\n|t:|1699921635\n|switch|p1a: Dillon Brooks|Azelf|100\/100|[from] Volt Switch\n|move|p2a: Slowking|Slack Off|p2a: Slowking\n|-heal|p2a: Slowking|57\/100\n|\n|upkeep\n|turn|7\n|\n|t:|1699921642\n|move|p1a: Dillon Brooks|Future Sight|p2a: Slowking\n|-start|p1a: Dillon Brooks|move: Future Sight\n|move|p2a: Slowking|Chilly Reception|p2a: Slowking\n|-weather|Snow\n|\n|t:|1699921649\n|switch|p2a: Chien-Pao|Chien-Pao|100\/100|[from] Chilly Reception\n|-damage|p2a: Chien-Pao|76\/100|[from] Stealth Rock\n|-ability|p2a: Chien-Pao|Sword of Ruin\n|\n|-weather|Snow|[upkeep]\n|upkeep\n|turn|8\n|\n|t:|1699921682\n|switch|p1a: Chinese|Alomomola, F|100\/100\n|move|p2a: Chien-Pao|Ice Spinner|p1a: Chinese\n|-resisted|p1a: Chinese\n|-damage|p1a: Chinese|81\/100\n|-damage|p2a: Chien-Pao|59\/100|[from] item: Rocky Helmet|[of] p1a: Chinese\n|\n|-weather|Snow|[upkeep]\n|upkeep\n|turn|9\n|\n|t:|1699921691\n|switch|p2a: Volcanion|Volcanion|100\/100\n|move|p1a: Chinese|Play Rough|p2a: Volcanion\n|-resisted|p2a: Volcanion\n|-damage|p2a: Volcanion|91\/100\n|\n|-weather|Snow|[upkeep]\n|-end|p2a: Volcanion|move: Future Sight\n|-damage|p2a: Volcanion|10\/100\n|upkeep\n|turn|10\n|j| Gonna Be Good\n|j| Lopunnys Cheeks\n|\n|t:|1699921703\n|move|p2a: Volcanion|Wild Charge|p1a: Chinese\n|-supereffective|p1a: Chinese\n|-damage|p1a: Chinese|56\/100\n|-damage|p2a: Volcanion|0 fnt|[from] item: Rocky Helmet|[of] p1a: Chinese\n|faint|p2a: Volcanion\n|move|p1a: Chinese|Play Rough|p2: Volcanion|[notarget]\n|-fail|p1a: Chinese\n|\n|-weather|Snow|[upkeep]\n|upkeep\n|\n|t:|1699921714\n|switch|p2a: Sinistcha|Sinistcha-Masterpiece|100\/100\n|turn|11\n|\n|t:|1699921726\n|switch|p1a: GOOED|Goodra-Hisui, M|100\/100\n|move|p2a: Sinistcha|Calm Mind|p2a: Sinistcha\n|-boost|p2a: Sinistcha|spa|1\n|-boost|p2a: Sinistcha|spd|1\n|\n|-weather|none\n|upkeep\n|turn|12\n|\n|t:|1699921734\n|move|p2a: Sinistcha|Calm Mind|p2a: Sinistcha\n|-boost|p2a: Sinistcha|spa|1\n|-boost|p2a: Sinistcha|spd|1\n|move|p1a: GOOED|Dragon Tail|p2a: Sinistcha\n|-damage|p2a: Sinistcha|79\/100\n|drag|p2a: Corviknight|Corviknight, F|100\/100\n|-damage|p2a: Corviknight|88\/100|[from] Stealth Rock\n|-ability|p2a: Corviknight|Pressure\n|\n|upkeep\n|turn|13\n|\n|t:|1699921749\n|switch|p1a: Chinese|Alomomola, F|90\/100\n|move|p2a: Corviknight|Body Press|p1a: Chinese\n|-damage|p1a: Chinese|80\/100\n|-damage|p2a: Corviknight|72\/100|[from] item: Rocky Helmet|[of] p1a: Chinese\n|\n|upkeep\n|turn|14\n|l| Gonna Be Good\n|\n|t:|1699921763\n|switch|p2a: Slowking|Slowking-Galar, F|90\/100\n|-damage|p2a: Slowking|78\/100|[from] Stealth Rock\n|move|p1a: Chinese|Flip Turn|p2a: Slowking\n|-damage|p2a: Slowking|60\/100\n|\n|t:|1699921775\n|switch|p1a: Thunderus|Thundurus, M|55\/100|[from] Flip Turn\n|\n|upkeep\n|turn|15\n|j| Gonna Be Good\n|\n|t:|1699921780\n|move|p1a: Thunderus|Thunder Wave|p2a: Slowking\n|-status|p2a: Slowking|par\n|move|p2a: Slowking|Slack Off|p2a: Slowking\n|-heal|p2a: Slowking|100\/100 par\n|\n|upkeep\n|turn|16\n|\n|t:|1699921789\n|move|p1a: Thunderus|Volt Switch|p2a: Slowking\n|-damage|p2a: Slowking|76\/100 par\n|\n|t:|1699921790\n|switch|p1a: GOOED|Goodra-Hisui, M|100\/100|[from] Volt Switch\n|move|p2a: Slowking|Psychic|p1a: GOOED\n|-resisted|p1a: GOOED\n|-damage|p1a: GOOED|93\/100\n|\n|upkeep\n|turn|17\n|\n|t:|1699921799\n|move|p1a: GOOED|Acid Spray|p2a: Slowking\n|-resisted|p2a: Slowking\n|-damage|p2a: Slowking|72\/100 par\n|-unboost|p2a: Slowking|spd|2\n|move|p2a: Slowking|Focus Blast|p1a: GOOED\n|-supereffective|p1a: GOOED\n|-damage|p1a: GOOED|68\/100\n|-unboost|p1a: GOOED|spd|1\n|\n|upkeep\n|turn|18\n|\n|t:|1699921813\n|switch|p2a: Corviknight|Corviknight, F|72\/100\n|-damage|p2a: Corviknight|59\/100|[from] Stealth Rock\n|-ability|p2a: Corviknight|Pressure\n|move|p1a: GOOED|Thunderbolt|p2a: Corviknight\n|-supereffective|p2a: Corviknight\n|-damage|p2a: Corviknight|21\/100\n|\n|upkeep\n|turn|19\n|\n|t:|1699921824\n|switch|p1a: Dillon Brooks|Azelf|100\/100\n|move|p2a: Corviknight|Roost|p2a: Corviknight\n|-heal|p2a: Corviknight|71\/100\n|-singleturn|p2a: Corviknight|move: Roost\n|\n|upkeep\n|turn|20\n|\n|t:|1699921834\n|switch|p2a: Slowking|Slowking-Galar, F|100\/100 par\n|-damage|p2a: Slowking|88\/100 par|[from] Stealth Rock\n|move|p1a: Dillon Brooks|Thunderbolt|p2a: Slowking\n|-damage|p2a: Slowking|69\/100 par\n|\n|upkeep\n|turn|21\n|\n|t:|1699921840\n|move|p1a: Dillon Brooks|Future Sight|p2a: Slowking\n|-start|p1a: Dillon Brooks|move: Future Sight\n|move|p2a: Slowking|Chilly Reception|p2a: Slowking\n|-weather|Snow\n|\n|t:|1699921851\n|switch|p2a: Sinistcha|Sinistcha-Masterpiece|79\/100|[from] Chilly Reception\n|\n|-weather|Snow|[upkeep]\n|upkeep\n|turn|22\n|\n|t:|1699921860\n|move|p1a: Dillon Brooks|U-turn|p2a: Sinistcha\n|-damage|p2a: Sinistcha|57\/100\n|\n|t:|1699921863\n|switch|p1a: GOOED|Goodra-Hisui, M|68\/100|[from] U-turn\n|move|p2a: Sinistcha|Shadow Ball|p1a: GOOED\n|-damage|p1a: GOOED|50\/100\n|-unboost|p1a: GOOED|spd|1\n|\n|-weather|Snow|[upkeep]\n|upkeep\n|turn|23\n|\n|t:|1699921878\n|switch|p2a: Corviknight|Corviknight, F|71\/100\n|-damage|p2a: Corviknight|59\/100|[from] Stealth Rock\n|-ability|p2a: Corviknight|Pressure\n|move|p1a: GOOED|Draco Meteor|p2a: Corviknight\n|-resisted|p2a: Corviknight\n|-damage|p2a: Corviknight|35\/100\n|-unboost|p1a: GOOED|spa|2\n|\n|-weather|Snow|[upkeep]\n|-end|p2a: Corviknight|move: Future Sight\n|-resisted|p2a: Corviknight\n|-damage|p2a: Corviknight|11\/100\n|upkeep\n|turn|24\n|\n|t:|1699921894\n|switch|p1a: Thunderus|Thundurus, M|55\/100\n|move|p2a: Corviknight|Roost|p2a: Corviknight\n|-heal|p2a: Corviknight|61\/100\n|-singleturn|p2a: Corviknight|move: Roost\n|\n|-weather|Snow|[upkeep]\n|upkeep\n|turn|25\n|\n|t:|1699921904\n|switch|p2a: Slowking|Slowking-Galar, F|100\/100 par\n|-damage|p2a: Slowking|88\/100 par|[from] Stealth Rock\n|move|p1a: Thunderus|Knock Off|p2a: Slowking\n|-supereffective|p2a: Slowking\n|-damage|p2a: Slowking|57\/100 par\n|\n|-weather|none\n|upkeep\n|turn|26\n|\n|t:|1699921917\n|move|p1a: Thunderus|Volt Switch|p2a: Slowking\n|-damage|p2a: Slowking|36\/100 par\n|\n|t:|1699921918\n|switch|p1a: Chinese|Alomomola, F|100\/100|[from] Volt Switch\n|move|p2a: Slowking|Slack Off|p2a: Slowking\n|-heal|p2a: Slowking|86\/100 par\n|\n|upkeep\n|turn|27\n|\n|t:|1699921928\n|move|p1a: Chinese|Wish|p1a: Chinese\n|move|p2a: Slowking|Psychic|p1a: Chinese\n|-damage|p1a: Chinese|63\/100\n|\n|upkeep\n|turn|28\n|\n|t:|1699921934\n|move|p2a: Slowking|Chilly Reception|p2a: Slowking\n|-weather|Snow\n|\n|t:|1699921948\n|switch|p2a: Sinistcha|Sinistcha-Masterpiece|57\/100|[from] Chilly Reception\n|move|p1a: Chinese|Mirror Coat||[still]\n|-fail|p1a: Chinese\n|\n|-weather|Snow|[upkeep]\n|-heal|p1a: Chinese|100\/100|[from] move: Wish|[wisher] Chinese\n|upkeep\n|turn|29\n|\n|t:|1699921964\n|switch|p1a: Thunderus|Thundurus, M|55\/100\n|move|p2a: Sinistcha|Matcha Gotcha|p1a: Thunderus|[miss]\n|-miss|p2a: Sinistcha|p1a: Thunderus\n|\n|-weather|Snow|[upkeep]\n|upkeep\n|turn|30\n|\n|t:|1699921971\n|switch|p2a: Slowking|Slowking-Galar, F|100\/100 par\n|-damage|p2a: Slowking|88\/100 par|[from] Stealth Rock\n|move|p1a: Thunderus|Knock Off|p2a: Slowking\n|-supereffective|p2a: Slowking\n|-damage|p2a: Slowking|58\/100 par\n|\n|-weather|Snow|[upkeep]\n|upkeep\n|turn|31\n|\n|t:|1699921985\n|move|p1a: Thunderus|Knock Off|p2a: Slowking\n|-supereffective|p2a: Slowking\n|-damage|p2a: Slowking|27\/100 par\n|cant|p2a: Slowking|par\n|\n|-weather|Snow|[upkeep]\n|upkeep\n|turn|32\n|\n|t:|1699922008\n|switch|p2a: Corviknight|Corviknight, F|61\/100\n|-damage|p2a: Corviknight|49\/100|[from] Stealth Rock\n|-ability|p2a: Corviknight|Pressure\n|move|p1a: Thunderus|Knock Off|p2a: Corviknight\n|-damage|p2a: Corviknight|30\/100\n|-damage|p1a: Thunderus|39\/100|[from] item: Rocky Helmet|[of] p2a: Corviknight\n|-enditem|p2a: Corviknight|Rocky Helmet|[from] move: Knock Off|[of] p1a: Thunderus\n|\n|-weather|none\n|upkeep\n|turn|33\n|\n|t:|1699922020\n|move|p1a: Thunderus|Volt Switch|p2a: Corviknight\n|-supereffective|p2a: Corviknight\n|-damage|p2a: Corviknight|0 fnt\n|faint|p2a: Corviknight\n|\n|t:|1699922028\n|switch|p1a: Dillon Brooks|Azelf|100\/100|[from] Volt Switch\n|\n|upkeep\n|\n|t:|1699922036\n|switch|p2a: Sinistcha|Sinistcha-Masterpiece|57\/100\n|turn|34\n|\n|t:|1699922045\n|move|p1a: Dillon Brooks|U-turn|p2a: Sinistcha\n|-damage|p2a: Sinistcha|34\/100\n|\n|t:|1699922049\n|switch|p1a: GOOED|Goodra-Hisui, M|50\/100|[from] U-turn\n|move|p2a: Sinistcha|Shadow Ball|p1a: GOOED\n|-damage|p1a: GOOED|32\/100\n|\n|upkeep\n|turn|35\n|\n|t:|1699922064\n|move|p2a: Sinistcha|Shadow Ball|p1a: GOOED\n|-damage|p1a: GOOED|14\/100\n|move|p1a: GOOED|Draco Meteor|p2a: Sinistcha\n|-damage|p2a: Sinistcha|0 fnt\n|-unboost|p1a: GOOED|spa|2\n|faint|p2a: Sinistcha\n|\n|upkeep\n|\n|t:|1699922077\n|switch|p2a: Slowking|Slowking-Galar, F|60\/100 par\n|-damage|p2a: Slowking|48\/100 par|[from] Stealth Rock\n|turn|36\n|\n|t:|1699922103\n|switch|p1a: Thunderus|Thundurus, M|39\/100\n|move|p2a: Slowking|Psychic|p1a: Thunderus\n|-damage|p1a: Thunderus|0 fnt\n|faint|p1a: Thunderus\n|\n|upkeep\n|\n|t:|1699922110\n|switch|p1a: Boosted|Iron Valiant|100\/100\n|-enditem|p1a: Boosted|Booster Energy\n|-activate|p1a: Boosted|ability: Quark Drive|[fromitem]\n|-start|p1a: Boosted|quarkdrivespe\n|turn|37\n|\n|t:|1699922119\n|move|p1a: Boosted|Shadow Claw|p2a: Slowking\n|-supereffective|p2a: Slowking\n|-damage|p2a: Slowking|0 fnt\n|faint|p2a: Slowking\n|\n|upkeep\n|\n|t:|1699922124\n|switch|p2a: Chien-Pao|Chien-Pao|59\/100\n|-damage|p2a: Chien-Pao|34\/100|[from] Stealth Rock\n|-ability|p2a: Chien-Pao|Sword of Ruin\n|turn|38\n|\n|t:|1699922134\n|move|p1a: Boosted|Spirit Break|p2a: Chien-Pao\n|-supereffective|p2a: Chien-Pao\n|-damage|p2a: Chien-Pao|0 fnt\n|faint|p2a: Chien-Pao\n|\n|win|Kachowow\n|c|\u2606Bimx|gg\n|c|\u2606Kachowow|ggd\n|c|\u2606Kachowow|ggs\n|l| MissSandman\n","uploadtime":1699922142,"views":14,"p1id":"kachowow","p2id":"bimx","formatid":"gen9ubers","rating":0,"private":0,"password":""}