{"id":"gen9ubers-1976195621","p1":"ArcticNubFox","p2":"Niconicolebest","format":"[Gen 9] Ubers","log":"|j|\u2606ArcticNubFox\n|j|\u2606Niconicolebest\n|t:|1698272573\n|gametype|singles\n|player|p1|ArcticNubFox|ghetsis|\n|player|p2|Niconicolebest|1|\n|teamsize|p1|6\n|teamsize|p2|6\n|gen|9\n|tier|[Gen 9] Ubers\n|rule|Sleep Clause Mod: Limit one foe put to sleep\n|rule|Species Clause: Limit one of each Pok\u00e9mon\n|rule|OHKO Clause: OHKO moves are banned\n|rule|Evasion Items Clause: Evasion items are banned\n|rule|Evasion Moves Clause: Evasion moves are banned\n|rule|Endless Battle Clause: Forcing endless battles is banned\n|rule|HP Percentage Mod: HP is shown in percentages\n|clearpoke\n|poke|p1|Iron Valiant|\n|poke|p1|Roaring Moon|\n|poke|p1|Chi-Yu|\n|poke|p1|Palafin, M|\n|poke|p1|Dragonite, F|\n|poke|p1|Magearna|\n|poke|p2|Magearna|\n|poke|p2|Shaymin-Sky|\n|poke|p2|Palafin, M|\n|poke|p2|Landorus, M|\n|poke|p2|Dondozo, F|\n|poke|p2|Blissey, F|\n|teampreview\n|inactive|Battle timer is ON: inactive players will automatically lose when time's up. (requested by ArcticNubFox)\n|inactive|Niconicolebest also wants the timer to be on.\n|inactive|ArcticNubFox has 270 seconds left.\n|c|\u2606ArcticNubFox|glhf\n|\n|t:|1698272605\n|start\n|switch|p1a: Palafin|Palafin, M|100\/100\n|switch|p2a: Dondozo|Dondozo, F, shiny|100\/100\n|turn|1\n|c|\u2606Niconicolebest|Y2\n|\n|t:|1698272613\n|move|p1a: Palafin|Flip Turn|p2a: Dondozo\n|-resisted|p2a: Dondozo\n|-damage|p2a: Dondozo|94\/100\n|-damage|p1a: Palafin|91\/100|[from] item: Life Orb\n|\n|t:|1698272625\n|detailschange|p1a: Palafin|Palafin-Hero, M\n|switch|p1a: Magearna|Magearna|100\/100|[from] Flip Turn\n|move|p2a: Dondozo|Body Press|p1a: Magearna\n|-damage|p1a: Magearna|82\/100\n|\n|-heal|p2a: Dondozo|100\/100|[from] item: Leftovers\n|upkeep\n|turn|2\n|\n|t:|1698272633\n|move|p1a: Magearna|Shift Gear|p1a: Magearna\n|-boost|p1a: Magearna|spe|2\n|-boost|p1a: Magearna|atk|1\n|move|p2a: Dondozo|Wave Crash|p1a: Magearna\n|-damage|p1a: Magearna|55\/100\n|-damage|p2a: Dondozo|94\/100|[from] Recoil\n|\n|-heal|p2a: Dondozo|99\/100|[from] item: Leftovers\n|upkeep\n|turn|3\n|\n|t:|1698272646\n|move|p1a: Magearna|Calm Mind|p1a: Magearna\n|-boost|p1a: Magearna|spa|1\n|-boost|p1a: Magearna|spd|1\n|move|p2a: Dondozo|Wave Crash|p1a: Magearna\n|-damage|p1a: Magearna|29\/100\n|-damage|p2a: Dondozo|94\/100|[from] Recoil\n|\n|-heal|p2a: Dondozo|99\/100|[from] item: Leftovers\n|upkeep\n|turn|4\n|\n|t:|1698272654\n|move|p1a: Magearna|Draining Kiss|p2a: Dondozo\n|-damage|p2a: Dondozo|81\/100\n|-heal|p1a: Magearna|50\/100|[from] drain|[of] p2a: Dondozo\n|move|p2a: Dondozo|Wave Crash|p1a: Magearna\n|-damage|p1a: Magearna|26\/100\n|-damage|p2a: Dondozo|75\/100|[from] Recoil\n|\n|-heal|p2a: Dondozo|81\/100|[from] item: Leftovers\n|upkeep\n|turn|5\n|\n|t:|1698272663\n|move|p1a: Magearna|Draining Kiss|p2a: Dondozo\n|-crit|p2a: Dondozo\n|-damage|p2a: Dondozo|49\/100\n|-heal|p1a: Magearna|59\/100|[from] drain|[of] p2a: Dondozo\n|move|p2a: Dondozo|Wave Crash|p1a: Magearna\n|-damage|p1a: Magearna|36\/100\n|-damage|p2a: Dondozo|44\/100|[from] Recoil\n|\n|-heal|p2a: Dondozo|50\/100|[from] item: Leftovers\n|upkeep\n|turn|6\n|\n|t:|1698272671\n|move|p1a: Magearna|Draining Kiss|p2a: Dondozo\n|-damage|p2a: Dondozo|29\/100\n|-heal|p1a: Magearna|58\/100|[from] drain|[of] p2a: Dondozo\n|move|p2a: Dondozo|Wave Crash|p1a: Magearna\n|-damage|p1a: Magearna|31\/100\n|-damage|p2a: Dondozo|22\/100|[from] Recoil\n|\n|-heal|p2a: Dondozo|28\/100|[from] item: Leftovers\n|upkeep\n|turn|7\n|\n|t:|1698272679\n|move|p1a: Magearna|Draining Kiss|p2a: Dondozo\n|-damage|p2a: Dondozo|7\/100\n|-heal|p1a: Magearna|54\/100|[from] drain|[of] p2a: Dondozo\n|move|p2a: Dondozo|Wave Crash|p1a: Magearna\n|-damage|p1a: Magearna|28\/100\n|-damage|p2a: Dondozo|1\/100|[from] Recoil\n|\n|-heal|p2a: Dondozo|7\/100|[from] item: Leftovers\n|upkeep\n|turn|8\n|\n|t:|1698272686\n|move|p1a: Magearna|Draining Kiss|p2a: Dondozo\n|-damage|p2a: Dondozo|0 fnt\n|-heal|p1a: Magearna|35\/100|[from] drain|[of] p2a: Dondozo\n|faint|p2a: Dondozo\n|-ability|p1a: Magearna|Soul-Heart|boost\n|-boost|p1a: Magearna|spa|1\n|\n|upkeep\n|\n|t:|1698272695\n|switch|p2a: Blissey|Blissey, F, shiny|100\/100\n|turn|9\n|\n|t:|1698272707\n|move|p1a: Magearna|Calm Mind|p1a: Magearna\n|-boost|p1a: Magearna|spa|1\n|-boost|p1a: Magearna|spd|1\n|move|p2a: Blissey|Thunder Wave|p1a: Magearna\n|-status|p1a: Magearna|par\n|\n|upkeep\n|turn|10\n|\n|t:|1698272714\n|move|p1a: Magearna|Shift Gear|p1a: Magearna\n|-boost|p1a: Magearna|spe|2\n|-boost|p1a: Magearna|atk|1\n|move|p2a: Blissey|Seismic Toss|p1a: Magearna\n|-damage|p1a: Magearna|7\/100 par\n|\n|upkeep\n|turn|11\n|\n|t:|1698272720\n|move|p1a: Magearna|Draining Kiss|p2a: Blissey\n|-damage|p2a: Blissey|86\/100\n|-heal|p1a: Magearna|28\/100 par|[from] drain|[of] p2a: Blissey\n|move|p2a: Blissey|Seismic Toss|p1a: Magearna\n|-damage|p1a: Magearna|0 fnt\n|faint|p1a: Magearna\n|\n|-heal|p2a: Blissey|93\/100|[from] item: Leftovers\n|upkeep\n|\n|t:|1698272735\n|switch|p1a: Iron Valiant|Iron Valiant, shiny|100\/100\n|-enditem|p1a: Iron Valiant|Booster Energy\n|-activate|p1a: Iron Valiant|ability: Quark Drive|[fromitem]\n|-start|p1a: Iron Valiant|quarkdrivespe\n|turn|12\n|\n|t:|1698272745\n|move|p1a: Iron Valiant|Knock Off|p2a: Blissey\n|-damage|p2a: Blissey|29\/100\n|-enditem|p2a: Blissey|Leftovers|[from] move: Knock Off|[of] p1a: Iron Valiant\n|move|p2a: Blissey|Thunder Wave|p1a: Iron Valiant\n|-status|p1a: Iron Valiant|par\n|\n|upkeep\n|turn|13\n|\n|t:|1698272755\n|switch|p2a: Shaymin|Shaymin-Sky, shiny|100\/100\n|move|p1a: Iron Valiant|Spirit Break|p2a: Shaymin\n|-damage|p2a: Shaymin|48\/100\n|-unboost|p2a: Shaymin|spa|1\n|\n|-heal|p2a: Shaymin|54\/100|[from] item: Leftovers\n|upkeep\n|turn|14\n|\n|t:|1698272765\n|-end|p1a: Iron Valiant|Quark Drive|[silent]\n|switch|p1a: Dragonite|Dragonite, F|100\/100\n|move|p2a: Shaymin|Air Slash|p1a: Dragonite\n|-damage|p1a: Dragonite|88\/100\n|\n|-heal|p2a: Shaymin|60\/100|[from] item: Leftovers\n|upkeep\n|turn|15\n|\n|t:|1698272773\n|move|p1a: Dragonite|Extreme Speed|p2a: Shaymin\n|-damage|p2a: Shaymin|1\/100\n|move|p2a: Shaymin|Tailwind|p2a: Shaymin\n|-sidestart|p2: Niconicolebest|move: Tailwind\n|\n|-heal|p2a: Shaymin|8\/100|[from] item: Leftovers\n|upkeep\n|turn|16\n|\n|t:|1698272778\n|move|p1a: Dragonite|Extreme Speed|p2a: Shaymin\n|-damage|p2a: Shaymin|0 fnt\n|faint|p2a: Shaymin\n|\n|upkeep\n|\n|t:|1698272783\n|switch|p2a: Magearna|Magearna|100\/100\n|turn|17\n|\n|t:|1698272803\n|switch|p1a: Iron Valiant|Iron Valiant, shiny|100\/100 par\n|move|p2a: Magearna|Shift Gear|p2a: Magearna\n|-boost|p2a: Magearna|spe|2\n|-boost|p2a: Magearna|atk|1\n|\n|upkeep\n|turn|18\n|\n|t:|1698272830\n|move|p2a: Magearna|Calm Mind|p2a: Magearna\n|-boost|p2a: Magearna|spa|1\n|-boost|p2a: Magearna|spd|1\n|move|p1a: Iron Valiant|Knock Off|p2a: Magearna\n|-resisted|p2a: Magearna\n|-damage|p2a: Magearna|89\/100\n|-enditem|p2a: Magearna|Leftovers|[from] move: Knock Off|[of] p1a: Iron Valiant\n|\n|-sideend|p2: Niconicolebest|move: Tailwind\n|upkeep\n|turn|19\n|\n|t:|1698272838\n|move|p2a: Magearna|Shift Gear|p2a: Magearna\n|-boost|p2a: Magearna|spe|2\n|-boost|p2a: Magearna|atk|1\n|cant|p1a: Iron Valiant|par\n|\n|upkeep\n|turn|20\n|\n|t:|1698272844\n|move|p2a: Magearna|Stored Power|p1a: Iron Valiant\n|-supereffective|p1a: Iron Valiant\n|-damage|p1a: Iron Valiant|0 fnt\n|faint|p1a: Iron Valiant\n|-ability|p2a: Magearna|Soul-Heart|boost\n|-boost|p2a: Magearna|spa|1\n|-end|p1a: Iron Valiant|Quark Drive|[silent]\n|\n|upkeep\n|\n|t:|1698272858\n|switch|p1a: Roaring Moon|Roaring Moon|100\/100\n|-enditem|p1a: Roaring Moon|Booster Energy\n|-activate|p1a: Roaring Moon|ability: Protosynthesis|[fromitem]\n|-start|p1a: Roaring Moon|protosynthesisspe\n|turn|21\n|\n|t:|1698272879\n|-terastallize|p1a: Roaring Moon|Flying\n|move|p1a: Roaring Moon|Earthquake|p2a: Magearna\n|-supereffective|p2a: Magearna\n|-damage|p2a: Magearna|36\/100\n|move|p2a: Magearna|Tera Blast|p1a: Roaring Moon\n|-damage|p1a: Roaring Moon|54\/100\n|\n|upkeep\n|turn|22\n|\n|t:|1698272889\n|-terastallize|p2a: Magearna|Ground\n|move|p1a: Roaring Moon|Earthquake|p2a: Magearna\n|-damage|p2a: Magearna|8\/100\n|move|p2a: Magearna|Shift Gear|p2a: Magearna\n|-boost|p2a: Magearna|spe|2\n|-boost|p2a: Magearna|atk|1\n|\n|upkeep\n|turn|23\n|\n|t:|1698272897\n|move|p2a: Magearna|Stored Power|p1a: Roaring Moon\n|-damage|p1a: Roaring Moon|0 fnt\n|faint|p1a: Roaring Moon\n|-ability|p2a: Magearna|Soul-Heart|boost\n|-boost|p2a: Magearna|spa|1\n|-end|p1a: Roaring Moon|Protosynthesis|[silent]\n|\n|upkeep\n|\n|t:|1698272902\n|switch|p1a: Dragonite|Dragonite, F|88\/100\n|turn|24\n|\n|t:|1698272906\n|move|p1a: Dragonite|Extreme Speed|p2a: Magearna\n|-damage|p2a: Magearna|0 fnt\n|faint|p2a: Magearna\n|\n|upkeep\n|\n|t:|1698272912\n|switch|p2a: Palafin|Palafin, M, shiny|100\/100\n|turn|25\n|\n|t:|1698272923\n|detailschange|p2a: Palafin|Palafin-Hero, M, shiny\n|switch|p2a: Blissey|Blissey, F, shiny|29\/100\n|move|p1a: Dragonite|Extreme Speed|p2a: Blissey\n|-damage|p2a: Blissey|0 fnt\n|faint|p2a: Blissey\n|\n|upkeep\n|\n|t:|1698272925\n|switch|p2a: Landorus|Landorus, M, shiny|100\/100\n|turn|26\n|\n|t:|1698272932\n|move|p1a: Dragonite|Extreme Speed|p2a: Landorus\n|-damage|p2a: Landorus|44\/100\n|move|p2a: Landorus|Sludge Bomb|p1a: Dragonite\n|-damage|p1a: Dragonite|41\/100\n|\n|upkeep\n|turn|27\n|\n|t:|1698272940\n|move|p1a: Dragonite|Extreme Speed|p2a: Landorus\n|-damage|p2a: Landorus|0 fnt\n|faint|p2a: Landorus\n|\n|upkeep\n|\n|t:|1698272944\n|switch|p2a: Palafin|Palafin-Hero, M, shiny|100\/100\n|-activate|p2a: Palafin|ability: Zero to Hero\n|turn|28\n|\n|t:|1698272948\n|move|p1a: Dragonite|Extreme Speed|p2a: Palafin\n|-damage|p2a: Palafin|55\/100\n|move|p2a: Palafin|Bulk Up|p2a: Palafin\n|-boost|p2a: Palafin|atk|1\n|-boost|p2a: Palafin|def|1\n|\n|-heal|p2a: Palafin|61\/100|[from] item: Leftovers\n|upkeep\n|turn|29\n|\n|t:|1698272959\n|move|p1a: Dragonite|Extreme Speed|p2a: Palafin\n|-damage|p2a: Palafin|31\/100\n|move|p2a: Palafin|Wave Crash|p1a: Dragonite\n|-resisted|p1a: Dragonite\n|-damage|p1a: Dragonite|0 fnt\n|faint|p1a: Dragonite\n|-damage|p2a: Palafin|19\/100|[from] Recoil\n|\n|-heal|p2a: Palafin|25\/100|[from] item: Leftovers\n|upkeep\n|\n|t:|1698272966\n|switch|p1a: Chi-Yu|Chi-Yu|100\/100\n|-ability|p1a: Chi-Yu|Beads of Ruin\n|turn|30\n|\n|t:|1698272970\n|move|p2a: Palafin|Close Combat|p1a: Chi-Yu\n|-supereffective|p1a: Chi-Yu\n|-damage|p1a: Chi-Yu|0 fnt\n|-unboost|p2a: Palafin|def|1\n|-unboost|p2a: Palafin|spd|1\n|faint|p1a: Chi-Yu\n|\n|-heal|p2a: Palafin|31\/100|[from] item: Leftovers\n|upkeep\n|\n|t:|1698272973\n|switch|p1a: Palafin|Palafin-Hero, M|91\/100\n|-activate|p1a: Palafin|ability: Zero to Hero\n|turn|31\n|\n|t:|1698272984\n|move|p2a: Palafin|Close Combat|p1a: Palafin\n|-damage|p1a: Palafin|16\/100\n|-unboost|p2a: Palafin|def|1\n|-unboost|p2a: Palafin|spd|1\n|move|p1a: Palafin|Wave Crash|p2a: Palafin\n|-resisted|p2a: Palafin\n|-crit|p2a: Palafin\n|-damage|p2a: Palafin|0 fnt\n|faint|p2a: Palafin\n|-damage|p1a: Palafin|6\/100|[from] Recoil\n|-damage|p1a: Palafin|0 fnt|[from] item: Life Orb\n|faint|p1a: Palafin\n|\n|win|ArcticNubFox\n|c|\u2606ArcticNubFox|gg\n|l|\u2606ArcticNubFox\n|c|\u2606Niconicolebest|gg\n|j|\u2606ArcticNubFox\n|player|p1|ArcticNubFox|ghetsis\n|l|\u2606Niconicolebest\n","uploadtime":1698273007,"views":16,"p1id":"arcticnubfox","p2id":"niconicolebest","formatid":"gen9ubers","rating":0,"private":0,"password":""}