{"id":"gen9ubers-1980450247","p1":"mann_treads","p2":"XpokVEVO","format":"[Gen 9] Ubers","log":"|j|\u2606mann_treads\n|j|\u2606XpokVEVO\n|t:|1698786044\n|gametype|singles\n|player|p1|mann_treads|ariana|\n|player|p2|XpokVEVO|mustard|\n|teamsize|p1|6\n|teamsize|p2|6\n|gen|9\n|tier|[Gen 9] Ubers\n|rule|Sleep Clause Mod: Limit one foe put to sleep\n|rule|Species Clause: Limit one of each Pok\u00e9mon\n|rule|OHKO Clause: OHKO moves are banned\n|rule|Evasion Items Clause: Evasion items are banned\n|rule|Evasion Moves Clause: Evasion moves are banned\n|rule|Endless Battle Clause: Forcing endless battles is banned\n|rule|HP Percentage Mod: HP is shown in percentages\n|clearpoke\n|poke|p1|Talonflame, F|\n|poke|p1|Blissey, F|\n|poke|p1|Dondozo, M|\n|poke|p1|Arceus-Grass|\n|poke|p1|Gliscor, M|\n|poke|p1|Slowking, M|\n|poke|p2|Arceus-Fire|\n|poke|p2|Cyclizar, F|\n|poke|p2|Espathra, F|\n|poke|p2|Magearna|\n|poke|p2|Zacian-*|\n|poke|p2|Roaring Moon|\n|teampreview\n|inactive|Battle timer is ON: inactive players will automatically lose when time's up. (requested by XpokVEVO)\n|\n|t:|1698786055\n|start\n|switch|p1a: Gliscor|Gliscor, M|100\/100\n|switch|p2a: Akira|Cyclizar, F|100\/100\n|turn|1\n|\n|t:|1698786064\n|move|p2a: Akira|Knock Off|p1a: Gliscor\n|-damage|p1a: Gliscor|83\/100\n|-enditem|p1a: Gliscor|Toxic Orb|[from] move: Knock Off|[of] p2a: Akira\n|move|p1a: Gliscor|Toxic Spikes|p2a: Akira\n|-sidestart|p2: XpokVEVO|move: Toxic Spikes\n|\n|upkeep\n|turn|2\n|\n|t:|1698786070\n|move|p1a: Gliscor|Protect|p1a: Gliscor\n|-singleturn|p1a: Gliscor|Protect\n|move|p2a: Akira|Taunt|p1a: Gliscor\n|-activate|p1a: Gliscor|move: Protect\n|\n|upkeep\n|turn|3\n|\n|t:|1698786075\n|move|p2a: Akira|Rapid Spin|p1a: Gliscor\n|-damage|p1a: Gliscor|69\/100\n|-boost|p2a: Akira|spe|1\n|-sideend|p2: XpokVEVO|Toxic Spikes|[from] move: Rapid Spin|[of] p2a: Akira\n|move|p1a: Gliscor|Toxic Spikes|p2a: Akira\n|-sidestart|p2: XpokVEVO|move: Toxic Spikes\n|\n|upkeep\n|turn|4\n|\n|t:|1698786082\n|move|p2a: Akira|Taunt|p1a: Gliscor\n|-start|p1a: Gliscor|move: Taunt\n|move|p1a: Gliscor|Knock Off|p2a: Akira\n|-damage|p2a: Akira|61\/100\n|-enditem|p2a: Akira|Heavy-Duty Boots|[from] move: Knock Off|[of] p1a: Gliscor\n|\n|upkeep\n|turn|5\n|\n|t:|1698786092\n|switch|p1a: Arceus|Arceus-Grass, shiny|100\/100\n|move|p2a: Akira|Shed Tail|p2a: Akira\n|-start|p2a: Akira|Substitute|[from] move: Shed Tail\n|-damage|p2a: Akira|11\/100\n|\n|t:|1698786101\n|switch|p2a: Roaring Peak|Roaring Moon|100\/100|[from] Shed Tail\n|-status|p2a: Roaring Peak|psn\n|-enditem|p2a: Roaring Peak|Booster Energy\n|-activate|p2a: Roaring Peak|ability: Protosynthesis|[fromitem]\n|-start|p2a: Roaring Peak|protosynthesisspe\n|\n|-damage|p2a: Roaring Peak|88\/100 psn|[from] psn\n|upkeep\n|turn|6\n|\n|t:|1698786110\n|move|p2a: Roaring Peak|Dragon Dance|p2a: Roaring Peak\n|-boost|p2a: Roaring Peak|atk|1\n|-boost|p2a: Roaring Peak|spe|1\n|move|p1a: Arceus|Cosmic Power|p1a: Arceus\n|-boost|p1a: Arceus|def|1\n|-boost|p1a: Arceus|spd|1\n|\n|-damage|p2a: Roaring Peak|75\/100 psn|[from] psn\n|upkeep\n|turn|7\n|\n|t:|1698786128\n|-terastallize|p2a: Roaring Peak|Flying\n|move|p2a: Roaring Peak|Acrobatics|p1a: Arceus\n|-supereffective|p1a: Arceus\n|-damage|p1a: Arceus|18\/100\n|move|p1a: Arceus|Body Press|p2a: Roaring Peak\n|-resisted|p2a: Roaring Peak\n|-activate|p2a: Roaring Peak|move: Substitute|[damage]\n|\n|-damage|p2a: Roaring Peak|63\/100 psn|[from] psn\n|upkeep\n|turn|8\n|c|\u2606mann_treads|wtf how does that not break sub\n|c|\u2606mann_treads|grr\n|\n|t:|1698786147\n|switch|p1a: Dondozo|Dondozo, M|100\/100\n|move|p2a: Roaring Peak|Acrobatics|p1a: Dondozo\n|-damage|p1a: Dondozo|74\/100\n|\n|-heal|p1a: Dondozo|80\/100|[from] item: Leftovers\n|-damage|p2a: Roaring Peak|50\/100 psn|[from] psn\n|upkeep\n|turn|9\n|\n|t:|1698786167\n|move|p2a: Roaring Peak|Knock Off|p1a: Dondozo\n|-damage|p1a: Dondozo|59\/100\n|-enditem|p1a: Dondozo|Leftovers|[from] move: Knock Off|[of] p2a: Roaring Peak\n|move|p1a: Dondozo|Curse|p1a: Dondozo\n|-unboost|p1a: Dondozo|spe|1\n|-boost|p1a: Dondozo|atk|1\n|-boost|p1a: Dondozo|def|1\n|\n|-damage|p2a: Roaring Peak|38\/100 psn|[from] psn\n|upkeep\n|turn|10\n|\n|t:|1698786181\n|-end|p2a: Roaring Peak|Protosynthesis|[silent]\n|switch|p2a: Aunt Fanny|Magearna|100\/100\n|move|p1a: Dondozo|Liquidation|p2a: Aunt Fanny\n|-damage|p2a: Aunt Fanny|56\/100\n|\n|upkeep\n|turn|11\n|\n|t:|1698786204\n|move|p2a: Aunt Fanny|Thunder Wave|p1a: Dondozo\n|-status|p1a: Dondozo|par\n|move|p1a: Dondozo|Liquidation|p2a: Aunt Fanny\n|-damage|p2a: Aunt Fanny|14\/100\n|\n|upkeep\n|turn|12\n|\n|t:|1698786211\n|move|p2a: Aunt Fanny|Fleur Cannon|p1a: Dondozo\n|-damage|p1a: Dondozo|0 fnt\n|-unboost|p2a: Aunt Fanny|spa|2\n|faint|p1a: Dondozo\n|-ability|p2a: Aunt Fanny|Soul-Heart|boost\n|-boost|p2a: Aunt Fanny|spa|1\n|\n|upkeep\n|\n|t:|1698786231\n|switch|p1a: Talonflame|Talonflame, F|100\/100\n|turn|13\n|\n|t:|1698786252\n|move|p1a: Talonflame|Taunt|p2a: Aunt Fanny\n|-start|p2a: Aunt Fanny|move: Taunt\n|cant|p2a: Aunt Fanny|move: Taunt|Thunder Wave\n|\n|upkeep\n|turn|14\n|\n|t:|1698786261\n|switch|p2a: Roaring Peak|Roaring Moon, tera:Flying|38\/100 psn\n|move|p1a: Talonflame|Will-O-Wisp||[still]\n|-fail|p1a: Talonflame\n|\n|-damage|p2a: Roaring Peak|25\/100 psn|[from] psn\n|upkeep\n|turn|15\n|\n|t:|1698786269\n|move|p1a: Talonflame|Taunt|p2a: Roaring Peak\n|-start|p2a: Roaring Peak|move: Taunt\n|move|p2a: Roaring Peak|Knock Off|p1a: Talonflame\n|-damage|p1a: Talonflame|30\/100\n|-enditem|p1a: Talonflame|Heavy-Duty Boots|[from] move: Knock Off|[of] p2a: Roaring Peak\n|\n|-damage|p2a: Roaring Peak|13\/100 psn|[from] psn\n|upkeep\n|turn|16\n|\n|t:|1698786290\n|switch|p1a: Gliscor|Gliscor, M|69\/100\n|move|p2a: Roaring Peak|Acrobatics|p1a: Gliscor\n|-damage|p1a: Gliscor|22\/100\n|\n|-damage|p2a: Roaring Peak|0 fnt|[from] psn\n|faint|p2a: Roaring Peak\n|-end|p2a: Roaring Peak|Protosynthesis|[silent]\n|upkeep\n|\n|t:|1698786297\n|switch|p2a: Akira|Cyclizar, F|44\/100\n|-status|p2a: Akira|psn\n|turn|17\n|\n|t:|1698786304\n|switch|p1a: Slowking|Slowking, M|100\/100\n|move|p2a: Akira|Rapid Spin|p1a: Slowking\n|-damage|p1a: Slowking|84\/100\n|-boost|p2a: Akira|spe|1\n|-sideend|p2: XpokVEVO|Toxic Spikes|[from] move: Rapid Spin|[of] p2a: Akira\n|\n|-damage|p2a: Akira|32\/100 psn|[from] psn\n|upkeep\n|turn|18\n|\n|t:|1698786316\n|switch|p2a: Aunt Fanny|Magearna|14\/100\n|move|p1a: Slowking|Psyshock|p2a: Aunt Fanny\n|-resisted|p2a: Aunt Fanny\n|-damage|p2a: Aunt Fanny|1\/100\n|\n|upkeep\n|turn|19\n|c|\u2606mann_treads|UR JOKING\n|\n|t:|1698786325\n|move|p2a: Aunt Fanny|Fleur Cannon|p1a: Slowking\n|-damage|p1a: Slowking|37\/100\n|-unboost|p2a: Aunt Fanny|spa|2\n|move|p1a: Slowking|Scald|p2a: Aunt Fanny\n|-damage|p2a: Aunt Fanny|0 fnt\n|faint|p2a: Aunt Fanny\n|\n|upkeep\n|\n|t:|1698786334\n|switch|p2a: Akira|Cyclizar, F|65\/100 psn\n|turn|20\n|\n|t:|1698786340\n|switch|p1a: Blissey|Blissey, F|100\/100\n|move|p2a: Akira|Shed Tail|p2a: Akira\n|-start|p2a: Akira|Substitute|[from] move: Shed Tail\n|-damage|p2a: Akira|15\/100 psn\n|\n|t:|1698786342\n|switch|p2a: Princess|Zacian, shiny|100\/100|[from] Shed Tail\n|-ability|p2a: Princess|Intrepid Sword|boost\n|-boost|p2a: Princess|atk|1\n|\n|upkeep\n|turn|21\n|c|\u2606mann_treads|i thinik its gg\n|\n|t:|1698786363\n|switch|p1a: Talonflame|Talonflame, F|30\/100\n|move|p2a: Princess|Swords Dance|p2a: Princess\n|-boost|p2a: Princess|atk|2\n|\n|upkeep\n|turn|22\n|\n|t:|1698786372\n|move|p2a: Princess|Play Rough|p1a: Talonflame\n|-resisted|p1a: Talonflame\n|-damage|p1a: Talonflame|0 fnt\n|faint|p1a: Talonflame\n|-damage|p2a: Princess|91\/100|[from] item: Life Orb\n|\n|upkeep\n|\n|t:|1698786378\n|switch|p1a: Gliscor|Gliscor, M|22\/100\n|turn|23\n|\n|t:|1698786384\n|move|p2a: Princess|Play Rough|p1a: Gliscor\n|-damage|p1a: Gliscor|0 fnt\n|faint|p1a: Gliscor\n|-damage|p2a: Princess|81\/100|[from] item: Life Orb\n|\n|upkeep\n|\n|t:|1698786390\n|switch|p1a: Blissey|Blissey, F|100\/100\n|turn|24\n|\n|t:|1698786395\n|move|p2a: Princess|Iron Head|p1a: Blissey\n|-damage|p1a: Blissey|0 fnt\n|faint|p1a: Blissey\n|-damage|p2a: Princess|71\/100|[from] item: Life Orb\n|\n|upkeep\n|\n|t:|1698786401\n|switch|p1a: Arceus|Arceus-Grass, shiny|18\/100\n|turn|25\n|\n|t:|1698786423\n|move|p2a: Princess|Iron Head|p1a: Arceus\n|-damage|p1a: Arceus|0 fnt\n|faint|p1a: Arceus\n|-damage|p2a: Princess|61\/100|[from] item: Life Orb\n|\n|upkeep\n|\n|t:|1698786428\n|switch|p1a: Slowking|Slowking, M|71\/100\n|turn|26\n|\n|t:|1698786437\n|move|p2a: Princess|Play Rough|p1a: Slowking\n|-damage|p1a: Slowking|0 fnt\n|faint|p1a: Slowking\n|-damage|p2a: Princess|51\/100|[from] item: Life Orb\n|\n|win|XpokVEVO\n|c|\u2606mann_treads|gg\n","uploadtime":1698786441,"views":11,"p1id":"manntreads","p2id":"xpokvevo","formatid":"gen9ubers","rating":0,"private":0,"password":""}