{"id":"gen9ubers-1985822000","p1":"JiR0k","p2":"hounds of fate","format":"[Gen 9] Ubers","log":"|j|\u2606JiR0k\n|j|\u2606hounds of fate\n|inactive|Battle timer is ON: inactive players will automatically lose when time's up.\n|t:|1699409867\n|gametype|singles\n|player|p1|JiR0k|red|\n|player|p2|hounds of fate|alec-anime|\n|teamsize|p1|6\n|teamsize|p2|6\n|gen|9\n|tier|[Gen 9] Ubers\n|rated|Tournament battle\n|rule|Sleep Clause Mod: Limit one foe put to sleep\n|rule|Species Clause: Limit one of each Pok\u00e9mon\n|rule|OHKO Clause: OHKO moves are banned\n|rule|Evasion Items Clause: Evasion items are banned\n|rule|Evasion Moves Clause: Evasion moves are banned\n|rule|Endless Battle Clause: Forcing endless battles is banned\n|rule|HP Percentage Mod: HP is shown in percentages\n|clearpoke\n|poke|p1|Miraidon|\n|poke|p1|Koraidon|\n|poke|p1|Clodsire, F|\n|poke|p1|Skeledirge, F|\n|poke|p1|Corviknight, M|\n|poke|p1|Flutter Mane|\n|poke|p2|Blissey, F|\n|poke|p2|Dondozo, F|\n|poke|p2|Clodsire, F|\n|poke|p2|Alomomola, F|\n|poke|p2|Gliscor, F|\n|poke|p2|Kyogre|\n|teampreview\n|j|*Lady Monita \u263d\n|inactive|hounds of fate also wants the timer to be on.\n|c|\u2606hounds of fate|hf\n|\n|t:|1699409891\n|start\n|switch|p1a: Flutter Mane|Flutter Mane|100\/100\n|switch|p2a: Alomomola|Alomomola, F, shiny|100\/100\n|turn|1\n|c|\u2606JiR0k|hf\n|\n|t:|1699409909\n|move|p1a: Flutter Mane|Calm Mind|p1a: Flutter Mane\n|-boost|p1a: Flutter Mane|spa|1\n|-boost|p1a: Flutter Mane|spd|1\n|move|p2a: Alomomola|Flip Turn|p1a: Flutter Mane\n|-damage|p1a: Flutter Mane|67\/100\n|\n|t:|1699409914\n|switch|p2a: Kyogre|Kyogre, shiny|100\/100|[from] Flip Turn\n|-weather|RainDance|[from] ability: Drizzle|[of] p2a: Kyogre\n|\n|-weather|RainDance|[upkeep]\n|upkeep\n|turn|2\n|\n|t:|1699409921\n|move|p1a: Flutter Mane|Moonblast|p2a: Kyogre\n|-damage|p2a: Kyogre|36\/100\n|-unboost|p2a: Kyogre|spa|1\n|-damage|p1a: Flutter Mane|57\/100|[from] item: Life Orb\n|move|p2a: Kyogre|Origin Pulse|p1a: Flutter Mane|[miss]\n|-miss|p2a: Kyogre|p1a: Flutter Mane\n|\n|-weather|RainDance|[upkeep]\n|upkeep\n|turn|3\n|j| s3rp3rior\n|\n|t:|1699409932\n|switch|p2a: Clodsire|Clodsire, F, shiny|100\/100\n|move|p1a: Flutter Mane|Moonblast|p2a: Clodsire\n|-resisted|p2a: Clodsire\n|-damage|p2a: Clodsire|84\/100\n|-damage|p1a: Flutter Mane|47\/100|[from] item: Life Orb\n|\n|-weather|RainDance|[upkeep]\n|upkeep\n|turn|4\n|inactive|hounds of fate has 120 seconds left.\n|inactive|hounds of fate has 90 seconds left.\n|\n|t:|1699410017\n|move|p1a: Flutter Mane|Psyshock|p2a: Clodsire\n|-supereffective|p2a: Clodsire\n|-damage|p2a: Clodsire|3\/100\n|-damage|p1a: Flutter Mane|37\/100|[from] item: Life Orb\n|move|p2a: Clodsire|Earthquake|p1a: Flutter Mane\n|-damage|p1a: Flutter Mane|0 fnt\n|faint|p1a: Flutter Mane\n|-end|p1a: Flutter Mane|Protosynthesis|[silent]\n|\n|-weather|RainDance|[upkeep]\n|upkeep\n|\n|t:|1699410033\n|switch|p1a: Koraidon|Koraidon|100\/100\n|-weather|SunnyDay|[from] ability: Orichalcum Pulse|[of] p1a: Koraidon\n|-activate|p1a: Koraidon|Orichalcum Pulse|[source]\n|turn|5\n|\n|t:|1699410043\n|switch|p2a: Alomomola|Alomomola, F, shiny|100\/100\n|move|p1a: Koraidon|Dragon Claw|p2a: Alomomola\n|-damage|p2a: Alomomola|52\/100\n|\n|-weather|SunnyDay|[upkeep]\n|upkeep\n|turn|6\n|\n|t:|1699410066\n|move|p1a: Koraidon|Dragon Claw|p2a: Alomomola\n|-damage|p2a: Alomomola|4\/100\n|move|p2a: Alomomola|Wish|p2a: Alomomola\n|\n|-weather|SunnyDay|[upkeep]\n|upkeep\n|turn|7\n|\n|t:|1699410071\n|move|p2a: Alomomola|Protect|p2a: Alomomola\n|-singleturn|p2a: Alomomola|Protect\n|move|p1a: Koraidon|Dragon Claw|p2a: Alomomola\n|-activate|p2a: Alomomola|move: Protect\n|\n|-weather|SunnyDay|[upkeep]\n|-heal|p2a: Alomomola|54\/100|[from] move: Wish|[wisher] Alomomola\n|upkeep\n|turn|8\n|\n|t:|1699410079\n|move|p1a: Koraidon|Dragon Claw|p2a: Alomomola\n|-damage|p2a: Alomomola|12\/100\n|move|p2a: Alomomola|Wish|p2a: Alomomola\n|\n|-weather|SunnyDay|[upkeep]\n|upkeep\n|turn|9\n|\n|t:|1699410085\n|move|p2a: Alomomola|Protect|p2a: Alomomola\n|-singleturn|p2a: Alomomola|Protect\n|move|p1a: Koraidon|Dragon Claw|p2a: Alomomola\n|-activate|p2a: Alomomola|move: Protect\n|\n|-weather|none\n|-heal|p2a: Alomomola|62\/100|[from] move: Wish|[wisher] Alomomola\n|upkeep\n|turn|10\n|\n|t:|1699410093\n|move|p1a: Koraidon|Dragon Claw|p2a: Alomomola\n|-damage|p2a: Alomomola|27\/100\n|move|p2a: Alomomola|Play Rough|p1a: Koraidon\n|-supereffective|p1a: Koraidon\n|-damage|p1a: Koraidon|43\/100\n|\n|upkeep\n|turn|11\n|\n|t:|1699410101\n|switch|p2a: Gliscor|Gliscor, F, shiny|100\/100\n|move|p1a: Koraidon|Dragon Claw|p2a: Gliscor\n|-damage|p2a: Gliscor|65\/100\n|\n|-status|p2a: Gliscor|tox|[from] item: Toxic Orb\n|upkeep\n|turn|12\n|\n|t:|1699410108\n|switch|p1a: Corviknight|Corviknight, M, shiny|100\/100\n|-ability|p1a: Corviknight|Pressure\n|move|p2a: Gliscor|Protect||[still]\n|-fail|p2a: Gliscor\n|\n|-heal|p2a: Gliscor|77\/100 tox|[from] ability: Poison Heal\n|upkeep\n|turn|13\n|\n|t:|1699410118\n|move|p2a: Gliscor|Knock Off|p1a: Corviknight\n|-damage|p1a: Corviknight|86\/100\n|-enditem|p1a: Corviknight|Leftovers|[from] move: Knock Off|[of] p2a: Gliscor\n|move|p1a: Corviknight|Bulk Up|p1a: Corviknight\n|-boost|p1a: Corviknight|atk|1\n|-boost|p1a: Corviknight|def|1\n|\n|-heal|p2a: Gliscor|89\/100 tox|[from] ability: Poison Heal\n|upkeep\n|turn|14\n|inactive|hounds of fate has 120 seconds left.\n|\n|t:|1699410132\n|switch|p2a: Alomomola|Alomomola, F, shiny|61\/100\n|move|p1a: Corviknight|Iron Head|p2a: Alomomola\n|-resisted|p2a: Alomomola\n|-damage|p2a: Alomomola|50\/100\n|\n|upkeep\n|turn|15\n|\n|t:|1699410142\n|switch|p1a: Miraidon|Miraidon|100\/100\n|-fieldstart|move: Electric Terrain|[from] ability: Hadron Engine|[of] p1a: Miraidon\n|move|p2a: Alomomola|Wish|p2a: Alomomola\n|\n|upkeep\n|turn|16\n|\n|t:|1699410150\n|move|p2a: Alomomola|Protect|p2a: Alomomola\n|-singleturn|p2a: Alomomola|Protect\n|move|p1a: Miraidon|U-turn|p2a: Alomomola\n|-activate|p2a: Alomomola|move: Protect\n|\n|-heal|p2a: Alomomola|100\/100|[from] move: Wish|[wisher] Alomomola\n|upkeep\n|turn|17\n|\n|t:|1699410158\n|switch|p2a: Gliscor|Gliscor, F, shiny|89\/100 tox\n|move|p1a: Miraidon|U-turn|p2a: Gliscor\n|-resisted|p2a: Gliscor\n|-damage|p2a: Gliscor|86\/100 tox\n|\n|t:|1699410169\n|switch|p1a: Koraidon|Koraidon|43\/100|[from] U-turn\n|-weather|SunnyDay|[from] ability: Orichalcum Pulse|[of] p1a: Koraidon\n|-activate|p1a: Koraidon|Orichalcum Pulse|[source]\n|\n|-weather|SunnyDay|[upkeep]\n|-heal|p2a: Gliscor|98\/100 tox|[from] ability: Poison Heal\n|upkeep\n|turn|18\n|\n|t:|1699410180\n|move|p2a: Gliscor|Protect|p2a: Gliscor\n|-singleturn|p2a: Gliscor|Protect\n|move|p1a: Koraidon|Dragon Claw|p2a: Gliscor\n|-activate|p2a: Gliscor|move: Protect\n|\n|-weather|SunnyDay|[upkeep]\n|-heal|p2a: Gliscor|100\/100 tox|[from] ability: Poison Heal\n|upkeep\n|turn|19\n|\n|t:|1699410190\n|move|p1a: Koraidon|Dragon Claw|p2a: Gliscor\n|-damage|p2a: Gliscor|51\/100 tox\n|move|p2a: Gliscor|Toxic|p1a: Koraidon\n|-status|p1a: Koraidon|tox\n|\n|-weather|SunnyDay|[upkeep]\n|-damage|p1a: Koraidon|37\/100 tox|[from] psn\n|-heal|p2a: Gliscor|64\/100 tox|[from] ability: Poison Heal\n|-fieldend|move: Electric Terrain\n|upkeep\n|turn|20\n|\n|t:|1699410202\n|switch|p1a: Miraidon|Miraidon|100\/100\n|-fieldstart|move: Electric Terrain|[from] ability: Hadron Engine|[of] p1a: Miraidon\n|move|p2a: Gliscor|Protect||[still]\n|-fail|p2a: Gliscor\n|\n|-weather|SunnyDay|[upkeep]\n|-heal|p2a: Gliscor|76\/100 tox|[from] ability: Poison Heal\n|upkeep\n|turn|21\n|\n|t:|1699410213\n|move|p2a: Gliscor|Protect|p2a: Gliscor\n|-singleturn|p2a: Gliscor|Protect\n|move|p1a: Miraidon|Dazzling Gleam|p2a: Gliscor\n|-activate|p2a: Gliscor|move: Protect\n|\n|-weather|none\n|-heal|p2a: Gliscor|89\/100 tox|[from] ability: Poison Heal\n|upkeep\n|turn|22\n|\n|t:|1699410221\n|move|p1a: Miraidon|Dazzling Gleam|p2a: Gliscor\n|-damage|p2a: Gliscor|39\/100 tox\n|move|p2a: Gliscor|Toxic|p1a: Miraidon\n|-status|p1a: Miraidon|tox\n|\n|-damage|p1a: Miraidon|94\/100 tox|[from] psn\n|-heal|p2a: Gliscor|51\/100 tox|[from] ability: Poison Heal\n|upkeep\n|turn|23\n|\n|t:|1699410229\n|move|p2a: Gliscor|Protect|p2a: Gliscor\n|-singleturn|p2a: Gliscor|Protect\n|move|p1a: Miraidon|Dazzling Gleam|p2a: Gliscor\n|-activate|p2a: Gliscor|move: Protect\n|\n|-damage|p1a: Miraidon|82\/100 tox|[from] psn\n|-heal|p2a: Gliscor|63\/100 tox|[from] ability: Poison Heal\n|upkeep\n|turn|24\n|j| Molimoli2\n|\n|t:|1699410239\n|switch|p2a: Blissey|Blissey, F, shiny|100\/100\n|move|p1a: Miraidon|Dazzling Gleam|p2a: Blissey\n|-crit|p2a: Blissey\n|-damage|p2a: Blissey|81\/100\n|\n|-damage|p1a: Miraidon|64\/100 tox|[from] psn\n|-fieldend|move: Electric Terrain\n|upkeep\n|turn|25\n|\n|t:|1699410258\n|switch|p1a: Corviknight|Corviknight, M, shiny|86\/100\n|-ability|p1a: Corviknight|Pressure\n|move|p2a: Blissey|Seismic Toss|p1a: Corviknight\n|-damage|p1a: Corviknight|61\/100\n|\n|upkeep\n|turn|26\n|\n|t:|1699410265\n|switch|p2a: Alomomola|Alomomola, F, shiny|100\/100\n|move|p1a: Corviknight|Bulk Up|p1a: Corviknight\n|-boost|p1a: Corviknight|atk|1\n|-boost|p1a: Corviknight|def|1\n|\n|upkeep\n|turn|27\n|\n|t:|1699410271\n|move|p1a: Corviknight|Bulk Up|p1a: Corviknight\n|-boost|p1a: Corviknight|atk|1\n|-boost|p1a: Corviknight|def|1\n|move|p2a: Alomomola|Wish|p2a: Alomomola\n|\n|upkeep\n|turn|28\n|\n|t:|1699410287\n|move|p1a: Corviknight|Bulk Up|p1a: Corviknight\n|-boost|p1a: Corviknight|atk|1\n|-boost|p1a: Corviknight|def|1\n|move|p2a: Alomomola|Flip Turn|p1a: Corviknight\n|-damage|p1a: Corviknight|57\/100\n|\n|t:|1699410300\n|switch|p2a: Kyogre|Kyogre, shiny|36\/100|[from] Flip Turn\n|-weather|RainDance|[from] ability: Drizzle|[of] p2a: Kyogre\n|\n|-weather|RainDance|[upkeep]\n|-heal|p2a: Kyogre|100\/100|[from] move: Wish|[wisher] Alomomola\n|upkeep\n|turn|29\n|\n|t:|1699410307\n|switch|p1a: Clodsire|Clodsire, F|100\/100\n|move|p2a: Kyogre|Water Spout|p1a: Clodsire\n|-immune|p1a: Clodsire|[from] ability: Water Absorb\n|\n|-weather|RainDance|[upkeep]\n|upkeep\n|turn|30\n|\n|t:|1699410315\n|switch|p2a: Gliscor|Gliscor, F, shiny|63\/100 tox\n|move|p1a: Clodsire|Earthquake|p2a: Gliscor\n|-immune|p2a: Gliscor\n|\n|-weather|RainDance|[upkeep]\n|-heal|p2a: Gliscor|76\/100 tox|[from] ability: Poison Heal\n|upkeep\n|turn|31\n|\n|t:|1699410323\n|move|p2a: Gliscor|Spikes|p1a: Clodsire\n|-sidestart|p1: JiR0k|Spikes\n|move|p1a: Clodsire|Toxic|p2a: Gliscor\n|-fail|p2a: Gliscor|tox\n|\n|-weather|RainDance|[upkeep]\n|-heal|p2a: Gliscor|88\/100 tox|[from] ability: Poison Heal\n|upkeep\n|turn|32\n|\n|t:|1699410330\n|move|p2a: Gliscor|Knock Off|p1a: Clodsire\n|-damage|p1a: Clodsire|77\/100\n|-enditem|p1a: Clodsire|Leftovers|[from] move: Knock Off|[of] p2a: Gliscor\n|move|p1a: Clodsire|Stealth Rock|p2a: Gliscor\n|-sidestart|p2: hounds of fate|move: Stealth Rock\n|\n|-weather|none\n|-heal|p2a: Gliscor|100\/100 tox|[from] ability: Poison Heal\n|upkeep\n|turn|33\n|\n|t:|1699410340\n|switch|p1a: Corviknight|Corviknight, M, shiny|57\/100\n|-ability|p1a: Corviknight|Pressure\n|move|p2a: Gliscor|Spikes|p1a: Corviknight\n|-sidestart|p1: JiR0k|Spikes\n|\n|upkeep\n|turn|34\n|\n|t:|1699410349\n|switch|p2a: Alomomola|Alomomola, F, shiny|100\/100\n|move|p1a: Corviknight|Defog|p2a: Alomomola\n|-unboost|p2a: Alomomola|evasion|1\n|-sideend|p2: hounds of fate|Stealth Rock|[from] move: Defog|[of] p1a: Corviknight\n|-sideend|p1: JiR0k|Spikes|[from] move: Defog|[of] p1a: Corviknight\n|\n|upkeep\n|turn|35\n|l| Molimoli2\n|\n|t:|1699410359\n|switch|p1a: Miraidon|Miraidon|64\/100 tox\n|-fieldstart|move: Electric Terrain|[from] ability: Hadron Engine|[of] p1a: Miraidon\n|move|p2a: Alomomola|Wish|p2a: Alomomola\n|\n|-damage|p1a: Miraidon|57\/100 tox|[from] psn\n|upkeep\n|turn|36\n|\n|t:|1699410368\n|move|p2a: Alomomola|Protect|p2a: Alomomola\n|-singleturn|p2a: Alomomola|Protect\n|move|p1a: Miraidon|Draco Meteor|p2a: Alomomola\n|-activate|p2a: Alomomola|move: Protect\n|\n|-damage|p1a: Miraidon|45\/100 tox|[from] psn\n|upkeep\n|turn|37\n|\n|t:|1699410375\n|switch|p2a: Blissey|Blissey, F, shiny|81\/100\n|move|p1a: Miraidon|Draco Meteor|p2a: Blissey\n|-damage|p2a: Blissey|53\/100\n|-unboost|p1a: Miraidon|spa|2\n|\n|-damage|p1a: Miraidon|27\/100 tox|[from] psn\n|upkeep\n|turn|38\n|\n|t:|1699410384\n|switch|p1a: Corviknight|Corviknight, M, shiny|57\/100\n|-ability|p1a: Corviknight|Pressure\n|move|p2a: Blissey|Soft-Boiled|p2a: Blissey\n|-heal|p2a: Blissey|100\/100\n|\n|upkeep\n|turn|39\n|\n|t:|1699410390\n|switch|p2a: Alomomola|Alomomola, F, shiny|100\/100\n|move|p1a: Corviknight|Roost|p1a: Corviknight\n|-heal|p1a: Corviknight|100\/100\n|-singleturn|p1a: Corviknight|move: Roost\n|\n|-fieldend|move: Electric Terrain\n|upkeep\n|turn|40\n|\n|t:|1699410398\n|move|p1a: Corviknight|Bulk Up|p1a: Corviknight\n|-boost|p1a: Corviknight|atk|1\n|-boost|p1a: Corviknight|def|1\n|move|p2a: Alomomola|Wish|p2a: Alomomola\n|\n|upkeep\n|turn|41\n|\n|t:|1699410403\n|move|p1a: Corviknight|Bulk Up|p1a: Corviknight\n|-boost|p1a: Corviknight|atk|1\n|-boost|p1a: Corviknight|def|1\n|move|p2a: Alomomola|Flip Turn|p1a: Corviknight\n|-damage|p1a: Corviknight|95\/100\n|\n|t:|1699410405\n|switch|p2a: Clodsire|Clodsire, F, shiny|3\/100|[from] Flip Turn\n|\n|-heal|p2a: Clodsire|61\/100|[from] move: Wish|[wisher] Alomomola\n|upkeep\n|turn|42\n|\n|t:|1699410413\n|switch|p2a: Alomomola|Alomomola, F, shiny|100\/100\n|move|p1a: Corviknight|Bulk Up|p1a: Corviknight\n|-boost|p1a: Corviknight|atk|1\n|-boost|p1a: Corviknight|def|1\n|\n|upkeep\n|turn|43\n|\n|t:|1699410421\n|move|p1a: Corviknight|Iron Head|p2a: Alomomola\n|-resisted|p2a: Alomomola\n|-damage|p2a: Alomomola|84\/100\n|move|p2a: Alomomola|Wish|p2a: Alomomola\n|\n|upkeep\n|turn|44\n|\n|t:|1699410426\n|move|p1a: Corviknight|Bulk Up|p1a: Corviknight\n|-boost|p1a: Corviknight|atk|1\n|-boost|p1a: Corviknight|def|1\n|move|p2a: Alomomola|Flip Turn|p1a: Corviknight\n|-damage|p1a: Corviknight|91\/100\n|\n|t:|1699410429\n|switch|p2a: Clodsire|Clodsire, F, shiny|61\/100|[from] Flip Turn\n|\n|-heal|p2a: Clodsire|100\/100|[from] move: Wish|[wisher] Alomomola\n|upkeep\n|turn|45\n|\n|t:|1699410436\n|switch|p2a: Alomomola|Alomomola, F, shiny|100\/100\n|move|p1a: Corviknight|Bulk Up|p1a: Corviknight\n|-boost|p1a: Corviknight|atk|1\n|-boost|p1a: Corviknight|def|1\n|\n|upkeep\n|turn|46\n|\n|t:|1699410442\n|move|p1a: Corviknight|Bulk Up|p1a: Corviknight\n|-boost|p1a: Corviknight|atk|1\n|-boost|p1a: Corviknight|def|1\n|move|p2a: Alomomola|Flip Turn|p1a: Corviknight\n|-damage|p1a: Corviknight|89\/100\n|\n|t:|1699410445\n|switch|p2a: Kyogre|Kyogre, shiny|100\/100|[from] Flip Turn\n|-weather|RainDance|[from] ability: Drizzle|[of] p2a: Kyogre\n|\n|-weather|RainDance|[upkeep]\n|upkeep\n|turn|47\n|\n|t:|1699410452\n|move|p2a: Kyogre|Water Spout|p1a: Corviknight\n|-damage|p1a: Corviknight|0 fnt\n|faint|p1a: Corviknight\n|\n|-weather|RainDance|[upkeep]\n|upkeep\n|-message|JiR0k forfeited.\n|\n|win|hounds of fate\n|n|\u2606JiR0k|jir0k\n|n|\u2606hounds of fate|houndsoffate\n|n|*Lady Monita \u263d|ladymonita\n|n| s3rp3rior|s3rp3rior\n|l|*Lady Monita \u263d\n|l|\u2606JiR0k\n","uploadtime":1699410461,"views":5,"p1id":"jir0k","p2id":"houndsoffate","formatid":"gen9ubers","rating":0,"private":0,"password":""}