{"id":"gen9ubers-1980912795","p1":"AlicieLizzie","p2":"Vholtninja","format":"[Gen 9] Ubers","log":"|j|\u2606AlicieLizzie\n|j|\u2606Vholtninja\n|t:|1698848413\n|gametype|singles\n|player|p1|AlicieLizzie|marnie-masters3|\n|player|p2|Vholtninja|serena-masters2|\n|teamsize|p1|6\n|teamsize|p2|6\n|gen|9\n|tier|[Gen 9] Ubers\n|rule|Sleep Clause Mod: Limit one foe put to sleep\n|rule|Species Clause: Limit one of each Pok\u00e9mon\n|rule|OHKO Clause: OHKO moves are banned\n|rule|Evasion Items Clause: Evasion items are banned\n|rule|Evasion Moves Clause: Evasion moves are banned\n|rule|Endless Battle Clause: Forcing endless battles is banned\n|rule|HP Percentage Mod: HP is shown in percentages\n|clearpoke\n|poke|p1|Baxcalibur, M|\n|poke|p1|Ninetales-Alola, M|\n|poke|p1|Arceus-Ghost|\n|poke|p1|Espathra, F|\n|poke|p1|Kommo-o, F|\n|poke|p1|Cyclizar, F|\n|poke|p2|Roaring Moon|\n|poke|p2|Cyclizar, F|\n|poke|p2|Zacian-*|\n|poke|p2|Magearna-Original|\n|poke|p2|Urshifu-*, F|\n|poke|p2|Volcarona, F|\n|teampreview\n|inactive|Battle timer is ON: inactive players will automatically lose when time's up. (requested by AlicieLizzie)\n|c|\u2606Vholtninja|oh here we go first test\n|c|\u2606Vholtninja|glhf\n|\n|t:|1698848441\n|start\n|switch|p1a: Nine Inch Tails|Ninetales-Alola, M|100\/100\n|switch|p2a: Cyclizar|Cyclizar, F|100\/100\n|-weather|Snow|[from] ability: Snow Warning|[of] p1a: Nine Inch Tails\n|turn|1\n|c|\u2606AlicieLizzie|ye\n|\n|t:|1698848453\n|move|p2a: Cyclizar|Shed Tail|p2a: Cyclizar\n|-start|p2a: Cyclizar|Substitute|[from] move: Shed Tail\n|-damage|p2a: Cyclizar|50\/100\n|-enditem|p2a: Cyclizar|Sitrus Berry|[eat]\n|-heal|p2a: Cyclizar|75\/100|[from] item: Sitrus Berry\n|\n|t:|1698848472\n|switch|p2a: A clock?|Magearna-Original|100\/100|[from] Shed Tail\n|move|p1a: Nine Inch Tails|Aurora Veil|p1a: Nine Inch Tails\n|-sidestart|p1: AlicieLizzie|move: Aurora Veil\n|\n|-weather|Snow|[upkeep]\n|upkeep\n|turn|2\n|\n|t:|1698848487\n|switch|p1a: Pathwood Mac|Espathra, F|100\/100\n|move|p2a: A clock?|Spikes|p1a: Pathwood Mac\n|-sidestart|p1: AlicieLizzie|Spikes\n|\n|-weather|Snow|[upkeep]\n|upkeep\n|turn|3\n|\n|t:|1698848495\n|move|p1a: Pathwood Mac|Calm Mind|p1a: Pathwood Mac\n|-boost|p1a: Pathwood Mac|spa|1\n|-boost|p1a: Pathwood Mac|spd|1\n|move|p2a: A clock?|Thunder Wave|p1a: Pathwood Mac\n|-status|p1a: Pathwood Mac|par\n|\n|-weather|Snow|[upkeep]\n|-ability|p1a: Pathwood Mac|Speed Boost|boost\n|-boost|p1a: Pathwood Mac|spe|1\n|upkeep\n|turn|4\n|\n|t:|1698848500\n|move|p1a: Pathwood Mac|Calm Mind|p1a: Pathwood Mac\n|-boost|p1a: Pathwood Mac|spa|1\n|-boost|p1a: Pathwood Mac|spd|1\n|move|p2a: A clock?|Volt Switch|p1a: Pathwood Mac\n|-damage|p1a: Pathwood Mac|93\/100 par\n|\n|t:|1698848510\n|switch|p2a: Urshifu|Urshifu, F|100\/100|[from] Volt Switch\n|\n|-weather|Snow|[upkeep]\n|-heal|p1a: Pathwood Mac|99\/100 par|[from] item: Leftovers\n|-ability|p1a: Pathwood Mac|Speed Boost|boost\n|-boost|p1a: Pathwood Mac|spe|1\n|upkeep\n|turn|5\n|\n|t:|1698848531\n|-terastallize|p1a: Pathwood Mac|Fighting\n|move|p1a: Pathwood Mac|Tera Blast|p2a: Urshifu|[anim] Tera Blast Fighting\n|-supereffective|p2a: Urshifu\n|-crit|p2a: Urshifu\n|-damage|p2a: Urshifu|0 fnt\n|faint|p2a: Urshifu\n|\n|-weather|none\n|-heal|p1a: Pathwood Mac|100\/100 par|[from] item: Leftovers\n|-ability|p1a: Pathwood Mac|Speed Boost|boost\n|-boost|p1a: Pathwood Mac|spe|1\n|upkeep\n|\n|t:|1698848537\n|switch|p2a: A clock?|Magearna-Original|100\/100\n|turn|6\n|\n|t:|1698848544\n|move|p1a: Pathwood Mac|Calm Mind|p1a: Pathwood Mac\n|-boost|p1a: Pathwood Mac|spa|1\n|-boost|p1a: Pathwood Mac|spd|1\n|move|p2a: A clock?|Fleur Cannon|p1a: Pathwood Mac\n|-supereffective|p1a: Pathwood Mac\n|-damage|p1a: Pathwood Mac|68\/100 par\n|-unboost|p2a: A clock?|spa|2\n|\n|-heal|p1a: Pathwood Mac|74\/100 par|[from] item: Leftovers\n|-ability|p1a: Pathwood Mac|Speed Boost|boost\n|-boost|p1a: Pathwood Mac|spe|1\n|upkeep\n|turn|7\n|\n|t:|1698848553\n|move|p1a: Pathwood Mac|Stored Power|p2a: A clock?\n|-resisted|p2a: A clock?\n|-damage|p2a: A clock?|15\/100\n|move|p2a: A clock?|Volt Switch|p1a: Pathwood Mac\n|-damage|p1a: Pathwood Mac|71\/100 par\n|\n|t:|1698848563\n|switch|p2a: Zacian|Zacian, shiny|100\/100|[from] Volt Switch\n|-ability|p2a: Zacian|Intrepid Sword|boost\n|-boost|p2a: Zacian|atk|1\n|\n|-heal|p1a: Pathwood Mac|77\/100 par|[from] item: Leftovers\n|-ability|p1a: Pathwood Mac|Speed Boost|boost\n|-boost|p1a: Pathwood Mac|spe|1\n|upkeep\n|turn|8\n|\n|t:|1698848568\n|move|p2a: Zacian|Play Rough|p1a: Pathwood Mac\n|-supereffective|p1a: Pathwood Mac\n|-damage|p1a: Pathwood Mac|0 fnt\n|faint|p1a: Pathwood Mac\n|\n|-sideend|p1: AlicieLizzie|move: Aurora Veil\n|upkeep\n|\n|t:|1698848575\n|switch|p1a: Nine Inch Tails|Ninetales-Alola, M|100\/100\n|-damage|p1a: Nine Inch Tails|88\/100|[from] Spikes\n|-weather|Snow|[from] ability: Snow Warning|[of] p1a: Nine Inch Tails\n|turn|9\n|\n|t:|1698848585\n|switch|p2a: Cyclizar|Cyclizar, F|100\/100\n|move|p1a: Nine Inch Tails|Aurora Veil|p1a: Nine Inch Tails\n|-sidestart|p1: AlicieLizzie|move: Aurora Veil\n|\n|-weather|Snow|[upkeep]\n|upkeep\n|turn|10\n|\n|t:|1698848590\n|switch|p1a: CycLed Zeppelin|Cyclizar, F|100\/100\n|move|p2a: Cyclizar|Shed Tail|p2a: Cyclizar\n|-start|p2a: Cyclizar|Substitute|[from] move: Shed Tail\n|-damage|p2a: Cyclizar|50\/100\n|\n|t:|1698848596\n|switch|p2a: Zacian|Zacian, shiny|100\/100|[from] Shed Tail\n|\n|-weather|Snow|[upkeep]\n|upkeep\n|turn|11\n|\n|t:|1698848611\n|move|p2a: Zacian|Play Rough|p1a: CycLed Zeppelin\n|-supereffective|p1a: CycLed Zeppelin\n|-damage|p1a: CycLed Zeppelin|35\/100\n|move|p1a: CycLed Zeppelin|Shed Tail|p1a: CycLed Zeppelin\n|-fail|p1a: CycLed Zeppelin|move: Shed Tail|[weak]\n|\n|-weather|Snow|[upkeep]\n|upkeep\n|turn|12\n|\n|t:|1698848624\n|move|p2a: Zacian|Play Rough|p1a: CycLed Zeppelin\n|-supereffective|p1a: CycLed Zeppelin\n|-damage|p1a: CycLed Zeppelin|0 fnt\n|faint|p1a: CycLed Zeppelin\n|\n|-weather|Snow|[upkeep]\n|upkeep\n|\n|t:|1698848627\n|switch|p1a: Ghosts N\u2019 Roses|Arceus-Ghost|100\/100\n|-damage|p1a: Ghosts N\u2019 Roses|88\/100|[from] Spikes\n|turn|13\n|\n|t:|1698848644\n|switch|p2a: Roaring Moon|Roaring Moon|100\/100\n|-enditem|p2a: Roaring Moon|Booster Energy\n|-activate|p2a: Roaring Moon|ability: Protosynthesis|[fromitem]\n|-start|p2a: Roaring Moon|protosynthesisatk\n|move|p1a: Ghosts N\u2019 Roses|Swords Dance|p1a: Ghosts N\u2019 Roses\n|-boost|p1a: Ghosts N\u2019 Roses|atk|2\n|\n|-weather|none\n|upkeep\n|turn|14\n|\n|t:|1698848656\n|move|p1a: Ghosts N\u2019 Roses|Extreme Speed|p2a: Roaring Moon\n|-damage|p2a: Roaring Moon|21\/100\n|move|p2a: Roaring Moon|Dragon Dance|p2a: Roaring Moon\n|-boost|p2a: Roaring Moon|atk|1\n|-boost|p2a: Roaring Moon|spe|1\n|\n|upkeep\n|turn|15\n|\n|t:|1698848660\n|move|p1a: Ghosts N\u2019 Roses|Extreme Speed|p2a: Roaring Moon\n|-damage|p2a: Roaring Moon|0 fnt\n|faint|p2a: Roaring Moon\n|-end|p2a: Roaring Moon|Protosynthesis|[silent]\n|\n|upkeep\n|\n|t:|1698848665\n|switch|p2a: Volcarona|Volcarona, F|100\/100\n|turn|16\n|\n|t:|1698848669\n|move|p2a: Volcarona|Will-O-Wisp|p1a: Ghosts N\u2019 Roses\n|-status|p1a: Ghosts N\u2019 Roses|brn\n|move|p1a: Ghosts N\u2019 Roses|Swords Dance|p1a: Ghosts N\u2019 Roses\n|-boost|p1a: Ghosts N\u2019 Roses|atk|2\n|\n|-damage|p1a: Ghosts N\u2019 Roses|82\/100 brn|[from] brn\n|-sideend|p1: AlicieLizzie|move: Aurora Veil\n|upkeep\n|turn|17\n|\n|t:|1698848678\n|move|p1a: Ghosts N\u2019 Roses|Extreme Speed|p2a: Volcarona\n|-damage|p2a: Volcarona|52\/100\n|move|p2a: Volcarona|Quiver Dance|p2a: Volcarona\n|-boost|p2a: Volcarona|spa|1\n|-boost|p2a: Volcarona|spd|1\n|-boost|p2a: Volcarona|spe|1\n|\n|-damage|p1a: Ghosts N\u2019 Roses|76\/100 brn|[from] brn\n|upkeep\n|turn|18\n|\n|t:|1698848682\n|move|p1a: Ghosts N\u2019 Roses|Extreme Speed|p2a: Volcarona\n|-damage|p2a: Volcarona|6\/100\n|move|p2a: Volcarona|Flamethrower|p1a: Ghosts N\u2019 Roses\n|-damage|p1a: Ghosts N\u2019 Roses|36\/100 brn\n|\n|-damage|p1a: Ghosts N\u2019 Roses|30\/100 brn|[from] brn\n|upkeep\n|turn|19\n|\n|t:|1698848693\n|move|p1a: Ghosts N\u2019 Roses|Extreme Speed|p2a: Volcarona\n|-damage|p2a: Volcarona|0 fnt\n|faint|p2a: Volcarona\n|\n|-damage|p1a: Ghosts N\u2019 Roses|24\/100 brn|[from] brn\n|upkeep\n|\n|t:|1698848702\n|switch|p2a: Zacian|Zacian, shiny|100\/100\n|turn|20\n|\n|t:|1698848705\n|move|p1a: Ghosts N\u2019 Roses|Extreme Speed|p2a: Zacian\n|-damage|p2a: Zacian|59\/100\n|move|p2a: Zacian|Iron Head|p1a: Ghosts N\u2019 Roses\n|-damage|p1a: Ghosts N\u2019 Roses|8\/100 brn\n|\n|-damage|p1a: Ghosts N\u2019 Roses|2\/100 brn|[from] brn\n|upkeep\n|turn|21\n|\n|t:|1698848710\n|switch|p2a: A clock?|Magearna-Original|15\/100\n|move|p1a: Ghosts N\u2019 Roses|Extreme Speed|p2a: A clock?\n|-resisted|p2a: A clock?\n|-damage|p2a: A clock?|0 fnt\n|faint|p2a: A clock?\n|\n|-damage|p1a: Ghosts N\u2019 Roses|0 fnt|[from] brn\n|faint|p1a: Ghosts N\u2019 Roses\n|upkeep\n|\n|t:|1698848714\n|switch|p1a: Nine Inch Tails|Ninetales-Alola, M|88\/100\n|switch|p2a: Zacian|Zacian, shiny|59\/100\n|-damage|p1a: Nine Inch Tails|76\/100|[from] Spikes\n|-weather|Snow|[from] ability: Snow Warning|[of] p1a: Nine Inch Tails\n|turn|22\n|\n|t:|1698848720\n|move|p2a: Zacian|Iron Head|p1a: Nine Inch Tails\n|-supereffective|p1a: Nine Inch Tails\n|-damage|p1a: Nine Inch Tails|0 fnt\n|faint|p1a: Nine Inch Tails\n|\n|-weather|Snow|[upkeep]\n|upkeep\n|\n|t:|1698848723\n|switch|p1a: Bax Sabbath|Baxcalibur, M|100\/100\n|-damage|p1a: Bax Sabbath|88\/100|[from] Spikes\n|turn|23\n|\n|t:|1698848733\n|switch|p2a: Cyclizar|Cyclizar, F|84\/100\n|move|p1a: Bax Sabbath|Icicle Spear|p2a: Cyclizar\n|-supereffective|p2a: Cyclizar\n|-crit|p2a: Cyclizar\n|-damage|p2a: Cyclizar|24\/100\n|-supereffective|p2a: Cyclizar\n|-damage|p2a: Cyclizar|0 fnt\n|faint|p2a: Cyclizar\n|-hitcount|p2: Cyclizar|2\n|\n|-weather|Snow|[upkeep]\n|upkeep\n|\n|t:|1698848742\n|switch|p2a: Zacian|Zacian, shiny|59\/100\n|turn|24\n|\n|t:|1698848745\n|move|p2a: Zacian|Play Rough|p1a: Bax Sabbath\n|-supereffective|p1a: Bax Sabbath\n|-damage|p1a: Bax Sabbath|27\/100\n|move|p1a: Bax Sabbath|Icicle Spear|p2a: Zacian\n|-damage|p2a: Zacian|45\/100\n|-damage|p2a: Zacian|31\/100\n|-damage|p2a: Zacian|18\/100\n|-damage|p2a: Zacian|4\/100\n|-damage|p2a: Zacian|0 fnt\n|faint|p2a: Zacian\n|-hitcount|p2: Zacian|5\n|\n|win|AlicieLizzie\n|c|\u2606Vholtninja|hmm\n|c|\u2606AlicieLizzie|gg\n|c|\u2606Vholtninja|gg\n","uploadtime":1698848756,"views":21,"p1id":"alicielizzie","p2id":"vholtninja","formatid":"gen9ubers","rating":0,"private":0,"password":""}