{"id":"gen9ubers-1981099092","p1":"didact_re","p2":"Anne Frankkkk","format":"[Gen 9] Ubers","log":"|j|\u2606didact_re\n|j|\u2606Anne Frankkkk\n|t:|1698863460\n|gametype|singles\n|player|p1|didact_re|morty-masters|1112\n|player|p2|Anne Frankkkk|hilbert|1147\n|teamsize|p1|6\n|teamsize|p2|6\n|gen|9\n|tier|[Gen 9] Ubers\n|rated|\n|rule|Sleep Clause Mod: Limit one foe put to sleep\n|rule|Species Clause: Limit one of each Pok\u00e9mon\n|rule|OHKO Clause: OHKO moves are banned\n|rule|Evasion Items Clause: Evasion items are banned\n|rule|Evasion Moves Clause: Evasion moves are banned\n|rule|Endless Battle Clause: Forcing endless battles is banned\n|rule|HP Percentage Mod: HP is shown in percentages\n|clearpoke\n|poke|p1|Glimmora, M|\n|poke|p1|Gothitelle, F|\n|poke|p1|Basculegion, M|\n|poke|p1|Pawmot, M|\n|poke|p1|Annihilape, F|\n|poke|p1|Typhlosion-Hisui, M|\n|poke|p2|Iron Hands|\n|poke|p2|Kyogre|\n|poke|p2|Chien-Pao|\n|poke|p2|Ribombee, F|\n|poke|p2|Miraidon|\n|poke|p2|Flutter Mane|\n|teampreview\n|inactive|Battle timer is ON: inactive players will automatically lose when time's up. (requested by Anne Frankkkk)\n|\n|t:|1698863468\n|start\n|switch|p1a: Glimmora|Glimmora, M|100\/100\n|switch|p2a: Big Boy|Iron Hands, shiny|100\/100\n|-item|p1a: Glimmora|Air Balloon\n|turn|1\n|\n|t:|1698863482\n|move|p2a: Big Boy|Fake Out|p1a: Glimmora\n|-resisted|p1a: Glimmora\n|-damage|p1a: Glimmora|90\/100\n|-activate|p1a: Glimmora|ability: Toxic Debris\n|-sidestart|p2: Anne Frankkkk|move: Toxic Spikes\n|-enditem|p1a: Glimmora|Air Balloon\n|cant|p1a: Glimmora|flinch\n|\n|upkeep\n|turn|2\n|\n|t:|1698863492\n|move|p1a: Glimmora|Stealth Rock|p2a: Big Boy\n|-sidestart|p2: Anne Frankkkk|move: Stealth Rock\n|move|p2a: Big Boy|Heavy Slam|p1a: Glimmora\n|-supereffective|p1a: Glimmora\n|-crit|p1a: Glimmora\n|-damage|p1a: Glimmora|0 fnt\n|-activate|p1a: Glimmora|ability: Toxic Debris\n|-sidestart|p2: Anne Frankkkk|move: Toxic Spikes\n|faint|p1a: Glimmora\n|\n|upkeep\n|\n|t:|1698863503\n|switch|p1a: Annihilape|Annihilape, F|100\/100\n|turn|3\n|\n|t:|1698863514\n|-end|p2a: Big Boy|Quark Drive|[silent]\n|switch|p2a: Moonblast|Ribombee, F, shiny|100\/100\n|-status|p2a: Moonblast|tox\n|-damage|p2a: Moonblast|76\/100 tox|[from] Stealth Rock\n|move|p1a: Annihilape|Bulk Up|p1a: Annihilape\n|-boost|p1a: Annihilape|atk|1\n|-boost|p1a: Annihilape|def|1\n|\n|-damage|p2a: Moonblast|69\/100 tox|[from] psn\n|upkeep\n|turn|4\n|\n|t:|1698863530\n|move|p2a: Moonblast|Sticky Web|p1a: Annihilape\n|-sidestart|p1: didact_re|move: Sticky Web\n|move|p1a: Annihilape|Rage Fist|p2a: Moonblast\n|-damage|p2a: Moonblast|9\/100 tox\n|\n|-damage|p2a: Moonblast|0 fnt|[from] psn\n|faint|p2a: Moonblast\n|upkeep\n|\n|t:|1698863542\n|switch|p2a: Misdreavius|Flutter Mane, shiny|100\/100\n|-status|p2a: Misdreavius|tox\n|-damage|p2a: Misdreavius|88\/100 tox|[from] Stealth Rock\n|-enditem|p2a: Misdreavius|Booster Energy\n|-activate|p2a: Misdreavius|ability: Protosynthesis|[fromitem]\n|-start|p2a: Misdreavius|protosynthesisspe\n|turn|5\n|\n|t:|1698863557\n|move|p2a: Misdreavius|Moonblast|p1a: Annihilape\n|-supereffective|p1a: Annihilape\n|-damage|p1a: Annihilape|7\/100\n|move|p1a: Annihilape|Rage Fist|p2a: Misdreavius\n|-supereffective|p2a: Misdreavius\n|-damage|p2a: Misdreavius|0 fnt\n|faint|p2a: Misdreavius\n|-end|p2a: Misdreavius|Protosynthesis|[silent]\n|\n|-heal|p1a: Annihilape|13\/100|[from] item: Leftovers\n|upkeep\n|\n|t:|1698863566\n|switch|p2a: Big Boy|Iron Hands, shiny|100\/100\n|-status|p2a: Big Boy|tox\n|-damage|p2a: Big Boy|94\/100 tox|[from] Stealth Rock\n|turn|6\n|\n|t:|1698863577\n|move|p1a: Annihilape|Rage Fist|p2a: Big Boy\n|-damage|p2a: Big Boy|55\/100 tox\n|move|p2a: Big Boy|Wild Charge|p1a: Annihilape\n|-damage|p1a: Annihilape|0 fnt\n|faint|p1a: Annihilape\n|-damage|p2a: Big Boy|52\/100 tox|[from] Recoil\n|\n|-damage|p2a: Big Boy|46\/100 tox|[from] psn\n|upkeep\n|\n|t:|1698863592\n|switch|p1a: Pawmot|Pawmot, M|100\/100\n|-activate|p1a: Pawmot|move: Sticky Web\n|-unboost|p1a: Pawmot|spe|1\n|turn|7\n|\n|t:|1698863597\n|move|p1a: Pawmot|Revival Blessing|p1a: Pawmot\n|\n|t:|1698863601\n|-heal|p1: Annihilape|50\/100|[from] move: Revival Blessing\n|move|p2a: Big Boy|Drain Punch|p1a: Pawmot\n|-damage|p1a: Pawmot|40\/100\n|-heal|p2a: Big Boy|66\/100 tox|[from] drain|[of] p1a: Pawmot\n|\n|-damage|p2a: Big Boy|54\/100 tox|[from] psn\n|upkeep\n|turn|8\n|\n|t:|1698863613\n|move|p1a: Pawmot|Knock Off|p2a: Big Boy\n|-resisted|p2a: Big Boy\n|-damage|p2a: Big Boy|45\/100 tox\n|-enditem|p2a: Big Boy|Assault Vest|[from] move: Knock Off|[of] p1a: Pawmot\n|move|p2a: Big Boy|Drain Punch|p1a: Pawmot\n|-damage|p1a: Pawmot|0 fnt\n|-heal|p2a: Big Boy|59\/100 tox|[from] drain|[of] p1a: Pawmot\n|faint|p1a: Pawmot\n|\n|-damage|p2a: Big Boy|40\/100 tox|[from] psn\n|upkeep\n|\n|t:|1698863625\n|switch|p1a: Annihilape|Annihilape, F|50\/100\n|-activate|p1a: Annihilape|move: Sticky Web\n|-unboost|p1a: Annihilape|spe|1\n|-ability|p1a: Annihilape|Defiant|boost\n|-boost|p1a: Annihilape|atk|2\n|turn|9\n|\n|t:|1698863634\n|move|p1a: Annihilape|Drain Punch|p2a: Big Boy\n|-damage|p2a: Big Boy|0 fnt\n|-heal|p1a: Annihilape|75\/100|[from] drain|[of] p2a: Big Boy\n|faint|p2a: Big Boy\n|-end|p2a: Big Boy|Quark Drive|[silent]\n|\n|-heal|p1a: Annihilape|81\/100|[from] item: Leftovers\n|upkeep\n|\n|t:|1698863643\n|switch|p2a: OHKO|Kyogre|100\/100\n|-status|p2a: OHKO|tox\n|-damage|p2a: OHKO|88\/100 tox|[from] Stealth Rock\n|-weather|RainDance|[from] ability: Drizzle|[of] p2a: OHKO\n|turn|10\n|\n|t:|1698863654\n|move|p2a: OHKO|Origin Pulse|p1a: Annihilape\n|-damage|p1a: Annihilape|0 fnt\n|faint|p1a: Annihilape\n|\n|-weather|RainDance|[upkeep]\n|-damage|p2a: OHKO|82\/100 tox|[from] psn\n|upkeep\n|\n|t:|1698863665\n|switch|p1a: Basculegion|Basculegion, M|100\/100\n|-activate|p1a: Basculegion|move: Sticky Web\n|-unboost|p1a: Basculegion|spe|1\n|turn|11\n|\n|t:|1698863672\n|move|p2a: OHKO|Origin Pulse|p1a: Basculegion\n|-resisted|p1a: Basculegion\n|-damage|p1a: Basculegion|49\/100\n|move|p1a: Basculegion|Last Respects|p2a: OHKO\n|-damage|p2a: OHKO|0 fnt\n|faint|p2a: OHKO\n|\n|-weather|RainDance|[upkeep]\n|upkeep\n|\n|t:|1698863682\n|switch|p2a: Cyber Lizard|Miraidon|100\/100\n|-damage|p2a: Cyber Lizard|88\/100|[from] Stealth Rock\n|-fieldstart|move: Electric Terrain|[from] ability: Hadron Engine|[of] p2a: Cyber Lizard\n|-item|p2a: Cyber Lizard|Air Balloon\n|turn|12\n|\n|t:|1698863696\n|move|p2a: Cyber Lizard|Electro Drift|p1a: Basculegion\n|-supereffective|p1a: Basculegion\n|-damage|p1a: Basculegion|0 fnt\n|faint|p1a: Basculegion\n|\n|-weather|RainDance|[upkeep]\n|upkeep\n|\n|t:|1698863703\n|switch|p1a: Gothitelle|Gothitelle, F|100\/100\n|-activate|p1a: Gothitelle|move: Sticky Web\n|-unboost|p1a: Gothitelle|spe|1\n|turn|13\n|\n|t:|1698863711\n|move|p2a: Cyber Lizard|Calm Mind|p2a: Cyber Lizard\n|-boost|p2a: Cyber Lizard|spa|1\n|-boost|p2a: Cyber Lizard|spd|1\n|move|p1a: Gothitelle|Calm Mind|p1a: Gothitelle\n|-boost|p1a: Gothitelle|spa|1\n|-boost|p1a: Gothitelle|spd|1\n|\n|-weather|RainDance|[upkeep]\n|upkeep\n|turn|14\n|\n|t:|1698863726\n|move|p2a: Cyber Lizard|Calm Mind|p2a: Cyber Lizard\n|-boost|p2a: Cyber Lizard|spa|1\n|-boost|p2a: Cyber Lizard|spd|1\n|move|p1a: Gothitelle|Calm Mind|p1a: Gothitelle\n|-boost|p1a: Gothitelle|spa|1\n|-boost|p1a: Gothitelle|spd|1\n|\n|-weather|none\n|upkeep\n|turn|15\n|\n|t:|1698863734\n|move|p2a: Cyber Lizard|Electro Drift|p1a: Gothitelle\n|-damage|p1a: Gothitelle|25\/100\n|move|p1a: Gothitelle|Calm Mind|p1a: Gothitelle\n|-boost|p1a: Gothitelle|spa|1\n|-boost|p1a: Gothitelle|spd|1\n|\n|-heal|p1a: Gothitelle|31\/100|[from] item: Leftovers\n|upkeep\n|turn|16\n|\n|t:|1698863750\n|-terastallize|p1a: Gothitelle|Psychic\n|move|p2a: Cyber Lizard|Electro Drift|p1a: Gothitelle\n|-damage|p1a: Gothitelle|0 fnt\n|faint|p1a: Gothitelle\n|\n|-fieldend|move: Electric Terrain\n|upkeep\n|\n|t:|1698863758\n|switch|p1a: Typhlosion|Typhlosion-Hisui, M|100\/100\n|-activate|p1a: Typhlosion|move: Sticky Web\n|-unboost|p1a: Typhlosion|spe|1\n|turn|17\n|\n|t:|1698863771\n|move|p2a: Cyber Lizard|Electro Drift|p1a: Typhlosion\n|-damage|p1a: Typhlosion|0 fnt\n|faint|p1a: Typhlosion\n|\n|win|Anne Frankkkk\n|raw|didact_re's rating: 1112 &rarr; <strong>1090<\/strong><br \/>(-22 for losing)\n|raw|Anne Frankkkk's rating: 1147 &rarr; <strong>1169<\/strong><br \/>(+22 for winning)\n","uploadtime":1698863779,"views":13,"p1id":"didactre","p2id":"annefrankkkk","formatid":"gen9ubers","rating":1090,"private":0,"password":""}