{"id":"gen9ubers-1988933105","p1":"Corbinc","p2":"tomisginger","format":"[Gen 9] Ubers","log":"|j|\u2606Corbinc\n|j|\u2606tomisginger\n|t:|1699790327\n|gametype|singles\n|player|p1|Corbinc|ghetsis-gen5bw|\n|player|p2|tomisginger|alder|\n|teamsize|p1|6\n|teamsize|p2|6\n|gen|9\n|tier|[Gen 9] Ubers\n|rule|Sleep Clause Mod: Limit one foe put to sleep\n|rule|Species Clause: Limit one of each Pok\u00e9mon\n|rule|OHKO Clause: OHKO moves are banned\n|rule|Evasion Items Clause: Evasion items are banned\n|rule|Evasion Moves Clause: Evasion moves are banned\n|rule|Endless Battle Clause: Forcing endless battles is banned\n|rule|HP Percentage Mod: HP is shown in percentages\n|clearpoke\n|poke|p1|Gholdengo|\n|poke|p1|Slowking, F|\n|poke|p1|Scream Tail|\n|poke|p1|Piloswine, F|\n|poke|p1|Scizor, F|\n|poke|p1|Inteleon, F|\n|poke|p2|Clefable, F|\n|poke|p2|Lokix, F|\n|poke|p2|Sinistcha|\n|poke|p2|Inteleon, F|\n|poke|p2|Avalugg, M|\n|poke|p2|Espeon, M|\n|teampreview\n|j| Nikolobstar\n|j| F8S\n|\n|t:|1699790397\n|start\n|switch|p1a: Gholdengo|Gholdengo|100\/100\n|switch|p2a: Lokix|Lokix, F|100\/100\n|turn|1\n|\n|t:|1699790468\n|move|p1a: Gholdengo|Make It Rain|p2a: Lokix\n|-damage|p2a: Lokix|0 fnt\n|-unboost|p1a: Gholdengo|spa|1\n|faint|p2a: Lokix\n|\n|upkeep\n|c| F8S|252 SpA Gholdengo Make It Rain vs. 0 HP \/ 4 SpD Lokix: 321-378 (113.4 - 133.5%) -- guaranteed OHKO\n|\n|t:|1699790535\n|switch|p2a: Sinistcha|Sinistcha|100\/100\n|turn|2\n|\n|t:|1699790543\n|switch|p1a: Scizor|Scizor, F, shiny|100\/100\n|move|p2a: Sinistcha|Calm Mind|p2a: Sinistcha\n|-boost|p2a: Sinistcha|spa|1\n|-boost|p2a: Sinistcha|spd|1\n|\n|upkeep\n|turn|3\n|\n|t:|1699790575\n|move|p2a: Sinistcha|Strength Sap|p1a: Scizor\n|-unboost|p1a: Scizor|atk|1\n|move|p1a: Scizor|U-turn|p2a: Sinistcha\n|-damage|p2a: Sinistcha|75\/100\n|-damage|p1a: Scizor|91\/100|[from] item: Life Orb\n|\n|t:|1699790584\n|switch|p1a: Gholdengo|Gholdengo|100\/100|[from] U-turn\n|\n|-heal|p2a: Sinistcha|81\/100|[from] item: Leftovers\n|upkeep\n|turn|4\n|\n|t:|1699790630\n|-terastallize|p1a: Gholdengo|Flying\n|-terastallize|p2a: Sinistcha|Water\n|move|p1a: Gholdengo|Shadow Ball|p2a: Sinistcha\n|-damage|p2a: Sinistcha|49\/100\n|-unboost|p2a: Sinistcha|spd|1\n|move|p2a: Sinistcha|Calm Mind|p2a: Sinistcha\n|-boost|p2a: Sinistcha|spa|1\n|-boost|p2a: Sinistcha|spd|1\n|\n|-heal|p2a: Sinistcha|55\/100|[from] item: Leftovers\n|upkeep\n|turn|5\n|\n|t:|1699790704\n|move|p1a: Gholdengo|Shadow Ball|p2a: Sinistcha\n|-damage|p2a: Sinistcha|20\/100\n|move|p2a: Sinistcha|Shadow Ball|p1a: Gholdengo\n|-damage|p1a: Gholdengo|23\/100\n|-unboost|p1a: Gholdengo|spd|1\n|\n|-heal|p2a: Sinistcha|27\/100|[from] item: Leftovers\n|upkeep\n|turn|6\n|\n|t:|1699790735\n|switch|p2a: Clefable|Clefable, F|100\/100\n|move|p1a: Gholdengo|Shadow Ball|p2a: Clefable\n|-damage|p2a: Clefable|74\/100\n|\n|upkeep\n|turn|7\n|\n|t:|1699790757\n|switch|p1a: Scream Tail|Scream Tail|100\/100\n|move|p2a: Clefable|Moonblast|p1a: Scream Tail\n|-damage|p1a: Scream Tail|75\/100\n|\n|upkeep\n|turn|8\n|\n|t:|1699790772\n|switch|p2a: Espeon|Espeon, M|100\/100\n|move|p1a: Scream Tail|Wish|p1a: Scream Tail\n|\n|upkeep\n|turn|9\n|\n|t:|1699790786\n|move|p2a: Espeon|Trick|p1a: Scream Tail\n|-activate|p2a: Espeon|move: Trick|[of] p1a: Scream Tail\n|-item|p1a: Scream Tail|Choice Scarf|[from] move: Trick\n|-item|p2a: Espeon|Weakness Policy|[from] move: Trick\n|move|p1a: Scream Tail|Calm Mind|p1a: Scream Tail\n|-boost|p1a: Scream Tail|spa|1\n|-boost|p1a: Scream Tail|spd|1\n|\n|-heal|p1a: Scream Tail|100\/100|[from] move: Wish|[wisher] Scream Tail\n|upkeep\n|turn|10\n|\n|t:|1699790811\n|-end|p1a: Scream Tail|Protosynthesis|[silent]\n|switch|p1a: Inteleon|Inteleon, F|100\/100\n|move|p2a: Espeon|Shadow Ball|p1a: Inteleon\n|-crit|p1a: Inteleon\n|-damage|p1a: Inteleon|19\/100\n|\n|upkeep\n|turn|11\n|\n|t:|1699790871\n|switch|p2a: Clefable|Clefable, F|74\/100\n|move|p1a: Inteleon|U-turn|p2a: Clefable\n|-resisted|p2a: Clefable\n|-damage|p2a: Clefable|67\/100\n|\n|t:|1699790882\n|switch|p1a: Gholdengo|Gholdengo, tera:Flying|23\/100|[from] U-turn\n|\n|upkeep\n|turn|12\n|c| F8S|252+ Atk Expert Belt Tera Bug Inteleon Fell Stinger (60 BP) vs. 0 HP \/ 0 Def Espeon: 295-348 (108.8 - 128.4%) -- guaranteed OHKO\n|\n|t:|1699790919\n|move|p1a: Gholdengo|Make It Rain|p2a: Clefable\n|-supereffective|p2a: Clefable\n|-damage|p2a: Clefable|0 fnt\n|-unboost|p1a: Gholdengo|spa|1\n|faint|p2a: Clefable\n|\n|upkeep\n|\n|t:|1699790978\n|switch|p2a: Sinistcha|Sinistcha, tera:Water|27\/100\n|turn|13\n|\n|t:|1699790983\n|move|p1a: Gholdengo|Make It Rain|p2a: Sinistcha\n|-resisted|p2a: Sinistcha\n|-crit|p2a: Sinistcha\n|-damage|p2a: Sinistcha|0 fnt\n|-unboost|p1a: Gholdengo|spa|1\n|faint|p2a: Sinistcha\n|\n|upkeep\n|\n|t:|1699791035\n|switch|p2a: Espeon|Espeon, M|100\/100\n|turn|14\n|\n|t:|1699791040\n|switch|p1a: Scizor|Scizor, F, shiny|91\/100\n|move|p2a: Espeon|Psychic|p1a: Scizor\n|-resisted|p1a: Scizor\n|-damage|p1a: Scizor|62\/100\n|\n|upkeep\n|turn|15\n|\n|t:|1699791050\n|switch|p2a: Avalugg|Avalugg, M|100\/100\n|move|p1a: Scizor|Bullet Punch|p2a: Avalugg\n|-supereffective|p2a: Avalugg\n|-damage|p2a: Avalugg|66\/100\n|-damage|p1a: Scizor|46\/100|[from] item: Rocky Helmet|[of] p2a: Avalugg\n|-damage|p1a: Scizor|36\/100|[from] item: Life Orb\n|\n|upkeep\n|turn|16\n|\n|t:|1699791058\n|move|p1a: Scizor|Close Combat|p2a: Avalugg\n|-supereffective|p2a: Avalugg\n|-damage|p2a: Avalugg|17\/100\n|-unboost|p1a: Scizor|def|1\n|-unboost|p1a: Scizor|spd|1\n|-damage|p1a: Scizor|19\/100|[from] item: Rocky Helmet|[of] p2a: Avalugg\n|-damage|p1a: Scizor|10\/100|[from] item: Life Orb\n|move|p2a: Avalugg|Iron Defense|p2a: Avalugg\n|-boost|p2a: Avalugg|def|2\n|\n|upkeep\n|turn|17\n|\n|t:|1699791076\n|move|p1a: Scizor|Close Combat|p2a: Avalugg\n|-supereffective|p2a: Avalugg\n|-damage|p2a: Avalugg|0 fnt\n|-unboost|p1a: Scizor|def|1\n|-unboost|p1a: Scizor|spd|1\n|-damage|p1a: Scizor|0 fnt|[from] item: Rocky Helmet|[of] p2a: Avalugg\n|faint|p2a: Avalugg\n|faint|p1a: Scizor\n|\n|upkeep\n|\n|t:|1699791090\n|switch|p1a: Gholdengo|Gholdengo, tera:Flying|23\/100\n|switch|p2a: Espeon|Espeon, M|100\/100\n|turn|18\n|\n|t:|1699791116\n|move|p1a: Gholdengo|Shadow Ball|p2a: Espeon\n|-supereffective|p2a: Espeon\n|-damage|p2a: Espeon|0 fnt\n|faint|p2a: Espeon\n|\n|upkeep\n|\n|t:|1699791121\n|switch|p2a: Inteleon|Inteleon, F|100\/100\n|turn|19\n|\n|t:|1699791126\n|move|p1a: Gholdengo|Shadow Ball|p2a: Inteleon\n|-damage|p2a: Inteleon|25\/100\n|move|p2a: Inteleon|Dark Pulse|p1a: Gholdengo\n|-damage|p1a: Gholdengo|0 fnt\n|faint|p1a: Gholdengo\n|\n|upkeep\n|\n|t:|1699791144\n|switch|p1a: Scream Tail|Scream Tail|100\/100\n|turn|20\n|\n|t:|1699791151\n|move|p1a: Scream Tail|Calm Mind|p1a: Scream Tail\n|-boost|p1a: Scream Tail|spa|1\n|-boost|p1a: Scream Tail|spd|1\n|move|p2a: Inteleon|Dark Pulse|p1a: Scream Tail\n|-damage|p1a: Scream Tail|83\/100\n|\n|upkeep\n|turn|21\n|\n|t:|1699791158\n|-end|p1a: Scream Tail|Protosynthesis|[silent]\n|switch|p1a: Inteleon|Inteleon, F|19\/100\n|move|p2a: Inteleon|Dark Pulse|p1a: Inteleon\n|-damage|p1a: Inteleon|0 fnt\n|faint|p1a: Inteleon\n|\n|upkeep\n|\n|t:|1699791162\n|switch|p1a: Scream Tail|Scream Tail|83\/100\n|turn|22\n|\n|t:|1699791167\n|move|p1a: Scream Tail|Flamethrower|p2a: Inteleon\n|-resisted|p2a: Inteleon\n|-damage|p2a: Inteleon|12\/100\n|move|p2a: Inteleon|Dark Pulse|p1a: Scream Tail\n|-damage|p1a: Scream Tail|57\/100\n|\n|upkeep\n|turn|23\n|\n|t:|1699791173\n|move|p1a: Scream Tail|Flamethrower|p2a: Inteleon\n|-resisted|p2a: Inteleon\n|-damage|p2a: Inteleon|0 fnt\n|faint|p2a: Inteleon\n|\n|win|Corbinc\n","uploadtime":1699791183,"views":11,"p1id":"corbinc","p2id":"tomisginger","formatid":"gen9ubers","rating":0,"private":0,"password":""}