{"id":"gen9ubers-1982700385","p1":"LadyMaria-Blue","p2":"Low Tier Junk","format":"[Gen 9] Ubers","log":"|j|\u2606LadyMaria-Blue\n|j|\u2606Low Tier Junk\n|t:|1699036948\n|gametype|singles\n|player|p1|LadyMaria-Blue|cynthia|\n|player|p2|Low Tier Junk|preschooler|\n|teamsize|p1|6\n|teamsize|p2|6\n|gen|9\n|tier|[Gen 9] Ubers\n|rule|Sleep Clause Mod: Limit one foe put to sleep\n|rule|Species Clause: Limit one of each Pok\u00e9mon\n|rule|OHKO Clause: OHKO moves are banned\n|rule|Evasion Items Clause: Evasion items are banned\n|rule|Evasion Moves Clause: Evasion moves are banned\n|rule|Endless Battle Clause: Forcing endless battles is banned\n|rule|HP Percentage Mod: HP is shown in percentages\n|clearpoke\n|poke|p1|Torkoal, F|\n|poke|p1|Roaring Moon|\n|poke|p1|Magearna|\n|poke|p1|Volcanion|\n|poke|p1|Chi-Yu|\n|poke|p1|Walking Wake|\n|poke|p2|Magearna|\n|poke|p2|Cyclizar, F|\n|poke|p2|Arceus-Fighting|\n|poke|p2|Urshifu-*, F|\n|poke|p2|Darkrai|\n|poke|p2|Espathra, M|\n|teampreview\n|c|\u2606Low Tier Junk|Wait its best of 3\n|c|\u2606Low Tier Junk|?\n|j| imperialorder241\n|c|\u2606LadyMaria-Blue|yea\n|c| imperialorder241|yuh\n|j| Laprasrules12\n|j| Finchely\n|c|\u2606Low Tier Junk|oh ok\n|c| Laprasrules12|Rip\n|\n|t:|1699036994\n|start\n|switch|p1a: Torkoal|Torkoal, F|100\/100\n|switch|p2a: Kordidon|Cyclizar, F|100\/100\n|-weather|SunnyDay|[from] ability: Drought|[of] p1a: Torkoal\n|turn|1\n|\n|t:|1699037000\n|move|p2a: Kordidon|Shed Tail|p2a: Kordidon\n|-start|p2a: Kordidon|Substitute|[from] move: Shed Tail\n|-damage|p2a: Kordidon|50\/100\n|\n|t:|1699037006\n|switch|p2a: HoundStown|Espathra, M|100\/100|[from] Shed Tail\n|move|p1a: Torkoal|Stealth Rock|p2a: HoundStown\n|-sidestart|p2: Low Tier Junk|move: Stealth Rock\n|\n|-weather|SunnyDay|[upkeep]\n|upkeep\n|turn|2\n|\n|t:|1699037015\n|move|p2a: HoundStown|Calm Mind|p2a: HoundStown\n|-boost|p2a: HoundStown|spa|1\n|-boost|p2a: HoundStown|spd|1\n|move|p1a: Torkoal|Lava Plume|p2a: HoundStown\n|-end|p2a: HoundStown|Substitute\n|\n|-weather|SunnyDay|[upkeep]\n|-ability|p2a: HoundStown|Speed Boost|boost\n|-boost|p2a: HoundStown|spe|1\n|upkeep\n|turn|3\n|\n|t:|1699037022\n|move|p2a: HoundStown|Protect|p2a: HoundStown\n|-singleturn|p2a: HoundStown|Protect\n|move|p1a: Torkoal|Yawn|p2a: HoundStown\n|-activate|p2a: HoundStown|move: Protect\n|\n|-weather|SunnyDay|[upkeep]\n|-ability|p2a: HoundStown|Speed Boost|boost\n|-boost|p2a: HoundStown|spe|1\n|upkeep\n|turn|4\n|l| Finchely\n|\n|t:|1699037031\n|move|p2a: HoundStown|Stored Power|p1a: Torkoal\n|-damage|p1a: Torkoal|47\/100\n|move|p1a: Torkoal|Yawn|p2a: HoundStown\n|-start|p2a: HoundStown|move: Yawn|[of] p1a: Torkoal\n|\n|-weather|SunnyDay|[upkeep]\n|-ability|p2a: HoundStown|Speed Boost|boost\n|-boost|p2a: HoundStown|spe|1\n|upkeep\n|turn|5\n|\n|t:|1699037038\n|switch|p2a: Genger|Darkrai, shiny|100\/100\n|-damage|p2a: Genger|88\/100|[from] Stealth Rock\n|switch|p1a: Roaring Moon|Roaring Moon|100\/100\n|-activate|p1a: Roaring Moon|ability: Protosynthesis\n|-start|p1a: Roaring Moon|protosynthesisspe\n|\n|-weather|SunnyDay|[upkeep]\n|upkeep\n|turn|6\n|j| Finchely\n|\n|t:|1699037085\n|move|p1a: Roaring Moon|Outrage|p2a: Genger\n|-damage|p2a: Genger|0 fnt\n|faint|p2a: Genger\n|\n|-weather|SunnyDay|[upkeep]\n|upkeep\n|l| Finchely\n|\n|t:|1699037093\n|switch|p2a: Waifu Tier|Magearna|100\/100\n|-damage|p2a: Waifu Tier|94\/100|[from] Stealth Rock\n|turn|7\n|\n|t:|1699037099\n|-terastallize|p2a: Waifu Tier|Fairy\n|move|p1a: Roaring Moon|Outrage|p2a: Waifu Tier|[from]lockedmove\n|-immune|p2a: Waifu Tier\n|move|p2a: Waifu Tier|Calm Mind|p2a: Waifu Tier\n|-boost|p2a: Waifu Tier|spa|1\n|-boost|p2a: Waifu Tier|spd|1\n|\n|-weather|SunnyDay|[upkeep]\n|-heal|p2a: Waifu Tier|100\/100|[from] item: Leftovers\n|upkeep\n|turn|8\n|\n|t:|1699037108\n|-end|p1a: Roaring Moon|Protosynthesis|[silent]\n|switch|p1a: Chi-Yu|Chi-Yu|100\/100\n|-ability|p1a: Chi-Yu|Beads of Ruin\n|move|p2a: Waifu Tier|Calm Mind|p2a: Waifu Tier\n|-boost|p2a: Waifu Tier|spa|1\n|-boost|p2a: Waifu Tier|spd|1\n|\n|-weather|none\n|upkeep\n|turn|9\n|j| Finchely\n|\n|t:|1699037127\n|switch|p1a: Torkoal|Torkoal, F|47\/100\n|-weather|SunnyDay|[from] ability: Drought|[of] p1a: Torkoal\n|move|p2a: Waifu Tier|Fleur Cannon|p1a: Torkoal\n|-resisted|p1a: Torkoal\n|-crit|p1a: Torkoal\n|-damage|p1a: Torkoal|0 fnt\n|-unboost|p2a: Waifu Tier|spa|2\n|faint|p1a: Torkoal\n|-ability|p2a: Waifu Tier|Soul-Heart|boost\n|-boost|p2a: Waifu Tier|spa|1\n|\n|-weather|SunnyDay|[upkeep]\n|upkeep\n|\n|t:|1699037133\n|switch|p1a: Roaring Moon|Roaring Moon|100\/100\n|-activate|p1a: Roaring Moon|ability: Protosynthesis\n|-start|p1a: Roaring Moon|protosynthesisspe\n|turn|10\n|\n|t:|1699037161\n|-terastallize|p1a: Roaring Moon|Steel\n|move|p1a: Roaring Moon|Iron Head|p2a: Waifu Tier\n|-supereffective|p2a: Waifu Tier\n|-damage|p2a: Waifu Tier|0 fnt\n|faint|p2a: Waifu Tier\n|\n|-weather|SunnyDay|[upkeep]\n|upkeep\n|\n|t:|1699037167\n|switch|p2a: Arceus|Arceus-Fighting|100\/100\n|-damage|p2a: Arceus|94\/100|[from] Stealth Rock\n|turn|11\n|\n|t:|1699037173\n|-end|p1a: Roaring Moon|Protosynthesis|[silent]\n|switch|p1a: Magearna|Magearna|100\/100\n|move|p2a: Arceus|Body Press|p1a: Magearna\n|-damage|p1a: Magearna|53\/100\n|\n|-weather|SunnyDay|[upkeep]\n|upkeep\n|turn|12\n|l| Finchely\n|\n|t:|1699037180\n|move|p2a: Arceus|Cosmic Power|p2a: Arceus\n|-boost|p2a: Arceus|def|1\n|-boost|p2a: Arceus|spd|1\n|move|p1a: Magearna|Shift Gear|p1a: Magearna\n|-boost|p1a: Magearna|spe|2\n|-boost|p1a: Magearna|atk|1\n|\n|-weather|SunnyDay|[upkeep]\n|upkeep\n|turn|13\n|\n|t:|1699037183\n|move|p1a: Magearna|Fleur Cannon|p2a: Arceus\n|-supereffective|p2a: Arceus\n|-damage|p2a: Arceus|15\/100\n|-unboost|p1a: Magearna|spa|2\n|-damage|p1a: Magearna|43\/100|[from] item: Life Orb\n|move|p2a: Arceus|Cosmic Power|p2a: Arceus\n|-boost|p2a: Arceus|def|1\n|-boost|p2a: Arceus|spd|1\n|\n|-weather|SunnyDay|[upkeep]\n|upkeep\n|turn|14\n|\n|t:|1699037191\n|move|p1a: Magearna|Fleur Cannon|p2a: Arceus|[miss]\n|-miss|p1a: Magearna|p2a: Arceus\n|move|p2a: Arceus|Recover|p2a: Arceus\n|-heal|p2a: Arceus|65\/100\n|\n|-weather|SunnyDay|[upkeep]\n|upkeep\n|turn|15\n|c| imperialorder241|NOOOOOOO\n|\n|t:|1699037200\n|switch|p1a: Volcanion|Volcanion|100\/100\n|move|p2a: Arceus|Body Press|p1a: Volcanion\n|-damage|p1a: Volcanion|33\/100\n|\n|-weather|SunnyDay|[upkeep]\n|upkeep\n|turn|16\n|\n|t:|1699037208\n|switch|p1a: Magearna|Magearna|43\/100\n|move|p2a: Arceus|Body Press|p1a: Magearna\n|-damage|p1a: Magearna|0 fnt\n|faint|p1a: Magearna\n|\n|-weather|none\n|upkeep\n|\n|t:|1699037216\n|switch|p1a: Walking Wake|Walking Wake|100\/100\n|turn|17\n|\n|t:|1699037225\n|move|p1a: Walking Wake|Dragon Pulse|p2a: Arceus\n|-damage|p2a: Arceus|42\/100\n|move|p2a: Arceus|Stored Power|p1a: Walking Wake\n|-damage|p1a: Walking Wake|68\/100\n|\n|upkeep\n|turn|18\n|\n|t:|1699037231\n|move|p1a: Walking Wake|Dragon Pulse|p2a: Arceus\n|-damage|p2a: Arceus|22\/100\n|move|p2a: Arceus|Body Press|p1a: Walking Wake\n|-damage|p1a: Walking Wake|0 fnt\n|faint|p1a: Walking Wake\n|-end|p1a: Walking Wake|Protosynthesis|[silent]\n|\n|upkeep\n|\n|t:|1699037241\n|switch|p1a: Chi-Yu|Chi-Yu|100\/100\n|-ability|p1a: Chi-Yu|Beads of Ruin\n|turn|19\n|\n|t:|1699037269\n|move|p1a: Chi-Yu|Psychic|p2a: Arceus\n|-supereffective|p2a: Arceus\n|-damage|p2a: Arceus|0 fnt\n|faint|p2a: Arceus\n|\n|upkeep\n|\n|t:|1699037276\n|switch|p2a: Urshifu-Dark|Urshifu-Rapid-Strike, F|100\/100\n|-damage|p2a: Urshifu-Dark|94\/100|[from] Stealth Rock\n|turn|20\n|\n|t:|1699037282\n|switch|p1a: Volcanion|Volcanion|33\/100\n|move|p2a: Urshifu-Dark|Swords Dance|p2a: Urshifu-Dark\n|-boost|p2a: Urshifu-Dark|atk|2\n|\n|upkeep\n|turn|21\n|j| Finchely\n|\n|t:|1699037291\n|move|p2a: Urshifu-Dark|Close Combat|p1a: Volcanion\n|-damage|p1a: Volcanion|0 fnt\n|-unboost|p2a: Urshifu-Dark|def|1\n|-unboost|p2a: Urshifu-Dark|spd|1\n|faint|p1a: Volcanion\n|\n|upkeep\n|\n|t:|1699037297\n|switch|p1a: Chi-Yu|Chi-Yu|100\/100\n|-ability|p1a: Chi-Yu|Beads of Ruin\n|turn|22\n|\n|t:|1699037311\n|move|p1a: Chi-Yu|Psychic|p2a: Urshifu-Dark\n|-supereffective|p2a: Urshifu-Dark\n|-damage|p2a: Urshifu-Dark|0 fnt\n|faint|p2a: Urshifu-Dark\n|\n|upkeep\n|\n|t:|1699037314\n|switch|p2a: Kordidon|Cyclizar, F|84\/100\n|turn|23\n|\n|t:|1699037325\n|move|p1a: Chi-Yu|Psychic|p2a: Kordidon\n|-damage|p2a: Kordidon|23\/100\n|-unboost|p2a: Kordidon|spd|1\n|move|p2a: Kordidon|Shed Tail|p2a: Kordidon\n|-fail|p2a: Kordidon|move: Shed Tail|[weak]\n|\n|upkeep\n|turn|24\n|\n|t:|1699037334\n|move|p1a: Chi-Yu|Psychic|p2a: Kordidon\n|-damage|p2a: Kordidon|0 fnt\n|faint|p2a: Kordidon\n|\n|upkeep\n|\n|t:|1699037337\n|switch|p2a: HoundStown|Espathra, M|100\/100\n|-damage|p2a: HoundStown|88\/100|[from] Stealth Rock\n|turn|25\n|\n|t:|1699037346\n|switch|p1a: Roaring Moon|Roaring Moon, tera:Steel|100\/100\n|move|p2a: HoundStown|Calm Mind|p2a: HoundStown\n|-boost|p2a: HoundStown|spa|1\n|-boost|p2a: HoundStown|spd|1\n|\n|-heal|p2a: HoundStown|94\/100|[from] item: Leftovers\n|-ability|p2a: HoundStown|Speed Boost|boost\n|-boost|p2a: HoundStown|spe|1\n|upkeep\n|turn|26\n|\n|t:|1699037351\n|move|p2a: HoundStown|Stored Power|p1a: Roaring Moon\n|-resisted|p1a: Roaring Moon\n|-damage|p1a: Roaring Moon|81\/100\n|move|p1a: Roaring Moon|Knock Off|p2a: HoundStown\n|-supereffective|p2a: HoundStown\n|-crit|p2a: HoundStown\n|-damage|p2a: HoundStown|0 fnt\n|-enditem|p2a: HoundStown|Leftovers|[from] move: Knock Off|[of] p1a: Roaring Moon\n|faint|p2a: HoundStown\n|\n|win|LadyMaria-Blue\n|c|\u2606LadyMaria-Blue|ggs\n|c|\u2606Low Tier Junk|gg\n|c|\u2606LadyMaria-Blue|that espathra and arc are damn scary\n|c| imperialorder241|hcheese teams do be kinda scary yeah\n|c| Laprasrules12|I thought Koraidom was banned\n|l| Finchely\n","uploadtime":1699037393,"views":14,"p1id":"ladymariablue","p2id":"lowtierjunk","formatid":"gen9ubers","rating":0,"private":0,"password":""}