{"id":"gen9ubers-1974315119","p1":"gr88nhood","p2":"Enderall","format":"[Gen 9] Ubers","log":"|j|\u2606gr88nhood\n|j|\u2606Enderall\n|t:|1698077197\n|gametype|singles\n|player|p1|gr88nhood|1|\n|player|p2|Enderall|rocketgrunt|\n|teamsize|p1|6\n|teamsize|p2|6\n|gen|9\n|tier|[Gen 9] Ubers\n|rule|Sleep Clause Mod: Limit one foe put to sleep\n|rule|Species Clause: Limit one of each Pok\u00e9mon\n|rule|OHKO Clause: OHKO moves are banned\n|rule|Evasion Items Clause: Evasion items are banned\n|rule|Evasion Moves Clause: Evasion moves are banned\n|rule|Endless Battle Clause: Forcing endless battles is banned\n|rule|HP Percentage Mod: HP is shown in percentages\n|clearpoke\n|poke|p1|Ribombee, M|\n|poke|p1|Volcarona, M|\n|poke|p1|Bisharp, M|\n|poke|p1|Greninja-*, M|\n|poke|p1|Moltres-Galar|\n|poke|p1|Mimikyu, M|\n|poke|p2|Slowking-Galar, M|\n|poke|p2|Hatterene, F|\n|poke|p2|Iron Moth|\n|poke|p2|Roaring Moon|\n|poke|p2|Mandibuzz, F|\n|poke|p2|Scizor, M|\n|teampreview\n|c|\u2606Enderall|glhf\n|\n|t:|1698077219\n|start\n|switch|p1a: Ribombee|Ribombee, M|100\/100\n|switch|p2a: Scizor|Scizor, M|100\/100\n|turn|1\n|c|\u2606gr88nhood|GLHF\n|\n|t:|1698077231\n|move|p2a: Scizor|Bullet Punch|p1a: Ribombee\n|-supereffective|p1a: Ribombee\n|-enditem|p1a: Ribombee|Focus Sash\n|-damage|p1a: Ribombee|1\/100\n|move|p1a: Ribombee|Sticky Web|p2a: Scizor\n|-sidestart|p2: Enderall|move: Sticky Web\n|\n|upkeep\n|turn|2\n|\n|t:|1698077242\n|switch|p1a: Volcarona|Volcarona, M|100\/100\n|move|p2a: Scizor|Bullet Punch|p1a: Volcarona\n|-resisted|p1a: Volcarona\n|-damage|p1a: Volcarona|77\/100\n|\n|upkeep\n|turn|3\n|\n|t:|1698077250\n|switch|p2a: Slowking|Slowking-Galar, M|100\/100\n|move|p1a: Volcarona|Substitute|p1a: Volcarona\n|-start|p1a: Volcarona|Substitute\n|-damage|p1a: Volcarona|52\/100\n|\n|upkeep\n|turn|4\n|\n|t:|1698077276\n|move|p1a: Volcarona|Quiver Dance|p1a: Volcarona\n|-boost|p1a: Volcarona|spa|1\n|-boost|p1a: Volcarona|spd|1\n|-boost|p1a: Volcarona|spe|1\n|move|p2a: Slowking|Sludge Bomb|p1a: Volcarona\n|-activate|p1a: Volcarona|move: Substitute|[damage]\n|\n|upkeep\n|turn|5\n|\n|t:|1698077284\n|move|p1a: Volcarona|Morning Sun|p1a: Volcarona\n|-heal|p1a: Volcarona|100\/100\n|move|p2a: Slowking|Sludge Bomb|p1a: Volcarona\n|-end|p1a: Volcarona|Substitute\n|\n|upkeep\n|turn|6\n|\n|t:|1698077290\n|move|p1a: Volcarona|Substitute|p1a: Volcarona\n|-start|p1a: Volcarona|Substitute\n|-damage|p1a: Volcarona|76\/100\n|move|p2a: Slowking|Chilly Reception|p2a: Slowking\n|-weather|Snow\n|\n|t:|1698077322\n|switch|p2a: Mandibuzz|Mandibuzz, F|100\/100|[from] Chilly Reception\n|\n|-weather|Snow|[upkeep]\n|upkeep\n|turn|7\n|\n|t:|1698077351\n|move|p1a: Volcarona|Flamethrower|p2a: Mandibuzz\n|-damage|p2a: Mandibuzz|49\/100\n|move|p2a: Mandibuzz|Defog|p1a: Volcarona\n|-sideend|p2: Enderall|Sticky Web|[from] move: Defog|[of] p2a: Mandibuzz\n|\n|-weather|Snow|[upkeep]\n|upkeep\n|turn|8\n|\n|t:|1698077363\n|switch|p2a: Hatterene|Hatterene, F|100\/100\n|move|p1a: Volcarona|Flamethrower|p2a: Hatterene\n|-damage|p2a: Hatterene|38\/100\n|-enditem|p2a: Hatterene|Eject Button\n|\n|t:|1698077370\n|switch|p2a: Roaring Moon|Roaring Moon|100\/100\n|-enditem|p2a: Roaring Moon|Booster Energy\n|-activate|p2a: Roaring Moon|ability: Protosynthesis|[fromitem]\n|-start|p2a: Roaring Moon|protosynthesisatk\n|\n|-weather|Snow|[upkeep]\n|upkeep\n|turn|9\n|\n|t:|1698077386\n|move|p1a: Volcarona|Flamethrower|p2a: Roaring Moon\n|-resisted|p2a: Roaring Moon\n|-damage|p2a: Roaring Moon|69\/100\n|move|p2a: Roaring Moon|Acrobatics|p1a: Volcarona\n|-supereffective|p1a: Volcarona\n|-end|p1a: Volcarona|Substitute\n|\n|-weather|Snow|[upkeep]\n|upkeep\n|turn|10\n|\n|t:|1698077398\n|switch|p1a: Mimikyu|Mimikyu, M|100\/100\n|move|p2a: Roaring Moon|Dragon Dance|p2a: Roaring Moon\n|-boost|p2a: Roaring Moon|atk|1\n|-boost|p2a: Roaring Moon|spe|1\n|\n|-weather|none\n|upkeep\n|turn|11\n|\n|t:|1698077408\n|move|p2a: Roaring Moon|Knock Off|p1a: Mimikyu\n|-activate|p1a: Mimikyu|ability: Disguise\n|-damage|p1a: Mimikyu|100\/100\n|-enditem|p1a: Mimikyu|Life Orb|[from] move: Knock Off|[of] p2a: Roaring Moon\n|detailschange|p1a: Mimikyu|Mimikyu-Busted, M\n|-damage|p1a: Mimikyu|88\/100|[from] pokemon: Mimikyu-Busted\n|move|p1a: Mimikyu|Shadow Claw|p2a: Roaring Moon\n|-resisted|p2a: Roaring Moon\n|-damage|p2a: Roaring Moon|47\/100\n|\n|upkeep\n|turn|12\n|\n|t:|1698077429\n|move|p2a: Roaring Moon|Acrobatics|p1a: Mimikyu\n|-damage|p1a: Mimikyu|0 fnt\n|faint|p1a: Mimikyu\n|\n|upkeep\n|\n|t:|1698077445\n|switch|p1a: Bisharp|Bisharp, M|100\/100\n|turn|13\n|\n|t:|1698077469\n|move|p2a: Roaring Moon|Earthquake|p1a: Bisharp\n|-supereffective|p1a: Bisharp\n|-damage|p1a: Bisharp|0 fnt\n|faint|p1a: Bisharp\n|\n|upkeep\n|\n|t:|1698077478\n|switch|p1a: Greninja|Greninja, M|100\/100\n|turn|14\n|\n|t:|1698077484\n|move|p2a: Roaring Moon|Acrobatics|p1a: Greninja\n|-damage|p1a: Greninja|0 fnt\n|faint|p1a: Greninja\n|\n|upkeep\n|\n|t:|1698077488\n|switch|p1a: Moltres|Moltres-Galar|100\/100\n|turn|15\n|\n|t:|1698077494\n|move|p2a: Roaring Moon|Acrobatics|p1a: Moltres\n|-damage|p1a: Moltres|15\/100\n|-ability|p1a: Moltres|Berserk|boost\n|-boost|p1a: Moltres|spa|1\n|-enditem|p1a: Moltres|Sitrus Berry|[eat]\n|-heal|p1a: Moltres|40\/100|[from] item: Sitrus Berry\n|move|p1a: Moltres|Hurricane|p2a: Roaring Moon|[miss]\n|-miss|p1a: Moltres|p2a: Roaring Moon\n|\n|upkeep\n|turn|16\n|c|\u2606Enderall|unlucky\n|\n|t:|1698077507\n|move|p2a: Roaring Moon|Acrobatics|p1a: Moltres\n|-damage|p1a: Moltres|0 fnt\n|faint|p1a: Moltres\n|\n|upkeep\n|\n|t:|1698077514\n|switch|p1a: Volcarona|Volcarona, M|76\/100\n|turn|17\n|\n|t:|1698077519\n|move|p2a: Roaring Moon|Acrobatics|p1a: Volcarona\n|-supereffective|p1a: Volcarona\n|-damage|p1a: Volcarona|0 fnt\n|faint|p1a: Volcarona\n|\n|upkeep\n|\n|t:|1698077523\n|switch|p1a: Ribombee|Ribombee, M|1\/100\n|turn|18\n|\n|t:|1698077527\n|move|p2a: Roaring Moon|Acrobatics|p1a: Ribombee\n|-supereffective|p1a: Ribombee\n|-damage|p1a: Ribombee|0 fnt\n|faint|p1a: Ribombee\n|\n|win|Enderall\n|c|\u2606gr88nhood|GG\n|c|\u2606Enderall|ggs\n","uploadtime":1698077536,"views":13,"p1id":"gr88nhood","p2id":"enderall","formatid":"gen9ubers","rating":0,"private":0,"password":""}