{"id":"gen9ubers-1992333112","p1":"flambojambo","p2":"shuckleshellshock","format":"[Gen 9] Ubers","log":"|j|\u2606flambojambo\n|j|\u2606shuckleshellshock\n|t:|1700175679\n|gametype|singles\n|player|p1|flambojambo|skyla|\n|player|p2|shuckleshellshock|nate|\n|teamsize|p1|6\n|teamsize|p2|6\n|gen|9\n|tier|[Gen 9] Ubers\n|rule|Sleep Clause Mod: Limit one foe put to sleep\n|rule|Species Clause: Limit one of each Pok\u00e9mon\n|rule|OHKO Clause: OHKO moves are banned\n|rule|Evasion Items Clause: Evasion items are banned\n|rule|Evasion Moves Clause: Evasion moves are banned\n|rule|Endless Battle Clause: Forcing endless battles is banned\n|rule|HP Percentage Mod: HP is shown in percentages\n|clearpoke\n|poke|p1|Zamazenta-*|\n|poke|p1|Skeledirge, F|\n|poke|p1|Cinderace, F|\n|poke|p1|Enamorus, F|\n|poke|p1|Manaphy|\n|poke|p1|Morpeko, M|\n|poke|p2|Gliscor, M|\n|poke|p2|Chansey, F|\n|poke|p2|Garchomp, F|\n|poke|p2|Volcarona, F|\n|poke|p2|Goodra-Hisui, F|\n|poke|p2|Diancie|\n|teampreview\n|\n|t:|1700175692\n|start\n|switch|p1a: Zendaya - Crowned|Zamazenta-Crowned, shiny|100\/100\n|switch|p2a: 11pt uber|Gliscor, M|100\/100\n|-ability|p1a: Zendaya - Crowned|Dauntless Shield|boost\n|-boost|p1a: Zendaya - Crowned|def|1\n|turn|1\n|\n|t:|1700175700\n|move|p1a: Zendaya - Crowned|Iron Defense|p1a: Zendaya - Crowned\n|-boost|p1a: Zendaya - Crowned|def|2\n|move|p2a: 11pt uber|Knock Off|p1a: Zendaya - Crowned\n|-resisted|p1a: Zendaya - Crowned\n|-damage|p1a: Zendaya - Crowned|98\/100\n|\n|-status|p2a: 11pt uber|tox|[from] item: Toxic Orb\n|upkeep\n|turn|2\n|\n|t:|1700175719\n|switch|p2a: the stall king|Chansey, F|100\/100\n|move|p1a: Zendaya - Crowned|Iron Defense|p1a: Zendaya - Crowned\n|-boost|p1a: Zendaya - Crowned|def|2\n|\n|upkeep\n|turn|3\n|\n|t:|1700175725\n|move|p1a: Zendaya - Crowned|Body Press|p2a: the stall king\n|-supereffective|p2a: the stall king\n|-damage|p2a: the stall king|0 fnt\n|faint|p2a: the stall king\n|\n|upkeep\n|\n|t:|1700175735\n|switch|p2a: immortal snail|Goodra-Hisui, F|100\/100\n|turn|4\n|\n|t:|1700175741\n|move|p1a: Zendaya - Crowned|Body Press|p2a: immortal snail\n|-supereffective|p2a: immortal snail\n|-damage|p2a: immortal snail|0 fnt\n|-ability|p2a: immortal snail|Gooey\n|-unboost|p1a: Zendaya - Crowned|spe|1\n|faint|p2a: immortal snail\n|\n|upkeep\n|\n|t:|1700175751\n|switch|p2a: papa roach|Volcarona, F|100\/100\n|turn|5\n|\n|t:|1700175760\n|move|p2a: papa roach|Quiver Dance|p2a: papa roach\n|-boost|p2a: papa roach|spa|1\n|-boost|p2a: papa roach|spd|1\n|-boost|p2a: papa roach|spe|1\n|move|p1a: Zendaya - Crowned|Body Press|p2a: papa roach\n|-resisted|p2a: papa roach\n|-damage|p2a: papa roach|26\/100\n|-status|p1a: Zendaya - Crowned|brn|[from] ability: Flame Body|[of] p2a: papa roach\n|\n|-damage|p1a: Zendaya - Crowned|92\/100 brn|[from] brn\n|upkeep\n|turn|6\n|\n|t:|1700175773\n|move|p2a: papa roach|Flamethrower|p1a: Zendaya - Crowned\n|-supereffective|p1a: Zendaya - Crowned\n|-damage|p1a: Zendaya - Crowned|4\/100 brn\n|move|p1a: Zendaya - Crowned|Body Press|p2a: papa roach\n|-resisted|p2a: papa roach\n|-damage|p2a: papa roach|0 fnt\n|faint|p2a: papa roach\n|\n|-damage|p1a: Zendaya - Crowned|0 fnt|[from] brn\n|faint|p1a: Zendaya - Crowned\n|upkeep\n|\n|t:|1700175790\n|switch|p1a: Maddiphy|Manaphy, shiny|100\/100\n|switch|p2a: 11pt uber|Gliscor, M|100\/100 tox\n|turn|7\n|\n|t:|1700175799\n|move|p1a: Maddiphy|Tail Glow|p1a: Maddiphy\n|-boost|p1a: Maddiphy|spa|3\n|move|p2a: 11pt uber|Toxic Spikes|p1a: Maddiphy\n|-sidestart|p1: flambojambo|move: Toxic Spikes\n|\n|upkeep\n|turn|8\n|\n|t:|1700175807\n|move|p1a: Maddiphy|Ice Beam|p2a: 11pt uber\n|-supereffective|p2a: 11pt uber\n|-damage|p2a: 11pt uber|0 fnt\n|faint|p2a: 11pt uber\n|\n|upkeep\n|\n|t:|1700175811\n|switch|p2a: rock candy|Diancie|100\/100\n|turn|9\n|\n|t:|1700175816\n|move|p1a: Maddiphy|Surf|p2a: rock candy\n|-supereffective|p2a: rock candy\n|-damage|p2a: rock candy|0 fnt\n|faint|p2a: rock candy\n|\n|upkeep\n|\n|t:|1700175819\n|switch|p2a: land shark|Garchomp, F|100\/100\n|turn|10\n|\n|t:|1700175825\n|move|p1a: Maddiphy|Ice Beam|p2a: land shark\n|-supereffective|p2a: land shark\n|-damage|p2a: land shark|0 fnt\n|faint|p2a: land shark\n|\n|win|flambojambo\n","uploadtime":1700175834,"views":26,"p1id":"flambojambo","p2id":"shuckleshellshock","formatid":"gen9ubers","rating":0,"private":0,"password":""}