{"id":"gen9ubers-1983679413","p1":"marceljerome","p2":"bh185","format":"[Gen 9] Ubers","log":"|j|\u2606marceljerome\n|j|\u2606bh185\n|t:|1699159561\n|gametype|singles\n|player|p1|marceljerome|170|\n|player|p2|bh185|102|\n|teamsize|p1|6\n|teamsize|p2|6\n|gen|9\n|tier|[Gen 9] Ubers\n|rule|Sleep Clause Mod: Limit one foe put to sleep\n|rule|Species Clause: Limit one of each Pok\u00e9mon\n|rule|OHKO Clause: OHKO moves are banned\n|rule|Evasion Items Clause: Evasion items are banned\n|rule|Evasion Moves Clause: Evasion moves are banned\n|rule|Endless Battle Clause: Forcing endless battles is banned\n|rule|HP Percentage Mod: HP is shown in percentages\n|clearpoke\n|poke|p1|Iron Valiant|\n|poke|p1|Jirachi|\n|poke|p1|Skeledirge, F|\n|poke|p1|Zapdos|\n|poke|p1|Lilligant, F|\n|poke|p1|Dondozo, M|\n|poke|p2|Orthworm, F|\n|poke|p2|Gyarados, F|\n|poke|p2|Drednaw, F|\n|poke|p2|Typhlosion, F|\n|poke|p2|Walking Wake|\n|poke|p2|Donphan, F|\n|teampreview\n|j| DragonSlurps\n|\n|t:|1699159604\n|start\n|switch|p1a: tiny peepee|Jirachi, shiny|100\/100\n|switch|p2a: steel worm|Orthworm, F|100\/100\n|turn|1\n|c|\u2606bh185|weakness psychic\n|c| DragonSlurps|!\n|c|\u2606marceljerome|!weak orthworm\n|c| marceljerome|\/raw <div class=\"infobox\">Orthworm (ignoring abilities):<br \/><span class=\"message-effect-weak\">Weaknesses<\/span>: Fighting, Fire, Ground<br \/><span class=\"message-effect-resist\">Resistances<\/span>: Bug, Dragon, Fairy, Flying, Grass, Ice, Normal, Psychic, Rock, Steel<br \/><span class=\"message-effect-immune\">Immunities<\/span>: Poison, Sandstorm damage, Toxic<\/div>\n|c|\u2606bh185|weakness psychic!\n|\n|t:|1699159656\n|move|p1a: tiny peepee|Stealth Rock|p2a: steel worm\n|-sidestart|p2: bh185|move: Stealth Rock\n|move|p2a: steel worm|Body Press|p1a: tiny peepee\n|-damage|p1a: tiny peepee|72\/100\n|\n|-heal|p1a: tiny peepee|78\/100|[from] item: Leftovers\n|upkeep\n|turn|2\n|\n|t:|1699159669\n|move|p1a: tiny peepee|Thunder Wave|p2a: steel worm\n|-status|p2a: steel worm|par\n|move|p2a: steel worm|Spikes|p1a: tiny peepee\n|-sidestart|p1: marceljerome|Spikes\n|\n|-heal|p1a: tiny peepee|84\/100|[from] item: Leftovers\n|upkeep\n|turn|3\n|c|\u2606marceljerome|!weak skeledirge\n|c| marceljerome|\/raw <div class=\"infobox\">Skeledirge (ignoring abilities):<br \/><span class=\"message-effect-weak\">Weaknesses<\/span>: Dark, Ghost, Ground, Rock, Water<br \/><span class=\"message-effect-resist\">Resistances<\/span>: <b>Bug<\/b>, Fairy, Fire, Grass, Ice, Poison, Steel<br \/><span class=\"message-effect-immune\">Immunities<\/span>: Fighting, Normal, Burn, Trapping<\/div>\n|\n|t:|1699159720\n|switch|p1a: musical peepee|Skeledirge, F|100\/100\n|cant|p2a: steel worm|par\n|\n|upkeep\n|turn|4\n|\n|t:|1699159756\n|move|p1a: musical peepee|Torch Song|p2a: steel worm\n|-supereffective|p2a: steel worm\n|-damage|p2a: steel worm|21\/100 par\n|-boost|p1a: musical peepee|spa|1\n|move|p2a: steel worm|Stealth Rock|p1a: musical peepee\n|-sidestart|p1: marceljerome|move: Stealth Rock\n|\n|upkeep\n|turn|5\n|\n|t:|1699159766\n|switch|p2a: Drednawin on calk|Drednaw, F|100\/100\n|-damage|p2a: Drednawin on calk|88\/100|[from] Stealth Rock\n|move|p1a: musical peepee|Torch Song|p2a: Drednawin on calk\n|-resisted|p2a: Drednawin on calk\n|-damage|p2a: Drednawin on calk|72\/100\n|-boost|p1a: musical peepee|spa|1\n|\n|upkeep\n|turn|6\n|c|\u2606marceljerome|!weak drednaw\n|c| marceljerome|\/raw <div class=\"infobox\">Drednaw (ignoring abilities):<br \/><span class=\"message-effect-weak\">Weaknesses<\/span>: Electric, Fighting, <b>Grass<\/b>, Ground<br \/><span class=\"message-effect-resist\">Resistances<\/span>: <b>Fire<\/b>, Flying, Ice, Normal, Poison<br \/><span class=\"message-effect-immune\">Immunities<\/span>: Sandstorm damage<\/div>\n|c|\u2606marceljerome|!weak zapdos\n|c| marceljerome|\/raw <div class=\"infobox\">Zapdos (ignoring abilities):<br \/><span class=\"message-effect-weak\">Weaknesses<\/span>: Ice, Rock<br \/><span class=\"message-effect-resist\">Resistances<\/span>: Bug, Fighting, Flying, Grass, Steel<br \/><span class=\"message-effect-immune\">Immunities<\/span>: Ground, Paralysis<\/div>\n|\n|t:|1699159801\n|switch|p1a: bird peepee|Zapdos|100\/100\n|move|p2a: Drednawin on calk|Shell Smash|p2a: Drednawin on calk\n|-unboost|p2a: Drednawin on calk|def|1\n|-unboost|p2a: Drednawin on calk|spd|1\n|-boost|p2a: Drednawin on calk|atk|2\n|-boost|p2a: Drednawin on calk|spa|2\n|-boost|p2a: Drednawin on calk|spe|2\n|-enditem|p2a: Drednawin on calk|White Herb\n|-clearnegativeboost|p2a: Drednawin on calk|[silent]\n|\n|upkeep\n|turn|7\n|c|\u2606bh185|weak zapdos!\n|c|\u2606bh185|weak zapdos\n|c|\u2606bh185|!weak zapdos\n|c| bh185|\/raw <div class=\"infobox\">Zapdos (ignoring abilities):<br \/><span class=\"message-effect-weak\">Weaknesses<\/span>: Ice, Rock<br \/><span class=\"message-effect-resist\">Resistances<\/span>: Bug, Fighting, Flying, Grass, Steel<br \/><span class=\"message-effect-immune\">Immunities<\/span>: Ground, Paralysis<\/div>\n|\n|t:|1699159879\n|move|p2a: Drednawin on calk|Rock Tomb|p1a: bird peepee\n|-supereffective|p1a: bird peepee\n|-damage|p1a: bird peepee|0 fnt\n|faint|p1a: bird peepee\n|\n|upkeep\n|\n|t:|1699159887\n|switch|p1a: big peepee|Dondozo, M|100\/100\n|-damage|p1a: big peepee|88\/100|[from] Spikes\n|-damage|p1a: big peepee|75\/100|[from] Stealth Rock\n|turn|8\n|c|\u2606bh185|!weak Dondozo\n|c| bh185|\/raw <div class=\"infobox\">Dondozo (ignoring abilities):<br \/><span class=\"message-effect-weak\">Weaknesses<\/span>: Electric, Grass<br \/><span class=\"message-effect-resist\">Resistances<\/span>: Fire, Ice, Steel, Water<br \/><span class=\"message-effect-immune\">Immunities<\/span>: <font color=#999999>None<\/font><\/div>\n|\n|t:|1699159919\n|move|p2a: Drednawin on calk|Crunch|p1a: big peepee\n|-damage|p1a: big peepee|60\/100\n|move|p1a: big peepee|Body Press|p2a: Drednawin on calk\n|-supereffective|p2a: Drednawin on calk\n|-damage|p2a: Drednawin on calk|15\/100\n|\n|-heal|p1a: big peepee|66\/100|[from] item: Leftovers\n|upkeep\n|turn|9\n|\n|t:|1699159960\n|move|p2a: Drednawin on calk|Rock Tomb|p1a: big peepee\n|-damage|p1a: big peepee|52\/100\n|-unboost|p1a: big peepee|spe|1\n|move|p1a: big peepee|Body Press|p2a: Drednawin on calk\n|-supereffective|p2a: Drednawin on calk\n|-damage|p2a: Drednawin on calk|0 fnt\n|faint|p2a: Drednawin on calk\n|\n|-heal|p1a: big peepee|58\/100|[from] item: Leftovers\n|upkeep\n|\n|t:|1699159970\n|switch|p2a: Septim ring|Donphan, F, shiny|100\/100\n|-damage|p2a: Septim ring|94\/100|[from] Stealth Rock\n|turn|10\n|c|\u2606marceljerome|!weak donphan\n|c| marceljerome|\/raw <div class=\"infobox\">Donphan (ignoring abilities):<br \/><span class=\"message-effect-weak\">Weaknesses<\/span>: Grass, Ice, Water<br \/><span class=\"message-effect-resist\">Resistances<\/span>: Poison, Rock<br \/><span class=\"message-effect-immune\">Immunities<\/span>: Electric, Sandstorm damage<\/div>\n|\n|t:|1699160012\n|move|p2a: Septim ring|Thunder Fang|p1a: big peepee\n|-supereffective|p1a: big peepee\n|-damage|p1a: big peepee|36\/100\n|move|p1a: big peepee|Body Press|p2a: Septim ring\n|-damage|p2a: Septim ring|74\/100\n|\n|-heal|p1a: big peepee|42\/100|[from] item: Leftovers\n|upkeep\n|turn|11\n|\n|t:|1699160047\n|move|p2a: Septim ring|Thunder Fang|p1a: big peepee\n|-supereffective|p1a: big peepee\n|-damage|p1a: big peepee|18\/100\n|move|p1a: big peepee|Rest|p1a: big peepee\n|-status|p1a: big peepee|slp|[from] move: Rest\n|-heal|p1a: big peepee|100\/100 slp|[silent]\n|\n|upkeep\n|turn|12\n|\n|t:|1699160087\n|move|p2a: Septim ring|Body Press|p1a: big peepee\n|-damage|p1a: big peepee|89\/100 slp\n|cant|p1a: big peepee|slp\n|move|p1a: big peepee|Sleep Talk|p1a: big peepee\n|move|p1a: big peepee|Rest||[from]move: Sleep Talk|[still]\n|-fail|p1a: big peepee\n|\n|-heal|p1a: big peepee|95\/100 slp|[from] item: Leftovers\n|upkeep\n|turn|13\n|\n|t:|1699160096\n|move|p2a: Septim ring|Thunder Fang|p1a: big peepee\n|-supereffective|p1a: big peepee\n|-damage|p1a: big peepee|74\/100 slp\n|cant|p1a: big peepee|slp\n|move|p1a: big peepee|Sleep Talk|p1a: big peepee\n|move|p1a: big peepee|Rest||[from]move: Sleep Talk|[still]\n|-fail|p1a: big peepee\n|\n|-heal|p1a: big peepee|80\/100 slp|[from] item: Leftovers\n|upkeep\n|turn|14\n|\n|t:|1699160110\n|move|p2a: Septim ring|Thunder Fang|p1a: big peepee\n|-supereffective|p1a: big peepee\n|-damage|p1a: big peepee|58\/100 slp\n|-curestatus|p1a: big peepee|slp|[msg]\n|move|p1a: big peepee|Curse|p1a: big peepee\n|-unboost|p1a: big peepee|spe|1\n|-boost|p1a: big peepee|atk|1\n|-boost|p1a: big peepee|def|1\n|\n|-heal|p1a: big peepee|64\/100|[from] item: Leftovers\n|upkeep\n|turn|15\n|\n|t:|1699160147\n|switch|p2a: Flying worm|Gyarados, F|100\/100\n|-damage|p2a: Flying worm|75\/100|[from] Stealth Rock\n|move|p1a: big peepee|Body Press|p2a: Flying worm\n|-resisted|p2a: Flying worm\n|-damage|p2a: Flying worm|47\/100\n|\n|-heal|p1a: big peepee|70\/100|[from] item: Leftovers\n|upkeep\n|turn|16\n|\n|t:|1699160163\n|move|p2a: Flying worm|Thunder|p1a: big peepee\n|-supereffective|p1a: big peepee\n|-damage|p1a: big peepee|39\/100\n|-status|p1a: big peepee|par\n|move|p1a: big peepee|Curse|p1a: big peepee\n|-unboost|p1a: big peepee|spe|1\n|-boost|p1a: big peepee|atk|1\n|-boost|p1a: big peepee|def|1\n|\n|-heal|p1a: big peepee|45\/100 par|[from] item: Leftovers\n|upkeep\n|turn|17\n|\n|t:|1699160184\n|move|p2a: Flying worm|Thunder|p1a: big peepee\n|-supereffective|p1a: big peepee\n|-damage|p1a: big peepee|15\/100 par\n|cant|p1a: big peepee|par\n|\n|-heal|p1a: big peepee|21\/100 par|[from] item: Leftovers\n|upkeep\n|turn|18\n|\n|t:|1699160210\n|move|p2a: Flying worm|Thunder|p1a: big peepee\n|-supereffective|p1a: big peepee\n|-crit|p1a: big peepee\n|-damage|p1a: big peepee|0 fnt\n|faint|p1a: big peepee\n|-ability|p2a: Flying worm|Moxie|boost\n|-boost|p2a: Flying worm|atk|1\n|\n|upkeep\n|c|\u2606marceljerome|!weak gyrados\n|c| marceljerome|\/raw <div class=\"infobox\">gyrados isn't a recognized type or Pokemon.<\/div>\n|c|\u2606marceljerome|!weak gyarados\n|c| marceljerome|\/raw <div class=\"infobox\">Gyarados (ignoring abilities):<br \/><span class=\"message-effect-weak\">Weaknesses<\/span>: <b>Electric<\/b>, Rock<br \/><span class=\"message-effect-resist\">Resistances<\/span>: Bug, Fighting, Fire, Steel, Water<br \/><span class=\"message-effect-immune\">Immunities<\/span>: Ground<\/div>\n|\n|t:|1699160242\n|switch|p1a: no peepee|Lilligant, F|100\/100\n|-damage|p1a: no peepee|88\/100|[from] Spikes\n|-damage|p1a: no peepee|75\/100|[from] Stealth Rock\n|turn|19\n|c|\u2606bh185|!weak Lilligant\n|c| bh185|\/raw <div class=\"infobox\">Lilligant (ignoring abilities):<br \/><span class=\"message-effect-weak\">Weaknesses<\/span>: Bug, Fire, Flying, Ice, Poison<br \/><span class=\"message-effect-resist\">Resistances<\/span>: Electric, Grass, Ground, Water<br \/><span class=\"message-effect-immune\">Immunities<\/span>: Powder moves<\/div>\n|\n|t:|1699160292\n|switch|p2a: Japan 1945|Typhlosion, F, shiny|100\/100\n|move|p1a: no peepee|Sleep Powder|p2a: Japan 1945\n|-status|p2a: Japan 1945|slp|[from] move: Sleep Powder\n|\n|upkeep\n|turn|20\n|\n|t:|1699160301\n|cant|p2a: Japan 1945|slp\n|move|p1a: no peepee|Quiver Dance|p1a: no peepee\n|-boost|p1a: no peepee|spa|1\n|-boost|p1a: no peepee|spd|1\n|-boost|p1a: no peepee|spe|1\n|\n|upkeep\n|turn|21\n|\n|t:|1699160322\n|move|p1a: no peepee|Quiver Dance|p1a: no peepee\n|-boost|p1a: no peepee|spa|1\n|-boost|p1a: no peepee|spd|1\n|-boost|p1a: no peepee|spe|1\n|-curestatus|p2a: Japan 1945|slp|[msg]\n|move|p2a: Japan 1945|Flamethrower|p1a: no peepee\n|-supereffective|p1a: no peepee\n|-damage|p1a: no peepee|14\/100\n|-enditem|p1a: no peepee|Aguav Berry|[eat]\n|-heal|p1a: no peepee|48\/100|[from] item: Aguav Berry\n|\n|upkeep\n|turn|22\n|\n|t:|1699160335\n|-terastallize|p1a: no peepee|Rock\n|move|p1a: no peepee|Tera Blast|p2a: Japan 1945|[anim] Tera Blast Rock\n|-supereffective|p2a: Japan 1945\n|-damage|p2a: Japan 1945|0 fnt\n|faint|p2a: Japan 1945\n|\n|upkeep\n|\n|t:|1699160392\n|switch|p2a: Septim ring|Donphan, F, shiny|74\/100\n|-damage|p2a: Septim ring|67\/100|[from] Stealth Rock\n|turn|23\n|\n|t:|1699160408\n|move|p1a: no peepee|Giga Drain|p2a: Septim ring\n|-supereffective|p2a: Septim ring\n|-damage|p2a: Septim ring|0 fnt\n|-heal|p1a: no peepee|90\/100|[from] drain|[of] p2a: Septim ring\n|faint|p2a: Septim ring\n|\n|upkeep\n|\n|t:|1699160419\n|switch|p2a: Bruh|Walking Wake|100\/100\n|-damage|p2a: Bruh|88\/100|[from] Stealth Rock\n|turn|24\n|\n|t:|1699160424\n|move|p1a: no peepee|Giga Drain|p2a: Bruh\n|-damage|p2a: Bruh|4\/100\n|-heal|p1a: no peepee|100\/100|[from] drain|[of] p2a: Bruh\n|move|p2a: Bruh|Flamethrower|p1a: no peepee\n|-resisted|p1a: no peepee\n|-damage|p1a: no peepee|89\/100\n|\n|upkeep\n|turn|25\n|\n|t:|1699160439\n|move|p1a: no peepee|Giga Drain|p2a: Bruh\n|-damage|p2a: Bruh|0 fnt\n|-heal|p1a: no peepee|91\/100|[from] drain|[of] p2a: Bruh\n|faint|p2a: Bruh\n|-end|p2a: Bruh|Protosynthesis|[silent]\n|\n|upkeep\n|\n|t:|1699160444\n|switch|p2a: Flying worm|Gyarados, F|47\/100\n|-damage|p2a: Flying worm|22\/100|[from] Stealth Rock\n|turn|26\n|\n|t:|1699160455\n|move|p1a: no peepee|Giga Drain|p2a: Flying worm\n|-damage|p2a: Flying worm|0 fnt\n|-heal|p1a: no peepee|100\/100|[from] drain|[of] p2a: Flying worm\n|faint|p2a: Flying worm\n|\n|upkeep\n|\n|t:|1699160460\n|switch|p2a: steel worm|Orthworm, F|21\/100 par\n|-damage|p2a: steel worm|15\/100 par|[from] Stealth Rock\n|turn|27\n|\n|t:|1699160475\n|move|p1a: no peepee|Giga Drain|p2a: steel worm\n|-resisted|p2a: steel worm\n|-damage|p2a: steel worm|0 fnt\n|faint|p2a: steel worm\n|\n|win|marceljerome\n|l|\u2606bh185\n|l| DragonSlurps\n|j| DragonSlurps\n|l| DragonSlurps\n","uploadtime":1699161133,"views":8,"p1id":"marceljerome","p2id":"bh185","formatid":"gen9ubers","rating":0,"private":0,"password":""}