{"id":"gen9ubers-1973833105","p1":"Anne Frankkkk","p2":"PKMN Trainer Acorn","format":"[Gen 9] Ubers","log":"|j|\u2606Anne Frankkkk\n|j|\u2606PKMN Trainer Acorn\n|t:|1698018492\n|gametype|singles\n|player|p1|Anne Frankkkk|hilbert|1229\n|player|p2|PKMN Trainer Acorn|hilbert|1073\n|teamsize|p1|6\n|teamsize|p2|6\n|gen|9\n|tier|[Gen 9] Ubers\n|rated|\n|rule|Sleep Clause Mod: Limit one foe put to sleep\n|rule|Species Clause: Limit one of each Pok\u00e9mon\n|rule|OHKO Clause: OHKO moves are banned\n|rule|Evasion Items Clause: Evasion items are banned\n|rule|Evasion Moves Clause: Evasion moves are banned\n|rule|Endless Battle Clause: Forcing endless battles is banned\n|rule|HP Percentage Mod: HP is shown in percentages\n|clearpoke\n|poke|p1|Iron Hands|\n|poke|p1|Kyogre|\n|poke|p1|Chien-Pao|\n|poke|p1|Ribombee, M|\n|poke|p1|Miraidon|\n|poke|p1|Flutter Mane|\n|poke|p2|Eternatus|\n|poke|p2|Ogerpon-Hearthflame, F|\n|poke|p2|Miraidon|\n|poke|p2|Ursaluna-Bloodmoon, M|\n|poke|p2|Zacian-*|\n|poke|p2|Basculegion, M|\n|teampreview\n|inactive|Battle timer is ON: inactive players will automatically lose when time's up. (requested by PKMN Trainer Acorn)\n|\n|t:|1698018496\n|start\n|switch|p1a: Ribombee|Ribombee, M, shiny|100\/100\n|switch|p2a: Eternatus|Eternatus|100\/100\n|-ability|p2a: Eternatus|Pressure\n|turn|1\n|\n|t:|1698018510\n|move|p1a: Ribombee|Sticky Web|p2a: Eternatus\n|-sidestart|p2: PKMN Trainer Acorn|move: Sticky Web\n|move|p2a: Eternatus|Toxic|p1a: Ribombee\n|-status|p1a: Ribombee|tox\n|\n|-damage|p1a: Ribombee|94\/100 tox|[from] psn\n|upkeep\n|turn|2\n|\n|t:|1698018519\n|move|p1a: Ribombee|Moonblast|p2a: Eternatus\n|-damage|p2a: Eternatus|70\/100\n|move|p2a: Eternatus|Toxic Spikes|p1a: Ribombee\n|-sidestart|p1: Anne Frankkkk|move: Toxic Spikes\n|\n|-heal|p2a: Eternatus|76\/100|[from] item: Leftovers\n|-damage|p1a: Ribombee|82\/100 tox|[from] psn\n|upkeep\n|turn|3\n|\n|t:|1698018527\n|move|p1a: Ribombee|Moonblast|p2a: Eternatus\n|-damage|p2a: Eternatus|47\/100\n|move|p2a: Eternatus|Toxic Spikes|p1a: Ribombee\n|-sidestart|p1: Anne Frankkkk|move: Toxic Spikes\n|\n|-heal|p2a: Eternatus|53\/100|[from] item: Leftovers\n|-damage|p1a: Ribombee|64\/100 tox|[from] psn\n|upkeep\n|turn|4\n|\n|t:|1698018536\n|move|p1a: Ribombee|Moonblast|p2a: Eternatus\n|-damage|p2a: Eternatus|23\/100\n|-unboost|p2a: Eternatus|spa|1\n|move|p2a: Eternatus|Flamethrower|p1a: Ribombee\n|-supereffective|p1a: Ribombee\n|-damage|p1a: Ribombee|0 fnt\n|faint|p1a: Ribombee\n|\n|-heal|p2a: Eternatus|29\/100|[from] item: Leftovers\n|upkeep\n|\n|t:|1698018558\n|switch|p1a: Chien-Pao|Chien-Pao|100\/100\n|-status|p1a: Chien-Pao|tox\n|-ability|p1a: Chien-Pao|Sword of Ruin\n|turn|5\n|\n|t:|1698018564\n|move|p1a: Chien-Pao|Icicle Crash|p2a: Eternatus\n|-supereffective|p2a: Eternatus\n|-damage|p2a: Eternatus|0 fnt\n|faint|p2a: Eternatus\n|-damage|p1a: Chien-Pao|91\/100 tox|[from] item: Life Orb\n|\n|-damage|p1a: Chien-Pao|85\/100 tox|[from] psn\n|upkeep\n|\n|t:|1698018574\n|switch|p2a: Ogerpon|Ogerpon-Hearthflame, F|100\/100\n|-activate|p2a: Ogerpon|move: Sticky Web\n|-unboost|p2a: Ogerpon|spe|1\n|-ability|p2a: Ogerpon|Mold Breaker\n|turn|6\n|\n|t:|1698018585\n|-terastallize|p2a: Ogerpon|Fire\n|detailschange|p2a: Ogerpon|Ogerpon-Hearthflame-Tera, F, tera:Fire\n|-ability|p2a: Ogerpon|Embody Aspect (Hearthflame)|boost\n|-boost|p2a: Ogerpon|atk|1\n|move|p1a: Chien-Pao|Icicle Crash|p2a: Ogerpon\n|-resisted|p2a: Ogerpon\n|-damage|p2a: Ogerpon|50\/100\n|-damage|p1a: Chien-Pao|75\/100 tox|[from] item: Life Orb\n|move|p2a: Ogerpon|Ivy Cudgel|p1a: Chien-Pao\n|-supereffective|p1a: Chien-Pao\n|-damage|p1a: Chien-Pao|0 fnt\n|faint|p1a: Chien-Pao\n|\n|upkeep\n|\n|t:|1698018594\n|switch|p1a: Flutter Mane|Flutter Mane, shiny|100\/100\n|-status|p1a: Flutter Mane|tox\n|-enditem|p1a: Flutter Mane|Booster Energy\n|-activate|p1a: Flutter Mane|ability: Protosynthesis|[fromitem]\n|-start|p1a: Flutter Mane|protosynthesisspe\n|turn|7\n|\n|t:|1698018606\n|move|p1a: Flutter Mane|Power Gem|p2a: Ogerpon\n|-supereffective|p2a: Ogerpon\n|-damage|p2a: Ogerpon|0 fnt\n|faint|p2a: Ogerpon\n|\n|-damage|p1a: Flutter Mane|95\/100 tox|[from] psn\n|upkeep\n|\n|t:|1698018618\n|switch|p2a: Miraidon|Miraidon|100\/100\n|-activate|p2a: Miraidon|move: Sticky Web\n|-unboost|p2a: Miraidon|spe|1\n|-fieldstart|move: Electric Terrain|[from] ability: Hadron Engine|[of] p2a: Miraidon\n|turn|8\n|\n|t:|1698018628\n|move|p1a: Flutter Mane|Moonblast|p2a: Miraidon\n|-supereffective|p2a: Miraidon\n|-damage|p2a: Miraidon|17\/100\n|move|p2a: Miraidon|Electro Drift|p1a: Flutter Mane\n|-damage|p1a: Flutter Mane|0 fnt\n|faint|p1a: Flutter Mane\n|-end|p1a: Flutter Mane|Protosynthesis|[silent]\n|\n|upkeep\n|\n|t:|1698018636\n|switch|p1a: Iron Hands|Iron Hands, shiny|100\/100\n|-status|p1a: Iron Hands|tox\n|-activate|p1a: Iron Hands|ability: Quark Drive\n|-start|p1a: Iron Hands|quarkdriveatk\n|turn|9\n|\n|t:|1698018645\n|move|p1a: Iron Hands|Fake Out|p2a: Miraidon\n|-damage|p2a: Miraidon|0 fnt\n|faint|p2a: Miraidon\n|\n|-damage|p1a: Iron Hands|94\/100 tox|[from] psn\n|upkeep\n|\n|t:|1698018653\n|switch|p2a: Ursaluna|Ursaluna-Bloodmoon, M|100\/100\n|-activate|p2a: Ursaluna|move: Sticky Web\n|-unboost|p2a: Ursaluna|spe|1\n|turn|10\n|\n|t:|1698018661\n|move|p1a: Iron Hands|Drain Punch|p2a: Ursaluna\n|-supereffective|p2a: Ursaluna\n|-damage|p2a: Ursaluna|16\/100\n|-heal|p1a: Iron Hands|100\/100 tox|[from] drain|[of] p2a: Ursaluna\n|move|p2a: Ursaluna|Blood Moon|p1a: Iron Hands\n|-damage|p1a: Iron Hands|50\/100 tox\n|\n|-damage|p1a: Iron Hands|38\/100 tox|[from] psn\n|upkeep\n|turn|11\n|\n|t:|1698018671\n|move|p1a: Iron Hands|Drain Punch|p2a: Ursaluna\n|-supereffective|p2a: Ursaluna\n|-damage|p2a: Ursaluna|0 fnt\n|-heal|p1a: Iron Hands|45\/100 tox|[from] drain|[of] p2a: Ursaluna\n|faint|p2a: Ursaluna\n|\n|-damage|p1a: Iron Hands|26\/100 tox|[from] psn\n|upkeep\n|\n|t:|1698018680\n|switch|p2a: Zacian|Zacian-Crowned|100\/100\n|-activate|p2a: Zacian|move: Sticky Web\n|-unboost|p2a: Zacian|spe|1\n|-ability|p2a: Zacian|Intrepid Sword|boost\n|-boost|p2a: Zacian|atk|1\n|turn|12\n|\n|t:|1698018688\n|move|p2a: Zacian|Play Rough|p1a: Iron Hands\n|-supereffective|p1a: Iron Hands\n|-damage|p1a: Iron Hands|0 fnt\n|faint|p1a: Iron Hands\n|-end|p1a: Iron Hands|Quark Drive|[silent]\n|\n|-fieldend|move: Electric Terrain\n|upkeep\n|\n|t:|1698018712\n|switch|p1a: Miraidon|Miraidon|100\/100\n|-fieldstart|move: Electric Terrain|[from] ability: Hadron Engine|[of] p1a: Miraidon\n|-item|p1a: Miraidon|Air Balloon\n|turn|13\n|\n|t:|1698018719\n|move|p1a: Miraidon|Electro Drift|p2a: Zacian\n|-damage|p2a: Zacian|27\/100\n|move|p2a: Zacian|Play Rough|p1a: Miraidon\n|-supereffective|p1a: Miraidon\n|-damage|p1a: Miraidon|0 fnt\n|-enditem|p1a: Miraidon|Air Balloon\n|faint|p1a: Miraidon\n|\n|upkeep\n|\n|t:|1698018723\n|switch|p1a: Kyogre|Kyogre|100\/100\n|-status|p1a: Kyogre|tox\n|-weather|RainDance|[from] ability: Drizzle|[of] p1a: Kyogre\n|turn|14\n|\n|t:|1698018734\n|-terastallize|p1a: Kyogre|Water\n|move|p1a: Kyogre|Origin Pulse|p2a: Zacian\n|-damage|p2a: Zacian|0 fnt\n|faint|p2a: Zacian\n|\n|-weather|RainDance|[upkeep]\n|-damage|p1a: Kyogre|94\/100 tox|[from] psn\n|upkeep\n|\n|t:|1698018744\n|switch|p2a: Basculegion|Basculegion, M|100\/100\n|-activate|p2a: Basculegion|move: Sticky Web\n|-unboost|p2a: Basculegion|spe|1\n|turn|15\n|\n|t:|1698018749\n|move|p1a: Kyogre|Origin Pulse|p2a: Basculegion\n|-resisted|p2a: Basculegion\n|-damage|p2a: Basculegion|0 fnt\n|faint|p2a: Basculegion\n|\n|win|Anne Frankkkk\n|raw|Anne Frankkkk's rating: 1229 &rarr; <strong>1243<\/strong><br \/>(+14 for winning)\n|raw|PKMN Trainer Acorn's rating: 1073 &rarr; <strong>1061<\/strong><br \/>(-12 for losing)\n|l|\u2606PKMN Trainer Acorn\n","uploadtime":1698018755,"views":8,"p1id":"annefrankkkk","p2id":"pkmntraineracorn","formatid":"gen9ubers","rating":1061,"private":0,"password":""}