{"id":"gen9ubers-1999874832","p1":"ShadowB2W2","p2":"Panzerkampfwagen I","format":"[Gen 9] Ubers","log":"|j|\u2606ShadowB2W2\n|j|\u2606Panzerkampfwagen I\n|t:|1701125171\n|gametype|singles\n|player|p1|ShadowB2W2|nate|1040\n|player|p2|Panzerkampfwagen I|backpacker|1096\n|teamsize|p1|6\n|teamsize|p2|6\n|gen|9\n|tier|[Gen 9] Ubers\n|rated|\n|rule|Sleep Clause Mod: Limit one foe put to sleep\n|rule|Species Clause: Limit one of each Pok\u00e9mon\n|rule|OHKO Clause: OHKO moves are banned\n|rule|Evasion Items Clause: Evasion items are banned\n|rule|Evasion Moves Clause: Evasion moves are banned\n|rule|Endless Battle Clause: Forcing endless battles is banned\n|rule|HP Percentage Mod: HP is shown in percentages\n|clearpoke\n|poke|p1|Annihilape, M|\n|poke|p1|Baxcalibur, M|\n|poke|p1|Miraidon|\n|poke|p1|Raichu-Alola, F|\n|poke|p1|Kyogre|\n|poke|p1|Zacian-*|\n|poke|p2|Annihilape, F|\n|poke|p2|Grimmsnarl, M|\n|poke|p2|Skeledirge, M|\n|poke|p2|Arceus-Fire|\n|poke|p2|Kyogre|\n|poke|p2|Ribombee, F|\n|teampreview\n|\n|t:|1701125179\n|start\n|switch|p1a: Kyogre|Kyogre|100\/100\n|switch|p2a: Skeledirge|Skeledirge, M|100\/100\n|-weather|RainDance|[from] ability: Drizzle|[of] p1a: Kyogre\n|turn|1\n|\n|t:|1701125194\n|-terastallize|p2a: Skeledirge|Water\n|move|p1a: Kyogre|Ancient Power|p2a: Skeledirge\n|-damage|p2a: Skeledirge|75\/100\n|move|p2a: Skeledirge|Will-O-Wisp|p1a: Kyogre\n|-status|p1a: Kyogre|brn\n|\n|-weather|RainDance|[upkeep]\n|-damage|p1a: Kyogre|94\/100 brn|[from] brn\n|upkeep\n|turn|2\n|\n|t:|1701125204\n|move|p1a: Kyogre|Thunder|p2a: Skeledirge\n|-supereffective|p2a: Skeledirge\n|-damage|p2a: Skeledirge|0 fnt\n|faint|p2a: Skeledirge\n|\n|-weather|RainDance|[upkeep]\n|-damage|p1a: Kyogre|88\/100 brn|[from] brn\n|upkeep\n|\n|t:|1701125210\n|switch|p2a: Ribombee|Ribombee, F|100\/100\n|turn|3\n|\n|t:|1701125213\n|move|p2a: Ribombee|Sticky Web|p1a: Kyogre\n|-sidestart|p1: ShadowB2W2|move: Sticky Web\n|move|p1a: Kyogre|Ancient Power|p2a: Ribombee\n|-supereffective|p2a: Ribombee\n|-damage|p2a: Ribombee|12\/100\n|\n|-weather|RainDance|[upkeep]\n|-damage|p1a: Kyogre|82\/100 brn|[from] brn\n|upkeep\n|turn|4\n|\n|t:|1701125223\n|move|p2a: Ribombee|Moonblast|p1a: Kyogre\n|-damage|p1a: Kyogre|66\/100 brn\n|move|p1a: Kyogre|Ancient Power|p2a: Ribombee\n|-supereffective|p2a: Ribombee\n|-damage|p2a: Ribombee|0 fnt\n|faint|p2a: Ribombee\n|\n|-weather|RainDance|[upkeep]\n|-damage|p1a: Kyogre|60\/100 brn|[from] brn\n|upkeep\n|\n|t:|1701125231\n|switch|p2a: Annihilape|Annihilape, F|100\/100\n|turn|5\n|\n|t:|1701125240\n|switch|p2a: Grimmsnarl|Grimmsnarl, M|100\/100\n|move|p1a: Kyogre|Origin Pulse|p2a: Grimmsnarl\n|-crit|p2a: Grimmsnarl\n|-damage|p2a: Grimmsnarl|0 fnt\n|faint|p2a: Grimmsnarl\n|\n|-weather|none\n|-damage|p1a: Kyogre|54\/100 brn|[from] brn\n|upkeep\n|-message|Panzerkampfwagen I forfeited.\n|\n|win|ShadowB2W2\n|raw|ShadowB2W2's rating: 1040 &rarr; <strong>1079<\/strong><br \/>(+39 for winning)\n|raw|Panzerkampfwagen I's rating: 1096 &rarr; <strong>1068<\/strong><br \/>(-28 for losing)\n|l|\u2606Panzerkampfwagen I\n","uploadtime":1701125254,"views":1,"p1id":"shadowb2w2","p2id":"panzerkampfwageni","formatid":"gen9ubers","rating":1068,"private":0,"password":""}