{"id":"gen9ubers-1968943496","p1":"Nitro524","p2":"OceanicGamer3","format":"[Gen 9] Ubers","log":"|j|\u2606Nitro524\n|j|\u2606OceanicGamer3\n|t:|1697477334\n|gametype|singles\n|player|p1|Nitro524|hilbert-wonderlauncher|\n|player|p2|OceanicGamer3|102|\n|teamsize|p1|6\n|teamsize|p2|6\n|gen|9\n|tier|[Gen 9] Ubers\n|rule|Sleep Clause Mod: Limit one foe put to sleep\n|rule|Species Clause: Limit one of each Pok\u00e9mon\n|rule|OHKO Clause: OHKO moves are banned\n|rule|Evasion Items Clause: Evasion items are banned\n|rule|Evasion Moves Clause: Evasion moves are banned\n|rule|Endless Battle Clause: Forcing endless battles is banned\n|rule|HP Percentage Mod: HP is shown in percentages\n|clearpoke\n|poke|p1|Torkoal, M|\n|poke|p1|Ceruledge, F|\n|poke|p1|Cyclizar, M|\n|poke|p1|Volcarona, M|\n|poke|p1|Arceus-Grass|\n|poke|p1|Walking Wake|\n|poke|p2|Tornadus-Therian, M|\n|poke|p2|Iron Valiant|\n|poke|p2|Lucario, F|\n|poke|p2|Polteageist|\n|poke|p2|Arceus-Fire|\n|poke|p2|Mimikyu, F|\n|teampreview\n|c|\u2606Nitro524|glhf\n|inactive|Battle timer is ON: inactive players will automatically lose when time's up. (requested by OceanicGamer3)\n|\n|t:|1697477342\n|start\n|switch|p1a: Torkoal|Torkoal, M|100\/100\n|switch|p2a: Mimikyu|Mimikyu, F, shiny|100\/100\n|-weather|SunnyDay|[from] ability: Drought|[of] p1a: Torkoal\n|turn|1\n|\n|t:|1697477350\n|move|p2a: Mimikyu|Thunder Wave|p1a: Torkoal\n|-status|p1a: Torkoal|par\n|move|p1a: Torkoal|Stealth Rock|p2a: Mimikyu\n|-sidestart|p2: OceanicGamer3|move: Stealth Rock\n|\n|-weather|SunnyDay|[upkeep]\n|upkeep\n|turn|2\n|\n|t:|1697477357\n|move|p2a: Mimikyu|Copycat|p2a: Mimikyu\n|move|p2a: Mimikyu|Stealth Rock|p1a: Torkoal|[from]move: Copycat\n|-sidestart|p1: Nitro524|move: Stealth Rock\n|move|p1a: Torkoal|Overheat|p2a: Mimikyu\n|-activate|p2a: Mimikyu|ability: Disguise\n|-damage|p2a: Mimikyu|100\/100\n|-unboost|p1a: Torkoal|spa|2\n|detailschange|p2a: Mimikyu|Mimikyu-Busted, F, shiny\n|-damage|p2a: Mimikyu|88\/100|[from] pokemon: Mimikyu-Busted\n|\n|-weather|SunnyDay|[upkeep]\n|upkeep\n|turn|3\n|\n|t:|1697477371\n|switch|p1a: Cyclizar|Cyclizar, M|100\/100\n|-damage|p1a: Cyclizar|88\/100|[from] Stealth Rock\n|move|p2a: Mimikyu|Thunder Wave|p1a: Cyclizar\n|-status|p1a: Cyclizar|par\n|\n|-weather|SunnyDay|[upkeep]\n|upkeep\n|turn|4\n|\n|t:|1697477378\n|cant|p1a: Cyclizar|par\n|move|p2a: Mimikyu|Play Rough|p1a: Cyclizar\n|-supereffective|p1a: Cyclizar\n|-damage|p1a: Cyclizar|11\/100 par\n|\n|-weather|SunnyDay|[upkeep]\n|upkeep\n|turn|5\n|\n|t:|1697477390\n|move|p1a: Cyclizar|Shed Tail|p1a: Cyclizar\n|-fail|p1a: Cyclizar|move: Shed Tail|[weak]\n|move|p2a: Mimikyu|Play Rough|p1a: Cyclizar\n|-supereffective|p1a: Cyclizar\n|-damage|p1a: Cyclizar|0 fnt\n|faint|p1a: Cyclizar\n|\n|-weather|SunnyDay|[upkeep]\n|upkeep\n|c|\u2606Nitro524|piss\n|c|\u2606Nitro524|lol\n|\n|t:|1697477402\n|switch|p1a: Ceruledge|Ceruledge, F|100\/100\n|-damage|p1a: Ceruledge|76\/100|[from] Stealth Rock\n|turn|6\n|\n|t:|1697477406\n|move|p2a: Mimikyu|Shadow Sneak|p1a: Ceruledge\n|-supereffective|p1a: Ceruledge\n|-damage|p1a: Ceruledge|40\/100\n|-ability|p1a: Ceruledge|Weak Armor|boost\n|-unboost|p1a: Ceruledge|def|1\n|-boost|p1a: Ceruledge|spe|2\n|move|p1a: Ceruledge|Bitter Blade|p2a: Mimikyu\n|-damage|p2a: Mimikyu|0 fnt\n|-heal|p1a: Ceruledge|87\/100|[from] drain|[of] p2a: Mimikyu\n|faint|p2a: Mimikyu\n|\n|-weather|SunnyDay|[upkeep]\n|upkeep\n|\n|t:|1697477436\n|switch|p2a: Iron Valiant|Iron Valiant, shiny|100\/100\n|-damage|p2a: Iron Valiant|94\/100|[from] Stealth Rock\n|-enditem|p2a: Iron Valiant|Booster Energy\n|-activate|p2a: Iron Valiant|ability: Quark Drive|[fromitem]\n|-start|p2a: Iron Valiant|quarkdrivespe\n|turn|7\n|c|\u2606Nitro524|want timer?\n|c|\u2606OceanicGamer3|I dont mind\n|inactive|Nitro524 has 270 seconds left.\n|\n|t:|1697477471\n|-terastallize|p2a: Iron Valiant|Electric\n|move|p2a: Iron Valiant|Thunderbolt|p1a: Ceruledge\n|-crit|p1a: Ceruledge\n|-damage|p1a: Ceruledge|5\/100\n|move|p1a: Ceruledge|Bitter Blade|p2a: Iron Valiant\n|-damage|p2a: Iron Valiant|0 fnt\n|-heal|p1a: Ceruledge|52\/100|[from] drain|[of] p2a: Iron Valiant\n|faint|p2a: Iron Valiant\n|-end|p2a: Iron Valiant|Quark Drive|[silent]\n|\n|-weather|SunnyDay|[upkeep]\n|upkeep\n|inactive|OceanicGamer3 has 270 seconds left.\n|c|\u2606OceanicGamer3|Are u\n|c|\u2606OceanicGamer3|Bro\n|c|\u2606OceanicGamer3|I lose\n|\n|t:|1697477492\n|switch|p2a: Arceus|Arceus-Fire, shiny|100\/100\n|-damage|p2a: Arceus|76\/100|[from] Stealth Rock\n|turn|8\n|inactive|Nitro524 has 270 seconds left.\n|c|\u2606Nitro524|riip\n|\n|t:|1697477522\n|switch|p1a: Arceus|Arceus-Grass|100\/100\n|-damage|p1a: Arceus|88\/100|[from] Stealth Rock\n|move|p2a: Arceus|Flare Blitz|p1a: Arceus\n|-supereffective|p1a: Arceus\n|-damage|p1a: Arceus|0 fnt\n|faint|p1a: Arceus\n|-damage|p2a: Arceus|47\/100|[from] Recoil\n|\n|-weather|none\n|upkeep\n|\n|t:|1697477524\n|switch|p1a: Walking Wake|Walking Wake|100\/100\n|-damage|p1a: Walking Wake|88\/100|[from] Stealth Rock\n|turn|9\n|c|\u2606Nitro524|rematch after this?\n|\n|t:|1697477539\n|-end|p1a: Walking Wake|Protosynthesis|[silent]\n|switch|p1a: Torkoal|Torkoal, M|100\/100 par\n|-damage|p1a: Torkoal|76\/100 par|[from] Stealth Rock\n|-weather|SunnyDay|[from] ability: Drought|[of] p1a: Torkoal\n|move|p2a: Arceus|Recover|p2a: Arceus\n|-heal|p2a: Arceus|97\/100\n|\n|-weather|SunnyDay|[upkeep]\n|upkeep\n|turn|10\n|inactive|OceanicGamer3 has 270 seconds left.\n|c|\u2606OceanicGamer3|Sure\n|\n|t:|1697477577\n|move|p2a: Arceus|Flare Blitz|p1a: Torkoal\n|-resisted|p1a: Torkoal\n|-damage|p1a: Torkoal|42\/100 par\n|-damage|p2a: Arceus|88\/100|[from] Recoil\n|move|p1a: Torkoal|Earth Power|p2a: Arceus\n|-supereffective|p2a: Arceus\n|-damage|p2a: Arceus|64\/100\n|\n|-weather|SunnyDay|[upkeep]\n|upkeep\n|turn|11\n|inactive|Nitro524 has 270 seconds left.\n|\n|t:|1697477599\n|switch|p1a: Walking Wake|Walking Wake|88\/100\n|-damage|p1a: Walking Wake|76\/100|[from] Stealth Rock\n|-activate|p1a: Walking Wake|ability: Protosynthesis\n|-start|p1a: Walking Wake|protosynthesisspe\n|move|p2a: Arceus|Dragon Dance|p2a: Arceus\n|-boost|p2a: Arceus|atk|1\n|-boost|p2a: Arceus|spe|1\n|\n|-weather|SunnyDay|[upkeep]\n|upkeep\n|turn|12\n|\n|t:|1697477611\n|move|p1a: Walking Wake|Hydro Steam|p2a: Arceus\n|-supereffective|p2a: Arceus\n|-damage|p2a: Arceus|0 fnt\n|faint|p2a: Arceus\n|\n|-weather|SunnyDay|[upkeep]\n|upkeep\n|c|\u2606Nitro524|sweet\n|\n|t:|1697477628\n|switch|p2a: Polteageist|Polteageist, shiny|100\/100\n|-damage|p2a: Polteageist|88\/100|[from] Stealth Rock\n|turn|13\n|\n|t:|1697477632\n|move|p1a: Walking Wake|Hydro Steam|p2a: Polteageist\n|-damage|p2a: Polteageist|0 fnt\n|faint|p2a: Polteageist\n|\n|-weather|SunnyDay|[upkeep]\n|upkeep\n|c|\u2606OceanicGamer3|:(\n|\n|t:|1697477648\n|switch|p2a: Lucario|Lucario, F|100\/100\n|-damage|p2a: Lucario|98\/100|[from] Stealth Rock\n|turn|14\n|c|\u2606Nitro524|sorry my king\n|c|\u2606Nitro524|that was the polteageist that would eventually give rise to iron mugulis\n|c|\u2606Nitro524|i had to\n|\n|t:|1697477666\n|move|p2a: Lucario|Extreme Speed|p1a: Walking Wake\n|-damage|p1a: Walking Wake|38\/100\n|-damage|p2a: Lucario|88\/100|[from] item: Life Orb\n|move|p1a: Walking Wake|Hydro Steam|p2a: Lucario\n|-damage|p2a: Lucario|0 fnt\n|faint|p2a: Lucario\n|\n|-weather|SunnyDay|[upkeep]\n|upkeep\n|\n|t:|1697477674\n|switch|p2a: Tornadus|Tornadus-Therian, M|100\/100\n|turn|15\n|\n|t:|1697477677\n|move|p1a: Walking Wake|Hydro Steam|p2a: Tornadus\n|-damage|p2a: Tornadus|0 fnt\n|faint|p2a: Tornadus\n|\n|win|Nitro524\n|c|\u2606Nitro524|ggs!\n","uploadtime":1697477682,"views":27,"p1id":"nitro524","p2id":"oceanicgamer3","formatid":"gen9ubers","rating":0,"private":0,"password":""}