{"id":"gen9ubers-1968677494","p1":"JustAPlz","p2":"Black_Wicked","format":"[Gen 9] Ubers","log":"|j|\u2606JustAPlz\n|j|\u2606Black_Wicked\n|t:|1697452191\n|gametype|singles\n|player|p1|JustAPlz|wattson|1104\n|player|p2|Black_Wicked|ghetsis|1000\n|teamsize|p1|6\n|teamsize|p2|6\n|gen|9\n|tier|[Gen 9] Ubers\n|rated|\n|rule|Sleep Clause Mod: Limit one foe put to sleep\n|rule|Species Clause: Limit one of each Pok\u00e9mon\n|rule|OHKO Clause: OHKO moves are banned\n|rule|Evasion Items Clause: Evasion items are banned\n|rule|Evasion Moves Clause: Evasion moves are banned\n|rule|Endless Battle Clause: Forcing endless battles is banned\n|rule|HP Percentage Mod: HP is shown in percentages\n|clearpoke\n|poke|p1|Calyrex-Ice|\n|poke|p1|Koraidon|\n|poke|p1|Toxapex, F|\n|poke|p1|Ting-Lu|\n|poke|p1|Arceus|\n|poke|p1|Miraidon|\n|poke|p2|Zapdos|\n|poke|p2|Camerupt, M|\n|poke|p2|Enamorus, F|\n|poke|p2|Voltorb-Hisui|\n|poke|p2|Miraidon|\n|poke|p2|Giratina|\n|teampreview\n|inactive|Battle timer is ON: inactive players will automatically lose when time's up. (requested by Black_Wicked)\n|\n|t:|1697452209\n|start\n|switch|p1a: Ting-Lu|Ting-Lu|100\/100\n|switch|p2a: Enamorus|Enamorus, F|100\/100\n|-ability|p1a: Ting-Lu|Vessel of Ruin\n|turn|1\n|\n|t:|1697452217\n|switch|p1a: Toxapex|Toxapex, F|100\/100\n|move|p2a: Enamorus|Superpower|p1a: Toxapex\n|-resisted|p1a: Toxapex\n|-damage|p1a: Toxapex|86\/100\n|-boost|p2a: Enamorus|atk|1\n|-boost|p2a: Enamorus|def|1\n|-damage|p2a: Enamorus|84\/100|[from] item: Rocky Helmet|[of] p1a: Toxapex\n|-damage|p2a: Enamorus|74\/100|[from] item: Life Orb\n|\n|upkeep\n|turn|2\n|\n|t:|1697452227\n|move|p2a: Enamorus|Earth Power|p1a: Toxapex\n|-supereffective|p1a: Toxapex\n|-damage|p1a: Toxapex|24\/100\n|-damage|p2a: Enamorus|65\/100|[from] item: Life Orb\n|move|p1a: Toxapex|Toxic|p2a: Enamorus\n|-status|p2a: Enamorus|tox\n|\n|-damage|p2a: Enamorus|58\/100 tox|[from] psn\n|upkeep\n|turn|3\n|\n|t:|1697452240\n|move|p2a: Enamorus|Earth Power|p1a: Toxapex\n|-supereffective|p1a: Toxapex\n|-damage|p1a: Toxapex|0 fnt\n|faint|p1a: Toxapex\n|-damage|p2a: Enamorus|49\/100 tox|[from] item: Life Orb\n|\n|-damage|p2a: Enamorus|36\/100 tox|[from] psn\n|upkeep\n|\n|t:|1697452254\n|switch|p1a: Calyrex|Calyrex-Ice|100\/100\n|-ability|p1a: Calyrex|As One\n|-ability|p1a: Calyrex|Unnerve\n|turn|4\n|\n|t:|1697452260\n|move|p2a: Enamorus|Superpower|p1a: Calyrex\n|-damage|p1a: Calyrex|57\/100\n|-boost|p2a: Enamorus|atk|1\n|-boost|p2a: Enamorus|def|1\n|-damage|p2a: Enamorus|26\/100 tox|[from] item: Life Orb\n|move|p1a: Calyrex|Trick Room|p1a: Calyrex\n|-fieldstart|move: Trick Room|[of] p1a: Calyrex\n|\n|-damage|p2a: Enamorus|8\/100 tox|[from] psn\n|upkeep\n|turn|5\n|\n|t:|1697452269\n|move|p1a: Calyrex|Glacial Lance|p2a: Enamorus\n|-supereffective|p2a: Enamorus\n|-damage|p2a: Enamorus|0 fnt\n|faint|p2a: Enamorus\n|-ability|p1a: Calyrex|Chilling Neigh|boost\n|-boost|p1a: Calyrex|atk|1\n|\n|upkeep\n|\n|t:|1697452282\n|switch|p2a: Camerupt|Camerupt, M|100\/100\n|turn|6\n|\n|t:|1697452285\n|move|p1a: Calyrex|High Horsepower|p2a: Camerupt\n|-supereffective|p2a: Camerupt\n|-damage|p2a: Camerupt|0 fnt\n|faint|p2a: Camerupt\n|-ability|p1a: Calyrex|Chilling Neigh|boost\n|-boost|p1a: Calyrex|atk|1\n|\n|upkeep\n|\n|t:|1697452297\n|switch|p2a: Voltorb|Voltorb-Hisui|100\/100\n|turn|7\n|c|\u2606JustAPlz|All your pokes are weak to ground\/ice\n|\n|t:|1697452308\n|move|p1a: Calyrex|Glacial Lance|p2a: Voltorb\n|-supereffective|p2a: Voltorb\n|-damage|p2a: Voltorb|0 fnt\n|faint|p2a: Voltorb\n|-ability|p1a: Calyrex|Chilling Neigh|boost\n|-boost|p1a: Calyrex|atk|1\n|\n|upkeep\n|\n|t:|1697452312\n|switch|p2a: Zapdos|Zapdos|100\/100\n|turn|8\n|\n|t:|1697452318\n|-terastallize|p2a: Zapdos|Normal\n|move|p1a: Calyrex|Glacial Lance|p2a: Zapdos\n|-damage|p2a: Zapdos|0 fnt\n|faint|p2a: Zapdos\n|-ability|p1a: Calyrex|Chilling Neigh|boost\n|-boost|p1a: Calyrex|atk|1\n|\n|-fieldend|move: Trick Room\n|upkeep\n|\n|t:|1697452328\n|switch|p2a: Miraidon|Miraidon|100\/100\n|-fieldstart|move: Electric Terrain|[from] ability: Hadron Engine|[of] p2a: Miraidon\n|-enditem|p2a: Miraidon|Electric Seed\n|-boost|p2a: Miraidon|def|1|[from] item: Electric Seed\n|turn|9\n|\n|t:|1697452335\n|move|p2a: Miraidon|Electro Drift|p1a: Calyrex\n|-damage|p1a: Calyrex|4\/100\n|move|p1a: Calyrex|Trick Room|p1a: Calyrex\n|-fieldstart|move: Trick Room|[of] p1a: Calyrex\n|\n|upkeep\n|turn|10\n|\n|t:|1697452341\n|move|p1a: Calyrex|Glacial Lance|p2a: Miraidon\n|-supereffective|p2a: Miraidon\n|-damage|p2a: Miraidon|0 fnt\n|faint|p2a: Miraidon\n|-ability|p1a: Calyrex|Chilling Neigh|boost\n|-boost|p1a: Calyrex|atk|1\n|\n|upkeep\n|-message|Black_Wicked forfeited.\n|\n|win|JustAPlz\n|raw|JustAPlz's rating: 1104 &rarr; <strong>1122<\/strong><br \/>(+18 for winning)\n|raw|Black_Wicked's rating: 1000 &rarr; <strong>1000<\/strong><br \/>(+0 for losing)\n|l|\u2606Black_Wicked\n","uploadtime":1697452358,"views":18,"p1id":"justaplz","p2id":"blackwicked","formatid":"gen9ubers","rating":1000,"private":0,"password":""}