{"id":"gen9ubers-1969663889","p1":"bfoto","p2":"Cipher200","format":"[Gen 9] Ubers","log":"|j|\u2606bfoto\n|j|\u2606Cipher200\n|t:|1697555932\n|gametype|singles\n|player|p1|bfoto|170|1194\n|player|p2|Cipher200|kamado|1087\n|teamsize|p1|6\n|teamsize|p2|6\n|gen|9\n|tier|[Gen 9] Ubers\n|rated|\n|rule|Sleep Clause Mod: Limit one foe put to sleep\n|rule|Species Clause: Limit one of each Pok\u00e9mon\n|rule|OHKO Clause: OHKO moves are banned\n|rule|Evasion Items Clause: Evasion items are banned\n|rule|Evasion Moves Clause: Evasion moves are banned\n|rule|Endless Battle Clause: Forcing endless battles is banned\n|rule|HP Percentage Mod: HP is shown in percentages\n|clearpoke\n|poke|p1|Miraidon|\n|poke|p1|Kyogre|\n|poke|p1|Eternatus|\n|poke|p1|Zacian-*|\n|poke|p1|Ditto|\n|poke|p1|Hatterene, F|\n|poke|p2|Gliscor, M|\n|poke|p2|Volcarona, F|\n|poke|p2|Flutter Mane|\n|poke|p2|Sneasler, F|\n|poke|p2|Scizor, M|\n|poke|p2|Cyclizar, M|\n|teampreview\n|inactive|Battle timer is ON: inactive players will automatically lose when time's up. (requested by Cipher200)\n|\n|t:|1697555961\n|start\n|switch|p1a: Miraidon|Miraidon|100\/100\n|switch|p2a: Scizor|Scizor, M, shiny|100\/100\n|-fieldstart|move: Electric Terrain|[from] ability: Hadron Engine|[of] p1a: Miraidon\n|turn|1\n|\n|t:|1697555978\n|switch|p2a: Gliscor|Gliscor, M|100\/100\n|move|p1a: Miraidon|Discharge|p2a: Gliscor\n|-immune|p2a: Gliscor\n|\n|-status|p2a: Gliscor|tox|[from] item: Toxic Orb\n|upkeep\n|turn|2\n|\n|t:|1697555987\n|switch|p1a: Zacian|Zacian-Crowned, shiny|100\/100\n|-ability|p1a: Zacian|Intrepid Sword|boost\n|-boost|p1a: Zacian|atk|1\n|move|p2a: Gliscor|Stealth Rock|p1a: Zacian\n|-sidestart|p1: bfoto|move: Stealth Rock\n|\n|upkeep\n|turn|3\n|\n|t:|1697556004\n|switch|p2a: Sneasler|Sneasler, F|100\/100\n|move|p1a: Zacian|Behemoth Blade|p2a: Sneasler\n|-damage|p2a: Sneasler|0 fnt\n|faint|p2a: Sneasler\n|\n|upkeep\n|\n|t:|1697556010\n|switch|p2a: Volcarona|Volcarona, F|100\/100\n|turn|4\n|\n|t:|1697556021\n|switch|p1a: Eternatus|Eternatus, shiny|100\/100\n|-damage|p1a: Eternatus|88\/100|[from] Stealth Rock\n|-ability|p1a: Eternatus|Pressure\n|move|p2a: Volcarona|Fiery Dance|p1a: Eternatus\n|-resisted|p1a: Eternatus\n|-damage|p1a: Eternatus|69\/100\n|-boost|p2a: Volcarona|spa|1\n|\n|-heal|p1a: Eternatus|75\/100|[from] item: Black Sludge\n|upkeep\n|turn|5\n|n|!Cipher200|cipher200\n|\n|t:|1697556050\n|switch|p2a: Flutter Mane|Flutter Mane|100\/100\n|-enditem|p2a: Flutter Mane|Booster Energy\n|-activate|p2a: Flutter Mane|ability: Protosynthesis|[fromitem]\n|-start|p2a: Flutter Mane|protosynthesisspa\n|move|p1a: Eternatus|Dynamax Cannon|p2a: Flutter Mane\n|-immune|p2a: Flutter Mane\n|\n|-heal|p1a: Eternatus|81\/100|[from] item: Black Sludge\n|-fieldend|move: Electric Terrain\n|upkeep\n|turn|6\n|\n|t:|1697556061\n|move|p2a: Flutter Mane|Dazzling Gleam|p1a: Eternatus\n|-damage|p1a: Eternatus|37\/100\n|move|p1a: Eternatus|Shadow Ball|p2a: Flutter Mane\n|-supereffective|p2a: Flutter Mane\n|-damage|p2a: Flutter Mane|42\/100\n|\n|-heal|p1a: Eternatus|43\/100|[from] item: Black Sludge\n|upkeep\n|turn|7\n|inactive|Cipher200 has 120 seconds left.\n|\n|t:|1697556083\n|move|p2a: Flutter Mane|Dazzling Gleam|p1a: Eternatus\n|-damage|p1a: Eternatus|0 fnt\n|faint|p1a: Eternatus\n|\n|upkeep\n|\n|t:|1697556090\n|switch|p1a: Zacian|Zacian-Crowned, shiny|100\/100\n|-damage|p1a: Zacian|94\/100|[from] Stealth Rock\n|turn|8\n|\n|t:|1697556097\n|move|p1a: Zacian|Crunch|p2a: Flutter Mane\n|-damage|p2a: Flutter Mane|0 fnt\n|faint|p2a: Flutter Mane\n|-end|p2a: Flutter Mane|Protosynthesis|[silent]\n|\n|upkeep\n|\n|t:|1697556102\n|switch|p2a: Volcarona|Volcarona, F|100\/100\n|turn|9\n|\n|t:|1697556108\n|switch|p1a: Miraidon|Miraidon|100\/100\n|-damage|p1a: Miraidon|88\/100|[from] Stealth Rock\n|-fieldstart|move: Electric Terrain|[from] ability: Hadron Engine|[of] p1a: Miraidon\n|move|p2a: Volcarona|Fiery Dance|p1a: Miraidon\n|-resisted|p1a: Miraidon\n|-damage|p1a: Miraidon|66\/100\n|\n|-heal|p1a: Miraidon|72\/100|[from] item: Leftovers\n|upkeep\n|turn|10\n|\n|t:|1697556120\n|switch|p2a: Gliscor|Gliscor, M|100\/100 tox\n|move|p1a: Miraidon|Discharge|p2a: Gliscor\n|-immune|p2a: Gliscor\n|\n|-heal|p1a: Miraidon|79\/100|[from] item: Leftovers\n|upkeep\n|turn|11\n|\n|t:|1697556129\n|move|p1a: Miraidon|Draco Meteor|p2a: Gliscor\n|-damage|p2a: Gliscor|0 fnt\n|-unboost|p1a: Miraidon|spa|2\n|faint|p2a: Gliscor\n|\n|-heal|p1a: Miraidon|85\/100|[from] item: Leftovers\n|upkeep\n|\n|t:|1697556138\n|switch|p2a: Cyclizar|Cyclizar, M|100\/100\n|turn|12\n|\n|t:|1697556143\n|move|p2a: Cyclizar|Dragon Claw|p1a: Miraidon\n|-supereffective|p1a: Miraidon\n|-damage|p1a: Miraidon|34\/100\n|move|p1a: Miraidon|Draco Meteor|p2a: Cyclizar\n|-supereffective|p2a: Cyclizar\n|-damage|p2a: Cyclizar|0 fnt\n|-unboost|p1a: Miraidon|spa|2\n|faint|p2a: Cyclizar\n|\n|-heal|p1a: Miraidon|40\/100|[from] item: Leftovers\n|upkeep\n|\n|t:|1697556156\n|switch|p2a: Scizor|Scizor, M, shiny|100\/100\n|turn|13\n|\n|t:|1697556161\n|move|p2a: Scizor|Bullet Punch|p1a: Miraidon\n|-resisted|p1a: Miraidon\n|-damage|p1a: Miraidon|23\/100\n|move|p1a: Miraidon|Volt Switch|p2a: Scizor\n|-damage|p2a: Scizor|71\/100\n|\n|t:|1697556165\n|switch|p1a: Zacian|Zacian-Crowned, shiny|94\/100|[from] Volt Switch\n|-damage|p1a: Zacian|88\/100|[from] Stealth Rock\n|\n|-fieldend|move: Electric Terrain\n|upkeep\n|turn|14\n|-message|Cipher200 forfeited.\n|\n|win|bfoto\n|raw|bfoto's rating: 1194 &rarr; <strong>1212<\/strong><br \/>(+18 for winning)\n|raw|Cipher200's rating: 1087 &rarr; <strong>1071<\/strong><br \/>(-16 for losing)\n","uploadtime":1697556030,"views":7,"p1id":"bfoto","p2id":"cipher200","formatid":"gen9ubers","rating":1071,"private":0,"password":""}