{"id":"gen9ubers-1995473862","p1":"Anne Frankkkk","p2":"dankdaddy420","format":"[Gen 9] Ubers","log":"|j|\u2606Anne Frankkkk\n|j|\u2606dankdaddy420\n|t:|1700574784\n|gametype|singles\n|player|p1|Anne Frankkkk|hilbert|1249\n|player|p2|dankdaddy420|101|1179\n|teamsize|p1|6\n|teamsize|p2|6\n|gen|9\n|tier|[Gen 9] Ubers\n|rated|\n|rule|Sleep Clause Mod: Limit one foe put to sleep\n|rule|Species Clause: Limit one of each Pok\u00e9mon\n|rule|OHKO Clause: OHKO moves are banned\n|rule|Evasion Items Clause: Evasion items are banned\n|rule|Evasion Moves Clause: Evasion moves are banned\n|rule|Endless Battle Clause: Forcing endless battles is banned\n|rule|HP Percentage Mod: HP is shown in percentages\n|clearpoke\n|poke|p1|Regieleki|\n|poke|p1|Kyogre|\n|poke|p1|Chien-Pao|\n|poke|p1|Ribombee, M|\n|poke|p1|Miraidon|\n|poke|p1|Flutter Mane|\n|poke|p2|Shaymin-Sky|\n|poke|p2|Volcarona, F|\n|poke|p2|Iron Bundle|\n|poke|p2|Koraidon|\n|poke|p2|Flutter Mane|\n|poke|p2|Arceus|\n|teampreview\n|inactive|Battle timer is ON: inactive players will automatically lose when time's up. (requested by Anne Frankkkk)\n|\n|t:|1700574790\n|start\n|switch|p1a: Moonblast|Ribombee, M, shiny|100\/100\n|switch|p2a: Arceus|Arceus|100\/100\n|turn|1\n|\n|t:|1700574797\n|move|p1a: Moonblast|Sticky Web|p2a: Arceus\n|-sidestart|p2: dankdaddy420|move: Sticky Web\n|move|p2a: Arceus|Iron Head|p1a: Moonblast\n|-supereffective|p1a: Moonblast\n|-enditem|p1a: Moonblast|Focus Sash\n|-damage|p1a: Moonblast|1\/100\n|\n|upkeep\n|turn|2\n|\n|t:|1700574803\n|switch|p1a: Misdreavius|Flutter Mane, shiny|100\/100\n|-enditem|p1a: Misdreavius|Booster Energy\n|-activate|p1a: Misdreavius|ability: Protosynthesis|[fromitem]\n|-start|p1a: Misdreavius|protosynthesisspe\n|move|p2a: Arceus|Extreme Speed|p1a: Misdreavius\n|-immune|p1a: Misdreavius\n|\n|upkeep\n|turn|3\n|\n|t:|1700574812\n|move|p1a: Misdreavius|Moonblast|p2a: Arceus\n|-damage|p2a: Arceus|65\/100\n|-unboost|p2a: Arceus|spa|1\n|move|p2a: Arceus|Iron Head|p1a: Misdreavius\n|-supereffective|p1a: Misdreavius\n|-damage|p1a: Misdreavius|0 fnt\n|faint|p1a: Misdreavius\n|-end|p1a: Misdreavius|Protosynthesis|[silent]\n|\n|upkeep\n|\n|t:|1700574825\n|switch|p1a: Ice Cat|Chien-Pao|100\/100\n|-ability|p1a: Ice Cat|Sword of Ruin\n|turn|4\n|\n|t:|1700574830\n|move|p1a: Ice Cat|Swords Dance|p1a: Ice Cat\n|-boost|p1a: Ice Cat|atk|2\n|move|p2a: Arceus|Iron Head|p1a: Ice Cat\n|-supereffective|p1a: Ice Cat\n|-damage|p1a: Ice Cat|27\/100\n|\n|upkeep\n|turn|5\n|\n|t:|1700574837\n|-terastallize|p1a: Ice Cat|Ghost\n|move|p2a: Arceus|Extreme Speed|p1a: Ice Cat\n|-immune|p1a: Ice Cat\n|move|p1a: Ice Cat|Sacred Sword|p2a: Arceus\n|-supereffective|p2a: Arceus\n|-damage|p2a: Arceus|0 fnt\n|-damage|p1a: Ice Cat|11\/100|[from] item: Rocky Helmet|[of] p2a: Arceus\n|faint|p2a: Arceus\n|\n|upkeep\n|\n|t:|1700574854\n|switch|p2a: Koraidon|Koraidon|100\/100\n|-activate|p2a: Koraidon|move: Sticky Web\n|-unboost|p2a: Koraidon|spe|1\n|-weather|SunnyDay|[from] ability: Orichalcum Pulse|[of] p2a: Koraidon\n|-activate|p2a: Koraidon|Orichalcum Pulse|[source]\n|turn|6\n|\n|t:|1700574863\n|move|p1a: Ice Cat|Ice Spinner|p2a: Koraidon\n|-supereffective|p2a: Koraidon\n|-damage|p2a: Koraidon|0 fnt\n|faint|p2a: Koraidon\n|\n|-weather|SunnyDay|[upkeep]\n|upkeep\n|\n|t:|1700574870\n|switch|p2a: Volcarona|Volcarona, F|100\/100\n|turn|7\n|\n|t:|1700574876\n|move|p1a: Ice Cat|Sucker Punch|p2a: Volcarona\n|-damage|p2a: Volcarona|0 fnt\n|-status|p1a: Ice Cat|brn|[from] ability: Flame Body|[of] p2a: Volcarona\n|faint|p2a: Volcarona\n|\n|-weather|SunnyDay|[upkeep]\n|-damage|p1a: Ice Cat|5\/100 brn|[from] brn\n|upkeep\n|\n|t:|1700574887\n|switch|p2a: Iron Bundle|Iron Bundle|100\/100\n|-activate|p2a: Iron Bundle|move: Sticky Web\n|-unboost|p2a: Iron Bundle|spe|1\n|turn|8\n|\n|t:|1700574895\n|move|p1a: Ice Cat|Sacred Sword|p2a: Iron Bundle\n|-supereffective|p2a: Iron Bundle\n|-damage|p2a: Iron Bundle|0 fnt\n|faint|p2a: Iron Bundle\n|-end|p2a: Iron Bundle|Quark Drive|[silent]\n|\n|-weather|SunnyDay|[upkeep]\n|-damage|p1a: Ice Cat|0 fnt|[from] brn\n|faint|p1a: Ice Cat\n|upkeep\n|\n|t:|1700574904\n|switch|p2a: Shaymin|Shaymin-Sky|100\/100\n|switch|p1a: Cyber Lizard|Miraidon|100\/100\n|-fieldstart|move: Electric Terrain|[from] ability: Hadron Engine|[of] p1a: Cyber Lizard\n|-item|p1a: Cyber Lizard|Air Balloon\n|turn|9\n|\n|t:|1700574913\n|move|p2a: Shaymin|Leech Seed|p1a: Cyber Lizard\n|-start|p1a: Cyber Lizard|move: Leech Seed\n|move|p1a: Cyber Lizard|Electro Drift|p2a: Shaymin\n|-damage|p2a: Shaymin|10\/100\n|\n|-weather|SunnyDay|[upkeep]\n|-damage|p1a: Cyber Lizard|88\/100|[from] Leech Seed|[of] p2a: Shaymin\n|-heal|p2a: Shaymin|22\/100|[silent]\n|upkeep\n|turn|10\n|\n|t:|1700574925\n|move|p2a: Shaymin|Earth Power|p1a: Cyber Lizard\n|-immune|p1a: Cyber Lizard\n|move|p1a: Cyber Lizard|Electro Drift|p2a: Shaymin\n|-damage|p2a: Shaymin|0 fnt\n|faint|p2a: Shaymin\n|\n|-weather|none\n|upkeep\n|\n|t:|1700574934\n|switch|p2a: Flutter Mane|Flutter Mane|100\/100\n|-activate|p2a: Flutter Mane|move: Sticky Web\n|-unboost|p2a: Flutter Mane|spe|1\n|turn|11\n|\n|t:|1700574942\n|move|p1a: Cyber Lizard|Electro Drift|p2a: Flutter Mane\n|-damage|p2a: Flutter Mane|17\/100\n|move|p2a: Flutter Mane|Moonblast|p1a: Cyber Lizard\n|-supereffective|p1a: Cyber Lizard\n|-damage|p1a: Cyber Lizard|0 fnt\n|-enditem|p1a: Cyber Lizard|Air Balloon\n|faint|p1a: Cyber Lizard\n|-damage|p2a: Flutter Mane|7\/100|[from] item: Life Orb\n|\n|upkeep\n|\n|t:|1700574944\n|switch|p1a: Bzzzzt|Regieleki, shiny|100\/100\n|turn|12\n|\n|t:|1700574959\n|move|p1a: Bzzzzt|Thunderbolt|p2a: Flutter Mane\n|-damage|p2a: Flutter Mane|0 fnt\n|faint|p2a: Flutter Mane\n|-end|p2a: Flutter Mane|Protosynthesis|[silent]\n|\n|win|Anne Frankkkk\n|raw|Anne Frankkkk's rating: 1249 &rarr; <strong>1269<\/strong><br \/>(+20 for winning)\n|raw|dankdaddy420's rating: 1179 &rarr; <strong>1159<\/strong><br \/>(-20 for losing)\n|l|\u2606dankdaddy420\n","uploadtime":1700574966,"views":1,"p1id":"annefrankkkk","p2id":"dankdaddy420","formatid":"gen9ubers","rating":1159,"private":0,"password":""}