{"id":"gen9ubers-1999375807","p1":"SqueezeyLemon12","p2":"tongyun","format":"[Gen 9] Ubers","log":"|j|\u2606SqueezeyLemon12\n|j|\u2606tongyun\n|t:|1701069571\n|gametype|singles\n|player|p1|SqueezeyLemon12|palmer|1000\n|player|p2|tongyun|2|1000\n|teamsize|p1|6\n|teamsize|p2|6\n|gen|9\n|tier|[Gen 9] Ubers\n|rated|\n|rule|Sleep Clause Mod: Limit one foe put to sleep\n|rule|Species Clause: Limit one of each Pok\u00e9mon\n|rule|OHKO Clause: OHKO moves are banned\n|rule|Evasion Items Clause: Evasion items are banned\n|rule|Evasion Moves Clause: Evasion moves are banned\n|rule|Endless Battle Clause: Forcing endless battles is banned\n|rule|HP Percentage Mod: HP is shown in percentages\n|clearpoke\n|poke|p1|Regieleki|\n|poke|p1|Zacian-*|\n|poke|p1|Chien-Pao|\n|poke|p1|Groudon|\n|poke|p1|Annihilape, F|\n|poke|p1|Ogerpon-Hearthflame, F|\n|poke|p2|Vespiquen, F|\n|poke|p2|Clodsire, M|\n|poke|p2|Quagsire, M|\n|poke|p2|Eelektross, M|\n|poke|p2|Slowking, M|\n|poke|p2|Gliscor, M|\n|teampreview\n|\n|t:|1701069579\n|start\n|switch|p1a: Cat|Chien-Pao|100\/100\n|switch|p2a: Slowking|Slowking, M, shiny|100\/100\n|-ability|p1a: Cat|Sword of Ruin\n|turn|1\n|\n|t:|1701069599\n|move|p1a: Cat|Crunch|p2a: Slowking\n|-supereffective|p2a: Slowking\n|-damage|p2a: Slowking|12\/100\n|move|p2a: Slowking|Trick|p1a: Cat\n|-activate|p2a: Slowking|move: Trick|[of] p1a: Cat\n|-item|p1a: Cat|Lagging Tail|[from] move: Trick\n|-item|p2a: Slowking|Heavy-Duty Boots|[from] move: Trick\n|\n|upkeep\n|turn|2\n|c|\u2606SqueezeyLemon12|i fucking hate u\n|c|\u2606SqueezeyLemon12|kill yurslef tomr\n|\n|t:|1701069627\n|move|p2a: Slowking|Scald|p1a: Cat\n|-damage|p1a: Cat|56\/100\n|-status|p1a: Cat|brn\n|move|p1a: Cat|Crunch|p2a: Slowking\n|-supereffective|p2a: Slowking\n|-damage|p2a: Slowking|0 fnt\n|faint|p2a: Slowking\n|\n|-damage|p1a: Cat|50\/100 brn|[from] brn\n|upkeep\n|\n|t:|1701069641\n|switch|p2a: Clodsire|Clodsire, M, shiny|100\/100\n|turn|3\n|\n|t:|1701069650\n|move|p2a: Clodsire|Stockpile|p2a: Clodsire\n|-start|p2a: Clodsire|stockpile1\n|-boost|p2a: Clodsire|def|1\n|-boost|p2a: Clodsire|spd|1\n|move|p1a: Cat|Icicle Crash|p2a: Clodsire\n|-supereffective|p2a: Clodsire\n|-damage|p2a: Clodsire|69\/100\n|\n|-heal|p2a: Clodsire|75\/100|[from] item: Leftovers\n|-damage|p1a: Cat|44\/100 brn|[from] brn\n|upkeep\n|turn|4\n|\n|t:|1701069660\n|switch|p1a: Dino|Groudon|100\/100\n|-weather|SunnyDay|[from] ability: Drought|[of] p1a: Dino\n|move|p2a: Clodsire|Stockpile|p2a: Clodsire\n|-start|p2a: Clodsire|stockpile2\n|-boost|p2a: Clodsire|def|1\n|-boost|p2a: Clodsire|spd|1\n|\n|-weather|SunnyDay|[upkeep]\n|-heal|p2a: Clodsire|81\/100|[from] item: Leftovers\n|upkeep\n|turn|5\n|\n|t:|1701069673\n|move|p1a: Dino|Precipice Blades|p2a: Clodsire\n|-supereffective|p2a: Clodsire\n|-damage|p2a: Clodsire|17\/100\n|move|p2a: Clodsire|Toxic|p1a: Dino\n|-status|p1a: Dino|tox\n|\n|-weather|SunnyDay|[upkeep]\n|-heal|p2a: Clodsire|23\/100|[from] item: Leftovers\n|-damage|p1a: Dino|94\/100 tox|[from] psn\n|upkeep\n|turn|6\n|\n|t:|1701069700\n|switch|p2a: Gliscor|Gliscor, M, shiny|100\/100\n|move|p1a: Dino|Precipice Blades|p2a: Gliscor\n|-immune|p2a: Gliscor\n|\n|-weather|SunnyDay|[upkeep]\n|-heal|p1a: Dino|100\/100 tox|[from] item: Leftovers\n|-damage|p1a: Dino|88\/100 tox|[from] psn\n|-status|p2a: Gliscor|tox|[from] item: Toxic Orb\n|upkeep\n|turn|7\n|\n|t:|1701069720\n|move|p2a: Gliscor|Substitute|p2a: Gliscor\n|-start|p2a: Gliscor|Substitute\n|-damage|p2a: Gliscor|76\/100 tox\n|move|p1a: Dino|Heat Crash|p2a: Gliscor\n|-end|p2a: Gliscor|Substitute\n|\n|-weather|SunnyDay|[upkeep]\n|-heal|p1a: Dino|94\/100 tox|[from] item: Leftovers\n|-heal|p2a: Gliscor|88\/100 tox|[from] ability: Poison Heal\n|-damage|p1a: Dino|76\/100 tox|[from] psn\n|upkeep\n|turn|8\n|\n|t:|1701069760\n|move|p2a: Gliscor|Stealth Rock|p1a: Dino\n|-sidestart|p1: SqueezeyLemon12|move: Stealth Rock\n|move|p1a: Dino|Heat Crash|p2a: Gliscor\n|-damage|p2a: Gliscor|35\/100 tox\n|\n|-weather|none\n|-heal|p1a: Dino|82\/100 tox|[from] item: Leftovers\n|-heal|p2a: Gliscor|47\/100 tox|[from] ability: Poison Heal\n|-damage|p1a: Dino|57\/100 tox|[from] psn\n|upkeep\n|turn|9\n|\n|t:|1701069776\n|move|p2a: Gliscor|Protect|p2a: Gliscor\n|-singleturn|p2a: Gliscor|Protect\n|move|p1a: Dino|Heat Crash|p2a: Gliscor\n|-activate|p2a: Gliscor|move: Protect\n|\n|-heal|p1a: Dino|63\/100 tox|[from] item: Leftovers\n|-heal|p2a: Gliscor|60\/100 tox|[from] ability: Poison Heal\n|-damage|p1a: Dino|32\/100 tox|[from] psn\n|upkeep\n|turn|10\n|\n|t:|1701069804\n|move|p2a: Gliscor|Substitute|p2a: Gliscor\n|-start|p2a: Gliscor|Substitute\n|-damage|p2a: Gliscor|35\/100 tox\n|move|p1a: Dino|Heat Crash|p2a: Gliscor\n|-end|p2a: Gliscor|Substitute\n|\n|-heal|p1a: Dino|38\/100 tox|[from] item: Leftovers\n|-heal|p2a: Gliscor|47\/100 tox|[from] ability: Poison Heal\n|-damage|p1a: Dino|1\/100 tox|[from] psn\n|upkeep\n|turn|11\n|\n|t:|1701069815\n|move|p2a: Gliscor|Substitute|p2a: Gliscor\n|-start|p2a: Gliscor|Substitute\n|-damage|p2a: Gliscor|22\/100 tox\n|move|p1a: Dino|Heat Crash|p2a: Gliscor\n|-end|p2a: Gliscor|Substitute\n|\n|-heal|p1a: Dino|7\/100 tox|[from] item: Leftovers\n|-heal|p2a: Gliscor|35\/100 tox|[from] ability: Poison Heal\n|-damage|p1a: Dino|0 fnt|[from] psn\n|faint|p1a: Dino\n|upkeep\n|\n|t:|1701069844\n|switch|p1a: Slash|Zacian-Crowned|100\/100\n|-damage|p1a: Slash|94\/100|[from] Stealth Rock\n|-ability|p1a: Slash|Intrepid Sword|boost\n|-boost|p1a: Slash|atk|1\n|turn|12\n|\n|t:|1701069871\n|move|p1a: Slash|Behemoth Blade|p2a: Gliscor\n|-damage|p2a: Gliscor|0 fnt\n|faint|p2a: Gliscor\n|\n|upkeep\n|\n|t:|1701069878\n|switch|p2a: Quagsire|Quagsire, M, shiny|100\/100\n|turn|13\n|\n|t:|1701069912\n|move|p1a: Slash|Trailblaze|p2a: Quagsire\n|-supereffective|p2a: Quagsire\n|-damage|p2a: Quagsire|28\/100\n|-boost|p1a: Slash|spe|1\n|move|p2a: Quagsire|Toxic|p1a: Slash\n|-immune|p1a: Slash\n|\n|-heal|p2a: Quagsire|34\/100|[from] item: Leftovers\n|upkeep\n|turn|14\n|l|\u2606tongyun\n|player|p2|\n|inactive|Battle timer is ON: inactive players will automatically lose when time's up. (requested by SqueezeyLemon12)\n|inactive|tongyun has 30 seconds to reconnect!\n|inactive|tongyun has 20 seconds to reconnect!\n|inactive|tongyun has 15 seconds to reconnect!\n|inactive|tongyun has 10 seconds to reconnect!\n|inactive|tongyun has 5 seconds to reconnect!\n|-message|tongyun lost due to inactivity.\n|\n|win|SqueezeyLemon12\n|raw|SqueezeyLemon12's rating: 1000 &rarr; <strong>1040<\/strong><br \/>(+40 for winning)\n|raw|tongyun's rating: 1000 &rarr; <strong>1000<\/strong><br \/>(+0 for losing)\n","uploadtime":1701069617,"views":1,"p1id":"squeezeylemon12","p2id":"tongyun","formatid":"gen9ubers","rating":1000,"private":0,"password":""}