{"id":"gen9ubers-2000047761","p1":"moero","p2":"WARIOROFLIBERATION","format":"[Gen 9] Ubers","log":"|j|\u2606moero\n|j|\u2606WARIOROFLIBERATION\n|t:|1701145833\n|gametype|singles\n|player|p1|moero|caitlin|1519\n|player|p2|WARIOROFLIBERATION|red-gen2|1524\n|teamsize|p1|6\n|teamsize|p2|6\n|gen|9\n|tier|[Gen 9] Ubers\n|rated|\n|rule|Sleep Clause Mod: Limit one foe put to sleep\n|rule|Species Clause: Limit one of each Pok\u00e9mon\n|rule|OHKO Clause: OHKO moves are banned\n|rule|Evasion Items Clause: Evasion items are banned\n|rule|Evasion Moves Clause: Evasion moves are banned\n|rule|Endless Battle Clause: Forcing endless battles is banned\n|rule|HP Percentage Mod: HP is shown in percentages\n|clearpoke\n|poke|p1|Arceus|\n|poke|p1|Ribombee, M|\n|poke|p1|Alomomola, F|\n|poke|p1|Regieleki|\n|poke|p1|Giratina-Origin|\n|poke|p1|Calyrex-Ice|\n|poke|p2|Ursaluna, M|\n|poke|p2|Calyrex-Ice|\n|poke|p2|Hatterene, F|\n|poke|p2|Magearna|\n|poke|p2|Basculegion, M|\n|poke|p2|Dialga-Origin|\n|teampreview\n|inactive|Battle timer is ON: inactive players will automatically lose when time's up. (requested by moero)\n|\n|t:|1701145875\n|start\n|switch|p1a: MR HANDS|Calyrex-Ice|100\/100\n|switch|p2a: Dialga|Dialga-Origin, shiny|100\/100\n|-ability|p1a: MR HANDS|As One\n|-ability|p1a: MR HANDS|Unnerve\n|-ability|p2a: Dialga|Pressure\n|turn|1\n|\n|t:|1701145879\n|move|p2a: Dialga|Steel Beam|p1a: MR HANDS\n|-supereffective|p1a: MR HANDS\n|-damage|p1a: MR HANDS|0 fnt\n|-damage|p2a: Dialga|50\/100|[from] steelbeam\n|faint|p1a: MR HANDS\n|\n|upkeep\n|\n|t:|1701145884\n|switch|p1a: Archie|Arceus|100\/100\n|turn|2\n|\n|t:|1701145892\n|switch|p2a: Ursaluna|Ursaluna, M, shiny|100\/100\n|move|p1a: Archie|Body Press|p2a: Ursaluna\n|-supereffective|p2a: Ursaluna\n|-damage|p2a: Ursaluna|66\/100\n|\n|-status|p2a: Ursaluna|brn|[from] item: Flame Orb\n|upkeep\n|turn|3\n|\n|t:|1701145904\n|switch|p2a: Basculegion|Basculegion, M, shiny|100\/100\n|move|p1a: Archie|Body Press|p2a: Basculegion\n|-immune|p2a: Basculegion\n|\n|upkeep\n|turn|4\n|\n|t:|1701145910\n|switch|p1a: DA Feesh|Alomomola, F|100\/100\n|move|p2a: Basculegion|Flip Turn|p1a: DA Feesh\n|-resisted|p1a: DA Feesh\n|-damage|p1a: DA Feesh|84\/100\n|-damage|p2a: Basculegion|84\/100|[from] item: Rocky Helmet|[of] p1a: DA Feesh\n|\n|t:|1701145920\n|switch|p2a: Dialga|Dialga-Origin, shiny|50\/100|[from] Flip Turn\n|-ability|p2a: Dialga|Pressure\n|\n|upkeep\n|turn|5\n|\n|t:|1701145926\n|move|p1a: DA Feesh|Flip Turn|p2a: Dialga\n|-resisted|p2a: Dialga\n|-damage|p2a: Dialga|45\/100\n|\n|t:|1701145930\n|switch|p1a: Ribena|Ribombee, M, shiny|100\/100|[from] Flip Turn\n|move|p2a: Dialga|Trick Room|p2a: Dialga\n|-fieldstart|move: Trick Room|[of] p2a: Dialga\n|\n|upkeep\n|turn|6\n|\n|t:|1701145938\n|move|p2a: Dialga|Stealth Rock|p1a: Ribena\n|-sidestart|p1: moero|move: Stealth Rock\n|move|p1a: Ribena|Moonblast|p2a: Dialga\n|-damage|p2a: Dialga|18\/100\n|-unboost|p2a: Dialga|spa|1\n|\n|upkeep\n|turn|7\n|\n|t:|1701145949\n|move|p2a: Dialga|Steel Beam|p1a: Ribena\n|-supereffective|p1a: Ribena\n|-enditem|p1a: Ribena|Focus Sash\n|-damage|p1a: Ribena|1\/100\n|-damage|p2a: Dialga|0 fnt|[from] steelbeam\n|faint|p2a: Dialga\n|move|p1a: Ribena|Moonblast|p2: Dialga|[notarget]\n|-fail|p1a: Ribena\n|\n|upkeep\n|inactive|WARIOROFLIBERATION has 120 seconds left.\n|\n|t:|1701145981\n|switch|p2a: Calyrex|Calyrex-Ice|100\/100\n|-ability|p2a: Calyrex|As One\n|-ability|p2a: Calyrex|Unnerve\n|turn|8\n|\n|t:|1701145986\n|switch|p1a: DA Feesh|Alomomola, F|100\/100\n|-damage|p1a: DA Feesh|88\/100|[from] Stealth Rock\n|move|p2a: Calyrex|Glacial Lance|p1a: DA Feesh\n|-resisted|p1a: DA Feesh\n|-damage|p1a: DA Feesh|66\/100\n|\n|upkeep\n|turn|9\n|\n|t:|1701145998\n|switch|p2a: Basculegion|Basculegion, M, shiny|84\/100\n|move|p1a: DA Feesh|Flip Turn|p2a: Basculegion\n|-resisted|p2a: Basculegion\n|-damage|p2a: Basculegion|75\/100\n|\n|t:|1701146006\n|switch|p1a: Tina|Giratina-Origin|100\/100|[from] Flip Turn\n|-damage|p1a: Tina|88\/100|[from] Stealth Rock\n|\n|-fieldend|move: Trick Room\n|upkeep\n|turn|10\n|\n|t:|1701146012\n|switch|p2a: Magearna|Magearna|100\/100\n|move|p1a: Tina|Dragon Claw|p2a: Magearna\n|-immune|p2a: Magearna\n|\n|upkeep\n|turn|11\n|\n|t:|1701146024\n|move|p1a: Tina|Poltergeist|p2a: Magearna\n|-activate|p2a: Magearna|move: Poltergeist|Leftovers\n|-damage|p2a: Magearna|53\/100\n|move|p2a: Magearna|Calm Mind|p2a: Magearna\n|-boost|p2a: Magearna|spa|1\n|-boost|p2a: Magearna|spd|1\n|\n|-heal|p2a: Magearna|59\/100|[from] item: Leftovers\n|upkeep\n|turn|12\n|\n|t:|1701146034\n|-terastallize|p1a: Tina|Ghost\n|move|p1a: Tina|Poltergeist|p2a: Magearna\n|-activate|p2a: Magearna|move: Poltergeist|Leftovers\n|-damage|p2a: Magearna|0 fnt\n|faint|p2a: Magearna\n|\n|upkeep\n|\n|t:|1701146041\n|switch|p2a: Hatterene|Hatterene, F|100\/100\n|turn|13\n|\n|t:|1701146045\n|move|p1a: Tina|Poltergeist|p2a: Hatterene\n|-activate|p2a: Hatterene|move: Poltergeist|Focus Sash\n|-supereffective|p2a: Hatterene\n|-enditem|p2a: Hatterene|Focus Sash\n|-damage|p2a: Hatterene|1\/100\n|move|p2a: Hatterene|Trick Room|p2a: Hatterene\n|-fieldstart|move: Trick Room|[of] p2a: Hatterene\n|\n|upkeep\n|turn|14\n|\n|t:|1701146053\n|switch|p2a: Ursaluna|Ursaluna, M, shiny|66\/100 brn\n|move|p1a: Tina|Shadow Sneak|p2a: Ursaluna\n|-immune|p2a: Ursaluna\n|\n|-damage|p2a: Ursaluna|60\/100 brn|[from] brn\n|upkeep\n|turn|15\n|\n|t:|1701146062\n|move|p2a: Ursaluna|Shadow Claw|p1a: Tina\n|-supereffective|p1a: Tina\n|-damage|p1a: Tina|21\/100\n|move|p1a: Tina|Dragon Claw|p2a: Ursaluna\n|-damage|p2a: Ursaluna|23\/100 brn\n|\n|-damage|p2a: Ursaluna|16\/100 brn|[from] brn\n|upkeep\n|turn|16\n|\n|t:|1701146069\n|switch|p1a: DA Feesh|Alomomola, F|99\/100\n|-damage|p1a: DA Feesh|87\/100|[from] Stealth Rock\n|move|p2a: Ursaluna|Shadow Claw|p1a: DA Feesh\n|-damage|p1a: DA Feesh|65\/100\n|-damage|p2a: Ursaluna|0 fnt|[from] item: Rocky Helmet|[of] p1a: DA Feesh\n|faint|p2a: Ursaluna\n|\n|upkeep\n|\n|t:|1701146073\n|switch|p2a: Hatterene|Hatterene, F|1\/100\n|turn|17\n|\n|t:|1701146080\n|switch|p1a: Ribena|Ribombee, M, shiny|1\/100\n|-damage|p1a: Ribena|0 fnt|[from] Stealth Rock\n|faint|p1a: Ribena\n|move|p2a: Hatterene|Healing Wish|p2a: Hatterene\n|faint|p2a: Hatterene\n|\n|-fieldend|move: Trick Room\n|upkeep\n|\n|t:|1701146102\n|switch|p1a: Archie|Arceus|100\/100\n|switch|p2a: Calyrex|Calyrex-Ice|100\/100\n|-ability|p2a: Calyrex|As One\n|-ability|p2a: Calyrex|Unnerve\n|-damage|p1a: Archie|88\/100|[from] Stealth Rock\n|turn|18\n|\n|t:|1701146107\n|move|p1a: Archie|Taunt|p2a: Calyrex\n|-start|p2a: Calyrex|move: Taunt\n|cant|p2a: Calyrex|move: Taunt|Trick Room\n|\n|-heal|p1a: Archie|94\/100|[from] item: Leftovers\n|upkeep\n|turn|19\n|\n|t:|1701146117\n|switch|p1a: DA Feesh|Alomomola, F|98\/100\n|-damage|p1a: DA Feesh|86\/100|[from] Stealth Rock\n|switch|p2a: Basculegion|Basculegion, M, shiny|75\/100\n|-heal|p2a: Basculegion|100\/100|[from] move: Healing Wish\n|\n|upkeep\n|turn|20\n|\n|t:|1701146123\n|move|p1a: DA Feesh|Flip Turn|p2a: Basculegion\n|-resisted|p2a: Basculegion\n|-damage|p2a: Basculegion|92\/100\n|\n|t:|1701146127\n|switch|p1a: Archie|Arceus|94\/100|[from] Flip Turn\n|-damage|p1a: Archie|82\/100|[from] Stealth Rock\n|move|p2a: Basculegion|Last Respects|p1a: Archie\n|-immune|p1a: Archie\n|\n|-heal|p1a: Archie|88\/100|[from] item: Leftovers\n|upkeep\n|turn|21\n|\n|t:|1701146131\n|switch|p1a: DA Feesh|Alomomola, F|100\/100\n|-damage|p1a: DA Feesh|88\/100|[from] Stealth Rock\n|move|p2a: Basculegion|Last Respects|p1a: DA Feesh\n|-damage|p1a: DA Feesh|0 fnt\n|faint|p1a: DA Feesh\n|\n|upkeep\n|\n|t:|1701146138\n|switch|p1a: Tina|Giratina-Origin, tera:Ghost|21\/100\n|-damage|p1a: Tina|8\/100|[from] Stealth Rock\n|turn|22\n|\n|t:|1701146148\n|move|p1a: Tina|Poltergeist|p2a: Basculegion\n|-activate|p2a: Basculegion|move: Poltergeist|Choice Band\n|-supereffective|p2a: Basculegion\n|-damage|p2a: Basculegion|0 fnt\n|faint|p2a: Basculegion\n|\n|upkeep\n|\n|t:|1701146150\n|switch|p2a: Calyrex|Calyrex-Ice|100\/100\n|-ability|p2a: Calyrex|As One\n|-ability|p2a: Calyrex|Unnerve\n|turn|23\n|\n|t:|1701146153\n|-terastallize|p2a: Calyrex|Fire\n|move|p1a: Tina|Poltergeist|p2a: Calyrex\n|-activate|p2a: Calyrex|move: Poltergeist|Heavy-Duty Boots\n|-damage|p2a: Calyrex|48\/100\n|move|p2a: Calyrex|Trick Room|p2a: Calyrex\n|-fieldstart|move: Trick Room|[of] p2a: Calyrex\n|\n|upkeep\n|turn|24\n|\n|t:|1701146167\n|move|p1a: Tina|Shadow Sneak|p2a: Calyrex\n|-damage|p2a: Calyrex|28\/100\n|move|p2a: Calyrex|Glacial Lance|p1a: Tina\n|-damage|p1a: Tina|0 fnt\n|faint|p1a: Tina\n|-ability|p2a: Calyrex|Chilling Neigh|boost\n|-boost|p2a: Calyrex|atk|1\n|\n|upkeep\n|\n|t:|1701146172\n|switch|p1a: Archie|Arceus|88\/100\n|-damage|p1a: Archie|76\/100|[from] Stealth Rock\n|turn|25\n|\n|t:|1701146186\n|move|p2a: Calyrex|Glacial Lance|p1a: Archie\n|-damage|p1a: Archie|0 fnt\n|faint|p1a: Archie\n|-ability|p2a: Calyrex|Chilling Neigh|boost\n|-boost|p2a: Calyrex|atk|1\n|\n|upkeep\n|-message|moero forfeited.\n|\n|win|WARIOROFLIBERATION\n|raw|moero's rating: 1519 &rarr; <strong>1499<\/strong><br \/>(-20 for losing)\n|raw|WARIOROFLIBERATION's rating: 1524 &rarr; <strong>1544<\/strong><br \/>(+20 for winning)\n|l|\u2606moero\n","uploadtime":1701146197,"views":1,"p1id":"moero","p2id":"wariorofliberation","formatid":"gen9ubers","rating":1499,"private":0,"password":""}