{"id":"gen9ubers-1994021464","p1":"Paulikiky20","p2":"Ergolito","format":"[Gen 9] Ubers","log":"|j|\u2606Paulikiky20\n|j|\u2606Ergolito\n|t:|1700395054\n|gametype|singles\n|player|p1|Paulikiky20|hilda|\n|player|p2|Ergolito|benga|\n|teamsize|p1|6\n|teamsize|p2|6\n|gen|9\n|tier|[Gen 9] Ubers\n|rule|Sleep Clause Mod: Limit one foe put to sleep\n|rule|Species Clause: Limit one of each Pok\u00e9mon\n|rule|OHKO Clause: OHKO moves are banned\n|rule|Evasion Items Clause: Evasion items are banned\n|rule|Evasion Moves Clause: Evasion moves are banned\n|rule|Endless Battle Clause: Forcing endless battles is banned\n|rule|HP Percentage Mod: HP is shown in percentages\n|clearpoke\n|poke|p1|Dragonite, M|\n|poke|p1|Espeon, M|\n|poke|p1|Meowscarada, M|\n|poke|p1|Blissey, F|\n|poke|p1|Glimmora, M|\n|poke|p1|Hatterene, F|\n|poke|p2|Bronzong|\n|poke|p2|Muk, F|\n|poke|p2|Enamorus, F|\n|poke|p2|Milotic, F|\n|poke|p2|Annihilape, M|\n|poke|p2|Ursaluna-Bloodmoon, M|\n|teampreview\n|inactive|Battle timer is ON: inactive players will automatically lose when time's up. (requested by Ergolito)\n|inactiveoff|Battle timer is now OFF.\n|\n|t:|1700395087\n|start\n|switch|p1a: Glimmora|Glimmora, M|100\/100\n|switch|p2a: Mocardo|Muk, F|100\/100\n|turn|1\n|j| balutalol\n|j| Zapatillazo34\n|\n|t:|1700395097\n|move|p1a: Glimmora|Stealth Rock|p2a: Mocardo\n|-sidestart|p2: Ergolito|move: Stealth Rock\n|move|p2a: Mocardo|Toxic Spikes|p1a: Glimmora\n|-sidestart|p1: Paulikiky20|move: Toxic Spikes\n|\n|upkeep\n|turn|2\n|\n|t:|1700395103\n|move|p1a: Glimmora|Mortal Spin|p2a: Mocardo\n|-resisted|p2a: Mocardo\n|-damage|p2a: Mocardo|98\/100\n|-sideend|p1: Paulikiky20|Toxic Spikes|[from] move: Mortal Spin|[of] p1a: Glimmora\n|move|p2a: Mocardo|Toxic Spikes|p1a: Glimmora\n|-sidestart|p1: Paulikiky20|move: Toxic Spikes\n|\n|-heal|p2a: Mocardo|100\/100|[from] item: Leftovers\n|upkeep\n|turn|3\n|\n|t:|1700395113\n|move|p1a: Glimmora|Earth Power|p2a: Mocardo\n|-supereffective|p2a: Mocardo\n|-damage|p2a: Mocardo|63\/100\n|move|p2a: Mocardo|Drain Punch|p1a: Glimmora\n|-damage|p1a: Glimmora|80\/100\n|-heal|p2a: Mocardo|71\/100|[from] drain|[of] p1a: Glimmora\n|-activate|p1a: Glimmora|ability: Toxic Debris\n|-sidestart|p2: Ergolito|move: Toxic Spikes\n|\n|-heal|p2a: Mocardo|77\/100|[from] item: Leftovers\n|upkeep\n|turn|4\n|j| gosensia\n|\n|t:|1700395126\n|move|p1a: Glimmora|Mortal Spin|p2a: Mocardo\n|-resisted|p2a: Mocardo\n|-damage|p2a: Mocardo|74\/100\n|-sideend|p1: Paulikiky20|Toxic Spikes|[from] move: Mortal Spin|[of] p1a: Glimmora\n|move|p2a: Mocardo|Drain Punch|p1a: Glimmora\n|-damage|p1a: Glimmora|59\/100\n|-heal|p2a: Mocardo|82\/100|[from] drain|[of] p1a: Glimmora\n|-activate|p1a: Glimmora|ability: Toxic Debris\n|-sidestart|p2: Ergolito|move: Toxic Spikes\n|\n|-heal|p2a: Mocardo|88\/100|[from] item: Leftovers\n|upkeep\n|turn|5\n|c| balutalol|ola\n|c| Zapatillazo34|Ola\n|\n|t:|1700395140\n|switch|p1a: Hatterene|Hatterene, F|100\/100\n|move|p2a: Mocardo|Drain Punch|p1a: Hatterene\n|-resisted|p1a: Hatterene\n|-damage|p1a: Hatterene|97\/100\n|-heal|p2a: Mocardo|89\/100|[from] drain|[of] p1a: Hatterene\n|\n|-heal|p2a: Mocardo|95\/100|[from] item: Leftovers\n|-heal|p1a: Hatterene|100\/100|[from] item: Leftovers\n|upkeep\n|turn|6\n|c| gosensia|ola\n|c| balutalol|mejor me callo\n|c| Zapatillazo34|Shh\n|c| gosensia|no\n|\n|t:|1700395155\n|move|p2a: Mocardo|Toxic Spikes|p1a: Hatterene\n|move|p1a: Hatterene|Toxic Spikes||[from]ability: Magic Bounce|[still]\n|-fail|p1a: Hatterene\n|move|p1a: Hatterene|Calm Mind|p1a: Hatterene\n|-boost|p1a: Hatterene|spa|1\n|-boost|p1a: Hatterene|spd|1\n|\n|-heal|p2a: Mocardo|100\/100|[from] item: Leftovers\n|upkeep\n|turn|7\n|c| Zapatillazo34|Let them Cook\n|\n|t:|1700395168\n|move|p2a: Mocardo|Poison Jab|p1a: Hatterene\n|-supereffective|p1a: Hatterene\n|-damage|p1a: Hatterene|53\/100\n|move|p1a: Hatterene|Psyshock|p2a: Mocardo\n|-supereffective|p2a: Mocardo\n|-damage|p2a: Mocardo|0 fnt\n|faint|p2a: Mocardo\n|\n|-heal|p1a: Hatterene|59\/100|[from] item: Leftovers\n|upkeep\n|\n|t:|1700395189\n|switch|p2a: Ding Dong|Bronzong|100\/100\n|-damage|p2a: Ding Dong|94\/100|[from] Stealth Rock\n|turn|8\n|\n|t:|1700395198\n|-terastallize|p2a: Ding Dong|Electric\n|move|p1a: Hatterene|Mystical Fire|p2a: Ding Dong\n|-damage|p2a: Ding Dong|73\/100\n|-unboost|p2a: Ding Dong|spa|1\n|move|p2a: Ding Dong|Body Slam|p1a: Hatterene\n|-damage|p1a: Hatterene|45\/100\n|\n|-heal|p1a: Hatterene|51\/100|[from] item: Leftovers\n|-heal|p2a: Ding Dong|79\/100|[from] item: Leftovers\n|upkeep\n|turn|9\n|\n|t:|1700395218\n|move|p1a: Hatterene|Draining Kiss|p2a: Ding Dong\n|-damage|p2a: Ding Dong|57\/100\n|-heal|p1a: Hatterene|69\/100|[from] drain|[of] p2a: Ding Dong\n|move|p2a: Ding Dong|Hypnosis|p1a: Hatterene\n|move|p1a: Hatterene|Hypnosis|p2a: Ding Dong|[from]ability: Magic Bounce\n|-status|p2a: Ding Dong|slp|[from] move: Hypnosis\n|\n|-heal|p1a: Hatterene|75\/100|[from] item: Leftovers\n|-heal|p2a: Ding Dong|63\/100 slp|[from] item: Leftovers\n|upkeep\n|turn|10\n|j| blanca paloma 12\n|c| blanca paloma 12|Ea Ea\n|c| blanca paloma 12|Paula a dar putasos\n|\n|t:|1700395237\n|move|p1a: Hatterene|Draining Kiss|p2a: Ding Dong\n|-damage|p2a: Ding Dong|41\/100 slp\n|-heal|p1a: Hatterene|92\/100|[from] drain|[of] p2a: Ding Dong\n|cant|p2a: Ding Dong|slp\n|\n|-heal|p1a: Hatterene|98\/100|[from] item: Leftovers\n|-heal|p2a: Ding Dong|48\/100 slp|[from] item: Leftovers\n|upkeep\n|turn|11\n|j| Great_Eon\n|\n|t:|1700395257\n|move|p1a: Hatterene|Psyshock|p2a: Ding Dong\n|-damage|p2a: Ding Dong|0 fnt\n|faint|p2a: Ding Dong\n|\n|-heal|p1a: Hatterene|100\/100|[from] item: Leftovers\n|upkeep\n|c| Great_Eon|Hoal\n|\n|t:|1700395265\n|switch|p2a: Arizona|Enamorus, F|100\/100\n|-damage|p2a: Arizona|76\/100|[from] Stealth Rock\n|turn|12\n|\n|t:|1700395273\n|move|p2a: Arizona|Mystical Fire|p1a: Hatterene\n|-damage|p1a: Hatterene|71\/100\n|-unboost|p1a: Hatterene|spa|1\n|move|p1a: Hatterene|Psyshock|p2a: Arizona\n|-damage|p2a: Arizona|23\/100\n|\n|-heal|p1a: Hatterene|77\/100|[from] item: Leftovers\n|upkeep\n|turn|13\n|\n|t:|1700395287\n|move|p2a: Arizona|Mystical Fire|p1a: Hatterene\n|-damage|p1a: Hatterene|46\/100\n|-unboost|p1a: Hatterene|spa|1\n|move|p1a: Hatterene|Mystical Fire|p2a: Arizona\n|-damage|p2a: Arizona|1\/100\n|-boost|p2a: Arizona|spa|1\n|\n|-heal|p1a: Hatterene|52\/100|[from] item: Leftovers\n|upkeep\n|turn|14\n|\n|t:|1700395300\n|move|p2a: Arizona|Mystical Fire|p1a: Hatterene\n|-damage|p1a: Hatterene|7\/100\n|-unboost|p1a: Hatterene|spa|1\n|move|p1a: Hatterene|Psyshock|p2a: Arizona\n|-damage|p2a: Arizona|0 fnt\n|faint|p2a: Arizona\n|\n|-heal|p1a: Hatterene|13\/100|[from] item: Leftovers\n|upkeep\n|\n|t:|1700395311\n|switch|p2a: Cerdito gominola|Annihilape, M|100\/100\n|-damage|p2a: Cerdito gominola|94\/100|[from] Stealth Rock\n|-status|p2a: Cerdito gominola|tox\n|turn|15\n|\n|t:|1700395320\n|move|p2a: Cerdito gominola|Rage Fist|p1a: Hatterene\n|-supereffective|p1a: Hatterene\n|-damage|p1a: Hatterene|0 fnt\n|faint|p1a: Hatterene\n|\n|-damage|p2a: Cerdito gominola|88\/100 tox|[from] psn\n|upkeep\n|\n|t:|1700395340\n|switch|p1a: Dragonite|Dragonite, M|100\/100\n|turn|16\n|\n|t:|1700395347\n|move|p1a: Dragonite|Fire Punch|p2a: Cerdito gominola\n|-damage|p2a: Cerdito gominola|44\/100 tox\n|move|p2a: Cerdito gominola|Bulk Up|p2a: Cerdito gominola\n|-boost|p2a: Cerdito gominola|atk|1\n|-boost|p2a: Cerdito gominola|def|1\n|\n|-damage|p2a: Cerdito gominola|32\/100 tox|[from] psn\n|upkeep\n|turn|17\n|\n|t:|1700395357\n|move|p1a: Dragonite|Fire Punch|p2a: Cerdito gominola\n|-damage|p2a: Cerdito gominola|4\/100 tox\n|move|p2a: Cerdito gominola|Rage Fist|p1a: Dragonite\n|-damage|p1a: Dragonite|52\/100\n|\n|-damage|p2a: Cerdito gominola|0 fnt|[from] psn\n|faint|p2a: Cerdito gominola\n|upkeep\n|\n|t:|1700395366\n|switch|p2a: Pardoloco|Ursaluna-Bloodmoon, M|100\/100\n|-damage|p2a: Pardoloco|95\/100|[from] Stealth Rock\n|-status|p2a: Pardoloco|tox\n|turn|18\n|\n|t:|1700395375\n|move|p1a: Dragonite|Fire Punch|p2a: Pardoloco\n|-damage|p2a: Pardoloco|60\/100 tox\n|move|p2a: Pardoloco|Calm Mind|p2a: Pardoloco\n|-boost|p2a: Pardoloco|spa|1\n|-boost|p2a: Pardoloco|spd|1\n|\n|-heal|p2a: Pardoloco|66\/100 tox|[from] item: Leftovers\n|-damage|p2a: Pardoloco|60\/100 tox|[from] psn\n|upkeep\n|turn|19\n|\n|t:|1700395385\n|switch|p1a: Blissey|Blissey, F|100\/100\n|move|p2a: Pardoloco|Blood Moon|p1a: Blissey\n|-damage|p1a: Blissey|62\/100\n|\n|-heal|p2a: Pardoloco|66\/100 tox|[from] item: Leftovers\n|-damage|p2a: Pardoloco|54\/100 tox|[from] psn\n|upkeep\n|turn|20\n|\n|t:|1700395397\n|move|p2a: Pardoloco|Moonlight|p2a: Pardoloco\n|-heal|p2a: Pardoloco|100\/100 tox\n|move|p1a: Blissey|Soft-Boiled|p1a: Blissey\n|-heal|p1a: Blissey|100\/100\n|\n|-damage|p2a: Pardoloco|83\/100 tox|[from] psn\n|upkeep\n|turn|21\n|c| balutalol|mamaperra\n|\n|t:|1700395409\n|switch|p2a: Violet|Milotic, F|100\/100\n|-damage|p2a: Violet|88\/100|[from] Stealth Rock\n|-status|p2a: Violet|tox\n|move|p1a: Blissey|Seismic Toss|p2a: Violet\n|-damage|p2a: Violet|63\/100 tox\n|\n|-heal|p2a: Violet|69\/100 tox|[from] item: Leftovers\n|-damage|p2a: Violet|63\/100 tox|[from] psn\n|upkeep\n|turn|22\n|\n|t:|1700395424\n|move|p2a: Violet|Scald|p1a: Blissey\n|-damage|p1a: Blissey|93\/100\n|move|p1a: Blissey|Seismic Toss|p2a: Violet\n|-damage|p2a: Violet|37\/100 tox\n|\n|-heal|p2a: Violet|43\/100 tox|[from] item: Leftovers\n|-damage|p2a: Violet|31\/100 tox|[from] psn\n|upkeep\n|turn|23\n|\n|t:|1700395438\n|move|p2a: Violet|Recover|p2a: Violet\n|-heal|p2a: Violet|81\/100 tox\n|move|p1a: Blissey|Seismic Toss|p2a: Violet\n|-damage|p2a: Violet|56\/100 tox\n|\n|-heal|p2a: Violet|62\/100 tox|[from] item: Leftovers\n|-damage|p2a: Violet|44\/100 tox|[from] psn\n|upkeep\n|turn|24\n|\n|t:|1700395457\n|move|p2a: Violet|Scald|p1a: Blissey\n|-damage|p1a: Blissey|83\/100\n|move|p1a: Blissey|Seismic Toss|p2a: Violet\n|-damage|p2a: Violet|18\/100 tox\n|\n|-heal|p2a: Violet|24\/100 tox|[from] item: Leftovers\n|-damage|p2a: Violet|0 fnt|[from] psn\n|faint|p2a: Violet\n|upkeep\n|\n|t:|1700395468\n|switch|p2a: Pardoloco|Ursaluna-Bloodmoon, M|83\/100 tox\n|-damage|p2a: Pardoloco|77\/100 tox|[from] Stealth Rock\n|turn|25\n|\n|t:|1700395478\n|move|p2a: Pardoloco|Calm Mind|p2a: Pardoloco\n|-boost|p2a: Pardoloco|spa|1\n|-boost|p2a: Pardoloco|spd|1\n|move|p1a: Blissey|Seismic Toss|p2a: Pardoloco\n|-damage|p2a: Pardoloco|49\/100 tox\n|\n|-heal|p2a: Pardoloco|55\/100 tox|[from] item: Leftovers\n|-damage|p2a: Pardoloco|49\/100 tox|[from] psn\n|upkeep\n|turn|26\n|\n|t:|1700395493\n|move|p2a: Pardoloco|Blood Moon|p1a: Blissey\n|-damage|p1a: Blissey|42\/100\n|move|p1a: Blissey|Soft-Boiled|p1a: Blissey\n|-heal|p1a: Blissey|92\/100\n|\n|-heal|p2a: Pardoloco|55\/100 tox|[from] item: Leftovers\n|-damage|p2a: Pardoloco|43\/100 tox|[from] psn\n|upkeep\n|turn|27\n|\n|t:|1700395505\n|move|p2a: Pardoloco|Earth Power|p1a: Blissey\n|-damage|p1a: Blissey|69\/100\n|move|p1a: Blissey|Seismic Toss|p2a: Pardoloco\n|-damage|p2a: Pardoloco|16\/100 tox\n|\n|-heal|p2a: Pardoloco|22\/100 tox|[from] item: Leftovers\n|-damage|p2a: Pardoloco|4\/100 tox|[from] psn\n|upkeep\n|turn|28\n|\n|t:|1700395515\n|move|p2a: Pardoloco|Blood Moon|p1a: Blissey\n|-damage|p1a: Blissey|35\/100\n|move|p1a: Blissey|Seismic Toss|p2a: Pardoloco\n|-damage|p2a: Pardoloco|0 fnt\n|faint|p2a: Pardoloco\n|\n|win|Paulikiky20\n|c| balutalol|gg\n|c| gosensia|gg\n|l|\u2606Ergolito\n|c| Great_Eon|gg\n|l| gosensia\n|l| blanca paloma 12\n|l| Zapatillazo34\n|l|\u2606Paulikiky20\n|j| Zapatillazo34\n|l| Zapatillazo34\n","uploadtime":1700395724,"views":10,"p1id":"paulikiky20","p2id":"ergolito","formatid":"gen9ubers","rating":0,"private":0,"password":""}