{"id":"gen9ubers-1986153732","p1":"Ind0mitable Will","p2":"WormStepper","format":"[Gen 9] Ubers","log":"|j|\u2606Ind0mitable Will\n|j|\u2606WormStepper\n|t:|1699455273\n|gametype|singles\n|player|p1|Ind0mitable Will|irida|1163\n|player|p2|WormStepper|drayden|1312\n|teamsize|p1|6\n|teamsize|p2|6\n|gen|9\n|tier|[Gen 9] Ubers\n|rated|\n|rule|Sleep Clause Mod: Limit one foe put to sleep\n|rule|Species Clause: Limit one of each Pok\u00e9mon\n|rule|OHKO Clause: OHKO moves are banned\n|rule|Evasion Items Clause: Evasion items are banned\n|rule|Evasion Moves Clause: Evasion moves are banned\n|rule|Endless Battle Clause: Forcing endless battles is banned\n|rule|HP Percentage Mod: HP is shown in percentages\n|clearpoke\n|poke|p1|Coalossal, F|\n|poke|p1|Garchomp, F|\n|poke|p1|Scizor, M|\n|poke|p1|Darkrai|\n|poke|p1|Sneasler, M|\n|poke|p1|Florges, F|\n|poke|p2|Urshifu-*, F|\n|poke|p2|Kyogre|\n|poke|p2|Ribombee, M|\n|poke|p2|Giratina-Origin|\n|poke|p2|Flutter Mane|\n|poke|p2|Koraidon|\n|teampreview\n|inactive|Battle timer is ON: inactive players will automatically lose when time's up. (requested by WormStepper)\n|\n|t:|1699455293\n|start\n|switch|p1a: Scizor|Scizor, M|100\/100\n|switch|p2a: Ribombee|Ribombee, M|100\/100\n|turn|1\n|\n|t:|1699455298\n|move|p1a: Scizor|Bullet Punch|p2a: Ribombee\n|-supereffective|p2a: Ribombee\n|-enditem|p2a: Ribombee|Focus Sash\n|-damage|p2a: Ribombee|1\/100\n|move|p2a: Ribombee|Sticky Web|p1a: Scizor\n|-sidestart|p1: Ind0mitable Will|move: Sticky Web\n|\n|upkeep\n|turn|2\n|\n|t:|1699455302\n|move|p2a: Ribombee|Stun Spore|p1a: Scizor\n|-status|p1a: Scizor|par\n|cant|p1a: Scizor|par\n|\n|upkeep\n|turn|3\n|\n|t:|1699455309\n|switch|p2a: Koraidon|Koraidon|100\/100\n|-weather|SunnyDay|[from] ability: Orichalcum Pulse|[of] p2a: Koraidon\n|-activate|p2a: Koraidon|Orichalcum Pulse|[source]\n|move|p1a: Scizor|Defog|p2a: Koraidon\n|-unboost|p2a: Koraidon|evasion|1\n|-sideend|p1: Ind0mitable Will|Sticky Web|[from] move: Defog|[of] p1a: Scizor\n|\n|-weather|SunnyDay|[upkeep]\n|upkeep\n|turn|4\n|\n|t:|1699455314\n|switch|p1a: Garchomp|Garchomp, F|100\/100\n|move|p2a: Koraidon|Flare Blitz|p1a: Garchomp\n|-resisted|p1a: Garchomp\n|-damage|p1a: Garchomp|57\/100\n|-damage|p2a: Koraidon|88\/100|[from] ability: Rough Skin|[of] p1a: Garchomp\n|-damage|p2a: Koraidon|73\/100|[from] Recoil\n|\n|-weather|SunnyDay|[upkeep]\n|upkeep\n|turn|5\n|\n|t:|1699455320\n|switch|p2a: Ribombee|Ribombee, M|1\/100\n|switch|p1a: Florges|Florges, F|100\/100\n|\n|-weather|SunnyDay|[upkeep]\n|upkeep\n|turn|6\n|\n|t:|1699455324\n|switch|p1a: Scizor|Scizor, M|100\/100 par\n|move|p2a: Ribombee|Sticky Web|p1a: Scizor\n|-sidestart|p1: Ind0mitable Will|move: Sticky Web\n|\n|-weather|SunnyDay|[upkeep]\n|upkeep\n|turn|7\n|\n|t:|1699455333\n|switch|p2a: Koraidon|Koraidon|73\/100\n|-activate|p2a: Koraidon|ability: Orichalcum Pulse\n|cant|p1a: Scizor|par\n|\n|-weather|none\n|upkeep\n|turn|8\n|j| Itsmeheats\n|\n|t:|1699455339\n|switch|p1a: Coalossal|Coalossal, F|100\/100\n|-activate|p1a: Coalossal|move: Sticky Web\n|-unboost|p1a: Coalossal|spe|1\n|move|p2a: Koraidon|Collision Course|p1a: Coalossal\n|-supereffective|p1a: Coalossal\n|-damage|p1a: Coalossal|0 fnt\n|faint|p1a: Coalossal\n|\n|upkeep\n|\n|t:|1699455354\n|switch|p1a: Florges|Florges, F|100\/100\n|-activate|p1a: Florges|move: Sticky Web\n|-unboost|p1a: Florges|spe|1\n|turn|9\n|\n|t:|1699455357\n|switch|p2a: Ribombee|Ribombee, M|1\/100\n|move|p1a: Florges|Moonblast|p2a: Ribombee\n|-damage|p2a: Ribombee|0 fnt\n|faint|p2a: Ribombee\n|\n|upkeep\n|\n|t:|1699455361\n|switch|p2a: Kyogre|Kyogre|100\/100\n|-weather|RainDance|[from] ability: Drizzle|[of] p2a: Kyogre\n|turn|10\n|\n|t:|1699455365\n|move|p2a: Kyogre|Water Spout|p1a: Florges\n|-damage|p1a: Florges|0 fnt\n|faint|p1a: Florges\n|\n|-weather|RainDance|[upkeep]\n|upkeep\n|\n|t:|1699455368\n|switch|p1a: Scizor|Scizor, M|100\/100 par\n|-activate|p1a: Scizor|move: Sticky Web\n|-unboost|p1a: Scizor|spe|1\n|turn|11\n|\n|t:|1699455378\n|move|p2a: Kyogre|Water Spout|p1a: Scizor\n|-damage|p1a: Scizor|0 fnt\n|faint|p1a: Scizor\n|\n|-weather|RainDance|[upkeep]\n|upkeep\n|\n|t:|1699455384\n|switch|p1a: Darkrai|Darkrai|100\/100\n|turn|12\n|\n|t:|1699455387\n|move|p2a: Kyogre|Water Spout|p1a: Darkrai\n|-damage|p1a: Darkrai|0 fnt\n|faint|p1a: Darkrai\n|\n|-weather|RainDance|[upkeep]\n|upkeep\n|-message|Ind0mitable Will forfeited.\n|\n|win|WormStepper\n|raw|Ind0mitable Will's rating: 1163 &rarr; <strong>1148<\/strong><br \/>(-15 for losing)\n|raw|WormStepper's rating: 1312 &rarr; <strong>1324<\/strong><br \/>(+12 for winning)\n|l|\u2606Ind0mitable Will\n|c|\u2606WormStepper|scarf kyogre for the win\n","uploadtime":1699455407,"views":4,"p1id":"ind0mitablewill","p2id":"wormstepper","formatid":"gen9ubers","rating":1148,"private":0,"password":""}