{"id":"gen9ubers-1972995113","p1":"color971","p2":"MeteorAsh15","format":"[Gen 9] Ubers","log":"|j|\u2606color971\n|j|\u2606MeteorAsh15\n|t:|1697916527\n|gametype|singles\n|player|p1|color971|cynthia-gen4|1135\n|player|p2|MeteorAsh15|nate|1269\n|teamsize|p1|6\n|teamsize|p2|6\n|gen|9\n|tier|[Gen 9] Ubers\n|rated|\n|rule|Sleep Clause Mod: Limit one foe put to sleep\n|rule|Species Clause: Limit one of each Pok\u00e9mon\n|rule|OHKO Clause: OHKO moves are banned\n|rule|Evasion Items Clause: Evasion items are banned\n|rule|Evasion Moves Clause: Evasion moves are banned\n|rule|Endless Battle Clause: Forcing endless battles is banned\n|rule|HP Percentage Mod: HP is shown in percentages\n|clearpoke\n|poke|p1|Iron Bundle|\n|poke|p1|Baxcalibur, F|\n|poke|p1|Zacian-*|\n|poke|p1|Gliscor, F|\n|poke|p1|Dialga|\n|poke|p1|Miraidon|\n|poke|p2|Baxcalibur, F|\n|poke|p2|Ninetales-Alola, F|\n|poke|p2|Koraidon|\n|poke|p2|Zacian-*|\n|poke|p2|Tornadus, M|\n|poke|p2|Ribombee, F|\n|teampreview\n|inactive|Battle timer is ON: inactive players will automatically lose when time's up. (requested by MeteorAsh15)\n|\n|t:|1697916534\n|start\n|switch|p1a: Iron Bundle|Iron Bundle|100\/100\n|switch|p2a: Ribombee|Ribombee, F, shiny|100\/100\n|turn|1\n|\n|t:|1697916541\n|move|p1a: Iron Bundle|Flip Turn|p2a: Ribombee\n|-damage|p2a: Ribombee|71\/100\n|\n|t:|1697916549\n|-end|p1a: Iron Bundle|Quark Drive|[silent]\n|switch|p1a: Dialga|Dialga|100\/100|[from] Flip Turn\n|-ability|p1a: Dialga|Pressure\n|move|p2a: Ribombee|Sticky Web|p1a: Dialga\n|-sidestart|p1: color971|move: Sticky Web\n|\n|upkeep\n|turn|2\n|\n|t:|1697916557\n|move|p2a: Ribombee|Moonblast|p1a: Dialga\n|-damage|p1a: Dialga|62\/100\n|move|p1a: Dialga|Flash Cannon|p2a: Ribombee\n|-supereffective|p2a: Ribombee\n|-damage|p2a: Ribombee|0 fnt\n|faint|p2a: Ribombee\n|\n|upkeep\n|\n|t:|1697916574\n|switch|p2a: Koraidon|Koraidon|100\/100\n|-weather|SunnyDay|[from] ability: Orichalcum Pulse|[of] p2a: Koraidon\n|-activate|p2a: Koraidon|Orichalcum Pulse|[source]\n|turn|3\n|\n|t:|1697916582\n|move|p2a: Koraidon|Collision Course|p1a: Dialga\n|-supereffective|p1a: Dialga\n|-damage|p1a: Dialga|0 fnt\n|faint|p1a: Dialga\n|\n|-weather|SunnyDay|[upkeep]\n|upkeep\n|\n|t:|1697916587\n|switch|p1a: Gliscor|Gliscor, F|100\/100\n|turn|4\n|\n|t:|1697916593\n|move|p1a: Gliscor|Toxic|p2a: Koraidon\n|-status|p2a: Koraidon|tox\n|move|p2a: Koraidon|Dragon Tail|p1a: Gliscor\n|-damage|p1a: Gliscor|74\/100\n|drag|p1a: Iron Bundle|Iron Bundle|100\/100\n|-activate|p1a: Iron Bundle|move: Sticky Web\n|-unboost|p1a: Iron Bundle|spe|1\n|\n|-weather|SunnyDay|[upkeep]\n|-damage|p2a: Koraidon|94\/100 tox|[from] psn\n|upkeep\n|turn|5\n|inactive|color971 has 120 seconds left.\n|\n|t:|1697916648\n|move|p1a: Iron Bundle|Ice Beam|p2a: Koraidon\n|-supereffective|p2a: Koraidon\n|-damage|p2a: Koraidon|4\/100 tox\n|move|p2a: Koraidon|Collision Course|p1a: Iron Bundle\n|-supereffective|p1a: Iron Bundle\n|-damage|p1a: Iron Bundle|0 fnt\n|faint|p1a: Iron Bundle\n|-end|p1a: Iron Bundle|Quark Drive|[silent]\n|\n|-weather|SunnyDay|[upkeep]\n|-damage|p2a: Koraidon|0 fnt|[from] psn\n|faint|p2a: Koraidon\n|upkeep\n|inactive|color971 has 90 seconds left.\n|\n|t:|1697916674\n|switch|p1a: Miraidon|Miraidon|100\/100\n|switch|p2a: Tornadus|Tornadus, M, shiny|100\/100\n|-activate|p1a: Miraidon|move: Sticky Web\n|-unboost|p1a: Miraidon|spe|1\n|-fieldstart|move: Electric Terrain|[from] ability: Hadron Engine|[of] p1a: Miraidon\n|turn|6\n|inactive|color971 has 90 seconds left.\n|inactive|color971 has 60 seconds left.\n|\n|t:|1697916743\n|move|p2a: Tornadus|Tailwind|p2a: Tornadus\n|-sidestart|p2: MeteorAsh15|move: Tailwind\n|move|p1a: Miraidon|Substitute|p1a: Miraidon\n|-start|p1a: Miraidon|Substitute\n|-damage|p1a: Miraidon|76\/100\n|\n|-weather|SunnyDay|[upkeep]\n|upkeep\n|turn|7\n|\n|t:|1697916751\n|move|p2a: Tornadus|Bleakwind Storm|p1a: Miraidon\n|-resisted|p1a: Miraidon\n|-activate|p1a: Miraidon|move: Substitute|[damage]\n|move|p1a: Miraidon|Calm Mind|p1a: Miraidon\n|-boost|p1a: Miraidon|spa|1\n|-boost|p1a: Miraidon|spd|1\n|\n|-weather|none\n|upkeep\n|turn|8\n|\n|t:|1697916760\n|move|p2a: Tornadus|Heat Wave|p1a: Miraidon\n|-resisted|p1a: Miraidon\n|-end|p1a: Miraidon|Substitute\n|move|p1a: Miraidon|Calm Mind|p1a: Miraidon\n|-boost|p1a: Miraidon|spa|1\n|-boost|p1a: Miraidon|spd|1\n|\n|upkeep\n|turn|9\n|\n|t:|1697916768\n|move|p2a: Tornadus|Bleakwind Storm|p1a: Miraidon\n|-resisted|p1a: Miraidon\n|-damage|p1a: Miraidon|66\/100\n|-unboost|p1a: Miraidon|spe|1\n|move|p1a: Miraidon|Substitute|p1a: Miraidon\n|-start|p1a: Miraidon|Substitute\n|-damage|p1a: Miraidon|41\/100\n|\n|-sideend|p2: MeteorAsh15|move: Tailwind\n|upkeep\n|turn|10\n|\n|t:|1697916778\n|move|p2a: Tornadus|Heat Wave|p1a: Miraidon\n|-resisted|p1a: Miraidon\n|-activate|p1a: Miraidon|move: Substitute|[damage]\n|move|p1a: Miraidon|Parabolic Charge|p2a: Tornadus\n|-supereffective|p2a: Tornadus\n|-damage|p2a: Tornadus|0 fnt\n|-heal|p1a: Miraidon|85\/100|[from] drain|[of] p2a: Tornadus\n|faint|p2a: Tornadus\n|-damage|p1a: Miraidon|75\/100|[from] item: Life Orb\n|\n|-fieldend|move: Electric Terrain\n|upkeep\n|\n|t:|1697916797\n|switch|p2a: Ninetales|Ninetales-Alola, F|100\/100\n|-weather|Snow|[from] ability: Snow Warning|[of] p2a: Ninetales\n|turn|11\n|\n|t:|1697916811\n|move|p2a: Ninetales|Freeze-Dry|p1a: Miraidon\n|-supereffective|p1a: Miraidon\n|-end|p1a: Miraidon|Substitute\n|move|p1a: Miraidon|Parabolic Charge|p2a: Ninetales\n|-damage|p2a: Ninetales|0 fnt\n|-heal|p1a: Miraidon|100\/100|[from] drain|[of] p2a: Ninetales\n|faint|p2a: Ninetales\n|-damage|p1a: Miraidon|91\/100|[from] item: Life Orb\n|\n|-weather|Snow|[upkeep]\n|upkeep\n|\n|t:|1697916825\n|switch|p2a: Baxcalibur|Baxcalibur, F|100\/100\n|turn|12\n|inactive|color971 has 90 seconds left.\n|\n|t:|1697916834\n|move|p2a: Baxcalibur|Scale Shot|p1a: Miraidon\n|-supereffective|p1a: Miraidon\n|-damage|p1a: Miraidon|62\/100\n|-supereffective|p1a: Miraidon\n|-damage|p1a: Miraidon|35\/100\n|-supereffective|p1a: Miraidon\n|-damage|p1a: Miraidon|8\/100\n|-supereffective|p1a: Miraidon\n|-damage|p1a: Miraidon|0 fnt\n|faint|p1a: Miraidon\n|-hitcount|p1: Miraidon|4\n|-unboost|p2a: Baxcalibur|def|1\n|-boost|p2a: Baxcalibur|spe|1\n|\n|-weather|Snow|[upkeep]\n|upkeep\n|inactive|color971 has 90 seconds left.\n|\n|t:|1697916841\n|switch|p1a: Zacian|Zacian-Crowned|100\/100\n|-activate|p1a: Zacian|move: Sticky Web\n|-unboost|p1a: Zacian|spe|1\n|-ability|p1a: Zacian|Intrepid Sword|boost\n|-boost|p1a: Zacian|atk|1\n|turn|13\n|\n|t:|1697916853\n|-terastallize|p2a: Baxcalibur|Ground\n|move|p2a: Baxcalibur|Earthquake|p1a: Zacian\n|-supereffective|p1a: Zacian\n|-damage|p1a: Zacian|0 fnt\n|faint|p1a: Zacian\n|\n|-weather|Snow|[upkeep]\n|upkeep\n|\n|t:|1697916857\n|switch|p1a: Baxcalibur|Baxcalibur, F|100\/100\n|-activate|p1a: Baxcalibur|move: Sticky Web\n|-unboost|p1a: Baxcalibur|spe|1\n|turn|14\n|\n|t:|1697916865\n|move|p2a: Baxcalibur|Scale Shot|p1a: Baxcalibur\n|-supereffective|p1a: Baxcalibur\n|-crit|p1a: Baxcalibur\n|-damage|p1a: Baxcalibur|73\/100\n|-supereffective|p1a: Baxcalibur\n|-damage|p1a: Baxcalibur|55\/100\n|-supereffective|p1a: Baxcalibur\n|-damage|p1a: Baxcalibur|37\/100\n|-supereffective|p1a: Baxcalibur\n|-damage|p1a: Baxcalibur|19\/100\n|-supereffective|p1a: Baxcalibur\n|-damage|p1a: Baxcalibur|0 fnt\n|faint|p1a: Baxcalibur\n|-hitcount|p1: Baxcalibur|5\n|-unboost|p2a: Baxcalibur|def|1\n|-boost|p2a: Baxcalibur|spe|1\n|\n|-weather|Snow|[upkeep]\n|upkeep\n|\n|t:|1697916869\n|switch|p1a: Gliscor|Gliscor, F|74\/100\n|turn|15\n|\n|t:|1697916883\n|move|p1a: Gliscor|Protect|p1a: Gliscor\n|-singleturn|p1a: Gliscor|Protect\n|move|p2a: Baxcalibur|Icicle Spear|p1a: Gliscor\n|-activate|p1a: Gliscor|move: Protect\n|\n|-weather|none\n|-status|p1a: Gliscor|tox|[from] item: Toxic Orb\n|upkeep\n|turn|16\n|inactive|color971 has 120 seconds left.\n|inactive|color971 has 90 seconds left.\n|\n|t:|1697916938\n|-terastallize|p1a: Gliscor|Water\n|move|p2a: Baxcalibur|Icicle Spear|p1a: Gliscor\n|-resisted|p1a: Gliscor\n|-damage|p1a: Gliscor|69\/100 tox\n|-resisted|p1a: Gliscor\n|-damage|p1a: Gliscor|65\/100 tox\n|-resisted|p1a: Gliscor\n|-damage|p1a: Gliscor|61\/100 tox\n|-resisted|p1a: Gliscor\n|-damage|p1a: Gliscor|56\/100 tox\n|-hitcount|p1a: Gliscor|4\n|move|p1a: Gliscor|Toxic|p2a: Baxcalibur\n|-status|p2a: Baxcalibur|tox\n|\n|-damage|p2a: Baxcalibur|94\/100 tox|[from] psn\n|-heal|p1a: Gliscor|68\/100 tox|[from] ability: Poison Heal\n|upkeep\n|turn|17\n|\n|t:|1697916956\n|move|p1a: Gliscor|Protect|p1a: Gliscor\n|-singleturn|p1a: Gliscor|Protect\n|move|p2a: Baxcalibur|Scale Shot|p1a: Gliscor\n|-activate|p1a: Gliscor|move: Protect\n|\n|-damage|p2a: Baxcalibur|82\/100 tox|[from] psn\n|-heal|p1a: Gliscor|81\/100 tox|[from] ability: Poison Heal\n|upkeep\n|turn|18\n|\n|t:|1697916965\n|move|p2a: Baxcalibur|Scale Shot|p1a: Gliscor\n|-damage|p1a: Gliscor|71\/100 tox\n|-damage|p1a: Gliscor|61\/100 tox\n|-damage|p1a: Gliscor|51\/100 tox\n|-damage|p1a: Gliscor|42\/100 tox\n|-hitcount|p1a: Gliscor|4\n|-unboost|p2a: Baxcalibur|def|1\n|-boost|p2a: Baxcalibur|spe|1\n|move|p1a: Gliscor|Earthquake|p2a: Baxcalibur\n|-crit|p2a: Baxcalibur\n|-damage|p2a: Baxcalibur|0 fnt\n|faint|p2a: Baxcalibur\n|\n|-heal|p1a: Gliscor|54\/100 tox|[from] ability: Poison Heal\n|upkeep\n|\n|t:|1697916981\n|switch|p2a: Zacian|Zacian-Crowned, shiny|100\/100\n|-ability|p2a: Zacian|Intrepid Sword|boost\n|-boost|p2a: Zacian|atk|1\n|turn|19\n|\n|t:|1697916986\n|move|p1a: Gliscor|Protect|p1a: Gliscor\n|-singleturn|p1a: Gliscor|Protect\n|move|p2a: Zacian|Play Rough|p1a: Gliscor\n|-activate|p1a: Gliscor|move: Protect\n|\n|-heal|p1a: Gliscor|67\/100 tox|[from] ability: Poison Heal\n|upkeep\n|turn|20\n|\n|t:|1697916995\n|move|p2a: Zacian|Play Rough|p1a: Gliscor\n|-damage|p1a: Gliscor|17\/100 tox\n|move|p1a: Gliscor|Earthquake|p2a: Zacian\n|-supereffective|p2a: Zacian\n|-damage|p2a: Zacian|42\/100\n|\n|-heal|p1a: Gliscor|29\/100 tox|[from] ability: Poison Heal\n|upkeep\n|turn|21\n|\n|t:|1697917005\n|move|p1a: Gliscor|Protect|p1a: Gliscor\n|-singleturn|p1a: Gliscor|Protect\n|move|p2a: Zacian|Behemoth Blade|p1a: Gliscor\n|-activate|p1a: Gliscor|move: Protect\n|\n|-heal|p1a: Gliscor|41\/100 tox|[from] ability: Poison Heal\n|upkeep\n|turn|22\n|\n|t:|1697917014\n|move|p1a: Gliscor|Protect||[still]\n|-fail|p1a: Gliscor\n|move|p2a: Zacian|Play Rough|p1a: Gliscor\n|-damage|p1a: Gliscor|0 fnt\n|faint|p1a: Gliscor\n|\n|win|MeteorAsh15\n|raw|color971's rating: 1135 &rarr; <strong>1119<\/strong><br \/>(-16 for losing)\n|raw|MeteorAsh15's rating: 1269 &rarr; <strong>1285<\/strong><br \/>(+16 for winning)\n|l|\u2606color971\n","uploadtime":1697917025,"views":10,"p1id":"color971","p2id":"meteorash15","formatid":"gen9ubers","rating":1119,"private":0,"password":""}