{"id":"gen9ubers-1999496003","p1":"Nicolas2ewrefew","p2":"2ez4me u kno","format":"[Gen 9] Ubers","log":"|j|\u203dNicolas2ewrefew\n|j|\u26062ez4me u kno\n|t:|1701089007\n|gametype|singles\n|player|p1|Nicolas2ewrefew|2|1000\n|player|p2|2ez4me u kno|266|1064\n|teamsize|p1|6\n|teamsize|p2|6\n|gen|9\n|tier|[Gen 9] Ubers\n|rated|\n|rule|Sleep Clause Mod: Limit one foe put to sleep\n|rule|Species Clause: Limit one of each Pok\u00e9mon\n|rule|OHKO Clause: OHKO moves are banned\n|rule|Evasion Items Clause: Evasion items are banned\n|rule|Evasion Moves Clause: Evasion moves are banned\n|rule|Endless Battle Clause: Forcing endless battles is banned\n|rule|HP Percentage Mod: HP is shown in percentages\n|clearpoke\n|poke|p1|Rillaboom, M|\n|poke|p1|Ogerpon-Wellspring, F|\n|poke|p1|Sneasler, F|\n|poke|p1|Cinderace, F|\n|poke|p1|Garganacl, F|\n|poke|p1|Gliscor, F|\n|poke|p2|Arceus-Rock|\n|poke|p2|Zacian-*|\n|poke|p2|Darkrai|\n|poke|p2|Espathra, F|\n|poke|p2|Kyogre|\n|poke|p2|Shaymin-Sky|\n|teampreview\n|inactive|Battle timer is ON: inactive players will automatically lose when time's up. (requested by 2ez4me u kno)\n|\n|t:|1701089020\n|start\n|switch|p1a: Ogerpon|Ogerpon-Wellspring, F|100\/100\n|switch|p2a: Shaymin|Shaymin-Sky|100\/100\n|turn|1\n|\n|t:|1701089050\n|switch|p1a: Sneasler|Sneasler, F|100\/100\n|move|p2a: Shaymin|Seed Flare|p1a: Sneasler\n|-resisted|p1a: Sneasler\n|-damage|p1a: Sneasler|61\/100\n|-unboost|p1a: Sneasler|spd|2\n|\n|upkeep\n|turn|2\n|inactive|Nicolas2ewrefew has 120 seconds left.\n|\n|t:|1701089082\n|move|p2a: Shaymin|Air Slash|p1a: Sneasler\n|-supereffective|p1a: Sneasler\n|-damage|p1a: Sneasler|0 fnt\n|faint|p1a: Sneasler\n|\n|upkeep\n|\n|t:|1701089088\n|switch|p1a: Rillaboom|Rillaboom, M|100\/100\n|-fieldstart|move: Grassy Terrain|[from] ability: Grassy Surge|[of] p1a: Rillaboom\n|turn|3\n|\n|t:|1701089098\n|move|p2a: Shaymin|Air Slash|p1a: Rillaboom\n|-supereffective|p1a: Rillaboom\n|-damage|p1a: Rillaboom|0 fnt\n|faint|p1a: Rillaboom\n|\n|upkeep\n|\n|t:|1701089109\n|switch|p1a: Gliscor|Gliscor, F|100\/100\n|turn|4\n|\n|t:|1701089116\n|move|p2a: Shaymin|Seed Flare|p1a: Gliscor\n|-damage|p1a: Gliscor|38\/100\n|-unboost|p1a: Gliscor|spd|2\n|move|p1a: Gliscor|Toxic|p2a: Shaymin\n|-status|p2a: Shaymin|tox\n|\n|-damage|p2a: Shaymin|94\/100 tox|[from] psn\n|-status|p1a: Gliscor|tox|[from] item: Toxic Orb\n|upkeep\n|turn|5\n|\n|t:|1701089128\n|move|p1a: Gliscor|Protect|p1a: Gliscor\n|-singleturn|p1a: Gliscor|Protect\n|move|p2a: Shaymin|Seed Flare|p1a: Gliscor\n|-activate|p1a: Gliscor|move: Protect\n|\n|-heal|p2a: Shaymin|100\/100 tox|[from] item: Leftovers\n|-damage|p2a: Shaymin|88\/100 tox|[from] psn\n|-heal|p1a: Gliscor|50\/100 tox|[from] ability: Poison Heal\n|upkeep\n|turn|6\n|\n|t:|1701089144\n|move|p2a: Shaymin|Seed Flare|p1a: Gliscor|[miss]\n|-miss|p2a: Shaymin|p1a: Gliscor\n|move|p1a: Gliscor|U-turn|p2a: Shaymin\n|-damage|p2a: Shaymin|68\/100 tox\n|\n|t:|1701089158\n|switch|p1a: Garganacl|Garganacl, F|100\/100|[from] U-turn\n|\n|-heal|p2a: Shaymin|74\/100 tox|[from] item: Leftovers\n|-damage|p2a: Shaymin|55\/100 tox|[from] psn\n|upkeep\n|turn|7\n|\n|t:|1701089167\n|move|p2a: Shaymin|Seed Flare|p1a: Garganacl\n|-supereffective|p1a: Garganacl\n|-damage|p1a: Garganacl|0 fnt\n|faint|p1a: Garganacl\n|\n|-heal|p2a: Shaymin|62\/100 tox|[from] item: Leftovers\n|-damage|p2a: Shaymin|37\/100 tox|[from] psn\n|upkeep\n|-message|Nicolas2ewrefew forfeited.\n|\n|win|2ez4me u kno\n|raw|Nicolas2ewrefew's rating: 1000 &rarr; <strong>1000<\/strong><br \/>(+0 for losing)\n|raw|2ez4me u kno's rating: 1064 &rarr; <strong>1089<\/strong><br \/>(+25 for winning)\n|l|\u203dNicolas2ewrefew\n","uploadtime":1701089216,"views":2,"p1id":"nicolas2ewrefew","p2id":"2ez4meukno","formatid":"gen9ubers","rating":1000,"private":0,"password":""}