{"id":"gen9ubers-1979919899","p1":"xloo","p2":"kirkiee","format":"[Gen 9] Ubers","log":"|j|\u2606xloo\n|j|\u2606kirkiee\n|t:|1698729536\n|gametype|singles\n|player|p1|xloo|170|1030\n|player|p2|kirkiee|veteran|1000\n|teamsize|p1|6\n|teamsize|p2|6\n|gen|9\n|tier|[Gen 9] Ubers\n|rated|\n|rule|Sleep Clause Mod: Limit one foe put to sleep\n|rule|Species Clause: Limit one of each Pok\u00e9mon\n|rule|OHKO Clause: OHKO moves are banned\n|rule|Evasion Items Clause: Evasion items are banned\n|rule|Evasion Moves Clause: Evasion moves are banned\n|rule|Endless Battle Clause: Forcing endless battles is banned\n|rule|HP Percentage Mod: HP is shown in percentages\n|clearpoke\n|poke|p1|Koraidon|\n|poke|p1|Arceus-Fighting|\n|poke|p1|Ogerpon-Hearthflame, F|\n|poke|p1|Shaymin-Sky|\n|poke|p1|Kyogre|\n|poke|p1|Chien-Pao|\n|poke|p2|Gliscor, M|\n|poke|p2|Regieleki|\n|poke|p2|Hatterene, F|\n|poke|p2|Espathra, F|\n|poke|p2|Ogerpon-Wellspring, F|\n|poke|p2|Dondozo, M|\n|teampreview\n|\n|t:|1698729545\n|start\n|switch|p1a: Shaymin|Shaymin-Sky|100\/100\n|switch|p2a: Gliscor|Gliscor, M|100\/100\n|turn|1\n|\n|t:|1698729552\n|move|p1a: Shaymin|Leech Seed|p2a: Gliscor\n|-start|p2a: Gliscor|move: Leech Seed\n|move|p2a: Gliscor|Toxic Spikes|p1a: Shaymin\n|-sidestart|p1: xloo|move: Toxic Spikes\n|\n|-damage|p2a: Gliscor|88\/100|[from] Leech Seed|[of] p1a: Shaymin\n|-status|p2a: Gliscor|tox|[from] item: Toxic Orb\n|upkeep\n|turn|2\n|\n|t:|1698729563\n|move|p1a: Shaymin|Protect|p1a: Shaymin\n|-singleturn|p1a: Shaymin|Protect\n|move|p2a: Gliscor|Knock Off|p1a: Shaymin\n|-activate|p1a: Shaymin|move: Protect\n|\n|-damage|p2a: Gliscor|76\/100 tox|[from] Leech Seed|[of] p1a: Shaymin\n|-heal|p2a: Gliscor|88\/100 tox|[from] ability: Poison Heal\n|upkeep\n|turn|3\n|\n|t:|1698729571\n|move|p1a: Shaymin|Substitute|p1a: Shaymin\n|-start|p1a: Shaymin|Substitute\n|-damage|p1a: Shaymin|76\/100\n|move|p2a: Gliscor|Knock Off|p1a: Shaymin\n|-activate|p1a: Shaymin|move: Substitute|[damage]\n|\n|-heal|p1a: Shaymin|82\/100|[from] item: Leftovers\n|-damage|p2a: Gliscor|76\/100 tox|[from] Leech Seed|[of] p1a: Shaymin\n|-heal|p1a: Shaymin|95\/100|[silent]\n|-heal|p2a: Gliscor|88\/100 tox|[from] ability: Poison Heal\n|upkeep\n|turn|4\n|\n|t:|1698729586\n|move|p1a: Shaymin|Protect|p1a: Shaymin\n|-singleturn|p1a: Shaymin|Protect\n|move|p2a: Gliscor|Substitute|p2a: Gliscor\n|-start|p2a: Gliscor|Substitute\n|-damage|p2a: Gliscor|63\/100 tox\n|\n|-heal|p1a: Shaymin|100\/100|[from] item: Leftovers\n|-damage|p2a: Gliscor|51\/100 tox|[from] Leech Seed|[of] p1a: Shaymin\n|-heal|p2a: Gliscor|63\/100 tox|[from] ability: Poison Heal\n|upkeep\n|turn|5\n|\n|t:|1698729599\n|move|p1a: Shaymin|Protect||[still]\n|-fail|p1a: Shaymin\n|move|p2a: Gliscor|Knock Off|p1a: Shaymin\n|-end|p1a: Shaymin|Substitute\n|\n|-damage|p2a: Gliscor|51\/100 tox|[from] Leech Seed|[of] p1a: Shaymin\n|-heal|p2a: Gliscor|63\/100 tox|[from] ability: Poison Heal\n|upkeep\n|turn|6\n|\n|t:|1698729610\n|move|p1a: Shaymin|Play Rough|p2a: Gliscor\n|-activate|p2a: Gliscor|move: Substitute|[damage]\n|move|p2a: Gliscor|Knock Off|p1a: Shaymin\n|-damage|p1a: Shaymin|82\/100\n|-enditem|p1a: Shaymin|Leftovers|[from] move: Knock Off|[of] p2a: Gliscor\n|\n|-damage|p2a: Gliscor|51\/100 tox|[from] Leech Seed|[of] p1a: Shaymin\n|-heal|p1a: Shaymin|95\/100|[silent]\n|-heal|p2a: Gliscor|63\/100 tox|[from] ability: Poison Heal\n|upkeep\n|turn|7\n|\n|t:|1698729636\n|switch|p2a: Regieleki|Regieleki|100\/100\n|move|p1a: Shaymin|Play Rough|p2a: Regieleki\n|-damage|p2a: Regieleki|50\/100\n|\n|upkeep\n|turn|8\n|\n|t:|1698729645\n|move|p2a: Regieleki|Volt Switch|p1a: Shaymin\n|-damage|p1a: Shaymin|35\/100\n|\n|t:|1698729650\n|switch|p2a: Gliscor|Gliscor, M|63\/100 tox|[from] Volt Switch\n|move|p1a: Shaymin|Leech Seed|p2a: Gliscor\n|-start|p2a: Gliscor|move: Leech Seed\n|\n|-damage|p2a: Gliscor|51\/100 tox|[from] Leech Seed|[of] p1a: Shaymin\n|-heal|p1a: Shaymin|48\/100|[silent]\n|-heal|p2a: Gliscor|63\/100 tox|[from] ability: Poison Heal\n|upkeep\n|turn|9\n|\n|t:|1698729668\n|switch|p2a: Hatterene|Hatterene, F|100\/100\n|move|p1a: Shaymin|Protect||[still]\n|-fail|p1a: Shaymin\n|\n|upkeep\n|turn|10\n|\n|t:|1698729677\n|move|p1a: Shaymin|Leech Seed|p2a: Hatterene\n|move|p2a: Hatterene|Leech Seed|p1a: Shaymin|[from]ability: Magic Bounce\n|-immune|p1a: Shaymin\n|move|p2a: Hatterene|Calm Mind|p2a: Hatterene\n|-boost|p2a: Hatterene|spa|1\n|-boost|p2a: Hatterene|spd|1\n|\n|upkeep\n|turn|11\n|\n|t:|1698729689\n|switch|p2a: Gliscor|Gliscor, M|63\/100 tox\n|move|p1a: Shaymin|Play Rough|p2a: Gliscor|[miss]\n|-miss|p1a: Shaymin|p2a: Gliscor\n|\n|-heal|p2a: Gliscor|76\/100 tox|[from] ability: Poison Heal\n|upkeep\n|turn|12\n|\n|t:|1698729700\n|switch|p1a: chang can dunk|Chien-Pao|100\/100\n|-ability|p1a: chang can dunk|Sword of Ruin\n|move|p2a: Gliscor|Protect||[still]\n|-fail|p2a: Gliscor\n|\n|-heal|p2a: Gliscor|88\/100 tox|[from] ability: Poison Heal\n|upkeep\n|turn|13\n|\n|t:|1698729712\n|move|p1a: chang can dunk|Icicle Crash|p2a: Gliscor\n|-supereffective|p2a: Gliscor\n|-damage|p2a: Gliscor|0 fnt\n|faint|p2a: Gliscor\n|\n|upkeep\n|\n|t:|1698729721\n|switch|p2a: Hatterene|Hatterene, F|100\/100\n|turn|14\n|inactive|Battle timer is ON: inactive players will automatically lose when time's up. (requested by xloo)\n|\n|t:|1698729726\n|move|p1a: chang can dunk|Icicle Crash|p2a: Hatterene\n|-damage|p2a: Hatterene|25\/100\n|move|p2a: Hatterene|Trick|p1a: chang can dunk\n|-activate|p2a: Hatterene|move: Trick|[of] p1a: chang can dunk\n|-item|p1a: chang can dunk|Choice Scarf|[from] move: Trick\n|-item|p2a: Hatterene|Heavy-Duty Boots|[from] move: Trick\n|\n|upkeep\n|turn|15\n|\n|t:|1698729738\n|move|p2a: Hatterene|Protect|p2a: Hatterene\n|-singleturn|p2a: Hatterene|Protect\n|move|p1a: chang can dunk|Icicle Crash|p2a: Hatterene\n|-activate|p2a: Hatterene|move: Protect\n|\n|upkeep\n|turn|16\n|\n|t:|1698729748\n|switch|p2a: Espathra|Espathra, F|100\/100\n|move|p1a: chang can dunk|Icicle Crash|p2a: Espathra\n|-damage|p2a: Espathra|21\/100\n|\n|-heal|p2a: Espathra|27\/100|[from] item: Leftovers\n|upkeep\n|turn|17\n|\n|t:|1698729756\n|-terastallize|p1a: chang can dunk|Dark\n|move|p2a: Espathra|Protect|p2a: Espathra\n|-singleturn|p2a: Espathra|Protect\n|move|p1a: chang can dunk|Icicle Crash|p2a: Espathra\n|-activate|p2a: Espathra|move: Protect\n|\n|-heal|p2a: Espathra|34\/100|[from] item: Leftovers\n|-ability|p2a: Espathra|Speed Boost|boost\n|-boost|p2a: Espathra|spe|1\n|upkeep\n|turn|18\n|\n|t:|1698729776\n|switch|p2a: Dondozo|Dondozo, M|100\/100\n|move|p1a: chang can dunk|Icicle Crash|p2a: Dondozo\n|-resisted|p2a: Dondozo\n|-damage|p2a: Dondozo|87\/100\n|\n|-heal|p2a: Dondozo|94\/100|[from] item: Leftovers\n|upkeep\n|turn|19\n|\n|t:|1698729788\n|switch|p1a: dwaynejohnson|Kyogre|100\/100\n|-status|p1a: dwaynejohnson|psn\n|-weather|RainDance|[from] ability: Drizzle|[of] p1a: dwaynejohnson\n|switch|p2a: Espathra|Espathra, F|34\/100\n|\n|-weather|RainDance|[upkeep]\n|-heal|p2a: Espathra|40\/100|[from] item: Leftovers\n|-damage|p1a: dwaynejohnson|88\/100 psn|[from] psn\n|upkeep\n|turn|20\n|\n|t:|1698729816\n|switch|p2a: Ogerpon|Ogerpon-Wellspring, F|100\/100\n|move|p1a: dwaynejohnson|Water Spout|p2a: Ogerpon\n|-immune|p2a: Ogerpon|[from] ability: Water Absorb\n|\n|-weather|RainDance|[upkeep]\n|-damage|p1a: dwaynejohnson|76\/100 psn|[from] psn\n|upkeep\n|turn|21\n|\n|t:|1698729829\n|switch|p1a: Shaymin|Shaymin-Sky|48\/100\n|move|p2a: Ogerpon|Leech Seed|p1a: Shaymin\n|-immune|p1a: Shaymin\n|\n|-weather|RainDance|[upkeep]\n|upkeep\n|turn|22\n|\n|t:|1698729842\n|move|p1a: Shaymin|Leech Seed|p2a: Ogerpon\n|-immune|p2a: Ogerpon\n|move|p2a: Ogerpon|Knock Off|p1a: Shaymin\n|-damage|p1a: Shaymin|28\/100\n|\n|-weather|RainDance|[upkeep]\n|upkeep\n|turn|23\n|\n|t:|1698729855\n|move|p1a: Shaymin|Substitute|p1a: Shaymin\n|-start|p1a: Shaymin|Substitute\n|-damage|p1a: Shaymin|3\/100\n|move|p2a: Ogerpon|Knock Off|p1a: Shaymin\n|-activate|p1a: Shaymin|move: Substitute|[damage]\n|\n|-weather|none\n|upkeep\n|turn|24\n|\n|t:|1698729863\n|move|p2a: Ogerpon|Knock Off|p1a: Shaymin\n|-end|p1a: Shaymin|Substitute\n|move|p1a: Shaymin|Leech Seed|p2a: Ogerpon\n|-immune|p2a: Ogerpon\n|\n|upkeep\n|turn|25\n|\n|t:|1698729871\n|switch|p1a: chang can dunk|Chien-Pao, tera:Dark|100\/100\n|-status|p1a: chang can dunk|psn\n|-ability|p1a: chang can dunk|Sword of Ruin\n|move|p2a: Ogerpon|Knock Off|p1a: chang can dunk\n|-resisted|p1a: chang can dunk\n|-damage|p1a: chang can dunk|78\/100 psn\n|-enditem|p1a: chang can dunk|Choice Scarf|[from] move: Knock Off|[of] p2a: Ogerpon\n|\n|-damage|p1a: chang can dunk|65\/100 psn|[from] psn\n|upkeep\n|turn|26\n|\n|t:|1698729882\n|move|p2a: Ogerpon|Protect|p2a: Ogerpon\n|-singleturn|p2a: Ogerpon|Protect\n|move|p1a: chang can dunk|Icicle Crash|p2a: Ogerpon\n|-activate|p2a: Ogerpon|move: Protect\n|\n|-damage|p1a: chang can dunk|53\/100 psn|[from] psn\n|upkeep\n|turn|27\n|\n|t:|1698729889\n|switch|p2a: Dondozo|Dondozo, M|94\/100\n|move|p1a: chang can dunk|Icicle Crash|p2a: Dondozo\n|-resisted|p2a: Dondozo\n|-damage|p2a: Dondozo|80\/100\n|\n|-heal|p2a: Dondozo|86\/100|[from] item: Leftovers\n|-damage|p1a: chang can dunk|41\/100 psn|[from] psn\n|upkeep\n|turn|28\n|\n|t:|1698729899\n|switch|p1a: raywilliamjohnson|Arceus-Fighting|100\/100\n|-status|p1a: raywilliamjohnson|psn\n|move|p2a: Dondozo|Curse|p2a: Dondozo\n|-unboost|p2a: Dondozo|spe|1\n|-boost|p2a: Dondozo|atk|1\n|-boost|p2a: Dondozo|def|1\n|\n|-heal|p2a: Dondozo|93\/100|[from] item: Leftovers\n|-damage|p1a: raywilliamjohnson|88\/100 psn|[from] psn\n|upkeep\n|turn|29\n|\n|t:|1698729910\n|move|p1a: raywilliamjohnson|Calm Mind|p1a: raywilliamjohnson\n|-boost|p1a: raywilliamjohnson|spa|1\n|-boost|p1a: raywilliamjohnson|spd|1\n|move|p2a: Dondozo|Curse|p2a: Dondozo\n|-unboost|p2a: Dondozo|spe|1\n|-boost|p2a: Dondozo|atk|1\n|-boost|p2a: Dondozo|def|1\n|\n|-heal|p2a: Dondozo|99\/100|[from] item: Leftovers\n|-damage|p1a: raywilliamjohnson|76\/100 psn|[from] psn\n|upkeep\n|turn|30\n|\n|t:|1698729923\n|move|p1a: raywilliamjohnson|Calm Mind|p1a: raywilliamjohnson\n|-boost|p1a: raywilliamjohnson|spa|1\n|-boost|p1a: raywilliamjohnson|spd|1\n|move|p2a: Dondozo|Curse|p2a: Dondozo\n|-unboost|p2a: Dondozo|spe|1\n|-boost|p2a: Dondozo|atk|1\n|-boost|p2a: Dondozo|def|1\n|\n|-heal|p2a: Dondozo|100\/100|[from] item: Leftovers\n|-damage|p1a: raywilliamjohnson|63\/100 psn|[from] psn\n|upkeep\n|turn|31\n|\n|t:|1698729933\n|move|p1a: raywilliamjohnson|Judgment|p2a: Dondozo\n|-damage|p2a: Dondozo|44\/100\n|move|p2a: Dondozo|Body Press|p1a: raywilliamjohnson\n|-damage|p1a: raywilliamjohnson|7\/100 psn\n|\n|-heal|p2a: Dondozo|50\/100|[from] item: Leftovers\n|-damage|p1a: raywilliamjohnson|0 fnt|[from] psn\n|faint|p1a: raywilliamjohnson\n|upkeep\n|\n|t:|1698729942\n|switch|p1a: Koraidon|Koraidon|100\/100\n|-status|p1a: Koraidon|psn\n|-weather|SunnyDay|[from] ability: Orichalcum Pulse|[of] p1a: Koraidon\n|-activate|p1a: Koraidon|Orichalcum Pulse|[source]\n|turn|32\n|\n|t:|1698729951\n|move|p1a: Koraidon|Scale Shot|p2a: Dondozo\n|-damage|p2a: Dondozo|47\/100\n|-damage|p2a: Dondozo|44\/100\n|-damage|p2a: Dondozo|40\/100\n|-damage|p2a: Dondozo|36\/100\n|-hitcount|p2a: Dondozo|4\n|-unboost|p1a: Koraidon|def|1\n|-boost|p1a: Koraidon|spe|1\n|move|p2a: Dondozo|Rest|p2a: Dondozo\n|-status|p2a: Dondozo|slp|[from] move: Rest\n|-heal|p2a: Dondozo|100\/100 slp|[silent]\n|\n|-weather|SunnyDay|[upkeep]\n|-damage|p1a: Koraidon|88\/100 psn|[from] psn\n|upkeep\n|turn|33\n|\n|t:|1698729967\n|switch|p1a: John cena|Ogerpon-Hearthflame, F|100\/100\n|-status|p1a: John cena|psn\n|-ability|p1a: John cena|Mold Breaker\n|cant|p2a: Dondozo|slp\n|move|p2a: Dondozo|Sleep Talk|p2a: Dondozo\n|move|p2a: Dondozo|Curse|p2a: Dondozo|[from]move: Sleep Talk\n|-unboost|p2a: Dondozo|spe|1\n|-boost|p2a: Dondozo|atk|1\n|-boost|p2a: Dondozo|def|1\n|\n|-weather|SunnyDay|[upkeep]\n|-damage|p1a: John cena|88\/100 psn|[from] psn\n|upkeep\n|turn|34\n|\n|t:|1698729985\n|move|p1a: John cena|Swords Dance|p1a: John cena\n|-boost|p1a: John cena|atk|2\n|cant|p2a: Dondozo|slp\n|move|p2a: Dondozo|Sleep Talk|p2a: Dondozo\n|move|p2a: Dondozo|Curse|p2a: Dondozo|[from]move: Sleep Talk\n|-unboost|p2a: Dondozo|spe|1\n|-boost|p2a: Dondozo|atk|1\n|-boost|p2a: Dondozo|def|1\n|\n|-weather|SunnyDay|[upkeep]\n|-damage|p1a: John cena|76\/100 psn|[from] psn\n|upkeep\n|turn|35\n|\n|t:|1698729996\n|move|p1a: John cena|Horn Leech|p2a: Dondozo\n|-supereffective|p2a: Dondozo\n|-damage|p2a: Dondozo|79\/100 slp\n|-heal|p1a: John cena|94\/100 psn|[from] drain|[of] p2a: Dondozo\n|-curestatus|p2a: Dondozo|slp|[msg]\n|move|p2a: Dondozo|Body Press|p1a: John cena\n|-damage|p1a: John cena|0 fnt\n|faint|p1a: John cena\n|\n|-weather|SunnyDay|[upkeep]\n|-heal|p2a: Dondozo|85\/100|[from] item: Leftovers\n|upkeep\n|c|\u2606xloo|gg you sick fuck\n|-message|xloo forfeited.\n|\n|win|kirkiee\n|raw|xloo's rating: 1030 &rarr; <strong>1014<\/strong><br \/>(-16 for losing)\n|raw|kirkiee's rating: 1000 &rarr; <strong>1043<\/strong><br \/>(+43 for winning)\n","uploadtime":1698730009,"views":11,"p1id":"xloo","p2id":"kirkiee","formatid":"gen9ubers","rating":1014,"private":0,"password":""}