{"id":"gen9ubers-1984287624","p1":"XpokVEVO","p2":"Leo Justice","format":"[Gen 9] Ubers","log":"|j|\u2606XpokVEVO\n|j|\u2606Leo Justice\n|t:|1699239278\n|gametype|singles\n|player|p1|XpokVEVO|mustard|\n|player|p2|Leo Justice|carmine|\n|teamsize|p1|6\n|teamsize|p2|6\n|gen|9\n|tier|[Gen 9] Ubers\n|rule|Sleep Clause Mod: Limit one foe put to sleep\n|rule|Species Clause: Limit one of each Pok\u00e9mon\n|rule|OHKO Clause: OHKO moves are banned\n|rule|Evasion Items Clause: Evasion items are banned\n|rule|Evasion Moves Clause: Evasion moves are banned\n|rule|Endless Battle Clause: Forcing endless battles is banned\n|rule|HP Percentage Mod: HP is shown in percentages\n|clearpoke\n|poke|p1|Cyclizar, M|\n|poke|p1|Espathra, M|\n|poke|p1|Zacian-*|\n|poke|p1|Arceus-Fire|\n|poke|p1|Spectrier|\n|poke|p1|Roaring Moon|\n|poke|p2|Arceus-Fire|\n|poke|p2|Espathra, F|\n|poke|p2|Cyclizar, M|\n|poke|p2|Gholdengo|\n|poke|p2|Rillaboom, F|\n|poke|p2|Sneasler, F|\n|teampreview\n|inactive|Battle timer is ON: inactive players will automatically lose when time's up. (requested by XpokVEVO)\n|c|\u2606Leo Justice|No more mag?\n|inactive|XpokVEVO has 270 seconds left.\n|inactive|XpokVEVO has 240 seconds left.\n|c|\u2606XpokVEVO|no mroe mag\n|c|\u2606XpokVEVO|sorry i forgot for a sec\n|\n|t:|1699239351\n|start\n|switch|p1a: Akira|Cyclizar, M|100\/100\n|switch|p2a: Gholdengo|Gholdengo|100\/100\n|turn|1\n|\n|t:|1699239358\n|switch|p1a: Ar\u0441eus-Fighting|Arceus-Fire, shiny|100\/100\n|move|p2a: Gholdengo|Make It Rain|p1a: Ar\u0441eus-Fighting\n|-resisted|p1a: Ar\u0441eus-Fighting\n|-damage|p1a: Ar\u0441eus-Fighting|80\/100\n|-unboost|p2a: Gholdengo|spa|1\n|\n|upkeep\n|turn|2\n|\n|t:|1699239365\n|switch|p2a: Arceus|Arceus-Fire|100\/100\n|move|p1a: Ar\u0441eus-Fighting|Dragon Dance|p1a: Ar\u0441eus-Fighting\n|-boost|p1a: Ar\u0441eus-Fighting|atk|1\n|-boost|p1a: Ar\u0441eus-Fighting|spe|1\n|\n|upkeep\n|turn|3\n|\n|t:|1699239380\n|-terastallize|p1a: Ar\u0441eus-Fighting|Fairy\n|move|p1a: Ar\u0441eus-Fighting|Tera Blast|p2a: Arceus|[anim] Tera Blast Fairy\n|-resisted|p2a: Arceus\n|-damage|p2a: Arceus|76\/100\n|move|p2a: Arceus|Earthquake|p1a: Ar\u0441eus-Fighting\n|-damage|p1a: Ar\u0441eus-Fighting|56\/100\n|\n|upkeep\n|turn|4\n|\n|t:|1699239387\n|move|p2a: Arceus|Dragon Dance|p2a: Arceus\n|-boost|p2a: Arceus|atk|1\n|-boost|p2a: Arceus|spe|1\n|move|p1a: Ar\u0441eus-Fighting|Roar|p2a: Arceus\n|drag|p2a: Gholdengo|Gholdengo|100\/100\n|\n|upkeep\n|turn|5\n|\n|t:|1699239401\n|move|p2a: Gholdengo|Make It Rain|p1a: Ar\u0441eus-Fighting\n|-supereffective|p1a: Ar\u0441eus-Fighting\n|-damage|p1a: Ar\u0441eus-Fighting|0 fnt\n|-unboost|p2a: Gholdengo|spa|1\n|faint|p1a: Ar\u0441eus-Fighting\n|\n|upkeep\n|c|\u2606XpokVEVO|shucks\n|c|\u2606XpokVEVO|i was praying you thought of the outsped\n|c|\u2606XpokVEVO|i am 0 speed investment\n|\n|t:|1699239418\n|switch|p1a: Akira|Cyclizar, M|100\/100\n|turn|6\n|\n|t:|1699239422\n|move|p2a: Gholdengo|Make It Rain|p1a: Akira\n|-damage|p1a: Akira|41\/100\n|-unboost|p2a: Gholdengo|spa|1\n|move|p1a: Akira|Shed Tail|p1a: Akira\n|-fail|p1a: Akira|move: Shed Tail|[weak]\n|\n|upkeep\n|turn|7\n|c|\u2606XpokVEVO|oh yeah youre\n|c|\u2606XpokVEVO|scarfed\n|c|\u2606XpokVEVO|i forget\n|\n|t:|1699239435\n|switch|p1a: Roaring Peak|Roaring Moon|100\/100\n|-enditem|p1a: Roaring Peak|Booster Energy\n|-activate|p1a: Roaring Peak|ability: Protosynthesis|[fromitem]\n|-start|p1a: Roaring Peak|protosynthesisspe\n|move|p2a: Gholdengo|Make It Rain|p1a: Roaring Peak\n|-damage|p1a: Roaring Peak|70\/100\n|-unboost|p2a: Gholdengo|spa|1\n|\n|upkeep\n|turn|8\n|\n|t:|1699239447\n|switch|p2a: Arceus|Arceus-Fire|76\/100\n|move|p1a: Roaring Peak|Dragon Dance|p1a: Roaring Peak\n|-boost|p1a: Roaring Peak|atk|1\n|-boost|p1a: Roaring Peak|spe|1\n|\n|upkeep\n|turn|9\n|\n|t:|1699239455\n|move|p1a: Roaring Peak|Earthquake|p2a: Arceus\n|-supereffective|p2a: Arceus\n|-damage|p2a: Arceus|0 fnt\n|faint|p2a: Arceus\n|\n|upkeep\n|c|\u2606XpokVEVO|GOAT\n|\n|t:|1699239467\n|switch|p2a: Gholdengo|Gholdengo|100\/100\n|turn|10\n|\n|t:|1699239475\n|-terastallize|p2a: Gholdengo|Fairy\n|move|p1a: Roaring Peak|Knock Off|p2a: Gholdengo\n|-resisted|p2a: Gholdengo\n|-crit|p2a: Gholdengo\n|-damage|p2a: Gholdengo|30\/100\n|-enditem|p2a: Gholdengo|Choice Scarf|[from] move: Knock Off|[of] p1a: Roaring Peak\n|move|p2a: Gholdengo|Dazzling Gleam|p1a: Roaring Peak\n|-supereffective|p1a: Roaring Peak\n|-damage|p1a: Roaring Peak|0 fnt\n|faint|p1a: Roaring Peak\n|-end|p1a: Roaring Peak|Protosynthesis|[silent]\n|\n|upkeep\n|\n|t:|1699239484\n|switch|p1a: Akira|Cyclizar, M|74\/100\n|turn|11\n|\n|t:|1699239487\n|move|p1a: Akira|Shed Tail|p1a: Akira\n|-start|p1a: Akira|Substitute|[from] move: Shed Tail\n|-damage|p1a: Akira|24\/100\n|\n|t:|1699239489\n|switch|p1a: Spectrier|Spectrier|100\/100|[from] Shed Tail\n|move|p2a: Gholdengo|Dazzling Gleam|p1a: Spectrier\n|-end|p1a: Spectrier|Substitute\n|\n|upkeep\n|turn|12\n|\n|t:|1699239497\n|switch|p2a: Cyclizar|Cyclizar, M|100\/100\n|move|p1a: Spectrier|Draining Kiss|p2a: Cyclizar\n|-supereffective|p2a: Cyclizar\n|-damage|p2a: Cyclizar|32\/100\n|-damage|p1a: Spectrier|91\/100|[from] item: Life Orb\n|\n|upkeep\n|turn|13\n|c|\u2606XpokVEVO|COOK EM UP\n|c|\u2606XpokVEVO|GOATRIER\n|\n|t:|1699239507\n|switch|p2a: Rillaboom|Rillaboom, F|100\/100\n|-fieldstart|move: Grassy Terrain|[from] ability: Grassy Surge|[of] p2a: Rillaboom\n|move|p1a: Spectrier|Nasty Plot|p1a: Spectrier\n|-boost|p1a: Spectrier|spa|2\n|\n|-heal|p1a: Spectrier|97\/100|[from] Grassy Terrain\n|upkeep\n|turn|14\n|\n|t:|1699239515\n|move|p2a: Rillaboom|Grassy Glide|p1a: Spectrier\n|-damage|p1a: Spectrier|12\/100\n|move|p1a: Spectrier|Shadow Ball|p2a: Rillaboom\n|-damage|p2a: Rillaboom|0 fnt\n|faint|p2a: Rillaboom\n|-ability|p1a: Spectrier|Grim Neigh|boost\n|-boost|p1a: Spectrier|spa|1\n|-damage|p1a: Spectrier|3\/100|[from] item: Life Orb\n|\n|-heal|p1a: Spectrier|9\/100|[from] Grassy Terrain\n|upkeep\n|c|\u2606XpokVEVO|use your seed\n|c|\u2606XpokVEVO|grinch\n|c|\u2606XpokVEVO|you get stored powered\n|\n|t:|1699239526\n|switch|p2a: Espathra|Espathra, F|100\/100\n|-enditem|p2a: Espathra|Grassy Seed\n|-boost|p2a: Espathra|def|1|[from] item: Grassy Seed\n|turn|15\n|c|\u2606XpokVEVO|oh\n|c|\u2606XpokVEVO|well\n|c|\u2606XpokVEVO|im fucked\n|\n|t:|1699239544\n|switch|p1a: Princess|Zacian, shiny|100\/100\n|-ability|p1a: Princess|Intrepid Sword|boost\n|-boost|p1a: Princess|atk|1\n|move|p2a: Espathra|Protect||[still]\n|-fail|p2a: Espathra\n|\n|-ability|p2a: Espathra|Speed Boost|boost\n|-boost|p2a: Espathra|spe|1\n|upkeep\n|turn|16\n|c|\u2606Leo Justice|Its funny cuz Grassy glide had a chance to OHKO there\n|c|\u2606XpokVEVO|band?\n|c|\u2606Leo Justice|yes\n|\n|t:|1699239559\n|switch|p2a: Sneasler|Sneasler, F|100\/100\n|-enditem|p2a: Sneasler|Grassy Seed\n|-boost|p2a: Sneasler|def|1|[from] item: Grassy Seed\n|move|p1a: Princess|Crunch|p2a: Sneasler\n|-resisted|p2a: Sneasler\n|-damage|p2a: Sneasler|73\/100\n|-unboost|p2a: Sneasler|def|1\n|-damage|p1a: Princess|91\/100|[from] item: Life Orb\n|\n|-heal|p2a: Sneasler|79\/100|[from] Grassy Terrain\n|-heal|p1a: Princess|97\/100|[from] Grassy Terrain\n|upkeep\n|turn|17\n|\n|t:|1699239567\n|switch|p1a: Spectrier|Spectrier|9\/100\n|move|p2a: Sneasler|Gunk Shot|p1a: Spectrier\n|-resisted|p1a: Spectrier\n|-damage|p1a: Spectrier|0 fnt\n|faint|p1a: Spectrier\n|\n|-heal|p2a: Sneasler|85\/100|[from] Grassy Terrain\n|-fieldend|move: Grassy Terrain\n|upkeep\n|\n|t:|1699239574\n|switch|p1a: Emu War|Espathra, M|100\/100\n|turn|18\n|c|\u2606XpokVEVO|sneasler does not get priority right?\n|c|\u2606XpokVEVO|other than fakeout\n|inactive|XpokVEVO has 270 seconds left.\n|c|\u2606Leo Justice|Not that I know of\n|\n|t:|1699239609\n|move|p2a: Sneasler|Gunk Shot|p1a: Emu War|[miss]\n|-miss|p2a: Sneasler|p1a: Emu War\n|move|p1a: Emu War|Calm Mind|p1a: Emu War\n|-boost|p1a: Emu War|spa|1\n|-boost|p1a: Emu War|spd|1\n|\n|-ability|p1a: Emu War|Speed Boost|boost\n|-boost|p1a: Emu War|spe|1\n|upkeep\n|turn|19\n|c|\u2606XpokVEVO|thats unlucky\n|c|\u2606XpokVEVO|but i think i won anyways\n|inactive|XpokVEVO has 270 seconds left.\n|c|\u2606Leo Justice|I think I lost there\n|c|\u2606XpokVEVO|because i can oneshot anything but espathra\n|c|\u2606XpokVEVO|which is just espathra vs espathra\n|c|\u2606XpokVEVO|yeah i outspeed it\n|c|\u2606Leo Justice|gg\n|c|\u2606XpokVEVO|so it died anyways\n|c|\u2606XpokVEVO|gg\n|\n|t:|1699239642\n|move|p2a: Sneasler|Gunk Shot|p1a: Emu War\n|-damage|p1a: Emu War|6\/100\n|-status|p1a: Emu War|psn\n|move|p1a: Emu War|Stored Power|p2a: Sneasler\n|-supereffective|p2a: Sneasler\n|-damage|p2a: Sneasler|0 fnt\n|faint|p2a: Sneasler\n|\n|-damage|p1a: Emu War|0 fnt|[from] psn\n|faint|p1a: Emu War\n|upkeep\n|c|\u2606XpokVEVO|go\n|c|\u2606Leo Justice|Lmao\n|c|\u2606Leo Justice|Unburden\n|c|\u2606XpokVEVO|i almost typed out a bannable offense\n|c|\u2606XpokVEVO|yeah but i got poisoned\n|inactive|XpokVEVO has 240 seconds left.\n|c|\u2606XpokVEVO|eh zacians still with us\n|\n|t:|1699239670\n|switch|p2a: Cyclizar|Cyclizar, M|66\/100\n|switch|p1a: Princess|Zacian, shiny|97\/100\n|turn|20\n|c|\u2606XpokVEVO|and that things no longer scarfed\n|\n|t:|1699239675\n|move|p1a: Princess|Play Rough|p2a: Cyclizar\n|-supereffective|p2a: Cyclizar\n|-damage|p2a: Cyclizar|0 fnt\n|faint|p2a: Cyclizar\n|-damage|p1a: Princess|87\/100|[from] item: Life Orb\n|\n|upkeep\n|\n|t:|1699239678\n|switch|p2a: Gholdengo|Gholdengo, tera:Fairy|30\/100\n|turn|21\n|\n|t:|1699239684\n|move|p1a: Princess|Play Rough|p2a: Gholdengo|[miss]\n|-miss|p1a: Princess|p2a: Gholdengo\n|move|p2a: Gholdengo|Make It Rain|p1a: Princess\n|-supereffective|p1a: Princess\n|-damage|p1a: Princess|0 fnt\n|-unboost|p2a: Gholdengo|spa|1\n|faint|p1a: Princess\n|\n|upkeep\n|c|\u2606XpokVEVO|DJUDE\n|c|\u2606XpokVEVO|oh my god\n|c|\u2606XpokVEVO|fuck OF\n|\n|t:|1699239689\n|switch|p1a: Akira|Cyclizar, M|57\/100\n|turn|22\n|\n|t:|1699239694\n|move|p1a: Akira|Knock Off|p2a: Gholdengo\n|-resisted|p2a: Gholdengo\n|-damage|p2a: Gholdengo|22\/100\n|move|p2a: Gholdengo|Dazzling Gleam|p1a: Akira\n|-supereffective|p1a: Akira\n|-damage|p1a: Akira|0 fnt\n|faint|p1a: Akira\n|\n|win|Leo Justice\n|c|\u2606XpokVEVO|pos game\n|c|\u2606XpokVEVO|i knew i won\n|c|\u2606XpokVEVO|i KNOW\n|l|\u2606XpokVEVO\n|c|\u2606Leo Justice|unfortunate\n","uploadtime":1699239722,"views":13,"p1id":"xpokvevo","p2id":"leojustice","formatid":"gen9ubers","rating":0,"private":0,"password":""}