{"id":"gen9ubers-1988146517","p1":"RoamingDia","p2":"pkpowers310","format":"[Gen 9] Ubers","log":"|j|\u2606RoamingDia\n|j|\u2606pkpowers310\n|t:|1699675482\n|gametype|singles\n|player|p1|RoamingDia|pokemaniac|\n|player|p2|pkpowers310|crasherwake|\n|teamsize|p1|6\n|teamsize|p2|6\n|gen|9\n|tier|[Gen 9] Ubers\n|rule|Sleep Clause Mod: Limit one foe put to sleep\n|rule|Species Clause: Limit one of each Pok\u00e9mon\n|rule|OHKO Clause: OHKO moves are banned\n|rule|Evasion Items Clause: Evasion items are banned\n|rule|Evasion Moves Clause: Evasion moves are banned\n|rule|Endless Battle Clause: Forcing endless battles is banned\n|rule|HP Percentage Mod: HP is shown in percentages\n|clearpoke\n|poke|p1|Sneasler, M|\n|poke|p1|Roaring Moon|\n|poke|p1|Walking Wake|\n|poke|p1|Lilligant-Hisui, F|\n|poke|p1|Torkoal, F|\n|poke|p1|Typhlosion-Hisui, M|\n|poke|p2|Hatterene, F|\n|poke|p2|Abomasnow, F|\n|poke|p2|Regieleki|\n|poke|p2|Ursaluna, F|\n|poke|p2|Baxcalibur, F|\n|poke|p2|Cetitan, F|\n|teampreview\n|\n|t:|1699675507\n|start\n|switch|p1a: Gazoontite|Sneasler, M|100\/100\n|switch|p2a: Regieleki|Regieleki|100\/100\n|turn|1\n|\n|t:|1699675513\n|move|p2a: Regieleki|Thunder Wave|p1a: Gazoontite\n|-status|p1a: Gazoontite|par\n|cant|p1a: Gazoontite|par\n|\n|upkeep\n|turn|2\n|\n|t:|1699675522\n|switch|p1a: Bently|Torkoal, F|100\/100\n|-weather|SunnyDay|[from] ability: Drought|[of] p1a: Bently\n|move|p2a: Regieleki|Thunderbolt|p1a: Bently\n|-damage|p1a: Bently|42\/100\n|\n|-weather|SunnyDay|[upkeep]\n|upkeep\n|turn|3\n|j| slugmaaa\n|\n|t:|1699675537\n|switch|p1a: Pea Shooter|Lilligant-Hisui, F, shiny|100\/100\n|move|p2a: Regieleki|Thunderbolt|p1a: Pea Shooter\n|-resisted|p1a: Pea Shooter\n|-damage|p1a: Pea Shooter|60\/100\n|\n|-weather|SunnyDay|[upkeep]\n|upkeep\n|turn|4\n|\n|t:|1699675549\n|move|p1a: Pea Shooter|Solar Blade||[still]\n|-prepare|p1a: Pea Shooter|Solar Blade\n|-anim|p1a: Pea Shooter|Solar Blade|p2a: Regieleki\n|-enditem|p2a: Regieleki|Focus Sash\n|-damage|p2a: Regieleki|1\/100\n|-damage|p1a: Pea Shooter|50\/100|[from] item: Life Orb\n|move|p2a: Regieleki|Rain Dance|p2a: Regieleki\n|-weather|RainDance\n|\n|-weather|RainDance|[upkeep]\n|upkeep\n|turn|5\n|\n|t:|1699675562\n|move|p2a: Regieleki|Thunder Wave|p1a: Pea Shooter\n|-status|p1a: Pea Shooter|par\n|move|p1a: Pea Shooter|Ice Spinner|p2a: Regieleki\n|-damage|p2a: Regieleki|0 fnt\n|faint|p2a: Regieleki\n|-damage|p1a: Pea Shooter|40\/100 par|[from] item: Life Orb\n|\n|-weather|RainDance|[upkeep]\n|upkeep\n|\n|t:|1699675582\n|switch|p2a: Abomasnow|Abomasnow, F|100\/100\n|-weather|Snow|[from] ability: Snow Warning|[of] p2a: Abomasnow\n|turn|6\n|\n|t:|1699675593\n|switch|p1a: Bently|Torkoal, F|42\/100\n|-weather|SunnyDay|[from] ability: Drought|[of] p1a: Bently\n|move|p2a: Abomasnow|Earth Power|p1a: Bently\n|-supereffective|p1a: Bently\n|-damage|p1a: Bently|7\/100\n|\n|-weather|SunnyDay|[upkeep]\n|upkeep\n|turn|7\n|\n|t:|1699675619\n|switch|p2a: Hatterene|Hatterene, F|100\/100\n|switch|p1a: Noriaki Kakyoin|Roaring Moon, shiny|100\/100\n|-activate|p1a: Noriaki Kakyoin|ability: Protosynthesis\n|-start|p1a: Noriaki Kakyoin|protosynthesisatk\n|\n|-weather|SunnyDay|[upkeep]\n|upkeep\n|turn|8\n|\n|t:|1699675633\n|move|p1a: Noriaki Kakyoin|Iron Head|p2a: Hatterene\n|-supereffective|p2a: Hatterene\n|-damage|p2a: Hatterene|0 fnt\n|faint|p2a: Hatterene\n|\n|-weather|SunnyDay|[upkeep]\n|upkeep\n|\n|t:|1699675642\n|switch|p2a: Abomasnow|Abomasnow, F|100\/100\n|-weather|Snow|[from] ability: Snow Warning|[of] p2a: Abomasnow\n|-end|p1a: Noriaki Kakyoin|Protosynthesis\n|turn|9\n|\n|t:|1699675648\n|-terastallize|p2a: Abomasnow|Water\n|move|p1a: Noriaki Kakyoin|Iron Head|p2a: Abomasnow\n|-resisted|p2a: Abomasnow\n|-crit|p2a: Abomasnow\n|-damage|p2a: Abomasnow|75\/100\n|move|p2a: Abomasnow|Aurora Veil|p2a: Abomasnow\n|-sidestart|p2: pkpowers310|move: Aurora Veil\n|\n|-weather|Snow|[upkeep]\n|upkeep\n|turn|10\n|\n|t:|1699675663\n|-end|p1a: Noriaki Kakyoin|Protosynthesis|[silent]\n|switch|p1a: Bently|Torkoal, F|7\/100\n|-weather|SunnyDay|[from] ability: Drought|[of] p1a: Bently\n|move|p2a: Abomasnow|Blizzard|p1a: Bently\n|-resisted|p1a: Bently\n|-damage|p1a: Bently|0 fnt\n|faint|p1a: Bently\n|\n|-weather|SunnyDay|[upkeep]\n|upkeep\n|\n|t:|1699675678\n|switch|p1a: Pea Shooter|Lilligant-Hisui, F, shiny|40\/100 par\n|turn|11\n|\n|t:|1699675703\n|switch|p2a: Freddy|Ursaluna, F|100\/100\n|cant|p1a: Pea Shooter|par\n|\n|-weather|SunnyDay|[upkeep]\n|-status|p2a: Freddy|brn|[from] item: Flame Orb\n|upkeep\n|turn|12\n|\n|t:|1699675712\n|switch|p1a: Diabetic|Typhlosion-Hisui, M, shiny|100\/100\n|-item|p1a: Diabetic|Air Balloon\n|move|p2a: Freddy|Facade|p1a: Diabetic\n|-immune|p1a: Diabetic\n|\n|-weather|SunnyDay|[upkeep]\n|-damage|p2a: Freddy|94\/100 brn|[from] brn\n|upkeep\n|turn|13\n|\n|t:|1699675722\n|switch|p2a: Abomasnow|Abomasnow, F, tera:Water|75\/100\n|-weather|Snow|[from] ability: Snow Warning|[of] p2a: Abomasnow\n|move|p1a: Diabetic|Fire Spin|p2a: Abomasnow|[miss]\n|-miss|p1a: Diabetic|p2a: Abomasnow\n|\n|-weather|Snow|[upkeep]\n|upkeep\n|turn|14\n|\n|t:|1699675741\n|-terastallize|p1a: Diabetic|Fire\n|move|p1a: Diabetic|Eruption|p2a: Abomasnow\n|-resisted|p2a: Abomasnow\n|-damage|p2a: Abomasnow|49\/100\n|move|p2a: Abomasnow|Blizzard|p1a: Diabetic\n|-resisted|p1a: Diabetic\n|-damage|p1a: Diabetic|76\/100\n|-status|p1a: Diabetic|frz\n|-enditem|p1a: Diabetic|Air Balloon\n|\n|-weather|Snow|[upkeep]\n|upkeep\n|turn|15\n|\n|t:|1699675759\n|switch|p1a: Gazoontite|Sneasler, M|100\/100 par\n|move|p2a: Abomasnow|Earth Power|p1a: Gazoontite\n|-supereffective|p1a: Gazoontite\n|-damage|p1a: Gazoontite|44\/100 par\n|\n|-weather|Snow|[upkeep]\n|upkeep\n|turn|16\n|\n|t:|1699675813\n|move|p1a: Gazoontite|Close Combat|p2a: Abomasnow\n|-damage|p2a: Abomasnow|23\/100\n|-unboost|p1a: Gazoontite|def|1\n|-unboost|p1a: Gazoontite|spd|1\n|-enditem|p1a: Gazoontite|White Herb\n|-clearnegativeboost|p1a: Gazoontite|[silent]\n|move|p2a: Abomasnow|Earth Power|p1a: Gazoontite\n|-supereffective|p1a: Gazoontite\n|-damage|p1a: Gazoontite|0 fnt\n|faint|p1a: Gazoontite\n|\n|-weather|Snow|[upkeep]\n|-sideend|p2: pkpowers310|move: Aurora Veil\n|upkeep\n|\n|t:|1699675855\n|switch|p1a: Noriaki Kakyoin|Roaring Moon, shiny|100\/100\n|turn|17\n|\n|t:|1699675860\n|switch|p2a: Freddy|Ursaluna, F|94\/100 brn\n|move|p1a: Noriaki Kakyoin|Crunch|p2a: Freddy\n|-damage|p2a: Freddy|50\/100 brn\n|\n|-weather|none\n|-damage|p2a: Freddy|44\/100 brn|[from] brn\n|upkeep\n|turn|18\n|\n|t:|1699675868\n|move|p1a: Noriaki Kakyoin|Crunch|p2a: Freddy\n|-damage|p2a: Freddy|0 fnt\n|faint|p2a: Freddy\n|\n|upkeep\n|\n|t:|1699675872\n|switch|p2a: Abomasnow|Abomasnow, F, tera:Water|23\/100\n|-weather|Snow|[from] ability: Snow Warning|[of] p2a: Abomasnow\n|turn|19\n|\n|t:|1699675876\n|move|p1a: Noriaki Kakyoin|Crunch|p2a: Abomasnow\n|-damage|p2a: Abomasnow|0 fnt\n|faint|p2a: Abomasnow\n|\n|-weather|Snow|[upkeep]\n|upkeep\n|\n|t:|1699675885\n|switch|p2a: Jason <3|Cetitan, F|100\/100\n|turn|20\n|j| Squirshawott\n|\n|t:|1699675963\n|move|p2a: Jason <3|Icicle Crash|p1a: Noriaki Kakyoin\n|-supereffective|p1a: Noriaki Kakyoin\n|-damage|p1a: Noriaki Kakyoin|0 fnt\n|faint|p1a: Noriaki Kakyoin\n|-end|p1a: Noriaki Kakyoin|Protosynthesis|[silent]\n|-damage|p2a: Jason <3|91\/100|[from] item: Life Orb\n|\n|-weather|Snow|[upkeep]\n|upkeep\n|\n|t:|1699675970\n|switch|p1a: Pea Shooter|Lilligant-Hisui, F, shiny|40\/100 par\n|turn|21\n|\n|t:|1699675991\n|move|p2a: Jason <3|Ice Shard|p1a: Pea Shooter\n|-supereffective|p1a: Pea Shooter\n|-damage|p1a: Pea Shooter|0 fnt\n|faint|p1a: Pea Shooter\n|-damage|p2a: Jason <3|81\/100|[from] item: Life Orb\n|\n|-weather|Snow|[upkeep]\n|upkeep\n|\n|t:|1699675998\n|switch|p1a: Diabetic|Typhlosion-Hisui, M, shiny, tera:Fire|76\/100 frz\n|turn|22\n|\n|t:|1699676009\n|move|p2a: Jason <3|Earthquake|p1a: Diabetic\n|-supereffective|p1a: Diabetic\n|-damage|p1a: Diabetic|0 fnt\n|faint|p1a: Diabetic\n|-damage|p2a: Jason <3|71\/100|[from] item: Life Orb\n|\n|-weather|Snow|[upkeep]\n|upkeep\n|\n|t:|1699676015\n|switch|p1a: Okuyasu Nijimura|Walking Wake|100\/100\n|turn|23\n|\n|t:|1699676025\n|move|p2a: Jason <3|Icicle Crash|p1a: Okuyasu Nijimura\n|-damage|p1a: Okuyasu Nijimura|40\/100\n|-damage|p2a: Jason <3|61\/100|[from] item: Life Orb\n|move|p1a: Okuyasu Nijimura|Flamethrower|p2a: Jason <3\n|-supereffective|p2a: Jason <3\n|-damage|p2a: Jason <3|0 fnt\n|faint|p2a: Jason <3\n|\n|-weather|none\n|upkeep\n|\n|t:|1699676032\n|switch|p2a: Baxcalibur|Baxcalibur, F|100\/100\n|turn|24\n|\n|t:|1699676038\n|move|p1a: Okuyasu Nijimura|Flamethrower|p2a: Baxcalibur\n|-damage|p2a: Baxcalibur|53\/100\n|-ability|p2a: Baxcalibur|Thermal Exchange|boost\n|-boost|p2a: Baxcalibur|atk|1\n|move|p2a: Baxcalibur|Glaive Rush|p1a: Okuyasu Nijimura\n|-supereffective|p1a: Okuyasu Nijimura\n|-damage|p1a: Okuyasu Nijimura|0 fnt\n|-singlemove|p2a: Baxcalibur|Glaive Rush|[silent]\n|faint|p1a: Okuyasu Nijimura\n|-end|p1a: Okuyasu Nijimura|Protosynthesis|[silent]\n|\n|win|pkpowers310\n|l|\u2606RoamingDia\n|l| slugmaaa\n","uploadtime":1699676095,"views":37,"p1id":"roamingdia","p2id":"pkpowers310","formatid":"gen9ubers","rating":0,"private":0,"password":""}