{"id":"gen9ubers-1982076857","p1":"motistrat","p2":"85792195wwww","format":"[Gen 9] Ubers","log":"|j|\u2606motistrat\n|j|\u203d85792195wwww\n|t:|1698965493\n|gametype|singles\n|player|p1|motistrat|n|1451\n|player|p2|85792195wwww|102|1431\n|teamsize|p1|6\n|teamsize|p2|6\n|gen|9\n|tier|[Gen 9] Ubers\n|rated|\n|rule|Sleep Clause Mod: Limit one foe put to sleep\n|rule|Species Clause: Limit one of each Pok\u00e9mon\n|rule|OHKO Clause: OHKO moves are banned\n|rule|Evasion Items Clause: Evasion items are banned\n|rule|Evasion Moves Clause: Evasion moves are banned\n|rule|Endless Battle Clause: Forcing endless battles is banned\n|rule|HP Percentage Mod: HP is shown in percentages\n|clearpoke\n|poke|p1|Miraidon|\n|poke|p1|Iron Bundle|\n|poke|p1|Iron Treads|\n|poke|p1|Hippowdon, M|\n|poke|p1|Iron Moth|\n|poke|p1|Houndstone, M|\n|poke|p2|Kyogre|\n|poke|p2|Zacian-*|\n|poke|p2|Arceus|\n|poke|p2|Landorus, M|\n|poke|p2|Koraidon|\n|poke|p2|Ursaluna, M|\n|teampreview\n|\n|t:|1698965505\n|start\n|switch|p1a: Jul|Miraidon|100\/100\n|switch|p2a: Landorus|Landorus, M|100\/100\n|-fieldstart|move: Electric Terrain|[from] ability: Hadron Engine|[of] p1a: Jul\n|turn|1\n|\n|t:|1698965513\n|move|p1a: Jul|Draco Meteor|p2a: Landorus\n|-enditem|p2a: Landorus|Focus Sash\n|-damage|p2a: Landorus|1\/100\n|-unboost|p1a: Jul|spa|2\n|move|p2a: Landorus|Earth Power|p1a: Jul\n|-supereffective|p1a: Jul\n|-damage|p1a: Jul|9\/100\n|\n|upkeep\n|turn|2\n|\n|t:|1698965526\n|switch|p2a: Zacian|Zacian-Crowned|100\/100\n|-ability|p2a: Zacian|Intrepid Sword|boost\n|-boost|p2a: Zacian|atk|1\n|move|p1a: Jul|Draco Meteor|p2a: Zacian\n|-immune|p2a: Zacian\n|\n|upkeep\n|turn|3\n|\n|t:|1698965549\n|switch|p1a: Pere Noel|Iron Bundle|100\/100\n|-activate|p1a: Pere Noel|ability: Quark Drive\n|-start|p1a: Pere Noel|quarkdrivespe\n|move|p2a: Zacian|Swords Dance|p2a: Zacian\n|-boost|p2a: Zacian|atk|2\n|\n|upkeep\n|turn|4\n|\n|t:|1698965557\n|move|p1a: Pere Noel|Hydro Pump|p2a: Zacian\n|-crit|p2a: Zacian\n|-damage|p2a: Zacian|24\/100\n|move|p2a: Zacian|Behemoth Blade|p1a: Pere Noel\n|-damage|p1a: Pere Noel|0 fnt\n|faint|p1a: Pere Noel\n|-end|p1a: Pere Noel|Quark Drive|[silent]\n|\n|upkeep\n|\n|t:|1698965563\n|switch|p1a: L'\u00e9l\u00e9phant wish|Iron Treads|100\/100\n|-activate|p1a: L'\u00e9l\u00e9phant wish|ability: Quark Drive\n|-start|p1a: L'\u00e9l\u00e9phant wish|quarkdrivespe\n|turn|5\n|\n|t:|1698965575\n|move|p1a: L'\u00e9l\u00e9phant wish|Earthquake|p2a: Zacian\n|-supereffective|p2a: Zacian\n|-damage|p2a: Zacian|0 fnt\n|faint|p2a: Zacian\n|\n|-fieldend|move: Electric Terrain\n|-end|p1a: L'\u00e9l\u00e9phant wish|Quark Drive\n|upkeep\n|\n|t:|1698965586\n|switch|p2a: Kyogre|Kyogre|100\/100\n|-weather|RainDance|[from] ability: Drizzle|[of] p2a: Kyogre\n|turn|6\n|\n|t:|1698965605\n|-end|p1a: L'\u00e9l\u00e9phant wish|Quark Drive|[silent]\n|switch|p1a: Virus de PH|Iron Moth|100\/100\n|move|p2a: Kyogre|Water Spout|p1a: Virus de PH\n|-supereffective|p1a: Virus de PH\n|-damage|p1a: Virus de PH|0 fnt\n|faint|p1a: Virus de PH\n|-end|p1a: Virus de PH|Quark Drive|[silent]\n|\n|-weather|RainDance|[upkeep]\n|upkeep\n|\n|t:|1698965608\n|switch|p1a: Hippowdon|Hippowdon, M|100\/100\n|-weather|Sandstorm|[from] ability: Sand Stream|[of] p1a: Hippowdon\n|turn|7\n|\n|t:|1698965618\n|switch|p2a: Landorus|Landorus, M|1\/100\n|-terastallize|p1a: Hippowdon|Water\n|move|p1a: Hippowdon|Stealth Rock|p2a: Landorus\n|-sidestart|p2: 85792195wwww|move: Stealth Rock\n|\n|-weather|Sandstorm|[upkeep]\n|-damage|p1a: Hippowdon|94\/100|[from] Sandstorm\n|upkeep\n|turn|8\n|\n|t:|1698965629\n|switch|p1a: L'\u00e9l\u00e9phant wish|Iron Treads|100\/100\n|move|p2a: Landorus|Stealth Rock|p1a: L'\u00e9l\u00e9phant wish\n|-sidestart|p1: motistrat|move: Stealth Rock\n|\n|-weather|Sandstorm|[upkeep]\n|upkeep\n|turn|9\n|\n|t:|1698965645\n|-terastallize|p2a: Landorus|Ghost\n|move|p1a: L'\u00e9l\u00e9phant wish|Rapid Spin|p2a: Landorus\n|-immune|p2a: Landorus\n|move|p2a: Landorus|Earth Power|p1a: L'\u00e9l\u00e9phant wish\n|-supereffective|p1a: L'\u00e9l\u00e9phant wish\n|-damage|p1a: L'\u00e9l\u00e9phant wish|0 fnt\n|faint|p1a: L'\u00e9l\u00e9phant wish\n|-end|p1a: L'\u00e9l\u00e9phant wish|Quark Drive|[silent]\n|\n|-weather|Sandstorm|[upkeep]\n|-damage|p2a: Landorus|0 fnt|[from] Sandstorm\n|faint|p2a: Landorus\n|upkeep\n|\n|t:|1698965663\n|switch|p1a: Hippowdon|Hippowdon, M, tera:Water|94\/100\n|switch|p2a: Kyogre|Kyogre|100\/100\n|-damage|p2a: Kyogre|88\/100|[from] Stealth Rock\n|-weather|RainDance|[from] ability: Drizzle|[of] p2a: Kyogre\n|-damage|p1a: Hippowdon|82\/100|[from] Stealth Rock\n|-weather|Sandstorm|[from] ability: Sand Stream|[of] p1a: Hippowdon\n|turn|10\n|\n|t:|1698965674\n|switch|p2a: Ursaluna|Ursaluna, M|100\/100\n|-damage|p2a: Ursaluna|94\/100|[from] Stealth Rock\n|switch|p1a: Jul|Miraidon|9\/100\n|-damage|p1a: Jul|0 fnt|[from] Stealth Rock\n|faint|p1a: Jul\n|\n|-weather|Sandstorm|[upkeep]\n|-status|p2a: Ursaluna|brn|[from] item: Flame Orb\n|upkeep\n|\n|t:|1698965677\n|switch|p1a: Chien mort|Houndstone, M|100\/100\n|-damage|p1a: Chien mort|88\/100|[from] Stealth Rock\n|turn|11\n|\n|t:|1698965689\n|move|p1a: Chien mort|Body Press|p2a: Ursaluna\n|-supereffective|p2a: Ursaluna\n|-damage|p2a: Ursaluna|67\/100 brn\n|move|p2a: Ursaluna|Headlong Rush|p1a: Chien mort\n|-damage|p1a: Chien mort|0 fnt\n|-unboost|p2a: Ursaluna|def|1\n|-unboost|p2a: Ursaluna|spd|1\n|faint|p1a: Chien mort\n|\n|-weather|Sandstorm|[upkeep]\n|-damage|p2a: Ursaluna|61\/100 brn|[from] brn\n|upkeep\n|-message|motistrat forfeited.\n|\n|win|85792195wwww\n|raw|motistrat's rating: 1451 &rarr; <strong>1430<\/strong><br \/>(-21 for losing)\n|raw|85792195wwww's rating: 1431 &rarr; <strong>1452<\/strong><br \/>(+21 for winning)\n|l|\u2606motistrat\n","uploadtime":1698965704,"views":6,"p1id":"motistrat","p2id":"85792195wwww","formatid":"gen9ubers","rating":1430,"private":0,"password":""}