{"id":"gen9ubers-1970006203","p1":"jordblast","p2":"Lord Femboy","format":"[Gen 9] Ubers","log":"|j|\u2606jordblast\n|j|\u2606Lord Femboy\n|t:|1697584369\n|gametype|singles\n|player|p1|jordblast|2|\n|player|p2|Lord Femboy|2|\n|teamsize|p1|6\n|teamsize|p2|6\n|gen|9\n|tier|[Gen 9] Ubers\n|rule|Sleep Clause Mod: Limit one foe put to sleep\n|rule|Species Clause: Limit one of each Pok\u00e9mon\n|rule|OHKO Clause: OHKO moves are banned\n|rule|Evasion Items Clause: Evasion items are banned\n|rule|Evasion Moves Clause: Evasion moves are banned\n|rule|Endless Battle Clause: Forcing endless battles is banned\n|rule|HP Percentage Mod: HP is shown in percentages\n|clearpoke\n|poke|p1|Palkia-Origin|\n|poke|p1|Enamorus-Therian, F|\n|poke|p1|Mimikyu, M|\n|poke|p1|Arceus-Grass|\n|poke|p1|Gholdengo|\n|poke|p1|Dondozo, F|\n|poke|p2|Magearna|\n|poke|p2|Cyclizar, F|\n|poke|p2|Ursaluna, M|\n|poke|p2|Dialga-Origin|\n|poke|p2|Cresselia, F|\n|poke|p2|Zacian-*|\n|teampreview\n|c|\u2606Lord Femboy|glhf\n|\n|t:|1697584409\n|start\n|switch|p1a: Arceus|Arceus-Grass|100\/100\n|switch|p2a: Magearna|Magearna|100\/100\n|turn|1\n|\n|t:|1697584415\n|move|p1a: Arceus|Earth Power|p2a: Magearna\n|-supereffective|p2a: Magearna\n|-damage|p2a: Magearna|68\/100\n|move|p2a: Magearna|Trick Room|p2a: Magearna\n|-fieldstart|move: Trick Room|[of] p2a: Magearna\n|\n|upkeep\n|turn|2\n|\n|t:|1697584422\n|move|p2a: Magearna|Volt Switch|p1a: Arceus\n|-resisted|p1a: Arceus\n|-damage|p1a: Arceus|94\/100\n|\n|t:|1697584446\n|switch|p2a: Ursaluna|Ursaluna, M, shiny|100\/100|[from] Volt Switch\n|move|p1a: Arceus|Judgment|p2a: Ursaluna\n|-supereffective|p2a: Ursaluna\n|-damage|p2a: Ursaluna|10\/100\n|\n|-status|p2a: Ursaluna|brn|[from] item: Flame Orb\n|upkeep\n|turn|3\n|c|\u2606jordblast|glhf\n|\n|t:|1697584454\n|switch|p1a: Mimikyu|Mimikyu, M|100\/100\n|move|p2a: Ursaluna|Facade|p1a: Mimikyu\n|-immune|p1a: Mimikyu\n|\n|-damage|p2a: Ursaluna|4\/100 brn|[from] brn\n|upkeep\n|turn|4\n|\n|t:|1697584459\n|move|p1a: Mimikyu|Shadow Sneak|p2a: Ursaluna\n|-immune|p2a: Ursaluna\n|move|p2a: Ursaluna|Headlong Rush|p1a: Mimikyu\n|-activate|p1a: Mimikyu|ability: Disguise\n|-damage|p1a: Mimikyu|100\/100\n|-unboost|p2a: Ursaluna|def|1\n|-unboost|p2a: Ursaluna|spd|1\n|detailschange|p1a: Mimikyu|Mimikyu-Busted, M\n|-damage|p1a: Mimikyu|88\/100|[from] pokemon: Mimikyu-Busted\n|\n|-damage|p2a: Ursaluna|0 fnt|[from] brn\n|faint|p2a: Ursaluna\n|upkeep\n|\n|t:|1697584462\n|switch|p2a: Dialga|Dialga-Origin|100\/100\n|-ability|p2a: Dialga|Pressure\n|turn|5\n|\n|t:|1697584470\n|move|p2a: Dialga|Flash Cannon|p1a: Mimikyu\n|-supereffective|p1a: Mimikyu\n|-damage|p1a: Mimikyu|0 fnt\n|faint|p1a: Mimikyu\n|\n|-fieldend|move: Trick Room\n|upkeep\n|\n|t:|1697584487\n|switch|p1a: Arceus|Arceus-Grass|94\/100\n|turn|6\n|\n|t:|1697584529\n|switch|p2a: Cresselia|Cresselia, F, shiny|100\/100\n|move|p1a: Arceus|Calm Mind|p1a: Arceus\n|-boost|p1a: Arceus|spa|1\n|-boost|p1a: Arceus|spd|1\n|\n|upkeep\n|turn|7\n|\n|t:|1697584538\n|move|p1a: Arceus|Calm Mind|p1a: Arceus\n|-boost|p1a: Arceus|spa|1\n|-boost|p1a: Arceus|spd|1\n|move|p2a: Cresselia|Trick Room|p2a: Cresselia\n|-fieldstart|move: Trick Room|[of] p2a: Cresselia\n|\n|upkeep\n|turn|8\n|\n|t:|1697584546\n|move|p2a: Cresselia|Calm Mind|p2a: Cresselia\n|-boost|p2a: Cresselia|spa|1\n|-boost|p2a: Cresselia|spd|1\n|move|p1a: Arceus|Judgment|p2a: Cresselia\n|-damage|p2a: Cresselia|67\/100\n|\n|-heal|p2a: Cresselia|73\/100|[from] item: Leftovers\n|upkeep\n|turn|9\n|\n|t:|1697584549\n|move|p2a: Cresselia|Calm Mind|p2a: Cresselia\n|-boost|p2a: Cresselia|spa|1\n|-boost|p2a: Cresselia|spd|1\n|move|p1a: Arceus|Calm Mind|p1a: Arceus\n|-boost|p1a: Arceus|spa|1\n|-boost|p1a: Arceus|spd|1\n|\n|-heal|p2a: Cresselia|80\/100|[from] item: Leftovers\n|upkeep\n|turn|10\n|\n|t:|1697584552\n|move|p2a: Cresselia|Calm Mind|p2a: Cresselia\n|-boost|p2a: Cresselia|spa|1\n|-boost|p2a: Cresselia|spd|1\n|move|p1a: Arceus|Calm Mind|p1a: Arceus\n|-boost|p1a: Arceus|spa|1\n|-boost|p1a: Arceus|spd|1\n|\n|-heal|p2a: Cresselia|86\/100|[from] item: Leftovers\n|upkeep\n|turn|11\n|\n|t:|1697584555\n|move|p2a: Cresselia|Calm Mind|p2a: Cresselia\n|-boost|p2a: Cresselia|spa|1\n|-boost|p2a: Cresselia|spd|1\n|move|p1a: Arceus|Calm Mind|p1a: Arceus\n|-boost|p1a: Arceus|spa|1\n|-boost|p1a: Arceus|spd|1\n|\n|-heal|p2a: Cresselia|92\/100|[from] item: Leftovers\n|-fieldend|move: Trick Room\n|upkeep\n|turn|12\n|\n|t:|1697584561\n|move|p1a: Arceus|Calm Mind|p1a: Arceus\n|-boost|p1a: Arceus|spa|1\n|-boost|p1a: Arceus|spd|1\n|move|p2a: Cresselia|Calm Mind|p2a: Cresselia\n|-boost|p2a: Cresselia|spa|1\n|-boost|p2a: Cresselia|spd|1\n|\n|-heal|p2a: Cresselia|98\/100|[from] item: Leftovers\n|upkeep\n|turn|13\n|\n|t:|1697584563\n|move|p1a: Arceus|Judgment|p2a: Cresselia\n|-damage|p2a: Cresselia|73\/100\n|move|p2a: Cresselia|Calm Mind|p2a: Cresselia\n|-boost|p2a: Cresselia|spa|1\n|-boost|p2a: Cresselia|spd|1\n|\n|-heal|p2a: Cresselia|79\/100|[from] item: Leftovers\n|upkeep\n|turn|14\n|\n|t:|1697584578\n|-terastallize|p1a: Arceus|Grass\n|move|p1a: Arceus|Judgment|p2a: Cresselia\n|-damage|p2a: Cresselia|47\/100\n|move|p2a: Cresselia|Trick Room|p2a: Cresselia\n|-fieldstart|move: Trick Room|[of] p2a: Cresselia\n|\n|-heal|p2a: Cresselia|53\/100|[from] item: Leftovers\n|upkeep\n|turn|15\n|\n|t:|1697584583\n|move|p2a: Cresselia|Stored Power|p1a: Arceus\n|-damage|p1a: Arceus|48\/100\n|move|p1a: Arceus|Judgment|p2a: Cresselia\n|-damage|p2a: Cresselia|23\/100\n|\n|-heal|p2a: Cresselia|29\/100|[from] item: Leftovers\n|upkeep\n|turn|16\n|\n|t:|1697584592\n|move|p2a: Cresselia|Stored Power|p1a: Arceus\n|-damage|p1a: Arceus|4\/100\n|move|p1a: Arceus|Recover|p1a: Arceus\n|-heal|p1a: Arceus|54\/100\n|\n|-heal|p2a: Cresselia|35\/100|[from] item: Leftovers\n|upkeep\n|turn|17\n|\n|t:|1697584613\n|move|p2a: Cresselia|Stored Power|p1a: Arceus\n|-damage|p1a: Arceus|6\/100\n|move|p1a: Arceus|Recover|p1a: Arceus\n|-heal|p1a: Arceus|56\/100\n|\n|-heal|p2a: Cresselia|41\/100|[from] item: Leftovers\n|upkeep\n|turn|18\n|\n|t:|1697584627\n|move|p2a: Cresselia|Stored Power|p1a: Arceus\n|-damage|p1a: Arceus|5\/100\n|move|p1a: Arceus|Recover|p1a: Arceus\n|-heal|p1a: Arceus|55\/100\n|\n|-heal|p2a: Cresselia|47\/100|[from] item: Leftovers\n|-fieldend|move: Trick Room\n|upkeep\n|turn|19\n|\n|t:|1697584674\n|move|p1a: Arceus|Judgment|p2a: Cresselia\n|-damage|p2a: Cresselia|14\/100\n|move|p2a: Cresselia|Stored Power|p1a: Arceus\n|-damage|p1a: Arceus|7\/100\n|\n|-heal|p2a: Cresselia|21\/100|[from] item: Leftovers\n|upkeep\n|turn|20\n|\n|t:|1697584687\n|move|p1a: Arceus|Judgment|p2a: Cresselia\n|-damage|p2a: Cresselia|0 fnt\n|faint|p2a: Cresselia\n|\n|upkeep\n|\n|t:|1697584706\n|switch|p2a: Zacian|Zacian, shiny|100\/100\n|-ability|p2a: Zacian|Intrepid Sword|boost\n|-boost|p2a: Zacian|atk|1\n|turn|21\n|\n|t:|1697584712\n|move|p2a: Zacian|Play Rough|p1a: Arceus\n|-damage|p1a: Arceus|0 fnt\n|faint|p1a: Arceus\n|\n|upkeep\n|\n|t:|1697584718\n|switch|p1a: Palkia|Palkia-Origin|100\/100\n|-ability|p1a: Palkia|Pressure\n|turn|22\n|\n|t:|1697584722\n|switch|p1a: Dondozo|Dondozo, F|100\/100\n|move|p2a: Zacian|Play Rough|p1a: Dondozo\n|-damage|p1a: Dondozo|81\/100\n|-damage|p2a: Zacian|84\/100|[from] item: Rocky Helmet|[of] p1a: Dondozo\n|\n|upkeep\n|turn|23\n|\n|t:|1697584730\n|switch|p2a: Magearna|Magearna|68\/100\n|move|p1a: Dondozo|Wave Crash|p2a: Magearna\n|-damage|p2a: Magearna|30\/100\n|-damage|p1a: Dondozo|72\/100|[from] Recoil\n|\n|upkeep\n|turn|24\n|\n|t:|1697584742\n|switch|p2a: Cyclizar|Cyclizar, F|100\/100\n|switch|p1a: Palkia|Palkia-Origin|100\/100\n|-ability|p1a: Palkia|Pressure\n|\n|upkeep\n|turn|25\n|\n|t:|1697584759\n|move|p2a: Cyclizar|Shed Tail|p2a: Cyclizar\n|-start|p2a: Cyclizar|Substitute|[from] move: Shed Tail\n|-damage|p2a: Cyclizar|50\/100\n|\n|t:|1697584768\n|switch|p2a: Dialga|Dialga-Origin|100\/100|[from] Shed Tail\n|-ability|p2a: Dialga|Pressure\n|move|p1a: Palkia|Earth Power|p2a: Dialga\n|-supereffective|p2a: Dialga\n|-end|p2a: Dialga|Substitute\n|\n|upkeep\n|turn|26\n|\n|t:|1697584777\n|switch|p1a: Enamorus|Enamorus-Therian, F|100\/100\n|move|p2a: Dialga|Draco Meteor|p1a: Enamorus\n|-immune|p1a: Enamorus\n|\n|upkeep\n|turn|27\n|\n|t:|1697584793\n|switch|p1a: Dondozo|Dondozo, F|72\/100\n|move|p2a: Dialga|Flash Cannon|p1a: Dondozo\n|-resisted|p1a: Dondozo\n|-damage|p1a: Dondozo|43\/100\n|\n|upkeep\n|turn|28\n|\n|t:|1697584823\n|switch|p1a: Gholdengo|Gholdengo|100\/100\n|-item|p1a: Gholdengo|Air Balloon\n|move|p2a: Dialga|Draco Meteor|p1a: Gholdengo\n|-resisted|p1a: Gholdengo\n|-damage|p1a: Gholdengo|42\/100\n|-unboost|p2a: Dialga|spa|2\n|-enditem|p1a: Gholdengo|Air Balloon\n|\n|upkeep\n|turn|29\n|\n|t:|1697584830\n|switch|p2a: Cyclizar|Cyclizar, F|50\/100\n|move|p1a: Gholdengo|Shadow Ball|p2a: Cyclizar\n|-immune|p2a: Cyclizar\n|\n|upkeep\n|turn|30\n|c|\u2606Lord Femboy|shit\n|c|\u2606Lord Femboy|i forgot regenerator\n|c|\u2606jordblast|lmao\n|\n|t:|1697584872\n|move|p2a: Cyclizar|Knock Off|p1a: Gholdengo\n|-supereffective|p1a: Gholdengo\n|-damage|p1a: Gholdengo|7\/100\n|move|p1a: Gholdengo|Make It Rain|p2a: Cyclizar\n|-damage|p2a: Cyclizar|0 fnt\n|-unboost|p1a: Gholdengo|spa|1\n|faint|p2a: Cyclizar\n|\n|upkeep\n|\n|t:|1697584883\n|switch|p2a: Dialga|Dialga-Origin|100\/100\n|-ability|p2a: Dialga|Pressure\n|turn|31\n|\n|t:|1697584888\n|move|p1a: Gholdengo|Shadow Ball|p2a: Dialga\n|-damage|p2a: Dialga|80\/100\n|move|p2a: Dialga|Flash Cannon|p1a: Gholdengo\n|-resisted|p1a: Gholdengo\n|-damage|p1a: Gholdengo|0 fnt\n|faint|p1a: Gholdengo\n|\n|upkeep\n|\n|t:|1697584910\n|switch|p1a: Palkia|Palkia-Origin|100\/100\n|-ability|p1a: Palkia|Pressure\n|turn|32\n|\n|t:|1697584925\n|switch|p2a: Magearna|Magearna|30\/100\n|move|p1a: Palkia|Draco Meteor|p2a: Magearna\n|-immune|p2a: Magearna\n|\n|upkeep\n|turn|33\n|\n|t:|1697584931\n|move|p1a: Palkia|Earth Power|p2a: Magearna\n|-supereffective|p2a: Magearna\n|-damage|p2a: Magearna|0 fnt\n|faint|p2a: Magearna\n|\n|upkeep\n|\n|t:|1697584933\n|switch|p2a: Dialga|Dialga-Origin|80\/100\n|-ability|p2a: Dialga|Pressure\n|turn|34\n|\n|t:|1697584954\n|switch|p1a: Enamorus|Enamorus-Therian, F|100\/100\n|move|p2a: Dialga|Draco Meteor|p1a: Enamorus\n|-immune|p1a: Enamorus\n|\n|upkeep\n|turn|35\n|\n|t:|1697584959\n|switch|p1a: Palkia|Palkia-Origin|100\/100\n|-ability|p1a: Palkia|Pressure\n|move|p2a: Dialga|Flash Cannon|p1a: Palkia\n|-resisted|p1a: Palkia\n|-damage|p1a: Palkia|72\/100\n|\n|upkeep\n|turn|36\n|\n|t:|1697584971\n|move|p1a: Palkia|Draco Meteor|p2a: Dialga\n|-damage|p2a: Dialga|12\/100\n|-unboost|p1a: Palkia|spa|2\n|move|p2a: Dialga|Draco Meteor|p1a: Palkia\n|-supereffective|p1a: Palkia\n|-damage|p1a: Palkia|0 fnt\n|-unboost|p2a: Dialga|spa|2\n|faint|p1a: Palkia\n|\n|upkeep\n|\n|t:|1697584977\n|switch|p1a: Enamorus|Enamorus-Therian, F|100\/100\n|turn|37\n|\n|t:|1697584984\n|switch|p2a: Zacian|Zacian, shiny|84\/100\n|move|p1a: Enamorus|Moonblast|p2a: Zacian\n|-damage|p2a: Zacian|29\/100\n|\n|upkeep\n|turn|38\n|\n|t:|1697584993\n|switch|p1a: Dondozo|Dondozo, F|43\/100\n|move|p2a: Zacian|Play Rough|p1a: Dondozo\n|-damage|p1a: Dondozo|25\/100\n|-damage|p2a: Zacian|13\/100|[from] item: Rocky Helmet|[of] p1a: Dondozo\n|\n|upkeep\n|turn|39\n|\n|t:|1697585007\n|switch|p2a: Dialga|Dialga-Origin|12\/100\n|-ability|p2a: Dialga|Pressure\n|move|p1a: Dondozo|Rest|p1a: Dondozo\n|-status|p1a: Dondozo|slp|[from] move: Rest\n|-heal|p1a: Dondozo|100\/100 slp|[silent]\n|\n|upkeep\n|turn|40\n|\n|t:|1697585013\n|move|p2a: Dialga|Draco Meteor|p1a: Dondozo\n|-damage|p1a: Dondozo|0 fnt\n|-unboost|p2a: Dialga|spa|2\n|faint|p1a: Dondozo\n|\n|upkeep\n|\n|t:|1697585016\n|switch|p1a: Enamorus|Enamorus-Therian, F|100\/100\n|turn|41\n|\n|t:|1697585022\n|move|p2a: Dialga|Flash Cannon|p1a: Enamorus\n|-supereffective|p1a: Enamorus\n|-damage|p1a: Enamorus|62\/100\n|move|p1a: Enamorus|Moonblast|p2a: Dialga\n|-damage|p2a: Dialga|0 fnt\n|faint|p2a: Dialga\n|\n|upkeep\n|\n|t:|1697585025\n|switch|p2a: Zacian|Zacian, shiny|13\/100\n|turn|42\n|\n|t:|1697585032\n|-terastallize|p2a: Zacian|Fire\n|move|p2a: Zacian|Play Rough|p1a: Enamorus\n|-damage|p1a: Enamorus|22\/100\n|move|p1a: Enamorus|Moonblast|p2a: Zacian\n|-resisted|p2a: Zacian\n|-damage|p2a: Zacian|0 fnt\n|faint|p2a: Zacian\n|\n|win|jordblast\n|c|\u2606Lord Femboy|gg\n|c|\u2606Lord Femboy|that was close\n|c|\u2606jordblast|gg\n","uploadtime":1697585056,"views":24,"p1id":"jordblast","p2id":"lordfemboy","formatid":"gen9ubers","rating":0,"private":0,"password":""}