{"id":"gen9ubers-1986677709","p1":"sharkkkkkkkkkkkk","p2":"Thorn8617","format":"[Gen 9] Ubers","log":"|j|\u2606sharkkkkkkkkkkkk\n|j|\u2606Thorn8617\n|t:|1699506348\n|gametype|singles\n|player|p1|sharkkkkkkkkkkkk|roxie|\n|player|p2|Thorn8617|lance|\n|teamsize|p1|6\n|teamsize|p2|6\n|gen|9\n|tier|[Gen 9] Ubers\n|rule|Sleep Clause Mod: Limit one foe put to sleep\n|rule|Species Clause: Limit one of each Pok\u00e9mon\n|rule|OHKO Clause: OHKO moves are banned\n|rule|Evasion Items Clause: Evasion items are banned\n|rule|Evasion Moves Clause: Evasion moves are banned\n|rule|Endless Battle Clause: Forcing endless battles is banned\n|rule|HP Percentage Mod: HP is shown in percentages\n|clearpoke\n|poke|p1|Gliscor, M|\n|poke|p1|Ninetales-Alola, M|\n|poke|p1|Thundurus-Therian, M|\n|poke|p1|Wyrdeer, M|\n|poke|p1|Conkeldurr, M|\n|poke|p1|Revavroom, M|\n|poke|p2|Amoonguss, M|\n|poke|p2|Roaring Moon|\n|poke|p2|Corviknight, M|\n|poke|p2|Dusclops, M|\n|poke|p2|Krookodile, M|\n|poke|p2|Cryogonal|\n|teampreview\n|\n|t:|1699506402\n|start\n|switch|p1a: Hank Schrader|Conkeldurr, M|100\/100\n|switch|p2a: Gawain|Corviknight, M|100\/100\n|turn|1\n|\n|t:|1699506417\n|move|p2a: Gawain|Iron Defense|p2a: Gawain\n|-boost|p2a: Gawain|def|2\n|move|p1a: Hank Schrader|Knock Off|p2a: Gawain\n|-damage|p2a: Gawain|89\/100\n|-enditem|p2a: Gawain|Leftovers|[from] move: Knock Off|[of] p1a: Hank Schrader\n|\n|-status|p1a: Hank Schrader|brn|[from] item: Flame Orb\n|upkeep\n|turn|2\n|\n|t:|1699506428\n|switch|p1a: Grimm|Gliscor, M|100\/100\n|move|p2a: Gawain|Iron Defense|p2a: Gawain\n|-boost|p2a: Gawain|def|2\n|\n|-status|p1a: Grimm|tox|[from] item: Toxic Orb\n|upkeep\n|turn|3\n|\n|t:|1699506436\n|move|p1a: Grimm|Stealth Rock|p2a: Gawain\n|-sidestart|p2: Thorn8617|move: Stealth Rock\n|move|p2a: Gawain|Body Press|p1a: Grimm\n|-resisted|p1a: Grimm\n|-damage|p1a: Grimm|79\/100 tox\n|\n|-heal|p1a: Grimm|91\/100 tox|[from] ability: Poison Heal\n|upkeep\n|turn|4\n|\n|t:|1699506450\n|move|p1a: Grimm|Brick Break|p2a: Gawain\n|-damage|p2a: Gawain|85\/100\n|move|p2a: Gawain|Iron Defense|p2a: Gawain\n|-boost|p2a: Gawain|def|2\n|\n|-heal|p1a: Grimm|100\/100 tox|[from] ability: Poison Heal\n|upkeep\n|turn|5\n|\n|t:|1699506457\n|move|p1a: Grimm|Brick Break|p2a: Gawain\n|-damage|p2a: Gawain|83\/100\n|move|p2a: Gawain|Body Press|p1a: Grimm\n|-resisted|p1a: Grimm\n|-damage|p1a: Grimm|71\/100 tox\n|\n|-heal|p1a: Grimm|83\/100 tox|[from] ability: Poison Heal\n|upkeep\n|turn|6\n|\n|t:|1699506464\n|move|p1a: Grimm|Brick Break|p2a: Gawain\n|-damage|p2a: Gawain|80\/100\n|move|p2a: Gawain|Body Press|p1a: Grimm\n|-resisted|p1a: Grimm\n|-damage|p1a: Grimm|52\/100 tox\n|\n|-heal|p1a: Grimm|64\/100 tox|[from] ability: Poison Heal\n|upkeep\n|turn|7\n|\n|t:|1699506472\n|move|p1a: Grimm|Protect|p1a: Grimm\n|-singleturn|p1a: Grimm|Protect\n|move|p2a: Gawain|Body Press|p1a: Grimm\n|-activate|p1a: Grimm|move: Protect\n|\n|-heal|p1a: Grimm|76\/100 tox|[from] ability: Poison Heal\n|upkeep\n|turn|8\n|\n|t:|1699506488\n|switch|p1a: christmas|Wyrdeer, M|100\/100\n|-ability|p1a: christmas|Intimidate|boost\n|-ability|p2a: Gawain|Mirror Armor\n|-unboost|p1a: christmas|atk|1\n|move|p2a: Gawain|Body Press|p1a: christmas\n|-damage|p1a: christmas|23\/100\n|-enditem|p1a: christmas|Red Card|[of] p2a: Gawain\n|drag|p2a: Beetlejuice|Dusclops, M|100\/100\n|-damage|p2a: Beetlejuice|88\/100|[from] Stealth Rock\n|\n|upkeep\n|turn|9\n|\n|t:|1699506511\n|move|p1a: christmas|Rest|p1a: christmas\n|-status|p1a: christmas|slp|[from] move: Rest\n|-heal|p1a: christmas|100\/100 slp|[silent]\n|move|p2a: Beetlejuice|Will-O-Wisp||[still]\n|-fail|p2a: Beetlejuice\n|\n|upkeep\n|turn|10\n|\n|t:|1699506522\n|switch|p1a: Hank Schrader|Conkeldurr, M|100\/100 brn\n|switch|p2a: Absolute 0|Cryogonal|100\/100\n|\n|-damage|p1a: Hank Schrader|94\/100 brn|[from] brn\n|upkeep\n|turn|11\n|\n|t:|1699506532\n|switch|p2a: Gawain|Corviknight, M|80\/100\n|-damage|p2a: Gawain|68\/100|[from] Stealth Rock\n|move|p1a: Hank Schrader|Knock Off|p2a: Gawain\n|-damage|p2a: Gawain|44\/100\n|\n|-damage|p1a: Hank Schrader|88\/100 brn|[from] brn\n|upkeep\n|turn|12\n|\n|t:|1699506540\n|switch|p1a: Skywalker|Thundurus-Therian, M|100\/100\n|move|p2a: Gawain|Roost|p2a: Gawain\n|-heal|p2a: Gawain|94\/100\n|-singleturn|p2a: Gawain|move: Roost\n|\n|upkeep\n|turn|13\n|\n|t:|1699506582\n|switch|p2a: Pesticide|Amoonguss, M|100\/100\n|-damage|p2a: Pesticide|88\/100|[from] Stealth Rock\n|move|p1a: Skywalker|Focus Blast|p2a: Pesticide\n|-resisted|p2a: Pesticide\n|-damage|p2a: Pesticide|69\/100\n|\n|upkeep\n|turn|14\n|\n|t:|1699506592\n|move|p1a: Skywalker|Psychic|p2a: Pesticide\n|-supereffective|p2a: Pesticide\n|-damage|p2a: Pesticide|8\/100\n|move|p2a: Pesticide|Sludge Bomb|p1a: Skywalker\n|-damage|p1a: Skywalker|65\/100\n|-status|p1a: Skywalker|psn\n|\n|-damage|p1a: Skywalker|53\/100 psn|[from] psn\n|upkeep\n|turn|15\n|\n|t:|1699506619\n|switch|p2a: Absolute 0|Cryogonal|100\/100\n|move|p1a: Skywalker|Focus Blast|p2a: Absolute 0\n|-supereffective|p2a: Absolute 0\n|-damage|p2a: Absolute 0|25\/100\n|\n|-damage|p1a: Skywalker|41\/100 psn|[from] psn\n|upkeep\n|turn|16\n|\n|t:|1699506631\n|switch|p2a: Beetlejuice|Dusclops, M|88\/100\n|-damage|p2a: Beetlejuice|76\/100|[from] Stealth Rock\n|-item|p1a: Skywalker|Heavy-Duty Boots|[from] ability: Frisk|[of] p2a: Beetlejuice|[identify]\n|move|p1a: Skywalker|Volt Switch|p2a: Beetlejuice\n|-damage|p2a: Beetlejuice|52\/100\n|\n|t:|1699506638\n|switch|p1a: Hank Schrader|Conkeldurr, M|88\/100 brn|[from] Volt Switch\n|\n|-damage|p1a: Hank Schrader|82\/100 brn|[from] brn\n|upkeep\n|turn|17\n|\n|t:|1699506649\n|switch|p2a: Gawain|Corviknight, M|94\/100\n|-damage|p2a: Gawain|81\/100|[from] Stealth Rock\n|move|p1a: Hank Schrader|Knock Off|p2a: Gawain\n|-damage|p2a: Gawain|58\/100\n|\n|-damage|p1a: Hank Schrader|76\/100 brn|[from] brn\n|upkeep\n|turn|18\n|\n|t:|1699506660\n|move|p2a: Gawain|Roost|p2a: Gawain\n|-heal|p2a: Gawain|100\/100\n|-singleturn|p2a: Gawain|move: Roost\n|move|p1a: Hank Schrader|Drain Punch|p2a: Gawain\n|-supereffective|p2a: Gawain\n|-damage|p2a: Gawain|19\/100\n|-heal|p1a: Hank Schrader|100\/100 brn|[from] drain|[of] p2a: Gawain\n|\n|-damage|p1a: Hank Schrader|94\/100 brn|[from] brn\n|upkeep\n|turn|19\n|\n|t:|1699506675\n|switch|p2a: Beetlejuice|Dusclops, M|52\/100\n|-damage|p2a: Beetlejuice|39\/100|[from] Stealth Rock\n|-item|p1a: Hank Schrader|Flame Orb|[from] ability: Frisk|[of] p2a: Beetlejuice|[identify]\n|move|p1a: Hank Schrader|Mach Punch|p2a: Beetlejuice\n|-immune|p2a: Beetlejuice\n|\n|-damage|p1a: Hank Schrader|88\/100 brn|[from] brn\n|upkeep\n|turn|20\n|\n|t:|1699506684\n|move|p1a: Hank Schrader|Knock Off|p2a: Beetlejuice\n|-supereffective|p2a: Beetlejuice\n|-damage|p2a: Beetlejuice|0 fnt\n|-enditem|p2a: Beetlejuice|Eviolite|[from] move: Knock Off|[of] p1a: Hank Schrader\n|faint|p2a: Beetlejuice\n|\n|-damage|p1a: Hank Schrader|82\/100 brn|[from] brn\n|upkeep\n|\n|t:|1699506706\n|switch|p2a: Gatorade|Krookodile, M|100\/100\n|-damage|p2a: Gatorade|94\/100|[from] Stealth Rock\n|-ability|p2a: Gatorade|Intimidate|boost\n|-unboost|p1a: Hank Schrader|atk|1\n|turn|21\n|\n|t:|1699506714\n|switch|p1a: christmas|Wyrdeer, M|100\/100 slp\n|-ability|p1a: christmas|Intimidate|boost\n|-unboost|p2a: Gatorade|atk|1\n|move|p2a: Gatorade|Roar|p1a: christmas\n|drag|p1a: scrapmetal|Revavroom, M|100\/100\n|\n|-heal|p2a: Gatorade|100\/100|[from] item: Leftovers\n|upkeep\n|turn|22\n|\n|t:|1699506724\n|-terastallize|p1a: scrapmetal|Flying\n|move|p2a: Gatorade|Stealth Rock|p1a: scrapmetal\n|-sidestart|p1: sharkkkkkkkkkkkk|move: Stealth Rock\n|move|p1a: scrapmetal|Shift Gear|p1a: scrapmetal\n|-boost|p1a: scrapmetal|spe|2\n|-boost|p1a: scrapmetal|atk|1\n|\n|upkeep\n|turn|23\n|\n|t:|1699506731\n|move|p1a: scrapmetal|Poison Jab|p2a: Gatorade\n|-resisted|p2a: Gatorade\n|-crit|p2a: Gatorade\n|-damage|p2a: Gatorade|25\/100\n|-damage|p1a: scrapmetal|91\/100|[from] item: Life Orb\n|move|p2a: Gatorade|Knock Off|p1a: scrapmetal\n|-damage|p1a: scrapmetal|50\/100\n|-enditem|p1a: scrapmetal|Life Orb|[from] move: Knock Off|[of] p2a: Gatorade\n|\n|-heal|p2a: Gatorade|31\/100|[from] item: Leftovers\n|upkeep\n|turn|24\n|\n|t:|1699506758\n|move|p1a: scrapmetal|Tera Blast|p2a: Gatorade|[anim] Tera Blast Flying\n|-damage|p2a: Gatorade|0 fnt\n|faint|p2a: Gatorade\n|\n|upkeep\n|\n|t:|1699506870\n|switch|p2a: Pesticide|Amoonguss, M|41\/100\n|-damage|p2a: Pesticide|29\/100|[from] Stealth Rock\n|turn|25\n|\n|t:|1699506876\n|move|p1a: scrapmetal|Tera Blast|p2a: Pesticide|[anim] Tera Blast Flying\n|-supereffective|p2a: Pesticide\n|-damage|p2a: Pesticide|0 fnt\n|faint|p2a: Pesticide\n|\n|upkeep\n|\n|t:|1699506883\n|switch|p2a: Gawain|Corviknight, M|19\/100\n|-damage|p2a: Gawain|7\/100|[from] Stealth Rock\n|turn|26\n|\n|t:|1699506887\n|move|p1a: scrapmetal|Poison Jab|p2a: Gawain\n|-immune|p2a: Gawain\n|move|p2a: Gawain|Roost|p2a: Gawain\n|-heal|p2a: Gawain|57\/100\n|-singleturn|p2a: Gawain|move: Roost\n|\n|upkeep\n|turn|27\n|\n|t:|1699506896\n|move|p1a: scrapmetal|Shift Gear|p1a: scrapmetal\n|-boost|p1a: scrapmetal|spe|2\n|-boost|p1a: scrapmetal|atk|1\n|move|p2a: Gawain|Iron Defense|p2a: Gawain\n|-boost|p2a: Gawain|def|2\n|\n|upkeep\n|turn|28\n|\n|t:|1699506902\n|move|p1a: scrapmetal|Shift Gear|p1a: scrapmetal\n|-boost|p1a: scrapmetal|spe|2\n|-boost|p1a: scrapmetal|atk|1\n|move|p2a: Gawain|Iron Defense|p2a: Gawain\n|-boost|p2a: Gawain|def|2\n|\n|upkeep\n|turn|29\n|\n|t:|1699506909\n|move|p1a: scrapmetal|Tera Blast|p2a: Gawain|[anim] Tera Blast Flying\n|-resisted|p2a: Gawain\n|-damage|p2a: Gawain|47\/100\n|move|p2a: Gawain|Iron Defense|p2a: Gawain\n|-boost|p2a: Gawain|def|2\n|\n|upkeep\n|turn|30\n|\n|t:|1699506920\n|move|p1a: scrapmetal|Tera Blast|p2a: Gawain|[anim] Tera Blast Flying\n|-resisted|p2a: Gawain\n|-damage|p2a: Gawain|39\/100\n|move|p2a: Gawain|Roost|p2a: Gawain\n|-heal|p2a: Gawain|89\/100\n|-singleturn|p2a: Gawain|move: Roost\n|\n|upkeep\n|turn|31\n|\n|t:|1699506927\n|move|p1a: scrapmetal|Tera Blast|p2a: Gawain|[anim] Tera Blast Flying\n|-resisted|p2a: Gawain\n|-damage|p2a: Gawain|80\/100\n|move|p2a: Gawain|Body Press|p1a: scrapmetal\n|-resisted|p1a: scrapmetal\n|-damage|p1a: scrapmetal|0 fnt\n|faint|p1a: scrapmetal\n|\n|upkeep\n|\n|t:|1699506935\n|switch|p1a: Skywalker|Thundurus-Therian, M|41\/100 psn\n|turn|32\n|\n|t:|1699506988\n|move|p1a: Skywalker|Thunderbolt|p2a: Gawain\n|-supereffective|p2a: Gawain\n|-damage|p2a: Gawain|0 fnt\n|faint|p2a: Gawain\n|\n|-damage|p1a: Skywalker|29\/100 psn|[from] psn\n|upkeep\n|\n|t:|1699507061\n|switch|p2a: Death Star|Roaring Moon|100\/100\n|-damage|p2a: Death Star|88\/100|[from] Stealth Rock\n|-enditem|p2a: Death Star|Booster Energy\n|-activate|p2a: Death Star|ability: Protosynthesis|[fromitem]\n|-start|p2a: Death Star|protosynthesisspe\n|turn|33\n|\n|t:|1699507068\n|move|p2a: Death Star|Substitute|p2a: Death Star\n|-start|p2a: Death Star|Substitute\n|-damage|p2a: Death Star|63\/100\n|move|p1a: Skywalker|Focus Blast|p2a: Death Star\n|-supereffective|p2a: Death Star\n|-end|p2a: Death Star|Substitute\n|\n|-damage|p1a: Skywalker|16\/100 psn|[from] psn\n|upkeep\n|turn|34\n|j| EggplantWall\n|\n|t:|1699507075\n|move|p2a: Death Star|Substitute|p2a: Death Star\n|-start|p2a: Death Star|Substitute\n|-damage|p2a: Death Star|39\/100\n|move|p1a: Skywalker|Focus Blast|p2a: Death Star\n|-supereffective|p2a: Death Star\n|-end|p2a: Death Star|Substitute\n|\n|-damage|p1a: Skywalker|4\/100 psn|[from] psn\n|upkeep\n|turn|35\n|\n|t:|1699507083\n|move|p2a: Death Star|Substitute|p2a: Death Star\n|-start|p2a: Death Star|Substitute\n|-damage|p2a: Death Star|14\/100\n|move|p1a: Skywalker|Focus Blast|p2a: Death Star\n|-supereffective|p2a: Death Star\n|-end|p2a: Death Star|Substitute\n|\n|-damage|p1a: Skywalker|0 fnt|[from] psn\n|faint|p1a: Skywalker\n|upkeep\n|\n|t:|1699507091\n|switch|p1a: Hank Schrader|Conkeldurr, M|82\/100 brn\n|-damage|p1a: Hank Schrader|76\/100 brn|[from] Stealth Rock\n|turn|36\n|\n|t:|1699507097\n|move|p1a: Hank Schrader|Mach Punch|p2a: Death Star\n|-supereffective|p2a: Death Star\n|-damage|p2a: Death Star|0 fnt\n|faint|p2a: Death Star\n|-end|p2a: Death Star|Protosynthesis|[silent]\n|\n|-damage|p1a: Hank Schrader|70\/100 brn|[from] brn\n|upkeep\n|\n|t:|1699507102\n|switch|p2a: Absolute 0|Cryogonal|25\/100\n|turn|37\n|\n|t:|1699507106\n|move|p1a: Hank Schrader|Mach Punch|p2a: Absolute 0\n|-supereffective|p2a: Absolute 0\n|-damage|p2a: Absolute 0|0 fnt\n|faint|p2a: Absolute 0\n|\n|win|sharkkkkkkkkkkkk\n|c|\u2606sharkkkkkkkkkkkk|gg\n","uploadtime":1699507112,"views":58,"p1id":"sharkkkkkkkkkkkk","p2id":"thorn8617","formatid":"gen9ubers","rating":0,"private":0,"password":""}