{"id":"gen9ubers-1981273673","p1":"ogerused","p2":"Pickedman","format":"[Gen 9] Ubers","log":"|j|\u2606ogerused\n|j|\u2606Pickedman\n|t:|1698878614\n|gametype|singles\n|player|p1|ogerused|bianca|\n|player|p2|Pickedman|zinnia|\n|teamsize|p1|6\n|teamsize|p2|6\n|gen|9\n|tier|[Gen 9] Ubers\n|rule|Sleep Clause Mod: Limit one foe put to sleep\n|rule|Species Clause: Limit one of each Pok\u00e9mon\n|rule|OHKO Clause: OHKO moves are banned\n|rule|Evasion Items Clause: Evasion items are banned\n|rule|Evasion Moves Clause: Evasion moves are banned\n|rule|Endless Battle Clause: Forcing endless battles is banned\n|rule|HP Percentage Mod: HP is shown in percentages\n|clearpoke\n|poke|p1|Pincurchin, M|\n|poke|p1|Azelf|\n|poke|p1|Landorus-Therian, M|\n|poke|p1|Greninja-*, F|\n|poke|p1|Thundurus, M|\n|poke|p1|Empoleon, M|\n|poke|p2|Inteleon, F|\n|poke|p2|Gallade, M|\n|poke|p2|Darkrai|\n|poke|p2|Blissey, F|\n|poke|p2|Walking Wake|\n|poke|p2|Grimmsnarl, M|\n|teampreview\n|inactive|Battle timer is ON: inactive players will automatically lose when time's up. (requested by ogerused)\n|\n|t:|1698878649\n|start\n|switch|p1a: Wake Me Up|Pincurchin, M|100\/100\n|switch|p2a: Walking Wake|Walking Wake|100\/100\n|-fieldstart|move: Electric Terrain|[from] ability: Electric Surge|[of] p1a: Wake Me Up\n|turn|1\n|\n|t:|1698878664\n|switch|p1a: Monster|Empoleon, M|100\/100\n|-enditem|p1a: Monster|Electric Seed\n|-boost|p1a: Monster|def|1|[from] item: Electric Seed\n|move|p2a: Walking Wake|Knock Off|p1a: Monster\n|-crit|p1a: Monster\n|-damage|p1a: Monster|79\/100\n|\n|upkeep\n|turn|2\n|\n|t:|1698878674\n|move|p1a: Monster|Agility|p1a: Monster\n|-boost|p1a: Monster|spe|2\n|move|p2a: Walking Wake|Roar|p1a: Monster\n|drag|p1a: Think I Like U|Greninja, F|100\/100\n|-enditem|p1a: Think I Like U|Electric Seed\n|-boost|p1a: Think I Like U|def|1|[from] item: Electric Seed\n|\n|upkeep\n|turn|3\n|\n|t:|1698878682\n|move|p1a: Think I Like U|Acrobatics|p2a: Walking Wake\n|-damage|p2a: Walking Wake|71\/100\n|move|p2a: Walking Wake|Roar|p1a: Think I Like U\n|drag|p1a: Strawberry Milk|Landorus-Therian, M|100\/100\n|-ability|p1a: Strawberry Milk|Intimidate|boost\n|-unboost|p2a: Walking Wake|atk|1\n|-enditem|p1a: Strawberry Milk|Electric Seed\n|-boost|p1a: Strawberry Milk|def|1|[from] item: Electric Seed\n|\n|upkeep\n|turn|4\n|\n|t:|1698878691\n|move|p1a: Strawberry Milk|Earth Power|p2a: Walking Wake\n|-damage|p2a: Walking Wake|39\/100\n|move|p2a: Walking Wake|Roar|p1a: Strawberry Milk\n|drag|p1a: Monster|Empoleon, M|79\/100\n|\n|upkeep\n|turn|5\n|c|\u2606Pickedman|5 fucking electric seeds\n|\n|t:|1698878701\n|move|p1a: Monster|Roost|p1a: Monster\n|-heal|p1a: Monster|100\/100\n|-singleturn|p1a: Monster|move: Roost\n|move|p2a: Walking Wake|Roar|p1a: Monster\n|drag|p1a: Think I Like U|Greninja, F|100\/100\n|\n|upkeep\n|turn|6\n|\n|t:|1698878711\n|move|p1a: Think I Like U|Acrobatics|p2a: Walking Wake\n|-damage|p2a: Walking Wake|12\/100\n|move|p2a: Walking Wake|Flip Turn|p1a: Think I Like U\n|-resisted|p1a: Think I Like U\n|-damage|p1a: Think I Like U|91\/100\n|\n|t:|1698878719\n|-end|p2a: Walking Wake|Protosynthesis|[silent]\n|switch|p2a: Grimmsnarl|Grimmsnarl, M|100\/100|[from] Flip Turn\n|\n|upkeep\n|turn|7\n|\n|t:|1698878727\n|move|p2a: Grimmsnarl|Reflect|p2a: Grimmsnarl\n|-sidestart|p2: Pickedman|Reflect\n|move|p1a: Think I Like U|Swords Dance|p1a: Think I Like U\n|-boost|p1a: Think I Like U|atk|2\n|\n|upkeep\n|turn|8\n|\n|t:|1698878749\n|switch|p2a: Walking Wake|Walking Wake|12\/100\n|move|p1a: Think I Like U|Waterfall|p2a: Walking Wake\n|-resisted|p2a: Walking Wake\n|-damage|p2a: Walking Wake|5\/100\n|\n|-fieldend|move: Electric Terrain\n|upkeep\n|turn|9\n|\n|t:|1698878766\n|move|p1a: Think I Like U|Swords Dance|p1a: Think I Like U\n|-boost|p1a: Think I Like U|atk|2\n|move|p2a: Walking Wake|Roar|p1a: Think I Like U\n|drag|p1a: Strawberry Milk|Landorus-Therian, M|100\/100\n|-ability|p1a: Strawberry Milk|Intimidate|boost\n|-unboost|p2a: Walking Wake|atk|1\n|\n|upkeep\n|turn|10\n|\n|t:|1698878779\n|move|p2a: Walking Wake|Flip Turn|p1a: Strawberry Milk\n|-supereffective|p1a: Strawberry Milk\n|-damage|p1a: Strawberry Milk|77\/100\n|\n|t:|1698878804\n|-end|p2a: Walking Wake|Protosynthesis|[silent]\n|switch|p2a: Blissey|Blissey, F|100\/100|[from] Flip Turn\n|move|p1a: Strawberry Milk|Earth Power|p2a: Blissey\n|-crit|p2a: Blissey\n|-damage|p2a: Blissey|82\/100\n|\n|upkeep\n|turn|11\n|\n|t:|1698878821\n|switch|p1a: Monster|Empoleon, M|100\/100\n|move|p2a: Blissey|Stealth Rock|p1a: Monster\n|-sidestart|p1: ogerused|move: Stealth Rock\n|\n|upkeep\n|turn|12\n|\n|t:|1698878825\n|move|p1a: Monster|Agility|p1a: Monster\n|-boost|p1a: Monster|spe|2\n|move|p2a: Blissey|Thunder Wave|p1a: Monster\n|-status|p1a: Monster|par\n|\n|upkeep\n|turn|13\n|\n|t:|1698878830\n|cant|p1a: Monster|par\n|move|p2a: Blissey|Seismic Toss|p1a: Monster\n|-damage|p1a: Monster|71\/100 par\n|\n|upkeep\n|turn|14\n|\n|t:|1698878837\n|move|p1a: Monster|Agility|p1a: Monster\n|-boost|p1a: Monster|spe|2\n|move|p2a: Blissey|Seismic Toss|p1a: Monster\n|-damage|p1a: Monster|41\/100 par\n|\n|-sideend|p2: Pickedman|Reflect\n|upkeep\n|turn|15\n|\n|t:|1698878860\n|move|p1a: Monster|Roost|p1a: Monster\n|-heal|p1a: Monster|91\/100 par\n|-singleturn|p1a: Monster|move: Roost\n|move|p2a: Blissey|Seismic Toss|p1a: Monster\n|-damage|p1a: Monster|62\/100 par\n|\n|upkeep\n|turn|16\n|\n|t:|1698878867\n|switch|p2a: Gallade|Gallade, M|100\/100\n|move|p1a: Monster|Swords Dance|p1a: Monster\n|-boost|p1a: Monster|atk|2\n|\n|upkeep\n|turn|17\n|\n|t:|1698878884\n|-terastallize|p1a: Monster|Poison\n|cant|p1a: Monster|par\n|move|p2a: Gallade|Bulk Up|p2a: Gallade\n|-boost|p2a: Gallade|atk|1\n|-boost|p2a: Gallade|def|1\n|\n|upkeep\n|turn|18\n|\n|t:|1698878904\n|move|p1a: Monster|Power Trip|p2a: Gallade\n|-damage|p2a: Gallade|63\/100\n|move|p2a: Gallade|Bulk Up|p2a: Gallade\n|-boost|p2a: Gallade|atk|1\n|-boost|p2a: Gallade|def|1\n|\n|-heal|p2a: Gallade|69\/100|[from] item: Leftovers\n|upkeep\n|turn|19\n|\n|t:|1698878909\n|move|p1a: Monster|Swords Dance|p1a: Monster\n|-boost|p1a: Monster|atk|2\n|move|p2a: Gallade|Bulk Up|p2a: Gallade\n|-boost|p2a: Gallade|atk|1\n|-boost|p2a: Gallade|def|1\n|\n|-heal|p2a: Gallade|75\/100|[from] item: Leftovers\n|upkeep\n|turn|20\n|\n|t:|1698878915\n|move|p1a: Monster|Power Trip|p2a: Gallade\n|-damage|p2a: Gallade|34\/100\n|move|p2a: Gallade|Stored Power|p1a: Monster\n|-supereffective|p1a: Monster\n|-damage|p1a: Monster|15\/100 par\n|\n|-heal|p2a: Gallade|40\/100|[from] item: Leftovers\n|upkeep\n|turn|21\n|\n|t:|1698878923\n|cant|p1a: Monster|par\n|move|p2a: Gallade|Stored Power|p1a: Monster\n|-supereffective|p1a: Monster\n|-damage|p1a: Monster|0 fnt\n|faint|p1a: Monster\n|\n|-heal|p2a: Gallade|47\/100|[from] item: Leftovers\n|upkeep\n|\n|t:|1698878933\n|switch|p1a: Wake Me Up|Pincurchin, M|100\/100\n|-damage|p1a: Wake Me Up|88\/100|[from] Stealth Rock\n|-fieldstart|move: Electric Terrain|[from] ability: Electric Surge|[of] p1a: Wake Me Up\n|turn|22\n|\n|t:|1698878941\n|move|p2a: Gallade|Calm Mind|p2a: Gallade\n|-boost|p2a: Gallade|spa|1\n|-boost|p2a: Gallade|spd|1\n|move|p1a: Wake Me Up|Memento|p2a: Gallade\n|-unboost|p2a: Gallade|atk|2\n|-unboost|p2a: Gallade|spa|2\n|faint|p1a: Wake Me Up\n|\n|-heal|p2a: Gallade|53\/100|[from] item: Leftovers\n|upkeep\n|\n|t:|1698878944\n|switch|p1a: Sadness Overwhelms|Azelf|100\/100\n|-damage|p1a: Sadness Overwhelms|88\/100|[from] Stealth Rock\n|-enditem|p1a: Sadness Overwhelms|Electric Seed\n|-boost|p1a: Sadness Overwhelms|def|1|[from] item: Electric Seed\n|turn|23\n|\n|t:|1698878949\n|move|p1a: Sadness Overwhelms|Calm Mind|p1a: Sadness Overwhelms\n|-boost|p1a: Sadness Overwhelms|spa|1\n|-boost|p1a: Sadness Overwhelms|spd|1\n|move|p2a: Gallade|Calm Mind|p2a: Gallade\n|-boost|p2a: Gallade|spa|1\n|-boost|p2a: Gallade|spd|1\n|\n|-heal|p2a: Gallade|59\/100|[from] item: Leftovers\n|upkeep\n|turn|24\n|\n|t:|1698878957\n|move|p1a: Sadness Overwhelms|Draining Kiss|p2a: Gallade\n|-supereffective|p2a: Gallade\n|-damage|p2a: Gallade|40\/100\n|-heal|p1a: Sadness Overwhelms|100\/100|[from] drain|[of] p2a: Gallade\n|move|p2a: Gallade|Calm Mind|p2a: Gallade\n|-boost|p2a: Gallade|spa|1\n|-boost|p2a: Gallade|spd|1\n|\n|-heal|p2a: Gallade|46\/100|[from] item: Leftovers\n|upkeep\n|turn|25\n|\n|t:|1698878972\n|move|p1a: Sadness Overwhelms|Calm Mind|p1a: Sadness Overwhelms\n|-boost|p1a: Sadness Overwhelms|spa|1\n|-boost|p1a: Sadness Overwhelms|spd|1\n|move|p2a: Gallade|Calm Mind|p2a: Gallade\n|-boost|p2a: Gallade|spa|1\n|-boost|p2a: Gallade|spd|1\n|\n|-heal|p2a: Gallade|53\/100|[from] item: Leftovers\n|upkeep\n|turn|26\n|c|\u2606ogerused|Did I really lose to this\n|\n|t:|1698878981\n|move|p1a: Sadness Overwhelms|Stored Power|p2a: Gallade\n|-damage|p2a: Gallade|23\/100\n|move|p2a: Gallade|Calm Mind|p2a: Gallade\n|-boost|p2a: Gallade|spa|1\n|-boost|p2a: Gallade|spd|1\n|\n|-heal|p2a: Gallade|29\/100|[from] item: Leftovers\n|upkeep\n|turn|27\n|inactive|Pickedman has 270 seconds left.\n|\n|t:|1698879018\n|move|p1a: Sadness Overwhelms|Stored Power|p2a: Gallade\n|-damage|p2a: Gallade|5\/100\n|move|p2a: Gallade|Stored Power|p1a: Sadness Overwhelms\n|-resisted|p1a: Sadness Overwhelms\n|-damage|p1a: Sadness Overwhelms|52\/100\n|\n|-heal|p2a: Gallade|12\/100|[from] item: Leftovers\n|upkeep\n|turn|28\n|inactive|Pickedman has 270 seconds left.\n|\n|t:|1698879028\n|move|p1a: Sadness Overwhelms|Draining Kiss|p2a: Gallade\n|-supereffective|p2a: Gallade\n|-damage|p2a: Gallade|0 fnt\n|-heal|p1a: Sadness Overwhelms|61\/100|[from] drain|[of] p2a: Gallade\n|faint|p2a: Gallade\n|\n|upkeep\n|\n|t:|1698879031\n|switch|p2a: Darkrai|Darkrai|100\/100\n|turn|29\n|\n|t:|1698879036\n|move|p2a: Darkrai|Knock Off|p1a: Sadness Overwhelms\n|-supereffective|p1a: Sadness Overwhelms\n|-damage|p1a: Sadness Overwhelms|0 fnt\n|faint|p1a: Sadness Overwhelms\n|-damage|p2a: Darkrai|91\/100|[from] item: Life Orb\n|\n|-fieldend|move: Electric Terrain\n|upkeep\n|\n|t:|1698879050\n|switch|p1a: Nascar|Thundurus, M|100\/100\n|-damage|p1a: Nascar|76\/100|[from] Stealth Rock\n|turn|30\n|\n|t:|1698879056\n|move|p1a: Nascar|Thunder Wave|p2a: Darkrai\n|-hint|Since gen 7, Dark is immune to Prankster moves.\n|-immune|p2a: Darkrai\n|move|p2a: Darkrai|Knock Off|p1a: Nascar\n|-damage|p1a: Nascar|0 fnt\n|-enditem|p1a: Nascar|Electric Seed|[from] move: Knock Off|[of] p2a: Darkrai\n|faint|p1a: Nascar\n|-damage|p2a: Darkrai|81\/100|[from] item: Life Orb\n|\n|upkeep\n|-message|ogerused forfeited.\n|\n|win|Pickedman\n|l|\u2606ogerused\n|c|\u2606Pickedman|gg\n","uploadtime":1698879066,"views":18,"p1id":"ogerused","p2id":"pickedman","formatid":"gen9ubers","rating":0,"private":0,"password":""}