{"id":"gen9ubers-1968258305","p1":"Oomaester1234","p2":"GratedsShtickface","format":"[Gen 9] Ubers","log":"|j|\u2606Oomaester1234\n|j|\u2606GratedsShtickface\n|t:|1697399761\n|gametype|singles\n|player|p1|Oomaester1234|teamrocket|\n|player|p2|GratedsShtickface|hiker-gen4|\n|teamsize|p1|6\n|teamsize|p2|6\n|gen|9\n|tier|[Gen 9] Ubers\n|rule|Sleep Clause Mod: Limit one foe put to sleep\n|rule|Species Clause: Limit one of each Pok\u00e9mon\n|rule|OHKO Clause: OHKO moves are banned\n|rule|Evasion Items Clause: Evasion items are banned\n|rule|Evasion Moves Clause: Evasion moves are banned\n|rule|Endless Battle Clause: Forcing endless battles is banned\n|rule|HP Percentage Mod: HP is shown in percentages\n|clearpoke\n|poke|p1|Garchomp, M|\n|poke|p1|Tyranitar, F|\n|poke|p1|Houndstone, F|\n|poke|p1|Landorus, M|\n|poke|p1|Magearna|\n|poke|p1|Ogerpon-Wellspring, F|\n|poke|p2|Torkoal, M|\n|poke|p2|Chi-Yu|\n|poke|p2|Lilligant-Hisui, F|\n|poke|p2|Walking Wake|\n|poke|p2|Arceus-Poison|\n|poke|p2|Dondozo, M|\n|teampreview\n|inactive|Battle timer is ON: inactive players will automatically lose when time's up. (requested by GratedsShtickface)\n|\n|t:|1697399776\n|start\n|switch|p1a: Landorus|Landorus, M|100\/100\n|switch|p2a: Not a Rock Type|Torkoal, M, shiny|100\/100\n|-weather|SunnyDay|[from] ability: Drought|[of] p2a: Not a Rock Type\n|turn|1\n|\n|t:|1697399787\n|switch|p2a: Dracune|Walking Wake|100\/100\n|-activate|p2a: Dracune|ability: Protosynthesis\n|-start|p2a: Dracune|protosynthesisspe\n|move|p1a: Landorus|Earth Power|p2a: Dracune\n|-damage|p2a: Dracune|21\/100\n|\n|-weather|SunnyDay|[upkeep]\n|upkeep\n|turn|2\n|\n|t:|1697399797\n|switch|p1a: Tyranitar|Tyranitar, F|100\/100\n|-weather|Sandstorm|[from] ability: Sand Stream|[of] p1a: Tyranitar\n|-end|p2a: Dracune|Protosynthesis\n|move|p2a: Dracune|Hydro Steam|p1a: Tyranitar\n|-supereffective|p1a: Tyranitar\n|-damage|p1a: Tyranitar|30\/100\n|\n|-weather|Sandstorm|[upkeep]\n|-damage|p2a: Dracune|15\/100|[from] Sandstorm\n|upkeep\n|turn|3\n|\n|t:|1697399808\n|switch|p1a: Ogerpon|Ogerpon-Wellspring, F|100\/100\n|move|p2a: Dracune|Hydro Steam|p1a: Ogerpon\n|-immune|p1a: Ogerpon|[from] ability: Water Absorb\n|\n|-weather|Sandstorm|[upkeep]\n|-damage|p1a: Ogerpon|95\/100|[from] Sandstorm\n|-damage|p2a: Dracune|8\/100|[from] Sandstorm\n|upkeep\n|turn|4\n|\n|t:|1697399813\n|-end|p2a: Dracune|Protosynthesis|[silent]\n|switch|p2a: Not a Rock Type|Torkoal, M, shiny|100\/100\n|-weather|SunnyDay|[from] ability: Drought|[of] p2a: Not a Rock Type\n|move|p1a: Ogerpon|Swords Dance|p1a: Ogerpon\n|-boost|p1a: Ogerpon|atk|2\n|\n|-weather|SunnyDay|[upkeep]\n|upkeep\n|turn|5\n|\n|t:|1697399818\n|move|p1a: Ogerpon|Ivy Cudgel|p2a: Not a Rock Type\n|-supereffective|p2a: Not a Rock Type\n|-damage|p2a: Not a Rock Type|31\/100\n|move|p2a: Not a Rock Type|Stealth Rock|p1a: Ogerpon\n|-sidestart|p1: Oomaester1234|move: Stealth Rock\n|\n|-weather|SunnyDay|[upkeep]\n|upkeep\n|turn|6\n|\n|t:|1697399823\n|switch|p2a: Dodonzo|Dondozo, M|100\/100\n|move|p1a: Ogerpon|Ivy Cudgel|p2a: Dodonzo\n|-resisted|p2a: Dodonzo\n|-damage|p2a: Dodonzo|95\/100\n|\n|-weather|SunnyDay|[upkeep]\n|-heal|p2a: Dodonzo|100\/100|[from] item: Leftovers\n|upkeep\n|turn|7\n|\n|t:|1697399831\n|move|p1a: Ogerpon|Horn Leech|p2a: Dodonzo\n|-supereffective|p2a: Dodonzo\n|-damage|p2a: Dodonzo|64\/100\n|-heal|p1a: Ogerpon|100\/100|[from] drain|[of] p2a: Dodonzo\n|move|p2a: Dodonzo|Liquidation|p1a: Ogerpon\n|-immune|p1a: Ogerpon|[from] ability: Water Absorb\n|\n|-weather|SunnyDay|[upkeep]\n|-heal|p2a: Dodonzo|71\/100|[from] item: Leftovers\n|upkeep\n|turn|8\n|\n|t:|1697399834\n|move|p1a: Ogerpon|Horn Leech|p2a: Dodonzo\n|-supereffective|p2a: Dodonzo\n|-damage|p2a: Dodonzo|30\/100\n|move|p2a: Dodonzo|Body Press|p1a: Ogerpon\n|-damage|p1a: Ogerpon|67\/100\n|\n|-weather|SunnyDay|[upkeep]\n|-heal|p2a: Dodonzo|36\/100|[from] item: Leftovers\n|upkeep\n|turn|9\n|\n|t:|1697399841\n|switch|p2a: Not a Rock Type|Torkoal, M, shiny|31\/100\n|move|p1a: Ogerpon|Horn Leech|p2a: Not a Rock Type\n|-resisted|p2a: Not a Rock Type\n|-damage|p2a: Not a Rock Type|5\/100\n|-heal|p1a: Ogerpon|81\/100|[from] drain|[of] p2a: Not a Rock Type\n|\n|-weather|SunnyDay|[upkeep]\n|upkeep\n|turn|10\n|\n|t:|1697399847\n|switch|p2a: Dracune|Walking Wake|8\/100\n|-activate|p2a: Dracune|ability: Protosynthesis\n|-start|p2a: Dracune|protosynthesisspe\n|move|p1a: Ogerpon|Horn Leech|p2a: Dracune\n|-damage|p2a: Dracune|0 fnt\n|-heal|p1a: Ogerpon|86\/100|[from] drain|[of] p2a: Dracune\n|faint|p2a: Dracune\n|-end|p2a: Dracune|Protosynthesis|[silent]\n|\n|-weather|SunnyDay|[upkeep]\n|upkeep\n|\n|t:|1697399850\n|switch|p2a: Ballerina|Lilligant-Hisui, F|100\/100\n|turn|11\n|\n|t:|1697399861\n|move|p2a: Ballerina|Solar Blade||[still]\n|-prepare|p2a: Ballerina|Solar Blade\n|-anim|p2a: Ballerina|Solar Blade|p1a: Ogerpon\n|-damage|p1a: Ogerpon|0 fnt\n|faint|p1a: Ogerpon\n|\n|-weather|none\n|upkeep\n|\n|t:|1697399869\n|switch|p1a: Magearna|Magearna|100\/100\n|-damage|p1a: Magearna|94\/100|[from] Stealth Rock\n|turn|12\n|\n|t:|1697399877\n|switch|p2a: Not a Rock Type|Torkoal, M, shiny|5\/100\n|-weather|SunnyDay|[from] ability: Drought|[of] p2a: Not a Rock Type\n|move|p1a: Magearna|Shift Gear|p1a: Magearna\n|-boost|p1a: Magearna|spe|2\n|-boost|p1a: Magearna|atk|1\n|\n|-weather|SunnyDay|[upkeep]\n|-heal|p1a: Magearna|100\/100|[from] item: Leftovers\n|upkeep\n|turn|13\n|\n|t:|1697399894\n|move|p1a: Magearna|Calm Mind|p1a: Magearna\n|-boost|p1a: Magearna|spa|1\n|-boost|p1a: Magearna|spd|1\n|move|p2a: Not a Rock Type|Lava Plume|p1a: Magearna\n|-supereffective|p1a: Magearna\n|-damage|p1a: Magearna|64\/100\n|\n|-weather|SunnyDay|[upkeep]\n|-heal|p1a: Magearna|70\/100|[from] item: Leftovers\n|upkeep\n|turn|14\n|\n|t:|1697399904\n|switch|p2a: Dodonzo|Dondozo, M|36\/100\n|move|p1a: Magearna|Shift Gear|p1a: Magearna\n|-boost|p1a: Magearna|spe|2\n|-boost|p1a: Magearna|atk|1\n|\n|-weather|SunnyDay|[upkeep]\n|-heal|p1a: Magearna|76\/100|[from] item: Leftovers\n|-heal|p2a: Dodonzo|42\/100|[from] item: Leftovers\n|upkeep\n|turn|15\n|\n|t:|1697399915\n|move|p1a: Magearna|Shift Gear|p1a: Magearna\n|-boost|p1a: Magearna|spe|2\n|-boost|p1a: Magearna|atk|1\n|move|p2a: Dodonzo|Rest|p2a: Dodonzo\n|-status|p2a: Dodonzo|slp|[from] move: Rest\n|-heal|p2a: Dodonzo|100\/100 slp|[silent]\n|\n|-weather|SunnyDay|[upkeep]\n|-heal|p1a: Magearna|82\/100|[from] item: Leftovers\n|upkeep\n|turn|16\n|\n|t:|1697399920\n|move|p1a: Magearna|Calm Mind|p1a: Magearna\n|-boost|p1a: Magearna|spa|1\n|-boost|p1a: Magearna|spd|1\n|cant|p2a: Dodonzo|slp\n|\n|-weather|SunnyDay|[upkeep]\n|-heal|p1a: Magearna|88\/100|[from] item: Leftovers\n|upkeep\n|turn|17\n|\n|t:|1697399924\n|move|p1a: Magearna|Shift Gear|p1a: Magearna\n|-boost|p1a: Magearna|spe|0\n|-boost|p1a: Magearna|atk|1\n|cant|p2a: Dodonzo|slp\n|move|p2a: Dodonzo|Sleep Talk|p2a: Dodonzo\n|move|p2a: Dodonzo|Liquidation|p1a: Magearna|[from]move: Sleep Talk\n|-damage|p1a: Magearna|75\/100\n|\n|-weather|SunnyDay|[upkeep]\n|-heal|p1a: Magearna|81\/100|[from] item: Leftovers\n|upkeep\n|turn|18\n|\n|t:|1697399930\n|move|p1a: Magearna|Stored Power|p2a: Dodonzo\n|-damage|p2a: Dodonzo|0 fnt\n|faint|p2a: Dodonzo\n|-ability|p1a: Magearna|Soul-Heart|boost\n|-boost|p1a: Magearna|spa|1\n|\n|-weather|SunnyDay|[upkeep]\n|-heal|p1a: Magearna|87\/100|[from] item: Leftovers\n|upkeep\n|c|\u2606Oomaester1234|ggs\n|\n|t:|1697399937\n|switch|p2a: Ar\u0441eus-Dragon|Arceus-Poison|100\/100\n|turn|19\n|\n|t:|1697399944\n|-terastallize|p2a: Ar\u0441eus-Dragon|Dark\n|move|p1a: Magearna|Stored Power|p2a: Ar\u0441eus-Dragon\n|-immune|p2a: Ar\u0441eus-Dragon\n|move|p2a: Ar\u0441eus-Dragon|Will-O-Wisp|p1a: Magearna\n|-status|p1a: Magearna|brn\n|\n|-weather|none\n|-heal|p1a: Magearna|93\/100 brn|[from] item: Leftovers\n|-damage|p1a: Magearna|87\/100 brn|[from] brn\n|upkeep\n|turn|20\n|\n|t:|1697399959\n|switch|p2a: Not a Rock Type|Torkoal, M, shiny|5\/100\n|-weather|SunnyDay|[from] ability: Drought|[of] p2a: Not a Rock Type\n|move|p1a: Magearna|Draining Kiss|p2a: Not a Rock Type\n|-resisted|p2a: Not a Rock Type\n|-damage|p2a: Not a Rock Type|0 fnt\n|-heal|p1a: Magearna|90\/100 brn|[from] drain|[of] p2a: Not a Rock Type\n|faint|p2a: Not a Rock Type\n|-ability|p1a: Magearna|Soul-Heart|boost\n|-boost|p1a: Magearna|spa|1\n|\n|-weather|SunnyDay|[upkeep]\n|-heal|p1a: Magearna|96\/100 brn|[from] item: Leftovers\n|-damage|p1a: Magearna|90\/100 brn|[from] brn\n|upkeep\n|\n|t:|1697399963\n|switch|p2a: Ballerina|Lilligant-Hisui, F|100\/100\n|turn|21\n|\n|t:|1697399967\n|move|p1a: Magearna|Draining Kiss|p2a: Ballerina\n|-supereffective|p2a: Ballerina\n|-enditem|p2a: Ballerina|Focus Sash\n|-damage|p2a: Ballerina|1\/100\n|-heal|p1a: Magearna|100\/100 brn|[from] drain|[of] p2a: Ballerina\n|move|p2a: Ballerina|Close Combat|p1a: Magearna\n|-damage|p1a: Magearna|54\/100 brn\n|-unboost|p2a: Ballerina|def|1\n|-unboost|p2a: Ballerina|spd|1\n|\n|-weather|SunnyDay|[upkeep]\n|-heal|p1a: Magearna|60\/100 brn|[from] item: Leftovers\n|-damage|p1a: Magearna|54\/100 brn|[from] brn\n|upkeep\n|turn|22\n|\n|t:|1697399976\n|move|p1a: Magearna|Draining Kiss|p2a: Ballerina\n|-supereffective|p2a: Ballerina\n|-damage|p2a: Ballerina|0 fnt\n|-heal|p1a: Magearna|54\/100 brn|[from] drain|[of] p2a: Ballerina\n|faint|p2a: Ballerina\n|-ability|p1a: Magearna|Soul-Heart|boost\n|-boost|p1a: Magearna|spa|1\n|\n|-weather|SunnyDay|[upkeep]\n|-heal|p1a: Magearna|60\/100 brn|[from] item: Leftovers\n|-damage|p1a: Magearna|54\/100 brn|[from] brn\n|upkeep\n|\n|t:|1697399979\n|switch|p2a: Ar\u0441eus-Dragon|Arceus-Poison, tera:Dark|100\/100\n|turn|23\n|\n|t:|1697399981\n|move|p1a: Magearna|Draining Kiss|p2a: Ar\u0441eus-Dragon\n|-supereffective|p2a: Ar\u0441eus-Dragon\n|-damage|p2a: Ar\u0441eus-Dragon|0 fnt\n|-heal|p1a: Magearna|100\/100 brn|[from] drain|[of] p2a: Ar\u0441eus-Dragon\n|faint|p2a: Ar\u0441eus-Dragon\n|-ability|p1a: Magearna|Soul-Heart|boost\n|-boost|p1a: Magearna|spa|1\n|\n|-weather|SunnyDay|[upkeep]\n|-damage|p1a: Magearna|94\/100 brn|[from] brn\n|upkeep\n|\n|t:|1697399983\n|switch|p2a: Funny Fish|Chi-Yu|100\/100\n|-ability|p2a: Funny Fish|Beads of Ruin\n|turn|24\n|\n|t:|1697399984\n|move|p1a: Magearna|Draining Kiss|p2a: Funny Fish\n|-damage|p2a: Funny Fish|0 fnt\n|-heal|p1a: Magearna|100\/100 brn|[from] drain|[of] p2a: Funny Fish\n|faint|p2a: Funny Fish\n|\n|win|Oomaester1234\n|c|\u2606GratedsShtickface|gg\n|c|\u2606Oomaester1234|wp\n|c|\u2606Oomaester1234|i havent beeen able to test veil cjomp\n|l|\u2606GratedsShtickface\n","uploadtime":1697399990,"views":19,"p1id":"oomaester1234","p2id":"gratedsshtickface","formatid":"gen9ubers","rating":0,"private":0,"password":""}