{"id":"gen9ubers-1973526827","p1":"rayanbouz","p2":"Anne Frankkkk","format":"[Gen 9] Ubers","log":"|j|\u2606rayanbouz\n|j|\u2606Anne Frankkkk\n|t:|1697987293\n|gametype|singles\n|player|p1|rayanbouz|2|1034\n|player|p2|Anne Frankkkk|hilbert|1099\n|teamsize|p1|6\n|teamsize|p2|6\n|gen|9\n|tier|[Gen 9] Ubers\n|rated|\n|rule|Sleep Clause Mod: Limit one foe put to sleep\n|rule|Species Clause: Limit one of each Pok\u00e9mon\n|rule|OHKO Clause: OHKO moves are banned\n|rule|Evasion Items Clause: Evasion items are banned\n|rule|Evasion Moves Clause: Evasion moves are banned\n|rule|Endless Battle Clause: Forcing endless battles is banned\n|rule|HP Percentage Mod: HP is shown in percentages\n|clearpoke\n|poke|p1|Pelipper, M|\n|poke|p1|Azumarill, F|\n|poke|p1|Greninja-*, M|\n|poke|p1|Zapdos|\n|poke|p1|Garganacl, F|\n|poke|p1|Kyogre|\n|poke|p2|Iron Hands|\n|poke|p2|Kyogre|\n|poke|p2|Chien-Pao|\n|poke|p2|Ribombee, M|\n|poke|p2|Miraidon|\n|poke|p2|Iron Moth|\n|teampreview\n|\n|t:|1697987298\n|start\n|switch|p1a: Kyogre|Kyogre|100\/100\n|switch|p2a: Ribombee|Ribombee, M, shiny|100\/100\n|-weather|RainDance|[from] ability: Drizzle|[of] p1a: Kyogre\n|turn|1\n|\n|t:|1697987307\n|move|p1a: Kyogre|Water Spout|p2a: Ribombee\n|-enditem|p2a: Ribombee|Focus Sash\n|-damage|p2a: Ribombee|1\/100\n|move|p2a: Ribombee|Sticky Web|p1a: Kyogre\n|-sidestart|p1: rayanbouz|move: Sticky Web\n|\n|-weather|RainDance|[upkeep]\n|upkeep\n|turn|2\n|\n|t:|1697987313\n|move|p1a: Kyogre|Water Spout|p2a: Ribombee\n|-damage|p2a: Ribombee|0 fnt\n|faint|p2a: Ribombee\n|\n|-weather|RainDance|[upkeep]\n|upkeep\n|\n|t:|1697987321\n|switch|p2a: Iron Hands|Iron Hands, shiny|100\/100\n|turn|3\n|\n|t:|1697987325\n|-terastallize|p1a: Kyogre|Water\n|move|p2a: Iron Hands|Fake Out|p1a: Kyogre\n|-damage|p1a: Kyogre|82\/100\n|cant|p1a: Kyogre|flinch\n|\n|-weather|RainDance|[upkeep]\n|upkeep\n|turn|4\n|\n|t:|1697987332\n|move|p1a: Kyogre|Water Spout|p2a: Iron Hands\n|-damage|p2a: Iron Hands|14\/100\n|move|p2a: Iron Hands|Wild Charge|p1a: Kyogre\n|-supereffective|p1a: Kyogre\n|-damage|p1a: Kyogre|0 fnt\n|faint|p1a: Kyogre\n|-damage|p2a: Iron Hands|0 fnt|[from] Recoil\n|faint|p2a: Iron Hands\n|-end|p2a: Iron Hands|Quark Drive|[silent]\n|\n|-weather|RainDance|[upkeep]\n|upkeep\n|\n|t:|1697987346\n|switch|p1a: Greninja|Greninja, M|100\/100\n|switch|p2a: Chien-Pao|Chien-Pao|100\/100\n|-ability|p2a: Chien-Pao|Sword of Ruin\n|-activate|p1a: Greninja|move: Sticky Web\n|-unboost|p1a: Greninja|spe|1\n|turn|5\n|inactive|Battle timer is ON: inactive players will automatically lose when time's up. (requested by Anne Frankkkk)\n|\n|t:|1697987359\n|move|p2a: Chien-Pao|Sacred Sword|p1a: Greninja\n|-supereffective|p1a: Greninja\n|-damage|p1a: Greninja|0 fnt\n|faint|p1a: Greninja\n|-damage|p2a: Chien-Pao|91\/100|[from] item: Life Orb\n|\n|-weather|none\n|upkeep\n|\n|t:|1697987367\n|switch|p1a: Pelipper|Pelipper, M|100\/100\n|-weather|RainDance|[from] ability: Drizzle|[of] p1a: Pelipper\n|turn|6\n|\n|t:|1697987373\n|move|p2a: Chien-Pao|Swords Dance|p2a: Chien-Pao\n|-boost|p2a: Chien-Pao|atk|2\n|move|p1a: Pelipper|Tailwind|p1a: Pelipper\n|-sidestart|p1: rayanbouz|move: Tailwind\n|\n|-weather|RainDance|[upkeep]\n|upkeep\n|turn|7\n|\n|t:|1697987380\n|move|p2a: Chien-Pao|Sucker Punch|p1a: Pelipper\n|-damage|p1a: Pelipper|10\/100\n|-damage|p2a: Chien-Pao|81\/100|[from] item: Life Orb\n|move|p1a: Pelipper|U-turn|p2a: Chien-Pao\n|-supereffective|p2a: Chien-Pao\n|-damage|p2a: Chien-Pao|59\/100\n|\n|t:|1697987388\n|switch|p1a: Azumarill|Azumarill, F|100\/100|[from] U-turn\n|-activate|p1a: Azumarill|move: Sticky Web\n|-unboost|p1a: Azumarill|spe|1\n|\n|-weather|RainDance|[upkeep]\n|upkeep\n|turn|8\n|\n|t:|1697987394\n|move|p1a: Azumarill|Aqua Jet|p2a: Chien-Pao\n|-damage|p2a: Chien-Pao|0 fnt\n|faint|p2a: Chien-Pao\n|\n|-weather|RainDance|[upkeep]\n|upkeep\n|\n|t:|1697987399\n|switch|p2a: Miraidon|Miraidon|100\/100\n|-fieldstart|move: Electric Terrain|[from] ability: Hadron Engine|[of] p2a: Miraidon\n|-item|p2a: Miraidon|Air Balloon\n|turn|9\n|\n|t:|1697987412\n|switch|p1a: Pelipper|Pelipper, M|10\/100\n|move|p2a: Miraidon|Electro Drift|p1a: Pelipper\n|-supereffective|p1a: Pelipper\n|-crit|p1a: Pelipper\n|-damage|p1a: Pelipper|0 fnt\n|faint|p1a: Pelipper\n|\n|-weather|RainDance|[upkeep]\n|-sideend|p1: rayanbouz|move: Tailwind\n|upkeep\n|\n|t:|1697987421\n|switch|p1a: Garganacl|Garganacl, F|100\/100\n|-activate|p1a: Garganacl|move: Sticky Web\n|-unboost|p1a: Garganacl|spe|1\n|turn|10\n|\n|t:|1697987429\n|move|p2a: Miraidon|Dragon Pulse|p1a: Garganacl\n|-damage|p1a: Garganacl|48\/100\n|move|p1a: Garganacl|Salt Cure|p2a: Miraidon\n|-damage|p2a: Miraidon|86\/100\n|-start|p2a: Miraidon|Salt Cure\n|-enditem|p2a: Miraidon|Air Balloon\n|\n|-weather|RainDance|[upkeep]\n|-heal|p1a: Garganacl|54\/100|[from] item: Leftovers\n|-damage|p2a: Miraidon|73\/100|[from] Salt Cure\n|upkeep\n|turn|11\n|\n|t:|1697987440\n|move|p2a: Miraidon|Dragon Pulse|p1a: Garganacl\n|-damage|p1a: Garganacl|0 fnt\n|faint|p1a: Garganacl\n|\n|-weather|RainDance|[upkeep]\n|-damage|p2a: Miraidon|61\/100|[from] Salt Cure\n|upkeep\n|\n|t:|1697987447\n|switch|p1a: Zapdos|Zapdos|100\/100\n|turn|12\n|\n|t:|1697987459\n|move|p2a: Miraidon|Electro Drift|p1a: Zapdos\n|-damage|p1a: Zapdos|3\/100\n|move|p1a: Zapdos|Hurricane|p2a: Miraidon\n|-resisted|p2a: Miraidon\n|-damage|p2a: Miraidon|35\/100\n|\n|-weather|RainDance|[upkeep]\n|-heal|p1a: Zapdos|10\/100|[from] item: Leftovers\n|-damage|p2a: Miraidon|22\/100|[from] Salt Cure\n|upkeep\n|turn|13\n|\n|t:|1697987470\n|move|p2a: Miraidon|Dragon Pulse|p1a: Zapdos\n|-damage|p1a: Zapdos|0 fnt\n|faint|p1a: Zapdos\n|\n|-weather|none\n|-damage|p2a: Miraidon|10\/100|[from] Salt Cure\n|-fieldend|move: Electric Terrain\n|upkeep\n|\n|t:|1697987476\n|switch|p1a: Azumarill|Azumarill, F|100\/100\n|-activate|p1a: Azumarill|move: Sticky Web\n|-unboost|p1a: Azumarill|spe|1\n|turn|14\n|\n|t:|1697987482\n|move|p1a: Azumarill|Aqua Jet|p2a: Miraidon\n|-resisted|p2a: Miraidon\n|-damage|p2a: Miraidon|0 fnt\n|faint|p2a: Miraidon\n|\n|upkeep\n|\n|t:|1697987484\n|switch|p2a: Kyogre|Kyogre|100\/100\n|-weather|RainDance|[from] ability: Drizzle|[of] p2a: Kyogre\n|turn|15\n|\n|t:|1697987490\n|move|p1a: Azumarill|Aqua Jet|p2a: Kyogre\n|-resisted|p2a: Kyogre\n|-damage|p2a: Kyogre|72\/100\n|move|p2a: Kyogre|Thunder|p1a: Azumarill\n|-supereffective|p1a: Azumarill\n|-damage|p1a: Azumarill|0 fnt\n|faint|p1a: Azumarill\n|\n|win|Anne Frankkkk\n|raw|rayanbouz's rating: 1034 &rarr; <strong>1022<\/strong><br \/>(-12 for losing)\n|raw|Anne Frankkkk's rating: 1099 &rarr; <strong>1119<\/strong><br \/>(+20 for winning)\n|l|\u2606rayanbouz\n","uploadtime":1697987500,"views":7,"p1id":"rayanbouz","p2id":"annefrankkkk","formatid":"gen9ubers","rating":1022,"private":0,"password":""}