{"id":"gen9ubers-1998706306","p1":"Inarinokamen","p2":"godiamsosorry","format":"[Gen 9] Ubers","log":"|j|\u2606Inarinokamen\n|j|\u2606godiamsosorry\n|t:|1700975379\n|gametype|singles\n|player|p1|Inarinokamen|red-masters2|\n|player|p2|godiamsosorry|caitlin|\n|teamsize|p1|6\n|teamsize|p2|6\n|gen|9\n|tier|[Gen 9] Ubers\n|rule|Sleep Clause Mod: Limit one foe put to sleep\n|rule|Species Clause: Limit one of each Pok\u00e9mon\n|rule|OHKO Clause: OHKO moves are banned\n|rule|Evasion Items Clause: Evasion items are banned\n|rule|Evasion Moves Clause: Evasion moves are banned\n|rule|Endless Battle Clause: Forcing endless battles is banned\n|rule|HP Percentage Mod: HP is shown in percentages\n|clearpoke\n|poke|p1|Darkrai|\n|poke|p1|Slowbro-Galar, F|\n|poke|p1|Cramorant, M|\n|poke|p1|Blissey, F|\n|poke|p1|Zoroark-Hisui, F|\n|poke|p1|Salamence, F|\n|poke|p2|Lucario, F|\n|poke|p2|Slowking-Galar, F|\n|poke|p2|Toedscruel, F|\n|poke|p2|Landorus-Therian, M|\n|poke|p2|Zoroark-Hisui, F|\n|poke|p2|Palafin, F|\n|teampreview\n|inactive|Battle timer is ON: inactive players will automatically lose when time's up. (requested by Inarinokamen)\n|c|\u2606godiamsosorry|Gl Hf.\n|c|\u2606Inarinokamen|U2!!\n|c|\u2606godiamsosorry|I have never seen Cramorant.\n|\n|t:|1700975401\n|start\n|switch|p1a: Cramorant|Cramorant, M, shiny|100\/100\n|switch|p2a: Palafin|Palafin, F|100\/100\n|turn|1\n|\n|t:|1700975410\n|detailschange|p2a: Palafin|Palafin-Hero, F\n|switch|p2a: Landorus|Landorus-Therian, M|100\/100\n|-ability|p2a: Landorus|Intimidate|boost\n|-unboost|p1a: Cramorant|atk|1\n|move|p1a: Cramorant|Stockpile|p1a: Cramorant\n|-start|p1a: Cramorant|stockpile1\n|-boost|p1a: Cramorant|def|1\n|-boost|p1a: Cramorant|spd|1\n|\n|upkeep\n|turn|2\n|\n|t:|1700975419\n|switch|p2a: Slowking|Slowking-Galar, F|100\/100\n|move|p1a: Cramorant|Surf|p2a: Slowking\n|-formechange|p1a: Cramorant|Cramorant-Gulping|\n|-damage|p2a: Slowking|80\/100\n|\n|upkeep\n|turn|3\n|\n|t:|1700975423\n|move|p1a: Cramorant|Surf|p2a: Slowking\n|-damage|p2a: Slowking|59\/100\n|move|p2a: Slowking|Toxic|p1a: Cramorant\n|-status|p1a: Cramorant|tox\n|\n|-damage|p1a: Cramorant|94\/100 tox|[from] psn\n|upkeep\n|turn|4\n|\n|t:|1700975429\n|move|p1a: Cramorant|Surf|p2a: Slowking\n|-damage|p2a: Slowking|36\/100\n|move|p2a: Slowking|Chilly Reception|p2a: Slowking\n|-weather|Snow\n|\n|t:|1700975434\n|switch|p2a: Toedscruel|Toedscruel, F|100\/100|[from] Chilly Reception\n|\n|-weather|Snow|[upkeep]\n|-damage|p1a: Cramorant|82\/100 tox|[from] psn\n|upkeep\n|turn|5\n|\n|t:|1700975441\n|switch|p2a: Slowking|Slowking-Galar, F|69\/100\n|move|p1a: Cramorant|Surf|p2a: Slowking\n|-damage|p2a: Slowking|49\/100\n|\n|-weather|Snow|[upkeep]\n|-damage|p1a: Cramorant|63\/100 tox|[from] psn\n|upkeep\n|turn|6\n|\n|t:|1700975446\n|switch|p1a: Blissey|Blissey, F|100\/100\n|move|p2a: Slowking|Chilly Reception|p2a: Slowking\n|\n|t:|1700975453\n|switch|p2a: Daniel|Lucario, F|100\/100|[from] Chilly Reception\n|\n|-weather|Snow|[upkeep]\n|upkeep\n|turn|7\n|\n|t:|1700975460\n|move|p2a: Daniel|U-turn|p1a: Blissey\n|-damage|p1a: Blissey|60\/100\n|\n|t:|1700975464\n|switch|p2a: Slowking|Slowking-Galar, F|83\/100|[from] U-turn\n|move|p1a: Blissey|Stealth Rock|p2a: Slowking\n|-sidestart|p2: godiamsosorry|move: Stealth Rock\n|\n|-weather|Snow|[upkeep]\n|-heal|p1a: Blissey|66\/100|[from] item: Leftovers\n|upkeep\n|turn|8\n|\n|t:|1700975472\n|move|p1a: Blissey|Soft-Boiled|p1a: Blissey\n|-heal|p1a: Blissey|100\/100\n|move|p2a: Slowking|Chilly Reception|p2a: Slowking\n|\n|t:|1700975475\n|switch|p2a: Toedscruel|Toedscruel, F|100\/100|[from] Chilly Reception\n|\n|-weather|none\n|upkeep\n|turn|9\n|\n|t:|1700975497\n|move|p1a: Blissey|Heal Bell|p1a: Blissey\n|-activate|p1a: Blissey|move: Heal Bell\n|-curestatus|p1: Cramorant|tox|[msg]\n|move|p2a: Toedscruel|Spore|p1a: Blissey\n|-status|p1a: Blissey|slp|[from] move: Spore\n|\n|upkeep\n|turn|10\n|\n|t:|1700975502\n|-curestatus|p1a: Blissey|slp|[from] ability: Natural Cure\n|switch|p1a: Cramorant|Cramorant, M, shiny|63\/100\n|move|p2a: Toedscruel|Rapid Spin|p1a: Cramorant\n|-damage|p1a: Cramorant|54\/100\n|-boost|p2a: Toedscruel|spe|1\n|-sideend|p2: godiamsosorry|Stealth Rock|[from] move: Rapid Spin|[of] p2a: Toedscruel\n|\n|upkeep\n|turn|11\n|\n|t:|1700975507\n|move|p1a: Cramorant|Roost|p1a: Cramorant\n|-heal|p1a: Cramorant|100\/100\n|-singleturn|p1a: Cramorant|move: Roost\n|move|p2a: Toedscruel|Leech Seed|p1a: Cramorant\n|-start|p1a: Cramorant|move: Leech Seed\n|\n|-damage|p1a: Cramorant|88\/100|[from] Leech Seed|[of] p2a: Toedscruel\n|upkeep\n|turn|12\n|\n|t:|1700975510\n|switch|p1a: Slowbro|Slowbro-Galar, F, shiny|100\/100\n|move|p2a: Toedscruel|Knock Off|p1a: Slowbro\n|-supereffective|p1a: Slowbro\n|-damage|p1a: Slowbro|70\/100\n|-enditem|p1a: Slowbro|Choice Specs|[from] move: Knock Off|[of] p2a: Toedscruel\n|\n|upkeep\n|turn|13\n|\n|t:|1700975517\n|switch|p2a: Landorus|Landorus-Therian, M|100\/100\n|-ability|p2a: Landorus|Intimidate|boost\n|-unboost|p1a: Slowbro|atk|1\n|move|p1a: Slowbro|Ice Beam|p2a: Landorus\n|-supereffective|p2a: Landorus\n|-damage|p2a: Landorus|0 fnt\n|faint|p2a: Landorus\n|\n|upkeep\n|\n|t:|1700975520\n|switch|p2a: Palafin|Palafin-Hero, F|100\/100\n|-activate|p2a: Palafin|ability: Zero to Hero\n|turn|14\n|\n|t:|1700975529\n|switch|p1a: Blissey|Blissey, F|100\/100\n|move|p2a: Palafin|Hydro Pump|p1a: Blissey\n|-damage|p1a: Blissey|85\/100\n|\n|-heal|p1a: Blissey|92\/100|[from] item: Leftovers\n|upkeep\n|turn|15\n|\n|t:|1700975534\n|move|p2a: Palafin|Taunt|p1a: Blissey\n|-start|p1a: Blissey|move: Taunt\n|cant|p1a: Blissey|move: Taunt|Stealth Rock\n|\n|-heal|p1a: Blissey|98\/100|[from] item: Leftovers\n|upkeep\n|turn|16\n|\n|t:|1700975540\n|switch|p1a: Cramorant|Cramorant, M, shiny|88\/100\n|move|p2a: Palafin|Focus Energy|p2a: Palafin\n|-start|p2a: Palafin|move: Focus Energy\n|\n|upkeep\n|turn|17\n|\n|t:|1700975546\n|-terastallize|p2a: Palafin|Normal\n|move|p2a: Palafin|Boomburst|p1a: Cramorant\n|-crit|p1a: Cramorant\n|-damage|p1a: Cramorant|0 fnt\n|faint|p1a: Cramorant\n|\n|upkeep\n|\n|t:|1700975554\n|switch|p1a: Salamence|Salamence, F, shiny|100\/100\n|-ability|p1a: Salamence|Intimidate|boost\n|-unboost|p2a: Palafin|atk|1\n|turn|18\n|\n|t:|1700975560\n|move|p1a: Salamence|Draco Meteor|p2a: Palafin\n|-damage|p2a: Palafin|21\/100\n|-unboost|p1a: Salamence|spa|2\n|move|p2a: Palafin|Boomburst|p1a: Salamence\n|-crit|p1a: Salamence\n|-damage|p1a: Salamence|0 fnt\n|faint|p1a: Salamence\n|\n|upkeep\n|\n|t:|1700975573\n|switch|p1a: Slowbro|Slowbro-Galar, F, shiny|100\/100\n|turn|19\n|\n|t:|1700975584\n|move|p1a: Slowbro|Knock Off|p2a: Palafin\n|-damage|p2a: Palafin|0 fnt\n|-enditem|p2a: Palafin|Scope Lens|[from] move: Knock Off|[of] p1a: Slowbro\n|faint|p2a: Palafin\n|\n|upkeep\n|\n|t:|1700975591\n|switch|p2a: Daniel|Lucario, F|100\/100\n|turn|20\n|\n|t:|1700975603\n|switch|p1a: Blissey|Blissey, F|98\/100\n|move|p2a: Daniel|Crunch|p1a: Blissey\n|-damage|p1a: Blissey|47\/100\n|-unboost|p1a: Blissey|def|1\n|\n|-heal|p1a: Blissey|54\/100|[from] item: Leftovers\n|upkeep\n|turn|21\n|\n|t:|1700975610\n|move|p2a: Daniel|Crunch|p1a: Blissey\n|-damage|p1a: Blissey|0 fnt\n|faint|p1a: Blissey\n|\n|upkeep\n|c|\u2606godiamsosorry|Damn Daniel\n|\n|t:|1700975625\n|switch|p1a: Darkrai|Darkrai, shiny|100\/100\n|turn|22\n|\n|t:|1700975629\n|switch|p2a: Daniel|Lucario, F|100\/100\n|move|p1a: Darkrai|Substitute|p1a: Darkrai\n|-start|p1a: Darkrai|Substitute\n|-damage|p1a: Darkrai|76\/100\n|\n|upkeep\n|turn|23\n|\n|t:|1700975634\n|move|p1a: Darkrai|Knock Off|p2a: Daniel\n|-resisted|p2a: Daniel\n|-damage|p2a: Daniel|56\/100\n|-ability|p2a: Daniel|Justified|boost\n|-boost|p2a: Daniel|atk|1\n|-enditem|p2a: Daniel|Life Orb|[from] move: Knock Off|[of] p1a: Darkrai\n|-damage|p1a: Darkrai|66\/100|[from] item: Life Orb\n|move|p2a: Daniel|Swords Dance|p2a: Daniel\n|-boost|p2a: Daniel|atk|2\n|\n|upkeep\n|turn|24\n|\n|t:|1700975639\n|move|p1a: Darkrai|Drain Punch|p2a: Daniel\n|-supereffective|p2a: Daniel\n|-damage|p2a: Daniel|0 fnt\n|-heal|p1a: Darkrai|93\/100|[from] drain|[of] p2a: Daniel\n|faint|p2a: Daniel\n|-damage|p1a: Darkrai|83\/100|[from] item: Life Orb\n|\n|upkeep\n|\n|t:|1700975646\n|switch|p2a: Toedscruel|Toedscruel, F|100\/100\n|turn|25\n|\n|t:|1700975652\n|move|p1a: Darkrai|Swords Dance|p1a: Darkrai\n|-boost|p1a: Darkrai|atk|2\n|move|p2a: Toedscruel|Rapid Spin|p1a: Darkrai\n|-activate|p1a: Darkrai|move: Substitute|[damage]\n|-boost|p2a: Toedscruel|spe|1\n|\n|upkeep\n|turn|26\n|\n|t:|1700975655\n|move|p1a: Darkrai|Knock Off|p2a: Toedscruel\n|-damage|p2a: Toedscruel|8\/100\n|-enditem|p2a: Toedscruel|Heavy-Duty Boots|[from] move: Knock Off|[of] p1a: Darkrai\n|-damage|p1a: Darkrai|74\/100|[from] item: Life Orb\n|move|p2a: Toedscruel|Rapid Spin|p1a: Darkrai\n|-activate|p1a: Darkrai|move: Substitute|[damage]\n|-boost|p2a: Toedscruel|spe|1\n|\n|upkeep\n|turn|27\n|\n|t:|1700975659\n|move|p2a: Toedscruel|Rapid Spin|p1a: Darkrai\n|-end|p1a: Darkrai|Substitute\n|-boost|p2a: Toedscruel|spe|1\n|move|p1a: Darkrai|Drain Punch|p2a: Toedscruel\n|-damage|p2a: Toedscruel|0 fnt\n|-heal|p1a: Darkrai|79\/100|[from] drain|[of] p2a: Toedscruel\n|faint|p2a: Toedscruel\n|-damage|p1a: Darkrai|69\/100|[from] item: Life Orb\n|\n|upkeep\n|\n|t:|1700975664\n|switch|p2a: Slowking|Slowking-Galar, F|100\/100\n|turn|28\n|c|\u2606godiamsosorry|Gg\n|\n|t:|1700975669\n|move|p1a: Darkrai|Knock Off|p2a: Slowking\n|-supereffective|p2a: Slowking\n|-damage|p2a: Slowking|0 fnt\n|-enditem|p2a: Slowking|Heavy-Duty Boots|[from] move: Knock Off|[of] p1a: Darkrai\n|faint|p2a: Slowking\n|-damage|p1a: Darkrai|59\/100|[from] item: Life Orb\n|\n|upkeep\n|\n|t:|1700975671\n|switch|p2a: Zoroark|Zoroark-Hisui, F|100\/100\n|turn|29\n|\n|t:|1700975676\n|move|p1a: Darkrai|Knock Off|p2a: Zoroark\n|-supereffective|p2a: Zoroark\n|-damage|p2a: Zoroark|0 fnt\n|-enditem|p2a: Zoroark|Choice Band|[from] move: Knock Off|[of] p1a: Darkrai\n|faint|p2a: Zoroark\n|-damage|p1a: Darkrai|50\/100|[from] item: Life Orb\n|\n|win|Inarinokamen\n|c|\u2606Inarinokamen|gg\n|c|\u2606Inarinokamen|I\u2019ll grab replay and challenge avain\n","uploadtime":1700975679,"views":37,"p1id":"inarinokamen","p2id":"godiamsosorry","formatid":"gen9ubers","rating":0,"private":0,"password":""}