{"id":"gen9ubers-1972254081","p1":"quetzalxxx","p2":"Dinozoic","format":"[Gen 9] Ubers","log":"|j|\u2606quetzalxxx\n|j|\u2606Dinozoic\n|t:|1697825370\n|gametype|singles\n|player|p1|quetzalxxx|giovanni|1083\n|player|p2|Dinozoic|266|1175\n|teamsize|p1|6\n|teamsize|p2|6\n|gen|9\n|tier|[Gen 9] Ubers\n|rated|\n|rule|Sleep Clause Mod: Limit one foe put to sleep\n|rule|Species Clause: Limit one of each Pok\u00e9mon\n|rule|OHKO Clause: OHKO moves are banned\n|rule|Evasion Items Clause: Evasion items are banned\n|rule|Evasion Moves Clause: Evasion moves are banned\n|rule|Endless Battle Clause: Forcing endless battles is banned\n|rule|HP Percentage Mod: HP is shown in percentages\n|clearpoke\n|poke|p1|Charizard, M|\n|poke|p1|Raichu-Alola, F|\n|poke|p1|Primeape, M|\n|poke|p1|Muk-Alola, F|\n|poke|p1|Groudon|\n|poke|p1|Chien-Pao|\n|poke|p2|Jirachi|\n|poke|p2|Shaymin-Sky|\n|poke|p2|Sawsbuck, M|\n|poke|p2|Meloetta|\n|poke|p2|Dudunsparce-*, M|\n|poke|p2|Ribombee, F|\n|teampreview\n|inactive|Battle timer is ON: inactive players will automatically lose when time's up. (requested by Dinozoic)\n|\n|t:|1697825377\n|start\n|switch|p1a: Groudon|Groudon|100\/100\n|switch|p2a: Ribombee|Ribombee, F|100\/100\n|-weather|SunnyDay|[from] ability: Drought|[of] p1a: Groudon\n|turn|1\n|\n|t:|1697825391\n|move|p2a: Ribombee|Sticky Web|p1a: Groudon\n|-sidestart|p1: quetzalxxx|move: Sticky Web\n|move|p1a: Groudon|Solar Beam||[still]\n|-prepare|p1a: Groudon|Solar Beam\n|-anim|p1a: Groudon|Solar Beam|p2a: Ribombee\n|-resisted|p2a: Ribombee\n|-damage|p2a: Ribombee|75\/100\n|\n|-weather|SunnyDay|[upkeep]\n|-status|p1a: Groudon|brn|[from] item: Flame Orb\n|upkeep\n|turn|2\n|\n|t:|1697825409\n|move|p2a: Ribombee|Moonblast|p1a: Groudon\n|-damage|p1a: Groudon|61\/100 brn\n|move|p1a: Groudon|Solar Beam||[still]\n|-prepare|p1a: Groudon|Solar Beam\n|-anim|p1a: Groudon|Solar Beam|p2a: Ribombee\n|-resisted|p2a: Ribombee\n|-damage|p2a: Ribombee|49\/100\n|\n|-weather|SunnyDay|[upkeep]\n|-damage|p1a: Groudon|54\/100 brn|[from] brn\n|upkeep\n|turn|3\n|\n|t:|1697825430\n|move|p2a: Ribombee|Moonblast|p1a: Groudon\n|-damage|p1a: Groudon|11\/100 brn\n|move|p1a: Groudon|Earthquake|p2a: Ribombee\n|-resisted|p2a: Ribombee\n|-damage|p2a: Ribombee|16\/100\n|\n|-weather|SunnyDay|[upkeep]\n|-damage|p1a: Groudon|5\/100 brn|[from] brn\n|upkeep\n|turn|4\n|inactive|quetzalxxx has 120 seconds left.\n|\n|t:|1697825445\n|move|p2a: Ribombee|Moonblast|p1a: Groudon\n|-damage|p1a: Groudon|0 fnt\n|faint|p1a: Groudon\n|\n|-weather|SunnyDay|[upkeep]\n|upkeep\n|inactive|quetzalxxx has 120 seconds left.\n|\n|t:|1697825452\n|switch|p1a: Charizard|Charizard, M, shiny|100\/100\n|turn|5\n|\n|t:|1697825457\n|move|p2a: Ribombee|Stun Spore|p1a: Charizard\n|-status|p1a: Charizard|par\n|cant|p1a: Charizard|par\n|\n|-weather|none\n|upkeep\n|turn|6\n|\n|t:|1697825465\n|move|p2a: Ribombee|Moonblast|p1a: Charizard\n|-resisted|p1a: Charizard\n|-damage|p1a: Charizard|73\/100 par\n|move|p1a: Charizard|Fire Blast|p2a: Ribombee\n|-supereffective|p2a: Ribombee\n|-damage|p2a: Ribombee|0 fnt\n|faint|p2a: Ribombee\n|\n|upkeep\n|\n|t:|1697825478\n|switch|p2a: Dudunsparce|Dudunsparce-Three-Segment, M|100\/100\n|turn|7\n|\n|t:|1697825493\n|move|p2a: Dudunsparce|Headbutt|p1a: Charizard\n|-damage|p1a: Charizard|34\/100 par\n|move|p1a: Charizard|Fire Blast|p2a: Dudunsparce\n|-damage|p2a: Dudunsparce|59\/100\n|\n|-heal|p2a: Dudunsparce|65\/100|[from] item: Leftovers\n|upkeep\n|turn|8\n|\n|t:|1697825504\n|move|p2a: Dudunsparce|Headbutt|p1a: Charizard\n|-damage|p1a: Charizard|0 fnt\n|faint|p1a: Charizard\n|\n|-heal|p2a: Dudunsparce|72\/100|[from] item: Leftovers\n|upkeep\n|\n|t:|1697825513\n|switch|p1a: Raichu|Raichu-Alola, F|100\/100\n|turn|9\n|\n|t:|1697825519\n|move|p1a: Raichu|Discharge|p2a: Dudunsparce\n|-damage|p2a: Dudunsparce|37\/100\n|-status|p2a: Dudunsparce|par\n|move|p2a: Dudunsparce|Headbutt|p1a: Raichu\n|-damage|p1a: Raichu|44\/100\n|\n|-heal|p2a: Dudunsparce|43\/100 par|[from] item: Leftovers\n|upkeep\n|turn|10\n|\n|t:|1697825530\n|move|p1a: Raichu|Draining Kiss|p2a: Dudunsparce\n|-damage|p2a: Dudunsparce|30\/100 par\n|-heal|p1a: Raichu|61\/100|[from] drain|[of] p2a: Dudunsparce\n|move|p2a: Dudunsparce|Headbutt|p1a: Raichu\n|-damage|p1a: Raichu|10\/100\n|\n|-heal|p2a: Dudunsparce|36\/100 par|[from] item: Leftovers\n|upkeep\n|turn|11\n|\n|t:|1697825543\n|move|p1a: Raichu|Psychic|p2a: Dudunsparce\n|-damage|p2a: Dudunsparce|2\/100 par\n|move|p2a: Dudunsparce|Headbutt|p1a: Raichu\n|-damage|p1a: Raichu|0 fnt\n|faint|p1a: Raichu\n|\n|-heal|p2a: Dudunsparce|9\/100 par|[from] item: Leftovers\n|upkeep\n|\n|t:|1697825559\n|switch|p1a: Primeape|Primeape, M|100\/100\n|-activate|p1a: Primeape|move: Sticky Web\n|-unboost|p1a: Primeape|spe|1\n|-ability|p1a: Primeape|Defiant|boost\n|-boost|p1a: Primeape|atk|2\n|turn|12\n|\n|t:|1697825568\n|move|p1a: Primeape|Poison Jab|p2a: Dudunsparce\n|-damage|p2a: Dudunsparce|0 fnt\n|faint|p2a: Dudunsparce\n|\n|upkeep\n|\n|t:|1697825572\n|switch|p2a: Shaymin|Shaymin-Sky|100\/100\n|turn|13\n|\n|t:|1697825586\n|move|p2a: Shaymin|Air Slash|p1a: Primeape\n|-supereffective|p1a: Primeape\n|-enditem|p1a: Primeape|Focus Sash\n|-damage|p1a: Primeape|1\/100\n|cant|p1a: Primeape|flinch\n|\n|upkeep\n|turn|14\n|\n|t:|1697825600\n|move|p2a: Shaymin|Air Slash|p1a: Primeape\n|-supereffective|p1a: Primeape\n|-damage|p1a: Primeape|0 fnt\n|faint|p1a: Primeape\n|\n|upkeep\n|\n|t:|1697825612\n|switch|p1a: Muk|Muk-Alola, F|100\/100\n|-activate|p1a: Muk|move: Sticky Web\n|-unboost|p1a: Muk|spe|1\n|turn|15\n|\n|t:|1697825622\n|move|p2a: Shaymin|Air Slash|p1a: Muk\n|-damage|p1a: Muk|69\/100\n|cant|p1a: Muk|flinch\n|\n|-heal|p1a: Muk|75\/100|[from] item: Black Sludge\n|upkeep\n|turn|16\n|\n|t:|1697825633\n|move|p2a: Shaymin|Air Slash|p1a: Muk\n|-damage|p1a: Muk|46\/100\n|cant|p1a: Muk|flinch\n|\n|-heal|p1a: Muk|52\/100|[from] item: Black Sludge\n|upkeep\n|turn|17\n|\n|t:|1697825659\n|move|p2a: Shaymin|Air Slash|p1a: Muk\n|-damage|p1a: Muk|20\/100\n|move|p1a: Muk|Drain Punch|p2a: Shaymin\n|-resisted|p2a: Shaymin\n|-damage|p2a: Shaymin|85\/100\n|-heal|p1a: Muk|26\/100|[from] drain|[of] p2a: Shaymin\n|\n|-heal|p1a: Muk|32\/100|[from] item: Black Sludge\n|upkeep\n|turn|18\n|inactive|quetzalxxx has 120 seconds left.\n|\n|t:|1697825676\n|move|p2a: Shaymin|Air Slash|p1a: Muk\n|-damage|p1a: Muk|1\/100\n|cant|p1a: Muk|flinch\n|\n|-heal|p1a: Muk|7\/100|[from] item: Black Sludge\n|upkeep\n|turn|19\n|inactive|quetzalxxx has 120 seconds left.\n|\n|t:|1697825692\n|move|p2a: Shaymin|Air Slash|p1a: Muk\n|-damage|p1a: Muk|0 fnt\n|faint|p1a: Muk\n|\n|upkeep\n|\n|t:|1697825699\n|switch|p1a: Chien-Pao|Chien-Pao|100\/100\n|-ability|p1a: Chien-Pao|Sword of Ruin\n|turn|20\n|inactive|quetzalxxx has 120 seconds left.\n|\n|t:|1697825707\n|move|p2a: Shaymin|Air Slash|p1a: Chien-Pao\n|-damage|p1a: Chien-Pao|46\/100\n|move|p1a: Chien-Pao|Icicle Crash|p2a: Shaymin\n|-supereffective|p2a: Shaymin\n|-damage|p2a: Shaymin|0 fnt\n|faint|p2a: Shaymin\n|\n|upkeep\n|\n|t:|1697825714\n|switch|p2a: Sawsbuck|Sawsbuck, M|100\/100\n|turn|21\n|\n|t:|1697825723\n|-terastallize|p2a: Sawsbuck|Steel\n|move|p2a: Sawsbuck|Headbutt|p1a: Chien-Pao\n|-crit|p1a: Chien-Pao\n|-damage|p1a: Chien-Pao|0 fnt\n|faint|p1a: Chien-Pao\n|\n|win|Dinozoic\n|raw|quetzalxxx's rating: 1083 &rarr; <strong>1066<\/strong><br \/>(-17 for losing)\n|raw|Dinozoic's rating: 1175 &rarr; <strong>1194<\/strong><br \/>(+19 for winning)\n","uploadtime":1697825733,"views":19,"p1id":"quetzalxxx","p2id":"dinozoic","formatid":"gen9ubers","rating":1066,"private":0,"password":""}