{"id":"gen9ubers-1983253768","p1":"ttkilla","p2":"Kinesquared","format":"[Gen 9] Ubers","log":"|j|\u2606ttkilla\n|j|\u2606Kinesquared\n|t:|1699110815\n|gametype|singles\n|player|p1|ttkilla|cameraman|\n|player|p2|Kinesquared|scientist-gen4dp|\n|teamsize|p1|6\n|teamsize|p2|6\n|gen|9\n|tier|[Gen 9] Ubers\n|rule|Sleep Clause Mod: Limit one foe put to sleep\n|rule|Species Clause: Limit one of each Pok\u00e9mon\n|rule|OHKO Clause: OHKO moves are banned\n|rule|Evasion Items Clause: Evasion items are banned\n|rule|Evasion Moves Clause: Evasion moves are banned\n|rule|Endless Battle Clause: Forcing endless battles is banned\n|rule|HP Percentage Mod: HP is shown in percentages\n|clearpoke\n|poke|p1|Baxcalibur, M|\n|poke|p1|Ogerpon, F|\n|poke|p1|Dialga|\n|poke|p1|Tyranitar, M|\n|poke|p1|Arceus-Fighting|\n|poke|p1|Ursaluna, M|\n|poke|p2|Torkoal, M|\n|poke|p2|Walking Wake|\n|poke|p2|Chi-Yu|\n|poke|p2|Arceus-Grass|\n|poke|p2|Zacian-*|\n|poke|p2|Magearna|\n|teampreview\n|c|\u2606ttkilla|glhf\n|inactive|Battle timer is ON: inactive players will automatically lose when time's up. (requested by ttkilla)\n|j| FrostyRandom02\n|c|\u2606Kinesquared|yo\n|\n|t:|1699110843\n|start\n|switch|p1a: Tyranitar|Tyranitar, M|100\/100\n|switch|p2a: Torkoal|Torkoal, M|100\/100\n|-weather|Sandstorm|[from] ability: Sand Stream|[of] p1a: Tyranitar\n|-weather|SunnyDay|[from] ability: Drought|[of] p2a: Torkoal\n|turn|1\n|\n|t:|1699110860\n|move|p1a: Tyranitar|Knock Off|p2a: Torkoal\n|-damage|p2a: Torkoal|70\/100\n|-enditem|p2a: Torkoal|Heat Rock|[from] move: Knock Off|[of] p1a: Tyranitar\n|move|p2a: Torkoal|Stealth Rock|p1a: Tyranitar\n|-sidestart|p1: ttkilla|move: Stealth Rock\n|\n|-weather|SunnyDay|[upkeep]\n|upkeep\n|turn|2\n|\n|t:|1699110877\n|move|p1a: Tyranitar|Stone Edge|p2a: Torkoal\n|-supereffective|p2a: Torkoal\n|-damage|p2a: Torkoal|16\/100\n|move|p2a: Torkoal|Yawn|p1a: Tyranitar\n|-start|p1a: Tyranitar|move: Yawn|[of] p2a: Torkoal\n|\n|-weather|SunnyDay|[upkeep]\n|upkeep\n|turn|3\n|\n|t:|1699110888\n|switch|p1a: Ursaluna|Ursaluna, M|100\/100\n|-damage|p1a: Ursaluna|94\/100|[from] Stealth Rock\n|switch|p2a: Walking Wake|Walking Wake|100\/100\n|-activate|p2a: Walking Wake|ability: Protosynthesis\n|-start|p2a: Walking Wake|protosynthesisspe\n|\n|-weather|SunnyDay|[upkeep]\n|-status|p1a: Ursaluna|brn|[from] item: Flame Orb\n|upkeep\n|turn|4\n|\n|t:|1699110902\n|move|p2a: Walking Wake|Hydro Steam|p1a: Ursaluna\n|-supereffective|p1a: Ursaluna\n|-damage|p1a: Ursaluna|0 fnt\n|faint|p1a: Ursaluna\n|\n|-weather|SunnyDay|[upkeep]\n|upkeep\n|\n|t:|1699110905\n|switch|p1a: Tyranitar|Tyranitar, M|100\/100\n|-damage|p1a: Tyranitar|88\/100|[from] Stealth Rock\n|-weather|Sandstorm|[from] ability: Sand Stream|[of] p1a: Tyranitar\n|-end|p2a: Walking Wake|Protosynthesis\n|turn|5\n|\n|t:|1699110925\n|-end|p2a: Walking Wake|Protosynthesis|[silent]\n|switch|p2a: Zacian|Zacian|100\/100\n|-ability|p2a: Zacian|Intrepid Sword|boost\n|-boost|p2a: Zacian|atk|1\n|move|p1a: Tyranitar|Knock Off|p2a: Zacian\n|-resisted|p2a: Zacian\n|-damage|p2a: Zacian|76\/100\n|-enditem|p2a: Zacian|Heavy-Duty Boots|[from] move: Knock Off|[of] p1a: Tyranitar\n|\n|-weather|Sandstorm|[upkeep]\n|-damage|p2a: Zacian|70\/100|[from] Sandstorm\n|upkeep\n|turn|6\n|c| FrostyRandom02|Okay time for Zacian sweep\n|\n|t:|1699110948\n|switch|p1a: Dialga|Dialga|100\/100\n|-damage|p1a: Dialga|94\/100|[from] Stealth Rock\n|-ability|p1a: Dialga|Pressure\n|move|p2a: Zacian|Swords Dance|p2a: Zacian\n|-boost|p2a: Zacian|atk|2\n|\n|-weather|Sandstorm|[upkeep]\n|-damage|p2a: Zacian|64\/100|[from] Sandstorm\n|-heal|p1a: Dialga|100\/100|[from] item: Leftovers\n|upkeep\n|turn|7\n|inactive|Kinesquared has 270 seconds left.\n|\n|t:|1699110970\n|-terastallize|p1a: Dialga|Flying\n|move|p2a: Zacian|Close Combat|p1a: Dialga\n|-resisted|p1a: Dialga\n|-damage|p1a: Dialga|75\/100\n|-unboost|p2a: Zacian|def|1\n|-unboost|p2a: Zacian|spd|1\n|move|p1a: Dialga|Flash Cannon|p2a: Zacian\n|-supereffective|p2a: Zacian\n|-damage|p2a: Zacian|0 fnt\n|faint|p2a: Zacian\n|\n|-weather|Sandstorm|[upkeep]\n|-damage|p1a: Dialga|69\/100|[from] Sandstorm\n|-heal|p1a: Dialga|75\/100|[from] item: Leftovers\n|upkeep\n|j| adpg.alt\n|\n|t:|1699110985\n|switch|p2a: Torkoal|Torkoal, M|16\/100\n|-weather|SunnyDay|[from] ability: Drought|[of] p2a: Torkoal\n|turn|8\n|\n|t:|1699111001\n|switch|p2a: Walking Wake|Walking Wake|100\/100\n|-activate|p2a: Walking Wake|ability: Protosynthesis\n|-start|p2a: Walking Wake|protosynthesisspe\n|move|p1a: Dialga|Thunder Wave|p2a: Walking Wake\n|-status|p2a: Walking Wake|par\n|\n|-weather|SunnyDay|[upkeep]\n|-heal|p1a: Dialga|81\/100|[from] item: Leftovers\n|upkeep\n|turn|9\n|\n|t:|1699111018\n|move|p2a: Walking Wake|Hydro Steam|p1a: Dialga\n|-damage|p1a: Dialga|10\/100\n|move|p1a: Dialga|Draco Meteor|p2a: Walking Wake|[miss]\n|-miss|p1a: Dialga|p2a: Walking Wake\n|\n|-weather|SunnyDay|[upkeep]\n|-heal|p1a: Dialga|16\/100|[from] item: Leftovers\n|upkeep\n|turn|10\n|\n|t:|1699111025\n|switch|p1a: Tyranitar|Tyranitar, M|88\/100\n|-damage|p1a: Tyranitar|76\/100|[from] Stealth Rock\n|-weather|Sandstorm|[from] ability: Sand Stream|[of] p1a: Tyranitar\n|-end|p2a: Walking Wake|Protosynthesis\n|cant|p2a: Walking Wake|par\n|\n|-weather|Sandstorm|[upkeep]\n|-damage|p2a: Walking Wake|94\/100 par|[from] Sandstorm\n|upkeep\n|turn|11\n|\n|t:|1699111038\n|-end|p2a: Walking Wake|Protosynthesis|[silent]\n|switch|p2a: Magearna|Magearna|100\/100\n|move|p1a: Tyranitar|Knock Off|p2a: Magearna\n|-resisted|p2a: Magearna\n|-damage|p2a: Magearna|79\/100\n|-enditem|p2a: Magearna|Leftovers|[from] move: Knock Off|[of] p1a: Tyranitar\n|\n|-weather|Sandstorm|[upkeep]\n|upkeep\n|turn|12\n|\n|t:|1699111048\n|move|p2a: Magearna|Thunder Wave|p1a: Tyranitar\n|-status|p1a: Tyranitar|par\n|move|p1a: Tyranitar|Earthquake|p2a: Magearna\n|-supereffective|p2a: Magearna\n|-damage|p2a: Magearna|19\/100\n|\n|-weather|Sandstorm|[upkeep]\n|upkeep\n|turn|13\n|inactive|Kinesquared has 270 seconds left.\n|\n|t:|1699111059\n|switch|p2a: Arceus|Arceus-Grass|100\/100\n|move|p1a: Tyranitar|Earthquake|p2a: Arceus\n|-resisted|p2a: Arceus\n|-damage|p2a: Arceus|89\/100\n|\n|-weather|Sandstorm|[upkeep]\n|-damage|p2a: Arceus|82\/100|[from] Sandstorm\n|upkeep\n|turn|14\n|inactive|Kinesquared has 270 seconds left.\n|\n|t:|1699111067\n|switch|p1a: Ogerpon|Ogerpon, F|100\/100\n|-damage|p1a: Ogerpon|88\/100|[from] Stealth Rock\n|move|p2a: Arceus|Calm Mind|p2a: Arceus\n|-boost|p2a: Arceus|spa|1\n|-boost|p2a: Arceus|spd|1\n|\n|-weather|none\n|upkeep\n|turn|15\n|inactive|Kinesquared has 270 seconds left.\n|\n|t:|1699111078\n|move|p2a: Arceus|Judgment|p1a: Ogerpon\n|-resisted|p1a: Ogerpon\n|-damage|p1a: Ogerpon|45\/100\n|move|p1a: Ogerpon|U-turn|p2a: Arceus\n|-supereffective|p2a: Arceus\n|-damage|p2a: Arceus|40\/100\n|\n|t:|1699111080\n|switch|p1a: Arceus|Arceus-Fighting|100\/100|[from] U-turn\n|-damage|p1a: Arceus|94\/100|[from] Stealth Rock\n|\n|upkeep\n|turn|16\n|\n|t:|1699111094\n|move|p1a: Arceus|Cosmic Power|p1a: Arceus\n|-boost|p1a: Arceus|def|1\n|-boost|p1a: Arceus|spd|1\n|move|p2a: Arceus|Taunt|p1a: Arceus\n|-start|p1a: Arceus|move: Taunt\n|\n|upkeep\n|turn|17\n|c| FrostyRandom02|Bad lose of the speed tie\n|inactive|Kinesquared has 270 seconds left.\n|\n|t:|1699111111\n|switch|p2a: Torkoal|Torkoal, M|16\/100\n|-weather|SunnyDay|[from] ability: Drought|[of] p2a: Torkoal\n|move|p1a: Arceus|Judgment|p2a: Torkoal\n|-damage|p2a: Torkoal|0 fnt\n|faint|p2a: Torkoal\n|\n|-weather|SunnyDay|[upkeep]\n|upkeep\n|inactive|Kinesquared has 270 seconds left.\n|\n|t:|1699111123\n|switch|p2a: Chi-Yu|Chi-Yu|100\/100\n|-ability|p2a: Chi-Yu|Beads of Ruin\n|turn|18\n|inactive|Kinesquared has 270 seconds left.\n|\n|t:|1699111130\n|-terastallize|p2a: Chi-Yu|Fire\n|move|p2a: Chi-Yu|Overheat|p1a: Arceus\n|-damage|p1a: Arceus|3\/100\n|-unboost|p2a: Chi-Yu|spa|2\n|move|p1a: Arceus|Judgment|p2a: Chi-Yu\n|-damage|p2a: Chi-Yu|45\/100\n|\n|-weather|SunnyDay|[upkeep]\n|upkeep\n|turn|19\n|\n|t:|1699111139\n|move|p2a: Chi-Yu|Overheat|p1a: Arceus\n|-crit|p1a: Arceus\n|-damage|p1a: Arceus|0 fnt\n|-unboost|p2a: Chi-Yu|spa|2\n|faint|p1a: Arceus\n|\n|-weather|SunnyDay|[upkeep]\n|upkeep\n|\n|t:|1699111145\n|switch|p1a: Baxcalibur|Baxcalibur, M|100\/100\n|-damage|p1a: Baxcalibur|76\/100|[from] Stealth Rock\n|turn|20\n|\n|t:|1699111151\n|switch|p2a: Magearna|Magearna|19\/100\n|move|p1a: Baxcalibur|Scale Shot|p2a: Magearna\n|-immune|p2a: Magearna\n|\n|-weather|SunnyDay|[upkeep]\n|upkeep\n|turn|21\n|inactive|Kinesquared has 270 seconds left.\n|\n|t:|1699111180\n|move|p1a: Baxcalibur|Earthquake|p2a: Magearna\n|-supereffective|p2a: Magearna\n|-damage|p2a: Magearna|0 fnt\n|faint|p2a: Magearna\n|\n|-weather|none\n|upkeep\n|\n|t:|1699111185\n|switch|p2a: Chi-Yu|Chi-Yu, tera:Fire|45\/100\n|-ability|p2a: Chi-Yu|Beads of Ruin\n|turn|22\n|\n|t:|1699111193\n|switch|p1a: Tyranitar|Tyranitar, M|76\/100 par\n|-damage|p1a: Tyranitar|64\/100 par|[from] Stealth Rock\n|-weather|Sandstorm|[from] ability: Sand Stream|[of] p1a: Tyranitar\n|move|p2a: Chi-Yu|Flamethrower|p1a: Tyranitar\n|-resisted|p1a: Tyranitar\n|-damage|p1a: Tyranitar|49\/100 par\n|\n|-weather|Sandstorm|[upkeep]\n|-damage|p2a: Chi-Yu|39\/100|[from] Sandstorm\n|upkeep\n|turn|23\n|\n|t:|1699111207\n|switch|p2a: Arceus|Arceus-Grass|40\/100\n|switch|p1a: Ogerpon|Ogerpon, F|45\/100\n|-damage|p1a: Ogerpon|33\/100|[from] Stealth Rock\n|\n|-weather|Sandstorm|[upkeep]\n|-damage|p2a: Arceus|34\/100|[from] Sandstorm\n|-damage|p1a: Ogerpon|27\/100|[from] Sandstorm\n|upkeep\n|turn|24\n|\n|t:|1699111215\n|move|p2a: Arceus|Recover|p2a: Arceus\n|-heal|p2a: Arceus|84\/100\n|move|p1a: Ogerpon|U-turn|p2a: Arceus\n|-supereffective|p2a: Arceus\n|-damage|p2a: Arceus|39\/100\n|\n|t:|1699111219\n|switch|p1a: Baxcalibur|Baxcalibur, M|76\/100|[from] U-turn\n|-damage|p1a: Baxcalibur|51\/100|[from] Stealth Rock\n|\n|-weather|Sandstorm|[upkeep]\n|-damage|p2a: Arceus|33\/100|[from] Sandstorm\n|-damage|p1a: Baxcalibur|45\/100|[from] Sandstorm\n|upkeep\n|turn|25\n|\n|t:|1699111232\n|move|p2a: Arceus|Judgment|p1a: Baxcalibur\n|-resisted|p1a: Baxcalibur\n|-damage|p1a: Baxcalibur|20\/100\n|move|p1a: Baxcalibur|Scale Shot|p2a: Arceus\n|-crit|p2a: Arceus\n|-damage|p2a: Arceus|16\/100\n|-damage|p2a: Arceus|5\/100\n|-damage|p2a: Arceus|0 fnt\n|faint|p2a: Arceus\n|-hitcount|p2: Arceus|3\n|-unboost|p1a: Baxcalibur|def|1\n|-boost|p1a: Baxcalibur|spe|1\n|\n|-weather|Sandstorm|[upkeep]\n|-damage|p1a: Baxcalibur|14\/100|[from] Sandstorm\n|upkeep\n|\n|t:|1699111245\n|switch|p2a: Chi-Yu|Chi-Yu, tera:Fire|39\/100\n|-ability|p2a: Chi-Yu|Beads of Ruin\n|turn|26\n|\n|t:|1699111250\n|switch|p1a: Dialga|Dialga, tera:Flying|16\/100\n|-damage|p1a: Dialga|0 fnt|[from] Stealth Rock\n|faint|p1a: Dialga\n|move|p2a: Chi-Yu|Flamethrower|p1: Dialga|[notarget]\n|-fail|p2a: Chi-Yu\n|\n|-weather|none\n|upkeep\n|\n|t:|1699111255\n|switch|p1a: Ogerpon|Ogerpon, F|27\/100\n|-damage|p1a: Ogerpon|15\/100|[from] Stealth Rock\n|turn|27\n|\n|t:|1699111261\n|move|p2a: Chi-Yu|Flamethrower|p1a: Ogerpon\n|-supereffective|p1a: Ogerpon\n|-damage|p1a: Ogerpon|0 fnt\n|faint|p1a: Ogerpon\n|\n|upkeep\n|\n|t:|1699111263\n|switch|p1a: Tyranitar|Tyranitar, M|49\/100 par\n|-damage|p1a: Tyranitar|37\/100 par|[from] Stealth Rock\n|-weather|Sandstorm|[from] ability: Sand Stream|[of] p1a: Tyranitar\n|turn|28\n|\n|t:|1699111270\n|switch|p2a: Walking Wake|Walking Wake|94\/100 par\n|move|p1a: Tyranitar|Stone Edge|p2a: Walking Wake\n|-damage|p2a: Walking Wake|38\/100 par\n|\n|-weather|Sandstorm|[upkeep]\n|-damage|p2a: Walking Wake|32\/100 par|[from] Sandstorm\n|upkeep\n|turn|29\n|\n|t:|1699111282\n|move|p2a: Walking Wake|Hydro Steam|p1a: Tyranitar\n|-supereffective|p1a: Tyranitar\n|-damage|p1a: Tyranitar|0 fnt\n|faint|p1a: Tyranitar\n|\n|-weather|Sandstorm|[upkeep]\n|-damage|p2a: Walking Wake|26\/100 par|[from] Sandstorm\n|upkeep\n|\n|t:|1699111284\n|switch|p1a: Baxcalibur|Baxcalibur, M|14\/100\n|-damage|p1a: Baxcalibur|0 fnt|[from] Stealth Rock\n|faint|p1a: Baxcalibur\n|\n|win|Kinesquared\n|c|\u2606ttkilla|gg\n|c|\u2606Kinesquared|darn ggs\n|l|\u2606Kinesquared\n|l| FrostyRandom02\n|l| adpg.alt\n","uploadtime":1699111527,"views":12,"p1id":"ttkilla","p2id":"kinesquared","formatid":"gen9ubers","rating":0,"private":0,"password":""}