{"id":"gen9ubers-1970941204","p1":"mboepsd","p2":"decool","format":"[Gen 9] Ubers","log":"|j|\u2606mboepsd\n|j|\u2606decool\n|t:|1697683170\n|gametype|singles\n|player|p1|mboepsd|bertha|\n|player|p2|decool|cynthia-gen4|\n|teamsize|p1|6\n|teamsize|p2|5\n|gen|9\n|tier|[Gen 9] Ubers\n|rated|Tournament battle\n|rule|Sleep Clause Mod: Limit one foe put to sleep\n|rule|Species Clause: Limit one of each Pok\u00e9mon\n|rule|OHKO Clause: OHKO moves are banned\n|rule|Evasion Items Clause: Evasion items are banned\n|rule|Evasion Moves Clause: Evasion moves are banned\n|rule|Endless Battle Clause: Forcing endless battles is banned\n|rule|HP Percentage Mod: HP is shown in percentages\n|clearpoke\n|poke|p1|Skeledirge, F|\n|poke|p1|Mewtwo|\n|poke|p1|Ting-Lu|\n|poke|p1|Eternatus|\n|poke|p1|Zacian-*|\n|poke|p1|Arceus-Water|\n|poke|p2|Annihilape, F|\n|poke|p2|Koraidon|\n|poke|p2|Cinderace, M|\n|poke|p2|Flutter Mane|\n|poke|p2|Kingambit, F|\n|teampreview\n|\n|t:|1697683184\n|start\n|switch|p1a: Arceus|Arceus-Water|100\/100\n|switch|p2a: Annihilape|Annihilape, F, shiny|100\/100\n|turn|1\n|\n|t:|1697683205\n|move|p1a: Arceus|Judgment|p2a: Annihilape\n|-damage|p2a: Annihilape|71\/100\n|move|p2a: Annihilape|Brick Break|p1a: Arceus\n|-damage|p1a: Arceus|80\/100\n|\n|upkeep\n|turn|2\n|\n|t:|1697683218\n|move|p1a: Arceus|Calm Mind|p1a: Arceus\n|-boost|p1a: Arceus|spa|1\n|-boost|p1a: Arceus|spd|1\n|move|p2a: Annihilape|Rage Fist|p1a: Arceus\n|-damage|p1a: Arceus|55\/100\n|\n|upkeep\n|turn|3\n|\n|t:|1697683225\n|move|p1a: Arceus|Recover|p1a: Arceus\n|-heal|p1a: Arceus|100\/100\n|move|p2a: Annihilape|Rage Fist|p1a: Arceus\n|-damage|p1a: Arceus|77\/100\n|\n|upkeep\n|turn|4\n|\n|t:|1697683232\n|move|p1a: Arceus|Calm Mind|p1a: Arceus\n|-boost|p1a: Arceus|spa|1\n|-boost|p1a: Arceus|spd|1\n|move|p2a: Annihilape|Rage Fist|p1a: Arceus\n|-damage|p1a: Arceus|52\/100\n|\n|upkeep\n|turn|5\n|\n|t:|1697683238\n|move|p1a: Arceus|Recover|p1a: Arceus\n|-heal|p1a: Arceus|100\/100\n|move|p2a: Annihilape|Rage Fist|p1a: Arceus\n|-damage|p1a: Arceus|75\/100\n|\n|upkeep\n|turn|6\n|\n|t:|1697683249\n|move|p1a: Arceus|Calm Mind|p1a: Arceus\n|-boost|p1a: Arceus|spa|1\n|-boost|p1a: Arceus|spd|1\n|move|p2a: Annihilape|Brick Break|p1a: Arceus\n|-damage|p1a: Arceus|56\/100\n|\n|upkeep\n|turn|7\n|\n|t:|1697683260\n|switch|p2a: Flutter Mane|Flutter Mane|100\/100\n|-enditem|p2a: Flutter Mane|Booster Energy\n|-activate|p2a: Flutter Mane|ability: Protosynthesis|[fromitem]\n|-start|p2a: Flutter Mane|protosynthesisspe\n|move|p1a: Arceus|Recover|p1a: Arceus\n|-heal|p1a: Arceus|100\/100\n|\n|upkeep\n|turn|8\n|\n|t:|1697683268\n|move|p2a: Flutter Mane|Calm Mind|p2a: Flutter Mane\n|-boost|p2a: Flutter Mane|spa|1\n|-boost|p2a: Flutter Mane|spd|1\n|move|p1a: Arceus|Judgment|p2a: Flutter Mane\n|-damage|p2a: Flutter Mane|18\/100\n|\n|upkeep\n|turn|9\n|\n|t:|1697683280\n|move|p2a: Flutter Mane|Night Shade|p1a: Arceus\n|-damage|p1a: Arceus|78\/100\n|move|p1a: Arceus|Judgment|p2a: Flutter Mane\n|-damage|p2a: Flutter Mane|0 fnt\n|faint|p2a: Flutter Mane\n|-end|p2a: Flutter Mane|Protosynthesis|[silent]\n|\n|upkeep\n|j| Lo-F1\n|\n|t:|1697683285\n|switch|p2a: Kingambit|Kingambit, F|100\/100\n|-activate|p2a: Kingambit|ability: Supreme Overlord\n|-start|p2a: Kingambit|fallen1|[silent]\n|turn|10\n|\n|t:|1697683293\n|move|p1a: Arceus|Judgment|p2a: Kingambit\n|-damage|p2a: Kingambit|18\/100\n|move|p2a: Kingambit|Night Slash|p1a: Arceus\n|-damage|p1a: Arceus|57\/100\n|\n|upkeep\n|turn|11\n|\n|t:|1697683300\n|move|p1a: Arceus|Recover|p1a: Arceus\n|-heal|p1a: Arceus|100\/100\n|move|p2a: Kingambit|Shadow Claw|p1a: Arceus\n|-damage|p1a: Arceus|84\/100\n|\n|upkeep\n|turn|12\n|\n|t:|1697683305\n|move|p1a: Arceus|Judgment|p2a: Kingambit\n|-damage|p2a: Kingambit|0 fnt\n|faint|p2a: Kingambit\n|-end|p2a: Kingambit|fallen1|[silent]\n|\n|upkeep\n|\n|t:|1697683308\n|switch|p2a: Koraidon|Koraidon|100\/100\n|-weather|SunnyDay|[from] ability: Orichalcum Pulse|[of] p2a: Koraidon\n|-activate|p2a: Koraidon|Orichalcum Pulse|[source]\n|turn|13\n|\n|t:|1697683314\n|move|p2a: Koraidon|Collision Course|p1a: Arceus\n|-crit|p1a: Arceus\n|-damage|p1a: Arceus|31\/100\n|move|p1a: Arceus|Ice Beam|p2a: Koraidon\n|-supereffective|p2a: Koraidon\n|-damage|p2a: Koraidon|0 fnt\n|faint|p2a: Koraidon\n|\n|-weather|SunnyDay|[upkeep]\n|upkeep\n|\n|t:|1697683322\n|switch|p2a: Cinderace|Cinderace, M|100\/100\n|turn|14\n|\n|t:|1697683331\n|move|p2a: Cinderace|High Jump Kick|p1a: Arceus\n|-start|p2a: Cinderace|typechange|Fighting|[from] ability: Libero\n|-damage|p1a: Arceus|0 fnt\n|faint|p1a: Arceus\n|\n|-weather|SunnyDay|[upkeep]\n|upkeep\n|\n|t:|1697683339\n|switch|p1a: Zacian|Zacian-Crowned|100\/100\n|-ability|p1a: Zacian|Intrepid Sword|boost\n|-boost|p1a: Zacian|atk|1\n|turn|15\n|\n|t:|1697683348\n|switch|p2a: Annihilape|Annihilape, F, shiny|71\/100\n|-terastallize|p1a: Zacian|Flying\n|move|p1a: Zacian|Play Rough|p2a: Annihilape\n|-supereffective|p2a: Annihilape\n|-damage|p2a: Annihilape|0 fnt\n|faint|p2a: Annihilape\n|\n|-weather|SunnyDay|[upkeep]\n|upkeep\n|\n|t:|1697683351\n|switch|p2a: Cinderace|Cinderace, M|100\/100\n|turn|16\n|\n|t:|1697683357\n|move|p1a: Zacian|Substitute|p1a: Zacian\n|-start|p1a: Zacian|Substitute\n|-damage|p1a: Zacian|76\/100\n|move|p2a: Cinderace|Pyro Ball|p1a: Zacian\n|-end|p1a: Zacian|Substitute\n|\n|-weather|SunnyDay|[upkeep]\n|upkeep\n|turn|17\n|j| scooter4000\n|\n|t:|1697683363\n|-terastallize|p2a: Cinderace|Fire\n|move|p1a: Zacian|Substitute|p1a: Zacian\n|-start|p1a: Zacian|Substitute\n|-damage|p1a: Zacian|51\/100\n|move|p2a: Cinderace|Pyro Ball|p1a: Zacian\n|-end|p1a: Zacian|Substitute\n|\n|-weather|none\n|upkeep\n|turn|18\n|\n|t:|1697683367\n|move|p1a: Zacian|Behemoth Blade|p2a: Cinderace\n|-resisted|p2a: Cinderace\n|-crit|p2a: Cinderace\n|-damage|p2a: Cinderace|8\/100\n|move|p2a: Cinderace|Pyro Ball|p1a: Zacian|[miss]\n|-miss|p2a: Cinderace|p1a: Zacian\n|\n|upkeep\n|turn|19\n|\n|t:|1697683372\n|move|p1a: Zacian|Behemoth Blade|p2a: Cinderace\n|-resisted|p2a: Cinderace\n|-damage|p2a: Cinderace|0 fnt\n|faint|p2a: Cinderace\n|\n|win|mboepsd\n|n|\u2606mboepsd|mboepsd\n|n|\u2606decool|decool\n|n| Lo-F1|lof1\n|n| scooter4000|scooter4000\n","uploadtime":1697683373,"views":8,"p1id":"mboepsd","p2id":"decool","formatid":"gen9ubers","rating":0,"private":0,"password":""}