{"id":"gen9ubers-1983635434","p1":"Nyamonya","p2":"Wha1efish","format":"[Gen 9] Ubers","log":"|j|\u2606Nyamonya\n|j|\u2606Wha1efish\n|t:|1699152129\n|gametype|singles\n|player|p1|Nyamonya|leon-masters|\n|player|p2|Wha1efish|cynthia-gen4|\n|teamsize|p1|6\n|teamsize|p2|6\n|gen|9\n|tier|[Gen 9] Ubers\n|rule|Sleep Clause Mod: Limit one foe put to sleep\n|rule|Species Clause: Limit one of each Pok\u00e9mon\n|rule|OHKO Clause: OHKO moves are banned\n|rule|Evasion Items Clause: Evasion items are banned\n|rule|Evasion Moves Clause: Evasion moves are banned\n|rule|Endless Battle Clause: Forcing endless battles is banned\n|rule|HP Percentage Mod: HP is shown in percentages\n|clearpoke\n|poke|p1|Clefable, M|\n|poke|p1|Tornadus-Therian, M|\n|poke|p1|Jolteon, M|\n|poke|p1|Infernape, F|\n|poke|p1|Palossand, F|\n|poke|p1|Bronzong|\n|poke|p2|Annihilape, M|\n|poke|p2|Hydreigon, M|\n|poke|p2|Espathra, F|\n|poke|p2|Weezing-Galar, F|\n|poke|p2|Thundurus, M|\n|poke|p2|Gastrodon, F|\n|teampreview\n|inactive|Battle timer is ON: inactive players will automatically lose when time's up. (requested by Nyamonya)\n|\n|t:|1699152158\n|start\n|switch|p1a: Infernape|Infernape, F|100\/100\n|switch|p2a: Espathra|Espathra, F|100\/100\n|turn|1\n|\n|t:|1699152167\n|switch|p2a: Gastrodon|Gastrodon, F|100\/100\n|move|p1a: Infernape|Taunt|p2a: Gastrodon\n|-start|p2a: Gastrodon|move: Taunt\n|\n|upkeep\n|turn|2\n|\n|t:|1699152186\n|switch|p1a: Palossand|Palossand, F|100\/100\n|move|p2a: Gastrodon|Earth Power|p1a: Palossand\n|-damage|p1a: Palossand|65\/100\n|\n|upkeep\n|turn|3\n|j| RektCactus\n|inactive|Wha1efish has 270 seconds left.\n|\n|t:|1699152217\n|move|p2a: Gastrodon|Earth Power|p1a: Palossand\n|-damage|p1a: Palossand|29\/100\n|move|p1a: Palossand|Shadow Ball|p2a: Gastrodon\n|-damage|p2a: Gastrodon|66\/100\n|-unboost|p2a: Gastrodon|spd|1\n|\n|-heal|p2a: Gastrodon|72\/100|[from] item: Leftovers\n|-end|p2a: Gastrodon|move: Taunt\n|upkeep\n|turn|4\n|\n|t:|1699152237\n|switch|p1a: Clefable|Clefable, M|100\/100\n|move|p2a: Gastrodon|Stealth Rock|p1a: Clefable\n|-sidestart|p1: Nyamonya|move: Stealth Rock\n|\n|-heal|p2a: Gastrodon|78\/100|[from] item: Leftovers\n|upkeep\n|turn|5\n|\n|t:|1699152245\n|switch|p2a: Weezing|Weezing-Galar, F|100\/100\n|move|p1a: Clefable|Calm Mind|p1a: Clefable\n|-boost|p1a: Clefable|spa|1\n|-boost|p1a: Clefable|spd|1\n|\n|upkeep\n|turn|6\n|\n|t:|1699152256\n|move|p1a: Clefable|Calm Mind|p1a: Clefable\n|-boost|p1a: Clefable|spa|1\n|-boost|p1a: Clefable|spd|1\n|move|p2a: Weezing|Sludge Bomb|p1a: Clefable\n|-supereffective|p1a: Clefable\n|-damage|p1a: Clefable|76\/100\n|-status|p1a: Clefable|psn\n|\n|upkeep\n|turn|7\n|\n|t:|1699152280\n|switch|p2a: Espathra|Espathra, F|100\/100\n|move|p1a: Clefable|Calm Mind|p1a: Clefable\n|-boost|p1a: Clefable|spa|1\n|-boost|p1a: Clefable|spd|1\n|\n|upkeep\n|turn|8\n|\n|t:|1699152287\n|move|p2a: Espathra|Substitute|p2a: Espathra\n|-start|p2a: Espathra|Substitute\n|-damage|p2a: Espathra|76\/100\n|move|p1a: Clefable|Moonblast|p2a: Espathra\n|-end|p2a: Espathra|Substitute\n|\n|-ability|p2a: Espathra|Speed Boost|boost\n|-boost|p2a: Espathra|spe|1\n|upkeep\n|turn|9\n|\n|t:|1699152292\n|move|p2a: Espathra|Lumina Crash|p1a: Clefable\n|-damage|p1a: Clefable|60\/100 psn\n|-unboost|p1a: Clefable|spd|2\n|move|p1a: Clefable|Moonblast|p2a: Espathra\n|-damage|p2a: Espathra|0 fnt\n|faint|p2a: Espathra\n|\n|upkeep\n|\n|t:|1699152297\n|switch|p2a: Thundurus|Thundurus, M|100\/100\n|turn|10\n|\n|t:|1699152302\n|move|p2a: Thundurus|Thunderbolt|p1a: Clefable\n|-damage|p1a: Clefable|33\/100 psn\n|move|p1a: Clefable|Moonlight|p1a: Clefable\n|-heal|p1a: Clefable|83\/100 psn\n|\n|upkeep\n|turn|11\n|\n|t:|1699152308\n|move|p2a: Thundurus|Thunderbolt|p1a: Clefable\n|-damage|p1a: Clefable|55\/100 psn\n|move|p1a: Clefable|Moonblast|p2a: Thundurus\n|-damage|p2a: Thundurus|0 fnt\n|faint|p2a: Thundurus\n|\n|upkeep\n|\n|t:|1699152312\n|switch|p2a: Weezing|Weezing-Galar, F|100\/100\n|turn|12\n|\n|t:|1699152314\n|move|p2a: Weezing|Sludge Bomb|p1a: Clefable\n|-supereffective|p1a: Clefable\n|-damage|p1a: Clefable|22\/100 psn\n|move|p1a: Clefable|Moonlight|p1a: Clefable\n|-heal|p1a: Clefable|72\/100 psn\n|\n|upkeep\n|turn|13\n|\n|t:|1699152325\n|move|p1a: Clefable|Moonlight|p1a: Clefable\n|-heal|p1a: Clefable|100\/100 psn\n|move|p2a: Weezing|Sludge Bomb|p1a: Clefable\n|-supereffective|p1a: Clefable\n|-damage|p1a: Clefable|65\/100 psn\n|\n|upkeep\n|turn|14\n|\n|t:|1699152330\n|move|p2a: Weezing|Sludge Bomb|p1a: Clefable\n|-supereffective|p1a: Clefable\n|-damage|p1a: Clefable|28\/100 psn\n|move|p1a: Clefable|Flamethrower|p2a: Weezing\n|-damage|p2a: Weezing|0 fnt\n|faint|p2a: Weezing\n|\n|upkeep\n|\n|t:|1699152342\n|switch|p2a: Hydreigon|Hydreigon, M|100\/100\n|turn|15\n|\n|t:|1699152351\n|move|p2a: Hydreigon|Flamethrower|p1a: Clefable\n|-damage|p1a: Clefable|0 fnt\n|faint|p1a: Clefable\n|\n|upkeep\n|inactive|Nyamonya has 270 seconds left.\n|\n|t:|1699152392\n|switch|p1a: Palossand|Palossand, F|29\/100\n|-damage|p1a: Palossand|23\/100|[from] Stealth Rock\n|turn|16\n|\n|t:|1699152407\n|move|p2a: Hydreigon|Flamethrower|p1a: Palossand\n|-damage|p1a: Palossand|0 fnt\n|faint|p1a: Palossand\n|\n|upkeep\n|\n|t:|1699152410\n|switch|p1a: Tornadus|Tornadus-Therian, M|100\/100\n|-damage|p1a: Tornadus|76\/100|[from] Stealth Rock\n|turn|17\n|\n|t:|1699152417\n|switch|p2a: Gastrodon|Gastrodon, F|78\/100\n|move|p1a: Tornadus|Bleakwind Storm|p2a: Gastrodon\n|-damage|p2a: Gastrodon|51\/100\n|\n|-heal|p2a: Gastrodon|58\/100|[from] item: Leftovers\n|upkeep\n|turn|18\n|\n|t:|1699152422\n|move|p1a: Tornadus|Knock Off|p2a: Gastrodon\n|-damage|p2a: Gastrodon|31\/100\n|-enditem|p2a: Gastrodon|Leftovers|[from] move: Knock Off|[of] p1a: Tornadus\n|move|p2a: Gastrodon|Recover|p2a: Gastrodon\n|-heal|p2a: Gastrodon|81\/100\n|\n|upkeep\n|turn|19\n|inactive|Nyamonya has 270 seconds left.\n|\n|t:|1699152439\n|move|p1a: Tornadus|Bleakwind Storm|p2a: Gastrodon|[miss]\n|-miss|p1a: Tornadus|p2a: Gastrodon\n|move|p2a: Gastrodon|Sludge Bomb|p1a: Tornadus\n|-damage|p1a: Tornadus|63\/100\n|\n|upkeep\n|turn|20\n|\n|t:|1699152450\n|move|p1a: Tornadus|U-turn|p2a: Gastrodon\n|-damage|p2a: Gastrodon|64\/100\n|\n|t:|1699152456\n|switch|p1a: Bronzong|Bronzong|100\/100|[from] U-turn\n|-damage|p1a: Bronzong|94\/100|[from] Stealth Rock\n|move|p2a: Gastrodon|Sludge Bomb|p1a: Bronzong\n|-immune|p1a: Bronzong\n|\n|-heal|p1a: Bronzong|100\/100|[from] item: Leftovers\n|upkeep\n|turn|21\n|\n|t:|1699152467\n|move|p2a: Gastrodon|Recover|p2a: Gastrodon\n|-heal|p2a: Gastrodon|100\/100\n|move|p1a: Bronzong|Light Screen|p1a: Bronzong\n|-sidestart|p1: Nyamonya|move: Light Screen\n|\n|upkeep\n|turn|22\n|\n|t:|1699152478\n|switch|p2a: Annihilape|Annihilape, M|100\/100\n|switch|p1a: Tornadus|Tornadus-Therian, M|96\/100\n|-damage|p1a: Tornadus|71\/100|[from] Stealth Rock\n|\n|upkeep\n|turn|23\n|\n|t:|1699152489\n|move|p1a: Tornadus|Bleakwind Storm|p2a: Annihilape\n|-supereffective|p2a: Annihilape\n|-damage|p2a: Annihilape|54\/100\n|move|p2a: Annihilape|Rage Fist|p1a: Tornadus\n|-damage|p1a: Tornadus|21\/100\n|\n|upkeep\n|turn|24\n|\n|t:|1699152498\n|move|p1a: Tornadus|Bleakwind Storm|p2a: Annihilape\n|-supereffective|p2a: Annihilape\n|-damage|p2a: Annihilape|6\/100\n|move|p2a: Annihilape|Rage Fist|p1a: Tornadus\n|-damage|p1a: Tornadus|0 fnt\n|faint|p1a: Tornadus\n|\n|upkeep\n|\n|t:|1699152514\n|switch|p1a: Jolteon|Jolteon, M|100\/100\n|-damage|p1a: Jolteon|88\/100|[from] Stealth Rock\n|turn|25\n|\n|t:|1699152525\n|move|p1a: Jolteon|Thunderbolt|p2a: Annihilape\n|-damage|p2a: Annihilape|0 fnt\n|faint|p2a: Annihilape\n|\n|-sideend|p1: Nyamonya|move: Light Screen\n|upkeep\n|\n|t:|1699152527\n|switch|p2a: Gastrodon|Gastrodon, F|100\/100\n|turn|26\n|\n|t:|1699152532\n|switch|p1a: Bronzong|Bronzong|100\/100\n|-damage|p1a: Bronzong|94\/100|[from] Stealth Rock\n|switch|p2a: Hydreigon|Hydreigon, M|100\/100\n|\n|-heal|p1a: Bronzong|100\/100|[from] item: Leftovers\n|upkeep\n|turn|27\n|\n|t:|1699152543\n|switch|p1a: Infernape|Infernape, F|100\/100\n|-damage|p1a: Infernape|88\/100|[from] Stealth Rock\n|move|p2a: Hydreigon|Dark Pulse|p1a: Infernape\n|-resisted|p1a: Infernape\n|-damage|p1a: Infernape|42\/100\n|\n|upkeep\n|turn|28\n|\n|t:|1699152554\n|switch|p2a: Gastrodon|Gastrodon, F|100\/100\n|move|p1a: Infernape|Vacuum Wave|p2a: Gastrodon\n|-damage|p2a: Gastrodon|90\/100\n|\n|upkeep\n|turn|29\n|\n|t:|1699152581\n|move|p1a: Infernape|Stealth Rock|p2a: Gastrodon\n|-sidestart|p2: Wha1efish|move: Stealth Rock\n|move|p2a: Gastrodon|Earth Power|p1a: Infernape\n|-supereffective|p1a: Infernape\n|-damage|p1a: Infernape|0 fnt\n|faint|p1a: Infernape\n|\n|upkeep\n|\n|t:|1699152588\n|switch|p1a: Bronzong|Bronzong|100\/100\n|-damage|p1a: Bronzong|94\/100|[from] Stealth Rock\n|turn|30\n|\n|t:|1699152597\n|switch|p2a: Hydreigon|Hydreigon, M|100\/100\n|-damage|p2a: Hydreigon|88\/100|[from] Stealth Rock\n|move|p1a: Bronzong|Body Press|p2a: Hydreigon\n|-supereffective|p2a: Hydreigon\n|-damage|p2a: Hydreigon|19\/100\n|\n|-heal|p1a: Bronzong|100\/100|[from] item: Leftovers\n|upkeep\n|turn|31\n|\n|t:|1699152606\n|move|p2a: Hydreigon|Dark Pulse|p1a: Bronzong\n|-supereffective|p1a: Bronzong\n|-damage|p1a: Bronzong|0 fnt\n|faint|p1a: Bronzong\n|\n|upkeep\n|\n|t:|1699152612\n|switch|p1a: Jolteon|Jolteon, M|88\/100\n|-damage|p1a: Jolteon|76\/100|[from] Stealth Rock\n|turn|32\n|c| RektCactus|GG\n|\n|t:|1699152615\n|-terastallize|p1a: Jolteon|Ice\n|move|p1a: Jolteon|Tera Blast|p2a: Hydreigon|[anim] Tera Blast Ice\n|-supereffective|p2a: Hydreigon\n|-damage|p2a: Hydreigon|0 fnt\n|faint|p2a: Hydreigon\n|\n|upkeep\n|\n|t:|1699152618\n|switch|p2a: Gastrodon|Gastrodon, F|90\/100\n|-damage|p2a: Gastrodon|84\/100|[from] Stealth Rock\n|turn|33\n|\n|t:|1699152622\n|move|p1a: Jolteon|Tera Blast|p2a: Gastrodon|[anim] Tera Blast Ice\n|-damage|p2a: Gastrodon|55\/100\n|move|p2a: Gastrodon|Sludge Bomb|p1a: Jolteon\n|-damage|p1a: Jolteon|53\/100\n|-status|p1a: Jolteon|psn\n|\n|-damage|p1a: Jolteon|41\/100 psn|[from] psn\n|upkeep\n|turn|34\n|\n|t:|1699152626\n|move|p1a: Jolteon|Tera Blast|p2a: Gastrodon|[anim] Tera Blast Ice\n|-damage|p2a: Gastrodon|27\/100\n|move|p2a: Gastrodon|Recover|p2a: Gastrodon\n|-heal|p2a: Gastrodon|77\/100\n|\n|-damage|p1a: Jolteon|28\/100 psn|[from] psn\n|upkeep\n|turn|35\n|\n|t:|1699152629\n|move|p1a: Jolteon|Tera Blast|p2a: Gastrodon|[anim] Tera Blast Ice\n|-damage|p2a: Gastrodon|50\/100\n|move|p2a: Gastrodon|Recover|p2a: Gastrodon\n|-heal|p2a: Gastrodon|99\/100\n|\n|-damage|p1a: Jolteon|16\/100 psn|[from] psn\n|upkeep\n|turn|36\n|\n|t:|1699152631\n|move|p1a: Jolteon|Tera Blast|p2a: Gastrodon|[anim] Tera Blast Ice\n|-damage|p2a: Gastrodon|71\/100\n|move|p2a: Gastrodon|Sludge Bomb|p1a: Jolteon\n|-damage|p1a: Jolteon|0 fnt\n|faint|p1a: Jolteon\n|\n|win|Wha1efish\n|c| RektCactus|Gastrodon O_O\n|l|\u2606Wha1efish\n|j|\u2606Wha1efish\n|player|p2|Wha1efish|cynthia-gen4\n|l| RektCactus\n","uploadtime":1699152693,"views":8,"p1id":"nyamonya","p2id":"wha1efish","formatid":"gen9ubers","rating":0,"private":0,"password":""}