{"id":"gen9ubers-1980813020","p1":"red1998poke","p2":"Ergolito","format":"[Gen 9] Ubers","log":"|j|\u2606red1998poke\n|j|\u2606Ergolito\n|t:|1698837344\n|gametype|singles\n|player|p1|red1998poke|101|1178\n|player|p2|Ergolito|benga|1000\n|teamsize|p1|6\n|teamsize|p2|6\n|gen|9\n|tier|[Gen 9] Ubers\n|rated|\n|rule|Sleep Clause Mod: Limit one foe put to sleep\n|rule|Species Clause: Limit one of each Pok\u00e9mon\n|rule|OHKO Clause: OHKO moves are banned\n|rule|Evasion Items Clause: Evasion items are banned\n|rule|Evasion Moves Clause: Evasion moves are banned\n|rule|Endless Battle Clause: Forcing endless battles is banned\n|rule|HP Percentage Mod: HP is shown in percentages\n|clearpoke\n|poke|p1|Gastrodon-East, M|\n|poke|p1|Arcanine-Hisui, F|\n|poke|p1|Cyclizar, M|\n|poke|p1|Corviknight, F|\n|poke|p1|Thundurus-Therian, M|\n|poke|p1|Basculegion, M|\n|poke|p2|Gholdengo|\n|poke|p2|Polteageist|\n|poke|p2|Enamorus, F|\n|poke|p2|Ursaluna-Bloodmoon, M|\n|poke|p2|Annihilape, F|\n|poke|p2|Shaymin|\n|teampreview\n|inactive|Battle timer is ON: inactive players will automatically lose when time's up. (requested by Ergolito)\n|\n|t:|1698837358\n|start\n|switch|p1a: Cyclizar|Cyclizar, M|100\/100\n|switch|p2a: Sugar|Polteageist, shiny|100\/100\n|turn|1\n|\n|t:|1698837369\n|move|p1a: Cyclizar|Shed Tail|p1a: Cyclizar\n|-start|p1a: Cyclizar|Substitute|[from] move: Shed Tail\n|-damage|p1a: Cyclizar|50\/100\n|inactive|red1998poke has 120 seconds left.\n|\n|t:|1698837405\n|switch|p1a: Arcanine|Arcanine-Hisui, F|100\/100|[from] Shed Tail\n|move|p2a: Sugar|Shell Smash|p2a: Sugar\n|-unboost|p2a: Sugar|def|1\n|-unboost|p2a: Sugar|spd|1\n|-boost|p2a: Sugar|atk|2\n|-boost|p2a: Sugar|spa|2\n|-boost|p2a: Sugar|spe|2\n|-enditem|p2a: Sugar|White Herb\n|-clearnegativeboost|p2a: Sugar|[silent]\n|\n|upkeep\n|turn|2\n|\n|t:|1698837422\n|move|p2a: Sugar|Stored Power|p1a: Arcanine\n|-end|p1a: Arcanine|Substitute\n|move|p1a: Arcanine|Flare Blitz|p2a: Sugar\n|-damage|p2a: Sugar|0 fnt\n|faint|p2a: Sugar\n|\n|upkeep\n|\n|t:|1698837435\n|switch|p2a: Cerdito gominola|Annihilape, F|100\/100\n|turn|3\n|\n|t:|1698837446\n|switch|p1a: Basculegion|Basculegion, M|100\/100\n|move|p2a: Cerdito gominola|Bulk Up|p2a: Cerdito gominola\n|-boost|p2a: Cerdito gominola|atk|1\n|-boost|p2a: Cerdito gominola|def|1\n|\n|upkeep\n|turn|4\n|\n|t:|1698837457\n|switch|p1a: Cyclizar|Cyclizar, M|84\/100\n|move|p2a: Cerdito gominola|Rage Fist|p1a: Cyclizar\n|-immune|p1a: Cyclizar\n|\n|upkeep\n|turn|5\n|inactive|red1998poke has 120 seconds left.\n|\n|t:|1698837467\n|move|p1a: Cyclizar|Shed Tail|p1a: Cyclizar\n|-start|p1a: Cyclizar|Substitute|[from] move: Shed Tail\n|-damage|p1a: Cyclizar|34\/100\n|inactive|red1998poke has 120 seconds left.\n|\n|t:|1698837472\n|switch|p1a: Corviknight|Corviknight, F|100\/100|[from] Shed Tail\n|move|p2a: Cerdito gominola|Drain Punch|p1a: Corviknight\n|-end|p1a: Corviknight|Substitute\n|\n|upkeep\n|turn|6\n|inactive|red1998poke has 120 seconds left.\n|\n|t:|1698837491\n|move|p2a: Cerdito gominola|Drain Punch|p1a: Corviknight\n|-damage|p1a: Corviknight|72\/100\n|move|p1a: Corviknight|Brave Bird|p2a: Cerdito gominola\n|-supereffective|p2a: Cerdito gominola\n|-damage|p2a: Cerdito gominola|53\/100\n|-damage|p1a: Corviknight|56\/100|[from] Recoil\n|\n|-heal|p1a: Corviknight|62\/100|[from] item: Leftovers\n|upkeep\n|turn|7\n|inactive|red1998poke has 120 seconds left.\n|\n|t:|1698837502\n|move|p2a: Cerdito gominola|Bulk Up|p2a: Cerdito gominola\n|-boost|p2a: Cerdito gominola|atk|1\n|-boost|p2a: Cerdito gominola|def|1\n|move|p1a: Corviknight|Brave Bird|p2a: Cerdito gominola\n|-supereffective|p2a: Cerdito gominola\n|-damage|p2a: Cerdito gominola|19\/100\n|-damage|p1a: Corviknight|50\/100|[from] Recoil\n|\n|-heal|p1a: Corviknight|57\/100|[from] item: Leftovers\n|upkeep\n|turn|8\n|inactive|red1998poke has 120 seconds left.\n|\n|t:|1698837517\n|switch|p1a: Basculegion|Basculegion, M|100\/100\n|move|p2a: Cerdito gominola|Rest|p2a: Cerdito gominola\n|-status|p2a: Cerdito gominola|slp|[from] move: Rest\n|-heal|p2a: Cerdito gominola|100\/100 slp|[silent]\n|-enditem|p2a: Cerdito gominola|Chesto Berry|[eat]\n|-curestatus|p2a: Cerdito gominola|slp|[msg]\n|\n|upkeep\n|turn|9\n|inactive|red1998poke has 120 seconds left.\n|\n|t:|1698837530\n|switch|p1a: Cyclizar|Cyclizar, M|67\/100\n|move|p2a: Cerdito gominola|Rage Fist|p1a: Cyclizar\n|-immune|p1a: Cyclizar\n|\n|upkeep\n|turn|10\n|inactive|red1998poke has 120 seconds left.\n|\n|t:|1698837544\n|move|p1a: Cyclizar|Shed Tail|p1a: Cyclizar\n|-start|p1a: Cyclizar|Substitute|[from] move: Shed Tail\n|-damage|p1a: Cyclizar|17\/100\n|inactive|red1998poke has 120 seconds left.\n|\n|t:|1698837553\n|switch|p1a: Thundurus|Thundurus-Therian, M|100\/100|[from] Shed Tail\n|move|p2a: Cerdito gominola|Bulk Up|p2a: Cerdito gominola\n|-boost|p2a: Cerdito gominola|atk|1\n|-boost|p2a: Cerdito gominola|def|1\n|\n|upkeep\n|turn|11\n|inactive|red1998poke has 120 seconds left.\n|\n|t:|1698837568\n|move|p1a: Thundurus|Thunderbolt|p2a: Cerdito gominola\n|-damage|p2a: Cerdito gominola|50\/100\n|move|p2a: Cerdito gominola|Rage Fist|p1a: Thundurus\n|-end|p1a: Thundurus|Substitute\n|\n|upkeep\n|turn|12\n|\n|t:|1698837580\n|move|p1a: Thundurus|Thunderbolt|p2a: Cerdito gominola\n|-damage|p2a: Cerdito gominola|5\/100\n|move|p2a: Cerdito gominola|Drain Punch|p1a: Thundurus\n|-resisted|p1a: Thundurus\n|-damage|p1a: Thundurus|47\/100\n|-heal|p2a: Cerdito gominola|24\/100|[from] drain|[of] p1a: Thundurus\n|\n|upkeep\n|turn|13\n|\n|t:|1698837590\n|move|p1a: Thundurus|Thunderbolt|p2a: Cerdito gominola\n|-damage|p2a: Cerdito gominola|0 fnt\n|faint|p2a: Cerdito gominola\n|\n|upkeep\n|\n|t:|1698837597\n|switch|p2a: Farhan|Gholdengo|100\/100\n|turn|14\n|\n|t:|1698837604\n|move|p1a: Thundurus|Thunderbolt|p2a: Farhan\n|-damage|p2a: Farhan|12\/100\n|move|p2a: Farhan|Nasty Plot|p2a: Farhan\n|-boost|p2a: Farhan|spa|2\n|\n|upkeep\n|turn|15\n|\n|t:|1698837611\n|move|p1a: Thundurus|Thunderbolt|p2a: Farhan\n|-damage|p2a: Farhan|0 fnt\n|faint|p2a: Farhan\n|\n|upkeep\n|\n|t:|1698837616\n|switch|p2a: Arizona|Enamorus, F|100\/100\n|turn|16\n|\n|t:|1698837628\n|move|p2a: Arizona|Moonblast|p1a: Thundurus\n|-damage|p1a: Thundurus|0 fnt\n|faint|p1a: Thundurus\n|\n|upkeep\n|\n|t:|1698837648\n|switch|p1a: Gastrodon|Gastrodon-East, M|100\/100\n|turn|17\n|\n|t:|1698837659\n|move|p2a: Arizona|Moonblast|p1a: Gastrodon\n|-damage|p1a: Gastrodon|54\/100\n|-unboost|p1a: Gastrodon|spa|1\n|move|p1a: Gastrodon|Ice Beam|p2a: Arizona\n|-supereffective|p2a: Arizona\n|-damage|p2a: Arizona|60\/100\n|\n|-heal|p1a: Gastrodon|60\/100|[from] item: Leftovers\n|upkeep\n|turn|18\n|\n|t:|1698837669\n|move|p2a: Arizona|Moonblast|p1a: Gastrodon\n|-damage|p1a: Gastrodon|11\/100\n|move|p1a: Gastrodon|Recover|p1a: Gastrodon\n|-heal|p1a: Gastrodon|61\/100\n|\n|-heal|p1a: Gastrodon|67\/100|[from] item: Leftovers\n|upkeep\n|turn|19\n|\n|t:|1698837680\n|switch|p1a: Corviknight|Corviknight, F|57\/100\n|move|p2a: Arizona|Moonblast|p1a: Corviknight\n|-resisted|p1a: Corviknight\n|-damage|p1a: Corviknight|18\/100\n|-ability|p1a: Corviknight|Mirror Armor\n|-boost|p2a: Arizona|spa|1\n|\n|-heal|p1a: Corviknight|25\/100|[from] item: Leftovers\n|upkeep\n|turn|20\n|\n|t:|1698837698\n|move|p2a: Arizona|Moonblast|p1a: Corviknight\n|-resisted|p1a: Corviknight\n|-damage|p1a: Corviknight|0 fnt\n|faint|p1a: Corviknight\n|\n|upkeep\n|inactive|red1998poke has 120 seconds left.\n|\n|t:|1698837726\n|switch|p1a: Arcanine|Arcanine-Hisui, F|100\/100\n|turn|21\n|\n|t:|1698837732\n|move|p2a: Arizona|Moonblast|p1a: Arcanine\n|-resisted|p1a: Arcanine\n|-damage|p1a: Arcanine|25\/100\n|move|p1a: Arcanine|Flare Blitz|p2a: Arizona\n|-damage|p2a: Arizona|0 fnt\n|faint|p2a: Arizona\n|\n|-heal|p1a: Arcanine|31\/100|[from] item: Leftovers\n|upkeep\n|\n|t:|1698837750\n|switch|p2a: Tina|Shaymin|100\/100\n|turn|22\n|inactive|red1998poke has 120 seconds left.\n|\n|t:|1698837763\n|move|p2a: Tina|Earth Power|p1a: Arcanine\n|-supereffective|p1a: Arcanine\n|-damage|p1a: Arcanine|0 fnt\n|faint|p1a: Arcanine\n|\n|upkeep\n|inactive|red1998poke has 120 seconds left.\n|\n|t:|1698837779\n|switch|p1a: Gastrodon|Gastrodon-East, M|67\/100\n|turn|23\n|\n|t:|1698837792\n|switch|p1a: Cyclizar|Cyclizar, M|50\/100\n|-terastallize|p2a: Tina|Grass\n|move|p2a: Tina|Seed Flare|p1a: Cyclizar\n|-resisted|p1a: Cyclizar\n|-damage|p1a: Cyclizar|0 fnt\n|faint|p1a: Cyclizar\n|\n|upkeep\n|\n|t:|1698837809\n|switch|p1a: Basculegion|Basculegion, M|100\/100\n|turn|24\n|\n|t:|1698837817\n|-terastallize|p1a: Basculegion|Ghost\n|move|p1a: Basculegion|Last Respects|p2a: Tina\n|-damage|p2a: Tina|0 fnt\n|faint|p2a: Tina\n|\n|upkeep\n|\n|t:|1698837824\n|switch|p2a: Pardoloco|Ursaluna-Bloodmoon, M|100\/100\n|turn|25\n|inactive|red1998poke has 120 seconds left.\n|\n|t:|1698837838\n|switch|p1a: Gastrodon|Gastrodon-East, M|67\/100\n|move|p2a: Pardoloco|Calm Mind|p2a: Pardoloco\n|-boost|p2a: Pardoloco|spa|1\n|-boost|p2a: Pardoloco|spd|1\n|\n|-heal|p1a: Gastrodon|73\/100|[from] item: Leftovers\n|upkeep\n|turn|26\n|inactive|red1998poke has 120 seconds left.\n|\n|t:|1698837851\n|move|p2a: Pardoloco|Calm Mind|p2a: Pardoloco\n|-boost|p2a: Pardoloco|spa|1\n|-boost|p2a: Pardoloco|spd|1\n|move|p1a: Gastrodon|Surf|p2a: Pardoloco\n|-supereffective|p2a: Pardoloco\n|-damage|p2a: Pardoloco|63\/100\n|\n|-heal|p2a: Pardoloco|69\/100|[from] item: Leftovers\n|-heal|p1a: Gastrodon|79\/100|[from] item: Leftovers\n|upkeep\n|turn|27\n|inactive|red1998poke has 120 seconds left.\n|\n|t:|1698837868\n|move|p2a: Pardoloco|Blood Moon|p1a: Gastrodon\n|-damage|p1a: Gastrodon|0 fnt\n|faint|p1a: Gastrodon\n|\n|-heal|p2a: Pardoloco|75\/100|[from] item: Leftovers\n|upkeep\n|\n|t:|1698837871\n|switch|p1a: Basculegion|Basculegion, M, tera:Ghost|100\/100\n|turn|28\n|\n|t:|1698837876\n|move|p1a: Basculegion|Wave Crash|p2a: Pardoloco\n|-supereffective|p2a: Pardoloco\n|-damage|p2a: Pardoloco|0 fnt\n|faint|p2a: Pardoloco\n|-damage|p1a: Basculegion|77\/100|[from] Recoil\n|\n|win|red1998poke\n|raw|red1998poke's rating: 1178 &rarr; <strong>1191<\/strong><br \/>(+13 for winning)\n|raw|Ergolito's rating: 1000 &rarr; <strong>1000<\/strong><br \/>(+0 for losing)\n|c|\u2606Ergolito|gg\n|c|\u2606red1998poke|Gg\n","uploadtime":1698837890,"views":11,"p1id":"red1998poke","p2id":"ergolito","formatid":"gen9ubers","rating":1000,"private":0,"password":""}