{"id":"gen9ubers-1979794338","p1":"kinqidiot","p2":"Suareazy88","format":"[Gen 9] Ubers","log":"|j|\u2606kinqidiot\n|j|\u2606Suareazy88\n|t:|1698713936\n|gametype|singles\n|player|p1|kinqidiot|n|\n|player|p2|Suareazy88|101|\n|teamsize|p1|6\n|teamsize|p2|6\n|gen|9\n|tier|[Gen 9] Ubers\n|rule|Sleep Clause Mod: Limit one foe put to sleep\n|rule|Species Clause: Limit one of each Pok\u00e9mon\n|rule|OHKO Clause: OHKO moves are banned\n|rule|Evasion Items Clause: Evasion items are banned\n|rule|Evasion Moves Clause: Evasion moves are banned\n|rule|Endless Battle Clause: Forcing endless battles is banned\n|rule|HP Percentage Mod: HP is shown in percentages\n|clearpoke\n|poke|p1|Meowscarada, M|\n|poke|p1|Ambipom, M|\n|poke|p1|Clodsire, M|\n|poke|p1|Iron Treads|\n|poke|p1|Mimikyu, M|\n|poke|p1|Naclstack, M|\n|poke|p2|Snorlax, F|\n|poke|p2|Iron Valiant|\n|poke|p2|Dragonite, M|\n|poke|p2|Baxcalibur, F|\n|poke|p2|Milotic, F|\n|poke|p2|Greninja-*, F|\n|teampreview\n|\n|t:|1698713958\n|start\n|switch|p1a: Clodsire|Clodsire, M|100\/100\n|switch|p2a: Dragonite|Dragonite, M, shiny|100\/100\n|turn|1\n|\n|t:|1698713969\n|move|p2a: Dragonite|Fire Spin|p1a: Clodsire\n|-damage|p1a: Clodsire|96\/100\n|-activate|p1a: Clodsire|move: Fire Spin|[of] p2a: Dragonite\n|move|p1a: Clodsire|Toxic Spikes|p2a: Dragonite\n|-sidestart|p2: Suareazy88|move: Toxic Spikes\n|\n|-heal|p1a: Clodsire|100\/100|[from] item: Black Sludge\n|-damage|p1a: Clodsire|84\/100|[from] move: Fire Spin|[partiallytrapped]\n|upkeep\n|turn|2\n|\n|t:|1698713978\n|move|p2a: Dragonite|Encore|p1a: Clodsire\n|-start|p1a: Clodsire|Encore\n|move|p1a: Clodsire|Toxic Spikes|p2a: Dragonite\n|-sidestart|p2: Suareazy88|move: Toxic Spikes\n|\n|-heal|p1a: Clodsire|90\/100|[from] item: Black Sludge\n|-damage|p1a: Clodsire|74\/100|[from] move: Fire Spin|[partiallytrapped]\n|upkeep\n|turn|3\n|\n|t:|1698713990\n|move|p2a: Dragonite|Fire Spin|p1a: Clodsire\n|-damage|p1a: Clodsire|68\/100\n|move|p1a: Clodsire|Toxic Spikes||[still]\n|-fail|p1a: Clodsire\n|\n|-heal|p1a: Clodsire|74\/100|[from] item: Black Sludge\n|-damage|p1a: Clodsire|58\/100|[from] move: Fire Spin|[partiallytrapped]\n|upkeep\n|turn|4\n|\n|t:|1698713999\n|move|p2a: Dragonite|Fire Spin|p1a: Clodsire\n|-damage|p1a: Clodsire|53\/100\n|move|p1a: Clodsire|Toxic Spikes||[still]\n|-fail|p1a: Clodsire\n|\n|-heal|p1a: Clodsire|59\/100|[from] item: Black Sludge\n|-damage|p1a: Clodsire|42\/100|[from] move: Fire Spin|[partiallytrapped]\n|-end|p1a: Clodsire|Encore\n|upkeep\n|turn|5\n|\n|t:|1698714012\n|move|p1a: Clodsire|Protect|p1a: Clodsire\n|-singleturn|p1a: Clodsire|Protect\n|move|p2a: Dragonite|Encore|p1a: Clodsire\n|-activate|p1a: Clodsire|move: Protect\n|\n|-heal|p1a: Clodsire|49\/100|[from] item: Black Sludge\n|-end|p1a: Clodsire|Fire Spin|[partiallytrapped]\n|upkeep\n|turn|6\n|\n|t:|1698714030\n|switch|p1a: Mimikyu|Mimikyu, M|100\/100\n|move|p2a: Dragonite|Fire Spin|p1a: Mimikyu\n|-activate|p1a: Mimikyu|ability: Disguise\n|-damage|p1a: Mimikyu|100\/100\n|-activate|p1a: Mimikyu|move: Fire Spin|[of] p2a: Dragonite\n|detailschange|p1a: Mimikyu|Mimikyu-Busted, M\n|-damage|p1a: Mimikyu|88\/100|[from] pokemon: Mimikyu-Busted\n|\n|-damage|p1a: Mimikyu|72\/100|[from] move: Fire Spin|[partiallytrapped]\n|upkeep\n|turn|7\n|\n|t:|1698714041\n|move|p1a: Mimikyu|Play Rough|p2a: Dragonite\n|-supereffective|p2a: Dragonite\n|-damage|p2a: Dragonite|75\/100\n|move|p2a: Dragonite|Thunder Wave|p1a: Mimikyu\n|-status|p1a: Mimikyu|par\n|\n|-damage|p1a: Mimikyu|55\/100 par|[from] move: Fire Spin|[partiallytrapped]\n|upkeep\n|turn|8\n|\n|t:|1698714058\n|move|p2a: Dragonite|Roost|p2a: Dragonite\n|-heal|p2a: Dragonite|100\/100\n|-singleturn|p2a: Dragonite|move: Roost\n|move|p1a: Mimikyu|Play Rough|p2a: Dragonite|[miss]\n|-miss|p1a: Mimikyu|p2a: Dragonite\n|\n|-damage|p1a: Mimikyu|39\/100 par|[from] move: Fire Spin|[partiallytrapped]\n|upkeep\n|turn|9\n|\n|t:|1698714067\n|move|p2a: Dragonite|Fire Spin|p1a: Mimikyu\n|-damage|p1a: Mimikyu|27\/100 par\n|cant|p1a: Mimikyu|par\n|\n|-damage|p1a: Mimikyu|11\/100 par|[from] move: Fire Spin|[partiallytrapped]\n|upkeep\n|turn|10\n|\n|t:|1698714077\n|move|p2a: Dragonite|Fire Spin|p1a: Mimikyu\n|-damage|p1a: Mimikyu|0 fnt\n|faint|p1a: Mimikyu\n|\n|upkeep\n|\n|t:|1698714083\n|switch|p1a: Clodsire|Clodsire, M|49\/100\n|turn|11\n|\n|t:|1698714087\n|move|p2a: Dragonite|Fire Spin|p1a: Clodsire|[miss]\n|-miss|p2a: Dragonite|p1a: Clodsire\n|move|p1a: Clodsire|Spikes|p2a: Dragonite\n|-sidestart|p2: Suareazy88|Spikes\n|\n|-heal|p1a: Clodsire|55\/100|[from] item: Black Sludge\n|upkeep\n|turn|12\n|\n|t:|1698714100\n|switch|p2a: Greninja|Greninja, F, shiny|100\/100\n|-status|p2a: Greninja|tox\n|-damage|p2a: Greninja|88\/100 tox|[from] Spikes\n|move|p1a: Clodsire|Spikes|p2a: Greninja\n|-sidestart|p2: Suareazy88|Spikes\n|\n|-heal|p1a: Clodsire|61\/100|[from] item: Black Sludge\n|-damage|p2a: Greninja|82\/100 tox|[from] psn\n|upkeep\n|turn|13\n|\n|t:|1698714111\n|move|p1a: Clodsire|Protect|p1a: Clodsire\n|-singleturn|p1a: Clodsire|Protect\n|move|p2a: Greninja|Surf|p1a: Clodsire\n|-start|p2a: Greninja|typechange|Water|[from] ability: Protean\n|-activate|p1a: Clodsire|move: Protect\n|\n|-heal|p1a: Clodsire|67\/100|[from] item: Black Sludge\n|-damage|p2a: Greninja|70\/100 tox|[from] psn\n|upkeep\n|turn|14\n|\n|t:|1698714123\n|move|p2a: Greninja|Ice Beam|p1a: Clodsire\n|-supereffective|p1a: Clodsire\n|-damage|p1a: Clodsire|27\/100\n|move|p1a: Clodsire|Earthquake|p2a: Greninja\n|-damage|p2a: Greninja|22\/100 tox\n|\n|-heal|p1a: Clodsire|33\/100|[from] item: Black Sludge\n|-damage|p2a: Greninja|4\/100 tox|[from] psn\n|upkeep\n|turn|15\n|\n|t:|1698714133\n|move|p1a: Clodsire|Protect|p1a: Clodsire\n|-singleturn|p1a: Clodsire|Protect\n|move|p2a: Greninja|Surf|p1a: Clodsire\n|-activate|p1a: Clodsire|move: Protect\n|\n|-heal|p1a: Clodsire|40\/100|[from] item: Black Sludge\n|-damage|p2a: Greninja|0 fnt|[from] psn\n|faint|p2a: Greninja\n|upkeep\n|\n|t:|1698714142\n|switch|p2a: Iron Valiant|Iron Valiant|100\/100\n|-status|p2a: Iron Valiant|tox\n|-damage|p2a: Iron Valiant|84\/100 tox|[from] Spikes\n|-enditem|p2a: Iron Valiant|Booster Energy\n|-activate|p2a: Iron Valiant|ability: Quark Drive|[fromitem]\n|-start|p2a: Iron Valiant|quarkdrivespa\n|turn|16\n|\n|t:|1698714150\n|move|p2a: Iron Valiant|Psyshock|p1a: Clodsire\n|-supereffective|p1a: Clodsire\n|-damage|p1a: Clodsire|0 fnt\n|faint|p1a: Clodsire\n|\n|-damage|p2a: Iron Valiant|78\/100 tox|[from] psn\n|upkeep\n|\n|t:|1698714160\n|switch|p1a: Iron Treads|Iron Treads|100\/100\n|-enditem|p1a: Iron Treads|Booster Energy\n|-activate|p1a: Iron Treads|ability: Quark Drive|[fromitem]\n|-start|p1a: Iron Treads|quarkdrivespe\n|turn|17\n|\n|t:|1698714175\n|move|p1a: Iron Treads|Iron Head|p2a: Iron Valiant\n|-supereffective|p2a: Iron Valiant\n|-damage|p2a: Iron Valiant|0 fnt\n|faint|p2a: Iron Valiant\n|-end|p2a: Iron Valiant|Quark Drive|[silent]\n|\n|upkeep\n|\n|t:|1698714181\n|switch|p2a: Dragonite|Dragonite, M, shiny|100\/100\n|turn|18\n|\n|t:|1698714185\n|move|p1a: Iron Treads|Ice Spinner|p2a: Dragonite\n|-supereffective|p2a: Dragonite\n|-damage|p2a: Dragonite|63\/100\n|move|p2a: Dragonite|Fire Spin|p1a: Iron Treads\n|-supereffective|p1a: Iron Treads\n|-damage|p1a: Iron Treads|77\/100\n|-activate|p1a: Iron Treads|move: Fire Spin|[of] p2a: Dragonite\n|\n|-damage|p1a: Iron Treads|60\/100|[from] move: Fire Spin|[partiallytrapped]\n|upkeep\n|turn|19\n|\n|t:|1698714195\n|-terastallize|p2a: Dragonite|Fairy\n|move|p1a: Iron Treads|Ice Spinner|p2a: Dragonite\n|-damage|p2a: Dragonite|42\/100\n|move|p2a: Dragonite|Encore|p1a: Iron Treads\n|-start|p1a: Iron Treads|Encore\n|\n|-damage|p1a: Iron Treads|44\/100|[from] move: Fire Spin|[partiallytrapped]\n|upkeep\n|turn|20\n|\n|t:|1698714206\n|move|p1a: Iron Treads|Ice Spinner|p2a: Dragonite\n|-damage|p2a: Dragonite|23\/100\n|move|p2a: Dragonite|Roost|p2a: Dragonite\n|-heal|p2a: Dragonite|73\/100\n|\n|-damage|p1a: Iron Treads|27\/100|[from] move: Fire Spin|[partiallytrapped]\n|upkeep\n|turn|21\n|\n|t:|1698714214\n|move|p1a: Iron Treads|Ice Spinner|p2a: Dragonite\n|-damage|p2a: Dragonite|54\/100\n|move|p2a: Dragonite|Roost|p2a: Dragonite\n|-heal|p2a: Dragonite|100\/100\n|\n|-damage|p1a: Iron Treads|11\/100|[from] move: Fire Spin|[partiallytrapped]\n|upkeep\n|turn|22\n|\n|t:|1698714222\n|move|p1a: Iron Treads|Ice Spinner|p2a: Dragonite\n|-damage|p2a: Dragonite|92\/100\n|move|p2a: Dragonite|Roost|p2a: Dragonite\n|-heal|p2a: Dragonite|100\/100\n|\n|-end|p1a: Iron Treads|Fire Spin|[partiallytrapped]\n|-end|p1a: Iron Treads|Encore\n|upkeep\n|turn|23\n|\n|t:|1698714231\n|move|p1a: Iron Treads|Iron Head|p2a: Dragonite\n|-supereffective|p2a: Dragonite\n|-damage|p2a: Dragonite|74\/100\n|move|p2a: Dragonite|Fire Spin|p1a: Iron Treads\n|-supereffective|p1a: Iron Treads\n|-damage|p1a: Iron Treads|0 fnt\n|faint|p1a: Iron Treads\n|-end|p1a: Iron Treads|Quark Drive|[silent]\n|\n|upkeep\n|\n|t:|1698714239\n|switch|p1a: Naclstack|Naclstack, M|100\/100\n|turn|24\n|\n|t:|1698714249\n|move|p2a: Dragonite|Fire Spin|p1a: Naclstack\n|-resisted|p1a: Naclstack\n|-crit|p1a: Naclstack\n|-damage|p1a: Naclstack|96\/100\n|-activate|p1a: Naclstack|move: Fire Spin|[of] p2a: Dragonite\n|move|p1a: Naclstack|Salt Cure|p2a: Dragonite\n|-damage|p2a: Dragonite|67\/100\n|-start|p2a: Dragonite|Salt Cure\n|\n|-damage|p2a: Dragonite|54\/100|[from] Salt Cure\n|-damage|p1a: Naclstack|80\/100|[from] move: Fire Spin|[partiallytrapped]\n|upkeep\n|turn|25\n|\n|t:|1698714262\n|move|p2a: Dragonite|Roost|p2a: Dragonite\n|-heal|p2a: Dragonite|100\/100\n|move|p1a: Naclstack|Recover|p1a: Naclstack\n|-heal|p1a: Naclstack|100\/100\n|\n|-damage|p2a: Dragonite|88\/100|[from] Salt Cure\n|-damage|p1a: Naclstack|84\/100|[from] move: Fire Spin|[partiallytrapped]\n|upkeep\n|turn|26\n|\n|t:|1698714278\n|move|p2a: Dragonite|Fire Spin|p1a: Naclstack\n|-resisted|p1a: Naclstack\n|-damage|p1a: Naclstack|81\/100\n|move|p1a: Naclstack|Recover|p1a: Naclstack\n|-heal|p1a: Naclstack|100\/100\n|\n|-damage|p2a: Dragonite|76\/100|[from] Salt Cure\n|-damage|p1a: Naclstack|84\/100|[from] move: Fire Spin|[partiallytrapped]\n|upkeep\n|turn|27\n|\n|t:|1698714289\n|move|p2a: Dragonite|Fire Spin|p1a: Naclstack\n|-resisted|p1a: Naclstack\n|-damage|p1a: Naclstack|81\/100\n|move|p1a: Naclstack|Iron Defense|p1a: Naclstack\n|-boost|p1a: Naclstack|def|2\n|\n|-damage|p2a: Dragonite|63\/100|[from] Salt Cure\n|-damage|p1a: Naclstack|64\/100|[from] move: Fire Spin|[partiallytrapped]\n|upkeep\n|turn|28\n|\n|t:|1698714298\n|move|p2a: Dragonite|Encore|p1a: Naclstack\n|-start|p1a: Naclstack|Encore\n|move|p1a: Naclstack|Iron Defense|p1a: Naclstack\n|-boost|p1a: Naclstack|def|2\n|\n|-damage|p2a: Dragonite|51\/100|[from] Salt Cure\n|-damage|p1a: Naclstack|48\/100|[from] move: Fire Spin|[partiallytrapped]\n|upkeep\n|turn|29\n|\n|t:|1698714307\n|move|p2a: Dragonite|Roost|p2a: Dragonite\n|-heal|p2a: Dragonite|100\/100\n|move|p1a: Naclstack|Iron Defense|p1a: Naclstack\n|-boost|p1a: Naclstack|def|2\n|\n|-damage|p2a: Dragonite|88\/100|[from] Salt Cure\n|-end|p1a: Naclstack|Fire Spin|[partiallytrapped]\n|upkeep\n|turn|30\n|\n|t:|1698714316\n|move|p2a: Dragonite|Fire Spin|p1a: Naclstack\n|-resisted|p1a: Naclstack\n|-crit|p1a: Naclstack\n|-damage|p1a: Naclstack|44\/100\n|-activate|p1a: Naclstack|move: Fire Spin|[of] p2a: Dragonite\n|move|p1a: Naclstack|Iron Defense|p1a: Naclstack\n|-boost|p1a: Naclstack|def|0\n|\n|-damage|p2a: Dragonite|76\/100|[from] Salt Cure\n|-damage|p1a: Naclstack|27\/100|[from] move: Fire Spin|[partiallytrapped]\n|-end|p1a: Naclstack|Encore\n|upkeep\n|turn|31\n|\n|t:|1698714330\n|move|p2a: Dragonite|Encore|p1a: Naclstack\n|-start|p1a: Naclstack|Encore\n|move|p1a: Naclstack|Iron Defense|p1a: Naclstack\n|-boost|p1a: Naclstack|def|0\n|\n|-damage|p2a: Dragonite|63\/100|[from] Salt Cure\n|-damage|p1a: Naclstack|10\/100|[from] move: Fire Spin|[partiallytrapped]\n|upkeep\n|turn|32\n|\n|t:|1698714339\n|move|p2a: Dragonite|Roost|p2a: Dragonite\n|-heal|p2a: Dragonite|100\/100\n|move|p1a: Naclstack|Iron Defense|p1a: Naclstack\n|-boost|p1a: Naclstack|def|0\n|\n|-damage|p2a: Dragonite|88\/100|[from] Salt Cure\n|-damage|p1a: Naclstack|0 fnt|[from] move: Fire Spin|[partiallytrapped]\n|faint|p1a: Naclstack\n|upkeep\n|\n|t:|1698714348\n|switch|p1a: Ambipom|Ambipom, M|100\/100\n|turn|33\n|\n|t:|1698714353\n|-terastallize|p1a: Ambipom|Normal\n|move|p1a: Ambipom|Fake Out|p2a: Dragonite\n|-damage|p2a: Dragonite|56\/100\n|cant|p2a: Dragonite|flinch\n|\n|-damage|p2a: Dragonite|44\/100|[from] Salt Cure\n|upkeep\n|turn|34\n|\n|t:|1698714365\n|move|p1a: Ambipom|Last Resort|p2a: Dragonite\n|-damage|p2a: Dragonite|0 fnt\n|faint|p2a: Dragonite\n|\n|upkeep\n|\n|t:|1698714371\n|switch|p2a: Milotic|Milotic, F, shiny|100\/100\n|-status|p2a: Milotic|tox\n|-damage|p2a: Milotic|84\/100 tox|[from] Spikes\n|turn|35\n|\n|t:|1698714379\n|move|p1a: Ambipom|Last Resort|p2a: Milotic\n|-damage|p2a: Milotic|11\/100 tox\n|move|p2a: Milotic|Attract|p1a: Ambipom\n|-start|p1a: Ambipom|Attract\n|\n|-heal|p2a: Milotic|17\/100 tox|[from] item: Leftovers\n|-damage|p2a: Milotic|11\/100 tox|[from] psn\n|upkeep\n|turn|36\n|\n|t:|1698714390\n|switch|p1a: Meowscarada|Meowscarada, M|100\/100\n|move|p2a: Milotic|Scald|p1a: Meowscarada\n|-resisted|p1a: Meowscarada\n|-damage|p1a: Meowscarada|78\/100\n|-status|p1a: Meowscarada|brn\n|\n|-heal|p2a: Milotic|17\/100 tox|[from] item: Leftovers\n|-damage|p2a: Milotic|5\/100 tox|[from] psn\n|-damage|p1a: Meowscarada|72\/100 brn|[from] brn\n|upkeep\n|turn|37\n|\n|t:|1698714403\n|move|p1a: Meowscarada|Knock Off|p2a: Milotic\n|-damage|p2a: Milotic|0 fnt\n|-enditem|p2a: Milotic|Leftovers|[from] move: Knock Off|[of] p1a: Meowscarada\n|faint|p2a: Milotic\n|\n|-damage|p1a: Meowscarada|66\/100 brn|[from] brn\n|upkeep\n|\n|t:|1698714406\n|switch|p2a: Baxcalibur|Baxcalibur, F|100\/100\n|-status|p2a: Baxcalibur|tox\n|-damage|p2a: Baxcalibur|84\/100 tox|[from] Spikes\n|turn|38\n|\n|t:|1698714417\n|switch|p1a: Ambipom|Ambipom, M, tera:Normal|100\/100\n|move|p2a: Baxcalibur|Dragon Dance|p2a: Baxcalibur\n|-boost|p2a: Baxcalibur|atk|1\n|-boost|p2a: Baxcalibur|spe|1\n|\n|-damage|p2a: Baxcalibur|78\/100 tox|[from] psn\n|upkeep\n|turn|39\n|\n|t:|1698714426\n|move|p1a: Ambipom|Fake Out|p2a: Baxcalibur\n|-damage|p2a: Baxcalibur|35\/100 tox\n|cant|p2a: Baxcalibur|flinch\n|\n|-damage|p2a: Baxcalibur|22\/100 tox|[from] psn\n|upkeep\n|turn|40\n|\n|t:|1698714434\n|switch|p1a: Meowscarada|Meowscarada, M|66\/100 brn\n|move|p2a: Baxcalibur|Ice Shard|p1a: Meowscarada\n|-supereffective|p1a: Meowscarada\n|-crit|p1a: Meowscarada\n|-damage|p1a: Meowscarada|0 fnt\n|faint|p1a: Meowscarada\n|\n|-damage|p2a: Baxcalibur|4\/100 tox|[from] psn\n|upkeep\n|\n|t:|1698714443\n|switch|p1a: Ambipom|Ambipom, M, tera:Normal|100\/100\n|turn|41\n|\n|t:|1698714447\n|move|p1a: Ambipom|Fake Out|p2a: Baxcalibur\n|-damage|p2a: Baxcalibur|0 fnt\n|faint|p2a: Baxcalibur\n|\n|upkeep\n|\n|t:|1698714449\n|switch|p2a: Snorlax|Snorlax, F|100\/100\n|-status|p2a: Snorlax|tox\n|-damage|p2a: Snorlax|84\/100 tox|[from] Spikes\n|turn|42\n|\n|t:|1698714456\n|move|p1a: Ambipom|Last Resort|p2a: Snorlax\n|-damage|p2a: Snorlax|25\/100 tox\n|-enditem|p2a: Snorlax|Figy Berry|[eat]\n|-heal|p2a: Snorlax|59\/100 tox|[from] item: Figy Berry\n|move|p2a: Snorlax|Facade|p1a: Ambipom\n|-damage|p1a: Ambipom|19\/100\n|\n|-damage|p2a: Snorlax|53\/100 tox|[from] psn\n|upkeep\n|turn|43\n|\n|t:|1698714466\n|move|p1a: Ambipom|Last Resort|p2a: Snorlax\n|-damage|p2a: Snorlax|0 fnt\n|faint|p2a: Snorlax\n|\n|win|kinqidiot\n","uploadtime":1698714488,"views":29,"p1id":"kinqidiot","p2id":"suareazy88","formatid":"gen9ubers","rating":0,"private":0,"password":""}