{"id":"gen9ubers-1979930973","p1":"la viuda alegre","p2":"The_Gh0st_Shadow","format":"[Gen 9] Ubers","log":"|j|\u2606la viuda alegre\n|j|\u2606The_Gh0st_Shadow\n|t:|1698731549\n|gametype|singles\n|player|p1|la viuda alegre|teacher|1107\n|player|p2|The_Gh0st_Shadow|ghetsis|1104\n|teamsize|p1|6\n|teamsize|p2|6\n|gen|9\n|tier|[Gen 9] Ubers\n|rated|\n|rule|Sleep Clause Mod: Limit one foe put to sleep\n|rule|Species Clause: Limit one of each Pok\u00e9mon\n|rule|OHKO Clause: OHKO moves are banned\n|rule|Evasion Items Clause: Evasion items are banned\n|rule|Evasion Moves Clause: Evasion moves are banned\n|rule|Endless Battle Clause: Forcing endless battles is banned\n|rule|HP Percentage Mod: HP is shown in percentages\n|clearpoke\n|poke|p1|Flutter Mane|\n|poke|p1|Grimmsnarl, M|\n|poke|p1|Arceus|\n|poke|p1|Miraidon|\n|poke|p1|Hatterene, F|\n|poke|p1|Quagsire, F|\n|poke|p2|Ogerpon-Hearthflame, F|\n|poke|p2|Fezandipiti, M|\n|poke|p2|Okidogi, M|\n|poke|p2|Munkidori, M|\n|poke|p2|Rayquaza|\n|poke|p2|Miraidon|\n|teampreview\n|inactive|Battle timer is ON: inactive players will automatically lose when time's up. (requested by la viuda alegre)\n|c|\u2606The_Gh0st_Shadow|GL HF\n|inactive|The_Gh0st_Shadow has 120 seconds left.\n|\n|t:|1698731588\n|start\n|switch|p1a: rebotitos|Hatterene, F, shiny|100\/100\n|switch|p2a: Ogerpon|Ogerpon-Hearthflame, F|100\/100\n|-ability|p2a: Ogerpon|Mold Breaker\n|turn|1\n|\n|t:|1698731598\n|move|p2a: Ogerpon|Swords Dance|p2a: Ogerpon\n|-boost|p2a: Ogerpon|atk|2\n|move|p1a: rebotitos|Nuzzle|p2a: Ogerpon\n|-resisted|p2a: Ogerpon\n|-damage|p2a: Ogerpon|98\/100\n|-status|p2a: Ogerpon|par\n|\n|upkeep\n|turn|2\n|\n|t:|1698731613\n|switch|p1a: melenaleteo|Flutter Mane|100\/100\n|move|p2a: Ogerpon|Trailblaze|p1a: melenaleteo\n|-enditem|p1a: melenaleteo|Focus Sash\n|-damage|p1a: melenaleteo|1\/100\n|-boost|p2a: Ogerpon|spe|1\n|\n|upkeep\n|turn|3\n|\n|t:|1698731625\n|move|p1a: melenaleteo|Perish Song|p1a: melenaleteo\n|-start|p1a: melenaleteo|perish3|[silent]\n|-start|p2a: Ogerpon|perish3|[silent]\n|-fieldactivate|move: Perish Song\n|cant|p2a: Ogerpon|par\n|\n|-start|p1a: melenaleteo|perish3\n|-start|p2a: Ogerpon|perish3\n|upkeep\n|turn|4\n|c|\u2606The_Gh0st_Shadow|WP\n|\n|t:|1698731644\n|move|p1a: melenaleteo|Memento|p2a: Ogerpon\n|-unboost|p2a: Ogerpon|atk|2\n|-unboost|p2a: Ogerpon|spa|2\n|faint|p1a: melenaleteo\n|-end|p1a: melenaleteo|Protosynthesis|[silent]\n|cant|p2a: Ogerpon|par\n|\n|-start|p2a: Ogerpon|perish2\n|upkeep\n|\n|t:|1698731654\n|switch|p1a: molestio|Grimmsnarl, M|100\/100\n|turn|5\n|\n|t:|1698731664\n|switch|p2a: Munkidori|Munkidori, M|100\/100\n|move|p1a: molestio|Reflect|p1a: molestio\n|-sidestart|p1: la viuda alegre|Reflect\n|\n|upkeep\n|turn|6\n|\n|t:|1698731671\n|move|p1a: molestio|Light Screen|p1a: molestio\n|-sidestart|p1: la viuda alegre|move: Light Screen\n|move|p2a: Munkidori|Venoshock|p1a: molestio\n|-supereffective|p1a: molestio\n|-damage|p1a: molestio|62\/100\n|\n|upkeep\n|turn|7\n|\n|t:|1698731677\n|move|p1a: molestio|Parting Shot|p2a: Munkidori\n|-unboost|p2a: Munkidori|atk|1\n|-unboost|p2a: Munkidori|spa|1\n|\n|t:|1698731680\n|switch|p1a: no lo dejes crecer|Arceus|100\/100|[from] Parting Shot\n|move|p2a: Munkidori|Venoshock|p1a: no lo dejes crecer\n|-damage|p1a: no lo dejes crecer|91\/100\n|\n|upkeep\n|turn|8\n|\n|t:|1698731693\n|switch|p2a: Okidogi|Okidogi, M|100\/100\n|-terastallize|p1a: no lo dejes crecer|Poison\n|move|p1a: no lo dejes crecer|Cosmic Power|p1a: no lo dejes crecer\n|-boost|p1a: no lo dejes crecer|def|1\n|-boost|p1a: no lo dejes crecer|spd|1\n|\n|upkeep\n|turn|9\n|\n|t:|1698731702\n|move|p1a: no lo dejes crecer|Cosmic Power|p1a: no lo dejes crecer\n|-boost|p1a: no lo dejes crecer|def|1\n|-boost|p1a: no lo dejes crecer|spd|1\n|move|p2a: Okidogi|Substitute|p2a: Okidogi\n|-start|p2a: Okidogi|Substitute\n|-damage|p2a: Okidogi|75\/100\n|\n|upkeep\n|turn|10\n|\n|t:|1698731709\n|move|p1a: no lo dejes crecer|Extreme Speed|p2a: Okidogi\n|-end|p2a: Okidogi|Substitute\n|move|p2a: Okidogi|Bulk Up|p2a: Okidogi\n|-boost|p2a: Okidogi|atk|1\n|-boost|p2a: Okidogi|def|1\n|\n|upkeep\n|turn|11\n|\n|t:|1698731720\n|move|p1a: no lo dejes crecer|Stored Power|p2a: Okidogi\n|-supereffective|p2a: Okidogi\n|-crit|p2a: Okidogi\n|-damage|p2a: Okidogi|0 fnt\n|faint|p2a: Okidogi\n|\n|upkeep\n|\n|t:|1698731728\n|switch|p2a: Fezandipiti|Fezandipiti, M|100\/100\n|turn|12\n|\n|t:|1698731753\n|-terastallize|p2a: Fezandipiti|Water\n|move|p1a: no lo dejes crecer|Cosmic Power|p1a: no lo dejes crecer\n|-boost|p1a: no lo dejes crecer|def|1\n|-boost|p1a: no lo dejes crecer|spd|1\n|move|p2a: Fezandipiti|Dual Wingbeat|p1a: no lo dejes crecer\n|-damage|p1a: no lo dejes crecer|90\/100\n|-damage|p1a: no lo dejes crecer|88\/100\n|-hitcount|p1a: no lo dejes crecer|2\n|\n|-sideend|p1: la viuda alegre|Reflect\n|upkeep\n|turn|13\n|c|\u2606la viuda alegre|It's a really interesting team\n|c|\u2606la viuda alegre|Seriously\n|c|\u2606la viuda alegre|I'm playing so carefully\n|inactive|la viuda alegre has 120 seconds left.\n|c|\u2606la viuda alegre|I love that you're using the dlc mons\n|\n|t:|1698731809\n|move|p1a: no lo dejes crecer|Cosmic Power|p1a: no lo dejes crecer\n|-boost|p1a: no lo dejes crecer|def|1\n|-boost|p1a: no lo dejes crecer|spd|1\n|move|p2a: Fezandipiti|U-turn|p1a: no lo dejes crecer\n|-resisted|p1a: no lo dejes crecer\n|-damage|p1a: no lo dejes crecer|86\/100\n|c|\u2606The_Gh0st_Shadow|I just wanted to try out the new mons\n|\n|t:|1698731827\n|switch|p2a: Rayquaza|Rayquaza, shiny|100\/100|[from] U-turn\n|-ability|p2a: Rayquaza|Air Lock\n|\n|-sideend|p1: la viuda alegre|move: Light Screen\n|upkeep\n|turn|14\n|inactive|la viuda alegre has 90 seconds left.\n|c|\u2606The_Gh0st_Shadow|So I built the most random team for it\n|c|\u2606la viuda alegre|and you're making it work, I gave up on fezandipiti cause I was literally unable to make it viable haha\n|inactive|la viuda alegre has 60 seconds left.\n|c|\u2606la viuda alegre|Nah it's real good, my team is based on this gimmick \ud83e\udd23\n|c|\u2606la viuda alegre|Almost exclusively haha\n|\n|t:|1698731889\n|move|p2a: Rayquaza|Earthquake|p1a: no lo dejes crecer\n|-supereffective|p1a: no lo dejes crecer\n|-damage|p1a: no lo dejes crecer|68\/100\n|-enditem|p1a: no lo dejes crecer|Weakness Policy\n|-boost|p1a: no lo dejes crecer|atk|2|[from] item: Weakness Policy\n|-boost|p1a: no lo dejes crecer|spa|2|[from] item: Weakness Policy\n|move|p1a: no lo dejes crecer|Stored Power|p2a: Rayquaza\n|-damage|p2a: Rayquaza|0 fnt\n|faint|p2a: Rayquaza\n|\n|upkeep\n|c|\u2606The_Gh0st_Shadow|Bruh\n|\n|t:|1698731903\n|switch|p2a: Miraidon|Miraidon|100\/100\n|-fieldstart|move: Electric Terrain|[from] ability: Hadron Engine|[of] p2a: Miraidon\n|turn|15\n|\n|t:|1698731907\n|move|p2a: Miraidon|Volt Switch|p1a: no lo dejes crecer\n|-damage|p1a: no lo dejes crecer|42\/100\n|\n|t:|1698731916\n|switch|p2a: Munkidori|Munkidori, M|100\/100|[from] Volt Switch\n|move|p1a: no lo dejes crecer|Stored Power|p2a: Munkidori\n|-damage|p2a: Munkidori|0 fnt\n|faint|p2a: Munkidori\n|\n|upkeep\n|\n|t:|1698731920\n|switch|p2a: Miraidon|Miraidon|100\/100\n|-activate|p2a: Miraidon|ability: Hadron Engine\n|turn|16\n|c|\u2606The_Gh0st_Shadow|Arc is a major threat to my team\n|\n|t:|1698731943\n|move|p2a: Miraidon|Volt Switch|p1a: no lo dejes crecer\n|-damage|p1a: no lo dejes crecer|19\/100\n|\n|t:|1698731954\n|switch|p2a: Fezandipiti|Fezandipiti, M, tera:Water|100\/100|[from] Volt Switch\n|move|p1a: no lo dejes crecer|Recover|p1a: no lo dejes crecer\n|-heal|p1a: no lo dejes crecer|69\/100\n|\n|upkeep\n|turn|17\n|inactive|la viuda alegre has 90 seconds left.\n|inactive|The_Gh0st_Shadow has 120 seconds left.\n|c|\u2606The_Gh0st_Shadow|Ofc it has recover\n|c|\u2606la viuda alegre|Used this way yup, but not many people around here use it\n|c|\u2606la viuda alegre|Yeah it's quite annoying\n|\n|t:|1698731985\n|move|p2a: Fezandipiti|Protect|p2a: Fezandipiti\n|-singleturn|p2a: Fezandipiti|Protect\n|move|p1a: no lo dejes crecer|Stored Power|p2a: Fezandipiti\n|-activate|p2a: Fezandipiti|move: Protect\n|\n|upkeep\n|turn|18\n|inactive|The_Gh0st_Shadow has 120 seconds left.\n|\n|t:|1698732000\n|move|p1a: no lo dejes crecer|Extreme Speed|p2a: Fezandipiti\n|-damage|p2a: Fezandipiti|2\/100\n|move|p2a: Fezandipiti|Dual Wingbeat|p1a: no lo dejes crecer\n|-damage|p1a: no lo dejes crecer|66\/100\n|-crit|p1a: no lo dejes crecer\n|-damage|p1a: no lo dejes crecer|56\/100\n|-hitcount|p1a: no lo dejes crecer|2\n|\n|-heal|p2a: Fezandipiti|8\/100|[from] item: Leftovers\n|upkeep\n|turn|19\n|\n|t:|1698732011\n|move|p2a: Fezandipiti|Protect|p2a: Fezandipiti\n|-singleturn|p2a: Fezandipiti|Protect\n|move|p1a: no lo dejes crecer|Recover|p1a: no lo dejes crecer\n|-heal|p1a: no lo dejes crecer|100\/100\n|\n|-heal|p2a: Fezandipiti|14\/100|[from] item: Leftovers\n|-fieldend|move: Electric Terrain\n|upkeep\n|turn|20\n|inactive|The_Gh0st_Shadow has 120 seconds left.\n|\n|t:|1698732020\n|move|p1a: no lo dejes crecer|Extreme Speed|p2a: Fezandipiti\n|-damage|p2a: Fezandipiti|0 fnt\n|faint|p2a: Fezandipiti\n|\n|upkeep\n|inactive|The_Gh0st_Shadow has 120 seconds left.\n|\n|t:|1698732028\n|switch|p2a: Miraidon|Miraidon|100\/100\n|-fieldstart|move: Electric Terrain|[from] ability: Hadron Engine|[of] p2a: Miraidon\n|turn|21\n|inactive|The_Gh0st_Shadow has 120 seconds left.\n|\n|t:|1698732039\n|move|p2a: Miraidon|Draco Meteor|p1a: no lo dejes crecer\n|-damage|p1a: no lo dejes crecer|63\/100\n|-unboost|p2a: Miraidon|spa|2\n|move|p1a: no lo dejes crecer|Stored Power|p2a: Miraidon\n|-damage|p2a: Miraidon|0 fnt\n|faint|p2a: Miraidon\n|\n|upkeep\n|\n|t:|1698732042\n|switch|p2a: Ogerpon|Ogerpon-Hearthflame, F|98\/100 par\n|-ability|p2a: Ogerpon|Mold Breaker\n|turn|22\n|\n|t:|1698732052\n|move|p1a: no lo dejes crecer|Stored Power|p2a: Ogerpon\n|-damage|p2a: Ogerpon|0 fnt\n|faint|p2a: Ogerpon\n|\n|win|la viuda alegre\n|raw|la viuda alegre's rating: 1082 &rarr; <strong>1111<\/strong><br \/>(+29 for winning)\n|raw|The_Gh0st_Shadow's rating: 1104 &rarr; <strong>1077<\/strong><br \/>(-27 for losing)\n|l|\u2606The_Gh0st_Shadow\n|c|\u2606la viuda alegre|Gg!\n","uploadtime":1698732063,"views":9,"p1id":"laviudaalegre","p2id":"thegh0stshadow","formatid":"gen9ubers","rating":1077,"private":0,"password":""}