{"id":"gen9ubers-1999037151","p1":"JTeaa)","p2":"MaseReloaded","format":"[Gen 9] Ubers","log":"|j|\u2606JTeaa)\n|j|\u2606MaseReloaded\n|t:|1701026425\n|gametype|singles\n|player|p1|JTeaa)|pokemaniac|\n|player|p2|MaseReloaded|palmer|\n|teamsize|p1|6\n|teamsize|p2|6\n|gen|9\n|tier|[Gen 9] Ubers\n|rule|Sleep Clause Mod: Limit one foe put to sleep\n|rule|Species Clause: Limit one of each Pok\u00e9mon\n|rule|OHKO Clause: OHKO moves are banned\n|rule|Evasion Items Clause: Evasion items are banned\n|rule|Evasion Moves Clause: Evasion moves are banned\n|rule|Endless Battle Clause: Forcing endless battles is banned\n|rule|HP Percentage Mod: HP is shown in percentages\n|clearpoke\n|poke|p1|Ditto|\n|poke|p1|Flamigo, M|\n|poke|p1|Fezandipiti, M|\n|poke|p1|Persian-Alola, F|\n|poke|p1|Veluza, F|\n|poke|p1|Empoleon, M|\n|poke|p2|Manaphy|\n|poke|p2|Mandibuzz, F|\n|poke|p2|Goodra-Hisui, M|\n|poke|p2|Vulpix-Alola, F|\n|poke|p2|Ursaluna-Bloodmoon, M|\n|poke|p2|Pawmot, F|\n|teampreview\n|\n|t:|1701026437\n|start\n|switch|p1a: Pepper|Persian-Alola, F, shiny|100\/100\n|switch|p2a: Aurora Borealis|Vulpix-Alola, F, shiny|100\/100\n|-weather|Snow|[from] ability: Snow Warning|[of] p2a: Aurora Borealis\n|turn|1\n|\n|t:|1701026446\n|move|p1a: Pepper|Parting Shot|p2a: Aurora Borealis\n|-unboost|p2a: Aurora Borealis|atk|1\n|-unboost|p2a: Aurora Borealis|spa|1\n|\n|t:|1701026448\n|switch|p1a: Sgrg!!|Empoleon, M, shiny|100\/100|[from] Parting Shot\n|move|p2a: Aurora Borealis|Aurora Veil|p2a: Aurora Borealis\n|-sidestart|p2: MaseReloaded|move: Aurora Veil\n|\n|-weather|Snow|[upkeep]\n|upkeep\n|turn|2\n|\n|t:|1701026483\n|switch|p2a: Little Damp|Manaphy, shiny|100\/100\n|move|p1a: Sgrg!!|Substitute|p1a: Sgrg!!\n|-start|p1a: Sgrg!!|Substitute\n|-damage|p1a: Sgrg!!|76\/100\n|\n|-weather|Snow|[upkeep]\n|-heal|p1a: Sgrg!!|82\/100|[from] item: Leftovers\n|upkeep\n|turn|3\n|\n|t:|1701026491\n|move|p2a: Little Damp|Take Heart|p2a: Little Damp\n|-boost|p2a: Little Damp|spa|1\n|-boost|p2a: Little Damp|spd|1\n|move|p1a: Sgrg!!|Whirlpool|p2a: Little Damp\n|-resisted|p2a: Little Damp\n|-damage|p2a: Little Damp|99\/100\n|-activate|p2a: Little Damp|move: Whirlpool|[of] p1a: Sgrg!!\n|\n|-weather|Snow|[upkeep]\n|-heal|p2a: Little Damp|100\/100|[from] item: Leftovers\n|-heal|p1a: Sgrg!!|88\/100|[from] item: Leftovers\n|-damage|p2a: Little Damp|88\/100|[from] move: Whirlpool|[partiallytrapped]\n|upkeep\n|turn|4\n|\n|t:|1701026502\n|move|p2a: Little Damp|Take Heart|p2a: Little Damp\n|-boost|p2a: Little Damp|spa|1\n|-boost|p2a: Little Damp|spd|1\n|move|p1a: Sgrg!!|Flash Cannon|p2a: Little Damp\n|-resisted|p2a: Little Damp\n|-damage|p2a: Little Damp|85\/100\n|\n|-weather|Snow|[upkeep]\n|-heal|p2a: Little Damp|91\/100|[from] item: Leftovers\n|-heal|p1a: Sgrg!!|94\/100|[from] item: Leftovers\n|-damage|p2a: Little Damp|79\/100|[from] move: Whirlpool|[partiallytrapped]\n|upkeep\n|turn|5\n|\n|t:|1701026514\n|switch|p1a: Pepper|Persian-Alola, F, shiny|100\/100\n|move|p2a: Little Damp|Take Heart|p2a: Little Damp\n|-boost|p2a: Little Damp|spa|1\n|-boost|p2a: Little Damp|spd|1\n|\n|-weather|none\n|-heal|p2a: Little Damp|85\/100|[from] item: Leftovers\n|-end|p2a: Little Damp|Whirlpool|[partiallytrapped]|[silent]\n|upkeep\n|turn|6\n|\n|t:|1701026522\n|move|p1a: Pepper|Thunder Wave|p2a: Little Damp\n|-status|p2a: Little Damp|par\n|move|p2a: Little Damp|Scald|p1a: Pepper\n|-damage|p1a: Pepper|0 fnt\n|faint|p1a: Pepper\n|\n|-heal|p2a: Little Damp|91\/100 par|[from] item: Leftovers\n|upkeep\n|\n|t:|1701026537\n|switch|p1a: Nippy|Veluza, F|100\/100\n|turn|7\n|\n|t:|1701026543\n|-terastallize|p1a: Nippy|Steel\n|move|p1a: Nippy|Fillet Away|p1a: Nippy\n|-boost|p1a: Nippy|atk|2\n|-boost|p1a: Nippy|spa|2\n|-boost|p1a: Nippy|spe|2\n|-damage|p1a: Nippy|51\/100\n|move|p2a: Little Damp|Take Heart|p2a: Little Damp\n|-boost|p2a: Little Damp|spa|1\n|-boost|p2a: Little Damp|spd|1\n|-curestatus|p2a: Little Damp|par|[msg]\n|\n|-heal|p2a: Little Damp|98\/100|[from] item: Leftovers\n|upkeep\n|turn|8\n|\n|t:|1701026555\n|move|p1a: Nippy|Psychic Fangs|p2a: Little Damp\n|-sideend|p2: MaseReloaded|move: Aurora Veil\n|-damage|p2a: Little Damp|54\/100\n|move|p2a: Little Damp|Scald|p1a: Nippy\n|-damage|p1a: Nippy|0 fnt\n|faint|p1a: Nippy\n|\n|-heal|p2a: Little Damp|60\/100|[from] item: Leftovers\n|upkeep\n|\n|t:|1701026568\n|switch|p1a: Pelican|Flamigo, M|100\/100\n|turn|9\n|\n|t:|1701026577\n|move|p1a: Pelican|Close Combat|p2a: Little Damp\n|-damage|p2a: Little Damp|5\/100\n|-unboost|p1a: Pelican|def|1\n|-unboost|p1a: Pelican|spd|1\n|move|p2a: Little Damp|Rest|p2a: Little Damp\n|-status|p2a: Little Damp|slp|[from] move: Rest\n|-heal|p2a: Little Damp|100\/100 slp|[silent]\n|\n|upkeep\n|turn|10\n|\n|t:|1701026585\n|switch|p1a: Swifty|Fezandipiti, M|100\/100\n|cant|p2a: Little Damp|slp\n|move|p2a: Little Damp|Sleep Talk|p2a: Little Damp\n|move|p2a: Little Damp|Rest||[from]move: Sleep Talk|[still]\n|-fail|p2a: Little Damp\n|\n|upkeep\n|turn|11\n|\n|t:|1701026592\n|move|p1a: Swifty|Calm Mind|p1a: Swifty\n|-boost|p1a: Swifty|spa|1\n|-boost|p1a: Swifty|spd|1\n|cant|p2a: Little Damp|slp\n|move|p2a: Little Damp|Sleep Talk|p2a: Little Damp\n|move|p2a: Little Damp|Scald|p1a: Swifty|[from]move: Sleep Talk\n|-crit|p1a: Swifty\n|-damage|p1a: Swifty|13\/100\n|\n|-heal|p1a: Swifty|19\/100|[from] item: Black Sludge\n|upkeep\n|turn|12\n|\n|t:|1701026606\n|move|p1a: Swifty|Roost|p1a: Swifty\n|-heal|p1a: Swifty|69\/100\n|-singleturn|p1a: Swifty|move: Roost\n|-curestatus|p2a: Little Damp|slp|[msg]\n|move|p2a: Little Damp|Scald|p1a: Swifty\n|-damage|p1a: Swifty|32\/100\n|\n|-heal|p1a: Swifty|38\/100|[from] item: Black Sludge\n|upkeep\n|turn|13\n|\n|t:|1701026637\n|move|p1a: Swifty|Calm Mind|p1a: Swifty\n|-boost|p1a: Swifty|spa|1\n|-boost|p1a: Swifty|spd|1\n|move|p2a: Little Damp|Scald|p1a: Swifty\n|-damage|p1a: Swifty|8\/100\n|\n|-heal|p1a: Swifty|14\/100|[from] item: Black Sludge\n|upkeep\n|turn|14\n|\n|t:|1701026647\n|move|p1a: Swifty|Roost|p1a: Swifty\n|-heal|p1a: Swifty|64\/100\n|-singleturn|p1a: Swifty|move: Roost\n|move|p2a: Little Damp|Take Heart|p2a: Little Damp\n|-boost|p2a: Little Damp|spa|1\n|-boost|p2a: Little Damp|spd|1\n|\n|-heal|p1a: Swifty|70\/100|[from] item: Black Sludge\n|upkeep\n|turn|15\n|\n|t:|1701026655\n|move|p1a: Swifty|Calm Mind|p1a: Swifty\n|-boost|p1a: Swifty|spa|1\n|-boost|p1a: Swifty|spd|1\n|move|p2a: Little Damp|Scald|p1a: Swifty\n|-damage|p1a: Swifty|44\/100\n|-status|p1a: Swifty|brn\n|\n|-heal|p1a: Swifty|50\/100 brn|[from] item: Black Sludge\n|-damage|p1a: Swifty|44\/100 brn|[from] brn\n|upkeep\n|turn|16\n|\n|t:|1701026665\n|move|p1a: Swifty|Roost|p1a: Swifty\n|-heal|p1a: Swifty|94\/100 brn\n|-singleturn|p1a: Swifty|move: Roost\n|move|p2a: Little Damp|Scald|p1a: Swifty\n|-damage|p1a: Swifty|64\/100 brn\n|\n|-heal|p1a: Swifty|70\/100 brn|[from] item: Black Sludge\n|-damage|p1a: Swifty|64\/100 brn|[from] brn\n|upkeep\n|turn|17\n|\n|t:|1701026674\n|move|p1a: Swifty|Calm Mind|p1a: Swifty\n|-boost|p1a: Swifty|spa|1\n|-boost|p1a: Swifty|spd|1\n|move|p2a: Little Damp|Scald|p1a: Swifty\n|-damage|p1a: Swifty|39\/100 brn\n|\n|-heal|p1a: Swifty|45\/100 brn|[from] item: Black Sludge\n|-damage|p1a: Swifty|39\/100 brn|[from] brn\n|upkeep\n|turn|18\n|\n|t:|1701026693\n|move|p1a: Swifty|Roost|p1a: Swifty\n|-heal|p1a: Swifty|89\/100 brn\n|-singleturn|p1a: Swifty|move: Roost\n|move|p2a: Little Damp|Scald|p1a: Swifty\n|-damage|p1a: Swifty|66\/100 brn\n|\n|-heal|p1a: Swifty|72\/100 brn|[from] item: Black Sludge\n|-damage|p1a: Swifty|66\/100 brn|[from] brn\n|upkeep\n|turn|19\n|\n|t:|1701026704\n|move|p1a: Swifty|Calm Mind|p1a: Swifty\n|-boost|p1a: Swifty|spa|1\n|-boost|p1a: Swifty|spd|1\n|move|p2a: Little Damp|Scald|p1a: Swifty\n|-damage|p1a: Swifty|47\/100 brn\n|\n|-heal|p1a: Swifty|53\/100 brn|[from] item: Black Sludge\n|-damage|p1a: Swifty|47\/100 brn|[from] brn\n|upkeep\n|turn|20\n|\n|t:|1701026714\n|move|p1a: Swifty|Calm Mind|p1a: Swifty\n|-boost|p1a: Swifty|spa|1\n|-boost|p1a: Swifty|spd|1\n|move|p2a: Little Damp|Scald|p1a: Swifty\n|-damage|p1a: Swifty|30\/100 brn\n|\n|-heal|p1a: Swifty|36\/100 brn|[from] item: Black Sludge\n|-damage|p1a: Swifty|30\/100 brn|[from] brn\n|upkeep\n|turn|21\n|\n|t:|1701026729\n|move|p1a: Swifty|Roost|p1a: Swifty\n|-heal|p1a: Swifty|80\/100 brn\n|-singleturn|p1a: Swifty|move: Roost\n|move|p2a: Little Damp|Scald|p1a: Swifty\n|-damage|p1a: Swifty|63\/100 brn\n|\n|-heal|p1a: Swifty|69\/100 brn|[from] item: Black Sludge\n|-damage|p1a: Swifty|63\/100 brn|[from] brn\n|upkeep\n|turn|22\n|\n|t:|1701026738\n|move|p1a: Swifty|Moonblast|p2a: Little Damp\n|-damage|p2a: Little Damp|77\/100\n|move|p2a: Little Damp|Scald|p1a: Swifty\n|-damage|p1a: Swifty|44\/100 brn\n|\n|-heal|p1a: Swifty|50\/100 brn|[from] item: Black Sludge\n|-heal|p2a: Little Damp|84\/100|[from] item: Leftovers\n|-damage|p1a: Swifty|44\/100 brn|[from] brn\n|upkeep\n|turn|23\n|\n|t:|1701026748\n|move|p1a: Swifty|Moonblast|p2a: Little Damp\n|-damage|p2a: Little Damp|62\/100\n|-status|p2a: Little Damp|tox|[from] ability: Toxic Chain|[of] p1a: Swifty\n|move|p2a: Little Damp|Scald|p1a: Swifty\n|-damage|p1a: Swifty|25\/100 brn\n|\n|-heal|p1a: Swifty|32\/100 brn|[from] item: Black Sludge\n|-heal|p2a: Little Damp|68\/100 tox|[from] item: Leftovers\n|-damage|p2a: Little Damp|62\/100 tox|[from] psn\n|-damage|p1a: Swifty|25\/100 brn|[from] brn\n|upkeep\n|turn|24\n|\n|t:|1701026759\n|move|p1a: Swifty|Roost|p1a: Swifty\n|-heal|p1a: Swifty|75\/100 brn\n|-singleturn|p1a: Swifty|move: Roost\n|move|p2a: Little Damp|Take Heart|p2a: Little Damp\n|-boost|p2a: Little Damp|spa|1\n|-boost|p2a: Little Damp|spd|1\n|-curestatus|p2a: Little Damp|tox|[msg]\n|\n|-heal|p1a: Swifty|82\/100 brn|[from] item: Black Sludge\n|-heal|p2a: Little Damp|68\/100|[from] item: Leftovers\n|-damage|p1a: Swifty|75\/100 brn|[from] brn\n|upkeep\n|turn|25\n|\n|t:|1701026775\n|move|p1a: Swifty|Moonblast|p2a: Little Damp\n|-damage|p2a: Little Damp|49\/100\n|move|p2a: Little Damp|Scald|p1a: Swifty\n|-damage|p1a: Swifty|54\/100 brn\n|\n|-heal|p1a: Swifty|60\/100 brn|[from] item: Black Sludge\n|-heal|p2a: Little Damp|55\/100|[from] item: Leftovers\n|-damage|p1a: Swifty|54\/100 brn|[from] brn\n|upkeep\n|turn|26\n|\n|t:|1701026785\n|move|p1a: Swifty|Moonblast|p2a: Little Damp\n|-damage|p2a: Little Damp|36\/100\n|move|p2a: Little Damp|Rest|p2a: Little Damp\n|-status|p2a: Little Damp|slp|[from] move: Rest\n|-heal|p2a: Little Damp|100\/100 slp|[silent]\n|\n|-heal|p1a: Swifty|60\/100 brn|[from] item: Black Sludge\n|-damage|p1a: Swifty|54\/100 brn|[from] brn\n|upkeep\n|turn|27\n|\n|t:|1701026794\n|move|p1a: Swifty|Roost|p1a: Swifty\n|-heal|p1a: Swifty|100\/100 brn\n|-singleturn|p1a: Swifty|move: Roost\n|cant|p2a: Little Damp|slp\n|move|p2a: Little Damp|Sleep Talk|p2a: Little Damp\n|move|p2a: Little Damp|Rest||[from]move: Sleep Talk|[still]\n|-fail|p2a: Little Damp\n|\n|-damage|p1a: Swifty|94\/100 brn|[from] brn\n|upkeep\n|turn|28\n|\n|t:|1701026803\n|move|p1a: Swifty|Moonblast|p2a: Little Damp\n|-damage|p2a: Little Damp|83\/100 slp\n|-unboost|p2a: Little Damp|spa|1\n|cant|p2a: Little Damp|slp\n|move|p2a: Little Damp|Sleep Talk|p2a: Little Damp\n|move|p2a: Little Damp|Take Heart|p2a: Little Damp|[from]move: Sleep Talk\n|-boost|p2a: Little Damp|spa|1\n|-boost|p2a: Little Damp|spd|0\n|-curestatus|p2a: Little Damp|slp|[msg]\n|\n|-heal|p1a: Swifty|100\/100 brn|[from] item: Black Sludge\n|-heal|p2a: Little Damp|89\/100|[from] item: Leftovers\n|-damage|p1a: Swifty|94\/100 brn|[from] brn\n|upkeep\n|turn|29\n|\n|t:|1701026832\n|move|p1a: Swifty|Moonblast|p2a: Little Damp\n|-crit|p2a: Little Damp\n|-damage|p2a: Little Damp|0 fnt\n|faint|p2a: Little Damp\n|\n|-heal|p1a: Swifty|100\/100 brn|[from] item: Black Sludge\n|-damage|p1a: Swifty|94\/100 brn|[from] brn\n|upkeep\n|\n|t:|1701026872\n|switch|p2a: Mittens Junior|Pawmot, F|100\/100\n|turn|30\n|\n|t:|1701026883\n|-terastallize|p2a: Mittens Junior|Electric\n|move|p2a: Mittens Junior|Double Shock|p1a: Swifty\n|-damage|p1a: Swifty|34\/100 brn\n|-start|p2a: Mittens Junior|typechange|Electric|[from] move: Double Shock\n|move|p1a: Swifty|Moonblast|p2a: Mittens Junior\n|-damage|p2a: Mittens Junior|0 fnt\n|faint|p2a: Mittens Junior\n|\n|-heal|p1a: Swifty|40\/100 brn|[from] item: Black Sludge\n|-damage|p1a: Swifty|34\/100 brn|[from] brn\n|upkeep\n|\n|t:|1701026942\n|switch|p2a: Big Moist|Goodra-Hisui, M, shiny|100\/100\n|turn|31\n|\n|t:|1701026994\n|move|p1a: Swifty|Moonblast|p2a: Big Moist\n|-damage|p2a: Big Moist|57\/100\n|-unboost|p2a: Big Moist|spa|1\n|move|p2a: Big Moist|Acid Armor|p2a: Big Moist\n|-boost|p2a: Big Moist|def|2\n|\n|-heal|p1a: Swifty|40\/100 brn|[from] item: Black Sludge\n|-damage|p1a: Swifty|34\/100 brn|[from] brn\n|upkeep\n|turn|32\n|\n|t:|1701027006\n|move|p1a: Swifty|Moonblast|p2a: Big Moist\n|-damage|p2a: Big Moist|16\/100\n|move|p2a: Big Moist|Rest|p2a: Big Moist\n|-status|p2a: Big Moist|slp|[from] move: Rest\n|-heal|p2a: Big Moist|100\/100 slp|[silent]\n|-enditem|p2a: Big Moist|Chesto Berry|[eat]\n|-curestatus|p2a: Big Moist|slp|[msg]\n|\n|-heal|p1a: Swifty|40\/100 brn|[from] item: Black Sludge\n|-damage|p1a: Swifty|34\/100 brn|[from] brn\n|upkeep\n|turn|33\n|\n|t:|1701027016\n|move|p1a: Swifty|Roost|p1a: Swifty\n|-heal|p1a: Swifty|84\/100 brn\n|-singleturn|p1a: Swifty|move: Roost\n|move|p2a: Big Moist|Body Press|p1a: Swifty\n|-resisted|p1a: Swifty\n|-damage|p1a: Swifty|78\/100 brn\n|\n|-heal|p1a: Swifty|84\/100 brn|[from] item: Black Sludge\n|-damage|p1a: Swifty|78\/100 brn|[from] brn\n|upkeep\n|turn|34\n|\n|t:|1701027028\n|move|p1a: Swifty|Moonblast|p2a: Big Moist\n|-damage|p2a: Big Moist|60\/100\n|-unboost|p2a: Big Moist|spa|1\n|move|p2a: Big Moist|Body Press|p1a: Swifty\n|-resisted|p1a: Swifty\n|-damage|p1a: Swifty|71\/100 brn\n|\n|-heal|p1a: Swifty|77\/100 brn|[from] item: Black Sludge\n|-damage|p1a: Swifty|71\/100 brn|[from] brn\n|upkeep\n|turn|35\n|\n|t:|1701027038\n|move|p1a: Swifty|Moonblast|p2a: Big Moist\n|-damage|p2a: Big Moist|13\/100\n|move|p2a: Big Moist|Body Press|p1a: Swifty\n|-resisted|p1a: Swifty\n|-damage|p1a: Swifty|65\/100 brn\n|\n|-heal|p1a: Swifty|71\/100 brn|[from] item: Black Sludge\n|-damage|p1a: Swifty|65\/100 brn|[from] brn\n|upkeep\n|turn|36\n|\n|t:|1701027046\n|move|p1a: Swifty|Moonblast|p2a: Big Moist\n|-damage|p2a: Big Moist|0 fnt\n|faint|p2a: Big Moist\n|\n|-heal|p1a: Swifty|71\/100 brn|[from] item: Black Sludge\n|-damage|p1a: Swifty|65\/100 brn|[from] brn\n|upkeep\n|\n|t:|1701027055\n|switch|p2a: Aurora Borealis|Vulpix-Alola, F, shiny|100\/100\n|-weather|Snow|[from] ability: Snow Warning|[of] p2a: Aurora Borealis\n|turn|37\n|\n|t:|1701027067\n|move|p1a: Swifty|Moonblast|p2a: Aurora Borealis\n|-damage|p2a: Aurora Borealis|9\/100\n|move|p2a: Aurora Borealis|Aurora Veil|p2a: Aurora Borealis\n|-sidestart|p2: MaseReloaded|move: Aurora Veil\n|\n|-weather|Snow|[upkeep]\n|-heal|p1a: Swifty|71\/100 brn|[from] item: Black Sludge\n|-damage|p1a: Swifty|65\/100 brn|[from] brn\n|upkeep\n|turn|38\n|\n|t:|1701027094\n|move|p1a: Swifty|Moonblast|p2a: Aurora Borealis\n|-damage|p2a: Aurora Borealis|0 fnt\n|faint|p2a: Aurora Borealis\n|\n|-weather|Snow|[upkeep]\n|-heal|p1a: Swifty|71\/100 brn|[from] item: Black Sludge\n|-damage|p1a: Swifty|65\/100 brn|[from] brn\n|upkeep\n|\n|t:|1701027118\n|switch|p2a: Mittens Senior|Ursaluna-Bloodmoon, M|100\/100\n|turn|39\n|\n|t:|1701027158\n|move|p1a: Swifty|Moonblast|p2a: Mittens Senior\n|-damage|p2a: Mittens Senior|47\/100\n|-status|p2a: Mittens Senior|tox|[from] ability: Toxic Chain|[of] p1a: Swifty\n|move|p2a: Mittens Senior|Earth Power|p1a: Swifty\n|-supereffective|p1a: Swifty\n|-damage|p1a: Swifty|48\/100 brn\n|\n|-weather|Snow|[upkeep]\n|-heal|p1a: Swifty|54\/100 brn|[from] item: Black Sludge\n|-damage|p2a: Mittens Senior|41\/100 tox|[from] psn\n|-damage|p1a: Swifty|48\/100 brn|[from] brn\n|upkeep\n|turn|40\n|\n|t:|1701027169\n|move|p1a: Swifty|Moonblast|p2a: Mittens Senior\n|-damage|p2a: Mittens Senior|0 fnt\n|faint|p2a: Mittens Senior\n|\n|-weather|Snow|[upkeep]\n|-heal|p1a: Swifty|54\/100 brn|[from] item: Black Sludge\n|-damage|p1a: Swifty|48\/100 brn|[from] brn\n|upkeep\n|\n|t:|1701027176\n|switch|p2a: Chicken Head Buzz|Mandibuzz, F|100\/100\n|turn|41\n|\n|t:|1701027181\n|move|p1a: Swifty|Moonblast|p2a: Chicken Head Buzz\n|-supereffective|p2a: Chicken Head Buzz\n|-damage|p2a: Chicken Head Buzz|49\/100\n|move|p2a: Chicken Head Buzz|Knock Off|p1a: Swifty\n|-resisted|p1a: Swifty\n|-damage|p1a: Swifty|40\/100 brn\n|-enditem|p1a: Swifty|Black Sludge|[from] move: Knock Off|[of] p2a: Chicken Head Buzz\n|\n|-weather|none\n|-damage|p1a: Swifty|34\/100 brn|[from] brn\n|upkeep\n|turn|42\n|\n|t:|1701027190\n|move|p1a: Swifty|Moonblast|p2a: Chicken Head Buzz\n|-supereffective|p2a: Chicken Head Buzz\n|-damage|p2a: Chicken Head Buzz|0 fnt\n|faint|p2a: Chicken Head Buzz\n|\n|win|JTeaa)\n","uploadtime":1701027199,"views":31,"p1id":"jteaa","p2id":"masereloaded","formatid":"gen9ubers","rating":0,"private":0,"password":""}