{"id":"gen9ubers-1990774121","p1":"Josayyy","p2":"rabidfroggo","format":"[Gen 9] Ubers","log":"|j|\u2606Josayyy\n|j|\u2606rabidfroggo\n|t:|1699999539\n|gametype|singles\n|player|p1|Josayyy|1|\n|player|p2|rabidfroggo|pokemaniac|\n|teamsize|p1|6\n|teamsize|p2|6\n|gen|9\n|tier|[Gen 9] Ubers\n|rule|Sleep Clause Mod: Limit one foe put to sleep\n|rule|Species Clause: Limit one of each Pok\u00e9mon\n|rule|OHKO Clause: OHKO moves are banned\n|rule|Evasion Items Clause: Evasion items are banned\n|rule|Evasion Moves Clause: Evasion moves are banned\n|rule|Endless Battle Clause: Forcing endless battles is banned\n|rule|HP Percentage Mod: HP is shown in percentages\n|clearpoke\n|poke|p1|Landorus-Therian, M|\n|poke|p1|Arcanine-Hisui, M|\n|poke|p1|Jolteon, M|\n|poke|p1|Mandibuzz, F|\n|poke|p1|Dondozo, F|\n|poke|p1|Slowking, M|\n|poke|p2|Lucario, F|\n|poke|p2|Toxicroak, F|\n|poke|p2|Gyarados, F|\n|poke|p2|Hoopa-Unbound|\n|poke|p2|Slowbro, M|\n|poke|p2|Salamence, F|\n|teampreview\n|\n|t:|1699999543\n|start\n|switch|p1a: The Lost Thundorus|Landorus-Therian, M, shiny|100\/100\n|switch|p2a: Salamence|Salamence, F|100\/100\n|-ability|p2a: Salamence|Intimidate|boost\n|-unboost|p1a: The Lost Thundorus|atk|1\n|-ability|p1a: The Lost Thundorus|Intimidate|boost\n|-unboost|p2a: Salamence|atk|1\n|turn|1\n|\n|t:|1699999571\n|move|p2a: Salamence|Draco Meteor|p1a: The Lost Thundorus\n|-damage|p1a: The Lost Thundorus|37\/100\n|-unboost|p2a: Salamence|spa|2\n|move|p1a: The Lost Thundorus|Stealth Rock|p2a: Salamence\n|-sidestart|p2: rabidfroggo|move: Stealth Rock\n|\n|upkeep\n|turn|2\n|j| XxShadowAngel\n|\n|t:|1699999585\n|switch|p1a: Arcanine|Arcanine-Hisui, M, shiny|100\/100\n|move|p2a: Salamence|Draco Meteor|p1a: Arcanine\n|-damage|p1a: Arcanine|60\/100\n|-unboost|p2a: Salamence|spa|2\n|\n|upkeep\n|turn|3\n|\n|t:|1699999593\n|move|p2a: Salamence|Hydro Pump|p1a: Arcanine\n|-supereffective|p1a: Arcanine\n|-damage|p1a: Arcanine|3\/100\n|move|p1a: Arcanine|Head Smash|p2a: Salamence\n|-supereffective|p2a: Salamence\n|-damage|p2a: Salamence|0 fnt\n|faint|p2a: Salamence\n|\n|upkeep\n|\n|t:|1699999601\n|switch|p2a: Gyarados|Gyarados, F|100\/100\n|-damage|p2a: Gyarados|76\/100|[from] Stealth Rock\n|-ability|p2a: Gyarados|Intimidate|boost\n|-unboost|p1a: Arcanine|atk|1\n|turn|4\n|\n|t:|1699999611\n|move|p1a: Arcanine|Head Smash|p2a: Gyarados\n|-supereffective|p2a: Gyarados\n|-damage|p2a: Gyarados|0 fnt\n|faint|p2a: Gyarados\n|\n|upkeep\n|\n|t:|1699999617\n|switch|p2a: Slowbro|Slowbro, M|100\/100\n|-damage|p2a: Slowbro|88\/100|[from] Stealth Rock\n|turn|5\n|\n|t:|1699999629\n|move|p1a: Arcanine|Head Smash|p2a: Slowbro\n|-damage|p2a: Slowbro|34\/100\n|move|p2a: Slowbro|Psychic|p1a: Arcanine\n|-damage|p1a: Arcanine|0 fnt\n|faint|p1a: Arcanine\n|\n|-heal|p2a: Slowbro|40\/100|[from] item: Leftovers\n|upkeep\n|\n|t:|1699999639\n|switch|p1a: Jolteon|Jolteon, M, shiny|100\/100\n|turn|6\n|\n|t:|1699999643\n|move|p1a: Jolteon|Thunderbolt|p2a: Slowbro\n|-supereffective|p2a: Slowbro\n|-damage|p2a: Slowbro|0 fnt\n|faint|p2a: Slowbro\n|\n|upkeep\n|\n|t:|1699999649\n|switch|p2a: Toxicroak|Toxicroak, F|100\/100\n|-damage|p2a: Toxicroak|94\/100|[from] Stealth Rock\n|turn|7\n|\n|t:|1699999657\n|move|p1a: Jolteon|Volt Switch|p2a: Toxicroak\n|-damage|p2a: Toxicroak|41\/100\n|\n|t:|1699999661\n|switch|p1a: Slowking|Slowking, M, shiny|100\/100|[from] Volt Switch\n|move|p2a: Toxicroak|Sludge Bomb|p1a: Slowking\n|-damage|p1a: Slowking|78\/100\n|-status|p1a: Slowking|psn\n|\n|-heal|p2a: Toxicroak|47\/100|[from] item: Leftovers\n|-heal|p1a: Slowking|84\/100 psn|[from] item: Leftovers\n|-damage|p1a: Slowking|71\/100 psn|[from] psn\n|upkeep\n|turn|8\n|\n|t:|1699999675\n|move|p2a: Toxicroak|Cross Chop|p1a: Slowking\n|-resisted|p1a: Slowking\n|-damage|p1a: Slowking|49\/100 psn\n|move|p1a: Slowking|Psychic|p2a: Toxicroak\n|-supereffective|p2a: Toxicroak\n|-damage|p2a: Toxicroak|0 fnt\n|faint|p2a: Toxicroak\n|\n|-heal|p1a: Slowking|55\/100 psn|[from] item: Leftovers\n|-damage|p1a: Slowking|43\/100 psn|[from] psn\n|upkeep\n|\n|t:|1699999685\n|switch|p2a: Hoopa|Hoopa-Unbound|100\/100\n|-damage|p2a: Hoopa|88\/100|[from] Stealth Rock\n|turn|9\n|\n|t:|1699999695\n|move|p2a: Hoopa|Energy Ball|p1a: Slowking\n|-supereffective|p1a: Slowking\n|-damage|p1a: Slowking|0 fnt\n|faint|p1a: Slowking\n|\n|upkeep\n|\n|t:|1699999702\n|switch|p1a: Mandibuzz|Mandibuzz, F, shiny|100\/100\n|turn|10\n|\n|t:|1699999706\n|move|p2a: Hoopa|Thunderbolt|p1a: Mandibuzz\n|-supereffective|p1a: Mandibuzz\n|-damage|p1a: Mandibuzz|36\/100\n|-item|p2a: Hoopa|Leftovers|[from] ability: Magician|[of] p1a: Mandibuzz\n|move|p1a: Mandibuzz|Taunt|p2a: Hoopa\n|-start|p2a: Hoopa|move: Taunt\n|\n|-heal|p2a: Hoopa|94\/100|[from] item: Leftovers\n|upkeep\n|turn|11\n|\n|t:|1699999723\n|switch|p1a: Jolteon|Jolteon, M, shiny|100\/100\n|move|p2a: Hoopa|Thunderbolt|p1a: Jolteon\n|-immune|p1a: Jolteon|[from] ability: Volt Absorb\n|\n|-heal|p2a: Hoopa|99\/100|[from] item: Leftovers\n|upkeep\n|turn|12\n|\n|t:|1699999733\n|move|p1a: Jolteon|Calm Mind|p1a: Jolteon\n|-boost|p1a: Jolteon|spa|1\n|-boost|p1a: Jolteon|spd|1\n|move|p2a: Hoopa|Energy Ball|p1a: Jolteon\n|-damage|p1a: Jolteon|66\/100\n|\n|-heal|p2a: Hoopa|100\/100|[from] item: Leftovers\n|upkeep\n|turn|13\n|\n|t:|1699999751\n|-terastallize|p1a: Jolteon|Fairy\n|-terastallize|p2a: Hoopa|Psychic\n|move|p1a: Jolteon|Tera Blast|p2a: Hoopa|[anim] Tera Blast Fairy\n|-damage|p2a: Hoopa|54\/100\n|move|p2a: Hoopa|Energy Ball|p1a: Jolteon\n|-damage|p1a: Jolteon|34\/100\n|\n|-heal|p2a: Hoopa|60\/100|[from] item: Leftovers\n|-end|p2a: Hoopa|move: Taunt\n|upkeep\n|turn|14\n|\n|t:|1699999775\n|move|p1a: Jolteon|Thunderbolt|p2a: Hoopa\n|-damage|p2a: Hoopa|3\/100\n|move|p2a: Hoopa|Psychic|p1a: Jolteon\n|-damage|p1a: Jolteon|0 fnt\n|faint|p1a: Jolteon\n|\n|-heal|p2a: Hoopa|9\/100|[from] item: Leftovers\n|upkeep\n|\n|t:|1699999785\n|switch|p1a: Dondozo|Dondozo, F, shiny|100\/100\n|turn|15\n|\n|t:|1699999793\n|move|p2a: Hoopa|Thunderbolt|p1a: Dondozo\n|-supereffective|p1a: Dondozo\n|-damage|p1a: Dondozo|29\/100\n|-status|p1a: Dondozo|par\n|cant|p1a: Dondozo|par\n|\n|-heal|p2a: Hoopa|15\/100|[from] item: Leftovers\n|-heal|p1a: Dondozo|35\/100 par|[from] item: Leftovers\n|upkeep\n|turn|16\n|\n|t:|1699999809\n|move|p2a: Hoopa|Energy Ball|p1a: Dondozo\n|-supereffective|p1a: Dondozo\n|-damage|p1a: Dondozo|0 fnt\n|faint|p1a: Dondozo\n|\n|-heal|p2a: Hoopa|21\/100|[from] item: Leftovers\n|upkeep\n|\n|t:|1699999817\n|switch|p1a: The Lost Thundorus|Landorus-Therian, M, shiny|37\/100\n|-ability|p1a: The Lost Thundorus|Intimidate|boost\n|-unboost|p2a: Hoopa|atk|1\n|turn|17\n|\n|t:|1699999828\n|move|p2a: Hoopa|Energy Ball|p1a: The Lost Thundorus\n|-damage|p1a: The Lost Thundorus|0 fnt\n|faint|p1a: The Lost Thundorus\n|\n|-heal|p2a: Hoopa|27\/100|[from] item: Leftovers\n|upkeep\n|\n|t:|1699999835\n|switch|p1a: Mandibuzz|Mandibuzz, F, shiny|36\/100\n|turn|18\n|\n|t:|1699999848\n|move|p2a: Hoopa|Thunderbolt|p1a: Mandibuzz\n|-supereffective|p1a: Mandibuzz\n|-damage|p1a: Mandibuzz|0 fnt\n|faint|p1a: Mandibuzz\n|\n|win|rabidfroggo\n","uploadtime":1699999856,"views":5,"p1id":"josayyy","p2id":"rabidfroggo","formatid":"gen9ubers","rating":0,"private":0,"password":""}