{"id":"gen9ubers-1971200294","p1":"Electricratman","p2":"bryansoh12","format":"[Gen 9] Ubers","log":"|j|\u2606Electricratman\n|j|\u2606bryansoh12\n|t:|1697719081\n|gametype|singles\n|player|p1|Electricratman|102|1054\n|player|p2|bryansoh12|265|1155\n|teamsize|p1|6\n|teamsize|p2|6\n|gen|9\n|tier|[Gen 9] Ubers\n|rated|\n|rule|Sleep Clause Mod: Limit one foe put to sleep\n|rule|Species Clause: Limit one of each Pok\u00e9mon\n|rule|OHKO Clause: OHKO moves are banned\n|rule|Evasion Items Clause: Evasion items are banned\n|rule|Evasion Moves Clause: Evasion moves are banned\n|rule|Endless Battle Clause: Forcing endless battles is banned\n|rule|HP Percentage Mod: HP is shown in percentages\n|clearpoke\n|poke|p1|Weezing-Galar, M|\n|poke|p1|Rillaboom, M|\n|poke|p1|Greninja-*, F|\n|poke|p1|Magearna|\n|poke|p1|Hawlucha, M|\n|poke|p1|Thundurus-Therian, M|\n|poke|p2|Wo-Chien|\n|poke|p2|Salamence, F|\n|poke|p2|Eternatus|\n|poke|p2|Mimikyu, M|\n|poke|p2|Sableye, M|\n|poke|p2|Cloyster, M|\n|teampreview\n|\n|t:|1697719128\n|start\n|switch|p1a: Thundurus|Thundurus-Therian, M|100\/100\n|switch|p2a: Salamence|Salamence, F|100\/100\n|turn|1\n|inactive|Battle timer is ON: inactive players will automatically lose when time's up. (requested by bryansoh12)\n|\n|t:|1697719143\n|move|p1a: Thundurus|Wildbolt Storm|p2a: Salamence\n|-damage|p2a: Salamence|4\/100\n|move|p2a: Salamence|Dragon Dance|p2a: Salamence\n|-boost|p2a: Salamence|atk|1\n|-boost|p2a: Salamence|spe|1\n|\n|-heal|p2a: Salamence|10\/100|[from] item: Leftovers\n|upkeep\n|turn|2\n|\n|t:|1697719159\n|switch|p1a: Rillaboom|Rillaboom, M|100\/100\n|-fieldstart|move: Grassy Terrain|[from] ability: Grassy Surge|[of] p1a: Rillaboom\n|move|p2a: Salamence|Dual Wingbeat|p1a: Rillaboom|[miss]\n|-miss|p2a: Salamence|p1a: Rillaboom\n|\n|-heal|p2a: Salamence|17\/100|[from] item: Leftovers\n|upkeep\n|turn|3\n|\n|t:|1697719170\n|move|p1a: Rillaboom|Grassy Glide|p2a: Salamence\n|-resisted|p2a: Salamence\n|-damage|p2a: Salamence|0 fnt\n|faint|p2a: Salamence\n|\n|upkeep\n|\n|t:|1697719177\n|switch|p2a: Eternatus|Eternatus|100\/100\n|-ability|p2a: Eternatus|Pressure\n|turn|4\n|\n|t:|1697719188\n|switch|p1a: Weezing|Weezing-Galar, M|100\/100\n|-ability|p1a: Weezing|Neutralizing Gas\n|move|p2a: Eternatus|Cosmic Power|p2a: Eternatus\n|-boost|p2a: Eternatus|def|1\n|-boost|p2a: Eternatus|spd|1\n|\n|upkeep\n|turn|5\n|\n|t:|1697719199\n|move|p2a: Eternatus|Cosmic Power|p2a: Eternatus\n|-boost|p2a: Eternatus|def|1\n|-boost|p2a: Eternatus|spd|1\n|move|p1a: Weezing|Clear Smog|p2a: Eternatus\n|-resisted|p2a: Eternatus\n|-damage|p2a: Eternatus|97\/100\n|-clearboost|p2a: Eternatus\n|\n|-heal|p2a: Eternatus|100\/100|[from] Grassy Terrain\n|upkeep\n|turn|6\n|inactive|Electricratman has 120 seconds left.\n|\n|t:|1697719230\n|-end|p1a: Weezing|ability: Neutralizing Gas\n|-ability|p2a: Eternatus|Pressure\n|switch|p1a: Magearna|Magearna|100\/100\n|move|p2a: Eternatus|Flamethrower|p1a: Magearna\n|-supereffective|p1a: Magearna\n|-crit|p1a: Magearna\n|-damage|p1a: Magearna|28\/100\n|\n|-heal|p1a: Magearna|34\/100|[from] Grassy Terrain\n|-heal|p1a: Magearna|40\/100|[from] item: Leftovers\n|-fieldend|move: Grassy Terrain\n|upkeep\n|turn|7\n|inactive|Electricratman has 120 seconds left.\n|\n|t:|1697719256\n|switch|p1a: Weezing|Weezing-Galar, M|100\/100\n|-ability|p1a: Weezing|Neutralizing Gas\n|move|p2a: Eternatus|Cosmic Power|p2a: Eternatus\n|-boost|p2a: Eternatus|def|1\n|-boost|p2a: Eternatus|spd|1\n|\n|upkeep\n|turn|8\n|\n|t:|1697719279\n|move|p2a: Eternatus|Flamethrower|p1a: Weezing\n|-damage|p1a: Weezing|60\/100\n|move|p1a: Weezing|Clear Smog|p2a: Eternatus\n|-resisted|p2a: Eternatus\n|-crit|p2a: Eternatus\n|-damage|p2a: Eternatus|89\/100\n|-clearboost|p2a: Eternatus\n|\n|-heal|p2a: Eternatus|95\/100|[from] item: Black Sludge\n|upkeep\n|turn|9\n|\n|t:|1697719296\n|move|p2a: Eternatus|Flamethrower|p1a: Weezing\n|-damage|p1a: Weezing|18\/100\n|move|p1a: Weezing|Strange Steam|p2a: Eternatus\n|-damage|p2a: Eternatus|64\/100\n|\n|-heal|p2a: Eternatus|71\/100|[from] item: Black Sludge\n|upkeep\n|turn|10\n|inactive|Electricratman has 90 seconds left.\n|\n|t:|1697719328\n|-end|p1a: Weezing|ability: Neutralizing Gas\n|-ability|p2a: Eternatus|Pressure\n|switch|p1a: Magearna|Magearna|40\/100\n|move|p2a: Eternatus|Cosmic Power|p2a: Eternatus\n|-boost|p2a: Eternatus|def|1\n|-boost|p2a: Eternatus|spd|1\n|\n|-heal|p2a: Eternatus|77\/100|[from] item: Black Sludge\n|-heal|p1a: Magearna|46\/100|[from] item: Leftovers\n|upkeep\n|turn|11\n|\n|t:|1697719341\n|move|p2a: Eternatus|Flamethrower|p1a: Magearna\n|-supereffective|p1a: Magearna\n|-damage|p1a: Magearna|0 fnt\n|faint|p1a: Magearna\n|\n|-heal|p2a: Eternatus|83\/100|[from] item: Black Sludge\n|upkeep\n|\n|t:|1697719360\n|switch|p1a: Thundurus|Thundurus-Therian, M|100\/100\n|turn|12\n|inactive|Electricratman has 60 seconds left.\n|\n|t:|1697719402\n|move|p2a: Eternatus|Toxic|p1a: Thundurus\n|-status|p1a: Thundurus|tox\n|move|p1a: Thundurus|Volt Switch|p2a: Eternatus\n|-resisted|p2a: Eternatus\n|-damage|p2a: Eternatus|67\/100\n|\n|t:|1697719408\n|switch|p1a: Greninja|Greninja, F, shiny|100\/100|[from] Volt Switch\n|\n|-heal|p2a: Eternatus|74\/100|[from] item: Black Sludge\n|upkeep\n|turn|13\n|\n|t:|1697719426\n|move|p2a: Eternatus|Cosmic Power|p2a: Eternatus\n|-boost|p2a: Eternatus|def|1\n|-boost|p2a: Eternatus|spd|1\n|move|p1a: Greninja|U-turn|p2a: Eternatus\n|-start|p1a: Greninja|typechange|Bug|[from] ability: Protean\n|-resisted|p2a: Eternatus\n|-damage|p2a: Eternatus|68\/100\n|inactive|Electricratman has 30 seconds left.\n|\n|t:|1697719444\n|switch|p1a: Weezing|Weezing-Galar, M|18\/100|[from] U-turn\n|-ability|p1a: Weezing|Neutralizing Gas\n|\n|-heal|p2a: Eternatus|74\/100|[from] item: Black Sludge\n|upkeep\n|turn|14\n|\n|t:|1697719453\n|move|p2a: Eternatus|Flamethrower|p1a: Weezing\n|-damage|p1a: Weezing|0 fnt\n|faint|p1a: Weezing\n|-end|p1a: Weezing|ability: Neutralizing Gas\n|-ability|p2a: Eternatus|Pressure\n|\n|-heal|p2a: Eternatus|80\/100|[from] item: Black Sludge\n|upkeep\n|inactive|Electricratman has 30 seconds left.\n|inactive|Electricratman has 20 seconds left.\n|inactive|Electricratman has 15 seconds left.\n|\n|t:|1697719479\n|switch|p1a: Rillaboom|Rillaboom, M|100\/100\n|-fieldstart|move: Grassy Terrain|[from] ability: Grassy Surge|[of] p1a: Rillaboom\n|turn|15\n|inactive|Electricratman has 25 seconds left this turn.\n|inactive|Electricratman has 20 seconds left.\n|\n|t:|1697719487\n|-terastallize|p1a: Rillaboom|Fighting\n|move|p2a: Eternatus|Toxic|p1a: Rillaboom\n|-status|p1a: Rillaboom|tox\n|move|p1a: Rillaboom|High Horsepower|p2a: Eternatus\n|-supereffective|p2a: Eternatus\n|-damage|p2a: Eternatus|45\/100\n|\n|-heal|p2a: Eternatus|52\/100|[from] Grassy Terrain\n|-heal|p2a: Eternatus|58\/100|[from] item: Black Sludge\n|-damage|p1a: Rillaboom|94\/100 tox|[from] psn\n|upkeep\n|turn|16\n|inactive|Electricratman has 30 seconds left this turn.\n|inactive|Electricratman has 20 seconds left.\n|\n|t:|1697719502\n|move|p2a: Eternatus|Cosmic Power|p2a: Eternatus\n|-boost|p2a: Eternatus|def|1\n|-boost|p2a: Eternatus|spd|1\n|move|p1a: Rillaboom|High Horsepower|p2a: Eternatus\n|-supereffective|p2a: Eternatus\n|-crit|p2a: Eternatus\n|-damage|p2a: Eternatus|0 fnt\n|faint|p2a: Eternatus\n|\n|-heal|p1a: Rillaboom|100\/100 tox|[from] Grassy Terrain\n|-damage|p1a: Rillaboom|88\/100 tox|[from] psn\n|upkeep\n|inactive|Electricratman has 25 seconds left this turn.\n|\n|t:|1697719516\n|switch|p2a: Sableye|Sableye, M|100\/100\n|turn|17\n|inactive|Electricratman has 30 seconds left.\n|inactive|Electricratman has 20 seconds left.\n|inactive|Electricratman has 15 seconds left.\n|inactive|Electricratman has 10 seconds left.\n|\n|t:|1697719544\n|switch|p1a: Greninja|Greninja, F, shiny|100\/100\n|move|p2a: Sableye|Reflect|p2a: Sableye\n|-sidestart|p2: bryansoh12|Reflect\n|\n|upkeep\n|turn|18\n|inactive|Electricratman has 20 seconds left this turn.\n|inactive|Electricratman has 15 seconds left.\n|inactive|Electricratman has 10 seconds left.\n|\n|t:|1697719555\n|move|p2a: Sableye|Light Screen|p2a: Sableye\n|-sidestart|p2: bryansoh12|move: Light Screen\n|move|p1a: Greninja|Night Slash|p2a: Sableye\n|-start|p1a: Greninja|typechange|Dark|[from] ability: Protean\n|-damage|p2a: Sableye|79\/100\n|\n|-heal|p2a: Sableye|86\/100|[from] Grassy Terrain\n|upkeep\n|turn|19\n|inactive|Electricratman has 20 seconds left this turn.\n|inactive|Electricratman has 15 seconds left.\n|\n|t:|1697719577\n|switch|p2a: Cloyster|Cloyster, M|100\/100\n|move|p1a: Greninja|U-turn|p2a: Cloyster\n|-damage|p2a: Cloyster|91\/100\n|inactive|Electricratman has 20 seconds left this turn.\n|inactive|Electricratman has 15 seconds left.\n|\n|t:|1697719582\n|switch|p1a: Thundurus|Thundurus-Therian, M|100\/100 tox|[from] U-turn\n|\n|-heal|p2a: Cloyster|97\/100|[from] Grassy Terrain\n|-damage|p1a: Thundurus|94\/100 tox|[from] psn\n|-fieldend|move: Grassy Terrain\n|upkeep\n|turn|20\n|inactive|Electricratman has 25 seconds left this turn.\n|inactive|Electricratman has 20 seconds left.\n|inactive|Electricratman has 15 seconds left.\n|\n|t:|1697719593\n|move|p1a: Thundurus|Wildbolt Storm|p2a: Cloyster|[miss]\n|-miss|p1a: Thundurus|p2a: Cloyster\n|move|p2a: Cloyster|Shell Smash|p2a: Cloyster\n|-unboost|p2a: Cloyster|def|1\n|-unboost|p2a: Cloyster|spd|1\n|-boost|p2a: Cloyster|atk|2\n|-boost|p2a: Cloyster|spa|2\n|-boost|p2a: Cloyster|spe|2\n|-enditem|p2a: Cloyster|White Herb\n|-clearnegativeboost|p2a: Cloyster|[silent]\n|\n|-damage|p1a: Thundurus|82\/100 tox|[from] psn\n|upkeep\n|turn|21\n|inactive|Electricratman has 25 seconds left this turn.\n|inactive|Electricratman has 20 seconds left.\n|inactive|Electricratman has 15 seconds left.\n|inactive|Electricratman has 10 seconds left.\n|\n|t:|1697719610\n|move|p2a: Cloyster|Icicle Spear|p1a: Thundurus\n|-supereffective|p1a: Thundurus\n|-damage|p1a: Thundurus|24\/100 tox\n|-supereffective|p1a: Thundurus\n|-damage|p1a: Thundurus|0 fnt\n|faint|p1a: Thundurus\n|-hitcount|p1: Thundurus|2\n|\n|upkeep\n|inactive|Electricratman has 15 seconds left this turn.\n|inactive|Electricratman has 10 seconds left.\n|\n|t:|1697719619\n|switch|p1a: Rillaboom|Rillaboom, M, tera:Fighting|88\/100 tox\n|-fieldstart|move: Grassy Terrain|[from] ability: Grassy Surge|[of] p1a: Rillaboom\n|turn|22\n|inactive|Electricratman has 20 seconds left this turn.\n|inactive|Electricratman has 15 seconds left.\n|\n|t:|1697719625\n|move|p1a: Rillaboom|Grassy Glide|p2a: Cloyster\n|-supereffective|p2a: Cloyster\n|-damage|p2a: Cloyster|54\/100\n|move|p2a: Cloyster|Icicle Spear|p1a: Rillaboom\n|-damage|p1a: Rillaboom|69\/100 tox\n|-damage|p1a: Rillaboom|49\/100 tox\n|-damage|p1a: Rillaboom|28\/100 tox\n|-damage|p1a: Rillaboom|7\/100 tox\n|-damage|p1a: Rillaboom|0 fnt\n|faint|p1a: Rillaboom\n|-hitcount|p1: Rillaboom|5\n|\n|-heal|p2a: Cloyster|61\/100|[from] Grassy Terrain\n|upkeep\n|inactive|Electricratman has 20 seconds left this turn.\n|inactive|Electricratman has 15 seconds left.\n|inactive|Electricratman has 10 seconds left.\n|\n|t:|1697719640\n|switch|p1a: Hawlucha|Hawlucha, M, shiny|100\/100\n|-enditem|p1a: Hawlucha|Grassy Seed\n|-boost|p1a: Hawlucha|def|1|[from] item: Grassy Seed\n|turn|23\n|inactive|Electricratman has 20 seconds left this turn.\n|inactive|Electricratman has 15 seconds left.\n|\n|t:|1697719653\n|-terastallize|p2a: Cloyster|Water\n|move|p1a: Hawlucha|Close Combat|p2a: Cloyster\n|-damage|p2a: Cloyster|37\/100\n|-unboost|p1a: Hawlucha|def|1\n|-unboost|p1a: Hawlucha|spd|1\n|move|p2a: Cloyster|Icicle Spear|p1a: Hawlucha\n|-supereffective|p1a: Hawlucha\n|-damage|p1a: Hawlucha|58\/100\n|-supereffective|p1a: Hawlucha\n|-damage|p1a: Hawlucha|13\/100\n|-supereffective|p1a: Hawlucha\n|-damage|p1a: Hawlucha|0 fnt\n|faint|p1a: Hawlucha\n|-hitcount|p1: Hawlucha|3\n|\n|-heal|p2a: Cloyster|44\/100|[from] Grassy Terrain\n|upkeep\n|inactive|Electricratman has 20 seconds left this turn.\n|inactive|Electricratman has 15 seconds left.\n|inactive|Electricratman has 10 seconds left.\n|inactive|Electricratman has 5 seconds left.\n|-message|Electricratman lost due to inactivity.\n|\n|win|bryansoh12\n|raw|Electricratman's rating: 1054 &rarr; <strong>1041<\/strong><br \/>(-13 for losing)\n|raw|bryansoh12's rating: 1155 &rarr; <strong>1173<\/strong><br \/>(+18 for winning)\n|c|\u2606bryansoh12|hi\n|c|\u2606bryansoh12|ur Hawlucha 4\n|c|\u2606bryansoh12|how come is faster than mine?\n|c|\u2606Electricratman|Unburden\n|c|\u2606Electricratman|hi\n|c|\u2606bryansoh12|oh\n|c|\u2606bryansoh12|ok\n|c|\u2606bryansoh12|tks\n|c|\u2606Electricratman|np\n|c|\u2606bryansoh12|gg\n|l|\u2606Electricratman\n|j|\u2606Electricratman\n|player|p1|Electricratman|102\n|c|\u2606Electricratman|Gg\n|l|\u2606bryansoh12\n","uploadtime":1697720425,"views":13,"p1id":"electricratman","p2id":"bryansoh12","formatid":"gen9ubers","rating":1041,"private":0,"password":""}