{"id":"gen9ubers-1973174950","p1":"Anne Frankkkk","p2":"Palkia Fan 88","format":"[Gen 9] Ubers","log":"|j|\u2606Anne Frankkkk\n|j|\u2606Palkia Fan 88\n|t:|1697935917\n|gametype|singles\n|player|p1|Anne Frankkkk|hilbert|1133\n|player|p2|Palkia Fan 88|170|1026\n|teamsize|p1|6\n|teamsize|p2|3\n|gen|9\n|tier|[Gen 9] Ubers\n|rated|\n|rule|Sleep Clause Mod: Limit one foe put to sleep\n|rule|Species Clause: Limit one of each Pok\u00e9mon\n|rule|OHKO Clause: OHKO moves are banned\n|rule|Evasion Items Clause: Evasion items are banned\n|rule|Evasion Moves Clause: Evasion moves are banned\n|rule|Endless Battle Clause: Forcing endless battles is banned\n|rule|HP Percentage Mod: HP is shown in percentages\n|clearpoke\n|poke|p1|Iron Hands|\n|poke|p1|Kyogre|\n|poke|p1|Chien-Pao|\n|poke|p1|Ribombee, F|\n|poke|p1|Miraidon|\n|poke|p1|Iron Moth|\n|poke|p2|Arceus-Ground|\n|poke|p2|Kyogre|\n|poke|p2|Groudon|\n|teampreview\n|\n|t:|1697935921\n|start\n|switch|p1a: Ribombee|Ribombee, F, shiny|100\/100\n|switch|p2a: protect spammer|Arceus-Ground|100\/100\n|turn|1\n|inactive|Battle timer is ON: inactive players will automatically lose when time's up. (requested by Anne Frankkkk)\n|\n|t:|1697935932\n|move|p2a: protect spammer|Protect|p2a: protect spammer\n|-singleturn|p2a: protect spammer|Protect\n|move|p1a: Ribombee|Sticky Web|p2a: protect spammer\n|-sidestart|p2: Palkia Fan 88|move: Sticky Web\n|\n|upkeep\n|turn|2\n|\n|t:|1697935935\n|move|p2a: protect spammer|Protect|p2a: protect spammer\n|-singleturn|p2a: protect spammer|Protect\n|move|p1a: Ribombee|Energy Ball|p2a: protect spammer\n|-activate|p2a: protect spammer|move: Protect\n|\n|upkeep\n|turn|3\n|\n|t:|1697935943\n|move|p2a: protect spammer|Protect||[still]\n|-fail|p2a: protect spammer\n|move|p1a: Ribombee|Energy Ball|p2a: protect spammer\n|-supereffective|p2a: protect spammer\n|-damage|p2a: protect spammer|71\/100\n|\n|upkeep\n|turn|4\n|\n|t:|1697935948\n|switch|p1a: Chien-Pao|Chien-Pao|100\/100\n|-ability|p1a: Chien-Pao|Sword of Ruin\n|move|p2a: protect spammer|Protect||[still]\n|-fail|p2a: protect spammer\n|\n|upkeep\n|turn|5\n|\n|t:|1697935952\n|move|p2a: protect spammer|Protect|p2a: protect spammer\n|-singleturn|p2a: protect spammer|Protect\n|move|p1a: Chien-Pao|Swords Dance|p1a: Chien-Pao\n|-boost|p1a: Chien-Pao|atk|2\n|\n|upkeep\n|turn|6\n|\n|t:|1697935955\n|move|p2a: protect spammer|Protect||[still]\n|-fail|p2a: protect spammer\n|move|p1a: Chien-Pao|Swords Dance|p1a: Chien-Pao\n|-boost|p1a: Chien-Pao|atk|2\n|\n|upkeep\n|turn|7\n|\n|t:|1697935962\n|move|p2a: protect spammer|Protect|p2a: protect spammer\n|-singleturn|p2a: protect spammer|Protect\n|move|p1a: Chien-Pao|Swords Dance|p1a: Chien-Pao\n|-boost|p1a: Chien-Pao|atk|2\n|\n|upkeep\n|turn|8\n|\n|t:|1697935967\n|move|p2a: protect spammer|Protect||[still]\n|-fail|p2a: protect spammer\n|move|p1a: Chien-Pao|Icicle Crash|p2a: protect spammer\n|-supereffective|p2a: protect spammer\n|-damage|p2a: protect spammer|0 fnt\n|faint|p2a: protect spammer\n|-damage|p1a: Chien-Pao|91\/100|[from] item: Life Orb\n|\n|upkeep\n|\n|t:|1697935976\n|switch|p2a: Kyogre|Kyogre|100\/100\n|-activate|p2a: Kyogre|move: Sticky Web\n|-unboost|p2a: Kyogre|spe|1\n|-weather|RainDance|[from] ability: Drizzle|[of] p2a: Kyogre\n|turn|9\n|\n|t:|1697935979\n|move|p2a: Kyogre|Protect|p2a: Kyogre\n|-singleturn|p2a: Kyogre|Protect\n|move|p1a: Chien-Pao|Sacred Sword|p2a: Kyogre\n|-activate|p2a: Kyogre|move: Protect\n|\n|-weather|RainDance|[upkeep]\n|upkeep\n|turn|10\n|\n|t:|1697935987\n|move|p2a: Kyogre|Protect|p2a: Kyogre\n|-singleturn|p2a: Kyogre|Protect\n|move|p1a: Chien-Pao|Sacred Sword|p2a: Kyogre\n|-activate|p2a: Kyogre|move: Protect\n|\n|-weather|RainDance|[upkeep]\n|upkeep\n|turn|11\n|\n|t:|1697935990\n|move|p2a: Kyogre|Protect||[still]\n|-fail|p2a: Kyogre\n|move|p1a: Chien-Pao|Sacred Sword|p2a: Kyogre\n|-damage|p2a: Kyogre|0 fnt\n|faint|p2a: Kyogre\n|-damage|p1a: Chien-Pao|81\/100|[from] item: Life Orb\n|\n|-weather|RainDance|[upkeep]\n|upkeep\n|\n|t:|1697935998\n|switch|p2a: Groudon|Groudon|100\/100\n|-activate|p2a: Groudon|move: Sticky Web\n|-unboost|p2a: Groudon|spe|1\n|-weather|SunnyDay|[from] ability: Drought|[of] p2a: Groudon\n|turn|12\n|\n|t:|1697936002\n|move|p2a: Groudon|Protect|p2a: Groudon\n|-singleturn|p2a: Groudon|Protect\n|move|p1a: Chien-Pao|Icicle Crash|p2a: Groudon\n|-activate|p2a: Groudon|move: Protect\n|\n|-weather|SunnyDay|[upkeep]\n|upkeep\n|turn|13\n|\n|t:|1697936007\n|move|p2a: Groudon|Protect||[still]\n|-fail|p2a: Groudon\n|move|p1a: Chien-Pao|Icicle Crash|p2a: Groudon\n|-supereffective|p2a: Groudon\n|-damage|p2a: Groudon|0 fnt\n|faint|p2a: Groudon\n|-damage|p1a: Chien-Pao|71\/100|[from] item: Life Orb\n|\n|win|Anne Frankkkk\n|raw|Anne Frankkkk's rating: 1133 &rarr; <strong>1151<\/strong><br \/>(+18 for winning)\n|raw|Palkia Fan 88's rating: 1026 &rarr; <strong>1016<\/strong><br \/>(-10 for losing)\n|l|\u2606Palkia Fan 88\n","uploadtime":1697936017,"views":15,"p1id":"annefrankkkk","p2id":"palkiafan88","formatid":"gen9ubers","rating":1016,"private":0,"password":""}