{"id":"gen9ubers-1977765529","p1":"Blue Kaiser dragon","p2":"pokegirl457","format":"[Gen 9] Ubers","log":"|j|\u2606Blue Kaiser dragon\n|j|\u2606pokegirl457\n|t:|1698446978\n|gametype|singles\n|player|p1|Blue Kaiser dragon|volkner|1145\n|player|p2|pokegirl457|iris-gen5bw2|1088\n|teamsize|p1|6\n|teamsize|p2|6\n|gen|9\n|tier|[Gen 9] Ubers\n|rated|\n|rule|Sleep Clause Mod: Limit one foe put to sleep\n|rule|Species Clause: Limit one of each Pok\u00e9mon\n|rule|OHKO Clause: OHKO moves are banned\n|rule|Evasion Items Clause: Evasion items are banned\n|rule|Evasion Moves Clause: Evasion moves are banned\n|rule|Endless Battle Clause: Forcing endless battles is banned\n|rule|HP Percentage Mod: HP is shown in percentages\n|clearpoke\n|poke|p1|Arceus-Ghost|\n|poke|p1|Zacian-*|\n|poke|p1|Rayquaza|\n|poke|p1|Spectrier|\n|poke|p1|Miraidon|\n|poke|p1|Urshifu-*, M|\n|poke|p2|Ogerpon-Hearthflame, F|\n|poke|p2|Miraidon|\n|poke|p2|Maushold-Four|\n|poke|p2|Polteageist-Antique|\n|poke|p2|Palafin, M|\n|poke|p2|Landorus-Therian, M|\n|teampreview\n|inactive|Battle timer is ON: inactive players will automatically lose when time's up. (requested by pokegirl457)\n|c|\u2606Blue Kaiser dragon|Glhf\n|inactive|Blue Kaiser dragon has 120 seconds left.\n|\n|t:|1698447010\n|start\n|switch|p1a: Urshifu|Urshifu, M|100\/100\n|switch|p2a: Miraidon|Miraidon|100\/100\n|-fieldstart|move: Electric Terrain|[from] ability: Hadron Engine|[of] p2a: Miraidon\n|turn|1\n|c|\u2606pokegirl457|ok\n|\n|t:|1698447029\n|-terastallize|p2a: Miraidon|Electric\n|move|p2a: Miraidon|Dazzling Gleam|p1a: Urshifu\n|-supereffective|p1a: Urshifu\n|-damage|p1a: Urshifu|0 fnt\n|faint|p1a: Urshifu\n|\n|upkeep\n|inactive|Blue Kaiser dragon has 120 seconds left.\n|\n|t:|1698447072\n|switch|p1a: Miraidon|Miraidon|100\/100\n|-activate|p1a: Miraidon|ability: Hadron Engine\n|turn|2\n|\n|t:|1698447088\n|move|p2a: Miraidon|Dazzling Gleam|p1a: Miraidon\n|-supereffective|p1a: Miraidon\n|-damage|p1a: Miraidon|0 fnt\n|faint|p1a: Miraidon\n|\n|upkeep\n|\n|t:|1698447097\n|switch|p1a: Zacian|Zacian-Crowned|100\/100\n|-ability|p1a: Zacian|Intrepid Sword|boost\n|-boost|p1a: Zacian|atk|1\n|turn|3\n|\n|t:|1698447121\n|switch|p2a: Lando T|Landorus-Therian, M, shiny|100\/100\n|-ability|p2a: Lando T|Intimidate|boost\n|-unboost|p1a: Zacian|atk|1\n|move|p1a: Zacian|Substitute|p1a: Zacian\n|-start|p1a: Zacian|Substitute\n|-damage|p1a: Zacian|76\/100\n|\n|upkeep\n|turn|4\n|\n|t:|1698447138\n|move|p2a: Lando T|Earthquake|p1a: Zacian\n|-supereffective|p1a: Zacian\n|-end|p1a: Zacian|Substitute\n|move|p1a: Zacian|Behemoth Blade|p2a: Lando T\n|-damage|p2a: Lando T|21\/100\n|\n|upkeep\n|turn|5\n|\n|t:|1698447149\n|switch|p1a: Rayquaza|Rayquaza|100\/100\n|-ability|p1a: Rayquaza|Air Lock\n|move|p2a: Lando T|Earthquake|p1a: Rayquaza\n|-immune|p1a: Rayquaza\n|\n|-fieldend|move: Electric Terrain\n|upkeep\n|turn|6\n|\n|t:|1698447163\n|switch|p2a: Miraidon|Miraidon, tera:Electric|100\/100\n|-fieldstart|move: Electric Terrain|[from] ability: Hadron Engine|[of] p2a: Miraidon\n|move|p1a: Rayquaza|Swords Dance|p1a: Rayquaza\n|-boost|p1a: Rayquaza|atk|2\n|\n|upkeep\n|turn|7\n|\n|t:|1698447179\n|move|p2a: Miraidon|Dazzling Gleam|p1a: Rayquaza\n|-supereffective|p1a: Rayquaza\n|-enditem|p1a: Rayquaza|Focus Sash\n|-damage|p1a: Rayquaza|1\/100\n|move|p1a: Rayquaza|Dragon Ascent|p2a: Miraidon\n|-resisted|p2a: Miraidon\n|-damage|p2a: Miraidon|25\/100\n|-unboost|p1a: Rayquaza|def|1\n|-unboost|p1a: Rayquaza|spd|1\n|\n|upkeep\n|turn|8\n|c|\u2606pokegirl457|nice try\n|\n|t:|1698447194\n|move|p1a: Rayquaza|Extreme Speed|p2a: Miraidon\n|-damage|p2a: Miraidon|0 fnt\n|faint|p2a: Miraidon\n|\n|upkeep\n|\n|t:|1698447203\n|switch|p2a: Palafin|Palafin, M, shiny|100\/100\n|turn|9\n|c|\u2606pokegirl457|oops\n|\n|t:|1698447211\n|move|p1a: Rayquaza|Extreme Speed|p2a: Palafin\n|-damage|p2a: Palafin|12\/100\n|move|p2a: Palafin|Flip Turn|p1a: Rayquaza\n|-resisted|p1a: Rayquaza\n|-damage|p1a: Rayquaza|0 fnt\n|faint|p1a: Rayquaza\n|\n|t:|1698447220\n|detailschange|p2a: Palafin|Palafin-Hero, M, shiny\n|switch|p2a: Ogerpon|Ogerpon-Hearthflame, F|100\/100|[from] Flip Turn\n|-ability|p2a: Ogerpon|Mold Breaker\n|\n|upkeep\n|inactive|Blue Kaiser dragon has 90 seconds left.\n|\n|t:|1698447275\n|switch|p1a: Spectrier|Spectrier|100\/100\n|turn|10\n|inactive|Blue Kaiser dragon has 60 seconds left.\n|\n|t:|1698447299\n|move|p1a: Spectrier|Substitute|p1a: Spectrier\n|-start|p1a: Spectrier|Substitute\n|-damage|p1a: Spectrier|76\/100\n|move|p2a: Ogerpon|Horn Leech|p1a: Spectrier\n|-crit|p1a: Spectrier\n|-end|p1a: Spectrier|Substitute\n|\n|-heal|p1a: Spectrier|82\/100|[from] item: Leftovers\n|-fieldend|move: Electric Terrain\n|upkeep\n|turn|11\n|inactive|Blue Kaiser dragon has 60 seconds left.\n|\n|t:|1698447319\n|move|p1a: Spectrier|Nasty Plot|p1a: Spectrier\n|-boost|p1a: Spectrier|spa|2\n|move|p2a: Ogerpon|Ivy Cudgel|p1a: Spectrier\n|-crit|p1a: Spectrier\n|-damage|p1a: Spectrier|0 fnt\n|faint|p1a: Spectrier\n|\n|upkeep\n|\n|t:|1698447329\n|switch|p1a: Zacian|Zacian-Crowned|76\/100\n|turn|12\n|\n|t:|1698447354\n|move|p1a: Zacian|Substitute|p1a: Zacian\n|-start|p1a: Zacian|Substitute\n|-damage|p1a: Zacian|51\/100\n|move|p2a: Ogerpon|Ivy Cudgel|p1a: Zacian\n|-supereffective|p1a: Zacian\n|-end|p1a: Zacian|Substitute\n|\n|upkeep\n|turn|13\n|inactive|Blue Kaiser dragon has 60 seconds left.\n|\n|t:|1698447363\n|move|p1a: Zacian|Play Rough|p2a: Ogerpon\n|-resisted|p2a: Ogerpon\n|-damage|p2a: Ogerpon|65\/100\n|move|p2a: Ogerpon|Ivy Cudgel|p1a: Zacian\n|-supereffective|p1a: Zacian\n|-damage|p1a: Zacian|0 fnt\n|faint|p1a: Zacian\n|\n|upkeep\n|inactive|Blue Kaiser dragon has 60 seconds left.\n|\n|t:|1698447374\n|switch|p1a: Arceus|Arceus-Ghost|100\/100\n|turn|14\n|inactive|Blue Kaiser dragon has 60 seconds left.\n|\n|t:|1698447380\n|switch|p2a: Polteageist|Polteageist-Antique, shiny|100\/100\n|move|p1a: Arceus|Swords Dance|p1a: Arceus\n|-boost|p1a: Arceus|atk|2\n|\n|upkeep\n|turn|15\n|inactive|Blue Kaiser dragon has 60 seconds left.\n|\n|t:|1698447393\n|move|p1a: Arceus|Phantom Force||[still]\n|-prepare|p1a: Arceus|Phantom Force\n|move|p2a: Polteageist|Substitute|p2a: Polteageist\n|-start|p2a: Polteageist|Substitute\n|-damage|p2a: Polteageist|76\/100\n|\n|upkeep\n|turn|16\n|inactive|Blue Kaiser dragon has 60 seconds left.\n|\n|t:|1698447410\n|move|p1a: Arceus|Phantom Force|p2a: Polteageist|[from]lockedmove\n|-supereffective|p2a: Polteageist\n|-end|p2a: Polteageist|Substitute\n|move|p2a: Polteageist|Shell Smash|p2a: Polteageist\n|-unboost|p2a: Polteageist|def|1\n|-unboost|p2a: Polteageist|spd|1\n|-boost|p2a: Polteageist|atk|2\n|-boost|p2a: Polteageist|spa|2\n|-boost|p2a: Polteageist|spe|2\n|-enditem|p2a: Polteageist|White Herb\n|-clearnegativeboost|p2a: Polteageist|[silent]\n|\n|upkeep\n|turn|17\n|inactive|Blue Kaiser dragon has 60 seconds left.\n|\n|t:|1698447427\n|move|p2a: Polteageist|Substitute|p2a: Polteageist\n|-start|p2a: Polteageist|Substitute\n|-damage|p2a: Polteageist|51\/100\n|move|p1a: Arceus|Phantom Force||[still]\n|-prepare|p1a: Arceus|Phantom Force\n|\n|upkeep\n|turn|18\n|inactive|Blue Kaiser dragon has 60 seconds left.\n|\n|t:|1698447450\n|move|p2a: Polteageist|Shell Smash|p2a: Polteageist\n|-unboost|p2a: Polteageist|def|1\n|-unboost|p2a: Polteageist|spd|1\n|-boost|p2a: Polteageist|atk|2\n|-boost|p2a: Polteageist|spa|2\n|-boost|p2a: Polteageist|spe|2\n|move|p1a: Arceus|Phantom Force|p2a: Polteageist|[from]lockedmove\n|-supereffective|p2a: Polteageist\n|-end|p2a: Polteageist|Substitute\n|\n|upkeep\n|turn|19\n|inactive|Blue Kaiser dragon has 60 seconds left.\n|\n|t:|1698447467\n|move|p2a: Polteageist|Stored Power|p1a: Arceus\n|-damage|p1a: Arceus|0 fnt\n|faint|p1a: Arceus\n|\n|win|pokegirl457\n|raw|Blue Kaiser dragon's rating: 1145 &rarr; <strong>1116<\/strong><br \/>(-29 for losing)\n|raw|pokegirl457's rating: 1088 &rarr; <strong>1119<\/strong><br \/>(+31 for winning)\n|c|\u2606pokegirl457|GG\n|c|\u2606Blue Kaiser dragon|Gg\n","uploadtime":1698447505,"views":12,"p1id":"bluekaiserdragon","p2id":"pokegirl457","formatid":"gen9ubers","rating":1116,"private":0,"password":""}