{"id":"gen9ubers-1979787780","p1":"ItsmeBlankKnight","p2":"Freezerman","format":"[Gen 9] Ubers","log":"|j|\u2606ItsmeBlankKnight\n|j|\u2606Freezerman\n|t:|1698713275\n|gametype|singles\n|player|p1|ItsmeBlankKnight|larry|\n|player|p2|Freezerman|ethan|\n|teamsize|p1|6\n|teamsize|p2|6\n|gen|9\n|tier|[Gen 9] Ubers\n|rule|Sleep Clause Mod: Limit one foe put to sleep\n|rule|Species Clause: Limit one of each Pok\u00e9mon\n|rule|OHKO Clause: OHKO moves are banned\n|rule|Evasion Items Clause: Evasion items are banned\n|rule|Evasion Moves Clause: Evasion moves are banned\n|rule|Endless Battle Clause: Forcing endless battles is banned\n|rule|HP Percentage Mod: HP is shown in percentages\n|clearpoke\n|poke|p1|Chi-Yu|\n|poke|p1|Palafin, F|\n|poke|p1|Spectrier|\n|poke|p1|Zacian-*|\n|poke|p1|Arceus-Poison|\n|poke|p1|Masquerain, M|\n|poke|p2|Garchomp, F|\n|poke|p2|Magearna|\n|poke|p2|Chi-Yu|\n|poke|p2|Palafin, F|\n|poke|p2|Espathra, F|\n|poke|p2|Zacian-*|\n|teampreview\n|inactive|Battle timer is ON: inactive players will automatically lose when time's up. (requested by ItsmeBlankKnight)\n|\n|t:|1698713295\n|start\n|switch|p1a: Palafin|Palafin, F|100\/100\n|switch|p2a: Garchomp|Garchomp, F|100\/100\n|turn|1\n|inactive|ItsmeBlankKnight has 270 seconds left.\n|\n|t:|1698713346\n|detailschange|p1a: Palafin|Palafin-Hero, F\n|switch|p1a: Zacian|Zacian|100\/100\n|-ability|p1a: Zacian|Intrepid Sword|boost\n|-boost|p1a: Zacian|atk|1\n|move|p2a: Garchomp|Stealth Rock|p1a: Zacian\n|-sidestart|p1: ItsmeBlankKnight|move: Stealth Rock\n|\n|upkeep\n|turn|2\n|c|\u2606ItsmeBlankKnight|ah shit\n|inactive|Freezerman has 270 seconds left.\n|\n|t:|1698713392\n|move|p2a: Garchomp|Endure|p2a: Garchomp\n|-singleturn|p2a: Garchomp|move: Endure\n|move|p1a: Zacian|Swords Dance|p1a: Zacian\n|-boost|p1a: Zacian|atk|2\n|\n|upkeep\n|turn|3\n|\n|t:|1698713396\n|move|p1a: Zacian|Play Rough|p2a: Garchomp|[miss]\n|-miss|p1a: Zacian|p2a: Garchomp\n|move|p2a: Garchomp|Earthquake|p1a: Zacian\n|-damage|p1a: Zacian|57\/100\n|\n|-heal|p1a: Zacian|63\/100|[from] item: Leftovers\n|upkeep\n|turn|4\n|inactive|Freezerman has 270 seconds left.\n|c|\u2606ItsmeBlankKnight|fk\n|\n|t:|1698713403\n|move|p2a: Garchomp|Endure|p2a: Garchomp\n|-singleturn|p2a: Garchomp|move: Endure\n|move|p1a: Zacian|Play Rough|p2a: Garchomp\n|-supereffective|p2a: Garchomp\n|-activate|p2a: Garchomp|move: Endure\n|-damage|p2a: Garchomp|1\/100\n|-damage|p1a: Zacian|51\/100|[from] ability: Rough Skin|[of] p2a: Garchomp\n|-damage|p1a: Zacian|34\/100|[from] item: Rocky Helmet|[of] p2a: Garchomp\n|\n|-heal|p1a: Zacian|40\/100|[from] item: Leftovers\n|upkeep\n|turn|5\n|\n|t:|1698713408\n|move|p1a: Zacian|Crunch|p2a: Garchomp\n|-damage|p2a: Garchomp|0 fnt\n|-damage|p1a: Zacian|28\/100|[from] ability: Rough Skin|[of] p2a: Garchomp\n|-damage|p1a: Zacian|12\/100|[from] item: Rocky Helmet|[of] p2a: Garchomp\n|faint|p2a: Garchomp\n|\n|-heal|p1a: Zacian|18\/100|[from] item: Leftovers\n|upkeep\n|\n|t:|1698713411\n|switch|p2a: Chi-Yu|Chi-Yu|100\/100\n|-ability|p2a: Chi-Yu|Beads of Ruin\n|turn|6\n|\n|t:|1698713415\n|move|p2a: Chi-Yu|Flamethrower|p1a: Zacian\n|-damage|p1a: Zacian|0 fnt\n|faint|p1a: Zacian\n|\n|upkeep\n|\n|t:|1698713417\n|switch|p1a: Palafin|Palafin-Hero, F|100\/100\n|-damage|p1a: Palafin|88\/100|[from] Stealth Rock\n|-activate|p1a: Palafin|ability: Zero to Hero\n|turn|7\n|\n|t:|1698713430\n|switch|p2a: Palafin|Palafin, F|100\/100\n|move|p1a: Palafin|Close Combat|p2a: Palafin\n|-damage|p2a: Palafin|16\/100\n|-unboost|p1a: Palafin|def|1\n|-unboost|p1a: Palafin|spd|1\n|-damage|p1a: Palafin|78\/100|[from] item: Life Orb\n|\n|-heal|p2a: Palafin|22\/100|[from] item: Leftovers\n|upkeep\n|turn|8\n|\n|t:|1698713444\n|detailschange|p2a: Palafin|Palafin-Hero, F\n|switch|p2a: Espathra|Espathra, F|100\/100\n|move|p1a: Palafin|Jet Punch|p2a: Espathra\n|-damage|p2a: Espathra|55\/100\n|-damage|p1a: Palafin|68\/100|[from] item: Life Orb\n|\n|-heal|p2a: Espathra|61\/100|[from] item: Leftovers\n|upkeep\n|turn|9\n|\n|t:|1698713449\n|switch|p1a: Masquerain|Masquerain, M|100\/100\n|-damage|p1a: Masquerain|50\/100|[from] Stealth Rock\n|-ability|p1a: Masquerain|Intimidate|boost\n|-unboost|p2a: Espathra|atk|1\n|move|p2a: Espathra|Dazzling Gleam|p1a: Masquerain\n|-damage|p1a: Masquerain|29\/100\n|\n|-heal|p2a: Espathra|67\/100|[from] item: Leftovers\n|-ability|p2a: Espathra|Speed Boost|boost\n|-boost|p2a: Espathra|spe|1\n|upkeep\n|turn|10\n|\n|t:|1698713455\n|move|p2a: Espathra|Calm Mind|p2a: Espathra\n|-boost|p2a: Espathra|spa|1\n|-boost|p2a: Espathra|spd|1\n|move|p1a: Masquerain|Sticky Web|p2a: Espathra\n|-sidestart|p2: Freezerman|move: Sticky Web\n|\n|-heal|p2a: Espathra|74\/100|[from] item: Leftovers\n|-ability|p2a: Espathra|Speed Boost|boost\n|-boost|p2a: Espathra|spe|1\n|upkeep\n|turn|11\n|\n|t:|1698713462\n|move|p2a: Espathra|Stored Power|p1a: Masquerain\n|-damage|p1a: Masquerain|0 fnt\n|faint|p1a: Masquerain\n|\n|-heal|p2a: Espathra|80\/100|[from] item: Leftovers\n|-ability|p2a: Espathra|Speed Boost|boost\n|-boost|p2a: Espathra|spe|1\n|upkeep\n|\n|t:|1698713468\n|switch|p1a: Arceus|Arceus-Poison|100\/100\n|-damage|p1a: Arceus|88\/100|[from] Stealth Rock\n|turn|12\n|\n|t:|1698713472\n|-terastallize|p1a: Arceus|Normal\n|move|p2a: Espathra|Stored Power|p1a: Arceus\n|-damage|p1a: Arceus|48\/100\n|move|p1a: Arceus|Swords Dance|p1a: Arceus\n|-boost|p1a: Arceus|atk|2\n|\n|-heal|p2a: Espathra|86\/100|[from] item: Leftovers\n|-ability|p2a: Espathra|Speed Boost|boost\n|-boost|p2a: Espathra|spe|1\n|upkeep\n|turn|13\n|\n|t:|1698713477\n|move|p1a: Arceus|Extreme Speed|p2a: Espathra\n|-damage|p2a: Espathra|1\/100\n|move|p2a: Espathra|Stored Power|p1a: Arceus\n|-damage|p1a: Arceus|3\/100\n|\n|-heal|p2a: Espathra|8\/100|[from] item: Leftovers\n|-ability|p2a: Espathra|Speed Boost|boost\n|-boost|p2a: Espathra|spe|1\n|upkeep\n|turn|14\n|c|\u2606ItsmeBlankKnight|FKKK\n|\n|t:|1698713484\n|move|p1a: Arceus|Extreme Speed|p2a: Espathra\n|-damage|p2a: Espathra|0 fnt\n|faint|p2a: Espathra\n|\n|upkeep\n|\n|t:|1698713487\n|switch|p2a: Magearna|Magearna|100\/100\n|-activate|p2a: Magearna|move: Sticky Web\n|-unboost|p2a: Magearna|spe|1\n|turn|15\n|c|\u2606ItsmeBlankKnight|da rolls lol\n|\n|t:|1698713495\n|-terastallize|p2a: Magearna|Flying\n|move|p1a: Arceus|Earthquake|p2a: Magearna\n|-immune|p2a: Magearna\n|move|p2a: Magearna|Draining Kiss|p1a: Arceus\n|-damage|p1a: Arceus|0 fnt\n|faint|p1a: Arceus\n|-ability|p2a: Magearna|Soul-Heart|boost\n|-boost|p2a: Magearna|spa|1\n|\n|upkeep\n|\n|t:|1698713498\n|switch|p1a: Chi-Yu|Chi-Yu|100\/100\n|-damage|p1a: Chi-Yu|76\/100|[from] Stealth Rock\n|-ability|p1a: Chi-Yu|Beads of Ruin\n|turn|16\n|\n|t:|1698713528\n|move|p1a: Chi-Yu|Overheat|p2a: Magearna\n|-crit|p2a: Magearna\n|-damage|p2a: Magearna|0 fnt\n|-unboost|p1a: Chi-Yu|spa|2\n|faint|p2a: Magearna\n|\n|upkeep\n|\n|t:|1698713532\n|switch|p2a: Palafin|Palafin-Hero, F|22\/100\n|-activate|p2a: Palafin|move: Sticky Web\n|-unboost|p2a: Palafin|spe|1\n|-activate|p2a: Palafin|ability: Zero to Hero\n|turn|17\n|\n|t:|1698713546\n|switch|p1a: Spectrier|Spectrier|100\/100\n|-damage|p1a: Spectrier|88\/100|[from] Stealth Rock\n|move|p2a: Palafin|Jet Punch|p1a: Spectrier\n|-damage|p1a: Spectrier|25\/100\n|\n|-heal|p2a: Palafin|28\/100|[from] item: Leftovers\n|upkeep\n|turn|18\n|\n|t:|1698713552\n|move|p2a: Palafin|Jet Punch|p1a: Spectrier\n|-damage|p1a: Spectrier|0 fnt\n|faint|p1a: Spectrier\n|\n|-heal|p2a: Palafin|34\/100|[from] item: Leftovers\n|upkeep\n|\n|t:|1698713555\n|switch|p1a: Palafin|Palafin-Hero, F|68\/100\n|-damage|p1a: Palafin|56\/100|[from] Stealth Rock\n|turn|19\n|\n|t:|1698713562\n|switch|p2a: Chi-Yu|Chi-Yu|100\/100\n|-activate|p2a: Chi-Yu|move: Sticky Web\n|-unboost|p2a: Chi-Yu|spe|1\n|-ability|p2a: Chi-Yu|Beads of Ruin\n|move|p1a: Palafin|Wave Crash|p2a: Chi-Yu\n|-supereffective|p2a: Chi-Yu\n|-crit|p2a: Chi-Yu\n|-damage|p2a: Chi-Yu|0 fnt\n|faint|p2a: Chi-Yu\n|-damage|p1a: Palafin|32\/100|[from] Recoil\n|-damage|p1a: Palafin|22\/100|[from] item: Life Orb\n|\n|upkeep\n|\n|t:|1698713565\n|switch|p2a: Zacian|Zacian|100\/100\n|-activate|p2a: Zacian|move: Sticky Web\n|-unboost|p2a: Zacian|spe|1\n|-ability|p2a: Zacian|Intrepid Sword|boost\n|-boost|p2a: Zacian|atk|1\n|turn|20\n|\n|t:|1698713569\n|move|p1a: Palafin|Wave Crash|p2a: Zacian\n|-damage|p2a: Zacian|2\/100\n|-damage|p1a: Palafin|0 fnt|[from] Recoil\n|faint|p1a: Palafin\n|move|p2a: Zacian|Wild Charge|p1: Palafin|[notarget]\n|-fail|p2a: Zacian\n|\n|upkeep\n|\n|t:|1698713571\n|switch|p1a: Chi-Yu|Chi-Yu|76\/100\n|-damage|p1a: Chi-Yu|51\/100|[from] Stealth Rock\n|-ability|p1a: Chi-Yu|Beads of Ruin\n|turn|21\n|\n|t:|1698713575\n|move|p1a: Chi-Yu|Flamethrower|p2a: Zacian\n|-damage|p2a: Zacian|0 fnt\n|faint|p2a: Zacian\n|\n|upkeep\n|c|\u2606ItsmeBlankKnight|shit\n|c|\u2606ItsmeBlankKnight|gg\n|\n|t:|1698713579\n|switch|p2a: Palafin|Palafin-Hero, F|34\/100\n|-activate|p2a: Palafin|move: Sticky Web\n|-unboost|p2a: Palafin|spe|1\n|turn|22\n|\n|t:|1698713581\n|move|p2a: Palafin|Jet Punch|p1a: Chi-Yu\n|-supereffective|p1a: Chi-Yu\n|-damage|p1a: Chi-Yu|0 fnt\n|faint|p1a: Chi-Yu\n|\n|win|Freezerman\n|c|\u2606Freezerman|gg\n","uploadtime":1698713588,"views":29,"p1id":"itsmeblankknight","p2id":"freezerman","formatid":"gen9ubers","rating":0,"private":0,"password":""}