{"id":"gen9ubers-1983706750","p1":"longtiip","p2":"xen769","format":"[Gen 9] Ubers","log":"|j|\u2606longtiip\n|j|\u2606xen769\n|t:|1699164390\n|gametype|singles\n|player|p1|longtiip|2|1055\n|player|p2|xen769|266|1213\n|teamsize|p1|6\n|teamsize|p2|6\n|gen|9\n|tier|[Gen 9] Ubers\n|rated|\n|rule|Sleep Clause Mod: Limit one foe put to sleep\n|rule|Species Clause: Limit one of each Pok\u00e9mon\n|rule|OHKO Clause: OHKO moves are banned\n|rule|Evasion Items Clause: Evasion items are banned\n|rule|Evasion Moves Clause: Evasion moves are banned\n|rule|Endless Battle Clause: Forcing endless battles is banned\n|rule|HP Percentage Mod: HP is shown in percentages\n|clearpoke\n|poke|p1|Espathra, F|\n|poke|p1|Slowking-Galar, F|\n|poke|p1|Cyclizar, F|\n|poke|p1|Cetitan, M|\n|poke|p1|Glimmora, F|\n|poke|p1|Ninetales-Alola, M|\n|poke|p2|Arceus|\n|poke|p2|Chi-Yu|\n|poke|p2|Chien-Pao|\n|poke|p2|Koraidon|\n|poke|p2|Roaring Moon|\n|poke|p2|Regieleki|\n|teampreview\n|\n|t:|1699164413\n|start\n|switch|p1a: Glimmora|Glimmora, F|100\/100\n|switch|p2a: Regieleki|Regieleki|100\/100\n|turn|1\n|\n|t:|1699164426\n|move|p2a: Regieleki|Volt Switch|p1a: Glimmora\n|-damage|p1a: Glimmora|23\/100\n|-damage|p2a: Regieleki|91\/100|[from] item: Life Orb\n|\n|t:|1699164451\n|switch|p2a: Koraidon|Koraidon|100\/100|[from] Volt Switch\n|-weather|SunnyDay|[from] ability: Orichalcum Pulse|[of] p2a: Koraidon\n|-activate|p2a: Koraidon|Orichalcum Pulse|[source]\n|move|p1a: Glimmora|Earth Power|p2a: Koraidon\n|-damage|p2a: Koraidon|71\/100\n|\n|-weather|SunnyDay|[upkeep]\n|upkeep\n|turn|2\n|\n|t:|1699164467\n|move|p2a: Koraidon|Collision Course|p1a: Glimmora\n|-damage|p1a: Glimmora|0 fnt\n|-activate|p1a: Glimmora|ability: Toxic Debris\n|-sidestart|p2: xen769|move: Toxic Spikes\n|faint|p1a: Glimmora\n|\n|-weather|SunnyDay|[upkeep]\n|upkeep\n|\n|t:|1699164489\n|switch|p1a: Ninetales|Ninetales-Alola, M|100\/100\n|turn|3\n|\n|t:|1699164515\n|switch|p1a: Slowking|Slowking-Galar, F|100\/100\n|move|p2a: Koraidon|Collision Course|p1a: Slowking\n|-resisted|p1a: Slowking\n|-damage|p1a: Slowking|81\/100\n|\n|-weather|SunnyDay|[upkeep]\n|upkeep\n|turn|4\n|\n|t:|1699164522\n|switch|p2a: Roaring Moon|Roaring Moon|100\/100\n|-status|p2a: Roaring Moon|psn\n|-activate|p2a: Roaring Moon|ability: Protosynthesis\n|-start|p2a: Roaring Moon|protosynthesisatk\n|move|p1a: Slowking|Trick Room|p1a: Slowking\n|-fieldstart|move: Trick Room|[of] p1a: Slowking\n|\n|-weather|SunnyDay|[upkeep]\n|-damage|p2a: Roaring Moon|88\/100 psn|[from] psn\n|upkeep\n|turn|5\n|\n|t:|1699164536\n|move|p1a: Slowking|Chilly Reception|p1a: Slowking\n|-weather|Snow\n|-end|p2a: Roaring Moon|Protosynthesis\n|\n|t:|1699164554\n|switch|p1a: Cetitan|Cetitan, M|100\/100|[from] Chilly Reception\n|move|p2a: Roaring Moon|Earthquake|p1a: Cetitan\n|-damage|p1a: Cetitan|77\/100\n|\n|-weather|Snow|[upkeep]\n|-damage|p2a: Roaring Moon|76\/100 psn|[from] psn\n|upkeep\n|turn|6\n|\n|t:|1699164586\n|move|p1a: Cetitan|Belly Drum|p1a: Cetitan\n|-damage|p1a: Cetitan|27\/100\n|-setboost|p1a: Cetitan|atk|6|[from] move: Belly Drum\n|-enditem|p1a: Cetitan|Sitrus Berry|[eat]\n|-heal|p1a: Cetitan|52\/100|[from] item: Sitrus Berry\n|move|p2a: Roaring Moon|Earthquake|p1a: Cetitan\n|-damage|p1a: Cetitan|30\/100\n|\n|-weather|Snow|[upkeep]\n|-damage|p2a: Roaring Moon|64\/100 psn|[from] psn\n|upkeep\n|turn|7\n|\n|t:|1699164617\n|move|p1a: Cetitan|Play Rough|p2a: Roaring Moon\n|-supereffective|p2a: Roaring Moon\n|-damage|p2a: Roaring Moon|0 fnt\n|faint|p2a: Roaring Moon\n|-end|p2a: Roaring Moon|Protosynthesis|[silent]\n|\n|-weather|Snow|[upkeep]\n|upkeep\n|\n|t:|1699164656\n|switch|p2a: Chien-Pao|Chien-Pao|100\/100\n|-status|p2a: Chien-Pao|psn\n|-ability|p2a: Chien-Pao|Sword of Ruin\n|turn|8\n|\n|t:|1699164668\n|move|p2a: Chien-Pao|Sucker Punch|p1a: Cetitan\n|-damage|p1a: Cetitan|3\/100\n|move|p1a: Cetitan|Play Rough|p2a: Chien-Pao|[miss]\n|-miss|p1a: Cetitan|p2a: Chien-Pao\n|\n|-weather|Snow|[upkeep]\n|-damage|p2a: Chien-Pao|88\/100 psn|[from] psn\n|-fieldend|move: Trick Room\n|upkeep\n|turn|9\n|c|\u2606longtiip|rip\n|\n|t:|1699164686\n|move|p2a: Chien-Pao|Sucker Punch||[still]\n|-fail|p2a: Chien-Pao\n|move|p1a: Cetitan|Belly Drum||[still]\n|-fail|p1a: Cetitan\n|\n|-weather|none\n|-damage|p2a: Chien-Pao|76\/100 psn|[from] psn\n|upkeep\n|turn|10\n|\n|t:|1699164699\n|move|p2a: Chien-Pao|Sucker Punch|p1a: Cetitan\n|-damage|p1a: Cetitan|0 fnt\n|faint|p1a: Cetitan\n|\n|-damage|p2a: Chien-Pao|64\/100 psn|[from] psn\n|upkeep\n|\n|t:|1699164728\n|switch|p1a: Ninetales|Ninetales-Alola, M|100\/100\n|turn|11\n|-message|longtiip forfeited.\n|\n|win|xen769\n|raw|longtiip's rating: 1055 &rarr; <strong>1045<\/strong><br \/>(-10 for losing)\n|raw|xen769's rating: 1213 &rarr; <strong>1227<\/strong><br \/>(+14 for winning)\n|l|\u2606longtiip\n","uploadtime":1699164926,"views":12,"p1id":"longtiip","p2id":"xen769","formatid":"gen9ubers","rating":1045,"private":0,"password":""}