{"id":"gen9ubers-1996873585","p1":"LANGE MAN MET KAAS","p2":"Gamer Boi YT","format":"[Gen 9] Ubers","log":"|j|\u2606LANGE MAN MET KAAS\n|j|\u2606Gamer Boi YT\n|t:|1700738603\n|gametype|singles\n|player|p1|LANGE MAN MET KAAS|unknownf|1028\n|player|p2|Gamer Boi YT|ethan|1185\n|teamsize|p1|6\n|teamsize|p2|6\n|gen|9\n|tier|[Gen 9] Ubers\n|rated|\n|rule|Sleep Clause Mod: Limit one foe put to sleep\n|rule|Species Clause: Limit one of each Pok\u00e9mon\n|rule|OHKO Clause: OHKO moves are banned\n|rule|Evasion Items Clause: Evasion items are banned\n|rule|Evasion Moves Clause: Evasion moves are banned\n|rule|Endless Battle Clause: Forcing endless battles is banned\n|rule|HP Percentage Mod: HP is shown in percentages\n|clearpoke\n|poke|p1|Chien-Pao|\n|poke|p1|Zacian-*|\n|poke|p1|Rayquaza|\n|poke|p1|Koraidon|\n|poke|p1|Roaring Moon|\n|poke|p1|Landorus, M|\n|poke|p2|Glimmora, F|\n|poke|p2|Espathra, M|\n|poke|p2|Gliscor, M|\n|poke|p2|Grimmsnarl, M|\n|poke|p2|Arceus|\n|poke|p2|Miraidon|\n|teampreview\n|inactive|Battle timer is ON: inactive players will automatically lose when time's up. (requested by Gamer Boi YT)\n|c|\u2606LANGE MAN MET KAAS|gl\n|c|\u2606Gamer Boi YT|gl\n|\n|t:|1700738614\n|start\n|switch|p1a: Dorus The God|Landorus, M, shiny|100\/100\n|switch|p2a: Glimmora|Glimmora, F|100\/100\n|turn|1\n|c|\u2606LANGE MAN MET KAAS|pls turn off timer\n|\n|t:|1700738629\n|move|p1a: Dorus The God|Stealth Rock|p2a: Glimmora\n|-sidestart|p2: Gamer Boi YT|move: Stealth Rock\n|move|p2a: Glimmora|Stealth Rock|p1a: Dorus The God\n|-sidestart|p1: LANGE MAN MET KAAS|move: Stealth Rock\n|\n|upkeep\n|turn|2\n|c|\u2606LANGE MAN MET KAAS|i need to have time choosing\n|\n|t:|1700738638\n|move|p1a: Dorus The God|Earthquake|p2a: Glimmora\n|-supereffective|p2a: Glimmora\n|-enditem|p2a: Glimmora|Focus Sash\n|-damage|p2a: Glimmora|1\/100\n|-activate|p2a: Glimmora|ability: Toxic Debris\n|-sidestart|p1: LANGE MAN MET KAAS|move: Toxic Spikes\n|move|p2a: Glimmora|Mortal Spin|p1a: Dorus The God\n|-resisted|p1a: Dorus The God\n|-damage|p1a: Dorus The God|97\/100\n|-status|p1a: Dorus The God|psn\n|-damage|p2a: Glimmora|0 fnt|[from] item: Rocky Helmet|[of] p1a: Dorus The God\n|faint|p2a: Glimmora\n|\n|-damage|p1a: Dorus The God|85\/100 psn|[from] psn\n|upkeep\n|inactiveoff|Battle timer is now OFF.\n|c|\u2606LANGE MAN MET KAAS|ty\n|\n|t:|1700738661\n|switch|p2a: Gliscor|Gliscor, M, shiny|100\/100\n|-damage|p2a: Gliscor|88\/100|[from] Stealth Rock\n|turn|3\n|\n|t:|1700738672\n|move|p2a: Gliscor|Protect|p2a: Gliscor\n|-singleturn|p2a: Gliscor|Protect\n|move|p1a: Dorus The God|Stealth Rock||[still]\n|-fail|p1a: Dorus The God\n|\n|-damage|p1a: Dorus The God|73\/100 psn|[from] psn\n|-status|p2a: Gliscor|tox|[from] item: Toxic Orb\n|upkeep\n|turn|4\n|\n|t:|1700738681\n|move|p1a: Dorus The God|Stone Edge|p2a: Gliscor\n|-damage|p2a: Gliscor|66\/100 tox\n|move|p2a: Gliscor|Spikes|p1a: Dorus The God\n|-sidestart|p1: LANGE MAN MET KAAS|Spikes\n|\n|-damage|p1a: Dorus The God|60\/100 psn|[from] psn\n|-heal|p2a: Gliscor|79\/100 tox|[from] ability: Poison Heal\n|upkeep\n|turn|5\n|\n|t:|1700738692\n|move|p1a: Dorus The God|Calm Mind|p1a: Dorus The God\n|-boost|p1a: Dorus The God|spa|1\n|-boost|p1a: Dorus The God|spd|1\n|move|p2a: Gliscor|Spikes|p1a: Dorus The God\n|-sidestart|p1: LANGE MAN MET KAAS|Spikes\n|\n|-damage|p1a: Dorus The God|48\/100 psn|[from] psn\n|-heal|p2a: Gliscor|91\/100 tox|[from] ability: Poison Heal\n|upkeep\n|turn|6\n|\n|t:|1700738700\n|move|p1a: Dorus The God|Stone Edge|p2a: Gliscor\n|-damage|p2a: Gliscor|71\/100 tox\n|move|p2a: Gliscor|Spikes|p1a: Dorus The God\n|-sidestart|p1: LANGE MAN MET KAAS|Spikes\n|\n|-damage|p1a: Dorus The God|36\/100 psn|[from] psn\n|-heal|p2a: Gliscor|83\/100 tox|[from] ability: Poison Heal\n|upkeep\n|turn|7\n|\n|t:|1700738712\n|move|p2a: Gliscor|Protect|p2a: Gliscor\n|-singleturn|p2a: Gliscor|Protect\n|move|p1a: Dorus The God|Stone Edge|p2a: Gliscor\n|-activate|p2a: Gliscor|move: Protect\n|\n|-damage|p1a: Dorus The God|24\/100 psn|[from] psn\n|-heal|p2a: Gliscor|96\/100 tox|[from] ability: Poison Heal\n|upkeep\n|turn|8\n|\n|t:|1700738723\n|move|p1a: Dorus The God|Calm Mind|p1a: Dorus The God\n|-boost|p1a: Dorus The God|spa|1\n|-boost|p1a: Dorus The God|spd|1\n|move|p2a: Gliscor|Spikes||[still]\n|-fail|p2a: Gliscor\n|\n|-damage|p1a: Dorus The God|11\/100 psn|[from] psn\n|-heal|p2a: Gliscor|100\/100 tox|[from] ability: Poison Heal\n|upkeep\n|turn|9\n|\n|t:|1700738731\n|move|p1a: Dorus The God|Stone Edge|p2a: Gliscor\n|-damage|p2a: Gliscor|78\/100 tox\n|move|p2a: Gliscor|Spikes||[still]\n|-fail|p2a: Gliscor\n|\n|-damage|p1a: Dorus The God|0 fnt|[from] psn\n|faint|p1a: Dorus The God\n|-heal|p2a: Gliscor|90\/100 tox|[from] ability: Poison Heal\n|upkeep\n|\n|t:|1700738740\n|switch|p1a: Shienpao The Iced|Chien-Pao|100\/100\n|-damage|p1a: Shienpao The Iced|76\/100|[from] Stealth Rock\n|-status|p1a: Shienpao The Iced|psn\n|-damage|p1a: Shienpao The Iced|51\/100 psn|[from] Spikes\n|-ability|p1a: Shienpao The Iced|Sword of Ruin\n|turn|10\n|\n|t:|1700738755\n|move|p2a: Gliscor|Protect|p2a: Gliscor\n|-singleturn|p2a: Gliscor|Protect\n|move|p1a: Shienpao The Iced|Icicle Crash|p2a: Gliscor\n|-activate|p2a: Gliscor|move: Protect\n|\n|-damage|p1a: Shienpao The Iced|38\/100 psn|[from] psn\n|-heal|p2a: Gliscor|100\/100 tox|[from] ability: Poison Heal\n|upkeep\n|turn|11\n|\n|t:|1700738766\n|switch|p2a: Grimmsnarl|Grimmsnarl, M|100\/100\n|-damage|p2a: Grimmsnarl|88\/100|[from] Stealth Rock\n|move|p1a: Shienpao The Iced|Icicle Crash|p2a: Grimmsnarl\n|-damage|p2a: Grimmsnarl|11\/100\n|\n|-damage|p1a: Shienpao The Iced|26\/100 psn|[from] psn\n|upkeep\n|turn|12\n|\n|t:|1700738775\n|move|p2a: Grimmsnarl|Reflect|p2a: Grimmsnarl\n|-sidestart|p2: Gamer Boi YT|Reflect\n|move|p1a: Shienpao The Iced|Icicle Crash|p2a: Grimmsnarl\n|-damage|p2a: Grimmsnarl|0 fnt\n|faint|p2a: Grimmsnarl\n|\n|-damage|p1a: Shienpao The Iced|14\/100 psn|[from] psn\n|upkeep\n|\n|t:|1700738780\n|switch|p2a: Arceus|Arceus|100\/100\n|-damage|p2a: Arceus|88\/100|[from] Stealth Rock\n|turn|13\n|\n|t:|1700738786\n|move|p1a: Shienpao The Iced|Sacred Sword|p2a: Arceus\n|-supereffective|p2a: Arceus\n|-damage|p2a: Arceus|60\/100\n|move|p2a: Arceus|Swords Dance|p2a: Arceus\n|-boost|p2a: Arceus|atk|2\n|\n|-damage|p1a: Shienpao The Iced|1\/100 psn|[from] psn\n|upkeep\n|turn|14\n|\n|t:|1700738796\n|move|p2a: Arceus|Extreme Speed|p1a: Shienpao The Iced\n|-damage|p1a: Shienpao The Iced|0 fnt\n|faint|p1a: Shienpao The Iced\n|\n|upkeep\n|\n|t:|1700738802\n|switch|p1a: Cory The Skinned|Koraidon|100\/100\n|-damage|p1a: Cory The Skinned|94\/100|[from] Stealth Rock\n|-status|p1a: Cory The Skinned|psn\n|-damage|p1a: Cory The Skinned|69\/100 psn|[from] Spikes\n|-weather|SunnyDay|[from] ability: Orichalcum Pulse|[of] p1a: Cory The Skinned\n|-activate|p1a: Cory The Skinned|Orichalcum Pulse|[source]\n|turn|15\n|\n|t:|1700738811\n|move|p2a: Arceus|Extreme Speed|p1a: Cory The Skinned\n|-damage|p1a: Cory The Skinned|0 fnt\n|faint|p1a: Cory The Skinned\n|\n|-weather|SunnyDay|[upkeep]\n|upkeep\n|\n|t:|1700738819\n|switch|p1a: Zack The King|Zacian-Crowned, shiny|100\/100\n|-damage|p1a: Zack The King|94\/100|[from] Stealth Rock\n|-damage|p1a: Zack The King|69\/100|[from] Spikes\n|-ability|p1a: Zack The King|Intrepid Sword|boost\n|-boost|p1a: Zack The King|atk|1\n|turn|16\n|\n|t:|1700738829\n|move|p2a: Arceus|Extreme Speed|p1a: Zack The King\n|-resisted|p1a: Zack The King\n|-damage|p1a: Zack The King|24\/100\n|move|p1a: Zack The King|Close Combat|p2a: Arceus\n|-supereffective|p2a: Arceus\n|-damage|p2a: Arceus|9\/100\n|-unboost|p1a: Zack The King|def|1\n|-unboost|p1a: Zack The King|spd|1\n|\n|-weather|SunnyDay|[upkeep]\n|upkeep\n|turn|17\n|\n|t:|1700738839\n|move|p2a: Arceus|Extreme Speed|p1a: Zack The King\n|-resisted|p1a: Zack The King\n|-damage|p1a: Zack The King|0 fnt\n|faint|p1a: Zack The King\n|\n|-weather|SunnyDay|[upkeep]\n|upkeep\n|c|\u2606LANGE MAN MET KAAS|gg\n|\n|t:|1700738846\n|switch|p1a: Ray The Obsidian|Rayquaza, shiny|100\/100\n|-damage|p1a: Ray The Obsidian|76\/100|[from] Stealth Rock\n|-ability|p1a: Ray The Obsidian|Air Lock\n|turn|18\n|\n|t:|1700738852\n|move|p2a: Arceus|Extreme Speed|p1a: Ray The Obsidian\n|-crit|p1a: Ray The Obsidian\n|-damage|p1a: Ray The Obsidian|0 fnt\n|faint|p1a: Ray The Obsidian\n|\n|-weather|SunnyDay|[upkeep]\n|upkeep\n|c|\u2606Gamer Boi YT|gg\n|\n|t:|1700738859\n|switch|p1a: Prime The Old One|Roaring Moon|100\/100\n|-damage|p1a: Prime The Old One|88\/100|[from] Stealth Rock\n|-status|p1a: Prime The Old One|psn\n|-damage|p1a: Prime The Old One|63\/100 psn|[from] Spikes\n|-activate|p1a: Prime The Old One|ability: Protosynthesis\n|-start|p1a: Prime The Old One|protosynthesisatk\n|turn|19\n|c|\u2606LANGE MAN MET KAAS|well played man\n|\n|t:|1700738869\n|move|p2a: Arceus|Extreme Speed|p1a: Prime The Old One\n|-damage|p1a: Prime The Old One|0 fnt\n|faint|p1a: Prime The Old One\n|-end|p1a: Prime The Old One|Protosynthesis|[silent]\n|\n|win|Gamer Boi YT\n|raw|LANGE MAN MET KAAS's rating: 1028 &rarr; <strong>1020<\/strong><br \/>(-8 for losing)\n|raw|Gamer Boi YT's rating: 1185 &rarr; <strong>1199<\/strong><br \/>(+14 for winning)\n|c|\u2606LANGE MAN MET KAAS|your atleast not a legend spammer\n|c|\u2606LANGE MAN MET KAAS|your good man\n|c|\u2606Gamer Boi YT|i try to avoid spamming legends\n|c|\u2606LANGE MAN MET KAAS|me too\n|c|\u2606LANGE MAN MET KAAS|its annoying\n|c|\u2606LANGE MAN MET KAAS|i got spammed yesterday\n|c|\u2606Gamer Boi YT|rough\n|c|\u2606LANGE MAN MET KAAS|but ima go battle someone else now have a nice day buddy\n|c|\u2606Gamer Boi YT|u2\n|l|\u2606LANGE MAN MET KAAS\n","uploadtime":1700738876,"views":15,"p1id":"langemanmetkaas","p2id":"gamerboiyt","formatid":"gen9ubers","rating":1020,"private":0,"password":""}