{"id":"gen9ubers-1988442850","p1":"Lxnatic","p2":"Supwill0048","format":"[Gen 9] Ubers","log":"|j|\u2606Lxnatic\n|j|\u2606Supwill0048\n|t:|1699723441\n|gametype|singles\n|player|p1|Lxnatic|unknown|\n|player|p2|Supwill0048|hiker-gen4|\n|teamsize|p1|6\n|teamsize|p2|6\n|gen|9\n|tier|[Gen 9] Ubers\n|rule|Sleep Clause Mod: Limit one foe put to sleep\n|rule|Species Clause: Limit one of each Pok\u00e9mon\n|rule|OHKO Clause: OHKO moves are banned\n|rule|Evasion Items Clause: Evasion items are banned\n|rule|Evasion Moves Clause: Evasion moves are banned\n|rule|Endless Battle Clause: Forcing endless battles is banned\n|rule|HP Percentage Mod: HP is shown in percentages\n|clearpoke\n|poke|p1|Regieleki|\n|poke|p1|Clodsire, F|\n|poke|p1|Landorus-Therian, M|\n|poke|p1|Gardevoir, M|\n|poke|p1|Palafin, F|\n|poke|p1|Sableye, M|\n|poke|p2|Torkoal, M|\n|poke|p2|Klefki, M|\n|poke|p2|Great Tusk|\n|poke|p2|Flutter Mane|\n|poke|p2|Slither Wing|\n|poke|p2|Brute Bonnet|\n|teampreview\n|inactive|Battle timer is ON: inactive players will automatically lose when time's up. (requested by Lxnatic)\n|\n|t:|1699723449\n|start\n|switch|p1a: Palafin|Palafin, F, shiny|100\/100\n|switch|p2a: Klefki|Klefki, M|100\/100\n|turn|1\n|\n|t:|1699723462\n|move|p2a: Klefki|Reflect|p2a: Klefki\n|-sidestart|p2: Supwill0048|Reflect\n|move|p1a: Palafin|Flip Turn|p2a: Klefki\n|-damage|p2a: Klefki|88\/100\n|\n|t:|1699723468\n|detailschange|p1a: Palafin|Palafin-Hero, F, shiny\n|switch|p1a: Sableye|Sableye, M, shiny|100\/100|[from] Flip Turn\n|\n|upkeep\n|turn|2\n|\n|t:|1699723475\n|move|p2a: Klefki|Spikes|p1a: Sableye\n|-sidestart|p1: Lxnatic|Spikes\n|move|p1a: Sableye|Encore|p2a: Klefki\n|-start|p2a: Klefki|Encore\n|\n|upkeep\n|turn|3\n|\n|t:|1699723482\n|switch|p1a: Landorus|Landorus-Therian, M, shiny|100\/100\n|-ability|p1a: Landorus|Intimidate|boost\n|-unboost|p2a: Klefki|atk|1\n|move|p2a: Klefki|Spikes|p1a: Landorus\n|-sidestart|p1: Lxnatic|Spikes\n|\n|upkeep\n|turn|4\n|\n|t:|1699723489\n|move|p2a: Klefki|Spikes|p1a: Landorus\n|-sidestart|p1: Lxnatic|Spikes\n|move|p1a: Landorus|Earthquake|p2a: Klefki\n|-supereffective|p2a: Klefki\n|-damage|p2a: Klefki|27\/100\n|-damage|p1a: Landorus|91\/100|[from] item: Life Orb\n|\n|upkeep\n|turn|5\n|\n|t:|1699723503\n|switch|p2a: Great Tusk|Great Tusk|100\/100\n|move|p1a: Landorus|Earthquake|p2a: Great Tusk\n|-damage|p2a: Great Tusk|77\/100\n|-damage|p1a: Landorus|81\/100|[from] item: Life Orb\n|\n|-heal|p2a: Great Tusk|84\/100|[from] item: Leftovers\n|upkeep\n|turn|6\n|\n|t:|1699723519\n|switch|p1a: Palafin|Palafin-Hero, F, shiny|100\/100\n|-damage|p1a: Palafin|76\/100|[from] Spikes\n|-activate|p1a: Palafin|ability: Zero to Hero\n|move|p2a: Great Tusk|Ice Spinner|p1a: Palafin\n|-resisted|p1a: Palafin\n|-damage|p1a: Palafin|61\/100\n|\n|-heal|p2a: Great Tusk|90\/100|[from] item: Leftovers\n|upkeep\n|turn|7\n|\n|t:|1699723543\n|move|p1a: Palafin|Jet Punch|p2a: Great Tusk\n|-supereffective|p2a: Great Tusk\n|-damage|p2a: Great Tusk|54\/100\n|move|p2a: Great Tusk|Earthquake|p1a: Palafin\n|-crit|p1a: Palafin\n|-damage|p1a: Palafin|0 fnt\n|faint|p1a: Palafin\n|\n|-heal|p2a: Great Tusk|60\/100|[from] item: Leftovers\n|upkeep\n|\n|t:|1699723553\n|switch|p1a: Landorus|Landorus-Therian, M, shiny|81\/100\n|-ability|p1a: Landorus|Intimidate|boost\n|-unboost|p2a: Great Tusk|atk|1\n|turn|8\n|\n|t:|1699723563\n|switch|p1a: Gardevoir|Gardevoir, M, shiny|100\/100\n|-damage|p1a: Gardevoir|76\/100|[from] Spikes\n|-end|p2a: Great Tusk|Protosynthesis|[silent]\n|switch|p2a: Klefki|Klefki, M|27\/100\n|-ability|p1a: Gardevoir|Prankster|[from] ability: Trace|[of] p2a: Klefki\n|\n|-sideend|p2: Supwill0048|Reflect\n|upkeep\n|turn|9\n|\n|t:|1699723574\n|move|p2a: Klefki|Sunny Day|p2a: Klefki\n|-weather|SunnyDay\n|move|p1a: Gardevoir|Mystical Fire|p2a: Klefki\n|-supereffective|p2a: Klefki\n|-damage|p2a: Klefki|0 fnt\n|faint|p2a: Klefki\n|\n|-weather|SunnyDay|[upkeep]\n|upkeep\n|\n|t:|1699723584\n|switch|p2a: Slither Wing|Slither Wing|100\/100\n|-activate|p2a: Slither Wing|ability: Protosynthesis\n|-start|p2a: Slither Wing|protosynthesisatk\n|turn|10\n|\n|t:|1699723591\n|move|p2a: Slither Wing|First Impression|p1a: Gardevoir\n|-damage|p1a: Gardevoir|0 fnt\n|faint|p1a: Gardevoir\n|\n|-weather|SunnyDay|[upkeep]\n|upkeep\n|\n|t:|1699723597\n|switch|p1a: Sableye|Sableye, M, shiny|100\/100\n|turn|11\n|\n|t:|1699723603\n|move|p1a: Sableye|Fake Out|p2a: Slither Wing\n|-damage|p2a: Slither Wing|87\/100\n|cant|p2a: Slither Wing|flinch\n|\n|-weather|SunnyDay|[upkeep]\n|upkeep\n|turn|12\n|\n|t:|1699723610\n|move|p1a: Sableye|Encore|p2a: Slither Wing\n|-start|p2a: Slither Wing|Encore\n|move|p2a: Slither Wing|First Impression||[still]\n|-hint|First Impression only works on your first turn out.\n|-fail|p2a: Slither Wing\n|\n|-weather|SunnyDay|[upkeep]\n|upkeep\n|turn|13\n|\n|t:|1699723625\n|-end|p2a: Slither Wing|Protosynthesis|[silent]\n|switch|p2a: Brute Bonnet|Brute Bonnet|100\/100\n|-activate|p2a: Brute Bonnet|ability: Protosynthesis\n|-start|p2a: Brute Bonnet|protosynthesisatk\n|switch|p1a: Clodsire|Clodsire, F, shiny|100\/100\n|-damage|p1a: Clodsire|75\/100|[from] Spikes\n|\n|-weather|none\n|-end|p2a: Brute Bonnet|Protosynthesis\n|-heal|p1a: Clodsire|82\/100|[from] item: Leftovers\n|upkeep\n|turn|14\n|\n|t:|1699723637\n|-end|p2a: Brute Bonnet|Protosynthesis|[silent]\n|switch|p2a: Great Tusk|Great Tusk|60\/100\n|move|p1a: Clodsire|Toxic Spikes|p2a: Great Tusk\n|-sidestart|p2: Supwill0048|move: Toxic Spikes\n|\n|-heal|p2a: Great Tusk|66\/100|[from] item: Leftovers\n|-heal|p1a: Clodsire|88\/100|[from] item: Leftovers\n|upkeep\n|turn|15\n|\n|t:|1699723647\n|move|p2a: Great Tusk|Ice Spinner|p1a: Clodsire\n|-supereffective|p1a: Clodsire\n|-damage|p1a: Clodsire|29\/100\n|move|p1a: Clodsire|Spikes|p2a: Great Tusk\n|-sidestart|p2: Supwill0048|Spikes\n|\n|-heal|p2a: Great Tusk|72\/100|[from] item: Leftovers\n|-heal|p1a: Clodsire|35\/100|[from] item: Leftovers\n|upkeep\n|turn|16\n|\n|t:|1699723657\n|switch|p1a: Sableye|Sableye, M, shiny|100\/100\n|move|p2a: Great Tusk|Rapid Spin|p1a: Sableye\n|-immune|p1a: Sableye\n|\n|-heal|p2a: Great Tusk|79\/100|[from] item: Leftovers\n|upkeep\n|turn|17\n|\n|t:|1699723668\n|move|p1a: Sableye|Fake Out|p2a: Great Tusk\n|-damage|p2a: Great Tusk|72\/100\n|cant|p2a: Great Tusk|flinch\n|\n|-heal|p2a: Great Tusk|78\/100|[from] item: Leftovers\n|upkeep\n|turn|18\n|\n|t:|1699723679\n|move|p2a: Great Tusk|Stealth Rock|p1a: Sableye\n|-sidestart|p1: Lxnatic|move: Stealth Rock\n|move|p1a: Sableye|Knock Off|p2a: Great Tusk\n|-resisted|p2a: Great Tusk\n|-damage|p2a: Great Tusk|65\/100\n|-enditem|p2a: Great Tusk|Leftovers|[from] move: Knock Off|[of] p1a: Sableye\n|\n|upkeep\n|turn|19\n|\n|t:|1699723687\n|move|p1a: Sableye|Encore|p2a: Great Tusk\n|-start|p2a: Great Tusk|Encore\n|move|p2a: Great Tusk|Stealth Rock||[still]\n|-fail|p2a: Great Tusk\n|\n|upkeep\n|turn|20\n|\n|t:|1699723699\n|-end|p2a: Great Tusk|Protosynthesis|[silent]\n|switch|p2a: Torkoal|Torkoal, M|100\/100\n|-status|p2a: Torkoal|psn\n|-damage|p2a: Torkoal|88\/100 psn|[from] Spikes\n|-weather|SunnyDay|[from] ability: Drought|[of] p2a: Torkoal\n|switch|p1a: Landorus|Landorus-Therian, M, shiny|81\/100\n|-damage|p1a: Landorus|69\/100|[from] Stealth Rock\n|-ability|p1a: Landorus|Intimidate|boost\n|-unboost|p2a: Torkoal|atk|1\n|\n|-weather|SunnyDay|[upkeep]\n|-damage|p2a: Torkoal|75\/100 psn|[from] psn\n|upkeep\n|turn|21\n|\n|t:|1699723718\n|move|p1a: Landorus|Earthquake|p2a: Torkoal\n|-supereffective|p2a: Torkoal\n|-damage|p2a: Torkoal|0 fnt\n|faint|p2a: Torkoal\n|-damage|p1a: Landorus|59\/100|[from] item: Life Orb\n|\n|-weather|SunnyDay|[upkeep]\n|upkeep\n|\n|t:|1699723726\n|switch|p2a: Great Tusk|Great Tusk|65\/100\n|-status|p2a: Great Tusk|psn\n|-damage|p2a: Great Tusk|53\/100 psn|[from] Spikes\n|-activate|p2a: Great Tusk|ability: Protosynthesis\n|-start|p2a: Great Tusk|protosynthesisatk\n|turn|22\n|\n|t:|1699723735\n|move|p1a: Landorus|Earthquake|p2a: Great Tusk\n|-damage|p2a: Great Tusk|7\/100 psn\n|-damage|p1a: Landorus|49\/100|[from] item: Life Orb\n|move|p2a: Great Tusk|Ice Spinner|p1a: Landorus\n|-supereffective|p1a: Landorus\n|-damage|p1a: Landorus|0 fnt\n|faint|p1a: Landorus\n|\n|-weather|SunnyDay|[upkeep]\n|-damage|p2a: Great Tusk|0 fnt|[from] psn\n|faint|p2a: Great Tusk\n|-end|p2a: Great Tusk|Protosynthesis|[silent]\n|upkeep\n|\n|t:|1699723752\n|switch|p1a: Sableye|Sableye, M, shiny|100\/100\n|switch|p2a: Slither Wing|Slither Wing|87\/100\n|-status|p2a: Slither Wing|psn\n|-damage|p2a: Slither Wing|74\/100 psn|[from] Spikes\n|-activate|p2a: Slither Wing|ability: Protosynthesis\n|-start|p2a: Slither Wing|protosynthesisatk\n|turn|23\n|\n|t:|1699723762\n|move|p1a: Sableye|Fake Out|p2a: Slither Wing\n|-damage|p2a: Slither Wing|62\/100 psn\n|cant|p2a: Slither Wing|flinch\n|\n|-weather|SunnyDay|[upkeep]\n|-damage|p2a: Slither Wing|49\/100 psn|[from] psn\n|upkeep\n|turn|24\n|\n|t:|1699723770\n|move|p1a: Sableye|Encore||[still]\n|-fail|p1a: Sableye\n|move|p2a: Slither Wing|U-turn|p1a: Sableye\n|-damage|p1a: Sableye|10\/100\n|\n|t:|1699723777\n|-end|p2a: Slither Wing|Protosynthesis|[silent]\n|switch|p2a: Brute Bonnet|Brute Bonnet|100\/100|[from] U-turn\n|-status|p2a: Brute Bonnet|psn\n|-damage|p2a: Brute Bonnet|88\/100 psn|[from] Spikes\n|-activate|p2a: Brute Bonnet|ability: Protosynthesis\n|-start|p2a: Brute Bonnet|protosynthesisatk\n|\n|-weather|SunnyDay|[upkeep]\n|-heal|p2a: Brute Bonnet|94\/100 psn|[from] item: Leftovers\n|-damage|p2a: Brute Bonnet|82\/100 psn|[from] psn\n|upkeep\n|turn|25\n|\n|t:|1699723790\n|switch|p1a: Clodsire|Clodsire, F, shiny|35\/100\n|-damage|p1a: Clodsire|10\/100|[from] Spikes\n|-damage|p1a: Clodsire|4\/100|[from] Stealth Rock\n|move|p2a: Brute Bonnet|Sucker Punch||[still]\n|-fail|p2a: Brute Bonnet\n|\n|-weather|SunnyDay|[upkeep]\n|-heal|p2a: Brute Bonnet|88\/100 psn|[from] item: Leftovers\n|-heal|p1a: Clodsire|10\/100|[from] item: Leftovers\n|-damage|p2a: Brute Bonnet|75\/100 psn|[from] psn\n|upkeep\n|turn|26\n|\n|t:|1699723811\n|move|p2a: Brute Bonnet|Zen Headbutt|p1a: Clodsire\n|-supereffective|p1a: Clodsire\n|-damage|p1a: Clodsire|0 fnt\n|faint|p1a: Clodsire\n|\n|-weather|SunnyDay|[upkeep]\n|-heal|p2a: Brute Bonnet|81\/100 psn|[from] item: Leftovers\n|-damage|p2a: Brute Bonnet|69\/100 psn|[from] psn\n|upkeep\n|\n|t:|1699723818\n|switch|p1a: Sableye|Sableye, M, shiny|10\/100\n|turn|27\n|\n|t:|1699723826\n|-end|p2a: Brute Bonnet|Protosynthesis|[silent]\n|switch|p2a: Flutter Mane|Flutter Mane|100\/100\n|-status|p2a: Flutter Mane|psn\n|-damage|p2a: Flutter Mane|88\/100 psn|[from] Spikes\n|-activate|p2a: Flutter Mane|ability: Protosynthesis\n|-start|p2a: Flutter Mane|protosynthesisspe\n|move|p1a: Sableye|Fake Out|p2a: Flutter Mane\n|-immune|p2a: Flutter Mane\n|\n|-weather|none\n|-end|p2a: Flutter Mane|Protosynthesis\n|-damage|p2a: Flutter Mane|76\/100 psn|[from] psn\n|upkeep\n|turn|28\n|\n|t:|1699723843\n|move|p2a: Flutter Mane|Moonblast|p1a: Sableye\n|-supereffective|p1a: Sableye\n|-damage|p1a: Sableye|0 fnt\n|faint|p1a: Sableye\n|\n|-damage|p2a: Flutter Mane|64\/100 psn|[from] psn\n|upkeep\n|\n|t:|1699723846\n|switch|p1a: Regieleki|Regieleki, shiny|100\/100\n|-damage|p1a: Regieleki|76\/100|[from] Spikes\n|-damage|p1a: Regieleki|63\/100|[from] Stealth Rock\n|turn|29\n|\n|t:|1699723858\n|move|p1a: Regieleki|Thunder|p2a: Flutter Mane|[miss]\n|-miss|p1a: Regieleki|p2a: Flutter Mane\n|move|p2a: Flutter Mane|Moonblast|p1a: Regieleki\n|-damage|p1a: Regieleki|0 fnt\n|faint|p1a: Regieleki\n|\n|win|Supwill0048\n|c|\u2606Lxnatic|gg\n|l|\u2606Lxnatic\n","uploadtime":1699723878,"views":40,"p1id":"lxnatic","p2id":"supwill0048","formatid":"gen9ubers","rating":0,"private":0,"password":""}