{"id":"gen9ubers-1975623720","p1":"Ryuko_pkmn","p2":"Funni gen 3 boi","format":"[Gen 9] Ubers","log":"|j|\u2606Ryuko_pkmn\n|j|\u2606Funni gen 3 boi\n|t:|1698214902\n|gametype|singles\n|player|p1|Ryuko_pkmn|wallace|1201\n|player|p2|Funni gen 3 boi|102|1213\n|teamsize|p1|6\n|teamsize|p2|6\n|gen|9\n|tier|[Gen 9] Ubers\n|rated|\n|rule|Sleep Clause Mod: Limit one foe put to sleep\n|rule|Species Clause: Limit one of each Pok\u00e9mon\n|rule|OHKO Clause: OHKO moves are banned\n|rule|Evasion Items Clause: Evasion items are banned\n|rule|Evasion Moves Clause: Evasion moves are banned\n|rule|Endless Battle Clause: Forcing endless battles is banned\n|rule|HP Percentage Mod: HP is shown in percentages\n|clearpoke\n|poke|p1|Miraidon|\n|poke|p1|Koraidon|\n|poke|p1|Clodsire, M|\n|poke|p1|Iron Bundle|\n|poke|p1|Corviknight, M|\n|poke|p1|Flutter Mane|\n|poke|p2|Chi-Yu|\n|poke|p2|Koraidon|\n|poke|p2|Flutter Mane|\n|poke|p2|Regieleki|\n|poke|p2|Miraidon|\n|poke|p2|Zacian-*|\n|teampreview\n|\n|t:|1698214918\n|start\n|switch|p1a: Iron Bundle|Iron Bundle|100\/100\n|switch|p2a: Koraidon|Koraidon|100\/100\n|-weather|SunnyDay|[from] ability: Orichalcum Pulse|[of] p2a: Koraidon\n|-activate|p2a: Koraidon|Orichalcum Pulse|[source]\n|turn|1\n|\n|t:|1698214930\n|-end|p1a: Iron Bundle|Quark Drive|[silent]\n|switch|p1a: Flutter Mane|Flutter Mane|100\/100\n|-activate|p1a: Flutter Mane|ability: Protosynthesis\n|-start|p1a: Flutter Mane|protosynthesisspe\n|move|p2a: Koraidon|Collision Course|p1a: Flutter Mane\n|-immune|p1a: Flutter Mane\n|\n|-weather|SunnyDay|[upkeep]\n|upkeep\n|turn|2\n|inactive|Battle timer is ON: inactive players will automatically lose when time's up. (requested by Funni gen 3 boi)\n|\n|t:|1698214949\n|switch|p2a: Zacian|Zacian-Crowned|100\/100\n|-ability|p2a: Zacian|Intrepid Sword|boost\n|-boost|p2a: Zacian|atk|1\n|move|p1a: Flutter Mane|Moonblast|p2a: Zacian\n|-resisted|p2a: Zacian\n|-damage|p2a: Zacian|68\/100\n|-damage|p1a: Flutter Mane|91\/100|[from] item: Life Orb\n|\n|-weather|SunnyDay|[upkeep]\n|upkeep\n|turn|3\n|\n|t:|1698214970\n|-end|p1a: Flutter Mane|Protosynthesis|[silent]\n|switch|p1a: Corviknight|Corviknight, M, shiny|100\/100\n|-ability|p1a: Corviknight|Pressure\n|move|p2a: Zacian|Swords Dance|p2a: Zacian\n|-boost|p2a: Zacian|atk|2\n|\n|-weather|SunnyDay|[upkeep]\n|upkeep\n|turn|4\n|\n|t:|1698214984\n|move|p2a: Zacian|Behemoth Blade|p1a: Corviknight\n|-resisted|p1a: Corviknight\n|-damage|p1a: Corviknight|54\/100\n|move|p1a: Corviknight|Iron Head|p2a: Zacian\n|-damage|p2a: Zacian|44\/100\n|\n|-weather|SunnyDay|[upkeep]\n|-heal|p1a: Corviknight|61\/100|[from] item: Leftovers\n|upkeep\n|turn|5\n|\n|t:|1698214996\n|move|p2a: Zacian|Behemoth Blade|p1a: Corviknight\n|-resisted|p1a: Corviknight\n|-damage|p1a: Corviknight|15\/100\n|move|p1a: Corviknight|Iron Head|p2a: Zacian\n|-damage|p2a: Zacian|22\/100\n|\n|-weather|none\n|-heal|p1a: Corviknight|21\/100|[from] item: Leftovers\n|upkeep\n|turn|6\n|\n|t:|1698215012\n|move|p2a: Zacian|Behemoth Blade|p1a: Corviknight\n|-resisted|p1a: Corviknight\n|-damage|p1a: Corviknight|0 fnt\n|faint|p1a: Corviknight\n|\n|upkeep\n|j| Evil T-tar\n|\n|t:|1698215024\n|switch|p1a: Miraidon|Miraidon|100\/100\n|-fieldstart|move: Electric Terrain|[from] ability: Hadron Engine|[of] p1a: Miraidon\n|turn|7\n|\n|t:|1698215032\n|move|p1a: Miraidon|Electro Drift|p2a: Zacian\n|-damage|p2a: Zacian|0 fnt\n|faint|p2a: Zacian\n|\n|upkeep\n|\n|t:|1698215042\n|switch|p2a: Koraidon|Koraidon|100\/100\n|-weather|SunnyDay|[from] ability: Orichalcum Pulse|[of] p2a: Koraidon\n|-activate|p2a: Koraidon|Orichalcum Pulse|[source]\n|turn|8\n|\n|t:|1698215054\n|switch|p1a: Flutter Mane|Flutter Mane|91\/100\n|-activate|p1a: Flutter Mane|ability: Protosynthesis\n|-start|p1a: Flutter Mane|protosynthesisspe\n|move|p2a: Koraidon|U-turn|p1a: Flutter Mane\n|-resisted|p1a: Flutter Mane\n|-damage|p1a: Flutter Mane|69\/100\n|inactive|Funni gen 3 boi has 120 seconds left.\n|\n|t:|1698215069\n|switch|p2a: Flutter Mane|Flutter Mane|100\/100|[from] U-turn\n|-activate|p2a: Flutter Mane|ability: Protosynthesis\n|-start|p2a: Flutter Mane|protosynthesisspe\n|\n|-weather|SunnyDay|[upkeep]\n|upkeep\n|turn|9\n|inactive|Funni gen 3 boi has 120 seconds left.\n|\n|t:|1698215087\n|-terastallize|p2a: Flutter Mane|Normal\n|move|p1a: Flutter Mane|Moonblast|p2a: Flutter Mane\n|-damage|p2a: Flutter Mane|31\/100\n|-damage|p1a: Flutter Mane|59\/100|[from] item: Life Orb\n|move|p2a: Flutter Mane|Shadow Ball|p1a: Flutter Mane\n|-supereffective|p1a: Flutter Mane\n|-damage|p1a: Flutter Mane|0 fnt\n|faint|p1a: Flutter Mane\n|-end|p1a: Flutter Mane|Protosynthesis|[silent]\n|-damage|p2a: Flutter Mane|21\/100|[from] item: Life Orb\n|\n|-weather|SunnyDay|[upkeep]\n|upkeep\n|inactive|Ryuko_pkmn has 120 seconds left.\n|\n|t:|1698215114\n|switch|p1a: Miraidon|Miraidon|100\/100\n|-activate|p1a: Miraidon|ability: Hadron Engine\n|turn|10\n|inactive|Funni gen 3 boi has 120 seconds left.\n|\n|t:|1698215140\n|move|p1a: Miraidon|Electro Drift|p2a: Flutter Mane\n|-damage|p2a: Flutter Mane|0 fnt\n|faint|p2a: Flutter Mane\n|-end|p2a: Flutter Mane|Protosynthesis|[silent]\n|\n|-weather|SunnyDay|[upkeep]\n|upkeep\n|\n|t:|1698215150\n|switch|p2a: Miraidon|Miraidon|100\/100\n|-activate|p2a: Miraidon|ability: Hadron Engine\n|turn|11\n|\n|t:|1698215158\n|switch|p1a: Iron Bundle|Iron Bundle|100\/100\n|-activate|p1a: Iron Bundle|ability: Quark Drive\n|-start|p1a: Iron Bundle|quarkdrivespe\n|move|p2a: Miraidon|Draco Meteor|p1a: Iron Bundle\n|-damage|p1a: Iron Bundle|0 fnt\n|-unboost|p2a: Miraidon|spa|2\n|faint|p1a: Iron Bundle\n|-end|p1a: Iron Bundle|Quark Drive|[silent]\n|\n|-weather|SunnyDay|[upkeep]\n|-fieldend|move: Electric Terrain\n|upkeep\n|\n|t:|1698215165\n|switch|p1a: Miraidon|Miraidon|100\/100\n|-fieldstart|move: Electric Terrain|[from] ability: Hadron Engine|[of] p1a: Miraidon\n|turn|12\n|inactive|Funni gen 3 boi has 120 seconds left.\n|\n|t:|1698215179\n|switch|p2a: Regieleki|Regieleki|100\/100\n|move|p1a: Miraidon|Draco Meteor|p2a: Regieleki\n|-damage|p2a: Regieleki|0 fnt\n|-unboost|p1a: Miraidon|spa|2\n|faint|p2a: Regieleki\n|\n|-weather|none\n|upkeep\n|inactive|Funni gen 3 boi has 120 seconds left.\n|\n|t:|1698215192\n|switch|p2a: Miraidon|Miraidon|100\/100\n|-activate|p2a: Miraidon|ability: Hadron Engine\n|turn|13\n|inactive|Funni gen 3 boi has 120 seconds left.\n|\n|t:|1698215198\n|move|p1a: Miraidon|Draco Meteor|p2a: Miraidon\n|-supereffective|p2a: Miraidon\n|-damage|p2a: Miraidon|44\/100\n|-unboost|p1a: Miraidon|spa|2\n|move|p2a: Miraidon|Draco Meteor|p1a: Miraidon\n|-supereffective|p1a: Miraidon\n|-damage|p1a: Miraidon|0 fnt\n|-unboost|p2a: Miraidon|spa|2\n|faint|p1a: Miraidon\n|\n|upkeep\n|\n|t:|1698215204\n|switch|p1a: Clodsire|Clodsire, M|100\/100\n|turn|14\n|\n|t:|1698215217\n|switch|p2a: Chi-Yu|Chi-Yu|100\/100\n|-ability|p2a: Chi-Yu|Beads of Ruin\n|move|p1a: Clodsire|Earthquake|p2a: Chi-Yu\n|-supereffective|p2a: Chi-Yu\n|-damage|p2a: Chi-Yu|4\/100\n|\n|upkeep\n|turn|15\n|\n|t:|1698215229\n|move|p2a: Chi-Yu|Dark Pulse|p1a: Clodsire\n|-damage|p1a: Clodsire|68\/100\n|cant|p1a: Clodsire|flinch\n|\n|-heal|p1a: Clodsire|74\/100|[from] item: Leftovers\n|upkeep\n|turn|16\n|\n|t:|1698215237\n|move|p2a: Chi-Yu|Dark Pulse|p1a: Clodsire\n|-crit|p1a: Clodsire\n|-damage|p1a: Clodsire|24\/100\n|move|p1a: Clodsire|Recover|p1a: Clodsire\n|-heal|p1a: Clodsire|74\/100\n|\n|-heal|p1a: Clodsire|80\/100|[from] item: Leftovers\n|-fieldend|move: Electric Terrain\n|upkeep\n|turn|17\n|\n|t:|1698215246\n|move|p2a: Chi-Yu|Dark Pulse|p1a: Clodsire\n|-damage|p1a: Clodsire|44\/100\n|move|p1a: Clodsire|Recover|p1a: Clodsire\n|-heal|p1a: Clodsire|94\/100\n|\n|-heal|p1a: Clodsire|99\/100|[from] item: Leftovers\n|upkeep\n|turn|18\n|\n|t:|1698215261\n|move|p2a: Chi-Yu|Dark Pulse|p1a: Clodsire\n|-damage|p1a: Clodsire|65\/100\n|move|p1a: Clodsire|Stealth Rock|p2a: Chi-Yu\n|-sidestart|p2: Funni gen 3 boi|move: Stealth Rock\n|\n|-heal|p1a: Clodsire|71\/100|[from] item: Leftovers\n|upkeep\n|turn|19\n|\n|t:|1698215269\n|move|p2a: Chi-Yu|Dark Pulse|p1a: Clodsire\n|-damage|p1a: Clodsire|35\/100\n|move|p1a: Clodsire|Recover|p1a: Clodsire\n|-heal|p1a: Clodsire|85\/100\n|\n|-heal|p1a: Clodsire|92\/100|[from] item: Leftovers\n|upkeep\n|turn|20\n|\n|t:|1698215277\n|move|p2a: Chi-Yu|Dark Pulse|p1a: Clodsire\n|-damage|p1a: Clodsire|57\/100\n|move|p1a: Clodsire|Earthquake|p2a: Chi-Yu\n|-supereffective|p2a: Chi-Yu\n|-damage|p2a: Chi-Yu|0 fnt\n|faint|p2a: Chi-Yu\n|\n|-heal|p1a: Clodsire|63\/100|[from] item: Leftovers\n|upkeep\n|\n|t:|1698215288\n|switch|p2a: Koraidon|Koraidon|100\/100\n|-damage|p2a: Koraidon|94\/100|[from] Stealth Rock\n|-weather|SunnyDay|[from] ability: Orichalcum Pulse|[of] p2a: Koraidon\n|-activate|p2a: Koraidon|Orichalcum Pulse|[source]\n|turn|21\n|\n|t:|1698215297\n|move|p2a: Koraidon|Outrage|p1a: Clodsire\n|-damage|p1a: Clodsire|0 fnt\n|faint|p1a: Clodsire\n|\n|-weather|SunnyDay|[upkeep]\n|upkeep\n|\n|t:|1698215312\n|switch|p1a: Koraidon|Koraidon|100\/100\n|-activate|p1a: Koraidon|ability: Orichalcum Pulse\n|turn|22\n|\n|t:|1698215317\n|move|p2a: Koraidon|Outrage|p1a: Koraidon|[from]lockedmove\n|-supereffective|p1a: Koraidon\n|-damage|p1a: Koraidon|0 fnt\n|faint|p1a: Koraidon\n|\n|win|Funni gen 3 boi\n|raw|Ryuko_pkmn's rating: 1201 &rarr; <strong>1177<\/strong><br \/>(-24 for losing)\n|raw|Funni gen 3 boi's rating: 1213 &rarr; <strong>1237<\/strong><br \/>(+24 for winning)\n|c|\u2606Ryuko_pkmn|gg\n|c|\u2606Funni gen 3 boi|Gg\n|l|\u2606Ryuko_pkmn\n|c|\u2606Funni gen 3 boi|Scarf\n|l| Evil T-tar\n","uploadtime":1698215336,"views":11,"p1id":"ryukopkmn","p2id":"funnigen3boi","formatid":"gen9ubers","rating":1177,"private":0,"password":""}