{"id":"gen9ubers-1997995566","p1":"Ewokpinguin25","p2":"Iiesuu","format":"[Gen 9] Ubers","log":"|j|\u2606Ewokpinguin25\n|j|\u2606Iiesuu\n|t:|1700876741\n|gametype|singles\n|player|p1|Ewokpinguin25|palmer|\n|player|p2|Iiesuu|102|\n|teamsize|p1|1\n|teamsize|p2|6\n|gen|9\n|tier|[Gen 9] Ubers\n|rule|Sleep Clause Mod: Limit one foe put to sleep\n|rule|Species Clause: Limit one of each Pok\u00e9mon\n|rule|OHKO Clause: OHKO moves are banned\n|rule|Evasion Items Clause: Evasion items are banned\n|rule|Evasion Moves Clause: Evasion moves are banned\n|rule|Endless Battle Clause: Forcing endless battles is banned\n|rule|HP Percentage Mod: HP is shown in percentages\n|clearpoke\n|poke|p1|Falinks|\n|poke|p2|Arcanine-Hisui, M|\n|poke|p2|Clefable, M|\n|poke|p2|Ceruledge, M|\n|poke|p2|Baxcalibur, M|\n|poke|p2|Arceus-Steel|\n|poke|p2|Iron Bundle|\n|teampreview\n|inactive|Battle timer is ON: inactive players will automatically lose when time's up. (requested by Iiesuu)\n|\n|t:|1700876768\n|start\n|switch|p1a: NEVER BACK DOWN|Falinks|100\/100\n|switch|p2a: Arcanine|Arcanine-Hisui, M|100\/100\n|-ability|p2a: Arcanine|Intimidate|boost\n|-unboost|p1a: NEVER BACK DOWN|atk|1\n|-ability|p1a: NEVER BACK DOWN|Defiant|boost\n|-boost|p1a: NEVER BACK DOWN|atk|2\n|turn|1\n|\n|t:|1700876772\n|-terastallize|p2a: Arcanine|Fire\n|move|p1a: NEVER BACK DOWN|No Retreat|p1a: NEVER BACK DOWN\n|-boost|p1a: NEVER BACK DOWN|atk|1\n|-boost|p1a: NEVER BACK DOWN|def|1\n|-boost|p1a: NEVER BACK DOWN|spa|1\n|-boost|p1a: NEVER BACK DOWN|spd|1\n|-boost|p1a: NEVER BACK DOWN|spe|1\n|-start|p1a: NEVER BACK DOWN|move: No Retreat\n|move|p2a: Arcanine|Flare Blitz|p1a: NEVER BACK DOWN\n|-crit|p1a: NEVER BACK DOWN\n|-enditem|p1a: NEVER BACK DOWN|Focus Sash\n|-damage|p1a: NEVER BACK DOWN|1\/100\n|-damage|p2a: Arcanine|74\/100|[from] Recoil\n|\n|upkeep\n|turn|2\n|\n|t:|1700876777\n|move|p1a: NEVER BACK DOWN|Reversal|p2a: Arcanine\n|-damage|p2a: Arcanine|0 fnt\n|faint|p2a: Arcanine\n|\n|upkeep\n|\n|t:|1700876779\n|switch|p2a: Clefable|Clefable, M|100\/100\n|turn|3\n|\n|t:|1700876782\n|move|p1a: NEVER BACK DOWN|Reversal|p2a: Clefable\n|-resisted|p2a: Clefable\n|-damage|p2a: Clefable|0 fnt\n|faint|p2a: Clefable\n|\n|upkeep\n|\n|t:|1700876784\n|switch|p2a: Ceruledge|Ceruledge, M|100\/100\n|turn|4\n|\n|t:|1700876786\n|move|p1a: NEVER BACK DOWN|Knock Off|p2a: Ceruledge\n|-supereffective|p2a: Ceruledge\n|-damage|p2a: Ceruledge|0 fnt\n|faint|p2a: Ceruledge\n|\n|upkeep\n|\n|t:|1700876788\n|switch|p2a: Baxcalibur|Baxcalibur, M|100\/100\n|turn|5\n|\n|t:|1700876789\n|move|p1a: NEVER BACK DOWN|Close Combat|p2a: Baxcalibur\n|-supereffective|p2a: Baxcalibur\n|-damage|p2a: Baxcalibur|0 fnt\n|-unboost|p1a: NEVER BACK DOWN|def|1\n|-unboost|p1a: NEVER BACK DOWN|spd|1\n|faint|p2a: Baxcalibur\n|\n|upkeep\n|\n|t:|1700876792\n|switch|p2a: Arceus|Arceus-Steel|100\/100\n|turn|6\n|\n|t:|1700876795\n|move|p1a: NEVER BACK DOWN|Close Combat|p2a: Arceus\n|-supereffective|p2a: Arceus\n|-damage|p2a: Arceus|0 fnt\n|-unboost|p1a: NEVER BACK DOWN|def|1\n|-unboost|p1a: NEVER BACK DOWN|spd|1\n|faint|p2a: Arceus\n|\n|upkeep\n|\n|t:|1700876797\n|switch|p2a: Iron Bundle|Iron Bundle|100\/100\n|turn|7\n|\n|t:|1700876798\n|move|p1a: NEVER BACK DOWN|Close Combat|p2a: Iron Bundle\n|-supereffective|p2a: Iron Bundle\n|-damage|p2a: Iron Bundle|0 fnt\n|-unboost|p1a: NEVER BACK DOWN|def|1\n|-unboost|p1a: NEVER BACK DOWN|spd|1\n|faint|p2a: Iron Bundle\n|-end|p2a: Iron Bundle|Quark Drive|[silent]\n|\n|win|Ewokpinguin25\n|l|\u2606Iiesuu\n","uploadtime":1700876832,"views":3,"p1id":"ewokpinguin25","p2id":"iiesuu","formatid":"gen9ubers","rating":0,"private":0,"password":""}