{"id":"gen9ubers-1995008231","p1":"M1keyyy","p2":"Baron_Frank","format":"[Gen 9] Ubers","log":"|j|\u203dM1keyyy\n|j|\u2606Baron_Frank\n|inactive|Battle timer is ON: inactive players will automatically lose when time's up.\n|t:|1700512876\n|gametype|singles\n|player|p1|M1keyyy|carmine-festival|\n|player|p2|Baron_Frank|lysandre|\n|teamsize|p1|6\n|teamsize|p2|6\n|gen|9\n|tier|[Gen 9] Ubers\n|rated|Tournament battle\n|rule|Sleep Clause Mod: Limit one foe put to sleep\n|rule|Species Clause: Limit one of each Pok\u00e9mon\n|rule|OHKO Clause: OHKO moves are banned\n|rule|Evasion Items Clause: Evasion items are banned\n|rule|Evasion Moves Clause: Evasion moves are banned\n|rule|Endless Battle Clause: Forcing endless battles is banned\n|rule|HP Percentage Mod: HP is shown in percentages\n|clearpoke\n|poke|p1|Miraidon|\n|poke|p1|Dragapult, F|\n|poke|p1|Roaring Moon|\n|poke|p1|Walking Wake|\n|poke|p1|Koraidon|\n|poke|p1|Dragonite, M|\n|poke|p2|Baxcalibur, F|\n|poke|p2|Dialga-Origin|\n|poke|p2|Dragapult, F|\n|poke|p2|Regidrago|\n|poke|p2|Arceus-Dragon|\n|poke|p2|Giratina-Origin|\n|teampreview\n|j|*Lady Monita \u2746\n|\n|t:|1700512900\n|start\n|switch|p1a: Koraidon|Koraidon|100\/100\n|switch|p2a: Arceus|Arceus-Dragon|100\/100\n|-weather|SunnyDay|[from] ability: Orichalcum Pulse|[of] p1a: Koraidon\n|-activate|p1a: Koraidon|Orichalcum Pulse|[source]\n|turn|1\n|\n|t:|1700512909\n|move|p1a: Koraidon|U-turn|p2a: Arceus\n|-damage|p2a: Arceus|79\/100\n|inactive|M1keyyy has 120 seconds left.\n|\n|t:|1700512944\n|switch|p1a: Dragapult|Dragapult, F|100\/100|[from] U-turn\n|move|p2a: Arceus|Stealth Rock|p1a: Dragapult\n|-sidestart|p1: M1keyyy|move: Stealth Rock\n|\n|-weather|SunnyDay|[upkeep]\n|upkeep\n|turn|2\n|\n|t:|1700512951\n|move|p1a: Dragapult|Dragon Darts|p2a: Arceus\n|-supereffective|p2a: Arceus\n|-damage|p2a: Arceus|29\/100\n|-anim|p1a: Dragapult|Dragon Darts|p2a: Arceus\n|-supereffective|p2a: Arceus\n|-damage|p2a: Arceus|0 fnt\n|faint|p2a: Arceus\n|\n|-weather|SunnyDay|[upkeep]\n|upkeep\n|\n|t:|1700512967\n|switch|p2a: Dialga|Dialga-Origin|100\/100\n|-ability|p2a: Dialga|Pressure\n|turn|3\n|inactive|M1keyyy has 120 seconds left.\n|j|^RUMYMOME\n|\n|t:|1700513002\n|switch|p1a: Koraidon|Koraidon|100\/100\n|-damage|p1a: Koraidon|94\/100|[from] Stealth Rock\n|-activate|p1a: Koraidon|ability: Orichalcum Pulse\n|move|p2a: Dialga|Dragon Pulse|p1a: Koraidon\n|-supereffective|p1a: Koraidon\n|-damage|p1a: Koraidon|0 fnt\n|faint|p1a: Koraidon\n|\n|-weather|SunnyDay|[upkeep]\n|upkeep\n|inactive|M1keyyy has 90 seconds left.\n|inactive|M1keyyy has 60 seconds left.\n|\n|t:|1700513079\n|switch|p1a: Roaring Moon|Roaring Moon|100\/100\n|-damage|p1a: Roaring Moon|88\/100|[from] Stealth Rock\n|-activate|p1a: Roaring Moon|ability: Protosynthesis\n|-start|p1a: Roaring Moon|protosynthesisatk\n|turn|4\n|\n|t:|1700513091\n|-terastallize|p1a: Roaring Moon|Steel\n|move|p1a: Roaring Moon|Dragon Dance|p1a: Roaring Moon\n|-boost|p1a: Roaring Moon|atk|1\n|-boost|p1a: Roaring Moon|spe|1\n|move|p2a: Dialga|Iron Defense|p2a: Dialga\n|-boost|p2a: Dialga|def|2\n|\n|-weather|SunnyDay|[upkeep]\n|upkeep\n|turn|5\n|\n|t:|1700513106\n|move|p1a: Roaring Moon|Scale Shot|p2a: Dialga\n|-damage|p2a: Dialga|89\/100\n|-damage|p2a: Dialga|78\/100\n|-damage|p2a: Dialga|68\/100\n|-damage|p2a: Dialga|58\/100\n|-damage|p2a: Dialga|48\/100\n|-hitcount|p2a: Dialga|5\n|-unboost|p1a: Roaring Moon|def|1\n|-boost|p1a: Roaring Moon|spe|1\n|move|p2a: Dialga|Flamethrower|p1a: Roaring Moon\n|-supereffective|p1a: Roaring Moon\n|-damage|p1a: Roaring Moon|0 fnt\n|faint|p1a: Roaring Moon\n|-end|p1a: Roaring Moon|Protosynthesis|[silent]\n|\n|-weather|none\n|upkeep\n|\n|t:|1700513128\n|switch|p1a: Miraidon|Miraidon|100\/100\n|-damage|p1a: Miraidon|88\/100|[from] Stealth Rock\n|-fieldstart|move: Electric Terrain|[from] ability: Hadron Engine|[of] p1a: Miraidon\n|turn|6\n|\n|t:|1700513149\n|move|p1a: Miraidon|Draco Meteor|p2a: Dialga\n|-damage|p2a: Dialga|0 fnt\n|-unboost|p1a: Miraidon|spa|2\n|faint|p2a: Dialga\n|\n|-heal|p1a: Miraidon|94\/100|[from] item: Leftovers\n|upkeep\n|\n|t:|1700513158\n|switch|p2a: Regidrago|Regidrago|100\/100\n|turn|7\n|l|^RUMYMOME\n|j|^RUMYMOME\n|inactive|M1keyyy has 30 seconds left.\n|inactive|M1keyyy has 20 seconds left.\n|inactive|M1keyyy has 15 seconds left.\n|inactive|M1keyyy has 10 seconds left.\n|inactive|M1keyyy has 5 seconds left.\n|-message|M1keyyy lost due to inactivity.\n|\n|win|Baron_Frank\n|n|\u203dM1keyyy|m1keyyy\n|n|\u2606Baron_Frank|baronfrank\n|n|*Lady Monita \u2746|ladymonita\n|n| RUMYMOME|rumymome\n","uploadtime":1700513212,"views":1,"p1id":"m1keyyy","p2id":"baronfrank","formatid":"gen9ubers","rating":0,"private":0,"password":""}