{"id":"gen9ubers-1998634987","p1":"Npathy13","p2":"viadagem games","format":"[Gen 9] Ubers","log":"|j|\u2606Npathy13\n|j|\u2606viadagem games\n|t:|1700965706\n|gametype|singles\n|player|p1|Npathy13|lady|1362\n|player|p2|viadagem games|lady|1572\n|teamsize|p1|6\n|teamsize|p2|6\n|gen|9\n|tier|[Gen 9] Ubers\n|rated|\n|rule|Sleep Clause Mod: Limit one foe put to sleep\n|rule|Species Clause: Limit one of each Pok\u00e9mon\n|rule|OHKO Clause: OHKO moves are banned\n|rule|Evasion Items Clause: Evasion items are banned\n|rule|Evasion Moves Clause: Evasion moves are banned\n|rule|Endless Battle Clause: Forcing endless battles is banned\n|rule|HP Percentage Mod: HP is shown in percentages\n|clearpoke\n|poke|p1|Grimmsnarl, M|\n|poke|p1|Arceus-Ground|\n|poke|p1|Miraidon|\n|poke|p1|Sneasler, F|\n|poke|p1|Calyrex-Ice|\n|poke|p1|Zacian-*|\n|poke|p2|Grimmsnarl, M|\n|poke|p2|Zacian-*|\n|poke|p2|Koraidon|\n|poke|p2|Miraidon|\n|poke|p2|Arceus|\n|poke|p2|Calyrex-Ice|\n|teampreview\n|inactive|Battle timer is ON: inactive players will automatically lose when time's up. (requested by viadagem games)\n|\n|t:|1700965715\n|start\n|switch|p1a: Miraidon|Miraidon|100\/100\n|switch|p2a: Grimmsnarl|Grimmsnarl, M|100\/100\n|-fieldstart|move: Electric Terrain|[from] ability: Hadron Engine|[of] p1a: Miraidon\n|-enditem|p1a: Miraidon|Electric Seed\n|-boost|p1a: Miraidon|def|1|[from] item: Electric Seed\n|turn|1\n|\n|t:|1700965723\n|switch|p1a: Sneasler|Sneasler, F, shiny|100\/100\n|-enditem|p1a: Sneasler|Electric Seed\n|-boost|p1a: Sneasler|def|1|[from] item: Electric Seed\n|move|p2a: Grimmsnarl|Light Screen|p2a: Grimmsnarl\n|-sidestart|p2: viadagem games|move: Light Screen\n|\n|upkeep\n|turn|2\n|\n|t:|1700965732\n|move|p2a: Grimmsnarl|Taunt|p1a: Sneasler\n|-start|p1a: Sneasler|move: Taunt\n|cant|p1a: Sneasler|move: Taunt|Swords Dance\n|\n|upkeep\n|turn|3\n|\n|t:|1700965736\n|move|p2a: Grimmsnarl|Reflect|p2a: Grimmsnarl\n|-sidestart|p2: viadagem games|Reflect\n|move|p1a: Sneasler|Gunk Shot|p2a: Grimmsnarl\n|-supereffective|p2a: Grimmsnarl\n|-damage|p2a: Grimmsnarl|22\/100\n|\n|upkeep\n|turn|4\n|\n|t:|1700965742\n|move|p1a: Sneasler|Gunk Shot|p2a: Grimmsnarl\n|-supereffective|p2a: Grimmsnarl\n|-damage|p2a: Grimmsnarl|0 fnt\n|faint|p2a: Grimmsnarl\n|\n|-end|p1a: Sneasler|move: Taunt\n|upkeep\n|\n|t:|1700965745\n|switch|p2a: Zacian|Zacian-Crowned|100\/100\n|-ability|p2a: Zacian|Intrepid Sword|boost\n|-boost|p2a: Zacian|atk|1\n|turn|5\n|\n|t:|1700965751\n|move|p1a: Sneasler|Close Combat|p2a: Zacian\n|-damage|p2a: Zacian|71\/100\n|-unboost|p1a: Sneasler|def|1\n|-unboost|p1a: Sneasler|spd|1\n|move|p2a: Zacian|Behemoth Blade|p1a: Sneasler\n|-damage|p1a: Sneasler|0 fnt\n|faint|p1a: Sneasler\n|\n|-fieldend|move: Electric Terrain\n|upkeep\n|\n|t:|1700965760\n|switch|p1a: Calyrex|Calyrex-Ice|100\/100\n|-ability|p1a: Calyrex|As One\n|-ability|p1a: Calyrex|Unnerve\n|turn|6\n|\n|t:|1700965768\n|-terastallize|p1a: Calyrex|Fire\n|move|p2a: Zacian|Substitute|p2a: Zacian\n|-start|p2a: Zacian|Substitute\n|-damage|p2a: Zacian|46\/100\n|move|p1a: Calyrex|Trick Room|p1a: Calyrex\n|-fieldstart|move: Trick Room|[of] p1a: Calyrex\n|\n|upkeep\n|turn|7\n|\n|t:|1700965775\n|move|p1a: Calyrex|High Horsepower|p2a: Zacian\n|-supereffective|p2a: Zacian\n|-end|p2a: Zacian|Substitute\n|move|p2a: Zacian|Substitute|p2a: Zacian\n|-start|p2a: Zacian|Substitute\n|-damage|p2a: Zacian|21\/100\n|\n|upkeep\n|turn|8\n|\n|t:|1700965782\n|move|p1a: Calyrex|High Horsepower|p2a: Zacian\n|-supereffective|p2a: Zacian\n|-end|p2a: Zacian|Substitute\n|move|p2a: Zacian|Behemoth Blade|p1a: Calyrex\n|-resisted|p1a: Calyrex\n|-damage|p1a: Calyrex|76\/100\n|\n|-sideend|p2: viadagem games|move: Light Screen\n|upkeep\n|turn|9\n|\n|t:|1700965811\n|move|p1a: Calyrex|High Horsepower|p2a: Zacian\n|-supereffective|p2a: Zacian\n|-damage|p2a: Zacian|0 fnt\n|faint|p2a: Zacian\n|-ability|p1a: Calyrex|Chilling Neigh|boost\n|-boost|p1a: Calyrex|atk|1\n|\n|upkeep\n|\n|t:|1700965813\n|switch|p2a: Calyrex|Calyrex-Ice|100\/100\n|-ability|p2a: Calyrex|As One\n|-ability|p2a: Calyrex|Unnerve\n|turn|10\n|inactive|Npathy13 has 120 seconds left.\n|c|\u2606Npathy13|!weak Calyrex-Ice\n|c| Npathy13|\/raw <div class=\"infobox\">Calyrex-Ice (ignoring abilities):<br \/><span class=\"message-effect-weak\">Weaknesses<\/span>: Bug, Dark, Fire, Ghost, Rock, Steel<br \/><span class=\"message-effect-resist\">Resistances<\/span>: Ice, Psychic<br \/><span class=\"message-effect-immune\">Immunities<\/span>: Frozen, Hail damage<\/div>\n|\n|t:|1700965848\n|move|p1a: Calyrex|High Horsepower|p2a: Calyrex\n|-damage|p2a: Calyrex|82\/100\n|move|p2a: Calyrex|High Horsepower|p1a: Calyrex\n|-supereffective|p1a: Calyrex\n|-damage|p1a: Calyrex|25\/100\n|\n|-sideend|p2: viadagem games|Reflect\n|-fieldend|move: Trick Room\n|upkeep\n|turn|11\n|\n|t:|1700965861\n|move|p1a: Calyrex|Glacial Lance|p2a: Calyrex\n|-resisted|p2a: Calyrex\n|-damage|p2a: Calyrex|45\/100\n|move|p2a: Calyrex|Trick Room|p2a: Calyrex\n|-fieldstart|move: Trick Room|[of] p2a: Calyrex\n|\n|upkeep\n|turn|12\n|\n|t:|1700965869\n|move|p1a: Calyrex|Glacial Lance|p2a: Calyrex\n|-resisted|p2a: Calyrex\n|-damage|p2a: Calyrex|7\/100\n|move|p2a: Calyrex|High Horsepower|p1a: Calyrex\n|-supereffective|p1a: Calyrex\n|-damage|p1a: Calyrex|0 fnt\n|faint|p1a: Calyrex\n|-ability|p2a: Calyrex|Chilling Neigh|boost\n|-boost|p2a: Calyrex|atk|1\n|\n|upkeep\n|inactive|Npathy13 has 120 seconds left.\n|\n|t:|1700965880\n|switch|p1a: Grimmsnarl|Grimmsnarl, M, shiny|100\/100\n|turn|13\n|\n|t:|1700965885\n|move|p2a: Calyrex|Swords Dance|p2a: Calyrex\n|-boost|p2a: Calyrex|atk|2\n|move|p1a: Grimmsnarl|Play Rough|p2a: Calyrex\n|-damage|p2a: Calyrex|0 fnt\n|faint|p2a: Calyrex\n|\n|upkeep\n|\n|t:|1700965889\n|switch|p2a: Arceus|Arceus|100\/100\n|turn|14\n|\n|t:|1700965895\n|move|p1a: Grimmsnarl|Reflect|p1a: Grimmsnarl\n|-sidestart|p1: Npathy13|Reflect\n|move|p2a: Arceus|Swords Dance|p2a: Arceus\n|-boost|p2a: Arceus|atk|2\n|\n|upkeep\n|turn|15\n|\n|t:|1700965899\n|move|p1a: Grimmsnarl|Taunt|p2a: Arceus\n|-start|p2a: Arceus|move: Taunt\n|cant|p2a: Arceus|move: Taunt|Swords Dance\n|\n|-fieldend|move: Trick Room\n|upkeep\n|turn|16\n|\n|t:|1700965904\n|move|p2a: Arceus|Extreme Speed|p1a: Grimmsnarl\n|-damage|p1a: Grimmsnarl|55\/100\n|move|p1a: Grimmsnarl|Light Screen|p1a: Grimmsnarl\n|-sidestart|p1: Npathy13|move: Light Screen\n|\n|upkeep\n|turn|17\n|\n|t:|1700965911\n|move|p2a: Arceus|Extreme Speed|p1a: Grimmsnarl\n|-damage|p1a: Grimmsnarl|4\/100\n|move|p1a: Grimmsnarl|Play Rough|p2a: Arceus\n|-damage|p2a: Arceus|76\/100\n|\n|-end|p2a: Arceus|move: Taunt\n|upkeep\n|turn|18\n|\n|t:|1700965919\n|move|p2a: Arceus|Extreme Speed|p1a: Grimmsnarl\n|-damage|p1a: Grimmsnarl|0 fnt\n|faint|p1a: Grimmsnarl\n|\n|upkeep\n|\n|t:|1700965930\n|switch|p1a: Zacian|Zacian-Crowned|100\/100\n|-ability|p1a: Zacian|Intrepid Sword|boost\n|-boost|p1a: Zacian|atk|1\n|turn|19\n|\n|t:|1700965937\n|move|p1a: Zacian|Swords Dance|p1a: Zacian\n|-boost|p1a: Zacian|atk|2\n|move|p2a: Arceus|Taunt|p1a: Zacian\n|-start|p1a: Zacian|move: Taunt\n|\n|upkeep\n|turn|20\n|\n|t:|1700965943\n|move|p2a: Arceus|Extreme Speed|p1a: Zacian\n|-resisted|p1a: Zacian\n|-damage|p1a: Zacian|78\/100\n|move|p1a: Zacian|Behemoth Blade|p2a: Arceus\n|-damage|p2a: Arceus|0 fnt\n|faint|p2a: Arceus\n|\n|upkeep\n|\n|t:|1700965948\n|switch|p2a: Koraidon|Koraidon|100\/100\n|-weather|SunnyDay|[from] ability: Orichalcum Pulse|[of] p2a: Koraidon\n|-activate|p2a: Koraidon|Orichalcum Pulse|[source]\n|turn|21\n|\n|t:|1700965953\n|-terastallize|p2a: Koraidon|Fire\n|move|p1a: Zacian|Play Rough|p2a: Koraidon\n|-resisted|p2a: Koraidon\n|-damage|p2a: Koraidon|44\/100\n|move|p2a: Koraidon|Flare Blitz|p1a: Zacian\n|-supereffective|p1a: Zacian\n|-damage|p1a: Zacian|0 fnt\n|faint|p1a: Zacian\n|-damage|p2a: Koraidon|19\/100|[from] Recoil\n|\n|-weather|SunnyDay|[upkeep]\n|-sideend|p1: Npathy13|Reflect\n|upkeep\n|\n|t:|1700965964\n|switch|p1a: Arceus|Arceus-Ground|100\/100\n|turn|22\n|\n|t:|1700965969\n|move|p2a: Koraidon|Flare Blitz|p1a: Arceus\n|-damage|p1a: Arceus|17\/100\n|-status|p1a: Arceus|brn\n|-damage|p2a: Koraidon|0 fnt|[from] Recoil\n|faint|p2a: Koraidon\n|move|p1a: Arceus|Earthquake|p2: Koraidon|[notarget]\n|-fail|p1a: Arceus\n|\n|-weather|SunnyDay|[upkeep]\n|-damage|p1a: Arceus|11\/100 brn|[from] brn\n|upkeep\n|\n|t:|1700965971\n|switch|p2a: Miraidon|Miraidon|100\/100\n|-fieldstart|move: Electric Terrain|[from] ability: Hadron Engine|[of] p2a: Miraidon\n|turn|23\n|\n|t:|1700965980\n|move|p2a: Miraidon|Agility|p2a: Miraidon\n|-boost|p2a: Miraidon|spe|2\n|move|p1a: Arceus|Earthquake|p2a: Miraidon\n|-supereffective|p2a: Miraidon\n|-crit|p2a: Miraidon\n|-damage|p2a: Miraidon|15\/100\n|-enditem|p2a: Miraidon|Weakness Policy\n|-boost|p2a: Miraidon|atk|2|[from] item: Weakness Policy\n|-boost|p2a: Miraidon|spa|2|[from] item: Weakness Policy\n|\n|-weather|SunnyDay|[upkeep]\n|-damage|p1a: Arceus|5\/100 brn|[from] brn\n|-sideend|p1: Npathy13|move: Light Screen\n|upkeep\n|turn|24\n|\n|t:|1700965991\n|move|p2a: Miraidon|Dragon Pulse|p1a: Arceus\n|-crit|p1a: Arceus\n|-damage|p1a: Arceus|0 fnt\n|faint|p1a: Arceus\n|\n|-weather|SunnyDay|[upkeep]\n|upkeep\n|\n|t:|1700965996\n|switch|p1a: Miraidon|Miraidon|100\/100\n|-activate|p1a: Miraidon|ability: Hadron Engine\n|turn|25\n|\n|t:|1700966001\n|move|p2a: Miraidon|Dragon Pulse|p1a: Miraidon\n|-supereffective|p1a: Miraidon\n|-damage|p1a: Miraidon|0 fnt\n|faint|p1a: Miraidon\n|\n|win|viadagem games\n|raw|Npathy13's rating: 1362 &rarr; <strong>1353<\/strong><br \/>(-9 for losing)\n|raw|viadagem games's rating: 1572 &rarr; <strong>1581<\/strong><br \/>(+9 for winning)\n|c|\u2606Npathy13|gg\n|l|\u2606viadagem games\n","uploadtime":1700966010,"views":2,"p1id":"npathy13","p2id":"viadagemgames","formatid":"gen9ubers","rating":1353,"private":0,"password":""}