{"id":"gen9ubers-1992426056","p1":"Ch3sc0","p2":"cshek_","format":"[Gen 9] Ubers","log":"|j|\u2606Ch3sc0\n|j|\u2606cshek_\n|t:|1700186142\n|gametype|singles\n|player|p1|Ch3sc0|pokemaniac|\n|player|p2|cshek_|caitlin|\n|teamsize|p1|6\n|teamsize|p2|6\n|gen|9\n|tier|[Gen 9] Ubers\n|rule|Sleep Clause Mod: Limit one foe put to sleep\n|rule|Species Clause: Limit one of each Pok\u00e9mon\n|rule|OHKO Clause: OHKO moves are banned\n|rule|Evasion Items Clause: Evasion items are banned\n|rule|Evasion Moves Clause: Evasion moves are banned\n|rule|Endless Battle Clause: Forcing endless battles is banned\n|rule|HP Percentage Mod: HP is shown in percentages\n|clearpoke\n|poke|p1|Rotom-Frost|\n|poke|p1|Scream Tail|\n|poke|p1|Quaquaval, M|\n|poke|p1|Moltres|\n|poke|p1|Muk, F|\n|poke|p1|Persian, M|\n|poke|p2|Turtwig, F|\n|poke|p2|Greninja-*, F|\n|poke|p2|Infernape, F|\n|poke|p2|Talonflame, M|\n|poke|p2|Diancie|\n|poke|p2|Glastrier|\n|teampreview\n|c|\u2606Ch3sc0|wait\n|c|\u2606cshek_|*waiting*\n|c|\u2606Ch3sc0|I didnt think you were being serious ;-;\n|c|\u2606cshek_|*shoots myself*\n|c|\u2606cshek_|im in vc\n|c|\u2606Ch3sc0|watching football\n|j| Twoguysmakingout\n|c|\u2606Ch3sc0|hi sg\n|\n|t:|1700186248\n|start\n|switch|p1a: Rotom|Rotom-Frost|100\/100\n|switch|p2a: elsa but a horse|Glastrier|100\/100\n|turn|1\n|c|\u2606cshek_|that's sg? ToT\n|c|\u2606Ch3sc0|im pretty sure\n|\n|t:|1700186284\n|-terastallize|p1a: Rotom|Electric\n|move|p1a: Rotom|Will-O-Wisp|p2a: elsa but a horse\n|-status|p2a: elsa but a horse|brn\n|move|p2a: elsa but a horse|Iron Defense|p2a: elsa but a horse\n|-boost|p2a: elsa but a horse|def|2\n|\n|-damage|p2a: elsa but a horse|94\/100 brn|[from] brn\n|upkeep\n|turn|2\n|\n|t:|1700186294\n|move|p1a: Rotom|Nasty Plot|p1a: Rotom\n|-boost|p1a: Rotom|spa|2\n|move|p2a: elsa but a horse|Iron Defense|p2a: elsa but a horse\n|-boost|p2a: elsa but a horse|def|2\n|\n|-heal|p2a: elsa but a horse|100\/100 brn|[from] item: Leftovers\n|-damage|p2a: elsa but a horse|94\/100 brn|[from] brn\n|upkeep\n|turn|3\n|\n|t:|1700186307\n|move|p1a: Rotom|Thunderbolt|p2a: elsa but a horse\n|-damage|p2a: elsa but a horse|5\/100 brn\n|move|p2a: elsa but a horse|Body Press|p1a: Rotom\n|-damage|p1a: Rotom|56\/100\n|\n|-heal|p2a: elsa but a horse|11\/100 brn|[from] item: Leftovers\n|-damage|p2a: elsa but a horse|5\/100 brn|[from] brn\n|upkeep\n|turn|4\n|\n|t:|1700186325\n|move|p1a: Rotom|Thunderbolt|p2a: elsa but a horse\n|-damage|p2a: elsa but a horse|0 fnt\n|faint|p2a: elsa but a horse\n|\n|upkeep\n|\n|t:|1700186355\n|switch|p2a: rocks and shit|Diancie|100\/100\n|turn|5\n|l| Twoguysmakingout\n|\n|t:|1700186377\n|move|p1a: Rotom|Thunderbolt|p2a: rocks and shit\n|-crit|p2a: rocks and shit\n|-damage|p2a: rocks and shit|0 fnt\n|faint|p2a: rocks and shit\n|\n|upkeep\n|\n|t:|1700186387\n|switch|p2a: Lil Turt III|Turtwig, F|100\/100\n|turn|6\n|\n|t:|1700186400\n|move|p1a: Rotom|Blizzard|p2a: Lil Turt III|[miss]\n|-miss|p1a: Rotom|p2a: Lil Turt III\n|move|p2a: Lil Turt III|Shell Smash|p2a: Lil Turt III\n|-unboost|p2a: Lil Turt III|def|1\n|-unboost|p2a: Lil Turt III|spd|1\n|-boost|p2a: Lil Turt III|atk|2\n|-boost|p2a: Lil Turt III|spa|2\n|-boost|p2a: Lil Turt III|spe|2\n|\n|upkeep\n|turn|7\n|\n|t:|1700186412\n|move|p2a: Lil Turt III|Iron Head|p1a: Rotom\n|-resisted|p1a: Rotom\n|-damage|p1a: Rotom|31\/100\n|move|p1a: Rotom|Blizzard|p2a: Lil Turt III\n|-supereffective|p2a: Lil Turt III\n|-damage|p2a: Lil Turt III|0 fnt\n|faint|p2a: Lil Turt III\n|\n|upkeep\n|c|\u2606cshek_|this is kinda jover\n|\n|t:|1700186428\n|switch|p2a: monkey go stupid|Infernape, F|100\/100\n|turn|8\n|\n|t:|1700186436\n|switch|p1a: Moltres|Moltres|100\/100\n|move|p2a: monkey go stupid|Mach Punch|p1a: Moltres\n|-resisted|p1a: Moltres\n|-damage|p1a: Moltres|93\/100\n|\n|upkeep\n|turn|9\n|\n|t:|1700186444\n|switch|p2a: Talonflame|Talonflame, M|100\/100\n|move|p1a: Moltres|U-turn|p2a: Talonflame\n|-resisted|p2a: Talonflame\n|-damage|p2a: Talonflame|95\/100\n|\n|t:|1700186480\n|switch|p1a: Muk|Muk, F|100\/100|[from] U-turn\n|\n|upkeep\n|turn|10\n|\n|t:|1700186488\n|move|p2a: Talonflame|Flare Blitz|p1a: Muk\n|-damage|p1a: Muk|55\/100\n|-damage|p2a: Talonflame|74\/100|[from] Recoil\n|move|p1a: Muk|Curse|p1a: Muk\n|-unboost|p1a: Muk|spe|1\n|-boost|p1a: Muk|atk|1\n|-boost|p1a: Muk|def|1\n|\n|-heal|p1a: Muk|61\/100|[from] item: Leftovers\n|upkeep\n|turn|11\n|\n|t:|1700186498\n|move|p2a: Talonflame|Flare Blitz|p1a: Muk\n|-damage|p1a: Muk|28\/100\n|-damage|p2a: Talonflame|59\/100|[from] Recoil\n|move|p1a: Muk|Poison Jab|p2a: Talonflame\n|-damage|p2a: Talonflame|0 fnt\n|faint|p2a: Talonflame\n|\n|-heal|p1a: Muk|34\/100|[from] item: Leftovers\n|upkeep\n|\n|t:|1700186510\n|switch|p2a: monkey go stupid|Infernape, F|100\/100\n|turn|12\n|\n|t:|1700186527\n|move|p2a: monkey go stupid|Mach Punch|p1a: Muk\n|-resisted|p1a: Muk\n|-crit|p1a: Muk\n|-damage|p1a: Muk|17\/100\n|move|p1a: Muk|Drain Punch|p2a: monkey go stupid\n|-damage|p2a: monkey go stupid|62\/100\n|-heal|p1a: Muk|31\/100|[from] drain|[of] p2a: monkey go stupid\n|\n|-heal|p1a: Muk|37\/100|[from] item: Leftovers\n|upkeep\n|turn|13\n|\n|t:|1700186542\n|move|p2a: monkey go stupid|Fire Punch|p1a: Muk\n|-damage|p1a: Muk|8\/100\n|move|p1a: Muk|Poison Jab|p2a: monkey go stupid\n|-damage|p2a: monkey go stupid|0 fnt\n|faint|p2a: monkey go stupid\n|\n|-heal|p1a: Muk|15\/100|[from] item: Leftovers\n|upkeep\n|\n|t:|1700186549\n|switch|p2a: fwog go rah|Greninja, F|100\/100\n|turn|14\n|\n|t:|1700186556\n|move|p1a: Muk|Shadow Sneak|p2a: fwog go rah\n|-resisted|p2a: fwog go rah\n|-crit|p2a: fwog go rah\n|-damage|p2a: fwog go rah|80\/100\n|move|p2a: fwog go rah|Dark Pulse|p1a: Muk\n|-start|p2a: fwog go rah|typechange|Dark|[from] ability: Protean\n|-damage|p1a: Muk|0 fnt\n|faint|p1a: Muk\n|\n|upkeep\n|\n|t:|1700186562\n|switch|p1a: hai :3 hai :3|Scream Tail|100\/100\n|turn|15\n|\n|t:|1700186565\n|move|p2a: fwog go rah|Dark Pulse|p1a: hai :3 hai :3\n|-damage|p1a: hai :3 hai :3|74\/100\n|move|p1a: hai :3 hai :3|Dazzling Gleam|p2a: fwog go rah\n|-supereffective|p2a: fwog go rah\n|-damage|p2a: fwog go rah|23\/100\n|\n|-heal|p1a: hai :3 hai :3|80\/100|[from] item: Leftovers\n|upkeep\n|turn|16\n|\n|t:|1700186572\n|move|p2a: fwog go rah|Dark Pulse|p1a: hai :3 hai :3\n|-damage|p1a: hai :3 hai :3|57\/100\n|move|p1a: hai :3 hai :3|Dazzling Gleam|p2a: fwog go rah\n|-supereffective|p2a: fwog go rah\n|-damage|p2a: fwog go rah|0 fnt\n|faint|p2a: fwog go rah\n|\n|win|Ch3sc0\n|c|\u2606Ch3sc0|gg\n|c|\u2606cshek_|gg\n|l|\u2606cshek_\n|c|\u2606Ch3sc0|I feel so bad about not bringing piplup ;-;\n","uploadtime":1700186590,"views":26,"p1id":"ch3sc0","p2id":"cshek","formatid":"gen9ubers","rating":0,"private":0,"password":""}