{"id":"gen9ubers-1995467109","p1":"Asta28240","p2":"Aaron MA","format":"[Gen 9] Ubers","log":"|j|\u2606Asta28240\n|j|\u2606Aaron MA\n|t:|1700574068\n|gametype|singles\n|player|p1|Asta28240|170|\n|player|p2|Aaron MA|1|\n|teamsize|p1|6\n|teamsize|p2|6\n|gen|9\n|tier|[Gen 9] Ubers\n|rule|Sleep Clause Mod: Limit one foe put to sleep\n|rule|Species Clause: Limit one of each Pok\u00e9mon\n|rule|OHKO Clause: OHKO moves are banned\n|rule|Evasion Items Clause: Evasion items are banned\n|rule|Evasion Moves Clause: Evasion moves are banned\n|rule|Endless Battle Clause: Forcing endless battles is banned\n|rule|HP Percentage Mod: HP is shown in percentages\n|clearpoke\n|poke|p1|Ninetales-Alola, F|\n|poke|p1|Baxcalibur, F|\n|poke|p1|Kingambit, M|\n|poke|p1|Hatterene, F|\n|poke|p1|Volcarona, M|\n|poke|p1|Gliscor, F|\n|poke|p2|Gliscor, F|\n|poke|p2|Dondozo, M|\n|poke|p2|Slowking-Galar, M|\n|poke|p2|Iron Valiant|\n|poke|p2|Dragapult, F|\n|poke|p2|Cinderace, M|\n|teampreview\n|\n|t:|1700574098\n|start\n|switch|p1a: Blanche-neige|Ninetales-Alola, F|100\/100\n|switch|p2a: Iron Valiant|Iron Valiant|100\/100\n|-weather|Snow|[from] ability: Snow Warning|[of] p1a: Blanche-neige\n|-enditem|p2a: Iron Valiant|Booster Energy\n|-activate|p2a: Iron Valiant|ability: Quark Drive|[fromitem]\n|-start|p2a: Iron Valiant|quarkdrivespe\n|turn|1\n|\n|t:|1700574110\n|move|p2a: Iron Valiant|Knock Off|p1a: Blanche-neige\n|-resisted|p1a: Blanche-neige\n|-damage|p1a: Blanche-neige|87\/100\n|-enditem|p1a: Blanche-neige|Light Clay|[from] move: Knock Off|[of] p2a: Iron Valiant\n|move|p1a: Blanche-neige|Aurora Veil|p1a: Blanche-neige\n|-sidestart|p1: Asta28240|move: Aurora Veil\n|\n|-weather|Snow|[upkeep]\n|upkeep\n|turn|2\n|\n|t:|1700574119\n|-end|p2a: Iron Valiant|Quark Drive|[silent]\n|switch|p2a: Gliscor|Gliscor, F|100\/100\n|move|p1a: Blanche-neige|Encore||[still]\n|-fail|p1a: Blanche-neige\n|\n|-weather|Snow|[upkeep]\n|-status|p2a: Gliscor|tox|[from] item: Toxic Orb\n|upkeep\n|turn|3\n|\n|t:|1700574154\n|switch|p2a: Slowking|Slowking-Galar, M|100\/100\n|move|p1a: Blanche-neige|Freeze-Dry|p2a: Slowking\n|-damage|p2a: Slowking|90\/100\n|\n|-weather|Snow|[upkeep]\n|upkeep\n|turn|4\n|j| AyanYuli\n|\n|t:|1700574179\n|switch|p1a: Miwhak|Gliscor, F|100\/100\n|move|p2a: Slowking|Chilly Reception|p2a: Slowking\n|j| jimcf\n|\n|t:|1700574212\n|switch|p2a: Gliscor|Gliscor, F|100\/100 tox|[from] Chilly Reception\n|\n|-weather|Snow|[upkeep]\n|-status|p1a: Miwhak|tox|[from] item: Toxic Orb\n|upkeep\n|turn|5\n|\n|t:|1700574229\n|switch|p1a: MC gonagal|Hatterene, F|100\/100\n|switch|p2a: Slowking|Slowking-Galar, M|100\/100\n|\n|-weather|none\n|-sideend|p1: Asta28240|move: Aurora Veil\n|upkeep\n|turn|6\n|\n|t:|1700574250\n|switch|p1a: Asta|Kingambit, M|100\/100\n|-item|p1a: Asta|Air Balloon\n|move|p2a: Slowking|Future Sight|p1a: Asta\n|-start|p2a: Slowking|move: Future Sight\n|\n|upkeep\n|turn|7\n|\n|t:|1700574263\n|switch|p2a: Gliscor|Gliscor, F|100\/100 tox\n|move|p1a: Asta|Kowtow Cleave|p2a: Gliscor\n|-damage|p2a: Gliscor|73\/100 tox\n|\n|-heal|p2a: Gliscor|86\/100 tox|[from] ability: Poison Heal\n|upkeep\n|turn|8\n|\n|t:|1700574273\n|move|p2a: Gliscor|Spikes|p1a: Asta\n|-sidestart|p1: Asta28240|Spikes\n|move|p1a: Asta|Iron Head|p2a: Gliscor\n|-damage|p2a: Gliscor|57\/100 tox\n|\n|-end|p1a: Asta|move: Future Sight\n|-immune|p1a: Asta\n|-heal|p2a: Gliscor|69\/100 tox|[from] ability: Poison Heal\n|upkeep\n|turn|9\n|\n|t:|1700574290\n|switch|p2a: Cinderace|Cinderace, M|100\/100\n|move|p1a: Asta|Swords Dance|p1a: Asta\n|-boost|p1a: Asta|atk|2\n|\n|upkeep\n|turn|10\n|\n|t:|1700574311\n|move|p1a: Asta|Sucker Punch|p2a: Cinderace\n|-damage|p2a: Cinderace|0 fnt\n|faint|p2a: Cinderace\n|\n|upkeep\n|\n|t:|1700574329\n|switch|p2a: Iron Valiant|Iron Valiant|100\/100\n|turn|11\n|\n|t:|1700574345\n|-terastallize|p1a: Asta|Fire\n|move|p2a: Iron Valiant|Drain Punch|p1a: Asta\n|-damage|p1a: Asta|72\/100\n|-enditem|p1a: Asta|Air Balloon\n|move|p1a: Asta|Iron Head|p2a: Iron Valiant\n|-supereffective|p2a: Iron Valiant\n|-damage|p2a: Iron Valiant|0 fnt\n|faint|p2a: Iron Valiant\n|-end|p2a: Iron Valiant|Quark Drive|[silent]\n|\n|upkeep\n|\n|t:|1700574359\n|switch|p2a: Gliscor|Gliscor, F|69\/100 tox\n|turn|12\n|\n|t:|1700574396\n|-end|p1a: Asta|fallenundefined|[silent]\n|switch|p1a: MC gonagal|Hatterene, F|100\/100\n|-damage|p1a: MC gonagal|88\/100|[from] Spikes\n|move|p2a: Gliscor|Protect||[still]\n|-fail|p2a: Gliscor\n|\n|-heal|p1a: MC gonagal|94\/100|[from] item: Leftovers\n|-heal|p2a: Gliscor|82\/100 tox|[from] ability: Poison Heal\n|upkeep\n|turn|13\n|\n|t:|1700574411\n|switch|p2a: Slowking|Slowking-Galar, M|100\/100\n|move|p1a: MC gonagal|Dazzling Gleam|p2a: Slowking\n|-resisted|p2a: Slowking\n|-damage|p2a: Slowking|90\/100\n|\n|-heal|p1a: MC gonagal|99\/100|[from] item: Leftovers\n|upkeep\n|turn|14\n|\n|t:|1700574420\n|move|p2a: Slowking|Future Sight|p1a: MC gonagal\n|-start|p2a: Slowking|move: Future Sight\n|move|p1a: MC gonagal|Psyshock|p2a: Slowking\n|-damage|p2a: Slowking|52\/100\n|\n|-heal|p1a: MC gonagal|100\/100|[from] item: Leftovers\n|upkeep\n|turn|15\n|\n|t:|1700574455\n|switch|p1a: Asta|Kingambit, M, tera:Fire|72\/100\n|-damage|p1a: Asta|60\/100|[from] Spikes\n|move|p2a: Slowking|Sludge Bomb|p1a: Asta\n|-damage|p1a: Asta|23\/100\n|\n|upkeep\n|turn|16\n|\n|t:|1700574471\n|switch|p2a: Gliscor|Gliscor, F|82\/100 tox\n|move|p1a: Asta|Kowtow Cleave|p2a: Gliscor\n|-damage|p2a: Gliscor|54\/100 tox\n|\n|-end|p1a: Asta|move: Future Sight\n|-damage|p1a: Asta|0 fnt\n|faint|p1a: Asta\n|-end|p1a: Asta|fallenundefined|[silent]\n|-heal|p2a: Gliscor|66\/100 tox|[from] ability: Poison Heal\n|upkeep\n|\n|t:|1700574483\n|switch|p1a: Natsu|Volcarona, M|100\/100\n|turn|17\n|\n|t:|1700574492\n|switch|p2a: Slowking|Slowking-Galar, M|85\/100\n|move|p1a: Natsu|Fiery Dance|p2a: Slowking\n|-damage|p2a: Slowking|62\/100\n|\n|upkeep\n|turn|18\n|\n|t:|1700574503\n|move|p1a: Natsu|Quiver Dance|p1a: Natsu\n|-boost|p1a: Natsu|spa|1\n|-boost|p1a: Natsu|spd|1\n|-boost|p1a: Natsu|spe|1\n|move|p2a: Slowking|Sludge Bomb|p1a: Natsu\n|-damage|p1a: Natsu|79\/100\n|\n|upkeep\n|turn|19\n|\n|t:|1700574513\n|move|p1a: Natsu|Fiery Dance|p2a: Slowking\n|-damage|p2a: Slowking|27\/100\n|-boost|p1a: Natsu|spa|1\n|-enditem|p2a: Slowking|Sitrus Berry|[eat]\n|-heal|p2a: Slowking|52\/100|[from] item: Sitrus Berry\n|move|p2a: Slowking|Sludge Bomb|p1a: Natsu\n|-damage|p1a: Natsu|59\/100\n|\n|upkeep\n|turn|20\n|\n|t:|1700574524\n|move|p1a: Natsu|Fiery Dance|p2a: Slowking\n|-damage|p2a: Slowking|5\/100\n|move|p2a: Slowking|Sludge Bomb|p1a: Natsu\n|-damage|p1a: Natsu|39\/100\n|\n|upkeep\n|turn|21\n|\n|t:|1700574544\n|switch|p2a: Dondozo|Dondozo, M|100\/100\n|move|p1a: Natsu|Giga Drain|p2a: Dondozo\n|-supereffective|p2a: Dondozo\n|-damage|p2a: Dondozo|65\/100\n|-heal|p1a: Natsu|63\/100|[from] drain|[of] p2a: Dondozo\n|\n|upkeep\n|turn|22\n|\n|t:|1700574554\n|switch|p2a: Dragapult|Dragapult, F|100\/100\n|move|p1a: Natsu|Giga Drain|p2a: Dragapult\n|-resisted|p2a: Dragapult\n|-damage|p2a: Dragapult|65\/100\n|-heal|p1a: Natsu|78\/100|[from] drain|[of] p2a: Dragapult\n|\n|upkeep\n|turn|23\n|\n|t:|1700574566\n|-terastallize|p2a: Dragapult|Dragon\n|move|p1a: Natsu|Fiery Dance|p2a: Dragapult\n|-resisted|p2a: Dragapult\n|-damage|p2a: Dragapult|15\/100\n|move|p2a: Dragapult|Draco Meteor|p1a: Natsu\n|-damage|p1a: Natsu|14\/100\n|-unboost|p2a: Dragapult|spa|2\n|\n|upkeep\n|turn|24\n|\n|t:|1700574582\n|move|p1a: Natsu|Giga Drain|p2a: Dragapult\n|-resisted|p2a: Dragapult\n|-damage|p2a: Dragapult|0 fnt\n|-heal|p1a: Natsu|21\/100|[from] drain|[of] p2a: Dragapult\n|faint|p2a: Dragapult\n|\n|upkeep\n|\n|t:|1700574601\n|switch|p2a: Slowking|Slowking-Galar, M|38\/100\n|turn|25\n|\n|t:|1700574608\n|move|p1a: Natsu|Fiery Dance|p2a: Slowking\n|-damage|p2a: Slowking|0 fnt\n|faint|p2a: Slowking\n|\n|upkeep\n|\n|t:|1700574617\n|switch|p2a: Dondozo|Dondozo, M|65\/100\n|turn|26\n|\n|t:|1700574636\n|move|p1a: Natsu|Giga Drain|p2a: Dondozo\n|-supereffective|p2a: Dondozo\n|-damage|p2a: Dondozo|30\/100\n|-heal|p1a: Natsu|44\/100|[from] drain|[of] p2a: Dondozo\n|move|p2a: Dondozo|Avalanche|p1a: Natsu\n|-resisted|p1a: Natsu\n|-damage|p1a: Natsu|26\/100\n|\n|upkeep\n|turn|27\n|\n|t:|1700574648\n|move|p1a: Natsu|Giga Drain|p2a: Dondozo\n|-supereffective|p2a: Dondozo\n|-damage|p2a: Dondozo|0 fnt\n|-heal|p1a: Natsu|46\/100|[from] drain|[of] p2a: Dondozo\n|faint|p2a: Dondozo\n|\n|upkeep\n|\n|t:|1700574654\n|switch|p2a: Gliscor|Gliscor, F|66\/100 tox\n|turn|28\n|\n|t:|1700574658\n|move|p1a: Natsu|Fiery Dance|p2a: Gliscor\n|-damage|p2a: Gliscor|0 fnt\n|faint|p2a: Gliscor\n|\n|win|Asta28240\n|l| jimcf\n","uploadtime":1700574680,"views":0,"p1id":"asta28240","p2id":"aaronma","formatid":"gen9ubers","rating":0,"private":0,"password":""}