{"id":"gen9ubers-1969594092","p1":"Mattattac","p2":"Koal Shady","format":"[Gen 9] Ubers","log":"|j|\u2606Mattattac\n|j|\u2606Koal Shady\n|t:|1697550337\n|gametype|singles\n|player|p1|Mattattac|nate|1145\n|player|p2|Koal Shady|shadowtriad|1369\n|teamsize|p1|6\n|teamsize|p2|6\n|gen|9\n|tier|[Gen 9] Ubers\n|rated|\n|rule|Sleep Clause Mod: Limit one foe put to sleep\n|rule|Species Clause: Limit one of each Pok\u00e9mon\n|rule|OHKO Clause: OHKO moves are banned\n|rule|Evasion Items Clause: Evasion items are banned\n|rule|Evasion Moves Clause: Evasion moves are banned\n|rule|Endless Battle Clause: Forcing endless battles is banned\n|rule|HP Percentage Mod: HP is shown in percentages\n|clearpoke\n|poke|p1|Flutter Mane|\n|poke|p1|Ursaluna-Bloodmoon, M|\n|poke|p1|Chien-Pao|\n|poke|p1|Iron Bundle|\n|poke|p1|Annihilape, M|\n|poke|p1|Kyogre|\n|poke|p2|Miraidon|\n|poke|p2|Moltres|\n|poke|p2|Koraidon|\n|poke|p2|Glimmora, M|\n|poke|p2|Flutter Mane|\n|poke|p2|Clefable, F|\n|teampreview\n|inactive|Battle timer is ON: inactive players will automatically lose when time's up. (requested by Koal Shady)\n|c|\u2606Mattattac|yo\n|c|\u2606Mattattac|nice team\n|\n|t:|1697550349\n|start\n|switch|p1a: Kyogre|Kyogre|100\/100\n|switch|p2a: Koraidon|Koraidon|100\/100\n|-weather|SunnyDay|[from] ability: Orichalcum Pulse|[of] p2a: Koraidon\n|-activate|p2a: Koraidon|Orichalcum Pulse|[source]\n|-weather|RainDance|[from] ability: Drizzle|[of] p1a: Kyogre\n|turn|1\n|c|\u2606Koal Shady|Ty you too\n|c|\u2606Mattattac|thanks\n|\n|t:|1697550357\n|switch|p2a: Clefable|Clefable, F|100\/100\n|move|p1a: Kyogre|Ice Beam|p2a: Clefable\n|-damage|p2a: Clefable|77\/100\n|\n|-weather|RainDance|[upkeep]\n|upkeep\n|turn|2\n|\n|t:|1697550364\n|switch|p1a: Ursaluna|Ursaluna-Bloodmoon, M|100\/100\n|move|p2a: Clefable|Cosmic Power|p2a: Clefable\n|-boost|p2a: Clefable|def|1\n|-boost|p2a: Clefable|spd|1\n|\n|-weather|RainDance|[upkeep]\n|upkeep\n|turn|3\n|\n|t:|1697550371\n|move|p1a: Ursaluna|Earth Power|p2a: Clefable\n|-damage|p2a: Clefable|53\/100\n|move|p2a: Clefable|Cosmic Power|p2a: Clefable\n|-boost|p2a: Clefable|def|1\n|-boost|p2a: Clefable|spd|1\n|\n|-weather|RainDance|[upkeep]\n|upkeep\n|turn|4\n|\n|t:|1697550379\n|move|p1a: Ursaluna|Earth Power|p2a: Clefable\n|-damage|p2a: Clefable|32\/100\n|move|p2a: Clefable|Moonlight|p2a: Clefable\n|-heal|p2a: Clefable|57\/100\n|\n|-weather|RainDance|[upkeep]\n|upkeep\n|turn|5\n|\n|t:|1697550382\n|move|p1a: Ursaluna|Earth Power|p2a: Clefable\n|-damage|p2a: Clefable|38\/100\n|move|p2a: Clefable|Moonlight|p2a: Clefable\n|-heal|p2a: Clefable|63\/100\n|\n|-weather|none\n|upkeep\n|turn|6\n|\n|t:|1697550384\n|move|p1a: Ursaluna|Earth Power|p2a: Clefable\n|-damage|p2a: Clefable|43\/100\n|move|p2a: Clefable|Cosmic Power|p2a: Clefable\n|-boost|p2a: Clefable|def|1\n|-boost|p2a: Clefable|spd|1\n|\n|upkeep\n|turn|7\n|\n|t:|1697550387\n|move|p1a: Ursaluna|Earth Power|p2a: Clefable\n|-damage|p2a: Clefable|26\/100\n|move|p2a: Clefable|Moonlight|p2a: Clefable\n|-heal|p2a: Clefable|76\/100\n|\n|upkeep\n|turn|8\n|\n|t:|1697550398\n|move|p1a: Ursaluna|Earth Power|p2a: Clefable\n|-damage|p2a: Clefable|61\/100\n|move|p2a: Clefable|Cosmic Power|p2a: Clefable\n|-boost|p2a: Clefable|def|1\n|-boost|p2a: Clefable|spd|1\n|\n|upkeep\n|turn|9\n|\n|t:|1697550406\n|switch|p1a: Chien-Pao|Chien-Pao|100\/100\n|-ability|p1a: Chien-Pao|Sword of Ruin\n|move|p2a: Clefable|Moonlight|p2a: Clefable\n|-heal|p2a: Clefable|100\/100\n|\n|upkeep\n|turn|10\n|\n|t:|1697550409\n|move|p1a: Chien-Pao|Ice Spinner|p2a: Clefable\n|-damage|p2a: Clefable|80\/100\n|-damage|p1a: Chien-Pao|84\/100|[from] item: Rocky Helmet|[of] p2a: Clefable\n|move|p2a: Clefable|Charge Beam|p1a: Chien-Pao\n|-damage|p1a: Chien-Pao|66\/100\n|-boost|p2a: Clefable|spa|1\n|\n|upkeep\n|turn|11\n|\n|t:|1697550415\n|move|p1a: Chien-Pao|Swords Dance|p1a: Chien-Pao\n|-boost|p1a: Chien-Pao|atk|2\n|move|p2a: Clefable|Charge Beam|p1a: Chien-Pao\n|-damage|p1a: Chien-Pao|39\/100\n|-boost|p2a: Clefable|spa|1\n|\n|upkeep\n|turn|12\n|\n|t:|1697550419\n|move|p1a: Chien-Pao|Swords Dance|p1a: Chien-Pao\n|-boost|p1a: Chien-Pao|atk|2\n|move|p2a: Clefable|Charge Beam|p1a: Chien-Pao\n|-damage|p1a: Chien-Pao|3\/100\n|-boost|p2a: Clefable|spa|1\n|\n|upkeep\n|turn|13\n|\n|t:|1697550422\n|move|p1a: Chien-Pao|Ice Spinner|p2a: Clefable\n|-damage|p2a: Clefable|59\/100\n|-damage|p1a: Chien-Pao|0 fnt|[from] item: Rocky Helmet|[of] p2a: Clefable\n|faint|p1a: Chien-Pao\n|move|p2a: Clefable|Moonlight|p2a: Clefable\n|-heal|p2a: Clefable|100\/100\n|\n|upkeep\n|c|\u2606Mattattac|damn\n|c|\u2606Mattattac|yeah I lost this lol\n|\n|t:|1697550433\n|switch|p1a: Kyogre|Kyogre|100\/100\n|-weather|RainDance|[from] ability: Drizzle|[of] p1a: Kyogre\n|turn|14\n|\n|t:|1697550440\n|move|p1a: Kyogre|Water Spout|p2a: Clefable\n|-damage|p2a: Clefable|69\/100\n|move|p2a: Clefable|Charge Beam|p1a: Kyogre\n|-supereffective|p1a: Kyogre\n|-damage|p1a: Kyogre|61\/100\n|-boost|p2a: Clefable|spa|1\n|\n|-weather|RainDance|[upkeep]\n|upkeep\n|turn|15\n|\n|t:|1697550444\n|move|p1a: Kyogre|Water Spout|p2a: Clefable\n|-damage|p2a: Clefable|49\/100\n|move|p2a: Clefable|Moonlight|p2a: Clefable\n|-heal|p2a: Clefable|74\/100\n|\n|-weather|RainDance|[upkeep]\n|upkeep\n|turn|16\n|\n|t:|1697550448\n|move|p1a: Kyogre|Water Spout|p2a: Clefable\n|-damage|p2a: Clefable|56\/100\n|move|p2a: Clefable|Stored Power|p1a: Kyogre\n|-damage|p1a: Kyogre|0 fnt\n|faint|p1a: Kyogre\n|\n|-weather|RainDance|[upkeep]\n|upkeep\n|\n|t:|1697550460\n|switch|p1a: Flutter Mane|Flutter Mane, shiny|100\/100\n|turn|17\n|\n|t:|1697550467\n|move|p1a: Flutter Mane|Moonblast|p2a: Clefable\n|-damage|p2a: Clefable|39\/100\n|move|p2a: Clefable|Stored Power|p1a: Flutter Mane\n|-damage|p1a: Flutter Mane|0 fnt\n|faint|p1a: Flutter Mane\n|-end|p1a: Flutter Mane|Protosynthesis|[silent]\n|\n|-weather|RainDance|[upkeep]\n|upkeep\n|\n|t:|1697550474\n|switch|p1a: Iron Bundle|Iron Bundle, shiny|100\/100\n|turn|18\n|\n|t:|1697550483\n|move|p1a: Iron Bundle|Hydro Pump|p2a: Clefable\n|-damage|p2a: Clefable|19\/100\n|move|p2a: Clefable|Charge Beam|p1a: Iron Bundle\n|-supereffective|p1a: Iron Bundle\n|-damage|p1a: Iron Bundle|0 fnt\n|-boost|p2a: Clefable|spa|1\n|faint|p1a: Iron Bundle\n|-end|p1a: Iron Bundle|Quark Drive|[silent]\n|\n|-weather|none\n|upkeep\n|c|\u2606Mattattac|bruh\n|c|\u2606Mattattac|I just remembered\n|c|\u2606Mattattac|iron bundle had taunt\n|c|\u2606Mattattac|;-;\n|\n|t:|1697550511\n|switch|p1a: Annihilape|Annihilape, M, shiny|100\/100\n|turn|19\n|c|\u2606Koal Shady|:,, (\n|\n|t:|1697550518\n|move|p1a: Annihilape|Rage Fist|p2a: Clefable\n|-damage|p2a: Clefable|11\/100\n|-damage|p1a: Annihilape|84\/100|[from] item: Rocky Helmet|[of] p2a: Clefable\n|move|p2a: Clefable|Moonlight|p2a: Clefable\n|-heal|p2a: Clefable|61\/100\n|\n|-heal|p1a: Annihilape|90\/100|[from] item: Leftovers\n|upkeep\n|turn|20\n|c|\u2606Mattattac|I'm mad I didn't remember\n|\n|t:|1697550526\n|move|p1a: Annihilape|Taunt|p2a: Clefable\n|-start|p2a: Clefable|move: Taunt\n|cant|p2a: Clefable|move: Taunt|Moonlight\n|\n|-heal|p1a: Annihilape|96\/100|[from] item: Leftovers\n|upkeep\n|turn|21\n|\n|t:|1697550529\n|move|p1a: Annihilape|Bulk Up|p1a: Annihilape\n|-boost|p1a: Annihilape|atk|1\n|-boost|p1a: Annihilape|def|1\n|move|p2a: Clefable|Stored Power|p1a: Annihilape\n|-supereffective|p1a: Annihilape\n|-damage|p1a: Annihilape|0 fnt\n|faint|p1a: Annihilape\n|\n|upkeep\n|\n|t:|1697550530\n|switch|p1a: Ursaluna|Ursaluna-Bloodmoon, M|100\/100\n|turn|22\n|c|\u2606Mattattac|yeah gg\n|c|\u2606Mattattac|lol\n|\n|t:|1697550536\n|move|p1a: Ursaluna|Earth Power|p2a: Clefable\n|-damage|p2a: Clefable|47\/100\n|move|p2a: Clefable|Stored Power|p1a: Ursaluna\n|-damage|p1a: Ursaluna|0 fnt\n|faint|p1a: Ursaluna\n|\n|win|Koal Shady\n|raw|Mattattac's rating: 1145 &rarr; <strong>1134<\/strong><br \/>(-11 for losing)\n|raw|Koal Shady's rating: 1369 &rarr; <strong>1378<\/strong><br \/>(+9 for winning)\n","uploadtime":1697550541,"views":9,"p1id":"mattattac","p2id":"koalshady","formatid":"gen9ubers","rating":1134,"private":0,"password":""}