{"id":"gen9ubers-1998075871","p1":"orichalcum puise","p2":"game18","format":"[Gen 9] Ubers","log":"|j|\u2606orichalcum puise\n|j|\u2606game18\n|t:|1700887437\n|gametype|singles\n|player|p1|orichalcum puise|lusamine-nihilego|\n|player|p2|game18|ghetsis|\n|teamsize|p1|6\n|teamsize|p2|6\n|gen|9\n|tier|[Gen 9] Ubers\n|rated|Tournament battle\n|rule|Sleep Clause Mod: Limit one foe put to sleep\n|rule|Species Clause: Limit one of each Pok\u00e9mon\n|rule|OHKO Clause: OHKO moves are banned\n|rule|Evasion Items Clause: Evasion items are banned\n|rule|Evasion Moves Clause: Evasion moves are banned\n|rule|Endless Battle Clause: Forcing endless battles is banned\n|rule|HP Percentage Mod: HP is shown in percentages\n|clearpoke\n|poke|p1|Alomomola, F|\n|poke|p1|Gliscor, M|\n|poke|p1|Dondozo, F|\n|poke|p1|Blissey, F|\n|poke|p1|Clodsire, M|\n|poke|p1|Mandibuzz, F|\n|poke|p2|Ribombee, F|\n|poke|p2|Arceus|\n|poke|p2|Zacian-*|\n|poke|p2|Eternatus|\n|poke|p2|Miraidon|\n|poke|p2|Koraidon|\n|teampreview\n|inactive|Battle timer is ON: inactive players will automatically lose when time's up. (requested by orichalcum puise)\n|j| ZowwyCafe\u2764\n|\n|t:|1700887450\n|start\n|switch|p1a: Gliscor|Gliscor, M|100\/100\n|switch|p2a: Ribombee|Ribombee, F|100\/100\n|turn|1\n|\n|t:|1700887461\n|move|p2a: Ribombee|Stun Spore|p1a: Gliscor\n|-status|p1a: Gliscor|par\n|move|p1a: Gliscor|Spikes|p2a: Ribombee\n|-sidestart|p2: game18|Spikes\n|\n|upkeep\n|turn|2\n|j| sighz 0-0\n|j| mountain_jam\n|\n|t:|1700887473\n|switch|p1a: Clodsire|Clodsire, M|100\/100\n|move|p2a: Ribombee|Sticky Web|p1a: Clodsire\n|-sidestart|p1: orichalcum puise|move: Sticky Web\n|\n|upkeep\n|turn|3\n|l| sighz 0-0\n|\n|t:|1700887502\n|move|p2a: Ribombee|Stun Spore|p1a: Clodsire\n|-status|p1a: Clodsire|par\n|move|p1a: Clodsire|Stealth Rock|p2a: Ribombee\n|-sidestart|p2: game18|move: Stealth Rock\n|\n|upkeep\n|turn|4\n|\n|t:|1700887516\n|switch|p2a: Zacian|Zacian-Crowned|100\/100\n|-damage|p2a: Zacian|88\/100|[from] Spikes\n|-damage|p2a: Zacian|82\/100|[from] Stealth Rock\n|-ability|p2a: Zacian|Intrepid Sword|boost\n|-boost|p2a: Zacian|atk|1\n|switch|p1a: Blissey|Blissey, F|100\/100\n|\n|upkeep\n|turn|5\n|l| mountain_jam\n|inactive|game18 has 120 seconds left.\n|\n|t:|1700887533\n|switch|p1a: Alomomola|Alomomola, F|100\/100\n|move|p2a: Zacian|Play Rough|p1a: Alomomola\n|-damage|p1a: Alomomola|57\/100\n|\n|upkeep\n|turn|6\n|\n|t:|1700887548\n|move|p2a: Zacian|Substitute|p2a: Zacian\n|-start|p2a: Zacian|Substitute\n|-damage|p2a: Zacian|57\/100\n|move|p1a: Alomomola|Scald|p2a: Zacian\n|-activate|p2a: Zacian|move: Substitute|[damage]\n|\n|upkeep\n|turn|7\n|\n|t:|1700887556\n|switch|p1a: Dondozo|Dondozo, F|100\/100\n|move|p2a: Zacian|Play Rough|p1a: Dondozo\n|-damage|p1a: Dondozo|76\/100\n|\n|upkeep\n|turn|8\n|\n|t:|1700887582\n|switch|p2a: Miraidon|Miraidon|100\/100\n|-damage|p2a: Miraidon|88\/100|[from] Spikes\n|-damage|p2a: Miraidon|76\/100|[from] Stealth Rock\n|-fieldstart|move: Electric Terrain|[from] ability: Hadron Engine|[of] p2a: Miraidon\n|move|p1a: Dondozo|Body Press|p2a: Miraidon\n|-damage|p2a: Miraidon|50\/100\n|\n|upkeep\n|turn|9\n|\n|t:|1700887595\n|switch|p1a: Blissey|Blissey, F|100\/100\n|move|p2a: Miraidon|Taunt|p1a: Blissey\n|-start|p1a: Blissey|move: Taunt\n|\n|upkeep\n|turn|10\n|inactive|game18 has 120 seconds left.\n|\n|t:|1700887617\n|move|p2a: Miraidon|Calm Mind|p2a: Miraidon\n|-boost|p2a: Miraidon|spa|1\n|-boost|p2a: Miraidon|spd|1\n|move|p1a: Blissey|Seismic Toss|p2a: Miraidon\n|-damage|p2a: Miraidon|21\/100\n|\n|upkeep\n|turn|11\n|inactive|game18 has 120 seconds left.\n|\n|t:|1700887628\n|switch|p1a: Clodsire|Clodsire, M|100\/100 par\n|move|p2a: Miraidon|Electro Drift|p1a: Clodsire\n|-immune|p1a: Clodsire\n|\n|upkeep\n|turn|12\n|\n|t:|1700887635\n|move|p2a: Miraidon|Taunt|p1a: Clodsire\n|-start|p1a: Clodsire|move: Taunt\n|cant|p1a: Clodsire|par\n|\n|-fieldend|move: Electric Terrain\n|upkeep\n|turn|13\n|\n|t:|1700887648\n|move|p2a: Miraidon|Draco Meteor|p1a: Clodsire\n|-crit|p1a: Clodsire\n|-damage|p1a: Clodsire|28\/100 par\n|-unboost|p2a: Miraidon|spa|2\n|-damage|p2a: Miraidon|11\/100|[from] item: Life Orb\n|move|p1a: Clodsire|Earthquake|p2a: Miraidon\n|-supereffective|p2a: Miraidon\n|-damage|p2a: Miraidon|0 fnt\n|faint|p2a: Miraidon\n|\n|upkeep\n|inactive|game18 has 120 seconds left.\n|\n|t:|1700887659\n|switch|p2a: Arceus|Arceus|100\/100\n|-damage|p2a: Arceus|88\/100|[from] Spikes\n|-damage|p2a: Arceus|76\/100|[from] Stealth Rock\n|turn|14\n|\n|t:|1700887670\n|switch|p1a: Alomomola|Alomomola, F|91\/100\n|move|p2a: Arceus|Swords Dance|p2a: Arceus\n|-boost|p2a: Arceus|atk|2\n|\n|upkeep\n|turn|15\n|\n|t:|1700887679\n|move|p2a: Arceus|Extreme Speed|p1a: Alomomola\n|-damage|p1a: Alomomola|33\/100\n|move|p1a: Alomomola|Scald|p2a: Arceus\n|-damage|p2a: Arceus|66\/100\n|\n|upkeep\n|turn|16\n|\n|t:|1700887700\n|switch|p1a: Dondozo|Dondozo, F|76\/100\n|move|p2a: Arceus|Extreme Speed|p1a: Dondozo\n|-damage|p1a: Dondozo|54\/100\n|\n|upkeep\n|turn|17\n|\n|t:|1700887709\n|-terastallize|p2a: Arceus|Ghost\n|move|p2a: Arceus|Taunt|p1a: Dondozo\n|-start|p1a: Dondozo|move: Taunt\n|cant|p1a: Dondozo|move: Taunt|Rest\n|\n|upkeep\n|turn|18\n|\n|t:|1700887733\n|switch|p1a: Mandibuzz|Mandibuzz, F|100\/100\n|move|p2a: Arceus|Shadow Claw|p1a: Mandibuzz\n|-resisted|p1a: Mandibuzz\n|-crit|p1a: Mandibuzz\n|-damage|p1a: Mandibuzz|54\/100\n|\n|upkeep\n|turn|19\n|\n|t:|1700887742\n|move|p2a: Arceus|Extreme Speed|p1a: Mandibuzz\n|-damage|p1a: Mandibuzz|0 fnt\n|faint|p1a: Mandibuzz\n|\n|upkeep\n|-message|orichalcum puise forfeited.\n|\n|win|game18\n|n|\u2606orichalcum puise|orichalcumpuise\n|n|\u2606game18|game18\n|n| ZowwyCafe\u2764|zowwycafe\n|l|\u2606orichalcum puise\n","uploadtime":1700887756,"views":1,"p1id":"orichalcumpuise","p2id":"game18","formatid":"gen9ubers","rating":0,"private":0,"password":""}