{"id":"gen9ubers-1988324235","p1":"h2dk212","p2":"Eloi69","format":"[Gen 9] Ubers","log":"|j|\u2606h2dk212\n|j|\u2606Eloi69\n|t:|1699708639\n|gametype|singles\n|player|p1|h2dk212|punkgirl|1000\n|player|p2|Eloi69|170|1152\n|teamsize|p1|6\n|teamsize|p2|6\n|gen|9\n|tier|[Gen 9] Ubers\n|rated|\n|rule|Sleep Clause Mod: Limit one foe put to sleep\n|rule|Species Clause: Limit one of each Pok\u00e9mon\n|rule|OHKO Clause: OHKO moves are banned\n|rule|Evasion Items Clause: Evasion items are banned\n|rule|Evasion Moves Clause: Evasion moves are banned\n|rule|Endless Battle Clause: Forcing endless battles is banned\n|rule|HP Percentage Mod: HP is shown in percentages\n|clearpoke\n|poke|p1|Lilligant, F|\n|poke|p1|Komala, F|\n|poke|p1|Meloetta|\n|poke|p1|Sylveon, F|\n|poke|p1|Altaria, F|\n|poke|p1|Oricorio-Pom-Pom, F|\n|poke|p2|Arceus-Ground|\n|poke|p2|Annihilape, F|\n|poke|p2|Zacian-*|\n|poke|p2|Miraidon|\n|poke|p2|Koraidon|\n|poke|p2|Rayquaza|\n|teampreview\n|\n|t:|1699708653\n|start\n|switch|p1a: Altaria|Altaria, F|100\/100\n|switch|p2a: Annihilape|Annihilape, F|100\/100\n|turn|1\n|\n|t:|1699708666\n|move|p2a: Annihilape|Taunt|p1a: Altaria\n|-start|p1a: Altaria|move: Taunt\n|move|p1a: Altaria|Dragon Claw|p2a: Annihilape\n|-crit|p2a: Annihilape\n|-damage|p2a: Annihilape|56\/100\n|\n|upkeep\n|turn|2\n|inactive|Battle timer is ON: inactive players will automatically lose when time's up. (requested by Eloi69)\n|\n|t:|1699708675\n|move|p2a: Annihilape|Stealth Rock|p1a: Altaria\n|-sidestart|p1: h2dk212|move: Stealth Rock\n|move|p1a: Altaria|Dragon Claw|p2a: Annihilape\n|-damage|p2a: Annihilape|26\/100\n|\n|upkeep\n|turn|3\n|c|\u2606Eloi69|hurry up\n|\n|t:|1699708681\n|move|p2a: Annihilape|Rage Fist|p1a: Altaria\n|-damage|p1a: Altaria|22\/100\n|-damage|p2a: Annihilape|10\/100|[from] item: Rocky Helmet|[of] p1a: Altaria\n|move|p1a: Altaria|Dragon Claw|p2a: Annihilape\n|-damage|p2a: Annihilape|0 fnt\n|faint|p2a: Annihilape\n|\n|-end|p1a: Altaria|move: Taunt\n|upkeep\n|\n|t:|1699708689\n|switch|p2a: Miraidon|Miraidon|100\/100\n|-fieldstart|move: Electric Terrain|[from] ability: Hadron Engine|[of] p2a: Miraidon\n|turn|4\n|\n|t:|1699708697\n|move|p2a: Miraidon|Electro Drift|p1a: Altaria\n|-damage|p1a: Altaria|0 fnt\n|-damage|p2a: Miraidon|84\/100|[from] item: Rocky Helmet|[of] p1a: Altaria\n|faint|p1a: Altaria\n|\n|upkeep\n|\n|t:|1699708707\n|switch|p1a: Sylveon|Sylveon, F|100\/100\n|-damage|p1a: Sylveon|88\/100|[from] Stealth Rock\n|turn|5\n|\n|t:|1699708711\n|move|p2a: Miraidon|Electro Drift|p1a: Sylveon\n|-damage|p1a: Sylveon|45\/100\n|move|p1a: Sylveon|Moonblast|p2a: Miraidon\n|-supereffective|p2a: Miraidon\n|-damage|p2a: Miraidon|26\/100\n|\n|upkeep\n|turn|6\n|inactive|Eloi69 has 120 seconds left.\n|inactive|Eloi69 has 90 seconds left.\n|\n|t:|1699708772\n|move|p2a: Miraidon|Electro Drift|p1a: Sylveon\n|-damage|p1a: Sylveon|1\/100\n|move|p1a: Sylveon|Moonblast|p2a: Miraidon\n|-supereffective|p2a: Miraidon\n|-damage|p2a: Miraidon|0 fnt\n|faint|p2a: Miraidon\n|\n|upkeep\n|inactive|Eloi69 has 90 seconds left.\n|\n|t:|1699708779\n|switch|p2a: Koraidon|Koraidon|100\/100\n|-weather|SunnyDay|[from] ability: Orichalcum Pulse|[of] p2a: Koraidon\n|-activate|p2a: Koraidon|Orichalcum Pulse|[source]\n|turn|7\n|\n|t:|1699708806\n|move|p1a: Sylveon|Quick Attack|p2a: Koraidon\n|-damage|p2a: Koraidon|95\/100\n|move|p2a: Koraidon|Flame Charge|p1a: Sylveon\n|-damage|p1a: Sylveon|0 fnt\n|-boost|p2a: Koraidon|spe|1\n|faint|p1a: Sylveon\n|\n|-weather|SunnyDay|[upkeep]\n|-heal|p2a: Koraidon|100\/100|[from] item: Leftovers\n|upkeep\n|\n|t:|1699708811\n|switch|p1a: Meloetta|Meloetta|100\/100\n|-damage|p1a: Meloetta|88\/100|[from] Stealth Rock\n|turn|8\n|\n|t:|1699708823\n|move|p2a: Koraidon|Collision Course|p1a: Meloetta\n|-damage|p1a: Meloetta|6\/100\n|move|p1a: Meloetta|Psychic|p2a: Koraidon\n|-supereffective|p2a: Koraidon\n|-damage|p2a: Koraidon|0 fnt\n|faint|p2a: Koraidon\n|\n|-weather|SunnyDay|[upkeep]\n|-fieldend|move: Electric Terrain\n|upkeep\n|\n|t:|1699708831\n|switch|p2a: Arceus|Arceus-Ground|100\/100\n|turn|9\n|c|\u2606Eloi69|hurry up\n|c|\u2606Eloi69|hurry up\n|c|\u2606Eloi69|hurry up\n|c|\u2606Eloi69|hurry up\n|c|\u2606Eloi69|hurry up\n|inactive|h2dk212 has 120 seconds left.\n|\n|t:|1699708863\n|switch|p1a: Komala|Komala, F|100\/100\n|-damage|p1a: Komala|88\/100|[from] Stealth Rock\n|-ability|p1a: Komala|Comatose\n|-terastallize|p2a: Arceus|Ghost\n|move|p2a: Arceus|Substitute|p2a: Arceus\n|-start|p2a: Arceus|Substitute\n|-damage|p2a: Arceus|76\/100\n|\n|-weather|SunnyDay|[upkeep]\n|upkeep\n|turn|10\n|inactive|Eloi69 has 120 seconds left.\n|\n|t:|1699708876\n|move|p2a: Arceus|Dragon Dance|p2a: Arceus\n|-boost|p2a: Arceus|atk|1\n|-boost|p2a: Arceus|spe|1\n|move|p1a: Komala|Rapid Spin|p2a: Arceus\n|-immune|p2a: Arceus\n|\n|-weather|SunnyDay|[upkeep]\n|upkeep\n|turn|11\n|inactive|h2dk212 has 120 seconds left.\n|\n|t:|1699708898\n|move|p1a: Komala|Sucker Punch||[still]\n|-fail|p1a: Komala\n|move|p2a: Arceus|Dragon Dance|p2a: Arceus\n|-boost|p2a: Arceus|atk|1\n|-boost|p2a: Arceus|spe|1\n|\n|-weather|none\n|upkeep\n|turn|12\n|inactive|h2dk212 has 120 seconds left.\n|\n|t:|1699708904\n|move|p2a: Arceus|Dragon Dance|p2a: Arceus\n|-boost|p2a: Arceus|atk|1\n|-boost|p2a: Arceus|spe|1\n|move|p1a: Komala|Body Slam|p2a: Arceus\n|-immune|p2a: Arceus\n|\n|upkeep\n|turn|13\n|\n|t:|1699708911\n|move|p2a: Arceus|Dragon Dance|p2a: Arceus\n|-boost|p2a: Arceus|atk|1\n|-boost|p2a: Arceus|spe|1\n|move|p1a: Komala|Earthquake|p2a: Arceus\n|-end|p2a: Arceus|Substitute\n|\n|upkeep\n|turn|14\n|c|\u2606Eloi69|you're so bad hahaha\n|inactive|h2dk212 has 120 seconds left.\n|\n|t:|1699708939\n|move|p2a: Arceus|Earthquake|p1a: Komala\n|-damage|p1a: Komala|0 fnt\n|faint|p1a: Komala\n|\n|upkeep\n|\n|t:|1699708963\n|switch|p1a: Meloetta|Meloetta|6\/100\n|-damage|p1a: Meloetta|0 fnt|[from] Stealth Rock\n|faint|p1a: Meloetta\n|\n|t:|1699708966\n|switch|p1a: Lilligant|Lilligant, F|100\/100\n|-damage|p1a: Lilligant|88\/100|[from] Stealth Rock\n|turn|15\n|\n|t:|1699708972\n|move|p2a: Arceus|Shadow Claw|p1a: Lilligant\n|-damage|p1a: Lilligant|0 fnt\n|faint|p1a: Lilligant\n|\n|upkeep\n|inactive|h2dk212 has 90 seconds left.\n|\n|t:|1699709007\n|switch|p1a: Oricorio|Oricorio-Pom-Pom, F|100\/100\n|-damage|p1a: Oricorio|75\/100|[from] Stealth Rock\n|turn|16\n|\n|t:|1699709013\n|move|p2a: Arceus|Shadow Claw|p1a: Oricorio\n|-damage|p1a: Oricorio|0 fnt\n|faint|p1a: Oricorio\n|\n|win|Eloi69\n|raw|h2dk212's rating: 1000 &rarr; <strong>1000<\/strong><br \/>(+0 for losing)\n|raw|Eloi69's rating: 1152 &rarr; <strong>1167<\/strong><br \/>(+15 for winning)\n","uploadtime":1699709017,"views":6,"p1id":"h2dk212","p2id":"eloi69","formatid":"gen9ubers","rating":1000,"private":0,"password":""}