{"id":"gen9ubers-1987726916","p1":"Vazquez 2.0","p2":"Bka Onon","format":"[Gen 9] Ubers","log":"|j|\u2606Vazquez 2.0\n|j|\u2606Bka Onon\n|t:|1699631378\n|gametype|singles\n|player|p1|Vazquez 2.0|gardenia|\n|player|p2|Bka Onon|amelia-shuffle|\n|teamsize|p1|6\n|teamsize|p2|6\n|gen|9\n|tier|[Gen 9] Ubers\n|rule|Sleep Clause Mod: Limit one foe put to sleep\n|rule|Species Clause: Limit one of each Pok\u00e9mon\n|rule|OHKO Clause: OHKO moves are banned\n|rule|Evasion Items Clause: Evasion items are banned\n|rule|Evasion Moves Clause: Evasion moves are banned\n|rule|Endless Battle Clause: Forcing endless battles is banned\n|rule|HP Percentage Mod: HP is shown in percentages\n|clearpoke\n|poke|p1|Ursaluna, M|\n|poke|p1|Chi-Yu|\n|poke|p1|Magearna|\n|poke|p1|Dialga|\n|poke|p1|Palafin, F|\n|poke|p1|Arceus-Grass|\n|poke|p2|Arceus-Dark|\n|poke|p2|Magearna|\n|poke|p2|Palafin, F|\n|poke|p2|Garchomp, M|\n|poke|p2|Chi-Yu|\n|poke|p2|Gholdengo|\n|teampreview\n|c|\u2606Bka Onon|hf\n|\n|t:|1699631401\n|start\n|switch|p1a: Palafin|Palafin, F|100\/100\n|switch|p2a: Garchomp|Garchomp, M|100\/100\n|turn|1\n|\n|t:|1699631405\n|detailschange|p1a: Palafin|Palafin-Hero, F\n|switch|p1a: Arceus|Arceus-Grass|100\/100\n|move|p2a: Garchomp|Earthquake|p1a: Arceus\n|-resisted|p1a: Arceus\n|-damage|p1a: Arceus|86\/100\n|\n|upkeep\n|turn|2\n|\n|t:|1699631408\n|move|p2a: Garchomp|Stealth Rock|p1a: Arceus\n|-sidestart|p1: Vazquez 2.0|move: Stealth Rock\n|move|p1a: Arceus|Judgment|p2a: Garchomp\n|-damage|p2a: Garchomp|38\/100\n|\n|upkeep\n|turn|3\n|\n|t:|1699631413\n|switch|p2a: Chi-Yu|Chi-Yu|100\/100\n|-ability|p2a: Chi-Yu|Beads of Ruin\n|move|p1a: Arceus|Trick Room|p1a: Arceus\n|-fieldstart|move: Trick Room|[of] p1a: Arceus\n|\n|upkeep\n|turn|4\n|\n|t:|1699631420\n|move|p1a: Arceus|Earth Power|p2a: Chi-Yu\n|-supereffective|p2a: Chi-Yu\n|-damage|p2a: Chi-Yu|28\/100\n|move|p2a: Chi-Yu|Overheat|p1a: Arceus\n|-supereffective|p1a: Arceus\n|-damage|p1a: Arceus|0 fnt\n|-unboost|p2a: Chi-Yu|spa|2\n|faint|p1a: Arceus\n|\n|upkeep\n|\n|t:|1699631427\n|switch|p1a: Ursaluna|Ursaluna, M|100\/100\n|-damage|p1a: Ursaluna|94\/100|[from] Stealth Rock\n|turn|5\n|\n|t:|1699631433\n|switch|p2a: Garchomp|Garchomp, M|38\/100\n|move|p1a: Ursaluna|Facade|p2a: Garchomp\n|-damage|p2a: Garchomp|2\/100\n|-damage|p1a: Ursaluna|82\/100|[from] ability: Rough Skin|[of] p2a: Garchomp\n|-damage|p1a: Ursaluna|66\/100|[from] item: Rocky Helmet|[of] p2a: Garchomp\n|\n|-status|p1a: Ursaluna|brn|[from] item: Flame Orb\n|upkeep\n|turn|6\n|\n|t:|1699631440\n|move|p2a: Garchomp|Protect|p2a: Garchomp\n|-singleturn|p2a: Garchomp|Protect\n|move|p1a: Ursaluna|Headlong Rush|p2a: Garchomp\n|-activate|p2a: Garchomp|move: Protect\n|\n|-damage|p1a: Ursaluna|59\/100 brn|[from] brn\n|upkeep\n|turn|7\n|\n|t:|1699631442\n|move|p1a: Ursaluna|Headlong Rush|p2a: Garchomp\n|-damage|p2a: Garchomp|0 fnt\n|-unboost|p1a: Ursaluna|def|1\n|-unboost|p1a: Ursaluna|spd|1\n|-damage|p1a: Ursaluna|47\/100 brn|[from] ability: Rough Skin|[of] p2a: Garchomp\n|-damage|p1a: Ursaluna|31\/100 brn|[from] item: Rocky Helmet|[of] p2a: Garchomp\n|faint|p2a: Garchomp\n|\n|-damage|p1a: Ursaluna|24\/100 brn|[from] brn\n|-fieldend|move: Trick Room\n|upkeep\n|\n|t:|1699631451\n|switch|p2a: Palafin|Palafin, F|100\/100\n|turn|8\n|\n|t:|1699631463\n|switch|p1a: Dialga|Dialga|100\/100\n|-damage|p1a: Dialga|94\/100|[from] Stealth Rock\n|-ability|p1a: Dialga|Pressure\n|move|p2a: Palafin|Flip Turn|p1a: Dialga\n|-resisted|p1a: Dialga\n|-damage|p1a: Dialga|82\/100\n|\n|t:|1699631473\n|detailschange|p2a: Palafin|Palafin-Hero, F\n|switch|p2a: Chi-Yu|Chi-Yu|28\/100|[from] Flip Turn\n|-ability|p2a: Chi-Yu|Beads of Ruin\n|\n|upkeep\n|turn|9\n|\n|t:|1699631475\n|move|p2a: Chi-Yu|Overheat|p1a: Dialga\n|-damage|p1a: Dialga|0 fnt\n|-unboost|p2a: Chi-Yu|spa|2\n|faint|p1a: Dialga\n|\n|upkeep\n|\n|t:|1699631482\n|switch|p1a: Palafin|Palafin-Hero, F|100\/100\n|-damage|p1a: Palafin|88\/100|[from] Stealth Rock\n|-activate|p1a: Palafin|ability: Zero to Hero\n|turn|10\n|\n|t:|1699631485\n|switch|p2a: Palafin|Palafin-Hero, F|100\/100\n|-activate|p2a: Palafin|ability: Zero to Hero\n|move|p1a: Palafin|Flip Turn|p2a: Palafin\n|-resisted|p2a: Palafin\n|-damage|p2a: Palafin|81\/100\n|\n|t:|1699631488\n|switch|p1a: Magearna|Magearna|100\/100|[from] Flip Turn\n|-damage|p1a: Magearna|94\/100|[from] Stealth Rock\n|\n|upkeep\n|turn|11\n|\n|t:|1699631494\n|-terastallize|p2a: Palafin|Water\n|-terastallize|p1a: Magearna|Water\n|move|p2a: Palafin|Wave Crash|p1a: Magearna\n|-resisted|p1a: Magearna\n|-damage|p1a: Magearna|28\/100\n|-damage|p2a: Palafin|61\/100|[from] Recoil\n|move|p1a: Magearna|Trick Room|p1a: Magearna\n|-fieldstart|move: Trick Room|[of] p1a: Magearna\n|\n|upkeep\n|turn|12\n|\n|t:|1699631503\n|switch|p2a: Magearna|Magearna|100\/100\n|move|p1a: Magearna|Fleur Cannon|p2a: Magearna|[miss]\n|-miss|p1a: Magearna|p2a: Magearna\n|\n|upkeep\n|turn|13\n|\n|t:|1699631509\n|move|p1a: Magearna|Volt Switch|p2a: Magearna\n|-damage|p2a: Magearna|77\/100\n|\n|t:|1699631511\n|switch|p1a: Chi-Yu|Chi-Yu|100\/100|[from] Volt Switch\n|-damage|p1a: Chi-Yu|76\/100|[from] Stealth Rock\n|-ability|p1a: Chi-Yu|Beads of Ruin\n|move|p2a: Magearna|Volt Switch|p1a: Chi-Yu\n|-damage|p1a: Chi-Yu|53\/100\n|\n|t:|1699631515\n|switch|p2a: Palafin|Palafin-Hero, F, tera:Water|61\/100|[from] Volt Switch\n|\n|upkeep\n|turn|14\n|\n|t:|1699631522\n|switch|p1a: Magearna|Magearna, tera:Water|28\/100\n|-damage|p1a: Magearna|15\/100|[from] Stealth Rock\n|move|p2a: Palafin|Jet Punch|p1a: Magearna\n|-resisted|p1a: Magearna\n|-damage|p1a: Magearna|0 fnt\n|faint|p1a: Magearna\n|\n|upkeep\n|\n|t:|1699631523\n|switch|p1a: Palafin|Palafin-Hero, F|88\/100\n|-damage|p1a: Palafin|76\/100|[from] Stealth Rock\n|turn|15\n|\n|t:|1699631528\n|switch|p2a: Arceus|Arceus-Dark|100\/100\n|move|p1a: Palafin|Wave Crash|p2a: Arceus\n|-crit|p2a: Arceus\n|-damage|p2a: Arceus|1\/100\n|-damage|p1a: Palafin|33\/100|[from] Recoil\n|\n|-fieldend|move: Trick Room\n|upkeep\n|turn|16\n|\n|t:|1699631535\n|switch|p1a: Ursaluna|Ursaluna, M|24\/100 brn\n|-damage|p1a: Ursaluna|18\/100 brn|[from] Stealth Rock\n|move|p2a: Arceus|Judgment|p1a: Ursaluna\n|-damage|p1a: Ursaluna|0 fnt\n|faint|p1a: Ursaluna\n|\n|upkeep\n|\n|t:|1699631538\n|switch|p1a: Palafin|Palafin-Hero, F|33\/100\n|-damage|p1a: Palafin|21\/100|[from] Stealth Rock\n|turn|17\n|\n|t:|1699631541\n|move|p1a: Palafin|Jet Punch|p2a: Arceus\n|-damage|p2a: Arceus|0 fnt\n|faint|p2a: Arceus\n|\n|upkeep\n|\n|t:|1699631545\n|switch|p2a: Palafin|Palafin-Hero, F, tera:Water|61\/100\n|turn|18\n|\n|t:|1699631549\n|move|p1a: Palafin|Jet Punch|p2a: Palafin\n|-resisted|p2a: Palafin\n|-damage|p2a: Palafin|39\/100\n|move|p2a: Palafin|Jet Punch|p1a: Palafin\n|-resisted|p1a: Palafin\n|-damage|p1a: Palafin|0 fnt\n|faint|p1a: Palafin\n|\n|upkeep\n|\n|t:|1699631550\n|switch|p1a: Chi-Yu|Chi-Yu|53\/100\n|-damage|p1a: Chi-Yu|28\/100|[from] Stealth Rock\n|-ability|p1a: Chi-Yu|Beads of Ruin\n|turn|19\n|\n|t:|1699631555\n|move|p2a: Palafin|Jet Punch|p1a: Chi-Yu\n|-supereffective|p1a: Chi-Yu\n|-damage|p1a: Chi-Yu|0 fnt\n|faint|p1a: Chi-Yu\n|\n|win|Bka Onon\n|c|\u2606Bka Onon|gg\n|c|\u2606Vazquez 2.0|gg\n|l|\u2606Bka Onon\n","uploadtime":1699631592,"views":24,"p1id":"vazquez20","p2id":"bkaonon","formatid":"gen9ubers","rating":0,"private":0,"password":""}