{"id":"gen9ubers-1973117000","p1":"gigantemarino","p2":"GalaxyGoji","format":"[Gen 9] Ubers","log":"|j|\u2606gigantemarino\n|j|\u2606GalaxyGoji\n|t:|1697929494\n|gametype|singles\n|player|p1|gigantemarino|acetrainer-gen4dp|1000\n|player|p2|GalaxyGoji|gambler|1026\n|teamsize|p1|6\n|teamsize|p2|6\n|gen|9\n|tier|[Gen 9] Ubers\n|rated|\n|rule|Sleep Clause Mod: Limit one foe put to sleep\n|rule|Species Clause: Limit one of each Pok\u00e9mon\n|rule|OHKO Clause: OHKO moves are banned\n|rule|Evasion Items Clause: Evasion items are banned\n|rule|Evasion Moves Clause: Evasion moves are banned\n|rule|Endless Battle Clause: Forcing endless battles is banned\n|rule|HP Percentage Mod: HP is shown in percentages\n|clearpoke\n|poke|p1|Dragapult, M|\n|poke|p1|Talonflame, F|\n|poke|p1|Barraskewda, M|\n|poke|p1|Flutter Mane|\n|poke|p1|Iron Bundle|\n|poke|p1|Electrode-Hisui|\n|poke|p2|Ribombee, F|\n|poke|p2|Darkrai|\n|poke|p2|Calyrex-Ice|\n|poke|p2|Ting-Lu|\n|poke|p2|Dragapult, F|\n|poke|p2|Zacian-*|\n|teampreview\n|\n|t:|1697929515\n|start\n|switch|p1a: Talonflame|Talonflame, F, shiny|100\/100\n|switch|p2a: Zacian|Zacian-Crowned|100\/100\n|-ability|p2a: Zacian|Intrepid Sword|boost\n|-boost|p2a: Zacian|atk|1\n|turn|1\n|\n|t:|1697929533\n|-terastallize|p1a: Talonflame|Fairy\n|move|p2a: Zacian|Wild Charge|p1a: Talonflame\n|-damage|p1a: Talonflame|18\/100\n|-damage|p2a: Zacian|83\/100|[from] Recoil\n|move|p1a: Talonflame|Flare Blitz|p2a: Zacian\n|-supereffective|p2a: Zacian\n|-damage|p2a: Zacian|0 fnt\n|faint|p2a: Zacian\n|-damage|p1a: Talonflame|0 fnt|[from] Recoil\n|faint|p1a: Talonflame\n|\n|upkeep\n|\n|t:|1697929558\n|switch|p2a: Dragapult|Dragapult, F, shiny|100\/100\n|switch|p1a: Dragapult|Dragapult, M, shiny|100\/100\n|turn|2\n|\n|t:|1697929565\n|move|p1a: Dragapult|Outrage|p2a: Dragapult\n|-supereffective|p2a: Dragapult\n|-damage|p2a: Dragapult|0 fnt\n|faint|p2a: Dragapult\n|\n|upkeep\n|\n|t:|1697929572\n|switch|p2a: Calyrex|Calyrex-Ice|100\/100\n|-ability|p2a: Calyrex|As One\n|-ability|p2a: Calyrex|Unnerve\n|turn|3\n|\n|t:|1697929580\n|move|p1a: Dragapult|Outrage|p2a: Calyrex|[from]lockedmove\n|-damage|p2a: Calyrex|40\/100\n|move|p2a: Calyrex|Trick Room|p2a: Calyrex\n|-fieldstart|move: Trick Room|[of] p2a: Calyrex\n|\n|-heal|p2a: Calyrex|46\/100|[from] item: Leftovers\n|upkeep\n|turn|4\n|\n|t:|1697929587\n|move|p2a: Calyrex|Glacial Lance|p1a: Dragapult\n|-supereffective|p1a: Dragapult\n|-damage|p1a: Dragapult|0 fnt\n|faint|p1a: Dragapult\n|-ability|p2a: Calyrex|Chilling Neigh|boost\n|-boost|p2a: Calyrex|atk|1\n|\n|-heal|p2a: Calyrex|52\/100|[from] item: Leftovers\n|upkeep\n|\n|t:|1697929603\n|switch|p1a: Iron Bundle|Iron Bundle, shiny|100\/100\n|turn|5\n|\n|t:|1697929611\n|move|p2a: Calyrex|Close Combat|p1a: Iron Bundle\n|-supereffective|p1a: Iron Bundle\n|-damage|p1a: Iron Bundle|0 fnt\n|-unboost|p2a: Calyrex|def|1\n|-unboost|p2a: Calyrex|spd|1\n|faint|p1a: Iron Bundle\n|-end|p1a: Iron Bundle|Quark Drive|[silent]\n|-ability|p2a: Calyrex|Chilling Neigh|boost\n|-boost|p2a: Calyrex|atk|1\n|\n|-heal|p2a: Calyrex|58\/100|[from] item: Leftovers\n|upkeep\n|\n|t:|1697929622\n|switch|p1a: Electrode|Electrode-Hisui|100\/100\n|turn|6\n|\n|t:|1697929628\n|move|p2a: Calyrex|Glacial Lance|p1a: Electrode\n|-supereffective|p1a: Electrode\n|-damage|p1a: Electrode|0 fnt\n|faint|p1a: Electrode\n|-ability|p2a: Calyrex|Chilling Neigh|boost\n|-boost|p2a: Calyrex|atk|1\n|\n|-heal|p2a: Calyrex|64\/100|[from] item: Leftovers\n|upkeep\n|\n|t:|1697929636\n|switch|p1a: Barraskewda|Barraskewda, M, shiny|100\/100\n|turn|7\n|\n|t:|1697929643\n|move|p2a: Calyrex|Glacial Lance|p1a: Barraskewda\n|-resisted|p1a: Barraskewda\n|-damage|p1a: Barraskewda|0 fnt\n|faint|p1a: Barraskewda\n|-ability|p2a: Calyrex|Chilling Neigh|boost\n|-boost|p2a: Calyrex|atk|1\n|\n|-heal|p2a: Calyrex|71\/100|[from] item: Leftovers\n|-fieldend|move: Trick Room\n|upkeep\n|\n|t:|1697929658\n|switch|p1a: Flutter Mane|Flutter Mane, shiny|100\/100\n|turn|8\n|\n|t:|1697929667\n|move|p1a: Flutter Mane|Poltergeist|p2a: Calyrex\n|-activate|p2a: Calyrex|move: Poltergeist|Leftovers\n|-supereffective|p2a: Calyrex\n|-damage|p2a: Calyrex|22\/100\n|move|p2a: Calyrex|Glacial Lance|p1a: Flutter Mane\n|-damage|p1a: Flutter Mane|0 fnt\n|faint|p1a: Flutter Mane\n|-end|p1a: Flutter Mane|Protosynthesis|[silent]\n|\n|win|GalaxyGoji\n|raw|gigantemarino's rating: 1000 &rarr; <strong>1000<\/strong><br \/>(+0 for losing)\n|raw|GalaxyGoji's rating: 1026 &rarr; <strong>1059<\/strong><br \/>(+33 for winning)\n","uploadtime":1697929681,"views":8,"p1id":"gigantemarino","p2id":"galaxygoji","formatid":"gen9ubers","rating":1000,"private":0,"password":""}