{"id":"gen9ubers-1969659845","p1":"Flashlava100","p2":"Mattattac","format":"[Gen 9] Ubers","log":"|j|\u2606Flashlava100\n|j|\u2606Mattattac\n|t:|1697555618\n|gametype|singles\n|player|p1|Flashlava100|266|\n|player|p2|Mattattac|nate|\n|teamsize|p1|6\n|teamsize|p2|6\n|gen|9\n|tier|[Gen 9] Ubers\n|rule|Sleep Clause Mod: Limit one foe put to sleep\n|rule|Species Clause: Limit one of each Pok\u00e9mon\n|rule|OHKO Clause: OHKO moves are banned\n|rule|Evasion Items Clause: Evasion items are banned\n|rule|Evasion Moves Clause: Evasion moves are banned\n|rule|Endless Battle Clause: Forcing endless battles is banned\n|rule|HP Percentage Mod: HP is shown in percentages\n|clearpoke\n|poke|p1|Annihilape, M|\n|poke|p1|Ogerpon-Hearthflame, F|\n|poke|p1|Ursaluna-Bloodmoon, M|\n|poke|p1|Zacian-*|\n|poke|p1|Ting-Lu|\n|poke|p1|Pikachu, F|\n|poke|p2|Flutter Mane|\n|poke|p2|Ursaluna-Bloodmoon, M|\n|poke|p2|Chien-Pao|\n|poke|p2|Iron Bundle|\n|poke|p2|Annihilape, M|\n|poke|p2|Kyogre|\n|teampreview\n|\n|t:|1697555625\n|start\n|switch|p1a: Pikachu|Pikachu, F|100\/100\n|switch|p2a: Kyogre|Kyogre|100\/100\n|-weather|RainDance|[from] ability: Drizzle|[of] p2a: Kyogre\n|turn|1\n|\n|t:|1697555630\n|move|p2a: Kyogre|Water Spout|p1a: Pikachu\n|-damage|p1a: Pikachu|0 fnt\n|faint|p1a: Pikachu\n|\n|-weather|RainDance|[upkeep]\n|upkeep\n|\n|t:|1697555640\n|switch|p1a: Ting-Lu|Ting-Lu|100\/100\n|-ability|p1a: Ting-Lu|Vessel of Ruin\n|turn|2\n|\n|t:|1697555645\n|-terastallize|p1a: Ting-Lu|Dark\n|move|p2a: Kyogre|Water Spout|p1a: Ting-Lu\n|-damage|p1a: Ting-Lu|21\/100\n|move|p1a: Ting-Lu|Stone Edge|p2a: Kyogre\n|-damage|p2a: Kyogre|62\/100\n|\n|-weather|RainDance|[upkeep]\n|upkeep\n|turn|3\n|\n|t:|1697555654\n|move|p2a: Kyogre|Water Spout|p1a: Ting-Lu\n|-damage|p1a: Ting-Lu|0 fnt\n|faint|p1a: Ting-Lu\n|\n|-weather|RainDance|[upkeep]\n|upkeep\n|\n|t:|1697555665\n|switch|p1a: Annihilape|Annihilape, M|100\/100\n|turn|4\n|\n|t:|1697555669\n|move|p2a: Kyogre|Water Spout|p1a: Annihilape\n|-damage|p1a: Annihilape|23\/100\n|move|p1a: Annihilape|Drain Punch|p2a: Kyogre\n|-damage|p2a: Kyogre|22\/100\n|-heal|p1a: Annihilape|42\/100|[from] drain|[of] p2a: Kyogre\n|\n|-weather|RainDance|[upkeep]\n|upkeep\n|turn|5\n|\n|t:|1697555677\n|move|p2a: Kyogre|Water Spout|p1a: Annihilape\n|-damage|p1a: Annihilape|14\/100\n|move|p1a: Annihilape|Drain Punch|p2a: Kyogre\n|-damage|p2a: Kyogre|0 fnt\n|-heal|p1a: Annihilape|25\/100|[from] drain|[of] p2a: Kyogre\n|faint|p2a: Kyogre\n|\n|-weather|none\n|upkeep\n|\n|t:|1697555687\n|switch|p2a: Chien-Pao|Chien-Pao|100\/100\n|-ability|p2a: Chien-Pao|Sword of Ruin\n|turn|6\n|\n|t:|1697555693\n|move|p2a: Chien-Pao|Crunch|p1a: Annihilape\n|-damage|p1a: Annihilape|0 fnt\n|faint|p1a: Annihilape\n|\n|upkeep\n|\n|t:|1697555698\n|switch|p1a: Zacian|Zacian-Crowned|100\/100\n|-ability|p1a: Zacian|Intrepid Sword|boost\n|-boost|p1a: Zacian|atk|1\n|turn|7\n|\n|t:|1697555714\n|move|p2a: Chien-Pao|Sucker Punch||[still]\n|-fail|p2a: Chien-Pao\n|move|p1a: Zacian|Swords Dance|p1a: Zacian\n|-boost|p1a: Zacian|atk|2\n|\n|upkeep\n|turn|8\n|\n|t:|1697555720\n|move|p2a: Chien-Pao|Sucker Punch|p1a: Zacian\n|-resisted|p1a: Zacian\n|-damage|p1a: Zacian|74\/100\n|move|p1a: Zacian|Close Combat|p2a: Chien-Pao\n|-supereffective|p2a: Chien-Pao\n|-damage|p2a: Chien-Pao|0 fnt\n|-unboost|p1a: Zacian|def|1\n|-unboost|p1a: Zacian|spd|1\n|faint|p2a: Chien-Pao\n|\n|upkeep\n|\n|t:|1697555728\n|switch|p2a: Iron Bundle|Iron Bundle, shiny|100\/100\n|turn|9\n|\n|t:|1697555736\n|move|p1a: Zacian|Close Combat|p2a: Iron Bundle\n|-supereffective|p2a: Iron Bundle\n|-damage|p2a: Iron Bundle|0 fnt\n|-unboost|p1a: Zacian|def|1\n|-unboost|p1a: Zacian|spd|1\n|faint|p2a: Iron Bundle\n|-end|p2a: Iron Bundle|Quark Drive|[silent]\n|\n|upkeep\n|\n|t:|1697555739\n|switch|p2a: Ursaluna|Ursaluna-Bloodmoon, M|100\/100\n|turn|10\n|\n|t:|1697555745\n|-terastallize|p2a: Ursaluna|Fighting\n|move|p2a: Ursaluna|Vacuum Wave|p1a: Zacian\n|-crit|p1a: Zacian\n|-damage|p1a: Zacian|4\/100\n|move|p1a: Zacian|Close Combat|p2a: Ursaluna\n|-damage|p2a: Ursaluna|23\/100\n|-unboost|p1a: Zacian|def|1\n|-unboost|p1a: Zacian|spd|1\n|\n|upkeep\n|turn|11\n|\n|t:|1697555752\n|move|p2a: Ursaluna|Vacuum Wave|p1a: Zacian\n|-crit|p1a: Zacian\n|-damage|p1a: Zacian|0 fnt\n|faint|p1a: Zacian\n|\n|upkeep\n|\n|t:|1697555756\n|switch|p1a: Ogerpon|Ogerpon-Hearthflame, F|100\/100\n|-ability|p1a: Ogerpon|Mold Breaker\n|turn|12\n|\n|t:|1697555761\n|move|p1a: Ogerpon|Ivy Cudgel|p2a: Ursaluna\n|-damage|p2a: Ursaluna|0 fnt\n|faint|p2a: Ursaluna\n|\n|upkeep\n|\n|t:|1697555778\n|switch|p2a: Flutter Mane|Flutter Mane, shiny|100\/100\n|turn|13\n|\n|t:|1697555783\n|move|p2a: Flutter Mane|Shadow Ball|p1a: Ogerpon\n|-damage|p1a: Ogerpon|26\/100\n|-unboost|p1a: Ogerpon|spd|1\n|move|p1a: Ogerpon|Ivy Cudgel|p2a: Flutter Mane\n|-damage|p2a: Flutter Mane|0 fnt\n|faint|p2a: Flutter Mane\n|-end|p2a: Flutter Mane|Protosynthesis|[silent]\n|\n|upkeep\n|\n|t:|1697555786\n|switch|p2a: Annihilape|Annihilape, M, shiny|100\/100\n|turn|14\n|\n|t:|1697555792\n|move|p1a: Ogerpon|Horn Leech|p2a: Annihilape\n|-crit|p2a: Annihilape\n|-damage|p2a: Annihilape|36\/100\n|-heal|p1a: Ogerpon|72\/100|[from] drain|[of] p2a: Annihilape\n|move|p2a: Annihilape|Drain Punch|p1a: Ogerpon\n|-damage|p1a: Ogerpon|35\/100\n|-heal|p2a: Annihilape|49\/100|[from] drain|[of] p1a: Ogerpon\n|\n|-heal|p2a: Annihilape|55\/100|[from] item: Leftovers\n|upkeep\n|turn|15\n|\n|t:|1697555798\n|move|p1a: Ogerpon|Horn Leech|p2a: Annihilape\n|-damage|p2a: Annihilape|12\/100\n|-heal|p1a: Ogerpon|65\/100|[from] drain|[of] p2a: Annihilape\n|move|p2a: Annihilape|Drain Punch|p1a: Ogerpon\n|-damage|p1a: Ogerpon|23\/100\n|-heal|p2a: Annihilape|27\/100|[from] drain|[of] p1a: Ogerpon\n|\n|-heal|p2a: Annihilape|33\/100|[from] item: Leftovers\n|upkeep\n|turn|16\n|\n|t:|1697555804\n|move|p1a: Ogerpon|Ivy Cudgel|p2a: Annihilape\n|-damage|p2a: Annihilape|0 fnt\n|faint|p2a: Annihilape\n|\n|win|Flashlava100\n","uploadtime":1697555808,"views":11,"p1id":"flashlava100","p2id":"mattattac","formatid":"gen9ubers","rating":0,"private":0,"password":""}