{"id":"gen9ubers-1989360480","p1":"Nugget O Silver","p2":"4R4CH1S","format":"[Gen 9] Ubers","log":"|j|\u2606Nugget O Silver\n|j|\u26064R4CH1S\n|t:|1699840638\n|gametype|singles\n|player|p1|Nugget O Silver|colress|\n|player|p2|4R4CH1S|cheryl|\n|teamsize|p1|6\n|teamsize|p2|6\n|gen|9\n|tier|[Gen 9] Ubers\n|rule|Sleep Clause Mod: Limit one foe put to sleep\n|rule|Species Clause: Limit one of each Pok\u00e9mon\n|rule|OHKO Clause: OHKO moves are banned\n|rule|Evasion Items Clause: Evasion items are banned\n|rule|Evasion Moves Clause: Evasion moves are banned\n|rule|Endless Battle Clause: Forcing endless battles is banned\n|rule|HP Percentage Mod: HP is shown in percentages\n|clearpoke\n|poke|p1|Arceus|\n|poke|p1|Dragapult, F|\n|poke|p1|Dialga|\n|poke|p1|Iron Valiant|\n|poke|p1|Basculegion-F, F|\n|poke|p1|Rayquaza|\n|poke|p2|Basculegion-F, F|\n|poke|p2|Hoopa-Unbound|\n|poke|p2|Slowking-Galar, F|\n|poke|p2|Groudon|\n|poke|p2|Arceus|\n|poke|p2|Jirachi|\n|teampreview\n|c|\u26064R4CH1S|glhf\n|c|\u2606Nugget O Silver|glhf\n|\n|t:|1699840670\n|start\n|switch|p1a: Dragapult|Dragapult, F|100\/100\n|switch|p2a: The Contrarian Mon|Slowking-Galar, F|100\/100\n|turn|1\n|\n|t:|1699840680\n|move|p1a: Dragapult|Light Screen|p1a: Dragapult\n|-sidestart|p1: Nugget O Silver|move: Light Screen\n|move|p2a: The Contrarian Mon|Chilly Reception|p2a: The Contrarian Mon\n|-weather|Snow\n|\n|t:|1699840683\n|switch|p2a: 4D Chess|Hoopa-Unbound|100\/100|[from] Chilly Reception\n|\n|-weather|Snow|[upkeep]\n|upkeep\n|turn|2\n|\n|t:|1699840696\n|move|p2a: 4D Chess|Knock Off|p1a: Dragapult\n|-supereffective|p1a: Dragapult\n|-damage|p1a: Dragapult|0 fnt\n|-enditem|p1a: Dragapult|Light Clay|[from] move: Knock Off|[of] p2a: 4D Chess\n|faint|p1a: Dragapult\n|\n|-weather|Snow|[upkeep]\n|upkeep\n|\n|t:|1699840704\n|switch|p1a: Iron Valiant|Iron Valiant, shiny|100\/100\n|-enditem|p1a: Iron Valiant|Booster Energy\n|-activate|p1a: Iron Valiant|ability: Quark Drive|[fromitem]\n|-start|p1a: Iron Valiant|quarkdrivespe\n|turn|3\n|\n|t:|1699840711\n|switch|p2a: The Contrarian Mon|Slowking-Galar, F|100\/100\n|move|p1a: Iron Valiant|Calm Mind|p1a: Iron Valiant\n|-boost|p1a: Iron Valiant|spa|1\n|-boost|p1a: Iron Valiant|spd|1\n|\n|-weather|Snow|[upkeep]\n|upkeep\n|turn|4\n|\n|t:|1699840723\n|move|p1a: Iron Valiant|Psyshock|p2a: The Contrarian Mon\n|-damage|p2a: The Contrarian Mon|72\/100\n|move|p2a: The Contrarian Mon|Toxic|p1a: Iron Valiant\n|-status|p1a: Iron Valiant|tox\n|\n|-weather|Snow|[upkeep]\n|-damage|p1a: Iron Valiant|94\/100 tox|[from] psn\n|upkeep\n|turn|5\n|\n|t:|1699840731\n|move|p1a: Iron Valiant|Calm Mind|p1a: Iron Valiant\n|-boost|p1a: Iron Valiant|spa|1\n|-boost|p1a: Iron Valiant|spd|1\n|move|p2a: The Contrarian Mon|Slack Off|p2a: The Contrarian Mon\n|-heal|p2a: The Contrarian Mon|100\/100\n|\n|-weather|none\n|-damage|p1a: Iron Valiant|82\/100 tox|[from] psn\n|upkeep\n|turn|6\n|\n|t:|1699840734\n|move|p1a: Iron Valiant|Moonblast|p2a: The Contrarian Mon\n|-resisted|p2a: The Contrarian Mon\n|-damage|p2a: The Contrarian Mon|68\/100\n|-unboost|p2a: The Contrarian Mon|spa|1\n|move|p2a: The Contrarian Mon|Chilly Reception|p2a: The Contrarian Mon\n|-weather|Snow\n|\n|t:|1699840762\n|switch|p2a: Horrors Beyond|Arceus|100\/100|[from] Chilly Reception\n|\n|-weather|Snow|[upkeep]\n|-damage|p1a: Iron Valiant|63\/100 tox|[from] psn\n|upkeep\n|turn|7\n|\n|t:|1699840775\n|move|p2a: Horrors Beyond|Extreme Speed|p1a: Iron Valiant\n|-damage|p1a: Iron Valiant|0 fnt\n|faint|p1a: Iron Valiant\n|-end|p1a: Iron Valiant|Quark Drive|[silent]\n|-damage|p2a: Horrors Beyond|91\/100|[from] item: Life Orb\n|\n|-weather|Snow|[upkeep]\n|upkeep\n|\n|t:|1699840786\n|switch|p1a: Arceus|Arceus|100\/100\n|turn|8\n|\n|t:|1699840791\n|switch|p2a: El Sunny Dog|Groudon, shiny|100\/100\n|-weather|SunnyDay|[from] ability: Drought|[of] p2a: El Sunny Dog\n|move|p1a: Arceus|Swords Dance|p1a: Arceus\n|-boost|p1a: Arceus|atk|2\n|\n|-weather|SunnyDay|[upkeep]\n|-sideend|p1: Nugget O Silver|move: Light Screen\n|upkeep\n|turn|9\n|\n|t:|1699840802\n|move|p1a: Arceus|Extreme Speed|p2a: El Sunny Dog\n|-damage|p2a: El Sunny Dog|58\/100\n|move|p2a: El Sunny Dog|Will-O-Wisp|p1a: Arceus|[miss]\n|-miss|p2a: El Sunny Dog|p1a: Arceus\n|\n|-weather|SunnyDay|[upkeep]\n|-heal|p2a: El Sunny Dog|64\/100|[from] item: Leftovers\n|upkeep\n|turn|10\n|\n|t:|1699840813\n|switch|p1a: Basculegion|Basculegion-F, F|100\/100\n|move|p2a: El Sunny Dog|Will-O-Wisp|p1a: Basculegion\n|-status|p1a: Basculegion|brn\n|\n|-weather|SunnyDay|[upkeep]\n|-heal|p2a: El Sunny Dog|70\/100|[from] item: Leftovers\n|-damage|p1a: Basculegion|94\/100 brn|[from] brn\n|upkeep\n|turn|11\n|\n|t:|1699840823\n|move|p1a: Basculegion|Flip Turn|p2a: El Sunny Dog\n|-supereffective|p2a: El Sunny Dog\n|-damage|p2a: El Sunny Dog|62\/100\n|\n|t:|1699840826\n|switch|p1a: Rayquaza|Rayquaza|100\/100|[from] Flip Turn\n|-ability|p1a: Rayquaza|Air Lock\n|move|p2a: El Sunny Dog|Stealth Rock|p1a: Rayquaza\n|-sidestart|p1: Nugget O Silver|move: Stealth Rock\n|\n|-weather|SunnyDay|[upkeep]\n|-heal|p2a: El Sunny Dog|69\/100|[from] item: Leftovers\n|upkeep\n|turn|12\n|\n|t:|1699840833\n|switch|p2a: In The Night Sky|Jirachi|100\/100\n|move|p1a: Rayquaza|Substitute|p1a: Rayquaza\n|-start|p1a: Rayquaza|Substitute\n|-damage|p1a: Rayquaza|76\/100\n|\n|-weather|none\n|-heal|p1a: Rayquaza|82\/100|[from] item: Leftovers\n|upkeep\n|turn|13\n|\n|t:|1699840837\n|move|p1a: Rayquaza|Dragon Dance|p1a: Rayquaza\n|-boost|p1a: Rayquaza|atk|1\n|-boost|p1a: Rayquaza|spe|1\n|move|p2a: In The Night Sky|Dazzling Gleam|p1a: Rayquaza\n|-supereffective|p1a: Rayquaza\n|-end|p1a: Rayquaza|Substitute\n|\n|-heal|p1a: Rayquaza|88\/100|[from] item: Leftovers\n|upkeep\n|turn|14\n|\n|t:|1699840862\n|-terastallize|p1a: Rayquaza|Water\n|-terastallize|p2a: In The Night Sky|Fairy\n|move|p1a: Rayquaza|Dragon Dance|p1a: Rayquaza\n|-boost|p1a: Rayquaza|atk|1\n|-boost|p1a: Rayquaza|spe|1\n|move|p2a: In The Night Sky|Dazzling Gleam|p1a: Rayquaza\n|-crit|p1a: Rayquaza\n|-damage|p1a: Rayquaza|46\/100\n|\n|-heal|p1a: Rayquaza|52\/100|[from] item: Leftovers\n|upkeep\n|turn|15\n|\n|t:|1699840871\n|move|p1a: Rayquaza|Dragon Ascent|p2a: In The Night Sky\n|-damage|p2a: In The Night Sky|0 fnt\n|-unboost|p1a: Rayquaza|def|1\n|-unboost|p1a: Rayquaza|spd|1\n|faint|p2a: In The Night Sky\n|\n|-heal|p1a: Rayquaza|58\/100|[from] item: Leftovers\n|upkeep\n|\n|t:|1699840875\n|switch|p2a: Horrors Beyond|Arceus|91\/100\n|turn|16\n|\n|t:|1699840880\n|switch|p1a: Basculegion|Basculegion-F, F|94\/100 brn\n|-damage|p1a: Basculegion|82\/100 brn|[from] Stealth Rock\n|move|p2a: Horrors Beyond|Extreme Speed|p1a: Basculegion\n|-immune|p1a: Basculegion\n|\n|-damage|p1a: Basculegion|76\/100 brn|[from] brn\n|upkeep\n|turn|17\n|\n|t:|1699840886\n|move|p1a: Basculegion|Wave Crash|p2a: Horrors Beyond\n|-damage|p2a: Horrors Beyond|69\/100\n|-damage|p1a: Basculegion|68\/100 brn|[from] Recoil\n|move|p2a: Horrors Beyond|Swords Dance|p2a: Horrors Beyond\n|-boost|p2a: Horrors Beyond|atk|2\n|\n|-damage|p1a: Basculegion|62\/100 brn|[from] brn\n|upkeep\n|turn|18\n|\n|t:|1699840898\n|move|p1a: Basculegion|Wave Crash|p2a: Horrors Beyond\n|-damage|p2a: Horrors Beyond|46\/100\n|-damage|p1a: Basculegion|53\/100 brn|[from] Recoil\n|move|p2a: Horrors Beyond|Recover|p2a: Horrors Beyond\n|-heal|p2a: Horrors Beyond|96\/100\n|\n|-damage|p1a: Basculegion|47\/100 brn|[from] brn\n|upkeep\n|turn|19\n|\n|t:|1699840905\n|switch|p1a: Arceus|Arceus|100\/100\n|-damage|p1a: Arceus|88\/100|[from] Stealth Rock\n|move|p2a: Horrors Beyond|Swords Dance|p2a: Horrors Beyond\n|-boost|p2a: Horrors Beyond|atk|2\n|\n|-heal|p1a: Arceus|94\/100|[from] item: Leftovers\n|upkeep\n|turn|20\n|\n|t:|1699840909\n|move|p2a: Horrors Beyond|Extreme Speed|p1a: Arceus\n|-damage|p1a: Arceus|0 fnt\n|faint|p1a: Arceus\n|-damage|p2a: Horrors Beyond|87\/100|[from] item: Life Orb\n|\n|upkeep\n|\n|t:|1699840911\n|switch|p1a: Dialga|Dialga|100\/100\n|-damage|p1a: Dialga|94\/100|[from] Stealth Rock\n|-ability|p1a: Dialga|Pressure\n|turn|21\n|\n|t:|1699840914\n|move|p1a: Dialga|Bulk Up|p1a: Dialga\n|-boost|p1a: Dialga|atk|1\n|-boost|p1a: Dialga|def|1\n|move|p2a: Horrors Beyond|Shadow Claw|p1a: Dialga\n|-damage|p1a: Dialga|35\/100\n|-damage|p2a: Horrors Beyond|77\/100|[from] item: Life Orb\n|\n|upkeep\n|turn|22\n|\n|t:|1699840921\n|move|p1a: Dialga|Heavy Slam|p2a: Horrors Beyond\n|-damage|p2a: Horrors Beyond|47\/100\n|move|p2a: Horrors Beyond|Shadow Claw|p1a: Dialga\n|-damage|p1a: Dialga|0 fnt\n|faint|p1a: Dialga\n|-damage|p2a: Horrors Beyond|37\/100|[from] item: Life Orb\n|\n|upkeep\n|c|\u2606Nugget O Silver|gg\n|c|\u26064R4CH1S|gg\n|\n|t:|1699840932\n|switch|p1a: Rayquaza|Rayquaza, tera:Water|58\/100\n|-damage|p1a: Rayquaza|46\/100|[from] Stealth Rock\n|-ability|p1a: Rayquaza|Air Lock\n|turn|23\n|\n|t:|1699840936\n|move|p2a: Horrors Beyond|Extreme Speed|p1a: Rayquaza\n|-damage|p1a: Rayquaza|0 fnt\n|faint|p1a: Rayquaza\n|-damage|p2a: Horrors Beyond|27\/100|[from] item: Life Orb\n|\n|upkeep\n|\n|t:|1699840938\n|switch|p1a: Basculegion|Basculegion-F, F|47\/100 brn\n|-damage|p1a: Basculegion|35\/100 brn|[from] Stealth Rock\n|turn|24\n|\n|t:|1699840942\n|move|p1a: Basculegion|Wave Crash|p2a: Horrors Beyond\n|-damage|p2a: Horrors Beyond|6\/100\n|-damage|p1a: Basculegion|26\/100 brn|[from] Recoil\n|move|p2a: Horrors Beyond|Recover|p2a: Horrors Beyond\n|-heal|p2a: Horrors Beyond|56\/100\n|\n|-damage|p1a: Basculegion|20\/100 brn|[from] brn\n|upkeep\n|turn|25\n|\n|t:|1699840947\n|move|p1a: Basculegion|Wave Crash|p2a: Horrors Beyond\n|-damage|p2a: Horrors Beyond|33\/100\n|-damage|p1a: Basculegion|12\/100 brn|[from] Recoil\n|move|p2a: Horrors Beyond|Shadow Claw|p1a: Basculegion\n|-supereffective|p1a: Basculegion\n|-damage|p1a: Basculegion|0 fnt\n|faint|p1a: Basculegion\n|-damage|p2a: Horrors Beyond|23\/100|[from] item: Life Orb\n|\n|win|4R4CH1S\n","uploadtime":1699841311,"views":15,"p1id":"nuggetosilver","p2id":"4r4ch1s","formatid":"gen9ubers","rating":0,"private":0,"password":""}