{"id":"gen9ubers-1986712176","p1":"Ghost48761","p2":"ctipomoiett","format":"[Gen 9] Ubers","log":"|j|\u2606Ghost48761\n|j|\u2606ctipomoiett\n|t:|1699512297\n|gametype|singles\n|player|p1|Ghost48761|n|1045\n|player|p2|ctipomoiett|preschooler|1254\n|teamsize|p1|6\n|teamsize|p2|6\n|gen|9\n|tier|[Gen 9] Ubers\n|rated|\n|rule|Sleep Clause Mod: Limit one foe put to sleep\n|rule|Species Clause: Limit one of each Pok\u00e9mon\n|rule|OHKO Clause: OHKO moves are banned\n|rule|Evasion Items Clause: Evasion items are banned\n|rule|Evasion Moves Clause: Evasion moves are banned\n|rule|Endless Battle Clause: Forcing endless battles is banned\n|rule|HP Percentage Mod: HP is shown in percentages\n|clearpoke\n|poke|p1|Zoroark-Hisui, F|\n|poke|p1|Gastrodon-East, F|\n|poke|p1|Landorus-Therian, M|\n|poke|p1|Zacian-*|\n|poke|p1|Ogerpon-Wellspring, F|\n|poke|p1|Dialga|\n|poke|p2|Flutter Mane|\n|poke|p2|Palafin, F|\n|poke|p2|Koraidon|\n|poke|p2|Glimmora, M|\n|poke|p2|Tyranitar, M|\n|poke|p2|Houndstone, M|\n|teampreview\n|inactive|Battle timer is ON: inactive players will automatically lose when time's up. (requested by Ghost48761)\n|\n|t:|1699512304\n|start\n|switch|p1a: Dialga|Dialga, shiny|100\/100\n|switch|p2a: FLOWER POWER|Glimmora, M, shiny|100\/100\n|turn|1\n|\n|t:|1699512310\n|move|p1a: Dialga|Nasty Plot|p1a: Dialga\n|-boost|p1a: Dialga|spa|2\n|move|p2a: FLOWER POWER|Stealth Rock|p1a: Dialga\n|-sidestart|p1: Ghost48761|move: Stealth Rock\n|\n|upkeep\n|turn|2\n|\n|t:|1699512317\n|move|p1a: Dialga|Shadow Ball|p2a: FLOWER POWER\n|-enditem|p2a: FLOWER POWER|Focus Sash\n|-damage|p2a: FLOWER POWER|1\/100\n|move|p2a: FLOWER POWER|Earth Power|p1a: Dialga\n|-damage|p1a: Dialga|35\/100\n|replace|p1a: Zoroark|Zoroark-Hisui, F, shiny\n|-end|p1a: Zoroark|Illusion\n|\n|upkeep\n|turn|3\n|inactive|ctipomoiett has 120 seconds left.\n|\n|t:|1699512350\n|move|p1a: Zoroark|Shadow Ball|p2a: FLOWER POWER\n|-damage|p2a: FLOWER POWER|0 fnt\n|faint|p2a: FLOWER POWER\n|\n|upkeep\n|inactive|ctipomoiett has 120 seconds left.\n|\n|t:|1699512360\n|switch|p2a: Krokmou|Koraidon|100\/100\n|-weather|SunnyDay|[from] ability: Orichalcum Pulse|[of] p2a: Krokmou\n|-activate|p2a: Krokmou|Orichalcum Pulse|[source]\n|turn|4\n|inactive|ctipomoiett has 120 seconds left.\n|\n|t:|1699512368\n|move|p2a: Krokmou|Scale Shot|p1a: Zoroark\n|-damage|p1a: Zoroark|0 fnt\n|faint|p1a: Zoroark\n|-hitcount|p1: Zoroark|1\n|-unboost|p2a: Krokmou|def|1\n|-boost|p2a: Krokmou|spe|1\n|\n|-weather|SunnyDay|[upkeep]\n|upkeep\n|inactive|Ghost48761 has 120 seconds left.\n|\n|t:|1699512408\n|switch|p1a: Zacian|Zacian-Crowned|100\/100\n|-damage|p1a: Zacian|94\/100|[from] Stealth Rock\n|-ability|p1a: Zacian|Intrepid Sword|boost\n|-boost|p1a: Zacian|atk|1\n|turn|5\n|\n|t:|1699512419\n|move|p2a: Krokmou|Flare Blitz|p1a: Zacian\n|-supereffective|p1a: Zacian\n|-damage|p1a: Zacian|0 fnt\n|faint|p1a: Zacian\n|-damage|p2a: Krokmou|71\/100|[from] Recoil\n|\n|-weather|SunnyDay|[upkeep]\n|upkeep\n|\n|t:|1699512426\n|switch|p1a: Landorus|Landorus-Therian, M, shiny|100\/100\n|-damage|p1a: Landorus|88\/100|[from] Stealth Rock\n|-ability|p1a: Landorus|Intimidate|boost\n|-unboost|p2a: Krokmou|atk|1\n|turn|6\n|\n|t:|1699512436\n|move|p2a: Krokmou|Flare Blitz|p1a: Landorus\n|-damage|p1a: Landorus|21\/100\n|-damage|p2a: Krokmou|50\/100|[from] Recoil\n|move|p1a: Landorus|Earth Power|p2a: Krokmou\n|-damage|p2a: Krokmou|9\/100\n|\n|-weather|SunnyDay|[upkeep]\n|upkeep\n|turn|7\n|inactive|Ghost48761 has 120 seconds left.\n|\n|t:|1699512451\n|move|p2a: Krokmou|Scale Shot|p1a: Landorus\n|-crit|p1a: Landorus\n|-damage|p1a: Landorus|0 fnt\n|faint|p1a: Landorus\n|-hitcount|p1: Landorus|1\n|-unboost|p2a: Krokmou|def|1\n|-boost|p2a: Krokmou|spe|1\n|\n|-weather|SunnyDay|[upkeep]\n|upkeep\n|\n|t:|1699512459\n|switch|p1a: Gastrodon|Gastrodon-East, F, shiny|100\/100\n|-damage|p1a: Gastrodon|94\/100|[from] Stealth Rock\n|turn|8\n|\n|t:|1699512471\n|move|p2a: Krokmou|Scale Shot|p1a: Gastrodon\n|-damage|p1a: Gastrodon|80\/100\n|-damage|p1a: Gastrodon|67\/100\n|-damage|p1a: Gastrodon|52\/100\n|-damage|p1a: Gastrodon|39\/100\n|-hitcount|p1a: Gastrodon|4\n|-unboost|p2a: Krokmou|def|1\n|-boost|p2a: Krokmou|spe|1\n|move|p1a: Gastrodon|Acid Armor|p1a: Gastrodon\n|-boost|p1a: Gastrodon|def|2\n|\n|-weather|none\n|-heal|p1a: Gastrodon|45\/100|[from] item: Leftovers\n|upkeep\n|turn|9\n|inactive|Ghost48761 has 120 seconds left.\n|\n|t:|1699512488\n|move|p2a: Krokmou|Collision Course|p1a: Gastrodon\n|-damage|p1a: Gastrodon|25\/100\n|move|p1a: Gastrodon|Recover|p1a: Gastrodon\n|-heal|p1a: Gastrodon|75\/100\n|\n|-heal|p1a: Gastrodon|81\/100|[from] item: Leftovers\n|upkeep\n|turn|10\n|inactive|Ghost48761 has 120 seconds left.\n|\n|t:|1699512497\n|move|p2a: Krokmou|Collision Course|p1a: Gastrodon\n|-crit|p1a: Gastrodon\n|-damage|p1a: Gastrodon|0 fnt\n|faint|p1a: Gastrodon\n|\n|upkeep\n|inactive|Ghost48761 has 120 seconds left.\n|\n|t:|1699512503\n|switch|p1a: Ogerpon|Ogerpon-Wellspring, F|100\/100\n|-damage|p1a: Ogerpon|88\/100|[from] Stealth Rock\n|turn|11\n|\n|t:|1699512516\n|move|p2a: Krokmou|Scale Shot|p1a: Ogerpon\n|-damage|p1a: Ogerpon|76\/100\n|-damage|p1a: Ogerpon|63\/100\n|-damage|p1a: Ogerpon|51\/100\n|-damage|p1a: Ogerpon|38\/100\n|-damage|p1a: Ogerpon|27\/100\n|-hitcount|p1a: Ogerpon|5\n|-unboost|p2a: Krokmou|def|1\n|-boost|p2a: Krokmou|spe|1\n|move|p1a: Ogerpon|Ivy Cudgel|p2a: Krokmou\n|-resisted|p2a: Krokmou\n|-damage|p2a: Krokmou|0 fnt\n|faint|p2a: Krokmou\n|\n|upkeep\n|\n|t:|1699512529\n|switch|p2a: one Mane man|Flutter Mane, shiny|100\/100\n|-enditem|p2a: one Mane man|Booster Energy\n|-activate|p2a: one Mane man|ability: Protosynthesis|[fromitem]\n|-start|p2a: one Mane man|protosynthesisspe\n|turn|12\n|\n|t:|1699512538\n|move|p2a: one Mane man|Moonblast|p1a: Ogerpon\n|-damage|p1a: Ogerpon|0 fnt\n|faint|p1a: Ogerpon\n|\n|upkeep\n|\n|t:|1699512542\n|switch|p1a: Dialga|Dialga, shiny|100\/100\n|-damage|p1a: Dialga|94\/100|[from] Stealth Rock\n|-ability|p1a: Dialga|Pressure\n|turn|13\n|\n|t:|1699512553\n|move|p2a: one Mane man|Mystical Fire|p1a: Dialga\n|-damage|p1a: Dialga|70\/100\n|-unboost|p1a: Dialga|spa|1\n|move|p1a: Dialga|Iron Defense|p1a: Dialga\n|-boost|p1a: Dialga|def|2\n|\n|-heal|p1a: Dialga|76\/100|[from] item: Leftovers\n|upkeep\n|turn|14\n|\n|t:|1699512561\n|move|p2a: one Mane man|Mystical Fire|p1a: Dialga\n|-damage|p1a: Dialga|54\/100\n|-unboost|p1a: Dialga|spa|1\n|move|p1a: Dialga|Flash Cannon|p2a: one Mane man\n|-supereffective|p2a: one Mane man\n|-damage|p2a: one Mane man|47\/100\n|\n|-heal|p1a: Dialga|60\/100|[from] item: Leftovers\n|upkeep\n|turn|15\n|\n|t:|1699512571\n|move|p2a: one Mane man|Mystical Fire|p1a: Dialga\n|-damage|p1a: Dialga|39\/100\n|-unboost|p1a: Dialga|spa|1\n|move|p1a: Dialga|Flash Cannon|p2a: one Mane man\n|-supereffective|p2a: one Mane man\n|-damage|p2a: one Mane man|6\/100\n|-unboost|p2a: one Mane man|spd|1\n|\n|-heal|p1a: Dialga|45\/100|[from] item: Leftovers\n|upkeep\n|turn|16\n|\n|t:|1699512581\n|move|p2a: one Mane man|Mystical Fire|p1a: Dialga\n|-damage|p1a: Dialga|22\/100\n|-unboost|p1a: Dialga|spa|1\n|move|p1a: Dialga|Flash Cannon|p2a: one Mane man\n|-supereffective|p2a: one Mane man\n|-damage|p2a: one Mane man|0 fnt\n|faint|p2a: one Mane man\n|-end|p2a: one Mane man|Protosynthesis|[silent]\n|\n|-heal|p1a: Dialga|28\/100|[from] item: Leftovers\n|upkeep\n|\n|t:|1699512597\n|switch|p2a: flipper|Palafin, F, shiny|100\/100\n|turn|17\n|\n|t:|1699512609\n|detailschange|p2a: flipper|Palafin-Hero, F, shiny\n|switch|p2a: froushhhhhh|Tyranitar, M, shiny|100\/100\n|-weather|Sandstorm|[from] ability: Sand Stream|[of] p2a: froushhhhhh\n|move|p1a: Dialga|Body Press|p2a: froushhhhhh\n|-supereffective|p2a: froushhhhhh\n|-damage|p2a: froushhhhhh|0 fnt\n|faint|p2a: froushhhhhh\n|\n|-weather|Sandstorm|[upkeep]\n|-heal|p1a: Dialga|35\/100|[from] item: Leftovers\n|upkeep\n|\n|t:|1699512623\n|switch|p2a: wat da dog doin'|Houndstone, M, shiny|100\/100\n|turn|18\n|\n|t:|1699512628\n|-terastallize|p2a: wat da dog doin'|Fighting\n|move|p2a: wat da dog doin'|Tera Blast|p1a: Dialga|[anim] Tera Blast Fighting\n|-supereffective|p1a: Dialga\n|-damage|p1a: Dialga|7\/100\n|move|p1a: Dialga|Flash Cannon|p2a: wat da dog doin'\n|-crit|p2a: wat da dog doin'\n|-damage|p2a: wat da dog doin'|11\/100\n|\n|-weather|Sandstorm|[upkeep]\n|-heal|p1a: Dialga|14\/100|[from] item: Leftovers\n|upkeep\n|turn|19\n|\n|t:|1699512638\n|move|p2a: wat da dog doin'|Tera Blast|p1a: Dialga|[anim] Tera Blast Fighting\n|-supereffective|p1a: Dialga\n|-damage|p1a: Dialga|0 fnt\n|faint|p1a: Dialga\n|\n|win|ctipomoiett\n|raw|Ghost48761's rating: 1045 &rarr; <strong>1037<\/strong><br \/>(-8 for losing)\n|raw|ctipomoiett's rating: 1254 &rarr; <strong>1266<\/strong><br \/>(+12 for winning)\n|l|\u2606Ghost48761\n","uploadtime":1699512707,"views":27,"p1id":"ghost48761","p2id":"ctipomoiett","formatid":"gen9ubers","rating":1037,"private":0,"password":""}