{"id":"gen9ubers-1982011632","p1":"Jumilapipe RPPLF","p2":"Zenadark","format":"[Gen 9] Ubers","log":"|j|\u2606Jumilapipe RPPLF\n|j|\u2606Zenadark\n|t:|1698959469\n|gametype|singles\n|player|p1|Jumilapipe RPPLF|backers|\n|player|p2|Zenadark|#stt5noadkokoroyal|\n|teamsize|p1|6\n|teamsize|p2|6\n|gen|9\n|tier|[Gen 9] Ubers\n|rule|Sleep Clause Mod: Limit one foe put to sleep\n|rule|Species Clause: Limit one of each Pok\u00e9mon\n|rule|OHKO Clause: OHKO moves are banned\n|rule|Evasion Items Clause: Evasion items are banned\n|rule|Evasion Moves Clause: Evasion moves are banned\n|rule|Endless Battle Clause: Forcing endless battles is banned\n|rule|HP Percentage Mod: HP is shown in percentages\n|clearpoke\n|poke|p1|Frosmoth, F|\n|poke|p1|Forretress, M|\n|poke|p1|Grumpig, M|\n|poke|p1|Dugtrio, F|\n|poke|p1|Pachirisu, M|\n|poke|p1|Gallade, M|\n|poke|p2|Munkidori, M|\n|poke|p2|Jirachi|\n|poke|p2|Mandibuzz, F|\n|poke|p2|Gliscor, M|\n|poke|p2|Gallade, M|\n|poke|p2|Dragonite, M|\n|teampreview\n|c|\u2606Zenadark|hf\n|\n|t:|1698959490\n|start\n|switch|p1a: Dugtrio|Dugtrio, F|100\/100\n|switch|p2a: Munkidori|Munkidori, M|100\/100\n|turn|1\n|c|\u2606Jumilapipe RPPLF|Hf !\n|\n|t:|1698959501\n|move|p1a: Dugtrio|Earthquake|p2a: Munkidori\n|-supereffective|p2a: Munkidori\n|-damage|p2a: Munkidori|0 fnt\n|faint|p2a: Munkidori\n|\n|upkeep\n|\n|t:|1698959508\n|switch|p2a: Dragonite|Dragonite, M, shiny|100\/100\n|turn|2\n|\n|t:|1698959524\n|switch|p1a: Forretress|Forretress, M|100\/100\n|move|p2a: Dragonite|Dragon Dance|p2a: Dragonite\n|-boost|p2a: Dragonite|atk|1\n|-boost|p2a: Dragonite|spe|1\n|\n|upkeep\n|turn|3\n|\n|t:|1698959530\n|move|p2a: Dragonite|Hurricane|p1a: Forretress\n|-damage|p1a: Forretress|50\/100\n|-start|p1a: Forretress|confusion\n|-activate|p1a: Forretress|confusion\n|-damage|p1a: Forretress|45\/100|[from] confusion\n|\n|upkeep\n|turn|4\n|\n|t:|1698959545\n|move|p2a: Dragonite|Hurricane|p1a: Forretress\n|-crit|p1a: Forretress\n|-damage|p1a: Forretress|0 fnt\n|faint|p1a: Forretress\n|\n|upkeep\n|\n|t:|1698959580\n|switch|p1a: Grumpig|Grumpig, M|100\/100\n|turn|5\n|\n|t:|1698959585\n|move|p2a: Dragonite|Dragon Dance|p2a: Dragonite\n|-boost|p2a: Dragonite|atk|1\n|-boost|p2a: Dragonite|spe|1\n|move|p1a: Grumpig|Whirlwind|p2a: Dragonite\n|drag|p2a: Gliscor|Gliscor, M, shiny|100\/100\n|\n|-status|p2a: Gliscor|tox|[from] item: Toxic Orb\n|upkeep\n|turn|6\n|\n|t:|1698959629\n|switch|p1a: Dugtrio|Dugtrio, F|100\/100\n|move|p2a: Gliscor|Stealth Rock|p1a: Dugtrio\n|-sidestart|p1: Jumilapipe RPPLF|move: Stealth Rock\n|\n|upkeep\n|turn|7\n|\n|t:|1698959634\n|move|p1a: Dugtrio|Stealth Rock|p2a: Gliscor\n|-sidestart|p2: Zenadark|move: Stealth Rock\n|move|p2a: Gliscor|Toxic|p1a: Dugtrio\n|-status|p1a: Dugtrio|tox\n|\n|-damage|p1a: Dugtrio|94\/100 tox|[from] psn\n|upkeep\n|turn|8\n|\n|t:|1698959641\n|move|p1a: Dugtrio|Memento|p2a: Gliscor\n|-unboost|p2a: Gliscor|atk|2\n|-unboost|p2a: Gliscor|spa|2\n|faint|p1a: Dugtrio\n|move|p2a: Gliscor|Earthquake|p1: Dugtrio|[notarget]\n|-fail|p2a: Gliscor\n|\n|upkeep\n|\n|t:|1698959647\n|switch|p1a: Frosmoth|Frosmoth, F|100\/100\n|turn|9\n|\n|t:|1698959650\n|switch|p2a: Jirachi|Jirachi|100\/100\n|-damage|p2a: Jirachi|94\/100|[from] Stealth Rock\n|move|p1a: Frosmoth|Ice Beam|p2a: Jirachi\n|-resisted|p2a: Jirachi\n|-damage|p2a: Jirachi|72\/100\n|\n|-heal|p2a: Jirachi|78\/100|[from] item: Leftovers\n|upkeep\n|turn|10\n|\n|t:|1698959664\n|move|p2a: Jirachi|Calm Mind|p2a: Jirachi\n|-boost|p2a: Jirachi|spa|1\n|-boost|p2a: Jirachi|spd|1\n|move|p1a: Frosmoth|Quiver Dance|p1a: Frosmoth\n|-boost|p1a: Frosmoth|spa|1\n|-boost|p1a: Frosmoth|spd|1\n|-boost|p1a: Frosmoth|spe|1\n|\n|-heal|p2a: Jirachi|85\/100|[from] item: Leftovers\n|upkeep\n|turn|11\n|\n|t:|1698959672\n|move|p1a: Frosmoth|Quiver Dance|p1a: Frosmoth\n|-boost|p1a: Frosmoth|spa|1\n|-boost|p1a: Frosmoth|spd|1\n|-boost|p1a: Frosmoth|spe|1\n|move|p2a: Jirachi|Cosmic Power|p2a: Jirachi\n|-boost|p2a: Jirachi|def|1\n|-boost|p2a: Jirachi|spd|1\n|\n|-heal|p2a: Jirachi|91\/100|[from] item: Leftovers\n|upkeep\n|turn|12\n|\n|t:|1698959687\n|move|p1a: Frosmoth|Quiver Dance|p1a: Frosmoth\n|-boost|p1a: Frosmoth|spa|1\n|-boost|p1a: Frosmoth|spd|1\n|-boost|p1a: Frosmoth|spe|1\n|move|p2a: Jirachi|Cosmic Power|p2a: Jirachi\n|-boost|p2a: Jirachi|def|1\n|-boost|p2a: Jirachi|spd|1\n|\n|-heal|p2a: Jirachi|97\/100|[from] item: Leftovers\n|upkeep\n|turn|13\n|\n|t:|1698959696\n|-terastallize|p1a: Frosmoth|Ground\n|-terastallize|p2a: Jirachi|Water\n|move|p1a: Frosmoth|Tera Blast|p2a: Jirachi|[anim] Tera Blast Ground\n|-damage|p2a: Jirachi|60\/100\n|move|p2a: Jirachi|Calm Mind|p2a: Jirachi\n|-boost|p2a: Jirachi|spa|1\n|-boost|p2a: Jirachi|spd|1\n|\n|-heal|p2a: Jirachi|66\/100|[from] item: Leftovers\n|upkeep\n|turn|14\n|\n|t:|1698959705\n|move|p1a: Frosmoth|Giga Drain|p2a: Jirachi\n|-supereffective|p2a: Jirachi\n|-damage|p2a: Jirachi|26\/100\n|move|p2a: Jirachi|Calm Mind|p2a: Jirachi\n|-boost|p2a: Jirachi|spa|1\n|-boost|p2a: Jirachi|spd|1\n|\n|-heal|p2a: Jirachi|32\/100|[from] item: Leftovers\n|upkeep\n|turn|15\n|\n|t:|1698959712\n|move|p1a: Frosmoth|Giga Drain|p2a: Jirachi\n|-supereffective|p2a: Jirachi\n|-damage|p2a: Jirachi|0 fnt\n|faint|p2a: Jirachi\n|\n|upkeep\n|\n|t:|1698959728\n|switch|p2a: Mandibuzz|Mandibuzz, F|100\/100\n|turn|16\n|\n|t:|1698959731\n|move|p1a: Frosmoth|Ice Beam|p2a: Mandibuzz\n|-supereffective|p2a: Mandibuzz\n|-damage|p2a: Mandibuzz|0 fnt\n|faint|p2a: Mandibuzz\n|\n|upkeep\n|\n|t:|1698959736\n|switch|p2a: Gallade|Gallade, M, shiny|100\/100\n|-damage|p2a: Gallade|94\/100|[from] Stealth Rock\n|turn|17\n|\n|t:|1698959740\n|move|p1a: Frosmoth|Ice Beam|p2a: Gallade\n|-damage|p2a: Gallade|0 fnt\n|faint|p2a: Gallade\n|\n|upkeep\n|\n|t:|1698959747\n|switch|p2a: Dragonite|Dragonite, M, shiny|100\/100\n|-damage|p2a: Dragonite|76\/100|[from] Stealth Rock\n|turn|18\n|\n|t:|1698959752\n|move|p2a: Dragonite|Extreme Speed|p1a: Frosmoth\n|-damage|p1a: Frosmoth|49\/100\n|move|p1a: Frosmoth|Ice Beam|p2a: Dragonite\n|-supereffective|p2a: Dragonite\n|-damage|p2a: Dragonite|0 fnt\n|faint|p2a: Dragonite\n|\n|upkeep\n|\n|t:|1698959755\n|switch|p2a: Gliscor|Gliscor, M, shiny|100\/100 tox\n|-damage|p2a: Gliscor|88\/100 tox|[from] Stealth Rock\n|turn|19\n|\n|t:|1698959762\n|move|p1a: Frosmoth|Ice Beam|p2a: Gliscor\n|-supereffective|p2a: Gliscor\n|-damage|p2a: Gliscor|0 fnt\n|faint|p2a: Gliscor\n|\n|win|Jumilapipe RPPLF\n|c|\u2606Zenadark|gg\n|l|\u2606Zenadark\n|c|\u2606Jumilapipe RPPLF|gg\n|c|\u2606Jumilapipe RPPLF|gg !\n|j|\u2606Zenadark\n|player|p2|Zenadark|#stt5noadkokoroyal\n","uploadtime":1698961032,"views":17,"p1id":"jumilapiperpplf","p2id":"zenadark","formatid":"gen9ubers","rating":0,"private":0,"password":""}