{"id":"gen9ubers-1974223355","p1":"Rei_darkness","p2":"N-Zoroark stan","format":"[Gen 9] Ubers","log":"|j|\u2606Rei_darkness\n|j|\u2606N-Zoroark stan\n|t:|1698069777\n|gametype|singles\n|player|p1|Rei_darkness|drayden|\n|player|p2|N-Zoroark stan|riley|\n|teamsize|p1|6\n|teamsize|p2|6\n|gen|9\n|tier|[Gen 9] Ubers\n|rule|Sleep Clause Mod: Limit one foe put to sleep\n|rule|Species Clause: Limit one of each Pok\u00e9mon\n|rule|OHKO Clause: OHKO moves are banned\n|rule|Evasion Items Clause: Evasion items are banned\n|rule|Evasion Moves Clause: Evasion moves are banned\n|rule|Endless Battle Clause: Forcing endless battles is banned\n|rule|HP Percentage Mod: HP is shown in percentages\n|clearpoke\n|poke|p1|Slowbro-Galar, F|\n|poke|p1|Ribombee, M|\n|poke|p1|Walking Wake|\n|poke|p1|Medicham, F|\n|poke|p1|Scovillain, F|\n|poke|p1|Koraidon|\n|poke|p2|Zoroark-Hisui, F|\n|poke|p2|Palossand, M|\n|poke|p2|Blissey, F|\n|poke|p2|Palafin, F|\n|poke|p2|Slowking-Galar, F|\n|poke|p2|Infernape, M|\n|teampreview\n|inactive|Battle timer is ON: inactive players will automatically lose when time's up. (requested by N-Zoroark stan)\n|c|\u2606N-Zoroark stan|glhf\n|\n|t:|1698069804\n|start\n|switch|p1a: Ribombee|Ribombee, M|100\/100\n|switch|p2a: Palossand|Palossand, M|100\/100\n|turn|1\n|\n|t:|1698069825\n|-terastallize|p2a: Palossand|Fairy\n|move|p1a: Ribombee|Sticky Web|p2a: Palossand\n|-sidestart|p2: N-Zoroark stan|move: Sticky Web\n|move|p2a: Palossand|Curse|p2a: Palossand\n|-unboost|p2a: Palossand|spe|1\n|-boost|p2a: Palossand|atk|1\n|-boost|p2a: Palossand|def|1\n|\n|upkeep\n|turn|2\n|\n|t:|1698069828\n|move|p1a: Ribombee|Stun Spore|p2a: Palossand\n|-status|p2a: Palossand|par\n|move|p2a: Palossand|Curse|p2a: Palossand\n|-unboost|p2a: Palossand|spe|1\n|-boost|p2a: Palossand|atk|1\n|-boost|p2a: Palossand|def|1\n|\n|upkeep\n|turn|3\n|\n|t:|1698069832\n|move|p1a: Ribombee|Sunny Day|p1a: Ribombee\n|-weather|SunnyDay\n|move|p2a: Palossand|Curse|p2a: Palossand\n|-unboost|p2a: Palossand|spe|1\n|-boost|p2a: Palossand|atk|1\n|-boost|p2a: Palossand|def|1\n|\n|-weather|SunnyDay|[upkeep]\n|upkeep\n|turn|4\n|\n|t:|1698069839\n|move|p1a: Ribombee|U-turn|p2a: Palossand\n|-resisted|p2a: Palossand\n|-damage|p2a: Palossand|98\/100 par\n|\n|t:|1698069852\n|switch|p1a: Slowbro|Slowbro-Galar, F|100\/100|[from] U-turn\n|move|p2a: Palossand|Earthquake|p1a: Slowbro\n|-supereffective|p1a: Slowbro\n|-damage|p1a: Slowbro|0 fnt\n|faint|p1a: Slowbro\n|\n|-weather|SunnyDay|[upkeep]\n|-heal|p2a: Palossand|100\/100 par|[from] item: Leftovers\n|upkeep\n|\n|t:|1698069867\n|switch|p1a: Scovillain|Scovillain, F|100\/100\n|turn|5\n|\n|t:|1698069880\n|move|p1a: Scovillain|Solar Beam||[still]\n|-prepare|p1a: Scovillain|Solar Beam\n|-anim|p1a: Scovillain|Solar Beam|p2a: Palossand\n|-damage|p2a: Palossand|33\/100 par\n|-damage|p1a: Scovillain|91\/100|[from] item: Life Orb\n|move|p2a: Palossand|Earthquake|p1a: Scovillain\n|-damage|p1a: Scovillain|0 fnt\n|faint|p1a: Scovillain\n|\n|-weather|SunnyDay|[upkeep]\n|-heal|p2a: Palossand|40\/100 par|[from] item: Leftovers\n|upkeep\n|\n|t:|1698069890\n|switch|p1a: Koraidon|Koraidon|100\/100\n|-activate|p1a: Koraidon|ability: Orichalcum Pulse\n|turn|6\n|\n|t:|1698069892\n|move|p1a: Koraidon|Solar Beam||[still]\n|-prepare|p1a: Koraidon|Solar Beam\n|-anim|p1a: Koraidon|Solar Beam|p2a: Palossand\n|-damage|p2a: Palossand|14\/100 par\n|move|p2a: Palossand|Shore Up|p2a: Palossand\n|-heal|p2a: Palossand|64\/100 par\n|\n|-weather|SunnyDay|[upkeep]\n|-heal|p2a: Palossand|70\/100 par|[from] item: Leftovers\n|upkeep\n|turn|7\n|\n|t:|1698069903\n|move|p1a: Koraidon|Fire Spin|p2a: Palossand\n|-damage|p2a: Palossand|59\/100 par\n|-activate|p2a: Palossand|move: Fire Spin|[of] p1a: Koraidon\n|move|p2a: Palossand|Earthquake|p1a: Koraidon\n|-damage|p1a: Koraidon|41\/100\n|\n|-weather|none\n|-heal|p2a: Palossand|65\/100 par|[from] item: Leftovers\n|-damage|p2a: Palossand|53\/100 par|[from] move: Fire Spin|[partiallytrapped]\n|upkeep\n|turn|8\n|\n|t:|1698069911\n|move|p1a: Koraidon|Taunt|p2a: Palossand\n|-start|p2a: Palossand|move: Taunt\n|cant|p2a: Palossand|move: Taunt|Shore Up\n|\n|-heal|p2a: Palossand|59\/100 par|[from] item: Leftovers\n|-damage|p2a: Palossand|47\/100 par|[from] move: Fire Spin|[partiallytrapped]\n|upkeep\n|turn|9\n|\n|t:|1698069917\n|switch|p1a: Ribombee|Ribombee, M|100\/100\n|move|p2a: Palossand|Earthquake|p1a: Ribombee\n|-resisted|p1a: Ribombee\n|-damage|p1a: Ribombee|46\/100\n|\n|-heal|p2a: Palossand|53\/100 par|[from] item: Leftovers\n|-end|p2a: Palossand|Fire Spin|[partiallytrapped]|[silent]\n|upkeep\n|turn|10\n|\n|t:|1698069928\n|move|p1a: Ribombee|U-turn|p2a: Palossand\n|-resisted|p2a: Palossand\n|-damage|p2a: Palossand|51\/100 par\n|\n|t:|1698069934\n|switch|p1a: Koraidon|Koraidon|41\/100|[from] U-turn\n|-weather|SunnyDay|[from] ability: Orichalcum Pulse|[of] p1a: Koraidon\n|-activate|p1a: Koraidon|Orichalcum Pulse|[source]\n|cant|p2a: Palossand|par\n|\n|-weather|SunnyDay|[upkeep]\n|-heal|p2a: Palossand|57\/100 par|[from] item: Leftovers\n|-end|p2a: Palossand|move: Taunt\n|upkeep\n|turn|11\n|\n|t:|1698069940\n|move|p1a: Koraidon|Solar Beam||[still]\n|-prepare|p1a: Koraidon|Solar Beam\n|-anim|p1a: Koraidon|Solar Beam|p2a: Palossand\n|-damage|p2a: Palossand|33\/100 par\n|move|p2a: Palossand|Earthquake|p1a: Koraidon\n|-damage|p1a: Koraidon|0 fnt\n|faint|p1a: Koraidon\n|\n|-weather|SunnyDay|[upkeep]\n|-heal|p2a: Palossand|39\/100 par|[from] item: Leftovers\n|upkeep\n|\n|t:|1698069946\n|switch|p1a: Walking Wake|Walking Wake|100\/100\n|-activate|p1a: Walking Wake|ability: Protosynthesis\n|-start|p1a: Walking Wake|protosynthesisspe\n|turn|12\n|\n|t:|1698069950\n|move|p1a: Walking Wake|Outrage|p2a: Palossand\n|-immune|p2a: Palossand\n|move|p2a: Palossand|Shore Up|p2a: Palossand\n|-heal|p2a: Palossand|89\/100 par\n|\n|-weather|SunnyDay|[upkeep]\n|-heal|p2a: Palossand|95\/100 par|[from] item: Leftovers\n|upkeep\n|turn|13\n|-message|Rei_darkness forfeited.\n|\n|win|N-Zoroark stan\n|l|\u2606Rei_darkness\n","uploadtime":1698069958,"views":20,"p1id":"reidarkness","p2id":"nzoroarkstan","formatid":"gen9ubers","rating":0,"private":0,"password":""}