{"id":"gen9ubers-2000185926","p1":"Bobbithy","p2":"Mollomollo","format":"[Gen 9] Ubers","log":"|j|\u2606Bobbithy\n|j|\u2606Mollomollo\n|t:|1701169090\n|gametype|singles\n|player|p1|Bobbithy|tuber|\n|player|p2|Mollomollo|bugcatcher-gen4dp|\n|teamsize|p1|6\n|teamsize|p2|6\n|gen|9\n|tier|[Gen 9] Ubers\n|rule|Sleep Clause Mod: Limit one foe put to sleep\n|rule|Species Clause: Limit one of each Pok\u00e9mon\n|rule|OHKO Clause: OHKO moves are banned\n|rule|Evasion Items Clause: Evasion items are banned\n|rule|Evasion Moves Clause: Evasion moves are banned\n|rule|Endless Battle Clause: Forcing endless battles is banned\n|rule|HP Percentage Mod: HP is shown in percentages\n|clearpoke\n|poke|p1|Klefki, M|\n|poke|p1|Kilowattrel, F|\n|poke|p1|Floatzel, M|\n|poke|p1|Quaquaval, M|\n|poke|p1|Tatsugiri-Droopy, F|\n|poke|p1|Dragapult, M|\n|poke|p2|Corviknight, F|\n|poke|p2|Alomomola, M|\n|poke|p2|Clodsire, F|\n|poke|p2|Bellibolt, M|\n|poke|p2|Volcarona, M|\n|poke|p2|Heracross, F|\n|teampreview\n|\n|t:|1701169136\n|start\n|switch|p1a: Macrobiologist|Tatsugiri-Droopy, F, shiny|100\/100\n|switch|p2a: Clodsire|Clodsire, F|100\/100\n|turn|1\n|j| rukatu\n|\n|t:|1701169149\n|move|p1a: Macrobiologist|Taunt|p2a: Clodsire\n|-start|p2a: Clodsire|move: Taunt\n|cant|p2a: Clodsire|move: Taunt|Stealth Rock\n|\n|upkeep\n|turn|2\n|\n|t:|1701169202\n|switch|p2a: Heracross|Heracross, F|100\/100\n|move|p1a: Macrobiologist|Draco Meteor|p2a: Heracross|[miss]\n|-miss|p1a: Macrobiologist|p2a: Heracross\n|\n|upkeep\n|turn|3\n|\n|t:|1701169221\n|move|p2a: Heracross|Close Combat|p1a: Macrobiologist\n|-damage|p1a: Macrobiologist|0 fnt\n|-unboost|p2a: Heracross|def|1\n|-unboost|p2a: Heracross|spd|1\n|faint|p1a: Macrobiologist\n|-ability|p2a: Heracross|Moxie|boost\n|-boost|p2a: Heracross|atk|1\n|\n|upkeep\n|\n|t:|1701169232\n|switch|p1a: Manslaughter :3|Kilowattrel, F|100\/100\n|turn|4\n|\n|t:|1701169254\n|-terastallize|p1a: Manslaughter :3|Flying\n|move|p2a: Heracross|Close Combat|p1a: Manslaughter :3\n|-resisted|p1a: Manslaughter :3\n|-damage|p1a: Manslaughter :3|23\/100\n|-unboost|p2a: Heracross|def|1\n|-unboost|p2a: Heracross|spd|1\n|move|p1a: Manslaughter :3|Hurricane|p2a: Heracross\n|-supereffective|p2a: Heracross\n|-damage|p2a: Heracross|0 fnt\n|faint|p2a: Heracross\n|\n|upkeep\n|l|\u2606Mollomollo\n|player|p2|\n|j|\u2606Mollomollo\n|player|p2|Mollomollo|bugcatcher-gen4dp\n|\n|t:|1701169380\n|switch|p2a: Bellibolt|Bellibolt, M|100\/100\n|turn|5\n|\n|t:|1701169389\n|move|p1a: Manslaughter :3|Roost|p1a: Manslaughter :3\n|-heal|p1a: Manslaughter :3|73\/100\n|-hint|If a Flying Terastallized Pokemon uses Roost, it remains Flying-type.\n|move|p2a: Bellibolt|Parabolic Charge|p1a: Manslaughter :3\n|-heal|p1a: Manslaughter :3|98\/100|[from] ability: Volt Absorb|[of] p2a: Bellibolt\n|\n|upkeep\n|turn|6\n|\n|t:|1701169449\n|move|p1a: Manslaughter :3|Hurricane|p2a: Bellibolt|[miss]\n|-miss|p1a: Manslaughter :3|p2a: Bellibolt\n|move|p2a: Bellibolt|Toxic|p1a: Manslaughter :3\n|-status|p1a: Manslaughter :3|tox\n|\n|-damage|p1a: Manslaughter :3|92\/100 tox|[from] psn\n|upkeep\n|turn|7\n|\n|t:|1701169465\n|switch|p1a: Kierkegaard|Klefki, M|100\/100\n|move|p2a: Bellibolt|Muddy Water|p1a: Kierkegaard|[miss]\n|-miss|p2a: Bellibolt|p1a: Kierkegaard\n|\n|upkeep\n|turn|8\n|\n|t:|1701169513\n|switch|p2a: Volcarona|Volcarona, M|100\/100\n|move|p1a: Kierkegaard|Rain Dance|p1a: Kierkegaard\n|-weather|RainDance\n|\n|-weather|RainDance|[upkeep]\n|upkeep\n|turn|9\n|\n|t:|1701169569\n|switch|p2a: Bellibolt|Bellibolt, M|100\/100\n|switch|p1a: Glizzy_lover1961|Floatzel, M|100\/100\n|\n|-weather|RainDance|[upkeep]\n|upkeep\n|turn|10\n|\n|t:|1701169582\n|switch|p1a: Manslaughter :3|Kilowattrel, F, tera:Flying|92\/100 tox\n|move|p2a: Bellibolt|Muddy Water|p1a: Manslaughter :3|[miss]\n|-miss|p2a: Bellibolt|p1a: Manslaughter :3\n|\n|-weather|RainDance|[upkeep]\n|-damage|p1a: Manslaughter :3|86\/100 tox|[from] psn\n|upkeep\n|turn|11\n|\n|t:|1701169599\n|move|p1a: Manslaughter :3|Hurricane|p2a: Bellibolt\n|-resisted|p2a: Bellibolt\n|-damage|p2a: Bellibolt|73\/100\n|-start|p2a: Bellibolt|Charge|Hurricane|[from] ability: Electromorphosis\n|move|p2a: Bellibolt|Muddy Water|p1a: Manslaughter :3\n|-damage|p1a: Manslaughter :3|31\/100 tox\n|\n|-weather|RainDance|[upkeep]\n|-damage|p1a: Manslaughter :3|19\/100 tox|[from] psn\n|upkeep\n|turn|12\n|\n|t:|1701169611\n|move|p1a: Manslaughter :3|Hurricane|p2a: Bellibolt\n|-resisted|p2a: Bellibolt\n|-damage|p2a: Bellibolt|46\/100\n|-start|p2a: Bellibolt|Charge|Hurricane|[from] ability: Electromorphosis\n|move|p2a: Bellibolt|Muddy Water|p1a: Manslaughter :3\n|-damage|p1a: Manslaughter :3|0 fnt\n|faint|p1a: Manslaughter :3\n|\n|-weather|RainDance|[upkeep]\n|upkeep\n|\n|t:|1701169618\n|switch|p1a: Kierkegaard|Klefki, M|100\/100\n|turn|13\n|\n|t:|1701169626\n|move|p1a: Kierkegaard|Light Screen|p1a: Kierkegaard\n|-sidestart|p1: Bobbithy|move: Light Screen\n|move|p2a: Bellibolt|Slack Off|p2a: Bellibolt\n|-heal|p2a: Bellibolt|96\/100\n|\n|-weather|RainDance|[upkeep]\n|upkeep\n|turn|14\n|\n|t:|1701169657\n|switch|p1a: Rumcajs|Dragapult, M|100\/100\n|move|p2a: Bellibolt|Muddy Water|p1a: Rumcajs\n|-resisted|p1a: Rumcajs\n|-damage|p1a: Rumcajs|91\/100\n|-unboost|p1a: Rumcajs|accuracy|1\n|\n|-weather|RainDance|[upkeep]\n|upkeep\n|turn|15\n|\n|t:|1701169677\n|move|p1a: Rumcajs|Hydro Pump|p2a: Bellibolt|[miss]\n|-miss|p1a: Rumcajs|p2a: Bellibolt\n|move|p2a: Bellibolt|Muddy Water|p1a: Rumcajs\n|-resisted|p1a: Rumcajs\n|-damage|p1a: Rumcajs|80\/100\n|-unboost|p1a: Rumcajs|accuracy|1\n|\n|-weather|none\n|upkeep\n|turn|16\n|\n|t:|1701169693\n|switch|p1a: Garganornis|Quaquaval, M|100\/100\n|move|p2a: Bellibolt|Muddy Water|p1a: Garganornis\n|-resisted|p1a: Garganornis\n|-damage|p1a: Garganornis|94\/100\n|\n|upkeep\n|turn|17\n|\n|t:|1701169710\n|switch|p1a: Kierkegaard|Klefki, M|100\/100\n|move|p2a: Bellibolt|Parabolic Charge|p1a: Kierkegaard\n|-damage|p1a: Kierkegaard|79\/100\n|-heal|p2a: Bellibolt|100\/100|[from] drain|[of] p1a: Kierkegaard\n|-end|p2a: Bellibolt|Charge|[silent]\n|\n|-sideend|p1: Bobbithy|move: Light Screen\n|upkeep\n|turn|18\n|\n|t:|1701169728\n|move|p1a: Kierkegaard|Light Screen|p1a: Kierkegaard\n|-sidestart|p1: Bobbithy|move: Light Screen\n|move|p2a: Bellibolt|Parabolic Charge|p1a: Kierkegaard\n|-damage|p1a: Kierkegaard|69\/100\n|\n|upkeep\n|turn|19\n|\n|t:|1701169739\n|switch|p1a: Rumcajs|Dragapult, M|80\/100\n|move|p2a: Bellibolt|Parabolic Charge|p1a: Rumcajs\n|-resisted|p1a: Rumcajs\n|-damage|p1a: Rumcajs|73\/100\n|\n|upkeep\n|turn|20\n|\n|t:|1701169757\n|move|p1a: Rumcajs|Hydro Pump|p2a: Bellibolt\n|-damage|p2a: Bellibolt|76\/100\n|-start|p2a: Bellibolt|Charge|Hydro Pump|[from] ability: Electromorphosis\n|move|p2a: Bellibolt|Parabolic Charge|p1a: Rumcajs\n|-resisted|p1a: Rumcajs\n|-damage|p1a: Rumcajs|58\/100\n|-heal|p2a: Bellibolt|82\/100|[from] drain|[of] p1a: Rumcajs\n|-end|p2a: Bellibolt|Charge|[silent]\n|\n|upkeep\n|turn|21\n|\n|t:|1701169831\n|move|p1a: Rumcajs|Hydro Pump|p2a: Bellibolt\n|-crit|p2a: Bellibolt\n|-damage|p2a: Bellibolt|46\/100\n|-start|p2a: Bellibolt|Charge|Hydro Pump|[from] ability: Electromorphosis\n|move|p2a: Bellibolt|Parabolic Charge|p1a: Rumcajs\n|-resisted|p1a: Rumcajs\n|-crit|p1a: Rumcajs\n|-damage|p1a: Rumcajs|14\/100\n|-heal|p2a: Bellibolt|64\/100|[from] drain|[of] p1a: Rumcajs\n|-end|p2a: Bellibolt|Charge|[silent]\n|\n|upkeep\n|turn|22\n|\n|t:|1701169848\n|move|p1a: Rumcajs|Hydro Pump|p2a: Bellibolt\n|-damage|p2a: Bellibolt|39\/100\n|-start|p2a: Bellibolt|Charge|Hydro Pump|[from] ability: Electromorphosis\n|move|p2a: Bellibolt|Slack Off|p2a: Bellibolt\n|-heal|p2a: Bellibolt|89\/100\n|\n|-sideend|p1: Bobbithy|move: Light Screen\n|upkeep\n|turn|23\n|\n|t:|1701169858\n|switch|p1a: Kierkegaard|Klefki, M|69\/100\n|move|p2a: Bellibolt|Parabolic Charge|p1a: Kierkegaard\n|-damage|p1a: Kierkegaard|26\/100\n|-heal|p2a: Bellibolt|100\/100|[from] drain|[of] p1a: Kierkegaard\n|-end|p2a: Bellibolt|Charge|[silent]\n|\n|upkeep\n|turn|24\n|\n|t:|1701169867\n|move|p1a: Kierkegaard|Light Screen|p1a: Kierkegaard\n|-sidestart|p1: Bobbithy|move: Light Screen\n|move|p2a: Bellibolt|Parabolic Charge|p1a: Kierkegaard\n|-damage|p1a: Kierkegaard|17\/100\n|\n|upkeep\n|turn|25\n|\n|t:|1701169880\n|move|p1a: Kierkegaard|Play Rough|p2a: Bellibolt\n|-damage|p2a: Bellibolt|78\/100\n|-start|p2a: Bellibolt|Charge|Play Rough|[from] ability: Electromorphosis\n|move|p2a: Bellibolt|Parabolic Charge|p1a: Kierkegaard\n|-damage|p1a: Kierkegaard|0 fnt\n|-heal|p2a: Bellibolt|84\/100|[from] drain|[of] p1a: Kierkegaard\n|faint|p1a: Kierkegaard\n|-end|p2a: Bellibolt|Charge|[silent]\n|\n|upkeep\n|\n|t:|1701169885\n|switch|p1a: Glizzy_lover1961|Floatzel, M|100\/100\n|turn|26\n|\n|t:|1701169896\n|move|p1a: Glizzy_lover1961|Wave Crash|p2a: Bellibolt\n|-damage|p2a: Bellibolt|0 fnt\n|faint|p2a: Bellibolt\n|-damage|p1a: Glizzy_lover1961|63\/100|[from] Recoil\n|\n|upkeep\n|\n|t:|1701169954\n|switch|p2a: Volcarona|Volcarona, M|100\/100\n|turn|27\n|\n|t:|1701169986\n|move|p2a: Volcarona|Quiver Dance|p2a: Volcarona\n|-boost|p2a: Volcarona|spa|1\n|-boost|p2a: Volcarona|spd|1\n|-boost|p2a: Volcarona|spe|1\n|move|p1a: Glizzy_lover1961|Wave Crash|p2a: Volcarona\n|-supereffective|p2a: Volcarona\n|-damage|p2a: Volcarona|0 fnt\n|faint|p2a: Volcarona\n|-damage|p1a: Glizzy_lover1961|30\/100|[from] Recoil\n|\n|upkeep\n|\n|t:|1701170005\n|switch|p2a: Corviknight|Corviknight, F|100\/100\n|-ability|p2a: Corviknight|Pressure\n|turn|28\n|\n|t:|1701170018\n|move|p1a: Glizzy_lover1961|Wave Crash|p2a: Corviknight\n|-damage|p2a: Corviknight|40\/100\n|-damage|p1a: Glizzy_lover1961|4\/100|[from] Recoil\n|move|p2a: Corviknight|Brave Bird|p1a: Glizzy_lover1961\n|-damage|p1a: Glizzy_lover1961|0 fnt\n|faint|p1a: Glizzy_lover1961\n|-damage|p2a: Corviknight|39\/100|[from] Recoil\n|\n|-heal|p2a: Corviknight|45\/100|[from] item: Leftovers\n|-sideend|p1: Bobbithy|move: Light Screen\n|upkeep\n|\n|t:|1701170023\n|switch|p1a: Garganornis|Quaquaval, M|94\/100\n|turn|29\n|\n|t:|1701170033\n|move|p1a: Garganornis|Feather Dance|p2a: Corviknight\n|-unboost|p2a: Corviknight|atk|2\n|move|p2a: Corviknight|Roost|p2a: Corviknight\n|-heal|p2a: Corviknight|95\/100\n|-singleturn|p2a: Corviknight|move: Roost\n|\n|-heal|p2a: Corviknight|100\/100|[from] item: Leftovers\n|upkeep\n|turn|30\n|\n|t:|1701170060\n|move|p1a: Garganornis|Aqua Step|p2a: Corviknight\n|-damage|p2a: Corviknight|62\/100\n|-boost|p1a: Garganornis|spe|1\n|-damage|p1a: Garganornis|84\/100|[from] item: Life Orb\n|move|p2a: Corviknight|Brave Bird|p1a: Garganornis\n|-supereffective|p1a: Garganornis\n|-damage|p1a: Garganornis|35\/100\n|-damage|p2a: Corviknight|49\/100|[from] Recoil\n|\n|-heal|p2a: Corviknight|55\/100|[from] item: Leftovers\n|upkeep\n|turn|31\n|\n|t:|1701170073\n|move|p1a: Garganornis|Roost|p1a: Garganornis\n|-heal|p1a: Garganornis|85\/100\n|-singleturn|p1a: Garganornis|move: Roost\n|move|p2a: Corviknight|Roost|p2a: Corviknight\n|-heal|p2a: Corviknight|100\/100\n|-singleturn|p2a: Corviknight|move: Roost\n|\n|upkeep\n|turn|32\n|\n|t:|1701170082\n|move|p1a: Garganornis|Feather Dance|p2a: Corviknight\n|-unboost|p2a: Corviknight|atk|2\n|move|p2a: Corviknight|Brave Bird|p1a: Garganornis\n|-supereffective|p1a: Garganornis\n|-damage|p1a: Garganornis|55\/100\n|-damage|p2a: Corviknight|92\/100|[from] Recoil\n|\n|-heal|p2a: Corviknight|98\/100|[from] item: Leftovers\n|upkeep\n|turn|33\n|\n|t:|1701170100\n|move|p1a: Garganornis|Roost|p1a: Garganornis\n|-heal|p1a: Garganornis|100\/100\n|-singleturn|p1a: Garganornis|move: Roost\n|move|p2a: Corviknight|Brave Bird|p1a: Garganornis\n|-supereffective|p1a: Garganornis\n|-damage|p1a: Garganornis|70\/100\n|-damage|p2a: Corviknight|90\/100|[from] Recoil\n|\n|-heal|p2a: Corviknight|96\/100|[from] item: Leftovers\n|upkeep\n|turn|34\n|\n|t:|1701170113\n|move|p1a: Garganornis|Aqua Step|p2a: Corviknight\n|-damage|p2a: Corviknight|58\/100\n|-boost|p1a: Garganornis|spe|1\n|-damage|p1a: Garganornis|60\/100|[from] item: Life Orb\n|move|p2a: Corviknight|Brave Bird|p1a: Garganornis\n|-supereffective|p1a: Garganornis\n|-damage|p1a: Garganornis|30\/100\n|-damage|p2a: Corviknight|50\/100|[from] Recoil\n|\n|-heal|p2a: Corviknight|56\/100|[from] item: Leftovers\n|upkeep\n|turn|35\n|\n|t:|1701170127\n|move|p1a: Garganornis|Roost|p1a: Garganornis\n|-heal|p1a: Garganornis|80\/100\n|-singleturn|p1a: Garganornis|move: Roost\n|move|p2a: Corviknight|Brave Bird|p1a: Garganornis\n|-supereffective|p1a: Garganornis\n|-crit|p1a: Garganornis\n|-damage|p1a: Garganornis|0 fnt\n|faint|p1a: Garganornis\n|-damage|p2a: Corviknight|35\/100|[from] Recoil\n|\n|-heal|p2a: Corviknight|41\/100|[from] item: Leftovers\n|upkeep\n|\n|t:|1701170135\n|switch|p1a: Rumcajs|Dragapult, M|14\/100\n|turn|36\n|\n|t:|1701170142\n|move|p1a: Rumcajs|Thunderbolt|p2a: Corviknight\n|-supereffective|p2a: Corviknight\n|-damage|p2a: Corviknight|0 fnt\n|faint|p2a: Corviknight\n|\n|upkeep\n|\n|t:|1701170152\n|switch|p2a: Alomomola|Alomomola, M|100\/100\n|turn|37\n|\n|t:|1701170158\n|move|p1a: Rumcajs|Thunderbolt|p2a: Alomomola\n|-supereffective|p2a: Alomomola\n|-damage|p2a: Alomomola|37\/100\n|move|p2a: Alomomola|Scald|p1a: Rumcajs\n|-resisted|p1a: Rumcajs\n|-damage|p1a: Rumcajs|6\/100\n|-status|p1a: Rumcajs|brn\n|\n|-damage|p1a: Rumcajs|0 fnt|[from] brn\n|faint|p1a: Rumcajs\n|\n|win|Mollomollo\n|upkeep\n","uploadtime":1701170179,"views":2,"p1id":"bobbithy","p2id":"mollomollo","formatid":"gen9ubers","rating":0,"private":0,"password":""}