{"id":"gen9ubers-1969944024","p1":"SenkTheMoth","p2":"ovalboi","format":"[Gen 9] Ubers","log":"|j|\u2606SenkTheMoth\n|j|\u2606ovalboi\n|t:|1697578196\n|gametype|singles\n|player|p1|SenkTheMoth|dawn-gen4pt|\n|player|p2|ovalboi|101|\n|teamsize|p1|6\n|teamsize|p2|6\n|gen|9\n|tier|[Gen 9] Ubers\n|rule|Sleep Clause Mod: Limit one foe put to sleep\n|rule|Species Clause: Limit one of each Pok\u00e9mon\n|rule|OHKO Clause: OHKO moves are banned\n|rule|Evasion Items Clause: Evasion items are banned\n|rule|Evasion Moves Clause: Evasion moves are banned\n|rule|Endless Battle Clause: Forcing endless battles is banned\n|rule|HP Percentage Mod: HP is shown in percentages\n|clearpoke\n|poke|p1|Zacian-*|\n|poke|p1|Palkia-Origin|\n|poke|p1|Arceus-Poison|\n|poke|p1|Magearna|\n|poke|p1|Zamazenta-*|\n|poke|p1|Shaymin-Sky|\n|poke|p2|Dondozo, F|\n|poke|p2|Magearna|\n|poke|p2|Giratina|\n|poke|p2|Arceus-Poison|\n|poke|p2|Blissey, F|\n|poke|p2|Garganacl, M|\n|teampreview\n|inactive|Battle timer is ON: inactive players will automatically lose when time's up. (requested by ovalboi)\n|\n|t:|1697578220\n|start\n|switch|p1a: Magearna|Magearna|100\/100\n|switch|p2a: Garganacl|Garganacl, M|100\/100\n|turn|1\n|\n|t:|1697578236\n|move|p1a: Magearna|Spikes|p2a: Garganacl\n|-sidestart|p2: ovalboi|Spikes\n|move|p2a: Garganacl|Salt Cure|p1a: Magearna\n|-resisted|p1a: Magearna\n|-damage|p1a: Magearna|96\/100\n|-start|p1a: Magearna|Salt Cure\n|\n|-heal|p1a: Magearna|100\/100|[from] item: Leftovers\n|-damage|p1a: Magearna|75\/100|[from] Salt Cure\n|upkeep\n|turn|2\n|\n|t:|1697578245\n|move|p1a: Magearna|Spikes|p2a: Garganacl\n|-sidestart|p2: ovalboi|Spikes\n|move|p2a: Garganacl|Stealth Rock|p1a: Magearna\n|-sidestart|p1: SenkTheMoth|move: Stealth Rock\n|\n|-heal|p1a: Magearna|82\/100|[from] item: Leftovers\n|-damage|p1a: Magearna|57\/100|[from] Salt Cure\n|upkeep\n|turn|3\n|\n|t:|1697578262\n|switch|p1a: Shaymin|Shaymin-Sky|100\/100\n|-damage|p1a: Shaymin|76\/100|[from] Stealth Rock\n|switch|p2a: Giratina|Giratina|100\/100\n|-ability|p2a: Giratina|Pressure\n|\n|upkeep\n|turn|4\n|\n|t:|1697578269\n|move|p1a: Shaymin|Air Slash|p2a: Giratina\n|-damage|p2a: Giratina|78\/100\n|move|p2a: Giratina|Defog|p1a: Shaymin\n|-unboost|p1a: Shaymin|evasion|1\n|-sideend|p1: SenkTheMoth|Stealth Rock|[from] move: Defog|[of] p2a: Giratina\n|-sideend|p2: ovalboi|Spikes|[from] move: Defog|[of] p2a: Giratina\n|\n|upkeep\n|turn|5\n|\n|t:|1697578279\n|move|p1a: Shaymin|Air Slash|p2a: Giratina\n|-damage|p2a: Giratina|56\/100\n|move|p2a: Giratina|Will-O-Wisp|p1a: Shaymin\n|-status|p1a: Shaymin|brn\n|\n|-damage|p1a: Shaymin|69\/100 brn|[from] brn\n|upkeep\n|turn|6\n|\n|t:|1697578295\n|switch|p1a: Magearna|Magearna|57\/100\n|switch|p2a: Blissey|Blissey, F|100\/100\n|\n|-heal|p1a: Magearna|63\/100|[from] item: Leftovers\n|upkeep\n|turn|7\n|\n|t:|1697578309\n|move|p1a: Magearna|Spikes|p2a: Blissey\n|-sidestart|p2: ovalboi|Spikes\n|move|p2a: Blissey|Seismic Toss|p1a: Magearna\n|-damage|p1a: Magearna|35\/100\n|\n|-heal|p1a: Magearna|41\/100|[from] item: Leftovers\n|upkeep\n|turn|8\n|\n|t:|1697578332\n|move|p1a: Magearna|Draining Kiss|p2a: Blissey\n|-damage|p2a: Blissey|93\/100\n|-heal|p1a: Magearna|53\/100|[from] drain|[of] p2a: Blissey\n|move|p2a: Blissey|Seismic Toss|p1a: Magearna\n|-damage|p1a: Magearna|25\/100\n|\n|-heal|p1a: Magearna|32\/100|[from] item: Leftovers\n|upkeep\n|turn|9\n|\n|t:|1697578338\n|move|p1a: Magearna|Spikes|p2a: Blissey\n|-sidestart|p2: ovalboi|Spikes\n|move|p2a: Blissey|Seismic Toss|p1a: Magearna\n|-damage|p1a: Magearna|4\/100\n|\n|-heal|p1a: Magearna|10\/100|[from] item: Leftovers\n|upkeep\n|turn|10\n|\n|t:|1697578359\n|move|p1a: Magearna|Spikes|p2a: Blissey\n|-sidestart|p2: ovalboi|Spikes\n|move|p2a: Blissey|Seismic Toss|p1a: Magearna\n|-damage|p1a: Magearna|0 fnt\n|faint|p1a: Magearna\n|\n|upkeep\n|\n|t:|1697578372\n|switch|p1a: Arceus|Arceus-Poison|100\/100\n|turn|11\n|\n|t:|1697578387\n|switch|p2a: Giratina|Giratina|56\/100\n|-ability|p2a: Giratina|Pressure\n|move|p1a: Arceus|Poison Jab|p2a: Giratina\n|-resisted|p2a: Giratina\n|-damage|p2a: Giratina|46\/100\n|\n|upkeep\n|turn|12\n|\n|t:|1697578391\n|move|p1a: Arceus|Taunt|p2a: Giratina\n|-start|p2a: Giratina|move: Taunt\n|cant|p2a: Giratina|move: Taunt|Defog\n|\n|upkeep\n|turn|13\n|\n|t:|1697578411\n|switch|p2a: Magearna|Magearna|100\/100\n|-damage|p2a: Magearna|75\/100|[from] Spikes\n|move|p1a: Arceus|Poison Jab|p2a: Magearna\n|-immune|p2a: Magearna\n|\n|-heal|p2a: Magearna|82\/100|[from] item: Leftovers\n|upkeep\n|turn|14\n|\n|t:|1697578424\n|-terastallize|p1a: Arceus|Ground\n|move|p1a: Arceus|Earthquake|p2a: Magearna\n|-supereffective|p2a: Magearna\n|-damage|p2a: Magearna|0 fnt\n|faint|p2a: Magearna\n|\n|upkeep\n|\n|t:|1697578437\n|switch|p2a: Dondozo|Dondozo, F|100\/100\n|turn|15\n|\n|t:|1697578445\n|switch|p1a: Palkia|Palkia-Origin|100\/100\n|-ability|p1a: Palkia|Pressure\n|move|p2a: Dondozo|Liquidation|p1a: Palkia\n|-resisted|p1a: Palkia\n|-damage|p1a: Palkia|92\/100\n|\n|upkeep\n|turn|16\n|\n|t:|1697578463\n|switch|p2a: Blissey|Blissey, F|93\/100\n|move|p1a: Palkia|Spacial Rend|p2a: Blissey\n|-damage|p2a: Blissey|68\/100\n|\n|upkeep\n|turn|17\n|\n|t:|1697578484\n|move|p1a: Palkia|Substitute|p1a: Palkia\n|-start|p1a: Palkia|Substitute\n|-damage|p1a: Palkia|68\/100\n|move|p2a: Blissey|Seismic Toss|p1a: Palkia\n|-end|p1a: Palkia|Substitute\n|\n|upkeep\n|turn|18\n|\n|t:|1697578493\n|move|p1a: Palkia|Spacial Rend|p2a: Blissey\n|-damage|p2a: Blissey|42\/100\n|move|p2a: Blissey|Seismic Toss|p1a: Palkia\n|-damage|p1a: Palkia|37\/100\n|\n|upkeep\n|turn|19\n|\n|t:|1697578502\n|switch|p1a: Arceus|Arceus-Poison, tera:Ground|100\/100\n|move|p2a: Blissey|Soft-Boiled|p2a: Blissey\n|-heal|p2a: Blissey|92\/100\n|\n|upkeep\n|turn|20\n|\n|t:|1697578517\n|switch|p2a: Dondozo|Dondozo, F|100\/100\n|move|p1a: Arceus|Poison Jab|p2a: Dondozo\n|-damage|p2a: Dondozo|81\/100\n|\n|upkeep\n|turn|21\n|\n|t:|1697578521\n|move|p1a: Arceus|Poison Jab|p2a: Dondozo\n|-damage|p2a: Dondozo|60\/100\n|move|p2a: Dondozo|Liquidation|p1a: Arceus\n|-supereffective|p1a: Arceus\n|-damage|p1a: Arceus|53\/100\n|\n|upkeep\n|turn|22\n|\n|t:|1697578524\n|move|p1a: Arceus|Poison Jab|p2a: Dondozo\n|-damage|p2a: Dondozo|39\/100\n|move|p2a: Dondozo|Liquidation|p1a: Arceus\n|-supereffective|p1a: Arceus\n|-damage|p1a: Arceus|8\/100\n|\n|upkeep\n|turn|23\n|\n|t:|1697578532\n|move|p1a: Arceus|Taunt|p2a: Dondozo\n|-start|p2a: Dondozo|move: Taunt\n|cant|p2a: Dondozo|move: Taunt|Rest\n|\n|upkeep\n|turn|24\n|\n|t:|1697578534\n|move|p1a: Arceus|Poison Jab|p2a: Dondozo\n|-damage|p2a: Dondozo|18\/100\n|move|p2a: Dondozo|Liquidation|p1a: Arceus\n|-supereffective|p1a: Arceus\n|-damage|p1a: Arceus|0 fnt\n|faint|p1a: Arceus\n|\n|upkeep\n|\n|t:|1697578540\n|switch|p1a: Zamazenta|Zamazenta-Crowned|100\/100\n|-ability|p1a: Zamazenta|Dauntless Shield|boost\n|-boost|p1a: Zamazenta|def|1\n|turn|25\n|inactive|SenkTheMoth has 270 seconds left.\n|\n|t:|1697578573\n|move|p1a: Zamazenta|Iron Defense|p1a: Zamazenta\n|-boost|p1a: Zamazenta|def|2\n|move|p2a: Dondozo|Liquidation|p1a: Zamazenta\n|-damage|p1a: Zamazenta|78\/100\n|\n|-end|p2a: Dondozo|move: Taunt\n|upkeep\n|turn|26\n|\n|t:|1697578580\n|move|p1a: Zamazenta|Body Press|p2a: Dondozo\n|-damage|p2a: Dondozo|0 fnt\n|faint|p2a: Dondozo\n|\n|upkeep\n|\n|t:|1697578588\n|switch|p2a: Giratina|Giratina|46\/100\n|-ability|p2a: Giratina|Pressure\n|turn|27\n|\n|t:|1697578590\n|move|p1a: Zamazenta|Crunch|p2a: Giratina\n|-supereffective|p2a: Giratina\n|-damage|p2a: Giratina|23\/100\n|move|p2a: Giratina|Will-O-Wisp|p1a: Zamazenta|[miss]\n|-miss|p2a: Giratina|p1a: Zamazenta\n|\n|upkeep\n|turn|28\n|\n|t:|1697578599\n|-terastallize|p2a: Giratina|Fairy\n|move|p1a: Zamazenta|Crunch|p2a: Giratina\n|-resisted|p2a: Giratina\n|-damage|p2a: Giratina|18\/100\n|move|p2a: Giratina|Will-O-Wisp|p1a: Zamazenta|[miss]\n|-miss|p2a: Giratina|p1a: Zamazenta\n|\n|upkeep\n|turn|29\n|c|\u2606SenkTheMoth|wow\n|\n|t:|1697578608\n|move|p1a: Zamazenta|Behemoth Bash|p2a: Giratina\n|-supereffective|p2a: Giratina\n|-damage|p2a: Giratina|0 fnt\n|faint|p2a: Giratina\n|\n|upkeep\n|\n|t:|1697578617\n|switch|p2a: Garganacl|Garganacl, M|100\/100\n|-damage|p2a: Garganacl|75\/100|[from] Spikes\n|turn|30\n|\n|t:|1697578619\n|move|p1a: Zamazenta|Body Press|p2a: Garganacl\n|-supereffective|p2a: Garganacl\n|-damage|p2a: Garganacl|0 fnt\n|faint|p2a: Garganacl\n|\n|upkeep\n|\n|t:|1697578629\n|switch|p2a: Arceus|Arceus-Poison|100\/100\n|-damage|p2a: Arceus|75\/100|[from] Spikes\n|turn|31\n|\n|t:|1697578637\n|move|p1a: Zamazenta|Body Press|p2a: Arceus\n|-resisted|p2a: Arceus\n|-damage|p2a: Arceus|40\/100\n|move|p2a: Arceus|Imprison|p2a: Arceus\n|-start|p2a: Arceus|move: Imprison\n|\n|upkeep\n|turn|32\n|\n|t:|1697578643\n|move|p1a: Zamazenta|Body Press|p2a: Arceus\n|-resisted|p2a: Arceus\n|-damage|p2a: Arceus|7\/100\n|move|p2a: Arceus|Recover|p2a: Arceus\n|-heal|p2a: Arceus|57\/100\n|\n|upkeep\n|turn|33\n|\n|t:|1697578654\n|move|p1a: Zamazenta|Iron Defense|p1a: Zamazenta\n|-boost|p1a: Zamazenta|def|2\n|move|p2a: Arceus|Recover|p2a: Arceus\n|-heal|p2a: Arceus|100\/100\n|\n|upkeep\n|turn|34\n|\n|t:|1697578660\n|move|p1a: Zamazenta|Iron Defense|p1a: Zamazenta\n|-boost|p1a: Zamazenta|def|1\n|move|p2a: Arceus|Calm Mind|p2a: Arceus\n|-boost|p2a: Arceus|spa|1\n|-boost|p2a: Arceus|spd|1\n|\n|upkeep\n|turn|35\n|\n|t:|1697578662\n|move|p1a: Zamazenta|Body Press|p2a: Arceus\n|-resisted|p2a: Arceus\n|-crit|p2a: Arceus\n|-damage|p2a: Arceus|25\/100\n|move|p2a: Arceus|Calm Mind|p2a: Arceus\n|-boost|p2a: Arceus|spa|1\n|-boost|p2a: Arceus|spd|1\n|\n|upkeep\n|turn|36\n|\n|t:|1697578665\n|move|p1a: Zamazenta|Body Press|p2a: Arceus\n|-resisted|p2a: Arceus\n|-damage|p2a: Arceus|0 fnt\n|faint|p2a: Arceus\n|\n|upkeep\n|\n|t:|1697578667\n|switch|p2a: Blissey|Blissey, F|92\/100\n|turn|37\n|\n|t:|1697578669\n|move|p1a: Zamazenta|Body Press|p2a: Blissey\n|-supereffective|p2a: Blissey\n|-damage|p2a: Blissey|0 fnt\n|faint|p2a: Blissey\n|\n|win|SenkTheMoth\n|c|\u2606ovalboi|ggwp\n|c|\u2606SenkTheMoth|gg, i got saved by those will o wisp\n|l|\u2606SenkTheMoth\n|c|\u2606ovalboi|I'll get the replay\n","uploadtime":1697578711,"views":18,"p1id":"senkthemoth","p2id":"ovalboi","formatid":"gen9ubers","rating":0,"private":0,"password":""}