{"id":"gen9ubers-1995246905","p1":"Mr. 475","p2":"fresh yes","format":"[Gen 9] Ubers","log":"|j|\u2606Mr. 475\n|j|\u2606fresh yes\n|t:|1700539685\n|gametype|singles\n|player|p1|Mr. 475|blackbelt-gen2|1211\n|player|p2|fresh yes|shauntal|1158\n|teamsize|p1|6\n|teamsize|p2|6\n|gen|9\n|tier|[Gen 9] Ubers\n|rated|\n|rule|Sleep Clause Mod: Limit one foe put to sleep\n|rule|Species Clause: Limit one of each Pok\u00e9mon\n|rule|OHKO Clause: OHKO moves are banned\n|rule|Evasion Items Clause: Evasion items are banned\n|rule|Evasion Moves Clause: Evasion moves are banned\n|rule|Endless Battle Clause: Forcing endless battles is banned\n|rule|HP Percentage Mod: HP is shown in percentages\n|clearpoke\n|poke|p1|Annihilape, M|\n|poke|p1|Koraidon|\n|poke|p1|Iron Valiant|\n|poke|p1|Breloom, F|\n|poke|p1|Quaquaval, F|\n|poke|p1|Arceus-Fighting|\n|poke|p2|Chi-Yu|\n|poke|p2|Arcanine, M|\n|poke|p2|Volcarona, F|\n|poke|p2|Ceruledge, M|\n|poke|p2|Torkoal, M|\n|poke|p2|Koraidon|\n|teampreview\n|inactive|Battle timer is ON: inactive players will automatically lose when time's up. (requested by fresh yes)\n|inactive|Mr. 475 also wants the timer to be on.\n|\n|t:|1700539699\n|start\n|switch|p1a: Breloom|Breloom, F, shiny|100\/100\n|switch|p2a: fred|Chi-Yu|100\/100\n|-ability|p2a: fred|Beads of Ruin\n|turn|1\n|\n|t:|1700539707\n|move|p2a: fred|Lava Plume|p1a: Breloom\n|-supereffective|p1a: Breloom\n|-enditem|p1a: Breloom|Focus Sash\n|-damage|p1a: Breloom|1\/100\n|move|p1a: Breloom|Spore|p2a: fred\n|-status|p2a: fred|slp|[from] move: Spore\n|\n|upkeep\n|turn|2\n|\n|t:|1700539720\n|switch|p2a: blades|Ceruledge, M|100\/100\n|move|p1a: Breloom|Mach Punch|p2a: blades\n|-immune|p2a: blades\n|\n|upkeep\n|turn|3\n|\n|t:|1700539726\n|move|p1a: Breloom|Bullet Seed|p2a: blades\n|-resisted|p2a: blades\n|-crit|p2a: blades\n|-damage|p2a: blades|83\/100\n|-ability|p2a: blades|Weak Armor|boost\n|-unboost|p2a: blades|def|1\n|-boost|p2a: blades|spe|2\n|-resisted|p2a: blades\n|-damage|p2a: blades|65\/100\n|-ability|p2a: blades|Weak Armor|boost\n|-unboost|p2a: blades|def|1\n|-boost|p2a: blades|spe|2\n|-resisted|p2a: blades\n|-damage|p2a: blades|39\/100\n|-ability|p2a: blades|Weak Armor|boost\n|-unboost|p2a: blades|def|1\n|-boost|p2a: blades|spe|2\n|-hitcount|p2a: blades|3\n|move|p2a: blades|Bulk Up|p2a: blades\n|-boost|p2a: blades|atk|1\n|-boost|p2a: blades|def|1\n|\n|upkeep\n|turn|4\n|\n|t:|1700539759\n|move|p2a: blades|Bitter Blade|p1a: Breloom\n|-supereffective|p1a: Breloom\n|-damage|p1a: Breloom|0 fnt\n|-heal|p2a: blades|39\/100|[from] drain|[of] p1a: Breloom\n|faint|p1a: Breloom\n|\n|upkeep\n|\n|t:|1700539771\n|switch|p1a: Koraidon|Koraidon|100\/100\n|-weather|SunnyDay|[from] ability: Orichalcum Pulse|[of] p1a: Koraidon\n|-activate|p1a: Koraidon|Orichalcum Pulse|[source]\n|turn|5\n|\n|t:|1700539783\n|move|p2a: blades|Bitter Blade|p1a: Koraidon\n|-resisted|p1a: Koraidon\n|-damage|p1a: Koraidon|52\/100\n|-heal|p2a: blades|68\/100|[from] drain|[of] p1a: Koraidon\n|move|p1a: Koraidon|Stomping Tantrum|p2a: blades\n|-supereffective|p2a: blades\n|-damage|p2a: blades|0 fnt\n|faint|p2a: blades\n|-damage|p1a: Koraidon|42\/100|[from] item: Life Orb\n|\n|-weather|SunnyDay|[upkeep]\n|upkeep\n|inactive|fresh yes has 120 seconds left.\n|\n|t:|1700539799\n|switch|p2a: clifford|Arcanine, M|100\/100\n|-ability|p2a: clifford|Intimidate|boost\n|-unboost|p1a: Koraidon|atk|1\n|turn|6\n|inactive|fresh yes has 120 seconds left.\n|\n|t:|1700539813\n|switch|p1a: Annihilape|Annihilape, M|100\/100\n|move|p2a: clifford|Play Rough|p1a: Annihilape\n|-supereffective|p1a: Annihilape\n|-damage|p1a: Annihilape|36\/100\n|\n|-weather|SunnyDay|[upkeep]\n|upkeep\n|turn|7\n|inactive|fresh yes has 120 seconds left.\n|\n|t:|1700539836\n|move|p2a: clifford|Play Rough|p1a: Annihilape|[miss]\n|-miss|p2a: clifford|p1a: Annihilape\n|move|p1a: Annihilape|Rage Fist|p2a: clifford\n|-damage|p2a: clifford|41\/100\n|\n|-weather|SunnyDay|[upkeep]\n|upkeep\n|turn|8\n|\n|t:|1700539845\n|move|p2a: clifford|Play Rough|p1a: Annihilape\n|-supereffective|p1a: Annihilape\n|-damage|p1a: Annihilape|0 fnt\n|faint|p1a: Annihilape\n|\n|-weather|SunnyDay|[upkeep]\n|upkeep\n|\n|t:|1700539852\n|switch|p1a: Koraidon|Koraidon|42\/100\n|-activate|p1a: Koraidon|ability: Orichalcum Pulse\n|turn|9\n|\n|t:|1700539863\n|switch|p2a: fred|Chi-Yu|100\/100 slp\n|-ability|p2a: fred|Beads of Ruin\n|move|p1a: Koraidon|Stomping Tantrum|p2a: fred\n|-supereffective|p2a: fred\n|-damage|p2a: fred|0 fnt\n|faint|p2a: fred\n|-damage|p1a: Koraidon|32\/100|[from] item: Life Orb\n|\n|-weather|none\n|upkeep\n|inactive|fresh yes has 120 seconds left.\n|\n|t:|1700539900\n|switch|p2a: clifford|Arcanine, M|41\/100\n|-ability|p2a: clifford|Intimidate|boost\n|-unboost|p1a: Koraidon|atk|1\n|turn|10\n|\n|t:|1700539906\n|move|p2a: clifford|Extreme Speed|p1a: Koraidon\n|-damage|p1a: Koraidon|5\/100\n|move|p1a: Koraidon|Stomping Tantrum|p2a: clifford\n|-supereffective|p2a: clifford\n|-crit|p2a: clifford\n|-damage|p2a: clifford|0 fnt\n|faint|p2a: clifford\n|-damage|p1a: Koraidon|0 fnt|[from] item: Life Orb\n|faint|p1a: Koraidon\n|\n|upkeep\n|\n|t:|1700539918\n|switch|p1a: Arceus|Arceus-Fighting|100\/100\n|switch|p2a: kson|Koraidon|100\/100\n|-weather|SunnyDay|[from] ability: Orichalcum Pulse|[of] p2a: kson\n|-activate|p2a: kson|Orichalcum Pulse|[source]\n|turn|11\n|\n|t:|1700539938\n|move|p2a: kson|U-turn|p1a: Arceus\n|-resisted|p1a: Arceus\n|-damage|p1a: Arceus|80\/100\n|\n|t:|1700539941\n|switch|p2a: tortoise|Torkoal, M|100\/100|[from] U-turn\n|move|p1a: Arceus|Aura Sphere|p2a: tortoise\n|-damage|p2a: tortoise|33\/100\n|\n|-weather|SunnyDay|[upkeep]\n|-heal|p2a: tortoise|39\/100|[from] item: Leftovers\n|upkeep\n|turn|12\n|\n|t:|1700539951\n|move|p1a: Arceus|Aura Sphere|p2a: tortoise\n|-damage|p2a: tortoise|0 fnt\n|faint|p2a: tortoise\n|\n|-weather|SunnyDay|[upkeep]\n|upkeep\n|\n|t:|1700539959\n|switch|p2a: big moth|Volcarona, F|100\/100\n|turn|13\n|\n|t:|1700539965\n|move|p2a: big moth|Quiver Dance|p2a: big moth\n|-boost|p2a: big moth|spa|1\n|-boost|p2a: big moth|spd|1\n|-boost|p2a: big moth|spe|1\n|move|p1a: Arceus|Calm Mind|p1a: Arceus\n|-boost|p1a: Arceus|spa|1\n|-boost|p1a: Arceus|spd|1\n|\n|-weather|SunnyDay|[upkeep]\n|upkeep\n|turn|14\n|inactive|fresh yes has 120 seconds left.\n|\n|t:|1700539974\n|move|p2a: big moth|Fiery Dance|p1a: Arceus\n|-damage|p1a: Arceus|39\/100\n|move|p1a: Arceus|Calm Mind|p1a: Arceus\n|-boost|p1a: Arceus|spa|1\n|-boost|p1a: Arceus|spd|1\n|\n|-weather|SunnyDay|[upkeep]\n|upkeep\n|turn|15\n|\n|t:|1700539983\n|move|p2a: big moth|Quiver Dance|p2a: big moth\n|-boost|p2a: big moth|spa|1\n|-boost|p2a: big moth|spd|1\n|-boost|p2a: big moth|spe|1\n|move|p1a: Arceus|Giga Drain|p2a: big moth\n|-resisted|p2a: big moth\n|-damage|p2a: big moth|93\/100\n|-heal|p1a: Arceus|42\/100|[from] drain|[of] p2a: big moth\n|\n|-weather|none\n|upkeep\n|turn|16\n|\n|t:|1700539994\n|switch|p1a: Quaquaval|Quaquaval, F|100\/100\n|move|p2a: big moth|Quiver Dance|p2a: big moth\n|-boost|p2a: big moth|spa|1\n|-boost|p2a: big moth|spd|1\n|-boost|p2a: big moth|spe|1\n|\n|upkeep\n|turn|17\n|\n|t:|1700540007\n|-terastallize|p1a: Quaquaval|Dragon\n|move|p2a: big moth|Giga Drain|p1a: Quaquaval\n|-resisted|p1a: Quaquaval\n|-damage|p1a: Quaquaval|50\/100\n|-heal|p2a: big moth|100\/100|[from] drain|[of] p1a: Quaquaval\n|move|p1a: Quaquaval|Aqua Step|p2a: big moth\n|-supereffective|p2a: big moth\n|-damage|p2a: big moth|0 fnt\n|-boost|p1a: Quaquaval|spe|1\n|faint|p2a: big moth\n|-ability|p1a: Quaquaval|Moxie|boost\n|-boost|p1a: Quaquaval|atk|1\n|\n|-heal|p1a: Quaquaval|56\/100|[from] item: Leftovers\n|upkeep\n|\n|t:|1700540016\n|switch|p2a: kson|Koraidon|100\/100\n|-weather|SunnyDay|[from] ability: Orichalcum Pulse|[of] p2a: kson\n|-activate|p2a: kson|Orichalcum Pulse|[source]\n|turn|18\n|\n|t:|1700540031\n|-terastallize|p2a: kson|Fire\n|move|p2a: kson|Flare Blitz|p1a: Quaquaval\n|-resisted|p1a: Quaquaval\n|-damage|p1a: Quaquaval|0 fnt\n|faint|p1a: Quaquaval\n|-damage|p2a: kson|84\/100|[from] Recoil\n|\n|-weather|SunnyDay|[upkeep]\n|upkeep\n|\n|t:|1700540040\n|switch|p1a: Arceus|Arceus-Fighting|42\/100\n|turn|19\n|\n|t:|1700540046\n|move|p2a: kson|Flare Blitz|p1a: Arceus\n|-damage|p1a: Arceus|0 fnt\n|faint|p1a: Arceus\n|-damage|p2a: kson|69\/100|[from] Recoil\n|\n|-weather|SunnyDay|[upkeep]\n|upkeep\n|\n|t:|1700540053\n|switch|p1a: Iron Valiant|Iron Valiant|100\/100\n|-enditem|p1a: Iron Valiant|Booster Energy\n|-activate|p1a: Iron Valiant|ability: Quark Drive|[fromitem]\n|-start|p1a: Iron Valiant|quarkdrivespe\n|turn|20\n|\n|t:|1700540061\n|move|p1a: Iron Valiant|Aura Sphere|p2a: kson\n|-damage|p2a: kson|29\/100\n|move|p2a: kson|Flare Blitz|p1a: Iron Valiant\n|-damage|p1a: Iron Valiant|0 fnt\n|faint|p1a: Iron Valiant\n|-end|p1a: Iron Valiant|Quark Drive|[silent]\n|-damage|p2a: kson|2\/100|[from] Recoil\n|\n|win|fresh yes\n|raw|Mr. 475's rating: 1211 &rarr; <strong>1182<\/strong><br \/>(-29 for losing)\n|raw|fresh yes's rating: 1158 &rarr; <strong>1187<\/strong><br \/>(+29 for winning)\n","uploadtime":1700540070,"views":1,"p1id":"mr475","p2id":"freshyes","formatid":"gen9ubers","rating":1182,"private":0,"password":""}