{"id":"gen9ubers-1991267647","p1":"kllllllllllllm","p2":"mystori_","format":"[Gen 9] Ubers","log":"|j|\u2606kllllllllllllm\n|j|\u2606mystori_\n|t:|1700062785\n|gametype|singles\n|player|p1|kllllllllllllm|veteran-gen4|1037\n|player|p2|mystori_|shauntal|1000\n|teamsize|p1|6\n|teamsize|p2|6\n|gen|9\n|tier|[Gen 9] Ubers\n|rated|\n|rule|Sleep Clause Mod: Limit one foe put to sleep\n|rule|Species Clause: Limit one of each Pok\u00e9mon\n|rule|OHKO Clause: OHKO moves are banned\n|rule|Evasion Items Clause: Evasion items are banned\n|rule|Evasion Moves Clause: Evasion moves are banned\n|rule|Endless Battle Clause: Forcing endless battles is banned\n|rule|HP Percentage Mod: HP is shown in percentages\n|clearpoke\n|poke|p1|Espathra, M|\n|poke|p1|Hoopa-Unbound|\n|poke|p1|Falinks|\n|poke|p1|Farigiraf, M|\n|poke|p1|Gliscor, M|\n|poke|p1|Heatran, F|\n|poke|p2|Sliggoo, M|\n|poke|p2|Ditto|\n|poke|p2|Pawniard, M|\n|poke|p2|Kirlia, F|\n|poke|p2|Ralts, M|\n|poke|p2|Empoleon, M|\n|teampreview\n|inactive|Battle timer is ON: inactive players will automatically lose when time's up. (requested by mystori_)\n|\n|t:|1700062799\n|start\n|switch|p1a: Espathra|Espathra, M|100\/100\n|switch|p2a: King Dedede|Empoleon, M, shiny|100\/100\n|turn|1\n|c|\u2606kllllllllllllm|glhf\n|c|\u2606mystori_|u too\n|\n|t:|1700062816\n|move|p1a: Espathra|Hypnosis|p2a: King Dedede|[miss]\n|-miss|p1a: Espathra|p2a: King Dedede\n|move|p2a: King Dedede|Swords Dance|p2a: King Dedede\n|-boost|p2a: King Dedede|atk|2\n|\n|-ability|p1a: Espathra|Speed Boost|boost\n|-boost|p1a: Espathra|spe|1\n|upkeep\n|turn|2\n|\n|t:|1700062826\n|move|p1a: Espathra|Hypnosis|p2a: King Dedede\n|-status|p2a: King Dedede|slp|[from] move: Hypnosis\n|cant|p2a: King Dedede|slp\n|\n|-ability|p1a: Espathra|Speed Boost|boost\n|-boost|p1a: Espathra|spe|1\n|upkeep\n|turn|3\n|\n|t:|1700062833\n|move|p1a: Espathra|Calm Mind|p1a: Espathra\n|-boost|p1a: Espathra|spa|1\n|-boost|p1a: Espathra|spd|1\n|-curestatus|p2a: King Dedede|slp|[msg]\n|move|p2a: King Dedede|Knock Off|p1a: Espathra\n|-supereffective|p1a: Espathra\n|-damage|p1a: Espathra|0 fnt\n|-enditem|p1a: Espathra|Wide Lens|[from] move: Knock Off|[of] p2a: King Dedede\n|faint|p1a: Espathra\n|\n|upkeep\n|c|\u2606kllllllllllllm|aaaa\n|\n|t:|1700062849\n|switch|p1a: Heatran|Heatran, F|100\/100\n|turn|4\n|\n|t:|1700062856\n|move|p2a: King Dedede|Aqua Jet|p1a: Heatran\n|-supereffective|p1a: Heatran\n|-damage|p1a: Heatran|39\/100\n|move|p1a: Heatran|Magma Storm|p2a: King Dedede|[miss]\n|-miss|p1a: Heatran|p2a: King Dedede\n|\n|upkeep\n|turn|5\n|\n|t:|1700062863\n|switch|p1a: Farigiraf|Farigiraf, M|100\/100\n|move|p2a: King Dedede|Aqua Jet||[still]\n|cant|p1a: Farigiraf|ability: Armor Tail|Aqua Jet|[of] p2a: King Dedede\n|\n|upkeep\n|turn|6\n|\n|t:|1700062871\n|move|p2a: King Dedede|Knock Off|p1a: Farigiraf\n|-supereffective|p1a: Farigiraf\n|-damage|p1a: Farigiraf|0 fnt\n|-enditem|p1a: Farigiraf|Leftovers|[from] move: Knock Off|[of] p2a: King Dedede\n|faint|p1a: Farigiraf\n|\n|upkeep\n|\n|t:|1700062878\n|switch|p1a: Gliscor|Gliscor, M|100\/100\n|turn|7\n|\n|t:|1700062885\n|-terastallize|p1a: Gliscor|Water\n|move|p1a: Gliscor|Crabhammer|p2a: King Dedede\n|-resisted|p2a: King Dedede\n|-damage|p2a: King Dedede|79\/100\n|move|p2a: King Dedede|Ice Spinner|p1a: Gliscor\n|-resisted|p1a: Gliscor\n|-damage|p1a: Gliscor|80\/100\n|\n|-heal|p2a: King Dedede|85\/100|[from] item: Leftovers\n|-status|p1a: Gliscor|tox|[from] item: Toxic Orb\n|upkeep\n|turn|8\n|c|\u2606mystori_|um?\n|\n|t:|1700062896\n|move|p1a: Gliscor|Facade|p2a: King Dedede\n|-resisted|p2a: King Dedede\n|-damage|p2a: King Dedede|64\/100\n|move|p2a: King Dedede|Knock Off|p1a: Gliscor\n|-damage|p1a: Gliscor|29\/100 tox\n|-enditem|p1a: Gliscor|Toxic Orb|[from] move: Knock Off|[of] p2a: King Dedede\n|\n|-heal|p2a: King Dedede|70\/100|[from] item: Leftovers\n|-heal|p1a: Gliscor|41\/100 tox|[from] ability: Poison Heal\n|upkeep\n|turn|9\n|\n|t:|1700062909\n|move|p1a: Gliscor|Toxic Spikes|p2a: King Dedede\n|-sidestart|p2: mystori_|move: Toxic Spikes\n|move|p2a: King Dedede|Knock Off|p1a: Gliscor\n|-damage|p1a: Gliscor|7\/100 tox\n|\n|-heal|p2a: King Dedede|76\/100|[from] item: Leftovers\n|-heal|p1a: Gliscor|19\/100 tox|[from] ability: Poison Heal\n|upkeep\n|turn|10\n|\n|t:|1700062918\n|move|p1a: Gliscor|Spikes|p2a: King Dedede\n|-sidestart|p2: mystori_|Spikes\n|move|p2a: King Dedede|Knock Off|p1a: Gliscor\n|-damage|p1a: Gliscor|0 fnt\n|faint|p1a: Gliscor\n|\n|-heal|p2a: King Dedede|82\/100|[from] item: Leftovers\n|upkeep\n|\n|t:|1700062928\n|switch|p1a: Hoopa|Hoopa-Unbound|100\/100\n|turn|11\n|\n|t:|1700062946\n|move|p1a: Hoopa|Focus Blast|p2a: King Dedede\n|-supereffective|p2a: King Dedede\n|-damage|p2a: King Dedede|0 fnt\n|faint|p2a: King Dedede\n|\n|upkeep\n|\n|t:|1700062969\n|switch|p2a: Kirby|Ditto|100\/100\n|-status|p2a: Kirby|psn\n|-damage|p2a: Kirby|88\/100 psn|[from] Spikes\n|-transform|p2a: Kirby|p1a: Hoopa|[from] ability: Imposter\n|turn|12\n|inactive|mystori_ has 120 seconds left.\n|\n|t:|1700062999\n|move|p2a: Kirby|Focus Blast|p1a: Hoopa\n|-damage|p1a: Hoopa|42\/100\n|-damage|p2a: Kirby|78\/100 psn|[from] item: Life Orb\n|move|p1a: Hoopa|Psychic|p2a: Kirby\n|-immune|p2a: Kirby\n|\n|-heal|p1a: Hoopa|48\/100|[from] item: Leftovers\n|-damage|p2a: Kirby|66\/100 psn|[from] psn\n|upkeep\n|turn|13\n|inactive|mystori_ has 120 seconds left.\n|c|\u2606kllllllllllllm|Im dumb\n|inactive|kllllllllllllm has 120 seconds left.\n|\n|t:|1700063023\n|move|p2a: Kirby|Dark Pulse|p1a: Hoopa\n|-damage|p1a: Hoopa|0 fnt\n|faint|p1a: Hoopa\n|-damage|p2a: Kirby|56\/100 psn|[from] item: Life Orb\n|\n|-damage|p2a: Kirby|43\/100 psn|[from] psn\n|upkeep\n|inactive|kllllllllllllm has 120 seconds left.\n|\n|t:|1700063031\n|switch|p1a: Heatran|Heatran, F|39\/100\n|turn|14\n|\n|t:|1700063037\n|move|p2a: Kirby|Shadow Ball|p1a: Heatran\n|-crit|p1a: Heatran\n|-damage|p1a: Heatran|10\/100\n|-damage|p2a: Kirby|33\/100 psn|[from] item: Life Orb\n|move|p1a: Heatran|Earthquake|p2a: Kirby\n|-damage|p2a: Kirby|0 fnt\n|faint|p2a: Kirby\n|\n|upkeep\n|\n|t:|1700063046\n|switch|p2a: Meta Knight|Pawniard, M, shiny|100\/100\n|-damage|p2a: Meta Knight|88\/100|[from] Spikes\n|turn|15\n|\n|t:|1700063053\n|-terastallize|p2a: Meta Knight|Flying\n|move|p2a: Meta Knight|Sucker Punch|p1a: Heatran\n|-damage|p1a: Heatran|0 fnt\n|faint|p1a: Heatran\n|\n|upkeep\n|\n|t:|1700063059\n|switch|p1a: Falinks|Falinks|100\/100\n|turn|16\n|\n|t:|1700063068\n|move|p1a: Falinks|Knock Off|p2a: Meta Knight\n|-damage|p2a: Meta Knight|57\/100\n|-enditem|p2a: Meta Knight|Eviolite|[from] move: Knock Off|[of] p1a: Falinks\n|move|p2a: Meta Knight|Swords Dance|p2a: Meta Knight\n|-boost|p2a: Meta Knight|atk|2\n|\n|upkeep\n|turn|17\n|\n|t:|1700063075\n|move|p1a: Falinks|Close Combat|p2a: Meta Knight\n|-resisted|p2a: Meta Knight\n|-damage|p2a: Meta Knight|14\/100\n|-unboost|p1a: Falinks|def|1\n|-unboost|p1a: Falinks|spd|1\n|move|p2a: Meta Knight|Iron Head|p1a: Falinks\n|-damage|p1a: Falinks|0 fnt\n|faint|p1a: Falinks\n|\n|win|mystori_\n|raw|kllllllllllllm's rating: 1037 &rarr; <strong>1020<\/strong><br \/>(-17 for losing)\n|raw|mystori_'s rating: 1000 &rarr; <strong>1044<\/strong><br \/>(+44 for winning)\n|c|\u2606mystori_|gg\n|c|\u2606kllllllllllllm|gg\n|l|\u2606kllllllllllllm\n","uploadtime":1700063101,"views":10,"p1id":"kllllllllllllm","p2id":"mystori","formatid":"gen9ubers","rating":1020,"private":0,"password":""}