{"id":"gen9ubers-1982132217","p1":"loog64","p2":"Top agent munchies","format":"[Gen 9] Ubers","log":"|j|\u2606loog64\n|j|\u2606Top agent munchies\n|t:|1698971169\n|gametype|singles\n|player|p1|loog64|2|\n|player|p2|Top agent munchies|266|\n|teamsize|p1|6\n|teamsize|p2|6\n|gen|9\n|tier|[Gen 9] Ubers\n|rule|Sleep Clause Mod: Limit one foe put to sleep\n|rule|Species Clause: Limit one of each Pok\u00e9mon\n|rule|OHKO Clause: OHKO moves are banned\n|rule|Evasion Items Clause: Evasion items are banned\n|rule|Evasion Moves Clause: Evasion moves are banned\n|rule|Endless Battle Clause: Forcing endless battles is banned\n|rule|HP Percentage Mod: HP is shown in percentages\n|clearpoke\n|poke|p1|Rillaboom, M|\n|poke|p1|Sableye, F|\n|poke|p1|Goodra-Hisui, M|\n|poke|p1|Flutter Mane|\n|poke|p1|Clefable, M|\n|poke|p1|Leafeon, F|\n|poke|p2|Arceus|\n|poke|p2|Kyogre|\n|poke|p2|Koraidon|\n|poke|p2|Miraidon|\n|poke|p2|Flutter Mane|\n|poke|p2|Zacian-*|\n|teampreview\n|inactive|Battle timer is ON: inactive players will automatically lose when time's up. (requested by loog64)\n|\n|t:|1698971183\n|start\n|switch|p1a: Piss Baby|Sableye, F, shiny|100\/100\n|switch|p2a: Koraidon|Koraidon|100\/100\n|-weather|SunnyDay|[from] ability: Orichalcum Pulse|[of] p2a: Koraidon\n|-activate|p2a: Koraidon|Orichalcum Pulse|[source]\n|turn|1\n|\n|t:|1698971198\n|switch|p1a: Flutter Mane|Flutter Mane|100\/100\n|-activate|p1a: Flutter Mane|ability: Protosynthesis\n|-start|p1a: Flutter Mane|protosynthesisspe\n|-terastallize|p2a: Koraidon|Fire\n|move|p2a: Koraidon|Swords Dance|p2a: Koraidon\n|-boost|p2a: Koraidon|atk|2\n|\n|-weather|SunnyDay|[upkeep]\n|upkeep\n|turn|2\n|\n|t:|1698971216\n|move|p1a: Flutter Mane|Thunder|p2a: Koraidon\n|-damage|p2a: Koraidon|45\/100\n|move|p2a: Koraidon|Flame Charge|p1a: Flutter Mane\n|-damage|p1a: Flutter Mane|0 fnt\n|-boost|p2a: Koraidon|spe|1\n|faint|p1a: Flutter Mane\n|-end|p1a: Flutter Mane|Protosynthesis|[silent]\n|\n|-weather|SunnyDay|[upkeep]\n|-heal|p2a: Koraidon|51\/100|[from] item: Leftovers\n|upkeep\n|inactive|loog64 has 270 seconds left.\n|\n|t:|1698971232\n|switch|p1a: Clefable|Clefable, M|100\/100\n|turn|3\n|inactive|loog64 has 270 seconds left.\n|\n|t:|1698971242\n|move|p2a: Koraidon|Flame Charge|p1a: Clefable\n|-damage|p1a: Clefable|0 fnt\n|-boost|p2a: Koraidon|spe|1\n|faint|p1a: Clefable\n|\n|-weather|SunnyDay|[upkeep]\n|-heal|p2a: Koraidon|57\/100|[from] item: Leftovers\n|upkeep\n|inactive|loog64 has 270 seconds left.\n|\n|t:|1698971248\n|switch|p1a: Leafeon|Leafeon, F|100\/100\n|turn|4\n|\n|t:|1698971251\n|move|p2a: Koraidon|Flame Charge|p1a: Leafeon\n|-supereffective|p1a: Leafeon\n|-damage|p1a: Leafeon|0 fnt\n|-boost|p2a: Koraidon|spe|1\n|faint|p1a: Leafeon\n|\n|-weather|SunnyDay|[upkeep]\n|-heal|p2a: Koraidon|63\/100|[from] item: Leftovers\n|upkeep\n|\n|t:|1698971255\n|switch|p1a: Monke|Rillaboom, M|100\/100\n|-fieldstart|move: Grassy Terrain|[from] ability: Grassy Surge|[of] p1a: Monke\n|turn|5\n|\n|t:|1698971264\n|move|p2a: Koraidon|Flame Charge|p1a: Monke\n|-supereffective|p1a: Monke\n|-damage|p1a: Monke|0 fnt\n|-boost|p2a: Koraidon|spe|1\n|faint|p1a: Monke\n|\n|-weather|none\n|-heal|p2a: Koraidon|69\/100|[from] Grassy Terrain\n|-heal|p2a: Koraidon|76\/100|[from] item: Leftovers\n|upkeep\n|\n|t:|1698971267\n|switch|p1a: Goodra|Goodra-Hisui, M|100\/100\n|turn|6\n|c|\u2606loog64|ok yeah I suck\n|\n|t:|1698971276\n|move|p2a: Koraidon|Collision Course|p1a: Goodra\n|-supereffective|p1a: Goodra\n|-damage|p1a: Goodra|0 fnt\n|-ability|p1a: Goodra|Gooey\n|-unboost|p2a: Koraidon|spe|1\n|faint|p1a: Goodra\n|\n|-heal|p2a: Koraidon|82\/100|[from] Grassy Terrain\n|-heal|p2a: Koraidon|88\/100|[from] item: Leftovers\n|upkeep\n|\n|t:|1698971279\n|switch|p1a: Piss Baby|Sableye, F, shiny|100\/100\n|turn|7\n|\n|t:|1698971291\n|move|p1a: Piss Baby|Protect|p1a: Piss Baby\n|-singleturn|p1a: Piss Baby|Protect\n|move|p2a: Koraidon|Dragon Claw|p1a: Piss Baby\n|-activate|p1a: Piss Baby|move: Protect\n|\n|-heal|p2a: Koraidon|94\/100|[from] Grassy Terrain\n|-heal|p2a: Koraidon|99\/100|[from] item: Leftovers\n|upkeep\n|turn|8\n|\n|t:|1698971297\n|move|p1a: Piss Baby|Recover||[still]\n|-fail|p1a: Piss Baby|heal\n|move|p2a: Koraidon|Dragon Claw|p1a: Piss Baby\n|-enditem|p1a: Piss Baby|Focus Sash\n|-damage|p1a: Piss Baby|1\/100\n|\n|-heal|p2a: Koraidon|100\/100|[from] Grassy Terrain\n|-heal|p1a: Piss Baby|7\/100|[from] Grassy Terrain\n|upkeep\n|turn|9\n|\n|t:|1698971300\n|move|p1a: Piss Baby|Protect|p1a: Piss Baby\n|-singleturn|p1a: Piss Baby|Protect\n|move|p2a: Koraidon|Flame Charge|p1a: Piss Baby\n|-activate|p1a: Piss Baby|move: Protect\n|\n|-heal|p1a: Piss Baby|13\/100|[from] Grassy Terrain\n|-fieldend|move: Grassy Terrain\n|upkeep\n|turn|10\n|\n|t:|1698971302\n|move|p1a: Piss Baby|Recover|p1a: Piss Baby\n|-heal|p1a: Piss Baby|63\/100\n|move|p2a: Koraidon|Flame Charge|p1a: Piss Baby\n|-damage|p1a: Piss Baby|0 fnt\n|-boost|p2a: Koraidon|spe|1\n|faint|p1a: Piss Baby\n|\n|win|Top agent munchies\n","uploadtime":1698971306,"views":9,"p1id":"loog64","p2id":"topagentmunchies","formatid":"gen9ubers","rating":0,"private":0,"password":""}