{"id":"gen9ubers-1969005237","p1":"ThePuzzler13","p2":"IspamObjection","format":"[Gen 9] Ubers","log":"|j|\u2606ThePuzzler13\n|j|\u2606IspamObjection\n|t:|1697482154\n|gametype|singles\n|player|p1|ThePuzzler13|170|\n|player|p2|IspamObjection|lance-gen2|\n|teamsize|p1|6\n|teamsize|p2|6\n|gen|9\n|tier|[Gen 9] Ubers\n|rule|Sleep Clause Mod: Limit one foe put to sleep\n|rule|Species Clause: Limit one of each Pok\u00e9mon\n|rule|OHKO Clause: OHKO moves are banned\n|rule|Evasion Items Clause: Evasion items are banned\n|rule|Evasion Moves Clause: Evasion moves are banned\n|rule|Endless Battle Clause: Forcing endless battles is banned\n|rule|HP Percentage Mod: HP is shown in percentages\n|clearpoke\n|poke|p1|Masquerain, M|\n|poke|p1|Arceus-Ice|\n|poke|p1|Gholdengo|\n|poke|p1|Palafin, F|\n|poke|p1|Chi-Yu|\n|poke|p1|Zamazenta-*|\n|poke|p2|Giratina|\n|poke|p2|Garchomp, F|\n|poke|p2|Espathra, F|\n|poke|p2|Cyclizar, F|\n|poke|p2|Palafin, F|\n|poke|p2|Chi-Yu|\n|teampreview\n|inactive|Battle timer is ON: inactive players will automatically lose when time's up. (requested by ThePuzzler13)\n|\n|t:|1697482180\n|start\n|switch|p1a: Masquerain|Masquerain, M|100\/100\n|switch|p2a: Garchover|Garchomp, F|100\/100\n|-ability|p1a: Masquerain|Intimidate|boost\n|-unboost|p2a: Garchover|atk|1\n|turn|1\n|\n|t:|1697482185\n|move|p2a: Garchover|Stealth Rock|p1a: Masquerain\n|-sidestart|p1: ThePuzzler13|move: Stealth Rock\n|move|p1a: Masquerain|Sticky Web|p2a: Garchover\n|-sidestart|p2: IspamObjection|move: Sticky Web\n|\n|upkeep\n|turn|2\n|\n|t:|1697482189\n|move|p2a: Garchover|Spikes|p1a: Masquerain\n|-sidestart|p1: ThePuzzler13|Spikes\n|move|p1a: Masquerain|Stun Spore|p2a: Garchover|[miss]\n|-miss|p1a: Masquerain|p2a: Garchover\n|\n|upkeep\n|turn|3\n|\n|t:|1697482193\n|move|p2a: Garchover|Spikes|p1a: Masquerain\n|-sidestart|p1: ThePuzzler13|Spikes\n|move|p1a: Masquerain|Whirlwind|p2a: Garchover\n|drag|p2a: Cyclizar|Cyclizar, F|100\/100\n|-activate|p2a: Cyclizar|move: Sticky Web\n|-unboost|p2a: Cyclizar|spe|1\n|\n|upkeep\n|turn|4\n|\n|t:|1697482200\n|switch|p1a: Gholdengo|Gholdengo|100\/100\n|-damage|p1a: Gholdengo|94\/100|[from] Stealth Rock\n|-damage|p1a: Gholdengo|78\/100|[from] Spikes\n|move|p2a: Cyclizar|Rapid Spin|p1a: Gholdengo\n|-immune|p1a: Gholdengo\n|\n|upkeep\n|turn|5\n|\n|t:|1697482221\n|switch|p2a: Garchover|Garchomp, F|100\/100\n|-activate|p2a: Garchover|move: Sticky Web\n|-unboost|p2a: Garchover|spe|1\n|move|p1a: Gholdengo|Trick|p2a: Garchover\n|-activate|p1a: Gholdengo|move: Trick|[of] p2a: Garchover\n|-item|p2a: Garchover|Choice Scarf|[from] move: Trick\n|-item|p1a: Gholdengo|Focus Sash|[from] move: Trick\n|\n|upkeep\n|turn|6\n|\n|t:|1697482239\n|move|p2a: Garchover|Spikes|p1a: Gholdengo\n|-sidestart|p1: ThePuzzler13|Spikes\n|move|p1a: Gholdengo|Focus Blast|p2a: Garchover\n|-damage|p2a: Garchover|53\/100\n|\n|upkeep\n|turn|7\n|\n|t:|1697482249\n|switch|p2a: Giratina|Giratina|100\/100\n|-activate|p2a: Giratina|move: Sticky Web\n|-unboost|p2a: Giratina|spe|1\n|-ability|p2a: Giratina|Pressure\n|move|p1a: Gholdengo|Make It Rain|p2a: Giratina\n|-damage|p2a: Giratina|65\/100\n|-unboost|p1a: Gholdengo|spa|1\n|\n|-heal|p2a: Giratina|71\/100|[from] item: Leftovers\n|upkeep\n|turn|8\n|inactive|IspamObjection has 270 seconds left.\n|\n|t:|1697482270\n|-terastallize|p2a: Giratina|Normal\n|move|p1a: Gholdengo|Shadow Ball|p2a: Giratina\n|-immune|p2a: Giratina\n|move|p2a: Giratina|Roar|p1a: Gholdengo\n|-immune|p1a: Gholdengo|[from] ability: Good as Gold\n|\n|-heal|p2a: Giratina|77\/100|[from] item: Leftovers\n|upkeep\n|turn|9\n|inactive|IspamObjection has 270 seconds left.\n|inactive|IspamObjection has 240 seconds left.\n|\n|t:|1697482322\n|switch|p2a: Garchover|Garchomp, F|53\/100\n|-activate|p2a: Garchover|move: Sticky Web\n|-unboost|p2a: Garchover|spe|1\n|move|p1a: Gholdengo|Focus Blast|p2a: Garchover\n|-damage|p2a: Garchover|20\/100\n|\n|upkeep\n|turn|10\n|\n|t:|1697482332\n|move|p2a: Garchover|Earthquake|p1a: Gholdengo\n|-supereffective|p1a: Gholdengo\n|-damage|p1a: Gholdengo|0 fnt\n|faint|p1a: Gholdengo\n|\n|upkeep\n|\n|t:|1697482336\n|switch|p1a: Arceus|Arceus-Ice|100\/100\n|-damage|p1a: Arceus|76\/100|[from] Stealth Rock\n|-damage|p1a: Arceus|51\/100|[from] Spikes\n|turn|11\n|\n|t:|1697482340\n|move|p1a: Arceus|Judgment|p2a: Garchover\n|-supereffective|p2a: Garchover\n|-damage|p2a: Garchover|0 fnt\n|faint|p2a: Garchover\n|\n|upkeep\n|inactive|IspamObjection has 240 seconds left.\n|\n|t:|1697482374\n|switch|p2a: Cyclizar|Cyclizar, F|100\/100\n|-activate|p2a: Cyclizar|move: Sticky Web\n|-unboost|p2a: Cyclizar|spe|1\n|turn|12\n|\n|t:|1697482390\n|move|p2a: Cyclizar|Shed Tail|p2a: Cyclizar\n|-start|p2a: Cyclizar|Substitute|[from] move: Shed Tail\n|-damage|p2a: Cyclizar|50\/100\n|\n|t:|1697482396\n|switch|p2a: Chi-Yu|Chi-Yu|100\/100|[from] Shed Tail\n|-activate|p2a: Chi-Yu|move: Sticky Web\n|-unboost|p2a: Chi-Yu|spe|1\n|-ability|p2a: Chi-Yu|Beads of Ruin\n|move|p1a: Arceus|Judgment|p2a: Chi-Yu\n|-resisted|p2a: Chi-Yu\n|-end|p2a: Chi-Yu|Substitute\n|\n|upkeep\n|turn|13\n|inactive|IspamObjection has 240 seconds left.\n|\n|t:|1697482412\n|move|p1a: Arceus|Recover|p1a: Arceus\n|-heal|p1a: Arceus|100\/100\n|move|p2a: Chi-Yu|Flamethrower|p1a: Arceus\n|-supereffective|p1a: Arceus\n|-damage|p1a: Arceus|0 fnt\n|faint|p1a: Arceus\n|\n|upkeep\n|\n|t:|1697482419\n|switch|p1a: Palafin|Palafin, F|100\/100\n|-damage|p1a: Palafin|88\/100|[from] Stealth Rock\n|-damage|p1a: Palafin|63\/100|[from] Spikes\n|turn|14\n|inactive|IspamObjection has 240 seconds left.\n|\n|t:|1697482426\n|switch|p2a: Palafin|Palafin, F|100\/100\n|-activate|p2a: Palafin|move: Sticky Web\n|-unboost|p2a: Palafin|spe|1\n|move|p1a: Palafin|Flip Turn|p2a: Palafin\n|-resisted|p2a: Palafin\n|-damage|p2a: Palafin|80\/100\n|\n|t:|1697482433\n|detailschange|p1a: Palafin|Palafin-Hero, F\n|switch|p1a: Masquerain|Masquerain, M|100\/100|[from] Flip Turn\n|-damage|p1a: Masquerain|50\/100|[from] Stealth Rock\n|-ability|p1a: Masquerain|Intimidate|boost\n|-unboost|p2a: Palafin|atk|1\n|\n|upkeep\n|turn|15\n|\n|t:|1697482443\n|move|p1a: Masquerain|Stun Spore|p2a: Palafin|[miss]\n|-miss|p1a: Masquerain|p2a: Palafin\n|move|p2a: Palafin|Flip Turn|p1a: Masquerain\n|-damage|p1a: Masquerain|25\/100\n|\n|t:|1697482455\n|detailschange|p2a: Palafin|Palafin-Hero, F\n|switch|p2a: Giratina|Giratina, tera:Normal|77\/100|[from] Flip Turn\n|-activate|p2a: Giratina|move: Sticky Web\n|-unboost|p2a: Giratina|spe|1\n|-ability|p2a: Giratina|Pressure\n|\n|-heal|p2a: Giratina|84\/100|[from] item: Leftovers\n|upkeep\n|turn|16\n|c|\u2606ThePuzzler13|oh btw i'll post the replay afterwards\n|c|\u2606IspamObjection|sure\n|\n|t:|1697482472\n|move|p1a: Masquerain|Stun Spore|p2a: Giratina\n|-status|p2a: Giratina|par\n|move|p2a: Giratina|Roar|p1a: Masquerain\n|drag|p1a: Zamazenta|Zamazenta-Crowned|100\/100\n|-damage|p1a: Zamazenta|97\/100|[from] Stealth Rock\n|-damage|p1a: Zamazenta|72\/100|[from] Spikes\n|-ability|p1a: Zamazenta|Dauntless Shield|boost\n|-boost|p1a: Zamazenta|def|1\n|\n|-heal|p2a: Giratina|90\/100 par|[from] item: Leftovers\n|upkeep\n|turn|17\n|\n|t:|1697482486\n|-terastallize|p1a: Zamazenta|Fighting\n|move|p1a: Zamazenta|Body Press|p2a: Giratina\n|-supereffective|p2a: Giratina\n|-damage|p2a: Giratina|14\/100 par\n|move|p2a: Giratina|Will-O-Wisp|p1a: Zamazenta|[miss]\n|-miss|p2a: Giratina|p1a: Zamazenta\n|\n|-heal|p2a: Giratina|20\/100 par|[from] item: Leftovers\n|upkeep\n|turn|18\n|inactive|IspamObjection has 240 seconds left.\n|\n|t:|1697482521\n|move|p1a: Zamazenta|Crunch|p2a: Giratina\n|-damage|p2a: Giratina|10\/100 par\n|move|p2a: Giratina|Rest|p2a: Giratina\n|-status|p2a: Giratina|slp|[from] move: Rest\n|-heal|p2a: Giratina|100\/100 slp|[silent]\n|\n|upkeep\n|turn|19\n|\n|t:|1697482528\n|move|p1a: Zamazenta|Iron Defense|p1a: Zamazenta\n|-boost|p1a: Zamazenta|def|2\n|cant|p2a: Giratina|slp\n|move|p2a: Giratina|Sleep Talk|p2a: Giratina\n|move|p2a: Giratina|Will-O-Wisp|p1a: Zamazenta|[from]move: Sleep Talk\n|-status|p1a: Zamazenta|brn\n|\n|-damage|p1a: Zamazenta|66\/100 brn|[from] brn\n|upkeep\n|turn|20\n|inactive|IspamObjection has 240 seconds left.\n|\n|t:|1697482535\n|move|p1a: Zamazenta|Iron Defense|p1a: Zamazenta\n|-boost|p1a: Zamazenta|def|2\n|cant|p2a: Giratina|slp\n|move|p2a: Giratina|Sleep Talk|p2a: Giratina\n|move|p2a: Giratina|Will-O-Wisp|p1a: Zamazenta|[from]move: Sleep Talk|[miss]\n|-miss|p2a: Giratina|p1a: Zamazenta\n|\n|-damage|p1a: Zamazenta|60\/100 brn|[from] brn\n|upkeep\n|turn|21\n|\n|t:|1697482542\n|move|p1a: Zamazenta|Body Press|p2a: Giratina\n|-supereffective|p2a: Giratina\n|-damage|p2a: Giratina|6\/100 slp\n|-curestatus|p2a: Giratina|slp|[msg]\n|move|p2a: Giratina|Roar|p1a: Zamazenta\n|drag|p1a: Palafin|Palafin-Hero, F|63\/100\n|-damage|p1a: Palafin|51\/100|[from] Stealth Rock\n|-damage|p1a: Palafin|26\/100|[from] Spikes\n|-activate|p1a: Palafin|ability: Zero to Hero\n|\n|-heal|p2a: Giratina|12\/100|[from] item: Leftovers\n|upkeep\n|turn|22\n|inactive|IspamObjection has 240 seconds left.\n|\n|t:|1697482557\n|move|p1a: Palafin|Jet Punch|p2a: Giratina\n|-damage|p2a: Giratina|0 fnt\n|faint|p2a: Giratina\n|\n|upkeep\n|inactive|IspamObjection has 240 seconds left.\n|inactive|IspamObjection has 210 seconds left.\n|inactive|IspamObjection has 180 seconds left.\n|\n|t:|1697482630\n|switch|p2a: Cyclizar|Cyclizar, F|84\/100\n|-activate|p2a: Cyclizar|move: Sticky Web\n|-unboost|p2a: Cyclizar|spe|1\n|turn|23\n|inactive|IspamObjection has 180 seconds left.\n|\n|t:|1697482653\n|switch|p1a: Masquerain|Masquerain, M|25\/100\n|-damage|p1a: Masquerain|0 fnt|[from] Stealth Rock\n|faint|p1a: Masquerain\n|move|p2a: Cyclizar|Knock Off|p1: Masquerain|[notarget]\n|-fail|p2a: Cyclizar\n|\n|upkeep\n|\n|t:|1697482664\n|switch|p1a: Zamazenta|Zamazenta-Crowned, tera:Fighting|60\/100 brn\n|-damage|p1a: Zamazenta|54\/100 brn|[from] Stealth Rock\n|-damage|p1a: Zamazenta|29\/100 brn|[from] Spikes\n|turn|24\n|inactive|IspamObjection has 180 seconds left.\n|\n|t:|1697482685\n|switch|p2a: Espathra|Espathra, F|100\/100\n|-activate|p2a: Espathra|move: Sticky Web\n|-unboost|p2a: Espathra|spe|1\n|move|p1a: Zamazenta|Body Press|p2a: Espathra\n|-resisted|p2a: Espathra\n|-damage|p2a: Espathra|87\/100\n|\n|-heal|p2a: Espathra|93\/100|[from] item: Leftovers\n|-damage|p1a: Zamazenta|23\/100 brn|[from] brn\n|upkeep\n|turn|25\n|\n|t:|1697482703\n|move|p1a: Zamazenta|Crunch|p2a: Espathra\n|-supereffective|p2a: Espathra\n|-damage|p2a: Espathra|75\/100\n|-unboost|p2a: Espathra|def|1\n|move|p2a: Espathra|Calm Mind|p2a: Espathra\n|-boost|p2a: Espathra|spa|1\n|-boost|p2a: Espathra|spd|1\n|\n|-heal|p2a: Espathra|81\/100|[from] item: Leftovers\n|-damage|p1a: Zamazenta|16\/100 brn|[from] brn\n|-ability|p2a: Espathra|Speed Boost|boost\n|-boost|p2a: Espathra|spe|1\n|upkeep\n|turn|26\n|\n|t:|1697482720\n|move|p1a: Zamazenta|Body Press|p2a: Espathra\n|-resisted|p2a: Espathra\n|-damage|p2a: Espathra|60\/100\n|move|p2a: Espathra|Calm Mind|p2a: Espathra\n|-boost|p2a: Espathra|spa|1\n|-boost|p2a: Espathra|spd|1\n|\n|-heal|p2a: Espathra|66\/100|[from] item: Leftovers\n|-damage|p1a: Zamazenta|10\/100 brn|[from] brn\n|-ability|p2a: Espathra|Speed Boost|boost\n|-boost|p2a: Espathra|spe|1\n|upkeep\n|turn|27\n|\n|t:|1697482727\n|move|p2a: Espathra|Roost|p2a: Espathra\n|-heal|p2a: Espathra|100\/100\n|-singleturn|p2a: Espathra|move: Roost\n|move|p1a: Zamazenta|Iron Defense|p1a: Zamazenta\n|-boost|p1a: Zamazenta|def|2\n|\n|-damage|p1a: Zamazenta|4\/100 brn|[from] brn\n|-ability|p2a: Espathra|Speed Boost|boost\n|-boost|p2a: Espathra|spe|1\n|upkeep\n|turn|28\n|\n|t:|1697482739\n|move|p2a: Espathra|Dazzling Gleam|p1a: Zamazenta\n|-supereffective|p1a: Zamazenta\n|-damage|p1a: Zamazenta|0 fnt\n|faint|p1a: Zamazenta\n|\n|-ability|p2a: Espathra|Speed Boost|boost\n|-boost|p2a: Espathra|spe|1\n|upkeep\n|\n|t:|1697482744\n|switch|p1a: Chi-Yu|Chi-Yu|100\/100\n|-damage|p1a: Chi-Yu|76\/100|[from] Stealth Rock\n|-damage|p1a: Chi-Yu|51\/100|[from] Spikes\n|-ability|p1a: Chi-Yu|Beads of Ruin\n|turn|29\n|\n|t:|1697482760\n|move|p2a: Espathra|Dazzling Gleam|p1a: Chi-Yu\n|-damage|p1a: Chi-Yu|12\/100\n|move|p1a: Chi-Yu|Dark Pulse|p2a: Espathra\n|-supereffective|p2a: Espathra\n|-damage|p2a: Espathra|0 fnt\n|faint|p2a: Espathra\n|\n|upkeep\n|\n|t:|1697482777\n|switch|p2a: Chi-Yu|Chi-Yu|100\/100\n|-activate|p2a: Chi-Yu|move: Sticky Web\n|-unboost|p2a: Chi-Yu|spe|1\n|-ability|p2a: Chi-Yu|Beads of Ruin\n|turn|30\n|\n|t:|1697482783\n|move|p1a: Chi-Yu|Dark Pulse|p2a: Chi-Yu\n|-resisted|p2a: Chi-Yu\n|-damage|p2a: Chi-Yu|61\/100\n|move|p2a: Chi-Yu|Dark Pulse|p1a: Chi-Yu\n|-resisted|p1a: Chi-Yu\n|-damage|p1a: Chi-Yu|0 fnt\n|faint|p1a: Chi-Yu\n|\n|upkeep\n|\n|t:|1697482788\n|switch|p1a: Palafin|Palafin-Hero, F|26\/100\n|-damage|p1a: Palafin|14\/100|[from] Stealth Rock\n|-damage|p1a: Palafin|0 fnt|[from] Spikes\n|faint|p1a: Palafin\n|\n|win|IspamObjection\n|c|\u2606ThePuzzler13|gg\n|c|\u2606IspamObjection|gg\n","uploadtime":1697482794,"views":32,"p1id":"thepuzzler13","p2id":"ispamobjection","formatid":"gen9ubers","rating":0,"private":0,"password":""}