{"id":"gen9ubers-1988544377","p1":"tekuazor","p2":"Mr-Mongol","format":"[Gen 9] Ubers","log":"|j|\u2606tekuazor\n|j|\u2606Mr-Mongol\n|t:|1699734382\n|gametype|singles\n|player|p1|tekuazor|policeman-gen4|\n|player|p2|Mr-Mongol|alec-anime|\n|teamsize|p1|6\n|teamsize|p2|6\n|gen|9\n|tier|[Gen 9] Ubers\n|rule|Sleep Clause Mod: Limit one foe put to sleep\n|rule|Species Clause: Limit one of each Pok\u00e9mon\n|rule|OHKO Clause: OHKO moves are banned\n|rule|Evasion Items Clause: Evasion items are banned\n|rule|Evasion Moves Clause: Evasion moves are banned\n|rule|Endless Battle Clause: Forcing endless battles is banned\n|rule|HP Percentage Mod: HP is shown in percentages\n|clearpoke\n|poke|p1|Dudunsparce-*, M|\n|poke|p1|Zoroark-Hisui, M|\n|poke|p1|Staraptor, F|\n|poke|p1|Annihilape, M|\n|poke|p1|Blissey, F|\n|poke|p1|Ursaluna-Bloodmoon, M|\n|poke|p2|Lucario, M|\n|poke|p2|Tinkaton, F|\n|poke|p2|Magearna|\n|poke|p2|Zamazenta-*|\n|poke|p2|Zacian-*|\n|poke|p2|Ribombee, F|\n|teampreview\n|\n|t:|1699734411\n|start\n|switch|p1a: Ursaluna|Ursaluna-Bloodmoon, M|100\/100\n|switch|p2a: Ribombee|Ribombee, F|100\/100\n|turn|1\n|\n|t:|1699734427\n|switch|p1a: Blissey|Blissey, F|100\/100\n|-terastallize|p2a: Ribombee|Steel\n|move|p2a: Ribombee|Sticky Web|p1a: Blissey\n|-sidestart|p1: tekuazor|move: Sticky Web\n|\n|upkeep\n|turn|2\n|\n|t:|1699734448\n|switch|p2a: Leyley|Zacian-Crowned|100\/100\n|-ability|p2a: Leyley|Intrepid Sword|boost\n|-boost|p2a: Leyley|atk|1\n|move|p1a: Blissey|Stealth Rock|p2a: Leyley\n|-sidestart|p2: Mr-Mongol|move: Stealth Rock\n|\n|upkeep\n|turn|3\n|\n|t:|1699734459\n|switch|p1a: Staraptor|Staraptor, F, shiny|100\/100\n|move|p2a: Leyley|Behemoth Blade|p1a: Staraptor\n|-damage|p1a: Staraptor|0 fnt\n|faint|p1a: Staraptor\n|\n|upkeep\n|\n|t:|1699734466\n|switch|p1a: Dudunsparce|Dudunsparce, M, shiny|100\/100\n|-activate|p1a: Dudunsparce|move: Sticky Web\n|-unboost|p1a: Dudunsparce|spe|1\n|turn|4\n|\n|t:|1699734471\n|move|p2a: Leyley|Behemoth Blade|p1a: Dudunsparce\n|-damage|p1a: Dudunsparce|32\/100\n|-damage|p2a: Leyley|84\/100|[from] item: Rocky Helmet|[of] p1a: Dudunsparce\n|move|p1a: Dudunsparce|Glare|p2a: Leyley\n|-status|p2a: Leyley|par\n|\n|upkeep\n|turn|5\n|\n|t:|1699734482\n|cant|p2a: Leyley|par\n|move|p1a: Dudunsparce|Roost|p1a: Dudunsparce\n|-heal|p1a: Dudunsparce|82\/100\n|-singleturn|p1a: Dudunsparce|move: Roost\n|\n|upkeep\n|turn|6\n|\n|t:|1699734489\n|move|p2a: Leyley|Swords Dance|p2a: Leyley\n|-boost|p2a: Leyley|atk|2\n|move|p1a: Dudunsparce|Drill Run|p2a: Leyley\n|-supereffective|p2a: Leyley\n|-damage|p2a: Leyley|48\/100 par\n|\n|upkeep\n|turn|7\n|\n|t:|1699734500\n|move|p2a: Leyley|Behemoth Blade|p1a: Dudunsparce\n|-damage|p1a: Dudunsparce|0 fnt\n|-damage|p2a: Leyley|31\/100 par|[from] item: Rocky Helmet|[of] p1a: Dudunsparce\n|faint|p1a: Dudunsparce\n|\n|upkeep\n|\n|t:|1699734506\n|switch|p1a: Blissey|Blissey, F|100\/100\n|-activate|p1a: Blissey|move: Sticky Web\n|-unboost|p1a: Blissey|spe|1\n|turn|8\n|\n|t:|1699734513\n|move|p1a: Blissey|Flamethrower|p2a: Leyley\n|-supereffective|p2a: Leyley\n|-damage|p2a: Leyley|0 fnt\n|faint|p2a: Leyley\n|\n|upkeep\n|\n|t:|1699734525\n|switch|p2a: Tinkaton|Tinkaton, F|100\/100\n|-damage|p2a: Tinkaton|94\/100|[from] Stealth Rock\n|-ability|p2a: Tinkaton|Mold Breaker\n|turn|9\n|\n|t:|1699734534\n|move|p2a: Tinkaton|Thunder Wave|p1a: Blissey\n|-status|p1a: Blissey|par\n|move|p1a: Blissey|Flamethrower|p2a: Tinkaton\n|-supereffective|p2a: Tinkaton\n|-damage|p2a: Tinkaton|45\/100\n|\n|-heal|p2a: Tinkaton|51\/100|[from] item: Leftovers\n|upkeep\n|turn|10\n|\n|t:|1699734543\n|move|p2a: Tinkaton|Gigaton Hammer|p1a: Blissey\n|-damage|p1a: Blissey|18\/100 par\n|replace|p1a: Zoroark|Zoroark-Hisui, M, shiny\n|-end|p1a: Zoroark|Illusion\n|move|p1a: Zoroark|Flamethrower|p2a: Tinkaton\n|-supereffective|p2a: Tinkaton\n|-damage|p2a: Tinkaton|0 fnt\n|faint|p2a: Tinkaton\n|\n|upkeep\n|\n|t:|1699734551\n|switch|p2a: Ribombee|Ribombee, F, tera:Steel|100\/100\n|-damage|p2a: Ribombee|94\/100|[from] Stealth Rock\n|turn|11\n|\n|t:|1699734563\n|move|p2a: Ribombee|Moonblast|p1a: Zoroark\n|-damage|p1a: Zoroark|0 fnt\n|faint|p1a: Zoroark\n|\n|upkeep\n|\n|t:|1699734571\n|switch|p1a: Annihilape|Annihilape, M|100\/100\n|-activate|p1a: Annihilape|move: Sticky Web\n|-unboost|p1a: Annihilape|spe|1\n|-ability|p1a: Annihilape|Defiant|boost\n|-boost|p1a: Annihilape|atk|2\n|turn|12\n|\n|t:|1699734580\n|-terastallize|p1a: Annihilape|Normal\n|move|p2a: Ribombee|Quiver Dance|p2a: Ribombee\n|-boost|p2a: Ribombee|spa|1\n|-boost|p2a: Ribombee|spd|1\n|-boost|p2a: Ribombee|spe|1\n|move|p1a: Annihilape|Drain Punch|p2a: Ribombee\n|-supereffective|p2a: Ribombee\n|-damage|p2a: Ribombee|0 fnt\n|faint|p2a: Ribombee\n|\n|upkeep\n|\n|t:|1699734586\n|switch|p2a: Newid|Lucario, M|100\/100\n|-damage|p2a: Newid|98\/100|[from] Stealth Rock\n|turn|13\n|\n|t:|1699734592\n|move|p2a: Newid|Aura Sphere|p1a: Annihilape\n|-supereffective|p1a: Annihilape\n|-damage|p1a: Annihilape|24\/100\n|-enditem|p1a: Annihilape|Sitrus Berry|[eat]\n|-heal|p1a: Annihilape|49\/100|[from] item: Sitrus Berry\n|move|p1a: Annihilape|Drain Punch|p2a: Newid\n|-supereffective|p2a: Newid\n|-damage|p2a: Newid|0 fnt\n|-heal|p1a: Annihilape|85\/100|[from] drain|[of] p2a: Newid\n|faint|p2a: Newid\n|\n|upkeep\n|\n|t:|1699734632\n|switch|p2a: Andy|Zamazenta-Crowned|100\/100\n|-damage|p2a: Andy|97\/100|[from] Stealth Rock\n|-ability|p2a: Andy|Dauntless Shield|boost\n|-boost|p2a: Andy|def|1\n|turn|14\n|\n|t:|1699734645\n|move|p2a: Andy|Body Press|p1a: Annihilape\n|-supereffective|p1a: Annihilape\n|-damage|p1a: Annihilape|0 fnt\n|faint|p1a: Annihilape\n|\n|upkeep\n|\n|t:|1699734663\n|switch|p1a: Ursaluna|Ursaluna-Bloodmoon, M|100\/100\n|-activate|p1a: Ursaluna|move: Sticky Web\n|-unboost|p1a: Ursaluna|spe|1\n|turn|15\n|\n|t:|1699734681\n|move|p2a: Andy|Iron Defense|p2a: Andy\n|-boost|p2a: Andy|def|2\n|move|p1a: Ursaluna|Earth Power|p2a: Andy\n|-supereffective|p2a: Andy\n|-damage|p2a: Andy|1\/100\n|-damage|p1a: Ursaluna|91\/100|[from] item: Life Orb\n|\n|upkeep\n|turn|16\n|\n|t:|1699734687\n|move|p1a: Ursaluna|Vacuum Wave|p2a: Andy\n|-supereffective|p2a: Andy\n|-damage|p2a: Andy|0 fnt\n|faint|p2a: Andy\n|-damage|p1a: Ursaluna|81\/100|[from] item: Life Orb\n|\n|upkeep\n|\n|t:|1699734689\n|switch|p2a: Lima|Magearna|100\/100\n|-damage|p2a: Lima|94\/100|[from] Stealth Rock\n|turn|17\n|\n|t:|1699734696\n|move|p2a: Lima|Calm Mind|p2a: Lima\n|-boost|p2a: Lima|spa|1\n|-boost|p2a: Lima|spd|1\n|move|p1a: Ursaluna|Earth Power|p2a: Lima\n|-supereffective|p2a: Lima\n|-damage|p2a: Lima|8\/100\n|-damage|p1a: Ursaluna|71\/100|[from] item: Life Orb\n|\n|-heal|p2a: Lima|14\/100|[from] item: Leftovers\n|upkeep\n|turn|18\n|\n|t:|1699734703\n|move|p1a: Ursaluna|Vacuum Wave|p2a: Lima\n|-damage|p2a: Lima|1\/100\n|-damage|p1a: Ursaluna|61\/100|[from] item: Life Orb\n|move|p2a: Lima|Flash Cannon|p1a: Ursaluna\n|-damage|p1a: Ursaluna|0 fnt\n|faint|p1a: Ursaluna\n|-ability|p2a: Lima|Soul-Heart|boost\n|-boost|p2a: Lima|spa|1\n|\n|-heal|p2a: Lima|8\/100|[from] item: Leftovers\n|upkeep\n|\n|t:|1699734709\n|switch|p1a: Blissey|Blissey, F|100\/100\n|-activate|p1a: Blissey|move: Sticky Web\n|-unboost|p1a: Blissey|spe|1\n|turn|19\n|\n|t:|1699734715\n|move|p2a: Lima|Draining Kiss|p1a: Blissey\n|-damage|p1a: Blissey|85\/100\n|-heal|p2a: Lima|31\/100|[from] drain|[of] p1a: Blissey\n|move|p1a: Blissey|Shadow Ball|p2a: Lima\n|-damage|p2a: Lima|21\/100\n|\n|-heal|p2a: Lima|27\/100|[from] item: Leftovers\n|-heal|p1a: Blissey|91\/100|[from] item: Leftovers\n|upkeep\n|turn|20\n|\n|t:|1699734723\n|move|p2a: Lima|Draining Kiss|p1a: Blissey\n|-damage|p1a: Blissey|76\/100\n|-heal|p2a: Lima|50\/100|[from] drain|[of] p1a: Blissey\n|move|p1a: Blissey|Thunder|p2a: Lima\n|-damage|p2a: Lima|37\/100\n|\n|-heal|p2a: Lima|43\/100|[from] item: Leftovers\n|-heal|p1a: Blissey|83\/100|[from] item: Leftovers\n|upkeep\n|turn|21\n|\n|t:|1699734735\n|move|p2a: Lima|Draining Kiss|p1a: Blissey\n|-damage|p1a: Blissey|68\/100\n|-heal|p2a: Lima|65\/100|[from] drain|[of] p1a: Blissey\n|move|p1a: Blissey|Thunder|p2a: Lima\n|-damage|p2a: Lima|53\/100\n|-status|p2a: Lima|par\n|\n|-heal|p2a: Lima|59\/100 par|[from] item: Leftovers\n|-heal|p1a: Blissey|74\/100|[from] item: Leftovers\n|upkeep\n|turn|22\n|\n|t:|1699734744\n|cant|p2a: Lima|par\n|move|p1a: Blissey|Shadow Ball|p2a: Lima\n|-damage|p2a: Lima|50\/100 par\n|\n|-heal|p2a: Lima|56\/100 par|[from] item: Leftovers\n|-heal|p1a: Blissey|80\/100|[from] item: Leftovers\n|upkeep\n|turn|23\n|\n|t:|1699734754\n|cant|p2a: Lima|par\n|move|p1a: Blissey|Shadow Ball|p2a: Lima\n|-damage|p2a: Lima|46\/100 par\n|-unboost|p2a: Lima|spd|1\n|\n|-heal|p2a: Lima|52\/100 par|[from] item: Leftovers\n|-heal|p1a: Blissey|86\/100|[from] item: Leftovers\n|upkeep\n|turn|24\n|\n|t:|1699734762\n|cant|p2a: Lima|par\n|move|p1a: Blissey|Thunder|p2a: Lima\n|-damage|p2a: Lima|33\/100 par\n|\n|-heal|p2a: Lima|39\/100 par|[from] item: Leftovers\n|-heal|p1a: Blissey|92\/100|[from] item: Leftovers\n|upkeep\n|turn|25\n|\n|t:|1699734769\n|cant|p2a: Lima|par\n|move|p1a: Blissey|Shadow Ball|p2a: Lima\n|-damage|p2a: Lima|24\/100 par\n|\n|-heal|p2a: Lima|31\/100 par|[from] item: Leftovers\n|-heal|p1a: Blissey|99\/100|[from] item: Leftovers\n|upkeep\n|turn|26\n|c|\u2606Mr-Mongol|van 4\n|c|\u2606tekuazor|me estoy re contra cagando de los calcones\n|\n|t:|1699734788\n|move|p2a: Lima|Draining Kiss|p1a: Blissey\n|-damage|p1a: Blissey|85\/100\n|-heal|p2a: Lima|51\/100 par|[from] drain|[of] p1a: Blissey\n|move|p1a: Blissey|Shadow Ball|p2a: Lima\n|-damage|p2a: Lima|38\/100 par\n|-unboost|p2a: Lima|spd|1\n|\n|-heal|p2a: Lima|44\/100 par|[from] item: Leftovers\n|-heal|p1a: Blissey|91\/100|[from] item: Leftovers\n|upkeep\n|turn|27\n|\n|t:|1699734796\n|move|p2a: Lima|Calm Mind|p2a: Lima\n|-boost|p2a: Lima|spa|1\n|-boost|p2a: Lima|spd|1\n|move|p1a: Blissey|Shadow Ball|p2a: Lima\n|-damage|p2a: Lima|29\/100 par\n|\n|-heal|p2a: Lima|35\/100 par|[from] item: Leftovers\n|-heal|p1a: Blissey|97\/100|[from] item: Leftovers\n|upkeep\n|turn|28\n|\n|t:|1699734803\n|cant|p2a: Lima|par\n|move|p1a: Blissey|Shadow Ball|p2a: Lima\n|-damage|p2a: Lima|22\/100 par\n|\n|-heal|p2a: Lima|28\/100 par|[from] item: Leftovers\n|-heal|p1a: Blissey|100\/100|[from] item: Leftovers\n|upkeep\n|turn|29\n|\n|t:|1699734817\n|move|p2a: Lima|Draining Kiss|p1a: Blissey\n|-damage|p1a: Blissey|82\/100\n|-heal|p2a: Lima|55\/100 par|[from] drain|[of] p1a: Blissey\n|move|p1a: Blissey|Thunder|p2a: Lima\n|-damage|p2a: Lima|38\/100 par\n|\n|-heal|p2a: Lima|44\/100 par|[from] item: Leftovers\n|-heal|p1a: Blissey|89\/100|[from] item: Leftovers\n|upkeep\n|turn|30\n|\n|t:|1699734845\n|move|p2a: Lima|Calm Mind|p2a: Lima\n|-boost|p2a: Lima|spa|1\n|-boost|p2a: Lima|spd|1\n|move|p1a: Blissey|Shadow Ball|p2a: Lima\n|-damage|p2a: Lima|34\/100 par\n|\n|-heal|p2a: Lima|40\/100 par|[from] item: Leftovers\n|-heal|p1a: Blissey|95\/100|[from] item: Leftovers\n|upkeep\n|turn|31\n|\n|t:|1699734856\n|move|p2a: Lima|Calm Mind|p2a: Lima\n|-boost|p2a: Lima|spa|1\n|-boost|p2a: Lima|spd|1\n|move|p1a: Blissey|Shadow Ball|p2a: Lima\n|-damage|p2a: Lima|34\/100 par\n|\n|-heal|p2a: Lima|40\/100 par|[from] item: Leftovers\n|-heal|p1a: Blissey|100\/100|[from] item: Leftovers\n|upkeep\n|turn|32\n|\n|t:|1699734864\n|move|p2a: Lima|Calm Mind|p2a: Lima\n|-boost|p2a: Lima|spa|1\n|-boost|p2a: Lima|spd|1\n|move|p1a: Blissey|Shadow Ball|p2a: Lima\n|-damage|p2a: Lima|34\/100 par\n|\n|-heal|p2a: Lima|40\/100 par|[from] item: Leftovers\n|upkeep\n|turn|33\n|\n|t:|1699734878\n|move|p2a: Lima|Draining Kiss|p1a: Blissey\n|-damage|p1a: Blissey|74\/100\n|-heal|p2a: Lima|81\/100 par|[from] drain|[of] p1a: Blissey\n|move|p1a: Blissey|Shadow Ball|p2a: Lima\n|-damage|p2a: Lima|75\/100 par\n|\n|-heal|p2a: Lima|81\/100 par|[from] item: Leftovers\n|-heal|p1a: Blissey|80\/100|[from] item: Leftovers\n|upkeep\n|turn|34\n|\n|t:|1699734887\n|move|p2a: Lima|Flash Cannon|p1a: Blissey\n|-damage|p1a: Blissey|32\/100\n|move|p1a: Blissey|Soft-Boiled|p1a: Blissey\n|-heal|p1a: Blissey|83\/100\n|\n|-heal|p2a: Lima|88\/100 par|[from] item: Leftovers\n|-heal|p1a: Blissey|89\/100|[from] item: Leftovers\n|upkeep\n|turn|35\n|\n|t:|1699734896\n|move|p2a: Lima|Flash Cannon|p1a: Blissey\n|-damage|p1a: Blissey|41\/100\n|move|p1a: Blissey|Thunder|p2a: Lima\n|-damage|p2a: Lima|80\/100 par\n|\n|-heal|p2a: Lima|86\/100 par|[from] item: Leftovers\n|-heal|p1a: Blissey|47\/100|[from] item: Leftovers\n|upkeep\n|turn|36\n|\n|t:|1699734902\n|move|p2a: Lima|Flash Cannon|p1a: Blissey\n|-damage|p1a: Blissey|0 fnt\n|faint|p1a: Blissey\n|\n|win|Mr-Mongol\n|c|\u2606Mr-Mongol|ggs\n|c|\u2606tekuazor|gg\n","uploadtime":1699734907,"views":36,"p1id":"tekuazor","p2id":"mrmongol","formatid":"gen9ubers","rating":0,"private":0,"password":""}