{"id":"gen9ubers-1977353853","p1":"oMestreDaChuva","p2":"xgcl","format":"[Gen 9] Ubers","log":"|j|\u2606oMestreDaChuva\n|j|\u2606xgcl\n|t:|1698408894\n|gametype|singles\n|player|p1|oMestreDaChuva|cheren|1000\n|player|p2|xgcl|ingo|1106\n|teamsize|p1|2\n|teamsize|p2|6\n|gen|9\n|tier|[Gen 9] Ubers\n|rated|\n|rule|Sleep Clause Mod: Limit one foe put to sleep\n|rule|Species Clause: Limit one of each Pok\u00e9mon\n|rule|OHKO Clause: OHKO moves are banned\n|rule|Evasion Items Clause: Evasion items are banned\n|rule|Evasion Moves Clause: Evasion moves are banned\n|rule|Endless Battle Clause: Forcing endless battles is banned\n|rule|HP Percentage Mod: HP is shown in percentages\n|clearpoke\n|poke|p1|Palafin, F|\n|poke|p1|Pelipper, F|\n|poke|p2|Miraidon|\n|poke|p2|Zacian-*|\n|poke|p2|Baxcalibur, F|\n|poke|p2|Ogerpon-Hearthflame, F|\n|poke|p2|Flutter Mane|\n|poke|p2|Zamazenta-*|\n|teampreview\n|inactive|Battle timer is ON: inactive players will automatically lose when time's up. (requested by xgcl)\n|\n|t:|1698408900\n|start\n|switch|p1a: Palafin|Palafin, F|100\/100\n|switch|p2a: Baxcalibur|Baxcalibur, F|100\/100\n|turn|1\n|\n|t:|1698408906\n|detailschange|p1a: Palafin|Palafin-Hero, F\n|switch|p1a: Pelipper|Pelipper, F|100\/100\n|-weather|RainDance|[from] ability: Drizzle|[of] p1a: Pelipper\n|move|p2a: Baxcalibur|Scale Shot|p1a: Pelipper\n|-damage|p1a: Pelipper|80\/100\n|-damage|p1a: Pelipper|60\/100\n|-damage|p1a: Pelipper|38\/100\n|-damage|p1a: Pelipper|17\/100\n|-hitcount|p1a: Pelipper|4\n|-unboost|p2a: Baxcalibur|def|1\n|-boost|p2a: Baxcalibur|spe|1\n|\n|-weather|RainDance|[upkeep]\n|upkeep\n|turn|2\n|\n|t:|1698408920\n|move|p2a: Baxcalibur|Scale Shot|p1a: Pelipper\n|-damage|p1a: Pelipper|0 fnt\n|faint|p1a: Pelipper\n|-hitcount|p1: Pelipper|1\n|-unboost|p2a: Baxcalibur|def|1\n|-boost|p2a: Baxcalibur|spe|1\n|\n|-weather|RainDance|[upkeep]\n|upkeep\n|\n|t:|1698408927\n|switch|p1a: Palafin|Palafin-Hero, F|100\/100\n|-activate|p1a: Palafin|ability: Zero to Hero\n|turn|3\n|\n|t:|1698408934\n|-terastallize|p1a: Palafin|Water\n|move|p1a: Palafin|Jet Punch|p2a: Baxcalibur\n|-resisted|p2a: Baxcalibur\n|-damage|p2a: Baxcalibur|0 fnt\n|faint|p2a: Baxcalibur\n|\n|-weather|RainDance|[upkeep]\n|upkeep\n|\n|t:|1698408938\n|switch|p2a: Zamazenta|Zamazenta-Crowned|100\/100\n|-ability|p2a: Zamazenta|Dauntless Shield|boost\n|-boost|p2a: Zamazenta|def|1\n|turn|4\n|\n|t:|1698408947\n|move|p1a: Palafin|Jet Punch|p2a: Zamazenta\n|-damage|p2a: Zamazenta|62\/100\n|move|p2a: Zamazenta|Iron Defense|p2a: Zamazenta\n|-boost|p2a: Zamazenta|def|2\n|\n|-weather|RainDance|[upkeep]\n|upkeep\n|turn|5\n|\n|t:|1698408956\n|move|p1a: Palafin|Jet Punch|p2a: Zamazenta\n|-damage|p2a: Zamazenta|37\/100\n|move|p2a: Zamazenta|Body Press|p1a: Palafin\n|-crit|p1a: Palafin\n|-damage|p1a: Palafin|0 fnt\n|faint|p1a: Palafin\n|\n|win|xgcl\n|raw|oMestreDaChuva's rating: 1000 &rarr; <strong>1000<\/strong><br \/>(+0 for losing)\n|raw|xgcl's rating: 1106 &rarr; <strong>1124<\/strong><br \/>(+18 for winning)\n|l|\u2606oMestreDaChuva\n","uploadtime":1698408977,"views":9,"p1id":"omestredachuva","p2id":"xgcl","formatid":"gen9ubers","rating":1000,"private":0,"password":""}