{"id":"gen9ubers-1967898266","p1":"berrybarrel","p2":"memenotbigboy","format":"[Gen 9] Ubers","log":"|j|\u2606berrybarrel\n|j|\u2606memenotbigboy\n|t:|1697354772\n|gametype|singles\n|player|p1|berrybarrel|unknownf|1170\n|player|p2|memenotbigboy|cynthia|1047\n|teamsize|p1|6\n|teamsize|p2|6\n|gen|9\n|tier|[Gen 9] Ubers\n|rated|\n|rule|Sleep Clause Mod: Limit one foe put to sleep\n|rule|Species Clause: Limit one of each Pok\u00e9mon\n|rule|OHKO Clause: OHKO moves are banned\n|rule|Evasion Items Clause: Evasion items are banned\n|rule|Evasion Moves Clause: Evasion moves are banned\n|rule|Endless Battle Clause: Forcing endless battles is banned\n|rule|HP Percentage Mod: HP is shown in percentages\n|clearpoke\n|poke|p1|Koraidon|\n|poke|p1|Flutter Mane|\n|poke|p1|Zacian-*|\n|poke|p1|Groudon|\n|poke|p1|Ribombee, M|\n|poke|p1|Giratina-Origin|\n|poke|p2|Ursaluna-Bloodmoon, M|\n|poke|p2|Basculegion, M|\n|poke|p2|Darkrai|\n|poke|p2|Kyogre|\n|poke|p2|Sinistcha-Masterpiece|\n|poke|p2|Froslass, F|\n|teampreview\n|\n|t:|1697354777\n|start\n|switch|p1a: Ribombee|Ribombee, M|100\/100\n|switch|p2a: Froslass|Froslass, F, shiny|100\/100\n|turn|1\n|\n|t:|1697354782\n|move|p1a: Ribombee|Sticky Web|p2a: Froslass\n|-sidestart|p2: memenotbigboy|move: Sticky Web\n|move|p2a: Froslass|Block|p1a: Ribombee\n|-activate|p1a: Ribombee|trapped\n|\n|upkeep\n|turn|2\n|\n|t:|1697354789\n|move|p1a: Ribombee|Stun Spore|p2a: Froslass|[miss]\n|-miss|p1a: Ribombee|p2a: Froslass\n|move|p2a: Froslass|Snowscape|p2a: Froslass\n|-weather|Snow\n|\n|-weather|Snow|[upkeep]\n|upkeep\n|turn|3\n|\n|t:|1697354796\n|move|p1a: Ribombee|Tailwind|p1a: Ribombee\n|-sidestart|p1: berrybarrel|move: Tailwind\n|move|p2a: Froslass|Aurora Veil|p2a: Froslass\n|-sidestart|p2: memenotbigboy|move: Aurora Veil\n|\n|-weather|Snow|[upkeep]\n|upkeep\n|turn|4\n|\n|t:|1697354801\n|move|p1a: Ribombee|Stun Spore|p2a: Froslass\n|-status|p2a: Froslass|par\n|move|p2a: Froslass|Blizzard|p1a: Ribombee\n|-crit|p1a: Ribombee\n|-damage|p1a: Ribombee|23\/100\n|\n|-weather|Snow|[upkeep]\n|upkeep\n|turn|5\n|-activate|p2a: Froslass|item: Quick Claw\n|\n|t:|1697354809\n|move|p2a: Froslass|Blizzard|p1a: Ribombee\n|-damage|p1a: Ribombee|0 fnt\n|faint|p1a: Ribombee\n|\n|-weather|Snow|[upkeep]\n|upkeep\n|\n|t:|1697354815\n|switch|p1a: Zacian|Zacian-Crowned|100\/100\n|-ability|p1a: Zacian|Intrepid Sword|boost\n|-boost|p1a: Zacian|atk|1\n|turn|6\n|\n|t:|1697354820\n|move|p1a: Zacian|Behemoth Blade|p2a: Froslass\n|-supereffective|p2a: Froslass\n|-damage|p2a: Froslass|17\/100 par\n|move|p2a: Froslass|Block|p1a: Zacian\n|-activate|p1a: Zacian|trapped\n|\n|-weather|none\n|-sideend|p1: berrybarrel|move: Tailwind\n|upkeep\n|turn|7\n|-activate|p2a: Froslass|item: Quick Claw\n|\n|t:|1697354828\n|move|p2a: Froslass|Blizzard|p1a: Zacian\n|-resisted|p1a: Zacian\n|-damage|p1a: Zacian|86\/100\n|move|p1a: Zacian|Behemoth Blade|p2a: Froslass\n|-supereffective|p2a: Froslass\n|-damage|p2a: Froslass|0 fnt\n|faint|p2a: Froslass\n|\n|-sideend|p2: memenotbigboy|move: Aurora Veil\n|upkeep\n|\n|t:|1697354838\n|switch|p2a: Darkrai|Darkrai|100\/100\n|-activate|p2a: Darkrai|move: Sticky Web\n|-unboost|p2a: Darkrai|spe|1\n|turn|8\n|\n|t:|1697354843\n|move|p1a: Zacian|Play Rough|p2a: Darkrai\n|-supereffective|p2a: Darkrai\n|-damage|p2a: Darkrai|0 fnt\n|faint|p2a: Darkrai\n|\n|upkeep\n|\n|t:|1697354852\n|switch|p2a: Sinistcha|Sinistcha-Masterpiece|100\/100\n|-activate|p2a: Sinistcha|move: Sticky Web\n|-unboost|p2a: Sinistcha|spe|1\n|turn|9\n|\n|t:|1697354860\n|-terastallize|p2a: Sinistcha|Grass\n|move|p1a: Zacian|Behemoth Blade|p2a: Sinistcha\n|-damage|p2a: Sinistcha|0 fnt\n|faint|p2a: Sinistcha\n|\n|upkeep\n|\n|t:|1697354867\n|switch|p2a: Ursaluna|Ursaluna-Bloodmoon, M|100\/100\n|-activate|p2a: Ursaluna|move: Sticky Web\n|-unboost|p2a: Ursaluna|spe|1\n|turn|10\n|\n|t:|1697354877\n|move|p1a: Zacian|Behemoth Blade|p2a: Ursaluna\n|-damage|p2a: Ursaluna|42\/100\n|move|p2a: Ursaluna|Earthquake|p1a: Zacian\n|-supereffective|p1a: Zacian\n|-damage|p1a: Zacian|20\/100\n|\n|upkeep\n|turn|11\n|\n|t:|1697354885\n|move|p1a: Zacian|Behemoth Blade|p2a: Ursaluna\n|-damage|p2a: Ursaluna|0 fnt\n|faint|p2a: Ursaluna\n|\n|upkeep\n|\n|t:|1697354891\n|switch|p2a: Kyogre|Kyogre|100\/100\n|-activate|p2a: Kyogre|move: Sticky Web\n|-unboost|p2a: Kyogre|spe|1\n|-weather|RainDance|[from] ability: Drizzle|[of] p2a: Kyogre\n|turn|12\n|\n|t:|1697354897\n|move|p1a: Zacian|Play Rough|p2a: Kyogre|[miss]\n|-miss|p1a: Zacian|p2a: Kyogre\n|move|p2a: Kyogre|Origin Pulse|p1a: Zacian\n|-damage|p1a: Zacian|0 fnt\n|faint|p1a: Zacian\n|\n|-weather|RainDance|[upkeep]\n|upkeep\n|\n|t:|1697354908\n|switch|p1a: Koraidon|Koraidon|100\/100\n|-weather|SunnyDay|[from] ability: Orichalcum Pulse|[of] p1a: Koraidon\n|-activate|p1a: Koraidon|Orichalcum Pulse|[source]\n|turn|13\n|\n|t:|1697354914\n|move|p1a: Koraidon|Low Kick|p2a: Kyogre\n|-damage|p2a: Kyogre|0 fnt\n|faint|p2a: Kyogre\n|\n|-weather|SunnyDay|[upkeep]\n|upkeep\n|-message|memenotbigboy forfeited.\n|\n|win|berrybarrel\n|raw|berrybarrel's rating: 1170 &rarr; <strong>1187<\/strong><br \/>(+17 for winning)\n|raw|memenotbigboy's rating: 1047 &rarr; <strong>1036<\/strong><br \/>(-11 for losing)\n|l|\u2606memenotbigboy\n","uploadtime":1697354934,"views":12,"p1id":"berrybarrel","p2id":"memenotbigboy","formatid":"gen9ubers","rating":1036,"private":0,"password":""}