{"id":"gen9ubers-1992695101","p1":"SokaMobileX","p2":"Pressure is Cool","format":"[Gen 9] Ubers","log":"|j|\u2606SokaMobileX\n|j|\u2606Pressure is Cool\n|t:|1700226200\n|gametype|singles\n|player|p1|SokaMobileX|cilan|1300\n|player|p2|Pressure is Cool|pokemonbreeder-gen4|1239\n|teamsize|p1|6\n|teamsize|p2|6\n|gen|9\n|tier|[Gen 9] Ubers\n|rated|\n|rule|Sleep Clause Mod: Limit one foe put to sleep\n|rule|Species Clause: Limit one of each Pok\u00e9mon\n|rule|OHKO Clause: OHKO moves are banned\n|rule|Evasion Items Clause: Evasion items are banned\n|rule|Evasion Moves Clause: Evasion moves are banned\n|rule|Endless Battle Clause: Forcing endless battles is banned\n|rule|HP Percentage Mod: HP is shown in percentages\n|clearpoke\n|poke|p1|Gliscor, F|\n|poke|p1|Chien-Pao|\n|poke|p1|Kyogre|\n|poke|p1|Koraidon|\n|poke|p1|Arceus|\n|poke|p1|Zacian-*|\n|poke|p2|Giratina-Origin|\n|poke|p2|Zacian-*|\n|poke|p2|Koraidon|\n|poke|p2|Gliscor, M|\n|poke|p2|Skeledirge, M|\n|poke|p2|Kyogre|\n|teampreview\n|inactive|Battle timer is ON: inactive players will automatically lose when time's up. (requested by Pressure is Cool)\n|inactive|SokaMobileX has 120 seconds left.\n|\n|t:|1700226242\n|start\n|switch|p1a: Drastic Measures|Chien-Pao|100\/100\n|switch|p2a: Gliscor|Gliscor, M|100\/100\n|-ability|p1a: Drastic Measures|Sword of Ruin\n|turn|1\n|\n|t:|1700226249\n|switch|p2a: Zacian|Zacian-Crowned, shiny|100\/100\n|-ability|p2a: Zacian|Intrepid Sword|boost\n|-boost|p2a: Zacian|atk|1\n|move|p1a: Drastic Measures|Ice Spinner|p2a: Zacian\n|-resisted|p2a: Zacian\n|-damage|p2a: Zacian|78\/100\n|\n|upkeep\n|turn|2\n|\n|t:|1700226271\n|switch|p1a: Goat-scor|Gliscor, F|100\/100\n|move|p2a: Zacian|Play Rough|p1a: Goat-scor\n|-damage|p1a: Goat-scor|55\/100\n|\n|-status|p1a: Goat-scor|tox|[from] item: Toxic Orb\n|upkeep\n|turn|3\n|\n|t:|1700226277\n|move|p2a: Zacian|Behemoth Blade|p1a: Goat-scor\n|-damage|p1a: Goat-scor|0 fnt\n|faint|p1a: Goat-scor\n|\n|upkeep\n|\n|t:|1700226288\n|switch|p1a: The Kyogre Virus|Kyogre|100\/100\n|-weather|RainDance|[from] ability: Drizzle|[of] p1a: The Kyogre Virus\n|turn|4\n|\n|t:|1700226294\n|switch|p2a: Giratina|Giratina-Origin|100\/100\n|move|p1a: The Kyogre Virus|Water Spout|p2a: Giratina\n|-resisted|p2a: Giratina\n|-damage|p2a: Giratina|56\/100\n|\n|-weather|RainDance|[upkeep]\n|upkeep\n|turn|5\n|\n|t:|1700226301\n|move|p1a: The Kyogre Virus|Water Spout|p2a: Giratina\n|-resisted|p2a: Giratina\n|-damage|p2a: Giratina|16\/100\n|move|p2a: Giratina|Draco Meteor|p1a: The Kyogre Virus\n|-damage|p1a: The Kyogre Virus|46\/100\n|-unboost|p2a: Giratina|spa|2\n|\n|-weather|RainDance|[upkeep]\n|upkeep\n|turn|6\n|\n|t:|1700226310\n|switch|p2a: Koraidon|Koraidon|100\/100\n|-weather|SunnyDay|[from] ability: Orichalcum Pulse|[of] p2a: Koraidon\n|-activate|p2a: Koraidon|Orichalcum Pulse|[source]\n|move|p1a: The Kyogre Virus|Water Spout|p2a: Koraidon\n|-resisted|p2a: Koraidon\n|-damage|p2a: Koraidon|92\/100\n|\n|-weather|SunnyDay|[upkeep]\n|upkeep\n|turn|7\n|\n|t:|1700226327\n|switch|p1a: Zackary|Zacian-Crowned|100\/100\n|-ability|p1a: Zackary|Intrepid Sword|boost\n|-boost|p1a: Zackary|atk|1\n|move|p2a: Koraidon|U-turn|p1a: Zackary\n|-resisted|p1a: Zackary\n|-damage|p1a: Zackary|93\/100\n|\n|t:|1700226335\n|switch|p2a: Gliscor|Gliscor, M|100\/100|[from] U-turn\n|\n|-weather|SunnyDay|[upkeep]\n|-status|p2a: Gliscor|tox|[from] item: Toxic Orb\n|upkeep\n|turn|8\n|\n|t:|1700226342\n|move|p1a: Zackary|Behemoth Blade|p2a: Gliscor\n|-damage|p2a: Gliscor|45\/100 tox\n|move|p2a: Gliscor|Earthquake|p1a: Zackary\n|-supereffective|p1a: Zackary\n|-damage|p1a: Zackary|30\/100\n|\n|-weather|SunnyDay|[upkeep]\n|-heal|p2a: Gliscor|58\/100 tox|[from] ability: Poison Heal\n|upkeep\n|turn|9\n|\n|t:|1700226347\n|move|p2a: Gliscor|Protect|p2a: Gliscor\n|-singleturn|p2a: Gliscor|Protect\n|move|p1a: Zackary|Behemoth Blade|p2a: Gliscor\n|-activate|p2a: Gliscor|move: Protect\n|\n|-weather|SunnyDay|[upkeep]\n|-heal|p2a: Gliscor|70\/100 tox|[from] ability: Poison Heal\n|upkeep\n|turn|10\n|\n|t:|1700226350\n|move|p1a: Zackary|Behemoth Blade|p2a: Gliscor\n|-damage|p2a: Gliscor|21\/100 tox\n|move|p2a: Gliscor|Earthquake|p1a: Zackary\n|-supereffective|p1a: Zackary\n|-damage|p1a: Zackary|0 fnt\n|faint|p1a: Zackary\n|\n|-weather|none\n|-heal|p2a: Gliscor|34\/100 tox|[from] ability: Poison Heal\n|upkeep\n|\n|t:|1700226367\n|switch|p1a: Arceus|Arceus|100\/100\n|turn|11\n|\n|t:|1700226370\n|move|p1a: Arceus|Swords Dance|p1a: Arceus\n|-boost|p1a: Arceus|atk|2\n|move|p2a: Gliscor|Toxic|p1a: Arceus\n|-status|p1a: Arceus|tox\n|\n|-damage|p1a: Arceus|94\/100 tox|[from] psn\n|-heal|p2a: Gliscor|46\/100 tox|[from] ability: Poison Heal\n|upkeep\n|turn|12\n|\n|t:|1700226378\n|move|p2a: Gliscor|Protect|p2a: Gliscor\n|-singleturn|p2a: Gliscor|Protect\n|move|p1a: Arceus|Swords Dance|p1a: Arceus\n|-boost|p1a: Arceus|atk|2\n|\n|-damage|p1a: Arceus|82\/100 tox|[from] psn\n|-heal|p2a: Gliscor|58\/100 tox|[from] ability: Poison Heal\n|upkeep\n|turn|13\n|\n|t:|1700226389\n|switch|p2a: Skeledirge|Skeledirge, M|100\/100\n|move|p1a: Arceus|Shadow Claw|p2a: Skeledirge\n|-supereffective|p2a: Skeledirge\n|-damage|p2a: Skeledirge|69\/100\n|\n|-damage|p1a: Arceus|64\/100 tox|[from] psn\n|upkeep\n|turn|14\n|\n|t:|1700226395\n|move|p1a: Arceus|Shadow Claw|p2a: Skeledirge\n|-supereffective|p2a: Skeledirge\n|-damage|p2a: Skeledirge|37\/100\n|move|p2a: Skeledirge|Slack Off|p2a: Skeledirge\n|-heal|p2a: Skeledirge|87\/100\n|\n|-damage|p1a: Arceus|40\/100 tox|[from] psn\n|upkeep\n|turn|15\n|\n|t:|1700226400\n|move|p1a: Arceus|Shadow Claw|p2a: Skeledirge\n|-supereffective|p2a: Skeledirge\n|-damage|p2a: Skeledirge|54\/100\n|move|p2a: Skeledirge|Slack Off|p2a: Skeledirge\n|-heal|p2a: Skeledirge|100\/100\n|\n|-damage|p1a: Arceus|9\/100 tox|[from] psn\n|upkeep\n|turn|16\n|\n|t:|1700226406\n|move|p1a: Arceus|Shadow Claw|p2a: Skeledirge\n|-supereffective|p2a: Skeledirge\n|-damage|p2a: Skeledirge|71\/100\n|move|p2a: Skeledirge|Slack Off|p2a: Skeledirge\n|-heal|p2a: Skeledirge|100\/100\n|\n|-damage|p1a: Arceus|0 fnt|[from] psn\n|faint|p1a: Arceus\n|upkeep\n|\n|t:|1700226409\n|switch|p1a: Drastic Measures|Chien-Pao|100\/100\n|-ability|p1a: Drastic Measures|Sword of Ruin\n|turn|17\n|\n|t:|1700226413\n|-terastallize|p2a: Skeledirge|Fairy\n|move|p1a: Drastic Measures|Crunch|p2a: Skeledirge\n|-resisted|p2a: Skeledirge\n|-damage|p2a: Skeledirge|84\/100\n|move|p2a: Skeledirge|Will-O-Wisp|p1a: Drastic Measures\n|-status|p1a: Drastic Measures|brn\n|\n|-damage|p1a: Drastic Measures|95\/100 brn|[from] brn\n|upkeep\n|turn|18\n|-message|SokaMobileX forfeited.\n|\n|win|Pressure is Cool\n|raw|SokaMobileX's rating: 1300 &rarr; <strong>1271<\/strong><br \/>(-29 for losing)\n|raw|Pressure is Cool's rating: 1239 &rarr; <strong>1268<\/strong><br \/>(+29 for winning)\n|l|\u2606SokaMobileX\n","uploadtime":1700226599,"views":14,"p1id":"sokamobilex","p2id":"pressureiscool","formatid":"gen9ubers","rating":1268,"private":0,"password":""}