{"id":"gen9ubers-1988022281","p1":"leonel 2.00","p2":"FT Morgan","format":"[Gen 9] Ubers","log":"|j|\u2606leonel 2.00\n|j|\u2606FT Morgan\n|t:|1699660178\n|gametype|singles\n|player|p1|leonel 2.00|nate|1270\n|player|p2|FT Morgan|lass|1319\n|teamsize|p1|6\n|teamsize|p2|6\n|gen|9\n|tier|[Gen 9] Ubers\n|rated|\n|rule|Sleep Clause Mod: Limit one foe put to sleep\n|rule|Species Clause: Limit one of each Pok\u00e9mon\n|rule|OHKO Clause: OHKO moves are banned\n|rule|Evasion Items Clause: Evasion items are banned\n|rule|Evasion Moves Clause: Evasion moves are banned\n|rule|Endless Battle Clause: Forcing endless battles is banned\n|rule|HP Percentage Mod: HP is shown in percentages\n|clearpoke\n|poke|p1|Clodsire, F|\n|poke|p1|Miraidon|\n|poke|p1|Dondozo, M|\n|poke|p1|Ninetales-Alola, M|\n|poke|p1|Urshifu-*, M|\n|poke|p1|Roaring Moon|\n|poke|p2|Regieleki|\n|poke|p2|Skeledirge, F|\n|poke|p2|Clodsire, M|\n|poke|p2|Landorus-Therian, M|\n|poke|p2|Azumarill, M|\n|poke|p2|Iron Valiant|\n|teampreview\n|\n|t:|1699660191\n|start\n|switch|p1a: Ninetales|Ninetales-Alola, M|100\/100\n|switch|p2a: Regieleki|Regieleki|100\/100\n|-weather|Snow|[from] ability: Snow Warning|[of] p1a: Ninetales\n|turn|1\n|\n|t:|1699660201\n|-terastallize|p2a: Regieleki|Ice\n|move|p2a: Regieleki|Thunderbolt|p1a: Ninetales\n|-damage|p1a: Ninetales|27\/100\n|move|p1a: Ninetales|Aurora Veil|p1a: Ninetales\n|-sidestart|p1: leonel 2.00|move: Aurora Veil\n|\n|-weather|Snow|[upkeep]\n|upkeep\n|turn|2\n|\n|t:|1699660209\n|switch|p1a: Clodsire|Clodsire, F|100\/100\n|move|p2a: Regieleki|Thunderbolt|p1a: Clodsire\n|-immune|p1a: Clodsire\n|\n|-weather|Snow|[upkeep]\n|upkeep\n|turn|3\n|\n|t:|1699660219\n|switch|p2a: Clodsire|Clodsire, M|100\/100\n|-terastallize|p1a: Clodsire|Fairy\n|move|p1a: Clodsire|Stealth Rock|p2a: Clodsire\n|-sidestart|p2: FT Morgan|move: Stealth Rock\n|\n|-weather|Snow|[upkeep]\n|upkeep\n|turn|4\n|\n|t:|1699660227\n|move|p1a: Clodsire|Earthquake|p2a: Clodsire\n|-supereffective|p2a: Clodsire\n|-damage|p2a: Clodsire|42\/100\n|move|p2a: Clodsire|Toxic|p1a: Clodsire\n|-status|p1a: Clodsire|tox\n|\n|-weather|Snow|[upkeep]\n|-heal|p2a: Clodsire|49\/100|[from] item: Leftovers\n|-damage|p1a: Clodsire|94\/100 tox|[from] psn\n|upkeep\n|turn|5\n|\n|t:|1699660260\n|switch|p2a: Landorus|Landorus-Therian, M|100\/100\n|-damage|p2a: Landorus|88\/100|[from] Stealth Rock\n|-ability|p2a: Landorus|Intimidate|boost\n|-unboost|p1a: Clodsire|atk|1\n|move|p1a: Clodsire|Toxic|p2a: Landorus\n|-status|p2a: Landorus|tox\n|\n|-weather|none\n|-heal|p1a: Clodsire|100\/100 tox|[from] item: Leftovers\n|-damage|p2a: Landorus|82\/100 tox|[from] psn\n|-damage|p1a: Clodsire|88\/100 tox|[from] psn\n|upkeep\n|turn|6\n|\n|t:|1699660276\n|switch|p1a: Dondozo|Dondozo, M|100\/100\n|move|p2a: Landorus|Stealth Rock|p1a: Dondozo\n|-sidestart|p1: leonel 2.00|move: Stealth Rock\n|\n|-damage|p2a: Landorus|70\/100 tox|[from] psn\n|upkeep\n|turn|7\n|\n|t:|1699660287\n|switch|p2a: Clodsire|Clodsire, M|49\/100\n|-damage|p2a: Clodsire|42\/100|[from] Stealth Rock\n|move|p1a: Dondozo|Avalanche|p2a: Clodsire\n|-supereffective|p2a: Clodsire\n|-damage|p2a: Clodsire|2\/100\n|\n|-heal|p2a: Clodsire|8\/100|[from] item: Leftovers\n|upkeep\n|turn|8\n|\n|t:|1699660297\n|switch|p1a: Clodsire|Clodsire, F, tera:Fairy|88\/100 tox\n|-damage|p1a: Clodsire|75\/100 tox|[from] Stealth Rock\n|move|p2a: Clodsire|Recover|p2a: Clodsire\n|-heal|p2a: Clodsire|58\/100\n|\n|-heal|p2a: Clodsire|65\/100|[from] item: Leftovers\n|-heal|p1a: Clodsire|82\/100 tox|[from] item: Leftovers\n|-damage|p1a: Clodsire|75\/100 tox|[from] psn\n|-sideend|p1: leonel 2.00|move: Aurora Veil\n|upkeep\n|turn|9\n|\n|t:|1699660325\n|switch|p2a: Regieleki|Regieleki, tera:Ice|100\/100\n|-damage|p2a: Regieleki|76\/100|[from] Stealth Rock\n|move|p1a: Clodsire|Recover|p1a: Clodsire\n|-heal|p1a: Clodsire|100\/100 tox\n|\n|-damage|p1a: Clodsire|88\/100 tox|[from] psn\n|upkeep\n|turn|10\n|\n|t:|1699660340\n|move|p2a: Regieleki|Volt Switch|p1a: Clodsire\n|-damage|p1a: Clodsire|65\/100 tox\n|\n|t:|1699660353\n|switch|p2a: Landorus|Landorus-Therian, M|70\/100 tox|[from] Volt Switch\n|-damage|p2a: Landorus|58\/100 tox|[from] Stealth Rock\n|-ability|p2a: Landorus|Intimidate|boost\n|-unboost|p1a: Clodsire|atk|1\n|move|p1a: Clodsire|Toxic|p2a: Landorus\n|-fail|p2a: Landorus|tox\n|\n|-heal|p1a: Clodsire|71\/100 tox|[from] item: Leftovers\n|-damage|p2a: Landorus|52\/100 tox|[from] psn\n|-damage|p1a: Clodsire|52\/100 tox|[from] psn\n|upkeep\n|turn|11\n|\n|t:|1699660358\n|switch|p1a: Ninetales|Ninetales-Alola, M|27\/100\n|-damage|p1a: Ninetales|2\/100|[from] Stealth Rock\n|-weather|Snow|[from] ability: Snow Warning|[of] p1a: Ninetales\n|move|p2a: Landorus|U-turn|p1a: Ninetales\n|-resisted|p1a: Ninetales\n|-damage|p1a: Ninetales|0 fnt\n|faint|p1a: Ninetales\n|\n|t:|1699660373\n|switch|p2a: Iron Valiant|Iron Valiant|100\/100|[from] U-turn\n|-damage|p2a: Iron Valiant|94\/100|[from] Stealth Rock\n|\n|-weather|Snow|[upkeep]\n|upkeep\n|\n|t:|1699660383\n|switch|p1a: Miraidon|Miraidon|100\/100\n|-damage|p1a: Miraidon|88\/100|[from] Stealth Rock\n|-fieldstart|move: Electric Terrain|[from] ability: Hadron Engine|[of] p1a: Miraidon\n|-activate|p2a: Iron Valiant|ability: Quark Drive\n|-start|p2a: Iron Valiant|quarkdrivespe\n|turn|12\n|\n|t:|1699660391\n|move|p1a: Miraidon|Volt Switch|p2a: Iron Valiant\n|-damage|p2a: Iron Valiant|0 fnt\n|faint|p2a: Iron Valiant\n|-end|p2a: Iron Valiant|Quark Drive|[silent]\n|\n|t:|1699660401\n|switch|p1a: Dondozo|Dondozo, M|100\/100|[from] Volt Switch\n|-damage|p1a: Dondozo|88\/100|[from] Stealth Rock\n|\n|-weather|Snow|[upkeep]\n|-heal|p1a: Dondozo|94\/100|[from] item: Leftovers\n|upkeep\n|\n|t:|1699660409\n|switch|p2a: Regieleki|Regieleki, tera:Ice|76\/100\n|-damage|p2a: Regieleki|51\/100|[from] Stealth Rock\n|turn|13\n|\n|t:|1699660422\n|switch|p1a: Roaring Moon|Roaring Moon|100\/100\n|-damage|p1a: Roaring Moon|88\/100|[from] Stealth Rock\n|move|p2a: Regieleki|Volt Switch|p1a: Roaring Moon\n|-resisted|p1a: Roaring Moon\n|-damage|p1a: Roaring Moon|58\/100\n|\n|t:|1699660430\n|switch|p2a: Azumarill|Azumarill, M|100\/100|[from] Volt Switch\n|-damage|p2a: Azumarill|88\/100|[from] Stealth Rock\n|\n|-weather|Snow|[upkeep]\n|upkeep\n|turn|14\n|\n|t:|1699660434\n|move|p1a: Roaring Moon|Substitute|p1a: Roaring Moon\n|-start|p1a: Roaring Moon|Substitute\n|-damage|p1a: Roaring Moon|34\/100\n|move|p2a: Azumarill|Play Rough|p1a: Roaring Moon\n|-supereffective|p1a: Roaring Moon\n|-end|p1a: Roaring Moon|Substitute\n|\n|-weather|Snow|[upkeep]\n|upkeep\n|turn|15\n|\n|t:|1699660442\n|-end|p1a: Roaring Moon|Protosynthesis|[silent]\n|switch|p1a: Dondozo|Dondozo, M|94\/100\n|-damage|p1a: Dondozo|82\/100|[from] Stealth Rock\n|move|p2a: Azumarill|Play Rough|p1a: Dondozo|[miss]\n|-miss|p2a: Azumarill|p1a: Dondozo\n|\n|-weather|none\n|-heal|p1a: Dondozo|88\/100|[from] item: Leftovers\n|upkeep\n|turn|16\n|\n|t:|1699660452\n|switch|p2a: Clodsire|Clodsire, M|65\/100\n|-damage|p2a: Clodsire|58\/100|[from] Stealth Rock\n|move|p1a: Dondozo|Wave Crash|p2a: Clodsire\n|-heal|p2a: Clodsire|83\/100|[from] ability: Water Absorb|[of] p1a: Dondozo\n|\n|-heal|p1a: Dondozo|94\/100|[from] item: Leftovers\n|-heal|p2a: Clodsire|90\/100|[from] item: Leftovers\n|-fieldend|move: Electric Terrain\n|upkeep\n|turn|17\n|\n|t:|1699660466\n|move|p1a: Dondozo|Yawn|p2a: Clodsire\n|-start|p2a: Clodsire|move: Yawn|[of] p1a: Dondozo\n|move|p2a: Clodsire|Toxic|p1a: Dondozo\n|-status|p1a: Dondozo|tox\n|\n|-heal|p1a: Dondozo|99\/100 tox|[from] item: Leftovers\n|-heal|p2a: Clodsire|96\/100|[from] item: Leftovers\n|-damage|p1a: Dondozo|94\/100 tox|[from] psn\n|upkeep\n|turn|18\n|\n|t:|1699660478\n|switch|p2a: Azumarill|Azumarill, M|88\/100\n|-damage|p2a: Azumarill|76\/100|[from] Stealth Rock\n|move|p1a: Dondozo|Avalanche|p2a: Azumarill\n|-resisted|p2a: Azumarill\n|-damage|p2a: Azumarill|66\/100\n|\n|-heal|p1a: Dondozo|99\/100 tox|[from] item: Leftovers\n|-damage|p1a: Dondozo|88\/100 tox|[from] psn\n|upkeep\n|turn|19\n|\n|t:|1699660490\n|switch|p1a: Roaring Moon|Roaring Moon|34\/100\n|-damage|p1a: Roaring Moon|21\/100|[from] Stealth Rock\n|move|p2a: Azumarill|Liquidation|p1a: Roaring Moon\n|-resisted|p1a: Roaring Moon\n|-damage|p1a: Roaring Moon|0 fnt\n|faint|p1a: Roaring Moon\n|-end|p1a: Roaring Moon|Protosynthesis|[silent]\n|\n|upkeep\n|\n|t:|1699660492\n|switch|p1a: Miraidon|Miraidon|88\/100\n|-damage|p1a: Miraidon|76\/100|[from] Stealth Rock\n|-fieldstart|move: Electric Terrain|[from] ability: Hadron Engine|[of] p1a: Miraidon\n|turn|20\n|\n|t:|1699660526\n|switch|p1a: Urshifu|Urshifu, M|100\/100\n|switch|p2a: Clodsire|Clodsire, M|96\/100\n|-damage|p2a: Clodsire|90\/100|[from] Stealth Rock\n|\n|-heal|p2a: Clodsire|96\/100|[from] item: Leftovers\n|upkeep\n|turn|21\n|\n|t:|1699660539\n|switch|p2a: Skeledirge|Skeledirge, F|100\/100\n|move|p1a: Urshifu|Swords Dance|p1a: Urshifu\n|-boost|p1a: Urshifu|atk|2\n|\n|upkeep\n|turn|22\n|\n|t:|1699660547\n|move|p1a: Urshifu|Wicked Blow|p2a: Skeledirge\n|-supereffective|p2a: Skeledirge\n|-crit|p2a: Skeledirge\n|-damage|p2a: Skeledirge|36\/100\n|move|p2a: Skeledirge|Will-O-Wisp|p1a: Urshifu\n|-status|p1a: Urshifu|brn\n|\n|-damage|p1a: Urshifu|94\/100 brn|[from] brn\n|upkeep\n|turn|23\n|\n|t:|1699660559\n|move|p1a: Urshifu|Swords Dance|p1a: Urshifu\n|-boost|p1a: Urshifu|atk|2\n|move|p2a: Skeledirge|Slack Off|p2a: Skeledirge\n|-heal|p2a: Skeledirge|86\/100\n|\n|-damage|p1a: Urshifu|88\/100 brn|[from] brn\n|upkeep\n|turn|24\n|\n|t:|1699660568\n|move|p1a: Urshifu|Wicked Blow|p2a: Skeledirge\n|-supereffective|p2a: Skeledirge\n|-crit|p2a: Skeledirge\n|-damage|p2a: Skeledirge|53\/100\n|move|p2a: Skeledirge|Torch Song|p1a: Urshifu\n|-damage|p1a: Urshifu|40\/100 brn\n|-boost|p2a: Skeledirge|spa|1\n|\n|-damage|p1a: Urshifu|34\/100 brn|[from] brn\n|-fieldend|move: Electric Terrain\n|upkeep\n|turn|25\n|\n|t:|1699660577\n|move|p1a: Urshifu|Wicked Blow|p2a: Skeledirge\n|-supereffective|p2a: Skeledirge\n|-crit|p2a: Skeledirge\n|-damage|p2a: Skeledirge|20\/100\n|move|p2a: Skeledirge|Slack Off|p2a: Skeledirge\n|-heal|p2a: Skeledirge|70\/100\n|\n|-damage|p1a: Urshifu|27\/100 brn|[from] brn\n|upkeep\n|turn|26\n|\n|t:|1699660584\n|move|p1a: Urshifu|Wicked Blow|p2a: Skeledirge\n|-supereffective|p2a: Skeledirge\n|-crit|p2a: Skeledirge\n|-damage|p2a: Skeledirge|36\/100\n|move|p2a: Skeledirge|Hex|p1a: Urshifu\n|-resisted|p1a: Urshifu\n|-damage|p1a: Urshifu|0 fnt\n|faint|p1a: Urshifu\n|\n|upkeep\n|\n|t:|1699660592\n|switch|p1a: Clodsire|Clodsire, F, tera:Fairy|52\/100 tox\n|-damage|p1a: Clodsire|40\/100 tox|[from] Stealth Rock\n|turn|27\n|\n|t:|1699660599\n|move|p2a: Skeledirge|Torch Song|p1a: Clodsire\n|-damage|p1a: Clodsire|24\/100 tox\n|-boost|p2a: Skeledirge|spa|1\n|move|p1a: Clodsire|Recover|p1a: Clodsire\n|-heal|p1a: Clodsire|74\/100 tox\n|\n|-heal|p1a: Clodsire|80\/100 tox|[from] item: Leftovers\n|-damage|p1a: Clodsire|74\/100 tox|[from] psn\n|upkeep\n|turn|28\n|\n|t:|1699660604\n|move|p2a: Skeledirge|Slack Off|p2a: Skeledirge\n|-heal|p2a: Skeledirge|86\/100\n|move|p1a: Clodsire|Earthquake|p2a: Skeledirge\n|-supereffective|p2a: Skeledirge\n|-damage|p2a: Skeledirge|55\/100\n|\n|-heal|p1a: Clodsire|80\/100 tox|[from] item: Leftovers\n|-damage|p1a: Clodsire|68\/100 tox|[from] psn\n|upkeep\n|turn|29\n|\n|t:|1699660609\n|move|p2a: Skeledirge|Torch Song|p1a: Clodsire\n|-damage|p1a: Clodsire|52\/100 tox\n|-boost|p2a: Skeledirge|spa|1\n|move|p1a: Clodsire|Toxic|p2a: Skeledirge\n|-status|p2a: Skeledirge|tox\n|\n|-heal|p1a: Clodsire|58\/100 tox|[from] item: Leftovers\n|-damage|p2a: Skeledirge|49\/100 tox|[from] psn\n|-damage|p1a: Clodsire|40\/100 tox|[from] psn\n|upkeep\n|turn|30\n|\n|t:|1699660616\n|move|p2a: Skeledirge|Slack Off|p2a: Skeledirge\n|-heal|p2a: Skeledirge|99\/100 tox\n|move|p1a: Clodsire|Recover|p1a: Clodsire\n|-heal|p1a: Clodsire|90\/100 tox\n|\n|-heal|p1a: Clodsire|96\/100 tox|[from] item: Leftovers\n|-damage|p2a: Skeledirge|87\/100 tox|[from] psn\n|-damage|p1a: Clodsire|71\/100 tox|[from] psn\n|upkeep\n|turn|31\n|\n|t:|1699660620\n|switch|p1a: Dondozo|Dondozo, M|88\/100 tox\n|-damage|p1a: Dondozo|75\/100 tox|[from] Stealth Rock\n|move|p2a: Skeledirge|Torch Song|p1a: Dondozo\n|-resisted|p1a: Dondozo\n|-damage|p1a: Dondozo|62\/100 tox\n|-boost|p2a: Skeledirge|spa|1\n|\n|-heal|p1a: Dondozo|68\/100 tox|[from] item: Leftovers\n|-damage|p2a: Skeledirge|68\/100 tox|[from] psn\n|-damage|p1a: Dondozo|62\/100 tox|[from] psn\n|upkeep\n|turn|32\n|\n|t:|1699660629\n|move|p2a: Skeledirge|Hex|p1a: Dondozo\n|-damage|p1a: Dondozo|14\/100 tox\n|move|p1a: Dondozo|Yawn||[still]\n|-fail|p1a: Dondozo\n|\n|-heal|p1a: Dondozo|20\/100 tox|[from] item: Leftovers\n|-damage|p2a: Skeledirge|44\/100 tox|[from] psn\n|-damage|p1a: Dondozo|8\/100 tox|[from] psn\n|upkeep\n|turn|33\n|\n|t:|1699660636\n|move|p2a: Skeledirge|Hex|p1a: Dondozo\n|-damage|p1a: Dondozo|0 fnt\n|faint|p1a: Dondozo\n|\n|-damage|p2a: Skeledirge|14\/100 tox|[from] psn\n|upkeep\n|\n|t:|1699660639\n|switch|p1a: Miraidon|Miraidon|76\/100\n|-damage|p1a: Miraidon|64\/100|[from] Stealth Rock\n|-fieldstart|move: Electric Terrain|[from] ability: Hadron Engine|[of] p1a: Miraidon\n|turn|34\n|\n|t:|1699660642\n|move|p1a: Miraidon|Draco Meteor|p2a: Skeledirge\n|-damage|p2a: Skeledirge|0 fnt\n|-unboost|p1a: Miraidon|spa|2\n|faint|p2a: Skeledirge\n|\n|upkeep\n|\n|t:|1699660645\n|switch|p2a: Regieleki|Regieleki, tera:Ice|51\/100\n|-damage|p2a: Regieleki|26\/100|[from] Stealth Rock\n|turn|35\n|\n|t:|1699660650\n|move|p1a: Miraidon|Draco Meteor|p2a: Regieleki\n|-damage|p2a: Regieleki|0 fnt\n|-unboost|p1a: Miraidon|spa|2\n|faint|p2a: Regieleki\n|\n|upkeep\n|\n|t:|1699660654\n|switch|p2a: Azumarill|Azumarill, M|66\/100\n|-damage|p2a: Azumarill|53\/100|[from] Stealth Rock\n|turn|36\n|\n|t:|1699660659\n|switch|p1a: Clodsire|Clodsire, F, tera:Fairy|71\/100 tox\n|-damage|p1a: Clodsire|58\/100 tox|[from] Stealth Rock\n|move|p2a: Azumarill|Play Rough|p1a: Clodsire\n|-damage|p1a: Clodsire|0 fnt\n|faint|p1a: Clodsire\n|\n|upkeep\n|\n|t:|1699660660\n|switch|p1a: Miraidon|Miraidon|64\/100\n|-damage|p1a: Miraidon|51\/100|[from] Stealth Rock\n|-activate|p1a: Miraidon|ability: Hadron Engine\n|turn|37\n|\n|t:|1699660668\n|switch|p2a: Clodsire|Clodsire, M|96\/100\n|-damage|p2a: Clodsire|90\/100|[from] Stealth Rock\n|move|p1a: Miraidon|Dazzling Gleam|p2a: Clodsire\n|-resisted|p2a: Clodsire\n|-damage|p2a: Clodsire|80\/100\n|\n|-heal|p2a: Clodsire|86\/100|[from] item: Leftovers\n|upkeep\n|turn|38\n|\n|t:|1699660674\n|move|p1a: Miraidon|Dazzling Gleam|p2a: Clodsire\n|-resisted|p2a: Clodsire\n|-damage|p2a: Clodsire|75\/100\n|move|p2a: Clodsire|Earthquake|p1a: Miraidon\n|-supereffective|p1a: Miraidon\n|-damage|p1a: Miraidon|0 fnt\n|faint|p1a: Miraidon\n|\n|win|FT Morgan\n|raw|leonel 2.00's rating: 1270 &rarr; <strong>1249<\/strong><br \/>(-21 for losing)\n|raw|FT Morgan's rating: 1319 &rarr; <strong>1336<\/strong><br \/>(+17 for winning)\n|c|\u2606leonel 2.00|GG\n|c|\u2606FT Morgan|gg\n|l|\u2606leonel 2.00\n","uploadtime":1699660702,"views":7,"p1id":"leonel200","p2id":"ftmorgan","formatid":"gen9ubers","rating":1249,"private":0,"password":""}