{"id":"gen9ubers-1999239437","p1":"AltariaGolden","p2":"jiancat","format":"[Gen 9] Ubers","log":"|j|\u2606AltariaGolden\n|j|\u2606jiancat\n|t:|1701049414\n|gametype|singles\n|player|p1|AltariaGolden|lillie|1338\n|player|p2|jiancat|dawn|1441\n|teamsize|p1|6\n|teamsize|p2|6\n|gen|9\n|tier|[Gen 9] Ubers\n|rated|\n|rule|Sleep Clause Mod: Limit one foe put to sleep\n|rule|Species Clause: Limit one of each Pok\u00e9mon\n|rule|OHKO Clause: OHKO moves are banned\n|rule|Evasion Items Clause: Evasion items are banned\n|rule|Evasion Moves Clause: Evasion moves are banned\n|rule|Endless Battle Clause: Forcing endless battles is banned\n|rule|HP Percentage Mod: HP is shown in percentages\n|clearpoke\n|poke|p1|Koraidon|\n|poke|p1|Chi-Yu|\n|poke|p1|Ribombee, F|\n|poke|p1|Gliscor, M|\n|poke|p1|Arceus-Ghost|\n|poke|p1|Ogerpon-Hearthflame, F|\n|poke|p2|Clodsire, M|\n|poke|p2|Iron Bundle|\n|poke|p2|Koraidon|\n|poke|p2|Miraidon|\n|poke|p2|Dondozo, M|\n|poke|p2|Iron Treads|\n|teampreview\n|inactive|Battle timer is ON: inactive players will automatically lose when time's up. (requested by jiancat)\n|j| ValeryRivOwO\n|\n|t:|1701049420\n|start\n|switch|p1a: Ribombee|Ribombee, F, shiny|100\/100\n|switch|p2a: Iron Bundle|Iron Bundle|100\/100\n|turn|1\n|\n|t:|1701049425\n|move|p2a: Iron Bundle|Flip Turn|p1a: Ribombee\n|-damage|p1a: Ribombee|67\/100\n|\n|t:|1701049427\n|-end|p2a: Iron Bundle|Quark Drive|[silent]\n|switch|p2a: Iron Treads|Iron Treads|100\/100|[from] Flip Turn\n|move|p1a: Ribombee|Sticky Web|p2a: Iron Treads\n|-sidestart|p2: jiancat|move: Sticky Web\n|\n|upkeep\n|turn|2\n|l| ValeryRivOwO\n|\n|t:|1701049433\n|-terastallize|p1a: Ribombee|Ghost\n|move|p1a: Ribombee|Quiver Dance|p1a: Ribombee\n|-boost|p1a: Ribombee|spa|1\n|-boost|p1a: Ribombee|spd|1\n|-boost|p1a: Ribombee|spe|1\n|move|p2a: Iron Treads|Knock Off|p1a: Ribombee\n|-supereffective|p1a: Ribombee\n|-damage|p1a: Ribombee|0 fnt\n|-enditem|p1a: Ribombee|Focus Sash|[from] move: Knock Off|[of] p2a: Iron Treads\n|faint|p1a: Ribombee\n|\n|upkeep\n|\n|t:|1701049440\n|switch|p1a: Koraidon|Koraidon|100\/100\n|-weather|SunnyDay|[from] ability: Orichalcum Pulse|[of] p1a: Koraidon\n|-activate|p1a: Koraidon|Orichalcum Pulse|[source]\n|turn|3\n|\n|t:|1701049445\n|-end|p2a: Iron Treads|Quark Drive|[silent]\n|switch|p2a: Dondozo|Dondozo, M|100\/100\n|-activate|p2a: Dondozo|move: Sticky Web\n|-unboost|p2a: Dondozo|spe|1\n|move|p1a: Koraidon|U-turn|p2a: Dondozo\n|-damage|p2a: Dondozo|79\/100\n|\n|t:|1701049450\n|switch|p1a: Ogerpon|Ogerpon-Hearthflame, F|100\/100|[from] U-turn\n|-ability|p1a: Ogerpon|Mold Breaker\n|\n|-weather|SunnyDay|[upkeep]\n|-heal|p2a: Dondozo|86\/100|[from] item: Leftovers\n|upkeep\n|turn|4\n|\n|t:|1701049466\n|switch|p2a: Iron Treads|Iron Treads|100\/100\n|-activate|p2a: Iron Treads|move: Sticky Web\n|-unboost|p2a: Iron Treads|spe|1\n|move|p1a: Ogerpon|Swords Dance|p1a: Ogerpon\n|-boost|p1a: Ogerpon|atk|2\n|\n|-weather|SunnyDay|[upkeep]\n|upkeep\n|turn|5\n|\n|t:|1701049469\n|-terastallize|p2a: Iron Treads|Normal\n|move|p1a: Ogerpon|Ivy Cudgel|p2a: Iron Treads|[anim] Ivy Cudgel Fire\n|-damage|p2a: Iron Treads|9\/100\n|move|p2a: Iron Treads|Rapid Spin|p1a: Ogerpon\n|-damage|p1a: Ogerpon|69\/100\n|-boost|p2a: Iron Treads|spe|1\n|-sideend|p2: jiancat|Sticky Web|[from] move: Rapid Spin|[of] p2a: Iron Treads\n|\n|-weather|SunnyDay|[upkeep]\n|-heal|p2a: Iron Treads|15\/100|[from] item: Leftovers\n|upkeep\n|turn|6\n|c|\u2606AltariaGolden|bro what the hell of set you are running\n|inactive|AltariaGolden has 120 seconds left.\n|c|\u2606AltariaGolden|how in the fucking hell you survived +2 stab\n|c|\u2606AltariaGolden|under fucking sun\n|\n|t:|1701049516\n|move|p1a: Ogerpon|Trailblaze|p2a: Iron Treads\n|-damage|p2a: Iron Treads|0 fnt\n|-boost|p1a: Ogerpon|spe|1\n|faint|p2a: Iron Treads\n|-end|p2a: Iron Treads|Quark Drive|[silent]\n|\n|-weather|SunnyDay|[upkeep]\n|upkeep\n|\n|t:|1701049530\n|switch|p2a: Koraidon|Koraidon|100\/100\n|-activate|p2a: Koraidon|ability: Orichalcum Pulse\n|turn|7\n|\n|t:|1701049534\n|move|p1a: Ogerpon|Ivy Cudgel|p2a: Koraidon|[anim] Ivy Cudgel Fire\n|-resisted|p2a: Koraidon\n|-crit|p2a: Koraidon\n|-damage|p2a: Koraidon|0 fnt\n|faint|p2a: Koraidon\n|\n|-weather|none\n|upkeep\n|\n|t:|1701049540\n|switch|p2a: Miraidon|Miraidon|100\/100\n|-fieldstart|move: Electric Terrain|[from] ability: Hadron Engine|[of] p2a: Miraidon\n|turn|8\n|\n|t:|1701049544\n|move|p1a: Ogerpon|Power Whip|p2a: Miraidon\n|-resisted|p2a: Miraidon\n|-damage|p2a: Miraidon|27\/100\n|move|p2a: Miraidon|Volt Switch|p1a: Ogerpon\n|-resisted|p1a: Ogerpon\n|-damage|p1a: Ogerpon|32\/100\n|\n|t:|1701049548\n|switch|p2a: Iron Bundle|Iron Bundle|100\/100|[from] Volt Switch\n|-activate|p2a: Iron Bundle|ability: Quark Drive\n|-start|p2a: Iron Bundle|quarkdrivespe\n|\n|upkeep\n|turn|9\n|\n|t:|1701049552\n|move|p2a: Iron Bundle|Ice Beam|p1a: Ogerpon\n|-damage|p1a: Ogerpon|0 fnt\n|faint|p1a: Ogerpon\n|\n|upkeep\n|\n|t:|1701049575\n|switch|p1a: Arceus|Arceus-Ghost|100\/100\n|turn|10\n|\n|t:|1701049578\n|move|p2a: Iron Bundle|Ice Beam|p1a: Arceus\n|-damage|p1a: Arceus|57\/100\n|move|p1a: Arceus|Calm Mind|p1a: Arceus\n|-boost|p1a: Arceus|spa|1\n|-boost|p1a: Arceus|spd|1\n|\n|upkeep\n|turn|11\n|\n|t:|1701049583\n|-end|p2a: Iron Bundle|Quark Drive|[silent]\n|switch|p2a: Clodsire|Clodsire, M|100\/100\n|move|p1a: Arceus|Recover|p1a: Arceus\n|-heal|p1a: Arceus|100\/100\n|\n|upkeep\n|turn|12\n|\n|t:|1701049587\n|switch|p1a: Koraidon|Koraidon|100\/100\n|-weather|SunnyDay|[from] ability: Orichalcum Pulse|[of] p1a: Koraidon\n|-activate|p1a: Koraidon|Orichalcum Pulse|[source]\n|move|p2a: Clodsire|Stealth Rock|p1a: Koraidon\n|-sidestart|p1: AltariaGolden|move: Stealth Rock\n|\n|-weather|SunnyDay|[upkeep]\n|-fieldend|move: Electric Terrain\n|upkeep\n|turn|13\n|\n|t:|1701049592\n|switch|p2a: Dondozo|Dondozo, M|86\/100\n|move|p1a: Koraidon|U-turn|p2a: Dondozo\n|-damage|p2a: Dondozo|61\/100\n|\n|t:|1701049594\n|switch|p1a: Chi-Yu|Chi-Yu|100\/100|[from] U-turn\n|-damage|p1a: Chi-Yu|76\/100|[from] Stealth Rock\n|-ability|p1a: Chi-Yu|Beads of Ruin\n|\n|-weather|SunnyDay|[upkeep]\n|-heal|p2a: Dondozo|68\/100|[from] item: Leftovers\n|upkeep\n|turn|14\n|\n|t:|1701049601\n|switch|p2a: Clodsire|Clodsire, M|100\/100\n|move|p1a: Chi-Yu|Flamethrower|p2a: Clodsire\n|-damage|p2a: Clodsire|25\/100\n|\n|-weather|SunnyDay|[upkeep]\n|-heal|p2a: Clodsire|32\/100|[from] item: Leftovers\n|upkeep\n|turn|15\n|\n|t:|1701049604\n|move|p1a: Chi-Yu|Flamethrower|p2a: Clodsire\n|-damage|p2a: Clodsire|0 fnt\n|faint|p2a: Clodsire\n|\n|-weather|SunnyDay|[upkeep]\n|upkeep\n|-message|jiancat forfeited.\n|\n|win|AltariaGolden\n|raw|AltariaGolden's rating: 1338 &rarr; <strong>1364<\/strong><br \/>(+26 for winning)\n|raw|jiancat's rating: 1441 &rarr; <strong>1415<\/strong><br \/>(-26 for losing)\n","uploadtime":1701049503,"views":1,"p1id":"altariagolden","p2id":"jiancat","formatid":"gen9ubers","rating":1364,"private":0,"password":""}