{"id":"gen9ubers-1983903131","p1":"XpokVEVO","p2":"Kinesquared","format":"[Gen 9] Ubers","log":"|j|\u2606XpokVEVO\n|j|\u2606Kinesquared\n|t:|1699198149\n|gametype|singles\n|player|p1|XpokVEVO|mustard|\n|player|p2|Kinesquared|scientist-gen4dp|\n|teamsize|p1|6\n|teamsize|p2|6\n|gen|9\n|tier|[Gen 9] Ubers\n|rule|Sleep Clause Mod: Limit one foe put to sleep\n|rule|Species Clause: Limit one of each Pok\u00e9mon\n|rule|OHKO Clause: OHKO moves are banned\n|rule|Evasion Items Clause: Evasion items are banned\n|rule|Evasion Moves Clause: Evasion moves are banned\n|rule|Endless Battle Clause: Forcing endless battles is banned\n|rule|HP Percentage Mod: HP is shown in percentages\n|clearpoke\n|poke|p1|Arceus-Fire|\n|poke|p1|Cyclizar, M|\n|poke|p1|Espathra, F|\n|poke|p1|Magearna|\n|poke|p1|Zacian-*|\n|poke|p1|Roaring Moon|\n|poke|p2|Pelipper, M|\n|poke|p2|Shaymin-Sky|\n|poke|p2|Palkia-Origin|\n|poke|p2|Spectrier|\n|poke|p2|Palafin, F|\n|poke|p2|Cyclizar, M|\n|teampreview\n|inactive|Battle timer is ON: inactive players will automatically lose when time's up. (requested by XpokVEVO)\n|\n|t:|1699198158\n|start\n|switch|p1a: Akira|Cyclizar, M|100\/100\n|switch|p2a: Pelipper|Pelipper, M|100\/100\n|-weather|RainDance|[from] ability: Drizzle|[of] p2a: Pelipper\n|turn|1\n|\n|t:|1699198176\n|move|p1a: Akira|Shed Tail|p1a: Akira\n|-start|p1a: Akira|Substitute|[from] move: Shed Tail\n|-damage|p1a: Akira|50\/100\n|\n|t:|1699198179\n|switch|p1a: Aunt Fanny|Magearna|100\/100|[from] Shed Tail\n|move|p2a: Pelipper|Hurricane|p1a: Aunt Fanny\n|-resisted|p1a: Aunt Fanny\n|-activate|p1a: Aunt Fanny|move: Substitute|[damage]\n|\n|-weather|RainDance|[upkeep]\n|upkeep\n|turn|2\n|\n|t:|1699198188\n|move|p1a: Aunt Fanny|Shift Gear|p1a: Aunt Fanny\n|-boost|p1a: Aunt Fanny|spe|2\n|-boost|p1a: Aunt Fanny|atk|1\n|move|p2a: Pelipper|U-turn|p1a: Aunt Fanny\n|-resisted|p1a: Aunt Fanny\n|-activate|p1a: Aunt Fanny|move: Substitute|[damage]\n|\n|t:|1699198196\n|switch|p2a: Palafin|Palafin, F|100\/100|[from] U-turn\n|\n|-weather|RainDance|[upkeep]\n|upkeep\n|turn|3\n|\n|t:|1699198201\n|move|p1a: Aunt Fanny|Thunder Wave|p2a: Palafin\n|-status|p2a: Palafin|par\n|move|p2a: Palafin|Flip Turn|p1a: Aunt Fanny\n|-end|p1a: Aunt Fanny|Substitute\n|c|\u2606XpokVEVO|goodbye palafin\n|\n|t:|1699198221\n|detailschange|p2a: Palafin|Palafin-Hero, F\n|switch|p2a: Palkia|Palkia-Origin|100\/100|[from] Flip Turn\n|-ability|p2a: Palkia|Pressure\n|\n|-weather|RainDance|[upkeep]\n|upkeep\n|turn|4\n|c|\u2606XpokVEVO|why?\n|c|\u2606XpokVEVO|are you trying to lower my spa by baiting a cannon\n|\n|t:|1699198237\n|move|p1a: Aunt Fanny|Fleur Cannon|p2a: Palkia|[miss]\n|-miss|p1a: Aunt Fanny|p2a: Palkia\n|move|p2a: Palkia|Hydro Pump|p1a: Aunt Fanny\n|-damage|p1a: Aunt Fanny|0 fnt\n|faint|p1a: Aunt Fanny\n|\n|-weather|RainDance|[upkeep]\n|upkeep\n|c|\u2606XpokVEVO|oh come on\n|c|\u2606Kinesquared|that would have been a plan too\n|\n|t:|1699198255\n|switch|p1a: Princess|Zacian, shiny|100\/100\n|-ability|p1a: Princess|Intrepid Sword|boost\n|-boost|p1a: Princess|atk|1\n|turn|5\n|inactive|XpokVEVO has 270 seconds left.\n|c|\u2606XpokVEVO|hold on\n|inactive|XpokVEVO has 240 seconds left.\n|j| GratedsShtickface\n|\n|t:|1699198320\n|switch|p2a: Pelipper|Pelipper, M|100\/100\n|move|p1a: Princess|Play Rough|p2a: Pelipper\n|-damage|p2a: Pelipper|29\/100\n|-unboost|p2a: Pelipper|atk|1\n|-damage|p1a: Princess|91\/100|[from] item: Life Orb\n|\n|-weather|RainDance|[upkeep]\n|upkeep\n|turn|6\n|inactive|Kinesquared has 270 seconds left.\n|c|\u2606XpokVEVO|sacing pelipper does not seem\n|\n|t:|1699198341\n|switch|p2a: Shaymin|Shaymin-Sky|100\/100\n|move|p1a: Princess|Swords Dance|p1a: Princess\n|-boost|p1a: Princess|atk|2\n|\n|-weather|RainDance|[upkeep]\n|upkeep\n|turn|7\n|c|\u2606XpokVEVO|like a wise plan\n|c|\u2606Kinesquared|i agree\n|inactive|Kinesquared has 270 seconds left.\n|c|\u2606XpokVEVO|sadly this is the wrong zacian and spectrier outspeeds\n|\n|t:|1699198358\n|move|p1a: Princess|Play Rough|p2a: Shaymin\n|-crit|p2a: Shaymin\n|-damage|p2a: Shaymin|0 fnt\n|faint|p2a: Shaymin\n|-damage|p1a: Princess|81\/100|[from] item: Life Orb\n|\n|-weather|RainDance|[upkeep]\n|upkeep\n|\n|t:|1699198364\n|switch|p2a: Spectrier|Spectrier|100\/100\n|turn|8\n|c|\u2606XpokVEVO|i have 6 more stat on the correct zacian\n|inactive|XpokVEVO has 240 seconds left.\n|inactive|Kinesquared has 270 seconds left.\n|\n|t:|1699198371\n|-terastallize|p1a: Princess|Dark\n|move|p2a: Spectrier|Substitute|p2a: Spectrier\n|-start|p2a: Spectrier|Substitute\n|-damage|p2a: Spectrier|76\/100\n|move|p1a: Princess|Crunch|p2a: Spectrier\n|-supereffective|p2a: Spectrier\n|-end|p2a: Spectrier|Substitute\n|-damage|p1a: Princess|71\/100|[from] item: Life Orb\n|\n|-weather|none\n|-heal|p2a: Spectrier|82\/100|[from] item: Leftovers\n|upkeep\n|turn|9\n|c|\u2606XpokVEVO|grinch\n|inactive|Kinesquared has 270 seconds left.\n|\n|t:|1699198382\n|move|p2a: Spectrier|Disable|p1a: Princess\n|-start|p1a: Princess|Disable|Crunch\n|cant|p1a: Princess|Disable|Crunch\n|\n|-heal|p2a: Spectrier|88\/100|[from] item: Leftovers\n|upkeep\n|turn|10\n|c|\u2606XpokVEVO|evil af\n|inactive|Kinesquared has 270 seconds left.\n|c|\u2606XpokVEVO|damn i wouldve won\n|\n|t:|1699198400\n|move|p2a: Spectrier|Substitute|p2a: Spectrier\n|-start|p2a: Spectrier|Substitute\n|-damage|p2a: Spectrier|63\/100\n|move|p1a: Princess|Play Rough|p2a: Spectrier\n|-end|p2a: Spectrier|Substitute\n|-damage|p1a: Princess|61\/100|[from] item: Life Orb\n|\n|-heal|p2a: Spectrier|69\/100|[from] item: Leftovers\n|upkeep\n|turn|11\n|c|\u2606XpokVEVO|if it wasnt for\n|c|\u2606XpokVEVO|those speed evs\n|inactive|Kinesquared has 270 seconds left.\n|\n|t:|1699198409\n|move|p2a: Spectrier|Substitute|p2a: Spectrier\n|-start|p2a: Spectrier|Substitute\n|-damage|p2a: Spectrier|44\/100\n|move|p1a: Princess|Play Rough|p2a: Spectrier\n|-end|p2a: Spectrier|Substitute\n|-damage|p1a: Princess|52\/100|[from] item: Life Orb\n|\n|-heal|p2a: Spectrier|50\/100|[from] item: Leftovers\n|upkeep\n|turn|12\n|c|\u2606Kinesquared|what did you put them into?\n|inactive|Kinesquared has 270 seconds left.\n|\n|t:|1699198422\n|move|p2a: Spectrier|Substitute|p2a: Spectrier\n|-start|p2a: Spectrier|Substitute\n|-damage|p2a: Spectrier|25\/100\n|move|p1a: Princess|Play Rough|p2a: Spectrier\n|-end|p2a: Spectrier|Substitute\n|-damage|p1a: Princess|42\/100|[from] item: Life Orb\n|\n|-heal|p2a: Spectrier|32\/100|[from] item: Leftovers\n|-end|p1a: Princess|Disable\n|upkeep\n|turn|13\n|\n|t:|1699198431\n|move|p2a: Spectrier|Substitute|p2a: Spectrier\n|-start|p2a: Spectrier|Substitute\n|-damage|p2a: Spectrier|7\/100\n|move|p1a: Princess|Play Rough|p2a: Spectrier\n|-end|p2a: Spectrier|Substitute\n|-damage|p1a: Princess|32\/100|[from] item: Life Orb\n|\n|-heal|p2a: Spectrier|13\/100|[from] item: Leftovers\n|upkeep\n|turn|14\n|\n|t:|1699198442\n|switch|p2a: Pelipper|Pelipper, M|29\/100\n|-weather|RainDance|[from] ability: Drizzle|[of] p2a: Pelipper\n|move|p1a: Princess|Play Rough|p2a: Pelipper\n|-damage|p2a: Pelipper|0 fnt\n|faint|p2a: Pelipper\n|-damage|p1a: Princess|22\/100|[from] item: Life Orb\n|\n|-weather|RainDance|[upkeep]\n|upkeep\n|c|\u2606XpokVEVO|i put speed in to outspeed whatevers important\n|c|\u2606XpokVEVO|and then\n|c|\u2606XpokVEVO|the rest on hp\n|inactive|Kinesquared has 270 seconds left.\n|\n|t:|1699198454\n|switch|p2a: Spectrier|Spectrier|13\/100\n|turn|15\n|c|\u2606XpokVEVO|i forgot about spectrier on this team\n|c|\u2606XpokVEVO|its literally the same team but a different (Worse) zacian\n|c|\u2606XpokVEVO|simply misclicked\n|\n|t:|1699198469\n|move|p2a: Spectrier|Shadow Ball|p1a: Princess\n|-resisted|p1a: Princess\n|-damage|p1a: Princess|3\/100\n|move|p1a: Princess|Crunch|p2a: Spectrier\n|-supereffective|p2a: Spectrier\n|-damage|p2a: Spectrier|0 fnt\n|faint|p2a: Spectrier\n|-damage|p1a: Princess|0 fnt|[from] item: Life Orb\n|faint|p1a: Princess\n|\n|-weather|RainDance|[upkeep]\n|upkeep\n|c|\u2606XpokVEVO|wow\n|\n|t:|1699198482\n|switch|p2a: Palkia|Palkia-Origin|100\/100\n|switch|p1a: Akira|Cyclizar, M|84\/100\n|-ability|p2a: Palkia|Pressure\n|turn|16\n|\n|t:|1699198489\n|move|p1a: Akira|Shed Tail|p1a: Akira\n|-start|p1a: Akira|Substitute|[from] move: Shed Tail\n|-damage|p1a: Akira|33\/100\n|c|\u2606XpokVEVO|wrong cyclizar too\n|c|\u2606XpokVEVO|doesnt matter rn luckily\n|\n|t:|1699198501\n|switch|p1a: Roaring Peak|Roaring Moon|100\/100|[from] Shed Tail\n|-enditem|p1a: Roaring Peak|Booster Energy\n|-activate|p1a: Roaring Peak|ability: Protosynthesis|[fromitem]\n|-start|p1a: Roaring Peak|protosynthesisspe\n|move|p2a: Palkia|Substitute|p2a: Palkia\n|-start|p2a: Palkia|Substitute\n|-damage|p2a: Palkia|76\/100\n|\n|-weather|RainDance|[upkeep]\n|upkeep\n|turn|17\n|c|\u2606Kinesquared|this is the first time im using this team too\n|c|\u2606Kinesquared|has a lot of problems\n|\n|t:|1699198513\n|move|p1a: Roaring Peak|Acrobatics|p2a: Palkia\n|-end|p2a: Palkia|Substitute\n|move|p2a: Palkia|Spacial Rend|p1a: Roaring Peak\n|-supereffective|p1a: Roaring Peak\n|-end|p1a: Roaring Peak|Substitute\n|\n|-weather|RainDance|[upkeep]\n|upkeep\n|turn|18\n|\n|t:|1699198522\n|move|p1a: Roaring Peak|Acrobatics|p2a: Palkia\n|-damage|p2a: Palkia|37\/100\n|move|p2a: Palkia|Spacial Rend|p1a: Roaring Peak\n|-supereffective|p1a: Roaring Peak\n|-damage|p1a: Roaring Peak|0 fnt\n|faint|p1a: Roaring Peak\n|-end|p1a: Roaring Peak|Protosynthesis|[silent]\n|\n|-weather|RainDance|[upkeep]\n|upkeep\n|\n|t:|1699198540\n|switch|p1a: Emu War|Espathra, F|100\/100\n|turn|19\n|\n|t:|1699198547\n|move|p2a: Palkia|Thunder|p1a: Emu War\n|-damage|p1a: Emu War|29\/100\n|move|p1a: Emu War|Dazzling Gleam|p2a: Palkia\n|-supereffective|p2a: Palkia\n|-damage|p2a: Palkia|0 fnt\n|faint|p2a: Palkia\n|\n|-weather|RainDance|[upkeep]\n|-ability|p1a: Emu War|Speed Boost|boost\n|-boost|p1a: Emu War|spe|1\n|upkeep\n|c|\u2606XpokVEVO|based\n|\n|t:|1699198556\n|switch|p2a: Palafin|Palafin-Hero, F|100\/100 par\n|-activate|p2a: Palafin|ability: Zero to Hero\n|turn|20\n|\n|t:|1699198564\n|move|p1a: Emu War|Calm Mind|p1a: Emu War\n|-boost|p1a: Emu War|spa|1\n|-boost|p1a: Emu War|spd|1\n|move|p2a: Palafin|Flip Turn|p1a: Emu War\n|-damage|p1a: Emu War|0 fnt\n|faint|p1a: Emu War\n|\n|t:|1699198570\n|switch|p2a: Cyclizar|Cyclizar, M|100\/100|[from] Flip Turn\n|\n|-weather|RainDance|[upkeep]\n|upkeep\n|c|\u2606XpokVEVO|flip turn is a strange choice\n|\n|t:|1699198574\n|switch|p1a: Ar\u0441eus-Fighting|Arceus-Fire, shiny|100\/100\n|turn|21\n|\n|t:|1699198580\n|move|p2a: Cyclizar|Taunt|p1a: Ar\u0441eus-Fighting\n|-start|p1a: Ar\u0441eus-Fighting|move: Taunt\n|cant|p1a: Ar\u0441eus-Fighting|move: Taunt|Roar\n|\n|-weather|none\n|upkeep\n|turn|22\n|c|\u2606XpokVEVO|ok i get it now\n|\n|t:|1699198586\n|move|p2a: Cyclizar|Shed Tail|p2a: Cyclizar\n|-start|p2a: Cyclizar|Substitute|[from] move: Shed Tail\n|-damage|p2a: Cyclizar|50\/100\n|\n|t:|1699198589\n|switch|p2a: Palafin|Palafin-Hero, F|100\/100 par|[from] Shed Tail\n|move|p1a: Ar\u0441eus-Fighting|Flare Blitz|p2a: Palafin\n|-resisted|p2a: Palafin\n|-end|p2a: Palafin|Substitute\n|-damage|p1a: Ar\u0441eus-Fighting|94\/100|[from] Recoil|[of] p2a: Palafin\n|\n|upkeep\n|turn|23\n|\n|t:|1699198599\n|switch|p1a: Akira|Cyclizar, M|67\/100\n|-terastallize|p2a: Palafin|Water\n|move|p2a: Palafin|Wave Crash|p1a: Akira\n|-resisted|p1a: Akira\n|-damage|p1a: Akira|0 fnt\n|faint|p1a: Akira\n|-damage|p2a: Palafin|82\/100 par|[from] Recoil\n|\n|upkeep\n|c|\u2606XpokVEVO|rematch'\n|\n|t:|1699198606\n|switch|p1a: Ar\u0441eus-Fighting|Arceus-Fire, shiny|94\/100\n|turn|24\n|c|\u2606XpokVEVO|?\n|c|\u2606Kinesquared|nah i dont like this team\n|c|\u2606XpokVEVO|w another team\n|c|\u2606Kinesquared|if u want I can go somethign else tho\n|c|\u2606Kinesquared|ua\n|c|\u2606Kinesquared|ya\n|\n|t:|1699198624\n|move|p1a: Ar\u0441eus-Fighting|Flare Blitz|p2a: Palafin\n|-resisted|p2a: Palafin\n|-crit|p2a: Palafin\n|-damage|p2a: Palafin|29\/100 par\n|-damage|p1a: Ar\u0441eus-Fighting|78\/100|[from] Recoil\n|cant|p2a: Palafin|par\n|\n|upkeep\n|turn|25\n|c|\u2606XpokVEVO|wow\n|c|\u2606XpokVEVO|max hax\n|\n|t:|1699198639\n|switch|p2a: Cyclizar|Cyclizar, M|84\/100\n|move|p1a: Ar\u0441eus-Fighting|Flare Blitz|p2a: Cyclizar\n|-resisted|p2a: Cyclizar\n|-damage|p2a: Cyclizar|33\/100\n|-damage|p1a: Ar\u0441eus-Fighting|66\/100|[from] Recoil\n|\n|upkeep\n|turn|26\n|\n|t:|1699198651\n|move|p2a: Cyclizar|Rapid Spin|p1a: Ar\u0441eus-Fighting\n|-damage|p1a: Ar\u0441eus-Fighting|55\/100\n|-boost|p2a: Cyclizar|spe|1\n|move|p1a: Ar\u0441eus-Fighting|Tera Blast|p2a: Cyclizar\n|-damage|p2a: Cyclizar|3\/100\n|\n|upkeep\n|turn|27\n|\n|t:|1699198658\n|move|p2a: Cyclizar|Rapid Spin|p1a: Ar\u0441eus-Fighting\n|-damage|p1a: Ar\u0441eus-Fighting|44\/100\n|-boost|p2a: Cyclizar|spe|1\n|move|p1a: Ar\u0441eus-Fighting|Tera Blast|p2a: Cyclizar\n|-damage|p2a: Cyclizar|0 fnt\n|faint|p2a: Cyclizar\n|\n|upkeep\n|\n|t:|1699198665\n|switch|p2a: Palafin|Palafin-Hero, F, tera:Water|29\/100 par\n|turn|28\n|\n|t:|1699198669\n|move|p2a: Palafin|Jet Punch|p1a: Ar\u0441eus-Fighting\n|-supereffective|p1a: Ar\u0441eus-Fighting\n|-damage|p1a: Ar\u0441eus-Fighting|0 fnt\n|faint|p1a: Ar\u0441eus-Fighting\n|\n|win|Kinesquared\n|l|\u2606XpokVEVO\n","uploadtime":1699198675,"views":11,"p1id":"xpokvevo","p2id":"kinesquared","formatid":"gen9ubers","rating":0,"private":0,"password":""}