{"id":"gen9ubers-1969312430","p1":"efwin2763","p2":"ThePuzzler13","format":"[Gen 9] Ubers","log":"|j|\u2606efwin2763\n|j|\u2606ThePuzzler13\n|t:|1697512824\n|gametype|singles\n|player|p1|efwin2763|ghetsis-gen5bw|\n|player|p2|ThePuzzler13|102|\n|teamsize|p1|6\n|teamsize|p2|6\n|gen|9\n|tier|[Gen 9] Ubers\n|rule|Sleep Clause Mod: Limit one foe put to sleep\n|rule|Species Clause: Limit one of each Pok\u00e9mon\n|rule|OHKO Clause: OHKO moves are banned\n|rule|Evasion Items Clause: Evasion items are banned\n|rule|Evasion Moves Clause: Evasion moves are banned\n|rule|Endless Battle Clause: Forcing endless battles is banned\n|rule|HP Percentage Mod: HP is shown in percentages\n|clearpoke\n|poke|p1|Heatran, F|\n|poke|p1|Zacian-*|\n|poke|p1|Magearna|\n|poke|p1|Arceus-Poison|\n|poke|p1|Chi-Yu|\n|poke|p1|Cyclizar, F|\n|poke|p2|Masquerain, M|\n|poke|p2|Arceus-Ice|\n|poke|p2|Gholdengo|\n|poke|p2|Palafin, F|\n|poke|p2|Chi-Yu|\n|poke|p2|Zamazenta-*|\n|teampreview\n|inactive|Battle timer is ON: inactive players will automatically lose when time's up. (requested by efwin2763)\n|inactive|ThePuzzler13 also wants the timer to be on.\n|c|\u2606ThePuzzler13|oooh new team\n|c|\u2606ThePuzzler13|gl\n|\n|t:|1697512833\n|start\n|switch|p1a: \u227d^\u2022\u2a4a\u2022^\u227c|Heatran, F|100\/100\n|switch|p2a: Masquerain|Masquerain, M|100\/100\n|-ability|p2a: Masquerain|Intimidate|boost\n|-unboost|p1a: \u227d^\u2022\u2a4a\u2022^\u227c|atk|1\n|turn|1\n|c|\u2606efwin2763|not mine, someone else sent it to me\n|c|\u2606efwin2763|gl\n|c|\u2606ThePuzzler13|fuck I forgot to save our replays\n|\n|t:|1697512854\n|move|p2a: Masquerain|Sticky Web|p1a: \u227d^\u2022\u2a4a\u2022^\u227c\n|-sidestart|p1: efwin2763|move: Sticky Web\n|move|p1a: \u227d^\u2022\u2a4a\u2022^\u227c|Stealth Rock|p2a: Masquerain\n|-sidestart|p2: ThePuzzler13|move: Stealth Rock\n|\n|upkeep\n|turn|2\n|c|\u2606efwin2763|lol\n|c|\u2606ThePuzzler13|oh well, I'll save this one\n|c|\u2606efwin2763|ok\n|\n|t:|1697512866\n|move|p2a: Masquerain|Stun Spore|p1a: \u227d^\u2022\u2a4a\u2022^\u227c\n|-status|p1a: \u227d^\u2022\u2a4a\u2022^\u227c|par\n|move|p1a: \u227d^\u2022\u2a4a\u2022^\u227c|Magma Storm|p2a: Masquerain\n|-supereffective|p2a: Masquerain\n|-enditem|p2a: Masquerain|Focus Sash\n|-damage|p2a: Masquerain|1\/100\n|-activate|p2a: Masquerain|move: Magma Storm|[of] p1a: \u227d^\u2022\u2a4a\u2022^\u227c\n|\n|-damage|p2a: Masquerain|0 fnt|[from] move: Magma Storm|[partiallytrapped]\n|faint|p2a: Masquerain\n|upkeep\n|\n|t:|1697512880\n|switch|p2a: Zamazenta|Zamazenta-Crowned|100\/100\n|-damage|p2a: Zamazenta|97\/100|[from] Stealth Rock\n|-ability|p2a: Zamazenta|Dauntless Shield|boost\n|-boost|p2a: Zamazenta|def|1\n|turn|3\n|\n|t:|1697512891\n|move|p2a: Zamazenta|Iron Defense|p2a: Zamazenta\n|-boost|p2a: Zamazenta|def|2\n|move|p1a: \u227d^\u2022\u2a4a\u2022^\u227c|Magma Storm|p2a: Zamazenta\n|-supereffective|p2a: Zamazenta\n|-damage|p2a: Zamazenta|42\/100\n|-activate|p2a: Zamazenta|move: Magma Storm|[of] p1a: \u227d^\u2022\u2a4a\u2022^\u227c\n|\n|-damage|p2a: Zamazenta|29\/100|[from] move: Magma Storm|[partiallytrapped]\n|upkeep\n|turn|4\n|\n|t:|1697512896\n|move|p2a: Zamazenta|Body Press|p1a: \u227d^\u2022\u2a4a\u2022^\u227c\n|-supereffective|p1a: \u227d^\u2022\u2a4a\u2022^\u227c\n|-crit|p1a: \u227d^\u2022\u2a4a\u2022^\u227c\n|-damage|p1a: \u227d^\u2022\u2a4a\u2022^\u227c|0 fnt\n|faint|p1a: \u227d^\u2022\u2a4a\u2022^\u227c\n|\n|-end|p2a: Zamazenta|Magma Storm|[partiallytrapped]|[silent]\n|upkeep\n|\n|t:|1697512901\n|switch|p1a: Cyclizar|Cyclizar, F|100\/100\n|turn|5\n|\n|t:|1697512906\n|move|p1a: Cyclizar|Rapid Spin|p2a: Zamazenta\n|-resisted|p2a: Zamazenta\n|-damage|p2a: Zamazenta|28\/100\n|-boost|p1a: Cyclizar|spe|1\n|-sideend|p1: efwin2763|Sticky Web|[from] move: Rapid Spin|[of] p1a: Cyclizar\n|move|p2a: Zamazenta|Iron Defense|p2a: Zamazenta\n|-boost|p2a: Zamazenta|def|2\n|\n|upkeep\n|turn|6\n|\n|t:|1697512921\n|move|p1a: Cyclizar|Shed Tail|p1a: Cyclizar\n|-start|p1a: Cyclizar|Substitute|[from] move: Shed Tail\n|-damage|p1a: Cyclizar|50\/100\n|l|\u2606efwin2763\n|inactive|efwin2763 disconnected and has 300 seconds to reconnect!\n|player|p1|\n|j|\u2606efwin2763\n|inactive|efwin2763 reconnected and has 290 seconds left.\n|player|p1|efwin2763|ghetsis-gen5bw\n|c|\u2606ThePuzzler13|welcome back\n|c|\u2606ThePuzzler13|bad wifi?\n|inactive|efwin2763 has 270 seconds left.\n|c|\u2606efwin2763|idk\n|c|\u2606efwin2763|maybe\n|\n|t:|1697512972\n|switch|p1a: Chi-Yu|Chi-Yu|100\/100|[from] Shed Tail\n|-ability|p1a: Chi-Yu|Beads of Ruin\n|move|p2a: Zamazenta|Body Press|p1a: Chi-Yu\n|-supereffective|p1a: Chi-Yu\n|-end|p1a: Chi-Yu|Substitute\n|\n|upkeep\n|turn|7\n|inactive|efwin2763 has 240 seconds left.\n|\n|t:|1697512997\n|-terastallize|p1a: Chi-Yu|Fire\n|move|p1a: Chi-Yu|Flamethrower|p2a: Zamazenta\n|-supereffective|p2a: Zamazenta\n|-damage|p2a: Zamazenta|0 fnt\n|faint|p2a: Zamazenta\n|\n|upkeep\n|\n|t:|1697513004\n|switch|p2a: Palafin|Palafin, F|100\/100\n|-damage|p2a: Palafin|88\/100|[from] Stealth Rock\n|turn|8\n|\n|t:|1697513013\n|switch|p1a: Cyclizar|Cyclizar, F|84\/100\n|move|p2a: Palafin|Flip Turn|p1a: Cyclizar\n|-resisted|p1a: Cyclizar\n|-damage|p1a: Cyclizar|58\/100\n|\n|t:|1697513028\n|detailschange|p2a: Palafin|Palafin-Hero, F\n|switch|p2a: Gholdengo|Gholdengo|100\/100|[from] Flip Turn\n|-damage|p2a: Gholdengo|94\/100|[from] Stealth Rock\n|\n|upkeep\n|turn|9\n|\n|t:|1697513036\n|move|p2a: Gholdengo|Trick|p1a: Cyclizar\n|-activate|p2a: Gholdengo|move: Trick|[of] p1a: Cyclizar\n|-item|p1a: Cyclizar|Choice Scarf|[from] move: Trick\n|-item|p2a: Gholdengo|Heavy-Duty Boots|[from] move: Trick\n|move|p1a: Cyclizar|Knock Off|p2a: Gholdengo\n|-supereffective|p2a: Gholdengo\n|-damage|p2a: Gholdengo|45\/100\n|-enditem|p2a: Gholdengo|Heavy-Duty Boots|[from] move: Knock Off|[of] p1a: Cyclizar\n|\n|upkeep\n|turn|10\n|\n|t:|1697513043\n|move|p1a: Cyclizar|Knock Off|p2a: Gholdengo\n|-supereffective|p2a: Gholdengo\n|-damage|p2a: Gholdengo|14\/100\n|move|p2a: Gholdengo|Focus Blast|p1a: Cyclizar\n|-supereffective|p1a: Cyclizar\n|-damage|p1a: Cyclizar|0 fnt\n|faint|p1a: Cyclizar\n|\n|upkeep\n|c|\u2606ThePuzzler13|FOCUS HIT\n|c|\u2606ThePuzzler13|LET'S GOOOOO\n|c|\u2606efwin2763|lol\n|\n|t:|1697513070\n|switch|p1a: Chi-Yu|Chi-Yu, tera:Fire|100\/100\n|-ability|p1a: Chi-Yu|Beads of Ruin\n|turn|11\n|\n|t:|1697513076\n|move|p1a: Chi-Yu|Flamethrower|p2a: Gholdengo\n|-supereffective|p2a: Gholdengo\n|-damage|p2a: Gholdengo|0 fnt\n|faint|p2a: Gholdengo\n|\n|upkeep\n|\n|t:|1697513080\n|switch|p2a: Palafin|Palafin-Hero, F|88\/100\n|-damage|p2a: Palafin|76\/100|[from] Stealth Rock\n|-activate|p2a: Palafin|ability: Zero to Hero\n|turn|12\n|\n|t:|1697513085\n|switch|p1a: Zacian|Zacian|100\/100\n|-ability|p1a: Zacian|Intrepid Sword|boost\n|-boost|p1a: Zacian|atk|1\n|move|p2a: Palafin|Jet Punch|p1a: Zacian\n|-damage|p1a: Zacian|44\/100\n|-enditem|p1a: Zacian|Red Card|[of] p2a: Palafin\n|drag|p2a: Arceus|Arceus-Ice|100\/100\n|-damage|p2a: Arceus|76\/100|[from] Stealth Rock\n|\n|upkeep\n|turn|13\n|\n|t:|1697513100\n|move|p1a: Zacian|Close Combat|p2a: Arceus\n|-supereffective|p2a: Arceus\n|-damage|p2a: Arceus|0 fnt\n|-unboost|p1a: Zacian|def|1\n|-unboost|p1a: Zacian|spd|1\n|faint|p2a: Arceus\n|\n|upkeep\n|\n|t:|1697513103\n|switch|p2a: Palafin|Palafin-Hero, F|76\/100\n|-damage|p2a: Palafin|64\/100|[from] Stealth Rock\n|turn|14\n|\n|t:|1697513106\n|move|p2a: Palafin|Jet Punch|p1a: Zacian\n|-damage|p1a: Zacian|0 fnt\n|faint|p1a: Zacian\n|\n|upkeep\n|c|\u2606efwin2763|hes jacked af\n|c|\u2606efwin2763|lol\n|c|\u2606ThePuzzler13|yeah\n|\n|t:|1697513117\n|switch|p1a: Arceus|Arceus-Poison|100\/100\n|turn|15\n|c|\u2606ThePuzzler13|not unkillable tho\n|\n|t:|1697513123\n|move|p2a: Palafin|Jet Punch|p1a: Arceus\n|-damage|p1a: Arceus|61\/100\n|move|p1a: Arceus|Dragon Dance|p1a: Arceus\n|-boost|p1a: Arceus|atk|1\n|-boost|p1a: Arceus|spe|1\n|\n|upkeep\n|turn|16\n|c|\u2606efwin2763|true\n|\n|t:|1697513132\n|move|p2a: Palafin|Jet Punch|p1a: Arceus\n|-damage|p1a: Arceus|24\/100\n|move|p1a: Arceus|Poison Jab|p2a: Palafin\n|-damage|p2a: Palafin|0 fnt\n|faint|p2a: Palafin\n|\n|upkeep\n|\n|t:|1697513136\n|switch|p2a: Chi-Yu|Chi-Yu|100\/100\n|-damage|p2a: Chi-Yu|76\/100|[from] Stealth Rock\n|-ability|p2a: Chi-Yu|Beads of Ruin\n|turn|17\n|c|\u2606ThePuzzler13|fuck it we ball\n|\n|t:|1697513157\n|-terastallize|p2a: Chi-Yu|Fire\n|move|p1a: Arceus|Earthquake|p2a: Chi-Yu\n|-supereffective|p2a: Chi-Yu\n|-damage|p2a: Chi-Yu|0 fnt\n|faint|p2a: Chi-Yu\n|\n|win|efwin2763\n|c|\u2606efwin2763|lol\n|c|\u2606ThePuzzler13|WE ARE NOT BALLING\n|c|\u2606ThePuzzler13|gg\n|c|\u2606ThePuzzler13|gonna go save the replay\n|c|\u2606efwin2763|ok\n","uploadtime":1697513174,"views":25,"p1id":"efwin2763","p2id":"thepuzzler13","formatid":"gen9ubers","rating":0,"private":0,"password":""}