{"id":"gen9ubers-1988389683","p1":"Talvi71","p2":"Anzeek","format":"[Gen 9] Ubers","log":"|j|\u2606Talvi71\n|j|\u2606Anzeek\n|t:|1699717483\n|gametype|singles\n|player|p1|Talvi71|n|\n|player|p2|Anzeek|ghetsis-gen5bw|\n|teamsize|p1|6\n|teamsize|p2|6\n|gen|9\n|tier|[Gen 9] Ubers\n|rule|Sleep Clause Mod: Limit one foe put to sleep\n|rule|Species Clause: Limit one of each Pok\u00e9mon\n|rule|OHKO Clause: OHKO moves are banned\n|rule|Evasion Items Clause: Evasion items are banned\n|rule|Evasion Moves Clause: Evasion moves are banned\n|rule|Endless Battle Clause: Forcing endless battles is banned\n|rule|HP Percentage Mod: HP is shown in percentages\n|clearpoke\n|poke|p1|Arceus-Poison|\n|poke|p1|Dragapult, F|\n|poke|p1|Chien-Pao|\n|poke|p1|Iron Valiant|\n|poke|p1|Magearna|\n|poke|p1|Great Tusk|\n|poke|p2|Ursaluna-Bloodmoon, M|\n|poke|p2|Okidogi, M|\n|poke|p2|Heatran, M|\n|poke|p2|Salamence, M|\n|poke|p2|Farigiraf, F|\n|poke|p2|Forretress, F|\n|teampreview\n|c|\u2606Talvi71|gl hf\n|c|\u2606Anzeek|u 2\n|\n|t:|1699717577\n|start\n|switch|p1a: Jirschii|Great Tusk|100\/100\n|switch|p2a: Ursaluna|Ursaluna-Bloodmoon, M|100\/100\n|turn|1\n|\n|t:|1699717626\n|-terastallize|p2a: Ursaluna|Normal\n|move|p1a: Jirschii|Earthquake|p2a: Ursaluna\n|-damage|p2a: Ursaluna|74\/100\n|move|p2a: Ursaluna|Hyper Voice|p1a: Jirschii\n|-damage|p1a: Jirschii|0 fnt\n|faint|p1a: Jirschii\n|-end|p1a: Jirschii|Protosynthesis|[silent]\n|-enditem|p2a: Ursaluna|Throat Spray\n|-boost|p2a: Ursaluna|spa|1|[from] item: Throat Spray\n|\n|upkeep\n|\n|t:|1699717706\n|switch|p1a: Swoggy|Magearna|100\/100\n|turn|2\n|\n|t:|1699717733\n|move|p1a: Swoggy|Aura Sphere|p2a: Ursaluna\n|-supereffective|p2a: Ursaluna\n|-crit|p2a: Ursaluna\n|-damage|p2a: Ursaluna|0 fnt\n|faint|p2a: Ursaluna\n|-ability|p1a: Swoggy|Soul-Heart|boost\n|-boost|p1a: Swoggy|spa|1\n|\n|upkeep\n|\n|t:|1699717799\n|switch|p2a: Heatran|Heatran, M|100\/100\n|turn|3\n|\n|t:|1699717844\n|move|p2a: Heatran|Magma Storm|p1a: Swoggy|[miss]\n|-miss|p2a: Heatran|p1a: Swoggy\n|move|p1a: Swoggy|Volt Switch|p2a: Heatran\n|-damage|p2a: Heatran|67\/100\n|\n|t:|1699717886\n|switch|p1a: Maiky|Arceus-Poison|100\/100|[from] Volt Switch\n|\n|upkeep\n|turn|4\n|\n|t:|1699717942\n|move|p1a: Maiky|Calm Mind|p1a: Maiky\n|-boost|p1a: Maiky|spa|1\n|-boost|p1a: Maiky|spd|1\n|move|p2a: Heatran|Magma Storm|p1a: Maiky\n|-damage|p1a: Maiky|66\/100\n|-activate|p1a: Maiky|move: Magma Storm|[of] p2a: Heatran\n|-damage|p2a: Heatran|57\/100|[from] item: Life Orb\n|\n|-damage|p1a: Maiky|54\/100|[from] move: Magma Storm|[partiallytrapped]\n|upkeep\n|turn|5\n|\n|t:|1699718000\n|switch|p2a: Okidogi|Okidogi, M|100\/100\n|move|p1a: Maiky|Earth Power|p2a: Okidogi\n|-supereffective|p2a: Okidogi\n|-damage|p2a: Okidogi|51\/100\n|\n|-heal|p2a: Okidogi|57\/100|[from] item: Black Sludge\n|-end|p1a: Maiky|Magma Storm|[partiallytrapped]|[silent]\n|upkeep\n|turn|6\n|\n|t:|1699718046\n|switch|p2a: Farigiraf|Farigiraf, F|100\/100\n|move|p1a: Maiky|Recover|p1a: Maiky\n|-heal|p1a: Maiky|100\/100\n|\n|upkeep\n|turn|7\n|\n|t:|1699718067\n|move|p1a: Maiky|Calm Mind|p1a: Maiky\n|-boost|p1a: Maiky|spa|1\n|-boost|p1a: Maiky|spd|1\n|move|p2a: Farigiraf|Wish|p2a: Farigiraf\n|\n|upkeep\n|turn|8\n|\n|t:|1699718097\n|move|p1a: Maiky|Calm Mind|p1a: Maiky\n|-boost|p1a: Maiky|spa|1\n|-boost|p1a: Maiky|spd|1\n|move|p2a: Farigiraf|Hyper Voice|p1a: Maiky\n|-damage|p1a: Maiky|91\/100\n|\n|upkeep\n|turn|9\n|\n|t:|1699718135\n|move|p1a: Maiky|Judgment|p2a: Farigiraf\n|-damage|p2a: Farigiraf|10\/100\n|move|p2a: Farigiraf|Hyper Voice|p1a: Maiky\n|-damage|p1a: Maiky|82\/100\n|\n|-heal|p2a: Farigiraf|16\/100|[from] item: Leftovers\n|upkeep\n|turn|10\n|\n|t:|1699718166\n|move|p1a: Maiky|Earth Power|p2a: Farigiraf\n|-damage|p2a: Farigiraf|0 fnt\n|faint|p2a: Farigiraf\n|\n|upkeep\n|\n|t:|1699718168\n|switch|p2a: Salamence|Salamence, M|100\/100\n|turn|11\n|\n|t:|1699718186\n|move|p1a: Maiky|Judgment|p2a: Salamence\n|-damage|p2a: Salamence|0 fnt\n|faint|p2a: Salamence\n|\n|upkeep\n|\n|t:|1699718191\n|switch|p2a: Okidogi|Okidogi, M|57\/100\n|turn|12\n|\n|t:|1699718192\n|move|p1a: Maiky|Earth Power|p2a: Okidogi\n|-supereffective|p2a: Okidogi\n|-damage|p2a: Okidogi|0 fnt\n|faint|p2a: Okidogi\n|\n|upkeep\n|\n|t:|1699718194\n|switch|p2a: Heatran|Heatran, M|57\/100\n|turn|13\n|\n|t:|1699718196\n|move|p1a: Maiky|Earth Power|p2a: Heatran\n|-supereffective|p2a: Heatran\n|-damage|p2a: Heatran|0 fnt\n|faint|p2a: Heatran\n|\n|upkeep\n|\n|t:|1699718197\n|switch|p2a: Forretress|Forretress, F|100\/100\n|turn|14\n|\n|t:|1699718200\n|move|p1a: Maiky|Earth Power|p2a: Forretress\n|-damage|p2a: Forretress|8\/100\n|move|p2a: Forretress|Earthquake|p1a: Maiky\n|-supereffective|p1a: Maiky\n|-damage|p1a: Maiky|58\/100\n|\n|upkeep\n|turn|15\n|c|\u2606Talvi71|gg\n|\n|t:|1699718205\n|move|p1a: Maiky|Earth Power|p2a: Forretress\n|-damage|p2a: Forretress|0 fnt\n|faint|p2a: Forretress\n|\n|win|Talvi71\n|c|\u2606Anzeek|gg\n|c|\u2606Anzeek|hatte zu viele Ideen im Kopf und habe deswegen mein Palafin vergessen xD\n|c|\u2606Talvi71|xD\n|c|\u2606Talvi71|ich schick\n|c|\u2606Anzeek|alles klar. Danke dir noch einen sch\u00f6nen abend und ein sch\u00f6nes Wochenende\n|l|\u2606Anzeek\n|c|\u2606Talvi71|danke gleichfalls\n|j| Chien-Meow\n","uploadtime":1699718230,"views":23,"p1id":"talvi71","p2id":"anzeek","formatid":"gen9ubers","rating":0,"private":0,"password":""}