{"id":"gen9ubers-1981839647","p1":"Nicometeor","p2":"NeonLegacy","format":"[Gen 9] Ubers","log":"|j|\u2606Nicometeor\n|j|\u2606NeonLegacy\n|t:|1698945530\n|gametype|singles\n|player|p1|Nicometeor|lucas|\n|player|p2|NeonLegacy|red|\n|teamsize|p1|6\n|teamsize|p2|6\n|gen|9\n|tier|[Gen 9] Ubers\n|rated|Tournament battle\n|rule|Sleep Clause Mod: Limit one foe put to sleep\n|rule|Species Clause: Limit one of each Pok\u00e9mon\n|rule|OHKO Clause: OHKO moves are banned\n|rule|Evasion Items Clause: Evasion items are banned\n|rule|Evasion Moves Clause: Evasion moves are banned\n|rule|Endless Battle Clause: Forcing endless battles is banned\n|rule|HP Percentage Mod: HP is shown in percentages\n|clearpoke\n|poke|p1|Arceus-Fairy|\n|poke|p1|Koraidon|\n|poke|p1|Clodsire, F|\n|poke|p1|Alomomola, F|\n|poke|p1|Gliscor, F|\n|poke|p1|Skeledirge, M|\n|poke|p2|Torterra, F|\n|poke|p2|Uxie|\n|poke|p2|Ogerpon, F|\n|poke|p2|Polteageist-Antique|\n|poke|p2|Hatterene, F|\n|poke|p2|Rayquaza|\n|teampreview\n|inactive|Battle timer is ON: inactive players will automatically lose when time's up. (requested by Nicometeor)\n|c|\u2606NeonLegacy|glhf\n|\n|t:|1698945565\n|start\n|switch|p1a: Gliscor|Gliscor, F|100\/100\n|switch|p2a: Rayquaza|Rayquaza|100\/100\n|-ability|p2a: Rayquaza|Air Lock\n|turn|1\n|\n|t:|1698945572\n|move|p2a: Rayquaza|Dragon Dance|p2a: Rayquaza\n|-boost|p2a: Rayquaza|atk|1\n|-boost|p2a: Rayquaza|spe|1\n|move|p1a: Gliscor|Toxic|p2a: Rayquaza\n|-status|p2a: Rayquaza|tox\n|\n|-damage|p2a: Rayquaza|95\/100 tox|[from] psn\n|-status|p1a: Gliscor|tox|[from] item: Toxic Orb\n|upkeep\n|turn|2\n|\n|t:|1698945585\n|switch|p1a: Alomomola|Alomomola, F|100\/100\n|move|p2a: Rayquaza|Dragon Dance|p2a: Rayquaza\n|-boost|p2a: Rayquaza|atk|1\n|-boost|p2a: Rayquaza|spe|1\n|\n|-damage|p2a: Rayquaza|83\/100 tox|[from] psn\n|upkeep\n|turn|3\n|\n|t:|1698945592\n|move|p1a: Alomomola|Protect|p1a: Alomomola\n|-singleturn|p1a: Alomomola|Protect\n|move|p2a: Rayquaza|Dragon Ascent|p1a: Alomomola\n|-activate|p1a: Alomomola|move: Protect\n|\n|-damage|p2a: Rayquaza|65\/100 tox|[from] psn\n|upkeep\n|turn|4\n|\n|t:|1698945599\n|switch|p1a: Skeledirge|Skeledirge, M|100\/100\n|move|p2a: Rayquaza|Dragon Ascent|p1a: Skeledirge\n|-damage|p1a: Skeledirge|54\/100\n|-unboost|p2a: Rayquaza|def|1\n|-unboost|p2a: Rayquaza|spd|1\n|\n|-damage|p2a: Rayquaza|41\/100 tox|[from] psn\n|upkeep\n|turn|5\n|\n|t:|1698945607\n|move|p2a: Rayquaza|Shadow Claw|p1a: Skeledirge\n|-supereffective|p1a: Skeledirge\n|-damage|p1a: Skeledirge|20\/100\n|move|p1a: Skeledirge|Slack Off|p1a: Skeledirge\n|-heal|p1a: Skeledirge|70\/100\n|\n|-damage|p2a: Rayquaza|11\/100 tox|[from] psn\n|upkeep\n|turn|6\n|\n|t:|1698945614\n|move|p2a: Rayquaza|Shadow Claw|p1a: Skeledirge\n|-supereffective|p1a: Skeledirge\n|-damage|p1a: Skeledirge|36\/100\n|move|p1a: Skeledirge|Slack Off|p1a: Skeledirge\n|-heal|p1a: Skeledirge|87\/100\n|\n|-damage|p2a: Rayquaza|0 fnt|[from] psn\n|faint|p2a: Rayquaza\n|upkeep\n|\n|t:|1698945623\n|switch|p2a: Uxie|Uxie|100\/100\n|turn|7\n|j|+OreoSpeedruns\n|\n|t:|1698945633\n|switch|p1a: Arceus|Arceus-Fairy|100\/100\n|move|p2a: Uxie|Yawn|p1a: Arceus\n|-start|p1a: Arceus|move: Yawn|[of] p2a: Uxie\n|\n|upkeep\n|turn|8\n|\n|t:|1698945640\n|move|p1a: Arceus|Stealth Rock|p2a: Uxie\n|-sidestart|p2: NeonLegacy|move: Stealth Rock\n|move|p2a: Uxie|Reflect|p2a: Uxie\n|-sidestart|p2: NeonLegacy|Reflect\n|\n|-end|p1a: Arceus|move: Yawn|[silent]\n|-status|p1a: Arceus|slp\n|upkeep\n|turn|9\n|\n|t:|1698945648\n|switch|p1a: Koraidon|Koraidon|100\/100\n|-weather|SunnyDay|[from] ability: Orichalcum Pulse|[of] p1a: Koraidon\n|-activate|p1a: Koraidon|Orichalcum Pulse|[source]\n|move|p2a: Uxie|Memento|p1a: Koraidon\n|-unboost|p1a: Koraidon|atk|2\n|-unboost|p1a: Koraidon|spa|2\n|faint|p2a: Uxie\n|\n|-weather|SunnyDay|[upkeep]\n|upkeep\n|\n|t:|1698945664\n|switch|p2a: Polteageist|Polteageist-Antique, shiny|100\/100\n|-damage|p2a: Polteageist|88\/100|[from] Stealth Rock\n|turn|10\n|\n|t:|1698945669\n|move|p1a: Koraidon|Taunt|p2a: Polteageist\n|-start|p2a: Polteageist|move: Taunt\n|cant|p2a: Polteageist|move: Taunt|Shell Smash\n|\n|-weather|SunnyDay|[upkeep]\n|upkeep\n|turn|11\n|\n|t:|1698945681\n|switch|p1a: Gliscor|Gliscor, F|100\/100 tox\n|switch|p2a: Hatterene|Hatterene, F|100\/100\n|-damage|p2a: Hatterene|88\/100|[from] Stealth Rock\n|\n|-weather|SunnyDay|[upkeep]\n|upkeep\n|turn|12\n|\n|t:|1698945695\n|move|p1a: Gliscor|Knock Off|p2a: Hatterene\n|-damage|p2a: Hatterene|77\/100\n|-enditem|p2a: Hatterene|Light Clay|[from] move: Knock Off|[of] p1a: Gliscor\n|move|p2a: Hatterene|Healing Wish|p2a: Hatterene\n|faint|p2a: Hatterene\n|\n|-weather|SunnyDay|[upkeep]\n|upkeep\n|\n|t:|1698945702\n|switch|p2a: Polteageist|Polteageist-Antique, shiny|88\/100\n|-heal|p2a: Polteageist|100\/100|[from] move: Healing Wish\n|-damage|p2a: Polteageist|88\/100|[from] Stealth Rock\n|turn|13\n|\n|t:|1698945707\n|move|p2a: Polteageist|Shell Smash|p2a: Polteageist\n|-unboost|p2a: Polteageist|def|1\n|-unboost|p2a: Polteageist|spd|1\n|-boost|p2a: Polteageist|atk|2\n|-boost|p2a: Polteageist|spa|2\n|-boost|p2a: Polteageist|spe|2\n|move|p1a: Gliscor|Toxic|p2a: Polteageist\n|-status|p2a: Polteageist|tox\n|\n|-weather|none\n|-damage|p2a: Polteageist|82\/100 tox|[from] psn\n|upkeep\n|turn|14\n|\n|t:|1698945717\n|move|p2a: Polteageist|Stored Power|p1a: Gliscor\n|-damage|p1a: Gliscor|6\/100 tox\n|move|p1a: Gliscor|Knock Off|p2a: Polteageist\n|-supereffective|p2a: Polteageist\n|-damage|p2a: Polteageist|22\/100 tox\n|-ability|p2a: Polteageist|Weak Armor|boost\n|-unboost|p2a: Polteageist|def|1\n|-boost|p2a: Polteageist|spe|2\n|-enditem|p2a: Polteageist|Focus Sash|[from] move: Knock Off|[of] p1a: Gliscor\n|\n|-damage|p2a: Polteageist|9\/100 tox|[from] psn\n|-heal|p1a: Gliscor|18\/100 tox|[from] ability: Poison Heal\n|upkeep\n|turn|15\n|\n|t:|1698945729\n|move|p1a: Gliscor|Protect|p1a: Gliscor\n|-singleturn|p1a: Gliscor|Protect\n|move|p2a: Polteageist|Shadow Ball|p1a: Gliscor\n|-activate|p1a: Gliscor|move: Protect\n|\n|-damage|p2a: Polteageist|0 fnt|[from] psn\n|faint|p2a: Polteageist\n|-heal|p1a: Gliscor|31\/100 tox|[from] ability: Poison Heal\n|-sideend|p2: NeonLegacy|Reflect\n|upkeep\n|l|+OreoSpeedruns\n|\n|t:|1698945740\n|switch|p2a: Ogerpon|Ogerpon, F|100\/100\n|-damage|p2a: Ogerpon|88\/100|[from] Stealth Rock\n|turn|16\n|\n|t:|1698945747\n|-terastallize|p2a: Ogerpon|Grass\n|detailschange|p2a: Ogerpon|Ogerpon-Teal-Tera, F, tera:Grass\n|-ability|p2a: Ogerpon|Embody Aspect (Teal)|boost\n|-boost|p2a: Ogerpon|spe|1\n|move|p2a: Ogerpon|Ivy Cudgel|p1a: Gliscor\n|-damage|p1a: Gliscor|0 fnt\n|faint|p1a: Gliscor\n|\n|upkeep\n|\n|t:|1698945757\n|switch|p1a: Koraidon|Koraidon|100\/100\n|-weather|SunnyDay|[from] ability: Orichalcum Pulse|[of] p1a: Koraidon\n|-activate|p1a: Koraidon|Orichalcum Pulse|[source]\n|turn|17\n|\n|t:|1698945763\n|-terastallize|p1a: Koraidon|Fire\n|move|p2a: Ogerpon|Play Rough|p1a: Koraidon\n|-resisted|p1a: Koraidon\n|-damage|p1a: Koraidon|88\/100\n|move|p1a: Koraidon|Bulk Up|p1a: Koraidon\n|-boost|p1a: Koraidon|atk|1\n|-boost|p1a: Koraidon|def|1\n|\n|-weather|SunnyDay|[upkeep]\n|upkeep\n|turn|18\n|\n|t:|1698945773\n|move|p2a: Ogerpon|Swords Dance|p2a: Ogerpon\n|-boost|p2a: Ogerpon|atk|2\n|move|p1a: Koraidon|Bulk Up|p1a: Koraidon\n|-boost|p1a: Koraidon|atk|1\n|-boost|p1a: Koraidon|def|1\n|\n|-weather|SunnyDay|[upkeep]\n|upkeep\n|turn|19\n|\n|t:|1698945779\n|move|p2a: Ogerpon|Brick Break|p1a: Koraidon\n|-damage|p1a: Koraidon|64\/100\n|move|p1a: Koraidon|Flame Charge|p2a: Ogerpon\n|-supereffective|p2a: Ogerpon\n|-damage|p2a: Ogerpon|0 fnt\n|-boost|p1a: Koraidon|spe|1\n|faint|p2a: Ogerpon\n|\n|-weather|SunnyDay|[upkeep]\n|upkeep\n|j|+OreoSpeedruns\n|c|\u2606NeonLegacy|welp i lost\n|\n|t:|1698945788\n|switch|p2a: Torterra|Torterra, F|100\/100\n|-damage|p2a: Torterra|94\/100|[from] Stealth Rock\n|turn|20\n|\n|t:|1698945793\n|move|p1a: Koraidon|Flame Charge|p2a: Torterra\n|-supereffective|p2a: Torterra\n|-damage|p2a: Torterra|0 fnt\n|-boost|p1a: Koraidon|spe|1\n|faint|p2a: Torterra\n|\n|win|Nicometeor\n|n|\u2606Nicometeor|nicometeor\n|n|\u2606NeonLegacy|neonlegacy\n|n| OreoSpeedruns|oreospeedruns\n|c|\u2606NeonLegacy|gg\n|l|\u2606Nicometeor\n|l| OreoSpeedruns\n","uploadtime":1698945805,"views":9,"p1id":"nicometeor","p2id":"neonlegacy","formatid":"gen9ubers","rating":0,"private":0,"password":""}