{"id":"gen9ubers-1973212113","p1":"sword over shield","p2":"StaraptorTheBirb","format":"[Gen 9] Ubers","log":"|j|\u2606sword over shield\n|j|\u2606StaraptorTheBirb\n|t:|1697940024\n|gametype|singles\n|player|p1|sword over shield|1|\n|player|p2|StaraptorTheBirb|fantina|\n|teamsize|p1|6\n|teamsize|p2|6\n|gen|9\n|tier|[Gen 9] Ubers\n|rule|Sleep Clause Mod: Limit one foe put to sleep\n|rule|Species Clause: Limit one of each Pok\u00e9mon\n|rule|OHKO Clause: OHKO moves are banned\n|rule|Evasion Items Clause: Evasion items are banned\n|rule|Evasion Moves Clause: Evasion moves are banned\n|rule|Endless Battle Clause: Forcing endless battles is banned\n|rule|HP Percentage Mod: HP is shown in percentages\n|clearpoke\n|poke|p1|Magearna|\n|poke|p1|Shaymin-Sky|\n|poke|p1|Arceus-Dragon|\n|poke|p1|Volcarona, M|\n|poke|p1|Palkia-Origin|\n|poke|p1|Giratina|\n|poke|p2|Magearna|\n|poke|p2|Arceus-Poison|\n|poke|p2|Zacian-*|\n|poke|p2|Shaymin-Sky|\n|poke|p2|Palkia-Origin|\n|poke|p2|Cyclizar, M|\n|teampreview\n|\n|t:|1697940044\n|start\n|switch|p1a: Magearna|Magearna|100\/100\n|switch|p2a: Miraidon't|Cyclizar, M|100\/100\n|turn|1\n|\n|t:|1697940053\n|move|p2a: Miraidon't|U-turn|p1a: Magearna\n|-resisted|p1a: Magearna\n|-damage|p1a: Magearna|98\/100\n|\n|t:|1697940059\n|switch|p2a: you know the song|Magearna|100\/100|[from] U-turn\n|move|p1a: Magearna|Spikes|p2a: you know the song\n|-sidestart|p2: StaraptorTheBirb|Spikes\n|\n|-heal|p1a: Magearna|100\/100|[from] item: Leftovers\n|upkeep\n|turn|2\n|\n|t:|1697940066\n|move|p2a: you know the song|Spikes|p1a: Magearna\n|-sidestart|p1: sword over shield|Spikes\n|move|p1a: Magearna|Thunder Wave|p2a: you know the song\n|-status|p2a: you know the song|par\n|\n|upkeep\n|turn|3\n|\n|t:|1697940072\n|move|p1a: Magearna|Spikes|p2a: you know the song\n|-sidestart|p2: StaraptorTheBirb|Spikes\n|move|p2a: you know the song|Volt Switch|p1a: Magearna\n|-damage|p1a: Magearna|89\/100\n|\n|t:|1697940082\n|switch|p2a: the mad gambler|Palkia-Origin|100\/100|[from] Volt Switch\n|-damage|p2a: the mad gambler|84\/100|[from] Spikes\n|-ability|p2a: the mad gambler|Pressure\n|\n|-heal|p1a: Magearna|95\/100|[from] item: Leftovers\n|upkeep\n|turn|4\n|\n|t:|1697940089\n|move|p2a: the mad gambler|Fire Blast|p1a: Magearna\n|-supereffective|p1a: Magearna\n|-damage|p1a: Magearna|46\/100\n|move|p1a: Magearna|Fleur Cannon|p2a: the mad gambler\n|-supereffective|p2a: the mad gambler\n|-damage|p2a: the mad gambler|0 fnt\n|-unboost|p1a: Magearna|spa|2\n|faint|p2a: the mad gambler\n|-ability|p1a: Magearna|Soul-Heart|boost\n|-boost|p1a: Magearna|spa|1\n|\n|-heal|p1a: Magearna|52\/100|[from] item: Leftovers\n|upkeep\n|\n|t:|1697940097\n|switch|p2a: dawg|Zacian|100\/100\n|-ability|p2a: dawg|Intrepid Sword|boost\n|-boost|p2a: dawg|atk|1\n|turn|5\n|\n|t:|1697940105\n|-terastallize|p2a: dawg|Fire\n|move|p2a: dawg|Tera Blast|p1a: Magearna|[anim] Tera Blast Fire\n|-supereffective|p1a: Magearna\n|-damage|p1a: Magearna|0 fnt\n|faint|p1a: Magearna\n|\n|upkeep\n|\n|t:|1697940113\n|switch|p1a: Giratina|Giratina|100\/100\n|-damage|p1a: Giratina|88\/100|[from] Spikes\n|-ability|p1a: Giratina|Pressure\n|turn|6\n|\n|t:|1697940118\n|-terastallize|p1a: Giratina|Fairy\n|move|p2a: dawg|Play Rough|p1a: Giratina\n|-damage|p1a: Giratina|55\/100\n|-unboost|p1a: Giratina|atk|1\n|move|p1a: Giratina|Thunder Wave|p2a: dawg|[miss]\n|-miss|p1a: Giratina|p2a: dawg\n|\n|-heal|p1a: Giratina|61\/100|[from] item: Leftovers\n|upkeep\n|turn|7\n|c|\u2606sword over shield|...\n|\n|t:|1697940131\n|move|p2a: dawg|Play Rough|p1a: Giratina\n|-damage|p1a: Giratina|27\/100\n|move|p1a: Giratina|Thunder Wave|p2a: dawg\n|-status|p2a: dawg|par\n|\n|-heal|p1a: Giratina|33\/100|[from] item: Leftovers\n|upkeep\n|turn|8\n|\n|t:|1697940140\n|move|p1a: Giratina|Pain Split|p2a: dawg\n|-sethp|p2a: dawg|76\/100 par|[from] move: Pain Split|[silent]\n|-sethp|p1a: Giratina|49\/100|[from] move: Pain Split\n|cant|p2a: dawg|par\n|\n|-heal|p1a: Giratina|55\/100|[from] item: Leftovers\n|upkeep\n|turn|9\n|\n|t:|1697940148\n|move|p1a: Giratina|Hex|p2a: dawg\n|-damage|p2a: dawg|34\/100 par\n|move|p2a: dawg|Play Rough|p1a: Giratina\n|-damage|p1a: Giratina|22\/100\n|\n|-heal|p1a: Giratina|28\/100|[from] item: Leftovers\n|upkeep\n|turn|10\n|\n|t:|1697940157\n|move|p1a: Giratina|Hex|p2a: dawg\n|-damage|p2a: dawg|0 fnt\n|faint|p2a: dawg\n|\n|-heal|p1a: Giratina|35\/100|[from] item: Leftovers\n|upkeep\n|\n|t:|1697940169\n|switch|p2a: 'Ceus Vult|Arceus-Poison|100\/100\n|-damage|p2a: 'Ceus Vult|84\/100|[from] Spikes\n|turn|11\n|\n|t:|1697940173\n|move|p2a: 'Ceus Vult|Stealth Rock|p1a: Giratina\n|-sidestart|p1: sword over shield|move: Stealth Rock\n|move|p1a: Giratina|Pain Split|p2a: 'Ceus Vult\n|-sethp|p2a: 'Ceus Vult|62\/100|[from] move: Pain Split|[silent]\n|-sethp|p1a: Giratina|54\/100|[from] move: Pain Split\n|\n|-heal|p1a: Giratina|60\/100|[from] item: Leftovers\n|upkeep\n|turn|12\n|\n|t:|1697940181\n|move|p2a: 'Ceus Vult|Will-O-Wisp|p1a: Giratina\n|-status|p1a: Giratina|brn\n|move|p1a: Giratina|Defog|p2a: 'Ceus Vult\n|-unboost|p2a: 'Ceus Vult|evasion|1\n|-sideend|p2: StaraptorTheBirb|Spikes|[from] move: Defog|[of] p1a: Giratina\n|-sideend|p1: sword over shield|Spikes|[from] move: Defog|[of] p1a: Giratina\n|-sideend|p1: sword over shield|Stealth Rock|[from] move: Defog|[of] p1a: Giratina\n|\n|-heal|p1a: Giratina|67\/100 brn|[from] item: Leftovers\n|-damage|p1a: Giratina|60\/100 brn|[from] brn\n|upkeep\n|turn|13\n|\n|t:|1697940191\n|move|p2a: 'Ceus Vult|Recover|p2a: 'Ceus Vult\n|-heal|p2a: 'Ceus Vult|100\/100\n|move|p1a: Giratina|Thunder Wave|p2a: 'Ceus Vult\n|-status|p2a: 'Ceus Vult|par\n|\n|-heal|p1a: Giratina|67\/100 brn|[from] item: Leftovers\n|-damage|p1a: Giratina|60\/100 brn|[from] brn\n|upkeep\n|turn|14\n|\n|t:|1697940201\n|switch|p2a: Miraidon't|Cyclizar, M|100\/100\n|move|p1a: Giratina|Hex|p2a: Miraidon't\n|-immune|p2a: Miraidon't\n|\n|-heal|p1a: Giratina|67\/100 brn|[from] item: Leftovers\n|-damage|p1a: Giratina|60\/100 brn|[from] brn\n|upkeep\n|turn|15\n|\n|t:|1697940209\n|move|p2a: Miraidon't|Shed Tail|p2a: Miraidon't\n|-start|p2a: Miraidon't|Substitute|[from] move: Shed Tail\n|-damage|p2a: Miraidon't|50\/100\n|\n|t:|1697940213\n|switch|p2a: shemen|Shaymin-Sky|100\/100|[from] Shed Tail\n|move|p1a: Giratina|Thunder Wave||[still]\n|-fail|p1a: Giratina\n|\n|-heal|p1a: Giratina|67\/100 brn|[from] item: Leftovers\n|-damage|p1a: Giratina|60\/100 brn|[from] brn\n|upkeep\n|turn|16\n|\n|t:|1697940220\n|move|p2a: shemen|Seed Flare|p1a: Giratina\n|-damage|p1a: Giratina|23\/100 brn\n|-unboost|p1a: Giratina|spd|2\n|move|p1a: Giratina|Hex|p2a: shemen\n|-end|p2a: shemen|Substitute\n|\n|-heal|p1a: Giratina|29\/100 brn|[from] item: Leftovers\n|-damage|p1a: Giratina|23\/100 brn|[from] brn\n|upkeep\n|turn|17\n|\n|t:|1697940229\n|move|p2a: shemen|Air Slash|p1a: Giratina\n|-damage|p1a: Giratina|0 fnt\n|faint|p1a: Giratina\n|\n|upkeep\n|\n|t:|1697940240\n|switch|p1a: Arceus|Arceus-Dragon|100\/100\n|turn|18\n|\n|t:|1697940244\n|move|p2a: shemen|Air Slash|p1a: Arceus\n|-damage|p1a: Arceus|75\/100\n|cant|p1a: Arceus|flinch\n|\n|upkeep\n|turn|19\n|\n|t:|1697940252\n|move|p2a: shemen|Seed Flare|p1a: Arceus\n|-resisted|p1a: Arceus\n|-damage|p1a: Arceus|56\/100\n|-unboost|p1a: Arceus|spd|2\n|move|p1a: Arceus|Flamethrower|p2a: shemen\n|-supereffective|p2a: shemen\n|-damage|p2a: shemen|44\/100\n|\n|upkeep\n|turn|20\n|\n|t:|1697940266\n|switch|p1a: Palkia|Palkia-Origin|100\/100\n|-ability|p1a: Palkia|Pressure\n|move|p2a: shemen|Air Slash|p1a: Palkia\n|-damage|p1a: Palkia|67\/100\n|\n|upkeep\n|turn|21\n|\n|t:|1697940274\n|switch|p2a: you know the song|Magearna|100\/100 par\n|move|p1a: Palkia|Spacial Rend|p2a: you know the song\n|-immune|p2a: you know the song\n|\n|upkeep\n|turn|22\n|\n|t:|1697940287\n|move|p1a: Palkia|Hydro Pump|p2a: you know the song\n|-damage|p2a: you know the song|54\/100 par\n|move|p2a: you know the song|Volt Switch|p1a: Palkia\n|-damage|p1a: Palkia|49\/100\n|\n|t:|1697940295\n|switch|p2a: shemen|Shaymin-Sky|44\/100|[from] Volt Switch\n|\n|upkeep\n|turn|23\n|\n|t:|1697940301\n|move|p2a: shemen|Seed Flare|p1a: Palkia|[miss]\n|-miss|p2a: shemen|p1a: Palkia\n|move|p1a: Palkia|Spacial Rend|p2a: shemen\n|-damage|p2a: shemen|0 fnt\n|faint|p2a: shemen\n|\n|upkeep\n|\n|t:|1697940306\n|switch|p2a: you know the song|Magearna|54\/100 par\n|turn|24\n|\n|t:|1697940309\n|move|p1a: Palkia|Earth Power|p2a: you know the song\n|-supereffective|p2a: you know the song\n|-damage|p2a: you know the song|8\/100 par\n|cant|p2a: you know the song|par\n|\n|-heal|p2a: you know the song|15\/100 par|[from] item: Leftovers\n|upkeep\n|turn|25\n|\n|t:|1697940316\n|switch|p2a: Miraidon't|Cyclizar, M|84\/100\n|move|p1a: Palkia|Earth Power|p2a: Miraidon't\n|-damage|p2a: Miraidon't|31\/100\n|-unboost|p2a: Miraidon't|spd|1\n|\n|upkeep\n|turn|26\n|\n|t:|1697940324\n|move|p2a: Miraidon't|U-turn|p1a: Palkia\n|-damage|p1a: Palkia|32\/100\n|\n|t:|1697940326\n|switch|p2a: 'Ceus Vult|Arceus-Poison|100\/100 par|[from] U-turn\n|move|p1a: Palkia|Earth Power|p2a: 'Ceus Vult\n|-supereffective|p2a: 'Ceus Vult\n|-damage|p2a: 'Ceus Vult|53\/100 par\n|\n|upkeep\n|turn|27\n|\n|t:|1697940333\n|move|p1a: Palkia|Earth Power|p2a: 'Ceus Vult\n|-supereffective|p2a: 'Ceus Vult\n|-damage|p2a: 'Ceus Vult|6\/100 par\n|move|p2a: 'Ceus Vult|Recover|p2a: 'Ceus Vult\n|-heal|p2a: 'Ceus Vult|56\/100 par\n|\n|upkeep\n|turn|28\n|\n|t:|1697940338\n|move|p1a: Palkia|Earth Power|p2a: 'Ceus Vult\n|-supereffective|p2a: 'Ceus Vult\n|-damage|p2a: 'Ceus Vult|9\/100 par\n|move|p2a: 'Ceus Vult|Judgment|p1a: Palkia\n|-damage|p1a: Palkia|0 fnt\n|faint|p1a: Palkia\n|\n|upkeep\n|\n|t:|1697940349\n|switch|p1a: Shaymin|Shaymin-Sky|100\/100\n|turn|29\n|\n|t:|1697940353\n|move|p1a: Shaymin|Earth Power|p2a: 'Ceus Vult\n|-supereffective|p2a: 'Ceus Vult\n|-damage|p2a: 'Ceus Vult|0 fnt\n|faint|p2a: 'Ceus Vult\n|-damage|p1a: Shaymin|91\/100|[from] item: Life Orb\n|\n|upkeep\n|\n|t:|1697940356\n|switch|p2a: Miraidon't|Cyclizar, M|64\/100\n|turn|30\n|\n|t:|1697940361\n|move|p1a: Shaymin|Air Slash|p2a: Miraidon't\n|-damage|p2a: Miraidon't|3\/100\n|-damage|p1a: Shaymin|81\/100|[from] item: Life Orb\n|move|p2a: Miraidon't|Knock Off|p1a: Shaymin\n|-damage|p1a: Shaymin|52\/100\n|-enditem|p1a: Shaymin|Life Orb|[from] move: Knock Off|[of] p2a: Miraidon't\n|\n|upkeep\n|turn|31\n|\n|t:|1697940371\n|move|p1a: Shaymin|Earth Power|p2a: Miraidon't\n|-damage|p2a: Miraidon't|0 fnt\n|faint|p2a: Miraidon't\n|\n|upkeep\n|\n|t:|1697940374\n|switch|p2a: you know the song|Magearna|15\/100 par\n|turn|32\n|\n|t:|1697940377\n|move|p1a: Shaymin|Earth Power|p2a: you know the song\n|-supereffective|p2a: you know the song\n|-damage|p2a: you know the song|0 fnt\n|faint|p2a: you know the song\n|\n|win|sword over shield\n|c|\u2606StaraptorTheBirb|gg\n|c|\u2606sword over shield|gg\n","uploadtime":1697940387,"views":18,"p1id":"swordovershield","p2id":"staraptorthebirb","formatid":"gen9ubers","rating":0,"private":0,"password":""}