{"id":"gen9ubers-1973156758","p1":"PoopMan3210","p2":"Siffs","format":"[Gen 9] Ubers","log":"|j|\u2606PoopMan3210\n|j|\u2606Siffs\n|t:|1697933939\n|gametype|singles\n|player|p1|PoopMan3210|2|\n|player|p2|Siffs|unknownf|\n|teamsize|p1|6\n|teamsize|p2|6\n|gen|9\n|tier|[Gen 9] Ubers\n|rule|Sleep Clause Mod: Limit one foe put to sleep\n|rule|Species Clause: Limit one of each Pok\u00e9mon\n|rule|OHKO Clause: OHKO moves are banned\n|rule|Evasion Items Clause: Evasion items are banned\n|rule|Evasion Moves Clause: Evasion moves are banned\n|rule|Endless Battle Clause: Forcing endless battles is banned\n|rule|HP Percentage Mod: HP is shown in percentages\n|clearpoke\n|poke|p1|Iron Bundle|\n|poke|p1|Scyther, F|\n|poke|p1|Dragonite, M|\n|poke|p1|Magnezone|\n|poke|p1|Clodsire, F|\n|poke|p1|Ceruledge, M|\n|poke|p2|Sneasler, M|\n|poke|p2|Rillaboom, F|\n|poke|p2|Typhlosion-Hisui, F|\n|poke|p2|Slowking, M|\n|poke|p2|Iron Thorns|\n|poke|p2|Sandslash-Alola, F|\n|teampreview\n|\n|t:|1697933954\n|start\n|switch|p1a: Magnezone|Magnezone|100\/100\n|switch|p2a: Typhlosion|Typhlosion-Hisui, F|100\/100\n|-item|p1a: Magnezone|Focus Sash|[from] ability: Frisk|[of] p2a: Typhlosion|[identify]\n|turn|1\n|\n|t:|1697933974\n|switch|p1a: Clodsire|Clodsire, F|100\/100\n|move|p2a: Typhlosion|Shadow Ball|p1a: Clodsire\n|-damage|p1a: Clodsire|78\/100\n|\n|-heal|p1a: Clodsire|85\/100|[from] item: Leftovers\n|upkeep\n|turn|2\n|\n|t:|1697933995\n|switch|p2a: Slowking|Slowking, M|100\/100\n|move|p1a: Clodsire|Stealth Rock|p2a: Slowking\n|-sidestart|p2: Siffs|move: Stealth Rock\n|\n|-heal|p1a: Clodsire|91\/100|[from] item: Leftovers\n|upkeep\n|turn|3\n|\n|t:|1697934004\n|switch|p1a: Magnezone|Magnezone|100\/100\n|move|p2a: Slowking|Psychic|p1a: Magnezone\n|-resisted|p1a: Magnezone\n|-crit|p1a: Magnezone\n|-damage|p1a: Magnezone|75\/100\n|\n|upkeep\n|turn|4\n|\n|t:|1697934016\n|move|p1a: Magnezone|Volt Switch|p2a: Slowking\n|-supereffective|p2a: Slowking\n|-damage|p2a: Slowking|59\/100\n|\n|t:|1697934023\n|switch|p1a: Dragonite|Dragonite, M|100\/100|[from] Volt Switch\n|move|p2a: Slowking|Chilly Reception|p2a: Slowking\n|-weather|Snow\n|\n|t:|1697934030\n|switch|p2a: Sandslash|Sandslash-Alola, F|100\/100|[from] Chilly Reception\n|-damage|p2a: Sandslash|88\/100|[from] Stealth Rock\n|\n|-weather|Snow|[upkeep]\n|upkeep\n|turn|5\n|\n|t:|1697934055\n|-terastallize|p2a: Sandslash|Flying\n|move|p2a: Sandslash|Swords Dance|p2a: Sandslash\n|-boost|p2a: Sandslash|atk|2\n|move|p1a: Dragonite|Earthquake|p2a: Sandslash\n|-immune|p2a: Sandslash\n|\n|-weather|Snow|[upkeep]\n|upkeep\n|turn|6\n|c|\u2606PoopMan3210|ggs\n|c|\u2606Siffs|LOOOOOOOL\n|\n|t:|1697934079\n|switch|p1a: Clodsire|Clodsire, F|91\/100\n|move|p2a: Sandslash|Icicle Crash|p1a: Clodsire\n|-supereffective|p1a: Clodsire\n|-damage|p1a: Clodsire|13\/100\n|\n|-weather|Snow|[upkeep]\n|-heal|p1a: Clodsire|19\/100|[from] item: Leftovers\n|upkeep\n|turn|7\n|c|\u2606PoopMan3210|that fucker better not have icy rock\n|c|\u2606PoopMan3210|the slowking\n|\n|t:|1697934095\n|move|p2a: Sandslash|Earthquake|p1a: Clodsire\n|-supereffective|p1a: Clodsire\n|-crit|p1a: Clodsire\n|-damage|p1a: Clodsire|0 fnt\n|faint|p1a: Clodsire\n|\n|-weather|Snow|[upkeep]\n|upkeep\n|c|\u2606Siffs|:)\n|\n|t:|1697934107\n|switch|p1a: Iron Bundle|Iron Bundle|100\/100\n|turn|8\n|\n|t:|1697934127\n|switch|p2a: Slowking|Slowking, M|93\/100\n|-damage|p2a: Slowking|80\/100|[from] Stealth Rock\n|move|p1a: Iron Bundle|Hydro Pump|p2a: Slowking\n|-resisted|p2a: Slowking\n|-damage|p2a: Slowking|57\/100\n|\n|-weather|none\n|-heal|p2a: Slowking|63\/100|[from] item: Leftovers\n|upkeep\n|turn|9\n|\n|t:|1697934143\n|move|p1a: Iron Bundle|Hydro Pump|p2a: Slowking\n|-resisted|p2a: Slowking\n|-damage|p2a: Slowking|40\/100\n|move|p2a: Slowking|Chilly Reception|p2a: Slowking\n|-weather|Snow\n|\n|t:|1697934163\n|switch|p2a: Rillaboom|Rillaboom, F|100\/100|[from] Chilly Reception\n|-damage|p2a: Rillaboom|88\/100|[from] Stealth Rock\n|-fieldstart|move: Grassy Terrain|[from] ability: Grassy Surge|[of] p2a: Rillaboom\n|\n|-weather|Snow|[upkeep]\n|-heal|p2a: Rillaboom|94\/100|[from] Grassy Terrain\n|upkeep\n|turn|10\n|\n|t:|1697934170\n|-end|p1a: Iron Bundle|Quark Drive|[silent]\n|switch|p1a: Dragonite|Dragonite, M|100\/100\n|move|p2a: Rillaboom|Grassy Glide|p1a: Dragonite\n|-resisted|p1a: Dragonite\n|-damage|p1a: Dragonite|93\/100\n|\n|-weather|Snow|[upkeep]\n|-heal|p2a: Rillaboom|100\/100|[from] Grassy Terrain\n|upkeep\n|turn|11\n|\n|t:|1697934176\n|switch|p2a: Sandslash|Sandslash-Alola, F, tera:Flying|88\/100\n|-damage|p2a: Sandslash|63\/100|[from] Stealth Rock\n|move|p1a: Dragonite|Dragon Dance|p1a: Dragonite\n|-boost|p1a: Dragonite|atk|1\n|-boost|p1a: Dragonite|spe|1\n|\n|-weather|Snow|[upkeep]\n|upkeep\n|turn|12\n|\n|t:|1697934199\n|move|p2a: Sandslash|Icicle Crash|p1a: Dragonite\n|-supereffective|p1a: Dragonite\n|-damage|p1a: Dragonite|0 fnt\n|faint|p1a: Dragonite\n|\n|-weather|Snow|[upkeep]\n|upkeep\n|c|\u2606PoopMan3210|pussy\n|c|\u2606Siffs|my bad\n|\n|t:|1697934211\n|switch|p1a: Iron Bundle|Iron Bundle|100\/100\n|turn|13\n|\n|t:|1697934226\n|switch|p2a: Slowking|Slowking, M|73\/100\n|-damage|p2a: Slowking|60\/100|[from] Stealth Rock\n|move|p1a: Iron Bundle|Flip Turn|p2a: Slowking\n|-resisted|p2a: Slowking\n|-damage|p2a: Slowking|52\/100\n|\n|t:|1697934229\n|-end|p1a: Iron Bundle|Quark Drive|[silent]\n|switch|p1a: Ceruledge|Ceruledge, M|100\/100|[from] Flip Turn\n|\n|-weather|none\n|-heal|p2a: Slowking|58\/100|[from] Grassy Terrain\n|-heal|p2a: Slowking|64\/100|[from] item: Leftovers\n|-fieldend|move: Grassy Terrain\n|upkeep\n|turn|14\n|\n|t:|1697934290\n|move|p1a: Ceruledge|Poltergeist|p2a: Slowking|[miss]\n|-miss|p1a: Ceruledge|p2a: Slowking\n|move|p2a: Slowking|Chilly Reception|p2a: Slowking\n|-weather|Snow\n|c|\u2606Siffs|LMFAO\n|c|\u2606PoopMan3210|nah\n|c|\u2606PoopMan3210|what the fuck\n|c|\u2606Siffs|HAHAHA\n|c|\u2606PoopMan3210|that would have killed\n|c|\u2606Siffs|ya i wanted it to but this works\n|c|\u2606PoopMan3210|THIS WORRKS\n|c|\u2606PoopMan3210|LOVEYURSELF\n|\n|t:|1697934326\n|switch|p2a: Sandslash|Sandslash-Alola, F, tera:Flying|63\/100|[from] Chilly Reception\n|-damage|p2a: Sandslash|39\/100|[from] Stealth Rock\n|\n|-weather|Snow|[upkeep]\n|upkeep\n|turn|15\n|\n|t:|1697934337\n|switch|p1a: Scyther|Scyther, F|100\/100\n|move|p2a: Sandslash|Earthquake|p1a: Scyther\n|-immune|p1a: Scyther\n|\n|-weather|Snow|[upkeep]\n|upkeep\n|turn|16\n|\n|t:|1697934345\n|-terastallize|p1a: Scyther|Bug\n|move|p2a: Sandslash|Icicle Crash|p1a: Scyther\n|-damage|p1a: Scyther|64\/100\n|move|p1a: Scyther|Aerial Ace|p2a: Sandslash\n|-damage|p2a: Sandslash|4\/100\n|\n|-weather|Snow|[upkeep]\n|upkeep\n|turn|17\n|\n|t:|1697934359\n|move|p2a: Sandslash|Icicle Crash|p1a: Scyther|[miss]\n|-miss|p2a: Sandslash|p1a: Scyther\n|move|p1a: Scyther|U-turn|p2a: Sandslash\n|-resisted|p2a: Sandslash\n|-damage|p2a: Sandslash|0 fnt\n|faint|p2a: Sandslash\n|\n|t:|1697934370\n|switch|p1a: Ceruledge|Ceruledge, M|100\/100|[from] U-turn\n|\n|-weather|Snow|[upkeep]\n|upkeep\n|\n|t:|1697934378\n|switch|p2a: Iron Thorns|Iron Thorns|100\/100\n|-damage|p2a: Iron Thorns|88\/100|[from] Stealth Rock\n|-enditem|p2a: Iron Thorns|Booster Energy\n|-activate|p2a: Iron Thorns|ability: Quark Drive|[fromitem]\n|-start|p2a: Iron Thorns|quarkdriveatk\n|turn|18\n|c|\u2606Siffs|whos dying\n|\n|t:|1697934398\n|move|p1a: Ceruledge|Close Combat|p2a: Iron Thorns\n|-supereffective|p2a: Iron Thorns\n|-damage|p2a: Iron Thorns|13\/100\n|-unboost|p1a: Ceruledge|def|1\n|-unboost|p1a: Ceruledge|spd|1\n|move|p2a: Iron Thorns|Earthquake|p1a: Ceruledge\n|-supereffective|p1a: Ceruledge\n|-crit|p1a: Ceruledge\n|-damage|p1a: Ceruledge|0 fnt\n|faint|p1a: Ceruledge\n|\n|-weather|none\n|upkeep\n|\n|t:|1697934407\n|switch|p1a: Scyther|Scyther, F, tera:Bug|64\/100\n|turn|19\n|\n|t:|1697934430\n|-end|p2a: Iron Thorns|Quark Drive|[silent]\n|switch|p2a: Typhlosion|Typhlosion-Hisui, F|100\/100\n|-damage|p2a: Typhlosion|75\/100|[from] Stealth Rock\n|-item|p1a: Scyther|Eviolite|[from] ability: Frisk|[of] p2a: Typhlosion|[identify]\n|move|p1a: Scyther|U-turn|p2a: Typhlosion\n|-resisted|p2a: Typhlosion\n|-damage|p2a: Typhlosion|60\/100\n|\n|t:|1697934433\n|switch|p1a: Iron Bundle|Iron Bundle|100\/100|[from] U-turn\n|\n|upkeep\n|turn|20\n|\n|t:|1697934535\n|move|p2a: Typhlosion|Flamethrower|p1a: Iron Bundle\n|-damage|p1a: Iron Bundle|3\/100\n|move|p1a: Iron Bundle|Freeze-Dry|p2a: Typhlosion\n|-resisted|p2a: Typhlosion\n|-damage|p2a: Typhlosion|26\/100\n|\n|upkeep\n|turn|21\n|c|\u2606PoopMan3210|FASTER\n|c|\u2606PoopMan3210|NAH\n|c|\u2606PoopMan3210|ggs\n|c|\u2606Siffs|LOLOLO\n|c|\u2606Siffs|u the one running that specs set\n|c|\u2606Siffs|dog shit set\n|\n|t:|1697934556\n|move|p2a: Typhlosion|Flamethrower|p1a: Iron Bundle\n|-damage|p1a: Iron Bundle|0 fnt\n|faint|p1a: Iron Bundle\n|-end|p1a: Iron Bundle|Quark Drive|[silent]\n|\n|upkeep\n|\n|t:|1697934558\n|switch|p1a: Magnezone|Magnezone|75\/100\n|turn|22\n|\n|t:|1697934561\n|move|p2a: Typhlosion|Flamethrower|p1a: Magnezone\n|-supereffective|p1a: Magnezone\n|-damage|p1a: Magnezone|0 fnt\n|faint|p1a: Magnezone\n|\n|upkeep\n|\n|t:|1697934563\n|switch|p1a: Scyther|Scyther, F, tera:Bug|64\/100\n|turn|23\n|c|\u2606Siffs|gg\n|c|\u2606PoopMan3210|gg\n|\n|t:|1697934567\n|move|p2a: Typhlosion|Flamethrower|p1a: Scyther\n|-supereffective|p1a: Scyther\n|-damage|p1a: Scyther|0 fnt\n|faint|p1a: Scyther\n|\n|win|Siffs\n","uploadtime":1697934579,"views":51,"p1id":"poopman3210","p2id":"siffs","formatid":"gen9ubers","rating":0,"private":0,"password":""}