{"id":"gen9ubers-1994478308","p1":"The Uber Bad Boy","p2":"EG Jhonx","format":"[Gen 9] Ubers","log":"|j|\u2606The Uber Bad Boy\n|j|\u2606EG Jhonx\n|t:|1700448583\n|gametype|singles\n|player|p1|The Uber Bad Boy|shadowtriad|\n|player|p2|EG Jhonx|169|\n|teamsize|p1|6\n|teamsize|p2|6\n|gen|9\n|tier|[Gen 9] Ubers\n|rated|Tournament battle\n|rule|Sleep Clause Mod: Limit one foe put to sleep\n|rule|Species Clause: Limit one of each Pok\u00e9mon\n|rule|OHKO Clause: OHKO moves are banned\n|rule|Evasion Items Clause: Evasion items are banned\n|rule|Evasion Moves Clause: Evasion moves are banned\n|rule|Endless Battle Clause: Forcing endless battles is banned\n|rule|HP Percentage Mod: HP is shown in percentages\n|clearpoke\n|poke|p1|Ting-Lu|\n|poke|p1|Miraidon|\n|poke|p1|Giratina-Origin|\n|poke|p1|Skeledirge, M|\n|poke|p1|Arceus|\n|poke|p1|Kyogre|\n|poke|p2|Hatterene, F|\n|poke|p2|Corviknight, F|\n|poke|p2|Toxapex, F|\n|poke|p2|Ting-Lu|\n|poke|p2|Koraidon|\n|poke|p2|Chi-Yu|\n|teampreview\n|inactive|Battle timer is ON: inactive players will automatically lose when time's up. (requested by The Uber Bad Boy)\n|c|\u2606The Uber Bad Boy|EG Jhonx took u long enough\n|\n|t:|1700448598\n|start\n|switch|p1a: Stormbreaker|Miraidon|100\/100\n|switch|p2a: Koraidon|Koraidon|100\/100\n|-weather|SunnyDay|[from] ability: Orichalcum Pulse|[of] p2a: Koraidon\n|-activate|p2a: Koraidon|Orichalcum Pulse|[source]\n|-fieldstart|move: Electric Terrain|[from] ability: Hadron Engine|[of] p1a: Stormbreaker\n|turn|1\n|inactive|EG Jhonx has 120 seconds left.\n|\n|t:|1700448642\n|switch|p2a: Ting-Lu|Ting-Lu|100\/100\n|-ability|p2a: Ting-Lu|Vessel of Ruin\n|move|p1a: Stormbreaker|Draco Meteor|p2a: Ting-Lu|[miss]\n|-miss|p1a: Stormbreaker|p2a: Ting-Lu\n|\n|-weather|SunnyDay|[upkeep]\n|upkeep\n|turn|2\n|c|\u2606EG Jhonx|forgot\n|c|\u2606EG Jhonx|sry man\n|j| 1Hearth ami\n|\n|t:|1700448661\n|move|p1a: Stormbreaker|Overheat|p2a: Ting-Lu\n|-damage|p2a: Ting-Lu|64\/100\n|-unboost|p1a: Stormbreaker|spa|2\n|move|p2a: Ting-Lu|Stealth Rock|p1a: Stormbreaker\n|-sidestart|p1: The Uber Bad Boy|move: Stealth Rock\n|\n|-weather|SunnyDay|[upkeep]\n|-heal|p2a: Ting-Lu|70\/100|[from] item: Leftovers\n|upkeep\n|turn|3\n|inactive|EG Jhonx has 120 seconds left.\n|l| 1Hearth ami\n|j| 1Hearth ami2\n|\n|t:|1700448692\n|switch|p2a: Chi-Yu|Chi-Yu|100\/100\n|-ability|p2a: Chi-Yu|Beads of Ruin\n|move|p1a: Stormbreaker|U-turn|p2a: Chi-Yu\n|-damage|p2a: Chi-Yu|78\/100\n|\n|t:|1700448702\n|switch|p1a: Subterra|Ting-Lu|100\/100|[from] U-turn\n|-damage|p1a: Subterra|94\/100|[from] Stealth Rock\n|-ability|p1a: Subterra|Vessel of Ruin\n|\n|-weather|SunnyDay|[upkeep]\n|-heal|p1a: Subterra|100\/100|[from] item: Leftovers\n|upkeep\n|turn|4\n|\n|t:|1700448706\n|-terastallize|p2a: Chi-Yu|Fire\n|move|p2a: Chi-Yu|Overheat|p1a: Subterra\n|-damage|p1a: Subterra|0 fnt\n|-unboost|p2a: Chi-Yu|spa|2\n|faint|p1a: Subterra\n|\n|-weather|SunnyDay|[upkeep]\n|upkeep\n|\n|t:|1700448710\n|switch|p1a: Lake Superior|Kyogre|100\/100\n|-damage|p1a: Lake Superior|88\/100|[from] Stealth Rock\n|-weather|RainDance|[from] ability: Drizzle|[of] p1a: Lake Superior\n|turn|5\n|c|\u2606EG Jhonx|lol\n|inactive|EG Jhonx has 120 seconds left.\n|\n|t:|1700448724\n|switch|p2a: Toxapex|Toxapex, F|100\/100\n|move|p1a: Lake Superior|Thunder Wave|p2a: Toxapex\n|-status|p2a: Toxapex|par\n|\n|-weather|RainDance|[upkeep]\n|-fieldend|move: Electric Terrain\n|upkeep\n|turn|6\n|\n|t:|1700448730\n|switch|p1a: Lucifer|Giratina-Origin|100\/100\n|-damage|p1a: Lucifer|88\/100|[from] Stealth Rock\n|switch|p2a: Koraidon|Koraidon|100\/100\n|-weather|SunnyDay|[from] ability: Orichalcum Pulse|[of] p2a: Koraidon\n|-activate|p2a: Koraidon|Orichalcum Pulse|[source]\n|\n|-weather|SunnyDay|[upkeep]\n|upkeep\n|turn|7\n|j| Terra Ultima\n|j| ZowwyCafe\u2764\n|\n|t:|1700448739\n|-terastallize|p1a: Lucifer|Steel\n|move|p2a: Koraidon|U-turn|p1a: Lucifer\n|-resisted|p1a: Lucifer\n|-damage|p1a: Lucifer|77\/100\n|\n|t:|1700448743\n|switch|p2a: Hatterene|Hatterene, F|100\/100|[from] U-turn\n|move|p1a: Lucifer|Thunder Wave|p2a: Hatterene\n|move|p2a: Hatterene|Thunder Wave|p1a: Lucifer|[from]ability: Magic Bounce\n|-status|p1a: Lucifer|par\n|\n|-weather|SunnyDay|[upkeep]\n|upkeep\n|turn|8\n|\n|t:|1700448748\n|move|p1a: Lucifer|Defog|p2a: Hatterene\n|move|p2a: Hatterene|Defog|p1a: Lucifer|[from]ability: Magic Bounce\n|-unboost|p1a: Lucifer|evasion|1\n|-sideend|p1: The Uber Bad Boy|Stealth Rock|[from] move: Defog|[of] p2a: Hatterene\n|move|p2a: Hatterene|Calm Mind|p2a: Hatterene\n|-boost|p2a: Hatterene|spa|1\n|-boost|p2a: Hatterene|spd|1\n|\n|-weather|SunnyDay|[upkeep]\n|upkeep\n|turn|9\n|\n|t:|1700448754\n|switch|p1a: Burnout|Skeledirge, M|100\/100\n|move|p2a: Hatterene|Mystical Fire|p1a: Burnout\n|-resisted|p1a: Burnout\n|-damage|p1a: Burnout|83\/100\n|-unboost|p1a: Burnout|spa|1\n|\n|-weather|SunnyDay|[upkeep]\n|upkeep\n|turn|10\n|\n|t:|1700448762\n|move|p1a: Burnout|Torch Song|p2a: Hatterene\n|-damage|p2a: Hatterene|70\/100\n|-boost|p1a: Burnout|spa|1\n|move|p2a: Hatterene|Psyshock|p1a: Burnout\n|-damage|p1a: Burnout|61\/100\n|\n|-weather|none\n|-heal|p2a: Hatterene|76\/100|[from] item: Leftovers\n|upkeep\n|turn|11\n|l| ZowwyCafe\u2764\n|inactive|EG Jhonx has 120 seconds left.\n|\n|t:|1700448809\n|switch|p2a: Toxapex|Toxapex, F|100\/100 par\n|move|p1a: Burnout|Torch Song|p2a: Toxapex\n|-resisted|p2a: Toxapex\n|-damage|p2a: Toxapex|88\/100 par\n|-boost|p1a: Burnout|spa|1\n|-enditem|p2a: Toxapex|Eject Button\n|\n|t:|1700448811\n|switch|p2a: Koraidon|Koraidon|100\/100\n|-weather|SunnyDay|[from] ability: Orichalcum Pulse|[of] p2a: Koraidon\n|-activate|p2a: Koraidon|Orichalcum Pulse|[source]\n|\n|-weather|SunnyDay|[upkeep]\n|upkeep\n|turn|12\n|\n|t:|1700448817\n|move|p2a: Koraidon|U-turn|p1a: Burnout\n|-resisted|p1a: Burnout\n|-damage|p1a: Burnout|57\/100\n|inactive|EG Jhonx has 120 seconds left.\n|\n|t:|1700448847\n|switch|p2a: Chi-Yu|Chi-Yu, tera:Fire|78\/100|[from] U-turn\n|-ability|p2a: Chi-Yu|Beads of Ruin\n|move|p1a: Burnout|Will-O-Wisp|p2a: Chi-Yu\n|-immune|p2a: Chi-Yu\n|\n|-weather|SunnyDay|[upkeep]\n|upkeep\n|turn|13\n|\n|t:|1700448871\n|move|p2a: Chi-Yu|Dark Pulse|p1a: Burnout\n|-supereffective|p1a: Burnout\n|-damage|p1a: Burnout|0 fnt\n|faint|p1a: Burnout\n|\n|-weather|SunnyDay|[upkeep]\n|upkeep\n|\n|t:|1700448878\n|switch|p1a: Lake Superior|Kyogre|88\/100\n|-weather|RainDance|[from] ability: Drizzle|[of] p1a: Lake Superior\n|turn|14\n|inactive|EG Jhonx has 90 seconds left.\n|\n|t:|1700448904\n|move|p2a: Chi-Yu|Dark Pulse|p1a: Lake Superior\n|-damage|p1a: Lake Superior|49\/100\n|move|p1a: Lake Superior|Icy Wind|p2a: Chi-Yu\n|-resisted|p2a: Chi-Yu\n|-damage|p2a: Chi-Yu|68\/100\n|-unboost|p2a: Chi-Yu|spe|1\n|\n|-weather|RainDance|[upkeep]\n|upkeep\n|turn|15\n|\n|t:|1700448929\n|switch|p2a: Hatterene|Hatterene, F|76\/100\n|move|p1a: Lake Superior|Hydro Pump|p2a: Hatterene|[miss]\n|-miss|p1a: Lake Superior|p2a: Hatterene\n|\n|-weather|RainDance|[upkeep]\n|-heal|p2a: Hatterene|82\/100|[from] item: Leftovers\n|upkeep\n|turn|16\n|\n|t:|1700448933\n|move|p1a: Lake Superior|Hydro Pump|p2a: Hatterene\n|-damage|p2a: Hatterene|0 fnt\n|faint|p2a: Hatterene\n|\n|-weather|RainDance|[upkeep]\n|upkeep\n|\n|t:|1700448937\n|switch|p2a: Koraidon|Koraidon|100\/100\n|-weather|SunnyDay|[from] ability: Orichalcum Pulse|[of] p2a: Koraidon\n|-activate|p2a: Koraidon|Orichalcum Pulse|[source]\n|turn|17\n|\n|t:|1700448941\n|move|p2a: Koraidon|U-turn|p1a: Lake Superior\n|-damage|p1a: Lake Superior|18\/100\n|inactive|EG Jhonx has 120 seconds left.\n|\n|t:|1700448952\n|switch|p2a: Chi-Yu|Chi-Yu, tera:Fire|68\/100|[from] U-turn\n|-ability|p2a: Chi-Yu|Beads of Ruin\n|move|p1a: Lake Superior|Thunder Wave|p2a: Chi-Yu\n|-status|p2a: Chi-Yu|par\n|\n|-weather|SunnyDay|[upkeep]\n|upkeep\n|turn|18\n|inactive|EG Jhonx has 120 seconds left.\n|\n|t:|1700448958\n|switch|p2a: Koraidon|Koraidon|100\/100\n|-activate|p2a: Koraidon|ability: Orichalcum Pulse\n|move|p1a: Lake Superior|Hydro Pump|p2a: Koraidon|[miss]\n|-miss|p1a: Lake Superior|p2a: Koraidon\n|\n|-weather|SunnyDay|[upkeep]\n|upkeep\n|turn|19\n|\n|t:|1700448961\n|move|p2a: Koraidon|U-turn|p1a: Lake Superior\n|-damage|p1a: Lake Superior|0 fnt\n|faint|p1a: Lake Superior\n|\n|t:|1700448966\n|switch|p2a: Chi-Yu|Chi-Yu, tera:Fire|68\/100 par|[from] U-turn\n|-ability|p2a: Chi-Yu|Beads of Ruin\n|\n|-weather|SunnyDay|[upkeep]\n|upkeep\n|\n|t:|1700448971\n|switch|p1a: Stormbreaker|Miraidon|100\/100\n|-fieldstart|move: Electric Terrain|[from] ability: Hadron Engine|[of] p1a: Stormbreaker\n|turn|20\n|\n|t:|1700448976\n|switch|p2a: Ting-Lu|Ting-Lu|70\/100\n|-ability|p2a: Ting-Lu|Vessel of Ruin\n|move|p1a: Stormbreaker|Electro Drift|p2a: Ting-Lu\n|-immune|p2a: Ting-Lu\n|\n|-weather|SunnyDay|[upkeep]\n|-heal|p2a: Ting-Lu|76\/100|[from] item: Leftovers\n|upkeep\n|turn|21\n|\n|t:|1700448980\n|move|p1a: Stormbreaker|U-turn|p2a: Ting-Lu\n|-supereffective|p2a: Ting-Lu\n|-damage|p2a: Ting-Lu|64\/100\n|\n|t:|1700448982\n|switch|p1a: Lucifer|Giratina-Origin, tera:Steel|77\/100 par|[from] U-turn\n|move|p2a: Ting-Lu|Stealth Rock|p1a: Lucifer\n|-sidestart|p1: The Uber Bad Boy|move: Stealth Rock\n|\n|-weather|none\n|-heal|p2a: Ting-Lu|70\/100|[from] item: Leftovers\n|upkeep\n|turn|22\n|\n|t:|1700448986\n|switch|p2a: Chi-Yu|Chi-Yu, tera:Fire|68\/100 par\n|-ability|p2a: Chi-Yu|Beads of Ruin\n|move|p1a: Lucifer|Defog|p2a: Chi-Yu\n|-unboost|p2a: Chi-Yu|evasion|1\n|-sideend|p1: The Uber Bad Boy|Stealth Rock|[from] move: Defog|[of] p1a: Lucifer\n|-fieldend|move: Electric Terrain\n|\n|upkeep\n|turn|23\n|\n|t:|1700448993\n|move|p2a: Chi-Yu|Overheat|p1a: Lucifer\n|-supereffective|p1a: Lucifer\n|-damage|p1a: Lucifer|0 fnt\n|-unboost|p2a: Chi-Yu|spa|2\n|faint|p1a: Lucifer\n|\n|upkeep\n|\n|t:|1700449017\n|switch|p1a: Genesis|Arceus|100\/100\n|turn|24\n|\n|t:|1700449024\n|switch|p2a: Ting-Lu|Ting-Lu|70\/100\n|-ability|p2a: Ting-Lu|Vessel of Ruin\n|move|p1a: Genesis|Dragon Dance|p1a: Genesis\n|-boost|p1a: Genesis|atk|1\n|-boost|p1a: Genesis|spe|1\n|\n|-heal|p2a: Ting-Lu|76\/100|[from] item: Leftovers\n|upkeep\n|turn|25\n|\n|t:|1700449031\n|switch|p2a: Chi-Yu|Chi-Yu, tera:Fire|68\/100 par\n|-ability|p2a: Chi-Yu|Beads of Ruin\n|move|p1a: Genesis|Dragon Dance|p1a: Genesis\n|-boost|p1a: Genesis|atk|1\n|-boost|p1a: Genesis|spe|1\n|\n|upkeep\n|turn|26\n|\n|t:|1700449038\n|move|p1a: Genesis|Extreme Speed|p2a: Chi-Yu\n|-damage|p2a: Chi-Yu|0 fnt\n|faint|p2a: Chi-Yu\n|\n|upkeep\n|\n|t:|1700449041\n|switch|p2a: Toxapex|Toxapex, F|100\/100 par\n|turn|27\n|\n|t:|1700449046\n|move|p1a: Genesis|Extreme Speed|p2a: Toxapex\n|-damage|p2a: Toxapex|50\/100 par\n|move|p2a: Toxapex|Haze|p2a: Toxapex\n|-clearallboost\n|\n|upkeep\n|turn|28\n|\n|t:|1700449053\n|switch|p1a: Stormbreaker|Miraidon|100\/100\n|-fieldstart|move: Electric Terrain|[from] ability: Hadron Engine|[of] p1a: Stormbreaker\n|cant|p2a: Toxapex|par\n|\n|upkeep\n|turn|29\n|\n|t:|1700449060\n|switch|p2a: Ting-Lu|Ting-Lu|76\/100\n|-ability|p2a: Ting-Lu|Vessel of Ruin\n|move|p1a: Stormbreaker|Electro Drift|p2a: Ting-Lu\n|-immune|p2a: Ting-Lu\n|\n|-heal|p2a: Ting-Lu|82\/100|[from] item: Leftovers\n|upkeep\n|turn|30\n|inactive|EG Jhonx has 120 seconds left.\n|\n|t:|1700449099\n|move|p1a: Stormbreaker|Draco Meteor|p2a: Ting-Lu\n|-damage|p2a: Ting-Lu|41\/100\n|-unboost|p1a: Stormbreaker|spa|2\n|move|p2a: Ting-Lu|Earthquake|p1a: Stormbreaker\n|-supereffective|p1a: Stormbreaker\n|-damage|p1a: Stormbreaker|29\/100\n|\n|-heal|p2a: Ting-Lu|47\/100|[from] item: Leftovers\n|upkeep\n|turn|31\n|inactive|EG Jhonx has 120 seconds left.\n|n| 1Hearth alted|1hearthami2\n|\n|t:|1700449111\n|move|p1a: Stormbreaker|Overheat|p2a: Ting-Lu\n|-damage|p2a: Ting-Lu|33\/100\n|-unboost|p1a: Stormbreaker|spa|2\n|move|p2a: Ting-Lu|Stealth Rock|p1a: Stormbreaker\n|-sidestart|p1: The Uber Bad Boy|move: Stealth Rock\n|\n|-heal|p2a: Ting-Lu|39\/100|[from] item: Leftovers\n|upkeep\n|turn|32\n|\n|t:|1700449120\n|switch|p2a: Corviknight|Corviknight, F|100\/100\n|move|p1a: Stormbreaker|Draco Meteor|p2a: Corviknight\n|-resisted|p2a: Corviknight\n|-damage|p2a: Corviknight|91\/100\n|-unboost|p1a: Stormbreaker|spa|2\n|\n|-heal|p2a: Corviknight|97\/100|[from] item: Leftovers\n|-fieldend|move: Electric Terrain\n|upkeep\n|turn|33\n|\n|t:|1700449128\n|switch|p1a: Genesis|Arceus|100\/100\n|-damage|p1a: Genesis|88\/100|[from] Stealth Rock\n|move|p2a: Corviknight|U-turn|p1a: Genesis\n|-damage|p1a: Genesis|78\/100\n|\n|t:|1700449131\n|switch|p2a: Koraidon|Koraidon|100\/100|[from] U-turn\n|-weather|SunnyDay|[from] ability: Orichalcum Pulse|[of] p2a: Koraidon\n|-activate|p2a: Koraidon|Orichalcum Pulse|[source]\n|\n|-weather|SunnyDay|[upkeep]\n|upkeep\n|turn|34\n|\n|t:|1700449135\n|switch|p1a: Stormbreaker|Miraidon|29\/100\n|-damage|p1a: Stormbreaker|16\/100|[from] Stealth Rock\n|-fieldstart|move: Electric Terrain|[from] ability: Hadron Engine|[of] p1a: Stormbreaker\n|move|p2a: Koraidon|Close Combat|p1a: Stormbreaker\n|-crit|p1a: Stormbreaker\n|-damage|p1a: Stormbreaker|0 fnt\n|-unboost|p2a: Koraidon|def|1\n|-unboost|p2a: Koraidon|spd|1\n|faint|p1a: Stormbreaker\n|\n|-weather|SunnyDay|[upkeep]\n|upkeep\n|\n|t:|1700449137\n|switch|p1a: Genesis|Arceus|78\/100\n|-damage|p1a: Genesis|66\/100|[from] Stealth Rock\n|turn|35\n|\n|t:|1700449145\n|move|p1a: Genesis|Extreme Speed|p2a: Koraidon\n|-damage|p2a: Koraidon|40\/100\n|move|p2a: Koraidon|Close Combat|p1a: Genesis\n|-supereffective|p1a: Genesis\n|-damage|p1a: Genesis|0 fnt\n|-unboost|p2a: Koraidon|def|1\n|-unboost|p2a: Koraidon|spd|1\n|faint|p1a: Genesis\n|\n|win|EG Jhonx\n|n|\u2606The Uber Bad Boy|theuberbadboy\n|n|\u2606EG Jhonx|egjhonx\n|n| Terra Ultima|terraultima\n|n| 1Hearth alted|1hearthalted\n","uploadtime":1700449146,"views":9,"p1id":"theuberbadboy","p2id":"egjhonx","formatid":"gen9ubers","rating":0,"private":0,"password":""}