{"id":"gen9ubers-1982954936","p1":"Drunk'nPizza","p2":"Willish6634","format":"[Gen 9] Ubers","log":"|j|\u2606Drunk'nPizza\n|j|\u2606Willish6634\n|t:|1699062804\n|gametype|singles\n|player|p1|Drunk'nPizza|rancher|\n|player|p2|Willish6634|leon-masters|\n|teamsize|p1|6\n|teamsize|p2|6\n|gen|9\n|tier|[Gen 9] Ubers\n|rule|Sleep Clause Mod: Limit one foe put to sleep\n|rule|Species Clause: Limit one of each Pok\u00e9mon\n|rule|OHKO Clause: OHKO moves are banned\n|rule|Evasion Items Clause: Evasion items are banned\n|rule|Evasion Moves Clause: Evasion moves are banned\n|rule|Endless Battle Clause: Forcing endless battles is banned\n|rule|HP Percentage Mod: HP is shown in percentages\n|clearpoke\n|poke|p1|Regidrago|\n|poke|p1|Espathra, M|\n|poke|p1|Chandelure, M|\n|poke|p1|Mandibuzz, F|\n|poke|p1|Cresselia, F|\n|poke|p1|Yanmega, M|\n|poke|p2|Dondozo, F|\n|poke|p2|Weavile, M|\n|poke|p2|Ogerpon-Wellspring, F|\n|poke|p2|Conkeldurr, F|\n|poke|p2|Dragonite, F|\n|poke|p2|Azelf|\n|teampreview\n|j| Destroy Smoochie\n|j| trillbo\n|c| trillbo|mmph\n|\n|t:|1699062857\n|start\n|switch|p1a: Mandibuzz|Mandibuzz, F|100\/100\n|switch|p2a: Dondozo|Dondozo, F|100\/100\n|turn|1\n|\n|t:|1699062866\n|move|p1a: Mandibuzz|Toxic|p2a: Dondozo|[miss]\n|-miss|p1a: Mandibuzz|p2a: Dondozo\n|move|p2a: Dondozo|Curse|p2a: Dondozo\n|-unboost|p2a: Dondozo|spe|1\n|-boost|p2a: Dondozo|atk|1\n|-boost|p2a: Dondozo|def|1\n|\n|upkeep\n|turn|2\n|\n|t:|1699062870\n|move|p1a: Mandibuzz|Toxic|p2a: Dondozo\n|-status|p2a: Dondozo|tox\n|move|p2a: Dondozo|Curse|p2a: Dondozo\n|-unboost|p2a: Dondozo|spe|1\n|-boost|p2a: Dondozo|atk|1\n|-boost|p2a: Dondozo|def|1\n|\n|-damage|p2a: Dondozo|94\/100 tox|[from] psn\n|upkeep\n|turn|3\n|j| Zeroclock1985\n|\n|t:|1699062944\n|move|p1a: Mandibuzz|Foul Play|p2a: Dondozo\n|-damage|p2a: Dondozo|85\/100 tox\n|move|p2a: Dondozo|Rock Slide|p1a: Mandibuzz\n|-supereffective|p1a: Mandibuzz\n|-damage|p1a: Mandibuzz|65\/100\n|\n|-heal|p1a: Mandibuzz|71\/100|[from] item: Leftovers\n|-heal|p2a: Dondozo|91\/100 tox|[from] item: Leftovers\n|-damage|p2a: Dondozo|79\/100 tox|[from] psn\n|upkeep\n|turn|4\n|\n|t:|1699062969\n|move|p1a: Mandibuzz|Roost|p1a: Mandibuzz\n|-heal|p1a: Mandibuzz|100\/100\n|-singleturn|p1a: Mandibuzz|move: Roost\n|move|p2a: Dondozo|Wave Crash|p1a: Mandibuzz\n|-damage|p1a: Mandibuzz|50\/100\n|-damage|p2a: Dondozo|65\/100 tox|[from] Recoil\n|\n|-heal|p1a: Mandibuzz|56\/100|[from] item: Leftovers\n|-heal|p2a: Dondozo|71\/100 tox|[from] item: Leftovers\n|-damage|p2a: Dondozo|53\/100 tox|[from] psn\n|upkeep\n|turn|5\n|\n|t:|1699062973\n|move|p1a: Mandibuzz|Roost|p1a: Mandibuzz\n|-heal|p1a: Mandibuzz|100\/100\n|-singleturn|p1a: Mandibuzz|move: Roost\n|move|p2a: Dondozo|Body Press|p1a: Mandibuzz\n|-supereffective|p1a: Mandibuzz\n|-damage|p1a: Mandibuzz|57\/100\n|\n|-heal|p1a: Mandibuzz|63\/100|[from] item: Leftovers\n|-heal|p2a: Dondozo|59\/100 tox|[from] item: Leftovers\n|-damage|p2a: Dondozo|34\/100 tox|[from] psn\n|upkeep\n|turn|6\n|\n|t:|1699062981\n|switch|p2a: Conkeldurr|Conkeldurr, F|100\/100\n|move|p1a: Mandibuzz|Roost|p1a: Mandibuzz\n|-heal|p1a: Mandibuzz|100\/100\n|-singleturn|p1a: Mandibuzz|move: Roost\n|\n|upkeep\n|turn|7\n|\n|t:|1699062988\n|switch|p2a: Dondozo|Dondozo, F|34\/100 tox\n|move|p1a: Mandibuzz|Toxic|p2a: Dondozo\n|-fail|p2a: Dondozo|tox\n|\n|-heal|p2a: Dondozo|41\/100 tox|[from] item: Leftovers\n|-damage|p2a: Dondozo|34\/100 tox|[from] psn\n|upkeep\n|turn|8\n|\n|t:|1699062992\n|move|p1a: Mandibuzz|Foul Play|p2a: Dondozo\n|-damage|p2a: Dondozo|16\/100 tox\n|move|p2a: Dondozo|Wave Crash|p1a: Mandibuzz\n|-damage|p1a: Mandibuzz|79\/100\n|-damage|p2a: Dondozo|10\/100 tox|[from] Recoil\n|\n|-heal|p1a: Mandibuzz|85\/100|[from] item: Leftovers\n|-heal|p2a: Dondozo|16\/100 tox|[from] item: Leftovers\n|-damage|p2a: Dondozo|4\/100 tox|[from] psn\n|upkeep\n|turn|9\n|l| trillbo\n|\n|t:|1699062996\n|move|p1a: Mandibuzz|Foul Play|p2a: Dondozo\n|-damage|p2a: Dondozo|0 fnt\n|faint|p2a: Dondozo\n|\n|-heal|p1a: Mandibuzz|91\/100|[from] item: Leftovers\n|upkeep\n|\n|t:|1699063008\n|switch|p2a: Azelf|Azelf|100\/100\n|turn|10\n|\n|t:|1699063012\n|move|p2a: Azelf|Reflect|p2a: Azelf\n|-sidestart|p2: Willish6634|Reflect\n|move|p1a: Mandibuzz|Foul Play|p2a: Azelf\n|-supereffective|p2a: Azelf\n|-damage|p2a: Azelf|49\/100\n|\n|-heal|p1a: Mandibuzz|97\/100|[from] item: Leftovers\n|upkeep\n|turn|11\n|\n|t:|1699063016\n|move|p2a: Azelf|Light Screen|p2a: Azelf\n|-sidestart|p2: Willish6634|move: Light Screen\n|move|p1a: Mandibuzz|Foul Play|p2a: Azelf\n|-supereffective|p2a: Azelf\n|-damage|p2a: Azelf|0 fnt\n|faint|p2a: Azelf\n|\n|-heal|p1a: Mandibuzz|100\/100|[from] item: Leftovers\n|upkeep\n|\n|t:|1699063034\n|switch|p2a: Dragonite|Dragonite, F|100\/100\n|turn|12\n|j| Zephraim\n|\n|t:|1699063039\n|move|p2a: Dragonite|Dragon Dance|p2a: Dragonite\n|-boost|p2a: Dragonite|atk|1\n|-boost|p2a: Dragonite|spe|1\n|move|p1a: Mandibuzz|Toxic|p2a: Dragonite|[miss]\n|-miss|p1a: Mandibuzz|p2a: Dragonite\n|\n|upkeep\n|turn|13\n|\n|t:|1699063078\n|move|p2a: Dragonite|Dragon Dance|p2a: Dragonite\n|-boost|p2a: Dragonite|atk|1\n|-boost|p2a: Dragonite|spe|1\n|move|p1a: Mandibuzz|Toxic|p2a: Dragonite\n|-status|p2a: Dragonite|tox\n|\n|-damage|p2a: Dragonite|94\/100 tox|[from] psn\n|upkeep\n|turn|14\n|\n|t:|1699063090\n|move|p2a: Dragonite|Outrage|p1a: Mandibuzz\n|-damage|p1a: Mandibuzz|27\/100\n|move|p1a: Mandibuzz|Foul Play|p2a: Dragonite\n|-damage|p2a: Dragonite|34\/100 tox\n|\n|-heal|p1a: Mandibuzz|34\/100|[from] item: Leftovers\n|-damage|p2a: Dragonite|22\/100 tox|[from] psn\n|upkeep\n|turn|15\n|\n|t:|1699063126\n|move|p2a: Dragonite|Outrage|p1a: Mandibuzz|[from]lockedmove\n|-damage|p1a: Mandibuzz|0 fnt\n|faint|p1a: Mandibuzz\n|\n|-damage|p2a: Dragonite|3\/100 tox|[from] psn\n|upkeep\n|\n|t:|1699063145\n|switch|p1a: Espathra|Espathra, M|100\/100\n|turn|16\n|\n|t:|1699063149\n|-terastallize|p1a: Espathra|Fairy\n|move|p2a: Dragonite|Outrage|p1a: Espathra|[from]lockedmove\n|-immune|p1a: Espathra\n|-start|p2a: Dragonite|confusion|[fatigue]\n|move|p1a: Espathra|Calm Mind|p1a: Espathra\n|-boost|p1a: Espathra|spa|1\n|-boost|p1a: Espathra|spd|1\n|\n|-damage|p2a: Dragonite|0 fnt|[from] psn\n|faint|p2a: Dragonite\n|-ability|p1a: Espathra|Speed Boost|boost\n|-boost|p1a: Espathra|spe|1\n|upkeep\n|\n|t:|1699063154\n|switch|p2a: Ogerpon|Ogerpon-Wellspring, F|100\/100\n|turn|17\n|\n|t:|1699063169\n|-terastallize|p2a: Ogerpon|Water\n|detailschange|p2a: Ogerpon|Ogerpon-Wellspring-Tera, F, tera:Water\n|-ability|p2a: Ogerpon|Embody Aspect (Wellspring)|boost\n|-boost|p2a: Ogerpon|spd|1\n|move|p1a: Espathra|Calm Mind|p1a: Espathra\n|-boost|p1a: Espathra|spa|1\n|-boost|p1a: Espathra|spd|1\n|move|p2a: Ogerpon|Swords Dance|p2a: Ogerpon\n|-boost|p2a: Ogerpon|atk|2\n|\n|-sideend|p2: Willish6634|Reflect\n|-ability|p1a: Espathra|Speed Boost|boost\n|-boost|p1a: Espathra|spe|1\n|upkeep\n|turn|18\n|\n|t:|1699063181\n|move|p1a: Espathra|Protect|p1a: Espathra\n|-singleturn|p1a: Espathra|Protect\n|move|p2a: Ogerpon|Ivy Cudgel|p1a: Espathra\n|-activate|p1a: Espathra|move: Protect\n|\n|-sideend|p2: Willish6634|move: Light Screen\n|-ability|p1a: Espathra|Speed Boost|boost\n|-boost|p1a: Espathra|spe|1\n|upkeep\n|turn|19\n|\n|t:|1699063189\n|move|p1a: Espathra|Stored Power|p2a: Ogerpon\n|-damage|p2a: Ogerpon|14\/100\n|move|p2a: Ogerpon|Ivy Cudgel|p1a: Espathra\n|-damage|p1a: Espathra|0 fnt\n|faint|p1a: Espathra\n|\n|upkeep\n|\n|t:|1699063217\n|switch|p1a: Chandelure|Chandelure, M|100\/100\n|turn|20\n|\n|t:|1699063229\n|move|p1a: Chandelure|Shadow Ball|p2a: Ogerpon\n|-damage|p2a: Ogerpon|0 fnt\n|faint|p2a: Ogerpon\n|\n|upkeep\n|\n|t:|1699063232\n|switch|p2a: Weavile|Weavile, M|100\/100\n|-ability|p2a: Weavile|Pressure\n|turn|21\n|\n|t:|1699063234\n|move|p1a: Chandelure|Shadow Ball|p2a: Weavile\n|-resisted|p2a: Weavile\n|-damage|p2a: Weavile|70\/100\n|move|p2a: Weavile|Knock Off|p1a: Chandelure\n|-supereffective|p1a: Chandelure\n|-damage|p1a: Chandelure|0 fnt\n|-status|p2a: Weavile|brn|[from] ability: Flame Body|[of] p1a: Chandelure\n|-enditem|p1a: Chandelure|Choice Scarf|[from] move: Knock Off|[of] p2a: Weavile\n|faint|p1a: Chandelure\n|\n|-damage|p2a: Weavile|64\/100 brn|[from] brn\n|upkeep\n|c|\u2606Willish6634|oof\n|c| Zephraim|big body\n|\n|t:|1699063251\n|switch|p1a: Cresselia|Cresselia, F|100\/100\n|turn|22\n|\n|t:|1699063263\n|move|p2a: Weavile|Knock Off|p1a: Cresselia\n|-supereffective|p1a: Cresselia\n|-damage|p1a: Cresselia|74\/100\n|-enditem|p1a: Cresselia|Leftovers|[from] move: Knock Off|[of] p2a: Weavile\n|move|p1a: Cresselia|Calm Mind|p1a: Cresselia\n|-boost|p1a: Cresselia|spa|1\n|-boost|p1a: Cresselia|spd|1\n|\n|-damage|p2a: Weavile|58\/100 brn|[from] brn\n|upkeep\n|turn|23\n|\n|t:|1699063266\n|move|p2a: Weavile|Swords Dance|p2a: Weavile\n|-boost|p2a: Weavile|atk|2\n|move|p1a: Cresselia|Calm Mind|p1a: Cresselia\n|-boost|p1a: Cresselia|spa|1\n|-boost|p1a: Cresselia|spd|1\n|\n|-damage|p2a: Weavile|52\/100 brn|[from] brn\n|upkeep\n|turn|24\n|\n|t:|1699063272\n|move|p2a: Weavile|Knock Off|p1a: Cresselia\n|-supereffective|p1a: Cresselia\n|-damage|p1a: Cresselia|34\/100\n|move|p1a: Cresselia|Moonlight|p1a: Cresselia\n|-heal|p1a: Cresselia|84\/100\n|\n|-damage|p2a: Weavile|46\/100 brn|[from] brn\n|upkeep\n|turn|25\n|\n|t:|1699063278\n|move|p2a: Weavile|Knock Off|p1a: Cresselia\n|-supereffective|p1a: Cresselia\n|-damage|p1a: Cresselia|49\/100\n|move|p1a: Cresselia|Calm Mind|p1a: Cresselia\n|-boost|p1a: Cresselia|spa|1\n|-boost|p1a: Cresselia|spd|1\n|\n|-damage|p2a: Weavile|40\/100 brn|[from] brn\n|upkeep\n|turn|26\n|\n|t:|1699063282\n|move|p2a: Weavile|Swords Dance|p2a: Weavile\n|-boost|p2a: Weavile|atk|2\n|move|p1a: Cresselia|Moonlight|p1a: Cresselia\n|-heal|p1a: Cresselia|99\/100\n|\n|-damage|p2a: Weavile|34\/100 brn|[from] brn\n|upkeep\n|turn|27\n|\n|t:|1699063321\n|move|p2a: Weavile|Knock Off|p1a: Cresselia\n|-supereffective|p1a: Cresselia\n|-damage|p1a: Cresselia|42\/100\n|move|p1a: Cresselia|Calm Mind|p1a: Cresselia\n|-boost|p1a: Cresselia|spa|1\n|-boost|p1a: Cresselia|spd|1\n|\n|-damage|p2a: Weavile|28\/100 brn|[from] brn\n|upkeep\n|turn|28\n|\n|t:|1699063324\n|move|p2a: Weavile|Knock Off|p1a: Cresselia\n|-supereffective|p1a: Cresselia\n|-damage|p1a: Cresselia|0 fnt\n|faint|p1a: Cresselia\n|\n|-damage|p2a: Weavile|21\/100 brn|[from] brn\n|upkeep\n|\n|t:|1699063336\n|switch|p1a: Regidrago|Regidrago|100\/100\n|turn|29\n|\n|t:|1699063347\n|move|p2a: Weavile|Ice Shard|p1a: Regidrago\n|-supereffective|p1a: Regidrago\n|-damage|p1a: Regidrago|31\/100\n|move|p1a: Regidrago|Dragon Dance|p1a: Regidrago\n|-boost|p1a: Regidrago|atk|1\n|-boost|p1a: Regidrago|spe|1\n|\n|-damage|p2a: Weavile|15\/100 brn|[from] brn\n|upkeep\n|turn|30\n|\n|t:|1699063350\n|move|p2a: Weavile|Ice Shard|p1a: Regidrago\n|-supereffective|p1a: Regidrago\n|-damage|p1a: Regidrago|0 fnt\n|faint|p1a: Regidrago\n|\n|-damage|p2a: Weavile|9\/100 brn|[from] brn\n|upkeep\n|\n|t:|1699063352\n|switch|p1a: Yanmega|Yanmega, M|100\/100\n|turn|31\n|\n|t:|1699063356\n|move|p2a: Weavile|Knock Off|p1a: Yanmega\n|-damage|p1a: Yanmega|24\/100\n|-enditem|p1a: Yanmega|Throat Spray|[from] move: Knock Off|[of] p2a: Weavile\n|move|p1a: Yanmega|Bug Buzz|p2a: Weavile\n|-supereffective|p2a: Weavile\n|-damage|p2a: Weavile|0 fnt\n|faint|p2a: Weavile\n|\n|-ability|p1a: Yanmega|Speed Boost|boost\n|-boost|p1a: Yanmega|spe|1\n|upkeep\n|\n|t:|1699063359\n|switch|p2a: Conkeldurr|Conkeldurr, F|100\/100\n|turn|32\n|\n|t:|1699063363\n|move|p1a: Yanmega|Air Slash|p2a: Conkeldurr\n|-supereffective|p2a: Conkeldurr\n|-damage|p2a: Conkeldurr|42\/100\n|move|p2a: Conkeldurr|Drain Punch|p1a: Yanmega\n|-resisted|p1a: Yanmega\n|-damage|p1a: Yanmega|14\/100\n|-heal|p2a: Conkeldurr|46\/100|[from] drain|[of] p1a: Yanmega\n|\n|-heal|p2a: Conkeldurr|52\/100|[from] item: Leftovers\n|-ability|p1a: Yanmega|Speed Boost|boost\n|-boost|p1a: Yanmega|spe|1\n|upkeep\n|turn|33\n|c|\u2606Drunk'nPizza|gg?\n|c|\u2606Willish6634|gg\n|\n|t:|1699063417\n|move|p1a: Yanmega|Air Slash|p2a: Conkeldurr\n|-supereffective|p2a: Conkeldurr\n|-damage|p2a: Conkeldurr|0 fnt\n|faint|p2a: Conkeldurr\n|\n|win|Drunk'nPizza\n|l| Zeroclock1985\n|l|\u2606Drunk'nPizza\n|l| Destroy Smoochie\n|l|\u2606Willish6634\n|j|\u2606Willish6634\n|player|p2|Willish6634|leon-masters\n|l|\u2606Willish6634\n|player|p2|\n|j|\u2606Willish6634\n|player|p2|Willish6634|leon-masters\n|j| Destroy Smoochie\n","uploadtime":1699064925,"views":12,"p1id":"drunknpizza","p2id":"willish6634","formatid":"gen9ubers","rating":0,"private":0,"password":""}