{"id":"gen9ubers-1996746732","p1":"sankeerthzx","p2":"yosoyluisvega","format":"[Gen 9] Ubers","log":"|j|\u2606sankeerthzx\n|j|\u2606yosoyluisvega\n|t:|1700718299\n|gametype|singles\n|player|p1|sankeerthzx|benga|1074\n|player|p2|yosoyluisvega|2|1109\n|teamsize|p1|6\n|teamsize|p2|6\n|gen|9\n|tier|[Gen 9] Ubers\n|rated|\n|rule|Sleep Clause Mod: Limit one foe put to sleep\n|rule|Species Clause: Limit one of each Pok\u00e9mon\n|rule|OHKO Clause: OHKO moves are banned\n|rule|Evasion Items Clause: Evasion items are banned\n|rule|Evasion Moves Clause: Evasion moves are banned\n|rule|Endless Battle Clause: Forcing endless battles is banned\n|rule|HP Percentage Mod: HP is shown in percentages\n|clearpoke\n|poke|p1|Annihilape, M|\n|poke|p1|Rayquaza|\n|poke|p1|Zacian-*|\n|poke|p1|Kingambit, F|\n|poke|p1|Dragapult, M|\n|poke|p1|Furret, F|\n|poke|p2|Grimmsnarl, M|\n|poke|p2|Arceus-Ground|\n|poke|p2|Miraidon|\n|poke|p2|Sneasler, M|\n|poke|p2|Calyrex-Ice|\n|poke|p2|Zacian-*|\n|teampreview\n|inactive|Battle timer is ON: inactive players will automatically lose when time's up. (requested by sankeerthzx)\n|\n|t:|1700718316\n|start\n|switch|p1a: Annihilape|Annihilape, M|100\/100\n|switch|p2a: Arceus|Arceus-Ground|100\/100\n|turn|1\n|\n|t:|1700718327\n|move|p2a: Arceus|Taunt|p1a: Annihilape\n|-start|p1a: Annihilape|move: Taunt\n|cant|p1a: Annihilape|move: Taunt|Metronome\n|\n|upkeep\n|turn|2\n|\n|t:|1700718333\n|move|p2a: Arceus|Swords Dance|p2a: Arceus\n|-boost|p2a: Arceus|atk|2\n|move|p1a: Annihilape|Rage Fist|p2a: Arceus\n|-damage|p2a: Arceus|81\/100\n|\n|upkeep\n|turn|3\n|\n|t:|1700718340\n|move|p2a: Arceus|Shadow Claw|p1a: Annihilape\n|-supereffective|p1a: Annihilape\n|-damage|p1a: Annihilape|5\/100\n|move|p1a: Annihilape|Rage Fist|p2a: Arceus\n|-damage|p2a: Arceus|44\/100\n|\n|-end|p1a: Annihilape|move: Taunt\n|upkeep\n|turn|4\n|\n|t:|1700718347\n|move|p2a: Arceus|Earthquake|p1a: Annihilape\n|-damage|p1a: Annihilape|0 fnt\n|faint|p1a: Annihilape\n|\n|upkeep\n|\n|t:|1700718356\n|switch|p1a: Zacian|Zacian-Crowned|100\/100\n|-ability|p1a: Zacian|Intrepid Sword|boost\n|-boost|p1a: Zacian|atk|1\n|turn|5\n|inactive|yosoyluisvega has 120 seconds left.\n|inactive|yosoyluisvega has 90 seconds left.\n|\n|t:|1700718417\n|move|p1a: Zacian|Behemoth Blade|p2a: Arceus\n|-damage|p2a: Arceus|0 fnt\n|faint|p2a: Arceus\n|\n|upkeep\n|inactive|yosoyluisvega has 90 seconds left.\n|\n|t:|1700718429\n|switch|p2a: Grimmsnarl|Grimmsnarl, M|100\/100\n|turn|6\n|inactive|yosoyluisvega has 90 seconds left.\n|\n|t:|1700718444\n|move|p2a: Grimmsnarl|Reflect|p2a: Grimmsnarl\n|-sidestart|p2: yosoyluisvega|Reflect\n|move|p1a: Zacian|Behemoth Blade|p2a: Grimmsnarl\n|-supereffective|p2a: Grimmsnarl\n|-damage|p2a: Grimmsnarl|16\/100\n|\n|upkeep\n|turn|7\n|\n|t:|1700718459\n|switch|p1a: Furret|Furret, F|100\/100\n|-item|p2a: Grimmsnarl|Light Clay|[from] ability: Frisk|[of] p1a: Furret|[identify]\n|move|p2a: Grimmsnarl|Light Screen|p2a: Grimmsnarl\n|-sidestart|p2: yosoyluisvega|move: Light Screen\n|\n|upkeep\n|turn|8\n|\n|t:|1700718466\n|move|p2a: Grimmsnarl|Taunt|p1a: Furret\n|-start|p1a: Furret|move: Taunt\n|cant|p1a: Furret|move: Taunt|Tidy Up\n|\n|upkeep\n|turn|9\n|\n|t:|1700718471\n|move|p1a: Furret|Double-Edge|p2a: Grimmsnarl\n|-damage|p2a: Grimmsnarl|0 fnt\n|faint|p2a: Grimmsnarl\n|-damage|p1a: Furret|94\/100|[from] Recoil\n|\n|upkeep\n|\n|t:|1700718474\n|switch|p2a: Miraidon|Miraidon|100\/100\n|-fieldstart|move: Electric Terrain|[from] ability: Hadron Engine|[of] p2a: Miraidon\n|-enditem|p2a: Miraidon|Electric Seed\n|-boost|p2a: Miraidon|def|1|[from] item: Electric Seed\n|turn|10\n|\n|t:|1700718481\n|move|p2a: Miraidon|Calm Mind|p2a: Miraidon\n|-boost|p2a: Miraidon|spa|1\n|-boost|p2a: Miraidon|spd|1\n|move|p1a: Furret|Double-Edge|p2a: Miraidon\n|-damage|p2a: Miraidon|89\/100\n|-damage|p1a: Furret|89\/100|[from] Recoil\n|\n|-end|p1a: Furret|move: Taunt\n|upkeep\n|turn|11\n|\n|t:|1700718486\n|move|p2a: Miraidon|Parabolic Charge|p1a: Furret\n|-damage|p1a: Furret|0 fnt\n|-heal|p2a: Miraidon|100\/100|[from] drain|[of] p1a: Furret\n|faint|p1a: Furret\n|\n|upkeep\n|\n|t:|1700718494\n|switch|p1a: Dragapult|Dragapult, M|100\/100\n|turn|12\n|\n|t:|1700718503\n|move|p1a: Dragapult|Dragon Darts|p2a: Miraidon\n|-supereffective|p2a: Miraidon\n|-crit|p2a: Miraidon\n|-damage|p2a: Miraidon|36\/100\n|-anim|p1a: Dragapult|Dragon Darts|p2a: Miraidon\n|-supereffective|p2a: Miraidon\n|-damage|p2a: Miraidon|4\/100\n|move|p2a: Miraidon|Dragon Pulse|p1a: Dragapult\n|-supereffective|p1a: Dragapult\n|-damage|p1a: Dragapult|0 fnt\n|faint|p1a: Dragapult\n|\n|upkeep\n|\n|t:|1700718514\n|switch|p1a: Rayquaza|Rayquaza, shiny|100\/100\n|-ability|p1a: Rayquaza|Air Lock\n|turn|13\n|\n|t:|1700718525\n|switch|p2a: Zacian|Zacian-Crowned|100\/100\n|-ability|p2a: Zacian|Intrepid Sword|boost\n|-boost|p2a: Zacian|atk|1\n|move|p1a: Rayquaza|Extreme Speed|p2a: Zacian\n|-resisted|p2a: Zacian\n|-damage|p2a: Zacian|92\/100\n|\n|-sideend|p2: yosoyluisvega|Reflect\n|upkeep\n|turn|14\n|\n|t:|1700718537\n|move|p2a: Zacian|Play Rough|p1a: Rayquaza\n|-supereffective|p1a: Rayquaza\n|-damage|p1a: Rayquaza|0 fnt\n|faint|p1a: Rayquaza\n|\n|-sideend|p2: yosoyluisvega|move: Light Screen\n|-fieldend|move: Electric Terrain\n|upkeep\n|\n|t:|1700718541\n|switch|p1a: Zacian|Zacian-Crowned|100\/100\n|turn|15\n|\n|t:|1700718552\n|-terastallize|p2a: Zacian|Ground\n|move|p2a: Zacian|Tera Blast|p1a: Zacian|[anim] Tera Blast Ground\n|-supereffective|p1a: Zacian\n|-damage|p1a: Zacian|0 fnt\n|faint|p1a: Zacian\n|\n|upkeep\n|\n|t:|1700718556\n|switch|p1a: Kingambit|Kingambit, F, shiny|100\/100\n|-activate|p1a: Kingambit|ability: Supreme Overlord\n|-start|p1a: Kingambit|fallen5|[silent]\n|turn|16\n|\n|t:|1700718559\n|-terastallize|p1a: Kingambit|Dark\n|move|p2a: Zacian|Behemoth Blade|p1a: Kingambit\n|-damage|p1a: Kingambit|40\/100\n|move|p1a: Kingambit|Swords Dance|p1a: Kingambit\n|-boost|p1a: Kingambit|atk|2\n|\n|upkeep\n|turn|17\n|\n|t:|1700718568\n|switch|p2a: Miraidon|Miraidon|4\/100\n|-fieldstart|move: Electric Terrain|[from] ability: Hadron Engine|[of] p2a: Miraidon\n|move|p1a: Kingambit|Sucker Punch||[still]\n|-fail|p1a: Kingambit\n|\n|upkeep\n|turn|18\n|\n|t:|1700718574\n|move|p1a: Kingambit|Sucker Punch||[still]\n|-fail|p1a: Kingambit\n|move|p2a: Miraidon|Taunt|p1a: Kingambit\n|-start|p1a: Kingambit|move: Taunt\n|\n|upkeep\n|turn|19\n|\n|t:|1700718580\n|move|p1a: Kingambit|Sucker Punch||[still]\n|-fail|p1a: Kingambit\n|move|p2a: Miraidon|Calm Mind|p2a: Miraidon\n|-boost|p2a: Miraidon|spa|1\n|-boost|p2a: Miraidon|spd|1\n|\n|upkeep\n|turn|20\n|\n|t:|1700718583\n|move|p1a: Kingambit|Sucker Punch||[still]\n|-fail|p1a: Kingambit\n|move|p2a: Miraidon|Calm Mind|p2a: Miraidon\n|-boost|p2a: Miraidon|spa|1\n|-boost|p2a: Miraidon|spd|1\n|\n|upkeep\n|turn|21\n|\n|t:|1700718585\n|move|p2a: Miraidon|Calm Mind|p2a: Miraidon\n|-boost|p2a: Miraidon|spa|1\n|-boost|p2a: Miraidon|spd|1\n|move|p1a: Kingambit|Kowtow Cleave|p2a: Miraidon\n|-damage|p2a: Miraidon|0 fnt\n|faint|p2a: Miraidon\n|\n|-end|p1a: Kingambit|move: Taunt\n|-fieldend|move: Electric Terrain\n|upkeep\n|\n|t:|1700718596\n|switch|p2a: Sneasler|Sneasler, M|100\/100\n|turn|22\n|\n|t:|1700718600\n|move|p1a: Kingambit|Sucker Punch|p2a: Sneasler\n|-resisted|p2a: Sneasler\n|-damage|p2a: Sneasler|0 fnt\n|faint|p2a: Sneasler\n|\n|upkeep\n|\n|t:|1700718609\n|switch|p2a: Zacian|Zacian-Crowned, tera:Ground|92\/100\n|turn|23\n|\n|t:|1700718613\n|move|p1a: Kingambit|Sucker Punch|p2a: Zacian\n|-damage|p2a: Zacian|0 fnt\n|faint|p2a: Zacian\n|\n|upkeep\n|-message|yosoyluisvega forfeited.\n|\n|win|sankeerthzx\n|raw|sankeerthzx's rating: 1074 &rarr; <strong>1106<\/strong><br \/>(+32 for winning)\n|raw|yosoyluisvega's rating: 1109 &rarr; <strong>1081<\/strong><br \/>(-28 for losing)\n|l|\u2606yosoyluisvega\n","uploadtime":1700718627,"views":3,"p1id":"sankeerthzx","p2id":"yosoyluisvega","formatid":"gen9ubers","rating":1081,"private":0,"password":""}