{"id":"gen9ubers-1973952032","p1":"edchucate","p2":"mlenny95","format":"[Gen 9] Ubers","log":"|j|\u2606edchucate\n|j|\u2606mlenny95\n|t:|1698032145\n|gametype|singles\n|player|p1|edchucate|hooligans|\n|player|p2|mlenny95|ninjaboy|\n|teamsize|p1|6\n|teamsize|p2|6\n|gen|9\n|tier|[Gen 9] Ubers\n|rule|Sleep Clause Mod: Limit one foe put to sleep\n|rule|Species Clause: Limit one of each Pok\u00e9mon\n|rule|OHKO Clause: OHKO moves are banned\n|rule|Evasion Items Clause: Evasion items are banned\n|rule|Evasion Moves Clause: Evasion moves are banned\n|rule|Endless Battle Clause: Forcing endless battles is banned\n|rule|HP Percentage Mod: HP is shown in percentages\n|clearpoke\n|poke|p1|Torterra, F|\n|poke|p1|Clodsire, F|\n|poke|p1|Mew|\n|poke|p1|Glimmora, F|\n|poke|p1|Munkidori, M|\n|poke|p1|Manaphy|\n|poke|p2|Dragapult, F|\n|poke|p2|Kingambit, F|\n|poke|p2|Zapdos|\n|poke|p2|Skeledirge, F|\n|poke|p2|Orthworm, F|\n|poke|p2|Forretress, F|\n|teampreview\n|c|\u2606edchucate|glhf\n|c|\u2606mlenny95|gg hf\n|c|\u2606edchucate|how do i post the link\n|c|\u2606mlenny95|idk\n|c|\u2606edchucate|i posted it\n|j| Thisaintgeo\n|\n|t:|1698032184\n|start\n|switch|p1a: Glimmora|Glimmora, F, shiny|100\/100\n|switch|p2a: Cloystar|Forretress, F, shiny|100\/100\n|turn|1\n|\n|t:|1698032201\n|move|p1a: Glimmora|Stealth Rock|p2a: Cloystar\n|-sidestart|p2: mlenny95|move: Stealth Rock\n|move|p2a: Cloystar|Earth Power|p1a: Glimmora\n|-supereffective|p1a: Glimmora\n|-enditem|p1a: Glimmora|Focus Sash\n|-damage|p1a: Glimmora|1\/100\n|\n|upkeep\n|turn|2\n|\n|t:|1698032217\n|move|p1a: Glimmora|Mortal Spin|p2a: Cloystar\n|-immune|p2a: Cloystar\n|move|p2a: Cloystar|Rapid Spin|p1a: Glimmora\n|-resisted|p1a: Glimmora\n|-crit|p1a: Glimmora\n|-damage|p1a: Glimmora|0 fnt\n|-boost|p2a: Cloystar|spe|1\n|-activate|p1a: Glimmora|ability: Toxic Debris\n|-sidestart|p2: mlenny95|move: Toxic Spikes\n|-sideend|p2: mlenny95|Toxic Spikes|[from] move: Rapid Spin|[of] p2a: Cloystar\n|-sideend|p2: mlenny95|Stealth Rock|[from] move: Rapid Spin|[of] p2a: Cloystar\n|faint|p1a: Glimmora\n|\n|upkeep\n|c|\u2606edchucate|im trolling\n|\n|t:|1698032249\n|switch|p1a: Torterra|Torterra, F, shiny|100\/100\n|turn|3\n|\n|t:|1698032268\n|move|p1a: Torterra|Shell Smash|p1a: Torterra\n|-unboost|p1a: Torterra|def|1\n|-unboost|p1a: Torterra|spd|1\n|-boost|p1a: Torterra|atk|2\n|-boost|p1a: Torterra|spa|2\n|-boost|p1a: Torterra|spe|2\n|move|p2a: Cloystar|Spikes|p1a: Torterra\n|-sidestart|p1: edchucate|Spikes\n|\n|upkeep\n|turn|4\n|\n|t:|1698032280\n|move|p1a: Torterra|Headlong Rush|p2a: Cloystar\n|-damage|p2a: Cloystar|23\/100\n|-unboost|p1a: Torterra|def|1\n|-unboost|p1a: Torterra|spd|1\n|move|p2a: Cloystar|Spikes|p1a: Torterra\n|-sidestart|p1: edchucate|Spikes\n|\n|-heal|p2a: Cloystar|29\/100|[from] item: Leftovers\n|upkeep\n|turn|5\n|\n|t:|1698032295\n|move|p1a: Torterra|Rock Blast|p2a: Cloystar\n|-damage|p2a: Cloystar|18\/100\n|-damage|p2a: Cloystar|8\/100\n|-damage|p2a: Cloystar|0 fnt\n|faint|p2a: Cloystar\n|-hitcount|p2: Cloystar|3\n|\n|upkeep\n|\n|t:|1698032301\n|switch|p2a: Skeledirge|Skeledirge, F, shiny|100\/100\n|turn|6\n|\n|t:|1698032321\n|-terastallize|p1a: Torterra|Rock\n|move|p1a: Torterra|Headlong Rush|p2a: Skeledirge\n|-supereffective|p2a: Skeledirge\n|-damage|p2a: Skeledirge|6\/100\n|-unboost|p1a: Torterra|def|1\n|-unboost|p1a: Torterra|spd|1\n|move|p2a: Skeledirge|Torch Song|p1a: Torterra\n|-resisted|p1a: Torterra\n|-damage|p1a: Torterra|83\/100\n|-boost|p2a: Skeledirge|spa|1\n|\n|upkeep\n|turn|7\n|c|\u2606mlenny95|ouch\n|\n|t:|1698032355\n|switch|p2a: u ready?|Orthworm, F, shiny|100\/100\n|move|p1a: Torterra|Rock Blast|p2a: u ready?|[miss]\n|-miss|p1a: Torterra|p2a: u ready?\n|\n|upkeep\n|turn|8\n|\n|t:|1698032367\n|move|p1a: Torterra|Headlong Rush|p2a: u ready?\n|-immune|p2a: u ready?|[from] ability: Earth Eater\n|move|p2a: u ready?|Shed Tail|p2a: u ready?\n|-start|p2a: u ready?|Substitute|[from] move: Shed Tail\n|-damage|p2a: u ready?|50\/100\n|\n|t:|1698032373\n|switch|p2a: u ded|Dragapult, F|100\/100|[from] Shed Tail\n|\n|upkeep\n|turn|9\n|\n|t:|1698032382\n|move|p1a: Torterra|Bullet Seed|p2a: u ded\n|-resisted|p2a: u ded\n|-activate|p2a: u ded|move: Substitute|[damage]\n|-resisted|p2a: u ded\n|-end|p2a: u ded|Substitute\n|-resisted|p2a: u ded\n|-damage|p2a: u ded|83\/100\n|-resisted|p2a: u ded\n|-damage|p2a: u ded|64\/100\n|-hitcount|p2a: u ded|4\n|move|p2a: u ded|Dragon Dance|p2a: u ded\n|-boost|p2a: u ded|atk|1\n|-boost|p2a: u ded|spe|1\n|\n|upkeep\n|turn|10\n|\n|t:|1698032411\n|move|p2a: u ded|Dragon Darts|p1a: Torterra\n|-damage|p1a: Torterra|0 fnt\n|faint|p1a: Torterra\n|\n|upkeep\n|\n|t:|1698032421\n|switch|p1a: Manaphy|Manaphy, shiny|100\/100\n|-damage|p1a: Manaphy|84\/100|[from] Spikes\n|turn|11\n|j| UnstableWeirdness\n|\n|t:|1698032438\n|move|p2a: u ded|Dragon Darts|p1a: Manaphy\n|-damage|p1a: Manaphy|44\/100\n|-anim|p2a: u ded|Dragon Darts|p1a: Manaphy\n|-damage|p1a: Manaphy|5\/100\n|move|p1a: Manaphy|Ice Beam|p2a: u ded\n|-supereffective|p2a: u ded\n|-damage|p2a: u ded|0 fnt\n|faint|p2a: u ded\n|\n|-heal|p1a: Manaphy|11\/100|[from] item: Leftovers\n|upkeep\n|\n|t:|1698032453\n|switch|p2a: 1955 Thunderbird|Zapdos, shiny|100\/100\n|-ability|p2a: 1955 Thunderbird|Pressure\n|turn|12\n|\n|t:|1698032490\n|move|p1a: Manaphy|Ice Beam|p2a: 1955 Thunderbird\n|-supereffective|p2a: 1955 Thunderbird\n|-damage|p2a: 1955 Thunderbird|50\/100\n|move|p2a: 1955 Thunderbird|Hurricane|p1a: Manaphy\n|-damage|p1a: Manaphy|0 fnt\n|faint|p1a: Manaphy\n|\n|-heal|p2a: 1955 Thunderbird|56\/100|[from] item: Leftovers\n|upkeep\n|\n|t:|1698032504\n|switch|p1a: Munkidori|Munkidori, M|100\/100\n|turn|13\n|c|\u2606edchucate|monke\n|\n|t:|1698032523\n|move|p1a: Munkidori|Psychic|p2a: 1955 Thunderbird\n|-damage|p2a: 1955 Thunderbird|11\/100\n|move|p2a: 1955 Thunderbird|Roost|p2a: 1955 Thunderbird\n|-heal|p2a: 1955 Thunderbird|61\/100\n|-singleturn|p2a: 1955 Thunderbird|move: Roost\n|\n|-heal|p2a: 1955 Thunderbird|67\/100|[from] item: Leftovers\n|upkeep\n|turn|14\n|\n|t:|1698032533\n|move|p1a: Munkidori|Psychic|p2a: 1955 Thunderbird\n|-damage|p2a: 1955 Thunderbird|18\/100\n|move|p2a: 1955 Thunderbird|Roost|p2a: 1955 Thunderbird\n|-heal|p2a: 1955 Thunderbird|68\/100\n|-singleturn|p2a: 1955 Thunderbird|move: Roost\n|\n|-heal|p2a: 1955 Thunderbird|75\/100|[from] item: Leftovers\n|upkeep\n|turn|15\n|\n|t:|1698032556\n|move|p1a: Munkidori|Shadow Ball|p2a: 1955 Thunderbird\n|-damage|p2a: 1955 Thunderbird|48\/100\n|move|p2a: 1955 Thunderbird|Roost|p2a: 1955 Thunderbird\n|-heal|p2a: 1955 Thunderbird|98\/100\n|-singleturn|p2a: 1955 Thunderbird|move: Roost\n|\n|-heal|p2a: 1955 Thunderbird|100\/100|[from] item: Leftovers\n|upkeep\n|turn|16\n|\n|t:|1698032565\n|move|p1a: Munkidori|Psychic|p2a: 1955 Thunderbird\n|-crit|p2a: 1955 Thunderbird\n|-damage|p2a: 1955 Thunderbird|38\/100\n|-status|p2a: 1955 Thunderbird|tox|[from] ability: Toxic Chain|[of] p1a: Munkidori\n|move|p2a: 1955 Thunderbird|Hurricane|p1a: Munkidori\n|-damage|p1a: Munkidori|51\/100\n|\n|-heal|p2a: 1955 Thunderbird|44\/100 tox|[from] item: Leftovers\n|-damage|p2a: 1955 Thunderbird|38\/100 tox|[from] psn\n|upkeep\n|turn|17\n|\n|t:|1698032577\n|move|p1a: Munkidori|Venoshock|p2a: 1955 Thunderbird\n|-damage|p2a: 1955 Thunderbird|0 fnt\n|faint|p2a: 1955 Thunderbird\n|\n|upkeep\n|\n|t:|1698032604\n|switch|p2a: Skeledirge|Skeledirge, F, shiny|6\/100\n|turn|18\n|l| UnstableWeirdness\n|\n|t:|1698032646\n|move|p1a: Munkidori|Shadow Ball|p2a: Skeledirge\n|-supereffective|p2a: Skeledirge\n|-damage|p2a: Skeledirge|0 fnt\n|faint|p2a: Skeledirge\n|\n|upkeep\n|\n|t:|1698032651\n|switch|p2a: u ready?|Orthworm, F, shiny|50\/100\n|turn|19\n|\n|t:|1698032663\n|move|p1a: Munkidori|Psychic|p2a: u ready?\n|-resisted|p2a: u ready?\n|-damage|p2a: u ready?|12\/100\n|move|p2a: u ready?|Iron Head|p1a: Munkidori\n|-damage|p1a: Munkidori|16\/100\n|\n|-heal|p2a: u ready?|18\/100|[from] item: Leftovers\n|upkeep\n|turn|20\n|\n|t:|1698032672\n|move|p1a: Munkidori|Psychic|p2a: u ready?\n|-resisted|p2a: u ready?\n|-damage|p2a: u ready?|0 fnt\n|faint|p2a: u ready?\n|\n|upkeep\n|\n|t:|1698032677\n|switch|p2a: 4th Quarter|Kingambit, F, shiny|100\/100\n|-activate|p2a: 4th Quarter|ability: Supreme Overlord\n|-start|p2a: 4th Quarter|fallen5|[silent]\n|turn|21\n|\n|t:|1698032696\n|move|p2a: 4th Quarter|Sucker Punch|p1a: Munkidori\n|-supereffective|p1a: Munkidori\n|-damage|p1a: Munkidori|0 fnt\n|faint|p1a: Munkidori\n|\n|upkeep\n|\n|t:|1698032701\n|switch|p1a: Clodsire|Clodsire, F, shiny|100\/100\n|-damage|p1a: Clodsire|84\/100|[from] Spikes\n|turn|22\n|\n|t:|1698032734\n|move|p2a: 4th Quarter|Sucker Punch|p1a: Clodsire\n|-damage|p1a: Clodsire|18\/100\n|move|p1a: Clodsire|Earthquake|p2a: 4th Quarter\n|-supereffective|p2a: 4th Quarter\n|-damage|p2a: 4th Quarter|58\/100\n|\n|-heal|p1a: Clodsire|25\/100|[from] item: Leftovers\n|upkeep\n|turn|23\n|j| UnstableWeirdness\n|\n|t:|1698032742\n|move|p2a: 4th Quarter|Sucker Punch||[still]\n|-fail|p2a: 4th Quarter\n|move|p1a: Clodsire|Recover|p1a: Clodsire\n|-heal|p1a: Clodsire|75\/100\n|\n|-heal|p1a: Clodsire|81\/100|[from] item: Leftovers\n|upkeep\n|turn|24\n|c|\u2606mlenny95|ughhhh\n|\n|t:|1698032763\n|move|p2a: 4th Quarter|Kowtow Cleave|p1a: Clodsire\n|-damage|p1a: Clodsire|0 fnt\n|faint|p1a: Clodsire\n|\n|upkeep\n|\n|t:|1698032769\n|switch|p1a: Mew|Mew, shiny|100\/100\n|-damage|p1a: Mew|84\/100|[from] Spikes\n|turn|25\n|c|\u2606mlenny95|dang didnt think thatd kill\n|c|\u2606edchucate|same\n|c|\u2606edchucate|gg\n|c|\u2606edchucate|i think u got it\n|\n|t:|1698032791\n|move|p1a: Mew|Draining Kiss|p2a: 4th Quarter\n|-damage|p2a: 4th Quarter|44\/100\n|-heal|p1a: Mew|93\/100|[from] drain|[of] p2a: 4th Quarter\n|move|p2a: 4th Quarter|Swords Dance|p2a: 4th Quarter\n|-boost|p2a: 4th Quarter|atk|2\n|\n|-heal|p1a: Mew|99\/100|[from] item: Leftovers\n|upkeep\n|turn|26\n|\n|t:|1698032809\n|move|p2a: 4th Quarter|Sucker Punch|p1a: Mew\n|-supereffective|p1a: Mew\n|-damage|p1a: Mew|0 fnt\n|faint|p1a: Mew\n|\n|win|mlenny95\n|c|\u2606mlenny95|gg\n|c|\u2606edchucate|gg LOL\n","uploadtime":1698032818,"views":29,"p1id":"edchucate","p2id":"mlenny95","formatid":"gen9ubers","rating":0,"private":0,"password":""}