{"id":"gen9ubers-1975706689","p1":"marvin1","p2":"beyondsoulfang","format":"[Gen 9] Ubers","log":"|j|\u2606marvin1\n|j|\u2606beyondsoulfang\n|t:|1698228035\n|gametype|singles\n|player|p1|marvin1|rika|\n|player|p2|beyondsoulfang|169|\n|teamsize|p1|6\n|teamsize|p2|6\n|gen|9\n|tier|[Gen 9] Ubers\n|rule|Sleep Clause Mod: Limit one foe put to sleep\n|rule|Species Clause: Limit one of each Pok\u00e9mon\n|rule|OHKO Clause: OHKO moves are banned\n|rule|Evasion Items Clause: Evasion items are banned\n|rule|Evasion Moves Clause: Evasion moves are banned\n|rule|Endless Battle Clause: Forcing endless battles is banned\n|rule|HP Percentage Mod: HP is shown in percentages\n|clearpoke\n|poke|p1|Vaporeon, M|\n|poke|p1|Sneasel, M|\n|poke|p1|Gliscor, F|\n|poke|p1|Gallade, M|\n|poke|p1|Impidimp, M|\n|poke|p1|Kingambit, F|\n|poke|p2|Zarude|\n|poke|p2|Moltres-Galar|\n|poke|p2|Scream Tail|\n|poke|p2|Toxtricity, M|\n|poke|p2|Froslass, F|\n|poke|p2|Dudunsparce-*, M|\n|teampreview\n|j| nicneg\n|j| SamsungS5\n|j| StealthR2\n|l| SamsungS5\n|c|\u2606beyondsoulfang|HF :)\n|c|\u2606marvin1|you too\n|j| SamsungS5\n|\n|t:|1698228085\n|start\n|switch|p1a: bubblegum|Impidimp, M|100\/100\n|switch|p2a: Moltres|Moltres-Galar|100\/100\n|turn|1\n|\n|t:|1698228111\n|switch|p1a: shark|Vaporeon, M|100\/100\n|move|p2a: Moltres|Hurricane|p1a: shark\n|-damage|p1a: shark|67\/100\n|\n|-heal|p1a: shark|73\/100|[from] item: Leftovers\n|upkeep\n|turn|2\n|\n|t:|1698228141\n|switch|p2a: Toxtricity|Toxtricity, M|100\/100\n|move|p1a: shark|Substitute|p1a: shark\n|-start|p1a: shark|Substitute\n|-damage|p1a: shark|48\/100\n|\n|-heal|p1a: shark|54\/100|[from] item: Leftovers\n|upkeep\n|turn|3\n|c| SamsungS5|glad Emma isn\u2019t watching this match\n|\n|t:|1698228166\n|move|p2a: Toxtricity|Boomburst|p1a: shark\n|-damage|p1a: shark|0 fnt\n|faint|p1a: shark\n|\n|upkeep\n|\n|t:|1698228188\n|switch|p1a: bubblegum|Impidimp, M|100\/100\n|turn|4\n|\n|t:|1698228195\n|move|p1a: bubblegum|Light Screen|p1a: bubblegum\n|-sidestart|p1: marvin1|move: Light Screen\n|move|p2a: Toxtricity|Boomburst|p1a: bubblegum\n|-damage|p1a: bubblegum|32\/100\n|\n|upkeep\n|turn|5\n|l| SamsungS5\n|\n|t:|1698228217\n|switch|p1a: blue beetle|Kingambit, F, shiny|100\/100\n|-activate|p1a: blue beetle|ability: Supreme Overlord\n|-start|p1a: blue beetle|fallen1|[silent]\n|move|p2a: Toxtricity|Boomburst|p1a: blue beetle\n|-resisted|p1a: blue beetle\n|-damage|p1a: blue beetle|86\/100\n|\n|upkeep\n|turn|6\n|\n|t:|1698228233\n|switch|p2a: Froslass|Froslass, F|100\/100\n|move|p1a: blue beetle|Kowtow Cleave|p2a: Froslass\n|-supereffective|p2a: Froslass\n|-damage|p2a: Froslass|0 fnt\n|-start|p1a: blue beetle|Disable|Kowtow Cleave|[from] ability: Cursed Body|[of] p2a: Froslass\n|faint|p2a: Froslass\n|\n|upkeep\n|\n|t:|1698228264\n|switch|p2a: Dudunsparce|Dudunsparce, M|100\/100\n|turn|7\n|\n|t:|1698228275\n|move|p2a: Dudunsparce|Body Slam|p1a: blue beetle\n|-resisted|p1a: blue beetle\n|-damage|p1a: blue beetle|73\/100\n|move|p1a: blue beetle|Brick Break|p2a: Dudunsparce\n|-supereffective|p2a: Dudunsparce\n|-damage|p2a: Dudunsparce|31\/100\n|\n|upkeep\n|turn|8\n|\n|t:|1698228282\n|move|p2a: Dudunsparce|Body Slam|p1a: blue beetle\n|-resisted|p1a: blue beetle\n|-damage|p1a: blue beetle|60\/100\n|-status|p1a: blue beetle|par\n|move|p1a: blue beetle|Brick Break|p2a: Dudunsparce\n|-supereffective|p2a: Dudunsparce\n|-damage|p2a: Dudunsparce|0 fnt\n|faint|p2a: Dudunsparce\n|\n|upkeep\n|\n|t:|1698228303\n|switch|p2a: Zarude|Zarude|100\/100\n|turn|9\n|\n|t:|1698228330\n|-end|p1a: blue beetle|fallen1|[silent]\n|switch|p1a: bubblegum|Impidimp, M|32\/100\n|move|p2a: Zarude|Bulk Up|p2a: Zarude\n|-boost|p2a: Zarude|atk|1\n|-boost|p2a: Zarude|def|1\n|\n|upkeep\n|turn|10\n|\n|t:|1698228344\n|move|p1a: bubblegum|Taunt|p2a: Zarude\n|-hint|Since gen 7, Dark is immune to Prankster moves.\n|-immune|p2a: Zarude\n|move|p2a: Zarude|Seed Bomb|p1a: bubblegum\n|-damage|p1a: bubblegum|0 fnt\n|faint|p1a: bubblegum\n|-damage|p2a: Zarude|91\/100|[from] item: Life Orb\n|\n|upkeep\n|\n|t:|1698228357\n|switch|p1a: nosferatu|Gliscor, F|100\/100\n|turn|11\n|\n|t:|1698228387\n|-terastallize|p2a: Zarude|Steel\n|move|p2a: Zarude|Bulk Up|p2a: Zarude\n|-boost|p2a: Zarude|atk|1\n|-boost|p2a: Zarude|def|1\n|move|p1a: nosferatu|Toxic|p2a: Zarude\n|-immune|p2a: Zarude\n|\n|-sideend|p1: marvin1|move: Light Screen\n|-status|p1a: nosferatu|tox|[from] item: Toxic Orb\n|upkeep\n|turn|12\n|\n|t:|1698228405\n|move|p2a: Zarude|Seed Bomb|p1a: nosferatu\n|-crit|p1a: nosferatu\n|-damage|p1a: nosferatu|0 fnt\n|faint|p1a: nosferatu\n|-damage|p2a: Zarude|81\/100|[from] item: Life Orb\n|\n|upkeep\n|\n|t:|1698228410\n|switch|p1a: excalibur|Gallade, M|100\/100\n|turn|13\n|\n|t:|1698228424\n|-terastallize|p1a: excalibur|Dark\n|move|p2a: Zarude|Crunch|p1a: excalibur\n|-resisted|p1a: excalibur\n|-damage|p1a: excalibur|3\/100\n|-unboost|p1a: excalibur|def|1\n|-damage|p2a: Zarude|71\/100|[from] item: Life Orb\n|move|p1a: excalibur|Sacred Sword|p2a: Zarude\n|-supereffective|p2a: Zarude\n|-damage|p2a: Zarude|0 fnt\n|faint|p2a: Zarude\n|-damage|p1a: excalibur|0 fnt|[from] item: Life Orb\n|faint|p1a: excalibur\n|\n|upkeep\n|\n|t:|1698228454\n|switch|p2a: Toxtricity|Toxtricity, M|100\/100\n|switch|p1a: blue beetle|Kingambit, F, shiny|60\/100 par\n|-activate|p1a: blue beetle|ability: Supreme Overlord\n|-start|p1a: blue beetle|fallen4|[silent]\n|turn|14\n|\n|t:|1698228506\n|move|p1a: blue beetle|Sucker Punch|p2a: Toxtricity\n|-damage|p2a: Toxtricity|21\/100\n|move|p2a: Toxtricity|Volt Switch|p1a: blue beetle\n|-damage|p1a: blue beetle|23\/100 par\n|\n|t:|1698228525\n|switch|p2a: Scream Tail|Scream Tail|100\/100|[from] Volt Switch\n|\n|upkeep\n|turn|15\n|\n|t:|1698228544\n|move|p2a: Scream Tail|Encore|p1a: blue beetle\n|-start|p1a: blue beetle|Encore\n|cant|p1a: blue beetle|par\n|\n|upkeep\n|turn|16\n|\n|t:|1698228553\n|move|p1a: blue beetle|Sucker Punch|p2a: Scream Tail\n|-crit|p2a: Scream Tail\n|-damage|p2a: Scream Tail|35\/100\n|move|p2a: Scream Tail|Dazzling Gleam|p1a: blue beetle\n|-damage|p1a: blue beetle|11\/100 par\n|\n|-heal|p2a: Scream Tail|41\/100|[from] item: Leftovers\n|upkeep\n|turn|17\n|\n|t:|1698228572\n|cant|p1a: blue beetle|par\n|move|p2a: Scream Tail|Wish|p2a: Scream Tail\n|\n|-heal|p2a: Scream Tail|47\/100|[from] item: Leftovers\n|-end|p1a: blue beetle|Encore\n|upkeep\n|turn|18\n|\n|t:|1698228580\n|move|p2a: Scream Tail|Protect|p2a: Scream Tail\n|-singleturn|p2a: Scream Tail|Protect\n|cant|p1a: blue beetle|par\n|\n|-heal|p2a: Scream Tail|97\/100|[from] move: Wish|[wisher] Scream Tail\n|-heal|p2a: Scream Tail|100\/100|[from] item: Leftovers\n|upkeep\n|turn|19\n|\n|t:|1698228602\n|move|p2a: Scream Tail|Dazzling Gleam|p1a: blue beetle\n|-damage|p1a: blue beetle|0 fnt\n|faint|p1a: blue beetle\n|-end|p1a: blue beetle|fallen4|[silent]\n|\n|upkeep\n|\n|t:|1698228606\n|switch|p1a: naydra|Sneasel, M, shiny|100\/100\n|turn|20\n|\n|t:|1698228614\n|move|p2a: Scream Tail|Protect|p2a: Scream Tail\n|-singleturn|p2a: Scream Tail|Protect\n|move|p1a: naydra|Icicle Crash|p2a: Scream Tail\n|-activate|p2a: Scream Tail|move: Protect\n|\n|upkeep\n|turn|21\n|\n|t:|1698228623\n|move|p1a: naydra|Icicle Crash|p2a: Scream Tail\n|-damage|p2a: Scream Tail|62\/100\n|move|p2a: Scream Tail|Dazzling Gleam|p1a: naydra\n|-supereffective|p1a: naydra\n|-damage|p1a: naydra|33\/100\n|\n|-heal|p2a: Scream Tail|68\/100|[from] item: Leftovers\n|upkeep\n|turn|22\n|\n|t:|1698228631\n|move|p2a: Scream Tail|Protect|p2a: Scream Tail\n|-singleturn|p2a: Scream Tail|Protect\n|move|p1a: naydra|Icicle Crash|p2a: Scream Tail\n|-activate|p2a: Scream Tail|move: Protect\n|\n|-heal|p2a: Scream Tail|74\/100|[from] item: Leftovers\n|upkeep\n|turn|23\n|\n|t:|1698228642\n|move|p1a: naydra|Icicle Crash|p2a: Scream Tail\n|-damage|p2a: Scream Tail|30\/100\n|move|p2a: Scream Tail|Dazzling Gleam|p1a: naydra\n|-supereffective|p1a: naydra\n|-damage|p1a: naydra|0 fnt\n|faint|p1a: naydra\n|\n|win|beyondsoulfang\n|l| nicneg\n|c|\u2606marvin1|ggs\n|c|\u2606beyondsoulfang|gg\n","uploadtime":1698228651,"views":37,"p1id":"marvin1","p2id":"beyondsoulfang","formatid":"gen9ubers","rating":0,"private":0,"password":""}