{"id":"gen9ubers-1986857192","p1":"Sinnerofgod","p2":"Toasterina","format":"[Gen 9] Ubers","log":"|j|\u2606Sinnerofgod\n|j|\u2606Toasterina\n|t:|1699534744\n|gametype|singles\n|player|p1|Sinnerofgod|richboy-gen4|1125\n|player|p2|Toasterina|102|1186\n|teamsize|p1|6\n|teamsize|p2|6\n|gen|9\n|tier|[Gen 9] Ubers\n|rated|\n|rule|Sleep Clause Mod: Limit one foe put to sleep\n|rule|Species Clause: Limit one of each Pok\u00e9mon\n|rule|OHKO Clause: OHKO moves are banned\n|rule|Evasion Items Clause: Evasion items are banned\n|rule|Evasion Moves Clause: Evasion moves are banned\n|rule|Endless Battle Clause: Forcing endless battles is banned\n|rule|HP Percentage Mod: HP is shown in percentages\n|clearpoke\n|poke|p1|Pikachu, M|\n|poke|p1|Ninetales-Alola, M|\n|poke|p1|Clefable, M|\n|poke|p1|Kingambit, M|\n|poke|p1|Cinderace, M|\n|poke|p1|Ditto|\n|poke|p2|Zacian-*|\n|poke|p2|Ursaluna-Bloodmoon, M|\n|poke|p2|Koraidon|\n|poke|p2|Flutter Mane|\n|poke|p2|Ogerpon-Hearthflame, F|\n|poke|p2|Chi-Yu|\n|teampreview\n|\n|t:|1699534752\n|start\n|switch|p1a: Pikachu|Pikachu, M|100\/100\n|switch|p2a: Ursaluna|Ursaluna-Bloodmoon, M|100\/100\n|turn|1\n|\n|t:|1699534756\n|move|p1a: Pikachu|Knock Off|p2a: Ursaluna\n|-damage|p2a: Ursaluna|69\/100\n|-enditem|p2a: Ursaluna|Leftovers|[from] move: Knock Off|[of] p1a: Pikachu\n|move|p2a: Ursaluna|Calm Mind|p2a: Ursaluna\n|-boost|p2a: Ursaluna|spa|1\n|-boost|p2a: Ursaluna|spd|1\n|\n|upkeep\n|turn|2\n|\n|t:|1699534760\n|move|p1a: Pikachu|Play Rough|p2a: Ursaluna\n|-damage|p2a: Ursaluna|41\/100\n|move|p2a: Ursaluna|Blood Moon|p1a: Pikachu\n|-damage|p1a: Pikachu|0 fnt\n|faint|p1a: Pikachu\n|\n|upkeep\n|\n|t:|1699534770\n|switch|p1a: Cinderace|Cinderace, M|100\/100\n|turn|3\n|\n|t:|1699534773\n|move|p1a: Cinderace|Super Fang|p2a: Ursaluna\n|-damage|p2a: Ursaluna|21\/100\n|move|p2a: Ursaluna|Earth Power|p1a: Cinderace\n|-supereffective|p1a: Cinderace\n|-damage|p1a: Cinderace|0 fnt\n|faint|p1a: Cinderace\n|\n|upkeep\n|\n|t:|1699534777\n|switch|p1a: Ditto|Ditto|100\/100\n|-transform|p1a: Ditto|p2a: Ursaluna|[from] ability: Imposter\n|turn|4\n|\n|t:|1699534792\n|move|p1a: Ditto|Earth Power|p2a: Ursaluna\n|-damage|p2a: Ursaluna|0 fnt\n|faint|p2a: Ursaluna\n|\n|upkeep\n|\n|t:|1699534796\n|switch|p2a: Koraidon|Koraidon|100\/100\n|-weather|SunnyDay|[from] ability: Orichalcum Pulse|[of] p2a: Koraidon\n|-activate|p2a: Koraidon|Orichalcum Pulse|[source]\n|turn|5\n|\n|t:|1699534804\n|move|p2a: Koraidon|Collision Course|p1a: Ditto\n|-supereffective|p1a: Ditto\n|-damage|p1a: Ditto|0 fnt\n|faint|p1a: Ditto\n|\n|-weather|SunnyDay|[upkeep]\n|upkeep\n|\n|t:|1699534831\n|switch|p1a: Ninetales|Ninetales-Alola, M, shiny|100\/100\n|-weather|Snow|[from] ability: Snow Warning|[of] p1a: Ninetales\n|turn|6\n|\n|t:|1699534839\n|switch|p2a: Zacian|Zacian-Crowned|100\/100\n|-ability|p2a: Zacian|Intrepid Sword|boost\n|-boost|p2a: Zacian|atk|1\n|move|p1a: Ninetales|Aurora Veil|p1a: Ninetales\n|-sidestart|p1: Sinnerofgod|move: Aurora Veil\n|\n|-weather|Snow|[upkeep]\n|upkeep\n|turn|7\n|\n|t:|1699534865\n|-terastallize|p2a: Zacian|Fire\n|move|p2a: Zacian|Tera Blast|p1a: Ninetales|[anim] Tera Blast Fire\n|-supereffective|p1a: Ninetales\n|-damage|p1a: Ninetales|42\/100\n|move|p1a: Ninetales|Roar|p2a: Zacian\n|drag|p2a: Flutter Mane|Flutter Mane|100\/100\n|\n|-weather|Snow|[upkeep]\n|upkeep\n|turn|8\n|\n|t:|1699534873\n|switch|p1a: Clefable|Clefable, M|100\/100\n|move|p2a: Flutter Mane|Dazzling Gleam|p1a: Clefable\n|-damage|p1a: Clefable|75\/100\n|-damage|p2a: Flutter Mane|91\/100|[from] item: Life Orb\n|\n|-weather|Snow|[upkeep]\n|-heal|p1a: Clefable|81\/100|[from] item: Leftovers\n|upkeep\n|turn|9\n|\n|t:|1699534884\n|-end|p2a: Flutter Mane|Protosynthesis|[silent]\n|switch|p2a: Zacian|Zacian-Crowned, tera:Fire|100\/100\n|move|p1a: Clefable|Cosmic Power|p1a: Clefable\n|-boost|p1a: Clefable|def|1\n|-boost|p1a: Clefable|spd|1\n|\n|-weather|Snow|[upkeep]\n|-heal|p1a: Clefable|88\/100|[from] item: Leftovers\n|upkeep\n|turn|10\n|\n|t:|1699534891\n|move|p2a: Zacian|Behemoth Blade|p1a: Clefable\n|-supereffective|p1a: Clefable\n|-damage|p1a: Clefable|46\/100\n|move|p1a: Clefable|Cosmic Power|p1a: Clefable\n|-boost|p1a: Clefable|def|1\n|-boost|p1a: Clefable|spd|1\n|\n|-weather|none\n|-heal|p1a: Clefable|52\/100|[from] item: Leftovers\n|upkeep\n|turn|11\n|\n|t:|1699534897\n|-terastallize|p1a: Clefable|Steel\n|move|p2a: Zacian|Behemoth Blade|p1a: Clefable\n|-resisted|p1a: Clefable\n|-damage|p1a: Clefable|44\/100\n|move|p1a: Clefable|Moonlight|p1a: Clefable\n|-heal|p1a: Clefable|94\/100\n|\n|-heal|p1a: Clefable|99\/100|[from] item: Leftovers\n|upkeep\n|turn|12\n|\n|t:|1699534904\n|move|p2a: Zacian|Tera Blast|p1a: Clefable|[anim] Tera Blast Fire\n|-supereffective|p1a: Clefable\n|-damage|p1a: Clefable|74\/100\n|move|p1a: Clefable|Cosmic Power|p1a: Clefable\n|-boost|p1a: Clefable|def|1\n|-boost|p1a: Clefable|spd|1\n|\n|-heal|p1a: Clefable|80\/100|[from] item: Leftovers\n|upkeep\n|turn|13\n|\n|t:|1699534907\n|move|p2a: Zacian|Tera Blast|p1a: Clefable|[anim] Tera Blast Fire\n|-supereffective|p1a: Clefable\n|-damage|p1a: Clefable|61\/100\n|move|p1a: Clefable|Cosmic Power|p1a: Clefable\n|-boost|p1a: Clefable|def|1\n|-boost|p1a: Clefable|spd|1\n|\n|-heal|p1a: Clefable|67\/100|[from] item: Leftovers\n|-sideend|p1: Sinnerofgod|move: Aurora Veil\n|upkeep\n|turn|14\n|\n|t:|1699534910\n|move|p2a: Zacian|Tera Blast|p1a: Clefable|[anim] Tera Blast Fire\n|-supereffective|p1a: Clefable\n|-damage|p1a: Clefable|32\/100\n|move|p1a: Clefable|Moonlight|p1a: Clefable\n|-heal|p1a: Clefable|82\/100\n|\n|-heal|p1a: Clefable|88\/100|[from] item: Leftovers\n|upkeep\n|turn|15\n|\n|t:|1699534914\n|move|p2a: Zacian|Tera Blast|p1a: Clefable|[anim] Tera Blast Fire\n|-supereffective|p1a: Clefable\n|-damage|p1a: Clefable|51\/100\n|move|p1a: Clefable|Cosmic Power|p1a: Clefable\n|-boost|p1a: Clefable|def|1\n|-boost|p1a: Clefable|spd|1\n|\n|-heal|p1a: Clefable|57\/100|[from] item: Leftovers\n|upkeep\n|turn|16\n|\n|t:|1699534918\n|move|p2a: Zacian|Tera Blast|p1a: Clefable|[anim] Tera Blast Fire\n|-supereffective|p1a: Clefable\n|-damage|p1a: Clefable|24\/100\n|move|p1a: Clefable|Moonlight|p1a: Clefable\n|-heal|p1a: Clefable|74\/100\n|\n|-heal|p1a: Clefable|80\/100|[from] item: Leftovers\n|upkeep\n|turn|17\n|inactive|Battle timer is ON: inactive players will automatically lose when time's up. (requested by Toasterina)\n|\n|t:|1699534990\n|move|p2a: Zacian|Tera Blast|p1a: Clefable|[anim] Tera Blast Fire\n|-supereffective|p1a: Clefable\n|-damage|p1a: Clefable|52\/100\n|move|p1a: Clefable|Moonlight|p1a: Clefable\n|-heal|p1a: Clefable|100\/100\n|\n|upkeep\n|turn|18\n|\n|t:|1699534996\n|move|p2a: Zacian|Tera Blast|p1a: Clefable|[anim] Tera Blast Fire\n|-supereffective|p1a: Clefable\n|-damage|p1a: Clefable|72\/100\n|move|p1a: Clefable|Cosmic Power|p1a: Clefable\n|-boost|p1a: Clefable|def|1\n|-boost|p1a: Clefable|spd|1\n|\n|-heal|p1a: Clefable|78\/100|[from] item: Leftovers\n|upkeep\n|turn|19\n|\n|t:|1699535001\n|move|p2a: Zacian|Swords Dance|p2a: Zacian\n|-boost|p2a: Zacian|atk|2\n|move|p1a: Clefable|Stored Power|p2a: Zacian\n|-damage|p2a: Zacian|27\/100\n|\n|-heal|p1a: Clefable|84\/100|[from] item: Leftovers\n|upkeep\n|turn|20\n|\n|t:|1699535007\n|move|p2a: Zacian|Tera Blast|p1a: Clefable|[anim] Tera Blast Fire\n|-supereffective|p1a: Clefable\n|-damage|p1a: Clefable|27\/100\n|move|p1a: Clefable|Stored Power|p2a: Zacian\n|-damage|p2a: Zacian|0 fnt\n|faint|p2a: Zacian\n|\n|-heal|p1a: Clefable|33\/100|[from] item: Leftovers\n|upkeep\n|\n|t:|1699535011\n|switch|p2a: Koraidon|Koraidon|100\/100\n|-weather|SunnyDay|[from] ability: Orichalcum Pulse|[of] p2a: Koraidon\n|-activate|p2a: Koraidon|Orichalcum Pulse|[source]\n|turn|21\n|\n|t:|1699535017\n|move|p2a: Koraidon|Collision Course|p1a: Clefable\n|-supereffective|p1a: Clefable\n|-damage|p1a: Clefable|0 fnt\n|faint|p1a: Clefable\n|\n|-weather|SunnyDay|[upkeep]\n|upkeep\n|\n|t:|1699535020\n|switch|p1a: Ninetales|Ninetales-Alola, M, shiny|42\/100\n|-weather|Snow|[from] ability: Snow Warning|[of] p1a: Ninetales\n|turn|22\n|\n|t:|1699535023\n|move|p2a: Koraidon|Collision Course|p1a: Ninetales\n|-damage|p1a: Ninetales|0 fnt\n|faint|p1a: Ninetales\n|\n|-weather|Snow|[upkeep]\n|upkeep\n|\n|t:|1699535026\n|switch|p1a: Kingambit|Kingambit, M|100\/100\n|-activate|p1a: Kingambit|ability: Supreme Overlord\n|-start|p1a: Kingambit|fallen5|[silent]\n|turn|23\n|\n|t:|1699535033\n|switch|p2a: Chi-Yu|Chi-Yu|100\/100\n|-ability|p2a: Chi-Yu|Beads of Ruin\n|move|p1a: Kingambit|Sucker Punch||[still]\n|-fail|p1a: Kingambit\n|\n|-weather|Snow|[upkeep]\n|upkeep\n|turn|24\n|\n|t:|1699535041\n|move|p1a: Kingambit|Sucker Punch|p2a: Chi-Yu\n|-resisted|p2a: Chi-Yu\n|-damage|p2a: Chi-Yu|48\/100\n|move|p2a: Chi-Yu|Flamethrower|p1a: Kingambit\n|-supereffective|p1a: Kingambit\n|-damage|p1a: Kingambit|0 fnt\n|faint|p1a: Kingambit\n|-end|p1a: Kingambit|fallen5|[silent]\n|\n|win|Toasterina\n|raw|Sinnerofgod's rating: 1125 &rarr; <strong>1104<\/strong><br \/>(-21 for losing)\n|raw|Toasterina's rating: 1186 &rarr; <strong>1207<\/strong><br \/>(+21 for winning)\n|l|\u2606Sinnerofgod\n","uploadtime":1699535051,"views":22,"p1id":"sinnerofgod","p2id":"toasterina","formatid":"gen9ubers","rating":1104,"private":0,"password":""}