{"id":"gen9ubers-1983476199","p1":"Bring The Propain","p2":"FIRE LORD AESON!","format":"[Gen 9] Ubers","log":"|j|\u2606Bring The Propain\n|j|\u2606FIRE LORD AESON!\n|t:|1699134196\n|gametype|singles\n|player|p1|Bring The Propain|li|1309\n|player|p2|FIRE LORD AESON!|red-gen1|1178\n|teamsize|p1|6\n|teamsize|p2|6\n|gen|9\n|tier|[Gen 9] Ubers\n|rated|\n|rule|Sleep Clause Mod: Limit one foe put to sleep\n|rule|Species Clause: Limit one of each Pok\u00e9mon\n|rule|OHKO Clause: OHKO moves are banned\n|rule|Evasion Items Clause: Evasion items are banned\n|rule|Evasion Moves Clause: Evasion moves are banned\n|rule|Endless Battle Clause: Forcing endless battles is banned\n|rule|HP Percentage Mod: HP is shown in percentages\n|clearpoke\n|poke|p1|Miraidon|\n|poke|p1|Iron Valiant|\n|poke|p1|Volcarona, F|\n|poke|p1|Ogerpon-Hearthflame, F|\n|poke|p1|Eternatus|\n|poke|p1|Regieleki|\n|poke|p2|Torkoal, F|\n|poke|p2|Hatterene, F|\n|poke|p2|Kommo-o, M|\n|poke|p2|Cinderace, F|\n|poke|p2|Great Tusk|\n|poke|p2|Heatran, M|\n|teampreview\n|\n|t:|1699134208\n|start\n|switch|p1a: Miraidon|Miraidon|100\/100\n|switch|p2a: SUBSCRIBE 2 AESON!|Torkoal, F|100\/100\n|-fieldstart|move: Electric Terrain|[from] ability: Hadron Engine|[of] p1a: Miraidon\n|-weather|SunnyDay|[from] ability: Drought|[of] p2a: SUBSCRIBE 2 AESON!\n|turn|1\n|\n|t:|1699134216\n|move|p1a: Miraidon|Draco Meteor|p2a: SUBSCRIBE 2 AESON!\n|-damage|p2a: SUBSCRIBE 2 AESON!|16\/100\n|-unboost|p1a: Miraidon|spa|2\n|-enditem|p1a: Miraidon|Eject Pack\n|\n|t:|1699134221\n|switch|p1a: Regieleki|Regieleki|100\/100\n|move|p2a: SUBSCRIBE 2 AESON!|Stealth Rock|p1a: Regieleki\n|-sidestart|p1: Bring The Propain|move: Stealth Rock\n|\n|-weather|SunnyDay|[upkeep]\n|upkeep\n|turn|2\n|\n|t:|1699134231\n|switch|p2a: GEN 1 > GEN 9?|Great Tusk|100\/100\n|-activate|p2a: GEN 1 > GEN 9?|ability: Protosynthesis\n|-start|p2a: GEN 1 > GEN 9?|protosynthesisatk\n|move|p1a: Regieleki|Rapid Spin|p2a: GEN 1 > GEN 9?\n|-damage|p2a: GEN 1 > GEN 9?|86\/100\n|-boost|p1a: Regieleki|spe|1\n|-sideend|p1: Bring The Propain|Stealth Rock|[from] move: Rapid Spin|[of] p1a: Regieleki\n|-damage|p1a: Regieleki|91\/100|[from] item: Life Orb\n|\n|-weather|SunnyDay|[upkeep]\n|upkeep\n|turn|3\n|\n|t:|1699134241\n|move|p1a: Regieleki|Explosion|p2a: GEN 1 > GEN 9?\n|-damage|p2a: GEN 1 > GEN 9?|12\/100\n|faint|p1a: Regieleki\n|move|p2a: GEN 1 > GEN 9?|Headlong Rush|p1: Regieleki|[notarget]\n|-fail|p2a: GEN 1 > GEN 9?\n|\n|-weather|SunnyDay|[upkeep]\n|upkeep\n|\n|t:|1699134252\n|switch|p1a: Volcarona|Volcarona, F|100\/100\n|turn|4\n|\n|t:|1699134256\n|move|p1a: Volcarona|Fiery Dance|p2a: GEN 1 > GEN 9?\n|-damage|p2a: GEN 1 > GEN 9?|0 fnt\n|faint|p2a: GEN 1 > GEN 9?\n|-end|p2a: GEN 1 > GEN 9?|Protosynthesis|[silent]\n|\n|-weather|SunnyDay|[upkeep]\n|upkeep\n|\n|t:|1699134266\n|switch|p2a: PLAYBOY|Cinderace, F|100\/100\n|turn|5\n|\n|t:|1699134271\n|move|p2a: PLAYBOY|Pyro Ball|p1a: Volcarona|[miss]\n|-miss|p2a: PLAYBOY|p1a: Volcarona\n|move|p1a: Volcarona|Fiery Dance|p2a: PLAYBOY\n|-resisted|p2a: PLAYBOY\n|-damage|p2a: PLAYBOY|59\/100\n|-boost|p1a: Volcarona|spa|1\n|\n|-weather|SunnyDay|[upkeep]\n|-fieldend|move: Electric Terrain\n|upkeep\n|turn|6\n|\n|t:|1699134278\n|move|p2a: PLAYBOY|Pyro Ball|p1a: Volcarona\n|-damage|p1a: Volcarona|0 fnt\n|faint|p1a: Volcarona\n|-damage|p2a: PLAYBOY|49\/100|[from] item: Life Orb\n|\n|-weather|SunnyDay|[upkeep]\n|upkeep\n|\n|t:|1699134285\n|switch|p1a: Miraidon|Miraidon|100\/100\n|-fieldstart|move: Electric Terrain|[from] ability: Hadron Engine|[of] p1a: Miraidon\n|turn|7\n|\n|t:|1699134290\n|move|p2a: PLAYBOY|Sucker Punch|p1a: Miraidon\n|-start|p2a: PLAYBOY|typechange|Dark|[from] ability: Libero\n|-damage|p1a: Miraidon|59\/100\n|-damage|p2a: PLAYBOY|39\/100|[from] item: Life Orb\n|move|p1a: Miraidon|Volt Switch|p2a: PLAYBOY\n|-damage|p2a: PLAYBOY|0 fnt\n|faint|p2a: PLAYBOY\n|\n|t:|1699134299\n|switch|p1a: Iron Valiant|Iron Valiant|100\/100|[from] Volt Switch\n|-activate|p1a: Iron Valiant|ability: Quark Drive\n|-start|p1a: Iron Valiant|quarkdrivespe\n|\n|-weather|SunnyDay|[upkeep]\n|upkeep\n|\n|t:|1699134320\n|switch|p2a: SEXY @ESON UTUBE!|Hatterene, F|100\/100\n|turn|8\n|\n|t:|1699134325\n|move|p1a: Iron Valiant|Destiny Bond|p1a: Iron Valiant\n|-singlemove|p1a: Iron Valiant|Destiny Bond\n|move|p2a: SEXY @ESON UTUBE!|Draining Kiss|p1a: Iron Valiant\n|-supereffective|p1a: Iron Valiant\n|-damage|p1a: Iron Valiant|0 fnt\n|faint|p1a: Iron Valiant\n|-activate|p1a: Iron Valiant|move: Destiny Bond\n|-end|p1a: Iron Valiant|Quark Drive|[silent]\n|faint|p2a: SEXY @ESON UTUBE!\n|\n|-weather|none\n|upkeep\n|\n|t:|1699134346\n|switch|p1a: Ogerpon|Ogerpon-Hearthflame, F|100\/100\n|switch|p2a: ROAD 2 RESPECT!|Heatran, M|100\/100\n|-ability|p1a: Ogerpon|Mold Breaker\n|-item|p2a: ROAD 2 RESPECT!|Air Balloon\n|turn|9\n|\n|t:|1699134369\n|switch|p1a: Eternatus|Eternatus|100\/100\n|-ability|p1a: Eternatus|Pressure\n|move|p2a: ROAD 2 RESPECT!|Magma Storm|p1a: Eternatus|[miss]\n|-miss|p2a: ROAD 2 RESPECT!|p1a: Eternatus\n|\n|upkeep\n|turn|10\n|\n|t:|1699134381\n|switch|p1a: Miraidon|Miraidon|59\/100\n|-activate|p1a: Miraidon|ability: Hadron Engine\n|move|p2a: ROAD 2 RESPECT!|Earth Power|p1a: Miraidon\n|-supereffective|p1a: Miraidon\n|-damage|p1a: Miraidon|0 fnt\n|faint|p1a: Miraidon\n|\n|upkeep\n|\n|t:|1699134389\n|switch|p1a: Ogerpon|Ogerpon-Hearthflame, F|100\/100\n|-ability|p1a: Ogerpon|Mold Breaker\n|turn|11\n|\n|t:|1699134394\n|move|p1a: Ogerpon|Ivy Cudgel|p2a: ROAD 2 RESPECT!\n|-damage|p2a: ROAD 2 RESPECT!|59\/100\n|-enditem|p2a: ROAD 2 RESPECT!|Air Balloon\n|move|p2a: ROAD 2 RESPECT!|Magma Storm|p1a: Ogerpon\n|-damage|p1a: Ogerpon|41\/100\n|-activate|p1a: Ogerpon|move: Magma Storm|[of] p2a: ROAD 2 RESPECT!\n|\n|-damage|p1a: Ogerpon|28\/100|[from] move: Magma Storm|[partiallytrapped]\n|-fieldend|move: Electric Terrain\n|upkeep\n|turn|12\n|\n|t:|1699134409\n|switch|p2a: SUBSCRIBE 2 AESON!|Torkoal, F|16\/100\n|-weather|SunnyDay|[from] ability: Drought|[of] p2a: SUBSCRIBE 2 AESON!\n|-terastallize|p1a: Ogerpon|Fire\n|detailschange|p1a: Ogerpon|Ogerpon-Hearthflame-Tera, F, tera:Fire\n|-ability|p1a: Ogerpon|Embody Aspect (Hearthflame)|boost\n|-boost|p1a: Ogerpon|atk|1\n|move|p1a: Ogerpon|Ivy Cudgel|p2a: SUBSCRIBE 2 AESON!\n|-resisted|p2a: SUBSCRIBE 2 AESON!\n|-damage|p2a: SUBSCRIBE 2 AESON!|0 fnt\n|faint|p2a: SUBSCRIBE 2 AESON!\n|\n|-weather|SunnyDay|[upkeep]\n|-end|p1a: Ogerpon|Magma Storm|[partiallytrapped]|[silent]\n|upkeep\n|\n|t:|1699134414\n|switch|p2a: AESON SCORSESE|Kommo-o, M|100\/100\n|turn|13\n|\n|t:|1699134432\n|switch|p1a: Eternatus|Eternatus|100\/100\n|-ability|p1a: Eternatus|Pressure\n|move|p2a: AESON SCORSESE|Clangorous Soul|p2a: AESON SCORSESE\n|-boost|p2a: AESON SCORSESE|atk|1\n|-boost|p2a: AESON SCORSESE|def|1\n|-boost|p2a: AESON SCORSESE|spa|1\n|-boost|p2a: AESON SCORSESE|spd|1\n|-boost|p2a: AESON SCORSESE|spe|1\n|-damage|p2a: AESON SCORSESE|68\/100\n|\n|-weather|SunnyDay|[upkeep]\n|upkeep\n|turn|14\n|\n|t:|1699134444\n|-terastallize|p2a: AESON SCORSESE|Steel\n|move|p2a: AESON SCORSESE|Clanging Scales|p1a: Eternatus\n|-supereffective|p1a: Eternatus\n|-damage|p1a: Eternatus|10\/100\n|-unboost|p2a: AESON SCORSESE|def|1\n|move|p1a: Eternatus|Sludge Bomb|p2a: AESON SCORSESE\n|-immune|p2a: AESON SCORSESE\n|\n|-weather|SunnyDay|[upkeep]\n|-heal|p1a: Eternatus|16\/100|[from] item: Leftovers\n|upkeep\n|turn|15\n|\n|t:|1699134455\n|move|p2a: AESON SCORSESE|Clanging Scales|p1a: Eternatus\n|-supereffective|p1a: Eternatus\n|-damage|p1a: Eternatus|0 fnt\n|faint|p1a: Eternatus\n|-unboost|p2a: AESON SCORSESE|def|1\n|\n|-weather|SunnyDay|[upkeep]\n|upkeep\n|\n|t:|1699134461\n|switch|p1a: Ogerpon|Ogerpon-Hearthflame-Tera, F, tera:Fire|28\/100\n|-ability|p1a: Ogerpon|Embody Aspect (Hearthflame)|boost\n|-boost|p1a: Ogerpon|atk|1\n|turn|16\n|\n|t:|1699134467\n|move|p2a: AESON SCORSESE|Clanging Scales|p1a: Ogerpon\n|-damage|p1a: Ogerpon|0 fnt\n|faint|p1a: Ogerpon\n|\n|win|FIRE LORD AESON!\n|raw|Bring The Propain's rating: 1309 &rarr; <strong>1282<\/strong><br \/>(-27 for losing)\n|raw|FIRE LORD AESON!'s rating: 1178 &rarr; <strong>1212<\/strong><br \/>(+34 for winning)\n|l|\u2606Bring The Propain\n","uploadtime":1699134475,"views":8,"p1id":"bringthepropain","p2id":"firelordaeson","formatid":"gen9ubers","rating":1212,"private":0,"password":""}