{"id":"gen9ubers-1995770792","p1":"Otteroreo","p2":"JumboSauce","format":"[Gen 9] Ubers","log":"|j|\u2606Otteroreo\n|j|\u2606JumboSauce\n|t:|1700601559\n|gametype|singles\n|player|p1|Otteroreo|karen|\n|player|p2|JumboSauce|pokemaniac|\n|teamsize|p1|6\n|teamsize|p2|6\n|gen|9\n|tier|[Gen 9] Ubers\n|rule|Sleep Clause Mod: Limit one foe put to sleep\n|rule|Species Clause: Limit one of each Pok\u00e9mon\n|rule|OHKO Clause: OHKO moves are banned\n|rule|Evasion Items Clause: Evasion items are banned\n|rule|Evasion Moves Clause: Evasion moves are banned\n|rule|Endless Battle Clause: Forcing endless battles is banned\n|rule|HP Percentage Mod: HP is shown in percentages\n|clearpoke\n|poke|p1|Torkoal, M|\n|poke|p1|Kingambit, M|\n|poke|p1|Roaring Moon|\n|poke|p1|Mismagius, M|\n|poke|p1|Scream Tail|\n|poke|p1|Rotom-Wash|\n|poke|p2|Dragapult, F|\n|poke|p2|Slowking-Galar, F|\n|poke|p2|Regieleki|\n|poke|p2|Zoroark-Hisui, F|\n|poke|p2|Moltres|\n|poke|p2|Regidrago|\n|teampreview\n|c|\u2606JumboSauce|GLHF\n|c|\u2606Otteroreo|u2\n|\n|t:|1700601609\n|start\n|switch|p1a: Sunset|Rotom-Wash, shiny|100\/100\n|switch|p2a: Pikmin 4|Slowking-Galar, F|100\/100\n|turn|1\n|\n|t:|1700601649\n|switch|p2a: CHODE UNBOUND|Regieleki|100\/100\n|move|p1a: Sunset|Volt Switch|p2a: CHODE UNBOUND\n|-resisted|p2a: CHODE UNBOUND\n|-damage|p2a: CHODE UNBOUND|77\/100\n|\n|t:|1700601665\n|switch|p1a: 1V9 King|Kingambit, M|100\/100|[from] Volt Switch\n|\n|upkeep\n|turn|2\n|\n|t:|1700601673\n|move|p2a: CHODE UNBOUND|Thunder Wave|p1a: 1V9 King\n|-status|p1a: 1V9 King|par\n|move|p1a: 1V9 King|Kowtow Cleave|p2a: CHODE UNBOUND\n|-damage|p2a: CHODE UNBOUND|0 fnt\n|faint|p2a: CHODE UNBOUND\n|\n|upkeep\n|\n|t:|1700601712\n|switch|p2a: A TOPE|Moltres|100\/100\n|turn|3\n|\n|t:|1700601739\n|-end|p1a: 1V9 King|fallenundefined|[silent]\n|switch|p1a: Sunset|Rotom-Wash, shiny|100\/100\n|move|p2a: A TOPE|Trick|p1a: Sunset\n|-activate|p2a: A TOPE|move: Trick|[of] p1a: Sunset\n|-item|p1a: Sunset|Choice Scarf|[from] move: Trick\n|-item|p2a: A TOPE|Leftovers|[from] move: Trick\n|\n|upkeep\n|turn|4\n|\n|t:|1700601765\n|move|p2a: A TOPE|Shadow Ball|p1a: Sunset\n|-damage|p1a: Sunset|66\/100\n|move|p1a: Sunset|Volt Switch|p2a: A TOPE\n|-damage|p2a: A TOPE|49\/100\n|replace|p2a: Zoroark|Zoroark-Hisui, F\n|-end|p2a: Zoroark|Illusion\n|\n|t:|1700601775\n|switch|p1a: Rawring Moon|Roaring Moon, shiny|100\/100|[from] Volt Switch\n|\n|-heal|p2a: Zoroark|55\/100|[from] item: Leftovers\n|upkeep\n|turn|5\n|\n|t:|1700601801\n|switch|p2a: A TOPE|Moltres|100\/100\n|move|p1a: Rawring Moon|Knock Off|p2a: A TOPE\n|-damage|p2a: A TOPE|47\/100\n|-status|p1a: Rawring Moon|brn|[from] ability: Flame Body|[of] p2a: A TOPE\n|-enditem|p2a: A TOPE|Heavy-Duty Boots|[from] move: Knock Off|[of] p1a: Rawring Moon\n|\n|-damage|p1a: Rawring Moon|95\/100 brn|[from] brn\n|upkeep\n|turn|6\n|\n|t:|1700601817\n|-end|p1a: Rawring Moon|Protosynthesis|[silent]\n|switch|p1a: Sunset|Rotom-Wash, shiny|66\/100\n|move|p2a: A TOPE|Roost|p2a: A TOPE\n|-heal|p2a: A TOPE|97\/100\n|-singleturn|p2a: A TOPE|move: Roost\n|\n|upkeep\n|turn|7\n|\n|t:|1700601830\n|switch|p2a: Pikmin 4|Slowking-Galar, F|100\/100\n|move|p1a: Sunset|Volt Switch|p2a: Pikmin 4\n|-damage|p2a: Pikmin 4|86\/100\n|\n|t:|1700601837\n|switch|p1a: 1V9 King|Kingambit, M|100\/100 par|[from] Volt Switch\n|\n|upkeep\n|turn|8\n|\n|t:|1700601878\n|switch|p2a: Pikmin 4|Slowking-Galar, F|55\/100\n|move|p1a: 1V9 King|Kowtow Cleave|p2a: Pikmin 4\n|-supereffective|p2a: Pikmin 4\n|-damage|p2a: Pikmin 4|0 fnt\n|replace|p2a: Zoroark|Zoroark-Hisui, F\n|-end|p2a: Zoroark|Illusion\n|faint|p2a: Zoroark\n|\n|upkeep\n|\n|t:|1700601884\n|switch|p2a: money for fun|Dragapult, F|100\/100\n|turn|9\n|\n|t:|1700601888\n|-end|p1a: 1V9 King|fallenundefined|[silent]\n|switch|p1a: AAAAAAAAAAAAAA|Scream Tail, shiny|100\/100\n|move|p2a: money for fun|Substitute|p2a: money for fun\n|-start|p2a: money for fun|Substitute\n|-damage|p2a: money for fun|76\/100\n|\n|-heal|p2a: money for fun|82\/100|[from] item: Leftovers\n|upkeep\n|turn|10\n|\n|t:|1700601892\n|move|p2a: money for fun|Dragon Dance|p2a: money for fun\n|-boost|p2a: money for fun|atk|1\n|-boost|p2a: money for fun|spe|1\n|move|p1a: AAAAAAAAAAAAAA|Dazzling Gleam|p2a: money for fun\n|-supereffective|p2a: money for fun\n|-end|p2a: money for fun|Substitute\n|\n|-heal|p2a: money for fun|88\/100|[from] item: Leftovers\n|upkeep\n|turn|11\n|\n|t:|1700601905\n|move|p2a: money for fun|Substitute|p2a: money for fun\n|-start|p2a: money for fun|Substitute\n|-damage|p2a: money for fun|63\/100\n|move|p1a: AAAAAAAAAAAAAA|Dazzling Gleam|p2a: money for fun\n|-supereffective|p2a: money for fun\n|-end|p2a: money for fun|Substitute\n|\n|-heal|p2a: money for fun|69\/100|[from] item: Leftovers\n|upkeep\n|turn|12\n|\n|t:|1700601909\n|move|p2a: money for fun|Phantom Force||[still]\n|-prepare|p2a: money for fun|Phantom Force\n|move|p1a: AAAAAAAAAAAAAA|Dazzling Gleam|p2a: money for fun|[miss]\n|-miss|p1a: AAAAAAAAAAAAAA|p2a: money for fun\n|\n|-heal|p2a: money for fun|75\/100|[from] item: Leftovers\n|upkeep\n|turn|13\n|\n|t:|1700601911\n|move|p1a: AAAAAAAAAAAAAA|Protect|p1a: AAAAAAAAAAAAAA\n|-singleturn|p1a: AAAAAAAAAAAAAA|Protect\n|move|p2a: money for fun|Phantom Force|p1a: AAAAAAAAAAAAAA|[from]lockedmove\n|-activate|p1a: AAAAAAAAAAAAAA|move: Phantom Force|[broken]\n|-supereffective|p1a: AAAAAAAAAAAAAA\n|-damage|p1a: AAAAAAAAAAAAAA|0 fnt\n|faint|p1a: AAAAAAAAAAAAAA\n|-end|p1a: AAAAAAAAAAAAAA|Protosynthesis|[silent]\n|\n|-heal|p2a: money for fun|81\/100|[from] item: Leftovers\n|upkeep\n|\n|t:|1700601925\n|switch|p1a: 1V9 King|Kingambit, M|100\/100 par\n|-activate|p1a: 1V9 King|ability: Supreme Overlord\n|-start|p1a: 1V9 King|fallen1|[silent]\n|turn|14\n|\n|t:|1700601931\n|move|p2a: money for fun|Substitute|p2a: money for fun\n|-start|p2a: money for fun|Substitute\n|-damage|p2a: money for fun|56\/100\n|cant|p1a: 1V9 King|par\n|\n|-heal|p2a: money for fun|62\/100|[from] item: Leftovers\n|upkeep\n|turn|15\n|\n|t:|1700601938\n|move|p2a: money for fun|Dragon Dance|p2a: money for fun\n|-boost|p2a: money for fun|atk|1\n|-boost|p2a: money for fun|spe|1\n|move|p1a: 1V9 King|Kowtow Cleave|p2a: money for fun\n|-supereffective|p2a: money for fun\n|-end|p2a: money for fun|Substitute\n|\n|-heal|p2a: money for fun|68\/100|[from] item: Leftovers\n|upkeep\n|turn|16\n|\n|t:|1700601943\n|move|p1a: 1V9 King|Sucker Punch||[still]\n|-fail|p1a: 1V9 King\n|move|p2a: money for fun|Substitute|p2a: money for fun\n|-start|p2a: money for fun|Substitute\n|-damage|p2a: money for fun|43\/100\n|\n|-heal|p2a: money for fun|49\/100|[from] item: Leftovers\n|upkeep\n|turn|17\n|\n|t:|1700601947\n|cant|p1a: 1V9 King|par\n|move|p2a: money for fun|Dragon Darts|p1a: 1V9 King\n|-resisted|p1a: 1V9 King\n|-damage|p1a: 1V9 King|81\/100 par\n|-anim|p2a: money for fun|Dragon Darts|p1a: 1V9 King\n|-resisted|p1a: 1V9 King\n|-damage|p1a: 1V9 King|61\/100 par\n|\n|-heal|p2a: money for fun|55\/100|[from] item: Leftovers\n|upkeep\n|turn|18\n|\n|t:|1700601956\n|move|p2a: money for fun|Dragon Dance|p2a: money for fun\n|-boost|p2a: money for fun|atk|1\n|-boost|p2a: money for fun|spe|1\n|move|p1a: 1V9 King|Kowtow Cleave|p2a: money for fun\n|-supereffective|p2a: money for fun\n|-end|p2a: money for fun|Substitute\n|\n|-heal|p2a: money for fun|61\/100|[from] item: Leftovers\n|upkeep\n|turn|19\n|\n|t:|1700601968\n|move|p1a: 1V9 King|Sucker Punch||[still]\n|-fail|p1a: 1V9 King\n|move|p2a: money for fun|Substitute|p2a: money for fun\n|-start|p2a: money for fun|Substitute\n|-damage|p2a: money for fun|36\/100\n|\n|-heal|p2a: money for fun|42\/100|[from] item: Leftovers\n|upkeep\n|turn|20\n|c|\u2606Otteroreo|gg you win x\n|\n|t:|1700601986\n|move|p2a: money for fun|Dragon Darts|p1a: 1V9 King\n|-resisted|p1a: 1V9 King\n|-damage|p1a: 1V9 King|36\/100 par\n|-anim|p2a: money for fun|Dragon Darts|p1a: 1V9 King\n|-resisted|p1a: 1V9 King\n|-damage|p1a: 1V9 King|14\/100 par\n|move|p1a: 1V9 King|Kowtow Cleave|p2a: money for fun\n|-supereffective|p2a: money for fun\n|-end|p2a: money for fun|Substitute\n|\n|-heal|p2a: money for fun|48\/100|[from] item: Leftovers\n|upkeep\n|turn|21\n|\n|t:|1700601994\n|move|p2a: money for fun|Dragon Darts|p1a: 1V9 King\n|-resisted|p1a: 1V9 King\n|-crit|p1a: 1V9 King\n|-damage|p1a: 1V9 King|0 fnt\n|faint|p1a: 1V9 King\n|-end|p1a: 1V9 King|fallen1|[silent]\n|\n|-heal|p2a: money for fun|54\/100|[from] item: Leftovers\n|upkeep\n|\n|t:|1700602001\n|switch|p1a: Sunset|Rotom-Wash, shiny|66\/100\n|turn|22\n|\n|t:|1700602006\n|move|p2a: money for fun|Dragon Darts|p1a: Sunset\n|-damage|p1a: Sunset|0 fnt\n|faint|p1a: Sunset\n|\n|-heal|p2a: money for fun|60\/100|[from] item: Leftovers\n|upkeep\n|\n|t:|1700602009\n|switch|p1a: Laokrot|Torkoal, M|100\/100\n|-weather|SunnyDay|[from] ability: Drought|[of] p1a: Laokrot\n|turn|23\n|\n|t:|1700602013\n|move|p2a: money for fun|Substitute|p2a: money for fun\n|-start|p2a: money for fun|Substitute\n|-damage|p2a: money for fun|35\/100\n|move|p1a: Laokrot|Lava Plume|p2a: money for fun\n|-resisted|p2a: money for fun\n|-activate|p2a: money for fun|move: Substitute|[damage]\n|\n|-weather|SunnyDay|[upkeep]\n|-heal|p2a: money for fun|41\/100|[from] item: Leftovers\n|upkeep\n|turn|24\n|\n|t:|1700602018\n|move|p2a: money for fun|Dragon Darts|p1a: Laokrot\n|-damage|p1a: Laokrot|56\/100\n|-anim|p2a: money for fun|Dragon Darts|p1a: Laokrot\n|-damage|p1a: Laokrot|14\/100\n|move|p1a: Laokrot|Lava Plume|p2a: money for fun\n|-resisted|p2a: money for fun\n|-end|p2a: money for fun|Substitute\n|\n|-weather|SunnyDay|[upkeep]\n|-heal|p2a: money for fun|47\/100|[from] item: Leftovers\n|upkeep\n|turn|25\n|\n|t:|1700602025\n|move|p2a: money for fun|Dragon Darts|p1a: Laokrot\n|-damage|p1a: Laokrot|0 fnt\n|faint|p1a: Laokrot\n|\n|-weather|SunnyDay|[upkeep]\n|-heal|p2a: money for fun|53\/100|[from] item: Leftovers\n|upkeep\n|\n|t:|1700602026\n|switch|p1a: Rawring Moon|Roaring Moon, shiny|95\/100 brn\n|-activate|p1a: Rawring Moon|ability: Protosynthesis\n|-start|p1a: Rawring Moon|protosynthesisspe\n|turn|26\n|\n|t:|1700602033\n|move|p2a: money for fun|Dragon Darts|p1a: Rawring Moon\n|-supereffective|p1a: Rawring Moon\n|-damage|p1a: Rawring Moon|0 fnt\n|faint|p1a: Rawring Moon\n|-end|p1a: Rawring Moon|Protosynthesis|[silent]\n|\n|-weather|SunnyDay|[upkeep]\n|-heal|p2a: money for fun|59\/100|[from] item: Leftovers\n|upkeep\n|\n|t:|1700602035\n|switch|p1a: The Sunwitch|Mismagius, M|100\/100\n|turn|27\n|\n|t:|1700602056\n|-terastallize|p1a: The Sunwitch|Fire\n|move|p2a: money for fun|Phantom Force||[still]\n|-prepare|p2a: money for fun|Phantom Force\n|move|p1a: The Sunwitch|Shadow Ball|p2a: money for fun|[miss]\n|-miss|p1a: The Sunwitch|p2a: money for fun\n|\n|-weather|SunnyDay|[upkeep]\n|-heal|p2a: money for fun|65\/100|[from] item: Leftovers\n|upkeep\n|turn|28\n|\n|t:|1700602061\n|move|p2a: money for fun|Phantom Force|p1a: The Sunwitch|[from]lockedmove\n|-damage|p1a: The Sunwitch|0 fnt\n|faint|p1a: The Sunwitch\n|\n|win|JumboSauce\n|c|\u2606JumboSauce|ggs\n","uploadtime":1700602077,"views":25,"p1id":"otteroreo","p2id":"jumbosauce","formatid":"gen9ubers","rating":0,"private":0,"password":""}