{"id":"gen9ubers-1993810084","p1":"rectreemz","p2":"Vecol","format":"[Gen 9] Ubers","log":"|j|\u2606rectreemz\n|j|\u2606Vecol\n|t:|1700360040\n|gametype|singles\n|player|p1|rectreemz|101|1092\n|player|p2|Vecol|crasherwake|1298\n|teamsize|p1|6\n|teamsize|p2|6\n|gen|9\n|tier|[Gen 9] Ubers\n|rated|\n|rule|Sleep Clause Mod: Limit one foe put to sleep\n|rule|Species Clause: Limit one of each Pok\u00e9mon\n|rule|OHKO Clause: OHKO moves are banned\n|rule|Evasion Items Clause: Evasion items are banned\n|rule|Evasion Moves Clause: Evasion moves are banned\n|rule|Endless Battle Clause: Forcing endless battles is banned\n|rule|HP Percentage Mod: HP is shown in percentages\n|clearpoke\n|poke|p1|Koraidon|\n|poke|p1|Flutter Mane|\n|poke|p1|Skeledirge, M|\n|poke|p1|Landorus, M|\n|poke|p1|Giratina-Origin|\n|poke|p1|Slither Wing|\n|poke|p2|Chien-Pao|\n|poke|p2|Zacian-*|\n|poke|p2|Regieleki|\n|poke|p2|Skeledirge, F|\n|poke|p2|Ting-Lu|\n|poke|p2|Kyogre|\n|teampreview\n|inactive|Battle timer is ON: inactive players will automatically lose when time's up. (requested by rectreemz)\n|inactive|Vecol also wants the timer to be on.\n|\n|t:|1700360045\n|start\n|switch|p1a: Koraidon|Koraidon|100\/100\n|switch|p2a: Ting-Lu|Ting-Lu|100\/100\n|-weather|SunnyDay|[from] ability: Orichalcum Pulse|[of] p1a: Koraidon\n|-activate|p1a: Koraidon|Orichalcum Pulse|[source]\n|-ability|p2a: Ting-Lu|Vessel of Ruin\n|turn|1\n|\n|t:|1700360051\n|switch|p2a: Skeledirge|Skeledirge, F|100\/100\n|move|p1a: Koraidon|Collision Course|p2a: Skeledirge\n|-immune|p2a: Skeledirge\n|\n|-weather|SunnyDay|[upkeep]\n|upkeep\n|turn|2\n|\n|t:|1700360058\n|switch|p1a: Landorus|Landorus, M|100\/100\n|move|p2a: Skeledirge|Will-O-Wisp|p1a: Landorus\n|-status|p1a: Landorus|brn\n|\n|-weather|SunnyDay|[upkeep]\n|-damage|p1a: Landorus|95\/100 brn|[from] brn\n|upkeep\n|turn|3\n|\n|t:|1700360069\n|switch|p2a: Ting-Lu|Ting-Lu|100\/100\n|-ability|p2a: Ting-Lu|Vessel of Ruin\n|move|p1a: Landorus|Nasty Plot|p1a: Landorus\n|-boost|p1a: Landorus|spa|2\n|\n|-weather|SunnyDay|[upkeep]\n|-damage|p1a: Landorus|89\/100 brn|[from] brn\n|upkeep\n|turn|4\n|\n|t:|1700360073\n|move|p1a: Landorus|Earth Power|p2a: Ting-Lu\n|-damage|p2a: Ting-Lu|37\/100\n|move|p2a: Ting-Lu|Whirlwind|p1a: Landorus\n|drag|p1a: Flutter Mane|Flutter Mane|100\/100\n|-activate|p1a: Flutter Mane|ability: Protosynthesis\n|-start|p1a: Flutter Mane|protosynthesisspe\n|\n|-weather|SunnyDay|[upkeep]\n|-heal|p2a: Ting-Lu|43\/100|[from] item: Leftovers\n|upkeep\n|turn|5\n|\n|t:|1700360081\n|move|p1a: Flutter Mane|Moonblast|p2a: Ting-Lu\n|-supereffective|p2a: Ting-Lu\n|-damage|p2a: Ting-Lu|0 fnt\n|faint|p2a: Ting-Lu\n|\n|-weather|none\n|-end|p1a: Flutter Mane|Protosynthesis\n|upkeep\n|\n|t:|1700360085\n|switch|p2a: Kyogre|Kyogre|100\/100\n|-weather|RainDance|[from] ability: Drizzle|[of] p2a: Kyogre\n|turn|6\n|\n|t:|1700360088\n|-end|p1a: Flutter Mane|Protosynthesis|[silent]\n|switch|p1a: Koraidon|Koraidon|100\/100\n|-weather|SunnyDay|[from] ability: Orichalcum Pulse|[of] p1a: Koraidon\n|-activate|p1a: Koraidon|Orichalcum Pulse|[source]\n|move|p2a: Kyogre|Ice Beam|p1a: Koraidon\n|-supereffective|p1a: Koraidon\n|-crit|p1a: Koraidon\n|-damage|p1a: Koraidon|0 fnt\n|faint|p1a: Koraidon\n|\n|-weather|SunnyDay|[upkeep]\n|upkeep\n|\n|t:|1700360096\n|switch|p1a: Flutter Mane|Flutter Mane|100\/100\n|-activate|p1a: Flutter Mane|ability: Protosynthesis\n|-start|p1a: Flutter Mane|protosynthesisspe\n|turn|7\n|\n|t:|1700360103\n|switch|p2a: Skeledirge|Skeledirge, F|100\/100\n|move|p1a: Flutter Mane|Thunderbolt|p2a: Skeledirge\n|-damage|p2a: Skeledirge|47\/100\n|\n|-weather|SunnyDay|[upkeep]\n|upkeep\n|turn|8\n|\n|t:|1700360108\n|-end|p1a: Flutter Mane|Protosynthesis|[silent]\n|switch|p1a: Slither Wing|Slither Wing|100\/100\n|-activate|p1a: Slither Wing|ability: Protosynthesis\n|-start|p1a: Slither Wing|protosynthesisatk\n|move|p2a: Skeledirge|Slack Off|p2a: Skeledirge\n|-heal|p2a: Skeledirge|97\/100\n|\n|-weather|SunnyDay|[upkeep]\n|upkeep\n|turn|9\n|\n|t:|1700360120\n|move|p1a: Slither Wing|U-turn|p2a: Skeledirge\n|-resisted|p2a: Skeledirge\n|-damage|p2a: Skeledirge|90\/100\n|\n|t:|1700360122\n|-end|p1a: Slither Wing|Protosynthesis|[silent]\n|switch|p1a: Flutter Mane|Flutter Mane|100\/100|[from] U-turn\n|-activate|p1a: Flutter Mane|ability: Protosynthesis\n|-start|p1a: Flutter Mane|protosynthesisspe\n|move|p2a: Skeledirge|Torch Song|p1a: Flutter Mane\n|-damage|p1a: Flutter Mane|50\/100\n|-boost|p2a: Skeledirge|spa|1\n|\n|-weather|SunnyDay|[upkeep]\n|upkeep\n|turn|10\n|\n|t:|1700360133\n|move|p1a: Flutter Mane|Shadow Ball|p2a: Skeledirge\n|-supereffective|p2a: Skeledirge\n|-damage|p2a: Skeledirge|0 fnt\n|faint|p2a: Skeledirge\n|\n|-weather|none\n|-end|p1a: Flutter Mane|Protosynthesis\n|upkeep\n|\n|t:|1700360136\n|switch|p2a: Kyogre|Kyogre|100\/100\n|-weather|RainDance|[from] ability: Drizzle|[of] p2a: Kyogre\n|turn|11\n|\n|t:|1700360140\n|move|p2a: Kyogre|Water Spout|p1a: Flutter Mane\n|-damage|p1a: Flutter Mane|0 fnt\n|faint|p1a: Flutter Mane\n|-end|p1a: Flutter Mane|Protosynthesis|[silent]\n|\n|-weather|RainDance|[upkeep]\n|upkeep\n|\n|t:|1700360158\n|switch|p1a: Giratina|Giratina-Origin|100\/100\n|turn|12\n|\n|t:|1700360169\n|switch|p2a: CP|Chien-Pao|100\/100\n|-ability|p2a: CP|Sword of Ruin\n|move|p1a: Giratina|Thunder Wave|p2a: CP\n|-status|p2a: CP|par\n|\n|-weather|RainDance|[upkeep]\n|upkeep\n|turn|13\n|\n|t:|1700360180\n|switch|p1a: Slither Wing|Slither Wing|100\/100\n|move|p2a: CP|Crunch|p1a: Slither Wing\n|-resisted|p1a: Slither Wing\n|-damage|p1a: Slither Wing|63\/100\n|\n|-weather|RainDance|[upkeep]\n|upkeep\n|turn|14\n|\n|t:|1700360187\n|move|p2a: CP|Ice Shard|p1a: Slither Wing\n|-damage|p1a: Slither Wing|30\/100\n|move|p1a: Slither Wing|U-turn|p2a: CP\n|-supereffective|p2a: CP\n|-damage|p2a: CP|1\/100 par\n|\n|t:|1700360194\n|-end|p1a: Slither Wing|Protosynthesis|[silent]\n|switch|p1a: Skeledirge|Skeledirge, M|100\/100|[from] U-turn\n|\n|-weather|RainDance|[upkeep]\n|upkeep\n|turn|15\n|c|\u2606Vecol|Natural focus sash\n|\n|t:|1700360212\n|move|p2a: CP|Crunch|p1a: Skeledirge\n|-supereffective|p1a: Skeledirge\n|-damage|p1a: Skeledirge|14\/100\n|move|p1a: Skeledirge|Torch Song|p2a: CP\n|-supereffective|p2a: CP\n|-damage|p2a: CP|0 fnt\n|-boost|p1a: Skeledirge|spa|1\n|faint|p2a: CP\n|\n|-weather|none\n|upkeep\n|\n|t:|1700360226\n|switch|p2a: Kyogre|Kyogre|100\/100\n|-weather|RainDance|[from] ability: Drizzle|[of] p2a: Kyogre\n|turn|16\n|\n|t:|1700360230\n|move|p2a: Kyogre|Water Spout|p1a: Skeledirge\n|-supereffective|p1a: Skeledirge\n|-damage|p1a: Skeledirge|0 fnt\n|faint|p1a: Skeledirge\n|\n|-weather|RainDance|[upkeep]\n|upkeep\n|\n|t:|1700360236\n|switch|p1a: Giratina|Giratina-Origin|100\/100\n|turn|17\n|\n|t:|1700360240\n|switch|p2a: Regieleki|Regieleki|100\/100\n|move|p1a: Giratina|Dragon Pulse|p2a: Regieleki\n|-damage|p2a: Regieleki|0 fnt\n|faint|p2a: Regieleki\n|\n|-weather|RainDance|[upkeep]\n|upkeep\n|\n|t:|1700360244\n|switch|p2a: Zacian|Zacian-Crowned|100\/100\n|-ability|p2a: Zacian|Intrepid Sword|boost\n|-boost|p2a: Zacian|atk|1\n|turn|18\n|\n|t:|1700360251\n|-terastallize|p1a: Giratina|Poison\n|move|p2a: Zacian|Play Rough|p1a: Giratina\n|-resisted|p1a: Giratina\n|-damage|p1a: Giratina|76\/100\n|move|p1a: Giratina|Thunder Wave|p2a: Zacian\n|-status|p2a: Zacian|par\n|\n|-weather|RainDance|[upkeep]\n|upkeep\n|turn|19\n|\n|t:|1700360258\n|switch|p1a: Landorus|Landorus, M|89\/100 brn\n|cant|p2a: Zacian|par\n|\n|-weather|RainDance|[upkeep]\n|-damage|p1a: Landorus|83\/100 brn|[from] brn\n|upkeep\n|turn|20\n|\n|t:|1700360264\n|move|p1a: Landorus|Earth Power|p2a: Zacian\n|-supereffective|p2a: Zacian\n|-damage|p2a: Zacian|0 fnt\n|faint|p2a: Zacian\n|\n|-weather|none\n|-damage|p1a: Landorus|77\/100 brn|[from] brn\n|upkeep\n|\n|t:|1700360267\n|switch|p2a: Kyogre|Kyogre|100\/100\n|-weather|RainDance|[from] ability: Drizzle|[of] p2a: Kyogre\n|turn|21\n|\n|t:|1700360270\n|-terastallize|p2a: Kyogre|Water\n|move|p2a: Kyogre|Water Spout|p1a: Landorus\n|-supereffective|p1a: Landorus\n|-damage|p1a: Landorus|0 fnt\n|faint|p1a: Landorus\n|\n|-weather|RainDance|[upkeep]\n|upkeep\n|\n|t:|1700360274\n|switch|p1a: Giratina|Giratina-Origin, tera:Poison|76\/100\n|turn|22\n|\n|t:|1700360276\n|move|p2a: Kyogre|Water Spout|p1a: Giratina\n|-crit|p1a: Giratina\n|-damage|p1a: Giratina|0 fnt\n|faint|p1a: Giratina\n|\n|-weather|RainDance|[upkeep]\n|upkeep\n|-message|rectreemz forfeited.\n|\n|win|Vecol\n|raw|rectreemz's rating: 1092 &rarr; <strong>1081<\/strong><br \/>(-11 for losing)\n|raw|Vecol's rating: 1298 &rarr; <strong>1310<\/strong><br \/>(+12 for winning)\n|l|\u2606rectreemz\n","uploadtime":1700360286,"views":5,"p1id":"rectreemz","p2id":"vecol","formatid":"gen9ubers","rating":1081,"private":0,"password":""}