{"id":"gen9ubers-1984339208","p1":"hhuuvv","p2":"Spezza39","format":"[Gen 9] Ubers","log":"|j|\u2606hhuuvv\n|j|\u2606Spezza39\n|t:|1699245986\n|gametype|singles\n|player|p1|hhuuvv|hoopster|\n|player|p2|Spezza39|102|\n|teamsize|p1|6\n|teamsize|p2|6\n|gen|9\n|tier|[Gen 9] Ubers\n|rule|Sleep Clause Mod: Limit one foe put to sleep\n|rule|Species Clause: Limit one of each Pok\u00e9mon\n|rule|OHKO Clause: OHKO moves are banned\n|rule|Evasion Items Clause: Evasion items are banned\n|rule|Evasion Moves Clause: Evasion moves are banned\n|rule|Endless Battle Clause: Forcing endless battles is banned\n|rule|HP Percentage Mod: HP is shown in percentages\n|clearpoke\n|poke|p1|Munkidori, M|\n|poke|p1|Thundurus, M|\n|poke|p1|Scream Tail|\n|poke|p1|Brute Bonnet|\n|poke|p1|Torkoal, F|\n|poke|p1|Walking Wake|\n|poke|p2|Kingambit, M|\n|poke|p2|Hatterene, F|\n|poke|p2|Ting-Lu|\n|poke|p2|Baxcalibur, F|\n|poke|p2|Meowscarada, F|\n|poke|p2|Iron Bundle|\n|teampreview\n|\n|t:|1699246011\n|start\n|switch|p1a: Munkidori|Munkidori, M|100\/100\n|switch|p2a: Hatterene|Hatterene, F|100\/100\n|turn|1\n|\n|t:|1699246046\n|move|p1a: Munkidori|Trick|p2a: Hatterene\n|-activate|p1a: Munkidori|move: Trick|[of] p2a: Hatterene\n|-item|p2a: Hatterene|Choice Scarf|[from] move: Trick\n|-item|p1a: Munkidori|Light Clay|[from] move: Trick\n|move|p2a: Hatterene|Reflect|p2a: Hatterene\n|-sidestart|p2: Spezza39|Reflect\n|\n|upkeep\n|turn|2\n|\n|t:|1699246069\n|switch|p2a: Meowscarada|Meowscarada, F|100\/100\n|move|p1a: Munkidori|Sludge Wave|p2a: Meowscarada\n|-supereffective|p2a: Meowscarada\n|-enditem|p2a: Meowscarada|Focus Sash\n|-damage|p2a: Meowscarada|1\/100\n|\n|upkeep\n|turn|3\n|\n|t:|1699246093\n|switch|p1a: Torkoal|Torkoal, F|100\/100\n|-weather|SunnyDay|[from] ability: Drought|[of] p1a: Torkoal\n|move|p2a: Meowscarada|Knock Off|p1a: Torkoal\n|-start|p2a: Meowscarada|typechange|Dark|[from] ability: Protean\n|-damage|p1a: Torkoal|64\/100\n|-enditem|p1a: Torkoal|Heat Rock|[from] move: Knock Off|[of] p2a: Meowscarada\n|\n|-weather|SunnyDay|[upkeep]\n|upkeep\n|turn|4\n|\n|t:|1699246113\n|move|p2a: Meowscarada|U-turn|p1a: Torkoal\n|-resisted|p1a: Torkoal\n|-damage|p1a: Torkoal|56\/100\n|\n|t:|1699246119\n|switch|p2a: Iron Bundle|Iron Bundle|100\/100|[from] U-turn\n|move|p1a: Torkoal|Rapid Spin|p2a: Iron Bundle\n|-damage|p2a: Iron Bundle|95\/100\n|-boost|p1a: Torkoal|spe|1\n|\n|-weather|SunnyDay|[upkeep]\n|upkeep\n|turn|5\n|\n|t:|1699246137\n|switch|p1a: Scream Tail|Scream Tail|100\/100\n|-activate|p1a: Scream Tail|ability: Protosynthesis\n|-start|p1a: Scream Tail|protosynthesisspe\n|move|p2a: Iron Bundle|Taunt|p1a: Scream Tail\n|-start|p1a: Scream Tail|move: Taunt\n|\n|-weather|SunnyDay|[upkeep]\n|-sideend|p2: Spezza39|Reflect\n|upkeep\n|turn|6\n|\n|t:|1699246174\n|-end|p2a: Iron Bundle|Quark Drive|[silent]\n|switch|p2a: Ting-Lu|Ting-Lu|100\/100\n|-ability|p2a: Ting-Lu|Vessel of Ruin\n|move|p1a: Scream Tail|Psychic Fangs|p2a: Ting-Lu\n|-immune|p2a: Ting-Lu\n|\n|-weather|SunnyDay|[upkeep]\n|upkeep\n|turn|7\n|\n|t:|1699246186\n|-end|p1a: Scream Tail|Protosynthesis|[silent]\n|switch|p1a: Torkoal|Torkoal, F|56\/100\n|move|p2a: Ting-Lu|Stealth Rock|p1a: Torkoal\n|-sidestart|p1: hhuuvv|move: Stealth Rock\n|\n|-weather|SunnyDay|[upkeep]\n|upkeep\n|turn|8\n|\n|t:|1699246199\n|move|p1a: Torkoal|Rapid Spin|p2a: Ting-Lu\n|-damage|p2a: Ting-Lu|97\/100\n|-boost|p1a: Torkoal|spe|1\n|-sideend|p1: hhuuvv|Stealth Rock|[from] move: Rapid Spin|[of] p1a: Torkoal\n|move|p2a: Ting-Lu|Whirlwind|p1a: Torkoal\n|drag|p1a: Munkidori|Munkidori, M|100\/100\n|\n|-weather|SunnyDay|[upkeep]\n|-heal|p2a: Ting-Lu|100\/100|[from] item: Leftovers\n|upkeep\n|turn|9\n|\n|t:|1699246228\n|move|p1a: Munkidori|U-turn|p2a: Ting-Lu\n|-supereffective|p2a: Ting-Lu\n|-crit|p2a: Ting-Lu\n|-damage|p2a: Ting-Lu|86\/100\n|\n|t:|1699246247\n|switch|p1a: Torkoal|Torkoal, F|56\/100|[from] U-turn\n|move|p2a: Ting-Lu|Stealth Rock|p1a: Torkoal\n|-sidestart|p1: hhuuvv|move: Stealth Rock\n|\n|-weather|SunnyDay|[upkeep]\n|-heal|p2a: Ting-Lu|92\/100|[from] item: Leftovers\n|upkeep\n|turn|10\n|\n|t:|1699246266\n|move|p1a: Torkoal|Body Press|p2a: Ting-Lu\n|-supereffective|p2a: Ting-Lu\n|-damage|p2a: Ting-Lu|71\/100\n|move|p2a: Ting-Lu|Whirlwind|p1a: Torkoal\n|drag|p1a: Thundurus|Thundurus, M|100\/100\n|-damage|p1a: Thundurus|76\/100|[from] Stealth Rock\n|\n|-weather|none\n|-heal|p2a: Ting-Lu|77\/100|[from] item: Leftovers\n|upkeep\n|turn|11\n|\n|t:|1699246280\n|move|p1a: Thundurus|Focus Blast|p2a: Ting-Lu\n|-supereffective|p2a: Ting-Lu\n|-damage|p2a: Ting-Lu|11\/100\n|-damage|p1a: Thundurus|66\/100|[from] item: Life Orb\n|move|p2a: Ting-Lu|Whirlwind|p1a: Thundurus\n|drag|p1a: Scream Tail|Scream Tail|100\/100\n|-damage|p1a: Scream Tail|88\/100|[from] Stealth Rock\n|\n|-heal|p2a: Ting-Lu|17\/100|[from] item: Leftovers\n|upkeep\n|turn|12\n|\n|t:|1699246298\n|switch|p2a: Hatterene|Hatterene, F|100\/100\n|move|p1a: Scream Tail|Reflect|p1a: Scream Tail\n|-sidestart|p1: hhuuvv|Reflect\n|\n|upkeep\n|turn|13\n|\n|t:|1699246310\n|move|p1a: Scream Tail|Light Screen|p1a: Scream Tail\n|-sidestart|p1: hhuuvv|move: Light Screen\n|move|p2a: Hatterene|Light Screen|p2a: Hatterene\n|-sidestart|p2: Spezza39|move: Light Screen\n|\n|upkeep\n|turn|14\n|\n|t:|1699246320\n|switch|p2a: Iron Bundle|Iron Bundle|95\/100\n|move|p1a: Scream Tail|Psychic Fangs|p2a: Iron Bundle\n|-sideend|p2: Spezza39|move: Light Screen\n|-crit|p2a: Iron Bundle\n|-damage|p2a: Iron Bundle|57\/100\n|\n|upkeep\n|turn|15\n|\n|t:|1699246351\n|-end|p1a: Scream Tail|Protosynthesis|[silent]\n|switch|p1a: Torkoal|Torkoal, F|56\/100\n|-damage|p1a: Torkoal|32\/100|[from] Stealth Rock\n|-weather|SunnyDay|[from] ability: Drought|[of] p1a: Torkoal\n|move|p2a: Iron Bundle|Ice Beam|p1a: Torkoal\n|-resisted|p1a: Torkoal\n|-damage|p1a: Torkoal|21\/100\n|\n|-weather|SunnyDay|[upkeep]\n|upkeep\n|turn|16\n|\n|t:|1699246363\n|move|p2a: Iron Bundle|Ice Beam|p1a: Torkoal\n|-resisted|p1a: Torkoal\n|-damage|p1a: Torkoal|10\/100\n|move|p1a: Torkoal|Rest|p1a: Torkoal\n|-status|p1a: Torkoal|slp|[from] move: Rest\n|-heal|p1a: Torkoal|100\/100 slp|[silent]\n|\n|-weather|SunnyDay|[upkeep]\n|upkeep\n|turn|17\n|\n|t:|1699246375\n|switch|p1a: Thundurus|Thundurus, M|66\/100\n|-damage|p1a: Thundurus|41\/100|[from] Stealth Rock\n|move|p2a: Iron Bundle|Taunt|p1a: Thundurus\n|-start|p1a: Thundurus|move: Taunt\n|\n|-weather|SunnyDay|[upkeep]\n|upkeep\n|turn|18\n|\n|t:|1699246393\n|move|p2a: Iron Bundle|Ice Beam|p1a: Thundurus\n|-supereffective|p1a: Thundurus\n|-damage|p1a: Thundurus|0 fnt\n|faint|p1a: Thundurus\n|\n|-weather|SunnyDay|[upkeep]\n|upkeep\n|\n|t:|1699246414\n|switch|p1a: Brute Bonnet|Brute Bonnet|100\/100\n|-damage|p1a: Brute Bonnet|88\/100|[from] Stealth Rock\n|-activate|p1a: Brute Bonnet|ability: Protosynthesis\n|-start|p1a: Brute Bonnet|protosynthesisatk\n|turn|19\n|\n|t:|1699246429\n|-terastallize|p1a: Brute Bonnet|Fire\n|move|p2a: Iron Bundle|Ice Beam|p1a: Brute Bonnet\n|-resisted|p1a: Brute Bonnet\n|-damage|p1a: Brute Bonnet|79\/100\n|move|p1a: Brute Bonnet|Tera Blast|p2a: Iron Bundle|[anim] Tera Blast Fire\n|-crit|p2a: Iron Bundle\n|-damage|p2a: Iron Bundle|0 fnt\n|faint|p2a: Iron Bundle\n|-end|p2a: Iron Bundle|Quark Drive|[silent]\n|\n|-weather|none\n|-end|p1a: Brute Bonnet|Protosynthesis\n|-heal|p1a: Brute Bonnet|85\/100|[from] item: Leftovers\n|-sideend|p1: hhuuvv|Reflect\n|upkeep\n|\n|t:|1699246450\n|switch|p2a: Kingambit|Kingambit, M|100\/100\n|-activate|p2a: Kingambit|ability: Supreme Overlord\n|-start|p2a: Kingambit|fallen1|[silent]\n|turn|20\n|\n|t:|1699246459\n|-end|p1a: Brute Bonnet|Protosynthesis|[silent]\n|switch|p1a: Torkoal|Torkoal, F|100\/100 slp\n|-damage|p1a: Torkoal|76\/100 slp|[from] Stealth Rock\n|-weather|SunnyDay|[from] ability: Drought|[of] p1a: Torkoal\n|move|p2a: Kingambit|Swords Dance|p2a: Kingambit\n|-boost|p2a: Kingambit|atk|2\n|\n|-weather|SunnyDay|[upkeep]\n|-sideend|p1: hhuuvv|move: Light Screen\n|upkeep\n|turn|21\n|\n|t:|1699246476\n|switch|p1a: Scream Tail|Scream Tail|88\/100\n|-damage|p1a: Scream Tail|76\/100|[from] Stealth Rock\n|-activate|p1a: Scream Tail|ability: Protosynthesis\n|-start|p1a: Scream Tail|protosynthesisspe\n|move|p2a: Kingambit|Sucker Punch||[still]\n|-fail|p2a: Kingambit\n|\n|-weather|SunnyDay|[upkeep]\n|upkeep\n|turn|22\n|\n|t:|1699246489\n|move|p1a: Scream Tail|Encore|p2a: Kingambit\n|-start|p2a: Kingambit|Encore\n|move|p2a: Kingambit|Sucker Punch||[still]\n|-fail|p2a: Kingambit\n|\n|-weather|SunnyDay|[upkeep]\n|upkeep\n|turn|23\n|\n|t:|1699246502\n|move|p2a: Kingambit|Sucker Punch||[still]\n|-fail|p2a: Kingambit\n|move|p1a: Scream Tail|Reflect|p1a: Scream Tail\n|-sidestart|p1: hhuuvv|Reflect\n|\n|-weather|SunnyDay|[upkeep]\n|upkeep\n|turn|24\n|\n|t:|1699246509\n|move|p2a: Kingambit|Sucker Punch||[still]\n|-fail|p2a: Kingambit\n|move|p1a: Scream Tail|Light Screen|p1a: Scream Tail\n|-sidestart|p1: hhuuvv|move: Light Screen\n|\n|-weather|none\n|-end|p1a: Scream Tail|Protosynthesis\n|-end|p2a: Kingambit|Encore\n|upkeep\n|turn|25\n|\n|t:|1699246517\n|move|p2a: Kingambit|Sucker Punch||[still]\n|-fail|p2a: Kingambit\n|move|p1a: Scream Tail|Encore|p2a: Kingambit\n|-start|p2a: Kingambit|Encore\n|\n|upkeep\n|turn|26\n|\n|t:|1699246532\n|-end|p1a: Scream Tail|Protosynthesis|[silent]\n|switch|p1a: Walking Wake|Walking Wake|100\/100\n|-damage|p1a: Walking Wake|88\/100|[from] Stealth Rock\n|move|p2a: Kingambit|Sucker Punch||[still]\n|-fail|p2a: Kingambit\n|\n|upkeep\n|turn|27\n|\n|t:|1699246550\n|move|p2a: Kingambit|Sucker Punch|p1a: Walking Wake\n|-damage|p1a: Walking Wake|28\/100\n|move|p1a: Walking Wake|Flamethrower|p2a: Kingambit\n|-supereffective|p2a: Kingambit\n|-damage|p2a: Kingambit|24\/100\n|-damage|p1a: Walking Wake|18\/100|[from] item: Life Orb\n|\n|upkeep\n|turn|28\n|\n|t:|1699246567\n|-end|p1a: Walking Wake|Protosynthesis|[silent]\n|switch|p1a: Torkoal|Torkoal, F|76\/100 slp\n|-damage|p1a: Torkoal|51\/100 slp|[from] Stealth Rock\n|-weather|SunnyDay|[from] ability: Drought|[of] p1a: Torkoal\n|move|p2a: Kingambit|Sucker Punch||[still]\n|-fail|p2a: Kingambit\n|\n|-weather|SunnyDay|[upkeep]\n|-end|p2a: Kingambit|Encore\n|upkeep\n|turn|29\n|\n|t:|1699246581\n|move|p2a: Kingambit|Kowtow Cleave|p1a: Torkoal\n|-damage|p1a: Torkoal|0 fnt\n|faint|p1a: Torkoal\n|\n|-weather|SunnyDay|[upkeep]\n|upkeep\n|\n|t:|1699246622\n|switch|p1a: Munkidori|Munkidori, M|100\/100\n|-damage|p1a: Munkidori|88\/100|[from] Stealth Rock\n|turn|30\n|\n|t:|1699246633\n|move|p1a: Munkidori|Focus Blast|p2a: Kingambit\n|-supereffective|p2a: Kingambit\n|-damage|p2a: Kingambit|0 fnt\n|faint|p2a: Kingambit\n|-end|p2a: Kingambit|fallen1|[silent]\n|\n|-weather|SunnyDay|[upkeep]\n|-sideend|p1: hhuuvv|Reflect\n|upkeep\n|\n|t:|1699246645\n|switch|p2a: Meowscarada|Meowscarada, F|1\/100\n|turn|31\n|\n|t:|1699246653\n|move|p2a: Meowscarada|Knock Off|p1a: Munkidori\n|-start|p2a: Meowscarada|typechange|Dark|[from] ability: Protean\n|-supereffective|p1a: Munkidori\n|-damage|p1a: Munkidori|0 fnt\n|-enditem|p1a: Munkidori|Light Clay|[from] move: Knock Off|[of] p2a: Meowscarada\n|faint|p1a: Munkidori\n|\n|-weather|SunnyDay|[upkeep]\n|-sideend|p1: hhuuvv|move: Light Screen\n|upkeep\n|\n|t:|1699246664\n|switch|p1a: Brute Bonnet|Brute Bonnet, tera:Fire|85\/100\n|-damage|p1a: Brute Bonnet|60\/100|[from] Stealth Rock\n|-activate|p1a: Brute Bonnet|ability: Protosynthesis\n|-start|p1a: Brute Bonnet|protosynthesisatk\n|turn|32\n|\n|t:|1699246677\n|move|p2a: Meowscarada|Knock Off|p1a: Brute Bonnet\n|-damage|p1a: Brute Bonnet|26\/100\n|-enditem|p1a: Brute Bonnet|Leftovers|[from] move: Knock Off|[of] p2a: Meowscarada\n|move|p1a: Brute Bonnet|Synthesis|p1a: Brute Bonnet\n|-heal|p1a: Brute Bonnet|93\/100\n|\n|-weather|none\n|-end|p1a: Brute Bonnet|Protosynthesis\n|upkeep\n|turn|33\n|\n|t:|1699246702\n|move|p2a: Meowscarada|Spikes|p1a: Brute Bonnet\n|-sidestart|p1: hhuuvv|Spikes\n|move|p1a: Brute Bonnet|Seed Bomb|p2a: Meowscarada\n|-damage|p2a: Meowscarada|0 fnt\n|faint|p2a: Meowscarada\n|\n|upkeep\n|\n|t:|1699246713\n|switch|p2a: Hatterene|Hatterene, F|100\/100\n|turn|34\n|\n|t:|1699246724\n|-end|p1a: Brute Bonnet|Protosynthesis|[silent]\n|switch|p1a: Scream Tail|Scream Tail|76\/100\n|-damage|p1a: Scream Tail|63\/100|[from] Stealth Rock\n|-damage|p1a: Scream Tail|51\/100|[from] Spikes\n|move|p2a: Hatterene|Light Screen|p2a: Hatterene\n|-sidestart|p2: Spezza39|move: Light Screen\n|\n|upkeep\n|turn|35\n|\n|t:|1699246735\n|switch|p2a: Ting-Lu|Ting-Lu|17\/100\n|-ability|p2a: Ting-Lu|Vessel of Ruin\n|move|p1a: Scream Tail|Encore||[still]\n|-fail|p1a: Scream Tail\n|\n|-heal|p2a: Ting-Lu|23\/100|[from] item: Leftovers\n|upkeep\n|turn|36\n|\n|t:|1699246751\n|move|p1a: Scream Tail|Reflect|p1a: Scream Tail\n|-sidestart|p1: hhuuvv|Reflect\n|move|p2a: Ting-Lu|Stealth Rock||[still]\n|-fail|p2a: Ting-Lu\n|\n|-heal|p2a: Ting-Lu|29\/100|[from] item: Leftovers\n|upkeep\n|turn|37\n|\n|t:|1699246761\n|move|p1a: Scream Tail|Encore|p2a: Ting-Lu\n|-start|p2a: Ting-Lu|Encore\n|move|p2a: Ting-Lu|Stealth Rock||[still]\n|-fail|p2a: Ting-Lu\n|\n|-heal|p2a: Ting-Lu|36\/100|[from] item: Leftovers\n|upkeep\n|turn|38\n|\n|t:|1699246777\n|-end|p1a: Scream Tail|Protosynthesis|[silent]\n|switch|p1a: Walking Wake|Walking Wake|18\/100\n|-damage|p1a: Walking Wake|5\/100|[from] Stealth Rock\n|-damage|p1a: Walking Wake|0 fnt|[from] Spikes\n|faint|p1a: Walking Wake\n|-end|p1a: Walking Wake|Protosynthesis|[silent]\n|switch|p2a: Hatterene|Hatterene, F|100\/100\n|\n|-sideend|p2: Spezza39|move: Light Screen\n|upkeep\n|\n|t:|1699246788\n|switch|p1a: Brute Bonnet|Brute Bonnet, tera:Fire|93\/100\n|-damage|p1a: Brute Bonnet|68\/100|[from] Stealth Rock\n|-damage|p1a: Brute Bonnet|55\/100|[from] Spikes\n|turn|39\n|\n|t:|1699246802\n|move|p1a: Brute Bonnet|Seed Bomb|p2a: Hatterene\n|-damage|p2a: Hatterene|50\/100\n|move|p2a: Hatterene|Light Screen|p2a: Hatterene\n|-sidestart|p2: Spezza39|move: Light Screen\n|\n|upkeep\n|turn|40\n|\n|t:|1699246819\n|switch|p2a: Ting-Lu|Ting-Lu|36\/100\n|-ability|p2a: Ting-Lu|Vessel of Ruin\n|move|p1a: Brute Bonnet|Tera Blast|p2a: Ting-Lu|[anim] Tera Blast Fire\n|-damage|p2a: Ting-Lu|18\/100\n|\n|-heal|p2a: Ting-Lu|24\/100|[from] item: Leftovers\n|upkeep\n|turn|41\n|\n|t:|1699246837\n|move|p1a: Brute Bonnet|Synthesis|p1a: Brute Bonnet\n|-heal|p1a: Brute Bonnet|100\/100\n|move|p2a: Ting-Lu|Stealth Rock||[still]\n|-fail|p2a: Ting-Lu\n|\n|-heal|p2a: Ting-Lu|30\/100|[from] item: Leftovers\n|upkeep\n|turn|42\n|\n|t:|1699246848\n|move|p1a: Brute Bonnet|Seed Bomb|p2a: Ting-Lu\n|-supereffective|p2a: Ting-Lu\n|-damage|p2a: Ting-Lu|0 fnt\n|faint|p2a: Ting-Lu\n|\n|upkeep\n|\n|t:|1699246854\n|switch|p2a: Baxcalibur|Baxcalibur, F|100\/100\n|turn|43\n|\n|t:|1699246866\n|move|p2a: Baxcalibur|Dragon Dance|p2a: Baxcalibur\n|-boost|p2a: Baxcalibur|atk|1\n|-boost|p2a: Baxcalibur|spe|1\n|move|p1a: Brute Bonnet|Close Combat|p2a: Baxcalibur\n|-supereffective|p2a: Baxcalibur\n|-damage|p2a: Baxcalibur|4\/100\n|-unboost|p1a: Brute Bonnet|def|1\n|-unboost|p1a: Brute Bonnet|spd|1\n|\n|-sideend|p1: hhuuvv|Reflect\n|-sideend|p2: Spezza39|move: Light Screen\n|upkeep\n|turn|44\n|\n|t:|1699246881\n|-end|p1a: Brute Bonnet|Protosynthesis|[silent]\n|switch|p1a: Scream Tail|Scream Tail|51\/100\n|-damage|p1a: Scream Tail|38\/100|[from] Stealth Rock\n|-damage|p1a: Scream Tail|26\/100|[from] Spikes\n|move|p2a: Baxcalibur|Earthquake|p1a: Scream Tail\n|-damage|p1a: Scream Tail|0 fnt\n|faint|p1a: Scream Tail\n|-end|p1a: Scream Tail|Protosynthesis|[silent]\n|\n|upkeep\n|\n|t:|1699246897\n|switch|p1a: Brute Bonnet|Brute Bonnet, tera:Fire|100\/100\n|-damage|p1a: Brute Bonnet|76\/100|[from] Stealth Rock\n|-damage|p1a: Brute Bonnet|63\/100|[from] Spikes\n|turn|45\n|\n|t:|1699246906\n|move|p2a: Baxcalibur|Earthquake|p1a: Brute Bonnet\n|-supereffective|p1a: Brute Bonnet\n|-damage|p1a: Brute Bonnet|0 fnt\n|faint|p1a: Brute Bonnet\n|-end|p1a: Brute Bonnet|Protosynthesis|[silent]\n|\n|win|Spezza39\n","uploadtime":1699246922,"views":32,"p1id":"hhuuvv","p2id":"spezza39","formatid":"gen9ubers","rating":0,"private":0,"password":""}