{"id":"gen9ubers-1976951028","p1":"wyvernl0rd","p2":"Janis105","format":"[Gen 9] Ubers","log":"|j|\u2606wyvernl0rd\n|j|\u2606Janis105\n|t:|1698355410\n|gametype|singles\n|player|p1|wyvernl0rd|winona|\n|player|p2|Janis105|eusine|\n|teamsize|p1|6\n|teamsize|p2|6\n|gen|9\n|tier|[Gen 9] Ubers\n|rule|Sleep Clause Mod: Limit one foe put to sleep\n|rule|Species Clause: Limit one of each Pok\u00e9mon\n|rule|OHKO Clause: OHKO moves are banned\n|rule|Evasion Items Clause: Evasion items are banned\n|rule|Evasion Moves Clause: Evasion moves are banned\n|rule|Endless Battle Clause: Forcing endless battles is banned\n|rule|HP Percentage Mod: HP is shown in percentages\n|clearpoke\n|poke|p1|Arceus-Poison|\n|poke|p1|Palkia-Origin|\n|poke|p1|Shaymin-Sky|\n|poke|p1|Cyclizar, M|\n|poke|p1|Dondozo, M|\n|poke|p1|Magearna|\n|poke|p2|Zacian-*|\n|poke|p2|Palkia-Origin|\n|poke|p2|Cinderace, F|\n|poke|p2|Magearna|\n|poke|p2|Cyclizar, M|\n|poke|p2|Arceus-Grass|\n|teampreview\n|c|\u2606Janis105|glhf\n|c|\u2606wyvernl0rd|glhf\n|\n|t:|1698355489\n|start\n|switch|p1a: Palkia|Palkia-Origin|100\/100\n|switch|p2a: Cyclizar|Cyclizar, M|100\/100\n|-ability|p1a: Palkia|Pressure\n|turn|1\n|\n|t:|1698355517\n|move|p2a: Cyclizar|Shed Tail|p2a: Cyclizar\n|-start|p2a: Cyclizar|Substitute|[from] move: Shed Tail\n|-damage|p2a: Cyclizar|50\/100\n|-enditem|p2a: Cyclizar|Sitrus Berry|[eat]\n|-heal|p2a: Cyclizar|75\/100|[from] item: Sitrus Berry\n|\n|t:|1698355527\n|switch|p2a: Zacian|Zacian|100\/100|[from] Shed Tail\n|-ability|p2a: Zacian|Intrepid Sword|boost\n|-boost|p2a: Zacian|atk|1\n|move|p1a: Palkia|Fire Blast|p2a: Zacian\n|-end|p2a: Zacian|Substitute\n|\n|upkeep\n|turn|2\n|\n|t:|1698355561\n|switch|p1a: Dondozo|Dondozo, M|100\/100\n|move|p2a: Zacian|Wild Charge|p1a: Dondozo\n|-supereffective|p1a: Dondozo\n|-damage|p1a: Dondozo|67\/100\n|-damage|p2a: Zacian|88\/100|[from] Recoil\n|\n|-heal|p1a: Dondozo|73\/100|[from] item: Leftovers\n|upkeep\n|turn|3\n|\n|t:|1698355591\n|switch|p2a: Arceus|Arceus-Grass|100\/100\n|move|p1a: Dondozo|Wave Crash|p2a: Arceus\n|-resisted|p2a: Arceus\n|-damage|p2a: Arceus|86\/100\n|-damage|p1a: Dondozo|69\/100|[from] Recoil\n|\n|-heal|p1a: Dondozo|75\/100|[from] item: Leftovers\n|upkeep\n|turn|4\n|\n|t:|1698355612\n|switch|p2a: Cyclizar|Cyclizar, M|100\/100\n|switch|p1a: Arceus|Arceus-Poison|100\/100\n|\n|upkeep\n|turn|5\n|\n|t:|1698355628\n|move|p2a: Cyclizar|Shed Tail|p2a: Cyclizar\n|-start|p2a: Cyclizar|Substitute|[from] move: Shed Tail\n|-damage|p2a: Cyclizar|50\/100\n|\n|t:|1698355661\n|switch|p2a: Palkia|Palkia-Origin|100\/100|[from] Shed Tail\n|-ability|p2a: Palkia|Pressure\n|move|p1a: Arceus|Cosmic Power|p1a: Arceus\n|-boost|p1a: Arceus|def|1\n|-boost|p1a: Arceus|spd|1\n|\n|upkeep\n|turn|6\n|\n|t:|1698355675\n|move|p1a: Arceus|Cosmic Power|p1a: Arceus\n|-boost|p1a: Arceus|def|1\n|-boost|p1a: Arceus|spd|1\n|move|p2a: Palkia|Hydro Pump|p1a: Arceus\n|-damage|p1a: Arceus|76\/100\n|\n|upkeep\n|turn|7\n|\n|t:|1698355683\n|switch|p2a: Magearna|Magearna|100\/100\n|move|p1a: Arceus|Cosmic Power|p1a: Arceus\n|-boost|p1a: Arceus|def|1\n|-boost|p1a: Arceus|spd|1\n|\n|upkeep\n|turn|8\n|\n|t:|1698355727\n|move|p1a: Arceus|Cosmic Power|p1a: Arceus\n|-boost|p1a: Arceus|def|1\n|-boost|p1a: Arceus|spd|1\n|move|p2a: Magearna|Calm Mind|p2a: Magearna\n|-boost|p2a: Magearna|spa|1\n|-boost|p2a: Magearna|spd|1\n|\n|upkeep\n|turn|9\n|\n|t:|1698355737\n|move|p1a: Arceus|Cosmic Power|p1a: Arceus\n|-boost|p1a: Arceus|def|1\n|-boost|p1a: Arceus|spd|1\n|move|p2a: Magearna|Shift Gear|p2a: Magearna\n|-boost|p2a: Magearna|spe|2\n|-boost|p2a: Magearna|atk|1\n|\n|upkeep\n|turn|10\n|\n|t:|1698355744\n|move|p1a: Arceus|Cosmic Power|p1a: Arceus\n|-boost|p1a: Arceus|def|1\n|-boost|p1a: Arceus|spd|1\n|move|p2a: Magearna|Calm Mind|p2a: Magearna\n|-boost|p2a: Magearna|spa|1\n|-boost|p2a: Magearna|spd|1\n|\n|upkeep\n|turn|11\n|\n|t:|1698355751\n|move|p1a: Arceus|Body Press|p2a: Magearna\n|-damage|p2a: Magearna|43\/100\n|move|p2a: Magearna|Calm Mind|p2a: Magearna\n|-boost|p2a: Magearna|spa|1\n|-boost|p2a: Magearna|spd|1\n|\n|-heal|p2a: Magearna|50\/100|[from] item: Leftovers\n|upkeep\n|turn|12\n|\n|t:|1698355766\n|move|p1a: Arceus|Body Press|p2a: Magearna\n|-damage|p2a: Magearna|1\/100\n|move|p2a: Magearna|Stored Power|p1a: Arceus\n|-supereffective|p1a: Arceus\n|-damage|p1a: Arceus|25\/100\n|\n|-heal|p2a: Magearna|7\/100|[from] item: Leftovers\n|upkeep\n|turn|13\n|\n|t:|1698355787\n|move|p1a: Arceus|Body Press|p2a: Magearna\n|-damage|p2a: Magearna|0 fnt\n|faint|p2a: Magearna\n|\n|upkeep\n|\n|t:|1698355815\n|switch|p2a: Palkia|Palkia-Origin|100\/100\n|-ability|p2a: Palkia|Pressure\n|turn|14\n|\n|t:|1698355819\n|move|p2a: Palkia|Draco Meteor|p1a: Arceus\n|-damage|p1a: Arceus|9\/100\n|-unboost|p2a: Palkia|spa|2\n|move|p1a: Arceus|Recover|p1a: Arceus\n|-heal|p1a: Arceus|59\/100\n|\n|upkeep\n|turn|15\n|\n|t:|1698355825\n|move|p2a: Palkia|Draco Meteor|p1a: Arceus\n|-damage|p1a: Arceus|52\/100\n|-unboost|p2a: Palkia|spa|2\n|move|p1a: Arceus|Recover|p1a: Arceus\n|-heal|p1a: Arceus|100\/100\n|\n|upkeep\n|turn|16\n|\n|t:|1698355849\n|move|p2a: Palkia|Draco Meteor|p1a: Arceus\n|-damage|p1a: Arceus|95\/100\n|-unboost|p2a: Palkia|spa|2\n|move|p1a: Arceus|Body Press|p2a: Palkia\n|-damage|p2a: Palkia|7\/100\n|\n|upkeep\n|turn|17\n|\n|t:|1698355856\n|move|p2a: Palkia|Draco Meteor|p1a: Arceus\n|-damage|p1a: Arceus|91\/100\n|move|p1a: Arceus|Body Press|p2a: Palkia\n|-damage|p2a: Palkia|0 fnt\n|faint|p2a: Palkia\n|\n|upkeep\n|\n|t:|1698355867\n|switch|p2a: Arceus|Arceus-Grass|86\/100\n|turn|18\n|\n|t:|1698355873\n|-terastallize|p2a: Arceus|Ground\n|move|p1a: Arceus|Body Press|p2a: Arceus\n|-crit|p2a: Arceus\n|-damage|p2a: Arceus|0 fnt\n|faint|p2a: Arceus\n|\n|upkeep\n|c|\u2606Janis105|gg\n|-message|Janis105 forfeited.\n|\n|win|wyvernl0rd\n|l|\u2606Janis105\n|c|\u2606wyvernl0rd|gg\n","uploadtime":1698355894,"views":22,"p1id":"wyvernl0rd","p2id":"janis105","formatid":"gen9ubers","rating":0,"private":0,"password":""}