{"id":"gen9ubers-1986824623","p1":"LuukTheGamer","p2":"amosamoswong","format":"[Gen 9] Ubers","log":"|j|\u2606LuukTheGamer\n|j|\u2606amosamoswong\n|t:|1699530631\n|gametype|singles\n|player|p1|LuukTheGamer|anabel|\n|player|p2|amosamoswong|teamrocket|\n|teamsize|p1|6\n|teamsize|p2|6\n|gen|9\n|tier|[Gen 9] Ubers\n|rule|Sleep Clause Mod: Limit one foe put to sleep\n|rule|Species Clause: Limit one of each Pok\u00e9mon\n|rule|OHKO Clause: OHKO moves are banned\n|rule|Evasion Items Clause: Evasion items are banned\n|rule|Evasion Moves Clause: Evasion moves are banned\n|rule|Endless Battle Clause: Forcing endless battles is banned\n|rule|HP Percentage Mod: HP is shown in percentages\n|clearpoke\n|poke|p1|Dialga-Origin|\n|poke|p1|Rillaboom, F|\n|poke|p1|Arceus-Fire|\n|poke|p1|Espathra, F|\n|poke|p1|Donphan, L6, F|\n|poke|p1|Sneasler, M|\n|poke|p2|Houndstone, M|\n|poke|p2|Palafin, M|\n|poke|p2|Masquerain, M|\n|poke|p2|Thundurus-Therian, M|\n|poke|p2|Baxcalibur, M|\n|poke|p2|Ninetales-Alola, M|\n|teampreview\n|inactive|Battle timer is ON: inactive players will automatically lose when time's up. (requested by LuukTheGamer)\n|inactive|LuukTheGamer has 270 seconds left.\n|\n|t:|1699530686\n|start\n|switch|p1a: Donphan|Donphan, L6, F|100\/100\n|switch|p2a: Baxcalibur|Baxcalibur, M|100\/100\n|turn|1\n|\n|t:|1699530709\n|move|p2a: Baxcalibur|Scale Shot|p1a: Donphan\n|-ability|p1a: Donphan|Sturdy\n|-damage|p1a: Donphan|4\/100\n|-damage|p1a: Donphan|0 fnt\n|faint|p1a: Donphan\n|-hitcount|p1: Donphan|2\n|-unboost|p2a: Baxcalibur|def|1\n|-boost|p2a: Baxcalibur|spe|1\n|\n|upkeep\n|inactive|LuukTheGamer has 270 seconds left.\n|\n|t:|1699530744\n|switch|p1a: Rillaboom|Rillaboom, F|100\/100\n|-fieldstart|move: Grassy Terrain|[from] ability: Grassy Surge|[of] p1a: Rillaboom\n|turn|2\n|inactive|amosamoswong has 270 seconds left.\n|inactive|LuukTheGamer has 240 seconds left.\n|\n|t:|1699530795\n|move|p2a: Baxcalibur|Icicle Spear|p1a: Rillaboom\n|-supereffective|p1a: Rillaboom\n|-damage|p1a: Rillaboom|72\/100\n|-supereffective|p1a: Rillaboom\n|-damage|p1a: Rillaboom|41\/100\n|-supereffective|p1a: Rillaboom\n|-damage|p1a: Rillaboom|13\/100\n|-supereffective|p1a: Rillaboom\n|-damage|p1a: Rillaboom|0 fnt\n|faint|p1a: Rillaboom\n|-hitcount|p1: Rillaboom|4\n|\n|upkeep\n|\n|t:|1699530805\n|switch|p1a: Sneasler|Sneasler, M, shiny|100\/100\n|-enditem|p1a: Sneasler|Grassy Seed\n|-boost|p1a: Sneasler|def|1|[from] item: Grassy Seed\n|turn|3\n|inactive|amosamoswong has 240 seconds left.\n|inactive|amosamoswong has 210 seconds left.\n|inactive|amosamoswong has 180 seconds left.\n|\n|t:|1699530907\n|switch|p2a: Ninetales|Ninetales-Alola, M|100\/100\n|-weather|Snow|[from] ability: Snow Warning|[of] p2a: Ninetales\n|move|p1a: Sneasler|Swords Dance|p1a: Sneasler\n|-boost|p1a: Sneasler|atk|2\n|\n|-weather|Snow|[upkeep]\n|upkeep\n|turn|4\n|inactive|amosamoswong has 150 seconds left.\n|inactive|LuukTheGamer has 210 seconds left.\n|inactive|amosamoswong has 120 seconds left.\n|inactive|LuukTheGamer has 180 seconds left.\n|inactive|amosamoswong has 90 seconds left.\n|\n|t:|1699530989\n|-terastallize|p2a: Ninetales|Steel\n|move|p1a: Sneasler|Dire Claw|p2a: Ninetales\n|-immune|p2a: Ninetales\n|move|p2a: Ninetales|Moonblast|p1a: Sneasler\n|-damage|p1a: Sneasler|64\/100\n|\n|-weather|Snow|[upkeep]\n|-heal|p1a: Sneasler|70\/100|[from] Grassy Terrain\n|upkeep\n|turn|5\n|inactive|LuukTheGamer has 180 seconds left.\n|inactive|amosamoswong has 90 seconds left.\n|inactive|LuukTheGamer has 150 seconds left.\n|\n|t:|1699531035\n|switch|p2a: Houndstone|Houndstone, M|100\/100\n|move|p1a: Sneasler|Acrobatics|p2a: Houndstone\n|-damage|p2a: Houndstone|55\/100\n|\n|-weather|Snow|[upkeep]\n|-heal|p1a: Sneasler|76\/100|[from] Grassy Terrain\n|-heal|p2a: Houndstone|60\/100|[from] Grassy Terrain\n|upkeep\n|turn|6\n|inactive|LuukTheGamer has 150 seconds left.\n|inactive|amosamoswong has 60 seconds left.\n|inactive|LuukTheGamer has 120 seconds left.\n|\n|t:|1699531073\n|switch|p2a: Ninetales|Ninetales-Alola, M, tera:Steel|100\/100\n|move|p1a: Sneasler|Acrobatics|p2a: Ninetales\n|-resisted|p2a: Ninetales\n|-damage|p2a: Ninetales|55\/100\n|\n|-weather|Snow|[upkeep]\n|-heal|p1a: Sneasler|82\/100|[from] Grassy Terrain\n|-heal|p2a: Ninetales|62\/100|[from] Grassy Terrain\n|-fieldend|move: Grassy Terrain\n|upkeep\n|turn|7\n|inactive|LuukTheGamer has 120 seconds left.\n|\n|t:|1699531096\n|move|p1a: Sneasler|Close Combat|p2a: Ninetales\n|-supereffective|p2a: Ninetales\n|-damage|p2a: Ninetales|0 fnt\n|-unboost|p1a: Sneasler|def|1\n|-unboost|p1a: Sneasler|spd|1\n|faint|p2a: Ninetales\n|\n|-weather|none\n|upkeep\n|inactive|amosamoswong has 30 seconds left.\n|inactive|amosamoswong has 20 seconds left.\n|inactive|amosamoswong has 15 seconds left.\n|\n|t:|1699531135\n|switch|p2a: Palafin|Palafin, M|100\/100\n|turn|8\n|inactive|amosamoswong has 25 seconds left this turn.\n|inactive|LuukTheGamer has 120 seconds left.\n|\n|t:|1699531154\n|detailschange|p2a: Palafin|Palafin-Hero, M\n|switch|p2a: Baxcalibur|Baxcalibur, M|100\/100\n|move|p1a: Sneasler|Dire Claw|p2a: Baxcalibur\n|-damage|p2a: Baxcalibur|8\/100\n|-status|p2a: Baxcalibur|slp\n|\n|upkeep\n|turn|9\n|inactive|amosamoswong has 30 seconds left.\n|inactive|amosamoswong has 20 seconds left.\n|inactive|LuukTheGamer has 90 seconds left.\n|\n|t:|1699531188\n|move|p1a: Sneasler|Acrobatics|p2a: Baxcalibur\n|-damage|p2a: Baxcalibur|0 fnt\n|faint|p2a: Baxcalibur\n|\n|upkeep\n|inactive|amosamoswong has 25 seconds left this turn.\n|inactive|amosamoswong has 20 seconds left.\n|inactive|amosamoswong has 15 seconds left.\n|inactive|amosamoswong has 10 seconds left.\n|inactive|amosamoswong has 5 seconds left.\n|\n|t:|1699531213\n|switch|p2a: Masquerain|Masquerain, M|100\/100\n|-ability|p2a: Masquerain|Intimidate|boost\n|-unboost|p1a: Sneasler|atk|1\n|turn|10\n|inactive|amosamoswong has 15 seconds left this turn.\n|inactive|amosamoswong has 10 seconds left.\n|\n|t:|1699531226\n|move|p1a: Sneasler|Acrobatics|p2a: Masquerain\n|-supereffective|p2a: Masquerain\n|-enditem|p2a: Masquerain|Focus Sash\n|-damage|p2a: Masquerain|1\/100\n|move|p2a: Masquerain|Rain Dance|p2a: Masquerain\n|-weather|RainDance\n|\n|-weather|RainDance|[upkeep]\n|upkeep\n|turn|11\n|inactive|amosamoswong has 20 seconds left this turn.\n|inactive|amosamoswong has 15 seconds left.\n|inactive|amosamoswong has 10 seconds left.\n|inactive|LuukTheGamer has 90 seconds left.\n|\n|t:|1699531250\n|move|p1a: Sneasler|Acrobatics|p2a: Masquerain\n|-supereffective|p2a: Masquerain\n|-damage|p2a: Masquerain|0 fnt\n|faint|p2a: Masquerain\n|\n|-weather|RainDance|[upkeep]\n|upkeep\n|inactive|amosamoswong has 15 seconds left this turn.\n|\n|t:|1699531253\n|switch|p2a: Palafin|Palafin-Hero, M|100\/100\n|-activate|p2a: Palafin|ability: Zero to Hero\n|turn|12\n|inactive|amosamoswong has 25 seconds left this turn.\n|inactive|LuukTheGamer has 90 seconds left.\n|\n|t:|1699531271\n|switch|p1a: Dialga|Dialga-Origin|100\/100\n|-ability|p1a: Dialga|Pressure\n|move|p2a: Palafin|Jet Punch|p1a: Dialga\n|-resisted|p1a: Dialga\n|-crit|p1a: Dialga\n|-damage|p1a: Dialga|58\/100\n|\n|-weather|RainDance|[upkeep]\n|upkeep\n|turn|13\n|inactive|LuukTheGamer has 90 seconds left.\n|inactive|amosamoswong has 30 seconds left.\n|\n|t:|1699531286\n|switch|p2a: Thundurus|Thundurus-Therian, M|100\/100\n|move|p1a: Dialga|Draco Meteor|p2a: Thundurus\n|-damage|p2a: Thundurus|0 fnt\n|-unboost|p1a: Dialga|spa|2\n|faint|p2a: Thundurus\n|\n|-weather|RainDance|[upkeep]\n|upkeep\n|inactive|amosamoswong has 30 seconds left.\n|inactive|amosamoswong has 20 seconds left.\n|\n|t:|1699531301\n|switch|p2a: Houndstone|Houndstone, M|60\/100\n|turn|14\n|inactive|amosamoswong has 30 seconds left this turn.\n|inactive|LuukTheGamer has 90 seconds left.\n|\n|t:|1699531324\n|move|p2a: Houndstone|Last Respects|p1a: Dialga\n|-damage|p1a: Dialga|0 fnt\n|faint|p1a: Dialga\n|\n|-weather|none\n|upkeep\n|inactive|amosamoswong has 30 seconds left this turn.\n|\n|t:|1699531337\n|switch|p1a: Arceus|Arceus-Fire|100\/100\n|turn|15\n|inactive|LuukTheGamer has 60 seconds left.\n|\n|t:|1699531363\n|-terastallize|p1a: Arceus|Normal\n|move|p1a: Arceus|Dragon Dance|p1a: Arceus\n|-boost|p1a: Arceus|atk|1\n|-boost|p1a: Arceus|spe|1\n|move|p2a: Houndstone|Last Respects|p1a: Arceus\n|-immune|p1a: Arceus\n|\n|upkeep\n|turn|16\n|inactive|LuukTheGamer has 60 seconds left.\n|\n|t:|1699531374\n|switch|p2a: Palafin|Palafin-Hero, M|100\/100\n|move|p1a: Arceus|Flare Blitz|p2a: Palafin\n|-resisted|p2a: Palafin\n|-damage|p2a: Palafin|38\/100\n|-damage|p1a: Arceus|82\/100|[from] Recoil\n|\n|upkeep\n|turn|17\n|\n|t:|1699531387\n|move|p1a: Arceus|Extreme Speed|p2a: Palafin\n|-damage|p2a: Palafin|0 fnt\n|faint|p2a: Palafin\n|\n|upkeep\n|\n|t:|1699531390\n|switch|p2a: Houndstone|Houndstone, M|60\/100\n|turn|18\n|\n|t:|1699531393\n|move|p1a: Arceus|Flare Blitz|p2a: Houndstone\n|-damage|p2a: Houndstone|0 fnt\n|faint|p2a: Houndstone\n|-damage|p1a: Arceus|67\/100|[from] Recoil\n|\n|win|LuukTheGamer\n|c|\u2606LuukTheGamer|gg\n|c|\u2606amosamoswong|ggs\n","uploadtime":1699531400,"views":36,"p1id":"luukthegamer","p2id":"amosamoswong","formatid":"gen9ubers","rating":0,"private":0,"password":""}