{"id":"gen9ubers-1973749310","p1":"HavocIsBack","p2":"Beast2122","format":"[Gen 9] Ubers","log":"|j|\u2606HavocIsBack\n|j|\u2606Beast2122\n|t:|1698009537\n|gametype|singles\n|player|p1|HavocIsBack|2|\n|player|p2|Beast2122|102|\n|teamsize|p1|6\n|teamsize|p2|6\n|gen|9\n|tier|[Gen 9] Ubers\n|rule|Sleep Clause Mod: Limit one foe put to sleep\n|rule|Species Clause: Limit one of each Pok\u00e9mon\n|rule|OHKO Clause: OHKO moves are banned\n|rule|Evasion Items Clause: Evasion items are banned\n|rule|Evasion Moves Clause: Evasion moves are banned\n|rule|Endless Battle Clause: Forcing endless battles is banned\n|rule|HP Percentage Mod: HP is shown in percentages\n|clearpoke\n|poke|p1|Roaring Moon|\n|poke|p1|Frosmoth, M|\n|poke|p1|Cramorant, F|\n|poke|p1|Zangoose, M|\n|poke|p1|Appletun, F|\n|poke|p1|Dragonite, F|\n|poke|p2|Maushold-Four|\n|poke|p2|Tinkaton, F|\n|poke|p2|Sawsbuck, F|\n|poke|p2|Lycanroc-Dusk, M|\n|poke|p2|Staraptor, F|\n|poke|p2|Tauros-Paldea-Aqua, M|\n|teampreview\n|\n|t:|1698009554\n|start\n|switch|p1a: Praenomen|Dragonite, F|100\/100\n|switch|p2a: Tinkaton|Tinkaton, F|100\/100\n|-ability|p2a: Tinkaton|Mold Breaker\n|turn|1\n|\n|t:|1698009564\n|move|p2a: Tinkaton|Fake Out|p1a: Praenomen\n|-damage|p1a: Praenomen|89\/100\n|cant|p1a: Praenomen|flinch\n|\n|upkeep\n|turn|2\n|\n|t:|1698009569\n|move|p2a: Tinkaton|Play Rough|p1a: Praenomen\n|-supereffective|p1a: Praenomen\n|-damage|p1a: Praenomen|14\/100\n|move|p1a: Praenomen|Dragon Dance|p1a: Praenomen\n|-boost|p1a: Praenomen|atk|1\n|-boost|p1a: Praenomen|spe|1\n|\n|upkeep\n|turn|3\n|\n|t:|1698009578\n|move|p1a: Praenomen|Earthquake|p2a: Tinkaton\n|-supereffective|p2a: Tinkaton\n|-damage|p2a: Tinkaton|0 fnt\n|faint|p2a: Tinkaton\n|\n|upkeep\n|\n|t:|1698009591\n|switch|p2a: Staraptor|Staraptor, F|100\/100\n|-ability|p2a: Staraptor|Intimidate|boost\n|-unboost|p1a: Praenomen|atk|1\n|turn|4\n|\n|t:|1698009598\n|move|p2a: Staraptor|Quick Attack|p1a: Praenomen\n|-crit|p1a: Praenomen\n|-damage|p1a: Praenomen|0 fnt\n|faint|p1a: Praenomen\n|-damage|p2a: Staraptor|91\/100|[from] item: Life Orb\n|\n|upkeep\n|\n|t:|1698009608\n|switch|p1a: IBeatPokemon|Frosmoth, M|100\/100\n|turn|5\n|c|\u2606Beast2122|!weak frosmoth\n|c| Beast2122|\/raw <div class=\"infobox\">Frosmoth (ignoring abilities):<br \/><span class=\"message-effect-weak\">Weaknesses<\/span>: <b>Fire<\/b>, Flying, <b>Rock<\/b>, Steel<br \/><span class=\"message-effect-resist\">Resistances<\/span>: Grass, Ground, Ice<br \/><span class=\"message-effect-immune\">Immunities<\/span>: Frozen, Hail damage<\/div>\n|\n|t:|1698009633\n|move|p2a: Staraptor|Tailwind|p2a: Staraptor\n|-sidestart|p2: Beast2122|move: Tailwind\n|move|p1a: IBeatPokemon|Substitute|p1a: IBeatPokemon\n|-start|p1a: IBeatPokemon|Substitute\n|-damage|p1a: IBeatPokemon|76\/100\n|\n|upkeep\n|turn|6\n|\n|t:|1698009640\n|move|p2a: Staraptor|Brave Bird|p1a: IBeatPokemon\n|-supereffective|p1a: IBeatPokemon\n|-end|p1a: IBeatPokemon|Substitute\n|-damage|p2a: Staraptor|83\/100|[from] Recoil|[of] p1a: IBeatPokemon\n|-damage|p2a: Staraptor|73\/100|[from] item: Life Orb\n|move|p1a: IBeatPokemon|Quiver Dance|p1a: IBeatPokemon\n|-boost|p1a: IBeatPokemon|spa|1\n|-boost|p1a: IBeatPokemon|spd|1\n|-boost|p1a: IBeatPokemon|spe|1\n|\n|upkeep\n|turn|7\n|\n|t:|1698009650\n|move|p2a: Staraptor|Brave Bird|p1a: IBeatPokemon\n|-supereffective|p1a: IBeatPokemon\n|-damage|p1a: IBeatPokemon|0 fnt\n|faint|p1a: IBeatPokemon\n|-damage|p2a: Staraptor|51\/100|[from] Recoil\n|-damage|p2a: Staraptor|41\/100|[from] item: Life Orb\n|\n|upkeep\n|\n|t:|1698009667\n|switch|p1a: Red|Zangoose, M|100\/100\n|turn|8\n|\n|t:|1698009675\n|move|p2a: Staraptor|Close Combat|p1a: Red\n|-supereffective|p1a: Red\n|-damage|p1a: Red|0 fnt\n|-unboost|p2a: Staraptor|def|1\n|-unboost|p2a: Staraptor|spd|1\n|faint|p1a: Red\n|-damage|p2a: Staraptor|31\/100|[from] item: Life Orb\n|\n|-sideend|p2: Beast2122|move: Tailwind\n|upkeep\n|\n|t:|1698009689\n|switch|p1a: PokeVend.com|Roaring Moon, shiny|100\/100\n|turn|9\n|\n|t:|1698009697\n|move|p1a: PokeVend.com|Dragon Claw|p2a: Staraptor\n|-damage|p2a: Staraptor|0 fnt\n|faint|p2a: Staraptor\n|\n|upkeep\n|\n|t:|1698009705\n|switch|p2a: Tauros|Tauros-Paldea-Aqua, M|100\/100\n|-ability|p2a: Tauros|Intimidate|boost\n|-unboost|p1a: PokeVend.com|atk|1\n|turn|10\n|\n|t:|1698009711\n|move|p1a: PokeVend.com|Dragon Claw|p2a: Tauros\n|-damage|p2a: Tauros|52\/100\n|move|p2a: Tauros|Trailblaze|p1a: PokeVend.com\n|-resisted|p1a: PokeVend.com\n|-damage|p1a: PokeVend.com|90\/100\n|-boost|p2a: Tauros|spe|1\n|\n|upkeep\n|turn|11\n|\n|t:|1698009724\n|-end|p1a: PokeVend.com|Protosynthesis|[silent]\n|switch|p1a: Tim|Cramorant, F|100\/100\n|move|p2a: Tauros|Close Combat|p1a: Tim\n|-resisted|p1a: Tim\n|-crit|p1a: Tim\n|-damage|p1a: Tim|55\/100\n|-unboost|p2a: Tauros|def|1\n|-unboost|p2a: Tauros|spd|1\n|\n|upkeep\n|turn|12\n|\n|t:|1698009736\n|switch|p2a: Lycanroc|Lycanroc-Dusk, M|100\/100\n|move|p1a: Tim|Hurricane|p2a: Lycanroc\n|-resisted|p2a: Lycanroc\n|-damage|p2a: Lycanroc|72\/100\n|-start|p2a: Lycanroc|confusion\n|\n|upkeep\n|turn|13\n|\n|t:|1698009746\n|-activate|p2a: Lycanroc|confusion\n|move|p2a: Lycanroc|Rock Slide|p1a: Tim|[miss]\n|-miss|p2a: Lycanroc|p1a: Tim\n|move|p1a: Tim|Surf|p2a: Lycanroc\n|-formechange|p1a: Tim|Cramorant-Gulping|\n|-supereffective|p2a: Lycanroc\n|-damage|p2a: Lycanroc|0 fnt\n|faint|p2a: Lycanroc\n|\n|upkeep\n|\n|t:|1698009758\n|switch|p2a: Sawsbuck|Sawsbuck, F|100\/100\n|turn|14\n|\n|t:|1698009765\n|move|p2a: Sawsbuck|Headbutt|p1a: Tim\n|-damage|p1a: Tim|30\/100\n|-damage|p2a: Sawsbuck|76\/100|[from] ability: Gulp Missile|[of] p1a: Tim\n|-unboost|p2a: Sawsbuck|def|1\n|-formechange|p1a: Tim|Cramorant|\n|move|p1a: Tim|Hurricane|p2a: Sawsbuck\n|-supereffective|p2a: Sawsbuck\n|-damage|p2a: Sawsbuck|0 fnt\n|faint|p2a: Sawsbuck\n|\n|upkeep\n|\n|t:|1698009773\n|switch|p2a: Tauros|Tauros-Paldea-Aqua, M|52\/100\n|-ability|p2a: Tauros|Intimidate|boost\n|-unboost|p1a: Tim|atk|1\n|turn|15\n|\n|t:|1698009780\n|move|p2a: Tauros|Trailblaze|p1a: Tim\n|-damage|p1a: Tim|14\/100\n|-boost|p2a: Tauros|spe|1\n|move|p1a: Tim|Hurricane|p2a: Tauros\n|-supereffective|p2a: Tauros\n|-damage|p2a: Tauros|0 fnt\n|faint|p2a: Tauros\n|\n|upkeep\n|\n|t:|1698009786\n|switch|p2a: Maushold|Maushold-Four|100\/100\n|turn|16\n|\n|t:|1698009798\n|move|p2a: Maushold|Tidy Up|p2a: Maushold\n|-boost|p2a: Maushold|atk|1\n|-boost|p2a: Maushold|spe|1\n|move|p1a: Tim|Surf|p2a: Maushold\n|-formechange|p1a: Tim|Cramorant-Gorging|\n|-damage|p2a: Maushold|59\/100\n|\n|upkeep\n|turn|17\n|\n|t:|1698009807\n|move|p2a: Maushold|Population Bomb|p1a: Tim\n|-damage|p1a: Tim|0 fnt\n|-damage|p2a: Maushold|34\/100|[from] ability: Gulp Missile|[of] p1a: Tim\n|-status|p2a: Maushold|par\n|-formechange|p1a: Tim|Cramorant|\n|faint|p1a: Tim\n|-hitcount|p1: Tim|1\n|\n|upkeep\n|\n|t:|1698009816\n|switch|p1a: PokeVend.com|Roaring Moon, shiny|90\/100\n|turn|18\n|\n|t:|1698009829\n|move|p1a: PokeVend.com|Dragon Claw|p2a: Maushold\n|-damage|p2a: Maushold|0 fnt\n|faint|p2a: Maushold\n|\n|win|HavocIsBack\n","uploadtime":1698009837,"views":13,"p1id":"havocisback","p2id":"beast2122","formatid":"gen9ubers","rating":0,"private":0,"password":""}