{"id":"gen9ubers-1980558260","p1":"HavocMaster173","p2":"wayrrr","format":"[Gen 9] Ubers","log":"|j|\u2606HavocMaster173\n|j|\u2606wayrrr\n|t:|1698797173\n|gametype|singles\n|player|p1|HavocMaster173|lance|\n|player|p2|wayrrr|170|\n|teamsize|p1|6\n|teamsize|p2|6\n|gen|9\n|tier|[Gen 9] Ubers\n|rule|Sleep Clause Mod: Limit one foe put to sleep\n|rule|Species Clause: Limit one of each Pok\u00e9mon\n|rule|OHKO Clause: OHKO moves are banned\n|rule|Evasion Items Clause: Evasion items are banned\n|rule|Evasion Moves Clause: Evasion moves are banned\n|rule|Endless Battle Clause: Forcing endless battles is banned\n|rule|HP Percentage Mod: HP is shown in percentages\n|clearpoke\n|poke|p1|Forretress, F|\n|poke|p1|Walking Wake|\n|poke|p1|Zapdos|\n|poke|p1|Scream Tail|\n|poke|p1|Great Tusk|\n|poke|p1|Rillaboom, F|\n|poke|p2|Quaquaval, F|\n|poke|p2|Iron Moth|\n|poke|p2|Glimmora, F|\n|poke|p2|Ditto|\n|poke|p2|Ting-Lu|\n|poke|p2|Meowscarada, F|\n|teampreview\n|\n|t:|1698797213\n|start\n|switch|p1a: No Sticky Webs|Forretress, F, shiny|100\/100\n|switch|p2a: Glimmora|Glimmora, F|100\/100\n|turn|1\n|\n|t:|1698797247\n|switch|p1a: Great Tusk|Great Tusk|100\/100\n|move|p2a: Glimmora|Stealth Rock|p1a: Great Tusk\n|-sidestart|p1: HavocMaster173|move: Stealth Rock\n|\n|upkeep\n|turn|2\n|\n|t:|1698797260\n|move|p2a: Glimmora|Mortal Spin|p1a: Great Tusk\n|-resisted|p1a: Great Tusk\n|-damage|p1a: Great Tusk|99\/100\n|-status|p1a: Great Tusk|psn\n|move|p1a: Great Tusk|Earthquake|p2a: Glimmora\n|-supereffective|p2a: Glimmora\n|-damage|p2a: Glimmora|0 fnt\n|-activate|p2a: Glimmora|ability: Toxic Debris\n|-sidestart|p1: HavocMaster173|move: Toxic Spikes\n|faint|p2a: Glimmora\n|\n|-heal|p1a: Great Tusk|100\/100 psn|[from] item: Leftovers\n|-damage|p1a: Great Tusk|88\/100 psn|[from] psn\n|upkeep\n|\n|t:|1698797282\n|switch|p2a: Meowscarada|Meowscarada, F|100\/100\n|turn|3\n|\n|t:|1698797287\n|move|p2a: Meowscarada|Flower Trick|p1a: Great Tusk\n|-start|p2a: Meowscarada|typechange|Grass|[from] ability: Protean\n|-supereffective|p1a: Great Tusk\n|-crit|p1a: Great Tusk\n|-damage|p1a: Great Tusk|42\/100 psn\n|move|p1a: Great Tusk|Rapid Spin|p2a: Meowscarada\n|-damage|p2a: Meowscarada|77\/100\n|-boost|p1a: Great Tusk|spe|1\n|-sideend|p1: HavocMaster173|Toxic Spikes|[from] move: Rapid Spin|[of] p1a: Great Tusk\n|-sideend|p1: HavocMaster173|Stealth Rock|[from] move: Rapid Spin|[of] p1a: Great Tusk\n|\n|-heal|p1a: Great Tusk|49\/100 psn|[from] item: Leftovers\n|-damage|p1a: Great Tusk|36\/100 psn|[from] psn\n|upkeep\n|turn|4\n|\n|t:|1698797305\n|move|p2a: Meowscarada|Flower Trick|p1a: Great Tusk\n|-supereffective|p1a: Great Tusk\n|-crit|p1a: Great Tusk\n|-damage|p1a: Great Tusk|0 fnt\n|faint|p1a: Great Tusk\n|-end|p1a: Great Tusk|Protosynthesis|[silent]\n|\n|upkeep\n|\n|t:|1698797342\n|switch|p1a: Rillaboom|Rillaboom, F|100\/100\n|-fieldstart|move: Grassy Terrain|[from] ability: Grassy Surge|[of] p1a: Rillaboom\n|turn|5\n|\n|t:|1698797356\n|switch|p2a: Iron Moth|Iron Moth|100\/100\n|move|p1a: Rillaboom|Drain Punch|p2a: Iron Moth\n|-resisted|p2a: Iron Moth\n|-damage|p2a: Iron Moth|67\/100\n|\n|-heal|p2a: Iron Moth|73\/100|[from] Grassy Terrain\n|upkeep\n|turn|6\n|\n|t:|1698797386\n|switch|p1a: Scream Tail|Scream Tail|100\/100\n|-terastallize|p2a: Iron Moth|Fire\n|move|p2a: Iron Moth|Fiery Dance|p1a: Scream Tail\n|-crit|p1a: Scream Tail\n|-damage|p1a: Scream Tail|48\/100\n|\n|-heal|p2a: Iron Moth|79\/100|[from] Grassy Terrain\n|-heal|p1a: Scream Tail|54\/100|[from] Grassy Terrain\n|-heal|p1a: Scream Tail|60\/100|[from] item: Leftovers\n|upkeep\n|turn|7\n|\n|t:|1698797404\n|move|p2a: Iron Moth|Sludge Wave|p1a: Scream Tail\n|-supereffective|p1a: Scream Tail\n|-damage|p1a: Scream Tail|0 fnt\n|faint|p1a: Scream Tail\n|-end|p1a: Scream Tail|Protosynthesis|[silent]\n|\n|-heal|p2a: Iron Moth|85\/100|[from] Grassy Terrain\n|upkeep\n|\n|t:|1698797425\n|switch|p1a: Jurassic Park|Walking Wake|100\/100\n|-enditem|p1a: Jurassic Park|Booster Energy\n|-activate|p1a: Jurassic Park|ability: Protosynthesis|[fromitem]\n|-start|p1a: Jurassic Park|protosynthesisspe\n|turn|8\n|\n|t:|1698797438\n|-end|p2a: Iron Moth|Quark Drive|[silent]\n|switch|p2a: Ting-Lu|Ting-Lu|100\/100\n|-ability|p2a: Ting-Lu|Vessel of Ruin\n|move|p1a: Jurassic Park|Dragon Pulse|p2a: Ting-Lu\n|-damage|p2a: Ting-Lu|76\/100\n|\n|-heal|p2a: Ting-Lu|83\/100|[from] Grassy Terrain\n|-heal|p2a: Ting-Lu|89\/100|[from] item: Leftovers\n|upkeep\n|turn|9\n|\n|t:|1698797465\n|move|p1a: Jurassic Park|Hydro Steam|p2a: Ting-Lu\n|-supereffective|p2a: Ting-Lu\n|-damage|p2a: Ting-Lu|37\/100\n|move|p2a: Ting-Lu|Stealth Rock|p1a: Jurassic Park\n|-sidestart|p1: HavocMaster173|move: Stealth Rock\n|\n|-heal|p2a: Ting-Lu|44\/100|[from] Grassy Terrain\n|-heal|p2a: Ting-Lu|50\/100|[from] item: Leftovers\n|-fieldend|move: Grassy Terrain\n|upkeep\n|turn|10\n|\n|t:|1698797482\n|move|p1a: Jurassic Park|Flamethrower|p2a: Ting-Lu\n|-damage|p2a: Ting-Lu|33\/100\n|move|p2a: Ting-Lu|Whirlwind|p1a: Jurassic Park\n|-end|p1a: Jurassic Park|Protosynthesis|[silent]\n|drag|p1a: No Sticky Webs|Forretress, F, shiny|100\/100\n|-damage|p1a: No Sticky Webs|88\/100|[from] Stealth Rock\n|\n|-heal|p2a: Ting-Lu|39\/100|[from] item: Leftovers\n|upkeep\n|turn|11\n|\n|t:|1698797535\n|move|p2a: Ting-Lu|Substitute|p2a: Ting-Lu\n|-start|p2a: Ting-Lu|Substitute\n|-damage|p2a: Ting-Lu|14\/100\n|move|p1a: No Sticky Webs|Rapid Spin|p2a: Ting-Lu\n|-activate|p2a: Ting-Lu|move: Substitute|[damage]\n|-sideend|p1: HavocMaster173|Stealth Rock|[from] move: Rapid Spin|[of] p1a: No Sticky Webs\n|-boost|p1a: No Sticky Webs|spe|1\n|\n|-heal|p2a: Ting-Lu|20\/100|[from] item: Leftovers\n|upkeep\n|turn|12\n|\n|t:|1698797544\n|move|p1a: No Sticky Webs|Gyro Ball|p2a: Ting-Lu\n|-activate|p2a: Ting-Lu|move: Substitute|[damage]\n|move|p2a: Ting-Lu|Whirlwind|p1a: No Sticky Webs\n|drag|p1a: Zapdos|Zapdos|100\/100\n|\n|-heal|p2a: Ting-Lu|26\/100|[from] item: Leftovers\n|upkeep\n|turn|13\n|\n|t:|1698797562\n|move|p1a: Zapdos|Heat Wave|p2a: Ting-Lu\n|-activate|p2a: Ting-Lu|move: Substitute|[damage]\n|move|p2a: Ting-Lu|Stealth Rock|p1a: Zapdos\n|-sidestart|p1: HavocMaster173|move: Stealth Rock\n|\n|-heal|p2a: Ting-Lu|33\/100|[from] item: Leftovers\n|upkeep\n|turn|14\n|\n|t:|1698797571\n|move|p1a: Zapdos|Volt Switch|p2a: Ting-Lu\n|-immune|p2a: Ting-Lu\n|move|p2a: Ting-Lu|Body Press|p1a: Zapdos\n|-resisted|p1a: Zapdos\n|-damage|p1a: Zapdos|87\/100\n|\n|-heal|p2a: Ting-Lu|39\/100|[from] item: Leftovers\n|upkeep\n|turn|15\n|\n|t:|1698797582\n|move|p1a: Zapdos|Heat Wave|p2a: Ting-Lu\n|-end|p2a: Ting-Lu|Substitute\n|move|p2a: Ting-Lu|Whirlwind|p1a: Zapdos\n|drag|p1a: Jurassic Park|Walking Wake|100\/100\n|-damage|p1a: Jurassic Park|88\/100|[from] Stealth Rock\n|\n|-heal|p2a: Ting-Lu|45\/100|[from] item: Leftovers\n|upkeep\n|turn|16\n|\n|t:|1698797613\n|switch|p2a: Meowscarada|Meowscarada, F|77\/100\n|move|p1a: Jurassic Park|Hydro Steam|p2a: Meowscarada\n|-resisted|p2a: Meowscarada\n|-damage|p2a: Meowscarada|46\/100\n|\n|upkeep\n|turn|17\n|\n|t:|1698797620\n|move|p2a: Meowscarada|Flower Trick|p1a: Jurassic Park\n|-start|p2a: Meowscarada|typechange|Grass|[from] ability: Protean\n|-crit|p1a: Jurassic Park\n|-damage|p1a: Jurassic Park|38\/100\n|move|p1a: Jurassic Park|Flamethrower|p2a: Meowscarada\n|-supereffective|p2a: Meowscarada\n|-damage|p2a: Meowscarada|0 fnt\n|faint|p2a: Meowscarada\n|\n|upkeep\n|\n|t:|1698797676\n|switch|p2a: Ditto|Ditto|100\/100\n|-transform|p2a: Ditto|p1a: Jurassic Park|[from] ability: Imposter\n|turn|18\n|\n|t:|1698797697\n|move|p2a: Ditto|Dragon Pulse|p1a: Jurassic Park\n|-supereffective|p1a: Jurassic Park\n|-damage|p1a: Jurassic Park|0 fnt\n|faint|p1a: Jurassic Park\n|-end|p1a: Jurassic Park|Protosynthesis|[silent]\n|\n|upkeep\n|\n|t:|1698797715\n|switch|p1a: Zapdos|Zapdos|87\/100\n|turn|19\n|\n|t:|1698797724\n|-end|p2a: Ditto|Protosynthesis|[silent]\n|switch|p2a: Ting-Lu|Ting-Lu|45\/100\n|-ability|p2a: Ting-Lu|Vessel of Ruin\n|move|p1a: Zapdos|Volt Switch|p2a: Ting-Lu\n|-immune|p2a: Ting-Lu\n|\n|-heal|p2a: Ting-Lu|51\/100|[from] item: Leftovers\n|upkeep\n|turn|20\n|\n|t:|1698797740\n|move|p1a: Zapdos|Hurricane|p2a: Ting-Lu|[miss]\n|-miss|p1a: Zapdos|p2a: Ting-Lu\n|move|p2a: Ting-Lu|Stealth Rock||[still]\n|-fail|p2a: Ting-Lu\n|\n|-heal|p2a: Ting-Lu|58\/100|[from] item: Leftovers\n|upkeep\n|turn|21\n|\n|t:|1698797754\n|move|p1a: Zapdos|Heat Wave|p2a: Ting-Lu\n|-damage|p2a: Ting-Lu|42\/100\n|move|p2a: Ting-Lu|Whirlwind|p1a: Zapdos\n|drag|p1a: Rillaboom|Rillaboom, F|100\/100\n|-damage|p1a: Rillaboom|88\/100|[from] Stealth Rock\n|-fieldstart|move: Grassy Terrain|[from] ability: Grassy Surge|[of] p1a: Rillaboom\n|\n|-heal|p1a: Rillaboom|94\/100|[from] Grassy Terrain\n|-heal|p2a: Ting-Lu|48\/100|[from] Grassy Terrain\n|-heal|p2a: Ting-Lu|54\/100|[from] item: Leftovers\n|upkeep\n|turn|22\n|\n|t:|1698797765\n|move|p1a: Rillaboom|Drain Punch|p2a: Ting-Lu\n|-supereffective|p2a: Ting-Lu\n|-damage|p2a: Ting-Lu|20\/100\n|-heal|p1a: Rillaboom|100\/100|[from] drain|[of] p2a: Ting-Lu\n|move|p2a: Ting-Lu|Whirlwind|p1a: Rillaboom\n|drag|p1a: Zapdos|Zapdos|87\/100\n|\n|-heal|p2a: Ting-Lu|26\/100|[from] Grassy Terrain\n|-heal|p2a: Ting-Lu|32\/100|[from] item: Leftovers\n|upkeep\n|turn|23\n|\n|t:|1698797782\n|switch|p2a: Iron Moth|Iron Moth, tera:Fire|85\/100\n|move|p1a: Zapdos|Heat Wave|p2a: Iron Moth\n|-resisted|p2a: Iron Moth\n|-damage|p2a: Iron Moth|72\/100\n|\n|-heal|p2a: Iron Moth|78\/100|[from] Grassy Terrain\n|upkeep\n|turn|24\n|\n|t:|1698797793\n|move|p2a: Iron Moth|Fiery Dance|p1a: Zapdos\n|-damage|p1a: Zapdos|31\/100\n|move|p1a: Zapdos|Hurricane|p2a: Iron Moth\n|-crit|p2a: Iron Moth\n|-damage|p2a: Iron Moth|5\/100\n|\n|-heal|p2a: Iron Moth|11\/100|[from] Grassy Terrain\n|upkeep\n|turn|25\n|\n|t:|1698797815\n|move|p2a: Iron Moth|Fiery Dance|p1a: Zapdos\n|-damage|p1a: Zapdos|0 fnt\n|-boost|p2a: Iron Moth|spa|1\n|faint|p1a: Zapdos\n|\n|-heal|p2a: Iron Moth|17\/100|[from] Grassy Terrain\n|-fieldend|move: Grassy Terrain\n|upkeep\n|\n|t:|1698797824\n|switch|p1a: Rillaboom|Rillaboom, F|100\/100\n|-damage|p1a: Rillaboom|88\/100|[from] Stealth Rock\n|-fieldstart|move: Grassy Terrain|[from] ability: Grassy Surge|[of] p1a: Rillaboom\n|turn|26\n|\n|t:|1698797830\n|move|p2a: Iron Moth|Fiery Dance|p1a: Rillaboom\n|-supereffective|p1a: Rillaboom\n|-damage|p1a: Rillaboom|0 fnt\n|-boost|p2a: Iron Moth|spa|1\n|faint|p1a: Rillaboom\n|\n|-heal|p2a: Iron Moth|23\/100|[from] Grassy Terrain\n|upkeep\n|\n|t:|1698797839\n|switch|p1a: No Sticky Webs|Forretress, F, shiny|88\/100\n|-damage|p1a: No Sticky Webs|76\/100|[from] Stealth Rock\n|turn|27\n|\n|t:|1698797845\n|move|p2a: Iron Moth|Fiery Dance|p1a: No Sticky Webs\n|-supereffective|p1a: No Sticky Webs\n|-damage|p1a: No Sticky Webs|0 fnt\n|-boost|p2a: Iron Moth|spa|1\n|faint|p1a: No Sticky Webs\n|\n|win|wayrrr\n","uploadtime":1698797855,"views":24,"p1id":"havocmaster173","p2id":"wayrrr","formatid":"gen9ubers","rating":0,"private":0,"password":""}