{"id":"gen9ubers-1976995493","p1":"MeteorAsh15","p2":"0308006b","format":"[Gen 9] Ubers","log":"|j|\u2606MeteorAsh15\n|j|\u26060308006b\n|t:|1698359913\n|gametype|singles\n|player|p1|MeteorAsh15|nate|1208\n|player|p2|0308006b|fisherman-gen4|1159\n|teamsize|p1|6\n|teamsize|p2|6\n|gen|9\n|tier|[Gen 9] Ubers\n|rated|\n|rule|Sleep Clause Mod: Limit one foe put to sleep\n|rule|Species Clause: Limit one of each Pok\u00e9mon\n|rule|OHKO Clause: OHKO moves are banned\n|rule|Evasion Items Clause: Evasion items are banned\n|rule|Evasion Moves Clause: Evasion moves are banned\n|rule|Endless Battle Clause: Forcing endless battles is banned\n|rule|HP Percentage Mod: HP is shown in percentages\n|clearpoke\n|poke|p1|Baxcalibur, F|\n|poke|p1|Ninetales-Alola, F|\n|poke|p1|Koraidon|\n|poke|p1|Zacian-*|\n|poke|p1|Tornadus, M|\n|poke|p1|Ribombee, F|\n|poke|p2|Annihilape, M|\n|poke|p2|Koraidon|\n|poke|p2|Miraidon|\n|poke|p2|Chi-Yu|\n|poke|p2|Regieleki|\n|poke|p2|Zacian-*|\n|teampreview\n|inactive|Battle timer is ON: inactive players will automatically lose when time's up. (requested by MeteorAsh15)\n|\n|t:|1698359922\n|start\n|switch|p1a: Ribombee|Ribombee, F, shiny|100\/100\n|switch|p2a: Regieleki|Regieleki|100\/100\n|turn|1\n|\n|t:|1698359929\n|move|p2a: Regieleki|Light Screen|p2a: Regieleki\n|-sidestart|p2: 0308006b|move: Light Screen\n|move|p1a: Ribombee|Sticky Web|p2a: Regieleki\n|-sidestart|p2: 0308006b|move: Sticky Web\n|\n|upkeep\n|turn|2\n|\n|t:|1698359934\n|move|p2a: Regieleki|Reflect|p2a: Regieleki\n|-sidestart|p2: 0308006b|Reflect\n|move|p1a: Ribombee|Tailwind|p1a: Ribombee\n|-sidestart|p1: MeteorAsh15|move: Tailwind\n|\n|upkeep\n|turn|3\n|\n|t:|1698359939\n|move|p1a: Ribombee|Stun Spore|p2a: Regieleki\n|-immune|p2a: Regieleki\n|move|p2a: Regieleki|Rapid Spin|p1a: Ribombee\n|-damage|p1a: Ribombee|79\/100\n|-boost|p2a: Regieleki|spe|1\n|-sideend|p2: 0308006b|Sticky Web|[from] move: Rapid Spin|[of] p2a: Regieleki\n|\n|upkeep\n|turn|4\n|\n|t:|1698359947\n|move|p1a: Ribombee|Sticky Web|p2a: Regieleki\n|-sidestart|p2: 0308006b|move: Sticky Web\n|move|p2a: Regieleki|Rapid Spin|p1a: Ribombee\n|-damage|p1a: Ribombee|58\/100\n|-boost|p2a: Regieleki|spe|1\n|-sideend|p2: 0308006b|Sticky Web|[from] move: Rapid Spin|[of] p2a: Regieleki\n|\n|upkeep\n|turn|5\n|\n|t:|1698359955\n|move|p2a: Regieleki|Rapid Spin|p1a: Ribombee\n|-damage|p1a: Ribombee|38\/100\n|-boost|p2a: Regieleki|spe|1\n|move|p1a: Ribombee|Sticky Web|p2a: Regieleki\n|-sidestart|p2: 0308006b|move: Sticky Web\n|\n|-sideend|p1: MeteorAsh15|move: Tailwind\n|upkeep\n|turn|6\n|\n|t:|1698359963\n|move|p2a: Regieleki|Rapid Spin|p1a: Ribombee\n|-damage|p1a: Ribombee|16\/100\n|-boost|p2a: Regieleki|spe|1\n|-sideend|p2: 0308006b|Sticky Web|[from] move: Rapid Spin|[of] p2a: Regieleki\n|move|p1a: Ribombee|Tailwind|p1a: Ribombee\n|-sidestart|p1: MeteorAsh15|move: Tailwind\n|\n|upkeep\n|turn|7\n|\n|t:|1698359971\n|move|p2a: Regieleki|Rapid Spin|p1a: Ribombee\n|-damage|p1a: Ribombee|0 fnt\n|-boost|p2a: Regieleki|spe|1\n|faint|p1a: Ribombee\n|\n|upkeep\n|\n|t:|1698359978\n|switch|p1a: Koraidon|Koraidon|100\/100\n|-weather|SunnyDay|[from] ability: Orichalcum Pulse|[of] p1a: Koraidon\n|-activate|p1a: Koraidon|Orichalcum Pulse|[source]\n|turn|8\n|\n|t:|1698359983\n|move|p2a: Regieleki|Volt Switch|p1a: Koraidon\n|-resisted|p1a: Koraidon\n|-damage|p1a: Koraidon|79\/100\n|\n|t:|1698359997\n|switch|p2a: Chi-Yu|Chi-Yu|100\/100|[from] Volt Switch\n|-ability|p2a: Chi-Yu|Beads of Ruin\n|move|p1a: Koraidon|Collision Course|p2a: Chi-Yu\n|-supereffective|p2a: Chi-Yu\n|-damage|p2a: Chi-Yu|0 fnt\n|faint|p2a: Chi-Yu\n|\n|-weather|SunnyDay|[upkeep]\n|-sideend|p2: 0308006b|move: Light Screen\n|upkeep\n|\n|t:|1698360009\n|switch|p2a: Zacian|Zacian-Crowned|100\/100\n|-ability|p2a: Zacian|Intrepid Sword|boost\n|-boost|p2a: Zacian|atk|1\n|turn|9\n|\n|t:|1698360016\n|switch|p2a: Koraidon|Koraidon|100\/100\n|-activate|p2a: Koraidon|ability: Orichalcum Pulse\n|move|p1a: Koraidon|Flare Blitz|p2a: Koraidon\n|-resisted|p2a: Koraidon\n|-damage|p2a: Koraidon|80\/100\n|-damage|p1a: Koraidon|73\/100|[from] Recoil\n|\n|-weather|SunnyDay|[upkeep]\n|-sideend|p2: 0308006b|Reflect\n|-sideend|p1: MeteorAsh15|move: Tailwind\n|upkeep\n|turn|10\n|\n|t:|1698360027\n|move|p1a: Koraidon|Dragon Claw|p2a: Koraidon\n|-supereffective|p2a: Koraidon\n|-damage|p2a: Koraidon|0 fnt\n|faint|p2a: Koraidon\n|\n|-weather|SunnyDay|[upkeep]\n|upkeep\n|\n|t:|1698360032\n|switch|p2a: Regieleki|Regieleki|100\/100\n|turn|11\n|\n|t:|1698360037\n|move|p2a: Regieleki|Reflect|p2a: Regieleki\n|-sidestart|p2: 0308006b|Reflect\n|move|p1a: Koraidon|Collision Course|p2a: Regieleki\n|-damage|p2a: Regieleki|35\/100\n|\n|-weather|SunnyDay|[upkeep]\n|upkeep\n|turn|12\n|\n|t:|1698360045\n|move|p2a: Regieleki|Light Screen|p2a: Regieleki\n|-sidestart|p2: 0308006b|move: Light Screen\n|move|p1a: Koraidon|Dragon Claw|p2a: Regieleki\n|-damage|p2a: Regieleki|0 fnt\n|faint|p2a: Regieleki\n|\n|-weather|none\n|upkeep\n|\n|t:|1698360060\n|switch|p2a: Annihilape|Annihilape, M|100\/100\n|turn|13\n|\n|t:|1698360068\n|switch|p1a: Ninetales|Ninetales-Alola, F|100\/100\n|-weather|Snow|[from] ability: Snow Warning|[of] p1a: Ninetales\n|move|p2a: Annihilape|Bulk Up|p2a: Annihilape\n|-boost|p2a: Annihilape|atk|1\n|-boost|p2a: Annihilape|def|1\n|\n|-weather|Snow|[upkeep]\n|upkeep\n|turn|14\n|\n|t:|1698360079\n|-terastallize|p2a: Annihilape|Water\n|move|p1a: Ninetales|Hypnosis|p2a: Annihilape|[miss]\n|-miss|p1a: Ninetales|p2a: Annihilape\n|move|p2a: Annihilape|Taunt|p1a: Ninetales\n|-start|p1a: Ninetales|move: Taunt\n|\n|-weather|Snow|[upkeep]\n|upkeep\n|turn|15\n|\n|t:|1698360094\n|switch|p1a: Koraidon|Koraidon|73\/100\n|-weather|SunnyDay|[from] ability: Orichalcum Pulse|[of] p1a: Koraidon\n|-activate|p1a: Koraidon|Orichalcum Pulse|[source]\n|move|p2a: Annihilape|Drain Punch|p1a: Koraidon\n|-damage|p1a: Koraidon|37\/100\n|\n|-weather|SunnyDay|[upkeep]\n|upkeep\n|turn|16\n|\n|t:|1698360105\n|move|p1a: Koraidon|Collision Course|p2a: Annihilape\n|-damage|p2a: Annihilape|75\/100\n|move|p2a: Annihilape|Drain Punch|p1a: Koraidon\n|-damage|p1a: Koraidon|0 fnt\n|-heal|p2a: Annihilape|90\/100|[from] drain|[of] p1a: Koraidon\n|faint|p1a: Koraidon\n|\n|-weather|SunnyDay|[upkeep]\n|-heal|p2a: Annihilape|96\/100|[from] item: Leftovers\n|upkeep\n|\n|t:|1698360117\n|switch|p1a: Ninetales|Ninetales-Alola, F|100\/100\n|-weather|Snow|[from] ability: Snow Warning|[of] p1a: Ninetales\n|turn|17\n|\n|t:|1698360122\n|move|p1a: Ninetales|Hypnosis|p2a: Annihilape\n|-status|p2a: Annihilape|slp|[from] move: Hypnosis\n|cant|p2a: Annihilape|slp\n|\n|-weather|Snow|[upkeep]\n|-heal|p2a: Annihilape|100\/100 slp|[from] item: Leftovers\n|upkeep\n|turn|18\n|\n|t:|1698360131\n|switch|p1a: Zacian|Zacian-Crowned, shiny|100\/100\n|-ability|p1a: Zacian|Intrepid Sword|boost\n|-boost|p1a: Zacian|atk|1\n|cant|p2a: Annihilape|slp\n|\n|-weather|Snow|[upkeep]\n|-sideend|p2: 0308006b|Reflect\n|upkeep\n|turn|19\n|\n|t:|1698360140\n|move|p1a: Zacian|Play Rough|p2a: Annihilape\n|-crit|p2a: Annihilape\n|-damage|p2a: Annihilape|0 fnt\n|faint|p2a: Annihilape\n|\n|-weather|Snow|[upkeep]\n|-sideend|p2: 0308006b|move: Light Screen\n|upkeep\n|\n|t:|1698360145\n|switch|p2a: Miraidon|Miraidon|100\/100\n|-fieldstart|move: Electric Terrain|[from] ability: Hadron Engine|[of] p2a: Miraidon\n|turn|20\n|\n|t:|1698360151\n|move|p1a: Zacian|Play Rough|p2a: Miraidon\n|-supereffective|p2a: Miraidon\n|-crit|p2a: Miraidon\n|-damage|p2a: Miraidon|0 fnt\n|faint|p2a: Miraidon\n|\n|-weather|Snow|[upkeep]\n|upkeep\n|\n|t:|1698360154\n|switch|p2a: Zacian|Zacian-Crowned|100\/100\n|turn|21\n|\n|t:|1698360161\n|move|p1a: Zacian|Behemoth Blade|p2a: Zacian\n|-damage|p2a: Zacian|21\/100\n|move|p2a: Zacian|Behemoth Blade|p1a: Zacian\n|-damage|p1a: Zacian|45\/100\n|\n|-weather|none\n|upkeep\n|turn|22\n|\n|t:|1698360170\n|move|p1a: Zacian|Sacred Sword|p2a: Zacian\n|-damage|p2a: Zacian|0 fnt\n|faint|p2a: Zacian\n|\n|win|MeteorAsh15\n|raw|MeteorAsh15's rating: 1208 &rarr; <strong>1229<\/strong><br \/>(+21 for winning)\n|raw|0308006b's rating: 1159 &rarr; <strong>1138<\/strong><br \/>(-21 for losing)\n|l|\u26060308006b\n","uploadtime":1698360181,"views":12,"p1id":"meteorash15","p2id":"0308006b","formatid":"gen9ubers","rating":1138,"private":0,"password":""}