{"id":"gen9ubers-1974079808","p1":"Afxoon","p2":"Acrophobia","format":"[Gen 9] Ubers","log":"|j|\u2606Afxoon\n|j|\u2606Acrophobia\n|t:|1698052763\n|gametype|singles\n|player|p1|Afxoon|169|1241\n|player|p2|Acrophobia|265|1186\n|teamsize|p1|6\n|teamsize|p2|6\n|gen|9\n|tier|[Gen 9] Ubers\n|rated|\n|rule|Sleep Clause Mod: Limit one foe put to sleep\n|rule|Species Clause: Limit one of each Pok\u00e9mon\n|rule|OHKO Clause: OHKO moves are banned\n|rule|Evasion Items Clause: Evasion items are banned\n|rule|Evasion Moves Clause: Evasion moves are banned\n|rule|Endless Battle Clause: Forcing endless battles is banned\n|rule|HP Percentage Mod: HP is shown in percentages\n|clearpoke\n|poke|p1|Kyogre|\n|poke|p1|Urshifu-*, M|\n|poke|p1|Miraidon|\n|poke|p1|Chien-Pao|\n|poke|p1|Arceus|\n|poke|p1|Dialga|\n|poke|p2|Cyclizar, F|\n|poke|p2|Shaymin-Sky|\n|poke|p2|Ogerpon-Hearthflame, F|\n|poke|p2|Arceus-Fairy|\n|poke|p2|Ting-Lu|\n|poke|p2|Alomomola, F|\n|teampreview\n|inactive|Battle timer is ON: inactive players will automatically lose when time's up. (requested by Afxoon)\n|\n|t:|1698052785\n|start\n|switch|p1a: Kyogre|Kyogre|100\/100\n|switch|p2a: Ting-Lu|Ting-Lu|100\/100\n|-weather|RainDance|[from] ability: Drizzle|[of] p1a: Kyogre\n|-ability|p2a: Ting-Lu|Vessel of Ruin\n|turn|1\n|\n|t:|1698052810\n|switch|p2a: Alomomola|Alomomola, F|100\/100\n|move|p1a: Kyogre|Ice Beam|p2a: Alomomola\n|-resisted|p2a: Alomomola\n|-crit|p2a: Alomomola\n|-damage|p2a: Alomomola|80\/100\n|-status|p2a: Alomomola|frz\n|\n|-weather|RainDance|[upkeep]\n|-heal|p2a: Alomomola|86\/100 frz|[from] item: Leftovers\n|upkeep\n|turn|2\n|\n|t:|1698052818\n|switch|p1a: Arceus|Arceus|100\/100\n|cant|p2a: Alomomola|frz\n|\n|-weather|RainDance|[upkeep]\n|-heal|p2a: Alomomola|93\/100 frz|[from] item: Leftovers\n|upkeep\n|turn|3\n|\n|t:|1698052821\n|move|p1a: Arceus|Swords Dance|p1a: Arceus\n|-boost|p1a: Arceus|atk|2\n|cant|p2a: Alomomola|frz\n|\n|-weather|RainDance|[upkeep]\n|-heal|p2a: Alomomola|99\/100 frz|[from] item: Leftovers\n|upkeep\n|turn|4\n|\n|t:|1698052824\n|switch|p2a: Ting-Lu|Ting-Lu|100\/100\n|-ability|p2a: Ting-Lu|Vessel of Ruin\n|move|p1a: Arceus|Swords Dance|p1a: Arceus\n|-boost|p1a: Arceus|atk|2\n|\n|-weather|RainDance|[upkeep]\n|upkeep\n|turn|5\n|\n|t:|1698052828\n|move|p1a: Arceus|Brick Break|p2a: Ting-Lu\n|-supereffective|p2a: Ting-Lu\n|-damage|p2a: Ting-Lu|32\/100\n|move|p2a: Ting-Lu|Whirlwind|p1a: Arceus\n|drag|p1a: Chien-Pao|Chien-Pao|100\/100\n|-ability|p1a: Chien-Pao|Sword of Ruin\n|\n|-weather|none\n|-heal|p2a: Ting-Lu|39\/100|[from] item: Leftovers\n|upkeep\n|turn|6\n|\n|t:|1698052832\n|switch|p2a: Alomomola|Alomomola, F|100\/100 frz\n|move|p1a: Chien-Pao|Ice Spinner|p2a: Alomomola\n|-resisted|p2a: Alomomola\n|-damage|p2a: Alomomola|77\/100 frz\n|\n|-heal|p2a: Alomomola|84\/100 frz|[from] item: Leftovers\n|upkeep\n|turn|7\n|\n|t:|1698052838\n|switch|p1a: Arceus|Arceus|100\/100\n|cant|p2a: Alomomola|frz\n|\n|-heal|p2a: Alomomola|90\/100 frz|[from] item: Leftovers\n|upkeep\n|turn|8\n|\n|t:|1698052844\n|switch|p2a: Ting-Lu|Ting-Lu|39\/100\n|-ability|p2a: Ting-Lu|Vessel of Ruin\n|move|p1a: Arceus|Swords Dance|p1a: Arceus\n|-boost|p1a: Arceus|atk|2\n|\n|-heal|p2a: Ting-Lu|45\/100|[from] item: Leftovers\n|upkeep\n|turn|9\n|inactive|Afxoon has 120 seconds left.\n|\n|t:|1698052875\n|-terastallize|p2a: Ting-Lu|Ghost\n|move|p1a: Arceus|Brick Break|p2a: Ting-Lu\n|-immune|p2a: Ting-Lu\n|move|p2a: Ting-Lu|Whirlwind|p1a: Arceus\n|drag|p1a: Urshifu|Urshifu-Rapid-Strike, M|100\/100\n|\n|-heal|p2a: Ting-Lu|51\/100|[from] item: Leftovers\n|upkeep\n|turn|10\n|inactive|Acrophobia has 120 seconds left.\n|\n|t:|1698052913\n|switch|p1a: Chien-Pao|Chien-Pao|100\/100\n|-ability|p1a: Chien-Pao|Sword of Ruin\n|switch|p2a: Alomomola|Alomomola, F|100\/100 frz\n|\n|upkeep\n|turn|11\n|\n|t:|1698052923\n|move|p1a: Chien-Pao|Crunch|p2a: Alomomola\n|-damage|p2a: Alomomola|62\/100 frz\n|-curestatus|p2a: Alomomola|frz|[msg]\n|move|p2a: Alomomola|Flip Turn|p1a: Chien-Pao\n|-damage|p1a: Chien-Pao|77\/100\n|inactive|Acrophobia has 120 seconds left.\n|\n|t:|1698052941\n|switch|p2a: Arceus|Arceus-Fairy|100\/100|[from] Flip Turn\n|\n|upkeep\n|turn|12\n|\n|t:|1698052947\n|switch|p1a: Dialga|Dialga|100\/100\n|-ability|p1a: Dialga|Pressure\n|move|p2a: Arceus|Judgment|p1a: Dialga\n|-damage|p1a: Dialga|80\/100\n|\n|upkeep\n|turn|13\n|inactive|Acrophobia has 120 seconds left.\n|\n|t:|1698052963\n|move|p2a: Arceus|Calm Mind|p2a: Arceus\n|-boost|p2a: Arceus|spa|1\n|-boost|p2a: Arceus|spd|1\n|move|p1a: Dialga|Flash Cannon|p2a: Arceus\n|-supereffective|p2a: Arceus\n|-damage|p2a: Arceus|68\/100\n|\n|upkeep\n|turn|14\n|\n|t:|1698052981\n|move|p2a: Arceus|Aura Sphere|p1a: Dialga\n|-supereffective|p1a: Dialga\n|-damage|p1a: Dialga|54\/100\n|move|p1a: Dialga|Flash Cannon|p2a: Arceus\n|-supereffective|p2a: Arceus\n|-damage|p2a: Arceus|31\/100\n|\n|upkeep\n|turn|15\n|\n|t:|1698052986\n|move|p2a: Arceus|Recover|p2a: Arceus\n|-heal|p2a: Arceus|81\/100\n|move|p1a: Dialga|Flash Cannon|p2a: Arceus\n|-supereffective|p2a: Arceus\n|-damage|p2a: Arceus|46\/100\n|\n|upkeep\n|turn|16\n|\n|t:|1698052988\n|move|p2a: Arceus|Recover|p2a: Arceus\n|-heal|p2a: Arceus|96\/100\n|move|p1a: Dialga|Flash Cannon|p2a: Arceus\n|-supereffective|p2a: Arceus\n|-damage|p2a: Arceus|62\/100\n|\n|upkeep\n|turn|17\n|\n|t:|1698052991\n|move|p2a: Arceus|Calm Mind|p2a: Arceus\n|-boost|p2a: Arceus|spa|1\n|-boost|p2a: Arceus|spd|1\n|move|p1a: Dialga|Flash Cannon|p2a: Arceus\n|-supereffective|p2a: Arceus\n|-damage|p2a: Arceus|36\/100\n|\n|upkeep\n|turn|18\n|\n|t:|1698052994\n|move|p2a: Arceus|Recover|p2a: Arceus\n|-heal|p2a: Arceus|86\/100\n|move|p1a: Dialga|Flash Cannon|p2a: Arceus\n|-supereffective|p2a: Arceus\n|-damage|p2a: Arceus|61\/100\n|\n|upkeep\n|turn|19\n|\n|t:|1698052996\n|move|p2a: Arceus|Calm Mind|p2a: Arceus\n|-boost|p2a: Arceus|spa|1\n|-boost|p2a: Arceus|spd|1\n|move|p1a: Dialga|Flash Cannon|p2a: Arceus\n|-supereffective|p2a: Arceus\n|-damage|p2a: Arceus|39\/100\n|\n|upkeep\n|turn|20\n|\n|t:|1698052998\n|move|p2a: Arceus|Recover|p2a: Arceus\n|-heal|p2a: Arceus|89\/100\n|move|p1a: Dialga|Flash Cannon|p2a: Arceus\n|-supereffective|p2a: Arceus\n|-damage|p2a: Arceus|70\/100\n|\n|upkeep\n|turn|21\n|\n|t:|1698053000\n|move|p2a: Arceus|Aura Sphere|p1a: Dialga\n|-supereffective|p1a: Dialga\n|-damage|p1a: Dialga|6\/100\n|move|p1a: Dialga|Flash Cannon|p2a: Arceus\n|-supereffective|p2a: Arceus\n|-damage|p2a: Arceus|50\/100\n|\n|upkeep\n|turn|22\n|\n|t:|1698053003\n|move|p2a: Arceus|Recover|p2a: Arceus\n|-heal|p2a: Arceus|99\/100\n|move|p1a: Dialga|Flash Cannon|p2a: Arceus\n|-supereffective|p2a: Arceus\n|-damage|p2a: Arceus|79\/100\n|\n|upkeep\n|turn|23\n|\n|t:|1698053005\n|move|p2a: Arceus|Judgment|p1a: Dialga\n|-crit|p1a: Dialga\n|-damage|p1a: Dialga|0 fnt\n|faint|p1a: Dialga\n|\n|upkeep\n|\n|t:|1698053006\n|switch|p1a: Arceus|Arceus|100\/100\n|turn|24\n|\n|t:|1698053012\n|-terastallize|p1a: Arceus|Ground\n|move|p1a: Arceus|Extreme Speed|p2a: Arceus\n|-crit|p2a: Arceus\n|-damage|p2a: Arceus|33\/100\n|move|p2a: Arceus|Aura Sphere|p1a: Arceus\n|-damage|p1a: Arceus|62\/100\n|\n|-heal|p1a: Arceus|68\/100|[from] item: Leftovers\n|upkeep\n|turn|25\n|\n|t:|1698053019\n|move|p1a: Arceus|Extreme Speed|p2a: Arceus\n|-damage|p2a: Arceus|7\/100\n|move|p2a: Arceus|Judgment|p1a: Arceus\n|-damage|p1a: Arceus|0 fnt\n|faint|p1a: Arceus\n|\n|upkeep\n|\n|t:|1698053028\n|switch|p1a: Chien-Pao|Chien-Pao|77\/100\n|-ability|p1a: Chien-Pao|Sword of Ruin\n|turn|26\n|\n|t:|1698053031\n|move|p1a: Chien-Pao|Ice Shard|p2a: Arceus\n|-damage|p2a: Arceus|0 fnt\n|faint|p2a: Arceus\n|\n|upkeep\n|\n|t:|1698053034\n|switch|p2a: Ogerpon|Ogerpon-Hearthflame, F|100\/100\n|-ability|p2a: Ogerpon|Mold Breaker\n|turn|27\n|c|\u2606Afxoon|No crit or spdef drop on flash cannon such good ring\n|c|\u2606Afxoon|rng\n|inactive|Afxoon has 120 seconds left.\n|\n|t:|1698053065\n|switch|p1a: Kyogre|Kyogre|100\/100\n|-weather|RainDance|[from] ability: Drizzle|[of] p1a: Kyogre\n|move|p2a: Ogerpon|Ivy Cudgel|p1a: Kyogre\n|-resisted|p1a: Kyogre\n|-damage|p1a: Kyogre|84\/100\n|\n|-weather|RainDance|[upkeep]\n|upkeep\n|turn|28\n|inactive|Afxoon has 120 seconds left.\n|\n|t:|1698053080\n|switch|p2a: Alomomola|Alomomola, F|95\/100\n|move|p1a: Kyogre|Thunder|p2a: Alomomola\n|-supereffective|p2a: Alomomola\n|-damage|p2a: Alomomola|30\/100\n|\n|-weather|RainDance|[upkeep]\n|-heal|p2a: Alomomola|36\/100|[from] item: Leftovers\n|upkeep\n|turn|29\n|\n|t:|1698053083\n|switch|p2a: Ting-Lu|Ting-Lu, tera:Ghost|51\/100\n|-ability|p2a: Ting-Lu|Vessel of Ruin\n|move|p1a: Kyogre|Thunder|p2a: Ting-Lu\n|-damage|p2a: Ting-Lu|24\/100\n|-status|p2a: Ting-Lu|par\n|\n|-weather|RainDance|[upkeep]\n|-heal|p2a: Ting-Lu|30\/100 par|[from] item: Leftovers\n|upkeep\n|turn|30\n|\n|t:|1698053099\n|switch|p1a: Urshifu|Urshifu-Rapid-Strike, M|100\/100\n|move|p2a: Ting-Lu|Stealth Rock|p1a: Urshifu\n|-sidestart|p1: Afxoon|move: Stealth Rock\n|\n|-weather|RainDance|[upkeep]\n|-heal|p2a: Ting-Lu|36\/100 par|[from] item: Leftovers\n|upkeep\n|turn|31\n|\n|t:|1698053103\n|move|p1a: Urshifu|Swords Dance|p1a: Urshifu\n|-boost|p1a: Urshifu|atk|2\n|cant|p2a: Ting-Lu|par\n|\n|-weather|none\n|-heal|p2a: Ting-Lu|43\/100 par|[from] item: Leftovers\n|upkeep\n|turn|32\n|\n|t:|1698053106\n|move|p1a: Urshifu|Surging Strikes|p2a: Ting-Lu\n|-crit|p2a: Ting-Lu\n|-damage|p2a: Ting-Lu|21\/100 par\n|-crit|p2a: Ting-Lu\n|-damage|p2a: Ting-Lu|2\/100 par\n|-crit|p2a: Ting-Lu\n|-damage|p2a: Ting-Lu|0 fnt\n|faint|p2a: Ting-Lu\n|-hitcount|p2: Ting-Lu|3\n|\n|upkeep\n|\n|t:|1698053109\n|switch|p2a: Shaymin|Shaymin-Sky|100\/100\n|turn|33\n|\n|t:|1698053115\n|switch|p1a: Kyogre|Kyogre|84\/100\n|-damage|p1a: Kyogre|71\/100|[from] Stealth Rock\n|-weather|RainDance|[from] ability: Drizzle|[of] p1a: Kyogre\n|move|p2a: Shaymin|Air Slash|p1a: Kyogre\n|-damage|p1a: Kyogre|32\/100\n|\n|-weather|RainDance|[upkeep]\n|upkeep\n|turn|34\n|\n|t:|1698053119\n|switch|p2a: Alomomola|Alomomola, F|69\/100\n|move|p1a: Kyogre|Ice Beam|p2a: Alomomola\n|-resisted|p2a: Alomomola\n|-damage|p2a: Alomomola|57\/100\n|\n|-weather|RainDance|[upkeep]\n|-heal|p2a: Alomomola|63\/100|[from] item: Leftovers\n|upkeep\n|turn|35\n|\n|t:|1698053123\n|switch|p1a: Miraidon|Miraidon|100\/100\n|-damage|p1a: Miraidon|88\/100|[from] Stealth Rock\n|-fieldstart|move: Electric Terrain|[from] ability: Hadron Engine|[of] p1a: Miraidon\n|move|p2a: Alomomola|Flip Turn|p1a: Miraidon\n|-resisted|p1a: Miraidon\n|-damage|p1a: Miraidon|76\/100\n|\n|t:|1698053127\n|switch|p2a: Cyclizar|Cyclizar, F|100\/100|[from] Flip Turn\n|\n|-weather|RainDance|[upkeep]\n|upkeep\n|turn|36\n|\n|t:|1698053135\n|move|p1a: Miraidon|Draco Meteor|p2a: Cyclizar\n|-supereffective|p2a: Cyclizar\n|-damage|p2a: Cyclizar|0 fnt\n|-unboost|p1a: Miraidon|spa|2\n|faint|p2a: Cyclizar\n|\n|-weather|RainDance|[upkeep]\n|upkeep\n|\n|t:|1698053143\n|switch|p2a: Ogerpon|Ogerpon-Hearthflame, F|100\/100\n|-ability|p2a: Ogerpon|Mold Breaker\n|turn|37\n|\n|t:|1698053148\n|switch|p1a: Chien-Pao|Chien-Pao|77\/100\n|-damage|p1a: Chien-Pao|52\/100|[from] Stealth Rock\n|-ability|p1a: Chien-Pao|Sword of Ruin\n|move|p2a: Ogerpon|Trailblaze|p1a: Chien-Pao\n|-damage|p1a: Chien-Pao|14\/100\n|-boost|p2a: Ogerpon|spe|1\n|\n|-weather|none\n|upkeep\n|turn|38\n|\n|t:|1698053155\n|move|p2a: Ogerpon|Trailblaze|p1a: Chien-Pao\n|-damage|p1a: Chien-Pao|0 fnt\n|-boost|p2a: Ogerpon|spe|1\n|faint|p1a: Chien-Pao\n|\n|upkeep\n|\n|t:|1698053159\n|switch|p1a: Kyogre|Kyogre|32\/100\n|-damage|p1a: Kyogre|19\/100|[from] Stealth Rock\n|-weather|RainDance|[from] ability: Drizzle|[of] p1a: Kyogre\n|turn|39\n|\n|t:|1698053161\n|move|p2a: Ogerpon|Trailblaze|p1a: Kyogre\n|-supereffective|p1a: Kyogre\n|-crit|p1a: Kyogre\n|-damage|p1a: Kyogre|0 fnt\n|-boost|p2a: Ogerpon|spe|1\n|faint|p1a: Kyogre\n|\n|-weather|RainDance|[upkeep]\n|-fieldend|move: Electric Terrain\n|upkeep\n|\n|t:|1698053163\n|switch|p1a: Miraidon|Miraidon|76\/100\n|-damage|p1a: Miraidon|64\/100|[from] Stealth Rock\n|-fieldstart|move: Electric Terrain|[from] ability: Hadron Engine|[of] p1a: Miraidon\n|turn|40\n|\n|t:|1698053167\n|move|p2a: Ogerpon|Play Rough|p1a: Miraidon\n|-supereffective|p1a: Miraidon\n|-damage|p1a: Miraidon|0 fnt\n|faint|p1a: Miraidon\n|\n|-weather|RainDance|[upkeep]\n|upkeep\n|\n|t:|1698053170\n|switch|p1a: Urshifu|Urshifu-Rapid-Strike, M|100\/100\n|-damage|p1a: Urshifu|94\/100|[from] Stealth Rock\n|turn|41\n|\n|t:|1698053172\n|move|p2a: Ogerpon|Play Rough|p1a: Urshifu\n|-supereffective|p1a: Urshifu\n|-damage|p1a: Urshifu|22\/100\n|move|p1a: Urshifu|Surging Strikes|p2a: Ogerpon\n|-crit|p2a: Ogerpon\n|-damage|p2a: Ogerpon|54\/100\n|-crit|p2a: Ogerpon\n|-damage|p2a: Ogerpon|7\/100\n|-crit|p2a: Ogerpon\n|-damage|p2a: Ogerpon|0 fnt\n|faint|p2a: Ogerpon\n|-hitcount|p2: Ogerpon|3\n|\n|-weather|RainDance|[upkeep]\n|upkeep\n|\n|t:|1698053176\n|switch|p2a: Alomomola|Alomomola, F|96\/100\n|turn|42\n|\n|t:|1698053180\n|move|p1a: Urshifu|Swords Dance|p1a: Urshifu\n|-boost|p1a: Urshifu|atk|2\n|move|p2a: Alomomola|Wish|p2a: Alomomola\n|\n|-weather|RainDance|[upkeep]\n|-heal|p2a: Alomomola|100\/100|[from] item: Leftovers\n|upkeep\n|turn|43\n|\n|t:|1698053186\n|move|p1a: Urshifu|Swords Dance|p1a: Urshifu\n|-boost|p1a: Urshifu|atk|2\n|move|p2a: Alomomola|Flip Turn|p1a: Urshifu\n|-resisted|p1a: Urshifu\n|-damage|p1a: Urshifu|8\/100\n|\n|t:|1698053188\n|switch|p2a: Shaymin|Shaymin-Sky|100\/100|[from] Flip Turn\n|\n|-weather|none\n|upkeep\n|turn|44\n|\n|t:|1698053191\n|move|p1a: Urshifu|Aqua Jet|p2a: Shaymin\n|-resisted|p2a: Shaymin\n|-damage|p2a: Shaymin|53\/100\n|move|p2a: Shaymin|Tera Blast|p1a: Urshifu\n|-damage|p1a: Urshifu|0 fnt\n|faint|p1a: Urshifu\n|\n|win|Acrophobia\n|raw|Afxoon's rating: 1241 &rarr; <strong>1212<\/strong><br \/>(-29 for losing)\n|raw|Acrophobia's rating: 1186 &rarr; <strong>1215<\/strong><br \/>(+29 for winning)\n|l|\u2606Afxoon\n","uploadtime":1698053195,"views":11,"p1id":"afxoon","p2id":"acrophobia","formatid":"gen9ubers","rating":1212,"private":0,"password":""}