{"id":"gen9ubers-1982288698","p1":"Powerhit","p2":"OldKeyOpen","format":"[Gen 9] Ubers","log":"|j|\u2606Powerhit\n|j|\u2606OldKeyOpen\n|t:|1698990580\n|gametype|singles\n|player|p1|Powerhit|170|1052\n|player|p2|OldKeyOpen|hiker-gen4|1024\n|teamsize|p1|6\n|teamsize|p2|6\n|gen|9\n|tier|[Gen 9] Ubers\n|rated|\n|rule|Sleep Clause Mod: Limit one foe put to sleep\n|rule|Species Clause: Limit one of each Pok\u00e9mon\n|rule|OHKO Clause: OHKO moves are banned\n|rule|Evasion Items Clause: Evasion items are banned\n|rule|Evasion Moves Clause: Evasion moves are banned\n|rule|Endless Battle Clause: Forcing endless battles is banned\n|rule|HP Percentage Mod: HP is shown in percentages\n|clearpoke\n|poke|p1|Palafin, F|\n|poke|p1|Arcanine, F|\n|poke|p1|Gholdengo|\n|poke|p1|Tyranitar, M|\n|poke|p1|Baxcalibur, M|\n|poke|p1|Quaquaval, F|\n|poke|p2|Basculegion, M|\n|poke|p2|Pelipper, F|\n|poke|p2|Gholdengo|\n|poke|p2|Glimmora, F|\n|poke|p2|Iron Valiant|\n|poke|p2|Breloom, F|\n|teampreview\n|inactive|Battle timer is ON: inactive players will automatically lose when time's up. (requested by Powerhit)\n|\n|t:|1698990587\n|start\n|switch|p1a: Palafin|Palafin, F|100\/100\n|switch|p2a: Pelipper|Pelipper, F|100\/100\n|-weather|RainDance|[from] ability: Drizzle|[of] p2a: Pelipper\n|turn|1\n|\n|t:|1698990592\n|move|p1a: Palafin|Flip Turn|p2a: Pelipper\n|-resisted|p2a: Pelipper\n|-damage|p2a: Pelipper|80\/100\n|\n|t:|1698990614\n|detailschange|p1a: Palafin|Palafin-Hero, F\n|switch|p1a: Tyranitar|Tyranitar, M|100\/100|[from] Flip Turn\n|-weather|Sandstorm|[from] ability: Sand Stream|[of] p1a: Tyranitar\n|move|p2a: Pelipper|U-turn|p1a: Tyranitar\n|-supereffective|p1a: Tyranitar\n|-damage|p1a: Tyranitar|83\/100\n|\n|t:|1698990624\n|switch|p2a: Gholdengo|Gholdengo|100\/100|[from] U-turn\n|\n|-weather|Sandstorm|[upkeep]\n|upkeep\n|turn|2\n|\n|t:|1698990634\n|move|p2a: Gholdengo|Make It Rain|p1a: Tyranitar\n|-supereffective|p1a: Tyranitar\n|-damage|p1a: Tyranitar|25\/100\n|-unboost|p2a: Gholdengo|spa|1\n|-damage|p2a: Gholdengo|91\/100|[from] item: Life Orb\n|move|p1a: Tyranitar|Low Kick|p2a: Gholdengo\n|-immune|p2a: Gholdengo\n|\n|-weather|Sandstorm|[upkeep]\n|upkeep\n|turn|3\n|\n|t:|1698990642\n|move|p2a: Gholdengo|Flash Cannon|p1a: Tyranitar\n|-supereffective|p1a: Tyranitar\n|-damage|p1a: Tyranitar|0 fnt\n|faint|p1a: Tyranitar\n|-damage|p2a: Gholdengo|81\/100|[from] item: Life Orb\n|\n|-weather|Sandstorm|[upkeep]\n|upkeep\n|\n|t:|1698990646\n|switch|p1a: Arcanine|Arcanine, F|100\/100\n|-ability|p1a: Arcanine|Intimidate|boost\n|-unboost|p2a: Gholdengo|atk|1\n|turn|4\n|\n|t:|1698990656\n|switch|p2a: Basculegion|Basculegion, M|100\/100\n|move|p1a: Arcanine|Flare Blitz|p2a: Basculegion\n|-resisted|p2a: Basculegion\n|-damage|p2a: Basculegion|71\/100\n|-damage|p1a: Arcanine|91\/100|[from] Recoil\n|\n|-weather|Sandstorm|[upkeep]\n|-damage|p2a: Basculegion|65\/100|[from] Sandstorm\n|-damage|p1a: Arcanine|85\/100|[from] Sandstorm\n|upkeep\n|turn|5\n|\n|t:|1698990671\n|-terastallize|p2a: Basculegion|Water\n|move|p2a: Basculegion|Wave Crash|p1a: Arcanine\n|-supereffective|p1a: Arcanine\n|-damage|p1a: Arcanine|0 fnt\n|faint|p1a: Arcanine\n|-damage|p2a: Basculegion|37\/100|[from] Recoil\n|\n|-weather|none\n|upkeep\n|inactive|Powerhit has 120 seconds left.\n|\n|t:|1698990696\n|switch|p1a: Gholdengo|Gholdengo|100\/100\n|turn|6\n|\n|t:|1698990705\n|move|p1a: Gholdengo|Thunderbolt|p2a: Basculegion\n|-supereffective|p2a: Basculegion\n|-damage|p2a: Basculegion|0 fnt\n|faint|p2a: Basculegion\n|\n|upkeep\n|\n|t:|1698990711\n|switch|p2a: Iron Valiant|Iron Valiant|100\/100\n|turn|7\n|\n|t:|1698990718\n|move|p2a: Iron Valiant|Agility|p2a: Iron Valiant\n|-boost|p2a: Iron Valiant|spe|2\n|move|p1a: Gholdengo|Thunderbolt|p2a: Iron Valiant\n|-damage|p2a: Iron Valiant|25\/100\n|\n|upkeep\n|turn|8\n|\n|t:|1698990727\n|move|p2a: Iron Valiant|Moonblast|p1a: Gholdengo\n|-resisted|p1a: Gholdengo\n|-damage|p1a: Gholdengo|78\/100\n|move|p1a: Gholdengo|Thunderbolt|p2a: Iron Valiant\n|-damage|p2a: Iron Valiant|0 fnt\n|faint|p2a: Iron Valiant\n|-end|p2a: Iron Valiant|Quark Drive|[silent]\n|\n|upkeep\n|\n|t:|1698990731\n|switch|p2a: Breloom|Breloom, F|100\/100\n|turn|9\n|\n|t:|1698990734\n|move|p1a: Gholdengo|Thunderbolt|p2a: Breloom\n|-resisted|p2a: Breloom\n|-damage|p2a: Breloom|58\/100\n|-status|p2a: Breloom|par\n|cant|p2a: Breloom|par\n|\n|upkeep\n|turn|10\n|\n|t:|1698990741\n|move|p1a: Gholdengo|Thunderbolt|p2a: Breloom\n|-resisted|p2a: Breloom\n|-damage|p2a: Breloom|9\/100 par\n|move|p2a: Breloom|Spore|p1a: Gholdengo\n|-immune|p1a: Gholdengo|[from] ability: Good as Gold\n|\n|upkeep\n|turn|11\n|\n|t:|1698990750\n|move|p1a: Gholdengo|Thunderbolt|p2a: Breloom\n|-resisted|p2a: Breloom\n|-damage|p2a: Breloom|0 fnt\n|faint|p2a: Breloom\n|\n|upkeep\n|\n|t:|1698990752\n|switch|p2a: Glimmora|Glimmora, F|100\/100\n|-item|p2a: Glimmora|Air Balloon\n|turn|12\n|\n|t:|1698990758\n|move|p1a: Gholdengo|Thunderbolt|p2a: Glimmora\n|-damage|p2a: Glimmora|42\/100\n|-enditem|p2a: Glimmora|Air Balloon\n|move|p2a: Glimmora|Spikes|p1a: Gholdengo\n|-sidestart|p1: Powerhit|Spikes\n|\n|upkeep\n|turn|13\n|\n|t:|1698990761\n|move|p1a: Gholdengo|Thunderbolt|p2a: Glimmora\n|-damage|p2a: Glimmora|0 fnt\n|faint|p2a: Glimmora\n|\n|upkeep\n|\n|t:|1698990766\n|switch|p2a: Gholdengo|Gholdengo|81\/100\n|turn|14\n|\n|t:|1698990772\n|move|p1a: Gholdengo|Thunderbolt|p2a: Gholdengo\n|-damage|p2a: Gholdengo|30\/100\n|move|p2a: Gholdengo|Make It Rain|p1a: Gholdengo\n|-resisted|p1a: Gholdengo\n|-damage|p1a: Gholdengo|31\/100\n|-unboost|p2a: Gholdengo|spa|1\n|-damage|p2a: Gholdengo|20\/100|[from] item: Life Orb\n|\n|upkeep\n|turn|15\n|\n|t:|1698990780\n|move|p1a: Gholdengo|Thunderbolt|p2a: Gholdengo\n|-damage|p2a: Gholdengo|0 fnt\n|faint|p2a: Gholdengo\n|\n|upkeep\n|\n|t:|1698990783\n|switch|p2a: Pelipper|Pelipper, F|80\/100\n|-weather|RainDance|[from] ability: Drizzle|[of] p2a: Pelipper\n|turn|16\n|\n|t:|1698990790\n|move|p1a: Gholdengo|Thunderbolt|p2a: Pelipper\n|-supereffective|p2a: Pelipper\n|-damage|p2a: Pelipper|0 fnt\n|faint|p2a: Pelipper\n|\n|win|Powerhit\n|raw|Powerhit's rating: 1052 &rarr; <strong>1082<\/strong><br \/>(+30 for winning)\n|raw|OldKeyOpen's rating: 1024 &rarr; <strong>1011<\/strong><br \/>(-13 for losing)\n|c|\u2606OldKeyOpen|Gg\n|l|\u2606OldKeyOpen\n","uploadtime":1698990798,"views":7,"p1id":"powerhit","p2id":"oldkeyopen","formatid":"gen9ubers","rating":1011,"private":0,"password":""}