{"id":"gen9ubers-1969086882","p1":"hehehe7512","p2":"nxheartc","format":"[Gen 9] Ubers","log":"|j|\u2606hehehe7512\n|j|\u2606nxheartc\n|t:|1697488841\n|gametype|singles\n|player|p1|hehehe7512|102|1075\n|player|p2|nxheartc|2|1051\n|teamsize|p1|6\n|teamsize|p2|6\n|gen|9\n|tier|[Gen 9] Ubers\n|rated|\n|rule|Sleep Clause Mod: Limit one foe put to sleep\n|rule|Species Clause: Limit one of each Pok\u00e9mon\n|rule|OHKO Clause: OHKO moves are banned\n|rule|Evasion Items Clause: Evasion items are banned\n|rule|Evasion Moves Clause: Evasion moves are banned\n|rule|Endless Battle Clause: Forcing endless battles is banned\n|rule|HP Percentage Mod: HP is shown in percentages\n|clearpoke\n|poke|p1|Koraidon|\n|poke|p1|Miraidon|\n|poke|p1|Espathra, F|\n|poke|p1|Cyclizar, F|\n|poke|p1|Regieleki|\n|poke|p1|Flutter Mane|\n|poke|p2|Landorus-Therian, M|\n|poke|p2|Regieleki|\n|poke|p2|Toxapex, M|\n|poke|p2|Calyrex-Ice|\n|poke|p2|Flutter Mane|\n|poke|p2|Scizor, F|\n|teampreview\n|\n|t:|1697488846\n|start\n|switch|p1a: Regieleki|Regieleki|100\/100\n|switch|p2a: Toxapex|Toxapex, M|100\/100\n|turn|1\n|\n|t:|1697488853\n|move|p2a: Toxapex|Baneful Bunker|p2a: Toxapex\n|-singleturn|p2a: Toxapex|move: Protect\n|move|p1a: Regieleki|Light Screen|p1a: Regieleki\n|-sidestart|p1: hehehe7512|move: Light Screen\n|\n|upkeep\n|turn|2\n|\n|t:|1697488863\n|switch|p2a: Landorus|Landorus-Therian, M|100\/100\n|-ability|p2a: Landorus|Intimidate|boost\n|-unboost|p1a: Regieleki|atk|1\n|move|p1a: Regieleki|Reflect|p1a: Regieleki\n|-sidestart|p1: hehehe7512|Reflect\n|\n|upkeep\n|turn|3\n|\n|t:|1697488875\n|move|p1a: Regieleki|Explosion|p2a: Landorus\n|-damage|p2a: Landorus|62\/100\n|faint|p1a: Regieleki\n|move|p2a: Landorus|Rock Slide|p1: Regieleki|[notarget]\n|-fail|p2a: Landorus\n|\n|upkeep\n|\n|t:|1697488881\n|switch|p1a: Espathra|Espathra, F, shiny|100\/100\n|turn|4\n|\n|t:|1697488890\n|switch|p2a: Flutter Mane|Flutter Mane|100\/100\n|-enditem|p2a: Flutter Mane|Booster Energy\n|-activate|p2a: Flutter Mane|ability: Protosynthesis|[fromitem]\n|-start|p2a: Flutter Mane|protosynthesisspd\n|-terastallize|p1a: Espathra|Fairy\n|move|p1a: Espathra|Calm Mind|p1a: Espathra\n|-boost|p1a: Espathra|spa|1\n|-boost|p1a: Espathra|spd|1\n|\n|-ability|p1a: Espathra|Speed Boost|boost\n|-boost|p1a: Espathra|spe|1\n|upkeep\n|turn|5\n|\n|t:|1697488920\n|-end|p2a: Flutter Mane|Protosynthesis|[silent]\n|switch|p2a: Scizor|Scizor, F|100\/100\n|move|p1a: Espathra|Calm Mind|p1a: Espathra\n|-boost|p1a: Espathra|spa|1\n|-boost|p1a: Espathra|spd|1\n|\n|-ability|p1a: Espathra|Speed Boost|boost\n|-boost|p1a: Espathra|spe|1\n|upkeep\n|turn|6\n|\n|t:|1697488932\n|move|p2a: Scizor|Bullet Punch|p1a: Espathra\n|-supereffective|p1a: Espathra\n|-damage|p1a: Espathra|62\/100\n|move|p1a: Espathra|Stored Power|p2a: Scizor\n|-resisted|p2a: Scizor\n|-damage|p2a: Scizor|47\/100\n|\n|-ability|p1a: Espathra|Speed Boost|boost\n|-boost|p1a: Espathra|spe|1\n|upkeep\n|turn|7\n|\n|t:|1697488944\n|-terastallize|p2a: Scizor|Steel\n|move|p2a: Scizor|Bullet Punch|p1a: Espathra\n|-supereffective|p1a: Espathra\n|-crit|p1a: Espathra\n|-damage|p1a: Espathra|0 fnt\n|faint|p1a: Espathra\n|\n|upkeep\n|\n|t:|1697488958\n|switch|p1a: Cyclizar|Cyclizar, F|100\/100\n|turn|8\n|\n|t:|1697488976\n|move|p2a: Scizor|Bullet Punch|p1a: Cyclizar\n|-damage|p1a: Cyclizar|62\/100\n|move|p1a: Cyclizar|Shed Tail|p1a: Cyclizar\n|-start|p1a: Cyclizar|Substitute|[from] move: Shed Tail\n|-damage|p1a: Cyclizar|12\/100\n|\n|t:|1697488987\n|switch|p1a: Miraidon|Miraidon|100\/100|[from] Shed Tail\n|-fieldstart|move: Electric Terrain|[from] ability: Hadron Engine|[of] p1a: Miraidon\n|\n|-sideend|p1: hehehe7512|move: Light Screen\n|upkeep\n|turn|9\n|\n|t:|1697488995\n|move|p2a: Scizor|Bullet Punch|p1a: Miraidon\n|-resisted|p1a: Miraidon\n|-activate|p1a: Miraidon|move: Substitute|[damage]\n|move|p1a: Miraidon|Calm Mind|p1a: Miraidon\n|-boost|p1a: Miraidon|spa|1\n|-boost|p1a: Miraidon|spd|1\n|\n|-sideend|p1: hehehe7512|Reflect\n|upkeep\n|turn|10\n|\n|t:|1697489005\n|move|p2a: Scizor|Bullet Punch|p1a: Miraidon\n|-resisted|p1a: Miraidon\n|-end|p1a: Miraidon|Substitute\n|move|p1a: Miraidon|Calm Mind|p1a: Miraidon\n|-boost|p1a: Miraidon|spa|1\n|-boost|p1a: Miraidon|spd|1\n|\n|upkeep\n|turn|11\n|\n|t:|1697489014\n|move|p1a: Miraidon|Parabolic Charge|p2a: Scizor\n|-damage|p2a: Scizor|0 fnt\n|faint|p2a: Scizor\n|-damage|p1a: Miraidon|91\/100|[from] item: Life Orb\n|\n|upkeep\n|\n|t:|1697489021\n|switch|p2a: Flutter Mane|Flutter Mane|100\/100\n|turn|12\n|\n|t:|1697489028\n|move|p1a: Miraidon|Parabolic Charge|p2a: Flutter Mane\n|-damage|p2a: Flutter Mane|0 fnt\n|-heal|p1a: Miraidon|100\/100|[from] drain|[of] p2a: Flutter Mane\n|faint|p2a: Flutter Mane\n|-end|p2a: Flutter Mane|Protosynthesis|[silent]\n|-damage|p1a: Miraidon|91\/100|[from] item: Life Orb\n|\n|-fieldend|move: Electric Terrain\n|upkeep\n|\n|t:|1697489048\n|switch|p2a: Calyrex|Calyrex-Ice|100\/100\n|-ability|p2a: Calyrex|As One\n|-ability|p2a: Calyrex|Unnerve\n|turn|13\n|\n|t:|1697489061\n|move|p1a: Miraidon|Draco Meteor|p2a: Calyrex\n|-damage|p2a: Calyrex|0 fnt\n|-unboost|p1a: Miraidon|spa|2\n|faint|p2a: Calyrex\n|-damage|p1a: Miraidon|81\/100|[from] item: Life Orb\n|\n|upkeep\n|\n|t:|1697489067\n|switch|p2a: Landorus|Landorus-Therian, M|62\/100\n|-ability|p2a: Landorus|Intimidate|boost\n|-unboost|p1a: Miraidon|atk|1\n|turn|14\n|\n|t:|1697489080\n|switch|p1a: Cyclizar|Cyclizar, F|45\/100\n|move|p2a: Landorus|Outrage|p1a: Cyclizar\n|-supereffective|p1a: Cyclizar\n|-damage|p1a: Cyclizar|0 fnt\n|faint|p1a: Cyclizar\n|\n|upkeep\n|\n|t:|1697489090\n|switch|p1a: Flutter Mane|Flutter Mane|100\/100\n|turn|15\n|\n|t:|1697489096\n|move|p2a: Landorus|Outrage|p1a: Flutter Mane|[from]lockedmove\n|-immune|p1a: Flutter Mane\n|move|p1a: Flutter Mane|Moonblast|p2a: Landorus\n|-damage|p2a: Landorus|0 fnt\n|faint|p2a: Landorus\n|\n|upkeep\n|\n|t:|1697489099\n|switch|p2a: Toxapex|Toxapex, M|100\/100\n|turn|16\n|c|\u2606hehehe7512|bruh\n|-message|nxheartc forfeited.\n|\n|win|hehehe7512\n|raw|hehehe7512's rating: 1075 &rarr; <strong>1102<\/strong><br \/>(+27 for winning)\n|raw|nxheartc's rating: 1051 &rarr; <strong>1035<\/strong><br \/>(-16 for losing)\n|l|\u2606nxheartc\n|c|\u2606hehehe7512|really???\n","uploadtime":1697489120,"views":11,"p1id":"hehehe7512","p2id":"nxheartc","formatid":"gen9ubers","rating":1035,"private":0,"password":""}