{"id":"gen9ubers-1993421461","p1":"aryan3003","p2":"Pelaiini","format":"[Gen 9] Ubers","log":"|j|\u2606aryan3003\n|j|\u2606Pelaiini\n|t:|1700315719\n|gametype|singles\n|player|p1|aryan3003|265|\n|player|p2|Pelaiini|veteran|\n|teamsize|p1|6\n|teamsize|p2|6\n|gen|9\n|tier|[Gen 9] Ubers\n|rule|Sleep Clause Mod: Limit one foe put to sleep\n|rule|Species Clause: Limit one of each Pok\u00e9mon\n|rule|OHKO Clause: OHKO moves are banned\n|rule|Evasion Items Clause: Evasion items are banned\n|rule|Evasion Moves Clause: Evasion moves are banned\n|rule|Endless Battle Clause: Forcing endless battles is banned\n|rule|HP Percentage Mod: HP is shown in percentages\n|clearpoke\n|poke|p1|Roaring Moon|\n|poke|p1|Amoonguss, F|\n|poke|p1|Cinderace, M|\n|poke|p1|Toxtricity, M|\n|poke|p1|Florges, F|\n|poke|p1|Basculin, F|\n|poke|p2|Iron Valiant|\n|poke|p2|Iron Moth|\n|poke|p2|Iron Leaves|\n|poke|p2|Goodra-Hisui, F|\n|poke|p2|Rotom-Wash|\n|poke|p2|Sandaconda, M|\n|teampreview\n|\n|t:|1700315745\n|start\n|switch|p1a: Cinderace|Cinderace, M|100\/100\n|switch|p2a: Rotom|Rotom-Wash, shiny|100\/100\n|turn|1\n|\n|t:|1700315759\n|move|p1a: Cinderace|High Jump Kick|p2a: Rotom\n|-start|p1a: Cinderace|typechange|Fighting|[from] ability: Libero\n|-damage|p2a: Rotom|21\/100\n|-damage|p1a: Cinderace|84\/100|[from] item: Rocky Helmet|[of] p2a: Rotom\n|move|p2a: Rotom|Volt Switch|p1a: Cinderace\n|-damage|p1a: Cinderace|45\/100\n|c|\u2606aryan3003|ehh\n|\n|t:|1700315811\n|switch|p2a: Iron Moth|Iron Moth|100\/100|[from] Volt Switch\n|\n|upkeep\n|turn|2\n|\n|t:|1700315841\n|switch|p1a: Basculin|Basculin, F|100\/100\n|move|p2a: Iron Moth|Sludge Wave|p1a: Basculin\n|-damage|p1a: Basculin|0 fnt\n|faint|p1a: Basculin\n|\n|upkeep\n|\n|t:|1700315849\n|switch|p1a: Roaring Moon|Roaring Moon|100\/100\n|-enditem|p1a: Roaring Moon|Booster Energy\n|-activate|p1a: Roaring Moon|ability: Protosynthesis|[fromitem]\n|-start|p1a: Roaring Moon|protosynthesisatk\n|turn|3\n|c|\u2606aryan3003|be specs if real\n|\n|t:|1700315916\n|move|p2a: Iron Moth|Sludge Wave|p1a: Roaring Moon\n|-crit|p1a: Roaring Moon\n|-damage|p1a: Roaring Moon|21\/100\n|move|p1a: Roaring Moon|Dragon Dance|p1a: Roaring Moon\n|-boost|p1a: Roaring Moon|atk|1\n|-boost|p1a: Roaring Moon|spe|1\n|\n|upkeep\n|turn|4\n|\n|t:|1700315927\n|move|p1a: Roaring Moon|Earthquake|p2a: Iron Moth\n|-supereffective|p2a: Iron Moth\n|-damage|p2a: Iron Moth|0 fnt\n|faint|p2a: Iron Moth\n|-end|p2a: Iron Moth|Quark Drive|[silent]\n|\n|upkeep\n|\n|t:|1700316009\n|switch|p2a: Sandaconda(B)|Sandaconda, M|100\/100\n|turn|5\n|\n|t:|1700316017\n|move|p1a: Roaring Moon|Knock Off|p2a: Sandaconda(B)\n|-crit|p2a: Sandaconda(B)\n|-damage|p2a: Sandaconda(B)|0 fnt\n|-enditem|p2a: Sandaconda(B)|Leftovers|[from] move: Knock Off|[of] p1a: Roaring Moon\n|faint|p2a: Sandaconda(B)\n|\n|upkeep\n|c|\u2606aryan3003|nice\n|c|\u2606Pelaiini|damn\n|\n|t:|1700316027\n|switch|p2a: Iron Valiant|Iron Valiant, shiny|100\/100\n|-enditem|p2a: Iron Valiant|Booster Energy\n|-activate|p2a: Iron Valiant|ability: Quark Drive|[fromitem]\n|-start|p2a: Iron Valiant|quarkdrivespe\n|turn|6\n|c|\u2606Pelaiini|deserved\n|l|\u2606Pelaiini\n|player|p2|\n|j|\u2606Pelaiini\n|player|p2|Pelaiini|veteran\n|\n|t:|1700316059\n|-end|p1a: Roaring Moon|Protosynthesis|[silent]\n|switch|p1a: Florges|Florges, F|100\/100\n|move|p2a: Iron Valiant|Vacuum Wave|p1a: Florges\n|-resisted|p1a: Florges\n|-damage|p1a: Florges|94\/100\n|-enditem|p1a: Florges|Red Card|[of] p2a: Iron Valiant\n|-end|p2a: Iron Valiant|Quark Drive|[silent]\n|drag|p2a: Iron Leaves|Iron Leaves|100\/100\n|-enditem|p2a: Iron Leaves|Booster Energy\n|-activate|p2a: Iron Leaves|ability: Quark Drive|[fromitem]\n|-start|p2a: Iron Leaves|quarkdrivespe\n|\n|upkeep\n|turn|7\n|j| zLayton\n|l| zLayton\n|\n|t:|1700316100\n|-terastallize|p2a: Iron Leaves|Psychic\n|move|p2a: Iron Leaves|Swords Dance|p2a: Iron Leaves\n|-boost|p2a: Iron Leaves|atk|2\n|move|p1a: Florges|Wish|p1a: Florges\n|\n|upkeep\n|turn|8\n|\n|t:|1700316108\n|move|p2a: Iron Leaves|Psyblade|p1a: Florges\n|-damage|p1a: Florges|0 fnt\n|faint|p1a: Florges\n|\n|upkeep\n|\n|t:|1700316115\n|switch|p1a: Cinderace|Cinderace, M|45\/100\n|turn|9\n|\n|t:|1700316119\n|move|p2a: Iron Leaves|Psyblade|p1a: Cinderace\n|-damage|p1a: Cinderace|0 fnt\n|faint|p1a: Cinderace\n|\n|upkeep\n|\n|t:|1700316121\n|switch|p1a: Amoonguss|Amoonguss, F|100\/100\n|turn|10\n|\n|t:|1700316124\n|move|p2a: Iron Leaves|Psyblade|p1a: Amoonguss\n|-supereffective|p1a: Amoonguss\n|-damage|p1a: Amoonguss|0 fnt\n|faint|p1a: Amoonguss\n|\n|upkeep\n|\n|t:|1700316126\n|switch|p1a: Toxtricity|Toxtricity, M|100\/100\n|turn|11\n|\n|t:|1700316130\n|-terastallize|p1a: Toxtricity|Normal\n|move|p2a: Iron Leaves|Psyblade|p1a: Toxtricity\n|-damage|p1a: Toxtricity|0 fnt\n|faint|p1a: Toxtricity\n|\n|upkeep\n|\n|t:|1700316133\n|switch|p1a: Roaring Moon|Roaring Moon|21\/100\n|turn|12\n|\n|t:|1700316135\n|move|p2a: Iron Leaves|Close Combat|p1a: Roaring Moon\n|-supereffective|p1a: Roaring Moon\n|-damage|p1a: Roaring Moon|0 fnt\n|-unboost|p2a: Iron Leaves|def|1\n|-unboost|p2a: Iron Leaves|spd|1\n|faint|p1a: Roaring Moon\n|-end|p1a: Roaring Moon|Protosynthesis|[silent]\n|\n|win|Pelaiini\n|c|\u2606Pelaiini|gg\n","uploadtime":1700316142,"views":50,"p1id":"aryan3003","p2id":"pelaiini","formatid":"gen9ubers","rating":0,"private":0,"password":""}