{"id":"gen9ubers-1974544689","p1":"ratstarz","p2":"fabxorusVGC","format":"[Gen 9] Ubers","log":"|j|\u2606ratstarz\n|j|\u2606fabxorusVGC\n|t:|1698095958\n|gametype|singles\n|player|p1|ratstarz|hoopster|1042\n|player|p2|fabxorusVGC|hilbert|1014\n|teamsize|p1|6\n|teamsize|p2|6\n|gen|9\n|tier|[Gen 9] Ubers\n|rated|\n|rule|Sleep Clause Mod: Limit one foe put to sleep\n|rule|Species Clause: Limit one of each Pok\u00e9mon\n|rule|OHKO Clause: OHKO moves are banned\n|rule|Evasion Items Clause: Evasion items are banned\n|rule|Evasion Moves Clause: Evasion moves are banned\n|rule|Endless Battle Clause: Forcing endless battles is banned\n|rule|HP Percentage Mod: HP is shown in percentages\n|clearpoke\n|poke|p1|Palafin, M|\n|poke|p1|Tinkaton, F|\n|poke|p1|Ting-Lu|\n|poke|p1|Miraidon|\n|poke|p1|Flutter Mane|\n|poke|p1|Skeledirge, M|\n|poke|p2|Altaria, F|\n|poke|p2|Lokix, M|\n|poke|p2|Clawitzer, M|\n|poke|p2|Chansey, F|\n|poke|p2|Annihilape, M|\n|poke|p2|Volcarona, F|\n|teampreview\n|inactive|Battle timer is ON: inactive players will automatically lose when time's up. (requested by fabxorusVGC)\n|\n|t:|1698095972\n|start\n|switch|p1a: Kanye West|Palafin, M|100\/100\n|switch|p2a: Lokix|Lokix, M|100\/100\n|turn|1\n|\n|t:|1698095981\n|detailschange|p1a: Kanye West|Palafin-Hero, M\n|switch|p1a: Kendrick Lamar|Ting-Lu|100\/100\n|-ability|p1a: Kendrick Lamar|Vessel of Ruin\n|move|p2a: Lokix|Swords Dance|p2a: Lokix\n|-boost|p2a: Lokix|atk|2\n|\n|upkeep\n|turn|2\n|\n|t:|1698095991\n|move|p2a: Lokix|Leech Life|p1a: Kendrick Lamar\n|-supereffective|p1a: Kendrick Lamar\n|-damage|p1a: Kendrick Lamar|1\/100\n|-enditem|p1a: Kendrick Lamar|Red Card|[of] p2a: Lokix\n|drag|p2a: Volcarona|Volcarona, F|100\/100\n|move|p1a: Kendrick Lamar|Spikes|p2a: Volcarona\n|-sidestart|p2: fabxorusVGC|Spikes\n|\n|upkeep\n|turn|3\n|\n|t:|1698096003\n|move|p2a: Volcarona|Quiver Dance|p2a: Volcarona\n|-boost|p2a: Volcarona|spa|1\n|-boost|p2a: Volcarona|spd|1\n|-boost|p2a: Volcarona|spe|1\n|move|p1a: Kendrick Lamar|Spikes|p2a: Volcarona\n|-sidestart|p2: fabxorusVGC|Spikes\n|\n|upkeep\n|turn|4\n|\n|t:|1698096012\n|move|p2a: Volcarona|Fiery Dance|p1a: Kendrick Lamar\n|-damage|p1a: Kendrick Lamar|0 fnt\n|-boost|p2a: Volcarona|spa|1\n|faint|p1a: Kendrick Lamar\n|\n|upkeep\n|\n|t:|1698096031\n|switch|p1a: Kanye West|Palafin-Hero, M|100\/100\n|-activate|p1a: Kanye West|ability: Zero to Hero\n|turn|5\n|\n|t:|1698096038\n|-terastallize|p2a: Volcarona|Grass\n|move|p2a: Volcarona|Will-O-Wisp|p1a: Kanye West\n|-status|p1a: Kanye West|brn\n|move|p1a: Kanye West|Bulk Up|p1a: Kanye West\n|-boost|p1a: Kanye West|atk|1\n|-boost|p1a: Kanye West|def|1\n|\n|-damage|p1a: Kanye West|94\/100 brn|[from] brn\n|upkeep\n|turn|6\n|\n|t:|1698096064\n|move|p2a: Volcarona|Giga Drain|p1a: Kanye West\n|-supereffective|p1a: Kanye West\n|-crit|p1a: Kanye West\n|-damage|p1a: Kanye West|0 fnt\n|faint|p1a: Kanye West\n|\n|upkeep\n|inactive|ratstarz has 120 seconds left.\n|\n|t:|1698096088\n|switch|p1a: Snoop Dogg|Skeledirge, M|100\/100\n|turn|7\n|\n|t:|1698096107\n|switch|p2a: Chansey|Chansey, F|100\/100\n|-damage|p2a: Chansey|84\/100|[from] Spikes\n|move|p1a: Snoop Dogg|Will-O-Wisp|p2a: Chansey\n|-status|p2a: Chansey|brn\n|\n|-damage|p2a: Chansey|78\/100 brn|[from] brn\n|upkeep\n|turn|8\n|inactive|ratstarz has 120 seconds left.\n|\n|t:|1698096124\n|move|p1a: Snoop Dogg|Hex|p2a: Chansey\n|-immune|p2a: Chansey\n|move|p2a: Chansey|Thunder Wave|p1a: Snoop Dogg\n|-status|p1a: Snoop Dogg|par\n|\n|-damage|p2a: Chansey|71\/100 brn|[from] brn\n|upkeep\n|turn|9\n|\n|t:|1698096134\n|move|p2a: Chansey|Stealth Rock|p1a: Snoop Dogg\n|-sidestart|p1: ratstarz|move: Stealth Rock\n|move|p1a: Snoop Dogg|Torch Song|p2a: Chansey\n|-damage|p2a: Chansey|63\/100 brn\n|-boost|p1a: Snoop Dogg|spa|1\n|\n|-damage|p2a: Chansey|57\/100 brn|[from] brn\n|upkeep\n|turn|10\n|inactive|ratstarz has 120 seconds left.\n|\n|t:|1698096146\n|move|p2a: Chansey|Soft-Boiled|p2a: Chansey\n|-heal|p2a: Chansey|100\/100 brn\n|cant|p1a: Snoop Dogg|par\n|\n|-damage|p2a: Chansey|94\/100 brn|[from] brn\n|upkeep\n|turn|11\n|inactive|ratstarz has 120 seconds left.\n|\n|t:|1698096155\n|-curestatus|p2a: Chansey|brn|[from] ability: Natural Cure\n|switch|p2a: Altaria|Altaria, F, shiny|100\/100\n|cant|p1a: Snoop Dogg|par\n|\n|upkeep\n|turn|12\n|\n|t:|1698096163\n|move|p2a: Altaria|Defog|p1a: Snoop Dogg\n|-unboost|p1a: Snoop Dogg|evasion|1\n|-sideend|p1: ratstarz|Stealth Rock|[from] move: Defog|[of] p2a: Altaria\n|-sideend|p2: fabxorusVGC|Spikes|[from] move: Defog|[of] p2a: Altaria\n|move|p1a: Snoop Dogg|Will-O-Wisp|p2a: Altaria\n|-status|p2a: Altaria|brn\n|\n|-damage|p2a: Altaria|94\/100 brn|[from] brn\n|upkeep\n|turn|13\n|inactive|ratstarz has 120 seconds left.\n|\n|t:|1698096190\n|move|p2a: Altaria|Hurricane|p1a: Snoop Dogg\n|-damage|p1a: Snoop Dogg|71\/100 par\n|move|p1a: Snoop Dogg|Hex|p2a: Altaria\n|-damage|p2a: Altaria|30\/100 brn\n|\n|-damage|p2a: Altaria|23\/100 brn|[from] brn\n|upkeep\n|turn|14\n|\n|t:|1698096202\n|-curestatus|p2a: Altaria|brn|[from] ability: Natural Cure\n|switch|p2a: Clawitzer|Clawitzer, M|100\/100\n|move|p1a: Snoop Dogg|Slack Off|p1a: Snoop Dogg\n|-heal|p1a: Snoop Dogg|100\/100 par\n|\n|upkeep\n|turn|15\n|\n|t:|1698096211\n|move|p2a: Clawitzer|Water Pulse|p1a: Snoop Dogg\n|-supereffective|p1a: Snoop Dogg\n|-damage|p1a: Snoop Dogg|0 fnt\n|faint|p1a: Snoop Dogg\n|\n|upkeep\n|\n|t:|1698096215\n|switch|p1a: Dr. Dre|Miraidon|100\/100\n|-fieldstart|move: Electric Terrain|[from] ability: Hadron Engine|[of] p1a: Dr. Dre\n|turn|16\n|\n|t:|1698096222\n|switch|p2a: Chansey|Chansey, F|94\/100\n|move|p1a: Dr. Dre|Electro Drift|p2a: Chansey\n|-damage|p2a: Chansey|70\/100\n|\n|upkeep\n|turn|17\n|\n|t:|1698096232\n|move|p1a: Dr. Dre|Draco Meteor|p2a: Chansey\n|-damage|p2a: Chansey|47\/100\n|-unboost|p1a: Dr. Dre|spa|2\n|move|p2a: Chansey|Seismic Toss|p1a: Dr. Dre\n|-damage|p1a: Dr. Dre|71\/100\n|\n|upkeep\n|turn|18\n|\n|t:|1698096243\n|move|p1a: Dr. Dre|Draco Meteor|p2a: Chansey\n|-damage|p2a: Chansey|35\/100\n|-unboost|p1a: Dr. Dre|spa|2\n|move|p2a: Chansey|Soft-Boiled|p2a: Chansey\n|-heal|p2a: Chansey|85\/100\n|\n|upkeep\n|turn|19\n|\n|t:|1698096255\n|move|p1a: Dr. Dre|U-turn|p2a: Chansey\n|-damage|p2a: Chansey|77\/100\n|\n|t:|1698096261\n|switch|p1a: Ice Cube|Tinkaton, F|100\/100|[from] U-turn\n|-ability|p1a: Ice Cube|Mold Breaker\n|-item|p1a: Ice Cube|Air Balloon\n|move|p2a: Chansey|Thunder Wave|p1a: Ice Cube\n|-status|p1a: Ice Cube|par\n|\n|upkeep\n|turn|20\n|\n|t:|1698096277\n|switch|p2a: Volcarona|Volcarona, F, tera:Grass|100\/100\n|move|p1a: Ice Cube|Stealth Rock|p2a: Volcarona\n|-sidestart|p2: fabxorusVGC|move: Stealth Rock\n|\n|-fieldend|move: Electric Terrain\n|upkeep\n|turn|21\n|\n|t:|1698096293\n|move|p2a: Volcarona|Quiver Dance|p2a: Volcarona\n|-boost|p2a: Volcarona|spa|1\n|-boost|p2a: Volcarona|spd|1\n|-boost|p2a: Volcarona|spe|1\n|move|p1a: Ice Cube|Knock Off|p2a: Volcarona\n|-damage|p2a: Volcarona|79\/100\n|-enditem|p2a: Volcarona|Heavy-Duty Boots|[from] move: Knock Off|[of] p1a: Ice Cube\n|\n|upkeep\n|turn|22\n|\n|t:|1698096303\n|move|p2a: Volcarona|Fiery Dance|p1a: Ice Cube\n|-supereffective|p1a: Ice Cube\n|-damage|p1a: Ice Cube|12\/100 par\n|-boost|p2a: Volcarona|spa|1\n|-enditem|p1a: Ice Cube|Air Balloon\n|cant|p1a: Ice Cube|par\n|\n|upkeep\n|turn|23\n|\n|t:|1698096318\n|move|p2a: Volcarona|Fiery Dance|p1a: Ice Cube\n|-supereffective|p1a: Ice Cube\n|-damage|p1a: Ice Cube|0 fnt\n|-boost|p2a: Volcarona|spa|1\n|faint|p1a: Ice Cube\n|\n|upkeep\n|inactive|ratstarz has 120 seconds left.\n|\n|t:|1698096344\n|switch|p1a: Dr. Dre|Miraidon|71\/100\n|-fieldstart|move: Electric Terrain|[from] ability: Hadron Engine|[of] p1a: Dr. Dre\n|turn|24\n|\n|t:|1698096353\n|move|p2a: Volcarona|Quiver Dance|p2a: Volcarona\n|-boost|p2a: Volcarona|spa|1\n|-boost|p2a: Volcarona|spd|1\n|-boost|p2a: Volcarona|spe|1\n|move|p1a: Dr. Dre|Electro Drift|p2a: Volcarona\n|-resisted|p2a: Volcarona\n|-damage|p2a: Volcarona|57\/100\n|\n|upkeep\n|turn|25\n|\n|t:|1698096362\n|move|p2a: Volcarona|Quiver Dance|p2a: Volcarona\n|-boost|p2a: Volcarona|spa|1\n|-boost|p2a: Volcarona|spd|1\n|-boost|p2a: Volcarona|spe|1\n|move|p1a: Dr. Dre|Draco Meteor|p2a: Volcarona|[miss]\n|-miss|p1a: Dr. Dre|p2a: Volcarona\n|\n|upkeep\n|turn|26\n|\n|t:|1698096372\n|move|p2a: Volcarona|Fiery Dance|p1a: Dr. Dre\n|-resisted|p1a: Dr. Dre\n|-damage|p1a: Dr. Dre|18\/100\n|-boost|p2a: Volcarona|spa|1\n|move|p1a: Dr. Dre|U-turn|p2a: Volcarona\n|-supereffective|p2a: Volcarona\n|-damage|p2a: Volcarona|26\/100\n|\n|t:|1698096379\n|switch|p1a: 2Pac|Flutter Mane|100\/100|[from] U-turn\n|\n|upkeep\n|turn|27\n|\n|t:|1698096386\n|move|p2a: Volcarona|Giga Drain|p1a: 2Pac\n|-damage|p1a: 2Pac|0 fnt\n|-heal|p2a: Volcarona|63\/100|[from] drain|[of] p1a: 2Pac\n|faint|p1a: 2Pac\n|-end|p1a: 2Pac|Protosynthesis|[silent]\n|\n|upkeep\n|\n|t:|1698096391\n|switch|p1a: Dr. Dre|Miraidon|18\/100\n|-activate|p1a: Dr. Dre|ability: Hadron Engine\n|turn|28\n|\n|t:|1698096398\n|move|p2a: Volcarona|Giga Drain|p1a: Dr. Dre\n|-resisted|p1a: Dr. Dre\n|-damage|p1a: Dr. Dre|0 fnt\n|-heal|p2a: Volcarona|72\/100|[from] drain|[of] p1a: Dr. Dre\n|faint|p1a: Dr. Dre\n|\n|win|fabxorusVGC\n|raw|ratstarz's rating: 1042 &rarr; <strong>1024<\/strong><br \/>(-18 for losing)\n|raw|fabxorusVGC's rating: 1014 &rarr; <strong>1055<\/strong><br \/>(+41 for winning)\n","uploadtime":1698096408,"views":12,"p1id":"ratstarz","p2id":"fabxorusvgc","formatid":"gen9ubers","rating":1024,"private":0,"password":""}