{"id":"gen9ubers-1969408562","p1":"Jothis","p2":"Kaizer of Dragon","format":"[Gen 9] Ubers","log":"|j|\u2606Jothis\n|j|\u2606Kaizer of Dragon\n|t:|1697527131\n|gametype|singles\n|player|p1|Jothis|1|1213\n|player|p2|Kaizer of Dragon|swimmerf|1099\n|teamsize|p1|6\n|teamsize|p2|6\n|gen|9\n|tier|[Gen 9] Ubers\n|rated|\n|rule|Sleep Clause Mod: Limit one foe put to sleep\n|rule|Species Clause: Limit one of each Pok\u00e9mon\n|rule|OHKO Clause: OHKO moves are banned\n|rule|Evasion Items Clause: Evasion items are banned\n|rule|Evasion Moves Clause: Evasion moves are banned\n|rule|Endless Battle Clause: Forcing endless battles is banned\n|rule|HP Percentage Mod: HP is shown in percentages\n|clearpoke\n|poke|p1|Miraidon|\n|poke|p1|Koraidon|\n|poke|p1|Chi-Yu|\n|poke|p1|Dragapult, F|\n|poke|p1|Glimmora, F|\n|poke|p1|Baxcalibur, M|\n|poke|p2|Braviary-Hisui, M|\n|poke|p2|Miraidon|\n|poke|p2|Koraidon|\n|poke|p2|Gholdengo|\n|poke|p2|Lurantis, F|\n|poke|p2|Espathra, M|\n|teampreview\n|inactive|Battle timer is ON: inactive players will automatically lose when time's up. (requested by Jothis)\n|\n|t:|1697527141\n|start\n|switch|p1a: Baxcalibur|Baxcalibur, M|100\/100\n|switch|p2a: Miraidon|Miraidon|100\/100\n|-fieldstart|move: Electric Terrain|[from] ability: Hadron Engine|[of] p2a: Miraidon\n|turn|1\n|\n|t:|1697527162\n|switch|p1a: Glimmora|Glimmora, F|100\/100\n|-terastallize|p2a: Miraidon|Fairy\n|move|p2a: Miraidon|Agility|p2a: Miraidon\n|-boost|p2a: Miraidon|spe|2\n|\n|upkeep\n|turn|2\n|\n|t:|1697527171\n|move|p2a: Miraidon|Calm Mind|p2a: Miraidon\n|-boost|p2a: Miraidon|spa|1\n|-boost|p2a: Miraidon|spd|1\n|move|p1a: Glimmora|Toxic|p2a: Miraidon\n|-status|p2a: Miraidon|tox\n|\n|-damage|p2a: Miraidon|94\/100 tox|[from] psn\n|upkeep\n|turn|3\n|\n|t:|1697527183\n|move|p2a: Miraidon|Dragon Pulse|p1a: Glimmora\n|-damage|p1a: Glimmora|14\/100\n|move|p1a: Glimmora|Stealth Rock|p2a: Miraidon\n|-sidestart|p2: Kaizer of Dragon|move: Stealth Rock\n|\n|-heal|p2a: Miraidon|100\/100 tox|[from] item: Leftovers\n|-damage|p2a: Miraidon|88\/100 tox|[from] psn\n|upkeep\n|turn|4\n|\n|t:|1697527191\n|move|p2a: Miraidon|Dragon Pulse|p1a: Glimmora\n|-damage|p1a: Glimmora|0 fnt\n|faint|p1a: Glimmora\n|\n|-heal|p2a: Miraidon|94\/100 tox|[from] item: Leftovers\n|-damage|p2a: Miraidon|76\/100 tox|[from] psn\n|upkeep\n|\n|t:|1697527197\n|switch|p1a: Dragapult|Dragapult, F|100\/100\n|turn|5\n|\n|t:|1697527221\n|-terastallize|p1a: Dragapult|Steel\n|move|p2a: Miraidon|Dragon Pulse|p1a: Dragapult\n|-resisted|p1a: Dragapult\n|-damage|p1a: Dragapult|48\/100\n|move|p1a: Dragapult|Phantom Force||[still]\n|-prepare|p1a: Dragapult|Phantom Force\n|\n|-heal|p2a: Miraidon|82\/100 tox|[from] item: Leftovers\n|-damage|p2a: Miraidon|58\/100 tox|[from] psn\n|-fieldend|move: Electric Terrain\n|upkeep\n|turn|6\n|\n|t:|1697527228\n|move|p2a: Miraidon|Parabolic Charge|p1a: Dragapult|[miss]\n|-miss|p2a: Miraidon|p1a: Dragapult\n|move|p1a: Dragapult|Phantom Force|p2a: Miraidon|[from]lockedmove\n|-damage|p2a: Miraidon|20\/100 tox\n|\n|-heal|p2a: Miraidon|26\/100 tox|[from] item: Leftovers\n|-damage|p2a: Miraidon|0 fnt|[from] psn\n|faint|p2a: Miraidon\n|upkeep\n|\n|t:|1697527237\n|switch|p2a: Koraidon|Koraidon|100\/100\n|-damage|p2a: Koraidon|94\/100|[from] Stealth Rock\n|-weather|SunnyDay|[from] ability: Orichalcum Pulse|[of] p2a: Koraidon\n|-activate|p2a: Koraidon|Orichalcum Pulse|[source]\n|turn|7\n|\n|t:|1697527244\n|move|p1a: Dragapult|Dragon Darts|p2a: Koraidon\n|-supereffective|p2a: Koraidon\n|-damage|p2a: Koraidon|59\/100\n|-anim|p1a: Dragapult|Dragon Darts|p2a: Koraidon\n|-supereffective|p2a: Koraidon\n|-damage|p2a: Koraidon|25\/100\n|move|p2a: Koraidon|Drain Punch|p1a: Dragapult\n|-supereffective|p1a: Dragapult\n|-damage|p1a: Dragapult|0 fnt\n|-heal|p2a: Koraidon|45\/100|[from] drain|[of] p1a: Dragapult\n|faint|p1a: Dragapult\n|\n|-weather|SunnyDay|[upkeep]\n|-heal|p2a: Koraidon|51\/100|[from] item: Leftovers\n|upkeep\n|\n|t:|1697527256\n|switch|p1a: Miraidon|Miraidon|100\/100\n|-fieldstart|move: Electric Terrain|[from] ability: Hadron Engine|[of] p1a: Miraidon\n|turn|8\n|\n|t:|1697527262\n|move|p1a: Miraidon|Dazzling Gleam|p2a: Koraidon\n|-supereffective|p2a: Koraidon\n|-damage|p2a: Koraidon|0 fnt\n|faint|p2a: Koraidon\n|\n|-weather|SunnyDay|[upkeep]\n|upkeep\n|\n|t:|1697527268\n|switch|p2a: Lurantis|Lurantis, F|100\/100\n|-damage|p2a: Lurantis|88\/100|[from] Stealth Rock\n|turn|9\n|\n|t:|1697527274\n|switch|p1a: Chi-Yu|Chi-Yu|100\/100\n|-ability|p1a: Chi-Yu|Beads of Ruin\n|move|p2a: Lurantis|Leaf Storm|p1a: Chi-Yu\n|-resisted|p1a: Chi-Yu\n|-damage|p1a: Chi-Yu|81\/100\n|-boost|p2a: Lurantis|spa|2\n|\n|-weather|SunnyDay|[upkeep]\n|-heal|p2a: Lurantis|94\/100|[from] item: Leftovers\n|upkeep\n|turn|10\n|\n|t:|1697527281\n|move|p1a: Chi-Yu|Flamethrower|p2a: Lurantis\n|-supereffective|p2a: Lurantis\n|-damage|p2a: Lurantis|0 fnt\n|faint|p2a: Lurantis\n|\n|-weather|SunnyDay|[upkeep]\n|upkeep\n|\n|t:|1697527285\n|switch|p2a: Braviary|Braviary-Hisui, M|100\/100\n|-damage|p2a: Braviary|75\/100|[from] Stealth Rock\n|turn|11\n|\n|t:|1697527288\n|move|p1a: Chi-Yu|Flamethrower|p2a: Braviary\n|-damage|p2a: Braviary|0 fnt\n|faint|p2a: Braviary\n|\n|-weather|none\n|upkeep\n|\n|t:|1697527291\n|switch|p2a: Espathra|Espathra, M|100\/100\n|-damage|p2a: Espathra|88\/100|[from] Stealth Rock\n|turn|12\n|\n|t:|1697527293\n|move|p1a: Chi-Yu|Flamethrower|p2a: Espathra\n|-damage|p2a: Espathra|0 fnt\n|faint|p2a: Espathra\n|\n|-fieldend|move: Electric Terrain\n|upkeep\n|\n|t:|1697527297\n|switch|p2a: Gholdengo|Gholdengo|100\/100\n|-damage|p2a: Gholdengo|94\/100|[from] Stealth Rock\n|turn|13\n|\n|t:|1697527300\n|move|p1a: Chi-Yu|Flamethrower|p2a: Gholdengo\n|-supereffective|p2a: Gholdengo\n|-damage|p2a: Gholdengo|0 fnt\n|faint|p2a: Gholdengo\n|\n|win|Jothis\n|raw|Jothis's rating: 1213 &rarr; <strong>1229<\/strong><br \/>(+16 for winning)\n|raw|Kaizer of Dragon's rating: 1080 &rarr; <strong>1066<\/strong><br \/>(-14 for losing)\n|l|\u2606Kaizer of Dragon\n","uploadtime":1697527306,"views":12,"p1id":"jothis","p2id":"kaizerofdragon","formatid":"gen9ubers","rating":1066,"private":0,"password":""}