{"id":"gen9ubers-1977044036","p1":"NotADragonTrainer","p2":"twinbear","format":"[Gen 9] Ubers","log":"|j|\u2606NotADragonTrainer\n|j|\u2606twinbear\n|t:|1698365212\n|gametype|singles\n|player|p1|NotADragonTrainer|lance|\n|player|p2|twinbear|102|\n|teamsize|p1|6\n|teamsize|p2|6\n|gen|9\n|tier|[Gen 9] Ubers\n|rule|Sleep Clause Mod: Limit one foe put to sleep\n|rule|Species Clause: Limit one of each Pok\u00e9mon\n|rule|OHKO Clause: OHKO moves are banned\n|rule|Evasion Items Clause: Evasion items are banned\n|rule|Evasion Moves Clause: Evasion moves are banned\n|rule|Endless Battle Clause: Forcing endless battles is banned\n|rule|HP Percentage Mod: HP is shown in percentages\n|clearpoke\n|poke|p1|Chi-Yu|\n|poke|p1|Ogerpon-Wellspring, F|\n|poke|p1|Hatterene, F|\n|poke|p1|Goodra-Hisui, M|\n|poke|p1|Meowscarada, M|\n|poke|p1|Iron Hands|\n|poke|p2|Glimmora, M|\n|poke|p2|Kilowattrel, F|\n|poke|p2|Golem, M|\n|poke|p2|Dragonite, F|\n|poke|p2|Dragapult, M|\n|poke|p2|Krookodile, M|\n|teampreview\n|j| Map217\n|j| LiquidPlazmid77\n|\n|t:|1698365380\n|start\n|switch|p1a: Katsuyu|Goodra-Hisui, M|100\/100\n|switch|p2a: Glimmora|Glimmora, M|100\/100\n|turn|1\n|\n|t:|1698365395\n|move|p2a: Glimmora|Spikes|p1a: Katsuyu\n|-sidestart|p1: NotADragonTrainer|Spikes\n|move|p1a: Katsuyu|Flash Cannon|p2a: Glimmora\n|-supereffective|p2a: Glimmora\n|-damage|p2a: Glimmora|34\/100\n|\n|upkeep\n|turn|2\n|\n|t:|1698365427\n|switch|p1a: Hands da Ocky Way|Iron Hands|100\/100\n|-damage|p1a: Hands da Ocky Way|88\/100|[from] Spikes\n|move|p2a: Glimmora|Earth Power|p1a: Hands da Ocky Way\n|-supereffective|p1a: Hands da Ocky Way\n|-damage|p1a: Hands da Ocky Way|40\/100\n|-unboost|p1a: Hands da Ocky Way|spd|1\n|\n|upkeep\n|turn|3\n|\n|t:|1698365463\n|-end|p1a: Hands da Ocky Way|Quark Drive|[silent]\n|switch|p1a: Rukia|Meowscarada, M, shiny|100\/100\n|-damage|p1a: Rukia|88\/100|[from] Spikes\n|move|p2a: Glimmora|Earth Power|p1a: Rukia\n|-resisted|p1a: Rukia\n|-damage|p1a: Rukia|60\/100\n|\n|upkeep\n|turn|4\n|\n|t:|1698365491\n|move|p1a: Rukia|Knock Off|p2a: Glimmora\n|-damage|p2a: Glimmora|0 fnt\n|-activate|p2a: Glimmora|ability: Toxic Debris\n|-sidestart|p1: NotADragonTrainer|move: Toxic Spikes\n|-enditem|p2a: Glimmora|Focus Sash|[from] move: Knock Off|[of] p1a: Rukia\n|faint|p2a: Glimmora\n|\n|upkeep\n|j| chiefbluescreen\n|\n|t:|1698365502\n|switch|p2a: Kilowattrel|Kilowattrel, F|100\/100\n|turn|5\n|\n|t:|1698365542\n|switch|p1a: Hands da Ocky Way|Iron Hands|40\/100\n|-damage|p1a: Hands da Ocky Way|28\/100|[from] Spikes\n|-status|p1a: Hands da Ocky Way|psn\n|move|p2a: Kilowattrel|U-turn|p1a: Hands da Ocky Way\n|-resisted|p1a: Hands da Ocky Way\n|-damage|p1a: Hands da Ocky Way|24\/100 psn\n|j| ITaughtMyPetsMMA\n|\n|t:|1698365592\n|switch|p2a: Krookodile|Krookodile, M|100\/100|[from] U-turn\n|\n|-damage|p1a: Hands da Ocky Way|11\/100 psn|[from] psn\n|upkeep\n|turn|6\n|\n|t:|1698365612\n|move|p2a: Krookodile|Earthquake|p1a: Hands da Ocky Way\n|-supereffective|p1a: Hands da Ocky Way\n|-damage|p1a: Hands da Ocky Way|0 fnt\n|faint|p1a: Hands da Ocky Way\n|-end|p1a: Hands da Ocky Way|Quark Drive|[silent]\n|-ability|p2a: Krookodile|Moxie|boost\n|-boost|p2a: Krookodile|atk|1\n|\n|upkeep\n|j| Keyloada\n|j| Waltbo\n|\n|t:|1698365708\n|switch|p1a: Nonon|Hatterene, F, shiny|100\/100\n|-damage|p1a: Nonon|88\/100|[from] Spikes\n|-status|p1a: Nonon|psn\n|-ability|p1a: Nonon|Anticipation\n|turn|7\n|\n|t:|1698365740\n|move|p2a: Krookodile|Earthquake|p1a: Nonon\n|-damage|p1a: Nonon|24\/100 psn\n|move|p1a: Nonon|Draining Kiss|p2a: Krookodile\n|-supereffective|p2a: Krookodile\n|-damage|p2a: Krookodile|47\/100\n|-heal|p1a: Nonon|69\/100 psn|[from] drain|[of] p2a: Krookodile\n|\n|-heal|p1a: Nonon|75\/100 psn|[from] item: Leftovers\n|-damage|p1a: Nonon|63\/100 psn|[from] psn\n|upkeep\n|turn|8\n|\n|t:|1698365788\n|move|p2a: Krookodile|Earthquake|p1a: Nonon\n|-damage|p1a: Nonon|0 fnt\n|faint|p1a: Nonon\n|-ability|p2a: Krookodile|Moxie|boost\n|-boost|p2a: Krookodile|atk|1\n|\n|upkeep\n|c|\u2606NotADragonTrainer|The calculator lied to ME.\n|\n|t:|1698365806\n|switch|p1a: Obito|Chi-Yu|100\/100\n|-damage|p1a: Obito|88\/100|[from] Spikes\n|-status|p1a: Obito|psn\n|-ability|p1a: Obito|Beads of Ruin\n|turn|9\n|\n|t:|1698365813\n|move|p2a: Krookodile|Earthquake|p1a: Obito\n|-supereffective|p1a: Obito\n|-damage|p1a: Obito|0 fnt\n|faint|p1a: Obito\n|-ability|p2a: Krookodile|Moxie|boost\n|-boost|p2a: Krookodile|atk|1\n|\n|upkeep\n|c| Keyloada|the first earthquake you got hit by did 64% why would it suddenly do less damage?\n|c| Map217|rolls\n|c| Waltbo|using calculator\n|c| Waltbo|dummy\n|c|\u2606NotADragonTrainer|i'm saying\n|c|\u2606NotADragonTrainer|i realize\n|c|\u2606NotADragonTrainer|i had the wrong item on chi yu\n|c|\u2606NotADragonTrainer|this is unfortunate for me.\n|c| LiquidPlazmid77|Knew it\n|c| Map217|first quake could have been a low roll or the second one could have been a high\n|c| Map217|either or\n|c| Keyloada|You're right, but even with rolls, hatty was at like 50% to the 64% they took the first time\n|c| Map217|it was at 63\n|c|\u2606NotADragonTrainer|Well.\n|c|\u2606NotADragonTrainer|Such is life, I suppose.\n|c| Map217|so it was a pretty close roll\n|c| Map217|or the first quake was a low roll and it wasnt a roll at all\n|\n|t:|1698365927\n|switch|p1a: Unohana|Ogerpon-Wellspring, F|100\/100\n|-damage|p1a: Unohana|88\/100|[from] Spikes\n|-status|p1a: Unohana|psn\n|turn|10\n|\n|t:|1698365936\n|move|p2a: Krookodile|Earthquake|p1a: Unohana\n|-resisted|p1a: Unohana\n|-damage|p1a: Unohana|2\/100 psn\n|move|p1a: Unohana|Horn Leech|p2a: Krookodile\n|-supereffective|p2a: Krookodile\n|-damage|p2a: Krookodile|0 fnt\n|-heal|p1a: Unohana|30\/100 psn|[from] drain|[of] p2a: Krookodile\n|faint|p2a: Krookodile\n|\n|-damage|p1a: Unohana|18\/100 psn|[from] psn\n|upkeep\n|c| Keyloada|I don't think june factored in the fact that crook was probably banded\n|\n|t:|1698365964\n|switch|p2a: Kilowattrel|Kilowattrel, F|100\/100\n|turn|11\n|c|\u2606NotADragonTrainer|I did, I just thought I had a diff item on Chi yu.\n|c|\u2606NotADragonTrainer|Now I am like oop.\n|c| Map217|it was scarfed not banded\n|c|\u2606NotADragonTrainer|it fast\n|c| Map217|otherwise it wouldnt be so fast\n|c| LiquidPlazmid77|yeah, told ya to scarf the fish\n|c|\u2606NotADragonTrainer|I assumed it is about 446 speed\n|c| Keyloada|I give\n|\n|t:|1698366015\n|switch|p1a: Katsuyu|Goodra-Hisui, M|100\/100\n|-damage|p1a: Katsuyu|88\/100|[from] Spikes\n|move|p2a: Kilowattrel|U-turn|p1a: Katsuyu\n|-resisted|p1a: Katsuyu\n|-damage|p1a: Katsuyu|83\/100\n|-ability|p1a: Katsuyu|Gooey\n|-unboost|p2a: Kilowattrel|spe|1\n|c|\u2606twinbear|I was planned for scarf fish but am glad it was not\n|c|\u2606NotADragonTrainer|It was supposed to be scarfed fish.\n|c|\u2606NotADragonTrainer|But I did not pay enough attention pepehands\n|c| Map217|L + pay more attention\n|c|\u2606NotADragonTrainer|True, true\n|c|\u2606NotADragonTrainer|Well, back to the me classic.\n|c|\u2606NotADragonTrainer|Pressing buttons.\n|\n|t:|1698366082\n|switch|p2a: Golem|Golem, M|100\/100|[from] U-turn\n|\n|upkeep\n|turn|12\n|\n|t:|1698366097\n|move|p2a: Golem|Earthquake|p1a: Katsuyu\n|-supereffective|p1a: Katsuyu\n|-damage|p1a: Katsuyu|4\/100\n|move|p1a: Katsuyu|Flash Cannon|p2a: Golem\n|-supereffective|p2a: Golem\n|-damage|p2a: Golem|3\/100\n|\n|upkeep\n|turn|13\n|\n|t:|1698366111\n|move|p2a: Golem|Earthquake|p1a: Katsuyu\n|-supereffective|p1a: Katsuyu\n|-crit|p1a: Katsuyu\n|-damage|p1a: Katsuyu|0 fnt\n|faint|p1a: Katsuyu\n|\n|upkeep\n|\n|t:|1698366118\n|switch|p1a: Rukia|Meowscarada, M, shiny|60\/100\n|-damage|p1a: Rukia|48\/100|[from] Spikes\n|-status|p1a: Rukia|psn\n|turn|14\n|\n|t:|1698366127\n|move|p1a: Rukia|Knock Off|p2a: Golem\n|-damage|p2a: Golem|0 fnt\n|-enditem|p2a: Golem|Heavy-Duty Boots|[from] move: Knock Off|[of] p1a: Rukia\n|faint|p2a: Golem\n|\n|-damage|p1a: Rukia|35\/100 psn|[from] psn\n|upkeep\n|c|\u2606twinbear|Are you not protean?\n|\n|t:|1698366173\n|switch|p2a: Kilowattrel|Kilowattrel, F|100\/100\n|turn|15\n|c| Waltbo|she gonna say it didnt save\n|\n|t:|1698366185\n|move|p2a: Kilowattrel|U-turn|p1a: Rukia\n|-supereffective|p1a: Rukia\n|-damage|p1a: Rukia|0 fnt\n|faint|p1a: Rukia\n|c|\u2606NotADragonTrainer|Oh no I am not.\n|\n|t:|1698366197\n|switch|p2a: Dragonite|Dragonite, F|100\/100|[from] U-turn\n|\n|upkeep\n|c|\u2606NotADragonTrainer|Lmao no I intentionally did not do that but such is life.\n|\n|t:|1698366207\n|switch|p1a: Unohana|Ogerpon-Wellspring, F|18\/100 psn\n|-damage|p1a: Unohana|5\/100 psn|[from] Spikes\n|turn|16\n|c|\u2606NotADragonTrainer|:)\n|\n|t:|1698366213\n|move|p2a: Dragonite|Extreme Speed|p1a: Unohana\n|-damage|p1a: Unohana|0 fnt\n|faint|p1a: Unohana\n|\n|win|twinbear\n","uploadtime":1698366236,"views":13,"p1id":"notadragontrainer","p2id":"twinbear","formatid":"gen9ubers","rating":0,"private":0,"password":""}