{"id":"gen9ubers-1985958085","p1":"minerboy767","p2":"Hultygo","format":"[Gen 9] Ubers","log":"|j|\u2606minerboy767\n|j|\u2606Hultygo\n|t:|1699429695\n|gametype|singles\n|player|p1|minerboy767|2|1116\n|player|p2|Hultygo|clown|1091\n|teamsize|p1|6\n|teamsize|p2|6\n|gen|9\n|tier|[Gen 9] Ubers\n|rated|\n|rule|Sleep Clause Mod: Limit one foe put to sleep\n|rule|Species Clause: Limit one of each Pok\u00e9mon\n|rule|OHKO Clause: OHKO moves are banned\n|rule|Evasion Items Clause: Evasion items are banned\n|rule|Evasion Moves Clause: Evasion moves are banned\n|rule|Endless Battle Clause: Forcing endless battles is banned\n|rule|HP Percentage Mod: HP is shown in percentages\n|clearpoke\n|poke|p1|Jolteon, M|\n|poke|p1|Dragonite, F|\n|poke|p1|Ditto|\n|poke|p1|Ribombee, F|\n|poke|p1|Slowking, M|\n|poke|p1|Dusknoir, M|\n|poke|p2|Espathra, M|\n|poke|p2|Palafin, F|\n|poke|p2|Zacian-*|\n|poke|p2|Grimmsnarl, M|\n|poke|p2|Baxcalibur, M|\n|poke|p2|Ursaluna-Bloodmoon, M|\n|teampreview\n|inactive|Battle timer is ON: inactive players will automatically lose when time's up. (requested by Hultygo)\n|\n|t:|1699429699\n|start\n|switch|p1a: Ribombee|Ribombee, F|100\/100\n|switch|p2a: Grimmsnarl|Grimmsnarl, M|100\/100\n|turn|1\n|\n|t:|1699429704\n|move|p2a: Grimmsnarl|Taunt|p1a: Ribombee\n|-start|p1a: Ribombee|move: Taunt\n|cant|p1a: Ribombee|move: Taunt|Sticky Web\n|\n|upkeep\n|turn|2\n|\n|t:|1699429710\n|move|p2a: Grimmsnarl|Light Screen|p2a: Grimmsnarl\n|-sidestart|p2: Hultygo|move: Light Screen\n|move|p1a: Ribombee|Bug Buzz|p2a: Grimmsnarl\n|-damage|p2a: Grimmsnarl|82\/100\n|-unboost|p2a: Grimmsnarl|spd|1\n|\n|upkeep\n|turn|3\n|\n|t:|1699429728\n|switch|p1a: Jolteon|Jolteon, M|100\/100\n|move|p2a: Grimmsnarl|Reflect|p2a: Grimmsnarl\n|-sidestart|p2: Hultygo|Reflect\n|\n|upkeep\n|turn|4\n|\n|t:|1699429733\n|move|p2a: Grimmsnarl|Parting Shot|p1a: Jolteon\n|-unboost|p1a: Jolteon|atk|1\n|-unboost|p1a: Jolteon|spa|1\n|\n|t:|1699429737\n|switch|p2a: Espathra|Espathra, M|100\/100|[from] Parting Shot\n|move|p1a: Jolteon|Yawn|p2a: Espathra\n|-start|p2a: Espathra|move: Yawn|[of] p1a: Jolteon\n|\n|upkeep\n|turn|5\n|\n|t:|1699429747\n|switch|p1a: Ribombee|Ribombee, F|100\/100\n|switch|p2a: Baxcalibur|Baxcalibur, M|100\/100\n|\n|upkeep\n|turn|6\n|\n|t:|1699429754\n|move|p1a: Ribombee|Sticky Web|p2a: Baxcalibur\n|-sidestart|p2: Hultygo|move: Sticky Web\n|move|p2a: Baxcalibur|Dragon Dance|p2a: Baxcalibur\n|-boost|p2a: Baxcalibur|atk|1\n|-boost|p2a: Baxcalibur|spe|1\n|\n|upkeep\n|turn|7\n|\n|t:|1699429776\n|move|p2a: Baxcalibur|Dragon Dance|p2a: Baxcalibur\n|-boost|p2a: Baxcalibur|atk|1\n|-boost|p2a: Baxcalibur|spe|1\n|move|p1a: Ribombee|Bug Buzz|p2a: Baxcalibur\n|-damage|p2a: Baxcalibur|80\/100\n|\n|upkeep\n|turn|8\n|\n|t:|1699429783\n|move|p2a: Baxcalibur|Dragon Dance|p2a: Baxcalibur\n|-boost|p2a: Baxcalibur|atk|1\n|-boost|p2a: Baxcalibur|spe|1\n|move|p1a: Ribombee|Switcheroo|p2a: Baxcalibur\n|-activate|p1a: Ribombee|move: Trick|[of] p2a: Baxcalibur\n|-item|p2a: Baxcalibur|Focus Sash|[from] move: Switcheroo\n|-item|p1a: Ribombee|Loaded Dice|[from] move: Switcheroo\n|\n|upkeep\n|turn|9\n|\n|t:|1699429794\n|move|p2a: Baxcalibur|Icicle Spear|p1a: Ribombee\n|-damage|p1a: Ribombee|21\/100\n|-damage|p1a: Ribombee|0 fnt\n|faint|p1a: Ribombee\n|-hitcount|p1: Ribombee|2\n|\n|-sideend|p2: Hultygo|move: Light Screen\n|upkeep\n|\n|t:|1699429803\n|switch|p1a: Ditto|Ditto|100\/100\n|-transform|p1a: Ditto|p2a: Baxcalibur|[from] ability: Imposter\n|turn|10\n|\n|t:|1699429811\n|move|p1a: Ditto|Glaive Rush|p2a: Baxcalibur\n|-supereffective|p2a: Baxcalibur\n|-damage|p2a: Baxcalibur|0 fnt\n|-singlemove|p1a: Ditto|Glaive Rush|[silent]\n|faint|p2a: Baxcalibur\n|\n|-sideend|p2: Hultygo|Reflect\n|upkeep\n|\n|t:|1699429819\n|switch|p2a: Zacian|Zacian-Crowned|100\/100\n|-activate|p2a: Zacian|move: Sticky Web\n|-unboost|p2a: Zacian|spe|1\n|-ability|p2a: Zacian|Intrepid Sword|boost\n|-boost|p2a: Zacian|atk|1\n|turn|11\n|\n|t:|1699429825\n|switch|p1a: Dusknoir|Dusknoir, M, shiny|100\/100\n|-item|p2a: Zacian|Rusted Sword|[from] ability: Frisk|[of] p1a: Dusknoir|[identify]\n|move|p2a: Zacian|Behemoth Blade|p1a: Dusknoir\n|-damage|p1a: Dusknoir|0 fnt\n|faint|p1a: Dusknoir\n|\n|upkeep\n|\n|t:|1699429833\n|switch|p1a: Ditto|Ditto|100\/100\n|-transform|p1a: Ditto|p2a: Zacian|[from] ability: Imposter\n|-ability|p1a: Ditto|Intrepid Sword|boost\n|-boost|p1a: Ditto|atk|1\n|turn|12\n|\n|t:|1699429839\n|move|p1a: Ditto|Behemoth Blade|p2a: Zacian\n|-damage|p2a: Zacian|0 fnt\n|faint|p2a: Zacian\n|\n|upkeep\n|\n|t:|1699429844\n|switch|p2a: Ursaluna|Ursaluna-Bloodmoon, M|100\/100\n|turn|13\n|\n|t:|1699429854\n|move|p1a: Ditto|Behemoth Blade|p2a: Ursaluna\n|-crit|p2a: Ursaluna\n|-damage|p2a: Ursaluna|0 fnt\n|faint|p2a: Ursaluna\n|\n|upkeep\n|\n|t:|1699429857\n|switch|p2a: Espathra|Espathra, M|100\/100\n|-activate|p2a: Espathra|move: Sticky Web\n|-unboost|p2a: Espathra|spe|1\n|turn|14\n|\n|t:|1699429865\n|move|p1a: Ditto|Behemoth Blade|p2a: Espathra\n|-damage|p2a: Espathra|0 fnt\n|faint|p2a: Espathra\n|\n|upkeep\n|\n|t:|1699429868\n|switch|p2a: Grimmsnarl|Grimmsnarl, M|82\/100\n|-activate|p2a: Grimmsnarl|move: Sticky Web\n|-unboost|p2a: Grimmsnarl|spe|1\n|turn|15\n|\n|t:|1699429872\n|move|p2a: Grimmsnarl|Light Screen|p2a: Grimmsnarl\n|-sidestart|p2: Hultygo|move: Light Screen\n|move|p1a: Ditto|Behemoth Blade|p2a: Grimmsnarl\n|-supereffective|p2a: Grimmsnarl\n|-damage|p2a: Grimmsnarl|0 fnt\n|faint|p2a: Grimmsnarl\n|\n|upkeep\n|\n|t:|1699429878\n|switch|p2a: Palafin|Palafin, F|100\/100\n|-activate|p2a: Palafin|move: Sticky Web\n|-unboost|p2a: Palafin|spe|1\n|turn|16\n|\n|t:|1699429883\n|move|p1a: Ditto|Behemoth Blade|p2a: Palafin\n|-resisted|p2a: Palafin\n|-damage|p2a: Palafin|21\/100\n|move|p2a: Palafin|Wave Crash|p1a: Ditto\n|-damage|p1a: Ditto|34\/100\n|-damage|p2a: Palafin|2\/100|[from] Recoil\n|\n|upkeep\n|turn|17\n|\n|t:|1699429891\n|-activate|p1a: Ditto|move: Struggle\n|move|p1a: Ditto|Struggle|p2a: Palafin\n|-damage|p2a: Palafin|0 fnt\n|faint|p2a: Palafin\n|-damage|p1a: Ditto|9\/100|[from] recoil\n|\n|win|minerboy767\n|raw|minerboy767's rating: 1116 &rarr; <strong>1139<\/strong><br \/>(+23 for winning)\n|raw|Hultygo's rating: 1091 &rarr; <strong>1069<\/strong><br \/>(-22 for losing)\n","uploadtime":1699429895,"views":15,"p1id":"minerboy767","p2id":"hultygo","formatid":"gen9ubers","rating":1069,"private":0,"password":""}