{"id":"gen9ubers-1992870604","p1":"Pressure is Cool","p2":"panza mileurista","format":"[Gen 9] Ubers","log":"|j|\u2606Pressure is Cool\n|j|\u2606panza mileurista\n|t:|1700242606\n|gametype|singles\n|player|p1|Pressure is Cool|pokemonbreeder-gen4|1293\n|player|p2|panza mileurista|grimsley|1594\n|teamsize|p1|6\n|teamsize|p2|6\n|gen|9\n|tier|[Gen 9] Ubers\n|rated|\n|rule|Sleep Clause Mod: Limit one foe put to sleep\n|rule|Species Clause: Limit one of each Pok\u00e9mon\n|rule|OHKO Clause: OHKO moves are banned\n|rule|Evasion Items Clause: Evasion items are banned\n|rule|Evasion Moves Clause: Evasion moves are banned\n|rule|Endless Battle Clause: Forcing endless battles is banned\n|rule|HP Percentage Mod: HP is shown in percentages\n|clearpoke\n|poke|p1|Giratina-Origin|\n|poke|p1|Zacian-*|\n|poke|p1|Koraidon|\n|poke|p1|Gliscor, M|\n|poke|p1|Skeledirge, M|\n|poke|p1|Kyogre|\n|poke|p2|Arceus-Fairy|\n|poke|p2|Skeledirge, M|\n|poke|p2|Zacian-*|\n|poke|p2|Koraidon|\n|poke|p2|Ting-Lu|\n|poke|p2|Eternatus|\n|teampreview\n|inactive|Battle timer is ON: inactive players will automatically lose when time's up. (requested by Pressure is Cool)\n|\n|t:|1700242634\n|start\n|switch|p1a: Gliscor|Gliscor, M|100\/100\n|switch|p2a: Eternatus|Eternatus|100\/100\n|-ability|p2a: Eternatus|Pressure\n|turn|1\n|\n|t:|1700242639\n|move|p2a: Eternatus|Toxic Spikes|p1a: Gliscor\n|-sidestart|p1: Pressure is Cool|move: Toxic Spikes\n|move|p1a: Gliscor|Earthquake|p2a: Eternatus\n|-supereffective|p2a: Eternatus\n|-crit|p2a: Eternatus\n|-damage|p2a: Eternatus|31\/100\n|\n|-status|p1a: Gliscor|tox|[from] item: Toxic Orb\n|upkeep\n|turn|2\n|\n|t:|1700242646\n|switch|p2a: Arceus|Arceus-Fairy|100\/100\n|move|p1a: Gliscor|Earthquake|p2a: Arceus\n|-damage|p2a: Arceus|77\/100\n|\n|upkeep\n|turn|3\n|\n|t:|1700242651\n|move|p2a: Arceus|Stealth Rock|p1a: Gliscor\n|-sidestart|p1: Pressure is Cool|move: Stealth Rock\n|move|p1a: Gliscor|Toxic|p2a: Arceus\n|-status|p2a: Arceus|tox\n|\n|-damage|p2a: Arceus|71\/100 tox|[from] psn\n|upkeep\n|turn|4\n|\n|t:|1700242658\n|switch|p2a: Ting-Lu|Ting-Lu|100\/100\n|-ability|p2a: Ting-Lu|Vessel of Ruin\n|move|p1a: Gliscor|Spikes|p2a: Ting-Lu\n|-sidestart|p2: panza mileurista|Spikes\n|\n|upkeep\n|turn|5\n|\n|t:|1700242661\n|move|p1a: Gliscor|Toxic|p2a: Ting-Lu\n|-status|p2a: Ting-Lu|tox\n|move|p2a: Ting-Lu|Taunt|p1a: Gliscor\n|-start|p1a: Gliscor|move: Taunt\n|\n|-damage|p2a: Ting-Lu|94\/100 tox|[from] psn\n|upkeep\n|turn|6\n|\n|t:|1700242664\n|switch|p1a: Giratina|Giratina-Origin|100\/100\n|-damage|p1a: Giratina|88\/100|[from] Stealth Rock\n|move|p2a: Ting-Lu|Spikes|p1a: Giratina\n|-sidestart|p1: Pressure is Cool|Spikes\n|\n|-heal|p2a: Ting-Lu|100\/100 tox|[from] item: Leftovers\n|-damage|p2a: Ting-Lu|88\/100 tox|[from] psn\n|upkeep\n|turn|7\n|\n|t:|1700242666\n|move|p1a: Giratina|Defog|p2a: Ting-Lu\n|-unboost|p2a: Ting-Lu|evasion|1\n|-sideend|p2: panza mileurista|Spikes|[from] move: Defog|[of] p1a: Giratina\n|-sideend|p1: Pressure is Cool|Spikes|[from] move: Defog|[of] p1a: Giratina\n|-sideend|p1: Pressure is Cool|Toxic Spikes|[from] move: Defog|[of] p1a: Giratina\n|-sideend|p1: Pressure is Cool|Stealth Rock|[from] move: Defog|[of] p1a: Giratina\n|move|p2a: Ting-Lu|Taunt|p1a: Giratina\n|-start|p1a: Giratina|move: Taunt\n|\n|-heal|p2a: Ting-Lu|94\/100 tox|[from] item: Leftovers\n|-damage|p2a: Ting-Lu|76\/100 tox|[from] psn\n|upkeep\n|turn|8\n|\n|t:|1700242673\n|switch|p1a: Koraidon|Koraidon|100\/100\n|-weather|SunnyDay|[from] ability: Orichalcum Pulse|[of] p1a: Koraidon\n|-activate|p1a: Koraidon|Orichalcum Pulse|[source]\n|move|p2a: Ting-Lu|Spikes|p1a: Koraidon\n|-sidestart|p1: Pressure is Cool|Spikes\n|\n|-weather|SunnyDay|[upkeep]\n|-heal|p2a: Ting-Lu|82\/100 tox|[from] item: Leftovers\n|-damage|p2a: Ting-Lu|57\/100 tox|[from] psn\n|upkeep\n|turn|9\n|\n|t:|1700242678\n|switch|p2a: Arceus|Arceus-Fairy|71\/100 tox\n|move|p1a: Koraidon|U-turn|p2a: Arceus\n|-resisted|p2a: Arceus\n|-damage|p2a: Arceus|60\/100 tox\n|\n|t:|1700242689\n|switch|p1a: Gliscor|Gliscor, M|100\/100 tox|[from] U-turn\n|\n|-weather|SunnyDay|[upkeep]\n|-damage|p2a: Arceus|54\/100 tox|[from] psn\n|upkeep\n|turn|10\n|\n|t:|1700242705\n|move|p2a: Arceus|Stealth Rock|p1a: Gliscor\n|-sidestart|p1: Pressure is Cool|move: Stealth Rock\n|move|p1a: Gliscor|Spikes|p2a: Arceus\n|-sidestart|p2: panza mileurista|Spikes\n|\n|-weather|SunnyDay|[upkeep]\n|-damage|p2a: Arceus|42\/100 tox|[from] psn\n|upkeep\n|turn|11\n|\n|t:|1700242707\n|move|p2a: Arceus|Judgment|p1a: Gliscor\n|-damage|p1a: Gliscor|42\/100 tox\n|move|p1a: Gliscor|Spikes|p2a: Arceus\n|-sidestart|p2: panza mileurista|Spikes\n|\n|-weather|SunnyDay|[upkeep]\n|-damage|p2a: Arceus|24\/100 tox|[from] psn\n|-heal|p1a: Gliscor|54\/100 tox|[from] ability: Poison Heal\n|upkeep\n|turn|12\n|\n|t:|1700242712\n|move|p1a: Gliscor|Protect|p1a: Gliscor\n|-singleturn|p1a: Gliscor|Protect\n|move|p2a: Arceus|Judgment|p1a: Gliscor\n|-activate|p1a: Gliscor|move: Protect\n|\n|-weather|none\n|-damage|p2a: Arceus|0 fnt|[from] psn\n|faint|p2a: Arceus\n|-heal|p1a: Gliscor|67\/100 tox|[from] ability: Poison Heal\n|upkeep\n|\n|t:|1700242714\n|switch|p2a: Skeledirge|Skeledirge, M|100\/100\n|turn|13\n|\n|t:|1700242718\n|move|p1a: Gliscor|Toxic|p2a: Skeledirge|[miss]\n|-miss|p1a: Gliscor|p2a: Skeledirge\n|move|p2a: Skeledirge|Hex|p1a: Gliscor\n|-damage|p1a: Gliscor|7\/100 tox\n|\n|-heal|p1a: Gliscor|20\/100 tox|[from] ability: Poison Heal\n|upkeep\n|turn|14\n|\n|t:|1700242725\n|move|p1a: Gliscor|Toxic|p2a: Skeledirge\n|-status|p2a: Skeledirge|tox\n|move|p2a: Skeledirge|Hex|p1a: Gliscor\n|-damage|p1a: Gliscor|0 fnt\n|faint|p1a: Gliscor\n|\n|-damage|p2a: Skeledirge|94\/100 tox|[from] psn\n|upkeep\n|\n|t:|1700242731\n|switch|p1a: Giratina|Giratina-Origin|88\/100\n|-damage|p1a: Giratina|76\/100|[from] Stealth Rock\n|turn|15\n|\n|t:|1700242734\n|move|p1a: Giratina|Defog|p2a: Skeledirge\n|-unboost|p2a: Skeledirge|evasion|1\n|-sideend|p2: panza mileurista|Spikes|[from] move: Defog|[of] p1a: Giratina\n|-sideend|p1: Pressure is Cool|Spikes|[from] move: Defog|[of] p1a: Giratina\n|-sideend|p1: Pressure is Cool|Stealth Rock|[from] move: Defog|[of] p1a: Giratina\n|move|p2a: Skeledirge|Will-O-Wisp|p1a: Giratina\n|-status|p1a: Giratina|brn\n|\n|-damage|p2a: Skeledirge|82\/100 tox|[from] psn\n|-damage|p1a: Giratina|70\/100 brn|[from] brn\n|upkeep\n|turn|16\n|\n|t:|1700242743\n|move|p1a: Giratina|Hex|p2a: Skeledirge\n|-supereffective|p2a: Skeledirge\n|-damage|p2a: Skeledirge|0 fnt\n|faint|p2a: Skeledirge\n|\n|-damage|p1a: Giratina|64\/100 brn|[from] brn\n|upkeep\n|\n|t:|1700242750\n|switch|p2a: Eternatus|Eternatus|31\/100\n|-ability|p2a: Eternatus|Pressure\n|turn|17\n|\n|t:|1700242757\n|switch|p1a: Zacian|Zacian-Crowned, shiny|100\/100\n|-ability|p1a: Zacian|Intrepid Sword|boost\n|-boost|p1a: Zacian|atk|1\n|-terastallize|p2a: Eternatus|Fairy\n|move|p2a: Eternatus|Recover|p2a: Eternatus\n|-heal|p2a: Eternatus|81\/100\n|\n|upkeep\n|turn|18\n|\n|t:|1700242768\n|switch|p2a: Ting-Lu|Ting-Lu|57\/100 tox\n|-ability|p2a: Ting-Lu|Vessel of Ruin\n|move|p1a: Zacian|Behemoth Blade|p2a: Ting-Lu\n|-damage|p2a: Ting-Lu|9\/100 tox\n|\n|-heal|p2a: Ting-Lu|15\/100 tox|[from] item: Leftovers\n|-damage|p2a: Ting-Lu|9\/100 tox|[from] psn\n|upkeep\n|turn|19\n|\n|t:|1700242774\n|move|p1a: Zacian|Behemoth Blade|p2a: Ting-Lu\n|-crit|p2a: Ting-Lu\n|-damage|p2a: Ting-Lu|0 fnt\n|faint|p2a: Ting-Lu\n|\n|upkeep\n|\n|t:|1700242776\n|switch|p2a: Zacian|Zacian-Crowned|100\/100\n|-ability|p2a: Zacian|Intrepid Sword|boost\n|-boost|p2a: Zacian|atk|1\n|turn|20\n|\n|t:|1700242780\n|switch|p1a: Skeledirge|Skeledirge, M|100\/100\n|move|p2a: Zacian|Behemoth Blade|p1a: Skeledirge\n|-resisted|p1a: Skeledirge\n|-damage|p1a: Skeledirge|85\/100\n|\n|upkeep\n|turn|21\n|\n|t:|1700242789\n|switch|p2a: Eternatus|Eternatus, tera:Fairy|81\/100\n|-ability|p2a: Eternatus|Pressure\n|switch|p1a: Kyogre|Kyogre|100\/100\n|-weather|RainDance|[from] ability: Drizzle|[of] p1a: Kyogre\n|\n|-weather|RainDance|[upkeep]\n|upkeep\n|turn|22\n|\n|t:|1700242794\n|move|p1a: Kyogre|Water Spout|p2a: Eternatus\n|-damage|p2a: Eternatus|9\/100\n|move|p2a: Eternatus|Toxic Spikes|p1a: Kyogre\n|-sidestart|p1: Pressure is Cool|move: Toxic Spikes\n|\n|-weather|RainDance|[upkeep]\n|upkeep\n|turn|23\n|\n|t:|1700242799\n|switch|p2a: Koraidon|Koraidon|100\/100\n|-weather|SunnyDay|[from] ability: Orichalcum Pulse|[of] p2a: Koraidon\n|-activate|p2a: Koraidon|Orichalcum Pulse|[source]\n|move|p1a: Kyogre|Water Spout|p2a: Koraidon\n|-resisted|p2a: Koraidon\n|-damage|p2a: Koraidon|87\/100\n|\n|-weather|SunnyDay|[upkeep]\n|upkeep\n|turn|24\n|\n|t:|1700242804\n|switch|p1a: Skeledirge|Skeledirge, M|85\/100\n|move|p2a: Koraidon|U-turn|p1a: Skeledirge\n|-resisted|p1a: Skeledirge\n|-damage|p1a: Skeledirge|80\/100\n|\n|t:|1700242806\n|switch|p2a: Eternatus|Eternatus, tera:Fairy|9\/100|[from] U-turn\n|-ability|p2a: Eternatus|Pressure\n|\n|-weather|SunnyDay|[upkeep]\n|upkeep\n|turn|25\n|\n|t:|1700242811\n|move|p2a: Eternatus|Recover|p2a: Eternatus\n|-heal|p2a: Eternatus|59\/100\n|move|p1a: Skeledirge|Torch Song|p2a: Eternatus\n|-damage|p2a: Eternatus|36\/100\n|-boost|p1a: Skeledirge|spa|1\n|\n|-weather|SunnyDay|[upkeep]\n|upkeep\n|turn|26\n|\n|t:|1700242814\n|move|p2a: Eternatus|Toxic|p1a: Skeledirge\n|-status|p1a: Skeledirge|tox\n|move|p1a: Skeledirge|Torch Song|p2a: Eternatus\n|-damage|p2a: Eternatus|0 fnt\n|-boost|p1a: Skeledirge|spa|1\n|faint|p2a: Eternatus\n|\n|-weather|SunnyDay|[upkeep]\n|-damage|p1a: Skeledirge|74\/100 tox|[from] psn\n|upkeep\n|\n|t:|1700242818\n|switch|p2a: Koraidon|Koraidon|87\/100\n|-activate|p2a: Koraidon|ability: Orichalcum Pulse\n|turn|27\n|\n|t:|1700242822\n|move|p2a: Koraidon|Flare Blitz|p1a: Skeledirge\n|-resisted|p1a: Skeledirge\n|-damage|p1a: Skeledirge|48\/100 tox\n|-damage|p2a: Koraidon|77\/100|[from] Recoil\n|move|p1a: Skeledirge|Will-O-Wisp|p2a: Koraidon\n|-status|p2a: Koraidon|brn\n|\n|-weather|none\n|-damage|p1a: Skeledirge|36\/100 tox|[from] psn\n|-damage|p2a: Koraidon|71\/100 brn|[from] brn\n|upkeep\n|turn|28\n|\n|t:|1700242829\n|move|p2a: Koraidon|U-turn|p1a: Skeledirge\n|-resisted|p1a: Skeledirge\n|-damage|p1a: Skeledirge|34\/100 tox\n|\n|t:|1700242831\n|switch|p2a: Zacian|Zacian-Crowned|100\/100|[from] U-turn\n|move|p1a: Skeledirge|Slack Off|p1a: Skeledirge\n|-heal|p1a: Skeledirge|84\/100 tox\n|\n|-damage|p1a: Skeledirge|66\/100 tox|[from] psn\n|upkeep\n|turn|29\n|\n|t:|1700242833\n|switch|p2a: Koraidon|Koraidon|71\/100 brn\n|-weather|SunnyDay|[from] ability: Orichalcum Pulse|[of] p2a: Koraidon\n|-activate|p2a: Koraidon|Orichalcum Pulse|[source]\n|move|p1a: Skeledirge|Torch Song|p2a: Koraidon\n|-resisted|p2a: Koraidon\n|-damage|p2a: Koraidon|39\/100 brn\n|-boost|p1a: Skeledirge|spa|1\n|\n|-weather|SunnyDay|[upkeep]\n|-damage|p1a: Skeledirge|42\/100 tox|[from] psn\n|-damage|p2a: Koraidon|32\/100 brn|[from] brn\n|upkeep\n|turn|30\n|\n|t:|1700242845\n|move|p2a: Koraidon|U-turn|p1a: Skeledirge\n|-resisted|p1a: Skeledirge\n|-damage|p1a: Skeledirge|39\/100 tox\n|\n|t:|1700242848\n|switch|p2a: Zacian|Zacian-Crowned|100\/100|[from] U-turn\n|move|p1a: Skeledirge|Slack Off|p1a: Skeledirge\n|-heal|p1a: Skeledirge|89\/100 tox\n|\n|-weather|SunnyDay|[upkeep]\n|-damage|p1a: Skeledirge|59\/100 tox|[from] psn\n|upkeep\n|turn|31\n|\n|t:|1700242856\n|switch|p1a: Giratina|Giratina-Origin|64\/100 brn\n|move|p2a: Zacian|Swords Dance|p2a: Zacian\n|-boost|p2a: Zacian|atk|2\n|\n|-weather|SunnyDay|[upkeep]\n|-damage|p1a: Giratina|57\/100 brn|[from] brn\n|upkeep\n|turn|32\n|\n|t:|1700242861\n|move|p2a: Zacian|Behemoth Blade|p1a: Giratina\n|-damage|p1a: Giratina|0 fnt\n|faint|p1a: Giratina\n|\n|-weather|SunnyDay|[upkeep]\n|upkeep\n|\n|t:|1700242864\n|switch|p1a: Skeledirge|Skeledirge, M|59\/100 tox\n|turn|33\n|\n|t:|1700242869\n|move|p2a: Zacian|Behemoth Blade|p1a: Skeledirge\n|-resisted|p1a: Skeledirge\n|-damage|p1a: Skeledirge|44\/100 tox\n|move|p1a: Skeledirge|Will-O-Wisp|p2a: Zacian|[miss]\n|-miss|p1a: Skeledirge|p2a: Zacian\n|\n|-weather|none\n|-damage|p1a: Skeledirge|38\/100 tox|[from] psn\n|upkeep\n|turn|34\n|\n|t:|1700242877\n|move|p2a: Zacian|Behemoth Blade|p1a: Skeledirge\n|-resisted|p1a: Skeledirge\n|-damage|p1a: Skeledirge|23\/100 tox\n|move|p1a: Skeledirge|Slack Off|p1a: Skeledirge\n|-heal|p1a: Skeledirge|73\/100 tox\n|\n|-damage|p1a: Skeledirge|61\/100 tox|[from] psn\n|upkeep\n|turn|35\n|\n|t:|1700242881\n|move|p2a: Zacian|Behemoth Blade|p1a: Skeledirge\n|-resisted|p1a: Skeledirge\n|-damage|p1a: Skeledirge|46\/100 tox\n|move|p1a: Skeledirge|Will-O-Wisp|p2a: Zacian\n|-status|p2a: Zacian|brn\n|\n|-damage|p1a: Skeledirge|28\/100 tox|[from] psn\n|-damage|p2a: Zacian|94\/100 brn|[from] brn\n|upkeep\n|turn|36\n|\n|t:|1700242886\n|move|p2a: Zacian|Swords Dance|p2a: Zacian\n|-boost|p2a: Zacian|atk|2\n|move|p1a: Skeledirge|Hex|p2a: Zacian\n|-damage|p2a: Zacian|58\/100 brn\n|\n|-damage|p1a: Skeledirge|4\/100 tox|[from] psn\n|-damage|p2a: Zacian|52\/100 brn|[from] brn\n|upkeep\n|turn|37\n|\n|t:|1700242890\n|move|p2a: Zacian|Behemoth Blade|p1a: Skeledirge\n|-resisted|p1a: Skeledirge\n|-damage|p1a: Skeledirge|0 fnt\n|faint|p1a: Skeledirge\n|\n|-damage|p2a: Zacian|45\/100 brn|[from] brn\n|upkeep\n|\n|t:|1700242892\n|switch|p1a: Kyogre|Kyogre|100\/100\n|-status|p1a: Kyogre|psn\n|-weather|RainDance|[from] ability: Drizzle|[of] p1a: Kyogre\n|turn|38\n|\n|t:|1700242899\n|switch|p2a: Koraidon|Koraidon|32\/100 brn\n|-weather|SunnyDay|[from] ability: Orichalcum Pulse|[of] p2a: Koraidon\n|-activate|p2a: Koraidon|Orichalcum Pulse|[source]\n|move|p1a: Kyogre|Water Spout|p2a: Koraidon\n|-resisted|p2a: Koraidon\n|-damage|p2a: Koraidon|19\/100 brn\n|\n|-weather|SunnyDay|[upkeep]\n|-damage|p1a: Kyogre|88\/100 psn|[from] psn\n|-damage|p2a: Koraidon|13\/100 brn|[from] brn\n|upkeep\n|turn|39\n|\n|t:|1700242902\n|move|p1a: Kyogre|Water Spout|p2a: Koraidon\n|-resisted|p2a: Koraidon\n|-damage|p2a: Koraidon|1\/100 brn\n|move|p2a: Koraidon|U-turn|p1a: Kyogre\n|-damage|p1a: Kyogre|69\/100 psn\n|\n|t:|1700242905\n|switch|p2a: Zacian|Zacian-Crowned|45\/100 brn|[from] U-turn\n|\n|-weather|SunnyDay|[upkeep]\n|-damage|p1a: Kyogre|57\/100 psn|[from] psn\n|-damage|p2a: Zacian|39\/100 brn|[from] brn\n|upkeep\n|turn|40\n|\n|t:|1700242907\n|-terastallize|p1a: Kyogre|Water\n|move|p1a: Kyogre|Water Spout|p2a: Zacian\n|-damage|p2a: Zacian|14\/100 brn\n|move|p2a: Zacian|Swords Dance|p2a: Zacian\n|-boost|p2a: Zacian|atk|2\n|\n|-weather|SunnyDay|[upkeep]\n|-damage|p1a: Kyogre|45\/100 psn|[from] psn\n|-damage|p2a: Zacian|8\/100 brn|[from] brn\n|upkeep\n|turn|41\n|-message|panza mileurista forfeited.\n|\n|win|Pressure is Cool\n|raw|Pressure is Cool's rating: 1293 &rarr; <strong>1335<\/strong><br \/>(+42 for winning)\n|raw|panza mileurista's rating: 1594 &rarr; <strong>1560<\/strong><br \/>(-34 for losing)\n","uploadtime":1700242943,"views":26,"p1id":"pressureiscool","p2id":"panzamileurista","formatid":"gen9ubers","rating":1335,"private":0,"password":""}