{"id":"gen9ubers-1977789498","p1":"NWA Anemos","p2":"ProudNewb","format":"[Gen 9] Ubers","log":"|j|\u2606NWA Anemos\n|j|\u2606ProudNewb\n|t:|1698449828\n|gametype|singles\n|player|p1|NWA Anemos|waitress-gen4|\n|player|p2|ProudNewb|102|\n|teamsize|p1|6\n|teamsize|p2|6\n|gen|9\n|tier|[Gen 9] Ubers\n|rule|Sleep Clause Mod: Limit one foe put to sleep\n|rule|Species Clause: Limit one of each Pok\u00e9mon\n|rule|OHKO Clause: OHKO moves are banned\n|rule|Evasion Items Clause: Evasion items are banned\n|rule|Evasion Moves Clause: Evasion moves are banned\n|rule|Endless Battle Clause: Forcing endless battles is banned\n|rule|HP Percentage Mod: HP is shown in percentages\n|clearpoke\n|poke|p1|Greninja-*, M|\n|poke|p1|Goodra-Hisui, F|\n|poke|p1|Donphan, M|\n|poke|p1|Vivillon, F|\n|poke|p1|Decidueye-Hisui, F|\n|poke|p1|Jirachi|\n|poke|p2|Palafin, F|\n|poke|p2|Mimikyu, F|\n|poke|p2|Qwilfish-Hisui, M|\n|poke|p2|Heatran, M|\n|poke|p2|Ogerpon, F|\n|poke|p2|Electrode-Hisui|\n|teampreview\n|c|\u2606ProudNewb|glhf\n|c|\u2606NWA Anemos|glhf\n|\n|t:|1698450349\n|start\n|switch|p1a: Donphan|Donphan, M|100\/100\n|switch|p2a: Mark's Right Nut|Qwilfish-Hisui, M|100\/100\n|-ability|p2a: Mark's Right Nut|Intimidate|boost\n|-unboost|p1a: Donphan|atk|1\n|turn|1\n|\n|t:|1698450360\n|switch|p2a: Ogerpon|Ogerpon, F|100\/100\n|move|p1a: Donphan|Stealth Rock|p2a: Ogerpon\n|-sidestart|p2: ProudNewb|move: Stealth Rock\n|\n|upkeep\n|turn|2\n|\n|t:|1698450427\n|switch|p1a: Goodra|Goodra-Hisui, F|100\/100\n|move|p2a: Ogerpon|Knock Off|p1a: Goodra\n|-damage|p1a: Goodra|74\/100\n|-enditem|p1a: Goodra|Leftovers|[from] move: Knock Off|[of] p2a: Ogerpon\n|\n|upkeep\n|turn|3\n|\n|t:|1698450447\n|switch|p2a: Mark's Right Nut|Qwilfish-Hisui, M|100\/100\n|-damage|p2a: Mark's Right Nut|88\/100|[from] Stealth Rock\n|-ability|p2a: Mark's Right Nut|Intimidate|boost\n|-unboost|p1a: Goodra|atk|1\n|move|p1a: Goodra|Dragon Tail|p2a: Mark's Right Nut\n|-damage|p2a: Mark's Right Nut|81\/100\n|drag|p2a: Heatran|Heatran, M|100\/100\n|-damage|p2a: Heatran|88\/100|[from] Stealth Rock\n|\n|-heal|p2a: Heatran|94\/100|[from] item: Leftovers\n|upkeep\n|turn|4\n|\n|t:|1698450476\n|move|p2a: Heatran|Stealth Rock|p1a: Goodra\n|-sidestart|p1: NWA Anemos|move: Stealth Rock\n|move|p1a: Goodra|Dragon Tail|p2a: Heatran\n|-resisted|p2a: Heatran\n|-damage|p2a: Heatran|89\/100\n|drag|p2a: Mark's Right Nut|Qwilfish-Hisui, M|81\/100\n|-damage|p2a: Mark's Right Nut|69\/100|[from] Stealth Rock\n|-ability|p2a: Mark's Right Nut|Intimidate|boost\n|-unboost|p1a: Goodra|atk|1\n|\n|upkeep\n|turn|5\n|\n|t:|1698450513\n|move|p2a: Mark's Right Nut|Spikes|p1a: Goodra\n|-sidestart|p1: NWA Anemos|Spikes\n|move|p1a: Goodra|Flash Cannon|p2a: Mark's Right Nut\n|-damage|p2a: Mark's Right Nut|34\/100\n|\n|upkeep\n|turn|6\n|\n|t:|1698450525\n|switch|p2a: Heatran|Heatran, M|89\/100\n|-damage|p2a: Heatran|76\/100|[from] Stealth Rock\n|move|p1a: Goodra|Flash Cannon|p2a: Heatran\n|-resisted|p2a: Heatran\n|-damage|p2a: Heatran|70\/100\n|\n|-heal|p2a: Heatran|77\/100|[from] item: Leftovers\n|upkeep\n|turn|7\n|\n|t:|1698450538\n|move|p2a: Heatran|Magma Storm|p1a: Goodra\n|-damage|p1a: Goodra|51\/100\n|-activate|p1a: Goodra|move: Magma Storm|[of] p2a: Heatran\n|move|p1a: Goodra|Dragon Tail|p2a: Heatran|[miss]\n|-miss|p1a: Goodra|p2a: Heatran\n|\n|-heal|p2a: Heatran|83\/100|[from] item: Leftovers\n|-damage|p1a: Goodra|39\/100|[from] move: Magma Storm|[partiallytrapped]\n|upkeep\n|turn|8\n|\n|t:|1698450560\n|move|p2a: Heatran|Earth Power|p1a: Goodra\n|-supereffective|p1a: Goodra\n|-damage|p1a: Goodra|9\/100\n|move|p1a: Goodra|Draco Meteor|p2a: Heatran\n|-resisted|p2a: Heatran\n|-damage|p2a: Heatran|66\/100\n|-unboost|p1a: Goodra|spa|2\n|\n|-heal|p2a: Heatran|72\/100|[from] item: Leftovers\n|-damage|p1a: Goodra|0 fnt|[from] move: Magma Storm|[partiallytrapped]\n|faint|p1a: Goodra\n|upkeep\n|\n|t:|1698450594\n|switch|p1a: Donphan|Donphan, M|100\/100\n|-damage|p1a: Donphan|94\/100|[from] Stealth Rock\n|-damage|p1a: Donphan|82\/100|[from] Spikes\n|turn|9\n|\n|t:|1698450607\n|switch|p2a: Chapanya|Palafin, F|100\/100\n|-damage|p2a: Chapanya|88\/100|[from] Stealth Rock\n|move|p1a: Donphan|Earthquake|p2a: Chapanya\n|-damage|p2a: Chapanya|32\/100\n|\n|-heal|p1a: Donphan|88\/100|[from] item: Leftovers\n|upkeep\n|turn|10\n|\n|t:|1698450647\n|move|p2a: Chapanya|Flip Turn|p1a: Donphan\n|-supereffective|p1a: Donphan\n|-damage|p1a: Donphan|32\/100\n|\n|t:|1698450707\n|detailschange|p2a: Chapanya|Palafin-Hero, F\n|switch|p2a: Michelle|Mimikyu, F|100\/100|[from] Flip Turn\n|-damage|p2a: Michelle|88\/100|[from] Stealth Rock\n|move|p1a: Donphan|Knock Off|p2a: Michelle\n|-activate|p2a: Michelle|ability: Disguise\n|-damage|p2a: Michelle|88\/100\n|-enditem|p2a: Michelle|Life Orb|[from] move: Knock Off|[of] p1a: Donphan\n|detailschange|p2a: Michelle|Mimikyu-Busted, F\n|-damage|p2a: Michelle|76\/100|[from] pokemon: Mimikyu-Busted\n|\n|-heal|p1a: Donphan|38\/100|[from] item: Leftovers\n|upkeep\n|turn|11\n|\n|t:|1698450777\n|move|p2a: Michelle|Play Rough|p1a: Donphan|[miss]\n|-miss|p2a: Michelle|p1a: Donphan\n|move|p1a: Donphan|Rapid Spin|p2a: Michelle\n|-immune|p2a: Michelle\n|\n|-heal|p1a: Donphan|44\/100|[from] item: Leftovers\n|upkeep\n|turn|12\n|\n|t:|1698450804\n|move|p2a: Michelle|Swords Dance|p2a: Michelle\n|-boost|p2a: Michelle|atk|2\n|move|p1a: Donphan|Earthquake|p2a: Michelle\n|-damage|p2a: Michelle|2\/100\n|\n|-heal|p1a: Donphan|50\/100|[from] item: Leftovers\n|upkeep\n|turn|13\n|\n|t:|1698450821\n|move|p2a: Michelle|Shadow Claw|p1a: Donphan\n|-crit|p1a: Donphan\n|-damage|p1a: Donphan|0 fnt\n|faint|p1a: Donphan\n|\n|upkeep\n|\n|t:|1698450846\n|switch|p1a: Jirachi|Jirachi|100\/100\n|-damage|p1a: Jirachi|94\/100|[from] Stealth Rock\n|-damage|p1a: Jirachi|82\/100|[from] Spikes\n|turn|14\n|\n|t:|1698450855\n|move|p2a: Michelle|Shadow Sneak|p1a: Jirachi\n|-supereffective|p1a: Jirachi\n|-damage|p1a: Jirachi|13\/100\n|move|p1a: Jirachi|U-turn|p2a: Michelle\n|-resisted|p2a: Michelle\n|-damage|p2a: Michelle|0 fnt\n|faint|p2a: Michelle\n|\n|t:|1698450885\n|switch|p1a: Greninja|Greninja, M|100\/100|[from] U-turn\n|-damage|p1a: Greninja|88\/100|[from] Stealth Rock\n|-damage|p1a: Greninja|76\/100|[from] Spikes\n|\n|upkeep\n|\n|t:|1698450916\n|switch|p2a: Mark's Left Nut|Electrode-Hisui, shiny|100\/100\n|-damage|p2a: Mark's Left Nut|88\/100|[from] Stealth Rock\n|turn|15\n|\n|t:|1698450946\n|switch|p1a: Decidueye|Decidueye-Hisui, F|100\/100\n|-terastallize|p2a: Mark's Left Nut|Water\n|move|p2a: Mark's Left Nut|Thunderbolt|p1a: Decidueye\n|-resisted|p1a: Decidueye\n|-damage|p1a: Decidueye|88\/100\n|\n|-heal|p2a: Mark's Left Nut|94\/100|[from] item: Leftovers\n|upkeep\n|turn|16\n|\n|t:|1698450963\n|move|p2a: Mark's Left Nut|Protect|p2a: Mark's Left Nut\n|-singleturn|p2a: Mark's Left Nut|Protect\n|move|p1a: Decidueye|Leaf Blade|p2a: Mark's Left Nut\n|-activate|p2a: Mark's Left Nut|move: Protect\n|\n|-heal|p2a: Mark's Left Nut|100\/100|[from] item: Leftovers\n|upkeep\n|turn|17\n|\n|t:|1698450975\n|move|p2a: Mark's Left Nut|Substitute|p2a: Mark's Left Nut\n|-start|p2a: Mark's Left Nut|Substitute\n|-damage|p2a: Mark's Left Nut|75\/100\n|move|p1a: Decidueye|Leaf Blade|p2a: Mark's Left Nut\n|-supereffective|p2a: Mark's Left Nut\n|-end|p2a: Mark's Left Nut|Substitute\n|\n|-heal|p2a: Mark's Left Nut|82\/100|[from] item: Leftovers\n|upkeep\n|turn|18\n|\n|t:|1698450990\n|move|p2a: Mark's Left Nut|Protect|p2a: Mark's Left Nut\n|-singleturn|p2a: Mark's Left Nut|Protect\n|move|p1a: Decidueye|Knock Off|p2a: Mark's Left Nut\n|-activate|p2a: Mark's Left Nut|move: Protect\n|\n|-heal|p2a: Mark's Left Nut|88\/100|[from] item: Leftovers\n|upkeep\n|turn|19\n|\n|t:|1698451066\n|switch|p2a: Mark's Right Nut|Qwilfish-Hisui, M|34\/100\n|-damage|p2a: Mark's Right Nut|22\/100|[from] Stealth Rock\n|-ability|p2a: Mark's Right Nut|Intimidate|boost\n|-fail|p1a: Decidueye|unboost|Attack|[from] ability: Scrappy|[of] p1a: Decidueye\n|move|p1a: Decidueye|Leaf Blade|p2a: Mark's Right Nut\n|-resisted|p2a: Mark's Right Nut\n|-damage|p2a: Mark's Right Nut|10\/100\n|\n|upkeep\n|turn|20\n|\n|t:|1698451088\n|move|p2a: Mark's Right Nut|Gunk Shot|p1a: Decidueye\n|-supereffective|p1a: Decidueye\n|-damage|p1a: Decidueye|0 fnt\n|faint|p1a: Decidueye\n|\n|upkeep\n|\n|t:|1698451103\n|switch|p1a: Jirachi|Jirachi|13\/100\n|-damage|p1a: Jirachi|7\/100|[from] Stealth Rock\n|-damage|p1a: Jirachi|0 fnt|[from] Spikes\n|faint|p1a: Jirachi\n|\n|t:|1698451161\n|switch|p1a: Vivillon|Vivillon, F|100\/100\n|turn|21\n|\n|t:|1698451195\n|-terastallize|p1a: Vivillon|Rock\n|move|p1a: Vivillon|Substitute|p1a: Vivillon\n|-start|p1a: Vivillon|Substitute\n|-damage|p1a: Vivillon|76\/100\n|move|p2a: Mark's Right Nut|Gunk Shot|p1a: Vivillon\n|-resisted|p1a: Vivillon\n|-end|p1a: Vivillon|Substitute\n|\n|upkeep\n|turn|22\n|\n|t:|1698451231\n|move|p1a: Vivillon|Sleep Powder|p2a: Mark's Right Nut\n|-status|p2a: Mark's Right Nut|slp|[from] move: Sleep Powder\n|cant|p2a: Mark's Right Nut|slp\n|\n|upkeep\n|turn|23\n|\n|t:|1698451238\n|switch|p2a: Heatran|Heatran, M|72\/100\n|-damage|p2a: Heatran|59\/100|[from] Stealth Rock\n|move|p1a: Vivillon|Quiver Dance|p1a: Vivillon\n|-boost|p1a: Vivillon|spa|1\n|-boost|p1a: Vivillon|spd|1\n|-boost|p1a: Vivillon|spe|1\n|\n|-heal|p2a: Heatran|66\/100|[from] item: Leftovers\n|upkeep\n|turn|24\n|\n|t:|1698451277\n|switch|p1a: Greninja|Greninja, M|76\/100\n|-damage|p1a: Greninja|64\/100|[from] Stealth Rock\n|-damage|p1a: Greninja|51\/100|[from] Spikes\n|move|p2a: Heatran|Taunt|p1a: Greninja\n|-start|p1a: Greninja|move: Taunt\n|\n|-heal|p2a: Heatran|72\/100|[from] item: Leftovers\n|upkeep\n|turn|25\n|\n|t:|1698451318\n|switch|p2a: Mark's Right Nut|Qwilfish-Hisui, M|10\/100 slp\n|-damage|p2a: Mark's Right Nut|0 fnt|[from] Stealth Rock\n|faint|p2a: Mark's Right Nut\n|move|p1a: Greninja|Dark Pulse|p2: Mark's Right Nut|[notarget]\n|-fail|p1a: Greninja\n|\n|upkeep\n|\n|t:|1698451328\n|switch|p2a: Ogerpon|Ogerpon, F|100\/100\n|-damage|p2a: Ogerpon|88\/100|[from] Stealth Rock\n|turn|26\n|\n|t:|1698451353\n|move|p2a: Ogerpon|Ivy Cudgel|p1a: Greninja\n|-supereffective|p1a: Greninja\n|-damage|p1a: Greninja|0 fnt\n|faint|p1a: Greninja\n|\n|upkeep\n|\n|t:|1698451357\n|switch|p1a: Vivillon|Vivillon, F, tera:Rock|76\/100\n|turn|27\n|\n|t:|1698451384\n|move|p2a: Ogerpon|Ivy Cudgel|p1a: Vivillon\n|-supereffective|p1a: Vivillon\n|-damage|p1a: Vivillon|0 fnt\n|faint|p1a: Vivillon\n|\n|win|ProudNewb\n","uploadtime":1698451398,"views":12,"p1id":"nwaanemos","p2id":"proudnewb","formatid":"gen9ubers","rating":0,"private":0,"password":""}