{"id":"gen9ubers-1969141437","p1":"VikrThe","p2":"IrishPenguin","format":"[Gen 9] Ubers","log":"|j|\u2606VikrThe\n|j|\u2606IrishPenguin\n|t:|1697493767\n|gametype|singles\n|player|p1|VikrThe|266|\n|player|p2|IrishPenguin|ash|\n|teamsize|p1|6\n|teamsize|p2|6\n|gen|9\n|tier|[Gen 9] Ubers\n|rule|Sleep Clause Mod: Limit one foe put to sleep\n|rule|Species Clause: Limit one of each Pok\u00e9mon\n|rule|OHKO Clause: OHKO moves are banned\n|rule|Evasion Items Clause: Evasion items are banned\n|rule|Evasion Moves Clause: Evasion moves are banned\n|rule|Endless Battle Clause: Forcing endless battles is banned\n|rule|HP Percentage Mod: HP is shown in percentages\n|clearpoke\n|poke|p1|Sneasler, M|\n|poke|p1|Urshifu-*, F|\n|poke|p1|Cyclizar, F|\n|poke|p1|Arceus-Grass|\n|poke|p1|Landorus, M|\n|poke|p1|Espathra, F|\n|poke|p2|Ogerpon-Wellspring, F|\n|poke|p2|Magearna|\n|poke|p2|Zacian-*|\n|poke|p2|Dialga|\n|poke|p2|Shaymin-Sky|\n|poke|p2|Gholdengo|\n|teampreview\n|inactive|Battle timer is ON: inactive players will automatically lose when time's up. (requested by IrishPenguin)\n|c|\u2606IrishPenguin|Glhf\n|c|\u2606VikrThe|U2\n|\n|t:|1697493791\n|start\n|switch|p1a: Sneasler|Sneasler, M|100\/100\n|switch|p2a: Shaymin|Shaymin-Sky, shiny|100\/100\n|turn|1\n|\n|t:|1697493799\n|move|p1a: Sneasler|Endure|p1a: Sneasler\n|-singleturn|p1a: Sneasler|move: Endure\n|move|p2a: Shaymin|Substitute|p2a: Shaymin\n|-start|p2a: Shaymin|Substitute\n|-damage|p2a: Shaymin|76\/100\n|\n|upkeep\n|turn|2\n|\n|t:|1697493807\n|switch|p1a: Arceus|Arceus-Grass|100\/100\n|move|p2a: Shaymin|Leech Seed|p1a: Arceus\n|-immune|p1a: Arceus\n|\n|upkeep\n|turn|3\n|\n|t:|1697493815\n|move|p2a: Shaymin|Air Slash|p1a: Arceus\n|-supereffective|p1a: Arceus\n|-damage|p1a: Arceus|53\/100\n|move|p1a: Arceus|Calm Mind|p1a: Arceus\n|-boost|p1a: Arceus|spa|1\n|-boost|p1a: Arceus|spd|1\n|\n|upkeep\n|turn|4\n|\n|t:|1697493821\n|move|p2a: Shaymin|Air Slash|p1a: Arceus\n|-supereffective|p1a: Arceus\n|-damage|p1a: Arceus|21\/100\n|move|p1a: Arceus|Giga Drain|p2a: Shaymin\n|-resisted|p2a: Shaymin\n|-activate|p2a: Shaymin|move: Substitute|[damage]\n|-heal|p1a: Arceus|28\/100|[from] drain|[of] p2a: Shaymin\n|\n|upkeep\n|turn|5\n|\n|t:|1697493830\n|move|p2a: Shaymin|Air Slash|p1a: Arceus\n|-supereffective|p1a: Arceus\n|-damage|p1a: Arceus|0 fnt\n|faint|p1a: Arceus\n|\n|upkeep\n|\n|t:|1697493845\n|switch|p1a: Cyclizar|Cyclizar, F|100\/100\n|turn|6\n|\n|t:|1697493851\n|move|p2a: Shaymin|Air Slash|p1a: Cyclizar\n|-damage|p1a: Cyclizar|45\/100\n|cant|p1a: Cyclizar|flinch\n|\n|upkeep\n|turn|7\n|\n|t:|1697493856\n|move|p2a: Shaymin|Air Slash|p1a: Cyclizar\n|-damage|p1a: Cyclizar|0 fnt\n|faint|p1a: Cyclizar\n|\n|upkeep\n|\n|t:|1697493860\n|switch|p1a: Landorus|Landorus, M|100\/100\n|turn|8\n|\n|t:|1697493865\n|move|p1a: Landorus|Sludge Bomb|p2a: Shaymin\n|-supereffective|p2a: Shaymin\n|-end|p2a: Shaymin|Substitute\n|move|p2a: Shaymin|Seed Flare|p1a: Landorus\n|-damage|p1a: Landorus|21\/100\n|-unboost|p1a: Landorus|spd|2\n|\n|upkeep\n|turn|9\n|\n|t:|1697493874\n|switch|p2a: Gholdengo|Gholdengo|100\/100\n|-item|p2a: Gholdengo|Air Balloon\n|move|p1a: Landorus|Sludge Bomb|p2a: Gholdengo\n|-immune|p2a: Gholdengo\n|\n|upkeep\n|turn|10\n|\n|t:|1697493878\n|switch|p1a: Urshifu|Urshifu, F|100\/100\n|move|p2a: Gholdengo|Make It Rain|p1a: Urshifu\n|-damage|p1a: Urshifu|24\/100\n|-unboost|p2a: Gholdengo|spa|1\n|\n|upkeep\n|turn|11\n|\n|t:|1697493888\n|switch|p2a: Magearna|Magearna|100\/100\n|move|p1a: Urshifu|Sucker Punch||[still]\n|-fail|p1a: Urshifu\n|\n|upkeep\n|turn|12\n|\n|t:|1697493899\n|move|p1a: Urshifu|Close Combat|p2a: Magearna\n|-damage|p2a: Magearna|50\/100\n|-unboost|p1a: Urshifu|def|1\n|-unboost|p1a: Urshifu|spd|1\n|move|p2a: Magearna|Flash Cannon|p1a: Urshifu\n|-damage|p1a: Urshifu|0 fnt\n|faint|p1a: Urshifu\n|-ability|p2a: Magearna|Soul-Heart|boost\n|-boost|p2a: Magearna|spa|1\n|\n|-heal|p2a: Magearna|56\/100|[from] item: Leftovers\n|upkeep\n|\n|t:|1697493924\n|switch|p1a: Landorus|Landorus, M|21\/100\n|turn|13\n|\n|t:|1697493930\n|switch|p2a: Gholdengo|Gholdengo|100\/100\n|-item|p2a: Gholdengo|Air Balloon\n|move|p1a: Landorus|Psychic|p2a: Gholdengo\n|-resisted|p2a: Gholdengo\n|-damage|p2a: Gholdengo|86\/100\n|-enditem|p2a: Gholdengo|Air Balloon\n|\n|upkeep\n|turn|14\n|\n|t:|1697493944\n|switch|p1a: Espathra|Espathra, F|100\/100\n|move|p2a: Gholdengo|Shadow Ball|p1a: Espathra\n|-supereffective|p1a: Espathra\n|-damage|p1a: Espathra|0 fnt\n|faint|p1a: Espathra\n|\n|upkeep\n|\n|t:|1697493954\n|switch|p1a: Landorus|Landorus, M|21\/100\n|turn|15\n|\n|t:|1697493959\n|switch|p1a: Sneasler|Sneasler, M|100\/100\n|move|p2a: Gholdengo|Make It Rain|p1a: Sneasler\n|-damage|p1a: Sneasler|24\/100\n|-unboost|p2a: Gholdengo|spa|1\n|-enditem|p1a: Sneasler|Liechi Berry|[eat]\n|-boost|p1a: Sneasler|atk|1|[from] item: Liechi Berry\n|\n|upkeep\n|turn|16\n|\n|t:|1697493971\n|move|p1a: Sneasler|Acrobatics|p2a: Gholdengo\n|-resisted|p2a: Gholdengo\n|-damage|p2a: Gholdengo|58\/100\n|move|p2a: Gholdengo|Make It Rain|p1a: Sneasler\n|-damage|p1a: Sneasler|0 fnt\n|-unboost|p2a: Gholdengo|spa|1\n|faint|p1a: Sneasler\n|\n|upkeep\n|\n|t:|1697493975\n|switch|p1a: Landorus|Landorus, M|21\/100\n|turn|17\n|\n|t:|1697493979\n|switch|p2a: Dialga|Dialga|100\/100\n|-ability|p2a: Dialga|Pressure\n|move|p1a: Landorus|Earth Power|p2a: Dialga\n|-supereffective|p2a: Dialga\n|-damage|p2a: Dialga|34\/100\n|\n|-heal|p2a: Dialga|40\/100|[from] item: Leftovers\n|upkeep\n|turn|18\n|\n|t:|1697493986\n|switch|p2a: Shaymin|Shaymin-Sky, shiny|76\/100\n|move|p1a: Landorus|Earth Power|p2a: Shaymin\n|-immune|p2a: Shaymin\n|\n|upkeep\n|turn|19\n|c|\u2606VikrThe|Gg\n|\n|t:|1697493992\n|move|p1a: Landorus|Earth Power|p2a: Shaymin\n|-immune|p2a: Shaymin\n|move|p2a: Shaymin|Air Slash|p1a: Landorus\n|-damage|p1a: Landorus|0 fnt\n|faint|p1a: Landorus\n|\n|win|IrishPenguin\n|c|\u2606IrishPenguin|Gg\n","uploadtime":1697494003,"views":8,"p1id":"vikrthe","p2id":"irishpenguin","formatid":"gen9ubers","rating":0,"private":0,"password":""}