{"id":"gen9ubers-1969593839","p1":"OceanicGamer3","p2":"XpokVEVO","format":"[Gen 9] Ubers","log":"|j|\u2606OceanicGamer3\n|j|\u2606XpokVEVO\n|t:|1697550316\n|gametype|singles\n|player|p1|OceanicGamer3|bugcatcher-gen4dp|\n|player|p2|XpokVEVO|rika|\n|teamsize|p1|6\n|teamsize|p2|6\n|gen|9\n|tier|[Gen 9] Ubers\n|rule|Sleep Clause Mod: Limit one foe put to sleep\n|rule|Species Clause: Limit one of each Pok\u00e9mon\n|rule|OHKO Clause: OHKO moves are banned\n|rule|Evasion Items Clause: Evasion items are banned\n|rule|Evasion Moves Clause: Evasion moves are banned\n|rule|Endless Battle Clause: Forcing endless battles is banned\n|rule|HP Percentage Mod: HP is shown in percentages\n|clearpoke\n|poke|p1|Hawlucha, F|\n|poke|p1|Politoed, M|\n|poke|p1|Barraskewda, M|\n|poke|p1|Basculegion-F, F|\n|poke|p1|Giratina|\n|poke|p1|Lucario, F|\n|poke|p2|Arceus-Fire|\n|poke|p2|Shaymin-Sky|\n|poke|p2|Cyclizar, M|\n|poke|p2|Espathra, F|\n|poke|p2|Magearna|\n|poke|p2|Rillaboom, F|\n|teampreview\n|\n|t:|1697550327\n|start\n|switch|p1a: Hawlucha|Hawlucha, F|100\/100\n|switch|p2a: Akira|Cyclizar, M|100\/100\n|-ability|p1a: Hawlucha|Mold Breaker\n|turn|1\n|inactive|Battle timer is ON: inactive players will automatically lose when time's up. (requested by OceanicGamer3)\n|c|\u2606XpokVEVO|I will win.\n|c|\u2606OceanicGamer3|Oh sht\n|\n|t:|1697550347\n|move|p2a: Akira|Taunt|p1a: Hawlucha\n|-start|p1a: Hawlucha|move: Taunt\n|cant|p1a: Hawlucha|move: Taunt|Taunt\n|\n|upkeep\n|turn|2\n|c|\u2606OceanicGamer3|Wring team\n|c|\u2606OceanicGamer3|WRONG TEAM\n|c|\u2606OceanicGamer3|Fck\n|\n|t:|1697550363\n|move|p2a: Akira|Shed Tail|p2a: Akira\n|-start|p2a: Akira|Substitute|[from] move: Shed Tail\n|-damage|p2a: Akira|50\/100\n|\n|t:|1697550370\n|switch|p2a: Oog|Rillaboom, F|100\/100|[from] Shed Tail\n|-fieldstart|move: Grassy Terrain|[from] ability: Grassy Surge|[of] p2a: Oog\n|move|p1a: Hawlucha|U-turn|p2a: Oog\n|-supereffective|p2a: Oog\n|-end|p2a: Oog|Substitute\n|\n|t:|1697550388\n|switch|p1a: Giratina|Giratina|100\/100|[from] U-turn\n|-ability|p1a: Giratina|Pressure\n|\n|upkeep\n|turn|3\n|inactive|XpokVEVO has 270 seconds left.\n|\n|t:|1697550418\n|move|p1a: Giratina|Calm Mind|p1a: Giratina\n|-boost|p1a: Giratina|spa|1\n|-boost|p1a: Giratina|spd|1\n|move|p2a: Oog|U-turn|p1a: Giratina\n|-resisted|p1a: Giratina\n|-damage|p1a: Giratina|93\/100\n|-damage|p2a: Oog|91\/100|[from] item: Life Orb\n|inactive|XpokVEVO has 270 seconds left.\n|\n|t:|1697550426\n|switch|p2a: Aunt Fanny|Magearna|100\/100|[from] U-turn\n|\n|-heal|p1a: Giratina|99\/100|[from] Grassy Terrain\n|-heal|p1a: Giratina|100\/100|[from] item: Leftovers\n|upkeep\n|turn|4\n|\n|t:|1697550432\n|switch|p1a: Politoed|Politoed, M|100\/100\n|-weather|RainDance|[from] ability: Drizzle|[of] p1a: Politoed\n|move|p2a: Aunt Fanny|Volt Switch|p1a: Politoed\n|-supereffective|p1a: Politoed\n|-damage|p1a: Politoed|33\/100\n|-damage|p2a: Aunt Fanny|91\/100|[from] item: Life Orb\n|\n|t:|1697550447\n|switch|p2a: Akira|Cyclizar, M|84\/100|[from] Volt Switch\n|\n|-weather|RainDance|[upkeep]\n|-heal|p2a: Akira|90\/100|[from] Grassy Terrain\n|-heal|p1a: Politoed|39\/100|[from] Grassy Terrain\n|upkeep\n|turn|5\n|c|\u2606OceanicGamer3|Well played\n|\n|t:|1697550452\n|move|p2a: Akira|Shed Tail|p2a: Akira\n|-start|p2a: Akira|Substitute|[from] move: Shed Tail\n|-damage|p2a: Akira|40\/100\n|\n|t:|1697550454\n|switch|p2a: Emu War|Espathra, F|100\/100|[from] Shed Tail\n|move|p1a: Politoed|Perish Song|p1a: Politoed\n|-start|p1a: Politoed|perish3|[silent]\n|-start|p2a: Emu War|perish3|[silent]\n|-fieldactivate|move: Perish Song\n|\n|-weather|RainDance|[upkeep]\n|-heal|p1a: Politoed|45\/100|[from] Grassy Terrain\n|-start|p2a: Emu War|perish3\n|-start|p1a: Politoed|perish3\n|upkeep\n|turn|6\n|\n|t:|1697550462\n|move|p2a: Emu War|Dazzling Gleam|p1a: Politoed\n|-damage|p1a: Politoed|24\/100\n|move|p1a: Politoed|Weather Ball|p2a: Emu War\n|-end|p2a: Emu War|Substitute\n|\n|-weather|RainDance|[upkeep]\n|-heal|p1a: Politoed|30\/100|[from] Grassy Terrain\n|-start|p2a: Emu War|perish2\n|-start|p1a: Politoed|perish2\n|-fieldend|move: Grassy Terrain\n|-ability|p2a: Emu War|Speed Boost|boost\n|-boost|p2a: Emu War|spe|1\n|upkeep\n|turn|7\n|\n|t:|1697550478\n|move|p2a: Emu War|Dazzling Gleam|p1a: Politoed\n|-damage|p1a: Politoed|7\/100\n|move|p1a: Politoed|Weather Ball|p2a: Emu War\n|-enditem|p2a: Emu War|Focus Sash\n|-damage|p2a: Emu War|1\/100\n|\n|-weather|RainDance|[upkeep]\n|-start|p2a: Emu War|perish1\n|-start|p1a: Politoed|perish1\n|-ability|p2a: Emu War|Speed Boost|boost\n|-boost|p2a: Emu War|spe|1\n|upkeep\n|turn|8\n|\n|t:|1697550488\n|switch|p2a: Oog|Rillaboom, F|91\/100\n|-fieldstart|move: Grassy Terrain|[from] ability: Grassy Surge|[of] p2a: Oog\n|switch|p1a: Giratina|Giratina|100\/100\n|-ability|p1a: Giratina|Pressure\n|\n|-weather|RainDance|[upkeep]\n|-heal|p2a: Oog|97\/100|[from] Grassy Terrain\n|upkeep\n|turn|9\n|\n|t:|1697550493\n|move|p1a: Giratina|Shadow Ball|p2a: Oog\n|-damage|p2a: Oog|69\/100\n|move|p2a: Oog|U-turn|p1a: Giratina\n|-resisted|p1a: Giratina\n|-damage|p1a: Giratina|94\/100\n|-damage|p2a: Oog|59\/100|[from] item: Life Orb\n|\n|t:|1697550500\n|switch|p2a: Aunt Fanny|Magearna|91\/100|[from] U-turn\n|\n|-weather|RainDance|[upkeep]\n|-heal|p1a: Giratina|99\/100|[from] Grassy Terrain\n|-heal|p1a: Giratina|100\/100|[from] item: Leftovers\n|-heal|p2a: Aunt Fanny|97\/100|[from] Grassy Terrain\n|upkeep\n|turn|10\n|\n|t:|1697550505\n|move|p1a: Giratina|Calm Mind|p1a: Giratina\n|-boost|p1a: Giratina|spa|1\n|-boost|p1a: Giratina|spd|1\n|move|p2a: Aunt Fanny|Shift Gear|p2a: Aunt Fanny\n|-boost|p2a: Aunt Fanny|spe|2\n|-boost|p2a: Aunt Fanny|atk|1\n|\n|-weather|RainDance|[upkeep]\n|-heal|p2a: Aunt Fanny|100\/100|[from] Grassy Terrain\n|upkeep\n|turn|11\n|\n|t:|1697550511\n|-terastallize|p1a: Giratina|Steel\n|move|p2a: Aunt Fanny|Fleur Cannon|p1a: Giratina\n|-resisted|p1a: Giratina\n|-damage|p1a: Giratina|81\/100\n|-unboost|p2a: Aunt Fanny|spa|2\n|-damage|p2a: Aunt Fanny|91\/100|[from] item: Life Orb\n|move|p1a: Giratina|Calm Mind|p1a: Giratina\n|-boost|p1a: Giratina|spa|1\n|-boost|p1a: Giratina|spd|1\n|\n|-weather|none\n|-heal|p2a: Aunt Fanny|97\/100|[from] Grassy Terrain\n|-heal|p1a: Giratina|87\/100|[from] Grassy Terrain\n|-heal|p1a: Giratina|93\/100|[from] item: Leftovers\n|upkeep\n|turn|12\n|\n|t:|1697550521\n|move|p2a: Aunt Fanny|Volt Switch|p1a: Giratina\n|-damage|p1a: Giratina|88\/100\n|-damage|p2a: Aunt Fanny|87\/100|[from] item: Life Orb\n|\n|t:|1697550532\n|switch|p2a: Arceus-Fight\u0131ng|Arceus-Fire, shiny|100\/100|[from] Volt Switch\n|move|p1a: Giratina|Shadow Ball|p2a: Arceus-Fight\u0131ng\n|-damage|p2a: Arceus-Fight\u0131ng|58\/100\n|\n|-heal|p2a: Arceus-Fight\u0131ng|64\/100|[from] Grassy Terrain\n|-heal|p1a: Giratina|94\/100|[from] Grassy Terrain\n|-heal|p1a: Giratina|100\/100|[from] item: Leftovers\n|-fieldend|move: Grassy Terrain\n|upkeep\n|turn|13\n|\n|t:|1697550540\n|switch|p1a: Politoed|Politoed, M|7\/100\n|-weather|RainDance|[from] ability: Drizzle|[of] p1a: Politoed\n|move|p2a: Arceus-Fight\u0131ng|Flare Blitz|p1a: Politoed\n|-resisted|p1a: Politoed\n|-damage|p1a: Politoed|0 fnt\n|faint|p1a: Politoed\n|-damage|p2a: Arceus-Fight\u0131ng|62\/100|[from] Recoil\n|\n|-weather|RainDance|[upkeep]\n|upkeep\n|\n|t:|1697550548\n|switch|p1a: Barraskewda|Barraskewda, M|100\/100\n|turn|14\n|\n|t:|1697550557\n|switch|p2a: Emu War|Espathra, F|1\/100\n|move|p1a: Barraskewda|Liquidation|p2a: Emu War\n|-damage|p2a: Emu War|0 fnt\n|faint|p2a: Emu War\n|\n|-weather|RainDance|[upkeep]\n|upkeep\n|\n|t:|1697550559\n|switch|p2a: Oog|Rillaboom, F|59\/100\n|-fieldstart|move: Grassy Terrain|[from] ability: Grassy Surge|[of] p2a: Oog\n|turn|15\n|\n|t:|1697550572\n|move|p2a: Oog|Grassy Glide|p1a: Barraskewda\n|-supereffective|p1a: Barraskewda\n|-damage|p1a: Barraskewda|0 fnt\n|faint|p1a: Barraskewda\n|-damage|p2a: Oog|49\/100|[from] item: Life Orb\n|\n|-weather|RainDance|[upkeep]\n|-heal|p2a: Oog|55\/100|[from] Grassy Terrain\n|upkeep\n|\n|t:|1697550578\n|switch|p1a: Giratina|Giratina, tera:Steel|100\/100\n|-ability|p1a: Giratina|Pressure\n|turn|16\n|\n|t:|1697550584\n|switch|p1a: Lucario|Lucario, F|100\/100\n|move|p2a: Oog|High Horsepower|p1a: Lucario\n|-supereffective|p1a: Lucario\n|-damage|p1a: Lucario|0 fnt\n|faint|p1a: Lucario\n|-damage|p2a: Oog|46\/100|[from] item: Life Orb\n|\n|-weather|RainDance|[upkeep]\n|-heal|p2a: Oog|52\/100|[from] Grassy Terrain\n|upkeep\n|\n|t:|1697550592\n|switch|p1a: Hawlucha|Hawlucha, F|100\/100\n|-ability|p1a: Hawlucha|Mold Breaker\n|turn|17\n|\n|t:|1697550603\n|switch|p2a: Aunt Fanny|Magearna|87\/100\n|move|p1a: Hawlucha|Close Combat|p2a: Aunt Fanny\n|-damage|p2a: Aunt Fanny|49\/100\n|-unboost|p1a: Hawlucha|def|1\n|-unboost|p1a: Hawlucha|spd|1\n|\n|-weather|RainDance|[upkeep]\n|-heal|p2a: Aunt Fanny|55\/100|[from] Grassy Terrain\n|upkeep\n|turn|18\n|\n|t:|1697550608\n|move|p1a: Hawlucha|Taunt|p2a: Aunt Fanny\n|-start|p2a: Aunt Fanny|move: Taunt\n|move|p2a: Aunt Fanny|Volt Switch|p1a: Hawlucha\n|-supereffective|p1a: Hawlucha\n|-enditem|p1a: Hawlucha|Focus Sash\n|-damage|p1a: Hawlucha|1\/100\n|-damage|p2a: Aunt Fanny|45\/100|[from] item: Life Orb\n|inactive|XpokVEVO has 270 seconds left.\n|\n|t:|1697550641\n|switch|p2a: Oog|Rillaboom, F|52\/100|[from] Volt Switch\n|\n|-weather|RainDance|[upkeep]\n|-heal|p2a: Oog|58\/100|[from] Grassy Terrain\n|upkeep\n|turn|19\n|\n|t:|1697550647\n|move|p2a: Oog|Grassy Glide|p1a: Hawlucha\n|-resisted|p1a: Hawlucha\n|-damage|p1a: Hawlucha|0 fnt\n|faint|p1a: Hawlucha\n|-damage|p2a: Oog|48\/100|[from] item: Life Orb\n|\n|-weather|RainDance|[upkeep]\n|-heal|p2a: Oog|54\/100|[from] Grassy Terrain\n|-fieldend|move: Grassy Terrain\n|upkeep\n|\n|t:|1697550651\n|switch|p1a: Giratina|Giratina, tera:Steel|100\/100\n|-ability|p1a: Giratina|Pressure\n|turn|20\n|\n|t:|1697550662\n|switch|p2a: Sonic|Shaymin-Sky, shiny|100\/100\n|move|p1a: Giratina|Dragon Pulse|p2a: Sonic\n|-damage|p2a: Sonic|61\/100\n|\n|-weather|none\n|upkeep\n|turn|21\n|\n|t:|1697550671\n|move|p2a: Sonic|Seed Flare|p1a: Giratina\n|-resisted|p1a: Giratina\n|-damage|p1a: Giratina|78\/100\n|-unboost|p1a: Giratina|spd|2\n|-damage|p2a: Sonic|51\/100|[from] item: Life Orb\n|move|p1a: Giratina|Dragon Pulse|p2a: Sonic\n|-damage|p2a: Sonic|10\/100\n|\n|-heal|p1a: Giratina|84\/100|[from] item: Leftovers\n|upkeep\n|turn|22\n|\n|t:|1697550695\n|move|p2a: Sonic|Earth Power|p1a: Giratina\n|-supereffective|p1a: Giratina\n|-damage|p1a: Giratina|0 fnt\n|faint|p1a: Giratina\n|-damage|p2a: Sonic|0 fnt|[from] item: Life Orb\n|faint|p2a: Sonic\n|\n|upkeep\n|c|\u2606OceanicGamer3|Gg\n|\n|t:|1697550710\n|switch|p2a: Oog|Rillaboom, F|54\/100\n|switch|p1a: Basculegion|Basculegion-F, F|100\/100\n|-fieldstart|move: Grassy Terrain|[from] ability: Grassy Surge|[of] p2a: Oog\n|turn|23\n|\n|t:|1697550725\n|move|p2a: Oog|Grassy Glide|p1a: Basculegion\n|-supereffective|p1a: Basculegion\n|-damage|p1a: Basculegion|0 fnt\n|faint|p1a: Basculegion\n|-damage|p2a: Oog|44\/100|[from] item: Life Orb\n|\n|win|XpokVEVO\n|l|\u2606OceanicGamer3\n|c|\u2606XpokVEVO|I told you\n","uploadtime":1697550738,"views":34,"p1id":"oceanicgamer3","p2id":"xpokvevo","formatid":"gen9ubers","rating":0,"private":0,"password":""}