{"id":"gen9ubers-1982005449","p1":"Jumilapipe RPPLF","p2":"Zenadark","format":"[Gen 9] Ubers","log":"|j|\u2606Jumilapipe RPPLF\n|j|\u2606Zenadark\n|t:|1698958925\n|gametype|singles\n|player|p1|Jumilapipe RPPLF|backers|\n|player|p2|Zenadark|#stt5noadkokoroyal|\n|teamsize|p1|6\n|teamsize|p2|6\n|gen|9\n|tier|[Gen 9] Ubers\n|rule|Sleep Clause Mod: Limit one foe put to sleep\n|rule|Species Clause: Limit one of each Pok\u00e9mon\n|rule|OHKO Clause: OHKO moves are banned\n|rule|Evasion Items Clause: Evasion items are banned\n|rule|Evasion Moves Clause: Evasion moves are banned\n|rule|Endless Battle Clause: Forcing endless battles is banned\n|rule|HP Percentage Mod: HP is shown in percentages\n|clearpoke\n|poke|p1|Sudowoodo, M|\n|poke|p1|Weavile, M|\n|poke|p1|Mabosstiff, F|\n|poke|p1|Dudunsparce-*, F|\n|poke|p1|Sandslash, F|\n|poke|p1|Snorlax, F|\n|poke|p2|Munkidori, M|\n|poke|p2|Jirachi|\n|poke|p2|Mandibuzz, F|\n|poke|p2|Gliscor, M|\n|poke|p2|Gallade, M|\n|poke|p2|Dragonite, M|\n|teampreview\n|c|\u2606Zenadark|hf :)\n|c|\u2606Jumilapipe RPPLF|hf !\n|\n|t:|1698958962\n|start\n|switch|p1a: Weavile|Weavile, M|100\/100\n|switch|p2a: Munkidori|Munkidori, M|100\/100\n|-ability|p1a: Weavile|Pressure\n|turn|1\n|\n|t:|1698958977\n|switch|p1a: Dudunsparce|Dudunsparce, F|100\/100\n|switch|p2a: Mandibuzz|Mandibuzz, F|100\/100\n|\n|upkeep\n|turn|2\n|\n|t:|1698958989\n|switch|p1a: Sudowoodo|Sudowoodo, M|100\/100\n|move|p2a: Mandibuzz|U-turn|p1a: Sudowoodo\n|-damage|p1a: Sudowoodo|89\/100\n|\n|t:|1698958998\n|switch|p2a: Munkidori|Munkidori, M|100\/100|[from] U-turn\n|\n|upkeep\n|turn|3\n|\n|t:|1698959002\n|move|p1a: Sudowoodo|Sucker Punch|p2a: Munkidori\n|-supereffective|p2a: Munkidori\n|-damage|p2a: Munkidori|43\/100\n|move|p2a: Munkidori|Shadow Ball|p1a: Sudowoodo\n|-damage|p1a: Sudowoodo|21\/100\n|-status|p1a: Sudowoodo|tox|[from] ability: Toxic Chain|[of] p2a: Munkidori\n|\n|-damage|p1a: Sudowoodo|15\/100 tox|[from] psn\n|upkeep\n|turn|4\n|\n|t:|1698959011\n|switch|p2a: Gliscor|Gliscor, M, shiny|100\/100\n|move|p1a: Sudowoodo|Head Smash|p2a: Gliscor|[miss]\n|-miss|p1a: Sudowoodo|p2a: Gliscor\n|\n|-damage|p1a: Sudowoodo|3\/100 tox|[from] psn\n|-status|p2a: Gliscor|tox|[from] item: Toxic Orb\n|upkeep\n|turn|5\n|\n|t:|1698959034\n|move|p2a: Gliscor|Stealth Rock|p1a: Sudowoodo\n|-sidestart|p1: Jumilapipe RPPLF|move: Stealth Rock\n|move|p1a: Sudowoodo|Head Smash|p2a: Gliscor|[miss]\n|-miss|p1a: Sudowoodo|p2a: Gliscor\n|\n|-damage|p1a: Sudowoodo|0 fnt|[from] psn\n|faint|p1a: Sudowoodo\n|upkeep\n|\n|t:|1698959046\n|switch|p1a: Dudunsparce|Dudunsparce, F|100\/100\n|-damage|p1a: Dudunsparce|88\/100|[from] Stealth Rock\n|turn|6\n|\n|t:|1698959052\n|move|p2a: Gliscor|Toxic|p1a: Dudunsparce\n|-status|p1a: Dudunsparce|tox\n|move|p1a: Dudunsparce|Boomburst|p2a: Gliscor\n|-damage|p2a: Gliscor|57\/100 tox\n|\n|-heal|p2a: Gliscor|69\/100 tox|[from] ability: Poison Heal\n|-damage|p1a: Dudunsparce|82\/100 tox|[from] psn\n|upkeep\n|turn|7\n|\n|t:|1698959069\n|switch|p2a: Munkidori|Munkidori, M|43\/100\n|move|p1a: Dudunsparce|Calm Mind|p1a: Dudunsparce\n|-boost|p1a: Dudunsparce|spa|1\n|-boost|p1a: Dudunsparce|spd|1\n|\n|-damage|p1a: Dudunsparce|70\/100 tox|[from] psn\n|upkeep\n|turn|8\n|\n|t:|1698959076\n|move|p2a: Munkidori|U-turn|p1a: Dudunsparce\n|-damage|p1a: Dudunsparce|62\/100 tox\n|-ability|p1a: Dudunsparce|Rattled|boost\n|-boost|p1a: Dudunsparce|spe|1\n|\n|t:|1698959086\n|switch|p2a: Jirachi|Jirachi|100\/100|[from] U-turn\n|move|p1a: Dudunsparce|Stealth Rock|p2a: Jirachi\n|-sidestart|p2: Zenadark|move: Stealth Rock\n|\n|-damage|p1a: Dudunsparce|43\/100 tox|[from] psn\n|upkeep\n|turn|9\n|\n|t:|1698959095\n|switch|p1a: Mabosstiff|Mabosstiff, F|100\/100\n|-damage|p1a: Mabosstiff|88\/100|[from] Stealth Rock\n|move|p2a: Jirachi|Cosmic Power|p2a: Jirachi\n|-boost|p2a: Jirachi|def|1\n|-boost|p2a: Jirachi|spd|1\n|\n|upkeep\n|turn|10\n|\n|t:|1698959103\n|-terastallize|p2a: Jirachi|Water\n|move|p2a: Jirachi|Calm Mind|p2a: Jirachi\n|-boost|p2a: Jirachi|spa|1\n|-boost|p2a: Jirachi|spd|1\n|move|p1a: Mabosstiff|Crunch|p2a: Jirachi\n|-damage|p2a: Jirachi|76\/100\n|-unboost|p2a: Jirachi|def|1\n|\n|-heal|p2a: Jirachi|83\/100|[from] item: Leftovers\n|upkeep\n|turn|11\n|\n|t:|1698959115\n|move|p2a: Jirachi|Cosmic Power|p2a: Jirachi\n|-boost|p2a: Jirachi|def|1\n|-boost|p2a: Jirachi|spd|1\n|move|p1a: Mabosstiff|Roar|p2a: Jirachi\n|drag|p2a: Gliscor|Gliscor, M, shiny|69\/100 tox\n|-damage|p2a: Gliscor|57\/100 tox|[from] Stealth Rock\n|\n|-heal|p2a: Gliscor|69\/100 tox|[from] ability: Poison Heal\n|upkeep\n|turn|12\n|\n|t:|1698959142\n|switch|p1a: Dudunsparce|Dudunsparce, F|43\/100 tox\n|-damage|p1a: Dudunsparce|31\/100 tox|[from] Stealth Rock\n|move|p2a: Gliscor|Toxic|p1a: Dudunsparce\n|-fail|p1a: Dudunsparce|tox\n|\n|-heal|p2a: Gliscor|81\/100 tox|[from] ability: Poison Heal\n|-damage|p1a: Dudunsparce|25\/100 tox|[from] psn\n|upkeep\n|turn|13\n|\n|t:|1698959154\n|move|p2a: Gliscor|Earthquake|p1a: Dudunsparce\n|-damage|p1a: Dudunsparce|6\/100 tox\n|move|p1a: Dudunsparce|Boomburst|p2a: Gliscor\n|-damage|p2a: Gliscor|36\/100 tox\n|\n|-heal|p2a: Gliscor|48\/100 tox|[from] ability: Poison Heal\n|-damage|p1a: Dudunsparce|0 fnt|[from] psn\n|faint|p1a: Dudunsparce\n|upkeep\n|\n|t:|1698959174\n|switch|p1a: Weavile|Weavile, M|100\/100\n|-damage|p1a: Weavile|76\/100|[from] Stealth Rock\n|-ability|p1a: Weavile|Pressure\n|turn|14\n|\n|t:|1698959184\n|move|p1a: Weavile|Icicle Spear|p2a: Gliscor\n|-supereffective|p2a: Gliscor\n|-damage|p2a: Gliscor|9\/100 tox\n|-supereffective|p2a: Gliscor\n|-damage|p2a: Gliscor|0 fnt\n|faint|p2a: Gliscor\n|-hitcount|p2: Gliscor|2\n|\n|upkeep\n|\n|t:|1698959189\n|switch|p2a: Gallade|Gallade, M, shiny|100\/100\n|-damage|p2a: Gallade|94\/100|[from] Stealth Rock\n|turn|15\n|\n|t:|1698959199\n|switch|p1a: Sandslash|Sandslash, F|100\/100\n|-damage|p1a: Sandslash|94\/100|[from] Stealth Rock\n|move|p2a: Gallade|Sacred Sword|p1a: Sandslash\n|-damage|p1a: Sandslash|35\/100\n|-damage|p2a: Gallade|78\/100|[from] item: Rocky Helmet|[of] p1a: Sandslash\n|\n|upkeep\n|turn|16\n|\n|t:|1698959233\n|switch|p2a: Mandibuzz|Mandibuzz, F|100\/100\n|move|p1a: Sandslash|Rapid Spin|p2a: Mandibuzz\n|-damage|p2a: Mandibuzz|86\/100\n|-boost|p1a: Sandslash|spe|1\n|-sideend|p1: Jumilapipe RPPLF|Stealth Rock|[from] move: Rapid Spin|[of] p1a: Sandslash\n|\n|upkeep\n|turn|17\n|\n|t:|1698959241\n|move|p1a: Sandslash|Knock Off|p2a: Mandibuzz\n|-resisted|p2a: Mandibuzz\n|-damage|p2a: Mandibuzz|75\/100\n|-enditem|p2a: Mandibuzz|Heavy-Duty Boots|[from] move: Knock Off|[of] p1a: Sandslash\n|move|p2a: Mandibuzz|Defog|p1a: Sandslash\n|-unboost|p1a: Sandslash|evasion|1\n|-sideend|p2: Zenadark|Stealth Rock|[from] move: Defog|[of] p2a: Mandibuzz\n|\n|upkeep\n|turn|18\n|\n|t:|1698959253\n|move|p1a: Sandslash|Super Fang|p2a: Mandibuzz\n|-damage|p2a: Mandibuzz|38\/100\n|move|p2a: Mandibuzz|Foul Play|p1a: Sandslash\n|-damage|p1a: Sandslash|0 fnt\n|-damage|p2a: Mandibuzz|21\/100|[from] item: Rocky Helmet|[of] p1a: Sandslash\n|faint|p1a: Sandslash\n|\n|upkeep\n|\n|t:|1698959260\n|switch|p1a: Weavile|Weavile, M|76\/100\n|-ability|p1a: Weavile|Pressure\n|turn|19\n|\n|t:|1698959269\n|move|p1a: Weavile|Swords Dance|p1a: Weavile\n|-boost|p1a: Weavile|atk|2\n|move|p2a: Mandibuzz|U-turn|p1a: Weavile\n|-supereffective|p1a: Weavile\n|-damage|p1a: Weavile|39\/100\n|\n|t:|1698959274\n|switch|p2a: Dragonite|Dragonite, M, shiny|100\/100|[from] U-turn\n|\n|upkeep\n|turn|20\n|\n|t:|1698959278\n|switch|p1a: Snorlax|Snorlax, F|100\/100\n|move|p2a: Dragonite|Extreme Speed|p1a: Snorlax\n|-damage|p1a: Snorlax|70\/100\n|\n|upkeep\n|turn|21\n|\n|t:|1698959284\n|switch|p2a: Munkidori|Munkidori, M|43\/100\n|move|p1a: Snorlax|Ice Punch|p2a: Munkidori\n|-damage|p2a: Munkidori|6\/100\n|\n|upkeep\n|turn|22\n|\n|t:|1698959295\n|move|p2a: Munkidori|Sludge Wave|p1a: Snorlax\n|-damage|p1a: Snorlax|44\/100\n|-status|p1a: Snorlax|tox|[from] ability: Toxic Chain|[of] p2a: Munkidori\n|move|p1a: Snorlax|Body Slam|p2a: Munkidori\n|-damage|p2a: Munkidori|0 fnt\n|faint|p2a: Munkidori\n|\n|-damage|p1a: Snorlax|38\/100 tox|[from] psn\n|upkeep\n|\n|t:|1698959300\n|switch|p2a: Gallade|Gallade, M, shiny|78\/100\n|turn|23\n|\n|t:|1698959306\n|move|p2a: Gallade|Sacred Sword|p1a: Snorlax\n|-supereffective|p1a: Snorlax\n|-damage|p1a: Snorlax|0 fnt\n|faint|p1a: Snorlax\n|\n|upkeep\n|\n|t:|1698959324\n|switch|p1a: Mabosstiff|Mabosstiff, F|88\/100\n|turn|24\n|\n|t:|1698959329\n|move|p1a: Mabosstiff|Endure|p1a: Mabosstiff\n|-singleturn|p1a: Mabosstiff|move: Endure\n|move|p2a: Gallade|Sacred Sword|p1a: Mabosstiff\n|-supereffective|p1a: Mabosstiff\n|-activate|p1a: Mabosstiff|move: Endure\n|-damage|p1a: Mabosstiff|1\/100\n|\n|upkeep\n|turn|25\n|-enditem|p1a: Mabosstiff|Custap Berry|[eat]\n|-activate|p1a: Mabosstiff|item: Custap Berry|[consumed]\n|\n|t:|1698959336\n|switch|p2a: Jirachi|Jirachi, tera:Water|83\/100\n|move|p1a: Mabosstiff|Crunch|p2a: Jirachi\n|-damage|p2a: Jirachi|22\/100\n|\n|-heal|p2a: Jirachi|28\/100|[from] item: Leftovers\n|upkeep\n|turn|26\n|\n|t:|1698959346\n|move|p2a: Jirachi|Aura Sphere|p1a: Mabosstiff\n|-supereffective|p1a: Mabosstiff\n|-damage|p1a: Mabosstiff|0 fnt\n|faint|p1a: Mabosstiff\n|\n|-heal|p2a: Jirachi|34\/100|[from] item: Leftovers\n|upkeep\n|-message|Jumilapipe RPPLF forfeited.\n|\n|win|Zenadark\n|c|\u2606Jumilapipe RPPLF|gg !\n|c|\u2606Zenadark|gg\n","uploadtime":1698959359,"views":8,"p1id":"jumilapiperpplf","p2id":"zenadark","formatid":"gen9ubers","rating":0,"private":0,"password":""}