{"id":"gen9ubers-1988781992","p1":"Bestmaindragonite","p2":"dumpy lump","format":"[Gen 9] Ubers","log":"|j|\u2606Bestmaindragonite\n|j|\u2606dumpy lump\n|t:|1699762422\n|gametype|singles\n|player|p1|Bestmaindragonite|lillie|\n|player|p2|dumpy lump|volo|\n|teamsize|p1|6\n|teamsize|p2|6\n|gen|9\n|tier|[Gen 9] Ubers\n|rule|Sleep Clause Mod: Limit one foe put to sleep\n|rule|Species Clause: Limit one of each Pok\u00e9mon\n|rule|OHKO Clause: OHKO moves are banned\n|rule|Evasion Items Clause: Evasion items are banned\n|rule|Evasion Moves Clause: Evasion moves are banned\n|rule|Endless Battle Clause: Forcing endless battles is banned\n|rule|HP Percentage Mod: HP is shown in percentages\n|clearpoke\n|poke|p1|Donphan, F|\n|poke|p1|Magearna|\n|poke|p1|Urshifu-*, F|\n|poke|p1|Ogerpon-Cornerstone, F|\n|poke|p1|Baxcalibur, F|\n|poke|p1|Kommo-o, M|\n|poke|p2|Masquerain, F|\n|poke|p2|Zacian-*|\n|poke|p2|Walking Wake|\n|poke|p2|Palafin, M|\n|poke|p2|Sneasler, F|\n|poke|p2|Ceruledge, M|\n|teampreview\n|j| Kinesquared\n|j| Pajoomas!\n|j| FrostyRandom02\n|c|\u2606dumpy lump|glhf\n|c|\u2606Bestmaindragonite|Gl to you too\n|\n|t:|1699762466\n|start\n|switch|p1a: Magearna-at|Magearna|100\/100\n|switch|p2a: Menace|Masquerain, F|100\/100\n|-ability|p2a: Menace|Intimidate|boost\n|-unboost|p1a: Magearna-at|atk|1\n|turn|1\n|\n|t:|1699762473\n|move|p2a: Menace|Sticky Web|p1a: Magearna-at\n|-sidestart|p1: Bestmaindragonite|move: Sticky Web\n|move|p1a: Magearna-at|Volt Switch|p2a: Menace\n|-supereffective|p2a: Menace\n|-damage|p2a: Menace|23\/100\n|\n|t:|1699762478\n|switch|p1a: Average tusk|Donphan, F|100\/100|[from] Volt Switch\n|\n|upkeep\n|turn|2\n|\n|t:|1699762488\n|move|p1a: Average tusk|Ice Shard|p2a: Menace\n|-supereffective|p2a: Menace\n|-damage|p2a: Menace|0 fnt\n|faint|p2a: Menace\n|\n|upkeep\n|\n|t:|1699762492\n|switch|p2a: Man|Palafin, M|100\/100\n|turn|3\n|j| imperialorder241\n|\n|t:|1699762521\n|switch|p1a: Freddy|Urshifu-Rapid-Strike, F|100\/100\n|-activate|p1a: Freddy|move: Sticky Web\n|-unboost|p1a: Freddy|spe|1\n|move|p2a: Man|Flip Turn|p1a: Freddy\n|-resisted|p1a: Freddy\n|-crit|p1a: Freddy\n|-damage|p1a: Freddy|80\/100\n|\n|t:|1699762540\n|detailschange|p2a: Man|Palafin-Hero, M\n|switch|p2a: Daisy|Zacian, shiny|100\/100|[from] Flip Turn\n|-ability|p2a: Daisy|Intrepid Sword|boost\n|-boost|p2a: Daisy|atk|1\n|\n|upkeep\n|turn|4\n|\n|t:|1699762558\n|move|p2a: Daisy|Play Rough|p1a: Freddy|[miss]\n|-miss|p2a: Daisy|p1a: Freddy\n|move|p1a: Freddy|U-turn|p2a: Daisy\n|-resisted|p2a: Daisy\n|-damage|p2a: Daisy|88\/100\n|\n|t:|1699762563\n|switch|p1a: Average tusk|Donphan, F|100\/100|[from] U-turn\n|\n|upkeep\n|turn|5\n|\n|t:|1699762583\n|move|p2a: Daisy|Play Rough|p1a: Average tusk\n|-damage|p1a: Average tusk|52\/100\n|move|p1a: Average tusk|Rapid Spin|p2a: Daisy\n|-damage|p2a: Daisy|72\/100\n|-boost|p1a: Average tusk|spe|1\n|-sideend|p1: Bestmaindragonite|Sticky Web|[from] move: Rapid Spin|[of] p1a: Average tusk\n|\n|upkeep\n|turn|6\n|c|\u2606Bestmaindragonite|Lol zacian is soooo weak\n|\n|t:|1699762603\n|move|p2a: Daisy|Play Rough|p1a: Average tusk\n|-damage|p1a: Average tusk|2\/100\n|-unboost|p1a: Average tusk|atk|1\n|move|p1a: Average tusk|Earthquake|p2a: Daisy\n|-damage|p2a: Daisy|41\/100\n|\n|upkeep\n|turn|7\n|\n|t:|1699762612\n|move|p1a: Average tusk|Ice Shard|p2a: Daisy\n|-damage|p2a: Daisy|32\/100\n|move|p2a: Daisy|Play Rough|p1a: Average tusk\n|-damage|p1a: Average tusk|0 fnt\n|faint|p1a: Average tusk\n|\n|upkeep\n|c|\u2606dumpy lump|frrrr\n|\n|t:|1699762620\n|switch|p1a: Freddy|Urshifu-Rapid-Strike, F|80\/100\n|turn|8\n|\n|t:|1699762627\n|move|p1a: Freddy|Surging Strikes|p2a: Daisy\n|-crit|p2a: Daisy\n|-damage|p2a: Daisy|13\/100\n|-crit|p2a: Daisy\n|-damage|p2a: Daisy|0 fnt\n|faint|p2a: Daisy\n|-hitcount|p2: Daisy|2\n|\n|upkeep\n|c|\u2606Bestmaindragonite|Freddy fazbear time darling\n|\n|t:|1699762644\n|switch|p2a: NUGGET GAMING|Sneasler, F|100\/100\n|turn|9\n|\n|t:|1699762651\n|move|p1a: Freddy|Surging Strikes|p2a: NUGGET GAMING\n|-crit|p2a: NUGGET GAMING\n|-damage|p2a: NUGGET GAMING|62\/100\n|-crit|p2a: NUGGET GAMING\n|-damage|p2a: NUGGET GAMING|27\/100\n|-crit|p2a: NUGGET GAMING\n|-damage|p2a: NUGGET GAMING|0 fnt\n|faint|p2a: NUGGET GAMING\n|-hitcount|p2: NUGGET GAMING|3\n|\n|upkeep\n|c|\u2606dumpy lump|oh god\n|j| the tr4sh man\n|\n|t:|1699762673\n|switch|p2a: Swordhands|Ceruledge, M|100\/100\n|turn|10\n|c|\u2606dumpy lump|i'm getting har har har har'd\n|\n|t:|1699762696\n|-terastallize|p2a: Swordhands|Ghost\n|move|p2a: Swordhands|Shadow Sneak|p1a: Freddy\n|-damage|p1a: Freddy|55\/100\n|move|p1a: Freddy|Surging Strikes|p2a: Swordhands\n|-crit|p2a: Swordhands\n|-damage|p2a: Swordhands|69\/100\n|-crit|p2a: Swordhands\n|-damage|p2a: Swordhands|38\/100\n|-crit|p2a: Swordhands\n|-damage|p2a: Swordhands|4\/100\n|-hitcount|p2a: Swordhands|3\n|\n|upkeep\n|turn|11\n|\n|t:|1699762709\n|move|p2a: Swordhands|Shadow Sneak|p1a: Freddy\n|-damage|p1a: Freddy|27\/100\n|move|p1a: Freddy|Surging Strikes|p2a: Swordhands\n|-crit|p2a: Swordhands\n|-damage|p2a: Swordhands|0 fnt\n|faint|p2a: Swordhands\n|-hitcount|p2: Swordhands|1\n|\n|upkeep\n|c| the tr4sh man|do you think if walking wake raked leaves really fast we could call it running rake\n|\n|t:|1699762720\n|switch|p2a: Man|Palafin-Hero, M|100\/100\n|-activate|p2a: Man|ability: Zero to Hero\n|turn|12\n|c| Pajoomas!|no\n|c| Pajoomas!|no further questions\n|c| imperialorder241|LMAO\n|c| the tr4sh man|:(\n|c|\u2606Bestmaindragonite|Would be walking fast\n|\n|t:|1699762747\n|move|p2a: Man|Jet Punch|p1a: Freddy\n|-resisted|p1a: Freddy\n|-crit|p1a: Freddy\n|-damage|p1a: Freddy|0 fnt\n|faint|p1a: Freddy\n|\n|upkeep\n|j| Nitro524\n|n| Nitro524|nitro524\n|\n|t:|1699762757\n|switch|p1a: Kommo-o|Kommo-o, M|100\/100\n|turn|13\n|l| Kinesquared\n|\n|t:|1699762766\n|move|p2a: Man|Wave Crash|p1a: Kommo-o\n|-resisted|p1a: Kommo-o\n|-damage|p1a: Kommo-o|60\/100\n|-damage|p2a: Man|89\/100|[from] Recoil\n|move|p1a: Kommo-o|Clangorous Soul|p1a: Kommo-o\n|-boost|p1a: Kommo-o|atk|1\n|-boost|p1a: Kommo-o|def|1\n|-boost|p1a: Kommo-o|spa|1\n|-boost|p1a: Kommo-o|spd|1\n|-boost|p1a: Kommo-o|spe|1\n|-damage|p1a: Kommo-o|27\/100\n|-enditem|p1a: Kommo-o|Throat Spray\n|-boost|p1a: Kommo-o|spa|1|[from] item: Throat Spray\n|\n|upkeep\n|turn|14\n|\n|t:|1699762776\n|move|p2a: Man|Jet Punch|p1a: Kommo-o\n|-resisted|p1a: Kommo-o\n|-damage|p1a: Kommo-o|12\/100\n|move|p1a: Kommo-o|Clanging Scales|p2a: Man\n|-damage|p2a: Man|2\/100\n|-unboost|p1a: Kommo-o|def|1\n|\n|upkeep\n|turn|15\n|\n|t:|1699762782\n|move|p2a: Man|Jet Punch|p1a: Kommo-o\n|-resisted|p1a: Kommo-o\n|-damage|p1a: Kommo-o|0 fnt\n|faint|p1a: Kommo-o\n|\n|upkeep\n|c|\u2606dumpy lump|we tank those\n|c| Nitro524|YO\n|\n|t:|1699762789\n|switch|p1a: Bonk|Ogerpon-Cornerstone, F|100\/100\n|turn|16\n|j| portobellomushroom\n|\n|t:|1699762796\n|move|p2a: Man|Jet Punch|p1a: Bonk\n|-damage|p1a: Bonk|41\/100\n|move|p1a: Bonk|Knock Off|p2a: Man\n|-damage|p2a: Man|0 fnt\n|-enditem|p2a: Man|Mystic Water|[from] move: Knock Off|[of] p1a: Bonk\n|faint|p2a: Man\n|\n|upkeep\n|\n|t:|1699762801\n|switch|p2a: Kaijune|Walking Wake|100\/100\n|-enditem|p2a: Kaijune|Booster Energy\n|-activate|p2a: Kaijune|ability: Protosynthesis|[fromitem]\n|-start|p2a: Kaijune|protosynthesisspa\n|turn|17\n|\n|t:|1699762806\n|move|p1a: Bonk|Ivy Cudgel|p2a: Kaijune\n|-damage|p2a: Kaijune|41\/100\n|move|p2a: Kaijune|Hydro Steam|p1a: Bonk\n|-damage|p1a: Bonk|0 fnt\n|faint|p1a: Bonk\n|\n|upkeep\n|\n|t:|1699762811\n|switch|p1a: Magearna-at|Magearna|100\/100\n|turn|18\n|l| portobellomushroom\n|\n|t:|1699762817\n|-terastallize|p1a: Magearna-at|Steel\n|move|p2a: Kaijune|Flamethrower|p1a: Magearna-at\n|-supereffective|p1a: Magearna-at\n|-damage|p1a: Magearna-at|57\/100\n|move|p1a: Magearna-at|Draining Kiss|p2a: Kaijune\n|-supereffective|p2a: Kaijune\n|-damage|p2a: Kaijune|0 fnt\n|-heal|p1a: Magearna-at|91\/100|[from] drain|[of] p2a: Kaijune\n|faint|p2a: Kaijune\n|-end|p2a: Kaijune|Protosynthesis|[silent]\n|\n|win|Bestmaindragonite\n|c|\u2606dumpy lump|ggs\n|c|\u2606Bestmaindragonite|gg\n|l| FrostyRandom02\n|c| Nitro524|well played all around\n","uploadtime":1699762836,"views":5,"p1id":"bestmaindragonite","p2id":"dumpylump","formatid":"gen9ubers","rating":0,"private":0,"password":""}