{"id":"gen9ubers-1977523052","p1":"RubenPaCe","p2":"Nitro524","format":"[Gen 9] Ubers","log":"|j|\u2606RubenPaCe\n|j|\u2606Nitro524\n|t:|1698424258\n|gametype|singles\n|player|p1|RubenPaCe|169|\n|player|p2|Nitro524|265|\n|teamsize|p1|6\n|teamsize|p2|6\n|gen|9\n|tier|[Gen 9] Ubers\n|rule|Sleep Clause Mod: Limit one foe put to sleep\n|rule|Species Clause: Limit one of each Pok\u00e9mon\n|rule|OHKO Clause: OHKO moves are banned\n|rule|Evasion Items Clause: Evasion items are banned\n|rule|Evasion Moves Clause: Evasion moves are banned\n|rule|Endless Battle Clause: Forcing endless battles is banned\n|rule|HP Percentage Mod: HP is shown in percentages\n|clearpoke\n|poke|p1|Pelipper, M|\n|poke|p1|Palafin, F|\n|poke|p1|Basculegion-F, F|\n|poke|p1|Magearna|\n|poke|p1|Arceus-Poison|\n|poke|p1|Dialga|\n|poke|p2|Zacian-*|\n|poke|p2|Okidogi, M|\n|poke|p2|Urshifu-*, M|\n|poke|p2|Cyclizar, F|\n|poke|p2|Chi-Yu|\n|poke|p2|Espathra, M|\n|teampreview\n|c|\u2606Nitro524|glhf!\n|c|\u2606RubenPaCe|hf\n|\n|t:|1698424286\n|start\n|switch|p1a: Dialga|Dialga|100\/100\n|switch|p2a: Cyclizar|Cyclizar, F|100\/100\n|-ability|p1a: Dialga|Pressure\n|turn|1\n|\n|t:|1698424319\n|move|p2a: Cyclizar|Taunt|p1a: Dialga\n|-start|p1a: Dialga|move: Taunt\n|move|p1a: Dialga|Draco Meteor|p2a: Cyclizar\n|-supereffective|p2a: Cyclizar\n|-damage|p2a: Cyclizar|0 fnt\n|-unboost|p1a: Dialga|spa|2\n|faint|p2a: Cyclizar\n|\n|upkeep\n|c|\u2606Nitro524|zamn\n|c|\u2606RubenPaCe|I knew it\n|\n|t:|1698424340\n|switch|p2a: Chi-Yu|Chi-Yu|100\/100\n|-ability|p2a: Chi-Yu|Beads of Ruin\n|turn|2\n|\n|t:|1698424346\n|switch|p1a: Pelipper|Pelipper, M|100\/100\n|-weather|RainDance|[from] ability: Drizzle|[of] p1a: Pelipper\n|move|p2a: Chi-Yu|Overheat|p1a: Pelipper|[miss]\n|-miss|p2a: Chi-Yu|p1a: Pelipper\n|\n|-weather|RainDance|[upkeep]\n|upkeep\n|turn|3\n|c|\u2606Nitro524|lolol\n|\n|t:|1698424364\n|switch|p2a: Okidogi|Okidogi, M|100\/100\n|switch|p1a: Arceus|Arceus-Poison|100\/100\n|\n|-weather|RainDance|[upkeep]\n|upkeep\n|turn|4\n|\n|t:|1698424379\n|switch|p2a: Espathra|Espathra, M|100\/100\n|move|p1a: Arceus|Calm Mind|p1a: Arceus\n|-boost|p1a: Arceus|spa|1\n|-boost|p1a: Arceus|spd|1\n|\n|-weather|RainDance|[upkeep]\n|upkeep\n|turn|5\n|\n|t:|1698424383\n|move|p2a: Espathra|Protect|p2a: Espathra\n|-singleturn|p2a: Espathra|Protect\n|move|p1a: Arceus|Taunt|p2a: Espathra\n|-activate|p2a: Espathra|move: Protect\n|\n|-weather|RainDance|[upkeep]\n|-ability|p2a: Espathra|Speed Boost|boost\n|-boost|p2a: Espathra|spe|1\n|upkeep\n|turn|6\n|\n|t:|1698424399\n|move|p2a: Espathra|Calm Mind|p2a: Espathra\n|-boost|p2a: Espathra|spa|1\n|-boost|p2a: Espathra|spd|1\n|move|p1a: Arceus|Judgment|p2a: Espathra\n|-damage|p2a: Espathra|40\/100\n|\n|-weather|RainDance|[upkeep]\n|-heal|p2a: Espathra|46\/100|[from] item: Leftovers\n|-ability|p2a: Espathra|Speed Boost|boost\n|-boost|p2a: Espathra|spe|1\n|upkeep\n|turn|7\n|\n|t:|1698424406\n|switch|p1a: Dialga|Dialga|100\/100\n|-ability|p1a: Dialga|Pressure\n|move|p2a: Espathra|Protect||[still]\n|-fail|p2a: Espathra\n|\n|-weather|RainDance|[upkeep]\n|-heal|p2a: Espathra|53\/100|[from] item: Leftovers\n|-ability|p2a: Espathra|Speed Boost|boost\n|-boost|p2a: Espathra|spe|1\n|upkeep\n|turn|8\n|\n|t:|1698424416\n|move|p2a: Espathra|Calm Mind|p2a: Espathra\n|-boost|p2a: Espathra|spa|1\n|-boost|p2a: Espathra|spd|1\n|move|p1a: Dialga|Roar|p2a: Espathra\n|drag|p2a: Urshifu|Urshifu, M|100\/100\n|\n|-weather|RainDance|[upkeep]\n|upkeep\n|turn|9\n|\n|t:|1698424428\n|switch|p1a: Magearna|Magearna|100\/100\n|move|p2a: Urshifu|Wicked Blow|p1a: Magearna\n|-resisted|p1a: Magearna\n|-crit|p1a: Magearna\n|-damage|p1a: Magearna|76\/100\n|\n|-weather|none\n|-heal|p1a: Magearna|82\/100|[from] item: Leftovers\n|upkeep\n|turn|10\n|\n|t:|1698424435\n|move|p2a: Urshifu|U-turn|p1a: Magearna\n|-resisted|p1a: Magearna\n|-damage|p1a: Magearna|78\/100\n|\n|t:|1698424439\n|switch|p2a: Chi-Yu|Chi-Yu|100\/100|[from] U-turn\n|-ability|p2a: Chi-Yu|Beads of Ruin\n|move|p1a: Magearna|Thunder Wave|p2a: Chi-Yu\n|-status|p2a: Chi-Yu|par\n|\n|-heal|p1a: Magearna|84\/100|[from] item: Leftovers\n|upkeep\n|turn|11\n|\n|t:|1698424457\n|switch|p1a: Pelipper|Pelipper, M|100\/100\n|-weather|RainDance|[from] ability: Drizzle|[of] p1a: Pelipper\n|move|p2a: Chi-Yu|Overheat|p1a: Pelipper|[miss]\n|-miss|p2a: Chi-Yu|p1a: Pelipper\n|\n|-weather|RainDance|[upkeep]\n|upkeep\n|turn|12\n|c|\u2606RubenPaCe|this chi yu is not feeling it\n|c|\u2606Nitro524|really isn't\n|c|\u2606Nitro524|shulk would be disappointed\n|\n|t:|1698424493\n|move|p2a: Chi-Yu|Overheat|p1a: Pelipper\n|-resisted|p1a: Pelipper\n|-damage|p1a: Pelipper|63\/100\n|-unboost|p2a: Chi-Yu|spa|2\n|move|p1a: Pelipper|Surf|p2a: Chi-Yu\n|-supereffective|p2a: Chi-Yu\n|-damage|p2a: Chi-Yu|6\/100 par\n|\n|-weather|RainDance|[upkeep]\n|upkeep\n|turn|13\n|c|\u2606RubenPaCe|oh wait\n|c|\u2606Nitro524|the stay in\\\n|c|\u2606RubenPaCe|37.2%?\n|c|\u2606Nitro524|rain + resist\n|c|\u2606RubenPaCe|yeah but it's a chi yu\n|c|\u2606RubenPaCe|and this is a pelipper\n|c|\u2606Nitro524|you underestimate pelipper's sheer bulk\n|c|\u2606Nitro524|that thing lives a mag volt switch\n|\n|t:|1698424540\n|switch|p2a: Urshifu|Urshifu, M|100\/100\n|move|p1a: Pelipper|Roost|p1a: Pelipper\n|-heal|p1a: Pelipper|100\/100\n|-singleturn|p1a: Pelipper|move: Roost\n|\n|-weather|RainDance|[upkeep]\n|upkeep\n|turn|14\n|c|\u2606RubenPaCe|with 0 investment?\n|c|\u2606Nitro524|oh no\n|c|\u2606Nitro524|max invest lol\n|c|\u2606RubenPaCe|interesting\n|\n|t:|1698424555\n|move|p2a: Urshifu|Wicked Blow|p1a: Pelipper\n|-crit|p1a: Pelipper\n|-damage|p1a: Pelipper|42\/100\n|move|p1a: Pelipper|Hurricane|p2a: Urshifu\n|-supereffective|p2a: Urshifu\n|-damage|p2a: Urshifu|0 fnt\n|faint|p2a: Urshifu\n|\n|-weather|RainDance|[upkeep]\n|upkeep\n|\n|t:|1698424577\n|switch|p2a: Espathra|Espathra, M|53\/100\n|turn|15\n|\n|t:|1698424594\n|switch|p1a: Dialga|Dialga|100\/100\n|-ability|p1a: Dialga|Pressure\n|move|p2a: Espathra|Protect||[still]\n|-fail|p2a: Espathra\n|\n|-weather|RainDance|[upkeep]\n|-heal|p2a: Espathra|59\/100|[from] item: Leftovers\n|-ability|p2a: Espathra|Speed Boost|boost\n|-boost|p2a: Espathra|spe|1\n|upkeep\n|turn|16\n|\n|t:|1698424603\n|move|p2a: Espathra|Protect|p2a: Espathra\n|-singleturn|p2a: Espathra|Protect\n|move|p1a: Dialga|Stealth Rock|p2a: Espathra\n|-sidestart|p2: Nitro524|move: Stealth Rock\n|\n|-weather|RainDance|[upkeep]\n|-heal|p2a: Espathra|65\/100|[from] item: Leftovers\n|-ability|p2a: Espathra|Speed Boost|boost\n|-boost|p2a: Espathra|spe|1\n|upkeep\n|turn|17\n|\n|t:|1698424612\n|move|p2a: Espathra|Calm Mind|p2a: Espathra\n|-boost|p2a: Espathra|spa|1\n|-boost|p2a: Espathra|spd|1\n|move|p1a: Dialga|Roar|p2a: Espathra\n|drag|p2a: Chi-Yu|Chi-Yu|6\/100 par\n|-damage|p2a: Chi-Yu|0 fnt|[from] Stealth Rock\n|faint|p2a: Chi-Yu\n|\n|-weather|RainDance|[upkeep]\n|upkeep\n|c|\u2606Nitro524|zamn\n|\n|t:|1698424637\n|switch|p2a: Okidogi|Okidogi, M|100\/100\n|-damage|p2a: Okidogi|94\/100|[from] Stealth Rock\n|turn|18\n|\n|t:|1698424664\n|switch|p1a: Arceus|Arceus-Poison|100\/100\n|move|p2a: Okidogi|Knock Off|p1a: Arceus\n|-crit|p1a: Arceus\n|-damage|p1a: Arceus|82\/100\n|\n|-weather|none\n|-heal|p2a: Okidogi|100\/100|[from] item: Leftovers\n|upkeep\n|turn|19\n|\n|t:|1698424672\n|move|p1a: Arceus|Calm Mind|p1a: Arceus\n|-boost|p1a: Arceus|spa|1\n|-boost|p1a: Arceus|spd|1\n|move|p2a: Okidogi|Bulk Up|p2a: Okidogi\n|-boost|p2a: Okidogi|atk|1\n|-boost|p2a: Okidogi|def|1\n|\n|upkeep\n|turn|20\n|\n|t:|1698424707\n|move|p1a: Arceus|Earth Power|p2a: Okidogi\n|-supereffective|p2a: Okidogi\n|-damage|p2a: Okidogi|48\/100\n|move|p2a: Okidogi|Bulk Up|p2a: Okidogi\n|-boost|p2a: Okidogi|atk|1\n|-boost|p2a: Okidogi|def|1\n|\n|-heal|p2a: Okidogi|54\/100|[from] item: Leftovers\n|upkeep\n|turn|21\n|\n|t:|1698424715\n|move|p1a: Arceus|Earth Power|p2a: Okidogi\n|-supereffective|p2a: Okidogi\n|-damage|p2a: Okidogi|2\/100\n|move|p2a: Okidogi|Drain Punch|p1a: Arceus\n|-resisted|p1a: Arceus\n|-damage|p1a: Arceus|61\/100\n|-heal|p2a: Okidogi|15\/100|[from] drain|[of] p1a: Arceus\n|\n|-heal|p2a: Okidogi|21\/100|[from] item: Leftovers\n|upkeep\n|turn|22\n|\n|t:|1698424722\n|switch|p2a: Zacian|Zacian|100\/100\n|-ability|p2a: Zacian|Intrepid Sword|boost\n|-boost|p2a: Zacian|atk|1\n|move|p1a: Arceus|Earth Power|p2a: Zacian\n|-damage|p2a: Zacian|68\/100\n|\n|upkeep\n|turn|23\n|\n|t:|1698424734\n|move|p2a: Zacian|Tera Blast|p1a: Arceus\n|-damage|p1a: Arceus|55\/100\n|move|p1a: Arceus|Judgment|p2a: Zacian\n|-supereffective|p2a: Zacian\n|-damage|p2a: Zacian|0 fnt\n|faint|p2a: Zacian\n|\n|upkeep\n|c|\u2606RubenPaCe|I'm going to asume that was a missclick?\n|c|\u2606Nitro524|misclick of the century\n|c|\u2606RubenPaCe|okay\n|\n|t:|1698424751\n|switch|p2a: Espathra|Espathra, M|65\/100\n|-damage|p2a: Espathra|52\/100|[from] Stealth Rock\n|turn|24\n|\n|t:|1698424756\n|move|p1a: Arceus|Judgment|p2a: Espathra\n|-damage|p2a: Espathra|0 fnt\n|faint|p2a: Espathra\n|\n|upkeep\n|\n|t:|1698424758\n|switch|p2a: Okidogi|Okidogi, M|21\/100\n|-damage|p2a: Okidogi|15\/100|[from] Stealth Rock\n|turn|25\n|c|\u2606Nitro524|gg\n|c|\u2606Nitro524|re?\n|\n|t:|1698424763\n|move|p1a: Arceus|Judgment|p2a: Okidogi\n|-resisted|p2a: Okidogi\n|-damage|p2a: Okidogi|0 fnt\n|faint|p2a: Okidogi\n|\n|win|RubenPaCe\n|c|\u2606RubenPaCe|sure\n|c|\u2606Nitro524|sweet\n|l|\u2606Nitro524\n|c|\u2606RubenPaCe|you mind if I upload to vods?\n","uploadtime":1698424771,"views":18,"p1id":"rubenpace","p2id":"nitro524","formatid":"gen9ubers","rating":0,"private":0,"password":""}