{"id":"gen9ubers-1968721687","p1":"GardevoirE.A","p2":"SmolShinyHunter","format":"[Gen 9] Ubers","log":"|j|\u2606GardevoirE.A\n|j|\u2606SmolShinyHunter\n|t:|1697458028\n|gametype|singles\n|player|p1|GardevoirE.A|dawn|1075\n|player|p2|SmolShinyHunter|dawn-gen4pt|1000\n|teamsize|p1|6\n|teamsize|p2|6\n|gen|9\n|tier|[Gen 9] Ubers\n|rated|\n|rule|Sleep Clause Mod: Limit one foe put to sleep\n|rule|Species Clause: Limit one of each Pok\u00e9mon\n|rule|OHKO Clause: OHKO moves are banned\n|rule|Evasion Items Clause: Evasion items are banned\n|rule|Evasion Moves Clause: Evasion moves are banned\n|rule|Endless Battle Clause: Forcing endless battles is banned\n|rule|HP Percentage Mod: HP is shown in percentages\n|clearpoke\n|poke|p1|Torkoal, M|\n|poke|p1|Walking Wake|\n|poke|p1|Great Tusk|\n|poke|p1|Corviknight, F|\n|poke|p1|Hatterene, F|\n|poke|p1|Dragapult, F|\n|poke|p2|Lurantis, M|\n|poke|p2|Politoed, F|\n|poke|p2|Chandelure, M|\n|poke|p2|Ninetales-Alola, F|\n|poke|p2|Torterra, M|\n|poke|p2|Ogerpon-Hearthflame, F|\n|teampreview\n|inactive|Battle timer is ON: inactive players will automatically lose when time's up. (requested by SmolShinyHunter)\n|\n|t:|1697458051\n|start\n|switch|p1a: Dragapult|Dragapult, F|100\/100\n|switch|p2a: Ninetales|Ninetales-Alola, F|100\/100\n|-weather|Snow|[from] ability: Snow Warning|[of] p2a: Ninetales\n|turn|1\n|\n|t:|1697458064\n|move|p1a: Dragapult|Dragon Dance|p1a: Dragapult\n|-boost|p1a: Dragapult|atk|1\n|-boost|p1a: Dragapult|spe|1\n|move|p2a: Ninetales|Aurora Veil|p2a: Ninetales\n|-sidestart|p2: SmolShinyHunter|move: Aurora Veil\n|\n|-weather|Snow|[upkeep]\n|upkeep\n|turn|2\n|\n|t:|1697458073\n|move|p1a: Dragapult|Dragon Dance|p1a: Dragapult\n|-boost|p1a: Dragapult|atk|1\n|-boost|p1a: Dragapult|spe|1\n|move|p2a: Ninetales|Nasty Plot|p2a: Ninetales\n|-boost|p2a: Ninetales|spa|2\n|\n|-weather|Snow|[upkeep]\n|upkeep\n|turn|3\n|\n|t:|1697458100\n|-terastallize|p1a: Dragapult|Steel\n|move|p1a: Dragapult|Dragon Claw|p2a: Ninetales\n|-immune|p2a: Ninetales\n|move|p2a: Ninetales|Dazzling Gleam|p1a: Dragapult\n|-resisted|p1a: Dragapult\n|-damage|p1a: Dragapult|69\/100\n|\n|-weather|Snow|[upkeep]\n|-heal|p1a: Dragapult|75\/100|[from] item: Leftovers\n|upkeep\n|turn|4\n|inactive|GardevoirE.A has 120 seconds left.\n|\n|t:|1697458116\n|move|p1a: Dragapult|Will-O-Wisp|p2a: Ninetales\n|-status|p2a: Ninetales|brn\n|move|p2a: Ninetales|Blizzard|p1a: Dragapult\n|-resisted|p1a: Dragapult\n|-damage|p1a: Dragapult|29\/100\n|\n|-weather|Snow|[upkeep]\n|-heal|p1a: Dragapult|35\/100|[from] item: Leftovers\n|-damage|p2a: Ninetales|95\/100 brn|[from] brn\n|upkeep\n|turn|5\n|inactive|GardevoirE.A has 120 seconds left.\n|\n|t:|1697458137\n|switch|p1a: Torkoal|Torkoal, M|100\/100\n|-weather|SunnyDay|[from] ability: Drought|[of] p1a: Torkoal\n|move|p2a: Ninetales|Blizzard|p1a: Torkoal\n|-resisted|p1a: Torkoal\n|-crit|p1a: Torkoal\n|-damage|p1a: Torkoal|33\/100\n|\n|-weather|SunnyDay|[upkeep]\n|-damage|p2a: Ninetales|89\/100 brn|[from] brn\n|-sideend|p2: SmolShinyHunter|move: Aurora Veil\n|upkeep\n|turn|6\n|\n|t:|1697458156\n|move|p2a: Ninetales|Dazzling Gleam|p1a: Torkoal\n|-resisted|p1a: Torkoal\n|-damage|p1a: Torkoal|4\/100\n|move|p1a: Torkoal|Eruption|p2a: Ninetales\n|-supereffective|p2a: Ninetales\n|-damage|p2a: Ninetales|84\/100 brn\n|-enditem|p2a: Ninetales|Weakness Policy\n|-boost|p2a: Ninetales|atk|2|[from] item: Weakness Policy\n|-boost|p2a: Ninetales|spa|2|[from] item: Weakness Policy\n|\n|-weather|SunnyDay|[upkeep]\n|-damage|p2a: Ninetales|78\/100 brn|[from] brn\n|upkeep\n|turn|7\n|\n|t:|1697458170\n|move|p2a: Ninetales|Dazzling Gleam|p1a: Torkoal\n|-resisted|p1a: Torkoal\n|-damage|p1a: Torkoal|0 fnt\n|faint|p1a: Torkoal\n|\n|-weather|SunnyDay|[upkeep]\n|-damage|p2a: Ninetales|72\/100 brn|[from] brn\n|upkeep\n|\n|t:|1697458185\n|switch|p1a: Walking Wake|Walking Wake|100\/100\n|-activate|p1a: Walking Wake|ability: Protosynthesis\n|-start|p1a: Walking Wake|protosynthesisspa\n|turn|8\n|\n|t:|1697458196\n|move|p1a: Walking Wake|Hydro Steam|p2a: Ninetales\n|-damage|p2a: Ninetales|0 fnt\n|faint|p2a: Ninetales\n|\n|-weather|SunnyDay|[upkeep]\n|upkeep\n|\n|t:|1697458207\n|switch|p2a: Chandelure|Chandelure, M|100\/100\n|turn|9\n|\n|t:|1697458211\n|move|p1a: Walking Wake|Hydro Steam|p2a: Chandelure\n|-supereffective|p2a: Chandelure\n|-damage|p2a: Chandelure|0 fnt\n|faint|p2a: Chandelure\n|\n|-weather|SunnyDay|[upkeep]\n|upkeep\n|\n|t:|1697458214\n|switch|p2a: Politoed|Politoed, F|100\/100\n|turn|10\n|inactive|GardevoirE.A has 120 seconds left.\n|\n|t:|1697458239\n|-end|p1a: Walking Wake|Protosynthesis|[silent]\n|switch|p1a: Corviknight|Corviknight, F|100\/100\n|-ability|p1a: Corviknight|Pressure\n|move|p2a: Politoed|Blizzard|p1a: Corviknight|[miss]\n|-miss|p2a: Politoed|p1a: Corviknight\n|\n|-weather|SunnyDay|[upkeep]\n|upkeep\n|turn|11\n|\n|t:|1697458255\n|move|p1a: Corviknight|Iron Defense|p1a: Corviknight\n|-boost|p1a: Corviknight|def|2\n|move|p2a: Politoed|Hydro Pump|p1a: Corviknight\n|-damage|p1a: Corviknight|78\/100\n|\n|-weather|SunnyDay|[upkeep]\n|upkeep\n|turn|12\n|\n|t:|1697458264\n|move|p1a: Corviknight|Body Press|p2a: Politoed\n|-damage|p2a: Politoed|39\/100\n|move|p2a: Politoed|Hydro Pump|p1a: Corviknight\n|-damage|p1a: Corviknight|57\/100\n|\n|-weather|none\n|-heal|p2a: Politoed|45\/100|[from] item: Leftovers\n|upkeep\n|turn|13\n|\n|t:|1697458273\n|move|p1a: Corviknight|Roost|p1a: Corviknight\n|-heal|p1a: Corviknight|100\/100\n|-singleturn|p1a: Corviknight|move: Roost\n|move|p2a: Politoed|Hydro Pump|p1a: Corviknight\n|-damage|p1a: Corviknight|56\/100\n|\n|-heal|p2a: Politoed|52\/100|[from] item: Leftovers\n|upkeep\n|turn|14\n|inactive|GardevoirE.A has 120 seconds left.\n|\n|t:|1697458289\n|move|p1a: Corviknight|Body Press|p2a: Politoed\n|-damage|p2a: Politoed|0 fnt\n|faint|p2a: Politoed\n|\n|upkeep\n|\n|t:|1697458294\n|switch|p2a: Torterra|Torterra, M|100\/100\n|turn|15\n|inactive|GardevoirE.A has 120 seconds left.\n|\n|t:|1697458305\n|move|p1a: Corviknight|Roost|p1a: Corviknight\n|-heal|p1a: Corviknight|100\/100\n|-singleturn|p1a: Corviknight|move: Roost\n|move|p2a: Torterra|Outrage|p1a: Corviknight\n|-resisted|p1a: Corviknight\n|-damage|p1a: Corviknight|95\/100\n|\n|upkeep\n|turn|16\n|inactive|GardevoirE.A has 120 seconds left.\n|\n|t:|1697458317\n|move|p1a: Corviknight|Body Press|p2a: Torterra\n|-damage|p2a: Torterra|55\/100\n|move|p2a: Torterra|Outrage|p1a: Corviknight|[from]lockedmove\n|-resisted|p1a: Corviknight\n|-damage|p1a: Corviknight|88\/100\n|-start|p2a: Torterra|confusion|[fatigue]\n|\n|upkeep\n|turn|17\n|inactive|GardevoirE.A has 120 seconds left.\n|\n|t:|1697458327\n|move|p1a: Corviknight|Iron Defense|p1a: Corviknight\n|-boost|p1a: Corviknight|def|2\n|-activate|p2a: Torterra|confusion\n|move|p2a: Torterra|Wood Hammer|p1a: Corviknight\n|-resisted|p1a: Corviknight\n|-damage|p1a: Corviknight|85\/100\n|-damage|p2a: Torterra|54\/100|[from] Recoil\n|\n|upkeep\n|turn|18\n|inactive|GardevoirE.A has 120 seconds left.\n|\n|t:|1697458337\n|move|p1a: Corviknight|Body Press|p2a: Torterra\n|-damage|p2a: Torterra|0 fnt\n|faint|p2a: Torterra\n|\n|upkeep\n|\n|t:|1697458346\n|switch|p2a: Lurantis|Lurantis, M|100\/100\n|turn|19\n|\n|t:|1697458356\n|move|p1a: Corviknight|Body Press|p2a: Lurantis\n|-damage|p2a: Lurantis|16\/100\n|move|p2a: Lurantis|Superpower|p1a: Corviknight\n|-damage|p1a: Corviknight|79\/100\n|-boost|p2a: Lurantis|atk|1\n|-boost|p2a: Lurantis|def|1\n|\n|upkeep\n|turn|20\n|\n|t:|1697458365\n|move|p1a: Corviknight|Body Press|p2a: Lurantis\n|-damage|p2a: Lurantis|0 fnt\n|faint|p2a: Lurantis\n|\n|upkeep\n|\n|t:|1697458370\n|switch|p2a: Ogerpon|Ogerpon-Hearthflame, F|100\/100\n|-ability|p2a: Ogerpon|Mold Breaker\n|turn|21\n|\n|t:|1697458383\n|move|p2a: Ogerpon|Ivy Cudgel|p1a: Corviknight\n|-supereffective|p1a: Corviknight\n|-damage|p1a: Corviknight|55\/100\n|move|p1a: Corviknight|Body Press|p2a: Ogerpon\n|-damage|p2a: Ogerpon|19\/100\n|\n|upkeep\n|turn|22\n|\n|t:|1697458391\n|move|p2a: Ogerpon|Ivy Cudgel|p1a: Corviknight\n|-supereffective|p1a: Corviknight\n|-damage|p1a: Corviknight|30\/100\n|move|p1a: Corviknight|Body Press|p2a: Ogerpon\n|-damage|p2a: Ogerpon|0 fnt\n|faint|p2a: Ogerpon\n|\n|win|GardevoirE.A\n|raw|GardevoirE.A's rating: 1075 &rarr; <strong>1098<\/strong><br \/>(+23 for winning)\n|raw|SmolShinyHunter's rating: 1000 &rarr; <strong>1000<\/strong><br \/>(+0 for losing)\n|l|\u2606SmolShinyHunter\n","uploadtime":1697458407,"views":10,"p1id":"gardevoirea","p2id":"smolshinyhunter","formatid":"gen9ubers","rating":1000,"private":0,"password":""}