{"id":"gen9ubers-1983545219","p1":"corvere\u2665","p2":"kiritofps4","format":"[Gen 9] Ubers","log":"|j|\u2606corvere\u2665\n|j|\u2606kiritofps4\n|t:|1699141792\n|gametype|singles\n|player|p1|corvere\u2665|anthea|\n|player|p2|kiritofps4|cynthia-masters|\n|teamsize|p1|6\n|teamsize|p2|6\n|gen|9\n|tier|[Gen 9] Ubers\n|rated|Tournament battle\n|rule|Sleep Clause Mod: Limit one foe put to sleep\n|rule|Species Clause: Limit one of each Pok\u00e9mon\n|rule|OHKO Clause: OHKO moves are banned\n|rule|Evasion Items Clause: Evasion items are banned\n|rule|Evasion Moves Clause: Evasion moves are banned\n|rule|Endless Battle Clause: Forcing endless battles is banned\n|rule|HP Percentage Mod: HP is shown in percentages\n|clearpoke\n|poke|p1|Great Tusk|\n|poke|p1|Koraidon|\n|poke|p1|Rayquaza|\n|poke|p1|Baxcalibur, F|\n|poke|p1|Zacian-*|\n|poke|p1|Arceus-Ground|\n|poke|p2|Grimmsnarl, M|\n|poke|p2|Miraidon|\n|poke|p2|Chien-Pao|\n|poke|p2|Flutter Mane|\n|poke|p2|Iron Moth|\n|poke|p2|Groudon|\n|teampreview\n|inactive|Battle timer is ON: inactive players will automatically lose when time's up. (requested by corvere\u2665)\n|inactive|kiritofps4 also wants the timer to be on.\n|\n|t:|1699141805\n|start\n|switch|p1a: Baxcalibur|Baxcalibur, F|100\/100\n|switch|p2a: Groudon|Groudon|100\/100\n|-weather|SunnyDay|[from] ability: Drought|[of] p2a: Groudon\n|turn|1\n|j|+OreoSpeedruns\n|\n|t:|1699141823\n|move|p1a: Baxcalibur|Icicle Spear|p2a: Groudon\n|-supereffective|p2a: Groudon\n|-damage|p2a: Groudon|84\/100\n|-supereffective|p2a: Groudon\n|-damage|p2a: Groudon|69\/100\n|-supereffective|p2a: Groudon\n|-damage|p2a: Groudon|54\/100\n|-supereffective|p2a: Groudon\n|-damage|p2a: Groudon|39\/100\n|-hitcount|p2a: Groudon|4\n|move|p2a: Groudon|Precipice Blades|p1a: Baxcalibur\n|-damage|p1a: Baxcalibur|46\/100\n|\n|-weather|SunnyDay|[upkeep]\n|-heal|p2a: Groudon|45\/100|[from] item: Leftovers\n|upkeep\n|turn|2\n|j|@Lasen\n|\n|t:|1699141834\n|move|p1a: Baxcalibur|Icicle Spear|p2a: Groudon\n|-supereffective|p2a: Groudon\n|-damage|p2a: Groudon|30\/100\n|-supereffective|p2a: Groudon\n|-damage|p2a: Groudon|16\/100\n|-supereffective|p2a: Groudon\n|-damage|p2a: Groudon|1\/100\n|-supereffective|p2a: Groudon\n|-damage|p2a: Groudon|0 fnt\n|faint|p2a: Groudon\n|-hitcount|p2: Groudon|4\n|\n|-weather|SunnyDay|[upkeep]\n|upkeep\n|\n|t:|1699141841\n|switch|p2a: Iron Moth|Iron Moth|100\/100\n|-enditem|p2a: Iron Moth|Booster Energy\n|-activate|p2a: Iron Moth|ability: Quark Drive|[fromitem]\n|-start|p2a: Iron Moth|quarkdrivespa\n|turn|3\n|\n|t:|1699141847\n|move|p2a: Iron Moth|Fiery Dance|p1a: Baxcalibur\n|-damage|p1a: Baxcalibur|0 fnt\n|faint|p1a: Baxcalibur\n|\n|-weather|SunnyDay|[upkeep]\n|upkeep\n|j| Henri's Imouto\n|\n|t:|1699141873\n|switch|p1a: Rayquaza|Rayquaza|100\/100\n|-ability|p1a: Rayquaza|Air Lock\n|turn|4\n|\n|t:|1699141884\n|-terastallize|p2a: Iron Moth|Fairy\n|move|p2a: Iron Moth|Dazzling Gleam|p1a: Rayquaza\n|-supereffective|p1a: Rayquaza\n|-enditem|p1a: Rayquaza|Focus Sash\n|-damage|p1a: Rayquaza|1\/100\n|move|p1a: Rayquaza|Earthquake|p2a: Iron Moth\n|-damage|p2a: Iron Moth|44\/100\n|\n|-weather|SunnyDay|[upkeep]\n|upkeep\n|turn|5\n|\n|t:|1699141892\n|move|p2a: Iron Moth|Dazzling Gleam|p1a: Rayquaza\n|-supereffective|p1a: Rayquaza\n|-damage|p1a: Rayquaza|0 fnt\n|faint|p1a: Rayquaza\n|\n|-weather|none\n|upkeep\n|\n|t:|1699141898\n|switch|p1a: Zacian|Zacian-Crowned|100\/100\n|-ability|p1a: Zacian|Intrepid Sword|boost\n|-boost|p1a: Zacian|atk|1\n|turn|6\n|\n|t:|1699141916\n|move|p1a: Zacian|Behemoth Blade|p2a: Iron Moth\n|-supereffective|p2a: Iron Moth\n|-damage|p2a: Iron Moth|0 fnt\n|faint|p2a: Iron Moth\n|-end|p2a: Iron Moth|Quark Drive|[silent]\n|\n|upkeep\n|\n|t:|1699141920\n|switch|p2a: Grimmsnarl|Grimmsnarl, M|100\/100\n|turn|7\n|\n|t:|1699141922\n|move|p2a: Grimmsnarl|Reflect|p2a: Grimmsnarl\n|-sidestart|p2: kiritofps4|Reflect\n|move|p1a: Zacian|Substitute|p1a: Zacian\n|-start|p1a: Zacian|Substitute\n|-damage|p1a: Zacian|76\/100\n|\n|upkeep\n|turn|8\n|\n|t:|1699141925\n|move|p2a: Grimmsnarl|Taunt|p1a: Zacian\n|-start|p1a: Zacian|move: Taunt\n|cant|p1a: Zacian|move: Taunt|Swords Dance\n|\n|upkeep\n|turn|9\n|\n|t:|1699141930\n|move|p1a: Zacian|Behemoth Blade|p2a: Grimmsnarl\n|-supereffective|p2a: Grimmsnarl\n|-damage|p2a: Grimmsnarl|0 fnt\n|faint|p2a: Grimmsnarl\n|\n|upkeep\n|\n|t:|1699141941\n|switch|p2a: Chien-Pao|Chien-Pao|100\/100\n|-ability|p2a: Chien-Pao|Sword of Ruin\n|turn|10\n|\n|t:|1699141946\n|move|p1a: Zacian|Behemoth Blade|p2a: Chien-Pao\n|-supereffective|p2a: Chien-Pao\n|-enditem|p2a: Chien-Pao|Focus Sash\n|-damage|p2a: Chien-Pao|1\/100\n|move|p2a: Chien-Pao|Icicle Crash|p1a: Zacian\n|-resisted|p1a: Zacian\n|-end|p1a: Zacian|Substitute\n|\n|-end|p1a: Zacian|move: Taunt\n|upkeep\n|turn|11\n|\n|t:|1699141954\n|move|p1a: Zacian|Swords Dance|p1a: Zacian\n|-boost|p1a: Zacian|atk|2\n|move|p2a: Chien-Pao|Icicle Crash|p1a: Zacian|[miss]\n|-miss|p2a: Chien-Pao|p1a: Zacian\n|\n|upkeep\n|turn|12\n|\n|t:|1699141959\n|move|p1a: Zacian|Behemoth Blade|p2a: Chien-Pao\n|-supereffective|p2a: Chien-Pao\n|-damage|p2a: Chien-Pao|0 fnt\n|faint|p2a: Chien-Pao\n|\n|upkeep\n|\n|t:|1699141961\n|switch|p2a: Miraidon|Miraidon|100\/100\n|-fieldstart|move: Electric Terrain|[from] ability: Hadron Engine|[of] p2a: Miraidon\n|turn|13\n|\n|t:|1699141968\n|move|p1a: Zacian|Substitute|p1a: Zacian\n|-start|p1a: Zacian|Substitute\n|-damage|p1a: Zacian|51\/100\n|move|p2a: Miraidon|Calm Mind|p2a: Miraidon\n|-boost|p2a: Miraidon|spa|1\n|-boost|p2a: Miraidon|spd|1\n|\n|upkeep\n|turn|14\n|\n|t:|1699141973\n|move|p1a: Zacian|Play Rough|p2a: Miraidon\n|-supereffective|p2a: Miraidon\n|-damage|p2a: Miraidon|0 fnt\n|faint|p2a: Miraidon\n|\n|-sideend|p2: kiritofps4|Reflect\n|upkeep\n|-message|kiritofps4 forfeited.\n|\n|win|corvere\u2665\n|n|\u2606corvere\u2665|corvere\n|n|\u2606kiritofps4|kiritofps4\n|n| OreoSpeedruns|oreospeedruns\n|n|+Lasen|lasen\n|n| Henri's Imouto|henrisimouto\n","uploadtime":1699141993,"views":9,"p1id":"corvere","p2id":"kiritofps4","formatid":"gen9ubers","rating":0,"private":0,"password":""}