{"id":"gen9ubers-1974257544","p1":"RUMYMOME","p2":"Imposter mat","format":"[Gen 9] Ubers","log":"|j|\u2606RUMYMOME\n|j|\u2606Imposter mat\n|inactive|Battle timer is ON: inactive players will automatically lose when time's up.\n|t:|1698072594\n|gametype|singles\n|player|p1|RUMYMOME|marshal|\n|player|p2|Imposter mat|hero2-conquest|\n|teamsize|p1|6\n|teamsize|p2|6\n|gen|9\n|tier|[Gen 9] Ubers\n|rated|Tournament battle\n|rule|Sleep Clause Mod: Limit one foe put to sleep\n|rule|Species Clause: Limit one of each Pok\u00e9mon\n|rule|OHKO Clause: OHKO moves are banned\n|rule|Evasion Items Clause: Evasion items are banned\n|rule|Evasion Moves Clause: Evasion moves are banned\n|rule|Endless Battle Clause: Forcing endless battles is banned\n|rule|HP Percentage Mod: HP is shown in percentages\n|rule|Terastal Clause: You cannot Terastallize\n|rule|1 Ability Clause: Limit 1 of each ability\n|clearpoke\n|poke|p1|Hariyama, M|\n|poke|p1|Arceus-Steel|\n|poke|p1|Calyrex-Shadow|\n|poke|p1|Magearna|\n|poke|p1|Palkia|\n|poke|p1|Zacian-*|\n|poke|p2|Rayquaza|\n|poke|p2|Arceus|\n|poke|p2|Kommo-o, F|\n|poke|p2|Magearna|\n|poke|p2|Regieleki|\n|poke|p2|Miraidon|\n|teampreview\n|j|*Lady Monita \u263d\n|c|\u2606Imposter mat|Glhf\n|\n|t:|1698072614\n|start\n|switch|p1a: Zacian|Zacian-Crowned|100\/100\n|switch|p2a: Kommo-o|Kommo-o, F|100\/100\n|-ability|p1a: Zacian|Intrepid Sword|boost\n|-boost|p1a: Zacian|atk|1\n|turn|1\n|\n|t:|1698072623\n|switch|p2a: Regieleki|Regieleki|100\/100\n|move|p1a: Zacian|Play Rough|p2a: Regieleki|[miss]\n|-miss|p1a: Zacian|p2a: Regieleki\n|\n|upkeep\n|turn|2\n|\n|t:|1698072631\n|move|p2a: Regieleki|Thunder Cage|p1a: Zacian\n|-damage|p1a: Zacian|64\/100\n|-activate|p1a: Zacian|move: Thunder Cage|[of] p2a: Regieleki\n|move|p1a: Zacian|Close Combat|p2a: Regieleki\n|-enditem|p2a: Regieleki|Focus Sash\n|-damage|p2a: Regieleki|1\/100\n|-unboost|p1a: Zacian|def|1\n|-unboost|p1a: Zacian|spd|1\n|\n|-damage|p1a: Zacian|52\/100|[from] move: Thunder Cage|[partiallytrapped]\n|upkeep\n|turn|3\n|\n|t:|1698072641\n|move|p2a: Regieleki|Thunder Cage|p1a: Zacian\n|-damage|p1a: Zacian|0 fnt\n|faint|p1a: Zacian\n|\n|upkeep\n|\n|t:|1698072649\n|switch|p1a: Hariyama|Hariyama, M|100\/100\n|turn|4\n|\n|t:|1698072656\n|move|p1a: Hariyama|Drain Punch|p2a: Regieleki\n|-damage|p2a: Regieleki|0 fnt\n|faint|p2a: Regieleki\n|\n|upkeep\n|\n|t:|1698072660\n|switch|p2a: Kommo-o|Kommo-o, F|100\/100\n|turn|5\n|\n|t:|1698072669\n|move|p2a: Kommo-o|Belly Drum|p2a: Kommo-o\n|-damage|p2a: Kommo-o|50\/100\n|-setboost|p2a: Kommo-o|atk|6|[from] move: Belly Drum\n|-enditem|p2a: Kommo-o|Sitrus Berry|[eat]\n|-heal|p2a: Kommo-o|75\/100|[from] item: Sitrus Berry\n|move|p1a: Hariyama|Ice Punch|p2a: Kommo-o\n|-supereffective|p2a: Kommo-o\n|-damage|p2a: Kommo-o|26\/100\n|\n|upkeep\n|turn|6\n|\n|t:|1698072680\n|move|p2a: Kommo-o|Drain Punch|p1a: Hariyama\n|-damage|p1a: Hariyama|0 fnt\n|-heal|p2a: Kommo-o|96\/100|[from] drain|[of] p1a: Hariyama\n|faint|p1a: Hariyama\n|\n|upkeep\n|\n|t:|1698072684\n|switch|p1a: Calyrex|Calyrex-Shadow|100\/100\n|turn|7\n|\n|t:|1698072697\n|switch|p2a: Arceus|Arceus|100\/100\n|move|p1a: Calyrex|Draining Kiss|p2a: Arceus\n|-damage|p2a: Arceus|86\/100\n|\n|-heal|p2a: Arceus|92\/100|[from] item: Leftovers\n|upkeep\n|turn|8\n|\n|t:|1698072712\n|move|p1a: Calyrex|Nasty Plot|p1a: Calyrex\n|-boost|p1a: Calyrex|spa|2\n|move|p2a: Arceus|Dragon Dance|p2a: Arceus\n|-boost|p2a: Arceus|atk|1\n|-boost|p2a: Arceus|spe|1\n|\n|-heal|p2a: Arceus|98\/100|[from] item: Leftovers\n|upkeep\n|turn|9\n|\n|t:|1698072716\n|move|p2a: Arceus|Earthquake|p1a: Calyrex\n|-damage|p1a: Calyrex|44\/100\n|move|p1a: Calyrex|Psyshock|p2a: Arceus\n|-damage|p2a: Arceus|30\/100\n|\n|-heal|p2a: Arceus|36\/100|[from] item: Leftovers\n|upkeep\n|turn|10\n|\n|t:|1698072722\n|move|p2a: Arceus|Earthquake|p1a: Calyrex\n|-damage|p1a: Calyrex|0 fnt\n|faint|p1a: Calyrex\n|\n|-heal|p2a: Arceus|42\/100|[from] item: Leftovers\n|upkeep\n|\n|t:|1698072726\n|switch|p1a: Arceus|Arceus-Steel|100\/100\n|turn|11\n|\n|t:|1698072730\n|move|p2a: Arceus|Recover|p2a: Arceus\n|-heal|p2a: Arceus|93\/100\n|move|p1a: Arceus|Iron Defense|p1a: Arceus\n|-boost|p1a: Arceus|def|2\n|\n|-heal|p2a: Arceus|99\/100|[from] item: Leftovers\n|upkeep\n|turn|12\n|\n|t:|1698072736\n|move|p2a: Arceus|Earthquake|p1a: Arceus\n|-supereffective|p1a: Arceus\n|-crit|p1a: Arceus\n|-damage|p1a: Arceus|38\/100\n|move|p1a: Arceus|Iron Defense|p1a: Arceus\n|-boost|p1a: Arceus|def|2\n|\n|-heal|p2a: Arceus|100\/100|[from] item: Leftovers\n|-heal|p1a: Arceus|44\/100|[from] item: Leftovers\n|upkeep\n|turn|13\n|\n|t:|1698072742\n|move|p2a: Arceus|Earthquake|p1a: Arceus\n|-supereffective|p1a: Arceus\n|-crit|p1a: Arceus\n|-damage|p1a: Arceus|0 fnt\n|faint|p1a: Arceus\n|\n|upkeep\n|c|\u2606RUMYMOME|Mf\n|c|\u2606Imposter mat|Sorry\n|\n|t:|1698072754\n|switch|p1a: Palkia|Palkia|100\/100\n|-weather|PrimordialSea|[from] ability: Primordial Sea|[of] p1a: Palkia\n|turn|14\n|\n|t:|1698072760\n|move|p2a: Arceus|Extreme Speed|p1a: Palkia\n|-damage|p1a: Palkia|39\/100\n|move|p1a: Palkia|Spacial Rend|p2a: Arceus\n|-damage|p2a: Arceus|58\/100\n|\n|-weather|PrimordialSea|[upkeep]\n|-heal|p2a: Arceus|64\/100|[from] item: Leftovers\n|upkeep\n|turn|15\n|-message|RUMYMOME forfeited.\n|\n|win|Imposter mat\n|n|\u2606RUMYMOME|rumymome\n|n|\u2606Imposter mat|impostermat\n|n|*Lady Monita \u263d|ladymonita\n","uploadtime":1698072766,"views":12,"p1id":"rumymome","p2id":"impostermat","formatid":"gen9ubers","rating":0,"private":0,"password":""}