{"id":"gen9ubers-1991556336","p1":"Fabrizioli","p2":"MeteorAsh15","format":"[Gen 9] Ubers","log":"|j|\u2606Fabrizioli\n|j|\u2606MeteorAsh15\n|t:|1700088028\n|gametype|singles\n|player|p1|Fabrizioli|n|\n|player|p2|MeteorAsh15|nate|\n|teamsize|p1|6\n|teamsize|p2|6\n|gen|9\n|tier|[Gen 9] Ubers\n|rule|Sleep Clause Mod: Limit one foe put to sleep\n|rule|Species Clause: Limit one of each Pok\u00e9mon\n|rule|OHKO Clause: OHKO moves are banned\n|rule|Evasion Items Clause: Evasion items are banned\n|rule|Evasion Moves Clause: Evasion moves are banned\n|rule|Endless Battle Clause: Forcing endless battles is banned\n|rule|HP Percentage Mod: HP is shown in percentages\n|clearpoke\n|poke|p1|Garchomp, M|\n|poke|p1|Heracross, M|\n|poke|p1|Zapdos|\n|poke|p1|Azumarill, M|\n|poke|p1|Shiftry, M|\n|poke|p1|Armarouge, M|\n|poke|p2|Baxcalibur, F|\n|poke|p2|Ninetales-Alola, F|\n|poke|p2|Koraidon|\n|poke|p2|Zacian-*|\n|poke|p2|Tornadus, M|\n|poke|p2|Ribombee, F|\n|teampreview\n|inactive|Battle timer is ON: inactive players will automatically lose when time's up. (requested by MeteorAsh15)\n|\n|t:|1700088040\n|start\n|switch|p1a: Armarouge|Armarouge, M, shiny|100\/100\n|switch|p2a: Ribombee|Ribombee, F, shiny|100\/100\n|turn|1\n|\n|t:|1700088047\n|move|p2a: Ribombee|Sticky Web|p1a: Armarouge\n|-sidestart|p1: Fabrizioli|move: Sticky Web\n|move|p1a: Armarouge|Will-O-Wisp|p2a: Ribombee\n|-status|p2a: Ribombee|brn\n|\n|-damage|p2a: Ribombee|94\/100 brn|[from] brn\n|upkeep\n|turn|2\n|\n|t:|1700088056\n|move|p2a: Ribombee|Tailwind|p2a: Ribombee\n|-sidestart|p2: MeteorAsh15|move: Tailwind\n|move|p1a: Armarouge|Expanding Force|p2a: Ribombee\n|-damage|p2a: Ribombee|37\/100 brn\n|\n|-damage|p2a: Ribombee|31\/100 brn|[from] brn\n|upkeep\n|turn|3\n|\n|t:|1700088064\n|move|p2a: Ribombee|Stun Spore|p1a: Armarouge\n|-status|p1a: Armarouge|par\n|cant|p1a: Armarouge|par\n|\n|-damage|p2a: Ribombee|25\/100 brn|[from] brn\n|upkeep\n|turn|4\n|\n|t:|1700088072\n|move|p2a: Ribombee|Imprison|p2a: Ribombee\n|-start|p2a: Ribombee|move: Imprison\n|cant|p1a: Armarouge|par\n|\n|-damage|p2a: Ribombee|19\/100 brn|[from] brn\n|upkeep\n|turn|5\n|\n|t:|1700088084\n|switch|p2a: Ninetales|Ninetales-Alola, F|100\/100\n|-weather|Snow|[from] ability: Snow Warning|[of] p2a: Ninetales\n|move|p1a: Armarouge|Expanding Force|p2a: Ninetales\n|-damage|p2a: Ninetales|64\/100\n|\n|-weather|Snow|[upkeep]\n|-sideend|p2: MeteorAsh15|move: Tailwind\n|upkeep\n|turn|6\n|\n|t:|1700088093\n|move|p2a: Ninetales|Aurora Veil|p2a: Ninetales\n|-sidestart|p2: MeteorAsh15|move: Aurora Veil\n|move|p1a: Armarouge|Will-O-Wisp|p2a: Ninetales\n|-status|p2a: Ninetales|brn\n|\n|-weather|Snow|[upkeep]\n|-damage|p2a: Ninetales|58\/100 brn|[from] brn\n|upkeep\n|turn|7\n|\n|t:|1700088101\n|move|p2a: Ninetales|Encore|p1a: Armarouge\n|-start|p1a: Armarouge|Encore\n|move|p1a: Armarouge|Will-O-Wisp|p2a: Ninetales\n|-fail|p2a: Ninetales|brn\n|\n|-weather|Snow|[upkeep]\n|-damage|p2a: Ninetales|52\/100 brn|[from] brn\n|upkeep\n|turn|8\n|\n|t:|1700088110\n|switch|p2a: Baxcalibur|Baxcalibur, F|100\/100\n|move|p1a: Armarouge|Will-O-Wisp|p2a: Baxcalibur\n|-immune|p2a: Baxcalibur|[from] ability: Thermal Exchange\n|\n|-weather|Snow|[upkeep]\n|upkeep\n|turn|9\n|\n|t:|1700088118\n|move|p2a: Baxcalibur|Swords Dance|p2a: Baxcalibur\n|-boost|p2a: Baxcalibur|atk|2\n|move|p1a: Armarouge|Will-O-Wisp|p2a: Baxcalibur\n|-immune|p2a: Baxcalibur|[from] ability: Thermal Exchange\n|\n|-weather|none\n|-end|p1a: Armarouge|Encore\n|upkeep\n|turn|10\n|\n|t:|1700088133\n|move|p2a: Baxcalibur|Scale Shot|p1a: Armarouge\n|-damage|p1a: Armarouge|69\/100 par\n|-ability|p1a: Armarouge|Weak Armor|boost\n|-unboost|p1a: Armarouge|def|1\n|-boost|p1a: Armarouge|spe|2\n|-damage|p1a: Armarouge|21\/100 par\n|-ability|p1a: Armarouge|Weak Armor|boost\n|-unboost|p1a: Armarouge|def|1\n|-boost|p1a: Armarouge|spe|2\n|-damage|p1a: Armarouge|0 fnt\n|faint|p1a: Armarouge\n|-hitcount|p1: Armarouge|3\n|-unboost|p2a: Baxcalibur|def|1\n|-boost|p2a: Baxcalibur|spe|1\n|\n|upkeep\n|\n|t:|1700088155\n|switch|p1a: Zapdos|Zapdos, shiny|100\/100\n|turn|11\n|\n|t:|1700088158\n|move|p2a: Baxcalibur|Icicle Spear|p1a: Zapdos\n|-supereffective|p1a: Zapdos\n|-damage|p1a: Zapdos|37\/100\n|-supereffective|p1a: Zapdos\n|-damage|p1a: Zapdos|0 fnt\n|faint|p1a: Zapdos\n|-hitcount|p1: Zapdos|2\n|\n|upkeep\n|\n|t:|1700088167\n|switch|p1a: Azumarill|Azumarill, M, shiny|100\/100\n|-activate|p1a: Azumarill|move: Sticky Web\n|-unboost|p1a: Azumarill|spe|1\n|turn|12\n|\n|t:|1700088178\n|move|p2a: Baxcalibur|Swords Dance|p2a: Baxcalibur\n|-boost|p2a: Baxcalibur|atk|2\n|move|p1a: Azumarill|Ice Spinner|p2a: Baxcalibur\n|-damage|p2a: Baxcalibur|86\/100\n|\n|upkeep\n|turn|13\n|\n|t:|1700088186\n|-terastallize|p2a: Baxcalibur|Ground\n|move|p2a: Baxcalibur|Earthquake|p1a: Azumarill\n|-damage|p1a: Azumarill|0 fnt\n|faint|p1a: Azumarill\n|\n|-sideend|p2: MeteorAsh15|move: Aurora Veil\n|upkeep\n|\n|t:|1700088192\n|switch|p1a: Shiftry|Shiftry, M, shiny|100\/100\n|-activate|p1a: Shiftry|move: Sticky Web\n|-unboost|p1a: Shiftry|spe|1\n|turn|14\n|\n|t:|1700088197\n|move|p2a: Baxcalibur|Icicle Spear|p1a: Shiftry\n|-supereffective|p1a: Shiftry\n|-damage|p1a: Shiftry|0 fnt\n|faint|p1a: Shiftry\n|-hitcount|p1: Shiftry|1\n|\n|upkeep\n|\n|t:|1700088204\n|switch|p1a: Heracross|Heracross, M, shiny|100\/100\n|-activate|p1a: Heracross|move: Sticky Web\n|-unboost|p1a: Heracross|spe|1\n|turn|15\n|\n|t:|1700088210\n|move|p2a: Baxcalibur|Icicle Spear|p1a: Heracross\n|-damage|p1a: Heracross|46\/100\n|-damage|p1a: Heracross|0 fnt\n|faint|p1a: Heracross\n|-hitcount|p1: Heracross|2\n|\n|upkeep\n|\n|t:|1700088216\n|switch|p1a: Garchomp|Garchomp, M, shiny|100\/100\n|-activate|p1a: Garchomp|move: Sticky Web\n|-unboost|p1a: Garchomp|spe|1\n|turn|16\n|\n|t:|1700088226\n|-terastallize|p1a: Garchomp|Ice\n|move|p2a: Baxcalibur|Earthquake|p1a: Garchomp\n|-damage|p1a: Garchomp|0 fnt\n|faint|p1a: Garchomp\n|\n|win|MeteorAsh15\n|c|\u2606MeteorAsh15|Sorry\n|c|\u2606Fabrizioli|gg\n|c|\u2606MeteorAsh15|Gg\n|c|\u2606Fabrizioli|dont worry hahaha\n|c|\u2606MeteorAsh15|Cheers!\n|c|\u2606MeteorAsh15|And all the best\n|c|\u2606Fabrizioli|i need help for build team\n|c|\u2606Fabrizioli|haha\n|c|\u2606Fabrizioli|hahaha, thankss\n|c|\u2606MeteorAsh15|Focus on some setup mons, support (like Rocks etc) and bulk\n","uploadtime":1700088303,"views":10,"p1id":"fabrizioli","p2id":"meteorash15","formatid":"gen9ubers","rating":0,"private":0,"password":""}