{"id":"gen9ubers-1982138011","p1":"Blake-Mamba","p2":"Dragon Trainer Kai","format":"[Gen 9] Ubers","log":"|j|\u2606Blake-Mamba\n|j|\u2606Dragon Trainer Kai\n|t:|1698971772\n|gametype|singles\n|player|p1|Blake-Mamba|juan|1267\n|player|p2|Dragon Trainer Kai|lucas-gen4pt|1350\n|teamsize|p1|6\n|teamsize|p2|6\n|gen|9\n|tier|[Gen 9] Ubers\n|rated|\n|rule|Sleep Clause Mod: Limit one foe put to sleep\n|rule|Species Clause: Limit one of each Pok\u00e9mon\n|rule|OHKO Clause: OHKO moves are banned\n|rule|Evasion Items Clause: Evasion items are banned\n|rule|Evasion Moves Clause: Evasion moves are banned\n|rule|Endless Battle Clause: Forcing endless battles is banned\n|rule|HP Percentage Mod: HP is shown in percentages\n|clearpoke\n|poke|p1|Ogerpon-Hearthflame, F|\n|poke|p1|Vikavolt, F|\n|poke|p1|Kommo-o, M|\n|poke|p1|Ursaluna-Bloodmoon, M|\n|poke|p1|Yanmega, F|\n|poke|p1|Chandelure, F|\n|poke|p2|Flutter Mane|\n|poke|p2|Zacian-*|\n|poke|p2|Giratina-Origin|\n|poke|p2|Koraidon|\n|poke|p2|Miraidon|\n|poke|p2|Arceus-Water|\n|teampreview\n|inactive|Battle timer is ON: inactive players will automatically lose when time's up. (requested by Dragon Trainer Kai)\n|\n|t:|1698971778\n|start\n|switch|p1a: Vikavolt|Vikavolt, F|100\/100\n|switch|p2a: Miraidon|Miraidon|100\/100\n|-fieldstart|move: Electric Terrain|[from] ability: Hadron Engine|[of] p2a: Miraidon\n|turn|1\n|-activate|p1a: Vikavolt|item: Quick Claw\n|\n|t:|1698971785\n|move|p1a: Vikavolt|Sticky Web|p2a: Miraidon\n|-sidestart|p2: Dragon Trainer Kai|move: Sticky Web\n|move|p2a: Miraidon|Overheat|p1a: Vikavolt\n|-supereffective|p1a: Vikavolt\n|-damage|p1a: Vikavolt|0 fnt\n|-unboost|p2a: Miraidon|spa|2\n|faint|p1a: Vikavolt\n|-damage|p2a: Miraidon|91\/100|[from] item: Life Orb\n|\n|upkeep\n|\n|t:|1698971798\n|switch|p1a: Kommo-o|Kommo-o, M|100\/100\n|turn|2\n|\n|t:|1698971801\n|move|p2a: Miraidon|Volt Switch|p1a: Kommo-o\n|-resisted|p1a: Kommo-o\n|-damage|p1a: Kommo-o|80\/100\n|-damage|p2a: Miraidon|81\/100|[from] item: Life Orb\n|\n|t:|1698971802\n|switch|p2a: Giratina|Giratina-Origin, shiny|100\/100|[from] Volt Switch\n|move|p1a: Kommo-o|Clangorous Soul|p1a: Kommo-o\n|-boost|p1a: Kommo-o|atk|1\n|-boost|p1a: Kommo-o|def|1\n|-boost|p1a: Kommo-o|spa|1\n|-boost|p1a: Kommo-o|spd|1\n|-boost|p1a: Kommo-o|spe|1\n|-damage|p1a: Kommo-o|47\/100\n|\n|-heal|p1a: Kommo-o|53\/100|[from] item: Leftovers\n|upkeep\n|turn|3\n|\n|t:|1698971816\n|move|p1a: Kommo-o|Outrage|p2a: Giratina\n|-supereffective|p2a: Giratina\n|-damage|p2a: Giratina|0 fnt\n|faint|p2a: Giratina\n|\n|-heal|p1a: Kommo-o|59\/100|[from] item: Leftovers\n|upkeep\n|\n|t:|1698971821\n|switch|p2a: Flutter Mane|Flutter Mane|100\/100\n|-activate|p2a: Flutter Mane|move: Sticky Web\n|-unboost|p2a: Flutter Mane|spe|1\n|-enditem|p2a: Flutter Mane|Booster Energy\n|-activate|p2a: Flutter Mane|ability: Protosynthesis|[fromitem]\n|-start|p2a: Flutter Mane|protosynthesisspa\n|turn|4\n|\n|t:|1698971829\n|move|p1a: Kommo-o|Outrage|p2a: Flutter Mane|[from]lockedmove\n|-immune|p2a: Flutter Mane\n|move|p2a: Flutter Mane|Psyshock|p1a: Kommo-o\n|-supereffective|p1a: Kommo-o\n|-damage|p1a: Kommo-o|20\/100\n|\n|-heal|p1a: Kommo-o|26\/100|[from] item: Leftovers\n|upkeep\n|turn|5\n|\n|t:|1698971839\n|move|p1a: Kommo-o|Iron Head|p2a: Flutter Mane\n|-supereffective|p2a: Flutter Mane\n|-damage|p2a: Flutter Mane|0 fnt\n|faint|p2a: Flutter Mane\n|-end|p2a: Flutter Mane|Protosynthesis|[silent]\n|\n|-heal|p1a: Kommo-o|32\/100|[from] item: Leftovers\n|-fieldend|move: Electric Terrain\n|upkeep\n|-message|Dragon Trainer Kai forfeited.\n|\n|win|Blake-Mamba\n|raw|Blake-Mamba's rating: 1267 &rarr; <strong>1298<\/strong><br \/>(+31 for winning)\n|raw|Dragon Trainer Kai's rating: 1350 &rarr; <strong>1325<\/strong><br \/>(-25 for losing)\n|l|\u2606Dragon Trainer Kai\n","uploadtime":1698971862,"views":9,"p1id":"blakemamba","p2id":"dragontrainerkai","formatid":"gen9ubers","rating":1298,"private":0,"password":""}