{"id":"gen9ubers-1991611680","p1":"VicksVoice","p2":"PicoleSexy","format":"[Gen 9] Ubers","log":"|j|\u2606VicksVoice\n|j|\u2606PicoleSexy\n|t:|1700094087\n|gametype|singles\n|player|p1|VicksVoice|lady|1108\n|player|p2|PicoleSexy|harlequin|1101\n|teamsize|p1|6\n|teamsize|p2|6\n|gen|9\n|tier|[Gen 9] Ubers\n|rated|\n|rule|Sleep Clause Mod: Limit one foe put to sleep\n|rule|Species Clause: Limit one of each Pok\u00e9mon\n|rule|OHKO Clause: OHKO moves are banned\n|rule|Evasion Items Clause: Evasion items are banned\n|rule|Evasion Moves Clause: Evasion moves are banned\n|rule|Endless Battle Clause: Forcing endless battles is banned\n|rule|HP Percentage Mod: HP is shown in percentages\n|clearpoke\n|poke|p1|Arceus-Dark|\n|poke|p1|Chien-Pao|\n|poke|p1|Chi-Yu|\n|poke|p1|Magearna|\n|poke|p1|Darkrai|\n|poke|p1|Urshifu-*, F|\n|poke|p2|Ribombee, M|\n|poke|p2|Espathra, M|\n|poke|p2|Miraidon|\n|poke|p2|Iron Treads|\n|poke|p2|Zoroark-Hisui, F|\n|poke|p2|Iron Bundle|\n|teampreview\n|inactive|Battle timer is ON: inactive players will automatically lose when time's up. (requested by VicksVoice)\n|\n|t:|1700094117\n|start\n|switch|p1a: Chi-Yu|Chi-Yu|100\/100\n|switch|p2a: Ribombee|Ribombee, M|100\/100\n|-ability|p1a: Chi-Yu|Beads of Ruin\n|turn|1\n|c|\u2606PicoleSexy|wtf\n|c|\u2606PicoleSexy|dark monotype\n|\n|t:|1700094135\n|move|p2a: Ribombee|Sticky Web|p1a: Chi-Yu\n|-sidestart|p1: VicksVoice|move: Sticky Web\n|move|p1a: Chi-Yu|Flamethrower|p2a: Ribombee\n|-supereffective|p2a: Ribombee\n|-enditem|p2a: Ribombee|Focus Sash\n|-damage|p2a: Ribombee|1\/100\n|\n|upkeep\n|turn|2\n|\n|t:|1700094148\n|move|p2a: Ribombee|Stun Spore|p1a: Chi-Yu|[miss]\n|-miss|p2a: Ribombee|p1a: Chi-Yu\n|move|p1a: Chi-Yu|Dark Pulse|p2a: Ribombee\n|-resisted|p2a: Ribombee\n|-damage|p2a: Ribombee|0 fnt\n|faint|p2a: Ribombee\n|\n|upkeep\n|\n|t:|1700094155\n|switch|p2a: Iron Bundle|Iron Bundle, shiny|100\/100\n|turn|3\n|c|\u2606VicksVoice|yes mate\n|\n|t:|1700094164\n|move|p2a: Iron Bundle|Hydro Pump|p1a: Chi-Yu\n|-supereffective|p1a: Chi-Yu\n|-damage|p1a: Chi-Yu|0 fnt\n|faint|p1a: Chi-Yu\n|\n|upkeep\n|\n|t:|1700094171\n|switch|p1a: Piper|Magearna|100\/100\n|-activate|p1a: Piper|move: Sticky Web\n|-unboost|p1a: Piper|spe|1\n|turn|4\n|\n|t:|1700094177\n|move|p2a: Iron Bundle|Hydro Pump|p1a: Piper\n|-damage|p1a: Piper|54\/100\n|move|p1a: Piper|Calm Mind|p1a: Piper\n|-boost|p1a: Piper|spa|1\n|-boost|p1a: Piper|spd|1\n|\n|-heal|p1a: Piper|60\/100|[from] item: Leftovers\n|upkeep\n|turn|5\n|\n|t:|1700094186\n|-end|p2a: Iron Bundle|Quark Drive|[silent]\n|switch|p2a: Miraidon|Miraidon|100\/100\n|-fieldstart|move: Electric Terrain|[from] ability: Hadron Engine|[of] p2a: Miraidon\n|-item|p2a: Miraidon|Air Balloon\n|move|p1a: Piper|Calm Mind|p1a: Piper\n|-boost|p1a: Piper|spa|1\n|-boost|p1a: Piper|spd|1\n|\n|-heal|p1a: Piper|66\/100|[from] item: Leftovers\n|upkeep\n|turn|6\n|\n|t:|1700094195\n|move|p2a: Miraidon|Overheat|p1a: Piper\n|-supereffective|p1a: Piper\n|-damage|p1a: Piper|11\/100\n|-unboost|p2a: Miraidon|spa|2\n|move|p1a: Piper|Draining Kiss|p2a: Miraidon\n|-supereffective|p2a: Miraidon\n|-damage|p2a: Miraidon|24\/100\n|-heal|p1a: Piper|65\/100|[from] drain|[of] p2a: Miraidon\n|-enditem|p2a: Miraidon|Air Balloon\n|\n|-heal|p1a: Piper|71\/100|[from] item: Leftovers\n|upkeep\n|turn|7\n|\n|t:|1700094206\n|move|p2a: Miraidon|Overheat|p1a: Piper\n|-supereffective|p1a: Piper\n|-damage|p1a: Piper|45\/100\n|-unboost|p2a: Miraidon|spa|2\n|move|p1a: Piper|Calm Mind|p1a: Piper\n|-boost|p1a: Piper|spa|1\n|-boost|p1a: Piper|spd|1\n|\n|-heal|p1a: Piper|51\/100|[from] item: Leftovers\n|upkeep\n|turn|8\n|\n|t:|1700094213\n|move|p2a: Miraidon|Electro Drift|p1a: Piper\n|-damage|p1a: Piper|41\/100\n|move|p1a: Piper|Iron Defense|p1a: Piper\n|-boost|p1a: Piper|def|2\n|\n|-heal|p1a: Piper|47\/100|[from] item: Leftovers\n|upkeep\n|turn|9\n|c|\u2606PicoleSexy|lol\n|\n|t:|1700094227\n|switch|p2a: Espathra|Espathra, M, shiny|100\/100\n|move|p1a: Piper|Calm Mind|p1a: Piper\n|-boost|p1a: Piper|spa|1\n|-boost|p1a: Piper|spd|1\n|\n|-heal|p1a: Piper|53\/100|[from] item: Leftovers\n|-fieldend|move: Electric Terrain\n|upkeep\n|turn|10\n|\n|t:|1700094235\n|move|p2a: Espathra|Trick|p1a: Piper\n|-activate|p2a: Espathra|move: Trick|[of] p1a: Piper\n|-item|p1a: Piper|Choice Specs|[from] move: Trick\n|-item|p2a: Espathra|Leftovers|[from] move: Trick\n|move|p1a: Piper|Draining Kiss|p2a: Espathra\n|-damage|p2a: Espathra|0 fnt\n|-heal|p1a: Piper|100\/100|[from] drain|[of] p2a: Espathra\n|replace|p2a: Zoroark|Zoroark-Hisui, F, shiny\n|-end|p2a: Zoroark|Illusion\n|faint|p2a: Zoroark\n|-ability|p1a: Piper|Soul-Heart|boost\n|-boost|p1a: Piper|spa|1\n|\n|upkeep\n|c|\u2606VicksVoice|OOJ\n|c|\u2606VicksVoice|that\n|c|\u2606VicksVoice|hurts\n|\n|t:|1700094248\n|switch|p2a: Iron Treads|Iron Treads|100\/100\n|turn|11\n|\n|t:|1700094254\n|move|p2a: Iron Treads|Earthquake|p1a: Piper\n|-supereffective|p1a: Piper\n|-damage|p1a: Piper|75\/100\n|move|p1a: Piper|Draining Kiss|p2a: Iron Treads\n|-resisted|p2a: Iron Treads\n|-damage|p2a: Iron Treads|36\/100\n|-heal|p1a: Piper|100\/100|[from] drain|[of] p2a: Iron Treads\n|\n|-heal|p2a: Iron Treads|42\/100|[from] item: Leftovers\n|upkeep\n|turn|12\n|\n|t:|1700094267\n|move|p2a: Iron Treads|Earthquake|p1a: Piper\n|-supereffective|p1a: Piper\n|-damage|p1a: Piper|78\/100\n|move|p1a: Piper|Draining Kiss|p2a: Iron Treads\n|-resisted|p2a: Iron Treads\n|-damage|p2a: Iron Treads|0 fnt\n|-heal|p1a: Piper|100\/100|[from] drain|[of] p2a: Iron Treads\n|faint|p2a: Iron Treads\n|-ability|p1a: Piper|Soul-Heart|boost\n|-boost|p1a: Piper|spa|1\n|-end|p2a: Iron Treads|Quark Drive|[silent]\n|\n|upkeep\n|\n|t:|1700094273\n|switch|p2a: Iron Bundle|Iron Bundle, shiny|100\/100\n|turn|13\n|\n|t:|1700094276\n|move|p2a: Iron Bundle|Flip Turn|p1a: Piper\n|-damage|p1a: Piper|96\/100\n|\n|t:|1700094279\n|-end|p2a: Iron Bundle|Quark Drive|[silent]\n|switch|p2a: Miraidon|Miraidon|24\/100|[from] Flip Turn\n|-fieldstart|move: Electric Terrain|[from] ability: Hadron Engine|[of] p2a: Miraidon\n|move|p1a: Piper|Draining Kiss|p2a: Miraidon\n|-supereffective|p2a: Miraidon\n|-damage|p2a: Miraidon|0 fnt\n|-heal|p1a: Piper|100\/100|[from] drain|[of] p2a: Miraidon\n|faint|p2a: Miraidon\n|\n|upkeep\n|c|\u2606PicoleSexy|gg\n|c|\u2606VicksVoice|ggz\n|\n|t:|1700094289\n|switch|p2a: Iron Bundle|Iron Bundle, shiny|100\/100\n|-activate|p2a: Iron Bundle|ability: Quark Drive\n|-start|p2a: Iron Bundle|quarkdrivespe\n|turn|14\n|\n|t:|1700094292\n|move|p2a: Iron Bundle|Ice Beam|p1a: Piper\n|-resisted|p1a: Piper\n|-damage|p1a: Piper|94\/100\n|move|p1a: Piper|Draining Kiss|p2a: Iron Bundle\n|-damage|p2a: Iron Bundle|0 fnt\n|-heal|p1a: Piper|100\/100|[from] drain|[of] p2a: Iron Bundle\n|faint|p2a: Iron Bundle\n|-end|p2a: Iron Bundle|Quark Drive|[silent]\n|\n|upkeep\n|\n|t:|1700094298\n|switch|p2a: Espathra|Espathra, M, shiny|100\/100\n|-enditem|p2a: Espathra|Electric Seed\n|-boost|p2a: Espathra|def|1|[from] item: Electric Seed\n|turn|15\n|\n|t:|1700094308\n|-terastallize|p2a: Espathra|Fairy\n|move|p2a: Espathra|Calm Mind|p2a: Espathra\n|-boost|p2a: Espathra|spa|1\n|-boost|p2a: Espathra|spd|1\n|move|p1a: Piper|Draining Kiss|p2a: Espathra\n|-crit|p2a: Espathra\n|-damage|p2a: Espathra|0 fnt\n|faint|p2a: Espathra\n|\n|win|VicksVoice\n|raw|VicksVoice's rating: 1108 &rarr; <strong>1132<\/strong><br \/>(+24 for winning)\n|raw|PicoleSexy's rating: 1101 &rarr; <strong>1077<\/strong><br \/>(-24 for losing)\n|l|\u2606PicoleSexy\n","uploadtime":1700094313,"views":6,"p1id":"vicksvoice","p2id":"picolesexy","formatid":"gen9ubers","rating":1077,"private":0,"password":""}