{"id":"gen9ubers-1969320372","p1":"Treegirl22","p2":"Envymetta_TTV","format":"[Gen 9] Ubers","log":"|j|\u2606Treegirl22\n|j|\u2606Envymetta_TTV\n|t:|1697513748\n|gametype|singles\n|player|p1|Treegirl22|101|1472\n|player|p2|Envymetta_TTV|acetrainer-gen4|1413\n|teamsize|p1|6\n|teamsize|p2|6\n|gen|9\n|tier|[Gen 9] Ubers\n|rated|\n|rule|Sleep Clause Mod: Limit one foe put to sleep\n|rule|Species Clause: Limit one of each Pok\u00e9mon\n|rule|OHKO Clause: OHKO moves are banned\n|rule|Evasion Items Clause: Evasion items are banned\n|rule|Evasion Moves Clause: Evasion moves are banned\n|rule|Endless Battle Clause: Forcing endless battles is banned\n|rule|HP Percentage Mod: HP is shown in percentages\n|clearpoke\n|poke|p1|Basculegion, M|\n|poke|p1|Koraidon|\n|poke|p1|Kyogre|\n|poke|p1|Arceus-Fairy|\n|poke|p1|Giratina-Origin|\n|poke|p1|Clodsire, F|\n|poke|p2|Shaymin-Sky|\n|poke|p2|Darkrai|\n|poke|p2|Arceus|\n|poke|p2|Dialga-Origin|\n|poke|p2|Giratina-Origin|\n|poke|p2|Garchomp, F|\n|teampreview\n|inactive|Battle timer is ON: inactive players will automatically lose when time's up. (requested by Envymetta_TTV)\n|\n|t:|1697513777\n|start\n|switch|p1a: Flame Rider|Koraidon|100\/100\n|switch|p2a: Darkrai|Darkrai, shiny|100\/100\n|-weather|SunnyDay|[from] ability: Orichalcum Pulse|[of] p1a: Flame Rider\n|-activate|p1a: Flame Rider|Orichalcum Pulse|[source]\n|turn|1\n|\n|t:|1697513802\n|move|p1a: Flame Rider|U-turn|p2a: Darkrai\n|-supereffective|p2a: Darkrai\n|-damage|p2a: Darkrai|18\/100\n|-enditem|p2a: Darkrai|Salac Berry|[eat]\n|-boost|p2a: Darkrai|spe|1|[from] item: Salac Berry\n|j| jackkarle\n|\n|t:|1697513811\n|switch|p1a: Barbie|Arceus-Fairy|100\/100|[from] U-turn\n|move|p2a: Darkrai|Hypnosis|p1a: Barbie\n|-status|p1a: Barbie|slp|[from] move: Hypnosis\n|\n|-weather|SunnyDay|[upkeep]\n|-damage|p1a: Barbie|88\/100 slp|[from] ability: Bad Dreams|[of] p2a: Darkrai\n|upkeep\n|turn|2\n|\n|t:|1697513818\n|move|p2a: Darkrai|Nasty Plot|p2a: Darkrai\n|-boost|p2a: Darkrai|spa|2\n|cant|p1a: Barbie|slp\n|\n|-weather|SunnyDay|[upkeep]\n|-damage|p1a: Barbie|76\/100 slp|[from] ability: Bad Dreams|[of] p2a: Darkrai\n|upkeep\n|turn|3\n|\n|t:|1697513823\n|move|p2a: Darkrai|Dark Pulse|p1a: Barbie\n|-resisted|p1a: Barbie\n|-damage|p1a: Barbie|51\/100 slp\n|cant|p1a: Barbie|slp\n|\n|-weather|SunnyDay|[upkeep]\n|-damage|p1a: Barbie|38\/100 slp|[from] ability: Bad Dreams|[of] p2a: Darkrai\n|upkeep\n|turn|4\n|\n|t:|1697513827\n|move|p2a: Darkrai|Dark Pulse|p1a: Barbie\n|-resisted|p1a: Barbie\n|-damage|p1a: Barbie|12\/100 slp\n|-curestatus|p1a: Barbie|slp|[msg]\n|move|p1a: Barbie|Judgment|p2a: Darkrai\n|-supereffective|p2a: Darkrai\n|-damage|p2a: Darkrai|0 fnt\n|faint|p2a: Darkrai\n|\n|-weather|SunnyDay|[upkeep]\n|upkeep\n|\n|t:|1697513836\n|switch|p2a: Shaymin|Shaymin-Sky, shiny|100\/100\n|turn|5\n|\n|t:|1697513841\n|move|p2a: Shaymin|Trailblaze|p1a: Barbie\n|-damage|p1a: Barbie|3\/100\n|-boost|p2a: Shaymin|spe|1\n|move|p1a: Barbie|Judgment|p2a: Shaymin\n|-damage|p2a: Shaymin|35\/100\n|\n|-weather|none\n|upkeep\n|turn|6\n|\n|t:|1697513847\n|move|p2a: Shaymin|Trailblaze|p1a: Barbie\n|-damage|p1a: Barbie|0 fnt\n|-boost|p2a: Shaymin|spe|1\n|faint|p1a: Barbie\n|\n|upkeep\n|\n|t:|1697513859\n|switch|p1a: Beelzebub|Giratina-Origin|100\/100\n|turn|7\n|\n|t:|1697513869\n|move|p2a: Shaymin|Air Slash|p1a: Beelzebub\n|-damage|p1a: Beelzebub|75\/100\n|cant|p1a: Beelzebub|flinch\n|\n|upkeep\n|turn|8\n|\n|t:|1697513874\n|move|p2a: Shaymin|Air Slash|p1a: Beelzebub\n|-damage|p1a: Beelzebub|52\/100\n|move|p1a: Beelzebub|Shadow Ball|p2a: Shaymin\n|-damage|p2a: Shaymin|0 fnt\n|faint|p2a: Shaymin\n|\n|upkeep\n|\n|t:|1697513882\n|switch|p2a: Garchomp|Garchomp, F, shiny|100\/100\n|turn|9\n|j| Mx.MollyMarxxx\n|\n|t:|1697513885\n|move|p2a: Garchomp|Outrage|p1a: Beelzebub\n|-supereffective|p1a: Beelzebub\n|-damage|p1a: Beelzebub|0 fnt\n|faint|p1a: Beelzebub\n|\n|upkeep\n|\n|t:|1697513898\n|switch|p1a: Leviathan|Kyogre|100\/100\n|-weather|RainDance|[from] ability: Drizzle|[of] p1a: Leviathan\n|turn|10\n|\n|t:|1697513900\n|move|p2a: Garchomp|Outrage|p1a: Leviathan|[from]lockedmove\n|-damage|p1a: Leviathan|25\/100\n|-start|p2a: Garchomp|confusion|[fatigue]\n|move|p1a: Leviathan|Ice Beam|p2a: Garchomp\n|-supereffective|p2a: Garchomp\n|-damage|p2a: Garchomp|0 fnt\n|faint|p2a: Garchomp\n|\n|-weather|RainDance|[upkeep]\n|upkeep\n|\n|t:|1697513912\n|switch|p2a: Arceus|Arceus, shiny|100\/100\n|turn|11\n|\n|t:|1697513921\n|switch|p1a: R E S P E C T|Basculegion, M|100\/100\n|move|p2a: Arceus|Extreme Speed|p1a: R E S P E C T\n|-immune|p1a: R E S P E C T\n|\n|-weather|RainDance|[upkeep]\n|upkeep\n|turn|12\n|j| I Like DS the 2nd\n|\n|t:|1697513932\n|switch|p2a: Giratina|Giratina-Origin, shiny|100\/100\n|move|p1a: R E S P E C T|Wave Crash|p2a: Giratina\n|-resisted|p2a: Giratina\n|-damage|p2a: Giratina|70\/100\n|-damage|p1a: R E S P E C T|88\/100|[from] Recoil\n|\n|-weather|RainDance|[upkeep]\n|upkeep\n|turn|13\n|\n|t:|1697513942\n|move|p2a: Giratina|Shadow Sneak|p1a: R E S P E C T\n|-supereffective|p1a: R E S P E C T\n|-damage|p1a: R E S P E C T|16\/100\n|move|p1a: R E S P E C T|Last Respects|p2a: Giratina\n|-supereffective|p2a: Giratina\n|-damage|p2a: Giratina|0 fnt\n|faint|p2a: Giratina\n|\n|-weather|RainDance|[upkeep]\n|upkeep\n|\n|t:|1697513952\n|switch|p2a: Dialga|Dialga-Origin, shiny|100\/100\n|-ability|p2a: Dialga|Pressure\n|turn|14\n|\n|t:|1697513956\n|switch|p2a: Arceus|Arceus, shiny|100\/100\n|move|p1a: R E S P E C T|Last Respects|p2a: Arceus\n|-immune|p2a: Arceus\n|\n|-weather|none\n|upkeep\n|turn|15\n|\n|t:|1697513963\n|move|p2a: Arceus|Swords Dance|p2a: Arceus\n|-boost|p2a: Arceus|atk|2\n|move|p1a: R E S P E C T|Wave Crash|p2a: Arceus\n|-damage|p2a: Arceus|60\/100\n|-damage|p1a: R E S P E C T|1\/100|[from] Recoil\n|\n|-heal|p2a: Arceus|66\/100|[from] item: Leftovers\n|upkeep\n|turn|16\n|\n|t:|1697513969\n|move|p2a: Arceus|Shadow Claw|p1a: R E S P E C T\n|-supereffective|p1a: R E S P E C T\n|-damage|p1a: R E S P E C T|0 fnt\n|faint|p1a: R E S P E C T\n|\n|-heal|p2a: Arceus|72\/100|[from] item: Leftovers\n|upkeep\n|\n|t:|1697513971\n|switch|p1a: Flame Rider|Koraidon|100\/100\n|-weather|SunnyDay|[from] ability: Orichalcum Pulse|[of] p1a: Flame Rider\n|-activate|p1a: Flame Rider|Orichalcum Pulse|[source]\n|turn|17\n|\n|t:|1697513978\n|-terastallize|p2a: Arceus|Ghost\n|move|p1a: Flame Rider|Collision Course|p2a: Arceus\n|-immune|p2a: Arceus\n|move|p2a: Arceus|Shadow Claw|p1a: Flame Rider\n|-damage|p1a: Flame Rider|37\/100\n|\n|-weather|SunnyDay|[upkeep]\n|-heal|p2a: Arceus|78\/100|[from] item: Leftovers\n|upkeep\n|turn|18\n|\n|t:|1697513987\n|switch|p1a: Leviathan|Kyogre|25\/100\n|-weather|RainDance|[from] ability: Drizzle|[of] p1a: Leviathan\n|move|p2a: Arceus|Extreme Speed|p1a: Leviathan\n|-damage|p1a: Leviathan|0 fnt\n|faint|p1a: Leviathan\n|\n|-weather|RainDance|[upkeep]\n|-heal|p2a: Arceus|84\/100|[from] item: Leftovers\n|upkeep\n|\n|t:|1697513994\n|switch|p1a: Squishmallow|Clodsire, F|100\/100\n|turn|19\n|\n|t:|1697513999\n|move|p2a: Arceus|Taunt|p1a: Squishmallow\n|-start|p1a: Squishmallow|move: Taunt\n|cant|p1a: Squishmallow|move: Taunt|Toxic\n|\n|-weather|RainDance|[upkeep]\n|-heal|p2a: Arceus|90\/100|[from] item: Leftovers\n|upkeep\n|turn|20\n|\n|t:|1697514005\n|move|p2a: Arceus|Shadow Claw|p1a: Squishmallow\n|-crit|p1a: Squishmallow\n|-damage|p1a: Squishmallow|0 fnt\n|faint|p1a: Squishmallow\n|\n|-weather|RainDance|[upkeep]\n|-heal|p2a: Arceus|96\/100|[from] item: Leftovers\n|upkeep\n|-message|Treegirl22 forfeited.\n|\n|win|Envymetta_TTV\n|raw|Treegirl22's rating: 1472 &rarr; <strong>1449<\/strong><br \/>(-23 for losing)\n|raw|Envymetta_TTV's rating: 1413 &rarr; <strong>1436<\/strong><br \/>(+23 for winning)\n|l|\u2606Treegirl22\n|l| I Like DS the 2nd\n","uploadtime":1697514011,"views":12,"p1id":"treegirl22","p2id":"envymettattv","formatid":"gen9ubers","rating":1436,"private":0,"password":""}