{"id":"gen9ubers-1997907488","p1":"MessiMeli","p2":"Manatsu","format":"[Gen 9] Ubers","log":"|j|\u2606MessiMeli\n|j|\u2606Manatsu\n|t:|1700866099\n|gametype|singles\n|player|p1|MessiMeli|rocketgrunt|\n|player|p2|Manatsu|hilbert|\n|teamsize|p1|6\n|teamsize|p2|6\n|gen|9\n|tier|[Gen 9] Ubers\n|rule|Sleep Clause Mod: Limit one foe put to sleep\n|rule|Species Clause: Limit one of each Pok\u00e9mon\n|rule|OHKO Clause: OHKO moves are banned\n|rule|Evasion Items Clause: Evasion items are banned\n|rule|Evasion Moves Clause: Evasion moves are banned\n|rule|Endless Battle Clause: Forcing endless battles is banned\n|rule|HP Percentage Mod: HP is shown in percentages\n|clearpoke\n|poke|p1|Gliscor, F|\n|poke|p1|Jolteon, M|\n|poke|p1|Lucario, M|\n|poke|p1|Cresselia, F|\n|poke|p1|Goodra-Hisui, M|\n|poke|p1|Ribombee, F|\n|poke|p2|Torkoal, M|\n|poke|p2|Clodsire, M|\n|poke|p2|Lilligant-Hisui, F|\n|poke|p2|Masquerain, F|\n|poke|p2|Walking Wake|\n|poke|p2|Ogerpon-Cornerstone, F|\n|teampreview\n|inactive|Battle timer is ON: inactive players will automatically lose when time's up. (requested by Manatsu)\n|inactive|MessiMeli has 270 seconds left.\n|inactiveoff|Battle timer is now OFF.\n|j| justinrockin\n|j| Yveltql\n|j| curtisthecacnea\n|j| iceberg149\n|c|\u2606MessiMeli|glgl\n|c|\u2606Manatsu|gl\n|\n|t:|1700866248\n|start\n|switch|p1a: I hate this Rat|Jolteon, M|100\/100\n|switch|p2a: Masquerain|Masquerain, F|100\/100\n|-ability|p2a: Masquerain|Intimidate|boost\n|-unboost|p1a: I hate this Rat|atk|1\n|turn|1\n|\n|t:|1700866261\n|-terastallize|p1a: I hate this Rat|Ice\n|move|p1a: I hate this Rat|Thunderbolt|p2a: Masquerain\n|-supereffective|p2a: Masquerain\n|-enditem|p2a: Masquerain|Focus Sash\n|-damage|p2a: Masquerain|1\/100\n|-damage|p1a: I hate this Rat|91\/100|[from] item: Life Orb\n|move|p2a: Masquerain|Sticky Web|p1a: I hate this Rat\n|-sidestart|p1: MessiMeli|move: Sticky Web\n|\n|upkeep\n|turn|2\n|\n|t:|1700866279\n|switch|p2a: Clodsire|Clodsire, M|100\/100\n|move|p1a: I hate this Rat|Volt Switch|p2a: Clodsire\n|-immune|p2a: Clodsire\n|\n|upkeep\n|turn|3\n|\n|t:|1700866322\n|switch|p1a: 0-3 Bring|Gliscor, F|100\/100\n|move|p2a: Clodsire|Recover||[still]\n|-fail|p2a: Clodsire|heal\n|\n|-status|p1a: 0-3 Bring|tox|[from] item: Toxic Orb\n|upkeep\n|turn|4\n|\n|t:|1700866376\n|switch|p2a: Masquerain|Masquerain, F|1\/100\n|-ability|p2a: Masquerain|Intimidate|boost\n|-unboost|p1a: 0-3 Bring|atk|1\n|move|p1a: 0-3 Bring|Spikes|p2a: Masquerain\n|-sidestart|p2: Manatsu|Spikes\n|\n|upkeep\n|turn|5\n|\n|t:|1700866386\n|move|p2a: Masquerain|Quiver Dance|p2a: Masquerain\n|-boost|p2a: Masquerain|spa|1\n|-boost|p2a: Masquerain|spd|1\n|-boost|p2a: Masquerain|spe|1\n|move|p1a: 0-3 Bring|Toxic|p2a: Masquerain\n|-status|p2a: Masquerain|tox\n|\n|-damage|p2a: Masquerain|0 fnt|[from] psn\n|faint|p2a: Masquerain\n|upkeep\n|j| RyzEr Chris\n|\n|t:|1700866391\n|switch|p2a: Torkoal|Torkoal, M|100\/100\n|-damage|p2a: Torkoal|88\/100|[from] Spikes\n|-weather|SunnyDay|[from] ability: Drought|[of] p2a: Torkoal\n|turn|6\n|l| iceberg149\n|j| iceberg149\n|\n|t:|1700866430\n|move|p1a: 0-3 Bring|Toxic|p2a: Torkoal|[miss]\n|-miss|p1a: 0-3 Bring|p2a: Torkoal\n|move|p2a: Torkoal|Stealth Rock|p1a: 0-3 Bring\n|-sidestart|p1: MessiMeli|move: Stealth Rock\n|\n|-weather|SunnyDay|[upkeep]\n|upkeep\n|turn|7\n|\n|t:|1700866480\n|move|p1a: 0-3 Bring|Toxic|p2a: Torkoal\n|-status|p2a: Torkoal|tox\n|move|p2a: Torkoal|Lava Plume|p1a: 0-3 Bring\n|-damage|p1a: 0-3 Bring|57\/100 tox\n|\n|-weather|SunnyDay|[upkeep]\n|-heal|p1a: 0-3 Bring|69\/100 tox|[from] ability: Poison Heal\n|-damage|p2a: Torkoal|82\/100 tox|[from] psn\n|upkeep\n|turn|8\n|\n|t:|1700866501\n|switch|p1a: My Baby|Cresselia, F|100\/100\n|-damage|p1a: My Baby|88\/100|[from] Stealth Rock\n|switch|p2a: Walking Wake|Walking Wake|100\/100\n|-damage|p2a: Walking Wake|88\/100|[from] Spikes\n|-activate|p2a: Walking Wake|ability: Protosynthesis\n|-start|p2a: Walking Wake|protosynthesisspa\n|\n|-weather|SunnyDay|[upkeep]\n|-heal|p1a: My Baby|94\/100|[from] item: Leftovers\n|upkeep\n|turn|9\n|\n|t:|1700866620\n|move|p2a: Walking Wake|Hydro Steam|p1a: My Baby\n|-damage|p1a: My Baby|39\/100\n|move|p1a: My Baby|Moonlight|p1a: My Baby\n|-heal|p1a: My Baby|100\/100\n|\n|-weather|SunnyDay|[upkeep]\n|upkeep\n|turn|10\n|\n|t:|1700866711\n|-end|p2a: Walking Wake|Protosynthesis|[silent]\n|switch|p2a: Ogerpon|Ogerpon-Cornerstone, F|100\/100\n|-damage|p2a: Ogerpon|88\/100|[from] Spikes\n|switch|p1a: My Adopted Baby|Goodra-Hisui, M|100\/100\n|-activate|p1a: My Adopted Baby|move: Sticky Web\n|-unboost|p1a: My Adopted Baby|spe|1\n|-damage|p1a: My Adopted Baby|94\/100|[from] Stealth Rock\n|\n|-weather|SunnyDay|[upkeep]\n|upkeep\n|turn|11\n|\n|t:|1700866780\n|move|p2a: Ogerpon|Swords Dance|p2a: Ogerpon\n|-boost|p2a: Ogerpon|atk|2\n|move|p1a: My Adopted Baby|Body Press|p2a: Ogerpon\n|-supereffective|p2a: Ogerpon\n|-damage|p2a: Ogerpon|40\/100\n|\n|-weather|SunnyDay|[upkeep]\n|upkeep\n|turn|12\n|\n|t:|1700866794\n|move|p2a: Ogerpon|Stomping Tantrum|p1a: My Adopted Baby\n|-supereffective|p1a: My Adopted Baby\n|-damage|p1a: My Adopted Baby|0 fnt\n|faint|p1a: My Adopted Baby\n|\n|-weather|SunnyDay|[upkeep]\n|upkeep\n|\n|t:|1700866815\n|switch|p1a: Please No Touching|Lucario, M|100\/100\n|-activate|p1a: Please No Touching|move: Sticky Web\n|-unboost|p1a: Please No Touching|spe|1\n|-damage|p1a: Please No Touching|98\/100|[from] Stealth Rock\n|turn|13\n|\n|t:|1700866830\n|move|p1a: Please No Touching|Vacuum Wave|p2a: Ogerpon\n|-supereffective|p2a: Ogerpon\n|-damage|p2a: Ogerpon|0 fnt\n|faint|p2a: Ogerpon\n|-damage|p1a: Please No Touching|88\/100|[from] item: Life Orb\n|\n|-weather|none\n|upkeep\n|\n|t:|1700866847\n|switch|p2a: Torkoal|Torkoal, M|82\/100 tox\n|-damage|p2a: Torkoal|70\/100 tox|[from] Spikes\n|-weather|SunnyDay|[from] ability: Drought|[of] p2a: Torkoal\n|turn|14\n|\n|t:|1700866871\n|switch|p1a: 0-3 Bring|Gliscor, F|69\/100 tox\n|-damage|p1a: 0-3 Bring|57\/100 tox|[from] Stealth Rock\n|move|p2a: Torkoal|Lava Plume|p1a: 0-3 Bring\n|-damage|p1a: 0-3 Bring|11\/100 tox\n|\n|-weather|SunnyDay|[upkeep]\n|-heal|p1a: 0-3 Bring|24\/100 tox|[from] ability: Poison Heal\n|-damage|p2a: Torkoal|64\/100 tox|[from] psn\n|upkeep\n|turn|15\n|\n|t:|1700866878\n|move|p1a: 0-3 Bring|Protect|p1a: 0-3 Bring\n|-singleturn|p1a: 0-3 Bring|Protect\n|move|p2a: Torkoal|Lava Plume|p1a: 0-3 Bring\n|-activate|p1a: 0-3 Bring|move: Protect\n|\n|-weather|SunnyDay|[upkeep]\n|-heal|p1a: 0-3 Bring|36\/100 tox|[from] ability: Poison Heal\n|-damage|p2a: Torkoal|52\/100 tox|[from] psn\n|upkeep\n|turn|16\n|\n|t:|1700866905\n|switch|p1a: My Baby|Cresselia, F|100\/100\n|-damage|p1a: My Baby|88\/100|[from] Stealth Rock\n|move|p2a: Torkoal|Lava Plume|p1a: My Baby\n|-damage|p1a: My Baby|65\/100\n|\n|-weather|SunnyDay|[upkeep]\n|-heal|p1a: My Baby|71\/100|[from] item: Leftovers\n|-damage|p2a: Torkoal|33\/100 tox|[from] psn\n|upkeep\n|turn|17\n|\n|t:|1700866912\n|switch|p2a: Clodsire|Clodsire, M|100\/100\n|-damage|p2a: Clodsire|88\/100|[from] Spikes\n|move|p1a: My Baby|Moonlight|p1a: My Baby\n|-heal|p1a: My Baby|100\/100\n|\n|-weather|SunnyDay|[upkeep]\n|-heal|p2a: Clodsire|94\/100|[from] item: Black Sludge\n|upkeep\n|turn|18\n|\n|t:|1700866925\n|switch|p1a: 0-3 Bring|Gliscor, F|36\/100 tox\n|-damage|p1a: 0-3 Bring|24\/100 tox|[from] Stealth Rock\n|move|p2a: Clodsire|Toxic|p1a: 0-3 Bring\n|-fail|p1a: 0-3 Bring|tox\n|\n|-weather|SunnyDay|[upkeep]\n|-heal|p2a: Clodsire|100\/100|[from] item: Black Sludge\n|-heal|p1a: 0-3 Bring|36\/100 tox|[from] ability: Poison Heal\n|upkeep\n|turn|19\n|\n|t:|1700866952\n|switch|p2a: Lilligant|Lilligant-Hisui, F|100\/100\n|-damage|p2a: Lilligant|88\/100|[from] Spikes\n|move|p1a: 0-3 Bring|Spikes|p2a: Lilligant\n|-sidestart|p2: Manatsu|Spikes\n|\n|-weather|SunnyDay|[upkeep]\n|-heal|p2a: Lilligant|94\/100|[from] item: Leftovers\n|-heal|p1a: 0-3 Bring|49\/100 tox|[from] ability: Poison Heal\n|upkeep\n|turn|20\n|\n|t:|1700866962\n|move|p2a: Lilligant|Victory Dance|p2a: Lilligant\n|-boost|p2a: Lilligant|atk|1\n|-boost|p2a: Lilligant|def|1\n|-boost|p2a: Lilligant|spe|1\n|move|p1a: 0-3 Bring|Toxic|p2a: Lilligant|[miss]\n|-miss|p1a: 0-3 Bring|p2a: Lilligant\n|\n|-weather|SunnyDay|[upkeep]\n|-heal|p2a: Lilligant|99\/100|[from] item: Leftovers\n|-heal|p1a: 0-3 Bring|61\/100 tox|[from] ability: Poison Heal\n|upkeep\n|turn|21\n|\n|t:|1700866971\n|move|p1a: 0-3 Bring|Protect|p1a: 0-3 Bring\n|-singleturn|p1a: 0-3 Bring|Protect\n|move|p2a: Lilligant|Ice Spinner|p1a: 0-3 Bring\n|-activate|p1a: 0-3 Bring|move: Protect\n|\n|-weather|none\n|-heal|p2a: Lilligant|100\/100|[from] item: Leftovers\n|-heal|p1a: 0-3 Bring|73\/100 tox|[from] ability: Poison Heal\n|upkeep\n|turn|22\n|\n|t:|1700867005\n|switch|p1a: My Baby|Cresselia, F|100\/100\n|-damage|p1a: My Baby|88\/100|[from] Stealth Rock\n|move|p2a: Lilligant|Ice Spinner|p1a: My Baby\n|-damage|p1a: My Baby|69\/100\n|\n|-heal|p1a: My Baby|75\/100|[from] item: Leftovers\n|upkeep\n|turn|23\n|\n|t:|1700867035\n|switch|p2a: Clodsire|Clodsire, M|100\/100\n|-damage|p2a: Clodsire|84\/100|[from] Spikes\n|move|p1a: My Baby|Moonblast|p2a: Clodsire\n|-resisted|p2a: Clodsire\n|-damage|p2a: Clodsire|79\/100\n|-unboost|p2a: Clodsire|spa|1\n|\n|-heal|p1a: My Baby|81\/100|[from] item: Leftovers\n|-heal|p2a: Clodsire|85\/100|[from] item: Black Sludge\n|upkeep\n|turn|24\n|\n|t:|1700867048\n|switch|p1a: 0-3 Bring|Gliscor, F|73\/100 tox\n|-damage|p1a: 0-3 Bring|61\/100 tox|[from] Stealth Rock\n|switch|p2a: Torkoal|Torkoal, M|33\/100 tox\n|-damage|p2a: Torkoal|17\/100 tox|[from] Spikes\n|-weather|SunnyDay|[from] ability: Drought|[of] p2a: Torkoal\n|\n|-weather|SunnyDay|[upkeep]\n|-heal|p1a: 0-3 Bring|73\/100 tox|[from] ability: Poison Heal\n|-damage|p2a: Torkoal|10\/100 tox|[from] psn\n|upkeep\n|turn|25\n|\n|t:|1700867057\n|move|p1a: 0-3 Bring|Earthquake|p2a: Torkoal\n|-supereffective|p2a: Torkoal\n|-damage|p2a: Torkoal|0 fnt\n|faint|p2a: Torkoal\n|\n|-weather|SunnyDay|[upkeep]\n|-heal|p1a: 0-3 Bring|86\/100 tox|[from] ability: Poison Heal\n|upkeep\n|\n|t:|1700867065\n|switch|p2a: Walking Wake|Walking Wake|88\/100\n|-damage|p2a: Walking Wake|72\/100|[from] Spikes\n|-activate|p2a: Walking Wake|ability: Protosynthesis\n|-start|p2a: Walking Wake|protosynthesisspa\n|turn|26\n|\n|t:|1700867089\n|move|p1a: 0-3 Bring|Protect|p1a: 0-3 Bring\n|-singleturn|p1a: 0-3 Bring|Protect\n|move|p2a: Walking Wake|Hydro Steam|p1a: 0-3 Bring\n|-activate|p1a: 0-3 Bring|move: Protect\n|\n|-weather|SunnyDay|[upkeep]\n|-heal|p1a: 0-3 Bring|98\/100 tox|[from] ability: Poison Heal\n|upkeep\n|turn|27\n|\n|t:|1700867127\n|switch|p1a: Forgotten Infant|Ribombee, F|100\/100\n|-activate|p1a: Forgotten Infant|move: Sticky Web\n|-unboost|p1a: Forgotten Infant|spe|1\n|-damage|p1a: Forgotten Infant|76\/100|[from] Stealth Rock\n|move|p2a: Walking Wake|Hydro Steam|p1a: Forgotten Infant\n|-damage|p1a: Forgotten Infant|0 fnt\n|faint|p1a: Forgotten Infant\n|\n|-weather|SunnyDay|[upkeep]\n|upkeep\n|\n|t:|1700867137\n|switch|p1a: My Baby|Cresselia, F|81\/100\n|-damage|p1a: My Baby|68\/100|[from] Stealth Rock\n|turn|28\n|\n|t:|1700867152\n|move|p2a: Walking Wake|Hydro Steam|p1a: My Baby\n|-crit|p1a: My Baby\n|-damage|p1a: My Baby|0 fnt\n|faint|p1a: My Baby\n|\n|-weather|SunnyDay|[upkeep]\n|upkeep\n|c|\u2606Manatsu|omfg\n|\n|t:|1700867164\n|switch|p1a: I hate this Rat|Jolteon, M, tera:Ice|91\/100\n|-activate|p1a: I hate this Rat|move: Sticky Web\n|-unboost|p1a: I hate this Rat|spe|1\n|-damage|p1a: I hate this Rat|66\/100|[from] Stealth Rock\n|turn|29\n|\n|t:|1700867170\n|move|p2a: Walking Wake|Hydro Steam|p1a: I hate this Rat\n|-damage|p1a: I hate this Rat|0 fnt\n|faint|p1a: I hate this Rat\n|\n|-weather|SunnyDay|[upkeep]\n|upkeep\n|\n|t:|1700867176\n|switch|p1a: Please No Touching|Lucario, M|88\/100\n|-activate|p1a: Please No Touching|move: Sticky Web\n|-unboost|p1a: Please No Touching|spe|1\n|-damage|p1a: Please No Touching|85\/100|[from] Stealth Rock\n|turn|30\n|\n|t:|1700867194\n|-end|p2a: Walking Wake|Protosynthesis|[silent]\n|switch|p2a: Clodsire|Clodsire, M|85\/100\n|-damage|p2a: Clodsire|69\/100|[from] Spikes\n|move|p1a: Please No Touching|Vacuum Wave|p2a: Clodsire\n|-resisted|p2a: Clodsire\n|-damage|p2a: Clodsire|62\/100\n|-damage|p1a: Please No Touching|75\/100|[from] item: Life Orb\n|\n|-weather|SunnyDay|[upkeep]\n|-heal|p2a: Clodsire|69\/100|[from] item: Black Sludge\n|upkeep\n|turn|31\n|\n|t:|1700867216\n|switch|p1a: 0-3 Bring|Gliscor, F|98\/100 tox\n|-damage|p1a: 0-3 Bring|86\/100 tox|[from] Stealth Rock\n|move|p2a: Clodsire|Earthquake|p1a: 0-3 Bring\n|-immune|p1a: 0-3 Bring\n|\n|-weather|none\n|-heal|p2a: Clodsire|75\/100|[from] item: Black Sludge\n|-heal|p1a: 0-3 Bring|98\/100 tox|[from] ability: Poison Heal\n|upkeep\n|turn|32\n|\n|t:|1700867229\n|switch|p2a: Lilligant|Lilligant-Hisui, F|100\/100\n|-damage|p2a: Lilligant|84\/100|[from] Spikes\n|move|p1a: 0-3 Bring|Toxic|p2a: Lilligant\n|-status|p2a: Lilligant|tox\n|\n|-heal|p2a: Lilligant|90\/100 tox|[from] item: Leftovers\n|-damage|p2a: Lilligant|84\/100 tox|[from] psn\n|-heal|p1a: 0-3 Bring|100\/100 tox|[from] ability: Poison Heal\n|upkeep\n|turn|33\n|\n|t:|1700867239\n|move|p2a: Lilligant|Victory Dance|p2a: Lilligant\n|-boost|p2a: Lilligant|atk|1\n|-boost|p2a: Lilligant|def|1\n|-boost|p2a: Lilligant|spe|1\n|move|p1a: 0-3 Bring|Earthquake|p2a: Lilligant\n|-resisted|p2a: Lilligant\n|-damage|p2a: Lilligant|66\/100 tox\n|\n|-heal|p2a: Lilligant|72\/100 tox|[from] item: Leftovers\n|-damage|p2a: Lilligant|60\/100 tox|[from] psn\n|upkeep\n|turn|34\n|\n|t:|1700867247\n|move|p1a: 0-3 Bring|Protect|p1a: 0-3 Bring\n|-singleturn|p1a: 0-3 Bring|Protect\n|move|p2a: Lilligant|Ice Spinner|p1a: 0-3 Bring\n|-activate|p1a: 0-3 Bring|move: Protect\n|\n|-heal|p2a: Lilligant|66\/100 tox|[from] item: Leftovers\n|-damage|p2a: Lilligant|48\/100 tox|[from] psn\n|upkeep\n|turn|35\n|\n|t:|1700867257\n|switch|p1a: Please No Touching|Lucario, M|75\/100\n|-activate|p1a: Please No Touching|move: Sticky Web\n|-unboost|p1a: Please No Touching|spe|1\n|-damage|p1a: Please No Touching|72\/100|[from] Stealth Rock\n|move|p2a: Lilligant|Ice Spinner|p1a: Please No Touching\n|-resisted|p1a: Please No Touching\n|-damage|p1a: Please No Touching|41\/100\n|\n|-heal|p2a: Lilligant|54\/100 tox|[from] item: Leftovers\n|-damage|p2a: Lilligant|30\/100 tox|[from] psn\n|upkeep\n|turn|36\n|\n|t:|1700867264\n|move|p1a: Please No Touching|Vacuum Wave|p2a: Lilligant\n|-damage|p2a: Lilligant|0 fnt\n|faint|p2a: Lilligant\n|-damage|p1a: Please No Touching|31\/100|[from] item: Life Orb\n|\n|upkeep\n|\n|t:|1700867269\n|switch|p2a: Walking Wake|Walking Wake|72\/100\n|-damage|p2a: Walking Wake|55\/100|[from] Spikes\n|turn|37\n|\n|t:|1700867274\n|move|p1a: Please No Touching|Vacuum Wave|p2a: Walking Wake\n|-damage|p2a: Walking Wake|25\/100\n|-damage|p1a: Please No Touching|21\/100|[from] item: Life Orb\n|move|p2a: Walking Wake|Hydro Steam|p1a: Please No Touching\n|-damage|p1a: Please No Touching|0 fnt\n|faint|p1a: Please No Touching\n|\n|upkeep\n|\n|t:|1700867279\n|switch|p1a: 0-3 Bring|Gliscor, F|100\/100 tox\n|-damage|p1a: 0-3 Bring|88\/100 tox|[from] Stealth Rock\n|turn|38\n|\n|t:|1700867287\n|move|p2a: Walking Wake|Hydro Steam|p1a: 0-3 Bring\n|-supereffective|p1a: 0-3 Bring\n|-damage|p1a: 0-3 Bring|0 fnt\n|faint|p1a: 0-3 Bring\n|\n|win|Manatsu\n|c|\u2606MessiMeli|ggs\n|c|\u2606Manatsu|gg\n|l| RyzEr Chris\n|c|\u2606Manatsu|that cress crit won me the game\n|c|\u2606MessiMeli|yeahhh\n|l| justinrockin\n|l| iceberg149\n|c|\u2606MessiMeli|also 2 toxic misses for me too\n|c|\u2606Manatsu|yeah\n|c|\u2606MessiMeli|which slowed momentum\n|c|\u2606Manatsu|that gliscor was such a problem\n","uploadtime":1700867349,"views":13,"p1id":"messimeli","p2id":"manatsu","formatid":"gen9ubers","rating":0,"private":0,"password":""}