{"id":"gen9ubers-1993824447","p1":"MrMorgone","p2":"Bahamate","format":"[Gen 9] Ubers","log":"|j|\u2606MrMorgone\n|j|\u2606Bahamate\n|t:|1700361830\n|gametype|singles\n|player|p1|MrMorgone|265|\n|player|p2|Bahamate|grimsley|\n|teamsize|p1|6\n|teamsize|p2|6\n|gen|9\n|tier|[Gen 9] Ubers\n|rule|Sleep Clause Mod: Limit one foe put to sleep\n|rule|Species Clause: Limit one of each Pok\u00e9mon\n|rule|OHKO Clause: OHKO moves are banned\n|rule|Evasion Items Clause: Evasion items are banned\n|rule|Evasion Moves Clause: Evasion moves are banned\n|rule|Endless Battle Clause: Forcing endless battles is banned\n|rule|HP Percentage Mod: HP is shown in percentages\n|clearpoke\n|poke|p1|Kingambit, M|\n|poke|p1|Jolteon, F|\n|poke|p1|Landorus-Therian, M|\n|poke|p1|Empoleon, F|\n|poke|p1|Amoonguss, M|\n|poke|p1|Cresselia, F|\n|poke|p2|Iron Hands|\n|poke|p2|Weezing-Galar, M|\n|poke|p2|Ogerpon, F|\n|poke|p2|Chandelure, F|\n|poke|p2|Basculin-White-Striped, F|\n|poke|p2|Rillaboom, M|\n|teampreview\n|c|\u2606Bahamate|GL HF\n|\n|t:|1700361860\n|start\n|switch|p1a: Landorus|Landorus-Therian, M|100\/100\n|switch|p2a: Popeye|Rillaboom, M|100\/100\n|-ability|p1a: Landorus|Intimidate|boost\n|-unboost|p2a: Popeye|atk|1\n|-fieldstart|move: Grassy Terrain|[from] ability: Grassy Surge|[of] p2a: Popeye\n|turn|1\n|\n|t:|1700361887\n|move|p2a: Popeye|Grassy Glide|p1a: Landorus\n|-damage|p1a: Landorus|60\/100\n|move|p1a: Landorus|U-turn|p2a: Popeye\n|-supereffective|p2a: Popeye\n|-damage|p2a: Popeye|56\/100\n|\n|t:|1700361896\n|switch|p1a: Empoleon|Empoleon, F, shiny|100\/100|[from] U-turn\n|\n|-heal|p2a: Popeye|62\/100|[from] Grassy Terrain\n|upkeep\n|turn|2\n|\n|t:|1700361911\n|move|p2a: Popeye|U-turn|p1a: Empoleon\n|-resisted|p1a: Empoleon\n|-damage|p1a: Empoleon|92\/100\n|\n|t:|1700361938\n|switch|p2a: lv99 Fishing|Basculin-White-Striped, F|100\/100|[from] U-turn\n|move|p1a: Empoleon|Knock Off|p2a: lv99 Fishing\n|-damage|p2a: lv99 Fishing|78\/100\n|-enditem|p2a: lv99 Fishing|Eviolite|[from] move: Knock Off|[of] p1a: Empoleon\n|\n|-heal|p2a: lv99 Fishing|84\/100|[from] Grassy Terrain\n|-heal|p1a: Empoleon|98\/100|[from] Grassy Terrain\n|-heal|p1a: Empoleon|100\/100|[from] item: Leftovers\n|upkeep\n|turn|3\n|c|\u2606MrMorgone|glhg\n|\n|t:|1700361965\n|switch|p1a: Amoonguss|Amoonguss, M, shiny|100\/100\n|-terastallize|p2a: lv99 Fishing|Fighting\n|move|p2a: lv99 Fishing|Tera Blast|p1a: Amoonguss|[anim] Tera Blast Fighting\n|-resisted|p1a: Amoonguss\n|-damage|p1a: Amoonguss|79\/100\n|\n|-heal|p2a: lv99 Fishing|90\/100|[from] Grassy Terrain\n|-heal|p1a: Amoonguss|85\/100|[from] Grassy Terrain\n|upkeep\n|turn|4\n|\n|t:|1700361985\n|switch|p2a: Gothic Lights|Chandelure, F, shiny|100\/100\n|move|p1a: Amoonguss|Sludge Bomb|p2a: Gothic Lights\n|-resisted|p2a: Gothic Lights\n|-damage|p2a: Gothic Lights|79\/100\n|-status|p2a: Gothic Lights|psn\n|\n|-heal|p2a: Gothic Lights|85\/100 psn|[from] Grassy Terrain\n|-heal|p1a: Amoonguss|91\/100|[from] Grassy Terrain\n|-damage|p2a: Gothic Lights|73\/100 psn|[from] psn\n|upkeep\n|turn|5\n|\n|t:|1700362022\n|switch|p1a: Landorus|Landorus-Therian, M|60\/100\n|-ability|p1a: Landorus|Intimidate|boost\n|-unboost|p2a: Gothic Lights|atk|1\n|move|p2a: Gothic Lights|Substitute|p2a: Gothic Lights\n|-start|p2a: Gothic Lights|Substitute\n|-damage|p2a: Gothic Lights|48\/100 psn\n|\n|-heal|p2a: Gothic Lights|54\/100 psn|[from] Grassy Terrain\n|-damage|p2a: Gothic Lights|41\/100 psn|[from] psn\n|-fieldend|move: Grassy Terrain\n|upkeep\n|turn|6\n|\n|t:|1700362037\n|move|p1a: Landorus|Earthquake|p2a: Gothic Lights\n|-supereffective|p2a: Gothic Lights\n|-end|p2a: Gothic Lights|Substitute\n|move|p2a: Gothic Lights|Flamethrower|p1a: Landorus\n|-damage|p1a: Landorus|0 fnt\n|faint|p1a: Landorus\n|\n|-damage|p2a: Gothic Lights|29\/100 psn|[from] psn\n|upkeep\n|\n|t:|1700362049\n|switch|p1a: Empoleon|Empoleon, F, shiny|100\/100\n|turn|7\n|\n|t:|1700362072\n|switch|p2a: lv99 Fishing|Basculin-White-Striped, F, tera:Fighting|90\/100\n|move|p1a: Empoleon|Knock Off|p2a: lv99 Fishing\n|-resisted|p2a: lv99 Fishing\n|-damage|p2a: lv99 Fishing|78\/100\n|\n|upkeep\n|turn|8\n|\n|t:|1700362083\n|switch|p1a: Cresselia|Cresselia, F, shiny|100\/100\n|move|p2a: lv99 Fishing|Tera Blast|p1a: Cresselia|[anim] Tera Blast Fighting\n|-resisted|p1a: Cresselia\n|-damage|p1a: Cresselia|83\/100\n|\n|upkeep\n|turn|9\n|\n|t:|1700362103\n|move|p2a: lv99 Fishing|Wave Crash|p1a: Cresselia\n|-damage|p1a: Cresselia|42\/100\n|-damage|p2a: lv99 Fishing|59\/100|[from] Recoil\n|move|p1a: Cresselia|Psychic|p2a: lv99 Fishing\n|-supereffective|p2a: lv99 Fishing\n|-damage|p2a: lv99 Fishing|0 fnt\n|faint|p2a: lv99 Fishing\n|\n|upkeep\n|\n|t:|1700362123\n|switch|p2a: Popeye|Rillaboom, M|62\/100\n|-fieldstart|move: Grassy Terrain|[from] ability: Grassy Surge|[of] p2a: Popeye\n|turn|10\n|\n|t:|1700362139\n|switch|p1a: Amoonguss|Amoonguss, M, shiny|100\/100\n|move|p2a: Popeye|Knock Off|p1a: Amoonguss\n|-damage|p1a: Amoonguss|62\/100\n|-damage|p2a: Popeye|45\/100|[from] item: Rocky Helmet|[of] p1a: Amoonguss\n|-enditem|p1a: Amoonguss|Rocky Helmet|[from] move: Knock Off|[of] p2a: Popeye\n|\n|-heal|p2a: Popeye|52\/100|[from] Grassy Terrain\n|-heal|p1a: Amoonguss|68\/100|[from] Grassy Terrain\n|upkeep\n|turn|11\n|\n|t:|1700362152\n|move|p2a: Popeye|U-turn|p1a: Amoonguss\n|-damage|p1a: Amoonguss|39\/100\n|\n|t:|1700362156\n|switch|p2a: Gothic Lights|Chandelure, F, shiny|29\/100 psn|[from] U-turn\n|move|p1a: Amoonguss|Sludge Bomb|p2a: Gothic Lights\n|-resisted|p2a: Gothic Lights\n|-damage|p2a: Gothic Lights|7\/100 psn\n|\n|-heal|p2a: Gothic Lights|13\/100 psn|[from] Grassy Terrain\n|-heal|p1a: Amoonguss|45\/100|[from] Grassy Terrain\n|-damage|p2a: Gothic Lights|0 fnt|[from] psn\n|faint|p2a: Gothic Lights\n|upkeep\n|\n|t:|1700362190\n|switch|p2a: Mr. VGC|Iron Hands, shiny|100\/100\n|turn|12\n|\n|t:|1700362222\n|switch|p1a: Jolteon|Jolteon, F|100\/100\n|move|p2a: Mr. VGC|Fake Out|p1a: Jolteon\n|-damage|p1a: Jolteon|68\/100\n|\n|-heal|p1a: Jolteon|74\/100|[from] Grassy Terrain\n|upkeep\n|turn|13\n|\n|t:|1700362238\n|-terastallize|p1a: Jolteon|Ice\n|move|p1a: Jolteon|Tera Blast|p2a: Mr. VGC|[anim] Tera Blast Ice\n|-damage|p2a: Mr. VGC|80\/100\n|move|p2a: Mr. VGC|Drain Punch|p1a: Jolteon\n|-supereffective|p1a: Jolteon\n|-damage|p1a: Jolteon|0 fnt\n|-heal|p2a: Mr. VGC|100\/100|[from] drain|[of] p1a: Jolteon\n|faint|p1a: Jolteon\n|\n|upkeep\n|\n|t:|1700362250\n|switch|p1a: Cresselia|Cresselia, F, shiny|42\/100\n|turn|14\n|\n|t:|1700362259\n|move|p1a: Cresselia|Moonlight|p1a: Cresselia\n|-heal|p1a: Cresselia|92\/100\n|move|p2a: Mr. VGC|Wild Charge|p1a: Cresselia\n|-damage|p1a: Cresselia|55\/100\n|-damage|p2a: Mr. VGC|92\/100|[from] Recoil\n|\n|-heal|p2a: Mr. VGC|98\/100|[from] Grassy Terrain\n|-fieldend|move: Grassy Terrain\n|upkeep\n|turn|15\n|\n|t:|1700362272\n|-end|p2a: Mr. VGC|Quark Drive|[silent]\n|switch|p2a: Popeye|Rillaboom, M|52\/100\n|-fieldstart|move: Grassy Terrain|[from] ability: Grassy Surge|[of] p2a: Popeye\n|move|p1a: Cresselia|Moonlight|p1a: Cresselia\n|-heal|p1a: Cresselia|100\/100\n|\n|-heal|p2a: Popeye|58\/100|[from] Grassy Terrain\n|upkeep\n|turn|16\n|\n|t:|1700362287\n|move|p1a: Cresselia|Psychic|p2a: Popeye\n|-damage|p2a: Popeye|16\/100\n|move|p2a: Popeye|Knock Off|p1a: Cresselia\n|-supereffective|p1a: Cresselia\n|-damage|p1a: Cresselia|41\/100\n|-enditem|p1a: Cresselia|Salac Berry|[from] move: Knock Off|[of] p2a: Popeye\n|\n|-heal|p2a: Popeye|22\/100|[from] Grassy Terrain\n|upkeep\n|turn|17\n|\n|t:|1700362302\n|move|p2a: Popeye|Grassy Glide|p1a: Cresselia\n|-damage|p1a: Cresselia|3\/100\n|move|p1a: Cresselia|Moonlight|p1a: Cresselia\n|-heal|p1a: Cresselia|53\/100\n|\n|-heal|p2a: Popeye|28\/100|[from] Grassy Terrain\n|upkeep\n|turn|18\n|\n|t:|1700362316\n|move|p2a: Popeye|Grassy Glide|p1a: Cresselia\n|-damage|p1a: Cresselia|18\/100\n|move|p1a: Cresselia|Moonlight|p1a: Cresselia\n|-heal|p1a: Cresselia|68\/100\n|\n|-heal|p2a: Popeye|34\/100|[from] Grassy Terrain\n|upkeep\n|turn|19\n|\n|t:|1700362344\n|move|p2a: Popeye|Grassy Glide|p1a: Cresselia\n|-damage|p1a: Cresselia|34\/100\n|move|p1a: Cresselia|Psychic|p2a: Popeye\n|-damage|p2a: Popeye|0 fnt\n|faint|p2a: Popeye\n|\n|-fieldend|move: Grassy Terrain\n|upkeep\n|\n|t:|1700362354\n|switch|p2a: Ivy|Ogerpon, F|100\/100\n|turn|20\n|\n|t:|1700362364\n|move|p2a: Ivy|Substitute|p2a: Ivy\n|-start|p2a: Ivy|Substitute\n|-damage|p2a: Ivy|76\/100\n|move|p1a: Cresselia|Moonlight|p1a: Cresselia\n|-heal|p1a: Cresselia|84\/100\n|\n|upkeep\n|turn|21\n|\n|t:|1700362374\n|move|p2a: Ivy|Ivy Cudgel|p1a: Cresselia\n|-damage|p1a: Cresselia|46\/100\n|move|p1a: Cresselia|Psychic|p2a: Ivy\n|-end|p2a: Ivy|Substitute\n|\n|upkeep\n|turn|22\n|\n|t:|1700362382\n|move|p2a: Ivy|Ivy Cudgel|p1a: Cresselia\n|-crit|p1a: Cresselia\n|-damage|p1a: Cresselia|0 fnt\n|faint|p1a: Cresselia\n|\n|upkeep\n|\n|t:|1700362388\n|switch|p1a: Amoonguss|Amoonguss, M, shiny|78\/100\n|turn|23\n|\n|t:|1700362404\n|move|p2a: Ivy|U-turn|p1a: Amoonguss\n|-damage|p1a: Amoonguss|54\/100\n|\n|t:|1700362407\n|switch|p2a: Stop Sign|Weezing-Galar, M|100\/100|[from] U-turn\n|-ability|p2a: Stop Sign|Neutralizing Gas\n|move|p1a: Amoonguss|Sludge Bomb|p2a: Stop Sign\n|-damage|p2a: Stop Sign|49\/100\n|\n|-heal|p2a: Stop Sign|55\/100|[from] item: Black Sludge\n|upkeep\n|turn|24\n|\n|t:|1700362426\n|-end|p2a: Stop Sign|ability: Neutralizing Gas\n|switch|p2a: Mr. VGC|Iron Hands, shiny|98\/100\n|move|p1a: Amoonguss|Sludge Bomb|p2a: Mr. VGC\n|-damage|p2a: Mr. VGC|78\/100\n|-status|p2a: Mr. VGC|psn\n|\n|-damage|p2a: Mr. VGC|65\/100 psn|[from] psn\n|upkeep\n|turn|25\n|\n|t:|1700362441\n|switch|p1a: Empoleon|Empoleon, F, shiny|100\/100\n|move|p2a: Mr. VGC|Fake Out|p1a: Empoleon\n|-resisted|p1a: Empoleon\n|-damage|p1a: Empoleon|93\/100\n|\n|-heal|p1a: Empoleon|99\/100|[from] item: Leftovers\n|-damage|p2a: Mr. VGC|53\/100 psn|[from] psn\n|upkeep\n|turn|26\n|\n|t:|1700362453\n|switch|p1a: Amoonguss|Amoonguss, M, shiny|88\/100\n|move|p2a: Mr. VGC|Drain Punch|p1a: Amoonguss\n|-resisted|p1a: Amoonguss\n|-damage|p1a: Amoonguss|66\/100\n|-heal|p2a: Mr. VGC|63\/100 psn|[from] drain|[of] p1a: Amoonguss\n|\n|-damage|p2a: Mr. VGC|51\/100 psn|[from] psn\n|upkeep\n|turn|27\n|\n|t:|1700362463\n|move|p2a: Mr. VGC|Ice Punch|p1a: Amoonguss\n|-supereffective|p1a: Amoonguss\n|-damage|p1a: Amoonguss|0 fnt\n|faint|p1a: Amoonguss\n|\n|-damage|p2a: Mr. VGC|38\/100 psn|[from] psn\n|upkeep\n|\n|t:|1700362473\n|switch|p1a: Empoleon|Empoleon, F, shiny|99\/100\n|turn|28\n|\n|t:|1700362480\n|move|p1a: Empoleon|Surf|p2a: Mr. VGC\n|-damage|p2a: Mr. VGC|22\/100 psn\n|move|p2a: Mr. VGC|Drain Punch|p1a: Empoleon\n|-supereffective|p1a: Empoleon\n|-damage|p1a: Empoleon|8\/100\n|-heal|p2a: Mr. VGC|60\/100 psn|[from] drain|[of] p1a: Empoleon\n|\n|-heal|p1a: Empoleon|14\/100|[from] item: Leftovers\n|-damage|p2a: Mr. VGC|47\/100 psn|[from] psn\n|upkeep\n|turn|29\n|\n|t:|1700362502\n|move|p1a: Empoleon|Knock Off|p2a: Mr. VGC\n|-resisted|p2a: Mr. VGC\n|-damage|p2a: Mr. VGC|41\/100 psn\n|-enditem|p2a: Mr. VGC|Assault Vest|[from] move: Knock Off|[of] p1a: Empoleon\n|move|p2a: Mr. VGC|Drain Punch|p1a: Empoleon\n|-supereffective|p1a: Empoleon\n|-damage|p1a: Empoleon|0 fnt\n|-heal|p2a: Mr. VGC|47\/100 psn|[from] drain|[of] p1a: Empoleon\n|faint|p1a: Empoleon\n|\n|-damage|p2a: Mr. VGC|34\/100 psn|[from] psn\n|upkeep\n|\n|t:|1700362516\n|switch|p1a: Kingambit|Kingambit, M|100\/100\n|-activate|p1a: Kingambit|ability: Supreme Overlord\n|-start|p1a: Kingambit|fallen5|[silent]\n|turn|30\n|\n|t:|1700362538\n|-end|p2a: Mr. VGC|Quark Drive|[silent]\n|switch|p2a: Ivy|Ogerpon, F|76\/100\n|move|p1a: Kingambit|Sucker Punch||[still]\n|-fail|p1a: Kingambit\n|\n|upkeep\n|turn|31\n|\n|t:|1700362544\n|move|p2a: Ivy|Substitute|p2a: Ivy\n|-start|p2a: Ivy|Substitute\n|-damage|p2a: Ivy|51\/100\n|move|p1a: Kingambit|Kowtow Cleave|p2a: Ivy\n|-end|p2a: Ivy|Substitute\n|-damage|p1a: Kingambit|91\/100|[from] item: Life Orb\n|\n|upkeep\n|turn|32\n|\n|t:|1700362552\n|move|p2a: Ivy|Low Kick|p1a: Kingambit\n|-supereffective|p1a: Kingambit\n|-crit|p1a: Kingambit\n|-damage|p1a: Kingambit|0 fnt\n|faint|p1a: Kingambit\n|-end|p1a: Kingambit|fallen5|[silent]\n|\n|win|Bahamate\n|c|\u2606Bahamate|ggs\n|c|\u2606MrMorgone|ggs\n|l|\u2606MrMorgone\n","uploadtime":1700362563,"views":58,"p1id":"mrmorgone","p2id":"bahamate","formatid":"gen9ubers","rating":0,"private":0,"password":""}