{"id":"gen9ubers-1969340954","p1":"Reposti","p2":"MsGarden","format":"[Gen 9] Ubers","log":"|j|\u2606Reposti\n|j|\u2606MsGarden\n|t:|1697516420\n|gametype|singles\n|player|p1|Reposti|gentleman-gen4|\n|player|p2|MsGarden|gardenia|\n|teamsize|p1|6\n|teamsize|p2|6\n|gen|9\n|tier|[Gen 9] Ubers\n|rule|Sleep Clause Mod: Limit one foe put to sleep\n|rule|Species Clause: Limit one of each Pok\u00e9mon\n|rule|OHKO Clause: OHKO moves are banned\n|rule|Evasion Items Clause: Evasion items are banned\n|rule|Evasion Moves Clause: Evasion moves are banned\n|rule|Endless Battle Clause: Forcing endless battles is banned\n|rule|HP Percentage Mod: HP is shown in percentages\n|clearpoke\n|poke|p1|Arceus-Poison|\n|poke|p1|Giratina|\n|poke|p1|Dondozo, F|\n|poke|p1|Blissey, F|\n|poke|p1|Meowscarada, F|\n|poke|p1|Zacian-*|\n|poke|p2|Kommo-o, M|\n|poke|p2|Dipplin, F|\n|poke|p2|Ninetales-Alola, F|\n|poke|p2|Ursaluna-Bloodmoon, M|\n|poke|p2|Heatran, M|\n|poke|p2|Farigiraf, F|\n|teampreview\n|c|\u2606Reposti|Glhf\n|\n|t:|1697516439\n|start\n|switch|p1a: Zacian|Zacian|100\/100\n|switch|p2a: Ninetales|Ninetales-Alola, F|100\/100\n|-ability|p1a: Zacian|Intrepid Sword|boost\n|-boost|p1a: Zacian|atk|1\n|-weather|Snow|[from] ability: Snow Warning|[of] p2a: Ninetales\n|turn|1\n|\n|t:|1697516453\n|-terastallize|p2a: Ninetales|Water\n|move|p1a: Zacian|Close Combat|p2a: Ninetales\n|-damage|p2a: Ninetales|8\/100\n|-unboost|p1a: Zacian|def|1\n|-unboost|p1a: Zacian|spd|1\n|move|p2a: Ninetales|Aurora Veil|p2a: Ninetales\n|-sidestart|p2: MsGarden|move: Aurora Veil\n|\n|-weather|Snow|[upkeep]\n|upkeep\n|turn|2\n|\n|t:|1697516464\n|move|p2a: Ninetales|Protect|p2a: Ninetales\n|-singleturn|p2a: Ninetales|Protect\n|move|p1a: Zacian|Psychic Fangs|p2a: Ninetales\n|-activate|p2a: Ninetales|move: Protect\n|\n|-weather|Snow|[upkeep]\n|upkeep\n|turn|3\n|\n|t:|1697516487\n|switch|p2a: Ursaluna|Ursaluna-Bloodmoon, M|100\/100\n|move|p1a: Zacian|Psychic Fangs|p2a: Ursaluna\n|-sideend|p2: MsGarden|move: Aurora Veil\n|-damage|p2a: Ursaluna|77\/100\n|\n|-weather|Snow|[upkeep]\n|-heal|p2a: Ursaluna|83\/100|[from] item: Leftovers\n|upkeep\n|turn|4\n|\n|t:|1697516503\n|move|p1a: Zacian|Close Combat|p2a: Ursaluna\n|-supereffective|p2a: Ursaluna\n|-damage|p2a: Ursaluna|7\/100\n|-unboost|p1a: Zacian|def|1\n|-unboost|p1a: Zacian|spd|1\n|move|p2a: Ursaluna|Blood Moon|p1a: Zacian\n|-damage|p1a: Zacian|0 fnt\n|faint|p1a: Zacian\n|\n|-weather|Snow|[upkeep]\n|-heal|p2a: Ursaluna|13\/100|[from] item: Leftovers\n|upkeep\n|\n|t:|1697516517\n|switch|p1a: Blissey|Blissey, F|100\/100\n|turn|5\n|\n|t:|1697516524\n|move|p1a: Blissey|Stealth Rock|p2a: Ursaluna\n|-sidestart|p2: MsGarden|move: Stealth Rock\n|move|p2a: Ursaluna|Calm Mind|p2a: Ursaluna\n|-boost|p2a: Ursaluna|spa|1\n|-boost|p2a: Ursaluna|spd|1\n|\n|-weather|none\n|-heal|p2a: Ursaluna|19\/100|[from] item: Leftovers\n|upkeep\n|turn|6\n|\n|t:|1697516535\n|move|p1a: Blissey|Seismic Toss|p2a: Ursaluna\n|-damage|p2a: Ursaluna|0 fnt\n|faint|p2a: Ursaluna\n|\n|upkeep\n|\n|t:|1697516543\n|switch|p2a: Kommo-o|Kommo-o, M|100\/100\n|-damage|p2a: Kommo-o|94\/100|[from] Stealth Rock\n|turn|7\n|\n|t:|1697516550\n|switch|p1a: Giratina|Giratina|100\/100\n|-ability|p1a: Giratina|Pressure\n|move|p2a: Kommo-o|Clangorous Soul|p2a: Kommo-o\n|-boost|p2a: Kommo-o|atk|1\n|-boost|p2a: Kommo-o|def|1\n|-boost|p2a: Kommo-o|spa|1\n|-boost|p2a: Kommo-o|spd|1\n|-boost|p2a: Kommo-o|spe|1\n|-damage|p2a: Kommo-o|61\/100\n|\n|upkeep\n|turn|8\n|\n|t:|1697516564\n|-terastallize|p1a: Giratina|Ghost\n|move|p2a: Kommo-o|Dragon Claw|p1a: Giratina\n|-damage|p1a: Giratina|71\/100\n|move|p1a: Giratina|Will-O-Wisp|p2a: Kommo-o|[miss]\n|-miss|p1a: Giratina|p2a: Kommo-o\n|\n|upkeep\n|turn|9\n|\n|t:|1697516579\n|move|p2a: Kommo-o|Iron Head|p1a: Giratina\n|-damage|p1a: Giratina|52\/100\n|move|p1a: Giratina|Will-O-Wisp|p2a: Kommo-o\n|-status|p2a: Kommo-o|brn\n|\n|-damage|p2a: Kommo-o|55\/100 brn|[from] brn\n|upkeep\n|turn|10\n|\n|t:|1697516588\n|move|p2a: Kommo-o|Iron Head|p1a: Giratina\n|-damage|p1a: Giratina|42\/100\n|move|p1a: Giratina|Hex|p2a: Kommo-o\n|-damage|p2a: Kommo-o|0 fnt\n|faint|p2a: Kommo-o\n|\n|upkeep\n|\n|t:|1697516605\n|switch|p2a: Heatran|Heatran, M|100\/100\n|-damage|p2a: Heatran|88\/100|[from] Stealth Rock\n|turn|11\n|\n|t:|1697516613\n|switch|p1a: Blissey|Blissey, F|100\/100\n|move|p2a: Heatran|Magma Storm|p1a: Blissey|[miss]\n|-miss|p2a: Heatran|p1a: Blissey\n|\n|upkeep\n|turn|12\n|\n|t:|1697516619\n|move|p2a: Heatran|Heavy Slam|p1a: Blissey\n|-damage|p1a: Blissey|71\/100\n|move|p1a: Blissey|Thunder Wave|p2a: Heatran\n|-status|p2a: Heatran|par\n|\n|upkeep\n|turn|13\n|\n|t:|1697516628\n|switch|p1a: Giratina|Giratina, tera:Ghost|42\/100\n|-ability|p1a: Giratina|Pressure\n|move|p2a: Heatran|Magma Storm|p1a: Giratina\n|-damage|p1a: Giratina|19\/100\n|-activate|p1a: Giratina|move: Magma Storm|[of] p2a: Heatran\n|\n|-damage|p1a: Giratina|6\/100|[from] move: Magma Storm|[partiallytrapped]\n|upkeep\n|turn|14\n|\n|t:|1697516638\n|move|p1a: Giratina|Rest|p1a: Giratina\n|-status|p1a: Giratina|slp|[from] move: Rest\n|-heal|p1a: Giratina|100\/100 slp|[silent]\n|cant|p2a: Heatran|par\n|\n|-damage|p1a: Giratina|88\/100 slp|[from] move: Magma Storm|[partiallytrapped]\n|upkeep\n|turn|15\n|\n|t:|1697516647\n|cant|p1a: Giratina|slp\n|move|p1a: Giratina|Sleep Talk|p1a: Giratina\n|move|p1a: Giratina|Will-O-Wisp|p2a: Heatran|[from]move: Sleep Talk\n|-start|p2a: Heatran|ability: Flash Fire\n|move|p2a: Heatran|Earth Power|p1a: Giratina\n|-damage|p1a: Giratina|73\/100 slp\n|\n|-damage|p1a: Giratina|61\/100 slp|[from] move: Magma Storm|[partiallytrapped]\n|upkeep\n|turn|16\n|\n|t:|1697516659\n|cant|p1a: Giratina|slp\n|move|p1a: Giratina|Sleep Talk|p1a: Giratina\n|move|p1a: Giratina|Rest||[from]move: Sleep Talk|[still]\n|-fail|p1a: Giratina\n|move|p2a: Heatran|Magma Storm|p1a: Giratina\n|-damage|p1a: Giratina|25\/100 slp\n|\n|-damage|p1a: Giratina|13\/100 slp|[from] move: Magma Storm|[partiallytrapped]\n|upkeep\n|turn|17\n|\n|t:|1697516673\n|-curestatus|p1a: Giratina|slp|[msg]\n|move|p1a: Giratina|Hex|p2a: Heatran\n|-damage|p2a: Heatran|57\/100 par\n|cant|p2a: Heatran|par\n|\n|-end|p1a: Giratina|Magma Storm|[partiallytrapped]\n|upkeep\n|turn|18\n|\n|t:|1697516682\n|move|p1a: Giratina|Hex|p2a: Heatran\n|-damage|p2a: Heatran|28\/100 par\n|move|p2a: Heatran|Earth Power|p1a: Giratina\n|-damage|p1a: Giratina|0 fnt\n|faint|p1a: Giratina\n|\n|upkeep\n|\n|t:|1697516692\n|switch|p1a: Arceus|Arceus-Poison|100\/100\n|turn|19\n|\n|t:|1697516697\n|move|p1a: Arceus|Hex|p2a: Heatran\n|-damage|p2a: Heatran|12\/100 par\n|cant|p2a: Heatran|par\n|\n|upkeep\n|turn|20\n|\n|t:|1697516704\n|move|p1a: Arceus|Hex|p2a: Heatran\n|-damage|p2a: Heatran|0 fnt\n|faint|p2a: Heatran\n|\n|upkeep\n|\n|t:|1697516710\n|switch|p2a: Farigiraf|Farigiraf, F|100\/100\n|-damage|p2a: Farigiraf|88\/100|[from] Stealth Rock\n|turn|21\n|\n|t:|1697516715\n|switch|p1a: Blissey|Blissey, F|71\/100\n|move|p2a: Farigiraf|Future Sight|p1a: Blissey\n|-start|p2a: Farigiraf|move: Future Sight\n|\n|upkeep\n|turn|22\n|\n|t:|1697516722\n|move|p2a: Farigiraf|Shadow Ball|p1a: Blissey\n|-immune|p1a: Blissey\n|move|p1a: Blissey|Thunder Wave|p2a: Farigiraf|[miss]\n|-miss|p1a: Blissey|p2a: Farigiraf\n|\n|upkeep\n|turn|23\n|\n|t:|1697516733\n|switch|p2a: Dipplin|Dipplin, F|100\/100\n|-damage|p2a: Dipplin|88\/100|[from] Stealth Rock\n|move|p1a: Blissey|Soft-Boiled|p1a: Blissey\n|-heal|p1a: Blissey|100\/100\n|\n|-end|p1a: Blissey|move: Future Sight\n|-damage|p1a: Blissey|77\/100\n|upkeep\n|turn|24\n|\n|t:|1697516743\n|move|p1a: Blissey|Thunder Wave|p2a: Dipplin|[miss]\n|-miss|p1a: Blissey|p2a: Dipplin\n|move|p2a: Dipplin|Gyro Ball|p1a: Blissey\n|-damage|p1a: Blissey|69\/100\n|\n|upkeep\n|turn|25\n|\n|t:|1697516774\n|switch|p1a: Arceus|Arceus-Poison|100\/100\n|move|p2a: Dipplin|Gyro Ball|p1a: Arceus\n|-crit|p1a: Arceus\n|-damage|p1a: Arceus|86\/100\n|\n|upkeep\n|turn|26\n|\n|t:|1697516781\n|switch|p2a: Farigiraf|Farigiraf, F|88\/100\n|-damage|p2a: Farigiraf|76\/100|[from] Stealth Rock\n|move|p1a: Arceus|Judgment|p2a: Farigiraf\n|-damage|p2a: Farigiraf|17\/100\n|-enditem|p2a: Farigiraf|Wiki Berry|[eat]\n|-heal|p2a: Farigiraf|51\/100|[from] item: Wiki Berry\n|\n|upkeep\n|turn|27\n|\n|t:|1697516790\n|move|p1a: Arceus|Judgment|p2a: Farigiraf\n|-damage|p2a: Farigiraf|0 fnt\n|faint|p2a: Farigiraf\n|\n|upkeep\n|\n|t:|1697516794\n|switch|p2a: Dipplin|Dipplin, F|88\/100\n|-damage|p2a: Dipplin|76\/100|[from] Stealth Rock\n|turn|28\n|\n|t:|1697516802\n|move|p1a: Arceus|Judgment|p2a: Dipplin\n|-supereffective|p2a: Dipplin\n|-damage|p2a: Dipplin|0 fnt\n|faint|p2a: Dipplin\n|\n|upkeep\n|\n|t:|1697516804\n|switch|p2a: Ninetales|Ninetales-Alola, F, tera:Water|8\/100\n|-damage|p2a: Ninetales|0 fnt|[from] Stealth Rock\n|faint|p2a: Ninetales\n|\n|win|Reposti\n|c|\u2606Reposti|Gg\n|c|\u2606MsGarden|GG\n","uploadtime":1697516817,"views":38,"p1id":"reposti","p2id":"msgarden","formatid":"gen9ubers","rating":0,"private":0,"password":""}