{"id":"gen9ubers-1984481413","p1":"SaintSavant","p2":"Bestmaindragonite","format":"[Gen 9] Ubers","log":"|j|\u2606SaintSavant\n|j|\u2606Bestmaindragonite\n|t:|1699270478\n|gametype|singles\n|player|p1|SaintSavant|juan|\n|player|p2|Bestmaindragonite|lillie|\n|teamsize|p1|6\n|teamsize|p2|6\n|gen|9\n|tier|[Gen 9] Ubers\n|rule|Sleep Clause Mod: Limit one foe put to sleep\n|rule|Species Clause: Limit one of each Pok\u00e9mon\n|rule|OHKO Clause: OHKO moves are banned\n|rule|Evasion Items Clause: Evasion items are banned\n|rule|Evasion Moves Clause: Evasion moves are banned\n|rule|Endless Battle Clause: Forcing endless battles is banned\n|rule|HP Percentage Mod: HP is shown in percentages\n|clearpoke\n|poke|p1|Zacian-*|\n|poke|p1|Arceus-Fire|\n|poke|p1|Magearna|\n|poke|p1|Cyclizar, M|\n|poke|p1|Dragonite, F|\n|poke|p1|Ninetales-Alola, F|\n|poke|p2|Ninetales-Alola, F|\n|poke|p2|Baxcalibur, F|\n|poke|p2|Cloyster, M|\n|poke|p2|Arceus-Ghost|\n|poke|p2|Magearna|\n|poke|p2|Zacian-*|\n|teampreview\n|\n|t:|1699270488\n|start\n|switch|p1a: Magearna|Magearna|100\/100\n|switch|p2a: Ninetales|Ninetales-Alola, F|100\/100\n|-weather|Snow|[from] ability: Snow Warning|[of] p2a: Ninetales\n|turn|1\n|\n|t:|1699270493\n|move|p2a: Ninetales|Aurora Veil|p2a: Ninetales\n|-sidestart|p2: Bestmaindragonite|move: Aurora Veil\n|move|p1a: Magearna|Thunder Wave|p2a: Ninetales\n|-status|p2a: Ninetales|par\n|\n|-weather|Snow|[upkeep]\n|upkeep\n|turn|2\n|\n|t:|1699270501\n|switch|p2a: Baxcalibur|Baxcalibur, F|100\/100\n|move|p1a: Magearna|Spikes|p2a: Baxcalibur\n|-sidestart|p2: Bestmaindragonite|Spikes\n|\n|-weather|Snow|[upkeep]\n|upkeep\n|turn|3\n|\n|t:|1699270507\n|move|p2a: Baxcalibur|Swords Dance|p2a: Baxcalibur\n|-boost|p2a: Baxcalibur|atk|2\n|move|p1a: Magearna|Thunder Wave|p2a: Baxcalibur\n|-status|p2a: Baxcalibur|par\n|\n|-weather|Snow|[upkeep]\n|upkeep\n|turn|4\n|\n|t:|1699270517\n|move|p2a: Baxcalibur|Earthquake|p1a: Magearna\n|-supereffective|p1a: Magearna\n|-damage|p1a: Magearna|15\/100\n|move|p1a: Magearna|Fleur Cannon|p2a: Baxcalibur\n|-supereffective|p2a: Baxcalibur\n|-damage|p2a: Baxcalibur|41\/100 par\n|-unboost|p1a: Magearna|spa|2\n|\n|-weather|Snow|[upkeep]\n|-heal|p2a: Baxcalibur|48\/100 par|[from] ability: Ice Body\n|-heal|p1a: Magearna|21\/100|[from] item: Leftovers\n|upkeep\n|turn|5\n|\n|t:|1699270523\n|move|p2a: Baxcalibur|Icicle Spear|p1a: Magearna\n|-resisted|p1a: Magearna\n|-damage|p1a: Magearna|13\/100\n|-resisted|p1a: Magearna\n|-damage|p1a: Magearna|4\/100\n|-resisted|p1a: Magearna\n|-damage|p1a: Magearna|0 fnt\n|faint|p1a: Magearna\n|-hitcount|p1: Magearna|3\n|\n|-weather|none\n|upkeep\n|\n|t:|1699270531\n|switch|p1a: Ninetales|Ninetales-Alola, F|100\/100\n|-weather|Snow|[from] ability: Snow Warning|[of] p1a: Ninetales\n|turn|6\n|\n|t:|1699270537\n|move|p1a: Ninetales|Encore|p2a: Baxcalibur\n|-start|p2a: Baxcalibur|Encore\n|move|p2a: Baxcalibur|Icicle Spear|p1a: Ninetales\n|-resisted|p1a: Ninetales\n|-damage|p1a: Ninetales|89\/100\n|-resisted|p1a: Ninetales\n|-damage|p1a: Ninetales|77\/100\n|-resisted|p1a: Ninetales\n|-damage|p1a: Ninetales|66\/100\n|-resisted|p1a: Ninetales\n|-damage|p1a: Ninetales|54\/100\n|-hitcount|p1a: Ninetales|4\n|\n|-weather|Snow|[upkeep]\n|-heal|p2a: Baxcalibur|54\/100 par|[from] ability: Ice Body\n|upkeep\n|turn|7\n|\n|t:|1699270550\n|move|p1a: Ninetales|Aurora Veil|p1a: Ninetales\n|-sidestart|p1: SaintSavant|move: Aurora Veil\n|move|p2a: Baxcalibur|Icicle Spear|p1a: Ninetales\n|-resisted|p1a: Ninetales\n|-damage|p1a: Ninetales|48\/100\n|-resisted|p1a: Ninetales\n|-damage|p1a: Ninetales|42\/100\n|-resisted|p1a: Ninetales\n|-damage|p1a: Ninetales|36\/100\n|-resisted|p1a: Ninetales\n|-damage|p1a: Ninetales|30\/100\n|-resisted|p1a: Ninetales\n|-damage|p1a: Ninetales|25\/100\n|-hitcount|p1a: Ninetales|5\n|\n|-weather|Snow|[upkeep]\n|-heal|p2a: Baxcalibur|60\/100 par|[from] ability: Ice Body\n|upkeep\n|turn|8\n|\n|t:|1699270557\n|switch|p2a: Cloyster|Cloyster, M|100\/100\n|-damage|p2a: Cloyster|88\/100|[from] Spikes\n|move|p1a: Ninetales|Moonblast|p2a: Cloyster\n|-damage|p2a: Cloyster|52\/100\n|-unboost|p2a: Cloyster|spa|1\n|-enditem|p2a: Cloyster|White Herb\n|-clearnegativeboost|p2a: Cloyster|[silent]\n|\n|-weather|Snow|[upkeep]\n|-sideend|p2: Bestmaindragonite|move: Aurora Veil\n|upkeep\n|turn|9\n|\n|t:|1699270564\n|move|p1a: Ninetales|Hypnosis|p2a: Cloyster|[miss]\n|-miss|p1a: Ninetales|p2a: Cloyster\n|move|p2a: Cloyster|Shell Smash|p2a: Cloyster\n|-unboost|p2a: Cloyster|def|1\n|-unboost|p2a: Cloyster|spd|1\n|-boost|p2a: Cloyster|atk|2\n|-boost|p2a: Cloyster|spa|2\n|-boost|p2a: Cloyster|spe|2\n|\n|-weather|Snow|[upkeep]\n|upkeep\n|turn|10\n|\n|t:|1699270569\n|move|p2a: Cloyster|Rock Blast|p1a: Ninetales\n|-supereffective|p1a: Ninetales\n|-damage|p1a: Ninetales|11\/100\n|-supereffective|p1a: Ninetales\n|-damage|p1a: Ninetales|0 fnt\n|faint|p1a: Ninetales\n|-hitcount|p1: Ninetales|2\n|\n|-weather|none\n|upkeep\n|\n|t:|1699270591\n|switch|p1a: Arceus|Arceus-Fire|100\/100\n|turn|11\n|\n|t:|1699270602\n|-terastallize|p1a: Arceus|Grass\n|move|p2a: Cloyster|Liquidation|p1a: Arceus\n|-resisted|p1a: Arceus\n|-damage|p1a: Arceus|92\/100\n|move|p1a: Arceus|Flamethrower|p2a: Cloyster\n|-damage|p2a: Cloyster|0 fnt\n|faint|p2a: Cloyster\n|\n|upkeep\n|\n|t:|1699270613\n|switch|p2a: Magearna|Magearna|100\/100\n|-damage|p2a: Magearna|88\/100|[from] Spikes\n|turn|12\n|\n|t:|1699270619\n|move|p1a: Arceus|Flamethrower|p2a: Magearna\n|-supereffective|p2a: Magearna\n|-damage|p2a: Magearna|41\/100\n|move|p2a: Magearna|Ice Beam|p1a: Arceus\n|-supereffective|p1a: Arceus\n|-damage|p1a: Arceus|71\/100\n|\n|upkeep\n|turn|13\n|c|\u2606Bestmaindragonite|Why flamethrower\n|c|\u2606Bestmaindragonite|Like\n|c|\u2606Bestmaindragonite|Judgement is better\n|\n|t:|1699270651\n|move|p1a: Arceus|Flamethrower|p2a: Magearna\n|-supereffective|p2a: Magearna\n|-damage|p2a: Magearna|0 fnt\n|faint|p2a: Magearna\n|\n|upkeep\n|\n|t:|1699270659\n|switch|p2a: Baxcalibur|Baxcalibur, F|60\/100 par\n|-damage|p2a: Baxcalibur|48\/100 par|[from] Spikes\n|turn|14\n|c|\u2606SaintSavant|The difference in power is negligible for the burn chance\n|c|\u2606SaintSavant|As if you couldn't tell by now, it's a defensive set\n|\n|t:|1699270678\n|move|p1a: Arceus|Flamethrower|p2a: Baxcalibur\n|-damage|p2a: Baxcalibur|0 fnt\n|faint|p2a: Baxcalibur\n|\n|-sideend|p1: SaintSavant|move: Aurora Veil\n|upkeep\n|\n|t:|1699270686\n|switch|p2a: Arceus|Arceus-Ghost|100\/100\n|-damage|p2a: Arceus|88\/100|[from] Spikes\n|turn|15\n|c|\u2606SaintSavant|I'd have gone for Lava Plume if I could\n|\n|t:|1699270690\n|move|p2a: Arceus|Calm Mind|p2a: Arceus\n|-boost|p2a: Arceus|spa|1\n|-boost|p2a: Arceus|spd|1\n|move|p1a: Arceus|Will-O-Wisp|p2a: Arceus\n|-status|p2a: Arceus|brn\n|\n|-damage|p2a: Arceus|82\/100 brn|[from] brn\n|upkeep\n|turn|16\n|c|\u2606Bestmaindragonite|Why you care about burn chance with will o wisp?\n|\n|t:|1699270716\n|move|p2a: Arceus|Judgment|p1a: Arceus\n|-damage|p1a: Arceus|25\/100\n|move|p1a: Arceus|Flamethrower|p2a: Arceus\n|-damage|p2a: Arceus|63\/100 brn\n|\n|-damage|p2a: Arceus|57\/100 brn|[from] brn\n|upkeep\n|turn|17\n|c|\u2606SaintSavant|Why have one when you can have both?  It's not like the extra 10 BP is netting 2HKOs I wouldn't have before\n|\n|t:|1699270761\n|switch|p1a: Cyclizar|Cyclizar, M|100\/100\n|move|p2a: Arceus|Recover|p2a: Arceus\n|-heal|p2a: Arceus|100\/100 brn\n|\n|-damage|p2a: Arceus|94\/100 brn|[from] brn\n|upkeep\n|turn|18\n|\n|t:|1699270766\n|move|p1a: Cyclizar|Shed Tail|p1a: Cyclizar\n|-start|p1a: Cyclizar|Substitute|[from] move: Shed Tail\n|-damage|p1a: Cyclizar|50\/100\n|\n|t:|1699270770\n|switch|p1a: Luna|Zacian, shiny|100\/100|[from] Shed Tail\n|-ability|p1a: Luna|Intrepid Sword|boost\n|-boost|p1a: Luna|atk|1\n|move|p2a: Arceus|Aura Sphere|p1a: Luna\n|-resisted|p1a: Luna\n|-activate|p1a: Luna|move: Substitute|[damage]\n|\n|-damage|p2a: Arceus|88\/100 brn|[from] brn\n|upkeep\n|turn|19\n|\n|t:|1699270785\n|move|p1a: Luna|Play Rough|p2a: Arceus\n|-damage|p2a: Arceus|44\/100 brn\n|-unboost|p2a: Arceus|atk|1\n|move|p2a: Arceus|Judgment|p1a: Luna\n|-end|p1a: Luna|Substitute\n|\n|-damage|p2a: Arceus|38\/100 brn|[from] brn\n|upkeep\n|turn|20\n|\n|t:|1699270791\n|switch|p2a: Ninetales|Ninetales-Alola, F|100\/100 par\n|-damage|p2a: Ninetales|88\/100 par|[from] Spikes\n|-weather|Snow|[from] ability: Snow Warning|[of] p2a: Ninetales\n|move|p1a: Luna|Play Rough|p2a: Ninetales\n|-damage|p2a: Ninetales|30\/100 par\n|\n|-weather|Snow|[upkeep]\n|upkeep\n|turn|21\n|\n|t:|1699270796\n|move|p1a: Luna|Play Rough|p2a: Ninetales\n|-damage|p2a: Ninetales|0 fnt\n|faint|p2a: Ninetales\n|\n|-weather|Snow|[upkeep]\n|upkeep\n|\n|t:|1699270800\n|switch|p2a: Zacian|Zacian|100\/100\n|-damage|p2a: Zacian|88\/100|[from] Spikes\n|-ability|p2a: Zacian|Intrepid Sword|boost\n|-boost|p2a: Zacian|atk|1\n|turn|22\n|\n|t:|1699270807\n|-terastallize|p2a: Zacian|Rock\n|move|p2a: Zacian|Tera Blast|p1a: Luna|[anim] Tera Blast Rock\n|-damage|p1a: Luna|50\/100\n|move|p1a: Luna|Play Rough|p2a: Zacian\n|-damage|p2a: Zacian|24\/100\n|\n|-weather|Snow|[upkeep]\n|upkeep\n|turn|23\n|\n|t:|1699270814\n|move|p2a: Zacian|Tera Blast|p1a: Luna|[anim] Tera Blast Rock\n|-damage|p1a: Luna|0 fnt\n|faint|p1a: Luna\n|\n|-weather|Snow|[upkeep]\n|upkeep\n|\n|t:|1699270829\n|switch|p1a: Cyclizar|Cyclizar, M|84\/100\n|turn|24\n|\n|t:|1699270833\n|move|p2a: Zacian|Tera Blast|p1a: Cyclizar|[anim] Tera Blast Rock\n|-crit|p1a: Cyclizar\n|-damage|p1a: Cyclizar|0 fnt\n|faint|p1a: Cyclizar\n|\n|-weather|none\n|upkeep\n|\n|t:|1699270840\n|switch|p1a: Dragonite|Dragonite, F|100\/100\n|turn|25\n|\n|t:|1699270863\n|move|p2a: Zacian|Tera Blast|p1a: Dragonite|[anim] Tera Blast Rock\n|-supereffective|p1a: Dragonite\n|-damage|p1a: Dragonite|0 fnt\n|faint|p1a: Dragonite\n|\n|upkeep\n|\n|t:|1699270866\n|switch|p1a: Arceus|Arceus-Fire, tera:Grass|25\/100\n|turn|26\n|\n|t:|1699270869\n|move|p2a: Zacian|Tera Blast|p1a: Arceus|[anim] Tera Blast Rock\n|-damage|p1a: Arceus|0 fnt\n|faint|p1a: Arceus\n|\n|win|Bestmaindragonite\n|l|\u2606SaintSavant\n|c|\u2606Bestmaindragonite|gg\n|l|\u2606Bestmaindragonite\n|j|\u2606SaintSavant\n|player|p1|SaintSavant|juan\n","uploadtime":1699270878,"views":32,"p1id":"saintsavant","p2id":"bestmaindragonite","formatid":"gen9ubers","rating":0,"private":0,"password":""}