{"id":"gen9ubers-1969092953","p1":"Oomaester1234","p2":"XpokVEVO","format":"[Gen 9] Ubers","log":"|j|\u2606Oomaester1234\n|j|\u2606XpokVEVO\n|t:|1697489368\n|gametype|singles\n|player|p1|Oomaester1234|teamrocket|\n|player|p2|XpokVEVO|mustard|\n|teamsize|p1|6\n|teamsize|p2|6\n|gen|9\n|tier|[Gen 9] Ubers\n|rule|Sleep Clause Mod: Limit one foe put to sleep\n|rule|Species Clause: Limit one of each Pok\u00e9mon\n|rule|OHKO Clause: OHKO moves are banned\n|rule|Evasion Items Clause: Evasion items are banned\n|rule|Evasion Moves Clause: Evasion moves are banned\n|rule|Endless Battle Clause: Forcing endless battles is banned\n|rule|HP Percentage Mod: HP is shown in percentages\n|clearpoke\n|poke|p1|Garchomp, M|\n|poke|p1|Tyranitar, F|\n|poke|p1|Houndstone, M|\n|poke|p1|Landorus, M|\n|poke|p1|Magearna|\n|poke|p1|Ogerpon-Wellspring, F|\n|poke|p2|Arceus-Fire|\n|poke|p2|Shaymin-Sky|\n|poke|p2|Cyclizar, M|\n|poke|p2|Espathra, F|\n|poke|p2|Magearna|\n|poke|p2|Sneasler, F|\n|teampreview\n|\n|t:|1697489382\n|start\n|switch|p1a: Landorus|Landorus, M|100\/100\n|switch|p2a: Akira|Cyclizar, M|100\/100\n|turn|1\n|\n|t:|1697489391\n|move|p2a: Akira|Shed Tail|p2a: Akira\n|-start|p2a: Akira|Substitute|[from] move: Shed Tail\n|-damage|p2a: Akira|50\/100\n|\n|t:|1697489400\n|switch|p2a: I miss this I kms|Sneasler, F|100\/100|[from] Shed Tail\n|move|p1a: Landorus|Nasty Plot|p1a: Landorus\n|-boost|p1a: Landorus|spa|2\n|\n|upkeep\n|turn|2\n|\n|t:|1697489407\n|move|p2a: I miss this I kms|Swords Dance|p2a: I miss this I kms\n|-boost|p2a: I miss this I kms|atk|2\n|move|p1a: Landorus|Earth Power|p2a: I miss this I kms\n|-supereffective|p2a: I miss this I kms\n|-end|p2a: I miss this I kms|Substitute\n|\n|upkeep\n|turn|3\n|\n|t:|1697489416\n|move|p2a: I miss this I kms|Close Combat|p1a: Landorus\n|-resisted|p1a: Landorus\n|-damage|p1a: Landorus|25\/100\n|-unboost|p2a: I miss this I kms|def|1\n|-unboost|p2a: I miss this I kms|spd|1\n|move|p1a: Landorus|Earth Power|p2a: I miss this I kms\n|-supereffective|p2a: I miss this I kms\n|-enditem|p2a: I miss this I kms|Focus Sash\n|-damage|p2a: I miss this I kms|1\/100\n|\n|upkeep\n|turn|4\n|\n|t:|1697489423\n|move|p2a: I miss this I kms|Gunk Shot|p1a: Landorus\n|-resisted|p1a: Landorus\n|-damage|p1a: Landorus|0 fnt\n|faint|p1a: Landorus\n|\n|upkeep\n|\n|t:|1697489425\n|switch|p1a: Tyranitar|Tyranitar, F|100\/100\n|-weather|Sandstorm|[from] ability: Sand Stream|[of] p1a: Tyranitar\n|turn|5\n|\n|t:|1697489429\n|switch|p1a: Houndstone|Houndstone, M|100\/100\n|move|p2a: I miss this I kms|Close Combat|p1a: Houndstone\n|-immune|p1a: Houndstone\n|\n|-weather|Sandstorm|[upkeep]\n|-damage|p2a: I miss this I kms|0 fnt|[from] Sandstorm\n|faint|p2a: I miss this I kms\n|upkeep\n|\n|t:|1697489432\n|switch|p2a: Aunt Fanny|Magearna|100\/100\n|turn|6\n|\n|t:|1697489444\n|move|p1a: Houndstone|Fire Fang|p2a: Aunt Fanny\n|-supereffective|p2a: Aunt Fanny\n|-damage|p2a: Aunt Fanny|48\/100\n|-damage|p1a: Houndstone|91\/100|[from] item: Life Orb\n|move|p2a: Aunt Fanny|Fleur Cannon|p1a: Houndstone\n|-damage|p1a: Houndstone|0 fnt\n|-unboost|p2a: Aunt Fanny|spa|2\n|faint|p1a: Houndstone\n|-ability|p2a: Aunt Fanny|Soul-Heart|boost\n|-boost|p2a: Aunt Fanny|spa|1\n|-damage|p2a: Aunt Fanny|38\/100|[from] item: Life Orb\n|\n|-weather|Sandstorm|[upkeep]\n|upkeep\n|c|\u2606XpokVEVO|aaah what a relief\n|c|\u2606Oomaester1234|damn that did more than i thougth it would\n|c|\u2606Oomaester1234|idk why\n|\n|t:|1697489463\n|switch|p1a: Magearna|Magearna|100\/100\n|turn|7\n|c|\u2606Oomaester1234|i didnt think ig\n|\n|t:|1697489471\n|move|p2a: Aunt Fanny|Volt Switch|p1a: Magearna\n|-damage|p1a: Magearna|81\/100\n|-damage|p2a: Aunt Fanny|28\/100|[from] item: Life Orb\n|\n|t:|1697489478\n|switch|p2a: Arceus-Fight\u0131ng|Arceus-Fire, shiny|100\/100|[from] Volt Switch\n|move|p1a: Magearna|Calm Mind|p1a: Magearna\n|-boost|p1a: Magearna|spa|1\n|-boost|p1a: Magearna|spd|1\n|\n|-weather|Sandstorm|[upkeep]\n|-damage|p2a: Arceus-Fight\u0131ng|94\/100|[from] Sandstorm\n|-heal|p1a: Magearna|87\/100|[from] item: Leftovers\n|upkeep\n|turn|8\n|\n|t:|1697489480\n|-terastallize|p1a: Magearna|Water\n|move|p2a: Arceus-Fight\u0131ng|Dragon Dance|p2a: Arceus-Fight\u0131ng\n|-boost|p2a: Arceus-Fight\u0131ng|atk|1\n|-boost|p2a: Arceus-Fight\u0131ng|spe|1\n|move|p1a: Magearna|Shift Gear|p1a: Magearna\n|-boost|p1a: Magearna|spe|2\n|-boost|p1a: Magearna|atk|1\n|\n|-weather|Sandstorm|[upkeep]\n|-damage|p2a: Arceus-Fight\u0131ng|88\/100|[from] Sandstorm\n|-damage|p1a: Magearna|81\/100|[from] Sandstorm\n|-heal|p1a: Magearna|87\/100|[from] item: Leftovers\n|upkeep\n|turn|9\n|\n|t:|1697489489\n|-terastallize|p2a: Arceus-Fight\u0131ng|Fairy\n|move|p1a: Magearna|Stored Power|p2a: Arceus-Fight\u0131ng\n|-damage|p2a: Arceus-Fight\u0131ng|32\/100\n|move|p2a: Arceus-Fight\u0131ng|Roar|p1a: Magearna\n|drag|p1a: Tyranitar|Tyranitar, F|100\/100\n|\n|-weather|Sandstorm|[upkeep]\n|-damage|p2a: Arceus-Fight\u0131ng|26\/100|[from] Sandstorm\n|upkeep\n|turn|10\n|c|\u2606XpokVEVO|couldnt afford it you know\n|c|\u2606Oomaester1234|damn u brought all the counters\n|\n|t:|1697489503\n|move|p2a: Arceus-Fight\u0131ng|Tera Blast|p1a: Tyranitar|[anim] Tera Blast Fairy\n|-supereffective|p1a: Tyranitar\n|-damage|p1a: Tyranitar|0 fnt\n|faint|p1a: Tyranitar\n|\n|-weather|Sandstorm|[upkeep]\n|-damage|p2a: Arceus-Fight\u0131ng|20\/100|[from] Sandstorm\n|upkeep\n|c|\u2606XpokVEVO|nah i only changed that\n|c|\u2606XpokVEVO|in fact no i didnt change anything\n|c|\u2606XpokVEVO|im just\n|c|\u2606XpokVEVO|thinking\n|\n|t:|1697489524\n|switch|p1a: Magearna|Magearna, tera:Water|87\/100\n|turn|11\n|\n|t:|1697489529\n|move|p2a: Arceus-Fight\u0131ng|Tera Blast|p1a: Magearna|[anim] Tera Blast Fairy\n|-damage|p1a: Magearna|38\/100\n|move|p1a: Magearna|Shift Gear|p1a: Magearna\n|-boost|p1a: Magearna|spe|2\n|-boost|p1a: Magearna|atk|1\n|\n|-weather|Sandstorm|[upkeep]\n|-damage|p2a: Arceus-Fight\u0131ng|14\/100|[from] Sandstorm\n|-damage|p1a: Magearna|32\/100|[from] Sandstorm\n|-heal|p1a: Magearna|38\/100|[from] item: Leftovers\n|upkeep\n|turn|12\n|\n|t:|1697489532\n|move|p2a: Arceus-Fight\u0131ng|Tera Blast|p1a: Magearna|[anim] Tera Blast Fairy\n|-damage|p1a: Magearna|0 fnt\n|faint|p1a: Magearna\n|\n|-weather|none\n|upkeep\n|c|\u2606XpokVEVO|gg\n|c|\u2606Oomaester1234|how as that faster wtf\n|c|\u2606Oomaester1234|damn\n|\n|t:|1697489542\n|switch|p1a: Ogerpon|Ogerpon-Wellspring, F|100\/100\n|turn|13\n|\n|t:|1697489544\n|move|p2a: Arceus-Fight\u0131ng|Flare Blitz|p1a: Ogerpon\n|-damage|p1a: Ogerpon|0 fnt\n|faint|p1a: Ogerpon\n|-damage|p2a: Arceus-Fight\u0131ng|0 fnt|[from] Recoil\n|faint|p2a: Arceus-Fight\u0131ng\n|\n|upkeep\n|c|\u2606Oomaester1234|wp\n|\n|t:|1697489550\n|switch|p2a: Aunt Fanny|Magearna|28\/100\n|switch|p1a: Garchomp|Garchomp, M|100\/100\n|turn|14\n|c|\u2606Oomaester1234|i mightve choked 100x\n|\n|t:|1697489555\n|move|p1a: Garchomp|Fire Fang|p2a: Aunt Fanny\n|-supereffective|p2a: Aunt Fanny\n|-damage|p2a: Aunt Fanny|0 fnt\n|faint|p2a: Aunt Fanny\n|\n|upkeep\n|\n|t:|1697489565\n|switch|p2a: Akira|Cyclizar, M|84\/100\n|turn|15\n|\n|t:|1697489567\n|move|p2a: Akira|Taunt|p1a: Garchomp\n|-start|p1a: Garchomp|move: Taunt\n|move|p1a: Garchomp|Scale Shot|p2a: Akira\n|-supereffective|p2a: Akira\n|-damage|p2a: Akira|44\/100\n|-supereffective|p2a: Akira\n|-damage|p2a: Akira|3\/100\n|-enditem|p2a: Akira|Aguav Berry|[eat]\n|-heal|p2a: Akira|37\/100|[from] item: Aguav Berry\n|-supereffective|p2a: Akira\n|-damage|p2a: Akira|0 fnt\n|faint|p2a: Akira\n|-hitcount|p2: Akira|3\n|-unboost|p1a: Garchomp|def|1\n|-boost|p1a: Garchomp|spe|1\n|\n|upkeep\n|c|\u2606Oomaester1234|maybe i didnt\n|c|\u2606XpokVEVO|shiet\n|\n|t:|1697489579\n|switch|p2a: Emu War|Espathra, F|100\/100\n|turn|16\n|\n|t:|1697489587\n|move|p1a: Garchomp|Scale Shot|p2a: Emu War|[miss]\n|-miss|p1a: Garchomp|p2a: Emu War\n|move|p2a: Emu War|Calm Mind|p2a: Emu War\n|-boost|p2a: Emu War|spa|1\n|-boost|p2a: Emu War|spd|1\n|\n|-ability|p2a: Emu War|Speed Boost|boost\n|-boost|p2a: Emu War|spe|1\n|upkeep\n|turn|17\n|c|\u2606XpokVEVO|see?\n|c|\u2606XpokVEVO|im just...better...\n|c|\u2606Oomaester1234|i hate this game sometimes\n|\n|t:|1697489597\n|move|p2a: Emu War|Protect|p2a: Emu War\n|-singleturn|p2a: Emu War|Protect\n|move|p1a: Garchomp|Scale Shot|p2a: Emu War\n|-activate|p2a: Emu War|move: Protect\n|\n|-end|p1a: Garchomp|move: Taunt\n|-ability|p2a: Emu War|Speed Boost|boost\n|-boost|p2a: Emu War|spe|1\n|upkeep\n|turn|18\n|\n|t:|1697489599\n|move|p2a: Emu War|Stored Power|p1a: Garchomp\n|-damage|p1a: Garchomp|18\/100\n|move|p1a: Garchomp|Scale Shot|p2a: Emu War\n|-damage|p2a: Emu War|81\/100\n|-damage|p2a: Emu War|60\/100\n|-damage|p2a: Emu War|39\/100\n|-damage|p2a: Emu War|18\/100\n|-damage|p2a: Emu War|0 fnt\n|faint|p2a: Emu War\n|-hitcount|p2: Emu War|5\n|-unboost|p1a: Garchomp|def|1\n|-boost|p1a: Garchomp|spe|1\n|\n|upkeep\n|\n|t:|1697489602\n|switch|p2a: Sonic|Shaymin-Sky, shiny|100\/100\n|turn|19\n|c|\u2606XpokVEVO|zamn\n|c|\u2606XpokVEVO|anyways i still win\n|c|\u2606XpokVEVO|right?\n|c|\u2606XpokVEVO|no way\n|c|\u2606XpokVEVO|JSUT CLICK\n|c|\u2606XpokVEVO|JUST CLICK DUDE\n|c|\u2606XpokVEVO|CLICK YOUR FANG\n|c|\u2606Oomaester1234|if i hit all shots\n|c|\u2606Oomaester1234|on scale shot\n|c|\u2606Oomaester1234|i think id win\n|c|\u2606XpokVEVO|WDYM\n|c|\u2606Oomaester1234|idk\n|c|\u2606XpokVEVO|JUST CLICK\n|c|\u2606XpokVEVO|FIRE\n|\n|t:|1697489635\n|move|p1a: Garchomp|Scale Shot|p2a: Sonic\n|-damage|p2a: Sonic|85\/100\n|-damage|p2a: Sonic|69\/100\n|-damage|p2a: Sonic|52\/100\n|-damage|p2a: Sonic|36\/100\n|-damage|p2a: Sonic|20\/100\n|-hitcount|p2a: Sonic|5\n|-unboost|p1a: Garchomp|def|1\n|-boost|p1a: Garchomp|spe|1\n|move|p2a: Sonic|Earth Power|p1a: Garchomp\n|-damage|p1a: Garchomp|0 fnt\n|faint|p1a: Garchomp\n|-damage|p2a: Sonic|10\/100|[from] item: Life Orb\n|\n|win|XpokVEVO\n|c|\u2606XpokVEVO|FANG\n|c|\u2606XpokVEVO|WHY\n|c|\u2606XpokVEVO|DIDNT YOU\n|c|\u2606Oomaester1234|damn\n|c|\u2606XpokVEVO|FFNAG\n|c|\u2606XpokVEVO|ARE YOU BAND\n|c|\u2606Oomaester1234|cuz fang wasnt fonna kill\n|c|\u2606Oomaester1234|what\n|c|\u2606XpokVEVO|really?\n|c|\u2606XpokVEVO|oh ok\n|c|\u2606XpokVEVO|gg\n|l|\u2606XpokVEVO\n|l|\u2606Oomaester1234\n|j|\u2606XpokVEVO\n|player|p2|XpokVEVO|mustard\n","uploadtime":1697489671,"views":20,"p1id":"oomaester1234","p2id":"xpokvevo","formatid":"gen9ubers","rating":0,"private":0,"password":""}