{"id":"gen9ubers-1969888864","p1":"MeteorAsh15","p2":"Dudeson88","format":"[Gen 9] Ubers","log":"|j|\u2606MeteorAsh15\n|j|\u2606Dudeson88\n|t:|1697573394\n|gametype|singles\n|player|p1|MeteorAsh15|nate|1135\n|player|p2|Dudeson88|palmer|1062\n|teamsize|p1|6\n|teamsize|p2|6\n|gen|9\n|tier|[Gen 9] Ubers\n|rated|\n|rule|Sleep Clause Mod: Limit one foe put to sleep\n|rule|Species Clause: Limit one of each Pok\u00e9mon\n|rule|OHKO Clause: OHKO moves are banned\n|rule|Evasion Items Clause: Evasion items are banned\n|rule|Evasion Moves Clause: Evasion moves are banned\n|rule|Endless Battle Clause: Forcing endless battles is banned\n|rule|HP Percentage Mod: HP is shown in percentages\n|clearpoke\n|poke|p1|Mew|\n|poke|p1|Zacian-*|\n|poke|p1|Espathra, F|\n|poke|p1|Eternatus|\n|poke|p1|Ninetales-Alola, F|\n|poke|p1|Baxcalibur, F|\n|poke|p2|Gliscor, M|\n|poke|p2|Salamence, M|\n|poke|p2|Scizor, F|\n|poke|p2|Azumarill, F|\n|poke|p2|Rotom-Wash|\n|poke|p2|Volcarona, M|\n|teampreview\n|inactive|Battle timer is ON: inactive players will automatically lose when time's up. (requested by MeteorAsh15)\n|\n|t:|1697573403\n|start\n|switch|p1a: Mew|Mew, shiny|100\/100\n|switch|p2a: Gliscor|Gliscor, M|100\/100\n|turn|1\n|\n|t:|1697573413\n|move|p1a: Mew|Stealth Rock|p2a: Gliscor\n|-sidestart|p2: Dudeson88|move: Stealth Rock\n|move|p2a: Gliscor|Stealth Rock|p1a: Mew\n|-sidestart|p1: MeteorAsh15|move: Stealth Rock\n|\n|-status|p2a: Gliscor|tox|[from] item: Toxic Orb\n|upkeep\n|turn|2\n|\n|t:|1697573421\n|move|p1a: Mew|Taunt|p2a: Gliscor\n|-start|p2a: Gliscor|move: Taunt\n|move|p2a: Gliscor|Earthquake|p1a: Mew\n|-damage|p1a: Mew|59\/100\n|-enditem|p1a: Mew|Red Card|[of] p2a: Gliscor\n|drag|p2a: Salamence|Salamence, M|100\/100\n|-damage|p2a: Salamence|76\/100|[from] Stealth Rock\n|\n|upkeep\n|turn|3\n|\n|t:|1697573441\n|move|p1a: Mew|Toxic Spikes|p2a: Salamence\n|-sidestart|p2: Dudeson88|move: Toxic Spikes\n|move|p2a: Salamence|Dragon Dance|p2a: Salamence\n|-boost|p2a: Salamence|atk|1\n|-boost|p2a: Salamence|spe|1\n|\n|upkeep\n|turn|4\n|\n|t:|1697573448\n|move|p2a: Salamence|Dragon Claw|p1a: Mew\n|-damage|p1a: Mew|0 fnt\n|faint|p1a: Mew\n|-ability|p2a: Salamence|Moxie|boost\n|-boost|p2a: Salamence|atk|1\n|-damage|p2a: Salamence|66\/100|[from] item: Life Orb\n|\n|upkeep\n|\n|t:|1697573459\n|switch|p1a: Zacian|Zacian-Crowned|100\/100\n|-damage|p1a: Zacian|94\/100|[from] Stealth Rock\n|-ability|p1a: Zacian|Intrepid Sword|boost\n|-boost|p1a: Zacian|atk|1\n|turn|5\n|\n|t:|1697573466\n|move|p1a: Zacian|Play Rough|p2a: Salamence\n|-supereffective|p2a: Salamence\n|-damage|p2a: Salamence|0 fnt\n|faint|p2a: Salamence\n|\n|upkeep\n|\n|t:|1697573471\n|switch|p2a: Volcarona|Volcarona, M|100\/100\n|turn|6\n|\n|t:|1697573483\n|switch|p1a: Eternatus|Eternatus|100\/100\n|-damage|p1a: Eternatus|88\/100|[from] Stealth Rock\n|-ability|p1a: Eternatus|Pressure\n|move|p2a: Volcarona|Fiery Dance|p1a: Eternatus\n|-resisted|p1a: Eternatus\n|-damage|p1a: Eternatus|67\/100\n|\n|upkeep\n|turn|7\n|\n|t:|1697573501\n|switch|p2a: Scizor|Scizor, F, shiny|100\/100\n|-damage|p2a: Scizor|88\/100|[from] Stealth Rock\n|move|p1a: Eternatus|Dynamax Cannon|p2a: Scizor\n|-resisted|p2a: Scizor\n|-damage|p2a: Scizor|54\/100\n|\n|upkeep\n|turn|8\n|\n|t:|1697573513\n|move|p2a: Scizor|Bullet Punch|p1a: Eternatus\n|-damage|p1a: Eternatus|36\/100\n|move|p1a: Eternatus|Flamethrower|p2a: Scizor\n|-supereffective|p2a: Scizor\n|-damage|p2a: Scizor|0 fnt\n|faint|p2a: Scizor\n|\n|upkeep\n|\n|t:|1697573519\n|switch|p2a: Gliscor|Gliscor, M|100\/100 tox\n|-damage|p2a: Gliscor|88\/100 tox|[from] Stealth Rock\n|turn|9\n|\n|t:|1697573524\n|move|p1a: Eternatus|Dynamax Cannon|p2a: Gliscor\n|-damage|p2a: Gliscor|11\/100 tox\n|move|p2a: Gliscor|Earthquake|p1a: Eternatus\n|-supereffective|p1a: Eternatus\n|-damage|p1a: Eternatus|0 fnt\n|faint|p1a: Eternatus\n|\n|-heal|p2a: Gliscor|23\/100 tox|[from] ability: Poison Heal\n|upkeep\n|\n|t:|1697573535\n|switch|p1a: Espathra|Espathra, F, shiny|100\/100\n|-damage|p1a: Espathra|88\/100|[from] Stealth Rock\n|turn|10\n|\n|t:|1697573540\n|move|p1a: Espathra|Protect|p1a: Espathra\n|-singleturn|p1a: Espathra|Protect\n|move|p2a: Gliscor|Dual Wingbeat|p1a: Espathra\n|-activate|p1a: Espathra|move: Protect\n|\n|-heal|p1a: Espathra|94\/100|[from] item: Leftovers\n|-heal|p2a: Gliscor|35\/100 tox|[from] ability: Poison Heal\n|-ability|p1a: Espathra|Speed Boost|boost\n|-boost|p1a: Espathra|spe|1\n|upkeep\n|turn|11\n|\n|t:|1697573552\n|move|p1a: Espathra|Calm Mind|p1a: Espathra\n|-boost|p1a: Espathra|spa|1\n|-boost|p1a: Espathra|spd|1\n|move|p2a: Gliscor|Dual Wingbeat|p1a: Espathra\n|-damage|p1a: Espathra|66\/100\n|-damage|p1a: Espathra|40\/100\n|-hitcount|p1a: Espathra|2\n|\n|-heal|p1a: Espathra|46\/100|[from] item: Leftovers\n|-heal|p2a: Gliscor|48\/100 tox|[from] ability: Poison Heal\n|-ability|p1a: Espathra|Speed Boost|boost\n|-boost|p1a: Espathra|spe|1\n|upkeep\n|turn|12\n|\n|t:|1697573565\n|move|p1a: Espathra|Protect|p1a: Espathra\n|-singleturn|p1a: Espathra|Protect\n|move|p2a: Gliscor|Dual Wingbeat|p1a: Espathra\n|-activate|p1a: Espathra|move: Protect\n|\n|-heal|p1a: Espathra|52\/100|[from] item: Leftovers\n|-heal|p2a: Gliscor|60\/100 tox|[from] ability: Poison Heal\n|-ability|p1a: Espathra|Speed Boost|boost\n|-boost|p1a: Espathra|spe|1\n|upkeep\n|turn|13\n|\n|t:|1697573576\n|move|p1a: Espathra|Stored Power|p2a: Gliscor\n|-damage|p2a: Gliscor|0 fnt\n|faint|p2a: Gliscor\n|\n|-heal|p1a: Espathra|58\/100|[from] item: Leftovers\n|-ability|p1a: Espathra|Speed Boost|boost\n|-boost|p1a: Espathra|spe|1\n|upkeep\n|-message|Dudeson88 forfeited.\n|\n|win|MeteorAsh15\n|raw|MeteorAsh15's rating: 1135 &rarr; <strong>1155<\/strong><br \/>(+20 for winning)\n|raw|Dudeson88's rating: 1062 &rarr; <strong>1047<\/strong><br \/>(-15 for losing)\n|l|\u2606Dudeson88\n","uploadtime":1697573594,"views":10,"p1id":"meteorash15","p2id":"dudeson88","formatid":"gen9ubers","rating":1047,"private":0,"password":""}