{"id":"gen9ubers-1970676125","p1":"MeteorAsh15","p2":"Martian1010","format":"[Gen 9] Ubers","log":"|j|\u2606MeteorAsh15\n|j|\u2606Martian1010\n|t:|1697657370\n|gametype|singles\n|player|p1|MeteorAsh15|nate|1197\n|player|p2|Martian1010|gambler|1121\n|teamsize|p1|6\n|teamsize|p2|6\n|gen|9\n|tier|[Gen 9] Ubers\n|rated|\n|rule|Sleep Clause Mod: Limit one foe put to sleep\n|rule|Species Clause: Limit one of each Pok\u00e9mon\n|rule|OHKO Clause: OHKO moves are banned\n|rule|Evasion Items Clause: Evasion items are banned\n|rule|Evasion Moves Clause: Evasion moves are banned\n|rule|Endless Battle Clause: Forcing endless battles is banned\n|rule|HP Percentage Mod: HP is shown in percentages\n|clearpoke\n|poke|p1|Mew|\n|poke|p1|Zacian-*|\n|poke|p1|Espathra, F|\n|poke|p1|Eternatus|\n|poke|p1|Ninetales-Alola, F|\n|poke|p1|Baxcalibur, F|\n|poke|p2|Zacian-*|\n|poke|p2|Groudon|\n|poke|p2|Urshifu-*, F|\n|poke|p2|Glimmora, M|\n|poke|p2|Gliscor, F|\n|poke|p2|Arceus-Grass|\n|teampreview\n|inactive|Battle timer is ON: inactive players will automatically lose when time's up. (requested by Martian1010)\n|\n|t:|1697657375\n|start\n|switch|p1a: Mew|Mew, shiny|100\/100\n|switch|p2a: Glimmora|Glimmora, M, shiny|100\/100\n|-item|p2a: Glimmora|Air Balloon\n|turn|1\n|\n|t:|1697657383\n|switch|p2a: Zacian|Zacian-Crowned, shiny|100\/100\n|-ability|p2a: Zacian|Intrepid Sword|boost\n|-boost|p2a: Zacian|atk|1\n|move|p1a: Mew|Taunt|p2a: Zacian\n|-start|p2a: Zacian|move: Taunt\n|\n|upkeep\n|turn|2\n|\n|t:|1697657392\n|switch|p1a: Eternatus|Eternatus|100\/100\n|-ability|p1a: Eternatus|Pressure\n|move|p2a: Zacian|Behemoth Blade|p1a: Eternatus\n|-damage|p1a: Eternatus|27\/100\n|\n|upkeep\n|turn|3\n|\n|t:|1697657400\n|move|p2a: Zacian|Behemoth Blade|p1a: Eternatus\n|-damage|p1a: Eternatus|0 fnt\n|faint|p1a: Eternatus\n|\n|-end|p2a: Zacian|move: Taunt\n|upkeep\n|\n|t:|1697657409\n|switch|p1a: Zacian|Zacian-Crowned|100\/100\n|-ability|p1a: Zacian|Intrepid Sword|boost\n|-boost|p1a: Zacian|atk|1\n|turn|4\n|\n|t:|1697657415\n|move|p1a: Zacian|Behemoth Blade|p2a: Zacian\n|-damage|p2a: Zacian|14\/100\n|move|p2a: Zacian|Behemoth Blade|p1a: Zacian\n|-damage|p1a: Zacian|17\/100\n|\n|upkeep\n|turn|5\n|\n|t:|1697657424\n|move|p2a: Zacian|Behemoth Blade|p1a: Zacian\n|-damage|p1a: Zacian|0 fnt\n|faint|p1a: Zacian\n|\n|upkeep\n|\n|t:|1697657430\n|switch|p1a: Espathra|Espathra, F, shiny|100\/100\n|turn|6\n|\n|t:|1697657434\n|move|p1a: Espathra|Protect|p1a: Espathra\n|-singleturn|p1a: Espathra|Protect\n|move|p2a: Zacian|Behemoth Blade|p1a: Espathra\n|-activate|p1a: Espathra|move: Protect\n|\n|-ability|p1a: Espathra|Speed Boost|boost\n|-boost|p1a: Espathra|spe|1\n|upkeep\n|turn|7\n|\n|t:|1697657443\n|move|p1a: Espathra|Stored Power|p2a: Zacian\n|-resisted|p2a: Zacian\n|-damage|p2a: Zacian|5\/100\n|move|p2a: Zacian|Behemoth Blade|p1a: Espathra\n|-damage|p1a: Espathra|0 fnt\n|faint|p1a: Espathra\n|\n|upkeep\n|\n|t:|1697657452\n|switch|p1a: Mew|Mew, shiny|100\/100\n|turn|8\n|\n|t:|1697657459\n|move|p2a: Zacian|Play Rough|p1a: Mew\n|-damage|p1a: Mew|21\/100\n|-enditem|p1a: Mew|Red Card|[of] p2a: Zacian\n|drag|p2a: Groudon|Groudon, shiny|100\/100\n|-weather|SunnyDay|[from] ability: Drought|[of] p2a: Groudon\n|move|p1a: Mew|Stealth Rock|p2a: Groudon\n|-sidestart|p2: Martian1010|move: Stealth Rock\n|\n|-weather|SunnyDay|[upkeep]\n|upkeep\n|turn|9\n|\n|t:|1697657473\n|move|p1a: Mew|Toxic Spikes|p2a: Groudon\n|-sidestart|p2: Martian1010|move: Toxic Spikes\n|move|p2a: Groudon|Heat Crash|p1a: Mew\n|-damage|p1a: Mew|0 fnt\n|faint|p1a: Mew\n|\n|-weather|SunnyDay|[upkeep]\n|upkeep\n|\n|t:|1697657484\n|switch|p1a: Ninetales|Ninetales-Alola, F|100\/100\n|-weather|Snow|[from] ability: Snow Warning|[of] p1a: Ninetales\n|turn|10\n|\n|t:|1697657490\n|switch|p2a: Glimmora|Glimmora, M, shiny|100\/100\n|-damage|p2a: Glimmora|88\/100|[from] Stealth Rock\n|-item|p2a: Glimmora|Air Balloon\n|move|p1a: Ninetales|Aurora Veil|p1a: Ninetales\n|-sidestart|p1: MeteorAsh15|move: Aurora Veil\n|\n|-weather|Snow|[upkeep]\n|upkeep\n|turn|11\n|\n|t:|1697657504\n|move|p1a: Ninetales|Hypnosis|p2a: Glimmora|[miss]\n|-miss|p1a: Ninetales|p2a: Glimmora\n|move|p2a: Glimmora|Power Gem|p1a: Ninetales\n|-supereffective|p1a: Ninetales\n|-damage|p1a: Ninetales|63\/100\n|\n|-weather|Snow|[upkeep]\n|upkeep\n|turn|12\n|\n|t:|1697657512\n|move|p1a: Ninetales|Freeze-Dry|p2a: Glimmora\n|-damage|p2a: Glimmora|56\/100\n|-enditem|p2a: Glimmora|Air Balloon\n|move|p2a: Glimmora|Power Gem|p1a: Ninetales\n|-supereffective|p1a: Ninetales\n|-damage|p1a: Ninetales|19\/100\n|\n|-weather|Snow|[upkeep]\n|upkeep\n|turn|13\n|\n|t:|1697657524\n|switch|p2a: Zacian|Zacian-Crowned, shiny|5\/100\n|-damage|p2a: Zacian|0 fnt|[from] Stealth Rock\n|faint|p2a: Zacian\n|move|p1a: Ninetales|Hypnosis|p2: Zacian|[notarget]\n|-fail|p1a: Ninetales\n|\n|-weather|Snow|[upkeep]\n|upkeep\n|\n|t:|1697657530\n|switch|p2a: Glimmora|Glimmora, M, shiny|56\/100\n|-damage|p2a: Glimmora|44\/100|[from] Stealth Rock\n|-sideend|p2: Martian1010|move: Toxic Spikes|[of] p2a: Glimmora\n|turn|14\n|\n|t:|1697657539\n|move|p1a: Ninetales|Hypnosis|p2a: Glimmora|[miss]\n|-miss|p1a: Ninetales|p2a: Glimmora\n|move|p2a: Glimmora|Power Gem|p1a: Ninetales\n|-supereffective|p1a: Ninetales\n|-damage|p1a: Ninetales|0 fnt\n|faint|p1a: Ninetales\n|\n|-weather|none\n|upkeep\n|\n|t:|1697657548\n|switch|p1a: Baxcalibur|Baxcalibur, F, shiny|100\/100\n|turn|15\n|\n|t:|1697657552\n|move|p2a: Glimmora|Spiky Shield|p2a: Glimmora\n|-singleturn|p2a: Glimmora|move: Protect\n|move|p1a: Baxcalibur|Scale Shot|p2a: Glimmora\n|-activate|p2a: Glimmora|move: Protect\n|\n|upkeep\n|turn|16\n|\n|t:|1697657559\n|move|p2a: Glimmora|Spiky Shield|p2a: Glimmora\n|-singleturn|p2a: Glimmora|move: Protect\n|move|p1a: Baxcalibur|Swords Dance|p1a: Baxcalibur\n|-boost|p1a: Baxcalibur|atk|2\n|\n|upkeep\n|turn|17\n|\n|t:|1697657566\n|move|p2a: Glimmora|Spiky Shield||[still]\n|-fail|p2a: Glimmora\n|move|p1a: Baxcalibur|Scale Shot|p2a: Glimmora\n|-crit|p2a: Glimmora\n|-damage|p2a: Glimmora|0 fnt\n|-activate|p2a: Glimmora|ability: Toxic Debris\n|-sidestart|p1: MeteorAsh15|move: Toxic Spikes\n|faint|p2a: Glimmora\n|-hitcount|p2: Glimmora|1\n|-unboost|p1a: Baxcalibur|def|1\n|-boost|p1a: Baxcalibur|spe|1\n|\n|-sideend|p1: MeteorAsh15|move: Aurora Veil\n|upkeep\n|\n|t:|1697657584\n|switch|p2a: Gliscor|Gliscor, F, shiny|100\/100\n|-damage|p2a: Gliscor|88\/100|[from] Stealth Rock\n|turn|18\n|\n|t:|1697657588\n|move|p1a: Baxcalibur|Icicle Spear|p2a: Gliscor\n|-supereffective|p2a: Gliscor\n|-damage|p2a: Gliscor|19\/100\n|-supereffective|p2a: Gliscor\n|-damage|p2a: Gliscor|0 fnt\n|faint|p2a: Gliscor\n|-hitcount|p2: Gliscor|2\n|\n|upkeep\n|\n|t:|1697657593\n|switch|p2a: Urshifu|Urshifu, F|100\/100\n|-damage|p2a: Urshifu|94\/100|[from] Stealth Rock\n|turn|19\n|\n|t:|1697657600\n|-terastallize|p2a: Urshifu|Dark\n|move|p2a: Urshifu|Sucker Punch|p1a: Baxcalibur\n|-damage|p1a: Baxcalibur|31\/100\n|move|p1a: Baxcalibur|Scale Shot|p2a: Urshifu\n|-damage|p2a: Urshifu|67\/100\n|-damage|p2a: Urshifu|39\/100\n|-damage|p2a: Urshifu|10\/100\n|-damage|p2a: Urshifu|0 fnt\n|faint|p2a: Urshifu\n|-hitcount|p2: Urshifu|4\n|-unboost|p1a: Baxcalibur|def|1\n|-boost|p1a: Baxcalibur|spe|1\n|\n|upkeep\n|\n|t:|1697657612\n|switch|p2a: Arceus|Arceus-Grass, shiny|100\/100\n|-damage|p2a: Arceus|88\/100|[from] Stealth Rock\n|turn|20\n|\n|t:|1697657618\n|move|p1a: Baxcalibur|Icicle Spear|p2a: Arceus\n|-supereffective|p2a: Arceus\n|-damage|p2a: Arceus|52\/100\n|-supereffective|p2a: Arceus\n|-damage|p2a: Arceus|13\/100\n|-supereffective|p2a: Arceus\n|-damage|p2a: Arceus|0 fnt\n|faint|p2a: Arceus\n|-hitcount|p2: Arceus|3\n|\n|upkeep\n|\n|t:|1697657622\n|switch|p2a: Groudon|Groudon, shiny|100\/100\n|-damage|p2a: Groudon|94\/100|[from] Stealth Rock\n|-weather|SunnyDay|[from] ability: Drought|[of] p2a: Groudon\n|turn|21\n|\n|t:|1697657632\n|move|p1a: Baxcalibur|Icicle Spear|p2a: Groudon\n|-supereffective|p2a: Groudon\n|-damage|p2a: Groudon|53\/100\n|-supereffective|p2a: Groudon\n|-damage|p2a: Groudon|14\/100\n|-supereffective|p2a: Groudon\n|-damage|p2a: Groudon|0 fnt\n|faint|p2a: Groudon\n|-hitcount|p2: Groudon|3\n|\n|win|MeteorAsh15\n|raw|MeteorAsh15's rating: 1197 &rarr; <strong>1217<\/strong><br \/>(+20 for winning)\n|raw|Martian1010's rating: 1121 &rarr; <strong>1101<\/strong><br \/>(-20 for losing)\n|l|\u2606Martian1010\n","uploadtime":1697657661,"views":10,"p1id":"meteorash15","p2id":"martian1010","formatid":"gen9ubers","rating":1101,"private":0,"password":""}