{"id":"gen9ubers-1971537678","p1":"This December","p2":"ToastyBreade","format":"[Gen 9] Ubers","log":"|j|\u2606This December\n|j|\u2606ToastyBreade\n|t:|1697746486\n|gametype|singles\n|player|p1|This December|mallow-masters|1215\n|player|p2|ToastyBreade|fantina|1354\n|teamsize|p1|6\n|teamsize|p2|6\n|gen|9\n|tier|[Gen 9] Ubers\n|rated|\n|rule|Sleep Clause Mod: Limit one foe put to sleep\n|rule|Species Clause: Limit one of each Pok\u00e9mon\n|rule|OHKO Clause: OHKO moves are banned\n|rule|Evasion Items Clause: Evasion items are banned\n|rule|Evasion Moves Clause: Evasion moves are banned\n|rule|Endless Battle Clause: Forcing endless battles is banned\n|rule|HP Percentage Mod: HP is shown in percentages\n|clearpoke\n|poke|p1|Chien-Pao|\n|poke|p1|Miraidon|\n|poke|p1|Corviknight, M|\n|poke|p1|Skeledirge, F|\n|poke|p1|Arceus-Ground|\n|poke|p1|Zacian-*|\n|poke|p2|Koraidon|\n|poke|p2|Zacian-*|\n|poke|p2|Arceus|\n|poke|p2|Miraidon|\n|poke|p2|Flutter Mane|\n|poke|p2|Ribombee, M|\n|teampreview\n|inactive|Battle timer is ON: inactive players will automatically lose when time's up. (requested by ToastyBreade)\n|c|\u2606This December|hf\n|\n|t:|1697746503\n|start\n|switch|p1a: Miraidon|Miraidon|100\/100\n|switch|p2a: Zacian|Zacian-Crowned|100\/100\n|-ability|p2a: Zacian|Intrepid Sword|boost\n|-boost|p2a: Zacian|atk|1\n|-fieldstart|move: Electric Terrain|[from] ability: Hadron Engine|[of] p1a: Miraidon\n|turn|1\n|\n|t:|1697746516\n|switch|p1a: Skeledirge|Skeledirge, F, shiny|100\/100\n|move|p2a: Zacian|Swords Dance|p2a: Zacian\n|-boost|p2a: Zacian|atk|2\n|\n|upkeep\n|turn|2\n|\n|t:|1697746519\n|-terastallize|p2a: Zacian|Ground\n|move|p2a: Zacian|Tera Blast|p1a: Skeledirge|[anim] Tera Blast Ground\n|-supereffective|p1a: Skeledirge\n|-damage|p1a: Skeledirge|41\/100\n|move|p1a: Skeledirge|Will-O-Wisp|p2a: Zacian|[miss]\n|-miss|p1a: Skeledirge|p2a: Zacian\n|\n|upkeep\n|turn|3\n|\n|t:|1697746525\n|-terastallize|p1a: Skeledirge|Fairy\n|move|p2a: Zacian|Tera Blast|p1a: Skeledirge|[anim] Tera Blast Ground\n|-damage|p1a: Skeledirge|14\/100\n|move|p1a: Skeledirge|Will-O-Wisp|p2a: Zacian\n|-status|p2a: Zacian|brn\n|\n|-damage|p2a: Zacian|94\/100 brn|[from] brn\n|upkeep\n|turn|4\n|\n|t:|1697746529\n|switch|p1a: Corviknight|Corviknight, M|100\/100\n|-ability|p1a: Corviknight|Pressure\n|move|p2a: Zacian|Behemoth Blade|p1a: Corviknight\n|-resisted|p1a: Corviknight\n|-damage|p1a: Corviknight|78\/100\n|\n|-heal|p1a: Corviknight|84\/100|[from] item: Leftovers\n|-damage|p2a: Zacian|88\/100 brn|[from] brn\n|upkeep\n|turn|5\n|\n|t:|1697746531\n|switch|p2a: Miraidon|Miraidon|100\/100\n|-activate|p2a: Miraidon|ability: Hadron Engine\n|move|p1a: Corviknight|U-turn|p2a: Miraidon\n|-damage|p2a: Miraidon|86\/100\n|\n|t:|1697746538\n|switch|p1a: Arceus|Arceus-Ground|100\/100|[from] U-turn\n|\n|-fieldend|move: Electric Terrain\n|upkeep\n|turn|6\n|\n|t:|1697746552\n|switch|p2a: Ribombee|Ribombee, M|100\/100\n|move|p1a: Arceus|Stealth Rock|p2a: Ribombee\n|-sidestart|p2: ToastyBreade|move: Stealth Rock\n|\n|upkeep\n|turn|7\n|\n|t:|1697746554\n|move|p2a: Ribombee|Sticky Web|p1a: Arceus\n|-sidestart|p1: This December|move: Sticky Web\n|move|p1a: Arceus|Judgment|p2a: Ribombee\n|-resisted|p2a: Ribombee\n|-damage|p2a: Ribombee|56\/100\n|\n|upkeep\n|turn|8\n|\n|t:|1697746559\n|switch|p1a: Corviknight|Corviknight, M|84\/100\n|-ability|p1a: Corviknight|Pressure\n|move|p2a: Ribombee|Charm|p1a: Corviknight\n|-unboost|p1a: Corviknight|atk|2\n|\n|-heal|p1a: Corviknight|90\/100|[from] item: Leftovers\n|upkeep\n|turn|9\n|\n|t:|1697746561\n|move|p2a: Ribombee|Stun Spore|p1a: Corviknight\n|-status|p1a: Corviknight|par\n|move|p1a: Corviknight|Defog|p2a: Ribombee\n|-unboost|p2a: Ribombee|evasion|1\n|-sideend|p2: ToastyBreade|Stealth Rock|[from] move: Defog|[of] p1a: Corviknight\n|-sideend|p1: This December|Sticky Web|[from] move: Defog|[of] p1a: Corviknight\n|\n|-heal|p1a: Corviknight|96\/100 par|[from] item: Leftovers\n|upkeep\n|turn|10\n|\n|t:|1697746564\n|move|p2a: Ribombee|Sticky Web|p1a: Corviknight\n|-sidestart|p1: This December|move: Sticky Web\n|move|p1a: Corviknight|Brave Bird|p2a: Ribombee\n|-supereffective|p2a: Ribombee\n|-damage|p2a: Ribombee|0 fnt\n|faint|p2a: Ribombee\n|-damage|p1a: Corviknight|84\/100 par|[from] Recoil\n|\n|-heal|p1a: Corviknight|90\/100 par|[from] item: Leftovers\n|upkeep\n|\n|t:|1697746576\n|switch|p2a: Koraidon|Koraidon|100\/100\n|-weather|SunnyDay|[from] ability: Orichalcum Pulse|[of] p2a: Koraidon\n|-activate|p2a: Koraidon|Orichalcum Pulse|[source]\n|turn|11\n|\n|t:|1697746579\n|switch|p1a: Skeledirge|Skeledirge, F, shiny, tera:Fairy|14\/100\n|move|p2a: Koraidon|Swords Dance|p2a: Koraidon\n|-boost|p2a: Koraidon|atk|2\n|\n|-weather|SunnyDay|[upkeep]\n|upkeep\n|turn|12\n|\n|t:|1697746583\n|move|p2a: Koraidon|Flare Blitz|p1a: Skeledirge\n|-damage|p1a: Skeledirge|0 fnt\n|faint|p1a: Skeledirge\n|-damage|p2a: Koraidon|95\/100|[from] Recoil\n|\n|-weather|SunnyDay|[upkeep]\n|upkeep\n|inactive|This December has 120 seconds left.\n|\n|t:|1697746623\n|switch|p1a: Miraidon|Miraidon|100\/100\n|-fieldstart|move: Electric Terrain|[from] ability: Hadron Engine|[of] p1a: Miraidon\n|turn|13\n|\n|t:|1697746635\n|move|p1a: Miraidon|Draco Meteor|p2a: Koraidon\n|-supereffective|p2a: Koraidon\n|-damage|p2a: Koraidon|0 fnt\n|-unboost|p1a: Miraidon|spa|2\n|faint|p2a: Koraidon\n|\n|-weather|SunnyDay|[upkeep]\n|upkeep\n|\n|t:|1697746641\n|switch|p2a: Arceus|Arceus|100\/100\n|turn|14\n|\n|t:|1697746643\n|move|p1a: Miraidon|U-turn|p2a: Arceus\n|-crit|p2a: Arceus\n|-damage|p2a: Arceus|88\/100\n|inactive|This December has 120 seconds left.\n|\n|t:|1697746675\n|switch|p1a: Zacian|Zacian-Crowned|100\/100|[from] U-turn\n|-activate|p1a: Zacian|move: Sticky Web\n|-unboost|p1a: Zacian|spe|1\n|-ability|p1a: Zacian|Intrepid Sword|boost\n|-boost|p1a: Zacian|atk|1\n|move|p2a: Arceus|Swords Dance|p2a: Arceus\n|-boost|p2a: Arceus|atk|2\n|\n|-weather|SunnyDay|[upkeep]\n|upkeep\n|turn|15\n|\n|t:|1697746681\n|move|p2a: Arceus|Swords Dance|p2a: Arceus\n|-boost|p2a: Arceus|atk|2\n|move|p1a: Zacian|Behemoth Blade|p2a: Arceus\n|-damage|p2a: Arceus|30\/100\n|\n|-weather|none\n|upkeep\n|turn|16\n|\n|t:|1697746689\n|move|p2a: Arceus|Shadow Claw|p1a: Zacian\n|-damage|p1a: Zacian|32\/100\n|move|p1a: Zacian|Behemoth Blade|p2a: Arceus\n|-damage|p2a: Arceus|0 fnt\n|faint|p2a: Arceus\n|\n|upkeep\n|\n|t:|1697746696\n|switch|p2a: Miraidon|Miraidon|86\/100\n|-activate|p2a: Miraidon|ability: Hadron Engine\n|turn|17\n|\n|t:|1697746708\n|switch|p1a: Arceus|Arceus-Ground|100\/100\n|-activate|p1a: Arceus|move: Sticky Web\n|-unboost|p1a: Arceus|spe|1\n|move|p2a: Miraidon|Draco Meteor|p1a: Arceus\n|-damage|p1a: Arceus|23\/100\n|-unboost|p2a: Miraidon|spa|2\n|-damage|p2a: Miraidon|76\/100|[from] item: Life Orb\n|\n|-fieldend|move: Electric Terrain\n|upkeep\n|turn|18\n|\n|t:|1697746726\n|switch|p1a: Zacian|Zacian-Crowned|32\/100\n|-activate|p1a: Zacian|move: Sticky Web\n|-unboost|p1a: Zacian|spe|1\n|move|p2a: Miraidon|Draco Meteor|p1a: Zacian\n|-immune|p1a: Zacian\n|\n|upkeep\n|turn|19\n|\n|t:|1697746733\n|move|p2a: Miraidon|Electro Drift|p1a: Zacian\n|-damage|p1a: Zacian|0 fnt\n|faint|p1a: Zacian\n|-damage|p2a: Miraidon|66\/100|[from] item: Life Orb\n|\n|upkeep\n|\n|t:|1697746757\n|switch|p1a: Miraidon|Miraidon|100\/100\n|-fieldstart|move: Electric Terrain|[from] ability: Hadron Engine|[of] p1a: Miraidon\n|turn|20\n|\n|t:|1697746774\n|switch|p2a: Zacian|Zacian-Crowned, tera:Ground|88\/100 brn\n|move|p1a: Miraidon|Electro Drift|p2a: Zacian\n|-immune|p2a: Zacian\n|\n|-damage|p2a: Zacian|82\/100 brn|[from] brn\n|upkeep\n|turn|21\n|\n|t:|1697746785\n|move|p2a: Zacian|Swords Dance|p2a: Zacian\n|-boost|p2a: Zacian|atk|2\n|move|p1a: Miraidon|U-turn|p2a: Zacian\n|-damage|p2a: Zacian|69\/100 brn\n|\n|t:|1697746789\n|switch|p1a: Chien-Pao|Chien-Pao|100\/100|[from] U-turn\n|-activate|p1a: Chien-Pao|move: Sticky Web\n|-unboost|p1a: Chien-Pao|spe|1\n|-ability|p1a: Chien-Pao|Sword of Ruin\n|\n|-damage|p2a: Zacian|63\/100 brn|[from] brn\n|upkeep\n|turn|22\n|\n|t:|1697746792\n|move|p1a: Chien-Pao|Ice Shard|p2a: Zacian\n|-supereffective|p2a: Zacian\n|-damage|p2a: Zacian|0 fnt\n|faint|p2a: Zacian\n|\n|upkeep\n|\n|t:|1697746793\n|switch|p2a: Flutter Mane|Flutter Mane|100\/100\n|-enditem|p2a: Flutter Mane|Booster Energy\n|-activate|p2a: Flutter Mane|ability: Protosynthesis|[fromitem]\n|-start|p2a: Flutter Mane|protosynthesisspe\n|turn|23\n|\n|t:|1697746811\n|switch|p1a: Corviknight|Corviknight, M|90\/100 par\n|-ability|p1a: Corviknight|Pressure\n|move|p2a: Flutter Mane|Moonblast|p1a: Corviknight\n|-resisted|p1a: Corviknight\n|-damage|p1a: Corviknight|64\/100 par\n|\n|-heal|p1a: Corviknight|70\/100 par|[from] item: Leftovers\n|upkeep\n|turn|24\n|\n|t:|1697746815\n|move|p2a: Flutter Mane|Taunt|p1a: Corviknight\n|-start|p1a: Corviknight|move: Taunt\n|cant|p1a: Corviknight|move: Taunt|Defog\n|\n|-heal|p1a: Corviknight|76\/100 par|[from] item: Leftovers\n|-fieldend|move: Electric Terrain\n|upkeep\n|turn|25\n|\n|t:|1697746820\n|move|p2a: Flutter Mane|Shadow Ball|p1a: Corviknight\n|-damage|p1a: Corviknight|34\/100 par\n|move|p1a: Corviknight|U-turn|p2a: Flutter Mane\n|-resisted|p2a: Flutter Mane\n|-damage|p2a: Flutter Mane|93\/100\n|\n|t:|1697746822\n|switch|p1a: Chien-Pao|Chien-Pao|100\/100|[from] U-turn\n|-activate|p1a: Chien-Pao|move: Sticky Web\n|-unboost|p1a: Chien-Pao|spe|1\n|-ability|p1a: Chien-Pao|Sword of Ruin\n|\n|upkeep\n|turn|26\n|\n|t:|1697746825\n|move|p1a: Chien-Pao|Sucker Punch|p2a: Flutter Mane\n|-damage|p2a: Flutter Mane|0 fnt\n|faint|p2a: Flutter Mane\n|-end|p2a: Flutter Mane|Protosynthesis|[silent]\n|\n|upkeep\n|\n|t:|1697746828\n|switch|p2a: Miraidon|Miraidon|66\/100\n|-fieldstart|move: Electric Terrain|[from] ability: Hadron Engine|[of] p2a: Miraidon\n|turn|27\n|\n|t:|1697746833\n|switch|p1a: Arceus|Arceus-Ground|23\/100\n|-activate|p1a: Arceus|move: Sticky Web\n|-unboost|p1a: Arceus|spe|1\n|move|p2a: Miraidon|Electro Drift|p1a: Arceus\n|-immune|p1a: Arceus\n|\n|upkeep\n|turn|28\n|\n|t:|1697746835\n|move|p2a: Miraidon|Calm Mind|p2a: Miraidon\n|-boost|p2a: Miraidon|spa|1\n|-boost|p2a: Miraidon|spd|1\n|move|p1a: Arceus|Judgment|p2a: Miraidon\n|-supereffective|p2a: Miraidon\n|-damage|p2a: Miraidon|13\/100\n|\n|upkeep\n|turn|29\n|\n|t:|1697746841\n|move|p2a: Miraidon|Draco Meteor|p1a: Arceus\n|-damage|p1a: Arceus|0 fnt\n|-unboost|p2a: Miraidon|spa|2\n|faint|p1a: Arceus\n|-damage|p2a: Miraidon|3\/100|[from] item: Life Orb\n|\n|upkeep\n|\n|t:|1697746844\n|switch|p1a: Chien-Pao|Chien-Pao|100\/100\n|-activate|p1a: Chien-Pao|move: Sticky Web\n|-unboost|p1a: Chien-Pao|spe|1\n|-ability|p1a: Chien-Pao|Sword of Ruin\n|turn|30\n|c|\u2606This December|gg\n|c|\u2606ToastyBreade|you could have just clicked ice shard three turns ago\n|\n|t:|1697746863\n|move|p1a: Chien-Pao|Ice Shard|p2a: Miraidon\n|-supereffective|p2a: Miraidon\n|-damage|p2a: Miraidon|0 fnt\n|faint|p2a: Miraidon\n|\n|win|This December\n|raw|This December's rating: 1215 &rarr; <strong>1251<\/strong><br \/>(+36 for winning)\n|raw|ToastyBreade's rating: 1375 &rarr; <strong>1346<\/strong><br \/>(-29 for losing)\n|c|\u2606This December|against whatr\n|c|\u2606This December|it didnt kill flutter mane so i had to kill it with sucker\n","uploadtime":1697746893,"views":7,"p1id":"thisdecember","p2id":"toastybreade","formatid":"gen9ubers","rating":1251,"private":0,"password":""}