{"id":"gen9ubers-1982907560","p1":"rustygoomba","p2":"shuckleshellshock","format":"[Gen 9] Ubers","log":"|j|\u2606rustygoomba\n|j|\u2606shuckleshellshock\n|t:|1699057314\n|gametype|singles\n|player|p1|rustygoomba|policeman-gen8|\n|player|p2|shuckleshellshock|nate|\n|teamsize|p1|6\n|teamsize|p2|6\n|gen|9\n|tier|[Gen 9] Ubers\n|rule|Sleep Clause Mod: Limit one foe put to sleep\n|rule|Species Clause: Limit one of each Pok\u00e9mon\n|rule|OHKO Clause: OHKO moves are banned\n|rule|Evasion Items Clause: Evasion items are banned\n|rule|Evasion Moves Clause: Evasion moves are banned\n|rule|Endless Battle Clause: Forcing endless battles is banned\n|rule|HP Percentage Mod: HP is shown in percentages\n|clearpoke\n|poke|p1|Mew|\n|poke|p1|Iron Bundle|\n|poke|p1|Tauros-Paldea-Blaze, M|\n|poke|p1|Frosmoth, M|\n|poke|p1|Clodsire, M|\n|poke|p1|Tatsugiri, M|\n|poke|p2|Iron Leaves|\n|poke|p2|Ceruledge, F|\n|poke|p2|Goodra-Hisui, M|\n|poke|p2|Pincurchin, M|\n|poke|p2|Gliscor, M|\n|poke|p2|Garchomp, M|\n|teampreview\n|\n|t:|1699057323\n|start\n|switch|p1a: justin jefferson|Frosmoth, M|100\/100\n|switch|p2a: Pincurchin|Pincurchin, M|100\/100\n|-fieldstart|move: Electric Terrain|[from] ability: Electric Surge|[of] p2a: Pincurchin\n|turn|1\n|\n|t:|1699057340\n|-terastallize|p1a: justin jefferson|Ground\n|move|p1a: justin jefferson|Substitute|p1a: justin jefferson\n|-start|p1a: justin jefferson|Substitute\n|-damage|p1a: justin jefferson|76\/100\n|move|p2a: Pincurchin|Thunder Wave|p1a: justin jefferson\n|-immune|p1a: justin jefferson\n|\n|upkeep\n|turn|2\n|j| flambojambo\n|\n|t:|1699057350\n|move|p1a: justin jefferson|Quiver Dance|p1a: justin jefferson\n|-boost|p1a: justin jefferson|spa|1\n|-boost|p1a: justin jefferson|spd|1\n|-boost|p1a: justin jefferson|spe|1\n|move|p2a: Pincurchin|Toxic Spikes|p1a: justin jefferson\n|-sidestart|p1: rustygoomba|move: Toxic Spikes\n|\n|upkeep\n|turn|3\n|\n|t:|1699057364\n|switch|p2a: Iron Leaves|Iron Leaves|100\/100\n|-activate|p2a: Iron Leaves|ability: Quark Drive\n|-start|p2a: Iron Leaves|quarkdriveatk\n|move|p1a: justin jefferson|Quiver Dance|p1a: justin jefferson\n|-boost|p1a: justin jefferson|spa|1\n|-boost|p1a: justin jefferson|spd|1\n|-boost|p1a: justin jefferson|spe|1\n|\n|upkeep\n|turn|4\n|\n|t:|1699057389\n|-terastallize|p2a: Iron Leaves|Fire\n|move|p1a: justin jefferson|Tera Blast|p2a: Iron Leaves|[anim] Tera Blast Ground\n|-supereffective|p2a: Iron Leaves\n|-damage|p2a: Iron Leaves|0 fnt\n|faint|p2a: Iron Leaves\n|-end|p2a: Iron Leaves|Quark Drive|[silent]\n|\n|upkeep\n|\n|t:|1699057397\n|switch|p2a: Ceruledge|Ceruledge, F|100\/100\n|turn|5\n|\n|t:|1699057409\n|move|p1a: justin jefferson|Tera Blast|p2a: Ceruledge|[anim] Tera Blast Ground\n|-supereffective|p2a: Ceruledge\n|-enditem|p2a: Ceruledge|Focus Sash\n|-damage|p2a: Ceruledge|1\/100\n|move|p2a: Ceruledge|Poltergeist|p1a: justin jefferson\n|-activate|p1a: justin jefferson|move: Poltergeist|Heavy-Duty Boots\n|-end|p1a: justin jefferson|Substitute\n|\n|-fieldend|move: Electric Terrain\n|upkeep\n|turn|6\n|\n|t:|1699057419\n|move|p2a: Ceruledge|Shadow Sneak|p1a: justin jefferson\n|-damage|p1a: justin jefferson|34\/100\n|move|p1a: justin jefferson|Ice Beam|p2a: Ceruledge\n|-resisted|p2a: Ceruledge\n|-damage|p2a: Ceruledge|0 fnt\n|faint|p2a: Ceruledge\n|\n|upkeep\n|\n|t:|1699057425\n|switch|p2a: Goodra|Goodra-Hisui, M|100\/100\n|turn|7\n|\n|t:|1699057430\n|move|p1a: justin jefferson|Tera Blast|p2a: Goodra|[anim] Tera Blast Ground\n|-supereffective|p2a: Goodra\n|-damage|p2a: Goodra|41\/100\n|move|p2a: Goodra|Dragon Tail|p1a: justin jefferson\n|-damage|p1a: justin jefferson|0 fnt\n|faint|p1a: justin jefferson\n|\n|upkeep\n|\n|t:|1699057437\n|switch|p1a: g2rald|Clodsire, M, shiny|100\/100\n|-sideend|p1: rustygoomba|move: Toxic Spikes|[of] p1a: g2rald\n|turn|8\n|\n|t:|1699057442\n|move|p1a: g2rald|Stealth Rock|p2a: Goodra\n|-sidestart|p2: shuckleshellshock|move: Stealth Rock\n|move|p2a: Goodra|Dragon Tail|p1a: g2rald\n|-damage|p1a: g2rald|79\/100\n|drag|p1a: mewseph|Mew|100\/100\n|\n|upkeep\n|turn|9\n|\n|t:|1699057449\n|move|p1a: mewseph|Will-O-Wisp|p2a: Goodra\n|-status|p2a: Goodra|brn\n|move|p2a: Goodra|Flash Cannon|p1a: mewseph\n|-damage|p1a: mewseph|72\/100\n|\n|-damage|p2a: Goodra|35\/100 brn|[from] brn\n|upkeep\n|turn|10\n|\n|t:|1699057462\n|move|p1a: mewseph|Draco Meteor|p2a: Goodra|[miss]\n|-miss|p1a: mewseph|p2a: Goodra\n|move|p2a: Goodra|Draco Meteor|p1a: mewseph\n|-damage|p1a: mewseph|22\/100\n|-unboost|p2a: Goodra|spa|2\n|\n|-damage|p2a: Goodra|29\/100 brn|[from] brn\n|upkeep\n|turn|11\n|\n|t:|1699057471\n|move|p1a: mewseph|Draco Meteor|p2a: Goodra|[miss]\n|-miss|p1a: mewseph|p2a: Goodra\n|move|p2a: Goodra|Draco Meteor|p1a: mewseph\n|-damage|p1a: mewseph|0 fnt\n|-unboost|p2a: Goodra|spa|2\n|faint|p1a: mewseph\n|\n|-damage|p2a: Goodra|22\/100 brn|[from] brn\n|upkeep\n|j| RektCactus\n|\n|t:|1699057485\n|switch|p1a: StillHaveOnRoster|Iron Bundle|100\/100\n|turn|12\n|\n|t:|1699057496\n|switch|p2a: Pincurchin|Pincurchin, M|100\/100\n|-damage|p2a: Pincurchin|88\/100|[from] Stealth Rock\n|-fieldstart|move: Electric Terrain|[from] ability: Electric Surge|[of] p2a: Pincurchin\n|-activate|p1a: StillHaveOnRoster|ability: Quark Drive\n|-start|p1a: StillHaveOnRoster|quarkdrivespe\n|move|p1a: StillHaveOnRoster|Ice Beam|p2a: Pincurchin\n|-damage|p2a: Pincurchin|0 fnt\n|faint|p2a: Pincurchin\n|\n|upkeep\n|\n|t:|1699057501\n|switch|p2a: Gliscor|Gliscor, M|100\/100\n|-damage|p2a: Gliscor|88\/100|[from] Stealth Rock\n|turn|13\n|\n|t:|1699057509\n|move|p2a: Gliscor|Protect|p2a: Gliscor\n|-singleturn|p2a: Gliscor|Protect\n|move|p1a: StillHaveOnRoster|Ice Beam|p2a: Gliscor\n|-activate|p2a: Gliscor|move: Protect\n|\n|-status|p2a: Gliscor|tox|[from] item: Toxic Orb\n|upkeep\n|turn|14\n|\n|t:|1699057512\n|move|p1a: StillHaveOnRoster|Ice Beam|p2a: Gliscor\n|-supereffective|p2a: Gliscor\n|-damage|p2a: Gliscor|0 fnt\n|faint|p2a: Gliscor\n|\n|upkeep\n|\n|t:|1699057515\n|switch|p2a: Goodra|Goodra-Hisui, M|22\/100 brn\n|-damage|p2a: Goodra|16\/100 brn|[from] Stealth Rock\n|turn|15\n|\n|t:|1699057519\n|move|p1a: StillHaveOnRoster|Ice Beam|p2a: Goodra\n|-damage|p2a: Goodra|0 fnt\n|faint|p2a: Goodra\n|\n|upkeep\n|\n|t:|1699057521\n|switch|p2a: Garchomp|Garchomp, M|100\/100\n|-damage|p2a: Garchomp|94\/100|[from] Stealth Rock\n|turn|16\n|\n|t:|1699057526\n|move|p1a: StillHaveOnRoster|Ice Beam|p2a: Garchomp\n|-supereffective|p2a: Garchomp\n|-damage|p2a: Garchomp|0 fnt\n|faint|p2a: Garchomp\n|\n|win|rustygoomba\n|c| RektCactus|Iron Bundle go br\n|l|\u2606shuckleshellshock\n|j|\u2606shuckleshellshock\n|player|p2|shuckleshellshock|nate\n","uploadtime":1699057542,"views":14,"p1id":"rustygoomba","p2id":"shuckleshellshock","formatid":"gen9ubers","rating":0,"private":0,"password":""}