{"id":"gen9ubers-1981507813","p1":"Rival Gary Oak","p2":"ShanmanT","format":"[Gen 9] Ubers","log":"|j|\u2606Rival Gary Oak\n|j|\u2606ShanmanT\n|t:|1698908972\n|gametype|singles\n|player|p1|Rival Gary Oak|blue|\n|player|p2|ShanmanT|169|\n|teamsize|p1|6\n|teamsize|p2|6\n|gen|9\n|tier|[Gen 9] Ubers\n|rule|Sleep Clause Mod: Limit one foe put to sleep\n|rule|Species Clause: Limit one of each Pok\u00e9mon\n|rule|OHKO Clause: OHKO moves are banned\n|rule|Evasion Items Clause: Evasion items are banned\n|rule|Evasion Moves Clause: Evasion moves are banned\n|rule|Endless Battle Clause: Forcing endless battles is banned\n|rule|HP Percentage Mod: HP is shown in percentages\n|clearpoke\n|poke|p1|Dragapult, F|\n|poke|p1|Ogerpon, F|\n|poke|p1|Goodra-Hisui, F|\n|poke|p1|Cloyster, F|\n|poke|p1|Articuno-Galar|\n|poke|p1|Regieleki|\n|poke|p2|Breloom, M|\n|poke|p2|Diancie|\n|poke|p2|Garganacl, M|\n|poke|p2|Armarouge, F|\n|poke|p2|Decidueye, M|\n|poke|p2|Munkidori, M|\n|teampreview\n|j| currys\n|j| mysticalcheese\n|\n|t:|1698909078\n|start\n|switch|p1a: Ogerpon|Ogerpon, F|100\/100\n|switch|p2a: Armarouge|Armarouge, F|100\/100\n|turn|1\n|\n|t:|1698909127\n|move|p1a: Ogerpon|U-turn|p2a: Armarouge\n|-damage|p2a: Armarouge|79\/100\n|\n|t:|1698909155\n|switch|p1a: Regieleki|Regieleki, shiny|100\/100|[from] U-turn\n|move|p2a: Armarouge|Light Screen|p2a: Armarouge\n|-sidestart|p2: ShanmanT|move: Light Screen\n|\n|upkeep\n|turn|2\n|\n|t:|1698909218\n|switch|p2a: Decidueye|Decidueye, M|100\/100\n|move|p1a: Regieleki|Thunderbolt|p2a: Decidueye\n|-resisted|p2a: Decidueye\n|-damage|p2a: Decidueye|85\/100\n|\n|upkeep\n|turn|3\n|\n|t:|1698909227\n|-terastallize|p2a: Decidueye|Ground\n|move|p1a: Regieleki|Volt Switch|p2a: Decidueye\n|-immune|p2a: Decidueye\n|move|p2a: Decidueye|Nasty Plot|p2a: Decidueye\n|-boost|p2a: Decidueye|spa|2\n|\n|upkeep\n|turn|4\n|\n|t:|1698909258\n|switch|p1a: Goodra|Goodra-Hisui, F|100\/100\n|move|p2a: Decidueye|Nasty Plot|p2a: Decidueye\n|-boost|p2a: Decidueye|spa|2\n|\n|upkeep\n|turn|5\n|\n|t:|1698909312\n|move|p2a: Decidueye|Shadow Ball|p1a: Goodra\n|-damage|p1a: Goodra|0 fnt\n|faint|p1a: Goodra\n|-damage|p2a: Decidueye|75\/100|[from] item: Life Orb\n|\n|upkeep\n|\n|t:|1698909334\n|switch|p1a: Ogerpon|Ogerpon, F|100\/100\n|turn|6\n|\n|t:|1698909340\n|move|p1a: Ogerpon|Ivy Cudgel|p2a: Decidueye\n|-supereffective|p2a: Decidueye\n|-damage|p2a: Decidueye|0 fnt\n|faint|p2a: Decidueye\n|\n|upkeep\n|\n|t:|1698909354\n|switch|p2a: Munkidori|Munkidori, M|100\/100\n|turn|7\n|\n|t:|1698909367\n|move|p2a: Munkidori|Sludge Wave|p1a: Ogerpon\n|-supereffective|p1a: Ogerpon\n|-damage|p1a: Ogerpon|0 fnt\n|faint|p1a: Ogerpon\n|\n|upkeep\n|\n|t:|1698909411\n|switch|p1a: Regieleki|Regieleki, shiny|100\/100\n|turn|8\n|\n|t:|1698909438\n|move|p1a: Regieleki|Thunderbolt|p2a: Munkidori\n|-damage|p2a: Munkidori|65\/100\n|move|p2a: Munkidori|Sludge Wave|p1a: Regieleki\n|-damage|p1a: Regieleki|3\/100\n|\n|-sideend|p2: ShanmanT|move: Light Screen\n|upkeep\n|turn|9\n|\n|t:|1698909455\n|switch|p2a: Diancie|Diancie|100\/100\n|move|p1a: Regieleki|Thunderbolt|p2a: Diancie\n|-damage|p2a: Diancie|68\/100\n|\n|upkeep\n|turn|10\n|\n|t:|1698909464\n|move|p1a: Regieleki|Thunderbolt|p2a: Diancie\n|-damage|p2a: Diancie|35\/100\n|move|p2a: Diancie|Diamond Storm|p1a: Regieleki\n|-damage|p1a: Regieleki|0 fnt\n|-boost|p2a: Diancie|def|2\n|faint|p1a: Regieleki\n|\n|upkeep\n|\n|t:|1698909545\n|switch|p1a: Dragapult|Dragapult, F|100\/100\n|turn|11\n|\n|t:|1698909650\n|move|p1a: Dragapult|Shadow Ball|p2a: Diancie\n|-damage|p2a: Diancie|6\/100\n|move|p2a: Diancie|Moonblast|p1a: Dragapult\n|-supereffective|p1a: Dragapult\n|-damage|p1a: Dragapult|0 fnt\n|faint|p1a: Dragapult\n|\n|upkeep\n|\n|t:|1698909676\n|switch|p1a: Articuno|Articuno-Galar, shiny|100\/100\n|turn|12\n|\n|t:|1698909717\n|move|p1a: Articuno|Freezing Glare|p2a: Diancie\n|-damage|p2a: Diancie|0 fnt\n|faint|p2a: Diancie\n|\n|upkeep\n|\n|t:|1698909735\n|switch|p2a: Munkidori|Munkidori, M|65\/100\n|turn|13\n|\n|t:|1698909747\n|move|p2a: Munkidori|Shadow Ball|p1a: Articuno\n|-supereffective|p1a: Articuno\n|-damage|p1a: Articuno|45\/100\n|move|p1a: Articuno|Freezing Glare|p2a: Munkidori\n|-crit|p2a: Munkidori\n|-damage|p2a: Munkidori|0 fnt\n|faint|p2a: Munkidori\n|\n|upkeep\n|\n|t:|1698909778\n|switch|p2a: Armarouge|Armarouge, F|79\/100\n|turn|14\n|\n|t:|1698909789\n|move|p1a: Articuno|Calm Mind|p1a: Articuno\n|-boost|p1a: Articuno|spa|1\n|-boost|p1a: Articuno|spd|1\n|move|p2a: Armarouge|Trick Room|p2a: Armarouge\n|-fieldstart|move: Trick Room|[of] p2a: Armarouge\n|\n|upkeep\n|turn|15\n|\n|t:|1698909810\n|switch|p2a: Garganacl|Garganacl, M|100\/100\n|move|p1a: Articuno|Air Slash|p2a: Garganacl\n|-resisted|p2a: Garganacl\n|-damage|p2a: Garganacl|76\/100\n|\n|-heal|p2a: Garganacl|82\/100|[from] item: Leftovers\n|upkeep\n|turn|16\n|\n|t:|1698909865\n|-terastallize|p1a: Articuno|Grass\n|move|p2a: Garganacl|Salt Cure|p1a: Articuno\n|-damage|p1a: Articuno|29\/100\n|move|p1a: Articuno|Tera Blast|p2a: Garganacl|[anim] Tera Blast Grass\n|-supereffective|p2a: Garganacl\n|-damage|p2a: Garganacl|0 fnt\n|faint|p2a: Garganacl\n|\n|upkeep\n|\n|t:|1698909873\n|switch|p2a: Armarouge|Armarouge, F|79\/100\n|turn|17\n|\n|t:|1698909885\n|move|p2a: Armarouge|Armor Cannon|p1a: Articuno\n|-supereffective|p1a: Articuno\n|-damage|p1a: Articuno|0 fnt\n|-unboost|p2a: Armarouge|def|1\n|-unboost|p2a: Armarouge|spd|1\n|faint|p1a: Articuno\n|\n|upkeep\n|\n|t:|1698909892\n|switch|p1a: Cloyster|Cloyster, F, shiny|100\/100\n|turn|18\n|\n|t:|1698909896\n|move|p2a: Armarouge|Armor Cannon|p1a: Cloyster\n|-enditem|p1a: Cloyster|Focus Sash\n|-damage|p1a: Cloyster|1\/100\n|-unboost|p2a: Armarouge|def|1\n|-unboost|p2a: Armarouge|spd|1\n|move|p1a: Cloyster|Shell Smash|p1a: Cloyster\n|-unboost|p1a: Cloyster|def|1\n|-unboost|p1a: Cloyster|spd|1\n|-boost|p1a: Cloyster|atk|2\n|-boost|p1a: Cloyster|spa|2\n|-boost|p1a: Cloyster|spe|2\n|\n|-fieldend|move: Trick Room\n|upkeep\n|turn|19\n|\n|t:|1698909908\n|move|p1a: Cloyster|Hydro Pump|p2a: Armarouge\n|-supereffective|p2a: Armarouge\n|-damage|p2a: Armarouge|0 fnt\n|faint|p2a: Armarouge\n|\n|upkeep\n|\n|t:|1698909912\n|switch|p2a: Breloom|Breloom, M|100\/100\n|turn|20\n|\n|t:|1698909915\n|move|p1a: Cloyster|Ice Shard|p2a: Breloom\n|-supereffective|p2a: Breloom\n|-damage|p2a: Breloom|0 fnt\n|faint|p2a: Breloom\n|\n|win|Rival Gary Oak\n","uploadtime":1698909925,"views":14,"p1id":"rivalgaryoak","p2id":"shanmant","formatid":"gen9ubers","rating":0,"private":0,"password":""}