{"id":"gen9ubers-1991481685","p1":"ghostly spectrum","p2":"silent39","format":"[Gen 9] Ubers","log":"|j|\u2606ghostly spectrum\n|j|\u2606silent39\n|t:|1700080934\n|gametype|singles\n|player|p1|ghostly spectrum|skierf|1065\n|player|p2|silent39|clair|1105\n|teamsize|p1|6\n|teamsize|p2|6\n|gen|9\n|tier|[Gen 9] Ubers\n|rated|\n|rule|Sleep Clause Mod: Limit one foe put to sleep\n|rule|Species Clause: Limit one of each Pok\u00e9mon\n|rule|OHKO Clause: OHKO moves are banned\n|rule|Evasion Items Clause: Evasion items are banned\n|rule|Evasion Moves Clause: Evasion moves are banned\n|rule|Endless Battle Clause: Forcing endless battles is banned\n|rule|HP Percentage Mod: HP is shown in percentages\n|clearpoke\n|poke|p1|Sableye, M|\n|poke|p1|Kyogre|\n|poke|p1|Corviknight, F|\n|poke|p1|Arceus-Ghost|\n|poke|p1|Chien-Pao|\n|poke|p1|Volcarona, F|\n|poke|p2|Ninetales-Alola, F|\n|poke|p2|Zacian-*|\n|poke|p2|Kyogre|\n|poke|p2|Giratina-Origin|\n|poke|p2|Landorus, M|\n|poke|p2|Glimmora, F|\n|teampreview\n|inactive|Battle timer is ON: inactive players will automatically lose when time's up. (requested by ghostly spectrum)\n|\n|t:|1700080946\n|start\n|switch|p1a: Volcarona|Volcarona, F|100\/100\n|switch|p2a: Glimmora|Glimmora, F|100\/100\n|turn|1\n|\n|t:|1700080955\n|move|p2a: Glimmora|Earth Power|p1a: Volcarona\n|-damage|p1a: Volcarona|71\/100\n|move|p1a: Volcarona|Quiver Dance|p1a: Volcarona\n|-boost|p1a: Volcarona|spa|1\n|-boost|p1a: Volcarona|spd|1\n|-boost|p1a: Volcarona|spe|1\n|\n|-heal|p1a: Volcarona|77\/100|[from] item: Leftovers\n|upkeep\n|turn|2\n|\n|t:|1700080963\n|-terastallize|p1a: Volcarona|Rock\n|move|p1a: Volcarona|Quiver Dance|p1a: Volcarona\n|-boost|p1a: Volcarona|spa|1\n|-boost|p1a: Volcarona|spd|1\n|-boost|p1a: Volcarona|spe|1\n|move|p2a: Glimmora|Mortal Spin|p1a: Volcarona\n|-resisted|p1a: Volcarona\n|-damage|p1a: Volcarona|74\/100\n|-status|p1a: Volcarona|psn\n|\n|-heal|p1a: Volcarona|81\/100 psn|[from] item: Leftovers\n|-damage|p1a: Volcarona|68\/100 psn|[from] psn\n|upkeep\n|turn|3\n|\n|t:|1700080971\n|move|p1a: Volcarona|Tera Blast|p2a: Glimmora|[anim] Tera Blast Rock\n|-enditem|p2a: Glimmora|Focus Sash\n|-damage|p2a: Glimmora|1\/100\n|move|p2a: Glimmora|Earth Power|p1a: Volcarona\n|-supereffective|p1a: Volcarona\n|-damage|p1a: Volcarona|37\/100 psn\n|\n|-heal|p1a: Volcarona|43\/100 psn|[from] item: Leftovers\n|-damage|p1a: Volcarona|31\/100 psn|[from] psn\n|upkeep\n|turn|4\n|\n|t:|1700080980\n|move|p1a: Volcarona|Fiery Dance|p2a: Glimmora\n|-resisted|p2a: Glimmora\n|-damage|p2a: Glimmora|0 fnt\n|-boost|p1a: Volcarona|spa|1\n|faint|p2a: Glimmora\n|\n|-heal|p1a: Volcarona|37\/100 psn|[from] item: Leftovers\n|-damage|p1a: Volcarona|24\/100 psn|[from] psn\n|upkeep\n|\n|t:|1700080985\n|switch|p2a: Kyogre|Kyogre|100\/100\n|-weather|RainDance|[from] ability: Drizzle|[of] p2a: Kyogre\n|turn|5\n|\n|t:|1700080990\n|switch|p2a: Giratina|Giratina-Origin|100\/100\n|move|p1a: Volcarona|Tera Blast|p2a: Giratina|[anim] Tera Blast Rock\n|-damage|p2a: Giratina|41\/100\n|\n|-weather|RainDance|[upkeep]\n|-heal|p1a: Volcarona|31\/100 psn|[from] item: Leftovers\n|-damage|p1a: Volcarona|18\/100 psn|[from] psn\n|upkeep\n|turn|6\n|\n|t:|1700080997\n|move|p1a: Volcarona|Tera Blast|p2a: Giratina|[anim] Tera Blast Rock\n|-damage|p2a: Giratina|0 fnt\n|faint|p2a: Giratina\n|\n|-weather|RainDance|[upkeep]\n|-heal|p1a: Volcarona|24\/100 psn|[from] item: Leftovers\n|-damage|p1a: Volcarona|12\/100 psn|[from] psn\n|upkeep\n|\n|t:|1700081002\n|switch|p2a: Zacian|Zacian-Crowned|100\/100\n|-ability|p2a: Zacian|Intrepid Sword|boost\n|-boost|p2a: Zacian|atk|1\n|turn|7\n|-message|silent39 forfeited.\n|\n|win|ghostly spectrum\n|raw|ghostly spectrum's rating: 1065 &rarr; <strong>1099<\/strong><br \/>(+34 for winning)\n|raw|silent39's rating: 1105 &rarr; <strong>1077<\/strong><br \/>(-28 for losing)\n|l|\u2606silent39\n","uploadtime":1700081010,"views":6,"p1id":"ghostlyspectrum","p2id":"silent39","formatid":"gen9ubers","rating":1077,"private":0,"password":""}