{"id":"gen9ubers-1970660171","p1":"GratedsShtickface","p2":"maelizondo2","format":"[Gen 9] Ubers","log":"|j|\u2606GratedsShtickface\n|j|\u2606maelizondo2\n|t:|1697656087\n|gametype|singles\n|player|p1|GratedsShtickface|hiker-gen4|1457\n|player|p2|maelizondo2|169|1588\n|teamsize|p1|6\n|teamsize|p2|6\n|gen|9\n|tier|[Gen 9] Ubers\n|rated|\n|rule|Sleep Clause Mod: Limit one foe put to sleep\n|rule|Species Clause: Limit one of each Pok\u00e9mon\n|rule|OHKO Clause: OHKO moves are banned\n|rule|Evasion Items Clause: Evasion items are banned\n|rule|Evasion Moves Clause: Evasion moves are banned\n|rule|Endless Battle Clause: Forcing endless battles is banned\n|rule|HP Percentage Mod: HP is shown in percentages\n|clearpoke\n|poke|p1|Meowscarada, M|\n|poke|p1|Koraidon|\n|poke|p1|Zacian-*|\n|poke|p1|Arceus|\n|poke|p1|Miraidon|\n|poke|p1|Flutter Mane|\n|poke|p2|Koraidon|\n|poke|p2|Giratina-Origin|\n|poke|p2|Zacian-*|\n|poke|p2|Rayquaza|\n|poke|p2|Calyrex-Ice|\n|poke|p2|Arceus|\n|teampreview\n|inactive|Battle timer is ON: inactive players will automatically lose when time's up. (requested by GratedsShtickface)\n|inactive|maelizondo2 has 120 seconds left.\n|inactive|maelizondo2 has 90 seconds left.\n|\n|t:|1697656158\n|start\n|switch|p1a: Meowscarada|Meowscarada, M|100\/100\n|switch|p2a: Calyrex|Calyrex-Ice|100\/100\n|-ability|p2a: Calyrex|As One\n|-ability|p2a: Calyrex|Unnerve\n|turn|1\n|\n|t:|1697656168\n|-terastallize|p2a: Calyrex|Fire\n|move|p1a: Meowscarada|Taunt|p2a: Calyrex\n|-start|p2a: Calyrex|move: Taunt\n|cant|p2a: Calyrex|move: Taunt|Swords Dance\n|\n|upkeep\n|turn|2\n|\n|t:|1697656175\n|move|p1a: Meowscarada|Spikes|p2a: Calyrex\n|-sidestart|p2: maelizondo2|Spikes\n|move|p2a: Calyrex|High Horsepower|p1a: Meowscarada|[miss]\n|-miss|p2a: Calyrex|p1a: Meowscarada\n|\n|upkeep\n|turn|3\n|\n|t:|1697656180\n|move|p1a: Meowscarada|Spikes|p2a: Calyrex\n|-sidestart|p2: maelizondo2|Spikes\n|move|p2a: Calyrex|Icicle Spear|p1a: Meowscarada\n|-supereffective|p1a: Meowscarada\n|-damage|p1a: Meowscarada|57\/100\n|-supereffective|p1a: Meowscarada\n|-damage|p1a: Meowscarada|13\/100\n|-hitcount|p1a: Meowscarada|2\n|\n|-end|p2a: Calyrex|move: Taunt\n|upkeep\n|turn|4\n|\n|t:|1697656188\n|move|p1a: Meowscarada|Taunt|p2a: Calyrex\n|-start|p2a: Calyrex|move: Taunt\n|move|p2a: Calyrex|Icicle Spear|p1a: Meowscarada\n|-supereffective|p1a: Meowscarada\n|-damage|p1a: Meowscarada|0 fnt\n|faint|p1a: Meowscarada\n|-ability|p2a: Calyrex|Chilling Neigh|boost\n|-boost|p2a: Calyrex|atk|1\n|-hitcount|p1: Meowscarada|1\n|\n|upkeep\n|\n|t:|1697656209\n|switch|p1a: Zacian|Zacian-Crowned|100\/100\n|-ability|p1a: Zacian|Intrepid Sword|boost\n|-boost|p1a: Zacian|atk|1\n|turn|5\n|\n|t:|1697656213\n|-terastallize|p1a: Zacian|Water\n|move|p1a: Zacian|Tera Blast|p2a: Calyrex|[anim] Tera Blast Water\n|-supereffective|p2a: Calyrex\n|-damage|p2a: Calyrex|31\/100\n|move|p2a: Calyrex|High Horsepower|p1a: Zacian\n|-damage|p1a: Zacian|53\/100\n|\n|upkeep\n|turn|6\n|\n|t:|1697656222\n|switch|p2a: Giratina|Giratina-Origin|100\/100\n|move|p1a: Zacian|Tera Blast|p2a: Giratina|[anim] Tera Blast Water\n|-resisted|p2a: Giratina\n|-damage|p2a: Giratina|83\/100\n|\n|upkeep\n|turn|7\n|\n|t:|1697656228\n|move|p1a: Zacian|Play Rough|p2a: Giratina\n|-supereffective|p2a: Giratina\n|-damage|p2a: Giratina|1\/100\n|move|p2a: Giratina|Will-O-Wisp|p1a: Zacian\n|-status|p1a: Zacian|brn\n|\n|-damage|p1a: Zacian|47\/100 brn|[from] brn\n|upkeep\n|turn|8\n|\n|t:|1697656238\n|move|p1a: Zacian|Tera Blast|p2a: Giratina|[anim] Tera Blast Water\n|-resisted|p2a: Giratina\n|-damage|p2a: Giratina|0 fnt\n|faint|p2a: Giratina\n|\n|-damage|p1a: Zacian|41\/100 brn|[from] brn\n|upkeep\n|\n|t:|1697656249\n|switch|p2a: Koraidon|Koraidon|100\/100\n|-damage|p2a: Koraidon|84\/100|[from] Spikes\n|-weather|SunnyDay|[from] ability: Orichalcum Pulse|[of] p2a: Koraidon\n|-activate|p2a: Koraidon|Orichalcum Pulse|[source]\n|turn|9\n|\n|t:|1697656258\n|move|p1a: Zacian|Play Rough|p2a: Koraidon\n|-supereffective|p2a: Koraidon\n|-damage|p2a: Koraidon|0 fnt\n|faint|p2a: Koraidon\n|\n|-weather|SunnyDay|[upkeep]\n|-damage|p1a: Zacian|35\/100 brn|[from] brn\n|upkeep\n|\n|t:|1697656267\n|switch|p2a: Arceus|Arceus|100\/100\n|-damage|p2a: Arceus|84\/100|[from] Spikes\n|turn|10\n|\n|t:|1697656271\n|move|p2a: Arceus|Extreme Speed|p1a: Zacian\n|-damage|p1a: Zacian|0 fnt\n|faint|p1a: Zacian\n|-damage|p2a: Arceus|74\/100|[from] item: Life Orb\n|\n|-weather|SunnyDay|[upkeep]\n|upkeep\n|\n|t:|1697656278\n|switch|p1a: Koraidon|Koraidon|100\/100\n|-activate|p1a: Koraidon|ability: Orichalcum Pulse\n|turn|11\n|\n|t:|1697656283\n|move|p2a: Arceus|Extreme Speed|p1a: Koraidon\n|-damage|p1a: Koraidon|54\/100\n|-damage|p2a: Arceus|64\/100|[from] item: Life Orb\n|move|p1a: Koraidon|Low Kick|p2a: Arceus\n|-supereffective|p2a: Arceus\n|-damage|p2a: Arceus|0 fnt\n|faint|p2a: Arceus\n|\n|-weather|SunnyDay|[upkeep]\n|upkeep\n|\n|t:|1697656298\n|switch|p2a: Zacian|Zacian-Crowned, shiny|100\/100\n|-damage|p2a: Zacian|84\/100|[from] Spikes\n|-ability|p2a: Zacian|Intrepid Sword|boost\n|-boost|p2a: Zacian|atk|1\n|turn|12\n|\n|t:|1697656307\n|move|p2a: Zacian|Play Rough|p1a: Koraidon\n|-supereffective|p1a: Koraidon\n|-damage|p1a: Koraidon|0 fnt\n|faint|p1a: Koraidon\n|\n|-weather|SunnyDay|[upkeep]\n|upkeep\n|\n|t:|1697656313\n|switch|p1a: Miraidon|Miraidon|100\/100\n|-fieldstart|move: Electric Terrain|[from] ability: Hadron Engine|[of] p1a: Miraidon\n|turn|13\n|\n|t:|1697656327\n|switch|p2a: Calyrex|Calyrex-Ice, tera:Fire|31\/100\n|-ability|p2a: Calyrex|As One\n|-ability|p2a: Calyrex|Unnerve\n|move|p1a: Miraidon|Overheat|p2a: Calyrex\n|-resisted|p2a: Calyrex\n|-damage|p2a: Calyrex|0 fnt\n|-unboost|p1a: Miraidon|spa|2\n|faint|p2a: Calyrex\n|\n|-weather|none\n|upkeep\n|\n|t:|1697656337\n|switch|p2a: Rayquaza|Rayquaza, shiny|100\/100\n|-ability|p2a: Rayquaza|Air Lock\n|turn|14\n|\n|t:|1697656345\n|switch|p1a: Arceus|Arceus|100\/100\n|move|p2a: Rayquaza|Swords Dance|p2a: Rayquaza\n|-boost|p2a: Rayquaza|atk|2\n|\n|upkeep\n|turn|15\n|\n|t:|1697656352\n|move|p1a: Arceus|Extreme Speed|p2a: Rayquaza\n|-damage|p2a: Rayquaza|55\/100\n|move|p2a: Rayquaza|Dragon Ascent|p1a: Arceus\n|-damage|p1a: Arceus|1\/100\n|-unboost|p2a: Rayquaza|def|1\n|-unboost|p2a: Rayquaza|spd|1\n|\n|upkeep\n|turn|16\n|\n|t:|1697656362\n|switch|p2a: Zacian|Zacian-Crowned, shiny|84\/100\n|-damage|p2a: Zacian|67\/100|[from] Spikes\n|move|p1a: Arceus|Extreme Speed|p2a: Zacian\n|-resisted|p2a: Zacian\n|-damage|p2a: Zacian|48\/100\n|\n|upkeep\n|turn|17\n|\n|t:|1697656370\n|switch|p1a: Flutter Mane|Flutter Mane, shiny|100\/100\n|move|p2a: Zacian|Behemoth Blade|p1a: Flutter Mane\n|-supereffective|p1a: Flutter Mane\n|-damage|p1a: Flutter Mane|0 fnt\n|faint|p1a: Flutter Mane\n|-end|p1a: Flutter Mane|Protosynthesis|[silent]\n|\n|-fieldend|move: Electric Terrain\n|upkeep\n|\n|t:|1697656373\n|switch|p1a: Miraidon|Miraidon|100\/100\n|-fieldstart|move: Electric Terrain|[from] ability: Hadron Engine|[of] p1a: Miraidon\n|turn|18\n|\n|t:|1697656383\n|move|p1a: Miraidon|Parabolic Charge|p2a: Zacian\n|-damage|p2a: Zacian|0 fnt\n|faint|p2a: Zacian\n|\n|upkeep\n|\n|t:|1697656386\n|switch|p2a: Rayquaza|Rayquaza, shiny|55\/100\n|-ability|p2a: Rayquaza|Air Lock\n|turn|19\n|\n|t:|1697656394\n|move|p1a: Miraidon|Parabolic Charge|p2a: Rayquaza\n|-damage|p2a: Rayquaza|0 fnt\n|faint|p2a: Rayquaza\n|\n|win|GratedsShtickface\n|raw|GratedsShtickface's rating: 1457 &rarr; <strong>1484<\/strong><br \/>(+27 for winning)\n|raw|maelizondo2's rating: 1588 &rarr; <strong>1561<\/strong><br \/>(-27 for losing)\n|c|\u2606GratedsShtickface|gg\n|l|\u2606maelizondo2\n","uploadtime":1697656406,"views":16,"p1id":"gratedsshtickface","p2id":"maelizondo2","formatid":"gen9ubers","rating":1484,"private":0,"password":""}