{"id":"gen9ubers-1971320642","p1":"EU LOL","p2":"Leovaldezdalton","format":"[Gen 9] Ubers","log":"|j|\u2606EU LOL\n|j|\u2606Leovaldezdalton\n|t:|1697729300\n|gametype|singles\n|player|p1|EU LOL|ghetsis|1045\n|player|p2|Leovaldezdalton|cynthia-gen4|1166\n|teamsize|p1|6\n|teamsize|p2|6\n|gen|9\n|tier|[Gen 9] Ubers\n|rated|\n|rule|Sleep Clause Mod: Limit one foe put to sleep\n|rule|Species Clause: Limit one of each Pok\u00e9mon\n|rule|OHKO Clause: OHKO moves are banned\n|rule|Evasion Items Clause: Evasion items are banned\n|rule|Evasion Moves Clause: Evasion moves are banned\n|rule|Endless Battle Clause: Forcing endless battles is banned\n|rule|HP Percentage Mod: HP is shown in percentages\n|clearpoke\n|poke|p1|Flutter Mane|\n|poke|p1|Landorus-Therian, M|\n|poke|p1|Ogerpon-Hearthflame, F|\n|poke|p1|Heatran, M|\n|poke|p1|Urshifu-*, M|\n|poke|p1|Iron Hands|\n|poke|p2|Revavroom, F|\n|poke|p2|Mabosstiff, M|\n|poke|p2|Cyclizar, M|\n|poke|p2|Maushold|\n|poke|p2|Ceruledge, M|\n|poke|p2|Baxcalibur, F|\n|teampreview\n|inactive|Battle timer is ON: inactive players will automatically lose when time's up. (requested by Leovaldezdalton)\n|\n|t:|1697729308\n|start\n|switch|p1a: Fiona|Ogerpon-Hearthflame, F|100\/100\n|switch|p2a: Mabosstiff|Mabosstiff, M|100\/100\n|-ability|p1a: Fiona|Mold Breaker\n|-ability|p2a: Mabosstiff|Intimidate|boost\n|-unboost|p1a: Fiona|atk|1\n|turn|1\n|\n|t:|1697729321\n|switch|p1a: Iron Hands|Iron Hands|100\/100\n|switch|p2a: Cyclizar|Cyclizar, M|100\/100\n|\n|upkeep\n|turn|2\n|c|\u2606EU LOL|grrrrr\n|\n|t:|1697729328\n|move|p2a: Cyclizar|Draco Meteor|p1a: Iron Hands\n|-damage|p1a: Iron Hands|60\/100\n|-unboost|p2a: Cyclizar|spa|2\n|move|p1a: Iron Hands|Ice Punch|p2a: Cyclizar\n|-supereffective|p2a: Cyclizar\n|-damage|p2a: Cyclizar|1\/100\n|\n|-heal|p2a: Cyclizar|7\/100|[from] item: Leftovers\n|-heal|p1a: Iron Hands|66\/100|[from] item: Leftovers\n|upkeep\n|turn|3\n|c|\u2606EU LOL|hihihiha\n|\n|t:|1697729339\n|move|p2a: Cyclizar|Body Slam|p1a: Iron Hands\n|-damage|p1a: Iron Hands|47\/100\n|move|p1a: Iron Hands|Ice Punch|p2a: Cyclizar\n|-supereffective|p2a: Cyclizar\n|-damage|p2a: Cyclizar|0 fnt\n|faint|p2a: Cyclizar\n|\n|-heal|p1a: Iron Hands|53\/100|[from] item: Leftovers\n|upkeep\n|c|\u2606EU LOL|hihihiha\n|\n|t:|1697729352\n|switch|p2a: Mabosstiff|Mabosstiff, M|100\/100\n|-ability|p2a: Mabosstiff|Intimidate|boost\n|-unboost|p1a: Iron Hands|atk|1\n|turn|4\n|c|\u2606EU LOL|hihihiha\n|c|\u2606EU LOL|hihihiha\n|c|\u2606EU LOL|hihihiha\n|c|\u2606EU LOL|hihihiha\n|\n|t:|1697729365\n|move|p2a: Mabosstiff|Psychic Fangs|p1a: Iron Hands\n|-supereffective|p1a: Iron Hands\n|-damage|p1a: Iron Hands|11\/100\n|move|p1a: Iron Hands|Close Combat|p2a: Mabosstiff\n|-supereffective|p2a: Mabosstiff\n|-damage|p2a: Mabosstiff|0 fnt\n|-unboost|p1a: Iron Hands|def|1\n|-unboost|p1a: Iron Hands|spd|1\n|faint|p2a: Mabosstiff\n|\n|-heal|p1a: Iron Hands|17\/100|[from] item: Leftovers\n|upkeep\n|\n|t:|1697729376\n|switch|p2a: Maushold|Maushold|100\/100\n|turn|5\n|\n|t:|1697729387\n|-end|p1a: Iron Hands|Quark Drive|[silent]\n|switch|p1a: Heatran|Heatran, M|100\/100\n|move|p2a: Maushold|Bullet Seed|p1a: Heatran\n|-resisted|p1a: Heatran\n|-damage|p1a: Heatran|98\/100\n|-resisted|p1a: Heatran\n|-damage|p1a: Heatran|96\/100\n|-resisted|p1a: Heatran\n|-damage|p1a: Heatran|94\/100\n|-hitcount|p1a: Heatran|3\n|\n|-heal|p1a: Heatran|99\/100|[from] item: Leftovers\n|upkeep\n|turn|6\n|\n|t:|1697729398\n|switch|p2a: Ceruledge|Ceruledge, M|100\/100\n|move|p1a: Heatran|Magma Storm|p2a: Ceruledge\n|-resisted|p2a: Ceruledge\n|-damage|p2a: Ceruledge|70\/100\n|-activate|p2a: Ceruledge|move: Magma Storm|[of] p1a: Heatran\n|\n|-heal|p1a: Heatran|100\/100|[from] item: Leftovers\n|-damage|p2a: Ceruledge|58\/100|[from] move: Magma Storm|[partiallytrapped]\n|upkeep\n|turn|7\n|\n|t:|1697729407\n|move|p2a: Ceruledge|Close Combat|p1a: Heatran\n|-supereffective|p1a: Heatran\n|-damage|p1a: Heatran|1\/100\n|-unboost|p2a: Ceruledge|def|1\n|-unboost|p2a: Ceruledge|spd|1\n|-damage|p2a: Ceruledge|48\/100|[from] item: Life Orb\n|move|p1a: Heatran|Earth Power|p2a: Ceruledge\n|-supereffective|p2a: Ceruledge\n|-damage|p2a: Ceruledge|0 fnt\n|faint|p2a: Ceruledge\n|\n|-heal|p1a: Heatran|7\/100|[from] item: Leftovers\n|upkeep\n|\n|t:|1697729414\n|switch|p2a: Maushold|Maushold|100\/100\n|turn|8\n|\n|t:|1697729423\n|move|p2a: Maushold|Population Bomb|p1a: Heatran\n|-resisted|p1a: Heatran\n|-damage|p1a: Heatran|0 fnt\n|faint|p1a: Heatran\n|-hitcount|p1: Heatran|1\n|\n|upkeep\n|\n|t:|1697729434\n|switch|p1a: Landorus|Landorus-Therian, M|100\/100\n|-ability|p1a: Landorus|Intimidate|boost\n|-unboost|p2a: Maushold|atk|1\n|turn|9\n|\n|t:|1697729440\n|switch|p1a: Iron Hands|Iron Hands|17\/100\n|switch|p2a: Revavroom|Revavroom, F|100\/100\n|-item|p2a: Revavroom|Air Balloon\n|\n|-heal|p1a: Iron Hands|23\/100|[from] item: Leftovers\n|upkeep\n|turn|10\n|\n|t:|1697729450\n|-end|p1a: Iron Hands|Quark Drive|[silent]\n|switch|p1a: Flutter Mane|Flutter Mane, shiny|100\/100\n|move|p2a: Revavroom|High Horsepower|p1a: Flutter Mane\n|-crit|p1a: Flutter Mane\n|-damage|p1a: Flutter Mane|0 fnt\n|faint|p1a: Flutter Mane\n|-end|p1a: Flutter Mane|Protosynthesis|[silent]\n|\n|upkeep\n|\n|t:|1697729457\n|switch|p1a: Iron Hands|Iron Hands|23\/100\n|turn|11\n|\n|t:|1697729461\n|move|p2a: Revavroom|High Horsepower|p1a: Iron Hands\n|-supereffective|p1a: Iron Hands\n|-damage|p1a: Iron Hands|0 fnt\n|faint|p1a: Iron Hands\n|-end|p1a: Iron Hands|Quark Drive|[silent]\n|\n|upkeep\n|\n|t:|1697729466\n|switch|p1a: Fiona|Ogerpon-Hearthflame, F|100\/100\n|-ability|p1a: Fiona|Mold Breaker\n|turn|12\n|\n|t:|1697729473\n|-terastallize|p2a: Revavroom|Ground\n|move|p1a: Fiona|Ivy Cudgel|p2a: Revavroom\n|-crit|p2a: Revavroom\n|-damage|p2a: Revavroom|0 fnt\n|-enditem|p2a: Revavroom|Air Balloon\n|faint|p2a: Revavroom\n|\n|upkeep\n|\n|t:|1697729491\n|switch|p2a: Maushold|Maushold|100\/100\n|turn|13\n|\n|t:|1697729495\n|move|p1a: Fiona|Spiky Shield|p1a: Fiona\n|-singleturn|p1a: Fiona|move: Protect\n|move|p2a: Maushold|Population Bomb|p1a: Fiona\n|-activate|p1a: Fiona|move: Protect\n|-damage|p2a: Maushold|88\/100|[from] Spiky Shield|[of] p1a: Fiona\n|\n|upkeep\n|turn|14\n|\n|t:|1697729504\n|move|p2a: Maushold|Population Bomb|p1a: Fiona\n|-damage|p1a: Fiona|84\/100\n|-hitcount|p1a: Fiona|1\n|move|p1a: Fiona|Ivy Cudgel|p2a: Maushold\n|-damage|p2a: Maushold|0 fnt\n|faint|p2a: Maushold\n|\n|upkeep\n|\n|t:|1697729513\n|switch|p2a: Baxcalibur|Baxcalibur, F|100\/100\n|turn|15\n|\n|t:|1697729518\n|move|p1a: Fiona|Spiky Shield|p1a: Fiona\n|-singleturn|p1a: Fiona|move: Protect\n|move|p2a: Baxcalibur|Scale Shot|p1a: Fiona\n|-activate|p1a: Fiona|move: Protect\n|\n|upkeep\n|turn|16\n|\n|t:|1697729524\n|move|p1a: Fiona|Ivy Cudgel|p2a: Baxcalibur\n|-damage|p2a: Baxcalibur|40\/100\n|-ability|p2a: Baxcalibur|Thermal Exchange|boost\n|-boost|p2a: Baxcalibur|atk|1\n|move|p2a: Baxcalibur|Scale Shot|p1a: Fiona\n|-damage|p1a: Fiona|57\/100\n|-damage|p1a: Fiona|31\/100\n|-damage|p1a: Fiona|3\/100\n|-damage|p1a: Fiona|0 fnt\n|faint|p1a: Fiona\n|-hitcount|p1: Fiona|4\n|-unboost|p2a: Baxcalibur|def|1\n|-boost|p2a: Baxcalibur|spe|1\n|\n|upkeep\n|\n|t:|1697729539\n|switch|p1a: pew pew pew|Urshifu-Rapid-Strike, M|100\/100\n|turn|17\n|\n|t:|1697729558\n|move|p2a: Baxcalibur|Scale Shot|p1a: pew pew pew\n|-damage|p1a: pew pew pew|80\/100\n|-damage|p1a: pew pew pew|58\/100\n|-damage|p1a: pew pew pew|36\/100\n|-damage|p1a: pew pew pew|15\/100\n|-hitcount|p1a: pew pew pew|4\n|-unboost|p2a: Baxcalibur|def|1\n|-boost|p2a: Baxcalibur|spe|1\n|move|p1a: pew pew pew|Brick Break|p2a: Baxcalibur\n|-supereffective|p2a: Baxcalibur\n|-damage|p2a: Baxcalibur|0 fnt\n|faint|p2a: Baxcalibur\n|-damage|p1a: pew pew pew|5\/100|[from] item: Life Orb\n|\n|win|EU LOL\n|raw|EU LOL's rating: 1045 &rarr; <strong>1089<\/strong><br \/>(+44 for winning)\n|raw|Leovaldezdalton's rating: 1166 &rarr; <strong>1133<\/strong><br \/>(-33 for losing)\n","uploadtime":1697729576,"views":5,"p1id":"eulol","p2id":"leovaldezdalton","formatid":"gen9ubers","rating":1089,"private":0,"password":""}