{"id":"gen9ubers-1982190181","p1":"FoxasBat","p2":"BriefStar","format":"[Gen 9] Ubers","log":"|j|\u2606FoxasBat\n|j|\u2606BriefStar\n|t:|1698977321\n|gametype|singles\n|player|p1|FoxasBat|170|\n|player|p2|BriefStar|benga|\n|teamsize|p1|6\n|teamsize|p2|6\n|gen|9\n|tier|[Gen 9] Ubers\n|rule|Sleep Clause Mod: Limit one foe put to sleep\n|rule|Species Clause: Limit one of each Pok\u00e9mon\n|rule|OHKO Clause: OHKO moves are banned\n|rule|Evasion Items Clause: Evasion items are banned\n|rule|Evasion Moves Clause: Evasion moves are banned\n|rule|Endless Battle Clause: Forcing endless battles is banned\n|rule|HP Percentage Mod: HP is shown in percentages\n|clearpoke\n|poke|p1|Clodsire, F|\n|poke|p1|Roaring Moon|\n|poke|p1|Armarouge, F|\n|poke|p1|Decidueye, M|\n|poke|p1|Sliggoo-Hisui, F|\n|poke|p1|Dunsparce, M|\n|poke|p2|Torkoal, F|\n|poke|p2|Tinkaton, F|\n|poke|p2|Bellibolt, M|\n|poke|p2|Mismagius, F|\n|poke|p2|Spidops, M|\n|poke|p2|Fraxure, M|\n|teampreview\n|\n|t:|1698977350\n|start\n|switch|p1a: Clodsire|Clodsire, F|100\/100\n|switch|p2a: Fraxure|Fraxure, M|100\/100\n|-ability|p2a: Fraxure|Mold Breaker\n|turn|1\n|\n|t:|1698977357\n|move|p2a: Fraxure|Substitute|p2a: Fraxure\n|-start|p2a: Fraxure|Substitute\n|-damage|p2a: Fraxure|76\/100\n|move|p1a: Clodsire|Stealth Rock|p2a: Fraxure\n|-sidestart|p2: BriefStar|move: Stealth Rock\n|\n|upkeep\n|turn|2\n|\n|t:|1698977364\n|move|p2a: Fraxure|Dragon Dance|p2a: Fraxure\n|-boost|p2a: Fraxure|atk|1\n|-boost|p2a: Fraxure|spe|1\n|move|p1a: Clodsire|Earthquake|p2a: Fraxure\n|-end|p2a: Fraxure|Substitute\n|\n|upkeep\n|turn|3\n|\n|t:|1698977371\n|move|p2a: Fraxure|Outrage|p1a: Clodsire\n|-damage|p1a: Clodsire|12\/100\n|move|p1a: Clodsire|Toxic|p2a: Fraxure\n|-status|p2a: Fraxure|tox\n|\n|-heal|p1a: Clodsire|18\/100|[from] item: Leftovers\n|-damage|p2a: Fraxure|69\/100 tox|[from] psn\n|upkeep\n|turn|4\n|\n|t:|1698977389\n|switch|p1a: Sliggoo|Sliggoo-Hisui, F|100\/100\n|move|p2a: Fraxure|Outrage|p1a: Sliggoo|[from]lockedmove\n|-damage|p1a: Sliggoo|28\/100\n|-start|p2a: Fraxure|confusion|[fatigue]\n|\n|-damage|p2a: Fraxure|57\/100 tox|[from] psn\n|upkeep\n|turn|5\n|\n|t:|1698977402\n|-activate|p2a: Fraxure|confusion\n|move|p2a: Fraxure|Outrage|p1a: Sliggoo\n|-damage|p1a: Sliggoo|0 fnt\n|faint|p1a: Sliggoo\n|\n|-damage|p2a: Fraxure|38\/100 tox|[from] psn\n|upkeep\n|\n|t:|1698977411\n|switch|p1a: Roaring Moon|Roaring Moon|100\/100\n|-enditem|p1a: Roaring Moon|Booster Energy\n|-activate|p1a: Roaring Moon|ability: Protosynthesis|[fromitem]\n|-start|p1a: Roaring Moon|protosynthesisatk\n|turn|6\n|\n|t:|1698977422\n|-activate|p2a: Fraxure|confusion\n|move|p2a: Fraxure|Outrage|p1a: Roaring Moon|[from]lockedmove\n|-supereffective|p1a: Roaring Moon\n|-damage|p1a: Roaring Moon|0 fnt\n|faint|p1a: Roaring Moon\n|-end|p1a: Roaring Moon|Protosynthesis|[silent]\n|\n|-damage|p2a: Fraxure|13\/100 tox|[from] psn\n|upkeep\n|\n|t:|1698977428\n|switch|p1a: Clodsire|Clodsire, F|18\/100\n|turn|7\n|\n|t:|1698977432\n|-activate|p2a: Fraxure|confusion\n|move|p2a: Fraxure|Outrage|p1a: Clodsire\n|-damage|p1a: Clodsire|0 fnt\n|faint|p1a: Clodsire\n|\n|-damage|p2a: Fraxure|0 fnt|[from] psn\n|faint|p2a: Fraxure\n|upkeep\n|\n|t:|1698977456\n|switch|p2a: Torkoal|Torkoal, F|100\/100\n|switch|p1a: Armarouge|Armarouge, F|100\/100\n|-damage|p2a: Torkoal|76\/100|[from] Stealth Rock\n|-weather|SunnyDay|[from] ability: Drought|[of] p2a: Torkoal\n|turn|8\n|\n|t:|1698977465\n|move|p1a: Armarouge|Calm Mind|p1a: Armarouge\n|-boost|p1a: Armarouge|spa|1\n|-boost|p1a: Armarouge|spd|1\n|move|p2a: Torkoal|Yawn|p1a: Armarouge\n|-start|p1a: Armarouge|move: Yawn|[of] p2a: Torkoal\n|\n|-weather|SunnyDay|[upkeep]\n|upkeep\n|turn|9\n|\n|t:|1698977476\n|move|p1a: Armarouge|Calm Mind|p1a: Armarouge\n|-boost|p1a: Armarouge|spa|1\n|-boost|p1a: Armarouge|spd|1\n|move|p2a: Torkoal|Stealth Rock|p1a: Armarouge\n|-sidestart|p1: FoxasBat|move: Stealth Rock\n|\n|-weather|SunnyDay|[upkeep]\n|-end|p1a: Armarouge|move: Yawn|[silent]\n|-status|p1a: Armarouge|slp\n|upkeep\n|turn|10\n|\n|t:|1698977484\n|switch|p2a: Mismagius|Mismagius, F|100\/100\n|-damage|p2a: Mismagius|88\/100|[from] Stealth Rock\n|cant|p1a: Armarouge|slp\n|\n|-weather|SunnyDay|[upkeep]\n|-heal|p2a: Mismagius|94\/100|[from] item: Leftovers\n|upkeep\n|turn|11\n|\n|t:|1698977493\n|move|p2a: Mismagius|Shadow Ball|p1a: Armarouge\n|-supereffective|p1a: Armarouge\n|-damage|p1a: Armarouge|50\/100 slp\n|-enditem|p1a: Armarouge|Weakness Policy\n|-boost|p1a: Armarouge|atk|2|[from] item: Weakness Policy\n|-boost|p1a: Armarouge|spa|2|[from] item: Weakness Policy\n|cant|p1a: Armarouge|slp\n|\n|-weather|SunnyDay|[upkeep]\n|-heal|p2a: Mismagius|100\/100|[from] item: Leftovers\n|upkeep\n|turn|12\n|\n|t:|1698977502\n|move|p2a: Mismagius|Shadow Ball|p1a: Armarouge\n|-supereffective|p1a: Armarouge\n|-damage|p1a: Armarouge|5\/100 slp\n|cant|p1a: Armarouge|slp\n|\n|-weather|SunnyDay|[upkeep]\n|upkeep\n|turn|13\n|\n|t:|1698977512\n|move|p2a: Mismagius|Shadow Ball|p1a: Armarouge\n|-supereffective|p1a: Armarouge\n|-damage|p1a: Armarouge|0 fnt\n|faint|p1a: Armarouge\n|\n|-weather|SunnyDay|[upkeep]\n|upkeep\n|\n|t:|1698977521\n|switch|p1a: Dunsparce|Dunsparce, M|100\/100\n|-damage|p1a: Dunsparce|88\/100|[from] Stealth Rock\n|turn|14\n|\n|t:|1698977525\n|move|p2a: Mismagius|Taunt|p1a: Dunsparce\n|-start|p1a: Dunsparce|move: Taunt\n|cant|p1a: Dunsparce|move: Taunt|Coil\n|\n|-weather|SunnyDay|[upkeep]\n|-heal|p1a: Dunsparce|94\/100|[from] item: Leftovers\n|upkeep\n|turn|15\n|\n|t:|1698977534\n|switch|p1a: Decidueye|Decidueye, M|100\/100\n|move|p2a: Mismagius|Nasty Plot|p2a: Mismagius\n|-boost|p2a: Mismagius|spa|2\n|\n|-weather|none\n|upkeep\n|turn|16\n|\n|t:|1698977545\n|-terastallize|p2a: Mismagius|Fairy\n|move|p2a: Mismagius|Shadow Ball|p1a: Decidueye\n|-supereffective|p1a: Decidueye\n|-damage|p1a: Decidueye|0 fnt\n|faint|p1a: Decidueye\n|\n|upkeep\n|\n|t:|1698977552\n|switch|p1a: Dunsparce|Dunsparce, M|94\/100\n|-damage|p1a: Dunsparce|82\/100|[from] Stealth Rock\n|turn|17\n|\n|t:|1698977560\n|move|p2a: Mismagius|Taunt|p1a: Dunsparce\n|-start|p1a: Dunsparce|move: Taunt\n|cant|p1a: Dunsparce|move: Taunt|Coil\n|\n|-heal|p1a: Dunsparce|88\/100|[from] item: Leftovers\n|upkeep\n|turn|18\n|\n|t:|1698977575\n|move|p2a: Mismagius|Draining Kiss|p1a: Dunsparce\n|-damage|p1a: Dunsparce|41\/100\n|move|p1a: Dunsparce|Body Slam|p2a: Mismagius\n|-damage|p2a: Mismagius|55\/100\n|\n|-heal|p2a: Mismagius|61\/100|[from] item: Leftovers\n|-heal|p1a: Dunsparce|47\/100|[from] item: Leftovers\n|upkeep\n|turn|19\n|\n|t:|1698977583\n|move|p2a: Mismagius|Draining Kiss|p1a: Dunsparce\n|-damage|p1a: Dunsparce|3\/100\n|-heal|p2a: Mismagius|100\/100|[from] drain|[of] p1a: Dunsparce\n|move|p1a: Dunsparce|Body Slam|p2a: Mismagius\n|-damage|p2a: Mismagius|56\/100\n|-status|p2a: Mismagius|par\n|\n|-heal|p2a: Mismagius|62\/100 par|[from] item: Leftovers\n|-heal|p1a: Dunsparce|10\/100|[from] item: Leftovers\n|-end|p1a: Dunsparce|move: Taunt\n|upkeep\n|turn|20\n|\n|t:|1698977594\n|move|p2a: Mismagius|Draining Kiss|p1a: Dunsparce\n|-damage|p1a: Dunsparce|0 fnt\n|-heal|p2a: Mismagius|73\/100 par|[from] drain|[of] p1a: Dunsparce\n|faint|p1a: Dunsparce\n|\n|win|BriefStar\n","uploadtime":1698977601,"views":6,"p1id":"foxasbat","p2id":"briefstar","formatid":"gen9ubers","rating":0,"private":0,"password":""}