{"id":"gen9ubers-1969437783","p1":"metronome11","p2":"dr460n1t3","format":"[Gen 9] Ubers","log":"|j|\u2606metronome11\n|j|\u2606dr460n1t3\n|t:|1697531521\n|gametype|singles\n|player|p1|metronome11|266|1000\n|player|p2|dr460n1t3|266|1001\n|teamsize|p1|6\n|teamsize|p2|6\n|gen|9\n|tier|[Gen 9] Ubers\n|rated|\n|rule|Sleep Clause Mod: Limit one foe put to sleep\n|rule|Species Clause: Limit one of each Pok\u00e9mon\n|rule|OHKO Clause: OHKO moves are banned\n|rule|Evasion Items Clause: Evasion items are banned\n|rule|Evasion Moves Clause: Evasion moves are banned\n|rule|Endless Battle Clause: Forcing endless battles is banned\n|rule|HP Percentage Mod: HP is shown in percentages\n|clearpoke\n|poke|p1|Miraidon|\n|poke|p1|Ting-Lu|\n|poke|p1|Koraidon|\n|poke|p1|Iron Bundle|\n|poke|p1|Flutter Mane|\n|poke|p1|Grimmsnarl, M|\n|poke|p2|Annihilape, M|\n|poke|p2|Ting-Lu|\n|poke|p2|Corviknight, F|\n|poke|p2|Kingambit, M|\n|poke|p2|Glimmora, F|\n|poke|p2|Froslass, F|\n|teampreview\n|inactive|Battle timer is ON: inactive players will automatically lose when time's up. (requested by dr460n1t3)\n|\n|t:|1697531548\n|start\n|switch|p1a: Miraidon|Miraidon|100\/100\n|switch|p2a: Froslass|Froslass, F, shiny|100\/100\n|-fieldstart|move: Electric Terrain|[from] ability: Hadron Engine|[of] p1a: Miraidon\n|turn|1\n|\n|t:|1697531557\n|move|p1a: Miraidon|Electro Drift|p2a: Froslass\n|-enditem|p2a: Froslass|Focus Sash\n|-damage|p2a: Froslass|1\/100\n|move|p2a: Froslass|Spikes|p1a: Miraidon\n|-sidestart|p1: metronome11|Spikes\n|\n|upkeep\n|turn|2\n|\n|t:|1697531567\n|move|p1a: Miraidon|Electro Drift|p2a: Froslass\n|-damage|p2a: Froslass|0 fnt\n|faint|p2a: Froslass\n|\n|upkeep\n|\n|t:|1697531582\n|switch|p2a: Ting-Lu|Ting-Lu|100\/100\n|-ability|p2a: Ting-Lu|Vessel of Ruin\n|turn|3\n|\n|t:|1697531587\n|switch|p1a: Koraidon|Koraidon|100\/100\n|-damage|p1a: Koraidon|88\/100|[from] Spikes\n|-weather|SunnyDay|[from] ability: Orichalcum Pulse|[of] p1a: Koraidon\n|-activate|p1a: Koraidon|Orichalcum Pulse|[source]\n|move|p2a: Ting-Lu|Stealth Rock|p1a: Koraidon\n|-sidestart|p1: metronome11|move: Stealth Rock\n|\n|-weather|SunnyDay|[upkeep]\n|upkeep\n|turn|4\n|\n|t:|1697531596\n|move|p1a: Koraidon|Swords Dance|p1a: Koraidon\n|-boost|p1a: Koraidon|atk|2\n|move|p2a: Ting-Lu|Whirlwind|p1a: Koraidon\n|drag|p1a: Grimmsnarl|Grimmsnarl, M|100\/100\n|-damage|p1a: Grimmsnarl|88\/100|[from] Spikes\n|-damage|p1a: Grimmsnarl|76\/100|[from] Stealth Rock\n|\n|-weather|SunnyDay|[upkeep]\n|upkeep\n|turn|5\n|\n|t:|1697531607\n|move|p1a: Grimmsnarl|Spirit Break|p2a: Ting-Lu\n|-supereffective|p2a: Ting-Lu\n|-crit|p2a: Ting-Lu\n|-damage|p2a: Ting-Lu|50\/100\n|-unboost|p2a: Ting-Lu|spa|1\n|move|p2a: Ting-Lu|Earthquake|p1a: Grimmsnarl\n|-damage|p1a: Grimmsnarl|38\/100\n|\n|-weather|SunnyDay|[upkeep]\n|-heal|p2a: Ting-Lu|56\/100|[from] item: Leftovers\n|-fieldend|move: Electric Terrain\n|upkeep\n|turn|6\n|\n|t:|1697531613\n|move|p1a: Grimmsnarl|Reflect|p1a: Grimmsnarl\n|-sidestart|p1: metronome11|Reflect\n|move|p2a: Ting-Lu|Earthquake|p1a: Grimmsnarl\n|-damage|p1a: Grimmsnarl|19\/100\n|\n|-weather|SunnyDay|[upkeep]\n|-heal|p2a: Ting-Lu|62\/100|[from] item: Leftovers\n|upkeep\n|turn|7\n|\n|t:|1697531618\n|move|p1a: Grimmsnarl|Light Screen|p1a: Grimmsnarl\n|-sidestart|p1: metronome11|move: Light Screen\n|move|p2a: Ting-Lu|Earthquake|p1a: Grimmsnarl\n|-damage|p1a: Grimmsnarl|0 fnt\n|faint|p1a: Grimmsnarl\n|\n|-weather|none\n|-heal|p2a: Ting-Lu|69\/100|[from] item: Leftovers\n|upkeep\n|\n|t:|1697531621\n|switch|p1a: Koraidon|Koraidon|88\/100\n|-damage|p1a: Koraidon|75\/100|[from] Spikes\n|-damage|p1a: Koraidon|69\/100|[from] Stealth Rock\n|-weather|SunnyDay|[from] ability: Orichalcum Pulse|[of] p1a: Koraidon\n|-activate|p1a: Koraidon|Orichalcum Pulse|[source]\n|turn|8\n|\n|t:|1697531629\n|move|p1a: Koraidon|Collision Course|p2a: Ting-Lu\n|-supereffective|p2a: Ting-Lu\n|-damage|p2a: Ting-Lu|0 fnt\n|faint|p2a: Ting-Lu\n|\n|-weather|SunnyDay|[upkeep]\n|upkeep\n|\n|t:|1697531647\n|switch|p2a: Annihilape|Annihilape, M, shiny|100\/100\n|turn|9\n|\n|t:|1697531656\n|switch|p1a: Miraidon|Miraidon|100\/100\n|-damage|p1a: Miraidon|88\/100|[from] Spikes\n|-damage|p1a: Miraidon|76\/100|[from] Stealth Rock\n|-fieldstart|move: Electric Terrain|[from] ability: Hadron Engine|[of] p1a: Miraidon\n|move|p2a: Annihilape|Bulk Up|p2a: Annihilape\n|-boost|p2a: Annihilape|atk|1\n|-boost|p2a: Annihilape|def|1\n|\n|-weather|SunnyDay|[upkeep]\n|upkeep\n|turn|10\n|\n|t:|1697531673\n|move|p1a: Miraidon|Electro Drift|p2a: Annihilape\n|-damage|p2a: Annihilape|9\/100\n|move|p2a: Annihilape|Drain Punch|p1a: Miraidon\n|-damage|p1a: Miraidon|54\/100\n|-heal|p2a: Annihilape|18\/100|[from] drain|[of] p1a: Miraidon\n|\n|-weather|SunnyDay|[upkeep]\n|-heal|p2a: Annihilape|24\/100|[from] item: Leftovers\n|upkeep\n|turn|11\n|\n|t:|1697531688\n|move|p1a: Miraidon|Electro Drift|p2a: Annihilape\n|-damage|p2a: Annihilape|0 fnt\n|faint|p2a: Annihilape\n|\n|-weather|SunnyDay|[upkeep]\n|upkeep\n|\n|t:|1697531697\n|switch|p2a: Kingambit|Kingambit, M, shiny|100\/100\n|-activate|p2a: Kingambit|ability: Supreme Overlord\n|-start|p2a: Kingambit|fallen3|[silent]\n|turn|12\n|\n|t:|1697531703\n|switch|p1a: Koraidon|Koraidon|69\/100\n|-damage|p1a: Koraidon|57\/100|[from] Spikes\n|-damage|p1a: Koraidon|50\/100|[from] Stealth Rock\n|-activate|p1a: Koraidon|ability: Orichalcum Pulse\n|-enditem|p1a: Koraidon|Sitrus Berry|[eat]\n|-heal|p1a: Koraidon|75\/100|[from] item: Sitrus Berry\n|move|p2a: Kingambit|Swords Dance|p2a: Kingambit\n|-boost|p2a: Kingambit|atk|2\n|\n|-weather|none\n|upkeep\n|turn|13\n|\n|t:|1697531719\n|-terastallize|p2a: Kingambit|Flying\n|move|p1a: Koraidon|Collision Course|p2a: Kingambit\n|-resisted|p2a: Kingambit\n|-damage|p2a: Kingambit|81\/100\n|move|p2a: Kingambit|Iron Head|p1a: Koraidon\n|-damage|p1a: Koraidon|25\/100\n|\n|-heal|p2a: Kingambit|87\/100|[from] item: Leftovers\n|-sideend|p1: metronome11|Reflect\n|-fieldend|move: Electric Terrain\n|upkeep\n|turn|14\n|\n|t:|1697531740\n|move|p2a: Kingambit|Sucker Punch|p1a: Koraidon\n|-resisted|p1a: Koraidon\n|-damage|p1a: Koraidon|0 fnt\n|faint|p1a: Koraidon\n|\n|-heal|p2a: Kingambit|93\/100|[from] item: Leftovers\n|-sideend|p1: metronome11|move: Light Screen\n|upkeep\n|\n|t:|1697531747\n|switch|p1a: Iron Bundle|Iron Bundle|100\/100\n|-damage|p1a: Iron Bundle|88\/100|[from] Spikes\n|-damage|p1a: Iron Bundle|63\/100|[from] Stealth Rock\n|turn|15\n|\n|t:|1697531761\n|move|p2a: Kingambit|Sucker Punch|p1a: Iron Bundle\n|-damage|p1a: Iron Bundle|0 fnt\n|faint|p1a: Iron Bundle\n|-end|p1a: Iron Bundle|Quark Drive|[silent]\n|\n|-heal|p2a: Kingambit|99\/100|[from] item: Leftovers\n|upkeep\n|\n|t:|1697531765\n|switch|p1a: Miraidon|Miraidon|54\/100\n|-damage|p1a: Miraidon|42\/100|[from] Spikes\n|-damage|p1a: Miraidon|29\/100|[from] Stealth Rock\n|-fieldstart|move: Electric Terrain|[from] ability: Hadron Engine|[of] p1a: Miraidon\n|turn|16\n|\n|t:|1697531770\n|switch|p1a: Ting-Lu|Ting-Lu|100\/100\n|-damage|p1a: Ting-Lu|88\/100|[from] Spikes\n|-damage|p1a: Ting-Lu|82\/100|[from] Stealth Rock\n|-ability|p1a: Ting-Lu|Vessel of Ruin\n|move|p2a: Kingambit|Sucker Punch||[still]\n|-fail|p2a: Kingambit\n|\n|-heal|p2a: Kingambit|100\/100|[from] item: Leftovers\n|upkeep\n|turn|17\n|inactive|metronome11 has 120 seconds left.\n|\n|t:|1697531816\n|move|p2a: Kingambit|Iron Head|p1a: Ting-Lu\n|-damage|p1a: Ting-Lu|16\/100\n|move|p1a: Ting-Lu|Ruination|p2a: Kingambit\n|-damage|p2a: Kingambit|51\/100\n|\n|-heal|p2a: Kingambit|57\/100|[from] item: Leftovers\n|upkeep\n|turn|18\n|\n|t:|1697531823\n|move|p2a: Kingambit|Sucker Punch|p1a: Ting-Lu\n|-resisted|p1a: Ting-Lu\n|-damage|p1a: Ting-Lu|0 fnt\n|faint|p1a: Ting-Lu\n|\n|-heal|p2a: Kingambit|63\/100|[from] item: Leftovers\n|upkeep\n|\n|t:|1697531828\n|switch|p1a: Flutter Mane|Flutter Mane|100\/100\n|-damage|p1a: Flutter Mane|88\/100|[from] Spikes\n|-damage|p1a: Flutter Mane|76\/100|[from] Stealth Rock\n|turn|19\n|inactive|metronome11 has 120 seconds left.\n|\n|t:|1697531834\n|move|p2a: Kingambit|Sucker Punch|p1a: Flutter Mane\n|-damage|p1a: Flutter Mane|0 fnt\n|faint|p1a: Flutter Mane\n|-end|p1a: Flutter Mane|Protosynthesis|[silent]\n|\n|-heal|p2a: Kingambit|69\/100|[from] item: Leftovers\n|upkeep\n|\n|t:|1697531837\n|switch|p1a: Miraidon|Miraidon|29\/100\n|-damage|p1a: Miraidon|17\/100|[from] Spikes\n|-damage|p1a: Miraidon|5\/100|[from] Stealth Rock\n|-activate|p1a: Miraidon|ability: Hadron Engine\n|turn|20\n|-message|metronome11 forfeited.\n|\n|win|dr460n1t3\n|raw|metronome11's rating: 1000 &rarr; <strong>1000<\/strong><br \/>(+0 for losing)\n|raw|dr460n1t3's rating: 1001 &rarr; <strong>1041<\/strong><br \/>(+40 for winning)\n|l|\u2606metronome11\n","uploadtime":1697531856,"views":14,"p1id":"metronome11","p2id":"dr460n1t3","formatid":"gen9ubers","rating":1000,"private":0,"password":""}