{"id":"gen9ubers-1971664215","p1":"LiquidPlazmid77","p2":"NotADragonTrainer","format":"[Gen 9] Ubers","log":"|j|\u2606LiquidPlazmid77\n|j|\u2606NotADragonTrainer\n|t:|1697758696\n|gametype|singles\n|player|p1|LiquidPlazmid77|nate|\n|player|p2|NotADragonTrainer|lance|\n|teamsize|p1|6\n|teamsize|p2|6\n|gen|9\n|tier|[Gen 9] Ubers\n|rule|Sleep Clause Mod: Limit one foe put to sleep\n|rule|Species Clause: Limit one of each Pok\u00e9mon\n|rule|OHKO Clause: OHKO moves are banned\n|rule|Evasion Items Clause: Evasion items are banned\n|rule|Evasion Moves Clause: Evasion moves are banned\n|rule|Endless Battle Clause: Forcing endless battles is banned\n|rule|HP Percentage Mod: HP is shown in percentages\n|clearpoke\n|poke|p1|Iron Bundle|\n|poke|p1|Ogerpon-Hearthflame, F|\n|poke|p1|Walking Wake|\n|poke|p1|Tornadus, M|\n|poke|p1|Donphan, M|\n|poke|p1|Grafaiai, F|\n|poke|p2|Chi-Yu|\n|poke|p2|Clodsire, M|\n|poke|p2|Meowscarada, M|\n|poke|p2|Ogerpon-Wellspring, F|\n|poke|p2|Iron Hands|\n|poke|p2|Eelektross, F|\n|teampreview\n|inactive|Battle timer is ON: inactive players will automatically lose when time's up. (requested by LiquidPlazmid77)\n|inactive|NotADragonTrainer has 270 seconds left.\n|\n|t:|1697758794\n|start\n|switch|p1a: Weather Report|Tornadus, M, shiny|100\/100\n|switch|p2a: Unohana|Ogerpon-Wellspring, F|100\/100\n|turn|1\n|inactive|LiquidPlazmid77 has 270 seconds left.\n|\n|t:|1697758828\n|switch|p2a: Four Eels|Eelektross, F, shiny|100\/100\n|move|p1a: Weather Report|Bleakwind Storm|p2a: Four Eels\n|-resisted|p2a: Four Eels\n|-damage|p2a: Four Eels|73\/100\n|\n|-heal|p2a: Four Eels|79\/100|[from] item: Leftovers\n|upkeep\n|turn|2\n|\n|t:|1697758839\n|move|p1a: Weather Report|Sunny Day|p1a: Weather Report\n|-weather|SunnyDay\n|move|p2a: Four Eels|Thunder Wave|p1a: Weather Report\n|-status|p1a: Weather Report|par\n|\n|-weather|SunnyDay|[upkeep]\n|-heal|p2a: Four Eels|85\/100|[from] item: Leftovers\n|upkeep\n|turn|3\n|\n|t:|1697758851\n|move|p1a: Weather Report|Taunt|p2a: Four Eels\n|-start|p2a: Four Eels|move: Taunt\n|move|p2a: Four Eels|Thunder Punch|p1a: Weather Report\n|-supereffective|p1a: Weather Report\n|-damage|p1a: Weather Report|6\/100 par\n|\n|-weather|SunnyDay|[upkeep]\n|-heal|p2a: Four Eels|92\/100|[from] item: Leftovers\n|upkeep\n|turn|4\n|\n|t:|1697758864\n|switch|p1a: Stone Free|Ogerpon-Hearthflame, F|100\/100\n|-ability|p1a: Stone Free|Mold Breaker\n|move|p2a: Four Eels|Dragon Claw|p1a: Stone Free\n|-crit|p1a: Stone Free\n|-damage|p1a: Stone Free|47\/100\n|\n|-weather|SunnyDay|[upkeep]\n|-heal|p2a: Four Eels|98\/100|[from] item: Leftovers\n|upkeep\n|turn|5\n|j| Yardrok\n|inactive|LiquidPlazmid77 has 270 seconds left.\n|inactive|NotADragonTrainer has 270 seconds left.\n|j| chiefbluescreen\n|inactive|LiquidPlazmid77 has 240 seconds left.\n|\n|t:|1697758922\n|move|p1a: Stone Free|Ivy Cudgel|p2a: Four Eels\n|-damage|p2a: Four Eels|0 fnt\n|faint|p2a: Four Eels\n|\n|-weather|SunnyDay|[upkeep]\n|upkeep\n|inactive|NotADragonTrainer has 270 seconds left.\n|\n|t:|1697758944\n|switch|p2a: Rika|Chi-Yu|100\/100\n|-ability|p2a: Rika|Beads of Ruin\n|turn|6\n|inactive|LiquidPlazmid77 has 240 seconds left.\n|\n|t:|1697758968\n|switch|p1a: Star Platinum|Walking Wake|100\/100\n|-activate|p1a: Star Platinum|ability: Protosynthesis\n|-start|p1a: Star Platinum|protosynthesisspe\n|move|p2a: Rika|Flamethrower|p1a: Star Platinum\n|-resisted|p1a: Star Platinum\n|-damage|p1a: Star Platinum|72\/100\n|\n|-weather|SunnyDay|[upkeep]\n|upkeep\n|turn|7\n|inactive|NotADragonTrainer has 240 seconds left.\n|inactive|LiquidPlazmid77 has 210 seconds left.\n|\n|t:|1697759024\n|switch|p2a: Rukia|Meowscarada, M|100\/100\n|move|p1a: Star Platinum|Draco Meteor|p2a: Rukia|[miss]\n|-miss|p1a: Star Platinum|p2a: Rukia\n|\n|-weather|SunnyDay|[upkeep]\n|upkeep\n|turn|8\n|\n|t:|1697759031\n|move|p1a: Star Platinum|Draco Meteor|p2a: Rukia\n|-damage|p2a: Rukia|0 fnt\n|-unboost|p1a: Star Platinum|spa|2\n|faint|p2a: Rukia\n|\n|-weather|SunnyDay|[upkeep]\n|upkeep\n|inactive|NotADragonTrainer has 210 seconds left.\n|\n|t:|1697759056\n|switch|p2a: Hands da Ocky Way|Iron Hands, shiny|100\/100\n|turn|9\n|inactive|LiquidPlazmid77 has 210 seconds left.\n|\n|t:|1697759082\n|-end|p1a: Star Platinum|Protosynthesis|[silent]\n|switch|p1a: Diver Down|Donphan, M|100\/100\n|move|p2a: Hands da Ocky Way|Thunder Punch|p1a: Diver Down\n|-immune|p1a: Diver Down\n|\n|-weather|none\n|upkeep\n|turn|10\n|inactive|NotADragonTrainer has 210 seconds left.\n|inactive|LiquidPlazmid77 has 180 seconds left.\n|\n|t:|1697759114\n|-end|p2a: Hands da Ocky Way|Quark Drive|[silent]\n|switch|p2a: Yuta|Clodsire, M|100\/100\n|move|p1a: Diver Down|Gunk Shot|p2a: Yuta|[miss]\n|-miss|p1a: Diver Down|p2a: Yuta\n|\n|upkeep\n|turn|11\n|\n|t:|1697759128\n|switch|p1a: Foo Fighters|Grafaiai, F|100\/100\n|move|p2a: Yuta|Spikes|p1a: Foo Fighters\n|-sidestart|p1: LiquidPlazmid77|Spikes\n|\n|upkeep\n|turn|12\n|\n|t:|1697759138\n|move|p1a: Foo Fighters|Taunt|p2a: Yuta\n|-start|p2a: Yuta|move: Taunt\n|move|p2a: Yuta|Earthquake|p1a: Foo Fighters\n|-supereffective|p1a: Foo Fighters\n|-damage|p1a: Foo Fighters|46\/100\n|\n|upkeep\n|turn|13\n|\n|t:|1697759148\n|move|p1a: Foo Fighters|Sunny Day|p1a: Foo Fighters\n|-weather|SunnyDay\n|move|p2a: Yuta|Earthquake|p1a: Foo Fighters\n|-supereffective|p1a: Foo Fighters\n|-damage|p1a: Foo Fighters|0 fnt\n|faint|p1a: Foo Fighters\n|\n|-weather|SunnyDay|[upkeep]\n|upkeep\n|inactive|LiquidPlazmid77 has 180 seconds left.\n|\n|t:|1697759181\n|switch|p1a: Stone Free|Ogerpon-Hearthflame, F|47\/100\n|-damage|p1a: Stone Free|34\/100|[from] Spikes\n|-ability|p1a: Stone Free|Mold Breaker\n|turn|14\n|\n|t:|1697759191\n|move|p1a: Stone Free|Horn Leech|p2a: Yuta\n|-damage|p2a: Yuta|56\/100\n|-heal|p1a: Stone Free|69\/100|[from] drain|[of] p2a: Yuta\n|move|p2a: Yuta|Earthquake|p1a: Stone Free\n|-damage|p1a: Stone Free|35\/100\n|\n|-weather|SunnyDay|[upkeep]\n|-end|p2a: Yuta|move: Taunt\n|upkeep\n|turn|15\n|inactive|LiquidPlazmid77 has 180 seconds left.\n|\n|t:|1697759204\n|move|p1a: Stone Free|Ivy Cudgel|p2a: Yuta\n|-damage|p2a: Yuta|0 fnt\n|faint|p2a: Yuta\n|\n|-weather|SunnyDay|[upkeep]\n|upkeep\n|\n|t:|1697759210\n|switch|p2a: Rika|Chi-Yu|100\/100\n|-ability|p2a: Rika|Beads of Ruin\n|turn|16\n|inactive|NotADragonTrainer has 210 seconds left.\n|inactive|LiquidPlazmid77 has 180 seconds left.\n|\n|t:|1697759222\n|move|p2a: Rika|Dark Pulse|p1a: Stone Free\n|-damage|p1a: Stone Free|0 fnt\n|faint|p1a: Stone Free\n|\n|-weather|SunnyDay|[upkeep]\n|upkeep\n|inactive|LiquidPlazmid77 has 180 seconds left.\n|\n|t:|1697759228\n|switch|p1a: Star Platinum|Walking Wake|72\/100\n|-damage|p1a: Star Platinum|59\/100|[from] Spikes\n|-activate|p1a: Star Platinum|ability: Protosynthesis\n|-start|p1a: Star Platinum|protosynthesisspe\n|turn|17\n|inactive|LiquidPlazmid77 has 180 seconds left.\n|\n|t:|1697759242\n|switch|p2a: Unohana|Ogerpon-Wellspring, F|100\/100\n|move|p1a: Star Platinum|Hydro Steam|p2a: Unohana\n|-immune|p2a: Unohana|[from] ability: Water Absorb\n|\n|-weather|none\n|-end|p1a: Star Platinum|Protosynthesis\n|upkeep\n|turn|18\n|inactive|LiquidPlazmid77 has 180 seconds left.\n|inactive|NotADragonTrainer has 210 seconds left.\n|\n|t:|1697759260\n|-end|p1a: Star Platinum|Protosynthesis|[silent]\n|switch|p1a: Weather Report|Tornadus, M, shiny|6\/100 par\n|move|p2a: Unohana|U-turn|p1a: Weather Report\n|-resisted|p1a: Weather Report\n|-damage|p1a: Weather Report|0 fnt\n|faint|p1a: Weather Report\n|inactive|NotADragonTrainer has 210 seconds left.\n|\n|t:|1697759267\n|switch|p2a: Rika|Chi-Yu|100\/100|[from] U-turn\n|-ability|p2a: Rika|Beads of Ruin\n|\n|upkeep\n|inactive|LiquidPlazmid77 has 180 seconds left.\n|\n|t:|1697759296\n|switch|p1a: Made in Heaven|Iron Bundle, shiny|100\/100\n|-damage|p1a: Made in Heaven|88\/100|[from] Spikes\n|-enditem|p1a: Made in Heaven|Booster Energy\n|-activate|p1a: Made in Heaven|ability: Quark Drive|[fromitem]\n|-start|p1a: Made in Heaven|quarkdrivespe\n|turn|19\n|\n|t:|1697759306\n|move|p1a: Made in Heaven|Substitute|p1a: Made in Heaven\n|-start|p1a: Made in Heaven|Substitute\n|-damage|p1a: Made in Heaven|63\/100\n|move|p2a: Rika|Flamethrower|p1a: Made in Heaven\n|-end|p1a: Made in Heaven|Substitute\n|\n|upkeep\n|turn|20\n|\n|t:|1697759313\n|move|p1a: Made in Heaven|Hydro Pump|p2a: Rika\n|-supereffective|p2a: Rika\n|-damage|p2a: Rika|0 fnt\n|faint|p2a: Rika\n|\n|upkeep\n|\n|t:|1697759321\n|switch|p2a: Hands da Ocky Way|Iron Hands, shiny|100\/100\n|turn|21\n|inactive|NotADragonTrainer has 210 seconds left.\n|\n|t:|1697759370\n|move|p1a: Made in Heaven|Substitute|p1a: Made in Heaven\n|-start|p1a: Made in Heaven|Substitute\n|-damage|p1a: Made in Heaven|38\/100\n|move|p2a: Hands da Ocky Way|Drain Punch|p1a: Made in Heaven\n|-supereffective|p1a: Made in Heaven\n|-end|p1a: Made in Heaven|Substitute\n|\n|upkeep\n|turn|22\n|inactive|LiquidPlazmid77 has 180 seconds left.\n|\n|t:|1697759387\n|-end|p1a: Made in Heaven|Quark Drive|[silent]\n|switch|p1a: Star Platinum|Walking Wake|59\/100\n|-damage|p1a: Star Platinum|47\/100|[from] Spikes\n|move|p2a: Hands da Ocky Way|Drain Punch|p1a: Star Platinum\n|-crit|p1a: Star Platinum\n|-damage|p1a: Star Platinum|0 fnt\n|faint|p1a: Star Platinum\n|-end|p1a: Star Platinum|Protosynthesis|[silent]\n|\n|upkeep\n|inactive|LiquidPlazmid77 has 180 seconds left.\n|\n|t:|1697759395\n|switch|p1a: Diver Down|Donphan, M|100\/100\n|turn|23\n|\n|t:|1697759408\n|-end|p2a: Hands da Ocky Way|Quark Drive|[silent]\n|switch|p2a: Unohana|Ogerpon-Wellspring, F|100\/100\n|move|p1a: Diver Down|Earthquake|p2a: Unohana\n|-resisted|p2a: Unohana\n|-crit|p2a: Unohana\n|-damage|p2a: Unohana|55\/100\n|\n|upkeep\n|turn|24\n|\n|t:|1697759422\n|move|p2a: Unohana|Ivy Cudgel|p1a: Diver Down\n|-supereffective|p1a: Diver Down\n|-damage|p1a: Diver Down|22\/100\n|move|p1a: Diver Down|Gunk Shot|p2a: Unohana\n|-supereffective|p2a: Unohana\n|-damage|p2a: Unohana|0 fnt\n|faint|p2a: Unohana\n|\n|upkeep\n|\n|t:|1697759442\n|switch|p2a: Hands da Ocky Way|Iron Hands, shiny|100\/100\n|turn|25\n|\n|t:|1697759450\n|move|p2a: Hands da Ocky Way|Drain Punch|p1a: Diver Down\n|-damage|p1a: Diver Down|0 fnt\n|faint|p1a: Diver Down\n|\n|upkeep\n|\n|t:|1697759452\n|switch|p1a: Made in Heaven|Iron Bundle, shiny|38\/100\n|-damage|p1a: Made in Heaven|26\/100|[from] Spikes\n|turn|26\n|\n|t:|1697759460\n|move|p1a: Made in Heaven|Ice Beam|p2a: Hands da Ocky Way\n|-damage|p2a: Hands da Ocky Way|69\/100\n|move|p2a: Hands da Ocky Way|Drain Punch|p1a: Made in Heaven\n|-supereffective|p1a: Made in Heaven\n|-damage|p1a: Made in Heaven|0 fnt\n|-heal|p2a: Hands da Ocky Way|76\/100|[from] drain|[of] p1a: Made in Heaven\n|faint|p1a: Made in Heaven\n|-end|p1a: Made in Heaven|Quark Drive|[silent]\n|\n|win|NotADragonTrainer\n","uploadtime":1697759479,"views":26,"p1id":"liquidplazmid77","p2id":"notadragontrainer","formatid":"gen9ubers","rating":0,"private":0,"password":""}