{"id":"gen9ubers-1970873923","p1":"leonissenbaum","p2":"SenkTheMoth","format":"[Gen 9] Ubers","log":"|j|\u2606leonissenbaum\n|j|\u2606SenkTheMoth\n|t:|1697676047\n|gametype|singles\n|player|p1|leonissenbaum|leon|\n|player|p2|SenkTheMoth|dawn-gen4pt|\n|teamsize|p1|6\n|teamsize|p2|6\n|gen|9\n|tier|[Gen 9] Ubers\n|rule|Sleep Clause Mod: Limit one foe put to sleep\n|rule|Species Clause: Limit one of each Pok\u00e9mon\n|rule|OHKO Clause: OHKO moves are banned\n|rule|Evasion Items Clause: Evasion items are banned\n|rule|Evasion Moves Clause: Evasion moves are banned\n|rule|Endless Battle Clause: Forcing endless battles is banned\n|rule|HP Percentage Mod: HP is shown in percentages\n|clearpoke\n|poke|p1|Giratina|\n|poke|p1|Gliscor, M|\n|poke|p1|Blissey, F|\n|poke|p1|Dondozo, F|\n|poke|p1|Clefable, M|\n|poke|p1|Cyclizar, M|\n|poke|p2|Zacian-*|\n|poke|p2|Palkia-Origin|\n|poke|p2|Arceus-Fire|\n|poke|p2|Magearna|\n|poke|p2|Zamazenta-*|\n|poke|p2|Shaymin-Sky|\n|teampreview\n|\n|t:|1697676070\n|start\n|switch|p1a: Gliscor|Gliscor, M|100\/100\n|switch|p2a: Magearna|Magearna|100\/100\n|turn|1\n|\n|t:|1697676075\n|move|p1a: Gliscor|Toxic Spikes|p2a: Magearna\n|-sidestart|p2: SenkTheMoth|move: Toxic Spikes\n|move|p2a: Magearna|Ice Beam|p1a: Gliscor\n|-supereffective|p1a: Gliscor\n|-damage|p1a: Gliscor|8\/100\n|-status|p1a: Gliscor|frz\n|\n|upkeep\n|turn|2\n|c|\u2606leonissenbaum|woah\n|\n|t:|1697676095\n|cant|p1a: Gliscor|frz\n|move|p2a: Magearna|Spikes|p1a: Gliscor\n|-sidestart|p1: leonissenbaum|Spikes\n|\n|upkeep\n|turn|3\n|\n|t:|1697676098\n|cant|p1a: Gliscor|frz\n|move|p2a: Magearna|Draining Kiss|p1a: Gliscor\n|-damage|p1a: Gliscor|0 fnt\n|faint|p1a: Gliscor\n|-ability|p2a: Magearna|Soul-Heart|boost\n|-boost|p2a: Magearna|spa|1\n|\n|upkeep\n|\n|t:|1697676121\n|switch|p1a: Blissey|Blissey, F|100\/100\n|-damage|p1a: Blissey|88\/100|[from] Spikes\n|turn|4\n|\n|t:|1697676126\n|move|p2a: Magearna|Thunder Wave|p1a: Blissey\n|-status|p1a: Blissey|par\n|move|p1a: Blissey|Stealth Rock|p2a: Magearna\n|-sidestart|p2: SenkTheMoth|move: Stealth Rock\n|\n|-heal|p1a: Blissey|94\/100 par|[from] item: Leftovers\n|upkeep\n|turn|5\n|\n|t:|1697676134\n|move|p2a: Magearna|Spikes|p1a: Blissey\n|-sidestart|p1: leonissenbaum|Spikes\n|move|p1a: Blissey|Seismic Toss|p2a: Magearna\n|-damage|p2a: Magearna|73\/100\n|\n|-heal|p2a: Magearna|79\/100|[from] item: Leftovers\n|-heal|p1a: Blissey|99\/100 par|[from] item: Leftovers\n|upkeep\n|turn|6\n|\n|t:|1697676140\n|move|p2a: Magearna|Draining Kiss|p1a: Blissey\n|-damage|p1a: Blissey|91\/100 par\n|-heal|p2a: Magearna|92\/100|[from] drain|[of] p1a: Blissey\n|move|p1a: Blissey|Seismic Toss|p2a: Magearna\n|-damage|p2a: Magearna|65\/100\n|\n|-heal|p2a: Magearna|71\/100|[from] item: Leftovers\n|-heal|p1a: Blissey|97\/100 par|[from] item: Leftovers\n|upkeep\n|turn|7\n|\n|t:|1697676146\n|move|p2a: Magearna|Spikes|p1a: Blissey\n|-sidestart|p1: leonissenbaum|Spikes\n|cant|p1a: Blissey|par\n|\n|-heal|p2a: Magearna|77\/100|[from] item: Leftovers\n|-heal|p1a: Blissey|100\/100 par|[from] item: Leftovers\n|upkeep\n|turn|8\n|\n|t:|1697676158\n|move|p2a: Magearna|Draining Kiss|p1a: Blissey\n|-damage|p1a: Blissey|91\/100 par\n|-heal|p2a: Magearna|90\/100|[from] drain|[of] p1a: Blissey\n|move|p1a: Blissey|Seismic Toss|p2a: Magearna\n|-damage|p2a: Magearna|62\/100\n|\n|-heal|p2a: Magearna|68\/100|[from] item: Leftovers\n|-heal|p1a: Blissey|97\/100 par|[from] item: Leftovers\n|upkeep\n|turn|9\n|\n|t:|1697676166\n|switch|p2a: Zamazenta|Zamazenta-Crowned|100\/100\n|-damage|p2a: Zamazenta|97\/100|[from] Stealth Rock\n|-ability|p2a: Zamazenta|Dauntless Shield|boost\n|-boost|p2a: Zamazenta|def|1\n|cant|p1a: Blissey|par\n|\n|-heal|p1a: Blissey|100\/100 par|[from] item: Leftovers\n|upkeep\n|turn|10\n|\n|t:|1697676173\n|switch|p2a: Shaymin|Shaymin-Sky|100\/100\n|-damage|p2a: Shaymin|76\/100|[from] Stealth Rock\n|-curestatus|p1a: Blissey|par|[from] ability: Natural Cure\n|switch|p1a: Dondozo|Dondozo, F|100\/100\n|-damage|p1a: Dondozo|75\/100|[from] Spikes\n|\n|upkeep\n|turn|11\n|\n|t:|1697676183\n|switch|p1a: Cyclizar|Cyclizar, M|100\/100\n|-damage|p1a: Cyclizar|76\/100|[from] Spikes\n|move|p2a: Shaymin|Seed Flare|p1a: Cyclizar|[miss]\n|-miss|p2a: Shaymin|p1a: Cyclizar\n|\n|upkeep\n|turn|12\n|\n|t:|1697676191\n|move|p2a: Shaymin|Seed Flare|p1a: Cyclizar\n|-resisted|p1a: Cyclizar\n|-damage|p1a: Cyclizar|51\/100\n|-unboost|p1a: Cyclizar|spd|2\n|move|p1a: Cyclizar|Rapid Spin|p2a: Shaymin\n|-damage|p2a: Shaymin|58\/100\n|-boost|p1a: Cyclizar|spe|1\n|-sideend|p1: leonissenbaum|Spikes|[from] move: Rapid Spin|[of] p1a: Cyclizar\n|\n|upkeep\n|turn|13\n|\n|t:|1697676200\n|move|p2a: Shaymin|Seed Flare|p1a: Cyclizar\n|-resisted|p1a: Cyclizar\n|-damage|p1a: Cyclizar|0 fnt\n|faint|p1a: Cyclizar\n|\n|upkeep\n|\n|t:|1697676211\n|switch|p1a: Blissey|Blissey, F|100\/100\n|turn|14\n|\n|t:|1697676216\n|move|p2a: Shaymin|Seed Flare|p1a: Blissey\n|-damage|p1a: Blissey|81\/100\n|-unboost|p1a: Blissey|spd|2\n|move|p1a: Blissey|Seismic Toss|p2a: Shaymin\n|-damage|p2a: Shaymin|29\/100\n|\n|-heal|p1a: Blissey|87\/100|[from] item: Leftovers\n|upkeep\n|turn|15\n|\n|t:|1697676222\n|switch|p1a: Giratina|Giratina, shiny|100\/100\n|-ability|p1a: Giratina|Pressure\n|move|p2a: Shaymin|Seed Flare|p1a: Giratina\n|-resisted|p1a: Giratina\n|-damage|p1a: Giratina|89\/100\n|\n|-heal|p1a: Giratina|95\/100|[from] item: Leftovers\n|upkeep\n|turn|16\n|\n|t:|1697676226\n|switch|p2a: Magearna|Magearna|68\/100\n|-damage|p2a: Magearna|62\/100|[from] Stealth Rock\n|move|p1a: Giratina|Thunder Wave|p2a: Magearna\n|-status|p2a: Magearna|par\n|\n|-heal|p1a: Giratina|100\/100|[from] item: Leftovers\n|-heal|p2a: Magearna|68\/100 par|[from] item: Leftovers\n|upkeep\n|turn|17\n|\n|t:|1697676234\n|move|p1a: Giratina|Hex|p2a: Magearna\n|-damage|p2a: Magearna|35\/100 par\n|move|p2a: Magearna|Thunder Wave|p1a: Giratina\n|-status|p1a: Giratina|par\n|\n|-heal|p2a: Magearna|41\/100 par|[from] item: Leftovers\n|upkeep\n|turn|18\n|\n|t:|1697676238\n|cant|p1a: Giratina|par\n|cant|p2a: Magearna|par\n|\n|-heal|p2a: Magearna|47\/100 par|[from] item: Leftovers\n|upkeep\n|turn|19\n|\n|t:|1697676241\n|move|p1a: Giratina|Hex|p2a: Magearna\n|-damage|p2a: Magearna|13\/100 par\n|cant|p2a: Magearna|par\n|\n|-heal|p2a: Magearna|19\/100 par|[from] item: Leftovers\n|upkeep\n|turn|20\n|\n|t:|1697676244\n|cant|p1a: Giratina|par\n|move|p2a: Magearna|Draining Kiss|p1a: Giratina\n|-supereffective|p1a: Giratina\n|-damage|p1a: Giratina|80\/100 par\n|-heal|p2a: Magearna|40\/100 par|[from] drain|[of] p1a: Giratina\n|\n|-heal|p1a: Giratina|86\/100 par|[from] item: Leftovers\n|-heal|p2a: Magearna|46\/100 par|[from] item: Leftovers\n|upkeep\n|turn|21\n|\n|t:|1697676249\n|cant|p1a: Giratina|par\n|cant|p2a: Magearna|par\n|\n|-heal|p1a: Giratina|93\/100 par|[from] item: Leftovers\n|-heal|p2a: Magearna|52\/100 par|[from] item: Leftovers\n|upkeep\n|turn|22\n|\n|t:|1697676252\n|move|p1a: Giratina|Hex|p2a: Magearna\n|-damage|p2a: Magearna|20\/100 par\n|move|p2a: Magearna|Spikes|p1a: Giratina\n|-sidestart|p1: leonissenbaum|Spikes\n|\n|-heal|p1a: Giratina|99\/100 par|[from] item: Leftovers\n|-heal|p2a: Magearna|26\/100 par|[from] item: Leftovers\n|upkeep\n|turn|23\n|\n|t:|1697676255\n|move|p1a: Giratina|Hex|p2a: Magearna\n|-damage|p2a: Magearna|0 fnt\n|faint|p2a: Magearna\n|\n|-heal|p1a: Giratina|100\/100 par|[from] item: Leftovers\n|upkeep\n|\n|t:|1697676285\n|switch|p2a: Zacian|Zacian|100\/100\n|-ability|p2a: Zacian|Intrepid Sword|boost\n|-boost|p2a: Zacian|atk|1\n|turn|24\n|\n|t:|1697676290\n|switch|p1a: Dondozo|Dondozo, F|75\/100\n|-damage|p1a: Dondozo|63\/100|[from] Spikes\n|move|p2a: Zacian|Play Rough|p1a: Dondozo\n|-damage|p1a: Dondozo|45\/100\n|-damage|p2a: Zacian|84\/100|[from] item: Rocky Helmet|[of] p1a: Dondozo\n|\n|upkeep\n|turn|25\n|\n|t:|1697676303\n|switch|p2a: Arceus|Arceus-Fire|100\/100\n|-status|p2a: Arceus|psn\n|-damage|p2a: Arceus|76\/100 psn|[from] Stealth Rock\n|move|p1a: Dondozo|Rest|p1a: Dondozo\n|-status|p1a: Dondozo|slp|[from] move: Rest\n|-heal|p1a: Dondozo|100\/100 slp|[silent]\n|\n|-damage|p2a: Arceus|63\/100 psn|[from] psn\n|upkeep\n|turn|26\n|\n|t:|1697676311\n|switch|p2a: Shaymin|Shaymin-Sky|29\/100\n|-damage|p2a: Shaymin|4\/100|[from] Stealth Rock\n|cant|p1a: Dondozo|slp\n|move|p1a: Dondozo|Sleep Talk|p1a: Dondozo\n|move|p1a: Dondozo|Rest||[from]move: Sleep Talk|[still]\n|-fail|p1a: Dondozo\n|\n|upkeep\n|turn|27\n|\n|t:|1697676318\n|switch|p1a: Blissey|Blissey, F|87\/100\n|-damage|p1a: Blissey|75\/100|[from] Spikes\n|move|p2a: Shaymin|Seed Flare|p1a: Blissey\n|-damage|p1a: Blissey|57\/100\n|-unboost|p1a: Blissey|spd|2\n|\n|-heal|p1a: Blissey|63\/100|[from] item: Leftovers\n|upkeep\n|turn|28\n|\n|t:|1697676321\n|switch|p1a: Giratina|Giratina, shiny|100\/100 par\n|-damage|p1a: Giratina|88\/100 par|[from] Spikes\n|-ability|p1a: Giratina|Pressure\n|move|p2a: Shaymin|Seed Flare|p1a: Giratina\n|-resisted|p1a: Giratina\n|-damage|p1a: Giratina|75\/100 par\n|-unboost|p1a: Giratina|spd|2\n|\n|-heal|p1a: Giratina|81\/100 par|[from] item: Leftovers\n|upkeep\n|turn|29\n|\n|t:|1697676327\n|switch|p1a: Blissey|Blissey, F|63\/100\n|-damage|p1a: Blissey|51\/100|[from] Spikes\n|-activate|p2a: Shaymin|move: Struggle\n|move|p2a: Shaymin|Struggle|p1a: Blissey\n|-damage|p1a: Blissey|41\/100\n|-damage|p2a: Shaymin|0 fnt|[from] recoil\n|faint|p2a: Shaymin\n|\n|-heal|p1a: Blissey|47\/100|[from] item: Leftovers\n|upkeep\n|\n|t:|1697676335\n|switch|p2a: Arceus|Arceus-Fire|63\/100 psn\n|-damage|p2a: Arceus|38\/100 psn|[from] Stealth Rock\n|turn|30\n|\n|t:|1697676344\n|switch|p1a: Dondozo|Dondozo, F|100\/100 slp\n|-damage|p1a: Dondozo|88\/100 slp|[from] Spikes\n|move|p2a: Arceus|Flare Blitz|p1a: Dondozo\n|-resisted|p1a: Dondozo\n|-damage|p1a: Dondozo|72\/100 slp\n|-damage|p2a: Arceus|22\/100 psn|[from] item: Rocky Helmet|[of] p1a: Dondozo\n|-damage|p2a: Arceus|15\/100 psn|[from] Recoil\n|\n|-damage|p2a: Arceus|3\/100 psn|[from] psn\n|upkeep\n|turn|31\n|\n|t:|1697676350\n|move|p2a: Arceus|Taunt|p1a: Dondozo\n|-start|p1a: Dondozo|move: Taunt\n|cant|p1a: Dondozo|slp\n|cant|p1a: Dondozo|move: Taunt|Sleep Talk\n|\n|-damage|p2a: Arceus|0 fnt|[from] psn\n|faint|p2a: Arceus\n|upkeep\n|\n|t:|1697676377\n|switch|p2a: Palkia|Palkia-Origin|100\/100\n|-status|p2a: Palkia|psn\n|-damage|p2a: Palkia|88\/100 psn|[from] Stealth Rock\n|-ability|p2a: Palkia|Pressure\n|turn|32\n|\n|t:|1697676387\n|switch|p1a: Clefable|Clefable, M|100\/100\n|-damage|p1a: Clefable|88\/100|[from] Spikes\n|move|p2a: Palkia|Spacial Rend|p1a: Clefable\n|-immune|p1a: Clefable\n|\n|-heal|p1a: Clefable|94\/100|[from] item: Leftovers\n|-damage|p2a: Palkia|76\/100 psn|[from] psn\n|upkeep\n|turn|33\n|\n|t:|1697676396\n|-terastallize|p2a: Palkia|Water\n|move|p1a: Clefable|Protect|p1a: Clefable\n|-singleturn|p1a: Clefable|Protect\n|move|p2a: Palkia|Surf|p1a: Clefable\n|-activate|p1a: Clefable|move: Protect\n|\n|-heal|p1a: Clefable|99\/100|[from] item: Leftovers\n|-damage|p2a: Palkia|63\/100 psn|[from] psn\n|upkeep\n|turn|34\n|\n|t:|1697676403\n|move|p2a: Palkia|Surf|p1a: Clefable\n|-damage|p1a: Clefable|44\/100\n|move|p1a: Clefable|Amnesia|p1a: Clefable\n|-boost|p1a: Clefable|spd|2\n|\n|-heal|p1a: Clefable|50\/100|[from] item: Leftovers\n|-damage|p2a: Palkia|51\/100 psn|[from] psn\n|upkeep\n|turn|35\n|\n|t:|1697676415\n|move|p2a: Palkia|Surf|p1a: Clefable\n|-damage|p1a: Clefable|23\/100\n|move|p1a: Clefable|Wish|p1a: Clefable\n|\n|-heal|p1a: Clefable|29\/100|[from] item: Leftovers\n|-damage|p2a: Palkia|38\/100 psn|[from] psn\n|upkeep\n|turn|36\n|\n|t:|1697676421\n|switch|p2a: Zamazenta|Zamazenta-Crowned|97\/100\n|-damage|p2a: Zamazenta|94\/100|[from] Stealth Rock\n|move|p1a: Clefable|Protect||[still]\n|-fail|p1a: Clefable\n|\n|-heal|p1a: Clefable|79\/100|[from] move: Wish|[wisher] Clefable\n|-heal|p1a: Clefable|85\/100|[from] item: Leftovers\n|upkeep\n|turn|37\n|\n|t:|1697676433\n|move|p1a: Clefable|Protect|p1a: Clefable\n|-singleturn|p1a: Clefable|Protect\n|move|p2a: Zamazenta|Body Press|p1a: Clefable\n|-activate|p1a: Clefable|move: Protect\n|\n|-heal|p1a: Clefable|91\/100|[from] item: Leftovers\n|upkeep\n|turn|38\n|\n|t:|1697676437\n|switch|p1a: Dondozo|Dondozo, F|72\/100 slp\n|-damage|p1a: Dondozo|60\/100 slp|[from] Spikes\n|move|p2a: Zamazenta|Behemoth Bash|p1a: Dondozo\n|-resisted|p1a: Dondozo\n|-damage|p1a: Dondozo|51\/100 slp\n|-damage|p2a: Zamazenta|78\/100|[from] item: Rocky Helmet|[of] p1a: Dondozo\n|\n|upkeep\n|turn|39\n|\n|t:|1697676440\n|move|p2a: Zamazenta|Body Press|p1a: Dondozo\n|-damage|p1a: Dondozo|33\/100 slp\n|-damage|p2a: Zamazenta|61\/100|[from] item: Rocky Helmet|[of] p1a: Dondozo\n|-curestatus|p1a: Dondozo|slp|[msg]\n|move|p1a: Dondozo|Rest|p1a: Dondozo\n|-status|p1a: Dondozo|slp|[from] move: Rest\n|-heal|p1a: Dondozo|100\/100 slp|[silent]\n|\n|upkeep\n|turn|40\n|\n|t:|1697676449\n|move|p2a: Zamazenta|Body Press|p1a: Dondozo\n|-damage|p1a: Dondozo|82\/100 slp\n|-damage|p2a: Zamazenta|45\/100|[from] item: Rocky Helmet|[of] p1a: Dondozo\n|cant|p1a: Dondozo|slp\n|move|p1a: Dondozo|Sleep Talk|p1a: Dondozo\n|move|p1a: Dondozo|Rest||[from]move: Sleep Talk|[still]\n|-fail|p1a: Dondozo\n|\n|upkeep\n|turn|41\n|\n|t:|1697676453\n|move|p2a: Zamazenta|Body Press|p1a: Dondozo\n|-damage|p1a: Dondozo|64\/100 slp\n|-damage|p2a: Zamazenta|28\/100|[from] item: Rocky Helmet|[of] p1a: Dondozo\n|cant|p1a: Dondozo|slp\n|move|p1a: Dondozo|Sleep Talk|p1a: Dondozo\n|move|p1a: Dondozo|Rest||[from]move: Sleep Talk|[still]\n|-fail|p1a: Dondozo\n|\n|upkeep\n|turn|42\n|\n|t:|1697676458\n|move|p2a: Zamazenta|Body Press|p1a: Dondozo\n|-damage|p1a: Dondozo|46\/100 slp\n|-damage|p2a: Zamazenta|12\/100|[from] item: Rocky Helmet|[of] p1a: Dondozo\n|-curestatus|p1a: Dondozo|slp|[msg]\n|move|p1a: Dondozo|Rest|p1a: Dondozo\n|-status|p1a: Dondozo|slp|[from] move: Rest\n|-heal|p1a: Dondozo|100\/100 slp|[silent]\n|\n|upkeep\n|turn|43\n|\n|t:|1697676461\n|move|p2a: Zamazenta|Body Press|p1a: Dondozo\n|-damage|p1a: Dondozo|82\/100 slp\n|-damage|p2a: Zamazenta|0 fnt|[from] item: Rocky Helmet|[of] p1a: Dondozo\n|faint|p2a: Zamazenta\n|cant|p1a: Dondozo|slp\n|move|p1a: Dondozo|Sleep Talk|p1a: Dondozo\n|move|p1a: Dondozo|Body Press|p2: Zamazenta|[from]move: Sleep Talk|[notarget]\n|-fail|p1a: Dondozo\n|\n|upkeep\n|\n|t:|1697676464\n|switch|p2a: Palkia|Palkia-Origin, tera:Water|38\/100 psn\n|-damage|p2a: Palkia|26\/100 psn|[from] Stealth Rock\n|-ability|p2a: Palkia|Pressure\n|turn|44\n|\n|t:|1697676474\n|switch|p1a: Giratina|Giratina, shiny|81\/100 par\n|-damage|p1a: Giratina|69\/100 par|[from] Spikes\n|-ability|p1a: Giratina|Pressure\n|move|p2a: Palkia|Surf|p1a: Giratina\n|-resisted|p1a: Giratina\n|-damage|p1a: Giratina|51\/100 par\n|\n|-heal|p1a: Giratina|57\/100 par|[from] item: Leftovers\n|-damage|p2a: Palkia|14\/100 psn|[from] psn\n|upkeep\n|turn|45\n|\n|t:|1697676477\n|move|p2a: Palkia|Surf|p1a: Giratina\n|-resisted|p1a: Giratina\n|-crit|p1a: Giratina\n|-damage|p1a: Giratina|31\/100 par\n|move|p1a: Giratina|Rest|p1a: Giratina\n|-status|p1a: Giratina|slp|[from] move: Rest\n|-heal|p1a: Giratina|100\/100 slp|[silent]\n|\n|-damage|p2a: Palkia|1\/100 psn|[from] psn\n|upkeep\n|turn|46\n|\n|t:|1697676480\n|move|p2a: Palkia|Spacial Rend|p1a: Giratina\n|-supereffective|p1a: Giratina\n|-crit|p1a: Giratina\n|-damage|p1a: Giratina|9\/100 slp\n|cant|p1a: Giratina|slp\n|\n|-heal|p1a: Giratina|16\/100 slp|[from] item: Leftovers\n|-damage|p2a: Palkia|0 fnt|[from] psn\n|faint|p2a: Palkia\n|upkeep\n|\n|t:|1697676483\n|switch|p2a: Zacian|Zacian|84\/100\n|turn|47\n|c|\u2606leonissenbaum|gg\n|\n|t:|1697676486\n|move|p2a: Zacian|Play Rough|p1a: Giratina\n|-supereffective|p1a: Giratina\n|-crit|p1a: Giratina\n|-damage|p1a: Giratina|0 fnt\n|faint|p1a: Giratina\n|\n|upkeep\n|\n|t:|1697676490\n|switch|p1a: Dondozo|Dondozo, F|82\/100 slp\n|-damage|p1a: Dondozo|70\/100 slp|[from] Spikes\n|turn|48\n|c|\u2606SenkTheMoth|i shouldn't have gotten rid of arceus poison\n|c|\u2606SenkTheMoth|i forgot toxic spikes exist\n|\n|t:|1697676496\n|move|p2a: Zacian|Play Rough|p1a: Dondozo\n|-damage|p1a: Dondozo|50\/100 slp\n|-damage|p2a: Zacian|67\/100|[from] item: Rocky Helmet|[of] p1a: Dondozo\n|cant|p1a: Dondozo|slp\n|move|p1a: Dondozo|Sleep Talk|p1a: Dondozo\n|move|p1a: Dondozo|Body Press|p2a: Zacian|[from]move: Sleep Talk\n|-resisted|p2a: Zacian\n|-damage|p2a: Zacian|53\/100\n|\n|upkeep\n|turn|49\n|\n|t:|1697676499\n|move|p2a: Zacian|Play Rough|p1a: Dondozo\n|-damage|p1a: Dondozo|30\/100 slp\n|-damage|p2a: Zacian|36\/100|[from] item: Rocky Helmet|[of] p1a: Dondozo\n|-curestatus|p1a: Dondozo|slp|[msg]\n|move|p1a: Dondozo|Rest|p1a: Dondozo\n|-status|p1a: Dondozo|slp|[from] move: Rest\n|-heal|p1a: Dondozo|100\/100 slp|[silent]\n|\n|upkeep\n|turn|50\n|\n|t:|1697676505\n|move|p2a: Zacian|Play Rough|p1a: Dondozo\n|-damage|p1a: Dondozo|82\/100 slp\n|-damage|p2a: Zacian|20\/100|[from] item: Rocky Helmet|[of] p1a: Dondozo\n|cant|p1a: Dondozo|slp\n|move|p1a: Dondozo|Sleep Talk|p1a: Dondozo\n|move|p1a: Dondozo|Liquidation|p2a: Zacian|[from]move: Sleep Talk\n|-damage|p2a: Zacian|0 fnt\n|faint|p2a: Zacian\n|\n|win|leonissenbaum\n","uploadtime":1697676519,"views":25,"p1id":"leonissenbaum","p2id":"senkthemoth","formatid":"gen9ubers","rating":0,"private":0,"password":""}