{"id":"gen9ubers-1978355751","p1":"HelloThereMites","p2":"Shinigami JD","format":"[Gen 9] Ubers","log":"|j|\u2606HelloThereMites\n|j|\u2606Shinigami JD\n|t:|1698528751\n|gametype|singles\n|player|p1|HelloThereMites|riley|1114\n|player|p2|Shinigami JD|brawly|1063\n|teamsize|p1|6\n|teamsize|p2|6\n|gen|9\n|tier|[Gen 9] Ubers\n|rated|\n|rule|Sleep Clause Mod: Limit one foe put to sleep\n|rule|Species Clause: Limit one of each Pok\u00e9mon\n|rule|OHKO Clause: OHKO moves are banned\n|rule|Evasion Items Clause: Evasion items are banned\n|rule|Evasion Moves Clause: Evasion moves are banned\n|rule|Endless Battle Clause: Forcing endless battles is banned\n|rule|HP Percentage Mod: HP is shown in percentages\n|clearpoke\n|poke|p1|Ogerpon-Hearthflame, F|\n|poke|p1|Zacian-*|\n|poke|p1|Flutter Mane|\n|poke|p1|Iron Bundle|\n|poke|p1|Chien-Pao|\n|poke|p1|Koraidon|\n|poke|p2|Annihilape, M|\n|poke|p2|Arceus-Electric|\n|poke|p2|Ursaluna-Bloodmoon, M|\n|poke|p2|Regieleki|\n|poke|p2|Cinderace, F|\n|poke|p2|Zamazenta-*|\n|teampreview\n|inactive|Battle timer is ON: inactive players will automatically lose when time's up. (requested by HelloThereMites)\n|\n|t:|1698528768\n|start\n|switch|p1a: Ogerpon|Ogerpon-Hearthflame, F|100\/100\n|switch|p2a: Freddy Fazbear|Ursaluna-Bloodmoon, M|100\/100\n|-ability|p1a: Ogerpon|Mold Breaker\n|turn|1\n|\n|t:|1698528779\n|move|p1a: Ogerpon|Swords Dance|p1a: Ogerpon\n|-boost|p1a: Ogerpon|atk|2\n|move|p2a: Freddy Fazbear|Earth Power|p1a: Ogerpon\n|-damage|p1a: Ogerpon|38\/100\n|\n|upkeep\n|turn|2\n|\n|t:|1698528787\n|move|p1a: Ogerpon|Horn Leech|p2a: Freddy Fazbear\n|-supereffective|p2a: Freddy Fazbear\n|-damage|p2a: Freddy Fazbear|0 fnt\n|-heal|p1a: Ogerpon|100\/100|[from] drain|[of] p2a: Freddy Fazbear\n|faint|p2a: Freddy Fazbear\n|\n|upkeep\n|\n|t:|1698528794\n|switch|p2a: Kami Sama|Arceus-Electric, shiny|100\/100\n|turn|3\n|\n|t:|1698528801\n|move|p2a: Kami Sama|Judgment|p1a: Ogerpon\n|-resisted|p1a: Ogerpon\n|-damage|p1a: Ogerpon|72\/100\n|move|p1a: Ogerpon|Trailblaze|p2a: Kami Sama\n|-crit|p2a: Kami Sama\n|-damage|p2a: Kami Sama|32\/100\n|-boost|p1a: Ogerpon|spe|1\n|\n|upkeep\n|turn|4\n|\n|t:|1698528812\n|-terastallize|p2a: Kami Sama|Water\n|move|p1a: Ogerpon|Trailblaze|p2a: Kami Sama\n|-supereffective|p2a: Kami Sama\n|-damage|p2a: Kami Sama|0 fnt\n|-boost|p1a: Ogerpon|spe|1\n|faint|p2a: Kami Sama\n|\n|upkeep\n|\n|t:|1698528826\n|switch|p2a: Dead Fist|Annihilape, M|100\/100\n|turn|5\n|\n|t:|1698528832\n|move|p1a: Ogerpon|Horn Leech|p2a: Dead Fist\n|-damage|p2a: Dead Fist|1\/100\n|-heal|p1a: Ogerpon|100\/100|[from] drain|[of] p2a: Dead Fist\n|move|p2a: Dead Fist|Focus Blast|p1a: Ogerpon\n|-damage|p1a: Ogerpon|72\/100\n|\n|upkeep\n|turn|6\n|\n|t:|1698528841\n|switch|p2a: Zamazenta|Zamazenta-Crowned|100\/100\n|-ability|p2a: Zamazenta|Dauntless Shield|boost\n|-boost|p2a: Zamazenta|def|1\n|move|p1a: Ogerpon|Horn Leech|p2a: Zamazenta\n|-resisted|p2a: Zamazenta\n|-damage|p2a: Zamazenta|74\/100\n|-heal|p1a: Ogerpon|87\/100|[from] drain|[of] p2a: Zamazenta\n|\n|upkeep\n|turn|7\n|\n|t:|1698528856\n|-terastallize|p1a: Ogerpon|Fire\n|detailschange|p1a: Ogerpon|Ogerpon-Hearthflame-Tera, F, tera:Fire\n|-ability|p1a: Ogerpon|Embody Aspect (Hearthflame)|boost\n|-boost|p1a: Ogerpon|atk|1\n|move|p1a: Ogerpon|Ivy Cudgel|p2a: Zamazenta\n|-supereffective|p2a: Zamazenta\n|-damage|p2a: Zamazenta|0 fnt\n|faint|p2a: Zamazenta\n|\n|upkeep\n|\n|t:|1698528865\n|switch|p2a: Flash|Regieleki|100\/100\n|turn|8\n|\n|t:|1698528869\n|move|p1a: Ogerpon|Ivy Cudgel|p2a: Flash\n|-damage|p2a: Flash|0 fnt\n|faint|p2a: Flash\n|\n|upkeep\n|\n|t:|1698528874\n|switch|p2a: Suiiiiiiiii|Cinderace, F|100\/100\n|turn|9\n|\n|t:|1698528879\n|move|p1a: Ogerpon|Ivy Cudgel|p2a: Suiiiiiiiii\n|-resisted|p2a: Suiiiiiiiii\n|-damage|p2a: Suiiiiiiiii|0 fnt\n|faint|p2a: Suiiiiiiiii\n|\n|upkeep\n|\n|t:|1698528885\n|switch|p2a: Dead Fist|Annihilape, M|1\/100\n|turn|10\n|\n|t:|1698528889\n|move|p1a: Ogerpon|Ivy Cudgel|p2a: Dead Fist\n|-damage|p2a: Dead Fist|0 fnt\n|faint|p2a: Dead Fist\n|\n|win|HelloThereMites\n|raw|HelloThereMites's rating: 1114 &rarr; <strong>1135<\/strong><br \/>(+21 for winning)\n|raw|Shinigami JD's rating: 1063 &rarr; <strong>1046<\/strong><br \/>(-17 for losing)\n|c|\u2606Shinigami JD|Gg\n|c|\u2606HelloThereMites|gg\n","uploadtime":1698528900,"views":7,"p1id":"hellotheremites","p2id":"shinigamijd","formatid":"gen9ubers","rating":1046,"private":0,"password":""}