{"id":"gen9ubers-1980667876","p1":"Darthflyer","p2":"tombstoan","format":"[Gen 9] Ubers","log":"|j|\u2606Darthflyer\n|j|\u2606tombstoan\n|t:|1698810165\n|gametype|singles\n|player|p1|Darthflyer|ghetsis-gen5bw|\n|player|p2|tombstoan|lucas|\n|teamsize|p1|6\n|teamsize|p2|6\n|gen|9\n|tier|[Gen 9] Ubers\n|rule|Sleep Clause Mod: Limit one foe put to sleep\n|rule|Species Clause: Limit one of each Pok\u00e9mon\n|rule|OHKO Clause: OHKO moves are banned\n|rule|Evasion Items Clause: Evasion items are banned\n|rule|Evasion Moves Clause: Evasion moves are banned\n|rule|Endless Battle Clause: Forcing endless battles is banned\n|rule|HP Percentage Mod: HP is shown in percentages\n|clearpoke\n|poke|p1|Cyclizar, F|\n|poke|p1|Dragapult, F|\n|poke|p1|Leafeon, F|\n|poke|p1|Cinderace, F|\n|poke|p1|Florges-Orange, F|\n|poke|p1|Torkoal, M|\n|poke|p2|Annihilape, F|\n|poke|p2|Baxcalibur, M|\n|poke|p2|Espathra, F|\n|poke|p2|Garganacl, F|\n|poke|p2|Florges, F|\n|poke|p2|Clodsire, F|\n|teampreview\n|\n|t:|1698810189\n|start\n|switch|p1a: Torkoal|Torkoal, M|100\/100\n|switch|p2a: Espathra|Espathra, F|100\/100\n|-weather|SunnyDay|[from] ability: Drought|[of] p1a: Torkoal\n|turn|1\n|\n|t:|1698810206\n|switch|p1a: Florges|Florges-Orange, F, shiny|100\/100\n|move|p2a: Espathra|Calm Mind|p2a: Espathra\n|-boost|p2a: Espathra|spa|1\n|-boost|p2a: Espathra|spd|1\n|\n|-weather|SunnyDay|[upkeep]\n|-ability|p2a: Espathra|Speed Boost|boost\n|-boost|p2a: Espathra|spe|1\n|upkeep\n|turn|2\n|\n|t:|1698810220\n|move|p2a: Espathra|Calm Mind|p2a: Espathra\n|-boost|p2a: Espathra|spa|1\n|-boost|p2a: Espathra|spd|1\n|move|p1a: Florges|Moonblast|p2a: Espathra\n|-damage|p2a: Espathra|71\/100\n|\n|-weather|SunnyDay|[upkeep]\n|-ability|p2a: Espathra|Speed Boost|boost\n|-boost|p2a: Espathra|spe|1\n|upkeep\n|turn|3\n|\n|t:|1698810232\n|move|p2a: Espathra|Calm Mind|p2a: Espathra\n|-boost|p2a: Espathra|spa|1\n|-boost|p2a: Espathra|spd|1\n|move|p1a: Florges|Moonblast|p2a: Espathra\n|-damage|p2a: Espathra|46\/100\n|-unboost|p2a: Espathra|spa|1\n|-enditem|p2a: Espathra|Sitrus Berry|[eat]\n|-heal|p2a: Espathra|71\/100|[from] item: Sitrus Berry\n|\n|-weather|SunnyDay|[upkeep]\n|-ability|p2a: Espathra|Speed Boost|boost\n|-boost|p2a: Espathra|spe|1\n|upkeep\n|turn|4\n|\n|t:|1698810247\n|move|p2a: Espathra|Stored Power|p1a: Florges\n|-damage|p1a: Florges|43\/100\n|move|p1a: Florges|Moonblast|p2a: Espathra\n|-damage|p2a: Espathra|46\/100\n|\n|-weather|SunnyDay|[upkeep]\n|-ability|p2a: Espathra|Speed Boost|boost\n|-boost|p2a: Espathra|spe|1\n|upkeep\n|turn|5\n|\n|t:|1698810260\n|move|p2a: Espathra|Roost|p2a: Espathra\n|-heal|p2a: Espathra|96\/100\n|-singleturn|p2a: Espathra|move: Roost\n|move|p1a: Florges|Moonblast|p2a: Espathra\n|-damage|p2a: Espathra|73\/100\n|\n|-weather|SunnyDay|[upkeep]\n|-ability|p2a: Espathra|Speed Boost|boost\n|-boost|p2a: Espathra|spe|1\n|upkeep\n|turn|6\n|\n|t:|1698810274\n|move|p2a: Espathra|Stored Power|p1a: Florges\n|-damage|p1a: Florges|0 fnt\n|faint|p1a: Florges\n|\n|-weather|SunnyDay|[upkeep]\n|-ability|p2a: Espathra|Speed Boost|boost\n|-boost|p2a: Espathra|spe|1\n|upkeep\n|\n|t:|1698810281\n|switch|p1a: Cyclizar|Cyclizar, F|100\/100\n|turn|7\n|\n|t:|1698810293\n|move|p2a: Espathra|Dazzling Gleam|p1a: Cyclizar\n|-supereffective|p1a: Cyclizar\n|-damage|p1a: Cyclizar|0 fnt\n|faint|p1a: Cyclizar\n|\n|-weather|SunnyDay|[upkeep]\n|upkeep\n|\n|t:|1698810304\n|switch|p1a: Cinderace|Cinderace, F|100\/100\n|turn|8\n|\n|t:|1698810316\n|move|p2a: Espathra|Roost|p2a: Espathra\n|-heal|p2a: Espathra|100\/100\n|-singleturn|p2a: Espathra|move: Roost\n|move|p1a: Cinderace|Pyro Ball|p2a: Espathra\n|-damage|p2a: Espathra|18\/100\n|\n|-weather|none\n|upkeep\n|turn|9\n|\n|t:|1698810336\n|move|p2a: Espathra|Stored Power|p1a: Cinderace\n|-damage|p1a: Cinderace|0 fnt\n|faint|p1a: Cinderace\n|\n|upkeep\n|\n|t:|1698810341\n|switch|p1a: Torkoal|Torkoal, M|100\/100\n|-weather|SunnyDay|[from] ability: Drought|[of] p1a: Torkoal\n|turn|10\n|\n|t:|1698810347\n|-terastallize|p1a: Torkoal|Grass\n|move|p2a: Espathra|Stored Power|p1a: Torkoal\n|-damage|p1a: Torkoal|0 fnt\n|faint|p1a: Torkoal\n|\n|-weather|SunnyDay|[upkeep]\n|upkeep\n|\n|t:|1698810355\n|switch|p1a: Leafeon|Leafeon, F, shiny|100\/100\n|turn|11\n|\n|t:|1698810362\n|move|p2a: Espathra|Stored Power|p1a: Leafeon\n|-damage|p1a: Leafeon|0 fnt\n|faint|p1a: Leafeon\n|\n|-weather|SunnyDay|[upkeep]\n|upkeep\n|\n|t:|1698810368\n|switch|p1a: Dragapult|Dragapult, F|100\/100\n|turn|12\n|\n|t:|1698810375\n|move|p2a: Espathra|Stored Power|p1a: Dragapult\n|-damage|p1a: Dragapult|0 fnt\n|faint|p1a: Dragapult\n|\n|win|tombstoan\n","uploadtime":1698810382,"views":19,"p1id":"darthflyer","p2id":"tombstoan","formatid":"gen9ubers","rating":0,"private":0,"password":""}