{"id":"gen9ubers-1999163004","p1":"SunShinyReys","p2":"Superison","format":"[Gen 9] Ubers","log":"|j|\u2606SunShinyReys\n|j|\u2606Superison\n|t:|1701040116\n|gametype|singles\n|player|p1|SunShinyReys|burglar|\n|player|p2|Superison|266|\n|teamsize|p1|6\n|teamsize|p2|6\n|gen|9\n|tier|[Gen 9] Ubers\n|rule|Sleep Clause Mod: Limit one foe put to sleep\n|rule|Species Clause: Limit one of each Pok\u00e9mon\n|rule|OHKO Clause: OHKO moves are banned\n|rule|Evasion Items Clause: Evasion items are banned\n|rule|Evasion Moves Clause: Evasion moves are banned\n|rule|Endless Battle Clause: Forcing endless battles is banned\n|rule|HP Percentage Mod: HP is shown in percentages\n|clearpoke\n|poke|p1|Chi-Yu|\n|poke|p1|Scizor, M|\n|poke|p1|Slowking, M|\n|poke|p1|Dragonite, F|\n|poke|p1|Blissey, F|\n|poke|p1|Maushold|\n|poke|p2|Sneasler, F|\n|poke|p2|Samurott-Hisui, M|\n|poke|p2|Rillaboom, F|\n|poke|p2|Goodra, F|\n|poke|p2|Regieleki|\n|poke|p2|Cloyster, M|\n|teampreview\n|j| Ghantist\n|\n|t:|1701040183\n|start\n|switch|p1a: Mouse Mafia|Maushold|100\/100\n|switch|p2a: Samurott|Samurott-Hisui, M|100\/100\n|turn|1\n|\n|t:|1701040194\n|move|p1a: Mouse Mafia|Population Bomb|p2a: Samurott\n|-damage|p2a: Samurott|86\/100\n|-damage|p2a: Samurott|72\/100\n|-damage|p2a: Samurott|58\/100\n|-damage|p2a: Samurott|44\/100\n|-damage|p2a: Samurott|31\/100\n|-damage|p2a: Samurott|17\/100\n|-damage|p2a: Samurott|3\/100\n|-damage|p2a: Samurott|0 fnt\n|faint|p2a: Samurott\n|-hitcount|p2: Samurott|8\n|\n|upkeep\n|\n|t:|1701040205\n|switch|p2a: Rillaboom|Rillaboom, F|100\/100\n|-fieldstart|move: Grassy Terrain|[from] ability: Grassy Surge|[of] p2a: Rillaboom\n|turn|2\n|c|\u2606Superison|D:\n|\n|t:|1701040214\n|move|p1a: Mouse Mafia|Population Bomb|p2a: Rillaboom\n|-damage|p2a: Rillaboom|93\/100\n|-damage|p2a: Rillaboom|86\/100\n|-damage|p2a: Rillaboom|79\/100\n|-damage|p2a: Rillaboom|72\/100\n|-damage|p2a: Rillaboom|65\/100\n|-damage|p2a: Rillaboom|57\/100\n|-damage|p2a: Rillaboom|50\/100\n|-damage|p2a: Rillaboom|42\/100\n|-damage|p2a: Rillaboom|35\/100\n|-damage|p2a: Rillaboom|28\/100\n|-hitcount|p2a: Rillaboom|10\n|-enditem|p2a: Rillaboom|Eject Button\n|\n|t:|1701040226\n|switch|p2a: Sneasler|Sneasler, F|100\/100\n|-enditem|p2a: Sneasler|Grassy Seed\n|-boost|p2a: Sneasler|def|1|[from] item: Grassy Seed\n|\n|upkeep\n|turn|3\n|\n|t:|1701040262\n|move|p1a: Mouse Mafia|Protect|p1a: Mouse Mafia\n|-singleturn|p1a: Mouse Mafia|Protect\n|move|p2a: Sneasler|Swords Dance|p2a: Sneasler\n|-boost|p2a: Sneasler|atk|2\n|\n|upkeep\n|turn|4\n|\n|t:|1701040277\n|move|p2a: Sneasler|Acrobatics|p1a: Mouse Mafia\n|-damage|p1a: Mouse Mafia|0 fnt\n|faint|p1a: Mouse Mafia\n|\n|upkeep\n|\n|t:|1701040372\n|switch|p1a: ScaldKing|Slowking, M|100\/100\n|turn|5\n|\n|t:|1701040387\n|move|p2a: Sneasler|Dire Claw|p1a: ScaldKing\n|-damage|p1a: ScaldKing|29\/100\n|-status|p1a: ScaldKing|slp\n|cant|p1a: ScaldKing|slp\n|\n|-heal|p1a: ScaldKing|35\/100 slp|[from] Grassy Terrain\n|upkeep\n|turn|6\n|\n|t:|1701040413\n|switch|p1a: Iron Man|Scizor, M|100\/100\n|move|p2a: Sneasler|Acrobatics|p1a: Iron Man\n|-damage|p1a: Iron Man|21\/100\n|\n|-heal|p1a: Iron Man|27\/100|[from] Grassy Terrain\n|-fieldend|move: Grassy Terrain\n|upkeep\n|turn|7\n|\n|t:|1701040425\n|move|p1a: Iron Man|Bullet Punch|p2a: Sneasler\n|-damage|p2a: Sneasler|62\/100\n|move|p2a: Sneasler|Acrobatics|p1a: Iron Man\n|-damage|p1a: Iron Man|0 fnt\n|faint|p1a: Iron Man\n|\n|upkeep\n|\n|t:|1701040442\n|switch|p1a: Arlo|Dragonite, F|100\/100\n|turn|8\n|\n|t:|1701040446\n|move|p2a: Sneasler|Dire Claw|p1a: Arlo\n|-damage|p1a: Arlo|49\/100\n|-status|p1a: Arlo|psn\n|move|p1a: Arlo|Earthquake|p2a: Sneasler\n|-supereffective|p2a: Sneasler\n|-damage|p2a: Sneasler|0 fnt\n|faint|p2a: Sneasler\n|\n|-damage|p1a: Arlo|37\/100 psn|[from] psn\n|upkeep\n|\n|t:|1701040461\n|switch|p2a: Rillaboom|Rillaboom, F|28\/100\n|-fieldstart|move: Grassy Terrain|[from] ability: Grassy Surge|[of] p2a: Rillaboom\n|turn|9\n|\n|t:|1701040468\n|move|p1a: Arlo|Extreme Speed|p2a: Rillaboom\n|-damage|p2a: Rillaboom|6\/100\n|move|p2a: Rillaboom|Knock Off|p1a: Arlo\n|-damage|p1a: Arlo|8\/100 psn\n|-enditem|p1a: Arlo|Heavy-Duty Boots|[from] move: Knock Off|[of] p2a: Rillaboom\n|\n|-heal|p2a: Rillaboom|12\/100|[from] Grassy Terrain\n|-damage|p1a: Arlo|0 fnt|[from] psn\n|faint|p1a: Arlo\n|upkeep\n|\n|t:|1701040522\n|switch|p1a: Nurse|Blissey, F|100\/100\n|turn|10\n|\n|t:|1701040554\n|move|p2a: Rillaboom|U-turn|p1a: Nurse\n|-damage|p1a: Nurse|83\/100\n|\n|t:|1701040557\n|switch|p2a: Regieleki|Regieleki|100\/100|[from] U-turn\n|move|p1a: Nurse|Thunder Wave|p2a: Regieleki\n|-immune|p2a: Regieleki\n|\n|-heal|p1a: Nurse|89\/100|[from] Grassy Terrain\n|-heal|p1a: Nurse|95\/100|[from] item: Leftovers\n|upkeep\n|turn|11\n|\n|t:|1701040575\n|move|p2a: Regieleki|Thunder Wave|p1a: Nurse|[miss]\n|-miss|p2a: Regieleki|p1a: Nurse\n|move|p1a: Nurse|Seismic Toss|p2a: Regieleki\n|-damage|p2a: Regieleki|67\/100\n|\n|-heal|p2a: Regieleki|73\/100|[from] Grassy Terrain\n|-heal|p1a: Nurse|100\/100|[from] Grassy Terrain\n|upkeep\n|turn|12\n|\n|t:|1701040594\n|move|p2a: Regieleki|Thunder Wave|p1a: Nurse\n|-status|p1a: Nurse|par\n|move|p1a: Nurse|Stealth Rock|p2a: Regieleki\n|-sidestart|p2: Superison|move: Stealth Rock\n|\n|-heal|p2a: Regieleki|79\/100|[from] Grassy Terrain\n|upkeep\n|turn|13\n|\n|t:|1701040600\n|move|p2a: Regieleki|Volt Switch|p1a: Nurse\n|-damage|p1a: Nurse|82\/100 par\n|\n|t:|1701040603\n|switch|p2a: Rillaboom|Rillaboom, F|12\/100|[from] Volt Switch\n|-damage|p2a: Rillaboom|0 fnt|[from] Stealth Rock\n|faint|p2a: Rillaboom\n|move|p1a: Nurse|Seismic Toss|p2: Rillaboom|[notarget]\n|-fail|p1a: Nurse\n|\n|-heal|p1a: Nurse|88\/100 par|[from] Grassy Terrain\n|-heal|p1a: Nurse|95\/100 par|[from] item: Leftovers\n|-fieldend|move: Grassy Terrain\n|upkeep\n|\n|t:|1701040620\n|switch|p2a: Cloyster|Cloyster, M|100\/100\n|-damage|p2a: Cloyster|76\/100|[from] Stealth Rock\n|turn|14\n|\n|t:|1701040624\n|move|p2a: Cloyster|Shell Smash|p2a: Cloyster\n|-unboost|p2a: Cloyster|def|1\n|-unboost|p2a: Cloyster|spd|1\n|-boost|p2a: Cloyster|atk|2\n|-boost|p2a: Cloyster|spa|2\n|-boost|p2a: Cloyster|spe|2\n|cant|p1a: Nurse|par\n|\n|-heal|p1a: Nurse|100\/100 par|[from] item: Leftovers\n|upkeep\n|turn|15\n|\n|t:|1701040661\n|move|p2a: Cloyster|Icicle Spear|p1a: Nurse\n|-damage|p1a: Nurse|80\/100 par\n|-damage|p1a: Nurse|59\/100 par\n|-damage|p1a: Nurse|39\/100 par\n|-damage|p1a: Nurse|19\/100 par\n|-damage|p1a: Nurse|0 fnt\n|faint|p1a: Nurse\n|-hitcount|p1: Nurse|5\n|\n|upkeep\n|\n|t:|1701040675\n|switch|p1a: Ghoti|Chi-Yu|100\/100\n|-ability|p1a: Ghoti|Beads of Ruin\n|turn|16\n|\n|t:|1701040691\n|move|p1a: Ghoti|Dark Pulse|p2a: Cloyster\n|-damage|p2a: Cloyster|0 fnt\n|faint|p2a: Cloyster\n|\n|upkeep\n|\n|t:|1701040697\n|switch|p2a: Goodra|Goodra, F|100\/100\n|-damage|p2a: Goodra|88\/100|[from] Stealth Rock\n|turn|17\n|\n|t:|1701040705\n|move|p1a: Ghoti|Dark Pulse|p2a: Goodra\n|-damage|p2a: Goodra|69\/100\n|move|p2a: Goodra|Knock Off|p1a: Ghoti\n|-resisted|p1a: Ghoti\n|-damage|p1a: Ghoti|81\/100\n|-enditem|p1a: Ghoti|Choice Scarf|[from] move: Knock Off|[of] p2a: Goodra\n|\n|upkeep\n|turn|18\n|\n|t:|1701040781\n|move|p1a: Ghoti|Dark Pulse|p2a: Goodra\n|-damage|p2a: Goodra|51\/100\n|move|p2a: Goodra|Draco Meteor|p1a: Ghoti\n|-damage|p1a: Ghoti|20\/100\n|-unboost|p2a: Goodra|spa|2\n|\n|upkeep\n|turn|19\n|\n|t:|1701040808\n|switch|p1a: ScaldKing|Slowking, M|68\/100 slp\n|move|p2a: Goodra|Earthquake|p1a: ScaldKing\n|-damage|p1a: ScaldKing|53\/100 slp\n|\n|upkeep\n|turn|20\n|\n|t:|1701040815\n|move|p2a: Goodra|Earthquake|p1a: ScaldKing\n|-damage|p1a: ScaldKing|35\/100 slp\n|cant|p1a: ScaldKing|slp\n|\n|upkeep\n|turn|21\n|\n|t:|1701040820\n|move|p2a: Goodra|Knock Off|p1a: ScaldKing\n|-supereffective|p1a: ScaldKing\n|-damage|p1a: ScaldKing|2\/100 slp\n|-enditem|p1a: ScaldKing|Heavy-Duty Boots|[from] move: Knock Off|[of] p2a: Goodra\n|-curestatus|p1a: ScaldKing|slp|[msg]\n|move|p1a: ScaldKing|Slack Off|p1a: ScaldKing\n|-heal|p1a: ScaldKing|52\/100\n|\n|upkeep\n|turn|22\n|\n|t:|1701040828\n|move|p2a: Goodra|Earthquake|p1a: ScaldKing\n|-damage|p1a: ScaldKing|36\/100\n|move|p1a: ScaldKing|Slack Off|p1a: ScaldKing\n|-heal|p1a: ScaldKing|86\/100\n|\n|upkeep\n|turn|23\n|\n|t:|1701040836\n|move|p2a: Goodra|Earthquake|p1a: ScaldKing\n|-damage|p1a: ScaldKing|68\/100\n|move|p1a: ScaldKing|Ice Beam|p2a: Goodra\n|-supereffective|p2a: Goodra\n|-damage|p2a: Goodra|38\/100\n|\n|upkeep\n|turn|24\n|\n|t:|1701040845\n|move|p2a: Goodra|Earthquake|p1a: ScaldKing\n|-damage|p1a: ScaldKing|52\/100\n|move|p1a: ScaldKing|Ice Beam|p2a: Goodra\n|-supereffective|p2a: Goodra\n|-damage|p2a: Goodra|25\/100\n|\n|upkeep\n|turn|25\n|\n|t:|1701040851\n|move|p2a: Goodra|Earthquake|p1a: ScaldKing\n|-damage|p1a: ScaldKing|35\/100\n|move|p1a: ScaldKing|Slack Off|p1a: ScaldKing\n|-heal|p1a: ScaldKing|85\/100\n|\n|upkeep\n|turn|26\n|\n|t:|1701040860\n|move|p2a: Goodra|Earthquake|p1a: ScaldKing\n|-damage|p1a: ScaldKing|69\/100\n|move|p1a: ScaldKing|Ice Beam|p2a: Goodra\n|-supereffective|p2a: Goodra\n|-damage|p2a: Goodra|11\/100\n|\n|upkeep\n|turn|27\n|\n|t:|1701040867\n|move|p2a: Goodra|Earthquake|p1a: ScaldKing\n|-damage|p1a: ScaldKing|53\/100\n|move|p1a: ScaldKing|Slack Off|p1a: ScaldKing\n|-heal|p1a: ScaldKing|100\/100\n|\n|upkeep\n|turn|28\n|\n|t:|1701040872\n|move|p2a: Goodra|Earthquake|p1a: ScaldKing\n|-damage|p1a: ScaldKing|84\/100\n|move|p1a: ScaldKing|Scald|p2a: Goodra\n|-resisted|p2a: Goodra\n|-damage|p2a: Goodra|7\/100\n|-status|p2a: Goodra|brn\n|\n|-damage|p2a: Goodra|0 fnt|[from] brn\n|faint|p2a: Goodra\n|upkeep\n|\n|t:|1701040874\n|switch|p2a: Regieleki|Regieleki|79\/100\n|-damage|p2a: Regieleki|67\/100|[from] Stealth Rock\n|turn|29\n|\n|t:|1701040888\n|move|p2a: Regieleki|Thunderbolt|p1a: ScaldKing\n|-supereffective|p1a: ScaldKing\n|-damage|p1a: ScaldKing|0 fnt\n|faint|p1a: ScaldKing\n|\n|upkeep\n|\n|t:|1701040893\n|switch|p1a: Ghoti|Chi-Yu|20\/100\n|-ability|p1a: Ghoti|Beads of Ruin\n|turn|30\n|\n|t:|1701040901\n|move|p2a: Regieleki|Thunderbolt|p1a: Ghoti\n|-damage|p1a: Ghoti|0 fnt\n|faint|p1a: Ghoti\n|\n|win|Superison\n|c|\u2606Superison|ggs\n|c|\u2606SunShinyReys|you get the replay\n|l|\u2606SunShinyReys\n|c|\u2606Superison|kk\n","uploadtime":1701040916,"views":27,"p1id":"sunshinyreys","p2id":"superison","formatid":"gen9ubers","rating":0,"private":0,"password":""}