{"id":"gen9ubers-1980295724","p1":"Dragon Master Rosa","p2":"N-Zoroark stan","format":"[Gen 9] Ubers","log":"|j|\u2606Dragon Master Rosa\n|j|\u2606N-Zoroark stan\n|t:|1698773161\n|gametype|singles\n|player|p1|Dragon Master Rosa|dragontamer-gen9|\n|player|p2|N-Zoroark stan|riley|\n|teamsize|p1|6\n|teamsize|p2|6\n|gen|9\n|tier|[Gen 9] Ubers\n|rule|Sleep Clause Mod: Limit one foe put to sleep\n|rule|Species Clause: Limit one of each Pok\u00e9mon\n|rule|OHKO Clause: OHKO moves are banned\n|rule|Evasion Items Clause: Evasion items are banned\n|rule|Evasion Moves Clause: Evasion moves are banned\n|rule|Endless Battle Clause: Forcing endless battles is banned\n|rule|HP Percentage Mod: HP is shown in percentages\n|clearpoke\n|poke|p1|Infernape, M|\n|poke|p1|Landorus-Therian, M|\n|poke|p1|Palafin, F|\n|poke|p1|Slowking-Galar, M|\n|poke|p1|Toedscruel, M|\n|poke|p1|Empoleon, M|\n|poke|p2|Zoroark-Hisui, M|\n|poke|p2|Toedscruel, M|\n|poke|p2|Blissey, F|\n|poke|p2|Palafin, F|\n|poke|p2|Slowking-Galar, F|\n|poke|p2|Infernape, M|\n|teampreview\n|inactive|Battle timer is ON: inactive players will automatically lose when time's up. (requested by N-Zoroark stan)\n|c|\u2606N-Zoroark stan|glhf\n|c|\u2606Dragon Master Rosa|glhf\n|inactive|Dragon Master Rosa has 270 seconds left.\n|inactive|Dragon Master Rosa has 240 seconds left.\n|\n|t:|1698773223\n|start\n|switch|p1a: Empoleon|Empoleon, M|100\/100\n|switch|p2a: Palafin|Palafin, F|100\/100\n|turn|1\n|\n|t:|1698773227\n|-terastallize|p2a: Palafin|Ghost\n|move|p2a: Palafin|Poltergeist|p1a: Empoleon|[miss]\n|-miss|p2a: Palafin|p1a: Empoleon\n|move|p1a: Empoleon|Stealth Rock|p2a: Palafin\n|-sidestart|p2: N-Zoroark stan|move: Stealth Rock\n|\n|upkeep\n|turn|2\n|c|\u2606N-Zoroark stan|epic\n|c|\u2606Dragon Master Rosa|goddamn this mon can't see\n|\n|t:|1698773243\n|switch|p1a: Landorus|Landorus-Therian, M|100\/100\n|-ability|p1a: Landorus|Intimidate|boost\n|-unboost|p2a: Palafin|atk|1\n|move|p2a: Palafin|Poltergeist|p1a: Landorus\n|-activate|p1a: Landorus|move: Poltergeist|Leftovers\n|-damage|p1a: Landorus|33\/100\n|\n|-heal|p1a: Landorus|39\/100|[from] item: Leftovers\n|upkeep\n|turn|3\n|\n|t:|1698773249\n|switch|p1a: Empoleon|Empoleon, M|100\/100\n|move|p2a: Palafin|Poltergeist|p1a: Empoleon\n|-activate|p1a: Empoleon|move: Poltergeist|Leftovers\n|-damage|p1a: Empoleon|52\/100\n|\n|-heal|p1a: Empoleon|58\/100|[from] item: Leftovers\n|upkeep\n|turn|4\n|\n|t:|1698773255\n|switch|p2a: Palafin|Palafin, F|100\/100\n|-damage|p2a: Palafin|88\/100|[from] Stealth Rock\n|move|p1a: Empoleon|Roost|p1a: Empoleon\n|-heal|p1a: Empoleon|100\/100\n|-singleturn|p1a: Empoleon|move: Roost\n|\n|upkeep\n|turn|5\n|\n|t:|1698773261\n|detailschange|p2a: Palafin|Palafin-Hero, F\n|switch|p2a: Slowking|Slowking-Galar, F|100\/100\n|move|p1a: Empoleon|Knock Off|p2a: Slowking\n|-supereffective|p2a: Slowking\n|-damage|p2a: Slowking|73\/100\n|-enditem|p2a: Slowking|Heavy-Duty Boots|[from] move: Knock Off|[of] p1a: Empoleon\n|\n|upkeep\n|turn|6\n|\n|t:|1698773265\n|move|p1a: Empoleon|Flip Turn|p2a: Slowking\n|-damage|p2a: Slowking|59\/100\n|\n|t:|1698773268\n|switch|p1a: Palafin|Palafin, F|100\/100|[from] Flip Turn\n|move|p2a: Slowking|Chilly Reception|p2a: Slowking\n|-weather|Snow\n|\n|t:|1698773271\n|switch|p2a: Toedscruel|Toedscruel, M|100\/100|[from] Chilly Reception\n|\n|-weather|Snow|[upkeep]\n|upkeep\n|turn|7\n|\n|t:|1698773281\n|detailschange|p1a: Palafin|Palafin-Hero, F\n|switch|p1a: Infernape|Infernape, M|100\/100\n|move|p2a: Toedscruel|Rapid Spin|p1a: Infernape\n|-damage|p1a: Infernape|86\/100\n|-boost|p2a: Toedscruel|spe|1\n|-sideend|p2: N-Zoroark stan|Stealth Rock|[from] move: Rapid Spin|[of] p2a: Toedscruel\n|\n|-weather|Snow|[upkeep]\n|upkeep\n|turn|8\n|\n|t:|1698773289\n|switch|p2a: Slowking|Slowking-Galar, F|92\/100\n|move|p1a: Infernape|U-turn|p2a: Slowking\n|-damage|p2a: Slowking|78\/100\n|\n|t:|1698773294\n|switch|p1a: Empoleon|Empoleon, M|100\/100|[from] U-turn\n|\n|-weather|Snow|[upkeep]\n|upkeep\n|turn|9\n|\n|t:|1698773299\n|move|p1a: Empoleon|Stealth Rock|p2a: Slowking\n|-sidestart|p2: N-Zoroark stan|move: Stealth Rock\n|move|p2a: Slowking|Chilly Reception|p2a: Slowking\n|\n|t:|1698773301\n|switch|p2a: Toedscruel|Toedscruel, M|100\/100|[from] Chilly Reception\n|\n|-weather|Snow|[upkeep]\n|upkeep\n|turn|10\n|\n|t:|1698773304\n|move|p2a: Toedscruel|Rapid Spin|p1a: Empoleon\n|-resisted|p1a: Empoleon\n|-damage|p1a: Empoleon|97\/100\n|-boost|p2a: Toedscruel|spe|1\n|-sideend|p2: N-Zoroark stan|Stealth Rock|[from] move: Rapid Spin|[of] p2a: Toedscruel\n|move|p1a: Empoleon|Knock Off|p2a: Toedscruel\n|-damage|p2a: Toedscruel|84\/100\n|-enditem|p2a: Toedscruel|Heavy-Duty Boots|[from] move: Knock Off|[of] p1a: Empoleon\n|\n|-weather|none\n|-heal|p1a: Empoleon|100\/100|[from] item: Leftovers\n|upkeep\n|turn|11\n|\n|t:|1698773307\n|move|p2a: Toedscruel|Knock Off|p1a: Empoleon\n|-damage|p1a: Empoleon|88\/100\n|-enditem|p1a: Empoleon|Leftovers|[from] move: Knock Off|[of] p2a: Toedscruel\n|move|p1a: Empoleon|Flip Turn|p2a: Toedscruel\n|-damage|p2a: Toedscruel|68\/100\n|\n|t:|1698773311\n|switch|p1a: Infernape|Infernape, M|86\/100|[from] Flip Turn\n|\n|upkeep\n|turn|12\n|\n|t:|1698773315\n|switch|p2a: Slowking|Slowking-Galar, F|100\/100\n|move|p1a: Infernape|U-turn|p2a: Slowking\n|-damage|p2a: Slowking|87\/100\n|\n|t:|1698773319\n|switch|p1a: Landorus|Landorus-Therian, M|39\/100|[from] U-turn\n|-ability|p1a: Landorus|Intimidate|boost\n|-unboost|p2a: Slowking|atk|1\n|\n|-heal|p1a: Landorus|45\/100|[from] item: Leftovers\n|upkeep\n|turn|13\n|\n|t:|1698773322\n|move|p1a: Landorus|Substitute|p1a: Landorus\n|-start|p1a: Landorus|Substitute\n|-damage|p1a: Landorus|20\/100\n|move|p2a: Slowking|Chilly Reception|p2a: Slowking\n|-weather|Snow\n|\n|t:|1698773324\n|switch|p2a: Palafin|Palafin-Hero, F|88\/100|[from] Chilly Reception\n|-activate|p2a: Palafin|ability: Zero to Hero\n|\n|-weather|Snow|[upkeep]\n|-heal|p1a: Landorus|26\/100|[from] item: Leftovers\n|upkeep\n|turn|14\n|c|\u2606N-Zoroark stan|agency agency\n|\n|t:|1698773346\n|move|p2a: Palafin|Boomburst|p1a: Landorus\n|-damage|p1a: Landorus|0 fnt\n|faint|p1a: Landorus\n|\n|-weather|Snow|[upkeep]\n|upkeep\n|\n|t:|1698773350\n|switch|p1a: Empoleon|Empoleon, M|88\/100\n|turn|15\n|c|\u2606N-Zoroark stan|baited\n|\n|t:|1698773359\n|switch|p2a: Slowking|Slowking-Galar, F|100\/100\n|move|p1a: Empoleon|Knock Off|p2a: Slowking\n|-supereffective|p2a: Slowking\n|-damage|p2a: Slowking|79\/100\n|\n|-weather|Snow|[upkeep]\n|upkeep\n|turn|16\n|\n|t:|1698773363\n|move|p1a: Empoleon|Stealth Rock|p2a: Slowking\n|-sidestart|p2: N-Zoroark stan|move: Stealth Rock\n|move|p2a: Slowking|Chilly Reception|p2a: Slowking\n|\n|t:|1698773366\n|switch|p2a: Toedscruel|Toedscruel, M|68\/100|[from] Chilly Reception\n|-damage|p2a: Toedscruel|62\/100|[from] Stealth Rock\n|\n|-weather|Snow|[upkeep]\n|upkeep\n|turn|17\n|\n|t:|1698773369\n|move|p2a: Toedscruel|Rapid Spin|p1a: Empoleon\n|-resisted|p1a: Empoleon\n|-damage|p1a: Empoleon|84\/100\n|-boost|p2a: Toedscruel|spe|1\n|-sideend|p2: N-Zoroark stan|Stealth Rock|[from] move: Rapid Spin|[of] p2a: Toedscruel\n|move|p1a: Empoleon|Flip Turn|p2a: Toedscruel\n|-damage|p2a: Toedscruel|47\/100\n|\n|t:|1698773372\n|switch|p1a: Infernape|Infernape, M|86\/100|[from] Flip Turn\n|\n|-weather|none\n|upkeep\n|turn|18\n|\n|t:|1698773377\n|switch|p2a: Slowking|Slowking-Galar, F|100\/100\n|move|p1a: Infernape|U-turn|p2a: Slowking\n|-damage|p2a: Slowking|86\/100\n|\n|t:|1698773395\n|switch|p1a: Palafin|Palafin-Hero, F|100\/100|[from] U-turn\n|-activate|p1a: Palafin|ability: Zero to Hero\n|\n|upkeep\n|turn|19\n|\n|t:|1698773407\n|switch|p1a: Empoleon|Empoleon, M|84\/100\n|switch|p2a: Blissey|Blissey, F|100\/100\n|\n|upkeep\n|turn|20\n|\n|t:|1698773413\n|switch|p2a: Slowking|Slowking-Galar, F|100\/100\n|move|p1a: Empoleon|Knock Off|p2a: Slowking\n|-supereffective|p2a: Slowking\n|-damage|p2a: Slowking|82\/100\n|\n|upkeep\n|turn|21\n|\n|t:|1698773418\n|move|p1a: Empoleon|Flip Turn|p2a: Slowking\n|-damage|p2a: Slowking|68\/100\n|\n|t:|1698773421\n|switch|p1a: Palafin|Palafin-Hero, F|100\/100|[from] Flip Turn\n|move|p2a: Slowking|Chilly Reception|p2a: Slowking\n|-weather|Snow\n|\n|t:|1698773427\n|switch|p2a: Blissey|Blissey, F|100\/100|[from] Chilly Reception\n|\n|-weather|Snow|[upkeep]\n|upkeep\n|turn|22\n|\n|t:|1698773448\n|switch|p1a: Toedscruel|Toedscruel, M|100\/100\n|move|p2a: Blissey|Stealth Rock|p1a: Toedscruel\n|-sidestart|p1: Dragon Master Rosa|move: Stealth Rock\n|\n|-weather|Snow|[upkeep]\n|upkeep\n|turn|23\n|\n|t:|1698773453\n|switch|p2a: Slowking|Slowking-Galar, F|100\/100\n|move|p1a: Toedscruel|Knock Off|p2a: Slowking\n|-supereffective|p2a: Slowking\n|-damage|p2a: Slowking|84\/100\n|\n|-weather|Snow|[upkeep]\n|upkeep\n|turn|24\n|\n|t:|1698773456\n|move|p1a: Toedscruel|Rapid Spin|p2a: Slowking\n|-damage|p2a: Slowking|78\/100\n|-boost|p1a: Toedscruel|spe|1\n|-sideend|p1: Dragon Master Rosa|Stealth Rock|[from] move: Rapid Spin|[of] p1a: Toedscruel\n|move|p2a: Slowking|Chilly Reception|p2a: Slowking\n|\n|t:|1698773460\n|switch|p2a: Infernape|Infernape, M|100\/100|[from] Chilly Reception\n|\n|-weather|Snow|[upkeep]\n|upkeep\n|turn|25\n|\n|t:|1698773463\n|switch|p1a: Slowking|Slowking-Galar, M|100\/100\n|move|p2a: Infernape|U-turn|p1a: Slowking\n|-damage|p1a: Slowking|85\/100\n|\n|t:|1698773466\n|switch|p2a: Infernape|Infernape, M, tera:Ghost|100\/100|[from] U-turn\n|\n|-weather|none\n|upkeep\n|turn|26\n|\n|t:|1698773473\n|-terastallize|p1a: Slowking|Dark\n|move|p2a: Infernape|Poltergeist|p1a: Slowking\n|-activate|p1a: Slowking|move: Poltergeist|Heavy-Duty Boots\n|-resisted|p1a: Slowking\n|-damage|p1a: Slowking|53\/100\n|move|p1a: Slowking|Chilly Reception|p1a: Slowking\n|-weather|Snow\n|\n|t:|1698773480\n|switch|p1a: Infernape|Infernape, M|86\/100|[from] Chilly Reception\n|\n|-weather|Snow|[upkeep]\n|upkeep\n|turn|27\n|c|\u2606N-Zoroark stan|biggest choke ever\n|\n|t:|1698773494\n|switch|p2a: Slowking|Slowking-Galar, F|100\/100\n|move|p1a: Infernape|Flare Blitz|p2a: Slowking\n|-damage|p2a: Slowking|65\/100\n|-damage|p1a: Infernape|70\/100|[from] Recoil\n|\n|-weather|Snow|[upkeep]\n|upkeep\n|turn|28\n|c|\u2606Dragon Master Rosa|i mean yeah\n|\n|t:|1698773502\n|move|p1a: Infernape|Flare Blitz|p2a: Slowking\n|-damage|p2a: Slowking|27\/100\n|-damage|p1a: Infernape|53\/100|[from] Recoil\n|move|p2a: Slowking|Slack Off|p2a: Slowking\n|-heal|p2a: Slowking|77\/100\n|\n|-weather|Snow|[upkeep]\n|upkeep\n|turn|29\n|\n|t:|1698773510\n|switch|p1a: Empoleon|Empoleon, M|84\/100\n|move|p2a: Slowking|Chilly Reception|p2a: Slowking\n|\n|t:|1698773517\n|switch|p2a: Infernape|Infernape, M, tera:Ghost|100\/100|[from] Chilly Reception\n|\n|-weather|Snow|[upkeep]\n|upkeep\n|turn|30\n|\n|t:|1698773524\n|move|p2a: Infernape|U-turn|p1a: Empoleon\n|-resisted|p1a: Empoleon\n|-damage|p1a: Empoleon|74\/100\n|\n|t:|1698773526\n|switch|p2a: Slowking|Slowking-Galar, F|100\/100|[from] U-turn\n|move|p1a: Empoleon|Knock Off|p2a: Slowking\n|-supereffective|p2a: Slowking\n|-damage|p2a: Slowking|81\/100\n|\n|-weather|none\n|upkeep\n|turn|31\n|\n|t:|1698773530\n|move|p1a: Empoleon|Flip Turn|p2a: Slowking\n|-damage|p2a: Slowking|69\/100\n|\n|t:|1698773536\n|switch|p1a: Palafin|Palafin-Hero, F|100\/100|[from] Flip Turn\n|move|p2a: Slowking|Chilly Reception|p2a: Slowking\n|-weather|Snow\n|\n|t:|1698773541\n|switch|p2a: Infernape|Infernape, M, tera:Ghost|100\/100|[from] Chilly Reception\n|\n|-weather|Snow|[upkeep]\n|upkeep\n|turn|32\n|\n|t:|1698773551\n|move|p2a: Infernape|U-turn|p1a: Palafin\n|-damage|p1a: Palafin|72\/100\n|\n|t:|1698773553\n|switch|p2a: Blissey|Blissey, F|100\/100|[from] U-turn\n|move|p1a: Palafin|Surf|p2a: Blissey\n|-damage|p2a: Blissey|77\/100\n|\n|-weather|Snow|[upkeep]\n|upkeep\n|turn|33\n|\n|t:|1698773559\n|switch|p2a: Infernape|Infernape, M, tera:Ghost|100\/100\n|move|p1a: Palafin|Surf|p2a: Infernape\n|-damage|p2a: Infernape|0 fnt\n|replace|p2a: Zoroark|Zoroark-Hisui, M, shiny\n|-end|p2a: Zoroark|Illusion\n|faint|p2a: Zoroark\n|\n|-weather|Snow|[upkeep]\n|upkeep\n|c|\u2606N-Zoroark stan|agency agency\n|c|\u2606Dragon Master Rosa|biggest choke ever\n|inactive|N-Zoroark stan has 270 seconds left.\n|\n|t:|1698773593\n|switch|p2a: Palafin|Palafin-Hero, F|88\/100\n|turn|34\n|\n|t:|1698773597\n|switch|p1a: Empoleon|Empoleon, M|74\/100\n|move|p2a: Palafin|Aura Sphere|p1a: Empoleon\n|-supereffective|p1a: Empoleon\n|-damage|p1a: Empoleon|10\/100\n|\n|-weather|Snow|[upkeep]\n|upkeep\n|turn|35\n|\n|t:|1698773604\n|switch|p1a: Toedscruel|Toedscruel, M|100\/100\n|move|p2a: Palafin|Aura Sphere|p1a: Toedscruel\n|-damage|p1a: Toedscruel|78\/100\n|\n|-weather|none\n|-heal|p1a: Toedscruel|84\/100|[from] item: Leftovers\n|upkeep\n|turn|36\n|\n|t:|1698773611\n|switch|p2a: Slowking|Slowking-Galar, F|100\/100\n|move|p1a: Toedscruel|Spikes|p2a: Slowking\n|-sidestart|p2: N-Zoroark stan|Spikes\n|\n|-heal|p1a: Toedscruel|90\/100|[from] item: Leftovers\n|upkeep\n|turn|37\n|\n|t:|1698773614\n|move|p2a: Slowking|Chilly Reception|p2a: Slowking\n|-weather|Snow\n|\n|t:|1698773617\n|switch|p2a: Toedscruel|Toedscruel, M|47\/100|[from] Chilly Reception\n|-damage|p2a: Toedscruel|35\/100|[from] Spikes\n|move|p1a: Toedscruel|Leech Seed|p2a: Toedscruel\n|-immune|p2a: Toedscruel\n|\n|-weather|Snow|[upkeep]\n|-heal|p1a: Toedscruel|96\/100|[from] item: Leftovers\n|upkeep\n|turn|38\n|\n|t:|1698773623\n|move|p1a: Toedscruel|Knock Off|p2a: Toedscruel\n|-damage|p2a: Toedscruel|25\/100\n|move|p2a: Toedscruel|Rapid Spin|p1a: Toedscruel\n|-damage|p1a: Toedscruel|85\/100\n|-boost|p2a: Toedscruel|spe|1\n|-sideend|p2: N-Zoroark stan|Spikes|[from] move: Rapid Spin|[of] p2a: Toedscruel\n|\n|-weather|Snow|[upkeep]\n|-heal|p1a: Toedscruel|91\/100|[from] item: Leftovers\n|upkeep\n|turn|39\n|\n|t:|1698773630\n|switch|p1a: Empoleon|Empoleon, M|10\/100\n|move|p2a: Toedscruel|Knock Off|p1a: Empoleon\n|-damage|p1a: Empoleon|3\/100\n|\n|-weather|Snow|[upkeep]\n|upkeep\n|turn|40\n|\n|t:|1698773634\n|move|p2a: Toedscruel|Rapid Spin|p1a: Empoleon\n|-resisted|p1a: Empoleon\n|-damage|p1a: Empoleon|0 fnt\n|-boost|p2a: Toedscruel|spe|1\n|faint|p1a: Empoleon\n|\n|-weather|Snow|[upkeep]\n|upkeep\n|\n|t:|1698773638\n|switch|p1a: Infernape|Infernape, M|53\/100\n|turn|41\n|\n|t:|1698773640\n|switch|p2a: Slowking|Slowking-Galar, F|100\/100\n|move|p1a: Infernape|U-turn|p2a: Slowking\n|-damage|p2a: Slowking|85\/100\n|\n|t:|1698773650\n|switch|p1a: Toedscruel|Toedscruel, M|91\/100|[from] U-turn\n|\n|-weather|none\n|-heal|p1a: Toedscruel|97\/100|[from] item: Leftovers\n|upkeep\n|turn|42\n|\n|t:|1698773653\n|move|p2a: Slowking|Toxic|p1a: Toedscruel\n|-status|p1a: Toedscruel|tox\n|move|p1a: Toedscruel|Spikes|p2a: Slowking\n|-sidestart|p2: N-Zoroark stan|Spikes\n|\n|-heal|p1a: Toedscruel|100\/100 tox|[from] item: Leftovers\n|-damage|p1a: Toedscruel|94\/100 tox|[from] psn\n|upkeep\n|turn|43\n|\n|t:|1698773661\n|switch|p1a: Infernape|Infernape, M|53\/100\n|move|p2a: Slowking|Chilly Reception|p2a: Slowking\n|-weather|Snow\n|\n|t:|1698773671\n|switch|p2a: Blissey|Blissey, F|77\/100|[from] Chilly Reception\n|\n|-weather|Snow|[upkeep]\n|upkeep\n|turn|44\n|\n|t:|1698773685\n|switch|p2a: Slowking|Slowking-Galar, F|100\/100\n|-damage|p2a: Slowking|88\/100|[from] Spikes\n|move|p1a: Infernape|U-turn|p2a: Slowking\n|-damage|p2a: Slowking|73\/100\n|\n|t:|1698773689\n|switch|p1a: Palafin|Palafin-Hero, F|72\/100|[from] U-turn\n|\n|-weather|Snow|[upkeep]\n|upkeep\n|turn|45\n|\n|t:|1698773694\n|move|p1a: Palafin|Boomburst|p2a: Slowking\n|-damage|p2a: Slowking|20\/100\n|move|p2a: Slowking|Chilly Reception|p2a: Slowking\n|\n|t:|1698773696\n|switch|p2a: Palafin|Palafin-Hero, F|88\/100|[from] Chilly Reception\n|-damage|p2a: Palafin|76\/100|[from] Spikes\n|\n|-weather|Snow|[upkeep]\n|upkeep\n|turn|46\n|\n|t:|1698773700\n|move|p1a: Palafin|Boomburst|p2a: Palafin\n|-damage|p2a: Palafin|5\/100\n|move|p2a: Palafin|Aura Sphere|p1a: Palafin\n|-damage|p1a: Palafin|30\/100\n|\n|-weather|Snow|[upkeep]\n|upkeep\n|turn|47\n|\n|t:|1698773704\n|move|p2a: Palafin|Aura Sphere|p1a: Palafin\n|-damage|p1a: Palafin|0 fnt\n|faint|p1a: Palafin\n|\n|-weather|none\n|upkeep\n|\n|t:|1698773707\n|switch|p1a: Infernape|Infernape, M|53\/100\n|turn|48\n|\n|t:|1698773717\n|switch|p2a: Toedscruel|Toedscruel, M|25\/100\n|-damage|p2a: Toedscruel|13\/100|[from] Spikes\n|move|p1a: Infernape|U-turn|p2a: Toedscruel\n|-supereffective|p2a: Toedscruel\n|-damage|p2a: Toedscruel|0 fnt\n|faint|p2a: Toedscruel\n|\n|t:|1698773720\n|switch|p1a: Toedscruel|Toedscruel, M|94\/100 tox|[from] U-turn\n|\n|-heal|p1a: Toedscruel|100\/100 tox|[from] item: Leftovers\n|-damage|p1a: Toedscruel|94\/100 tox|[from] psn\n|upkeep\n|\n|t:|1698773724\n|switch|p2a: Infernape|Infernape, M|100\/100\n|-damage|p2a: Infernape|88\/100|[from] Spikes\n|turn|49\n|\n|t:|1698773727\n|switch|p1a: Slowking|Slowking-Galar, M, tera:Dark|87\/100\n|move|p2a: Infernape|U-turn|p1a: Slowking\n|-supereffective|p1a: Slowking\n|-damage|p1a: Slowking|56\/100\n|\n|t:|1698773732\n|switch|p2a: Slowking|Slowking-Galar, F|53\/100|[from] U-turn\n|-damage|p2a: Slowking|40\/100|[from] Spikes\n|\n|upkeep\n|turn|50\n|\n|t:|1698773737\n|move|p2a: Slowking|Slack Off|p2a: Slowking\n|-heal|p2a: Slowking|90\/100\n|move|p1a: Slowking|Foul Play|p2a: Slowking\n|-supereffective|p2a: Slowking\n|-damage|p2a: Slowking|64\/100\n|\n|upkeep\n|turn|51\n|\n|t:|1698773741\n|move|p1a: Slowking|Foul Play|p2a: Slowking\n|-supereffective|p2a: Slowking\n|-damage|p2a: Slowking|38\/100\n|move|p2a: Slowking|Toxic|p1a: Slowking\n|-status|p1a: Slowking|tox\n|\n|-damage|p1a: Slowking|49\/100 tox|[from] psn\n|upkeep\n|turn|52\n|\n|t:|1698773743\n|move|p1a: Slowking|Slack Off|p1a: Slowking\n|-heal|p1a: Slowking|99\/100 tox\n|move|p2a: Slowking|Slack Off|p2a: Slowking\n|-heal|p2a: Slowking|88\/100\n|\n|-damage|p1a: Slowking|87\/100 tox|[from] psn\n|upkeep\n|turn|53\n|\n|t:|1698773746\n|move|p2a: Slowking|Chilly Reception|p2a: Slowking\n|-weather|Snow\n|\n|t:|1698773749\n|switch|p2a: Blissey|Blissey, F|77\/100|[from] Chilly Reception\n|move|p1a: Slowking|Chilly Reception|p1a: Slowking\n|\n|t:|1698773752\n|switch|p1a: Infernape|Infernape, M|53\/100|[from] Chilly Reception\n|\n|-weather|Snow|[upkeep]\n|upkeep\n|turn|54\n|\n|t:|1698773754\n|switch|p2a: Slowking|Slowking-Galar, F|100\/100\n|-damage|p2a: Slowking|88\/100|[from] Spikes\n|move|p1a: Infernape|Flare Blitz|p2a: Slowking\n|-damage|p2a: Slowking|50\/100\n|-damage|p1a: Infernape|36\/100|[from] Recoil\n|\n|-weather|Snow|[upkeep]\n|upkeep\n|turn|55\n|\n|t:|1698773757\n|move|p1a: Infernape|Flare Blitz|p2a: Slowking\n|-damage|p2a: Slowking|10\/100\n|-damage|p1a: Infernape|18\/100|[from] Recoil\n|move|p2a: Slowking|Slack Off|p2a: Slowking\n|-heal|p2a: Slowking|60\/100\n|\n|-weather|Snow|[upkeep]\n|upkeep\n|turn|56\n|\n|t:|1698773762\n|switch|p1a: Slowking|Slowking-Galar, M, tera:Dark|100\/100 tox\n|move|p2a: Slowking|Chilly Reception|p2a: Slowking\n|\n|t:|1698773765\n|switch|p2a: Infernape|Infernape, M|88\/100|[from] Chilly Reception\n|-damage|p2a: Infernape|76\/100|[from] Spikes\n|\n|-weather|Snow|[upkeep]\n|-damage|p1a: Slowking|94\/100 tox|[from] psn\n|upkeep\n|turn|57\n|\n|t:|1698773772\n|switch|p1a: Toedscruel|Toedscruel, M|94\/100 tox\n|move|p2a: Infernape|Close Combat|p1a: Toedscruel\n|-damage|p1a: Toedscruel|27\/100 tox\n|-unboost|p2a: Infernape|def|1\n|-unboost|p2a: Infernape|spd|1\n|\n|-weather|none\n|-heal|p1a: Toedscruel|33\/100 tox|[from] item: Leftovers\n|-damage|p1a: Toedscruel|27\/100 tox|[from] psn\n|upkeep\n|turn|58\n|\n|t:|1698773777\n|move|p2a: Infernape|Close Combat|p1a: Toedscruel\n|-damage|p1a: Toedscruel|0 fnt\n|-unboost|p2a: Infernape|def|1\n|-unboost|p2a: Infernape|spd|1\n|faint|p1a: Toedscruel\n|\n|upkeep\n|\n|t:|1698773780\n|switch|p1a: Infernape|Infernape, M|18\/100\n|turn|59\n|\n|t:|1698773783\n|switch|p2a: Slowking|Slowking-Galar, F|93\/100\n|-damage|p2a: Slowking|81\/100|[from] Spikes\n|move|p1a: Infernape|Thunder Punch|p2a: Slowking\n|-damage|p2a: Slowking|62\/100\n|\n|upkeep\n|turn|60\n|\n|t:|1698773789\n|move|p1a: Infernape|Thunder Punch|p2a: Slowking\n|-damage|p2a: Slowking|41\/100\n|move|p2a: Slowking|Slack Off|p2a: Slowking\n|-heal|p2a: Slowking|91\/100\n|\n|upkeep\n|turn|61\n|\n|t:|1698773793\n|switch|p1a: Slowking|Slowking-Galar, M, tera:Dark|100\/100 tox\n|move|p2a: Slowking|Foul Play|p1a: Slowking\n|-resisted|p1a: Slowking\n|-damage|p1a: Slowking|96\/100 tox\n|\n|-damage|p1a: Slowking|90\/100 tox|[from] psn\n|upkeep\n|turn|62\n|\n|t:|1698773798\n|move|p1a: Slowking|Chilly Reception|p1a: Slowking\n|-weather|Snow\n|\n|t:|1698773800\n|switch|p1a: Infernape|Infernape, M|18\/100|[from] Chilly Reception\n|move|p2a: Slowking|Foul Play|p1a: Infernape\n|-resisted|p1a: Infernape\n|-damage|p1a: Infernape|0 fnt\n|faint|p1a: Infernape\n|\n|-weather|Snow|[upkeep]\n|upkeep\n|\n|t:|1698773802\n|switch|p1a: Slowking|Slowking-Galar, M, tera:Dark|100\/100 tox\n|turn|63\n|c|\u2606N-Zoroark stan|ggwp\n|c|\u2606Dragon Master Rosa|ggwp\n|c|\u2606Dragon Master Rosa|congrats\n|\n|t:|1698773808\n|switch|p2a: Blissey|Blissey, F|77\/100\n|move|p1a: Slowking|Foul Play|p2a: Blissey\n|-damage|p2a: Blissey|74\/100\n|\n|-weather|Snow|[upkeep]\n|-damage|p1a: Slowking|94\/100 tox|[from] psn\n|upkeep\n|turn|64\n|\n|t:|1698773811\n|switch|p2a: Slowking|Slowking-Galar, F|100\/100\n|-damage|p2a: Slowking|88\/100|[from] Spikes\n|move|p1a: Slowking|Foul Play|p2a: Slowking\n|-supereffective|p2a: Slowking\n|-damage|p2a: Slowking|63\/100\n|\n|-weather|Snow|[upkeep]\n|-damage|p1a: Slowking|82\/100 tox|[from] psn\n|upkeep\n|turn|65\n|\n|t:|1698773814\n|switch|p2a: Blissey|Blissey, F|74\/100\n|move|p1a: Slowking|Toxic|p2a: Blissey\n|-status|p2a: Blissey|tox\n|\n|-weather|Snow|[upkeep]\n|-damage|p2a: Blissey|68\/100 tox|[from] psn\n|-damage|p1a: Slowking|64\/100 tox|[from] psn\n|upkeep\n|turn|66\n|\n|t:|1698773817\n|-curestatus|p2a: Blissey|tox|[from] ability: Natural Cure\n|switch|p2a: Slowking|Slowking-Galar, F|96\/100\n|-damage|p2a: Slowking|84\/100|[from] Spikes\n|move|p1a: Slowking|Foul Play|p2a: Slowking\n|-supereffective|p2a: Slowking\n|-damage|p2a: Slowking|56\/100\n|\n|-weather|none\n|-damage|p1a: Slowking|40\/100 tox|[from] psn\n|upkeep\n|turn|67\n|\n|t:|1698773819\n|switch|p2a: Blissey|Blissey, F|68\/100\n|move|p1a: Slowking|Toxic|p2a: Blissey\n|-status|p2a: Blissey|tox\n|\n|-damage|p2a: Blissey|62\/100 tox|[from] psn\n|-damage|p1a: Slowking|9\/100 tox|[from] psn\n|upkeep\n|turn|68\n|\n|t:|1698773821\n|-curestatus|p2a: Blissey|tox|[from] ability: Natural Cure\n|switch|p2a: Slowking|Slowking-Galar, F|89\/100\n|-damage|p2a: Slowking|77\/100|[from] Spikes\n|move|p1a: Slowking|Foul Play|p2a: Slowking\n|-supereffective|p2a: Slowking\n|-damage|p2a: Slowking|52\/100\n|\n|-damage|p1a: Slowking|0 fnt|[from] psn\n|faint|p1a: Slowking\n|\n|win|N-Zoroark stan\n|upkeep\n","uploadtime":1698773830,"views":16,"p1id":"dragonmasterrosa","p2id":"nzoroarkstan","formatid":"gen9ubers","rating":0,"private":0,"password":""}