{"id":"gen9ubers-1998417964","p1":"LadyMaria-Blue","p2":"PTKmoekyuun","format":"[Gen 9] Ubers","log":"|j|\u2606LadyMaria-Blue\n|j|\u2606PTKmoekyuun\n|t:|1700940072\n|gametype|singles\n|player|p1|LadyMaria-Blue|cynthia|\n|player|p2|PTKmoekyuun|102|\n|teamsize|p1|6\n|teamsize|p2|6\n|gen|9\n|tier|[Gen 9] Ubers\n|rule|Sleep Clause Mod: Limit one foe put to sleep\n|rule|Species Clause: Limit one of each Pok\u00e9mon\n|rule|OHKO Clause: OHKO moves are banned\n|rule|Evasion Items Clause: Evasion items are banned\n|rule|Evasion Moves Clause: Evasion moves are banned\n|rule|Endless Battle Clause: Forcing endless battles is banned\n|rule|HP Percentage Mod: HP is shown in percentages\n|clearpoke\n|poke|p1|Baxcalibur, F|\n|poke|p1|Milotic, F|\n|poke|p1|Zacian-*|\n|poke|p1|Moltres|\n|poke|p1|Arceus-Poison|\n|poke|p1|Magearna|\n|poke|p2|Cyclizar, M|\n|poke|p2|Arceus-Poison|\n|poke|p2|Roaring Moon|\n|poke|p2|Magearna|\n|poke|p2|Zacian-*|\n|poke|p2|Gholdengo|\n|teampreview\n|c|\u2606PTKmoekyuun|glhf\n|c|\u2606LadyMaria-Blue|u2\n|\n|t:|1700940120\n|start\n|switch|p1a: Magearna|Magearna|100\/100\n|switch|p2a: Cyclizar|Cyclizar, M|100\/100\n|turn|1\n|\n|t:|1700940143\n|move|p2a: Cyclizar|Shed Tail|p2a: Cyclizar\n|-start|p2a: Cyclizar|Substitute|[from] move: Shed Tail\n|-damage|p2a: Cyclizar|50\/100\n|\n|t:|1700940156\n|switch|p2a: Magearna|Magearna|100\/100|[from] Shed Tail\n|move|p1a: Magearna|Spikes|p2a: Magearna\n|-sidestart|p2: PTKmoekyuun|Spikes\n|\n|upkeep\n|turn|2\n|\n|t:|1700940162\n|move|p1a: Magearna|Volt Switch|p2a: Magearna\n|-activate|p2a: Magearna|move: Substitute|[damage]\n|\n|t:|1700940165\n|switch|p1a: Moltres|Moltres|100\/100|[from] Volt Switch\n|move|p2a: Magearna|Thunder Wave|p1a: Moltres\n|-status|p1a: Moltres|par\n|\n|upkeep\n|turn|3\n|\n|t:|1700940170\n|move|p2a: Magearna|Spikes|p1a: Moltres\n|-sidestart|p1: LadyMaria-Blue|Spikes\n|cant|p1a: Moltres|par\n|\n|upkeep\n|turn|4\n|\n|t:|1700940174\n|move|p2a: Magearna|Spikes|p1a: Moltres\n|-sidestart|p1: LadyMaria-Blue|Spikes\n|move|p1a: Moltres|Roar|p2a: Magearna\n|drag|p2a: Roaring Moon|Roaring Moon|100\/100\n|-damage|p2a: Roaring Moon|88\/100|[from] Spikes\n|-enditem|p2a: Roaring Moon|Booster Energy\n|-activate|p2a: Roaring Moon|ability: Protosynthesis|[fromitem]\n|-start|p2a: Roaring Moon|protosynthesisatk\n|\n|upkeep\n|turn|5\n|\n|t:|1700940181\n|move|p2a: Roaring Moon|Taunt|p1a: Moltres\n|-start|p1a: Moltres|move: Taunt\n|cant|p1a: Moltres|move: Taunt|Will-O-Wisp\n|\n|upkeep\n|turn|6\n|\n|t:|1700940185\n|switch|p1a: Magearna|Magearna|100\/100\n|-damage|p1a: Magearna|84\/100|[from] Spikes\n|move|p2a: Roaring Moon|Dragon Dance|p2a: Roaring Moon\n|-boost|p2a: Roaring Moon|atk|1\n|-boost|p2a: Roaring Moon|spe|1\n|\n|-heal|p1a: Magearna|90\/100|[from] item: Leftovers\n|upkeep\n|turn|7\n|\n|t:|1700940219\n|move|p2a: Roaring Moon|Earthquake|p1a: Magearna\n|-supereffective|p1a: Magearna\n|-damage|p1a: Magearna|0 fnt\n|faint|p1a: Magearna\n|\n|upkeep\n|\n|t:|1700940225\n|switch|p1a: Moltres|Moltres|100\/100 par\n|turn|8\n|\n|t:|1700940229\n|move|p2a: Roaring Moon|Taunt|p1a: Moltres\n|-start|p1a: Moltres|move: Taunt\n|move|p1a: Moltres|Hurricane|p2a: Roaring Moon\n|-damage|p2a: Roaring Moon|44\/100\n|\n|upkeep\n|turn|9\n|\n|t:|1700940238\n|move|p2a: Roaring Moon|Knock Off|p1a: Moltres\n|-damage|p1a: Moltres|23\/100 par\n|-status|p2a: Roaring Moon|brn|[from] ability: Flame Body|[of] p1a: Moltres\n|-enditem|p1a: Moltres|Heavy-Duty Boots|[from] move: Knock Off|[of] p2a: Roaring Moon\n|move|p1a: Moltres|Hurricane|p2a: Roaring Moon\n|-damage|p2a: Roaring Moon|0 fnt\n|faint|p2a: Roaring Moon\n|-end|p2a: Roaring Moon|Protosynthesis|[silent]\n|\n|upkeep\n|\n|t:|1700940246\n|switch|p2a: Cyclizar|Cyclizar, M|84\/100\n|turn|10\n|\n|t:|1700940249\n|move|p2a: Cyclizar|Shed Tail|p2a: Cyclizar\n|-start|p2a: Cyclizar|Substitute|[from] move: Shed Tail\n|-damage|p2a: Cyclizar|33\/100\n|\n|t:|1700940252\n|switch|p2a: Gholdengo|Gholdengo|100\/100|[from] Shed Tail\n|-item|p2a: Gholdengo|Air Balloon\n|cant|p1a: Moltres|par\n|\n|-end|p1a: Moltres|move: Taunt\n|upkeep\n|turn|11\n|\n|t:|1700940257\n|move|p2a: Gholdengo|Hex|p1a: Moltres\n|-damage|p1a: Moltres|0 fnt\n|faint|p1a: Moltres\n|\n|upkeep\n|\n|t:|1700940279\n|switch|p1a: Milotic|Milotic, F, shiny|100\/100\n|-damage|p1a: Milotic|84\/100|[from] Spikes\n|turn|12\n|\n|t:|1700940283\n|move|p2a: Gholdengo|Thunder Wave|p1a: Milotic\n|-status|p1a: Milotic|par\n|move|p1a: Milotic|Scald|p2a: Gholdengo\n|-end|p2a: Gholdengo|Substitute\n|-enditem|p2a: Gholdengo|Air Balloon\n|\n|-heal|p1a: Milotic|90\/100 par|[from] item: Leftovers\n|upkeep\n|turn|13\n|\n|t:|1700940296\n|switch|p2a: Magearna|Magearna|100\/100\n|-damage|p2a: Magearna|88\/100|[from] Spikes\n|cant|p1a: Milotic|par\n|\n|-heal|p2a: Magearna|94\/100|[from] item: Leftovers\n|-heal|p1a: Milotic|96\/100 par|[from] item: Leftovers\n|upkeep\n|turn|14\n|\n|t:|1700940303\n|move|p2a: Magearna|Spikes|p1a: Milotic\n|-sidestart|p1: LadyMaria-Blue|Spikes\n|move|p1a: Milotic|Flip Turn|p2a: Magearna\n|-damage|p2a: Magearna|86\/100\n|\n|t:|1700940307\n|switch|p1a: Arceus|Arceus-Poison|100\/100|[from] Flip Turn\n|-damage|p1a: Arceus|75\/100|[from] Spikes\n|\n|-heal|p2a: Magearna|93\/100|[from] item: Leftovers\n|upkeep\n|turn|15\n|\n|t:|1700940314\n|move|p1a: Arceus|Calm Mind|p1a: Arceus\n|-boost|p1a: Arceus|spa|1\n|-boost|p1a: Arceus|spd|1\n|move|p2a: Magearna|Thunder Wave|p1a: Arceus|[miss]\n|-miss|p2a: Magearna|p1a: Arceus\n|\n|-heal|p2a: Magearna|99\/100|[from] item: Leftovers\n|upkeep\n|turn|16\n|\n|t:|1700940318\n|move|p1a: Arceus|Earth Power|p2a: Magearna\n|-supereffective|p2a: Magearna\n|-damage|p2a: Magearna|39\/100\n|-unboost|p2a: Magearna|spd|1\n|move|p2a: Magearna|Thunder Wave|p1a: Arceus|[miss]\n|-miss|p2a: Magearna|p1a: Arceus\n|\n|-heal|p2a: Magearna|45\/100|[from] item: Leftovers\n|upkeep\n|turn|17\n|c|\u2606PTKmoekyuun|:c\n|\n|t:|1700940327\n|move|p1a: Arceus|Earth Power|p2a: Magearna\n|-supereffective|p2a: Magearna\n|-damage|p2a: Magearna|0 fnt\n|faint|p2a: Magearna\n|\n|upkeep\n|\n|t:|1700940330\n|switch|p2a: Arceus|Arceus-Poison|100\/100\n|-damage|p2a: Arceus|88\/100|[from] Spikes\n|turn|18\n|\n|t:|1700940336\n|-terastallize|p2a: Arceus|Water\n|move|p1a: Arceus|Calm Mind|p1a: Arceus\n|-boost|p1a: Arceus|spa|1\n|-boost|p1a: Arceus|spd|1\n|move|p2a: Arceus|Roar|p1a: Arceus\n|drag|p1a: Baxcalibur|Baxcalibur, F|100\/100\n|\n|upkeep\n|turn|19\n|\n|t:|1700940350\n|move|p1a: Baxcalibur|Dragon Dance|p1a: Baxcalibur\n|-boost|p1a: Baxcalibur|atk|1\n|-boost|p1a: Baxcalibur|spe|1\n|move|p2a: Arceus|Roar|p1a: Baxcalibur\n|drag|p1a: Arceus|Arceus-Poison|75\/100\n|-damage|p1a: Arceus|50\/100|[from] Spikes\n|\n|upkeep\n|turn|20\n|\n|t:|1700940356\n|move|p1a: Arceus|Recover|p1a: Arceus\n|-heal|p1a: Arceus|100\/100\n|move|p2a: Arceus|Earth Power|p1a: Arceus\n|-supereffective|p1a: Arceus\n|-damage|p1a: Arceus|69\/100\n|\n|upkeep\n|turn|21\n|\n|t:|1700940366\n|move|p1a: Arceus|Judgment|p2a: Arceus\n|-damage|p2a: Arceus|65\/100\n|move|p2a: Arceus|Roar|p1a: Arceus\n|drag|p1a: Milotic|Milotic, F, shiny|96\/100 par\n|-damage|p1a: Milotic|71\/100 par|[from] Spikes\n|\n|-heal|p1a: Milotic|77\/100 par|[from] item: Leftovers\n|upkeep\n|turn|22\n|\n|t:|1700940370\n|move|p2a: Arceus|Recover|p2a: Arceus\n|-heal|p2a: Arceus|100\/100\n|move|p1a: Milotic|Scald|p2a: Arceus\n|-resisted|p2a: Arceus\n|-damage|p2a: Arceus|93\/100\n|-status|p2a: Arceus|brn\n|\n|-heal|p1a: Milotic|83\/100 par|[from] item: Leftovers\n|-damage|p2a: Arceus|87\/100 brn|[from] brn\n|upkeep\n|turn|23\n|\n|t:|1700940376\n|move|p2a: Arceus|Judgment|p1a: Milotic\n|-damage|p1a: Milotic|56\/100 par\n|move|p1a: Milotic|Scald|p2a: Arceus\n|-resisted|p2a: Arceus\n|-damage|p2a: Arceus|80\/100 brn\n|\n|-heal|p1a: Milotic|62\/100 par|[from] item: Leftovers\n|-damage|p2a: Arceus|74\/100 brn|[from] brn\n|upkeep\n|turn|24\n|\n|t:|1700940380\n|move|p2a: Arceus|Judgment|p1a: Milotic\n|-damage|p1a: Milotic|33\/100 par\n|move|p1a: Milotic|Recover|p1a: Milotic\n|-heal|p1a: Milotic|83\/100 par\n|\n|-heal|p1a: Milotic|89\/100 par|[from] item: Leftovers\n|-damage|p2a: Arceus|68\/100 brn|[from] brn\n|upkeep\n|turn|25\n|\n|t:|1700940383\n|move|p2a: Arceus|Recover|p2a: Arceus\n|-heal|p2a: Arceus|100\/100 brn\n|move|p1a: Milotic|Flip Turn|p2a: Arceus\n|-resisted|p2a: Arceus\n|-damage|p2a: Arceus|96\/100 brn\n|\n|t:|1700940390\n|switch|p1a: Arceus|Arceus-Poison|69\/100|[from] Flip Turn\n|-damage|p1a: Arceus|44\/100|[from] Spikes\n|\n|-damage|p2a: Arceus|90\/100 brn|[from] brn\n|upkeep\n|turn|26\n|\n|t:|1700940411\n|move|p1a: Arceus|Recover|p1a: Arceus\n|-heal|p1a: Arceus|94\/100\n|move|p2a: Arceus|Earth Power|p1a: Arceus\n|-supereffective|p1a: Arceus\n|-damage|p1a: Arceus|61\/100\n|\n|-damage|p2a: Arceus|84\/100 brn|[from] brn\n|upkeep\n|turn|27\n|\n|t:|1700940426\n|move|p1a: Arceus|Recover|p1a: Arceus\n|-heal|p1a: Arceus|100\/100\n|move|p2a: Arceus|Earth Power|p1a: Arceus\n|-supereffective|p1a: Arceus\n|-damage|p1a: Arceus|71\/100\n|\n|-damage|p2a: Arceus|78\/100 brn|[from] brn\n|upkeep\n|turn|28\n|\n|t:|1700940432\n|move|p1a: Arceus|Calm Mind|p1a: Arceus\n|-boost|p1a: Arceus|spa|1\n|-boost|p1a: Arceus|spd|1\n|move|p2a: Arceus|Roar|p1a: Arceus\n|drag|p1a: Baxcalibur|Baxcalibur, F|100\/100\n|\n|-damage|p2a: Arceus|72\/100 brn|[from] brn\n|upkeep\n|turn|29\n|\n|t:|1700940440\n|move|p1a: Baxcalibur|Dragon Dance|p1a: Baxcalibur\n|-boost|p1a: Baxcalibur|atk|1\n|-boost|p1a: Baxcalibur|spe|1\n|move|p2a: Arceus|Recover|p2a: Arceus\n|-heal|p2a: Arceus|100\/100 brn\n|\n|-damage|p2a: Arceus|94\/100 brn|[from] brn\n|upkeep\n|turn|30\n|\n|t:|1700940443\n|move|p1a: Baxcalibur|Glaive Rush|p2a: Arceus\n|-damage|p2a: Arceus|27\/100 brn\n|-singlemove|p1a: Baxcalibur|Glaive Rush|[silent]\n|move|p2a: Arceus|Roar|p1a: Baxcalibur\n|drag|p1a: Zacian|Zacian|100\/100\n|-damage|p1a: Zacian|76\/100|[from] Spikes\n|-ability|p1a: Zacian|Intrepid Sword|boost\n|-boost|p1a: Zacian|atk|1\n|\n|-damage|p2a: Arceus|21\/100 brn|[from] brn\n|upkeep\n|turn|31\n|\n|t:|1700940488\n|move|p1a: Zacian|Play Rough|p2a: Arceus\n|-damage|p2a: Arceus|0 fnt\n|faint|p2a: Arceus\n|\n|upkeep\n|\n|t:|1700940492\n|switch|p2a: Zacian|Zacian|100\/100\n|-ability|p2a: Zacian|Intrepid Sword|boost\n|-boost|p2a: Zacian|atk|1\n|turn|32\n|\n|t:|1700940501\n|move|p2a: Zacian|Swords Dance|p2a: Zacian\n|-boost|p2a: Zacian|atk|2\n|move|p1a: Zacian|Play Rough|p2a: Zacian\n|-damage|p2a: Zacian|6\/100\n|\n|upkeep\n|turn|33\n|\n|t:|1700940505\n|move|p2a: Zacian|Play Rough|p1a: Zacian\n|-damage|p1a: Zacian|0 fnt\n|faint|p1a: Zacian\n|\n|upkeep\n|\n|t:|1700940508\n|switch|p1a: Milotic|Milotic, F, shiny|89\/100 par\n|-damage|p1a: Milotic|64\/100 par|[from] Spikes\n|turn|34\n|\n|t:|1700940527\n|move|p2a: Zacian|Play Rough|p1a: Milotic\n|-damage|p1a: Milotic|0 fnt\n|faint|p1a: Milotic\n|\n|upkeep\n|\n|t:|1700940531\n|switch|p1a: Arceus|Arceus-Poison|71\/100\n|-damage|p1a: Arceus|46\/100|[from] Spikes\n|turn|35\n|\n|t:|1700940598\n|move|p2a: Zacian|Wild Charge|p1a: Arceus\n|-damage|p1a: Arceus|0 fnt\n|faint|p1a: Arceus\n|-damage|p2a: Zacian|0 fnt|[from] Recoil\n|faint|p2a: Zacian\n|\n|upkeep\n|\n|t:|1700940617\n|switch|p2a: Cyclizar|Cyclizar, M|67\/100\n|switch|p1a: Baxcalibur|Baxcalibur, F|100\/100\n|turn|36\n|\n|t:|1700940623\n|-terastallize|p1a: Baxcalibur|Ice\n|move|p2a: Cyclizar|Shed Tail|p2a: Cyclizar\n|-start|p2a: Cyclizar|Substitute|[from] move: Shed Tail\n|-damage|p2a: Cyclizar|17\/100\n|\n|t:|1700940625\n|switch|p2a: Gholdengo|Gholdengo|100\/100|[from] Shed Tail\n|-damage|p2a: Gholdengo|88\/100|[from] Spikes\n|move|p1a: Baxcalibur|Dragon Dance|p1a: Baxcalibur\n|-boost|p1a: Baxcalibur|atk|1\n|-boost|p1a: Baxcalibur|spe|1\n|\n|upkeep\n|turn|37\n|\n|t:|1700940629\n|move|p1a: Baxcalibur|Earthquake|p2a: Gholdengo\n|-supereffective|p2a: Gholdengo\n|-end|p2a: Gholdengo|Substitute\n|move|p2a: Gholdengo|Make It Rain|p1a: Baxcalibur\n|-supereffective|p1a: Baxcalibur\n|-damage|p1a: Baxcalibur|0 fnt\n|-unboost|p2a: Gholdengo|spa|1\n|faint|p1a: Baxcalibur\n|\n|win|PTKmoekyuun\n|c|\u2606LadyMaria-Blue|ggs\n|c|\u2606PTKmoekyuun|gg\n","uploadtime":1700940638,"views":24,"p1id":"ladymariablue","p2id":"ptkmoekyuun","formatid":"gen9ubers","rating":0,"private":0,"password":""}