{"id":"gen9ubers-1989447730","p1":"ArsenalFC0304","p2":"Tarheel Tacticians","format":"[Gen 9] Ubers","log":"|j|\u2606ArsenalFC0304\n|j|\u2606Tarheel Tacticians\n|t:|1699851905\n|gametype|singles\n|player|p1|ArsenalFC0304|102|\n|player|p2|Tarheel Tacticians|2|\n|teamsize|p1|6\n|teamsize|p2|6\n|gen|9\n|tier|[Gen 9] Ubers\n|rule|Sleep Clause Mod: Limit one foe put to sleep\n|rule|Species Clause: Limit one of each Pok\u00e9mon\n|rule|OHKO Clause: OHKO moves are banned\n|rule|Evasion Items Clause: Evasion items are banned\n|rule|Evasion Moves Clause: Evasion moves are banned\n|rule|Endless Battle Clause: Forcing endless battles is banned\n|rule|HP Percentage Mod: HP is shown in percentages\n|clearpoke\n|poke|p1|Volcarona, F|\n|poke|p1|Garganacl, F|\n|poke|p1|Regieleki|\n|poke|p1|Pelipper, M|\n|poke|p1|Basculegion, M|\n|poke|p1|Brute Bonnet|\n|poke|p2|Samurott-Hisui, M|\n|poke|p2|Gholdengo|\n|poke|p2|Thundurus, M|\n|poke|p2|Goodra-Hisui, M|\n|poke|p2|Zarude|\n|poke|p2|Staraptor, M|\n|teampreview\n|j| Trossly\n|c| Trossly|HI\n|j| KoziolKombat\n|c| KoziolKombat|HELLO\n|\n|t:|1699851941\n|start\n|switch|p1a: Brute Bonnet|Brute Bonnet, shiny|100\/100\n|switch|p2a: Thundurus|Thundurus, M|100\/100\n|turn|1\n|\n|t:|1699851951\n|move|p2a: Thundurus|Thunder Wave|p1a: Brute Bonnet\n|-hint|Since gen 7, Dark is immune to Prankster moves.\n|-immune|p1a: Brute Bonnet\n|move|p1a: Brute Bonnet|Spore|p2a: Thundurus\n|-status|p2a: Thundurus|slp|[from] move: Spore\n|\n|upkeep\n|turn|2\n|\n|t:|1699851973\n|-end|p1a: Brute Bonnet|Protosynthesis|[silent]\n|switch|p1a: Garganacl|Garganacl, F, shiny|100\/100\n|cant|p2a: Thundurus|slp\n|\n|upkeep\n|turn|3\n|\n|t:|1699851983\n|switch|p2a: Zarude|Zarude|100\/100\n|move|p1a: Garganacl|Salt Cure|p2a: Zarude\n|-damage|p2a: Zarude|87\/100\n|-start|p2a: Zarude|Salt Cure\n|\n|-damage|p2a: Zarude|75\/100|[from] Salt Cure\n|upkeep\n|turn|4\n|\n|t:|1699851992\n|move|p2a: Zarude|Knock Off|p1a: Garganacl\n|-damage|p1a: Garganacl|66\/100\n|-enditem|p1a: Garganacl|Leftovers|[from] move: Knock Off|[of] p2a: Zarude\n|move|p1a: Garganacl|Iron Defense|p1a: Garganacl\n|-boost|p1a: Garganacl|def|2\n|\n|-damage|p2a: Zarude|62\/100|[from] Salt Cure\n|upkeep\n|turn|5\n|\n|t:|1699852015\n|switch|p2a: Goodra|Goodra-Hisui, M|100\/100\n|-terastallize|p1a: Garganacl|Fairy\n|move|p1a: Garganacl|Body Press|p2a: Goodra\n|-supereffective|p2a: Goodra\n|-damage|p2a: Goodra|12\/100\n|\n|upkeep\n|turn|6\n|\n|t:|1699852033\n|move|p2a: Goodra|Heavy Slam|p1a: Garganacl\n|-supereffective|p1a: Garganacl\n|-crit|p1a: Garganacl\n|-damage|p1a: Garganacl|37\/100\n|move|p1a: Garganacl|Salt Cure|p2a: Goodra\n|-resisted|p2a: Goodra\n|-damage|p2a: Goodra|5\/100\n|-start|p2a: Goodra|Salt Cure\n|\n|-damage|p2a: Goodra|0 fnt|[from] Salt Cure\n|faint|p2a: Goodra\n|upkeep\n|\n|t:|1699852042\n|switch|p2a: Gholdengo|Gholdengo|100\/100\n|-item|p2a: Gholdengo|Air Balloon\n|turn|7\n|\n|t:|1699852048\n|move|p2a: Gholdengo|Make It Rain|p1a: Garganacl\n|-supereffective|p1a: Garganacl\n|-damage|p1a: Garganacl|0 fnt\n|-unboost|p2a: Gholdengo|spa|1\n|faint|p1a: Garganacl\n|\n|upkeep\n|\n|t:|1699852072\n|switch|p1a: Brute Bonnet|Brute Bonnet, shiny|100\/100\n|turn|8\n|\n|t:|1699852092\n|switch|p2a: Staraptor|Staraptor, M|100\/100\n|-ability|p2a: Staraptor|Intimidate|boost\n|-unboost|p1a: Brute Bonnet|atk|1\n|move|p1a: Brute Bonnet|Sucker Punch||[still]\n|-fail|p1a: Brute Bonnet\n|\n|upkeep\n|turn|9\n|\n|t:|1699852103\n|-end|p1a: Brute Bonnet|Protosynthesis|[silent]\n|switch|p1a: Regieleki|Regieleki, shiny|100\/100\n|move|p2a: Staraptor|Brave Bird|p1a: Regieleki\n|-resisted|p1a: Regieleki\n|-damage|p1a: Regieleki|42\/100\n|-damage|p2a: Staraptor|82\/100|[from] Recoil\n|\n|upkeep\n|turn|10\n|\n|t:|1699852126\n|move|p1a: Regieleki|Volt Switch|p2a: Staraptor\n|-supereffective|p2a: Staraptor\n|-damage|p2a: Staraptor|0 fnt\n|faint|p2a: Staraptor\n|-damage|p1a: Regieleki|32\/100|[from] item: Life Orb\n|\n|t:|1699852136\n|switch|p1a: Brute Bonnet|Brute Bonnet, shiny|100\/100|[from] Volt Switch\n|\n|upkeep\n|\n|t:|1699852153\n|switch|p2a: Thundurus|Thundurus, M|100\/100 slp\n|turn|11\n|\n|t:|1699852166\n|cant|p2a: Thundurus|slp\n|move|p1a: Brute Bonnet|Bullet Seed|p2a: Thundurus\n|-resisted|p2a: Thundurus\n|-damage|p2a: Thundurus|92\/100 slp\n|-resisted|p2a: Thundurus\n|-damage|p2a: Thundurus|83\/100 slp\n|-resisted|p2a: Thundurus\n|-damage|p2a: Thundurus|75\/100 slp\n|-resisted|p2a: Thundurus\n|-damage|p2a: Thundurus|66\/100 slp\n|-resisted|p2a: Thundurus\n|-damage|p2a: Thundurus|57\/100 slp\n|-hitcount|p2a: Thundurus|5\n|\n|upkeep\n|turn|12\n|\n|t:|1699852191\n|-curestatus|p2a: Thundurus|slp|[msg]\n|move|p2a: Thundurus|Thunderbolt|p1a: Brute Bonnet\n|-resisted|p1a: Brute Bonnet\n|-damage|p1a: Brute Bonnet|84\/100\n|move|p1a: Brute Bonnet|Bullet Seed|p2a: Thundurus\n|-resisted|p2a: Thundurus\n|-damage|p2a: Thundurus|49\/100\n|-enditem|p2a: Thundurus|Sitrus Berry|[eat]\n|-heal|p2a: Thundurus|74\/100|[from] item: Sitrus Berry\n|-resisted|p2a: Thundurus\n|-damage|p2a: Thundurus|67\/100\n|-resisted|p2a: Thundurus\n|-damage|p2a: Thundurus|58\/100\n|-resisted|p2a: Thundurus\n|-damage|p2a: Thundurus|51\/100\n|-hitcount|p2a: Thundurus|4\n|\n|upkeep\n|turn|13\n|\n|t:|1699852205\n|switch|p2a: Zarude|Zarude|62\/100\n|move|p1a: Brute Bonnet|Spore|p2a: Zarude\n|-immune|p2a: Zarude\n|\n|upkeep\n|turn|14\n|\n|t:|1699852214\n|move|p2a: Zarude|Knock Off|p1a: Brute Bonnet\n|-resisted|p1a: Brute Bonnet\n|-damage|p1a: Brute Bonnet|65\/100\n|-enditem|p1a: Brute Bonnet|Loaded Dice|[from] move: Knock Off|[of] p2a: Zarude\n|move|p1a: Brute Bonnet|Stomping Tantrum|p2a: Zarude\n|-resisted|p2a: Zarude\n|-damage|p2a: Zarude|35\/100\n|\n|upkeep\n|turn|15\n|\n|t:|1699852224\n|switch|p2a: Gholdengo|Gholdengo|100\/100\n|-item|p2a: Gholdengo|Air Balloon\n|move|p1a: Brute Bonnet|Sucker Punch||[still]\n|-fail|p1a: Brute Bonnet\n|\n|upkeep\n|turn|16\n|\n|t:|1699852240\n|move|p1a: Brute Bonnet|Sucker Punch||[still]\n|-fail|p1a: Brute Bonnet\n|move|p2a: Gholdengo|Nasty Plot|p2a: Gholdengo\n|-boost|p2a: Gholdengo|spa|2\n|\n|upkeep\n|turn|17\n|\n|t:|1699852247\n|move|p2a: Gholdengo|Make It Rain|p1a: Brute Bonnet\n|-damage|p1a: Brute Bonnet|0 fnt\n|-unboost|p2a: Gholdengo|spa|1\n|faint|p1a: Brute Bonnet\n|-end|p1a: Brute Bonnet|Protosynthesis|[silent]\n|\n|upkeep\n|\n|t:|1699852253\n|switch|p1a: Regieleki|Regieleki, shiny|32\/100\n|turn|18\n|\n|t:|1699852269\n|move|p1a: Regieleki|Thunder Cage|p2a: Gholdengo\n|-damage|p2a: Gholdengo|26\/100\n|-activate|p2a: Gholdengo|move: Thunder Cage|[of] p1a: Regieleki\n|-enditem|p2a: Gholdengo|Air Balloon\n|-damage|p1a: Regieleki|22\/100|[from] item: Life Orb\n|move|p2a: Gholdengo|Make It Rain|p1a: Regieleki\n|-resisted|p1a: Regieleki\n|-damage|p1a: Regieleki|0 fnt\n|-unboost|p2a: Gholdengo|spa|1\n|faint|p1a: Regieleki\n|\n|-end|p2a: Gholdengo|Thunder Cage|[partiallytrapped]|[silent]\n|upkeep\n|\n|t:|1699852282\n|switch|p1a: Volcarona|Volcarona, F, shiny|100\/100\n|turn|19\n|\n|t:|1699852294\n|move|p2a: Gholdengo|Trick|p1a: Volcarona\n|-activate|p2a: Gholdengo|move: Trick|[of] p1a: Volcarona\n|-enditem|p1a: Volcarona|Heavy-Duty Boots|[silent]|[from] move: Trick\n|-item|p2a: Gholdengo|Heavy-Duty Boots|[from] move: Trick\n|move|p1a: Volcarona|Fiery Dance|p2a: Gholdengo\n|-supereffective|p2a: Gholdengo\n|-damage|p2a: Gholdengo|0 fnt\n|faint|p2a: Gholdengo\n|\n|upkeep\n|\n|t:|1699852310\n|switch|p2a: Samurott|Samurott-Hisui, M, shiny|100\/100\n|turn|20\n|\n|t:|1699852317\n|move|p2a: Samurott|Ceaseless Edge|p1a: Volcarona\n|-damage|p1a: Volcarona|45\/100\n|-sidestart|p1: ArsenalFC0304|Spikes\n|-damage|p2a: Samurott|91\/100|[from] item: Life Orb\n|move|p1a: Volcarona|Giga Drain|p2a: Samurott\n|-supereffective|p2a: Samurott\n|-damage|p2a: Samurott|23\/100\n|-heal|p1a: Volcarona|74\/100|[from] drain|[of] p2a: Samurott\n|\n|upkeep\n|turn|21\n|\n|t:|1699852332\n|move|p2a: Samurott|Ceaseless Edge|p1a: Volcarona\n|-damage|p1a: Volcarona|21\/100\n|-sidestart|p1: ArsenalFC0304|Spikes\n|-damage|p2a: Samurott|14\/100|[from] item: Life Orb\n|move|p1a: Volcarona|Giga Drain|p2a: Samurott\n|-supereffective|p2a: Samurott\n|-damage|p2a: Samurott|0 fnt\n|-heal|p1a: Volcarona|26\/100|[from] drain|[of] p2a: Samurott\n|faint|p2a: Samurott\n|\n|upkeep\n|\n|t:|1699852343\n|switch|p2a: Thundurus|Thundurus, M|51\/100\n|turn|22\n|\n|t:|1699852356\n|move|p2a: Thundurus|Thunderbolt|p1a: Volcarona\n|-damage|p1a: Volcarona|0 fnt\n|faint|p1a: Volcarona\n|\n|upkeep\n|\n|t:|1699852361\n|switch|p1a: Pelipper|Pelipper, M, shiny|100\/100\n|-weather|RainDance|[from] ability: Drizzle|[of] p1a: Pelipper\n|turn|23\n|\n|t:|1699852380\n|move|p2a: Thundurus|Thunder Wave|p1a: Pelipper\n|-status|p1a: Pelipper|par\n|move|p1a: Pelipper|U-turn|p2a: Thundurus\n|-resisted|p2a: Thundurus\n|-damage|p2a: Thundurus|46\/100\n|\n|t:|1699852385\n|switch|p1a: Basculegion|Basculegion, M, shiny|100\/100|[from] U-turn\n|-damage|p1a: Basculegion|84\/100|[from] Spikes\n|\n|-weather|RainDance|[upkeep]\n|upkeep\n|turn|24\n|\n|t:|1699852406\n|move|p1a: Basculegion|Ice Fang|p2a: Thundurus\n|-supereffective|p2a: Thundurus\n|-damage|p2a: Thundurus|0 fnt\n|faint|p2a: Thundurus\n|\n|-weather|RainDance|[upkeep]\n|upkeep\n|\n|t:|1699852411\n|switch|p2a: Zarude|Zarude|35\/100\n|turn|25\n|\n|t:|1699852418\n|move|p1a: Basculegion|Ice Fang|p2a: Zarude\n|-supereffective|p2a: Zarude\n|-damage|p2a: Zarude|0 fnt\n|faint|p2a: Zarude\n|\n|win|ArsenalFC0304\n","uploadtime":1699852425,"views":8,"p1id":"arsenalfc0304","p2id":"tarheeltacticians","formatid":"gen9ubers","rating":0,"private":0,"password":""}