{"id":"gen9ubers-1978845883","p1":"banduandexpunged","p2":"HelloThereMites","format":"[Gen 9] Ubers","log":"|j|\u2606banduandexpunged\n|j|\u2606HelloThereMites\n|t:|1698602051\n|gametype|singles\n|player|p1|banduandexpunged|mars|1064\n|player|p2|HelloThereMites|alec-anime|1163\n|teamsize|p1|6\n|teamsize|p2|6\n|gen|9\n|tier|[Gen 9] Ubers\n|rated|\n|rule|Sleep Clause Mod: Limit one foe put to sleep\n|rule|Species Clause: Limit one of each Pok\u00e9mon\n|rule|OHKO Clause: OHKO moves are banned\n|rule|Evasion Items Clause: Evasion items are banned\n|rule|Evasion Moves Clause: Evasion moves are banned\n|rule|Endless Battle Clause: Forcing endless battles is banned\n|rule|HP Percentage Mod: HP is shown in percentages\n|clearpoke\n|poke|p1|Ogerpon-Cornerstone, F|\n|poke|p1|Quaquaval, F|\n|poke|p1|Clefable, F|\n|poke|p1|Gholdengo|\n|poke|p1|Landorus-Therian, M|\n|poke|p1|Rotom-Wash|\n|poke|p2|Ogerpon-Hearthflame, F|\n|poke|p2|Zacian-*|\n|poke|p2|Flutter Mane|\n|poke|p2|Iron Bundle|\n|poke|p2|Chien-Pao|\n|poke|p2|Koraidon|\n|teampreview\n|inactive|Battle timer is ON: inactive players will automatically lose when time's up. (requested by HelloThereMites)\n|inactive|HelloThereMites has 120 seconds left.\n|\n|t:|1698602082\n|start\n|switch|p1a: Landorus|Landorus-Therian, M, shiny|100\/100\n|switch|p2a: Zacian|Zacian-Crowned|100\/100\n|-ability|p2a: Zacian|Intrepid Sword|boost\n|-boost|p2a: Zacian|atk|1\n|-ability|p1a: Landorus|Intimidate|boost\n|-unboost|p2a: Zacian|atk|1\n|turn|1\n|\n|t:|1698602092\n|move|p2a: Zacian|Swords Dance|p2a: Zacian\n|-boost|p2a: Zacian|atk|2\n|move|p1a: Landorus|Stealth Rock|p2a: Zacian\n|-sidestart|p2: HelloThereMites|move: Stealth Rock\n|\n|upkeep\n|turn|2\n|\n|t:|1698602098\n|move|p2a: Zacian|Play Rough|p1a: Landorus\n|-damage|p1a: Landorus|2\/100\n|-damage|p2a: Zacian|84\/100|[from] item: Rocky Helmet|[of] p1a: Landorus\n|move|p1a: Landorus|Earthquake|p2a: Zacian\n|-supereffective|p2a: Zacian\n|-damage|p2a: Zacian|2\/100\n|\n|upkeep\n|turn|3\n|\n|t:|1698602108\n|move|p2a: Zacian|Behemoth Blade|p1a: Landorus\n|-damage|p1a: Landorus|0 fnt\n|-damage|p2a: Zacian|0 fnt|[from] item: Rocky Helmet|[of] p1a: Landorus\n|faint|p1a: Landorus\n|faint|p2a: Zacian\n|\n|upkeep\n|\n|t:|1698602118\n|switch|p2a: Ogerpon|Ogerpon-Hearthflame, F|100\/100\n|switch|p1a: Rotom|Rotom-Wash, shiny|100\/100\n|-damage|p2a: Ogerpon|76\/100|[from] Stealth Rock\n|-ability|p2a: Ogerpon|Mold Breaker\n|turn|4\n|\n|t:|1698602126\n|move|p2a: Ogerpon|Trailblaze|p1a: Rotom\n|-supereffective|p1a: Rotom\n|-damage|p1a: Rotom|51\/100\n|-boost|p2a: Ogerpon|spe|1\n|move|p1a: Rotom|Thunder Wave|p2a: Ogerpon\n|-status|p2a: Ogerpon|par\n|\n|-heal|p1a: Rotom|57\/100|[from] item: Leftovers\n|upkeep\n|turn|5\n|\n|t:|1698602139\n|move|p2a: Ogerpon|Trailblaze|p1a: Rotom\n|-supereffective|p1a: Rotom\n|-damage|p1a: Rotom|1\/100\n|-boost|p2a: Ogerpon|spe|1\n|move|p1a: Rotom|Hydro Pump|p2a: Ogerpon\n|-damage|p2a: Ogerpon|32\/100 par\n|\n|-heal|p1a: Rotom|7\/100|[from] item: Leftovers\n|upkeep\n|turn|6\n|\n|t:|1698602147\n|move|p1a: Rotom|Protect|p1a: Rotom\n|-singleturn|p1a: Rotom|Protect\n|cant|p2a: Ogerpon|par\n|\n|-heal|p1a: Rotom|13\/100|[from] item: Leftovers\n|upkeep\n|turn|7\n|\n|t:|1698602157\n|move|p2a: Ogerpon|Trailblaze|p1a: Rotom\n|-supereffective|p1a: Rotom\n|-crit|p1a: Rotom\n|-damage|p1a: Rotom|0 fnt\n|-boost|p2a: Ogerpon|spe|1\n|faint|p1a: Rotom\n|\n|upkeep\n|\n|t:|1698602162\n|switch|p1a: Quaquaval|Quaquaval, F|100\/100\n|turn|8\n|\n|t:|1698602166\n|move|p2a: Ogerpon|Horn Leech|p1a: Quaquaval\n|-supereffective|p1a: Quaquaval\n|-damage|p1a: Quaquaval|2\/100\n|-heal|p2a: Ogerpon|94\/100 par|[from] drain|[of] p1a: Quaquaval\n|move|p1a: Quaquaval|Rapid Spin|p2a: Ogerpon\n|-damage|p2a: Ogerpon|72\/100 par\n|-boost|p1a: Quaquaval|spe|1\n|\n|upkeep\n|turn|9\n|\n|t:|1698602174\n|move|p2a: Ogerpon|Trailblaze|p1a: Quaquaval\n|-supereffective|p1a: Quaquaval\n|-damage|p1a: Quaquaval|0 fnt\n|-boost|p2a: Ogerpon|spe|1\n|faint|p1a: Quaquaval\n|\n|upkeep\n|\n|t:|1698602178\n|switch|p1a: Gholdengo|Gholdengo|100\/100\n|turn|10\n|\n|t:|1698602184\n|move|p2a: Ogerpon|Ivy Cudgel|p1a: Gholdengo\n|-supereffective|p1a: Gholdengo\n|-damage|p1a: Gholdengo|0 fnt\n|faint|p1a: Gholdengo\n|\n|upkeep\n|\n|t:|1698602186\n|switch|p1a: Clefable|Clefable, F|100\/100\n|turn|11\n|\n|t:|1698602190\n|move|p2a: Ogerpon|Swords Dance|p2a: Ogerpon\n|-boost|p2a: Ogerpon|atk|2\n|move|p1a: Clefable|Calm Mind|p1a: Clefable\n|-boost|p1a: Clefable|spa|1\n|-boost|p1a: Clefable|spd|1\n|\n|upkeep\n|turn|12\n|\n|t:|1698602196\n|cant|p2a: Ogerpon|par\n|move|p1a: Clefable|Moonblast|p2a: Ogerpon\n|-resisted|p2a: Ogerpon\n|-damage|p2a: Ogerpon|46\/100 par\n|\n|upkeep\n|turn|13\n|\n|t:|1698602201\n|move|p2a: Ogerpon|Ivy Cudgel|p1a: Clefable\n|-damage|p1a: Clefable|0 fnt\n|faint|p1a: Clefable\n|\n|upkeep\n|\n|t:|1698602204\n|switch|p1a: its ogover|Ogerpon-Cornerstone, F|100\/100\n|turn|14\n|\n|t:|1698602209\n|-terastallize|p1a: its ogover|Rock\n|detailschange|p1a: its ogover|Ogerpon-Cornerstone-Tera, F, tera:Rock\n|-ability|p1a: its ogover|Embody Aspect (Cornerstone)|boost\n|-boost|p1a: its ogover|def|1\n|cant|p2a: Ogerpon|par\n|move|p1a: its ogover|Ivy Cudgel|p2a: Ogerpon\n|-supereffective|p2a: Ogerpon\n|-damage|p2a: Ogerpon|0 fnt\n|faint|p2a: Ogerpon\n|\n|upkeep\n|\n|t:|1698602218\n|switch|p2a: Koraidon|Koraidon|100\/100\n|-damage|p2a: Koraidon|94\/100|[from] Stealth Rock\n|-weather|SunnyDay|[from] ability: Orichalcum Pulse|[of] p2a: Koraidon\n|-activate|p2a: Koraidon|Orichalcum Pulse|[source]\n|turn|15\n|\n|t:|1698602226\n|move|p2a: Koraidon|Collision Course|p1a: its ogover\n|-supereffective|p1a: its ogover\n|-damage|p1a: its ogover|0 fnt\n|faint|p1a: its ogover\n|\n|win|HelloThereMites\n|raw|banduandexpunged's rating: 1064 &rarr; <strong>1050<\/strong><br \/>(-14 for losing)\n|raw|HelloThereMites's rating: 1163 &rarr; <strong>1181<\/strong><br \/>(+18 for winning)\n|l|\u2606banduandexpunged\n","uploadtime":1698602236,"views":7,"p1id":"banduandexpunged","p2id":"hellotheremites","formatid":"gen9ubers","rating":1050,"private":0,"password":""}