{"id":"gen9ubers-1978270066","p1":"JohnLongGone","p2":"IcyTheScreamer","format":"[Gen 9] Ubers","log":"|j|\u2606JohnLongGone\n|j|\u2606IcyTheScreamer\n|t:|1698519233\n|gametype|singles\n|player|p1|JohnLongGone|caitlin|\n|player|p2|IcyTheScreamer|ingo|\n|teamsize|p1|6\n|teamsize|p2|6\n|gen|9\n|tier|[Gen 9] Ubers\n|rule|Sleep Clause Mod: Limit one foe put to sleep\n|rule|Species Clause: Limit one of each Pok\u00e9mon\n|rule|OHKO Clause: OHKO moves are banned\n|rule|Evasion Items Clause: Evasion items are banned\n|rule|Evasion Moves Clause: Evasion moves are banned\n|rule|Endless Battle Clause: Forcing endless battles is banned\n|rule|HP Percentage Mod: HP is shown in percentages\n|clearpoke\n|poke|p1|Cyclizar, F|\n|poke|p1|Grimmsnarl, M|\n|poke|p1|Magearna|\n|poke|p1|Zacian-*|\n|poke|p1|Arceus-Fire|\n|poke|p1|Basculegion-F, F|\n|poke|p2|Dialga|\n|poke|p2|Gliscor, F|\n|poke|p2|Arceus-Poison|\n|poke|p2|Blissey, F|\n|poke|p2|Giratina|\n|poke|p2|Dondozo, M|\n|teampreview\n|inactive|Battle timer is ON: inactive players will automatically lose when time's up. (requested by JohnLongGone)\n|\n|t:|1698519265\n|start\n|switch|p1a: Grimmsnarl|Grimmsnarl, M|100\/100\n|switch|p2a: Giratina|Giratina|100\/100\n|-ability|p2a: Giratina|Pressure\n|turn|1\n|\n|t:|1698519274\n|move|p1a: Grimmsnarl|Taunt|p2a: Giratina\n|-start|p2a: Giratina|move: Taunt\n|cant|p2a: Giratina|move: Taunt|Roar\n|\n|upkeep\n|turn|2\n|\n|t:|1698519281\n|switch|p2a: Arceus|Arceus-Poison|100\/100\n|move|p1a: Grimmsnarl|Light Screen|p1a: Grimmsnarl\n|-sidestart|p1: JohnLongGone|move: Light Screen\n|\n|upkeep\n|turn|3\n|\n|t:|1698519290\n|move|p1a: Grimmsnarl|Parting Shot|p2a: Arceus\n|-unboost|p2a: Arceus|atk|1\n|-unboost|p2a: Arceus|spa|1\n|\n|t:|1698519291\n|switch|p1a: Magearna|Magearna|100\/100|[from] Parting Shot\n|move|p2a: Arceus|Taunt|p1a: Magearna\n|-start|p1a: Magearna|move: Taunt\n|\n|upkeep\n|turn|4\n|\n|t:|1698519299\n|move|p2a: Arceus|Flamethrower|p1a: Magearna\n|-supereffective|p1a: Magearna\n|-damage|p1a: Magearna|83\/100\n|-enditem|p1a: Magearna|Weakness Policy\n|-boost|p1a: Magearna|atk|2|[from] item: Weakness Policy\n|-boost|p1a: Magearna|spa|2|[from] item: Weakness Policy\n|move|p1a: Magearna|Stored Power|p2a: Arceus\n|-supereffective|p2a: Arceus\n|-damage|p2a: Arceus|21\/100\n|\n|upkeep\n|turn|5\n|\n|t:|1698519307\n|switch|p2a: Dialga|Dialga|100\/100\n|-ability|p2a: Dialga|Pressure\n|move|p1a: Magearna|Stored Power|p2a: Dialga\n|-resisted|p2a: Dialga\n|-damage|p2a: Dialga|77\/100\n|\n|-heal|p2a: Dialga|83\/100|[from] item: Leftovers\n|-end|p1a: Magearna|move: Taunt\n|upkeep\n|turn|6\n|\n|t:|1698519317\n|move|p2a: Dialga|Stealth Rock|p1a: Magearna\n|-sidestart|p1: JohnLongGone|move: Stealth Rock\n|move|p1a: Magearna|Calm Mind|p1a: Magearna\n|-boost|p1a: Magearna|spa|1\n|-boost|p1a: Magearna|spd|1\n|\n|-heal|p2a: Dialga|89\/100|[from] item: Leftovers\n|upkeep\n|turn|7\n|\n|t:|1698519320\n|move|p1a: Magearna|Calm Mind|p1a: Magearna\n|-boost|p1a: Magearna|spa|1\n|-boost|p1a: Magearna|spd|1\n|move|p2a: Dialga|Roar|p1a: Magearna\n|drag|p1a: Basculegion|Basculegion-F, F|100\/100\n|-damage|p1a: Basculegion|88\/100|[from] Stealth Rock\n|\n|-heal|p1a: Basculegion|94\/100|[from] item: Leftovers\n|-heal|p2a: Dialga|95\/100|[from] item: Leftovers\n|upkeep\n|turn|8\n|\n|t:|1698519330\n|move|p1a: Basculegion|Flip Turn|p2a: Dialga\n|-resisted|p2a: Dialga\n|-damage|p2a: Dialga|87\/100\n|\n|t:|1698519334\n|switch|p1a: Grimmsnarl|Grimmsnarl, M|100\/100|[from] Flip Turn\n|-damage|p1a: Grimmsnarl|88\/100|[from] Stealth Rock\n|move|p2a: Dialga|Earth Power|p1a: Grimmsnarl\n|-damage|p1a: Grimmsnarl|78\/100\n|\n|-heal|p2a: Dialga|93\/100|[from] item: Leftovers\n|upkeep\n|turn|9\n|\n|t:|1698519345\n|switch|p2a: Gliscor|Gliscor, F|100\/100\n|move|p1a: Grimmsnarl|Taunt|p2a: Gliscor\n|-start|p2a: Gliscor|move: Taunt\n|\n|-sideend|p1: JohnLongGone|move: Light Screen\n|-status|p2a: Gliscor|tox|[from] item: Toxic Orb\n|upkeep\n|turn|10\n|\n|t:|1698519350\n|move|p1a: Grimmsnarl|Reflect|p1a: Grimmsnarl\n|-sidestart|p1: JohnLongGone|Reflect\n|move|p2a: Gliscor|Knock Off|p1a: Grimmsnarl\n|-resisted|p1a: Grimmsnarl\n|-damage|p1a: Grimmsnarl|74\/100\n|-enditem|p1a: Grimmsnarl|Light Clay|[from] move: Knock Off|[of] p2a: Gliscor\n|\n|upkeep\n|turn|11\n|\n|t:|1698519358\n|switch|p2a: Arceus|Arceus-Poison|21\/100\n|move|p1a: Grimmsnarl|Light Screen|p1a: Grimmsnarl\n|-sidestart|p1: JohnLongGone|move: Light Screen\n|\n|upkeep\n|turn|12\n|\n|t:|1698519363\n|move|p1a: Grimmsnarl|Parting Shot|p2a: Arceus\n|-unboost|p2a: Arceus|atk|1\n|-unboost|p2a: Arceus|spa|1\n|\n|t:|1698519384\n|switch|p1a: Arceus|Arceus-Fire|100\/100|[from] Parting Shot\n|-damage|p1a: Arceus|76\/100|[from] Stealth Rock\n|move|p2a: Arceus|Recover|p2a: Arceus\n|-heal|p2a: Arceus|71\/100\n|\n|upkeep\n|turn|13\n|\n|t:|1698519390\n|switch|p2a: Dondozo|Dondozo, M|100\/100\n|move|p1a: Arceus|Dragon Dance|p1a: Arceus\n|-boost|p1a: Arceus|atk|1\n|-boost|p1a: Arceus|spe|1\n|\n|upkeep\n|turn|14\n|\n|t:|1698519399\n|switch|p1a: Magearna|Magearna|83\/100\n|-damage|p1a: Magearna|77\/100|[from] Stealth Rock\n|move|p2a: Dondozo|Curse|p2a: Dondozo\n|-unboost|p2a: Dondozo|spe|1\n|-boost|p2a: Dondozo|atk|1\n|-boost|p2a: Dondozo|def|1\n|\n|upkeep\n|turn|15\n|\n|t:|1698519410\n|switch|p2a: Dialga|Dialga|93\/100\n|-ability|p2a: Dialga|Pressure\n|move|p1a: Magearna|Calm Mind|p1a: Magearna\n|-boost|p1a: Magearna|spa|1\n|-boost|p1a: Magearna|spd|1\n|\n|-heal|p2a: Dialga|99\/100|[from] item: Leftovers\n|-sideend|p1: JohnLongGone|move: Light Screen\n|upkeep\n|turn|16\n|\n|t:|1698519419\n|move|p1a: Magearna|Draining Kiss|p2a: Dialga\n|-damage|p2a: Dialga|70\/100\n|-heal|p1a: Magearna|100\/100|[from] drain|[of] p2a: Dialga\n|move|p2a: Dialga|Roar|p1a: Magearna\n|drag|p1a: Basculegion|Basculegion-F, F|94\/100\n|-damage|p1a: Basculegion|82\/100|[from] Stealth Rock\n|\n|-heal|p1a: Basculegion|88\/100|[from] item: Leftovers\n|-heal|p2a: Dialga|76\/100|[from] item: Leftovers\n|upkeep\n|turn|17\n|\n|t:|1698519433\n|switch|p2a: Dondozo|Dondozo, M|100\/100\n|move|p1a: Basculegion|Flip Turn|p2a: Dondozo\n|-resisted|p2a: Dondozo\n|-damage|p2a: Dondozo|93\/100\n|-damage|p1a: Basculegion|71\/100|[from] item: Rocky Helmet|[of] p2a: Dondozo\n|\n|t:|1698519442\n|switch|p1a: Magearna|Magearna|100\/100|[from] Flip Turn\n|-damage|p1a: Magearna|94\/100|[from] Stealth Rock\n|\n|-sideend|p1: JohnLongGone|Reflect\n|upkeep\n|turn|18\n|\n|t:|1698519447\n|switch|p2a: Gliscor|Gliscor, F|100\/100 tox\n|move|p1a: Magearna|Calm Mind|p1a: Magearna\n|-boost|p1a: Magearna|spa|1\n|-boost|p1a: Magearna|spd|1\n|\n|upkeep\n|turn|19\n|\n|t:|1698519455\n|move|p2a: Gliscor|Earthquake|p1a: Magearna\n|-supereffective|p1a: Magearna\n|-damage|p1a: Magearna|53\/100\n|move|p1a: Magearna|Draining Kiss|p2a: Gliscor\n|-crit|p2a: Gliscor\n|-damage|p2a: Gliscor|56\/100 tox\n|-heal|p1a: Magearna|85\/100|[from] drain|[of] p2a: Gliscor\n|\n|-heal|p2a: Gliscor|69\/100 tox|[from] ability: Poison Heal\n|upkeep\n|turn|20\n|\n|t:|1698519469\n|-terastallize|p2a: Gliscor|Steel\n|move|p2a: Gliscor|Earthquake|p1a: Magearna\n|-supereffective|p1a: Magearna\n|-damage|p1a: Magearna|43\/100\n|move|p1a: Magearna|Draining Kiss|p2a: Gliscor\n|-resisted|p2a: Gliscor\n|-damage|p2a: Gliscor|55\/100 tox\n|-heal|p1a: Magearna|53\/100|[from] drain|[of] p2a: Gliscor\n|\n|-heal|p2a: Gliscor|67\/100 tox|[from] ability: Poison Heal\n|upkeep\n|turn|21\n|\n|t:|1698519484\n|switch|p1a: Cyclizar|Cyclizar, F|100\/100\n|-damage|p1a: Cyclizar|88\/100|[from] Stealth Rock\n|move|p2a: Gliscor|Earthquake|p1a: Cyclizar\n|-damage|p1a: Cyclizar|43\/100\n|\n|-heal|p2a: Gliscor|80\/100 tox|[from] ability: Poison Heal\n|upkeep\n|turn|22\n|\n|t:|1698519492\n|move|p1a: Cyclizar|U-turn|p2a: Gliscor\n|-resisted|p2a: Gliscor\n|-damage|p2a: Gliscor|74\/100 tox\n|\n|t:|1698519495\n|switch|p1a: Grimmsnarl|Grimmsnarl, M|74\/100|[from] U-turn\n|-damage|p1a: Grimmsnarl|62\/100|[from] Stealth Rock\n|move|p2a: Gliscor|Knock Off|p1a: Grimmsnarl\n|-resisted|p1a: Grimmsnarl\n|-damage|p1a: Grimmsnarl|58\/100\n|\n|-heal|p2a: Gliscor|86\/100 tox|[from] ability: Poison Heal\n|upkeep\n|turn|23\n|\n|t:|1698519500\n|move|p1a: Grimmsnarl|Reflect|p1a: Grimmsnarl\n|-sidestart|p1: JohnLongGone|Reflect\n|move|p2a: Gliscor|Toxic|p1a: Grimmsnarl\n|-status|p1a: Grimmsnarl|tox\n|\n|-heal|p2a: Gliscor|99\/100 tox|[from] ability: Poison Heal\n|-damage|p1a: Grimmsnarl|52\/100 tox|[from] psn\n|upkeep\n|turn|24\n|\n|t:|1698519509\n|switch|p2a: Arceus|Arceus-Poison|71\/100\n|move|p1a: Grimmsnarl|Parting Shot|p2a: Arceus\n|-unboost|p2a: Arceus|atk|1\n|-unboost|p2a: Arceus|spa|1\n|inactive|JohnLongGone has 270 seconds left.\n|\n|t:|1698519543\n|switch|p1a: Arceus|Arceus-Fire|76\/100|[from] Parting Shot\n|-damage|p1a: Arceus|51\/100|[from] Stealth Rock\n|\n|upkeep\n|turn|25\n|\n|t:|1698519547\n|switch|p2a: Dondozo|Dondozo, M|93\/100\n|move|p1a: Arceus|Recover|p1a: Arceus\n|-heal|p1a: Arceus|100\/100\n|\n|upkeep\n|turn|26\n|\n|t:|1698519553\n|switch|p1a: Magearna|Magearna|53\/100\n|-damage|p1a: Magearna|47\/100|[from] Stealth Rock\n|move|p2a: Dondozo|Curse|p2a: Dondozo\n|-unboost|p2a: Dondozo|spe|1\n|-boost|p2a: Dondozo|atk|1\n|-boost|p2a: Dondozo|def|1\n|\n|upkeep\n|turn|27\n|\n|t:|1698519556\n|move|p1a: Magearna|Draining Kiss|p2a: Dondozo\n|-damage|p2a: Dondozo|73\/100\n|-heal|p1a: Magearna|67\/100|[from] drain|[of] p2a: Dondozo\n|-damage|p1a: Magearna|51\/100|[from] item: Rocky Helmet|[of] p2a: Dondozo\n|move|p2a: Dondozo|Waterfall|p1a: Magearna\n|-damage|p1a: Magearna|38\/100\n|\n|-sideend|p1: JohnLongGone|Reflect\n|upkeep\n|turn|28\n|inactive|JohnLongGone has 270 seconds left.\n|\n|t:|1698519587\n|move|p1a: Magearna|Draining Kiss|p2a: Dondozo\n|-damage|p2a: Dondozo|52\/100\n|-heal|p1a: Magearna|60\/100|[from] drain|[of] p2a: Dondozo\n|-damage|p1a: Magearna|44\/100|[from] item: Rocky Helmet|[of] p2a: Dondozo\n|move|p2a: Dondozo|Curse|p2a: Dondozo\n|-unboost|p2a: Dondozo|spe|1\n|-boost|p2a: Dondozo|atk|1\n|-boost|p2a: Dondozo|def|1\n|\n|upkeep\n|turn|29\n|\n|t:|1698519594\n|move|p1a: Magearna|Calm Mind|p1a: Magearna\n|-boost|p1a: Magearna|spa|1\n|-boost|p1a: Magearna|spd|1\n|move|p2a: Dondozo|Waterfall|p1a: Magearna\n|-damage|p1a: Magearna|8\/100\n|\n|upkeep\n|turn|30\n|\n|t:|1698519603\n|move|p1a: Magearna|Draining Kiss|p2a: Dondozo\n|-damage|p2a: Dondozo|33\/100\n|-heal|p1a: Magearna|28\/100|[from] drain|[of] p2a: Dondozo\n|-damage|p1a: Magearna|12\/100|[from] item: Rocky Helmet|[of] p2a: Dondozo\n|move|p2a: Dondozo|Waterfall|p1a: Magearna\n|-damage|p1a: Magearna|0 fnt\n|faint|p1a: Magearna\n|\n|upkeep\n|inactive|JohnLongGone has 270 seconds left.\n|\n|t:|1698519620\n|switch|p1a: Grimmsnarl|Grimmsnarl, M|52\/100 tox\n|-damage|p1a: Grimmsnarl|39\/100 tox|[from] Stealth Rock\n|turn|31\n|\n|t:|1698519630\n|move|p1a: Grimmsnarl|Taunt|p2a: Dondozo\n|-start|p2a: Dondozo|move: Taunt\n|cant|p2a: Dondozo|move: Taunt|Rest\n|\n|-damage|p1a: Grimmsnarl|33\/100 tox|[from] psn\n|upkeep\n|turn|32\n|\n|t:|1698519642\n|switch|p2a: Gliscor|Gliscor, F, tera:Steel|99\/100 tox\n|move|p1a: Grimmsnarl|Parting Shot|p2a: Gliscor\n|-unboost|p2a: Gliscor|atk|1\n|-unboost|p2a: Gliscor|spa|1\n|\n|t:|1698519648\n|switch|p1a: Arceus|Arceus-Fire|100\/100|[from] Parting Shot\n|-damage|p1a: Arceus|76\/100|[from] Stealth Rock\n|\n|-heal|p2a: Gliscor|100\/100 tox|[from] ability: Poison Heal\n|upkeep\n|turn|33\n|\n|t:|1698519655\n|switch|p2a: Dondozo|Dondozo, M|33\/100\n|move|p1a: Arceus|Earthquake|p2a: Dondozo\n|-damage|p2a: Dondozo|17\/100\n|\n|upkeep\n|turn|34\n|\n|t:|1698519662\n|move|p1a: Arceus|Earthquake|p2a: Dondozo\n|-damage|p2a: Dondozo|2\/100\n|move|p2a: Dondozo|Rest|p2a: Dondozo\n|-status|p2a: Dondozo|slp|[from] move: Rest\n|-heal|p2a: Dondozo|100\/100 slp|[silent]\n|\n|upkeep\n|turn|35\n|\n|t:|1698519675\n|switch|p1a: Cyclizar|Cyclizar, F|76\/100\n|-damage|p1a: Cyclizar|64\/100|[from] Stealth Rock\n|cant|p2a: Dondozo|slp\n|move|p2a: Dondozo|Sleep Talk|p2a: Dondozo\n|move|p2a: Dondozo|Curse|p2a: Dondozo|[from]move: Sleep Talk\n|-unboost|p2a: Dondozo|spe|1\n|-boost|p2a: Dondozo|atk|1\n|-boost|p2a: Dondozo|def|1\n|\n|upkeep\n|turn|36\n|\n|t:|1698519683\n|move|p1a: Cyclizar|Shed Tail|p1a: Cyclizar\n|-start|p1a: Cyclizar|Substitute|[from] move: Shed Tail\n|-damage|p1a: Cyclizar|14\/100\n|\n|t:|1698519693\n|switch|p1a: Basculegion|Basculegion-F, F|71\/100|[from] Shed Tail\n|-damage|p1a: Basculegion|59\/100|[from] Stealth Rock\n|cant|p2a: Dondozo|slp\n|move|p2a: Dondozo|Sleep Talk|p2a: Dondozo\n|move|p2a: Dondozo|Curse|p2a: Dondozo|[from]move: Sleep Talk\n|-unboost|p2a: Dondozo|spe|1\n|-boost|p2a: Dondozo|atk|1\n|-boost|p2a: Dondozo|def|1\n|\n|-heal|p1a: Basculegion|65\/100|[from] item: Leftovers\n|upkeep\n|turn|37\n|\n|t:|1698519701\n|-terastallize|p1a: Basculegion|Ghost\n|move|p1a: Basculegion|Last Respects|p2a: Dondozo\n|-damage|p2a: Dondozo|87\/100 slp\n|-curestatus|p2a: Dondozo|slp|[msg]\n|move|p2a: Dondozo|Waterfall|p1a: Basculegion\n|-end|p1a: Basculegion|Substitute\n|\n|-heal|p1a: Basculegion|71\/100|[from] item: Leftovers\n|upkeep\n|turn|38\n|\n|t:|1698519725\n|switch|p1a: Cyclizar|Cyclizar, F|47\/100\n|-damage|p1a: Cyclizar|35\/100|[from] Stealth Rock\n|move|p2a: Dondozo|Waterfall|p1a: Cyclizar\n|-resisted|p1a: Cyclizar\n|-damage|p1a: Cyclizar|0 fnt\n|faint|p1a: Cyclizar\n|\n|upkeep\n|\n|t:|1698519728\n|switch|p1a: Zacian|Zacian|100\/100\n|-ability|p1a: Zacian|Intrepid Sword|boost\n|-boost|p1a: Zacian|atk|1\n|turn|39\n|\n|t:|1698519734\n|move|p1a: Zacian|Play Rough|p2a: Dondozo\n|-damage|p2a: Dondozo|77\/100\n|-damage|p1a: Zacian|84\/100|[from] item: Rocky Helmet|[of] p2a: Dondozo\n|move|p2a: Dondozo|Waterfall|p1a: Zacian\n|-damage|p1a: Zacian|37\/100\n|\n|upkeep\n|turn|40\n|\n|t:|1698519742\n|move|p1a: Zacian|Play Rough|p2a: Dondozo\n|-damage|p2a: Dondozo|66\/100\n|-damage|p1a: Zacian|20\/100|[from] item: Rocky Helmet|[of] p2a: Dondozo\n|move|p2a: Dondozo|Waterfall|p1a: Zacian\n|-damage|p1a: Zacian|0 fnt\n|faint|p1a: Zacian\n|\n|upkeep\n|\n|t:|1698519753\n|switch|p1a: Grimmsnarl|Grimmsnarl, M|33\/100 tox\n|-damage|p1a: Grimmsnarl|21\/100 tox|[from] Stealth Rock\n|turn|41\n|\n|t:|1698519760\n|move|p1a: Grimmsnarl|Reflect|p1a: Grimmsnarl\n|-sidestart|p1: JohnLongGone|Reflect\n|move|p2a: Dondozo|Curse|p2a: Dondozo\n|-unboost|p2a: Dondozo|spe|1\n|-boost|p2a: Dondozo|atk|1\n|-boost|p2a: Dondozo|def|1\n|\n|-damage|p1a: Grimmsnarl|15\/100 tox|[from] psn\n|upkeep\n|turn|42\n|\n|t:|1698519767\n|move|p1a: Grimmsnarl|Taunt|p2a: Dondozo\n|-start|p2a: Dondozo|move: Taunt\n|cant|p2a: Dondozo|move: Taunt|Curse\n|\n|-damage|p1a: Grimmsnarl|3\/100 tox|[from] psn\n|upkeep\n|turn|43\n|\n|t:|1698519774\n|move|p1a: Grimmsnarl|Parting Shot|p2a: Dondozo\n|-unboost|p2a: Dondozo|atk|1\n|-unboost|p2a: Dondozo|spa|1\n|\n|t:|1698519775\n|switch|p1a: Arceus|Arceus-Fire|76\/100|[from] Parting Shot\n|-damage|p1a: Arceus|51\/100|[from] Stealth Rock\n|move|p2a: Dondozo|Waterfall|p1a: Arceus\n|-supereffective|p1a: Arceus\n|-damage|p1a: Arceus|8\/100\n|\n|upkeep\n|turn|44\n|\n|t:|1698519783\n|move|p1a: Arceus|Earthquake|p2a: Dondozo\n|-damage|p2a: Dondozo|59\/100\n|move|p2a: Dondozo|Waterfall|p1a: Arceus\n|-supereffective|p1a: Arceus\n|-damage|p1a: Arceus|0 fnt\n|faint|p1a: Arceus\n|\n|-end|p2a: Dondozo|move: Taunt\n|upkeep\n|\n|t:|1698519800\n|switch|p1a: Grimmsnarl|Grimmsnarl, M|3\/100 tox\n|-damage|p1a: Grimmsnarl|0 fnt|[from] Stealth Rock\n|faint|p1a: Grimmsnarl\n|\n|t:|1698519801\n|switch|p1a: Basculegion|Basculegion-F, F, tera:Ghost|71\/100\n|-damage|p1a: Basculegion|59\/100|[from] Stealth Rock\n|turn|45\n|\n|t:|1698519808\n|move|p1a: Basculegion|Agility|p1a: Basculegion\n|-boost|p1a: Basculegion|spe|2\n|move|p2a: Dondozo|Waterfall|p1a: Basculegion\n|-damage|p1a: Basculegion|25\/100\n|\n|-heal|p1a: Basculegion|31\/100|[from] item: Leftovers\n|-sideend|p1: JohnLongGone|Reflect\n|upkeep\n|turn|46\n|\n|t:|1698519814\n|move|p1a: Basculegion|Last Respects|p2a: Dondozo\n|-damage|p2a: Dondozo|23\/100\n|move|p2a: Dondozo|Waterfall|p1a: Basculegion\n|-damage|p1a: Basculegion|0 fnt\n|faint|p1a: Basculegion\n|\n|win|IcyTheScreamer\n|c|\u2606IcyTheScreamer|gg\n","uploadtime":1698519821,"views":11,"p1id":"johnlonggone","p2id":"icythescreamer","formatid":"gen9ubers","rating":0,"private":0,"password":""}