{"id":"gen9ubers-1980121065","p1":"JohnLongGone","p2":"DumbassGaming","format":"[Gen 9] Ubers","log":"|j|\u2606JohnLongGone\n|j|\u2606DumbassGaming\n|t:|1698759179\n|gametype|singles\n|player|p1|JohnLongGone|caitlin|\n|player|p2|DumbassGaming|clown|\n|teamsize|p1|6\n|teamsize|p2|6\n|gen|9\n|tier|[Gen 9] Ubers\n|rule|Sleep Clause Mod: Limit one foe put to sleep\n|rule|Species Clause: Limit one of each Pok\u00e9mon\n|rule|OHKO Clause: OHKO moves are banned\n|rule|Evasion Items Clause: Evasion items are banned\n|rule|Evasion Moves Clause: Evasion moves are banned\n|rule|Endless Battle Clause: Forcing endless battles is banned\n|rule|HP Percentage Mod: HP is shown in percentages\n|clearpoke\n|poke|p1|Uxie|\n|poke|p1|Slowking-Galar, M|\n|poke|p1|Ursaluna, F|\n|poke|p1|Conkeldurr, M|\n|poke|p1|Dialga|\n|poke|p1|Meowscarada, F|\n|poke|p2|Zacian-*|\n|poke|p2|Ursaluna-Bloodmoon, M|\n|poke|p2|Giratina|\n|poke|p2|Palkia-Origin|\n|poke|p2|Zamazenta-*|\n|poke|p2|Arceus-Fire|\n|teampreview\n|inactive|Battle timer is ON: inactive players will automatically lose when time's up. (requested by DumbassGaming)\n|c|\u2606DumbassGaming|GLHF\n|inactive|JohnLongGone has 270 seconds left.\n|\n|t:|1698759211\n|start\n|switch|p1a: Uxie|Uxie|100\/100\n|switch|p2a: Giratina|Giratina|100\/100\n|-ability|p2a: Giratina|Pressure\n|turn|1\n|\n|t:|1698759215\n|move|p2a: Giratina|Calm Mind|p2a: Giratina\n|-boost|p2a: Giratina|spa|1\n|-boost|p2a: Giratina|spd|1\n|move|p1a: Uxie|Trick Room|p1a: Uxie\n|-fieldstart|move: Trick Room|[of] p1a: Uxie\n|\n|upkeep\n|turn|2\n|\n|t:|1698759220\n|move|p1a: Uxie|U-turn|p2a: Giratina\n|-resisted|p2a: Giratina\n|-damage|p2a: Giratina|97\/100\n|\n|t:|1698759225\n|switch|p1a: Dialga|Dialga|100\/100|[from] U-turn\n|-ability|p1a: Dialga|Pressure\n|move|p2a: Giratina|Calm Mind|p2a: Giratina\n|-boost|p2a: Giratina|spa|1\n|-boost|p2a: Giratina|spd|1\n|\n|upkeep\n|turn|3\n|\n|t:|1698759231\n|-terastallize|p2a: Giratina|Ghost\n|move|p1a: Dialga|Draco Meteor|p2a: Giratina\n|-damage|p2a: Giratina|73\/100\n|-unboost|p1a: Dialga|spa|2\n|move|p2a: Giratina|Aura Sphere|p1a: Dialga\n|-supereffective|p1a: Dialga\n|-damage|p1a: Dialga|7\/100\n|\n|-heal|p1a: Dialga|14\/100|[from] item: Leftovers\n|upkeep\n|turn|4\n|\n|t:|1698759246\n|switch|p1a: Uxie|Uxie|100\/100\n|move|p2a: Giratina|Calm Mind|p2a: Giratina\n|-boost|p2a: Giratina|spa|1\n|-boost|p2a: Giratina|spd|1\n|\n|upkeep\n|turn|5\n|\n|t:|1698759249\n|move|p1a: Uxie|U-turn|p2a: Giratina\n|-resisted|p2a: Giratina\n|-damage|p2a: Giratina|70\/100\n|\n|t:|1698759252\n|switch|p1a: Slowking|Slowking-Galar, M|100\/100|[from] U-turn\n|move|p2a: Giratina|Shadow Ball|p1a: Slowking\n|-supereffective|p1a: Slowking\n|-damage|p1a: Slowking|0 fnt\n|faint|p1a: Slowking\n|\n|-fieldend|move: Trick Room\n|upkeep\n|\n|t:|1698759253\n|switch|p1a: Meowscarada|Meowscarada, F|100\/100\n|turn|6\n|\n|t:|1698759255\n|move|p1a: Meowscarada|Knock Off|p2a: Giratina\n|-supereffective|p2a: Giratina\n|-damage|p2a: Giratina|14\/100\n|-enditem|p2a: Giratina|Heavy-Duty Boots|[from] move: Knock Off|[of] p1a: Meowscarada\n|move|p2a: Giratina|Aura Sphere|p1a: Meowscarada\n|-supereffective|p1a: Meowscarada\n|-damage|p1a: Meowscarada|0 fnt\n|faint|p1a: Meowscarada\n|\n|upkeep\n|\n|t:|1698759266\n|switch|p1a: Uxie|Uxie|100\/100\n|turn|7\n|\n|t:|1698759268\n|move|p2a: Giratina|Shadow Ball|p1a: Uxie\n|-supereffective|p1a: Uxie\n|-damage|p1a: Uxie|0 fnt\n|faint|p1a: Uxie\n|\n|upkeep\n|\n|t:|1698759278\n|switch|p1a: Ursaluna|Ursaluna, F|100\/100\n|turn|8\n|\n|t:|1698759282\n|move|p2a: Giratina|Aura Sphere|p1a: Ursaluna\n|-supereffective|p1a: Ursaluna\n|-damage|p1a: Ursaluna|0 fnt\n|faint|p1a: Ursaluna\n|\n|upkeep\n|\n|t:|1698759285\n|switch|p1a: Dialga|Dialga|14\/100\n|-ability|p1a: Dialga|Pressure\n|turn|9\n|c|\u2606DumbassGaming|gg\n|\n|t:|1698759293\n|move|p2a: Giratina|Aura Sphere|p1a: Dialga\n|-supereffective|p1a: Dialga\n|-damage|p1a: Dialga|0 fnt\n|faint|p1a: Dialga\n|\n|upkeep\n|\n|t:|1698759295\n|switch|p1a: Fuck You Ursaluna|Conkeldurr, M|100\/100\n|turn|10\n|\n|t:|1698759297\n|move|p2a: Giratina|Shadow Ball|p1a: Fuck You Ursaluna\n|-damage|p1a: Fuck You Ursaluna|0 fnt\n|faint|p1a: Fuck You Ursaluna\n|\n|win|DumbassGaming\n","uploadtime":1698759304,"views":11,"p1id":"johnlonggone","p2id":"dumbassgaming","formatid":"gen9ubers","rating":0,"private":0,"password":""}