{"id":"gen9ubers-1971708334","p1":"Chazl Dazl","p2":"kayjulers","format":"[Gen 9] Ubers","log":"|j|\u2606Chazl Dazl\n|j|\u2606kayjulers\n|t:|1697763424\n|gametype|singles\n|player|p1|Chazl Dazl|101|\n|player|p2|kayjulers|101|\n|teamsize|p1|6\n|teamsize|p2|6\n|gen|9\n|tier|[Gen 9] Ubers\n|rule|Sleep Clause Mod: Limit one foe put to sleep\n|rule|Species Clause: Limit one of each Pok\u00e9mon\n|rule|OHKO Clause: OHKO moves are banned\n|rule|Evasion Items Clause: Evasion items are banned\n|rule|Evasion Moves Clause: Evasion moves are banned\n|rule|Endless Battle Clause: Forcing endless battles is banned\n|rule|HP Percentage Mod: HP is shown in percentages\n|clearpoke\n|poke|p1|Iron Valiant|\n|poke|p1|Cryogonal|\n|poke|p1|Samurott-Hisui, M|\n|poke|p1|Ursaluna, F|\n|poke|p1|Arcanine-Hisui, M|\n|poke|p1|Goodra-Hisui, M|\n|poke|p2|Krookodile, F|\n|poke|p2|Weezing-Galar, M|\n|poke|p2|Ogerpon-Wellspring, F|\n|poke|p2|Tauros-Paldea-Blaze, M|\n|poke|p2|Haxorus, M|\n|poke|p2|Skeledirge, F|\n|teampreview\n|c|\u2606kayjulers|hf fren\n|c|\u2606Chazl Dazl|you too amigo\n|\n|t:|1697763556\n|start\n|switch|p1a: Iron Valiant|Iron Valiant|100\/100\n|switch|p2a: Doug Dimmadome|Weezing-Galar, M|100\/100\n|turn|1\n|\n|t:|1697763600\n|-end|p1a: Iron Valiant|Quark Drive|[silent]\n|switch|p1a: Goodra|Goodra-Hisui, M|100\/100\n|move|p2a: Doug Dimmadome|Strange Steam|p1a: Goodra\n|-damage|p1a: Goodra|84\/100\n|-start|p1a: Goodra|confusion\n|\n|-heal|p1a: Goodra|90\/100|[from] item: Leftovers\n|upkeep\n|turn|2\n|\n|t:|1697763646\n|switch|p2a: Chip da Ripper|Skeledirge, F|100\/100\n|switch|p1a: Cryogonal|Cryogonal|100\/100\n|\n|upkeep\n|turn|3\n|\n|t:|1697763683\n|switch|p1a: Samurott|Samurott-Hisui, M|100\/100\n|move|p2a: Chip da Ripper|Torch Song|p1a: Samurott\n|-resisted|p1a: Samurott\n|-crit|p1a: Samurott\n|-damage|p1a: Samurott|69\/100\n|-boost|p2a: Chip da Ripper|spa|1\n|\n|upkeep\n|turn|4\n|\n|t:|1697763692\n|switch|p2a: Doug Dimmadome|Weezing-Galar, M|100\/100\n|move|p1a: Samurott|Knock Off|p2a: Doug Dimmadome\n|-resisted|p2a: Doug Dimmadome\n|-damage|p2a: Doug Dimmadome|86\/100\n|-damage|p1a: Samurott|53\/100|[from] item: Rocky Helmet|[of] p2a: Doug Dimmadome\n|-enditem|p2a: Doug Dimmadome|Rocky Helmet|[from] move: Knock Off|[of] p1a: Samurott\n|\n|upkeep\n|turn|5\n|\n|t:|1697763707\n|switch|p1a: Goodra|Goodra-Hisui, M|90\/100\n|move|p2a: Doug Dimmadome|Strange Steam|p1a: Goodra\n|-damage|p1a: Goodra|73\/100\n|\n|-heal|p1a: Goodra|79\/100|[from] item: Leftovers\n|upkeep\n|turn|6\n|\n|t:|1697763714\n|switch|p2a: Chip da Ripper|Skeledirge, F|100\/100\n|move|p1a: Goodra|Acid Spray|p2a: Chip da Ripper\n|-resisted|p2a: Chip da Ripper\n|-damage|p2a: Chip da Ripper|95\/100\n|-unboost|p2a: Chip da Ripper|spd|2\n|\n|-heal|p1a: Goodra|85\/100|[from] item: Leftovers\n|upkeep\n|turn|7\n|j| Bogaes\n|\n|t:|1697763746\n|switch|p2a: M. Bison|Tauros-Paldea-Blaze, M|100\/100\n|-ability|p2a: M. Bison|Intimidate|boost\n|-unboost|p1a: Goodra|atk|1\n|move|p1a: Goodra|Acid Spray|p2a: M. Bison\n|-crit|p2a: M. Bison\n|-damage|p2a: M. Bison|73\/100\n|-unboost|p2a: M. Bison|spd|2\n|\n|-heal|p2a: M. Bison|79\/100|[from] item: Leftovers\n|-heal|p1a: Goodra|91\/100|[from] item: Leftovers\n|upkeep\n|turn|8\n|\n|t:|1697763775\n|switch|p2a: Chip da Ripper|Skeledirge, F|95\/100\n|switch|p1a: Iron Valiant|Iron Valiant|100\/100\n|\n|upkeep\n|turn|9\n|\n|t:|1697763785\n|move|p1a: Iron Valiant|Spirit Break|p2a: Chip da Ripper\n|-resisted|p2a: Chip da Ripper\n|-damage|p2a: Chip da Ripper|75\/100\n|-unboost|p2a: Chip da Ripper|spa|1\n|-damage|p1a: Iron Valiant|91\/100|[from] item: Life Orb\n|move|p2a: Chip da Ripper|Torch Song|p1a: Iron Valiant\n|-damage|p1a: Iron Valiant|54\/100\n|-boost|p2a: Chip da Ripper|spa|1\n|\n|upkeep\n|turn|10\n|\n|t:|1697763845\n|move|p1a: Iron Valiant|Disable|p2a: Chip da Ripper\n|-start|p2a: Chip da Ripper|Disable|Torch Song\n|move|p2a: Chip da Ripper|Hex|p1a: Iron Valiant\n|-damage|p1a: Iron Valiant|8\/100\n|\n|upkeep\n|turn|11\n|\n|t:|1697763858\n|-end|p1a: Iron Valiant|Quark Drive|[silent]\n|switch|p1a: Samurott|Samurott-Hisui, M|53\/100\n|move|p2a: Chip da Ripper|Slack Off|p2a: Chip da Ripper\n|-heal|p2a: Chip da Ripper|100\/100\n|\n|upkeep\n|turn|12\n|\n|t:|1697763866\n|switch|p2a: Doug Dimmadome|Weezing-Galar, M|86\/100\n|move|p1a: Samurott|Ceaseless Edge|p2a: Doug Dimmadome|[miss]\n|-miss|p1a: Samurott|p2a: Doug Dimmadome\n|\n|upkeep\n|turn|13\n|c|\u2606Chazl Dazl|brutal\n|c|\u2606kayjulers|Sorry\n|\n|t:|1697763882\n|switch|p1a: Goodra|Goodra-Hisui, M|91\/100\n|move|p2a: Doug Dimmadome|Strange Steam|p1a: Goodra\n|-damage|p1a: Goodra|73\/100\n|\n|-heal|p1a: Goodra|79\/100|[from] item: Leftovers\n|upkeep\n|turn|14\n|\n|t:|1697763888\n|switch|p2a: Chip da Ripper|Skeledirge, F|100\/100\n|move|p1a: Goodra|Flash Cannon|p2a: Chip da Ripper\n|-resisted|p2a: Chip da Ripper\n|-damage|p2a: Chip da Ripper|84\/100\n|\n|-heal|p1a: Goodra|85\/100|[from] item: Leftovers\n|upkeep\n|turn|15\n|\n|t:|1697763897\n|move|p2a: Chip da Ripper|Torch Song|p1a: Goodra\n|-damage|p1a: Goodra|65\/100\n|-boost|p2a: Chip da Ripper|spa|1\n|move|p1a: Goodra|Acid Spray|p2a: Chip da Ripper\n|-resisted|p2a: Chip da Ripper\n|-damage|p2a: Chip da Ripper|80\/100\n|-unboost|p2a: Chip da Ripper|spd|2\n|\n|-heal|p1a: Goodra|71\/100|[from] item: Leftovers\n|upkeep\n|turn|16\n|\n|t:|1697763946\n|move|p2a: Chip da Ripper|Torch Song|p1a: Goodra\n|-damage|p1a: Goodra|43\/100\n|-boost|p2a: Chip da Ripper|spa|1\n|move|p1a: Goodra|Draco Meteor|p2a: Chip da Ripper\n|-damage|p2a: Chip da Ripper|0 fnt\n|-unboost|p1a: Goodra|spa|2\n|faint|p2a: Chip da Ripper\n|\n|-heal|p1a: Goodra|49\/100|[from] item: Leftovers\n|upkeep\n|l| Bogaes\n|\n|t:|1697764072\n|switch|p2a: Skull Kid|Ogerpon-Wellspring, F|100\/100\n|turn|17\n|\n|t:|1697764112\n|-terastallize|p2a: Skull Kid|Water\n|detailschange|p2a: Skull Kid|Ogerpon-Wellspring-Tera, F, tera:Water\n|-ability|p2a: Skull Kid|Embody Aspect (Wellspring)|boost\n|-boost|p2a: Skull Kid|spd|1\n|move|p2a: Skull Kid|Swords Dance|p2a: Skull Kid\n|-boost|p2a: Skull Kid|atk|2\n|move|p1a: Goodra|Acid Spray|p2a: Skull Kid\n|-damage|p2a: Skull Kid|95\/100\n|-unboost|p2a: Skull Kid|spd|2\n|\n|-heal|p1a: Goodra|55\/100|[from] item: Leftovers\n|upkeep\n|turn|18\n|\n|t:|1697764146\n|move|p2a: Skull Kid|Superpower|p1a: Goodra\n|-supereffective|p1a: Goodra\n|-damage|p1a: Goodra|0 fnt\n|-unboost|p2a: Skull Kid|atk|1\n|-unboost|p2a: Skull Kid|def|1\n|faint|p1a: Goodra\n|\n|upkeep\n|\n|t:|1697764218\n|switch|p1a: Iron Valiant|Iron Valiant|8\/100\n|turn|19\n|\n|t:|1697764223\n|switch|p2a: Doug Dimmadome|Weezing-Galar, M|86\/100\n|move|p1a: Iron Valiant|Close Combat|p2a: Doug Dimmadome\n|-resisted|p2a: Doug Dimmadome\n|-damage|p2a: Doug Dimmadome|74\/100\n|-unboost|p1a: Iron Valiant|def|1\n|-unboost|p1a: Iron Valiant|spd|1\n|-damage|p1a: Iron Valiant|0 fnt|[from] item: Life Orb\n|faint|p1a: Iron Valiant\n|-end|p1a: Iron Valiant|Quark Drive|[silent]\n|\n|upkeep\n|\n|t:|1697764235\n|switch|p1a: Ursaluna|Ursaluna, F|100\/100\n|turn|20\n|\n|t:|1697764260\n|move|p2a: Doug Dimmadome|Strange Steam|p1a: Ursaluna\n|-damage|p1a: Ursaluna|78\/100\n|move|p1a: Ursaluna|Yawn|p2a: Doug Dimmadome\n|-start|p2a: Doug Dimmadome|move: Yawn|[of] p1a: Ursaluna\n|\n|-status|p1a: Ursaluna|brn|[from] item: Flame Orb\n|upkeep\n|turn|21\n|\n|t:|1697764287\n|switch|p2a: M. Bison|Tauros-Paldea-Blaze, M|79\/100\n|-ability|p2a: M. Bison|Intimidate|boost\n|-unboost|p1a: Ursaluna|atk|1\n|move|p1a: Ursaluna|Facade|p2a: M. Bison\n|-damage|p2a: M. Bison|10\/100\n|\n|-heal|p2a: M. Bison|16\/100|[from] item: Leftovers\n|-damage|p1a: Ursaluna|72\/100 brn|[from] brn\n|upkeep\n|turn|22\n|\n|t:|1697764298\n|switch|p1a: Samurott|Samurott-Hisui, M|53\/100\n|move|p2a: M. Bison|Body Press|p1a: Samurott\n|-supereffective|p1a: Samurott\n|-damage|p1a: Samurott|0 fnt\n|faint|p1a: Samurott\n|\n|-heal|p2a: M. Bison|22\/100|[from] item: Leftovers\n|upkeep\n|\n|t:|1697764308\n|switch|p1a: Arcanine|Arcanine-Hisui, M|100\/100\n|turn|23\n|\n|t:|1697764319\n|switch|p2a: Doug Dimmadome|Weezing-Galar, M|74\/100\n|move|p1a: Arcanine|Head Smash|p2a: Doug Dimmadome\n|-damage|p2a: Doug Dimmadome|22\/100\n|\n|upkeep\n|turn|24\n|\n|t:|1697764323\n|move|p1a: Arcanine|Head Smash|p2a: Doug Dimmadome|[miss]\n|-miss|p1a: Arcanine|p2a: Doug Dimmadome\n|move|p2a: Doug Dimmadome|Pain Split|p1a: Arcanine\n|-sethp|p1a: Arcanine|62\/100|[from] move: Pain Split|[silent]\n|-sethp|p2a: Doug Dimmadome|61\/100|[from] move: Pain Split\n|\n|upkeep\n|turn|25\n|\n|t:|1697764326\n|move|p1a: Arcanine|Head Smash|p2a: Doug Dimmadome|[miss]\n|-miss|p1a: Arcanine|p2a: Doug Dimmadome\n|move|p2a: Doug Dimmadome|Strange Steam|p1a: Arcanine\n|-resisted|p1a: Arcanine\n|-damage|p1a: Arcanine|44\/100\n|\n|upkeep\n|turn|26\n|c|\u2606kayjulers|I'm sorry\n|c|\u2606Chazl Dazl|bro.\n|\n|t:|1697764337\n|move|p1a: Arcanine|Head Smash|p2a: Doug Dimmadome\n|-damage|p2a: Doug Dimmadome|7\/100\n|move|p2a: Doug Dimmadome|Strange Steam|p1a: Arcanine\n|-resisted|p1a: Arcanine\n|-crit|p1a: Arcanine\n|-damage|p1a: Arcanine|19\/100\n|-start|p1a: Arcanine|confusion\n|\n|upkeep\n|turn|27\n|\n|t:|1697764341\n|switch|p1a: Cryogonal|Cryogonal|100\/100\n|move|p2a: Doug Dimmadome|Strange Steam|p1a: Cryogonal\n|-damage|p1a: Cryogonal|80\/100\n|\n|-heal|p1a: Cryogonal|86\/100|[from] item: Leftovers\n|upkeep\n|turn|28\n|\n|t:|1697764345\n|move|p1a: Cryogonal|Rapid Spin|p2a: Doug Dimmadome\n|-damage|p2a: Doug Dimmadome|3\/100\n|-boost|p1a: Cryogonal|spe|1\n|move|p2a: Doug Dimmadome|Pain Split|p1a: Cryogonal\n|-sethp|p1a: Cryogonal|45\/100|[from] move: Pain Split|[silent]\n|-sethp|p2a: Doug Dimmadome|48\/100|[from] move: Pain Split\n|\n|-heal|p1a: Cryogonal|51\/100|[from] item: Leftovers\n|upkeep\n|turn|29\n|\n|t:|1697764350\n|move|p1a: Cryogonal|Recover|p1a: Cryogonal\n|-heal|p1a: Cryogonal|100\/100\n|move|p2a: Doug Dimmadome|Toxic|p1a: Cryogonal\n|-status|p1a: Cryogonal|tox\n|\n|-damage|p1a: Cryogonal|94\/100 tox|[from] psn\n|upkeep\n|turn|30\n|\n|t:|1697764355\n|move|p1a: Cryogonal|Freeze-Dry|p2a: Doug Dimmadome\n|-damage|p2a: Doug Dimmadome|5\/100\n|move|p2a: Doug Dimmadome|Pain Split|p1a: Cryogonal\n|-sethp|p1a: Cryogonal|50\/100 tox|[from] move: Pain Split|[silent]\n|-sethp|p2a: Doug Dimmadome|54\/100|[from] move: Pain Split\n|\n|-heal|p1a: Cryogonal|56\/100 tox|[from] item: Leftovers\n|-damage|p1a: Cryogonal|43\/100 tox|[from] psn\n|upkeep\n|turn|31\n|\n|t:|1697764364\n|switch|p1a: Ursaluna|Ursaluna, F|72\/100 brn\n|move|p2a: Doug Dimmadome|Pain Split|p1a: Ursaluna\n|-sethp|p1a: Ursaluna|56\/100 brn|[from] move: Pain Split|[silent]\n|-sethp|p2a: Doug Dimmadome|77\/100|[from] move: Pain Split\n|\n|-damage|p1a: Ursaluna|50\/100 brn|[from] brn\n|upkeep\n|turn|32\n|\n|t:|1697764379\n|switch|p2a: M. Bison|Tauros-Paldea-Blaze, M|22\/100\n|-ability|p2a: M. Bison|Intimidate|boost\n|-unboost|p1a: Ursaluna|atk|1\n|move|p1a: Ursaluna|Facade|p2a: M. Bison\n|-damage|p2a: M. Bison|0 fnt\n|faint|p2a: M. Bison\n|\n|-damage|p1a: Ursaluna|43\/100 brn|[from] brn\n|upkeep\n|\n|t:|1697764384\n|switch|p2a: Hax \"R\" Us|Haxorus, M|100\/100\n|-ability|p2a: Hax \"R\" Us|Mold Breaker\n|turn|33\n|\n|t:|1697764392\n|move|p2a: Hax \"R\" Us|Scale Shot|p1a: Ursaluna\n|-damage|p1a: Ursaluna|33\/100 brn\n|-damage|p1a: Ursaluna|23\/100 brn\n|-damage|p1a: Ursaluna|12\/100 brn\n|-damage|p1a: Ursaluna|2\/100 brn\n|-hitcount|p1a: Ursaluna|4\n|-unboost|p2a: Hax \"R\" Us|def|1\n|-boost|p2a: Hax \"R\" Us|spe|1\n|move|p1a: Ursaluna|Play Rough|p2a: Hax \"R\" Us\n|-supereffective|p2a: Hax \"R\" Us\n|-damage|p2a: Hax \"R\" Us|0 fnt\n|faint|p2a: Hax \"R\" Us\n|\n|-damage|p1a: Ursaluna|0 fnt|[from] brn\n|faint|p1a: Ursaluna\n|upkeep\n|\n|t:|1697764421\n|switch|p2a: Chip tha Ripper|Krookodile, F|100\/100\n|switch|p1a: Arcanine|Arcanine-Hisui, M|19\/100\n|turn|34\n|\n|t:|1697764432\n|move|p2a: Chip tha Ripper|Close Combat|p1a: Arcanine\n|-supereffective|p1a: Arcanine\n|-crit|p1a: Arcanine\n|-damage|p1a: Arcanine|0 fnt\n|-unboost|p2a: Chip tha Ripper|def|1\n|-unboost|p2a: Chip tha Ripper|spd|1\n|faint|p1a: Arcanine\n|-ability|p2a: Chip tha Ripper|Moxie|boost\n|-boost|p2a: Chip tha Ripper|atk|1\n|\n|upkeep\n|\n|t:|1697764434\n|switch|p1a: Cryogonal|Cryogonal|43\/100 tox\n|turn|35\n|\n|t:|1697764441\n|-terastallize|p1a: Cryogonal|Fairy\n|move|p2a: Chip tha Ripper|Close Combat|p1a: Cryogonal\n|-resisted|p1a: Cryogonal\n|-damage|p1a: Cryogonal|0 fnt\n|-unboost|p2a: Chip tha Ripper|def|1\n|-unboost|p2a: Chip tha Ripper|spd|1\n|faint|p1a: Cryogonal\n|\n|win|kayjulers\n|c|\u2606Chazl Dazl|gg\n|c|\u2606kayjulers|gg\n|l|\u2606Chazl Dazl\n|c|\u2606kayjulers|Sorry about the misses\n","uploadtime":1697764454,"views":32,"p1id":"chazldazl","p2id":"kayjulers","formatid":"gen9ubers","rating":0,"private":0,"password":""}