{"id":"gen9ubers-1983702674","p1":"Huggxsehh","p2":"asome123","format":"[Gen 9] Ubers","log":"|j|\u2606Huggxsehh\n|j|\u2606asome123\n|t:|1699163646\n|gametype|singles\n|player|p1|Huggxsehh|acetrainer-gen4dp|1000\n|player|p2|asome123|guitarist|1053\n|teamsize|p1|6\n|teamsize|p2|6\n|gen|9\n|tier|[Gen 9] Ubers\n|rated|\n|rule|Sleep Clause Mod: Limit one foe put to sleep\n|rule|Species Clause: Limit one of each Pok\u00e9mon\n|rule|OHKO Clause: OHKO moves are banned\n|rule|Evasion Items Clause: Evasion items are banned\n|rule|Evasion Moves Clause: Evasion moves are banned\n|rule|Endless Battle Clause: Forcing endless battles is banned\n|rule|HP Percentage Mod: HP is shown in percentages\n|clearpoke\n|poke|p1|Kingambit, M|\n|poke|p1|Calyrex-Ice|\n|poke|p1|Espathra, M|\n|poke|p1|Vikavolt, F|\n|poke|p1|Zoroark-Hisui, M|\n|poke|p1|Arceus-Ground|\n|poke|p2|Eternatus|\n|poke|p2|Kingambit, F|\n|poke|p2|Darkrai|\n|poke|p2|Ursaluna-Bloodmoon, M|\n|poke|p2|Volcarona, M|\n|poke|p2|Urshifu-*, M|\n|teampreview\n|inactive|Battle timer is ON: inactive players will automatically lose when time's up. (requested by Huggxsehh)\n|\n|t:|1699163672\n|start\n|switch|p1a: Arceus|Arceus-Ground|100\/100\n|switch|p2a: Eternatus|Eternatus|100\/100\n|-ability|p2a: Eternatus|Pressure\n|turn|1\n|\n|t:|1699163679\n|move|p2a: Eternatus|Toxic Spikes|p1a: Arceus\n|-sidestart|p1: Huggxsehh|move: Toxic Spikes\n|move|p1a: Arceus|Judgment|p2a: Eternatus\n|-supereffective|p2a: Eternatus\n|-enditem|p2a: Eternatus|Focus Sash\n|-damage|p2a: Eternatus|1\/100\n|\n|upkeep\n|turn|2\n|\n|t:|1699163691\n|move|p2a: Eternatus|Toxic|p1a: Arceus\n|-status|p1a: Arceus|tox\n|move|p1a: Arceus|Judgment|p2a: Eternatus\n|-supereffective|p2a: Eternatus\n|-damage|p2a: Eternatus|0 fnt\n|faint|p2a: Eternatus\n|\n|-damage|p1a: Arceus|94\/100 tox|[from] psn\n|upkeep\n|\n|t:|1699163704\n|switch|p2a: Urshifu|Urshifu-Rapid-Strike, M|100\/100\n|turn|3\n|\n|t:|1699163716\n|move|p2a: Urshifu|Surging Strikes|p1a: Arceus\n|-supereffective|p1a: Arceus\n|-crit|p1a: Arceus\n|-damage|p1a: Arceus|73\/100 tox\n|-supereffective|p1a: Arceus\n|-crit|p1a: Arceus\n|-damage|p1a: Arceus|49\/100 tox\n|-supereffective|p1a: Arceus\n|-crit|p1a: Arceus\n|-damage|p1a: Arceus|29\/100 tox\n|-hitcount|p1a: Arceus|3\n|move|p1a: Arceus|Psychic|p2a: Urshifu\n|-supereffective|p2a: Urshifu\n|-damage|p2a: Urshifu|31\/100\n|\n|-damage|p1a: Arceus|16\/100 tox|[from] psn\n|upkeep\n|turn|4\n|\n|t:|1699163728\n|move|p2a: Urshifu|Aqua Jet|p1a: Arceus\n|-supereffective|p1a: Arceus\n|-damage|p1a: Arceus|0 fnt\n|faint|p1a: Arceus\n|\n|upkeep\n|\n|t:|1699163735\n|switch|p1a: Kingambit|Kingambit, M|100\/100\n|-status|p1a: Kingambit|psn\n|turn|5\n|\n|t:|1699163758\n|move|p2a: Urshifu|Aqua Jet|p1a: Kingambit\n|-damage|p1a: Kingambit|58\/100 psn\n|replace|p1a: Zoroark|Zoroark-Hisui, M\n|-end|p1a: Zoroark|Illusion\n|move|p1a: Zoroark|Psychic|p2a: Urshifu\n|-supereffective|p2a: Urshifu\n|-damage|p2a: Urshifu|0 fnt\n|faint|p2a: Urshifu\n|\n|-damage|p1a: Zoroark|46\/100 psn|[from] psn\n|upkeep\n|inactive|asome123 has 120 seconds left.\n|\n|t:|1699163774\n|switch|p2a: Ursaluna|Ursaluna-Bloodmoon, M|100\/100\n|turn|6\n|\n|t:|1699163780\n|-terastallize|p2a: Ursaluna|Fairy\n|move|p1a: Zoroark|Poltergeist|p2a: Ursaluna\n|-activate|p2a: Ursaluna|move: Poltergeist|Assault Vest\n|-damage|p2a: Ursaluna|62\/100\n|move|p2a: Ursaluna|Tera Blast|p1a: Zoroark|[anim] Tera Blast Fairy\n|-damage|p1a: Zoroark|0 fnt\n|faint|p1a: Zoroark\n|\n|upkeep\n|\n|t:|1699163789\n|switch|p1a: Espathra|Espathra, M|100\/100\n|turn|7\n|\n|t:|1699163800\n|move|p2a: Ursaluna|Earth Power|p1a: Espathra\n|-damage|p1a: Espathra|40\/100\n|move|p1a: Espathra|Trick Room|p1a: Espathra\n|-fieldstart|move: Trick Room|[of] p1a: Espathra\n|\n|-ability|p1a: Espathra|Speed Boost|boost\n|-boost|p1a: Espathra|spe|1\n|upkeep\n|turn|8\n|\n|t:|1699163818\n|move|p2a: Ursaluna|Blood Moon|p1a: Espathra\n|-damage|p1a: Espathra|0 fnt\n|faint|p1a: Espathra\n|\n|upkeep\n|\n|t:|1699163823\n|switch|p1a: Calyrex|Calyrex-Ice|100\/100\n|-ability|p1a: Calyrex|As One\n|-ability|p1a: Calyrex|Unnerve\n|turn|9\n|\n|t:|1699163838\n|move|p1a: Calyrex|Glacial Lance|p2a: Ursaluna\n|-damage|p2a: Ursaluna|0 fnt\n|faint|p2a: Ursaluna\n|-ability|p1a: Calyrex|Chilling Neigh|boost\n|-boost|p1a: Calyrex|atk|1\n|\n|upkeep\n|\n|t:|1699163844\n|switch|p2a: Darkrai|Darkrai|100\/100\n|turn|10\n|\n|t:|1699163850\n|move|p1a: Calyrex|Body Press|p2a: Darkrai\n|-supereffective|p2a: Darkrai\n|-damage|p2a: Darkrai|42\/100\n|move|p2a: Darkrai|Hypnosis|p1a: Calyrex\n|-status|p1a: Calyrex|slp|[from] move: Hypnosis\n|\n|-damage|p1a: Calyrex|88\/100 slp|[from] ability: Bad Dreams|[of] p2a: Darkrai\n|upkeep\n|turn|11\n|\n|t:|1699163858\n|cant|p1a: Calyrex|slp\n|move|p2a: Darkrai|Knock Off|p1a: Calyrex\n|-supereffective|p1a: Calyrex\n|-damage|p1a: Calyrex|52\/100 slp\n|-enditem|p1a: Calyrex|Heavy-Duty Boots|[from] move: Knock Off|[of] p2a: Darkrai\n|\n|-fieldend|move: Trick Room\n|-damage|p1a: Calyrex|40\/100 slp|[from] ability: Bad Dreams|[of] p2a: Darkrai\n|upkeep\n|turn|12\n|\n|t:|1699163867\n|move|p2a: Darkrai|Dream Eater|p1a: Calyrex\n|-resisted|p1a: Calyrex\n|-damage|p1a: Calyrex|29\/100 slp\n|-heal|p2a: Darkrai|49\/100|[from] drain|[of] p1a: Calyrex\n|-curestatus|p1a: Calyrex|slp|[msg]\n|move|p1a: Calyrex|Body Press|p2a: Darkrai\n|-supereffective|p2a: Darkrai\n|-crit|p2a: Darkrai\n|-damage|p2a: Darkrai|0 fnt\n|faint|p2a: Darkrai\n|-ability|p1a: Calyrex|Chilling Neigh|boost\n|-boost|p1a: Calyrex|atk|1\n|\n|upkeep\n|\n|t:|1699163881\n|switch|p2a: Volcarona|Volcarona, M|100\/100\n|turn|13\n|\n|t:|1699163890\n|move|p2a: Volcarona|Fire Blast|p1a: Calyrex\n|-supereffective|p1a: Calyrex\n|-damage|p1a: Calyrex|0 fnt\n|faint|p1a: Calyrex\n|-damage|p2a: Volcarona|91\/100|[from] item: Life Orb\n|\n|upkeep\n|\n|t:|1699163896\n|switch|p1a: Vikavolt|Vikavolt, F|100\/100\n|turn|14\n|\n|t:|1699163903\n|move|p2a: Volcarona|Fiery Dance|p1a: Vikavolt\n|-supereffective|p1a: Vikavolt\n|-damage|p1a: Vikavolt|0 fnt\n|faint|p1a: Vikavolt\n|-damage|p2a: Volcarona|81\/100|[from] item: Life Orb\n|\n|upkeep\n|\n|t:|1699163909\n|switch|p1a: Kingambit|Kingambit, M|100\/100\n|-activate|p1a: Kingambit|ability: Supreme Overlord\n|-start|p1a: Kingambit|fallen5|[silent]\n|turn|15\n|\n|t:|1699163916\n|move|p1a: Kingambit|Sucker Punch|p2a: Volcarona\n|-damage|p2a: Volcarona|0 fnt\n|faint|p2a: Volcarona\n|\n|upkeep\n|\n|t:|1699163919\n|switch|p2a: Kingambit|Kingambit, F|100\/100\n|-activate|p2a: Kingambit|ability: Supreme Overlord\n|-start|p2a: Kingambit|fallen5|[silent]\n|turn|16\n|\n|t:|1699163938\n|move|p1a: Kingambit|Sucker Punch|p2a: Kingambit\n|-resisted|p2a: Kingambit\n|-damage|p2a: Kingambit|59\/100\n|move|p2a: Kingambit|Kowtow Cleave|p1a: Kingambit\n|-resisted|p1a: Kingambit\n|-damage|p1a: Kingambit|71\/100\n|\n|upkeep\n|turn|17\n|\n|t:|1699163944\n|move|p1a: Kingambit|Sucker Punch|p2a: Kingambit\n|-resisted|p2a: Kingambit\n|-damage|p2a: Kingambit|21\/100\n|move|p2a: Kingambit|Kowtow Cleave|p1a: Kingambit\n|-resisted|p1a: Kingambit\n|-crit|p1a: Kingambit\n|-damage|p1a: Kingambit|27\/100\n|\n|upkeep\n|turn|18\n|\n|t:|1699163951\n|move|p1a: Kingambit|Sucker Punch|p2a: Kingambit\n|-resisted|p2a: Kingambit\n|-damage|p2a: Kingambit|0 fnt\n|faint|p2a: Kingambit\n|-end|p2a: Kingambit|fallen5|[silent]\n|\n|win|Huggxsehh\n|raw|Huggxsehh's rating: 1000 &rarr; <strong>1046<\/strong><br \/>(+46 for winning)\n|raw|asome123's rating: 1053 &rarr; <strong>1032<\/strong><br \/>(-21 for losing)\n|l|\u2606Huggxsehh\n","uploadtime":1699163959,"views":7,"p1id":"huggxsehh","p2id":"asome123","formatid":"gen9ubers","rating":1032,"private":0,"password":""}