{"id":"gen9ubers-1978788787","p1":"Anne Frankkkk","p2":"ganzert1502","format":"[Gen 9] Ubers","log":"|j|\u2606Anne Frankkkk\n|j|\u2606ganzert1502\n|t:|1698595358\n|gametype|singles\n|player|p1|Anne Frankkkk|hilbert|1243\n|player|p2|ganzert1502|102|1114\n|teamsize|p1|6\n|teamsize|p2|6\n|gen|9\n|tier|[Gen 9] Ubers\n|rated|\n|rule|Sleep Clause Mod: Limit one foe put to sleep\n|rule|Species Clause: Limit one of each Pok\u00e9mon\n|rule|OHKO Clause: OHKO moves are banned\n|rule|Evasion Items Clause: Evasion items are banned\n|rule|Evasion Moves Clause: Evasion moves are banned\n|rule|Endless Battle Clause: Forcing endless battles is banned\n|rule|HP Percentage Mod: HP is shown in percentages\n|clearpoke\n|poke|p1|Iron Hands|\n|poke|p1|Kyogre|\n|poke|p1|Chien-Pao|\n|poke|p1|Ribombee, F|\n|poke|p1|Miraidon|\n|poke|p1|Flutter Mane|\n|poke|p2|Gengar, F|\n|poke|p2|Dragonite, F|\n|poke|p2|Scizor, M|\n|poke|p2|Volcarona, M|\n|poke|p2|Snorlax, M|\n|poke|p2|Giratina|\n|teampreview\n|inactive|Battle timer is ON: inactive players will automatically lose when time's up. (requested by Anne Frankkkk)\n|\n|t:|1698595367\n|start\n|switch|p1a: Moonblast|Ribombee, F, shiny|100\/100\n|switch|p2a: Giratina|Giratina|100\/100\n|-ability|p2a: Giratina|Pressure\n|turn|1\n|\n|t:|1698595375\n|switch|p1a: Ice Cat|Chien-Pao|100\/100\n|-ability|p1a: Ice Cat|Sword of Ruin\n|move|p2a: Giratina|Will-O-Wisp|p1a: Ice Cat\n|-status|p1a: Ice Cat|brn\n|\n|-damage|p1a: Ice Cat|95\/100 brn|[from] brn\n|upkeep\n|turn|2\n|\n|t:|1698595391\n|move|p1a: Ice Cat|Swords Dance|p1a: Ice Cat\n|-boost|p1a: Ice Cat|atk|2\n|move|p2a: Giratina|Defog|p1a: Ice Cat\n|-unboost|p1a: Ice Cat|evasion|1\n|\n|-damage|p1a: Ice Cat|89\/100 brn|[from] brn\n|upkeep\n|turn|3\n|\n|t:|1698595404\n|move|p1a: Ice Cat|Swords Dance|p1a: Ice Cat\n|-boost|p1a: Ice Cat|atk|2\n|move|p2a: Giratina|Will-O-Wisp|p1a: Ice Cat\n|-fail|p1a: Ice Cat|brn\n|\n|-damage|p1a: Ice Cat|83\/100 brn|[from] brn\n|upkeep\n|turn|4\n|\n|t:|1698595413\n|move|p1a: Ice Cat|Swords Dance|p1a: Ice Cat\n|-boost|p1a: Ice Cat|atk|2\n|move|p2a: Giratina|Defog|p1a: Ice Cat\n|-unboost|p1a: Ice Cat|evasion|1\n|\n|-damage|p1a: Ice Cat|77\/100 brn|[from] brn\n|upkeep\n|turn|5\n|\n|t:|1698595422\n|move|p1a: Ice Cat|Ice Spinner|p2a: Giratina\n|-supereffective|p2a: Giratina\n|-damage|p2a: Giratina|0 fnt\n|faint|p2a: Giratina\n|-damage|p1a: Ice Cat|67\/100 brn|[from] item: Life Orb\n|\n|-damage|p1a: Ice Cat|61\/100 brn|[from] brn\n|upkeep\n|\n|t:|1698595430\n|switch|p2a: Gengar|Gengar, F|100\/100\n|turn|6\n|\n|t:|1698595436\n|move|p1a: Ice Cat|Sucker Punch||[still]\n|-fail|p1a: Ice Cat\n|move|p2a: Gengar|Hypnosis||[still]\n|-fail|p2a: Gengar\n|\n|-damage|p1a: Ice Cat|55\/100 brn|[from] brn\n|upkeep\n|turn|7\n|\n|t:|1698595444\n|move|p1a: Ice Cat|Ice Spinner|p2a: Gengar\n|-damage|p2a: Gengar|0 fnt\n|-start|p1a: Ice Cat|Disable|Ice Spinner|[from] ability: Cursed Body|[of] p2a: Gengar\n|faint|p2a: Gengar\n|-damage|p1a: Ice Cat|45\/100 brn|[from] item: Life Orb\n|\n|-damage|p1a: Ice Cat|39\/100 brn|[from] brn\n|upkeep\n|\n|t:|1698595453\n|switch|p2a: Scizor|Scizor, M|100\/100\n|turn|8\n|\n|t:|1698595457\n|move|p1a: Ice Cat|Sucker Punch|p2a: Scizor\n|-damage|p2a: Scizor|0 fnt\n|faint|p2a: Scizor\n|-damage|p1a: Ice Cat|29\/100 brn|[from] item: Life Orb\n|\n|-damage|p1a: Ice Cat|23\/100 brn|[from] brn\n|upkeep\n|-message|ganzert1502 forfeited.\n|\n|win|Anne Frankkkk\n|raw|Anne Frankkkk's rating: 1243 &rarr; <strong>1259<\/strong><br \/>(+16 for winning)\n|raw|ganzert1502's rating: 1114 &rarr; <strong>1098<\/strong><br \/>(-16 for losing)\n|l|\u2606ganzert1502\n","uploadtime":1698595464,"views":11,"p1id":"annefrankkkk","p2id":"ganzert1502","formatid":"gen9ubers","rating":1098,"private":0,"password":""}