{"id":"gen9ubers-1988019536","p1":"rochelle rochelle","p2":"pppppp5","format":"[Gen 9] Ubers","log":"|j|\u2606rochelle rochelle\n|j|\u2606pppppp5\n|t:|1699659861\n|gametype|singles\n|player|p1|rochelle rochelle|marley|1274\n|player|p2|pppppp5|lucas|1551\n|teamsize|p1|6\n|teamsize|p2|6\n|gen|9\n|tier|[Gen 9] Ubers\n|rated|\n|rule|Sleep Clause Mod: Limit one foe put to sleep\n|rule|Species Clause: Limit one of each Pok\u00e9mon\n|rule|OHKO Clause: OHKO moves are banned\n|rule|Evasion Items Clause: Evasion items are banned\n|rule|Evasion Moves Clause: Evasion moves are banned\n|rule|Endless Battle Clause: Forcing endless battles is banned\n|rule|HP Percentage Mod: HP is shown in percentages\n|clearpoke\n|poke|p1|Landorus, M|\n|poke|p1|Eternatus|\n|poke|p1|Urshifu-*, M|\n|poke|p1|Blissey, F|\n|poke|p1|Dondozo, M|\n|poke|p1|Iron Bundle|\n|poke|p2|Basculegion, M|\n|poke|p2|Miraidon|\n|poke|p2|Arceus|\n|poke|p2|Rabsca, F|\n|poke|p2|Hawlucha, F|\n|poke|p2|Hatterene, F|\n|teampreview\n|inactive|Battle timer is ON: inactive players will automatically lose when time's up. (requested by rochelle rochelle)\n|\n|t:|1699659890\n|start\n|switch|p1a: Blissey|Blissey, F|100\/100\n|switch|p2a: Miraidon|Miraidon|100\/100\n|-fieldstart|move: Electric Terrain|[from] ability: Hadron Engine|[of] p2a: Miraidon\n|turn|1\n|\n|t:|1699659907\n|move|p2a: Miraidon|Electro Drift|p1a: Blissey\n|-damage|p1a: Blissey|70\/100\n|move|p1a: Blissey|Seismic Toss|p2a: Miraidon\n|-damage|p2a: Miraidon|71\/100\n|\n|upkeep\n|turn|2\n|\n|t:|1699659923\n|switch|p2a: Arceus|Arceus|100\/100\n|move|p1a: Blissey|Seismic Toss|p2a: Arceus\n|-damage|p2a: Arceus|74\/100\n|\n|upkeep\n|turn|3\n|\n|t:|1699659930\n|switch|p1a: Dondozo|Dondozo, M|100\/100\n|move|p2a: Arceus|Extreme Speed|p1a: Dondozo\n|-damage|p1a: Dondozo|79\/100\n|-damage|p2a: Arceus|58\/100|[from] item: Rocky Helmet|[of] p1a: Dondozo\n|\n|upkeep\n|turn|4\n|\n|t:|1699659942\n|switch|p2a: Miraidon|Miraidon|71\/100\n|-activate|p2a: Miraidon|ability: Hadron Engine\n|move|p1a: Dondozo|Liquidation|p2a: Miraidon\n|-resisted|p2a: Miraidon\n|-damage|p2a: Miraidon|57\/100\n|\n|upkeep\n|turn|5\n|\n|t:|1699659950\n|switch|p1a: Blissey|Blissey, F|70\/100\n|move|p2a: Miraidon|Electro Drift|p1a: Blissey\n|-damage|p1a: Blissey|38\/100\n|\n|-fieldend|move: Electric Terrain\n|upkeep\n|turn|6\n|\n|t:|1699659960\n|switch|p2a: Arceus|Arceus|58\/100\n|move|p1a: Blissey|Soft-Boiled|p1a: Blissey\n|-heal|p1a: Blissey|88\/100\n|\n|upkeep\n|turn|7\n|\n|t:|1699659979\n|switch|p2a: Miraidon|Miraidon|57\/100\n|-fieldstart|move: Electric Terrain|[from] ability: Hadron Engine|[of] p2a: Miraidon\n|move|p1a: Blissey|Thunder Wave|p2a: Miraidon\n|-immune|p2a: Miraidon\n|\n|upkeep\n|turn|8\n|\n|t:|1699659988\n|switch|p2a: Arceus|Arceus|58\/100\n|move|p1a: Blissey|Seismic Toss|p2a: Arceus\n|-damage|p2a: Arceus|32\/100\n|\n|upkeep\n|turn|9\n|\n|t:|1699659996\n|switch|p1a: Dondozo|Dondozo, M|79\/100\n|move|p2a: Arceus|Extreme Speed|p1a: Dondozo\n|-damage|p1a: Dondozo|59\/100\n|-damage|p2a: Arceus|15\/100|[from] item: Rocky Helmet|[of] p1a: Dondozo\n|\n|upkeep\n|turn|10\n|\n|t:|1699660003\n|switch|p1a: Blissey|Blissey, F|88\/100\n|move|p2a: Arceus|Extreme Speed|p1a: Blissey\n|-damage|p1a: Blissey|41\/100\n|\n|upkeep\n|turn|11\n|\n|t:|1699660012\n|move|p2a: Arceus|Extreme Speed|p1a: Blissey\n|-damage|p1a: Blissey|0 fnt\n|faint|p1a: Blissey\n|\n|-fieldend|move: Electric Terrain\n|upkeep\n|\n|t:|1699660023\n|switch|p1a: Iron Bundle|Iron Bundle, shiny|100\/100\n|turn|12\n|\n|t:|1699660027\n|move|p2a: Arceus|Extreme Speed|p1a: Iron Bundle\n|-damage|p1a: Iron Bundle|47\/100\n|move|p1a: Iron Bundle|Ice Beam|p2a: Arceus\n|-damage|p2a: Arceus|0 fnt\n|faint|p2a: Arceus\n|\n|upkeep\n|\n|t:|1699660035\n|switch|p2a: Hawlucha|Hawlucha, F|100\/100\n|turn|13\n|\n|t:|1699660041\n|-end|p1a: Iron Bundle|Quark Drive|[silent]\n|switch|p1a: Dondozo|Dondozo, M|59\/100\n|move|p2a: Hawlucha|Endure||[still]\n|-fail|p2a: Hawlucha\n|\n|upkeep\n|turn|14\n|\n|t:|1699660049\n|switch|p2a: Miraidon|Miraidon|57\/100\n|-fieldstart|move: Electric Terrain|[from] ability: Hadron Engine|[of] p2a: Miraidon\n|switch|p1a: Iron Bundle|Iron Bundle, shiny|47\/100\n|-activate|p1a: Iron Bundle|ability: Quark Drive\n|-start|p1a: Iron Bundle|quarkdrivespe\n|\n|upkeep\n|turn|15\n|\n|t:|1699660059\n|move|p1a: Iron Bundle|Ice Beam|p2a: Miraidon\n|-supereffective|p2a: Miraidon\n|-damage|p2a: Miraidon|0 fnt\n|faint|p2a: Miraidon\n|\n|upkeep\n|\n|t:|1699660065\n|switch|p2a: Hatterene|Hatterene, F|100\/100\n|turn|16\n|\n|t:|1699660074\n|-end|p1a: Iron Bundle|Quark Drive|[silent]\n|switch|p1a: Eternatus|Eternatus|100\/100\n|-ability|p1a: Eternatus|Pressure\n|move|p2a: Hatterene|Trick Room|p2a: Hatterene\n|-fieldstart|move: Trick Room|[of] p2a: Hatterene\n|\n|upkeep\n|turn|17\n|\n|t:|1699660080\n|move|p2a: Hatterene|Healing Wish|p2a: Hatterene\n|faint|p2a: Hatterene\n|move|p1a: Eternatus|Sludge Bomb|p2: Hatterene|[notarget]\n|-fail|p1a: Eternatus\n|\n|upkeep\n|\n|t:|1699660085\n|switch|p2a: Basculegion|Basculegion, M, shiny|100\/100\n|turn|18\n|\n|t:|1699660089\n|move|p2a: Basculegion|Last Respects|p1a: Eternatus\n|-damage|p1a: Eternatus|0 fnt\n|faint|p1a: Eternatus\n|-damage|p2a: Basculegion|91\/100|[from] item: Life Orb\n|\n|-fieldend|move: Electric Terrain\n|upkeep\n|\n|t:|1699660092\n|switch|p1a: Urshifu|Urshifu, M|100\/100\n|turn|19\n|\n|t:|1699660099\n|-terastallize|p2a: Basculegion|Fighting\n|-terastallize|p1a: Urshifu|Dark\n|move|p1a: Urshifu|Sucker Punch|p2a: Basculegion\n|-resisted|p2a: Basculegion\n|-damage|p2a: Basculegion|64\/100\n|move|p2a: Basculegion|Tera Blast|p1a: Urshifu|[anim] Tera Blast Fighting\n|-supereffective|p1a: Urshifu\n|-damage|p1a: Urshifu|0 fnt\n|faint|p1a: Urshifu\n|-damage|p2a: Basculegion|54\/100|[from] item: Life Orb\n|\n|upkeep\n|\n|t:|1699660102\n|switch|p1a: Dondozo|Dondozo, M|59\/100\n|turn|20\n|\n|t:|1699660113\n|move|p1a: Dondozo|Liquidation|p2a: Basculegion\n|-damage|p2a: Basculegion|21\/100\n|move|p2a: Basculegion|Last Respects|p1a: Dondozo\n|-damage|p1a: Dondozo|3\/100\n|-damage|p2a: Basculegion|11\/100|[from] item: Life Orb\n|\n|-fieldend|move: Trick Room\n|upkeep\n|turn|21\n|\n|t:|1699660122\n|move|p2a: Basculegion|Last Respects|p1a: Dondozo\n|-damage|p1a: Dondozo|0 fnt\n|faint|p1a: Dondozo\n|-damage|p2a: Basculegion|1\/100|[from] item: Life Orb\n|\n|upkeep\n|\n|t:|1699660130\n|switch|p1a: Iron Bundle|Iron Bundle, shiny|47\/100\n|turn|22\n|\n|t:|1699660133\n|move|p2a: Basculegion|Aqua Jet|p1a: Iron Bundle\n|-resisted|p1a: Iron Bundle\n|-damage|p1a: Iron Bundle|30\/100\n|-damage|p2a: Basculegion|0 fnt|[from] item: Life Orb\n|faint|p2a: Basculegion\n|move|p1a: Iron Bundle|Freeze-Dry|p2: Basculegion|[notarget]\n|-fail|p1a: Iron Bundle\n|\n|upkeep\n|\n|t:|1699660142\n|switch|p2a: Hawlucha|Hawlucha, F|100\/100\n|turn|23\n|\n|t:|1699660146\n|move|p2a: Hawlucha|Endure|p2a: Hawlucha\n|-singleturn|p2a: Hawlucha|move: Endure\n|move|p1a: Iron Bundle|Taunt|p2a: Hawlucha\n|-start|p2a: Hawlucha|move: Taunt\n|\n|upkeep\n|turn|24\n|\n|t:|1699660154\n|move|p1a: Iron Bundle|Ice Beam|p2a: Hawlucha\n|-supereffective|p2a: Hawlucha\n|-damage|p2a: Hawlucha|0 fnt\n|faint|p2a: Hawlucha\n|\n|upkeep\n|\n|t:|1699660159\n|switch|p2a: Rabsca|Rabsca, F|100\/100\n|turn|25\n|\n|t:|1699660165\n|move|p1a: Iron Bundle|Taunt|p2a: Rabsca\n|-start|p2a: Rabsca|move: Taunt\n|cant|p2a: Rabsca|move: Taunt|Trick Room\n|\n|upkeep\n|turn|26\n|\n|t:|1699660170\n|move|p1a: Iron Bundle|Ice Beam|p2a: Rabsca\n|-damage|p2a: Rabsca|57\/100\n|-status|p2a: Rabsca|frz\n|cant|p2a: Rabsca|frz\n|\n|upkeep\n|turn|27\n|\n|t:|1699660177\n|move|p1a: Iron Bundle|Hydro Pump|p2a: Rabsca|[miss]\n|-miss|p1a: Iron Bundle|p2a: Rabsca\n|cant|p2a: Rabsca|frz\n|\n|-end|p2a: Rabsca|move: Taunt\n|upkeep\n|turn|28\n|\n|t:|1699660186\n|move|p1a: Iron Bundle|Taunt|p2a: Rabsca\n|-start|p2a: Rabsca|move: Taunt\n|cant|p2a: Rabsca|frz\n|\n|upkeep\n|turn|29\n|\n|t:|1699660192\n|move|p1a: Iron Bundle|Hydro Pump|p2a: Rabsca\n|-damage|p2a: Rabsca|8\/100 frz\n|cant|p2a: Rabsca|frz\n|\n|upkeep\n|turn|30\n|\n|t:|1699660197\n|move|p1a: Iron Bundle|Freeze-Dry|p2a: Rabsca\n|-damage|p2a: Rabsca|0 fnt\n|faint|p2a: Rabsca\n|\n|win|rochelle rochelle\n|raw|rochelle rochelle's rating: 1274 &rarr; <strong>1316<\/strong><br \/>(+42 for winning)\n|raw|pppppp5's rating: 1551 &rarr; <strong>1518<\/strong><br \/>(-33 for losing)\n","uploadtime":1699660200,"views":4,"p1id":"rochellerochelle","p2id":"pppppp5","formatid":"gen9ubers","rating":1316,"private":0,"password":""}