{"id":"gen9ubers-1991560383","p1":"GGTigger2464","p2":"geesegoose","format":"[Gen 9] Ubers","log":"|j|\u2606GGTigger2464\n|j|\u2606geesegoose\n|t:|1700088433\n|gametype|singles\n|player|p1|GGTigger2464|gambler|1067\n|player|p2|geesegoose|101|1046\n|teamsize|p1|6\n|teamsize|p2|6\n|gen|9\n|tier|[Gen 9] Ubers\n|rated|\n|rule|Sleep Clause Mod: Limit one foe put to sleep\n|rule|Species Clause: Limit one of each Pok\u00e9mon\n|rule|OHKO Clause: OHKO moves are banned\n|rule|Evasion Items Clause: Evasion items are banned\n|rule|Evasion Moves Clause: Evasion moves are banned\n|rule|Endless Battle Clause: Forcing endless battles is banned\n|rule|HP Percentage Mod: HP is shown in percentages\n|clearpoke\n|poke|p1|Chien-Pao|\n|poke|p1|Giratina-Origin|\n|poke|p1|Palafin, F|\n|poke|p1|Ursaluna-Bloodmoon, M|\n|poke|p1|Magearna|\n|poke|p1|Koraidon|\n|poke|p2|Baxcalibur, F|\n|poke|p2|Ninetales-Alola, M|\n|poke|p2|Iron Moth|\n|poke|p2|Jirachi|\n|poke|p2|Mandibuzz, F|\n|poke|p2|Dondozo, F|\n|teampreview\n|\n|t:|1700088452\n|start\n|switch|p1a: Giratina|Giratina-Origin|100\/100\n|switch|p2a: Ninetales|Ninetales-Alola, M|100\/100\n|-weather|Snow|[from] ability: Snow Warning|[of] p2a: Ninetales\n|turn|1\n|\n|t:|1700088461\n|switch|p1a: Magearna|Magearna|100\/100\n|move|p2a: Ninetales|Blizzard|p1a: Magearna\n|-resisted|p1a: Magearna\n|-damage|p1a: Magearna|82\/100\n|-status|p1a: Magearna|frz\n|\n|-weather|Snow|[upkeep]\n|upkeep\n|turn|2\n|inactive|Battle timer is ON: inactive players will automatically lose when time's up. (requested by geesegoose)\n|c|\u2606geesegoose|unlucky\n|\n|t:|1700088475\n|move|p2a: Ninetales|Aurora Veil|p2a: Ninetales\n|-sidestart|p2: geesegoose|move: Aurora Veil\n|-curestatus|p1a: Magearna|frz|[msg]\n|move|p1a: Magearna|Body Slam|p2a: Ninetales\n|-damage|p2a: Ninetales|91\/100\n|-status|p2a: Ninetales|par\n|\n|-weather|Snow|[upkeep]\n|upkeep\n|turn|3\n|\n|t:|1700088489\n|switch|p2a: Iron Moth|Iron Moth|100\/100\n|move|p1a: Magearna|Draining Kiss|p2a: Iron Moth\n|-resisted|p2a: Iron Moth\n|-damage|p2a: Iron Moth|97\/100\n|-heal|p1a: Magearna|84\/100|[from] drain|[of] p2a: Iron Moth\n|\n|-weather|Snow|[upkeep]\n|upkeep\n|turn|4\n|\n|t:|1700088512\n|move|p2a: Iron Moth|Fiery Dance|p1a: Magearna\n|-supereffective|p1a: Magearna\n|-damage|p1a: Magearna|4\/100\n|-boost|p2a: Iron Moth|spa|1\n|move|p1a: Magearna|Body Slam|p2a: Iron Moth\n|-damage|p2a: Iron Moth|82\/100\n|\n|-weather|Snow|[upkeep]\n|upkeep\n|turn|5\n|inactive|GGTigger2464 has 120 seconds left.\n|\n|t:|1700088534\n|move|p2a: Iron Moth|Fiery Dance|p1a: Magearna\n|-supereffective|p1a: Magearna\n|-damage|p1a: Magearna|0 fnt\n|faint|p1a: Magearna\n|\n|-weather|none\n|upkeep\n|inactive|GGTigger2464 has 120 seconds left.\n|\n|t:|1700088544\n|switch|p1a: Palafin|Palafin, F|100\/100\n|turn|6\n|inactive|GGTigger2464 has 120 seconds left.\n|\n|t:|1700088555\n|move|p2a: Iron Moth|Energy Ball|p1a: Palafin\n|-supereffective|p1a: Palafin\n|-damage|p1a: Palafin|0 fnt\n|faint|p1a: Palafin\n|\n|-sideend|p2: geesegoose|move: Aurora Veil\n|upkeep\n|\n|t:|1700088562\n|switch|p1a: Koraidon|Koraidon|100\/100\n|-weather|SunnyDay|[from] ability: Orichalcum Pulse|[of] p1a: Koraidon\n|-activate|p1a: Koraidon|Orichalcum Pulse|[source]\n|turn|7\n|inactive|GGTigger2464 has 120 seconds left.\n|inactive|geesegoose has 120 seconds left.\n|\n|t:|1700088594\n|move|p2a: Iron Moth|Fiery Dance|p1a: Koraidon\n|-resisted|p1a: Koraidon\n|-damage|p1a: Koraidon|59\/100\n|move|p1a: Koraidon|Drain Punch|p2a: Iron Moth\n|-resisted|p2a: Iron Moth\n|-damage|p2a: Iron Moth|31\/100\n|-heal|p1a: Koraidon|79\/100|[from] drain|[of] p2a: Iron Moth\n|\n|-weather|SunnyDay|[upkeep]\n|-heal|p1a: Koraidon|85\/100|[from] item: Leftovers\n|upkeep\n|turn|8\n|\n|t:|1700088604\n|move|p2a: Iron Moth|Sludge Wave|p1a: Koraidon\n|-damage|p1a: Koraidon|19\/100\n|move|p1a: Koraidon|Drain Punch|p2a: Iron Moth\n|-resisted|p2a: Iron Moth\n|-damage|p2a: Iron Moth|0 fnt\n|-heal|p1a: Koraidon|31\/100|[from] drain|[of] p2a: Iron Moth\n|faint|p2a: Iron Moth\n|-end|p2a: Iron Moth|Quark Drive|[silent]\n|\n|-weather|SunnyDay|[upkeep]\n|-heal|p1a: Koraidon|37\/100|[from] item: Leftovers\n|upkeep\n|inactive|geesegoose has 120 seconds left.\n|\n|t:|1700088641\n|switch|p2a: Jirachi|Jirachi|100\/100\n|turn|9\n|inactive|GGTigger2464 has 120 seconds left.\n|\n|t:|1700088657\n|move|p2a: Jirachi|Ice Punch|p1a: Koraidon\n|-supereffective|p1a: Koraidon\n|-damage|p1a: Koraidon|2\/100\n|move|p1a: Koraidon|Drain Punch|p2a: Jirachi\n|-damage|p2a: Jirachi|42\/100\n|-heal|p1a: Koraidon|27\/100|[from] drain|[of] p2a: Jirachi\n|\n|-weather|SunnyDay|[upkeep]\n|-heal|p1a: Koraidon|34\/100|[from] item: Leftovers\n|upkeep\n|turn|10\n|inactive|GGTigger2464 has 120 seconds left.\n|\n|t:|1700088670\n|switch|p1a: Ursaluna|Ursaluna-Bloodmoon, M|100\/100\n|move|p2a: Jirachi|Ice Punch|p1a: Ursaluna\n|-supereffective|p1a: Ursaluna\n|-damage|p1a: Ursaluna|69\/100\n|\n|-weather|SunnyDay|[upkeep]\n|upkeep\n|turn|11\n|inactive|GGTigger2464 has 120 seconds left.\n|inactive|geesegoose has 90 seconds left.\n|\n|t:|1700088702\n|switch|p2a: Mandibuzz|Mandibuzz, F|100\/100\n|move|p1a: Ursaluna|Shadow Claw|p2a: Mandibuzz\n|-resisted|p2a: Mandibuzz\n|-damage|p2a: Mandibuzz|96\/100\n|\n|-weather|none\n|upkeep\n|turn|12\n|inactive|GGTigger2464 has 120 seconds left.\n|inactive|geesegoose has 90 seconds left.\n|\n|t:|1700088724\n|move|p2a: Mandibuzz|Foul Play|p1a: Ursaluna\n|-damage|p1a: Ursaluna|46\/100\n|move|p1a: Ursaluna|Body Press|p2a: Mandibuzz\n|-damage|p2a: Mandibuzz|84\/100\n|\n|upkeep\n|turn|13\n|\n|t:|1700088731\n|move|p2a: Mandibuzz|Foul Play|p1a: Ursaluna\n|-damage|p1a: Ursaluna|21\/100\n|move|p1a: Ursaluna|Blood Moon|p2a: Mandibuzz\n|-damage|p2a: Mandibuzz|34\/100\n|\n|upkeep\n|turn|14\n|\n|t:|1700088749\n|move|p2a: Mandibuzz|Roost|p2a: Mandibuzz\n|-heal|p2a: Mandibuzz|84\/100\n|-singleturn|p2a: Mandibuzz|move: Roost\n|move|p1a: Ursaluna|Brick Break|p2a: Mandibuzz\n|-supereffective|p2a: Mandibuzz\n|-damage|p2a: Mandibuzz|62\/100\n|\n|upkeep\n|turn|15\n|\n|t:|1700088761\n|move|p2a: Mandibuzz|Foul Play|p1a: Ursaluna\n|-damage|p1a: Ursaluna|0 fnt\n|faint|p1a: Ursaluna\n|\n|upkeep\n|\n|t:|1700088768\n|switch|p1a: Giratina|Giratina-Origin|100\/100\n|turn|16\n|\n|t:|1700088772\n|move|p1a: Giratina|Calm Mind|p1a: Giratina\n|-boost|p1a: Giratina|spa|1\n|-boost|p1a: Giratina|spd|1\n|move|p2a: Mandibuzz|Foul Play|p1a: Giratina\n|-supereffective|p1a: Giratina\n|-damage|p1a: Giratina|34\/100\n|\n|upkeep\n|turn|17\n|inactive|GGTigger2464 has 120 seconds left.\n|\n|t:|1700088782\n|move|p1a: Giratina|Destiny Bond|p1a: Giratina\n|-singlemove|p1a: Giratina|Destiny Bond\n|move|p2a: Mandibuzz|Foul Play|p1a: Giratina\n|-supereffective|p1a: Giratina\n|-damage|p1a: Giratina|0 fnt\n|faint|p1a: Giratina\n|-activate|p1a: Giratina|move: Destiny Bond\n|faint|p2a: Mandibuzz\n|\n|upkeep\n|\n|t:|1700088790\n|switch|p1a: Koraidon|Koraidon|34\/100\n|switch|p2a: Jirachi|Jirachi|42\/100\n|-weather|SunnyDay|[from] ability: Orichalcum Pulse|[of] p1a: Koraidon\n|-activate|p1a: Koraidon|Orichalcum Pulse|[source]\n|turn|18\n|inactive|GGTigger2464 has 120 seconds left.\n|\n|t:|1700088809\n|move|p2a: Jirachi|Ice Punch|p1a: Koraidon\n|-supereffective|p1a: Koraidon\n|-damage|p1a: Koraidon|2\/100\n|move|p1a: Koraidon|Flare Blitz|p2a: Jirachi\n|-supereffective|p2a: Jirachi\n|-damage|p2a: Jirachi|0 fnt\n|faint|p2a: Jirachi\n|-damage|p1a: Koraidon|0 fnt|[from] Recoil\n|faint|p1a: Koraidon\n|\n|-weather|SunnyDay|[upkeep]\n|upkeep\n|inactive|GGTigger2464 has 120 seconds left.\n|\n|t:|1700088820\n|switch|p1a: Chien-Pao|Chien-Pao|100\/100\n|switch|p2a: Dondozo|Dondozo, F|100\/100\n|-ability|p1a: Chien-Pao|Sword of Ruin\n|turn|19\n|inactive|GGTigger2464 has 120 seconds left.\n|\n|t:|1700088833\n|move|p1a: Chien-Pao|Crunch|p2a: Dondozo\n|-crit|p2a: Dondozo\n|-damage|p2a: Dondozo|64\/100\n|-unboost|p2a: Dondozo|def|1\n|move|p2a: Dondozo|Body Press|p1a: Chien-Pao\n|-supereffective|p1a: Chien-Pao\n|-damage|p1a: Chien-Pao|6\/100\n|\n|-weather|SunnyDay|[upkeep]\n|upkeep\n|turn|20\n|inactive|GGTigger2464 has 120 seconds left.\n|\n|t:|1700088866\n|move|p1a: Chien-Pao|Sacred Sword|p2a: Dondozo\n|-damage|p2a: Dondozo|45\/100\n|move|p2a: Dondozo|Body Press|p1a: Chien-Pao\n|-supereffective|p1a: Chien-Pao\n|-damage|p1a: Chien-Pao|0 fnt\n|faint|p1a: Chien-Pao\n|\n|win|geesegoose\n|raw|GGTigger2464's rating: 1067 &rarr; <strong>1046<\/strong><br \/>(-21 for losing)\n|raw|geesegoose's rating: 1046 &rarr; <strong>1081<\/strong><br \/>(+35 for winning)\n","uploadtime":1700088870,"views":9,"p1id":"ggtigger2464","p2id":"geesegoose","formatid":"gen9ubers","rating":1046,"private":0,"password":""}