{"id":"gen9ubers-1984590724","p1":"Ciscork","p2":"harveyding124","format":"[Gen 9] Ubers","log":"|j|\u2606Ciscork\n|j|\u203dharveyding124\n|t:|1699282643\n|gametype|singles\n|player|p1|Ciscork|266|1087\n|player|p2|harveyding124|1|1000\n|teamsize|p1|6\n|teamsize|p2|6\n|gen|9\n|tier|[Gen 9] Ubers\n|rated|\n|rule|Sleep Clause Mod: Limit one foe put to sleep\n|rule|Species Clause: Limit one of each Pok\u00e9mon\n|rule|OHKO Clause: OHKO moves are banned\n|rule|Evasion Items Clause: Evasion items are banned\n|rule|Evasion Moves Clause: Evasion moves are banned\n|rule|Endless Battle Clause: Forcing endless battles is banned\n|rule|HP Percentage Mod: HP is shown in percentages\n|clearpoke\n|poke|p1|Politoed, M|\n|poke|p1|Glimmora, M|\n|poke|p1|Sneasler, M|\n|poke|p1|Rillaboom, M|\n|poke|p1|Floatzel, M|\n|poke|p1|Iron Jugulis|\n|poke|p2|Garchomp, M|\n|poke|p2|Lucario, M|\n|poke|p2|Clefable, M|\n|poke|p2|Volcarona, F|\n|poke|p2|Landorus-Therian, M|\n|poke|p2|Ninetales-Alola, M|\n|teampreview\n|\n|t:|1699282649\n|start\n|switch|p1a: Glimmora|Glimmora, M|100\/100\n|switch|p2a: Landorus|Landorus-Therian, M|100\/100\n|-ability|p2a: Landorus|Intimidate|boost\n|-unboost|p1a: Glimmora|atk|1\n|turn|1\n|\n|t:|1699282657\n|move|p1a: Glimmora|Spikes|p2a: Landorus\n|-sidestart|p2: harveyding124|Spikes\n|move|p2a: Landorus|Stealth Rock|p1a: Glimmora\n|-sidestart|p1: Ciscork|move: Stealth Rock\n|\n|upkeep\n|turn|2\n|\n|t:|1699282664\n|move|p1a: Glimmora|Mortal Spin|p2a: Landorus\n|-resisted|p2a: Landorus\n|-damage|p2a: Landorus|98\/100\n|-status|p2a: Landorus|psn\n|-sideend|p1: Ciscork|Stealth Rock|[from] move: Mortal Spin|[of] p1a: Glimmora\n|move|p2a: Landorus|Earthquake|p1a: Glimmora\n|-supereffective|p1a: Glimmora\n|-enditem|p1a: Glimmora|Focus Sash\n|-damage|p1a: Glimmora|1\/100\n|-activate|p1a: Glimmora|ability: Toxic Debris\n|-sidestart|p2: harveyding124|move: Toxic Spikes\n|\n|-heal|p2a: Landorus|100\/100 psn|[from] item: Leftovers\n|-damage|p2a: Landorus|88\/100 psn|[from] psn\n|upkeep\n|turn|3\n|\n|t:|1699282678\n|move|p1a: Glimmora|Power Gem|p2a: Landorus\n|-damage|p2a: Landorus|33\/100 psn\n|move|p2a: Landorus|U-turn|p1a: Glimmora\n|-resisted|p1a: Glimmora\n|-damage|p1a: Glimmora|0 fnt\n|-activate|p1a: Glimmora|ability: Toxic Debris\n|-sidestart|p2: harveyding124|move: Toxic Spikes\n|faint|p1a: Glimmora\n|\n|t:|1699282695\n|switch|p2a: Garchomp|Garchomp, M|100\/100|[from] U-turn\n|-damage|p2a: Garchomp|88\/100|[from] Spikes\n|-status|p2a: Garchomp|tox\n|\n|-damage|p2a: Garchomp|82\/100 tox|[from] psn\n|upkeep\n|\n|t:|1699282703\n|switch|p1a: Politoed|Politoed, M, shiny|100\/100\n|-weather|RainDance|[from] ability: Drizzle|[of] p1a: Politoed\n|turn|4\n|\n|t:|1699282710\n|move|p2a: Garchomp|Swords Dance|p2a: Garchomp\n|-boost|p2a: Garchomp|atk|2\n|move|p1a: Politoed|Hypnosis|p2a: Garchomp|[miss]\n|-miss|p1a: Politoed|p2a: Garchomp\n|\n|-weather|RainDance|[upkeep]\n|-damage|p2a: Garchomp|70\/100 tox|[from] psn\n|upkeep\n|turn|5\n|\n|t:|1699282719\n|move|p2a: Garchomp|Dragon Claw|p1a: Politoed\n|-damage|p1a: Politoed|0 fnt\n|faint|p1a: Politoed\n|-damage|p2a: Garchomp|60\/100 tox|[from] item: Life Orb\n|\n|-weather|RainDance|[upkeep]\n|-damage|p2a: Garchomp|41\/100 tox|[from] psn\n|upkeep\n|\n|t:|1699282730\n|switch|p1a: Rillaboom|Rillaboom, M, shiny|100\/100\n|-fieldstart|move: Grassy Terrain|[from] ability: Grassy Surge|[of] p1a: Rillaboom\n|turn|6\n|\n|t:|1699282735\n|move|p1a: Rillaboom|Grassy Glide|p2a: Garchomp\n|-damage|p2a: Garchomp|0 fnt\n|-damage|p1a: Rillaboom|88\/100|[from] ability: Rough Skin|[of] p2a: Garchomp\n|faint|p2a: Garchomp\n|\n|-weather|RainDance|[upkeep]\n|-heal|p1a: Rillaboom|94\/100|[from] Grassy Terrain\n|upkeep\n|\n|t:|1699282743\n|switch|p2a: Volcarona|Volcarona, F|100\/100\n|-damage|p2a: Volcarona|88\/100|[from] Spikes\n|-status|p2a: Volcarona|tox\n|turn|7\n|\n|t:|1699282749\n|move|p2a: Volcarona|Bug Buzz|p1a: Rillaboom\n|-supereffective|p1a: Rillaboom\n|-damage|p1a: Rillaboom|2\/100\n|move|p1a: Rillaboom|U-turn|p2a: Volcarona\n|-resisted|p2a: Volcarona\n|-damage|p2a: Volcarona|75\/100 tox\n|\n|t:|1699282755\n|switch|p1a: Sneasler|Sneasler, M, shiny|100\/100|[from] U-turn\n|-enditem|p1a: Sneasler|Grassy Seed\n|-boost|p1a: Sneasler|def|1|[from] item: Grassy Seed\n|\n|-weather|RainDance|[upkeep]\n|-heal|p2a: Volcarona|81\/100 tox|[from] Grassy Terrain\n|-heal|p2a: Volcarona|87\/100 tox|[from] item: Leftovers\n|-damage|p2a: Volcarona|81\/100 tox|[from] psn\n|upkeep\n|turn|8\n|\n|t:|1699282768\n|move|p1a: Sneasler|Acrobatics|p2a: Volcarona\n|-supereffective|p2a: Volcarona\n|-damage|p2a: Volcarona|1\/100 tox\n|move|p2a: Volcarona|Will-O-Wisp|p1a: Sneasler\n|-status|p1a: Sneasler|brn\n|\n|-weather|none\n|-heal|p2a: Volcarona|7\/100 tox|[from] Grassy Terrain\n|-heal|p2a: Volcarona|13\/100 tox|[from] item: Leftovers\n|-damage|p2a: Volcarona|1\/100 tox|[from] psn\n|-damage|p1a: Sneasler|95\/100 brn|[from] brn\n|upkeep\n|turn|9\n|\n|t:|1699282784\n|move|p1a: Sneasler|Acrobatics|p2a: Volcarona\n|-supereffective|p2a: Volcarona\n|-damage|p2a: Volcarona|0 fnt\n|faint|p2a: Volcarona\n|\n|-heal|p1a: Sneasler|100\/100 brn|[from] Grassy Terrain\n|-damage|p1a: Sneasler|95\/100 brn|[from] brn\n|upkeep\n|\n|t:|1699282796\n|switch|p2a: Lucario|Lucario, M|100\/100\n|-damage|p2a: Lucario|88\/100|[from] Spikes\n|turn|10\n|\n|t:|1699282814\n|switch|p2a: Ninetales|Ninetales-Alola, M|100\/100\n|-damage|p2a: Ninetales|88\/100|[from] Spikes\n|-status|p2a: Ninetales|tox\n|-weather|Snow|[from] ability: Snow Warning|[of] p2a: Ninetales\n|move|p1a: Sneasler|Acrobatics|p2a: Ninetales\n|-damage|p2a: Ninetales|73\/100 tox\n|\n|-weather|Snow|[upkeep]\n|-heal|p1a: Sneasler|100\/100 brn|[from] Grassy Terrain\n|-heal|p2a: Ninetales|79\/100 tox|[from] Grassy Terrain\n|-damage|p2a: Ninetales|73\/100 tox|[from] psn\n|-damage|p1a: Sneasler|95\/100 brn|[from] brn\n|-fieldend|move: Grassy Terrain\n|upkeep\n|turn|11\n|\n|t:|1699282835\n|move|p1a: Sneasler|Poison Jab|p2a: Ninetales\n|-supereffective|p2a: Ninetales\n|-damage|p2a: Ninetales|35\/100 tox\n|move|p2a: Ninetales|Freeze-Dry|p1a: Sneasler\n|-damage|p1a: Sneasler|69\/100 brn\n|\n|-weather|Snow|[upkeep]\n|-damage|p2a: Ninetales|23\/100 tox|[from] psn\n|-damage|p1a: Sneasler|63\/100 brn|[from] brn\n|upkeep\n|turn|12\n|\n|t:|1699282845\n|move|p1a: Sneasler|Swords Dance|p1a: Sneasler\n|-boost|p1a: Sneasler|atk|2\n|move|p2a: Ninetales|Hypnosis||[still]\n|-fail|p2a: Ninetales\n|\n|-weather|Snow|[upkeep]\n|-damage|p2a: Ninetales|5\/100 tox|[from] psn\n|-damage|p1a: Sneasler|57\/100 brn|[from] brn\n|upkeep\n|turn|13\n|\n|t:|1699282854\n|move|p1a: Sneasler|Acrobatics|p2a: Ninetales\n|-damage|p2a: Ninetales|0 fnt\n|faint|p2a: Ninetales\n|\n|-weather|Snow|[upkeep]\n|-damage|p1a: Sneasler|51\/100 brn|[from] brn\n|upkeep\n|\n|t:|1699282866\n|switch|p2a: Clefable|Clefable, M|100\/100\n|-status|p2a: Clefable|tox\n|turn|14\n|\n|t:|1699282875\n|move|p1a: Sneasler|Poison Jab|p2a: Clefable\n|-supereffective|p2a: Clefable\n|-damage|p2a: Clefable|26\/100 tox\n|move|p2a: Clefable|Moonblast|p1a: Sneasler\n|-damage|p1a: Sneasler|1\/100 brn\n|\n|-weather|none\n|-heal|p2a: Clefable|33\/100 tox|[from] item: Leftovers\n|-damage|p1a: Sneasler|0 fnt|[from] brn\n|faint|p1a: Sneasler\n|upkeep\n|\n|t:|1699282886\n|switch|p1a: Iron Jugulis|Iron Jugulis, shiny|100\/100\n|-enditem|p1a: Iron Jugulis|Booster Energy\n|-activate|p1a: Iron Jugulis|ability: Quark Drive|[fromitem]\n|-start|p1a: Iron Jugulis|quarkdrivespe\n|turn|15\n|\n|t:|1699282895\n|move|p1a: Iron Jugulis|Earth Power|p2a: Clefable\n|-damage|p2a: Clefable|8\/100 tox\n|move|p2a: Clefable|Thunder Wave|p1a: Iron Jugulis\n|-status|p1a: Iron Jugulis|par\n|\n|-heal|p2a: Clefable|14\/100 tox|[from] item: Leftovers\n|upkeep\n|turn|16\n|\n|t:|1699282910\n|move|p1a: Iron Jugulis|Earth Power|p2a: Clefable\n|-damage|p2a: Clefable|0 fnt\n|faint|p2a: Clefable\n|\n|upkeep\n|\n|t:|1699282924\n|switch|p2a: Landorus|Landorus-Therian, M|33\/100 psn\n|-ability|p2a: Landorus|Intimidate|boost\n|-unboost|p1a: Iron Jugulis|atk|1\n|turn|17\n|\n|t:|1699282933\n|-terastallize|p1a: Iron Jugulis|Ground\n|move|p2a: Landorus|Stone Edge|p1a: Iron Jugulis\n|-resisted|p1a: Iron Jugulis\n|-damage|p1a: Iron Jugulis|78\/100 par\n|cant|p1a: Iron Jugulis|par\n|\n|-heal|p2a: Landorus|39\/100 psn|[from] item: Leftovers\n|-damage|p2a: Landorus|27\/100 psn|[from] psn\n|upkeep\n|turn|18\n|\n|t:|1699282946\n|move|p2a: Landorus|U-turn|p1a: Iron Jugulis\n|-damage|p1a: Iron Jugulis|49\/100 par\n|\n|t:|1699282952\n|switch|p2a: Lucario|Lucario, M|88\/100|[from] U-turn\n|-damage|p2a: Lucario|76\/100|[from] Spikes\n|move|p1a: Iron Jugulis|Hurricane|p2a: Lucario\n|-damage|p2a: Lucario|0 fnt\n|faint|p2a: Lucario\n|\n|upkeep\n|\n|t:|1699282959\n|switch|p2a: Landorus|Landorus-Therian, M|27\/100 psn\n|-ability|p2a: Landorus|Intimidate|boost\n|-unboost|p1a: Iron Jugulis|atk|1\n|turn|19\n|\n|t:|1699282966\n|-terastallize|p2a: Landorus|Ground\n|move|p2a: Landorus|Earthquake|p1a: Iron Jugulis\n|-damage|p1a: Iron Jugulis|0 fnt\n|faint|p1a: Iron Jugulis\n|-end|p1a: Iron Jugulis|Quark Drive|[silent]\n|\n|-heal|p2a: Landorus|32\/100 psn|[from] item: Leftovers\n|-damage|p2a: Landorus|20\/100 psn|[from] psn\n|upkeep\n|\n|t:|1699282977\n|switch|p1a: Rillaboom|Rillaboom, M, shiny|2\/100\n|-fieldstart|move: Grassy Terrain|[from] ability: Grassy Surge|[of] p1a: Rillaboom\n|turn|20\n|\n|t:|1699282982\n|move|p1a: Rillaboom|Grassy Glide|p2a: Landorus\n|-supereffective|p2a: Landorus\n|-damage|p2a: Landorus|0 fnt\n|faint|p2a: Landorus\n|\n|win|Ciscork\n|raw|Ciscork's rating: 1087 &rarr; <strong>1107<\/strong><br \/>(+20 for winning)\n|raw|harveyding124's rating: 1000 &rarr; <strong>1000<\/strong><br \/>(+0 for losing)\n|l|\u203dharveyding124\n|l|\u2606Ciscork\n|j|\u2606Ciscork\n|player|p1|Ciscork|266\n","uploadtime":1699283188,"views":23,"p1id":"ciscork","p2id":"harveyding124","formatid":"gen9ubers","rating":1000,"private":0,"password":""}