{"id":"gen9ubers-1995880635","p1":"Scampton","p2":"Dragon Master Rosa","format":"[Gen 9] Ubers","log":"|j|\u2606Scampton\n|j|\u2606Dragon Master Rosa\n|t:|1700612960\n|gametype|singles\n|player|p1|Scampton|clown|\n|player|p2|Dragon Master Rosa|rosa|\n|teamsize|p1|6\n|teamsize|p2|6\n|gen|9\n|tier|[Gen 9] Ubers\n|rule|Sleep Clause Mod: Limit one foe put to sleep\n|rule|Species Clause: Limit one of each Pok\u00e9mon\n|rule|OHKO Clause: OHKO moves are banned\n|rule|Evasion Items Clause: Evasion items are banned\n|rule|Evasion Moves Clause: Evasion moves are banned\n|rule|Endless Battle Clause: Forcing endless battles is banned\n|rule|HP Percentage Mod: HP is shown in percentages\n|clearpoke\n|poke|p1|Ribombee, M|\n|poke|p1|Delibird, F|\n|poke|p1|Slowking-Galar, M|\n|poke|p1|Palafin, F|\n|poke|p1|Medicham, M|\n|poke|p1|Ursaluna-Bloodmoon, M|\n|poke|p2|Infernape, F|\n|poke|p2|Eelektross, M|\n|poke|p2|Blissey, F|\n|poke|p2|Slowking-Galar, M|\n|poke|p2|Weezing-Galar, F|\n|poke|p2|Palafin, M|\n|teampreview\n|\n|t:|1700612968\n|start\n|switch|p1a: Palafin|Palafin, F|100\/100\n|switch|p2a: Palafin|Palafin, M|100\/100\n|turn|1\n|\n|t:|1700612976\n|detailschange|p1a: Palafin|Palafin-Hero, F\n|switch|p1a: Slowking|Slowking-Galar, M|100\/100\n|move|p2a: Palafin|Boomburst|p1a: Slowking\n|-damage|p1a: Slowking|70\/100\n|\n|upkeep\n|turn|2\n|\n|t:|1700612980\n|detailschange|p2a: Palafin|Palafin-Hero, M\n|switch|p2a: Blissey|Blissey, F|100\/100\n|move|p1a: Slowking|Toxic|p2a: Blissey\n|-status|p2a: Blissey|tox\n|\n|-damage|p2a: Blissey|94\/100 tox|[from] psn\n|upkeep\n|turn|3\n|\n|t:|1700612984\n|move|p2a: Blissey|Stealth Rock|p1a: Slowking\n|-sidestart|p1: Scampton|move: Stealth Rock\n|move|p1a: Slowking|Chilly Reception|p1a: Slowking\n|-weather|Snow\n|\n|t:|1700612986\n|switch|p1a: Flesh Bundle|Delibird, F|100\/100|[from] Chilly Reception\n|-damage|p1a: Flesh Bundle|51\/100|[from] Stealth Rock\n|\n|-weather|Snow|[upkeep]\n|-damage|p2a: Blissey|82\/100 tox|[from] psn\n|upkeep\n|turn|4\n|\n|t:|1700612995\n|-curestatus|p2a: Blissey|tox|[from] ability: Natural Cure\n|switch|p2a: Weezing|Weezing-Galar, F|100\/100\n|-ability|p2a: Weezing|Neutralizing Gas\n|move|p1a: Flesh Bundle|Rapid Spin|p2a: Weezing\n|-damage|p2a: Weezing|90\/100\n|-boost|p1a: Flesh Bundle|spe|1\n|-sideend|p1: Scampton|Stealth Rock|[from] move: Rapid Spin|[of] p1a: Flesh Bundle\n|\n|-weather|Snow|[upkeep]\n|-heal|p2a: Weezing|96\/100|[from] item: Leftovers\n|upkeep\n|turn|5\n|\n|t:|1700613005\n|switch|p1a: Ursaluna|Ursaluna-Bloodmoon, M|100\/100\n|-end|p2a: Weezing|ability: Neutralizing Gas\n|switch|p2a: Eelektross|Eelektross, M|100\/100\n|\n|-weather|Snow|[upkeep]\n|upkeep\n|turn|6\n|\n|t:|1700613010\n|move|p1a: Ursaluna|Close Combat|p2a: Eelektross\n|-damage|p2a: Eelektross|69\/100\n|-unboost|p1a: Ursaluna|def|1\n|-unboost|p1a: Ursaluna|spd|1\n|move|p2a: Eelektross|Giga Drain|p1a: Ursaluna\n|-supereffective|p1a: Ursaluna\n|-damage|p1a: Ursaluna|38\/100\n|-heal|p2a: Eelektross|100\/100|[from] drain|[of] p1a: Ursaluna\n|\n|-weather|Snow|[upkeep]\n|-heal|p1a: Ursaluna|44\/100|[from] item: Leftovers\n|upkeep\n|turn|7\n|\n|t:|1700613017\n|switch|p1a: Slowking|Slowking-Galar, M|100\/100\n|move|p2a: Eelektross|Giga Drain|p1a: Slowking\n|-resisted|p1a: Slowking\n|-damage|p1a: Slowking|93\/100\n|\n|-weather|none\n|upkeep\n|turn|8\n|\n|t:|1700613021\n|move|p2a: Eelektross|Volt Switch|p1a: Slowking\n|-damage|p1a: Slowking|73\/100\n|\n|t:|1700613025\n|switch|p2a: Blissey|Blissey, F|82\/100|[from] Volt Switch\n|move|p1a: Slowking|Toxic|p2a: Blissey\n|-status|p2a: Blissey|tox\n|\n|-damage|p2a: Blissey|76\/100 tox|[from] psn\n|upkeep\n|turn|9\n|\n|t:|1700613031\n|switch|p1a: Flesh Bundle|Delibird, F|51\/100\n|move|p2a: Blissey|Stealth Rock|p1a: Flesh Bundle\n|-sidestart|p1: Scampton|move: Stealth Rock\n|\n|-damage|p2a: Blissey|64\/100 tox|[from] psn\n|upkeep\n|turn|10\n|\n|t:|1700613037\n|move|p1a: Flesh Bundle|Rapid Spin|p2a: Blissey\n|-damage|p2a: Blissey|41\/100 tox\n|-boost|p1a: Flesh Bundle|spe|1\n|-sideend|p1: Scampton|Stealth Rock|[from] move: Rapid Spin|[of] p1a: Flesh Bundle\n|move|p2a: Blissey|Seismic Toss|p1a: Flesh Bundle\n|-damage|p1a: Flesh Bundle|7\/100\n|\n|-damage|p2a: Blissey|23\/100 tox|[from] psn\n|upkeep\n|turn|11\n|\n|t:|1700613048\n|-curestatus|p2a: Blissey|tox|[from] ability: Natural Cure\n|switch|p2a: Slowking|Slowking-Galar, M|100\/100\n|move|p1a: Flesh Bundle|Rapid Spin|p2a: Slowking\n|-damage|p2a: Slowking|83\/100\n|-boost|p1a: Flesh Bundle|spe|1\n|\n|-heal|p2a: Slowking|89\/100|[from] item: Leftovers\n|upkeep\n|turn|12\n|\n|t:|1700613055\n|switch|p1a: Slowking|Slowking-Galar, M|100\/100\n|move|p2a: Slowking|Toxic|p1a: Slowking\n|-immune|p1a: Slowking\n|\n|-heal|p2a: Slowking|95\/100|[from] item: Leftovers\n|upkeep\n|turn|13\n|\n|t:|1700613064\n|move|p1a: Slowking|Chilly Reception|p1a: Slowking\n|-weather|Snow\n|\n|t:|1700613069\n|switch|p1a: Ribombee|Ribombee, M|100\/100|[from] Chilly Reception\n|move|p2a: Slowking|Chilly Reception|p2a: Slowking\n|\n|t:|1700613076\n|switch|p2a: Eelektross|Eelektross, M|100\/100|[from] Chilly Reception\n|\n|-weather|Snow|[upkeep]\n|upkeep\n|turn|14\n|\n|t:|1700613090\n|move|p1a: Ribombee|Sticky Web|p2a: Eelektross\n|-sidestart|p2: Dragon Master Rosa|move: Sticky Web\n|move|p2a: Eelektross|Flamethrower|p1a: Ribombee\n|-supereffective|p1a: Ribombee\n|-damage|p1a: Ribombee|28\/100\n|\n|-weather|Snow|[upkeep]\n|upkeep\n|turn|15\n|\n|t:|1700613103\n|move|p1a: Ribombee|U-turn|p2a: Eelektross\n|-damage|p2a: Eelektross|78\/100\n|\n|t:|1700613108\n|switch|p1a: Slowking|Slowking-Galar, M|100\/100|[from] U-turn\n|move|p2a: Eelektross|Discharge|p1a: Slowking\n|-damage|p1a: Slowking|75\/100\n|\n|-weather|Snow|[upkeep]\n|upkeep\n|turn|16\n|\n|t:|1700613113\n|move|p2a: Eelektross|Volt Switch|p1a: Slowking\n|-damage|p1a: Slowking|55\/100\n|\n|t:|1700613117\n|switch|p2a: Weezing|Weezing-Galar, F|96\/100|[from] Volt Switch\n|-ability|p2a: Weezing|Neutralizing Gas\n|-activate|p2a: Weezing|move: Sticky Web\n|-unboost|p2a: Weezing|spe|1\n|move|p1a: Slowking|Poison Jab|p2a: Weezing\n|-damage|p2a: Weezing|83\/100\n|\n|-weather|Snow|[upkeep]\n|-heal|p2a: Weezing|89\/100|[from] item: Leftovers\n|upkeep\n|turn|17\n|\n|t:|1700613126\n|switch|p1a: Medicham|Medicham, M|100\/100\n|move|p2a: Weezing|Defog|p1a: Medicham\n|-unboost|p1a: Medicham|evasion|1\n|-sideend|p2: Dragon Master Rosa|Sticky Web|[from] move: Defog|[of] p2a: Weezing\n|\n|-weather|none\n|-heal|p2a: Weezing|95\/100|[from] item: Leftovers\n|upkeep\n|turn|18\n|\n|t:|1700613135\n|-end|p2a: Weezing|ability: Neutralizing Gas\n|switch|p2a: Slowking|Slowking-Galar, M|100\/100\n|move|p1a: Medicham|Fake Out|p2a: Slowking\n|-crit|p2a: Slowking\n|-damage|p2a: Slowking|83\/100\n|\n|-heal|p2a: Slowking|90\/100|[from] item: Leftovers\n|upkeep\n|turn|19\n|\n|t:|1700613141\n|switch|p1a: Slowking|Slowking-Galar, M|55\/100\n|move|p2a: Slowking|Toxic|p1a: Slowking\n|-immune|p1a: Slowking\n|\n|-heal|p2a: Slowking|96\/100|[from] item: Leftovers\n|upkeep\n|turn|20\n|\n|t:|1700613146\n|switch|p1a: Ursaluna|Ursaluna-Bloodmoon, M|44\/100\n|move|p2a: Slowking|Chilly Reception|p2a: Slowking\n|-weather|Snow\n|\n|t:|1700613149\n|switch|p2a: Palafin|Palafin-Hero, M|100\/100|[from] Chilly Reception\n|-activate|p2a: Palafin|ability: Zero to Hero\n|\n|-weather|Snow|[upkeep]\n|-heal|p1a: Ursaluna|50\/100|[from] item: Leftovers\n|upkeep\n|turn|21\n|\n|t:|1700613167\n|move|p2a: Palafin|Boomburst|p1a: Ursaluna\n|-damage|p1a: Ursaluna|0 fnt\n|faint|p1a: Ursaluna\n|\n|-weather|Snow|[upkeep]\n|upkeep\n|\n|t:|1700613175\n|switch|p1a: Ribombee|Ribombee, M|28\/100\n|turn|22\n|\n|t:|1700613180\n|move|p1a: Ribombee|Sticky Web|p2a: Palafin\n|-sidestart|p2: Dragon Master Rosa|move: Sticky Web\n|move|p2a: Palafin|Boomburst|p1a: Ribombee\n|-damage|p1a: Ribombee|0 fnt\n|faint|p1a: Ribombee\n|\n|-weather|Snow|[upkeep]\n|upkeep\n|\n|t:|1700613185\n|switch|p1a: Medicham|Medicham, M|100\/100\n|turn|23\n|\n|t:|1700613193\n|move|p2a: Palafin|Boomburst|p1a: Medicham\n|-damage|p1a: Medicham|33\/100\n|move|p1a: Medicham|Zen Headbutt|p2a: Palafin\n|-damage|p2a: Palafin|50\/100\n|\n|-weather|Snow|[upkeep]\n|upkeep\n|turn|24\n|\n|t:|1700613200\n|switch|p1a: Slowking|Slowking-Galar, M|88\/100\n|move|p2a: Palafin|Boomburst|p1a: Slowking\n|-damage|p1a: Slowking|37\/100\n|\n|-weather|none\n|upkeep\n|turn|25\n|\n|t:|1700613205\n|move|p2a: Palafin|Boomburst|p1a: Slowking\n|-damage|p1a: Slowking|0 fnt\n|faint|p1a: Slowking\n|\n|upkeep\n|\n|t:|1700613207\n|switch|p1a: Flesh Bundle|Delibird, F|7\/100\n|turn|26\n|\n|t:|1700613214\n|move|p1a: Flesh Bundle|Ice Shard|p2a: Palafin\n|-resisted|p2a: Palafin\n|-damage|p2a: Palafin|36\/100\n|move|p2a: Palafin|Boomburst|p1a: Flesh Bundle\n|-damage|p1a: Flesh Bundle|0 fnt\n|faint|p1a: Flesh Bundle\n|\n|upkeep\n|\n|t:|1700613228\n|switch|p1a: Palafin|Palafin-Hero, F|100\/100\n|-activate|p1a: Palafin|ability: Zero to Hero\n|turn|27\n|\n|t:|1700613233\n|move|p2a: Palafin|Boomburst|p1a: Palafin\n|-damage|p1a: Palafin|24\/100\n|move|p1a: Palafin|Boomburst|p2a: Palafin\n|-damage|p2a: Palafin|0 fnt\n|faint|p2a: Palafin\n|\n|upkeep\n|\n|t:|1700613238\n|switch|p2a: Eelektross|Eelektross, M|78\/100\n|turn|28\n|\n|t:|1700613249\n|switch|p1a: Medicham|Medicham, M|33\/100\n|move|p2a: Eelektross|Volt Switch|p1a: Medicham\n|-damage|p1a: Medicham|3\/100\n|\n|t:|1700613256\n|switch|p2a: Weezing|Weezing-Galar, F|95\/100|[from] Volt Switch\n|-ability|p2a: Weezing|Neutralizing Gas\n|-activate|p2a: Weezing|move: Sticky Web\n|-unboost|p2a: Weezing|spe|1\n|\n|-heal|p2a: Weezing|100\/100|[from] item: Leftovers\n|upkeep\n|turn|29\n|\n|t:|1700613261\n|move|p1a: Medicham|Zen Headbutt|p2a: Weezing\n|-supereffective|p2a: Weezing\n|-damage|p2a: Weezing|68\/100\n|move|p2a: Weezing|Defog|p1a: Medicham\n|-unboost|p1a: Medicham|evasion|1\n|-sideend|p2: Dragon Master Rosa|Sticky Web|[from] move: Defog|[of] p2a: Weezing\n|\n|-heal|p2a: Weezing|74\/100|[from] item: Leftovers\n|upkeep\n|turn|30\n|\n|t:|1700613271\n|move|p1a: Medicham|Zen Headbutt|p2a: Weezing\n|-supereffective|p2a: Weezing\n|-damage|p2a: Weezing|39\/100\n|move|p2a: Weezing|Strange Steam|p1a: Medicham\n|-supereffective|p1a: Medicham\n|-damage|p1a: Medicham|0 fnt\n|faint|p1a: Medicham\n|\n|-heal|p2a: Weezing|45\/100|[from] item: Leftovers\n|upkeep\n|\n|t:|1700613274\n|switch|p1a: Palafin|Palafin-Hero, F|24\/100\n|turn|31\n|\n|t:|1700613277\n|move|p1a: Palafin|Boomburst|p2a: Weezing\n|-damage|p2a: Weezing|0 fnt\n|faint|p2a: Weezing\n|-end|p2a: Weezing|ability: Neutralizing Gas\n|\n|upkeep\n|\n|t:|1700613280\n|switch|p2a: Infernape|Infernape, F|100\/100\n|turn|32\n|\n|t:|1700613282\n|-terastallize|p1a: Palafin|Ghost\n|move|p2a: Infernape|Close Combat|p1a: Palafin\n|-immune|p1a: Palafin\n|move|p1a: Palafin|Boomburst|p2a: Infernape\n|-damage|p2a: Infernape|2\/100\n|\n|upkeep\n|turn|33\n|\n|t:|1700613288\n|switch|p2a: Blissey|Blissey, F|23\/100\n|move|p1a: Palafin|Boomburst|p2a: Blissey\n|-damage|p2a: Blissey|0 fnt\n|faint|p2a: Blissey\n|\n|upkeep\n|\n|t:|1700613291\n|switch|p2a: Infernape|Infernape, F|2\/100\n|turn|34\n|\n|t:|1700613293\n|move|p2a: Infernape|Flare Blitz|p1a: Palafin\n|-damage|p1a: Palafin|0 fnt\n|faint|p1a: Palafin\n|-damage|p2a: Infernape|0 fnt|[from] Recoil\n|faint|p2a: Infernape\n|\n|win|Dragon Master Rosa\n|c|\u2606Scampton|gg\n|c|\u2606Dragon Master Rosa|ggwp\n","uploadtime":1700613304,"views":21,"p1id":"scampton","p2id":"dragonmasterrosa","formatid":"gen9ubers","rating":0,"private":0,"password":""}