{"id":"gen9ubers-1982022585","p1":"Ciscork","p2":"85792195wwww","format":"[Gen 9] Ubers","log":"|j|\u2606Ciscork\n|j|\u203d85792195wwww\n|t:|1698960438\n|gametype|singles\n|player|p1|Ciscork|170|1128\n|player|p2|85792195wwww|102|1404\n|teamsize|p1|6\n|teamsize|p2|6\n|gen|9\n|tier|[Gen 9] Ubers\n|rated|\n|rule|Sleep Clause Mod: Limit one foe put to sleep\n|rule|Species Clause: Limit one of each Pok\u00e9mon\n|rule|OHKO Clause: OHKO moves are banned\n|rule|Evasion Items Clause: Evasion items are banned\n|rule|Evasion Moves Clause: Evasion moves are banned\n|rule|Endless Battle Clause: Forcing endless battles is banned\n|rule|HP Percentage Mod: HP is shown in percentages\n|clearpoke\n|poke|p1|Sneasler, F|\n|poke|p1|Dragapult, M|\n|poke|p1|Quaquaval, M|\n|poke|p1|Glimmora, F|\n|poke|p1|Roaring Moon|\n|poke|p1|Gholdengo|\n|poke|p2|Kyogre|\n|poke|p2|Zacian-*|\n|poke|p2|Arceus|\n|poke|p2|Annihilape, F|\n|poke|p2|Koraidon|\n|poke|p2|Ursaluna, F|\n|teampreview\n|\n|t:|1698960448\n|start\n|switch|p1a: Sneasler|Sneasler, F, shiny|100\/100\n|switch|p2a: Annihilape|Annihilape, F|100\/100\n|turn|1\n|\n|t:|1698960455\n|move|p1a: Sneasler|U-turn|p2a: Annihilape\n|-resisted|p2a: Annihilape\n|-damage|p2a: Annihilape|93\/100\n|\n|t:|1698960462\n|switch|p1a: Glimmora|Glimmora, F, shiny|100\/100|[from] U-turn\n|move|p2a: Annihilape|Stealth Rock|p1a: Glimmora\n|-sidestart|p1: Ciscork|move: Stealth Rock\n|\n|upkeep\n|turn|2\n|\n|t:|1698960478\n|move|p2a: Annihilape|Taunt|p1a: Glimmora\n|-start|p1a: Glimmora|move: Taunt\n|move|p1a: Glimmora|Mortal Spin|p2a: Annihilape\n|-resisted|p2a: Annihilape\n|-damage|p2a: Annihilape|90\/100\n|-status|p2a: Annihilape|psn\n|-sideend|p1: Ciscork|Stealth Rock|[from] move: Mortal Spin|[of] p1a: Glimmora\n|\n|-damage|p2a: Annihilape|78\/100 psn|[from] psn\n|upkeep\n|turn|3\n|\n|t:|1698960489\n|move|p2a: Annihilape|Curse|p1a: Glimmora\n|-start|p1a: Glimmora|Curse|[of] p2a: Annihilape\n|-damage|p2a: Annihilape|28\/100 psn\n|move|p1a: Glimmora|Mortal Spin|p2a: Annihilape\n|-resisted|p2a: Annihilape\n|-damage|p2a: Annihilape|24\/100 psn\n|\n|-damage|p2a: Annihilape|12\/100 psn|[from] psn\n|-damage|p1a: Glimmora|76\/100|[from] Curse\n|upkeep\n|turn|4\n|\n|t:|1698960501\n|move|p2a: Annihilape|Stealth Rock|p1a: Glimmora\n|-sidestart|p1: Ciscork|move: Stealth Rock\n|move|p1a: Glimmora|Mortal Spin|p2a: Annihilape\n|-resisted|p2a: Annihilape\n|-damage|p2a: Annihilape|9\/100 psn\n|-sideend|p1: Ciscork|Stealth Rock|[from] move: Mortal Spin|[of] p1a: Glimmora\n|\n|-damage|p2a: Annihilape|0 fnt|[from] psn\n|faint|p2a: Annihilape\n|-damage|p1a: Glimmora|51\/100|[from] Curse\n|-end|p1a: Glimmora|move: Taunt\n|upkeep\n|\n|t:|1698960512\n|switch|p2a: Kyogre|Kyogre|100\/100\n|-weather|RainDance|[from] ability: Drizzle|[of] p2a: Kyogre\n|turn|5\n|\n|t:|1698960520\n|switch|p1a: Gholdengo|Gholdengo|100\/100\n|-item|p1a: Gholdengo|Air Balloon\n|move|p2a: Kyogre|Water Spout|p1a: Gholdengo\n|-damage|p1a: Gholdengo|0 fnt\n|-enditem|p1a: Gholdengo|Air Balloon\n|faint|p1a: Gholdengo\n|\n|-weather|RainDance|[upkeep]\n|upkeep\n|\n|t:|1698960532\n|switch|p1a: Quaquaval|Quaquaval, M, shiny|100\/100\n|turn|6\n|\n|t:|1698960539\n|-terastallize|p2a: Kyogre|Water\n|-terastallize|p1a: Quaquaval|Electric\n|move|p2a: Kyogre|Water Spout|p1a: Quaquaval\n|-damage|p1a: Quaquaval|0 fnt\n|faint|p1a: Quaquaval\n|\n|-weather|RainDance|[upkeep]\n|upkeep\n|l|\u203d85792195wwww\n|player|p2|\n|\n|t:|1698960551\n|switch|p1a: Sneasler|Sneasler, F, shiny|100\/100\n|turn|7\n|j|\u203d85792195wwww\n|player|p2|85792195wwww|102\n|n|\u203d85792195wwww|85792195wwww\n|\n|t:|1698960577\n|move|p1a: Sneasler|Poison Jab|p2a: Kyogre\n|-damage|p2a: Kyogre|55\/100\n|move|p2a: Kyogre|Water Spout|p1a: Sneasler\n|-crit|p1a: Sneasler\n|-damage|p1a: Sneasler|0 fnt\n|faint|p1a: Sneasler\n|\n|-weather|RainDance|[upkeep]\n|upkeep\n|\n|t:|1698960587\n|switch|p1a: Dragapult|Dragapult, M, shiny|100\/100\n|turn|8\n|\n|t:|1698960594\n|move|p2a: Kyogre|Water Spout|p1a: Dragapult\n|-resisted|p1a: Dragapult\n|-damage|p1a: Dragapult|34\/100\n|move|p1a: Dragapult|Dragon Darts|p2a: Kyogre\n|-damage|p2a: Kyogre|21\/100\n|-anim|p1a: Dragapult|Dragon Darts|p2a: Kyogre\n|-damage|p2a: Kyogre|0 fnt\n|faint|p2a: Kyogre\n|-damage|p1a: Dragapult|24\/100|[from] item: Life Orb\n|\n|-weather|RainDance|[upkeep]\n|upkeep\n|\n|t:|1698960610\n|switch|p2a: Zacian|Zacian-Crowned|100\/100\n|-ability|p2a: Zacian|Intrepid Sword|boost\n|-boost|p2a: Zacian|atk|1\n|turn|9\n|\n|t:|1698960615\n|switch|p1a: Glimmora|Glimmora, F, shiny|51\/100\n|move|p2a: Zacian|Behemoth Blade|p1a: Glimmora\n|-supereffective|p1a: Glimmora\n|-damage|p1a: Glimmora|0 fnt\n|-activate|p1a: Glimmora|ability: Toxic Debris\n|-sidestart|p2: 85792195wwww|move: Toxic Spikes\n|faint|p1a: Glimmora\n|\n|-weather|none\n|upkeep\n|\n|t:|1698960626\n|switch|p1a: Roaring Moon|Roaring Moon, shiny|100\/100\n|-enditem|p1a: Roaring Moon|Booster Energy\n|-activate|p1a: Roaring Moon|ability: Protosynthesis|[fromitem]\n|-start|p1a: Roaring Moon|protosynthesisatk\n|turn|10\n|\n|t:|1698960632\n|move|p2a: Zacian|Close Combat|p1a: Roaring Moon\n|-supereffective|p1a: Roaring Moon\n|-damage|p1a: Roaring Moon|0 fnt\n|-unboost|p2a: Zacian|def|1\n|-unboost|p2a: Zacian|spd|1\n|faint|p1a: Roaring Moon\n|-end|p1a: Roaring Moon|Protosynthesis|[silent]\n|\n|upkeep\n|l|\u2606Ciscork\n|player|p1|\n|inactive|Battle timer is ON: inactive players will automatically lose when time's up. (requested by 85792195wwww)\n|inactive|Ciscork has 30 seconds to reconnect!\n|inactive|Ciscork has 20 seconds to reconnect!\n|inactive|Ciscork has 15 seconds to reconnect!\n|inactive|Ciscork has 10 seconds to reconnect!\n|inactive|Ciscork has 5 seconds to reconnect!\n|-message|Ciscork lost due to inactivity.\n|\n|win|85792195wwww\n|raw|Ciscork's rating: 1128 &rarr; <strong>1120<\/strong><br \/>(-8 for losing)\n|raw|85792195wwww's rating: 1404 &rarr; <strong>1411<\/strong><br \/>(+7 for winning)\n","uploadtime":1698960791,"views":5,"p1id":"ciscork","p2id":"85792195wwww","formatid":"gen9ubers","rating":1120,"private":0,"password":""}