{"id":"gen9ubers-1974651348","p1":"darkmoju","p2":"Sonad~","format":"[Gen 9] Ubers","log":"|j|\u2606darkmoju\n|j|\u2606Sonad~\n|t:|1698106711\n|gametype|singles\n|player|p1|darkmoju|ghetsis-gen5bw|\n|player|p2|Sonad~|zinnia|\n|teamsize|p1|6\n|teamsize|p2|6\n|gen|9\n|tier|[Gen 9] Ubers\n|rule|Sleep Clause Mod: Limit one foe put to sleep\n|rule|Species Clause: Limit one of each Pok\u00e9mon\n|rule|OHKO Clause: OHKO moves are banned\n|rule|Evasion Items Clause: Evasion items are banned\n|rule|Evasion Moves Clause: Evasion moves are banned\n|rule|Endless Battle Clause: Forcing endless battles is banned\n|rule|HP Percentage Mod: HP is shown in percentages\n|clearpoke\n|poke|p1|Dialga-Origin|\n|poke|p1|Palkia-Origin|\n|poke|p1|Giratina-Origin|\n|poke|p1|Arceus|\n|poke|p1|Groudon|\n|poke|p1|Eternatus|\n|poke|p2|Ursaluna-Bloodmoon, M|\n|poke|p2|Miraidon|\n|poke|p2|Shaymin-Sky|\n|poke|p2|Urshifu-*, M|\n|poke|p2|Chi-Yu|\n|poke|p2|Zacian-*|\n|teampreview\n|j| Hand0fD00m\n|c|\u2606darkmoju|glhf\n|c| Hand0fD00m|gl guys, both of you are in the money!\n|j| Kaua zezo\n|c|\u2606Sonad~|I like money\n|c|\u2606darkmoju|samesie\n|l| Kaua zezo\n|c| Hand0fD00m|win this and beat Enze get $25\n|c|\u2606Sonad~|beating enze is all the prize i need in life\n|\n|t:|1698106829\n|start\n|switch|p1a: Eternatus|Eternatus|100\/100\n|switch|p2a: Miraidon|Miraidon|100\/100\n|-ability|p1a: Eternatus|Pressure\n|-fieldstart|move: Electric Terrain|[from] ability: Hadron Engine|[of] p2a: Miraidon\n|turn|1\n|c| Hand0fD00m|hes drinking lol good time to strike\n|\n|t:|1698106851\n|-terastallize|p1a: Eternatus|Ghost\n|move|p1a: Eternatus|Sludge Bomb|p2a: Miraidon\n|-damage|p2a: Miraidon|55\/100\n|move|p2a: Miraidon|Dragon Pulse|p1a: Eternatus\n|-damage|p1a: Eternatus|21\/100\n|\n|upkeep\n|turn|2\n|\n|t:|1698106867\n|switch|p1a: Dialga|Dialga-Origin|100\/100\n|-ability|p1a: Dialga|Pressure\n|switch|p2a: Zacian|Zacian-Crowned|100\/100\n|-ability|p2a: Zacian|Intrepid Sword|boost\n|-boost|p2a: Zacian|atk|1\n|\n|upkeep\n|turn|3\n|\n|t:|1698106885\n|move|p2a: Zacian|Play Rough|p1a: Dialga\n|-damage|p1a: Dialga|30\/100\n|move|p1a: Dialga|Flash Cannon|p2a: Zacian\n|-damage|p2a: Zacian|40\/100\n|\n|upkeep\n|turn|4\n|\n|t:|1698106898\n|move|p2a: Zacian|Play Rough|p1a: Dialga\n|-damage|p1a: Dialga|0 fnt\n|faint|p1a: Dialga\n|\n|upkeep\n|c|\u2606Sonad~|Yangsta\n|\n|t:|1698106911\n|switch|p1a: Arceus|Arceus, shiny|100\/100\n|turn|5\n|\n|t:|1698106928\n|move|p2a: Zacian|Wild Charge|p1a: Arceus\n|-damage|p1a: Arceus|56\/100\n|-damage|p2a: Zacian|26\/100|[from] Recoil\n|move|p1a: Arceus|Swords Dance|p1a: Arceus\n|-boost|p1a: Arceus|atk|2\n|\n|-fieldend|move: Electric Terrain\n|upkeep\n|turn|6\n|c|\u2606Sonad~|ouch\n|\n|t:|1698106944\n|move|p2a: Zacian|Play Rough|p1a: Arceus\n|-damage|p1a: Arceus|5\/100\n|-unboost|p1a: Arceus|atk|1\n|move|p1a: Arceus|Shadow Claw|p2a: Zacian\n|-damage|p2a: Zacian|0 fnt\n|faint|p2a: Zacian\n|\n|upkeep\n|\n|t:|1698106977\n|switch|p2a: Urshifu|Urshifu-Rapid-Strike, M|100\/100\n|turn|7\n|\n|t:|1698106994\n|move|p1a: Arceus|Extreme Speed|p2a: Urshifu\n|-damage|p2a: Urshifu|19\/100\n|move|p2a: Urshifu|U-turn|p1a: Arceus\n|-damage|p1a: Arceus|0 fnt\n|faint|p1a: Arceus\n|\n|t:|1698107000\n|switch|p2a: Miraidon|Miraidon|55\/100|[from] U-turn\n|-fieldstart|move: Electric Terrain|[from] ability: Hadron Engine|[of] p2a: Miraidon\n|\n|upkeep\n|\n|t:|1698107009\n|switch|p1a: Groudon|Groudon|100\/100\n|-weather|SunnyDay|[from] ability: Drought|[of] p1a: Groudon\n|turn|8\n|\n|t:|1698107051\n|switch|p2a: Shaymin|Shaymin-Sky|100\/100\n|move|p1a: Groudon|Will-O-Wisp|p2a: Shaymin\n|-status|p2a: Shaymin|brn\n|\n|-weather|SunnyDay|[upkeep]\n|-damage|p2a: Shaymin|94\/100 brn|[from] brn\n|upkeep\n|turn|9\n|\n|t:|1698107062\n|move|p1a: Groudon|Protect|p1a: Groudon\n|-singleturn|p1a: Groudon|Protect\n|move|p2a: Shaymin|Seed Flare|p1a: Groudon\n|-activate|p1a: Groudon|move: Protect\n|\n|-weather|SunnyDay|[upkeep]\n|-damage|p2a: Shaymin|88\/100 brn|[from] brn\n|upkeep\n|turn|10\n|\n|t:|1698107073\n|switch|p2a: Ursaluna|Ursaluna-Bloodmoon, M|100\/100\n|switch|p1a: Giratina|Giratina-Origin, shiny|100\/100\n|\n|-weather|SunnyDay|[upkeep]\n|upkeep\n|turn|11\n|\n|t:|1698107104\n|-terastallize|p2a: Ursaluna|Ghost\n|move|p1a: Giratina|Draco Meteor|p2a: Ursaluna\n|-crit|p2a: Ursaluna\n|-damage|p2a: Ursaluna|0 fnt\n|-unboost|p1a: Giratina|spa|2\n|faint|p2a: Ursaluna\n|\n|-weather|SunnyDay|[upkeep]\n|-fieldend|move: Electric Terrain\n|upkeep\n|c|\u2606Sonad~|ugh\n|c|\u2606darkmoju|finally the game likes me with the crit!\n|c|\u2606darkmoju|unlike yesterday where it would have missed 3 times\n|c| Hand0fD00m|that mightve mattered too ursas bulky\n|c|\u2606darkmoju|oh the crit mattered\n|c|\u2606darkmoju|would have left him on like 12\n|c| Hand0fD00m|big turn\n|\n|t:|1698107165\n|switch|p2a: Chi-Yu|Chi-Yu|100\/100\n|-ability|p2a: Chi-Yu|Beads of Ruin\n|turn|12\n|\n|t:|1698107178\n|switch|p1a: Palkia|Palkia-Origin|100\/100\n|-ability|p1a: Palkia|Pressure\n|move|p2a: Chi-Yu|Dark Pulse|p1a: Palkia\n|-damage|p1a: Palkia|50\/100\n|\n|-weather|none\n|upkeep\n|turn|13\n|\n|t:|1698107185\n|move|p1a: Palkia|Spacial Rend|p2a: Chi-Yu\n|-damage|p2a: Chi-Yu|14\/100\n|move|p2a: Chi-Yu|Dark Pulse|p1a: Palkia\n|-damage|p1a: Palkia|0 fnt\n|faint|p1a: Palkia\n|\n|upkeep\n|\n|t:|1698107193\n|switch|p1a: Eternatus|Eternatus, tera:Ghost|21\/100\n|-ability|p1a: Eternatus|Pressure\n|turn|14\n|\n|t:|1698107223\n|move|p1a: Eternatus|Dynamax Cannon|p2a: Chi-Yu\n|-damage|p2a: Chi-Yu|0 fnt\n|faint|p2a: Chi-Yu\n|\n|upkeep\n|\n|t:|1698107229\n|switch|p2a: Shaymin|Shaymin-Sky|88\/100 brn\n|turn|15\n|\n|t:|1698107251\n|switch|p1a: Giratina|Giratina-Origin, shiny|100\/100\n|move|p2a: Shaymin|Air Slash|p1a: Giratina\n|-damage|p1a: Giratina|71\/100\n|\n|-damage|p2a: Shaymin|82\/100 brn|[from] brn\n|upkeep\n|turn|16\n|c|\u2606Sonad~|can i do it\n|c|\u2606Sonad~|only need 2 flinches\n|\n|t:|1698107275\n|move|p1a: Giratina|Shadow Sneak|p2a: Shaymin\n|-damage|p2a: Shaymin|57\/100 brn\n|move|p2a: Shaymin|Air Slash|p1a: Giratina\n|-crit|p1a: Giratina\n|-damage|p1a: Giratina|21\/100\n|\n|-damage|p2a: Shaymin|51\/100 brn|[from] brn\n|upkeep\n|turn|17\n|c|\u2606Sonad~|oop\n|c|\u2606Sonad~|hahaha\n|\n|t:|1698107283\n|move|p1a: Giratina|Shadow Sneak|p2a: Shaymin\n|-damage|p2a: Shaymin|25\/100 brn\n|move|p2a: Shaymin|Air Slash|p1a: Giratina\n|-damage|p1a: Giratina|0 fnt\n|faint|p1a: Giratina\n|\n|-damage|p2a: Shaymin|19\/100 brn|[from] brn\n|upkeep\n|\n|t:|1698107288\n|switch|p1a: Groudon|Groudon|100\/100\n|-weather|SunnyDay|[from] ability: Drought|[of] p1a: Groudon\n|turn|18\n|\n|t:|1698107301\n|switch|p2a: Urshifu|Urshifu-Rapid-Strike, M|19\/100\n|move|p1a: Groudon|Precipice Blades|p2a: Urshifu\n|-damage|p2a: Urshifu|0 fnt\n|faint|p2a: Urshifu\n|\n|-weather|SunnyDay|[upkeep]\n|upkeep\n|c|\u2606Sonad~|that's not protect\n|c|\u2606darkmoju|almost had me LOL\n|\n|t:|1698107334\n|switch|p2a: Shaymin|Shaymin-Sky|19\/100 brn\n|turn|19\n|\n|t:|1698107340\n|move|p1a: Groudon|Protect|p1a: Groudon\n|-singleturn|p1a: Groudon|Protect\n|move|p2a: Shaymin|Seed Flare|p1a: Groudon\n|-activate|p1a: Groudon|move: Protect\n|\n|-weather|SunnyDay|[upkeep]\n|-damage|p2a: Shaymin|13\/100 brn|[from] brn\n|upkeep\n|turn|20\n|\n|t:|1698107350\n|move|p1a: Groudon|Protect||[still]\n|-fail|p1a: Groudon\n|move|p2a: Shaymin|Seed Flare|p1a: Groudon\n|-supereffective|p1a: Groudon\n|-damage|p1a: Groudon|27\/100\n|-unboost|p1a: Groudon|spd|2\n|\n|-weather|SunnyDay|[upkeep]\n|-heal|p1a: Groudon|33\/100|[from] item: Leftovers\n|-damage|p2a: Shaymin|7\/100 brn|[from] brn\n|upkeep\n|turn|21\n|c|\u2606Sonad~|..\n|\n|t:|1698107373\n|move|p1a: Groudon|Protect|p1a: Groudon\n|-singleturn|p1a: Groudon|Protect\n|move|p2a: Shaymin|Seed Flare|p1a: Groudon\n|-activate|p1a: Groudon|move: Protect\n|\n|-weather|SunnyDay|[upkeep]\n|-heal|p1a: Groudon|39\/100|[from] item: Leftovers\n|-damage|p2a: Shaymin|1\/100 brn|[from] brn\n|upkeep\n|turn|22\n|c|\u2606Sonad~|...\n|\n|t:|1698107381\n|move|p2a: Shaymin|Seed Flare|p1a: Groudon\n|-supereffective|p1a: Groudon\n|-damage|p1a: Groudon|0 fnt\n|faint|p1a: Groudon\n|\n|-weather|none\n|-damage|p2a: Shaymin|0 fnt|[from] brn\n|faint|p2a: Shaymin\n|upkeep\n|c|\u2606Sonad~|where was the double protect\n|c|\u2606Sonad~|mar is turning in his grave\n|\n|t:|1698107393\n|switch|p2a: Miraidon|Miraidon|55\/100\n|switch|p1a: Eternatus|Eternatus, tera:Ghost|21\/100\n|-ability|p1a: Eternatus|Pressure\n|-fieldstart|move: Electric Terrain|[from] ability: Hadron Engine|[of] p2a: Miraidon\n|turn|23\n|c| Hand0fD00m|lol\n|c|\u2606darkmoju|XD\n|\n|t:|1698107405\n|move|p1a: Eternatus|Dynamax Cannon|p2a: Miraidon\n|-supereffective|p2a: Miraidon\n|-damage|p2a: Miraidon|0 fnt\n|faint|p2a: Miraidon\n|\n|win|darkmoju\n|c|\u2606Sonad~|ahh\n|c|\u2606Sonad~|scarf\n|c|\u2606Sonad~|gg!\n|c|\u2606darkmoju|holy shit was that ever close\n|c| Hand0fD00m|the scarf is so deadly\n|c| Hand0fD00m|gg\n|c|\u2606darkmoju|gg\n|c|\u2606Sonad~|what about the the whole 'im debating dqing' thing\n|c|\u2606Sonad~|hahahah\n|c|\u2606darkmoju|HAHAHAHA\n|l|\u2606Sonad~\n|l|\u2606darkmoju\n","uploadtime":1698107456,"views":8,"p1id":"darkmoju","p2id":"sonad","formatid":"gen9ubers","rating":0,"private":0,"password":""}