{"id":"gen9ubers-1973371150","p1":"TheKeaToSuccess","p2":"TheLandoMaestroEX","format":"[Gen 9] Ubers","log":"|j|\u2606TheKeaToSuccess\n|j|\u2606TheLandoMaestroEX\n|t:|1697963571\n|gametype|singles\n|player|p1|TheKeaToSuccess|102|1129\n|player|p2|TheLandoMaestroEX|atticus|1240\n|teamsize|p1|6\n|teamsize|p2|6\n|gen|9\n|tier|[Gen 9] Ubers\n|rated|\n|rule|Sleep Clause Mod: Limit one foe put to sleep\n|rule|Species Clause: Limit one of each Pok\u00e9mon\n|rule|OHKO Clause: OHKO moves are banned\n|rule|Evasion Items Clause: Evasion items are banned\n|rule|Evasion Moves Clause: Evasion moves are banned\n|rule|Endless Battle Clause: Forcing endless battles is banned\n|rule|HP Percentage Mod: HP is shown in percentages\n|clearpoke\n|poke|p1|Ribombee, M|\n|poke|p1|Blissey, F|\n|poke|p1|Gardevoir, F|\n|poke|p1|Cresselia, F|\n|poke|p1|Volcarona, M|\n|poke|p1|Bisharp, F|\n|poke|p2|Groudon|\n|poke|p2|Miraidon|\n|poke|p2|Chi-Yu|\n|poke|p2|Koraidon|\n|poke|p2|Arceus-Dark|\n|poke|p2|Regieleki|\n|teampreview\n|\n|t:|1697963614\n|start\n|switch|p1a: Gardevoir|Gardevoir, F|100\/100\n|switch|p2a: Regieleki|Regieleki|100\/100\n|turn|1\n|\n|t:|1697963622\n|switch|p1a: Blissey|Blissey, F|100\/100\n|move|p2a: Regieleki|Thunder Cage|p1a: Blissey\n|-damage|p1a: Blissey|79\/100\n|-activate|p1a: Blissey|move: Thunder Cage|[of] p2a: Regieleki\n|-damage|p2a: Regieleki|91\/100|[from] item: Life Orb\n|\n|-heal|p1a: Blissey|85\/100|[from] item: Leftovers\n|-damage|p1a: Blissey|73\/100|[from] move: Thunder Cage|[partiallytrapped]\n|upkeep\n|turn|2\n|\n|t:|1697963636\n|move|p2a: Regieleki|Volt Switch|p1a: Blissey\n|-damage|p1a: Blissey|56\/100\n|-damage|p2a: Regieleki|81\/100|[from] item: Life Orb\n|\n|t:|1697963639\n|switch|p2a: Chi-Yu|Chi-Yu|100\/100|[from] Volt Switch\n|-ability|p2a: Chi-Yu|Beads of Ruin\n|move|p1a: Blissey|Stealth Rock|p2a: Chi-Yu\n|-sidestart|p2: TheLandoMaestroEX|move: Stealth Rock\n|\n|-heal|p1a: Blissey|62\/100|[from] item: Leftovers\n|-end|p1a: Blissey|Thunder Cage|[partiallytrapped]|[silent]\n|upkeep\n|turn|3\n|\n|t:|1697963650\n|move|p2a: Chi-Yu|Lava Plume|p1a: Blissey\n|-crit|p1a: Blissey\n|-damage|p1a: Blissey|32\/100\n|move|p1a: Blissey|Thunder Wave|p2a: Chi-Yu\n|-status|p2a: Chi-Yu|par\n|\n|-heal|p1a: Blissey|38\/100|[from] item: Leftovers\n|upkeep\n|turn|4\n|\n|t:|1697963659\n|cant|p2a: Chi-Yu|par\n|move|p1a: Blissey|Soft-Boiled|p1a: Blissey\n|-heal|p1a: Blissey|88\/100\n|\n|-heal|p1a: Blissey|94\/100|[from] item: Leftovers\n|upkeep\n|turn|5\n|\n|t:|1697963667\n|move|p2a: Chi-Yu|Lava Plume|p1a: Blissey\n|-damage|p1a: Blissey|75\/100\n|move|p1a: Blissey|Seismic Toss|p2a: Chi-Yu\n|-damage|p2a: Chi-Yu|61\/100 par\n|\n|-heal|p1a: Blissey|81\/100|[from] item: Leftovers\n|upkeep\n|turn|6\n|\n|t:|1697963676\n|switch|p2a: Regieleki|Regieleki|81\/100\n|-damage|p2a: Regieleki|68\/100|[from] Stealth Rock\n|move|p1a: Blissey|Seismic Toss|p2a: Regieleki\n|-damage|p2a: Regieleki|35\/100\n|\n|-heal|p1a: Blissey|87\/100|[from] item: Leftovers\n|upkeep\n|turn|7\n|\n|t:|1697963685\n|move|p2a: Regieleki|Rapid Spin|p1a: Blissey\n|-damage|p1a: Blissey|74\/100\n|-boost|p2a: Regieleki|spe|1\n|-sideend|p2: TheLandoMaestroEX|Stealth Rock|[from] move: Rapid Spin|[of] p2a: Regieleki\n|-damage|p2a: Regieleki|25\/100|[from] item: Life Orb\n|move|p1a: Blissey|Seismic Toss|p2a: Regieleki\n|-damage|p2a: Regieleki|0 fnt\n|faint|p2a: Regieleki\n|\n|-heal|p1a: Blissey|80\/100|[from] item: Leftovers\n|upkeep\n|\n|t:|1697963694\n|switch|p2a: Koraidon|Koraidon|100\/100\n|-weather|SunnyDay|[from] ability: Orichalcum Pulse|[of] p2a: Koraidon\n|-activate|p2a: Koraidon|Orichalcum Pulse|[source]\n|turn|8\n|\n|t:|1697963709\n|-terastallize|p1a: Blissey|Ghost\n|move|p2a: Koraidon|Collision Course|p1a: Blissey\n|-immune|p1a: Blissey\n|move|p1a: Blissey|Thunder Wave|p2a: Koraidon\n|-status|p2a: Koraidon|par\n|\n|-weather|SunnyDay|[upkeep]\n|-heal|p1a: Blissey|86\/100|[from] item: Leftovers\n|upkeep\n|turn|9\n|\n|t:|1697963721\n|cant|p2a: Koraidon|par\n|move|p1a: Blissey|Stealth Rock|p2a: Koraidon\n|-sidestart|p2: TheLandoMaestroEX|move: Stealth Rock\n|\n|-weather|SunnyDay|[upkeep]\n|-heal|p1a: Blissey|92\/100|[from] item: Leftovers\n|upkeep\n|turn|10\n|\n|t:|1697963731\n|switch|p1a: Cresselia|Cresselia, F|100\/100\n|move|p2a: Koraidon|Bulk Up|p2a: Koraidon\n|-boost|p2a: Koraidon|atk|1\n|-boost|p2a: Koraidon|def|1\n|\n|-weather|SunnyDay|[upkeep]\n|upkeep\n|turn|11\n|\n|t:|1697963745\n|move|p1a: Cresselia|Ice Beam|p2a: Koraidon\n|-supereffective|p2a: Koraidon\n|-damage|p2a: Koraidon|54\/100 par\n|move|p2a: Koraidon|Scale Shot|p1a: Cresselia\n|-damage|p1a: Cresselia|82\/100\n|-damage|p1a: Cresselia|64\/100\n|-damage|p1a: Cresselia|45\/100\n|-damage|p1a: Cresselia|26\/100\n|-damage|p1a: Cresselia|9\/100\n|-hitcount|p1a: Cresselia|5\n|-unboost|p2a: Koraidon|def|1\n|-boost|p2a: Koraidon|spe|1\n|\n|-weather|SunnyDay|[upkeep]\n|upkeep\n|turn|12\n|\n|t:|1697963761\n|move|p2a: Koraidon|Scale Shot|p1a: Cresselia\n|-damage|p1a: Cresselia|0 fnt\n|faint|p1a: Cresselia\n|-hitcount|p1: Cresselia|1\n|-unboost|p2a: Koraidon|def|1\n|-boost|p2a: Koraidon|spe|1\n|\n|-weather|none\n|upkeep\n|\n|t:|1697963771\n|switch|p1a: Gardevoir|Gardevoir, F|100\/100\n|turn|13\n|\n|t:|1697963776\n|move|p1a: Gardevoir|Moonblast|p2a: Koraidon\n|-supereffective|p2a: Koraidon\n|-damage|p2a: Koraidon|0 fnt\n|faint|p2a: Koraidon\n|\n|upkeep\n|\n|t:|1697963782\n|switch|p2a: Arceus|Arceus-Dark|100\/100\n|-damage|p2a: Arceus|88\/100|[from] Stealth Rock\n|turn|14\n|\n|t:|1697963787\n|-terastallize|p2a: Arceus|Poison\n|move|p1a: Gardevoir|Moonblast|p2a: Arceus\n|-resisted|p2a: Arceus\n|-damage|p2a: Arceus|72\/100\n|-unboost|p2a: Arceus|spa|1\n|move|p2a: Arceus|Calm Mind|p2a: Arceus\n|-boost|p2a: Arceus|spa|1\n|-boost|p2a: Arceus|spd|1\n|\n|upkeep\n|turn|15\n|\n|t:|1697963799\n|switch|p1a: Blissey|Blissey, F, tera:Ghost|92\/100\n|move|p2a: Arceus|Calm Mind|p2a: Arceus\n|-boost|p2a: Arceus|spa|1\n|-boost|p2a: Arceus|spd|1\n|\n|-heal|p1a: Blissey|99\/100|[from] item: Leftovers\n|upkeep\n|turn|16\n|\n|t:|1697963808\n|move|p2a: Arceus|Judgment|p1a: Blissey\n|-supereffective|p1a: Blissey\n|-crit|p1a: Blissey\n|-damage|p1a: Blissey|27\/100\n|move|p1a: Blissey|Thunder Wave|p2a: Arceus\n|-status|p2a: Arceus|par\n|\n|-heal|p1a: Blissey|33\/100|[from] item: Leftovers\n|upkeep\n|turn|17\n|\n|t:|1697963817\n|cant|p2a: Arceus|par\n|move|p1a: Blissey|Soft-Boiled|p1a: Blissey\n|-heal|p1a: Blissey|83\/100\n|\n|-heal|p1a: Blissey|89\/100|[from] item: Leftovers\n|upkeep\n|turn|18\n|\n|t:|1697963826\n|move|p2a: Arceus|Calm Mind|p2a: Arceus\n|-boost|p2a: Arceus|spa|1\n|-boost|p2a: Arceus|spd|1\n|move|p1a: Blissey|Seismic Toss|p2a: Arceus\n|-damage|p2a: Arceus|50\/100 par\n|\n|-heal|p1a: Blissey|95\/100|[from] item: Leftovers\n|upkeep\n|turn|19\n|\n|t:|1697963834\n|cant|p2a: Arceus|par\n|move|p1a: Blissey|Seismic Toss|p2a: Arceus\n|-damage|p2a: Arceus|27\/100 par\n|\n|-heal|p1a: Blissey|100\/100|[from] item: Leftovers\n|upkeep\n|turn|20\n|\n|t:|1697963842\n|move|p2a: Arceus|Recover|p2a: Arceus\n|-heal|p2a: Arceus|77\/100 par\n|move|p1a: Blissey|Seismic Toss|p2a: Arceus\n|-damage|p2a: Arceus|55\/100 par\n|\n|upkeep\n|turn|21\n|\n|t:|1697963848\n|cant|p2a: Arceus|par\n|move|p1a: Blissey|Seismic Toss|p2a: Arceus\n|-damage|p2a: Arceus|32\/100 par\n|\n|upkeep\n|turn|22\n|\n|t:|1697963855\n|switch|p1a: Gardevoir|Gardevoir, F|100\/100\n|move|p2a: Arceus|Recover|p2a: Arceus\n|-heal|p2a: Arceus|82\/100 par\n|\n|upkeep\n|turn|23\n|\n|t:|1697963862\n|move|p1a: Gardevoir|Psyshock|p2a: Arceus\n|-supereffective|p2a: Arceus\n|-damage|p2a: Arceus|25\/100 par\n|move|p2a: Arceus|Judgment|p1a: Gardevoir\n|-damage|p1a: Gardevoir|4\/100\n|\n|upkeep\n|turn|24\n|\n|t:|1697963869\n|move|p1a: Gardevoir|Psyshock|p2a: Arceus\n|-supereffective|p2a: Arceus\n|-damage|p2a: Arceus|0 fnt\n|faint|p2a: Arceus\n|\n|upkeep\n|-message|TheLandoMaestroEX forfeited.\n|\n|win|TheKeaToSuccess\n|raw|TheKeaToSuccess's rating: 1129 &rarr; <strong>1162<\/strong><br \/>(+33 for winning)\n|raw|TheLandoMaestroEX's rating: 1240 &rarr; <strong>1207<\/strong><br \/>(-33 for losing)\n|l|\u2606TheLandoMaestroEX\n|c|\u2606TheKeaToSuccess|Trash\n","uploadtime":1697963885,"views":15,"p1id":"thekeatosuccess","p2id":"thelandomaestroex","formatid":"gen9ubers","rating":1162,"private":0,"password":""}