{"id":"gen9ubers-1993001302","p1":"Cristaldu41","p2":"EaterofEnchiladas","format":"[Gen 9] Ubers","log":"|j|\u2606Cristaldu41\n|j|\u2606EaterofEnchiladas\n|t:|1700254315\n|gametype|singles\n|player|p1|Cristaldu41|1|1320\n|player|p2|EaterofEnchiladas|cyrus|1164\n|teamsize|p1|6\n|teamsize|p2|6\n|gen|9\n|tier|[Gen 9] Ubers\n|rated|\n|rule|Sleep Clause Mod: Limit one foe put to sleep\n|rule|Species Clause: Limit one of each Pok\u00e9mon\n|rule|OHKO Clause: OHKO moves are banned\n|rule|Evasion Items Clause: Evasion items are banned\n|rule|Evasion Moves Clause: Evasion moves are banned\n|rule|Endless Battle Clause: Forcing endless battles is banned\n|rule|HP Percentage Mod: HP is shown in percentages\n|clearpoke\n|poke|p1|Zacian-*|\n|poke|p1|Arceus|\n|poke|p1|Ting-Lu|\n|poke|p1|Koraidon|\n|poke|p1|Eternatus|\n|poke|p1|Basculegion, M|\n|poke|p2|Polteageist-Antique|\n|poke|p2|Tropius, M|\n|poke|p2|Annihilape, F|\n|poke|p2|Cinderace, F|\n|poke|p2|Great Tusk|\n|poke|p2|Azumarill, M|\n|teampreview\n|inactive|Battle timer is ON: inactive players will automatically lose when time's up. (requested by EaterofEnchiladas)\n|\n|t:|1700254329\n|start\n|switch|p1a: Ting-Lu|Ting-Lu|100\/100\n|switch|p2a: Spot of Tea?|Polteageist-Antique|100\/100\n|-ability|p1a: Ting-Lu|Vessel of Ruin\n|turn|1\n|\n|t:|1700254339\n|move|p2a: Spot of Tea?|Shell Smash|p2a: Spot of Tea?\n|-unboost|p2a: Spot of Tea?|def|1\n|-unboost|p2a: Spot of Tea?|spd|1\n|-boost|p2a: Spot of Tea?|atk|2\n|-boost|p2a: Spot of Tea?|spa|2\n|-boost|p2a: Spot of Tea?|spe|2\n|move|p1a: Ting-Lu|Whirlwind|p2a: Spot of Tea?\n|drag|p2a: mmmm Monkey|Annihilape, F|100\/100\n|\n|upkeep\n|turn|2\n|\n|t:|1700254356\n|move|p2a: mmmm Monkey|Taunt|p1a: Ting-Lu\n|-start|p1a: Ting-Lu|move: Taunt\n|cant|p1a: Ting-Lu|move: Taunt|Spikes\n|\n|upkeep\n|turn|3\n|\n|t:|1700254364\n|switch|p2a: less fat rabbit|Cinderace, F|100\/100\n|move|p1a: Ting-Lu|Ruination|p2a: less fat rabbit\n|-damage|p2a: less fat rabbit|50\/100\n|\n|-heal|p2a: less fat rabbit|56\/100|[from] item: Leftovers\n|upkeep\n|turn|4\n|\n|t:|1700254377\n|move|p2a: less fat rabbit|Pyro Ball|p1a: Ting-Lu\n|-damage|p1a: Ting-Lu|73\/100\n|move|p1a: Ting-Lu|Earthquake|p2a: less fat rabbit\n|-supereffective|p2a: less fat rabbit\n|-damage|p2a: less fat rabbit|0 fnt\n|faint|p2a: less fat rabbit\n|\n|-heal|p1a: Ting-Lu|79\/100|[from] item: Leftovers\n|-end|p1a: Ting-Lu|move: Taunt\n|upkeep\n|\n|t:|1700254396\n|switch|p2a: Banan|Tropius, M|100\/100\n|turn|5\n|\n|t:|1700254401\n|move|p2a: Banan|Leech Seed|p1a: Ting-Lu\n|-start|p1a: Ting-Lu|move: Leech Seed\n|move|p1a: Ting-Lu|Ruination|p2a: Banan\n|-damage|p2a: Banan|50\/100\n|-enditem|p2a: Banan|Sitrus Berry|[eat]\n|-heal|p2a: Banan|75\/100|[from] item: Sitrus Berry\n|\n|-heal|p1a: Ting-Lu|86\/100|[from] item: Leftovers\n|-damage|p1a: Ting-Lu|73\/100|[from] Leech Seed|[of] p2a: Banan\n|-heal|p2a: Banan|93\/100|[silent]\n|-item|p2a: Banan|Sitrus Berry|[from] ability: Harvest\n|upkeep\n|turn|6\n|\n|t:|1700254413\n|switch|p1a: Koraidon|Koraidon|100\/100\n|-weather|SunnyDay|[from] ability: Orichalcum Pulse|[of] p1a: Koraidon\n|-activate|p1a: Koraidon|Orichalcum Pulse|[source]\n|move|p2a: Banan|Substitute|p2a: Banan\n|-start|p2a: Banan|Substitute\n|-damage|p2a: Banan|68\/100\n|\n|-weather|SunnyDay|[upkeep]\n|upkeep\n|turn|7\n|\n|t:|1700254420\n|move|p1a: Koraidon|Dragon Claw|p2a: Banan\n|-crit|p2a: Banan\n|-end|p2a: Banan|Substitute\n|move|p2a: Banan|Leech Seed|p1a: Koraidon\n|-start|p1a: Koraidon|move: Leech Seed\n|\n|-weather|SunnyDay|[upkeep]\n|-damage|p1a: Koraidon|88\/100|[from] Leech Seed|[of] p2a: Banan\n|-heal|p2a: Banan|79\/100|[silent]\n|upkeep\n|turn|8\n|\n|t:|1700254429\n|move|p2a: Banan|Protect|p2a: Banan\n|-singleturn|p2a: Banan|Protect\n|move|p1a: Koraidon|Dragon Claw|p2a: Banan\n|-activate|p2a: Banan|move: Protect\n|\n|-weather|SunnyDay|[upkeep]\n|-damage|p1a: Koraidon|76\/100|[from] Leech Seed|[of] p2a: Banan\n|-heal|p2a: Banan|91\/100|[silent]\n|upkeep\n|turn|9\n|\n|t:|1700254439\n|move|p1a: Koraidon|Dragon Claw|p2a: Banan\n|-damage|p2a: Banan|13\/100\n|-enditem|p2a: Banan|Sitrus Berry|[eat]\n|-heal|p2a: Banan|38\/100|[from] item: Sitrus Berry\n|move|p2a: Banan|Substitute|p2a: Banan\n|-start|p2a: Banan|Substitute\n|-damage|p2a: Banan|13\/100\n|\n|-weather|SunnyDay|[upkeep]\n|-damage|p1a: Koraidon|64\/100|[from] Leech Seed|[of] p2a: Banan\n|-heal|p2a: Banan|25\/100|[silent]\n|-item|p2a: Banan|Sitrus Berry|[from] ability: Harvest\n|upkeep\n|-enditem|p2a: Banan|Sitrus Berry|[eat]\n|-heal|p2a: Banan|49\/100|[from] item: Sitrus Berry\n|turn|10\n|\n|t:|1700254461\n|switch|p1a: Eternatus|Eternatus|100\/100\n|-ability|p1a: Eternatus|Pressure\n|move|p2a: Banan|Protect||[still]\n|-fail|p2a: Banan\n|\n|-weather|none\n|upkeep\n|turn|11\n|\n|t:|1700254467\n|move|p1a: Eternatus|Flamethrower|p2a: Banan\n|-supereffective|p2a: Banan\n|-end|p2a: Banan|Substitute\n|move|p2a: Banan|Leech Seed|p1a: Eternatus\n|-start|p1a: Eternatus|move: Leech Seed\n|\n|-damage|p1a: Eternatus|88\/100|[from] Leech Seed|[of] p2a: Banan\n|-heal|p2a: Banan|66\/100|[silent]\n|-item|p2a: Banan|Sitrus Berry|[from] ability: Harvest\n|upkeep\n|turn|12\n|\n|t:|1700254476\n|move|p2a: Banan|Protect|p2a: Banan\n|-singleturn|p2a: Banan|Protect\n|move|p1a: Eternatus|Flamethrower|p2a: Banan\n|-activate|p2a: Banan|move: Protect\n|\n|-heal|p1a: Eternatus|94\/100|[from] item: Black Sludge\n|-damage|p1a: Eternatus|82\/100|[from] Leech Seed|[of] p2a: Banan\n|-heal|p2a: Banan|82\/100|[silent]\n|upkeep\n|turn|13\n|\n|t:|1700254484\n|move|p1a: Eternatus|Toxic|p2a: Banan\n|-status|p2a: Banan|tox\n|move|p2a: Banan|Substitute|p2a: Banan\n|-start|p2a: Banan|Substitute\n|-damage|p2a: Banan|57\/100 tox\n|\n|-heal|p1a: Eternatus|88\/100|[from] item: Black Sludge\n|-damage|p1a: Eternatus|76\/100|[from] Leech Seed|[of] p2a: Banan\n|-heal|p2a: Banan|74\/100 tox|[silent]\n|-damage|p2a: Banan|68\/100 tox|[from] psn\n|upkeep\n|turn|14\n|\n|t:|1700254498\n|move|p2a: Banan|Protect|p2a: Banan\n|-singleturn|p2a: Banan|Protect\n|move|p1a: Eternatus|Flamethrower|p2a: Banan\n|-activate|p2a: Banan|move: Protect\n|\n|-heal|p1a: Eternatus|82\/100|[from] item: Black Sludge\n|-damage|p1a: Eternatus|69\/100|[from] Leech Seed|[of] p2a: Banan\n|-heal|p2a: Banan|84\/100 tox|[silent]\n|-damage|p2a: Banan|72\/100 tox|[from] psn\n|upkeep\n|turn|15\n|\n|t:|1700254509\n|switch|p2a: mmmm Monkey|Annihilape, F|100\/100\n|move|p1a: Eternatus|Flamethrower|p2a: mmmm Monkey\n|-damage|p2a: mmmm Monkey|73\/100\n|\n|-heal|p1a: Eternatus|76\/100|[from] item: Black Sludge\n|-damage|p1a: Eternatus|63\/100|[from] Leech Seed|[of] p2a: mmmm Monkey\n|-heal|p2a: mmmm Monkey|88\/100|[silent]\n|upkeep\n|turn|16\n|\n|t:|1700254518\n|move|p1a: Eternatus|Toxic|p2a: mmmm Monkey\n|-status|p2a: mmmm Monkey|tox\n|move|p2a: mmmm Monkey|Taunt|p1a: Eternatus\n|-start|p1a: Eternatus|move: Taunt\n|\n|-heal|p1a: Eternatus|69\/100|[from] item: Black Sludge\n|-damage|p1a: Eternatus|57\/100|[from] Leech Seed|[of] p2a: mmmm Monkey\n|-heal|p2a: mmmm Monkey|100\/100 tox|[silent]\n|-damage|p2a: mmmm Monkey|94\/100 tox|[from] psn\n|upkeep\n|turn|17\n|\n|t:|1700254529\n|switch|p1a: Ting-Lu|Ting-Lu|73\/100\n|-ability|p1a: Ting-Lu|Vessel of Ruin\n|move|p2a: mmmm Monkey|Rage Fist|p1a: Ting-Lu\n|-resisted|p1a: Ting-Lu\n|-damage|p1a: Ting-Lu|61\/100\n|\n|-heal|p1a: Ting-Lu|67\/100|[from] item: Leftovers\n|-damage|p2a: mmmm Monkey|82\/100 tox|[from] psn\n|upkeep\n|turn|18\n|\n|t:|1700254538\n|move|p2a: mmmm Monkey|Drain Punch|p1a: Ting-Lu\n|-supereffective|p1a: Ting-Lu\n|-damage|p1a: Ting-Lu|24\/100\n|-heal|p2a: mmmm Monkey|100\/100 tox|[from] drain|[of] p1a: Ting-Lu\n|move|p1a: Ting-Lu|Spikes|p2a: mmmm Monkey\n|-sidestart|p2: EaterofEnchiladas|Spikes\n|\n|-heal|p1a: Ting-Lu|30\/100|[from] item: Leftovers\n|-damage|p2a: mmmm Monkey|82\/100 tox|[from] psn\n|upkeep\n|turn|19\n|\n|t:|1700254548\n|switch|p1a: Eternatus|Eternatus|57\/100\n|-ability|p1a: Eternatus|Pressure\n|move|p2a: mmmm Monkey|Drain Punch|p1a: Eternatus\n|-resisted|p1a: Eternatus\n|-damage|p1a: Eternatus|46\/100\n|-heal|p2a: mmmm Monkey|89\/100 tox|[from] drain|[of] p1a: Eternatus\n|\n|-heal|p1a: Eternatus|53\/100|[from] item: Black Sludge\n|-damage|p2a: mmmm Monkey|65\/100 tox|[from] psn\n|upkeep\n|turn|20\n|\n|t:|1700254561\n|move|p1a: Eternatus|Recover|p1a: Eternatus\n|-heal|p1a: Eternatus|100\/100\n|move|p2a: mmmm Monkey|Rage Fist|p1a: Eternatus\n|-damage|p1a: Eternatus|69\/100\n|\n|-heal|p1a: Eternatus|75\/100|[from] item: Black Sludge\n|-damage|p2a: mmmm Monkey|35\/100 tox|[from] psn\n|upkeep\n|turn|21\n|\n|t:|1700254582\n|move|p1a: Eternatus|Dynamax Cannon|p2a: mmmm Monkey\n|-damage|p2a: mmmm Monkey|0 fnt\n|faint|p2a: mmmm Monkey\n|\n|-heal|p1a: Eternatus|82\/100|[from] item: Black Sludge\n|upkeep\n|\n|t:|1700254589\n|switch|p2a: fat rabbit|Azumarill, M|100\/100\n|-damage|p2a: fat rabbit|88\/100|[from] Spikes\n|turn|22\n|\n|t:|1700254599\n|move|p1a: Eternatus|Toxic|p2a: fat rabbit\n|-status|p2a: fat rabbit|tox\n|move|p2a: fat rabbit|Belly Drum|p2a: fat rabbit\n|-damage|p2a: fat rabbit|38\/100 tox\n|-setboost|p2a: fat rabbit|atk|6|[from] move: Belly Drum\n|-enditem|p2a: fat rabbit|Sitrus Berry|[eat]\n|-heal|p2a: fat rabbit|63\/100 tox|[from] item: Sitrus Berry\n|\n|-heal|p1a: Eternatus|88\/100|[from] item: Black Sludge\n|-damage|p2a: fat rabbit|57\/100 tox|[from] psn\n|upkeep\n|turn|23\n|\n|t:|1700254609\n|move|p2a: fat rabbit|Aqua Jet|p1a: Eternatus\n|-resisted|p1a: Eternatus\n|-damage|p1a: Eternatus|61\/100\n|move|p1a: Eternatus|Flamethrower|p2a: fat rabbit\n|-resisted|p2a: fat rabbit\n|-damage|p2a: fat rabbit|42\/100 tox\n|\n|-heal|p1a: Eternatus|67\/100|[from] item: Black Sludge\n|-damage|p2a: fat rabbit|30\/100 tox|[from] psn\n|upkeep\n|turn|24\n|\n|t:|1700254619\n|move|p1a: Eternatus|Flamethrower|p2a: fat rabbit\n|-resisted|p2a: fat rabbit\n|-damage|p2a: fat rabbit|13\/100 tox\n|move|p2a: fat rabbit|Draining Kiss|p1a: Eternatus\n|-damage|p1a: Eternatus|57\/100\n|-heal|p2a: fat rabbit|22\/100 tox|[from] drain|[of] p1a: Eternatus\n|\n|-heal|p1a: Eternatus|64\/100|[from] item: Black Sludge\n|-damage|p2a: fat rabbit|4\/100 tox|[from] psn\n|upkeep\n|turn|25\n|\n|t:|1700254633\n|move|p1a: Eternatus|Recover|p1a: Eternatus\n|-heal|p1a: Eternatus|100\/100\n|move|p2a: fat rabbit|Grass Knot|p1a: Eternatus\n|-resisted|p1a: Eternatus\n|-damage|p1a: Eternatus|97\/100\n|\n|-heal|p1a: Eternatus|100\/100|[from] item: Black Sludge\n|-damage|p2a: fat rabbit|0 fnt|[from] psn\n|faint|p2a: fat rabbit\n|upkeep\n|-message|EaterofEnchiladas forfeited.\n|\n|win|Cristaldu41\n|raw|Cristaldu41's rating: 1320 &rarr; <strong>1332<\/strong><br \/>(+12 for winning)\n|raw|EaterofEnchiladas's rating: 1164 &rarr; <strong>1150<\/strong><br \/>(-14 for losing)\n|l|\u2606EaterofEnchiladas\n","uploadtime":1700254647,"views":17,"p1id":"cristaldu41","p2id":"eaterofenchiladas","formatid":"gen9ubers","rating":1150,"private":0,"password":""}