{"id":"gen9ubers-1983411979","p1":"the tr4sh man","p2":"a bit moody","format":"[Gen 9] Ubers","log":"|j|\u2606the tr4sh man\n|j|\u2606a bit moody\n|t:|1699127368\n|gametype|singles\n|player|p1|the tr4sh man|xerosic|\n|player|p2|a bit moody|102|\n|teamsize|p1|6\n|teamsize|p2|6\n|gen|9\n|tier|[Gen 9] Ubers\n|rule|Sleep Clause Mod: Limit one foe put to sleep\n|rule|Species Clause: Limit one of each Pok\u00e9mon\n|rule|OHKO Clause: OHKO moves are banned\n|rule|Evasion Items Clause: Evasion items are banned\n|rule|Evasion Moves Clause: Evasion moves are banned\n|rule|Endless Battle Clause: Forcing endless battles is banned\n|rule|HP Percentage Mod: HP is shown in percentages\n|clearpoke\n|poke|p1|Lycanroc-Dusk, F|\n|poke|p1|Houndstone, M|\n|poke|p1|Zamazenta-*|\n|poke|p1|Zacian-*|\n|poke|p1|Dachsbun, M|\n|poke|p1|Mabosstiff, F|\n|poke|p2|Clefable, M|\n|poke|p2|Alomomola, F|\n|poke|p2|Moltres|\n|poke|p2|Blissey, F|\n|poke|p2|Overqwil, F|\n|poke|p2|Spectrier|\n|teampreview\n|c|\u2606the tr4sh man|i call this one\n|c|\u2606the tr4sh man|what the dog doin\n|c|\u2606the tr4sh man|gl hf\n|\n|t:|1699127393\n|start\n|switch|p1a: Lycanroc|Lycanroc-Dusk, F|100\/100\n|switch|p2a: Overqwil|Overqwil, F|100\/100\n|-ability|p2a: Overqwil|Intimidate|boost\n|-unboost|p1a: Lycanroc|atk|1\n|turn|1\n|\n|t:|1699127398\n|move|p1a: Lycanroc|Taunt|p2a: Overqwil\n|-start|p2a: Overqwil|move: Taunt\n|cant|p2a: Overqwil|move: Taunt|Spikes\n|\n|upkeep\n|turn|2\n|\n|t:|1699127406\n|move|p1a: Lycanroc|Stealth Rock|p2a: Overqwil\n|-sidestart|p2: a bit moody|move: Stealth Rock\n|move|p2a: Overqwil|Crunch|p1a: Lycanroc\n|-damage|p1a: Lycanroc|48\/100\n|-unboost|p1a: Lycanroc|def|1\n|\n|upkeep\n|turn|3\n|\n|t:|1699127419\n|switch|p2a: Spectrier|Spectrier|100\/100\n|-damage|p2a: Spectrier|88\/100|[from] Stealth Rock\n|move|p1a: Lycanroc|Endeavor|p2a: Spectrier\n|-immune|p2a: Spectrier\n|\n|upkeep\n|turn|4\n|\n|t:|1699127427\n|switch|p1a: Dachsbun|Dachsbun, M|100\/100\n|move|p2a: Spectrier|Shadow Ball|p1a: Dachsbun\n|-damage|p1a: Dachsbun|55\/100\n|-unboost|p1a: Dachsbun|spd|1\n|\n|-heal|p1a: Dachsbun|61\/100|[from] item: Leftovers\n|upkeep\n|turn|5\n|\n|t:|1699127433\n|move|p1a: Dachsbun|Protect|p1a: Dachsbun\n|-singleturn|p1a: Dachsbun|Protect\n|move|p2a: Spectrier|Shadow Ball|p1a: Dachsbun\n|-activate|p1a: Dachsbun|move: Protect\n|\n|-heal|p1a: Dachsbun|67\/100|[from] item: Leftovers\n|upkeep\n|turn|6\n|\n|t:|1699127439\n|switch|p2a: Overqwil|Overqwil, F|100\/100\n|-damage|p2a: Overqwil|88\/100|[from] Stealth Rock\n|-ability|p2a: Overqwil|Intimidate|boost\n|-unboost|p1a: Dachsbun|atk|1\n|switch|p1a: Mabosstiff|Mabosstiff, F|100\/100\n|\n|upkeep\n|turn|7\n|\n|t:|1699127447\n|move|p1a: Mabosstiff|Play Rough|p2a: Overqwil|[miss]\n|-miss|p1a: Mabosstiff|p2a: Overqwil\n|move|p2a: Overqwil|Spikes|p1a: Mabosstiff\n|-sidestart|p1: the tr4sh man|Spikes\n|\n|upkeep\n|turn|8\n|\n|t:|1699127450\n|move|p1a: Mabosstiff|Play Rough|p2a: Overqwil\n|-damage|p2a: Overqwil|55\/100\n|-damage|p1a: Mabosstiff|84\/100|[from] item: Rocky Helmet|[of] p2a: Overqwil\n|move|p2a: Overqwil|Toxic Spikes|p1a: Mabosstiff\n|-sidestart|p1: the tr4sh man|move: Toxic Spikes\n|\n|upkeep\n|turn|9\n|\n|t:|1699127452\n|move|p1a: Mabosstiff|Play Rough|p2a: Overqwil\n|-damage|p2a: Overqwil|19\/100\n|-damage|p1a: Mabosstiff|67\/100|[from] item: Rocky Helmet|[of] p2a: Overqwil\n|move|p2a: Overqwil|Toxic Spikes|p1a: Mabosstiff\n|-sidestart|p1: the tr4sh man|move: Toxic Spikes\n|\n|upkeep\n|turn|10\n|\n|t:|1699127457\n|switch|p2a: Moltres|Moltres|100\/100\n|move|p1a: Mabosstiff|Play Rough|p2a: Moltres\n|-resisted|p2a: Moltres\n|-damage|p2a: Moltres|68\/100\n|\n|upkeep\n|turn|11\n|\n|t:|1699127460\n|move|p1a: Mabosstiff|Play Rough|p2a: Moltres\n|-resisted|p2a: Moltres\n|-damage|p2a: Moltres|52\/100\n|move|p2a: Moltres|Will-O-Wisp|p1a: Mabosstiff\n|-status|p1a: Mabosstiff|brn\n|\n|-damage|p1a: Mabosstiff|61\/100 brn|[from] brn\n|upkeep\n|turn|12\n|\n|t:|1699127468\n|switch|p1a: Lycanroc|Lycanroc-Dusk, F|48\/100\n|-damage|p1a: Lycanroc|35\/100|[from] Spikes\n|-status|p1a: Lycanroc|tox\n|move|p2a: Moltres|Roost|p2a: Moltres\n|-heal|p2a: Moltres|100\/100\n|-singleturn|p2a: Moltres|move: Roost\n|\n|-damage|p1a: Lycanroc|29\/100 tox|[from] psn\n|upkeep\n|turn|13\n|\n|t:|1699127479\n|switch|p2a: Spectrier|Spectrier|88\/100\n|-damage|p2a: Spectrier|76\/100|[from] Stealth Rock\n|move|p1a: Lycanroc|Accelerock|p2a: Spectrier\n|-damage|p2a: Spectrier|37\/100\n|\n|-damage|p1a: Lycanroc|17\/100 tox|[from] psn\n|upkeep\n|turn|14\n|\n|t:|1699127489\n|switch|p2a: Alomomola|Alomomola, F|100\/100\n|move|p1a: Lycanroc|Accelerock|p2a: Alomomola\n|-damage|p2a: Alomomola|88\/100\n|\n|-damage|p1a: Lycanroc|0 fnt|[from] psn\n|faint|p1a: Lycanroc\n|upkeep\n|\n|t:|1699127504\n|switch|p1a: Mabosstiff|Mabosstiff, F|61\/100 brn\n|-damage|p1a: Mabosstiff|49\/100 brn|[from] Spikes\n|turn|15\n|\n|t:|1699127512\n|-terastallize|p1a: Mabosstiff|Normal\n|move|p1a: Mabosstiff|Facade|p2a: Alomomola\n|-damage|p2a: Alomomola|25\/100\n|move|p2a: Alomomola|Wish|p2a: Alomomola\n|\n|-damage|p1a: Mabosstiff|43\/100 brn|[from] brn\n|upkeep\n|turn|16\n|\n|t:|1699127520\n|switch|p1a: Zacian|Zacian|100\/100\n|-ability|p1a: Zacian|Intrepid Sword|boost\n|-boost|p1a: Zacian|atk|1\n|move|p2a: Alomomola|Protect||[still]\n|-fail|p2a: Alomomola\n|\n|-heal|p2a: Alomomola|75\/100|[from] move: Wish|[wisher] Alomomola\n|upkeep\n|turn|17\n|\n|t:|1699127533\n|move|p1a: Zacian|Swords Dance|p1a: Zacian\n|-boost|p1a: Zacian|atk|2\n|move|p2a: Alomomola|Flip Turn|p1a: Zacian\n|-damage|p1a: Zacian|85\/100\n|\n|t:|1699127535\n|switch|p2a: Moltres|Moltres|100\/100|[from] Flip Turn\n|\n|upkeep\n|turn|18\n|\n|t:|1699127538\n|switch|p1a: Dachsbun|Dachsbun, M|67\/100\n|-damage|p1a: Dachsbun|55\/100|[from] Spikes\n|-status|p1a: Dachsbun|tox\n|move|p2a: Moltres|Roar|p1a: Dachsbun\n|drag|p1a: Mabosstiff|Mabosstiff, F, tera:Normal|43\/100 brn\n|-damage|p1a: Mabosstiff|31\/100 brn|[from] Spikes\n|\n|-damage|p1a: Mabosstiff|25\/100 brn|[from] brn\n|upkeep\n|turn|19\n|\n|t:|1699127555\n|switch|p2a: Spectrier|Spectrier|37\/100\n|-damage|p2a: Spectrier|25\/100|[from] Stealth Rock\n|move|p1a: Mabosstiff|Crunch|p2a: Spectrier\n|-supereffective|p2a: Spectrier\n|-damage|p2a: Spectrier|0 fnt\n|faint|p2a: Spectrier\n|\n|-damage|p1a: Mabosstiff|19\/100 brn|[from] brn\n|upkeep\n|\n|t:|1699127564\n|switch|p2a: Alomomola|Alomomola, F|100\/100\n|turn|20\n|\n|t:|1699127567\n|switch|p1a: Dachsbun|Dachsbun, M|55\/100 tox\n|-damage|p1a: Dachsbun|43\/100 tox|[from] Spikes\n|move|p2a: Alomomola|Wish|p2a: Alomomola\n|\n|-heal|p1a: Dachsbun|49\/100 tox|[from] item: Leftovers\n|-damage|p1a: Dachsbun|43\/100 tox|[from] psn\n|upkeep\n|turn|21\n|\n|t:|1699127569\n|move|p1a: Dachsbun|Wish|p1a: Dachsbun\n|move|p2a: Alomomola|Flip Turn|p1a: Dachsbun\n|-damage|p1a: Dachsbun|28\/100 tox\n|\n|t:|1699127575\n|switch|p2a: Overqwil|Overqwil, F|19\/100|[from] Flip Turn\n|-damage|p2a: Overqwil|7\/100|[from] Stealth Rock\n|-ability|p2a: Overqwil|Intimidate|boost\n|-unboost|p1a: Dachsbun|atk|1\n|\n|-heal|p2a: Overqwil|79\/100|[from] move: Wish|[wisher] Alomomola\n|-heal|p1a: Dachsbun|34\/100 tox|[from] item: Leftovers\n|-damage|p1a: Dachsbun|23\/100 tox|[from] psn\n|upkeep\n|turn|22\n|\n|t:|1699127586\n|move|p1a: Dachsbun|Protect|p1a: Dachsbun\n|-singleturn|p1a: Dachsbun|Protect\n|move|p2a: Overqwil|Gunk Shot|p1a: Dachsbun\n|-activate|p1a: Dachsbun|move: Protect\n|\n|-heal|p1a: Dachsbun|73\/100 tox|[from] move: Wish|[wisher] Dachsbun\n|-heal|p1a: Dachsbun|78\/100 tox|[from] item: Leftovers\n|-damage|p1a: Dachsbun|61\/100 tox|[from] psn\n|upkeep\n|turn|23\n|\n|t:|1699127595\n|move|p1a: Dachsbun|Wish|p1a: Dachsbun\n|move|p2a: Overqwil|Gunk Shot|p1a: Dachsbun|[miss]\n|-miss|p2a: Overqwil|p1a: Dachsbun\n|\n|-heal|p1a: Dachsbun|67\/100 tox|[from] item: Leftovers\n|-damage|p1a: Dachsbun|43\/100 tox|[from] psn\n|upkeep\n|turn|24\n|\n|t:|1699127604\n|move|p1a: Dachsbun|Protect|p1a: Dachsbun\n|-singleturn|p1a: Dachsbun|Protect\n|move|p2a: Overqwil|Spikes|p1a: Dachsbun\n|-sidestart|p1: the tr4sh man|Spikes\n|\n|-heal|p1a: Dachsbun|93\/100 tox|[from] move: Wish|[wisher] Dachsbun\n|-heal|p1a: Dachsbun|99\/100 tox|[from] item: Leftovers\n|-damage|p1a: Dachsbun|69\/100 tox|[from] psn\n|upkeep\n|turn|25\n|\n|t:|1699127606\n|move|p2a: Overqwil|Gunk Shot|p1a: Dachsbun\n|-supereffective|p1a: Dachsbun\n|-damage|p1a: Dachsbun|0 fnt\n|faint|p1a: Dachsbun\n|\n|upkeep\n|\n|t:|1699127612\n|switch|p1a: Zacian|Zacian|85\/100\n|turn|26\n|\n|t:|1699127619\n|move|p1a: Zacian|Play Rough|p2a: Overqwil\n|-damage|p2a: Overqwil|46\/100\n|-damage|p1a: Zacian|69\/100|[from] item: Rocky Helmet|[of] p2a: Overqwil\n|move|p2a: Overqwil|Gunk Shot|p1a: Zacian\n|-supereffective|p1a: Zacian\n|-damage|p1a: Zacian|0 fnt\n|faint|p1a: Zacian\n|\n|upkeep\n|\n|t:|1699127626\n|switch|p1a: Houndstone|Houndstone, M|100\/100\n|-damage|p1a: Houndstone|84\/100|[from] Spikes\n|-status|p1a: Houndstone|tox\n|turn|27\n|\n|t:|1699127629\n|move|p2a: Overqwil|Crunch|p1a: Houndstone\n|-supereffective|p1a: Houndstone\n|-damage|p1a: Houndstone|64\/100 tox\n|-damage|p2a: Overqwil|30\/100|[from] item: Rocky Helmet|[of] p1a: Houndstone\n|move|p1a: Houndstone|Last Respects|p2a: Overqwil\n|-resisted|p2a: Overqwil\n|-damage|p2a: Overqwil|7\/100\n|\n|-damage|p1a: Houndstone|58\/100 tox|[from] psn\n|upkeep\n|turn|28\n|\n|t:|1699127636\n|move|p2a: Overqwil|Crunch|p1a: Houndstone\n|-supereffective|p1a: Houndstone\n|-damage|p1a: Houndstone|34\/100 tox\n|-damage|p2a: Overqwil|0 fnt|[from] item: Rocky Helmet|[of] p1a: Houndstone\n|faint|p2a: Overqwil\n|move|p1a: Houndstone|Last Respects|p2: Overqwil|[notarget]\n|-fail|p1a: Houndstone\n|\n|-damage|p1a: Houndstone|21\/100 tox|[from] psn\n|upkeep\n|\n|t:|1699127655\n|switch|p2a: Blissey|Blissey, F|100\/100\n|turn|29\n|\n|t:|1699127665\n|switch|p2a: Alomomola|Alomomola, F|100\/100\n|move|p1a: Houndstone|Rest|p1a: Houndstone\n|-status|p1a: Houndstone|slp|[from] move: Rest\n|-heal|p1a: Houndstone|100\/100 slp|[silent]\n|\n|upkeep\n|turn|30\n|\n|t:|1699127671\n|cant|p1a: Houndstone|slp\n|move|p1a: Houndstone|Sleep Talk|p1a: Houndstone\n|move|p1a: Houndstone|Last Respects|p2a: Alomomola|[from]move: Sleep Talk\n|-damage|p2a: Alomomola|63\/100\n|move|p2a: Alomomola|Flip Turn|p1a: Houndstone\n|-damage|p1a: Houndstone|95\/100 slp\n|-damage|p2a: Alomomola|47\/100|[from] item: Rocky Helmet|[of] p1a: Houndstone\n|\n|t:|1699127673\n|switch|p2a: Moltres|Moltres|100\/100|[from] Flip Turn\n|\n|upkeep\n|turn|31\n|\n|t:|1699127677\n|move|p2a: Moltres|Flamethrower|p1a: Houndstone\n|-damage|p1a: Houndstone|25\/100 slp\n|cant|p1a: Houndstone|slp\n|move|p1a: Houndstone|Sleep Talk|p1a: Houndstone\n|move|p1a: Houndstone|Last Respects|p2a: Moltres|[from]move: Sleep Talk\n|-damage|p2a: Moltres|57\/100\n|\n|upkeep\n|turn|32\n|\n|t:|1699127687\n|move|p2a: Moltres|Flamethrower|p1a: Houndstone\n|-damage|p1a: Houndstone|0 fnt\n|faint|p1a: Houndstone\n|\n|upkeep\n|\n|t:|1699127690\n|switch|p1a: Mabosstiff|Mabosstiff, F, tera:Normal|19\/100 brn\n|-damage|p1a: Mabosstiff|2\/100 brn|[from] Spikes\n|turn|33\n|\n|t:|1699127699\n|switch|p2a: Clefable|Clefable, M|100\/100\n|move|p1a: Mabosstiff|Facade|p2a: Clefable\n|-crit|p2a: Clefable\n|-damage|p2a: Clefable|0 fnt\n|faint|p2a: Clefable\n|\n|-damage|p1a: Mabosstiff|0 fnt|[from] brn\n|faint|p1a: Mabosstiff\n|upkeep\n|\n|t:|1699127702\n|switch|p1a: Zamazenta|Zamazenta|100\/100\n|switch|p2a: Alomomola|Alomomola, F|80\/100\n|-damage|p1a: Zamazenta|84\/100|[from] Spikes\n|-status|p1a: Zamazenta|tox\n|-ability|p1a: Zamazenta|Dauntless Shield|boost\n|-boost|p1a: Zamazenta|def|1\n|turn|34\n|\n|t:|1699127705\n|move|p1a: Zamazenta|Iron Defense|p1a: Zamazenta\n|-boost|p1a: Zamazenta|def|2\n|move|p2a: Alomomola|Wish|p2a: Alomomola\n|\n|-heal|p1a: Zamazenta|90\/100 tox|[from] item: Leftovers\n|-damage|p1a: Zamazenta|84\/100 tox|[from] psn\n|upkeep\n|turn|35\n|\n|t:|1699127708\n|move|p1a: Zamazenta|Iron Defense|p1a: Zamazenta\n|-boost|p1a: Zamazenta|def|2\n|move|p2a: Alomomola|Flip Turn|p1a: Zamazenta\n|-damage|p1a: Zamazenta|80\/100 tox\n|\n|t:|1699127714\n|switch|p2a: Moltres|Moltres|57\/100|[from] Flip Turn\n|\n|-heal|p2a: Moltres|100\/100|[from] move: Wish|[wisher] Alomomola\n|-heal|p1a: Zamazenta|86\/100 tox|[from] item: Leftovers\n|-damage|p1a: Zamazenta|74\/100 tox|[from] psn\n|upkeep\n|turn|36\n|\n|t:|1699127720\n|move|p1a: Zamazenta|Body Press|p2a: Moltres\n|-resisted|p2a: Moltres\n|-damage|p2a: Moltres|58\/100\n|move|p2a: Moltres|Flamethrower|p1a: Zamazenta\n|-damage|p1a: Zamazenta|42\/100 tox\n|\n|-heal|p1a: Zamazenta|48\/100 tox|[from] item: Leftovers\n|-damage|p1a: Zamazenta|30\/100 tox|[from] psn\n|upkeep\n|turn|37\n|c|\u2606the tr4sh man|gg\n|\n|t:|1699127728\n|move|p1a: Zamazenta|Body Press|p2a: Moltres\n|-resisted|p2a: Moltres\n|-damage|p2a: Moltres|12\/100\n|move|p2a: Moltres|Roost|p2a: Moltres\n|-heal|p2a: Moltres|62\/100\n|-singleturn|p2a: Moltres|move: Roost\n|\n|-heal|p1a: Zamazenta|36\/100 tox|[from] item: Leftovers\n|-damage|p1a: Zamazenta|12\/100 tox|[from] psn\n|upkeep\n|turn|38\n|\n|t:|1699127734\n|move|p1a: Zamazenta|Body Press|p2a: Moltres\n|-resisted|p2a: Moltres\n|-damage|p2a: Moltres|14\/100\n|move|p2a: Moltres|Roost|p2a: Moltres\n|-heal|p2a: Moltres|64\/100\n|-singleturn|p2a: Moltres|move: Roost\n|\n|-heal|p1a: Zamazenta|18\/100 tox|[from] item: Leftovers\n|-damage|p1a: Zamazenta|0 fnt|[from] psn\n|faint|p1a: Zamazenta\n|\n|win|a bit moody\n|upkeep\n|c|\u2606the tr4sh man|cool overqwil set\n|l|\u2606the tr4sh man\n","uploadtime":1699127755,"views":13,"p1id":"thetr4shman","p2id":"abitmoody","formatid":"gen9ubers","rating":0,"private":0,"password":""}