{"id":"gen9ubers-1996513552","p1":"TheLejend70","p2":"jacothaptrllr","format":"[Gen 9] Ubers","log":"|j|\u2606TheLejend70\n|j|\u2606jacothaptrllr\n|t:|1700689411\n|gametype|singles\n|player|p1|TheLejend70|266|1157\n|player|p2|jacothaptrllr|chuck|1388\n|teamsize|p1|6\n|teamsize|p2|6\n|gen|9\n|tier|[Gen 9] Ubers\n|rated|\n|rule|Sleep Clause Mod: Limit one foe put to sleep\n|rule|Species Clause: Limit one of each Pok\u00e9mon\n|rule|OHKO Clause: OHKO moves are banned\n|rule|Evasion Items Clause: Evasion items are banned\n|rule|Evasion Moves Clause: Evasion moves are banned\n|rule|Endless Battle Clause: Forcing endless battles is banned\n|rule|HP Percentage Mod: HP is shown in percentages\n|clearpoke\n|poke|p1|Houndstone, F|\n|poke|p1|Sandaconda, F|\n|poke|p1|Azelf|\n|poke|p1|Pawmot, M|\n|poke|p1|Zacian-*|\n|poke|p1|Miraidon|\n|poke|p2|Flutter Mane|\n|poke|p2|Miraidon|\n|poke|p2|Kyogre|\n|poke|p2|Skeledirge, F|\n|poke|p2|Chien-Pao|\n|poke|p2|Talonflame, F|\n|teampreview\n|inactive|Battle timer is ON: inactive players will automatically lose when time's up. (requested by jacothaptrllr)\n|\n|t:|1700689434\n|start\n|switch|p1a: Azelf|Azelf|100\/100\n|switch|p2a: Graham Hancock|Skeledirge, F|100\/100\n|turn|1\n|\n|t:|1700689444\n|move|p1a: Azelf|Taunt|p2a: Graham Hancock\n|-start|p2a: Graham Hancock|move: Taunt\n|move|p2a: Graham Hancock|Shadow Ball|p1a: Azelf\n|-supereffective|p1a: Azelf\n|-enditem|p1a: Azelf|Focus Sash\n|-damage|p1a: Azelf|1\/100\n|\n|upkeep\n|turn|2\n|\n|t:|1700689450\n|move|p1a: Azelf|Thunder Wave|p2a: Graham Hancock|[miss]\n|-miss|p1a: Azelf|p2a: Graham Hancock\n|move|p2a: Graham Hancock|Shadow Ball|p1a: Azelf\n|-supereffective|p1a: Azelf\n|-damage|p1a: Azelf|0 fnt\n|faint|p1a: Azelf\n|\n|upkeep\n|\n|t:|1700689463\n|switch|p1a: Miraidon|Miraidon|100\/100\n|-fieldstart|move: Electric Terrain|[from] ability: Hadron Engine|[of] p1a: Miraidon\n|turn|3\n|\n|t:|1700689474\n|switch|p2a: Bob Lazar|Miraidon|100\/100\n|-activate|p2a: Bob Lazar|ability: Hadron Engine\n|move|p1a: Miraidon|Electro Drift|p2a: Bob Lazar\n|-resisted|p2a: Bob Lazar\n|-damage|p2a: Bob Lazar|72\/100\n|\n|upkeep\n|turn|4\n|\n|t:|1700689484\n|switch|p1a: Zacian|Zacian-Crowned|100\/100\n|-ability|p1a: Zacian|Intrepid Sword|boost\n|-boost|p1a: Zacian|atk|1\n|move|p2a: Bob Lazar|Draco Meteor|p1a: Zacian\n|-immune|p1a: Zacian\n|\n|upkeep\n|turn|5\n|\n|t:|1700689494\n|switch|p2a: Graham Hancock|Skeledirge, F|100\/100\n|move|p1a: Zacian|Swords Dance|p1a: Zacian\n|-boost|p1a: Zacian|atk|2\n|\n|upkeep\n|turn|6\n|\n|t:|1700689499\n|move|p1a: Zacian|Wild Charge|p2a: Graham Hancock\n|-damage|p2a: Graham Hancock|67\/100\n|-damage|p1a: Zacian|91\/100|[from] Recoil\n|move|p2a: Graham Hancock|Torch Song|p1a: Zacian\n|-supereffective|p1a: Zacian\n|-damage|p1a: Zacian|0 fnt\n|-boost|p2a: Graham Hancock|spa|1\n|faint|p1a: Zacian\n|\n|upkeep\n|\n|t:|1700689515\n|switch|p1a: Miraidon|Miraidon|100\/100\n|-activate|p1a: Miraidon|ability: Hadron Engine\n|turn|7\n|\n|t:|1700689523\n|move|p1a: Miraidon|Electro Drift|p2a: Graham Hancock\n|-damage|p2a: Graham Hancock|0 fnt\n|faint|p2a: Graham Hancock\n|\n|-fieldend|move: Electric Terrain\n|upkeep\n|\n|t:|1700689532\n|switch|p2a: Bob Lazar|Miraidon|72\/100\n|-fieldstart|move: Electric Terrain|[from] ability: Hadron Engine|[of] p2a: Bob Lazar\n|turn|8\n|\n|t:|1700689543\n|switch|p1a: Sandaconda|Sandaconda, F|100\/100\n|move|p2a: Bob Lazar|Draco Meteor|p1a: Sandaconda|[miss]\n|-miss|p2a: Bob Lazar|p1a: Sandaconda\n|\n|upkeep\n|turn|9\n|\n|t:|1700689550\n|move|p2a: Bob Lazar|Draco Meteor|p1a: Sandaconda\n|-damage|p1a: Sandaconda|0 fnt\n|-unboost|p2a: Bob Lazar|spa|2\n|-weather|Sandstorm|[from] ability: Sand Spit|[of] p1a: Sandaconda\n|faint|p1a: Sandaconda\n|-damage|p2a: Bob Lazar|62\/100|[from] item: Life Orb\n|\n|-weather|Sandstorm|[upkeep]\n|-damage|p2a: Bob Lazar|56\/100|[from] Sandstorm\n|upkeep\n|\n|t:|1700689553\n|switch|p1a: Houndstone|Houndstone, F|100\/100\n|turn|10\n|\n|t:|1700689558\n|switch|p2a: Joe rogan|Talonflame, F|100\/100\n|move|p1a: Houndstone|Last Respects|p2a: Joe rogan\n|-damage|p2a: Joe rogan|0 fnt\n|faint|p2a: Joe rogan\n|\n|-weather|Sandstorm|[upkeep]\n|upkeep\n|\n|t:|1700689563\n|switch|p2a: Jeremy knapp|Flutter Mane|100\/100\n|-enditem|p2a: Jeremy knapp|Booster Energy\n|-activate|p2a: Jeremy knapp|ability: Protosynthesis|[fromitem]\n|-start|p2a: Jeremy knapp|protosynthesisspe\n|turn|11\n|\n|t:|1700689571\n|switch|p1a: Miraidon|Miraidon|100\/100\n|-activate|p1a: Miraidon|ability: Hadron Engine\n|-terastallize|p2a: Jeremy knapp|Normal\n|move|p2a: Jeremy knapp|Shadow Ball|p1a: Miraidon\n|-damage|p1a: Miraidon|65\/100\n|\n|-weather|Sandstorm|[upkeep]\n|-damage|p2a: Jeremy knapp|95\/100|[from] Sandstorm\n|-damage|p1a: Miraidon|59\/100|[from] Sandstorm\n|upkeep\n|turn|12\n|\n|t:|1700689580\n|move|p2a: Jeremy knapp|Moonblast|p1a: Miraidon\n|-supereffective|p1a: Miraidon\n|-damage|p1a: Miraidon|0 fnt\n|faint|p1a: Miraidon\n|\n|-weather|Sandstorm|[upkeep]\n|-damage|p2a: Jeremy knapp|89\/100|[from] Sandstorm\n|-fieldend|move: Electric Terrain\n|upkeep\n|\n|t:|1700689582\n|switch|p1a: Pawmot|Pawmot, M|100\/100\n|turn|13\n|\n|t:|1700689592\n|move|p2a: Jeremy knapp|Moonblast|p1a: Pawmot\n|-supereffective|p1a: Pawmot\n|-crit|p1a: Pawmot\n|-damage|p1a: Pawmot|0 fnt\n|faint|p1a: Pawmot\n|\n|-weather|Sandstorm|[upkeep]\n|-damage|p2a: Jeremy knapp|83\/100|[from] Sandstorm\n|upkeep\n|\n|t:|1700689595\n|switch|p1a: Houndstone|Houndstone, F|100\/100\n|turn|14\n|\n|t:|1700689598\n|move|p2a: Jeremy knapp|Shadow Ball|p1a: Houndstone\n|-supereffective|p1a: Houndstone\n|-damage|p1a: Houndstone|3\/100\n|move|p1a: Houndstone|Body Press|p2a: Jeremy knapp\n|-supereffective|p2a: Jeremy knapp\n|-damage|p2a: Jeremy knapp|0 fnt\n|faint|p2a: Jeremy knapp\n|-end|p2a: Jeremy knapp|Protosynthesis|[silent]\n|\n|-weather|Sandstorm|[upkeep]\n|upkeep\n|\n|t:|1700689602\n|switch|p2a: David Grusch|Chien-Pao|100\/100\n|-ability|p2a: David Grusch|Sword of Ruin\n|turn|15\n|\n|t:|1700689604\n|move|p2a: David Grusch|Sucker Punch|p1a: Houndstone\n|-supereffective|p1a: Houndstone\n|-damage|p1a: Houndstone|0 fnt\n|faint|p1a: Houndstone\n|\n|win|jacothaptrllr\n|raw|TheLejend70's rating: 1157 &rarr; <strong>1147<\/strong><br \/>(-10 for losing)\n|raw|jacothaptrllr's rating: 1388 &rarr; <strong>1396<\/strong><br \/>(+8 for winning)\n|l|\u2606TheLejend70\n","uploadtime":1700689614,"views":1,"p1id":"thelejend70","p2id":"jacothaptrllr","formatid":"gen9ubers","rating":1147,"private":0,"password":""}