{"id":"gen9ubers-1987013902","p1":"iuojkiolujklji","p2":"U lost da game","format":"[Gen 9] Ubers","log":"|j|\u2606iuojkiolujklji\n|j|\u2606U lost da game\n|t:|1699549046\n|gametype|singles\n|player|p1|iuojkiolujklji|preschoolerf|1000\n|player|p2|U lost da game|102|1106\n|teamsize|p1|6\n|teamsize|p2|6\n|gen|9\n|tier|[Gen 9] Ubers\n|rated|\n|rule|Sleep Clause Mod: Limit one foe put to sleep\n|rule|Species Clause: Limit one of each Pok\u00e9mon\n|rule|OHKO Clause: OHKO moves are banned\n|rule|Evasion Items Clause: Evasion items are banned\n|rule|Evasion Moves Clause: Evasion moves are banned\n|rule|Endless Battle Clause: Forcing endless battles is banned\n|rule|HP Percentage Mod: HP is shown in percentages\n|clearpoke\n|poke|p1|Flutter Mane|\n|poke|p1|Koraidon|\n|poke|p1|Houndstone, F|\n|poke|p1|Ting-Lu|\n|poke|p1|Glimmora, M|\n|poke|p1|Armarouge, F|\n|poke|p2|Gallade, M|\n|poke|p2|Iron Moth|\n|poke|p2|Gliscor, F|\n|poke|p2|Ursaluna-Bloodmoon, M|\n|poke|p2|Dragonite, F|\n|poke|p2|Ampharos, M|\n|teampreview\n|\n|t:|1699549065\n|start\n|switch|p1a: Glimmora|Glimmora, M|100\/100\n|switch|p2a: Ursaluna|Ursaluna-Bloodmoon, M|100\/100\n|turn|1\n|\n|t:|1699549071\n|move|p1a: Glimmora|Stealth Rock|p2a: Ursaluna\n|-sidestart|p2: U lost da game|move: Stealth Rock\n|move|p2a: Ursaluna|Calm Mind|p2a: Ursaluna\n|-boost|p2a: Ursaluna|spa|1\n|-boost|p2a: Ursaluna|spd|1\n|\n|upkeep\n|turn|2\n|\n|t:|1699549076\n|move|p1a: Glimmora|Mortal Spin|p2a: Ursaluna\n|-resisted|p2a: Ursaluna\n|-damage|p2a: Ursaluna|99\/100\n|-status|p2a: Ursaluna|psn\n|move|p2a: Ursaluna|Calm Mind|p2a: Ursaluna\n|-boost|p2a: Ursaluna|spa|1\n|-boost|p2a: Ursaluna|spd|1\n|\n|-heal|p2a: Ursaluna|100\/100 psn|[from] item: Leftovers\n|-damage|p2a: Ursaluna|88\/100 psn|[from] psn\n|upkeep\n|turn|3\n|\n|t:|1699549083\n|move|p2a: Ursaluna|Vacuum Wave|p1a: Glimmora\n|-damage|p1a: Glimmora|64\/100\n|move|p1a: Glimmora|Earth Power|p2a: Ursaluna\n|-damage|p2a: Ursaluna|74\/100 psn\n|\n|-heal|p2a: Ursaluna|80\/100 psn|[from] item: Leftovers\n|-damage|p2a: Ursaluna|68\/100 psn|[from] psn\n|upkeep\n|turn|4\n|\n|t:|1699549088\n|move|p1a: Glimmora|Earth Power|p2a: Ursaluna\n|-damage|p2a: Ursaluna|54\/100 psn\n|move|p2a: Ursaluna|Blood Moon|p1a: Glimmora\n|-resisted|p1a: Glimmora\n|-damage|p1a: Glimmora|0 fnt\n|faint|p1a: Glimmora\n|\n|-heal|p2a: Ursaluna|60\/100 psn|[from] item: Leftovers\n|-damage|p2a: Ursaluna|48\/100 psn|[from] psn\n|upkeep\n|\n|t:|1699549092\n|switch|p1a: Koraidon|Koraidon|100\/100\n|-weather|SunnyDay|[from] ability: Orichalcum Pulse|[of] p1a: Koraidon\n|-activate|p1a: Koraidon|Orichalcum Pulse|[source]\n|turn|5\n|inactive|Battle timer is ON: inactive players will automatically lose when time's up. (requested by U lost da game)\n|\n|t:|1699549097\n|move|p1a: Koraidon|Flare Blitz|p2a: Ursaluna\n|-damage|p2a: Ursaluna|0 fnt\n|faint|p2a: Ursaluna\n|-damage|p1a: Koraidon|81\/100|[from] Recoil\n|-damage|p1a: Koraidon|71\/100|[from] item: Life Orb\n|\n|-weather|SunnyDay|[upkeep]\n|upkeep\n|\n|t:|1699549101\n|switch|p2a: Gliscor|Gliscor, F|100\/100\n|-damage|p2a: Gliscor|88\/100|[from] Stealth Rock\n|turn|6\n|\n|t:|1699549113\n|move|p1a: Koraidon|Flare Blitz|p2a: Gliscor\n|-damage|p2a: Gliscor|19\/100\n|-damage|p1a: Koraidon|47\/100|[from] Recoil\n|-damage|p1a: Koraidon|37\/100|[from] item: Life Orb\n|move|p2a: Gliscor|Knock Off|p1a: Koraidon\n|-resisted|p1a: Koraidon\n|-damage|p1a: Koraidon|27\/100\n|-enditem|p1a: Koraidon|Life Orb|[from] move: Knock Off|[of] p2a: Gliscor\n|\n|-weather|SunnyDay|[upkeep]\n|-status|p2a: Gliscor|tox|[from] item: Toxic Orb\n|upkeep\n|turn|7\n|\n|t:|1699549132\n|switch|p2a: Dragonite|Dragonite, F|100\/100\n|-damage|p2a: Dragonite|76\/100|[from] Stealth Rock\n|move|p1a: Koraidon|Collision Course|p2a: Dragonite\n|-resisted|p2a: Dragonite\n|-damage|p2a: Dragonite|47\/100\n|\n|-weather|SunnyDay|[upkeep]\n|-heal|p2a: Dragonite|53\/100|[from] item: Leftovers\n|upkeep\n|turn|8\n|\n|t:|1699549141\n|switch|p1a: Flutter Mane|Flutter Mane|100\/100\n|-activate|p1a: Flutter Mane|ability: Protosynthesis\n|-start|p1a: Flutter Mane|protosynthesisspe\n|move|p2a: Dragonite|Extreme Speed|p1a: Flutter Mane\n|-immune|p1a: Flutter Mane\n|\n|-weather|SunnyDay|[upkeep]\n|-heal|p2a: Dragonite|59\/100|[from] item: Leftovers\n|upkeep\n|turn|9\n|\n|t:|1699549146\n|switch|p2a: Ampharos|Ampharos, M|100\/100\n|-damage|p2a: Ampharos|88\/100|[from] Stealth Rock\n|move|p1a: Flutter Mane|Moonblast|p2a: Ampharos\n|-damage|p2a: Ampharos|53\/100\n|\n|-weather|none\n|-end|p1a: Flutter Mane|Protosynthesis\n|upkeep\n|turn|10\n|\n|t:|1699549154\n|-end|p1a: Flutter Mane|Protosynthesis|[silent]\n|switch|p1a: Ting-Lu|Ting-Lu|100\/100\n|-ability|p1a: Ting-Lu|Vessel of Ruin\n|move|p2a: Ampharos|Zap Cannon|p1a: Ting-Lu\n|-immune|p1a: Ting-Lu\n|\n|upkeep\n|turn|11\n|\n|t:|1699549161\n|move|p1a: Ting-Lu|Earthquake|p2a: Ampharos\n|-supereffective|p2a: Ampharos\n|-damage|p2a: Ampharos|0 fnt\n|faint|p2a: Ampharos\n|\n|upkeep\n|\n|t:|1699549168\n|switch|p2a: Gallade|Gallade, M|100\/100\n|-damage|p2a: Gallade|94\/100|[from] Stealth Rock\n|turn|12\n|-message|U lost da game forfeited.\n|\n|win|iuojkiolujklji\n|raw|iuojkiolujklji's rating: 1000 &rarr; <strong>1052<\/strong><br \/>(+52 for winning)\n|raw|U lost da game's rating: 1106 &rarr; <strong>1074<\/strong><br \/>(-32 for losing)\n|l|\u2606U lost da game\n","uploadtime":1699549182,"views":6,"p1id":"iuojkiolujklji","p2id":"ulostdagame","formatid":"gen9ubers","rating":1052,"private":0,"password":""}