{"id":"gen9ubers-1998935930","p1":"Anne Frankkkk","p2":"teamcb3","format":"[Gen 9] Ubers","log":"|j|\u2606Anne Frankkkk\n|j|\u2606teamcb3\n|t:|1701015106\n|gametype|singles\n|player|p1|Anne Frankkkk|hilbert|1183\n|player|p2|teamcb3|266|1305\n|teamsize|p1|6\n|teamsize|p2|6\n|gen|9\n|tier|[Gen 9] Ubers\n|rated|\n|rule|Sleep Clause Mod: Limit one foe put to sleep\n|rule|Species Clause: Limit one of each Pok\u00e9mon\n|rule|OHKO Clause: OHKO moves are banned\n|rule|Evasion Items Clause: Evasion items are banned\n|rule|Evasion Moves Clause: Evasion moves are banned\n|rule|Endless Battle Clause: Forcing endless battles is banned\n|rule|HP Percentage Mod: HP is shown in percentages\n|clearpoke\n|poke|p1|Regieleki|\n|poke|p1|Kyogre|\n|poke|p1|Chien-Pao|\n|poke|p1|Ribombee, F|\n|poke|p1|Miraidon|\n|poke|p1|Flutter Mane|\n|poke|p2|Urshifu-*, M|\n|poke|p2|Blissey, F|\n|poke|p2|Chien-Pao|\n|poke|p2|Corviknight, F|\n|poke|p2|Regieleki|\n|poke|p2|Magearna|\n|teampreview\n|inactive|Battle timer is ON: inactive players will automatically lose when time's up. (requested by teamcb3)\n|\n|t:|1701015115\n|start\n|switch|p1a: Moonblast|Ribombee, F, shiny|100\/100\n|switch|p2a: Regieleki|Regieleki|100\/100\n|turn|1\n|\n|t:|1701015125\n|move|p2a: Regieleki|Thunderbolt|p1a: Moonblast\n|-damage|p1a: Moonblast|9\/100\n|move|p1a: Moonblast|Sticky Web|p2a: Regieleki\n|-sidestart|p2: teamcb3|move: Sticky Web\n|\n|upkeep\n|turn|2\n|\n|t:|1701015129\n|switch|p1a: Misdreavius|Flutter Mane, shiny|100\/100\n|-enditem|p1a: Misdreavius|Booster Energy\n|-activate|p1a: Misdreavius|ability: Protosynthesis|[fromitem]\n|-start|p1a: Misdreavius|protosynthesisspe\n|move|p2a: Regieleki|Rapid Spin|p1a: Misdreavius\n|-immune|p1a: Misdreavius\n|\n|upkeep\n|turn|3\n|\n|t:|1701015137\n|switch|p2a: Blissey|Blissey, F|100\/100\n|move|p1a: Misdreavius|Moonblast|p2a: Blissey\n|-damage|p2a: Blissey|85\/100\n|\n|upkeep\n|turn|4\n|\n|t:|1701015142\n|move|p1a: Misdreavius|Calm Mind|p1a: Misdreavius\n|-boost|p1a: Misdreavius|spa|1\n|-boost|p1a: Misdreavius|spd|1\n|move|p2a: Blissey|Shadow Ball|p1a: Misdreavius\n|-supereffective|p1a: Misdreavius\n|-damage|p1a: Misdreavius|81\/100\n|\n|upkeep\n|turn|5\n|\n|t:|1701015148\n|move|p1a: Misdreavius|Calm Mind|p1a: Misdreavius\n|-boost|p1a: Misdreavius|spa|1\n|-boost|p1a: Misdreavius|spd|1\n|move|p2a: Blissey|Shadow Ball|p1a: Misdreavius\n|-supereffective|p1a: Misdreavius\n|-damage|p1a: Misdreavius|65\/100\n|\n|upkeep\n|turn|6\n|\n|t:|1701015155\n|move|p1a: Misdreavius|Calm Mind|p1a: Misdreavius\n|-boost|p1a: Misdreavius|spa|1\n|-boost|p1a: Misdreavius|spd|1\n|move|p2a: Blissey|Shadow Ball|p1a: Misdreavius\n|-supereffective|p1a: Misdreavius\n|-damage|p1a: Misdreavius|53\/100\n|\n|upkeep\n|turn|7\n|\n|t:|1701015161\n|move|p1a: Misdreavius|Calm Mind|p1a: Misdreavius\n|-boost|p1a: Misdreavius|spa|1\n|-boost|p1a: Misdreavius|spd|1\n|move|p2a: Blissey|Shadow Ball|p1a: Misdreavius\n|-supereffective|p1a: Misdreavius\n|-damage|p1a: Misdreavius|42\/100\n|\n|upkeep\n|turn|8\n|\n|t:|1701015169\n|move|p1a: Misdreavius|Moonblast|p2a: Blissey\n|-damage|p2a: Blissey|44\/100\n|move|p2a: Blissey|Shadow Ball|p1a: Misdreavius\n|-supereffective|p1a: Misdreavius\n|-damage|p1a: Misdreavius|32\/100\n|\n|upkeep\n|turn|9\n|\n|t:|1701015175\n|move|p1a: Misdreavius|Moonblast|p2a: Blissey\n|-damage|p2a: Blissey|4\/100\n|move|p2a: Blissey|Soft-Boiled|p2a: Blissey\n|-heal|p2a: Blissey|54\/100\n|\n|upkeep\n|turn|10\n|\n|t:|1701015182\n|move|p1a: Misdreavius|Calm Mind|p1a: Misdreavius\n|-boost|p1a: Misdreavius|spa|1\n|-boost|p1a: Misdreavius|spd|1\n|move|p2a: Blissey|Soft-Boiled|p2a: Blissey\n|-heal|p2a: Blissey|100\/100\n|\n|upkeep\n|turn|11\n|\n|t:|1701015187\n|move|p1a: Misdreavius|Calm Mind|p1a: Misdreavius\n|-boost|p1a: Misdreavius|spa|1\n|-boost|p1a: Misdreavius|spd|1\n|move|p2a: Blissey|Shadow Ball|p1a: Misdreavius\n|-supereffective|p1a: Misdreavius\n|-damage|p1a: Misdreavius|23\/100\n|\n|upkeep\n|turn|12\n|\n|t:|1701015194\n|move|p1a: Misdreavius|Moonblast|p2a: Blissey\n|-damage|p2a: Blissey|40\/100\n|-unboost|p2a: Blissey|spa|1\n|move|p2a: Blissey|Shadow Ball|p1a: Misdreavius\n|-supereffective|p1a: Misdreavius\n|-damage|p1a: Misdreavius|18\/100\n|\n|upkeep\n|turn|13\n|\n|t:|1701015202\n|move|p1a: Misdreavius|Moonblast|p2a: Blissey\n|-damage|p2a: Blissey|0 fnt\n|faint|p2a: Blissey\n|\n|upkeep\n|\n|t:|1701015207\n|switch|p2a: Regieleki|Regieleki|100\/100\n|turn|14\n|\n|t:|1701015213\n|move|p1a: Misdreavius|Moonblast|p2a: Regieleki\n|-damage|p2a: Regieleki|0 fnt\n|faint|p2a: Regieleki\n|\n|upkeep\n|\n|t:|1701015218\n|switch|p2a: Chien-Pao|Chien-Pao|100\/100\n|-activate|p2a: Chien-Pao|move: Sticky Web\n|-unboost|p2a: Chien-Pao|spe|1\n|-ability|p2a: Chien-Pao|Sword of Ruin\n|turn|15\n|\n|t:|1701015224\n|move|p2a: Chien-Pao|Sucker Punch|p1a: Misdreavius\n|-damage|p1a: Misdreavius|0 fnt\n|faint|p1a: Misdreavius\n|-end|p1a: Misdreavius|Protosynthesis|[silent]\n|\n|upkeep\n|\n|t:|1701015229\n|switch|p1a: Moonblast|Ribombee, F, shiny|9\/100\n|turn|16\n|\n|t:|1701015235\n|move|p2a: Chien-Pao|Sucker Punch||[still]\n|-fail|p2a: Chien-Pao\n|move|p1a: Moonblast|Stun Spore|p2a: Chien-Pao|[miss]\n|-miss|p1a: Moonblast|p2a: Chien-Pao\n|\n|upkeep\n|turn|17\n|\n|t:|1701015242\n|move|p2a: Chien-Pao|Sucker Punch||[still]\n|-fail|p2a: Chien-Pao\n|move|p1a: Moonblast|Stun Spore|p2a: Chien-Pao\n|-status|p2a: Chien-Pao|par\n|\n|upkeep\n|turn|18\n|\n|t:|1701015248\n|move|p1a: Moonblast|Moonblast|p2a: Chien-Pao\n|-supereffective|p2a: Chien-Pao\n|-enditem|p2a: Chien-Pao|Focus Sash\n|-damage|p2a: Chien-Pao|1\/100 par\n|move|p2a: Chien-Pao|Ice Spinner|p1a: Moonblast\n|-damage|p1a: Moonblast|0 fnt\n|faint|p1a: Moonblast\n|\n|upkeep\n|inactive|Anne Frankkkk has 120 seconds left.\n|inactive|Anne Frankkkk has 90 seconds left.\n|\n|t:|1701015315\n|switch|p1a: Ice Cat|Chien-Pao|100\/100\n|-ability|p1a: Ice Cat|Sword of Ruin\n|turn|19\n|\n|t:|1701015322\n|move|p1a: Ice Cat|Sucker Punch|p2a: Chien-Pao\n|-resisted|p2a: Chien-Pao\n|-damage|p2a: Chien-Pao|0 fnt\n|faint|p2a: Chien-Pao\n|\n|upkeep\n|\n|t:|1701015326\n|switch|p2a: Corviknight|Corviknight, F|100\/100\n|-ability|p2a: Corviknight|Pressure\n|turn|20\n|\n|t:|1701015332\n|move|p1a: Ice Cat|Swords Dance|p1a: Ice Cat\n|-boost|p1a: Ice Cat|atk|2\n|move|p2a: Corviknight|Defog|p1a: Ice Cat\n|-unboost|p1a: Ice Cat|evasion|1\n|-sideend|p2: teamcb3|Sticky Web|[from] move: Defog|[of] p2a: Corviknight\n|\n|upkeep\n|turn|21\n|\n|t:|1701015338\n|move|p1a: Ice Cat|Swords Dance|p1a: Ice Cat\n|-boost|p1a: Ice Cat|atk|2\n|move|p2a: Corviknight|Body Press|p1a: Ice Cat\n|-supereffective|p1a: Ice Cat\n|-enditem|p1a: Ice Cat|Focus Sash\n|-damage|p1a: Ice Cat|1\/100\n|\n|upkeep\n|turn|22\n|inactive|Anne Frankkkk has 120 seconds left.\n|\n|t:|1701015349\n|move|p1a: Ice Cat|Ice Spinner|p2a: Corviknight\n|-damage|p2a: Corviknight|5\/100\n|-damage|p1a: Ice Cat|0 fnt|[from] item: Rocky Helmet|[of] p2a: Corviknight\n|faint|p1a: Ice Cat\n|move|p2a: Corviknight|Roost|p2a: Corviknight\n|-heal|p2a: Corviknight|55\/100\n|-singleturn|p2a: Corviknight|move: Roost\n|\n|upkeep\n|\n|t:|1701015353\n|switch|p1a: Bzzzzt|Regieleki, shiny|100\/100\n|turn|23\n|\n|t:|1701015363\n|move|p1a: Bzzzzt|Volt Switch|p2a: Corviknight\n|-supereffective|p2a: Corviknight\n|-damage|p2a: Corviknight|0 fnt\n|faint|p2a: Corviknight\n|\n|t:|1701015366\n|switch|p1a: Cyber Lizard|Miraidon|100\/100|[from] Volt Switch\n|-fieldstart|move: Electric Terrain|[from] ability: Hadron Engine|[of] p1a: Cyber Lizard\n|-item|p1a: Cyber Lizard|Air Balloon\n|\n|upkeep\n|\n|t:|1701015372\n|switch|p2a: Magearna|Magearna|100\/100\n|turn|24\n|\n|t:|1701015378\n|move|p1a: Cyber Lizard|Calm Mind|p1a: Cyber Lizard\n|-boost|p1a: Cyber Lizard|spa|1\n|-boost|p1a: Cyber Lizard|spd|1\n|move|p2a: Magearna|Calm Mind|p2a: Magearna\n|-boost|p2a: Magearna|spa|1\n|-boost|p2a: Magearna|spd|1\n|\n|upkeep\n|turn|25\n|\n|t:|1701015384\n|move|p1a: Cyber Lizard|Calm Mind|p1a: Cyber Lizard\n|-boost|p1a: Cyber Lizard|spa|1\n|-boost|p1a: Cyber Lizard|spd|1\n|move|p2a: Magearna|Calm Mind|p2a: Magearna\n|-boost|p2a: Magearna|spa|1\n|-boost|p2a: Magearna|spd|1\n|\n|upkeep\n|turn|26\n|\n|t:|1701015390\n|move|p1a: Cyber Lizard|Electro Drift|p2a: Magearna\n|-damage|p2a: Magearna|40\/100\n|move|p2a: Magearna|Calm Mind|p2a: Magearna\n|-boost|p2a: Magearna|spa|1\n|-boost|p2a: Magearna|spd|1\n|\n|-heal|p2a: Magearna|46\/100|[from] item: Leftovers\n|upkeep\n|turn|27\n|\n|t:|1701015398\n|move|p1a: Cyber Lizard|Electro Drift|p2a: Magearna\n|-damage|p2a: Magearna|0 fnt\n|faint|p2a: Magearna\n|\n|-fieldend|move: Electric Terrain\n|upkeep\n|\n|t:|1701015406\n|switch|p2a: Urshifu|Urshifu, M|100\/100\n|turn|28\n|\n|t:|1701015410\n|-terastallize|p2a: Urshifu|Dark\n|move|p2a: Urshifu|Sucker Punch|p1a: Cyber Lizard\n|-damage|p1a: Cyber Lizard|21\/100\n|-enditem|p1a: Cyber Lizard|Air Balloon\n|move|p1a: Cyber Lizard|Electro Drift|p2a: Urshifu\n|-damage|p2a: Urshifu|0 fnt\n|faint|p2a: Urshifu\n|\n|win|Anne Frankkkk\n|raw|Anne Frankkkk's rating: 1183 &rarr; <strong>1216<\/strong><br \/>(+33 for winning)\n|raw|teamcb3's rating: 1305 &rarr; <strong>1278<\/strong><br \/>(-27 for losing)\n","uploadtime":1701015422,"views":4,"p1id":"annefrankkkk","p2id":"teamcb3","formatid":"gen9ubers","rating":1216,"private":0,"password":""}