{"id":"gen9ubers-1981890464","p1":"RudyFo0x","p2":"nahmio","format":"[Gen 9] Ubers","log":"|j|\u2606RudyFo0x\n|j|\u2606nahmio\n|t:|1698949408\n|gametype|singles\n|player|p1|RudyFo0x|169|\n|player|p2|nahmio|battlegirl-gen4|\n|teamsize|p1|6\n|teamsize|p2|6\n|gen|9\n|tier|[Gen 9] Ubers\n|rule|Sleep Clause Mod: Limit one foe put to sleep\n|rule|Species Clause: Limit one of each Pok\u00e9mon\n|rule|OHKO Clause: OHKO moves are banned\n|rule|Evasion Items Clause: Evasion items are banned\n|rule|Evasion Moves Clause: Evasion moves are banned\n|rule|Endless Battle Clause: Forcing endless battles is banned\n|rule|HP Percentage Mod: HP is shown in percentages\n|clearpoke\n|poke|p1|Roaring Moon|\n|poke|p1|Basculegion, M|\n|poke|p1|Torkoal, M|\n|poke|p1|Great Tusk|\n|poke|p1|Bronzong|\n|poke|p1|Thundurus, M|\n|poke|p2|Enamorus, F|\n|poke|p2|Volcanion|\n|poke|p2|Kingambit, F|\n|poke|p2|Tinkaton, F|\n|poke|p2|Baxcalibur, F|\n|poke|p2|Garganacl, M|\n|teampreview\n|j| thesunthesunthesun\n|j| coldgiga\n|j| Karpsy\n|\n|t:|1698949468\n|start\n|switch|p1a: Best of boys|Torkoal, M|100\/100\n|switch|p2a: rabies|Tinkaton, F|100\/100\n|-ability|p2a: rabies|Mold Breaker\n|-weather|SunnyDay|[from] ability: Drought|[of] p1a: Best of boys\n|turn|1\n|\n|t:|1698949484\n|move|p2a: rabies|Stealth Rock|p1a: Best of boys\n|-sidestart|p1: RudyFo0x|move: Stealth Rock\n|move|p1a: Best of boys|Overheat|p2a: rabies\n|-supereffective|p2a: rabies\n|-damage|p2a: rabies|0 fnt\n|-unboost|p1a: Best of boys|spa|2\n|faint|p2a: rabies\n|\n|-weather|SunnyDay|[upkeep]\n|upkeep\n|\n|t:|1698949495\n|switch|p2a: holy salt|Garganacl, M|100\/100\n|turn|2\n|\n|t:|1698949525\n|-terastallize|p2a: holy salt|Rock\n|move|p2a: holy salt|Earthquake|p1a: Best of boys\n|-supereffective|p1a: Best of boys\n|-damage|p1a: Best of boys|61\/100\n|move|p1a: Best of boys|Solar Beam||[still]\n|-prepare|p1a: Best of boys|Solar Beam\n|-anim|p1a: Best of boys|Solar Beam|p2a: holy salt\n|-supereffective|p2a: holy salt\n|-crit|p2a: holy salt\n|-damage|p2a: holy salt|45\/100\n|\n|-weather|SunnyDay|[upkeep]\n|-heal|p2a: holy salt|51\/100|[from] item: Leftovers\n|upkeep\n|turn|3\n|\n|t:|1698949536\n|move|p2a: holy salt|Salt Cure|p1a: Best of boys\n|-supereffective|p1a: Best of boys\n|-damage|p1a: Best of boys|13\/100\n|-start|p1a: Best of boys|Salt Cure\n|move|p1a: Best of boys|Solar Beam||[still]\n|-prepare|p1a: Best of boys|Solar Beam\n|-anim|p1a: Best of boys|Solar Beam|p2a: holy salt\n|-supereffective|p2a: holy salt\n|-crit|p2a: holy salt\n|-damage|p2a: holy salt|0 fnt\n|faint|p2a: holy salt\n|\n|-weather|SunnyDay|[upkeep]\n|-damage|p1a: Best of boys|1\/100|[from] Salt Cure\n|upkeep\n|\n|t:|1698949556\n|switch|p2a: silly krispy kreme|Volcanion|100\/100\n|turn|4\n|\n|t:|1698949577\n|move|p2a: silly krispy kreme|Steam Eruption|p1a: Best of boys\n|-supereffective|p1a: Best of boys\n|-enditem|p1a: Best of boys|Passho Berry|[eat]\n|-enditem|p1a: Best of boys|Passho Berry|[weaken]\n|-damage|p1a: Best of boys|0 fnt\n|faint|p1a: Best of boys\n|\n|-weather|SunnyDay|[upkeep]\n|upkeep\n|\n|t:|1698949597\n|switch|p1a: Floaterer|Thundurus, M|100\/100\n|-damage|p1a: Floaterer|76\/100|[from] Stealth Rock\n|turn|5\n|\n|t:|1698949609\n|move|p1a: Floaterer|Thunderbolt|p2a: silly krispy kreme\n|-supereffective|p2a: silly krispy kreme\n|-damage|p2a: silly krispy kreme|0 fnt\n|faint|p2a: silly krispy kreme\n|\n|-weather|none\n|upkeep\n|\n|t:|1698949617\n|switch|p2a: i lervvv him|Baxcalibur, F|100\/100\n|turn|6\n|\n|t:|1698949662\n|move|p1a: Floaterer|Volt Switch|p2a: i lervvv him\n|-resisted|p2a: i lervvv him\n|-damage|p2a: i lervvv him|83\/100\n|\n|t:|1698949676\n|switch|p1a: 50\/50|Bronzong|100\/100|[from] Volt Switch\n|-damage|p1a: 50\/50|94\/100|[from] Stealth Rock\n|move|p2a: i lervvv him|Icicle Crash|p1a: 50\/50\n|-resisted|p1a: 50\/50\n|-damage|p1a: 50\/50|72\/100\n|\n|upkeep\n|turn|7\n|\n|t:|1698949716\n|move|p2a: i lervvv him|Brick Break|p1a: 50\/50\n|-damage|p1a: 50\/50|48\/100\n|move|p1a: 50\/50|Iron Head|p2a: i lervvv him\n|-supereffective|p2a: i lervvv him\n|-damage|p2a: i lervvv him|19\/100\n|\n|upkeep\n|turn|8\n|\n|t:|1698949742\n|move|p2a: i lervvv him|Dragon Claw|p1a: 50\/50\n|-resisted|p1a: 50\/50\n|-damage|p1a: 50\/50|27\/100\n|move|p1a: 50\/50|Iron Head|p2a: i lervvv him\n|-supereffective|p2a: i lervvv him\n|-damage|p2a: i lervvv him|0 fnt\n|faint|p2a: i lervvv him\n|\n|upkeep\n|\n|t:|1698949749\n|switch|p2a: my everything|Enamorus, F|100\/100\n|turn|9\n|\n|t:|1698949786\n|move|p2a: my everything|Superpower|p1a: 50\/50\n|-damage|p1a: 50\/50|0 fnt\n|-boost|p2a: my everything|atk|1\n|-boost|p2a: my everything|def|1\n|faint|p1a: 50\/50\n|\n|upkeep\n|\n|t:|1698949811\n|switch|p1a: Floaterer|Thundurus, M|76\/100\n|-damage|p1a: Floaterer|51\/100|[from] Stealth Rock\n|turn|10\n|\n|t:|1698949825\n|move|p1a: Floaterer|Thunderbolt|p2a: my everything\n|-supereffective|p2a: my everything\n|-damage|p2a: my everything|3\/100\n|move|p2a: my everything|Superpower|p1a: Floaterer\n|-resisted|p1a: Floaterer\n|-damage|p1a: Floaterer|14\/100\n|-boost|p2a: my everything|atk|1\n|-boost|p2a: my everything|def|1\n|\n|upkeep\n|turn|11\n|\n|t:|1698949836\n|move|p1a: Floaterer|Thunderbolt|p2a: my everything\n|-supereffective|p2a: my everything\n|-damage|p2a: my everything|0 fnt\n|faint|p2a: my everything\n|\n|upkeep\n|\n|t:|1698949840\n|switch|p2a: a knife|Kingambit, F|100\/100\n|-activate|p2a: a knife|ability: Supreme Overlord\n|-start|p2a: a knife|fallen5|[silent]\n|turn|12\n|\n|t:|1698949867\n|-terastallize|p1a: Floaterer|Fire\n|move|p1a: Floaterer|Tera Blast|p2a: a knife|[anim] Tera Blast Fire\n|-supereffective|p2a: a knife\n|-damage|p2a: a knife|7\/100\n|move|p2a: a knife|Stone Edge|p1a: Floaterer\n|-supereffective|p1a: Floaterer\n|-damage|p1a: Floaterer|0 fnt\n|faint|p1a: Floaterer\n|\n|upkeep\n|\n|t:|1698949877\n|switch|p1a: Phanphie|Great Tusk|100\/100\n|-damage|p1a: Phanphie|98\/100|[from] Stealth Rock\n|turn|13\n|\n|t:|1698949886\n|move|p1a: Phanphie|Earthquake|p2a: a knife\n|-supereffective|p2a: a knife\n|-damage|p2a: a knife|0 fnt\n|faint|p2a: a knife\n|-end|p2a: a knife|fallen5|[silent]\n|\n|win|RudyFo0x\n|l|\u2606nahmio\n|l| thesunthesunthesun\n","uploadtime":1698949997,"views":8,"p1id":"rudyfo0x","p2id":"nahmio","formatid":"gen9ubers","rating":0,"private":0,"password":""}