{"id":"gen9ubers-1982395288","p1":"Inciniratr","p2":"sel la baleine","format":"[Gen 9] Ubers","log":"|j|\u2606Inciniratr\n|j|\u2606sel la baleine\n|t:|1699009321\n|gametype|singles\n|player|p1|Inciniratr|veteran|1307\n|player|p2|sel la baleine|lance-masters|1336\n|teamsize|p1|6\n|teamsize|p2|6\n|gen|9\n|tier|[Gen 9] Ubers\n|rated|\n|rule|Sleep Clause Mod: Limit one foe put to sleep\n|rule|Species Clause: Limit one of each Pok\u00e9mon\n|rule|OHKO Clause: OHKO moves are banned\n|rule|Evasion Items Clause: Evasion items are banned\n|rule|Evasion Moves Clause: Evasion moves are banned\n|rule|Endless Battle Clause: Forcing endless battles is banned\n|rule|HP Percentage Mod: HP is shown in percentages\n|clearpoke\n|poke|p1|Rayquaza|\n|poke|p1|Arceus|\n|poke|p1|Ogerpon-Hearthflame, F|\n|poke|p1|Gholdengo|\n|poke|p1|Mew|\n|poke|p1|Ribombee, F|\n|poke|p2|Arceus-Steel|\n|poke|p2|Ditto|\n|poke|p2|Koraidon|\n|poke|p2|Kyogre|\n|poke|p2|Regieleki|\n|poke|p2|Ribombee, F|\n|teampreview\n|inactive|Battle timer is ON: inactive players will automatically lose when time's up. (requested by sel la baleine)\n|\n|t:|1699009328\n|start\n|switch|p1a: Mew|Mew|100\/100\n|switch|p2a: Ribombee|Ribombee, F|100\/100\n|turn|1\n|j| geefeeee\n|\n|t:|1699009337\n|move|p2a: Ribombee|Sticky Web|p1a: Mew\n|-sidestart|p1: Inciniratr|move: Sticky Web\n|move|p1a: Mew|Imprison|p1a: Mew\n|-start|p1a: Mew|move: Imprison\n|\n|upkeep\n|turn|2\n|\n|t:|1699009344\n|move|p2a: Ribombee|Stun Spore|p1a: Mew|[miss]\n|-miss|p2a: Ribombee|p1a: Mew\n|move|p1a: Mew|Transform|p2a: Ribombee\n|-transform|p1a: Mew|p2a: Ribombee\n|\n|upkeep\n|turn|3\n|\n|t:|1699009349\n|switch|p2a: Koraidon|Koraidon|100\/100\n|-weather|SunnyDay|[from] ability: Orichalcum Pulse|[of] p2a: Koraidon\n|-activate|p2a: Koraidon|Orichalcum Pulse|[source]\n|move|p1a: Mew|Quiver Dance|p1a: Mew\n|-boost|p1a: Mew|spa|1\n|-boost|p1a: Mew|spd|1\n|-boost|p1a: Mew|spe|1\n|\n|-weather|SunnyDay|[upkeep]\n|upkeep\n|turn|4\n|\n|t:|1699009353\n|switch|p2a: Arceus|Arceus-Steel, shiny|100\/100\n|move|p1a: Mew|Moonblast|p2a: Arceus\n|-resisted|p2a: Arceus\n|-damage|p2a: Arceus|80\/100\n|\n|-weather|SunnyDay|[upkeep]\n|upkeep\n|turn|5\n|\n|t:|1699009358\n|move|p1a: Mew|Stun Spore|p2a: Arceus\n|-status|p2a: Arceus|par\n|move|p2a: Arceus|Judgment|p1a: Mew\n|-supereffective|p1a: Mew\n|-damage|p1a: Mew|19\/100\n|\n|-weather|SunnyDay|[upkeep]\n|-heal|p1a: Mew|25\/100|[from] item: Leftovers\n|upkeep\n|turn|6\n|\n|t:|1699009361\n|move|p1a: Mew|Sticky Web|p2a: Arceus\n|-sidestart|p2: sel la baleine|move: Sticky Web\n|cant|p2a: Arceus|par\n|\n|-weather|SunnyDay|[upkeep]\n|-heal|p1a: Mew|31\/100|[from] item: Leftovers\n|upkeep\n|turn|7\n|\n|t:|1699009369\n|move|p1a: Mew|Moonblast|p2a: Arceus\n|-resisted|p2a: Arceus\n|-damage|p2a: Arceus|60\/100 par\n|-unboost|p2a: Arceus|spa|1\n|move|p2a: Arceus|Judgment|p1a: Mew\n|-supereffective|p1a: Mew\n|-damage|p1a: Mew|0 fnt\n|faint|p1a: Mew\n|\n|-weather|none\n|upkeep\n|\n|t:|1699009385\n|switch|p1a: Ogerpon|Ogerpon-Hearthflame, F|100\/100\n|-activate|p1a: Ogerpon|move: Sticky Web\n|-unboost|p1a: Ogerpon|spe|1\n|-ability|p1a: Ogerpon|Mold Breaker\n|turn|8\n|\n|t:|1699009388\n|move|p1a: Ogerpon|Trailblaze|p2a: Arceus\n|-resisted|p2a: Arceus\n|-damage|p2a: Arceus|50\/100 par\n|-boost|p1a: Ogerpon|spe|1\n|move|p2a: Arceus|Judgment|p1a: Ogerpon\n|-resisted|p1a: Ogerpon\n|-damage|p1a: Ogerpon|82\/100\n|\n|upkeep\n|turn|9\n|\n|t:|1699009395\n|move|p1a: Ogerpon|Trailblaze|p2a: Arceus\n|-resisted|p2a: Arceus\n|-damage|p2a: Arceus|41\/100 par\n|-boost|p1a: Ogerpon|spe|1\n|move|p2a: Arceus|Judgment|p1a: Ogerpon\n|-resisted|p1a: Ogerpon\n|-damage|p1a: Ogerpon|63\/100\n|\n|upkeep\n|turn|10\n|\n|t:|1699009399\n|move|p1a: Ogerpon|Ivy Cudgel|p2a: Arceus\n|-supereffective|p2a: Arceus\n|-damage|p2a: Arceus|0 fnt\n|faint|p2a: Arceus\n|\n|upkeep\n|\n|t:|1699009408\n|switch|p2a: Regieleki|Regieleki|100\/100\n|turn|11\n|\n|t:|1699009411\n|move|p2a: Regieleki|Rapid Spin|p1a: Ogerpon\n|-damage|p1a: Ogerpon|49\/100\n|-boost|p2a: Regieleki|spe|1\n|-sideend|p2: sel la baleine|Sticky Web|[from] move: Rapid Spin|[of] p2a: Regieleki\n|move|p1a: Ogerpon|Ivy Cudgel|p2a: Regieleki\n|-damage|p2a: Regieleki|0 fnt\n|faint|p2a: Regieleki\n|\n|upkeep\n|\n|t:|1699009418\n|switch|p2a: Ditto|Ditto|100\/100\n|-transform|p2a: Ditto|p1a: Ogerpon|[from] ability: Imposter\n|-ability|p2a: Ditto|Mold Breaker\n|turn|12\n|\n|t:|1699009428\n|move|p2a: Ditto|Ivy Cudgel|p1a: Ogerpon\n|-damage|p1a: Ogerpon|0 fnt\n|faint|p1a: Ogerpon\n|\n|upkeep\n|\n|t:|1699009447\n|switch|p1a: Rayquaza|Rayquaza|100\/100\n|-ability|p1a: Rayquaza|Air Lock\n|turn|13\n|\n|t:|1699009467\n|switch|p2a: Ribombee|Ribombee, F|100\/100\n|move|p1a: Rayquaza|Dragon Ascent|p2a: Ribombee\n|-supereffective|p2a: Ribombee\n|-enditem|p2a: Ribombee|Focus Sash\n|-damage|p2a: Ribombee|1\/100\n|-unboost|p1a: Rayquaza|def|1\n|-unboost|p1a: Rayquaza|spd|1\n|\n|upkeep\n|turn|14\n|\n|t:|1699009480\n|switch|p1a: Gholdengo|Gholdengo|100\/100\n|-terastallize|p2a: Ribombee|Ghost\n|move|p2a: Ribombee|Moonblast|p1a: Gholdengo\n|-resisted|p1a: Gholdengo\n|-damage|p1a: Gholdengo|77\/100\n|\n|upkeep\n|turn|15\n|\n|t:|1699009494\n|move|p2a: Ribombee|Stun Spore|p1a: Gholdengo\n|-immune|p1a: Gholdengo|[from] ability: Good as Gold\n|move|p1a: Gholdengo|Shadow Ball|p2a: Ribombee\n|-supereffective|p2a: Ribombee\n|-damage|p2a: Ribombee|0 fnt\n|faint|p2a: Ribombee\n|\n|upkeep\n|\n|t:|1699009501\n|switch|p2a: Kyogre|Kyogre|100\/100\n|-weather|RainDance|[from] ability: Drizzle|[of] p2a: Kyogre\n|turn|16\n|\n|t:|1699009504\n|move|p2a: Kyogre|Water Spout|p1a: Gholdengo\n|-damage|p1a: Gholdengo|0 fnt\n|faint|p1a: Gholdengo\n|\n|-weather|RainDance|[upkeep]\n|upkeep\n|\n|t:|1699009507\n|switch|p1a: Ribombee|Ribombee, F|100\/100\n|-activate|p1a: Ribombee|move: Sticky Web\n|-unboost|p1a: Ribombee|spe|1\n|turn|17\n|\n|t:|1699009510\n|move|p2a: Kyogre|Water Spout|p1a: Ribombee\n|-enditem|p1a: Ribombee|Focus Sash\n|-damage|p1a: Ribombee|1\/100\n|move|p1a: Ribombee|Stun Spore|p2a: Kyogre\n|-status|p2a: Kyogre|par\n|\n|-weather|RainDance|[upkeep]\n|upkeep\n|turn|18\n|\n|t:|1699009516\n|move|p1a: Ribombee|Sticky Web|p2a: Kyogre\n|-sidestart|p2: sel la baleine|move: Sticky Web\n|move|p2a: Kyogre|Water Spout|p1a: Ribombee\n|-damage|p1a: Ribombee|0 fnt\n|faint|p1a: Ribombee\n|\n|-weather|RainDance|[upkeep]\n|upkeep\n|\n|t:|1699009519\n|switch|p1a: Arceus|Arceus|100\/100\n|-activate|p1a: Arceus|move: Sticky Web\n|-unboost|p1a: Arceus|spe|1\n|turn|19\n|\n|t:|1699009522\n|move|p1a: Arceus|Extreme Speed|p2a: Kyogre\n|-damage|p2a: Kyogre|57\/100 par\n|move|p2a: Kyogre|Water Spout|p1a: Arceus\n|-damage|p1a: Arceus|30\/100\n|\n|-weather|RainDance|[upkeep]\n|-heal|p1a: Arceus|36\/100|[from] item: Leftovers\n|upkeep\n|turn|20\n|\n|t:|1699009528\n|move|p1a: Arceus|Extreme Speed|p2a: Kyogre\n|-damage|p2a: Kyogre|14\/100 par\n|cant|p2a: Kyogre|par\n|\n|-weather|none\n|-heal|p1a: Arceus|42\/100|[from] item: Leftovers\n|upkeep\n|turn|21\n|\n|t:|1699009533\n|move|p1a: Arceus|Extreme Speed|p2a: Kyogre\n|-damage|p2a: Kyogre|0 fnt\n|faint|p2a: Kyogre\n|\n|-heal|p1a: Arceus|48\/100|[from] item: Leftovers\n|upkeep\n|\n|t:|1699009537\n|switch|p2a: Koraidon|Koraidon|100\/100\n|-weather|SunnyDay|[from] ability: Orichalcum Pulse|[of] p2a: Koraidon\n|-activate|p2a: Koraidon|Orichalcum Pulse|[source]\n|turn|22\n|\n|t:|1699009543\n|move|p1a: Arceus|Extreme Speed|p2a: Koraidon\n|-damage|p2a: Koraidon|65\/100\n|move|p2a: Koraidon|Low Kick|p1a: Arceus\n|-supereffective|p1a: Arceus\n|-damage|p1a: Arceus|0 fnt\n|faint|p1a: Arceus\n|\n|-weather|SunnyDay|[upkeep]\n|upkeep\n|\n|t:|1699009546\n|switch|p1a: Rayquaza|Rayquaza|100\/100\n|-ability|p1a: Rayquaza|Air Lock\n|turn|23\n|\n|t:|1699009554\n|-terastallize|p1a: Rayquaza|Steel\n|move|p2a: Koraidon|Scale Shot|p1a: Rayquaza\n|-resisted|p1a: Rayquaza\n|-damage|p1a: Rayquaza|94\/100\n|-resisted|p1a: Rayquaza\n|-damage|p1a: Rayquaza|87\/100\n|-hitcount|p1a: Rayquaza|2\n|-unboost|p2a: Koraidon|def|1\n|-boost|p2a: Koraidon|spe|1\n|move|p1a: Rayquaza|Dragon Claw|p2a: Koraidon\n|-supereffective|p2a: Koraidon\n|-damage|p2a: Koraidon|0 fnt\n|faint|p2a: Koraidon\n|\n|-weather|SunnyDay|[upkeep]\n|upkeep\n|\n|t:|1699009559\n|switch|p2a: Ditto|Ditto|100\/100\n|-activate|p2a: Ditto|move: Sticky Web\n|-unboost|p2a: Ditto|spe|1\n|-transform|p2a: Ditto|p1a: Rayquaza|[from] ability: Imposter\n|-start|p2a: Ditto|typechange|Dragon\/Flying|[silent]\n|turn|24\n|\n|t:|1699009562\n|move|p2a: Ditto|Earthquake|p1a: Rayquaza\n|-supereffective|p1a: Rayquaza\n|-damage|p1a: Rayquaza|4\/100\n|move|p1a: Rayquaza|Dragon Claw|p2a: Ditto\n|-supereffective|p2a: Ditto\n|-damage|p2a: Ditto|0 fnt\n|faint|p2a: Ditto\n|\n|win|Inciniratr\n|raw|Inciniratr's rating: 1307 &rarr; <strong>1329<\/strong><br \/>(+22 for winning)\n|raw|sel la baleine's rating: 1336 &rarr; <strong>1314<\/strong><br \/>(-22 for losing)\n|l|\u2606sel la baleine\n","uploadtime":1699009577,"views":15,"p1id":"inciniratr","p2id":"sellabaleine","formatid":"gen9ubers","rating":1314,"private":0,"password":""}