{"id":"gen9ubers-1997356237","p1":"cashapp me pls","p2":"Jiarias","format":"[Gen 9] Ubers","log":"|j|\u2606cashapp me pls\n|j|\u2606Jiarias\n|t:|1700793530\n|gametype|singles\n|player|p1|cashapp me pls|2|1046\n|player|p2|Jiarias|acetrainer-gen4dp|1123\n|teamsize|p1|6\n|teamsize|p2|6\n|gen|9\n|tier|[Gen 9] Ubers\n|rated|\n|rule|Sleep Clause Mod: Limit one foe put to sleep\n|rule|Species Clause: Limit one of each Pok\u00e9mon\n|rule|OHKO Clause: OHKO moves are banned\n|rule|Evasion Items Clause: Evasion items are banned\n|rule|Evasion Moves Clause: Evasion moves are banned\n|rule|Endless Battle Clause: Forcing endless battles is banned\n|rule|HP Percentage Mod: HP is shown in percentages\n|clearpoke\n|poke|p1|Gothitelle, F|\n|poke|p1|Alomomola, F|\n|poke|p1|Slowking-Galar, F|\n|poke|p1|Grimmsnarl, M|\n|poke|p1|Gothorita, F|\n|poke|p1|Cinderace, F|\n|poke|p2|Gyarados, M|\n|poke|p2|Toxapex, F|\n|poke|p2|Braviary, M|\n|poke|p2|Gastrodon, F|\n|poke|p2|Whiscash, M|\n|poke|p2|Kingambit, M|\n|teampreview\n|inactive|Battle timer is ON: inactive players will automatically lose when time's up. (requested by Jiarias)\n|\n|t:|1700793535\n|start\n|switch|p1a: Grimmsnarl|Grimmsnarl, M|100\/100\n|switch|p2a: Whiscash|Whiscash, M, shiny|100\/100\n|turn|1\n|\n|t:|1700793552\n|move|p1a: Grimmsnarl|Parting Shot|p2a: Whiscash\n|-unboost|p2a: Whiscash|atk|1\n|-unboost|p2a: Whiscash|spa|1\n|\n|t:|1700793554\n|switch|p1a: Gothitelle|Gothitelle, F, shiny|100\/100|[from] Parting Shot\n|move|p2a: Whiscash|Dragon Dance|p2a: Whiscash\n|-boost|p2a: Whiscash|atk|1\n|-boost|p2a: Whiscash|spe|1\n|\n|upkeep\n|turn|2\n|\n|t:|1700793557\n|move|p1a: Gothitelle|Trick|p2a: Whiscash\n|-activate|p1a: Gothitelle|move: Trick|[of] p2a: Whiscash\n|-item|p2a: Whiscash|Choice Scarf|[from] move: Trick\n|-item|p1a: Gothitelle|Focus Sash|[from] move: Trick\n|move|p2a: Whiscash|Dragon Dance|p2a: Whiscash\n|-boost|p2a: Whiscash|atk|1\n|-boost|p2a: Whiscash|spe|1\n|\n|upkeep\n|turn|3\n|\n|t:|1700793566\n|move|p2a: Whiscash|Dragon Dance|p2a: Whiscash\n|-boost|p2a: Whiscash|atk|1\n|-boost|p2a: Whiscash|spe|1\n|move|p1a: Gothitelle|Charm|p2a: Whiscash\n|-unboost|p2a: Whiscash|atk|2\n|\n|upkeep\n|turn|4\n|\n|t:|1700793572\n|move|p2a: Whiscash|Dragon Dance|p2a: Whiscash\n|-boost|p2a: Whiscash|atk|1\n|-boost|p2a: Whiscash|spe|1\n|move|p1a: Gothitelle|Charm|p2a: Whiscash\n|-unboost|p2a: Whiscash|atk|2\n|\n|upkeep\n|turn|5\n|\n|t:|1700793575\n|move|p2a: Whiscash|Dragon Dance|p2a: Whiscash\n|-boost|p2a: Whiscash|atk|1\n|-boost|p2a: Whiscash|spe|1\n|move|p1a: Gothitelle|Charm|p2a: Whiscash\n|-unboost|p2a: Whiscash|atk|2\n|\n|upkeep\n|turn|6\n|\n|t:|1700793577\n|move|p2a: Whiscash|Dragon Dance|p2a: Whiscash\n|-boost|p2a: Whiscash|atk|1\n|-boost|p2a: Whiscash|spe|1\n|move|p1a: Gothitelle|Charm|p2a: Whiscash\n|-unboost|p2a: Whiscash|atk|2\n|\n|upkeep\n|turn|7\n|\n|t:|1700793579\n|move|p2a: Whiscash|Dragon Dance|p2a: Whiscash\n|-boost|p2a: Whiscash|atk|1\n|-boost|p2a: Whiscash|spe|0\n|move|p1a: Gothitelle|Charm|p2a: Whiscash\n|-unboost|p2a: Whiscash|atk|2\n|\n|upkeep\n|turn|8\n|\n|t:|1700793581\n|move|p2a: Whiscash|Dragon Dance|p2a: Whiscash\n|-boost|p2a: Whiscash|atk|1\n|-boost|p2a: Whiscash|spe|0\n|move|p1a: Gothitelle|Charm|p2a: Whiscash\n|-unboost|p2a: Whiscash|atk|2\n|\n|upkeep\n|turn|9\n|\n|t:|1700793584\n|move|p2a: Whiscash|Dragon Dance|p2a: Whiscash\n|-boost|p2a: Whiscash|atk|1\n|-boost|p2a: Whiscash|spe|0\n|move|p1a: Gothitelle|Charm|p2a: Whiscash\n|-unboost|p2a: Whiscash|atk|2\n|\n|upkeep\n|turn|10\n|\n|t:|1700793587\n|switch|p1a: Gothorita|Gothorita, F|100\/100\n|move|p2a: Whiscash|Dragon Dance|p2a: Whiscash\n|-boost|p2a: Whiscash|atk|1\n|-boost|p2a: Whiscash|spe|0\n|\n|upkeep\n|turn|11\n|\n|t:|1700793592\n|switch|p1a: Gothitelle|Gothitelle, F, shiny|100\/100\n|move|p2a: Whiscash|Dragon Dance|p2a: Whiscash\n|-boost|p2a: Whiscash|atk|1\n|-boost|p2a: Whiscash|spe|0\n|\n|upkeep\n|turn|12\n|\n|t:|1700793597\n|move|p2a: Whiscash|Dragon Dance|p2a: Whiscash\n|-boost|p2a: Whiscash|atk|1\n|-boost|p2a: Whiscash|spe|0\n|move|p1a: Gothitelle|Charm|p2a: Whiscash\n|-unboost|p2a: Whiscash|atk|2\n|\n|upkeep\n|turn|13\n|\n|t:|1700793600\n|move|p2a: Whiscash|Dragon Dance|p2a: Whiscash\n|-boost|p2a: Whiscash|atk|1\n|-boost|p2a: Whiscash|spe|0\n|move|p1a: Gothitelle|Charm|p2a: Whiscash\n|-unboost|p2a: Whiscash|atk|2\n|\n|upkeep\n|turn|14\n|\n|t:|1700793603\n|switch|p1a: Gothorita|Gothorita, F|100\/100\n|move|p2a: Whiscash|Dragon Dance|p2a: Whiscash\n|-boost|p2a: Whiscash|atk|1\n|-boost|p2a: Whiscash|spe|0\n|\n|upkeep\n|turn|15\n|\n|t:|1700793613\n|switch|p1a: Gothitelle|Gothitelle, F, shiny|100\/100\n|move|p2a: Whiscash|Dragon Dance|p2a: Whiscash\n|-boost|p2a: Whiscash|atk|1\n|-boost|p2a: Whiscash|spe|0\n|\n|upkeep\n|turn|16\n|\n|t:|1700793627\n|move|p2a: Whiscash|Dragon Dance|p2a: Whiscash\n|-boost|p2a: Whiscash|atk|1\n|-boost|p2a: Whiscash|spe|0\n|move|p1a: Gothitelle|Charm|p2a: Whiscash\n|-unboost|p2a: Whiscash|atk|2\n|\n|upkeep\n|turn|17\n|\n|t:|1700793633\n|move|p2a: Whiscash|Dragon Dance|p2a: Whiscash\n|-boost|p2a: Whiscash|atk|1\n|-boost|p2a: Whiscash|spe|0\n|move|p1a: Gothitelle|Charm|p2a: Whiscash\n|-unboost|p2a: Whiscash|atk|2\n|\n|upkeep\n|turn|18\n|c|\u2606Jiarias|en serio esto te divierte?\n|\n|t:|1700793654\n|switch|p1a: Gothorita|Gothorita, F|100\/100\n|move|p2a: Whiscash|Dragon Dance|p2a: Whiscash\n|-boost|p2a: Whiscash|atk|1\n|-boost|p2a: Whiscash|spe|0\n|\n|upkeep\n|turn|19\n|c|\u2606cashapp me pls|So\n|c|\u2606cashapp me pls|Si\n|inactive|cashapp me pls has 120 seconds left.\n|\n|t:|1700793685\n|switch|p1a: Gothitelle|Gothitelle, F, shiny|100\/100\n|move|p2a: Whiscash|Dragon Dance|p2a: Whiscash\n|-boost|p2a: Whiscash|atk|1\n|-boost|p2a: Whiscash|spe|0\n|\n|upkeep\n|turn|20\n|c|\u2606Jiarias|tu mama te hizo caer de peque\u00f1o?\n|\n|t:|1700793698\n|move|p2a: Whiscash|Dragon Dance|p2a: Whiscash\n|-boost|p2a: Whiscash|atk|1\n|-boost|p2a: Whiscash|spe|0\n|move|p1a: Gothitelle|Charm|p2a: Whiscash\n|-unboost|p2a: Whiscash|atk|2\n|\n|upkeep\n|turn|21\n|inactive|cashapp me pls has 120 seconds left.\n|inactive|cashapp me pls has 90 seconds left.\n|\n|t:|1700793752\n|move|p2a: Whiscash|Dragon Dance|p2a: Whiscash\n|-boost|p2a: Whiscash|atk|1\n|-boost|p2a: Whiscash|spe|0\n|move|p1a: Gothitelle|Charm|p2a: Whiscash\n|-unboost|p2a: Whiscash|atk|2\n|\n|upkeep\n|turn|22\n|\n|t:|1700793755\n|switch|p1a: Gothorita|Gothorita, F|100\/100\n|move|p2a: Whiscash|Dragon Dance|p2a: Whiscash\n|-boost|p2a: Whiscash|atk|1\n|-boost|p2a: Whiscash|spe|0\n|\n|upkeep\n|turn|23\n|inactive|cashapp me pls has 90 seconds left.\n|\n|t:|1700793777\n|switch|p1a: Gothitelle|Gothitelle, F, shiny|100\/100\n|move|p2a: Whiscash|Dragon Dance|p2a: Whiscash\n|-boost|p2a: Whiscash|atk|1\n|-boost|p2a: Whiscash|spe|0\n|\n|upkeep\n|turn|24\n|\n|t:|1700793779\n|move|p2a: Whiscash|Dragon Dance|p2a: Whiscash\n|-boost|p2a: Whiscash|atk|1\n|-boost|p2a: Whiscash|spe|0\n|move|p1a: Gothitelle|Charm|p2a: Whiscash\n|-unboost|p2a: Whiscash|atk|2\n|\n|upkeep\n|turn|25\n|inactive|cashapp me pls has 90 seconds left.\n|\n|t:|1700793803\n|move|p2a: Whiscash|Dragon Dance|p2a: Whiscash\n|-boost|p2a: Whiscash|atk|1\n|-boost|p2a: Whiscash|spe|0\n|move|p1a: Gothitelle|Charm|p2a: Whiscash\n|-unboost|p2a: Whiscash|atk|2\n|\n|upkeep\n|turn|26\n|\n|t:|1700793807\n|switch|p1a: Gothorita|Gothorita, F|100\/100\n|move|p2a: Whiscash|Dragon Dance|p2a: Whiscash\n|-boost|p2a: Whiscash|atk|1\n|-boost|p2a: Whiscash|spe|0\n|\n|upkeep\n|turn|27\n|\n|t:|1700793810\n|switch|p1a: Gothitelle|Gothitelle, F, shiny|100\/100\n|move|p2a: Whiscash|Dragon Dance|p2a: Whiscash\n|-boost|p2a: Whiscash|atk|1\n|-boost|p2a: Whiscash|spe|0\n|\n|upkeep\n|turn|28\n|\n|t:|1700793812\n|move|p2a: Whiscash|Dragon Dance|p2a: Whiscash\n|-boost|p2a: Whiscash|atk|1\n|-boost|p2a: Whiscash|spe|0\n|move|p1a: Gothitelle|Charm|p2a: Whiscash\n|-unboost|p2a: Whiscash|atk|2\n|\n|upkeep\n|turn|29\n|\n|t:|1700793815\n|move|p2a: Whiscash|Dragon Dance|p2a: Whiscash\n|-boost|p2a: Whiscash|atk|1\n|-boost|p2a: Whiscash|spe|0\n|move|p1a: Gothitelle|Charm|p2a: Whiscash\n|-unboost|p2a: Whiscash|atk|2\n|\n|upkeep\n|turn|30\n|\n|t:|1700793820\n|switch|p1a: Gothorita|Gothorita, F|100\/100\n|move|p2a: Whiscash|Dragon Dance|p2a: Whiscash\n|-boost|p2a: Whiscash|atk|1\n|-boost|p2a: Whiscash|spe|0\n|\n|upkeep\n|turn|31\n|c|\u2606Jiarias|jajajaja me reportaste?\n|inactive|cashapp me pls has 120 seconds left.\n|inactive|cashapp me pls has 90 seconds left.\n|\n|t:|1700793888\n|switch|p1a: Gothitelle|Gothitelle, F, shiny|100\/100\n|move|p2a: Whiscash|Dragon Dance|p2a: Whiscash\n|-boost|p2a: Whiscash|atk|1\n|-boost|p2a: Whiscash|spe|0\n|\n|upkeep\n|turn|32\n|inactive|cashapp me pls has 90 seconds left.\n|\n|t:|1700793907\n|move|p2a: Whiscash|Dragon Dance|p2a: Whiscash\n|-boost|p2a: Whiscash|atk|1\n|-boost|p2a: Whiscash|spe|0\n|move|p1a: Gothitelle|Charm|p2a: Whiscash\n|-unboost|p2a: Whiscash|atk|2\n|\n|upkeep\n|turn|33\n|\n|t:|1700793913\n|switch|p1a: Gothorita|Gothorita, F|100\/100\n|-activate|p2a: Whiscash|move: Struggle\n|move|p2a: Whiscash|Struggle|p1a: Gothorita\n|-damage|p1a: Gothorita|97\/100\n|-damage|p2a: Whiscash|75\/100|[from] recoil\n|\n|upkeep\n|turn|34\n|\n|t:|1700793916\n|-activate|p2a: Whiscash|move: Struggle\n|move|p2a: Whiscash|Struggle|p1a: Gothorita\n|-damage|p1a: Gothorita|93\/100\n|-damage|p2a: Whiscash|50\/100|[from] recoil\n|move|p1a: Gothorita|Trick Room|p1a: Gothorita\n|-fieldstart|move: Trick Room|[of] p1a: Gothorita\n|\n|upkeep\n|turn|35\n|\n|t:|1700793926\n|switch|p1a: Gothitelle|Gothitelle, F, shiny|100\/100\n|-activate|p2a: Whiscash|move: Struggle\n|move|p2a: Whiscash|Struggle|p1a: Gothitelle\n|-damage|p1a: Gothitelle|97\/100\n|-damage|p2a: Whiscash|25\/100|[from] recoil\n|\n|upkeep\n|turn|36\n|\n|t:|1700793929\n|move|p1a: Gothitelle|Trick|p2a: Whiscash\n|-activate|p1a: Gothitelle|move: Trick|[of] p2a: Whiscash\n|-item|p2a: Whiscash|Focus Sash|[from] move: Trick\n|-item|p1a: Gothitelle|Choice Scarf|[from] move: Trick\n|-activate|p2a: Whiscash|move: Struggle\n|move|p2a: Whiscash|Struggle|p1a: Gothitelle\n|-damage|p1a: Gothitelle|93\/100\n|-damage|p2a: Whiscash|0 fnt|[from] recoil\n|faint|p2a: Whiscash\n|\n|upkeep\n|\n|t:|1700793950\n|switch|p2a: Gastrodon|Gastrodon, F, shiny|100\/100\n|turn|37\n|inactive|cashapp me pls has 120 seconds left.\n|\n|t:|1700793956\n|switch|p1a: Grimmsnarl|Grimmsnarl, M|100\/100\n|move|p2a: Gastrodon|Earth Power|p1a: Grimmsnarl\n|-damage|p1a: Grimmsnarl|79\/100\n|-unboost|p1a: Grimmsnarl|spd|1\n|\n|upkeep\n|turn|38\n|\n|t:|1700793964\n|move|p1a: Grimmsnarl|Parting Shot|p2a: Gastrodon\n|-unboost|p2a: Gastrodon|atk|1\n|-unboost|p2a: Gastrodon|spa|1\n|\n|t:|1700793969\n|switch|p1a: Slowking|Slowking-Galar, F|100\/100|[from] Parting Shot\n|move|p2a: Gastrodon|Earth Power|p1a: Slowking\n|-supereffective|p1a: Slowking\n|-damage|p1a: Slowking|78\/100\n|\n|-heal|p1a: Slowking|84\/100|[from] item: Leftovers\n|-fieldend|move: Trick Room\n|upkeep\n|turn|39\n|\n|t:|1700793975\n|switch|p2a: Braviary|Braviary, M, shiny|100\/100\n|move|p1a: Slowking|Future Sight|p2a: Braviary\n|-start|p1a: Slowking|move: Future Sight\n|\n|-heal|p1a: Slowking|90\/100|[from] item: Leftovers\n|upkeep\n|turn|40\n|\n|t:|1700793980\n|switch|p1a: Alomomola|Alomomola, F, shiny|100\/100\n|move|p2a: Braviary|Bulk Up|p2a: Braviary\n|-boost|p2a: Braviary|atk|1\n|-boost|p2a: Braviary|def|1\n|\n|upkeep\n|turn|41\n|\n|t:|1700793984\n|move|p2a: Braviary|Brave Bird|p1a: Alomomola\n|-damage|p1a: Alomomola|54\/100\n|-damage|p2a: Braviary|84\/100|[from] item: Rocky Helmet|[of] p1a: Alomomola\n|-damage|p2a: Braviary|60\/100|[from] Recoil\n|move|p1a: Alomomola|Scald|p2a: Braviary\n|-damage|p2a: Braviary|44\/100\n|\n|-end|p2a: Braviary|move: Future Sight\n|-damage|p2a: Braviary|0 fnt\n|faint|p2a: Braviary\n|upkeep\n|\n|t:|1700793991\n|switch|p2a: Toxapex|Toxapex, F|100\/100\n|turn|42\n|\n|t:|1700793994\n|switch|p1a: Slowking|Slowking-Galar, F|100\/100\n|move|p2a: Toxapex|Toxic|p1a: Slowking\n|-immune|p1a: Slowking\n|\n|upkeep\n|turn|43\n|\n|t:|1700793999\n|switch|p2a: Kingambit|Kingambit, M|100\/100\n|-activate|p2a: Kingambit|ability: Supreme Overlord\n|-start|p2a: Kingambit|fallen2|[silent]\n|move|p1a: Slowking|Chilly Reception|p1a: Slowking\n|-weather|Snow\n|\n|t:|1700794003\n|switch|p1a: Cinderace|Cinderace, F|100\/100|[from] Chilly Reception\n|\n|-weather|Snow|[upkeep]\n|upkeep\n|turn|44\n|\n|t:|1700794006\n|-end|p2a: Kingambit|fallen2|[silent]\n|switch|p2a: Toxapex|Toxapex, F|100\/100\n|move|p1a: Cinderace|Will-O-Wisp|p2a: Toxapex\n|-status|p2a: Toxapex|brn\n|\n|-weather|Snow|[upkeep]\n|-damage|p2a: Toxapex|94\/100 brn|[from] brn\n|upkeep\n|turn|45\n|\n|t:|1700794012\n|switch|p1a: Slowking|Slowking-Galar, F|100\/100\n|move|p2a: Toxapex|Chilling Water|p1a: Slowking\n|-crit|p1a: Slowking\n|-damage|p1a: Slowking|91\/100\n|-unboost|p1a: Slowking|atk|1\n|\n|-weather|Snow|[upkeep]\n|-heal|p2a: Toxapex|100\/100 brn|[from] item: Black Sludge\n|-heal|p1a: Slowking|97\/100|[from] item: Leftovers\n|-damage|p2a: Toxapex|94\/100 brn|[from] brn\n|upkeep\n|turn|46\n|\n|t:|1700794017\n|switch|p2a: Kingambit|Kingambit, M|100\/100\n|-activate|p2a: Kingambit|ability: Supreme Overlord\n|-start|p2a: Kingambit|fallen2|[silent]\n|move|p1a: Slowking|Chilly Reception|p1a: Slowking\n|\n|t:|1700794019\n|switch|p1a: Cinderace|Cinderace, F|100\/100|[from] Chilly Reception\n|\n|-weather|Snow|[upkeep]\n|upkeep\n|turn|47\n|\n|t:|1700794025\n|-end|p2a: Kingambit|fallen2|[silent]\n|switch|p2a: Toxapex|Toxapex, F|100\/100 brn\n|move|p1a: Cinderace|Will-O-Wisp|p2a: Toxapex\n|-fail|p2a: Toxapex|brn\n|\n|-weather|none\n|-damage|p2a: Toxapex|94\/100 brn|[from] brn\n|upkeep\n|turn|48\n|\n|t:|1700794030\n|switch|p1a: Slowking|Slowking-Galar, F|100\/100\n|move|p2a: Toxapex|Toxic|p1a: Slowking\n|-immune|p1a: Slowking\n|\n|-heal|p2a: Toxapex|100\/100 brn|[from] item: Black Sludge\n|-damage|p2a: Toxapex|94\/100 brn|[from] brn\n|upkeep\n|turn|49\n|\n|t:|1700794035\n|move|p2a: Toxapex|Recover|p2a: Toxapex\n|-heal|p2a: Toxapex|100\/100 brn\n|move|p1a: Slowking|Chilly Reception|p1a: Slowking\n|-weather|Snow\n|\n|t:|1700794039\n|switch|p1a: Gothitelle|Gothitelle, F, shiny|93\/100|[from] Chilly Reception\n|\n|-weather|Snow|[upkeep]\n|-damage|p2a: Toxapex|94\/100 brn|[from] brn\n|upkeep\n|turn|50\n|\n|t:|1700794054\n|switch|p1a: Gothorita|Gothorita, F|93\/100\n|move|p2a: Toxapex|Toxic|p1a: Gothorita\n|-status|p1a: Gothorita|tox\n|\n|-weather|Snow|[upkeep]\n|-heal|p2a: Toxapex|100\/100 brn|[from] item: Black Sludge\n|-damage|p1a: Gothorita|87\/100 tox|[from] psn\n|-damage|p2a: Toxapex|94\/100 brn|[from] brn\n|upkeep\n|turn|51\n|\n|t:|1700794065\n|move|p1a: Gothorita|Light Screen|p1a: Gothorita\n|-sidestart|p1: cashapp me pls|move: Light Screen\n|move|p2a: Toxapex|Chilling Water|p1a: Gothorita\n|-damage|p1a: Gothorita|84\/100 tox\n|-unboost|p1a: Gothorita|atk|1\n|\n|-weather|Snow|[upkeep]\n|-heal|p2a: Toxapex|100\/100 brn|[from] item: Black Sludge\n|-damage|p1a: Gothorita|71\/100 tox|[from] psn\n|-damage|p2a: Toxapex|94\/100 brn|[from] brn\n|upkeep\n|turn|52\n|\n|t:|1700794076\n|switch|p1a: Gothitelle|Gothitelle, F, shiny|93\/100\n|move|p2a: Toxapex|Chilling Water|p1a: Gothitelle\n|-damage|p1a: Gothitelle|88\/100\n|-unboost|p1a: Gothitelle|atk|1\n|\n|-weather|Snow|[upkeep]\n|-heal|p2a: Toxapex|100\/100 brn|[from] item: Black Sludge\n|-damage|p2a: Toxapex|94\/100 brn|[from] brn\n|upkeep\n|turn|53\n|\n|t:|1700794079\n|switch|p1a: Gothorita|Gothorita, F|71\/100 tox\n|move|p2a: Toxapex|Toxic|p1a: Gothorita\n|-fail|p1a: Gothorita|tox\n|\n|-weather|none\n|-heal|p2a: Toxapex|100\/100 brn|[from] item: Black Sludge\n|-damage|p1a: Gothorita|65\/100 tox|[from] psn\n|-damage|p2a: Toxapex|94\/100 brn|[from] brn\n|upkeep\n|turn|54\n|\n|t:|1700794083\n|switch|p1a: Gothitelle|Gothitelle, F, shiny|88\/100\n|move|p2a: Toxapex|Chilling Water|p1a: Gothitelle\n|-damage|p1a: Gothitelle|83\/100\n|-unboost|p1a: Gothitelle|atk|1\n|\n|-heal|p2a: Toxapex|100\/100 brn|[from] item: Black Sludge\n|-damage|p2a: Toxapex|94\/100 brn|[from] brn\n|upkeep\n|turn|55\n|\n|t:|1700794087\n|switch|p1a: Gothorita|Gothorita, F|65\/100 tox\n|move|p2a: Toxapex|Toxic|p1a: Gothorita\n|-fail|p1a: Gothorita|tox\n|\n|-heal|p2a: Toxapex|100\/100 brn|[from] item: Black Sludge\n|-damage|p1a: Gothorita|59\/100 tox|[from] psn\n|-damage|p2a: Toxapex|94\/100 brn|[from] brn\n|-sideend|p1: cashapp me pls|move: Light Screen\n|upkeep\n|turn|56\n|\n|t:|1700794091\n|switch|p1a: Gothitelle|Gothitelle, F, shiny|83\/100\n|move|p2a: Toxapex|Chilling Water|p1a: Gothitelle\n|-damage|p1a: Gothitelle|74\/100\n|-unboost|p1a: Gothitelle|atk|1\n|\n|-heal|p2a: Toxapex|100\/100 brn|[from] item: Black Sludge\n|-damage|p2a: Toxapex|94\/100 brn|[from] brn\n|upkeep\n|turn|57\n|\n|t:|1700794096\n|switch|p1a: Gothorita|Gothorita, F|59\/100 tox\n|move|p2a: Toxapex|Toxic|p1a: Gothorita\n|-fail|p1a: Gothorita|tox\n|\n|-heal|p2a: Toxapex|100\/100 brn|[from] item: Black Sludge\n|-damage|p1a: Gothorita|53\/100 tox|[from] psn\n|-damage|p2a: Toxapex|94\/100 brn|[from] brn\n|upkeep\n|turn|58\n|\n|t:|1700794098\n|move|p1a: Gothorita|Light Screen|p1a: Gothorita\n|-sidestart|p1: cashapp me pls|move: Light Screen\n|move|p2a: Toxapex|Chilling Water|p1a: Gothorita\n|-damage|p1a: Gothorita|50\/100 tox\n|-unboost|p1a: Gothorita|atk|1\n|\n|-heal|p2a: Toxapex|100\/100 brn|[from] item: Black Sludge\n|-damage|p1a: Gothorita|37\/100 tox|[from] psn\n|-damage|p2a: Toxapex|94\/100 brn|[from] brn\n|upkeep\n|turn|59\n|\n|t:|1700794101\n|switch|p1a: Gothitelle|Gothitelle, F, shiny|74\/100\n|move|p2a: Toxapex|Chilling Water|p1a: Gothitelle\n|-damage|p1a: Gothitelle|69\/100\n|-unboost|p1a: Gothitelle|atk|1\n|\n|-heal|p2a: Toxapex|100\/100 brn|[from] item: Black Sludge\n|-damage|p2a: Toxapex|94\/100 brn|[from] brn\n|upkeep\n|turn|60\n|\n|t:|1700794105\n|switch|p1a: Gothorita|Gothorita, F|37\/100 tox\n|move|p2a: Toxapex|Chilling Water|p1a: Gothorita\n|-damage|p1a: Gothorita|34\/100 tox\n|-unboost|p1a: Gothorita|atk|1\n|\n|-heal|p2a: Toxapex|100\/100 brn|[from] item: Black Sludge\n|-damage|p1a: Gothorita|28\/100 tox|[from] psn\n|-damage|p2a: Toxapex|94\/100 brn|[from] brn\n|upkeep\n|turn|61\n|\n|t:|1700794110\n|switch|p1a: Gothitelle|Gothitelle, F, shiny|69\/100\n|move|p2a: Toxapex|Chilling Water|p1a: Gothitelle\n|-damage|p1a: Gothitelle|63\/100\n|-unboost|p1a: Gothitelle|atk|1\n|\n|-heal|p2a: Toxapex|100\/100 brn|[from] item: Black Sludge\n|-damage|p2a: Toxapex|94\/100 brn|[from] brn\n|upkeep\n|turn|62\n|\n|t:|1700794113\n|switch|p1a: Gothorita|Gothorita, F|28\/100 tox\n|move|p2a: Toxapex|Toxic|p1a: Gothorita\n|-fail|p1a: Gothorita|tox\n|\n|-heal|p2a: Toxapex|100\/100 brn|[from] item: Black Sludge\n|-damage|p1a: Gothorita|22\/100 tox|[from] psn\n|-damage|p2a: Toxapex|94\/100 brn|[from] brn\n|-sideend|p1: cashapp me pls|move: Light Screen\n|upkeep\n|turn|63\n|\n|t:|1700794115\n|move|p1a: Gothorita|Light Screen|p1a: Gothorita\n|-sidestart|p1: cashapp me pls|move: Light Screen\n|move|p2a: Toxapex|Chilling Water|p1a: Gothorita\n|-damage|p1a: Gothorita|19\/100 tox\n|-unboost|p1a: Gothorita|atk|1\n|\n|-heal|p2a: Toxapex|100\/100 brn|[from] item: Black Sludge\n|-damage|p1a: Gothorita|7\/100 tox|[from] psn\n|-damage|p2a: Toxapex|94\/100 brn|[from] brn\n|upkeep\n|turn|64\n|\n|t:|1700794120\n|move|p1a: Gothorita|Rest|p1a: Gothorita\n|-status|p1a: Gothorita|slp|[from] move: Rest\n|-heal|p1a: Gothorita|100\/100 slp|[silent]\n|move|p2a: Toxapex|Chilling Water|p1a: Gothorita\n|-damage|p1a: Gothorita|97\/100 slp\n|-unboost|p1a: Gothorita|atk|1\n|\n|-heal|p2a: Toxapex|100\/100 brn|[from] item: Black Sludge\n|-damage|p2a: Toxapex|94\/100 brn|[from] brn\n|upkeep\n|turn|65\n|\n|t:|1700794136\n|cant|p1a: Gothorita|slp\n|move|p2a: Toxapex|Chilling Water|p1a: Gothorita\n|-damage|p1a: Gothorita|94\/100 slp\n|-unboost|p1a: Gothorita|atk|1\n|\n|-heal|p2a: Toxapex|100\/100 brn|[from] item: Black Sludge\n|-damage|p2a: Toxapex|94\/100 brn|[from] brn\n|upkeep\n|turn|66\n|\n|t:|1700794140\n|cant|p1a: Gothorita|slp\n|move|p2a: Toxapex|Chilling Water|p1a: Gothorita\n|-damage|p1a: Gothorita|91\/100 slp\n|-unboost|p1a: Gothorita|atk|1\n|\n|-heal|p2a: Toxapex|100\/100 brn|[from] item: Black Sludge\n|-damage|p2a: Toxapex|94\/100 brn|[from] brn\n|upkeep\n|turn|67\n|\n|t:|1700794143\n|switch|p1a: Gothitelle|Gothitelle, F, shiny|63\/100\n|move|p2a: Toxapex|Chilling Water|p1a: Gothitelle\n|-damage|p1a: Gothitelle|58\/100\n|-unboost|p1a: Gothitelle|atk|1\n|\n|-heal|p2a: Toxapex|100\/100 brn|[from] item: Black Sludge\n|-damage|p2a: Toxapex|94\/100 brn|[from] brn\n|-sideend|p1: cashapp me pls|move: Light Screen\n|upkeep\n|turn|68\n|\n|t:|1700794148\n|switch|p1a: Gothorita|Gothorita, F|91\/100 slp\n|move|p2a: Toxapex|Toxic||[still]\n|-fail|p2a: Toxapex\n|\n|-heal|p2a: Toxapex|100\/100 brn|[from] item: Black Sludge\n|-damage|p2a: Toxapex|94\/100 brn|[from] brn\n|upkeep\n|turn|69\n|\n|t:|1700794150\n|switch|p1a: Gothitelle|Gothitelle, F, shiny|58\/100\n|move|p2a: Toxapex|Chilling Water|p1a: Gothitelle\n|-damage|p1a: Gothitelle|49\/100\n|-unboost|p1a: Gothitelle|atk|1\n|\n|-heal|p2a: Toxapex|100\/100 brn|[from] item: Black Sludge\n|-damage|p2a: Toxapex|94\/100 brn|[from] brn\n|upkeep\n|turn|70\n|\n|t:|1700794152\n|switch|p1a: Gothorita|Gothorita, F|91\/100 slp\n|move|p2a: Toxapex|Chilling Water|p1a: Gothorita\n|-damage|p1a: Gothorita|85\/100 slp\n|-unboost|p1a: Gothorita|atk|1\n|\n|-heal|p2a: Toxapex|100\/100 brn|[from] item: Black Sludge\n|-damage|p2a: Toxapex|94\/100 brn|[from] brn\n|upkeep\n|turn|71\n|\n|t:|1700794155\n|switch|p1a: Gothitelle|Gothitelle, F, shiny|49\/100\n|move|p2a: Toxapex|Chilling Water|p1a: Gothitelle\n|-damage|p1a: Gothitelle|40\/100\n|-unboost|p1a: Gothitelle|atk|1\n|\n|-heal|p2a: Toxapex|100\/100 brn|[from] item: Black Sludge\n|-damage|p2a: Toxapex|94\/100 brn|[from] brn\n|upkeep\n|turn|72\n|\n|t:|1700794157\n|switch|p1a: Gothorita|Gothorita, F|85\/100 slp\n|move|p2a: Toxapex|Chilling Water|p1a: Gothorita\n|-damage|p1a: Gothorita|79\/100 slp\n|-unboost|p1a: Gothorita|atk|1\n|\n|-heal|p2a: Toxapex|100\/100 brn|[from] item: Black Sludge\n|-damage|p2a: Toxapex|94\/100 brn|[from] brn\n|upkeep\n|turn|73\n|\n|t:|1700794159\n|switch|p1a: Gothitelle|Gothitelle, F, shiny|40\/100\n|move|p2a: Toxapex|Chilling Water|p1a: Gothitelle\n|-damage|p1a: Gothitelle|30\/100\n|-unboost|p1a: Gothitelle|atk|1\n|\n|-heal|p2a: Toxapex|100\/100 brn|[from] item: Black Sludge\n|-damage|p2a: Toxapex|94\/100 brn|[from] brn\n|upkeep\n|turn|74\n|\n|t:|1700794162\n|switch|p1a: Gothorita|Gothorita, F|79\/100 slp\n|move|p2a: Toxapex|Chilling Water|p1a: Gothorita\n|-damage|p1a: Gothorita|73\/100 slp\n|-unboost|p1a: Gothorita|atk|1\n|\n|-heal|p2a: Toxapex|100\/100 brn|[from] item: Black Sludge\n|-damage|p2a: Toxapex|94\/100 brn|[from] brn\n|upkeep\n|turn|75\n|\n|t:|1700794163\n|switch|p1a: Gothitelle|Gothitelle, F, shiny|30\/100\n|move|p2a: Toxapex|Chilling Water|p1a: Gothitelle\n|-damage|p1a: Gothitelle|20\/100\n|-unboost|p1a: Gothitelle|atk|1\n|\n|-heal|p2a: Toxapex|100\/100 brn|[from] item: Black Sludge\n|-damage|p2a: Toxapex|94\/100 brn|[from] brn\n|upkeep\n|turn|76\n|\n|t:|1700794165\n|move|p1a: Gothitelle|Rest|p1a: Gothitelle\n|-status|p1a: Gothitelle|slp|[from] move: Rest\n|-heal|p1a: Gothitelle|100\/100 slp|[silent]\n|move|p2a: Toxapex|Chilling Water|p1a: Gothitelle\n|-damage|p1a: Gothitelle|91\/100 slp\n|-unboost|p1a: Gothitelle|atk|1\n|\n|-heal|p2a: Toxapex|100\/100 brn|[from] item: Black Sludge\n|-damage|p2a: Toxapex|94\/100 brn|[from] brn\n|upkeep\n|turn|77\n|\n|t:|1700794170\n|cant|p1a: Gothitelle|slp\n|move|p2a: Toxapex|Chilling Water|p1a: Gothitelle\n|-crit|p1a: Gothitelle\n|-damage|p1a: Gothitelle|75\/100 slp\n|-unboost|p1a: Gothitelle|atk|1\n|\n|-heal|p2a: Toxapex|100\/100 brn|[from] item: Black Sludge\n|-damage|p2a: Toxapex|94\/100 brn|[from] brn\n|upkeep\n|turn|78\n|\n|t:|1700794172\n|cant|p1a: Gothitelle|slp\n|move|p2a: Toxapex|Chilling Water|p1a: Gothitelle\n|-damage|p1a: Gothitelle|64\/100 slp\n|-unboost|p1a: Gothitelle|atk|1\n|\n|-heal|p2a: Toxapex|100\/100 brn|[from] item: Black Sludge\n|-damage|p2a: Toxapex|94\/100 brn|[from] brn\n|upkeep\n|turn|79\n|\n|t:|1700794174\n|switch|p1a: Gothorita|Gothorita, F|73\/100 slp\n|move|p2a: Toxapex|Chilling Water|p1a: Gothorita\n|-damage|p1a: Gothorita|67\/100 slp\n|-unboost|p1a: Gothorita|atk|1\n|\n|-heal|p2a: Toxapex|100\/100 brn|[from] item: Black Sludge\n|-damage|p2a: Toxapex|94\/100 brn|[from] brn\n|upkeep\n|turn|80\n|\n|t:|1700794177\n|switch|p1a: Gothitelle|Gothitelle, F, shiny|64\/100 slp\n|move|p2a: Toxapex|Chilling Water|p1a: Gothitelle\n|-damage|p1a: Gothitelle|54\/100 slp\n|-unboost|p1a: Gothitelle|atk|1\n|\n|-heal|p2a: Toxapex|100\/100 brn|[from] item: Black Sludge\n|-damage|p2a: Toxapex|94\/100 brn|[from] brn\n|upkeep\n|turn|81\n|c|\u2606Jiarias|sabes tu mama me escribi\u00f3\n|\n|t:|1700794189\n|switch|p1a: Gothorita|Gothorita, F|67\/100 slp\n|move|p2a: Toxapex|Chilling Water|p1a: Gothorita\n|-damage|p1a: Gothorita|61\/100 slp\n|-unboost|p1a: Gothorita|atk|1\n|\n|-heal|p2a: Toxapex|100\/100 brn|[from] item: Black Sludge\n|-damage|p2a: Toxapex|94\/100 brn|[from] brn\n|upkeep\n|turn|82\n|inactive|cashapp me pls has 120 seconds left.\n|inactive|cashapp me pls has 90 seconds left.\n|\n|t:|1700794260\n|switch|p1a: Gothitelle|Gothitelle, F, shiny|54\/100 slp\n|move|p2a: Toxapex|Chilling Water|p1a: Gothitelle\n|-damage|p1a: Gothitelle|43\/100 slp\n|-unboost|p1a: Gothitelle|atk|1\n|\n|-heal|p2a: Toxapex|100\/100 brn|[from] item: Black Sludge\n|-damage|p2a: Toxapex|94\/100 brn|[from] brn\n|upkeep\n|turn|83\n|inactive|Jiarias has 120 seconds left.\n|n|\u203dJiarias|jiarias\n|c|\u2606cashapp me pls|Jajajajajajajaja\n|inactive|Jiarias has 90 seconds left.\n|inactive|Jiarias has 60 seconds left.\n|\n|t:|1700794352\n|switch|p1a: Gothorita|Gothorita, F|61\/100 slp\n|move|p2a: Toxapex|Haze|p2a: Toxapex\n|-clearallboost\n|\n|-heal|p2a: Toxapex|100\/100 brn|[from] item: Black Sludge\n|-damage|p2a: Toxapex|94\/100 brn|[from] brn\n|upkeep\n|turn|84\n|inactive|cashapp me pls has 90 seconds left.\n|\n|t:|1700794364\n|switch|p1a: Gothitelle|Gothitelle, F, shiny|43\/100 slp\n|move|p2a: Toxapex|Haze|p2a: Toxapex\n|-clearallboost\n|\n|-heal|p2a: Toxapex|100\/100 brn|[from] item: Black Sludge\n|-damage|p2a: Toxapex|94\/100 brn|[from] brn\n|upkeep\n|turn|85\n|\n|t:|1700794369\n|switch|p1a: Gothorita|Gothorita, F|61\/100 slp\n|move|p2a: Toxapex|Haze|p2a: Toxapex\n|-clearallboost\n|\n|-heal|p2a: Toxapex|100\/100 brn|[from] item: Black Sludge\n|-damage|p2a: Toxapex|94\/100 brn|[from] brn\n|upkeep\n|turn|86\n|\n|t:|1700794397\n|switch|p1a: Gothitelle|Gothitelle, F, shiny|43\/100 slp\n|move|p2a: Toxapex|Haze|p2a: Toxapex\n|-clearallboost\n|\n|-heal|p2a: Toxapex|100\/100 brn|[from] item: Black Sludge\n|-damage|p2a: Toxapex|94\/100 brn|[from] brn\n|upkeep\n|turn|87\n|inactive|Jiarias has 60 seconds left.\n|\n|t:|1700794415\n|switch|p1a: Gothorita|Gothorita, F|61\/100 slp\n|move|p2a: Toxapex|Haze|p2a: Toxapex\n|-clearallboost\n|\n|-heal|p2a: Toxapex|100\/100 brn|[from] item: Black Sludge\n|-damage|p2a: Toxapex|94\/100 brn|[from] brn\n|upkeep\n|turn|88\n|inactive|cashapp me pls has 120 seconds left.\n|inactive|Jiarias has 60 seconds left.\n|inactive|cashapp me pls has 90 seconds left.\n|c|\u2606cashapp me pls|Not only can you not talk now... But your also going to lose slowly haha. You either forfeit or sit through haze and all your pp slowly and still lose\n|inactive|cashapp me pls has 60 seconds left.\n|inactive|cashapp me pls has 30 seconds left.\n|inactive|cashapp me pls has 20 seconds left.\n|inactive|cashapp me pls has 15 seconds left.\n|inactive|cashapp me pls has 10 seconds left.\n|inactive|cashapp me pls has 5 seconds left.\n|\n|t:|1700794538\n|switch|p1a: Gothitelle|Gothitelle, F, shiny|43\/100 slp\n|move|p2a: Toxapex|Haze|p2a: Toxapex\n|-clearallboost\n|\n|-heal|p2a: Toxapex|100\/100 brn|[from] item: Black Sludge\n|-damage|p2a: Toxapex|94\/100 brn|[from] brn\n|upkeep\n|turn|89\n|inactive|cashapp me pls has 15 seconds left this turn.\n|inactive|Jiarias has 60 seconds left.\n|\n|t:|1700794544\n|switch|p1a: Gothorita|Gothorita, F|61\/100 slp\n|move|p2a: Toxapex|Haze|p2a: Toxapex\n|-clearallboost\n|\n|-heal|p2a: Toxapex|100\/100 brn|[from] item: Black Sludge\n|-damage|p2a: Toxapex|94\/100 brn|[from] brn\n|upkeep\n|turn|90\n|inactive|cashapp me pls has 25 seconds left this turn.\n|\n|t:|1700794547\n|switch|p1a: Gothitelle|Gothitelle, F, shiny|43\/100 slp\n|move|p2a: Toxapex|Haze|p2a: Toxapex\n|-clearallboost\n|\n|-heal|p2a: Toxapex|100\/100 brn|[from] item: Black Sludge\n|-damage|p2a: Toxapex|94\/100 brn|[from] brn\n|upkeep\n|turn|91\n|inactive|Jiarias has 60 seconds left.\n|inactive|Jiarias has 30 seconds left.\n|\n|t:|1700794602\n|switch|p1a: Gothorita|Gothorita, F|61\/100 slp\n|move|p2a: Toxapex|Haze|p2a: Toxapex\n|-clearallboost\n|\n|-heal|p2a: Toxapex|100\/100 brn|[from] item: Black Sludge\n|-damage|p2a: Toxapex|94\/100 brn|[from] brn\n|upkeep\n|turn|92\n|inactive|Jiarias has 30 seconds left.\n|\n|t:|1700794613\n|switch|p1a: Gothitelle|Gothitelle, F, shiny|43\/100 slp\n|move|p2a: Toxapex|Haze|p2a: Toxapex\n|-clearallboost\n|\n|-heal|p2a: Toxapex|100\/100 brn|[from] item: Black Sludge\n|-damage|p2a: Toxapex|94\/100 brn|[from] brn\n|upkeep\n|turn|93\n|inactive|Jiarias has 30 seconds left this turn.\n|inactive|Jiarias has 20 seconds left.\n|\n|t:|1700794626\n|switch|p1a: Gothorita|Gothorita, F|61\/100 slp\n|move|p2a: Toxapex|Haze|p2a: Toxapex\n|-clearallboost\n|\n|-heal|p2a: Toxapex|100\/100 brn|[from] item: Black Sludge\n|-damage|p2a: Toxapex|94\/100 brn|[from] brn\n|upkeep\n|turn|94\n|inactive|Jiarias has 25 seconds left this turn.\n|\n|t:|1700794628\n|switch|p1a: Gothitelle|Gothitelle, F, shiny|43\/100 slp\n|move|p2a: Toxapex|Haze|p2a: Toxapex\n|-clearallboost\n|\n|-heal|p2a: Toxapex|100\/100 brn|[from] item: Black Sludge\n|-damage|p2a: Toxapex|94\/100 brn|[from] brn\n|upkeep\n|turn|95\n|inactive|Jiarias has 30 seconds left this turn.\n|\n|t:|1700794631\n|switch|p1a: Gothorita|Gothorita, F|61\/100 slp\n|move|p2a: Toxapex|Haze|p2a: Toxapex\n|-clearallboost\n|\n|-heal|p2a: Toxapex|100\/100 brn|[from] item: Black Sludge\n|-damage|p2a: Toxapex|94\/100 brn|[from] brn\n|upkeep\n|turn|96\n|\n|t:|1700794633\n|switch|p1a: Gothitelle|Gothitelle, F, shiny|43\/100 slp\n|move|p2a: Toxapex|Haze|p2a: Toxapex\n|-clearallboost\n|\n|-heal|p2a: Toxapex|100\/100 brn|[from] item: Black Sludge\n|-damage|p2a: Toxapex|94\/100 brn|[from] brn\n|upkeep\n|turn|97\n|\n|t:|1700794635\n|switch|p1a: Gothorita|Gothorita, F|61\/100 slp\n|move|p2a: Toxapex|Haze|p2a: Toxapex\n|-clearallboost\n|\n|-heal|p2a: Toxapex|100\/100 brn|[from] item: Black Sludge\n|-damage|p2a: Toxapex|94\/100 brn|[from] brn\n|upkeep\n|turn|98\n|\n|t:|1700794637\n|switch|p1a: Gothitelle|Gothitelle, F, shiny|43\/100 slp\n|move|p2a: Toxapex|Haze|p2a: Toxapex\n|-clearallboost\n|\n|-heal|p2a: Toxapex|100\/100 brn|[from] item: Black Sludge\n|-damage|p2a: Toxapex|94\/100 brn|[from] brn\n|upkeep\n|turn|99\n|\n|t:|1700794638\n|switch|p1a: Gothorita|Gothorita, F|61\/100 slp\n|move|p2a: Toxapex|Haze|p2a: Toxapex\n|-clearallboost\n|\n|-heal|p2a: Toxapex|100\/100 brn|[from] item: Black Sludge\n|-damage|p2a: Toxapex|94\/100 brn|[from] brn\n|upkeep\n|turn|100\n|\n|t:|1700794640\n|switch|p1a: Gothitelle|Gothitelle, F, shiny|43\/100 slp\n|move|p2a: Toxapex|Haze|p2a: Toxapex\n|-clearallboost\n|\n|-heal|p2a: Toxapex|100\/100 brn|[from] item: Black Sludge\n|-damage|p2a: Toxapex|94\/100 brn|[from] brn\n|upkeep\n|turn|101\n|\n|t:|1700794642\n|switch|p1a: Gothorita|Gothorita, F|61\/100 slp\n|move|p2a: Toxapex|Haze|p2a: Toxapex\n|-clearallboost\n|\n|-heal|p2a: Toxapex|100\/100 brn|[from] item: Black Sludge\n|-damage|p2a: Toxapex|94\/100 brn|[from] brn\n|upkeep\n|turn|102\n|\n|t:|1700794644\n|switch|p1a: Gothitelle|Gothitelle, F, shiny|43\/100 slp\n|move|p2a: Toxapex|Haze|p2a: Toxapex\n|-clearallboost\n|\n|-heal|p2a: Toxapex|100\/100 brn|[from] item: Black Sludge\n|-damage|p2a: Toxapex|94\/100 brn|[from] brn\n|upkeep\n|turn|103\n|\n|t:|1700794645\n|switch|p1a: Gothorita|Gothorita, F|61\/100 slp\n|move|p2a: Toxapex|Haze|p2a: Toxapex\n|-clearallboost\n|\n|-heal|p2a: Toxapex|100\/100 brn|[from] item: Black Sludge\n|-damage|p2a: Toxapex|94\/100 brn|[from] brn\n|upkeep\n|turn|104\n|\n|t:|1700794647\n|switch|p1a: Gothitelle|Gothitelle, F, shiny|43\/100 slp\n|move|p2a: Toxapex|Haze|p2a: Toxapex\n|-clearallboost\n|\n|-heal|p2a: Toxapex|100\/100 brn|[from] item: Black Sludge\n|-damage|p2a: Toxapex|94\/100 brn|[from] brn\n|upkeep\n|turn|105\n|\n|t:|1700794649\n|switch|p1a: Gothorita|Gothorita, F|61\/100 slp\n|move|p2a: Toxapex|Haze|p2a: Toxapex\n|-clearallboost\n|\n|-heal|p2a: Toxapex|100\/100 brn|[from] item: Black Sludge\n|-damage|p2a: Toxapex|94\/100 brn|[from] brn\n|upkeep\n|turn|106\n|\n|t:|1700794650\n|switch|p1a: Gothitelle|Gothitelle, F, shiny|43\/100 slp\n|move|p2a: Toxapex|Haze|p2a: Toxapex\n|-clearallboost\n|\n|-heal|p2a: Toxapex|100\/100 brn|[from] item: Black Sludge\n|-damage|p2a: Toxapex|94\/100 brn|[from] brn\n|upkeep\n|turn|107\n|\n|t:|1700794652\n|switch|p1a: Gothorita|Gothorita, F|61\/100 slp\n|move|p2a: Toxapex|Haze|p2a: Toxapex\n|-clearallboost\n|\n|-heal|p2a: Toxapex|100\/100 brn|[from] item: Black Sludge\n|-damage|p2a: Toxapex|94\/100 brn|[from] brn\n|upkeep\n|turn|108\n|\n|t:|1700794653\n|switch|p1a: Gothitelle|Gothitelle, F, shiny|43\/100 slp\n|move|p2a: Toxapex|Haze|p2a: Toxapex\n|-clearallboost\n|\n|-heal|p2a: Toxapex|100\/100 brn|[from] item: Black Sludge\n|-damage|p2a: Toxapex|94\/100 brn|[from] brn\n|upkeep\n|turn|109\n|\n|t:|1700794655\n|switch|p1a: Gothorita|Gothorita, F|61\/100 slp\n|move|p2a: Toxapex|Haze|p2a: Toxapex\n|-clearallboost\n|\n|-heal|p2a: Toxapex|100\/100 brn|[from] item: Black Sludge\n|-damage|p2a: Toxapex|94\/100 brn|[from] brn\n|upkeep\n|turn|110\n|\n|t:|1700794656\n|switch|p1a: Gothitelle|Gothitelle, F, shiny|43\/100 slp\n|move|p2a: Toxapex|Haze|p2a: Toxapex\n|-clearallboost\n|\n|-heal|p2a: Toxapex|100\/100 brn|[from] item: Black Sludge\n|-damage|p2a: Toxapex|94\/100 brn|[from] brn\n|upkeep\n|turn|111\n|\n|t:|1700794659\n|switch|p1a: Gothorita|Gothorita, F|61\/100 slp\n|move|p2a: Toxapex|Haze|p2a: Toxapex\n|-clearallboost\n|\n|-heal|p2a: Toxapex|100\/100 brn|[from] item: Black Sludge\n|-damage|p2a: Toxapex|94\/100 brn|[from] brn\n|upkeep\n|turn|112\n|\n|t:|1700794661\n|switch|p1a: Gothitelle|Gothitelle, F, shiny|43\/100 slp\n|move|p2a: Toxapex|Haze|p2a: Toxapex\n|-clearallboost\n|\n|-heal|p2a: Toxapex|100\/100 brn|[from] item: Black Sludge\n|-damage|p2a: Toxapex|94\/100 brn|[from] brn\n|upkeep\n|turn|113\n|inactive|cashapp me pls has 120 seconds left.\n|inactive|cashapp me pls has 90 seconds left.\n|inactive|cashapp me pls has 60 seconds left.\n|inactive|cashapp me pls has 30 seconds left.\n|inactive|cashapp me pls has 20 seconds left.\n|inactive|cashapp me pls has 15 seconds left.\n|inactive|cashapp me pls has 10 seconds left.\n|inactive|cashapp me pls has 5 seconds left.\n|\n|t:|1700794808\n|switch|p1a: Gothorita|Gothorita, F|61\/100 slp\n|move|p2a: Toxapex|Haze|p2a: Toxapex\n|-clearallboost\n|\n|-heal|p2a: Toxapex|100\/100 brn|[from] item: Black Sludge\n|-damage|p2a: Toxapex|94\/100 brn|[from] brn\n|upkeep\n|turn|114\n|inactive|cashapp me pls has 10 seconds left this turn.\n|inactive|Jiarias has 120 seconds left.\n|\n|t:|1700794820\n|switch|p1a: Gothitelle|Gothitelle, F, shiny|43\/100 slp\n|move|p2a: Toxapex|Haze|p2a: Toxapex\n|-clearallboost\n|\n|-heal|p2a: Toxapex|100\/100 brn|[from] item: Black Sludge\n|-damage|p2a: Toxapex|94\/100 brn|[from] brn\n|upkeep\n|turn|115\n|inactive|cashapp me pls has 15 seconds left this turn.\n|\n|t:|1700794823\n|switch|p1a: Gothorita|Gothorita, F|61\/100 slp\n|move|p2a: Toxapex|Haze|p2a: Toxapex\n|-clearallboost\n|\n|-heal|p2a: Toxapex|100\/100 brn|[from] item: Black Sludge\n|-damage|p2a: Toxapex|94\/100 brn|[from] brn\n|upkeep\n|turn|116\n|inactive|cashapp me pls has 20 seconds left this turn.\n|inactive|Jiarias has 120 seconds left.\n|\n|t:|1700794831\n|switch|p1a: Gothitelle|Gothitelle, F, shiny|43\/100 slp\n|move|p2a: Toxapex|Haze|p2a: Toxapex\n|-clearallboost\n|\n|-heal|p2a: Toxapex|100\/100 brn|[from] item: Black Sludge\n|-damage|p2a: Toxapex|94\/100 brn|[from] brn\n|upkeep\n|turn|117\n|inactive|cashapp me pls has 25 seconds left this turn.\n|\n|t:|1700794835\n|switch|p1a: Gothorita|Gothorita, F|61\/100 slp\n|move|p2a: Toxapex|Haze|p2a: Toxapex\n|-clearallboost\n|\n|-heal|p2a: Toxapex|100\/100 brn|[from] item: Black Sludge\n|-damage|p2a: Toxapex|94\/100 brn|[from] brn\n|upkeep\n|turn|118\n|inactive|cashapp me pls has 30 seconds left this turn.\n|\n|t:|1700794841\n|switch|p1a: Gothitelle|Gothitelle, F, shiny|43\/100 slp\n|move|p2a: Toxapex|Haze|p2a: Toxapex\n|-clearallboost\n|\n|-heal|p2a: Toxapex|100\/100 brn|[from] item: Black Sludge\n|-damage|p2a: Toxapex|94\/100 brn|[from] brn\n|upkeep\n|turn|119\n|\n|t:|1700794843\n|switch|p1a: Gothorita|Gothorita, F|61\/100 slp\n|move|p2a: Toxapex|Haze|p2a: Toxapex\n|-clearallboost\n|\n|-heal|p2a: Toxapex|100\/100 brn|[from] item: Black Sludge\n|-damage|p2a: Toxapex|94\/100 brn|[from] brn\n|upkeep\n|turn|120\n|\n|t:|1700794845\n|switch|p1a: Gothitelle|Gothitelle, F, shiny|43\/100 slp\n|move|p2a: Toxapex|Haze|p2a: Toxapex\n|-clearallboost\n|\n|-heal|p2a: Toxapex|100\/100 brn|[from] item: Black Sludge\n|-damage|p2a: Toxapex|94\/100 brn|[from] brn\n|upkeep\n|turn|121\n|\n|t:|1700794854\n|switch|p1a: Gothorita|Gothorita, F|61\/100 slp\n|move|p2a: Toxapex|Haze|p2a: Toxapex\n|-clearallboost\n|\n|-heal|p2a: Toxapex|100\/100 brn|[from] item: Black Sludge\n|-damage|p2a: Toxapex|94\/100 brn|[from] brn\n|upkeep\n|turn|122\n|\n|t:|1700794856\n|switch|p1a: Gothitelle|Gothitelle, F, shiny|43\/100 slp\n|move|p2a: Toxapex|Haze|p2a: Toxapex\n|-clearallboost\n|\n|-heal|p2a: Toxapex|100\/100 brn|[from] item: Black Sludge\n|-damage|p2a: Toxapex|94\/100 brn|[from] brn\n|upkeep\n|turn|123\n|\n|t:|1700794860\n|switch|p1a: Gothorita|Gothorita, F|61\/100 slp\n|move|p2a: Toxapex|Haze|p2a: Toxapex\n|-clearallboost\n|\n|-heal|p2a: Toxapex|100\/100 brn|[from] item: Black Sludge\n|-damage|p2a: Toxapex|94\/100 brn|[from] brn\n|upkeep\n|turn|124\n|\n|t:|1700794869\n|switch|p1a: Gothitelle|Gothitelle, F, shiny|43\/100 slp\n|move|p2a: Toxapex|Haze|p2a: Toxapex\n|-clearallboost\n|\n|-heal|p2a: Toxapex|100\/100 brn|[from] item: Black Sludge\n|-damage|p2a: Toxapex|94\/100 brn|[from] brn\n|upkeep\n|turn|125\n|\n|t:|1700794871\n|switch|p1a: Gothorita|Gothorita, F|61\/100 slp\n|move|p2a: Toxapex|Haze|p2a: Toxapex\n|-clearallboost\n|\n|-heal|p2a: Toxapex|100\/100 brn|[from] item: Black Sludge\n|-damage|p2a: Toxapex|94\/100 brn|[from] brn\n|upkeep\n|turn|126\n|\n|t:|1700794876\n|switch|p1a: Gothitelle|Gothitelle, F, shiny|43\/100 slp\n|move|p2a: Toxapex|Haze|p2a: Toxapex\n|-clearallboost\n|\n|-heal|p2a: Toxapex|100\/100 brn|[from] item: Black Sludge\n|-damage|p2a: Toxapex|94\/100 brn|[from] brn\n|upkeep\n|turn|127\n|\n|t:|1700794890\n|switch|p1a: Gothorita|Gothorita, F|61\/100 slp\n|move|p2a: Toxapex|Haze|p2a: Toxapex\n|-clearallboost\n|\n|-heal|p2a: Toxapex|100\/100 brn|[from] item: Black Sludge\n|-damage|p2a: Toxapex|94\/100 brn|[from] brn\n|upkeep\n|turn|128\n|\n|t:|1700794892\n|switch|p1a: Gothitelle|Gothitelle, F, shiny|43\/100 slp\n|move|p2a: Toxapex|Haze|p2a: Toxapex\n|-clearallboost\n|\n|-heal|p2a: Toxapex|100\/100 brn|[from] item: Black Sludge\n|-damage|p2a: Toxapex|94\/100 brn|[from] brn\n|upkeep\n|turn|129\n|\n|t:|1700794911\n|switch|p1a: Gothorita|Gothorita, F|61\/100 slp\n|move|p2a: Toxapex|Haze|p2a: Toxapex\n|-clearallboost\n|\n|-heal|p2a: Toxapex|100\/100 brn|[from] item: Black Sludge\n|-damage|p2a: Toxapex|94\/100 brn|[from] brn\n|upkeep\n|turn|130\n|\n|t:|1700794920\n|switch|p1a: Gothitelle|Gothitelle, F, shiny|43\/100 slp\n|move|p2a: Toxapex|Haze|p2a: Toxapex\n|-clearallboost\n|\n|-heal|p2a: Toxapex|100\/100 brn|[from] item: Black Sludge\n|-damage|p2a: Toxapex|94\/100 brn|[from] brn\n|upkeep\n|turn|131\n|inactive|Jiarias has 120 seconds left.\n|\n|t:|1700794945\n|switch|p1a: Gothorita|Gothorita, F|61\/100 slp\n|move|p2a: Toxapex|Toxic||[still]\n|-fail|p2a: Toxapex\n|\n|-heal|p2a: Toxapex|100\/100 brn|[from] item: Black Sludge\n|-damage|p2a: Toxapex|94\/100 brn|[from] brn\n|upkeep\n|turn|132\n|l|\u2606cashapp me pls\n|inactive|cashapp me pls disconnected and has a minute to reconnect!\n|player|p1|\n|j|\u2606cashapp me pls\n|inactive|cashapp me pls reconnected and has 75 seconds left.\n|player|p1|cashapp me pls|2\n|\n|t:|1700794979\n|switch|p1a: Gothitelle|Gothitelle, F, shiny|43\/100 slp\n|move|p2a: Toxapex|Toxic||[still]\n|-fail|p2a: Toxapex\n|\n|-heal|p2a: Toxapex|100\/100 brn|[from] item: Black Sludge\n|-damage|p2a: Toxapex|94\/100 brn|[from] brn\n|upkeep\n|turn|133\n|\n|t:|1700794983\n|switch|p1a: Gothorita|Gothorita, F|61\/100 slp\n|move|p2a: Toxapex|Toxic||[still]\n|-fail|p2a: Toxapex\n|\n|-heal|p2a: Toxapex|100\/100 brn|[from] item: Black Sludge\n|-damage|p2a: Toxapex|94\/100 brn|[from] brn\n|upkeep\n|turn|134\n|\n|t:|1700794994\n|switch|p1a: Gothitelle|Gothitelle, F, shiny|43\/100 slp\n|move|p2a: Toxapex|Toxic||[still]\n|-fail|p2a: Toxapex\n|\n|-heal|p2a: Toxapex|100\/100 brn|[from] item: Black Sludge\n|-damage|p2a: Toxapex|94\/100 brn|[from] brn\n|upkeep\n|turn|135\n|\n|t:|1700794996\n|switch|p1a: Gothorita|Gothorita, F|61\/100 slp\n|move|p2a: Toxapex|Toxic||[still]\n|-fail|p2a: Toxapex\n|\n|-heal|p2a: Toxapex|100\/100 brn|[from] item: Black Sludge\n|-damage|p2a: Toxapex|94\/100 brn|[from] brn\n|upkeep\n|turn|136\n|inactive|Jiarias has 120 seconds left.\n|\n|t:|1700795017\n|switch|p1a: Gothitelle|Gothitelle, F, shiny|43\/100 slp\n|move|p2a: Toxapex|Toxic||[still]\n|-fail|p2a: Toxapex\n|\n|-heal|p2a: Toxapex|100\/100 brn|[from] item: Black Sludge\n|-damage|p2a: Toxapex|94\/100 brn|[from] brn\n|upkeep\n|turn|137\n|\n|t:|1700795019\n|switch|p1a: Gothorita|Gothorita, F|61\/100 slp\n|move|p2a: Toxapex|Toxic||[still]\n|-fail|p2a: Toxapex\n|\n|-heal|p2a: Toxapex|100\/100 brn|[from] item: Black Sludge\n|-damage|p2a: Toxapex|94\/100 brn|[from] brn\n|upkeep\n|turn|138\n|\n|t:|1700795022\n|switch|p1a: Gothitelle|Gothitelle, F, shiny|43\/100 slp\n|move|p2a: Toxapex|Toxic||[still]\n|-fail|p2a: Toxapex\n|\n|-heal|p2a: Toxapex|100\/100 brn|[from] item: Black Sludge\n|-damage|p2a: Toxapex|94\/100 brn|[from] brn\n|upkeep\n|turn|139\n|inactive|Jiarias has 120 seconds left.\n|\n|t:|1700795052\n|switch|p1a: Gothorita|Gothorita, F|61\/100 slp\n|move|p2a: Toxapex|Chilling Water|p1a: Gothorita\n|-damage|p1a: Gothorita|55\/100 slp\n|-unboost|p1a: Gothorita|atk|1\n|\n|-heal|p2a: Toxapex|100\/100 brn|[from] item: Black Sludge\n|-damage|p2a: Toxapex|94\/100 brn|[from] brn\n|upkeep\n|turn|140\n|\n|t:|1700795056\n|-curestatus|p1a: Gothorita|slp|[msg]\n|move|p1a: Gothorita|Light Screen|p1a: Gothorita\n|-sidestart|p1: cashapp me pls|move: Light Screen\n|move|p2a: Toxapex|Chilling Water|p1a: Gothorita\n|-damage|p1a: Gothorita|52\/100\n|-unboost|p1a: Gothorita|atk|1\n|\n|-heal|p2a: Toxapex|100\/100 brn|[from] item: Black Sludge\n|-damage|p2a: Toxapex|94\/100 brn|[from] brn\n|upkeep\n|turn|141\n|\n|t:|1700795071\n|switch|p1a: Gothitelle|Gothitelle, F, shiny|43\/100 slp\n|move|p2a: Toxapex|Chilling Water|p1a: Gothitelle\n|-damage|p1a: Gothitelle|39\/100 slp\n|-unboost|p1a: Gothitelle|atk|1\n|\n|-heal|p2a: Toxapex|100\/100 brn|[from] item: Black Sludge\n|-damage|p2a: Toxapex|94\/100 brn|[from] brn\n|upkeep\n|turn|142\n|\n|t:|1700795076\n|switch|p1a: Gothorita|Gothorita, F|52\/100\n|move|p2a: Toxapex|Chilling Water|p1a: Gothorita\n|-damage|p1a: Gothorita|49\/100\n|-unboost|p1a: Gothorita|atk|1\n|\n|-heal|p2a: Toxapex|100\/100 brn|[from] item: Black Sludge\n|-damage|p2a: Toxapex|94\/100 brn|[from] brn\n|upkeep\n|turn|143\n|\n|t:|1700795078\n|move|p1a: Gothorita|Rest|p1a: Gothorita\n|-status|p1a: Gothorita|slp|[from] move: Rest\n|-heal|p1a: Gothorita|100\/100 slp|[silent]\n|move|p2a: Toxapex|Recover|p2a: Toxapex\n|-heal|p2a: Toxapex|100\/100 brn\n|\n|-damage|p2a: Toxapex|94\/100 brn|[from] brn\n|upkeep\n|turn|144\n|\n|t:|1700795080\n|cant|p1a: Gothorita|slp\n|move|p2a: Toxapex|Recover|p2a: Toxapex\n|-heal|p2a: Toxapex|100\/100 brn\n|\n|-damage|p2a: Toxapex|94\/100 brn|[from] brn\n|-sideend|p1: cashapp me pls|move: Light Screen\n|upkeep\n|turn|145\n|\n|t:|1700795089\n|cant|p1a: Gothorita|slp\n|move|p2a: Toxapex|Recover|p2a: Toxapex\n|-heal|p2a: Toxapex|100\/100 brn\n|\n|-damage|p2a: Toxapex|94\/100 brn|[from] brn\n|upkeep\n|turn|146\n|\n|t:|1700795091\n|switch|p1a: Gothitelle|Gothitelle, F, shiny|39\/100 slp\n|move|p2a: Toxapex|Recover|p2a: Toxapex\n|-heal|p2a: Toxapex|100\/100 brn\n|\n|-damage|p2a: Toxapex|94\/100 brn|[from] brn\n|upkeep\n|turn|147\n|\n|t:|1700795096\n|-curestatus|p1a: Gothitelle|slp|[msg]\n|move|p1a: Gothitelle|Rest|p1a: Gothitelle\n|-status|p1a: Gothitelle|slp|[from] move: Rest\n|-heal|p1a: Gothitelle|100\/100 slp|[silent]\n|move|p2a: Toxapex|Recover|p2a: Toxapex\n|-heal|p2a: Toxapex|100\/100 brn\n|\n|-damage|p2a: Toxapex|94\/100 brn|[from] brn\n|upkeep\n|turn|148\n|inactive|Jiarias has 120 seconds left.\n|\n|t:|1700795106\n|cant|p1a: Gothitelle|slp\n|move|p2a: Toxapex|Recover|p2a: Toxapex\n|-heal|p2a: Toxapex|100\/100 brn\n|\n|-damage|p2a: Toxapex|94\/100 brn|[from] brn\n|upkeep\n|turn|149\n|\n|t:|1700795109\n|cant|p1a: Gothitelle|slp\n|move|p2a: Toxapex|Recover|p2a: Toxapex\n|-heal|p2a: Toxapex|100\/100 brn\n|\n|-damage|p2a: Toxapex|94\/100 brn|[from] brn\n|upkeep\n|turn|150\n|inactive|cashapp me pls has 120 seconds left.\n|inactive|cashapp me pls has 90 seconds left.\n|inactive|cashapp me pls has 60 seconds left.\n|inactive|cashapp me pls has 30 seconds left.\n|\n|t:|1700795236\n|switch|p1a: Grimmsnarl|Grimmsnarl, M|79\/100\n|-activate|p2a: Toxapex|move: Struggle\n|move|p2a: Toxapex|Struggle|p1a: Grimmsnarl\n|-damage|p1a: Grimmsnarl|75\/100\n|-damage|p2a: Toxapex|69\/100 brn|[from] recoil\n|\n|-heal|p2a: Toxapex|75\/100 brn|[from] item: Black Sludge\n|-damage|p2a: Toxapex|69\/100 brn|[from] brn\n|upkeep\n|turn|151\n|inactive|cashapp me pls has 30 seconds left this turn.\n|inactive|Jiarias has 120 seconds left.\n|\n|t:|1700795266\n|move|p1a: Grimmsnarl|Reflect|p1a: Grimmsnarl\n|-sidestart|p1: cashapp me pls|Reflect\n|-activate|p2a: Toxapex|move: Struggle\n|move|p2a: Toxapex|Struggle|p1a: Grimmsnarl\n|-damage|p1a: Grimmsnarl|74\/100\n|-damage|p2a: Toxapex|44\/100 brn|[from] recoil\n|\n|-heal|p2a: Toxapex|50\/100 brn|[from] item: Black Sludge\n|-damage|p2a: Toxapex|44\/100 brn|[from] brn\n|upkeep\n|turn|152\n|\n|t:|1700795270\n|move|p1a: Grimmsnarl|Light Screen|p1a: Grimmsnarl\n|-sidestart|p1: cashapp me pls|move: Light Screen\n|-activate|p2a: Toxapex|move: Struggle\n|move|p2a: Toxapex|Struggle|p1a: Grimmsnarl\n|-damage|p1a: Grimmsnarl|72\/100\n|-damage|p2a: Toxapex|19\/100 brn|[from] recoil\n|\n|-heal|p2a: Toxapex|25\/100 brn|[from] item: Black Sludge\n|-damage|p2a: Toxapex|19\/100 brn|[from] brn\n|upkeep\n|turn|153\n|\n|t:|1700795274\n|move|p1a: Grimmsnarl|Parting Shot|p2a: Toxapex\n|-unboost|p2a: Toxapex|atk|1\n|-unboost|p2a: Toxapex|spa|1\n|\n|t:|1700795278\n|switch|p1a: Cinderace|Cinderace, F|100\/100|[from] Parting Shot\n|-activate|p2a: Toxapex|move: Struggle\n|move|p2a: Toxapex|Struggle|p1a: Cinderace\n|-damage|p1a: Cinderace|99\/100\n|-damage|p2a: Toxapex|0 fnt|[from] recoil\n|faint|p2a: Toxapex\n|\n|upkeep\n|inactive|Jiarias has 120 seconds left.\n|\n|t:|1700795284\n|switch|p2a: Gastrodon|Gastrodon, F, shiny|100\/100\n|turn|154\n|inactive|Jiarias has 120 seconds left.\n|\n|t:|1700795291\n|move|p1a: Cinderace|U-turn|p2a: Gastrodon\n|-start|p1a: Cinderace|typechange|Bug|[from] ability: Libero\n|-damage|p2a: Gastrodon|69\/100\n|\n|t:|1700795305\n|switch|p1a: Gothitelle|Gothitelle, F, shiny|100\/100 slp|[from] U-turn\n|move|p2a: Gastrodon|Earth Power|p1a: Gothitelle\n|-damage|p1a: Gothitelle|87\/100 slp\n|\n|-heal|p2a: Gastrodon|75\/100|[from] item: Leftovers\n|upkeep\n|turn|155\n|\n|t:|1700795310\n|-curestatus|p1a: Gothitelle|slp|[msg]\n|move|p1a: Gothitelle|Trick|p2a: Gastrodon\n|-activate|p1a: Gothitelle|move: Trick|[of] p2a: Gastrodon\n|-item|p2a: Gastrodon|Choice Scarf|[from] move: Trick\n|-item|p1a: Gothitelle|Leftovers|[from] move: Trick\n|move|p2a: Gastrodon|Earth Power|p1a: Gothitelle\n|-damage|p1a: Gothitelle|74\/100\n|\n|-heal|p1a: Gothitelle|80\/100|[from] item: Leftovers\n|upkeep\n|turn|156\n|\n|t:|1700795322\n|switch|p1a: Gothorita|Gothorita, F|100\/100 slp\n|move|p2a: Gastrodon|Earth Power|p1a: Gothorita\n|-damage|p1a: Gothorita|93\/100 slp\n|\n|upkeep\n|turn|157\n|inactive|Jiarias has 120 seconds left.\n|\n|t:|1700795353\n|switch|p1a: Gothitelle|Gothitelle, F, shiny|80\/100\n|move|p2a: Gastrodon|Earth Power|p1a: Gothitelle\n|-damage|p1a: Gothitelle|67\/100\n|\n|-heal|p1a: Gothitelle|73\/100|[from] item: Leftovers\n|upkeep\n|turn|158\n|\n|t:|1700795371\n|move|p1a: Gothitelle|Charm|p2a: Gastrodon\n|-unboost|p2a: Gastrodon|atk|2\n|move|p2a: Gastrodon|Earth Power|p1a: Gothitelle\n|-damage|p1a: Gothitelle|59\/100\n|\n|-heal|p1a: Gothitelle|66\/100|[from] item: Leftovers\n|-sideend|p1: cashapp me pls|Reflect\n|upkeep\n|turn|159\n|\n|t:|1700795376\n|switch|p1a: Gothorita|Gothorita, F|93\/100 slp\n|move|p2a: Gastrodon|Earth Power|p1a: Gothorita\n|-damage|p1a: Gothorita|84\/100 slp\n|\n|-sideend|p1: cashapp me pls|move: Light Screen\n|upkeep\n|turn|160\n|inactive|Jiarias has 90 seconds left.\n|\n|t:|1700795398\n|move|p2a: Gastrodon|Earth Power|p1a: Gothorita\n|-damage|p1a: Gothorita|69\/100 slp\n|-curestatus|p1a: Gothorita|slp|[msg]\n|move|p1a: Gothorita|Light Screen|p1a: Gothorita\n|-sidestart|p1: cashapp me pls|move: Light Screen\n|\n|upkeep\n|turn|161\n|\n|t:|1700795402\n|move|p2a: Gastrodon|Earth Power|p1a: Gothorita\n|-damage|p1a: Gothorita|60\/100\n|move|p1a: Gothorita|Light Screen||[still]\n|-fail|p1a: Gothorita\n|\n|upkeep\n|turn|162\n|\n|t:|1700795405\n|move|p2a: Gastrodon|Earth Power|p1a: Gothorita\n|-damage|p1a: Gothorita|52\/100\n|move|p1a: Gothorita|Light Screen||[still]\n|-fail|p1a: Gothorita\n|\n|upkeep\n|turn|163\n|\n|t:|1700795407\n|move|p2a: Gastrodon|Earth Power|p1a: Gothorita\n|-damage|p1a: Gothorita|43\/100\n|move|p1a: Gothorita|Light Screen||[still]\n|-fail|p1a: Gothorita\n|\n|upkeep\n|turn|164\n|l|\u2606cashapp me pls\n|inactive|cashapp me pls disconnected and has a minute to reconnect!\n|player|p1|\n|j|\u2606cashapp me pls\n|inactive|cashapp me pls reconnected and has 50 seconds left.\n|player|p1|cashapp me pls|2\n|\n|t:|1700795444\n|move|p2a: Gastrodon|Earth Power|p1a: Gothorita\n|-damage|p1a: Gothorita|35\/100\n|-unboost|p1a: Gothorita|spd|1\n|move|p1a: Gothorita|Light Screen||[still]\n|-fail|p1a: Gothorita\n|\n|-sideend|p1: cashapp me pls|move: Light Screen\n|upkeep\n|turn|165\n|\n|t:|1700795451\n|switch|p1a: Gothitelle|Gothitelle, F, shiny|66\/100\n|move|p2a: Gastrodon|Earth Power|p1a: Gothitelle\n|-damage|p1a: Gothitelle|40\/100\n|\n|-heal|p1a: Gothitelle|46\/100|[from] item: Leftovers\n|upkeep\n|turn|166\n|\n|t:|1700795454\n|switch|p1a: Gothorita|Gothorita, F|35\/100\n|move|p2a: Gastrodon|Earth Power|p1a: Gothorita\n|-damage|p1a: Gothorita|18\/100\n|-unboost|p1a: Gothorita|spd|1\n|\n|upkeep\n|turn|167\n|\n|t:|1700795459\n|switch|p1a: Gothitelle|Gothitelle, F, shiny|46\/100\n|move|p2a: Gastrodon|Earth Power|p1a: Gothitelle\n|-damage|p1a: Gothitelle|18\/100\n|\n|-heal|p1a: Gothitelle|24\/100|[from] item: Leftovers\n|upkeep\n|turn|168\n|\n|t:|1700795468\n|move|p1a: Gothitelle|Charm|p2a: Gastrodon\n|-unboost|p2a: Gastrodon|atk|2\n|-activate|p2a: Gastrodon|move: Struggle\n|move|p2a: Gastrodon|Struggle|p1a: Gothitelle\n|-crit|p1a: Gothitelle\n|-damage|p1a: Gothitelle|11\/100\n|-damage|p2a: Gastrodon|50\/100|[from] recoil\n|\n|-heal|p1a: Gothitelle|17\/100|[from] item: Leftovers\n|upkeep\n|turn|169\n|inactive|Jiarias has 120 seconds left.\n|inactive|Jiarias has 90 seconds left.\n|\n|t:|1700795520\n|move|p1a: Gothitelle|Reflect|p1a: Gothitelle\n|-sidestart|p1: cashapp me pls|Reflect\n|-activate|p2a: Gastrodon|move: Struggle\n|move|p2a: Gastrodon|Struggle|p1a: Gothitelle\n|-damage|p1a: Gothitelle|16\/100\n|-damage|p2a: Gastrodon|25\/100|[from] recoil\n|\n|-heal|p1a: Gothitelle|22\/100|[from] item: Leftovers\n|upkeep\n|turn|170\n|\n|t:|1700795525\n|move|p1a: Gothitelle|Trick|p2a: Gastrodon\n|-activate|p1a: Gothitelle|move: Trick|[of] p2a: Gastrodon\n|-item|p2a: Gastrodon|Leftovers|[from] move: Trick\n|-item|p1a: Gothitelle|Choice Scarf|[from] move: Trick\n|-activate|p2a: Gastrodon|move: Struggle\n|move|p2a: Gastrodon|Struggle|p1a: Gothitelle\n|-damage|p1a: Gothitelle|21\/100\n|-damage|p2a: Gastrodon|0 fnt|[from] recoil\n|faint|p2a: Gastrodon\n|\n|upkeep\n|\n|t:|1700795534\n|switch|p2a: Gyarados|Gyarados, M, shiny|100\/100\n|turn|171\n|\n|t:|1700795539\n|move|p1a: Gothitelle|Trick|p2a: Gyarados\n|-activate|p1a: Gothitelle|move: Trick|[of] p2a: Gyarados\n|-item|p2a: Gyarados|Choice Scarf|[from] move: Trick\n|-item|p1a: Gothitelle|Aguav Berry|[from] move: Trick\n|-enditem|p1a: Gothitelle|Aguav Berry|[eat]\n|-heal|p1a: Gothitelle|54\/100|[from] item: Aguav Berry\n|move|p2a: Gyarados|Waterfall|p1a: Gothitelle\n|-damage|p1a: Gothitelle|33\/100\n|\n|upkeep\n|turn|172\n|inactive|cashapp me pls has 60 seconds left.\n|\n|t:|1700795546\n|switch|p1a: Alomomola|Alomomola, F, shiny|87\/100\n|move|p2a: Gyarados|Waterfall|p1a: Alomomola\n|-resisted|p1a: Alomomola\n|-damage|p1a: Alomomola|81\/100\n|-damage|p2a: Gyarados|84\/100|[from] item: Rocky Helmet|[of] p1a: Alomomola\n|\n|upkeep\n|turn|173\n|\n|t:|1700795550\n|move|p2a: Gyarados|Waterfall|p1a: Alomomola\n|-resisted|p1a: Alomomola\n|-crit|p1a: Alomomola\n|-damage|p1a: Alomomola|66\/100\n|-damage|p2a: Gyarados|67\/100|[from] item: Rocky Helmet|[of] p1a: Alomomola\n|move|p1a: Alomomola|Scald|p2a: Gyarados\n|-resisted|p2a: Gyarados\n|-damage|p2a: Gyarados|60\/100\n|-status|p2a: Gyarados|brn\n|\n|-damage|p2a: Gyarados|54\/100 brn|[from] brn\n|-sideend|p1: cashapp me pls|Reflect\n|upkeep\n|turn|174\n|\n|t:|1700795554\n|move|p2a: Gyarados|Waterfall|p1a: Alomomola\n|-resisted|p1a: Alomomola\n|-crit|p1a: Alomomola\n|-damage|p1a: Alomomola|58\/100\n|-damage|p2a: Gyarados|38\/100 brn|[from] item: Rocky Helmet|[of] p1a: Alomomola\n|move|p1a: Alomomola|Wish|p1a: Alomomola\n|\n|-damage|p2a: Gyarados|32\/100 brn|[from] brn\n|upkeep\n|turn|175\n|\n|t:|1700795565\n|move|p2a: Gyarados|Waterfall|p1a: Alomomola\n|-resisted|p1a: Alomomola\n|-damage|p1a: Alomomola|53\/100\n|-damage|p2a: Gyarados|15\/100 brn|[from] item: Rocky Helmet|[of] p1a: Alomomola\n|move|p1a: Alomomola|Flip Turn|p2a: Gyarados\n|-resisted|p2a: Gyarados\n|-damage|p2a: Gyarados|4\/100 brn\n|\n|t:|1700795570\n|switch|p1a: Gothitelle|Gothitelle, F, shiny|33\/100|[from] Flip Turn\n|\n|-heal|p1a: Gothitelle|100\/100|[from] move: Wish|[wisher] Alomomola\n|-damage|p2a: Gyarados|0 fnt|[from] brn\n|faint|p2a: Gyarados\n|upkeep\n|\n|t:|1700795584\n|switch|p2a: Kingambit|Kingambit, M|100\/100\n|-activate|p2a: Kingambit|ability: Supreme Overlord\n|-start|p2a: Kingambit|fallen5|[silent]\n|turn|176\n|inactive|cashapp me pls has 60 seconds left.\n|\n|t:|1700795604\n|move|p1a: Gothitelle|Charm|p2a: Kingambit\n|-unboost|p2a: Kingambit|atk|2\n|move|p2a: Kingambit|Kowtow Cleave|p1a: Gothitelle\n|-supereffective|p1a: Gothitelle\n|-damage|p1a: Gothitelle|30\/100\n|\n|upkeep\n|turn|177\n|inactive|cashapp me pls has 60 seconds left.\n|inactive|Jiarias has 90 seconds left.\n|\n|t:|1700795639\n|switch|p1a: Alomomola|Alomomola, F, shiny|86\/100\n|move|p2a: Kingambit|Kowtow Cleave|p1a: Alomomola\n|-damage|p1a: Alomomola|65\/100\n|-damage|p2a: Kingambit|84\/100|[from] item: Rocky Helmet|[of] p1a: Alomomola\n|\n|-heal|p2a: Kingambit|90\/100|[from] item: Leftovers\n|upkeep\n|turn|178\n|inactive|cashapp me pls has 60 seconds left.\n|\n|t:|1700795645\n|move|p2a: Kingambit|Swords Dance|p2a: Kingambit\n|-boost|p2a: Kingambit|atk|2\n|move|p1a: Alomomola|Flip Turn|p2a: Kingambit\n|-damage|p2a: Kingambit|78\/100\n|\n|t:|1700795648\n|switch|p1a: Cinderace|Cinderace, F|99\/100|[from] Flip Turn\n|\n|-heal|p2a: Kingambit|84\/100|[from] item: Leftovers\n|upkeep\n|turn|179\n|\n|t:|1700795658\n|-terastallize|p2a: Kingambit|Flying\n|move|p1a: Cinderace|Will-O-Wisp|p2a: Kingambit\n|-status|p2a: Kingambit|brn\n|move|p2a: Kingambit|Kowtow Cleave|p1a: Cinderace\n|-damage|p1a: Cinderace|50\/100\n|\n|-heal|p2a: Kingambit|90\/100 brn|[from] item: Leftovers\n|-damage|p2a: Kingambit|84\/100 brn|[from] brn\n|upkeep\n|turn|180\n|\n|t:|1700795666\n|switch|p1a: Alomomola|Alomomola, F, shiny|98\/100\n|move|p2a: Kingambit|Swords Dance|p2a: Kingambit\n|-boost|p2a: Kingambit|atk|2\n|\n|-heal|p2a: Kingambit|90\/100 brn|[from] item: Leftovers\n|-damage|p2a: Kingambit|84\/100 brn|[from] brn\n|upkeep\n|turn|181\n|\n|t:|1700795669\n|move|p2a: Kingambit|Kowtow Cleave|p1a: Alomomola\n|-damage|p1a: Alomomola|58\/100\n|-damage|p2a: Kingambit|68\/100 brn|[from] item: Rocky Helmet|[of] p1a: Alomomola\n|move|p1a: Alomomola|Wish|p1a: Alomomola\n|\n|-heal|p2a: Kingambit|74\/100 brn|[from] item: Leftovers\n|-damage|p2a: Kingambit|68\/100 brn|[from] brn\n|upkeep\n|turn|182\n|\n|t:|1700795675\n|move|p2a: Kingambit|Kowtow Cleave|p1a: Alomomola\n|-damage|p1a: Alomomola|20\/100\n|-damage|p2a: Kingambit|51\/100 brn|[from] item: Rocky Helmet|[of] p1a: Alomomola\n|move|p1a: Alomomola|Flip Turn|p2a: Kingambit\n|-damage|p2a: Kingambit|39\/100 brn\n|\n|t:|1700795680\n|switch|p1a: Grimmsnarl|Grimmsnarl, M|72\/100|[from] Flip Turn\n|\n|-heal|p1a: Grimmsnarl|100\/100|[from] move: Wish|[wisher] Alomomola\n|-heal|p2a: Kingambit|45\/100 brn|[from] item: Leftovers\n|-damage|p2a: Kingambit|39\/100 brn|[from] brn\n|upkeep\n|turn|183\n|inactive|Jiarias has 90 seconds left.\n|\n|t:|1700795721\n|move|p1a: Grimmsnarl|Reflect|p1a: Grimmsnarl\n|-sidestart|p1: cashapp me pls|Reflect\n|move|p2a: Kingambit|Iron Head|p1a: Grimmsnarl\n|-supereffective|p1a: Grimmsnarl\n|-damage|p1a: Grimmsnarl|11\/100\n|\n|-heal|p2a: Kingambit|45\/100 brn|[from] item: Leftovers\n|-damage|p2a: Kingambit|39\/100 brn|[from] brn\n|upkeep\n|turn|184\n|\n|t:|1700795730\n|move|p1a: Grimmsnarl|Parting Shot|p2a: Kingambit\n|-unboost|p2a: Kingambit|atk|1\n|-unboost|p2a: Kingambit|spa|1\n|\n|t:|1700795732\n|switch|p1a: Alomomola|Alomomola, F, shiny|53\/100|[from] Parting Shot\n|move|p2a: Kingambit|Iron Head|p1a: Alomomola\n|-resisted|p1a: Alomomola\n|-damage|p1a: Alomomola|47\/100\n|-damage|p2a: Kingambit|22\/100 brn|[from] item: Rocky Helmet|[of] p1a: Alomomola\n|\n|-heal|p2a: Kingambit|28\/100 brn|[from] item: Leftovers\n|-damage|p2a: Kingambit|22\/100 brn|[from] brn\n|upkeep\n|turn|185\n|\n|t:|1700795739\n|move|p2a: Kingambit|Swords Dance|p2a: Kingambit\n|-boost|p2a: Kingambit|atk|2\n|move|p1a: Alomomola|Wish|p1a: Alomomola\n|\n|-heal|p2a: Kingambit|28\/100 brn|[from] item: Leftovers\n|-damage|p2a: Kingambit|22\/100 brn|[from] brn\n|upkeep\n|turn|186\n|\n|t:|1700795757\n|move|p2a: Kingambit|Kowtow Cleave|p1a: Alomomola\n|-damage|p1a: Alomomola|24\/100\n|-damage|p2a: Kingambit|6\/100 brn|[from] item: Rocky Helmet|[of] p1a: Alomomola\n|move|p1a: Alomomola|Flip Turn|p2a: Kingambit\n|-damage|p2a: Kingambit|0 fnt\n|faint|p2a: Kingambit\n|-end|p2a: Kingambit|fallen5|[silent]\n|\n|win|cashapp me pls\n|raw|cashapp me pls's rating: 1046 &rarr; <strong>1082<\/strong><br \/>(+36 for winning)\n|raw|Jiarias's rating: 1077 &rarr; <strong>1054<\/strong><br \/>(-23 for losing)\n","uploadtime":1700793798,"views":4,"p1id":"cashappmepls","p2id":"jiarias","formatid":"gen9ubers","rating":1054,"private":0,"password":""}