{"id":"gen9ubers-1978818027","p1":"1P1o1s1h1e1","p2":"hannah_xyz","format":"[Gen 9] Ubers","log":"|j|\u26061P1o1s1h1e1\n|j|\u2606hannah_xyz\n|t:|1698598835\n|gametype|singles\n|player|p1|1P1o1s1h1e1|2|\n|player|p2|hannah_xyz|caitlin|\n|teamsize|p1|6\n|teamsize|p2|6\n|gen|9\n|tier|[Gen 9] Ubers\n|rule|Sleep Clause Mod: Limit one foe put to sleep\n|rule|Species Clause: Limit one of each Pok\u00e9mon\n|rule|OHKO Clause: OHKO moves are banned\n|rule|Evasion Items Clause: Evasion items are banned\n|rule|Evasion Moves Clause: Evasion moves are banned\n|rule|Endless Battle Clause: Forcing endless battles is banned\n|rule|HP Percentage Mod: HP is shown in percentages\n|clearpoke\n|poke|p1|Wo-Chien|\n|poke|p1|Arceus-Poison|\n|poke|p1|Magearna|\n|poke|p1|Ursaluna-Bloodmoon, M|\n|poke|p1|Sneasler, F|\n|poke|p1|Scream Tail|\n|poke|p2|Cyclizar, M|\n|poke|p2|Pelipper, M|\n|poke|p2|Floatzel, F|\n|poke|p2|Overqwil, F|\n|poke|p2|Palkia-Origin|\n|poke|p2|Basculegion-F, F|\n|teampreview\n|inactive|Battle timer is ON: inactive players will automatically lose when time's up. (requested by hannah_xyz)\n|\n|t:|1698598859\n|start\n|switch|p1a: sheIsSuchABadBi-|Sneasler, F, shiny|100\/100\n|switch|p2a: Pelipper|Pelipper, M|100\/100\n|-weather|RainDance|[from] ability: Drizzle|[of] p2a: Pelipper\n|turn|1\n|\n|t:|1698598871\n|move|p1a: sheIsSuchABadBi-|U-turn|p2a: Pelipper\n|-resisted|p2a: Pelipper\n|-damage|p2a: Pelipper|91\/100\n|\n|t:|1698598875\n|switch|p1a: Bonnie (FNAF)|Magearna|100\/100|[from] U-turn\n|move|p2a: Pelipper|Hurricane|p1a: Bonnie (FNAF)\n|-resisted|p1a: Bonnie (FNAF)\n|-damage|p1a: Bonnie (FNAF)|90\/100\n|-start|p1a: Bonnie (FNAF)|confusion\n|\n|-weather|RainDance|[upkeep]\n|-heal|p1a: Bonnie (FNAF)|96\/100|[from] item: Leftovers\n|upkeep\n|turn|2\n|\n|t:|1698598895\n|switch|p2a: Cyclizar|Cyclizar, M|100\/100\n|-activate|p1a: Bonnie (FNAF)|confusion\n|move|p1a: Bonnie (FNAF)|Thunder Wave|p2a: Cyclizar\n|-status|p2a: Cyclizar|par\n|\n|-weather|RainDance|[upkeep]\n|-heal|p1a: Bonnie (FNAF)|100\/100|[from] item: Leftovers\n|upkeep\n|turn|3\n|\n|t:|1698598907\n|move|p2a: Cyclizar|Shed Tail|p2a: Cyclizar\n|-start|p2a: Cyclizar|Substitute|[from] move: Shed Tail\n|-damage|p2a: Cyclizar|50\/100 par\n|\n|t:|1698598924\n|switch|p2a: Palkia|Palkia-Origin|100\/100|[from] Shed Tail\n|-ability|p2a: Palkia|Pressure\n|-activate|p1a: Bonnie (FNAF)|confusion\n|move|p1a: Bonnie (FNAF)|Draining Kiss|p2a: Palkia\n|-supereffective|p2a: Palkia\n|-end|p2a: Palkia|Substitute\n|\n|-weather|RainDance|[upkeep]\n|upkeep\n|turn|4\n|inactive|hannah_xyz has 270 seconds left.\n|inactive|1P1o1s1h1e1 has 270 seconds left.\n|\n|t:|1698598955\n|move|p2a: Palkia|Hydro Pump|p1a: Bonnie (FNAF)\n|-damage|p1a: Bonnie (FNAF)|32\/100\n|-activate|p1a: Bonnie (FNAF)|confusion\n|-damage|p1a: Bonnie (FNAF)|26\/100|[from] confusion\n|\n|-weather|RainDance|[upkeep]\n|-heal|p1a: Bonnie (FNAF)|32\/100|[from] item: Leftovers\n|upkeep\n|turn|5\n|inactive|1P1o1s1h1e1 has 270 seconds left.\n|inactive|hannah_xyz has 270 seconds left.\n|\n|t:|1698598978\n|switch|p1a: Mangle (FNAF)|Wo-Chien|100\/100\n|-ability|p1a: Mangle (FNAF)|Tablets of Ruin\n|move|p2a: Palkia|Hydro Pump|p1a: Mangle (FNAF)\n|-resisted|p1a: Mangle (FNAF)\n|-damage|p1a: Mangle (FNAF)|70\/100\n|\n|-weather|RainDance|[upkeep]\n|-heal|p1a: Mangle (FNAF)|76\/100|[from] item: Leftovers\n|upkeep\n|turn|6\n|\n|t:|1698598989\n|switch|p2a: Overqwil|Overqwil, F|100\/100\n|move|p1a: Mangle (FNAF)|Leech Seed|p2a: Overqwil\n|-start|p2a: Overqwil|move: Leech Seed\n|\n|-weather|RainDance|[upkeep]\n|-heal|p1a: Mangle (FNAF)|82\/100|[from] item: Leftovers\n|-damage|p2a: Overqwil|88\/100|[from] Leech Seed|[of] p1a: Mangle (FNAF)\n|-heal|p1a: Mangle (FNAF)|94\/100|[silent]\n|upkeep\n|turn|7\n|\n|t:|1698598999\n|switch|p1a: Purple Guy (FNAF)|Arceus-Poison|100\/100\n|move|p2a: Overqwil|Poison Jab|p1a: Purple Guy (FNAF)\n|-resisted|p1a: Purple Guy (FNAF)\n|-damage|p1a: Purple Guy (FNAF)|88\/100\n|\n|-weather|RainDance|[upkeep]\n|-damage|p2a: Overqwil|76\/100|[from] Leech Seed|[of] p1a: Purple Guy (FNAF)\n|-heal|p1a: Purple Guy (FNAF)|99\/100|[silent]\n|upkeep\n|turn|8\n|inactive|hannah_xyz has 270 seconds left.\n|\n|t:|1698599006\n|switch|p2a: Pelipper|Pelipper, M|91\/100\n|move|p1a: Purple Guy (FNAF)|Will-O-Wisp|p2a: Pelipper\n|-status|p2a: Pelipper|brn\n|\n|-weather|none\n|-damage|p2a: Pelipper|85\/100 brn|[from] brn\n|upkeep\n|turn|9\n|inactive|hannah_xyz has 270 seconds left.\n|\n|t:|1698599017\n|switch|p2a: Cyclizar|Cyclizar, M|50\/100 par\n|move|p1a: Purple Guy (FNAF)|Gunk Shot|p2a: Cyclizar|[miss]\n|-miss|p1a: Purple Guy (FNAF)|p2a: Cyclizar\n|\n|upkeep\n|turn|10\n|inactive|hannah_xyz has 270 seconds left.\n|\n|t:|1698599036\n|move|p1a: Purple Guy (FNAF)|Gunk Shot|p2a: Cyclizar|[miss]\n|-miss|p1a: Purple Guy (FNAF)|p2a: Cyclizar\n|cant|p2a: Cyclizar|par\n|\n|upkeep\n|turn|11\n|inactive|hannah_xyz has 270 seconds left.\n|\n|t:|1698599043\n|move|p1a: Purple Guy (FNAF)|Gunk Shot|p2a: Cyclizar\n|-damage|p2a: Cyclizar|0 fnt\n|faint|p2a: Cyclizar\n|\n|upkeep\n|inactive|hannah_xyz has 270 seconds left.\n|\n|t:|1698599058\n|switch|p2a: Pelipper|Pelipper, M|85\/100 brn\n|-weather|RainDance|[from] ability: Drizzle|[of] p2a: Pelipper\n|turn|12\n|\n|t:|1698599072\n|move|p1a: Purple Guy (FNAF)|Gunk Shot|p2a: Pelipper\n|-damage|p2a: Pelipper|45\/100 brn\n|move|p2a: Pelipper|U-turn|p1a: Purple Guy (FNAF)\n|-resisted|p1a: Purple Guy (FNAF)\n|-damage|p1a: Purple Guy (FNAF)|98\/100\n|\n|t:|1698599080\n|switch|p2a: Floatzel|Floatzel, F|100\/100|[from] U-turn\n|\n|-weather|RainDance|[upkeep]\n|upkeep\n|turn|13\n|\n|t:|1698599090\n|-terastallize|p1a: Purple Guy (FNAF)|Grass\n|move|p2a: Floatzel|Wave Crash|p1a: Purple Guy (FNAF)\n|-resisted|p1a: Purple Guy (FNAF)\n|-damage|p1a: Purple Guy (FNAF)|63\/100\n|-damage|p2a: Floatzel|86\/100|[from] Recoil\n|move|p1a: Purple Guy (FNAF)|Will-O-Wisp|p2a: Floatzel|[miss]\n|-miss|p1a: Purple Guy (FNAF)|p2a: Floatzel\n|\n|-weather|RainDance|[upkeep]\n|upkeep\n|turn|14\n|inactive|hannah_xyz has 270 seconds left.\n|\n|t:|1698599103\n|switch|p2a: Palkia|Palkia-Origin|100\/100\n|-ability|p2a: Palkia|Pressure\n|move|p1a: Purple Guy (FNAF)|Recover|p1a: Purple Guy (FNAF)\n|-heal|p1a: Purple Guy (FNAF)|100\/100\n|\n|-weather|RainDance|[upkeep]\n|upkeep\n|turn|15\n|\n|t:|1698599110\n|move|p2a: Palkia|Ice Beam|p1a: Purple Guy (FNAF)\n|-supereffective|p1a: Purple Guy (FNAF)\n|-damage|p1a: Purple Guy (FNAF)|51\/100\n|move|p1a: Purple Guy (FNAF)|Gunk Shot|p2a: Palkia\n|-damage|p2a: Palkia|40\/100\n|\n|-weather|RainDance|[upkeep]\n|upkeep\n|turn|16\n|\n|t:|1698599122\n|switch|p1a: Bonnie (FNAF)|Magearna|32\/100\n|move|p2a: Palkia|Draco Meteor|p1a: Bonnie (FNAF)\n|-immune|p1a: Bonnie (FNAF)\n|\n|-weather|RainDance|[upkeep]\n|-heal|p1a: Bonnie (FNAF)|38\/100|[from] item: Leftovers\n|upkeep\n|turn|17\n|\n|t:|1698599139\n|switch|p2a: Overqwil|Overqwil, F|76\/100\n|switch|p1a: Mangle (FNAF)|Wo-Chien|94\/100\n|-ability|p1a: Mangle (FNAF)|Tablets of Ruin\n|\n|-weather|RainDance|[upkeep]\n|-heal|p1a: Mangle (FNAF)|100\/100|[from] item: Leftovers\n|upkeep\n|turn|18\n|\n|t:|1698599150\n|switch|p1a: Bonnie (FNAF)|Magearna|38\/100\n|move|p2a: Overqwil|Poison Jab|p1a: Bonnie (FNAF)\n|-immune|p1a: Bonnie (FNAF)\n|\n|-weather|RainDance|[upkeep]\n|-heal|p1a: Bonnie (FNAF)|44\/100|[from] item: Leftovers\n|upkeep\n|turn|19\n|\n|t:|1698599168\n|move|p2a: Overqwil|Liquidation|p1a: Bonnie (FNAF)\n|-damage|p1a: Bonnie (FNAF)|10\/100\n|move|p1a: Bonnie (FNAF)|Spikes|p2a: Overqwil\n|-sidestart|p2: hannah_xyz|Spikes\n|\n|-weather|none\n|-heal|p1a: Bonnie (FNAF)|16\/100|[from] item: Leftovers\n|upkeep\n|turn|20\n|inactive|1P1o1s1h1e1 has 270 seconds left.\n|inactive|hannah_xyz has 270 seconds left.\n|\n|t:|1698599220\n|move|p2a: Overqwil|Liquidation|p1a: Bonnie (FNAF)\n|-damage|p1a: Bonnie (FNAF)|0 fnt\n|faint|p1a: Bonnie (FNAF)\n|\n|upkeep\n|inactive|1P1o1s1h1e1 has 240 seconds left.\n|\n|t:|1698599234\n|switch|p1a: sheIsSuchABadBi-|Sneasler, F, shiny|100\/100\n|turn|21\n|\n|t:|1698599241\n|move|p2a: Overqwil|Aqua Jet|p1a: sheIsSuchABadBi-\n|-crit|p1a: sheIsSuchABadBi-\n|-damage|p1a: sheIsSuchABadBi-|67\/100\n|move|p1a: sheIsSuchABadBi-|U-turn|p2a: Overqwil\n|-damage|p2a: Overqwil|51\/100\n|inactive|1P1o1s1h1e1 has 240 seconds left.\n|\n|t:|1698599255\n|switch|p1a: Cupcake (FNAF)|Scream Tail|100\/100|[from] U-turn\n|\n|upkeep\n|turn|22\n|\n|t:|1698599262\n|move|p1a: Cupcake (FNAF)|Stealth Rock|p2a: Overqwil\n|-sidestart|p2: hannah_xyz|move: Stealth Rock\n|move|p2a: Overqwil|Poison Jab|p1a: Cupcake (FNAF)\n|-supereffective|p1a: Cupcake (FNAF)\n|-damage|p1a: Cupcake (FNAF)|54\/100\n|-status|p1a: Cupcake (FNAF)|psn\n|\n|-heal|p1a: Cupcake (FNAF)|61\/100 psn|[from] item: Leftovers\n|-damage|p1a: Cupcake (FNAF)|48\/100 psn|[from] psn\n|upkeep\n|turn|23\n|inactive|1P1o1s1h1e1 has 240 seconds left.\n|\n|t:|1698599282\n|-end|p1a: Cupcake (FNAF)|Protosynthesis|[silent]\n|switch|p1a: sheIsSuchABadBi-|Sneasler, F, shiny|67\/100\n|switch|p2a: Pelipper|Pelipper, M|45\/100 brn\n|-damage|p2a: Pelipper|20\/100 brn|[from] Stealth Rock\n|-weather|RainDance|[from] ability: Drizzle|[of] p2a: Pelipper\n|\n|-weather|RainDance|[upkeep]\n|-damage|p2a: Pelipper|14\/100 brn|[from] brn\n|upkeep\n|turn|24\n|inactive|1P1o1s1h1e1 has 240 seconds left.\n|\n|t:|1698599306\n|move|p1a: sheIsSuchABadBi-|Dire Claw|p2a: Pelipper\n|-damage|p2a: Pelipper|0 fnt\n|faint|p2a: Pelipper\n|\n|-weather|RainDance|[upkeep]\n|upkeep\n|\n|t:|1698599317\n|switch|p2a: Floatzel|Floatzel, F|86\/100\n|-damage|p2a: Floatzel|74\/100|[from] Spikes\n|-damage|p2a: Floatzel|62\/100|[from] Stealth Rock\n|turn|25\n|\n|t:|1698599323\n|switch|p1a: Cupcake (FNAF)|Scream Tail|48\/100 psn\n|move|p2a: Floatzel|Flip Turn|p1a: Cupcake (FNAF)\n|-damage|p1a: Cupcake (FNAF)|11\/100 psn\n|\n|t:|1698599331\n|switch|p2a: Overqwil|Overqwil, F|51\/100|[from] Flip Turn\n|-damage|p2a: Overqwil|39\/100|[from] Spikes\n|-damage|p2a: Overqwil|27\/100|[from] Stealth Rock\n|\n|-weather|RainDance|[upkeep]\n|-heal|p1a: Cupcake (FNAF)|17\/100 psn|[from] item: Leftovers\n|-damage|p1a: Cupcake (FNAF)|4\/100 psn|[from] psn\n|upkeep\n|turn|26\n|\n|t:|1698599340\n|move|p1a: Cupcake (FNAF)|Protect|p1a: Cupcake (FNAF)\n|-singleturn|p1a: Cupcake (FNAF)|Protect\n|move|p2a: Overqwil|Aqua Jet|p1a: Cupcake (FNAF)\n|-activate|p1a: Cupcake (FNAF)|move: Protect\n|\n|-weather|RainDance|[upkeep]\n|-heal|p1a: Cupcake (FNAF)|11\/100 psn|[from] item: Leftovers\n|-damage|p1a: Cupcake (FNAF)|0 fnt|[from] psn\n|faint|p1a: Cupcake (FNAF)\n|-end|p1a: Cupcake (FNAF)|Protosynthesis|[silent]\n|upkeep\n|\n|t:|1698599353\n|switch|p1a: sheIsSuchABadBi-|Sneasler, F, shiny|67\/100\n|turn|27\n|\n|t:|1698599358\n|move|p1a: sheIsSuchABadBi-|U-turn|p2a: Overqwil\n|-damage|p2a: Overqwil|5\/100\n|\n|t:|1698599361\n|switch|p1a: Mangle (FNAF)|Wo-Chien|100\/100|[from] U-turn\n|-ability|p1a: Mangle (FNAF)|Tablets of Ruin\n|move|p2a: Overqwil|Liquidation|p1a: Mangle (FNAF)\n|-resisted|p1a: Mangle (FNAF)\n|-damage|p1a: Mangle (FNAF)|85\/100\n|\n|-weather|RainDance|[upkeep]\n|-heal|p1a: Mangle (FNAF)|91\/100|[from] item: Leftovers\n|upkeep\n|turn|28\n|inactive|1P1o1s1h1e1 has 270 seconds left.\n|\n|t:|1698599370\n|move|p1a: Mangle (FNAF)|Protect|p1a: Mangle (FNAF)\n|-singleturn|p1a: Mangle (FNAF)|Protect\n|move|p2a: Overqwil|Poison Jab|p1a: Mangle (FNAF)\n|-activate|p1a: Mangle (FNAF)|move: Protect\n|\n|-weather|RainDance|[upkeep]\n|-heal|p1a: Mangle (FNAF)|97\/100|[from] item: Leftovers\n|upkeep\n|turn|29\n|\n|t:|1698599376\n|move|p2a: Overqwil|Poison Jab|p1a: Mangle (FNAF)\n|-supereffective|p1a: Mangle (FNAF)\n|-damage|p1a: Mangle (FNAF)|36\/100\n|move|p1a: Mangle (FNAF)|Knock Off|p2a: Overqwil\n|-resisted|p2a: Overqwil\n|-damage|p2a: Overqwil|0 fnt\n|-enditem|p2a: Overqwil|Assault Vest|[from] move: Knock Off|[of] p1a: Mangle (FNAF)\n|faint|p2a: Overqwil\n|\n|-weather|RainDance|[upkeep]\n|-heal|p1a: Mangle (FNAF)|42\/100|[from] item: Leftovers\n|upkeep\n|\n|t:|1698599392\n|switch|p2a: Palkia|Palkia-Origin|40\/100\n|-damage|p2a: Palkia|27\/100|[from] Spikes\n|-damage|p2a: Palkia|15\/100|[from] Stealth Rock\n|-ability|p2a: Palkia|Pressure\n|turn|30\n|\n|t:|1698599405\n|move|p1a: Mangle (FNAF)|Protect|p1a: Mangle (FNAF)\n|-singleturn|p1a: Mangle (FNAF)|Protect\n|move|p2a: Palkia|Ice Beam|p1a: Mangle (FNAF)\n|-activate|p1a: Mangle (FNAF)|move: Protect\n|\n|-weather|none\n|-heal|p1a: Mangle (FNAF)|48\/100|[from] item: Leftovers\n|upkeep\n|turn|31\n|\n|t:|1698599428\n|switch|p1a: Freddy (FNAF)|Ursaluna-Bloodmoon, M|100\/100\n|move|p2a: Palkia|Draco Meteor|p1a: Freddy (FNAF)\n|-damage|p1a: Freddy (FNAF)|22\/100\n|-unboost|p2a: Palkia|spa|2\n|\n|-heal|p1a: Freddy (FNAF)|28\/100|[from] item: Leftovers\n|upkeep\n|turn|32\n|\n|t:|1698599440\n|move|p2a: Palkia|Hydro Pump|p1a: Freddy (FNAF)\n|-supereffective|p1a: Freddy (FNAF)\n|-damage|p1a: Freddy (FNAF)|0 fnt\n|faint|p1a: Freddy (FNAF)\n|\n|upkeep\n|\n|t:|1698599444\n|switch|p1a: sheIsSuchABadBi-|Sneasler, F, shiny|67\/100\n|turn|33\n|\n|t:|1698599451\n|move|p1a: sheIsSuchABadBi-|U-turn|p2a: Palkia\n|-damage|p2a: Palkia|0 fnt\n|faint|p2a: Palkia\n|\n|t:|1698599456\n|switch|p1a: Mangle (FNAF)|Wo-Chien|48\/100|[from] U-turn\n|-ability|p1a: Mangle (FNAF)|Tablets of Ruin\n|\n|-heal|p1a: Mangle (FNAF)|54\/100|[from] item: Leftovers\n|upkeep\n|\n|t:|1698599461\n|switch|p2a: Floatzel|Floatzel, F|62\/100\n|-damage|p2a: Floatzel|50\/100|[from] Spikes\n|-damage|p2a: Floatzel|37\/100|[from] Stealth Rock\n|turn|34\n|\n|t:|1698599468\n|move|p1a: Mangle (FNAF)|Protect|p1a: Mangle (FNAF)\n|-singleturn|p1a: Mangle (FNAF)|Protect\n|move|p2a: Floatzel|Tera Blast|p1a: Mangle (FNAF)\n|-activate|p1a: Mangle (FNAF)|move: Protect\n|\n|-heal|p1a: Mangle (FNAF)|60\/100|[from] item: Leftovers\n|upkeep\n|turn|35\n|\n|t:|1698599477\n|move|p2a: Floatzel|Tera Blast|p1a: Mangle (FNAF)\n|-damage|p1a: Mangle (FNAF)|53\/100\n|move|p1a: Mangle (FNAF)|Leech Seed|p2a: Floatzel\n|-start|p2a: Floatzel|move: Leech Seed\n|\n|-heal|p1a: Mangle (FNAF)|59\/100|[from] item: Leftovers\n|-damage|p2a: Floatzel|25\/100|[from] Leech Seed|[of] p1a: Mangle (FNAF)\n|-heal|p1a: Mangle (FNAF)|71\/100|[silent]\n|upkeep\n|turn|36\n|\n|t:|1698599483\n|move|p2a: Floatzel|Tera Blast|p1a: Mangle (FNAF)\n|-damage|p1a: Mangle (FNAF)|63\/100\n|move|p1a: Mangle (FNAF)|Substitute|p1a: Mangle (FNAF)\n|-start|p1a: Mangle (FNAF)|Substitute\n|-damage|p1a: Mangle (FNAF)|38\/100\n|\n|-heal|p1a: Mangle (FNAF)|44\/100|[from] item: Leftovers\n|-damage|p2a: Floatzel|13\/100|[from] Leech Seed|[of] p1a: Mangle (FNAF)\n|-heal|p1a: Mangle (FNAF)|56\/100|[silent]\n|upkeep\n|turn|37\n|\n|t:|1698599487\n|-terastallize|p2a: Floatzel|Ground\n|move|p1a: Mangle (FNAF)|Protect|p1a: Mangle (FNAF)\n|-singleturn|p1a: Mangle (FNAF)|Protect\n|move|p2a: Floatzel|Tera Blast|p1a: Mangle (FNAF)|[anim] Tera Blast Ground\n|-activate|p1a: Mangle (FNAF)|move: Protect\n|\n|-heal|p1a: Mangle (FNAF)|62\/100|[from] item: Leftovers\n|-damage|p2a: Floatzel|0 fnt|[from] Leech Seed|[of] p1a: Mangle (FNAF)\n|-heal|p1a: Mangle (FNAF)|74\/100|[silent]\n|faint|p2a: Floatzel\n|upkeep\n|\n|t:|1698599489\n|switch|p2a: Basculegion|Basculegion-F, F|100\/100\n|-damage|p2a: Basculegion|88\/100|[from] Spikes\n|-damage|p2a: Basculegion|76\/100|[from] Stealth Rock\n|turn|38\n|\n|t:|1698599495\n|move|p2a: Basculegion|Last Respects|p1a: Mangle (FNAF)\n|-resisted|p1a: Mangle (FNAF)\n|-end|p1a: Mangle (FNAF)|Substitute\n|move|p1a: Mangle (FNAF)|Knock Off|p2a: Basculegion\n|-supereffective|p2a: Basculegion\n|-damage|p2a: Basculegion|0 fnt\n|-enditem|p2a: Basculegion|Choice Band|[from] move: Knock Off|[of] p1a: Mangle (FNAF)\n|faint|p2a: Basculegion\n|\n|win|1P1o1s1h1e1\n|l|\u2606hannah_xyz\n","uploadtime":1698599510,"views":12,"p1id":"1p1o1s1h1e1","p2id":"hannahxyz","formatid":"gen9ubers","rating":0,"private":0,"password":""}