{"id":"gen9ubers-1976301640","p1":"Du-Gi-Oh","p2":"Haymaker92","format":"[Gen 9] Ubers","log":"|j|\u2606Du-Gi-Oh\n|j|\u2606Haymaker92\n|t:|1698284092\n|gametype|singles\n|player|p1|Du-Gi-Oh|169|\n|player|p2|Haymaker92|biker-gen4|\n|teamsize|p1|6\n|teamsize|p2|6\n|gen|9\n|tier|[Gen 9] Ubers\n|rule|Sleep Clause Mod: Limit one foe put to sleep\n|rule|Species Clause: Limit one of each Pok\u00e9mon\n|rule|OHKO Clause: OHKO moves are banned\n|rule|Evasion Items Clause: Evasion items are banned\n|rule|Evasion Moves Clause: Evasion moves are banned\n|rule|Endless Battle Clause: Forcing endless battles is banned\n|rule|HP Percentage Mod: HP is shown in percentages\n|clearpoke\n|poke|p1|Dondozo, M|\n|poke|p1|Chien-Pao|\n|poke|p1|Magearna|\n|poke|p1|Hawlucha, M|\n|poke|p1|Cloyster, M|\n|poke|p1|Jolteon, M|\n|poke|p2|Iron Valiant|\n|poke|p2|Ursaluna-Bloodmoon, M|\n|poke|p2|Slowbro-Galar, M|\n|poke|p2|Rotom-Heat|\n|poke|p2|Orthworm, F|\n|poke|p2|Tyranitar, F|\n|teampreview\n|inactive|Battle timer is ON: inactive players will automatically lose when time's up. (requested by Haymaker92)\n|inactive|Du-Gi-Oh has 270 seconds left.\n|\n|t:|1698284167\n|start\n|switch|p1a: Jolteon|Jolteon, M|100\/100\n|switch|p2a: Rotom|Rotom-Heat|100\/100\n|turn|1\n|\n|t:|1698284180\n|move|p2a: Rotom|Will-O-Wisp|p1a: Jolteon\n|-status|p1a: Jolteon|brn\n|move|p1a: Jolteon|Thunderbolt|p2a: Rotom\n|-resisted|p2a: Rotom\n|-damage|p2a: Rotom|79\/100\n|\n|-damage|p1a: Jolteon|95\/100 brn|[from] brn\n|upkeep\n|turn|2\n|\n|t:|1698284189\n|switch|p2a: Ursaluna|Ursaluna-Bloodmoon, M|100\/100\n|move|p1a: Jolteon|Thunderbolt|p2a: Ursaluna\n|-immune|p2a: Ursaluna\n|\n|-damage|p1a: Jolteon|89\/100 brn|[from] brn\n|upkeep\n|turn|3\n|\n|t:|1698284197\n|move|p1a: Jolteon|Protect|p1a: Jolteon\n|-singleturn|p1a: Jolteon|Protect\n|move|p2a: Ursaluna|Blood Moon|p1a: Jolteon\n|-activate|p1a: Jolteon|move: Protect\n|\n|-damage|p1a: Jolteon|83\/100 brn|[from] brn\n|upkeep\n|turn|4\n|inactive|Haymaker92 has 270 seconds left.\n|\n|t:|1698284243\n|switch|p1a: Magearna|Magearna|100\/100\n|move|p2a: Ursaluna|Tera Blast|p1a: Magearna\n|-resisted|p1a: Magearna\n|-damage|p1a: Magearna|81\/100\n|\n|-heal|p1a: Magearna|87\/100|[from] item: Leftovers\n|upkeep\n|turn|5\n|\n|t:|1698284267\n|-terastallize|p1a: Magearna|Flying\n|move|p1a: Magearna|Shift Gear|p1a: Magearna\n|-boost|p1a: Magearna|spe|2\n|-boost|p1a: Magearna|atk|1\n|move|p2a: Ursaluna|Blood Moon|p1a: Magearna\n|-damage|p1a: Magearna|13\/100\n|\n|-heal|p1a: Magearna|19\/100|[from] item: Leftovers\n|upkeep\n|turn|6\n|inactive|Haymaker92 has 240 seconds left.\n|\n|t:|1698284292\n|move|p1a: Magearna|Draining Kiss|p2a: Ursaluna\n|-damage|p2a: Ursaluna|69\/100\n|-heal|p1a: Magearna|47\/100|[from] drain|[of] p2a: Ursaluna\n|move|p2a: Ursaluna|Tera Blast|p1a: Magearna\n|-damage|p1a: Magearna|6\/100\n|\n|-heal|p1a: Magearna|12\/100|[from] item: Leftovers\n|-heal|p2a: Ursaluna|75\/100|[from] item: Leftovers\n|upkeep\n|turn|7\n|\n|t:|1698284308\n|move|p1a: Magearna|Draining Kiss|p2a: Ursaluna\n|-damage|p2a: Ursaluna|40\/100\n|-heal|p1a: Magearna|43\/100|[from] drain|[of] p2a: Ursaluna\n|move|p2a: Ursaluna|Blood Moon|p1a: Magearna\n|-damage|p1a: Magearna|0 fnt\n|faint|p1a: Magearna\n|\n|-heal|p2a: Ursaluna|46\/100|[from] item: Leftovers\n|upkeep\n|\n|t:|1698284317\n|switch|p1a: Cloyster|Cloyster, M|100\/100\n|turn|8\n|\n|t:|1698284335\n|-terastallize|p2a: Ursaluna|Electric\n|move|p1a: Cloyster|Shell Smash|p1a: Cloyster\n|-unboost|p1a: Cloyster|def|1\n|-unboost|p1a: Cloyster|spd|1\n|-boost|p1a: Cloyster|atk|2\n|-boost|p1a: Cloyster|spa|2\n|-boost|p1a: Cloyster|spe|2\n|move|p2a: Ursaluna|Tera Blast|p1a: Cloyster|[anim] Tera Blast Electric\n|-supereffective|p1a: Cloyster\n|-enditem|p1a: Cloyster|Focus Sash\n|-damage|p1a: Cloyster|1\/100\n|\n|-heal|p2a: Ursaluna|52\/100|[from] item: Leftovers\n|upkeep\n|turn|9\n|\n|t:|1698284358\n|move|p1a: Cloyster|Ice Shard|p2a: Ursaluna\n|-damage|p2a: Ursaluna|28\/100\n|move|p2a: Ursaluna|Vacuum Wave|p1a: Cloyster\n|-supereffective|p1a: Cloyster\n|-damage|p1a: Cloyster|0 fnt\n|faint|p1a: Cloyster\n|\n|-heal|p2a: Ursaluna|34\/100|[from] item: Leftovers\n|upkeep\n|\n|t:|1698284363\n|switch|p1a: Dondozo|Dondozo, M|100\/100\n|turn|10\n|inactive|Haymaker92 has 270 seconds left.\n|\n|t:|1698284374\n|move|p2a: Ursaluna|Moonlight|p2a: Ursaluna\n|-heal|p2a: Ursaluna|84\/100\n|move|p1a: Dondozo|Liquidation|p2a: Ursaluna\n|-damage|p2a: Ursaluna|63\/100\n|\n|-heal|p2a: Ursaluna|69\/100|[from] item: Leftovers\n|upkeep\n|turn|11\n|inactive|Haymaker92 has 270 seconds left.\n|\n|t:|1698284383\n|move|p2a: Ursaluna|Tera Blast|p1a: Dondozo|[anim] Tera Blast Electric\n|-supereffective|p1a: Dondozo\n|-damage|p1a: Dondozo|11\/100\n|move|p1a: Dondozo|Yawn|p2a: Ursaluna\n|-start|p2a: Ursaluna|move: Yawn|[of] p1a: Dondozo\n|\n|-heal|p2a: Ursaluna|75\/100|[from] item: Leftovers\n|upkeep\n|turn|12\n|inactive|Haymaker92 has 270 seconds left.\n|\n|t:|1698284396\n|move|p2a: Ursaluna|Tera Blast|p1a: Dondozo|[anim] Tera Blast Electric\n|-supereffective|p1a: Dondozo\n|-damage|p1a: Dondozo|0 fnt\n|faint|p1a: Dondozo\n|\n|-heal|p2a: Ursaluna|81\/100|[from] item: Leftovers\n|-end|p2a: Ursaluna|move: Yawn|[silent]\n|-status|p2a: Ursaluna|slp\n|upkeep\n|\n|t:|1698284414\n|switch|p1a: Hawlucha|Hawlucha, M|100\/100\n|turn|13\n|\n|t:|1698284419\n|move|p1a: Hawlucha|Close Combat|p2a: Ursaluna\n|-damage|p2a: Ursaluna|44\/100 slp\n|-unboost|p1a: Hawlucha|def|1\n|-unboost|p1a: Hawlucha|spd|1\n|-enditem|p1a: Hawlucha|White Herb\n|-clearnegativeboost|p1a: Hawlucha|[silent]\n|cant|p2a: Ursaluna|slp\n|\n|-heal|p2a: Ursaluna|50\/100 slp|[from] item: Leftovers\n|upkeep\n|turn|14\n|\n|t:|1698284427\n|move|p1a: Hawlucha|Acrobatics|p2a: Ursaluna\n|-resisted|p2a: Ursaluna\n|-damage|p2a: Ursaluna|34\/100 slp\n|cant|p2a: Ursaluna|slp\n|\n|-heal|p2a: Ursaluna|40\/100 slp|[from] item: Leftovers\n|upkeep\n|turn|15\n|\n|t:|1698284432\n|move|p1a: Hawlucha|Close Combat|p2a: Ursaluna\n|-damage|p2a: Ursaluna|1\/100 slp\n|-unboost|p1a: Hawlucha|def|1\n|-unboost|p1a: Hawlucha|spd|1\n|cant|p2a: Ursaluna|slp\n|\n|-heal|p2a: Ursaluna|7\/100 slp|[from] item: Leftovers\n|upkeep\n|turn|16\n|\n|t:|1698284439\n|-curestatus|p2a: Ursaluna|slp|[msg]\n|move|p2a: Ursaluna|Vacuum Wave|p1a: Hawlucha\n|-resisted|p1a: Hawlucha\n|-damage|p1a: Hawlucha|82\/100\n|move|p1a: Hawlucha|Acrobatics|p2a: Ursaluna\n|-resisted|p2a: Ursaluna\n|-damage|p2a: Ursaluna|0 fnt\n|faint|p2a: Ursaluna\n|\n|upkeep\n|\n|t:|1698284444\n|switch|p2a: Rotom|Rotom-Heat|79\/100\n|turn|17\n|\n|t:|1698284456\n|switch|p1a: Jolteon|Jolteon, M|83\/100 brn\n|move|p2a: Rotom|Overheat|p1a: Jolteon|[miss]\n|-miss|p2a: Rotom|p1a: Jolteon\n|\n|-damage|p1a: Jolteon|77\/100 brn|[from] brn\n|upkeep\n|turn|18\n|\n|t:|1698284465\n|move|p2a: Rotom|Overheat|p1a: Jolteon\n|-damage|p1a: Jolteon|13\/100 brn\n|-unboost|p2a: Rotom|spa|2\n|-enditem|p1a: Jolteon|Red Card|[of] p2a: Rotom\n|drag|p2a: Iron Valiant|Iron Valiant|100\/100\n|-enditem|p2a: Iron Valiant|Booster Energy\n|-activate|p2a: Iron Valiant|ability: Quark Drive|[fromitem]\n|-start|p2a: Iron Valiant|quarkdrivespe\n|move|p1a: Jolteon|Wish|p1a: Jolteon\n|\n|-damage|p1a: Jolteon|7\/100 brn|[from] brn\n|upkeep\n|turn|19\n|\n|t:|1698284478\n|move|p1a: Jolteon|Protect|p1a: Jolteon\n|-singleturn|p1a: Jolteon|Protect\n|move|p2a: Iron Valiant|Drain Punch|p1a: Jolteon\n|-activate|p1a: Jolteon|move: Protect\n|\n|-heal|p1a: Jolteon|57\/100 brn|[from] move: Wish|[wisher] Jolteon\n|-damage|p1a: Jolteon|51\/100 brn|[from] brn\n|upkeep\n|turn|20\n|\n|t:|1698284493\n|move|p2a: Iron Valiant|Swords Dance|p2a: Iron Valiant\n|-boost|p2a: Iron Valiant|atk|2\n|move|p1a: Jolteon|Thunder Wave|p2a: Iron Valiant\n|-status|p2a: Iron Valiant|par\n|\n|-damage|p1a: Jolteon|45\/100 brn|[from] brn\n|upkeep\n|turn|21\n|\n|t:|1698284501\n|move|p1a: Jolteon|Thunderbolt|p2a: Iron Valiant\n|-damage|p2a: Iron Valiant|34\/100 par\n|move|p2a: Iron Valiant|Drain Punch|p1a: Jolteon\n|-damage|p1a: Jolteon|0 fnt\n|-heal|p2a: Iron Valiant|60\/100 par|[from] drain|[of] p1a: Jolteon\n|faint|p1a: Jolteon\n|\n|upkeep\n|\n|t:|1698284510\n|switch|p1a: Chien-Pao|Chien-Pao|100\/100\n|-ability|p1a: Chien-Pao|Sword of Ruin\n|turn|22\n|\n|t:|1698284524\n|move|p1a: Chien-Pao|Icicle Crash|p2a: Iron Valiant\n|-damage|p2a: Iron Valiant|0 fnt\n|faint|p2a: Iron Valiant\n|-end|p2a: Iron Valiant|Quark Drive|[silent]\n|\n|upkeep\n|\n|t:|1698284530\n|switch|p2a: Rotom|Rotom-Heat|79\/100\n|turn|23\n|\n|t:|1698284536\n|switch|p1a: Hawlucha|Hawlucha, M|82\/100\n|move|p2a: Rotom|Overheat|p1a: Hawlucha\n|-damage|p1a: Hawlucha|0 fnt\n|-unboost|p2a: Rotom|spa|2\n|faint|p1a: Hawlucha\n|\n|upkeep\n|\n|t:|1698284538\n|switch|p1a: Chien-Pao|Chien-Pao|100\/100\n|-ability|p1a: Chien-Pao|Sword of Ruin\n|turn|24\n|inactive|Du-Gi-Oh has 270 seconds left.\n|\n|t:|1698284578\n|switch|p2a: Orthworm|Orthworm, F|100\/100\n|move|p1a: Chien-Pao|Icicle Crash|p2a: Orthworm\n|-resisted|p2a: Orthworm\n|-damage|p2a: Orthworm|86\/100\n|\n|upkeep\n|turn|25\n|\n|t:|1698284589\n|move|p1a: Chien-Pao|Icicle Crash|p2a: Orthworm\n|-resisted|p2a: Orthworm\n|-damage|p2a: Orthworm|70\/100\n|cant|p2a: Orthworm|flinch\n|\n|upkeep\n|turn|26\n|\n|t:|1698284593\n|move|p1a: Chien-Pao|Icicle Crash|p2a: Orthworm|[miss]\n|-miss|p1a: Chien-Pao|p2a: Orthworm\n|move|p2a: Orthworm|Body Press|p1a: Chien-Pao\n|-supereffective|p1a: Chien-Pao\n|-damage|p1a: Chien-Pao|0 fnt\n|faint|p1a: Chien-Pao\n|\n|win|Haymaker92\n","uploadtime":1698284609,"views":12,"p1id":"dugioh","p2id":"haymaker92","formatid":"gen9ubers","rating":0,"private":0,"password":""}