{"id":"gen9ubers-1976744813","p1":"FrostyRandom02","p2":"DumbassGaming","format":"[Gen 9] Ubers","log":"|j|\u2606FrostyRandom02\n|j|\u2606DumbassGaming\n|t:|1698337981\n|gametype|singles\n|player|p1|FrostyRandom02|riley|\n|player|p2|DumbassGaming|clown|\n|teamsize|p1|6\n|teamsize|p2|6\n|gen|9\n|tier|[Gen 9] Ubers\n|rule|Sleep Clause Mod: Limit one foe put to sleep\n|rule|Species Clause: Limit one of each Pok\u00e9mon\n|rule|OHKO Clause: OHKO moves are banned\n|rule|Evasion Items Clause: Evasion items are banned\n|rule|Evasion Moves Clause: Evasion moves are banned\n|rule|Endless Battle Clause: Forcing endless battles is banned\n|rule|HP Percentage Mod: HP is shown in percentages\n|clearpoke\n|poke|p1|Okidogi, M|\n|poke|p1|Cyclizar, M|\n|poke|p1|Chi-Yu|\n|poke|p1|Espathra, M|\n|poke|p1|Rillaboom, F|\n|poke|p1|Zacian-*|\n|poke|p2|Zacian-*|\n|poke|p2|Palkia-Origin|\n|poke|p2|Arceus-Fire|\n|poke|p2|Zamazenta-*|\n|poke|p2|Shaymin-Sky|\n|poke|p2|Cyclizar, M|\n|teampreview\n|inactive|Battle timer is ON: inactive players will automatically lose when time's up. (requested by DumbassGaming)\n|c|\u2606DumbassGaming|GLHF\n|c|\u2606FrostyRandom02|u2\n|\n|t:|1698338000\n|start\n|switch|p1a: Cyclizar|Cyclizar, M|100\/100\n|switch|p2a: Cyclizar|Cyclizar, M|100\/100\n|turn|1\n|\n|t:|1698338005\n|move|p2a: Cyclizar|Taunt|p1a: Cyclizar\n|-start|p1a: Cyclizar|move: Taunt\n|move|p1a: Cyclizar|Knock Off|p2a: Cyclizar\n|-damage|p2a: Cyclizar|72\/100\n|-enditem|p2a: Cyclizar|Heavy-Duty Boots|[from] move: Knock Off|[of] p1a: Cyclizar\n|\n|upkeep\n|turn|2\n|\n|t:|1698338008\n|move|p2a: Cyclizar|Shed Tail|p2a: Cyclizar\n|-start|p2a: Cyclizar|Substitute|[from] move: Shed Tail\n|-damage|p2a: Cyclizar|22\/100\n|\n|t:|1698338016\n|switch|p2a: Zamazenta|Zamazenta|100\/100|[from] Shed Tail\n|-ability|p2a: Zamazenta|Dauntless Shield|boost\n|-boost|p2a: Zamazenta|def|1\n|move|p1a: Cyclizar|U-turn|p2a: Zamazenta\n|-resisted|p2a: Zamazenta\n|-activate|p2a: Zamazenta|move: Substitute|[damage]\n|\n|t:|1698338028\n|switch|p1a: Okidogi|Okidogi, M|100\/100|[from] U-turn\n|\n|upkeep\n|turn|3\n|j| Cw1999\n|\n|t:|1698338034\n|move|p2a: Zamazenta|Play Rough|p1a: Okidogi\n|-damage|p1a: Okidogi|67\/100\n|move|p1a: Okidogi|Bulk Up|p1a: Okidogi\n|-boost|p1a: Okidogi|atk|1\n|-boost|p1a: Okidogi|def|1\n|\n|-heal|p1a: Okidogi|73\/100|[from] item: Leftovers\n|upkeep\n|turn|4\n|\n|t:|1698338040\n|move|p2a: Zamazenta|Play Rough|p1a: Okidogi\n|-damage|p1a: Okidogi|48\/100\n|move|p1a: Okidogi|Bulk Up|p1a: Okidogi\n|-boost|p1a: Okidogi|atk|1\n|-boost|p1a: Okidogi|def|1\n|\n|-heal|p1a: Okidogi|54\/100|[from] item: Leftovers\n|upkeep\n|turn|5\n|\n|t:|1698338045\n|move|p2a: Zamazenta|Play Rough|p1a: Okidogi\n|-damage|p1a: Okidogi|35\/100\n|move|p1a: Okidogi|Poison Jab|p2a: Zamazenta\n|-end|p2a: Zamazenta|Substitute\n|\n|-heal|p1a: Okidogi|41\/100|[from] item: Leftovers\n|upkeep\n|turn|6\n|\n|t:|1698338052\n|switch|p2a: Arceus|Arceus-Fire|100\/100\n|move|p1a: Okidogi|Drain Punch|p2a: Arceus\n|-damage|p2a: Arceus|53\/100\n|-heal|p1a: Okidogi|65\/100|[from] drain|[of] p2a: Arceus\n|\n|-heal|p1a: Okidogi|71\/100|[from] item: Leftovers\n|upkeep\n|turn|7\n|\n|t:|1698338061\n|move|p2a: Arceus|Dragon Dance|p2a: Arceus\n|-boost|p2a: Arceus|atk|1\n|-boost|p2a: Arceus|spe|1\n|move|p1a: Okidogi|Bulk Up|p1a: Okidogi\n|-boost|p1a: Okidogi|atk|1\n|-boost|p1a: Okidogi|def|1\n|\n|-heal|p1a: Okidogi|77\/100|[from] item: Leftovers\n|upkeep\n|turn|8\n|\n|t:|1698338065\n|move|p2a: Arceus|Recover|p2a: Arceus\n|-heal|p2a: Arceus|100\/100\n|move|p1a: Okidogi|Drain Punch|p2a: Arceus\n|-damage|p2a: Arceus|38\/100\n|-heal|p1a: Okidogi|100\/100|[from] drain|[of] p2a: Arceus\n|\n|upkeep\n|turn|9\n|\n|t:|1698338069\n|move|p2a: Arceus|Flare Blitz|p1a: Okidogi\n|-damage|p1a: Okidogi|60\/100\n|-damage|p2a: Arceus|25\/100|[from] Recoil\n|move|p1a: Okidogi|Poison Jab|p2a: Arceus\n|-damage|p2a: Arceus|0 fnt\n|faint|p2a: Arceus\n|\n|-heal|p1a: Okidogi|66\/100|[from] item: Leftovers\n|upkeep\n|\n|t:|1698338072\n|switch|p2a: Palkia|Palkia-Origin|100\/100\n|-ability|p2a: Palkia|Pressure\n|turn|10\n|\n|t:|1698338076\n|move|p2a: Palkia|Earth Power|p1a: Okidogi\n|-supereffective|p1a: Okidogi\n|-damage|p1a: Okidogi|20\/100\n|-unboost|p1a: Okidogi|spd|1\n|move|p1a: Okidogi|Drain Punch|p2a: Palkia\n|-damage|p2a: Palkia|13\/100\n|-heal|p1a: Okidogi|57\/100|[from] drain|[of] p2a: Palkia\n|\n|-heal|p1a: Okidogi|63\/100|[from] item: Leftovers\n|upkeep\n|turn|11\n|\n|t:|1698338086\n|switch|p1a: Rillaboom|Rillaboom, F|100\/100\n|-fieldstart|move: Grassy Terrain|[from] ability: Grassy Surge|[of] p1a: Rillaboom\n|move|p2a: Palkia|Earth Power|p1a: Rillaboom\n|-resisted|p1a: Rillaboom\n|-damage|p1a: Rillaboom|80\/100\n|\n|-heal|p2a: Palkia|19\/100|[from] Grassy Terrain\n|-heal|p1a: Rillaboom|86\/100|[from] Grassy Terrain\n|upkeep\n|turn|12\n|\n|t:|1698338090\n|move|p1a: Rillaboom|Grassy Glide|p2a: Palkia\n|-damage|p2a: Palkia|0 fnt\n|faint|p2a: Palkia\n|\n|-heal|p1a: Rillaboom|93\/100|[from] Grassy Terrain\n|upkeep\n|\n|t:|1698338094\n|switch|p2a: Zamazenta|Zamazenta|100\/100\n|turn|13\n|\n|t:|1698338113\n|switch|p1a: Cyclizar|Cyclizar, M|100\/100\n|move|p2a: Zamazenta|Iron Head|p1a: Cyclizar\n|-damage|p1a: Cyclizar|48\/100\n|\n|-heal|p1a: Cyclizar|54\/100|[from] Grassy Terrain\n|upkeep\n|turn|14\n|\n|t:|1698338125\n|move|p2a: Zamazenta|Iron Head|p1a: Cyclizar\n|-damage|p1a: Cyclizar|0 fnt\n|faint|p1a: Cyclizar\n|\n|upkeep\n|\n|t:|1698338128\n|switch|p1a: Espathra|Espathra, M|100\/100\n|-enditem|p1a: Espathra|Grassy Seed\n|-boost|p1a: Espathra|def|1|[from] item: Grassy Seed\n|turn|15\n|\n|t:|1698338131\n|move|p2a: Zamazenta|Iron Head|p1a: Espathra\n|-damage|p1a: Espathra|74\/100\n|move|p1a: Espathra|Calm Mind|p1a: Espathra\n|-boost|p1a: Espathra|spa|1\n|-boost|p1a: Espathra|spd|1\n|\n|-heal|p1a: Espathra|80\/100|[from] Grassy Terrain\n|-fieldend|move: Grassy Terrain\n|-ability|p1a: Espathra|Speed Boost|boost\n|-boost|p1a: Espathra|spe|1\n|upkeep\n|turn|16\n|\n|t:|1698338139\n|move|p1a: Espathra|Calm Mind|p1a: Espathra\n|-boost|p1a: Espathra|spa|1\n|-boost|p1a: Espathra|spd|1\n|move|p2a: Zamazenta|Iron Head|p1a: Espathra\n|-damage|p1a: Espathra|54\/100\n|\n|-ability|p1a: Espathra|Speed Boost|boost\n|-boost|p1a: Espathra|spe|1\n|upkeep\n|turn|17\n|\n|t:|1698338141\n|move|p1a: Espathra|Stored Power|p2a: Zamazenta\n|-supereffective|p2a: Zamazenta\n|-damage|p2a: Zamazenta|0 fnt\n|faint|p2a: Zamazenta\n|\n|-ability|p1a: Espathra|Speed Boost|boost\n|-boost|p1a: Espathra|spe|1\n|upkeep\n|\n|t:|1698338145\n|switch|p2a: Zacian|Zacian|100\/100\n|-ability|p2a: Zacian|Intrepid Sword|boost\n|-boost|p2a: Zacian|atk|1\n|turn|18\n|\n|t:|1698338154\n|-terastallize|p2a: Zacian|Steel\n|move|p1a: Espathra|Stored Power|p2a: Zacian\n|-resisted|p2a: Zacian\n|-damage|p2a: Zacian|44\/100\n|move|p2a: Zacian|Crunch|p1a: Espathra\n|-supereffective|p1a: Espathra\n|-damage|p1a: Espathra|0 fnt\n|faint|p1a: Espathra\n|-damage|p2a: Zacian|34\/100|[from] item: Life Orb\n|\n|upkeep\n|\n|t:|1698338161\n|switch|p1a: Chi-Yu|Chi-Yu|100\/100\n|-ability|p1a: Chi-Yu|Beads of Ruin\n|turn|19\n|\n|t:|1698338165\n|move|p1a: Chi-Yu|Fire Blast|p2a: Zacian\n|-supereffective|p2a: Zacian\n|-damage|p2a: Zacian|0 fnt\n|faint|p2a: Zacian\n|\n|upkeep\n|\n|t:|1698338167\n|switch|p2a: Cyclizar|Cyclizar, M|55\/100\n|turn|20\n|\n|t:|1698338169\n|move|p1a: Chi-Yu|Fire Blast|p2a: Cyclizar\n|-resisted|p2a: Cyclizar\n|-damage|p2a: Cyclizar|0 fnt\n|faint|p2a: Cyclizar\n|\n|upkeep\n|\n|t:|1698338171\n|switch|p2a: Shaymin|Shaymin-Sky|100\/100\n|turn|21\n|\n|t:|1698338174\n|move|p1a: Chi-Yu|Fire Blast|p2a: Shaymin|[miss]\n|-miss|p1a: Chi-Yu|p2a: Shaymin\n|move|p2a: Shaymin|Earth Power|p1a: Chi-Yu\n|-supereffective|p1a: Chi-Yu\n|-damage|p1a: Chi-Yu|0 fnt\n|faint|p1a: Chi-Yu\n|\n|upkeep\n|c|\u2606DumbassGaming|gg\n|\n|t:|1698338179\n|switch|p1a: Zacian|Zacian|100\/100\n|-ability|p1a: Zacian|Intrepid Sword|boost\n|-boost|p1a: Zacian|atk|1\n|turn|22\n|\n|t:|1698338186\n|-terastallize|p1a: Zacian|Fire\n|move|p1a: Zacian|Tera Blast|p2a: Shaymin|[anim] Tera Blast Fire\n|-supereffective|p2a: Shaymin\n|-damage|p2a: Shaymin|0 fnt\n|faint|p2a: Shaymin\n|\n|win|FrostyRandom02\n|c|\u2606FrostyRandom02|gg\n|c|\u2606DumbassGaming|rematch?\n|c|\u2606FrostyRandom02|Lemme upload the replay to the vod channel then yes\n","uploadtime":1698338205,"views":23,"p1id":"frostyrandom02","p2id":"dumbassgaming","formatid":"gen9ubers","rating":0,"private":0,"password":""}