{"id":"gen9ubers-1987527823","p1":"Pickedman","p2":"Flameorbjolt","format":"[Gen 9] Ubers","log":"|j|\u2606Pickedman\n|j|\u2606Flameorbjolt\n|t:|1699606977\n|gametype|singles\n|player|p1|Pickedman|zinnia|\n|player|p2|Flameorbjolt|cheren-gen5bw2|\n|teamsize|p1|6\n|teamsize|p2|6\n|gen|9\n|tier|[Gen 9] Ubers\n|rule|Sleep Clause Mod: Limit one foe put to sleep\n|rule|Species Clause: Limit one of each Pok\u00e9mon\n|rule|OHKO Clause: OHKO moves are banned\n|rule|Evasion Items Clause: Evasion items are banned\n|rule|Evasion Moves Clause: Evasion moves are banned\n|rule|Endless Battle Clause: Forcing endless battles is banned\n|rule|HP Percentage Mod: HP is shown in percentages\n|clearpoke\n|poke|p1|Falinks|\n|poke|p1|Darkrai|\n|poke|p1|Calyrex-Ice|\n|poke|p1|Annihilape, F|\n|poke|p1|Hatterene, F|\n|poke|p1|Moltres|\n|poke|p2|Alomomola, F|\n|poke|p2|Mightyena, F|\n|poke|p2|Zoroark-Hisui, F|\n|poke|p2|Amoonguss, F|\n|poke|p2|Weezing-Galar, M|\n|poke|p2|Slowking-Galar, F|\n|teampreview\n|\n|t:|1699606998\n|start\n|switch|p1a: Annihilape|Annihilape, F|100\/100\n|switch|p2a: Mightyena|Mightyena, F|100\/100\n|turn|1\n|\n|t:|1699607021\n|move|p2a: Mightyena|Nasty Plot|p2a: Mightyena\n|-boost|p2a: Mightyena|spa|2\n|move|p1a: Annihilape|Stealth Rock|p2a: Mightyena\n|-sidestart|p2: Flameorbjolt|move: Stealth Rock\n|\n|-status|p2a: Mightyena|brn|[from] item: Flame Orb\n|upkeep\n|turn|2\n|\n|t:|1699607029\n|move|p2a: Mightyena|Dark Pulse|p1a: Annihilape\n|-crit|p1a: Annihilape\n|-damage|p1a: Annihilape|49\/100\n|cant|p1a: Annihilape|flinch\n|\n|-heal|p1a: Annihilape|55\/100|[from] item: Leftovers\n|-damage|p2a: Mightyena|94\/100 brn|[from] brn\n|upkeep\n|turn|3\n|\n|t:|1699607036\n|move|p2a: Mightyena|Nasty Plot|p2a: Mightyena\n|-boost|p2a: Mightyena|spa|2\n|move|p1a: Annihilape|Final Gambit|p2a: Mightyena\n|-damage|p2a: Mightyena|12\/100 brn\n|faint|p1a: Annihilape\n|\n|-damage|p2a: Mightyena|5\/100 brn|[from] brn\n|upkeep\n|\n|t:|1699607051\n|switch|p1a: Darkrai|Darkrai|100\/100\n|turn|4\n|\n|t:|1699607057\n|move|p2a: Mightyena|Dark Pulse|p1a: Darkrai\n|-resisted|p1a: Darkrai\n|-damage|p1a: Darkrai|52\/100\n|move|p1a: Darkrai|Knock Off|p2a: Mightyena\n|-resisted|p2a: Mightyena\n|-damage|p2a: Mightyena|0 fnt\n|-enditem|p2a: Mightyena|Flame Orb|[from] move: Knock Off|[of] p1a: Darkrai\n|faint|p2a: Mightyena\n|\n|-heal|p1a: Darkrai|59\/100|[from] item: Leftovers\n|upkeep\n|\n|t:|1699607066\n|switch|p2a: Weezing|Weezing-Galar, M|100\/100\n|-damage|p2a: Weezing|88\/100|[from] Stealth Rock\n|turn|5\n|\n|t:|1699607073\n|switch|p1a: Moltres|Moltres|100\/100\n|move|p2a: Weezing|Strange Steam|p1a: Moltres\n|-resisted|p1a: Moltres\n|-damage|p1a: Moltres|88\/100\n|\n|-heal|p2a: Weezing|94\/100|[from] item: Leftovers\n|upkeep\n|turn|6\n|\n|t:|1699607080\n|move|p1a: Moltres|U-turn|p2a: Weezing\n|-resisted|p2a: Weezing\n|-damage|p2a: Weezing|91\/100\n|\n|t:|1699607084\n|switch|p1a: Falinks|Falinks|100\/100|[from] U-turn\n|move|p2a: Weezing|Defog|p1a: Falinks\n|-unboost|p1a: Falinks|evasion|1\n|-sideend|p2: Flameorbjolt|Stealth Rock|[from] move: Defog|[of] p2a: Weezing\n|\n|-heal|p2a: Weezing|97\/100|[from] item: Leftovers\n|upkeep\n|turn|7\n|\n|t:|1699607115\n|move|p1a: Falinks|No Retreat|p1a: Falinks\n|-boost|p1a: Falinks|atk|1\n|-boost|p1a: Falinks|def|1\n|-boost|p1a: Falinks|spa|1\n|-boost|p1a: Falinks|spd|1\n|-boost|p1a: Falinks|spe|1\n|-start|p1a: Falinks|move: No Retreat\n|move|p2a: Weezing|Strange Steam|p1a: Falinks\n|-supereffective|p1a: Falinks\n|-damage|p1a: Falinks|21\/100\n|\n|-heal|p2a: Weezing|100\/100|[from] item: Leftovers\n|upkeep\n|turn|8\n|\n|t:|1699607123\n|move|p1a: Falinks|Uproar|p2a: Weezing\n|-damage|p2a: Weezing|50\/100\n|-start|p1a: Falinks|Uproar\n|-enditem|p1a: Falinks|Throat Spray\n|-boost|p1a: Falinks|spa|1|[from] item: Throat Spray\n|move|p2a: Weezing|Strange Steam|p1a: Falinks\n|-supereffective|p1a: Falinks\n|-damage|p1a: Falinks|0 fnt\n|faint|p1a: Falinks\n|\n|-heal|p2a: Weezing|56\/100|[from] item: Leftovers\n|upkeep\n|\n|t:|1699607131\n|switch|p1a: Hatterene|Hatterene, F|100\/100\n|turn|9\n|c|\u2606Flameorbjolt|UPROAR??????\n|\n|t:|1699607135\n|move|p2a: Weezing|Sludge Bomb|p1a: Hatterene\n|-supereffective|p1a: Hatterene\n|-damage|p1a: Hatterene|12\/100\n|move|p1a: Hatterene|Swords Dance|p1a: Hatterene\n|-boost|p1a: Hatterene|atk|2\n|\n|-heal|p2a: Weezing|62\/100|[from] item: Leftovers\n|-heal|p1a: Hatterene|18\/100|[from] item: Leftovers\n|upkeep\n|turn|10\n|\n|t:|1699607139\n|switch|p1a: Moltres|Moltres|88\/100\n|move|p2a: Weezing|Sludge Bomb|p1a: Moltres\n|-damage|p1a: Moltres|60\/100\n|\n|-heal|p2a: Weezing|68\/100|[from] item: Leftovers\n|upkeep\n|turn|11\n|c|\u2606Flameorbjolt|Blud thinks hes xin\n|c|\u2606Pickedman|damn weezing fr puts this team in a pack hold on\n|\n|t:|1699607176\n|switch|p2a: Alomomola|Alomomola, F|100\/100\n|move|p1a: Moltres|Roost|p1a: Moltres\n|-heal|p1a: Moltres|100\/100\n|-singleturn|p1a: Moltres|move: Roost\n|\n|upkeep\n|turn|12\n|\n|t:|1699607250\n|move|p1a: Moltres|U-turn|p2a: Alomomola\n|-damage|p2a: Alomomola|91\/100\n|\n|t:|1699607254\n|switch|p1a: Hatterene|Hatterene, F|18\/100|[from] U-turn\n|move|p2a: Alomomola|Wish|p2a: Alomomola\n|\n|-heal|p2a: Alomomola|97\/100|[from] item: Leftovers\n|-heal|p1a: Hatterene|24\/100|[from] item: Leftovers\n|upkeep\n|turn|13\n|\n|t:|1699607294\n|move|p2a: Alomomola|Scald|p1a: Hatterene\n|-damage|p1a: Hatterene|10\/100\n|move|p1a: Hatterene|Swords Dance|p1a: Hatterene\n|-boost|p1a: Hatterene|atk|2\n|\n|-heal|p2a: Alomomola|100\/100|[from] move: Wish|[wisher] Alomomola\n|-heal|p1a: Hatterene|16\/100|[from] item: Leftovers\n|upkeep\n|turn|14\n|c|\u2606Pickedman|wish pwease\n|\n|t:|1699607318\n|move|p2a: Alomomola|Scald|p1a: Hatterene\n|-damage|p1a: Hatterene|1\/100\n|move|p1a: Hatterene|Play Rough|p2a: Alomomola\n|-damage|p2a: Alomomola|69\/100\n|-unboost|p2a: Alomomola|atk|1\n|\n|-heal|p2a: Alomomola|75\/100|[from] item: Leftovers\n|-heal|p1a: Hatterene|7\/100|[from] item: Leftovers\n|upkeep\n|turn|15\n|\n|t:|1699607324\n|move|p2a: Alomomola|Scald|p1a: Hatterene\n|-damage|p1a: Hatterene|0 fnt\n|faint|p1a: Hatterene\n|\n|-heal|p2a: Alomomola|81\/100|[from] item: Leftovers\n|upkeep\n|c|\u2606Flameorbjolt|Thats si ass\n|c|\u2606Pickedman|true\n|\n|t:|1699607340\n|switch|p1a: Calyrex|Calyrex-Ice|100\/100\n|-ability|p1a: Calyrex|As One\n|-ability|p1a: Calyrex|Unnerve\n|turn|16\n|\n|t:|1699607346\n|move|p2a: Alomomola|Wish|p2a: Alomomola\n|move|p1a: Calyrex|Calm Mind|p1a: Calyrex\n|-boost|p1a: Calyrex|spa|1\n|-boost|p1a: Calyrex|spd|1\n|\n|-heal|p2a: Alomomola|88\/100|[from] item: Leftovers\n|upkeep\n|turn|17\n|\n|t:|1699607352\n|switch|p2a: Amoonguss|Amoonguss, F|100\/100\n|move|p1a: Calyrex|Calm Mind|p1a: Calyrex\n|-boost|p1a: Calyrex|spa|1\n|-boost|p1a: Calyrex|spd|1\n|\n|upkeep\n|turn|18\n|\n|t:|1699607362\n|move|p1a: Calyrex|Psyshock|p2a: Amoonguss\n|-supereffective|p2a: Amoonguss\n|-crit|p2a: Amoonguss\n|-damage|p2a: Amoonguss|0 fnt\n|faint|p2a: Amoonguss\n|-ability|p1a: Calyrex|Chilling Neigh|boost\n|-boost|p1a: Calyrex|atk|1\n|\n|upkeep\n|c|\u2606Flameorbjolt|Woah buddy stop\n|\n|t:|1699607367\n|switch|p2a: Slowking|Slowking-Galar, F|100\/100\n|turn|19\n|\n|t:|1699607377\n|-terastallize|p2a: Slowking|Flying\n|move|p1a: Calyrex|Psyshock|p2a: Slowking\n|-damage|p2a: Slowking|32\/100\n|move|p2a: Slowking|Foul Play|p1a: Calyrex\n|-supereffective|p1a: Calyrex\n|-damage|p1a: Calyrex|54\/100\n|\n|-heal|p1a: Calyrex|61\/100|[from] item: Leftovers\n|-heal|p2a: Slowking|38\/100|[from] item: Leftovers\n|upkeep\n|turn|20\n|\n|t:|1699607383\n|switch|p2a: Weezing|Weezing-Galar, M|68\/100\n|move|p1a: Calyrex|Ice Beam|p2a: Weezing\n|-damage|p2a: Weezing|0 fnt\n|faint|p2a: Weezing\n|-ability|p1a: Calyrex|Chilling Neigh|boost\n|-boost|p1a: Calyrex|atk|1\n|\n|-heal|p1a: Calyrex|67\/100|[from] item: Leftovers\n|upkeep\n|c|\u2606Flameorbjolt|Thats enough dawg\n|\n|t:|1699607392\n|switch|p2a: Alomomola|Alomomola, F|100\/100\n|turn|21\n|\n|t:|1699607396\n|move|p2a: Alomomola|Poltergeist|p1a: Calyrex\n|-activate|p1a: Calyrex|move: Poltergeist|Leftovers\n|-supereffective|p1a: Calyrex\n|-damage|p1a: Calyrex|13\/100\n|move|p1a: Calyrex|Draining Kiss|p2a: Alomomola\n|-damage|p2a: Alomomola|44\/100\n|-heal|p1a: Calyrex|39\/100|[from] drain|[of] p2a: Alomomola\n|replace|p2a: Zoroark|Zoroark-Hisui, F\n|-end|p2a: Zoroark|Illusion\n|\n|-heal|p1a: Calyrex|45\/100|[from] item: Leftovers\n|upkeep\n|turn|22\n|\n|t:|1699607408\n|-terastallize|p1a: Calyrex|Fairy\n|move|p2a: Zoroark|Poltergeist|p1a: Calyrex\n|-activate|p1a: Calyrex|move: Poltergeist|Leftovers\n|-damage|p1a: Calyrex|16\/100\n|move|p1a: Calyrex|Draining Kiss|p2a: Zoroark\n|-damage|p2a: Zoroark|0 fnt\n|-heal|p1a: Calyrex|36\/100|[from] drain|[of] p2a: Zoroark\n|faint|p2a: Zoroark\n|-ability|p1a: Calyrex|Chilling Neigh|boost\n|-boost|p1a: Calyrex|atk|1\n|\n|-heal|p1a: Calyrex|42\/100|[from] item: Leftovers\n|upkeep\n|c|\u2606Flameorbjolt|Mftw????\n|c|\u2606Flameorbjolt|DRAINING KISSS????\n|c|\u2606Pickedman|horse\n|\n|t:|1699607425\n|switch|p2a: Alomomola|Alomomola, F|100\/100\n|turn|23\n|\n|t:|1699607429\n|move|p2a: Alomomola|Scald|p1a: Calyrex\n|-damage|p1a: Calyrex|38\/100\n|-status|p1a: Calyrex|brn\n|move|p1a: Calyrex|Draining Kiss|p2a: Alomomola\n|-crit|p2a: Alomomola\n|-damage|p2a: Alomomola|8\/100\n|-heal|p1a: Calyrex|100\/100 brn|[from] drain|[of] p2a: Alomomola\n|\n|-heal|p2a: Alomomola|15\/100|[from] item: Leftovers\n|-damage|p1a: Calyrex|94\/100 brn|[from] brn\n|upkeep\n|turn|24\n|c|\u2606Flameorbjolt|HES A GOD DAMN HORSE\n|c|\u2606Pickedman|dayum\n|c|\u2606Flameorbjolt|GG\n|\n|t:|1699607439\n|move|p2a: Alomomola|Protect|p2a: Alomomola\n|-singleturn|p2a: Alomomola|Protect\n|move|p1a: Calyrex|Draining Kiss|p2a: Alomomola\n|-activate|p2a: Alomomola|move: Protect\n|\n|-heal|p2a: Alomomola|21\/100|[from] item: Leftovers\n|-heal|p1a: Calyrex|100\/100 brn|[from] item: Leftovers\n|-damage|p1a: Calyrex|94\/100 brn|[from] brn\n|upkeep\n|turn|25\n|c|\u2606Pickedman|gg\n|\n|t:|1699607442\n|move|p2a: Alomomola|Wish|p2a: Alomomola\n|move|p1a: Calyrex|Draining Kiss|p2a: Alomomola\n|-damage|p2a: Alomomola|0 fnt\n|-heal|p1a: Calyrex|100\/100 brn|[from] drain|[of] p2a: Alomomola\n|faint|p2a: Alomomola\n|-ability|p1a: Calyrex|Chilling Neigh|boost\n|-boost|p1a: Calyrex|atk|1\n|\n|-damage|p1a: Calyrex|94\/100 brn|[from] brn\n|upkeep\n|\n|t:|1699607445\n|switch|p2a: Slowking|Slowking-Galar, F, tera:Flying|71\/100\n|turn|26\n|\n|t:|1699607490\n|move|p1a: Calyrex|Ice Beam|p2a: Slowking\n|-supereffective|p2a: Slowking\n|-damage|p2a: Slowking|0 fnt\n|faint|p2a: Slowking\n|\n|win|Pickedman\n","uploadtime":1699607496,"views":31,"p1id":"pickedman","p2id":"flameorbjolt","formatid":"gen9ubers","rating":0,"private":0,"password":""}