{"id":"gen9ubers-1983214579","p1":"realnokk","p2":"jkklijkjil","format":"[Gen 9] Ubers","log":"|j|\u2606realnokk\n|j|\u2606jkklijkjil\n|t:|1699106139\n|gametype|singles\n|player|p1|realnokk|rollerskater|1000\n|player|p2|jkklijkjil|preschoolerf|1000\n|teamsize|p1|6\n|teamsize|p2|6\n|gen|9\n|tier|[Gen 9] Ubers\n|rated|\n|rule|Sleep Clause Mod: Limit one foe put to sleep\n|rule|Species Clause: Limit one of each Pok\u00e9mon\n|rule|OHKO Clause: OHKO moves are banned\n|rule|Evasion Items Clause: Evasion items are banned\n|rule|Evasion Moves Clause: Evasion moves are banned\n|rule|Endless Battle Clause: Forcing endless battles is banned\n|rule|HP Percentage Mod: HP is shown in percentages\n|clearpoke\n|poke|p1|Magearna|\n|poke|p1|Arcanine-Hisui, F|\n|poke|p1|Swadloon, M|\n|poke|p1|Pawmot, M|\n|poke|p1|Empoleon, M|\n|poke|p1|Garganacl, M|\n|poke|p2|Flutter Mane|\n|poke|p2|Koraidon|\n|poke|p2|Houndstone, F|\n|poke|p2|Ting-Lu|\n|poke|p2|Glimmora, F|\n|poke|p2|Armarouge, F|\n|teampreview\n|\n|t:|1699106154\n|start\n|switch|p1a: Swadloon|Swadloon, M|100\/100\n|switch|p2a: Glimmora|Glimmora, F|100\/100\n|turn|1\n|\n|t:|1699106163\n|move|p2a: Glimmora|Stealth Rock|p1a: Swadloon\n|-sidestart|p1: realnokk|move: Stealth Rock\n|move|p1a: Swadloon|Sticky Web|p2a: Glimmora\n|-sidestart|p2: jkklijkjil|move: Sticky Web\n|\n|upkeep\n|turn|2\n|\n|t:|1699106169\n|switch|p1a: Magearna|Magearna|100\/100\n|-damage|p1a: Magearna|94\/100|[from] Stealth Rock\n|move|p2a: Glimmora|Mortal Spin|p1a: Magearna\n|-immune|p1a: Magearna\n|\n|-heal|p1a: Magearna|100\/100|[from] item: Leftovers\n|upkeep\n|turn|3\n|\n|t:|1699106175\n|switch|p2a: Armarouge|Armarouge, F|100\/100\n|move|p1a: Magearna|Shift Gear|p1a: Magearna\n|-boost|p1a: Magearna|spe|2\n|-boost|p1a: Magearna|atk|1\n|\n|upkeep\n|turn|4\n|\n|t:|1699106182\n|-terastallize|p1a: Magearna|Water\n|move|p1a: Magearna|Calm Mind|p1a: Magearna\n|-boost|p1a: Magearna|spa|1\n|-boost|p1a: Magearna|spd|1\n|move|p2a: Armarouge|Psyshock|p1a: Magearna\n|-damage|p1a: Magearna|65\/100\n|\n|-heal|p1a: Magearna|71\/100|[from] item: Leftovers\n|upkeep\n|turn|5\n|\n|t:|1699106190\n|move|p1a: Magearna|Calm Mind|p1a: Magearna\n|-boost|p1a: Magearna|spa|1\n|-boost|p1a: Magearna|spd|1\n|move|p2a: Armarouge|Energy Ball|p1a: Magearna\n|-supereffective|p1a: Magearna\n|-damage|p1a: Magearna|44\/100\n|-unboost|p1a: Magearna|spd|1\n|\n|-heal|p1a: Magearna|50\/100|[from] item: Leftovers\n|upkeep\n|turn|6\n|\n|t:|1699106195\n|move|p1a: Magearna|Calm Mind|p1a: Magearna\n|-boost|p1a: Magearna|spa|1\n|-boost|p1a: Magearna|spd|1\n|move|p2a: Armarouge|Energy Ball|p1a: Magearna\n|-supereffective|p1a: Magearna\n|-damage|p1a: Magearna|22\/100\n|\n|-heal|p1a: Magearna|28\/100|[from] item: Leftovers\n|upkeep\n|turn|7\n|\n|t:|1699106198\n|move|p1a: Magearna|Draining Kiss|p2a: Armarouge\n|-resisted|p2a: Armarouge\n|-crit|p2a: Armarouge\n|-damage|p2a: Armarouge|39\/100\n|-heal|p1a: Magearna|75\/100|[from] drain|[of] p2a: Armarouge\n|move|p2a: Armarouge|Energy Ball|p1a: Magearna\n|-supereffective|p1a: Magearna\n|-damage|p1a: Magearna|46\/100\n|\n|-heal|p1a: Magearna|52\/100|[from] item: Leftovers\n|upkeep\n|turn|8\n|\n|t:|1699106202\n|move|p1a: Magearna|Shift Gear|p1a: Magearna\n|-boost|p1a: Magearna|spe|2\n|-boost|p1a: Magearna|atk|1\n|move|p2a: Armarouge|Energy Ball|p1a: Magearna\n|-supereffective|p1a: Magearna\n|-damage|p1a: Magearna|26\/100\n|\n|-heal|p1a: Magearna|32\/100|[from] item: Leftovers\n|upkeep\n|turn|9\n|\n|t:|1699106205\n|move|p1a: Magearna|Draining Kiss|p2a: Armarouge\n|-resisted|p2a: Armarouge\n|-damage|p2a: Armarouge|3\/100\n|-heal|p1a: Magearna|60\/100|[from] drain|[of] p2a: Armarouge\n|move|p2a: Armarouge|Energy Ball|p1a: Magearna\n|-supereffective|p1a: Magearna\n|-damage|p1a: Magearna|32\/100\n|\n|-heal|p1a: Magearna|38\/100|[from] item: Leftovers\n|upkeep\n|turn|10\n|\n|t:|1699106208\n|move|p1a: Magearna|Draining Kiss|p2a: Armarouge\n|-resisted|p2a: Armarouge\n|-damage|p2a: Armarouge|0 fnt\n|-heal|p1a: Magearna|40\/100|[from] drain|[of] p2a: Armarouge\n|faint|p2a: Armarouge\n|-ability|p1a: Magearna|Soul-Heart|boost\n|-boost|p1a: Magearna|spa|1\n|\n|-heal|p1a: Magearna|46\/100|[from] item: Leftovers\n|upkeep\n|\n|t:|1699106211\n|switch|p2a: Ting-Lu|Ting-Lu|100\/100\n|-activate|p2a: Ting-Lu|move: Sticky Web\n|-unboost|p2a: Ting-Lu|spe|1\n|-ability|p2a: Ting-Lu|Vessel of Ruin\n|turn|11\n|\n|t:|1699106216\n|-terastallize|p2a: Ting-Lu|Steel\n|move|p1a: Magearna|Draining Kiss|p2a: Ting-Lu\n|-resisted|p2a: Ting-Lu\n|-damage|p2a: Ting-Lu|84\/100\n|-heal|p1a: Magearna|64\/100|[from] drain|[of] p2a: Ting-Lu\n|move|p2a: Ting-Lu|Earthquake|p1a: Magearna\n|-damage|p1a: Magearna|18\/100\n|\n|-heal|p1a: Magearna|24\/100|[from] item: Leftovers\n|upkeep\n|turn|12\n|\n|t:|1699106223\n|move|p1a: Magearna|Stored Power|p2a: Ting-Lu\n|-resisted|p2a: Ting-Lu\n|-damage|p2a: Ting-Lu|24\/100\n|move|p2a: Ting-Lu|Earthquake|p1a: Magearna\n|-damage|p1a: Magearna|0 fnt\n|faint|p1a: Magearna\n|\n|upkeep\n|\n|t:|1699106232\n|switch|p1a: Hard|Pawmot, M|100\/100\n|-damage|p1a: Hard|94\/100|[from] Stealth Rock\n|turn|13\n|\n|t:|1699106236\n|move|p1a: Hard|Revival Blessing|p1a: Hard\n|-enditem|p1a: Hard|Leppa Berry|[eat]\n|-activate|p1a: Hard|item: Leppa Berry|Revival Blessing|[consumed]\n|\n|t:|1699106238\n|-heal|p1: Magearna|50\/100|[from] move: Revival Blessing\n|move|p2a: Ting-Lu|Earthquake|p1a: Hard\n|-supereffective|p1a: Hard\n|-damage|p1a: Hard|0 fnt\n|faint|p1a: Hard\n|\n|upkeep\n|\n|t:|1699106242\n|switch|p1a: Arcanine|Arcanine-Hisui, F|100\/100\n|-damage|p1a: Arcanine|76\/100|[from] Stealth Rock\n|turn|14\n|\n|t:|1699106245\n|move|p1a: Arcanine|Flare Blitz|p2a: Ting-Lu\n|-supereffective|p2a: Ting-Lu\n|-damage|p2a: Ting-Lu|0 fnt\n|faint|p2a: Ting-Lu\n|\n|upkeep\n|\n|t:|1699106248\n|switch|p2a: Glimmora|Glimmora, F|100\/100\n|-activate|p2a: Glimmora|move: Sticky Web\n|-unboost|p2a: Glimmora|spe|1\n|turn|15\n|\n|t:|1699106252\n|switch|p1a: Magearna|Magearna|50\/100\n|-damage|p1a: Magearna|44\/100|[from] Stealth Rock\n|move|p2a: Glimmora|Earth Power|p1a: Magearna\n|-supereffective|p1a: Magearna\n|-damage|p1a: Magearna|0 fnt\n|faint|p1a: Magearna\n|\n|upkeep\n|\n|t:|1699106260\n|switch|p1a: Knight|Empoleon, M|100\/100\n|-damage|p1a: Knight|94\/100|[from] Stealth Rock\n|turn|16\n|\n|t:|1699106264\n|switch|p2a: Koraidon|Koraidon|100\/100\n|-activate|p2a: Koraidon|move: Sticky Web\n|-unboost|p2a: Koraidon|spe|1\n|-weather|SunnyDay|[from] ability: Orichalcum Pulse|[of] p2a: Koraidon\n|-activate|p2a: Koraidon|Orichalcum Pulse|[source]\n|move|p1a: Knight|Surf|p2a: Koraidon\n|-resisted|p2a: Koraidon\n|-damage|p2a: Koraidon|89\/100\n|\n|-weather|SunnyDay|[upkeep]\n|upkeep\n|turn|17\n|\n|t:|1699106272\n|move|p2a: Koraidon|Collision Course|p1a: Knight\n|-supereffective|p1a: Knight\n|-damage|p1a: Knight|0 fnt\n|faint|p1a: Knight\n|-damage|p2a: Koraidon|79\/100|[from] item: Life Orb\n|\n|-weather|SunnyDay|[upkeep]\n|upkeep\n|\n|t:|1699106277\n|switch|p1a: Swadloon|Swadloon, M|100\/100\n|-damage|p1a: Swadloon|76\/100|[from] Stealth Rock\n|turn|18\n|\n|t:|1699106283\n|switch|p2a: Glimmora|Glimmora, F|100\/100\n|-activate|p2a: Glimmora|move: Sticky Web\n|-unboost|p2a: Glimmora|spe|1\n|move|p1a: Swadloon|Giga Drain|p2a: Glimmora\n|-damage|p2a: Glimmora|82\/100\n|-heal|p1a: Swadloon|85\/100|[from] drain|[of] p2a: Glimmora\n|\n|-weather|SunnyDay|[upkeep]\n|upkeep\n|turn|19\n|\n|t:|1699106291\n|switch|p1a: Garganacl|Garganacl, M|100\/100\n|-damage|p1a: Garganacl|88\/100|[from] Stealth Rock\n|move|p2a: Glimmora|Mortal Spin|p1a: Garganacl\n|-resisted|p1a: Garganacl\n|-damage|p1a: Garganacl|86\/100\n|-sideend|p2: jkklijkjil|Sticky Web|[from] move: Mortal Spin|[of] p2a: Glimmora\n|\n|-weather|SunnyDay|[upkeep]\n|-heal|p1a: Garganacl|92\/100|[from] item: Leftovers\n|upkeep\n|turn|20\n|\n|t:|1699106297\n|move|p2a: Glimmora|Spikes|p1a: Garganacl\n|-sidestart|p1: realnokk|Spikes\n|move|p1a: Garganacl|Iron Defense|p1a: Garganacl\n|-boost|p1a: Garganacl|def|2\n|\n|-weather|none\n|-heal|p1a: Garganacl|99\/100|[from] item: Leftovers\n|upkeep\n|turn|21\n|\n|t:|1699106304\n|move|p2a: Glimmora|Earth Power|p1a: Garganacl\n|-supereffective|p1a: Garganacl\n|-damage|p1a: Garganacl|54\/100\n|move|p1a: Garganacl|Iron Defense|p1a: Garganacl\n|-boost|p1a: Garganacl|def|2\n|\n|-heal|p1a: Garganacl|60\/100|[from] item: Leftovers\n|upkeep\n|turn|22\n|\n|t:|1699106307\n|move|p2a: Glimmora|Earth Power|p1a: Garganacl\n|-supereffective|p1a: Garganacl\n|-damage|p1a: Garganacl|17\/100\n|move|p1a: Garganacl|Recover|p1a: Garganacl\n|-heal|p1a: Garganacl|67\/100\n|\n|-heal|p1a: Garganacl|73\/100|[from] item: Leftovers\n|upkeep\n|turn|23\n|\n|t:|1699106311\n|move|p2a: Glimmora|Earth Power|p1a: Garganacl\n|-supereffective|p1a: Garganacl\n|-damage|p1a: Garganacl|36\/100\n|move|p1a: Garganacl|Recover|p1a: Garganacl\n|-heal|p1a: Garganacl|86\/100\n|\n|-heal|p1a: Garganacl|92\/100|[from] item: Leftovers\n|upkeep\n|turn|24\n|\n|t:|1699106314\n|move|p2a: Glimmora|Earth Power|p1a: Garganacl\n|-supereffective|p1a: Garganacl\n|-damage|p1a: Garganacl|47\/100\n|move|p1a: Garganacl|Iron Defense|p1a: Garganacl\n|-boost|p1a: Garganacl|def|2\n|\n|-heal|p1a: Garganacl|53\/100|[from] item: Leftovers\n|upkeep\n|turn|25\n|\n|t:|1699106317\n|move|p2a: Glimmora|Earth Power|p1a: Garganacl\n|-supereffective|p1a: Garganacl\n|-damage|p1a: Garganacl|15\/100\n|move|p1a: Garganacl|Recover|p1a: Garganacl\n|-heal|p1a: Garganacl|65\/100\n|\n|-heal|p1a: Garganacl|72\/100|[from] item: Leftovers\n|upkeep\n|turn|26\n|\n|t:|1699106320\n|move|p2a: Glimmora|Earth Power|p1a: Garganacl\n|-supereffective|p1a: Garganacl\n|-damage|p1a: Garganacl|31\/100\n|move|p1a: Garganacl|Recover|p1a: Garganacl\n|-heal|p1a: Garganacl|81\/100\n|\n|-heal|p1a: Garganacl|88\/100|[from] item: Leftovers\n|upkeep\n|turn|27\n|\n|t:|1699106323\n|move|p2a: Glimmora|Earth Power|p1a: Garganacl\n|-supereffective|p1a: Garganacl\n|-damage|p1a: Garganacl|45\/100\n|move|p1a: Garganacl|Recover|p1a: Garganacl\n|-heal|p1a: Garganacl|95\/100\n|\n|-heal|p1a: Garganacl|100\/100|[from] item: Leftovers\n|upkeep\n|turn|28\n|\n|t:|1699106325\n|move|p2a: Glimmora|Earth Power|p1a: Garganacl\n|-supereffective|p1a: Garganacl\n|-damage|p1a: Garganacl|56\/100\n|move|p1a: Garganacl|Body Press|p2a: Glimmora\n|-damage|p2a: Glimmora|0 fnt\n|-activate|p2a: Glimmora|ability: Toxic Debris\n|-sidestart|p1: realnokk|move: Toxic Spikes\n|faint|p2a: Glimmora\n|\n|-heal|p1a: Garganacl|63\/100|[from] item: Leftovers\n|upkeep\n|\n|t:|1699106332\n|switch|p2a: Flutter Mane|Flutter Mane|100\/100\n|turn|29\n|\n|t:|1699106336\n|move|p2a: Flutter Mane|Moonblast|p1a: Garganacl\n|-damage|p1a: Garganacl|29\/100\n|move|p1a: Garganacl|Recover|p1a: Garganacl\n|-heal|p1a: Garganacl|79\/100\n|\n|-heal|p1a: Garganacl|85\/100|[from] item: Leftovers\n|upkeep\n|turn|30\n|\n|t:|1699106338\n|move|p2a: Flutter Mane|Moonblast|p1a: Garganacl\n|-damage|p1a: Garganacl|53\/100\n|move|p1a: Garganacl|Salt Cure|p2a: Flutter Mane\n|-damage|p2a: Flutter Mane|72\/100\n|-start|p2a: Flutter Mane|Salt Cure\n|\n|-heal|p1a: Garganacl|59\/100|[from] item: Leftovers\n|-damage|p2a: Flutter Mane|59\/100|[from] Salt Cure\n|upkeep\n|turn|31\n|\n|t:|1699106348\n|-end|p2a: Flutter Mane|Protosynthesis|[silent]\n|switch|p2a: Koraidon|Koraidon|79\/100\n|-weather|SunnyDay|[from] ability: Orichalcum Pulse|[of] p2a: Koraidon\n|-activate|p2a: Koraidon|Orichalcum Pulse|[source]\n|move|p1a: Garganacl|Recover|p1a: Garganacl\n|-heal|p1a: Garganacl|100\/100\n|\n|-weather|SunnyDay|[upkeep]\n|upkeep\n|turn|32\n|\n|t:|1699106355\n|move|p2a: Koraidon|Collision Course|p1a: Garganacl\n|-supereffective|p1a: Garganacl\n|-damage|p1a: Garganacl|54\/100\n|-damage|p2a: Koraidon|69\/100|[from] item: Life Orb\n|move|p1a: Garganacl|Body Press|p2a: Koraidon\n|-crit|p2a: Koraidon\n|-damage|p2a: Koraidon|0 fnt\n|faint|p2a: Koraidon\n|\n|-weather|SunnyDay|[upkeep]\n|-heal|p1a: Garganacl|60\/100|[from] item: Leftovers\n|upkeep\n|\n|t:|1699106361\n|switch|p2a: Houndstone|Houndstone, F|100\/100\n|turn|33\n|\n|t:|1699106367\n|move|p2a: Houndstone|Substitute|p2a: Houndstone\n|-start|p2a: Houndstone|Substitute\n|-damage|p2a: Houndstone|76\/100\n|move|p1a: Garganacl|Recover|p1a: Garganacl\n|-heal|p1a: Garganacl|100\/100\n|\n|-weather|SunnyDay|[upkeep]\n|-heal|p2a: Houndstone|82\/100|[from] item: Leftovers\n|upkeep\n|turn|34\n|\n|t:|1699106373\n|move|p2a: Houndstone|Last Respects|p1a: Garganacl\n|-damage|p1a: Garganacl|91\/100\n|move|p1a: Garganacl|Salt Cure|p2a: Houndstone\n|-activate|p2a: Houndstone|move: Substitute|[damage]\n|\n|-weather|SunnyDay|[upkeep]\n|-heal|p2a: Houndstone|88\/100|[from] item: Leftovers\n|-heal|p1a: Garganacl|98\/100|[from] item: Leftovers\n|upkeep\n|turn|35\n|\n|t:|1699106376\n|move|p2a: Houndstone|Body Press|p1a: Garganacl\n|-supereffective|p1a: Garganacl\n|-damage|p1a: Garganacl|90\/100\n|move|p1a: Garganacl|Salt Cure|p2a: Houndstone\n|-activate|p2a: Houndstone|move: Substitute|[damage]\n|\n|-weather|none\n|-heal|p2a: Houndstone|94\/100|[from] item: Leftovers\n|-heal|p1a: Garganacl|96\/100|[from] item: Leftovers\n|upkeep\n|turn|36\n|\n|t:|1699106384\n|move|p2a: Houndstone|Last Respects|p1a: Garganacl\n|-damage|p1a: Garganacl|88\/100\n|move|p1a: Garganacl|Salt Cure|p2a: Houndstone\n|-end|p2a: Houndstone|Substitute\n|\n|-heal|p2a: Houndstone|99\/100|[from] item: Leftovers\n|-heal|p1a: Garganacl|94\/100|[from] item: Leftovers\n|upkeep\n|turn|37\n|\n|t:|1699106386\n|move|p2a: Houndstone|Substitute|p2a: Houndstone\n|-start|p2a: Houndstone|Substitute\n|-damage|p2a: Houndstone|75\/100\n|move|p1a: Garganacl|Salt Cure|p2a: Houndstone\n|-activate|p2a: Houndstone|move: Substitute|[damage]\n|\n|-heal|p2a: Houndstone|81\/100|[from] item: Leftovers\n|-heal|p1a: Garganacl|100\/100|[from] item: Leftovers\n|upkeep\n|turn|38\n|\n|t:|1699106393\n|move|p2a: Houndstone|Body Press|p1a: Garganacl\n|-supereffective|p1a: Garganacl\n|-damage|p1a: Garganacl|93\/100\n|move|p1a: Garganacl|Salt Cure|p2a: Houndstone\n|-activate|p2a: Houndstone|move: Substitute|[damage]\n|\n|-heal|p2a: Houndstone|87\/100|[from] item: Leftovers\n|-heal|p1a: Garganacl|99\/100|[from] item: Leftovers\n|upkeep\n|turn|39\n|\n|t:|1699106396\n|move|p2a: Houndstone|Body Press|p1a: Garganacl\n|-supereffective|p1a: Garganacl\n|-damage|p1a: Garganacl|91\/100\n|move|p1a: Garganacl|Body Press|p2a: Houndstone\n|-immune|p2a: Houndstone\n|\n|-heal|p2a: Houndstone|93\/100|[from] item: Leftovers\n|-heal|p1a: Garganacl|98\/100|[from] item: Leftovers\n|upkeep\n|turn|40\n|\n|t:|1699106402\n|move|p2a: Houndstone|Last Respects|p1a: Garganacl\n|-damage|p1a: Garganacl|89\/100\n|move|p1a: Garganacl|Body Press|p2a: Houndstone\n|-immune|p2a: Houndstone\n|\n|-heal|p2a: Houndstone|99\/100|[from] item: Leftovers\n|-heal|p1a: Garganacl|96\/100|[from] item: Leftovers\n|upkeep\n|turn|41\n|\n|t:|1699106406\n|move|p2a: Houndstone|Last Respects|p1a: Garganacl\n|-damage|p1a: Garganacl|87\/100\n|move|p1a: Garganacl|Body Press|p2a: Houndstone\n|-immune|p2a: Houndstone\n|\n|-heal|p2a: Houndstone|100\/100|[from] item: Leftovers\n|-heal|p1a: Garganacl|93\/100|[from] item: Leftovers\n|upkeep\n|turn|42\n|\n|t:|1699106412\n|move|p2a: Houndstone|Body Press|p1a: Garganacl\n|-supereffective|p1a: Garganacl\n|-damage|p1a: Garganacl|85\/100\n|move|p1a: Garganacl|Body Press|p2a: Houndstone\n|-immune|p2a: Houndstone\n|\n|-heal|p1a: Garganacl|92\/100|[from] item: Leftovers\n|upkeep\n|turn|43\n|\n|t:|1699106416\n|move|p2a: Houndstone|Shadow Sneak|p1a: Garganacl\n|-damage|p1a: Garganacl|90\/100\n|move|p1a: Garganacl|Body Press|p2a: Houndstone\n|-immune|p2a: Houndstone\n|\n|-heal|p1a: Garganacl|96\/100|[from] item: Leftovers\n|upkeep\n|turn|44\n|\n|t:|1699106420\n|move|p2a: Houndstone|Shadow Sneak|p1a: Garganacl\n|-damage|p1a: Garganacl|95\/100\n|move|p1a: Garganacl|Body Press|p2a: Houndstone\n|-immune|p2a: Houndstone\n|\n|-heal|p1a: Garganacl|100\/100|[from] item: Leftovers\n|upkeep\n|turn|45\n|\n|t:|1699106424\n|move|p2a: Houndstone|Shadow Sneak|p1a: Garganacl\n|-damage|p1a: Garganacl|99\/100\n|move|p1a: Garganacl|Body Press|p2a: Houndstone\n|-immune|p2a: Houndstone\n|\n|-heal|p1a: Garganacl|100\/100|[from] item: Leftovers\n|upkeep\n|turn|46\n|\n|t:|1699106429\n|move|p2a: Houndstone|Body Press|p1a: Garganacl\n|-supereffective|p1a: Garganacl\n|-damage|p1a: Garganacl|93\/100\n|move|p1a: Garganacl|Body Press|p2a: Houndstone\n|-immune|p2a: Houndstone\n|\n|-heal|p1a: Garganacl|99\/100|[from] item: Leftovers\n|upkeep\n|turn|47\n|\n|t:|1699106433\n|move|p2a: Houndstone|Shadow Sneak|p1a: Garganacl\n|-damage|p1a: Garganacl|97\/100\n|move|p1a: Garganacl|Body Press|p2a: Houndstone\n|-immune|p2a: Houndstone\n|\n|-heal|p1a: Garganacl|100\/100|[from] item: Leftovers\n|upkeep\n|turn|48\n|\n|t:|1699106437\n|move|p2a: Houndstone|Shadow Sneak|p1a: Garganacl\n|-damage|p1a: Garganacl|99\/100\n|move|p1a: Garganacl|Body Press|p2a: Houndstone\n|-immune|p2a: Houndstone\n|\n|-heal|p1a: Garganacl|100\/100|[from] item: Leftovers\n|upkeep\n|turn|49\n|\n|t:|1699106446\n|move|p2a: Houndstone|Last Respects|p1a: Garganacl\n|-damage|p1a: Garganacl|93\/100\n|move|p1a: Garganacl|Body Press|p2a: Houndstone\n|-immune|p2a: Houndstone\n|\n|-heal|p1a: Garganacl|99\/100|[from] item: Leftovers\n|upkeep\n|turn|50\n|\n|t:|1699106452\n|move|p2a: Houndstone|Body Press|p1a: Garganacl\n|-supereffective|p1a: Garganacl\n|-damage|p1a: Garganacl|90\/100\n|move|p1a: Garganacl|Body Press|p2a: Houndstone\n|-immune|p2a: Houndstone\n|\n|-heal|p1a: Garganacl|96\/100|[from] item: Leftovers\n|upkeep\n|turn|51\n|\n|t:|1699106459\n|move|p2a: Houndstone|Shadow Sneak|p1a: Garganacl\n|-damage|p1a: Garganacl|95\/100\n|move|p1a: Garganacl|Body Press|p2a: Houndstone\n|-immune|p2a: Houndstone\n|\n|-heal|p1a: Garganacl|100\/100|[from] item: Leftovers\n|upkeep\n|turn|52\n|\n|t:|1699106464\n|move|p2a: Houndstone|Shadow Sneak|p1a: Garganacl\n|-damage|p1a: Garganacl|99\/100\n|move|p1a: Garganacl|Body Press|p2a: Houndstone\n|-immune|p2a: Houndstone\n|\n|-heal|p1a: Garganacl|100\/100|[from] item: Leftovers\n|upkeep\n|turn|53\n|\n|t:|1699106471\n|move|p2a: Houndstone|Shadow Sneak|p1a: Garganacl\n|-damage|p1a: Garganacl|99\/100\n|move|p1a: Garganacl|Iron Defense|p1a: Garganacl\n|-boost|p1a: Garganacl|def|0\n|\n|-heal|p1a: Garganacl|100\/100|[from] item: Leftovers\n|upkeep\n|turn|54\n|\n|t:|1699106481\n|move|p2a: Houndstone|Shadow Sneak|p1a: Garganacl\n|-damage|p1a: Garganacl|99\/100\n|move|p1a: Garganacl|Iron Defense|p1a: Garganacl\n|-boost|p1a: Garganacl|def|0\n|\n|-heal|p1a: Garganacl|100\/100|[from] item: Leftovers\n|upkeep\n|turn|55\n|\n|t:|1699106484\n|move|p2a: Houndstone|Shadow Sneak|p1a: Garganacl\n|-damage|p1a: Garganacl|99\/100\n|move|p1a: Garganacl|Iron Defense|p1a: Garganacl\n|-boost|p1a: Garganacl|def|0\n|\n|-heal|p1a: Garganacl|100\/100|[from] item: Leftovers\n|upkeep\n|turn|56\n|\n|t:|1699106486\n|move|p2a: Houndstone|Shadow Sneak|p1a: Garganacl\n|-damage|p1a: Garganacl|99\/100\n|move|p1a: Garganacl|Iron Defense|p1a: Garganacl\n|-boost|p1a: Garganacl|def|0\n|\n|-heal|p1a: Garganacl|100\/100|[from] item: Leftovers\n|upkeep\n|turn|57\n|\n|t:|1699106489\n|move|p2a: Houndstone|Shadow Sneak|p1a: Garganacl\n|-damage|p1a: Garganacl|99\/100\n|move|p1a: Garganacl|Iron Defense|p1a: Garganacl\n|-boost|p1a: Garganacl|def|0\n|\n|-heal|p1a: Garganacl|100\/100|[from] item: Leftovers\n|upkeep\n|turn|58\n|\n|t:|1699106493\n|move|p2a: Houndstone|Shadow Sneak|p1a: Garganacl\n|-damage|p1a: Garganacl|99\/100\n|move|p1a: Garganacl|Iron Defense|p1a: Garganacl\n|-boost|p1a: Garganacl|def|0\n|\n|-heal|p1a: Garganacl|100\/100|[from] item: Leftovers\n|upkeep\n|turn|59\n|\n|t:|1699106496\n|move|p2a: Houndstone|Shadow Sneak|p1a: Garganacl\n|-damage|p1a: Garganacl|99\/100\n|move|p1a: Garganacl|Iron Defense|p1a: Garganacl\n|-boost|p1a: Garganacl|def|0\n|\n|-heal|p1a: Garganacl|100\/100|[from] item: Leftovers\n|upkeep\n|turn|60\n|\n|t:|1699106499\n|move|p2a: Houndstone|Shadow Sneak|p1a: Garganacl\n|-damage|p1a: Garganacl|99\/100\n|move|p1a: Garganacl|Iron Defense|p1a: Garganacl\n|-boost|p1a: Garganacl|def|0\n|\n|-heal|p1a: Garganacl|100\/100|[from] item: Leftovers\n|upkeep\n|turn|61\n|\n|t:|1699106502\n|move|p2a: Houndstone|Shadow Sneak|p1a: Garganacl\n|-damage|p1a: Garganacl|99\/100\n|move|p1a: Garganacl|Iron Defense|p1a: Garganacl\n|-boost|p1a: Garganacl|def|0\n|\n|-heal|p1a: Garganacl|100\/100|[from] item: Leftovers\n|upkeep\n|turn|62\n|\n|t:|1699106506\n|move|p2a: Houndstone|Shadow Sneak|p1a: Garganacl\n|-damage|p1a: Garganacl|99\/100\n|move|p1a: Garganacl|Iron Defense|p1a: Garganacl\n|-boost|p1a: Garganacl|def|0\n|\n|-heal|p1a: Garganacl|100\/100|[from] item: Leftovers\n|upkeep\n|turn|63\n|\n|t:|1699106508\n|move|p2a: Houndstone|Body Press|p1a: Garganacl\n|-supereffective|p1a: Garganacl\n|-damage|p1a: Garganacl|93\/100\n|move|p1a: Garganacl|Iron Defense|p1a: Garganacl\n|-boost|p1a: Garganacl|def|0\n|\n|-heal|p1a: Garganacl|99\/100|[from] item: Leftovers\n|upkeep\n|turn|64\n|\n|t:|1699106514\n|move|p2a: Houndstone|Body Press|p1a: Garganacl\n|-supereffective|p1a: Garganacl\n|-damage|p1a: Garganacl|90\/100\n|move|p1a: Garganacl|Iron Defense|p1a: Garganacl\n|-boost|p1a: Garganacl|def|0\n|\n|-heal|p1a: Garganacl|97\/100|[from] item: Leftovers\n|upkeep\n|turn|65\n|\n|t:|1699106517\n|move|p2a: Houndstone|Shadow Sneak|p1a: Garganacl\n|-damage|p1a: Garganacl|95\/100\n|move|p1a: Garganacl|Iron Defense|p1a: Garganacl\n|-boost|p1a: Garganacl|def|0\n|\n|-heal|p1a: Garganacl|100\/100|[from] item: Leftovers\n|upkeep\n|turn|66\n|\n|t:|1699106522\n|move|p2a: Houndstone|Body Press|p1a: Garganacl\n|-supereffective|p1a: Garganacl\n|-damage|p1a: Garganacl|93\/100\n|move|p1a: Garganacl|Iron Defense|p1a: Garganacl\n|-boost|p1a: Garganacl|def|0\n|\n|-heal|p1a: Garganacl|99\/100|[from] item: Leftovers\n|upkeep\n|turn|67\n|\n|t:|1699106525\n|move|p2a: Houndstone|Shadow Sneak|p1a: Garganacl\n|-damage|p1a: Garganacl|97\/100\n|move|p1a: Garganacl|Iron Defense|p1a: Garganacl\n|-boost|p1a: Garganacl|def|0\n|\n|-heal|p1a: Garganacl|100\/100|[from] item: Leftovers\n|upkeep\n|turn|68\n|\n|t:|1699106528\n|move|p2a: Houndstone|Last Respects|p1a: Garganacl\n|-damage|p1a: Garganacl|91\/100\n|move|p1a: Garganacl|Iron Defense|p1a: Garganacl\n|-boost|p1a: Garganacl|def|0\n|\n|-heal|p1a: Garganacl|98\/100|[from] item: Leftovers\n|upkeep\n|turn|69\n|\n|t:|1699106532\n|move|p2a: Houndstone|Substitute|p2a: Houndstone\n|-fail|p2a: Houndstone|move: Substitute\n|move|p1a: Garganacl|Iron Defense|p1a: Garganacl\n|-boost|p1a: Garganacl|def|0\n|\n|-heal|p1a: Garganacl|100\/100|[from] item: Leftovers\n|upkeep\n|turn|70\n|\n|t:|1699106535\n|move|p2a: Houndstone|Shadow Sneak|p1a: Garganacl\n|-damage|p1a: Garganacl|99\/100\n|move|p1a: Garganacl|Iron Defense|p1a: Garganacl\n|-boost|p1a: Garganacl|def|0\n|\n|-heal|p1a: Garganacl|100\/100|[from] item: Leftovers\n|upkeep\n|turn|71\n|\n|t:|1699106539\n|move|p2a: Houndstone|Shadow Sneak|p1a: Garganacl\n|-damage|p1a: Garganacl|99\/100\n|move|p1a: Garganacl|Iron Defense|p1a: Garganacl\n|-boost|p1a: Garganacl|def|0\n|\n|-heal|p1a: Garganacl|100\/100|[from] item: Leftovers\n|upkeep\n|turn|72\n|\n|t:|1699106544\n|move|p2a: Houndstone|Shadow Sneak|p1a: Garganacl\n|-damage|p1a: Garganacl|99\/100\n|move|p1a: Garganacl|Iron Defense|p1a: Garganacl\n|-boost|p1a: Garganacl|def|0\n|\n|-heal|p1a: Garganacl|100\/100|[from] item: Leftovers\n|upkeep\n|turn|73\n|\n|t:|1699106546\n|move|p2a: Houndstone|Shadow Sneak|p1a: Garganacl\n|-damage|p1a: Garganacl|99\/100\n|move|p1a: Garganacl|Iron Defense|p1a: Garganacl\n|-boost|p1a: Garganacl|def|0\n|\n|-heal|p1a: Garganacl|100\/100|[from] item: Leftovers\n|upkeep\n|turn|74\n|\n|t:|1699106549\n|move|p2a: Houndstone|Shadow Sneak|p1a: Garganacl\n|-damage|p1a: Garganacl|99\/100\n|move|p1a: Garganacl|Salt Cure|p2a: Houndstone\n|-end|p2a: Houndstone|Substitute\n|\n|-heal|p1a: Garganacl|100\/100|[from] item: Leftovers\n|upkeep\n|turn|75\n|\n|t:|1699106552\n|move|p2a: Houndstone|Substitute|p2a: Houndstone\n|-start|p2a: Houndstone|Substitute\n|-damage|p2a: Houndstone|76\/100\n|move|p1a: Garganacl|Salt Cure|p2a: Houndstone\n|-activate|p2a: Houndstone|move: Substitute|[damage]\n|\n|-heal|p2a: Houndstone|82\/100|[from] item: Leftovers\n|upkeep\n|turn|76\n|\n|t:|1699106556\n|move|p2a: Houndstone|Shadow Sneak|p1a: Garganacl\n|-damage|p1a: Garganacl|99\/100\n|move|p1a: Garganacl|Salt Cure|p2a: Houndstone\n|-activate|p2a: Houndstone|move: Substitute|[damage]\n|\n|-heal|p2a: Houndstone|88\/100|[from] item: Leftovers\n|-heal|p1a: Garganacl|100\/100|[from] item: Leftovers\n|upkeep\n|turn|77\n|\n|t:|1699106558\n|move|p2a: Houndstone|Shadow Sneak|p1a: Garganacl\n|-damage|p1a: Garganacl|99\/100\n|move|p1a: Garganacl|Salt Cure|p2a: Houndstone\n|-end|p2a: Houndstone|Substitute\n|\n|-heal|p2a: Houndstone|94\/100|[from] item: Leftovers\n|-heal|p1a: Garganacl|100\/100|[from] item: Leftovers\n|upkeep\n|turn|78\n|\n|t:|1699106562\n|move|p2a: Houndstone|Substitute|p2a: Houndstone\n|-start|p2a: Houndstone|Substitute\n|-damage|p2a: Houndstone|69\/100\n|move|p1a: Garganacl|Salt Cure|p2a: Houndstone\n|-activate|p2a: Houndstone|move: Substitute|[damage]\n|\n|-heal|p2a: Houndstone|75\/100|[from] item: Leftovers\n|upkeep\n|turn|79\n|\n|t:|1699106565\n|move|p2a: Houndstone|Shadow Sneak|p1a: Garganacl\n|-damage|p1a: Garganacl|99\/100\n|move|p1a: Garganacl|Salt Cure|p2a: Houndstone\n|-activate|p2a: Houndstone|move: Substitute|[damage]\n|\n|-heal|p2a: Houndstone|81\/100|[from] item: Leftovers\n|-heal|p1a: Garganacl|100\/100|[from] item: Leftovers\n|upkeep\n|turn|80\n|\n|t:|1699106572\n|move|p2a: Houndstone|Last Respects|p1a: Garganacl\n|-damage|p1a: Garganacl|92\/100\n|move|p1a: Garganacl|Salt Cure|p2a: Houndstone\n|-end|p2a: Houndstone|Substitute\n|\n|-heal|p2a: Houndstone|87\/100|[from] item: Leftovers\n|-heal|p1a: Garganacl|98\/100|[from] item: Leftovers\n|upkeep\n|turn|81\n|\n|t:|1699106576\n|move|p2a: Houndstone|Substitute|p2a: Houndstone\n|-start|p2a: Houndstone|Substitute\n|-damage|p2a: Houndstone|62\/100\n|move|p1a: Garganacl|Salt Cure|p2a: Houndstone\n|-activate|p2a: Houndstone|move: Substitute|[damage]\n|\n|-heal|p2a: Houndstone|69\/100|[from] item: Leftovers\n|-heal|p1a: Garganacl|100\/100|[from] item: Leftovers\n|upkeep\n|turn|82\n|\n|t:|1699106579\n|move|p2a: Houndstone|Shadow Sneak|p1a: Garganacl\n|-damage|p1a: Garganacl|99\/100\n|move|p1a: Garganacl|Salt Cure|p2a: Houndstone\n|-crit|p2a: Houndstone\n|-end|p2a: Houndstone|Substitute\n|\n|-heal|p2a: Houndstone|75\/100|[from] item: Leftovers\n|-heal|p1a: Garganacl|100\/100|[from] item: Leftovers\n|upkeep\n|turn|83\n|\n|t:|1699106586\n|switch|p1a: Swadloon|Swadloon, M|85\/100\n|-damage|p1a: Swadloon|60\/100|[from] Stealth Rock\n|-damage|p1a: Swadloon|48\/100|[from] Spikes\n|-status|p1a: Swadloon|psn\n|move|p2a: Houndstone|Substitute|p2a: Houndstone\n|-start|p2a: Houndstone|Substitute\n|-damage|p2a: Houndstone|50\/100\n|\n|-heal|p2a: Houndstone|56\/100|[from] item: Leftovers\n|-damage|p1a: Swadloon|35\/100 psn|[from] psn\n|upkeep\n|turn|84\n|\n|t:|1699106590\n|move|p2a: Houndstone|Last Respects|p1a: Swadloon\n|-damage|p1a: Swadloon|0 fnt\n|faint|p1a: Swadloon\n|\n|-heal|p2a: Houndstone|62\/100|[from] item: Leftovers\n|upkeep\n|\n|t:|1699106600\n|switch|p1a: Garganacl|Garganacl, M|100\/100\n|-damage|p1a: Garganacl|88\/100|[from] Stealth Rock\n|-damage|p1a: Garganacl|76\/100|[from] Spikes\n|turn|85\n|\n|t:|1699106606\n|move|p2a: Houndstone|Last Respects|p1a: Garganacl\n|-damage|p1a: Garganacl|41\/100\n|move|p1a: Garganacl|Salt Cure|p2a: Houndstone\n|-activate|p2a: Houndstone|move: Substitute|[damage]\n|\n|-heal|p2a: Houndstone|68\/100|[from] item: Leftovers\n|-heal|p1a: Garganacl|48\/100|[from] item: Leftovers\n|upkeep\n|turn|86\n|\n|t:|1699106609\n|move|p2a: Houndstone|Body Press|p1a: Garganacl\n|-supereffective|p1a: Garganacl\n|-damage|p1a: Garganacl|18\/100\n|move|p1a: Garganacl|Salt Cure|p2a: Houndstone\n|-activate|p2a: Houndstone|move: Substitute|[damage]\n|\n|-heal|p2a: Houndstone|74\/100|[from] item: Leftovers\n|-heal|p1a: Garganacl|25\/100|[from] item: Leftovers\n|upkeep\n|turn|87\n|\n|t:|1699106615\n|move|p2a: Houndstone|Body Press|p1a: Garganacl\n|-supereffective|p1a: Garganacl\n|-damage|p1a: Garganacl|0 fnt\n|faint|p1a: Garganacl\n|\n|-heal|p2a: Houndstone|80\/100|[from] item: Leftovers\n|upkeep\n|\n|t:|1699106617\n|switch|p1a: Arcanine|Arcanine-Hisui, F|76\/100\n|-damage|p1a: Arcanine|51\/100|[from] Stealth Rock\n|-damage|p1a: Arcanine|39\/100|[from] Spikes\n|-status|p1a: Arcanine|psn\n|turn|88\n|\n|t:|1699106621\n|move|p1a: Arcanine|Flare Blitz|p2a: Houndstone\n|-end|p2a: Houndstone|Substitute\n|move|p2a: Houndstone|Body Press|p1a: Arcanine\n|-supereffective|p1a: Arcanine\n|-damage|p1a: Arcanine|0 fnt\n|faint|p1a: Arcanine\n|\n|win|jkklijkjil\n|raw|realnokk's rating: 1000 &rarr; <strong>1000<\/strong><br \/>(+0 for losing)\n|raw|jkklijkjil's rating: 1000 &rarr; <strong>1040<\/strong><br \/>(+40 for winning)\n|l|\u2606realnokk\n","uploadtime":1699106641,"views":8,"p1id":"realnokk","p2id":"jkklijkjil","formatid":"gen9ubers","rating":1000,"private":0,"password":""}