{"id":"gen9ubers-1972761285","p1":"Miebaso11","p2":"Psyscar","format":"[Gen 9] Ubers","log":"|j|\u2606Miebaso11\n|j|\u2606Psyscar\n|t:|1697891251\n|gametype|singles\n|player|p1|Miebaso11|hilda-wonderlauncher|1089\n|player|p2|Psyscar|cilan|1121\n|teamsize|p1|6\n|teamsize|p2|6\n|gen|9\n|tier|[Gen 9] Ubers\n|rated|\n|rule|Sleep Clause Mod: Limit one foe put to sleep\n|rule|Species Clause: Limit one of each Pok\u00e9mon\n|rule|OHKO Clause: OHKO moves are banned\n|rule|Evasion Items Clause: Evasion items are banned\n|rule|Evasion Moves Clause: Evasion moves are banned\n|rule|Endless Battle Clause: Forcing endless battles is banned\n|rule|HP Percentage Mod: HP is shown in percentages\n|clearpoke\n|poke|p1|Walking Wake|\n|poke|p1|Torkoal, M|\n|poke|p1|Dragonite, F|\n|poke|p1|Grimmsnarl, M|\n|poke|p1|Sylveon, F|\n|poke|p1|Shaymin-Sky|\n|poke|p2|Iron Moth|\n|poke|p2|Iron Valiant|\n|poke|p2|Iron Treads|\n|poke|p2|Iron Jugulis|\n|poke|p2|Corviknight, F|\n|poke|p2|Iron Leaves|\n|teampreview\n|inactive|Battle timer is ON: inactive players will automatically lose when time's up. (requested by Miebaso11)\n|\n|t:|1697891262\n|start\n|switch|p1a: Grimmsnarl|Grimmsnarl, M|100\/100\n|switch|p2a: Iron Treads|Iron Treads|100\/100\n|-enditem|p2a: Iron Treads|Booster Energy\n|-activate|p2a: Iron Treads|ability: Quark Drive|[fromitem]\n|-start|p2a: Iron Treads|quarkdrivedef\n|turn|1\n|\n|t:|1697891268\n|move|p1a: Grimmsnarl|Reflect|p1a: Grimmsnarl\n|-sidestart|p1: Miebaso11|Reflect\n|move|p2a: Iron Treads|Stealth Rock|p1a: Grimmsnarl\n|-sidestart|p1: Miebaso11|move: Stealth Rock\n|\n|upkeep\n|turn|2\n|\n|t:|1697891273\n|move|p1a: Grimmsnarl|Light Screen|p1a: Grimmsnarl\n|-sidestart|p1: Miebaso11|move: Light Screen\n|move|p2a: Iron Treads|Knock Off|p1a: Grimmsnarl\n|-resisted|p1a: Grimmsnarl\n|-damage|p1a: Grimmsnarl|97\/100\n|-enditem|p1a: Grimmsnarl|Light Clay|[from] move: Knock Off|[of] p2a: Iron Treads\n|\n|upkeep\n|turn|3\n|\n|t:|1697891284\n|move|p1a: Grimmsnarl|Parting Shot|p2a: Iron Treads\n|-unboost|p2a: Iron Treads|atk|1\n|-unboost|p2a: Iron Treads|spa|1\n|\n|t:|1697891301\n|switch|p1a: Shaymin|Shaymin-Sky|100\/100|[from] Parting Shot\n|-damage|p1a: Shaymin|76\/100|[from] Stealth Rock\n|move|p2a: Iron Treads|Rapid Spin|p1a: Shaymin\n|-damage|p1a: Shaymin|71\/100\n|-boost|p2a: Iron Treads|spe|1\n|\n|upkeep\n|turn|4\n|\n|t:|1697891319\n|move|p1a: Shaymin|Seed Flare|p2a: Iron Treads\n|-damage|p2a: Iron Treads|11\/100\n|-damage|p1a: Shaymin|61\/100|[from] item: Life Orb\n|move|p2a: Iron Treads|Iron Head|p1a: Shaymin\n|-damage|p1a: Shaymin|47\/100\n|\n|upkeep\n|turn|5\n|\n|t:|1697891332\n|move|p1a: Shaymin|Seed Flare|p2a: Iron Treads\n|-damage|p2a: Iron Treads|0 fnt\n|faint|p2a: Iron Treads\n|-end|p2a: Iron Treads|Quark Drive|[silent]\n|-damage|p1a: Shaymin|37\/100|[from] item: Life Orb\n|\n|upkeep\n|\n|t:|1697891346\n|switch|p2a: Corviknight|Corviknight, F|100\/100\n|turn|6\n|\n|t:|1697891352\n|move|p1a: Shaymin|Air Slash|p2a: Corviknight\n|-resisted|p2a: Corviknight\n|-damage|p2a: Corviknight|78\/100\n|-damage|p1a: Shaymin|27\/100|[from] item: Life Orb\n|move|p2a: Corviknight|Defog|p1a: Shaymin\n|-unboost|p1a: Shaymin|evasion|1\n|-sideend|p1: Miebaso11|Reflect\n|-sideend|p1: Miebaso11|move: Light Screen\n|-sideend|p1: Miebaso11|Stealth Rock|[from] move: Defog|[of] p2a: Corviknight\n|\n|upkeep\n|turn|7\n|\n|t:|1697891366\n|move|p1a: Shaymin|Seed Flare|p2a: Corviknight\n|-resisted|p2a: Corviknight\n|-crit|p2a: Corviknight\n|-damage|p2a: Corviknight|49\/100\n|-ability|p2a: Corviknight|Mirror Armor\n|-unboost|p1a: Shaymin|spd|2\n|-damage|p1a: Shaymin|18\/100|[from] item: Life Orb\n|move|p2a: Corviknight|Roost|p2a: Corviknight\n|-heal|p2a: Corviknight|99\/100\n|-singleturn|p2a: Corviknight|move: Roost\n|\n|upkeep\n|turn|8\n|\n|t:|1697891379\n|move|p1a: Shaymin|Air Slash|p2a: Corviknight\n|-resisted|p2a: Corviknight\n|-damage|p2a: Corviknight|75\/100\n|-damage|p1a: Shaymin|8\/100|[from] item: Life Orb\n|cant|p2a: Corviknight|flinch\n|\n|upkeep\n|turn|9\n|\n|t:|1697891386\n|switch|p1a: Torkoal|Torkoal, M|100\/100\n|-weather|SunnyDay|[from] ability: Drought|[of] p1a: Torkoal\n|move|p2a: Corviknight|Roost|p2a: Corviknight\n|-heal|p2a: Corviknight|100\/100\n|-singleturn|p2a: Corviknight|move: Roost\n|\n|-weather|SunnyDay|[upkeep]\n|upkeep\n|turn|10\n|\n|t:|1697891414\n|move|p2a: Corviknight|Taunt|p1a: Torkoal\n|-start|p1a: Torkoal|move: Taunt\n|cant|p1a: Torkoal|move: Taunt|Shell Smash\n|\n|-weather|SunnyDay|[upkeep]\n|upkeep\n|turn|11\n|\n|t:|1697891424\n|switch|p2a: Iron Moth|Iron Moth|100\/100\n|-enditem|p2a: Iron Moth|Booster Energy\n|-activate|p2a: Iron Moth|ability: Quark Drive|[fromitem]\n|-start|p2a: Iron Moth|quarkdrivespa\n|move|p1a: Torkoal|Solar Beam||[still]\n|-prepare|p1a: Torkoal|Solar Beam\n|-anim|p1a: Torkoal|Solar Beam|p2a: Iron Moth\n|-resisted|p2a: Iron Moth\n|-damage|p2a: Iron Moth|91\/100\n|\n|-weather|SunnyDay|[upkeep]\n|upkeep\n|turn|12\n|\n|t:|1697891433\n|switch|p1a: Grimmsnarl|Grimmsnarl, M|97\/100\n|move|p2a: Iron Moth|Fiery Dance|p1a: Grimmsnarl\n|-damage|p1a: Grimmsnarl|26\/100\n|-boost|p2a: Iron Moth|spa|1\n|\n|-weather|SunnyDay|[upkeep]\n|upkeep\n|turn|13\n|\n|t:|1697891445\n|move|p1a: Grimmsnarl|Thunder Wave|p2a: Iron Moth\n|-status|p2a: Iron Moth|par\n|move|p2a: Iron Moth|Fiery Dance|p1a: Grimmsnarl\n|-damage|p1a: Grimmsnarl|0 fnt\n|-boost|p2a: Iron Moth|spa|1\n|faint|p1a: Grimmsnarl\n|\n|-weather|none\n|upkeep\n|\n|t:|1697891459\n|switch|p1a: Shaymin|Shaymin-Sky|8\/100\n|turn|14\n|\n|t:|1697891472\n|move|p1a: Shaymin|Air Slash|p2a: Iron Moth\n|-damage|p2a: Iron Moth|40\/100 par\n|-damage|p1a: Shaymin|0 fnt|[from] item: Life Orb\n|faint|p1a: Shaymin\n|cant|p2a: Iron Moth|flinch\n|\n|upkeep\n|\n|t:|1697891483\n|switch|p1a: Dragonite|Dragonite, F|100\/100\n|turn|15\n|\n|t:|1697891498\n|-terastallize|p1a: Dragonite|Normal\n|move|p1a: Dragonite|Extreme Speed|p2a: Iron Moth\n|-damage|p2a: Iron Moth|0 fnt\n|faint|p2a: Iron Moth\n|-end|p2a: Iron Moth|Quark Drive|[silent]\n|\n|upkeep\n|\n|t:|1697891510\n|switch|p2a: Iron Valiant|Iron Valiant|100\/100\n|-enditem|p2a: Iron Valiant|Booster Energy\n|-activate|p2a: Iron Valiant|ability: Quark Drive|[fromitem]\n|-start|p2a: Iron Valiant|quarkdriveatk\n|turn|16\n|\n|t:|1697891523\n|move|p2a: Iron Valiant|Swords Dance|p2a: Iron Valiant\n|-boost|p2a: Iron Valiant|atk|2\n|move|p1a: Dragonite|Dragon Dance|p1a: Dragonite\n|-boost|p1a: Dragonite|atk|1\n|-boost|p1a: Dragonite|spe|1\n|\n|upkeep\n|turn|17\n|\n|t:|1697891539\n|-terastallize|p2a: Iron Valiant|Ghost\n|move|p1a: Dragonite|Earthquake|p2a: Iron Valiant\n|-damage|p2a: Iron Valiant|29\/100\n|move|p2a: Iron Valiant|Close Combat|p1a: Dragonite\n|-supereffective|p1a: Dragonite\n|-damage|p1a: Dragonite|0 fnt\n|-unboost|p2a: Iron Valiant|def|1\n|-unboost|p2a: Iron Valiant|spd|1\n|faint|p1a: Dragonite\n|\n|upkeep\n|inactive|Miebaso11 has 120 seconds left.\n|\n|t:|1697891562\n|switch|p1a: Torkoal|Torkoal, M|100\/100\n|-weather|SunnyDay|[from] ability: Drought|[of] p1a: Torkoal\n|turn|18\n|\n|t:|1697891569\n|move|p2a: Iron Valiant|Close Combat|p1a: Torkoal\n|-damage|p1a: Torkoal|0 fnt\n|-unboost|p2a: Iron Valiant|def|1\n|-unboost|p2a: Iron Valiant|spd|1\n|faint|p1a: Torkoal\n|\n|-weather|SunnyDay|[upkeep]\n|upkeep\n|\n|t:|1697891578\n|switch|p1a: Walking Wake|Walking Wake|100\/100\n|-activate|p1a: Walking Wake|ability: Protosynthesis\n|-start|p1a: Walking Wake|protosynthesisspa\n|turn|19\n|\n|t:|1697891591\n|move|p1a: Walking Wake|Flamethrower|p2a: Iron Valiant\n|-damage|p2a: Iron Valiant|0 fnt\n|faint|p2a: Iron Valiant\n|-end|p2a: Iron Valiant|Quark Drive|[silent]\n|\n|-weather|SunnyDay|[upkeep]\n|upkeep\n|\n|t:|1697891600\n|switch|p2a: Iron Jugulis|Iron Jugulis|100\/100\n|-enditem|p2a: Iron Jugulis|Booster Energy\n|-activate|p2a: Iron Jugulis|ability: Quark Drive|[fromitem]\n|-start|p2a: Iron Jugulis|quarkdrivespe\n|turn|20\n|\n|t:|1697891614\n|move|p1a: Walking Wake|Flamethrower|p2a: Iron Jugulis\n|-damage|p2a: Iron Jugulis|0 fnt\n|faint|p2a: Iron Jugulis\n|-end|p2a: Iron Jugulis|Quark Drive|[silent]\n|\n|-weather|SunnyDay|[upkeep]\n|upkeep\n|c|\u2606Psyscar|How TF\n|c|\u2606Miebaso11|Yes\n|c|\u2606Psyscar|Bre I had 521 speed\n|inactive|Psyscar has 120 seconds left.\n|c|\u2606Psyscar|How did you outspeed\n|c|\u2606Psyscar|?\n|c|\u2606Psyscar|It's not even scarf \ud83e\udd72\n|c|\u2606Miebaso11|Honestly I don't even know\n|c|\u2606Psyscar|Bro\n|\n|t:|1697891666\n|switch|p2a: Iron Leaves|Iron Leaves|100\/100\n|-enditem|p2a: Iron Leaves|Booster Energy\n|-activate|p2a: Iron Leaves|ability: Quark Drive|[fromitem]\n|-start|p2a: Iron Leaves|quarkdriveatk\n|turn|21\n|\n|t:|1697891683\n|move|p1a: Walking Wake|Flamethrower|p2a: Iron Leaves\n|-supereffective|p2a: Iron Leaves\n|-damage|p2a: Iron Leaves|0 fnt\n|faint|p2a: Iron Leaves\n|-end|p2a: Iron Leaves|Quark Drive|[silent]\n|\n|-weather|SunnyDay|[upkeep]\n|upkeep\n|-message|Psyscar forfeited.\n|\n|win|Miebaso11\n|raw|Miebaso11's rating: 1089 &rarr; <strong>1118<\/strong><br \/>(+29 for winning)\n|raw|Psyscar's rating: 1121 &rarr; <strong>1094<\/strong><br \/>(-27 for losing)\n|l|\u2606Psyscar\n","uploadtime":1697891783,"views":12,"p1id":"miebaso11","p2id":"psyscar","formatid":"gen9ubers","rating":1094,"private":0,"password":""}