{"id":"gen9ubers-1984885117","p1":"tripopotamus","p2":"R0bo_gamer","format":"[Gen 9] Ubers","log":"|j|\u2606tripopotamus\n|j|\u2606R0bo_gamer\n|t:|1699307504\n|gametype|singles\n|player|p1|tripopotamus|170|1000\n|player|p2|R0bo_gamer|steven|1000\n|teamsize|p1|4\n|teamsize|p2|6\n|gen|9\n|tier|[Gen 9] Ubers\n|rated|\n|rule|Sleep Clause Mod: Limit one foe put to sleep\n|rule|Species Clause: Limit one of each Pok\u00e9mon\n|rule|OHKO Clause: OHKO moves are banned\n|rule|Evasion Items Clause: Evasion items are banned\n|rule|Evasion Moves Clause: Evasion moves are banned\n|rule|Endless Battle Clause: Forcing endless battles is banned\n|rule|HP Percentage Mod: HP is shown in percentages\n|clearpoke\n|poke|p1|Ursaluna-Bloodmoon, M|\n|poke|p1|Sandy Shocks|\n|poke|p1|Typhlosion, M|\n|poke|p1|Clodsire, F|\n|poke|p2|Haxorus, L96, M|\n|poke|p2|Articuno, L95|\n|poke|p2|Clefable, L95, M|\n|poke|p2|Gengar, L95, F|\n|poke|p2|Rotom-Heat, L95|\n|poke|p2|Dragapult, L96, M|\n|teampreview\n|inactive|Battle timer is ON: inactive players will automatically lose when time's up. (requested by tripopotamus)\n|\n|t:|1699307523\n|start\n|switch|p1a: Clodsire|Clodsire, F|100\/100\n|switch|p2a: Miser\u00e1vel|Dragapult, L96, M|100\/100\n|turn|1\n|\n|t:|1699307532\n|move|p2a: Miser\u00e1vel|U-turn|p1a: Clodsire\n|-resisted|p1a: Clodsire\n|-damage|p1a: Clodsire|86\/100\n|-damage|p2a: Miser\u00e1vel|90\/100|[from] item: Life Orb\n|\n|t:|1699307544\n|switch|p2a: F\u00eanix reversa|Articuno, L95|100\/100|[from] U-turn\n|-ability|p2a: F\u00eanix reversa|Pressure\n|move|p1a: Clodsire|Curse|p1a: Clodsire\n|-unboost|p1a: Clodsire|spe|1\n|-boost|p1a: Clodsire|atk|1\n|-boost|p1a: Clodsire|def|1\n|\n|-heal|p1a: Clodsire|93\/100|[from] item: Leftovers\n|upkeep\n|turn|2\n|\n|t:|1699307567\n|-terastallize|p1a: Clodsire|Poison\n|move|p2a: F\u00eanix reversa|Ice Beam|p1a: Clodsire\n|-damage|p1a: Clodsire|71\/100\n|move|p1a: Clodsire|Gunk Shot|p2a: F\u00eanix reversa|[miss]\n|-miss|p1a: Clodsire|p2a: F\u00eanix reversa\n|\n|-heal|p1a: Clodsire|77\/100|[from] item: Leftovers\n|upkeep\n|turn|3\n|\n|t:|1699307583\n|switch|p2a: LeeGengar|Gengar, L95, F|100\/100\n|move|p1a: Clodsire|Gunk Shot|p2a: LeeGengar|[miss]\n|-miss|p1a: Clodsire|p2a: LeeGengar\n|\n|-heal|p1a: Clodsire|84\/100|[from] item: Leftovers\n|upkeep\n|turn|4\n|\n|t:|1699307598\n|move|p2a: LeeGengar|Nasty Plot|p2a: LeeGengar\n|-boost|p2a: LeeGengar|spa|2\n|move|p1a: Clodsire|Earthquake|p2a: LeeGengar\n|-supereffective|p2a: LeeGengar\n|-damage|p2a: LeeGengar|0 fnt\n|faint|p2a: LeeGengar\n|\n|-heal|p1a: Clodsire|90\/100|[from] item: Leftovers\n|upkeep\n|inactive|R0bo_gamer has 120 seconds left.\n|\n|t:|1699307608\n|switch|p2a: Miser\u00e1vel|Dragapult, L96, M|90\/100\n|turn|5\n|\n|t:|1699307623\n|move|p2a: Miser\u00e1vel|Psychic Fangs|p1a: Clodsire\n|-supereffective|p1a: Clodsire\n|-damage|p1a: Clodsire|42\/100\n|-damage|p2a: Miser\u00e1vel|80\/100|[from] item: Life Orb\n|move|p1a: Clodsire|Gunk Shot|p2a: Miser\u00e1vel\n|-resisted|p2a: Miser\u00e1vel\n|-damage|p2a: Miser\u00e1vel|29\/100\n|\n|-heal|p1a: Clodsire|48\/100|[from] item: Leftovers\n|upkeep\n|turn|6\n|\n|t:|1699307634\n|move|p2a: Miser\u00e1vel|Psychic Fangs|p1a: Clodsire\n|-supereffective|p1a: Clodsire\n|-damage|p1a: Clodsire|2\/100\n|-damage|p2a: Miser\u00e1vel|19\/100|[from] item: Life Orb\n|move|p1a: Clodsire|Earthquake|p2a: Miser\u00e1vel\n|-damage|p2a: Miser\u00e1vel|0 fnt\n|faint|p2a: Miser\u00e1vel\n|\n|-heal|p1a: Clodsire|8\/100|[from] item: Leftovers\n|upkeep\n|\n|t:|1699307645\n|switch|p2a: Machadada|Haxorus, L96, M, shiny|100\/100\n|-ability|p2a: Machadada|Mold Breaker\n|turn|7\n|\n|t:|1699307654\n|move|p2a: Machadada|Scale Shot|p1a: Clodsire|[miss]\n|-miss|p2a: Machadada|p1a: Clodsire\n|move|p1a: Clodsire|Earthquake|p2a: Machadada\n|-damage|p2a: Machadada|27\/100\n|\n|-heal|p1a: Clodsire|15\/100|[from] item: Leftovers\n|upkeep\n|turn|8\n|\n|t:|1699307664\n|move|p2a: Machadada|Scale Shot|p1a: Clodsire\n|-damage|p1a: Clodsire|5\/100\n|-damage|p1a: Clodsire|0 fnt\n|faint|p1a: Clodsire\n|-hitcount|p1: Clodsire|2\n|-unboost|p2a: Machadada|def|1\n|-boost|p2a: Machadada|spe|1\n|\n|upkeep\n|\n|t:|1699307684\n|switch|p1a: Sandy Shocks|Sandy Shocks|100\/100\n|turn|9\n|\n|t:|1699307702\n|move|p2a: Machadada|Swords Dance|p2a: Machadada\n|-boost|p2a: Machadada|atk|2\n|move|p1a: Sandy Shocks|Volt Switch|p2a: Machadada\n|-resisted|p2a: Machadada\n|-damage|p2a: Machadada|4\/100\n|\n|t:|1699307712\n|-end|p1a: Sandy Shocks|Protosynthesis|[silent]\n|switch|p1a: Ursaluna|Ursaluna-Bloodmoon, M|100\/100|[from] Volt Switch\n|\n|upkeep\n|turn|10\n|\n|t:|1699307734\n|move|p2a: Machadada|Close Combat|p1a: Ursaluna\n|-supereffective|p1a: Ursaluna\n|-damage|p1a: Ursaluna|0 fnt\n|-unboost|p2a: Machadada|def|1\n|-unboost|p2a: Machadada|spd|1\n|faint|p1a: Ursaluna\n|\n|upkeep\n|\n|t:|1699307743\n|switch|p1a: Sandy Shocks|Sandy Shocks|100\/100\n|turn|11\n|j| F2bioR7\n|\n|t:|1699307759\n|move|p2a: Machadada|Scale Shot|p1a: Sandy Shocks\n|-damage|p1a: Sandy Shocks|68\/100\n|-damage|p1a: Sandy Shocks|35\/100\n|-damage|p1a: Sandy Shocks|0 fnt\n|faint|p1a: Sandy Shocks\n|-end|p1a: Sandy Shocks|Protosynthesis|[silent]\n|-hitcount|p1: Sandy Shocks|3\n|-unboost|p2a: Machadada|def|1\n|-boost|p2a: Machadada|spe|1\n|\n|upkeep\n|\n|t:|1699307769\n|switch|p1a: Typhlosion|Typhlosion, M|100\/100\n|turn|12\n|l| F2bioR7\n|\n|t:|1699307779\n|move|p2a: Machadada|Scale Shot|p1a: Typhlosion\n|-damage|p1a: Typhlosion|58\/100\n|-damage|p1a: Typhlosion|14\/100\n|-damage|p1a: Typhlosion|0 fnt\n|faint|p1a: Typhlosion\n|-hitcount|p1: Typhlosion|3\n|\n|win|R0bo_gamer\n|raw|tripopotamus's rating: 1000 &rarr; <strong>1000<\/strong><br \/>(+0 for losing)\n|raw|R0bo_gamer's rating: 1000 &rarr; <strong>1040<\/strong><br \/>(+40 for winning)\n|l|\u2606tripopotamus\n","uploadtime":1699307798,"views":9,"p1id":"tripopotamus","p2id":"r0bogamer","formatid":"gen9ubers","rating":1000,"private":0,"password":""}