{"id":"gen9ubers-1974313055","p1":"coeteruco","p2":"bento14","format":"[Gen 9] Ubers","log":"|j|\u2606coeteruco\n|j|\u2606bento14\n|t:|1698077029\n|gametype|singles\n|player|p1|coeteruco|parasollady-gen4|1076\n|player|p2|bento14|169|1000\n|teamsize|p1|6\n|teamsize|p2|6\n|gen|9\n|tier|[Gen 9] Ubers\n|rated|\n|rule|Sleep Clause Mod: Limit one foe put to sleep\n|rule|Species Clause: Limit one of each Pok\u00e9mon\n|rule|OHKO Clause: OHKO moves are banned\n|rule|Evasion Items Clause: Evasion items are banned\n|rule|Evasion Moves Clause: Evasion moves are banned\n|rule|Endless Battle Clause: Forcing endless battles is banned\n|rule|HP Percentage Mod: HP is shown in percentages\n|clearpoke\n|poke|p1|Giratina-Origin|\n|poke|p1|Miraidon|\n|poke|p1|Koraidon|\n|poke|p1|Ribombee, F|\n|poke|p1|Zacian-*|\n|poke|p1|Great Tusk|\n|poke|p2|Okidogi, M|\n|poke|p2|Ninetales-Alola, F|\n|poke|p2|Baxcalibur, M|\n|poke|p2|Manaphy|\n|poke|p2|Kingambit, F|\n|poke|p2|Ditto|\n|teampreview\n|\n|t:|1698077052\n|start\n|switch|p1a: Miraidon|Miraidon|100\/100\n|switch|p2a: Manaphy|Manaphy|100\/100\n|-fieldstart|move: Electric Terrain|[from] ability: Hadron Engine|[of] p1a: Miraidon\n|turn|1\n|\n|t:|1698077074\n|move|p1a: Miraidon|Electro Drift|p2a: Manaphy\n|-supereffective|p2a: Manaphy\n|-damage|p2a: Manaphy|0 fnt\n|faint|p2a: Manaphy\n|-damage|p1a: Miraidon|91\/100|[from] item: Life Orb\n|\n|upkeep\n|\n|t:|1698077090\n|switch|p2a: Baxcalibur|Baxcalibur, M|100\/100\n|turn|2\n|\n|t:|1698077103\n|move|p1a: Miraidon|Dragon Pulse|p2a: Baxcalibur\n|-supereffective|p2a: Baxcalibur\n|-damage|p2a: Baxcalibur|0 fnt\n|faint|p2a: Baxcalibur\n|-damage|p1a: Miraidon|81\/100|[from] item: Life Orb\n|\n|upkeep\n|\n|t:|1698077117\n|switch|p2a: Ditto|Ditto, shiny|100\/100\n|-transform|p2a: Ditto|p1a: Miraidon|[from] ability: Imposter\n|-activate|p2a: Ditto|ability: Hadron Engine\n|turn|3\n|\n|t:|1698077127\n|-terastallize|p1a: Miraidon|Fairy\n|move|p2a: Ditto|Dragon Pulse|p1a: Miraidon\n|-immune|p1a: Miraidon\n|move|p1a: Miraidon|Dragon Pulse|p2a: Ditto\n|-supereffective|p2a: Ditto\n|-crit|p2a: Ditto\n|-damage|p2a: Ditto|0 fnt\n|faint|p2a: Ditto\n|-damage|p1a: Miraidon|71\/100|[from] item: Life Orb\n|\n|upkeep\n|\n|t:|1698077145\n|switch|p2a: Okidogi|Okidogi, M|100\/100\n|turn|4\n|\n|t:|1698077170\n|-terastallize|p2a: Okidogi|Water\n|move|p1a: Miraidon|Electro Drift|p2a: Okidogi\n|-supereffective|p2a: Okidogi\n|-damage|p2a: Okidogi|0 fnt\n|faint|p2a: Okidogi\n|-damage|p1a: Miraidon|61\/100|[from] item: Life Orb\n|\n|upkeep\n|\n|t:|1698077180\n|switch|p2a: Kingambit|Kingambit, F|100\/100\n|-activate|p2a: Kingambit|ability: Supreme Overlord\n|-start|p2a: Kingambit|fallen4|[silent]\n|-item|p2a: Kingambit|Air Balloon\n|turn|5\n|\n|t:|1698077202\n|move|p1a: Miraidon|Electro Drift|p2a: Kingambit\n|-damage|p2a: Kingambit|0 fnt\n|-enditem|p2a: Kingambit|Air Balloon\n|faint|p2a: Kingambit\n|-end|p2a: Kingambit|fallen4|[silent]\n|-damage|p1a: Miraidon|51\/100|[from] item: Life Orb\n|\n|-fieldend|move: Electric Terrain\n|upkeep\n|\n|t:|1698077211\n|switch|p2a: Ninetales|Ninetales-Alola, F|100\/100\n|-weather|Snow|[from] ability: Snow Warning|[of] p2a: Ninetales\n|turn|6\n|\n|t:|1698077219\n|move|p1a: Miraidon|Overheat|p2a: Ninetales\n|-supereffective|p2a: Ninetales\n|-damage|p2a: Ninetales|0 fnt\n|-unboost|p1a: Miraidon|spa|2\n|faint|p2a: Ninetales\n|-damage|p1a: Miraidon|41\/100|[from] item: Life Orb\n|\n|win|coeteruco\n|raw|coeteruco's rating: 1076 &rarr; <strong>1098<\/strong><br \/>(+22 for winning)\n|raw|bento14's rating: 1000 &rarr; <strong>1000<\/strong><br \/>(+0 for losing)\n","uploadtime":1698077224,"views":10,"p1id":"coeteruco","p2id":"bento14","formatid":"gen9ubers","rating":1000,"private":0,"password":""}