{"id":"gen9ubers-1983283016","p1":"Asta28240","p2":"lrl grego","format":"[Gen 9] Ubers","log":"|j|\u2606Asta28240\n|j|\u2606lrl grego\n|t:|1699113937\n|gametype|singles\n|player|p1|Asta28240|boarder|\n|player|p2|lrl grego|unknown|\n|teamsize|p1|6\n|teamsize|p2|6\n|gen|9\n|tier|[Gen 9] Ubers\n|rule|Sleep Clause Mod: Limit one foe put to sleep\n|rule|Species Clause: Limit one of each Pok\u00e9mon\n|rule|OHKO Clause: OHKO moves are banned\n|rule|Evasion Items Clause: Evasion items are banned\n|rule|Evasion Moves Clause: Evasion moves are banned\n|rule|Endless Battle Clause: Forcing endless battles is banned\n|rule|HP Percentage Mod: HP is shown in percentages\n|clearpoke\n|poke|p1|Dragonite, F|\n|poke|p1|Zapdos|\n|poke|p1|Pelipper, M|\n|poke|p1|Floatzel, M|\n|poke|p1|Beartic, F|\n|poke|p1|Manaphy|\n|poke|p2|Ninetales-Alola, F|\n|poke|p2|Kommo-o, F|\n|poke|p2|Rillaboom, M|\n|poke|p2|Sneasler, F|\n|poke|p2|Cinderace, F|\n|poke|p2|Walking Wake|\n|teampreview\n|inactive|Battle timer is ON: inactive players will automatically lose when time's up. (requested by lrl grego)\n|\n|t:|1699113950\n|start\n|switch|p1a: Pelipper|Pelipper, M|100\/100\n|switch|p2a: Firefox|Cinderace, F, shiny|100\/100\n|-weather|RainDance|[from] ability: Drizzle|[of] p1a: Pelipper\n|turn|1\n|\n|t:|1699113962\n|move|p2a: Firefox|U-turn|p1a: Pelipper\n|-start|p2a: Firefox|typechange|Bug|[from] ability: Libero\n|-resisted|p1a: Pelipper\n|-damage|p1a: Pelipper|82\/100\n|\n|t:|1699113970\n|switch|p2a: Water gun|Ninetales-Alola, F, shiny|100\/100|[from] U-turn\n|-weather|Snow|[from] ability: Snow Warning|[of] p2a: Water gun\n|move|p1a: Pelipper|Hurricane|p2a: Water gun\n|-damage|p2a: Water gun|53\/100\n|\n|-weather|Snow|[upkeep]\n|upkeep\n|turn|2\n|\n|t:|1699113986\n|move|p2a: Water gun|Aurora Veil|p2a: Water gun\n|-sidestart|p2: lrl grego|move: Aurora Veil\n|move|p1a: Pelipper|U-turn|p2a: Water gun\n|-resisted|p2a: Water gun\n|-crit|p2a: Water gun\n|-damage|p2a: Water gun|47\/100\n|inactive|Asta28240 has 270 seconds left.\n|\n|t:|1699114024\n|switch|p1a: Manaphy|Manaphy|100\/100|[from] U-turn\n|\n|-weather|Snow|[upkeep]\n|upkeep\n|turn|3\n|\n|t:|1699114036\n|switch|p2a: Walking Wake|Walking Wake|100\/100\n|move|p1a: Manaphy|Take Heart|p1a: Manaphy\n|-boost|p1a: Manaphy|spa|1\n|-boost|p1a: Manaphy|spd|1\n|\n|-weather|Snow|[upkeep]\n|upkeep\n|turn|4\n|\n|t:|1699114047\n|move|p2a: Walking Wake|Substitute|p2a: Walking Wake\n|-start|p2a: Walking Wake|Substitute\n|-damage|p2a: Walking Wake|76\/100\n|move|p1a: Manaphy|Take Heart|p1a: Manaphy\n|-boost|p1a: Manaphy|spa|1\n|-boost|p1a: Manaphy|spd|1\n|\n|-weather|Snow|[upkeep]\n|-heal|p2a: Walking Wake|82\/100|[from] item: Leftovers\n|upkeep\n|turn|5\n|\n|t:|1699114058\n|move|p1a: Manaphy|Take Heart|p1a: Manaphy\n|-boost|p1a: Manaphy|spa|1\n|-boost|p1a: Manaphy|spd|1\n|move|p2a: Walking Wake|Roar|p1a: Manaphy\n|drag|p1a: Pelipper|Pelipper, M|82\/100\n|-weather|RainDance|[from] ability: Drizzle|[of] p1a: Pelipper\n|\n|-weather|RainDance|[upkeep]\n|-heal|p2a: Walking Wake|88\/100|[from] item: Leftovers\n|upkeep\n|turn|6\n|inactive|Asta28240 has 240 seconds left.\n|l|\u2606Asta28240\n|inactive|Asta28240 disconnected and has 300 seconds to reconnect!\n|player|p1|\n|inactive|Asta28240 has 270 seconds to reconnect!\n|j|\u2606Asta28240\n|inactive|Asta28240 reconnected and has 235 seconds left.\n|player|p1|Asta28240|boarder\n|l|\u2606Asta28240\n|inactive|Asta28240 disconnected and has 270 seconds to reconnect!\n|player|p1|\n|j|\u2606Asta28240\n|inactive|Asta28240 reconnected and has 235 seconds left.\n|player|p1|Asta28240|boarder\n|\n|t:|1699114127\n|move|p2a: Walking Wake|Hydro Steam|p1a: Pelipper\n|-resisted|p1a: Pelipper\n|-damage|p1a: Pelipper|38\/100\n|move|p1a: Pelipper|Hurricane|p2a: Walking Wake\n|-end|p2a: Walking Wake|Substitute\n|\n|-weather|RainDance|[upkeep]\n|-heal|p2a: Walking Wake|94\/100|[from] item: Leftovers\n|upkeep\n|turn|7\n|inactive|Asta28240 has 240 seconds left.\n|\n|t:|1699114137\n|move|p2a: Walking Wake|Hydro Steam|p1a: Pelipper\n|-resisted|p1a: Pelipper\n|-damage|p1a: Pelipper|0 fnt\n|faint|p1a: Pelipper\n|\n|-weather|RainDance|[upkeep]\n|-heal|p2a: Walking Wake|100\/100|[from] item: Leftovers\n|upkeep\n|\n|t:|1699114145\n|switch|p1a: Beartic|Beartic, F|100\/100\n|turn|8\n|\n|t:|1699114150\n|move|p1a: Beartic|Play Rough|p2a: Walking Wake\n|-supereffective|p2a: Walking Wake\n|-damage|p2a: Walking Wake|65\/100\n|-unboost|p2a: Walking Wake|atk|1\n|move|p2a: Walking Wake|Hydro Steam|p1a: Beartic\n|-damage|p1a: Beartic|24\/100\n|\n|-weather|RainDance|[upkeep]\n|-heal|p2a: Walking Wake|71\/100|[from] item: Leftovers\n|upkeep\n|turn|9\n|\n|t:|1699114164\n|move|p1a: Beartic|Play Rough|p2a: Walking Wake\n|-supereffective|p2a: Walking Wake\n|-damage|p2a: Walking Wake|35\/100\n|move|p2a: Walking Wake|Hydro Steam|p1a: Beartic\n|-crit|p1a: Beartic\n|-damage|p1a: Beartic|0 fnt\n|faint|p1a: Beartic\n|\n|-weather|RainDance|[upkeep]\n|-heal|p2a: Walking Wake|42\/100|[from] item: Leftovers\n|-sideend|p2: lrl grego|move: Aurora Veil\n|upkeep\n|inactive|Asta28240 has 240 seconds left.\n|\n|t:|1699114176\n|switch|p1a: Dragonite|Dragonite, F|100\/100\n|turn|10\n|\n|t:|1699114182\n|move|p2a: Walking Wake|Dragon Pulse|p1a: Dragonite\n|-supereffective|p1a: Dragonite\n|-damage|p1a: Dragonite|7\/100\n|move|p1a: Dragonite|Draco Meteor|p2a: Walking Wake\n|-supereffective|p2a: Walking Wake\n|-damage|p2a: Walking Wake|0 fnt\n|-unboost|p1a: Dragonite|spa|2\n|faint|p2a: Walking Wake\n|-end|p2a: Walking Wake|Protosynthesis|[silent]\n|\n|-weather|RainDance|[upkeep]\n|upkeep\n|\n|t:|1699114188\n|switch|p2a: Water gun|Ninetales-Alola, F, shiny|47\/100\n|-weather|Snow|[from] ability: Snow Warning|[of] p2a: Water gun\n|turn|11\n|\n|t:|1699114200\n|move|p2a: Water gun|Aurora Veil|p2a: Water gun\n|-sidestart|p2: lrl grego|move: Aurora Veil\n|move|p1a: Dragonite|Thunder|p2a: Water gun\n|-damage|p2a: Water gun|40\/100\n|\n|-weather|Snow|[upkeep]\n|upkeep\n|turn|12\n|\n|t:|1699114210\n|move|p2a: Water gun|Freeze-Dry|p1a: Dragonite\n|-supereffective|p1a: Dragonite\n|-damage|p1a: Dragonite|0 fnt\n|faint|p1a: Dragonite\n|\n|-weather|Snow|[upkeep]\n|upkeep\n|\n|t:|1699114219\n|switch|p1a: Zapdos|Zapdos|100\/100\n|-ability|p1a: Zapdos|Pressure\n|turn|13\n|j| jimcf\n|\n|t:|1699114225\n|move|p2a: Water gun|Freeze-Dry|p1a: Zapdos\n|-supereffective|p1a: Zapdos\n|-damage|p1a: Zapdos|52\/100\n|move|p1a: Zapdos|Heat Wave|p2a: Water gun\n|-supereffective|p2a: Water gun\n|-crit|p2a: Water gun\n|-damage|p2a: Water gun|0 fnt\n|faint|p2a: Water gun\n|\n|-weather|Snow|[upkeep]\n|upkeep\n|\n|t:|1699114234\n|switch|p2a: Normalement|Kommo-o, F, shiny|100\/100\n|turn|14\n|\n|t:|1699114241\n|switch|p1a: Floatzel|Floatzel, M|100\/100\n|-terastallize|p2a: Normalement|Normal\n|move|p2a: Normalement|Clangorous Soul|p2a: Normalement\n|-boost|p2a: Normalement|atk|1\n|-boost|p2a: Normalement|def|1\n|-boost|p2a: Normalement|spa|1\n|-boost|p2a: Normalement|spd|1\n|-boost|p2a: Normalement|spe|1\n|-damage|p2a: Normalement|68\/100\n|-enditem|p2a: Normalement|Throat Spray\n|-boost|p2a: Normalement|spa|1|[from] item: Throat Spray\n|\n|-weather|Snow|[upkeep]\n|upkeep\n|turn|15\n|inactive|Asta28240 has 270 seconds left.\n|\n|t:|1699114256\n|move|p2a: Normalement|Boomburst|p1a: Floatzel\n|-damage|p1a: Floatzel|0 fnt\n|faint|p1a: Floatzel\n|\n|-weather|none\n|upkeep\n|inactive|Asta28240 has 270 seconds left.\n|\n|t:|1699114264\n|switch|p1a: Manaphy|Manaphy|100\/100\n|turn|16\n|\n|t:|1699114273\n|move|p2a: Normalement|Boomburst|p1a: Manaphy\n|-damage|p1a: Manaphy|1\/100\n|move|p1a: Manaphy|Take Heart|p1a: Manaphy\n|-boost|p1a: Manaphy|spa|1\n|-boost|p1a: Manaphy|spd|1\n|\n|-heal|p1a: Manaphy|7\/100|[from] item: Leftovers\n|upkeep\n|turn|17\n|j| Dylan in the MA\n|-message|Asta28240 forfeited.\n|\n|win|lrl grego\n|l| Dylan in the MA\n|l|\u2606Asta28240\n","uploadtime":1699114306,"views":8,"p1id":"asta28240","p2id":"lrlgrego","formatid":"gen9ubers","rating":0,"private":0,"password":""}