{"id":"gen9ubers-1972697598","p1":"Blake-Mamba","p2":"tonyzs","format":"[Gen 9] Ubers","log":"|j|\u2606Blake-Mamba\n|j|\u2606tonyzs\n|t:|1697879884\n|gametype|singles\n|player|p1|Blake-Mamba|juan|1166\n|player|p2|tonyzs|caitlin|1050\n|teamsize|p1|6\n|teamsize|p2|6\n|gen|9\n|tier|[Gen 9] Ubers\n|rated|\n|rule|Sleep Clause Mod: Limit one foe put to sleep\n|rule|Species Clause: Limit one of each Pok\u00e9mon\n|rule|OHKO Clause: OHKO moves are banned\n|rule|Evasion Items Clause: Evasion items are banned\n|rule|Evasion Moves Clause: Evasion moves are banned\n|rule|Endless Battle Clause: Forcing endless battles is banned\n|rule|HP Percentage Mod: HP is shown in percentages\n|clearpoke\n|poke|p1|Ogerpon-Hearthflame, F|\n|poke|p1|Vikavolt, M|\n|poke|p1|Okidogi, M|\n|poke|p1|Kommo-o, F|\n|poke|p1|Ursaluna-Bloodmoon, M|\n|poke|p1|Ribombee, F|\n|poke|p2|Kricketune, M|\n|poke|p2|Kyogre|\n|poke|p2|Ogerpon-Hearthflame, F|\n|poke|p2|Tyranitar, F|\n|poke|p2|Houndstone, F|\n|poke|p2|Rayquaza|\n|teampreview\n|\n|t:|1697879892\n|start\n|switch|p1a: Vikavolt|Vikavolt, M|100\/100\n|switch|p2a: Kricketune|Kricketune, M, shiny|100\/100\n|turn|1\n|\n|t:|1697879899\n|move|p2a: Kricketune|Sticky Web|p1a: Vikavolt\n|-sidestart|p1: Blake-Mamba|move: Sticky Web\n|move|p1a: Vikavolt|Thunder|p2a: Kricketune|[miss]\n|-miss|p1a: Vikavolt|p2a: Kricketune\n|\n|upkeep\n|turn|2\n|inactive|Battle timer is ON: inactive players will automatically lose when time's up. (requested by Blake-Mamba)\n|\n|t:|1697879915\n|move|p2a: Kricketune|Perish Song|p2a: Kricketune\n|-start|p1a: Vikavolt|perish3|[silent]\n|-start|p2a: Kricketune|perish3|[silent]\n|-fieldactivate|move: Perish Song\n|move|p1a: Vikavolt|Sticky Web|p2a: Kricketune\n|-sidestart|p2: tonyzs|move: Sticky Web\n|\n|-start|p2a: Kricketune|perish3\n|-start|p1a: Vikavolt|perish3\n|upkeep\n|turn|3\n|-activate|p1a: Vikavolt|item: Quick Claw\n|\n|t:|1697879937\n|switch|p2a: Rayquaza|Rayquaza, shiny|100\/100\n|-ability|p2a: Rayquaza|Air Lock\n|move|p1a: Vikavolt|Thunder|p2a: Rayquaza|[miss]\n|-miss|p1a: Vikavolt|p2a: Rayquaza\n|\n|-start|p1a: Vikavolt|perish2\n|upkeep\n|turn|4\n|-activate|p1a: Vikavolt|item: Quick Claw\n|\n|t:|1697879952\n|move|p1a: Vikavolt|Thunder|p2a: Rayquaza|[miss]\n|-miss|p1a: Vikavolt|p2a: Rayquaza\n|move|p2a: Rayquaza|Substitute|p2a: Rayquaza\n|-start|p2a: Rayquaza|Substitute\n|-damage|p2a: Rayquaza|75\/100\n|\n|-heal|p2a: Rayquaza|82\/100|[from] item: Leftovers\n|-start|p1a: Vikavolt|perish1\n|upkeep\n|turn|5\n|\n|t:|1697879966\n|move|p2a: Rayquaza|Swords Dance|p2a: Rayquaza\n|-boost|p2a: Rayquaza|atk|2\n|move|p1a: Vikavolt|Bug Buzz|p2a: Rayquaza\n|-resisted|p2a: Rayquaza\n|-damage|p2a: Rayquaza|51\/100\n|\n|-heal|p2a: Rayquaza|57\/100|[from] item: Leftovers\n|-start|p1a: Vikavolt|perish0\n|upkeep\n|faint|p1a: Vikavolt\n|\n|t:|1697879981\n|switch|p1a: Kommo-o|Kommo-o, F|100\/100\n|-activate|p1a: Kommo-o|move: Sticky Web\n|-unboost|p1a: Kommo-o|spe|1\n|turn|6\n|\n|t:|1697879990\n|-terastallize|p1a: Kommo-o|Steel\n|move|p2a: Rayquaza|Swords Dance|p2a: Rayquaza\n|-boost|p2a: Rayquaza|atk|2\n|move|p1a: Kommo-o|Iron Head|p2a: Rayquaza\n|-end|p2a: Rayquaza|Substitute\n|\n|-heal|p2a: Rayquaza|63\/100|[from] item: Leftovers\n|upkeep\n|turn|7\n|\n|t:|1697880008\n|-terastallize|p2a: Rayquaza|Normal\n|move|p2a: Rayquaza|Extreme Speed|p1a: Kommo-o\n|-resisted|p1a: Kommo-o\n|-damage|p1a: Kommo-o|51\/100\n|move|p1a: Kommo-o|Iron Head|p2a: Rayquaza\n|-damage|p2a: Rayquaza|16\/100\n|\n|-heal|p2a: Rayquaza|23\/100|[from] item: Leftovers\n|-heal|p1a: Kommo-o|58\/100|[from] item: Leftovers\n|upkeep\n|turn|8\n|\n|t:|1697880023\n|move|p2a: Rayquaza|Dragon Ascent|p1a: Kommo-o\n|-resisted|p1a: Kommo-o\n|-damage|p1a: Kommo-o|0 fnt\n|-unboost|p2a: Rayquaza|def|1\n|-unboost|p2a: Rayquaza|spd|1\n|faint|p1a: Kommo-o\n|\n|-heal|p2a: Rayquaza|29\/100|[from] item: Leftovers\n|upkeep\n|-message|Blake-Mamba forfeited.\n|\n|win|tonyzs\n|raw|Blake-Mamba's rating: 1166 &rarr; <strong>1133<\/strong><br \/>(-33 for losing)\n|raw|tonyzs's rating: 1050 &rarr; <strong>1093<\/strong><br \/>(+43 for winning)\n|l|\u2606Blake-Mamba\n","uploadtime":1697880038,"views":12,"p1id":"blakemamba","p2id":"tonyzs","formatid":"gen9ubers","rating":1093,"private":0,"password":""}