{"id":"gen9ubers-1988573109","p1":"ThatGuyAltro","p2":"hatev2","format":"[Gen 9] Ubers","log":"|j|\u2606ThatGuyAltro\n|j|\u2606hatev2\n|t:|1699737579\n|gametype|singles\n|player|p1|ThatGuyAltro|102|\n|player|p2|hatev2|hiker-gen4|\n|teamsize|p1|6\n|teamsize|p2|6\n|gen|9\n|tier|[Gen 9] Ubers\n|rule|Sleep Clause Mod: Limit one foe put to sleep\n|rule|Species Clause: Limit one of each Pok\u00e9mon\n|rule|OHKO Clause: OHKO moves are banned\n|rule|Evasion Items Clause: Evasion items are banned\n|rule|Evasion Moves Clause: Evasion moves are banned\n|rule|Endless Battle Clause: Forcing endless battles is banned\n|rule|HP Percentage Mod: HP is shown in percentages\n|clearpoke\n|poke|p1|Ursaluna, F|\n|poke|p1|Glastrier|\n|poke|p1|Corviknight, F|\n|poke|p1|Slowking-Galar, F|\n|poke|p1|Ninetales, F|\n|poke|p1|Grimmsnarl, M|\n|poke|p2|Enamorus, F|\n|poke|p2|Dragapult, M|\n|poke|p2|Iron Treads|\n|poke|p2|Toxapex, M|\n|poke|p2|Gurdurr, F|\n|poke|p2|Kingambit, F|\n|teampreview\n|j| MessiMeli\n|j| DivogoJota\n|\n|t:|1699737719\n|start\n|switch|p1a: Stan|Slowking-Galar, F|100\/100\n|switch|p2a: Iron Treads|Iron Treads|100\/100\n|-item|p2a: Iron Treads|Air Balloon\n|turn|1\n|\n|t:|1699737743\n|move|p2a: Iron Treads|Earthquake|p1a: Stan\n|-supereffective|p1a: Stan\n|-damage|p1a: Stan|0 fnt\n|faint|p1a: Stan\n|\n|upkeep\n|c| MessiMeli|NOT STAN\n|c| DivogoJota|poor Stan\n|\n|t:|1699737769\n|switch|p1a: Cartman|Ursaluna, F, shiny|100\/100\n|turn|2\n|c|\u2606hatev2|goodnight stan\n|\n|t:|1699737784\n|move|p2a: Iron Treads|Knock Off|p1a: Cartman\n|-damage|p1a: Cartman|84\/100\n|-enditem|p1a: Cartman|Flame Orb|[from] move: Knock Off|[of] p2a: Iron Treads\n|move|p1a: Cartman|Swords Dance|p1a: Cartman\n|-boost|p1a: Cartman|atk|2\n|\n|upkeep\n|turn|3\n|c| MessiMeli|no wonder i hate this pokemon\n|\n|t:|1699737791\n|move|p2a: Iron Treads|Earthquake|p1a: Cartman\n|-damage|p1a: Cartman|58\/100\n|move|p1a: Cartman|Ice Punch|p2a: Iron Treads\n|-crit|p2a: Iron Treads\n|-damage|p2a: Iron Treads|41\/100\n|-enditem|p2a: Iron Treads|Air Balloon\n|\n|upkeep\n|turn|4\n|\n|t:|1699737798\n|move|p2a: Iron Treads|Iron Head|p1a: Cartman\n|-damage|p1a: Cartman|38\/100\n|cant|p1a: Cartman|flinch\n|\n|upkeep\n|turn|5\n|\n|t:|1699737804\n|move|p2a: Iron Treads|Earthquake|p1a: Cartman\n|-damage|p1a: Cartman|10\/100\n|move|p1a: Cartman|Drain Punch|p2a: Iron Treads\n|-supereffective|p2a: Iron Treads\n|-damage|p2a: Iron Treads|0 fnt\n|-heal|p1a: Cartman|24\/100|[from] drain|[of] p2a: Iron Treads\n|faint|p2a: Iron Treads\n|-end|p2a: Iron Treads|Quark Drive|[silent]\n|\n|upkeep\n|\n|t:|1699737809\n|switch|p2a: Gurdurr|Gurdurr, F|100\/100\n|turn|6\n|\n|t:|1699737822\n|move|p2a: Gurdurr|Mach Punch|p1a: Cartman\n|-supereffective|p1a: Cartman\n|-damage|p1a: Cartman|0 fnt\n|faint|p1a: Cartman\n|\n|upkeep\n|\n|t:|1699737833\n|switch|p1a: Token|Grimmsnarl, M|100\/100\n|turn|7\n|\n|t:|1699737840\n|switch|p2a: Kingambit|Kingambit, F|100\/100\n|-activate|p2a: Kingambit|ability: Supreme Overlord\n|-start|p2a: Kingambit|fallen1|[silent]\n|-item|p2a: Kingambit|Air Balloon\n|move|p1a: Token|Thunder Wave|p2a: Kingambit\n|-hint|Since gen 7, Dark is immune to Prankster moves.\n|-immune|p2a: Kingambit\n|\n|-status|p1a: Token|brn|[from] item: Flame Orb\n|upkeep\n|turn|8\n|\n|t:|1699737853\n|move|p1a: Token|Drain Punch|p2a: Kingambit\n|-supereffective|p2a: Kingambit\n|-damage|p2a: Kingambit|58\/100\n|-enditem|p2a: Kingambit|Air Balloon\n|move|p2a: Kingambit|Iron Head|p1a: Token\n|-supereffective|p1a: Token\n|-damage|p1a: Token|0 fnt\n|faint|p1a: Token\n|\n|upkeep\n|\n|t:|1699737864\n|switch|p1a: Butters|Ninetales, F|100\/100\n|turn|9\n|c| DivogoJota|Prankster against a Dark type\n|c| DivogoJota|again and again\n|\n|t:|1699737886\n|-end|p2a: Kingambit|fallen1|[silent]\n|switch|p2a: Toxapex|Toxapex, M|100\/100\n|move|p1a: Butters|Flamethrower|p2a: Toxapex\n|-resisted|p2a: Toxapex\n|-damage|p2a: Toxapex|86\/100\n|\n|-heal|p2a: Toxapex|92\/100|[from] item: Black Sludge\n|upkeep\n|turn|10\n|\n|t:|1699737912\n|move|p1a: Butters|Nasty Plot|p1a: Butters\n|-boost|p1a: Butters|spa|2\n|move|p2a: Toxapex|Toxic|p1a: Butters\n|-status|p1a: Butters|tox\n|\n|-heal|p2a: Toxapex|98\/100|[from] item: Black Sludge\n|-damage|p1a: Butters|94\/100 tox|[from] psn\n|upkeep\n|turn|11\n|\n|t:|1699737933\n|move|p2a: Toxapex|Baneful Bunker|p2a: Toxapex\n|-singleturn|p2a: Toxapex|move: Protect\n|move|p1a: Butters|Nasty Plot|p1a: Butters\n|-boost|p1a: Butters|spa|2\n|\n|-heal|p2a: Toxapex|100\/100|[from] item: Black Sludge\n|-damage|p1a: Butters|82\/100 tox|[from] psn\n|upkeep\n|turn|12\n|\n|t:|1699737942\n|move|p1a: Butters|Dark Pulse|p2a: Toxapex\n|-damage|p2a: Toxapex|47\/100\n|move|p2a: Toxapex|Recover|p2a: Toxapex\n|-heal|p2a: Toxapex|97\/100\n|\n|-heal|p2a: Toxapex|100\/100|[from] item: Black Sludge\n|-damage|p1a: Butters|63\/100 tox|[from] psn\n|upkeep\n|turn|13\n|\n|t:|1699737949\n|move|p2a: Toxapex|Baneful Bunker|p2a: Toxapex\n|-singleturn|p2a: Toxapex|move: Protect\n|move|p1a: Butters|Nasty Plot|p1a: Butters\n|-boost|p1a: Butters|spa|2\n|\n|-damage|p1a: Butters|38\/100 tox|[from] psn\n|upkeep\n|turn|14\n|c|\u2606hatev2|welcome to club pex\n|\n|t:|1699737965\n|move|p1a: Butters|Flamethrower|p2a: Toxapex\n|-resisted|p2a: Toxapex\n|-damage|p2a: Toxapex|49\/100\n|move|p2a: Toxapex|Recover|p2a: Toxapex\n|-heal|p2a: Toxapex|99\/100\n|\n|-heal|p2a: Toxapex|100\/100|[from] item: Black Sludge\n|-damage|p1a: Butters|7\/100 tox|[from] psn\n|upkeep\n|turn|15\n|\n|t:|1699737977\n|move|p2a: Toxapex|Baneful Bunker|p2a: Toxapex\n|-singleturn|p2a: Toxapex|move: Protect\n|move|p1a: Butters|Dark Pulse|p2a: Toxapex\n|-activate|p2a: Toxapex|move: Protect\n|\n|-damage|p1a: Butters|0 fnt|[from] psn\n|faint|p1a: Butters\n|upkeep\n|\n|t:|1699737997\n|switch|p1a: Kenny|Glastrier|100\/100\n|turn|16\n|c|\u2606hatev2|NOT KENNY\n|c| MessiMeli|THEY KILLED KENNY\n|\n|t:|1699738018\n|move|p2a: Toxapex|Toxic|p1a: Kenny\n|-status|p1a: Kenny|tox\n|move|p1a: Kenny|Icicle Crash|p2a: Toxapex\n|-resisted|p2a: Toxapex\n|-damage|p2a: Toxapex|86\/100\n|\n|-heal|p2a: Toxapex|92\/100|[from] item: Black Sludge\n|-damage|p1a: Kenny|94\/100 tox|[from] psn\n|upkeep\n|turn|17\n|c|\u2606hatev2|OMG YOU KILLED KENNY\n|\n|t:|1699738029\n|move|p2a: Toxapex|Chilling Water|p1a: Kenny\n|-damage|p1a: Kenny|88\/100 tox\n|-unboost|p1a: Kenny|atk|1\n|move|p1a: Kenny|Icicle Crash|p2a: Toxapex\n|-resisted|p2a: Toxapex\n|-crit|p2a: Toxapex\n|-damage|p2a: Toxapex|68\/100\n|\n|-heal|p2a: Toxapex|75\/100|[from] item: Black Sludge\n|-damage|p1a: Kenny|76\/100 tox|[from] psn\n|upkeep\n|turn|18\n|\n|t:|1699738039\n|switch|p1a: Randy|Corviknight, F|100\/100\n|-ability|p1a: Randy|Pressure\n|move|p2a: Toxapex|Chilling Water|p1a: Randy\n|-damage|p1a: Randy|90\/100\n|-unboost|p1a: Randy|atk|1\n|\n|-heal|p1a: Randy|96\/100|[from] item: Leftovers\n|-heal|p2a: Toxapex|81\/100|[from] item: Black Sludge\n|upkeep\n|turn|19\n|\n|t:|1699738052\n|switch|p2a: Enamorus|Enamorus, F|100\/100\n|move|p1a: Randy|Iron Head|p2a: Enamorus\n|-supereffective|p2a: Enamorus\n|-damage|p2a: Enamorus|42\/100\n|\n|-heal|p1a: Randy|100\/100|[from] item: Leftovers\n|upkeep\n|turn|20\n|\n|t:|1699738061\n|move|p2a: Enamorus|Mystical Fire|p1a: Randy\n|-supereffective|p1a: Randy\n|-damage|p1a: Randy|38\/100\n|-unboost|p1a: Randy|spa|1\n|move|p1a: Randy|Iron Head|p2a: Enamorus\n|-supereffective|p2a: Enamorus\n|-damage|p2a: Enamorus|0 fnt\n|faint|p2a: Enamorus\n|\n|-heal|p1a: Randy|44\/100|[from] item: Leftovers\n|upkeep\n|\n|t:|1699738064\n|switch|p2a: Dragapult|Dragapult, M|100\/100\n|turn|21\n|\n|t:|1699738075\n|move|p2a: Dragapult|Flamethrower|p1a: Randy\n|-supereffective|p1a: Randy\n|-damage|p1a: Randy|0 fnt\n|faint|p1a: Randy\n|\n|upkeep\n|\n|t:|1699738080\n|switch|p1a: Kenny|Glastrier|76\/100 tox\n|turn|22\n|\n|t:|1699738083\n|move|p2a: Dragapult|Flamethrower|p1a: Kenny\n|-supereffective|p1a: Kenny\n|-damage|p1a: Kenny|40\/100 tox\n|move|p1a: Kenny|Icicle Crash|p2a: Dragapult\n|-supereffective|p2a: Dragapult\n|-damage|p2a: Dragapult|0 fnt\n|faint|p2a: Dragapult\n|-ability|p1a: Kenny|Chilling Neigh|boost\n|-boost|p1a: Kenny|atk|1\n|\n|-damage|p1a: Kenny|34\/100 tox|[from] psn\n|upkeep\n|j| Manatsu\n|\n|t:|1699738087\n|switch|p2a: Toxapex|Toxapex, M|100\/100\n|turn|23\n|\n|t:|1699738099\n|-terastallize|p1a: Kenny|Water\n|move|p2a: Toxapex|Chilling Water|p1a: Kenny\n|-resisted|p1a: Kenny\n|-damage|p1a: Kenny|31\/100 tox\n|-unboost|p1a: Kenny|atk|1\n|move|p1a: Kenny|Icicle Crash|p2a: Toxapex\n|-resisted|p2a: Toxapex\n|-damage|p2a: Toxapex|85\/100\n|\n|-heal|p2a: Toxapex|91\/100|[from] item: Black Sludge\n|-damage|p1a: Kenny|19\/100 tox|[from] psn\n|upkeep\n|turn|24\n|\n|t:|1699738109\n|move|p2a: Toxapex|Chilling Water|p1a: Kenny\n|-resisted|p1a: Kenny\n|-damage|p1a: Kenny|15\/100 tox\n|-unboost|p1a: Kenny|atk|1\n|move|p1a: Kenny|Icicle Crash|p2a: Toxapex\n|-resisted|p2a: Toxapex\n|-damage|p2a: Toxapex|81\/100\n|\n|-heal|p2a: Toxapex|87\/100|[from] item: Black Sludge\n|-damage|p1a: Kenny|0 fnt|[from] psn\n|faint|p1a: Kenny\n|\n|win|hatev2\n|upkeep\n|c|\u2606hatev2|gg\n|c| DivogoJota|gg\n|l| DivogoJota\n|c|\u2606ThatGuyAltro|gg\n|l|\u2606ThatGuyAltro\n|l| MessiMeli\n","uploadtime":1699738122,"views":59,"p1id":"thatguyaltro","p2id":"hatev2","formatid":"gen9ubers","rating":0,"private":0,"password":""}