{"id":"gen9ubers-1983459740","p1":"vftugyul","p2":"AubreyOmori1","format":"[Gen 9] Ubers","log":"|j|\u2606vftugyul\n|j|\u2606AubreyOmori1\n|t:|1699132428\n|gametype|singles\n|player|p1|vftugyul|102|1157\n|player|p2|AubreyOmori1|roxie|1378\n|teamsize|p1|6\n|teamsize|p2|6\n|gen|9\n|tier|[Gen 9] Ubers\n|rated|\n|rule|Sleep Clause Mod: Limit one foe put to sleep\n|rule|Species Clause: Limit one of each Pok\u00e9mon\n|rule|OHKO Clause: OHKO moves are banned\n|rule|Evasion Items Clause: Evasion items are banned\n|rule|Evasion Moves Clause: Evasion moves are banned\n|rule|Endless Battle Clause: Forcing endless battles is banned\n|rule|HP Percentage Mod: HP is shown in percentages\n|clearpoke\n|poke|p1|Miraidon|\n|poke|p1|Koraidon|\n|poke|p1|Zacian-*|\n|poke|p1|Arceus|\n|poke|p1|Flutter Mane|\n|poke|p1|Kyogre|\n|poke|p2|Ribombee, F|\n|poke|p2|Arceus|\n|poke|p2|Miraidon|\n|poke|p2|Zacian-*|\n|poke|p2|Koraidon|\n|poke|p2|Flutter Mane|\n|teampreview\n|\n|t:|1699132440\n|start\n|switch|p1a: Arceus|Arceus|100\/100\n|switch|p2a: Needle|Ribombee, F, shiny|100\/100\n|turn|1\n|\n|t:|1699132444\n|move|p1a: Arceus|Extreme Speed|p2a: Needle\n|-damage|p2a: Needle|14\/100\n|move|p2a: Needle|Sticky Web|p1a: Arceus\n|-sidestart|p1: vftugyul|move: Sticky Web\n|\n|upkeep\n|turn|2\n|\n|t:|1699132449\n|move|p1a: Arceus|Extreme Speed|p2a: Needle\n|-damage|p2a: Needle|0 fnt\n|faint|p2a: Needle\n|\n|upkeep\n|\n|t:|1699132453\n|switch|p2a: Yoshi|Koraidon|100\/100\n|-weather|SunnyDay|[from] ability: Orichalcum Pulse|[of] p2a: Yoshi\n|-activate|p2a: Yoshi|Orichalcum Pulse|[source]\n|turn|3\n|\n|t:|1699132472\n|-terastallize|p1a: Arceus|Ghost\n|move|p2a: Yoshi|Swords Dance|p2a: Yoshi\n|-boost|p2a: Yoshi|atk|2\n|move|p1a: Arceus|Swords Dance|p1a: Arceus\n|-boost|p1a: Arceus|atk|2\n|\n|-weather|SunnyDay|[upkeep]\n|upkeep\n|turn|4\n|\n|t:|1699132480\n|-terastallize|p2a: Yoshi|Ghost\n|move|p1a: Arceus|Extreme Speed|p2a: Yoshi\n|-immune|p2a: Yoshi\n|move|p2a: Yoshi|Scale Shot|p1a: Arceus\n|-damage|p1a: Arceus|78\/100\n|-damage|p1a: Arceus|54\/100\n|-damage|p1a: Arceus|28\/100\n|-damage|p1a: Arceus|3\/100\n|-hitcount|p1a: Arceus|4\n|-unboost|p2a: Yoshi|def|1\n|-boost|p2a: Yoshi|spe|1\n|\n|-weather|SunnyDay|[upkeep]\n|-heal|p1a: Arceus|9\/100|[from] item: Leftovers\n|upkeep\n|turn|5\n|\n|t:|1699132496\n|move|p2a: Yoshi|Scale Shot|p1a: Arceus\n|-damage|p1a: Arceus|0 fnt\n|faint|p1a: Arceus\n|-hitcount|p1: Arceus|1\n|-unboost|p2a: Yoshi|def|1\n|-boost|p2a: Yoshi|spe|1\n|\n|-weather|SunnyDay|[upkeep]\n|upkeep\n|\n|t:|1699132527\n|switch|p1a: Kyogre|Kyogre|100\/100\n|-activate|p1a: Kyogre|move: Sticky Web\n|-unboost|p1a: Kyogre|spe|1\n|-weather|RainDance|[from] ability: Drizzle|[of] p1a: Kyogre\n|turn|6\n|\n|t:|1699132538\n|move|p2a: Yoshi|Scale Shot|p1a: Kyogre\n|-damage|p1a: Kyogre|73\/100\n|-damage|p1a: Kyogre|45\/100\n|-damage|p1a: Kyogre|17\/100\n|-damage|p1a: Kyogre|0 fnt\n|faint|p1a: Kyogre\n|-hitcount|p1: Kyogre|4\n|-unboost|p2a: Yoshi|def|1\n|-boost|p2a: Yoshi|spe|1\n|\n|-weather|RainDance|[upkeep]\n|upkeep\n|\n|t:|1699132561\n|switch|p1a: Zacian|Zacian-Crowned|100\/100\n|-activate|p1a: Zacian|move: Sticky Web\n|-unboost|p1a: Zacian|spe|1\n|-ability|p1a: Zacian|Intrepid Sword|boost\n|-boost|p1a: Zacian|atk|1\n|turn|7\n|\n|t:|1699132567\n|move|p2a: Yoshi|Flare Blitz|p1a: Zacian\n|-supereffective|p1a: Zacian\n|-crit|p1a: Zacian\n|-damage|p1a: Zacian|0 fnt\n|faint|p1a: Zacian\n|-damage|p2a: Yoshi|69\/100|[from] Recoil\n|\n|-weather|RainDance|[upkeep]\n|upkeep\n|\n|t:|1699132579\n|switch|p1a: Flutter Mane|Flutter Mane|100\/100\n|-activate|p1a: Flutter Mane|move: Sticky Web\n|-unboost|p1a: Flutter Mane|spe|1\n|turn|8\n|\n|t:|1699132590\n|move|p2a: Yoshi|Flare Blitz|p1a: Flutter Mane\n|-damage|p1a: Flutter Mane|0 fnt\n|faint|p1a: Flutter Mane\n|-end|p1a: Flutter Mane|Protosynthesis|[silent]\n|-damage|p2a: Yoshi|45\/100|[from] Recoil\n|\n|-weather|RainDance|[upkeep]\n|upkeep\n|\n|t:|1699132606\n|switch|p1a: Koraidon|Koraidon|100\/100\n|-activate|p1a: Koraidon|move: Sticky Web\n|-unboost|p1a: Koraidon|spe|1\n|-weather|SunnyDay|[from] ability: Orichalcum Pulse|[of] p1a: Koraidon\n|-activate|p1a: Koraidon|Orichalcum Pulse|[source]\n|turn|9\n|inactive|Battle timer is ON: inactive players will automatically lose when time's up. (requested by AubreyOmori1)\n|\n|t:|1699132624\n|move|p2a: Yoshi|Scale Shot|p1a: Koraidon\n|-supereffective|p1a: Koraidon\n|-damage|p1a: Koraidon|40\/100\n|-supereffective|p1a: Koraidon\n|-damage|p1a: Koraidon|0 fnt\n|faint|p1a: Koraidon\n|-hitcount|p1: Koraidon|2\n|-unboost|p2a: Yoshi|def|1\n|-boost|p2a: Yoshi|spe|1\n|\n|-weather|SunnyDay|[upkeep]\n|upkeep\n|c|\u2606vftugyul|gg\n|\n|t:|1699132638\n|switch|p1a: Miraidon|Miraidon|100\/100\n|-activate|p1a: Miraidon|move: Sticky Web\n|-unboost|p1a: Miraidon|spe|1\n|-fieldstart|move: Electric Terrain|[from] ability: Hadron Engine|[of] p1a: Miraidon\n|turn|10\n|c|\u2606AubreyOmori1|gg\n|\n|t:|1699132647\n|move|p2a: Yoshi|Scale Shot|p1a: Miraidon\n|-supereffective|p1a: Miraidon\n|-damage|p1a: Miraidon|32\/100\n|-supereffective|p1a: Miraidon\n|-damage|p1a: Miraidon|0 fnt\n|faint|p1a: Miraidon\n|-hitcount|p1: Miraidon|2\n|\n|win|AubreyOmori1\n|raw|vftugyul's rating: 1157 &rarr; <strong>1146<\/strong><br \/>(-11 for losing)\n|raw|AubreyOmori1's rating: 1378 &rarr; <strong>1387<\/strong><br \/>(+9 for winning)\n","uploadtime":1699132653,"views":4,"p1id":"vftugyul","p2id":"aubreyomori1","formatid":"gen9ubers","rating":1146,"private":0,"password":""}