{"id":"gen9ubers-1990840101","p1":"flambojambo","p2":"Nagaina040501","format":"[Gen 9] Ubers","log":"|j|\u2606flambojambo\n|j|\u2606Nagaina040501\n|t:|1700006307\n|gametype|singles\n|player|p1|flambojambo|skyla|\n|player|p2|Nagaina040501|sailor|\n|teamsize|p1|6\n|teamsize|p2|6\n|gen|9\n|tier|[Gen 9] Ubers\n|rule|Sleep Clause Mod: Limit one foe put to sleep\n|rule|Species Clause: Limit one of each Pok\u00e9mon\n|rule|OHKO Clause: OHKO moves are banned\n|rule|Evasion Items Clause: Evasion items are banned\n|rule|Evasion Moves Clause: Evasion moves are banned\n|rule|Endless Battle Clause: Forcing endless battles is banned\n|rule|HP Percentage Mod: HP is shown in percentages\n|clearpoke\n|poke|p1|Zamazenta-*|\n|poke|p1|Skeledirge, F|\n|poke|p1|Enamorus, F|\n|poke|p1|Manaphy|\n|poke|p1|Kommo-o, F|\n|poke|p1|Morpeko, M|\n|poke|p2|Palafin, M|\n|poke|p2|Greninja-*, M|\n|poke|p2|Pelipper, F|\n|poke|p2|Zapdos|\n|poke|p2|Basculegion, M|\n|poke|p2|Ursaluna-Bloodmoon, M|\n|teampreview\n|j| RiddleDog\n|\n|t:|1700006378\n|start\n|switch|p1a: Morpeko|Morpeko, M, shiny|100\/100\n|switch|p2a: Grizzly|Ursaluna-Bloodmoon, M|100\/100\n|turn|1\n|\n|t:|1700006389\n|-terastallize|p2a: Grizzly|Normal\n|move|p1a: Morpeko|Fake Out|p2a: Grizzly\n|-damage|p2a: Grizzly|91\/100\n|cant|p2a: Grizzly|flinch\n|\n|-formechange|p1a: Morpeko|Morpeko-Hangry||[from] ability: Hunger Switch\n|upkeep\n|turn|2\n|\n|t:|1700006411\n|move|p1a: Morpeko|Knock Off|p2a: Grizzly\n|-damage|p2a: Grizzly|56\/100\n|-enditem|p2a: Grizzly|Assault Vest|[from] move: Knock Off|[of] p1a: Morpeko\n|move|p2a: Grizzly|Blood Moon|p1a: Morpeko\n|-damage|p1a: Morpeko|0 fnt\n|faint|p1a: Morpeko\n|\n|upkeep\n|\n|t:|1700006433\n|switch|p1a: Annamorus|Enamorus, F, shiny|100\/100\n|turn|3\n|\n|t:|1700006448\n|switch|p2a: Pepper|Pelipper, F|100\/100\n|-weather|RainDance|[from] ability: Drizzle|[of] p2a: Pepper\n|move|p1a: Annamorus|Moonblast|p2a: Pepper\n|-damage|p2a: Pepper|0 fnt\n|faint|p2a: Pepper\n|\n|-weather|RainDance|[upkeep]\n|upkeep\n|j| Wha1efish\n|\n|t:|1700006469\n|switch|p2a: Basculegion|Basculegion, M|100\/100\n|turn|4\n|\n|t:|1700006527\n|switch|p1a: Kommo-o|Kommo-o, F, shiny|100\/100\n|move|p2a: Basculegion|Wave Crash|p1a: Kommo-o\n|-resisted|p1a: Kommo-o\n|-damage|p1a: Kommo-o|47\/100\n|-damage|p2a: Basculegion|87\/100|[from] Recoil\n|\n|-weather|RainDance|[upkeep]\n|upkeep\n|turn|5\n|\n|t:|1700006573\n|move|p2a: Basculegion|Wave Crash|p1a: Kommo-o\n|-resisted|p1a: Kommo-o\n|-damage|p1a: Kommo-o|0 fnt\n|faint|p1a: Kommo-o\n|-damage|p2a: Basculegion|75\/100|[from] Recoil\n|\n|-weather|RainDance|[upkeep]\n|upkeep\n|\n|t:|1700006584\n|switch|p1a: spirt|Manaphy, shiny|100\/100\n|turn|6\n|\n|t:|1700006594\n|move|p2a: Basculegion|Wave Crash|p1a: spirt\n|-resisted|p1a: spirt\n|-damage|p1a: spirt|48\/100\n|-damage|p2a: Basculegion|60\/100|[from] Recoil\n|move|p1a: spirt|Psychic|p2a: Basculegion\n|-damage|p2a: Basculegion|29\/100\n|\n|-weather|RainDance|[upkeep]\n|-heal|p1a: spirt|54\/100|[from] item: Leftovers\n|upkeep\n|turn|7\n|\n|t:|1700006621\n|move|p2a: Basculegion|Wave Crash|p1a: spirt\n|-resisted|p1a: spirt\n|-damage|p1a: spirt|0 fnt\n|faint|p1a: spirt\n|-damage|p2a: Basculegion|13\/100|[from] Recoil\n|\n|-weather|RainDance|[upkeep]\n|upkeep\n|\n|t:|1700006631\n|switch|p1a: Sarahdirge|Skeledirge, F, shiny|100\/100\n|turn|8\n|\n|t:|1700006640\n|-terastallize|p1a: Sarahdirge|Fairy\n|move|p2a: Basculegion|Wave Crash|p1a: Sarahdirge\n|-damage|p1a: Sarahdirge|21\/100\n|-damage|p2a: Basculegion|0 fnt|[from] Recoil\n|faint|p2a: Basculegion\n|move|p1a: Sarahdirge|Tera Blast|p2: Basculegion|[notarget]\n|-fail|p1a: Sarahdirge\n|\n|-weather|RainDance|[upkeep]\n|upkeep\n|\n|t:|1700006653\n|switch|p2a: Real Gone|Zapdos|100\/100\n|turn|9\n|\n|t:|1700006659\n|move|p2a: Real Gone|Hurricane|p1a: Sarahdirge\n|-damage|p1a: Sarahdirge|0 fnt\n|faint|p1a: Sarahdirge\n|\n|-weather|RainDance|[upkeep]\n|upkeep\n|\n|t:|1700006681\n|switch|p1a: Annamorus|Enamorus, F, shiny|100\/100\n|turn|10\n|\n|t:|1700006685\n|move|p1a: Annamorus|Moonblast|p2a: Real Gone\n|-damage|p2a: Real Gone|15\/100\n|move|p2a: Real Gone|Hurricane|p1a: Annamorus\n|-damage|p1a: Annamorus|0 fnt\n|faint|p1a: Annamorus\n|\n|-weather|none\n|upkeep\n|\n|t:|1700006693\n|switch|p1a: Zendaya - Crowned|Zamazenta-Crowned, shiny|100\/100\n|-ability|p1a: Zendaya - Crowned|Dauntless Shield|boost\n|-boost|p1a: Zendaya - Crowned|def|1\n|turn|11\n|\n|t:|1700006705\n|move|p1a: Zendaya - Crowned|Body Press|p2a: Real Gone\n|-resisted|p2a: Real Gone\n|-damage|p2a: Real Gone|0 fnt\n|faint|p2a: Real Gone\n|\n|upkeep\n|\n|t:|1700006718\n|switch|p2a: Grizzly|Ursaluna-Bloodmoon, M, tera:Normal|56\/100\n|turn|12\n|\n|t:|1700006732\n|move|p1a: Zendaya - Crowned|Body Press|p2a: Grizzly\n|-supereffective|p2a: Grizzly\n|-damage|p2a: Grizzly|0 fnt\n|faint|p2a: Grizzly\n|\n|upkeep\n|\n|t:|1700006743\n|switch|p2a: Feeeeeesh|Palafin, M|100\/100\n|turn|13\n|\n|t:|1700006748\n|detailschange|p2a: Feeeeeesh|Palafin-Hero, M\n|switch|p2a: Greninja|Greninja, M|100\/100\n|move|p1a: Zendaya - Crowned|Iron Defense|p1a: Zendaya - Crowned\n|-boost|p1a: Zendaya - Crowned|def|2\n|\n|upkeep\n|turn|14\n|\n|t:|1700006762\n|move|p2a: Greninja|Surf|p1a: Zendaya - Crowned\n|-damage|p1a: Zendaya - Crowned|72\/100\n|move|p1a: Zendaya - Crowned|Body Press|p2a: Greninja\n|-supereffective|p2a: Greninja\n|-damage|p2a: Greninja|0 fnt\n|faint|p2a: Greninja\n|\n|upkeep\n|\n|t:|1700006768\n|switch|p2a: Feeeeeesh|Palafin-Hero, M|100\/100\n|-activate|p2a: Feeeeeesh|ability: Zero to Hero\n|turn|15\n|\n|t:|1700006777\n|move|p1a: Zendaya - Crowned|Body Press|p2a: Feeeeeesh\n|-damage|p2a: Feeeeeesh|13\/100\n|move|p2a: Feeeeeesh|Wave Crash|p1a: Zendaya - Crowned\n|-damage|p1a: Zendaya - Crowned|37\/100\n|-damage|p2a: Feeeeeesh|2\/100|[from] Recoil\n|\n|upkeep\n|turn|16\n|\n|t:|1700006786\n|move|p1a: Zendaya - Crowned|Body Press|p2a: Feeeeeesh\n|-damage|p2a: Feeeeeesh|0 fnt\n|faint|p2a: Feeeeeesh\n|\n|win|flambojambo\n|l|\u2606Nagaina040501\n|l| RiddleDog\n","uploadtime":1700006809,"views":13,"p1id":"flambojambo","p2id":"nagaina040501","formatid":"gen9ubers","rating":0,"private":0,"password":""}