{"id":"gen9ubers-1978276746","p1":"Aurorecristal","p2":"Vilja RPPLF","format":"[Gen 9] Ubers","log":"|j|\u2606Aurorecristal\n|j|\u2606Vilja RPPLF\n|t:|1698519961\n|gametype|singles\n|player|p1|Aurorecristal|lady|\n|player|p2|Vilja RPPLF|n-masters3|\n|teamsize|p1|6\n|teamsize|p2|6\n|gen|9\n|tier|[Gen 9] Ubers\n|rule|Sleep Clause Mod: Limit one foe put to sleep\n|rule|Species Clause: Limit one of each Pok\u00e9mon\n|rule|OHKO Clause: OHKO moves are banned\n|rule|Evasion Items Clause: Evasion items are banned\n|rule|Evasion Moves Clause: Evasion moves are banned\n|rule|Endless Battle Clause: Forcing endless battles is banned\n|rule|HP Percentage Mod: HP is shown in percentages\n|clearpoke\n|poke|p1|Typhlosion-Hisui, M|\n|poke|p1|Vikavolt, M|\n|poke|p1|Lokix, M|\n|poke|p1|Kingambit, M|\n|poke|p1|Mew|\n|poke|p1|Mienshao, F|\n|poke|p2|Shiftry, F|\n|poke|p2|Rillaboom, M|\n|poke|p2|Zapdos|\n|poke|p2|Rotom-Wash|\n|poke|p2|Iron Hands|\n|poke|p2|Ogerpon-Wellspring, F|\n|teampreview\n|inactive|Battle timer is ON: inactive players will automatically lose when time's up. (requested by Vilja RPPLF)\n|inactiveoff|Battle timer is now OFF.\n|c|\u2606Vilja RPPLF|je te souhaite un bon match\n|c|\u2606Aurorecristal|Glhf\n|\n|t:|1698520002\n|start\n|switch|p1a: Mien Shao|Mienshao, F|100\/100\n|switch|p2a: Zapdos|Zapdos, shiny|100\/100\n|turn|1\n|\n|t:|1698520013\n|move|p1a: Mien Shao|Knock Off|p2a: Zapdos\n|-damage|p2a: Zapdos|62\/100\n|-status|p1a: Mien Shao|par|[from] ability: Static|[of] p2a: Zapdos\n|-enditem|p2a: Zapdos|Heavy-Duty Boots|[from] move: Knock Off|[of] p1a: Mien Shao\n|move|p2a: Zapdos|Rain Dance|p2a: Zapdos\n|-weather|RainDance\n|\n|-weather|RainDance|[upkeep]\n|upkeep\n|turn|2\n|\n|t:|1698520019\n|move|p2a: Zapdos|Hurricane|p1a: Mien Shao\n|-supereffective|p1a: Mien Shao\n|-damage|p1a: Mien Shao|0 fnt\n|faint|p1a: Mien Shao\n|\n|-weather|RainDance|[upkeep]\n|upkeep\n|\n|t:|1698520032\n|switch|p1a: Bee movie|Vikavolt, M|100\/100\n|turn|3\n|c|\u2606Aurorecristal|Sadge\n|\n|t:|1698520049\n|move|p2a: Zapdos|Hurricane|p1a: Bee movie\n|-damage|p1a: Bee movie|21\/100\n|move|p1a: Bee movie|Zap Cannon|p2a: Zapdos\n|-damage|p2a: Zapdos|0 fnt\n|faint|p2a: Zapdos\n|\n|-weather|RainDance|[upkeep]\n|upkeep\n|\n|t:|1698520056\n|switch|p2a: Shiftry|Shiftry, F|100\/100\n|turn|4\n|\n|t:|1698520058\n|move|p2a: Shiftry|Tailwind|p2a: Shiftry\n|-sidestart|p2: Vilja RPPLF|move: Tailwind\n|-ability|p2a: Shiftry|Wind Rider|boost\n|-boost|p2a: Shiftry|atk|1\n|move|p1a: Bee movie|Sticky Web|p2a: Shiftry\n|-sidestart|p2: Vilja RPPLF|move: Sticky Web\n|\n|-weather|RainDance|[upkeep]\n|upkeep\n|turn|5\n|\n|t:|1698520070\n|move|p2a: Shiftry|Knock Off|p1a: Bee movie\n|-damage|p1a: Bee movie|0 fnt\n|-enditem|p1a: Bee movie|Blunder Policy|[from] move: Knock Off|[of] p2a: Shiftry\n|faint|p1a: Bee movie\n|\n|-weather|none\n|upkeep\n|\n|t:|1698520073\n|switch|p1a: Chainsaw man|Lokix, M|100\/100\n|turn|6\n|\n|t:|1698520079\n|move|p1a: Chainsaw man|First Impression|p2a: Shiftry\n|-supereffective|p2a: Shiftry\n|-crit|p2a: Shiftry\n|-enditem|p2a: Shiftry|Focus Sash\n|-damage|p2a: Shiftry|1\/100\n|move|p2a: Shiftry|Explosion|p1a: Chainsaw man\n|-damage|p1a: Chainsaw man|0 fnt\n|faint|p2a: Shiftry\n|faint|p1a: Chainsaw man\n|\n|upkeep\n|\n|t:|1698520093\n|switch|p1a: Sonic on drugs|Typhlosion-Hisui, M|100\/100\n|switch|p2a: Rotom|Rotom-Wash|100\/100\n|turn|7\n|\n|t:|1698520106\n|move|p2a: Rotom|Nasty Plot|p2a: Rotom\n|-boost|p2a: Rotom|spa|2\n|move|p1a: Sonic on drugs|Eruption|p2a: Rotom\n|-resisted|p2a: Rotom\n|-damage|p2a: Rotom|43\/100\n|\n|-heal|p2a: Rotom|49\/100|[from] item: Leftovers\n|-sideend|p2: Vilja RPPLF|move: Tailwind\n|upkeep\n|turn|8\n|\n|t:|1698520113\n|move|p1a: Sonic on drugs|Eruption|p2a: Rotom\n|-resisted|p2a: Rotom\n|-damage|p2a: Rotom|0 fnt\n|faint|p2a: Rotom\n|\n|upkeep\n|\n|t:|1698520124\n|switch|p2a: Ogerpon|Ogerpon-Wellspring, F|100\/100\n|-activate|p2a: Ogerpon|move: Sticky Web\n|-unboost|p2a: Ogerpon|spe|1\n|turn|9\n|\n|t:|1698520132\n|-terastallize|p1a: Sonic on drugs|Fire\n|-terastallize|p2a: Ogerpon|Water\n|detailschange|p2a: Ogerpon|Ogerpon-Wellspring-Tera, F, tera:Water\n|-ability|p2a: Ogerpon|Embody Aspect (Wellspring)|boost\n|-boost|p2a: Ogerpon|spd|1\n|move|p1a: Sonic on drugs|Eruption|p2a: Ogerpon\n|-resisted|p2a: Ogerpon\n|-damage|p2a: Ogerpon|42\/100\n|move|p2a: Ogerpon|Ivy Cudgel|p1a: Sonic on drugs\n|-supereffective|p1a: Sonic on drugs\n|-damage|p1a: Sonic on drugs|0 fnt\n|faint|p1a: Sonic on drugs\n|\n|upkeep\n|\n|t:|1698520149\n|switch|p1a: Weird cat|Mew|100\/100\n|turn|10\n|\n|t:|1698520157\n|move|p1a: Weird cat|Dragon Dance|p1a: Weird cat\n|-boost|p1a: Weird cat|atk|1\n|-boost|p1a: Weird cat|spe|1\n|move|p2a: Ogerpon|Horn Leech|p1a: Weird cat\n|-damage|p1a: Weird cat|55\/100\n|-heal|p2a: Ogerpon|68\/100|[from] drain|[of] p1a: Weird cat\n|\n|upkeep\n|turn|11\n|\n|t:|1698520167\n|move|p1a: Weird cat|Psychic Fangs|p2a: Ogerpon\n|-damage|p2a: Ogerpon|0 fnt\n|faint|p2a: Ogerpon\n|\n|upkeep\n|\n|t:|1698520173\n|switch|p2a: Rillaboom|Rillaboom, M|100\/100\n|-activate|p2a: Rillaboom|move: Sticky Web\n|-unboost|p2a: Rillaboom|spe|1\n|-fieldstart|move: Grassy Terrain|[from] ability: Grassy Surge|[of] p2a: Rillaboom\n|-enditem|p2a: Rillaboom|Grassy Seed\n|-boost|p2a: Rillaboom|def|1|[from] item: Grassy Seed\n|turn|12\n|\n|t:|1698520179\n|move|p2a: Rillaboom|Grassy Glide|p1a: Weird cat\n|-damage|p1a: Weird cat|20\/100\n|move|p1a: Weird cat|Leech Life|p2a: Rillaboom\n|-supereffective|p2a: Rillaboom\n|-damage|p2a: Rillaboom|45\/100\n|-heal|p1a: Weird cat|55\/100|[from] drain|[of] p2a: Rillaboom\n|\n|-heal|p1a: Weird cat|61\/100|[from] Grassy Terrain\n|-heal|p2a: Rillaboom|52\/100|[from] Grassy Terrain\n|upkeep\n|turn|13\n|\n|t:|1698520184\n|move|p2a: Rillaboom|Grassy Glide|p1a: Weird cat\n|-damage|p1a: Weird cat|26\/100\n|move|p1a: Weird cat|Leech Life|p2a: Rillaboom\n|-supereffective|p2a: Rillaboom\n|-damage|p2a: Rillaboom|0 fnt\n|-heal|p1a: Weird cat|59\/100|[from] drain|[of] p2a: Rillaboom\n|faint|p2a: Rillaboom\n|\n|-heal|p1a: Weird cat|65\/100|[from] Grassy Terrain\n|upkeep\n|\n|t:|1698520196\n|switch|p2a: Iron Hands|Iron Hands|100\/100\n|-activate|p2a: Iron Hands|move: Sticky Web\n|-unboost|p2a: Iron Hands|spe|1\n|turn|14\n|c|\u2606Vilja RPPLF|GG\n|\n|t:|1698520212\n|move|p1a: Weird cat|Psychic Fangs|p2a: Iron Hands\n|-supereffective|p2a: Iron Hands\n|-damage|p2a: Iron Hands|33\/100\n|move|p2a: Iron Hands|Ice Punch|p1a: Weird cat\n|-damage|p1a: Weird cat|37\/100\n|\n|-heal|p1a: Weird cat|43\/100|[from] Grassy Terrain\n|-heal|p2a: Iron Hands|40\/100|[from] Grassy Terrain\n|upkeep\n|turn|15\n|\n|t:|1698520217\n|move|p1a: Weird cat|Psychic Fangs|p2a: Iron Hands\n|-supereffective|p2a: Iron Hands\n|-damage|p2a: Iron Hands|0 fnt\n|faint|p2a: Iron Hands\n|-end|p2a: Iron Hands|Quark Drive|[silent]\n|\n|win|Aurorecristal\n|c|\u2606Aurorecristal|Gg\n|c|\u2606Vilja RPPLF|je peux te chall aussi ?\n|c|\u2606Aurorecristal|Tu aurais pu kill avec Ivy je pense\n|c|\u2606Aurorecristal|Au lieu de horn leech\n|c|\u2606Vilja RPPLF|oui sans doute\n|c|\u2606Vilja RPPLF|j'ai pr\u00e9f\u00e9r\u00e9 me heal\n|c|\u2606Vilja RPPLF|mais mauvais plan\n|c|\u2606Aurorecristal|Et yup, une pr\u00e9f\u00e9rence entre 1, 2, 3 et 4 ?\n|c|\u2606Vilja RPPLF|1\n|c|\u2606Aurorecristal|Oki\n|c|\u2606Vilja RPPLF|quel format?\n|c|\u2606Aurorecristal|Ubers\n|c|\u2606Vilja RPPLF|oki\n|l|\u2606Vilja RPPLF\n|c|\u2606Aurorecristal|Je te laisse poser le replay et me chall\n","uploadtime":1698520302,"views":26,"p1id":"aurorecristal","p2id":"viljarpplf","formatid":"gen9ubers","rating":0,"private":0,"password":""}