{"id":"gen9ubers-1996448691","p1":"Blitz2656","p2":"Pickedman","format":"[Gen 9] Ubers","log":"|j|\u2606Blitz2656\n|j|\u2606Pickedman\n|t:|1700683022\n|gametype|singles\n|player|p1|Blitz2656|mustard-master|\n|player|p2|Pickedman|zinnia|\n|teamsize|p1|6\n|teamsize|p2|6\n|gen|9\n|tier|[Gen 9] Ubers\n|rule|Sleep Clause Mod: Limit one foe put to sleep\n|rule|Species Clause: Limit one of each Pok\u00e9mon\n|rule|OHKO Clause: OHKO moves are banned\n|rule|Evasion Items Clause: Evasion items are banned\n|rule|Evasion Moves Clause: Evasion moves are banned\n|rule|Endless Battle Clause: Forcing endless battles is banned\n|rule|HP Percentage Mod: HP is shown in percentages\n|clearpoke\n|poke|p1|Magearna|\n|poke|p1|Klefki, F|\n|poke|p1|Dragalge, F|\n|poke|p1|Gothitelle, M|\n|poke|p1|Torkoal, F|\n|poke|p1|Salamence, F|\n|poke|p2|Arcanine, F|\n|poke|p2|Alomomola, F|\n|poke|p2|Greninja-*, F|\n|poke|p2|Toedscruel, F|\n|poke|p2|Palafin, F|\n|poke|p2|Slowking-Galar, M|\n|teampreview\n|inactive|Battle timer is ON: inactive players will automatically lose when time's up. (requested by Blitz2656)\n|\n|t:|1700683065\n|start\n|switch|p1a: Koraidon (trust)|Torkoal, F|100\/100\n|switch|p2a: Greninja|Greninja, F|100\/100\n|-weather|SunnyDay|[from] ability: Drought|[of] p1a: Koraidon (trust)\n|turn|1\n|\n|t:|1700683071\n|move|p2a: Greninja|U-turn|p1a: Koraidon (trust)\n|-start|p2a: Greninja|typechange|Bug|[from] ability: Protean\n|-resisted|p1a: Koraidon (trust)\n|-damage|p1a: Koraidon (trust)|85\/100\n|\n|t:|1700683077\n|switch|p2a: Arcanine|Arcanine, F|100\/100|[from] U-turn\n|-ability|p2a: Arcanine|Intimidate|boost\n|-unboost|p1a: Koraidon (trust)|atk|1\n|move|p1a: Koraidon (trust)|Solar Beam||[still]\n|-prepare|p1a: Koraidon (trust)|Solar Beam\n|-anim|p1a: Koraidon (trust)|Solar Beam|p2a: Arcanine\n|-resisted|p2a: Arcanine\n|-damage|p2a: Arcanine|88\/100\n|\n|-weather|SunnyDay|[upkeep]\n|upkeep\n|turn|2\n|\n|t:|1700683087\n|move|p1a: Koraidon (trust)|Earth Power|p2a: Arcanine\n|-supereffective|p2a: Arcanine\n|-damage|p2a: Arcanine|47\/100\n|move|p2a: Arcanine|Roar|p1a: Koraidon (trust)\n|drag|p1a: Where is fazbear|Magearna|100\/100\n|\n|-weather|SunnyDay|[upkeep]\n|upkeep\n|turn|3\n|\n|t:|1700683095\n|switch|p1a: Koraidon (trust)|Torkoal, F|85\/100\n|move|p2a: Arcanine|Morning Sun|p2a: Arcanine\n|-heal|p2a: Arcanine|100\/100\n|\n|-weather|SunnyDay|[upkeep]\n|upkeep\n|turn|4\n|\n|t:|1700683108\n|move|p2a: Arcanine|Morning Sun|p2a: Arcanine\n|-fail|p2a: Arcanine|heal\n|move|p1a: Koraidon (trust)|Solar Beam||[still]\n|-prepare|p1a: Koraidon (trust)|Solar Beam\n|-anim|p1a: Koraidon (trust)|Solar Beam|p2a: Arcanine\n|-resisted|p2a: Arcanine\n|-damage|p2a: Arcanine|89\/100\n|\n|-weather|SunnyDay|[upkeep]\n|upkeep\n|turn|5\n|\n|t:|1700683112\n|move|p2a: Arcanine|Flamethrower|p1a: Koraidon (trust)\n|-resisted|p1a: Koraidon (trust)\n|-damage|p1a: Koraidon (trust)|64\/100\n|move|p1a: Koraidon (trust)|Earth Power|p2a: Arcanine\n|-supereffective|p2a: Arcanine\n|-damage|p2a: Arcanine|48\/100\n|-unboost|p2a: Arcanine|spd|1\n|\n|-weather|none\n|upkeep\n|turn|6\n|\n|t:|1700683118\n|switch|p2a: Toedscruel|Toedscruel, F|100\/100\n|move|p1a: Koraidon (trust)|Earth Power|p2a: Toedscruel\n|-resisted|p2a: Toedscruel\n|-damage|p2a: Toedscruel|92\/100\n|\n|-heal|p2a: Toedscruel|98\/100|[from] item: Leftovers\n|upkeep\n|turn|7\n|\n|t:|1700683126\n|move|p1a: Koraidon (trust)|Flamethrower|p2a: Toedscruel\n|-supereffective|p2a: Toedscruel\n|-damage|p2a: Toedscruel|53\/100\n|move|p2a: Toedscruel|Spore|p1a: Koraidon (trust)\n|-status|p1a: Koraidon (trust)|slp|[from] move: Spore\n|\n|-heal|p2a: Toedscruel|59\/100|[from] item: Leftovers\n|upkeep\n|turn|8\n|\n|t:|1700683139\n|switch|p1a: Is Glowking gone|Salamence, F|100\/100\n|-ability|p1a: Is Glowking gone|Intimidate|boost\n|-unboost|p2a: Toedscruel|atk|1\n|move|p2a: Toedscruel|Spikes|p1a: Is Glowking gone\n|-sidestart|p1: Blitz2656|Spikes\n|\n|-heal|p2a: Toedscruel|65\/100|[from] item: Leftovers\n|upkeep\n|turn|9\n|inactive|Pickedman has 270 seconds left.\n|\n|t:|1700683170\n|switch|p1a: I HATE GLOWKING|Gothitelle, M|100\/100\n|-damage|p1a: I HATE GLOWKING|88\/100|[from] Spikes\n|move|p2a: Toedscruel|Knock Off|p1a: I HATE GLOWKING\n|-supereffective|p1a: I HATE GLOWKING\n|-damage|p1a: I HATE GLOWKING|66\/100\n|-enditem|p1a: I HATE GLOWKING|Lum Berry|[from] move: Knock Off|[of] p2a: Toedscruel\n|\n|-heal|p2a: Toedscruel|71\/100|[from] item: Leftovers\n|upkeep\n|turn|10\n|c|\u2606Blitz2656|rude\/???\n|inactive|Pickedman has 270 seconds left.\n|\n|t:|1700683192\n|switch|p1a: Koraidon (trust)|Torkoal, F|64\/100 slp\n|-damage|p1a: Koraidon (trust)|51\/100 slp|[from] Spikes\n|-weather|SunnyDay|[from] ability: Drought|[of] p1a: Koraidon (trust)\n|move|p2a: Toedscruel|Spikes|p1a: Koraidon (trust)\n|-sidestart|p1: Blitz2656|Spikes\n|\n|-weather|SunnyDay|[upkeep]\n|-heal|p2a: Toedscruel|77\/100|[from] item: Leftovers\n|upkeep\n|turn|11\n|\n|t:|1700683198\n|cant|p1a: Koraidon (trust)|slp\n|move|p2a: Toedscruel|Spikes|p1a: Koraidon (trust)\n|-sidestart|p1: Blitz2656|Spikes\n|\n|-weather|SunnyDay|[upkeep]\n|-heal|p2a: Toedscruel|83\/100|[from] item: Leftovers\n|upkeep\n|turn|12\n|\n|t:|1700683212\n|move|p2a: Toedscruel|Knock Off|p1a: Koraidon (trust)\n|-damage|p1a: Koraidon (trust)|42\/100 slp\n|-enditem|p1a: Koraidon (trust)|Assault Vest|[from] move: Knock Off|[of] p2a: Toedscruel\n|cant|p1a: Koraidon (trust)|slp\n|\n|-weather|SunnyDay|[upkeep]\n|-heal|p2a: Toedscruel|90\/100|[from] item: Leftovers\n|upkeep\n|turn|13\n|\n|t:|1700683221\n|switch|p2a: Arcanine|Arcanine, F|48\/100\n|-ability|p2a: Arcanine|Intimidate|boost\n|-unboost|p1a: Koraidon (trust)|atk|1\n|-curestatus|p1a: Koraidon (trust)|slp|[msg]\n|move|p1a: Koraidon (trust)|Flamethrower|p2a: Arcanine\n|-resisted|p2a: Arcanine\n|-crit|p2a: Arcanine\n|-damage|p2a: Arcanine|16\/100\n|\n|-weather|SunnyDay|[upkeep]\n|upkeep\n|turn|14\n|\n|t:|1700683228\n|move|p2a: Arcanine|Morning Sun|p2a: Arcanine\n|-heal|p2a: Arcanine|83\/100\n|move|p1a: Koraidon (trust)|Flamethrower|p2a: Arcanine\n|-resisted|p2a: Arcanine\n|-damage|p2a: Arcanine|60\/100\n|\n|-weather|none\n|upkeep\n|turn|15\n|\n|t:|1700683243\n|move|p2a: Arcanine|Flamethrower|p1a: Koraidon (trust)\n|-resisted|p1a: Koraidon (trust)\n|-damage|p1a: Koraidon (trust)|22\/100\n|move|p1a: Koraidon (trust)|Earth Power|p2a: Arcanine\n|-supereffective|p2a: Arcanine\n|-crit|p2a: Arcanine\n|-damage|p2a: Arcanine|0 fnt\n|faint|p2a: Arcanine\n|\n|upkeep\n|\n|t:|1700683250\n|switch|p2a: Palafin|Palafin, F|100\/100\n|turn|16\n|\n|t:|1700683268\n|detailschange|p2a: Palafin|Palafin-Hero, F\n|switch|p2a: Greninja|Greninja, F|100\/100\n|move|p1a: Koraidon (trust)|Flamethrower|p2a: Greninja\n|-resisted|p2a: Greninja\n|-damage|p2a: Greninja|70\/100\n|\n|upkeep\n|turn|17\n|inactive|Pickedman has 270 seconds left.\n|\n|t:|1700683302\n|move|p2a: Greninja|Liquidation|p1a: Koraidon (trust)\n|-start|p2a: Greninja|typechange|Water|[from] ability: Protean\n|-supereffective|p1a: Koraidon (trust)\n|-damage|p1a: Koraidon (trust)|0 fnt\n|faint|p1a: Koraidon (trust)\n|\n|upkeep\n|\n|t:|1700683312\n|switch|p1a: Where is fazbear|Magearna|100\/100\n|-damage|p1a: Where is fazbear|75\/100|[from] Spikes\n|turn|18\n|\n|t:|1700683319\n|switch|p2a: Alomomola|Alomomola, F|100\/100\n|move|p1a: Where is fazbear|Shift Gear|p1a: Where is fazbear\n|-boost|p1a: Where is fazbear|spe|2\n|-boost|p1a: Where is fazbear|atk|1\n|\n|upkeep\n|turn|19\n|\n|t:|1700683327\n|move|p1a: Where is fazbear|Play Rough|p2a: Alomomola\n|-damage|p2a: Alomomola|67\/100\n|-damage|p1a: Where is fazbear|59\/100|[from] item: Rocky Helmet|[of] p2a: Alomomola\n|move|p2a: Alomomola|Scald|p1a: Where is fazbear\n|-damage|p1a: Where is fazbear|46\/100\n|\n|upkeep\n|turn|20\n|\n|t:|1700683337\n|move|p1a: Where is fazbear|Shift Gear|p1a: Where is fazbear\n|-boost|p1a: Where is fazbear|spe|2\n|-boost|p1a: Where is fazbear|atk|1\n|move|p2a: Alomomola|Scald|p1a: Where is fazbear\n|-damage|p1a: Where is fazbear|34\/100\n|\n|upkeep\n|turn|21\n|\n|t:|1700683345\n|move|p1a: Where is fazbear|Play Rough|p2a: Alomomola\n|-damage|p2a: Alomomola|24\/100\n|-damage|p1a: Where is fazbear|17\/100|[from] item: Rocky Helmet|[of] p2a: Alomomola\n|move|p2a: Alomomola|Wish|p2a: Alomomola\n|\n|upkeep\n|turn|22\n|\n|t:|1700683349\n|move|p1a: Where is fazbear|Play Rough|p2a: Alomomola\n|-damage|p2a: Alomomola|0 fnt\n|-damage|p1a: Where is fazbear|1\/100|[from] item: Rocky Helmet|[of] p2a: Alomomola\n|faint|p2a: Alomomola\n|-ability|p1a: Where is fazbear|Soul-Heart|boost\n|-boost|p1a: Where is fazbear|spa|1\n|\n|upkeep\n|inactive|Pickedman has 270 seconds left.\n|\n|t:|1700683390\n|switch|p2a: Slowking|Slowking-Galar, M|100\/100\n|turn|23\n|\n|t:|1700683403\n|move|p1a: Where is fazbear|Iron Head|p2a: Slowking\n|-damage|p2a: Slowking|28\/100\n|move|p2a: Slowking|Foul Play|p1a: Where is fazbear\n|-resisted|p1a: Where is fazbear\n|-damage|p1a: Where is fazbear|0 fnt\n|faint|p1a: Where is fazbear\n|\n|upkeep\n|\n|t:|1700683408\n|switch|p1a: I HATE GLOWKING|Gothitelle, M|66\/100\n|-damage|p1a: I HATE GLOWKING|41\/100|[from] Spikes\n|turn|24\n|\n|t:|1700683414\n|move|p1a: I HATE GLOWKING|Taunt|p2a: Slowking\n|-start|p2a: Slowking|move: Taunt\n|move|p2a: Slowking|Foul Play|p1a: I HATE GLOWKING\n|-supereffective|p1a: I HATE GLOWKING\n|-damage|p1a: I HATE GLOWKING|5\/100\n|\n|upkeep\n|turn|25\n|\n|t:|1700683418\n|move|p1a: I HATE GLOWKING|Imprison|p1a: I HATE GLOWKING\n|-start|p1a: I HATE GLOWKING|move: Imprison\n|cant|p2a: Slowking|move: Imprison|Foul Play\n|\n|upkeep\n|turn|26\n|\n|t:|1700683425\n|move|p1a: I HATE GLOWKING|Metronome|p1a: I HATE GLOWKING\n|move|p1a: I HATE GLOWKING|Growth|p1a: I HATE GLOWKING|[from]move: Metronome\n|-boost|p1a: I HATE GLOWKING|atk|1\n|-boost|p1a: I HATE GLOWKING|spa|1\n|-activate|p2a: Slowking|move: Struggle\n|move|p2a: Slowking|Struggle|p1a: I HATE GLOWKING\n|-damage|p1a: I HATE GLOWKING|0 fnt\n|faint|p1a: I HATE GLOWKING\n|-damage|p2a: Slowking|3\/100|[from] recoil\n|\n|-end|p2a: Slowking|move: Taunt\n|upkeep\n|\n|t:|1700683449\n|switch|p1a: Basculegion (F)|Dragalge, F|100\/100\n|-damage|p1a: Basculegion (F)|76\/100|[from] Spikes\n|turn|27\n|\n|t:|1700683466\n|switch|p2a: Toedscruel|Toedscruel, F|90\/100\n|move|p1a: Basculegion (F)|Flip Turn|p2a: Toedscruel\n|-damage|p2a: Toedscruel|63\/100\n|-damage|p1a: Basculegion (F)|66\/100|[from] item: Life Orb\n|\n|t:|1700683470\n|switch|p1a: Is Glowking gone|Salamence, F|100\/100|[from] Flip Turn\n|-ability|p1a: Is Glowking gone|Intimidate|boost\n|-unboost|p2a: Toedscruel|atk|1\n|\n|-heal|p2a: Toedscruel|69\/100|[from] item: Leftovers\n|upkeep\n|turn|28\n|\n|t:|1700683491\n|move|p1a: Is Glowking gone|Draco Meteor|p2a: Toedscruel\n|-damage|p2a: Toedscruel|32\/100\n|-unboost|p1a: Is Glowking gone|spa|2\n|move|p2a: Toedscruel|Knock Off|p1a: Is Glowking gone\n|-damage|p1a: Is Glowking gone|87\/100\n|-enditem|p1a: Is Glowking gone|Choice Scarf|[from] move: Knock Off|[of] p2a: Toedscruel\n|\n|-heal|p2a: Toedscruel|38\/100|[from] item: Leftovers\n|upkeep\n|turn|29\n|c|\u2606Blitz2656|?? dang that thing is bulky\n|\n|t:|1700683501\n|switch|p1a: Give me swagger|Klefki, F|100\/100\n|-damage|p1a: Give me swagger|76\/100|[from] Spikes\n|move|p2a: Toedscruel|Spore|p1a: Give me swagger\n|-status|p1a: Give me swagger|slp|[from] move: Spore\n|\n|-heal|p2a: Toedscruel|44\/100|[from] item: Leftovers\n|-heal|p1a: Give me swagger|82\/100 slp|[from] item: Leftovers\n|upkeep\n|turn|30\n|\n|t:|1700683507\n|switch|p2a: Slowking|Slowking-Galar, M|36\/100\n|cant|p1a: Give me swagger|slp\n|\n|-heal|p1a: Give me swagger|88\/100 slp|[from] item: Leftovers\n|upkeep\n|turn|31\n|\n|t:|1700683514\n|switch|p2a: Palafin|Palafin-Hero, F|100\/100\n|-activate|p2a: Palafin|ability: Zero to Hero\n|-curestatus|p1a: Give me swagger|slp|[msg]\n|move|p1a: Give me swagger|Trick Room|p1a: Give me swagger\n|-fieldstart|move: Trick Room|[of] p1a: Give me swagger\n|\n|-heal|p1a: Give me swagger|94\/100|[from] item: Leftovers\n|upkeep\n|turn|32\n|\n|t:|1700683528\n|move|p1a: Give me swagger|Thunder Wave|p2a: Palafin\n|-status|p2a: Palafin|par\n|move|p2a: Palafin|Hydro Pump|p1a: Give me swagger|[miss]\n|-miss|p2a: Palafin|p1a: Give me swagger\n|\n|-heal|p1a: Give me swagger|99\/100|[from] item: Leftovers\n|upkeep\n|turn|33\n|\n|t:|1700683533\n|move|p1a: Give me swagger|Calm Mind|p1a: Give me swagger\n|-boost|p1a: Give me swagger|spa|1\n|-boost|p1a: Give me swagger|spd|1\n|move|p2a: Palafin|Hydro Pump|p1a: Give me swagger\n|-damage|p1a: Give me swagger|40\/100\n|\n|-heal|p1a: Give me swagger|46\/100|[from] item: Leftovers\n|upkeep\n|turn|34\n|\n|t:|1700683538\n|move|p1a: Give me swagger|Calm Mind|p1a: Give me swagger\n|-boost|p1a: Give me swagger|spa|1\n|-boost|p1a: Give me swagger|spd|1\n|move|p2a: Palafin|Hydro Pump|p1a: Give me swagger\n|-damage|p1a: Give me swagger|5\/100\n|\n|-heal|p1a: Give me swagger|11\/100|[from] item: Leftovers\n|upkeep\n|turn|35\n|\n|t:|1700683544\n|cant|p2a: Palafin|par\n|move|p1a: Give me swagger|Dazzling Gleam|p2a: Palafin\n|-damage|p2a: Palafin|30\/100 par\n|\n|-heal|p1a: Give me swagger|17\/100|[from] item: Leftovers\n|-fieldend|move: Trick Room\n|upkeep\n|turn|36\n|\n|t:|1700683548\n|move|p2a: Palafin|Hydro Pump|p1a: Give me swagger\n|-damage|p1a: Give me swagger|0 fnt\n|faint|p1a: Give me swagger\n|\n|upkeep\n|c|\u2606Blitz2656|?\n|c|\u2606Pickedman|trick room has negative priority\n|c|\u2606Blitz2656|oh fr?\n|c|\u2606Pickedman|yeah\n|c|\u2606Blitz2656|ngl I somehow never new that\n|inactive|Blitz2656 has 270 seconds left.\n|c|\u2606Pickedman|!dt trick room\n|raw|<ul class=\"utilichart\"><li class=\"result\"><span class=\"col movenamecol\"><a href=\"https:\/\/dex.pokemonshowdown.com\/moves\/trickroom\">Trick Room<\/a><\/span> <span class=\"col typecol\"><img src=\"\/\/play.pokemonshowdown.com\/sprites\/types\/Psychic.png\" alt=\"Psychic\" width=\"32\" height=\"14\"><img src=\"\/\/play.pokemonshowdown.com\/sprites\/categories\/Status.png\" alt=\"Status\" width=\"32\" height=\"14\"><\/span> <span class=\"col widelabelcol\"><em>Accuracy<\/em><br>\u2014<\/span> <span class=\"col pplabelcol\"><em>PP<\/em><br>8<\/span> <span class=\"col movedesccol\">Goes last. For 5 turns, turn order is reversed.<\/span> <\/li><li style=\"clear:both\"><\/li><\/ul>\n|raw|<font size=\"1\"><font color=\"#686868\">Priority:<\/font> -7&nbsp;|&ThickSpace;<font color=\"#686868\">Gen:<\/font> 4&nbsp;|&ThickSpace;&#10003; Bypasses Protect&nbsp;|&ThickSpace;<font color=\"#686868\">Z-Effect:<\/font>  Accuracy +1&nbsp;|&ThickSpace;<font color=\"#686868\">Target:<\/font> All Pok\u00e9mon<\/font>\n\n|c|\u2606Blitz2656|knew\n|c|\u2606Blitz2656|gotcha\n|\n|t:|1700683585\n|switch|p1a: Is Glowking gone|Salamence, F|87\/100\n|-ability|p1a: Is Glowking gone|Intimidate|boost\n|-unboost|p2a: Palafin|atk|1\n|turn|37\n|\n|t:|1700683590\n|move|p1a: Is Glowking gone|Draco Meteor|p2a: Palafin\n|-damage|p2a: Palafin|0 fnt\n|-unboost|p1a: Is Glowking gone|spa|2\n|faint|p2a: Palafin\n|\n|upkeep\n|\n|t:|1700683598\n|switch|p2a: Slowking|Slowking-Galar, M|69\/100\n|turn|38\n|\n|t:|1700683602\n|switch|p1a: Basculegion (F)|Dragalge, F|66\/100\n|-damage|p1a: Basculegion (F)|41\/100|[from] Spikes\n|move|p2a: Slowking|Toxic|p1a: Basculegion (F)\n|-immune|p1a: Basculegion (F)\n|\n|upkeep\n|turn|39\n|\n|t:|1700683605\n|move|p1a: Basculegion (F)|Outrage|p2a: Slowking\n|-damage|p2a: Slowking|0 fnt\n|faint|p2a: Slowking\n|-damage|p1a: Basculegion (F)|31\/100|[from] item: Life Orb\n|\n|upkeep\n|\n|t:|1700683608\n|switch|p2a: Greninja|Greninja, F|70\/100\n|turn|40\n|\n|t:|1700683615\n|move|p2a: Greninja|Liquidation|p1a: Basculegion (F)\n|-start|p2a: Greninja|typechange|Water|[from] ability: Protean\n|-resisted|p1a: Basculegion (F)\n|-damage|p1a: Basculegion (F)|1\/100\n|move|p1a: Basculegion (F)|Outrage|p2a: Greninja|[from]lockedmove\n|-damage|p2a: Greninja|0 fnt\n|faint|p2a: Greninja\n|-damage|p1a: Basculegion (F)|0 fnt|[from] item: Life Orb\n|faint|p1a: Basculegion (F)\n|\n|upkeep\n|\n|t:|1700683621\n|switch|p2a: Toedscruel|Toedscruel, F|44\/100\n|switch|p1a: Is Glowking gone|Salamence, F|87\/100\n|-ability|p1a: Is Glowking gone|Intimidate|boost\n|-unboost|p2a: Toedscruel|atk|1\n|turn|41\n|\n|t:|1700683626\n|-terastallize|p1a: Is Glowking gone|Fire\n|-terastallize|p2a: Toedscruel|Water\n|move|p1a: Is Glowking gone|Flamethrower|p2a: Toedscruel\n|-resisted|p2a: Toedscruel\n|-damage|p2a: Toedscruel|31\/100\n|move|p2a: Toedscruel|Spore|p1a: Is Glowking gone\n|-status|p1a: Is Glowking gone|slp|[from] move: Spore\n|\n|-heal|p2a: Toedscruel|37\/100|[from] item: Leftovers\n|upkeep\n|turn|42\n|c|\u2606Blitz2656|:(\n|\n|t:|1700683635\n|cant|p1a: Is Glowking gone|slp\n|move|p2a: Toedscruel|Rapid Spin|p1a: Is Glowking gone\n|-damage|p1a: Is Glowking gone|79\/100 slp\n|-boost|p2a: Toedscruel|spe|1\n|\n|-heal|p2a: Toedscruel|43\/100|[from] item: Leftovers\n|upkeep\n|turn|43\n|\n|t:|1700683640\n|move|p2a: Toedscruel|Knock Off|p1a: Is Glowking gone\n|-damage|p1a: Is Glowking gone|69\/100 slp\n|cant|p1a: Is Glowking gone|slp\n|\n|-heal|p2a: Toedscruel|49\/100|[from] item: Leftovers\n|upkeep\n|turn|44\n|\n|t:|1700683643\n|move|p2a: Toedscruel|Knock Off|p1a: Is Glowking gone\n|-damage|p1a: Is Glowking gone|60\/100 slp\n|cant|p1a: Is Glowking gone|slp\n|\n|-heal|p2a: Toedscruel|55\/100|[from] item: Leftovers\n|upkeep\n|turn|45\n|\n|t:|1700683647\n|move|p2a: Toedscruel|Knock Off|p1a: Is Glowking gone\n|-damage|p1a: Is Glowking gone|51\/100 slp\n|-curestatus|p1a: Is Glowking gone|slp|[msg]\n|move|p1a: Is Glowking gone|Roost|p1a: Is Glowking gone\n|-heal|p1a: Is Glowking gone|100\/100\n|\n|-heal|p2a: Toedscruel|61\/100|[from] item: Leftovers\n|upkeep\n|turn|46\n|\n|t:|1700683650\n|move|p1a: Is Glowking gone|Air Slash|p2a: Toedscruel|[miss]\n|-miss|p1a: Is Glowking gone|p2a: Toedscruel\n|move|p2a: Toedscruel|Spore|p1a: Is Glowking gone\n|-status|p1a: Is Glowking gone|slp|[from] move: Spore\n|\n|-heal|p2a: Toedscruel|67\/100|[from] item: Leftovers\n|upkeep\n|turn|47\n|c|\u2606Pickedman|scarf roost\n|c|\u2606Blitz2656|Yes\n|\n|t:|1700683660\n|move|p2a: Toedscruel|Knock Off|p1a: Is Glowking gone\n|-damage|p1a: Is Glowking gone|91\/100 slp\n|cant|p1a: Is Glowking gone|slp\n|\n|-heal|p2a: Toedscruel|73\/100|[from] item: Leftovers\n|upkeep\n|turn|48\n|c|\u2606Pickedman|heat\n|c|\u2606Blitz2656|Ikr\n|c|\u2606Blitz2656|nobody expects it\n|\n|t:|1700683670\n|move|p2a: Toedscruel|Knock Off|p1a: Is Glowking gone\n|-damage|p1a: Is Glowking gone|80\/100 slp\n|-curestatus|p1a: Is Glowking gone|slp|[msg]\n|move|p1a: Is Glowking gone|Roost|p1a: Is Glowking gone\n|-heal|p1a: Is Glowking gone|100\/100\n|\n|-heal|p2a: Toedscruel|79\/100|[from] item: Leftovers\n|upkeep\n|turn|49\n|\n|t:|1700683677\n|move|p2a: Toedscruel|Rapid Spin|p1a: Is Glowking gone\n|-damage|p1a: Is Glowking gone|92\/100\n|-boost|p2a: Toedscruel|spe|1\n|move|p1a: Is Glowking gone|Air Slash|p2a: Toedscruel\n|-damage|p2a: Toedscruel|58\/100\n|\n|-heal|p2a: Toedscruel|64\/100|[from] item: Leftovers\n|upkeep\n|turn|50\n|\n|t:|1700683681\n|move|p2a: Toedscruel|Rapid Spin|p1a: Is Glowking gone\n|-damage|p1a: Is Glowking gone|85\/100\n|-boost|p2a: Toedscruel|spe|1\n|move|p1a: Is Glowking gone|Air Slash|p2a: Toedscruel\n|-damage|p2a: Toedscruel|39\/100\n|\n|-heal|p2a: Toedscruel|45\/100|[from] item: Leftovers\n|upkeep\n|turn|51\n|\n|t:|1700683684\n|move|p1a: Is Glowking gone|Air Slash|p2a: Toedscruel\n|-damage|p2a: Toedscruel|20\/100\n|move|p2a: Toedscruel|Spore|p1a: Is Glowking gone\n|-status|p1a: Is Glowking gone|slp|[from] move: Spore\n|\n|-heal|p2a: Toedscruel|26\/100|[from] item: Leftovers\n|upkeep\n|turn|52\n|\n|t:|1700683689\n|move|p2a: Toedscruel|Rapid Spin|p1a: Is Glowking gone\n|-damage|p1a: Is Glowking gone|78\/100 slp\n|-boost|p2a: Toedscruel|spe|1\n|cant|p1a: Is Glowking gone|slp\n|\n|-heal|p2a: Toedscruel|32\/100|[from] item: Leftovers\n|upkeep\n|turn|53\n|\n|t:|1700683694\n|move|p2a: Toedscruel|Rapid Spin|p1a: Is Glowking gone\n|-damage|p1a: Is Glowking gone|70\/100 slp\n|-boost|p2a: Toedscruel|spe|1\n|-curestatus|p1a: Is Glowking gone|slp|[msg]\n|move|p1a: Is Glowking gone|Air Slash|p2a: Toedscruel\n|-damage|p2a: Toedscruel|9\/100\n|\n|-heal|p2a: Toedscruel|15\/100|[from] item: Leftovers\n|upkeep\n|turn|54\n|c|\u2606Pickedman|ggwp\n|\n|t:|1700683706\n|move|p2a: Toedscruel|Rapid Spin|p1a: Is Glowking gone\n|-damage|p1a: Is Glowking gone|63\/100\n|-boost|p2a: Toedscruel|spe|1\n|move|p1a: Is Glowking gone|Air Slash|p2a: Toedscruel|[miss]\n|-miss|p1a: Is Glowking gone|p2a: Toedscruel\n|\n|-heal|p2a: Toedscruel|21\/100|[from] item: Leftovers\n|upkeep\n|turn|55\n|c|\u2606Blitz2656|gg\n|c|\u2606Blitz2656|or\n|\n|t:|1700683712\n|move|p2a: Toedscruel|Rapid Spin|p1a: Is Glowking gone\n|-damage|p1a: Is Glowking gone|55\/100\n|move|p1a: Is Glowking gone|Air Slash|p2a: Toedscruel\n|-damage|p2a: Toedscruel|0 fnt\n|faint|p2a: Toedscruel\n|\n|win|Blitz2656\n|c|\u2606Blitz2656|alr, that was my last one\n|c|\u2606Blitz2656|ggwp\n","uploadtime":1700683718,"views":10,"p1id":"blitz2656","p2id":"pickedman","formatid":"gen9ubers","rating":0,"private":0,"password":""}