{"id":"gen9ubers-1981018101","p1":"vespyyy","p2":"hannah_xyz","format":"[Gen 9] Ubers","log":"|j|\u2606vespyyy\n|j|\u2606hannah_xyz\n|t:|1698857113\n|gametype|singles\n|player|p1|vespyyy|juggler|\n|player|p2|hannah_xyz|caitlin|\n|teamsize|p1|6\n|teamsize|p2|6\n|gen|9\n|tier|[Gen 9] Ubers\n|rule|Sleep Clause Mod: Limit one foe put to sleep\n|rule|Species Clause: Limit one of each Pok\u00e9mon\n|rule|OHKO Clause: OHKO moves are banned\n|rule|Evasion Items Clause: Evasion items are banned\n|rule|Evasion Moves Clause: Evasion moves are banned\n|rule|Endless Battle Clause: Forcing endless battles is banned\n|rule|HP Percentage Mod: HP is shown in percentages\n|clearpoke\n|poke|p1|Arceus-Dark|\n|poke|p1|Blissey, F|\n|poke|p1|Cresselia, F|\n|poke|p1|Zacian-*|\n|poke|p1|Quagsire, F|\n|poke|p1|Dragonite, M|\n|poke|p2|Magearna|\n|poke|p2|Cyclizar, M|\n|poke|p2|Arceus-Poison|\n|poke|p2|Spectrier|\n|poke|p2|Dialga|\n|poke|p2|Empoleon, M|\n|teampreview\n|\n|t:|1698857141\n|start\n|switch|p1a: Zacian|Zacian|100\/100\n|switch|p2a: 6|Arceus-Poison|100\/100\n|-ability|p1a: Zacian|Intrepid Sword|boost\n|-boost|p1a: Zacian|atk|1\n|turn|1\n|\n|t:|1698857151\n|-terastallize|p1a: Zacian|Ground\n|move|p1a: Zacian|Swords Dance|p1a: Zacian\n|-boost|p1a: Zacian|atk|2\n|move|p2a: 6|Gunk Shot|p1a: Zacian\n|-resisted|p1a: Zacian\n|-damage|p1a: Zacian|73\/100\n|-status|p1a: Zacian|psn\n|\n|-damage|p1a: Zacian|61\/100 psn|[from] psn\n|upkeep\n|turn|2\n|c|\u2606vespyyy|Rip\n|c|\u2606vespyyy|Poor zacian getting poisoned\n|\n|t:|1698857177\n|switch|p2a: another 4|Cyclizar, M|100\/100\n|move|p1a: Zacian|Tera Blast|p2a: another 4|[anim] Tera Blast Ground\n|-damage|p2a: another 4|0 fnt\n|faint|p2a: another 4\n|\n|-damage|p1a: Zacian|48\/100 psn|[from] psn\n|upkeep\n|\n|t:|1698857186\n|switch|p2a: 7|Dialga|100\/100\n|-ability|p2a: 7|Pressure\n|turn|3\n|\n|t:|1698857190\n|move|p2a: 7|Draco Meteor|p1a: Zacian\n|-damage|p1a: Zacian|0 fnt\n|-unboost|p2a: 7|spa|2\n|faint|p1a: Zacian\n|\n|upkeep\n|\n|t:|1698857196\n|switch|p1a: Cresselia|Cresselia, F|100\/100\n|turn|4\n|\n|t:|1698857201\n|switch|p2a: 5|Spectrier|100\/100\n|move|p1a: Cresselia|Calm Mind|p1a: Cresselia\n|-boost|p1a: Cresselia|spa|1\n|-boost|p1a: Cresselia|spd|1\n|\n|upkeep\n|turn|5\n|\n|t:|1698857205\n|switch|p1a: Quagsire|Quagsire, F|100\/100\n|move|p2a: 5|Substitute|p2a: 5\n|-start|p2a: 5|Substitute\n|-damage|p2a: 5|76\/100\n|\n|-heal|p2a: 5|82\/100|[from] item: Leftovers\n|upkeep\n|turn|6\n|\n|t:|1698857208\n|switch|p1a: Arceus|Arceus-Dark|100\/100\n|move|p2a: 5|Nasty Plot|p2a: 5\n|-boost|p2a: 5|spa|2\n|\n|-heal|p2a: 5|88\/100|[from] item: Leftovers\n|upkeep\n|turn|7\n|\n|t:|1698857214\n|move|p2a: 5|Nasty Plot|p2a: 5\n|-boost|p2a: 5|spa|2\n|move|p1a: Arceus|Roar|p2a: 5\n|drag|p2a: 6|Arceus-Poison|100\/100\n|\n|upkeep\n|turn|8\n|\n|t:|1698857219\n|move|p2a: 6|Taunt|p1a: Arceus\n|-start|p1a: Arceus|move: Taunt\n|cant|p1a: Arceus|move: Taunt|Will-O-Wisp\n|\n|upkeep\n|turn|9\n|\n|t:|1698857222\n|move|p2a: 6|Gunk Shot|p1a: Arceus\n|-damage|p1a: Arceus|69\/100\n|move|p1a: Arceus|Foul Play|p2a: 6\n|-damage|p2a: 6|75\/100\n|\n|upkeep\n|turn|10\n|\n|t:|1698857229\n|switch|p1a: Quagsire|Quagsire, F|100\/100\n|move|p2a: 6|Gunk Shot|p1a: Quagsire\n|-resisted|p1a: Quagsire\n|-damage|p1a: Quagsire|79\/100\n|\n|upkeep\n|turn|11\n|\n|t:|1698857233\n|switch|p2a: 7|Dialga|100\/100\n|-ability|p2a: 7|Pressure\n|move|p1a: Quagsire|Waterfall|p2a: 7\n|-resisted|p2a: 7\n|-damage|p2a: 7|90\/100\n|\n|upkeep\n|turn|12\n|\n|t:|1698857237\n|switch|p1a: Cresselia|Cresselia, F|100\/100\n|move|p2a: 7|Trick|p1a: Cresselia\n|-activate|p2a: 7|move: Trick|[of] p1a: Cresselia\n|-item|p1a: Cresselia|Choice Scarf|[from] move: Trick\n|-item|p2a: 7|Leftovers|[from] move: Trick\n|\n|-heal|p2a: 7|96\/100|[from] item: Leftovers\n|upkeep\n|turn|13\n|c|\u2606vespyyy|It gets trick?\n|\n|t:|1698857255\n|move|p1a: Cresselia|Calm Mind|p1a: Cresselia\n|-boost|p1a: Cresselia|spa|1\n|-boost|p1a: Cresselia|spd|1\n|move|p2a: 7|Draco Meteor|p1a: Cresselia\n|-damage|p1a: Cresselia|75\/100\n|-unboost|p2a: 7|spa|2\n|\n|-heal|p2a: 7|100\/100|[from] item: Leftovers\n|upkeep\n|turn|14\n|c|\u2606hannah_xyz|yes\n|c|\u2606vespyyy|Huh\n|c|\u2606vespyyy|Alr\n|\n|t:|1698857267\n|switch|p1a: Arceus|Arceus-Dark|69\/100\n|switch|p2a: 6|Arceus-Poison|75\/100\n|\n|upkeep\n|turn|15\n|\n|t:|1698857272\n|move|p2a: 6|Taunt|p1a: Arceus\n|-start|p1a: Arceus|move: Taunt\n|move|p1a: Arceus|Foul Play|p2a: 6\n|-damage|p2a: 6|52\/100\n|\n|upkeep\n|turn|16\n|\n|t:|1698857281\n|switch|p1a: Dragonite|Dragonite, M|100\/100\n|move|p2a: 6|Gunk Shot|p1a: Dragonite\n|-damage|p1a: Dragonite|79\/100\n|\n|upkeep\n|turn|17\n|\n|t:|1698857287\n|move|p2a: 6|Taunt|p1a: Dragonite\n|-start|p1a: Dragonite|move: Taunt\n|move|p1a: Dragonite|Hurricane|p2a: 6\n|-damage|p2a: 6|29\/100\n|-start|p2a: 6|confusion\n|\n|upkeep\n|turn|18\n|\n|t:|1698857294\n|switch|p2a: 4|Magearna|100\/100\n|move|p1a: Dragonite|Fire Spin|p2a: 4\n|-supereffective|p2a: 4\n|-damage|p2a: 4|90\/100\n|-activate|p2a: 4|move: Fire Spin|[of] p1a: Dragonite\n|\n|-heal|p2a: 4|96\/100|[from] item: Leftovers\n|-damage|p2a: 4|84\/100|[from] move: Fire Spin|[partiallytrapped]\n|upkeep\n|turn|19\n|\n|t:|1698857300\n|switch|p1a: Arceus|Arceus-Dark|69\/100\n|move|p2a: 4|Volt Switch|p1a: Arceus\n|-crit|p1a: Arceus\n|-damage|p1a: Arceus|52\/100\n|\n|t:|1698857303\n|switch|p2a: 8|Empoleon, M|100\/100|[from] Volt Switch\n|\n|upkeep\n|turn|20\n|\n|t:|1698857305\n|move|p1a: Arceus|Recover|p1a: Arceus\n|-heal|p1a: Arceus|100\/100\n|move|p2a: 8|Agility|p2a: 8\n|-boost|p2a: 8|spe|2\n|\n|upkeep\n|turn|21\n|\n|t:|1698857314\n|move|p2a: 8|Surf|p1a: Arceus\n|-damage|p1a: Arceus|62\/100\n|-damage|p2a: 8|91\/100|[from] item: Life Orb\n|move|p1a: Arceus|Roar|p2a: 8\n|drag|p2a: 7|Dialga|100\/100\n|-ability|p2a: 7|Pressure\n|\n|upkeep\n|turn|22\n|\n|t:|1698857324\n|move|p2a: 7|Draco Meteor|p1a: Arceus\n|-damage|p1a: Arceus|21\/100\n|-unboost|p2a: 7|spa|2\n|move|p1a: Arceus|Recover|p1a: Arceus\n|-heal|p1a: Arceus|72\/100\n|\n|upkeep\n|turn|23\n|\n|t:|1698857333\n|switch|p2a: 4|Magearna|84\/100\n|move|p1a: Arceus|Will-O-Wisp|p2a: 4|[miss]\n|-miss|p1a: Arceus|p2a: 4\n|\n|-heal|p2a: 4|90\/100|[from] item: Leftovers\n|upkeep\n|turn|24\n|\n|t:|1698857340\n|switch|p1a: Blissey|Blissey, F|100\/100\n|move|p2a: 4|Thunder Wave|p1a: Blissey\n|-status|p1a: Blissey|par\n|\n|-heal|p2a: 4|96\/100|[from] item: Leftovers\n|upkeep\n|turn|25\n|\n|t:|1698857344\n|move|p2a: 4|Spikes|p1a: Blissey\n|-sidestart|p1: vespyyy|Spikes\n|move|p1a: Blissey|Seismic Toss|p2a: 4\n|-damage|p2a: 4|68\/100\n|\n|-heal|p2a: 4|74\/100|[from] item: Leftovers\n|upkeep\n|turn|26\n|\n|t:|1698857347\n|move|p2a: 4|Spikes|p1a: Blissey\n|-sidestart|p1: vespyyy|Spikes\n|move|p1a: Blissey|Seismic Toss|p2a: 4\n|-damage|p2a: 4|47\/100\n|\n|-heal|p2a: 4|53\/100|[from] item: Leftovers\n|upkeep\n|turn|27\n|\n|t:|1698857349\n|move|p2a: 4|Spikes|p1a: Blissey\n|-sidestart|p1: vespyyy|Spikes\n|move|p1a: Blissey|Seismic Toss|p2a: 4\n|-damage|p2a: 4|25\/100\n|\n|-heal|p2a: 4|31\/100|[from] item: Leftovers\n|upkeep\n|turn|28\n|\n|t:|1698857351\n|move|p2a: 4|Draining Kiss|p1a: Blissey\n|-damage|p1a: Blissey|92\/100 par\n|-heal|p2a: 4|44\/100|[from] drain|[of] p1a: Blissey\n|move|p1a: Blissey|Seismic Toss|p2a: 4\n|-damage|p2a: 4|16\/100\n|\n|-heal|p2a: 4|23\/100|[from] item: Leftovers\n|upkeep\n|turn|29\n|\n|t:|1698857356\n|move|p2a: 4|Volt Switch|p1a: Blissey\n|-damage|p1a: Blissey|84\/100 par\n|\n|t:|1698857359\n|switch|p2a: 5|Spectrier|88\/100|[from] Volt Switch\n|move|p1a: Blissey|Seismic Toss|p2a: 5\n|-immune|p2a: 5\n|\n|-heal|p2a: 5|94\/100|[from] item: Leftovers\n|upkeep\n|turn|30\n|\n|t:|1698857363\n|move|p2a: 5|Substitute|p2a: 5\n|-start|p2a: 5|Substitute\n|-damage|p2a: 5|69\/100\n|move|p1a: Blissey|Calm Mind|p1a: Blissey\n|-boost|p1a: Blissey|spa|1\n|-boost|p1a: Blissey|spd|1\n|\n|-heal|p2a: 5|75\/100|[from] item: Leftovers\n|upkeep\n|turn|31\n|\n|t:|1698857366\n|move|p2a: 5|Nasty Plot|p2a: 5\n|-boost|p2a: 5|spa|2\n|move|p1a: Blissey|Calm Mind|p1a: Blissey\n|-boost|p1a: Blissey|spa|1\n|-boost|p1a: Blissey|spd|1\n|\n|-heal|p2a: 5|81\/100|[from] item: Leftovers\n|upkeep\n|turn|32\n|\n|t:|1698857368\n|move|p2a: 5|Nasty Plot|p2a: 5\n|-boost|p2a: 5|spa|2\n|move|p1a: Blissey|Calm Mind|p1a: Blissey\n|-boost|p1a: Blissey|spa|1\n|-boost|p1a: Blissey|spd|1\n|\n|-heal|p2a: 5|88\/100|[from] item: Leftovers\n|upkeep\n|turn|33\n|\n|t:|1698857370\n|move|p2a: 5|Nasty Plot|p2a: 5\n|-boost|p2a: 5|spa|2\n|cant|p1a: Blissey|par\n|\n|-heal|p2a: 5|94\/100|[from] item: Leftovers\n|upkeep\n|turn|34\n|\n|t:|1698857398\n|-terastallize|p2a: 5|Fairy\n|move|p2a: 5|Draining Kiss|p1a: Blissey\n|-damage|p1a: Blissey|64\/100 par\n|-heal|p2a: 5|100\/100|[from] drain|[of] p1a: Blissey\n|move|p1a: Blissey|Shadow Ball|p2a: 5\n|-end|p2a: 5|Substitute\n|\n|upkeep\n|turn|35\n|\n|t:|1698857406\n|move|p2a: 5|Draining Kiss|p1a: Blissey\n|-damage|p1a: Blissey|43\/100 par\n|cant|p1a: Blissey|par\n|\n|upkeep\n|turn|36\n|\n|t:|1698857410\n|move|p2a: 5|Draining Kiss|p1a: Blissey\n|-damage|p1a: Blissey|24\/100 par\n|move|p1a: Blissey|Soft-Boiled|p1a: Blissey\n|-heal|p1a: Blissey|74\/100 par\n|\n|upkeep\n|turn|37\n|\n|t:|1698857414\n|move|p2a: 5|Draining Kiss|p1a: Blissey\n|-damage|p1a: Blissey|54\/100 par\n|cant|p1a: Blissey|par\n|\n|upkeep\n|turn|38\n|\n|t:|1698857418\n|move|p2a: 5|Draining Kiss|p1a: Blissey\n|-damage|p1a: Blissey|34\/100 par\n|move|p1a: Blissey|Soft-Boiled|p1a: Blissey\n|-heal|p1a: Blissey|84\/100 par\n|\n|upkeep\n|turn|39\n|\n|t:|1698857421\n|move|p2a: 5|Draining Kiss|p1a: Blissey\n|-damage|p1a: Blissey|66\/100 par\n|move|p1a: Blissey|Calm Mind|p1a: Blissey\n|-boost|p1a: Blissey|spa|1\n|-boost|p1a: Blissey|spd|1\n|\n|upkeep\n|turn|40\n|\n|t:|1698857424\n|move|p2a: 5|Draining Kiss|p1a: Blissey\n|-damage|p1a: Blissey|49\/100 par\n|move|p1a: Blissey|Calm Mind|p1a: Blissey\n|-boost|p1a: Blissey|spa|1\n|-boost|p1a: Blissey|spd|1\n|\n|upkeep\n|turn|41\n|\n|t:|1698857428\n|move|p2a: 5|Draining Kiss|p1a: Blissey\n|-damage|p1a: Blissey|35\/100 par\n|move|p1a: Blissey|Soft-Boiled|p1a: Blissey\n|-heal|p1a: Blissey|85\/100 par\n|\n|upkeep\n|turn|42\n|\n|t:|1698857432\n|move|p2a: 5|Draining Kiss|p1a: Blissey\n|-damage|p1a: Blissey|71\/100 par\n|move|p1a: Blissey|Shadow Ball|p2a: 5\n|-damage|p2a: 5|44\/100\n|\n|-heal|p2a: 5|50\/100|[from] item: Leftovers\n|upkeep\n|turn|43\n|\n|t:|1698857434\n|move|p2a: 5|Draining Kiss|p1a: Blissey\n|-damage|p1a: Blissey|57\/100 par\n|-heal|p2a: 5|72\/100|[from] drain|[of] p1a: Blissey\n|cant|p1a: Blissey|par\n|\n|-heal|p2a: 5|79\/100|[from] item: Leftovers\n|upkeep\n|turn|44\n|\n|t:|1698857440\n|move|p2a: 5|Draining Kiss|p1a: Blissey\n|-damage|p1a: Blissey|44\/100 par\n|-heal|p2a: 5|99\/100|[from] drain|[of] p1a: Blissey\n|cant|p1a: Blissey|par\n|\n|-heal|p2a: 5|100\/100|[from] item: Leftovers\n|upkeep\n|turn|45\n|\n|t:|1698857444\n|move|p2a: 5|Draining Kiss|p1a: Blissey\n|-damage|p1a: Blissey|29\/100 par\n|move|p1a: Blissey|Soft-Boiled|p1a: Blissey\n|-heal|p1a: Blissey|79\/100 par\n|\n|upkeep\n|turn|46\n|c|\u2606vespyyy|God damn my rng sucks\n|\n|t:|1698857451\n|move|p2a: 5|Draining Kiss|p1a: Blissey\n|-damage|p1a: Blissey|64\/100 par\n|move|p1a: Blissey|Shadow Ball|p2a: 5\n|-damage|p2a: 5|38\/100\n|\n|-heal|p2a: 5|44\/100|[from] item: Leftovers\n|upkeep\n|turn|47\n|\n|t:|1698857456\n|move|p2a: 5|Draining Kiss|p1a: Blissey\n|-damage|p1a: Blissey|49\/100 par\n|-heal|p2a: 5|68\/100|[from] drain|[of] p1a: Blissey\n|move|p1a: Blissey|Shadow Ball|p2a: 5\n|-damage|p2a: 5|4\/100\n|\n|-heal|p2a: 5|10\/100|[from] item: Leftovers\n|upkeep\n|turn|48\n|\n|t:|1698857463\n|move|p2a: 5|Draining Kiss|p1a: Blissey\n|-damage|p1a: Blissey|33\/100 par\n|-heal|p2a: 5|35\/100|[from] drain|[of] p1a: Blissey\n|move|p1a: Blissey|Soft-Boiled|p1a: Blissey\n|-heal|p1a: Blissey|83\/100 par\n|\n|-heal|p2a: 5|41\/100|[from] item: Leftovers\n|upkeep\n|turn|49\n|\n|t:|1698857467\n|move|p2a: 5|Draining Kiss|p1a: Blissey\n|-damage|p1a: Blissey|69\/100 par\n|-heal|p2a: 5|64\/100|[from] drain|[of] p1a: Blissey\n|move|p1a: Blissey|Soft-Boiled|p1a: Blissey\n|-heal|p1a: Blissey|100\/100 par\n|\n|-heal|p2a: 5|70\/100|[from] item: Leftovers\n|upkeep\n|turn|50\n|\n|t:|1698857473\n|move|p2a: 5|Substitute|p2a: 5\n|-start|p2a: 5|Substitute\n|-damage|p2a: 5|45\/100\n|cant|p1a: Blissey|par\n|\n|-heal|p2a: 5|51\/100|[from] item: Leftovers\n|upkeep\n|turn|51\n|\n|t:|1698857476\n|move|p2a: 5|Shadow Ball|p1a: Blissey\n|-immune|p1a: Blissey\n|cant|p1a: Blissey|par\n|\n|-heal|p2a: 5|57\/100|[from] item: Leftovers\n|upkeep\n|turn|52\n|\n|t:|1698857478\n|move|p2a: 5|Nasty Plot|p2a: 5\n|-boost|p2a: 5|spa|0\n|cant|p1a: Blissey|par\n|\n|-heal|p2a: 5|63\/100|[from] item: Leftovers\n|upkeep\n|turn|53\n|\n|t:|1698857480\n|move|p2a: 5|Nasty Plot|p2a: 5\n|-boost|p2a: 5|spa|0\n|move|p1a: Blissey|Shadow Ball|p2a: 5\n|-end|p2a: 5|Substitute\n|\n|-heal|p2a: 5|69\/100|[from] item: Leftovers\n|upkeep\n|turn|54\n|\n|t:|1698857482\n|move|p2a: 5|Substitute|p2a: 5\n|-start|p2a: 5|Substitute\n|-damage|p2a: 5|44\/100\n|move|p1a: Blissey|Shadow Ball|p2a: 5\n|-end|p2a: 5|Substitute\n|\n|-heal|p2a: 5|51\/100|[from] item: Leftovers\n|upkeep\n|turn|55\n|\n|t:|1698857497\n|move|p2a: 5|Nasty Plot|p2a: 5\n|-boost|p2a: 5|spa|0\n|move|p1a: Blissey|Shadow Ball|p2a: 5\n|-damage|p2a: 5|0 fnt\n|faint|p2a: 5\n|\n|upkeep\n|\n|t:|1698857503\n|switch|p2a: 6|Arceus-Poison|29\/100\n|turn|56\n|\n|t:|1698857508\n|move|p2a: 6|Taunt|p1a: Blissey\n|-start|p1a: Blissey|move: Taunt\n|cant|p1a: Blissey|par\n|\n|upkeep\n|turn|57\n|c|\u2606vespyyy|Asfg\n|\n|t:|1698857517\n|move|p2a: 6|Gunk Shot|p1a: Blissey\n|-damage|p1a: Blissey|53\/100 par\n|cant|p1a: Blissey|par\n|\n|upkeep\n|turn|58\n|c|\u2606vespyyy|Asdgg\n|c|\u2606vespyyy|Ajsjs\n|c|\u2606vespyyy|Djsj\n|c|\u2606vespyyy|Sjsj\n|c|\u2606vespyyy|I literally won there\n|c|\u2606vespyyy|Then\n|c|\u2606vespyyy|Agghh\n|\n|t:|1698857536\n|move|p2a: 6|Gunk Shot|p1a: Blissey\n|-damage|p1a: Blissey|0 fnt\n|faint|p1a: Blissey\n|\n|upkeep\n|\n|t:|1698857542\n|switch|p1a: Quagsire|Quagsire, F|79\/100\n|-damage|p1a: Quagsire|54\/100|[from] Spikes\n|turn|59\n|\n|t:|1698857547\n|move|p2a: 6|Taunt|p1a: Quagsire\n|-start|p1a: Quagsire|move: Taunt\n|-enditem|p1a: Quagsire|Mental Herb\n|-end|p1a: Quagsire|move: Taunt\n|move|p1a: Quagsire|Waterfall|p2a: 6\n|-damage|p2a: 6|16\/100\n|\n|upkeep\n|turn|60\n|\n|t:|1698857550\n|move|p2a: 6|Recover|p2a: 6\n|-heal|p2a: 6|66\/100\n|move|p1a: Quagsire|Waterfall|p2a: 6\n|-damage|p2a: 6|54\/100\n|\n|upkeep\n|turn|61\n|c|\u2606vespyyy|Alr well\n|c|\u2606vespyyy|U haxed my\n|c|\u2606vespyyy|Oh well\n|c|\u2606vespyyy|Not my fault\n|\n|t:|1698857574\n|move|p2a: 6|Recover|p2a: 6\n|-heal|p2a: 6|100\/100\n|move|p1a: Quagsire|Waterfall|p2a: 6\n|-damage|p2a: 6|86\/100\n|\n|upkeep\n|turn|62\n|\n|t:|1698857579\n|move|p2a: 6|Gunk Shot|p1a: Quagsire\n|-resisted|p1a: Quagsire\n|-crit|p1a: Quagsire\n|-damage|p1a: Quagsire|24\/100\n|-status|p1a: Quagsire|psn\n|move|p1a: Quagsire|Recover|p1a: Quagsire\n|-heal|p1a: Quagsire|74\/100 psn\n|\n|-damage|p1a: Quagsire|61\/100 psn|[from] psn\n|upkeep\n|turn|63\n|\n|t:|1698857588\n|switch|p2a: 7|Dialga|100\/100\n|-ability|p2a: 7|Pressure\n|move|p1a: Quagsire|Waterfall|p2a: 7\n|-resisted|p2a: 7\n|-damage|p2a: 7|91\/100\n|\n|-heal|p2a: 7|97\/100|[from] item: Leftovers\n|-damage|p1a: Quagsire|49\/100 psn|[from] psn\n|upkeep\n|turn|64\n|\n|t:|1698857597\n|switch|p1a: Arceus|Arceus-Dark|72\/100\n|-damage|p1a: Arceus|47\/100|[from] Spikes\n|move|p2a: 7|Draco Meteor|p1a: Arceus\n|-damage|p1a: Arceus|1\/100\n|-unboost|p2a: 7|spa|2\n|\n|-heal|p2a: 7|100\/100|[from] item: Leftovers\n|upkeep\n|turn|65\n|\n|t:|1698857605\n|switch|p2a: 4|Magearna|23\/100\n|move|p1a: Arceus|Recover|p1a: Arceus\n|-heal|p1a: Arceus|52\/100\n|\n|-heal|p2a: 4|29\/100|[from] item: Leftovers\n|upkeep\n|turn|66\n|\n|t:|1698857609\n|move|p1a: Arceus|Recover|p1a: Arceus\n|-heal|p1a: Arceus|100\/100\n|move|p2a: 4|Draining Kiss|p1a: Arceus\n|-supereffective|p1a: Arceus\n|-damage|p1a: Arceus|76\/100\n|-heal|p2a: 4|51\/100|[from] drain|[of] p1a: Arceus\n|\n|-heal|p2a: 4|57\/100|[from] item: Leftovers\n|upkeep\n|turn|67\n|\n|t:|1698857617\n|switch|p1a: Quagsire|Quagsire, F|49\/100 psn\n|-damage|p1a: Quagsire|24\/100 psn|[from] Spikes\n|move|p2a: 4|Volt Switch|p1a: Quagsire\n|-immune|p1a: Quagsire\n|\n|-heal|p2a: 4|63\/100|[from] item: Leftovers\n|-damage|p1a: Quagsire|11\/100 psn|[from] psn\n|upkeep\n|turn|68\n|\n|t:|1698857620\n|switch|p2a: 8|Empoleon, M|91\/100\n|move|p1a: Quagsire|Recover|p1a: Quagsire\n|-heal|p1a: Quagsire|61\/100 psn\n|\n|-damage|p1a: Quagsire|49\/100 psn|[from] psn\n|upkeep\n|turn|69\n|\n|t:|1698857627\n|move|p2a: 8|Surf|p1a: Quagsire\n|-damage|p1a: Quagsire|0 fnt\n|faint|p1a: Quagsire\n|-damage|p2a: 8|81\/100|[from] item: Life Orb\n|\n|upkeep\n|\n|t:|1698857631\n|switch|p1a: Dragonite|Dragonite, M|79\/100\n|turn|70\n|\n|t:|1698857634\n|move|p2a: 8|Ice Beam|p1a: Dragonite\n|-supereffective|p1a: Dragonite\n|-damage|p1a: Dragonite|0 fnt\n|faint|p1a: Dragonite\n|-damage|p2a: 8|71\/100|[from] item: Life Orb\n|\n|upkeep\n|c|\u2606vespyyy|Welp\n|c|\u2606vespyyy|Uh\n|c|\u2606vespyyy|I got haxxed\n|-message|vespyyy forfeited.\n|\n|win|hannah_xyz\n","uploadtime":1698857657,"views":19,"p1id":"vespyyy","p2id":"hannahxyz","formatid":"gen9ubers","rating":0,"private":0,"password":""}