{"id":"gen9ubers-1983496889","p1":"FIRE LORD AESON!","p2":"xcellofantastic","format":"[Gen 9] Ubers","log":"|j|\u2606FIRE LORD AESON!\n|j|\u2606xcellofantastic\n|t:|1699136456\n|gametype|singles\n|player|p1|FIRE LORD AESON!|red-gen1|1280\n|player|p2|xcellofantastic|266|1389\n|teamsize|p1|6\n|teamsize|p2|6\n|gen|9\n|tier|[Gen 9] Ubers\n|rated|\n|rule|Sleep Clause Mod: Limit one foe put to sleep\n|rule|Species Clause: Limit one of each Pok\u00e9mon\n|rule|OHKO Clause: OHKO moves are banned\n|rule|Evasion Items Clause: Evasion items are banned\n|rule|Evasion Moves Clause: Evasion moves are banned\n|rule|Endless Battle Clause: Forcing endless battles is banned\n|rule|HP Percentage Mod: HP is shown in percentages\n|clearpoke\n|poke|p1|Torkoal, M|\n|poke|p1|Hatterene, F|\n|poke|p1|Kommo-o, M|\n|poke|p1|Cinderace, M|\n|poke|p1|Great Tusk|\n|poke|p1|Heatran, F|\n|poke|p2|Arceus-Ghost|\n|poke|p2|Flutter Mane|\n|poke|p2|Koraidon|\n|poke|p2|Chi-Yu|\n|poke|p2|Walking Wake|\n|poke|p2|Ribombee, M|\n|teampreview\n|\n|t:|1699136479\n|start\n|switch|p1a: PLAYBOY|Cinderace, M|100\/100\n|switch|p2a: BRAAVOSI|Arceus-Ghost|100\/100\n|turn|1\n|\n|t:|1699136499\n|move|p2a: BRAAVOSI|Judgment|p1a: PLAYBOY\n|-damage|p1a: PLAYBOY|26\/100\n|move|p1a: PLAYBOY|Pyro Ball|p2a: BRAAVOSI\n|-damage|p2a: BRAAVOSI|55\/100\n|-damage|p1a: PLAYBOY|16\/100|[from] item: Life Orb\n|\n|upkeep\n|turn|2\n|\n|t:|1699136512\n|move|p2a: BRAAVOSI|Stealth Rock|p1a: PLAYBOY\n|-sidestart|p1: FIRE LORD AESON!|move: Stealth Rock\n|move|p1a: PLAYBOY|Pyro Ball|p2a: BRAAVOSI\n|-damage|p2a: BRAAVOSI|7\/100\n|-damage|p1a: PLAYBOY|6\/100|[from] item: Life Orb\n|\n|upkeep\n|turn|3\n|\n|t:|1699136521\n|move|p1a: PLAYBOY|Sucker Punch|p2a: BRAAVOSI\n|-start|p1a: PLAYBOY|typechange|Dark|[from] ability: Libero\n|-supereffective|p2a: BRAAVOSI\n|-damage|p2a: BRAAVOSI|0 fnt\n|faint|p2a: BRAAVOSI\n|-damage|p1a: PLAYBOY|0 fnt|[from] item: Life Orb\n|faint|p1a: PLAYBOY\n|\n|upkeep\n|\n|t:|1699136617\n|switch|p2a: FURY|Chi-Yu|100\/100\n|switch|p1a: SEXY @ESON UTUBE!|Hatterene, F|100\/100\n|-ability|p2a: FURY|Beads of Ruin\n|-damage|p1a: SEXY @ESON UTUBE!|88\/100|[from] Stealth Rock\n|turn|4\n|\n|t:|1699136628\n|move|p2a: FURY|Dark Pulse|p1a: SEXY @ESON UTUBE!\n|-damage|p1a: SEXY @ESON UTUBE!|10\/100\n|-damage|p2a: FURY|91\/100|[from] item: Life Orb\n|move|p1a: SEXY @ESON UTUBE!|Mystical Fire|p2a: FURY\n|-resisted|p2a: FURY\n|-damage|p2a: FURY|74\/100\n|-unboost|p2a: FURY|spa|1\n|\n|upkeep\n|turn|5\n|\n|t:|1699136636\n|move|p2a: FURY|Dark Pulse|p1a: SEXY @ESON UTUBE!\n|-damage|p1a: SEXY @ESON UTUBE!|0 fnt\n|faint|p1a: SEXY @ESON UTUBE!\n|-damage|p2a: FURY|64\/100|[from] item: Life Orb\n|\n|upkeep\n|\n|t:|1699136648\n|switch|p1a: SUBSCRIBE 2 AESON!|Torkoal, M|100\/100\n|-damage|p1a: SUBSCRIBE 2 AESON!|76\/100|[from] Stealth Rock\n|-weather|SunnyDay|[from] ability: Drought|[of] p1a: SUBSCRIBE 2 AESON!\n|turn|6\n|\n|t:|1699136662\n|move|p2a: FURY|Nasty Plot|p2a: FURY\n|-boost|p2a: FURY|spa|2\n|move|p1a: SUBSCRIBE 2 AESON!|Yawn|p2a: FURY\n|-start|p2a: FURY|move: Yawn|[of] p1a: SUBSCRIBE 2 AESON!\n|\n|-weather|SunnyDay|[upkeep]\n|upkeep\n|turn|7\n|\n|t:|1699136671\n|move|p2a: FURY|Dark Pulse|p1a: SUBSCRIBE 2 AESON!\n|-damage|p1a: SUBSCRIBE 2 AESON!|0 fnt\n|faint|p1a: SUBSCRIBE 2 AESON!\n|-damage|p2a: FURY|54\/100|[from] item: Life Orb\n|\n|-weather|SunnyDay|[upkeep]\n|-end|p2a: FURY|move: Yawn|[silent]\n|-status|p2a: FURY|slp\n|upkeep\n|\n|t:|1699136674\n|switch|p1a: GEN 1 > GEN 9?|Great Tusk|100\/100\n|-damage|p1a: GEN 1 > GEN 9?|98\/100|[from] Stealth Rock\n|-activate|p1a: GEN 1 > GEN 9?|ability: Protosynthesis\n|-start|p1a: GEN 1 > GEN 9?|protosynthesisatk\n|turn|8\n|\n|t:|1699136685\n|switch|p2a: SHADOWBINDER|Flutter Mane|100\/100\n|-activate|p2a: SHADOWBINDER|ability: Protosynthesis\n|-start|p2a: SHADOWBINDER|protosynthesisspe\n|move|p1a: GEN 1 > GEN 9?|Rapid Spin|p2a: SHADOWBINDER\n|-immune|p2a: SHADOWBINDER\n|\n|-weather|SunnyDay|[upkeep]\n|upkeep\n|turn|9\n|\n|t:|1699136708\n|-end|p2a: SHADOWBINDER|Protosynthesis|[silent]\n|switch|p2a: ALYN|Walking Wake|100\/100\n|-activate|p2a: ALYN|ability: Protosynthesis\n|-start|p2a: ALYN|protosynthesisspa\n|-end|p1a: GEN 1 > GEN 9?|Protosynthesis|[silent]\n|switch|p1a: ROAD 2 RESPECT!|Heatran, F|100\/100\n|-damage|p1a: ROAD 2 RESPECT!|88\/100|[from] Stealth Rock\n|-item|p1a: ROAD 2 RESPECT!|Air Balloon\n|\n|-weather|SunnyDay|[upkeep]\n|upkeep\n|turn|10\n|\n|t:|1699136723\n|move|p2a: ALYN|Hydro Steam|p1a: ROAD 2 RESPECT!\n|-supereffective|p1a: ROAD 2 RESPECT!\n|-damage|p1a: ROAD 2 RESPECT!|0 fnt\n|-enditem|p1a: ROAD 2 RESPECT!|Air Balloon\n|faint|p1a: ROAD 2 RESPECT!\n|\n|-weather|SunnyDay|[upkeep]\n|upkeep\n|\n|t:|1699136727\n|switch|p1a: AESON SCORSESE|Kommo-o, M|100\/100\n|-damage|p1a: AESON SCORSESE|94\/100|[from] Stealth Rock\n|turn|11\n|\n|t:|1699136765\n|-end|p2a: ALYN|Protosynthesis|[silent]\n|switch|p2a: BARTH|Ribombee, M|100\/100\n|move|p1a: AESON SCORSESE|Clangorous Soul|p1a: AESON SCORSESE\n|-boost|p1a: AESON SCORSESE|atk|1\n|-boost|p1a: AESON SCORSESE|def|1\n|-boost|p1a: AESON SCORSESE|spa|1\n|-boost|p1a: AESON SCORSESE|spd|1\n|-boost|p1a: AESON SCORSESE|spe|1\n|-damage|p1a: AESON SCORSESE|61\/100\n|\n|-weather|SunnyDay|[upkeep]\n|upkeep\n|turn|12\n|\n|t:|1699136789\n|-terastallize|p1a: AESON SCORSESE|Steel\n|move|p1a: AESON SCORSESE|Flash Cannon|p2a: BARTH\n|-supereffective|p2a: BARTH\n|-enditem|p2a: BARTH|Focus Sash\n|-damage|p2a: BARTH|1\/100\n|move|p2a: BARTH|Stun Spore|p1a: AESON SCORSESE\n|-status|p1a: AESON SCORSESE|par\n|\n|-weather|SunnyDay|[upkeep]\n|upkeep\n|turn|13\n|\n|t:|1699136799\n|move|p2a: BARTH|Sticky Web|p1a: AESON SCORSESE\n|-sidestart|p1: FIRE LORD AESON!|move: Sticky Web\n|move|p1a: AESON SCORSESE|Clangorous Soul|p1a: AESON SCORSESE\n|-boost|p1a: AESON SCORSESE|atk|1\n|-boost|p1a: AESON SCORSESE|def|1\n|-boost|p1a: AESON SCORSESE|spa|1\n|-boost|p1a: AESON SCORSESE|spd|1\n|-boost|p1a: AESON SCORSESE|spe|1\n|-damage|p1a: AESON SCORSESE|28\/100 par\n|\n|-weather|none\n|upkeep\n|turn|14\n|\n|t:|1699136819\n|move|p2a: BARTH|Moonblast|p1a: AESON SCORSESE\n|-resisted|p1a: AESON SCORSESE\n|-damage|p1a: AESON SCORSESE|18\/100 par\n|-enditem|p1a: AESON SCORSESE|Mago Berry|[eat]\n|-heal|p1a: AESON SCORSESE|52\/100 par|[from] item: Mago Berry\n|move|p1a: AESON SCORSESE|Clangorous Soul|p1a: AESON SCORSESE\n|-boost|p1a: AESON SCORSESE|atk|1\n|-boost|p1a: AESON SCORSESE|def|1\n|-boost|p1a: AESON SCORSESE|spa|1\n|-boost|p1a: AESON SCORSESE|spd|1\n|-boost|p1a: AESON SCORSESE|spe|1\n|-damage|p1a: AESON SCORSESE|19\/100 par\n|\n|upkeep\n|turn|15\n|\n|t:|1699136826\n|move|p2a: BARTH|Moonblast|p1a: AESON SCORSESE\n|-resisted|p1a: AESON SCORSESE\n|-damage|p1a: AESON SCORSESE|10\/100 par\n|-unboost|p1a: AESON SCORSESE|spa|1\n|move|p1a: AESON SCORSESE|Drain Punch|p2a: BARTH\n|-resisted|p2a: BARTH\n|-damage|p2a: BARTH|0 fnt\n|-heal|p1a: AESON SCORSESE|11\/100 par|[from] drain|[of] p2a: BARTH\n|faint|p2a: BARTH\n|\n|upkeep\n|\n|t:|1699136859\n|switch|p2a: CARAXES|Koraidon|100\/100\n|-weather|SunnyDay|[from] ability: Orichalcum Pulse|[of] p2a: CARAXES\n|-activate|p2a: CARAXES|Orichalcum Pulse|[source]\n|turn|16\n|\n|t:|1699136879\n|move|p2a: CARAXES|Flare Blitz|p1a: AESON SCORSESE\n|-supereffective|p1a: AESON SCORSESE\n|-damage|p1a: AESON SCORSESE|0 fnt\n|faint|p1a: AESON SCORSESE\n|-damage|p2a: CARAXES|98\/100|[from] Recoil\n|\n|-weather|SunnyDay|[upkeep]\n|upkeep\n|\n|t:|1699136886\n|switch|p1a: GEN 1 > GEN 9?|Great Tusk|98\/100\n|-damage|p1a: GEN 1 > GEN 9?|95\/100|[from] Stealth Rock\n|-activate|p1a: GEN 1 > GEN 9?|move: Sticky Web\n|-unboost|p1a: GEN 1 > GEN 9?|spe|1\n|-activate|p1a: GEN 1 > GEN 9?|ability: Protosynthesis\n|-start|p1a: GEN 1 > GEN 9?|protosynthesisatk\n|turn|17\n|\n|t:|1699136906\n|switch|p2a: SHADOWBINDER|Flutter Mane|100\/100\n|-activate|p2a: SHADOWBINDER|ability: Protosynthesis\n|-start|p2a: SHADOWBINDER|protosynthesisspe\n|move|p1a: GEN 1 > GEN 9?|Rapid Spin|p2a: SHADOWBINDER\n|-immune|p2a: SHADOWBINDER\n|\n|-weather|SunnyDay|[upkeep]\n|upkeep\n|turn|18\n|\n|t:|1699136922\n|move|p2a: SHADOWBINDER|Moonblast|p1a: GEN 1 > GEN 9?\n|-supereffective|p1a: GEN 1 > GEN 9?\n|-damage|p1a: GEN 1 > GEN 9?|0 fnt\n|faint|p1a: GEN 1 > GEN 9?\n|-end|p1a: GEN 1 > GEN 9?|Protosynthesis|[silent]\n|-damage|p2a: SHADOWBINDER|91\/100|[from] item: Life Orb\n|\n|win|xcellofantastic\n|raw|FIRE LORD AESON!'s rating: 1280 &rarr; <strong>1263<\/strong><br \/>(-17 for losing)\n|raw|xcellofantastic's rating: 1389 &rarr; <strong>1403<\/strong><br \/>(+14 for winning)\n","uploadtime":1699136928,"views":8,"p1id":"firelordaeson","p2id":"xcellofantastic","formatid":"gen9ubers","rating":1263,"private":0,"password":""}