{"id":"gen9ubers-1994947679","p1":"michaelonuoha","p2":"Fujoshicool","format":"[Gen 9] Ubers","log":"|j|\u2606michaelonuoha\n|j|\u2606Fujoshicool\n|t:|1700507179\n|gametype|singles\n|player|p1|michaelonuoha|1|1000\n|player|p2|Fujoshicool|caitlin|1048\n|teamsize|p1|6\n|teamsize|p2|6\n|gen|9\n|tier|[Gen 9] Ubers\n|rated|\n|rule|Sleep Clause Mod: Limit one foe put to sleep\n|rule|Species Clause: Limit one of each Pok\u00e9mon\n|rule|OHKO Clause: OHKO moves are banned\n|rule|Evasion Items Clause: Evasion items are banned\n|rule|Evasion Moves Clause: Evasion moves are banned\n|rule|Endless Battle Clause: Forcing endless battles is banned\n|rule|HP Percentage Mod: HP is shown in percentages\n|clearpoke\n|poke|p1|Miraidon|\n|poke|p1|Zacian-*|\n|poke|p1|Koraidon|\n|poke|p1|Cinderace, M|\n|poke|p1|Quaquaval, M|\n|poke|p1|Iron Leaves|\n|poke|p2|Glimmora, F|\n|poke|p2|Annihilape, M|\n|poke|p2|Espathra, M|\n|poke|p2|Arceus|\n|poke|p2|Chi-Yu|\n|poke|p2|Great Tusk|\n|teampreview\n|\n|t:|1700507188\n|start\n|switch|p1a: Miraidon|Miraidon|100\/100\n|switch|p2a: Glimmora|Glimmora, F|100\/100\n|-fieldstart|move: Electric Terrain|[from] ability: Hadron Engine|[of] p1a: Miraidon\n|turn|1\n|\n|t:|1700507206\n|move|p1a: Miraidon|Calm Mind|p1a: Miraidon\n|-boost|p1a: Miraidon|spa|1\n|-boost|p1a: Miraidon|spd|1\n|move|p2a: Glimmora|Stealth Rock|p1a: Miraidon\n|-sidestart|p1: michaelonuoha|move: Stealth Rock\n|\n|upkeep\n|turn|2\n|\n|t:|1700507226\n|switch|p1a: Quaquaval|Quaquaval, M|100\/100\n|-damage|p1a: Quaquaval|94\/100|[from] Stealth Rock\n|move|p2a: Glimmora|Earth Power|p1a: Quaquaval\n|-damage|p1a: Quaquaval|56\/100\n|\n|upkeep\n|turn|3\n|\n|t:|1700507237\n|move|p2a: Glimmora|Spikes|p1a: Quaquaval\n|-sidestart|p1: michaelonuoha|Spikes\n|move|p1a: Quaquaval|Swords Dance|p1a: Quaquaval\n|-boost|p1a: Quaquaval|atk|2\n|\n|upkeep\n|turn|4\n|\n|t:|1700507256\n|move|p2a: Glimmora|Earth Power|p1a: Quaquaval\n|-damage|p1a: Quaquaval|17\/100\n|move|p1a: Quaquaval|Aqua Cutter|p2a: Glimmora\n|-supereffective|p2a: Glimmora\n|-crit|p2a: Glimmora\n|-enditem|p2a: Glimmora|Focus Sash\n|-damage|p2a: Glimmora|1\/100\n|-activate|p2a: Glimmora|ability: Toxic Debris\n|-sidestart|p1: michaelonuoha|move: Toxic Spikes\n|-damage|p1a: Quaquaval|7\/100|[from] item: Life Orb\n|\n|upkeep\n|turn|5\n|\n|t:|1700507272\n|move|p2a: Glimmora|Spiky Shield|p2a: Glimmora\n|-singleturn|p2a: Glimmora|move: Protect\n|move|p1a: Quaquaval|Aqua Cutter|p2a: Glimmora\n|-activate|p2a: Glimmora|move: Protect\n|\n|-fieldend|move: Electric Terrain\n|upkeep\n|turn|6\n|\n|t:|1700507285\n|move|p2a: Glimmora|Earth Power|p1a: Quaquaval\n|-damage|p1a: Quaquaval|0 fnt\n|faint|p1a: Quaquaval\n|\n|upkeep\n|\n|t:|1700507292\n|switch|p1a: Cinderace|Cinderace, M|100\/100\n|-damage|p1a: Cinderace|76\/100|[from] Stealth Rock\n|-damage|p1a: Cinderace|63\/100|[from] Spikes\n|-status|p1a: Cinderace|psn\n|turn|7\n|\n|t:|1700507308\n|move|p2a: Glimmora|Spiky Shield|p2a: Glimmora\n|-singleturn|p2a: Glimmora|move: Protect\n|move|p1a: Cinderace|Gunk Shot|p2a: Glimmora\n|-start|p1a: Cinderace|typechange|Poison|[from] ability: Libero\n|-activate|p2a: Glimmora|move: Protect\n|\n|-heal|p1a: Cinderace|69\/100 psn|[from] item: Leftovers\n|-damage|p1a: Cinderace|57\/100 psn|[from] psn\n|upkeep\n|turn|8\n|\n|t:|1700507318\n|move|p1a: Cinderace|Gunk Shot|p2a: Glimmora\n|-resisted|p2a: Glimmora\n|-damage|p2a: Glimmora|0 fnt\n|-activate|p2a: Glimmora|ability: Toxic Debris\n|-sidestart|p1: michaelonuoha|move: Toxic Spikes\n|faint|p2a: Glimmora\n|\n|-heal|p1a: Cinderace|63\/100 psn|[from] item: Leftovers\n|-damage|p1a: Cinderace|51\/100 psn|[from] psn\n|upkeep\n|\n|t:|1700507327\n|switch|p2a: Arceus|Arceus|100\/100\n|turn|9\n|\n|t:|1700507334\n|move|p2a: Arceus|Cosmic Power|p2a: Arceus\n|-boost|p2a: Arceus|def|1\n|-boost|p2a: Arceus|spd|1\n|move|p1a: Cinderace|Pyro Ball|p2a: Arceus\n|-damage|p2a: Arceus|85\/100\n|\n|-heal|p2a: Arceus|91\/100|[from] item: Leftovers\n|-heal|p1a: Cinderace|57\/100 psn|[from] item: Leftovers\n|-damage|p1a: Cinderace|45\/100 psn|[from] psn\n|upkeep\n|turn|10\n|\n|t:|1700507349\n|move|p2a: Arceus|Cosmic Power|p2a: Arceus\n|-boost|p2a: Arceus|def|1\n|-boost|p2a: Arceus|spd|1\n|move|p1a: Cinderace|Pyro Ball|p2a: Arceus\n|-damage|p2a: Arceus|78\/100\n|\n|-heal|p2a: Arceus|84\/100|[from] item: Leftovers\n|-heal|p1a: Cinderace|50\/100 psn|[from] item: Leftovers\n|-damage|p1a: Cinderace|38\/100 psn|[from] psn\n|upkeep\n|turn|11\n|inactive|Battle timer is ON: inactive players will automatically lose when time's up. (requested by Fujoshicool)\n|\n|t:|1700507418\n|move|p2a: Arceus|Body Press|p1a: Cinderace\n|-resisted|p1a: Cinderace\n|-damage|p1a: Cinderace|0 fnt\n|faint|p1a: Cinderace\n|\n|-heal|p2a: Arceus|91\/100|[from] item: Leftovers\n|upkeep\n|\n|t:|1700507426\n|switch|p1a: Zacian|Zacian-Crowned|100\/100\n|-damage|p1a: Zacian|94\/100|[from] Stealth Rock\n|-damage|p1a: Zacian|82\/100|[from] Spikes\n|-ability|p1a: Zacian|Intrepid Sword|boost\n|-boost|p1a: Zacian|atk|1\n|turn|12\n|\n|t:|1700507436\n|move|p1a: Zacian|Sacred Sword|p2a: Arceus\n|-supereffective|p2a: Arceus\n|-damage|p2a: Arceus|22\/100\n|move|p2a: Arceus|Cosmic Power|p2a: Arceus\n|-boost|p2a: Arceus|def|1\n|-boost|p2a: Arceus|spd|1\n|\n|-heal|p2a: Arceus|28\/100|[from] item: Leftovers\n|upkeep\n|turn|13\n|\n|t:|1700507455\n|-terastallize|p2a: Arceus|Fighting\n|move|p1a: Zacian|Sacred Sword|p2a: Arceus\n|-damage|p2a: Arceus|0 fnt\n|faint|p2a: Arceus\n|\n|upkeep\n|\n|t:|1700507461\n|switch|p2a: Annihilape|Annihilape, M|100\/100\n|turn|14\n|\n|t:|1700507476\n|move|p2a: Annihilape|Close Combat|p1a: Zacian\n|-damage|p1a: Zacian|26\/100\n|-unboost|p2a: Annihilape|def|1\n|-unboost|p2a: Annihilape|spd|1\n|move|p1a: Zacian|Behemoth Blade|p2a: Annihilape\n|-damage|p2a: Annihilape|0 fnt\n|faint|p2a: Annihilape\n|\n|upkeep\n|\n|t:|1700507492\n|switch|p2a: Great Tusk|Great Tusk|100\/100\n|turn|15\n|l|\u2606michaelonuoha\n|inactive|michaelonuoha disconnected and has a minute to reconnect!\n|player|p1|\n|inactive|michaelonuoha has 30 seconds to reconnect!\n|inactive|michaelonuoha has 20 seconds to reconnect!\n|inactive|michaelonuoha has 15 seconds to reconnect!\n|inactive|michaelonuoha has 10 seconds to reconnect!\n|inactive|michaelonuoha has 5 seconds to reconnect!\n|-message|michaelonuoha lost due to inactivity.\n|\n|win|Fujoshicool\n|raw|michaelonuoha's rating: 1000 &rarr; <strong>1000<\/strong><br \/>(+0 for losing)\n|raw|Fujoshicool's rating: 1048 &rarr; <strong>1076<\/strong><br \/>(+28 for winning)\n","uploadtime":1700507579,"views":2,"p1id":"michaelonuoha","p2id":"fujoshicool","formatid":"gen9ubers","rating":1000,"private":0,"password":""}