{"id":"gen9ubers-1998608018","p1":"fsdsgsg","p2":"JayTheBlaze87","format":"[Gen 9] Ubers","log":"|j|\u2606fsdsgsg\n|j|\u2606JayTheBlaze87\n|t:|1700962356\n|gametype|singles\n|player|p1|fsdsgsg|cheren-gen5bw2|\n|player|p2|JayTheBlaze87|101|\n|teamsize|p1|6\n|teamsize|p2|6\n|gen|9\n|tier|[Gen 9] Ubers\n|rule|Sleep Clause Mod: Limit one foe put to sleep\n|rule|Species Clause: Limit one of each Pok\u00e9mon\n|rule|OHKO Clause: OHKO moves are banned\n|rule|Evasion Items Clause: Evasion items are banned\n|rule|Evasion Moves Clause: Evasion moves are banned\n|rule|Endless Battle Clause: Forcing endless battles is banned\n|rule|HP Percentage Mod: HP is shown in percentages\n|clearpoke\n|poke|p1|Rillaboom, F|\n|poke|p1|Hawlucha, F|\n|poke|p1|Espeon, F|\n|poke|p1|Gliscor, F|\n|poke|p1|Slowking-Galar, M|\n|poke|p1|Iron Valiant|\n|poke|p2|Farigiraf, F|\n|poke|p2|Dragapult, M|\n|poke|p2|Sneasler, M|\n|poke|p2|Ditto|\n|poke|p2|Manaphy|\n|poke|p2|Heatran, M|\n|teampreview\n|c|\u2606JayTheBlaze87|glhf\n|\n|t:|1700962403\n|start\n|switch|p1a: Gliscor|Gliscor, F|100\/100\n|switch|p2a: Farigiraf|Farigiraf, F|100\/100\n|turn|1\n|\n|t:|1700962414\n|move|p1a: Gliscor|Protect|p1a: Gliscor\n|-singleturn|p1a: Gliscor|Protect\n|move|p2a: Farigiraf|Trick Room|p2a: Farigiraf\n|-fieldstart|move: Trick Room|[of] p2a: Farigiraf\n|-enditem|p2a: Farigiraf|Room Service\n|-unboost|p2a: Farigiraf|spe|1|[from] item: Room Service\n|\n|-status|p1a: Gliscor|tox|[from] item: Toxic Orb\n|upkeep\n|turn|2\n|\n|t:|1700962430\n|move|p2a: Farigiraf|Psychic|p1a: Gliscor\n|-damage|p1a: Gliscor|42\/100 tox\n|move|p1a: Gliscor|Knock Off|p2a: Farigiraf\n|-supereffective|p2a: Farigiraf\n|-damage|p2a: Farigiraf|70\/100\n|\n|-heal|p1a: Gliscor|54\/100 tox|[from] ability: Poison Heal\n|upkeep\n|turn|3\n|\n|t:|1700962444\n|move|p1a: Gliscor|Protect|p1a: Gliscor\n|-singleturn|p1a: Gliscor|Protect\n|move|p2a: Farigiraf|Psychic|p1a: Gliscor\n|-activate|p1a: Gliscor|move: Protect\n|\n|-heal|p1a: Gliscor|67\/100 tox|[from] ability: Poison Heal\n|upkeep\n|turn|4\n|\n|t:|1700962454\n|switch|p1a: Espeon|Espeon, F|100\/100\n|move|p2a: Farigiraf|Hyper Voice|p1a: Espeon\n|-damage|p1a: Espeon|46\/100\n|\n|upkeep\n|turn|5\n|\n|t:|1700962470\n|switch|p1a: Slowking|Slowking-Galar, M|100\/100\n|move|p2a: Farigiraf|Hyper Voice|p1a: Slowking\n|-damage|p1a: Slowking|71\/100\n|\n|-fieldend|move: Trick Room\n|upkeep\n|turn|6\n|\n|t:|1700962483\n|move|p1a: Slowking|Thunder Wave|p2a: Farigiraf\n|-status|p2a: Farigiraf|par\n|move|p2a: Farigiraf|Trick Room|p2a: Farigiraf\n|-fieldstart|move: Trick Room|[of] p2a: Farigiraf\n|\n|upkeep\n|turn|7\n|\n|t:|1700962490\n|move|p2a: Farigiraf|Psychic|p1a: Slowking\n|-damage|p1a: Slowking|44\/100\n|move|p1a: Slowking|Chilly Reception|p1a: Slowking\n|-weather|Snow\n|\n|t:|1700962494\n|switch|p1a: Gliscor|Gliscor, F|67\/100 tox|[from] Chilly Reception\n|\n|-weather|Snow|[upkeep]\n|-heal|p1a: Gliscor|79\/100 tox|[from] ability: Poison Heal\n|upkeep\n|turn|8\n|\n|t:|1700962507\n|move|p1a: Gliscor|Protect|p1a: Gliscor\n|-singleturn|p1a: Gliscor|Protect\n|move|p2a: Farigiraf|Hyper Voice|p1a: Gliscor\n|-activate|p1a: Gliscor|move: Protect\n|\n|-weather|Snow|[upkeep]\n|-heal|p1a: Gliscor|92\/100 tox|[from] ability: Poison Heal\n|upkeep\n|turn|9\n|\n|t:|1700962534\n|switch|p1a: Slowking|Slowking-Galar, M|78\/100\n|cant|p2a: Farigiraf|par\n|\n|-weather|Snow|[upkeep]\n|upkeep\n|turn|10\n|\n|t:|1700962547\n|move|p2a: Farigiraf|Hyper Voice|p1a: Slowking\n|-damage|p1a: Slowking|49\/100\n|move|p1a: Slowking|Chilly Reception|p1a: Slowking\n|\n|t:|1700962558\n|switch|p1a: Rillaboom|Rillaboom, F|100\/100|[from] Chilly Reception\n|-fieldstart|move: Grassy Terrain|[from] ability: Grassy Surge|[of] p1a: Rillaboom\n|\n|-weather|Snow|[upkeep]\n|-heal|p2a: Farigiraf|76\/100 par|[from] Grassy Terrain\n|-fieldend|move: Trick Room\n|upkeep\n|turn|11\n|\n|t:|1700962571\n|move|p1a: Rillaboom|U-turn|p2a: Farigiraf\n|-supereffective|p2a: Farigiraf\n|-damage|p2a: Farigiraf|0 fnt\n|faint|p2a: Farigiraf\n|\n|t:|1700962587\n|switch|p1a: Hawlucha|Hawlucha, F|100\/100|[from] U-turn\n|-enditem|p1a: Hawlucha|Grassy Seed\n|-boost|p1a: Hawlucha|def|1|[from] item: Grassy Seed\n|\n|-weather|none\n|upkeep\n|\n|t:|1700962608\n|switch|p2a: Dragapult|Dragapult, M|100\/100\n|turn|12\n|\n|t:|1700962621\n|move|p1a: Hawlucha|Brave Bird|p2a: Dragapult\n|-damage|p2a: Dragapult|29\/100\n|-damage|p1a: Hawlucha|75\/100|[from] Recoil\n|move|p2a: Dragapult|Substitute|p2a: Dragapult\n|-start|p2a: Dragapult|Substitute\n|-damage|p2a: Dragapult|4\/100\n|\n|-heal|p2a: Dragapult|10\/100|[from] Grassy Terrain\n|-heal|p2a: Dragapult|16\/100|[from] item: Leftovers\n|upkeep\n|turn|13\n|\n|t:|1700962631\n|move|p1a: Hawlucha|Brave Bird|p2a: Dragapult\n|-end|p2a: Dragapult|Substitute\n|-damage|p1a: Hawlucha|66\/100|[from] Recoil|[of] p2a: Dragapult\n|move|p2a: Dragapult|Dragon Dance|p2a: Dragapult\n|-boost|p2a: Dragapult|atk|1\n|-boost|p2a: Dragapult|spe|1\n|\n|-heal|p2a: Dragapult|22\/100|[from] Grassy Terrain\n|-heal|p2a: Dragapult|28\/100|[from] item: Leftovers\n|upkeep\n|turn|14\n|\n|t:|1700962643\n|move|p1a: Hawlucha|Brave Bird|p2a: Dragapult\n|-damage|p2a: Dragapult|0 fnt\n|faint|p2a: Dragapult\n|-damage|p1a: Hawlucha|57\/100|[from] Recoil\n|\n|-fieldend|move: Grassy Terrain\n|upkeep\n|\n|t:|1700962652\n|switch|p2a: Requiem|Ditto|100\/100\n|turn|15\n|c|\u2606JayTheBlaze87|lol aint no way i forgot impostor\n|c|\u2606JayTheBlaze87|can't even be mad\n|\n|t:|1700962685\n|move|p1a: Hawlucha|Close Combat|p2a: Requiem\n|-supereffective|p2a: Requiem\n|-damage|p2a: Requiem|0 fnt\n|-unboost|p1a: Hawlucha|def|1\n|-unboost|p1a: Hawlucha|spd|1\n|faint|p2a: Requiem\n|\n|upkeep\n|\n|t:|1700962692\n|switch|p2a: Manaphy|Manaphy|100\/100\n|turn|16\n|\n|t:|1700962704\n|move|p1a: Hawlucha|Close Combat|p2a: Manaphy\n|-damage|p2a: Manaphy|50\/100\n|-unboost|p1a: Hawlucha|def|1\n|-unboost|p1a: Hawlucha|spd|1\n|move|p2a: Manaphy|Tail Glow|p2a: Manaphy\n|-boost|p2a: Manaphy|spa|3\n|\n|-heal|p2a: Manaphy|56\/100|[from] item: Leftovers\n|upkeep\n|turn|17\n|\n|t:|1700962718\n|move|p1a: Hawlucha|Close Combat|p2a: Manaphy\n|-damage|p2a: Manaphy|4\/100\n|-unboost|p1a: Hawlucha|def|1\n|-unboost|p1a: Hawlucha|spd|1\n|move|p2a: Manaphy|Ice Beam|p1a: Hawlucha\n|-supereffective|p1a: Hawlucha\n|-damage|p1a: Hawlucha|0 fnt\n|faint|p1a: Hawlucha\n|\n|-heal|p2a: Manaphy|10\/100|[from] item: Leftovers\n|upkeep\n|\n|t:|1700962725\n|switch|p1a: Rillaboom|Rillaboom, F|100\/100\n|-fieldstart|move: Grassy Terrain|[from] ability: Grassy Surge|[of] p1a: Rillaboom\n|turn|18\n|\n|t:|1700962733\n|move|p1a: Rillaboom|Grassy Glide|p2a: Manaphy\n|-supereffective|p2a: Manaphy\n|-damage|p2a: Manaphy|0 fnt\n|faint|p2a: Manaphy\n|\n|upkeep\n|\n|t:|1700962737\n|switch|p2a: Sneasler|Sneasler, M|100\/100\n|-enditem|p2a: Sneasler|Grassy Seed\n|-boost|p2a: Sneasler|def|1|[from] item: Grassy Seed\n|turn|19\n|\n|t:|1700962748\n|switch|p1a: Gliscor|Gliscor, F|92\/100 tox\n|move|p2a: Sneasler|Dire Claw|p1a: Gliscor\n|-resisted|p1a: Gliscor\n|-damage|p1a: Gliscor|77\/100 tox\n|\n|-heal|p1a: Gliscor|90\/100 tox|[from] ability: Poison Heal\n|upkeep\n|turn|20\n|\n|t:|1700962768\n|move|p2a: Sneasler|Lash Out|p1a: Gliscor\n|-damage|p1a: Gliscor|73\/100 tox\n|move|p1a: Gliscor|Earthquake|p2a: Sneasler\n|-supereffective|p2a: Sneasler\n|-damage|p2a: Sneasler|62\/100\n|\n|-heal|p2a: Sneasler|68\/100|[from] Grassy Terrain\n|-heal|p1a: Gliscor|86\/100 tox|[from] ability: Poison Heal\n|upkeep\n|turn|21\n|\n|t:|1700962777\n|move|p2a: Sneasler|Acrobatics|p1a: Gliscor\n|-damage|p1a: Gliscor|59\/100 tox\n|move|p1a: Gliscor|Earthquake|p2a: Sneasler\n|-supereffective|p2a: Sneasler\n|-damage|p2a: Sneasler|33\/100\n|\n|-heal|p2a: Sneasler|39\/100|[from] Grassy Terrain\n|-heal|p1a: Gliscor|72\/100 tox|[from] ability: Poison Heal\n|upkeep\n|turn|22\n|\n|t:|1700962787\n|move|p1a: Gliscor|Protect|p1a: Gliscor\n|-singleturn|p1a: Gliscor|Protect\n|move|p2a: Sneasler|Acrobatics|p1a: Gliscor\n|-activate|p1a: Gliscor|move: Protect\n|\n|-heal|p2a: Sneasler|45\/100|[from] Grassy Terrain\n|-heal|p1a: Gliscor|84\/100 tox|[from] ability: Poison Heal\n|-fieldend|move: Grassy Terrain\n|upkeep\n|turn|23\n|\n|t:|1700962794\n|move|p2a: Sneasler|Lash Out|p1a: Gliscor\n|-damage|p1a: Gliscor|67\/100 tox\n|move|p1a: Gliscor|Earthquake|p2a: Sneasler\n|-supereffective|p2a: Sneasler\n|-damage|p2a: Sneasler|0 fnt\n|faint|p2a: Sneasler\n|\n|-heal|p1a: Gliscor|80\/100 tox|[from] ability: Poison Heal\n|upkeep\n|\n|t:|1700962800\n|switch|p2a: Heatran|Heatran, M|100\/100\n|-item|p2a: Heatran|Air Balloon\n|turn|24\n|\n|t:|1700962809\n|move|p1a: Gliscor|Protect|p1a: Gliscor\n|-singleturn|p1a: Gliscor|Protect\n|move|p2a: Heatran|Magma Storm|p1a: Gliscor\n|-activate|p1a: Gliscor|move: Protect\n|\n|-heal|p1a: Gliscor|92\/100 tox|[from] ability: Poison Heal\n|upkeep\n|turn|25\n|\n|t:|1700962815\n|move|p1a: Gliscor|Knock Off|p2a: Heatran\n|-damage|p2a: Heatran|82\/100\n|-enditem|p2a: Heatran|Air Balloon\n|move|p2a: Heatran|Magma Storm|p1a: Gliscor|[miss]\n|-miss|p2a: Heatran|p1a: Gliscor\n|\n|-heal|p1a: Gliscor|100\/100 tox|[from] ability: Poison Heal\n|upkeep\n|turn|26\n|c|\u2606JayTheBlaze87|welp gg'\n|\n|t:|1700962828\n|move|p1a: Gliscor|Earthquake|p2a: Heatran\n|-supereffective|p2a: Heatran\n|-damage|p2a: Heatran|0 fnt\n|faint|p2a: Heatran\n|\n|win|fsdsgsg\n","uploadtime":1700962832,"views":14,"p1id":"fsdsgsg","p2id":"jaytheblaze87","formatid":"gen9ubers","rating":0,"private":0,"password":""}