{"id":"gen9ubers-1984788656","p1":"elrog","p2":"Sificon~","format":"[Gen 9] Ubers","log":"|j|\u2606elrog\n|j|\u2606Sificon~@!\n|t:|1699299090\n|gametype|singles\n|player|p1|elrog|lance|\n|player|p2|Sificon~|#sificon|\n|teamsize|p1|6\n|teamsize|p2|6\n|gen|9\n|tier|[Gen 9] Ubers\n|rule|Sleep Clause Mod: Limit one foe put to sleep\n|rule|Species Clause: Limit one of each Pok\u00e9mon\n|rule|OHKO Clause: OHKO moves are banned\n|rule|Evasion Items Clause: Evasion items are banned\n|rule|Evasion Moves Clause: Evasion moves are banned\n|rule|Endless Battle Clause: Forcing endless battles is banned\n|rule|HP Percentage Mod: HP is shown in percentages\n|clearpoke\n|poke|p1|Ribombee, F|\n|poke|p1|Koraidon|\n|poke|p1|Arceus-Ghost|\n|poke|p1|Zacian-*|\n|poke|p1|Baxcalibur, M|\n|poke|p1|Great Tusk|\n|poke|p2|Koraidon|\n|poke|p2|Arceus-Ground|\n|poke|p2|Skeledirge, F|\n|poke|p2|Zacian-*|\n|poke|p2|Giratina-Origin|\n|poke|p2|Ting-Lu|\n|teampreview\n|inactive|Battle timer is ON: inactive players will automatically lose when time's up. (requested by Sificon~)\n|inactive|elrog also wants the timer to be on.\n|c|\u2606Sificon~|hf\n|j|+velvet\n|c|\u2606elrog|hf\n|j| cjw405\n|\n|t:|1699299116\n|start\n|switch|p1a: Ribombee|Ribombee, F|100\/100\n|switch|p2a: Zacian|Zacian-Crowned|100\/100\n|-ability|p2a: Zacian|Intrepid Sword|boost\n|-boost|p2a: Zacian|atk|1\n|turn|1\n|c|+velvet|oh wow, I was right :V\n|inactive|elrog has 270 seconds left.\n|j| SHAHzeb\n|c| SHAHzeb|hfhf\n|\n|t:|1699299159\n|switch|p1a: Arceus|Arceus-Ghost|100\/100\n|move|p2a: Zacian|Substitute|p2a: Zacian\n|-start|p2a: Zacian|Substitute\n|-damage|p2a: Zacian|76\/100\n|\n|upkeep\n|turn|2\n|c|\u2606elrog|u knew i was using this team?\n|inactive|Sificon~ has 270 seconds left.\n|c|\u2606Sificon~|well I was expecting webs\n|c|\u2606elrog|fair enough\n|c|\u2606Sificon~|you used that in pretty much every ubers battle when I saw you play\n|inactive|Sificon~ has 240 seconds left.\n|c|\u2606Sificon~|\u00af\\_(\u30c4)_\/\u00af\n|j| AAAPE APEs\n|c|\u2606elrog|true\n|inactive|Sificon~ has 210 seconds left.\n|c| SHAHzeb|do your homework, kids\n|c|\u2606elrog|1h to use sd\n|\n|t:|1699299262\n|move|p2a: Zacian|Swords Dance|p2a: Zacian\n|-boost|p2a: Zacian|atk|2\n|move|p1a: Arceus|Judgment|p2a: Zacian\n|-end|p2a: Zacian|Substitute\n|\n|upkeep\n|turn|3\n|\n|t:|1699299271\n|move|p2a: Zacian|Substitute|p2a: Zacian\n|-start|p2a: Zacian|Substitute\n|-damage|p2a: Zacian|51\/100\n|move|p1a: Arceus|Will-O-Wisp||[still]\n|-fail|p1a: Arceus\n|\n|upkeep\n|turn|4\n|\n|t:|1699299274\n|move|p2a: Zacian|Behemoth Blade|p1a: Arceus\n|-damage|p1a: Arceus|28\/100\n|move|p1a: Arceus|Judgment|p2a: Zacian\n|-end|p2a: Zacian|Substitute\n|\n|upkeep\n|turn|5\n|\n|t:|1699299277\n|move|p2a: Zacian|Behemoth Blade|p1a: Arceus\n|-damage|p1a: Arceus|0 fnt\n|faint|p1a: Arceus\n|\n|upkeep\n|\n|t:|1699299280\n|switch|p1a: Great Tusk|Great Tusk|100\/100\n|turn|6\n|\n|t:|1699299303\n|-terastallize|p2a: Zacian|Flying\n|move|p1a: Great Tusk|Headlong Rush|p2a: Zacian\n|-immune|p2a: Zacian\n|move|p2a: Zacian|Substitute|p2a: Zacian\n|-start|p2a: Zacian|Substitute\n|-damage|p2a: Zacian|26\/100\n|\n|upkeep\n|turn|7\n|c| SHAHzeb|oof\n|\n|t:|1699299311\n|-end|p1a: Great Tusk|Protosynthesis|[silent]\n|switch|p1a: Ribombee|Ribombee, F|100\/100\n|move|p2a: Zacian|Behemoth Blade|p1a: Ribombee\n|-supereffective|p1a: Ribombee\n|-enditem|p1a: Ribombee|Focus Sash\n|-damage|p1a: Ribombee|1\/100\n|\n|upkeep\n|turn|8\n|\n|t:|1699299315\n|move|p2a: Zacian|Play Rough|p1a: Ribombee|[miss]\n|-miss|p2a: Zacian|p1a: Ribombee\n|move|p1a: Ribombee|Moonblast|p2a: Zacian\n|-end|p2a: Zacian|Substitute\n|\n|upkeep\n|turn|9\n|c|\u2606elrog|not looking good\n|\n|t:|1699299323\n|move|p2a: Zacian|Play Rough|p1a: Ribombee\n|-damage|p1a: Ribombee|0 fnt\n|faint|p1a: Ribombee\n|\n|upkeep\n|c|+velvet|Lol\n|\n|t:|1699299326\n|switch|p1a: Great Tusk|Great Tusk|100\/100\n|turn|10\n|\n|t:|1699299337\n|switch|p2a: Ting-Lu|Ting-Lu|100\/100\n|-ability|p2a: Ting-Lu|Vessel of Ruin\n|move|p1a: Great Tusk|Play Rough|p2a: Ting-Lu|[miss]\n|-miss|p1a: Great Tusk|p2a: Ting-Lu\n|\n|upkeep\n|turn|11\n|c|+velvet|imagine risking play rough miss\n|c|+velvet|;;\n|j| JojoOui\n|c|\u2606elrog|i expected gira\n|inactive|Sificon~ has 240 seconds left.\n|c|\u2606Sificon~|wanted to preserve the PP velvet\n|c|\u2606Sificon~|lmao\n|c|+velvet|Not worth it\n|c|+velvet|:x\n|c|\u2606Sificon~|yep\n|c|\u2606Sificon~|got punished\n|inactive|Sificon~ has 210 seconds left.\n|\n|t:|1699299390\n|-end|p1a: Great Tusk|Protosynthesis|[silent]\n|switch|p1a: Koraidon|Koraidon|100\/100\n|-weather|SunnyDay|[from] ability: Orichalcum Pulse|[of] p1a: Koraidon\n|-activate|p1a: Koraidon|Orichalcum Pulse|[source]\n|move|p2a: Ting-Lu|Spikes|p1a: Koraidon\n|-sidestart|p1: elrog|Spikes\n|\n|-weather|SunnyDay|[upkeep]\n|upkeep\n|turn|12\n|inactive|Sificon~ has 210 seconds left.\n|\n|t:|1699299416\n|switch|p2a: Skeledirge|Skeledirge, F|100\/100\n|move|p1a: Koraidon|Low Kick|p2a: Skeledirge\n|-immune|p2a: Skeledirge\n|\n|-weather|SunnyDay|[upkeep]\n|upkeep\n|turn|13\n|\n|t:|1699299424\n|-terastallize|p1a: Koraidon|Fire\n|move|p1a: Koraidon|Scale Shot|p2a: Skeledirge\n|-damage|p2a: Skeledirge|90\/100\n|-damage|p2a: Skeledirge|79\/100\n|-damage|p2a: Skeledirge|69\/100\n|-damage|p2a: Skeledirge|57\/100\n|-damage|p2a: Skeledirge|45\/100\n|-hitcount|p2a: Skeledirge|5\n|-unboost|p1a: Koraidon|def|1\n|-boost|p1a: Koraidon|spe|1\n|move|p2a: Skeledirge|Torch Song|p1a: Koraidon\n|-resisted|p1a: Koraidon\n|-damage|p1a: Koraidon|79\/100\n|-boost|p2a: Skeledirge|spa|1\n|\n|-weather|SunnyDay|[upkeep]\n|upkeep\n|turn|14\n|\n|t:|1699299444\n|move|p1a: Koraidon|Swords Dance|p1a: Koraidon\n|-boost|p1a: Koraidon|atk|2\n|move|p2a: Skeledirge|Slack Off|p2a: Skeledirge\n|-heal|p2a: Skeledirge|95\/100\n|\n|-weather|SunnyDay|[upkeep]\n|upkeep\n|turn|15\n|c|+velvet|Welp\n|\n|t:|1699299456\n|move|p1a: Koraidon|Scale Shot|p2a: Skeledirge\n|-damage|p2a: Skeledirge|85\/100\n|-damage|p2a: Skeledirge|74\/100\n|-damage|p2a: Skeledirge|63\/100\n|-damage|p2a: Skeledirge|52\/100\n|-crit|p2a: Skeledirge\n|-damage|p2a: Skeledirge|37\/100\n|-hitcount|p2a: Skeledirge|5\n|-unboost|p1a: Koraidon|def|1\n|-boost|p1a: Koraidon|spe|1\n|move|p2a: Skeledirge|Hex|p1a: Koraidon\n|-damage|p1a: Koraidon|44\/100\n|\n|-weather|none\n|upkeep\n|turn|16\n|c|\u2606elrog|dont miss\n|\n|t:|1699299469\n|move|p1a: Koraidon|Scale Shot|p2a: Skeledirge\n|-damage|p2a: Skeledirge|29\/100\n|-damage|p2a: Skeledirge|21\/100\n|-damage|p2a: Skeledirge|13\/100\n|-damage|p2a: Skeledirge|5\/100\n|-hitcount|p2a: Skeledirge|4\n|-unboost|p1a: Koraidon|def|1\n|-boost|p1a: Koraidon|spe|1\n|move|p2a: Skeledirge|Slack Off|p2a: Skeledirge\n|-heal|p2a: Skeledirge|55\/100\n|\n|upkeep\n|turn|17\n|c|\u2606elrog|roh\n|c| SHAHzeb|espeed\n|c|\u2606elrog|all low roll\n|c| SHAHzeb|D:\n|\n|t:|1699299485\n|move|p1a: Koraidon|Scale Shot|p2a: Skeledirge\n|-damage|p2a: Skeledirge|46\/100\n|-damage|p2a: Skeledirge|37\/100\n|-damage|p2a: Skeledirge|29\/100\n|-damage|p2a: Skeledirge|20\/100\n|-damage|p2a: Skeledirge|11\/100\n|-hitcount|p2a: Skeledirge|5\n|-unboost|p1a: Koraidon|def|1\n|-boost|p1a: Koraidon|spe|1\n|move|p2a: Skeledirge|Slack Off|p2a: Skeledirge\n|-heal|p2a: Skeledirge|61\/100\n|\n|upkeep\n|turn|18\n|\n|t:|1699299495\n|move|p1a: Koraidon|Scale Shot|p2a: Skeledirge\n|-damage|p2a: Skeledirge|53\/100\n|-damage|p2a: Skeledirge|45\/100\n|-crit|p2a: Skeledirge\n|-damage|p2a: Skeledirge|32\/100\n|-damage|p2a: Skeledirge|24\/100\n|-hitcount|p2a: Skeledirge|4\n|-unboost|p1a: Koraidon|def|1\n|-boost|p1a: Koraidon|spe|1\n|move|p2a: Skeledirge|Slack Off|p2a: Skeledirge\n|-heal|p2a: Skeledirge|74\/100\n|\n|upkeep\n|turn|19\n|\n|t:|1699299508\n|switch|p1a: Baxcalibur|Baxcalibur, M|100\/100\n|-damage|p1a: Baxcalibur|88\/100|[from] Spikes\n|move|p2a: Skeledirge|Slack Off|p2a: Skeledirge\n|-heal|p2a: Skeledirge|100\/100\n|\n|upkeep\n|turn|20\n|\n|t:|1699299529\n|move|p1a: Baxcalibur|Swords Dance|p1a: Baxcalibur\n|-boost|p1a: Baxcalibur|atk|2\n|move|p2a: Skeledirge|Torch Song|p1a: Baxcalibur\n|-damage|p1a: Baxcalibur|39\/100\n|-boost|p2a: Skeledirge|spa|1\n|-ability|p1a: Baxcalibur|Thermal Exchange|boost\n|-boost|p1a: Baxcalibur|atk|1\n|\n|upkeep\n|turn|21\n|\n|t:|1699299533\n|move|p1a: Baxcalibur|Earthquake|p2a: Skeledirge\n|-supereffective|p2a: Skeledirge\n|-crit|p2a: Skeledirge\n|-damage|p2a: Skeledirge|38\/100\n|move|p2a: Skeledirge|Torch Song|p1a: Baxcalibur\n|-damage|p1a: Baxcalibur|0 fnt\n|-boost|p2a: Skeledirge|spa|1\n|faint|p1a: Baxcalibur\n|\n|upkeep\n|\n|t:|1699299538\n|switch|p1a: Koraidon|Koraidon, tera:Fire|44\/100\n|-damage|p1a: Koraidon|32\/100|[from] Spikes\n|-weather|SunnyDay|[from] ability: Orichalcum Pulse|[of] p1a: Koraidon\n|-activate|p1a: Koraidon|Orichalcum Pulse|[source]\n|turn|22\n|inactive|Sificon~ has 210 seconds left.\n|n| AAAPE elrog no|aaapeapes\n|\n|t:|1699299554\n|move|p1a: Koraidon|Scale Shot|p2a: Skeledirge\n|-damage|p2a: Skeledirge|28\/100\n|-damage|p2a: Skeledirge|17\/100\n|-damage|p2a: Skeledirge|6\/100\n|-damage|p2a: Skeledirge|0 fnt\n|faint|p2a: Skeledirge\n|-hitcount|p2: Skeledirge|4\n|-unboost|p1a: Koraidon|def|1\n|-boost|p1a: Koraidon|spe|1\n|\n|-weather|SunnyDay|[upkeep]\n|upkeep\n|\n|t:|1699299557\n|switch|p2a: Arceus|Arceus-Ground|100\/100\n|turn|23\n|c|\u2606elrog|those low roll killed me\n|\n|t:|1699299565\n|move|p1a: Koraidon|Flare Blitz|p2a: Arceus\n|-damage|p2a: Arceus|26\/100\n|-damage|p1a: Koraidon|0 fnt|[from] Recoil\n|faint|p1a: Koraidon\n|move|p2a: Arceus|Judgment|p1: Koraidon|[notarget]\n|-fail|p2a: Arceus\n|\n|-weather|SunnyDay|[upkeep]\n|upkeep\n|\n|t:|1699299570\n|switch|p1a: Zacian|Zacian-Crowned|100\/100\n|-damage|p1a: Zacian|88\/100|[from] Spikes\n|-ability|p1a: Zacian|Intrepid Sword|boost\n|-boost|p1a: Zacian|atk|1\n|turn|24\n|\n|t:|1699299573\n|move|p1a: Zacian|Behemoth Blade|p2a: Arceus\n|-damage|p2a: Arceus|0 fnt\n|faint|p2a: Arceus\n|\n|-weather|SunnyDay|[upkeep]\n|upkeep\n|\n|t:|1699299579\n|switch|p2a: Ting-Lu|Ting-Lu|100\/100\n|-ability|p2a: Ting-Lu|Vessel of Ruin\n|turn|25\n|\n|t:|1699299583\n|move|p1a: Zacian|Play Rough|p2a: Ting-Lu\n|-supereffective|p2a: Ting-Lu\n|-damage|p2a: Ting-Lu|10\/100\n|move|p2a: Ting-Lu|Earthquake|p1a: Zacian\n|-supereffective|p1a: Zacian\n|-damage|p1a: Zacian|25\/100\n|\n|-weather|SunnyDay|[upkeep]\n|-heal|p2a: Ting-Lu|16\/100|[from] item: Leftovers\n|upkeep\n|turn|26\n|inactive|Sificon~ has 240 seconds left.\n|\n|t:|1699299597\n|move|p1a: Zacian|Behemoth Blade|p2a: Ting-Lu\n|-damage|p2a: Ting-Lu|0 fnt\n|faint|p2a: Ting-Lu\n|\n|-weather|none\n|upkeep\n|\n|t:|1699299599\n|switch|p2a: Zacian|Zacian-Crowned, tera:Flying|26\/100\n|turn|27\n|c|\u2606elrog|now i need korai not to be scarf and win tie\n|c|\u2606elrog|or its joeover\n|\n|t:|1699299610\n|move|p1a: Zacian|Behemoth Blade|p2a: Zacian\n|-damage|p2a: Zacian|0 fnt\n|faint|p2a: Zacian\n|\n|upkeep\n|\n|t:|1699299614\n|switch|p2a: Giratina|Giratina-Origin|100\/100\n|turn|28\n|c| SHAHzeb|regardless\n|c| AAAPE elrog no|its not joever\n|c|\u2606elrog|not miss\n|\n|t:|1699299631\n|move|p1a: Zacian|Play Rough|p2a: Giratina\n|-supereffective|p2a: Giratina\n|-damage|p2a: Giratina|0 fnt\n|faint|p2a: Giratina\n|\n|upkeep\n|\n|t:|1699299634\n|switch|p2a: Koraidon|Koraidon|100\/100\n|-weather|SunnyDay|[from] ability: Orichalcum Pulse|[of] p2a: Koraidon\n|-activate|p2a: Koraidon|Orichalcum Pulse|[source]\n|turn|29\n|\n|t:|1699299638\n|move|p1a: Zacian|Play Rough|p2a: Koraidon\n|-supereffective|p2a: Koraidon\n|-damage|p2a: Koraidon|0 fnt\n|faint|p2a: Koraidon\n|\n|win|elrog\n|c|\u2606elrog|gg\n|c|\u2606Sificon~|gg\n|c| SHAHzeb|nice\n|c| SHAHzeb|gg\n|c|\u2606Sificon~|the Play Rough miss came back to haunt me\n|l|\u2606elrog\n|l| SHAHzeb\n|l|+velvet\n|l| cjw405\n|l| AAAPE elrog no\n|l| JojoOui\n","uploadtime":1699300160,"views":117,"p1id":"elrog","p2id":"sificon","formatid":"gen9ubers","rating":0,"private":0,"password":""}