{"id":"gen9ubers-1973027448","p1":"NassBug","p2":"Dio Brandflakes","format":"[Gen 9] Ubers","log":"|j|\u2606NassBug\n|j|\u2606Dio Brandflakes\n|t:|1697919868\n|gametype|singles\n|player|p1|NassBug|lass-gen2|1233\n|player|p2|Dio Brandflakes|carmine-festival|1283\n|teamsize|p1|6\n|teamsize|p2|6\n|gen|9\n|tier|[Gen 9] Ubers\n|rated|\n|rule|Sleep Clause Mod: Limit one foe put to sleep\n|rule|Species Clause: Limit one of each Pok\u00e9mon\n|rule|OHKO Clause: OHKO moves are banned\n|rule|Evasion Items Clause: Evasion items are banned\n|rule|Evasion Moves Clause: Evasion moves are banned\n|rule|Endless Battle Clause: Forcing endless battles is banned\n|rule|HP Percentage Mod: HP is shown in percentages\n|clearpoke\n|poke|p1|Ribombee, M|\n|poke|p1|Tyranitar, M|\n|poke|p1|Houndstone, M|\n|poke|p1|Hippowdon, F|\n|poke|p1|Sandslash, F|\n|poke|p1|Gastrodon, M|\n|poke|p2|Magearna|\n|poke|p2|Giratina-Origin|\n|poke|p2|Palkia-Origin|\n|poke|p2|Arceus-Ghost|\n|poke|p2|Eternatus|\n|poke|p2|Koraidon|\n|teampreview\n|inactive|Battle timer is ON: inactive players will automatically lose when time's up. (requested by Dio Brandflakes)\n|\n|t:|1697919878\n|start\n|switch|p1a: ^^ Girls Day|Ribombee, M, shiny|100\/100\n|switch|p2a: Hera|Magearna|100\/100\n|turn|1\n|\n|t:|1697919881\n|move|p1a: ^^ Girls Day|Sticky Web|p2a: Hera\n|-sidestart|p2: Dio Brandflakes|move: Sticky Web\n|move|p2a: Hera|Calm Mind|p2a: Hera\n|-boost|p2a: Hera|spa|1\n|-boost|p2a: Hera|spd|1\n|\n|upkeep\n|turn|2\n|\n|t:|1697919885\n|move|p1a: ^^ Girls Day|Stun Spore|p2a: Hera|[miss]\n|-miss|p1a: ^^ Girls Day|p2a: Hera\n|move|p2a: Hera|Calm Mind|p2a: Hera\n|-boost|p2a: Hera|spa|1\n|-boost|p2a: Hera|spd|1\n|\n|upkeep\n|turn|3\n|\n|t:|1697919890\n|move|p1a: ^^ Girls Day|Stun Spore|p2a: Hera\n|-status|p2a: Hera|par\n|move|p2a: Hera|Calm Mind|p2a: Hera\n|-boost|p2a: Hera|spa|1\n|-boost|p2a: Hera|spd|1\n|\n|upkeep\n|turn|4\n|\n|t:|1697919898\n|switch|p1a: \ud83d\udc04?|Hippowdon, F, shiny|100\/100\n|-weather|Sandstorm|[from] ability: Sand Stream|[of] p1a: \ud83d\udc04?\n|move|p2a: Hera|Flash Cannon|p1a: \ud83d\udc04?\n|-damage|p1a: \ud83d\udc04?|0 fnt\n|faint|p1a: \ud83d\udc04?\n|-ability|p2a: Hera|Soul-Heart|boost\n|-boost|p2a: Hera|spa|1\n|\n|-weather|Sandstorm|[upkeep]\n|upkeep\n|\n|t:|1697919908\n|switch|p1a: No use slash pls|Sandslash, F, shiny|100\/100\n|turn|5\n|\n|t:|1697919921\n|-terastallize|p2a: Hera|Flying\n|move|p1a: No use slash pls|Earthquake|p2a: Hera\n|-immune|p2a: Hera\n|move|p2a: Hera|Flash Cannon|p1a: No use slash pls\n|-damage|p1a: No use slash pls|0 fnt\n|faint|p1a: No use slash pls\n|-ability|p2a: Hera|Soul-Heart|boost\n|-boost|p2a: Hera|spa|1\n|\n|-weather|Sandstorm|[upkeep]\n|-damage|p2a: Hera|94\/100 par|[from] Sandstorm\n|-heal|p2a: Hera|100\/100 par|[from] item: Leftovers\n|upkeep\n|\n|t:|1697919928\n|switch|p1a: Slow power\ud83d\udd31|Gastrodon, M, shiny|100\/100\n|turn|6\n|\n|t:|1697919935\n|move|p1a: Slow power\ud83d\udd31|Ice Beam|p2a: Hera\n|-supereffective|p2a: Hera\n|-damage|p2a: Hera|86\/100 par\n|move|p2a: Hera|Fleur Cannon|p1a: Slow power\ud83d\udd31\n|-damage|p1a: Slow power\ud83d\udd31|0 fnt\n|-unboost|p2a: Hera|spa|2\n|faint|p1a: Slow power\ud83d\udd31\n|-ability|p2a: Hera|Soul-Heart|boost\n|-boost|p2a: Hera|spa|1\n|\n|-weather|Sandstorm|[upkeep]\n|-damage|p2a: Hera|80\/100 par|[from] Sandstorm\n|-heal|p2a: Hera|86\/100 par|[from] item: Leftovers\n|upkeep\n|\n|t:|1697919945\n|switch|p1a: \ud83c\udfa0|Tyranitar, M, shiny|100\/100\n|turn|7\n|\n|t:|1697919951\n|move|p1a: \ud83c\udfa0|Dragon Dance|p1a: \ud83c\udfa0\n|-boost|p1a: \ud83c\udfa0|atk|1\n|-boost|p1a: \ud83c\udfa0|spe|1\n|move|p2a: Hera|Flash Cannon|p1a: \ud83c\udfa0\n|-supereffective|p1a: \ud83c\udfa0\n|-damage|p1a: \ud83c\udfa0|0 fnt\n|faint|p1a: \ud83c\udfa0\n|-ability|p2a: Hera|Soul-Heart|boost\n|-boost|p2a: Hera|spa|1\n|\n|-weather|Sandstorm|[upkeep]\n|-damage|p2a: Hera|80\/100 par|[from] Sandstorm\n|-heal|p2a: Hera|86\/100 par|[from] item: Leftovers\n|upkeep\n|\n|t:|1697919959\n|switch|p1a: YOU DIE|Houndstone, M, shiny|100\/100\n|turn|8\n|\n|t:|1697919961\n|-terastallize|p1a: YOU DIE|Ghost\n|move|p1a: YOU DIE|Last Respects|p2a: Hera\n|-crit|p2a: Hera\n|-damage|p2a: Hera|0 fnt\n|faint|p2a: Hera\n|\n|-weather|Sandstorm|[upkeep]\n|upkeep\n|\n|t:|1697919970\n|switch|p2a: Dionysus|Eternatus|100\/100\n|-activate|p2a: Dionysus|move: Sticky Web\n|-unboost|p2a: Dionysus|spe|1\n|-ability|p2a: Dionysus|Pressure\n|turn|9\n|\n|t:|1697919975\n|move|p1a: YOU DIE|Last Respects|p2a: Dionysus\n|-damage|p2a: Dionysus|0 fnt\n|faint|p2a: Dionysus\n|\n|-weather|Sandstorm|[upkeep]\n|upkeep\n|\n|t:|1697919979\n|switch|p2a: Poseidon|Palkia-Origin, shiny|100\/100\n|-activate|p2a: Poseidon|move: Sticky Web\n|-unboost|p2a: Poseidon|spe|1\n|-ability|p2a: Poseidon|Pressure\n|turn|10\n|\n|t:|1697919981\n|move|p1a: YOU DIE|Last Respects|p2a: Poseidon\n|-damage|p2a: Poseidon|0 fnt\n|faint|p2a: Poseidon\n|\n|-weather|Sandstorm|[upkeep]\n|upkeep\n|\n|t:|1697919987\n|switch|p2a: Icarus|Koraidon|100\/100\n|-activate|p2a: Icarus|move: Sticky Web\n|-unboost|p2a: Icarus|spe|1\n|-weather|SunnyDay|[from] ability: Orichalcum Pulse|[of] p2a: Icarus\n|-activate|p2a: Icarus|Orichalcum Pulse|[source]\n|turn|11\n|\n|t:|1697919991\n|move|p2a: Icarus|Scale Shot|p1a: YOU DIE\n|-damage|p1a: YOU DIE|79\/100\n|-damage|p1a: YOU DIE|58\/100\n|-damage|p1a: YOU DIE|37\/100\n|-damage|p1a: YOU DIE|13\/100\n|-hitcount|p1a: YOU DIE|4\n|-unboost|p2a: Icarus|def|1\n|-boost|p2a: Icarus|spe|1\n|move|p1a: YOU DIE|Last Respects|p2a: Icarus\n|-damage|p2a: Icarus|0 fnt\n|faint|p2a: Icarus\n|\n|-weather|SunnyDay|[upkeep]\n|upkeep\n|\n|t:|1697920000\n|switch|p2a: Hades|Arceus-Ghost|100\/100\n|-activate|p2a: Hades|move: Sticky Web\n|-unboost|p2a: Hades|spe|1\n|turn|12\n|\n|t:|1697920003\n|move|p1a: YOU DIE|Last Respects|p2a: Hades\n|-supereffective|p2a: Hades\n|-damage|p2a: Hades|0 fnt\n|faint|p2a: Hades\n|\n|-weather|SunnyDay|[upkeep]\n|upkeep\n|\n|t:|1697920006\n|switch|p2a: Deimos|Giratina-Origin, shiny|100\/100\n|turn|13\n|c|\u2606NassBug|Lmak\n|\n|t:|1697920012\n|move|p1a: YOU DIE|Last Respects|p2a: Deimos\n|-supereffective|p2a: Deimos\n|-damage|p2a: Deimos|0 fnt\n|faint|p2a: Deimos\n|\n|win|NassBug\n|raw|NassBug's rating: 1233 &rarr; <strong>1262<\/strong><br \/>(+29 for winning)\n|raw|Dio Brandflakes's rating: 1283 &rarr; <strong>1254<\/strong><br \/>(-29 for losing)\n|l|\u2606Dio Brandflakes\n|c|\u2606NassBug|\ud83d\ude02\n","uploadtime":1697920028,"views":9,"p1id":"nassbug","p2id":"diobrandflakes","formatid":"gen9ubers","rating":1254,"private":0,"password":""}