{"id":"gen9ubers-1969746371","p1":"InfernoFlare","p2":"Sussymatd","format":"[Gen 9] Ubers","log":"|j|\u2606InfernoFlare\n|j|\u2606Sussymatd\n|t:|1697562244\n|gametype|singles\n|player|p1|InfernoFlare|lance|\n|player|p2|Sussymatd|steven|\n|teamsize|p1|6\n|teamsize|p2|6\n|gen|9\n|tier|[Gen 9] Ubers\n|rule|Sleep Clause Mod: Limit one foe put to sleep\n|rule|Species Clause: Limit one of each Pok\u00e9mon\n|rule|OHKO Clause: OHKO moves are banned\n|rule|Evasion Items Clause: Evasion items are banned\n|rule|Evasion Moves Clause: Evasion moves are banned\n|rule|Endless Battle Clause: Forcing endless battles is banned\n|rule|HP Percentage Mod: HP is shown in percentages\n|clearpoke\n|poke|p1|Dragapult, M|\n|poke|p1|Weezing-Galar, F|\n|poke|p1|Zapdos-Galar|\n|poke|p1|Iron Moth|\n|poke|p1|Quagsire, F|\n|poke|p1|Wo-Chien|\n|poke|p2|Iron Valiant|\n|poke|p2|Milotic, F|\n|poke|p2|Arcanine-Hisui, M|\n|poke|p2|Bellibolt, F|\n|poke|p2|Tornadus, M|\n|poke|p2|Krookodile, M|\n|teampreview\n|c|\u2606Sussymatd|Gl!\n|j| S3nKay\n|\n|t:|1697562307\n|start\n|switch|p1a: Zapdos|Zapdos-Galar|100\/100\n|switch|p2a: Tornadus|Tornadus, M|100\/100\n|turn|1\n|j| sgrg32\n|c| sgrg32|hi S3nKay\n|c|\u2606Sussymatd|hi sg\n|c| S3nKay|hi sgrg32\n|c|\u2606Sussymatd|god, inferno im so scared of what ur gonna do\n|c| sgrg32|hi sussy\n|c| sgrg32|hit brave bird\n|c| sgrg32|trust\n|c|\u2606Sussymatd|:prayge:\n|c|\u2606Sussymatd|nah do thunderus kick it totally an electric move :+1:\n|c| sgrg32|real\n|c|\u2606InfernoFlare|aipods werent working\n|\n|t:|1697562403\n|switch|p1a: Dragapult|Dragapult, M|100\/100\n|move|p2a: Tornadus|Tailwind|p2a: Tornadus\n|-sidestart|p2: Sussymatd|move: Tailwind\n|\n|upkeep\n|turn|2\n|\n|t:|1697562412\n|move|p2a: Tornadus|Bleakwind Storm|p1a: Dragapult\n|-damage|p1a: Dragapult|33\/100\n|-start|p2a: Tornadus|Disable|Bleakwind Storm|[from] ability: Cursed Body|[of] p1a: Dragapult\n|move|p1a: Dragapult|Surf|p2a: Tornadus\n|-damage|p2a: Tornadus|46\/100\n|\n|upkeep\n|turn|3\n|j| itay1579\n|\n|t:|1697562419\n|move|p2a: Tornadus|Psychic|p1a: Dragapult\n|-damage|p1a: Dragapult|0 fnt\n|faint|p1a: Dragapult\n|\n|upkeep\n|c|\u2606Sussymatd|YES\n|c| sgrg32|shawty surfin\n|c|\u2606Sussymatd|I AM NOT GETTIN 6-0d!!!\n|c| sgrg32|W\n|\n|t:|1697562439\n|switch|p1a: Wo-Chien|Wo-Chien|100\/100\n|-ability|p1a: Wo-Chien|Tablets of Ruin\n|turn|4\n|c|\u2606Sussymatd|Okay i can throw now\n|\n|t:|1697562445\n|move|p2a: Tornadus|Protect|p2a: Tornadus\n|-singleturn|p2a: Tornadus|Protect\n|move|p1a: Wo-Chien|Knock Off|p2a: Tornadus\n|-activate|p2a: Tornadus|move: Protect\n|\n|-sideend|p2: Sussymatd|move: Tailwind\n|upkeep\n|turn|5\n|\n|t:|1697562451\n|move|p1a: Wo-Chien|Protect|p1a: Wo-Chien\n|-singleturn|p1a: Wo-Chien|Protect\n|move|p2a: Tornadus|Tailwind|p2a: Tornadus\n|-sidestart|p2: Sussymatd|move: Tailwind\n|\n|-end|p2a: Tornadus|Disable\n|upkeep\n|turn|6\n|c| sgrg32|live wo chien reaction\n|\n|t:|1697562458\n|move|p2a: Tornadus|Bleakwind Storm|p1a: Wo-Chien|[miss]\n|-miss|p2a: Tornadus|p1a: Wo-Chien\n|move|p1a: Wo-Chien|Knock Off|p2a: Tornadus\n|-damage|p2a: Tornadus|0 fnt\n|-enditem|p2a: Tornadus|Focus Sash|[from] move: Knock Off|[of] p1a: Wo-Chien\n|faint|p2a: Tornadus\n|\n|upkeep\n|\n|t:|1697562489\n|switch|p2a: Arcanine|Arcanine-Hisui, M|100\/100\n|turn|7\n|\n|t:|1697562497\n|move|p1a: Wo-Chien|Protect|p1a: Wo-Chien\n|-singleturn|p1a: Wo-Chien|Protect\n|move|p2a: Arcanine|Flare Blitz|p1a: Wo-Chien\n|-activate|p1a: Wo-Chien|move: Protect\n|\n|upkeep\n|turn|8\n|\n|t:|1697562549\n|switch|p1a: Quagsire|Quagsire, F|100\/100\n|move|p2a: Arcanine|Flare Blitz|p1a: Quagsire\n|-resisted|p1a: Quagsire\n|-damage|p1a: Quagsire|70\/100\n|\n|-heal|p1a: Quagsire|76\/100|[from] item: Leftovers\n|-sideend|p2: Sussymatd|move: Tailwind\n|upkeep\n|turn|9\n|c|\u2606Sussymatd|Someone join general vc\n|\n|t:|1697562590\n|switch|p2a: Milotic|Milotic, F|100\/100\n|move|p1a: Quagsire|Spikes|p2a: Milotic\n|-sidestart|p2: Sussymatd|Spikes\n|\n|-heal|p1a: Quagsire|82\/100|[from] item: Leftovers\n|-status|p2a: Milotic|brn|[from] item: Flame Orb\n|upkeep\n|turn|10\n|\n|t:|1697562619\n|switch|p1a: Iron Moth|Iron Moth|100\/100\n|-enditem|p1a: Iron Moth|Booster Energy\n|-activate|p1a: Iron Moth|ability: Quark Drive|[fromitem]\n|-start|p1a: Iron Moth|quarkdrivespe\n|move|p2a: Milotic|Scald|p1a: Iron Moth\n|-supereffective|p1a: Iron Moth\n|-damage|p1a: Iron Moth|40\/100\n|\n|-damage|p2a: Milotic|94\/100 brn|[from] brn\n|upkeep\n|turn|11\n|c| itay1579|:o\n|c| sgrg32|any burners in chat\n|\n|t:|1697562690\n|move|p1a: Iron Moth|Substitute|p1a: Iron Moth\n|-start|p1a: Iron Moth|Substitute\n|-damage|p1a: Iron Moth|15\/100\n|move|p2a: Milotic|Scald|p1a: Iron Moth\n|-supereffective|p1a: Iron Moth\n|-end|p1a: Iron Moth|Substitute\n|\n|-damage|p2a: Milotic|88\/100 brn|[from] brn\n|upkeep\n|turn|12\n|\n|t:|1697562711\n|-end|p1a: Iron Moth|Quark Drive|[silent]\n|switch|p1a: Wo-Chien|Wo-Chien|100\/100\n|-ability|p1a: Wo-Chien|Tablets of Ruin\n|move|p2a: Milotic|Scald|p1a: Wo-Chien\n|-resisted|p1a: Wo-Chien\n|-damage|p1a: Wo-Chien|94\/100\n|\n|-damage|p2a: Milotic|82\/100 brn|[from] brn\n|upkeep\n|turn|13\n|c| itay1579|is the burn just againts toxic\n|c| itay1579|or par\n|c| itay1579|or am I missing some secret tech\n|c| S3nKay|marvel scale\n|c|\u2606Sussymatd|^^\n|c| itay1579|oh\n|c| itay1579|im stupid\n|c| itay1579|I forgot that exists\n|\n|t:|1697562801\n|switch|p2a: Arcanine|Arcanine-Hisui, M|100\/100\n|-damage|p2a: Arcanine|88\/100|[from] Spikes\n|move|p1a: Wo-Chien|Leech Seed|p2a: Arcanine\n|-start|p2a: Arcanine|move: Leech Seed\n|\n|-damage|p2a: Arcanine|76\/100|[from] Leech Seed|[of] p1a: Wo-Chien\n|-heal|p1a: Wo-Chien|100\/100|[silent]\n|upkeep\n|turn|14\n|\n|t:|1697562823\n|switch|p2a: Iron Valiant|Iron Valiant|100\/100\n|-enditem|p2a: Iron Valiant|Booster Energy\n|-activate|p2a: Iron Valiant|ability: Quark Drive|[fromitem]\n|-start|p2a: Iron Valiant|quarkdrivespe\n|-damage|p2a: Iron Valiant|88\/100|[from] Spikes\n|move|p1a: Wo-Chien|Protect||[still]\n|-fail|p1a: Wo-Chien\n|\n|upkeep\n|turn|15\n|\n|t:|1697562859\n|switch|p1a: Weezing|Weezing-Galar, F|100\/100\n|-ability|p1a: Weezing|Neutralizing Gas\n|move|p2a: Iron Valiant|Swords Dance|p2a: Iron Valiant\n|-boost|p2a: Iron Valiant|atk|2\n|\n|upkeep\n|turn|16\n|\n|t:|1697562869\n|move|p2a: Iron Valiant|Zen Headbutt|p1a: Weezing\n|-supereffective|p1a: Weezing\n|-damage|p1a: Weezing|29\/100\n|move|p1a: Weezing|Will-O-Wisp|p2a: Iron Valiant\n|-status|p2a: Iron Valiant|brn\n|\n|-heal|p1a: Weezing|35\/100|[from] item: Leftovers\n|-damage|p2a: Iron Valiant|82\/100 brn|[from] brn\n|upkeep\n|turn|17\n|c| sgrg32|imagine you got the flinch\n|\n|t:|1697562946\n|move|p2a: Iron Valiant|Zen Headbutt|p1a: Weezing\n|-supereffective|p1a: Weezing\n|-damage|p1a: Weezing|1\/100\n|move|p1a: Weezing|Pain Split|p2a: Iron Valiant\n|-sethp|p2a: Iron Valiant|41\/100 brn|[from] move: Pain Split|[silent]\n|-sethp|p1a: Weezing|36\/100|[from] move: Pain Split\n|\n|-heal|p1a: Weezing|42\/100|[from] item: Leftovers\n|-damage|p2a: Iron Valiant|35\/100 brn|[from] brn\n|upkeep\n|turn|18\n|c|\u2606Sussymatd|naaaaah\n|c| sgrg32|f\n|c| itay1579|1% clutch\n|c| sgrg32|where are the funny nicknames at\n|c| sgrg32|i just realized\n|\n|t:|1697563001\n|move|p2a: Iron Valiant|Swords Dance|p2a: Iron Valiant\n|-boost|p2a: Iron Valiant|atk|2\n|move|p1a: Weezing|Strange Steam|p2a: Iron Valiant\n|-supereffective|p2a: Iron Valiant\n|-damage|p2a: Iron Valiant|0 fnt\n|faint|p2a: Iron Valiant\n|-end|p2a: Iron Valiant|Quark Drive|[silent]\n|\n|-heal|p1a: Weezing|48\/100|[from] item: Leftovers\n|upkeep\n|\n|t:|1697563020\n|switch|p2a: Bellibolt|Bellibolt, F|100\/100\n|-damage|p2a: Bellibolt|88\/100|[from] Spikes\n|turn|19\n|c|\u2606Sussymatd|Sg i forgor\n|c| sgrg32|this is so sad\n|\n|t:|1697563080\n|move|p1a: Weezing|Pain Split|p2a: Bellibolt\n|-sethp|p2a: Bellibolt|63\/100|[from] move: Pain Split|[silent]\n|-sethp|p1a: Weezing|80\/100|[from] move: Pain Split\n|move|p2a: Bellibolt|Thunderbolt|p1a: Weezing\n|-damage|p1a: Weezing|39\/100\n|-status|p1a: Weezing|par\n|\n|-heal|p2a: Bellibolt|69\/100|[from] item: Leftovers\n|-heal|p1a: Weezing|45\/100 par|[from] item: Leftovers\n|upkeep\n|turn|20\n|\n|t:|1697563127\n|-end|p1a: Weezing|ability: Neutralizing Gas\n|switch|p1a: Quagsire|Quagsire, F|82\/100\n|move|p2a: Bellibolt|Thunderbolt|p1a: Quagsire\n|-immune|p1a: Quagsire\n|\n|-heal|p2a: Bellibolt|76\/100|[from] item: Leftovers\n|-heal|p1a: Quagsire|88\/100|[from] item: Leftovers\n|upkeep\n|turn|21\n|c| sgrg32|i believe in the bellibolt sweep\n|\n|t:|1697563249\n|-terastallize|p2a: Bellibolt|Grass\n|move|p2a: Bellibolt|Tera Blast|p1a: Quagsire|[anim] Tera Blast Grass\n|-supereffective|p1a: Quagsire\n|-crit|p1a: Quagsire\n|-damage|p1a: Quagsire|0 fnt\n|faint|p1a: Quagsire\n|\n|-heal|p2a: Bellibolt|82\/100|[from] item: Leftovers\n|upkeep\n|\n|t:|1697563294\n|switch|p1a: Zapdos|Zapdos-Galar|100\/100\n|turn|22\n|\n|t:|1697563367\n|move|p1a: Zapdos|Brave Bird|p2a: Bellibolt\n|-supereffective|p2a: Bellibolt\n|-damage|p2a: Bellibolt|0 fnt\n|faint|p2a: Bellibolt\n|-damage|p1a: Zapdos|65\/100|[from] Recoil\n|\n|upkeep\n|\n|t:|1697563395\n|switch|p2a: Milotic|Milotic, F|82\/100 brn\n|-damage|p2a: Milotic|70\/100 brn|[from] Spikes\n|turn|23\n|\n|t:|1697563423\n|switch|p1a: Wo-Chien|Wo-Chien|100\/100\n|-ability|p1a: Wo-Chien|Tablets of Ruin\n|move|p2a: Milotic|Scald|p1a: Wo-Chien\n|-resisted|p1a: Wo-Chien\n|-damage|p1a: Wo-Chien|94\/100\n|-status|p1a: Wo-Chien|brn\n|\n|-damage|p2a: Milotic|64\/100 brn|[from] brn\n|-damage|p1a: Wo-Chien|87\/100 brn|[from] brn\n|upkeep\n|turn|24\n|\n|t:|1697563442\n|switch|p2a: Arcanine|Arcanine-Hisui, M|76\/100\n|-damage|p2a: Arcanine|63\/100|[from] Spikes\n|move|p1a: Wo-Chien|Leech Seed|p2a: Arcanine\n|-start|p2a: Arcanine|move: Leech Seed\n|\n|-damage|p2a: Arcanine|51\/100|[from] Leech Seed|[of] p1a: Wo-Chien\n|-heal|p1a: Wo-Chien|98\/100 brn|[silent]\n|-damage|p1a: Wo-Chien|92\/100 brn|[from] brn\n|upkeep\n|turn|25\n|\n|t:|1697563451\n|move|p1a: Wo-Chien|Protect|p1a: Wo-Chien\n|-singleturn|p1a: Wo-Chien|Protect\n|move|p2a: Arcanine|Flare Blitz|p1a: Wo-Chien\n|-activate|p1a: Wo-Chien|move: Protect\n|\n|-damage|p2a: Arcanine|39\/100|[from] Leech Seed|[of] p1a: Wo-Chien\n|-heal|p1a: Wo-Chien|100\/100 brn|[silent]\n|-damage|p1a: Wo-Chien|94\/100 brn|[from] brn\n|upkeep\n|turn|26\n|\n|t:|1697563472\n|switch|p1a: Weezing|Weezing-Galar, F|45\/100 par\n|-ability|p1a: Weezing|Neutralizing Gas\n|move|p2a: Arcanine|Flare Blitz|p1a: Weezing\n|-damage|p1a: Weezing|0 fnt\n|faint|p1a: Weezing\n|-end|p1a: Weezing|ability: Neutralizing Gas\n|\n|upkeep\n|\n|t:|1697563485\n|switch|p1a: Iron Moth|Iron Moth|15\/100\n|turn|27\n|\n|t:|1697563521\n|switch|p2a: Milotic|Milotic, F|64\/100 brn\n|-damage|p2a: Milotic|51\/100 brn|[from] Spikes\n|move|p1a: Iron Moth|Energy Ball|p2a: Milotic\n|-supereffective|p2a: Milotic\n|-damage|p2a: Milotic|7\/100 brn\n|\n|-damage|p2a: Milotic|1\/100 brn|[from] brn\n|upkeep\n|turn|28\n|\n|t:|1697563529\n|move|p1a: Iron Moth|Energy Ball|p2a: Milotic\n|-supereffective|p2a: Milotic\n|-damage|p2a: Milotic|0 fnt\n|faint|p2a: Milotic\n|\n|upkeep\n|\n|t:|1697563548\n|switch|p2a: Krookodile|Krookodile, M|100\/100\n|-damage|p2a: Krookodile|88\/100|[from] Spikes\n|turn|29\n|c|\u2606Sussymatd|Intense\n|\n|t:|1697563647\n|move|p2a: Krookodile|Gunk Shot|p1a: Iron Moth\n|-resisted|p1a: Iron Moth\n|-damage|p1a: Iron Moth|0 fnt\n|faint|p1a: Iron Moth\n|-end|p1a: Iron Moth|Quark Drive|[silent]\n|-ability|p2a: Krookodile|Moxie|boost\n|-boost|p2a: Krookodile|atk|1\n|\n|upkeep\n|\n|t:|1697563655\n|switch|p1a: Zapdos|Zapdos-Galar|65\/100\n|turn|30\n|\n|t:|1697563685\n|move|p2a: Krookodile|Gunk Shot|p1a: Zapdos\n|-damage|p1a: Zapdos|4\/100\n|-status|p1a: Zapdos|psn\n|move|p1a: Zapdos|Close Combat|p2a: Krookodile\n|-supereffective|p2a: Krookodile\n|-damage|p2a: Krookodile|0 fnt\n|-unboost|p1a: Zapdos|def|1\n|-unboost|p1a: Zapdos|spd|1\n|faint|p2a: Krookodile\n|\n|-damage|p1a: Zapdos|0 fnt|[from] psn\n|faint|p1a: Zapdos\n|upkeep\n|\n|t:|1697563705\n|switch|p1a: Wo-Chien|Wo-Chien|94\/100 brn\n|switch|p2a: Arcanine|Arcanine-Hisui, M|39\/100\n|-damage|p2a: Arcanine|26\/100|[from] Spikes\n|-ability|p1a: Wo-Chien|Tablets of Ruin\n|turn|31\n|c| sgrg32|hold up\n|c| itay1579|the secondary effect luck is crazy\n|c|\u2606Sussymatd|Intense\n|\n|t:|1697563802\n|move|p2a: Arcanine|Flare Blitz|p1a: Wo-Chien\n|-supereffective|p1a: Wo-Chien\n|-damage|p1a: Wo-Chien|0 fnt\n|faint|p1a: Wo-Chien\n|\n|win|Sussymatd\n|c| sgrg32|damn\n|c|\u2606Sussymatd|GGs!!\n","uploadtime":1697563815,"views":33,"p1id":"infernoflare","p2id":"sussymatd","formatid":"gen9ubers","rating":0,"private":0,"password":""}