{"id":"gen9ubers-1993334203","p1":"Uzafent","p2":"Hydrolucario","format":"[Gen 9] Ubers","log":"|j|\u2606Uzafent\n|j|\u2606Hydrolucario\n|t:|1700300525\n|gametype|singles\n|player|p1|Uzafent|1|\n|player|p2|Hydrolucario|101|\n|teamsize|p1|6\n|teamsize|p2|6\n|gen|9\n|tier|[Gen 9] Ubers\n|rule|Sleep Clause Mod: Limit one foe put to sleep\n|rule|Species Clause: Limit one of each Pok\u00e9mon\n|rule|OHKO Clause: OHKO moves are banned\n|rule|Evasion Items Clause: Evasion items are banned\n|rule|Evasion Moves Clause: Evasion moves are banned\n|rule|Endless Battle Clause: Forcing endless battles is banned\n|rule|HP Percentage Mod: HP is shown in percentages\n|clearpoke\n|poke|p1|Chi-Yu|\n|poke|p1|Samurott-Hisui, M|\n|poke|p1|Kommo-o, F|\n|poke|p1|Mamoswine, F|\n|poke|p1|Scizor, F|\n|poke|p1|Zapdos|\n|poke|p2|Coalossal, F|\n|poke|p2|Meowscarada, F|\n|poke|p2|Vaporeon, F|\n|poke|p2|Dragapult, M|\n|poke|p2|Sandy Shocks|\n|poke|p2|Iron Valiant|\n|teampreview\n|c|\u2606Hydrolucario|gl hf\n|c|\u2606Uzafent|glhf\n|\n|t:|1700300638\n|start\n|switch|p1a: Samurott|Samurott-Hisui, M|100\/100\n|switch|p2a: Sandy Shocks|Sandy Shocks|100\/100\n|turn|1\n|\n|t:|1700300654\n|move|p1a: Samurott|Ceaseless Edge|p2a: Sandy Shocks\n|-damage|p2a: Sandy Shocks|49\/100\n|-sidestart|p2: Hydrolucario|Spikes\n|move|p2a: Sandy Shocks|Flash Cannon|p1a: Samurott\n|-resisted|p1a: Samurott\n|-damage|p1a: Samurott|77\/100\n|\n|upkeep\n|turn|2\n|\n|t:|1700300672\n|-end|p2a: Sandy Shocks|Protosynthesis|[silent]\n|switch|p2a: Vaporeon|Vaporeon, F|100\/100\n|-damage|p2a: Vaporeon|88\/100|[from] Spikes\n|move|p1a: Samurott|Ceaseless Edge|p2a: Vaporeon\n|-damage|p2a: Vaporeon|56\/100\n|-sidestart|p2: Hydrolucario|Spikes\n|\n|-heal|p2a: Vaporeon|62\/100|[from] item: Leftovers\n|upkeep\n|turn|3\n|\n|t:|1700300680\n|move|p1a: Samurott|Ceaseless Edge|p2a: Vaporeon|[miss]\n|-miss|p1a: Samurott|p2a: Vaporeon\n|move|p2a: Vaporeon|Wish|p2a: Vaporeon\n|\n|-heal|p2a: Vaporeon|69\/100|[from] item: Leftovers\n|upkeep\n|turn|4\n|\n|t:|1700300686\n|move|p1a: Samurott|Encore|p2a: Vaporeon\n|-start|p2a: Vaporeon|Encore\n|move|p2a: Vaporeon|Wish||[still]\n|-fail|p2a: Vaporeon\n|\n|-heal|p2a: Vaporeon|100\/100|[from] move: Wish|[wisher] Vaporeon\n|upkeep\n|turn|5\n|\n|t:|1700300692\n|move|p1a: Samurott|Ceaseless Edge|p2a: Vaporeon\n|-damage|p2a: Vaporeon|71\/100\n|-sidestart|p2: Hydrolucario|Spikes\n|move|p2a: Vaporeon|Wish|p2a: Vaporeon\n|\n|-heal|p2a: Vaporeon|77\/100|[from] item: Leftovers\n|upkeep\n|turn|6\n|\n|t:|1700300699\n|switch|p2a: Coalossal|Coalossal, F|100\/100\n|move|p1a: Samurott|Razor Shell|p2a: Coalossal\n|-supereffective|p2a: Coalossal\n|-damage|p2a: Coalossal|0 fnt\n|faint|p2a: Coalossal\n|\n|upkeep\n|\n|t:|1700300705\n|switch|p2a: Meowscarada|Meowscarada, F|100\/100\n|-damage|p2a: Meowscarada|76\/100|[from] Spikes\n|turn|7\n|\n|t:|1700300716\n|switch|p1a: Scizor|Scizor, F|100\/100\n|move|p2a: Meowscarada|Knock Off|p1a: Scizor\n|-start|p2a: Meowscarada|typechange|Dark|[from] ability: Protean\n|-crit|p1a: Scizor\n|-damage|p1a: Scizor|25\/100\n|-enditem|p1a: Scizor|Heavy-Duty Boots|[from] move: Knock Off|[of] p2a: Meowscarada\n|\n|upkeep\n|turn|8\n|\n|t:|1700300725\n|move|p1a: Scizor|Bullet Punch|p2a: Meowscarada\n|-damage|p2a: Meowscarada|27\/100\n|move|p2a: Meowscarada|Knock Off|p1a: Scizor\n|-damage|p1a: Scizor|0 fnt\n|faint|p1a: Scizor\n|\n|upkeep\n|\n|t:|1700300732\n|switch|p1a: Mamoswine|Mamoswine, F|100\/100\n|turn|9\n|\n|t:|1700300738\n|move|p1a: Mamoswine|Ice Shard|p2a: Meowscarada\n|-crit|p2a: Meowscarada\n|-damage|p2a: Meowscarada|0 fnt\n|faint|p2a: Meowscarada\n|-damage|p1a: Mamoswine|91\/100|[from] item: Life Orb\n|\n|upkeep\n|\n|t:|1700300753\n|switch|p2a: Vaporeon|Vaporeon, F|77\/100\n|-damage|p2a: Vaporeon|52\/100|[from] Spikes\n|turn|10\n|\n|t:|1700300759\n|switch|p1a: Samurott|Samurott-Hisui, M|77\/100\n|move|p2a: Vaporeon|Scald|p1a: Samurott\n|-resisted|p1a: Samurott\n|-damage|p1a: Samurott|56\/100\n|\n|-heal|p2a: Vaporeon|58\/100|[from] item: Leftovers\n|upkeep\n|turn|11\n|\n|t:|1700300767\n|move|p1a: Samurott|Ceaseless Edge|p2a: Vaporeon\n|-damage|p2a: Vaporeon|29\/100\n|move|p2a: Vaporeon|Scald|p1a: Samurott\n|-resisted|p1a: Samurott\n|-damage|p1a: Samurott|34\/100\n|\n|-heal|p2a: Vaporeon|35\/100|[from] item: Leftovers\n|upkeep\n|turn|12\n|\n|t:|1700300774\n|move|p1a: Samurott|Ceaseless Edge|p2a: Vaporeon\n|-damage|p2a: Vaporeon|2\/100\n|move|p2a: Vaporeon|Wish|p2a: Vaporeon\n|\n|-heal|p2a: Vaporeon|9\/100|[from] item: Leftovers\n|upkeep\n|turn|13\n|\n|t:|1700300780\n|switch|p1a: Zapdos|Zapdos|100\/100\n|move|p2a: Vaporeon|Protect||[still]\n|-fail|p2a: Vaporeon\n|\n|-heal|p2a: Vaporeon|59\/100|[from] move: Wish|[wisher] Vaporeon\n|-heal|p2a: Vaporeon|65\/100|[from] item: Leftovers\n|upkeep\n|turn|14\n|\n|t:|1700300787\n|move|p2a: Vaporeon|Protect|p2a: Vaporeon\n|-singleturn|p2a: Vaporeon|Protect\n|move|p1a: Zapdos|Hurricane|p2a: Vaporeon\n|-activate|p2a: Vaporeon|move: Protect\n|\n|-heal|p2a: Vaporeon|71\/100|[from] item: Leftovers\n|upkeep\n|turn|15\n|\n|t:|1700300793\n|move|p1a: Zapdos|Volt Switch|p2a: Vaporeon\n|-supereffective|p2a: Vaporeon\n|-damage|p2a: Vaporeon|22\/100\n|\n|t:|1700300797\n|switch|p1a: Samurott|Samurott-Hisui, M|34\/100|[from] Volt Switch\n|move|p2a: Vaporeon|Wish|p2a: Vaporeon\n|\n|-heal|p2a: Vaporeon|28\/100|[from] item: Leftovers\n|upkeep\n|turn|16\n|\n|t:|1700300804\n|move|p2a: Vaporeon|Protect|p2a: Vaporeon\n|-singleturn|p2a: Vaporeon|Protect\n|move|p1a: Samurott|Encore|p2a: Vaporeon\n|-activate|p2a: Vaporeon|move: Protect\n|\n|-heal|p2a: Vaporeon|78\/100|[from] move: Wish|[wisher] Vaporeon\n|-heal|p2a: Vaporeon|85\/100|[from] item: Leftovers\n|upkeep\n|turn|17\n|\n|t:|1700300815\n|switch|p2a: Iron Valiant|Iron Valiant|100\/100\n|-damage|p2a: Iron Valiant|75\/100|[from] Spikes\n|move|p1a: Samurott|Encore||[still]\n|-fail|p1a: Samurott\n|\n|upkeep\n|turn|18\n|\n|t:|1700300819\n|move|p1a: Samurott|Aqua Jet|p2a: Iron Valiant\n|-damage|p2a: Iron Valiant|52\/100\n|move|p2a: Iron Valiant|Moonblast|p1a: Samurott\n|-supereffective|p1a: Samurott\n|-damage|p1a: Samurott|0 fnt\n|faint|p1a: Samurott\n|\n|upkeep\n|\n|t:|1700300827\n|switch|p1a: Zapdos|Zapdos|100\/100\n|turn|19\n|\n|t:|1700300841\n|move|p2a: Iron Valiant|Moonblast|p1a: Zapdos\n|-damage|p1a: Zapdos|28\/100\n|move|p1a: Zapdos|Hurricane|p2a: Iron Valiant|[miss]\n|-miss|p1a: Zapdos|p2a: Iron Valiant\n|\n|upkeep\n|turn|20\n|\n|t:|1700300847\n|move|p2a: Iron Valiant|Moonblast|p1a: Zapdos\n|-damage|p1a: Zapdos|0 fnt\n|faint|p1a: Zapdos\n|\n|upkeep\n|\n|t:|1700300853\n|switch|p1a: Chi-Yu|Chi-Yu|100\/100\n|-ability|p1a: Chi-Yu|Beads of Ruin\n|turn|21\n|\n|t:|1700300860\n|move|p2a: Iron Valiant|Moonblast|p1a: Chi-Yu\n|-damage|p1a: Chi-Yu|9\/100\n|move|p1a: Chi-Yu|Dark Pulse|p2a: Iron Valiant\n|-resisted|p2a: Iron Valiant\n|-damage|p2a: Iron Valiant|13\/100\n|\n|upkeep\n|turn|22\n|\n|t:|1700300864\n|move|p2a: Iron Valiant|Moonblast|p1a: Chi-Yu\n|-damage|p1a: Chi-Yu|0 fnt\n|faint|p1a: Chi-Yu\n|\n|upkeep\n|\n|t:|1700300866\n|switch|p1a: Mamoswine|Mamoswine, F|91\/100\n|turn|23\n|\n|t:|1700300870\n|move|p1a: Mamoswine|Ice Shard|p2a: Iron Valiant\n|-damage|p2a: Iron Valiant|0 fnt\n|faint|p2a: Iron Valiant\n|-end|p2a: Iron Valiant|Quark Drive|[silent]\n|-damage|p1a: Mamoswine|81\/100|[from] item: Life Orb\n|\n|upkeep\n|\n|t:|1700300872\n|switch|p2a: Vaporeon|Vaporeon, F|85\/100\n|-damage|p2a: Vaporeon|60\/100|[from] Spikes\n|turn|24\n|\n|t:|1700300879\n|switch|p1a: Kommo-o|Kommo-o, F|100\/100\n|move|p2a: Vaporeon|Wish|p2a: Vaporeon\n|\n|-heal|p2a: Vaporeon|66\/100|[from] item: Leftovers\n|upkeep\n|turn|25\n|\n|t:|1700300882\n|move|p1a: Kommo-o|Clangorous Soul|p1a: Kommo-o\n|-boost|p1a: Kommo-o|atk|1\n|-boost|p1a: Kommo-o|def|1\n|-boost|p1a: Kommo-o|spa|1\n|-boost|p1a: Kommo-o|spd|1\n|-boost|p1a: Kommo-o|spe|1\n|-damage|p1a: Kommo-o|68\/100\n|move|p2a: Vaporeon|Haze|p2a: Vaporeon\n|-clearallboost\n|\n|-heal|p2a: Vaporeon|100\/100|[from] move: Wish|[wisher] Vaporeon\n|-heal|p1a: Kommo-o|74\/100|[from] item: Leftovers\n|upkeep\n|turn|26\n|\n|t:|1700300893\n|move|p1a: Kommo-o|Dragon Claw|p2a: Vaporeon\n|-damage|p2a: Vaporeon|74\/100\n|move|p2a: Vaporeon|Scald|p1a: Kommo-o\n|-resisted|p1a: Kommo-o\n|-damage|p1a: Kommo-o|57\/100\n|\n|-heal|p1a: Kommo-o|63\/100|[from] item: Leftovers\n|-heal|p2a: Vaporeon|80\/100|[from] item: Leftovers\n|upkeep\n|turn|27\n|\n|t:|1700300897\n|move|p1a: Kommo-o|Clangorous Soul|p1a: Kommo-o\n|-boost|p1a: Kommo-o|atk|1\n|-boost|p1a: Kommo-o|def|1\n|-boost|p1a: Kommo-o|spa|1\n|-boost|p1a: Kommo-o|spd|1\n|-boost|p1a: Kommo-o|spe|1\n|-damage|p1a: Kommo-o|30\/100\n|move|p2a: Vaporeon|Scald|p1a: Kommo-o\n|-resisted|p1a: Kommo-o\n|-damage|p1a: Kommo-o|19\/100\n|-status|p1a: Kommo-o|brn\n|\n|-heal|p1a: Kommo-o|25\/100 brn|[from] item: Leftovers\n|-heal|p2a: Vaporeon|86\/100|[from] item: Leftovers\n|-damage|p1a: Kommo-o|19\/100 brn|[from] brn\n|upkeep\n|turn|28\n|\n|t:|1700300901\n|move|p1a: Kommo-o|Dragon Claw|p2a: Vaporeon\n|-damage|p2a: Vaporeon|66\/100\n|move|p2a: Vaporeon|Haze|p2a: Vaporeon\n|-clearallboost\n|\n|-heal|p1a: Kommo-o|25\/100 brn|[from] item: Leftovers\n|-heal|p2a: Vaporeon|73\/100|[from] item: Leftovers\n|-damage|p1a: Kommo-o|19\/100 brn|[from] brn\n|upkeep\n|turn|29\n|\n|t:|1700300906\n|switch|p1a: Mamoswine|Mamoswine, F|81\/100\n|move|p2a: Vaporeon|Scald|p1a: Mamoswine\n|-supereffective|p1a: Mamoswine\n|-damage|p1a: Mamoswine|0 fnt\n|faint|p1a: Mamoswine\n|\n|-heal|p2a: Vaporeon|79\/100|[from] item: Leftovers\n|upkeep\n|c|\u2606Uzafent|yeah ggs\n|c|\u2606Hydrolucario|gg\n|c|\u2606Uzafent|hurricane missed ;(\n|\n|t:|1700300917\n|switch|p1a: Kommo-o|Kommo-o, F|19\/100 brn\n|turn|30\n|c|\u2606Hydrolucario|yeah\n|\n|t:|1700300921\n|move|p1a: Kommo-o|Dragon Claw|p2a: Vaporeon\n|-damage|p2a: Vaporeon|65\/100\n|move|p2a: Vaporeon|Scald|p1a: Kommo-o\n|-resisted|p1a: Kommo-o\n|-damage|p1a: Kommo-o|2\/100 brn\n|\n|-heal|p1a: Kommo-o|8\/100 brn|[from] item: Leftovers\n|-heal|p2a: Vaporeon|71\/100|[from] item: Leftovers\n|-damage|p1a: Kommo-o|2\/100 brn|[from] brn\n|upkeep\n|turn|31\n|\n|t:|1700300933\n|move|p1a: Kommo-o|Dragon Claw|p2a: Vaporeon\n|-damage|p2a: Vaporeon|58\/100\n|move|p2a: Vaporeon|Scald|p1a: Kommo-o\n|-resisted|p1a: Kommo-o\n|-damage|p1a: Kommo-o|0 fnt\n|faint|p1a: Kommo-o\n|\n|win|Hydrolucario\n|c|\u2606Uzafent|i probably wouldve won off that ;(\n|c|\u2606Hydrolucario|I don't like drafting Hurricane\/Focus Miss cos of that\n|c|\u2606Uzafent|no other flying type moves\n|c|\u2606Hydrolucario|drill peck man\n|c|\u2606Hydrolucario|but yeah\n|c|\u2606Uzafent|physical\n|c|\u2606Hydrolucario|the real heat is blunder policy\n","uploadtime":1700300980,"views":51,"p1id":"uzafent","p2id":"hydrolucario","formatid":"gen9ubers","rating":0,"private":0,"password":""}