{"id":"gen9ubers-1979658612","p1":"rutriyououiyiyuyt","p2":"The8thSamurai","format":"[Gen 9] Ubers","log":"|j|\u2606rutriyououiyiyuyt\n|j|\u2606The8thSamurai\n|t:|1698700660\n|gametype|singles\n|player|p1|rutriyououiyiyuyt|elesa|\n|player|p2|The8thSamurai|benga|\n|teamsize|p1|6\n|teamsize|p2|6\n|gen|9\n|tier|[Gen 9] Ubers\n|rule|Sleep Clause Mod: Limit one foe put to sleep\n|rule|Species Clause: Limit one of each Pok\u00e9mon\n|rule|OHKO Clause: OHKO moves are banned\n|rule|Evasion Items Clause: Evasion items are banned\n|rule|Evasion Moves Clause: Evasion moves are banned\n|rule|Endless Battle Clause: Forcing endless battles is banned\n|rule|HP Percentage Mod: HP is shown in percentages\n|clearpoke\n|poke|p1|Meowscarada, F|\n|poke|p1|Tyranitar, F|\n|poke|p1|Zamazenta-*|\n|poke|p1|Ninetales-Alola, F|\n|poke|p1|Dragapult, F|\n|poke|p1|Slowking-Galar, F|\n|poke|p2|Chi-Yu|\n|poke|p2|Magearna|\n|poke|p2|Giratina|\n|poke|p2|Zacian-*|\n|poke|p2|Shaymin-Sky|\n|poke|p2|Palafin, F|\n|teampreview\n|inactive|Battle timer is ON: inactive players will automatically lose when time's up. (requested by The8thSamurai)\n|\n|t:|1698700676\n|start\n|switch|p1a: Meowscarada|Meowscarada, F|100\/100\n|switch|p2a: Magearna|Magearna|100\/100\n|turn|1\n|\n|t:|1698700683\n|move|p1a: Meowscarada|Knock Off|p2a: Magearna\n|-start|p1a: Meowscarada|typechange|Dark|[from] ability: Protean\n|-resisted|p2a: Magearna\n|-damage|p2a: Magearna|81\/100\n|-enditem|p2a: Magearna|Eject Pack|[from] move: Knock Off|[of] p1a: Meowscarada\n|move|p2a: Magearna|Volt Switch|p1a: Meowscarada\n|-damage|p1a: Meowscarada|68\/100\n|\n|t:|1698700699\n|switch|p2a: Zacian|Zacian, shiny|100\/100|[from] Volt Switch\n|-ability|p2a: Zacian|Intrepid Sword|boost\n|-boost|p2a: Zacian|atk|1\n|\n|upkeep\n|turn|2\n|\n|t:|1698700706\n|switch|p1a: Slowking|Slowking-Galar, F|100\/100\n|move|p2a: Zacian|Play Rough|p1a: Slowking\n|-resisted|p1a: Slowking\n|-damage|p1a: Slowking|48\/100\n|\n|-heal|p1a: Slowking|55\/100|[from] item: Leftovers\n|upkeep\n|turn|3\n|\n|t:|1698700727\n|switch|p2a: Palafin|Palafin, F, shiny|100\/100\n|move|p1a: Slowking|Toxic|p2a: Palafin\n|-status|p2a: Palafin|tox\n|\n|-heal|p1a: Slowking|61\/100|[from] item: Leftovers\n|-damage|p2a: Palafin|94\/100 tox|[from] psn\n|upkeep\n|turn|4\n|\n|t:|1698700732\n|move|p2a: Palafin|Taunt|p1a: Slowking\n|-start|p1a: Slowking|move: Taunt\n|cant|p1a: Slowking|move: Taunt|Slack Off\n|\n|-heal|p2a: Palafin|100\/100 tox|[from] item: Leftovers\n|-heal|p1a: Slowking|67\/100|[from] item: Leftovers\n|-damage|p2a: Palafin|88\/100 tox|[from] psn\n|upkeep\n|turn|5\n|\n|t:|1698700742\n|detailschange|p2a: Palafin|Palafin-Hero, F, shiny\n|switch|p2a: Chi-Yu|Chi-Yu|100\/100\n|-ability|p2a: Chi-Yu|Beads of Ruin\n|switch|p1a: Meowscarada|Meowscarada, F|68\/100\n|\n|upkeep\n|turn|6\n|\n|t:|1698700763\n|move|p1a: Meowscarada|U-turn|p2a: Chi-Yu\n|-start|p1a: Meowscarada|typechange|Bug|[from] ability: Protean\n|-damage|p2a: Chi-Yu|44\/100\n|\n|t:|1698700768\n|switch|p1a: Tyranitar|Tyranitar, F|100\/100|[from] U-turn\n|-weather|Sandstorm|[from] ability: Sand Stream|[of] p1a: Tyranitar\n|move|p2a: Chi-Yu|Flamethrower|p1a: Tyranitar\n|-resisted|p1a: Tyranitar\n|-damage|p1a: Tyranitar|75\/100\n|\n|-weather|Sandstorm|[upkeep]\n|-damage|p2a: Chi-Yu|38\/100|[from] Sandstorm\n|upkeep\n|turn|7\n|\n|t:|1698700778\n|switch|p2a: Palafin|Palafin-Hero, F, shiny|88\/100 tox\n|-activate|p2a: Palafin|ability: Zero to Hero\n|move|p1a: Tyranitar|Earthquake|p2a: Palafin\n|-damage|p2a: Palafin|47\/100 tox\n|-damage|p1a: Tyranitar|65\/100|[from] item: Life Orb\n|\n|-weather|Sandstorm|[upkeep]\n|-damage|p2a: Palafin|41\/100 tox|[from] Sandstorm\n|-heal|p2a: Palafin|47\/100 tox|[from] item: Leftovers\n|-damage|p2a: Palafin|41\/100 tox|[from] psn\n|upkeep\n|turn|8\n|\n|t:|1698700786\n|switch|p1a: Slowking|Slowking-Galar, F|99\/100\n|move|p2a: Palafin|Drain Punch|p1a: Slowking\n|-resisted|p1a: Slowking\n|-damage|p1a: Slowking|93\/100\n|-heal|p2a: Palafin|45\/100 tox|[from] drain|[of] p1a: Slowking\n|\n|-weather|Sandstorm|[upkeep]\n|-damage|p2a: Palafin|38\/100 tox|[from] Sandstorm\n|-damage|p1a: Slowking|87\/100|[from] Sandstorm\n|-heal|p2a: Palafin|45\/100 tox|[from] item: Leftovers\n|-heal|p1a: Slowking|93\/100|[from] item: Leftovers\n|-damage|p2a: Palafin|32\/100 tox|[from] psn\n|upkeep\n|turn|9\n|\n|t:|1698700795\n|switch|p2a: Magearna|Magearna|81\/100\n|move|p1a: Slowking|Ice Beam|p2a: Magearna\n|-resisted|p2a: Magearna\n|-damage|p2a: Magearna|74\/100\n|\n|-weather|Sandstorm|[upkeep]\n|-damage|p1a: Slowking|87\/100|[from] Sandstorm\n|-heal|p1a: Slowking|93\/100|[from] item: Leftovers\n|upkeep\n|turn|10\n|\n|t:|1698700808\n|switch|p1a: Zamazenta|Zamazenta-Crowned|100\/100\n|-ability|p1a: Zamazenta|Dauntless Shield|boost\n|-boost|p1a: Zamazenta|def|1\n|move|p2a: Magearna|Spikes|p1a: Zamazenta\n|-sidestart|p1: rutriyououiyiyuyt|Spikes\n|\n|-weather|none\n|upkeep\n|turn|11\n|\n|t:|1698700818\n|move|p1a: Zamazenta|Iron Defense|p1a: Zamazenta\n|-boost|p1a: Zamazenta|def|2\n|move|p2a: Magearna|Thunder Wave|p1a: Zamazenta\n|-status|p1a: Zamazenta|par\n|\n|upkeep\n|turn|12\n|\n|t:|1698700830\n|move|p1a: Zamazenta|Agility|p1a: Zamazenta\n|-boost|p1a: Zamazenta|spe|2\n|move|p2a: Magearna|Volt Switch|p1a: Zamazenta\n|-damage|p1a: Zamazenta|84\/100 par\n|\n|t:|1698700840\n|switch|p2a: Zacian|Zacian, shiny|100\/100|[from] Volt Switch\n|\n|upkeep\n|turn|13\n|\n|t:|1698700861\n|switch|p2a: Giratina|Giratina, shiny|100\/100\n|-ability|p2a: Giratina|Pressure\n|move|p1a: Zamazenta|Behemoth Bash|p2a: Giratina\n|-damage|p2a: Giratina|76\/100\n|\n|-heal|p2a: Giratina|82\/100|[from] item: Leftovers\n|upkeep\n|turn|14\n|\n|t:|1698700885\n|switch|p1a: Ninetales|Ninetales-Alola, F|100\/100\n|-damage|p1a: Ninetales|88\/100|[from] Spikes\n|-weather|Snow|[from] ability: Snow Warning|[of] p1a: Ninetales\n|move|p2a: Giratina|Shadow Ball|p1a: Ninetales\n|-damage|p1a: Ninetales|59\/100\n|\n|-weather|Snow|[upkeep]\n|-heal|p2a: Giratina|88\/100|[from] item: Leftovers\n|upkeep\n|turn|15\n|\n|t:|1698700899\n|switch|p2a: Zacian|Zacian, shiny|100\/100\n|move|p1a: Ninetales|Aurora Veil|p1a: Ninetales\n|-sidestart|p1: rutriyououiyiyuyt|move: Aurora Veil\n|\n|-weather|Snow|[upkeep]\n|upkeep\n|turn|16\n|\n|t:|1698700919\n|-terastallize|p2a: Zacian|Fairy\n|move|p2a: Zacian|Play Rough|p1a: Ninetales\n|-damage|p1a: Ninetales|23\/100\n|move|p1a: Ninetales|Blizzard|p2a: Zacian\n|-damage|p2a: Zacian|71\/100\n|-status|p2a: Zacian|frz\n|\n|-weather|Snow|[upkeep]\n|upkeep\n|turn|17\n|\n|t:|1698700927\n|cant|p2a: Zacian|frz\n|move|p1a: Ninetales|Blizzard|p2a: Zacian\n|-damage|p2a: Zacian|43\/100 frz\n|\n|-weather|Snow|[upkeep]\n|upkeep\n|turn|18\n|\n|t:|1698700932\n|-curestatus|p2a: Zacian|frz|[msg]\n|move|p2a: Zacian|Play Rough|p1a: Ninetales\n|-damage|p1a: Ninetales|0 fnt\n|faint|p1a: Ninetales\n|\n|-weather|none\n|upkeep\n|\n|t:|1698700939\n|switch|p1a: Slowking|Slowking-Galar, F|100\/100\n|-damage|p1a: Slowking|88\/100|[from] Spikes\n|turn|19\n|\n|t:|1698700942\n|switch|p2a: Giratina|Giratina, shiny|88\/100\n|-ability|p2a: Giratina|Pressure\n|move|p1a: Slowking|Sludge Bomb|p2a: Giratina\n|-resisted|p2a: Giratina\n|-damage|p2a: Giratina|78\/100\n|\n|-heal|p2a: Giratina|84\/100|[from] item: Leftovers\n|-heal|p1a: Slowking|94\/100|[from] item: Leftovers\n|upkeep\n|turn|20\n|\n|t:|1698700948\n|move|p2a: Giratina|Defog|p1a: Slowking\n|-unboost|p1a: Slowking|evasion|1\n|-sideend|p1: rutriyououiyiyuyt|move: Aurora Veil\n|-sideend|p1: rutriyououiyiyuyt|Spikes|[from] move: Defog|[of] p2a: Giratina\n|move|p1a: Slowking|Toxic|p2a: Giratina\n|-status|p2a: Giratina|tox\n|\n|-heal|p2a: Giratina|90\/100 tox|[from] item: Leftovers\n|-heal|p1a: Slowking|99\/100|[from] item: Leftovers\n|-damage|p2a: Giratina|84\/100 tox|[from] psn\n|upkeep\n|turn|21\n|\n|t:|1698700967\n|switch|p2a: Chi-Yu|Chi-Yu|38\/100\n|-ability|p2a: Chi-Yu|Beads of Ruin\n|switch|p1a: Tyranitar|Tyranitar, F|65\/100\n|-weather|Sandstorm|[from] ability: Sand Stream|[of] p1a: Tyranitar\n|\n|-weather|Sandstorm|[upkeep]\n|-damage|p2a: Chi-Yu|32\/100|[from] Sandstorm\n|upkeep\n|turn|22\n|\n|t:|1698700986\n|switch|p2a: Magearna|Magearna|74\/100\n|move|p1a: Tyranitar|Earthquake|p2a: Magearna\n|-supereffective|p2a: Magearna\n|-damage|p2a: Magearna|0 fnt\n|faint|p2a: Magearna\n|-damage|p1a: Tyranitar|55\/100|[from] item: Life Orb\n|\n|-weather|Sandstorm|[upkeep]\n|upkeep\n|\n|t:|1698700992\n|switch|p2a: Shaymin|Shaymin-Sky|100\/100\n|turn|23\n|\n|t:|1698700998\n|move|p2a: Shaymin|Seed Flare|p1a: Tyranitar\n|-supereffective|p1a: Tyranitar\n|-crit|p1a: Tyranitar\n|-damage|p1a: Tyranitar|0 fnt\n|faint|p1a: Tyranitar\n|\n|-weather|Sandstorm|[upkeep]\n|-damage|p2a: Shaymin|94\/100|[from] Sandstorm\n|upkeep\n|\n|t:|1698701002\n|switch|p1a: Dragapult|Dragapult, F|100\/100\n|turn|24\n|\n|t:|1698701018\n|move|p1a: Dragapult|U-turn|p2a: Shaymin\n|-damage|p2a: Shaymin|72\/100\n|\n|t:|1698701021\n|switch|p1a: Slowking|Slowking-Galar, F|100\/100|[from] U-turn\n|move|p2a: Shaymin|Dazzling Gleam|p1a: Slowking\n|-resisted|p1a: Slowking\n|-damage|p1a: Slowking|93\/100\n|\n|-weather|Sandstorm|[upkeep]\n|-damage|p2a: Shaymin|66\/100|[from] Sandstorm\n|-damage|p1a: Slowking|87\/100|[from] Sandstorm\n|-heal|p1a: Slowking|93\/100|[from] item: Leftovers\n|upkeep\n|turn|25\n|\n|t:|1698701033\n|switch|p2a: Zacian|Zacian, shiny, tera:Fairy|43\/100\n|move|p1a: Slowking|Ice Beam|p2a: Zacian\n|-damage|p2a: Zacian|21\/100\n|\n|-weather|none\n|-heal|p1a: Slowking|99\/100|[from] item: Leftovers\n|upkeep\n|turn|26\n|\n|t:|1698701047\n|move|p2a: Zacian|Crunch|p1a: Slowking\n|-supereffective|p1a: Slowking\n|-damage|p1a: Slowking|12\/100\n|-unboost|p1a: Slowking|def|1\n|move|p1a: Slowking|Sludge Bomb|p2a: Zacian\n|-supereffective|p2a: Zacian\n|-damage|p2a: Zacian|0 fnt\n|faint|p2a: Zacian\n|\n|-heal|p1a: Slowking|18\/100|[from] item: Leftovers\n|upkeep\n|\n|t:|1698701059\n|switch|p2a: Shaymin|Shaymin-Sky|66\/100\n|turn|27\n|\n|t:|1698701065\n|switch|p1a: Meowscarada|Meowscarada, F|68\/100\n|move|p2a: Shaymin|Air Slash|p1a: Meowscarada\n|-supereffective|p1a: Meowscarada\n|-damage|p1a: Meowscarada|0 fnt\n|faint|p1a: Meowscarada\n|\n|upkeep\n|\n|t:|1698701069\n|switch|p1a: Dragapult|Dragapult, F|100\/100\n|turn|28\n|\n|t:|1698701087\n|move|p1a: Dragapult|Flamethrower|p2a: Shaymin\n|-supereffective|p2a: Shaymin\n|-damage|p2a: Shaymin|0 fnt\n|faint|p2a: Shaymin\n|\n|upkeep\n|\n|t:|1698701092\n|switch|p2a: Chi-Yu|Chi-Yu|32\/100\n|-ability|p2a: Chi-Yu|Beads of Ruin\n|turn|29\n|\n|t:|1698701097\n|switch|p1a: Slowking|Slowking-Galar, F|51\/100\n|move|p2a: Chi-Yu|Dark Pulse|p1a: Slowking\n|-supereffective|p1a: Slowking\n|-damage|p1a: Slowking|0 fnt\n|faint|p1a: Slowking\n|\n|upkeep\n|\n|t:|1698701103\n|switch|p1a: Dragapult|Dragapult, F|100\/100\n|turn|30\n|\n|t:|1698701116\n|switch|p2a: Giratina|Giratina, shiny|84\/100 tox\n|-ability|p2a: Giratina|Pressure\n|move|p1a: Dragapult|Draco Meteor|p2a: Giratina\n|-supereffective|p2a: Giratina\n|-damage|p2a: Giratina|0 fnt\n|-unboost|p1a: Dragapult|spa|2\n|faint|p2a: Giratina\n|\n|upkeep\n|\n|t:|1698701145\n|switch|p2a: Palafin|Palafin-Hero, F, shiny|32\/100 tox\n|turn|31\n|\n|t:|1698701148\n|switch|p1a: Zamazenta|Zamazenta-Crowned|84\/100 par\n|move|p2a: Palafin|Jet Punch|p1a: Zamazenta\n|-damage|p1a: Zamazenta|60\/100 par\n|\n|-heal|p2a: Palafin|38\/100 tox|[from] item: Leftovers\n|-damage|p2a: Palafin|32\/100 tox|[from] psn\n|upkeep\n|turn|32\n|\n|t:|1698701152\n|move|p2a: Palafin|Drain Punch|p1a: Zamazenta\n|-supereffective|p1a: Zamazenta\n|-damage|p1a: Zamazenta|18\/100 par\n|-heal|p2a: Palafin|49\/100 tox|[from] drain|[of] p1a: Zamazenta\n|move|p1a: Zamazenta|Body Press|p2a: Palafin\n|-crit|p2a: Palafin\n|-damage|p2a: Palafin|0 fnt\n|faint|p2a: Palafin\n|\n|upkeep\n|\n|t:|1698701159\n|switch|p2a: Chi-Yu|Chi-Yu|32\/100\n|-ability|p2a: Chi-Yu|Beads of Ruin\n|turn|33\n|\n|t:|1698701167\n|move|p2a: Chi-Yu|Dark Pulse|p1a: Zamazenta\n|-resisted|p1a: Zamazenta\n|-damage|p1a: Zamazenta|0 fnt\n|faint|p1a: Zamazenta\n|\n|upkeep\n|\n|t:|1698701169\n|switch|p1a: Dragapult|Dragapult, F|100\/100\n|turn|34\n|\n|t:|1698701171\n|-terastallize|p1a: Dragapult|Fire\n|move|p1a: Dragapult|Draco Meteor|p2a: Chi-Yu\n|-damage|p2a: Chi-Yu|0 fnt\n|-unboost|p1a: Dragapult|spa|2\n|faint|p2a: Chi-Yu\n|\n|win|rutriyououiyiyuyt\n|c|\u2606rutriyououiyiyuyt|gg\n|c|\u2606The8thSamurai|gg\n|l|\u2606rutriyououiyiyuyt\n","uploadtime":1698702048,"views":30,"p1id":"rutriyououiyiyuyt","p2id":"the8thsamurai","formatid":"gen9ubers","rating":0,"private":0,"password":""}