{"id":"gen9ubers-1986487466","p1":"Bestmaindragonite","p2":"Lord Femboy","format":"[Gen 9] Ubers","log":"|j|\u2606Bestmaindragonite\n|j|\u2606Lord Femboy\n|t:|1699484054\n|gametype|singles\n|player|p1|Bestmaindragonite|lillie|\n|player|p2|Lord Femboy|acetrainer|\n|teamsize|p1|6\n|teamsize|p2|6\n|gen|9\n|tier|[Gen 9] Ubers\n|rule|Sleep Clause Mod: Limit one foe put to sleep\n|rule|Species Clause: Limit one of each Pok\u00e9mon\n|rule|OHKO Clause: OHKO moves are banned\n|rule|Evasion Items Clause: Evasion items are banned\n|rule|Evasion Moves Clause: Evasion moves are banned\n|rule|Endless Battle Clause: Forcing endless battles is banned\n|rule|HP Percentage Mod: HP is shown in percentages\n|clearpoke\n|poke|p1|Torkoal, F|\n|poke|p1|Walking Wake|\n|poke|p1|Chi-Yu|\n|poke|p1|Arceus-Grass|\n|poke|p1|Zacian-*|\n|poke|p1|Magearna|\n|poke|p2|Slowking-Galar, M|\n|poke|p2|Palkia-Origin|\n|poke|p2|Dragapult, F|\n|poke|p2|Cyclizar, M|\n|poke|p2|Clefable, F|\n|poke|p2|Arceus-Dark|\n|teampreview\n|c|\u2606Lord Femboy|glhf\n|\n|t:|1699484069\n|start\n|switch|p1a: Torkoal|Torkoal, F|100\/100\n|switch|p2a: Slowking|Slowking-Galar, M|100\/100\n|-weather|SunnyDay|[from] ability: Drought|[of] p1a: Torkoal\n|turn|1\n|\n|t:|1699484092\n|switch|p1a: Magearna|Magearna|100\/100\n|move|p2a: Slowking|Toxic Spikes|p1a: Magearna\n|-sidestart|p1: Bestmaindragonite|move: Toxic Spikes\n|\n|-weather|SunnyDay|[upkeep]\n|upkeep\n|turn|2\n|\n|t:|1699484098\n|move|p1a: Magearna|Volt Switch|p2a: Slowking\n|-damage|p2a: Slowking|78\/100\n|\n|t:|1699484103\n|switch|p1a: Torkoal|Torkoal, F|100\/100|[from] Volt Switch\n|-status|p1a: Torkoal|psn\n|move|p2a: Slowking|Thunder Wave||[still]\n|-fail|p2a: Slowking\n|\n|-weather|SunnyDay|[upkeep]\n|-damage|p1a: Torkoal|88\/100 psn|[from] psn\n|upkeep\n|turn|3\n|\n|t:|1699484121\n|switch|p1a: Chi-Yu|Chi-Yu|100\/100\n|-status|p1a: Chi-Yu|psn\n|-ability|p1a: Chi-Yu|Beads of Ruin\n|move|p2a: Slowking|Future Sight|p1a: Chi-Yu\n|-start|p2a: Slowking|move: Future Sight\n|\n|-weather|SunnyDay|[upkeep]\n|-damage|p1a: Chi-Yu|88\/100 psn|[from] psn\n|upkeep\n|turn|4\n|\n|t:|1699484155\n|switch|p2a: Clefable|Clefable, F|100\/100\n|move|p1a: Chi-Yu|Flamethrower|p2a: Clefable\n|-damage|p2a: Clefable|31\/100\n|\n|-weather|SunnyDay|[upkeep]\n|-heal|p2a: Clefable|37\/100|[from] item: Leftovers\n|-damage|p1a: Chi-Yu|76\/100 psn|[from] psn\n|upkeep\n|turn|5\n|\n|t:|1699484173\n|switch|p1a: Walking Wake|Walking Wake|100\/100\n|-status|p1a: Walking Wake|psn\n|-activate|p1a: Walking Wake|ability: Protosynthesis\n|-start|p1a: Walking Wake|protosynthesisspe\n|move|p2a: Clefable|Protect||[still]\n|-fail|p2a: Clefable\n|\n|-weather|SunnyDay|[upkeep]\n|-end|p1a: Walking Wake|move: Future Sight\n|-damage|p1a: Walking Wake|49\/100 psn\n|-heal|p2a: Clefable|43\/100|[from] item: Leftovers\n|-damage|p1a: Walking Wake|36\/100 psn|[from] psn\n|upkeep\n|turn|6\n|\n|t:|1699484192\n|move|p2a: Clefable|Protect|p2a: Clefable\n|-singleturn|p2a: Clefable|Protect\n|move|p1a: Walking Wake|Flip Turn|p2a: Clefable\n|-activate|p2a: Clefable|move: Protect\n|\n|-weather|SunnyDay|[upkeep]\n|-heal|p2a: Clefable|49\/100|[from] item: Leftovers\n|-damage|p1a: Walking Wake|24\/100 psn|[from] psn\n|upkeep\n|turn|7\n|\n|t:|1699484205\n|move|p1a: Walking Wake|Flip Turn|p2a: Clefable\n|-damage|p2a: Clefable|41\/100\n|\n|t:|1699484219\n|-end|p1a: Walking Wake|Protosynthesis|[silent]\n|switch|p1a: Magearna|Magearna|100\/100|[from] Flip Turn\n|move|p2a: Clefable|Wish|p2a: Clefable\n|\n|-weather|SunnyDay|[upkeep]\n|-heal|p2a: Clefable|47\/100|[from] item: Leftovers\n|upkeep\n|turn|8\n|j| OceanicGamer3\n|\n|t:|1699484262\n|move|p2a: Clefable|Protect|p2a: Clefable\n|-singleturn|p2a: Clefable|Protect\n|move|p1a: Magearna|Flash Cannon|p2a: Clefable\n|-activate|p2a: Clefable|move: Protect\n|\n|-weather|none\n|-heal|p2a: Clefable|97\/100|[from] move: Wish|[wisher] Clefable\n|-heal|p2a: Clefable|100\/100|[from] item: Leftovers\n|upkeep\n|turn|9\n|\n|t:|1699484273\n|switch|p2a: Slowking|Slowking-Galar, M|100\/100\n|move|p1a: Magearna|Volt Switch|p2a: Slowking\n|-damage|p2a: Slowking|79\/100\n|\n|t:|1699484279\n|switch|p1a: Torkoal|Torkoal, F|88\/100 psn|[from] Volt Switch\n|-weather|SunnyDay|[from] ability: Drought|[of] p1a: Torkoal\n|\n|-weather|SunnyDay|[upkeep]\n|-damage|p1a: Torkoal|75\/100 psn|[from] psn\n|upkeep\n|turn|10\n|\n|t:|1699484310\n|move|p2a: Slowking|Future Sight|p1a: Torkoal\n|-start|p2a: Slowking|move: Future Sight\n|move|p1a: Torkoal|Rapid Spin|p2a: Slowking\n|-damage|p2a: Slowking|73\/100\n|-boost|p1a: Torkoal|spe|1\n|-sideend|p1: Bestmaindragonite|Toxic Spikes|[from] move: Rapid Spin|[of] p1a: Torkoal\n|\n|-weather|SunnyDay|[upkeep]\n|-damage|p1a: Torkoal|63\/100 psn|[from] psn\n|upkeep\n|turn|11\n|\n|t:|1699484323\n|switch|p1a: Magearna|Magearna|100\/100\n|move|p2a: Slowking|Toxic Spikes|p1a: Magearna\n|-sidestart|p1: Bestmaindragonite|move: Toxic Spikes\n|\n|-weather|SunnyDay|[upkeep]\n|upkeep\n|turn|12\n|\n|t:|1699484330\n|move|p1a: Magearna|Volt Switch|p2a: Slowking\n|-damage|p2a: Slowking|50\/100\n|\n|t:|1699484333\n|switch|p1a: Walking Wake|Walking Wake|24\/100 psn|[from] Volt Switch\n|-activate|p1a: Walking Wake|ability: Protosynthesis\n|-start|p1a: Walking Wake|protosynthesisspe\n|move|p2a: Slowking|Thunder Wave||[still]\n|-fail|p2a: Slowking\n|\n|-weather|SunnyDay|[upkeep]\n|-end|p1a: Walking Wake|move: Future Sight\n|-damage|p1a: Walking Wake|0 fnt\n|faint|p1a: Walking Wake\n|-end|p1a: Walking Wake|Protosynthesis|[silent]\n|upkeep\n|\n|t:|1699484345\n|switch|p1a: Chi-Yu|Chi-Yu|76\/100 psn\n|-ability|p1a: Chi-Yu|Beads of Ruin\n|turn|13\n|\n|t:|1699484367\n|switch|p2a: Palkia|Palkia-Origin, shiny|100\/100\n|-ability|p2a: Palkia|Pressure\n|-terastallize|p1a: Chi-Yu|Fire\n|move|p1a: Chi-Yu|Flamethrower|p2a: Palkia\n|-resisted|p2a: Palkia\n|-damage|p2a: Palkia|68\/100\n|\n|-weather|SunnyDay|[upkeep]\n|-damage|p1a: Chi-Yu|63\/100 psn|[from] psn\n|upkeep\n|turn|14\n|\n|t:|1699484381\n|switch|p1a: Magearna|Magearna|100\/100\n|move|p2a: Palkia|Ice Beam|p1a: Magearna\n|-resisted|p1a: Magearna\n|-damage|p1a: Magearna|91\/100\n|\n|-weather|SunnyDay|[upkeep]\n|upkeep\n|turn|15\n|\n|t:|1699484392\n|switch|p2a: Slowking|Slowking-Galar, M|83\/100\n|move|p1a: Magearna|Volt Switch|p2a: Slowking\n|-damage|p2a: Slowking|60\/100\n|\n|t:|1699484407\n|switch|p1a: Chi-Yu|Chi-Yu, tera:Fire|63\/100 psn|[from] Volt Switch\n|-ability|p1a: Chi-Yu|Beads of Ruin\n|\n|-weather|SunnyDay|[upkeep]\n|-damage|p1a: Chi-Yu|51\/100 psn|[from] psn\n|upkeep\n|turn|16\n|\n|t:|1699484414\n|switch|p2a: Clefable|Clefable, F|100\/100\n|move|p1a: Chi-Yu|Overheat|p2a: Clefable\n|-damage|p2a: Clefable|0 fnt\n|-unboost|p1a: Chi-Yu|spa|2\n|faint|p2a: Clefable\n|\n|-weather|none\n|-damage|p1a: Chi-Yu|39\/100 psn|[from] psn\n|upkeep\n|\n|t:|1699484421\n|switch|p2a: Palkia|Palkia-Origin, shiny|68\/100\n|-ability|p2a: Palkia|Pressure\n|turn|17\n|\n|t:|1699484425\n|switch|p1a: Arceus|Arceus-Grass|100\/100\n|-status|p1a: Arceus|psn\n|move|p2a: Palkia|Earth Power|p1a: Arceus\n|-resisted|p1a: Arceus\n|-damage|p1a: Arceus|89\/100 psn\n|\n|-damage|p1a: Arceus|76\/100 psn|[from] psn\n|upkeep\n|turn|18\n|c| OceanicGamer3|RIP Treble Clef\n|c|\u2606Lord Femboy|yup\n|c|\u2606Lord Femboy|thats alr\n|c|\u2606Bestmaindragonite|No max ro\n|c|\u2606Bestmaindragonite|No max roll crit on clefable anymore\n|c| OceanicGamer3|Weakest chiyu attack\n|\n|t:|1699484491\n|move|p1a: Arceus|Calm Mind|p1a: Arceus\n|-boost|p1a: Arceus|spa|1\n|-boost|p1a: Arceus|spd|1\n|move|p2a: Palkia|Ice Beam|p1a: Arceus\n|-supereffective|p1a: Arceus\n|-damage|p1a: Arceus|44\/100 psn\n|\n|-damage|p1a: Arceus|32\/100 psn|[from] psn\n|upkeep\n|turn|19\n|\n|t:|1699484502\n|move|p2a: Palkia|Spacial Rend|p1a: Arceus\n|-damage|p1a: Arceus|3\/100 psn\n|move|p1a: Arceus|Recover|p1a: Arceus\n|-heal|p1a: Arceus|53\/100 psn\n|\n|-damage|p1a: Arceus|40\/100 psn|[from] psn\n|upkeep\n|turn|20\n|c| OceanicGamer3|Lord Femboy cant battle u anymore cuz im now busy\n|\n|t:|1699484507\n|move|p2a: Palkia|Spacial Rend|p1a: Arceus|[miss]\n|-miss|p2a: Palkia|p1a: Arceus\n|move|p1a: Arceus|Judgment|p2a: Palkia\n|-crit|p2a: Palkia\n|-damage|p2a: Palkia|0 fnt\n|faint|p2a: Palkia\n|\n|-damage|p1a: Arceus|28\/100 psn|[from] psn\n|upkeep\n|c|\u2606Lord Femboy|yeah\n|c|\u2606Lord Femboy|thats allg good\n|c|\u2606Lord Femboy|wtf\n|c|\u2606Lord Femboy|thats\n|c|\u2606Lord Femboy|i miss\n|c|\u2606Lord Femboy|lmao\n|\n|t:|1699484524\n|switch|p2a: Dragapult|Dragapult, F|100\/100\n|turn|21\n|\n|t:|1699484529\n|move|p2a: Dragapult|Hex|p1a: Arceus\n|-damage|p1a: Arceus|0 fnt\n|faint|p1a: Arceus\n|\n|upkeep\n|\n|t:|1699484534\n|switch|p1a: Chi-Yu|Chi-Yu, tera:Fire|39\/100 psn\n|-ability|p1a: Chi-Yu|Beads of Ruin\n|turn|22\n|\n|t:|1699484542\n|switch|p2a: Arceus|Arceus-Dark|100\/100\n|move|p1a: Chi-Yu|Dark Pulse|p2a: Arceus\n|-resisted|p2a: Arceus\n|-damage|p2a: Arceus|80\/100\n|\n|-damage|p1a: Chi-Yu|26\/100 psn|[from] psn\n|upkeep\n|turn|23\n|\n|t:|1699484550\n|switch|p1a: Torkoal|Torkoal, F|63\/100 psn\n|-weather|SunnyDay|[from] ability: Drought|[of] p1a: Torkoal\n|move|p2a: Arceus|Cosmic Power|p2a: Arceus\n|-boost|p2a: Arceus|def|1\n|-boost|p2a: Arceus|spd|1\n|\n|-weather|SunnyDay|[upkeep]\n|-damage|p1a: Torkoal|50\/100 psn|[from] psn\n|upkeep\n|turn|24\n|\n|t:|1699484558\n|switch|p1a: Zacian|Zacian|100\/100\n|-ability|p1a: Zacian|Intrepid Sword|boost\n|-boost|p1a: Zacian|atk|1\n|move|p2a: Arceus|Cosmic Power|p2a: Arceus\n|-boost|p2a: Arceus|def|1\n|-boost|p2a: Arceus|spd|1\n|\n|-weather|SunnyDay|[upkeep]\n|upkeep\n|turn|25\n|\n|t:|1699484587\n|-terastallize|p2a: Arceus|Fairy\n|move|p1a: Zacian|Swords Dance|p1a: Zacian\n|-boost|p1a: Zacian|atk|2\n|move|p2a: Arceus|Foul Play|p1a: Zacian\n|-resisted|p1a: Zacian\n|-crit|p1a: Zacian\n|-damage|p1a: Zacian|0 fnt\n|faint|p1a: Zacian\n|\n|-weather|SunnyDay|[upkeep]\n|upkeep\n|c|\u2606Lord Femboy|oof\n|\n|t:|1699484593\n|switch|p1a: Chi-Yu|Chi-Yu, tera:Fire|26\/100 psn\n|-ability|p1a: Chi-Yu|Beads of Ruin\n|turn|26\n|\n|t:|1699484597\n|move|p1a: Chi-Yu|Overheat|p2a: Arceus\n|-damage|p2a: Arceus|12\/100\n|-unboost|p1a: Chi-Yu|spa|2\n|move|p2a: Arceus|Recover|p2a: Arceus\n|-heal|p2a: Arceus|62\/100\n|\n|-weather|SunnyDay|[upkeep]\n|-damage|p1a: Chi-Yu|14\/100 psn|[from] psn\n|upkeep\n|turn|27\n|\n|t:|1699484601\n|move|p1a: Chi-Yu|Overheat|p2a: Arceus\n|-damage|p2a: Arceus|28\/100\n|-unboost|p1a: Chi-Yu|spa|2\n|move|p2a: Arceus|Recover|p2a: Arceus\n|-heal|p2a: Arceus|78\/100\n|\n|-weather|SunnyDay|[upkeep]\n|-damage|p1a: Chi-Yu|2\/100 psn|[from] psn\n|upkeep\n|turn|28\n|l| OceanicGamer3\n|\n|t:|1699484607\n|move|p1a: Chi-Yu|Overheat|p2a: Arceus\n|-damage|p2a: Arceus|57\/100\n|-unboost|p1a: Chi-Yu|spa|2\n|move|p2a: Arceus|Recover|p2a: Arceus\n|-heal|p2a: Arceus|100\/100\n|\n|-weather|SunnyDay|[upkeep]\n|-damage|p1a: Chi-Yu|0 fnt|[from] psn\n|faint|p1a: Chi-Yu\n|upkeep\n|c|\u2606Bestmaindragonite|gg\n|c|\u2606Lord Femboy|gg\n|\n|t:|1699484615\n|switch|p1a: Magearna|Magearna|91\/100\n|turn|29\n|\n|t:|1699484622\n|move|p2a: Arceus|Body Press|p1a: Magearna\n|-damage|p1a: Magearna|33\/100\n|move|p1a: Magearna|Flash Cannon|p2a: Arceus\n|-supereffective|p2a: Arceus\n|-damage|p2a: Arceus|69\/100\n|\n|-weather|SunnyDay|[upkeep]\n|upkeep\n|turn|30\n|\n|t:|1699484627\n|move|p2a: Arceus|Body Press|p1a: Magearna\n|-damage|p1a: Magearna|0 fnt\n|faint|p1a: Magearna\n|\n|-weather|none\n|upkeep\n|\n|t:|1699484629\n|switch|p1a: Torkoal|Torkoal, F|50\/100 psn\n|-weather|SunnyDay|[from] ability: Drought|[of] p1a: Torkoal\n|turn|31\n|\n|t:|1699484638\n|move|p2a: Arceus|Body Press|p1a: Torkoal\n|-damage|p1a: Torkoal|16\/100 psn\n|move|p1a: Torkoal|Will-O-Wisp|p2a: Arceus\n|-status|p2a: Arceus|brn\n|\n|-weather|SunnyDay|[upkeep]\n|-damage|p1a: Torkoal|4\/100 psn|[from] psn\n|-damage|p2a: Arceus|63\/100 brn|[from] brn\n|upkeep\n|turn|32\n|\n|t:|1699484643\n|move|p2a: Arceus|Body Press|p1a: Torkoal\n|-damage|p1a: Torkoal|0 fnt\n|faint|p1a: Torkoal\n|\n|win|Lord Femboy\n|l|\u2606Bestmaindragonite\n","uploadtime":1699484649,"views":19,"p1id":"bestmaindragonite","p2id":"lordfemboy","formatid":"gen9ubers","rating":0,"private":0,"password":""}