{"id":"gen9ubers-1999918807","p1":"DGENERAT","p2":"PancakePancake","format":"[Gen 9] Ubers","log":"|j|\u2606DGENERAT\n|j|\u2606PancakePancake\n|t:|1701130008\n|gametype|singles\n|player|p1|DGENERAT|guzma|1443\n|player|p2|PancakePancake|waiter-gen4|1496\n|teamsize|p1|6\n|teamsize|p2|6\n|gen|9\n|tier|[Gen 9] Ubers\n|rated|\n|rule|Sleep Clause Mod: Limit one foe put to sleep\n|rule|Species Clause: Limit one of each Pok\u00e9mon\n|rule|OHKO Clause: OHKO moves are banned\n|rule|Evasion Items Clause: Evasion items are banned\n|rule|Evasion Moves Clause: Evasion moves are banned\n|rule|Endless Battle Clause: Forcing endless battles is banned\n|rule|HP Percentage Mod: HP is shown in percentages\n|clearpoke\n|poke|p1|Koraidon|\n|poke|p1|Walking Wake|\n|poke|p1|Clodsire, M|\n|poke|p1|Zacian-*|\n|poke|p1|Giratina-Origin|\n|poke|p1|Skeledirge, M|\n|poke|p2|Walking Wake|\n|poke|p2|Koraidon|\n|poke|p2|Kyogre|\n|poke|p2|Kingambit, M|\n|poke|p2|Giratina-Origin|\n|poke|p2|Arceus-Fairy|\n|teampreview\n|inactive|Battle timer is ON: inactive players will automatically lose when time's up. (requested by DGENERAT)\n|\n|t:|1701130021\n|start\n|switch|p1a: Zacian|Zacian-Crowned|100\/100\n|switch|p2a: Arceus|Arceus-Fairy|100\/100\n|-ability|p1a: Zacian|Intrepid Sword|boost\n|-boost|p1a: Zacian|atk|1\n|turn|1\n|\n|t:|1701130036\n|switch|p2a: Koraidon|Koraidon|100\/100\n|-weather|SunnyDay|[from] ability: Orichalcum Pulse|[of] p2a: Koraidon\n|-activate|p2a: Koraidon|Orichalcum Pulse|[source]\n|move|p1a: Zacian|Behemoth Blade|p2a: Koraidon\n|-damage|p2a: Koraidon|13\/100\n|\n|-weather|SunnyDay|[upkeep]\n|upkeep\n|turn|2\n|\n|t:|1701130041\n|switch|p1a: Skeledirge|Skeledirge, M|100\/100\n|move|p2a: Koraidon|U-turn|p1a: Skeledirge\n|-resisted|p1a: Skeledirge\n|-crit|p1a: Skeledirge\n|-damage|p1a: Skeledirge|93\/100\n|\n|t:|1701130045\n|switch|p2a: Walking Wake|Walking Wake|100\/100|[from] U-turn\n|-activate|p2a: Walking Wake|ability: Protosynthesis\n|-start|p2a: Walking Wake|protosynthesisspe\n|\n|-weather|SunnyDay|[upkeep]\n|upkeep\n|turn|3\n|\n|t:|1701130057\n|switch|p1a: Clodsire|Clodsire, M|100\/100\n|move|p2a: Walking Wake|Draco Meteor|p1a: Clodsire\n|-damage|p1a: Clodsire|52\/100\n|-unboost|p2a: Walking Wake|spa|2\n|\n|-weather|SunnyDay|[upkeep]\n|-heal|p1a: Clodsire|58\/100|[from] item: Leftovers\n|upkeep\n|turn|4\n|\n|t:|1701130062\n|move|p2a: Walking Wake|Draco Meteor|p1a: Clodsire\n|-damage|p1a: Clodsire|32\/100\n|-unboost|p2a: Walking Wake|spa|2\n|move|p1a: Clodsire|Recover|p1a: Clodsire\n|-heal|p1a: Clodsire|82\/100\n|\n|-weather|SunnyDay|[upkeep]\n|-heal|p1a: Clodsire|88\/100|[from] item: Leftovers\n|upkeep\n|turn|5\n|\n|t:|1701130081\n|-end|p2a: Walking Wake|Protosynthesis|[silent]\n|switch|p2a: Giratina|Giratina-Origin|100\/100\n|move|p1a: Clodsire|Spikes|p2a: Giratina\n|-sidestart|p2: PancakePancake|Spikes\n|\n|-weather|none\n|-heal|p1a: Clodsire|94\/100|[from] item: Leftovers\n|upkeep\n|turn|6\n|\n|t:|1701130085\n|switch|p1a: Walking Wake|Walking Wake|100\/100\n|move|p2a: Giratina|Will-O-Wisp|p1a: Walking Wake\n|-status|p1a: Walking Wake|brn\n|\n|-damage|p1a: Walking Wake|94\/100 brn|[from] brn\n|upkeep\n|turn|7\n|\n|t:|1701130094\n|switch|p2a: Arceus|Arceus-Fairy|100\/100\n|-damage|p2a: Arceus|88\/100|[from] Spikes\n|move|p1a: Walking Wake|Flip Turn|p2a: Arceus\n|-damage|p2a: Arceus|84\/100\n|\n|t:|1701130097\n|-end|p1a: Walking Wake|Protosynthesis|[silent]\n|switch|p1a: Zacian|Zacian-Crowned|100\/100|[from] Flip Turn\n|\n|upkeep\n|turn|8\n|\n|t:|1701130107\n|switch|p2a: Giratina|Giratina-Origin|100\/100\n|move|p1a: Zacian|Behemoth Blade|p2a: Giratina\n|-damage|p2a: Giratina|58\/100\n|\n|upkeep\n|turn|9\n|\n|t:|1701130111\n|-terastallize|p2a: Giratina|Steel\n|move|p1a: Zacian|Play Rough|p2a: Giratina\n|-resisted|p2a: Giratina\n|-crit|p2a: Giratina\n|-damage|p2a: Giratina|28\/100\n|move|p2a: Giratina|Will-O-Wisp|p1a: Zacian\n|-status|p1a: Zacian|brn\n|\n|-damage|p1a: Zacian|94\/100 brn|[from] brn\n|upkeep\n|turn|10\n|inactive|PancakePancake has 120 seconds left.\n|\n|t:|1701130151\n|switch|p2a: Kyogre|Kyogre|100\/100\n|-damage|p2a: Kyogre|88\/100|[from] Spikes\n|-weather|RainDance|[from] ability: Drizzle|[of] p2a: Kyogre\n|move|p1a: Zacian|Swords Dance|p1a: Zacian\n|-boost|p1a: Zacian|atk|2\n|\n|-weather|RainDance|[upkeep]\n|-heal|p2a: Kyogre|94\/100|[from] item: Leftovers\n|-damage|p1a: Zacian|88\/100 brn|[from] brn\n|upkeep\n|turn|11\n|inactive|PancakePancake has 120 seconds left.\n|\n|t:|1701130164\n|switch|p1a: Clodsire|Clodsire, M|94\/100\n|move|p2a: Kyogre|Surf|p1a: Clodsire\n|-heal|p1a: Clodsire|100\/100|[from] ability: Water Absorb|[of] p2a: Kyogre\n|\n|-weather|RainDance|[upkeep]\n|-heal|p2a: Kyogre|100\/100|[from] item: Leftovers\n|upkeep\n|turn|12\n|\n|t:|1701130170\n|switch|p2a: Giratina|Giratina-Origin, tera:Steel|28\/100\n|move|p1a: Clodsire|Spikes|p2a: Giratina\n|-sidestart|p2: PancakePancake|Spikes\n|\n|-weather|RainDance|[upkeep]\n|upkeep\n|turn|13\n|\n|t:|1701130174\n|switch|p1a: Walking Wake|Walking Wake|94\/100 brn\n|move|p2a: Giratina|Defog|p1a: Walking Wake\n|-unboost|p1a: Walking Wake|evasion|1\n|-sideend|p2: PancakePancake|Spikes|[from] move: Defog|[of] p2a: Giratina\n|\n|-weather|RainDance|[upkeep]\n|-damage|p1a: Walking Wake|88\/100 brn|[from] brn\n|upkeep\n|turn|14\n|\n|t:|1701130185\n|switch|p2a: Kyogre|Kyogre|100\/100\n|move|p1a: Walking Wake|Hydro Steam|p2a: Kyogre\n|-resisted|p2a: Kyogre\n|-damage|p2a: Kyogre|70\/100\n|\n|-weather|none\n|-heal|p2a: Kyogre|76\/100|[from] item: Leftovers\n|-damage|p1a: Walking Wake|82\/100 brn|[from] brn\n|upkeep\n|turn|15\n|\n|t:|1701130202\n|-end|p1a: Walking Wake|Protosynthesis|[silent]\n|switch|p1a: Clodsire|Clodsire, M|100\/100\n|switch|p2a: Koraidon|Koraidon|13\/100\n|-weather|SunnyDay|[from] ability: Orichalcum Pulse|[of] p2a: Koraidon\n|-activate|p2a: Koraidon|Orichalcum Pulse|[source]\n|\n|-weather|SunnyDay|[upkeep]\n|upkeep\n|turn|16\n|\n|t:|1701130209\n|move|p2a: Koraidon|U-turn|p1a: Clodsire\n|-resisted|p1a: Clodsire\n|-damage|p1a: Clodsire|81\/100\n|\n|t:|1701130212\n|switch|p2a: Giratina|Giratina-Origin, tera:Steel|28\/100|[from] U-turn\n|move|p1a: Clodsire|Spikes|p2a: Giratina\n|-sidestart|p2: PancakePancake|Spikes\n|\n|-weather|SunnyDay|[upkeep]\n|-heal|p1a: Clodsire|88\/100|[from] item: Leftovers\n|upkeep\n|turn|17\n|\n|t:|1701130218\n|switch|p1a: Walking Wake|Walking Wake|82\/100 brn\n|-activate|p1a: Walking Wake|ability: Protosynthesis\n|-start|p1a: Walking Wake|protosynthesisspa\n|move|p2a: Giratina|Defog|p1a: Walking Wake\n|-unboost|p1a: Walking Wake|evasion|1\n|-sideend|p2: PancakePancake|Spikes|[from] move: Defog|[of] p2a: Giratina\n|\n|-weather|SunnyDay|[upkeep]\n|-damage|p1a: Walking Wake|76\/100 brn|[from] brn\n|upkeep\n|turn|18\n|\n|t:|1701130225\n|switch|p2a: Kyogre|Kyogre|76\/100\n|-weather|RainDance|[from] ability: Drizzle|[of] p2a: Kyogre\n|-end|p1a: Walking Wake|Protosynthesis\n|move|p1a: Walking Wake|Draco Meteor|p2a: Kyogre|[miss]\n|-miss|p1a: Walking Wake|p2a: Kyogre\n|\n|-weather|RainDance|[upkeep]\n|-heal|p2a: Kyogre|83\/100|[from] item: Leftovers\n|-damage|p1a: Walking Wake|70\/100 brn|[from] brn\n|upkeep\n|turn|19\n|\n|t:|1701130231\n|move|p1a: Walking Wake|Draco Meteor|p2a: Kyogre\n|-damage|p2a: Kyogre|13\/100\n|-unboost|p1a: Walking Wake|spa|2\n|move|p2a: Kyogre|Calm Mind|p2a: Kyogre\n|-boost|p2a: Kyogre|spa|1\n|-boost|p2a: Kyogre|spd|1\n|\n|-weather|RainDance|[upkeep]\n|-heal|p2a: Kyogre|19\/100|[from] item: Leftovers\n|-damage|p1a: Walking Wake|63\/100 brn|[from] brn\n|upkeep\n|turn|20\n|\n|t:|1701130243\n|switch|p2a: Arceus|Arceus-Fairy|84\/100\n|move|p1a: Walking Wake|Draco Meteor|p2a: Arceus\n|-immune|p2a: Arceus\n|\n|-weather|RainDance|[upkeep]\n|-damage|p1a: Walking Wake|57\/100 brn|[from] brn\n|upkeep\n|turn|21\n|\n|t:|1701130249\n|switch|p2a: Kyogre|Kyogre|19\/100\n|-end|p1a: Walking Wake|Protosynthesis|[silent]\n|switch|p1a: Zacian|Zacian-Crowned|88\/100 brn\n|\n|-weather|RainDance|[upkeep]\n|-heal|p2a: Kyogre|25\/100|[from] item: Leftovers\n|-damage|p1a: Zacian|82\/100 brn|[from] brn\n|upkeep\n|turn|22\n|\n|t:|1701130265\n|move|p1a: Zacian|Swords Dance|p1a: Zacian\n|-boost|p1a: Zacian|atk|2\n|move|p2a: Kyogre|Surf|p1a: Zacian\n|-damage|p1a: Zacian|23\/100 brn\n|\n|-weather|none\n|-heal|p2a: Kyogre|32\/100|[from] item: Leftovers\n|-damage|p1a: Zacian|16\/100 brn|[from] brn\n|upkeep\n|turn|23\n|\n|t:|1701130279\n|switch|p2a: Koraidon|Koraidon|13\/100\n|-weather|SunnyDay|[from] ability: Orichalcum Pulse|[of] p2a: Koraidon\n|-activate|p2a: Koraidon|Orichalcum Pulse|[source]\n|move|p1a: Zacian|Behemoth Blade|p2a: Koraidon\n|-damage|p2a: Koraidon|0 fnt\n|faint|p2a: Koraidon\n|\n|-weather|SunnyDay|[upkeep]\n|-damage|p1a: Zacian|10\/100 brn|[from] brn\n|upkeep\n|\n|t:|1701130282\n|switch|p2a: Walking Wake|Walking Wake|100\/100\n|-activate|p2a: Walking Wake|ability: Protosynthesis\n|-start|p2a: Walking Wake|protosynthesisspe\n|turn|24\n|\n|t:|1701130287\n|switch|p1a: Clodsire|Clodsire, M|88\/100\n|move|p2a: Walking Wake|Draco Meteor|p1a: Clodsire\n|-damage|p1a: Clodsire|33\/100\n|-unboost|p2a: Walking Wake|spa|2\n|\n|-weather|SunnyDay|[upkeep]\n|-heal|p1a: Clodsire|40\/100|[from] item: Leftovers\n|upkeep\n|turn|25\n|\n|t:|1701130297\n|-end|p2a: Walking Wake|Protosynthesis|[silent]\n|switch|p2a: Kingambit|Kingambit, M|100\/100\n|-activate|p2a: Kingambit|ability: Supreme Overlord\n|-start|p2a: Kingambit|fallen1|[silent]\n|move|p1a: Clodsire|Recover|p1a: Clodsire\n|-heal|p1a: Clodsire|90\/100\n|\n|-weather|SunnyDay|[upkeep]\n|-heal|p1a: Clodsire|96\/100|[from] item: Leftovers\n|upkeep\n|turn|26\n|\n|t:|1701130306\n|switch|p1a: Koraidon|Koraidon|100\/100\n|-activate|p1a: Koraidon|ability: Orichalcum Pulse\n|move|p2a: Kingambit|Swords Dance|p2a: Kingambit\n|-boost|p2a: Kingambit|atk|2\n|\n|-weather|SunnyDay|[upkeep]\n|upkeep\n|turn|27\n|\n|t:|1701130314\n|-end|p2a: Kingambit|fallen1|[silent]\n|switch|p2a: Arceus|Arceus-Fairy|84\/100\n|move|p1a: Koraidon|Low Kick|p2a: Arceus\n|-resisted|p2a: Arceus\n|-damage|p2a: Arceus|57\/100\n|\n|-weather|none\n|upkeep\n|turn|28\n|\n|t:|1701130321\n|switch|p1a: Clodsire|Clodsire, M|96\/100\n|move|p2a: Arceus|Stealth Rock|p1a: Clodsire\n|-sidestart|p1: DGENERAT|move: Stealth Rock\n|\n|-heal|p1a: Clodsire|100\/100|[from] item: Leftovers\n|upkeep\n|turn|29\n|\n|t:|1701130324\n|move|p2a: Arceus|Taunt|p1a: Clodsire\n|-start|p1a: Clodsire|move: Taunt\n|cant|p1a: Clodsire|move: Taunt|Toxic\n|\n|upkeep\n|turn|30\n|\n|t:|1701130330\n|switch|p1a: Giratina|Giratina-Origin|100\/100\n|-damage|p1a: Giratina|88\/100|[from] Stealth Rock\n|move|p2a: Arceus|Recover|p2a: Arceus\n|-heal|p2a: Arceus|100\/100\n|\n|upkeep\n|turn|31\n|\n|t:|1701130334\n|move|p2a: Arceus|Taunt|p1a: Giratina\n|-start|p1a: Giratina|move: Taunt\n|cant|p1a: Giratina|move: Taunt|Defog\n|\n|upkeep\n|turn|32\n|\n|t:|1701130347\n|switch|p1a: Clodsire|Clodsire, M|100\/100\n|-damage|p1a: Clodsire|94\/100|[from] Stealth Rock\n|move|p2a: Arceus|Taunt|p1a: Clodsire\n|-start|p1a: Clodsire|move: Taunt\n|\n|-heal|p1a: Clodsire|100\/100|[from] item: Leftovers\n|upkeep\n|turn|33\n|\n|t:|1701130351\n|move|p2a: Arceus|Judgment|p1a: Clodsire\n|-resisted|p1a: Clodsire\n|-damage|p1a: Clodsire|87\/100\n|move|p1a: Clodsire|Earthquake|p2a: Arceus\n|-damage|p2a: Arceus|84\/100\n|\n|-heal|p1a: Clodsire|94\/100|[from] item: Leftovers\n|upkeep\n|turn|34\n|\n|t:|1701130356\n|move|p2a: Arceus|Judgment|p1a: Clodsire\n|-resisted|p1a: Clodsire\n|-damage|p1a: Clodsire|81\/100\n|move|p1a: Clodsire|Earthquake|p2a: Arceus\n|-damage|p2a: Arceus|69\/100\n|\n|-heal|p1a: Clodsire|87\/100|[from] item: Leftovers\n|-end|p1a: Clodsire|move: Taunt\n|upkeep\n|turn|35\n|\n|t:|1701130359\n|move|p2a: Arceus|Taunt|p1a: Clodsire\n|-start|p1a: Clodsire|move: Taunt\n|move|p1a: Clodsire|Earthquake|p2a: Arceus\n|-damage|p2a: Arceus|52\/100\n|\n|-heal|p1a: Clodsire|94\/100|[from] item: Leftovers\n|upkeep\n|turn|36\n|\n|t:|1701130364\n|switch|p1a: Koraidon|Koraidon|100\/100\n|-damage|p1a: Koraidon|94\/100|[from] Stealth Rock\n|-weather|SunnyDay|[from] ability: Orichalcum Pulse|[of] p1a: Koraidon\n|-activate|p1a: Koraidon|Orichalcum Pulse|[source]\n|move|p2a: Arceus|Recover|p2a: Arceus\n|-heal|p2a: Arceus|100\/100\n|\n|-weather|SunnyDay|[upkeep]\n|upkeep\n|turn|37\n|\n|t:|1701130370\n|-terastallize|p1a: Koraidon|Fire\n|move|p1a: Koraidon|Flare Blitz|p2a: Arceus\n|-damage|p2a: Arceus|22\/100\n|-damage|p1a: Koraidon|61\/100|[from] Recoil\n|move|p2a: Arceus|Judgment|p1a: Koraidon\n|-resisted|p1a: Koraidon\n|-damage|p1a: Koraidon|39\/100\n|\n|-weather|SunnyDay|[upkeep]\n|upkeep\n|turn|38\n|\n|t:|1701130385\n|switch|p1a: Walking Wake|Walking Wake|57\/100 brn\n|-damage|p1a: Walking Wake|45\/100 brn|[from] Stealth Rock\n|-activate|p1a: Walking Wake|ability: Protosynthesis\n|-start|p1a: Walking Wake|protosynthesisspa\n|switch|p2a: Giratina|Giratina-Origin, tera:Steel|28\/100\n|\n|-weather|SunnyDay|[upkeep]\n|-damage|p1a: Walking Wake|39\/100 brn|[from] brn\n|upkeep\n|turn|39\n|inactive|PancakePancake has 120 seconds left.\n|\n|t:|1701130420\n|move|p1a: Walking Wake|Hydro Steam|p2a: Giratina\n|-damage|p2a: Giratina|0 fnt\n|faint|p2a: Giratina\n|\n|-weather|SunnyDay|[upkeep]\n|-damage|p1a: Walking Wake|32\/100 brn|[from] brn\n|upkeep\n|inactive|PancakePancake has 120 seconds left.\n|\n|t:|1701130425\n|switch|p2a: Walking Wake|Walking Wake|100\/100\n|-activate|p2a: Walking Wake|ability: Protosynthesis\n|-start|p2a: Walking Wake|protosynthesisspe\n|turn|40\n|inactive|PancakePancake has 120 seconds left.\n|\n|t:|1701130437\n|-end|p1a: Walking Wake|Protosynthesis|[silent]\n|switch|p1a: Zacian|Zacian-Crowned|10\/100 brn\n|-damage|p1a: Zacian|4\/100 brn|[from] Stealth Rock\n|move|p2a: Walking Wake|Draco Meteor|p1a: Zacian\n|-immune|p1a: Zacian\n|\n|-weather|none\n|-end|p2a: Walking Wake|Protosynthesis\n|-damage|p1a: Zacian|0 fnt|[from] brn\n|faint|p1a: Zacian\n|upkeep\n|\n|t:|1701130443\n|switch|p1a: Clodsire|Clodsire, M|94\/100\n|-damage|p1a: Clodsire|87\/100|[from] Stealth Rock\n|turn|41\n|\n|t:|1701130454\n|-end|p2a: Walking Wake|Protosynthesis|[silent]\n|switch|p2a: Kyogre|Kyogre|32\/100\n|-weather|RainDance|[from] ability: Drizzle|[of] p2a: Kyogre\n|move|p1a: Clodsire|Toxic|p2a: Kyogre\n|-status|p2a: Kyogre|tox\n|\n|-weather|RainDance|[upkeep]\n|-heal|p2a: Kyogre|38\/100 tox|[from] item: Leftovers\n|-heal|p1a: Clodsire|94\/100|[from] item: Leftovers\n|-damage|p2a: Kyogre|32\/100 tox|[from] psn\n|upkeep\n|turn|42\n|\n|t:|1701130456\n|move|p2a: Kyogre|Rest|p2a: Kyogre\n|-status|p2a: Kyogre|slp|[from] move: Rest\n|-heal|p2a: Kyogre|100\/100 slp|[silent]\n|move|p1a: Clodsire|Spikes|p2a: Kyogre\n|-sidestart|p2: PancakePancake|Spikes\n|\n|-weather|RainDance|[upkeep]\n|-heal|p1a: Clodsire|99\/100|[from] item: Leftovers\n|upkeep\n|turn|43\n|\n|t:|1701130462\n|switch|p2a: Arceus|Arceus-Fairy|22\/100\n|-damage|p2a: Arceus|10\/100|[from] Spikes\n|move|p1a: Clodsire|Spikes|p2a: Arceus\n|-sidestart|p2: PancakePancake|Spikes\n|\n|-weather|RainDance|[upkeep]\n|-heal|p1a: Clodsire|100\/100|[from] item: Leftovers\n|upkeep\n|turn|44\n|\n|t:|1701130467\n|move|p2a: Arceus|Recover|p2a: Arceus\n|-heal|p2a: Arceus|60\/100\n|move|p1a: Clodsire|Earthquake|p2a: Arceus\n|-damage|p2a: Arceus|42\/100\n|\n|-weather|RainDance|[upkeep]\n|upkeep\n|turn|45\n|\n|t:|1701130470\n|move|p2a: Arceus|Taunt|p1a: Clodsire\n|-start|p1a: Clodsire|move: Taunt\n|move|p1a: Clodsire|Earthquake|p2a: Arceus\n|-damage|p2a: Arceus|26\/100\n|\n|-weather|none\n|upkeep\n|turn|46\n|\n|t:|1701130474\n|move|p2a: Arceus|Recover|p2a: Arceus\n|-heal|p2a: Arceus|76\/100\n|move|p1a: Clodsire|Earthquake|p2a: Arceus\n|-damage|p2a: Arceus|61\/100\n|\n|upkeep\n|turn|47\n|j| vegemite360\n|\n|t:|1701130478\n|move|p2a: Arceus|Judgment|p1a: Clodsire\n|-resisted|p1a: Clodsire\n|-damage|p1a: Clodsire|88\/100\n|move|p1a: Clodsire|Earthquake|p2a: Arceus\n|-damage|p2a: Arceus|45\/100\n|\n|-heal|p1a: Clodsire|94\/100|[from] item: Leftovers\n|-end|p1a: Clodsire|move: Taunt\n|upkeep\n|turn|48\n|\n|t:|1701130481\n|move|p2a: Arceus|Taunt|p1a: Clodsire\n|-start|p1a: Clodsire|move: Taunt\n|move|p1a: Clodsire|Earthquake|p2a: Arceus\n|-damage|p2a: Arceus|30\/100\n|\n|-heal|p1a: Clodsire|100\/100|[from] item: Leftovers\n|upkeep\n|turn|49\n|\n|t:|1701130483\n|move|p2a: Arceus|Recover|p2a: Arceus\n|-heal|p2a: Arceus|80\/100\n|move|p1a: Clodsire|Earthquake|p2a: Arceus\n|-damage|p2a: Arceus|64\/100\n|\n|upkeep\n|turn|50\n|\n|t:|1701130485\n|move|p2a: Arceus|Recover|p2a: Arceus\n|-heal|p2a: Arceus|100\/100\n|move|p1a: Clodsire|Earthquake|p2a: Arceus\n|-damage|p2a: Arceus|85\/100\n|\n|-end|p1a: Clodsire|move: Taunt\n|upkeep\n|turn|51\n|\n|t:|1701130493\n|switch|p2a: Kyogre|Kyogre|100\/100 slp\n|-damage|p2a: Kyogre|84\/100 slp|[from] Spikes\n|-weather|RainDance|[from] ability: Drizzle|[of] p2a: Kyogre\n|move|p1a: Clodsire|Earthquake|p2a: Kyogre\n|-damage|p2a: Kyogre|65\/100 slp\n|\n|-weather|RainDance|[upkeep]\n|-heal|p2a: Kyogre|71\/100 slp|[from] item: Leftovers\n|upkeep\n|turn|52\n|\n|t:|1701130496\n|switch|p1a: Koraidon|Koraidon, tera:Fire|39\/100\n|-damage|p1a: Koraidon|14\/100|[from] Stealth Rock\n|-weather|SunnyDay|[from] ability: Orichalcum Pulse|[of] p1a: Koraidon\n|-activate|p1a: Koraidon|Orichalcum Pulse|[source]\n|cant|p2a: Kyogre|slp\n|\n|-weather|SunnyDay|[upkeep]\n|-heal|p2a: Kyogre|78\/100 slp|[from] item: Leftovers\n|upkeep\n|turn|53\n|\n|t:|1701130502\n|switch|p2a: Arceus|Arceus-Fairy|85\/100\n|-damage|p2a: Arceus|68\/100|[from] Spikes\n|move|p1a: Koraidon|Low Kick|p2a: Arceus\n|-resisted|p2a: Arceus\n|-damage|p2a: Arceus|44\/100\n|\n|-weather|SunnyDay|[upkeep]\n|upkeep\n|turn|54\n|\n|t:|1701130514\n|switch|p1a: Clodsire|Clodsire, M|100\/100\n|-damage|p1a: Clodsire|94\/100|[from] Stealth Rock\n|move|p2a: Arceus|Recover|p2a: Arceus\n|-heal|p2a: Arceus|94\/100\n|\n|-weather|SunnyDay|[upkeep]\n|-heal|p1a: Clodsire|100\/100|[from] item: Leftovers\n|upkeep\n|turn|55\n|\n|t:|1701130517\n|switch|p2a: Kyogre|Kyogre|78\/100 slp\n|-damage|p2a: Kyogre|61\/100 slp|[from] Spikes\n|-weather|RainDance|[from] ability: Drizzle|[of] p2a: Kyogre\n|move|p1a: Clodsire|Earthquake|p2a: Kyogre\n|-damage|p2a: Kyogre|41\/100 slp\n|\n|-weather|RainDance|[upkeep]\n|-heal|p2a: Kyogre|48\/100 slp|[from] item: Leftovers\n|upkeep\n|turn|56\n|\n|t:|1701130527\n|cant|p2a: Kyogre|slp\n|move|p1a: Clodsire|Spikes|p2a: Kyogre\n|-sidestart|p2: PancakePancake|Spikes\n|\n|-weather|RainDance|[upkeep]\n|-heal|p2a: Kyogre|54\/100 slp|[from] item: Leftovers\n|upkeep\n|turn|57\n|\n|t:|1701130534\n|-curestatus|p2a: Kyogre|slp|[msg]\n|move|p2a: Kyogre|Calm Mind|p2a: Kyogre\n|-boost|p2a: Kyogre|spa|1\n|-boost|p2a: Kyogre|spd|1\n|move|p1a: Clodsire|Earthquake|p2a: Kyogre\n|-damage|p2a: Kyogre|35\/100\n|\n|-weather|RainDance|[upkeep]\n|-heal|p2a: Kyogre|41\/100|[from] item: Leftovers\n|upkeep\n|turn|58\n|\n|t:|1701130537\n|move|p2a: Kyogre|Ice Beam|p1a: Clodsire\n|-supereffective|p1a: Clodsire\n|-damage|p1a: Clodsire|54\/100\n|move|p1a: Clodsire|Toxic|p2a: Kyogre\n|-status|p2a: Kyogre|tox\n|\n|-weather|RainDance|[upkeep]\n|-heal|p2a: Kyogre|48\/100 tox|[from] item: Leftovers\n|-heal|p1a: Clodsire|60\/100|[from] item: Leftovers\n|-damage|p2a: Kyogre|41\/100 tox|[from] psn\n|upkeep\n|turn|59\n|\n|t:|1701130542\n|move|p2a: Kyogre|Rest|p2a: Kyogre\n|-status|p2a: Kyogre|slp|[from] move: Rest\n|-heal|p2a: Kyogre|100\/100 slp|[silent]\n|move|p1a: Clodsire|Recover|p1a: Clodsire\n|-heal|p1a: Clodsire|100\/100\n|\n|-weather|none\n|upkeep\n|turn|60\n|\n|t:|1701130546\n|switch|p1a: Giratina|Giratina-Origin|88\/100\n|-damage|p1a: Giratina|75\/100|[from] Stealth Rock\n|cant|p2a: Kyogre|slp\n|\n|upkeep\n|turn|61\n|\n|t:|1701130561\n|cant|p2a: Kyogre|slp\n|move|p1a: Giratina|Defog|p2a: Kyogre\n|-unboost|p2a: Kyogre|evasion|1\n|-sideend|p2: PancakePancake|Spikes|[from] move: Defog|[of] p1a: Giratina\n|-sideend|p1: DGENERAT|Stealth Rock|[from] move: Defog|[of] p1a: Giratina\n|\n|upkeep\n|turn|62\n|\n|t:|1701130574\n|-curestatus|p2a: Kyogre|slp|[msg]\n|move|p2a: Kyogre|Ice Beam|p1a: Giratina\n|-supereffective|p1a: Giratina\n|-damage|p1a: Giratina|17\/100\n|move|p1a: Giratina|Dragon Tail|p2a: Kyogre\n|-damage|p2a: Kyogre|80\/100\n|drag|p2a: Arceus|Arceus-Fairy|94\/100\n|\n|upkeep\n|turn|63\n|\n|t:|1701130585\n|switch|p1a: Clodsire|Clodsire, M|100\/100\n|move|p2a: Arceus|Stealth Rock|p1a: Clodsire\n|-sidestart|p1: DGENERAT|move: Stealth Rock\n|\n|upkeep\n|turn|64\n|-message|DGENERAT forfeited.\n|\n|win|PancakePancake\n|raw|DGENERAT's rating: 1443 &rarr; <strong>1426<\/strong><br \/>(-17 for losing)\n|raw|PancakePancake's rating: 1496 &rarr; <strong>1513<\/strong><br \/>(+17 for winning)\n|l|\u2606DGENERAT\n","uploadtime":1701130608,"views":3,"p1id":"dgenerat","p2id":"pancakepancake","formatid":"gen9ubers","rating":1426,"private":0,"password":""}