{"id":"gen9ubers-1975263199","p1":"Anne Frankkkk","p2":"Shiniqua1780","format":"[Gen 9] Ubers","log":"|j|\u2606Anne Frankkkk\n|j|\u2606Shiniqua1780\n|t:|1698174687\n|gametype|singles\n|player|p1|Anne Frankkkk|hilbert|1162\n|player|p2|Shiniqua1780|102|1092\n|teamsize|p1|6\n|teamsize|p2|6\n|gen|9\n|tier|[Gen 9] Ubers\n|rated|\n|rule|Sleep Clause Mod: Limit one foe put to sleep\n|rule|Species Clause: Limit one of each Pok\u00e9mon\n|rule|OHKO Clause: OHKO moves are banned\n|rule|Evasion Items Clause: Evasion items are banned\n|rule|Evasion Moves Clause: Evasion moves are banned\n|rule|Endless Battle Clause: Forcing endless battles is banned\n|rule|HP Percentage Mod: HP is shown in percentages\n|clearpoke\n|poke|p1|Iron Hands|\n|poke|p1|Kyogre|\n|poke|p1|Chien-Pao|\n|poke|p1|Ribombee, F|\n|poke|p1|Miraidon|\n|poke|p1|Flutter Mane|\n|poke|p2|Empoleon, F|\n|poke|p2|Ninetales-Alola, M|\n|poke|p2|Roaring Moon|\n|poke|p2|Ursaluna-Bloodmoon, M|\n|poke|p2|Iron Valiant|\n|poke|p2|Glimmora, M|\n|teampreview\n|\n|t:|1698174692\n|start\n|switch|p1a: Iron Hands|Iron Hands, shiny|100\/100\n|switch|p2a: Ninetales|Ninetales-Alola, M|100\/100\n|-weather|Snow|[from] ability: Snow Warning|[of] p2a: Ninetales\n|turn|1\n|\n|t:|1698174704\n|switch|p2a: Roaring Moon|Roaring Moon|100\/100\n|-enditem|p2a: Roaring Moon|Booster Energy\n|-activate|p2a: Roaring Moon|ability: Protosynthesis|[fromitem]\n|-start|p2a: Roaring Moon|protosynthesisatk\n|move|p1a: Iron Hands|Heavy Slam|p2a: Roaring Moon\n|-damage|p2a: Roaring Moon|80\/100\n|\n|-weather|Snow|[upkeep]\n|upkeep\n|turn|2\n|\n|t:|1698174715\n|move|p2a: Roaring Moon|Dragon Dance|p2a: Roaring Moon\n|-boost|p2a: Roaring Moon|atk|1\n|-boost|p2a: Roaring Moon|spe|1\n|move|p1a: Iron Hands|Drain Punch|p2a: Roaring Moon\n|-supereffective|p2a: Roaring Moon\n|-damage|p2a: Roaring Moon|0 fnt\n|faint|p2a: Roaring Moon\n|-end|p2a: Roaring Moon|Protosynthesis|[silent]\n|\n|-weather|Snow|[upkeep]\n|upkeep\n|\n|t:|1698174723\n|switch|p2a: Ursaluna|Ursaluna-Bloodmoon, M|100\/100\n|turn|3\n|\n|t:|1698174728\n|-terastallize|p2a: Ursaluna|Poison\n|move|p2a: Ursaluna|Calm Mind|p2a: Ursaluna\n|-boost|p2a: Ursaluna|spa|1\n|-boost|p2a: Ursaluna|spd|1\n|move|p1a: Iron Hands|Drain Punch|p2a: Ursaluna\n|-resisted|p2a: Ursaluna\n|-damage|p2a: Ursaluna|87\/100\n|\n|-weather|Snow|[upkeep]\n|-heal|p2a: Ursaluna|94\/100|[from] item: Leftovers\n|upkeep\n|turn|4\n|inactive|Battle timer is ON: inactive players will automatically lose when time's up. (requested by Anne Frankkkk)\n|\n|t:|1698174732\n|move|p2a: Ursaluna|Calm Mind|p2a: Ursaluna\n|-boost|p2a: Ursaluna|spa|1\n|-boost|p2a: Ursaluna|spd|1\n|move|p1a: Iron Hands|Wild Charge|p2a: Ursaluna\n|-damage|p2a: Ursaluna|62\/100\n|-damage|p1a: Iron Hands|94\/100|[from] Recoil\n|\n|-weather|Snow|[upkeep]\n|-heal|p2a: Ursaluna|68\/100|[from] item: Leftovers\n|upkeep\n|turn|5\n|\n|t:|1698174738\n|move|p2a: Ursaluna|Earth Power|p1a: Iron Hands\n|-supereffective|p1a: Iron Hands\n|-damage|p1a: Iron Hands|0 fnt\n|faint|p1a: Iron Hands\n|-end|p1a: Iron Hands|Quark Drive|[silent]\n|\n|-weather|none\n|-heal|p2a: Ursaluna|74\/100|[from] item: Leftovers\n|upkeep\n|\n|t:|1698174744\n|switch|p1a: Ribombee|Ribombee, F, shiny|100\/100\n|turn|6\n|\n|t:|1698174756\n|move|p1a: Ribombee|Sticky Web|p2a: Ursaluna\n|-sidestart|p2: Shiniqua1780|move: Sticky Web\n|move|p2a: Ursaluna|Blood Moon|p1a: Ribombee\n|-enditem|p1a: Ribombee|Focus Sash\n|-damage|p1a: Ribombee|1\/100\n|\n|-heal|p2a: Ursaluna|80\/100|[from] item: Leftovers\n|upkeep\n|turn|7\n|\n|t:|1698174762\n|move|p1a: Ribombee|Stun Spore|p2a: Ursaluna\n|-status|p2a: Ursaluna|par\n|move|p2a: Ursaluna|Calm Mind|p2a: Ursaluna\n|-boost|p2a: Ursaluna|spa|1\n|-boost|p2a: Ursaluna|spd|1\n|\n|-heal|p2a: Ursaluna|86\/100 par|[from] item: Leftovers\n|upkeep\n|turn|8\n|\n|t:|1698174769\n|move|p1a: Ribombee|Moonblast|p2a: Ursaluna\n|-resisted|p2a: Ursaluna\n|-damage|p2a: Ursaluna|77\/100 par\n|cant|p2a: Ursaluna|par\n|\n|-heal|p2a: Ursaluna|83\/100 par|[from] item: Leftovers\n|upkeep\n|turn|9\n|\n|t:|1698174773\n|move|p1a: Ribombee|Moonblast|p2a: Ursaluna\n|-resisted|p2a: Ursaluna\n|-damage|p2a: Ursaluna|74\/100 par\n|-unboost|p2a: Ursaluna|spa|1\n|move|p2a: Ursaluna|Earth Power|p1a: Ribombee\n|-resisted|p1a: Ribombee\n|-damage|p1a: Ribombee|0 fnt\n|faint|p1a: Ribombee\n|\n|-heal|p2a: Ursaluna|80\/100 par|[from] item: Leftovers\n|upkeep\n|\n|t:|1698174781\n|switch|p1a: Chien-Pao|Chien-Pao|100\/100\n|-ability|p1a: Chien-Pao|Sword of Ruin\n|turn|10\n|\n|t:|1698174785\n|move|p1a: Chien-Pao|Ice Spinner|p2a: Ursaluna\n|-damage|p2a: Ursaluna|39\/100 par\n|-damage|p1a: Chien-Pao|91\/100|[from] item: Life Orb\n|cant|p2a: Ursaluna|par\n|\n|-heal|p2a: Ursaluna|45\/100 par|[from] item: Leftovers\n|upkeep\n|turn|11\n|\n|t:|1698174790\n|move|p1a: Chien-Pao|Ice Spinner|p2a: Ursaluna\n|-damage|p2a: Ursaluna|0 fnt\n|faint|p2a: Ursaluna\n|-damage|p1a: Chien-Pao|81\/100|[from] item: Life Orb\n|\n|upkeep\n|\n|t:|1698174799\n|switch|p2a: Tawaki|Empoleon, F|100\/100\n|-activate|p2a: Tawaki|move: Sticky Web\n|-unboost|p2a: Tawaki|spe|1\n|-ability|p2a: Tawaki|Competitive|boost\n|-boost|p2a: Tawaki|spa|2\n|turn|12\n|\n|t:|1698174803\n|move|p1a: Chien-Pao|Sacred Sword|p2a: Tawaki\n|-supereffective|p2a: Tawaki\n|-damage|p2a: Tawaki|0 fnt\n|faint|p2a: Tawaki\n|-damage|p1a: Chien-Pao|71\/100|[from] item: Life Orb\n|\n|upkeep\n|\n|t:|1698174807\n|switch|p2a: Glimmora|Glimmora, M|100\/100\n|-activate|p2a: Glimmora|move: Sticky Web\n|-unboost|p2a: Glimmora|spe|1\n|turn|13\n|\n|t:|1698174810\n|move|p1a: Chien-Pao|Ice Spinner|p2a: Glimmora\n|-damage|p2a: Glimmora|6\/100\n|-activate|p2a: Glimmora|ability: Toxic Debris\n|-sidestart|p1: Anne Frankkkk|move: Toxic Spikes\n|-damage|p1a: Chien-Pao|61\/100|[from] item: Life Orb\n|move|p2a: Glimmora|Power Gem|p1a: Chien-Pao\n|-supereffective|p1a: Chien-Pao\n|-crit|p1a: Chien-Pao\n|-damage|p1a: Chien-Pao|0 fnt\n|faint|p1a: Chien-Pao\n|\n|upkeep\n|\n|t:|1698174817\n|switch|p1a: Kyogre|Kyogre|100\/100\n|-status|p1a: Kyogre|psn\n|-weather|RainDance|[from] ability: Drizzle|[of] p1a: Kyogre\n|turn|14\n|\n|t:|1698174820\n|move|p1a: Kyogre|Water Spout|p2a: Glimmora\n|-supereffective|p2a: Glimmora\n|-damage|p2a: Glimmora|0 fnt\n|faint|p2a: Glimmora\n|\n|-weather|RainDance|[upkeep]\n|-damage|p1a: Kyogre|88\/100 psn|[from] psn\n|upkeep\n|\n|t:|1698174823\n|switch|p2a: Ninetales|Ninetales-Alola, M|100\/100\n|-activate|p2a: Ninetales|move: Sticky Web\n|-unboost|p2a: Ninetales|spe|1\n|-weather|Snow|[from] ability: Snow Warning|[of] p2a: Ninetales\n|turn|15\n|\n|t:|1698174826\n|-terastallize|p1a: Kyogre|Water\n|move|p1a: Kyogre|Water Spout|p2a: Ninetales\n|-damage|p2a: Ninetales|0 fnt\n|faint|p2a: Ninetales\n|\n|-weather|Snow|[upkeep]\n|-damage|p1a: Kyogre|76\/100 psn|[from] psn\n|upkeep\n|-message|Shiniqua1780 forfeited.\n|\n|win|Anne Frankkkk\n|raw|Anne Frankkkk's rating: 1162 &rarr; <strong>1182<\/strong><br \/>(+20 for winning)\n|raw|Shiniqua1780's rating: 1092 &rarr; <strong>1073<\/strong><br \/>(-19 for losing)\n|l|\u2606Shiniqua1780\n","uploadtime":1698174835,"views":6,"p1id":"annefrankkkk","p2id":"shiniqua1780","formatid":"gen9ubers","rating":1073,"private":0,"password":""}