{"id":"gen9ubers-1983480757","p1":"IoSonoNeon","p2":"Abel020403","format":"[Gen 9] Ubers","log":"|j|\u2606IoSonoNeon\n|j|\u2606Abel020403\n|t:|1699134697\n|gametype|singles\n|player|p1|IoSonoNeon|#dpppliii|\n|player|p2|Abel020403|lucas|\n|teamsize|p1|6\n|teamsize|p2|6\n|gen|9\n|tier|[Gen 9] Ubers\n|rated|Tournament battle\n|rule|Sleep Clause Mod: Limit one foe put to sleep\n|rule|Species Clause: Limit one of each Pok\u00e9mon\n|rule|OHKO Clause: OHKO moves are banned\n|rule|Evasion Items Clause: Evasion items are banned\n|rule|Evasion Moves Clause: Evasion moves are banned\n|rule|Endless Battle Clause: Forcing endless battles is banned\n|rule|HP Percentage Mod: HP is shown in percentages\n|clearpoke\n|poke|p1|Glimmora, F|\n|poke|p1|Koraidon|\n|poke|p1|Ogerpon-Hearthflame, F|\n|poke|p1|Arceus-Ground|\n|poke|p1|Flutter Mane|\n|poke|p1|Kingambit, M|\n|poke|p2|Koraidon|\n|poke|p2|Zacian-*|\n|poke|p2|Flutter Mane|\n|poke|p2|Groudon|\n|poke|p2|Arceus|\n|poke|p2|Urshifu-*, M|\n|teampreview\n|inactive|Battle timer is ON: inactive players will automatically lose when time's up. (requested by IoSonoNeon)\n|\n|t:|1699134743\n|start\n|switch|p1a: Glimmora|Glimmora, F|100\/100\n|switch|p2a: Urshifu|Urshifu, M|100\/100\n|turn|1\n|\n|t:|1699134751\n|move|p1a: Glimmora|Stealth Rock|p2a: Urshifu\n|-sidestart|p2: Abel020403|move: Stealth Rock\n|move|p2a: Urshifu|Close Combat|p1a: Glimmora\n|-damage|p1a: Glimmora|16\/100\n|-unboost|p2a: Urshifu|def|1\n|-unboost|p2a: Urshifu|spd|1\n|-activate|p1a: Glimmora|ability: Toxic Debris\n|-sidestart|p2: Abel020403|move: Toxic Spikes\n|\n|upkeep\n|turn|2\n|\n|t:|1699134754\n|move|p1a: Glimmora|Mortal Spin|p2a: Urshifu\n|-damage|p2a: Urshifu|91\/100\n|-status|p2a: Urshifu|psn\n|move|p2a: Urshifu|Close Combat|p1a: Glimmora\n|-damage|p1a: Glimmora|0 fnt\n|-unboost|p2a: Urshifu|def|1\n|-unboost|p2a: Urshifu|spd|1\n|-activate|p1a: Glimmora|ability: Toxic Debris\n|-sidestart|p2: Abel020403|move: Toxic Spikes\n|faint|p1a: Glimmora\n|\n|-damage|p2a: Urshifu|79\/100 psn|[from] psn\n|upkeep\n|\n|t:|1699134767\n|switch|p1a: Koraidon|Koraidon|100\/100\n|-weather|SunnyDay|[from] ability: Orichalcum Pulse|[of] p1a: Koraidon\n|-activate|p1a: Koraidon|Orichalcum Pulse|[source]\n|turn|3\n|j|#sparksblade\n|inactive|Abel020403 has 120 seconds left.\n|\n|t:|1699134815\n|switch|p2a: Flutter Mane|Flutter Mane|100\/100\n|-damage|p2a: Flutter Mane|88\/100|[from] Stealth Rock\n|-status|p2a: Flutter Mane|tox\n|-activate|p2a: Flutter Mane|ability: Protosynthesis\n|-start|p2a: Flutter Mane|protosynthesisspe\n|move|p1a: Koraidon|Scale Shot|p2a: Flutter Mane\n|-immune|p2a: Flutter Mane\n|\n|-weather|SunnyDay|[upkeep]\n|-damage|p2a: Flutter Mane|82\/100 tox|[from] psn\n|upkeep\n|turn|4\n|\n|t:|1699134823\n|switch|p1a: Kingambit|Kingambit, M|100\/100\n|-activate|p1a: Kingambit|ability: Supreme Overlord\n|-start|p1a: Kingambit|fallen1|[silent]\n|move|p2a: Flutter Mane|Moonblast|p1a: Kingambit\n|-damage|p1a: Kingambit|48\/100\n|-unboost|p1a: Kingambit|spa|1\n|\n|-weather|SunnyDay|[upkeep]\n|-heal|p1a: Kingambit|55\/100|[from] item: Leftovers\n|-damage|p2a: Flutter Mane|70\/100 tox|[from] psn\n|upkeep\n|turn|5\n|\n|t:|1699134827\n|move|p1a: Kingambit|Sucker Punch|p2a: Flutter Mane\n|-damage|p2a: Flutter Mane|0 fnt\n|faint|p2a: Flutter Mane\n|-end|p2a: Flutter Mane|Protosynthesis|[silent]\n|\n|-weather|SunnyDay|[upkeep]\n|-heal|p1a: Kingambit|61\/100|[from] item: Leftovers\n|upkeep\n|inactive|Abel020403 has 120 seconds left.\n|\n|t:|1699134834\n|switch|p2a: Koraidon|Koraidon|100\/100\n|-damage|p2a: Koraidon|94\/100|[from] Stealth Rock\n|-status|p2a: Koraidon|tox\n|-activate|p2a: Koraidon|ability: Orichalcum Pulse\n|turn|6\n|\n|t:|1699134838\n|-end|p1a: Kingambit|fallen1|[silent]\n|switch|p1a: Flutter Mane|Flutter Mane|100\/100\n|-activate|p1a: Flutter Mane|ability: Protosynthesis\n|-start|p1a: Flutter Mane|protosynthesisspe\n|move|p2a: Koraidon|Flame Charge|p1a: Flutter Mane\n|-damage|p1a: Flutter Mane|0 fnt\n|-boost|p2a: Koraidon|spe|1\n|faint|p1a: Flutter Mane\n|-end|p1a: Flutter Mane|Protosynthesis|[silent]\n|-damage|p2a: Koraidon|84\/100 tox|[from] item: Life Orb\n|\n|-weather|SunnyDay|[upkeep]\n|-damage|p2a: Koraidon|78\/100 tox|[from] psn\n|upkeep\n|\n|t:|1699134852\n|switch|p1a: Ogerpon|Ogerpon-Hearthflame, F|100\/100\n|-ability|p1a: Ogerpon|Mold Breaker\n|turn|7\n|\n|t:|1699134858\n|move|p2a: Koraidon|Swords Dance|p2a: Koraidon\n|-boost|p2a: Koraidon|atk|2\n|move|p1a: Ogerpon|Play Rough|p2a: Koraidon\n|-supereffective|p2a: Koraidon\n|-damage|p2a: Koraidon|0 fnt\n|faint|p2a: Koraidon\n|\n|-weather|none\n|upkeep\n|\n|t:|1699134865\n|switch|p2a: Arceus|Arceus|100\/100\n|-damage|p2a: Arceus|88\/100|[from] Stealth Rock\n|-status|p2a: Arceus|tox\n|turn|8\n|\n|t:|1699134867\n|move|p2a: Arceus|Extreme Speed|p1a: Ogerpon\n|-damage|p1a: Ogerpon|38\/100\n|move|p1a: Ogerpon|Ivy Cudgel|p2a: Arceus\n|-damage|p2a: Arceus|45\/100 tox\n|\n|-damage|p2a: Arceus|39\/100 tox|[from] psn\n|upkeep\n|turn|9\n|\n|t:|1699134873\n|switch|p1a: Kingambit|Kingambit, M|61\/100\n|-activate|p1a: Kingambit|ability: Supreme Overlord\n|-start|p1a: Kingambit|fallen2|[silent]\n|move|p2a: Arceus|Extreme Speed|p1a: Kingambit\n|-resisted|p1a: Kingambit\n|-damage|p1a: Kingambit|43\/100\n|\n|-heal|p1a: Kingambit|49\/100|[from] item: Leftovers\n|-damage|p2a: Arceus|27\/100 tox|[from] psn\n|upkeep\n|turn|10\n|\n|t:|1699134881\n|move|p1a: Kingambit|Sucker Punch||[still]\n|-fail|p1a: Kingambit\n|move|p2a: Arceus|Taunt|p1a: Kingambit\n|-start|p1a: Kingambit|move: Taunt\n|\n|-heal|p1a: Kingambit|55\/100|[from] item: Leftovers\n|-damage|p2a: Arceus|9\/100 tox|[from] psn\n|upkeep\n|turn|11\n|\n|t:|1699134887\n|move|p2a: Arceus|Extreme Speed|p1a: Kingambit\n|-resisted|p1a: Kingambit\n|-damage|p1a: Kingambit|37\/100\n|move|p1a: Kingambit|Kowtow Cleave|p2a: Arceus\n|-damage|p2a: Arceus|0 fnt\n|faint|p2a: Arceus\n|\n|-heal|p1a: Kingambit|44\/100|[from] item: Leftovers\n|upkeep\n|\n|t:|1699134893\n|switch|p2a: Urshifu|Urshifu, M|79\/100 psn\n|-damage|p2a: Urshifu|72\/100 psn|[from] Stealth Rock\n|turn|12\n|\n|t:|1699134895\n|move|p1a: Kingambit|Sucker Punch||[still]\n|-fail|p1a: Kingambit\n|move|p2a: Urshifu|Bulk Up|p2a: Urshifu\n|-boost|p2a: Urshifu|atk|1\n|-boost|p2a: Urshifu|def|1\n|\n|-heal|p1a: Kingambit|50\/100|[from] item: Leftovers\n|-damage|p2a: Urshifu|60\/100 psn|[from] psn\n|upkeep\n|turn|13\n|\n|t:|1699134900\n|move|p2a: Urshifu|Close Combat|p1a: Kingambit\n|-supereffective|p1a: Kingambit\n|-damage|p1a: Kingambit|0 fnt\n|-unboost|p2a: Urshifu|def|1\n|-unboost|p2a: Urshifu|spd|1\n|faint|p1a: Kingambit\n|-end|p1a: Kingambit|fallen2|[silent]\n|\n|-damage|p2a: Urshifu|48\/100 psn|[from] psn\n|upkeep\n|\n|t:|1699134904\n|switch|p1a: Koraidon|Koraidon|100\/100\n|-weather|SunnyDay|[from] ability: Orichalcum Pulse|[of] p1a: Koraidon\n|-activate|p1a: Koraidon|Orichalcum Pulse|[source]\n|turn|14\n|\n|t:|1699134908\n|switch|p2a: Groudon|Groudon|100\/100\n|-damage|p2a: Groudon|94\/100|[from] Stealth Rock\n|-status|p2a: Groudon|tox\n|move|p1a: Koraidon|Low Kick|p2a: Groudon\n|-damage|p2a: Groudon|28\/100 tox\n|\n|-weather|SunnyDay|[upkeep]\n|-heal|p2a: Groudon|35\/100 tox|[from] item: Leftovers\n|-damage|p2a: Groudon|28\/100 tox|[from] psn\n|upkeep\n|turn|15\n|\n|t:|1699134912\n|move|p1a: Koraidon|Scale Shot|p2a: Groudon\n|-damage|p2a: Groudon|15\/100 tox\n|-damage|p2a: Groudon|2\/100 tox\n|-damage|p2a: Groudon|0 fnt\n|faint|p2a: Groudon\n|-hitcount|p2: Groudon|3\n|-unboost|p1a: Koraidon|def|1\n|-boost|p1a: Koraidon|spe|1\n|\n|-weather|SunnyDay|[upkeep]\n|upkeep\n|\n|t:|1699134917\n|switch|p2a: Zacian|Zacian-Crowned|100\/100\n|-damage|p2a: Zacian|94\/100|[from] Stealth Rock\n|-ability|p2a: Zacian|Intrepid Sword|boost\n|-boost|p2a: Zacian|atk|1\n|turn|16\n|\n|t:|1699134919\n|-terastallize|p1a: Koraidon|Fire\n|-terastallize|p2a: Zacian|Fairy\n|move|p1a: Koraidon|Flare Blitz|p2a: Zacian\n|-damage|p2a: Zacian|0 fnt\n|faint|p2a: Zacian\n|-damage|p1a: Koraidon|71\/100|[from] Recoil\n|\n|-weather|SunnyDay|[upkeep]\n|upkeep\n|\n|t:|1699134924\n|switch|p2a: Urshifu|Urshifu, M|48\/100 psn\n|-damage|p2a: Urshifu|42\/100 psn|[from] Stealth Rock\n|turn|17\n|j| Future king of ou\n|\n|t:|1699134928\n|move|p2a: Urshifu|Sucker Punch|p1a: Koraidon\n|-damage|p1a: Koraidon|14\/100\n|move|p1a: Koraidon|Low Kick|p2a: Urshifu\n|-supereffective|p2a: Urshifu\n|-damage|p2a: Urshifu|0 fnt\n|faint|p2a: Urshifu\n|\n|win|IoSonoNeon\n|n|\u2606IoSonoNeon|iosononeon\n|n|\u2606Abel020403|abel020403\n|n|%sparksblade|sparksblade\n|n| Future king of ou|futurekingofou\n","uploadtime":1699134929,"views":9,"p1id":"iosononeon","p2id":"abel020403","formatid":"gen9ubers","rating":0,"private":0,"password":""}