{"id":"gen9ubers-1977089352","p1":"Deriverse","p2":"Yowkuw","format":"[Gen 9] Ubers","log":"|j|\u2606Deriverse\n|j|\u2606Yowkuw\n|t:|1698370331\n|gametype|singles\n|player|p1|Deriverse|roxanne|1260\n|player|p2|Yowkuw|veteran|1340\n|teamsize|p1|6\n|teamsize|p2|6\n|gen|9\n|tier|[Gen 9] Ubers\n|rated|\n|rule|Sleep Clause Mod: Limit one foe put to sleep\n|rule|Species Clause: Limit one of each Pok\u00e9mon\n|rule|OHKO Clause: OHKO moves are banned\n|rule|Evasion Items Clause: Evasion items are banned\n|rule|Evasion Moves Clause: Evasion moves are banned\n|rule|Endless Battle Clause: Forcing endless battles is banned\n|rule|HP Percentage Mod: HP is shown in percentages\n|clearpoke\n|poke|p1|Shaymin-Sky|\n|poke|p1|Flutter Mane|\n|poke|p1|Groudon|\n|poke|p1|Chi-Yu|\n|poke|p1|Ribombee, F|\n|poke|p1|Great Tusk|\n|poke|p2|Volcarona, M|\n|poke|p2|Kingambit, M|\n|poke|p2|Shaymin-Sky|\n|poke|p2|Rotom-Wash|\n|poke|p2|Glimmora, F|\n|poke|p2|Iron Valiant|\n|teampreview\n|inactive|Battle timer is ON: inactive players will automatically lose when time's up. (requested by Deriverse)\n|\n|t:|1698370344\n|start\n|switch|p1a: Flutter Mane|Flutter Mane|100\/100\n|switch|p2a: Amethyst|Glimmora, F|100\/100\n|turn|1\n|\n|t:|1698370351\n|move|p1a: Flutter Mane|Substitute|p1a: Flutter Mane\n|-start|p1a: Flutter Mane|Substitute\n|-damage|p1a: Flutter Mane|76\/100\n|move|p2a: Amethyst|Sludge Wave|p1a: Flutter Mane\n|-end|p1a: Flutter Mane|Substitute\n|\n|-heal|p1a: Flutter Mane|82\/100|[from] item: Leftovers\n|upkeep\n|turn|2\n|\n|t:|1698370359\n|move|p1a: Flutter Mane|Calm Mind|p1a: Flutter Mane\n|-boost|p1a: Flutter Mane|spa|1\n|-boost|p1a: Flutter Mane|spd|1\n|move|p2a: Amethyst|Sludge Wave|p1a: Flutter Mane\n|-damage|p1a: Flutter Mane|47\/100\n|\n|-heal|p1a: Flutter Mane|53\/100|[from] item: Leftovers\n|upkeep\n|turn|3\n|\n|t:|1698370369\n|move|p1a: Flutter Mane|Shadow Ball|p2a: Amethyst\n|-damage|p2a: Amethyst|18\/100\n|move|p2a: Amethyst|Stealth Rock|p1a: Flutter Mane\n|-sidestart|p1: Deriverse|move: Stealth Rock\n|\n|-heal|p1a: Flutter Mane|59\/100|[from] item: Leftovers\n|upkeep\n|turn|4\n|\n|t:|1698370375\n|move|p1a: Flutter Mane|Shadow Ball|p2a: Amethyst\n|-damage|p2a: Amethyst|0 fnt\n|faint|p2a: Amethyst\n|\n|-heal|p1a: Flutter Mane|65\/100|[from] item: Leftovers\n|upkeep\n|\n|t:|1698370381\n|switch|p2a: Uther|Kingambit, M|100\/100\n|-activate|p2a: Uther|ability: Supreme Overlord\n|-start|p2a: Uther|fallen1|[silent]\n|turn|5\n|\n|t:|1698370386\n|move|p1a: Flutter Mane|Substitute|p1a: Flutter Mane\n|-start|p1a: Flutter Mane|Substitute\n|-damage|p1a: Flutter Mane|40\/100\n|move|p2a: Uther|Iron Head|p1a: Flutter Mane\n|-supereffective|p1a: Flutter Mane\n|-end|p1a: Flutter Mane|Substitute\n|\n|-heal|p1a: Flutter Mane|46\/100|[from] item: Leftovers\n|upkeep\n|turn|6\n|\n|t:|1698370393\n|-end|p1a: Flutter Mane|Protosynthesis|[silent]\n|switch|p1a: Great Tusk|Great Tusk|100\/100\n|move|p2a: Uther|Iron Head|p1a: Great Tusk\n|-damage|p1a: Great Tusk|73\/100\n|\n|upkeep\n|turn|7\n|\n|t:|1698370402\n|-end|p2a: Uther|fallen1|[silent]\n|switch|p2a: Blossom|Shaymin-Sky, shiny|100\/100\n|move|p1a: Great Tusk|Rapid Spin|p2a: Blossom\n|-damage|p2a: Blossom|80\/100\n|-boost|p1a: Great Tusk|spe|1\n|-sideend|p1: Deriverse|Stealth Rock|[from] move: Rapid Spin|[of] p1a: Great Tusk\n|\n|upkeep\n|turn|8\n|\n|t:|1698370416\n|move|p2a: Blossom|Air Slash|p1a: Great Tusk\n|-supereffective|p1a: Great Tusk\n|-damage|p1a: Great Tusk|0 fnt\n|faint|p1a: Great Tusk\n|-end|p1a: Great Tusk|Protosynthesis|[silent]\n|-damage|p2a: Blossom|70\/100|[from] item: Life Orb\n|\n|upkeep\n|\n|t:|1698370420\n|switch|p1a: Shaymin|Shaymin-Sky|100\/100\n|turn|9\n|\n|t:|1698370428\n|-terastallize|p2a: Blossom|Ground\n|move|p1a: Shaymin|Air Slash|p2a: Blossom\n|-damage|p2a: Blossom|20\/100\n|cant|p2a: Blossom|flinch\n|\n|upkeep\n|turn|10\n|\n|t:|1698370435\n|move|p1a: Shaymin|Air Slash|p2a: Blossom\n|-damage|p2a: Blossom|0 fnt\n|faint|p2a: Blossom\n|\n|upkeep\n|\n|t:|1698370459\n|switch|p2a: Uther|Kingambit, M|100\/100\n|-activate|p2a: Uther|ability: Supreme Overlord\n|-start|p2a: Uther|fallen2|[silent]\n|turn|11\n|\n|t:|1698370467\n|switch|p1a: Ribombee|Ribombee, F|100\/100\n|move|p2a: Uther|Sucker Punch||[still]\n|-fail|p2a: Uther\n|\n|upkeep\n|turn|12\n|\n|t:|1698370475\n|move|p1a: Ribombee|Stun Spore|p2a: Uther\n|-status|p2a: Uther|par\n|cant|p2a: Uther|par\n|\n|upkeep\n|turn|13\n|\n|t:|1698370479\n|move|p1a: Ribombee|Sticky Web|p2a: Uther\n|-sidestart|p2: Yowkuw|move: Sticky Web\n|cant|p2a: Uther|par\n|\n|upkeep\n|turn|14\n|\n|t:|1698370483\n|move|p1a: Ribombee|Quiver Dance|p1a: Ribombee\n|-boost|p1a: Ribombee|spa|1\n|-boost|p1a: Ribombee|spd|1\n|-boost|p1a: Ribombee|spe|1\n|cant|p2a: Uther|par\n|\n|upkeep\n|turn|15\n|\n|t:|1698370488\n|move|p1a: Ribombee|Moonblast|p2a: Uther\n|-damage|p2a: Uther|31\/100 par\n|move|p2a: Uther|Iron Head|p1a: Ribombee\n|-supereffective|p1a: Ribombee\n|-enditem|p1a: Ribombee|Focus Sash\n|-damage|p1a: Ribombee|1\/100\n|\n|upkeep\n|turn|16\n|\n|t:|1698370495\n|move|p2a: Uther|Sucker Punch|p1a: Ribombee\n|-resisted|p1a: Ribombee\n|-damage|p1a: Ribombee|0 fnt\n|faint|p1a: Ribombee\n|\n|upkeep\n|\n|t:|1698370503\n|switch|p1a: Groudon|Groudon|100\/100\n|-weather|SunnyDay|[from] ability: Drought|[of] p1a: Groudon\n|turn|17\n|\n|t:|1698370513\n|move|p2a: Uther|Sucker Punch|p1a: Groudon\n|-damage|p1a: Groudon|72\/100\n|move|p1a: Groudon|Heat Crash|p2a: Uther\n|-supereffective|p2a: Uther\n|-damage|p2a: Uther|0 fnt\n|faint|p2a: Uther\n|-end|p2a: Uther|fallen2|[silent]\n|\n|-weather|SunnyDay|[upkeep]\n|upkeep\n|\n|t:|1698370529\n|switch|p2a: Dexter|Rotom-Wash|100\/100\n|turn|18\n|\n|t:|1698370532\n|move|p2a: Dexter|Protect|p2a: Dexter\n|-singleturn|p2a: Dexter|Protect\n|move|p1a: Groudon|Stone Edge|p2a: Dexter\n|-activate|p2a: Dexter|move: Protect\n|\n|-weather|SunnyDay|[upkeep]\n|upkeep\n|turn|19\n|\n|t:|1698370538\n|move|p2a: Dexter|Will-O-Wisp|p1a: Groudon\n|-status|p1a: Groudon|brn\n|move|p1a: Groudon|Stone Edge|p2a: Dexter\n|-damage|p2a: Dexter|81\/100\n|\n|-weather|SunnyDay|[upkeep]\n|-heal|p2a: Dexter|88\/100|[from] item: Leftovers\n|-damage|p1a: Groudon|65\/100 brn|[from] brn\n|upkeep\n|turn|20\n|\n|t:|1698370548\n|move|p2a: Dexter|Hydro Pump|p1a: Groudon\n|-supereffective|p1a: Groudon\n|-damage|p1a: Groudon|27\/100 brn\n|move|p1a: Groudon|Swords Dance|p1a: Groudon\n|-boost|p1a: Groudon|atk|2\n|\n|-weather|SunnyDay|[upkeep]\n|-heal|p2a: Dexter|94\/100|[from] item: Leftovers\n|-damage|p1a: Groudon|21\/100 brn|[from] brn\n|upkeep\n|turn|21\n|\n|t:|1698370556\n|move|p2a: Dexter|Hydro Pump|p1a: Groudon\n|-supereffective|p1a: Groudon\n|-damage|p1a: Groudon|0 fnt\n|faint|p1a: Groudon\n|\n|-weather|SunnyDay|[upkeep]\n|-heal|p2a: Dexter|99\/100|[from] item: Leftovers\n|upkeep\n|\n|t:|1698370566\n|switch|p1a: Shaymin|Shaymin-Sky|100\/100\n|turn|22\n|\n|t:|1698370573\n|-terastallize|p1a: Shaymin|Flying\n|move|p2a: Dexter|Protect|p2a: Dexter\n|-singleturn|p2a: Dexter|Protect\n|move|p1a: Shaymin|Air Slash|p2a: Dexter\n|-activate|p2a: Dexter|move: Protect\n|\n|-weather|SunnyDay|[upkeep]\n|-heal|p2a: Dexter|100\/100|[from] item: Leftovers\n|upkeep\n|turn|23\n|\n|t:|1698370584\n|move|p1a: Shaymin|Air Slash|p2a: Dexter\n|-resisted|p2a: Dexter\n|-damage|p2a: Dexter|69\/100\n|move|p2a: Dexter|Hydro Pump|p1a: Shaymin\n|-damage|p1a: Shaymin|76\/100\n|\n|-weather|SunnyDay|[upkeep]\n|-heal|p2a: Dexter|75\/100|[from] item: Leftovers\n|upkeep\n|turn|24\n|\n|t:|1698370592\n|move|p1a: Shaymin|Air Slash|p2a: Dexter\n|-resisted|p2a: Dexter\n|-damage|p2a: Dexter|46\/100\n|cant|p2a: Dexter|flinch\n|\n|-weather|none\n|-heal|p2a: Dexter|52\/100|[from] item: Leftovers\n|upkeep\n|turn|25\n|\n|t:|1698370602\n|switch|p1a: Chi-Yu|Chi-Yu|100\/100\n|-ability|p1a: Chi-Yu|Beads of Ruin\n|move|p2a: Dexter|Protect||[still]\n|-fail|p2a: Dexter\n|\n|-heal|p2a: Dexter|59\/100|[from] item: Leftovers\n|upkeep\n|turn|26\n|\n|t:|1698370608\n|move|p1a: Chi-Yu|Dark Pulse|p2a: Dexter\n|-damage|p2a: Dexter|0 fnt\n|faint|p2a: Dexter\n|\n|upkeep\n|\n|t:|1698370613\n|switch|p2a: Silver Chariot|Iron Valiant, shiny|100\/100\n|-activate|p2a: Silver Chariot|move: Sticky Web\n|-unboost|p2a: Silver Chariot|spe|1\n|-enditem|p2a: Silver Chariot|Booster Energy\n|-activate|p2a: Silver Chariot|ability: Quark Drive|[fromitem]\n|-start|p2a: Silver Chariot|quarkdriveatk\n|turn|27\n|\n|t:|1698370619\n|move|p1a: Chi-Yu|Dark Pulse|p2a: Silver Chariot\n|-resisted|p2a: Silver Chariot\n|-damage|p2a: Silver Chariot|75\/100\n|move|p2a: Silver Chariot|Spirit Break|p1a: Chi-Yu\n|-damage|p1a: Chi-Yu|16\/100\n|-unboost|p1a: Chi-Yu|spa|1\n|\n|upkeep\n|turn|28\n|\n|t:|1698370630\n|move|p1a: Chi-Yu|Dark Pulse|p2a: Silver Chariot\n|-resisted|p2a: Silver Chariot\n|-damage|p2a: Silver Chariot|59\/100\n|move|p2a: Silver Chariot|Spirit Break|p1a: Chi-Yu\n|-damage|p1a: Chi-Yu|0 fnt\n|faint|p1a: Chi-Yu\n|\n|upkeep\n|\n|t:|1698370633\n|switch|p1a: Shaymin|Shaymin-Sky, tera:Flying|76\/100\n|turn|29\n|\n|t:|1698370640\n|move|p1a: Shaymin|Air Slash|p2a: Silver Chariot\n|-supereffective|p2a: Silver Chariot\n|-damage|p2a: Silver Chariot|0 fnt\n|faint|p2a: Silver Chariot\n|-end|p2a: Silver Chariot|Quark Drive|[silent]\n|\n|upkeep\n|\n|t:|1698370643\n|switch|p2a: Sunshine|Volcarona, M|100\/100\n|-activate|p2a: Sunshine|move: Sticky Web\n|-unboost|p2a: Sunshine|spe|1\n|turn|30\n|\n|t:|1698370648\n|move|p1a: Shaymin|Air Slash|p2a: Sunshine\n|-supereffective|p2a: Sunshine\n|-damage|p2a: Sunshine|0 fnt\n|faint|p2a: Sunshine\n|\n|win|Deriverse\n|raw|Deriverse's rating: 1260 &rarr; <strong>1291<\/strong><br \/>(+31 for winning)\n|raw|Yowkuw's rating: 1340 &rarr; <strong>1315<\/strong><br \/>(-25 for losing)\n|c|\u2606Yowkuw|gg\n|l|\u2606Yowkuw\n","uploadtime":1698370676,"views":9,"p1id":"deriverse","p2id":"yowkuw","formatid":"gen9ubers","rating":1291,"private":0,"password":""}