{"id":"gen9ubers-1995021097","p1":"Scampton","p2":"MyDeliciousAxe","format":"[Gen 9] Ubers","log":"|j|\u2606Scampton\n|j|\u2606MyDeliciousAxe\n|t:|1700514173\n|gametype|singles\n|player|p1|Scampton|clown|\n|player|p2|MyDeliciousAxe|caitlin|\n|teamsize|p1|6\n|teamsize|p2|6\n|gen|9\n|tier|[Gen 9] Ubers\n|rule|Sleep Clause Mod: Limit one foe put to sleep\n|rule|Species Clause: Limit one of each Pok\u00e9mon\n|rule|OHKO Clause: OHKO moves are banned\n|rule|Evasion Items Clause: Evasion items are banned\n|rule|Evasion Moves Clause: Evasion moves are banned\n|rule|Endless Battle Clause: Forcing endless battles is banned\n|rule|HP Percentage Mod: HP is shown in percentages\n|clearpoke\n|poke|p1|Ribombee, M|\n|poke|p1|Delibird, M|\n|poke|p1|Slowking-Galar, F|\n|poke|p1|Gholdengo|\n|poke|p1|Palafin, F|\n|poke|p1|Empoleon, M|\n|poke|p2|Munkidori, M|\n|poke|p2|Ambipom, M|\n|poke|p2|Annihilape, M|\n|poke|p2|Infernape, M|\n|poke|p2|Grafaiai, F|\n|poke|p2|Azelf|\n|teampreview\n|c|\u2606Scampton|my god\n|c|\u2606Scampton|monomonkey\n|c|\u2606Scampton|and azelf\n|\n|t:|1700514200\n|start\n|switch|p1a: Ribombee|Ribombee, M|100\/100\n|switch|p2a: Munkidori|Munkidori, M|100\/100\n|turn|1\n|c|\u2606MyDeliciousAxe|honorary monkey\n|\n|t:|1700514211\n|move|p1a: Ribombee|Sticky Web|p2a: Munkidori\n|-sidestart|p2: MyDeliciousAxe|move: Sticky Web\n|move|p2a: Munkidori|Metronome|p2a: Munkidori\n|move|p2a: Munkidori|Heart Swap|p1a: Ribombee|[from]move: Metronome\n|-swapboost|p2a: Munkidori|p1a: Ribombee|[from] move: Heart Swap\n|\n|upkeep\n|turn|2\n|\n|t:|1700514220\n|move|p1a: Ribombee|Stun Spore|p2a: Munkidori\n|-status|p2a: Munkidori|par\n|move|p2a: Munkidori|U-turn|p1a: Ribombee\n|-resisted|p1a: Ribombee\n|-damage|p1a: Ribombee|84\/100\n|c|\u2606Scampton|incredible\n|\n|t:|1700514226\n|switch|p2a: Grafaiai|Grafaiai, F|100\/100|[from] U-turn\n|-activate|p2a: Grafaiai|move: Sticky Web\n|-unboost|p2a: Grafaiai|spe|1\n|\n|upkeep\n|turn|3\n|\n|t:|1700514237\n|move|p2a: Grafaiai|Taunt|p1a: Ribombee\n|-start|p1a: Ribombee|move: Taunt\n|move|p1a: Ribombee|U-turn|p2a: Grafaiai\n|-resisted|p2a: Grafaiai\n|-damage|p2a: Grafaiai|86\/100\n|\n|t:|1700514256\n|switch|p1a: Delibird|Delibird, M|100\/100|[from] U-turn\n|\n|upkeep\n|turn|4\n|\n|t:|1700514264\n|move|p2a: Grafaiai|Toxic|p1a: Delibird\n|-status|p1a: Delibird|tox\n|move|p1a: Delibird|Brave Bird|p2a: Grafaiai\n|-damage|p2a: Grafaiai|0 fnt\n|faint|p2a: Grafaiai\n|-damage|p1a: Delibird|60\/100 tox|[from] Recoil\n|\n|-damage|p1a: Delibird|54\/100 tox|[from] psn\n|upkeep\n|\n|t:|1700514289\n|switch|p2a: Ambipom|Ambipom, M|100\/100\n|-activate|p2a: Ambipom|move: Sticky Web\n|-unboost|p2a: Ambipom|spe|1\n|turn|5\n|c|\u2606Scampton|b-b-b-b-bird, bird is the word\n|\n|t:|1700514296\n|switch|p1a: Gholdengo|Gholdengo|100\/100\n|-item|p1a: Gholdengo|Air Balloon\n|move|p2a: Ambipom|Metronome|p2a: Ambipom\n|move|p2a: Ambipom|Worry Seed|p1a: Gholdengo|[from]move: Metronome\n|-immune|p1a: Gholdengo|[from] ability: Good as Gold\n|\n|upkeep\n|turn|6\n|c|\u2606MyDeliciousAxe|i have failed.\n|\n|t:|1700514310\n|move|p1a: Gholdengo|Iron Head|p2a: Ambipom\n|-damage|p2a: Ambipom|52\/100\n|move|p2a: Ambipom|Metronome|p2a: Ambipom\n|move|p2a: Ambipom|Gust|p1a: Gholdengo|[from]move: Metronome\n|-resisted|p1a: Gholdengo\n|-damage|p1a: Gholdengo|93\/100\n|-enditem|p1a: Gholdengo|Air Balloon\n|\n|upkeep\n|turn|7\n|\n|t:|1700514321\n|move|p1a: Gholdengo|Iron Head|p2a: Ambipom\n|-damage|p2a: Ambipom|9\/100\n|move|p2a: Ambipom|Metronome|p2a: Ambipom\n|move|p2a: Ambipom|Surf|p1a: Gholdengo|[from]move: Metronome\n|-damage|p1a: Gholdengo|71\/100\n|\n|upkeep\n|turn|8\n|\n|t:|1700514337\n|move|p1a: Gholdengo|Low Kick|p2a: Ambipom\n|-supereffective|p2a: Ambipom\n|-damage|p2a: Ambipom|0 fnt\n|faint|p2a: Ambipom\n|\n|upkeep\n|\n|t:|1700514350\n|switch|p2a: Infernape|Infernape, M|100\/100\n|-activate|p2a: Infernape|move: Sticky Web\n|-unboost|p2a: Infernape|spe|1\n|turn|9\n|\n|t:|1700514357\n|move|p1a: Gholdengo|Poltergeist|p2a: Infernape\n|-activate|p2a: Infernape|move: Poltergeist|Punching Glove\n|-crit|p2a: Infernape\n|-damage|p2a: Infernape|17\/100\n|move|p2a: Infernape|Fire Punch|p1a: Gholdengo\n|-supereffective|p1a: Gholdengo\n|-damage|p1a: Gholdengo|0 fnt\n|faint|p1a: Gholdengo\n|\n|upkeep\n|\n|t:|1700514367\n|switch|p1a: Delibird|Delibird, M|54\/100 tox\n|turn|10\n|\n|t:|1700514372\n|move|p2a: Infernape|Mach Punch|p1a: Delibird\n|-damage|p1a: Delibird|0 fnt\n|faint|p1a: Delibird\n|\n|upkeep\n|c|\u2606Scampton|cheater\n|\n|t:|1700514382\n|switch|p1a: Palafin|Palafin, F|100\/100\n|turn|11\n|\n|t:|1700514393\n|move|p1a: Palafin|Aura Sphere|p2a: Infernape\n|-damage|p2a: Infernape|0 fnt\n|faint|p2a: Infernape\n|\n|upkeep\n|\n|t:|1700514399\n|switch|p2a: Annihilape|Annihilape, M, shiny|100\/100\n|turn|12\n|\n|t:|1700514408\n|detailschange|p1a: Palafin|Palafin-Hero, F\n|switch|p1a: Slowking|Slowking-Galar, F|100\/100\n|move|p2a: Annihilape|Final Gambit|p1a: Slowking\n|-damage|p1a: Slowking|0 fnt\n|faint|p2a: Annihilape\n|faint|p1a: Slowking\n|\n|upkeep\n|\n|t:|1700514416\n|switch|p2a: Munkidori|Munkidori, M|100\/100 par\n|switch|p1a: Empoleon|Empoleon, M|100\/100\n|-activate|p2a: Munkidori|move: Sticky Web\n|-unboost|p2a: Munkidori|spe|1\n|turn|13\n|\n|t:|1700514426\n|move|p2a: Munkidori|Fake Out|p1a: Empoleon\n|-resisted|p1a: Empoleon\n|-damage|p1a: Empoleon|97\/100\n|cant|p1a: Empoleon|flinch\n|\n|-heal|p1a: Empoleon|100\/100|[from] item: Leftovers\n|upkeep\n|turn|14\n|\n|t:|1700514439\n|move|p1a: Empoleon|Iron Defense|p1a: Empoleon\n|-boost|p1a: Empoleon|def|2\n|move|p2a: Munkidori|Taunt|p1a: Empoleon\n|-start|p1a: Empoleon|move: Taunt\n|\n|upkeep\n|turn|15\n|\n|t:|1700514451\n|move|p1a: Empoleon|Power Trip|p2a: Munkidori\n|-supereffective|p2a: Munkidori\n|-damage|p2a: Munkidori|62\/100 par\n|move|p2a: Munkidori|Metronome|p2a: Munkidori\n|move|p2a: Munkidori|Slash|p1a: Empoleon|[from]move: Metronome\n|-resisted|p1a: Empoleon\n|-crit|p1a: Empoleon\n|-damage|p1a: Empoleon|90\/100\n|\n|-heal|p1a: Empoleon|96\/100|[from] item: Leftovers\n|-heal|p2a: Munkidori|68\/100 par|[from] item: Leftovers\n|upkeep\n|turn|16\n|\n|t:|1700514460\n|move|p1a: Empoleon|Power Trip|p2a: Munkidori\n|-supereffective|p2a: Munkidori\n|-damage|p2a: Munkidori|34\/100 par\n|move|p2a: Munkidori|Metronome|p2a: Munkidori\n|move|p2a: Munkidori|Sweet Kiss|p1a: Empoleon|[from]move: Metronome\n|-start|p1a: Empoleon|confusion\n|\n|-heal|p1a: Empoleon|100\/100|[from] item: Leftovers\n|-heal|p2a: Munkidori|40\/100 par|[from] item: Leftovers\n|upkeep\n|turn|17\n|\n|t:|1700514473\n|-activate|p1a: Empoleon|confusion\n|move|p1a: Empoleon|Power Trip|p2a: Munkidori\n|-supereffective|p2a: Munkidori\n|-damage|p2a: Munkidori|2\/100 par\n|move|p2a: Munkidori|Metronome|p2a: Munkidori\n|move|p2a: Munkidori|Pay Day|p1a: Empoleon|[from]move: Metronome\n|-resisted|p1a: Empoleon\n|-damage|p1a: Empoleon|98\/100\n|\n|-heal|p1a: Empoleon|100\/100|[from] item: Leftovers\n|-heal|p2a: Munkidori|8\/100 par|[from] item: Leftovers\n|-end|p1a: Empoleon|move: Taunt\n|upkeep\n|turn|18\n|\n|t:|1700514486\n|-activate|p1a: Empoleon|confusion\n|move|p1a: Empoleon|Iron Defense|p1a: Empoleon\n|-boost|p1a: Empoleon|def|2\n|move|p2a: Munkidori|Metronome|p2a: Munkidori\n|move|p2a: Munkidori|Matcha Gotcha|p1a: Empoleon|[from]move: Metronome\n|-damage|p1a: Empoleon|83\/100\n|-heal|p2a: Munkidori|18\/100 par|[from] drain|[of] p1a: Empoleon\n|\n|-heal|p1a: Empoleon|89\/100|[from] item: Leftovers\n|-heal|p2a: Munkidori|24\/100 par|[from] item: Leftovers\n|upkeep\n|turn|19\n|\n|t:|1700514499\n|-activate|p1a: Empoleon|confusion\n|move|p1a: Empoleon|Iron Defense|p1a: Empoleon\n|-boost|p1a: Empoleon|def|2\n|cant|p2a: Munkidori|par\n|\n|-heal|p1a: Empoleon|95\/100|[from] item: Leftovers\n|-heal|p2a: Munkidori|30\/100 par|[from] item: Leftovers\n|upkeep\n|turn|20\n|\n|t:|1700514507\n|-activate|p1a: Empoleon|confusion\n|move|p1a: Empoleon|Power Trip|p2a: Munkidori\n|-supereffective|p2a: Munkidori\n|-damage|p2a: Munkidori|0 fnt\n|faint|p2a: Munkidori\n|\n|-heal|p1a: Empoleon|100\/100|[from] item: Leftovers\n|upkeep\n|\n|t:|1700514510\n|switch|p2a: Azelf|Azelf|100\/100\n|turn|21\n|\n|t:|1700514514\n|-terastallize|p2a: Azelf|Electric\n|move|p2a: Azelf|Thunderbolt|p1a: Empoleon\n|-supereffective|p1a: Empoleon\n|-damage|p1a: Empoleon|6\/100\n|-status|p1a: Empoleon|par\n|-damage|p2a: Azelf|91\/100|[from] item: Life Orb\n|-end|p1a: Empoleon|confusion\n|cant|p1a: Empoleon|par\n|\n|-heal|p1a: Empoleon|12\/100 par|[from] item: Leftovers\n|upkeep\n|turn|22\n|c|\u2606Scampton|are\n|c|\u2606Scampton|you\n|c|\u2606Scampton|shitting\n|c|\u2606Scampton|me\n|\n|t:|1700514534\n|move|p2a: Azelf|Thunderbolt|p1a: Empoleon\n|-supereffective|p1a: Empoleon\n|-damage|p1a: Empoleon|0 fnt\n|faint|p1a: Empoleon\n|-damage|p2a: Azelf|81\/100|[from] item: Life Orb\n|\n|upkeep\n|\n|t:|1700514536\n|switch|p1a: Palafin|Palafin-Hero, F|100\/100\n|-activate|p1a: Palafin|ability: Zero to Hero\n|turn|23\n|\n|t:|1700514549\n|-terastallize|p1a: Palafin|Ice\n|move|p2a: Azelf|Mystical Power|p1a: Palafin|[miss]\n|-miss|p2a: Azelf|p1a: Palafin\n|move|p1a: Palafin|Boomburst|p2a: Azelf\n|-damage|p2a: Azelf|0 fnt\n|faint|p2a: Azelf\n|\n|win|Scampton\n|l|\u2606Scampton\n|l|\u2606MyDeliciousAxe\n|j|\u2606MyDeliciousAxe\n|player|p2|MyDeliciousAxe|caitlin\n","uploadtime":1700514562,"views":30,"p1id":"scampton","p2id":"mydeliciousaxe","formatid":"gen9ubers","rating":0,"private":0,"password":""}