{"id":"gen9ubers-1998484435","p1":"ultimate way","p2":"The Uber Bad Boy","format":"[Gen 9] Ubers","log":"|j|\u2606ultimate way\n|j|\u2606The Uber Bad Boy\n|inactive|Battle timer is ON: inactive players will automatically lose when time's up.\n|t:|1700947550\n|gametype|singles\n|player|p1|ultimate way|101|\n|player|p2|The Uber Bad Boy|shadowtriad|\n|teamsize|p1|6\n|teamsize|p2|6\n|gen|9\n|tier|[Gen 9] Ubers\n|rated|Tournament battle\n|rule|Sleep Clause Mod: Limit one foe put to sleep\n|rule|Species Clause: Limit one of each Pok\u00e9mon\n|rule|OHKO Clause: OHKO moves are banned\n|rule|Evasion Items Clause: Evasion items are banned\n|rule|Evasion Moves Clause: Evasion moves are banned\n|rule|Endless Battle Clause: Forcing endless battles is banned\n|rule|HP Percentage Mod: HP is shown in percentages\n|clearpoke\n|poke|p1|Arceus-Ground|\n|poke|p1|Annihilape, M|\n|poke|p1|Zacian-*|\n|poke|p1|Miraidon|\n|poke|p1|Koraidon|\n|poke|p1|Rayquaza|\n|poke|p2|Ting-Lu|\n|poke|p2|Miraidon|\n|poke|p2|Giratina-Origin|\n|poke|p2|Skeledirge, M|\n|poke|p2|Arceus|\n|poke|p2|Kyogre|\n|teampreview\n|j|*Lady Monita \u2746\n|inactive|ultimate way also wants the timer to be on.\n|\n|t:|1700947558\n|start\n|switch|p1a: Annihilape|Annihilape, M|100\/100\n|switch|p2a: Stormbreaker|Miraidon|100\/100\n|-fieldstart|move: Electric Terrain|[from] ability: Hadron Engine|[of] p2a: Stormbreaker\n|turn|1\n|\n|t:|1700947568\n|move|p2a: Stormbreaker|Electro Drift|p1a: Annihilape\n|-damage|p1a: Annihilape|17\/100\n|move|p1a: Annihilape|Stealth Rock|p2a: Stormbreaker\n|-sidestart|p2: The Uber Bad Boy|move: Stealth Rock\n|\n|upkeep\n|turn|2\n|\n|t:|1700947575\n|move|p2a: Stormbreaker|Electro Drift|p1a: Annihilape\n|-damage|p1a: Annihilape|0 fnt\n|faint|p1a: Annihilape\n|\n|upkeep\n|\n|t:|1700947582\n|switch|p1a: Arceus|Arceus-Ground|100\/100\n|turn|3\n|\n|t:|1700947585\n|move|p2a: Stormbreaker|U-turn|p1a: Arceus\n|-damage|p1a: Arceus|90\/100\n|\n|t:|1700947591\n|switch|p2a: Subterra|Ting-Lu|100\/100|[from] U-turn\n|-damage|p2a: Subterra|94\/100|[from] Stealth Rock\n|-ability|p2a: Subterra|Vessel of Ruin\n|move|p1a: Arceus|Dragon Dance|p1a: Arceus\n|-boost|p1a: Arceus|atk|1\n|-boost|p1a: Arceus|spe|1\n|\n|-heal|p2a: Subterra|100\/100|[from] item: Leftovers\n|upkeep\n|turn|4\n|\n|t:|1700947614\n|move|p1a: Arceus|Substitute|p1a: Arceus\n|-start|p1a: Arceus|Substitute\n|-damage|p1a: Arceus|65\/100\n|move|p2a: Subterra|Whirlwind|p1a: Arceus\n|drag|p1a: Miraidon|Miraidon|100\/100\n|-activate|p1a: Miraidon|ability: Hadron Engine\n|\n|upkeep\n|turn|5\n|\n|t:|1700947621\n|move|p1a: Miraidon|Dazzling Gleam|p2a: Subterra\n|-supereffective|p2a: Subterra\n|-damage|p2a: Subterra|71\/100\n|move|p2a: Subterra|Stealth Rock|p1a: Miraidon\n|-sidestart|p1: ultimate way|move: Stealth Rock\n|\n|-heal|p2a: Subterra|77\/100|[from] item: Leftovers\n|-fieldend|move: Electric Terrain\n|upkeep\n|turn|6\n|\n|t:|1700947628\n|switch|p1a: Zacian|Zacian-Crowned|100\/100\n|-damage|p1a: Zacian|94\/100|[from] Stealth Rock\n|-ability|p1a: Zacian|Intrepid Sword|boost\n|-boost|p1a: Zacian|atk|1\n|move|p2a: Subterra|Spikes|p1a: Zacian\n|-sidestart|p1: ultimate way|Spikes\n|\n|-heal|p2a: Subterra|83\/100|[from] item: Leftovers\n|upkeep\n|turn|7\n|\n|t:|1700947632\n|move|p1a: Zacian|Trailblaze|p2a: Subterra\n|-supereffective|p2a: Subterra\n|-damage|p2a: Subterra|50\/100\n|-boost|p1a: Zacian|spe|1\n|move|p2a: Subterra|Whirlwind|p1a: Zacian\n|drag|p1a: Koraidon|Koraidon|100\/100\n|-damage|p1a: Koraidon|94\/100|[from] Stealth Rock\n|-damage|p1a: Koraidon|82\/100|[from] Spikes\n|-weather|SunnyDay|[from] ability: Orichalcum Pulse|[of] p1a: Koraidon\n|-activate|p1a: Koraidon|Orichalcum Pulse|[source]\n|\n|-weather|SunnyDay|[upkeep]\n|-heal|p1a: Koraidon|88\/100|[from] item: Leftovers\n|-heal|p2a: Subterra|56\/100|[from] item: Leftovers\n|upkeep\n|turn|8\n|\n|t:|1700947651\n|move|p1a: Koraidon|Collision Course|p2a: Subterra\n|-supereffective|p2a: Subterra\n|-damage|p2a: Subterra|0 fnt\n|faint|p2a: Subterra\n|\n|-weather|SunnyDay|[upkeep]\n|-heal|p1a: Koraidon|94\/100|[from] item: Leftovers\n|upkeep\n|\n|t:|1700947660\n|switch|p2a: Lake Superior|Kyogre|100\/100\n|-damage|p2a: Lake Superior|88\/100|[from] Stealth Rock\n|-weather|RainDance|[from] ability: Drizzle|[of] p2a: Lake Superior\n|turn|9\n|\n|t:|1700947675\n|switch|p1a: Miraidon|Miraidon|100\/100\n|-damage|p1a: Miraidon|88\/100|[from] Stealth Rock\n|-damage|p1a: Miraidon|76\/100|[from] Spikes\n|-fieldstart|move: Electric Terrain|[from] ability: Hadron Engine|[of] p1a: Miraidon\n|move|p2a: Lake Superior|Icy Wind|p1a: Miraidon\n|-supereffective|p1a: Miraidon\n|-damage|p1a: Miraidon|44\/100\n|-unboost|p1a: Miraidon|spe|1\n|\n|-weather|RainDance|[upkeep]\n|upkeep\n|turn|10\n|\n|t:|1700947691\n|move|p1a: Miraidon|Electro Drift|p2a: Lake Superior\n|-supereffective|p2a: Lake Superior\n|-damage|p2a: Lake Superior|0 fnt\n|faint|p2a: Lake Superior\n|\n|-weather|RainDance|[upkeep]\n|upkeep\n|\n|t:|1700947705\n|switch|p2a: Lucifer|Giratina-Origin|100\/100\n|-damage|p2a: Lucifer|88\/100|[from] Stealth Rock\n|turn|11\n|\n|t:|1700947725\n|switch|p1a: Zacian|Zacian-Crowned|94\/100\n|-damage|p1a: Zacian|88\/100|[from] Stealth Rock\n|-damage|p1a: Zacian|76\/100|[from] Spikes\n|move|p2a: Lucifer|Hex|p1a: Zacian\n|-damage|p1a: Zacian|43\/100\n|\n|-weather|RainDance|[upkeep]\n|upkeep\n|turn|12\n|\n|t:|1700947737\n|switch|p2a: Burnout|Skeledirge, M|100\/100\n|move|p1a: Zacian|Play Rough|p2a: Burnout\n|-resisted|p2a: Burnout\n|-damage|p2a: Burnout|85\/100\n|\n|-weather|RainDance|[upkeep]\n|upkeep\n|turn|13\n|\n|t:|1700947752\n|move|p1a: Zacian|Behemoth Blade|p2a: Burnout\n|-resisted|p2a: Burnout\n|-damage|p2a: Burnout|68\/100\n|move|p2a: Burnout|Will-O-Wisp|p1a: Zacian\n|-status|p1a: Zacian|brn\n|\n|-weather|none\n|-damage|p1a: Zacian|36\/100 brn|[from] brn\n|-fieldend|move: Electric Terrain\n|upkeep\n|turn|14\n|\n|t:|1700947762\n|switch|p1a: Rayquaza|Rayquaza|100\/100\n|-damage|p1a: Rayquaza|76\/100|[from] Stealth Rock\n|-ability|p1a: Rayquaza|Air Lock\n|move|p2a: Burnout|Slack Off|p2a: Burnout\n|-heal|p2a: Burnout|100\/100\n|\n|upkeep\n|turn|15\n|\n|t:|1700947767\n|move|p1a: Rayquaza|Earthquake|p2a: Burnout\n|-supereffective|p2a: Burnout\n|-damage|p2a: Burnout|56\/100\n|move|p2a: Burnout|Will-O-Wisp|p1a: Rayquaza\n|-status|p1a: Rayquaza|brn\n|\n|-damage|p1a: Rayquaza|70\/100 brn|[from] brn\n|upkeep\n|turn|16\n|\n|t:|1700947773\n|move|p1a: Rayquaza|Dragon Dance|p1a: Rayquaza\n|-boost|p1a: Rayquaza|atk|1\n|-boost|p1a: Rayquaza|spe|1\n|move|p2a: Burnout|Slack Off|p2a: Burnout\n|-heal|p2a: Burnout|100\/100\n|\n|-damage|p1a: Rayquaza|64\/100 brn|[from] brn\n|upkeep\n|turn|17\n|\n|t:|1700947776\n|move|p1a: Rayquaza|Dragon Dance|p1a: Rayquaza\n|-boost|p1a: Rayquaza|atk|1\n|-boost|p1a: Rayquaza|spe|1\n|move|p2a: Burnout|Hex|p1a: Rayquaza\n|-damage|p1a: Rayquaza|10\/100 brn\n|\n|-damage|p1a: Rayquaza|4\/100 brn|[from] brn\n|upkeep\n|turn|18\n|\n|t:|1700947779\n|move|p1a: Rayquaza|Earthquake|p2a: Burnout\n|-supereffective|p2a: Burnout\n|-damage|p2a: Burnout|76\/100\n|move|p2a: Burnout|Torch Song|p1a: Rayquaza\n|-resisted|p1a: Rayquaza\n|-damage|p1a: Rayquaza|0 fnt\n|-boost|p2a: Burnout|spa|1\n|faint|p1a: Rayquaza\n|\n|upkeep\n|\n|t:|1700947786\n|switch|p1a: Miraidon|Miraidon|44\/100\n|-damage|p1a: Miraidon|32\/100|[from] Stealth Rock\n|-damage|p1a: Miraidon|20\/100|[from] Spikes\n|-fieldstart|move: Electric Terrain|[from] ability: Hadron Engine|[of] p1a: Miraidon\n|turn|19\n|\n|t:|1700947793\n|move|p1a: Miraidon|Electro Drift|p2a: Burnout\n|-damage|p2a: Burnout|0 fnt\n|faint|p2a: Burnout\n|\n|upkeep\n|\n|t:|1700947801\n|switch|p2a: Genesis|Arceus|100\/100\n|-damage|p2a: Genesis|88\/100|[from] Stealth Rock\n|turn|20\n|\n|t:|1700947808\n|move|p2a: Genesis|Extreme Speed|p1a: Miraidon\n|-damage|p1a: Miraidon|0 fnt\n|faint|p1a: Miraidon\n|\n|upkeep\n|\n|t:|1700947812\n|switch|p1a: Zacian|Zacian-Crowned|36\/100 brn\n|-damage|p1a: Zacian|30\/100 brn|[from] Stealth Rock\n|-damage|p1a: Zacian|18\/100 brn|[from] Spikes\n|turn|21\n|j| RandomNickCreator\n|\n|t:|1700947819\n|switch|p2a: Stormbreaker|Miraidon|100\/100\n|-damage|p2a: Stormbreaker|88\/100|[from] Stealth Rock\n|-activate|p2a: Stormbreaker|ability: Hadron Engine\n|move|p1a: Zacian|Behemoth Blade|p2a: Stormbreaker\n|-resisted|p2a: Stormbreaker\n|-damage|p2a: Stormbreaker|73\/100\n|\n|-damage|p1a: Zacian|12\/100 brn|[from] brn\n|upkeep\n|turn|22\n|\n|t:|1700947824\n|move|p1a: Zacian|Play Rough|p2a: Stormbreaker\n|-supereffective|p2a: Stormbreaker\n|-damage|p2a: Stormbreaker|22\/100\n|move|p2a: Stormbreaker|Electro Drift|p1a: Zacian\n|-damage|p1a: Zacian|0 fnt\n|faint|p1a: Zacian\n|\n|upkeep\n|\n|t:|1700947833\n|switch|p1a: Koraidon|Koraidon|94\/100\n|-damage|p1a: Koraidon|88\/100|[from] Stealth Rock\n|-damage|p1a: Koraidon|76\/100|[from] Spikes\n|-weather|SunnyDay|[from] ability: Orichalcum Pulse|[of] p1a: Koraidon\n|-activate|p1a: Koraidon|Orichalcum Pulse|[source]\n|turn|23\n|\n|t:|1700947838\n|move|p2a: Stormbreaker|Draco Meteor|p1a: Koraidon\n|-supereffective|p1a: Koraidon\n|-damage|p1a: Koraidon|0 fnt\n|-unboost|p2a: Stormbreaker|spa|2\n|faint|p1a: Koraidon\n|\n|-weather|SunnyDay|[upkeep]\n|-fieldend|move: Electric Terrain\n|upkeep\n|\n|t:|1700947841\n|switch|p1a: Arceus|Arceus-Ground|65\/100\n|-damage|p1a: Arceus|59\/100|[from] Stealth Rock\n|-damage|p1a: Arceus|47\/100|[from] Spikes\n|turn|24\n|\n|t:|1700947846\n|switch|p2a: Lucifer|Giratina-Origin|88\/100\n|-damage|p2a: Lucifer|76\/100|[from] Stealth Rock\n|move|p1a: Arceus|Dragon Dance|p1a: Arceus\n|-boost|p1a: Arceus|atk|1\n|-boost|p1a: Arceus|spe|1\n|\n|-weather|SunnyDay|[upkeep]\n|upkeep\n|turn|25\n|\n|t:|1700947850\n|move|p1a: Arceus|Substitute|p1a: Arceus\n|-start|p1a: Arceus|Substitute\n|-damage|p1a: Arceus|22\/100\n|move|p2a: Lucifer|Draco Meteor|p1a: Arceus\n|-end|p1a: Arceus|Substitute\n|-unboost|p2a: Lucifer|spa|2\n|\n|-weather|SunnyDay|[upkeep]\n|upkeep\n|turn|26\n|inactive|ultimate way has 120 seconds left.\n|inactive|ultimate way has 90 seconds left.\n|\n|t:|1700947933\n|move|p1a: Arceus|Dragon Dance|p1a: Arceus\n|-boost|p1a: Arceus|atk|1\n|-boost|p1a: Arceus|spe|1\n|move|p2a: Lucifer|Hex|p1a: Arceus\n|-damage|p1a: Arceus|7\/100\n|\n|-weather|SunnyDay|[upkeep]\n|upkeep\n|turn|27\n|\n|t:|1700947959\n|-terastallize|p1a: Arceus|Ghost\n|move|p1a: Arceus|Shadow Claw|p2a: Lucifer\n|-supereffective|p2a: Lucifer\n|-damage|p2a: Lucifer|0 fnt\n|faint|p2a: Lucifer\n|\n|-weather|none\n|upkeep\n|inactive|The Uber Bad Boy has 120 seconds left.\n|\n|t:|1700947970\n|switch|p2a: Genesis|Arceus|88\/100\n|-damage|p2a: Genesis|76\/100|[from] Stealth Rock\n|turn|28\n|\n|t:|1700947973\n|-terastallize|p2a: Genesis|Ghost\n|move|p1a: Arceus|Earthquake|p2a: Genesis\n|-damage|p2a: Genesis|0 fnt\n|faint|p2a: Genesis\n|\n|upkeep\n|\n|t:|1700947977\n|switch|p2a: Stormbreaker|Miraidon|22\/100\n|-damage|p2a: Stormbreaker|10\/100|[from] Stealth Rock\n|-fieldstart|move: Electric Terrain|[from] ability: Hadron Engine|[of] p2a: Stormbreaker\n|turn|29\n|\n|t:|1700947980\n|move|p1a: Arceus|Shadow Claw|p2a: Stormbreaker\n|-damage|p2a: Stormbreaker|0 fnt\n|faint|p2a: Stormbreaker\n|\n|win|ultimate way\n|n|\u2606ultimate way|ultimateway\n|n|\u2606The Uber Bad Boy|theuberbadboy\n|n|*Lady Monita \u2746|ladymonita\n|n| RandomNickCreator|randomnickcreator\n|l|*Lady Monita \u2746\n|l|\u2606The Uber Bad Boy\n","uploadtime":1700947990,"views":8,"p1id":"ultimateway","p2id":"theuberbadboy","formatid":"gen9ubers","rating":0,"private":0,"password":""}