{"id":"gen9ubers-1997170969","p1":"PennyPoffen","p2":"Metal-sonic-simp","format":"[Gen 9] Ubers","log":"|j|\u2606PennyPoffen\n|j|\u2606Metal-sonic-simp\n|t:|1700771777\n|gametype|singles\n|player|p1|PennyPoffen|dawn-gen4pt|1136\n|player|p2|Metal-sonic-simp|harlequin|1124\n|teamsize|p1|6\n|teamsize|p2|6\n|gen|9\n|tier|[Gen 9] Ubers\n|rated|\n|rule|Sleep Clause Mod: Limit one foe put to sleep\n|rule|Species Clause: Limit one of each Pok\u00e9mon\n|rule|OHKO Clause: OHKO moves are banned\n|rule|Evasion Items Clause: Evasion items are banned\n|rule|Evasion Moves Clause: Evasion moves are banned\n|rule|Endless Battle Clause: Forcing endless battles is banned\n|rule|HP Percentage Mod: HP is shown in percentages\n|clearpoke\n|poke|p1|Electrode-Hisui|\n|poke|p1|Orthworm, M|\n|poke|p1|Arceus|\n|poke|p1|Cyclizar, M|\n|poke|p1|Dragonite, F|\n|poke|p1|Shaymin-Sky|\n|poke|p2|Ogerpon-Hearthflame, F|\n|poke|p2|Greninja-*, M|\n|poke|p2|Mewtwo|\n|poke|p2|Ninetales-Alola, M|\n|poke|p2|Rillaboom, M|\n|poke|p2|Articuno-Galar|\n|teampreview\n|inactive|Battle timer is ON: inactive players will automatically lose when time's up. (requested by Metal-sonic-simp)\n|\n|t:|1700771788\n|start\n|switch|p1a: Cyclizar|Cyclizar, M|100\/100\n|switch|p2a: Kickies|Ogerpon-Hearthflame, F|100\/100\n|-ability|p2a: Kickies|Mold Breaker\n|turn|1\n|\n|t:|1700771798\n|move|p1a: Cyclizar|Shed Tail|p1a: Cyclizar\n|-start|p1a: Cyclizar|Substitute|[from] move: Shed Tail\n|-damage|p1a: Cyclizar|50\/100\n|\n|t:|1700771801\n|switch|p1a: Dragonite|Dragonite, F|100\/100|[from] Shed Tail\n|move|p2a: Kickies|Swords Dance|p2a: Kickies\n|-boost|p2a: Kickies|atk|2\n|\n|upkeep\n|turn|2\n|c|\u2606Metal-sonic-simp|y'know ice is really fun this time of year\n|\n|t:|1700771809\n|move|p2a: Kickies|Ivy Cudgel|p1a: Dragonite|[anim] Ivy Cudgel Fire\n|-resisted|p1a: Dragonite\n|-end|p1a: Dragonite|Substitute\n|move|p1a: Dragonite|Dragon Dance|p1a: Dragonite\n|-boost|p1a: Dragonite|atk|1\n|-boost|p1a: Dragonite|spe|1\n|\n|upkeep\n|turn|3\n|\n|t:|1700771822\n|-terastallize|p1a: Dragonite|Normal\n|move|p1a: Dragonite|Extreme Speed|p2a: Kickies\n|-damage|p2a: Kickies|21\/100\n|move|p2a: Kickies|Ivy Cudgel|p1a: Dragonite|[anim] Ivy Cudgel Fire\n|-crit|p1a: Dragonite\n|-damage|p1a: Dragonite|0 fnt\n|faint|p1a: Dragonite\n|\n|upkeep\n|c|\u2606Metal-sonic-simp|lol\n|c|\u2606PennyPoffen|lol\n|c|\u2606PennyPoffen|shouldn't have tera'd\n|inactive|PennyPoffen has 120 seconds left.\n|\n|t:|1700771855\n|switch|p1a: Electrode|Electrode-Hisui|100\/100\n|turn|4\n|inactive|PennyPoffen has 120 seconds left.\n|c|\u2606Metal-sonic-simp|if you didn't it would have done like 50 or 60\n|\n|t:|1700771872\n|move|p1a: Electrode|Tera Blast|p2a: Kickies\n|-damage|p2a: Kickies|0 fnt\n|faint|p2a: Kickies\n|\n|upkeep\n|\n|t:|1700771880\n|switch|p2a: SKRUNLY|Greninja, M|100\/100\n|turn|5\n|c|\u2606PennyPoffen|well less bc that was a crit and i had multiscale\n|inactive|PennyPoffen has 120 seconds left.\n|\n|t:|1700771900\n|switch|p1a: Orthworm|Orthworm, M|100\/100\n|move|p2a: SKRUNLY|Ice Beam|p1a: Orthworm\n|-resisted|p1a: Orthworm\n|-damage|p1a: Orthworm|78\/100\n|\n|-heal|p1a: Orthworm|84\/100|[from] item: Leftovers\n|upkeep\n|turn|6\n|c|\u2606Metal-sonic-simp|true\n|\n|t:|1700771924\n|move|p2a: SKRUNLY|Extrasensory|p1a: Orthworm\n|-resisted|p1a: Orthworm\n|-damage|p1a: Orthworm|65\/100\n|move|p1a: Orthworm|Body Press|p2a: SKRUNLY\n|-supereffective|p2a: SKRUNLY\n|-damage|p2a: SKRUNLY|16\/100\n|\n|-heal|p1a: Orthworm|71\/100|[from] item: Leftovers\n|upkeep\n|turn|7\n|inactive|PennyPoffen has 120 seconds left.\n|c|\u2606PennyPoffen|but with crit i think it would be over 50%\n|\n|t:|1700771945\n|switch|p2a: Carry|Mewtwo|100\/100\n|-ability|p2a: Carry|Unnerve\n|move|p1a: Orthworm|Iron Tail|p2a: Carry\n|-crit|p2a: Carry\n|-damage|p2a: Carry|56\/100\n|-damage|p1a: Orthworm|55\/100|[from] item: Rocky Helmet|[of] p2a: Carry\n|\n|-heal|p1a: Orthworm|61\/100|[from] item: Leftovers\n|upkeep\n|turn|8\n|inactive|PennyPoffen has 120 seconds left.\n|\n|t:|1700771955\n|move|p2a: Carry|Fire Blast|p1a: Orthworm\n|-supereffective|p1a: Orthworm\n|-damage|p1a: Orthworm|0 fnt\n|faint|p1a: Orthworm\n|\n|upkeep\n|\n|t:|1700771959\n|switch|p1a: Cyclizar|Cyclizar, M|83\/100\n|turn|9\n|\n|t:|1700771965\n|move|p1a: Cyclizar|Shed Tail|p1a: Cyclizar\n|-start|p1a: Cyclizar|Substitute|[from] move: Shed Tail\n|-damage|p1a: Cyclizar|33\/100\n|\n|t:|1700771972\n|switch|p1a: Electrode|Electrode-Hisui|100\/100|[from] Shed Tail\n|move|p2a: Carry|Psychic|p1a: Electrode\n|-end|p1a: Electrode|Substitute\n|\n|upkeep\n|turn|10\n|c|\u2606Metal-sonic-simp|your team is really weak to ice btw\n|inactive|PennyPoffen has 120 seconds left.\n|c|\u2606PennyPoffen|why did i do that lol?\n|c|\u2606PennyPoffen|yeah ik\n|c|\u2606Metal-sonic-simp|alright just letting you know\n|c|\u2606Metal-sonic-simp|also idk\n|c|\u2606PennyPoffen|but ice is pretty frail so i think i can break it easy\n|inactive|PennyPoffen has 90 seconds left.\n|\n|t:|1700772033\n|move|p1a: Electrode|Leaf Storm|p2a: Carry\n|-damage|p2a: Carry|0 fnt\n|-unboost|p1a: Electrode|spa|2\n|faint|p2a: Carry\n|\n|upkeep\n|c|\u2606Metal-sonic-simp|Yeah true I just have 2 ice mons kinda\n|\n|t:|1700772046\n|switch|p2a: SKRUNLY|Greninja, M|16\/100\n|turn|11\n|\n|t:|1700772049\n|move|p2a: SKRUNLY|Water Shuriken|p1a: Electrode\n|-resisted|p1a: Electrode\n|-damage|p1a: Electrode|96\/100\n|-resisted|p1a: Electrode\n|-damage|p1a: Electrode|90\/100\n|-resisted|p1a: Electrode\n|-damage|p1a: Electrode|85\/100\n|-resisted|p1a: Electrode\n|-damage|p1a: Electrode|79\/100\n|-hitcount|p1a: Electrode|4\n|move|p1a: Electrode|Leaf Storm|p2a: SKRUNLY\n|-supereffective|p2a: SKRUNLY\n|-damage|p2a: SKRUNLY|0 fnt\n|-unboost|p1a: Electrode|spa|2\n|faint|p2a: SKRUNLY\n|\n|upkeep\n|c|\u2606Metal-sonic-simp|wrong move\n|\n|t:|1700772057\n|switch|p2a: Ice feirry|Ninetales-Alola, M|100\/100\n|-weather|Snow|[from] ability: Snow Warning|[of] p2a: Ice feirry\n|turn|12\n|c|\u2606PennyPoffen|i should have been faster either way unless you were scarf\n|inactive|PennyPoffen has 90 seconds left.\n|\n|t:|1700772081\n|switch|p1a: Cyclizar|Cyclizar, M|66\/100\n|move|p2a: Ice feirry|Blizzard|p1a: Cyclizar\n|-supereffective|p1a: Cyclizar\n|-damage|p1a: Cyclizar|0 fnt\n|faint|p1a: Cyclizar\n|\n|-weather|Snow|[upkeep]\n|upkeep\n|inactive|PennyPoffen has 90 seconds left.\n|c|\u2606Metal-sonic-simp|Nah I'm not scarf\n|c|\u2606PennyPoffen|oh\n|c|\u2606Metal-sonic-simp|It was loaded dice\n|c|\u2606Metal-sonic-simp|lol\n|c|\u2606PennyPoffen|ok\n|\n|t:|1700772111\n|switch|p1a: Arceus|Arceus|100\/100\n|turn|13\n|c|\u2606Metal-sonic-simp|gotta keep it interesting for me\n|\n|t:|1700772131\n|move|p2a: Ice feirry|Blizzard|p1a: Arceus\n|-damage|p1a: Arceus|76\/100\n|-status|p1a: Arceus|frz\n|-curestatus|p1a: Arceus|frz|[msg]\n|move|p1a: Arceus|Swords Dance|p1a: Arceus\n|-boost|p1a: Arceus|atk|2\n|\n|-weather|Snow|[upkeep]\n|upkeep\n|turn|14\n|c|\u2606Metal-sonic-simp|oh im dead\n|c|\u2606PennyPoffen|thank god i thawed\n|\n|t:|1700772156\n|move|p1a: Arceus|Extreme Speed|p2a: Ice feirry\n|-damage|p2a: Ice feirry|0 fnt\n|faint|p2a: Ice feirry\n|-damage|p1a: Arceus|66\/100|[from] item: Life Orb\n|\n|-weather|Snow|[upkeep]\n|upkeep\n|\n|t:|1700772160\n|switch|p2a: Flying gorilla|Rillaboom, M|100\/100\n|-fieldstart|move: Grassy Terrain|[from] ability: Grassy Surge|[of] p2a: Flying gorilla\n|-enditem|p2a: Flying gorilla|Grassy Seed\n|-boost|p2a: Flying gorilla|def|1|[from] item: Grassy Seed\n|turn|15\n|\n|t:|1700772178\n|-terastallize|p2a: Flying gorilla|Flying\n|move|p1a: Arceus|Extreme Speed|p2a: Flying gorilla\n|-damage|p2a: Flying gorilla|12\/100\n|-damage|p1a: Arceus|56\/100|[from] item: Life Orb\n|move|p2a: Flying gorilla|Grassy Glide|p1a: Arceus\n|-damage|p1a: Arceus|41\/100\n|\n|-weather|Snow|[upkeep]\n|-heal|p1a: Arceus|47\/100|[from] Grassy Terrain\n|upkeep\n|turn|16\n|\n|t:|1700772190\n|move|p1a: Arceus|Shadow Claw|p2a: Flying gorilla\n|-damage|p2a: Flying gorilla|0 fnt\n|faint|p2a: Flying gorilla\n|-damage|p1a: Arceus|37\/100|[from] item: Life Orb\n|\n|-weather|none\n|-heal|p1a: Arceus|43\/100|[from] Grassy Terrain\n|upkeep\n|\n|t:|1700772192\n|switch|p2a: dragon counter|Articuno-Galar, shiny|100\/100\n|turn|17\n|c|\u2606PennyPoffen|dragon counter lol\n|\n|t:|1700772210\n|move|p1a: Arceus|Extreme Speed|p2a: dragon counter\n|-damage|p2a: dragon counter|0 fnt\n|faint|p2a: dragon counter\n|-damage|p1a: Arceus|33\/100|[from] item: Life Orb\n|\n|win|PennyPoffen\n|raw|PennyPoffen's rating: 1136 &rarr; <strong>1160<\/strong><br \/>(+24 for winning)\n|raw|Metal-sonic-simp's rating: 1124 &rarr; <strong>1100<\/strong><br \/>(-24 for losing)\n|c|\u2606PennyPoffen|gg\n|c|\u2606Metal-sonic-simp|ggs\n","uploadtime":1700772225,"views":4,"p1id":"pennypoffen","p2id":"metalsonicsimp","formatid":"gen9ubers","rating":1100,"private":0,"password":""}