{"id":"gen9ubers-1994357221","p1":"WornP7154","p2":"Lass Veronica","format":"[Gen 9] Ubers","log":"|j|\u2606WornP7154\n|j|\u2606Lass Veronica\n|t:|1700434715\n|gametype|singles\n|player|p1|WornP7154|lucas|1139\n|player|p2|Lass Veronica|lady-gen4|1145\n|teamsize|p1|6\n|teamsize|p2|6\n|gen|9\n|tier|[Gen 9] Ubers\n|rated|\n|rule|Sleep Clause Mod: Limit one foe put to sleep\n|rule|Species Clause: Limit one of each Pok\u00e9mon\n|rule|OHKO Clause: OHKO moves are banned\n|rule|Evasion Items Clause: Evasion items are banned\n|rule|Evasion Moves Clause: Evasion moves are banned\n|rule|Endless Battle Clause: Forcing endless battles is banned\n|rule|HP Percentage Mod: HP is shown in percentages\n|clearpoke\n|poke|p1|Umbreon, M|\n|poke|p1|Garchomp, F|\n|poke|p1|Sylveon, F|\n|poke|p1|Iron Bundle|\n|poke|p1|Zacian-*|\n|poke|p1|Volcarona, F|\n|poke|p2|Regieleki|\n|poke|p2|Gogoat, F|\n|poke|p2|Eelektross, M|\n|poke|p2|Noivern, F|\n|poke|p2|Corviknight, F|\n|poke|p2|Ursaring, M|\n|teampreview\n|\n|t:|1700434719\n|start\n|switch|p1a: Iron Bundle|Iron Bundle|100\/100\n|switch|p2a: Gogoat|Gogoat, F|100\/100\n|turn|1\n|inactive|Battle timer is ON: inactive players will automatically lose when time's up. (requested by WornP7154)\n|\n|t:|1700434726\n|move|p1a: Iron Bundle|Freeze-Dry|p2a: Gogoat\n|-supereffective|p2a: Gogoat\n|-damage|p2a: Gogoat|53\/100\n|-status|p2a: Gogoat|frz\n|cant|p2a: Gogoat|frz\n|\n|-heal|p2a: Gogoat|60\/100 frz|[from] item: Leftovers\n|upkeep\n|turn|2\n|\n|t:|1700434736\n|switch|p2a: Ursaring|Ursaring, M|100\/100\n|-ability|p2a: Ursaring|Unnerve\n|move|p1a: Iron Bundle|U-turn|p2a: Ursaring\n|-crit|p2a: Ursaring\n|-damage|p2a: Ursaring|87\/100\n|\n|t:|1700434745\n|-end|p1a: Iron Bundle|Quark Drive|[silent]\n|switch|p1a: Zacian|Zacian-Crowned|100\/100|[from] U-turn\n|-ability|p1a: Zacian|Intrepid Sword|boost\n|-boost|p1a: Zacian|atk|1\n|\n|upkeep\n|turn|3\n|\n|t:|1700434751\n|move|p1a: Zacian|Close Combat|p2a: Ursaring\n|-supereffective|p2a: Ursaring\n|-damage|p2a: Ursaring|0 fnt\n|-unboost|p1a: Zacian|def|1\n|-unboost|p1a: Zacian|spd|1\n|faint|p2a: Ursaring\n|\n|upkeep\n|\n|t:|1700434757\n|switch|p2a: Regieleki|Regieleki|100\/100\n|turn|4\n|\n|t:|1700434771\n|move|p2a: Regieleki|Thunderbolt|p1a: Zacian\n|-crit|p1a: Zacian\n|-damage|p1a: Zacian|0 fnt\n|faint|p1a: Zacian\n|\n|upkeep\n|\n|t:|1700434776\n|switch|p1a: Garchomp|Garchomp, F|100\/100\n|turn|5\n|\n|t:|1700434781\n|switch|p2a: Noivern|Noivern, F, shiny|100\/100\n|move|p1a: Garchomp|Swords Dance|p1a: Garchomp\n|-boost|p1a: Garchomp|atk|2\n|\n|upkeep\n|turn|6\n|\n|t:|1700434789\n|move|p2a: Noivern|Air Slash|p1a: Garchomp\n|-damage|p1a: Garchomp|56\/100\n|-damage|p2a: Noivern|91\/100|[from] item: Life Orb\n|move|p1a: Garchomp|Scale Shot|p2a: Noivern\n|-supereffective|p2a: Noivern\n|-crit|p2a: Noivern\n|-damage|p2a: Noivern|0 fnt\n|faint|p2a: Noivern\n|-hitcount|p2: Noivern|1\n|-unboost|p1a: Garchomp|def|1\n|-boost|p1a: Garchomp|spe|1\n|\n|upkeep\n|\n|t:|1700434803\n|switch|p2a: Corviknight|Corviknight, F|100\/100\n|turn|7\n|\n|t:|1700434808\n|move|p1a: Garchomp|Fire Fang|p2a: Corviknight\n|-supereffective|p2a: Corviknight\n|-damage|p2a: Corviknight|42\/100\n|move|p2a: Corviknight|Reflect|p2a: Corviknight\n|-sidestart|p2: Lass Veronica|Reflect\n|\n|upkeep\n|turn|8\n|\n|t:|1700434817\n|move|p1a: Garchomp|Fire Fang|p2a: Corviknight\n|-supereffective|p2a: Corviknight\n|-damage|p2a: Corviknight|16\/100\n|-status|p2a: Corviknight|brn\n|move|p2a: Corviknight|Light Screen|p2a: Corviknight\n|-sidestart|p2: Lass Veronica|move: Light Screen\n|\n|-damage|p2a: Corviknight|10\/100 brn|[from] brn\n|upkeep\n|turn|9\n|\n|t:|1700434824\n|move|p1a: Garchomp|Fire Fang|p2a: Corviknight\n|-supereffective|p2a: Corviknight\n|-damage|p2a: Corviknight|0 fnt\n|faint|p2a: Corviknight\n|\n|upkeep\n|\n|t:|1700434829\n|switch|p2a: Regieleki|Regieleki|100\/100\n|turn|10\n|\n|t:|1700434842\n|move|p2a: Regieleki|Rapid Spin|p1a: Garchomp\n|-crit|p1a: Garchomp\n|-damage|p1a: Garchomp|33\/100\n|-boost|p2a: Regieleki|spe|1\n|-damage|p2a: Regieleki|88\/100|[from] ability: Rough Skin|[of] p1a: Garchomp\n|-damage|p2a: Regieleki|72\/100|[from] item: Rocky Helmet|[of] p1a: Garchomp\n|move|p1a: Garchomp|Earthquake|p2a: Regieleki\n|-supereffective|p2a: Regieleki\n|-damage|p2a: Regieleki|0 fnt\n|faint|p2a: Regieleki\n|\n|upkeep\n|\n|t:|1700434853\n|switch|p2a: Eelektross|Eelektross, M|100\/100\n|turn|11\n|\n|t:|1700434866\n|move|p1a: Garchomp|Scale Shot|p2a: Eelektross\n|-damage|p2a: Eelektross|86\/100\n|-damage|p2a: Eelektross|73\/100\n|-hitcount|p2a: Eelektross|2\n|-unboost|p1a: Garchomp|def|1\n|-boost|p1a: Garchomp|spe|1\n|move|p2a: Eelektross|Dragon Claw|p1a: Garchomp\n|-supereffective|p1a: Garchomp\n|-damage|p1a: Garchomp|0 fnt\n|-damage|p2a: Eelektross|61\/100|[from] ability: Rough Skin|[of] p1a: Garchomp\n|-damage|p2a: Eelektross|44\/100|[from] item: Rocky Helmet|[of] p1a: Garchomp\n|faint|p1a: Garchomp\n|-heal|p2a: Eelektross|48\/100|[from] item: Shell Bell|[of] p1: Garchomp\n|\n|upkeep\n|\n|t:|1700434878\n|switch|p1a: Volcarona|Volcarona, F, shiny|100\/100\n|turn|12\n|\n|t:|1700434882\n|move|p1a: Volcarona|Fiery Dance|p2a: Eelektross\n|-damage|p2a: Eelektross|24\/100\n|move|p2a: Eelektross|Dragon Claw|p1a: Volcarona\n|-damage|p1a: Volcarona|59\/100\n|-heal|p2a: Eelektross|28\/100|[from] item: Shell Bell|[of] p1a: Volcarona\n|\n|upkeep\n|turn|13\n|\n|t:|1700434890\n|move|p1a: Volcarona|Quiver Dance|p1a: Volcarona\n|-boost|p1a: Volcarona|spa|1\n|-boost|p1a: Volcarona|spd|1\n|-boost|p1a: Volcarona|spe|1\n|move|p2a: Eelektross|Drain Punch|p1a: Volcarona\n|-resisted|p1a: Volcarona\n|-damage|p1a: Volcarona|38\/100\n|-heal|p2a: Eelektross|37\/100|[from] drain|[of] p1a: Volcarona\n|-heal|p2a: Eelektross|39\/100|[from] item: Shell Bell|[of] p1a: Volcarona\n|\n|upkeep\n|turn|14\n|\n|t:|1700434900\n|move|p1a: Volcarona|Giga Drain|p2a: Eelektross\n|-damage|p2a: Eelektross|17\/100\n|-heal|p1a: Volcarona|52\/100|[from] drain|[of] p2a: Eelektross\n|move|p2a: Eelektross|Drain Punch|p1a: Volcarona\n|-resisted|p1a: Volcarona\n|-damage|p1a: Volcarona|32\/100\n|-heal|p2a: Eelektross|25\/100|[from] drain|[of] p1a: Volcarona\n|-heal|p2a: Eelektross|27\/100|[from] item: Shell Bell|[of] p1a: Volcarona\n|\n|-sideend|p2: Lass Veronica|Reflect\n|upkeep\n|turn|15\n|\n|t:|1700434909\n|move|p1a: Volcarona|Giga Drain|p2a: Eelektross\n|-damage|p2a: Eelektross|2\/100\n|-heal|p1a: Volcarona|47\/100|[from] drain|[of] p2a: Eelektross\n|move|p2a: Eelektross|Drain Punch|p1a: Volcarona\n|-resisted|p1a: Volcarona\n|-damage|p1a: Volcarona|25\/100\n|-heal|p2a: Eelektross|11\/100|[from] drain|[of] p1a: Volcarona\n|-status|p2a: Eelektross|brn|[from] ability: Flame Body|[of] p1a: Volcarona\n|-heal|p2a: Eelektross|14\/100 brn|[from] item: Shell Bell|[of] p1a: Volcarona\n|\n|-damage|p2a: Eelektross|7\/100 brn|[from] brn\n|-sideend|p2: Lass Veronica|move: Light Screen\n|upkeep\n|turn|16\n|-message|Lass Veronica forfeited.\n|\n|win|WornP7154\n|raw|WornP7154's rating: 1139 &rarr; <strong>1164<\/strong><br \/>(+25 for winning)\n|raw|Lass Veronica's rating: 1145 &rarr; <strong>1120<\/strong><br \/>(-25 for losing)\n|l|\u2606Lass Veronica\n","uploadtime":1700434927,"views":3,"p1id":"wornp7154","p2id":"lassveronica","formatid":"gen9ubers","rating":1120,"private":0,"password":""}