{"id":"gen9ubers-1969280260","p1":"Sol CPU","p2":"DeadGoblin","format":"[Gen 9] Ubers","log":"|j|\u2606Sol CPU\n|j|\u2606DeadGoblin\n|t:|1697509256\n|gametype|singles\n|player|p1|Sol CPU|ethan|\n|player|p2|DeadGoblin|cynthia|\n|teamsize|p1|6\n|teamsize|p2|6\n|gen|9\n|tier|[Gen 9] Ubers\n|rule|Sleep Clause Mod: Limit one foe put to sleep\n|rule|Species Clause: Limit one of each Pok\u00e9mon\n|rule|OHKO Clause: OHKO moves are banned\n|rule|Evasion Items Clause: Evasion items are banned\n|rule|Evasion Moves Clause: Evasion moves are banned\n|rule|Endless Battle Clause: Forcing endless battles is banned\n|rule|HP Percentage Mod: HP is shown in percentages\n|clearpoke\n|poke|p1|Muk-Alola, M|\n|poke|p1|Volcarona, F|\n|poke|p1|Meloetta|\n|poke|p1|Lycanroc-Dusk, M|\n|poke|p1|Dragalge, M|\n|poke|p1|Sylveon, F|\n|poke|p2|Gholdengo|\n|poke|p2|Gardevoir, F|\n|poke|p2|Armarouge, M|\n|poke|p2|Wo-Chien|\n|poke|p2|Cyclizar, M|\n|poke|p2|Moltres-Galar|\n|teampreview\n|j| BLACK METAL 3\n|j| Squirshawott\n|c|\u2606DeadGoblin|I wish I could kill mself in front of a beautiful woman :v\n|c| BLACK METAL 3|xdd\n|j| slugmaaa\n|c| slugmaaa|gob wtf...\n|c|\u2606DeadGoblin|yes\n|c| slugmaaa|you have gardevoir, thats a beautiful woman\n|c| slugmaaa|google gardevoir\n|c| slugmaaa|if yanno what i mean\n|j| RoamingDia\n|c|\u2606DeadGoblin|Jason I will grind your bones to dust for bricks and mortar\n|\n|t:|1697509447\n|start\n|switch|p1a: The Cooler Muk|Muk-Alola, M|100\/100\n|switch|p2a: BIRD UP|Moltres-Galar|100\/100\n|turn|1\n|\n|t:|1697509468\n|move|p2a: BIRD UP|Fiery Wrath|p1a: The Cooler Muk\n|-resisted|p1a: The Cooler Muk\n|-damage|p1a: The Cooler Muk|83\/100\n|move|p1a: The Cooler Muk|Knock Off|p2a: BIRD UP\n|-resisted|p2a: BIRD UP\n|-damage|p2a: BIRD UP|76\/100\n|-enditem|p2a: BIRD UP|Weakness Policy|[from] move: Knock Off|[of] p1a: The Cooler Muk\n|\n|-heal|p1a: The Cooler Muk|89\/100|[from] item: Black Sludge\n|upkeep\n|turn|2\n|\n|t:|1697509485\n|switch|p2a: Live Reaction|Wo-Chien|100\/100\n|-ability|p2a: Live Reaction|Tablets of Ruin\n|move|p1a: The Cooler Muk|Toxic|p2a: Live Reaction\n|-status|p2a: Live Reaction|tox\n|\n|-heal|p1a: The Cooler Muk|95\/100|[from] item: Black Sludge\n|-damage|p2a: Live Reaction|94\/100 tox|[from] psn\n|upkeep\n|turn|3\n|\n|t:|1697509495\n|move|p2a: Live Reaction|Body Press|p1a: The Cooler Muk\n|-damage|p1a: The Cooler Muk|72\/100\n|move|p1a: The Cooler Muk|Knock Off|p2a: Live Reaction\n|-resisted|p2a: Live Reaction\n|-damage|p2a: Live Reaction|84\/100 tox\n|-damage|p1a: The Cooler Muk|55\/100|[from] item: Rocky Helmet|[of] p2a: Live Reaction\n|-enditem|p2a: Live Reaction|Rocky Helmet|[from] move: Knock Off|[of] p1a: The Cooler Muk\n|\n|-heal|p1a: The Cooler Muk|61\/100|[from] item: Black Sludge\n|-damage|p2a: Live Reaction|72\/100 tox|[from] psn\n|upkeep\n|turn|4\n|\n|t:|1697509510\n|move|p2a: Live Reaction|Stun Spore|p1a: The Cooler Muk\n|-status|p1a: The Cooler Muk|par\n|move|p1a: The Cooler Muk|Poison Jab|p2a: Live Reaction\n|-supereffective|p2a: Live Reaction\n|-crit|p2a: Live Reaction\n|-damage|p2a: Live Reaction|21\/100 tox\n|\n|-heal|p1a: The Cooler Muk|67\/100 par|[from] item: Black Sludge\n|-damage|p2a: Live Reaction|3\/100 tox|[from] psn\n|upkeep\n|turn|5\n|j| Pkpowers310\n|\n|t:|1697509543\n|switch|p2a: IsAGoodConducter|Gholdengo|100\/100\n|switch|p1a: Not Kingdra|Dragalge, M|100\/100\n|\n|upkeep\n|turn|6\n|\n|t:|1697509556\n|move|p2a: IsAGoodConducter|Nasty Plot|p2a: IsAGoodConducter\n|-boost|p2a: IsAGoodConducter|spa|2\n|move|p1a: Not Kingdra|Shadow Ball|p2a: IsAGoodConducter\n|-supereffective|p2a: IsAGoodConducter\n|-damage|p2a: IsAGoodConducter|38\/100\n|\n|upkeep\n|turn|7\n|\n|t:|1697509574\n|switch|p2a: MEGAMAN X|Armarouge, M, shiny|100\/100\n|move|p1a: Not Kingdra|Shadow Ball|p2a: MEGAMAN X\n|-supereffective|p2a: MEGAMAN X\n|-damage|p2a: MEGAMAN X|40\/100\n|-enditem|p2a: MEGAMAN X|Weakness Policy\n|-boost|p2a: MEGAMAN X|atk|2|[from] item: Weakness Policy\n|-boost|p2a: MEGAMAN X|spa|2|[from] item: Weakness Policy\n|\n|upkeep\n|turn|8\n|c| Squirshawott|wait gob\n|c| Squirshawott|lmaoo\n|c|\u2606DeadGoblin|eh\n|l| Pkpowers310\n|\n|t:|1697509606\n|move|p2a: MEGAMAN X|Dark Pulse|p1a: Not Kingdra\n|-damage|p1a: Not Kingdra|72\/100\n|move|p1a: Not Kingdra|Scald|p2a: MEGAMAN X\n|-supereffective|p2a: MEGAMAN X\n|-damage|p2a: MEGAMAN X|0 fnt\n|faint|p2a: MEGAMAN X\n|\n|upkeep\n|c|\u2606DeadGoblin|Oh I'm killing myslef\n|\n|t:|1697509625\n|switch|p2a: HungryBox|Cyclizar, M, shiny|100\/100\n|turn|9\n|j| Pkpowers310\n|\n|t:|1697509632\n|move|p2a: HungryBox|U-turn|p1a: Not Kingdra\n|-resisted|p1a: Not Kingdra\n|-damage|p1a: Not Kingdra|63\/100\n|\n|t:|1697509636\n|switch|p2a: Estrella|Gardevoir, F, shiny|100\/100|[from] U-turn\n|-ability|p2a: Estrella|Adaptability|[from] ability: Trace|[of] p1a: Not Kingdra\n|move|p1a: Not Kingdra|Dragon Pulse|p2a: Estrella\n|-immune|p2a: Estrella\n|\n|upkeep\n|turn|10\n|\n|t:|1697509647\n|move|p2a: Estrella|Moonblast|p1a: Not Kingdra\n|-damage|p1a: Not Kingdra|27\/100\n|move|p1a: Not Kingdra|Shadow Ball|p2a: Estrella\n|-supereffective|p2a: Estrella\n|-damage|p2a: Estrella|43\/100\n|-unboost|p2a: Estrella|spd|1\n|\n|upkeep\n|turn|11\n|\n|t:|1697509673\n|switch|p1a: The Cooler Muk|Muk-Alola, M|67\/100 par\n|move|p2a: Estrella|Moonblast|p1a: The Cooler Muk\n|-damage|p1a: The Cooler Muk|13\/100 par\n|\n|-heal|p1a: The Cooler Muk|19\/100 par|[from] item: Black Sludge\n|upkeep\n|turn|12\n|\n|t:|1697509686\n|move|p2a: Estrella|Moonblast|p1a: The Cooler Muk\n|-damage|p1a: The Cooler Muk|0 fnt\n|faint|p1a: The Cooler Muk\n|\n|upkeep\n|\n|t:|1697509708\n|switch|p1a: M O T H|Volcarona, F|100\/100\n|turn|13\n|\n|t:|1697509718\n|switch|p2a: HungryBox|Cyclizar, M, shiny|100\/100\n|move|p1a: M O T H|Bug Buzz|p2a: HungryBox\n|-damage|p2a: HungryBox|19\/100\n|-enditem|p2a: HungryBox|Sitrus Berry|[eat]\n|-heal|p2a: HungryBox|44\/100|[from] item: Sitrus Berry\n|\n|upkeep\n|turn|14\n|l| Pkpowers310\n|\n|t:|1697509741\n|move|p2a: HungryBox|U-turn|p1a: M O T H\n|-resisted|p1a: M O T H\n|-damage|p1a: M O T H|88\/100\n|j| Pkpowers310\n|\n|t:|1697509749\n|switch|p2a: Live Reaction|Wo-Chien|3\/100 tox|[from] U-turn\n|-ability|p2a: Live Reaction|Tablets of Ruin\n|move|p1a: M O T H|Quiver Dance|p1a: M O T H\n|-boost|p1a: M O T H|spa|1\n|-boost|p1a: M O T H|spd|1\n|-boost|p1a: M O T H|spe|1\n|\n|-heal|p1a: M O T H|94\/100|[from] item: Leftovers\n|-damage|p2a: Live Reaction|0 fnt|[from] psn\n|faint|p2a: Live Reaction\n|upkeep\n|\n|t:|1697509767\n|switch|p2a: IsAGoodConducter|Gholdengo|38\/100\n|turn|15\n|\n|t:|1697509776\n|move|p1a: M O T H|Flamethrower|p2a: IsAGoodConducter\n|-supereffective|p2a: IsAGoodConducter\n|-damage|p2a: IsAGoodConducter|0 fnt\n|faint|p2a: IsAGoodConducter\n|\n|-heal|p1a: M O T H|99\/100|[from] item: Leftovers\n|upkeep\n|\n|t:|1697509783\n|switch|p2a: BIRD UP|Moltres-Galar|76\/100\n|turn|16\n|\n|t:|1697509811\n|move|p1a: M O T H|Flamethrower|p2a: BIRD UP\n|-damage|p2a: BIRD UP|5\/100\n|-ability|p2a: BIRD UP|Berserk|boost\n|-boost|p2a: BIRD UP|spa|1\n|move|p2a: BIRD UP|Air Slash|p1a: M O T H\n|-supereffective|p1a: M O T H\n|-damage|p1a: M O T H|18\/100\n|\n|-heal|p1a: M O T H|24\/100|[from] item: Leftovers\n|upkeep\n|turn|17\n|\n|t:|1697509822\n|move|p1a: M O T H|Flamethrower|p2a: BIRD UP\n|-damage|p2a: BIRD UP|0 fnt\n|faint|p2a: BIRD UP\n|\n|-heal|p1a: M O T H|30\/100|[from] item: Leftovers\n|upkeep\n|\n|t:|1697509828\n|switch|p2a: HungryBox|Cyclizar, M, shiny|78\/100\n|turn|18\n|\n|t:|1697509837\n|move|p1a: M O T H|Bug Buzz|p2a: HungryBox\n|-damage|p2a: HungryBox|0 fnt\n|faint|p2a: HungryBox\n|\n|-heal|p1a: M O T H|37\/100|[from] item: Leftovers\n|upkeep\n|\n|t:|1697509842\n|switch|p2a: Estrella|Gardevoir, F, shiny|43\/100\n|-ability|p2a: Estrella|Flame Body|[from] ability: Trace|[of] p1a: M O T H\n|turn|19\n|\n|t:|1697509851\n|move|p1a: M O T H|Bug Buzz|p2a: Estrella\n|-damage|p2a: Estrella|0 fnt\n|faint|p2a: Estrella\n|\n|win|Sol CPU\n|l|\u2606DeadGoblin\n|l|\u2606Sol CPU\n","uploadtime":1697509873,"views":11,"p1id":"solcpu","p2id":"deadgoblin","formatid":"gen9ubers","rating":0,"private":0,"password":""}