{"id":"gen9ubers-1993020422","p1":"IUXCelestialQueen","p2":"darcia","format":"[Gen 9] Ubers","log":"|j|\u2606IUXCelestialQueen\n|j|\u2606darcia\n|t:|1700256170\n|gametype|singles\n|player|p1|IUXCelestialQueen|penny|\n|player|p2|darcia|grimsley|\n|teamsize|p1|6\n|teamsize|p2|6\n|gen|9\n|tier|[Gen 9] Ubers\n|rule|Sleep Clause Mod: Limit one foe put to sleep\n|rule|Species Clause: Limit one of each Pok\u00e9mon\n|rule|OHKO Clause: OHKO moves are banned\n|rule|Evasion Items Clause: Evasion items are banned\n|rule|Evasion Moves Clause: Evasion moves are banned\n|rule|Endless Battle Clause: Forcing endless battles is banned\n|rule|HP Percentage Mod: HP is shown in percentages\n|clearpoke\n|poke|p1|Ogerpon-Hearthflame, F|\n|poke|p1|Clefable, F|\n|poke|p1|Milotic, F|\n|poke|p1|Magnezone|\n|poke|p1|Mandibuzz, F|\n|poke|p1|Mienshao, F|\n|poke|p2|Regieleki|\n|poke|p2|Zoroark-Hisui, F|\n|poke|p2|Okidogi, M|\n|poke|p2|Krookodile, F|\n|poke|p2|Rotom-Heat|\n|poke|p2|Meowscarada, M|\n|teampreview\n|\n|t:|1700256191\n|start\n|switch|p1a: Mumther|Mandibuzz, F, shiny|100\/100\n|switch|p2a: Setzer|Meowscarada, M, shiny|100\/100\n|turn|1\n|\n|t:|1700256200\n|move|p2a: Setzer|Trick|p1a: Mumther\n|-activate|p2a: Setzer|move: Trick|[of] p1a: Mumther\n|-item|p1a: Mumther|Choice Specs|[from] move: Trick\n|-item|p2a: Setzer|Heavy-Duty Boots|[from] move: Trick\n|move|p1a: Mumther|Toxic|p2a: Setzer\n|-status|p2a: Setzer|tox\n|\n|-damage|p2a: Setzer|95\/100 tox|[from] psn\n|upkeep\n|turn|2\n|\n|t:|1700256220\n|switch|p1a: Stardust|Clefable, F, shiny|100\/100\n|move|p2a: Setzer|Shadow Ball|p1a: Stardust\n|-damage|p1a: Stardust|63\/100\n|-unboost|p1a: Stardust|spd|1\n|\n|-heal|p1a: Stardust|69\/100|[from] item: Leftovers\n|-damage|p2a: Setzer|83\/100 tox|[from] psn\n|upkeep\n|turn|3\n|\n|t:|1700256231\n|switch|p1a: Mumther|Mandibuzz, F, shiny|100\/100\n|move|p2a: Setzer|Hyper Voice|p1a: Mumther\n|-damage|p1a: Mumther|63\/100\n|\n|-damage|p2a: Setzer|65\/100 tox|[from] psn\n|upkeep\n|turn|4\n|\n|t:|1700256247\n|switch|p2a: Heather|Krookodile, F|100\/100\n|-ability|p2a: Heather|Intimidate|boost\n|-unboost|p1a: Mumther|atk|1\n|move|p1a: Mumther|Foul Play|p2a: Heather\n|-resisted|p2a: Heather\n|-damage|p2a: Heather|71\/100\n|\n|upkeep\n|turn|5\n|\n|t:|1700256259\n|switch|p1a: Stardust|Clefable, F, shiny|69\/100\n|move|p2a: Heather|Stealth Rock|p1a: Stardust\n|-sidestart|p1: IUXCelestialQueen|move: Stealth Rock\n|\n|-heal|p1a: Stardust|75\/100|[from] item: Leftovers\n|upkeep\n|turn|6\n|\n|t:|1700256269\n|move|p2a: Heather|Taunt|p1a: Stardust\n|-start|p1a: Stardust|move: Taunt\n|move|p1a: Stardust|Moonblast|p2a: Heather\n|-supereffective|p2a: Heather\n|-crit|p2a: Heather\n|-damage|p2a: Heather|0 fnt\n|faint|p2a: Heather\n|\n|-heal|p1a: Stardust|81\/100|[from] item: Leftovers\n|upkeep\n|\n|t:|1700256282\n|switch|p2a: Raijin|Regieleki|100\/100\n|turn|7\n|\n|t:|1700256293\n|move|p2a: Raijin|Volt Switch|p1a: Stardust\n|-damage|p1a: Stardust|28\/100\n|\n|t:|1700256300\n|switch|p2a: Heat-Man|Rotom-Heat|100\/100|[from] Volt Switch\n|move|p1a: Stardust|Moonblast|p2a: Heat-Man\n|-resisted|p2a: Heat-Man\n|-damage|p2a: Heat-Man|82\/100\n|\n|-heal|p2a: Heat-Man|88\/100|[from] item: Leftovers\n|-heal|p1a: Stardust|34\/100|[from] item: Leftovers\n|upkeep\n|turn|8\n|\n|t:|1700256327\n|move|p2a: Heat-Man|Overheat|p1a: Stardust\n|-damage|p1a: Stardust|0 fnt\n|-unboost|p2a: Heat-Man|spa|2\n|faint|p1a: Stardust\n|\n|-heal|p2a: Heat-Man|94\/100|[from] item: Leftovers\n|upkeep\n|\n|t:|1700256333\n|switch|p1a: Melody|Milotic, F, shiny|100\/100\n|-damage|p1a: Melody|88\/100|[from] Stealth Rock\n|turn|9\n|\n|t:|1700256342\n|move|p2a: Heat-Man|Volt Switch|p1a: Melody\n|-supereffective|p1a: Melody\n|-damage|p1a: Melody|71\/100\n|\n|t:|1700256351\n|switch|p2a: Setzer|Meowscarada, M, shiny|65\/100 tox|[from] Volt Switch\n|move|p1a: Melody|Scald|p2a: Setzer\n|-damage|p2a: Setzer|6\/100 tox\n|replace|p2a: Ace|Zoroark-Hisui, F\n|-end|p2a: Ace|Illusion\n|\n|-damage|p2a: Ace|0 fnt|[from] psn\n|faint|p2a: Ace\n|-status|p1a: Melody|brn|[from] item: Flame Orb\n|upkeep\n|\n|t:|1700256369\n|switch|p2a: Setzer|Meowscarada, M, shiny|100\/100\n|turn|10\n|\n|t:|1700256373\n|-terastallize|p1a: Melody|Steel\n|move|p2a: Setzer|Play Rough|p1a: Melody\n|-start|p2a: Setzer|typechange|Fairy|[from] ability: Protean\n|-resisted|p1a: Melody\n|-damage|p1a: Melody|56\/100 brn\n|move|p1a: Melody|Draining Kiss|p2a: Setzer\n|-damage|p2a: Setzer|84\/100\n|-heal|p1a: Melody|65\/100 brn|[from] drain|[of] p2a: Setzer\n|\n|-damage|p1a: Melody|59\/100 brn|[from] brn\n|upkeep\n|turn|11\n|\n|t:|1700256395\n|switch|p2a: Heat-Man|Rotom-Heat|94\/100\n|move|p1a: Melody|Recover|p1a: Melody\n|-heal|p1a: Melody|100\/100 brn\n|\n|-heal|p2a: Heat-Man|99\/100|[from] item: Leftovers\n|-damage|p1a: Melody|94\/100 brn|[from] brn\n|upkeep\n|turn|12\n|\n|t:|1700256421\n|switch|p1a: Mumther|Mandibuzz, F, shiny|63\/100\n|-damage|p1a: Mumther|38\/100|[from] Stealth Rock\n|move|p2a: Heat-Man|Protect||[still]\n|-fail|p2a: Heat-Man\n|\n|-heal|p2a: Heat-Man|100\/100|[from] item: Leftovers\n|upkeep\n|turn|13\n|\n|t:|1700256435\n|move|p2a: Heat-Man|Volt Switch|p1a: Mumther\n|-supereffective|p1a: Mumther\n|-damage|p1a: Mumther|0 fnt\n|faint|p1a: Mumther\n|\n|t:|1700256447\n|switch|p2a: Raijin|Regieleki|100\/100|[from] Volt Switch\n|\n|upkeep\n|\n|t:|1700256454\n|switch|p1a: Sparky|Magnezone, shiny|100\/100\n|-damage|p1a: Sparky|94\/100|[from] Stealth Rock\n|turn|14\n|\n|t:|1700256472\n|move|p2a: Raijin|Volt Switch|p1a: Sparky\n|-resisted|p1a: Sparky\n|-damage|p1a: Sparky|60\/100\n|\n|t:|1700256477\n|switch|p2a: Heat-Man|Rotom-Heat|100\/100|[from] Volt Switch\n|move|p1a: Sparky|Steel Beam|p2a: Heat-Man\n|-resisted|p2a: Heat-Man\n|-damage|p2a: Heat-Man|66\/100\n|-damage|p1a: Sparky|10\/100|[from] steelbeam\n|\n|-heal|p2a: Heat-Man|72\/100|[from] item: Leftovers\n|upkeep\n|turn|15\n|\n|t:|1700256496\n|move|p2a: Heat-Man|Protect|p2a: Heat-Man\n|-singleturn|p2a: Heat-Man|Protect\n|move|p1a: Sparky|Steel Beam|p2a: Heat-Man\n|-activate|p2a: Heat-Man|move: Protect\n|-damage|p1a: Sparky|0 fnt|[from] steelbeam\n|faint|p1a: Sparky\n|\n|-heal|p2a: Heat-Man|78\/100|[from] item: Leftovers\n|upkeep\n|\n|t:|1700256507\n|switch|p1a: Girl Boss|Ogerpon-Hearthflame, F|100\/100\n|-damage|p1a: Girl Boss|76\/100|[from] Stealth Rock\n|-ability|p1a: Girl Boss|Mold Breaker\n|turn|16\n|\n|t:|1700256517\n|move|p1a: Girl Boss|Trailblaze|p2a: Heat-Man\n|-resisted|p2a: Heat-Man\n|-damage|p2a: Heat-Man|60\/100\n|-boost|p1a: Girl Boss|spe|1\n|move|p2a: Heat-Man|Thunder Wave|p1a: Girl Boss\n|-status|p1a: Girl Boss|par\n|\n|-heal|p2a: Heat-Man|66\/100|[from] item: Leftovers\n|upkeep\n|turn|17\n|\n|t:|1700256528\n|move|p2a: Heat-Man|Overheat|p1a: Girl Boss\n|-damage|p1a: Girl Boss|8\/100 par\n|-unboost|p2a: Heat-Man|spa|2\n|move|p1a: Girl Boss|Trailblaze|p2a: Heat-Man\n|-resisted|p2a: Heat-Man\n|-damage|p2a: Heat-Man|48\/100\n|-boost|p1a: Girl Boss|spe|1\n|\n|-heal|p2a: Heat-Man|54\/100|[from] item: Leftovers\n|upkeep\n|turn|18\n|\n|t:|1700256542\n|move|p1a: Girl Boss|Power Whip|p2a: Heat-Man\n|-resisted|p2a: Heat-Man\n|-damage|p2a: Heat-Man|11\/100\n|move|p2a: Heat-Man|Overheat|p1a: Girl Boss\n|-damage|p1a: Girl Boss|0 fnt\n|-unboost|p2a: Heat-Man|spa|2\n|faint|p1a: Girl Boss\n|\n|-heal|p2a: Heat-Man|17\/100|[from] item: Leftovers\n|upkeep\n|\n|t:|1700256551\n|switch|p1a: Burrito|Mienshao, F, shiny|100\/100\n|-damage|p1a: Burrito|95\/100|[from] Stealth Rock\n|turn|19\n|\n|t:|1700256558\n|move|p2a: Heat-Man|Protect|p2a: Heat-Man\n|-singleturn|p2a: Heat-Man|Protect\n|move|p1a: Burrito|Knock Off|p2a: Heat-Man\n|-activate|p2a: Heat-Man|move: Protect\n|\n|-heal|p2a: Heat-Man|23\/100|[from] item: Leftovers\n|upkeep\n|turn|20\n|\n|t:|1700256572\n|move|p1a: Burrito|Knock Off|p2a: Heat-Man\n|-damage|p2a: Heat-Man|0 fnt\n|-enditem|p2a: Heat-Man|Leftovers|[from] move: Knock Off|[of] p1a: Burrito\n|faint|p2a: Heat-Man\n|\n|upkeep\n|\n|t:|1700256579\n|switch|p2a: Raijin|Regieleki|100\/100\n|turn|21\n|\n|t:|1700256586\n|switch|p1a: Melody|Milotic, F, shiny, tera:Steel|94\/100 brn\n|-damage|p1a: Melody|88\/100 brn|[from] Stealth Rock\n|move|p2a: Raijin|Thunderbolt|p1a: Melody\n|-damage|p1a: Melody|48\/100 brn\n|\n|-damage|p1a: Melody|42\/100 brn|[from] brn\n|upkeep\n|turn|22\n|\n|t:|1700256595\n|move|p2a: Raijin|Thunderbolt|p1a: Melody\n|-damage|p1a: Melody|0 fnt\n|faint|p1a: Melody\n|\n|upkeep\n|\n|t:|1700256600\n|switch|p1a: Burrito|Mienshao, F, shiny|95\/100\n|-damage|p1a: Burrito|89\/100|[from] Stealth Rock\n|turn|23\n|\n|t:|1700256605\n|move|p2a: Raijin|Thunderbolt|p1a: Burrito\n|-damage|p1a: Burrito|0 fnt\n|faint|p1a: Burrito\n|\n|win|darcia\n","uploadtime":1700256612,"views":41,"p1id":"iuxcelestialqueen","p2id":"darcia","formatid":"gen9ubers","rating":0,"private":0,"password":""}