{"id":"gen9ubers-1976833118","p1":"RubenPaCe","p2":"Base Liquids","format":"[Gen 9] Ubers","log":"|j|\u2606RubenPaCe\n|j|\u2606Base Liquids\n|t:|1698345000\n|gametype|singles\n|player|p1|RubenPaCe|102|\n|player|p2|Base Liquids|clown|\n|teamsize|p1|6\n|teamsize|p2|6\n|gen|9\n|tier|[Gen 9] Ubers\n|rule|Sleep Clause Mod: Limit one foe put to sleep\n|rule|Species Clause: Limit one of each Pok\u00e9mon\n|rule|OHKO Clause: OHKO moves are banned\n|rule|Evasion Items Clause: Evasion items are banned\n|rule|Evasion Moves Clause: Evasion moves are banned\n|rule|Endless Battle Clause: Forcing endless battles is banned\n|rule|HP Percentage Mod: HP is shown in percentages\n|clearpoke\n|poke|p1|Pelipper, F|\n|poke|p1|Palafin, M|\n|poke|p1|Basculegion-F, F|\n|poke|p1|Magearna|\n|poke|p1|Arceus-Poison|\n|poke|p1|Clefable, F|\n|poke|p2|Magearna|\n|poke|p2|Urshifu-*, M|\n|poke|p2|Chi-Yu|\n|poke|p2|Cyclizar, M|\n|poke|p2|Shaymin-Sky|\n|poke|p2|Arceus-Poison|\n|teampreview\n|c|\u2606RubenPaCe|hf!\n|c|\u2606Base Liquids|thanks you too\n|\n|t:|1698345035\n|start\n|switch|p1a: Arceus|Arceus-Poison|100\/100\n|switch|p2a: Shaymin|Shaymin-Sky|100\/100\n|turn|1\n|\n|t:|1698345049\n|switch|p2a: Magearna|Magearna|100\/100\n|move|p1a: Arceus|Judgment|p2a: Magearna\n|-immune|p2a: Magearna\n|\n|upkeep\n|turn|2\n|\n|t:|1698345057\n|move|p1a: Arceus|Calm Mind|p1a: Arceus\n|-boost|p1a: Arceus|spa|1\n|-boost|p1a: Arceus|spd|1\n|move|p2a: Magearna|Spikes|p1a: Arceus\n|-sidestart|p1: RubenPaCe|Spikes\n|\n|upkeep\n|turn|3\n|\n|t:|1698345063\n|move|p1a: Arceus|Calm Mind|p1a: Arceus\n|-boost|p1a: Arceus|spa|1\n|-boost|p1a: Arceus|spd|1\n|move|p2a: Magearna|Volt Switch|p1a: Arceus\n|-damage|p1a: Arceus|94\/100\n|\n|t:|1698345074\n|switch|p2a: Urshifu|Urshifu, M|100\/100|[from] Volt Switch\n|\n|upkeep\n|turn|4\n|\n|t:|1698345080\n|move|p1a: Arceus|Judgment|p2a: Urshifu\n|-damage|p2a: Urshifu|0 fnt\n|faint|p2a: Urshifu\n|\n|upkeep\n|\n|t:|1698345097\n|switch|p2a: Chi-Yu|Chi-Yu|100\/100\n|-ability|p2a: Chi-Yu|Beads of Ruin\n|turn|5\n|\n|t:|1698345110\n|-terastallize|p2a: Chi-Yu|Fire\n|move|p2a: Chi-Yu|Overheat|p1a: Arceus\n|-damage|p1a: Arceus|50\/100\n|-unboost|p2a: Chi-Yu|spa|2\n|move|p1a: Arceus|Recover|p1a: Arceus\n|-heal|p1a: Arceus|99\/100\n|\n|upkeep\n|turn|6\n|\n|t:|1698345121\n|switch|p2a: Cyclizar|Cyclizar, M|100\/100\n|move|p1a: Arceus|Earth Power|p2a: Cyclizar\n|-damage|p2a: Cyclizar|33\/100\n|\n|upkeep\n|turn|7\n|\n|t:|1698345130\n|move|p2a: Cyclizar|U-turn|p1a: Arceus\n|-resisted|p1a: Arceus\n|-damage|p1a: Arceus|96\/100\n|\n|t:|1698345134\n|switch|p2a: Shaymin|Shaymin-Sky|100\/100|[from] U-turn\n|move|p1a: Arceus|Calm Mind|p1a: Arceus\n|-boost|p1a: Arceus|spa|1\n|-boost|p1a: Arceus|spd|1\n|\n|upkeep\n|turn|8\n|-message|Base Liquids forfeited.\n|\n|win|RubenPaCe\n|l|\u2606Base Liquids\n","uploadtime":1698345143,"views":15,"p1id":"rubenpace","p2id":"baseliquids","formatid":"gen9ubers","rating":0,"private":0,"password":""}