{"id":"gen9ubers-1977985084","p1":"sdafuehirw","p2":"supersayandraft","format":"[Gen 9] Ubers","log":"|j|\u2606sdafuehirw\n|j|\u2606supersayandraft\n|t:|1698478647\n|gametype|singles\n|player|p1|sdafuehirw|2|1227\n|player|p2|supersayandraft|1|1452\n|teamsize|p1|6\n|teamsize|p2|6\n|gen|9\n|tier|[Gen 9] Ubers\n|rated|\n|rule|Sleep Clause Mod: Limit one foe put to sleep\n|rule|Species Clause: Limit one of each Pok\u00e9mon\n|rule|OHKO Clause: OHKO moves are banned\n|rule|Evasion Items Clause: Evasion items are banned\n|rule|Evasion Moves Clause: Evasion moves are banned\n|rule|Endless Battle Clause: Forcing endless battles is banned\n|rule|HP Percentage Mod: HP is shown in percentages\n|clearpoke\n|poke|p1|Kleavor, F|\n|poke|p1|Sneasler, M|\n|poke|p1|Gholdengo|\n|poke|p1|Enamorus, F|\n|poke|p1|Dragapult, M|\n|poke|p1|Samurott-Hisui, M|\n|poke|p2|Koraidon|\n|poke|p2|Clodsire, F|\n|poke|p2|Skeledirge, M|\n|poke|p2|Arceus-Fairy|\n|poke|p2|Giratina-Origin|\n|poke|p2|Kyogre|\n|teampreview\n|inactive|Battle timer is ON: inactive players will automatically lose when time's up. (requested by sdafuehirw)\n|\n|t:|1698478667\n|start\n|switch|p1a: Kleavor|Kleavor, F|100\/100\n|switch|p2a: Kyogre|Kyogre|100\/100\n|-weather|RainDance|[from] ability: Drizzle|[of] p2a: Kyogre\n|turn|1\n|\n|t:|1698478691\n|move|p2a: Kyogre|Origin Pulse|p1a: Kleavor|[miss]\n|-miss|p2a: Kyogre|p1a: Kleavor\n|move|p1a: Kleavor|Stone Axe|p2a: Kyogre\n|-damage|p2a: Kyogre|43\/100\n|-sidestart|p2: supersayandraft|move: Stealth Rock\n|\n|-weather|RainDance|[upkeep]\n|upkeep\n|turn|2\n|\n|t:|1698478707\n|switch|p1a: Samurott|Samurott-Hisui, M|100\/100\n|move|p2a: Kyogre|Origin Pulse|p1a: Samurott|[miss]\n|-miss|p2a: Kyogre|p1a: Samurott\n|\n|-weather|RainDance|[upkeep]\n|upkeep\n|turn|3\n|\n|t:|1698478717\n|move|p1a: Samurott|Sucker Punch|p2a: Kyogre\n|-damage|p2a: Kyogre|4\/100\n|move|p2a: Kyogre|Origin Pulse|p1a: Samurott\n|-resisted|p1a: Samurott\n|-damage|p1a: Samurott|25\/100\n|\n|-weather|RainDance|[upkeep]\n|upkeep\n|turn|4\n|\n|t:|1698478732\n|move|p1a: Samurott|Sucker Punch|p2a: Kyogre\n|-damage|p2a: Kyogre|0 fnt\n|faint|p2a: Kyogre\n|\n|-weather|RainDance|[upkeep]\n|upkeep\n|\n|t:|1698478742\n|switch|p2a: Koraidon|Koraidon|100\/100\n|-damage|p2a: Koraidon|94\/100|[from] Stealth Rock\n|-weather|SunnyDay|[from] ability: Orichalcum Pulse|[of] p2a: Koraidon\n|-activate|p2a: Koraidon|Orichalcum Pulse|[source]\n|turn|5\n|\n|t:|1698478761\n|switch|p1a: Enamorus|Enamorus, F|100\/100\n|move|p2a: Koraidon|Swords Dance|p2a: Koraidon\n|-boost|p2a: Koraidon|atk|2\n|\n|-weather|SunnyDay|[upkeep]\n|upkeep\n|turn|6\n|\n|t:|1698478767\n|-terastallize|p2a: Koraidon|Fire\n|move|p1a: Enamorus|Moonblast|p2a: Koraidon\n|-resisted|p2a: Koraidon\n|-damage|p2a: Koraidon|70\/100\n|move|p2a: Koraidon|Flare Blitz|p1a: Enamorus\n|-damage|p1a: Enamorus|0 fnt\n|faint|p1a: Enamorus\n|-damage|p2a: Koraidon|42\/100|[from] Recoil\n|-damage|p2a: Koraidon|32\/100|[from] item: Life Orb\n|\n|-weather|SunnyDay|[upkeep]\n|upkeep\n|\n|t:|1698478772\n|switch|p1a: Sneasler|Sneasler, M|100\/100\n|turn|7\n|\n|t:|1698478777\n|move|p1a: Sneasler|Dire Claw|p2a: Koraidon\n|-damage|p2a: Koraidon|0 fnt\n|faint|p2a: Koraidon\n|\n|-weather|SunnyDay|[upkeep]\n|upkeep\n|\n|t:|1698478782\n|switch|p2a: Clodsire|Clodsire, F|100\/100\n|-damage|p2a: Clodsire|94\/100|[from] Stealth Rock\n|turn|8\n|\n|t:|1698478786\n|move|p1a: Sneasler|Dire Claw|p2a: Clodsire\n|-resisted|p2a: Clodsire\n|-damage|p2a: Clodsire|82\/100\n|move|p2a: Clodsire|Spikes|p1a: Sneasler\n|-sidestart|p1: sdafuehirw|Spikes\n|\n|-weather|SunnyDay|[upkeep]\n|-heal|p2a: Clodsire|88\/100|[from] item: Leftovers\n|upkeep\n|turn|9\n|\n|t:|1698478792\n|move|p1a: Sneasler|Dire Claw|p2a: Clodsire\n|-resisted|p2a: Clodsire\n|-damage|p2a: Clodsire|77\/100\n|-status|p2a: Clodsire|slp\n|cant|p2a: Clodsire|slp\n|\n|-weather|none\n|-heal|p2a: Clodsire|83\/100 slp|[from] item: Leftovers\n|upkeep\n|turn|10\n|\n|t:|1698478796\n|switch|p1a: Samurott|Samurott-Hisui, M|25\/100\n|-damage|p1a: Samurott|13\/100|[from] Spikes\n|cant|p2a: Clodsire|slp\n|\n|-heal|p2a: Clodsire|89\/100 slp|[from] item: Leftovers\n|upkeep\n|turn|11\n|\n|t:|1698478802\n|move|p1a: Samurott|Ceaseless Edge|p2a: Clodsire\n|-damage|p2a: Clodsire|25\/100 slp\n|-sidestart|p2: supersayandraft|Spikes\n|-curestatus|p2a: Clodsire|slp|[msg]\n|move|p2a: Clodsire|Spikes|p1a: Samurott\n|-sidestart|p1: sdafuehirw|Spikes\n|\n|-heal|p2a: Clodsire|31\/100|[from] item: Leftovers\n|upkeep\n|turn|12\n|\n|t:|1698478812\n|move|p1a: Samurott|Ceaseless Edge|p2a: Clodsire\n|-damage|p2a: Clodsire|0 fnt\n|-sidestart|p2: supersayandraft|Spikes\n|faint|p2a: Clodsire\n|\n|upkeep\n|\n|t:|1698478816\n|switch|p2a: Arceus|Arceus-Fairy|100\/100\n|-damage|p2a: Arceus|88\/100|[from] Stealth Rock\n|-damage|p2a: Arceus|72\/100|[from] Spikes\n|turn|13\n|\n|t:|1698478824\n|move|p2a: Arceus|Judgment|p1a: Samurott\n|-supereffective|p1a: Samurott\n|-damage|p1a: Samurott|0 fnt\n|faint|p1a: Samurott\n|\n|upkeep\n|\n|t:|1698478826\n|switch|p1a: Sneasler|Sneasler, M|100\/100\n|-damage|p1a: Sneasler|84\/100|[from] Spikes\n|turn|14\n|\n|t:|1698478840\n|switch|p2a: Skeledirge|Skeledirge, M|100\/100\n|move|p1a: Sneasler|U-turn|p2a: Skeledirge\n|-resisted|p2a: Skeledirge\n|-damage|p2a: Skeledirge|97\/100\n|\n|t:|1698478848\n|switch|p1a: Gholdengo|Gholdengo|100\/100|[from] U-turn\n|-damage|p1a: Gholdengo|84\/100|[from] Spikes\n|\n|upkeep\n|turn|15\n|\n|t:|1698478861\n|move|p1a: Gholdengo|Shadow Ball|p2a: Skeledirge\n|-supereffective|p2a: Skeledirge\n|-damage|p2a: Skeledirge|12\/100\n|-unboost|p2a: Skeledirge|spd|1\n|move|p2a: Skeledirge|Torch Song|p1a: Gholdengo\n|-supereffective|p1a: Gholdengo\n|-damage|p1a: Gholdengo|13\/100\n|-boost|p2a: Skeledirge|spa|1\n|\n|upkeep\n|turn|16\n|\n|t:|1698478870\n|move|p1a: Gholdengo|Shadow Ball|p2a: Skeledirge\n|-supereffective|p2a: Skeledirge\n|-damage|p2a: Skeledirge|0 fnt\n|faint|p2a: Skeledirge\n|\n|upkeep\n|\n|t:|1698478879\n|switch|p2a: Arceus|Arceus-Fairy|72\/100\n|-damage|p2a: Arceus|59\/100|[from] Stealth Rock\n|-damage|p2a: Arceus|43\/100|[from] Spikes\n|turn|17\n|\n|t:|1698478889\n|move|p1a: Gholdengo|Shadow Ball|p2a: Arceus\n|-damage|p2a: Arceus|16\/100\n|move|p2a: Arceus|Judgment|p1a: Gholdengo\n|-resisted|p1a: Gholdengo\n|-damage|p1a: Gholdengo|0 fnt\n|faint|p1a: Gholdengo\n|\n|upkeep\n|\n|t:|1698478893\n|switch|p1a: Sneasler|Sneasler, M|84\/100\n|-damage|p1a: Sneasler|67\/100|[from] Spikes\n|turn|18\n|\n|t:|1698478902\n|move|p1a: Sneasler|Dire Claw|p2a: Arceus\n|-supereffective|p2a: Arceus\n|-damage|p2a: Arceus|0 fnt\n|faint|p2a: Arceus\n|\n|upkeep\n|\n|t:|1698478906\n|switch|p2a: Giratina|Giratina-Origin|100\/100\n|-damage|p2a: Giratina|88\/100|[from] Stealth Rock\n|turn|19\n|\n|t:|1698478915\n|-terastallize|p1a: Sneasler|Normal\n|move|p1a: Sneasler|Dire Claw|p2a: Giratina\n|-resisted|p2a: Giratina\n|-damage|p2a: Giratina|76\/100\n|move|p2a: Giratina|Hex|p1a: Sneasler\n|-immune|p1a: Sneasler\n|\n|upkeep\n|turn|20\n|\n|t:|1698478922\n|move|p1a: Sneasler|Dire Claw|p2a: Giratina\n|-resisted|p2a: Giratina\n|-damage|p2a: Giratina|64\/100\n|-status|p2a: Giratina|par\n|cant|p2a: Giratina|par\n|\n|upkeep\n|turn|21\n|\n|t:|1698478929\n|move|p1a: Sneasler|Dire Claw|p2a: Giratina\n|-resisted|p2a: Giratina\n|-damage|p2a: Giratina|50\/100 par\n|cant|p2a: Giratina|par\n|\n|upkeep\n|turn|22\n|\n|t:|1698478935\n|switch|p1a: Kleavor|Kleavor, F|100\/100\n|-damage|p1a: Kleavor|84\/100|[from] Spikes\n|move|p2a: Giratina|Will-O-Wisp|p1a: Kleavor\n|-status|p1a: Kleavor|brn\n|\n|-damage|p1a: Kleavor|78\/100 brn|[from] brn\n|upkeep\n|turn|23\n|\n|t:|1698478942\n|move|p1a: Kleavor|Defog|p2a: Giratina\n|-unboost|p2a: Giratina|evasion|1\n|-sideend|p2: supersayandraft|Spikes|[from] move: Defog|[of] p1a: Kleavor\n|-sideend|p2: supersayandraft|Stealth Rock|[from] move: Defog|[of] p1a: Kleavor\n|-sideend|p1: sdafuehirw|Spikes|[from] move: Defog|[of] p1a: Kleavor\n|move|p2a: Giratina|Hex|p1a: Kleavor\n|-crit|p1a: Kleavor\n|-damage|p1a: Kleavor|0 fnt\n|faint|p1a: Kleavor\n|\n|upkeep\n|\n|t:|1698478945\n|switch|p1a: Dragapult|Dragapult, M|100\/100\n|turn|24\n|\n|t:|1698478951\n|move|p1a: Dragapult|Draco Meteor|p2a: Giratina\n|-supereffective|p2a: Giratina\n|-damage|p2a: Giratina|0 fnt\n|-unboost|p1a: Dragapult|spa|2\n|faint|p2a: Giratina\n|\n|win|sdafuehirw\n|raw|sdafuehirw's rating: 1227 &rarr; <strong>1266<\/strong><br \/>(+39 for winning)\n|raw|supersayandraft's rating: 1452 &rarr; <strong>1421<\/strong><br \/>(-31 for losing)\n|l|\u2606supersayandraft\n","uploadtime":1698478959,"views":12,"p1id":"sdafuehirw","p2id":"supersayandraft","formatid":"gen9ubers","rating":1266,"private":0,"password":""}