{"id":"gen9ubers-1981423849","p1":"Freshh to death","p2":"Minimimik","format":"[Gen 9] Ubers","log":"|j|\u2606Freshh to death\n|j|\u2606Minimimik\n|t:|1698894272\n|gametype|singles\n|player|p1|Freshh to death|elesa-masters2|\n|player|p2|Minimimik|n|\n|teamsize|p1|6\n|teamsize|p2|6\n|gen|9\n|tier|[Gen 9] Ubers\n|rule|Sleep Clause Mod: Limit one foe put to sleep\n|rule|Species Clause: Limit one of each Pok\u00e9mon\n|rule|OHKO Clause: OHKO moves are banned\n|rule|Evasion Items Clause: Evasion items are banned\n|rule|Evasion Moves Clause: Evasion moves are banned\n|rule|Endless Battle Clause: Forcing endless battles is banned\n|rule|HP Percentage Mod: HP is shown in percentages\n|clearpoke\n|poke|p1|Ninetales-Alola, M|\n|poke|p1|Garchomp, M|\n|poke|p1|Hattrem, F|\n|poke|p1|Decidueye-Hisui, F|\n|poke|p1|Typhlosion-Hisui, F|\n|poke|p1|Roaring Moon|\n|poke|p2|Dondozo, M|\n|poke|p2|Blissey, F|\n|poke|p2|Corviknight, M|\n|poke|p2|Toxapex, F|\n|poke|p2|Clefable, M|\n|poke|p2|Gliscor, F|\n|teampreview\n|inactive|Battle timer is ON: inactive players will automatically lose when time's up. (requested by Freshh to death)\n|inactive|Freshh to death has 270 seconds left.\n|\n|t:|1698894317\n|start\n|switch|p1a: Ninetales|Ninetales-Alola, M|100\/100\n|switch|p2a: Toxapex|Toxapex, F|100\/100\n|-weather|Snow|[from] ability: Snow Warning|[of] p1a: Ninetales\n|turn|1\n|inactive|Freshh to death has 270 seconds left.\n|\n|t:|1698894347\n|switch|p1a: Hattrem|Hattrem, F|100\/100\n|move|p2a: Toxapex|Infestation|p1a: Hattrem\n|-supereffective|p1a: Hattrem\n|-damage|p1a: Hattrem|95\/100\n|-activate|p1a: Hattrem|move: Infestation|[of] p2a: Toxapex\n|\n|-weather|Snow|[upkeep]\n|-damage|p1a: Hattrem|83\/100|[from] move: Infestation|[partiallytrapped]\n|upkeep\n|turn|2\n|\n|t:|1698894353\n|move|p1a: Hattrem|Nuzzle|p2a: Toxapex\n|-supereffective|p2a: Toxapex\n|-damage|p2a: Toxapex|97\/100\n|-status|p2a: Toxapex|par\n|move|p2a: Toxapex|Surf|p1a: Hattrem\n|-damage|p1a: Hattrem|66\/100\n|\n|-weather|Snow|[upkeep]\n|-damage|p1a: Hattrem|54\/100|[from] move: Infestation|[partiallytrapped]\n|upkeep\n|turn|3\n|\n|t:|1698894361\n|move|p1a: Hattrem|Rest|p1a: Hattrem\n|-status|p1a: Hattrem|slp|[from] move: Rest\n|-heal|p1a: Hattrem|100\/100 slp|[silent]\n|move|p2a: Toxapex|Surf|p1a: Hattrem\n|-damage|p1a: Hattrem|81\/100 slp\n|\n|-weather|Snow|[upkeep]\n|-damage|p1a: Hattrem|69\/100 slp|[from] move: Infestation|[partiallytrapped]\n|upkeep\n|turn|4\n|\n|t:|1698894369\n|switch|p2a: Gliscor|Gliscor, F|100\/100\n|cant|p1a: Hattrem|slp\n|move|p1a: Hattrem|Sleep Talk|p1a: Hattrem\n|move|p1a: Hattrem|Rest||[from]move: Sleep Talk|[still]\n|-fail|p1a: Hattrem\n|\n|-weather|Snow|[upkeep]\n|-end|p1a: Hattrem|Infestation|[partiallytrapped]|[silent]\n|-status|p2a: Gliscor|tox|[from] item: Toxic Orb\n|upkeep\n|turn|5\n|\n|t:|1698894386\n|move|p2a: Gliscor|Earthquake|p1a: Hattrem\n|-damage|p1a: Hattrem|46\/100 slp\n|cant|p1a: Hattrem|slp\n|move|p1a: Hattrem|Sleep Talk|p1a: Hattrem\n|move|p1a: Hattrem|Psychic|p2a: Gliscor|[from]move: Sleep Talk\n|-damage|p2a: Gliscor|66\/100 tox\n|\n|-weather|none\n|-damage|p2a: Gliscor|60\/100 tox|[from] psn\n|upkeep\n|turn|6\n|\n|t:|1698894398\n|switch|p2a: Toxapex|Toxapex, F|100\/100 par\n|-curestatus|p1a: Hattrem|slp|[msg]\n|move|p1a: Hattrem|Rest|p1a: Hattrem\n|-status|p1a: Hattrem|slp|[from] move: Rest\n|-heal|p1a: Hattrem|100\/100 slp|[silent]\n|\n|upkeep\n|turn|7\n|\n|t:|1698894403\n|cant|p1a: Hattrem|slp\n|move|p1a: Hattrem|Sleep Talk|p1a: Hattrem\n|move|p1a: Hattrem|Nuzzle|p2a: Toxapex|[from]move: Sleep Talk\n|-supereffective|p2a: Toxapex\n|-damage|p2a: Toxapex|97\/100 par\n|move|p2a: Toxapex|Infestation|p1a: Hattrem\n|-supereffective|p1a: Hattrem\n|-damage|p1a: Hattrem|95\/100 slp\n|-activate|p1a: Hattrem|move: Infestation|[of] p2a: Toxapex\n|\n|-damage|p1a: Hattrem|83\/100 slp|[from] move: Infestation|[partiallytrapped]\n|upkeep\n|turn|8\n|\n|t:|1698894412\n|switch|p2a: Gliscor|Gliscor, F|60\/100 tox\n|cant|p1a: Hattrem|slp\n|move|p1a: Hattrem|Sleep Talk|p1a: Hattrem\n|move|p1a: Hattrem|Rest||[from]move: Sleep Talk|[still]\n|-fail|p1a: Hattrem\n|\n|-damage|p2a: Gliscor|54\/100 tox|[from] psn\n|-end|p1a: Hattrem|Infestation|[partiallytrapped]|[silent]\n|upkeep\n|turn|9\n|\n|t:|1698894419\n|move|p2a: Gliscor|Earthquake|p1a: Hattrem\n|-damage|p1a: Hattrem|59\/100 slp\n|-curestatus|p1a: Hattrem|slp|[msg]\n|move|p1a: Hattrem|Psychic|p2a: Gliscor\n|-crit|p2a: Gliscor\n|-damage|p2a: Gliscor|0 fnt\n|faint|p2a: Gliscor\n|\n|upkeep\n|c|\u2606Minimimik|Oh\n|c|\u2606Freshh to death|L bozo\n|\n|t:|1698894435\n|switch|p2a: Blissey|Blissey, F|100\/100\n|turn|10\n|\n|t:|1698894440\n|move|p2a: Blissey|Seismic Toss|p1a: Hattrem\n|-damage|p1a: Hattrem|27\/100\n|move|p1a: Hattrem|Rest|p1a: Hattrem\n|-status|p1a: Hattrem|slp|[from] move: Rest\n|-heal|p1a: Hattrem|100\/100 slp|[silent]\n|\n|upkeep\n|turn|11\n|\n|t:|1698894452\n|switch|p1a: Typhlosion|Typhlosion-Hisui, F|100\/100\n|-item|p2a: Blissey|Heavy-Duty Boots|[from] ability: Frisk|[of] p1a: Typhlosion|[identify]\n|move|p2a: Blissey|Seismic Toss|p1a: Typhlosion\n|-immune|p1a: Typhlosion\n|\n|upkeep\n|turn|12\n|\n|t:|1698894460\n|switch|p1a: Hattrem|Hattrem, F|100\/100 slp\n|move|p2a: Blissey|Calm Mind|p2a: Blissey\n|-boost|p2a: Blissey|spa|1\n|-boost|p2a: Blissey|spd|1\n|\n|upkeep\n|turn|13\n|\n|t:|1698894469\n|switch|p2a: Toxapex|Toxapex, F|100\/100 par\n|cant|p1a: Hattrem|slp\n|move|p1a: Hattrem|Sleep Talk|p1a: Hattrem\n|move|p1a: Hattrem|Rest||[from]move: Sleep Talk|[still]\n|-fail|p1a: Hattrem\n|\n|upkeep\n|turn|14\n|\n|t:|1698894476\n|cant|p1a: Hattrem|slp\n|move|p1a: Hattrem|Sleep Talk|p1a: Hattrem\n|move|p1a: Hattrem|Rest||[from]move: Sleep Talk|[still]\n|-fail|p1a: Hattrem\n|move|p2a: Toxapex|Infestation|p1a: Hattrem\n|-supereffective|p1a: Hattrem\n|-damage|p1a: Hattrem|95\/100 slp\n|-activate|p1a: Hattrem|move: Infestation|[of] p2a: Toxapex\n|\n|-damage|p1a: Hattrem|83\/100 slp|[from] move: Infestation|[partiallytrapped]\n|upkeep\n|turn|15\n|\n|t:|1698894482\n|-curestatus|p1a: Hattrem|slp|[msg]\n|move|p1a: Hattrem|Psychic|p2a: Toxapex\n|-supereffective|p2a: Toxapex\n|-damage|p2a: Toxapex|64\/100 par\n|move|p2a: Toxapex|Surf|p1a: Hattrem\n|-damage|p1a: Hattrem|65\/100\n|\n|-damage|p1a: Hattrem|52\/100|[from] move: Infestation|[partiallytrapped]\n|upkeep\n|turn|16\n|\n|t:|1698894490\n|move|p1a: Hattrem|Psychic|p2a: Toxapex\n|-supereffective|p2a: Toxapex\n|-damage|p2a: Toxapex|28\/100 par\n|move|p2a: Toxapex|Surf|p1a: Hattrem\n|-damage|p1a: Hattrem|35\/100\n|\n|-damage|p1a: Hattrem|23\/100|[from] move: Infestation|[partiallytrapped]\n|upkeep\n|turn|17\n|\n|t:|1698894496\n|switch|p2a: Clefable|Clefable, M|100\/100\n|move|p1a: Hattrem|Rest|p1a: Hattrem\n|-status|p1a: Hattrem|slp|[from] move: Rest\n|-heal|p1a: Hattrem|100\/100 slp|[silent]\n|\n|-end|p1a: Hattrem|Infestation|[partiallytrapped]|[silent]\n|upkeep\n|turn|18\n|\n|t:|1698894508\n|switch|p1a: Ninetales|Ninetales-Alola, M|100\/100\n|-weather|Snow|[from] ability: Snow Warning|[of] p1a: Ninetales\n|move|p2a: Clefable|Wish|p2a: Clefable\n|\n|-weather|Snow|[upkeep]\n|upkeep\n|turn|19\n|\n|t:|1698894515\n|switch|p2a: Toxapex|Toxapex, F|61\/100 par\n|move|p1a: Ninetales|Encore||[still]\n|-fail|p1a: Ninetales\n|\n|-weather|Snow|[upkeep]\n|-heal|p2a: Toxapex|100\/100 par|[from] move: Wish|[wisher] Clefable\n|upkeep\n|turn|20\n|\n|t:|1698894523\n|switch|p1a: Hattrem|Hattrem, F|100\/100 slp\n|move|p2a: Toxapex|Toxic|p1a: Hattrem\n|move|p1a: Hattrem|Toxic||[from]ability: Magic Bounce|[still]\n|-fail|p1a: Hattrem\n|\n|-weather|Snow|[upkeep]\n|upkeep\n|turn|21\n|\n|t:|1698894537\n|cant|p1a: Hattrem|slp\n|move|p1a: Hattrem|Sleep Talk|p1a: Hattrem\n|move|p1a: Hattrem|Rest||[from]move: Sleep Talk|[still]\n|-fail|p1a: Hattrem\n|move|p2a: Toxapex|Surf|p1a: Hattrem\n|-damage|p1a: Hattrem|84\/100 slp\n|\n|-weather|Snow|[upkeep]\n|upkeep\n|turn|22\n|\n|t:|1698894544\n|cant|p1a: Hattrem|slp\n|move|p1a: Hattrem|Sleep Talk|p1a: Hattrem\n|move|p1a: Hattrem|Rest||[from]move: Sleep Talk|[still]\n|-fail|p1a: Hattrem\n|move|p2a: Toxapex|Infestation|p1a: Hattrem\n|-supereffective|p1a: Hattrem\n|-damage|p1a: Hattrem|78\/100 slp\n|-activate|p1a: Hattrem|move: Infestation|[of] p2a: Toxapex\n|\n|-weather|none\n|-damage|p1a: Hattrem|66\/100 slp|[from] move: Infestation|[partiallytrapped]\n|upkeep\n|turn|23\n|\n|t:|1698894550\n|-curestatus|p1a: Hattrem|slp|[msg]\n|move|p1a: Hattrem|Psychic|p2a: Toxapex\n|-supereffective|p2a: Toxapex\n|-damage|p2a: Toxapex|68\/100 par\n|move|p2a: Toxapex|Surf|p1a: Hattrem\n|-damage|p1a: Hattrem|46\/100\n|\n|-damage|p1a: Hattrem|34\/100|[from] move: Infestation|[partiallytrapped]\n|upkeep\n|turn|24\n|\n|t:|1698894558\n|move|p1a: Hattrem|Rest|p1a: Hattrem\n|-status|p1a: Hattrem|slp|[from] move: Rest\n|-heal|p1a: Hattrem|100\/100 slp|[silent]\n|cant|p2a: Toxapex|par\n|\n|-damage|p1a: Hattrem|88\/100 slp|[from] move: Infestation|[partiallytrapped]\n|upkeep\n|turn|25\n|\n|t:|1698894562\n|cant|p1a: Hattrem|slp\n|move|p1a: Hattrem|Sleep Talk|p1a: Hattrem\n|move|p1a: Hattrem|Psychic|p2a: Toxapex|[from]move: Sleep Talk\n|-supereffective|p2a: Toxapex\n|-damage|p2a: Toxapex|33\/100 par\n|move|p2a: Toxapex|Surf|p1a: Hattrem\n|-damage|p1a: Hattrem|71\/100 slp\n|\n|-damage|p1a: Hattrem|59\/100 slp|[from] move: Infestation|[partiallytrapped]\n|upkeep\n|turn|26\n|\n|t:|1698894570\n|switch|p2a: Blissey|Blissey, F|100\/100\n|cant|p1a: Hattrem|slp\n|move|p1a: Hattrem|Sleep Talk|p1a: Hattrem\n|move|p1a: Hattrem|Nuzzle|p2a: Blissey|[from]move: Sleep Talk\n|-damage|p2a: Blissey|98\/100\n|-status|p2a: Blissey|par\n|\n|-end|p1a: Hattrem|Infestation|[partiallytrapped]|[silent]\n|upkeep\n|turn|27\n|\n|t:|1698894579\n|switch|p1a: Decidueye|Decidueye-Hisui, F|100\/100\n|cant|p2a: Blissey|par\n|\n|upkeep\n|turn|28\n|\n|t:|1698894585\n|-curestatus|p2a: Blissey|par|[from] ability: Natural Cure\n|switch|p2a: Dondozo|Dondozo, M|100\/100\n|move|p1a: Decidueye|Knock Off|p2a: Dondozo\n|-damage|p2a: Dondozo|90\/100\n|-enditem|p2a: Dondozo|Heavy-Duty Boots|[from] move: Knock Off|[of] p1a: Decidueye\n|\n|upkeep\n|turn|29\n|\n|t:|1698894597\n|switch|p1a: Ninetales|Ninetales-Alola, M|100\/100\n|-weather|Snow|[from] ability: Snow Warning|[of] p1a: Ninetales\n|move|p2a: Dondozo|Avalanche|p1a: Ninetales\n|-resisted|p1a: Ninetales\n|-damage|p1a: Ninetales|95\/100\n|\n|-weather|Snow|[upkeep]\n|upkeep\n|turn|30\n|\n|t:|1698894605\n|switch|p2a: Toxapex|Toxapex, F|66\/100 par\n|move|p1a: Ninetales|Aurora Veil|p1a: Ninetales\n|-sidestart|p1: Freshh to death|move: Aurora Veil\n|\n|-weather|Snow|[upkeep]\n|upkeep\n|turn|31\n|\n|t:|1698894612\n|switch|p1a: Hattrem|Hattrem, F|59\/100 slp\n|move|p2a: Toxapex|Infestation|p1a: Hattrem\n|-supereffective|p1a: Hattrem\n|-damage|p1a: Hattrem|56\/100 slp\n|-activate|p1a: Hattrem|move: Infestation|[of] p2a: Toxapex\n|\n|-weather|Snow|[upkeep]\n|-damage|p1a: Hattrem|44\/100 slp|[from] move: Infestation|[partiallytrapped]\n|upkeep\n|turn|32\n|\n|t:|1698894618\n|-curestatus|p1a: Hattrem|slp|[msg]\n|move|p1a: Hattrem|Sleep Talk||[still]\n|-fail|p1a: Hattrem\n|move|p2a: Toxapex|Recover|p2a: Toxapex\n|-heal|p2a: Toxapex|100\/100 par\n|\n|-weather|Snow|[upkeep]\n|-damage|p1a: Hattrem|31\/100|[from] move: Infestation|[partiallytrapped]\n|upkeep\n|turn|33\n|\n|t:|1698894625\n|move|p1a: Hattrem|Rest|p1a: Hattrem\n|-status|p1a: Hattrem|slp|[from] move: Rest\n|-heal|p1a: Hattrem|100\/100 slp|[silent]\n|move|p2a: Toxapex|Surf|p1a: Hattrem\n|-damage|p1a: Hattrem|92\/100 slp\n|\n|-weather|none\n|-damage|p1a: Hattrem|80\/100 slp|[from] move: Infestation|[partiallytrapped]\n|upkeep\n|turn|34\n|\n|t:|1698894629\n|cant|p1a: Hattrem|slp\n|move|p1a: Hattrem|Sleep Talk|p1a: Hattrem\n|move|p1a: Hattrem|Nuzzle|p2a: Toxapex|[from]move: Sleep Talk\n|-supereffective|p2a: Toxapex\n|-damage|p2a: Toxapex|97\/100 par\n|move|p2a: Toxapex|Infestation|p1a: Hattrem\n|-supereffective|p1a: Hattrem\n|-damage|p1a: Hattrem|77\/100 slp\n|\n|-damage|p1a: Hattrem|65\/100 slp|[from] move: Infestation|[partiallytrapped]\n|upkeep\n|turn|35\n|\n|t:|1698894635\n|cant|p1a: Hattrem|slp\n|move|p1a: Hattrem|Sleep Talk|p1a: Hattrem\n|move|p1a: Hattrem|Nuzzle|p2a: Toxapex|[from]move: Sleep Talk\n|-supereffective|p2a: Toxapex\n|-damage|p2a: Toxapex|93\/100 par\n|move|p2a: Toxapex|Surf|p1a: Hattrem\n|-damage|p1a: Hattrem|56\/100 slp\n|\n|-end|p1a: Hattrem|Infestation|[partiallytrapped]\n|upkeep\n|turn|36\n|\n|t:|1698894640\n|-curestatus|p1a: Hattrem|slp|[msg]\n|move|p1a: Hattrem|Psychic|p2a: Toxapex\n|-supereffective|p2a: Toxapex\n|-damage|p2a: Toxapex|57\/100 par\n|move|p2a: Toxapex|Surf|p1a: Hattrem\n|-damage|p1a: Hattrem|46\/100\n|\n|upkeep\n|turn|37\n|\n|t:|1698894649\n|move|p1a: Hattrem|Psychic|p2a: Toxapex\n|-supereffective|p2a: Toxapex\n|-damage|p2a: Toxapex|20\/100 par\n|cant|p2a: Toxapex|par\n|\n|-sideend|p1: Freshh to death|move: Aurora Veil\n|upkeep\n|turn|38\n|\n|t:|1698894666\n|switch|p1a: Garchomp|Garchomp, M|100\/100\n|switch|p2a: Blissey|Blissey, F|98\/100\n|\n|upkeep\n|turn|39\n|\n|t:|1698894675\n|switch|p2a: Dondozo|Dondozo, M|90\/100\n|move|p1a: Garchomp|Substitute|p1a: Garchomp\n|-start|p1a: Garchomp|Substitute\n|-damage|p1a: Garchomp|76\/100\n|\n|-heal|p1a: Garchomp|82\/100|[from] item: Leftovers\n|upkeep\n|turn|40\n|\n|t:|1698894684\n|move|p1a: Garchomp|Earthquake|p2a: Dondozo\n|-damage|p2a: Dondozo|64\/100\n|move|p2a: Dondozo|Liquidation|p1a: Garchomp\n|-end|p1a: Garchomp|Substitute\n|\n|-heal|p1a: Garchomp|88\/100|[from] item: Leftovers\n|upkeep\n|turn|41\n|\n|t:|1698894702\n|move|p1a: Garchomp|Earthquake|p2a: Dondozo\n|-damage|p2a: Dondozo|42\/100\n|move|p2a: Dondozo|Rest|p2a: Dondozo\n|-status|p2a: Dondozo|slp|[from] move: Rest\n|-heal|p2a: Dondozo|100\/100 slp|[silent]\n|\n|-heal|p1a: Garchomp|94\/100|[from] item: Leftovers\n|upkeep\n|turn|42\n|\n|t:|1698894709\n|switch|p1a: Ninetales|Ninetales-Alola, M|95\/100\n|-weather|Snow|[from] ability: Snow Warning|[of] p1a: Ninetales\n|cant|p2a: Dondozo|slp\n|move|p2a: Dondozo|Sleep Talk|p2a: Dondozo\n|move|p2a: Dondozo|Liquidation|p1a: Ninetales|[from]move: Sleep Talk\n|-damage|p1a: Ninetales|73\/100\n|\n|-weather|Snow|[upkeep]\n|upkeep\n|turn|43\n|\n|t:|1698894719\n|switch|p2a: Blissey|Blissey, F|98\/100\n|move|p1a: Ninetales|Freeze-Dry|p2a: Blissey\n|-damage|p2a: Blissey|92\/100\n|\n|-weather|Snow|[upkeep]\n|upkeep\n|turn|44\n|\n|t:|1698894724\n|switch|p1a: Hattrem|Hattrem, F|46\/100\n|move|p2a: Blissey|Seismic Toss|p1a: Hattrem\n|-damage|p1a: Hattrem|15\/100\n|\n|-weather|Snow|[upkeep]\n|upkeep\n|turn|45\n|\n|t:|1698894731\n|move|p2a: Blissey|Seismic Toss|p1a: Hattrem\n|-damage|p1a: Hattrem|0 fnt\n|faint|p1a: Hattrem\n|\n|-weather|Snow|[upkeep]\n|upkeep\n|\n|t:|1698894738\n|switch|p1a: Roaring Moon|Roaring Moon|100\/100\n|-enditem|p1a: Roaring Moon|Booster Energy\n|-activate|p1a: Roaring Moon|ability: Protosynthesis|[fromitem]\n|-start|p1a: Roaring Moon|protosynthesisatk\n|turn|46\n|\n|t:|1698894745\n|switch|p2a: Dondozo|Dondozo, M|100\/100 slp\n|move|p1a: Roaring Moon|Dragon Dance|p1a: Roaring Moon\n|-boost|p1a: Roaring Moon|atk|1\n|-boost|p1a: Roaring Moon|spe|1\n|\n|-weather|none\n|upkeep\n|turn|47\n|c|\u2606Minimimik|Glad i got knocked earlier\n|c|\u2606Minimimik|all the better to check you with, darling\n|\n|t:|1698894769\n|-terastallize|p1a: Roaring Moon|Flying\n|move|p1a: Roaring Moon|Acrobatics|p2a: Dondozo\n|-damage|p2a: Dondozo|67\/100 slp\n|cant|p2a: Dondozo|slp\n|move|p2a: Dondozo|Sleep Talk|p2a: Dondozo\n|move|p2a: Dondozo|Avalanche|p1a: Roaring Moon|[from]move: Sleep Talk\n|-supereffective|p1a: Roaring Moon\n|-crit|p1a: Roaring Moon\n|-damage|p1a: Roaring Moon|0 fnt\n|faint|p1a: Roaring Moon\n|-end|p1a: Roaring Moon|Protosynthesis|[silent]\n|\n|upkeep\n|c|\u2606Minimimik|<3\n|inactive|Freshh to death has 270 seconds left.\n|\n|t:|1698894784\n|switch|p1a: Ninetales|Ninetales-Alola, M|73\/100\n|-weather|Snow|[from] ability: Snow Warning|[of] p1a: Ninetales\n|turn|48\n|inactive|Freshh to death has 270 seconds left.\n|\n|t:|1698894796\n|switch|p1a: Decidueye|Decidueye-Hisui, F|100\/100\n|switch|p2a: Toxapex|Toxapex, F|53\/100 par\n|\n|-weather|Snow|[upkeep]\n|upkeep\n|turn|49\n|\n|t:|1698894802\n|switch|p2a: Clefable|Clefable, M|100\/100\n|move|p1a: Decidueye|Knock Off|p2a: Clefable\n|-resisted|p2a: Clefable\n|-damage|p2a: Clefable|91\/100\n|-enditem|p2a: Clefable|Leftovers|[from] move: Knock Off|[of] p1a: Decidueye\n|\n|-weather|Snow|[upkeep]\n|upkeep\n|turn|50\n|\n|t:|1698894811\n|switch|p1a: Typhlosion|Typhlosion-Hisui, F|100\/100\n|move|p2a: Clefable|Stealth Rock|p1a: Typhlosion\n|-sidestart|p1: Freshh to death|move: Stealth Rock\n|\n|-weather|Snow|[upkeep]\n|upkeep\n|turn|51\n|\n|t:|1698894819\n|move|p2a: Clefable|Protect|p2a: Clefable\n|-singleturn|p2a: Clefable|Protect\n|move|p1a: Typhlosion|Fire Blast|p2a: Clefable\n|-activate|p2a: Clefable|move: Protect\n|\n|-weather|Snow|[upkeep]\n|upkeep\n|turn|52\n|\n|t:|1698894824\n|switch|p2a: Toxapex|Toxapex, F|86\/100 par\n|move|p1a: Typhlosion|Fire Blast|p2a: Toxapex\n|-resisted|p2a: Toxapex\n|-damage|p2a: Toxapex|68\/100 par\n|\n|-weather|none\n|upkeep\n|turn|53\n|\n|t:|1698894832\n|move|p1a: Typhlosion|Infernal Parade|p2a: Toxapex\n|-damage|p2a: Toxapex|28\/100 par\n|cant|p2a: Toxapex|par\n|\n|upkeep\n|turn|54\n|\n|t:|1698894841\n|switch|p1a: Decidueye|Decidueye-Hisui, F|100\/100\n|switch|p2a: Blissey|Blissey, F|92\/100\n|\n|upkeep\n|turn|55\n|\n|t:|1698894850\n|switch|p2a: Corviknight|Corviknight, M|100\/100\n|-ability|p2a: Corviknight|Pressure\n|move|p1a: Decidueye|Defog|p2a: Corviknight\n|-unboost|p2a: Corviknight|evasion|1\n|-sideend|p1: Freshh to death|Stealth Rock|[from] move: Defog|[of] p1a: Decidueye\n|\n|upkeep\n|turn|56\n|\n|t:|1698894862\n|move|p1a: Decidueye|Knock Off|p2a: Corviknight\n|-damage|p2a: Corviknight|85\/100\n|-enditem|p2a: Corviknight|Heavy-Duty Boots|[from] move: Knock Off|[of] p1a: Decidueye\n|move|p2a: Corviknight|Iron Head|p1a: Decidueye\n|-damage|p1a: Decidueye|81\/100\n|\n|upkeep\n|turn|57\n|\n|t:|1698894877\n|switch|p2a: Clefable|Clefable, M|91\/100\n|move|p1a: Decidueye|Triple Arrows|p2a: Clefable\n|-resisted|p2a: Clefable\n|-damage|p2a: Clefable|79\/100\n|-unboost|p2a: Clefable|def|1\n|\n|upkeep\n|turn|58\n|\n|t:|1698894886\n|switch|p1a: Typhlosion|Typhlosion-Hisui, F|100\/100\n|move|p2a: Clefable|Moonblast|p1a: Typhlosion\n|-resisted|p1a: Typhlosion\n|-damage|p1a: Typhlosion|80\/100\n|\n|upkeep\n|turn|59\n|\n|t:|1698894894\n|move|p2a: Clefable|Protect|p2a: Clefable\n|-singleturn|p2a: Clefable|Protect\n|move|p1a: Typhlosion|Will-O-Wisp|p2a: Clefable\n|-activate|p2a: Clefable|move: Protect\n|\n|upkeep\n|turn|60\n|\n|t:|1698894904\n|switch|p2a: Blissey|Blissey, F|92\/100\n|move|p1a: Typhlosion|Will-O-Wisp|p2a: Blissey\n|-status|p2a: Blissey|brn\n|\n|-damage|p2a: Blissey|86\/100 brn|[from] brn\n|upkeep\n|turn|61\n|\n|t:|1698894916\n|switch|p1a: Decidueye|Decidueye-Hisui, F|81\/100\n|-curestatus|p2a: Blissey|brn|[from] ability: Natural Cure\n|switch|p2a: Toxapex|Toxapex, F|62\/100 par\n|\n|upkeep\n|turn|62\n|\n|t:|1698894924\n|switch|p1a: Garchomp|Garchomp, M|94\/100\n|switch|p2a: Clefable|Clefable, M|79\/100\n|\n|-heal|p1a: Garchomp|99\/100|[from] item: Leftovers\n|upkeep\n|turn|63\n|\n|t:|1698894934\n|move|p1a: Garchomp|Earthquake|p2a: Clefable\n|-damage|p2a: Clefable|40\/100\n|move|p2a: Clefable|Wish|p2a: Clefable\n|\n|-heal|p1a: Garchomp|100\/100|[from] item: Leftovers\n|upkeep\n|turn|64\n|\n|t:|1698894945\n|move|p2a: Clefable|Protect|p2a: Clefable\n|-singleturn|p2a: Clefable|Protect\n|move|p1a: Garchomp|Swords Dance|p1a: Garchomp\n|-boost|p1a: Garchomp|atk|2\n|\n|-heal|p2a: Clefable|90\/100|[from] move: Wish|[wisher] Clefable\n|upkeep\n|turn|65\n|\n|t:|1698894951\n|switch|p2a: Dondozo|Dondozo, M|67\/100 slp\n|move|p1a: Garchomp|Earthquake|p2a: Dondozo\n|-damage|p2a: Dondozo|42\/100 slp\n|\n|upkeep\n|turn|66\n|\n|t:|1698894959\n|switch|p1a: Ninetales|Ninetales-Alola, M|73\/100\n|-weather|Snow|[from] ability: Snow Warning|[of] p1a: Ninetales\n|-curestatus|p2a: Dondozo|slp|[msg]\n|move|p2a: Dondozo|Rest|p2a: Dondozo\n|-status|p2a: Dondozo|slp|[from] move: Rest\n|-heal|p2a: Dondozo|100\/100 slp|[silent]\n|\n|-weather|Snow|[upkeep]\n|upkeep\n|turn|67\n|\n|t:|1698894974\n|switch|p2a: Blissey|Blissey, F|86\/100\n|move|p1a: Ninetales|Encore||[still]\n|-fail|p1a: Ninetales\n|\n|-weather|Snow|[upkeep]\n|upkeep\n|turn|68\n|\n|t:|1698894984\n|switch|p1a: Typhlosion|Typhlosion-Hisui, F|80\/100\n|-item|p2a: Blissey|Heavy-Duty Boots|[from] ability: Frisk|[of] p1a: Typhlosion|[identify]\n|switch|p2a: Toxapex|Toxapex, F|95\/100 par\n|\n|-weather|Snow|[upkeep]\n|upkeep\n|turn|69\n|\n|t:|1698894992\n|move|p1a: Typhlosion|Infernal Parade|p2a: Toxapex\n|-damage|p2a: Toxapex|56\/100 par\n|move|p2a: Toxapex|Toxic|p1a: Typhlosion\n|-status|p1a: Typhlosion|tox\n|\n|-weather|Snow|[upkeep]\n|-damage|p1a: Typhlosion|74\/100 tox|[from] psn\n|upkeep\n|turn|70\n|\n|t:|1698895012\n|move|p1a: Typhlosion|Infernal Parade|p2a: Toxapex\n|-damage|p2a: Toxapex|19\/100 par\n|move|p2a: Toxapex|Recover|p2a: Toxapex\n|-heal|p2a: Toxapex|69\/100 par\n|\n|-weather|none\n|-damage|p1a: Typhlosion|62\/100 tox|[from] psn\n|upkeep\n|turn|71\n|\n|t:|1698895019\n|switch|p1a: Garchomp|Garchomp, M|100\/100\n|cant|p2a: Toxapex|par\n|\n|upkeep\n|turn|72\n|\n|t:|1698895026\n|switch|p2a: Dondozo|Dondozo, M|100\/100 slp\n|move|p1a: Garchomp|Substitute|p1a: Garchomp\n|-start|p1a: Garchomp|Substitute\n|-damage|p1a: Garchomp|76\/100\n|\n|-heal|p1a: Garchomp|82\/100|[from] item: Leftovers\n|upkeep\n|turn|73\n|\n|t:|1698895031\n|move|p1a: Garchomp|Earthquake|p2a: Dondozo\n|-damage|p2a: Dondozo|78\/100 slp\n|cant|p2a: Dondozo|slp\n|move|p2a: Dondozo|Sleep Talk|p2a: Dondozo\n|move|p2a: Dondozo|Avalanche|p1a: Garchomp|[from]move: Sleep Talk\n|-supereffective|p1a: Garchomp\n|-end|p1a: Garchomp|Substitute\n|\n|-heal|p1a: Garchomp|88\/100|[from] item: Leftovers\n|upkeep\n|turn|74\n|\n|t:|1698895041\n|switch|p1a: Ninetales|Ninetales-Alola, M|73\/100\n|-weather|Snow|[from] ability: Snow Warning|[of] p1a: Ninetales\n|cant|p2a: Dondozo|slp\n|move|p2a: Dondozo|Sleep Talk|p2a: Dondozo\n|move|p2a: Dondozo|Liquidation|p1a: Ninetales|[from]move: Sleep Talk\n|-damage|p1a: Ninetales|49\/100\n|\n|-weather|Snow|[upkeep]\n|upkeep\n|turn|75\n|\n|t:|1698895051\n|switch|p2a: Blissey|Blissey, F|86\/100\n|move|p1a: Ninetales|Freeze-Dry|p2a: Blissey\n|-damage|p2a: Blissey|80\/100\n|\n|-weather|Snow|[upkeep]\n|upkeep\n|turn|76\n|\n|t:|1698895059\n|switch|p1a: Decidueye|Decidueye-Hisui, F|81\/100\n|switch|p2a: Toxapex|Toxapex, F|100\/100 par\n|\n|-weather|Snow|[upkeep]\n|upkeep\n|turn|77\n|\n|t:|1698895068\n|switch|p1a: Garchomp|Garchomp, M|88\/100\n|move|p2a: Toxapex|Toxic|p1a: Garchomp\n|-status|p1a: Garchomp|tox\n|\n|-weather|Snow|[upkeep]\n|-heal|p1a: Garchomp|94\/100 tox|[from] item: Leftovers\n|-damage|p1a: Garchomp|88\/100 tox|[from] psn\n|upkeep\n|turn|78\n|\n|t:|1698895074\n|switch|p2a: Dondozo|Dondozo, M|78\/100 slp\n|move|p1a: Garchomp|Earthquake|p2a: Dondozo\n|-damage|p2a: Dondozo|54\/100 slp\n|\n|-weather|none\n|-heal|p1a: Garchomp|94\/100 tox|[from] item: Leftovers\n|-damage|p1a: Garchomp|82\/100 tox|[from] psn\n|upkeep\n|turn|79\n|\n|t:|1698895082\n|switch|p1a: Decidueye|Decidueye-Hisui, F|81\/100\n|-curestatus|p2a: Dondozo|slp|[msg]\n|move|p2a: Dondozo|Rest|p2a: Dondozo\n|-status|p2a: Dondozo|slp|[from] move: Rest\n|-heal|p2a: Dondozo|100\/100 slp|[silent]\n|\n|upkeep\n|turn|80\n|\n|t:|1698895090\n|move|p1a: Decidueye|Triple Arrows|p2a: Dondozo\n|-damage|p2a: Dondozo|86\/100 slp\n|cant|p2a: Dondozo|slp\n|move|p2a: Dondozo|Sleep Talk|p2a: Dondozo\n|move|p2a: Dondozo|Avalanche|p1a: Decidueye|[from]move: Sleep Talk\n|-supereffective|p1a: Decidueye\n|-damage|p1a: Decidueye|37\/100\n|\n|upkeep\n|turn|81\n|\n|t:|1698895107\n|move|p1a: Decidueye|Roost|p1a: Decidueye\n|-heal|p1a: Decidueye|87\/100\n|-singleturn|p1a: Decidueye|move: Roost\n|cant|p2a: Dondozo|slp\n|move|p2a: Dondozo|Sleep Talk|p2a: Dondozo\n|move|p2a: Dondozo|Avalanche|p1a: Decidueye|[from]move: Sleep Talk\n|-supereffective|p1a: Decidueye\n|-damage|p1a: Decidueye|63\/100\n|\n|upkeep\n|turn|82\n|\n|t:|1698895116\n|move|p1a: Decidueye|Triple Arrows|p2a: Dondozo\n|-damage|p2a: Dondozo|72\/100 slp\n|-curestatus|p2a: Dondozo|slp|[msg]\n|move|p2a: Dondozo|Avalanche|p1a: Decidueye\n|-supereffective|p1a: Decidueye\n|-damage|p1a: Decidueye|18\/100\n|\n|upkeep\n|turn|83\n|\n|t:|1698895124\n|move|p1a: Decidueye|Roost|p1a: Decidueye\n|-heal|p1a: Decidueye|68\/100\n|-singleturn|p1a: Decidueye|move: Roost\n|move|p2a: Dondozo|Avalanche|p1a: Decidueye\n|-supereffective|p1a: Decidueye\n|-damage|p1a: Decidueye|44\/100\n|\n|upkeep\n|turn|84\n|\n|t:|1698895132\n|switch|p1a: Ninetales|Ninetales-Alola, M|49\/100\n|-weather|Snow|[from] ability: Snow Warning|[of] p1a: Ninetales\n|move|p2a: Dondozo|Avalanche|p1a: Ninetales\n|-resisted|p1a: Ninetales\n|-damage|p1a: Ninetales|44\/100\n|\n|-weather|Snow|[upkeep]\n|upkeep\n|turn|85\n|\n|t:|1698895147\n|switch|p1a: Decidueye|Decidueye-Hisui, F|44\/100\n|switch|p2a: Blissey|Blissey, F|80\/100\n|\n|-weather|Snow|[upkeep]\n|upkeep\n|turn|86\n|\n|t:|1698895155\n|switch|p1a: Garchomp|Garchomp, M|82\/100 tox\n|move|p2a: Blissey|Seismic Toss|p1a: Garchomp\n|-damage|p1a: Garchomp|54\/100 tox\n|-damage|p2a: Blissey|67\/100|[from] ability: Rough Skin|[of] p1a: Garchomp\n|\n|-weather|Snow|[upkeep]\n|-heal|p1a: Garchomp|60\/100 tox|[from] item: Leftovers\n|-damage|p1a: Garchomp|54\/100 tox|[from] psn\n|upkeep\n|turn|87\n|\n|t:|1698895162\n|move|p2a: Blissey|Protect|p2a: Blissey\n|-singleturn|p2a: Blissey|Protect\n|move|p1a: Garchomp|Earthquake|p2a: Blissey\n|-activate|p2a: Blissey|move: Protect\n|\n|-weather|Snow|[upkeep]\n|-heal|p1a: Garchomp|60\/100 tox|[from] item: Leftovers\n|-damage|p1a: Garchomp|48\/100 tox|[from] psn\n|upkeep\n|turn|88\n|\n|t:|1698895167\n|switch|p1a: Ninetales|Ninetales-Alola, M|44\/100\n|switch|p2a: Corviknight|Corviknight, M|85\/100\n|-ability|p2a: Corviknight|Pressure\n|\n|-weather|none\n|upkeep\n|turn|89\n|\n|t:|1698895175\n|switch|p1a: Typhlosion|Typhlosion-Hisui, F|62\/100 tox\n|move|p2a: Corviknight|Iron Head|p1a: Typhlosion\n|-resisted|p1a: Typhlosion\n|-damage|p1a: Typhlosion|43\/100 tox\n|\n|-damage|p1a: Typhlosion|37\/100 tox|[from] psn\n|upkeep\n|turn|90\n|\n|t:|1698895183\n|switch|p2a: Blissey|Blissey, F|67\/100\n|move|p1a: Typhlosion|Fire Blast|p2a: Blissey\n|-damage|p2a: Blissey|50\/100\n|\n|-damage|p1a: Typhlosion|25\/100 tox|[from] psn\n|upkeep\n|turn|91\n|c|\u2606Minimimik|You will lose a slow and painful loss\n|\n|t:|1698895211\n|switch|p1a: Decidueye|Decidueye-Hisui, F|44\/100\n|move|p2a: Blissey|Soft-Boiled|p2a: Blissey\n|-heal|p2a: Blissey|100\/100\n|\n|upkeep\n|turn|92\n|\n|t:|1698895221\n|switch|p2a: Clefable|Clefable, M|90\/100\n|move|p1a: Decidueye|Roost|p1a: Decidueye\n|-heal|p1a: Decidueye|94\/100\n|-singleturn|p1a: Decidueye|move: Roost\n|\n|upkeep\n|turn|93\n|\n|t:|1698895227\n|switch|p1a: Typhlosion|Typhlosion-Hisui, F|25\/100 tox\n|move|p2a: Clefable|Moonblast|p1a: Typhlosion\n|-resisted|p1a: Typhlosion\n|-damage|p1a: Typhlosion|5\/100 tox\n|-unboost|p1a: Typhlosion|spa|1\n|\n|-damage|p1a: Typhlosion|0 fnt|[from] psn\n|faint|p1a: Typhlosion\n|upkeep\n|\n|t:|1698895236\n|switch|p1a: Garchomp|Garchomp, M|48\/100 tox\n|turn|94\n|\n|t:|1698895242\n|move|p1a: Garchomp|Earthquake|p2a: Clefable\n|-damage|p2a: Clefable|50\/100\n|move|p2a: Clefable|Moonblast|p1a: Garchomp\n|-supereffective|p1a: Garchomp\n|-damage|p1a: Garchomp|0 fnt\n|faint|p1a: Garchomp\n|\n|upkeep\n|\n|t:|1698895250\n|switch|p1a: Decidueye|Decidueye-Hisui, F|94\/100\n|turn|95\n|\n|t:|1698895254\n|move|p1a: Decidueye|Triple Arrows|p2a: Clefable\n|-resisted|p2a: Clefable\n|-damage|p2a: Clefable|38\/100\n|cant|p2a: Clefable|flinch\n|\n|upkeep\n|turn|96\n|\n|t:|1698895261\n|move|p2a: Clefable|Protect|p2a: Clefable\n|-singleturn|p2a: Clefable|Protect\n|move|p1a: Decidueye|Triple Arrows|p2a: Clefable\n|-activate|p2a: Clefable|move: Protect\n|\n|upkeep\n|turn|97\n|\n|t:|1698895268\n|move|p1a: Decidueye|Triple Arrows|p2a: Clefable\n|-resisted|p2a: Clefable\n|-damage|p2a: Clefable|24\/100\n|move|p2a: Clefable|Wish|p2a: Clefable\n|\n|upkeep\n|turn|98\n|\n|t:|1698895274\n|move|p2a: Clefable|Protect|p2a: Clefable\n|-singleturn|p2a: Clefable|Protect\n|move|p1a: Decidueye|Triple Arrows|p2a: Clefable\n|-activate|p2a: Clefable|move: Protect\n|\n|-heal|p2a: Clefable|74\/100|[from] move: Wish|[wisher] Clefable\n|upkeep\n|turn|99\n|\n|t:|1698895281\n|move|p1a: Decidueye|Triple Arrows|p2a: Clefable\n|-resisted|p2a: Clefable\n|-damage|p2a: Clefable|61\/100\n|-unboost|p2a: Clefable|def|1\n|cant|p2a: Clefable|flinch\n|\n|upkeep\n|turn|100\n|\n|t:|1698895291\n|switch|p2a: Corviknight|Corviknight, M|85\/100\n|-ability|p2a: Corviknight|Pressure\n|move|p1a: Decidueye|Triple Arrows|p2a: Corviknight\n|-damage|p2a: Corviknight|66\/100\n|\n|upkeep\n|turn|101\n|\n|t:|1698895299\n|move|p1a: Decidueye|Triple Arrows|p2a: Corviknight\n|-crit|p2a: Corviknight\n|-damage|p2a: Corviknight|37\/100\n|-unboost|p2a: Corviknight|def|1\n|move|p2a: Corviknight|Iron Defense|p2a: Corviknight\n|-boost|p2a: Corviknight|def|2\n|\n|upkeep\n|turn|102\n|\n|t:|1698895308\n|move|p1a: Decidueye|Triple Arrows|p2a: Corviknight\n|-damage|p2a: Corviknight|24\/100\n|move|p2a: Corviknight|Roost|p2a: Corviknight\n|-heal|p2a: Corviknight|74\/100\n|-singleturn|p2a: Corviknight|move: Roost\n|\n|upkeep\n|turn|103\n|\n|t:|1698895316\n|move|p1a: Decidueye|Triple Arrows|p2a: Corviknight\n|-damage|p2a: Corviknight|60\/100\n|move|p2a: Corviknight|Iron Defense|p2a: Corviknight\n|-boost|p2a: Corviknight|def|2\n|\n|upkeep\n|turn|104\n|\n|t:|1698895326\n|move|p1a: Decidueye|Knock Off|p2a: Corviknight\n|-damage|p2a: Corviknight|55\/100\n|move|p2a: Corviknight|Roost|p2a: Corviknight\n|-heal|p2a: Corviknight|100\/100\n|-singleturn|p2a: Corviknight|move: Roost\n|\n|upkeep\n|turn|105\n|\n|t:|1698895338\n|move|p1a: Decidueye|Knock Off|p2a: Corviknight\n|-damage|p2a: Corviknight|96\/100\n|move|p2a: Corviknight|Body Press|p1a: Decidueye\n|-damage|p1a: Decidueye|43\/100\n|\n|upkeep\n|turn|106\n|\n|t:|1698895347\n|move|p1a: Decidueye|Knock Off|p2a: Corviknight\n|-damage|p2a: Corviknight|92\/100\n|move|p2a: Corviknight|Iron Head|p1a: Decidueye\n|-damage|p1a: Decidueye|21\/100\n|\n|upkeep\n|turn|107\n|\n|t:|1698895355\n|move|p1a: Decidueye|Knock Off|p2a: Corviknight\n|-damage|p2a: Corviknight|88\/100\n|move|p2a: Corviknight|Iron Defense|p2a: Corviknight\n|-boost|p2a: Corviknight|def|2\n|\n|upkeep\n|turn|108\n|\n|t:|1698895366\n|move|p1a: Decidueye|Knock Off|p2a: Corviknight\n|-damage|p2a: Corviknight|85\/100\n|move|p2a: Corviknight|Iron Head|p1a: Decidueye\n|-damage|p1a: Decidueye|0 fnt\n|faint|p1a: Decidueye\n|\n|upkeep\n|\n|t:|1698895379\n|switch|p1a: Ninetales|Ninetales-Alola, M|44\/100\n|-weather|Snow|[from] ability: Snow Warning|[of] p1a: Ninetales\n|turn|109\n|c|\u2606Minimimik|L bozo\n|\n|t:|1698895387\n|move|p1a: Ninetales|Freeze-Dry|p2a: Corviknight\n|-damage|p2a: Corviknight|64\/100\n|move|p2a: Corviknight|Iron Head|p1a: Ninetales\n|-supereffective|p1a: Ninetales\n|-damage|p1a: Ninetales|0 fnt\n|faint|p1a: Ninetales\n|\n|win|Minimimik\n","uploadtime":1698895392,"views":21,"p1id":"freshhtodeath","p2id":"minimimik","formatid":"gen9ubers","rating":0,"private":0,"password":""}