{"id":"gen9ubers-2000598440","p1":"SokaMobileX","p2":"TransForDesantis","format":"[Gen 9] Ubers","log":"|j|\u2606SokaMobileX\n|j|\u2606TransForDesantis\n|t:|1701209059\n|gametype|singles\n|player|p1|SokaMobileX|cilan|1393\n|player|p2|TransForDesantis|cynthia-gen4|1437\n|teamsize|p1|6\n|teamsize|p2|6\n|gen|9\n|tier|[Gen 9] Ubers\n|rated|\n|rule|Sleep Clause Mod: Limit one foe put to sleep\n|rule|Species Clause: Limit one of each Pok\u00e9mon\n|rule|OHKO Clause: OHKO moves are banned\n|rule|Evasion Items Clause: Evasion items are banned\n|rule|Evasion Moves Clause: Evasion moves are banned\n|rule|Endless Battle Clause: Forcing endless battles is banned\n|rule|HP Percentage Mod: HP is shown in percentages\n|clearpoke\n|poke|p1|Ribombee, F|\n|poke|p1|Miraidon|\n|poke|p1|Zacian-*|\n|poke|p1|Koraidon|\n|poke|p1|Kyogre|\n|poke|p1|Zamazenta-*|\n|poke|p2|Koraidon|\n|poke|p2|Iron Bundle|\n|poke|p2|Miraidon|\n|poke|p2|Zacian-*|\n|poke|p2|Giratina-Origin|\n|poke|p2|Arceus-Ground|\n|teampreview\n|\n|t:|1701209081\n|start\n|switch|p1a: Ribombee|Ribombee, F|100\/100\n|switch|p2a: SexHaver982|Iron Bundle|100\/100\n|turn|1\n|inactive|Battle timer is ON: inactive players will automatically lose when time's up. (requested by SokaMobileX)\n|\n|t:|1701209089\n|move|p2a: SexHaver982|U-turn|p1a: Ribombee\n|-resisted|p1a: Ribombee\n|-damage|p1a: Ribombee|91\/100\n|\n|t:|1701209091\n|-end|p2a: SexHaver982|Quark Drive|[silent]\n|switch|p2a: Racial Slurs|Miraidon|100\/100|[from] U-turn\n|-fieldstart|move: Electric Terrain|[from] ability: Hadron Engine|[of] p2a: Racial Slurs\n|move|p1a: Ribombee|Sticky Web|p2a: Racial Slurs\n|-sidestart|p2: TransForDesantis|move: Sticky Web\n|\n|upkeep\n|turn|2\n|\n|t:|1701209094\n|move|p2a: Racial Slurs|Volt Switch|p1a: Ribombee\n|-damage|p1a: Ribombee|0 fnt\n|faint|p1a: Ribombee\n|\n|t:|1701209098\n|switch|p2a: Alah|Arceus-Ground|100\/100|[from] Volt Switch\n|-activate|p2a: Alah|move: Sticky Web\n|-unboost|p2a: Alah|spe|1\n|\n|upkeep\n|\n|t:|1701209101\n|switch|p1a: Kyogre|Kyogre|100\/100\n|-weather|RainDance|[from] ability: Drizzle|[of] p1a: Kyogre\n|turn|3\n|\n|t:|1701209103\n|switch|p2a: Scolopendra Phobos|Giratina-Origin|100\/100\n|move|p1a: Kyogre|Water Spout|p2a: Scolopendra Phobos\n|-resisted|p2a: Scolopendra Phobos\n|-damage|p2a: Scolopendra Phobos|57\/100\n|\n|-weather|RainDance|[upkeep]\n|upkeep\n|turn|4\n|\n|t:|1701209112\n|-terastallize|p1a: Kyogre|Water\n|move|p1a: Kyogre|Water Spout|p2a: Scolopendra Phobos\n|-resisted|p2a: Scolopendra Phobos\n|-damage|p2a: Scolopendra Phobos|0 fnt\n|faint|p2a: Scolopendra Phobos\n|\n|-weather|RainDance|[upkeep]\n|upkeep\n|c|\u2606SokaMobileX|webs shall STAY\n|\n|t:|1701209133\n|switch|p2a: Racial Slurs|Miraidon|100\/100\n|-activate|p2a: Racial Slurs|move: Sticky Web\n|-unboost|p2a: Racial Slurs|spe|1\n|-activate|p2a: Racial Slurs|ability: Hadron Engine\n|turn|5\n|c|\u2606TransForDesantis|Assad must go\n|\n|t:|1701209144\n|switch|p1a: Miraidon|Miraidon|100\/100\n|-activate|p1a: Miraidon|ability: Hadron Engine\n|move|p2a: Racial Slurs|Draco Meteor|p1a: Miraidon\n|-supereffective|p1a: Miraidon\n|-crit|p1a: Miraidon\n|-damage|p1a: Miraidon|0 fnt\n|-unboost|p2a: Racial Slurs|spa|2\n|faint|p1a: Miraidon\n|\n|-weather|RainDance|[upkeep]\n|-fieldend|move: Electric Terrain\n|upkeep\n|\n|t:|1701209158\n|switch|p1a: Zamazenta|Zamazenta-Crowned|100\/100\n|-ability|p1a: Zamazenta|Dauntless Shield|boost\n|-boost|p1a: Zamazenta|def|1\n|turn|6\n|\n|t:|1701209164\n|switch|p2a: Alah|Arceus-Ground|100\/100\n|-activate|p2a: Alah|move: Sticky Web\n|-unboost|p2a: Alah|spe|1\n|move|p1a: Zamazenta|Iron Defense|p1a: Zamazenta\n|-boost|p1a: Zamazenta|def|2\n|\n|-weather|RainDance|[upkeep]\n|upkeep\n|turn|7\n|\n|t:|1701209179\n|move|p1a: Zamazenta|Iron Defense|p1a: Zamazenta\n|-boost|p1a: Zamazenta|def|2\n|move|p2a: Alah|Bulk Up|p2a: Alah\n|-boost|p2a: Alah|atk|1\n|-boost|p2a: Alah|def|1\n|\n|-weather|none\n|upkeep\n|turn|8\n|\n|t:|1701209183\n|move|p1a: Zamazenta|Body Press|p2a: Alah\n|-damage|p2a: Alah|54\/100\n|move|p2a: Alah|Bulk Up|p2a: Alah\n|-boost|p2a: Alah|atk|1\n|-boost|p2a: Alah|def|1\n|\n|upkeep\n|turn|9\n|\n|t:|1701209187\n|move|p1a: Zamazenta|Body Press|p2a: Alah\n|-damage|p2a: Alah|20\/100\n|move|p2a: Alah|Recover|p2a: Alah\n|-heal|p2a: Alah|70\/100\n|\n|upkeep\n|turn|10\n|\n|t:|1701209192\n|move|p1a: Zamazenta|Iron Defense|p1a: Zamazenta\n|-boost|p1a: Zamazenta|def|1\n|move|p2a: Alah|Bulk Up|p2a: Alah\n|-boost|p2a: Alah|atk|1\n|-boost|p2a: Alah|def|1\n|\n|upkeep\n|turn|11\n|\n|t:|1701209194\n|move|p1a: Zamazenta|Body Press|p2a: Alah\n|-damage|p2a: Alah|39\/100\n|move|p2a: Alah|Bulk Up|p2a: Alah\n|-boost|p2a: Alah|atk|1\n|-boost|p2a: Alah|def|1\n|\n|upkeep\n|turn|12\n|\n|t:|1701209197\n|move|p1a: Zamazenta|Body Press|p2a: Alah\n|-damage|p2a: Alah|13\/100\n|move|p2a: Alah|Recover|p2a: Alah\n|-heal|p2a: Alah|63\/100\n|\n|upkeep\n|turn|13\n|\n|t:|1701209199\n|move|p1a: Zamazenta|Body Press|p2a: Alah\n|-damage|p2a: Alah|38\/100\n|move|p2a: Alah|Earthquake|p1a: Zamazenta\n|-supereffective|p1a: Zamazenta\n|-damage|p1a: Zamazenta|54\/100\n|\n|upkeep\n|turn|14\n|\n|t:|1701209203\n|move|p1a: Zamazenta|Body Press|p2a: Alah\n|-damage|p2a: Alah|10\/100\n|move|p2a: Alah|Earthquake|p1a: Zamazenta\n|-supereffective|p1a: Zamazenta\n|-damage|p1a: Zamazenta|12\/100\n|\n|upkeep\n|turn|15\n|\n|t:|1701209209\n|move|p1a: Zamazenta|Body Press|p2a: Alah\n|-damage|p2a: Alah|0 fnt\n|faint|p2a: Alah\n|\n|upkeep\n|\n|t:|1701209211\n|switch|p2a: Racial Slurs|Miraidon|100\/100\n|-activate|p2a: Racial Slurs|move: Sticky Web\n|-unboost|p2a: Racial Slurs|spe|1\n|-fieldstart|move: Electric Terrain|[from] ability: Hadron Engine|[of] p2a: Racial Slurs\n|turn|16\n|\n|t:|1701209214\n|move|p2a: Racial Slurs|Volt Switch|p1a: Zamazenta\n|-damage|p1a: Zamazenta|0 fnt\n|faint|p1a: Zamazenta\n|\n|t:|1701209219\n|switch|p2a: SexHaver982|Iron Bundle|100\/100|[from] Volt Switch\n|-activate|p2a: SexHaver982|move: Sticky Web\n|-unboost|p2a: SexHaver982|spe|1\n|-activate|p2a: SexHaver982|ability: Quark Drive\n|-start|p2a: SexHaver982|quarkdrivespa\n|\n|upkeep\n|\n|t:|1701209232\n|switch|p1a: Zacian|Zacian-Crowned|100\/100\n|-ability|p1a: Zacian|Intrepid Sword|boost\n|-boost|p1a: Zacian|atk|1\n|turn|17\n|\n|t:|1701209238\n|-terastallize|p2a: SexHaver982|Fire\n|move|p1a: Zacian|Sacred Sword|p2a: SexHaver982\n|-damage|p2a: SexHaver982|39\/100\n|move|p2a: SexHaver982|Tera Blast|p1a: Zacian|[anim] Tera Blast Fire\n|-supereffective|p1a: Zacian\n|-damage|p1a: Zacian|0 fnt\n|faint|p1a: Zacian\n|\n|upkeep\n|\n|t:|1701209250\n|switch|p1a: Kyogre|Kyogre, tera:Water|100\/100\n|-weather|RainDance|[from] ability: Drizzle|[of] p1a: Kyogre\n|turn|18\n|\n|t:|1701209256\n|-end|p2a: SexHaver982|Quark Drive|[silent]\n|switch|p2a: Death|Koraidon|100\/100\n|-activate|p2a: Death|move: Sticky Web\n|-unboost|p2a: Death|spe|1\n|-weather|SunnyDay|[from] ability: Orichalcum Pulse|[of] p2a: Death\n|-activate|p2a: Death|Orichalcum Pulse|[source]\n|move|p1a: Kyogre|Water Spout|p2a: Death\n|-resisted|p2a: Death\n|-damage|p2a: Death|70\/100\n|\n|-weather|SunnyDay|[upkeep]\n|upkeep\n|turn|19\n|\n|t:|1701209262\n|switch|p1a: Koraidon|Koraidon|100\/100\n|-activate|p1a: Koraidon|ability: Orichalcum Pulse\n|move|p2a: Death|Close Combat|p1a: Koraidon\n|-damage|p1a: Koraidon|0 fnt\n|-unboost|p2a: Death|def|1\n|-unboost|p2a: Death|spd|1\n|faint|p1a: Koraidon\n|\n|-weather|SunnyDay|[upkeep]\n|upkeep\n|\n|t:|1701209265\n|switch|p1a: Kyogre|Kyogre, tera:Water|100\/100\n|-weather|RainDance|[from] ability: Drizzle|[of] p1a: Kyogre\n|turn|20\n|\n|t:|1701209269\n|switch|p2a: Goodness Gracious|Zacian-Crowned|100\/100\n|-activate|p2a: Goodness Gracious|move: Sticky Web\n|-unboost|p2a: Goodness Gracious|spe|1\n|-ability|p2a: Goodness Gracious|Intrepid Sword|boost\n|-boost|p2a: Goodness Gracious|atk|1\n|move|p1a: Kyogre|Water Spout|p2a: Goodness Gracious\n|-damage|p2a: Goodness Gracious|0 fnt\n|faint|p2a: Goodness Gracious\n|\n|-weather|RainDance|[upkeep]\n|-fieldend|move: Electric Terrain\n|upkeep\n|\n|t:|1701209271\n|switch|p2a: Death|Koraidon|70\/100\n|-activate|p2a: Death|move: Sticky Web\n|-unboost|p2a: Death|spe|1\n|-weather|SunnyDay|[from] ability: Orichalcum Pulse|[of] p2a: Death\n|-activate|p2a: Death|Orichalcum Pulse|[source]\n|turn|21\n|\n|t:|1701209274\n|move|p1a: Kyogre|Water Spout|p2a: Death\n|-resisted|p2a: Death\n|-damage|p2a: Death|41\/100\n|move|p2a: Death|Close Combat|p1a: Kyogre\n|-damage|p1a: Kyogre|0 fnt\n|-unboost|p2a: Death|def|1\n|-unboost|p2a: Death|spd|1\n|faint|p1a: Kyogre\n|\n|win|TransForDesantis\n|raw|SokaMobileX's rating: 1393 &rarr; <strong>1376<\/strong><br \/>(-17 for losing)\n|raw|TransForDesantis's rating: 1437 &rarr; <strong>1454<\/strong><br \/>(+17 for winning)\n|c|\u2606TransForDesantis|GGs\n|c|\u2606SokaMobileX|ggs\n|l|\u2606SokaMobileX\n","uploadtime":1701209373,"views":2,"p1id":"sokamobilex","p2id":"transfordesantis","formatid":"gen9ubers","rating":1376,"private":0,"password":""}