{"id":"gen9ubers-1988081036","p1":"poseidon5000","p2":"the big goomba","format":"[Gen 9] Ubers","log":"|j|\u2606poseidon5000\n|j|\u2606the big goomba\n|t:|1699667188\n|gametype|singles\n|player|p1|poseidon5000|265|1084\n|player|p2|the big goomba|psychic-gen4|1110\n|teamsize|p1|6\n|teamsize|p2|6\n|gen|9\n|tier|[Gen 9] Ubers\n|rated|\n|rule|Sleep Clause Mod: Limit one foe put to sleep\n|rule|Species Clause: Limit one of each Pok\u00e9mon\n|rule|OHKO Clause: OHKO moves are banned\n|rule|Evasion Items Clause: Evasion items are banned\n|rule|Evasion Moves Clause: Evasion moves are banned\n|rule|Endless Battle Clause: Forcing endless battles is banned\n|rule|HP Percentage Mod: HP is shown in percentages\n|clearpoke\n|poke|p1|Shiftry, F|\n|poke|p1|Iron Moth|\n|poke|p1|Rillaboom, M|\n|poke|p1|Ursaluna-Bloodmoon, M|\n|poke|p1|Brambleghast, F|\n|poke|p1|Sneasler, F|\n|poke|p2|Groudon|\n|poke|p2|Koraidon|\n|poke|p2|Magearna|\n|poke|p2|Walking Wake|\n|poke|p2|Heatran, M|\n|poke|p2|Urshifu-*, F|\n|teampreview\n|\n|t:|1699667199\n|start\n|switch|p1a: Shiftry|Shiftry, F|100\/100\n|switch|p2a: Koraidon|Koraidon|100\/100\n|-weather|SunnyDay|[from] ability: Orichalcum Pulse|[of] p2a: Koraidon\n|-activate|p2a: Koraidon|Orichalcum Pulse|[source]\n|turn|1\n|\n|t:|1699667208\n|move|p2a: Koraidon|U-turn|p1a: Shiftry\n|-supereffective|p1a: Shiftry\n|-enditem|p1a: Shiftry|Focus Sash\n|-damage|p1a: Shiftry|1\/100\n|inactive|Battle timer is ON: inactive players will automatically lose when time's up. (requested by the big goomba)\n|\n|t:|1699667210\n|switch|p2a: Urshifu|Urshifu, F|100\/100|[from] U-turn\n|move|p1a: Shiftry|Tailwind|p1a: Shiftry\n|-sidestart|p1: poseidon5000|move: Tailwind\n|-ability|p1a: Shiftry|Wind Rider|boost\n|-boost|p1a: Shiftry|atk|1\n|\n|-weather|SunnyDay|[upkeep]\n|upkeep\n|turn|2\n|\n|t:|1699667213\n|move|p2a: Urshifu|Sucker Punch|p1a: Shiftry\n|-resisted|p1a: Shiftry\n|-damage|p1a: Shiftry|0 fnt\n|faint|p1a: Shiftry\n|\n|-weather|SunnyDay|[upkeep]\n|upkeep\n|\n|t:|1699667225\n|switch|p1a: Brambleghast|Brambleghast, F|100\/100\n|-ability|p1a: Brambleghast|Wind Rider|boost\n|-boost|p1a: Brambleghast|atk|1\n|turn|3\n|\n|t:|1699667237\n|move|p1a: Brambleghast|Shadow Sneak|p2a: Urshifu\n|-resisted|p2a: Urshifu\n|-damage|p2a: Urshifu|81\/100\n|move|p2a: Urshifu|Sucker Punch||[still]\n|-fail|p2a: Urshifu\n|\n|-weather|SunnyDay|[upkeep]\n|upkeep\n|turn|4\n|\n|t:|1699667244\n|switch|p1a: Rillaboom|Rillaboom, M|100\/100\n|-fieldstart|move: Grassy Terrain|[from] ability: Grassy Surge|[of] p1a: Rillaboom\n|move|p2a: Urshifu|Sucker Punch||[still]\n|-fail|p2a: Urshifu\n|\n|-weather|SunnyDay|[upkeep]\n|-heal|p2a: Urshifu|87\/100|[from] Grassy Terrain\n|-sideend|p1: poseidon5000|move: Tailwind\n|upkeep\n|turn|5\n|\n|t:|1699667257\n|switch|p2a: Magearna|Magearna|100\/100\n|move|p1a: Rillaboom|U-turn|p2a: Magearna\n|-resisted|p2a: Magearna\n|-damage|p2a: Magearna|96\/100\n|\n|t:|1699667263\n|switch|p1a: Ursaluna|Ursaluna-Bloodmoon, M|100\/100|[from] U-turn\n|\n|-weather|none\n|-heal|p2a: Magearna|100\/100|[from] Grassy Terrain\n|upkeep\n|turn|6\n|\n|t:|1699667271\n|switch|p2a: Groudon|Groudon|100\/100\n|-weather|SunnyDay|[from] ability: Drought|[of] p2a: Groudon\n|move|p1a: Ursaluna|Calm Mind|p1a: Ursaluna\n|-boost|p1a: Ursaluna|spa|1\n|-boost|p1a: Ursaluna|spd|1\n|\n|-weather|SunnyDay|[upkeep]\n|upkeep\n|turn|7\n|\n|t:|1699667278\n|-terastallize|p1a: Ursaluna|Poison\n|move|p2a: Groudon|Stealth Rock|p1a: Ursaluna\n|-sidestart|p1: poseidon5000|move: Stealth Rock\n|move|p1a: Ursaluna|Blood Moon|p2a: Groudon\n|-damage|p2a: Groudon|22\/100\n|\n|-weather|SunnyDay|[upkeep]\n|-heal|p2a: Groudon|28\/100|[from] Grassy Terrain\n|-heal|p2a: Groudon|34\/100|[from] item: Leftovers\n|upkeep\n|turn|8\n|\n|t:|1699667283\n|move|p2a: Groudon|Earthquake|p1a: Ursaluna\n|-supereffective|p1a: Ursaluna\n|-crit|p1a: Ursaluna\n|-damage|p1a: Ursaluna|62\/100\n|move|p1a: Ursaluna|Earth Power|p2a: Groudon\n|-damage|p2a: Groudon|0 fnt\n|faint|p2a: Groudon\n|\n|-weather|SunnyDay|[upkeep]\n|-heal|p1a: Ursaluna|68\/100|[from] Grassy Terrain\n|-heal|p1a: Ursaluna|75\/100|[from] item: Leftovers\n|upkeep\n|inactive|the big goomba has 120 seconds left.\n|\n|t:|1699667336\n|switch|p2a: Walking Wake|Walking Wake|100\/100\n|-activate|p2a: Walking Wake|ability: Protosynthesis\n|-start|p2a: Walking Wake|protosynthesisspe\n|turn|9\n|\n|t:|1699667354\n|move|p2a: Walking Wake|Draco Meteor|p1a: Ursaluna\n|-damage|p1a: Ursaluna|0 fnt\n|-unboost|p2a: Walking Wake|spa|2\n|faint|p1a: Ursaluna\n|\n|-weather|SunnyDay|[upkeep]\n|upkeep\n|inactive|poseidon5000 has 120 seconds left.\n|-message|poseidon5000 forfeited.\n|\n|win|the big goomba\n|raw|poseidon5000's rating: 1081 &rarr; <strong>1061<\/strong><br \/>(-20 for losing)\n|raw|the big goomba's rating: 1110 &rarr; <strong>1133<\/strong><br \/>(+23 for winning)\n|l|\u2606poseidon5000\n","uploadtime":1699667385,"views":7,"p1id":"poseidon5000","p2id":"thebiggoomba","formatid":"gen9ubers","rating":1061,"private":0,"password":""}