{"id":"gen9ubers-1968991178","p1":"Sirbelgrave","p2":"Winterchillz","format":"[Gen 9] Ubers","log":"|j|\u2606Sirbelgrave\n|j|\u2606Winterchillz\n|t:|1697481054\n|gametype|singles\n|player|p1|Sirbelgrave|plasmagrunt-gen5bw|\n|player|p2|Winterchillz|grimsley|\n|teamsize|p1|6\n|teamsize|p2|6\n|gen|9\n|tier|[Gen 9] Ubers\n|rule|Sleep Clause Mod: Limit one foe put to sleep\n|rule|Species Clause: Limit one of each Pok\u00e9mon\n|rule|OHKO Clause: OHKO moves are banned\n|rule|Evasion Items Clause: Evasion items are banned\n|rule|Evasion Moves Clause: Evasion moves are banned\n|rule|Endless Battle Clause: Forcing endless battles is banned\n|rule|HP Percentage Mod: HP is shown in percentages\n|clearpoke\n|poke|p1|Grimmsnarl, M|\n|poke|p1|Zacian-*|\n|poke|p1|Palkia-Origin|\n|poke|p1|Arceus-Ice|\n|poke|p1|Cyclizar, M|\n|poke|p1|Magearna|\n|poke|p2|Magearna|\n|poke|p2|Palafin, F|\n|poke|p2|Shaymin-Sky|\n|poke|p2|Dialga|\n|poke|p2|Giratina|\n|poke|p2|Blissey, F|\n|teampreview\n|inactive|Battle timer is ON: inactive players will automatically lose when time's up. (requested by Sirbelgrave)\n|\n|t:|1697481064\n|start\n|switch|p1a: Grimmsnarl|Grimmsnarl, M|100\/100\n|switch|p2a: Palafin|Palafin, F|100\/100\n|turn|1\n|\n|t:|1697481071\n|detailschange|p2a: Palafin|Palafin-Hero, F\n|switch|p2a: Magearna|Magearna|100\/100\n|move|p1a: Grimmsnarl|Reflect|p1a: Grimmsnarl\n|-sidestart|p1: Sirbelgrave|Reflect\n|\n|upkeep\n|turn|2\n|\n|t:|1697481077\n|move|p1a: Grimmsnarl|Taunt|p2a: Magearna\n|-start|p2a: Magearna|move: Taunt\n|move|p2a: Magearna|Flash Cannon|p1a: Grimmsnarl\n|-supereffective|p1a: Grimmsnarl\n|-damage|p1a: Grimmsnarl|6\/100\n|\n|upkeep\n|turn|3\n|\n|t:|1697481082\n|move|p1a: Grimmsnarl|Light Screen|p1a: Grimmsnarl\n|-sidestart|p1: Sirbelgrave|move: Light Screen\n|move|p2a: Magearna|Flash Cannon|p1a: Grimmsnarl\n|-supereffective|p1a: Grimmsnarl\n|-damage|p1a: Grimmsnarl|0 fnt\n|faint|p1a: Grimmsnarl\n|-ability|p2a: Magearna|Soul-Heart|boost\n|-boost|p2a: Magearna|spa|1\n|\n|upkeep\n|\n|t:|1697481098\n|switch|p1a: Palkia|Palkia-Origin|100\/100\n|-ability|p1a: Palkia|Pressure\n|turn|4\n|inactive|Winterchillz has 270 seconds left.\n|\n|t:|1697481128\n|switch|p2a: Blissey|Blissey, F|100\/100\n|move|p1a: Palkia|Fire Blast|p2a: Blissey\n|-damage|p2a: Blissey|85\/100\n|-status|p2a: Blissey|brn\n|\n|-damage|p2a: Blissey|79\/100 brn|[from] brn\n|upkeep\n|turn|5\n|\n|t:|1697481135\n|switch|p1a: Cyclizar|Cyclizar, M|100\/100\n|move|p2a: Blissey|Stealth Rock|p1a: Cyclizar\n|-sidestart|p1: Sirbelgrave|move: Stealth Rock\n|\n|-damage|p2a: Blissey|73\/100 brn|[from] brn\n|upkeep\n|turn|6\n|\n|t:|1697481147\n|move|p1a: Cyclizar|Shed Tail|p1a: Cyclizar\n|-start|p1a: Cyclizar|Substitute|[from] move: Shed Tail\n|-damage|p1a: Cyclizar|50\/100\n|\n|t:|1697481152\n|switch|p1a: Zacian|Zacian|100\/100|[from] Shed Tail\n|-ability|p1a: Zacian|Intrepid Sword|boost\n|-boost|p1a: Zacian|atk|1\n|move|p2a: Blissey|Seismic Toss|p1a: Zacian\n|-end|p1a: Zacian|Substitute\n|\n|-damage|p2a: Blissey|67\/100 brn|[from] brn\n|upkeep\n|turn|7\n|\n|t:|1697481166\n|switch|p2a: Magearna|Magearna|100\/100\n|move|p1a: Zacian|Swords Dance|p1a: Zacian\n|-boost|p1a: Zacian|atk|2\n|\n|upkeep\n|turn|8\n|\n|t:|1697481180\n|move|p1a: Zacian|Close Combat|p2a: Magearna\n|-damage|p2a: Magearna|19\/100\n|-unboost|p1a: Zacian|def|1\n|-unboost|p1a: Zacian|spd|1\n|move|p2a: Magearna|Flash Cannon|p1a: Zacian\n|-supereffective|p1a: Zacian\n|-damage|p1a: Zacian|6\/100\n|\n|-sideend|p1: Sirbelgrave|Reflect\n|upkeep\n|turn|9\n|\n|t:|1697481190\n|move|p1a: Zacian|Play Rough|p2a: Magearna\n|-resisted|p2a: Magearna\n|-damage|p2a: Magearna|0 fnt\n|faint|p2a: Magearna\n|\n|upkeep\n|\n|t:|1697481193\n|switch|p2a: Shaymin|Shaymin-Sky|100\/100\n|turn|10\n|\n|t:|1697481197\n|move|p1a: Zacian|Play Rough|p2a: Shaymin\n|-damage|p2a: Shaymin|0 fnt\n|faint|p2a: Shaymin\n|\n|-sideend|p1: Sirbelgrave|move: Light Screen\n|upkeep\n|\n|t:|1697481201\n|switch|p2a: Palafin|Palafin-Hero, F|100\/100\n|-activate|p2a: Palafin|ability: Zero to Hero\n|turn|11\n|\n|t:|1697481203\n|move|p2a: Palafin|Jet Punch|p1a: Zacian\n|-damage|p1a: Zacian|0 fnt\n|faint|p1a: Zacian\n|\n|upkeep\n|\n|t:|1697481217\n|switch|p1a: Palkia|Palkia-Origin|100\/100\n|-damage|p1a: Palkia|88\/100|[from] Stealth Rock\n|-ability|p1a: Palkia|Pressure\n|turn|12\n|\n|t:|1697481226\n|move|p1a: Palkia|Thunderbolt|p2a: Palafin\n|-supereffective|p2a: Palafin\n|-damage|p2a: Palafin|55\/100\n|move|p2a: Palafin|Bulk Up|p2a: Palafin\n|-boost|p2a: Palafin|atk|1\n|-boost|p2a: Palafin|def|1\n|\n|-heal|p2a: Palafin|61\/100|[from] item: Leftovers\n|upkeep\n|turn|13\n|\n|t:|1697481234\n|-terastallize|p2a: Palafin|Fairy\n|move|p1a: Palkia|Thunderbolt|p2a: Palafin\n|-damage|p2a: Palafin|37\/100\n|move|p2a: Palafin|Drain Punch|p1a: Palkia\n|-damage|p1a: Palkia|44\/100\n|-heal|p2a: Palafin|54\/100|[from] drain|[of] p1a: Palkia\n|\n|-heal|p2a: Palafin|60\/100|[from] item: Leftovers\n|upkeep\n|turn|14\n|\n|t:|1697481243\n|move|p1a: Palkia|Hydro Pump|p2a: Palafin\n|-damage|p2a: Palafin|6\/100\n|move|p2a: Palafin|Drain Punch|p1a: Palkia\n|-damage|p1a: Palkia|1\/100\n|-heal|p2a: Palafin|23\/100|[from] drain|[of] p1a: Palkia\n|\n|-heal|p2a: Palafin|29\/100|[from] item: Leftovers\n|upkeep\n|turn|15\n|\n|t:|1697481248\n|move|p2a: Palafin|Jet Punch|p1a: Palkia\n|-resisted|p1a: Palkia\n|-damage|p1a: Palkia|0 fnt\n|faint|p1a: Palkia\n|\n|-heal|p2a: Palafin|36\/100|[from] item: Leftovers\n|upkeep\n|\n|t:|1697481256\n|switch|p1a: Cyclizar|Cyclizar, M|84\/100\n|-damage|p1a: Cyclizar|71\/100|[from] Stealth Rock\n|turn|16\n|\n|t:|1697481262\n|move|p1a: Cyclizar|Shed Tail|p1a: Cyclizar\n|-start|p1a: Cyclizar|Substitute|[from] move: Shed Tail\n|-damage|p1a: Cyclizar|21\/100\n|\n|t:|1697481269\n|switch|p1a: Magearna|Magearna|100\/100|[from] Shed Tail\n|-damage|p1a: Magearna|94\/100|[from] Stealth Rock\n|move|p2a: Palafin|Drain Punch|p1a: Magearna\n|-activate|p1a: Magearna|move: Substitute|[damage]\n|-heal|p2a: Palafin|46\/100|[from] drain|[of] p1a: Magearna\n|\n|-heal|p2a: Palafin|52\/100|[from] item: Leftovers\n|-heal|p1a: Magearna|100\/100|[from] item: Leftovers\n|upkeep\n|turn|17\n|\n|t:|1697481279\n|move|p2a: Palafin|Taunt|p1a: Magearna\n|-start|p1a: Magearna|move: Taunt\n|cant|p1a: Magearna|move: Taunt|Shift Gear\n|\n|-heal|p2a: Palafin|58\/100|[from] item: Leftovers\n|upkeep\n|turn|18\n|\n|t:|1697481284\n|move|p2a: Palafin|Jet Punch|p1a: Magearna\n|-end|p1a: Magearna|Substitute\n|move|p1a: Magearna|Draining Kiss|p2a: Palafin\n|-crit|p2a: Palafin\n|-damage|p2a: Palafin|36\/100\n|\n|-heal|p2a: Palafin|42\/100|[from] item: Leftovers\n|upkeep\n|turn|19\n|\n|t:|1697481295\n|move|p2a: Palafin|Bulk Up|p2a: Palafin\n|-boost|p2a: Palafin|atk|1\n|-boost|p2a: Palafin|def|1\n|move|p1a: Magearna|Draining Kiss|p2a: Palafin\n|-damage|p2a: Palafin|26\/100\n|\n|-heal|p2a: Palafin|33\/100|[from] item: Leftovers\n|-end|p1a: Magearna|move: Taunt\n|upkeep\n|turn|20\n|\n|t:|1697481301\n|move|p2a: Palafin|Taunt|p1a: Magearna\n|-start|p1a: Magearna|move: Taunt\n|move|p1a: Magearna|Draining Kiss|p2a: Palafin\n|-damage|p2a: Palafin|19\/100\n|\n|-heal|p2a: Palafin|25\/100|[from] item: Leftovers\n|upkeep\n|turn|21\n|\n|t:|1697481305\n|-terastallize|p1a: Magearna|Water\n|move|p2a: Palafin|Drain Punch|p1a: Magearna\n|-damage|p1a: Magearna|70\/100\n|-heal|p2a: Palafin|39\/100|[from] drain|[of] p1a: Magearna\n|move|p1a: Magearna|Draining Kiss|p2a: Palafin\n|-damage|p2a: Palafin|24\/100\n|-heal|p1a: Magearna|83\/100|[from] drain|[of] p2a: Palafin\n|\n|-heal|p2a: Palafin|30\/100|[from] item: Leftovers\n|-heal|p1a: Magearna|89\/100|[from] item: Leftovers\n|upkeep\n|turn|22\n|\n|t:|1697481312\n|move|p2a: Palafin|Drain Punch|p1a: Magearna\n|-damage|p1a: Magearna|59\/100\n|-heal|p2a: Palafin|44\/100|[from] drain|[of] p1a: Magearna\n|move|p1a: Magearna|Draining Kiss|p2a: Palafin\n|-damage|p2a: Palafin|28\/100\n|-heal|p1a: Magearna|72\/100|[from] drain|[of] p2a: Palafin\n|\n|-heal|p2a: Palafin|34\/100|[from] item: Leftovers\n|-heal|p1a: Magearna|78\/100|[from] item: Leftovers\n|-end|p1a: Magearna|move: Taunt\n|upkeep\n|turn|23\n|\n|t:|1697481318\n|move|p2a: Palafin|Taunt|p1a: Magearna\n|-start|p1a: Magearna|move: Taunt\n|move|p1a: Magearna|Draining Kiss|p2a: Palafin\n|-damage|p2a: Palafin|18\/100\n|-heal|p1a: Magearna|91\/100|[from] drain|[of] p2a: Palafin\n|\n|-heal|p2a: Palafin|25\/100|[from] item: Leftovers\n|-heal|p1a: Magearna|97\/100|[from] item: Leftovers\n|upkeep\n|turn|24\n|\n|t:|1697481321\n|move|p2a: Palafin|Drain Punch|p1a: Magearna\n|-damage|p1a: Magearna|66\/100\n|-heal|p2a: Palafin|38\/100|[from] drain|[of] p1a: Magearna\n|move|p1a: Magearna|Draining Kiss|p2a: Palafin\n|-damage|p2a: Palafin|23\/100\n|-heal|p1a: Magearna|80\/100|[from] drain|[of] p2a: Palafin\n|\n|-heal|p2a: Palafin|29\/100|[from] item: Leftovers\n|-heal|p1a: Magearna|86\/100|[from] item: Leftovers\n|upkeep\n|turn|25\n|\n|t:|1697481326\n|move|p2a: Palafin|Bulk Up|p2a: Palafin\n|-boost|p2a: Palafin|atk|1\n|-boost|p2a: Palafin|def|1\n|move|p1a: Magearna|Draining Kiss|p2a: Palafin\n|-damage|p2a: Palafin|15\/100\n|-heal|p1a: Magearna|97\/100|[from] drain|[of] p2a: Palafin\n|\n|-heal|p2a: Palafin|21\/100|[from] item: Leftovers\n|-heal|p1a: Magearna|100\/100|[from] item: Leftovers\n|-end|p1a: Magearna|move: Taunt\n|upkeep\n|turn|26\n|\n|t:|1697481334\n|move|p2a: Palafin|Taunt|p1a: Magearna\n|-start|p1a: Magearna|move: Taunt\n|move|p1a: Magearna|Draining Kiss|p2a: Palafin\n|-damage|p2a: Palafin|7\/100\n|\n|-heal|p2a: Palafin|13\/100|[from] item: Leftovers\n|upkeep\n|turn|27\n|\n|t:|1697481339\n|move|p2a: Palafin|Drain Punch|p1a: Magearna\n|-damage|p1a: Magearna|58\/100\n|-heal|p2a: Palafin|32\/100|[from] drain|[of] p1a: Magearna\n|move|p1a: Magearna|Draining Kiss|p2a: Palafin\n|-damage|p2a: Palafin|19\/100\n|-heal|p1a: Magearna|69\/100|[from] drain|[of] p2a: Palafin\n|\n|-heal|p2a: Palafin|25\/100|[from] item: Leftovers\n|-heal|p1a: Magearna|75\/100|[from] item: Leftovers\n|upkeep\n|turn|28\n|\n|t:|1697481343\n|move|p2a: Palafin|Drain Punch|p1a: Magearna\n|-damage|p1a: Magearna|32\/100\n|-heal|p2a: Palafin|44\/100|[from] drain|[of] p1a: Magearna\n|move|p1a: Magearna|Draining Kiss|p2a: Palafin\n|-damage|p2a: Palafin|30\/100\n|-heal|p1a: Magearna|44\/100|[from] drain|[of] p2a: Palafin\n|\n|-heal|p2a: Palafin|36\/100|[from] item: Leftovers\n|-heal|p1a: Magearna|50\/100|[from] item: Leftovers\n|-end|p1a: Magearna|move: Taunt\n|upkeep\n|turn|29\n|\n|t:|1697481348\n|switch|p1a: Cyclizar|Cyclizar, M|54\/100\n|-damage|p1a: Cyclizar|42\/100|[from] Stealth Rock\n|move|p2a: Palafin|Drain Punch|p1a: Cyclizar\n|-supereffective|p1a: Cyclizar\n|-damage|p1a: Cyclizar|0 fnt\n|-heal|p2a: Palafin|54\/100|[from] drain|[of] p1a: Cyclizar\n|faint|p1a: Cyclizar\n|\n|-heal|p2a: Palafin|60\/100|[from] item: Leftovers\n|upkeep\n|\n|t:|1697481351\n|switch|p1a: Arceus|Arceus-Ice|100\/100\n|-damage|p1a: Arceus|76\/100|[from] Stealth Rock\n|turn|30\n|\n|t:|1697481357\n|move|p2a: Palafin|Jet Punch|p1a: Arceus\n|-damage|p1a: Arceus|6\/100\n|move|p1a: Arceus|Swords Dance|p1a: Arceus\n|-boost|p1a: Arceus|atk|2\n|\n|-heal|p2a: Palafin|66\/100|[from] item: Leftovers\n|upkeep\n|turn|31\n|\n|t:|1697481361\n|move|p1a: Arceus|Extreme Speed|p2a: Palafin\n|-damage|p2a: Palafin|45\/100\n|move|p2a: Palafin|Jet Punch|p1a: Arceus\n|-damage|p1a: Arceus|0 fnt\n|faint|p1a: Arceus\n|\n|-heal|p2a: Palafin|51\/100|[from] item: Leftovers\n|upkeep\n|\n|t:|1697481362\n|switch|p1a: Magearna|Magearna, tera:Water|50\/100\n|-damage|p1a: Magearna|37\/100|[from] Stealth Rock\n|turn|32\n|\n|t:|1697481364\n|move|p2a: Palafin|Drain Punch|p1a: Magearna\n|-damage|p1a: Magearna|0 fnt\n|-heal|p2a: Palafin|68\/100|[from] drain|[of] p1a: Magearna\n|faint|p1a: Magearna\n|\n|win|Winterchillz\n|c|\u2606Winterchillz|Gg\n|c|\u2606Sirbelgrave|gg\n","uploadtime":1697481399,"views":7,"p1id":"sirbelgrave","p2id":"winterchillz","formatid":"gen9ubers","rating":0,"private":0,"password":""}