{"id":"gen9ubers-1975363099","p1":"guess the memes","p2":"Mileage","format":"[Gen 9] Ubers","log":"|j|\u2606guess the memes\n|j|\u2606Mileage\n|t:|1698183454\n|gametype|singles\n|player|p1|guess the memes|acetrainerf|\n|player|p2|Mileage|hilda|\n|teamsize|p1|6\n|teamsize|p2|6\n|gen|9\n|tier|[Gen 9] Ubers\n|rule|Sleep Clause Mod: Limit one foe put to sleep\n|rule|Species Clause: Limit one of each Pok\u00e9mon\n|rule|OHKO Clause: OHKO moves are banned\n|rule|Evasion Items Clause: Evasion items are banned\n|rule|Evasion Moves Clause: Evasion moves are banned\n|rule|Endless Battle Clause: Forcing endless battles is banned\n|rule|HP Percentage Mod: HP is shown in percentages\n|clearpoke\n|poke|p1|Magearna|\n|poke|p1|Manaphy|\n|poke|p1|Cyclizar, M|\n|poke|p1|Zacian-*|\n|poke|p1|Arceus-Poison|\n|poke|p1|Quagsire, M|\n|poke|p2|Cyclizar, M|\n|poke|p2|Espathra, M|\n|poke|p2|Zacian-*|\n|poke|p2|Arceus-Fighting|\n|poke|p2|Magearna|\n|poke|p2|Ogerpon-Wellspring, F|\n|teampreview\n|\n|t:|1698183494\n|start\n|switch|p1a: Cyclizar|Cyclizar, M|100\/100\n|switch|p2a: Cyclizar|Cyclizar, M|100\/100\n|turn|1\n|\n|t:|1698183506\n|move|p1a: Cyclizar|Shed Tail|p1a: Cyclizar\n|-start|p1a: Cyclizar|Substitute|[from] move: Shed Tail\n|-damage|p1a: Cyclizar|50\/100\n|\n|t:|1698183508\n|switch|p1a: Zacian|Zacian|100\/100|[from] Shed Tail\n|-ability|p1a: Zacian|Intrepid Sword|boost\n|-boost|p1a: Zacian|atk|1\n|move|p2a: Cyclizar|Shed Tail|p2a: Cyclizar\n|-start|p2a: Cyclizar|Substitute|[from] move: Shed Tail\n|-damage|p2a: Cyclizar|50\/100\n|\n|t:|1698183526\n|switch|p2a: Espathra|Espathra, M|100\/100|[from] Shed Tail\n|\n|upkeep\n|turn|2\n|\n|t:|1698183533\n|switch|p1a: Quagsire|Quagsire, M|100\/100\n|move|p2a: Espathra|Protect||[still]\n|-fail|p2a: Espathra\n|\n|-ability|p2a: Espathra|Speed Boost|boost\n|-boost|p2a: Espathra|spe|1\n|upkeep\n|turn|3\n|\n|t:|1698183539\n|move|p2a: Espathra|Calm Mind|p2a: Espathra\n|-boost|p2a: Espathra|spa|1\n|-boost|p2a: Espathra|spd|1\n|move|p1a: Quagsire|Earthquake|p2a: Espathra\n|-end|p2a: Espathra|Substitute\n|\n|-ability|p2a: Espathra|Speed Boost|boost\n|-boost|p2a: Espathra|spe|1\n|upkeep\n|turn|4\n|\n|t:|1698183545\n|move|p2a: Espathra|Protect|p2a: Espathra\n|-singleturn|p2a: Espathra|Protect\n|move|p1a: Quagsire|Haze|p1a: Quagsire\n|-clearallboost\n|\n|-ability|p2a: Espathra|Speed Boost|boost\n|-boost|p2a: Espathra|spe|1\n|upkeep\n|turn|5\n|\n|t:|1698183553\n|switch|p2a: Magearna|Magearna|100\/100\n|move|p1a: Quagsire|Toxic|p2a: Magearna|[miss]\n|-miss|p1a: Quagsire|p2a: Magearna\n|\n|upkeep\n|turn|6\n|\n|t:|1698183560\n|move|p2a: Magearna|Shift Gear|p2a: Magearna\n|-boost|p2a: Magearna|spe|2\n|-boost|p2a: Magearna|atk|1\n|move|p1a: Quagsire|Earthquake|p2a: Magearna\n|-supereffective|p2a: Magearna\n|-damage|p2a: Magearna|59\/100\n|-enditem|p2a: Magearna|Weakness Policy\n|-boost|p2a: Magearna|atk|2|[from] item: Weakness Policy\n|-boost|p2a: Magearna|spa|2|[from] item: Weakness Policy\n|\n|upkeep\n|turn|7\n|\n|t:|1698183581\n|-terastallize|p2a: Magearna|Water\n|move|p2a: Magearna|Shift Gear|p2a: Magearna\n|-boost|p2a: Magearna|spe|2\n|-boost|p2a: Magearna|atk|1\n|move|p1a: Quagsire|Haze|p1a: Quagsire\n|-clearallboost\n|\n|upkeep\n|turn|8\n|\n|t:|1698183592\n|switch|p2a: Ogerpon|Ogerpon-Wellspring, F|100\/100\n|move|p1a: Quagsire|Toxic|p2a: Ogerpon\n|-status|p2a: Ogerpon|tox\n|\n|-damage|p2a: Ogerpon|95\/100 tox|[from] psn\n|upkeep\n|turn|9\n|\n|t:|1698183598\n|move|p1a: Quagsire|Protect|p1a: Quagsire\n|-singleturn|p1a: Quagsire|Protect\n|move|p2a: Ogerpon|Horn Leech|p1a: Quagsire\n|-activate|p1a: Quagsire|move: Protect\n|\n|-damage|p2a: Ogerpon|83\/100 tox|[from] psn\n|upkeep\n|turn|10\n|\n|t:|1698183606\n|switch|p1a: Arceus|Arceus-Poison|100\/100\n|move|p2a: Ogerpon|Play Rough|p1a: Arceus|[miss]\n|-miss|p2a: Ogerpon|p1a: Arceus\n|\n|-damage|p2a: Ogerpon|65\/100 tox|[from] psn\n|upkeep\n|turn|11\n|\n|t:|1698183619\n|switch|p2a: Zacian|Zacian|100\/100\n|-ability|p2a: Zacian|Intrepid Sword|boost\n|-boost|p2a: Zacian|atk|1\n|move|p1a: Arceus|Dragon Dance|p1a: Arceus\n|-boost|p1a: Arceus|atk|1\n|-boost|p1a: Arceus|spe|1\n|\n|upkeep\n|turn|12\n|\n|t:|1698183623\n|move|p1a: Arceus|Poison Jab|p2a: Zacian\n|-supereffective|p2a: Zacian\n|-damage|p2a: Zacian|0 fnt\n|faint|p2a: Zacian\n|\n|upkeep\n|\n|t:|1698183627\n|switch|p2a: Espathra|Espathra, M|100\/100\n|turn|13\n|\n|t:|1698183633\n|move|p1a: Arceus|Poison Jab|p2a: Espathra\n|-damage|p2a: Espathra|44\/100\n|move|p2a: Espathra|Calm Mind|p2a: Espathra\n|-boost|p2a: Espathra|spa|1\n|-boost|p2a: Espathra|spd|1\n|\n|-heal|p2a: Espathra|51\/100|[from] item: Leftovers\n|-ability|p2a: Espathra|Speed Boost|boost\n|-boost|p2a: Espathra|spe|1\n|upkeep\n|turn|14\n|\n|t:|1698183642\n|move|p2a: Espathra|Protect|p2a: Espathra\n|-singleturn|p2a: Espathra|Protect\n|move|p1a: Arceus|Poison Jab|p2a: Espathra\n|-activate|p2a: Espathra|move: Protect\n|\n|-heal|p2a: Espathra|57\/100|[from] item: Leftovers\n|-ability|p2a: Espathra|Speed Boost|boost\n|-boost|p2a: Espathra|spe|1\n|upkeep\n|turn|15\n|\n|t:|1698183646\n|move|p1a: Arceus|Extreme Speed|p2a: Espathra\n|-damage|p2a: Espathra|22\/100\n|move|p2a: Espathra|Stored Power|p1a: Arceus\n|-supereffective|p1a: Arceus\n|-damage|p1a: Arceus|30\/100\n|\n|-heal|p2a: Espathra|28\/100|[from] item: Leftovers\n|-ability|p2a: Espathra|Speed Boost|boost\n|-boost|p2a: Espathra|spe|1\n|upkeep\n|turn|16\n|\n|t:|1698183655\n|move|p1a: Arceus|Extreme Speed|p2a: Espathra\n|-damage|p2a: Espathra|0 fnt\n|faint|p2a: Espathra\n|\n|upkeep\n|\n|t:|1698183659\n|switch|p2a: Cyclizar|Cyclizar, M|84\/100\n|turn|17\n|\n|t:|1698183664\n|move|p1a: Arceus|Extreme Speed|p2a: Cyclizar\n|-damage|p2a: Cyclizar|38\/100\n|move|p2a: Cyclizar|Outrage|p1a: Arceus\n|-damage|p1a: Arceus|2\/100\n|\n|upkeep\n|turn|18\n|\n|t:|1698183669\n|move|p1a: Arceus|Extreme Speed|p2a: Cyclizar\n|-damage|p2a: Cyclizar|0 fnt\n|faint|p2a: Cyclizar\n|\n|upkeep\n|\n|t:|1698183672\n|switch|p2a: Arceus|Arceus-Fighting|100\/100\n|turn|19\n|\n|t:|1698183686\n|move|p1a: Arceus|Poison Jab|p2a: Arceus\n|-damage|p2a: Arceus|59\/100\n|move|p2a: Arceus|Judgment|p1a: Arceus\n|-resisted|p1a: Arceus\n|-damage|p1a: Arceus|0 fnt\n|faint|p1a: Arceus\n|\n|upkeep\n|\n|t:|1698183693\n|switch|p1a: Zacian|Zacian|100\/100\n|turn|20\n|\n|t:|1698183709\n|move|p1a: Zacian|Swords Dance|p1a: Zacian\n|-boost|p1a: Zacian|atk|2\n|move|p2a: Arceus|Healing Wish|p2a: Arceus\n|faint|p2a: Arceus\n|\n|upkeep\n|\n|t:|1698183710\n|switch|p2a: Magearna|Magearna, tera:Water|59\/100\n|-heal|p2a: Magearna|100\/100|[from] move: Healing Wish\n|turn|21\n|\n|t:|1698183718\n|move|p1a: Zacian|Close Combat|p2a: Magearna\n|-damage|p2a: Magearna|42\/100\n|-unboost|p1a: Zacian|def|1\n|-unboost|p1a: Zacian|spd|1\n|move|p2a: Magearna|Shift Gear|p2a: Magearna\n|-boost|p2a: Magearna|spe|2\n|-boost|p2a: Magearna|atk|1\n|\n|upkeep\n|turn|22\n|\n|t:|1698183727\n|move|p2a: Magearna|Draining Kiss|p1a: Zacian\n|-damage|p1a: Zacian|71\/100\n|-heal|p2a: Magearna|62\/100|[from] drain|[of] p1a: Zacian\n|move|p1a: Zacian|Close Combat|p2a: Magearna\n|-damage|p2a: Magearna|7\/100\n|-unboost|p1a: Zacian|def|1\n|-unboost|p1a: Zacian|spd|1\n|\n|upkeep\n|turn|23\n|\n|t:|1698183737\n|move|p2a: Magearna|Stored Power|p1a: Zacian\n|-damage|p1a: Zacian|26\/100\n|move|p1a: Zacian|Close Combat|p2a: Magearna\n|-damage|p2a: Magearna|0 fnt\n|-unboost|p1a: Zacian|def|1\n|-unboost|p1a: Zacian|spd|1\n|faint|p2a: Magearna\n|\n|upkeep\n|\n|t:|1698183739\n|switch|p2a: Ogerpon|Ogerpon-Wellspring, F|65\/100 tox\n|turn|24\n|\n|t:|1698183744\n|move|p1a: Zacian|Close Combat|p2a: Ogerpon\n|-damage|p2a: Ogerpon|0 fnt\n|-unboost|p1a: Zacian|def|1\n|-unboost|p1a: Zacian|spd|1\n|faint|p2a: Ogerpon\n|\n|win|guess the memes\n|c|\u2606Mileage|Gg\n|c|\u2606guess the memes|ok\n|c|\u2606guess the memes|gg\n|l|\u2606Mileage\n|l|\u2606guess the memes\n|j|\u2606guess the memes\n|player|p1|guess the memes|acetrainerf\n|l|\u2606guess the memes\n|player|p1|\n|j|\u2606guess the memes\n|player|p1|guess the memes|acetrainerf\n|l|\u2606guess the memes\n|player|p1|\n|j| uubers account\n|l| uubers account\n|j|\u2606guess the memes\n|player|p1|guess the memes|acetrainerf\n","uploadtime":1698185091,"views":28,"p1id":"guessthememes","p2id":"mileage","formatid":"gen9ubers","rating":0,"private":0,"password":""}