{"id":"gen9ubers-1984077714","p1":"2474wawa","p2":"pronerdgaming","format":"[Gen 9] Ubers","log":"|j|\u26062474wawa\n|j|\u2606pronerdgaming\n|t:|1699216375\n|gametype|singles\n|player|p1|2474wawa|170|\n|player|p2|pronerdgaming|170|\n|teamsize|p1|6\n|teamsize|p2|6\n|gen|9\n|tier|[Gen 9] Ubers\n|rule|Sleep Clause Mod: Limit one foe put to sleep\n|rule|Species Clause: Limit one of each Pok\u00e9mon\n|rule|OHKO Clause: OHKO moves are banned\n|rule|Evasion Items Clause: Evasion items are banned\n|rule|Evasion Moves Clause: Evasion moves are banned\n|rule|Endless Battle Clause: Forcing endless battles is banned\n|rule|HP Percentage Mod: HP is shown in percentages\n|clearpoke\n|poke|p1|Samurott-Hisui, F|\n|poke|p1|Espathra, F|\n|poke|p1|Cyclizar, M|\n|poke|p1|Chi-Yu|\n|poke|p1|Jirachi|\n|poke|p1|Palafin, M|\n|poke|p2|Arceus-Ice|\n|poke|p2|Urshifu-*, F|\n|poke|p2|Zacian-*|\n|poke|p2|Cyclizar, F|\n|poke|p2|Espathra, M|\n|poke|p2|Quagsire, M|\n|teampreview\n|\n|t:|1699216396\n|start\n|switch|p1a: vroom vrooom|Cyclizar, M|100\/100\n|switch|p2a: Cyclizar|Cyclizar, F|100\/100\n|turn|1\n|\n|t:|1699216412\n|switch|p2a: Zacian|Zacian|100\/100\n|-ability|p2a: Zacian|Intrepid Sword|boost\n|-boost|p2a: Zacian|atk|1\n|move|p1a: vroom vrooom|Shed Tail|p1a: vroom vrooom\n|-start|p1a: vroom vrooom|Substitute|[from] move: Shed Tail\n|-damage|p1a: vroom vrooom|50\/100\n|\n|t:|1699216420\n|switch|p1a: unfortunate|Jirachi, shiny|100\/100|[from] Shed Tail\n|\n|upkeep\n|turn|2\n|\n|t:|1699216427\n|move|p2a: Zacian|Fire Fang|p1a: unfortunate\n|-supereffective|p1a: unfortunate\n|-end|p1a: unfortunate|Substitute\n|-damage|p2a: Zacian|91\/100|[from] item: Life Orb\n|move|p1a: unfortunate|Iron Head|p2a: Zacian\n|-supereffective|p2a: Zacian\n|-damage|p2a: Zacian|30\/100\n|\n|upkeep\n|turn|3\n|\n|t:|1699216445\n|switch|p1a: meow|Palafin, M|100\/100\n|move|p2a: Zacian|Fire Fang|p1a: meow\n|-resisted|p1a: meow\n|-damage|p1a: meow|75\/100\n|-damage|p2a: Zacian|20\/100|[from] item: Life Orb\n|\n|upkeep\n|turn|4\n|\n|t:|1699216455\n|switch|p2a: Cyclizar|Cyclizar, F|100\/100\n|move|p1a: meow|Jet Punch|p2a: Cyclizar\n|-resisted|p2a: Cyclizar\n|-damage|p2a: Cyclizar|77\/100\n|\n|upkeep\n|turn|5\n|\n|t:|1699216468\n|detailschange|p1a: meow|Palafin-Hero, M\n|switch|p1a: unfortunate|Jirachi, shiny|100\/100\n|move|p2a: Cyclizar|Draco Meteor|p1a: unfortunate\n|-resisted|p1a: unfortunate\n|-damage|p1a: unfortunate|85\/100\n|-unboost|p2a: Cyclizar|spa|2\n|\n|-heal|p1a: unfortunate|91\/100|[from] item: Leftovers\n|upkeep\n|turn|6\n|\n|t:|1699216478\n|move|p2a: Cyclizar|Shed Tail|p2a: Cyclizar\n|-start|p2a: Cyclizar|Substitute|[from] move: Shed Tail\n|-damage|p2a: Cyclizar|26\/100\n|\n|t:|1699216485\n|switch|p2a: Urshifu|Urshifu-Rapid-Strike, F|100\/100|[from] Shed Tail\n|move|p1a: unfortunate|Body Slam|p2a: Urshifu\n|-activate|p2a: Urshifu|move: Substitute|[damage]\n|\n|-heal|p1a: unfortunate|97\/100|[from] item: Leftovers\n|upkeep\n|turn|7\n|\n|t:|1699216498\n|move|p2a: Urshifu|Bulk Up|p2a: Urshifu\n|-boost|p2a: Urshifu|atk|1\n|-boost|p2a: Urshifu|def|1\n|move|p1a: unfortunate|Body Slam|p2a: Urshifu\n|-end|p2a: Urshifu|Substitute\n|\n|-heal|p1a: unfortunate|100\/100|[from] item: Leftovers\n|upkeep\n|turn|8\n|\n|t:|1699216507\n|move|p2a: Urshifu|Surging Strikes|p1a: unfortunate\n|-crit|p1a: unfortunate\n|-damage|p1a: unfortunate|75\/100\n|-crit|p1a: unfortunate\n|-damage|p1a: unfortunate|48\/100\n|-crit|p1a: unfortunate\n|-damage|p1a: unfortunate|22\/100\n|-hitcount|p1a: unfortunate|3\n|move|p1a: unfortunate|Body Slam|p2a: Urshifu\n|-damage|p2a: Urshifu|86\/100\n|-status|p2a: Urshifu|par\n|\n|-heal|p1a: unfortunate|28\/100|[from] item: Leftovers\n|-heal|p2a: Urshifu|93\/100 par|[from] item: Leftovers\n|upkeep\n|turn|9\n|\n|t:|1699216535\n|move|p1a: unfortunate|Wish|p1a: unfortunate\n|cant|p2a: Urshifu|par\n|\n|-heal|p1a: unfortunate|34\/100|[from] item: Leftovers\n|-heal|p2a: Urshifu|99\/100 par|[from] item: Leftovers\n|upkeep\n|turn|10\n|\n|t:|1699216543\n|move|p1a: unfortunate|Iron Head|p2a: Urshifu\n|-resisted|p2a: Urshifu\n|-damage|p2a: Urshifu|89\/100 par\n|cant|p2a: Urshifu|flinch\n|\n|-heal|p1a: unfortunate|83\/100|[from] move: Wish|[wisher] unfortunate\n|-heal|p1a: unfortunate|89\/100|[from] item: Leftovers\n|-heal|p2a: Urshifu|95\/100 par|[from] item: Leftovers\n|upkeep\n|turn|11\n|\n|t:|1699216554\n|move|p1a: unfortunate|Wish|p1a: unfortunate\n|move|p2a: Urshifu|Bulk Up|p2a: Urshifu\n|-boost|p2a: Urshifu|atk|1\n|-boost|p2a: Urshifu|def|1\n|\n|-heal|p1a: unfortunate|95\/100|[from] item: Leftovers\n|-heal|p2a: Urshifu|100\/100 par|[from] item: Leftovers\n|upkeep\n|turn|12\n|\n|t:|1699216568\n|switch|p1a: vroom vrooom|Cyclizar, M|84\/100\n|move|p2a: Urshifu|Surging Strikes|p1a: vroom vrooom\n|-resisted|p1a: vroom vrooom\n|-crit|p1a: vroom vrooom\n|-damage|p1a: vroom vrooom|53\/100\n|-resisted|p1a: vroom vrooom\n|-crit|p1a: vroom vrooom\n|-damage|p1a: vroom vrooom|22\/100\n|-resisted|p1a: vroom vrooom\n|-crit|p1a: vroom vrooom\n|-damage|p1a: vroom vrooom|0 fnt\n|faint|p1a: vroom vrooom\n|-hitcount|p1: vroom vrooom|3\n|\n|upkeep\n|\n|t:|1699216617\n|switch|p1a: meow|Palafin-Hero, M|75\/100\n|-activate|p1a: meow|ability: Zero to Hero\n|turn|13\n|\n|t:|1699216626\n|move|p1a: meow|Close Combat|p2a: Urshifu\n|-damage|p2a: Urshifu|67\/100 par\n|-unboost|p1a: meow|def|1\n|-unboost|p1a: meow|spd|1\n|move|p2a: Urshifu|Thunder Punch|p1a: meow\n|-supereffective|p1a: meow\n|-damage|p1a: meow|0 fnt\n|faint|p1a: meow\n|\n|-heal|p2a: Urshifu|73\/100 par|[from] item: Leftovers\n|upkeep\n|\n|t:|1699216643\n|switch|p1a: emu|Espathra, F|100\/100\n|turn|14\n|\n|t:|1699216659\n|-terastallize|p1a: emu|Fairy\n|move|p1a: emu|Dazzling Gleam|p2a: Urshifu\n|-supereffective|p2a: Urshifu\n|-damage|p2a: Urshifu|0 fnt\n|faint|p2a: Urshifu\n|\n|-ability|p1a: emu|Speed Boost|boost\n|-boost|p1a: emu|spe|1\n|upkeep\n|c|\u2606pronerdgaming|That's fine\n|\n|t:|1699216691\n|switch|p2a: Cyclizar|Cyclizar, F|60\/100\n|turn|15\n|c|\u26062474wawa|probably didnt need to sack palafin\n|\n|t:|1699216706\n|move|p1a: emu|Substitute|p1a: emu\n|-start|p1a: emu|Substitute\n|-damage|p1a: emu|76\/100\n|move|p2a: Cyclizar|Taunt|p1a: emu\n|-start|p1a: emu|move: Taunt\n|\n|-heal|p1a: emu|82\/100|[from] item: Leftovers\n|-ability|p1a: emu|Speed Boost|boost\n|-boost|p1a: emu|spe|1\n|upkeep\n|turn|16\n|\n|t:|1699216715\n|move|p1a: emu|Dazzling Gleam|p2a: Cyclizar\n|-supereffective|p2a: Cyclizar\n|-damage|p2a: Cyclizar|0 fnt\n|faint|p2a: Cyclizar\n|\n|-heal|p1a: emu|88\/100|[from] item: Leftovers\n|-ability|p1a: emu|Speed Boost|boost\n|-boost|p1a: emu|spe|1\n|upkeep\n|\n|t:|1699216722\n|switch|p2a: Quagsire|Quagsire, M|100\/100\n|turn|17\n|\n|t:|1699216730\n|move|p1a: emu|Stored Power|p2a: Quagsire\n|-damage|p2a: Quagsire|63\/100\n|move|p2a: Quagsire|Yawn||[still]\n|-fail|p2a: Quagsire\n|\n|-heal|p1a: emu|94\/100|[from] item: Leftovers\n|-heal|p2a: Quagsire|69\/100|[from] item: Leftovers\n|-ability|p1a: emu|Speed Boost|boost\n|-boost|p1a: emu|spe|1\n|upkeep\n|turn|18\n|\n|t:|1699216745\n|move|p1a: emu|Stored Power|p2a: Quagsire\n|-damage|p2a: Quagsire|17\/100\n|move|p2a: Quagsire|Haze|p2a: Quagsire\n|-clearallboost\n|\n|-heal|p1a: emu|100\/100|[from] item: Leftovers\n|-heal|p2a: Quagsire|23\/100|[from] item: Leftovers\n|-end|p1a: emu|move: Taunt\n|-ability|p1a: emu|Speed Boost|boost\n|-boost|p1a: emu|spe|1\n|upkeep\n|turn|19\n|\n|t:|1699216756\n|-terastallize|p2a: Quagsire|Dark\n|move|p1a: emu|Stored Power|p2a: Quagsire\n|-immune|p2a: Quagsire\n|move|p2a: Quagsire|Liquidation|p1a: emu\n|-end|p1a: emu|Substitute\n|\n|-heal|p2a: Quagsire|29\/100|[from] item: Leftovers\n|-ability|p1a: emu|Speed Boost|boost\n|-boost|p1a: emu|spe|1\n|upkeep\n|turn|20\n|\n|t:|1699216771\n|switch|p2a: Arceus|Arceus-Ice|100\/100\n|move|p1a: emu|Dazzling Gleam|p2a: Arceus\n|-damage|p2a: Arceus|78\/100\n|\n|-ability|p1a: emu|Speed Boost|boost\n|-boost|p1a: emu|spe|1\n|upkeep\n|turn|21\n|\n|t:|1699216778\n|move|p1a: emu|Substitute|p1a: emu\n|-start|p1a: emu|Substitute\n|-damage|p1a: emu|76\/100\n|move|p2a: Arceus|Calm Mind|p2a: Arceus\n|-boost|p2a: Arceus|spa|1\n|-boost|p2a: Arceus|spd|1\n|\n|-heal|p1a: emu|82\/100|[from] item: Leftovers\n|-ability|p1a: emu|Speed Boost|boost\n|-boost|p1a: emu|spe|1\n|upkeep\n|turn|22\n|\n|t:|1699216786\n|move|p1a: emu|Calm Mind|p1a: emu\n|-boost|p1a: emu|spa|1\n|-boost|p1a: emu|spd|1\n|move|p2a: Arceus|Judgment|p1a: emu\n|-end|p1a: emu|Substitute\n|\n|-heal|p1a: emu|88\/100|[from] item: Leftovers\n|-ability|p1a: emu|Speed Boost|boost\n|-boost|p1a: emu|spe|1\n|upkeep\n|turn|23\n|\n|t:|1699216795\n|move|p1a: emu|Calm Mind|p1a: emu\n|-boost|p1a: emu|spa|1\n|-boost|p1a: emu|spd|1\n|move|p2a: Arceus|Judgment|p1a: emu\n|-damage|p1a: emu|40\/100\n|\n|-heal|p1a: emu|47\/100|[from] item: Leftovers\n|-ability|p1a: emu|Speed Boost|boost\n|-boost|p1a: emu|spe|1\n|upkeep\n|turn|24\n|\n|t:|1699216805\n|move|p1a: emu|Stored Power|p2a: Arceus\n|-damage|p2a: Arceus|1\/100\n|move|p2a: Arceus|Judgment|p1a: emu\n|-damage|p1a: emu|0 fnt\n|faint|p1a: emu\n|\n|upkeep\n|\n|t:|1699216816\n|switch|p1a: best shiny|Samurott-Hisui, F, shiny|100\/100\n|turn|25\n|\n|t:|1699216825\n|move|p1a: best shiny|Ceaseless Edge|p2a: Arceus\n|-damage|p2a: Arceus|0 fnt\n|-sidestart|p2: pronerdgaming|Spikes\n|faint|p2a: Arceus\n|\n|upkeep\n|\n|t:|1699216837\n|switch|p2a: Zacian|Zacian|20\/100\n|-damage|p2a: Zacian|8\/100|[from] Spikes\n|turn|26\n|\n|t:|1699216846\n|move|p1a: best shiny|Ceaseless Edge|p2a: Zacian\n|-resisted|p2a: Zacian\n|-damage|p2a: Zacian|0 fnt\n|-sidestart|p2: pronerdgaming|Spikes\n|faint|p2a: Zacian\n|\n|upkeep\n|\n|t:|1699216850\n|switch|p2a: Quagsire|Quagsire, M, tera:Dark|29\/100\n|-damage|p2a: Quagsire|13\/100|[from] Spikes\n|turn|27\n|\n|t:|1699216856\n|move|p1a: best shiny|Ceaseless Edge|p2a: Quagsire\n|-resisted|p2a: Quagsire\n|-damage|p2a: Quagsire|0 fnt\n|-sidestart|p2: pronerdgaming|Spikes\n|faint|p2a: Quagsire\n|\n|upkeep\n|\n|t:|1699216870\n|switch|p2a: Espathra|Espathra, M|100\/100\n|-damage|p2a: Espathra|76\/100|[from] Spikes\n|turn|28\n|\n|t:|1699216873\n|move|p1a: best shiny|Ceaseless Edge|p2a: Espathra|[miss]\n|-miss|p1a: best shiny|p2a: Espathra\n|move|p2a: Espathra|Dazzling Gleam|p1a: best shiny\n|-supereffective|p1a: best shiny\n|-damage|p1a: best shiny|28\/100\n|\n|-ability|p2a: Espathra|Speed Boost|boost\n|-boost|p2a: Espathra|spe|1\n|upkeep\n|turn|29\n|\n|t:|1699216886\n|move|p2a: Espathra|Dazzling Gleam|p1a: best shiny\n|-supereffective|p1a: best shiny\n|-damage|p1a: best shiny|0 fnt\n|faint|p1a: best shiny\n|\n|-ability|p2a: Espathra|Speed Boost|boost\n|-boost|p2a: Espathra|spe|1\n|upkeep\n|c|\u26062474wawa|oh no\n|\n|t:|1699216895\n|switch|p1a: flak|Chi-Yu|100\/100\n|-ability|p1a: flak|Beads of Ruin\n|turn|30\n|c|\u2606pronerdgaming|I don't think I live Chiyu\n|\n|t:|1699216912\n|move|p2a: Espathra|Dazzling Gleam|p1a: flak\n|-damage|p1a: flak|72\/100\n|move|p1a: flak|Dark Pulse|p2a: Espathra\n|-supereffective|p2a: Espathra\n|-damage|p2a: Espathra|0 fnt\n|faint|p2a: Espathra\n|\n|win|2474wawa\n|c|\u2606pronerdgaming|Yeah\n|c|\u26062474wawa|scary\n|c|\u2606pronerdgaming|RIP\n|c|\u2606pronerdgaming|GG\n|c|\u26062474wawa|gg\n|l|\u26062474wawa\n","uploadtime":1699216932,"views":3,"p1id":"2474wawa","p2id":"pronerdgaming","formatid":"gen9ubers","rating":0,"private":0,"password":""}