{"id":"gen9ubers-1972023108","p1":"bryannoah","p2":"SEUIf","format":"[Gen 9] Ubers","log":"|j|\u2606bryannoah\n|j|\u2606SEUIf\n|t:|1697805843\n|gametype|singles\n|player|p1|bryannoah|silver|1177\n|player|p2|SEUIf|ingo-hisui|1206\n|teamsize|p1|6\n|teamsize|p2|6\n|gen|9\n|tier|[Gen 9] Ubers\n|rated|\n|rule|Sleep Clause Mod: Limit one foe put to sleep\n|rule|Species Clause: Limit one of each Pok\u00e9mon\n|rule|OHKO Clause: OHKO moves are banned\n|rule|Evasion Items Clause: Evasion items are banned\n|rule|Evasion Moves Clause: Evasion moves are banned\n|rule|Endless Battle Clause: Forcing endless battles is banned\n|rule|HP Percentage Mod: HP is shown in percentages\n|clearpoke\n|poke|p1|Shaymin-Sky|\n|poke|p1|Annihilape, M|\n|poke|p1|Regieleki|\n|poke|p1|Zacian-*|\n|poke|p1|Landorus-Therian, M|\n|poke|p1|Iron Bundle|\n|poke|p2|Kingambit, M|\n|poke|p2|Miraidon|\n|poke|p2|Iron Bundle|\n|poke|p2|Ting-Lu|\n|poke|p2|Skeledirge, F|\n|poke|p2|Corviknight, F|\n|teampreview\n|inactive|Battle timer is ON: inactive players will automatically lose when time's up. (requested by bryannoah)\n|inactive|SEUIf has 120 seconds left.\n|\n|t:|1697805899\n|start\n|switch|p1a: Shaymin|Shaymin-Sky|100\/100\n|switch|p2a: Corviknight|Corviknight, F|100\/100\n|-ability|p2a: Corviknight|Pressure\n|turn|1\n|\n|t:|1697805908\n|move|p1a: Shaymin|Leech Seed|p2a: Corviknight\n|-start|p2a: Corviknight|move: Leech Seed\n|move|p2a: Corviknight|U-turn|p1a: Shaymin\n|-crit|p1a: Shaymin\n|-damage|p1a: Shaymin|76\/100\n|\n|t:|1697805912\n|switch|p2a: Iron Bundle|Iron Bundle|100\/100|[from] U-turn\n|\n|-heal|p1a: Shaymin|82\/100|[from] item: Leftovers\n|upkeep\n|turn|2\n|\n|t:|1697805919\n|-terastallize|p1a: Shaymin|Steel\n|move|p2a: Iron Bundle|Ice Beam|p1a: Shaymin\n|-resisted|p1a: Shaymin\n|-damage|p1a: Shaymin|60\/100\n|move|p1a: Shaymin|Leech Seed|p2a: Iron Bundle\n|-start|p2a: Iron Bundle|move: Leech Seed\n|\n|-heal|p1a: Shaymin|66\/100|[from] item: Leftovers\n|-damage|p2a: Iron Bundle|88\/100|[from] Leech Seed|[of] p1a: Shaymin\n|-heal|p1a: Shaymin|74\/100|[silent]\n|upkeep\n|turn|3\n|\n|t:|1697805932\n|-end|p2a: Iron Bundle|Quark Drive|[silent]\n|switch|p2a: Corviknight|Corviknight, F|100\/100\n|-ability|p2a: Corviknight|Pressure\n|move|p1a: Shaymin|Substitute|p1a: Shaymin\n|-start|p1a: Shaymin|Substitute\n|-damage|p1a: Shaymin|49\/100\n|\n|-heal|p1a: Shaymin|55\/100|[from] item: Leftovers\n|upkeep\n|turn|4\n|\n|t:|1697805948\n|move|p1a: Shaymin|Leech Seed|p2a: Corviknight\n|-start|p2a: Corviknight|move: Leech Seed\n|move|p2a: Corviknight|Body Press|p1a: Shaymin\n|-supereffective|p1a: Shaymin\n|-end|p1a: Shaymin|Substitute\n|\n|-heal|p1a: Shaymin|61\/100|[from] item: Leftovers\n|-damage|p2a: Corviknight|88\/100|[from] Leech Seed|[of] p1a: Shaymin\n|-heal|p1a: Shaymin|74\/100|[silent]\n|upkeep\n|turn|5\n|\n|t:|1697805959\n|switch|p1a: Annihilape|Annihilape, M|100\/100\n|move|p2a: Corviknight|U-turn|p1a: Annihilape\n|-resisted|p1a: Annihilape\n|-damage|p1a: Annihilape|97\/100\n|\n|t:|1697805969\n|switch|p2a: Miraidon|Miraidon|100\/100|[from] U-turn\n|-fieldstart|move: Electric Terrain|[from] ability: Hadron Engine|[of] p2a: Miraidon\n|\n|-heal|p1a: Annihilape|100\/100|[from] item: Leftovers\n|upkeep\n|turn|6\n|\n|t:|1697805978\n|move|p2a: Miraidon|Draco Meteor|p1a: Annihilape\n|-damage|p1a: Annihilape|19\/100\n|-unboost|p2a: Miraidon|spa|2\n|move|p1a: Annihilape|Rage Fist|p2a: Miraidon\n|-damage|p2a: Miraidon|43\/100\n|\n|-heal|p1a: Annihilape|25\/100|[from] item: Leftovers\n|upkeep\n|turn|7\n|\n|t:|1697806001\n|switch|p2a: Ting-Lu|Ting-Lu|100\/100\n|-ability|p2a: Ting-Lu|Vessel of Ruin\n|move|p1a: Annihilape|Rage Fist|p2a: Ting-Lu\n|-resisted|p2a: Ting-Lu\n|-damage|p2a: Ting-Lu|85\/100\n|\n|-heal|p1a: Annihilape|31\/100|[from] item: Leftovers\n|-heal|p2a: Ting-Lu|91\/100|[from] item: Leftovers\n|upkeep\n|turn|8\n|\n|t:|1697806012\n|move|p1a: Annihilape|Drain Punch|p2a: Ting-Lu\n|-supereffective|p2a: Ting-Lu\n|-damage|p2a: Ting-Lu|58\/100\n|-heal|p1a: Annihilape|51\/100|[from] drain|[of] p2a: Ting-Lu\n|move|p2a: Ting-Lu|Stealth Rock|p1a: Annihilape\n|-sidestart|p1: bryannoah|move: Stealth Rock\n|\n|-heal|p1a: Annihilape|57\/100|[from] item: Leftovers\n|-heal|p2a: Ting-Lu|65\/100|[from] item: Leftovers\n|upkeep\n|turn|9\n|\n|t:|1697806029\n|switch|p2a: Corviknight|Corviknight, F|88\/100\n|-ability|p2a: Corviknight|Pressure\n|move|p1a: Annihilape|Taunt|p2a: Corviknight\n|-start|p2a: Corviknight|move: Taunt\n|\n|-heal|p1a: Annihilape|64\/100|[from] item: Leftovers\n|-heal|p2a: Corviknight|94\/100|[from] item: Leftovers\n|-fieldend|move: Electric Terrain\n|upkeep\n|turn|10\n|\n|t:|1697806040\n|move|p1a: Annihilape|Bulk Up|p1a: Annihilape\n|-boost|p1a: Annihilape|atk|1\n|-boost|p1a: Annihilape|def|1\n|move|p2a: Corviknight|U-turn|p1a: Annihilape\n|-resisted|p1a: Annihilape\n|-damage|p1a: Annihilape|61\/100\n|\n|t:|1697806043\n|switch|p2a: Miraidon|Miraidon|43\/100|[from] U-turn\n|-fieldstart|move: Electric Terrain|[from] ability: Hadron Engine|[of] p2a: Miraidon\n|\n|-heal|p1a: Annihilape|67\/100|[from] item: Leftovers\n|upkeep\n|turn|11\n|\n|t:|1697806056\n|move|p2a: Miraidon|Electro Drift|p1a: Annihilape\n|-damage|p1a: Annihilape|0 fnt\n|faint|p1a: Annihilape\n|\n|upkeep\n|\n|t:|1697806064\n|switch|p1a: Landorus|Landorus-Therian, M|100\/100\n|-damage|p1a: Landorus|88\/100|[from] Stealth Rock\n|-ability|p1a: Landorus|Intimidate|boost\n|-unboost|p2a: Miraidon|atk|1\n|turn|12\n|\n|t:|1697806071\n|switch|p2a: Corviknight|Corviknight, F|94\/100\n|-ability|p2a: Corviknight|Pressure\n|move|p1a: Landorus|Stealth Rock|p2a: Corviknight\n|-sidestart|p2: SEUIf|move: Stealth Rock\n|\n|-heal|p2a: Corviknight|100\/100|[from] item: Leftovers\n|upkeep\n|turn|13\n|\n|t:|1697806084\n|move|p1a: Landorus|U-turn|p2a: Corviknight\n|-resisted|p2a: Corviknight\n|-damage|p2a: Corviknight|97\/100\n|\n|t:|1697806094\n|switch|p1a: Iron Bundle|Iron Bundle, shiny|100\/100|[from] U-turn\n|-damage|p1a: Iron Bundle|76\/100|[from] Stealth Rock\n|-activate|p1a: Iron Bundle|ability: Quark Drive\n|-start|p1a: Iron Bundle|quarkdrivespe\n|move|p2a: Corviknight|U-turn|p1a: Iron Bundle\n|-damage|p1a: Iron Bundle|59\/100\n|\n|t:|1697806114\n|switch|p2a: Iron Bundle|Iron Bundle|88\/100|[from] U-turn\n|-activate|p2a: Iron Bundle|ability: Quark Drive\n|-start|p2a: Iron Bundle|quarkdrivespe\n|\n|-heal|p1a: Iron Bundle|65\/100|[from] item: Leftovers\n|upkeep\n|turn|14\n|\n|t:|1697806130\n|move|p2a: Iron Bundle|Hydro Pump|p1a: Iron Bundle\n|-resisted|p1a: Iron Bundle\n|-damage|p1a: Iron Bundle|10\/100\n|move|p1a: Iron Bundle|Freeze-Dry|p2a: Iron Bundle\n|-damage|p2a: Iron Bundle|21\/100\n|\n|-heal|p1a: Iron Bundle|16\/100|[from] item: Leftovers\n|-fieldend|move: Electric Terrain\n|-end|p1a: Iron Bundle|Quark Drive\n|-end|p2a: Iron Bundle|Quark Drive\n|upkeep\n|turn|15\n|\n|t:|1697806141\n|move|p1a: Iron Bundle|Freeze-Dry|p2a: Iron Bundle\n|-damage|p2a: Iron Bundle|0 fnt\n|faint|p2a: Iron Bundle\n|-end|p2a: Iron Bundle|Quark Drive|[silent]\n|\n|-heal|p1a: Iron Bundle|22\/100|[from] item: Leftovers\n|upkeep\n|\n|t:|1697806147\n|switch|p2a: Kingambit|Kingambit, M|100\/100\n|-damage|p2a: Kingambit|94\/100|[from] Stealth Rock\n|-activate|p2a: Kingambit|ability: Supreme Overlord\n|-start|p2a: Kingambit|fallen1|[silent]\n|turn|16\n|\n|t:|1697806156\n|move|p1a: Iron Bundle|Substitute|p1a: Iron Bundle\n|-fail|p1a: Iron Bundle|move: Substitute|[weak]\n|move|p2a: Kingambit|Kowtow Cleave|p1a: Iron Bundle\n|-damage|p1a: Iron Bundle|0 fnt\n|faint|p1a: Iron Bundle\n|-end|p1a: Iron Bundle|Quark Drive|[silent]\n|\n|upkeep\n|\n|t:|1697806169\n|switch|p1a: Zacian|Zacian-Crowned|100\/100\n|-damage|p1a: Zacian|94\/100|[from] Stealth Rock\n|-ability|p1a: Zacian|Intrepid Sword|boost\n|-boost|p1a: Zacian|atk|1\n|turn|17\n|\n|t:|1697806192\n|-end|p2a: Kingambit|fallen1|[silent]\n|switch|p2a: Corviknight|Corviknight, F|97\/100\n|-damage|p2a: Corviknight|84\/100|[from] Stealth Rock\n|-ability|p2a: Corviknight|Pressure\n|move|p1a: Zacian|Swords Dance|p1a: Zacian\n|-boost|p1a: Zacian|atk|2\n|\n|-heal|p2a: Corviknight|91\/100|[from] item: Leftovers\n|upkeep\n|turn|18\n|\n|t:|1697806206\n|switch|p1a: Shaymin|Shaymin-Sky, tera:Steel|74\/100\n|-damage|p1a: Shaymin|67\/100|[from] Stealth Rock\n|switch|p2a: Skeledirge|Skeledirge, F|100\/100\n|\n|-heal|p1a: Shaymin|74\/100|[from] item: Leftovers\n|upkeep\n|turn|19\n|\n|t:|1697806217\n|move|p1a: Shaymin|Air Slash|p2a: Skeledirge\n|-damage|p2a: Skeledirge|66\/100\n|move|p2a: Skeledirge|Torch Song|p1a: Shaymin\n|-supereffective|p1a: Shaymin\n|-damage|p1a: Shaymin|10\/100\n|-boost|p2a: Skeledirge|spa|1\n|\n|-heal|p1a: Shaymin|16\/100|[from] item: Leftovers\n|upkeep\n|turn|20\n|\n|t:|1697806238\n|move|p1a: Shaymin|Air Slash|p2a: Skeledirge\n|-damage|p2a: Skeledirge|35\/100\n|move|p2a: Skeledirge|Slack Off|p2a: Skeledirge\n|-heal|p2a: Skeledirge|85\/100\n|\n|-heal|p1a: Shaymin|22\/100|[from] item: Leftovers\n|upkeep\n|turn|21\n|\n|t:|1697806246\n|move|p1a: Shaymin|Air Slash|p2a: Skeledirge\n|-damage|p2a: Skeledirge|53\/100\n|move|p2a: Skeledirge|Torch Song|p1a: Shaymin\n|-supereffective|p1a: Shaymin\n|-damage|p1a: Shaymin|0 fnt\n|-boost|p2a: Skeledirge|spa|1\n|faint|p1a: Shaymin\n|\n|upkeep\n|\n|t:|1697806256\n|switch|p1a: Regieleki|Regieleki|100\/100\n|turn|22\n|\n|t:|1697806272\n|switch|p2a: Ting-Lu|Ting-Lu|65\/100\n|-damage|p2a: Ting-Lu|58\/100|[from] Stealth Rock\n|-ability|p2a: Ting-Lu|Vessel of Ruin\n|move|p1a: Regieleki|Thunderbolt|p2a: Ting-Lu\n|-immune|p2a: Ting-Lu\n|\n|-heal|p2a: Ting-Lu|65\/100|[from] item: Leftovers\n|upkeep\n|turn|23\n|\n|t:|1697806284\n|switch|p1a: Zacian|Zacian-Crowned|94\/100\n|-damage|p1a: Zacian|88\/100|[from] Stealth Rock\n|move|p2a: Ting-Lu|Spikes|p1a: Zacian\n|-sidestart|p1: bryannoah|Spikes\n|\n|-heal|p2a: Ting-Lu|71\/100|[from] item: Leftovers\n|upkeep\n|turn|24\n|\n|t:|1697806296\n|switch|p2a: Corviknight|Corviknight, F|91\/100\n|-damage|p2a: Corviknight|78\/100|[from] Stealth Rock\n|-ability|p2a: Corviknight|Pressure\n|move|p1a: Zacian|Swords Dance|p1a: Zacian\n|-boost|p1a: Zacian|atk|2\n|\n|-heal|p2a: Corviknight|84\/100|[from] item: Leftovers\n|upkeep\n|turn|25\n|\n|t:|1697806308\n|move|p1a: Zacian|Behemoth Blade|p2a: Corviknight\n|-resisted|p2a: Corviknight\n|-crit|p2a: Corviknight\n|-damage|p2a: Corviknight|26\/100\n|move|p2a: Corviknight|U-turn|p1a: Zacian\n|-resisted|p1a: Zacian\n|-crit|p1a: Zacian\n|-damage|p1a: Zacian|83\/100\n|\n|t:|1697806314\n|switch|p2a: Skeledirge|Skeledirge, F|53\/100|[from] U-turn\n|\n|upkeep\n|turn|26\n|\n|t:|1697806322\n|move|p1a: Zacian|Play Rough|p2a: Skeledirge\n|-resisted|p2a: Skeledirge\n|-damage|p2a: Skeledirge|36\/100\n|move|p2a: Skeledirge|Will-O-Wisp|p1a: Zacian\n|-status|p1a: Zacian|brn\n|\n|-damage|p1a: Zacian|77\/100 brn|[from] brn\n|upkeep\n|turn|27\n|-message|bryannoah forfeited.\n|\n|win|SEUIf\n|raw|bryannoah's rating: 1177 &rarr; <strong>1154<\/strong><br \/>(-23 for losing)\n|raw|SEUIf's rating: 1206 &rarr; <strong>1229<\/strong><br \/>(+23 for winning)\n|l|\u2606bryannoah\n","uploadtime":1697806337,"views":9,"p1id":"bryannoah","p2id":"seuif","formatid":"gen9ubers","rating":1154,"private":0,"password":""}