{"id":"gen9ubers-1975867016","p1":"puissance du feu","p2":"maelizondo2","format":"[Gen 9] Ubers","log":"|j|\u2606puissance du feu\n|j|\u2606maelizondo2\n|t:|1698245047\n|gametype|singles\n|player|p1|puissance du feu|blackbelt|1573\n|player|p2|maelizondo2|169|1430\n|teamsize|p1|6\n|teamsize|p2|6\n|gen|9\n|tier|[Gen 9] Ubers\n|rated|\n|rule|Sleep Clause Mod: Limit one foe put to sleep\n|rule|Species Clause: Limit one of each Pok\u00e9mon\n|rule|OHKO Clause: OHKO moves are banned\n|rule|Evasion Items Clause: Evasion items are banned\n|rule|Evasion Moves Clause: Evasion moves are banned\n|rule|Endless Battle Clause: Forcing endless battles is banned\n|rule|HP Percentage Mod: HP is shown in percentages\n|clearpoke\n|poke|p1|Arceus|\n|poke|p1|Mewtwo|\n|poke|p1|Koraidon|\n|poke|p1|Giratina-Origin|\n|poke|p1|Ditto|\n|poke|p1|Miraidon|\n|poke|p2|Koraidon|\n|poke|p2|Groudon|\n|poke|p2|Zacian-*|\n|poke|p2|Rayquaza|\n|poke|p2|Miraidon|\n|poke|p2|Arceus-Grass|\n|teampreview\n|inactive|Battle timer is ON: inactive players will automatically lose when time's up. (requested by puissance du feu)\n|inactive|puissance du feu has 120 seconds left.\n|inactive|puissance du feu has 90 seconds left.\n|\n|t:|1698245109\n|start\n|switch|p1a: Mewtwo|Mewtwo|100\/100\n|switch|p2a: Groudon|Groudon|100\/100\n|-ability|p1a: Mewtwo|Pressure\n|-weather|SunnyDay|[from] ability: Drought|[of] p2a: Groudon\n|turn|1\n|\n|t:|1698245118\n|move|p1a: Mewtwo|Taunt|p2a: Groudon\n|-start|p2a: Groudon|move: Taunt\n|move|p2a: Groudon|Rock Tomb|p1a: Mewtwo\n|-damage|p1a: Mewtwo|81\/100\n|-unboost|p1a: Mewtwo|spe|1\n|\n|-weather|SunnyDay|[upkeep]\n|-heal|p1a: Mewtwo|87\/100|[from] item: Leftovers\n|upkeep\n|turn|2\n|\n|t:|1698245128\n|switch|p1a: Giratina|Giratina-Origin|100\/100\n|switch|p2a: Miraidon|Miraidon|100\/100\n|-fieldstart|move: Electric Terrain|[from] ability: Hadron Engine|[of] p2a: Miraidon\n|\n|-weather|SunnyDay|[upkeep]\n|upkeep\n|turn|3\n|\n|t:|1698245136\n|move|p2a: Miraidon|Draco Meteor|p1a: Giratina|[miss]\n|-miss|p2a: Miraidon|p1a: Giratina\n|move|p1a: Giratina|Dragon Tail|p2a: Miraidon\n|-supereffective|p2a: Miraidon\n|-damage|p2a: Miraidon|47\/100\n|drag|p2a: Rayquaza|Rayquaza, shiny|100\/100\n|-ability|p2a: Rayquaza|Air Lock\n|\n|-weather|SunnyDay|[upkeep]\n|upkeep\n|turn|4\n|c|\u2606puissance du feu|Soz for that\n|\n|t:|1698245159\n|switch|p2a: Zacian|Zacian-Crowned, shiny|100\/100\n|-ability|p2a: Zacian|Intrepid Sword|boost\n|-boost|p2a: Zacian|atk|1\n|move|p1a: Giratina|Dragon Tail|p2a: Zacian\n|-immune|p2a: Zacian\n|\n|-weather|SunnyDay|[upkeep]\n|upkeep\n|turn|5\n|\n|t:|1698245166\n|switch|p1a: Ditto|Ditto|100\/100\n|-transform|p1a: Ditto|p2a: Zacian|[from] ability: Imposter\n|-ability|p1a: Ditto|Intrepid Sword|boost\n|-boost|p1a: Ditto|atk|1\n|move|p2a: Zacian|Play Rough|p1a: Ditto|[miss]\n|-miss|p2a: Zacian|p1a: Ditto\n|\n|-weather|none\n|upkeep\n|turn|6\n|c|\u2606maelizondo2|woow\n|inactive|maelizondo2 has 120 seconds left.\n|\n|t:|1698245196\n|switch|p2a: Arceus|Arceus-Grass|100\/100\n|move|p1a: Ditto|Behemoth Blade|p2a: Arceus\n|-damage|p2a: Arceus|25\/100\n|\n|-fieldend|move: Electric Terrain\n|upkeep\n|turn|7\n|inactive|maelizondo2 has 120 seconds left.\n|c|\u2606puissance du feu|That second miss didnt matter tho\n|\n|t:|1698245206\n|move|p1a: Ditto|Behemoth Blade|p2a: Arceus\n|-damage|p2a: Arceus|0 fnt\n|faint|p2a: Arceus\n|\n|upkeep\n|c|\u2606maelizondo2|stfu\n|inactive|maelizondo2 has 120 seconds left.\n|\n|t:|1698245211\n|switch|p2a: Miraidon|Miraidon|47\/100\n|-fieldstart|move: Electric Terrain|[from] ability: Hadron Engine|[of] p2a: Miraidon\n|turn|8\n|c|\u2606puissance du feu|Ok fat boy\n|\n|t:|1698245219\n|move|p1a: Ditto|Behemoth Blade|p2a: Miraidon\n|-resisted|p2a: Miraidon\n|-damage|p2a: Miraidon|0 fnt\n|faint|p2a: Miraidon\n|\n|upkeep\n|\n|t:|1698245226\n|switch|p2a: Koraidon|Koraidon|100\/100\n|-weather|SunnyDay|[from] ability: Orichalcum Pulse|[of] p2a: Koraidon\n|-activate|p2a: Koraidon|Orichalcum Pulse|[source]\n|turn|9\n|c|\u2606puissance du feu|U good fat boy\n|\n|t:|1698245233\n|switch|p1a: Giratina|Giratina-Origin|100\/100\n|move|p2a: Koraidon|Dragon Claw|p1a: Giratina\n|-supereffective|p1a: Giratina\n|-damage|p1a: Giratina|15\/100\n|\n|-weather|SunnyDay|[upkeep]\n|upkeep\n|turn|10\n|\n|t:|1698245241\n|move|p2a: Koraidon|Dragon Claw|p1a: Giratina\n|-supereffective|p1a: Giratina\n|-damage|p1a: Giratina|0 fnt\n|faint|p1a: Giratina\n|\n|-weather|SunnyDay|[upkeep]\n|upkeep\n|\n|t:|1698245245\n|switch|p1a: Mewtwo|Mewtwo|87\/100\n|-ability|p1a: Mewtwo|Pressure\n|turn|11\n|\n|t:|1698245256\n|-terastallize|p2a: Koraidon|Fire\n|move|p2a: Koraidon|Dragon Claw|p1a: Mewtwo\n|-damage|p1a: Mewtwo|25\/100\n|move|p1a: Mewtwo|Psystrike|p2a: Koraidon\n|-damage|p2a: Koraidon|53\/100\n|\n|-weather|SunnyDay|[upkeep]\n|-heal|p1a: Mewtwo|32\/100|[from] item: Leftovers\n|upkeep\n|turn|12\n|j| LikGai001\n|l| LikGai001\n|\n|t:|1698245268\n|-terastallize|p1a: Mewtwo|Fairy\n|move|p2a: Koraidon|Dragon Claw|p1a: Mewtwo\n|-immune|p1a: Mewtwo\n|move|p1a: Mewtwo|Psystrike|p2a: Koraidon\n|-damage|p2a: Koraidon|0 fnt\n|faint|p2a: Koraidon\n|\n|-weather|SunnyDay|[upkeep]\n|-heal|p1a: Mewtwo|38\/100|[from] item: Leftovers\n|-fieldend|move: Electric Terrain\n|upkeep\n|\n|t:|1698245284\n|switch|p2a: Zacian|Zacian-Crowned, shiny|100\/100\n|turn|13\n|c|\u2606puissance du feu|Fat boy\n|c|\u2606puissance du feu|Fat lil shit\n|\n|t:|1698245297\n|move|p2a: Zacian|Behemoth Blade|p1a: Mewtwo\n|-supereffective|p1a: Mewtwo\n|-damage|p1a: Mewtwo|0 fnt\n|faint|p1a: Mewtwo\n|\n|-weather|none\n|upkeep\n|\n|t:|1698245302\n|switch|p1a: Ditto|Ditto|100\/100\n|-transform|p1a: Ditto|p2a: Zacian|[from] ability: Imposter\n|turn|14\n|\n|t:|1698245308\n|move|p1a: Ditto|Behemoth Blade|p2a: Zacian\n|-damage|p2a: Zacian|45\/100\n|move|p2a: Zacian|Behemoth Blade|p1a: Ditto\n|-damage|p1a: Ditto|42\/100\n|\n|upkeep\n|turn|15\n|\n|t:|1698245316\n|switch|p2a: Groudon|Groudon|100\/100\n|-weather|SunnyDay|[from] ability: Drought|[of] p2a: Groudon\n|move|p1a: Ditto|Behemoth Blade|p2a: Groudon\n|-damage|p2a: Groudon|71\/100\n|\n|-weather|SunnyDay|[upkeep]\n|-heal|p2a: Groudon|77\/100|[from] item: Leftovers\n|upkeep\n|turn|16\n|c|\u2606puissance du feu|Fat shit boy\n|c|\u2606puissance du feu|Fat boy\n|c|\u2606puissance du feu|Fat boy\n|c|\u2606puissance du feu|Fat boy shit\n|\n|t:|1698245345\n|move|p1a: Ditto|Behemoth Blade|p2a: Groudon\n|-damage|p2a: Groudon|48\/100\n|move|p2a: Groudon|Will-O-Wisp|p1a: Ditto|[miss]\n|-miss|p2a: Groudon|p1a: Ditto\n|\n|-weather|SunnyDay|[upkeep]\n|-heal|p2a: Groudon|54\/100|[from] item: Leftovers\n|upkeep\n|turn|17\n|\n|t:|1698245352\n|switch|p1a: Miraidon|Miraidon|100\/100\n|-fieldstart|move: Electric Terrain|[from] ability: Hadron Engine|[of] p1a: Miraidon\n|move|p2a: Groudon|Precipice Blades|p1a: Miraidon|[miss]\n|-miss|p2a: Groudon|p1a: Miraidon\n|\n|-weather|SunnyDay|[upkeep]\n|-heal|p2a: Groudon|60\/100|[from] item: Leftovers\n|upkeep\n|turn|18\n|c|\u2606maelizondo2|wow\n|c|\u2606puissance du feu|Deservef\n|c|\u2606puissance du feu|Deservef\n|c|\u2606puissance du feu|Deserved\n|c|\u2606puissance du feu|Dont be an idiot next time\n|c|\u2606maelizondo2|why do shit players get all thel luck\n|\n|t:|1698245382\n|switch|p2a: Zacian|Zacian-Crowned, shiny|45\/100\n|move|p1a: Miraidon|Draco Meteor|p2a: Zacian\n|-immune|p2a: Zacian\n|\n|-weather|SunnyDay|[upkeep]\n|upkeep\n|turn|19\n|\n|t:|1698245389\n|move|p2a: Zacian|Play Rough|p1a: Miraidon\n|-supereffective|p1a: Miraidon\n|-damage|p1a: Miraidon|4\/100\n|move|p1a: Miraidon|Volt Switch|p2a: Zacian\n|-damage|p2a: Zacian|0 fnt\n|faint|p2a: Zacian\n|\n|t:|1698245398\n|switch|p1a: Arceus|Arceus|100\/100|[from] Volt Switch\n|\n|-weather|none\n|upkeep\n|\n|t:|1698245403\n|switch|p2a: Groudon|Groudon|60\/100\n|-weather|SunnyDay|[from] ability: Drought|[of] p2a: Groudon\n|turn|20\n|c|\u2606puissance du feu|Because you are fat\n|\n|t:|1698245410\n|move|p1a: Arceus|Taunt|p2a: Groudon\n|-start|p2a: Groudon|move: Taunt\n|cant|p2a: Groudon|move: Taunt|Will-O-Wisp\n|\n|-weather|SunnyDay|[upkeep]\n|-heal|p2a: Groudon|66\/100|[from] item: Leftovers\n|upkeep\n|turn|21\n|\n|t:|1698245416\n|move|p1a: Arceus|Swords Dance|p1a: Arceus\n|-boost|p1a: Arceus|atk|2\n|move|p2a: Groudon|Precipice Blades|p1a: Arceus\n|-damage|p1a: Arceus|63\/100\n|\n|-weather|SunnyDay|[upkeep]\n|-heal|p2a: Groudon|72\/100|[from] item: Leftovers\n|-fieldend|move: Electric Terrain\n|upkeep\n|turn|22\n|c|\u2606puissance du feu|Fat bitch\n|c|\u2606puissance du feu|Fat bitch\n|c|\u2606puissance du feu|Fat ret ard bitch\n|n|\u203dpuissance du feu|puissancedufeu\n|c|&|\/log puissance du feu was locked from talking by Artemis. (\u2606puissance du feu: Fat ret ard bitch)\n|c|&|\/raw <small>This action was done automatically. Want to learn more about the AI? <a href=\"https:\/\/www.smogon.com\/forums\/threads\/3570628\/#post-9056769\">Visit the information thread<\/a>.<\/small>\n|inactive|puissance du feu has 120 seconds left.\n|\n|t:|1698245450\n|move|p1a: Arceus|Extreme Speed|p2a: Groudon\n|-damage|p2a: Groudon|21\/100\n|move|p2a: Groudon|Precipice Blades|p1a: Arceus\n|-damage|p1a: Arceus|26\/100\n|\n|-weather|SunnyDay|[upkeep]\n|-heal|p2a: Groudon|27\/100|[from] item: Leftovers\n|-end|p2a: Groudon|move: Taunt\n|upkeep\n|turn|23\n|\n|t:|1698245459\n|move|p1a: Arceus|Extreme Speed|p2a: Groudon\n|-damage|p2a: Groudon|0 fnt\n|faint|p2a: Groudon\n|\n|-weather|SunnyDay|[upkeep]\n|upkeep\n|\n|t:|1698245464\n|switch|p2a: Rayquaza|Rayquaza, shiny|100\/100\n|-ability|p2a: Rayquaza|Air Lock\n|turn|24\n|\n|t:|1698245473\n|move|p2a: Rayquaza|Extreme Speed|p1a: Arceus\n|-damage|p1a: Arceus|6\/100\n|move|p1a: Arceus|Extreme Speed|p2a: Rayquaza\n|-enditem|p2a: Rayquaza|Focus Sash\n|-damage|p2a: Rayquaza|1\/100\n|\n|-weather|none\n|upkeep\n|turn|25\n|\n|t:|1698245480\n|move|p2a: Rayquaza|Extreme Speed|p1a: Arceus\n|-damage|p1a: Arceus|0 fnt\n|faint|p1a: Arceus\n|\n|upkeep\n|\n|t:|1698245484\n|switch|p1a: Ditto|Ditto|42\/100\n|-transform|p1a: Ditto|p2a: Rayquaza|[from] ability: Imposter\n|turn|26\n|-message|maelizondo2 forfeited.\n|\n|win|puissance du feu\n|raw|puissance du feu's rating: 1573 &rarr; <strong>1585<\/strong><br \/>(+12 for winning)\n|raw|maelizondo2's rating: 1430 &rarr; <strong>1418<\/strong><br \/>(-12 for losing)\n","uploadtime":1698245291,"views":6,"p1id":"puissancedufeu","p2id":"maelizondo2","formatid":"gen9ubers","rating":1418,"private":0,"password":""}