{"id":"gen9ubers-1974476336","p1":"Blake-Mamba","p2":"danielmald","format":"[Gen 9] Ubers","log":"|j|\u2606Blake-Mamba\n|j|\u2606danielmald\n|t:|1698090144\n|gametype|singles\n|player|p1|Blake-Mamba|juan|1201\n|player|p2|danielmald|265|1297\n|teamsize|p1|6\n|teamsize|p2|6\n|gen|9\n|tier|[Gen 9] Ubers\n|rated|\n|rule|Sleep Clause Mod: Limit one foe put to sleep\n|rule|Species Clause: Limit one of each Pok\u00e9mon\n|rule|OHKO Clause: OHKO moves are banned\n|rule|Evasion Items Clause: Evasion items are banned\n|rule|Evasion Moves Clause: Evasion moves are banned\n|rule|Endless Battle Clause: Forcing endless battles is banned\n|rule|HP Percentage Mod: HP is shown in percentages\n|clearpoke\n|poke|p1|Ogerpon-Hearthflame, F|\n|poke|p1|Vikavolt, F|\n|poke|p1|Kommo-o, F|\n|poke|p1|Ursaluna-Bloodmoon, M|\n|poke|p1|Yanmega, F|\n|poke|p1|Chandelure, F|\n|poke|p2|Arceus-Fairy|\n|poke|p2|Koraidon|\n|poke|p2|Zacian-*|\n|poke|p2|Miraidon|\n|poke|p2|Ting-Lu|\n|poke|p2|Skeledirge, M|\n|teampreview\n|c|\u2606Blake-Mamba|Glhf\n|inactive|Battle timer is ON: inactive players will automatically lose when time's up. (requested by Blake-Mamba)\n|\n|t:|1698090183\n|start\n|switch|p1a: Vikavolt|Vikavolt, F|100\/100\n|switch|p2a: Arceus|Arceus-Fairy|100\/100\n|turn|1\n|\n|t:|1698090189\n|move|p2a: Arceus|Taunt|p1a: Vikavolt\n|-start|p1a: Vikavolt|move: Taunt\n|move|p1a: Vikavolt|Thunder|p2a: Arceus\n|-damage|p2a: Arceus|52\/100\n|-status|p2a: Arceus|par\n|\n|upkeep\n|turn|2\n|\n|t:|1698090197\n|switch|p1a: Yanmega|Yanmega, F, shiny|100\/100\n|move|p2a: Arceus|Judgment|p1a: Yanmega\n|-damage|p1a: Yanmega|52\/100\n|\n|upkeep\n|turn|3\n|\n|t:|1698090204\n|move|p1a: Yanmega|Air Slash|p2a: Arceus\n|-damage|p2a: Arceus|24\/100 par\n|move|p2a: Arceus|Judgment|p1a: Yanmega\n|-damage|p1a: Yanmega|7\/100\n|\n|-ability|p1a: Yanmega|Speed Boost|boost\n|-boost|p1a: Yanmega|spe|1\n|upkeep\n|turn|4\n|\n|t:|1698090213\n|move|p1a: Yanmega|Ancient Power|p2a: Arceus\n|-damage|p2a: Arceus|10\/100 par\n|move|p2a: Arceus|Judgment|p1a: Yanmega\n|-damage|p1a: Yanmega|0 fnt\n|faint|p1a: Yanmega\n|\n|upkeep\n|\n|t:|1698090223\n|switch|p1a: Vikavolt|Vikavolt, F|100\/100\n|turn|5\n|\n|t:|1698090232\n|move|p2a: Arceus|Taunt|p1a: Vikavolt\n|-start|p1a: Vikavolt|move: Taunt\n|cant|p1a: Vikavolt|move: Taunt|Sticky Web\n|\n|upkeep\n|turn|6\n|\n|t:|1698090238\n|switch|p1a: Ursaluna|Ursaluna-Bloodmoon, M|100\/100\n|cant|p2a: Arceus|par\n|\n|upkeep\n|turn|7\n|\n|t:|1698090247\n|switch|p1a: Vikavolt|Vikavolt, F|100\/100\n|cant|p2a: Arceus|par\n|\n|upkeep\n|turn|8\n|-activate|p1a: Vikavolt|item: Quick Claw\n|\n|t:|1698090255\n|move|p1a: Vikavolt|Sticky Web|p2a: Arceus\n|-sidestart|p2: danielmald|move: Sticky Web\n|move|p2a: Arceus|Taunt|p1a: Vikavolt\n|-start|p1a: Vikavolt|move: Taunt\n|\n|upkeep\n|turn|9\n|c|\u2606danielmald|damn\n|c|\u2606danielmald|thats lucky\n|\n|t:|1698090272\n|move|p2a: Arceus|Judgment|p1a: Vikavolt\n|-damage|p1a: Vikavolt|42\/100\n|move|p1a: Vikavolt|Bug Buzz|p2a: Arceus\n|-resisted|p2a: Arceus\n|-damage|p2a: Arceus|0 fnt\n|faint|p2a: Arceus\n|\n|upkeep\n|\n|t:|1698090284\n|switch|p2a: Zacian|Zacian-Crowned|100\/100\n|-activate|p2a: Zacian|move: Sticky Web\n|-unboost|p2a: Zacian|spe|1\n|-ability|p2a: Zacian|Intrepid Sword|boost\n|-boost|p2a: Zacian|atk|1\n|turn|10\n|\n|t:|1698090290\n|move|p2a: Zacian|Swords Dance|p2a: Zacian\n|-boost|p2a: Zacian|atk|2\n|move|p1a: Vikavolt|Thunder|p2a: Zacian|[miss]\n|-miss|p1a: Vikavolt|p2a: Zacian\n|\n|upkeep\n|turn|11\n|-activate|p1a: Vikavolt|item: Quick Claw\n|\n|t:|1698090297\n|move|p1a: Vikavolt|Thunder|p2a: Zacian\n|-damage|p2a: Zacian|35\/100\n|-status|p2a: Zacian|par\n|move|p2a: Zacian|Play Rough|p1a: Vikavolt\n|-damage|p1a: Vikavolt|0 fnt\n|faint|p1a: Vikavolt\n|\n|upkeep\n|c|\u2606danielmald|holy\n|\n|t:|1698090315\n|switch|p1a: Ogerpon|Ogerpon-Hearthflame, F|100\/100\n|-ability|p1a: Ogerpon|Mold Breaker\n|turn|12\n|inactive|danielmald has 120 seconds left.\n|\n|t:|1698090364\n|move|p1a: Ogerpon|Ivy Cudgel|p2a: Zacian\n|-supereffective|p2a: Zacian\n|-damage|p2a: Zacian|0 fnt\n|faint|p2a: Zacian\n|\n|upkeep\n|\n|t:|1698090373\n|switch|p2a: Skeledirge|Skeledirge, M|100\/100\n|turn|13\n|\n|t:|1698090380\n|switch|p1a: Chandelure|Chandelure, F|100\/100\n|move|p2a: Skeledirge|Will-O-Wisp|p1a: Chandelure\n|-start|p1a: Chandelure|ability: Flash Fire\n|\n|upkeep\n|turn|14\n|\n|t:|1698090406\n|move|p1a: Chandelure|Overheat|p2a: Skeledirge\n|-resisted|p2a: Skeledirge\n|-damage|p2a: Skeledirge|33\/100\n|-unboost|p1a: Chandelure|spa|2\n|move|p2a: Skeledirge|Hex|p1a: Chandelure\n|-supereffective|p1a: Chandelure\n|-damage|p1a: Chandelure|36\/100\n|\n|upkeep\n|turn|15\n|inactive|danielmald has 120 seconds left.\n|inactive|Blake-Mamba has 120 seconds left.\n|\n|t:|1698090426\n|-end|p1a: Chandelure|ability: Flash Fire|[silent]\n|switch|p1a: Ursaluna|Ursaluna-Bloodmoon, M|100\/100\n|move|p2a: Skeledirge|Hex|p1a: Ursaluna\n|-immune|p1a: Ursaluna\n|\n|upkeep\n|turn|16\n|\n|t:|1698090434\n|move|p2a: Skeledirge|Torch Song|p1a: Ursaluna\n|-damage|p1a: Ursaluna|66\/100\n|-boost|p2a: Skeledirge|spa|1\n|move|p1a: Ursaluna|Earth Power|p2a: Skeledirge\n|-supereffective|p2a: Skeledirge\n|-crit|p2a: Skeledirge\n|-damage|p2a: Skeledirge|0 fnt\n|faint|p2a: Skeledirge\n|\n|-heal|p1a: Ursaluna|72\/100|[from] item: Leftovers\n|upkeep\n|\n|t:|1698090439\n|switch|p2a: Koraidon|Koraidon|100\/100\n|-activate|p2a: Koraidon|move: Sticky Web\n|-unboost|p2a: Koraidon|spe|1\n|-weather|SunnyDay|[from] ability: Orichalcum Pulse|[of] p2a: Koraidon\n|-activate|p2a: Koraidon|Orichalcum Pulse|[source]\n|turn|17\n|\n|t:|1698090451\n|switch|p1a: Chandelure|Chandelure, F|36\/100\n|move|p2a: Koraidon|Collision Course|p1a: Chandelure\n|-immune|p1a: Chandelure\n|\n|-weather|SunnyDay|[upkeep]\n|upkeep\n|turn|18\n|c|\u2606danielmald|gl\n|-message|danielmald forfeited.\n|\n|win|Blake-Mamba\n|raw|Blake-Mamba's rating: 1201 &rarr; <strong>1233<\/strong><br \/>(+32 for winning)\n|raw|danielmald's rating: 1297 &rarr; <strong>1265<\/strong><br \/>(-32 for losing)\n|l|\u2606danielmald\n","uploadtime":1698090494,"views":11,"p1id":"blakemamba","p2id":"danielmald","formatid":"gen9ubers","rating":1233,"private":0,"password":""}