{"id":"gen9ubers-1975325881","p1":"Dinonbk","p2":"tinsquelena","format":"[Gen 9] Ubers","log":"|j|\u2606Dinonbk\n|j|\u2606tinsquelena\n|t:|1698180006\n|gametype|singles\n|player|p1|Dinonbk|mira|1189\n|player|p2|tinsquelena|parasollady-gen4|1080\n|teamsize|p1|6\n|teamsize|p2|6\n|gen|9\n|tier|[Gen 9] Ubers\n|rated|\n|rule|Sleep Clause Mod: Limit one foe put to sleep\n|rule|Species Clause: Limit one of each Pok\u00e9mon\n|rule|OHKO Clause: OHKO moves are banned\n|rule|Evasion Items Clause: Evasion items are banned\n|rule|Evasion Moves Clause: Evasion moves are banned\n|rule|Endless Battle Clause: Forcing endless battles is banned\n|rule|HP Percentage Mod: HP is shown in percentages\n|clearpoke\n|poke|p1|Magearna|\n|poke|p1|Ursaluna, F|\n|poke|p1|Dondozo, F|\n|poke|p1|Dialga|\n|poke|p1|Arceus-Poison|\n|poke|p1|Iron Valiant|\n|poke|p2|Giratina-Origin|\n|poke|p2|Miraidon|\n|poke|p2|Koraidon|\n|poke|p2|Ribombee, F|\n|poke|p2|Zacian-*|\n|poke|p2|Great Tusk|\n|teampreview\n|inactive|Battle timer is ON: inactive players will automatically lose when time's up. (requested by Dinonbk)\n|\n|t:|1698180021\n|start\n|switch|p1a: Magearna|Magearna|100\/100\n|switch|p2a: Great Tusk|Great Tusk|100\/100\n|turn|1\n|\n|t:|1698180049\n|switch|p1a: Iron Valiant|Iron Valiant|100\/100\n|-enditem|p1a: Iron Valiant|Booster Energy\n|-activate|p1a: Iron Valiant|ability: Quark Drive|[fromitem]\n|-start|p1a: Iron Valiant|quarkdrivespe\n|move|p2a: Great Tusk|Earthquake|p1a: Iron Valiant\n|-damage|p1a: Iron Valiant|44\/100\n|\n|upkeep\n|turn|2\n|\n|t:|1698180071\n|-end|p2a: Great Tusk|Protosynthesis|[silent]\n|switch|p2a: Ribombee|Ribombee, F|100\/100\n|move|p1a: Iron Valiant|Destiny Bond|p1a: Iron Valiant\n|-singlemove|p1a: Iron Valiant|Destiny Bond\n|\n|upkeep\n|turn|3\n|\n|t:|1698180082\n|-end|p1a: Iron Valiant|Quark Drive|[silent]\n|switch|p1a: Magearna|Magearna|100\/100\n|move|p2a: Ribombee|Moonblast|p1a: Magearna\n|-resisted|p1a: Magearna\n|-damage|p1a: Magearna|86\/100\n|\n|upkeep\n|turn|4\n|\n|t:|1698180087\n|switch|p2a: Koraidon|Koraidon|100\/100\n|-weather|SunnyDay|[from] ability: Orichalcum Pulse|[of] p2a: Koraidon\n|-activate|p2a: Koraidon|Orichalcum Pulse|[source]\n|move|p1a: Magearna|Trick Room|p1a: Magearna\n|-fieldstart|move: Trick Room|[of] p1a: Magearna\n|\n|-weather|SunnyDay|[upkeep]\n|upkeep\n|turn|5\n|\n|t:|1698180091\n|switch|p2a: Ribombee|Ribombee, F|100\/100\n|move|p1a: Magearna|Draining Kiss|p2a: Ribombee\n|-damage|p2a: Ribombee|57\/100\n|-heal|p1a: Magearna|100\/100|[from] drain|[of] p2a: Ribombee\n|\n|-weather|SunnyDay|[upkeep]\n|upkeep\n|turn|6\n|\n|t:|1698180100\n|move|p1a: Magearna|Flash Cannon|p2a: Ribombee\n|-supereffective|p2a: Ribombee\n|-damage|p2a: Ribombee|0 fnt\n|faint|p2a: Ribombee\n|-ability|p1a: Magearna|Soul-Heart|boost\n|-boost|p1a: Magearna|spa|1\n|\n|-weather|SunnyDay|[upkeep]\n|upkeep\n|\n|t:|1698180108\n|switch|p2a: Zacian|Zacian-Crowned|100\/100\n|-ability|p2a: Zacian|Intrepid Sword|boost\n|-boost|p2a: Zacian|atk|1\n|turn|7\n|\n|t:|1698180117\n|switch|p1a: Dondozo|Dondozo, F|100\/100\n|move|p2a: Zacian|Behemoth Blade|p1a: Dondozo\n|-resisted|p1a: Dondozo\n|-damage|p1a: Dondozo|88\/100\n|-damage|p2a: Zacian|84\/100|[from] item: Rocky Helmet|[of] p1a: Dondozo\n|\n|-weather|SunnyDay|[upkeep]\n|upkeep\n|turn|8\n|\n|t:|1698180134\n|move|p1a: Dondozo|Curse|p1a: Dondozo\n|-unboost|p1a: Dondozo|spe|1\n|-boost|p1a: Dondozo|atk|1\n|-boost|p1a: Dondozo|def|1\n|move|p2a: Zacian|Close Combat|p1a: Dondozo\n|-damage|p1a: Dondozo|74\/100\n|-unboost|p2a: Zacian|def|1\n|-unboost|p2a: Zacian|spd|1\n|-damage|p2a: Zacian|67\/100|[from] item: Rocky Helmet|[of] p1a: Dondozo\n|\n|-weather|none\n|-fieldend|move: Trick Room\n|upkeep\n|turn|9\n|\n|t:|1698180147\n|switch|p2a: Giratina|Giratina-Origin|100\/100\n|move|p1a: Dondozo|Liquidation|p2a: Giratina\n|-resisted|p2a: Giratina\n|-damage|p2a: Giratina|84\/100\n|\n|upkeep\n|turn|10\n|\n|t:|1698180159\n|move|p2a: Giratina|Shadow Ball|p1a: Dondozo\n|-damage|p1a: Dondozo|27\/100\n|move|p1a: Dondozo|Sleep Talk||[still]\n|-fail|p1a: Dondozo\n|\n|upkeep\n|turn|11\n|\n|t:|1698180169\n|switch|p1a: Ursaluna|Ursaluna, F|100\/100\n|move|p2a: Giratina|Draco Meteor|p1a: Ursaluna|[miss]\n|-miss|p2a: Giratina|p1a: Ursaluna\n|\n|-status|p1a: Ursaluna|brn|[from] item: Flame Orb\n|upkeep\n|turn|12\n|\n|t:|1698180173\n|switch|p1a: Magearna|Magearna|100\/100\n|move|p2a: Giratina|Draco Meteor|p1a: Magearna\n|-immune|p1a: Magearna\n|\n|upkeep\n|turn|13\n|\n|t:|1698180187\n|switch|p2a: Koraidon|Koraidon|100\/100\n|-weather|SunnyDay|[from] ability: Orichalcum Pulse|[of] p2a: Koraidon\n|-activate|p2a: Koraidon|Orichalcum Pulse|[source]\n|move|p1a: Magearna|Trick Room|p1a: Magearna\n|-fieldstart|move: Trick Room|[of] p1a: Magearna\n|\n|-weather|SunnyDay|[upkeep]\n|upkeep\n|turn|14\n|\n|t:|1698180192\n|-terastallize|p2a: Koraidon|Fire\n|move|p1a: Magearna|Draining Kiss|p2a: Koraidon\n|-resisted|p2a: Koraidon\n|-damage|p2a: Koraidon|86\/100\n|move|p2a: Koraidon|Flare Blitz|p1a: Magearna\n|-supereffective|p1a: Magearna\n|-damage|p1a: Magearna|0 fnt\n|faint|p1a: Magearna\n|-damage|p2a: Koraidon|51\/100|[from] Recoil\n|\n|-weather|SunnyDay|[upkeep]\n|upkeep\n|\n|t:|1698180199\n|switch|p1a: Dondozo|Dondozo, F|27\/100\n|turn|15\n|\n|t:|1698180212\n|switch|p2a: Giratina|Giratina-Origin|84\/100\n|move|p1a: Dondozo|Rest|p1a: Dondozo\n|-status|p1a: Dondozo|slp|[from] move: Rest\n|-heal|p1a: Dondozo|100\/100 slp|[silent]\n|\n|-weather|SunnyDay|[upkeep]\n|upkeep\n|turn|16\n|\n|t:|1698180218\n|switch|p1a: Iron Valiant|Iron Valiant|44\/100\n|move|p2a: Giratina|Draco Meteor|p1a: Iron Valiant\n|-immune|p1a: Iron Valiant\n|\n|-weather|SunnyDay|[upkeep]\n|upkeep\n|turn|17\n|\n|t:|1698180236\n|-end|p1a: Iron Valiant|Quark Drive|[silent]\n|switch|p1a: Ursaluna|Ursaluna, F|100\/100 brn\n|move|p2a: Giratina|Shadow Ball|p1a: Ursaluna\n|-immune|p1a: Ursaluna\n|\n|-weather|none\n|-damage|p1a: Ursaluna|94\/100 brn|[from] brn\n|-fieldend|move: Trick Room\n|upkeep\n|turn|18\n|\n|t:|1698180261\n|switch|p1a: Dialga|Dialga|100\/100\n|-ability|p1a: Dialga|Pressure\n|move|p2a: Giratina|Draco Meteor|p1a: Dialga\n|-damage|p1a: Dialga|34\/100\n|-unboost|p2a: Giratina|spa|2\n|\n|upkeep\n|turn|19\n|\n|t:|1698180275\n|switch|p1a: Iron Valiant|Iron Valiant|44\/100\n|move|p2a: Giratina|Draco Meteor|p1a: Iron Valiant\n|-immune|p1a: Iron Valiant\n|\n|upkeep\n|turn|20\n|\n|t:|1698180284\n|switch|p2a: Zacian|Zacian-Crowned|67\/100\n|move|p1a: Iron Valiant|Spirit Break|p2a: Zacian\n|-resisted|p2a: Zacian\n|-damage|p2a: Zacian|51\/100\n|-unboost|p2a: Zacian|spa|1\n|\n|upkeep\n|turn|21\n|\n|t:|1698180292\n|switch|p2a: Miraidon|Miraidon|100\/100\n|-fieldstart|move: Electric Terrain|[from] ability: Hadron Engine|[of] p2a: Miraidon\n|-activate|p1a: Iron Valiant|ability: Quark Drive\n|-start|p1a: Iron Valiant|quarkdrivespe\n|-end|p1a: Iron Valiant|Quark Drive|[silent]\n|switch|p1a: Dondozo|Dondozo, F|100\/100 slp\n|\n|upkeep\n|turn|22\n|\n|t:|1698180296\n|switch|p1a: Ursaluna|Ursaluna, F|94\/100 brn\n|move|p2a: Miraidon|Dragon Pulse|p1a: Ursaluna\n|-damage|p1a: Ursaluna|22\/100 brn\n|-damage|p2a: Miraidon|91\/100|[from] item: Life Orb\n|\n|-damage|p1a: Ursaluna|16\/100 brn|[from] brn\n|upkeep\n|turn|23\n|\n|t:|1698180303\n|move|p2a: Miraidon|Dragon Pulse|p1a: Ursaluna\n|-damage|p1a: Ursaluna|0 fnt\n|faint|p1a: Ursaluna\n|-damage|p2a: Miraidon|81\/100|[from] item: Life Orb\n|\n|upkeep\n|\n|t:|1698180314\n|switch|p1a: Arceus|Arceus-Poison|100\/100\n|turn|24\n|\n|t:|1698180316\n|move|p2a: Miraidon|Electro Drift|p1a: Arceus\n|-damage|p1a: Arceus|21\/100\n|-damage|p2a: Miraidon|71\/100|[from] item: Life Orb\n|move|p1a: Arceus|Dragon Dance|p1a: Arceus\n|-boost|p1a: Arceus|atk|1\n|-boost|p1a: Arceus|spe|1\n|\n|upkeep\n|turn|25\n|\n|t:|1698180330\n|-terastallize|p1a: Arceus|Ground\n|move|p1a: Arceus|Recover|p1a: Arceus\n|-heal|p1a: Arceus|71\/100\n|move|p2a: Miraidon|Electro Drift|p1a: Arceus\n|-immune|p1a: Arceus\n|\n|-fieldend|move: Electric Terrain\n|upkeep\n|turn|26\n|\n|t:|1698180348\n|move|p1a: Arceus|Dragon Dance|p1a: Arceus\n|-boost|p1a: Arceus|atk|1\n|-boost|p1a: Arceus|spe|1\n|move|p2a: Miraidon|Dragon Pulse|p1a: Arceus\n|-damage|p1a: Arceus|28\/100\n|-damage|p2a: Miraidon|61\/100|[from] item: Life Orb\n|\n|upkeep\n|turn|27\n|inactive|Dinonbk has 120 seconds left.\n|\n|t:|1698180375\n|switch|p2a: Great Tusk|Great Tusk|100\/100\n|move|p1a: Arceus|Recover|p1a: Arceus\n|-heal|p1a: Arceus|78\/100\n|\n|upkeep\n|turn|28\n|\n|t:|1698180381\n|move|p1a: Arceus|Earthquake|p2a: Great Tusk\n|-damage|p2a: Great Tusk|32\/100\n|move|p2a: Great Tusk|Ice Spinner|p1a: Arceus\n|-supereffective|p1a: Arceus\n|-damage|p1a: Arceus|46\/100\n|\n|upkeep\n|turn|29\n|\n|t:|1698180388\n|move|p1a: Arceus|Recover|p1a: Arceus\n|-heal|p1a: Arceus|96\/100\n|move|p2a: Great Tusk|Ice Spinner|p1a: Arceus\n|-supereffective|p1a: Arceus\n|-damage|p1a: Arceus|64\/100\n|\n|upkeep\n|turn|30\n|\n|t:|1698180393\n|move|p1a: Arceus|Dragon Dance|p1a: Arceus\n|-boost|p1a: Arceus|atk|1\n|-boost|p1a: Arceus|spe|1\n|move|p2a: Great Tusk|Ice Spinner|p1a: Arceus\n|-supereffective|p1a: Arceus\n|-damage|p1a: Arceus|31\/100\n|\n|upkeep\n|turn|31\n|\n|t:|1698180401\n|-end|p2a: Great Tusk|Protosynthesis|[silent]\n|switch|p2a: Giratina|Giratina-Origin|84\/100\n|move|p1a: Arceus|Earthquake|p2a: Giratina\n|-immune|p2a: Giratina|[from] ability: Levitate\n|\n|upkeep\n|turn|32\n|\n|t:|1698180407\n|move|p1a: Arceus|Recover|p1a: Arceus\n|-heal|p1a: Arceus|81\/100\n|move|p2a: Giratina|Draco Meteor|p1a: Arceus\n|-damage|p1a: Arceus|27\/100\n|-unboost|p2a: Giratina|spa|2\n|\n|upkeep\n|turn|33\n|\n|t:|1698180412\n|move|p1a: Arceus|Recover|p1a: Arceus\n|-heal|p1a: Arceus|77\/100\n|move|p2a: Giratina|Shadow Ball|p1a: Arceus\n|-damage|p1a: Arceus|59\/100\n|\n|upkeep\n|turn|34\n|\n|t:|1698180415\n|move|p1a: Arceus|Dragon Dance|p1a: Arceus\n|-boost|p1a: Arceus|atk|1\n|-boost|p1a: Arceus|spe|1\n|move|p2a: Giratina|Dragon Tail|p1a: Arceus\n|-damage|p1a: Arceus|42\/100\n|drag|p1a: Iron Valiant|Iron Valiant|44\/100\n|\n|upkeep\n|turn|35\n|\n|t:|1698180422\n|switch|p2a: Great Tusk|Great Tusk|32\/100\n|move|p1a: Iron Valiant|Destiny Bond|p1a: Iron Valiant\n|-singlemove|p1a: Iron Valiant|Destiny Bond\n|\n|upkeep\n|turn|36\n|\n|t:|1698180432\n|move|p1a: Iron Valiant|Spirit Break|p2a: Great Tusk\n|-supereffective|p2a: Great Tusk\n|-crit|p2a: Great Tusk\n|-damage|p2a: Great Tusk|0 fnt\n|faint|p2a: Great Tusk\n|-end|p2a: Great Tusk|Protosynthesis|[silent]\n|\n|upkeep\n|\n|t:|1698180439\n|switch|p2a: Koraidon|Koraidon, tera:Fire|51\/100\n|-weather|SunnyDay|[from] ability: Orichalcum Pulse|[of] p2a: Koraidon\n|-activate|p2a: Koraidon|Orichalcum Pulse|[source]\n|turn|37\n|\n|t:|1698180445\n|-end|p1a: Iron Valiant|Quark Drive|[silent]\n|switch|p1a: Dondozo|Dondozo, F|100\/100 slp\n|move|p2a: Koraidon|U-turn|p1a: Dondozo\n|-crit|p1a: Dondozo\n|-damage|p1a: Dondozo|75\/100 slp\n|-damage|p2a: Koraidon|35\/100|[from] item: Rocky Helmet|[of] p1a: Dondozo\n|\n|t:|1698180448\n|switch|p2a: Miraidon|Miraidon|61\/100|[from] U-turn\n|-fieldstart|move: Electric Terrain|[from] ability: Hadron Engine|[of] p2a: Miraidon\n|\n|-weather|SunnyDay|[upkeep]\n|upkeep\n|turn|38\n|\n|t:|1698180454\n|switch|p1a: Arceus|Arceus-Poison, tera:Ground|42\/100\n|move|p2a: Miraidon|Electro Drift|p1a: Arceus\n|-immune|p1a: Arceus\n|\n|-weather|SunnyDay|[upkeep]\n|upkeep\n|turn|39\n|\n|t:|1698180459\n|switch|p2a: Giratina|Giratina-Origin|84\/100\n|move|p1a: Arceus|Recover|p1a: Arceus\n|-heal|p1a: Arceus|92\/100\n|\n|-weather|SunnyDay|[upkeep]\n|upkeep\n|turn|40\n|\n|t:|1698180469\n|switch|p1a: Iron Valiant|Iron Valiant|44\/100\n|-activate|p1a: Iron Valiant|ability: Quark Drive\n|-start|p1a: Iron Valiant|quarkdrivespe\n|move|p2a: Giratina|Shadow Ball|p1a: Iron Valiant\n|-damage|p1a: Iron Valiant|0 fnt\n|faint|p1a: Iron Valiant\n|-end|p1a: Iron Valiant|Quark Drive|[silent]\n|\n|-weather|SunnyDay|[upkeep]\n|upkeep\n|\n|t:|1698180494\n|switch|p1a: Arceus|Arceus-Poison, tera:Ground|92\/100\n|turn|41\n|\n|t:|1698180500\n|move|p2a: Giratina|Shadow Ball|p1a: Arceus\n|-damage|p1a: Arceus|56\/100\n|move|p1a: Arceus|Dragon Dance|p1a: Arceus\n|-boost|p1a: Arceus|atk|1\n|-boost|p1a: Arceus|spe|1\n|\n|-weather|none\n|-fieldend|move: Electric Terrain\n|upkeep\n|turn|42\n|\n|t:|1698180504\n|move|p1a: Arceus|Recover|p1a: Arceus\n|-heal|p1a: Arceus|100\/100\n|move|p2a: Giratina|Shadow Ball|p1a: Arceus\n|-damage|p1a: Arceus|66\/100\n|\n|upkeep\n|turn|43\n|\n|t:|1698180507\n|move|p1a: Arceus|Dragon Dance|p1a: Arceus\n|-boost|p1a: Arceus|atk|1\n|-boost|p1a: Arceus|spe|1\n|move|p2a: Giratina|Shadow Ball|p1a: Arceus\n|-damage|p1a: Arceus|32\/100\n|\n|upkeep\n|turn|44\n|\n|t:|1698180517\n|move|p1a: Arceus|Recover|p1a: Arceus\n|-heal|p1a: Arceus|82\/100\n|move|p2a: Giratina|Dragon Tail|p1a: Arceus\n|-damage|p1a: Arceus|66\/100\n|drag|p1a: Dondozo|Dondozo, F|75\/100 slp\n|\n|upkeep\n|turn|45\n|\n|t:|1698180529\n|switch|p1a: Dialga|Dialga|34\/100\n|-ability|p1a: Dialga|Pressure\n|move|p2a: Giratina|Shadow Ball|p1a: Dialga\n|-damage|p1a: Dialga|0 fnt\n|faint|p1a: Dialga\n|\n|upkeep\n|\n|t:|1698180536\n|switch|p1a: Dondozo|Dondozo, F|75\/100 slp\n|turn|46\n|-message|Dinonbk forfeited.\n|\n|win|tinsquelena\n|raw|Dinonbk's rating: 1189 &rarr; <strong>1156<\/strong><br \/>(-33 for losing)\n|raw|tinsquelena's rating: 1080 &rarr; <strong>1117<\/strong><br \/>(+37 for winning)\n|l|\u2606Dinonbk\n","uploadtime":1698180540,"views":8,"p1id":"dinonbk","p2id":"tinsquelena","formatid":"gen9ubers","rating":1117,"private":0,"password":""}