{"id":"gen9ubers-1971968491","p1":"samuca0072","p2":"Grayrat","format":"[Gen 9] Ubers","log":"|j|\u2606samuca0072\n|j|\u2606Grayrat\n|t:|1697799211\n|gametype|singles\n|player|p1|samuca0072|n|1153\n|player|p2|Grayrat|cynthia-gen4|1264\n|teamsize|p1|6\n|teamsize|p2|6\n|gen|9\n|tier|[Gen 9] Ubers\n|rated|\n|rule|Sleep Clause Mod: Limit one foe put to sleep\n|rule|Species Clause: Limit one of each Pok\u00e9mon\n|rule|OHKO Clause: OHKO moves are banned\n|rule|Evasion Items Clause: Evasion items are banned\n|rule|Evasion Moves Clause: Evasion moves are banned\n|rule|Endless Battle Clause: Forcing endless battles is banned\n|rule|HP Percentage Mod: HP is shown in percentages\n|clearpoke\n|poke|p1|Darkrai|\n|poke|p1|Zacian-*|\n|poke|p1|Corviknight, M|\n|poke|p1|Toxapex, F|\n|poke|p1|Arceus|\n|poke|p1|Palkia-Origin|\n|poke|p2|Zacian-*|\n|poke|p2|Miraidon|\n|poke|p2|Arceus|\n|poke|p2|Ting-Lu|\n|poke|p2|Urshifu-*, F|\n|poke|p2|Giratina-Origin|\n|teampreview\n|inactive|Battle timer is ON: inactive players will automatically lose when time's up. (requested by samuca0072)\n|\n|t:|1697799220\n|start\n|switch|p1a: Toxapex|Toxapex, F, shiny|100\/100\n|switch|p2a: Miraidon|Miraidon|100\/100\n|-fieldstart|move: Electric Terrain|[from] ability: Hadron Engine|[of] p2a: Miraidon\n|turn|1\n|\n|t:|1697799238\n|-terastallize|p1a: Toxapex|Ground\n|move|p2a: Miraidon|Electro Drift|p1a: Toxapex\n|-immune|p1a: Toxapex\n|move|p1a: Toxapex|Toxic|p2a: Miraidon\n|-status|p2a: Miraidon|tox\n|\n|-damage|p2a: Miraidon|94\/100 tox|[from] psn\n|upkeep\n|turn|2\n|\n|t:|1697799251\n|switch|p2a: Urshifu|Urshifu-Rapid-Strike, F|100\/100\n|move|p1a: Toxapex|Toxic|p2a: Urshifu\n|-status|p2a: Urshifu|tox\n|\n|-damage|p2a: Urshifu|94\/100 tox|[from] psn\n|upkeep\n|turn|3\n|\n|t:|1697799263\n|switch|p1a: Palkia|Palkia-Origin, shiny|100\/100\n|-ability|p1a: Palkia|Pressure\n|move|p2a: Urshifu|Surging Strikes|p1a: Palkia\n|-resisted|p1a: Palkia\n|-crit|p1a: Palkia\n|-damage|p1a: Palkia|93\/100\n|-resisted|p1a: Palkia\n|-crit|p1a: Palkia\n|-damage|p1a: Palkia|85\/100\n|-resisted|p1a: Palkia\n|-crit|p1a: Palkia\n|-damage|p1a: Palkia|77\/100\n|-hitcount|p1a: Palkia|3\n|\n|-damage|p2a: Urshifu|82\/100 tox|[from] psn\n|upkeep\n|turn|4\n|\n|t:|1697799289\n|switch|p2a: Arceus|Arceus|100\/100\n|move|p1a: Palkia|Spacial Rend|p2a: Arceus\n|-damage|p2a: Arceus|54\/100\n|\n|upkeep\n|turn|5\n|\n|t:|1697799295\n|move|p2a: Arceus|Extreme Speed|p1a: Palkia\n|-damage|p1a: Palkia|24\/100\n|move|p1a: Palkia|Spacial Rend|p2a: Arceus\n|-damage|p2a: Arceus|12\/100\n|\n|-fieldend|move: Electric Terrain\n|upkeep\n|turn|6\n|\n|t:|1697799308\n|switch|p1a: Corviknight|Corviknight, M, shiny|100\/100\n|-ability|p1a: Corviknight|Pressure\n|move|p2a: Arceus|Extreme Speed|p1a: Corviknight\n|-resisted|p1a: Corviknight\n|-damage|p1a: Corviknight|85\/100\n|-damage|p2a: Arceus|0 fnt|[from] item: Rocky Helmet|[of] p1a: Corviknight\n|faint|p2a: Arceus\n|\n|upkeep\n|\n|t:|1697799322\n|switch|p2a: Giratina|Giratina-Origin|100\/100\n|turn|7\n|\n|t:|1697799335\n|switch|p1a: Zacian|Zacian-Crowned, shiny|100\/100\n|-ability|p1a: Zacian|Intrepid Sword|boost\n|-boost|p1a: Zacian|atk|1\n|move|p2a: Giratina|Thunder Wave|p1a: Zacian|[miss]\n|-miss|p2a: Giratina|p1a: Zacian\n|\n|upkeep\n|turn|8\n|\n|t:|1697799348\n|-terastallize|p2a: Giratina|Ghost\n|move|p1a: Zacian|Play Rough|p2a: Giratina\n|-damage|p2a: Giratina|54\/100\n|move|p2a: Giratina|Thunder Wave|p1a: Zacian\n|-status|p1a: Zacian|par\n|\n|upkeep\n|turn|9\n|\n|t:|1697799359\n|switch|p1a: Darkrai|Darkrai, shiny|100\/100\n|move|p2a: Giratina|Earthquake|p1a: Darkrai\n|-damage|p1a: Darkrai|63\/100\n|\n|upkeep\n|turn|10\n|\n|t:|1697799387\n|switch|p2a: Urshifu|Urshifu-Rapid-Strike, F|82\/100 tox\n|move|p1a: Darkrai|Dark Pulse|p2a: Urshifu\n|-resisted|p2a: Urshifu\n|-damage|p2a: Urshifu|39\/100 tox\n|-damage|p1a: Darkrai|53\/100|[from] item: Life Orb\n|\n|-damage|p2a: Urshifu|32\/100 tox|[from] psn\n|upkeep\n|turn|11\n|\n|t:|1697799396\n|move|p1a: Darkrai|Sludge Bomb|p2a: Urshifu\n|-damage|p2a: Urshifu|0 fnt\n|faint|p2a: Urshifu\n|-damage|p1a: Darkrai|43\/100|[from] item: Life Orb\n|\n|upkeep\n|\n|t:|1697799404\n|switch|p2a: Ting-Lu|Ting-Lu|100\/100\n|-ability|p2a: Ting-Lu|Vessel of Ruin\n|turn|12\n|\n|t:|1697799412\n|move|p1a: Darkrai|Hypnosis|p2a: Ting-Lu|[miss]\n|-miss|p1a: Darkrai|p2a: Ting-Lu\n|move|p2a: Ting-Lu|Earthquake|p1a: Darkrai\n|-damage|p1a: Darkrai|0 fnt\n|faint|p1a: Darkrai\n|\n|upkeep\n|\n|t:|1697799422\n|switch|p1a: Palkia|Palkia-Origin, shiny|24\/100\n|-ability|p1a: Palkia|Pressure\n|turn|13\n|\n|t:|1697799433\n|move|p1a: Palkia|Hydro Pump|p2a: Ting-Lu|[miss]\n|-miss|p1a: Palkia|p2a: Ting-Lu\n|move|p2a: Ting-Lu|Whirlwind|p1a: Palkia\n|drag|p1a: Corviknight|Corviknight, M, shiny|85\/100\n|-ability|p1a: Corviknight|Pressure\n|\n|upkeep\n|turn|14\n|\n|t:|1697799442\n|move|p1a: Corviknight|Iron Defense|p1a: Corviknight\n|-boost|p1a: Corviknight|def|2\n|move|p2a: Ting-Lu|Whirlwind|p1a: Corviknight\n|drag|p1a: Arceus|Arceus, shiny|100\/100\n|\n|upkeep\n|turn|15\n|\n|t:|1697799451\n|move|p1a: Arceus|Shadow Claw|p2a: Ting-Lu\n|-resisted|p2a: Ting-Lu\n|-crit|p2a: Ting-Lu\n|-damage|p2a: Ting-Lu|93\/100\n|move|p2a: Ting-Lu|Spikes|p1a: Arceus\n|-sidestart|p1: samuca0072|Spikes\n|\n|-heal|p2a: Ting-Lu|99\/100|[from] item: Leftovers\n|upkeep\n|turn|16\n|\n|t:|1697799462\n|switch|p1a: Corviknight|Corviknight, M, shiny|85\/100\n|-ability|p1a: Corviknight|Pressure\n|move|p2a: Ting-Lu|Spikes|p1a: Corviknight\n|-sidestart|p1: samuca0072|Spikes\n|\n|-heal|p2a: Ting-Lu|100\/100|[from] item: Leftovers\n|upkeep\n|turn|17\n|\n|t:|1697799470\n|move|p1a: Corviknight|Iron Defense|p1a: Corviknight\n|-boost|p1a: Corviknight|def|2\n|move|p2a: Ting-Lu|Whirlwind|p1a: Corviknight\n|drag|p1a: Arceus|Arceus, shiny|100\/100\n|-damage|p1a: Arceus|84\/100|[from] Spikes\n|\n|-heal|p1a: Arceus|90\/100|[from] item: Leftovers\n|upkeep\n|turn|18\n|c|\u2606samuca0072|vai se fuder arrombado\n|\n|t:|1697799492\n|switch|p1a: Corviknight|Corviknight, M, shiny|85\/100\n|-ability|p1a: Corviknight|Pressure\n|move|p2a: Ting-Lu|Spikes|p1a: Corviknight\n|-sidestart|p1: samuca0072|Spikes\n|\n|upkeep\n|turn|19\n|\n|t:|1697799499\n|move|p1a: Corviknight|Defog|p2a: Ting-Lu\n|-unboost|p2a: Ting-Lu|evasion|1\n|-sideend|p1: samuca0072|Spikes|[from] move: Defog|[of] p1a: Corviknight\n|move|p2a: Ting-Lu|Whirlwind|p1a: Corviknight\n|drag|p1a: Toxapex|Toxapex, F, shiny, tera:Ground|100\/100\n|\n|upkeep\n|turn|20\n|\n|t:|1697799507\n|move|p2a: Ting-Lu|Earthquake|p1a: Toxapex\n|-damage|p1a: Toxapex|77\/100\n|move|p1a: Toxapex|Surf|p2a: Ting-Lu\n|-supereffective|p2a: Ting-Lu\n|-damage|p2a: Ting-Lu|77\/100\n|\n|-heal|p2a: Ting-Lu|83\/100|[from] item: Leftovers\n|-heal|p1a: Toxapex|83\/100|[from] item: Leftovers\n|upkeep\n|turn|21\n|\n|t:|1697799517\n|move|p2a: Ting-Lu|Spikes|p1a: Toxapex\n|-sidestart|p1: samuca0072|Spikes\n|move|p1a: Toxapex|Toxic|p2a: Ting-Lu\n|-status|p2a: Ting-Lu|tox\n|\n|-heal|p2a: Ting-Lu|90\/100 tox|[from] item: Leftovers\n|-heal|p1a: Toxapex|89\/100|[from] item: Leftovers\n|-damage|p2a: Ting-Lu|83\/100 tox|[from] psn\n|upkeep\n|turn|22\n|\n|t:|1697799527\n|switch|p1a: Corviknight|Corviknight, M, shiny|85\/100\n|-ability|p1a: Corviknight|Pressure\n|move|p2a: Ting-Lu|Spikes|p1a: Corviknight\n|-sidestart|p1: samuca0072|Spikes\n|\n|-heal|p2a: Ting-Lu|90\/100 tox|[from] item: Leftovers\n|-damage|p2a: Ting-Lu|77\/100 tox|[from] psn\n|upkeep\n|turn|23\n|\n|t:|1697799537\n|move|p1a: Corviknight|Defog|p2a: Ting-Lu\n|-unboost|p2a: Ting-Lu|evasion|1\n|-sideend|p1: samuca0072|Spikes|[from] move: Defog|[of] p1a: Corviknight\n|move|p2a: Ting-Lu|Whirlwind|p1a: Corviknight\n|drag|p1a: Palkia|Palkia-Origin, shiny|24\/100\n|-ability|p1a: Palkia|Pressure\n|\n|-heal|p2a: Ting-Lu|83\/100 tox|[from] item: Leftovers\n|-damage|p2a: Ting-Lu|65\/100 tox|[from] psn\n|upkeep\n|turn|24\n|\n|t:|1697799549\n|move|p1a: Palkia|Hydro Pump|p2a: Ting-Lu\n|-supereffective|p2a: Ting-Lu\n|-damage|p2a: Ting-Lu|0 fnt\n|faint|p2a: Ting-Lu\n|\n|upkeep\n|\n|t:|1697799553\n|switch|p2a: Miraidon|Miraidon|94\/100 tox\n|-fieldstart|move: Electric Terrain|[from] ability: Hadron Engine|[of] p2a: Miraidon\n|turn|25\n|\n|t:|1697799559\n|switch|p1a: Toxapex|Toxapex, F, shiny, tera:Ground|100\/100\n|move|p2a: Miraidon|Draco Meteor|p1a: Toxapex\n|-damage|p1a: Toxapex|0 fnt\n|-unboost|p2a: Miraidon|spa|2\n|faint|p1a: Toxapex\n|\n|-damage|p2a: Miraidon|88\/100 tox|[from] psn\n|upkeep\n|\n|t:|1697799570\n|switch|p1a: Arceus|Arceus, shiny|90\/100\n|turn|26\n|\n|t:|1697799578\n|switch|p2a: Giratina|Giratina-Origin, tera:Ghost|54\/100\n|move|p1a: Arceus|Swords Dance|p1a: Arceus\n|-boost|p1a: Arceus|atk|2\n|\n|-heal|p1a: Arceus|96\/100|[from] item: Leftovers\n|upkeep\n|turn|27\n|\n|t:|1697799591\n|move|p1a: Arceus|Shadow Claw|p2a: Giratina\n|-supereffective|p2a: Giratina\n|-damage|p2a: Giratina|0 fnt\n|faint|p2a: Giratina\n|\n|-heal|p1a: Arceus|100\/100|[from] item: Leftovers\n|upkeep\n|\n|t:|1697799593\n|switch|p2a: Zacian|Zacian-Crowned, shiny|100\/100\n|-ability|p2a: Zacian|Intrepid Sword|boost\n|-boost|p2a: Zacian|atk|1\n|turn|28\n|\n|t:|1697799607\n|move|p2a: Zacian|Behemoth Blade|p1a: Arceus\n|-damage|p1a: Arceus|35\/100\n|move|p1a: Arceus|Swords Dance|p1a: Arceus\n|-boost|p1a: Arceus|atk|2\n|\n|-heal|p1a: Arceus|41\/100|[from] item: Leftovers\n|upkeep\n|turn|29\n|\n|t:|1697799617\n|switch|p1a: Corviknight|Corviknight, M, shiny|85\/100\n|-ability|p1a: Corviknight|Pressure\n|move|p2a: Zacian|Behemoth Blade|p1a: Corviknight\n|-resisted|p1a: Corviknight\n|-damage|p1a: Corviknight|59\/100\n|-damage|p2a: Zacian|84\/100|[from] item: Rocky Helmet|[of] p1a: Corviknight\n|\n|-fieldend|move: Electric Terrain\n|upkeep\n|turn|30\n|\n|t:|1697799630\n|move|p2a: Zacian|Swords Dance|p2a: Zacian\n|-boost|p2a: Zacian|atk|2\n|move|p1a: Corviknight|Body Press|p2a: Zacian\n|-damage|p2a: Zacian|56\/100\n|\n|upkeep\n|turn|31\n|\n|t:|1697799639\n|move|p2a: Zacian|Tera Blast|p1a: Corviknight\n|-resisted|p1a: Corviknight\n|-damage|p1a: Corviknight|52\/100\n|move|p1a: Corviknight|Iron Defense|p1a: Corviknight\n|-boost|p1a: Corviknight|def|2\n|\n|upkeep\n|turn|32\n|\n|t:|1697799645\n|move|p2a: Zacian|Behemoth Blade|p1a: Corviknight\n|-resisted|p1a: Corviknight\n|-damage|p1a: Corviknight|29\/100\n|-damage|p2a: Zacian|39\/100|[from] item: Rocky Helmet|[of] p1a: Corviknight\n|move|p1a: Corviknight|Roost|p1a: Corviknight\n|-heal|p1a: Corviknight|79\/100\n|-singleturn|p1a: Corviknight|move: Roost\n|\n|upkeep\n|turn|33\n|-message|Grayrat forfeited.\n|\n|win|samuca0072\n|raw|samuca0072's rating: 1153 &rarr; <strong>1186<\/strong><br \/>(+33 for winning)\n|raw|Grayrat's rating: 1264 &rarr; <strong>1231<\/strong><br \/>(-33 for losing)\n","uploadtime":1697799482,"views":12,"p1id":"samuca0072","p2id":"grayrat","formatid":"gen9ubers","rating":1186,"private":0,"password":""}