{"id":"gen9ubers-1997704369","p1":"Reposti","p2":"MayatazKJ","format":"[Gen 9] Ubers","log":"|j|\u2606Reposti\n|j|\u2606MayatazKJ\n|t:|1700843719\n|gametype|singles\n|player|p1|Reposti|gentleman-gen4dp|\n|player|p2|MayatazKJ|2|\n|teamsize|p1|6\n|teamsize|p2|6\n|gen|9\n|tier|[Gen 9] Ubers\n|rule|Sleep Clause Mod: Limit one foe put to sleep\n|rule|Species Clause: Limit one of each Pok\u00e9mon\n|rule|OHKO Clause: OHKO moves are banned\n|rule|Evasion Items Clause: Evasion items are banned\n|rule|Evasion Moves Clause: Evasion moves are banned\n|rule|Endless Battle Clause: Forcing endless battles is banned\n|rule|HP Percentage Mod: HP is shown in percentages\n|clearpoke\n|poke|p1|Magearna|\n|poke|p1|Ursaluna, M|\n|poke|p1|Rillaboom, M|\n|poke|p1|Sneasler, F|\n|poke|p1|Arceus-Poison|\n|poke|p1|Volcanion|\n|poke|p2|Palkia-Origin|\n|poke|p2|Pelipper, F|\n|poke|p2|Palafin, F|\n|poke|p2|Goodra-Hisui, F|\n|poke|p2|Zacian-*|\n|poke|p2|Basculin-White-Striped, F|\n|teampreview\n|c|\u2606Reposti|Glhf\n|\n|t:|1700843742\n|start\n|switch|p1a: Literal Bot|Magearna|100\/100\n|switch|p2a: Palafin|Palafin, F|100\/100\n|turn|1\n|\n|t:|1700843749\n|detailschange|p2a: Palafin|Palafin-Hero, F\n|switch|p2a: Goodra|Goodra-Hisui, F|100\/100\n|move|p1a: Literal Bot|Thunder Wave|p2a: Goodra\n|-status|p2a: Goodra|par\n|\n|upkeep\n|turn|2\n|\n|t:|1700843755\n|move|p1a: Literal Bot|Spikes|p2a: Goodra\n|-sidestart|p2: MayatazKJ|Spikes\n|move|p2a: Goodra|Earthquake|p1a: Literal Bot\n|-supereffective|p1a: Literal Bot\n|-damage|p1a: Literal Bot|65\/100\n|\n|upkeep\n|turn|3\n|\n|t:|1700843766\n|move|p2a: Goodra|Flash Cannon|p1a: Literal Bot\n|-damage|p1a: Literal Bot|41\/100\n|-unboost|p1a: Literal Bot|spd|1\n|-enditem|p1a: Literal Bot|Eject Pack\n|\n|t:|1700843772\n|switch|p1a: Freddy|Ursaluna, M|100\/100\n|\n|-status|p1a: Freddy|brn|[from] item: Flame Orb\n|upkeep\n|turn|4\n|\n|t:|1700843783\n|switch|p2a: Pelipper|Pelipper, F|100\/100\n|-weather|RainDance|[from] ability: Drizzle|[of] p2a: Pelipper\n|move|p1a: Freddy|Headlong Rush|p2a: Pelipper\n|-immune|p2a: Pelipper\n|\n|-weather|RainDance|[upkeep]\n|-damage|p1a: Freddy|94\/100 brn|[from] brn\n|upkeep\n|turn|5\n|\n|t:|1700843794\n|switch|p1a: Literal Bot|Magearna|41\/100\n|move|p2a: Pelipper|Surf|p1a: Literal Bot\n|-damage|p1a: Literal Bot|15\/100\n|\n|-weather|RainDance|[upkeep]\n|upkeep\n|turn|6\n|\n|t:|1700843805\n|move|p2a: Pelipper|Surf|p1a: Literal Bot\n|-damage|p1a: Literal Bot|0 fnt\n|faint|p1a: Literal Bot\n|\n|-weather|RainDance|[upkeep]\n|upkeep\n|\n|t:|1700843811\n|switch|p1a: Big G?|Arceus-Poison|100\/100\n|turn|7\n|\n|t:|1700843817\n|switch|p2a: Goodra|Goodra-Hisui, F|100\/100 par\n|-damage|p2a: Goodra|88\/100 par|[from] Spikes\n|move|p1a: Big G?|Cosmic Power|p1a: Big G?\n|-boost|p1a: Big G?|def|1\n|-boost|p1a: Big G?|spd|1\n|\n|-weather|RainDance|[upkeep]\n|upkeep\n|turn|8\n|\n|t:|1700843826\n|move|p1a: Big G?|Cosmic Power|p1a: Big G?\n|-boost|p1a: Big G?|def|1\n|-boost|p1a: Big G?|spd|1\n|move|p2a: Goodra|Earthquake|p1a: Big G?\n|-supereffective|p1a: Big G?\n|-damage|p1a: Big G?|89\/100\n|\n|-weather|RainDance|[upkeep]\n|upkeep\n|turn|9\n|\n|t:|1700843840\n|switch|p2a: Palafin|Palafin-Hero, F|100\/100\n|-damage|p2a: Palafin|88\/100|[from] Spikes\n|-activate|p2a: Palafin|ability: Zero to Hero\n|move|p1a: Big G?|Cosmic Power|p1a: Big G?\n|-boost|p1a: Big G?|def|1\n|-boost|p1a: Big G?|spd|1\n|\n|-weather|RainDance|[upkeep]\n|-heal|p2a: Palafin|94\/100|[from] item: Leftovers\n|upkeep\n|turn|10\n|\n|t:|1700843852\n|move|p1a: Big G?|Recover|p1a: Big G?\n|-heal|p1a: Big G?|100\/100\n|move|p2a: Palafin|Taunt|p1a: Big G?\n|-start|p1a: Big G?|move: Taunt\n|\n|-weather|RainDance|[upkeep]\n|-heal|p2a: Palafin|100\/100|[from] item: Leftovers\n|upkeep\n|turn|11\n|\n|t:|1700843861\n|move|p1a: Big G?|Body Press|p2a: Palafin\n|-damage|p2a: Palafin|41\/100\n|move|p2a: Palafin|Bulk Up|p2a: Palafin\n|-boost|p2a: Palafin|atk|1\n|-boost|p2a: Palafin|def|1\n|\n|-weather|none\n|-heal|p2a: Palafin|47\/100|[from] item: Leftovers\n|upkeep\n|turn|12\n|\n|t:|1700843872\n|move|p1a: Big G?|Body Press|p2a: Palafin\n|-damage|p2a: Palafin|10\/100\n|move|p2a: Palafin|Wave Crash|p1a: Big G?\n|-damage|p1a: Big G?|73\/100\n|-damage|p2a: Palafin|0 fnt|[from] Recoil\n|faint|p2a: Palafin\n|\n|upkeep\n|\n|t:|1700843879\n|switch|p2a: Zacian|Zacian|100\/100\n|-ability|p2a: Zacian|Intrepid Sword|boost\n|-boost|p2a: Zacian|atk|1\n|turn|13\n|\n|t:|1700843887\n|move|p2a: Zacian|Wild Charge|p1a: Big G?\n|-damage|p1a: Big G?|64\/100\n|-damage|p2a: Zacian|97\/100|[from] Recoil\n|move|p1a: Big G?|Stored Power|p2a: Zacian\n|-damage|p2a: Zacian|64\/100\n|\n|-end|p1a: Big G?|move: Taunt\n|upkeep\n|turn|14\n|\n|t:|1700843896\n|switch|p2a: Palkia|Palkia-Origin|100\/100\n|-damage|p2a: Palkia|88\/100|[from] Spikes\n|-ability|p2a: Palkia|Pressure\n|move|p1a: Big G?|Cosmic Power|p1a: Big G?\n|-boost|p1a: Big G?|def|1\n|-boost|p1a: Big G?|spd|1\n|\n|upkeep\n|turn|15\n|\n|t:|1700843904\n|move|p2a: Palkia|Spacial Rend|p1a: Big G?\n|-damage|p1a: Big G?|50\/100\n|move|p1a: Big G?|Recover|p1a: Big G?\n|-heal|p1a: Big G?|99\/100\n|\n|upkeep\n|turn|16\n|\n|t:|1700843917\n|move|p2a: Palkia|Thunder|p1a: Big G?|[miss]\n|-miss|p2a: Palkia|p1a: Big G?\n|move|p1a: Big G?|Cosmic Power|p1a: Big G?\n|-boost|p1a: Big G?|def|1\n|-boost|p1a: Big G?|spd|1\n|\n|upkeep\n|turn|17\n|\n|t:|1700843924\n|move|p2a: Palkia|Thunder|p1a: Big G?\n|-damage|p1a: Big G?|92\/100\n|move|p1a: Big G?|Body Press|p2a: Palkia\n|-damage|p2a: Palkia|0 fnt\n|faint|p2a: Palkia\n|\n|upkeep\n|\n|t:|1700843940\n|switch|p2a: Zacian|Zacian|64\/100\n|turn|18\n|\n|t:|1700843945\n|move|p2a: Zacian|Wild Charge|p1a: Big G?\n|-damage|p1a: Big G?|87\/100\n|-damage|p2a: Zacian|63\/100|[from] Recoil\n|move|p1a: Big G?|Cosmic Power|p1a: Big G?\n|-boost|p1a: Big G?|def|1\n|-boost|p1a: Big G?|spd|1\n|\n|upkeep\n|turn|19\n|\n|t:|1700843953\n|move|p2a: Zacian|Wild Charge|p1a: Big G?\n|-damage|p1a: Big G?|83\/100\n|-damage|p2a: Zacian|61\/100|[from] Recoil\n|move|p1a: Big G?|Stored Power|p2a: Zacian\n|-damage|p2a: Zacian|0 fnt\n|faint|p2a: Zacian\n|\n|upkeep\n|c|\u2606MayatazKJ|well i def wasnt expecting a cosmic power arceus, ggs\n|\n|t:|1700843967\n|switch|p2a: Pelipper|Pelipper, F|100\/100\n|-weather|RainDance|[from] ability: Drizzle|[of] p2a: Pelipper\n|turn|20\n|\n|t:|1700843971\n|move|p1a: Big G?|Stored Power|p2a: Pelipper\n|-damage|p2a: Pelipper|0 fnt\n|faint|p2a: Pelipper\n|\n|-weather|RainDance|[upkeep]\n|upkeep\n|\n|t:|1700843974\n|switch|p2a: Basculin|Basculin-White-Striped, F|100\/100\n|-damage|p2a: Basculin|88\/100|[from] Spikes\n|turn|21\n|c|\u2606Reposti|Gg\n|\n|t:|1700843981\n|-terastallize|p2a: Basculin|Ghost\n|move|p2a: Basculin|Last Respects|p1a: Big G?\n|-damage|p1a: Big G?|66\/100\n|move|p1a: Big G?|Stored Power|p2a: Basculin\n|-damage|p2a: Basculin|0 fnt\n|faint|p2a: Basculin\n|\n|-weather|RainDance|[upkeep]\n|upkeep\n|\n|t:|1700843985\n|switch|p2a: Goodra|Goodra-Hisui, F|88\/100 par\n|-damage|p2a: Goodra|76\/100 par|[from] Spikes\n|turn|22\n|\n|t:|1700843995\n|move|p1a: Big G?|Body Press|p2a: Goodra\n|-supereffective|p2a: Goodra\n|-damage|p2a: Goodra|0 fnt\n|faint|p2a: Goodra\n|\n|win|Reposti\n|l|\u2606MayatazKJ\n|c|\u2606Reposti|I\u2019ll get the replay\n","uploadtime":1700844011,"views":12,"p1id":"reposti","p2id":"mayatazkj","formatid":"gen9ubers","rating":0,"private":0,"password":""}