{"id":"gen9ubers-1979816286","p1":"Kingu Violet","p2":"Zacwonder123","format":"[Gen 9] Ubers","log":"|j|\u2606Kingu Violet\n|j|\u2606Zacwonder123\n|t:|1698716215\n|gametype|singles\n|player|p1|Kingu Violet|giovanni|1096\n|player|p2|Zacwonder123|1|1111\n|teamsize|p1|6\n|teamsize|p2|6\n|gen|9\n|tier|[Gen 9] Ubers\n|rated|\n|rule|Sleep Clause Mod: Limit one foe put to sleep\n|rule|Species Clause: Limit one of each Pok\u00e9mon\n|rule|OHKO Clause: OHKO moves are banned\n|rule|Evasion Items Clause: Evasion items are banned\n|rule|Evasion Moves Clause: Evasion moves are banned\n|rule|Endless Battle Clause: Forcing endless battles is banned\n|rule|HP Percentage Mod: HP is shown in percentages\n|clearpoke\n|poke|p1|Koraidon|\n|poke|p1|Chi-Yu|\n|poke|p1|Arcanine-Hisui, M|\n|poke|p1|Baxcalibur, F|\n|poke|p1|Flutter Mane|\n|poke|p1|Zacian-*|\n|poke|p2|Hoopa-Unbound|\n|poke|p2|Dialga|\n|poke|p2|Eternatus|\n|poke|p2|Calyrex-Ice|\n|poke|p2|Ursaluna, F|\n|poke|p2|Palafin, F|\n|teampreview\n|inactive|Battle timer is ON: inactive players will automatically lose when time's up. (requested by Zacwonder123)\n|\n|t:|1698716231\n|start\n|switch|p1a: Toothless Alpha|Koraidon|100\/100\n|switch|p2a: Una|Palafin, F|100\/100\n|-weather|SunnyDay|[from] ability: Orichalcum Pulse|[of] p1a: Toothless Alpha\n|-activate|p1a: Toothless Alpha|Orichalcum Pulse|[source]\n|turn|1\n|-activate|p2a: Una|item: Quick Claw\n|\n|t:|1698716239\n|move|p2a: Una|Flip Turn|p1a: Toothless Alpha\n|-resisted|p1a: Toothless Alpha\n|-damage|p1a: Toothless Alpha|96\/100\n|\n|t:|1698716254\n|detailschange|p2a: Una|Palafin-Hero, F\n|switch|p2a: Eins|Ursaluna, F|100\/100|[from] Flip Turn\n|move|p1a: Toothless Alpha|Swords Dance|p1a: Toothless Alpha\n|-boost|p1a: Toothless Alpha|atk|2\n|\n|-weather|SunnyDay|[upkeep]\n|upkeep\n|turn|2\n|\n|t:|1698716265\n|move|p1a: Toothless Alpha|Collision Course|p2a: Eins\n|-supereffective|p2a: Eins\n|-damage|p2a: Eins|0 fnt\n|faint|p2a: Eins\n|\n|-weather|SunnyDay|[upkeep]\n|upkeep\n|\n|t:|1698716280\n|switch|p2a: Isa|Calyrex-Ice|100\/100\n|-ability|p2a: Isa|As One\n|-ability|p2a: Isa|Unnerve\n|turn|3\n|\n|t:|1698716288\n|move|p1a: Toothless Alpha|Collision Course|p2a: Isa\n|-damage|p2a: Isa|9\/100\n|move|p2a: Isa|Glacial Lance|p1a: Toothless Alpha\n|-supereffective|p1a: Toothless Alpha\n|-damage|p1a: Toothless Alpha|0 fnt\n|faint|p1a: Toothless Alpha\n|-ability|p2a: Isa|Chilling Neigh|boost\n|-boost|p2a: Isa|atk|1\n|\n|-weather|SunnyDay|[upkeep]\n|upkeep\n|\n|t:|1698716294\n|switch|p1a: LEROY JENKINS|Arcanine-Hisui, M|100\/100\n|turn|4\n|c|\u2606Zacwonder123|:-)\n|\n|t:|1698716313\n|move|p1a: LEROY JENKINS|Flame Charge|p2a: Isa\n|-supereffective|p2a: Isa\n|-damage|p2a: Isa|0 fnt\n|-boost|p1a: LEROY JENKINS|spe|1\n|faint|p2a: Isa\n|-damage|p1a: LEROY JENKINS|91\/100|[from] item: Life Orb\n|\n|-weather|SunnyDay|[upkeep]\n|upkeep\n|\n|t:|1698716331\n|switch|p2a: One|Dialga|100\/100\n|-ability|p2a: One|Pressure\n|turn|5\n|\n|t:|1698716355\n|move|p1a: LEROY JENKINS|Flare Blitz|p2a: One\n|-damage|p2a: One|19\/100\n|-damage|p1a: LEROY JENKINS|81\/100|[from] item: Life Orb\n|move|p2a: One|Earth Power|p1a: LEROY JENKINS\n|-supereffective|p1a: LEROY JENKINS\n|-damage|p1a: LEROY JENKINS|0 fnt\n|faint|p1a: LEROY JENKINS\n|\n|-weather|SunnyDay|[upkeep]\n|upkeep\n|c|\u2606Zacwonder123|:-)\n|\n|t:|1698716368\n|switch|p1a: Witchcraft|Flutter Mane|100\/100\n|-activate|p1a: Witchcraft|ability: Protosynthesis\n|-start|p1a: Witchcraft|protosynthesisspe\n|turn|6\n|\n|t:|1698716373\n|move|p1a: Witchcraft|Shadow Ball|p2a: One\n|-damage|p2a: One|0 fnt\n|faint|p2a: One\n|\n|-weather|SunnyDay|[upkeep]\n|upkeep\n|\n|t:|1698716384\n|switch|p2a: Uno|Eternatus|100\/100\n|-ability|p2a: Uno|Pressure\n|turn|7\n|\n|t:|1698716389\n|move|p1a: Witchcraft|Moonblast|p2a: Uno\n|-damage|p2a: Uno|62\/100\n|-unboost|p2a: Uno|spa|1\n|move|p2a: Uno|Sludge Bomb|p1a: Witchcraft\n|-crit|p1a: Witchcraft\n|-damage|p1a: Witchcraft|6\/100\n|-status|p1a: Witchcraft|psn\n|\n|-weather|SunnyDay|[upkeep]\n|-damage|p1a: Witchcraft|0 fnt|[from] psn\n|faint|p1a: Witchcraft\n|-end|p1a: Witchcraft|Protosynthesis|[silent]\n|upkeep\n|\n|t:|1698716398\n|switch|p1a: Baxcalibur|Baxcalibur, F|100\/100\n|turn|8\n|\n|t:|1698716402\n|move|p2a: Uno|Dynamax Cannon|p1a: Baxcalibur\n|-supereffective|p1a: Baxcalibur\n|-crit|p1a: Baxcalibur\n|-damage|p1a: Baxcalibur|0 fnt\n|faint|p1a: Baxcalibur\n|\n|-weather|none\n|upkeep\n|\n|t:|1698716406\n|switch|p1a: Nemo Requiem|Chi-Yu|100\/100\n|-ability|p1a: Nemo Requiem|Beads of Ruin\n|turn|9\n|-activate|p2a: Uno|item: Quick Claw\n|\n|t:|1698716415\n|move|p2a: Uno|Dynamax Cannon|p1a: Nemo Requiem\n|-damage|p1a: Nemo Requiem|55\/100\n|move|p1a: Nemo Requiem|Dark Pulse|p2a: Uno\n|-damage|p2a: Uno|21\/100\n|\n|upkeep\n|turn|10\n|\n|t:|1698716418\n|move|p1a: Nemo Requiem|Dark Pulse|p2a: Uno\n|-damage|p2a: Uno|0 fnt\n|faint|p2a: Uno\n|\n|upkeep\n|\n|t:|1698716427\n|switch|p2a: Una|Palafin-Hero, F|100\/100\n|-activate|p2a: Una|ability: Zero to Hero\n|turn|11\n|\n|t:|1698716436\n|-terastallize|p1a: Nemo Requiem|Dark\n|move|p1a: Nemo Requiem|Dark Pulse|p2a: Una\n|-damage|p2a: Una|32\/100\n|move|p2a: Una|Close Combat|p1a: Nemo Requiem\n|-supereffective|p1a: Nemo Requiem\n|-damage|p1a: Nemo Requiem|0 fnt\n|-unboost|p2a: Una|def|1\n|-unboost|p2a: Una|spd|1\n|faint|p1a: Nemo Requiem\n|\n|upkeep\n|\n|t:|1698716440\n|switch|p1a: Silver Chariot|Zacian-Crowned|100\/100\n|-ability|p1a: Silver Chariot|Intrepid Sword|boost\n|-boost|p1a: Silver Chariot|atk|1\n|turn|12\n|\n|t:|1698716442\n|move|p1a: Silver Chariot|Trailblaze|p2a: Una\n|-supereffective|p2a: Una\n|-damage|p2a: Una|0 fnt\n|-boost|p1a: Silver Chariot|spe|1\n|faint|p2a: Una\n|\n|upkeep\n|\n|t:|1698716444\n|switch|p2a: 1|Hoopa-Unbound|100\/100\n|turn|13\n|\n|t:|1698716453\n|-terastallize|p2a: 1|Fire\n|move|p1a: Silver Chariot|Play Rough|p2a: 1\n|-resisted|p2a: 1\n|-damage|p2a: 1|30\/100\n|move|p2a: 1|Tera Blast|p1a: Silver Chariot|[anim] Tera Blast Fire\n|-supereffective|p1a: Silver Chariot\n|-damage|p1a: Silver Chariot|8\/100\n|\n|upkeep\n|turn|14\n|c|\u2606Zacwonder123|NOW WE WILL SEE WHO WINS\n|\n|t:|1698716475\n|move|p1a: Silver Chariot|Behemoth Blade|p2a: 1\n|-resisted|p2a: 1\n|-damage|p2a: 1|0 fnt\n|faint|p2a: 1\n|\n|win|Kingu Violet\n|raw|Kingu Violet's rating: 1096 &rarr; <strong>1123<\/strong><br \/>(+27 for winning)\n|raw|Zacwonder123's rating: 1111 &rarr; <strong>1085<\/strong><br \/>(-26 for losing)\n|c|\u2606Kingu Violet|ggs\n|c|\u2606Zacwonder123|GG\n|l|\u2606Zacwonder123\n","uploadtime":1698716486,"views":11,"p1id":"kinguviolet","p2id":"zacwonder123","formatid":"gen9ubers","rating":1085,"private":0,"password":""}