{"id":"gen9ubers-1987909758","p1":"Mr-Mongol","p2":"Marco99240202121","format":"[Gen 9] Ubers","log":"|j|\u2606Mr-Mongol\n|j|\u2606Marco99240202121\n|t:|1699648215\n|gametype|singles\n|player|p1|Mr-Mongol|dragontamer|\n|player|p2|Marco99240202121|lucas-gen4pt|\n|teamsize|p1|6\n|teamsize|p2|6\n|gen|9\n|tier|[Gen 9] Ubers\n|rule|Sleep Clause Mod: Limit one foe put to sleep\n|rule|Species Clause: Limit one of each Pok\u00e9mon\n|rule|OHKO Clause: OHKO moves are banned\n|rule|Evasion Items Clause: Evasion items are banned\n|rule|Evasion Moves Clause: Evasion moves are banned\n|rule|Endless Battle Clause: Forcing endless battles is banned\n|rule|HP Percentage Mod: HP is shown in percentages\n|clearpoke\n|poke|p1|Lucario, M|\n|poke|p1|Iron Treads|\n|poke|p1|Magearna|\n|poke|p1|Zamazenta-*|\n|poke|p1|Zacian-*|\n|poke|p1|Koraidon|\n|poke|p2|Greninja-*, M|\n|poke|p2|Meowscarada, F|\n|poke|p2|Kingambit, M|\n|poke|p2|Ting-Lu|\n|poke|p2|Sneasler, F|\n|poke|p2|Mandibuzz, F|\n|teampreview\n|c|\u2606Mr-Mongol|ahora si\n|c|\u2606Marco99240202121|Koraidon tera acero por el Monotype, pero obviamente\n|c|\u2606Marco99240202121|No Serra el teracristalizado\n|c|\u2606Marco99240202121|Ser\u00e1*\n|\n|t:|1699648253\n|start\n|switch|p1a: BRRRRRRRRRRRR|Iron Treads|100\/100\n|switch|p2a: Ting-Lu|Ting-Lu|100\/100\n|-ability|p2a: Ting-Lu|Vessel of Ruin\n|-enditem|p1a: BRRRRRRRRRRRR|Booster Energy\n|-activate|p1a: BRRRRRRRRRRRR|ability: Quark Drive|[fromitem]\n|-start|p1a: BRRRRRRRRRRRR|quarkdrivespe\n|turn|1\n|j| guzmfran\n|\n|t:|1699648265\n|move|p1a: BRRRRRRRRRRRR|Stealth Rock|p2a: Ting-Lu\n|-sidestart|p2: Marco99240202121|move: Stealth Rock\n|move|p2a: Ting-Lu|Whirlwind|p1a: BRRRRRRRRRRRR\n|-end|p1a: BRRRRRRRRRRRR|Quark Drive|[silent]\n|drag|p1a: Lucaas|Koraidon|100\/100\n|-weather|SunnyDay|[from] ability: Orichalcum Pulse|[of] p1a: Lucaas\n|-activate|p1a: Lucaas|Orichalcum Pulse|[source]\n|\n|-weather|SunnyDay|[upkeep]\n|upkeep\n|turn|2\n|\n|t:|1699648274\n|-terastallize|p1a: Lucaas|Steel\n|move|p1a: Lucaas|Collision Course|p2a: Ting-Lu\n|-supereffective|p2a: Ting-Lu\n|-damage|p2a: Ting-Lu|0 fnt\n|faint|p2a: Ting-Lu\n|\n|-weather|SunnyDay|[upkeep]\n|upkeep\n|\n|t:|1699648291\n|switch|p2a: Meowscarada|Meowscarada, F|100\/100\n|-damage|p2a: Meowscarada|88\/100|[from] Stealth Rock\n|turn|3\n|\n|t:|1699648295\n|move|p1a: Lucaas|Collision Course|p2a: Meowscarada\n|-supereffective|p2a: Meowscarada\n|-damage|p2a: Meowscarada|0 fnt\n|faint|p2a: Meowscarada\n|\n|-weather|SunnyDay|[upkeep]\n|upkeep\n|\n|t:|1699648300\n|switch|p2a: Sneasler|Sneasler, F|100\/100\n|-damage|p2a: Sneasler|95\/100|[from] Stealth Rock\n|turn|4\n|c|\u2606Marco99240202121|Scarf\n|\n|t:|1699648309\n|switch|p1a: BRRRRRRRRRRRR|Iron Treads|100\/100\n|move|p2a: Sneasler|Close Combat|p1a: BRRRRRRRRRRRR\n|-supereffective|p1a: BRRRRRRRRRRRR\n|-damage|p1a: BRRRRRRRRRRRR|0 fnt\n|-unboost|p2a: Sneasler|def|1\n|-unboost|p2a: Sneasler|spd|1\n|-enditem|p2a: Sneasler|White Herb\n|-clearnegativeboost|p2a: Sneasler|[silent]\n|faint|p1a: BRRRRRRRRRRRR\n|-end|p1a: BRRRRRRRRRRRR|Quark Drive|[silent]\n|\n|-weather|SunnyDay|[upkeep]\n|upkeep\n|\n|t:|1699648323\n|switch|p1a: Lucaas|Koraidon, tera:Steel|100\/100\n|-activate|p1a: Lucaas|ability: Orichalcum Pulse\n|turn|5\n|l| guzmfran\n|c|\u2606Marco99240202121|Nos\u00e9 que usar\n|c|\u2606Marco99240202121|De seguro usa Flare Blitz\n|c|\u2606Marco99240202121|Y con sol me destroza\n|c|\u2606Marco99240202121|Espera\n|c|\u2606Marco99240202121|607\n|c|\u2606Marco99240202121|Espero estar en lo correcto\n|c|\u2606Marco99240202121|Dios, que puedo hacer?\n|\n|t:|1699648532\n|switch|p1a: Newid|Lucario, M|100\/100\n|move|p2a: Sneasler|Close Combat|p1a: Newid\n|-supereffective|p1a: Newid\n|-enditem|p1a: Newid|Focus Sash\n|-damage|p1a: Newid|1\/100\n|-unboost|p2a: Sneasler|def|1\n|-unboost|p2a: Sneasler|spd|1\n|\n|-weather|none\n|upkeep\n|turn|6\n|j| guzmfran\n|\n|t:|1699648556\n|move|p1a: Newid|Vacuum Wave|p2a: Sneasler\n|-resisted|p2a: Sneasler\n|-damage|p2a: Sneasler|72\/100\n|move|p2a: Sneasler|Close Combat|p1a: Newid\n|-supereffective|p1a: Newid\n|-damage|p1a: Newid|0 fnt\n|-unboost|p2a: Sneasler|def|1\n|-unboost|p2a: Sneasler|spd|1\n|faint|p1a: Newid\n|\n|upkeep\n|\n|t:|1699648562\n|switch|p1a: Andy|Zamazenta-Crowned|100\/100\n|-ability|p1a: Andy|Dauntless Shield|boost\n|-boost|p1a: Andy|def|1\n|turn|7\n|\n|t:|1699648599\n|move|p2a: Sneasler|Close Combat|p1a: Andy\n|-supereffective|p1a: Andy\n|-damage|p1a: Andy|46\/100\n|-unboost|p2a: Sneasler|def|1\n|-unboost|p2a: Sneasler|spd|1\n|move|p1a: Andy|Behemoth Bash|p2a: Sneasler\n|-damage|p2a: Sneasler|0 fnt\n|faint|p2a: Sneasler\n|\n|upkeep\n|\n|t:|1699648607\n|switch|p2a: Mandibuzz|Mandibuzz, F|100\/100\n|turn|8\n|\n|t:|1699648616\n|move|p1a: Andy|Iron Defense|p1a: Andy\n|-boost|p1a: Andy|def|2\n|move|p2a: Mandibuzz|Defog|p1a: Andy\n|-unboost|p1a: Andy|evasion|1\n|-sideend|p2: Marco99240202121|Stealth Rock|[from] move: Defog|[of] p2a: Mandibuzz\n|\n|upkeep\n|turn|9\n|\n|t:|1699648623\n|move|p1a: Andy|Iron Defense|p1a: Andy\n|-boost|p1a: Andy|def|2\n|move|p2a: Mandibuzz|Tailwind|p2a: Mandibuzz\n|-sidestart|p2: Marco99240202121|move: Tailwind\n|\n|upkeep\n|turn|10\n|\n|t:|1699648637\n|move|p2a: Mandibuzz|Knock Off|p1a: Andy\n|-resisted|p1a: Andy\n|-damage|p1a: Andy|44\/100\n|move|p1a: Andy|Rest|p1a: Andy\n|-status|p1a: Andy|slp|[from] move: Rest\n|-heal|p1a: Andy|100\/100 slp|[silent]\n|\n|upkeep\n|turn|11\n|\n|t:|1699648643\n|switch|p2a: Kingambit|Kingambit, M|100\/100\n|-activate|p2a: Kingambit|ability: Supreme Overlord\n|-start|p2a: Kingambit|fallen3|[silent]\n|cant|p1a: Andy|slp\n|\n|upkeep\n|turn|12\n|\n|t:|1699648646\n|cant|p1a: Andy|slp\n|move|p2a: Kingambit|Swords Dance|p2a: Kingambit\n|-boost|p2a: Kingambit|atk|2\n|\n|-sideend|p2: Marco99240202121|move: Tailwind\n|upkeep\n|turn|13\n|\n|t:|1699648671\n|-curestatus|p1a: Andy|slp|[msg]\n|move|p1a: Andy|Body Press|p2a: Kingambit\n|-supereffective|p2a: Kingambit\n|-damage|p2a: Kingambit|0 fnt\n|faint|p2a: Kingambit\n|-end|p2a: Kingambit|fallen3|[silent]\n|\n|upkeep\n|\n|t:|1699648679\n|switch|p2a: Mandibuzz|Mandibuzz, F|100\/100\n|turn|14\n|\n|t:|1699648683\n|move|p1a: Andy|Body Press|p2a: Mandibuzz\n|-damage|p2a: Mandibuzz|22\/100\n|move|p2a: Mandibuzz|Tailwind|p2a: Mandibuzz\n|-sidestart|p2: Marco99240202121|move: Tailwind\n|\n|upkeep\n|turn|15\n|\n|t:|1699648687\n|move|p2a: Mandibuzz|Roost|p2a: Mandibuzz\n|-heal|p2a: Mandibuzz|72\/100\n|-singleturn|p2a: Mandibuzz|move: Roost\n|move|p1a: Andy|Body Press|p2a: Mandibuzz\n|-supereffective|p2a: Mandibuzz\n|-damage|p2a: Mandibuzz|0 fnt\n|faint|p2a: Mandibuzz\n|\n|upkeep\n|\n|t:|1699648693\n|switch|p2a: Greninja|Greninja, M|100\/100\n|turn|16\n|c|\u2606Mr-Mongol|ggs\n|\n|t:|1699648738\n|-terastallize|p2a: Greninja|Poison\n|move|p2a: Greninja|Extrasensory|p1a: Andy\n|-damage|p1a: Andy|86\/100\n|move|p1a: Andy|Body Press|p2a: Greninja\n|-resisted|p2a: Greninja\n|-enditem|p2a: Greninja|Focus Sash\n|-damage|p2a: Greninja|1\/100\n|\n|upkeep\n|turn|17\n|\n|t:|1699648748\n|move|p2a: Greninja|Ice Beam|p1a: Andy\n|-resisted|p1a: Andy\n|-damage|p1a: Andy|77\/100\n|-status|p1a: Andy|frz\n|cant|p1a: Andy|frz\n|\n|-sideend|p2: Marco99240202121|move: Tailwind\n|upkeep\n|turn|18\n|c|\u2606Mr-Mongol|B R U H\n|\n|t:|1699648759\n|cant|p1a: Andy|frz\n|move|p2a: Greninja|Extrasensory|p1a: Andy\n|-damage|p1a: Andy|61\/100 frz\n|\n|upkeep\n|turn|19\n|\n|t:|1699648766\n|switch|p1a: Leyley|Zacian-Crowned|100\/100\n|-ability|p1a: Leyley|Intrepid Sword|boost\n|-boost|p1a: Leyley|atk|1\n|move|p2a: Greninja|Extrasensory|p1a: Leyley\n|-resisted|p1a: Leyley\n|-damage|p1a: Leyley|90\/100\n|\n|upkeep\n|turn|20\n|\n|t:|1699648770\n|move|p2a: Greninja|Water Shuriken|p1a: Leyley\n|-damage|p1a: Leyley|84\/100\n|-damage|p1a: Leyley|78\/100\n|-damage|p1a: Leyley|71\/100\n|-damage|p1a: Leyley|65\/100\n|-damage|p1a: Leyley|59\/100\n|-hitcount|p1a: Leyley|5\n|move|p1a: Leyley|Behemoth Blade|p2a: Greninja\n|-damage|p2a: Greninja|0 fnt\n|faint|p2a: Greninja\n|\n|win|Mr-Mongol\n|l| guzmfran\n","uploadtime":1699648782,"views":15,"p1id":"mrmongol","p2id":"marco99240202121","formatid":"gen9ubers","rating":0,"private":0,"password":""}