{"id":"gen9ubers-1982346746","p1":"Supraxd","p2":"Baiayuri123","format":"[Gen 9] Ubers","log":"|j|\u2606Supraxd\n|j|\u2606Baiayuri123\n|t:|1699001587\n|gametype|singles\n|player|p1|Supraxd|steven|1120\n|player|p2|Baiayuri123|pokemonbreeder-gen4|1058\n|teamsize|p1|6\n|teamsize|p2|6\n|gen|9\n|tier|[Gen 9] Ubers\n|rated|\n|rule|Sleep Clause Mod: Limit one foe put to sleep\n|rule|Species Clause: Limit one of each Pok\u00e9mon\n|rule|OHKO Clause: OHKO moves are banned\n|rule|Evasion Items Clause: Evasion items are banned\n|rule|Evasion Moves Clause: Evasion moves are banned\n|rule|Endless Battle Clause: Forcing endless battles is banned\n|rule|HP Percentage Mod: HP is shown in percentages\n|clearpoke\n|poke|p1|Scyther, M|\n|poke|p1|Lokix, F|\n|poke|p1|Ribombee, F|\n|poke|p1|Kleavor, F|\n|poke|p1|Volcarona, F|\n|poke|p1|Slither Wing|\n|poke|p2|Arceus-Electric|\n|poke|p2|Miraidon|\n|poke|p2|Golem-Alola, M|\n|poke|p2|Iron Thorns|\n|poke|p2|Iron Hands|\n|poke|p2|Regieleki|\n|teampreview\n|inactive|Battle timer is ON: inactive players will automatically lose when time's up. (requested by Baiayuri123)\n|l|\u2606Supraxd\n|inactive|Supraxd disconnected and has a minute to reconnect!\n|player|p1|\n|c|\u2606Baiayuri123|Nice bug team\n|j|\u2606Supraxd\n|inactive|Supraxd reconnected and has 115 seconds left.\n|player|p1|Supraxd|steven\n|\n|t:|1699001633\n|start\n|switch|p1a: Ribombee|Ribombee, F|100\/100\n|switch|p2a: Regieleki|Regieleki, shiny|100\/100\n|turn|1\n|c|\u2606Baiayuri123|Thy\n|\n|t:|1699001644\n|move|p2a: Regieleki|Reflect|p2a: Regieleki\n|-sidestart|p2: Baiayuri123|Reflect\n|move|p1a: Ribombee|Moonblast|p2a: Regieleki\n|-damage|p2a: Regieleki|41\/100\n|\n|upkeep\n|turn|2\n|\n|t:|1699001658\n|move|p2a: Regieleki|Thunder Wave|p1a: Ribombee\n|-status|p1a: Ribombee|par\n|cant|p1a: Ribombee|par\n|\n|upkeep\n|turn|3\n|\n|t:|1699001670\n|move|p2a: Regieleki|Light Screen|p2a: Regieleki\n|-sidestart|p2: Baiayuri123|move: Light Screen\n|move|p1a: Ribombee|Sticky Web|p2a: Regieleki\n|-sidestart|p2: Baiayuri123|move: Sticky Web\n|\n|upkeep\n|turn|4\n|\n|t:|1699001675\n|move|p2a: Regieleki|Rapid Spin|p1a: Ribombee\n|-damage|p1a: Ribombee|79\/100 par\n|-boost|p2a: Regieleki|spe|1\n|-sideend|p2: Baiayuri123|Sticky Web|[from] move: Rapid Spin|[of] p2a: Regieleki\n|move|p1a: Ribombee|Moonblast|p2a: Regieleki\n|-damage|p2a: Regieleki|7\/100\n|\n|upkeep\n|turn|5\n|\n|t:|1699001681\n|move|p2a: Regieleki|Rapid Spin|p1a: Ribombee\n|-damage|p1a: Ribombee|60\/100 par\n|-boost|p2a: Regieleki|spe|1\n|cant|p1a: Ribombee|par\n|\n|upkeep\n|turn|6\n|\n|t:|1699001685\n|move|p2a: Regieleki|Rapid Spin|p1a: Ribombee\n|-damage|p1a: Ribombee|38\/100 par\n|-boost|p2a: Regieleki|spe|1\n|move|p1a: Ribombee|Moonblast|p2a: Regieleki\n|-damage|p2a: Regieleki|0 fnt\n|faint|p2a: Regieleki\n|\n|upkeep\n|\n|t:|1699001691\n|switch|p2a: Iron Hands|Iron Hands, shiny|100\/100\n|turn|7\n|\n|t:|1699001706\n|cant|p1a: Ribombee|par\n|move|p2a: Iron Hands|Ice Punch|p1a: Ribombee\n|-damage|p1a: Ribombee|0 fnt\n|faint|p1a: Ribombee\n|\n|upkeep\n|\n|t:|1699001715\n|switch|p1a: Scyther|Scyther, M|100\/100\n|turn|8\n|\n|t:|1699001718\n|move|p1a: Scyther|Defog|p2a: Iron Hands\n|-unboost|p2a: Iron Hands|evasion|1\n|-sideend|p2: Baiayuri123|Reflect\n|-sideend|p2: Baiayuri123|move: Light Screen\n|move|p2a: Iron Hands|Ice Punch|p1a: Scyther\n|-supereffective|p1a: Scyther\n|-damage|p1a: Scyther|0 fnt\n|faint|p1a: Scyther\n|\n|upkeep\n|\n|t:|1699001730\n|switch|p1a: Kleavor|Kleavor, F|100\/100\n|turn|9\n|\n|t:|1699001738\n|move|p1a: Kleavor|Swords Dance|p1a: Kleavor\n|-boost|p1a: Kleavor|atk|2\n|move|p2a: Iron Hands|Ice Punch|p1a: Kleavor\n|-damage|p1a: Kleavor|47\/100\n|\n|upkeep\n|turn|10\n|\n|t:|1699001741\n|move|p1a: Kleavor|Stone Axe|p2a: Iron Hands\n|-resisted|p2a: Iron Hands\n|-damage|p2a: Iron Hands|68\/100\n|-sidestart|p2: Baiayuri123|move: Stealth Rock\n|move|p2a: Iron Hands|Ice Punch|p1a: Kleavor\n|-damage|p1a: Kleavor|0 fnt\n|faint|p1a: Kleavor\n|\n|upkeep\n|\n|t:|1699001753\n|switch|p1a: Slither Wing|Slither Wing|100\/100\n|-enditem|p1a: Slither Wing|Booster Energy\n|-activate|p1a: Slither Wing|ability: Protosynthesis|[fromitem]\n|-start|p1a: Slither Wing|protosynthesisatk\n|turn|11\n|\n|t:|1699001760\n|move|p1a: Slither Wing|Close Combat|p2a: Iron Hands\n|-damage|p2a: Iron Hands|12\/100\n|-unboost|p1a: Slither Wing|def|1\n|-unboost|p1a: Slither Wing|spd|1\n|move|p2a: Iron Hands|Ice Punch|p1a: Slither Wing\n|-damage|p1a: Slither Wing|14\/100\n|\n|upkeep\n|turn|12\n|\n|t:|1699001764\n|move|p1a: Slither Wing|Flame Charge|p2a: Iron Hands\n|-damage|p2a: Iron Hands|0 fnt\n|-boost|p1a: Slither Wing|spe|1\n|faint|p2a: Iron Hands\n|-end|p2a: Iron Hands|Quark Drive|[silent]\n|\n|upkeep\n|\n|t:|1699001768\n|switch|p2a: Miraidon|Miraidon|100\/100\n|-damage|p2a: Miraidon|88\/100|[from] Stealth Rock\n|-fieldstart|move: Electric Terrain|[from] ability: Hadron Engine|[of] p2a: Miraidon\n|turn|13\n|inactive|Supraxd has 120 seconds left.\n|\n|t:|1699001811\n|move|p1a: Slither Wing|Close Combat|p2a: Miraidon\n|-crit|p2a: Miraidon\n|-damage|p2a: Miraidon|0 fnt\n|-unboost|p1a: Slither Wing|def|1\n|-unboost|p1a: Slither Wing|spd|1\n|faint|p2a: Miraidon\n|\n|upkeep\n|\n|t:|1699001829\n|switch|p2a: Golem|Golem-Alola, M, shiny|100\/100\n|-damage|p2a: Golem|88\/100|[from] Stealth Rock\n|turn|14\n|inactive|Supraxd has 120 seconds left.\n|\n|t:|1699001837\n|move|p1a: Slither Wing|Close Combat|p2a: Golem\n|-supereffective|p2a: Golem\n|-damage|p2a: Golem|0 fnt\n|-unboost|p1a: Slither Wing|def|1\n|-unboost|p1a: Slither Wing|spd|1\n|faint|p2a: Golem\n|\n|upkeep\n|\n|t:|1699001841\n|switch|p2a: Arceus|Arceus-Electric|100\/100\n|-damage|p2a: Arceus|88\/100|[from] Stealth Rock\n|turn|15\n|inactive|Supraxd has 120 seconds left.\n|\n|t:|1699001870\n|-terastallize|p2a: Arceus|Flying\n|move|p1a: Slither Wing|Close Combat|p2a: Arceus\n|-resisted|p2a: Arceus\n|-damage|p2a: Arceus|62\/100\n|-unboost|p1a: Slither Wing|def|1\n|-unboost|p1a: Slither Wing|spd|1\n|move|p2a: Arceus|Judgment|p1a: Slither Wing\n|-damage|p1a: Slither Wing|0 fnt\n|faint|p1a: Slither Wing\n|-end|p1a: Slither Wing|Protosynthesis|[silent]\n|\n|upkeep\n|\n|t:|1699001874\n|switch|p1a: Volcarona|Volcarona, F|100\/100\n|turn|16\n|inactive|Supraxd has 120 seconds left.\n|\n|t:|1699001890\n|-terastallize|p1a: Volcarona|Grass\n|move|p2a: Arceus|Judgment|p1a: Volcarona\n|-resisted|p1a: Volcarona\n|-damage|p1a: Volcarona|76\/100\n|move|p1a: Volcarona|Quiver Dance|p1a: Volcarona\n|-boost|p1a: Volcarona|spa|1\n|-boost|p1a: Volcarona|spd|1\n|-boost|p1a: Volcarona|spe|1\n|\n|upkeep\n|turn|17\n|\n|t:|1699001901\n|move|p1a: Volcarona|Fiery Dance|p2a: Arceus\n|-crit|p2a: Arceus\n|-damage|p2a: Arceus|2\/100\n|move|p2a: Arceus|Ice Beam|p1a: Volcarona\n|-supereffective|p1a: Volcarona\n|-damage|p1a: Volcarona|44\/100\n|\n|-fieldend|move: Electric Terrain\n|upkeep\n|turn|18\n|\n|t:|1699001910\n|move|p1a: Volcarona|Fiery Dance|p2a: Arceus\n|-damage|p2a: Arceus|0 fnt\n|faint|p2a: Arceus\n|\n|upkeep\n|\n|t:|1699001913\n|switch|p2a: Iron Thorns|Iron Thorns, shiny|100\/100\n|-damage|p2a: Iron Thorns|88\/100|[from] Stealth Rock\n|turn|19\n|\n|t:|1699001920\n|move|p1a: Volcarona|Giga Drain|p2a: Iron Thorns\n|-supereffective|p2a: Iron Thorns\n|-damage|p2a: Iron Thorns|0 fnt\n|-heal|p1a: Volcarona|92\/100|[from] drain|[of] p2a: Iron Thorns\n|faint|p2a: Iron Thorns\n|-end|p2a: Iron Thorns|Quark Drive|[silent]\n|\n|win|Supraxd\n|raw|Supraxd's rating: 1120 &rarr; <strong>1141<\/strong><br \/>(+21 for winning)\n|raw|Baiayuri123's rating: 1058 &rarr; <strong>1043<\/strong><br \/>(-15 for losing)\n|c|\u2606Baiayuri123|Gg\n|l|\u2606Baiayuri123\n|c|\u2606Supraxd|Gg\n|l|\u2606Supraxd\n|j|\u2606Supraxd\n|player|p1|Supraxd|steven\n","uploadtime":1699001939,"views":11,"p1id":"supraxd","p2id":"baiayuri123","formatid":"gen9ubers","rating":1043,"private":0,"password":""}