{"id":"gen9ubers-1987362818","p1":"Dinonbk","p2":"leonissenbaum","format":"[Gen 9] Ubers","log":"|j|\u2606Dinonbk\n|j|\u2606leonissenbaum\n|t:|1699581958\n|gametype|singles\n|player|p1|Dinonbk|mira|\n|player|p2|leonissenbaum|leon|\n|teamsize|p1|6\n|teamsize|p2|6\n|gen|9\n|tier|[Gen 9] Ubers\n|rule|Sleep Clause Mod: Limit one foe put to sleep\n|rule|Species Clause: Limit one of each Pok\u00e9mon\n|rule|OHKO Clause: OHKO moves are banned\n|rule|Evasion Items Clause: Evasion items are banned\n|rule|Evasion Moves Clause: Evasion moves are banned\n|rule|Endless Battle Clause: Forcing endless battles is banned\n|rule|HP Percentage Mod: HP is shown in percentages\n|clearpoke\n|poke|p1|Cutiefly, M|\n|poke|p1|Arceus-Poison|\n|poke|p1|Gholdengo|\n|poke|p1|Basculin-White-Striped, F|\n|poke|p1|Chi-Yu|\n|poke|p1|Dialga|\n|poke|p2|Crocalor, F|\n|poke|p2|Amoonguss, M|\n|poke|p2|Ogerpon, F|\n|poke|p2|Clefable, F|\n|poke|p2|Blissey, F|\n|poke|p2|Oricorio-Pom-Pom, F|\n|teampreview\n|inactive|Battle timer is ON: inactive players will automatically lose when time's up. (requested by Dinonbk)\n|c|\u2606leonissenbaum|gl\n|c|\u2606Dinonbk|u 2\n|inactive|leonissenbaum has 270 seconds left.\n|\n|t:|1699581992\n|start\n|switch|p1a: No sticky webs|Cutiefly, M|100\/100\n|switch|p2a: Oricorio|Oricorio-Pom-Pom, F|100\/100\n|turn|1\n|j| IcyTheScreamer\n|\n|t:|1699582009\n|move|p2a: Oricorio|Quiver Dance|p2a: Oricorio\n|-boost|p2a: Oricorio|spa|1\n|-boost|p2a: Oricorio|spd|1\n|-boost|p2a: Oricorio|spe|1\n|move|p1a: No sticky webs|Sticky Web|p2a: Oricorio\n|-sidestart|p2: leonissenbaum|move: Sticky Web\n|\n|upkeep\n|turn|2\n|\n|t:|1699582014\n|move|p2a: Oricorio|Defog|p1a: No sticky webs\n|-unboost|p1a: No sticky webs|evasion|1\n|-sideend|p2: leonissenbaum|Sticky Web|[from] move: Defog|[of] p2a: Oricorio\n|move|p1a: No sticky webs|Fake Tears|p2a: Oricorio\n|-unboost|p2a: Oricorio|spd|2\n|\n|upkeep\n|turn|3\n|\n|t:|1699582024\n|move|p2a: Oricorio|Revelation Dance|p1a: No sticky webs\n|-enditem|p1a: No sticky webs|Focus Sash\n|-damage|p1a: No sticky webs|1\/100\n|move|p1a: No sticky webs|Sticky Web|p2a: Oricorio\n|-sidestart|p2: leonissenbaum|move: Sticky Web\n|\n|upkeep\n|turn|4\n|c| IcyTheScreamer|wild teams on both ends\n|\n|t:|1699582032\n|switch|p1a: Im Flying|Gholdengo|100\/100\n|-item|p1a: Im Flying|Air Balloon\n|move|p2a: Oricorio|Defog|p1a: Im Flying\n|-immune|p1a: Im Flying|[from] ability: Good as Gold\n|\n|upkeep\n|turn|5\n|\n|t:|1699582045\n|move|p2a: Oricorio|Revelation Dance|p1a: Im Flying\n|-damage|p1a: Im Flying|53\/100\n|-enditem|p1a: Im Flying|Air Balloon\n|move|p1a: Im Flying|Make It Rain|p2a: Oricorio\n|-resisted|p2a: Oricorio\n|-damage|p2a: Oricorio|44\/100\n|-unboost|p1a: Im Flying|spa|1\n|\n|upkeep\n|turn|6\n|\n|t:|1699582063\n|move|p2a: Oricorio|Roost|p2a: Oricorio\n|-heal|p2a: Oricorio|94\/100\n|-singleturn|p2a: Oricorio|move: Roost\n|move|p1a: Im Flying|Shadow Ball|p2a: Oricorio\n|-damage|p2a: Oricorio|43\/100\n|-unboost|p2a: Oricorio|spd|1\n|\n|upkeep\n|turn|7\n|inactive|leonissenbaum has 270 seconds left.\n|\n|t:|1699582093\n|switch|p2a: Blissey|Blissey, F|100\/100\n|-activate|p2a: Blissey|move: Sticky Web\n|-unboost|p2a: Blissey|spe|1\n|move|p1a: Im Flying|Shadow Ball|p2a: Blissey\n|-immune|p2a: Blissey\n|\n|upkeep\n|turn|8\n|\n|t:|1699582106\n|switch|p1a: No sticky webs|Cutiefly, M|1\/100\n|move|p2a: Blissey|Stealth Rock|p1a: No sticky webs\n|-sidestart|p1: Dinonbk|move: Stealth Rock\n|\n|upkeep\n|turn|9\n|\n|t:|1699582116\n|move|p1a: No sticky webs|U-turn|p2a: Blissey\n|-damage|p2a: Blissey|88\/100\n|\n|t:|1699582122\n|switch|p1a: Im Flying|Gholdengo|53\/100|[from] U-turn\n|-damage|p1a: Im Flying|47\/100|[from] Stealth Rock\n|move|p2a: Blissey|Shadow Ball|p1a: Im Flying\n|-supereffective|p1a: Im Flying\n|-damage|p1a: Im Flying|19\/100\n|\n|-heal|p2a: Blissey|94\/100|[from] item: Leftovers\n|upkeep\n|turn|10\n|\n|t:|1699582134\n|move|p1a: Im Flying|Recover|p1a: Im Flying\n|-heal|p1a: Im Flying|69\/100\n|move|p2a: Blissey|Shadow Ball|p1a: Im Flying\n|-supereffective|p1a: Im Flying\n|-damage|p1a: Im Flying|41\/100\n|\n|-heal|p2a: Blissey|99\/100|[from] item: Leftovers\n|upkeep\n|turn|11\n|\n|t:|1699582160\n|move|p1a: Im Flying|Nasty Plot|p1a: Im Flying\n|-boost|p1a: Im Flying|spa|2\n|move|p2a: Blissey|Shadow Ball|p1a: Im Flying\n|-supereffective|p1a: Im Flying\n|-crit|p1a: Im Flying\n|-damage|p1a: Im Flying|2\/100\n|\n|-heal|p2a: Blissey|100\/100|[from] item: Leftovers\n|upkeep\n|turn|12\n|\n|t:|1699582162\n|move|p1a: Im Flying|Recover|p1a: Im Flying\n|-heal|p1a: Im Flying|52\/100\n|move|p2a: Blissey|Shadow Ball|p1a: Im Flying\n|-supereffective|p1a: Im Flying\n|-damage|p1a: Im Flying|24\/100\n|\n|upkeep\n|turn|13\n|c|\u2606Dinonbk|Oh my\n|\n|t:|1699582172\n|move|p1a: Im Flying|Recover|p1a: Im Flying\n|-heal|p1a: Im Flying|74\/100\n|move|p2a: Blissey|Shadow Ball|p1a: Im Flying\n|-supereffective|p1a: Im Flying\n|-crit|p1a: Im Flying\n|-damage|p1a: Im Flying|30\/100\n|\n|upkeep\n|turn|14\n|c|\u2606leonissenbaum|2x crit gaming\n|c|\u2606Dinonbk|Oh my\n|\n|t:|1699582184\n|move|p1a: Im Flying|Recover|p1a: Im Flying\n|-heal|p1a: Im Flying|80\/100\n|move|p2a: Blissey|Shadow Ball|p1a: Im Flying\n|-supereffective|p1a: Im Flying\n|-damage|p1a: Im Flying|53\/100\n|\n|upkeep\n|turn|15\n|\n|t:|1699582187\n|move|p1a: Im Flying|Nasty Plot|p1a: Im Flying\n|-boost|p1a: Im Flying|spa|2\n|move|p2a: Blissey|Shadow Ball|p1a: Im Flying\n|-supereffective|p1a: Im Flying\n|-damage|p1a: Im Flying|24\/100\n|\n|upkeep\n|turn|16\n|\n|t:|1699582194\n|move|p1a: Im Flying|Recover|p1a: Im Flying\n|-heal|p1a: Im Flying|74\/100\n|move|p2a: Blissey|Shadow Ball|p1a: Im Flying\n|-supereffective|p1a: Im Flying\n|-damage|p1a: Im Flying|43\/100\n|\n|upkeep\n|turn|17\n|\n|t:|1699582208\n|move|p1a: Im Flying|Nasty Plot|p1a: Im Flying\n|-boost|p1a: Im Flying|spa|2\n|move|p2a: Blissey|Shadow Ball|p1a: Im Flying\n|-supereffective|p1a: Im Flying\n|-damage|p1a: Im Flying|17\/100\n|\n|upkeep\n|turn|18\n|c|\u2606leonissenbaum|malding about no spdef drop\n|\n|t:|1699582224\n|switch|p2a: Crocalor|Crocalor, F|100\/100\n|-activate|p2a: Crocalor|move: Sticky Web\n|-unboost|p2a: Crocalor|spe|1\n|move|p1a: Im Flying|Recover|p1a: Im Flying\n|-heal|p1a: Im Flying|67\/100\n|\n|upkeep\n|turn|19\n|c|\u2606Dinonbk|U got 2 crits\n|c| IcyTheScreamer|croc gaming\n|\n|t:|1699582238\n|move|p1a: Im Flying|Shadow Ball|p2a: Crocalor\n|-damage|p2a: Crocalor|56\/100\n|move|p2a: Crocalor|Flamethrower|p1a: Im Flying\n|-supereffective|p1a: Im Flying\n|-damage|p1a: Im Flying|7\/100\n|\n|upkeep\n|turn|20\n|c| IcyTheScreamer|no burn\n|\n|t:|1699582256\n|-terastallize|p1a: Im Flying|Normal\n|move|p1a: Im Flying|Recover|p1a: Im Flying\n|-heal|p1a: Im Flying|57\/100\n|move|p2a: Crocalor|Flamethrower|p1a: Im Flying\n|-damage|p1a: Im Flying|31\/100\n|\n|upkeep\n|turn|21\n|inactive|leonissenbaum has 270 seconds left.\n|\n|t:|1699582284\n|move|p1a: Im Flying|Recover|p1a: Im Flying\n|-heal|p1a: Im Flying|81\/100\n|move|p2a: Crocalor|Slack Off|p2a: Crocalor\n|-heal|p2a: Crocalor|100\/100\n|\n|upkeep\n|turn|22\n|\n|t:|1699582290\n|move|p1a: Im Flying|Shadow Ball|p2a: Crocalor\n|-crit|p2a: Crocalor\n|-damage|p2a: Crocalor|37\/100\n|move|p2a: Crocalor|Flamethrower|p1a: Im Flying\n|-damage|p1a: Im Flying|55\/100\n|\n|upkeep\n|turn|23\n|\n|t:|1699582302\n|move|p1a: Im Flying|Shadow Ball|p2a: Crocalor\n|-damage|p2a: Crocalor|0 fnt\n|faint|p2a: Crocalor\n|\n|upkeep\n|\n|t:|1699582310\n|switch|p2a: Clefable|Clefable, F|100\/100\n|-activate|p2a: Clefable|move: Sticky Web\n|-unboost|p2a: Clefable|spe|1\n|turn|24\n|\n|t:|1699582322\n|-terastallize|p2a: Clefable|Dark\n|move|p1a: Im Flying|Make It Rain|p2a: Clefable\n|-damage|p2a: Clefable|55\/100\n|-unboost|p1a: Im Flying|spa|1\n|move|p2a: Clefable|Calm Mind|p2a: Clefable\n|-boost|p2a: Clefable|spa|1\n|-boost|p2a: Clefable|spd|1\n|\n|-heal|p2a: Clefable|61\/100|[from] item: Leftovers\n|upkeep\n|turn|25\n|c| IcyTheScreamer|no more croc :(\n|\n|t:|1699582336\n|switch|p1a: Roar UwU|Dialga|100\/100\n|-damage|p1a: Roar UwU|94\/100|[from] Stealth Rock\n|-ability|p1a: Roar UwU|Pressure\n|move|p2a: Clefable|Wish|p2a: Clefable\n|\n|-heal|p2a: Clefable|67\/100|[from] item: Leftovers\n|upkeep\n|turn|26\n|c|\u2606leonissenbaum|croc gaming is so joever\n|\n|t:|1699582350\n|move|p2a: Clefable|Protect|p2a: Clefable\n|-singleturn|p2a: Clefable|Protect\n|move|p1a: Roar UwU|Roar|p2a: Clefable\n|drag|p2a: Amoonguss|Amoonguss, M|100\/100\n|-activate|p2a: Amoonguss|move: Sticky Web\n|-unboost|p2a: Amoonguss|spe|1\n|\n|upkeep\n|turn|27\n|\n|t:|1699582363\n|switch|p1a: No sticky webs|Cutiefly, M|1\/100\n|-damage|p1a: No sticky webs|0 fnt|[from] Stealth Rock\n|faint|p1a: No sticky webs\n|move|p2a: Amoonguss|Spore|p1: No sticky webs|[notarget]\n|-fail|p2a: Amoonguss\n|\n|upkeep\n|\n|t:|1699582374\n|switch|p1a: Firefish|Chi-Yu|100\/100\n|-damage|p1a: Firefish|76\/100|[from] Stealth Rock\n|-ability|p1a: Firefish|Beads of Ruin\n|turn|28\n|\n|t:|1699582386\n|switch|p2a: Blissey|Blissey, F|100\/100\n|-activate|p2a: Blissey|move: Sticky Web\n|-unboost|p2a: Blissey|spe|1\n|move|p1a: Firefish|Fire Blast|p2a: Blissey\n|-damage|p2a: Blissey|66\/100\n|\n|-heal|p2a: Blissey|72\/100|[from] item: Leftovers\n|upkeep\n|turn|29\n|c| IcyTheScreamer|funny fish gaming?\n|\n|t:|1699582412\n|switch|p1a: Basic B-|Arceus-Poison|100\/100\n|-damage|p1a: Basic B-|88\/100|[from] Stealth Rock\n|move|p2a: Blissey|Seismic Toss|p1a: Basic B-\n|-damage|p1a: Basic B-|66\/100\n|\n|-heal|p2a: Blissey|79\/100|[from] item: Leftovers\n|upkeep\n|turn|30\n|inactive|Dinonbk has 270 seconds left.\n|\n|t:|1699582432\n|switch|p2a: Amoonguss|Amoonguss, M|100\/100\n|-activate|p2a: Amoonguss|move: Sticky Web\n|-unboost|p2a: Amoonguss|spe|1\n|move|p1a: Basic B-|Dragon Dance|p1a: Basic B-\n|-boost|p1a: Basic B-|atk|1\n|-boost|p1a: Basic B-|spe|1\n|\n|upkeep\n|turn|31\n|\n|t:|1699582442\n|move|p1a: Basic B-|Poison Jab|p2a: Amoonguss\n|-damage|p2a: Amoonguss|42\/100\n|-damage|p1a: Basic B-|49\/100|[from] item: Rocky Helmet|[of] p2a: Amoonguss\n|move|p2a: Amoonguss|Spore|p1a: Basic B-\n|-status|p1a: Basic B-|slp|[from] move: Spore\n|\n|upkeep\n|turn|32\n|inactive|leonissenbaum has 270 seconds left.\n|c|\u2606Dinonbk|that amoonguss is my number 1 enemt\n|c| IcyTheScreamer|funny mushroom gaming\n|inactive|leonissenbaum has 240 seconds left.\n|\n|t:|1699582515\n|switch|p2a: Clefable|Clefable, F, tera:Dark|67\/100\n|-activate|p2a: Clefable|move: Sticky Web\n|-unboost|p2a: Clefable|spe|1\n|cant|p1a: Basic B-|slp\n|\n|-heal|p2a: Clefable|73\/100|[from] item: Leftovers\n|upkeep\n|turn|33\n|\n|t:|1699582528\n|cant|p1a: Basic B-|slp\n|move|p2a: Clefable|Wish|p2a: Clefable\n|\n|-heal|p2a: Clefable|79\/100|[from] item: Leftovers\n|upkeep\n|turn|34\n|\n|t:|1699582532\n|cant|p1a: Basic B-|slp\n|move|p2a: Clefable|Calm Mind|p2a: Clefable\n|-boost|p2a: Clefable|spa|1\n|-boost|p2a: Clefable|spd|1\n|\n|-heal|p2a: Clefable|100\/100|[from] move: Wish|[wisher] Clefable\n|upkeep\n|turn|35\n|\n|t:|1699582538\n|switch|p1a: Roar UwU|Dialga|94\/100\n|-damage|p1a: Roar UwU|88\/100|[from] Stealth Rock\n|-ability|p1a: Roar UwU|Pressure\n|move|p2a: Clefable|Calm Mind|p2a: Clefable\n|-boost|p2a: Clefable|spa|1\n|-boost|p2a: Clefable|spd|1\n|\n|upkeep\n|turn|36\n|\n|t:|1699582545\n|move|p2a: Clefable|Moonblast|p1a: Roar UwU\n|-damage|p1a: Roar UwU|30\/100\n|move|p1a: Roar UwU|Roar|p2a: Clefable\n|drag|p2a: Ogerpon|Ogerpon, F|100\/100\n|-activate|p2a: Ogerpon|move: Sticky Web\n|-unboost|p2a: Ogerpon|spe|1\n|-ability|p2a: Ogerpon|Defiant|boost\n|-boost|p2a: Ogerpon|atk|2\n|\n|upkeep\n|turn|37\n|inactive|leonissenbaum has 270 seconds left.\n|\n|t:|1699582558\n|move|p1a: Roar UwU|Fire Blast|p2a: Ogerpon\n|-supereffective|p2a: Ogerpon\n|-damage|p2a: Ogerpon|40\/100\n|move|p2a: Ogerpon|Knock Off|p1a: Roar UwU\n|-damage|p1a: Roar UwU|0 fnt\n|-enditem|p1a: Roar UwU|Covert Cloak|[from] move: Knock Off|[of] p2a: Ogerpon\n|faint|p1a: Roar UwU\n|\n|-heal|p2a: Ogerpon|47\/100|[from] item: Leftovers\n|upkeep\n|\n|t:|1699582565\n|switch|p1a: Basic B-|Arceus-Poison|49\/100 slp\n|-damage|p1a: Basic B-|37\/100 slp|[from] Stealth Rock\n|turn|38\n|c|\u2606leonissenbaum|covert cloak woah\n|\n|t:|1699582576\n|switch|p2a: Amoonguss|Amoonguss, M|75\/100\n|-activate|p2a: Amoonguss|move: Sticky Web\n|-unboost|p2a: Amoonguss|spe|1\n|-curestatus|p1a: Basic B-|slp|[msg]\n|move|p1a: Basic B-|Recover|p1a: Basic B-\n|-heal|p1a: Basic B-|87\/100\n|\n|upkeep\n|turn|39\n|\n|t:|1699582584\n|switch|p1a: Im Flying|Gholdengo, tera:Normal|55\/100\n|-damage|p1a: Im Flying|43\/100|[from] Stealth Rock\n|move|p2a: Amoonguss|Spore|p1a: Im Flying\n|-immune|p1a: Im Flying|[from] ability: Good as Gold\n|\n|upkeep\n|turn|40\n|\n|t:|1699582598\n|switch|p2a: Blissey|Blissey, F|79\/100\n|-activate|p2a: Blissey|move: Sticky Web\n|-unboost|p2a: Blissey|spe|1\n|move|p1a: Im Flying|Nasty Plot|p1a: Im Flying\n|-boost|p1a: Im Flying|spa|2\n|\n|-heal|p2a: Blissey|85\/100|[from] item: Leftovers\n|upkeep\n|turn|41\n|\n|t:|1699582607\n|move|p1a: Im Flying|Make It Rain|p2a: Blissey\n|-damage|p2a: Blissey|42\/100\n|-unboost|p1a: Im Flying|spa|1\n|move|p2a: Blissey|Seismic Toss|p1a: Im Flying\n|-damage|p1a: Im Flying|16\/100\n|\n|-heal|p2a: Blissey|49\/100|[from] item: Leftovers\n|upkeep\n|turn|42\n|\n|t:|1699582615\n|move|p1a: Im Flying|Make It Rain|p2a: Blissey\n|-damage|p2a: Blissey|15\/100\n|-unboost|p1a: Im Flying|spa|1\n|move|p2a: Blissey|Soft-Boiled|p2a: Blissey\n|-heal|p2a: Blissey|65\/100\n|\n|-heal|p2a: Blissey|71\/100|[from] item: Leftovers\n|upkeep\n|turn|43\n|\n|t:|1699582625\n|move|p1a: Im Flying|Nasty Plot|p1a: Im Flying\n|-boost|p1a: Im Flying|spa|2\n|move|p2a: Blissey|Soft-Boiled|p2a: Blissey\n|-heal|p2a: Blissey|100\/100\n|\n|upkeep\n|turn|44\n|\n|t:|1699582639\n|move|p1a: Im Flying|Make It Rain|p2a: Blissey\n|-damage|p2a: Blissey|55\/100\n|-unboost|p1a: Im Flying|spa|1\n|move|p2a: Blissey|Seismic Toss|p1a: Im Flying\n|-damage|p1a: Im Flying|0 fnt\n|faint|p1a: Im Flying\n|\n|-heal|p2a: Blissey|62\/100|[from] item: Leftovers\n|upkeep\n|\n|t:|1699582647\n|switch|p1a: Basic B-|Arceus-Poison|87\/100\n|-damage|p1a: Basic B-|74\/100|[from] Stealth Rock\n|turn|45\n|\n|t:|1699582651\n|switch|p2a: Amoonguss|Amoonguss, M|100\/100\n|-activate|p2a: Amoonguss|move: Sticky Web\n|-unboost|p2a: Amoonguss|spe|1\n|move|p1a: Basic B-|Dragon Dance|p1a: Basic B-\n|-boost|p1a: Basic B-|atk|1\n|-boost|p1a: Basic B-|spe|1\n|\n|upkeep\n|turn|46\n|c| IcyTheScreamer|funny mushroom\n|inactive|Dinonbk has 270 seconds left.\n|c| IcyTheScreamer|hehe\n|\n|t:|1699582694\n|move|p1a: Basic B-|Dragon Dance|p1a: Basic B-\n|-boost|p1a: Basic B-|atk|1\n|-boost|p1a: Basic B-|spe|1\n|move|p2a: Amoonguss|Spore|p1a: Basic B-\n|-status|p1a: Basic B-|slp|[from] move: Spore\n|\n|upkeep\n|turn|47\n|\n|t:|1699582703\n|switch|p2a: Clefable|Clefable, F, tera:Dark|100\/100\n|-activate|p2a: Clefable|move: Sticky Web\n|-unboost|p2a: Clefable|spe|1\n|cant|p1a: Basic B-|slp\n|\n|upkeep\n|turn|48\n|\n|t:|1699582705\n|-curestatus|p1a: Basic B-|slp|[msg]\n|move|p1a: Basic B-|Poison Jab|p2a: Clefable\n|-damage|p2a: Clefable|46\/100\n|-status|p2a: Clefable|psn\n|move|p2a: Clefable|Calm Mind|p2a: Clefable\n|-boost|p2a: Clefable|spa|1\n|-boost|p2a: Clefable|spd|1\n|\n|-heal|p2a: Clefable|52\/100 psn|[from] item: Leftovers\n|-damage|p2a: Clefable|39\/100 psn|[from] psn\n|upkeep\n|turn|49\n|c|\u2606leonissenbaum|oof\n|c|\u2606leonissenbaum|i think that's gg\n|\n|t:|1699582723\n|move|p1a: Basic B-|Poison Jab|p2a: Clefable\n|-damage|p2a: Clefable|0 fnt\n|faint|p2a: Clefable\n|\n|upkeep\n|c|\u2606Dinonbk|Hey u never know\n|\n|t:|1699582737\n|switch|p2a: Amoonguss|Amoonguss, M|100\/100\n|-activate|p2a: Amoonguss|move: Sticky Web\n|-unboost|p2a: Amoonguss|spe|1\n|turn|50\n|\n|t:|1699582741\n|move|p1a: Basic B-|Poison Jab|p2a: Amoonguss\n|-damage|p2a: Amoonguss|22\/100\n|-damage|p1a: Basic B-|57\/100|[from] item: Rocky Helmet|[of] p2a: Amoonguss\n|move|p2a: Amoonguss|Spore|p1a: Basic B-\n|-status|p1a: Basic B-|slp|[from] move: Spore\n|\n|upkeep\n|turn|51\n|c| IcyTheScreamer|funny god llama gaming?\n|\n|t:|1699582754\n|cant|p1a: Basic B-|slp\n|move|p2a: Amoonguss|Synthesis|p2a: Amoonguss\n|-heal|p2a: Amoonguss|72\/100\n|\n|upkeep\n|turn|52\n|\n|t:|1699582761\n|switch|p2a: Oricorio|Oricorio-Pom-Pom, F|43\/100\n|cant|p1a: Basic B-|slp\n|\n|upkeep\n|turn|53\n|c| IcyTheScreamer|( i swear i have more intereting commentary)\n|\n|t:|1699582769\n|cant|p1a: Basic B-|slp\n|move|p2a: Oricorio|Revelation Dance|p1a: Basic B-\n|-damage|p1a: Basic B-|38\/100 slp\n|\n|upkeep\n|turn|54\n|\n|t:|1699582791\n|-curestatus|p1a: Basic B-|slp|[msg]\n|move|p1a: Basic B-|Poison Jab|p2a: Oricorio\n|-damage|p2a: Oricorio|0 fnt\n|faint|p2a: Oricorio\n|\n|upkeep\n|\n|t:|1699582793\n|switch|p2a: Amoonguss|Amoonguss, M|100\/100\n|-activate|p2a: Amoonguss|move: Sticky Web\n|-unboost|p2a: Amoonguss|spe|1\n|turn|55\n|\n|t:|1699582806\n|move|p1a: Basic B-|Recover|p1a: Basic B-\n|-heal|p1a: Basic B-|88\/100\n|move|p2a: Amoonguss|Spore|p1a: Basic B-\n|-status|p1a: Basic B-|slp|[from] move: Spore\n|\n|upkeep\n|turn|56\n|\n|t:|1699582817\n|switch|p2a: Blissey|Blissey, F|62\/100\n|-activate|p2a: Blissey|move: Sticky Web\n|-unboost|p2a: Blissey|spe|1\n|cant|p1a: Basic B-|slp\n|\n|-heal|p2a: Blissey|68\/100|[from] item: Leftovers\n|upkeep\n|turn|57\n|\n|t:|1699582820\n|cant|p1a: Basic B-|slp\n|move|p2a: Blissey|Seismic Toss|p1a: Basic B-\n|-damage|p1a: Basic B-|66\/100 slp\n|\n|-heal|p2a: Blissey|74\/100|[from] item: Leftovers\n|upkeep\n|turn|58\n|\n|t:|1699582830\n|switch|p2a: Amoonguss|Amoonguss, M|100\/100\n|-activate|p2a: Amoonguss|move: Sticky Web\n|-unboost|p2a: Amoonguss|spe|1\n|-curestatus|p1a: Basic B-|slp|[msg]\n|move|p1a: Basic B-|Poison Jab|p2a: Amoonguss\n|-damage|p2a: Amoonguss|30\/100\n|-damage|p1a: Basic B-|49\/100|[from] item: Rocky Helmet|[of] p2a: Amoonguss\n|\n|upkeep\n|turn|59\n|\n|t:|1699582836\n|move|p1a: Basic B-|Poison Jab|p2a: Amoonguss\n|-damage|p2a: Amoonguss|0 fnt\n|-damage|p1a: Basic B-|32\/100|[from] item: Rocky Helmet|[of] p2a: Amoonguss\n|faint|p2a: Amoonguss\n|\n|upkeep\n|\n|t:|1699582839\n|switch|p2a: Blissey|Blissey, F|74\/100\n|-activate|p2a: Blissey|move: Sticky Web\n|-unboost|p2a: Blissey|spe|1\n|turn|60\n|c|\u2606Dinonbk|thats gg\n|\n|t:|1699582846\n|move|p1a: Basic B-|Poison Jab|p2a: Blissey\n|-damage|p2a: Blissey|0 fnt\n|faint|p2a: Blissey\n|\n|upkeep\n|\n|t:|1699582849\n|switch|p2a: Ogerpon|Ogerpon, F|47\/100\n|-activate|p2a: Ogerpon|move: Sticky Web\n|-unboost|p2a: Ogerpon|spe|1\n|-ability|p2a: Ogerpon|Defiant|boost\n|-boost|p2a: Ogerpon|atk|2\n|turn|61\n|c|\u2606leonissenbaum|gg\n|\n|t:|1699582854\n|move|p1a: Basic B-|Poison Jab|p2a: Ogerpon\n|-supereffective|p2a: Ogerpon\n|-damage|p2a: Ogerpon|0 fnt\n|faint|p2a: Ogerpon\n|\n|win|Dinonbk\n|c| IcyTheScreamer|onto game 3\n|l| IcyTheScreamer\n|c|\u2606Dinonbk|have u been saving the replays bc\n","uploadtime":1699582861,"views":62,"p1id":"dinonbk","p2id":"leonissenbaum","formatid":"gen9ubers","rating":0,"private":0,"password":""}