{"id":"gen9ubers-1978496002","p1":"Sificon~","p2":"PrinceOfAllTacos","format":"[Gen 9] Ubers","log":"|j|\u2606Sificon~\n|j|\u2606PrinceOfAllTacos\n|inactive|Battle timer is ON: inactive players will automatically lose when time's up.\n|t:|1698546515\n|gametype|singles\n|player|p1|Sificon~|#sificon|\n|player|p2|PrinceOfAllTacos|#rbtt6teammewtwo|\n|teamsize|p1|6\n|teamsize|p2|6\n|gen|9\n|tier|[Gen 9] Ubers\n|rated|Tournament battle\n|rule|Sleep Clause Mod: Limit one foe put to sleep\n|rule|Species Clause: Limit one of each Pok\u00e9mon\n|rule|OHKO Clause: OHKO moves are banned\n|rule|Evasion Items Clause: Evasion items are banned\n|rule|Evasion Moves Clause: Evasion moves are banned\n|rule|Endless Battle Clause: Forcing endless battles is banned\n|rule|HP Percentage Mod: HP is shown in percentages\n|clearpoke\n|poke|p1|Gliscor, F|\n|poke|p1|Arceus-Water|\n|poke|p1|Zacian-*|\n|poke|p1|Ting-Lu|\n|poke|p1|Koraidon|\n|poke|p1|Eternatus|\n|poke|p2|Arceus|\n|poke|p2|Corviknight, F|\n|poke|p2|Koraidon|\n|poke|p2|Skeledirge, F|\n|poke|p2|Clodsire, F|\n|poke|p2|Flutter Mane|\n|teampreview\n|j|*Lady Monita \u263d\n|inactive|Sificon~ also wants the timer to be on.\n|j| DrGreen3339\n|c|\u2606Sificon~|hf\n|\n|t:|1698546534\n|start\n|switch|p1a: Gliscor|Gliscor, F|100\/100\n|switch|p2a: Koraidon|Koraidon|100\/100\n|-weather|SunnyDay|[from] ability: Orichalcum Pulse|[of] p2a: Koraidon\n|-activate|p2a: Koraidon|Orichalcum Pulse|[source]\n|turn|1\n|\n|t:|1698546540\n|move|p1a: Gliscor|Protect|p1a: Gliscor\n|-singleturn|p1a: Gliscor|Protect\n|move|p2a: Koraidon|Taunt|p1a: Gliscor\n|-activate|p1a: Gliscor|move: Protect\n|\n|-weather|SunnyDay|[upkeep]\n|-status|p1a: Gliscor|tox|[from] item: Toxic Orb\n|upkeep\n|turn|2\n|c|\u2606PrinceOfAllTacos|you too\n|l| DrGreen3339\n|\n|t:|1698546554\n|move|p2a: Koraidon|Taunt|p1a: Gliscor\n|-start|p1a: Gliscor|move: Taunt\n|move|p1a: Gliscor|Earthquake|p2a: Koraidon\n|-damage|p2a: Koraidon|70\/100\n|\n|-weather|SunnyDay|[upkeep]\n|upkeep\n|turn|3\n|\n|t:|1698546558\n|move|p2a: Koraidon|Swords Dance|p2a: Koraidon\n|-boost|p2a: Koraidon|atk|2\n|move|p1a: Gliscor|Earthquake|p2a: Koraidon\n|-damage|p2a: Koraidon|43\/100\n|\n|-weather|SunnyDay|[upkeep]\n|upkeep\n|turn|4\n|\n|t:|1698546580\n|switch|p1a: Zacian|Zacian-Crowned|100\/100\n|-ability|p1a: Zacian|Intrepid Sword|boost\n|-boost|p1a: Zacian|atk|1\n|move|p2a: Koraidon|Scale Shot|p1a: Zacian\n|-immune|p1a: Zacian\n|\n|-weather|SunnyDay|[upkeep]\n|upkeep\n|turn|5\n|\n|t:|1698546587\n|switch|p2a: Skeledirge|Skeledirge, F|100\/100\n|move|p1a: Zacian|Play Rough|p2a: Skeledirge\n|-resisted|p2a: Skeledirge\n|-damage|p2a: Skeledirge|86\/100\n|\n|-weather|none\n|upkeep\n|turn|6\n|c|\u2606PrinceOfAllTacos|rude\n|\n|t:|1698546602\n|switch|p1a: Arceus|Arceus-Water|100\/100\n|move|p2a: Skeledirge|Torch Song|p1a: Arceus\n|-resisted|p1a: Arceus\n|-damage|p1a: Arceus|90\/100\n|-boost|p2a: Skeledirge|spa|1\n|\n|upkeep\n|turn|7\n|c|\u2606Sificon~|sorry\n|c|\u2606Sificon~|(im not)\n|\n|t:|1698546615\n|switch|p2a: Clodsire|Clodsire, F|100\/100\n|move|p1a: Arceus|Stealth Rock|p2a: Clodsire\n|-sidestart|p2: PrinceOfAllTacos|move: Stealth Rock\n|\n|upkeep\n|turn|8\n|c|\u2606PrinceOfAllTacos|very rood\n|inactive|Sificon~ has 120 seconds left.\n|j| Royal5888\n|\n|t:|1698546641\n|switch|p1a: Gliscor|Gliscor, F|100\/100 tox\n|move|p2a: Clodsire|Spikes|p1a: Gliscor\n|-sidestart|p1: Sificon~|Spikes\n|\n|upkeep\n|turn|9\n|\n|t:|1698546647\n|switch|p2a: Corviknight|Corviknight, F|100\/100\n|-damage|p2a: Corviknight|88\/100|[from] Stealth Rock\n|-ability|p2a: Corviknight|Pressure\n|move|p1a: Gliscor|Spikes|p2a: Corviknight\n|-sidestart|p2: PrinceOfAllTacos|Spikes\n|\n|-heal|p2a: Corviknight|94\/100|[from] item: Leftovers\n|upkeep\n|turn|10\n|\n|t:|1698546653\n|move|p1a: Gliscor|Spikes|p2a: Corviknight\n|-sidestart|p2: PrinceOfAllTacos|Spikes\n|move|p2a: Corviknight|Defog|p1a: Gliscor\n|-unboost|p1a: Gliscor|evasion|1\n|-sideend|p1: Sificon~|Spikes|[from] move: Defog|[of] p2a: Corviknight\n|-sideend|p2: PrinceOfAllTacos|Spikes|[from] move: Defog|[of] p2a: Corviknight\n|-sideend|p2: PrinceOfAllTacos|Stealth Rock|[from] move: Defog|[of] p2a: Corviknight\n|\n|-heal|p2a: Corviknight|100\/100|[from] item: Leftovers\n|upkeep\n|turn|11\n|\n|t:|1698546655\n|move|p1a: Gliscor|Spikes|p2a: Corviknight\n|-sidestart|p2: PrinceOfAllTacos|Spikes\n|move|p2a: Corviknight|U-turn|p1a: Gliscor\n|-resisted|p1a: Gliscor\n|-damage|p1a: Gliscor|96\/100 tox\n|\n|t:|1698546661\n|switch|p2a: Arceus|Arceus|100\/100|[from] U-turn\n|-damage|p2a: Arceus|88\/100|[from] Spikes\n|\n|-heal|p1a: Gliscor|100\/100 tox|[from] ability: Poison Heal\n|upkeep\n|turn|12\n|\n|t:|1698546678\n|switch|p2a: Corviknight|Corviknight, F|100\/100\n|-ability|p2a: Corviknight|Pressure\n|move|p1a: Gliscor|Toxic|p2a: Corviknight\n|-immune|p2a: Corviknight\n|\n|upkeep\n|turn|13\n|inactive|Sificon~ has 120 seconds left.\n|\n|t:|1698546706\n|switch|p1a: Arceus|Arceus-Water|90\/100\n|move|p2a: Corviknight|Defog|p1a: Arceus\n|-unboost|p1a: Arceus|evasion|1\n|-sideend|p2: PrinceOfAllTacos|Spikes|[from] move: Defog|[of] p2a: Corviknight\n|\n|upkeep\n|turn|14\n|\n|t:|1698546712\n|switch|p2a: Clodsire|Clodsire, F|100\/100\n|move|p1a: Arceus|Will-O-Wisp|p2a: Clodsire\n|-status|p2a: Clodsire|brn\n|\n|-damage|p2a: Clodsire|94\/100 brn|[from] brn\n|upkeep\n|turn|15\n|\n|t:|1698546718\n|switch|p1a: Gliscor|Gliscor, F|100\/100 tox\n|switch|p2a: Flutter Mane|Flutter Mane|100\/100\n|\n|upkeep\n|turn|16\n|\n|t:|1698546730\n|move|p1a: Gliscor|Protect|p1a: Gliscor\n|-singleturn|p1a: Gliscor|Protect\n|move|p2a: Flutter Mane|Moonblast|p1a: Gliscor\n|-activate|p1a: Gliscor|move: Protect\n|\n|upkeep\n|turn|17\n|\n|t:|1698546735\n|switch|p1a: Eternatus|Eternatus|100\/100\n|-ability|p1a: Eternatus|Pressure\n|move|p2a: Flutter Mane|Moonblast|p1a: Eternatus\n|-damage|p1a: Eternatus|68\/100\n|\n|upkeep\n|turn|18\n|\n|t:|1698546739\n|-end|p2a: Flutter Mane|Protosynthesis|[silent]\n|switch|p2a: Clodsire|Clodsire, F|94\/100 brn\n|move|p1a: Eternatus|Recover|p1a: Eternatus\n|-heal|p1a: Eternatus|100\/100\n|\n|-heal|p2a: Clodsire|100\/100 brn|[from] item: Leftovers\n|-damage|p2a: Clodsire|94\/100 brn|[from] brn\n|upkeep\n|turn|19\n|\n|t:|1698546743\n|switch|p1a: Gliscor|Gliscor, F|100\/100 tox\n|move|p2a: Clodsire|Spikes|p1a: Gliscor\n|-sidestart|p1: Sificon~|Spikes\n|\n|-heal|p2a: Clodsire|100\/100 brn|[from] item: Leftovers\n|-damage|p2a: Clodsire|94\/100 brn|[from] brn\n|upkeep\n|turn|20\n|inactive|Sificon~ has 120 seconds left.\n|\n|t:|1698546780\n|move|p1a: Gliscor|Spikes|p2a: Clodsire\n|-sidestart|p2: PrinceOfAllTacos|Spikes\n|move|p2a: Clodsire|Spikes|p1a: Gliscor\n|-sidestart|p1: Sificon~|Spikes\n|\n|-heal|p2a: Clodsire|100\/100 brn|[from] item: Leftovers\n|-damage|p2a: Clodsire|94\/100 brn|[from] brn\n|upkeep\n|turn|21\n|\n|t:|1698546784\n|switch|p2a: Corviknight|Corviknight, F|100\/100\n|-ability|p2a: Corviknight|Pressure\n|move|p1a: Gliscor|Spikes|p2a: Corviknight\n|-sidestart|p2: PrinceOfAllTacos|Spikes\n|\n|upkeep\n|turn|22\n|\n|t:|1698546789\n|switch|p1a: Eternatus|Eternatus|100\/100\n|-ability|p1a: Eternatus|Pressure\n|move|p2a: Corviknight|U-turn|p1a: Eternatus\n|-resisted|p1a: Eternatus\n|-damage|p1a: Eternatus|95\/100\n|\n|t:|1698546796\n|switch|p2a: Arceus|Arceus|88\/100|[from] U-turn\n|-damage|p2a: Arceus|71\/100|[from] Spikes\n|\n|upkeep\n|turn|23\n|\n|t:|1698546804\n|move|p1a: Eternatus|Toxic|p2a: Arceus\n|-status|p2a: Arceus|tox\n|move|p2a: Arceus|Swords Dance|p2a: Arceus\n|-boost|p2a: Arceus|atk|2\n|\n|-damage|p2a: Arceus|65\/100 tox|[from] psn\n|upkeep\n|turn|24\n|\n|t:|1698546807\n|switch|p1a: Gliscor|Gliscor, F|100\/100 tox\n|move|p2a: Arceus|Extreme Speed|p1a: Gliscor\n|-damage|p1a: Gliscor|40\/100 tox\n|\n|-damage|p2a: Arceus|53\/100 tox|[from] psn\n|-heal|p1a: Gliscor|52\/100 tox|[from] ability: Poison Heal\n|upkeep\n|turn|25\n|\n|t:|1698546810\n|move|p1a: Gliscor|Protect|p1a: Gliscor\n|-singleturn|p1a: Gliscor|Protect\n|move|p2a: Arceus|Swords Dance|p2a: Arceus\n|-boost|p2a: Arceus|atk|2\n|\n|-damage|p2a: Arceus|35\/100 tox|[from] psn\n|-heal|p1a: Gliscor|65\/100 tox|[from] ability: Poison Heal\n|upkeep\n|turn|26\n|\n|t:|1698546817\n|switch|p1a: Ting-Lu|Ting-Lu|100\/100\n|-damage|p1a: Ting-Lu|84\/100|[from] Spikes\n|-ability|p1a: Ting-Lu|Vessel of Ruin\n|move|p2a: Arceus|Extreme Speed|p1a: Ting-Lu\n|-damage|p1a: Ting-Lu|4\/100\n|\n|-heal|p1a: Ting-Lu|10\/100|[from] item: Leftovers\n|-damage|p2a: Arceus|11\/100 tox|[from] psn\n|upkeep\n|turn|27\n|\n|t:|1698546821\n|move|p2a: Arceus|Recover|p2a: Arceus\n|-heal|p2a: Arceus|61\/100 tox\n|move|p1a: Ting-Lu|Spikes|p2a: Arceus\n|-sidestart|p2: PrinceOfAllTacos|Spikes\n|\n|-heal|p1a: Ting-Lu|16\/100|[from] item: Leftovers\n|-damage|p2a: Arceus|30\/100 tox|[from] psn\n|upkeep\n|turn|28\n|\n|t:|1698546846\n|move|p2a: Arceus|Extreme Speed|p1a: Ting-Lu\n|-damage|p1a: Ting-Lu|0 fnt\n|faint|p1a: Ting-Lu\n|\n|-damage|p2a: Arceus|0 fnt|[from] psn\n|faint|p2a: Arceus\n|upkeep\n|\n|t:|1698546859\n|switch|p2a: Flutter Mane|Flutter Mane|100\/100\n|switch|p1a: Koraidon|Koraidon|100\/100\n|-damage|p1a: Koraidon|84\/100|[from] Spikes\n|-weather|SunnyDay|[from] ability: Orichalcum Pulse|[of] p1a: Koraidon\n|-activate|p2a: Flutter Mane|ability: Protosynthesis\n|-start|p2a: Flutter Mane|protosynthesisspa\n|-activate|p1a: Koraidon|Orichalcum Pulse|[source]\n|-damage|p2a: Flutter Mane|76\/100|[from] Spikes\n|turn|29\n|inactive|Sificon~ has 120 seconds left.\n|\n|t:|1698546880\n|move|p1a: Koraidon|Flare Blitz|p2a: Flutter Mane\n|-damage|p2a: Flutter Mane|0 fnt\n|faint|p2a: Flutter Mane\n|-end|p2a: Flutter Mane|Protosynthesis|[silent]\n|-damage|p1a: Koraidon|66\/100|[from] Recoil\n|\n|-weather|SunnyDay|[upkeep]\n|upkeep\n|\n|t:|1698546883\n|switch|p2a: Skeledirge|Skeledirge, F|86\/100\n|turn|30\n|inactive|Sificon~ has 120 seconds left.\n|\n|t:|1698546898\n|switch|p1a: Arceus|Arceus-Water|90\/100\n|-damage|p1a: Arceus|73\/100|[from] Spikes\n|move|p2a: Skeledirge|Will-O-Wisp|p1a: Arceus\n|-status|p1a: Arceus|brn\n|\n|-weather|SunnyDay|[upkeep]\n|-damage|p1a: Arceus|67\/100 brn|[from] brn\n|upkeep\n|turn|31\n|\n|t:|1698546903\n|switch|p2a: Clodsire|Clodsire, F|94\/100 brn\n|-damage|p2a: Clodsire|69\/100 brn|[from] Spikes\n|move|p1a: Arceus|Stealth Rock|p2a: Clodsire\n|-sidestart|p2: PrinceOfAllTacos|move: Stealth Rock\n|\n|-weather|SunnyDay|[upkeep]\n|-heal|p2a: Clodsire|75\/100 brn|[from] item: Leftovers\n|-damage|p1a: Arceus|61\/100 brn|[from] brn\n|-damage|p2a: Clodsire|69\/100 brn|[from] brn\n|upkeep\n|turn|32\n|\n|t:|1698546907\n|switch|p1a: Gliscor|Gliscor, F|65\/100 tox\n|move|p2a: Clodsire|Spikes|p1a: Gliscor\n|-sidestart|p1: Sificon~|Spikes\n|\n|-weather|SunnyDay|[upkeep]\n|-heal|p2a: Clodsire|75\/100 brn|[from] item: Leftovers\n|-heal|p1a: Gliscor|77\/100 tox|[from] ability: Poison Heal\n|-damage|p2a: Clodsire|69\/100 brn|[from] brn\n|upkeep\n|turn|33\n|\n|t:|1698546912\n|switch|p2a: Corviknight|Corviknight, F|100\/100\n|-damage|p2a: Corviknight|88\/100|[from] Stealth Rock\n|-ability|p2a: Corviknight|Pressure\n|move|p1a: Gliscor|Earthquake|p2a: Corviknight\n|-immune|p2a: Corviknight\n|\n|-weather|none\n|-heal|p2a: Corviknight|94\/100|[from] item: Leftovers\n|-heal|p1a: Gliscor|90\/100 tox|[from] ability: Poison Heal\n|upkeep\n|turn|34\n|\n|t:|1698546920\n|move|p1a: Gliscor|Protect|p1a: Gliscor\n|-singleturn|p1a: Gliscor|Protect\n|move|p2a: Corviknight|Body Press|p1a: Gliscor\n|-activate|p1a: Gliscor|move: Protect\n|\n|-heal|p2a: Corviknight|100\/100|[from] item: Leftovers\n|-heal|p1a: Gliscor|100\/100 tox|[from] ability: Poison Heal\n|upkeep\n|turn|35\n|\n|t:|1698546929\n|switch|p1a: Eternatus|Eternatus|95\/100\n|-ability|p1a: Eternatus|Pressure\n|move|p2a: Corviknight|Body Press|p1a: Eternatus\n|-resisted|p1a: Eternatus\n|-damage|p1a: Eternatus|84\/100\n|\n|upkeep\n|turn|36\n|\n|t:|1698546941\n|move|p1a: Eternatus|Flamethrower|p2a: Corviknight\n|-supereffective|p2a: Corviknight\n|-damage|p2a: Corviknight|54\/100\n|move|p2a: Corviknight|U-turn|p1a: Eternatus\n|-resisted|p1a: Eternatus\n|-damage|p1a: Eternatus|79\/100\n|\n|t:|1698546947\n|switch|p2a: Clodsire|Clodsire, F|69\/100 brn|[from] U-turn\n|-damage|p2a: Clodsire|44\/100 brn|[from] Spikes\n|-damage|p2a: Clodsire|38\/100 brn|[from] Stealth Rock\n|\n|-heal|p2a: Clodsire|44\/100 brn|[from] item: Leftovers\n|-damage|p2a: Clodsire|38\/100 brn|[from] brn\n|upkeep\n|turn|37\n|\n|t:|1698546951\n|move|p1a: Eternatus|Dynamax Cannon|p2a: Clodsire\n|-damage|p2a: Clodsire|14\/100 brn\n|move|p2a: Clodsire|Recover|p2a: Clodsire\n|-heal|p2a: Clodsire|64\/100 brn\n|\n|-heal|p2a: Clodsire|70\/100 brn|[from] item: Leftovers\n|-damage|p2a: Clodsire|64\/100 brn|[from] brn\n|upkeep\n|turn|38\n|\n|t:|1698546978\n|switch|p1a: Gliscor|Gliscor, F|100\/100 tox\n|move|p2a: Clodsire|Toxic|p1a: Gliscor\n|-fail|p1a: Gliscor|tox\n|\n|-heal|p2a: Clodsire|70\/100 brn|[from] item: Leftovers\n|-damage|p2a: Clodsire|64\/100 brn|[from] brn\n|upkeep\n|turn|39\n|\n|t:|1698546986\n|switch|p2a: Corviknight|Corviknight, F|54\/100\n|-damage|p2a: Corviknight|41\/100|[from] Stealth Rock\n|-ability|p2a: Corviknight|Pressure\n|move|p1a: Gliscor|Earthquake|p2a: Corviknight\n|-immune|p2a: Corviknight\n|\n|-heal|p2a: Corviknight|48\/100|[from] item: Leftovers\n|upkeep\n|turn|40\n|\n|t:|1698546991\n|switch|p1a: Eternatus|Eternatus|79\/100\n|-ability|p1a: Eternatus|Pressure\n|move|p2a: Corviknight|Defog|p1a: Eternatus\n|-unboost|p1a: Eternatus|evasion|1\n|-sideend|p1: Sificon~|Spikes|[from] move: Defog|[of] p2a: Corviknight\n|-sideend|p2: PrinceOfAllTacos|Spikes|[from] move: Defog|[of] p2a: Corviknight\n|-sideend|p2: PrinceOfAllTacos|Stealth Rock|[from] move: Defog|[of] p2a: Corviknight\n|\n|-heal|p2a: Corviknight|54\/100|[from] item: Leftovers\n|upkeep\n|turn|41\n|\n|t:|1698547000\n|switch|p2a: Clodsire|Clodsire, F|64\/100 brn\n|move|p1a: Eternatus|Flamethrower|p2a: Clodsire\n|-damage|p2a: Clodsire|49\/100 brn\n|\n|-heal|p2a: Clodsire|56\/100 brn|[from] item: Leftovers\n|-damage|p2a: Clodsire|49\/100 brn|[from] brn\n|upkeep\n|turn|42\n|\n|t:|1698547004\n|switch|p1a: Gliscor|Gliscor, F|100\/100 tox\n|move|p2a: Clodsire|Recover|p2a: Clodsire\n|-heal|p2a: Clodsire|99\/100 brn\n|\n|-heal|p2a: Clodsire|100\/100 brn|[from] item: Leftovers\n|-damage|p2a: Clodsire|94\/100 brn|[from] brn\n|upkeep\n|turn|43\n|\n|t:|1698547026\n|switch|p2a: Corviknight|Corviknight, F|54\/100\n|-ability|p2a: Corviknight|Pressure\n|move|p1a: Gliscor|Spikes|p2a: Corviknight\n|-sidestart|p2: PrinceOfAllTacos|Spikes\n|\n|-heal|p2a: Corviknight|60\/100|[from] item: Leftovers\n|upkeep\n|turn|44\n|\n|t:|1698547031\n|switch|p1a: Eternatus|Eternatus|79\/100\n|-ability|p1a: Eternatus|Pressure\n|move|p2a: Corviknight|Roost|p2a: Corviknight\n|-heal|p2a: Corviknight|100\/100\n|-singleturn|p2a: Corviknight|move: Roost\n|\n|upkeep\n|turn|45\n|\n|t:|1698547040\n|switch|p2a: Clodsire|Clodsire, F|94\/100 brn\n|-damage|p2a: Clodsire|82\/100 brn|[from] Spikes\n|move|p1a: Eternatus|Flamethrower|p2a: Clodsire\n|-damage|p2a: Clodsire|67\/100 brn\n|\n|-heal|p2a: Clodsire|74\/100 brn|[from] item: Leftovers\n|-damage|p2a: Clodsire|67\/100 brn|[from] brn\n|upkeep\n|turn|46\n|\n|t:|1698547048\n|switch|p1a: Gliscor|Gliscor, F|100\/100 tox\n|switch|p2a: Corviknight|Corviknight, F|100\/100\n|-ability|p2a: Corviknight|Pressure\n|\n|upkeep\n|turn|47\n|\n|t:|1698547056\n|switch|p1a: Eternatus|Eternatus|79\/100\n|-ability|p1a: Eternatus|Pressure\n|move|p2a: Corviknight|Defog|p1a: Eternatus\n|-unboost|p1a: Eternatus|evasion|1\n|-sideend|p2: PrinceOfAllTacos|Spikes|[from] move: Defog|[of] p2a: Corviknight\n|\n|upkeep\n|turn|48\n|\n|t:|1698547064\n|switch|p2a: Clodsire|Clodsire, F|67\/100 brn\n|move|p1a: Eternatus|Flamethrower|p2a: Clodsire\n|-damage|p2a: Clodsire|52\/100 brn\n|\n|-heal|p2a: Clodsire|58\/100 brn|[from] item: Leftovers\n|-damage|p2a: Clodsire|52\/100 brn|[from] brn\n|upkeep\n|turn|49\n|\n|t:|1698547074\n|switch|p1a: Gliscor|Gliscor, F|100\/100 tox\n|switch|p2a: Koraidon|Koraidon|43\/100\n|-weather|SunnyDay|[from] ability: Orichalcum Pulse|[of] p2a: Koraidon\n|-activate|p2a: Koraidon|Orichalcum Pulse|[source]\n|\n|-weather|SunnyDay|[upkeep]\n|upkeep\n|turn|50\n|\n|t:|1698547082\n|move|p2a: Koraidon|Drain Punch|p1a: Gliscor\n|-resisted|p1a: Gliscor\n|-damage|p1a: Gliscor|85\/100 tox\n|-heal|p2a: Koraidon|50\/100|[from] drain|[of] p1a: Gliscor\n|move|p1a: Gliscor|Earthquake|p2a: Koraidon\n|-damage|p2a: Koraidon|22\/100\n|\n|-weather|SunnyDay|[upkeep]\n|-heal|p1a: Gliscor|98\/100 tox|[from] ability: Poison Heal\n|upkeep\n|turn|51\n|\n|t:|1698547087\n|switch|p2a: Corviknight|Corviknight, F|100\/100\n|-ability|p2a: Corviknight|Pressure\n|move|p1a: Gliscor|Spikes|p2a: Corviknight\n|-sidestart|p2: PrinceOfAllTacos|Spikes\n|\n|-weather|SunnyDay|[upkeep]\n|-heal|p1a: Gliscor|100\/100 tox|[from] ability: Poison Heal\n|upkeep\n|turn|52\n|\n|t:|1698547090\n|switch|p1a: Eternatus|Eternatus|79\/100\n|-ability|p1a: Eternatus|Pressure\n|move|p2a: Corviknight|Defog|p1a: Eternatus\n|-unboost|p1a: Eternatus|evasion|1\n|-sideend|p2: PrinceOfAllTacos|Spikes|[from] move: Defog|[of] p2a: Corviknight\n|\n|-weather|SunnyDay|[upkeep]\n|upkeep\n|turn|53\n|\n|t:|1698547094\n|switch|p2a: Clodsire|Clodsire, F|52\/100 brn\n|move|p1a: Eternatus|Flamethrower|p2a: Clodsire\n|-damage|p2a: Clodsire|30\/100 brn\n|\n|-weather|none\n|-heal|p2a: Clodsire|36\/100 brn|[from] item: Leftovers\n|-damage|p2a: Clodsire|30\/100 brn|[from] brn\n|upkeep\n|turn|54\n|\n|t:|1698547097\n|move|p1a: Eternatus|Dynamax Cannon|p2a: Clodsire\n|-damage|p2a: Clodsire|5\/100 brn\n|move|p2a: Clodsire|Recover|p2a: Clodsire\n|-heal|p2a: Clodsire|55\/100 brn\n|\n|-heal|p2a: Clodsire|61\/100 brn|[from] item: Leftovers\n|-damage|p2a: Clodsire|55\/100 brn|[from] brn\n|upkeep\n|turn|55\n|\n|t:|1698547100\n|switch|p1a: Gliscor|Gliscor, F|100\/100 tox\n|move|p2a: Clodsire|Recover|p2a: Clodsire\n|-heal|p2a: Clodsire|100\/100 brn\n|\n|-damage|p2a: Clodsire|94\/100 brn|[from] brn\n|upkeep\n|turn|56\n|\n|t:|1698547102\n|switch|p2a: Corviknight|Corviknight, F|100\/100\n|-ability|p2a: Corviknight|Pressure\n|move|p1a: Gliscor|Spikes|p2a: Corviknight\n|-sidestart|p2: PrinceOfAllTacos|Spikes\n|\n|upkeep\n|turn|57\n|\n|t:|1698547104\n|switch|p1a: Eternatus|Eternatus|79\/100\n|-ability|p1a: Eternatus|Pressure\n|move|p2a: Corviknight|Defog|p1a: Eternatus\n|-unboost|p1a: Eternatus|evasion|1\n|-sideend|p2: PrinceOfAllTacos|Spikes|[from] move: Defog|[of] p2a: Corviknight\n|\n|upkeep\n|turn|58\n|\n|t:|1698547110\n|switch|p2a: Clodsire|Clodsire, F|94\/100 brn\n|move|p1a: Eternatus|Flamethrower|p2a: Clodsire\n|-damage|p2a: Clodsire|80\/100 brn\n|\n|-heal|p2a: Clodsire|86\/100 brn|[from] item: Leftovers\n|-damage|p2a: Clodsire|80\/100 brn|[from] brn\n|upkeep\n|turn|59\n|\n|t:|1698547120\n|switch|p1a: Gliscor|Gliscor, F|100\/100 tox\n|move|p2a: Clodsire|Spikes|p1a: Gliscor\n|-sidestart|p1: Sificon~|Spikes\n|\n|-heal|p2a: Clodsire|86\/100 brn|[from] item: Leftovers\n|-damage|p2a: Clodsire|80\/100 brn|[from] brn\n|upkeep\n|turn|60\n|\n|t:|1698547124\n|switch|p2a: Corviknight|Corviknight, F|100\/100\n|-ability|p2a: Corviknight|Pressure\n|move|p1a: Gliscor|Spikes|p2a: Corviknight\n|-sidestart|p2: PrinceOfAllTacos|Spikes\n|\n|upkeep\n|turn|61\n|\n|t:|1698547129\n|switch|p1a: Eternatus|Eternatus|79\/100\n|-ability|p1a: Eternatus|Pressure\n|move|p2a: Corviknight|Defog|p1a: Eternatus\n|-unboost|p1a: Eternatus|evasion|1\n|-sideend|p1: Sificon~|Spikes|[from] move: Defog|[of] p2a: Corviknight\n|-sideend|p2: PrinceOfAllTacos|Spikes|[from] move: Defog|[of] p2a: Corviknight\n|\n|upkeep\n|turn|62\n|\n|t:|1698547135\n|switch|p2a: Clodsire|Clodsire, F|80\/100 brn\n|move|p1a: Eternatus|Flamethrower|p2a: Clodsire\n|-damage|p2a: Clodsire|65\/100 brn\n|\n|-heal|p2a: Clodsire|71\/100 brn|[from] item: Leftovers\n|-damage|p2a: Clodsire|65\/100 brn|[from] brn\n|upkeep\n|turn|63\n|\n|t:|1698547138\n|switch|p1a: Gliscor|Gliscor, F|100\/100 tox\n|switch|p2a: Koraidon|Koraidon|22\/100\n|-weather|SunnyDay|[from] ability: Orichalcum Pulse|[of] p2a: Koraidon\n|-activate|p2a: Koraidon|Orichalcum Pulse|[source]\n|\n|-weather|SunnyDay|[upkeep]\n|upkeep\n|turn|64\n|\n|t:|1698547142\n|move|p2a: Koraidon|Scale Shot|p1a: Gliscor\n|-damage|p1a: Gliscor|89\/100 tox\n|-damage|p1a: Gliscor|79\/100 tox\n|-damage|p1a: Gliscor|68\/100 tox\n|-damage|p1a: Gliscor|57\/100 tox\n|-hitcount|p1a: Gliscor|4\n|-unboost|p2a: Koraidon|def|1\n|-boost|p2a: Koraidon|spe|1\n|move|p1a: Gliscor|Earthquake|p2a: Koraidon\n|-damage|p2a: Koraidon|0 fnt\n|faint|p2a: Koraidon\n|\n|-weather|SunnyDay|[upkeep]\n|-heal|p1a: Gliscor|70\/100 tox|[from] ability: Poison Heal\n|upkeep\n|\n|t:|1698547146\n|switch|p2a: Skeledirge|Skeledirge, F|86\/100\n|turn|65\n|\n|t:|1698547149\n|switch|p2a: Corviknight|Corviknight, F|100\/100\n|-ability|p2a: Corviknight|Pressure\n|move|p1a: Gliscor|Protect||[still]\n|-fail|p1a: Gliscor\n|\n|-weather|SunnyDay|[upkeep]\n|-heal|p1a: Gliscor|82\/100 tox|[from] ability: Poison Heal\n|upkeep\n|turn|66\n|\n|t:|1698547156\n|switch|p2a: Skeledirge|Skeledirge, F|86\/100\n|move|p1a: Gliscor|Spikes|p2a: Skeledirge\n|-sidestart|p2: PrinceOfAllTacos|Spikes\n|\n|-weather|SunnyDay|[upkeep]\n|-heal|p1a: Gliscor|95\/100 tox|[from] ability: Poison Heal\n|upkeep\n|turn|67\n|\n|t:|1698547161\n|switch|p2a: Corviknight|Corviknight, F|100\/100\n|-ability|p2a: Corviknight|Pressure\n|move|p1a: Gliscor|Protect||[still]\n|-fail|p1a: Gliscor\n|\n|-weather|none\n|-heal|p1a: Gliscor|100\/100 tox|[from] ability: Poison Heal\n|upkeep\n|turn|68\n|\n|t:|1698547166\n|switch|p1a: Eternatus|Eternatus|79\/100\n|-ability|p1a: Eternatus|Pressure\n|move|p2a: Corviknight|Defog|p1a: Eternatus\n|-unboost|p1a: Eternatus|evasion|1\n|-sideend|p2: PrinceOfAllTacos|Spikes|[from] move: Defog|[of] p2a: Corviknight\n|\n|upkeep\n|turn|69\n|\n|t:|1698547168\n|switch|p2a: Clodsire|Clodsire, F|65\/100 brn\n|move|p1a: Eternatus|Flamethrower|p2a: Clodsire\n|-damage|p2a: Clodsire|51\/100 brn\n|\n|-heal|p2a: Clodsire|57\/100 brn|[from] item: Leftovers\n|-damage|p2a: Clodsire|51\/100 brn|[from] brn\n|upkeep\n|turn|70\n|\n|t:|1698547170\n|switch|p1a: Gliscor|Gliscor, F|100\/100 tox\n|switch|p2a: Skeledirge|Skeledirge, F|86\/100\n|\n|upkeep\n|turn|71\n|\n|t:|1698547174\n|switch|p2a: Corviknight|Corviknight, F|100\/100\n|-ability|p2a: Corviknight|Pressure\n|move|p1a: Gliscor|Earthquake|p2a: Corviknight\n|-immune|p2a: Corviknight\n|\n|upkeep\n|turn|72\n|\n|t:|1698547176\n|switch|p2a: Clodsire|Clodsire, F|51\/100 brn\n|move|p1a: Gliscor|Spikes|p2a: Clodsire\n|-sidestart|p2: PrinceOfAllTacos|Spikes\n|\n|-heal|p2a: Clodsire|57\/100 brn|[from] item: Leftovers\n|-damage|p2a: Clodsire|51\/100 brn|[from] brn\n|upkeep\n|turn|73\n|\n|t:|1698547183\n|switch|p1a: Eternatus|Eternatus|79\/100\n|-ability|p1a: Eternatus|Pressure\n|switch|p2a: Corviknight|Corviknight, F|100\/100\n|-ability|p2a: Corviknight|Pressure\n|\n|upkeep\n|turn|74\n|\n|t:|1698547191\n|move|p1a: Eternatus|Flamethrower|p2a: Corviknight\n|-supereffective|p2a: Corviknight\n|-damage|p2a: Corviknight|54\/100\n|move|p2a: Corviknight|Roost|p2a: Corviknight\n|-heal|p2a: Corviknight|100\/100\n|-singleturn|p2a: Corviknight|move: Roost\n|\n|upkeep\n|turn|75\n|\n|t:|1698547196\n|move|p1a: Eternatus|Flamethrower|p2a: Corviknight\n|-supereffective|p2a: Corviknight\n|-damage|p2a: Corviknight|49\/100\n|move|p2a: Corviknight|Body Press|p1a: Eternatus\n|-resisted|p1a: Eternatus\n|-damage|p1a: Eternatus|69\/100\n|\n|-heal|p2a: Corviknight|56\/100|[from] item: Leftovers\n|upkeep\n|turn|76\n|\n|t:|1698547205\n|move|p1a: Eternatus|Flamethrower|p2a: Corviknight\n|-supereffective|p2a: Corviknight\n|-damage|p2a: Corviknight|3\/100\n|move|p2a: Corviknight|Roost|p2a: Corviknight\n|-heal|p2a: Corviknight|53\/100\n|-singleturn|p2a: Corviknight|move: Roost\n|\n|-heal|p2a: Corviknight|59\/100|[from] item: Leftovers\n|upkeep\n|turn|77\n|\n|t:|1698547208\n|move|p1a: Eternatus|Flamethrower|p2a: Corviknight\n|-supereffective|p2a: Corviknight\n|-damage|p2a: Corviknight|7\/100\n|move|p2a: Corviknight|Roost|p2a: Corviknight\n|-heal|p2a: Corviknight|57\/100\n|-singleturn|p2a: Corviknight|move: Roost\n|\n|-heal|p2a: Corviknight|63\/100|[from] item: Leftovers\n|upkeep\n|turn|78\n|\n|t:|1698547215\n|move|p1a: Eternatus|Flamethrower|p2a: Corviknight\n|-supereffective|p2a: Corviknight\n|-damage|p2a: Corviknight|17\/100\n|move|p2a: Corviknight|Roost|p2a: Corviknight\n|-heal|p2a: Corviknight|67\/100\n|-singleturn|p2a: Corviknight|move: Roost\n|\n|-heal|p2a: Corviknight|73\/100|[from] item: Leftovers\n|upkeep\n|turn|79\n|\n|t:|1698547221\n|switch|p2a: Skeledirge|Skeledirge, F|86\/100\n|move|p1a: Eternatus|Flamethrower|p2a: Skeledirge\n|-resisted|p2a: Skeledirge\n|-damage|p2a: Skeledirge|70\/100\n|\n|upkeep\n|turn|80\n|\n|t:|1698547225\n|switch|p2a: Clodsire|Clodsire, F|51\/100 brn\n|-damage|p2a: Clodsire|38\/100 brn|[from] Spikes\n|move|p1a: Eternatus|Toxic||[still]\n|-fail|p1a: Eternatus\n|\n|-heal|p2a: Clodsire|45\/100 brn|[from] item: Leftovers\n|-damage|p2a: Clodsire|38\/100 brn|[from] brn\n|upkeep\n|turn|81\n|\n|t:|1698547229\n|move|p1a: Eternatus|Dynamax Cannon|p2a: Clodsire\n|-damage|p2a: Clodsire|14\/100 brn\n|move|p2a: Clodsire|Recover|p2a: Clodsire\n|-heal|p2a: Clodsire|64\/100 brn\n|\n|-heal|p2a: Clodsire|70\/100 brn|[from] item: Leftovers\n|-damage|p2a: Clodsire|64\/100 brn|[from] brn\n|upkeep\n|turn|82\n|\n|t:|1698547236\n|switch|p1a: Gliscor|Gliscor, F|100\/100 tox\n|move|p2a: Clodsire|Spikes|p1a: Gliscor\n|-sidestart|p1: Sificon~|Spikes\n|\n|-heal|p2a: Clodsire|70\/100 brn|[from] item: Leftovers\n|-damage|p2a: Clodsire|64\/100 brn|[from] brn\n|upkeep\n|turn|83\n|\n|t:|1698547245\n|switch|p2a: Corviknight|Corviknight, F|73\/100\n|-ability|p2a: Corviknight|Pressure\n|move|p1a: Gliscor|Toxic|p2a: Corviknight\n|-immune|p2a: Corviknight\n|\n|-heal|p2a: Corviknight|80\/100|[from] item: Leftovers\n|upkeep\n|turn|84\n|\n|t:|1698547249\n|switch|p1a: Eternatus|Eternatus|69\/100\n|-ability|p1a: Eternatus|Pressure\n|move|p2a: Corviknight|Body Press|p1a: Eternatus\n|-resisted|p1a: Eternatus\n|-damage|p1a: Eternatus|59\/100\n|\n|-heal|p2a: Corviknight|86\/100|[from] item: Leftovers\n|upkeep\n|turn|85\n|\n|t:|1698547256\n|move|p1a: Eternatus|Recover|p1a: Eternatus\n|-heal|p1a: Eternatus|100\/100\n|move|p2a: Corviknight|Roost|p2a: Corviknight\n|-heal|p2a: Corviknight|100\/100\n|-singleturn|p2a: Corviknight|move: Roost\n|\n|upkeep\n|turn|86\n|\n|t:|1698547260\n|switch|p2a: Clodsire|Clodsire, F|64\/100 brn\n|-damage|p2a: Clodsire|51\/100 brn|[from] Spikes\n|move|p1a: Eternatus|Toxic||[still]\n|-fail|p1a: Eternatus\n|\n|-heal|p2a: Clodsire|58\/100 brn|[from] item: Leftovers\n|-damage|p2a: Clodsire|51\/100 brn|[from] brn\n|upkeep\n|turn|87\n|\n|t:|1698547267\n|switch|p2a: Corviknight|Corviknight, F|100\/100\n|-ability|p2a: Corviknight|Pressure\n|move|p1a: Eternatus|Dynamax Cannon|p2a: Corviknight\n|-resisted|p2a: Corviknight\n|-damage|p2a: Corviknight|79\/100\n|\n|-heal|p2a: Corviknight|86\/100|[from] item: Leftovers\n|upkeep\n|turn|88\n|\n|t:|1698547272\n|switch|p2a: Clodsire|Clodsire, F|51\/100 brn\n|-damage|p2a: Clodsire|39\/100 brn|[from] Spikes\n|move|p1a: Eternatus|Toxic||[still]\n|-fail|p1a: Eternatus\n|\n|-heal|p2a: Clodsire|45\/100 brn|[from] item: Leftovers\n|-damage|p2a: Clodsire|39\/100 brn|[from] brn\n|upkeep\n|turn|89\n|\n|t:|1698547279\n|move|p1a: Eternatus|Dynamax Cannon|p2a: Clodsire\n|-damage|p2a: Clodsire|14\/100 brn\n|move|p2a: Clodsire|Recover|p2a: Clodsire\n|-heal|p2a: Clodsire|64\/100 brn\n|\n|-heal|p2a: Clodsire|71\/100 brn|[from] item: Leftovers\n|-damage|p2a: Clodsire|64\/100 brn|[from] brn\n|upkeep\n|turn|90\n|\n|t:|1698547281\n|switch|p2a: Corviknight|Corviknight, F|86\/100\n|-ability|p2a: Corviknight|Pressure\n|move|p1a: Eternatus|Dynamax Cannon|p2a: Corviknight\n|-resisted|p2a: Corviknight\n|-damage|p2a: Corviknight|64\/100\n|\n|-heal|p2a: Corviknight|70\/100|[from] item: Leftovers\n|upkeep\n|turn|91\n|\n|t:|1698547286\n|switch|p2a: Clodsire|Clodsire, F|64\/100 brn\n|-damage|p2a: Clodsire|52\/100 brn|[from] Spikes\n|move|p1a: Eternatus|Flamethrower|p2a: Clodsire\n|-damage|p2a: Clodsire|36\/100 brn\n|\n|-heal|p2a: Clodsire|42\/100 brn|[from] item: Leftovers\n|-damage|p2a: Clodsire|36\/100 brn|[from] brn\n|upkeep\n|turn|92\n|\n|t:|1698547288\n|move|p1a: Eternatus|Flamethrower|p2a: Clodsire\n|-damage|p2a: Clodsire|21\/100 brn\n|move|p2a: Clodsire|Recover|p2a: Clodsire\n|-heal|p2a: Clodsire|71\/100 brn\n|\n|-heal|p2a: Clodsire|78\/100 brn|[from] item: Leftovers\n|-damage|p2a: Clodsire|71\/100 brn|[from] brn\n|upkeep\n|turn|93\n|\n|t:|1698547291\n|move|p1a: Eternatus|Flamethrower|p2a: Clodsire\n|-damage|p2a: Clodsire|56\/100 brn\n|move|p2a: Clodsire|Spikes|p1a: Eternatus\n|-sidestart|p1: Sificon~|Spikes\n|\n|-heal|p2a: Clodsire|62\/100 brn|[from] item: Leftovers\n|-damage|p2a: Clodsire|56\/100 brn|[from] brn\n|upkeep\n|turn|94\n|\n|t:|1698547294\n|switch|p1a: Gliscor|Gliscor, F|100\/100 tox\n|move|p2a: Clodsire|Recover|p2a: Clodsire\n|-heal|p2a: Clodsire|100\/100 brn\n|\n|-damage|p2a: Clodsire|94\/100 brn|[from] brn\n|upkeep\n|turn|95\n|\n|t:|1698547296\n|switch|p2a: Corviknight|Corviknight, F|70\/100\n|-ability|p2a: Corviknight|Pressure\n|move|p1a: Gliscor|Spikes|p2a: Corviknight\n|-sidestart|p2: PrinceOfAllTacos|Spikes\n|\n|-heal|p2a: Corviknight|76\/100|[from] item: Leftovers\n|upkeep\n|turn|96\n|\n|t:|1698547301\n|move|p1a: Gliscor|Protect|p1a: Gliscor\n|-singleturn|p1a: Gliscor|Protect\n|move|p2a: Corviknight|Defog|p1a: Gliscor\n|-activate|p1a: Gliscor|move: Protect\n|\n|-heal|p2a: Corviknight|83\/100|[from] item: Leftovers\n|upkeep\n|turn|97\n|\n|t:|1698547303\n|switch|p1a: Eternatus|Eternatus|100\/100\n|-ability|p1a: Eternatus|Pressure\n|move|p2a: Corviknight|Defog|p1a: Eternatus\n|-unboost|p1a: Eternatus|evasion|1\n|-sideend|p1: Sificon~|Spikes|[from] move: Defog|[of] p2a: Corviknight\n|-sideend|p2: PrinceOfAllTacos|Spikes|[from] move: Defog|[of] p2a: Corviknight\n|\n|-heal|p2a: Corviknight|89\/100|[from] item: Leftovers\n|upkeep\n|turn|98\n|\n|t:|1698547306\n|move|p1a: Eternatus|Flamethrower|p2a: Corviknight\n|-supereffective|p2a: Corviknight\n|-damage|p2a: Corviknight|34\/100\n|move|p2a: Corviknight|Body Press|p1a: Eternatus\n|-resisted|p1a: Eternatus\n|-damage|p1a: Eternatus|91\/100\n|\n|-heal|p2a: Corviknight|41\/100|[from] item: Leftovers\n|upkeep\n|turn|99\n|\n|t:|1698547313\n|switch|p1a: Gliscor|Gliscor, F|100\/100 tox\n|move|p2a: Corviknight|Roost|p2a: Corviknight\n|-heal|p2a: Corviknight|91\/100\n|-singleturn|p2a: Corviknight|move: Roost\n|\n|-heal|p2a: Corviknight|97\/100|[from] item: Leftovers\n|upkeep\n|turn|100\n|\n|t:|1698547324\n|switch|p1a: Eternatus|Eternatus|91\/100\n|-ability|p1a: Eternatus|Pressure\n|switch|p2a: Clodsire|Clodsire, F|94\/100 brn\n|\n|-heal|p2a: Clodsire|100\/100 brn|[from] item: Leftovers\n|-damage|p2a: Clodsire|94\/100 brn|[from] brn\n|upkeep\n|turn|101\n|j| makers manhattan\n|\n|t:|1698547336\n|switch|p1a: Arceus|Arceus-Water|61\/100 brn\n|move|p2a: Clodsire|Spikes|p1a: Arceus\n|-sidestart|p1: Sificon~|Spikes\n|\n|-heal|p2a: Clodsire|100\/100 brn|[from] item: Leftovers\n|-damage|p1a: Arceus|55\/100 brn|[from] brn\n|-damage|p2a: Clodsire|94\/100 brn|[from] brn\n|upkeep\n|turn|102\n|\n|t:|1698547339\n|move|p1a: Arceus|Stealth Rock|p2a: Clodsire\n|-sidestart|p2: PrinceOfAllTacos|move: Stealth Rock\n|move|p2a: Clodsire|Spikes|p1a: Arceus\n|-sidestart|p1: Sificon~|Spikes\n|\n|-heal|p2a: Clodsire|100\/100 brn|[from] item: Leftovers\n|-damage|p1a: Arceus|49\/100 brn|[from] brn\n|-damage|p2a: Clodsire|94\/100 brn|[from] brn\n|upkeep\n|turn|103\n|\n|t:|1698547343\n|move|p1a: Arceus|Recover|p1a: Arceus\n|-heal|p1a: Arceus|99\/100 brn\n|move|p2a: Clodsire|Spikes|p1a: Arceus\n|-sidestart|p1: Sificon~|Spikes\n|\n|-heal|p2a: Clodsire|100\/100 brn|[from] item: Leftovers\n|-damage|p1a: Arceus|93\/100 brn|[from] brn\n|-damage|p2a: Clodsire|94\/100 brn|[from] brn\n|upkeep\n|turn|104\n|\n|t:|1698547345\n|switch|p1a: Gliscor|Gliscor, F|100\/100 tox\n|move|p2a: Clodsire|Spikes||[still]\n|-fail|p2a: Clodsire\n|\n|-heal|p2a: Clodsire|100\/100 brn|[from] item: Leftovers\n|-damage|p2a: Clodsire|94\/100 brn|[from] brn\n|upkeep\n|turn|105\n|\n|t:|1698547347\n|switch|p2a: Corviknight|Corviknight, F|97\/100\n|-damage|p2a: Corviknight|84\/100|[from] Stealth Rock\n|-ability|p2a: Corviknight|Pressure\n|move|p1a: Gliscor|Spikes|p2a: Corviknight\n|-sidestart|p2: PrinceOfAllTacos|Spikes\n|\n|-heal|p2a: Corviknight|91\/100|[from] item: Leftovers\n|upkeep\n|turn|106\n|\n|t:|1698547353\n|switch|p1a: Eternatus|Eternatus|91\/100\n|-ability|p1a: Eternatus|Pressure\n|move|p2a: Corviknight|U-turn|p1a: Eternatus\n|-resisted|p1a: Eternatus\n|-damage|p1a: Eternatus|86\/100\n|\n|t:|1698547355\n|switch|p2a: Skeledirge|Skeledirge, F|70\/100|[from] U-turn\n|\n|upkeep\n|turn|107\n|\n|t:|1698547357\n|switch|p2a: Corviknight|Corviknight, F|91\/100\n|-damage|p2a: Corviknight|78\/100|[from] Stealth Rock\n|-ability|p2a: Corviknight|Pressure\n|move|p1a: Eternatus|Toxic|p2a: Corviknight\n|-immune|p2a: Corviknight\n|\n|-heal|p2a: Corviknight|84\/100|[from] item: Leftovers\n|upkeep\n|turn|108\n|\n|t:|1698547363\n|move|p1a: Eternatus|Toxic|p2a: Corviknight\n|-immune|p2a: Corviknight\n|move|p2a: Corviknight|U-turn|p1a: Eternatus\n|-resisted|p1a: Eternatus\n|-damage|p1a: Eternatus|80\/100\n|\n|t:|1698547364\n|switch|p2a: Clodsire|Clodsire, F|94\/100 brn|[from] U-turn\n|-damage|p2a: Clodsire|88\/100 brn|[from] Stealth Rock\n|-damage|p2a: Clodsire|75\/100 brn|[from] Spikes\n|\n|-heal|p2a: Clodsire|82\/100 brn|[from] item: Leftovers\n|-damage|p2a: Clodsire|75\/100 brn|[from] brn\n|upkeep\n|turn|109\n|\n|t:|1698547367\n|switch|p1a: Gliscor|Gliscor, F|100\/100 tox\n|switch|p2a: Corviknight|Corviknight, F|84\/100\n|-damage|p2a: Corviknight|72\/100|[from] Stealth Rock\n|-ability|p2a: Corviknight|Pressure\n|\n|-heal|p2a: Corviknight|78\/100|[from] item: Leftovers\n|upkeep\n|turn|110\n|\n|t:|1698547369\n|switch|p1a: Eternatus|Eternatus|80\/100\n|-ability|p1a: Eternatus|Pressure\n|move|p2a: Corviknight|U-turn|p1a: Eternatus\n|-resisted|p1a: Eternatus\n|-damage|p1a: Eternatus|74\/100\n|\n|t:|1698547372\n|switch|p2a: Skeledirge|Skeledirge, F|70\/100|[from] U-turn\n|\n|upkeep\n|turn|111\n|\n|t:|1698547375\n|switch|p1a: Gliscor|Gliscor, F|100\/100 tox\n|switch|p2a: Corviknight|Corviknight, F|78\/100\n|-damage|p2a: Corviknight|66\/100|[from] Stealth Rock\n|-ability|p2a: Corviknight|Pressure\n|\n|-heal|p2a: Corviknight|72\/100|[from] item: Leftovers\n|upkeep\n|turn|112\n|j| March Tires\n|\n|t:|1698547383\n|switch|p1a: Arceus|Arceus-Water|93\/100 brn\n|-damage|p1a: Arceus|68\/100 brn|[from] Spikes\n|move|p2a: Corviknight|U-turn|p1a: Arceus\n|-damage|p1a: Arceus|59\/100 brn\n|\n|t:|1698547386\n|switch|p2a: Clodsire|Clodsire, F|75\/100 brn|[from] U-turn\n|-damage|p2a: Clodsire|69\/100 brn|[from] Stealth Rock\n|-damage|p2a: Clodsire|57\/100 brn|[from] Spikes\n|\n|-heal|p2a: Clodsire|63\/100 brn|[from] item: Leftovers\n|-damage|p1a: Arceus|53\/100 brn|[from] brn\n|-damage|p2a: Clodsire|57\/100 brn|[from] brn\n|upkeep\n|turn|113\n|\n|t:|1698547389\n|switch|p2a: Corviknight|Corviknight, F|72\/100\n|-damage|p2a: Corviknight|59\/100|[from] Stealth Rock\n|-ability|p2a: Corviknight|Pressure\n|move|p1a: Arceus|Recover|p1a: Arceus\n|-heal|p1a: Arceus|100\/100 brn\n|\n|-heal|p2a: Corviknight|66\/100|[from] item: Leftovers\n|-damage|p1a: Arceus|94\/100 brn|[from] brn\n|upkeep\n|turn|114\n|\n|t:|1698547393\n|switch|p2a: Clodsire|Clodsire, F|57\/100 brn\n|-damage|p2a: Clodsire|50\/100 brn|[from] Stealth Rock\n|-damage|p2a: Clodsire|38\/100 brn|[from] Spikes\n|move|p1a: Arceus|Will-O-Wisp|p2a: Clodsire|[miss]\n|-miss|p1a: Arceus|p2a: Clodsire\n|\n|-heal|p2a: Clodsire|44\/100 brn|[from] item: Leftovers\n|-damage|p1a: Arceus|88\/100 brn|[from] brn\n|-damage|p2a: Clodsire|38\/100 brn|[from] brn\n|upkeep\n|turn|115\n|\n|t:|1698547397\n|move|p1a: Arceus|Judgment|p2a: Clodsire\n|-heal|p2a: Clodsire|63\/100 brn|[from] ability: Water Absorb|[of] p1a: Arceus\n|move|p2a: Clodsire|Earthquake|p1a: Arceus\n|-damage|p1a: Arceus|80\/100 brn\n|\n|-heal|p2a: Clodsire|69\/100 brn|[from] item: Leftovers\n|-damage|p1a: Arceus|74\/100 brn|[from] brn\n|-damage|p2a: Clodsire|63\/100 brn|[from] brn\n|upkeep\n|turn|116\n|c|\u2606Sificon~|ah you are wabsord\n|\n|t:|1698547412\n|move|p1a: Arceus|Stealth Rock||[still]\n|-fail|p1a: Arceus\n|move|p2a: Clodsire|Earthquake|p1a: Arceus\n|-damage|p1a: Arceus|66\/100 brn\n|\n|-heal|p2a: Clodsire|69\/100 brn|[from] item: Leftovers\n|-damage|p1a: Arceus|60\/100 brn|[from] brn\n|-damage|p2a: Clodsire|63\/100 brn|[from] brn\n|upkeep\n|turn|117\n|c|\u2606PrinceOfAllTacos|have to be or mirai is +xx\n|\n|t:|1698547423\n|move|p1a: Arceus|Will-O-Wisp|p2a: Clodsire\n|-fail|p2a: Clodsire|brn\n|move|p2a: Clodsire|Toxic||[still]\n|-fail|p2a: Clodsire\n|\n|-heal|p2a: Clodsire|69\/100 brn|[from] item: Leftovers\n|-damage|p1a: Arceus|54\/100 brn|[from] brn\n|-damage|p2a: Clodsire|63\/100 brn|[from] brn\n|upkeep\n|turn|118\n|c|\u2606Sificon~|mirai runs a water move?\n|\n|t:|1698547432\n|move|p1a: Arceus|Recover|p1a: Arceus\n|-heal|p1a: Arceus|100\/100 brn\n|move|p2a: Clodsire|Toxic||[still]\n|-fail|p2a: Clodsire\n|\n|-heal|p2a: Clodsire|69\/100 brn|[from] item: Leftovers\n|-damage|p1a: Arceus|94\/100 brn|[from] brn\n|-damage|p2a: Clodsire|63\/100 brn|[from] brn\n|upkeep\n|turn|119\n|c|\u2606PrinceOfAllTacos|no\n|c|\u2606PrinceOfAllTacos|unaware loses to meteor\n|c|\u2606PrinceOfAllTacos|because ignores drops\n|c|\u2606Sificon~|ohh\n|\n|t:|1698547455\n|switch|p1a: Gliscor|Gliscor, F|100\/100 tox\n|move|p2a: Clodsire|Toxic|p1a: Gliscor\n|-fail|p1a: Gliscor|tox\n|\n|-heal|p2a: Clodsire|69\/100 brn|[from] item: Leftovers\n|-damage|p2a: Clodsire|63\/100 brn|[from] brn\n|upkeep\n|turn|120\n|\n|t:|1698547465\n|switch|p1a: Arceus|Arceus-Water|94\/100 brn\n|-damage|p1a: Arceus|69\/100 brn|[from] Spikes\n|switch|p2a: Corviknight|Corviknight, F|66\/100\n|-damage|p2a: Corviknight|53\/100|[from] Stealth Rock\n|-ability|p2a: Corviknight|Pressure\n|\n|-heal|p2a: Corviknight|59\/100|[from] item: Leftovers\n|-damage|p1a: Arceus|63\/100 brn|[from] brn\n|upkeep\n|turn|121\n|\n|t:|1698547471\n|switch|p2a: Clodsire|Clodsire, F|63\/100 brn\n|-damage|p2a: Clodsire|57\/100 brn|[from] Stealth Rock\n|-damage|p2a: Clodsire|44\/100 brn|[from] Spikes\n|move|p1a: Arceus|Will-O-Wisp|p2a: Clodsire\n|-fail|p2a: Clodsire|brn\n|\n|-heal|p2a: Clodsire|50\/100 brn|[from] item: Leftovers\n|-damage|p1a: Arceus|57\/100 brn|[from] brn\n|-damage|p2a: Clodsire|44\/100 brn|[from] brn\n|upkeep\n|turn|122\n|\n|t:|1698547475\n|switch|p1a: Gliscor|Gliscor, F|100\/100 tox\n|move|p2a: Clodsire|Toxic|p1a: Gliscor\n|-fail|p1a: Gliscor|tox\n|\n|-heal|p2a: Clodsire|50\/100 brn|[from] item: Leftovers\n|-damage|p2a: Clodsire|44\/100 brn|[from] brn\n|upkeep\n|turn|123\n|\n|t:|1698547480\n|switch|p1a: Arceus|Arceus-Water|57\/100 brn\n|-damage|p1a: Arceus|32\/100 brn|[from] Spikes\n|switch|p2a: Corviknight|Corviknight, F|59\/100\n|-damage|p2a: Corviknight|47\/100|[from] Stealth Rock\n|-ability|p2a: Corviknight|Pressure\n|\n|-heal|p2a: Corviknight|53\/100|[from] item: Leftovers\n|-damage|p1a: Arceus|26\/100 brn|[from] brn\n|upkeep\n|turn|124\n|\n|t:|1698547484\n|switch|p2a: Clodsire|Clodsire, F|44\/100 brn\n|-damage|p2a: Clodsire|38\/100 brn|[from] Stealth Rock\n|-damage|p2a: Clodsire|25\/100 brn|[from] Spikes\n|move|p1a: Arceus|Recover|p1a: Arceus\n|-heal|p1a: Arceus|76\/100 brn\n|\n|-heal|p2a: Clodsire|32\/100 brn|[from] item: Leftovers\n|-damage|p1a: Arceus|70\/100 brn|[from] brn\n|-damage|p2a: Clodsire|25\/100 brn|[from] brn\n|upkeep\n|turn|125\n|\n|t:|1698547491\n|switch|p1a: Gliscor|Gliscor, F|100\/100 tox\n|switch|p2a: Corviknight|Corviknight, F|53\/100\n|-damage|p2a: Corviknight|41\/100|[from] Stealth Rock\n|-ability|p2a: Corviknight|Pressure\n|\n|-heal|p2a: Corviknight|47\/100|[from] item: Leftovers\n|upkeep\n|turn|126\n|\n|t:|1698547496\n|switch|p1a: Eternatus|Eternatus|74\/100\n|-ability|p1a: Eternatus|Pressure\n|move|p2a: Corviknight|Defog|p1a: Eternatus\n|-unboost|p1a: Eternatus|evasion|1\n|-sideend|p1: Sificon~|Spikes|[from] move: Defog|[of] p2a: Corviknight\n|-sideend|p2: PrinceOfAllTacos|Spikes|[from] move: Defog|[of] p2a: Corviknight\n|-sideend|p2: PrinceOfAllTacos|Stealth Rock|[from] move: Defog|[of] p2a: Corviknight\n|\n|-heal|p2a: Corviknight|53\/100|[from] item: Leftovers\n|upkeep\n|turn|127\n|\n|t:|1698547501\n|switch|p1a: Gliscor|Gliscor, F|100\/100 tox\n|move|p2a: Corviknight|U-turn|p1a: Gliscor\n|-resisted|p1a: Gliscor\n|-damage|p1a: Gliscor|96\/100 tox\n|\n|t:|1698547503\n|switch|p2a: Clodsire|Clodsire, F|25\/100 brn|[from] U-turn\n|\n|-heal|p2a: Clodsire|32\/100 brn|[from] item: Leftovers\n|-heal|p1a: Gliscor|100\/100 tox|[from] ability: Poison Heal\n|-damage|p2a: Clodsire|25\/100 brn|[from] brn\n|upkeep\n|turn|128\n|\n|t:|1698547509\n|switch|p2a: Corviknight|Corviknight, F|53\/100\n|-ability|p2a: Corviknight|Pressure\n|move|p1a: Gliscor|Spikes|p2a: Corviknight\n|-sidestart|p2: PrinceOfAllTacos|Spikes\n|\n|-heal|p2a: Corviknight|59\/100|[from] item: Leftovers\n|upkeep\n|turn|129\n|\n|t:|1698547515\n|switch|p1a: Arceus|Arceus-Water|70\/100 brn\n|move|p2a: Corviknight|Body Press|p1a: Arceus\n|-damage|p1a: Arceus|55\/100 brn\n|\n|-heal|p2a: Corviknight|66\/100|[from] item: Leftovers\n|-damage|p1a: Arceus|49\/100 brn|[from] brn\n|upkeep\n|turn|130\n|\n|t:|1698547519\n|switch|p2a: Clodsire|Clodsire, F|25\/100 brn\n|-damage|p2a: Clodsire|13\/100 brn|[from] Spikes\n|move|p1a: Arceus|Will-O-Wisp|p2a: Clodsire\n|-fail|p2a: Clodsire|brn\n|\n|-heal|p2a: Clodsire|19\/100 brn|[from] item: Leftovers\n|-damage|p1a: Arceus|43\/100 brn|[from] brn\n|-damage|p2a: Clodsire|13\/100 brn|[from] brn\n|upkeep\n|turn|131\n|\n|t:|1698547523\n|move|p1a: Arceus|Stealth Rock|p2a: Clodsire\n|-sidestart|p2: PrinceOfAllTacos|move: Stealth Rock\n|move|p2a: Clodsire|Spikes|p1a: Arceus\n|-sidestart|p1: Sificon~|Spikes\n|\n|-heal|p2a: Clodsire|19\/100 brn|[from] item: Leftovers\n|-damage|p1a: Arceus|37\/100 brn|[from] brn\n|-damage|p2a: Clodsire|13\/100 brn|[from] brn\n|upkeep\n|turn|132\n|\n|t:|1698547526\n|move|p1a: Arceus|Recover|p1a: Arceus\n|-heal|p1a: Arceus|87\/100 brn\n|move|p2a: Clodsire|Spikes|p1a: Arceus\n|-sidestart|p1: Sificon~|Spikes\n|\n|-heal|p2a: Clodsire|19\/100 brn|[from] item: Leftovers\n|-damage|p1a: Arceus|81\/100 brn|[from] brn\n|-damage|p2a: Clodsire|13\/100 brn|[from] brn\n|upkeep\n|turn|133\n|\n|t:|1698547529\n|switch|p1a: Gliscor|Gliscor, F|100\/100 tox\n|switch|p2a: Corviknight|Corviknight, F|66\/100\n|-damage|p2a: Corviknight|53\/100|[from] Stealth Rock\n|-ability|p2a: Corviknight|Pressure\n|\n|-heal|p2a: Corviknight|59\/100|[from] item: Leftovers\n|upkeep\n|turn|134\n|\n|t:|1698547532\n|switch|p1a: Eternatus|Eternatus|74\/100\n|-ability|p1a: Eternatus|Pressure\n|move|p2a: Corviknight|Body Press|p1a: Eternatus\n|-resisted|p1a: Eternatus\n|-damage|p1a: Eternatus|64\/100\n|\n|-heal|p2a: Corviknight|66\/100|[from] item: Leftovers\n|upkeep\n|turn|135\n|\n|t:|1698547539\n|move|p1a: Eternatus|Recover|p1a: Eternatus\n|-heal|p1a: Eternatus|100\/100\n|move|p2a: Corviknight|Body Press|p1a: Eternatus\n|-resisted|p1a: Eternatus\n|-damage|p1a: Eternatus|90\/100\n|\n|-heal|p2a: Corviknight|72\/100|[from] item: Leftovers\n|upkeep\n|turn|136\n|\n|t:|1698547550\n|move|p1a: Eternatus|Toxic|p2a: Corviknight\n|-immune|p2a: Corviknight\n|move|p2a: Corviknight|U-turn|p1a: Eternatus\n|-resisted|p1a: Eternatus\n|-damage|p1a: Eternatus|84\/100\n|\n|t:|1698547554\n|switch|p2a: Skeledirge|Skeledirge, F|70\/100|[from] U-turn\n|\n|upkeep\n|turn|137\n|\n|t:|1698547563\n|switch|p2a: Corviknight|Corviknight, F|72\/100\n|-damage|p2a: Corviknight|59\/100|[from] Stealth Rock\n|-ability|p2a: Corviknight|Pressure\n|move|p1a: Eternatus|Toxic|p2a: Corviknight\n|-immune|p2a: Corviknight\n|\n|-heal|p2a: Corviknight|66\/100|[from] item: Leftovers\n|upkeep\n|turn|138\n|\n|t:|1698547570\n|switch|p1a: Gliscor|Gliscor, F|100\/100 tox\n|move|p2a: Corviknight|U-turn|p1a: Gliscor\n|-resisted|p1a: Gliscor\n|-damage|p1a: Gliscor|96\/100 tox\n|\n|t:|1698547572\n|switch|p2a: Skeledirge|Skeledirge, F|70\/100|[from] U-turn\n|\n|-heal|p1a: Gliscor|100\/100 tox|[from] ability: Poison Heal\n|upkeep\n|turn|139\n|\n|t:|1698547580\n|switch|p2a: Corviknight|Corviknight, F|66\/100\n|-damage|p2a: Corviknight|53\/100|[from] Stealth Rock\n|-ability|p2a: Corviknight|Pressure\n|move|p1a: Gliscor|Toxic|p2a: Corviknight\n|-immune|p2a: Corviknight\n|\n|-heal|p2a: Corviknight|59\/100|[from] item: Leftovers\n|upkeep\n|turn|140\n|\n|t:|1698547588\n|switch|p1a: Eternatus|Eternatus|84\/100\n|-ability|p1a: Eternatus|Pressure\n|move|p2a: Corviknight|Defog|p1a: Eternatus\n|-unboost|p1a: Eternatus|evasion|1\n|-sideend|p1: Sificon~|Spikes|[from] move: Defog|[of] p2a: Corviknight\n|-sideend|p2: PrinceOfAllTacos|Spikes|[from] move: Defog|[of] p2a: Corviknight\n|-sideend|p2: PrinceOfAllTacos|Stealth Rock|[from] move: Defog|[of] p2a: Corviknight\n|\n|-heal|p2a: Corviknight|66\/100|[from] item: Leftovers\n|upkeep\n|turn|141\n|\n|t:|1698547595\n|switch|p1a: Gliscor|Gliscor, F|100\/100 tox\n|move|p2a: Corviknight|U-turn|p1a: Gliscor\n|-resisted|p1a: Gliscor\n|-damage|p1a: Gliscor|97\/100 tox\n|\n|t:|1698547597\n|switch|p2a: Skeledirge|Skeledirge, F|70\/100|[from] U-turn\n|\n|-heal|p1a: Gliscor|100\/100 tox|[from] ability: Poison Heal\n|upkeep\n|turn|142\n|\n|t:|1698547604\n|switch|p2a: Corviknight|Corviknight, F|66\/100\n|-ability|p2a: Corviknight|Pressure\n|move|p1a: Gliscor|Spikes|p2a: Corviknight\n|-sidestart|p2: PrinceOfAllTacos|Spikes\n|\n|-heal|p2a: Corviknight|72\/100|[from] item: Leftovers\n|upkeep\n|turn|143\n|\n|t:|1698547609\n|switch|p1a: Arceus|Arceus-Water|81\/100 brn\n|move|p2a: Corviknight|U-turn|p1a: Arceus\n|-damage|p1a: Arceus|73\/100 brn\n|\n|t:|1698547613\n|switch|p2a: Skeledirge|Skeledirge, F|70\/100|[from] U-turn\n|\n|-damage|p1a: Arceus|67\/100 brn|[from] brn\n|upkeep\n|turn|144\n|j| not missing now\n|\n|t:|1698547627\n|-terastallize|p2a: Skeledirge|Fairy\n|move|p1a: Arceus|Stealth Rock|p2a: Skeledirge\n|-sidestart|p2: PrinceOfAllTacos|move: Stealth Rock\n|move|p2a: Skeledirge|Torch Song|p1a: Arceus\n|-resisted|p1a: Arceus\n|-damage|p1a: Arceus|57\/100 brn\n|-boost|p2a: Skeledirge|spa|1\n|\n|-damage|p1a: Arceus|51\/100 brn|[from] brn\n|upkeep\n|turn|145\n|\n|t:|1698547635\n|switch|p1a: Eternatus|Eternatus|84\/100\n|-ability|p1a: Eternatus|Pressure\n|move|p2a: Skeledirge|Hex|p1a: Eternatus\n|-damage|p1a: Eternatus|63\/100\n|\n|upkeep\n|turn|146\n|\n|t:|1698547640\n|switch|p2a: Corviknight|Corviknight, F|72\/100\n|-damage|p2a: Corviknight|59\/100|[from] Stealth Rock\n|-ability|p2a: Corviknight|Pressure\n|move|p1a: Eternatus|Recover|p1a: Eternatus\n|-heal|p1a: Eternatus|100\/100\n|\n|-heal|p2a: Corviknight|66\/100|[from] item: Leftovers\n|upkeep\n|turn|147\n|-message|PrinceOfAllTacos forfeited.\n|\n|win|Sificon~\n|n|\u2606Sificon~|sificon\n|n|\u2606PrinceOfAllTacos|princeofalltacos\n|n|*Lady Monita \u263d|ladymonita\n|n| Royal5888|royal5888\n|n| makers manhattan|makersmanhattan\n|n| March Tires|marchtires\n|n| not missing now|notmissingnow\n|l|*Lady Monita \u263d\n|l|\u2606PrinceOfAllTacos\n|c|\u2606Sificon~|gg\n|j| OreoSpeedruns\n|l| makers manhattan\n","uploadtime":1698547653,"views":13,"p1id":"sificon","p2id":"princeofalltacos","formatid":"gen9ubers","rating":0,"private":0,"password":""}