{"id":"gen9ubers-1977918478","p1":"Kabunger","p2":"FrostyRandom02","format":"[Gen 9] Ubers","log":"|j|\u2606Kabunger\n|j|\u2606FrostyRandom02\n|t:|1698466336\n|gametype|singles\n|player|p1|Kabunger|hilda-wonderlauncher|\n|player|p2|FrostyRandom02|riley|\n|teamsize|p1|6\n|teamsize|p2|6\n|gen|9\n|tier|[Gen 9] Ubers\n|rule|Sleep Clause Mod: Limit one foe put to sleep\n|rule|Species Clause: Limit one of each Pok\u00e9mon\n|rule|OHKO Clause: OHKO moves are banned\n|rule|Evasion Items Clause: Evasion items are banned\n|rule|Evasion Moves Clause: Evasion moves are banned\n|rule|Endless Battle Clause: Forcing endless battles is banned\n|rule|HP Percentage Mod: HP is shown in percentages\n|clearpoke\n|poke|p1|Grafaiai, M|\n|poke|p1|Zacian-*|\n|poke|p1|Magearna|\n|poke|p1|Palafin, M|\n|poke|p1|Dusclops, M|\n|poke|p1|Arceus-Grass|\n|poke|p2|Okidogi, M|\n|poke|p2|Cyclizar, M|\n|poke|p2|Chi-Yu|\n|poke|p2|Espathra, F|\n|poke|p2|Rillaboom, F|\n|poke|p2|Zacian-*|\n|teampreview\n|inactive|Battle timer is ON: inactive players will automatically lose when time's up. (requested by Kabunger)\n|\n|t:|1698466354\n|start\n|switch|p1a: Magearna|Magearna|100\/100\n|switch|p2a: Cyclizar|Cyclizar, M|100\/100\n|turn|1\n|\n|t:|1698466360\n|move|p2a: Cyclizar|Shed Tail|p2a: Cyclizar\n|-start|p2a: Cyclizar|Substitute|[from] move: Shed Tail\n|-damage|p2a: Cyclizar|50\/100\n|\n|t:|1698466368\n|switch|p2a: Espathra|Espathra, F|100\/100|[from] Shed Tail\n|move|p1a: Magearna|Volt Switch|p2a: Espathra\n|-end|p2a: Espathra|Substitute\n|\n|t:|1698466373\n|switch|p1a: Palafin|Palafin, M|100\/100|[from] Volt Switch\n|\n|upkeep\n|turn|2\n|\n|t:|1698466380\n|move|p2a: Espathra|Calm Mind|p2a: Espathra\n|-boost|p2a: Espathra|spa|1\n|-boost|p2a: Espathra|spd|1\n|move|p1a: Palafin|Flip Turn|p2a: Espathra\n|-damage|p2a: Espathra|68\/100\n|\n|t:|1698466398\n|detailschange|p1a: Palafin|Palafin-Hero, M\n|switch|p1a: Dusclops|Dusclops, M|100\/100|[from] Flip Turn\n|-ability|p1a: Dusclops|Pressure\n|\n|-ability|p2a: Espathra|Speed Boost|boost\n|-boost|p2a: Espathra|spe|1\n|upkeep\n|turn|3\n|\n|t:|1698466405\n|move|p2a: Espathra|Protect|p2a: Espathra\n|-singleturn|p2a: Espathra|Protect\n|move|p1a: Dusclops|Night Shade|p2a: Espathra\n|-activate|p2a: Espathra|move: Protect\n|\n|-ability|p2a: Espathra|Speed Boost|boost\n|-boost|p2a: Espathra|spe|1\n|upkeep\n|turn|4\n|j| incredibleking\n|\n|t:|1698466409\n|move|p2a: Espathra|Calm Mind|p2a: Espathra\n|-boost|p2a: Espathra|spa|1\n|-boost|p2a: Espathra|spd|1\n|move|p1a: Dusclops|Haze|p1a: Dusclops\n|-clearallboost\n|\n|-ability|p2a: Espathra|Speed Boost|boost\n|-boost|p2a: Espathra|spe|1\n|upkeep\n|turn|5\n|\n|t:|1698466422\n|switch|p2a: Cyclizar|Cyclizar, M|84\/100\n|move|p1a: Dusclops|Night Shade|p2a: Cyclizar\n|-immune|p2a: Cyclizar\n|\n|upkeep\n|turn|6\n|\n|t:|1698466428\n|switch|p1a: Palafin|Palafin-Hero, M|100\/100\n|-activate|p1a: Palafin|ability: Zero to Hero\n|move|p2a: Cyclizar|Knock Off|p1a: Palafin\n|-damage|p1a: Palafin|79\/100\n|-enditem|p1a: Palafin|Choice Band|[from] move: Knock Off|[of] p2a: Cyclizar\n|\n|upkeep\n|turn|7\n|\n|t:|1698466438\n|move|p2a: Cyclizar|Shed Tail|p2a: Cyclizar\n|-start|p2a: Cyclizar|Substitute|[from] move: Shed Tail\n|-damage|p2a: Cyclizar|34\/100\n|\n|t:|1698466443\n|switch|p2a: Rillaboom|Rillaboom, F|100\/100|[from] Shed Tail\n|-fieldstart|move: Grassy Terrain|[from] ability: Grassy Surge|[of] p2a: Rillaboom\n|move|p1a: Palafin|Flip Turn|p2a: Rillaboom\n|-resisted|p2a: Rillaboom\n|-activate|p2a: Rillaboom|move: Substitute|[damage]\n|\n|t:|1698466452\n|switch|p1a: Zacian|Zacian|100\/100|[from] Flip Turn\n|-ability|p1a: Zacian|Intrepid Sword|boost\n|-boost|p1a: Zacian|atk|1\n|\n|upkeep\n|turn|8\n|\n|t:|1698466457\n|move|p2a: Rillaboom|Grassy Glide|p1a: Zacian\n|-damage|p1a: Zacian|45\/100\n|move|p1a: Zacian|Play Rough|p2a: Rillaboom|[miss]\n|-miss|p1a: Zacian|p2a: Rillaboom\n|\n|-heal|p1a: Zacian|51\/100|[from] Grassy Terrain\n|upkeep\n|turn|9\n|\n|t:|1698466465\n|switch|p1a: Arceus|Arceus-Grass|100\/100\n|move|p2a: Rillaboom|Grassy Glide|p1a: Arceus\n|-resisted|p1a: Arceus\n|-damage|p1a: Arceus|79\/100\n|\n|-heal|p1a: Arceus|85\/100|[from] Grassy Terrain\n|upkeep\n|turn|10\n|\n|t:|1698466481\n|switch|p2a: Chi-Yu|Chi-Yu|100\/100\n|-ability|p2a: Chi-Yu|Beads of Ruin\n|move|p1a: Arceus|Judgment|p2a: Chi-Yu\n|-resisted|p2a: Chi-Yu\n|-damage|p2a: Chi-Yu|64\/100\n|\n|-heal|p2a: Chi-Yu|70\/100|[from] Grassy Terrain\n|-heal|p1a: Arceus|91\/100|[from] Grassy Terrain\n|upkeep\n|turn|11\n|\n|t:|1698466491\n|switch|p1a: Dusclops|Dusclops, M|100\/100\n|-ability|p1a: Dusclops|Pressure\n|move|p2a: Chi-Yu|Fire Blast|p1a: Dusclops\n|-damage|p1a: Dusclops|51\/100\n|\n|-heal|p2a: Chi-Yu|76\/100|[from] Grassy Terrain\n|-heal|p1a: Dusclops|57\/100|[from] Grassy Terrain\n|-fieldend|move: Grassy Terrain\n|upkeep\n|turn|12\n|\n|t:|1698466498\n|switch|p2a: Cyclizar|Cyclizar, M|67\/100\n|move|p1a: Dusclops|Night Shade|p2a: Cyclizar\n|-immune|p2a: Cyclizar\n|\n|upkeep\n|turn|13\n|\n|t:|1698466505\n|switch|p1a: AIYAH GG'S|Grafaiai, M|100\/100\n|move|p2a: Cyclizar|U-turn|p1a: AIYAH GG'S\n|-resisted|p1a: AIYAH GG'S\n|-damage|p1a: AIYAH GG'S|84\/100\n|\n|t:|1698466513\n|switch|p2a: Rillaboom|Rillaboom, F|100\/100|[from] U-turn\n|-fieldstart|move: Grassy Terrain|[from] ability: Grassy Surge|[of] p2a: Rillaboom\n|\n|-heal|p1a: AIYAH GG'S|90\/100|[from] Grassy Terrain\n|upkeep\n|turn|14\n|\n|t:|1698466519\n|move|p1a: AIYAH GG'S|Copycat|p1a: AIYAH GG'S\n|move|p1a: AIYAH GG'S|U-turn|p2a: Rillaboom|[from]move: Copycat\n|-supereffective|p2a: Rillaboom\n|-damage|p2a: Rillaboom|46\/100\n|\n|t:|1698466524\n|switch|p1a: Dusclops|Dusclops, M|57\/100|[from] U-turn\n|-ability|p1a: Dusclops|Pressure\n|move|p2a: Rillaboom|Knock Off|p1a: Dusclops\n|-supereffective|p1a: Dusclops\n|-damage|p1a: Dusclops|0 fnt\n|-enditem|p1a: Dusclops|Eviolite|[from] move: Knock Off|[of] p2a: Rillaboom\n|faint|p1a: Dusclops\n|\n|-heal|p2a: Rillaboom|52\/100|[from] Grassy Terrain\n|upkeep\n|\n|t:|1698466530\n|switch|p1a: AIYAH GG'S|Grafaiai, M|90\/100\n|turn|15\n|\n|t:|1698466542\n|switch|p2a: Okidogi|Okidogi, M|100\/100\n|move|p1a: AIYAH GG'S|Gunk Shot|p2a: Okidogi\n|-resisted|p2a: Okidogi\n|-damage|p2a: Okidogi|67\/100\n|\n|-heal|p1a: AIYAH GG'S|96\/100|[from] Grassy Terrain\n|-heal|p2a: Okidogi|73\/100|[from] Grassy Terrain\n|-heal|p2a: Okidogi|79\/100|[from] item: Leftovers\n|upkeep\n|turn|16\n|\n|t:|1698466548\n|switch|p1a: Palafin|Palafin-Hero, M|79\/100\n|move|p2a: Okidogi|Bulk Up|p2a: Okidogi\n|-boost|p2a: Okidogi|atk|1\n|-boost|p2a: Okidogi|def|1\n|\n|-heal|p1a: Palafin|85\/100|[from] Grassy Terrain\n|-heal|p2a: Okidogi|85\/100|[from] Grassy Terrain\n|-heal|p2a: Okidogi|91\/100|[from] item: Leftovers\n|upkeep\n|turn|17\n|\n|t:|1698466556\n|-terastallize|p1a: Palafin|Water\n|move|p1a: Palafin|Flip Turn|p2a: Okidogi\n|-damage|p2a: Okidogi|62\/100\n|\n|t:|1698466561\n|switch|p1a: Magearna|Magearna|100\/100|[from] Flip Turn\n|move|p2a: Okidogi|Bulk Up|p2a: Okidogi\n|-boost|p2a: Okidogi|atk|1\n|-boost|p2a: Okidogi|def|1\n|\n|-heal|p2a: Okidogi|68\/100|[from] Grassy Terrain\n|-heal|p2a: Okidogi|74\/100|[from] item: Leftovers\n|-fieldend|move: Grassy Terrain\n|upkeep\n|turn|18\n|\n|t:|1698466566\n|move|p2a: Okidogi|Drain Punch|p1a: Magearna\n|-damage|p1a: Magearna|52\/100\n|-heal|p2a: Okidogi|95\/100|[from] drain|[of] p1a: Magearna\n|move|p1a: Magearna|Fleur Cannon|p2a: Okidogi\n|-damage|p2a: Okidogi|44\/100\n|-unboost|p1a: Magearna|spa|2\n|\n|-heal|p2a: Okidogi|50\/100|[from] item: Leftovers\n|upkeep\n|turn|19\n|\n|t:|1698466570\n|move|p2a: Okidogi|Drain Punch|p1a: Magearna\n|-damage|p1a: Magearna|0 fnt\n|-heal|p2a: Okidogi|72\/100|[from] drain|[of] p1a: Magearna\n|faint|p1a: Magearna\n|\n|-heal|p2a: Okidogi|78\/100|[from] item: Leftovers\n|upkeep\n|\n|t:|1698466573\n|switch|p1a: Palafin|Palafin-Hero, M, tera:Water|85\/100\n|turn|20\n|\n|t:|1698466577\n|move|p1a: Palafin|Wave Crash|p2a: Okidogi\n|-damage|p2a: Okidogi|33\/100\n|-damage|p1a: Palafin|70\/100|[from] Recoil\n|move|p2a: Okidogi|Drain Punch|p1a: Palafin\n|-damage|p1a: Palafin|16\/100\n|-heal|p2a: Okidogi|61\/100|[from] drain|[of] p1a: Palafin\n|\n|-heal|p2a: Okidogi|67\/100|[from] item: Leftovers\n|upkeep\n|turn|21\n|\n|t:|1698466581\n|move|p1a: Palafin|Flip Turn|p2a: Okidogi\n|-damage|p2a: Okidogi|45\/100\n|\n|t:|1698466583\n|switch|p1a: Zacian|Zacian|51\/100|[from] Flip Turn\n|move|p2a: Okidogi|Drain Punch|p1a: Zacian\n|-resisted|p1a: Zacian\n|-damage|p1a: Zacian|20\/100\n|-heal|p2a: Okidogi|59\/100|[from] drain|[of] p1a: Zacian\n|\n|-heal|p2a: Okidogi|65\/100|[from] item: Leftovers\n|upkeep\n|turn|22\n|\n|t:|1698466588\n|move|p1a: Zacian|Play Rough|p2a: Okidogi\n|-damage|p2a: Okidogi|46\/100\n|move|p2a: Okidogi|Poison Jab|p1a: Zacian\n|-supereffective|p1a: Zacian\n|-damage|p1a: Zacian|0 fnt\n|faint|p1a: Zacian\n|\n|-heal|p2a: Okidogi|52\/100|[from] item: Leftovers\n|upkeep\n|\n|t:|1698466593\n|switch|p1a: Palafin|Palafin-Hero, M, tera:Water|16\/100\n|turn|23\n|\n|t:|1698466597\n|move|p1a: Palafin|Wave Crash|p2a: Okidogi\n|-damage|p2a: Okidogi|8\/100\n|-damage|p1a: Palafin|1\/100|[from] Recoil\n|move|p2a: Okidogi|Drain Punch|p1a: Palafin\n|-damage|p1a: Palafin|0 fnt\n|-heal|p2a: Okidogi|9\/100|[from] drain|[of] p1a: Palafin\n|faint|p1a: Palafin\n|\n|-heal|p2a: Okidogi|15\/100|[from] item: Leftovers\n|upkeep\n|\n|t:|1698466601\n|switch|p1a: Arceus|Arceus-Grass|91\/100\n|turn|24\n|\n|t:|1698466607\n|move|p1a: Arceus|Judgment|p2a: Okidogi\n|-resisted|p2a: Okidogi\n|-damage|p2a: Okidogi|0 fnt\n|faint|p2a: Okidogi\n|\n|upkeep\n|-message|Kabunger forfeited.\n|\n|win|FrostyRandom02\n|l|\u2606Kabunger\n","uploadtime":1698466615,"views":23,"p1id":"kabunger","p2id":"frostyrandom02","formatid":"gen9ubers","rating":0,"private":0,"password":""}