{"id":"gen9ubers-1994511344","p1":"TheJuicyJake","p2":"Seior","format":"[Gen 9] Ubers","log":"|j|\u2606TheJuicyJake\n|j|\u2606Seior\n|t:|1700452674\n|gametype|singles\n|player|p1|TheJuicyJake|boarder|\n|player|p2|Seior|carmine|\n|teamsize|p1|6\n|teamsize|p2|6\n|gen|9\n|tier|[Gen 9] Ubers\n|rule|Sleep Clause Mod: Limit one foe put to sleep\n|rule|Species Clause: Limit one of each Pok\u00e9mon\n|rule|OHKO Clause: OHKO moves are banned\n|rule|Evasion Items Clause: Evasion items are banned\n|rule|Evasion Moves Clause: Evasion moves are banned\n|rule|Endless Battle Clause: Forcing endless battles is banned\n|rule|HP Percentage Mod: HP is shown in percentages\n|clearpoke\n|poke|p1|Charizard, F|\n|poke|p1|Iron Treads|\n|poke|p1|Torkoal, F|\n|poke|p1|Scream Tail|\n|poke|p1|Walking Wake|\n|poke|p1|Sableye, F|\n|poke|p2|Ninetales-Alola, F|\n|poke|p2|Weezing, M|\n|poke|p2|Braviary-Hisui, M|\n|poke|p2|Houndoom, M|\n|poke|p2|Sandslash-Alola, M|\n|poke|p2|Zamazenta-*|\n|teampreview\n|\n|t:|1700452736\n|start\n|switch|p1a: Iron Treads|Iron Treads|100\/100\n|switch|p2a: Sandslash|Sandslash-Alola, M, shiny|100\/100\n|-enditem|p1a: Iron Treads|Booster Energy\n|-activate|p1a: Iron Treads|ability: Quark Drive|[fromitem]\n|-start|p1a: Iron Treads|quarkdrivespe\n|turn|1\n|\n|t:|1700452750\n|-terastallize|p2a: Sandslash|Ghost\n|move|p1a: Iron Treads|Heavy Slam|p2a: Sandslash\n|-damage|p2a: Sandslash|67\/100\n|move|p2a: Sandslash|Stealth Rock|p1a: Iron Treads\n|-sidestart|p1: TheJuicyJake|move: Stealth Rock\n|\n|upkeep\n|turn|2\n|j| BPLD\n|j| PorygonTheBot\n|\n|t:|1700452791\n|move|p1a: Iron Treads|Earthquake|p2a: Sandslash\n|-damage|p2a: Sandslash|34\/100\n|move|p2a: Sandslash|Earthquake|p1a: Iron Treads\n|-supereffective|p1a: Iron Treads\n|-damage|p1a: Iron Treads|58\/100\n|\n|upkeep\n|turn|3\n|c| PorygonTheBot|I hope I win!\n|\n|t:|1700452821\n|switch|p2a: Braviary|Braviary-Hisui, M, shiny|100\/100\n|move|p1a: Iron Treads|Volt Switch|p2a: Braviary\n|-supereffective|p2a: Braviary\n|-damage|p2a: Braviary|77\/100\n|\n|t:|1700452861\n|-end|p1a: Iron Treads|Quark Drive|[silent]\n|switch|p1a: Walking Wake|Walking Wake|100\/100|[from] Volt Switch\n|-damage|p1a: Walking Wake|88\/100|[from] Stealth Rock\n|\n|upkeep\n|turn|4\n|\n|t:|1700452870\n|switch|p2a: Ninetales|Ninetales-Alola, F, shiny|100\/100\n|-weather|Snow|[from] ability: Snow Warning|[of] p2a: Ninetales\n|move|p1a: Walking Wake|Flamethrower|p2a: Ninetales\n|-supereffective|p2a: Ninetales\n|-damage|p2a: Ninetales|21\/100\n|\n|-weather|Snow|[upkeep]\n|upkeep\n|turn|5\n|\n|t:|1700452892\n|-end|p1a: Walking Wake|Protosynthesis|[silent]\n|switch|p1a: Torkoal|Torkoal, F|100\/100\n|-damage|p1a: Torkoal|75\/100|[from] Stealth Rock\n|-weather|SunnyDay|[from] ability: Drought|[of] p1a: Torkoal\n|move|p2a: Ninetales|Freeze-Dry|p1a: Torkoal\n|-resisted|p1a: Torkoal\n|-damage|p1a: Torkoal|59\/100\n|\n|-weather|SunnyDay|[upkeep]\n|upkeep\n|turn|6\n|\n|t:|1700452902\n|switch|p2a: Houndoom|Houndoom, M|100\/100\n|move|p1a: Torkoal|Rapid Spin|p2a: Houndoom\n|-damage|p2a: Houndoom|82\/100\n|-boost|p1a: Torkoal|spe|1\n|-enditem|p2a: Houndoom|Mirror Herb\n|-boost|p2a: Houndoom|spe|1|[from] item: Mirror Herb\n|-sideend|p1: TheJuicyJake|Stealth Rock|[from] move: Rapid Spin|[of] p1a: Torkoal\n|\n|-weather|SunnyDay|[upkeep]\n|upkeep\n|turn|7\n|\n|t:|1700452920\n|move|p2a: Houndoom|Dark Pulse|p1a: Torkoal\n|-damage|p1a: Torkoal|7\/100\n|move|p1a: Torkoal|Stealth Rock|p2a: Houndoom\n|-sidestart|p2: Seior|move: Stealth Rock\n|\n|-weather|SunnyDay|[upkeep]\n|upkeep\n|turn|8\n|\n|t:|1700452935\n|switch|p1a: Scream Tail|Scream Tail|100\/100\n|-activate|p1a: Scream Tail|ability: Protosynthesis\n|-start|p1a: Scream Tail|protosynthesisspe\n|move|p2a: Houndoom|Dark Pulse|p1a: Scream Tail\n|-damage|p1a: Scream Tail|74\/100\n|\n|-weather|SunnyDay|[upkeep]\n|-heal|p1a: Scream Tail|80\/100|[from] item: Leftovers\n|upkeep\n|turn|9\n|\n|t:|1700452946\n|move|p1a: Scream Tail|Bulk Up|p1a: Scream Tail\n|-boost|p1a: Scream Tail|atk|1\n|-boost|p1a: Scream Tail|def|1\n|move|p2a: Houndoom|Flamethrower|p1a: Scream Tail\n|-damage|p1a: Scream Tail|39\/100\n|\n|-weather|none\n|-end|p1a: Scream Tail|Protosynthesis\n|-heal|p1a: Scream Tail|45\/100|[from] item: Leftovers\n|upkeep\n|turn|10\n|\n|t:|1700452951\n|move|p2a: Houndoom|Destiny Bond|p2a: Houndoom\n|-singlemove|p2a: Houndoom|Destiny Bond\n|move|p1a: Scream Tail|Drain Punch|p2a: Houndoom\n|-supereffective|p2a: Houndoom\n|-damage|p2a: Houndoom|8\/100\n|-heal|p1a: Scream Tail|70\/100|[from] drain|[of] p2a: Houndoom\n|\n|-heal|p1a: Scream Tail|76\/100|[from] item: Leftovers\n|upkeep\n|turn|11\n|\n|t:|1700452969\n|move|p2a: Houndoom|Flamethrower|p1a: Scream Tail\n|-damage|p1a: Scream Tail|49\/100\n|move|p1a: Scream Tail|Drain Punch|p2a: Houndoom\n|-supereffective|p2a: Houndoom\n|-damage|p2a: Houndoom|0 fnt\n|-heal|p1a: Scream Tail|51\/100|[from] drain|[of] p2a: Houndoom\n|faint|p2a: Houndoom\n|\n|-heal|p1a: Scream Tail|58\/100|[from] item: Leftovers\n|upkeep\n|\n|t:|1700452984\n|switch|p2a: Sandslash|Sandslash-Alola, M, shiny, tera:Ghost|34\/100\n|turn|12\n|\n|t:|1700452988\n|move|p1a: Scream Tail|Psychic Fangs|p2a: Sandslash\n|-damage|p2a: Sandslash|13\/100\n|move|p2a: Sandslash|Rapid Spin|p1a: Scream Tail\n|-damage|p1a: Scream Tail|51\/100\n|-boost|p2a: Sandslash|spe|1\n|-sideend|p2: Seior|Stealth Rock|[from] move: Rapid Spin|[of] p2a: Sandslash\n|\n|-heal|p1a: Scream Tail|57\/100|[from] item: Leftovers\n|upkeep\n|turn|13\n|\n|t:|1700453009\n|switch|p2a: Braviary|Braviary-Hisui, M, shiny|77\/100\n|move|p1a: Scream Tail|Psychic Fangs|p2a: Braviary\n|-resisted|p2a: Braviary\n|-damage|p2a: Braviary|61\/100\n|\n|-heal|p1a: Scream Tail|63\/100|[from] item: Leftovers\n|upkeep\n|turn|14\n|\n|t:|1700453017\n|move|p1a: Scream Tail|Psychic Fangs|p2a: Braviary\n|-resisted|p2a: Braviary\n|-damage|p2a: Braviary|45\/100\n|move|p2a: Braviary|Roost|p2a: Braviary\n|-heal|p2a: Braviary|95\/100\n|-singleturn|p2a: Braviary|move: Roost\n|\n|-heal|p1a: Scream Tail|69\/100|[from] item: Leftovers\n|upkeep\n|turn|15\n|\n|t:|1700453022\n|move|p1a: Scream Tail|Bulk Up|p1a: Scream Tail\n|-boost|p1a: Scream Tail|atk|1\n|-boost|p1a: Scream Tail|def|1\n|move|p2a: Braviary|Calm Mind|p2a: Braviary\n|-boost|p2a: Braviary|spa|1\n|-boost|p2a: Braviary|spd|1\n|\n|-heal|p1a: Scream Tail|76\/100|[from] item: Leftovers\n|upkeep\n|turn|16\n|\n|t:|1700453024\n|move|p1a: Scream Tail|Encore|p2a: Braviary\n|-start|p2a: Braviary|Encore\n|move|p2a: Braviary|Calm Mind|p2a: Braviary\n|-boost|p2a: Braviary|spa|1\n|-boost|p2a: Braviary|spd|1\n|\n|-heal|p1a: Scream Tail|82\/100|[from] item: Leftovers\n|upkeep\n|turn|17\n|\n|t:|1700453042\n|move|p1a: Scream Tail|Bulk Up|p1a: Scream Tail\n|-boost|p1a: Scream Tail|atk|1\n|-boost|p1a: Scream Tail|def|1\n|move|p2a: Braviary|Calm Mind|p2a: Braviary\n|-boost|p2a: Braviary|spa|1\n|-boost|p2a: Braviary|spd|1\n|\n|-heal|p1a: Scream Tail|88\/100|[from] item: Leftovers\n|upkeep\n|turn|18\n|\n|t:|1700453047\n|move|p1a: Scream Tail|Bulk Up|p1a: Scream Tail\n|-boost|p1a: Scream Tail|atk|1\n|-boost|p1a: Scream Tail|def|1\n|move|p2a: Braviary|Calm Mind|p2a: Braviary\n|-boost|p2a: Braviary|spa|1\n|-boost|p2a: Braviary|spd|1\n|\n|-heal|p1a: Scream Tail|94\/100|[from] item: Leftovers\n|-end|p2a: Braviary|Encore\n|upkeep\n|turn|19\n|\n|t:|1700453055\n|switch|p2a: Ninetales|Ninetales-Alola, F, shiny|21\/100\n|-weather|Snow|[from] ability: Snow Warning|[of] p2a: Ninetales\n|move|p1a: Scream Tail|Encore||[still]\n|-fail|p1a: Scream Tail\n|\n|-weather|Snow|[upkeep]\n|-heal|p1a: Scream Tail|100\/100|[from] item: Leftovers\n|upkeep\n|turn|20\n|\n|t:|1700453060\n|move|p1a: Scream Tail|Psychic Fangs|p2a: Ninetales\n|-damage|p2a: Ninetales|0 fnt\n|faint|p2a: Ninetales\n|\n|-weather|Snow|[upkeep]\n|upkeep\n|\n|t:|1700453065\n|switch|p2a: Braviary|Braviary-Hisui, M, shiny|95\/100\n|turn|21\n|\n|t:|1700453070\n|move|p1a: Scream Tail|Psychic Fangs|p2a: Braviary\n|-resisted|p2a: Braviary\n|-damage|p2a: Braviary|59\/100\n|move|p2a: Braviary|Esper Wing|p1a: Scream Tail\n|-resisted|p1a: Scream Tail\n|-damage|p1a: Scream Tail|80\/100\n|-boost|p2a: Braviary|spe|1\n|\n|-weather|Snow|[upkeep]\n|-heal|p1a: Scream Tail|86\/100|[from] item: Leftovers\n|upkeep\n|turn|22\n|\n|t:|1700453074\n|move|p2a: Braviary|Esper Wing|p1a: Scream Tail\n|-resisted|p1a: Scream Tail\n|-damage|p1a: Scream Tail|63\/100\n|-boost|p2a: Braviary|spe|1\n|move|p1a: Scream Tail|Psychic Fangs|p2a: Braviary\n|-resisted|p2a: Braviary\n|-damage|p2a: Braviary|23\/100\n|\n|-weather|Snow|[upkeep]\n|-heal|p1a: Scream Tail|70\/100|[from] item: Leftovers\n|upkeep\n|turn|23\n|\n|t:|1700453079\n|move|p2a: Braviary|Roost|p2a: Braviary\n|-heal|p2a: Braviary|73\/100\n|-singleturn|p2a: Braviary|move: Roost\n|move|p1a: Scream Tail|Psychic Fangs|p2a: Braviary\n|-resisted|p2a: Braviary\n|-damage|p2a: Braviary|37\/100\n|\n|-weather|none\n|-heal|p1a: Scream Tail|76\/100|[from] item: Leftovers\n|upkeep\n|turn|24\n|\n|t:|1700453089\n|move|p2a: Braviary|Esper Wing|p1a: Scream Tail\n|-resisted|p1a: Scream Tail\n|-damage|p1a: Scream Tail|53\/100\n|-boost|p2a: Braviary|spe|1\n|move|p1a: Scream Tail|Encore|p2a: Braviary\n|-start|p2a: Braviary|Encore\n|\n|-heal|p1a: Scream Tail|59\/100|[from] item: Leftovers\n|upkeep\n|turn|25\n|\n|t:|1700453096\n|move|p2a: Braviary|Esper Wing|p1a: Scream Tail\n|-resisted|p1a: Scream Tail\n|-damage|p1a: Scream Tail|36\/100\n|-boost|p2a: Braviary|spe|1\n|move|p1a: Scream Tail|Psychic Fangs|p2a: Braviary\n|-resisted|p2a: Braviary\n|-damage|p2a: Braviary|6\/100\n|\n|-heal|p1a: Scream Tail|43\/100|[from] item: Leftovers\n|upkeep\n|turn|26\n|\n|t:|1700453099\n|move|p2a: Braviary|Esper Wing|p1a: Scream Tail\n|-resisted|p1a: Scream Tail\n|-damage|p1a: Scream Tail|22\/100\n|-boost|p2a: Braviary|spe|1\n|move|p1a: Scream Tail|Psychic Fangs|p2a: Braviary\n|-resisted|p2a: Braviary\n|-damage|p2a: Braviary|0 fnt\n|faint|p2a: Braviary\n|\n|-heal|p1a: Scream Tail|28\/100|[from] item: Leftovers\n|upkeep\n|\n|t:|1700453108\n|switch|p2a: Weezing|Weezing, M, shiny|100\/100\n|turn|27\n|\n|t:|1700453112\n|move|p1a: Scream Tail|Psychic Fangs|p2a: Weezing\n|-supereffective|p2a: Weezing\n|-damage|p2a: Weezing|0 fnt\n|faint|p2a: Weezing\n|\n|-heal|p1a: Scream Tail|34\/100|[from] item: Leftovers\n|upkeep\n|\n|t:|1700453114\n|switch|p2a: Zamazenta|Zamazenta-Crowned, shiny|100\/100\n|-ability|p2a: Zamazenta|Dauntless Shield|boost\n|-boost|p2a: Zamazenta|def|1\n|turn|28\n|\n|t:|1700453121\n|move|p2a: Zamazenta|Heavy Slam|p1a: Scream Tail\n|-supereffective|p1a: Scream Tail\n|-damage|p1a: Scream Tail|8\/100\n|move|p1a: Scream Tail|Drain Punch|p2a: Zamazenta\n|-supereffective|p2a: Zamazenta\n|-damage|p2a: Zamazenta|72\/100\n|-heal|p1a: Scream Tail|21\/100|[from] drain|[of] p2a: Zamazenta\n|\n|-heal|p1a: Scream Tail|27\/100|[from] item: Leftovers\n|upkeep\n|turn|29\n|\n|t:|1700453126\n|move|p2a: Zamazenta|Heavy Slam|p1a: Scream Tail\n|-supereffective|p1a: Scream Tail\n|-damage|p1a: Scream Tail|0 fnt\n|faint|p1a: Scream Tail\n|-end|p1a: Scream Tail|Protosynthesis|[silent]\n|\n|upkeep\n|-message|Seior forfeited.\n|\n|win|TheJuicyJake\n|l| PorygonTheBot\n","uploadtime":1700453135,"views":10,"p1id":"thejuicyjake","p2id":"seior","formatid":"gen9ubers","rating":0,"private":0,"password":""}