{"id":"gen9ubers-1970895568","p1":"itadori11","p2":"tombstoan","format":"[Gen 9] Ubers","log":"|j|\u2606itadori11\n|j|\u2606tombstoan\n|t:|1697678288\n|gametype|singles\n|player|p1|itadori11|cynthia-gen4|\n|player|p2|tombstoan|lucas|\n|teamsize|p1|6\n|teamsize|p2|6\n|gen|9\n|tier|[Gen 9] Ubers\n|rule|Sleep Clause Mod: Limit one foe put to sleep\n|rule|Species Clause: Limit one of each Pok\u00e9mon\n|rule|OHKO Clause: OHKO moves are banned\n|rule|Evasion Items Clause: Evasion items are banned\n|rule|Evasion Moves Clause: Evasion moves are banned\n|rule|Endless Battle Clause: Forcing endless battles is banned\n|rule|HP Percentage Mod: HP is shown in percentages\n|clearpoke\n|poke|p1|Staraptor, M|\n|poke|p1|Gardevoir, M|\n|poke|p1|Cyclizar, F|\n|poke|p1|Gholdengo|\n|poke|p1|Garganacl, F|\n|poke|p1|Cloyster, M|\n|poke|p2|Sinistcha|\n|poke|p2|Ninetales-Alola, F|\n|poke|p2|Clefable, M|\n|poke|p2|Azumarill, F|\n|poke|p2|Amoonguss, F|\n|poke|p2|Dragapult, F|\n|teampreview\n|\n|t:|1697678318\n|start\n|switch|p1a: Cyclizar|Cyclizar, F|100\/100\n|switch|p2a: Ninetales|Ninetales-Alola, F|100\/100\n|-weather|Snow|[from] ability: Snow Warning|[of] p2a: Ninetales\n|turn|1\n|\n|t:|1697678330\n|move|p1a: Cyclizar|Shed Tail|p1a: Cyclizar\n|-start|p1a: Cyclizar|Substitute|[from] move: Shed Tail\n|-damage|p1a: Cyclizar|50\/100\n|-enditem|p1a: Cyclizar|Sitrus Berry|[eat]\n|-heal|p1a: Cyclizar|75\/100|[from] item: Sitrus Berry\n|\n|t:|1697678344\n|switch|p1a: Cloyster|Cloyster, M, shiny|100\/100|[from] Shed Tail\n|move|p2a: Ninetales|Aurora Veil|p2a: Ninetales\n|-sidestart|p2: tombstoan|move: Aurora Veil\n|\n|-weather|Snow|[upkeep]\n|upkeep\n|turn|2\n|\n|t:|1697678353\n|move|p2a: Ninetales|Freeze-Dry|p1a: Cloyster\n|-end|p1a: Cloyster|Substitute\n|move|p1a: Cloyster|Shell Smash|p1a: Cloyster\n|-unboost|p1a: Cloyster|def|1\n|-unboost|p1a: Cloyster|spd|1\n|-boost|p1a: Cloyster|atk|2\n|-boost|p1a: Cloyster|spa|2\n|-boost|p1a: Cloyster|spe|2\n|-enditem|p1a: Cloyster|White Herb\n|-clearnegativeboost|p1a: Cloyster|[silent]\n|\n|-weather|Snow|[upkeep]\n|upkeep\n|turn|3\n|\n|t:|1697678366\n|move|p1a: Cloyster|Rock Blast|p2a: Ninetales\n|-supereffective|p2a: Ninetales\n|-damage|p2a: Ninetales|83\/100\n|-supereffective|p2a: Ninetales\n|-damage|p2a: Ninetales|66\/100\n|-supereffective|p2a: Ninetales\n|-damage|p2a: Ninetales|50\/100\n|-supereffective|p2a: Ninetales\n|-damage|p2a: Ninetales|35\/100\n|-supereffective|p2a: Ninetales\n|-damage|p2a: Ninetales|19\/100\n|-hitcount|p2a: Ninetales|5\n|move|p2a: Ninetales|Freeze-Dry|p1a: Cloyster\n|-damage|p1a: Cloyster|31\/100\n|\n|-weather|Snow|[upkeep]\n|upkeep\n|turn|4\n|\n|t:|1697678381\n|move|p1a: Cloyster|Rock Blast|p2a: Ninetales\n|-supereffective|p2a: Ninetales\n|-damage|p2a: Ninetales|3\/100\n|-supereffective|p2a: Ninetales\n|-damage|p2a: Ninetales|0 fnt\n|faint|p2a: Ninetales\n|-hitcount|p2: Ninetales|2\n|\n|-weather|Snow|[upkeep]\n|upkeep\n|\n|t:|1697678389\n|switch|p2a: Azumarill|Azumarill, F|100\/100\n|turn|5\n|\n|t:|1697678430\n|move|p1a: Cloyster|Icicle Spear|p2a: Azumarill\n|-resisted|p2a: Azumarill\n|-damage|p2a: Azumarill|95\/100\n|-resisted|p2a: Azumarill\n|-damage|p2a: Azumarill|90\/100\n|-resisted|p2a: Azumarill\n|-damage|p2a: Azumarill|84\/100\n|-resisted|p2a: Azumarill\n|-crit|p2a: Azumarill\n|-damage|p2a: Azumarill|67\/100\n|-resisted|p2a: Azumarill\n|-damage|p2a: Azumarill|62\/100\n|-hitcount|p2a: Azumarill|5\n|move|p2a: Azumarill|Belly Drum|p2a: Azumarill\n|-damage|p2a: Azumarill|12\/100\n|-setboost|p2a: Azumarill|atk|6|[from] move: Belly Drum\n|-enditem|p2a: Azumarill|Sitrus Berry|[eat]\n|-heal|p2a: Azumarill|37\/100|[from] item: Sitrus Berry\n|\n|-weather|none\n|upkeep\n|turn|6\n|\n|t:|1697678447\n|move|p2a: Azumarill|Aqua Jet|p1a: Cloyster\n|-resisted|p1a: Cloyster\n|-damage|p1a: Cloyster|11\/100\n|move|p1a: Cloyster|Rock Blast|p2a: Azumarill\n|-damage|p2a: Azumarill|29\/100\n|-damage|p2a: Azumarill|22\/100\n|-damage|p2a: Azumarill|14\/100\n|-damage|p2a: Azumarill|6\/100\n|-damage|p2a: Azumarill|0 fnt\n|faint|p2a: Azumarill\n|-hitcount|p2: Azumarill|5\n|\n|upkeep\n|\n|t:|1697678480\n|switch|p2a: Clefable|Clefable, M|100\/100\n|turn|7\n|\n|t:|1697678489\n|move|p1a: Cloyster|Icicle Spear|p2a: Clefable\n|-damage|p2a: Clefable|87\/100\n|-damage|p2a: Clefable|73\/100\n|-damage|p2a: Clefable|60\/100\n|-damage|p2a: Clefable|48\/100\n|-damage|p2a: Clefable|35\/100\n|-hitcount|p2a: Clefable|5\n|move|p2a: Clefable|Flamethrower|p1a: Cloyster\n|-damage|p1a: Cloyster|0 fnt\n|faint|p1a: Cloyster\n|\n|-heal|p2a: Clefable|41\/100|[from] item: Leftovers\n|upkeep\n|\n|t:|1697678505\n|switch|p1a: Gholdengo|Gholdengo|100\/100\n|turn|8\n|\n|t:|1697678516\n|move|p1a: Gholdengo|Make It Rain|p2a: Clefable\n|-supereffective|p2a: Clefable\n|-damage|p2a: Clefable|0 fnt\n|-unboost|p1a: Gholdengo|spa|1\n|faint|p2a: Clefable\n|\n|-sideend|p2: tombstoan|move: Aurora Veil\n|upkeep\n|\n|t:|1697678532\n|switch|p2a: Dragapult|Dragapult, F|100\/100\n|turn|9\n|\n|t:|1697678548\n|switch|p1a: Cyclizar|Cyclizar, F|100\/100\n|move|p2a: Dragapult|Flamethrower|p1a: Cyclizar\n|-resisted|p1a: Cyclizar\n|-crit|p1a: Cyclizar\n|-damage|p1a: Cyclizar|51\/100\n|\n|upkeep\n|turn|10\n|\n|t:|1697678566\n|switch|p2a: Sinistcha|Sinistcha|100\/100\n|move|p1a: Cyclizar|Shed Tail|p1a: Cyclizar\n|-fail|p1a: Cyclizar|move: Shed Tail|[weak]\n|\n|upkeep\n|turn|11\n|\n|t:|1697678584\n|move|p1a: Cyclizar|Overheat|p2a: Sinistcha\n|-supereffective|p2a: Sinistcha\n|-damage|p2a: Sinistcha|67\/100\n|-unboost|p1a: Cyclizar|spa|2\n|move|p2a: Sinistcha|Calm Mind|p2a: Sinistcha\n|-boost|p2a: Sinistcha|spa|1\n|-boost|p2a: Sinistcha|spd|1\n|\n|-heal|p2a: Sinistcha|73\/100|[from] item: Leftovers\n|upkeep\n|turn|12\n|\n|t:|1697678597\n|switch|p1a: Gholdengo|Gholdengo|100\/100\n|move|p2a: Sinistcha|Calm Mind|p2a: Sinistcha\n|-boost|p2a: Sinistcha|spa|1\n|-boost|p2a: Sinistcha|spd|1\n|\n|-heal|p2a: Sinistcha|79\/100|[from] item: Leftovers\n|upkeep\n|turn|13\n|\n|t:|1697678610\n|-terastallize|p2a: Sinistcha|Grass\n|move|p1a: Gholdengo|Shadow Ball|p2a: Sinistcha\n|-damage|p2a: Sinistcha|48\/100\n|move|p2a: Sinistcha|Shadow Ball|p1a: Gholdengo\n|-supereffective|p1a: Gholdengo\n|-damage|p1a: Gholdengo|0 fnt\n|faint|p1a: Gholdengo\n|\n|-heal|p2a: Sinistcha|54\/100|[from] item: Leftovers\n|upkeep\n|\n|t:|1697678621\n|switch|p1a: Staraptor|Staraptor, M, shiny|100\/100\n|-ability|p1a: Staraptor|Intimidate|boost\n|-unboost|p2a: Sinistcha|atk|1\n|turn|14\n|\n|t:|1697678629\n|move|p1a: Staraptor|Brave Bird|p2a: Sinistcha\n|-supereffective|p2a: Sinistcha\n|-damage|p2a: Sinistcha|0 fnt\n|faint|p2a: Sinistcha\n|-damage|p1a: Staraptor|81\/100|[from] Recoil\n|\n|upkeep\n|\n|t:|1697678640\n|switch|p2a: Dragapult|Dragapult, F|100\/100\n|turn|15\n|\n|t:|1697678649\n|move|p2a: Dragapult|Draco Meteor|p1a: Staraptor\n|-damage|p1a: Staraptor|0 fnt\n|-unboost|p2a: Dragapult|spa|2\n|faint|p1a: Staraptor\n|\n|upkeep\n|\n|t:|1697678659\n|switch|p1a: Gardevoir|Gardevoir, M|100\/100\n|turn|16\n|\n|t:|1697678665\n|switch|p2a: Amoonguss|Amoonguss, F|100\/100\n|move|p1a: Gardevoir|Moonblast|p2a: Amoonguss\n|-resisted|p2a: Amoonguss\n|-damage|p2a: Amoonguss|68\/100\n|-unboost|p2a: Amoonguss|spa|1\n|\n|upkeep\n|turn|17\n|\n|t:|1697678681\n|switch|p1a: Garganacl|Garganacl, F|100\/100\n|move|p2a: Amoonguss|Sludge Bomb|p1a: Garganacl\n|-resisted|p1a: Garganacl\n|-damage|p1a: Garganacl|92\/100\n|\n|-heal|p1a: Garganacl|98\/100|[from] item: Leftovers\n|upkeep\n|turn|18\n|\n|t:|1697678692\n|move|p1a: Garganacl|Iron Defense|p1a: Garganacl\n|-boost|p1a: Garganacl|def|2\n|move|p2a: Amoonguss|Giga Drain|p1a: Garganacl\n|-supereffective|p1a: Garganacl\n|-damage|p1a: Garganacl|68\/100\n|-heal|p2a: Amoonguss|82\/100|[from] drain|[of] p1a: Garganacl\n|\n|-heal|p1a: Garganacl|74\/100|[from] item: Leftovers\n|upkeep\n|turn|19\n|\n|t:|1697678709\n|move|p1a: Garganacl|Salt Cure|p2a: Amoonguss\n|-damage|p2a: Amoonguss|68\/100\n|-start|p2a: Amoonguss|Salt Cure\n|move|p2a: Amoonguss|Clear Smog|p1a: Garganacl\n|-resisted|p1a: Garganacl\n|-damage|p1a: Garganacl|70\/100\n|-clearboost|p1a: Garganacl\n|\n|-heal|p1a: Garganacl|76\/100|[from] item: Leftovers\n|-damage|p2a: Amoonguss|56\/100|[from] Salt Cure\n|upkeep\n|turn|20\n|\n|t:|1697678722\n|switch|p1a: Gardevoir|Gardevoir, M|100\/100\n|switch|p2a: Dragapult|Dragapult, F|100\/100\n|\n|upkeep\n|turn|21\n|\n|t:|1697678731\n|move|p2a: Dragapult|Shadow Ball|p1a: Gardevoir\n|-supereffective|p1a: Gardevoir\n|-damage|p1a: Gardevoir|0 fnt\n|faint|p1a: Gardevoir\n|\n|upkeep\n|\n|t:|1697678746\n|switch|p1a: Cyclizar|Cyclizar, F|84\/100\n|turn|22\n|\n|t:|1697678752\n|switch|p2a: Amoonguss|Amoonguss, F|89\/100\n|move|p1a: Cyclizar|Shed Tail|p1a: Cyclizar\n|-start|p1a: Cyclizar|Substitute|[from] move: Shed Tail\n|-damage|p1a: Cyclizar|34\/100\n|\n|t:|1697678757\n|switch|p1a: Garganacl|Garganacl, F|76\/100|[from] Shed Tail\n|\n|-heal|p1a: Garganacl|82\/100|[from] item: Leftovers\n|upkeep\n|turn|23\n|l|\u2606tombstoan\n|player|p2|\n|j|\u2606tombstoan\n|player|p2|tombstoan|lucas\n|\n|t:|1697678816\n|move|p1a: Garganacl|Earthquake|p2a: Amoonguss\n|-damage|p2a: Amoonguss|64\/100\n|move|p2a: Amoonguss|Giga Drain|p1a: Garganacl\n|-supereffective|p1a: Garganacl\n|-end|p1a: Garganacl|Substitute\n|-heal|p2a: Amoonguss|72\/100|[from] drain|[of] p1a: Garganacl\n|\n|-heal|p1a: Garganacl|88\/100|[from] item: Leftovers\n|upkeep\n|turn|24\n|\n|t:|1697678842\n|switch|p1a: Cyclizar|Cyclizar, F|67\/100\n|move|p2a: Amoonguss|Giga Drain|p1a: Cyclizar\n|-resisted|p1a: Cyclizar\n|-damage|p1a: Cyclizar|39\/100\n|-heal|p2a: Amoonguss|81\/100|[from] drain|[of] p1a: Cyclizar\n|\n|upkeep\n|turn|25\n|\n|t:|1697678852\n|switch|p2a: Dragapult|Dragapult, F|100\/100\n|move|p1a: Cyclizar|Hyper Voice|p2a: Dragapult\n|-immune|p2a: Dragapult\n|\n|upkeep\n|turn|26\n|\n|t:|1697678862\n|switch|p1a: Garganacl|Garganacl, F|88\/100\n|move|p2a: Dragapult|Draco Meteor|p1a: Garganacl\n|-damage|p1a: Garganacl|29\/100\n|-unboost|p2a: Dragapult|spa|2\n|\n|-heal|p1a: Garganacl|35\/100|[from] item: Leftovers\n|upkeep\n|turn|27\n|\n|t:|1697678889\n|move|p2a: Dragapult|Draco Meteor|p1a: Garganacl\n|-damage|p1a: Garganacl|5\/100\n|-unboost|p2a: Dragapult|spa|2\n|move|p1a: Garganacl|Recover|p1a: Garganacl\n|-heal|p1a: Garganacl|55\/100\n|\n|-heal|p1a: Garganacl|62\/100|[from] item: Leftovers\n|upkeep\n|turn|28\n|\n|t:|1697678898\n|switch|p2a: Amoonguss|Amoonguss, F|100\/100\n|move|p1a: Garganacl|Recover|p1a: Garganacl\n|-heal|p1a: Garganacl|100\/100\n|\n|upkeep\n|turn|29\n|\n|t:|1697678907\n|switch|p1a: Cyclizar|Cyclizar, F|72\/100\n|move|p2a: Amoonguss|Spore|p1a: Cyclizar\n|-status|p1a: Cyclizar|slp|[from] move: Spore\n|\n|upkeep\n|turn|30\n|\n|t:|1697678918\n|switch|p2a: Dragapult|Dragapult, F|100\/100\n|cant|p1a: Cyclizar|slp\n|\n|upkeep\n|turn|31\n|\n|t:|1697678947\n|switch|p1a: Garganacl|Garganacl, F|100\/100\n|move|p2a: Dragapult|Shadow Ball|p1a: Garganacl\n|-damage|p1a: Garganacl|82\/100\n|\n|-heal|p1a: Garganacl|88\/100|[from] item: Leftovers\n|upkeep\n|turn|32\n|\n|t:|1697678958\n|move|p2a: Dragapult|Shadow Ball|p1a: Garganacl\n|-damage|p1a: Garganacl|71\/100\n|move|p1a: Garganacl|Salt Cure|p2a: Dragapult\n|-crit|p2a: Dragapult\n|-damage|p2a: Dragapult|69\/100\n|-start|p2a: Dragapult|Salt Cure\n|\n|-heal|p1a: Garganacl|77\/100|[from] item: Leftovers\n|-damage|p2a: Dragapult|57\/100|[from] Salt Cure\n|upkeep\n|turn|33\n|\n|t:|1697678969\n|switch|p2a: Amoonguss|Amoonguss, F|100\/100\n|move|p1a: Garganacl|Recover|p1a: Garganacl\n|-heal|p1a: Garganacl|100\/100\n|\n|upkeep\n|turn|34\n|\n|t:|1697678977\n|switch|p1a: Cyclizar|Cyclizar, F|100\/100 slp\n|move|p2a: Amoonguss|Giga Drain|p1a: Cyclizar\n|-resisted|p1a: Cyclizar\n|-damage|p1a: Cyclizar|72\/100 slp\n|\n|upkeep\n|turn|35\n|\n|t:|1697678987\n|cant|p1a: Cyclizar|slp\n|move|p2a: Amoonguss|Giga Drain|p1a: Cyclizar\n|-resisted|p1a: Cyclizar\n|-damage|p1a: Cyclizar|46\/100 slp\n|\n|upkeep\n|turn|36\n|\n|t:|1697678994\n|-curestatus|p1a: Cyclizar|slp|[msg]\n|move|p1a: Cyclizar|Overheat|p2a: Amoonguss\n|-supereffective|p2a: Amoonguss\n|-damage|p2a: Amoonguss|37\/100\n|-unboost|p1a: Cyclizar|spa|2\n|move|p2a: Amoonguss|Giga Drain|p1a: Cyclizar\n|-resisted|p1a: Cyclizar\n|-damage|p1a: Cyclizar|20\/100\n|-heal|p2a: Amoonguss|46\/100|[from] drain|[of] p1a: Cyclizar\n|\n|upkeep\n|turn|37\n|\n|t:|1697679005\n|switch|p2a: Dragapult|Dragapult, F|57\/100\n|move|p1a: Cyclizar|Overheat|p2a: Dragapult\n|-resisted|p2a: Dragapult\n|-damage|p2a: Dragapult|45\/100\n|-unboost|p1a: Cyclizar|spa|2\n|\n|upkeep\n|turn|38\n|\n|t:|1697679021\n|switch|p1a: Garganacl|Garganacl, F|100\/100\n|move|p2a: Dragapult|Draco Meteor|p1a: Garganacl\n|-damage|p1a: Garganacl|48\/100\n|-unboost|p2a: Dragapult|spa|2\n|\n|-heal|p1a: Garganacl|54\/100|[from] item: Leftovers\n|upkeep\n|turn|39\n|\n|t:|1697679031\n|switch|p2a: Amoonguss|Amoonguss, F|79\/100\n|move|p1a: Garganacl|Recover|p1a: Garganacl\n|-heal|p1a: Garganacl|100\/100\n|\n|upkeep\n|turn|40\n|\n|t:|1697679042\n|move|p1a: Garganacl|Salt Cure|p2a: Amoonguss\n|-damage|p2a: Amoonguss|64\/100\n|-start|p2a: Amoonguss|Salt Cure\n|move|p2a: Amoonguss|Giga Drain|p1a: Garganacl\n|-supereffective|p1a: Garganacl\n|-damage|p1a: Garganacl|58\/100\n|-heal|p2a: Amoonguss|83\/100|[from] drain|[of] p1a: Garganacl\n|\n|-heal|p1a: Garganacl|65\/100|[from] item: Leftovers\n|-damage|p2a: Amoonguss|71\/100|[from] Salt Cure\n|upkeep\n|turn|41\n|\n|t:|1697679056\n|switch|p1a: Cyclizar|Cyclizar, F|53\/100\n|move|p2a: Amoonguss|Giga Drain|p1a: Cyclizar\n|-resisted|p1a: Cyclizar\n|-damage|p1a: Cyclizar|24\/100\n|-heal|p2a: Amoonguss|81\/100|[from] drain|[of] p1a: Cyclizar\n|\n|-damage|p2a: Amoonguss|68\/100|[from] Salt Cure\n|upkeep\n|turn|42\n|\n|t:|1697679071\n|-terastallize|p1a: Cyclizar|Dragon\n|move|p1a: Cyclizar|Overheat|p2a: Amoonguss\n|-supereffective|p2a: Amoonguss\n|-damage|p2a: Amoonguss|3\/100\n|-unboost|p1a: Cyclizar|spa|2\n|move|p2a: Amoonguss|Giga Drain|p1a: Cyclizar\n|-resisted|p1a: Cyclizar\n|-damage|p1a: Cyclizar|0 fnt\n|-heal|p2a: Amoonguss|10\/100|[from] drain|[of] p1a: Cyclizar\n|faint|p1a: Cyclizar\n|\n|-damage|p2a: Amoonguss|0 fnt|[from] Salt Cure\n|faint|p2a: Amoonguss\n|upkeep\n|\n|t:|1697679086\n|switch|p1a: Garganacl|Garganacl, F|65\/100\n|switch|p2a: Dragapult|Dragapult, F|45\/100\n|turn|43\n|\n|t:|1697679098\n|move|p2a: Dragapult|Draco Meteor|p1a: Garganacl\n|-damage|p1a: Garganacl|13\/100\n|-unboost|p2a: Dragapult|spa|2\n|move|p1a: Garganacl|Recover|p1a: Garganacl\n|-heal|p1a: Garganacl|63\/100\n|\n|-heal|p1a: Garganacl|70\/100|[from] item: Leftovers\n|upkeep\n|turn|44\n|\n|t:|1697679107\n|move|p2a: Dragapult|Draco Meteor|p1a: Garganacl|[miss]\n|-miss|p2a: Dragapult|p1a: Garganacl\n|move|p1a: Garganacl|Recover|p1a: Garganacl\n|-heal|p1a: Garganacl|100\/100\n|\n|upkeep\n|turn|45\n|\n|t:|1697679116\n|move|p2a: Dragapult|Draco Meteor|p1a: Garganacl\n|-damage|p1a: Garganacl|74\/100\n|-unboost|p2a: Dragapult|spa|2\n|move|p1a: Garganacl|Iron Defense|p1a: Garganacl\n|-boost|p1a: Garganacl|def|2\n|\n|-heal|p1a: Garganacl|80\/100|[from] item: Leftovers\n|upkeep\n|turn|46\n|\n|t:|1697679125\n|move|p2a: Dragapult|Draco Meteor|p1a: Garganacl\n|-damage|p1a: Garganacl|60\/100\n|-unboost|p2a: Dragapult|spa|2\n|move|p1a: Garganacl|Iron Defense|p1a: Garganacl\n|-boost|p1a: Garganacl|def|2\n|\n|-heal|p1a: Garganacl|67\/100|[from] item: Leftovers\n|upkeep\n|turn|47\n|\n|t:|1697679134\n|-activate|p2a: Dragapult|move: Struggle\n|move|p2a: Dragapult|Struggle|p1a: Garganacl\n|-damage|p1a: Garganacl|64\/100\n|-damage|p2a: Dragapult|20\/100|[from] recoil\n|move|p1a: Garganacl|Recover|p1a: Garganacl\n|-heal|p1a: Garganacl|100\/100\n|\n|upkeep\n|turn|48\n|\n|t:|1697679143\n|-activate|p2a: Dragapult|move: Struggle\n|move|p2a: Dragapult|Struggle|p1a: Garganacl\n|-damage|p1a: Garganacl|98\/100\n|-damage|p2a: Dragapult|0 fnt|[from] recoil\n|faint|p2a: Dragapult\n|\n|win|itadori11\n|l|\u2606itadori11\n","uploadtime":1697680461,"views":14,"p1id":"itadori11","p2id":"tombstoan","formatid":"gen9ubers","rating":0,"private":0,"password":""}