{"id":"gen9ubers-1980145538","p1":"Electricratman","p2":"sasaaaaaaaa","format":"[Gen 9] Ubers","log":"|j|\u2606Electricratman\n|j|\u2606sasaaaaaaaa\n|t:|1698761325\n|gametype|singles\n|player|p1|Electricratman|170|1051\n|player|p2|sasaaaaaaaa|red|1000\n|teamsize|p1|6\n|teamsize|p2|6\n|gen|9\n|tier|[Gen 9] Ubers\n|rated|\n|rule|Sleep Clause Mod: Limit one foe put to sleep\n|rule|Species Clause: Limit one of each Pok\u00e9mon\n|rule|OHKO Clause: OHKO moves are banned\n|rule|Evasion Items Clause: Evasion items are banned\n|rule|Evasion Moves Clause: Evasion moves are banned\n|rule|Endless Battle Clause: Forcing endless battles is banned\n|rule|HP Percentage Mod: HP is shown in percentages\n|clearpoke\n|poke|p1|Thundurus-Therian, M|\n|poke|p1|Hawlucha, M|\n|poke|p1|Leavanny, M|\n|poke|p1|Charizard, M|\n|poke|p1|Weezing-Galar, M|\n|poke|p1|Magearna|\n|poke|p2|Meowscarada, F|\n|poke|p2|Garchomp, M|\n|poke|p2|Corviknight, M|\n|poke|p2|Chi-Yu|\n|poke|p2|Toxapex, M|\n|poke|p2|Dragapult, M|\n|teampreview\n|\n|t:|1698761384\n|start\n|switch|p1a: Thundurus|Thundurus-Therian, M|100\/100\n|switch|p2a: Chi-Yu|Chi-Yu|100\/100\n|-ability|p2a: Chi-Yu|Beads of Ruin\n|turn|1\n|\n|t:|1698761417\n|move|p1a: Thundurus|Thunderbolt|p2a: Chi-Yu\n|-damage|p2a: Chi-Yu|6\/100\n|move|p2a: Chi-Yu|Overheat|p1a: Thundurus\n|-damage|p1a: Thundurus|0 fnt\n|-unboost|p2a: Chi-Yu|spa|2\n|faint|p1a: Thundurus\n|\n|upkeep\n|\n|t:|1698761441\n|switch|p1a: Weezing|Weezing-Galar, M|100\/100\n|-fieldstart|move: Misty Terrain|[from] ability: Misty Surge|[of] p1a: Weezing\n|turn|2\n|inactive|Battle timer is ON: inactive players will automatically lose when time's up. (requested by sasaaaaaaaa)\n|\n|t:|1698761466\n|switch|p2a: Toxapex|Toxapex, M|100\/100\n|move|p1a: Weezing|Clear Smog|p2a: Toxapex\n|-resisted|p2a: Toxapex\n|-damage|p2a: Toxapex|93\/100\n|-clearboost|p2a: Toxapex\n|\n|-heal|p2a: Toxapex|99\/100|[from] item: Black Sludge\n|upkeep\n|turn|3\n|\n|t:|1698761481\n|switch|p1a: Hawlucha|Hawlucha, M|100\/100\n|-enditem|p1a: Hawlucha|Misty Seed\n|-boost|p1a: Hawlucha|spd|1|[from] item: Misty Seed\n|move|p2a: Toxapex|Sludge Bomb|p1a: Hawlucha\n|-damage|p1a: Hawlucha|84\/100\n|\n|-heal|p2a: Toxapex|100\/100|[from] item: Black Sludge\n|upkeep\n|turn|4\n|inactive|sasaaaaaaaa has 120 seconds left.\n|\n|t:|1698761519\n|switch|p2a: Dragapult|Dragapult, M|100\/100\n|move|p1a: Hawlucha|Swords Dance|p1a: Hawlucha\n|-boost|p1a: Hawlucha|atk|2\n|\n|upkeep\n|turn|5\n|inactive|sasaaaaaaaa has 120 seconds left.\n|\n|t:|1698761532\n|move|p1a: Hawlucha|Acrobatics|p2a: Dragapult\n|-damage|p2a: Dragapult|0 fnt\n|faint|p2a: Dragapult\n|\n|upkeep\n|\n|t:|1698761542\n|switch|p2a: Garchomp|Garchomp, M|100\/100\n|turn|6\n|inactive|sasaaaaaaaa has 120 seconds left.\n|\n|t:|1698761548\n|move|p1a: Hawlucha|Swords Dance|p1a: Hawlucha\n|-boost|p1a: Hawlucha|atk|2\n|move|p2a: Garchomp|Earthquake|p1a: Hawlucha\n|-immune|p1a: Hawlucha\n|\n|-fieldend|Misty Terrain\n|upkeep\n|turn|7\n|\n|t:|1698761560\n|switch|p2a: Corviknight|Corviknight, M|100\/100\n|-ability|p2a: Corviknight|Pressure\n|move|p1a: Hawlucha|Acrobatics|p2a: Corviknight\n|-resisted|p2a: Corviknight\n|-damage|p2a: Corviknight|54\/100\n|-damage|p1a: Hawlucha|68\/100|[from] item: Rocky Helmet|[of] p2a: Corviknight\n|\n|upkeep\n|turn|8\n|\n|t:|1698761569\n|move|p1a: Hawlucha|Drain Punch|p2a: Corviknight\n|-damage|p2a: Corviknight|0 fnt\n|-heal|p1a: Hawlucha|100\/100|[from] drain|[of] p2a: Corviknight\n|-damage|p1a: Hawlucha|84\/100|[from] item: Rocky Helmet|[of] p2a: Corviknight\n|faint|p2a: Corviknight\n|\n|upkeep\n|-message|sasaaaaaaaa forfeited.\n|\n|win|Electricratman\n|raw|Electricratman's rating: 1051 &rarr; <strong>1079<\/strong><br \/>(+28 for winning)\n|raw|sasaaaaaaaa's rating: 1000 &rarr; <strong>1000<\/strong><br \/>(+0 for losing)\n|l|\u2606sasaaaaaaaa\n","uploadtime":1698761588,"views":6,"p1id":"electricratman","p2id":"sasaaaaaaaa","formatid":"gen9ubers","rating":1000,"private":0,"password":""}