{"id":"gen9ubers-1972437213","p1":"Butter's Beauty","p2":"xurumelas as vezes","format":"[Gen 9] Ubers","log":"|j|\u2606Butter's Beauty\n|j|\u2606xurumelas as vezes\n|t:|1697842719\n|gametype|singles\n|player|p1|Butter's Beauty|gentleman-gen4dp|1042\n|player|p2|xurumelas as vezes|2|1000\n|teamsize|p1|6\n|teamsize|p2|6\n|gen|9\n|tier|[Gen 9] Ubers\n|rated|\n|rule|Sleep Clause Mod: Limit one foe put to sleep\n|rule|Species Clause: Limit one of each Pok\u00e9mon\n|rule|OHKO Clause: OHKO moves are banned\n|rule|Evasion Items Clause: Evasion items are banned\n|rule|Evasion Moves Clause: Evasion moves are banned\n|rule|Endless Battle Clause: Forcing endless battles is banned\n|rule|HP Percentage Mod: HP is shown in percentages\n|clearpoke\n|poke|p1|Zacian-*|\n|poke|p1|Rayquaza|\n|poke|p1|Chesnaught, M|\n|poke|p1|Fezandipiti, M|\n|poke|p1|Eelektross, M|\n|poke|p1|Glaceon, F|\n|poke|p2|Cloyster, F|\n|poke|p2|Falinks|\n|poke|p2|Maushold-Four|\n|poke|p2|Chien-Pao|\n|poke|p2|Chi-Yu|\n|poke|p2|Regieleki|\n|teampreview\n|\n|t:|1697842733\n|start\n|switch|p1a: Iron Birch|Chesnaught, M, shiny|100\/100\n|switch|p2a: Cloyster|Cloyster, F|100\/100\n|turn|1\n|\n|t:|1697842743\n|-terastallize|p2a: Cloyster|Ghost\n|move|p1a: Iron Birch|Drain Punch|p2a: Cloyster\n|-immune|p2a: Cloyster\n|move|p2a: Cloyster|Shell Smash|p2a: Cloyster\n|-unboost|p2a: Cloyster|def|1\n|-unboost|p2a: Cloyster|spd|1\n|-boost|p2a: Cloyster|atk|2\n|-boost|p2a: Cloyster|spa|2\n|-boost|p2a: Cloyster|spe|2\n|\n|upkeep\n|turn|2\n|\n|t:|1697842761\n|switch|p1a: Iron Warrior|Zacian-Crowned, shiny|100\/100\n|-ability|p1a: Iron Warrior|Intrepid Sword|boost\n|-boost|p1a: Iron Warrior|atk|1\n|move|p2a: Cloyster|Blizzard|p1a: Iron Warrior\n|-resisted|p1a: Iron Warrior\n|-damage|p1a: Iron Warrior|58\/100\n|\n|upkeep\n|turn|3\n|\n|t:|1697842770\n|-terastallize|p1a: Iron Warrior|Dark\n|move|p1a: Iron Warrior|Crunch|p2a: Cloyster\n|-supereffective|p2a: Cloyster\n|-damage|p2a: Cloyster|0 fnt\n|faint|p2a: Cloyster\n|\n|upkeep\n|\n|t:|1697842778\n|switch|p2a: Chien-Pao|Chien-Pao|100\/100\n|-ability|p2a: Chien-Pao|Sword of Ruin\n|turn|4\n|\n|t:|1697842784\n|move|p1a: Iron Warrior|Fire Fang|p2a: Chien-Pao\n|-supereffective|p2a: Chien-Pao\n|-damage|p2a: Chien-Pao|0 fnt\n|faint|p2a: Chien-Pao\n|\n|upkeep\n|\n|t:|1697842787\n|switch|p2a: Falinks|Falinks|100\/100\n|turn|5\n|\n|t:|1697842791\n|move|p1a: Iron Warrior|Dazzling Gleam|p2a: Falinks\n|-supereffective|p2a: Falinks\n|-damage|p2a: Falinks|13\/100\n|move|p2a: Falinks|Close Combat|p1a: Iron Warrior\n|-supereffective|p1a: Iron Warrior\n|-damage|p1a: Iron Warrior|0 fnt\n|-unboost|p2a: Falinks|def|1\n|-unboost|p2a: Falinks|spd|1\n|faint|p1a: Iron Warrior\n|\n|upkeep\n|\n|t:|1697842799\n|switch|p1a: Iron Chains|Fezandipiti, M|100\/100\n|turn|6\n|\n|t:|1697842805\n|move|p1a: Iron Chains|Dual Wingbeat|p2a: Falinks\n|-supereffective|p2a: Falinks\n|-damage|p2a: Falinks|0 fnt\n|faint|p2a: Falinks\n|-hitcount|p2: Falinks|1\n|\n|upkeep\n|\n|t:|1697842810\n|switch|p2a: Chi-Yu|Chi-Yu|100\/100\n|-ability|p2a: Chi-Yu|Beads of Ruin\n|turn|7\n|\n|t:|1697842816\n|move|p2a: Chi-Yu|Overheat|p1a: Iron Chains\n|-damage|p1a: Iron Chains|16\/100\n|-unboost|p2a: Chi-Yu|spa|2\n|move|p1a: Iron Chains|Dazzling Gleam|p2a: Chi-Yu\n|-damage|p2a: Chi-Yu|70\/100\n|-status|p2a: Chi-Yu|tox|[from] ability: Toxic Chain|[of] p1a: Iron Chains\n|\n|-damage|p2a: Chi-Yu|64\/100 tox|[from] psn\n|upkeep\n|turn|8\n|\n|t:|1697842827\n|move|p2a: Chi-Yu|Ruination|p1a: Iron Chains\n|-damage|p1a: Iron Chains|8\/100\n|move|p1a: Iron Chains|Dazzling Gleam|p2a: Chi-Yu\n|-damage|p2a: Chi-Yu|32\/100 tox\n|\n|-damage|p2a: Chi-Yu|20\/100 tox|[from] psn\n|upkeep\n|turn|9\n|\n|t:|1697842835\n|move|p2a: Chi-Yu|Bounce||[still]\n|-prepare|p2a: Chi-Yu|Bounce\n|move|p1a: Iron Chains|Dazzling Gleam|p2a: Chi-Yu|[miss]\n|-miss|p1a: Iron Chains|p2a: Chi-Yu\n|\n|-damage|p2a: Chi-Yu|2\/100 tox|[from] psn\n|upkeep\n|turn|10\n|\n|t:|1697842847\n|move|p2a: Chi-Yu|Bounce|p1a: Iron Chains|[from]lockedmove|[miss]\n|-miss|p2a: Chi-Yu|p1a: Iron Chains\n|move|p1a: Iron Chains|Dual Wingbeat|p2a: Chi-Yu\n|-damage|p2a: Chi-Yu|0 fnt\n|faint|p2a: Chi-Yu\n|-hitcount|p2: Chi-Yu|1\n|\n|upkeep\n|\n|t:|1697842856\n|switch|p2a: Regieleki|Regieleki|100\/100\n|turn|11\n|\n|t:|1697842860\n|move|p2a: Regieleki|Thunder Wave|p1a: Iron Chains\n|-status|p1a: Iron Chains|par\n|move|p1a: Iron Chains|Gunk Shot|p2a: Regieleki\n|-damage|p2a: Regieleki|26\/100\n|\n|upkeep\n|turn|12\n|\n|t:|1697842867\n|move|p2a: Regieleki|Light Screen|p2a: Regieleki\n|-sidestart|p2: xurumelas as vezes|move: Light Screen\n|move|p1a: Iron Chains|Dazzling Gleam|p2a: Regieleki\n|-damage|p2a: Regieleki|0 fnt\n|faint|p2a: Regieleki\n|\n|upkeep\n|\n|t:|1697842874\n|switch|p2a: Maushold|Maushold-Four|100\/100\n|turn|13\n|\n|t:|1697842879\n|move|p2a: Maushold|Population Bomb|p1a: Iron Chains|[miss]\n|-miss|p2a: Maushold|p1a: Iron Chains\n|move|p1a: Iron Chains|Dual Wingbeat|p2a: Maushold\n|-damage|p2a: Maushold|88\/100\n|-status|p2a: Maushold|tox|[from] ability: Toxic Chain|[of] p1a: Iron Chains\n|-damage|p2a: Maushold|74\/100 tox\n|-hitcount|p2a: Maushold|2\n|\n|-damage|p2a: Maushold|68\/100 tox|[from] psn\n|upkeep\n|turn|14\n|\n|t:|1697842890\n|move|p2a: Maushold|Population Bomb|p1a: Iron Chains\n|-damage|p1a: Iron Chains|0 fnt\n|faint|p1a: Iron Chains\n|-hitcount|p1: Iron Chains|1\n|\n|-damage|p2a: Maushold|56\/100 tox|[from] psn\n|upkeep\n|\n|t:|1697842896\n|switch|p1a: Iron Birch|Chesnaught, M, shiny|100\/100\n|turn|15\n|\n|t:|1697842901\n|move|p2a: Maushold|Population Bomb|p1a: Iron Birch\n|-damage|p1a: Iron Birch|92\/100\n|-damage|p2a: Maushold|39\/100 tox|[from] item: Rocky Helmet|[of] p1a: Iron Birch\n|-damage|p1a: Iron Birch|83\/100\n|-damage|p2a: Maushold|22\/100 tox|[from] item: Rocky Helmet|[of] p1a: Iron Birch\n|-damage|p1a: Iron Birch|75\/100\n|-damage|p2a: Maushold|6\/100 tox|[from] item: Rocky Helmet|[of] p1a: Iron Birch\n|-damage|p1a: Iron Birch|67\/100\n|-damage|p2a: Maushold|0 fnt|[from] item: Rocky Helmet|[of] p1a: Iron Birch\n|faint|p2a: Maushold\n|\n|win|Butter's Beauty\n|-hitcount|p1a: Iron Birch|4\n|raw|Butter&apos;s Beauty's rating: 1042 &rarr; <strong>1072<\/strong><br \/>(+30 for winning)\n|raw|xurumelas as vezes's rating: 1000 &rarr; <strong>1000<\/strong><br \/>(+0 for losing)\n|l|\u2606xurumelas as vezes\n","uploadtime":1697842920,"views":8,"p1id":"buttersbeauty","p2id":"xurumelasasvezes","formatid":"gen9ubers","rating":1000,"private":0,"password":""}