{"id":"gen9ubers-1997005106","p1":"Billl21","p2":"ZachPlay","format":"[Gen 9] Ubers","log":"|j|\u2606Billl21\n|j|\u2606ZachPlay\n|t:|1700754777\n|gametype|singles\n|player|p1|Billl21|iris|\n|player|p2|ZachPlay|ginchiyo-conquest|\n|teamsize|p1|6\n|teamsize|p2|6\n|gen|9\n|tier|[Gen 9] Ubers\n|rule|Sleep Clause Mod: Limit one foe put to sleep\n|rule|Species Clause: Limit one of each Pok\u00e9mon\n|rule|OHKO Clause: OHKO moves are banned\n|rule|Evasion Items Clause: Evasion items are banned\n|rule|Evasion Moves Clause: Evasion moves are banned\n|rule|Endless Battle Clause: Forcing endless battles is banned\n|rule|HP Percentage Mod: HP is shown in percentages\n|clearpoke\n|poke|p1|Torkoal, M|\n|poke|p1|Ursaluna, F|\n|poke|p1|Cresselia, F|\n|poke|p1|Magearna|\n|poke|p1|Mimikyu, F|\n|poke|p1|Dialga|\n|poke|p2|Froslass, F|\n|poke|p2|Palafin, M|\n|poke|p2|Zacian-*|\n|poke|p2|Volcarona, M|\n|poke|p2|Roaring Moon|\n|poke|p2|Arceus-Poison|\n|teampreview\n|c|\u2606Billl21|glhf\n|c|\u2606ZachPlay|Wait you didn't even change you team-\n|c|\u2606ZachPlay|I'm doom\n|c|\u2606ZachPlay|Good luck tho\n|c|\u2606Billl21|i'm too lazy\n|j| angl3r\n|c|\u2606Billl21|i didn't even change my team at all for pretty much all the draft weeks\n|c|\u2606Billl21|lol\n|c|\u2606ZachPlay|Manatee I'm definitely loosing this one\n|c| angl3r|Thought so\n|\n|t:|1700754831\n|start\n|switch|p1a: Dialga|Dialga|100\/100\n|switch|p2a: Froslass|Froslass, F|100\/100\n|-ability|p1a: Dialga|Pressure\n|turn|1\n|\n|t:|1700754838\n|move|p2a: Froslass|Taunt|p1a: Dialga\n|-start|p1a: Dialga|move: Taunt\n|move|p1a: Dialga|Flash Cannon|p2a: Froslass\n|-supereffective|p2a: Froslass\n|-enditem|p2a: Froslass|Focus Sash\n|-damage|p2a: Froslass|1\/100\n|-start|p1a: Dialga|Disable|Flash Cannon|[from] ability: Cursed Body|[of] p2a: Froslass\n|\n|upkeep\n|turn|2\n|\n|t:|1700754846\n|move|p2a: Froslass|Spikes|p1a: Dialga\n|-sidestart|p1: Billl21|Spikes\n|move|p1a: Dialga|Draco Meteor|p2a: Froslass\n|-damage|p2a: Froslass|0 fnt\n|-unboost|p1a: Dialga|spa|2\n|-enditem|p1a: Dialga|Eject Pack\n|faint|p2a: Froslass\n|\n|t:|1700754850\n|switch|p1a: Magearna|Magearna|100\/100\n|-damage|p1a: Magearna|88\/100|[from] Spikes\n|\n|upkeep\n|\n|t:|1700754854\n|switch|p2a: Volcarona|Volcarona, M|100\/100\n|turn|3\n|\n|t:|1700754864\n|move|p2a: Volcarona|Fiery Dance|p1a: Magearna\n|-supereffective|p1a: Magearna\n|-damage|p1a: Magearna|21\/100\n|-boost|p2a: Volcarona|spa|1\n|move|p1a: Magearna|Trick Room|p1a: Magearna\n|-fieldstart|move: Trick Room|[of] p1a: Magearna\n|\n|upkeep\n|turn|4\n|\n|t:|1700754913\n|move|p1a: Magearna|Fleur Cannon|p2a: Volcarona\n|-resisted|p2a: Volcarona\n|-damage|p2a: Volcarona|69\/100\n|-unboost|p1a: Magearna|spa|2\n|-enditem|p1a: Magearna|Eject Pack\n|\n|t:|1700754917\n|switch|p1a: Ursaluna|Ursaluna, F|100\/100\n|-damage|p1a: Ursaluna|88\/100|[from] Spikes\n|move|p2a: Volcarona|Fiery Dance|p1a: Ursaluna\n|-damage|p1a: Ursaluna|35\/100\n|\n|-status|p1a: Ursaluna|brn|[from] item: Flame Orb\n|upkeep\n|turn|5\n|\n|t:|1700754932\n|switch|p2a: Roaring Moon|Roaring Moon|100\/100\n|-enditem|p2a: Roaring Moon|Booster Energy\n|-activate|p2a: Roaring Moon|ability: Protosynthesis|[fromitem]\n|-start|p2a: Roaring Moon|protosynthesisatk\n|move|p1a: Ursaluna|Facade|p2a: Roaring Moon\n|-crit|p2a: Roaring Moon\n|-damage|p2a: Roaring Moon|0 fnt\n|faint|p2a: Roaring Moon\n|-end|p2a: Roaring Moon|Protosynthesis|[silent]\n|\n|-damage|p1a: Ursaluna|29\/100 brn|[from] brn\n|upkeep\n|l| angl3r\n|\n|t:|1700754944\n|switch|p2a: Palafin|Palafin, M|100\/100\n|turn|6\n|j| angl3r\n|\n|t:|1700754971\n|switch|p1a: Dialga|Dialga|100\/100\n|-damage|p1a: Dialga|88\/100|[from] Spikes\n|-ability|p1a: Dialga|Pressure\n|detailschange|p2a: Palafin|Palafin-Hero, M\n|switch|p2a: Arceus|Arceus-Poison|100\/100\n|\n|upkeep\n|turn|7\n|\n|t:|1700754984\n|move|p1a: Dialga|Flash Cannon|p2a: Arceus\n|-damage|p2a: Arceus|68\/100\n|move|p2a: Arceus|Calm Mind|p2a: Arceus\n|-boost|p2a: Arceus|spa|1\n|-boost|p2a: Arceus|spd|1\n|\n|-fieldend|move: Trick Room\n|upkeep\n|turn|8\n|\n|t:|1700754993\n|move|p2a: Arceus|Earth Power|p1a: Dialga\n|-supereffective|p1a: Dialga\n|-damage|p1a: Dialga|26\/100\n|-unboost|p1a: Dialga|spd|1\n|move|p1a: Dialga|Trick Room|p1a: Dialga\n|-fieldstart|move: Trick Room|[of] p1a: Dialga\n|\n|upkeep\n|turn|9\n|\n|t:|1700754997\n|move|p1a: Dialga|Flash Cannon|p2a: Arceus\n|-damage|p2a: Arceus|43\/100\n|move|p2a: Arceus|Recover|p2a: Arceus\n|-heal|p2a: Arceus|93\/100\n|\n|upkeep\n|turn|10\n|\n|t:|1700755001\n|move|p1a: Dialga|Flash Cannon|p2a: Arceus\n|-damage|p2a: Arceus|72\/100\n|move|p2a: Arceus|Calm Mind|p2a: Arceus\n|-boost|p2a: Arceus|spa|1\n|-boost|p2a: Arceus|spd|1\n|\n|upkeep\n|turn|11\n|\n|t:|1700755007\n|move|p1a: Dialga|Flash Cannon|p2a: Arceus\n|-damage|p2a: Arceus|55\/100\n|move|p2a: Arceus|Recover|p2a: Arceus\n|-heal|p2a: Arceus|100\/100\n|\n|upkeep\n|turn|12\n|\n|t:|1700755011\n|move|p1a: Dialga|Flash Cannon|p2a: Arceus\n|-damage|p2a: Arceus|85\/100\n|move|p2a: Arceus|Earth Power|p1a: Dialga\n|-supereffective|p1a: Dialga\n|-damage|p1a: Dialga|0 fnt\n|faint|p1a: Dialga\n|\n|-fieldend|move: Trick Room\n|upkeep\n|c|\u2606Billl21|i tried to cancel my move but failed\n|c|\u2606Billl21|lol\n|c|\u2606Billl21|cresselia switch would have been funny\n|\n|t:|1700755051\n|switch|p1a: Cresselia|Cresselia, F|100\/100\n|turn|13\n|l| angl3r\n|\n|t:|1700755064\n|move|p2a: Arceus|Sludge Bomb|p1a: Cresselia\n|-damage|p1a: Cresselia|44\/100\n|move|p1a: Cresselia|Trick Room|p1a: Cresselia\n|-fieldstart|move: Trick Room|[of] p1a: Cresselia\n|\n|upkeep\n|turn|14\n|\n|t:|1700755071\n|move|p1a: Cresselia|Lunar Dance|p1a: Cresselia\n|faint|p1a: Cresselia\n|move|p2a: Arceus|Sludge Bomb|p1: Cresselia|[notarget]\n|-fail|p2a: Arceus\n|\n|upkeep\n|\n|t:|1700755078\n|switch|p1a: Ursaluna|Ursaluna, F|29\/100 brn\n|-heal|p1a: Ursaluna|100\/100|[from] move: Lunar Dance\n|-damage|p1a: Ursaluna|88\/100|[from] Spikes\n|turn|15\n|\n|t:|1700755086\n|switch|p1a: Magearna|Magearna|21\/100\n|-damage|p1a: Magearna|8\/100|[from] Spikes\n|-terastallize|p2a: Arceus|Flying\n|move|p2a: Arceus|Earth Power|p1a: Magearna\n|-supereffective|p1a: Magearna\n|-damage|p1a: Magearna|0 fnt\n|faint|p1a: Magearna\n|\n|upkeep\n|\n|t:|1700755092\n|switch|p1a: Torkoal|Torkoal, M|100\/100\n|-damage|p1a: Torkoal|88\/100|[from] Spikes\n|-weather|SunnyDay|[from] ability: Drought|[of] p1a: Torkoal\n|turn|16\n|\n|t:|1700755101\n|move|p1a: Torkoal|Weather Ball|p2a: Arceus\n|-damage|p2a: Arceus|51\/100\n|move|p2a: Arceus|Earth Power|p1a: Torkoal\n|-supereffective|p1a: Torkoal\n|-damage|p1a: Torkoal|0 fnt\n|faint|p1a: Torkoal\n|\n|-weather|SunnyDay|[upkeep]\n|upkeep\n|c|\u2606Billl21|i clicked the wrong fire move\n|c|\u2606Billl21|lol\n|\n|t:|1700755135\n|switch|p1a: Mimikyu|Mimikyu, F|100\/100\n|-damage|p1a: Mimikyu|88\/100|[from] Spikes\n|turn|17\n|\n|t:|1700755146\n|move|p1a: Mimikyu|Shadow Claw|p2a: Arceus\n|-damage|p2a: Arceus|32\/100\n|move|p2a: Arceus|Recover|p2a: Arceus\n|-heal|p2a: Arceus|82\/100\n|\n|-weather|SunnyDay|[upkeep]\n|-fieldend|move: Trick Room\n|upkeep\n|turn|18\n|\n|t:|1700755150\n|move|p2a: Arceus|Sludge Bomb|p1a: Mimikyu\n|-activate|p1a: Mimikyu|ability: Disguise\n|-damage|p1a: Mimikyu|88\/100\n|detailschange|p1a: Mimikyu|Mimikyu-Busted, F\n|-damage|p1a: Mimikyu|76\/100|[from] pokemon: Mimikyu-Busted\n|-enditem|p1a: Mimikyu|Red Card|[of] p2a: Arceus\n|drag|p2a: Zacian|Zacian|100\/100\n|-ability|p2a: Zacian|Intrepid Sword|boost\n|-boost|p2a: Zacian|atk|1\n|move|p1a: Mimikyu|Trick Room|p1a: Mimikyu\n|-fieldstart|move: Trick Room|[of] p1a: Mimikyu\n|\n|-weather|SunnyDay|[upkeep]\n|upkeep\n|turn|19\n|\n|t:|1700755160\n|move|p1a: Mimikyu|Shadow Claw|p2a: Zacian\n|-damage|p2a: Zacian|69\/100\n|move|p2a: Zacian|Play Rough|p1a: Mimikyu\n|-damage|p1a: Mimikyu|0 fnt\n|faint|p1a: Mimikyu\n|\n|-weather|SunnyDay|[upkeep]\n|upkeep\n|\n|t:|1700755164\n|switch|p1a: Ursaluna|Ursaluna, F|88\/100\n|-damage|p1a: Ursaluna|76\/100|[from] Spikes\n|turn|20\n|\n|t:|1700755171\n|-terastallize|p1a: Ursaluna|Normal\n|move|p1a: Ursaluna|Headlong Rush|p2a: Zacian\n|-damage|p2a: Zacian|3\/100\n|-unboost|p1a: Ursaluna|def|1\n|-unboost|p1a: Ursaluna|spd|1\n|move|p2a: Zacian|Close Combat|p1a: Ursaluna\n|-supereffective|p1a: Ursaluna\n|-damage|p1a: Ursaluna|0 fnt\n|-unboost|p2a: Zacian|def|1\n|-unboost|p2a: Zacian|spd|1\n|faint|p1a: Ursaluna\n|\n|win|ZachPlay\n|c|\u2606Billl21|gg\n|l|\u2606Billl21\n|l|\u2606ZachPlay\n|j|\u2606Billl21\n|player|p1|Billl21|iris\n","uploadtime":1700755178,"views":1,"p1id":"billl21","p2id":"zachplay","formatid":"gen9ubers","rating":0,"private":0,"password":""}