{"id":"gen9ubers-1982001661","p1":"RudyFo0x","p2":"Col Spiffington","format":"[Gen 9] Ubers","log":"|j|\u2606RudyFo0x\n|j|\u2606Col Spiffington\n|t:|1698958588\n|gametype|singles\n|player|p1|RudyFo0x|169|\n|player|p2|Col Spiffington|dawn|\n|teamsize|p1|6\n|teamsize|p2|6\n|gen|9\n|tier|[Gen 9] Ubers\n|rule|Sleep Clause Mod: Limit one foe put to sleep\n|rule|Species Clause: Limit one of each Pok\u00e9mon\n|rule|OHKO Clause: OHKO moves are banned\n|rule|Evasion Items Clause: Evasion items are banned\n|rule|Evasion Moves Clause: Evasion moves are banned\n|rule|Endless Battle Clause: Forcing endless battles is banned\n|rule|HP Percentage Mod: HP is shown in percentages\n|clearpoke\n|poke|p1|Roaring Moon|\n|poke|p1|Basculegion, M|\n|poke|p1|Torkoal, M|\n|poke|p1|Great Tusk|\n|poke|p1|Bronzong|\n|poke|p1|Thundurus, M|\n|poke|p2|Ting-Lu|\n|poke|p2|Walking Wake|\n|poke|p2|Skeledirge, M|\n|poke|p2|Gardevoir, M|\n|poke|p2|Breloom, M|\n|poke|p2|Moltres-Galar|\n|teampreview\n|j| Karpsy\n|j| coldgiga\n|j| thesunthesunthesun\n|j| FigurativeIQ\n|\n|t:|1698958625\n|start\n|switch|p1a: Best of boys|Torkoal, M|100\/100\n|switch|p2a: Le Rock|Ting-Lu|100\/100\n|-ability|p2a: Le Rock|Vessel of Ruin\n|turn|1\n|\n|t:|1698958665\n|switch|p1a: Phanphie|Great Tusk|100\/100\n|move|p2a: Le Rock|Stealth Rock|p1a: Phanphie\n|-sidestart|p1: RudyFo0x|move: Stealth Rock\n|\n|upkeep\n|turn|2\n|\n|t:|1698958706\n|move|p1a: Phanphie|Close Combat|p2a: Le Rock\n|-supereffective|p2a: Le Rock\n|-damage|p2a: Le Rock|23\/100\n|-unboost|p1a: Phanphie|def|1\n|-unboost|p1a: Phanphie|spd|1\n|move|p2a: Le Rock|Whirlwind|p1a: Phanphie\n|-end|p1a: Phanphie|Protosynthesis|[silent]\n|drag|p1a: Knocked off|Roaring Moon|100\/100\n|-damage|p1a: Knocked off|88\/100|[from] Stealth Rock\n|-enditem|p1a: Knocked off|Booster Energy\n|-activate|p1a: Knocked off|ability: Protosynthesis|[fromitem]\n|-start|p1a: Knocked off|protosynthesisatk\n|\n|-heal|p2a: Le Rock|30\/100|[from] item: Leftovers\n|upkeep\n|turn|3\n|\n|t:|1698958818\n|switch|p2a: Head Empty 2.0|Skeledirge, M|100\/100\n|move|p1a: Knocked off|Dragon Claw|p2a: Head Empty 2.0\n|-damage|p2a: Head Empty 2.0|56\/100\n|\n|upkeep\n|turn|4\n|\n|t:|1698958846\n|-end|p1a: Knocked off|Protosynthesis|[silent]\n|switch|p1a: Swim Fast|Basculegion, M|100\/100\n|-damage|p1a: Swim Fast|88\/100|[from] Stealth Rock\n|move|p2a: Head Empty 2.0|Will-O-Wisp|p1a: Swim Fast\n|-status|p1a: Swim Fast|brn\n|\n|-damage|p1a: Swim Fast|82\/100 brn|[from] brn\n|upkeep\n|turn|5\n|\n|t:|1698958881\n|-terastallize|p2a: Head Empty 2.0|Fairy\n|move|p1a: Swim Fast|Shadow Ball|p2a: Head Empty 2.0\n|-damage|p2a: Head Empty 2.0|33\/100\n|-unboost|p2a: Head Empty 2.0|spd|1\n|move|p2a: Head Empty 2.0|Hex|p1a: Swim Fast\n|-supereffective|p1a: Swim Fast\n|-damage|p1a: Swim Fast|0 fnt\n|faint|p1a: Swim Fast\n|\n|upkeep\n|\n|t:|1698958906\n|switch|p1a: 50\/50|Bronzong|100\/100\n|-damage|p1a: 50\/50|94\/100|[from] Stealth Rock\n|turn|6\n|j| airheadpaimon\n|\n|t:|1698958933\n|move|p2a: Head Empty 2.0|Slack Off|p2a: Head Empty 2.0\n|-heal|p2a: Head Empty 2.0|83\/100\n|move|p1a: 50\/50|Earthquake|p2a: Head Empty 2.0\n|-damage|p2a: Head Empty 2.0|59\/100\n|\n|upkeep\n|turn|7\n|l| airheadpaimon\n|\n|t:|1698958942\n|switch|p1a: Best of boys|Torkoal, M|100\/100\n|-damage|p1a: Best of boys|76\/100|[from] Stealth Rock\n|move|p2a: Head Empty 2.0|Torch Song|p1a: Best of boys\n|-resisted|p1a: Best of boys\n|-damage|p1a: Best of boys|55\/100\n|-boost|p2a: Head Empty 2.0|spa|1\n|\n|upkeep\n|turn|8\n|\n|t:|1698958953\n|move|p2a: Head Empty 2.0|Torch Song|p1a: Best of boys\n|-resisted|p1a: Best of boys\n|-damage|p1a: Best of boys|24\/100\n|-boost|p2a: Head Empty 2.0|spa|1\n|move|p1a: Best of boys|Gyro Ball|p2a: Head Empty 2.0\n|-supereffective|p2a: Head Empty 2.0\n|-damage|p2a: Head Empty 2.0|16\/100\n|\n|upkeep\n|turn|9\n|\n|t:|1698958973\n|move|p2a: Head Empty 2.0|Slack Off|p2a: Head Empty 2.0\n|-heal|p2a: Head Empty 2.0|66\/100\n|move|p1a: Best of boys|Gyro Ball|p2a: Head Empty 2.0\n|-supereffective|p2a: Head Empty 2.0\n|-damage|p2a: Head Empty 2.0|19\/100\n|\n|upkeep\n|turn|10\n|\n|t:|1698958980\n|move|p2a: Head Empty 2.0|Torch Song|p1a: Best of boys\n|-resisted|p1a: Best of boys\n|-damage|p1a: Best of boys|0 fnt\n|-boost|p2a: Head Empty 2.0|spa|1\n|faint|p1a: Best of boys\n|\n|upkeep\n|\n|t:|1698958989\n|switch|p1a: Floaterer|Thundurus, M|100\/100\n|-damage|p1a: Floaterer|76\/100|[from] Stealth Rock\n|turn|11\n|\n|t:|1698959025\n|switch|p2a: Battleborn|Breloom, M|100\/100\n|move|p1a: Floaterer|Thunderbolt|p2a: Battleborn\n|-resisted|p2a: Battleborn\n|-damage|p2a: Battleborn|55\/100\n|\n|upkeep\n|turn|12\n|\n|t:|1698959046\n|move|p1a: Floaterer|Psychic|p2a: Battleborn\n|-supereffective|p2a: Battleborn\n|-damage|p2a: Battleborn|0 fnt\n|faint|p2a: Battleborn\n|\n|upkeep\n|\n|t:|1698959067\n|switch|p2a: Not Suicune|Walking Wake|100\/100\n|-enditem|p2a: Not Suicune|Booster Energy\n|-activate|p2a: Not Suicune|ability: Protosynthesis|[fromitem]\n|-start|p2a: Not Suicune|protosynthesisspa\n|turn|13\n|\n|t:|1698959102\n|move|p1a: Floaterer|Volt Switch|p2a: Not Suicune\n|-damage|p2a: Not Suicune|60\/100\n|\n|t:|1698959116\n|switch|p1a: 50\/50|Bronzong|94\/100|[from] Volt Switch\n|-damage|p1a: 50\/50|88\/100|[from] Stealth Rock\n|move|p2a: Not Suicune|Agility|p2a: Not Suicune\n|-boost|p2a: Not Suicune|spe|2\n|\n|upkeep\n|turn|14\n|\n|t:|1698959134\n|-terastallize|p1a: 50\/50|Fairy\n|move|p2a: Not Suicune|Flamethrower|p1a: 50\/50\n|-damage|p1a: 50\/50|47\/100\n|move|p1a: 50\/50|Tera Blast|p2a: Not Suicune|[anim] Tera Blast Fairy\n|-supereffective|p2a: Not Suicune\n|-damage|p2a: Not Suicune|0 fnt\n|faint|p2a: Not Suicune\n|-end|p2a: Not Suicune|Protosynthesis|[silent]\n|\n|upkeep\n|\n|t:|1698959170\n|switch|p2a: Horny|Gardevoir, M|100\/100\n|-ability|p2a: Horny|Levitate|[from] ability: Trace|[of] p1a: 50\/50\n|turn|15\n|\n|t:|1698959202\n|move|p2a: Horny|Healing Wish|p2a: Horny\n|faint|p2a: Horny\n|move|p1a: 50\/50|Ice Spinner|p2: Horny|[notarget]\n|-fail|p1a: 50\/50\n|\n|upkeep\n|\n|t:|1698959206\n|switch|p2a: Head Empty 2.0|Skeledirge, M, tera:Fairy|19\/100\n|-heal|p2a: Head Empty 2.0|100\/100|[from] move: Healing Wish\n|turn|16\n|\n|t:|1698959247\n|move|p2a: Head Empty 2.0|Torch Song|p1a: 50\/50\n|-damage|p1a: 50\/50|21\/100\n|-boost|p2a: Head Empty 2.0|spa|1\n|move|p1a: 50\/50|Earthquake|p2a: Head Empty 2.0\n|-damage|p2a: Head Empty 2.0|80\/100\n|\n|upkeep\n|turn|17\n|\n|t:|1698959258\n|switch|p1a: Phanphie|Great Tusk|100\/100\n|-damage|p1a: Phanphie|98\/100|[from] Stealth Rock\n|move|p2a: Head Empty 2.0|Torch Song|p1a: Phanphie\n|-damage|p1a: Phanphie|62\/100\n|-boost|p2a: Head Empty 2.0|spa|1\n|\n|upkeep\n|turn|18\n|\n|t:|1698959268\n|move|p1a: Phanphie|Iron Head|p2a: Head Empty 2.0\n|-supereffective|p2a: Head Empty 2.0\n|-damage|p2a: Head Empty 2.0|35\/100\n|move|p2a: Head Empty 2.0|Will-O-Wisp|p1a: Phanphie\n|-status|p1a: Phanphie|brn\n|\n|-damage|p1a: Phanphie|56\/100 brn|[from] brn\n|upkeep\n|turn|19\n|\n|t:|1698959280\n|move|p1a: Phanphie|Iron Head|p2a: Head Empty 2.0\n|-supereffective|p2a: Head Empty 2.0\n|-damage|p2a: Head Empty 2.0|11\/100\n|move|p2a: Head Empty 2.0|Slack Off|p2a: Head Empty 2.0\n|-heal|p2a: Head Empty 2.0|61\/100\n|\n|-damage|p1a: Phanphie|50\/100 brn|[from] brn\n|upkeep\n|turn|20\n|\n|t:|1698959293\n|move|p1a: Phanphie|Iron Head|p2a: Head Empty 2.0\n|-supereffective|p2a: Head Empty 2.0\n|-damage|p2a: Head Empty 2.0|37\/100\n|cant|p2a: Head Empty 2.0|flinch\n|\n|-damage|p1a: Phanphie|43\/100 brn|[from] brn\n|upkeep\n|turn|21\n|\n|t:|1698959301\n|move|p1a: Phanphie|Iron Head|p2a: Head Empty 2.0\n|-supereffective|p2a: Head Empty 2.0\n|-damage|p2a: Head Empty 2.0|12\/100\n|cant|p2a: Head Empty 2.0|flinch\n|\n|-damage|p1a: Phanphie|37\/100 brn|[from] brn\n|upkeep\n|turn|22\n|j| kronk104\n|\n|t:|1698959368\n|switch|p2a: Cooler Daniel|Moltres-Galar|100\/100\n|move|p1a: Phanphie|Iron Head|p2a: Cooler Daniel\n|-damage|p2a: Cooler Daniel|82\/100\n|\n|-damage|p1a: Phanphie|31\/100 brn|[from] brn\n|upkeep\n|turn|23\n|\n|t:|1698959416\n|-end|p1a: Phanphie|Protosynthesis|[silent]\n|switch|p1a: Floaterer|Thundurus, M|76\/100\n|-damage|p1a: Floaterer|51\/100|[from] Stealth Rock\n|move|p2a: Cooler Daniel|Agility|p2a: Cooler Daniel\n|-boost|p2a: Cooler Daniel|spe|2\n|\n|upkeep\n|turn|24\n|\n|t:|1698959430\n|move|p2a: Cooler Daniel|Nasty Plot|p2a: Cooler Daniel\n|-boost|p2a: Cooler Daniel|spa|2\n|move|p1a: Floaterer|Thunderbolt|p2a: Cooler Daniel\n|-supereffective|p2a: Cooler Daniel\n|-damage|p2a: Cooler Daniel|0 fnt\n|faint|p2a: Cooler Daniel\n|\n|upkeep\n|\n|t:|1698959443\n|switch|p2a: Head Empty 2.0|Skeledirge, M, tera:Fairy|12\/100\n|turn|25\n|\n|t:|1698959451\n|move|p1a: Floaterer|Thunderbolt|p2a: Head Empty 2.0\n|-damage|p2a: Head Empty 2.0|0 fnt\n|faint|p2a: Head Empty 2.0\n|\n|upkeep\n|\n|t:|1698959456\n|switch|p2a: Le Rock|Ting-Lu|30\/100\n|-ability|p2a: Le Rock|Vessel of Ruin\n|turn|26\n|\n|t:|1698959504\n|move|p1a: Floaterer|Psychic|p2a: Le Rock\n|-immune|p2a: Le Rock\n|move|p2a: Le Rock|Earthquake|p1a: Floaterer\n|-immune|p1a: Floaterer\n|\n|-heal|p2a: Le Rock|36\/100|[from] item: Leftovers\n|upkeep\n|turn|27\n|\n|t:|1698959552\n|move|p1a: Floaterer|Tera Blast|p2a: Le Rock\n|-damage|p2a: Le Rock|25\/100\n|move|p2a: Le Rock|Whirlwind|p1a: Floaterer\n|drag|p1a: Knocked off|Roaring Moon|88\/100\n|-damage|p1a: Knocked off|76\/100|[from] Stealth Rock\n|\n|-heal|p2a: Le Rock|32\/100|[from] item: Leftovers\n|upkeep\n|turn|28\n|\n|t:|1698959594\n|move|p1a: Knocked off|Dragon Claw|p2a: Le Rock\n|-damage|p2a: Le Rock|7\/100\n|move|p2a: Le Rock|Earthquake|p1a: Knocked off\n|-damage|p1a: Knocked off|18\/100\n|\n|-heal|p2a: Le Rock|13\/100|[from] item: Leftovers\n|upkeep\n|turn|29\n|\n|t:|1698959603\n|move|p1a: Knocked off|Dragon Claw|p2a: Le Rock\n|-damage|p2a: Le Rock|0 fnt\n|faint|p2a: Le Rock\n|\n|win|RudyFo0x\n","uploadtime":1698959613,"views":6,"p1id":"rudyfo0x","p2id":"colspiffington","formatid":"gen9ubers","rating":0,"private":0,"password":""}