{"id":"gen9ubers-1989763189","p1":"AlicieLizzie","p2":"IceColdd","format":"[Gen 9] Ubers","log":"|j|\u2606AlicieLizzie\n|j|\u2606IceColdd\n|t:|1699893660\n|gametype|singles\n|player|p1|AlicieLizzie|marnie-masters3|\n|player|p2|IceColdd|guzma|\n|teamsize|p1|6\n|teamsize|p2|6\n|gen|9\n|tier|[Gen 9] Ubers\n|rule|Sleep Clause Mod: Limit one foe put to sleep\n|rule|Species Clause: Limit one of each Pok\u00e9mon\n|rule|OHKO Clause: OHKO moves are banned\n|rule|Evasion Items Clause: Evasion items are banned\n|rule|Evasion Moves Clause: Evasion moves are banned\n|rule|Endless Battle Clause: Forcing endless battles is banned\n|rule|HP Percentage Mod: HP is shown in percentages\n|clearpoke\n|poke|p1|Ninetales-Alola, M|\n|poke|p1|Baxcalibur, M|\n|poke|p1|Jirachi|\n|poke|p1|Roaring Moon|\n|poke|p1|Cyclizar, M|\n|poke|p1|Slowking-Galar, F|\n|poke|p2|Palafin, M|\n|poke|p2|Cyclizar, F|\n|poke|p2|Chi-Yu|\n|poke|p2|Espathra, M|\n|poke|p2|Spectrier|\n|poke|p2|Dialga|\n|teampreview\n|inactive|Battle timer is ON: inactive players will automatically lose when time's up. (requested by AlicieLizzie)\n|inactive|IceColdd also wants the timer to be on.\n|c|\u2606IceColdd|gl hf\n|j| The Crusade\n|l| The Crusade\n|\n|t:|1699893679\n|start\n|switch|p1a: Nine Inch Tails|Ninetales-Alola, M|100\/100\n|switch|p2a: Dialga|Dialga|100\/100\n|-weather|Snow|[from] ability: Snow Warning|[of] p1a: Nine Inch Tails\n|-ability|p2a: Dialga|Pressure\n|turn|1\n|\n|t:|1699893691\n|move|p1a: Nine Inch Tails|Aurora Veil|p1a: Nine Inch Tails\n|-sidestart|p1: AlicieLizzie|move: Aurora Veil\n|move|p2a: Dialga|Flash Cannon|p1a: Nine Inch Tails\n|-supereffective|p1a: Nine Inch Tails\n|-damage|p1a: Nine Inch Tails|0 fnt\n|faint|p1a: Nine Inch Tails\n|\n|-weather|Snow|[upkeep]\n|upkeep\n|\n|t:|1699893700\n|switch|p1a: Roar of the Spark|Roaring Moon|100\/100\n|-enditem|p1a: Roar of the Spark|Booster Energy\n|-activate|p1a: Roar of the Spark|ability: Protosynthesis|[fromitem]\n|-start|p1a: Roar of the Spark|protosynthesisatk\n|turn|2\n|\n|t:|1699893726\n|move|p1a: Roar of the Spark|Dragon Dance|p1a: Roar of the Spark\n|-boost|p1a: Roar of the Spark|atk|1\n|-boost|p1a: Roar of the Spark|spe|1\n|move|p2a: Dialga|Draco Meteor|p1a: Roar of the Spark\n|-supereffective|p1a: Roar of the Spark\n|-damage|p1a: Roar of the Spark|20\/100\n|-unboost|p2a: Dialga|spa|2\n|\n|-weather|Snow|[upkeep]\n|upkeep\n|turn|3\n|\n|t:|1699893738\n|move|p1a: Roar of the Spark|Knock Off|p2a: Dialga\n|-damage|p2a: Dialga|22\/100\n|-enditem|p2a: Dialga|Assault Vest|[from] move: Knock Off|[of] p1a: Roar of the Spark\n|move|p2a: Dialga|Draco Meteor|p1a: Roar of the Spark\n|-supereffective|p1a: Roar of the Spark\n|-damage|p1a: Roar of the Spark|0 fnt\n|-unboost|p2a: Dialga|spa|2\n|faint|p1a: Roar of the Spark\n|-end|p1a: Roar of the Spark|Protosynthesis|[silent]\n|\n|-weather|Snow|[upkeep]\n|upkeep\n|\n|t:|1699893741\n|switch|p1a: Iron (Head) Maiden|Jirachi|100\/100\n|turn|4\n|\n|t:|1699893748\n|switch|p2a: Chi-Yu|Chi-Yu|100\/100\n|-ability|p2a: Chi-Yu|Beads of Ruin\n|move|p1a: Iron (Head) Maiden|Drain Punch|p2a: Chi-Yu\n|-supereffective|p2a: Chi-Yu\n|-damage|p2a: Chi-Yu|26\/100\n|\n|-weather|Snow|[upkeep]\n|upkeep\n|turn|5\n|\n|t:|1699893758\n|move|p1a: Iron (Head) Maiden|Drain Punch|p2a: Chi-Yu\n|-supereffective|p2a: Chi-Yu\n|-damage|p2a: Chi-Yu|0 fnt\n|faint|p2a: Chi-Yu\n|\n|-weather|none\n|upkeep\n|\n|t:|1699893762\n|switch|p2a: Spectrier|Spectrier|100\/100\n|turn|6\n|\n|t:|1699893768\n|switch|p1a: Round and Round|Cyclizar, M|100\/100\n|move|p2a: Spectrier|Nasty Plot|p2a: Spectrier\n|-boost|p2a: Spectrier|spa|2\n|\n|upkeep\n|turn|7\n|\n|t:|1699893776\n|move|p2a: Spectrier|Draining Kiss|p1a: Round and Round\n|-supereffective|p1a: Round and Round\n|-damage|p1a: Round and Round|30\/100\n|-damage|p2a: Spectrier|91\/100|[from] item: Life Orb\n|move|p1a: Round and Round|Knock Off|p2a: Spectrier\n|-supereffective|p2a: Spectrier\n|-damage|p2a: Spectrier|27\/100\n|-enditem|p2a: Spectrier|Life Orb|[from] move: Knock Off|[of] p1a: Round and Round\n|\n|upkeep\n|turn|8\n|\n|t:|1699893783\n|switch|p1a: Iron (Head) Maiden|Jirachi|100\/100\n|move|p2a: Spectrier|Draining Kiss|p1a: Iron (Head) Maiden\n|-resisted|p1a: Iron (Head) Maiden\n|-damage|p1a: Iron (Head) Maiden|91\/100\n|-heal|p2a: Spectrier|34\/100|[from] drain|[of] p1a: Iron (Head) Maiden\n|\n|-sideend|p1: AlicieLizzie|move: Aurora Veil\n|upkeep\n|turn|9\n|\n|t:|1699893791\n|move|p1a: Iron (Head) Maiden|Iron Head|p2a: Spectrier\n|-damage|p2a: Spectrier|0 fnt\n|faint|p2a: Spectrier\n|\n|upkeep\n|\n|t:|1699893796\n|switch|p2a: Palafin|Palafin, M|100\/100\n|turn|10\n|\n|t:|1699893799\n|move|p1a: Iron (Head) Maiden|Iron Head|p2a: Palafin\n|-resisted|p2a: Palafin\n|-damage|p2a: Palafin|77\/100\n|move|p2a: Palafin|Flip Turn|p1a: Iron (Head) Maiden\n|-damage|p1a: Iron (Head) Maiden|70\/100\n|\n|t:|1699893803\n|detailschange|p2a: Palafin|Palafin-Hero, M\n|switch|p2a: Cyclizar|Cyclizar, F|100\/100|[from] Flip Turn\n|\n|upkeep\n|turn|11\n|\n|t:|1699893818\n|move|p1a: Iron (Head) Maiden|Iron Head|p2a: Cyclizar\n|-damage|p2a: Cyclizar|49\/100\n|move|p2a: Cyclizar|Shed Tail|p2a: Cyclizar\n|-fail|p2a: Cyclizar|move: Shed Tail|[weak]\n|\n|upkeep\n|turn|12\n|\n|t:|1699893824\n|switch|p2a: Dialga|Dialga|22\/100\n|-ability|p2a: Dialga|Pressure\n|move|p1a: Iron (Head) Maiden|Iron Head|p2a: Dialga\n|-resisted|p2a: Dialga\n|-damage|p2a: Dialga|8\/100\n|\n|upkeep\n|turn|13\n|\n|t:|1699893830\n|move|p1a: Iron (Head) Maiden|Iron Head|p2a: Dialga\n|-resisted|p2a: Dialga\n|-damage|p2a: Dialga|0 fnt\n|faint|p2a: Dialga\n|\n|upkeep\n|\n|t:|1699893842\n|switch|p2a: Espathra|Espathra, M|100\/100\n|turn|14\n|\n|t:|1699893844\n|move|p1a: Iron (Head) Maiden|Iron Head|p2a: Espathra\n|-damage|p2a: Espathra|71\/100\n|cant|p2a: Espathra|flinch\n|\n|-heal|p2a: Espathra|77\/100|[from] item: Leftovers\n|-ability|p2a: Espathra|Speed Boost|boost\n|-boost|p2a: Espathra|spe|1\n|upkeep\n|turn|15\n|\n|t:|1699893849\n|move|p1a: Iron (Head) Maiden|Iron Head|p2a: Espathra\n|-damage|p2a: Espathra|45\/100\n|cant|p2a: Espathra|flinch\n|\n|-heal|p2a: Espathra|51\/100|[from] item: Leftovers\n|-ability|p2a: Espathra|Speed Boost|boost\n|-boost|p2a: Espathra|spe|1\n|upkeep\n|turn|16\n|\n|t:|1699893857\n|move|p1a: Iron (Head) Maiden|Iron Head|p2a: Espathra\n|-damage|p2a: Espathra|19\/100\n|move|p2a: Espathra|Calm Mind|p2a: Espathra\n|-boost|p2a: Espathra|spa|1\n|-boost|p2a: Espathra|spd|1\n|\n|-heal|p2a: Espathra|25\/100|[from] item: Leftovers\n|-ability|p2a: Espathra|Speed Boost|boost\n|-boost|p2a: Espathra|spe|1\n|upkeep\n|turn|17\n|\n|t:|1699893863\n|move|p2a: Espathra|Roost|p2a: Espathra\n|-heal|p2a: Espathra|75\/100\n|-singleturn|p2a: Espathra|move: Roost\n|move|p1a: Iron (Head) Maiden|Iron Head|p2a: Espathra\n|-damage|p2a: Espathra|46\/100\n|\n|-heal|p2a: Espathra|52\/100|[from] item: Leftovers\n|-ability|p2a: Espathra|Speed Boost|boost\n|-boost|p2a: Espathra|spe|1\n|upkeep\n|turn|18\n|\n|t:|1699893877\n|switch|p1a: Round and Round|Cyclizar, M|63\/100\n|move|p2a: Espathra|Calm Mind|p2a: Espathra\n|-boost|p2a: Espathra|spa|1\n|-boost|p2a: Espathra|spd|1\n|\n|-heal|p2a: Espathra|58\/100|[from] item: Leftovers\n|-ability|p2a: Espathra|Speed Boost|boost\n|-boost|p2a: Espathra|spe|1\n|upkeep\n|turn|19\n|\n|t:|1699893891\n|move|p2a: Espathra|Stored Power|p1a: Round and Round\n|-damage|p1a: Round and Round|0 fnt\n|faint|p1a: Round and Round\n|\n|-heal|p2a: Espathra|64\/100|[from] item: Leftovers\n|-ability|p2a: Espathra|Speed Boost|boost\n|-boost|p2a: Espathra|spe|1\n|upkeep\n|\n|t:|1699893896\n|switch|p1a: Iron (Head) Maiden|Jirachi|70\/100\n|turn|20\n|\n|t:|1699893907\n|move|p2a: Espathra|Calm Mind|p2a: Espathra\n|-boost|p2a: Espathra|spa|1\n|-boost|p2a: Espathra|spd|1\n|move|p1a: Iron (Head) Maiden|Iron Head|p2a: Espathra\n|-damage|p2a: Espathra|32\/100\n|\n|-heal|p2a: Espathra|39\/100|[from] item: Leftovers\n|upkeep\n|turn|21\n|\n|t:|1699893921\n|switch|p1a: Bax in Black|Baxcalibur, M|100\/100\n|move|p2a: Espathra|Calm Mind|p2a: Espathra\n|-boost|p2a: Espathra|spa|1\n|-boost|p2a: Espathra|spd|1\n|\n|-heal|p2a: Espathra|45\/100|[from] item: Leftovers\n|upkeep\n|turn|22\n|\n|t:|1699893937\n|move|p2a: Espathra|Stored Power|p1a: Bax in Black\n|-damage|p1a: Bax in Black|0 fnt\n|faint|p1a: Bax in Black\n|\n|-heal|p2a: Espathra|51\/100|[from] item: Leftovers\n|upkeep\n|c|\u2606AlicieLizzie|this is a certified espathra moment\n|\n|t:|1699893947\n|switch|p1a: King Crimson|Slowking-Galar, F|100\/100\n|turn|23\n|c|\u2606IceColdd|yeah pretty much\n|c|\u2606IceColdd|I actually hate this set\n|\n|t:|1699893962\n|move|p2a: Espathra|Calm Mind|p2a: Espathra\n|-boost|p2a: Espathra|spa|1\n|-boost|p2a: Espathra|spd|1\n|move|p1a: King Crimson|Psyshock|p2a: Espathra\n|-resisted|p2a: Espathra\n|-damage|p2a: Espathra|38\/100\n|\n|-heal|p2a: Espathra|44\/100|[from] item: Leftovers\n|upkeep\n|turn|24\n|\n|t:|1699893969\n|move|p2a: Espathra|Calm Mind|p2a: Espathra\n|-boost|p2a: Espathra|spa|1\n|-boost|p2a: Espathra|spd|1\n|move|p1a: King Crimson|Chilly Reception|p1a: King Crimson\n|-weather|Snow\n|\n|t:|1699893971\n|switch|p1a: Iron (Head) Maiden|Jirachi|70\/100|[from] Chilly Reception\n|\n|-weather|Snow|[upkeep]\n|-heal|p2a: Espathra|50\/100|[from] item: Leftovers\n|upkeep\n|turn|25\n|\n|t:|1699893977\n|move|p2a: Espathra|Stored Power|p1a: Iron (Head) Maiden\n|-resisted|p1a: Iron (Head) Maiden\n|-damage|p1a: Iron (Head) Maiden|0 fnt\n|faint|p1a: Iron (Head) Maiden\n|\n|-weather|Snow|[upkeep]\n|-heal|p2a: Espathra|56\/100|[from] item: Leftovers\n|upkeep\n|\n|t:|1699893979\n|switch|p1a: King Crimson|Slowking-Galar, F|100\/100\n|turn|26\n|\n|t:|1699893981\n|move|p2a: Espathra|Stored Power|p1a: King Crimson\n|-damage|p1a: King Crimson|0 fnt\n|faint|p1a: King Crimson\n|\n|win|IceColdd\n|c|\u2606IceColdd|gg wp\n","uploadtime":1699893987,"views":29,"p1id":"alicielizzie","p2id":"icecoldd","formatid":"gen9ubers","rating":0,"private":0,"password":""}