{"id":"gen9ubers-1982982216","p1":"pkpowers310","p2":"BLACK METAL 3","format":"[Gen 9] Ubers","log":"|j|\u2606pkpowers310\n|j|\u2606BLACK METAL 3\n|t:|1699066025\n|gametype|singles\n|player|p1|pkpowers310|crasherwake|\n|player|p2|BLACK METAL 3|1|\n|teamsize|p1|6\n|teamsize|p2|6\n|gen|9\n|tier|[Gen 9] Ubers\n|rule|Sleep Clause Mod: Limit one foe put to sleep\n|rule|Species Clause: Limit one of each Pok\u00e9mon\n|rule|OHKO Clause: OHKO moves are banned\n|rule|Evasion Items Clause: Evasion items are banned\n|rule|Evasion Moves Clause: Evasion moves are banned\n|rule|Endless Battle Clause: Forcing endless battles is banned\n|rule|HP Percentage Mod: HP is shown in percentages\n|clearpoke\n|poke|p1|Ting-Lu|\n|poke|p1|Ursaluna, M|\n|poke|p1|Chi-Yu|\n|poke|p1|Glimmora, F|\n|poke|p1|Amoonguss, F|\n|poke|p1|Alomomola, F|\n|poke|p2|Maushold|\n|poke|p2|Azumarill, F|\n|poke|p2|Espathra, F|\n|poke|p2|Garganacl, M|\n|poke|p2|Salazzle, F|\n|poke|p2|Kingambit, M|\n|teampreview\n|j| RoamingDia\n|j| Squirshawott\n|j| hameau\n|l| hameau\n|\n|t:|1699066066\n|start\n|switch|p1a: Mrs. Blubby|Alomomola, F|100\/100\n|switch|p2a: Eggdog|Azumarill, F|100\/100\n|turn|1\n|\n|t:|1699066079\n|move|p2a: Eggdog|Play Rough|p1a: Mrs. Blubby\n|-damage|p1a: Mrs. Blubby|70\/100\n|move|p1a: Mrs. Blubby|Scald|p2a: Eggdog\n|-resisted|p2a: Eggdog\n|-damage|p2a: Eggdog|96\/100\n|-status|p2a: Eggdog|brn\n|\n|-heal|p1a: Mrs. Blubby|76\/100|[from] item: Leftovers\n|-damage|p2a: Eggdog|90\/100 brn|[from] brn\n|upkeep\n|turn|2\n|\n|t:|1699066092\n|move|p2a: Eggdog|Play Rough|p1a: Mrs. Blubby|[miss]\n|-miss|p2a: Eggdog|p1a: Mrs. Blubby\n|move|p1a: Mrs. Blubby|Wish|p1a: Mrs. Blubby\n|\n|-heal|p1a: Mrs. Blubby|82\/100|[from] item: Leftovers\n|-damage|p2a: Eggdog|83\/100 brn|[from] brn\n|upkeep\n|turn|3\n|\n|t:|1699066101\n|move|p2a: Eggdog|Play Rough|p1a: Mrs. Blubby\n|-damage|p1a: Mrs. Blubby|66\/100\n|move|p1a: Mrs. Blubby|Flip Turn|p2a: Eggdog\n|-resisted|p2a: Eggdog\n|-damage|p2a: Eggdog|75\/100 brn\n|\n|t:|1699066108\n|switch|p1a: Amoonguss|Amoonguss, F|100\/100|[from] Flip Turn\n|\n|-damage|p2a: Eggdog|68\/100 brn|[from] brn\n|upkeep\n|turn|4\n|\n|t:|1699066121\n|move|p2a: Eggdog|Ice Spinner|p1a: Amoonguss\n|-supereffective|p1a: Amoonguss\n|-damage|p1a: Amoonguss|75\/100\n|move|p1a: Amoonguss|Giga Drain|p2a: Eggdog\n|-supereffective|p2a: Eggdog\n|-damage|p2a: Eggdog|40\/100 brn\n|-heal|p1a: Amoonguss|88\/100|[from] drain|[of] p2a: Eggdog\n|\n|-damage|p2a: Eggdog|33\/100 brn|[from] brn\n|upkeep\n|turn|5\n|\n|t:|1699066136\n|move|p2a: Eggdog|Ice Spinner|p1a: Amoonguss\n|-supereffective|p1a: Amoonguss\n|-damage|p1a: Amoonguss|66\/100\n|move|p1a: Amoonguss|Sludge Bomb|p2a: Eggdog\n|-supereffective|p2a: Eggdog\n|-damage|p2a: Eggdog|0 fnt\n|faint|p2a: Eggdog\n|\n|upkeep\n|j| KickinAsh\n|\n|t:|1699066145\n|switch|p2a: Reaper|Salazzle, F|100\/100\n|turn|6\n|\n|t:|1699066171\n|switch|p1a: Mrs. Blubby|Alomomola, F|99\/100\n|move|p2a: Reaper|Toxic|p1a: Mrs. Blubby\n|-status|p1a: Mrs. Blubby|tox\n|\n|-heal|p1a: Mrs. Blubby|100\/100 tox|[from] item: Leftovers\n|-damage|p1a: Mrs. Blubby|94\/100 tox|[from] psn\n|upkeep\n|turn|7\n|\n|t:|1699066197\n|switch|p2a: Stonehenge|Garganacl, M|100\/100\n|move|p1a: Mrs. Blubby|Scald|p2a: Stonehenge\n|-supereffective|p2a: Stonehenge\n|-damage|p2a: Stonehenge|83\/100\n|\n|-heal|p1a: Mrs. Blubby|100\/100 tox|[from] item: Leftovers\n|-damage|p1a: Mrs. Blubby|88\/100 tox|[from] psn\n|upkeep\n|turn|8\n|\n|t:|1699066209\n|move|p1a: Mrs. Blubby|Flip Turn|p2a: Stonehenge\n|-supereffective|p2a: Stonehenge\n|-damage|p2a: Stonehenge|62\/100\n|\n|t:|1699066220\n|switch|p1a: Freddy|Ursaluna, M|100\/100|[from] Flip Turn\n|move|p2a: Stonehenge|Stealth Rock|p1a: Freddy\n|-sidestart|p1: pkpowers310|move: Stealth Rock\n|\n|-status|p1a: Freddy|brn|[from] item: Flame Orb\n|upkeep\n|turn|9\n|\n|t:|1699066230\n|move|p2a: Stonehenge|Protect|p2a: Stonehenge\n|-singleturn|p2a: Stonehenge|Protect\n|move|p1a: Freddy|Headlong Rush|p2a: Stonehenge\n|-activate|p2a: Stonehenge|move: Protect\n|\n|-damage|p1a: Freddy|94\/100 brn|[from] brn\n|upkeep\n|turn|10\n|\n|t:|1699066270\n|move|p2a: Stonehenge|Protect||[still]\n|-fail|p2a: Stonehenge\n|move|p1a: Freddy|Headlong Rush|p2a: Stonehenge\n|-supereffective|p2a: Stonehenge\n|-damage|p2a: Stonehenge|0 fnt\n|-unboost|p1a: Freddy|def|1\n|-unboost|p1a: Freddy|spd|1\n|faint|p2a: Stonehenge\n|\n|-damage|p1a: Freddy|88\/100 brn|[from] brn\n|upkeep\n|\n|t:|1699066299\n|switch|p2a: HAOHMARU|Kingambit, M|100\/100\n|-activate|p2a: HAOHMARU|ability: Supreme Overlord\n|-start|p2a: HAOHMARU|fallen2|[silent]\n|turn|11\n|\n|t:|1699066324\n|move|p2a: HAOHMARU|Sucker Punch|p1a: Freddy\n|-damage|p1a: Freddy|21\/100 brn\n|-damage|p2a: HAOHMARU|91\/100|[from] item: Life Orb\n|move|p1a: Freddy|Headlong Rush|p2a: HAOHMARU\n|-supereffective|p2a: HAOHMARU\n|-damage|p2a: HAOHMARU|0 fnt\n|-unboost|p1a: Freddy|def|1\n|-unboost|p1a: Freddy|spd|1\n|faint|p2a: HAOHMARU\n|-end|p2a: HAOHMARU|fallen2|[silent]\n|\n|-damage|p1a: Freddy|15\/100 brn|[from] brn\n|upkeep\n|\n|t:|1699066340\n|switch|p2a: Bird Up!|Espathra, F|100\/100\n|turn|12\n|\n|t:|1699066347\n|move|p2a: Bird Up!|Dazzling Gleam|p1a: Freddy\n|-damage|p1a: Freddy|0 fnt\n|faint|p1a: Freddy\n|\n|-ability|p2a: Bird Up!|Speed Boost|boost\n|-boost|p2a: Bird Up!|spe|1\n|upkeep\n|\n|t:|1699066353\n|switch|p1a: LearnChineseBuddy|Ting-Lu|100\/100\n|-damage|p1a: LearnChineseBuddy|94\/100|[from] Stealth Rock\n|-ability|p1a: LearnChineseBuddy|Vessel of Ruin\n|turn|13\n|\n|t:|1699066365\n|move|p2a: Bird Up!|Calm Mind|p2a: Bird Up!\n|-boost|p2a: Bird Up!|spa|1\n|-boost|p2a: Bird Up!|spd|1\n|move|p1a: LearnChineseBuddy|Payback|p2a: Bird Up!\n|-supereffective|p2a: Bird Up!\n|-damage|p2a: Bird Up!|22\/100\n|\n|-heal|p2a: Bird Up!|28\/100|[from] item: Leftovers\n|-ability|p2a: Bird Up!|Speed Boost|boost\n|-boost|p2a: Bird Up!|spe|1\n|upkeep\n|turn|14\n|\n|t:|1699066378\n|move|p2a: Bird Up!|Protect|p2a: Bird Up!\n|-singleturn|p2a: Bird Up!|Protect\n|move|p1a: LearnChineseBuddy|Payback|p2a: Bird Up!\n|-activate|p2a: Bird Up!|move: Protect\n|\n|-heal|p2a: Bird Up!|35\/100|[from] item: Leftovers\n|-ability|p2a: Bird Up!|Speed Boost|boost\n|-boost|p2a: Bird Up!|spe|1\n|upkeep\n|turn|15\n|\n|t:|1699066404\n|switch|p2a: Reaper|Salazzle, F|100\/100\n|move|p1a: LearnChineseBuddy|Payback|p2a: Reaper\n|-damage|p2a: Reaper|74\/100\n|\n|-heal|p2a: Reaper|80\/100|[from] item: Black Sludge\n|upkeep\n|turn|16\n|\n|t:|1699066414\n|switch|p1a: Mrs. Blubby|Alomomola, F|100\/100 tox\n|-damage|p1a: Mrs. Blubby|88\/100 tox|[from] Stealth Rock\n|move|p2a: Reaper|Will-O-Wisp||[still]\n|-fail|p2a: Reaper\n|\n|-heal|p2a: Reaper|86\/100|[from] item: Black Sludge\n|-heal|p1a: Mrs. Blubby|94\/100 tox|[from] item: Leftovers\n|-damage|p1a: Mrs. Blubby|88\/100 tox|[from] psn\n|upkeep\n|turn|17\n|j| slugmaaa\n|\n|t:|1699066430\n|move|p2a: Reaper|Knock Off|p1a: Mrs. Blubby\n|-damage|p1a: Mrs. Blubby|81\/100 tox\n|-enditem|p1a: Mrs. Blubby|Leftovers|[from] move: Knock Off|[of] p2a: Reaper\n|move|p1a: Mrs. Blubby|Scald|p2a: Reaper\n|-supereffective|p2a: Reaper\n|-damage|p2a: Reaper|47\/100\n|\n|-heal|p2a: Reaper|53\/100|[from] item: Black Sludge\n|-damage|p1a: Mrs. Blubby|68\/100 tox|[from] psn\n|upkeep\n|turn|18\n|\n|t:|1699066458\n|switch|p1a: Mr. Blubby|Chi-Yu|100\/100\n|-damage|p1a: Mr. Blubby|75\/100|[from] Stealth Rock\n|-ability|p1a: Mr. Blubby|Beads of Ruin\n|move|p2a: Reaper|Protect||[still]\n|-fail|p2a: Reaper\n|\n|-heal|p2a: Reaper|59\/100|[from] item: Black Sludge\n|upkeep\n|turn|19\n|\n|t:|1699066470\n|move|p2a: Reaper|Knock Off|p1a: Mr. Blubby\n|-resisted|p1a: Mr. Blubby\n|-damage|p1a: Mr. Blubby|63\/100\n|-enditem|p1a: Mr. Blubby|Choice Specs|[from] move: Knock Off|[of] p2a: Reaper\n|move|p1a: Mr. Blubby|Dark Pulse|p2a: Reaper\n|-damage|p2a: Reaper|0 fnt\n|faint|p2a: Reaper\n|\n|upkeep\n|\n|t:|1699066479\n|switch|p2a: The Gang|Maushold|100\/100\n|turn|20\n|\n|t:|1699066494\n|move|p2a: The Gang|Super Fang|p1a: Mr. Blubby\n|-damage|p1a: Mr. Blubby|32\/100\n|move|p1a: Mr. Blubby|Overheat|p2a: The Gang\n|-damage|p2a: The Gang|0 fnt\n|-unboost|p1a: Mr. Blubby|spa|2\n|faint|p2a: The Gang\n|\n|upkeep\n|\n|t:|1699066501\n|switch|p2a: Bird Up!|Espathra, F|35\/100\n|turn|21\n|\n|t:|1699066506\n|switch|p1a: LearnChineseBuddy|Ting-Lu|94\/100\n|-damage|p1a: LearnChineseBuddy|88\/100|[from] Stealth Rock\n|-ability|p1a: LearnChineseBuddy|Vessel of Ruin\n|move|p2a: Bird Up!|Protect||[still]\n|-fail|p2a: Bird Up!\n|\n|-heal|p2a: Bird Up!|41\/100|[from] item: Leftovers\n|-ability|p2a: Bird Up!|Speed Boost|boost\n|-boost|p2a: Bird Up!|spe|1\n|upkeep\n|turn|22\n|\n|t:|1699066522\n|move|p2a: Bird Up!|Dazzling Gleam|p1a: LearnChineseBuddy\n|-supereffective|p1a: LearnChineseBuddy\n|-damage|p1a: LearnChineseBuddy|74\/100\n|-enditem|p1a: LearnChineseBuddy|Weakness Policy\n|-boost|p1a: LearnChineseBuddy|atk|2|[from] item: Weakness Policy\n|-boost|p1a: LearnChineseBuddy|spa|2|[from] item: Weakness Policy\n|move|p1a: LearnChineseBuddy|Payback|p2a: Bird Up!\n|-supereffective|p2a: Bird Up!\n|-damage|p2a: Bird Up!|0 fnt\n|faint|p2a: Bird Up!\n|\n|win|pkpowers310\n|c|\u2606pkpowers310|Gg\n|c|\u2606BLACK METAL 3|ggs\n","uploadtime":1699066533,"views":15,"p1id":"pkpowers310","p2id":"blackmetal3","formatid":"gen9ubers","rating":0,"private":0,"password":""}