{"id":"gen9ubers-1978510620","p1":"Keggfm","p2":"Zeddby","format":"[Gen 9] Ubers","log":"|j|\u2606Keggfm\n|j|\u2606Zeddby\n|t:|1698548510\n|gametype|singles\n|player|p1|Keggfm|cynthia-gen4|\n|player|p2|Zeddby|winona|\n|teamsize|p1|6\n|teamsize|p2|6\n|gen|9\n|tier|[Gen 9] Ubers\n|rule|Sleep Clause Mod: Limit one foe put to sleep\n|rule|Species Clause: Limit one of each Pok\u00e9mon\n|rule|OHKO Clause: OHKO moves are banned\n|rule|Evasion Items Clause: Evasion items are banned\n|rule|Evasion Moves Clause: Evasion moves are banned\n|rule|Endless Battle Clause: Forcing endless battles is banned\n|rule|HP Percentage Mod: HP is shown in percentages\n|clearpoke\n|poke|p1|Dragalge, F|\n|poke|p1|Gastrodon, F|\n|poke|p1|Goodra, F|\n|poke|p1|Hawlucha, F|\n|poke|p1|Cresselia, F|\n|poke|p1|Krookodile, M|\n|poke|p2|Roaring Moon|\n|poke|p2|Meowscarada, F|\n|poke|p2|Hippowdon, F|\n|poke|p2|Regidrago|\n|poke|p2|Toxtricity, M|\n|poke|p2|Orthworm, M|\n|teampreview\n|j| CTE World\n|j| acetrainerluck\n|\n|t:|1698548540\n|start\n|switch|p1a: Hawlucha|Hawlucha, F|100\/100\n|switch|p2a: Meowscarada|Meowscarada, F|100\/100\n|turn|1\n|\n|t:|1698548551\n|switch|p1a: Dragalge|Dragalge, F|100\/100\n|move|p2a: Meowscarada|U-turn|p1a: Dragalge\n|-start|p2a: Meowscarada|typechange|Bug|[from] ability: Protean\n|-resisted|p1a: Dragalge\n|-damage|p1a: Dragalge|81\/100\n|\n|t:|1698548568\n|switch|p2a: Regidrago|Regidrago|100\/100|[from] U-turn\n|\n|upkeep\n|turn|2\n|\n|t:|1698548576\n|move|p2a: Regidrago|Scale Shot|p1a: Dragalge\n|-supereffective|p1a: Dragalge\n|-damage|p1a: Dragalge|43\/100\n|-supereffective|p1a: Dragalge\n|-damage|p1a: Dragalge|7\/100\n|-supereffective|p1a: Dragalge\n|-damage|p1a: Dragalge|0 fnt\n|faint|p1a: Dragalge\n|-hitcount|p1: Dragalge|3\n|-unboost|p2a: Regidrago|def|1\n|-boost|p2a: Regidrago|spe|1\n|\n|upkeep\n|\n|t:|1698548584\n|switch|p1a: Krookodile|Krookodile, M|100\/100\n|-ability|p1a: Krookodile|Intimidate|boost\n|-unboost|p2a: Regidrago|atk|1\n|turn|3\n|\n|t:|1698548596\n|switch|p2a: Hippowdon|Hippowdon, F|100\/100\n|move|p1a: Krookodile|Outrage|p2a: Hippowdon\n|-damage|p2a: Hippowdon|80\/100\n|\n|-heal|p2a: Hippowdon|87\/100|[from] item: Leftovers\n|upkeep\n|turn|4\n|\n|t:|1698548604\n|move|p1a: Krookodile|Outrage|p2a: Hippowdon|[from]lockedmove\n|-damage|p2a: Hippowdon|66\/100\n|move|p2a: Hippowdon|Stealth Rock|p1a: Krookodile\n|-sidestart|p1: Keggfm|move: Stealth Rock\n|\n|-heal|p2a: Hippowdon|73\/100|[from] item: Leftovers\n|upkeep\n|turn|5\n|c| CTE World|sicko behavior\n|\n|t:|1698548614\n|move|p1a: Krookodile|Outrage|p2a: Hippowdon|[from]lockedmove\n|-damage|p2a: Hippowdon|53\/100\n|-start|p1a: Krookodile|confusion|[fatigue]\n|move|p2a: Hippowdon|Slack Off|p2a: Hippowdon\n|-heal|p2a: Hippowdon|100\/100\n|\n|upkeep\n|turn|6\n|\n|t:|1698548641\n|switch|p1a: Gastrodon|Gastrodon, F|100\/100\n|-damage|p1a: Gastrodon|94\/100|[from] Stealth Rock\n|move|p2a: Hippowdon|Earthquake|p1a: Gastrodon\n|-damage|p1a: Gastrodon|62\/100\n|\n|-heal|p1a: Gastrodon|69\/100|[from] item: Leftovers\n|upkeep\n|turn|7\n|\n|t:|1698548652\n|switch|p2a: Meowscarada|Meowscarada, F|100\/100\n|move|p1a: Gastrodon|Yawn|p2a: Meowscarada\n|-start|p2a: Meowscarada|move: Yawn|[of] p1a: Gastrodon\n|\n|-heal|p1a: Gastrodon|75\/100|[from] item: Leftovers\n|upkeep\n|turn|8\n|\n|t:|1698548664\n|switch|p1a: Cresselia|Cresselia, F|100\/100\n|-damage|p1a: Cresselia|88\/100|[from] Stealth Rock\n|move|p2a: Meowscarada|U-turn|p1a: Cresselia\n|-start|p2a: Meowscarada|typechange|Bug|[from] ability: Protean\n|-supereffective|p1a: Cresselia\n|-damage|p1a: Cresselia|38\/100\n|\n|t:|1698548674\n|switch|p2a: Roaring Moon|Roaring Moon|100\/100|[from] U-turn\n|\n|upkeep\n|turn|9\n|\n|t:|1698548681\n|move|p2a: Roaring Moon|Knock Off|p1a: Cresselia\n|-supereffective|p1a: Cresselia\n|-damage|p1a: Cresselia|0 fnt\n|-enditem|p1a: Cresselia|Light Clay|[from] move: Knock Off|[of] p2a: Roaring Moon\n|faint|p1a: Cresselia\n|\n|upkeep\n|\n|t:|1698548686\n|switch|p1a: Krookodile|Krookodile, M|100\/100\n|-damage|p1a: Krookodile|94\/100|[from] Stealth Rock\n|-ability|p1a: Krookodile|Intimidate|boost\n|-unboost|p2a: Roaring Moon|atk|1\n|turn|10\n|\n|t:|1698548691\n|-end|p2a: Roaring Moon|Protosynthesis|[silent]\n|switch|p2a: Hippowdon|Hippowdon, F|100\/100\n|move|p1a: Krookodile|Close Combat|p2a: Hippowdon\n|-damage|p2a: Hippowdon|79\/100\n|-unboost|p1a: Krookodile|def|1\n|-unboost|p1a: Krookodile|spd|1\n|\n|-heal|p2a: Hippowdon|86\/100|[from] item: Leftovers\n|upkeep\n|turn|11\n|\n|t:|1698548700\n|switch|p1a: Goodra|Goodra, F|100\/100\n|-damage|p1a: Goodra|88\/100|[from] Stealth Rock\n|move|p2a: Hippowdon|Earthquake|p1a: Goodra\n|-damage|p1a: Goodra|42\/100\n|\n|-heal|p2a: Hippowdon|92\/100|[from] item: Leftovers\n|upkeep\n|turn|12\n|\n|t:|1698548711\n|-terastallize|p1a: Goodra|Fairy\n|move|p1a: Goodra|Draco Meteor|p2a: Hippowdon\n|-damage|p2a: Hippowdon|22\/100\n|-unboost|p1a: Goodra|spa|2\n|move|p2a: Hippowdon|Earthquake|p1a: Goodra\n|-damage|p1a: Goodra|0 fnt\n|faint|p1a: Goodra\n|\n|-heal|p2a: Hippowdon|28\/100|[from] item: Leftovers\n|upkeep\n|\n|t:|1698548720\n|switch|p1a: Gastrodon|Gastrodon, F|75\/100\n|-damage|p1a: Gastrodon|69\/100|[from] Stealth Rock\n|turn|13\n|\n|t:|1698548757\n|switch|p2a: Orthworm|Orthworm, M|100\/100\n|move|p1a: Gastrodon|Surf|p2a: Orthworm\n|-damage|p2a: Orthworm|70\/100\n|\n|-heal|p2a: Orthworm|76\/100|[from] item: Leftovers\n|-heal|p1a: Gastrodon|75\/100|[from] item: Leftovers\n|upkeep\n|turn|14\n|\n|t:|1698548767\n|move|p2a: Orthworm|Body Press|p1a: Gastrodon\n|-damage|p1a: Gastrodon|50\/100\n|move|p1a: Gastrodon|Yawn|p2a: Orthworm\n|-start|p2a: Orthworm|move: Yawn|[of] p1a: Gastrodon\n|\n|-heal|p2a: Orthworm|82\/100|[from] item: Leftovers\n|-heal|p1a: Gastrodon|56\/100|[from] item: Leftovers\n|upkeep\n|turn|15\n|\n|t:|1698548775\n|switch|p2a: Meowscarada|Meowscarada, F|100\/100\n|move|p1a: Gastrodon|Recover|p1a: Gastrodon\n|-heal|p1a: Gastrodon|100\/100\n|\n|upkeep\n|turn|16\n|\n|t:|1698548788\n|move|p2a: Meowscarada|Knock Off|p1a: Gastrodon\n|-start|p2a: Meowscarada|typechange|Dark|[from] ability: Protean\n|-damage|p1a: Gastrodon|63\/100\n|-activate|p1a: Gastrodon|ability: Sticky Hold\n|move|p1a: Gastrodon|Yawn|p2a: Meowscarada\n|-start|p2a: Meowscarada|move: Yawn|[of] p1a: Gastrodon\n|\n|-heal|p1a: Gastrodon|69\/100|[from] item: Leftovers\n|upkeep\n|turn|17\n|\n|t:|1698548816\n|switch|p1a: Krookodile|Krookodile, M|94\/100\n|-damage|p1a: Krookodile|88\/100|[from] Stealth Rock\n|-ability|p1a: Krookodile|Intimidate|boost\n|-unboost|p2a: Meowscarada|atk|1\n|move|p2a: Meowscarada|U-turn|p1a: Krookodile\n|-supereffective|p1a: Krookodile\n|-crit|p1a: Krookodile\n|-damage|p1a: Krookodile|6\/100\n|\n|t:|1698548829\n|switch|p2a: Roaring Moon|Roaring Moon|100\/100|[from] U-turn\n|\n|upkeep\n|turn|18\n|\n|t:|1698548837\n|move|p2a: Roaring Moon|Dragon Claw|p1a: Krookodile\n|-damage|p1a: Krookodile|0 fnt\n|faint|p1a: Krookodile\n|\n|upkeep\n|\n|t:|1698548842\n|switch|p1a: Hawlucha|Hawlucha, F|100\/100\n|-damage|p1a: Hawlucha|88\/100|[from] Stealth Rock\n|turn|19\n|\n|t:|1698548885\n|-end|p2a: Roaring Moon|Protosynthesis|[silent]\n|switch|p2a: Orthworm|Orthworm, M|82\/100\n|move|p1a: Hawlucha|Close Combat|p2a: Orthworm\n|-supereffective|p2a: Orthworm\n|-damage|p2a: Orthworm|6\/100\n|-unboost|p1a: Hawlucha|def|1\n|-unboost|p1a: Hawlucha|spd|1\n|\n|-heal|p2a: Orthworm|12\/100|[from] item: Leftovers\n|upkeep\n|turn|20\n|j| TBK Renegades\n|n| TBK Renegades|tbkrenegades\n|\n|t:|1698548898\n|move|p1a: Hawlucha|Close Combat|p2a: Orthworm\n|-supereffective|p2a: Orthworm\n|-crit|p2a: Orthworm\n|-damage|p2a: Orthworm|0 fnt\n|-unboost|p1a: Hawlucha|def|1\n|-unboost|p1a: Hawlucha|spd|1\n|faint|p2a: Orthworm\n|\n|upkeep\n|\n|t:|1698548918\n|switch|p2a: Toxtricity|Toxtricity, M|100\/100\n|turn|21\n|\n|t:|1698548929\n|switch|p1a: Gastrodon|Gastrodon, F|69\/100\n|-damage|p1a: Gastrodon|63\/100|[from] Stealth Rock\n|move|p2a: Toxtricity|Boomburst|p1a: Gastrodon\n|-damage|p1a: Gastrodon|0 fnt\n|faint|p1a: Gastrodon\n|\n|upkeep\n|\n|t:|1698548934\n|switch|p1a: Hawlucha|Hawlucha, F|88\/100\n|-damage|p1a: Hawlucha|76\/100|[from] Stealth Rock\n|turn|22\n|\n|t:|1698548939\n|move|p1a: Hawlucha|Close Combat|p2a: Toxtricity\n|-resisted|p2a: Toxtricity\n|-damage|p2a: Toxtricity|61\/100\n|-unboost|p1a: Hawlucha|def|1\n|-unboost|p1a: Hawlucha|spd|1\n|move|p2a: Toxtricity|Boomburst|p1a: Hawlucha\n|-damage|p1a: Hawlucha|0 fnt\n|faint|p1a: Hawlucha\n|\n|win|Zeddby\n|c|\u2606Keggfm|Ggs no swaps\n|c|\u2606Zeddby|no swaps\n|l|\u2606Zeddby\n|l|\u2606Keggfm\n|j|\u2606Zeddby\n|player|p2|Zeddby|winona\n","uploadtime":1698548956,"views":11,"p1id":"keggfm","p2id":"zeddby","formatid":"gen9ubers","rating":0,"private":0,"password":""}