{"id":"gen9ubers-1983313668","p1":"iboxedyou","p2":"IUXCelestialQueen","format":"[Gen 9] Ubers","log":"|j|\u2606iboxedyou\n|j|\u2606IUXCelestialQueen\n|t:|1699117167\n|gametype|singles\n|player|p1|iboxedyou|266|\n|player|p2|IUXCelestialQueen|penny|\n|teamsize|p1|6\n|teamsize|p2|6\n|gen|9\n|tier|[Gen 9] Ubers\n|rule|Sleep Clause Mod: Limit one foe put to sleep\n|rule|Species Clause: Limit one of each Pok\u00e9mon\n|rule|OHKO Clause: OHKO moves are banned\n|rule|Evasion Items Clause: Evasion items are banned\n|rule|Evasion Moves Clause: Evasion moves are banned\n|rule|Endless Battle Clause: Forcing endless battles is banned\n|rule|HP Percentage Mod: HP is shown in percentages\n|clearpoke\n|poke|p1|Chi-Yu|\n|poke|p1|Regidrago|\n|poke|p1|Empoleon, F|\n|poke|p1|Weezing, M|\n|poke|p1|Hariyama, M|\n|poke|p1|Kricketune, M|\n|poke|p2|Ogerpon-Hearthflame, F|\n|poke|p2|Clefable, F|\n|poke|p2|Great Tusk|\n|poke|p2|Noivern, F|\n|poke|p2|Milotic, F|\n|poke|p2|Lycanroc-Dusk, M|\n|teampreview\n|c|\u2606IUXCelestialQueen|glhf\n|\n|t:|1699117235\n|start\n|switch|p1a: Kricketune|Kricketune, M|100\/100\n|switch|p2a: AAAAAAAAAAAA|Noivern, F, shiny|100\/100\n|turn|1\n|\n|t:|1699117245\n|move|p2a: AAAAAAAAAAAA|Air Slash|p1a: Kricketune\n|-supereffective|p1a: Kricketune\n|-enditem|p1a: Kricketune|Focus Sash\n|-damage|p1a: Kricketune|1\/100\n|cant|p1a: Kricketune|flinch\n|\n|upkeep\n|turn|2\n|\n|t:|1699117255\n|switch|p1a: Empoleon|Empoleon, F|100\/100\n|move|p2a: AAAAAAAAAAAA|Air Slash|p1a: Empoleon\n|-resisted|p1a: Empoleon\n|-damage|p1a: Empoleon|84\/100\n|\n|-heal|p1a: Empoleon|90\/100|[from] item: Leftovers\n|upkeep\n|turn|3\n|\n|t:|1699117266\n|switch|p2a: Melody|Milotic, F, shiny|100\/100\n|move|p1a: Empoleon|Yawn|p2a: Melody\n|-start|p2a: Melody|move: Yawn|[of] p1a: Empoleon\n|\n|-heal|p1a: Empoleon|96\/100|[from] item: Leftovers\n|-status|p2a: Melody|brn|[from] item: Flame Orb\n|upkeep\n|turn|4\n|\n|t:|1699117284\n|move|p2a: Melody|Scald|p1a: Empoleon\n|-resisted|p1a: Empoleon\n|-damage|p1a: Empoleon|87\/100\n|move|p1a: Empoleon|Surf|p2a: Melody\n|-resisted|p2a: Melody\n|-damage|p2a: Melody|91\/100 brn\n|\n|-heal|p1a: Empoleon|94\/100|[from] item: Leftovers\n|-damage|p2a: Melody|84\/100 brn|[from] brn\n|-end|p2a: Melody|move: Yawn|[silent]\n|upkeep\n|turn|5\n|\n|t:|1699117309\n|move|p2a: Melody|Scald|p1a: Empoleon\n|-resisted|p1a: Empoleon\n|-damage|p1a: Empoleon|84\/100\n|-status|p1a: Empoleon|brn\n|move|p1a: Empoleon|Ice Beam|p2a: Melody\n|-resisted|p2a: Melody\n|-damage|p2a: Melody|77\/100 brn\n|\n|-heal|p1a: Empoleon|90\/100 brn|[from] item: Leftovers\n|-damage|p2a: Melody|71\/100 brn|[from] brn\n|-damage|p1a: Empoleon|84\/100 brn|[from] brn\n|upkeep\n|turn|6\n|\n|t:|1699117323\n|move|p2a: Melody|Scald|p1a: Empoleon\n|-resisted|p1a: Empoleon\n|-damage|p1a: Empoleon|74\/100 brn\n|move|p1a: Empoleon|Ice Beam|p2a: Melody\n|-resisted|p2a: Melody\n|-damage|p2a: Melody|65\/100 brn\n|\n|-heal|p1a: Empoleon|80\/100 brn|[from] item: Leftovers\n|-damage|p2a: Melody|59\/100 brn|[from] brn\n|-damage|p1a: Empoleon|74\/100 brn|[from] brn\n|upkeep\n|turn|7\n|\n|t:|1699117361\n|move|p2a: Melody|Recover|p2a: Melody\n|-heal|p2a: Melody|100\/100 brn\n|move|p1a: Empoleon|Roost|p1a: Empoleon\n|-heal|p1a: Empoleon|100\/100 brn\n|-singleturn|p1a: Empoleon|move: Roost\n|\n|-damage|p2a: Melody|94\/100 brn|[from] brn\n|-damage|p1a: Empoleon|94\/100 brn|[from] brn\n|upkeep\n|turn|8\n|\n|t:|1699117376\n|move|p2a: Melody|Scald|p1a: Empoleon\n|-resisted|p1a: Empoleon\n|-damage|p1a: Empoleon|85\/100 brn\n|move|p1a: Empoleon|Surf|p2a: Melody\n|-resisted|p2a: Melody\n|-damage|p2a: Melody|84\/100 brn\n|\n|-heal|p1a: Empoleon|91\/100 brn|[from] item: Leftovers\n|-damage|p2a: Melody|78\/100 brn|[from] brn\n|-damage|p1a: Empoleon|85\/100 brn|[from] brn\n|upkeep\n|turn|9\n|\n|t:|1699117388\n|move|p2a: Melody|Draining Kiss|p1a: Empoleon\n|-resisted|p1a: Empoleon\n|-damage|p1a: Empoleon|81\/100 brn\n|-heal|p2a: Melody|81\/100 brn|[from] drain|[of] p1a: Empoleon\n|move|p1a: Empoleon|Surf|p2a: Melody\n|-resisted|p2a: Melody\n|-damage|p2a: Melody|70\/100 brn\n|\n|-heal|p1a: Empoleon|88\/100 brn|[from] item: Leftovers\n|-damage|p2a: Melody|64\/100 brn|[from] brn\n|-damage|p1a: Empoleon|81\/100 brn|[from] brn\n|upkeep\n|turn|10\n|\n|t:|1699117400\n|move|p2a: Melody|Recover|p2a: Melody\n|-heal|p2a: Melody|100\/100 brn\n|move|p1a: Empoleon|Ice Beam|p2a: Melody\n|-resisted|p2a: Melody\n|-damage|p2a: Melody|94\/100 brn\n|\n|-heal|p1a: Empoleon|88\/100 brn|[from] item: Leftovers\n|-damage|p2a: Melody|88\/100 brn|[from] brn\n|-damage|p1a: Empoleon|81\/100 brn|[from] brn\n|upkeep\n|turn|11\n|\n|t:|1699117424\n|switch|p2a: Stardust|Clefable, F, shiny|100\/100\n|move|p1a: Empoleon|Surf|p2a: Stardust\n|-damage|p2a: Stardust|63\/100\n|\n|-heal|p1a: Empoleon|88\/100 brn|[from] item: Leftovers\n|-heal|p2a: Stardust|69\/100|[from] item: Leftovers\n|-damage|p1a: Empoleon|81\/100 brn|[from] brn\n|upkeep\n|turn|12\n|\n|t:|1699117436\n|move|p1a: Empoleon|Yawn|p2a: Stardust\n|-start|p2a: Stardust|move: Yawn|[of] p1a: Empoleon\n|move|p2a: Stardust|Thunderbolt|p1a: Empoleon\n|-supereffective|p1a: Empoleon\n|-damage|p1a: Empoleon|53\/100 brn\n|\n|-heal|p1a: Empoleon|59\/100 brn|[from] item: Leftovers\n|-heal|p2a: Stardust|75\/100|[from] item: Leftovers\n|-damage|p1a: Empoleon|53\/100 brn|[from] brn\n|upkeep\n|turn|13\n|\n|t:|1699117450\n|move|p1a: Empoleon|Roost|p1a: Empoleon\n|-heal|p1a: Empoleon|100\/100 brn\n|-singleturn|p1a: Empoleon|move: Roost\n|move|p2a: Stardust|Moonlight|p2a: Stardust\n|-heal|p2a: Stardust|100\/100\n|\n|-damage|p1a: Empoleon|94\/100 brn|[from] brn\n|-end|p2a: Stardust|move: Yawn|[silent]\n|-status|p2a: Stardust|slp\n|upkeep\n|turn|14\n|\n|t:|1699117461\n|switch|p1a: Regidrago|Regidrago|100\/100\n|cant|p2a: Stardust|slp\n|\n|upkeep\n|turn|15\n|\n|t:|1699117480\n|-terastallize|p1a: Regidrago|Steel\n|move|p1a: Regidrago|Dragon Dance|p1a: Regidrago\n|-boost|p1a: Regidrago|atk|1\n|-boost|p1a: Regidrago|spe|1\n|cant|p2a: Stardust|slp\n|\n|upkeep\n|turn|16\n|\n|t:|1699117488\n|switch|p2a: Tunky|Great Tusk, shiny|100\/100\n|move|p1a: Regidrago|Dragon Dance|p1a: Regidrago\n|-boost|p1a: Regidrago|atk|1\n|-boost|p1a: Regidrago|spe|1\n|\n|upkeep\n|turn|17\n|\n|t:|1699117497\n|move|p1a: Regidrago|Scale Shot|p2a: Tunky\n|-damage|p2a: Tunky|73\/100\n|-damage|p2a: Tunky|47\/100\n|-damage|p2a: Tunky|20\/100\n|-damage|p2a: Tunky|0 fnt\n|faint|p2a: Tunky\n|-end|p2a: Tunky|Protosynthesis|[silent]\n|-hitcount|p2: Tunky|4\n|-unboost|p1a: Regidrago|def|1\n|-boost|p1a: Regidrago|spe|1\n|\n|upkeep\n|\n|t:|1699117512\n|switch|p2a: Melody|Milotic, F, shiny|88\/100 brn\n|turn|18\n|\n|t:|1699117524\n|move|p1a: Regidrago|Scale Shot|p2a: Melody\n|-damage|p2a: Melody|62\/100 brn\n|-damage|p2a: Melody|37\/100 brn\n|-damage|p2a: Melody|10\/100 brn\n|-damage|p2a: Melody|0 fnt\n|faint|p2a: Melody\n|-hitcount|p2: Melody|4\n|-unboost|p1a: Regidrago|def|1\n|-boost|p1a: Regidrago|spe|1\n|\n|upkeep\n|\n|t:|1699117544\n|switch|p2a: Stardust|Clefable, F, shiny|100\/100 slp\n|turn|19\n|\n|t:|1699117548\n|move|p1a: Regidrago|Tera Blast|p2a: Stardust|[anim] Tera Blast Steel\n|-supereffective|p2a: Stardust\n|-damage|p2a: Stardust|45\/100 slp\n|cant|p2a: Stardust|slp\n|\n|-heal|p2a: Stardust|51\/100 slp|[from] item: Leftovers\n|upkeep\n|turn|20\n|\n|t:|1699117557\n|move|p1a: Regidrago|Tera Blast|p2a: Stardust|[anim] Tera Blast Steel\n|-supereffective|p2a: Stardust\n|-damage|p2a: Stardust|0 fnt\n|faint|p2a: Stardust\n|\n|upkeep\n|\n|t:|1699117563\n|switch|p2a: Girl Boss|Ogerpon-Hearthflame, F|100\/100\n|-ability|p2a: Girl Boss|Mold Breaker\n|turn|21\n|\n|t:|1699117569\n|move|p1a: Regidrago|Scale Shot|p2a: Girl Boss\n|-damage|p2a: Girl Boss|51\/100\n|-damage|p2a: Girl Boss|6\/100\n|-damage|p2a: Girl Boss|0 fnt\n|faint|p2a: Girl Boss\n|-hitcount|p2: Girl Boss|3\n|-unboost|p1a: Regidrago|def|1\n|-boost|p1a: Regidrago|spe|1\n|\n|upkeep\n|\n|t:|1699117579\n|switch|p2a: AAAAAAAAAAAA|Noivern, F, shiny|100\/100\n|turn|22\n|\n|t:|1699117603\n|-terastallize|p2a: AAAAAAAAAAAA|Normal\n|move|p1a: Regidrago|Scale Shot|p2a: AAAAAAAAAAAA\n|-damage|p2a: AAAAAAAAAAAA|56\/100\n|-crit|p2a: AAAAAAAAAAAA\n|-damage|p2a: AAAAAAAAAAAA|0 fnt\n|faint|p2a: AAAAAAAAAAAA\n|-hitcount|p2: AAAAAAAAAAAA|2\n|-unboost|p1a: Regidrago|def|1\n|-boost|p1a: Regidrago|spe|1\n|\n|upkeep\n|\n|t:|1699117615\n|switch|p2a: Blu|Lycanroc-Dusk, M, shiny|100\/100\n|turn|23\n|\n|t:|1699117619\n|move|p2a: Blu|Accelerock|p1a: Regidrago\n|-resisted|p1a: Regidrago\n|-damage|p1a: Regidrago|39\/100\n|move|p1a: Regidrago|Scale Shot|p2a: Blu\n|-damage|p2a: Blu|40\/100\n|-damage|p2a: Blu|0 fnt\n|faint|p2a: Blu\n|-hitcount|p2: Blu|2\n|\n|win|iboxedyou\n|l|\u2606IUXCelestialQueen\n","uploadtime":1699117634,"views":18,"p1id":"iboxedyou","p2id":"iuxcelestialqueen","formatid":"gen9ubers","rating":0,"private":0,"password":""}