{"id":"gen9ubers-1969849784","p1":"Leo Justice","p2":"ballstrecher69","format":"[Gen 9] Ubers","log":"|j|\u2606Leo Justice\n|j|\u2606ballstrecher69\n|t:|1697570181\n|gametype|singles\n|player|p1|Leo Justice|carmine|\n|player|p2|ballstrecher69|ruinmaniac|\n|teamsize|p1|6\n|teamsize|p2|6\n|gen|9\n|tier|[Gen 9] Ubers\n|rule|Sleep Clause Mod: Limit one foe put to sleep\n|rule|Species Clause: Limit one of each Pok\u00e9mon\n|rule|OHKO Clause: OHKO moves are banned\n|rule|Evasion Items Clause: Evasion items are banned\n|rule|Evasion Moves Clause: Evasion moves are banned\n|rule|Endless Battle Clause: Forcing endless battles is banned\n|rule|HP Percentage Mod: HP is shown in percentages\n|clearpoke\n|poke|p1|Tyranitar, M|\n|poke|p1|Houndstone, M|\n|poke|p1|Landorus, M|\n|poke|p1|Dialga|\n|poke|p1|Giratina|\n|poke|p1|Magearna|\n|poke|p2|Gliscor, F|\n|poke|p2|Empoleon, M|\n|poke|p2|Arceus-Fire|\n|poke|p2|Ursaluna-Bloodmoon, M|\n|poke|p2|Palkia|\n|poke|p2|Dialga|\n|teampreview\n|c|\u2606ballstrecher69|lot's of sand\n|\n|t:|1697570202\n|start\n|switch|p1a: Tyranitar|Tyranitar, M|100\/100\n|switch|p2a: Ursaluna|Ursaluna-Bloodmoon, M|100\/100\n|-weather|Sandstorm|[from] ability: Sand Stream|[of] p1a: Tyranitar\n|turn|1\n|c|\u2606Leo Justice|You think?\n|\n|t:|1697570210\n|move|p1a: Tyranitar|Stealth Rock|p2a: Ursaluna\n|-sidestart|p2: ballstrecher69|move: Stealth Rock\n|move|p2a: Ursaluna|Calm Mind|p2a: Ursaluna\n|-boost|p2a: Ursaluna|spa|1\n|-boost|p2a: Ursaluna|spd|1\n|\n|-weather|Sandstorm|[upkeep]\n|upkeep\n|turn|2\n|c|\u2606ballstrecher69|I had two with it so far\n|\n|t:|1697570222\n|move|p1a: Tyranitar|Knock Off|p2a: Ursaluna\n|-damage|p2a: Ursaluna|66\/100\n|-enditem|p2a: Ursaluna|Kee Berry|[from] move: Knock Off|[of] p1a: Tyranitar\n|move|p2a: Ursaluna|Earth Power|p1a: Tyranitar\n|-supereffective|p1a: Tyranitar\n|-damage|p1a: Tyranitar|30\/100\n|\n|-weather|Sandstorm|[upkeep]\n|upkeep\n|turn|3\n|\n|t:|1697570229\n|switch|p1a: Landorus|Landorus, M|100\/100\n|move|p2a: Ursaluna|Earth Power|p1a: Landorus\n|-immune|p1a: Landorus\n|\n|-weather|Sandstorm|[upkeep]\n|upkeep\n|turn|4\n|c|\u2606Leo Justice|kee berry?\n|c|\u2606ballstrecher69|Blame emvee lol\n|\n|t:|1697570244\n|-terastallize|p2a: Ursaluna|Ghost\n|move|p1a: Landorus|Earthquake|p2a: Ursaluna\n|-damage|p2a: Ursaluna|13\/100\n|move|p2a: Ursaluna|Calm Mind|p2a: Ursaluna\n|-boost|p2a: Ursaluna|spa|1\n|-boost|p2a: Ursaluna|spd|1\n|\n|-weather|Sandstorm|[upkeep]\n|-damage|p2a: Ursaluna|7\/100|[from] Sandstorm\n|upkeep\n|turn|5\n|\n|t:|1697570248\n|move|p1a: Landorus|Earthquake|p2a: Ursaluna\n|-damage|p2a: Ursaluna|0 fnt\n|faint|p2a: Ursaluna\n|\n|-weather|Sandstorm|[upkeep]\n|upkeep\n|c|\u2606ballstrecher69|welp\n|c|\u2606ballstrecher69|you're physical lol\n|c|\u2606Leo Justice|Sand force babt\n|\n|t:|1697570260\n|switch|p2a: Gliscor|Gliscor, F|100\/100\n|-damage|p2a: Gliscor|88\/100|[from] Stealth Rock\n|turn|6\n|c|\u2606ballstrecher69|figured lol'\n|\n|t:|1697570276\n|switch|p1a: Giratina|Giratina|100\/100\n|-ability|p1a: Giratina|Pressure\n|move|p2a: Gliscor|Knock Off|p1a: Giratina\n|-supereffective|p1a: Giratina\n|-damage|p1a: Giratina|71\/100\n|-enditem|p1a: Giratina|Heavy-Duty Boots|[from] move: Knock Off|[of] p2a: Gliscor\n|\n|-weather|Sandstorm|[upkeep]\n|-damage|p1a: Giratina|65\/100|[from] Sandstorm\n|-status|p2a: Gliscor|tox|[from] item: Toxic Orb\n|upkeep\n|turn|7\n|\n|t:|1697570290\n|move|p2a: Gliscor|Stealth Rock|p1a: Giratina\n|-sidestart|p1: Leo Justice|move: Stealth Rock\n|move|p1a: Giratina|Shadow Ball|p2a: Gliscor\n|-damage|p2a: Gliscor|44\/100 tox\n|\n|-weather|Sandstorm|[upkeep]\n|-damage|p1a: Giratina|58\/100|[from] Sandstorm\n|-heal|p2a: Gliscor|56\/100 tox|[from] ability: Poison Heal\n|upkeep\n|turn|8\n|\n|t:|1697570297\n|move|p2a: Gliscor|U-turn|p1a: Giratina\n|-resisted|p1a: Giratina\n|-damage|p1a: Giratina|53\/100\n|\n|t:|1697570300\n|switch|p2a: Dialga|Dialga|100\/100|[from] U-turn\n|-damage|p2a: Dialga|94\/100|[from] Stealth Rock\n|-ability|p2a: Dialga|Pressure\n|move|p1a: Giratina|Shadow Ball|p2a: Dialga\n|-damage|p2a: Dialga|67\/100\n|-unboost|p2a: Dialga|spd|1\n|\n|-weather|none\n|upkeep\n|turn|9\n|\n|t:|1697570309\n|switch|p2a: Empoleon|Empoleon, M|100\/100\n|-damage|p2a: Empoleon|94\/100|[from] Stealth Rock\n|switch|p1a: Magearna|Magearna|100\/100\n|-damage|p1a: Magearna|94\/100|[from] Stealth Rock\n|\n|-heal|p1a: Magearna|100\/100|[from] item: Leftovers\n|-heal|p2a: Empoleon|100\/100|[from] item: Leftovers\n|upkeep\n|turn|10\n|\n|t:|1697570314\n|move|p1a: Magearna|Spikes|p2a: Empoleon\n|-sidestart|p2: ballstrecher69|Spikes\n|move|p2a: Empoleon|Roar|p1a: Magearna\n|drag|p1a: Landorus|Landorus, M|100\/100\n|-damage|p1a: Landorus|88\/100|[from] Stealth Rock\n|\n|upkeep\n|turn|11\n|\n|t:|1697570321\n|move|p1a: Landorus|U-turn|p2a: Empoleon\n|-resisted|p2a: Empoleon\n|-damage|p2a: Empoleon|86\/100\n|\n|t:|1697570323\n|switch|p1a: Magearna|Magearna|100\/100|[from] U-turn\n|-damage|p1a: Magearna|94\/100|[from] Stealth Rock\n|move|p2a: Empoleon|Surf|p1a: Magearna\n|-damage|p1a: Magearna|68\/100\n|\n|-heal|p1a: Magearna|74\/100|[from] item: Leftovers\n|-heal|p2a: Empoleon|92\/100|[from] item: Leftovers\n|upkeep\n|turn|12\n|\n|t:|1697570335\n|move|p1a: Magearna|Spikes|p2a: Empoleon\n|-sidestart|p2: ballstrecher69|Spikes\n|move|p2a: Empoleon|Surf|p1a: Magearna\n|-damage|p1a: Magearna|44\/100\n|\n|-heal|p1a: Magearna|50\/100|[from] item: Leftovers\n|-heal|p2a: Empoleon|98\/100|[from] item: Leftovers\n|upkeep\n|turn|13\n|\n|t:|1697570339\n|move|p1a: Magearna|Volt Switch|p2a: Empoleon\n|-supereffective|p2a: Empoleon\n|-damage|p2a: Empoleon|62\/100\n|inactive|Battle timer is ON: inactive players will automatically lose when time's up. (requested by ballstrecher69)\n|\n|t:|1697570344\n|switch|p1a: Dialga|Dialga|100\/100|[from] Volt Switch\n|-damage|p1a: Dialga|94\/100|[from] Stealth Rock\n|-ability|p1a: Dialga|Pressure\n|move|p2a: Empoleon|Roar|p1a: Dialga\n|drag|p1a: Houndstone|Houndstone, M|100\/100\n|\n|-heal|p2a: Empoleon|68\/100|[from] item: Leftovers\n|upkeep\n|turn|14\n|\n|t:|1697570356\n|switch|p1a: Dialga|Dialga|94\/100\n|-damage|p1a: Dialga|88\/100|[from] Stealth Rock\n|-ability|p1a: Dialga|Pressure\n|move|p2a: Empoleon|Roost|p2a: Empoleon\n|-heal|p2a: Empoleon|100\/100\n|-singleturn|p2a: Empoleon|move: Roost\n|\n|-heal|p1a: Dialga|94\/100|[from] item: Leftovers\n|upkeep\n|turn|15\n|\n|t:|1697570365\n|switch|p2a: Gliscor|Gliscor, F|56\/100 tox\n|-damage|p2a: Gliscor|44\/100 tox|[from] Stealth Rock\n|move|p1a: Dialga|Earth Power|p2a: Gliscor\n|-immune|p2a: Gliscor\n|\n|-heal|p1a: Dialga|100\/100|[from] item: Leftovers\n|-heal|p2a: Gliscor|56\/100 tox|[from] ability: Poison Heal\n|upkeep\n|turn|16\n|\n|t:|1697570370\n|move|p2a: Gliscor|Knock Off|p1a: Dialga\n|-damage|p1a: Dialga|81\/100\n|-enditem|p1a: Dialga|Leftovers|[from] move: Knock Off|[of] p2a: Gliscor\n|move|p1a: Dialga|Draco Meteor|p2a: Gliscor\n|-damage|p2a: Gliscor|0 fnt\n|-unboost|p1a: Dialga|spa|2\n|faint|p2a: Gliscor\n|\n|upkeep\n|\n|t:|1697570384\n|switch|p2a: Dialga|Dialga|67\/100\n|-damage|p2a: Dialga|61\/100|[from] Stealth Rock\n|-damage|p2a: Dialga|44\/100|[from] Spikes\n|-ability|p2a: Dialga|Pressure\n|turn|17\n|\n|t:|1697570391\n|switch|p1a: Magearna|Magearna|50\/100\n|-damage|p1a: Magearna|44\/100|[from] Stealth Rock\n|move|p2a: Dialga|Bulk Up|p2a: Dialga\n|-boost|p2a: Dialga|atk|1\n|-boost|p2a: Dialga|def|1\n|\n|-heal|p1a: Magearna|50\/100|[from] item: Leftovers\n|upkeep\n|turn|18\n|\n|t:|1697570400\n|move|p2a: Dialga|Earthquake|p1a: Magearna\n|-supereffective|p1a: Magearna\n|-damage|p1a: Magearna|0 fnt\n|faint|p1a: Magearna\n|\n|upkeep\n|\n|t:|1697570412\n|switch|p1a: Giratina|Giratina|53\/100\n|-damage|p1a: Giratina|41\/100|[from] Stealth Rock\n|-ability|p1a: Giratina|Pressure\n|turn|19\n|\n|t:|1697570420\n|move|p2a: Dialga|Scale Shot|p1a: Giratina\n|-supereffective|p1a: Giratina\n|-damage|p1a: Giratina|18\/100\n|-supereffective|p1a: Giratina\n|-damage|p1a: Giratina|0 fnt\n|faint|p1a: Giratina\n|-hitcount|p1: Giratina|2\n|-unboost|p2a: Dialga|def|1\n|-boost|p2a: Dialga|spe|1\n|\n|upkeep\n|\n|t:|1697570435\n|switch|p1a: Dialga|Dialga|81\/100\n|-damage|p1a: Dialga|75\/100|[from] Stealth Rock\n|-ability|p1a: Dialga|Pressure\n|turn|20\n|\n|t:|1697570441\n|-terastallize|p1a: Dialga|Fairy\n|move|p2a: Dialga|Earthquake|p1a: Dialga\n|-damage|p1a: Dialga|37\/100\n|move|p1a: Dialga|Earth Power|p2a: Dialga\n|-supereffective|p2a: Dialga\n|-damage|p2a: Dialga|0 fnt\n|faint|p2a: Dialga\n|\n|upkeep\n|\n|t:|1697570456\n|switch|p2a: Palkia|Palkia|100\/100\n|-damage|p2a: Palkia|88\/100|[from] Stealth Rock\n|-damage|p2a: Palkia|72\/100|[from] Spikes\n|-ability|p2a: Palkia|Pressure\n|turn|21\n|\n|t:|1697570461\n|move|p2a: Palkia|Surf|p1a: Dialga\n|-damage|p1a: Dialga|0 fnt\n|faint|p1a: Dialga\n|\n|upkeep\n|\n|t:|1697570463\n|switch|p1a: Tyranitar|Tyranitar, M|30\/100\n|-damage|p1a: Tyranitar|18\/100|[from] Stealth Rock\n|-weather|Sandstorm|[from] ability: Sand Stream|[of] p1a: Tyranitar\n|turn|22\n|\n|t:|1697570470\n|switch|p2a: Arceus|Arceus-Fire|100\/100\n|-damage|p2a: Arceus|76\/100|[from] Stealth Rock\n|-damage|p2a: Arceus|59\/100|[from] Spikes\n|move|p1a: Tyranitar|Knock Off|p2a: Arceus\n|-damage|p2a: Arceus|31\/100\n|\n|-weather|Sandstorm|[upkeep]\n|-damage|p2a: Arceus|25\/100|[from] Sandstorm\n|upkeep\n|turn|23\n|\n|t:|1697570478\n|move|p2a: Arceus|Dragon Dance|p2a: Arceus\n|-boost|p2a: Arceus|atk|1\n|-boost|p2a: Arceus|spe|1\n|move|p1a: Tyranitar|Stone Edge|p2a: Arceus\n|-supereffective|p2a: Arceus\n|-damage|p2a: Arceus|0 fnt\n|faint|p2a: Arceus\n|\n|-weather|Sandstorm|[upkeep]\n|upkeep\n|\n|t:|1697570488\n|switch|p2a: Empoleon|Empoleon, M|100\/100\n|-damage|p2a: Empoleon|94\/100|[from] Stealth Rock\n|-damage|p2a: Empoleon|78\/100|[from] Spikes\n|turn|24\n|\n|t:|1697570492\n|move|p1a: Tyranitar|Knock Off|p2a: Empoleon\n|-damage|p2a: Empoleon|36\/100\n|-enditem|p2a: Empoleon|Leftovers|[from] move: Knock Off|[of] p1a: Tyranitar\n|move|p2a: Empoleon|Roost|p2a: Empoleon\n|-heal|p2a: Empoleon|86\/100\n|-singleturn|p2a: Empoleon|move: Roost\n|\n|-weather|Sandstorm|[upkeep]\n|upkeep\n|turn|25\n|\n|t:|1697570497\n|move|p1a: Tyranitar|Earthquake|p2a: Empoleon\n|-supereffective|p2a: Empoleon\n|-damage|p2a: Empoleon|27\/100\n|move|p2a: Empoleon|Surf|p1a: Tyranitar\n|-supereffective|p1a: Tyranitar\n|-damage|p1a: Tyranitar|0 fnt\n|faint|p1a: Tyranitar\n|\n|-weather|Sandstorm|[upkeep]\n|upkeep\n|\n|t:|1697570503\n|switch|p1a: Houndstone|Houndstone, M|100\/100\n|turn|26\n|\n|t:|1697570515\n|move|p1a: Houndstone|Last Respects|p2a: Empoleon\n|-damage|p2a: Empoleon|0 fnt\n|faint|p2a: Empoleon\n|\n|-weather|Sandstorm|[upkeep]\n|upkeep\n|\n|t:|1697570516\n|switch|p2a: Palkia|Palkia|72\/100\n|-damage|p2a: Palkia|59\/100|[from] Stealth Rock\n|-damage|p2a: Palkia|43\/100|[from] Spikes\n|-ability|p2a: Palkia|Pressure\n|turn|27\n|\n|t:|1697570522\n|move|p1a: Houndstone|Last Respects|p2a: Palkia\n|-damage|p2a: Palkia|0 fnt\n|faint|p2a: Palkia\n|\n|win|Leo Justice\n","uploadtime":1697570525,"views":18,"p1id":"leojustice","p2id":"ballstrecher69","formatid":"gen9ubers","rating":0,"private":0,"password":""}