{"id":"gen9ubers-1979119769","p1":"Pickedman","p2":"godiamsosorry","format":"[Gen 9] Ubers","log":"|j|\u2606Pickedman\n|j|\u2606godiamsosorry\n|t:|1698634844\n|gametype|singles\n|player|p1|Pickedman|zinnia|\n|player|p2|godiamsosorry|scientistf|\n|teamsize|p1|6\n|teamsize|p2|6\n|gen|9\n|tier|[Gen 9] Ubers\n|rule|Sleep Clause Mod: Limit one foe put to sleep\n|rule|Species Clause: Limit one of each Pok\u00e9mon\n|rule|OHKO Clause: OHKO moves are banned\n|rule|Evasion Items Clause: Evasion items are banned\n|rule|Evasion Moves Clause: Evasion moves are banned\n|rule|Endless Battle Clause: Forcing endless battles is banned\n|rule|HP Percentage Mod: HP is shown in percentages\n|clearpoke\n|poke|p1|Fezandipiti, M|\n|poke|p1|Enamorus, F|\n|poke|p1|Empoleon, F|\n|poke|p1|Palafin, M|\n|poke|p1|Slowking-Galar, M|\n|poke|p1|Infernape, M|\n|poke|p2|Abomasnow, F|\n|poke|p2|Lucario, M|\n|poke|p2|Landorus-Therian, M|\n|poke|p2|Greninja-*, F|\n|poke|p2|Slowking-Galar, M|\n|poke|p2|Talonflame, F|\n|teampreview\n|\n|t:|1698634864\n|start\n|switch|p1a: Infernape|Infernape, M|100\/100\n|switch|p2a: Landorus|Landorus-Therian, M|100\/100\n|-ability|p2a: Landorus|Intimidate|boost\n|-unboost|p1a: Infernape|atk|1\n|turn|1\n|\n|t:|1698634873\n|switch|p1a: Enamorus|Enamorus, F|100\/100\n|switch|p2a: Slowking|Slowking-Galar, M|100\/100\n|\n|upkeep\n|turn|2\n|\n|t:|1698634880\n|move|p1a: Enamorus|Taunt|p2a: Slowking\n|-start|p2a: Slowking|move: Taunt\n|move|p2a: Slowking|Foul Play|p1a: Enamorus\n|-resisted|p1a: Enamorus\n|-damage|p1a: Enamorus|76\/100\n|\n|upkeep\n|turn|3\n|\n|t:|1698634885\n|switch|p1a: Palafin|Palafin, M|100\/100\n|switch|p2a: Talonflame|Talonflame, F|100\/100\n|\n|upkeep\n|turn|4\n|\n|t:|1698634889\n|switch|p2a: Abomasnow|Abomasnow, F|100\/100\n|-weather|Snow|[from] ability: Snow Warning|[of] p2a: Abomasnow\n|move|p1a: Palafin|Hydro Pump|p2a: Abomasnow\n|-resisted|p2a: Abomasnow\n|-damage|p2a: Abomasnow|82\/100\n|\n|-weather|Snow|[upkeep]\n|upkeep\n|turn|5\n|\n|t:|1698634898\n|detailschange|p1a: Palafin|Palafin-Hero, M\n|switch|p1a: Empoleon|Empoleon, F|100\/100\n|move|p2a: Abomasnow|Aurora Veil|p2a: Abomasnow\n|-sidestart|p2: godiamsosorry|move: Aurora Veil\n|\n|-weather|Snow|[upkeep]\n|upkeep\n|turn|6\n|\n|t:|1698634901\n|move|p2a: Abomasnow|Leech Seed|p1a: Empoleon\n|-start|p1a: Empoleon|move: Leech Seed\n|move|p1a: Empoleon|Stealth Rock|p2a: Abomasnow\n|-sidestart|p2: godiamsosorry|move: Stealth Rock\n|\n|-weather|Snow|[upkeep]\n|-damage|p1a: Empoleon|88\/100|[from] Leech Seed|[of] p2a: Abomasnow\n|-heal|p2a: Abomasnow|94\/100|[silent]\n|upkeep\n|turn|7\n|\n|t:|1698634909\n|move|p2a: Abomasnow|Leaf Storm|p1a: Empoleon\n|-damage|p1a: Empoleon|62\/100\n|-unboost|p2a: Abomasnow|spa|2\n|move|p1a: Empoleon|Knock Off|p2a: Abomasnow\n|-damage|p2a: Abomasnow|86\/100\n|-enditem|p2a: Abomasnow|Light Clay|[from] move: Knock Off|[of] p1a: Empoleon\n|\n|-weather|Snow|[upkeep]\n|-heal|p1a: Empoleon|69\/100|[from] item: Leftovers\n|-damage|p1a: Empoleon|56\/100|[from] Leech Seed|[of] p2a: Abomasnow\n|-heal|p2a: Abomasnow|98\/100|[silent]\n|upkeep\n|turn|8\n|\n|t:|1698634914\n|switch|p2a: Lucario|Lucario, M|100\/100\n|-damage|p2a: Lucario|98\/100|[from] Stealth Rock\n|move|p1a: Empoleon|Flip Turn|p2a: Lucario\n|-damage|p2a: Lucario|83\/100\n|\n|t:|1698634921\n|switch|p1a: Slowking|Slowking-Galar, M|100\/100|[from] Flip Turn\n|\n|-weather|none\n|upkeep\n|turn|9\n|\n|t:|1698634924\n|move|p2a: Lucario|Swords Dance|p2a: Lucario\n|-boost|p2a: Lucario|atk|2\n|move|p1a: Slowking|Thunder Wave|p2a: Lucario\n|-status|p2a: Lucario|par\n|\n|upkeep\n|turn|10\n|\n|t:|1698634929\n|move|p2a: Lucario|Swords Dance|p2a: Lucario\n|-boost|p2a: Lucario|atk|2\n|move|p1a: Slowking|Chilly Reception|p1a: Slowking\n|-weather|Snow\n|\n|t:|1698634942\n|switch|p1a: Enamorus|Enamorus, F|76\/100|[from] Chilly Reception\n|\n|-weather|Snow|[upkeep]\n|upkeep\n|turn|11\n|\n|t:|1698634947\n|-terastallize|p2a: Lucario|Normal\n|move|p2a: Lucario|Extreme Speed|p1a: Enamorus\n|-damage|p1a: Enamorus|0 fnt\n|faint|p1a: Enamorus\n|-damage|p2a: Lucario|73\/100 par|[from] item: Life Orb\n|\n|-weather|Snow|[upkeep]\n|upkeep\n|\n|t:|1698634955\n|switch|p1a: Infernape|Infernape, M|100\/100\n|turn|12\n|\n|t:|1698634959\n|cant|p2a: Lucario|par\n|move|p1a: Infernape|Close Combat|p2a: Lucario\n|-supereffective|p2a: Lucario\n|-damage|p2a: Lucario|0 fnt\n|-unboost|p1a: Infernape|def|1\n|-unboost|p1a: Infernape|spd|1\n|faint|p2a: Lucario\n|\n|-weather|Snow|[upkeep]\n|-sideend|p2: godiamsosorry|move: Aurora Veil\n|upkeep\n|\n|t:|1698634965\n|switch|p2a: Greninja|Greninja, F|100\/100\n|-damage|p2a: Greninja|88\/100|[from] Stealth Rock\n|turn|13\n|\n|t:|1698634972\n|switch|p1a: Empoleon|Empoleon, F|56\/100\n|move|p2a: Greninja|Liquidation|p1a: Empoleon\n|-start|p2a: Greninja|typechange|Water|[from] ability: Protean\n|-resisted|p1a: Empoleon\n|-damage|p1a: Empoleon|30\/100\n|\n|-weather|Snow|[upkeep]\n|-heal|p1a: Empoleon|36\/100|[from] item: Leftovers\n|upkeep\n|turn|14\n|\n|t:|1698634976\n|move|p2a: Greninja|Liquidation|p1a: Empoleon\n|-resisted|p1a: Empoleon\n|-damage|p1a: Empoleon|10\/100\n|move|p1a: Empoleon|Roost|p1a: Empoleon\n|-heal|p1a: Empoleon|60\/100\n|-singleturn|p1a: Empoleon|move: Roost\n|\n|-weather|none\n|-heal|p1a: Empoleon|66\/100|[from] item: Leftovers\n|upkeep\n|turn|15\n|\n|t:|1698634983\n|switch|p2a: Talonflame|Talonflame, F|100\/100\n|move|p1a: Empoleon|Knock Off|p2a: Talonflame\n|-damage|p2a: Talonflame|69\/100\n|-enditem|p2a: Talonflame|Heavy-Duty Boots|[from] move: Knock Off|[of] p1a: Empoleon\n|\n|-heal|p1a: Empoleon|72\/100|[from] item: Leftovers\n|upkeep\n|turn|16\n|\n|t:|1698634989\n|move|p2a: Talonflame|Defog|p1a: Empoleon\n|-unboost|p1a: Empoleon|evasion|1\n|-sideend|p2: godiamsosorry|Stealth Rock|[from] move: Defog|[of] p2a: Talonflame\n|move|p1a: Empoleon|Flip Turn|p2a: Talonflame\n|-supereffective|p2a: Talonflame\n|-damage|p2a: Talonflame|13\/100\n|-status|p1a: Empoleon|brn|[from] ability: Flame Body|[of] p2a: Talonflame\n|\n|t:|1698635002\n|switch|p1a: Infernape|Infernape, M|100\/100|[from] Flip Turn\n|\n|upkeep\n|turn|17\n|\n|t:|1698635008\n|move|p2a: Talonflame|Hurricane|p1a: Infernape\n|-supereffective|p1a: Infernape\n|-damage|p1a: Infernape|0 fnt\n|faint|p1a: Infernape\n|\n|upkeep\n|\n|t:|1698635025\n|switch|p1a: Palafin|Palafin-Hero, M|100\/100\n|-activate|p1a: Palafin|ability: Zero to Hero\n|turn|18\n|\n|t:|1698635031\n|move|p2a: Talonflame|Hurricane|p1a: Palafin\n|-damage|p1a: Palafin|56\/100\n|move|p1a: Palafin|Boomburst|p2a: Talonflame\n|-damage|p2a: Talonflame|0 fnt\n|faint|p2a: Talonflame\n|\n|upkeep\n|\n|t:|1698635044\n|switch|p2a: Slowking|Slowking-Galar, M|100\/100\n|turn|19\n|\n|t:|1698635059\n|switch|p1a: Slowking|Slowking-Galar, M|100\/100\n|move|p2a: Slowking|Chilly Reception|p2a: Slowking\n|-weather|Snow\n|\n|t:|1698635067\n|switch|p2a: Greninja|Greninja, F|88\/100|[from] Chilly Reception\n|\n|-weather|Snow|[upkeep]\n|upkeep\n|turn|20\n|\n|t:|1698635076\n|move|p2a: Greninja|U-turn|p1a: Slowking\n|-start|p2a: Greninja|typechange|Bug|[from] ability: Protean\n|-damage|p1a: Slowking|55\/100\n|\n|t:|1698635080\n|switch|p2a: Slowking|Slowking-Galar, M|100\/100|[from] U-turn\n|move|p1a: Slowking|Thunder Wave|p2a: Slowking\n|-status|p2a: Slowking|par\n|\n|-weather|Snow|[upkeep]\n|upkeep\n|turn|21\n|\n|t:|1698635085\n|move|p1a: Slowking|Foul Play|p2a: Slowking\n|-supereffective|p2a: Slowking\n|-damage|p2a: Slowking|85\/100 par\n|move|p2a: Slowking|Chilly Reception|p2a: Slowking\n|\n|t:|1698635088\n|switch|p2a: Landorus|Landorus-Therian, M|100\/100|[from] Chilly Reception\n|-ability|p2a: Landorus|Intimidate|boost\n|-unboost|p1a: Slowking|atk|1\n|\n|-weather|Snow|[upkeep]\n|upkeep\n|turn|22\n|\n|t:|1698635100\n|move|p2a: Landorus|Earth Power|p1a: Slowking\n|-supereffective|p1a: Slowking\n|-damage|p1a: Slowking|0 fnt\n|faint|p1a: Slowking\n|\n|-weather|Snow|[upkeep]\n|upkeep\n|\n|t:|1698635105\n|switch|p1a: Fezandipiti|Fezandipiti, M|100\/100\n|turn|23\n|\n|t:|1698635108\n|-terastallize|p1a: Fezandipiti|Grass\n|move|p2a: Landorus|Earth Power|p1a: Fezandipiti\n|-resisted|p1a: Fezandipiti\n|-damage|p1a: Fezandipiti|79\/100\n|move|p1a: Fezandipiti|Calm Mind|p1a: Fezandipiti\n|-boost|p1a: Fezandipiti|spa|1\n|-boost|p1a: Fezandipiti|spd|1\n|\n|-weather|none\n|-heal|p1a: Fezandipiti|85\/100|[from] item: Leftovers\n|upkeep\n|turn|24\n|c|\u2606godiamsosorry|How many games do you need to get reqs?\n|c|\u2606Pickedman|2\n|\n|t:|1698635127\n|switch|p2a: Slowking|Slowking-Galar, M|100\/100 par\n|move|p1a: Fezandipiti|Calm Mind|p1a: Fezandipiti\n|-boost|p1a: Fezandipiti|spa|1\n|-boost|p1a: Fezandipiti|spd|1\n|\n|-heal|p1a: Fezandipiti|91\/100|[from] item: Leftovers\n|upkeep\n|turn|25\n|\n|t:|1698635135\n|move|p1a: Fezandipiti|Calm Mind|p1a: Fezandipiti\n|-boost|p1a: Fezandipiti|spa|1\n|-boost|p1a: Fezandipiti|spd|1\n|move|p2a: Slowking|Toxic|p1a: Fezandipiti\n|-status|p1a: Fezandipiti|tox\n|\n|-heal|p1a: Fezandipiti|97\/100 tox|[from] item: Leftovers\n|-damage|p1a: Fezandipiti|91\/100 tox|[from] psn\n|upkeep\n|turn|26\n|\n|t:|1698635138\n|move|p1a: Fezandipiti|Calm Mind|p1a: Fezandipiti\n|-boost|p1a: Fezandipiti|spa|1\n|-boost|p1a: Fezandipiti|spd|1\n|move|p2a: Slowking|Foul Play|p1a: Fezandipiti\n|-damage|p1a: Fezandipiti|78\/100 tox\n|\n|-heal|p1a: Fezandipiti|84\/100 tox|[from] item: Leftovers\n|-damage|p1a: Fezandipiti|72\/100 tox|[from] psn\n|upkeep\n|turn|27\n|\n|t:|1698635162\n|move|p1a: Fezandipiti|Heat Wave|p2a: Slowking\n|-damage|p2a: Slowking|63\/100 par\n|move|p2a: Slowking|Chilly Reception|p2a: Slowking\n|-weather|Snow\n|\n|t:|1698635166\n|switch|p2a: Greninja|Greninja, F|88\/100|[from] Chilly Reception\n|\n|-weather|Snow|[upkeep]\n|-heal|p1a: Fezandipiti|78\/100 tox|[from] item: Leftovers\n|-damage|p1a: Fezandipiti|60\/100 tox|[from] psn\n|upkeep\n|turn|28\n|\n|t:|1698635174\n|move|p2a: Greninja|U-turn|p1a: Fezandipiti\n|-start|p2a: Greninja|typechange|Bug|[from] ability: Protean\n|-supereffective|p1a: Fezandipiti\n|-damage|p1a: Fezandipiti|0 fnt\n|faint|p1a: Fezandipiti\n|\n|t:|1698635180\n|switch|p2a: Slowking|Slowking-Galar, M|96\/100 par|[from] U-turn\n|\n|-weather|Snow|[upkeep]\n|upkeep\n|\n|t:|1698635183\n|switch|p1a: Palafin|Palafin-Hero, M|56\/100\n|turn|29\n|\n|t:|1698635186\n|move|p1a: Palafin|Boomburst|p2a: Slowking\n|-damage|p2a: Slowking|44\/100 par\n|cant|p2a: Slowking|par\n|\n|-weather|Snow|[upkeep]\n|upkeep\n|turn|30\n|\n|t:|1698635193\n|move|p1a: Palafin|Boomburst|p2a: Slowking\n|-damage|p2a: Slowking|0 fnt\n|faint|p2a: Slowking\n|\n|-weather|Snow|[upkeep]\n|upkeep\n|\n|t:|1698635195\n|switch|p2a: Greninja|Greninja, F|88\/100\n|turn|31\n|\n|t:|1698635199\n|move|p2a: Greninja|U-turn|p1a: Palafin\n|-start|p2a: Greninja|typechange|Bug|[from] ability: Protean\n|-damage|p1a: Palafin|7\/100\n|\n|t:|1698635203\n|switch|p2a: Abomasnow|Abomasnow, F|98\/100|[from] U-turn\n|move|p1a: Palafin|Boomburst|p2a: Abomasnow\n|-damage|p2a: Abomasnow|51\/100\n|\n|-weather|none\n|upkeep\n|turn|32\n|\n|t:|1698635209\n|move|p1a: Palafin|Boomburst|p2a: Abomasnow\n|-damage|p2a: Abomasnow|3\/100\n|move|p2a: Abomasnow|Leaf Storm|p1a: Palafin\n|-supereffective|p1a: Palafin\n|-damage|p1a: Palafin|0 fnt\n|-unboost|p2a: Abomasnow|spa|2\n|faint|p1a: Palafin\n|\n|upkeep\n|\n|t:|1698635212\n|switch|p1a: Empoleon|Empoleon, F|72\/100 brn\n|turn|33\n|\n|t:|1698635215\n|move|p1a: Empoleon|Stealth Rock|p2a: Abomasnow\n|-sidestart|p2: godiamsosorry|move: Stealth Rock\n|move|p2a: Abomasnow|Leech Seed|p1a: Empoleon\n|-start|p1a: Empoleon|move: Leech Seed\n|\n|-heal|p1a: Empoleon|78\/100 brn|[from] item: Leftovers\n|-damage|p1a: Empoleon|66\/100 brn|[from] Leech Seed|[of] p2a: Abomasnow\n|-heal|p2a: Abomasnow|15\/100|[silent]\n|-damage|p1a: Empoleon|60\/100 brn|[from] brn\n|upkeep\n|turn|34\n|\n|t:|1698635219\n|move|p1a: Empoleon|Flip Turn|p2a: Abomasnow\n|-resisted|p2a: Abomasnow\n|-damage|p2a: Abomasnow|10\/100\n|move|p2a: Abomasnow|Leaf Storm|p1a: Empoleon\n|-damage|p1a: Empoleon|45\/100 brn\n|-unboost|p2a: Abomasnow|spa|2\n|\n|-heal|p1a: Empoleon|51\/100 brn|[from] item: Leftovers\n|-damage|p1a: Empoleon|39\/100 brn|[from] Leech Seed|[of] p2a: Abomasnow\n|-heal|p2a: Abomasnow|22\/100|[silent]\n|-damage|p1a: Empoleon|32\/100 brn|[from] brn\n|upkeep\n|turn|35\n|\n|t:|1698635223\n|move|p1a: Empoleon|Knock Off|p2a: Abomasnow\n|-damage|p2a: Abomasnow|15\/100\n|move|p2a: Abomasnow|Leaf Storm|p1a: Empoleon\n|-damage|p1a: Empoleon|23\/100 brn\n|-unboost|p2a: Abomasnow|spa|2\n|\n|-heal|p1a: Empoleon|29\/100 brn|[from] item: Leftovers\n|-damage|p1a: Empoleon|17\/100 brn|[from] Leech Seed|[of] p2a: Abomasnow\n|-heal|p2a: Abomasnow|27\/100|[silent]\n|-damage|p1a: Empoleon|10\/100 brn|[from] brn\n|upkeep\n|turn|36\n|-message|Pickedman forfeited.\n|\n|win|godiamsosorry\n|l|\u2606Pickedman\n","uploadtime":1698635231,"views":12,"p1id":"pickedman","p2id":"godiamsosorry","formatid":"gen9ubers","rating":0,"private":0,"password":""}