{"id":"gen9ubers-1996440326","p1":"Blitz2656","p2":"Pickedman","format":"[Gen 9] Ubers","log":"|j|\u2606Blitz2656\n|j|\u2606Pickedman\n|t:|1700682217\n|gametype|singles\n|player|p1|Blitz2656|mustard-master|\n|player|p2|Pickedman|zinnia|\n|teamsize|p1|6\n|teamsize|p2|6\n|gen|9\n|tier|[Gen 9] Ubers\n|rule|Sleep Clause Mod: Limit one foe put to sleep\n|rule|Species Clause: Limit one of each Pok\u00e9mon\n|rule|OHKO Clause: OHKO moves are banned\n|rule|Evasion Items Clause: Evasion items are banned\n|rule|Evasion Moves Clause: Evasion moves are banned\n|rule|Endless Battle Clause: Forcing endless battles is banned\n|rule|HP Percentage Mod: HP is shown in percentages\n|clearpoke\n|poke|p1|Toxapex, M|\n|poke|p1|Zapdos|\n|poke|p1|Volcanion|\n|poke|p1|Zoroark-Hisui, F|\n|poke|p1|Torkoal, M|\n|poke|p1|Charizard, F|\n|poke|p2|Dragonite, F|\n|poke|p2|Walking Wake|\n|poke|p2|Glimmora, F|\n|poke|p2|Landorus-Therian, M|\n|poke|p2|Annihilape, F|\n|poke|p2|Greninja-*, M|\n|teampreview\n|inactive|Battle timer is ON: inactive players will automatically lose when time's up. (requested by Blitz2656)\n|\n|t:|1700682241\n|start\n|switch|p1a: Volcanion|Volcanion|100\/100\n|switch|p2a: Glimmora|Glimmora, F|100\/100\n|turn|1\n|\n|t:|1700682249\n|move|p2a: Glimmora|Spikes|p1a: Volcanion\n|-sidestart|p1: Blitz2656|Spikes\n|move|p1a: Volcanion|Flame Charge|p2a: Glimmora\n|-resisted|p2a: Glimmora\n|-damage|p2a: Glimmora|88\/100\n|-boost|p1a: Volcanion|spe|1\n|-activate|p2a: Glimmora|ability: Toxic Debris\n|-sidestart|p1: Blitz2656|move: Toxic Spikes\n|\n|upkeep\n|turn|2\n|\n|t:|1700682254\n|move|p2a: Glimmora|Spiky Shield|p2a: Glimmora\n|-singleturn|p2a: Glimmora|move: Protect\n|move|p1a: Volcanion|Liquidation|p2a: Glimmora\n|-activate|p2a: Glimmora|move: Protect\n|-damage|p1a: Volcanion|88\/100|[from] Spiky Shield|[of] p2a: Glimmora\n|\n|upkeep\n|turn|3\n|\n|t:|1700682272\n|move|p2a: Glimmora|Spikes|p1a: Volcanion\n|-sidestart|p1: Blitz2656|Spikes\n|move|p1a: Volcanion|Liquidation|p2a: Glimmora\n|-supereffective|p2a: Glimmora\n|-damage|p2a: Glimmora|1\/100\n|-activate|p2a: Glimmora|ability: Toxic Debris\n|-sidestart|p1: Blitz2656|move: Toxic Spikes\n|\n|upkeep\n|turn|4\n|\n|t:|1700682279\n|move|p2a: Glimmora|Spiky Shield|p2a: Glimmora\n|-singleturn|p2a: Glimmora|move: Protect\n|move|p1a: Volcanion|Flame Charge|p2a: Glimmora\n|-activate|p2a: Glimmora|move: Protect\n|-damage|p1a: Volcanion|76\/100|[from] Spiky Shield|[of] p2a: Glimmora\n|\n|upkeep\n|turn|5\n|\n|t:|1700682288\n|move|p2a: Glimmora|Memento|p1a: Volcanion\n|-unboost|p1a: Volcanion|atk|2\n|-unboost|p1a: Volcanion|spa|2\n|faint|p2a: Glimmora\n|move|p1a: Volcanion|Flame Charge|p2: Glimmora|[notarget]\n|-fail|p1a: Volcanion\n|\n|upkeep\n|c|\u2606Blitz2656|:(\n|\n|t:|1700682313\n|switch|p2a: Dragonite|Dragonite, F|100\/100\n|turn|6\n|\n|t:|1700682335\n|switch|p1a: Hate Crime|Toxapex, M|100\/100\n|-damage|p1a: Hate Crime|84\/100|[from] Spikes\n|-sideend|p1: Blitz2656|move: Toxic Spikes|[of] p1a: Hate Crime\n|move|p2a: Dragonite|Thunderbolt|p1a: Hate Crime\n|-supereffective|p1a: Hate Crime\n|-damage|p1a: Hate Crime|56\/100\n|\n|upkeep\n|turn|7\n|\n|t:|1700682353\n|switch|p2a: Walking Wake|Walking Wake|100\/100\n|switch|p1a: Zapdos|Zapdos|100\/100\n|\n|upkeep\n|turn|8\n|\n|t:|1700682358\n|move|p2a: Walking Wake|Outrage|p1a: Zapdos\n|-damage|p1a: Zapdos|23\/100\n|move|p1a: Zapdos|Wild Charge|p2a: Walking Wake\n|-damage|p2a: Walking Wake|61\/100\n|-damage|p1a: Zapdos|13\/100|[from] Recoil\n|\n|upkeep\n|turn|9\n|\n|t:|1700682364\n|move|p2a: Walking Wake|Outrage|p1a: Zapdos|[from]lockedmove\n|-damage|p1a: Zapdos|0 fnt\n|faint|p1a: Zapdos\n|-start|p2a: Walking Wake|confusion|[fatigue]\n|\n|upkeep\n|\n|t:|1700682377\n|switch|p1a: Torkoal|Torkoal, M|100\/100\n|-damage|p1a: Torkoal|84\/100|[from] Spikes\n|-weather|SunnyDay|[from] ability: Drought|[of] p1a: Torkoal\n|-activate|p2a: Walking Wake|ability: Protosynthesis\n|-start|p2a: Walking Wake|protosynthesisspe\n|turn|10\n|\n|t:|1700682383\n|-end|p2a: Walking Wake|Protosynthesis|[silent]\n|switch|p2a: Annihilape|Annihilape, F|100\/100\n|move|p1a: Torkoal|Eruption|p2a: Annihilape\n|-damage|p2a: Annihilape|50\/100\n|\n|-weather|SunnyDay|[upkeep]\n|-heal|p2a: Annihilape|56\/100|[from] item: Leftovers\n|upkeep\n|turn|11\n|\n|t:|1700682396\n|move|p2a: Annihilape|Night Shade|p1a: Torkoal\n|-damage|p1a: Torkoal|55\/100\n|move|p1a: Torkoal|Lava Plume|p2a: Annihilape\n|-damage|p2a: Annihilape|24\/100\n|-status|p2a: Annihilape|brn\n|\n|-weather|SunnyDay|[upkeep]\n|-heal|p2a: Annihilape|30\/100 brn|[from] item: Leftovers\n|-damage|p2a: Annihilape|24\/100 brn|[from] brn\n|upkeep\n|turn|12\n|\n|t:|1700682402\n|move|p2a: Annihilape|Stealth Rock|p1a: Torkoal\n|-sidestart|p1: Blitz2656|move: Stealth Rock\n|move|p1a: Torkoal|Lava Plume|p2a: Annihilape\n|-crit|p2a: Annihilape\n|-damage|p2a: Annihilape|0 fnt\n|faint|p2a: Annihilape\n|\n|-weather|SunnyDay|[upkeep]\n|upkeep\n|\n|t:|1700682414\n|switch|p2a: Walking Wake|Walking Wake|61\/100\n|-activate|p2a: Walking Wake|ability: Protosynthesis\n|-start|p2a: Walking Wake|protosynthesisspe\n|turn|13\n|\n|t:|1700682423\n|move|p2a: Walking Wake|Knock Off|p1a: Torkoal\n|-damage|p1a: Torkoal|29\/100\n|-enditem|p1a: Torkoal|Assault Vest|[from] move: Knock Off|[of] p2a: Walking Wake\n|move|p1a: Torkoal|Solar Beam||[still]\n|-prepare|p1a: Torkoal|Solar Beam\n|-anim|p1a: Torkoal|Solar Beam|p2a: Walking Wake\n|-damage|p2a: Walking Wake|20\/100\n|\n|-weather|SunnyDay|[upkeep]\n|upkeep\n|turn|14\n|\n|t:|1700682430\n|-end|p2a: Walking Wake|Protosynthesis|[silent]\n|switch|p2a: Dragonite|Dragonite, F|100\/100\n|move|p1a: Torkoal|Solar Beam||[still]\n|-prepare|p1a: Torkoal|Solar Beam\n|-anim|p1a: Torkoal|Solar Beam|p2a: Dragonite\n|-resisted|p2a: Dragonite\n|-damage|p2a: Dragonite|96\/100\n|\n|-weather|none\n|upkeep\n|turn|15\n|\n|t:|1700682436\n|switch|p1a: Hate Crime|Toxapex, M|90\/100\n|-damage|p1a: Hate Crime|73\/100|[from] Spikes\n|-damage|p1a: Hate Crime|61\/100|[from] Stealth Rock\n|move|p2a: Dragonite|Hurricane|p1a: Hate Crime\n|-damage|p1a: Hate Crime|33\/100\n|\n|upkeep\n|turn|16\n|\n|t:|1700682449\n|move|p2a: Dragonite|Thunderbolt|p1a: Hate Crime\n|-supereffective|p1a: Hate Crime\n|-damage|p1a: Hate Crime|2\/100\n|move|p1a: Hate Crime|Ice Beam|p2a: Dragonite\n|-supereffective|p2a: Dragonite\n|-damage|p2a: Dragonite|9\/100\n|\n|upkeep\n|turn|17\n|\n|t:|1700682453\n|move|p2a: Dragonite|Thunderbolt|p1a: Hate Crime\n|-supereffective|p1a: Hate Crime\n|-damage|p1a: Hate Crime|0 fnt\n|faint|p1a: Hate Crime\n|\n|upkeep\n|\n|t:|1700682459\n|switch|p1a: Torkoal|Torkoal, M|29\/100\n|-damage|p1a: Torkoal|12\/100|[from] Spikes\n|-damage|p1a: Torkoal|0 fnt|[from] Stealth Rock\n|faint|p1a: Torkoal\n|\n|t:|1700682473\n|switch|p1a: Charizard|Charizard, F|100\/100\n|-damage|p1a: Charizard|84\/100|[from] Spikes\n|-damage|p1a: Charizard|72\/100|[from] Stealth Rock\n|turn|18\n|\n|t:|1700682481\n|move|p1a: Charizard|Body Slam|p2a: Dragonite\n|-damage|p2a: Dragonite|0 fnt\n|faint|p2a: Dragonite\n|\n|upkeep\n|c|\u2606Blitz2656|its charizard I swear\n|\n|t:|1700682497\n|switch|p2a: Greninja|Greninja, M|100\/100\n|turn|19\n|\n|t:|1700682512\n|move|p2a: Greninja|Ice Punch|p1a: Charizard\n|-start|p2a: Greninja|typechange|Ice|[from] ability: Protean\n|-damage|p1a: Charizard|0 fnt\n|replace|p1a: Zoroark|Zoroark-Hisui, F\n|-end|p1a: Zoroark|Illusion\n|faint|p1a: Zoroark\n|\n|upkeep\n|\n|t:|1700682526\n|switch|p1a: Charizard|Charizard, F|100\/100\n|-damage|p1a: Charizard|51\/100|[from] Stealth Rock\n|turn|20\n|\n|t:|1700682541\n|move|p2a: Greninja|Ice Punch|p1a: Charizard\n|-damage|p1a: Charizard|0 fnt\n|faint|p1a: Charizard\n|\n|upkeep\n|\n|t:|1700682543\n|switch|p1a: Volcanion|Volcanion|76\/100\n|-damage|p1a: Volcanion|59\/100|[from] Spikes\n|-damage|p1a: Volcanion|34\/100|[from] Stealth Rock\n|turn|21\n|\n|t:|1700682552\n|switch|p2a: Walking Wake|Walking Wake|20\/100\n|move|p1a: Volcanion|Wild Charge|p2a: Walking Wake\n|-crit|p2a: Walking Wake\n|-damage|p2a: Walking Wake|0 fnt\n|faint|p2a: Walking Wake\n|-end|p2a: Walking Wake|Protosynthesis|[silent]\n|-damage|p1a: Volcanion|29\/100|[from] Recoil\n|\n|upkeep\n|\n|t:|1700682557\n|switch|p2a: Landorus|Landorus-Therian, M|100\/100\n|-ability|p2a: Landorus|Intimidate|boost\n|-unboost|p1a: Volcanion|atk|1\n|turn|22\n|\n|t:|1700682560\n|move|p2a: Landorus|Earth Power|p1a: Volcanion\n|-supereffective|p1a: Volcanion\n|-damage|p1a: Volcanion|0 fnt\n|faint|p1a: Volcanion\n|\n|win|Pickedman\n","uploadtime":1700682563,"views":6,"p1id":"blitz2656","p2id":"pickedman","formatid":"gen9ubers","rating":0,"private":0,"password":""}