{"id":"gen9ubers-1991375917","p1":"Crk3","p2":"Aviated_Froakie","format":"[Gen 9] Ubers","log":"|j|\u2606Crk3\n|j|\u2606Aviated_Froakie\n|t:|1700071939\n|gametype|singles\n|player|p1|Crk3|hilbert-masters2|1079\n|player|p2|Aviated_Froakie|nessa|1027\n|teamsize|p1|6\n|teamsize|p2|6\n|gen|9\n|tier|[Gen 9] Ubers\n|rated|\n|rule|Sleep Clause Mod: Limit one foe put to sleep\n|rule|Species Clause: Limit one of each Pok\u00e9mon\n|rule|OHKO Clause: OHKO moves are banned\n|rule|Evasion Items Clause: Evasion items are banned\n|rule|Evasion Moves Clause: Evasion moves are banned\n|rule|Endless Battle Clause: Forcing endless battles is banned\n|rule|HP Percentage Mod: HP is shown in percentages\n|clearpoke\n|poke|p1|Ogerpon-Hearthflame, F|\n|poke|p1|Donphan, F|\n|poke|p1|Rotom-Wash|\n|poke|p1|Kommo-o, F|\n|poke|p1|Ursaluna-Bloodmoon, M|\n|poke|p1|Lokix, F|\n|poke|p2|Samurott-Hisui, M|\n|poke|p2|Cinderace, M|\n|poke|p2|Ogerpon, F|\n|poke|p2|Arcanine-Hisui, M|\n|poke|p2|Quaquaval, M|\n|poke|p2|Gliscor, F|\n|teampreview\n|inactive|Battle timer is ON: inactive players will automatically lose when time's up. (requested by Crk3)\n|\n|t:|1700071960\n|start\n|switch|p1a: Kamen Rider|Lokix, F|100\/100\n|switch|p2a: Soar|Gliscor, F, shiny|100\/100\n|turn|1\n|\n|t:|1700071967\n|move|p2a: Soar|Swords Dance|p2a: Soar\n|-boost|p2a: Soar|atk|2\n|move|p1a: Kamen Rider|Knock Off|p2a: Soar\n|-damage|p2a: Soar|57\/100\n|-enditem|p2a: Soar|Toxic Orb|[from] move: Knock Off|[of] p1a: Kamen Rider\n|\n|upkeep\n|turn|2\n|\n|t:|1700071976\n|move|p2a: Soar|Dual Wingbeat|p1a: Kamen Rider\n|-supereffective|p1a: Kamen Rider\n|-damage|p1a: Kamen Rider|7\/100\n|-supereffective|p1a: Kamen Rider\n|-damage|p1a: Kamen Rider|0 fnt\n|faint|p1a: Kamen Rider\n|-hitcount|p1: Kamen Rider|2\n|\n|upkeep\n|\n|t:|1700071982\n|switch|p1a: Do Your Laundry|Rotom-Wash, shiny|100\/100\n|turn|3\n|\n|t:|1700071989\n|move|p2a: Soar|Earthquake|p1a: Do Your Laundry\n|-immune|p1a: Do Your Laundry|[from] ability: Levitate\n|move|p1a: Do Your Laundry|Will-O-Wisp|p2a: Soar|[miss]\n|-miss|p1a: Do Your Laundry|p2a: Soar\n|\n|upkeep\n|turn|4\n|\n|t:|1700071996\n|move|p2a: Soar|Facade|p1a: Do Your Laundry\n|-damage|p1a: Do Your Laundry|51\/100\n|move|p1a: Do Your Laundry|Hydro Pump|p2a: Soar\n|-supereffective|p2a: Soar\n|-damage|p2a: Soar|0 fnt\n|faint|p2a: Soar\n|\n|-heal|p1a: Do Your Laundry|57\/100|[from] item: Leftovers\n|upkeep\n|\n|t:|1700072013\n|switch|p2a: Goober|Ogerpon, F|100\/100\n|turn|5\n|\n|t:|1700072019\n|switch|p2a: Flarrot|Cinderace, M, shiny|100\/100\n|move|p1a: Do Your Laundry|Will-O-Wisp|p2a: Flarrot\n|-immune|p2a: Flarrot\n|\n|-heal|p1a: Do Your Laundry|64\/100|[from] item: Leftovers\n|upkeep\n|turn|6\n|\n|t:|1700072028\n|move|p2a: Flarrot|Trailblaze|p1a: Do Your Laundry\n|-start|p2a: Flarrot|typechange|Grass|[from] ability: Libero\n|-supereffective|p1a: Do Your Laundry\n|-damage|p1a: Do Your Laundry|0 fnt\n|-boost|p2a: Flarrot|spe|1\n|faint|p1a: Do Your Laundry\n|\n|upkeep\n|\n|t:|1700072033\n|switch|p1a: It\u2019s Ogre|Ogerpon-Hearthflame, F|100\/100\n|-ability|p1a: It\u2019s Ogre|Mold Breaker\n|turn|7\n|\n|t:|1700072048\n|switch|p2a: Nimbus|Arcanine-Hisui, M, shiny|100\/100\n|-item|p2a: Nimbus|Air Balloon\n|move|p1a: It\u2019s Ogre|Ivy Cudgel|p2a: Nimbus|[anim] Ivy Cudgel Fire\n|-resisted|p2a: Nimbus\n|-damage|p2a: Nimbus|81\/100\n|-enditem|p2a: Nimbus|Air Balloon\n|\n|upkeep\n|turn|8\n|\n|t:|1700072061\n|move|p1a: It\u2019s Ogre|Swords Dance|p1a: It\u2019s Ogre\n|-boost|p1a: It\u2019s Ogre|atk|2\n|move|p2a: Nimbus|Head Smash|p1a: It\u2019s Ogre\n|-supereffective|p1a: It\u2019s Ogre\n|-damage|p1a: It\u2019s Ogre|0 fnt\n|faint|p1a: It\u2019s Ogre\n|\n|upkeep\n|\n|t:|1700072063\n|switch|p1a: Night Stalker|Ursaluna-Bloodmoon, M|100\/100\n|turn|9\n|\n|t:|1700072072\n|-terastallize|p2a: Nimbus|Grass\n|move|p2a: Nimbus|Tera Blast|p1a: Night Stalker|[anim] Tera Blast Grass\n|-supereffective|p1a: Night Stalker\n|-damage|p1a: Night Stalker|51\/100\n|move|p1a: Night Stalker|Calm Mind|p1a: Night Stalker\n|-boost|p1a: Night Stalker|spa|1\n|-boost|p1a: Night Stalker|spd|1\n|\n|-heal|p1a: Night Stalker|57\/100|[from] item: Leftovers\n|upkeep\n|turn|10\n|\n|t:|1700072086\n|move|p2a: Nimbus|Tera Blast|p1a: Night Stalker|[anim] Tera Blast Grass\n|-supereffective|p1a: Night Stalker\n|-damage|p1a: Night Stalker|7\/100\n|move|p1a: Night Stalker|Blood Moon|p2a: Nimbus\n|-damage|p2a: Nimbus|0 fnt\n|faint|p2a: Nimbus\n|\n|-heal|p1a: Night Stalker|13\/100|[from] item: Leftovers\n|upkeep\n|\n|t:|1700072097\n|switch|p2a: \ud83c\udf82|Quaquaval, M|100\/100\n|turn|11\n|\n|t:|1700072101\n|move|p2a: \ud83c\udf82|Aqua Step|p1a: Night Stalker\n|-supereffective|p1a: Night Stalker\n|-damage|p1a: Night Stalker|0 fnt\n|-boost|p2a: \ud83c\udf82|spe|1\n|faint|p1a: Night Stalker\n|-ability|p2a: \ud83c\udf82|Moxie|boost\n|-boost|p2a: \ud83c\udf82|atk|1\n|\n|upkeep\n|\n|t:|1700072103\n|switch|p1a: Abaranger|Kommo-o, F|100\/100\n|turn|12\n|\n|t:|1700072112\n|move|p2a: \ud83c\udf82|Ice Spinner|p1a: Abaranger\n|-supereffective|p1a: Abaranger\n|-damage|p1a: Abaranger|6\/100\n|move|p1a: Abaranger|Clangorous Soul||[still]\n|-fail|p1a: Abaranger\n|\n|upkeep\n|turn|13\n|-message|Crk3 forfeited.\n|\n|win|Aviated_Froakie\n|raw|Crk3's rating: 1079 &rarr; <strong>1054<\/strong><br \/>(-25 for losing)\n|raw|Aviated_Froakie's rating: 1027 &rarr; <strong>1068<\/strong><br \/>(+41 for winning)\n|l|\u2606Crk3\n","uploadtime":1700072121,"views":18,"p1id":"crk3","p2id":"aviatedfroakie","formatid":"gen9ubers","rating":1054,"private":0,"password":""}