{"id":"gen9ubers-1988471159","p1":"testingteams7221","p2":"bl tyfhg","format":"[Gen 9] Ubers","log":"|j|\u2606testingteams7221\n|j|\u2606bl tyfhg\n|t:|1699726467\n|gametype|singles\n|player|p1|testingteams7221|battlegirl-gen4|\n|player|p2|bl tyfhg|170|\n|teamsize|p1|6\n|teamsize|p2|6\n|gen|9\n|tier|[Gen 9] Ubers\n|rated|Tournament battle\n|rule|Sleep Clause Mod: Limit one foe put to sleep\n|rule|Species Clause: Limit one of each Pok\u00e9mon\n|rule|OHKO Clause: OHKO moves are banned\n|rule|Evasion Items Clause: Evasion items are banned\n|rule|Evasion Moves Clause: Evasion moves are banned\n|rule|Endless Battle Clause: Forcing endless battles is banned\n|rule|HP Percentage Mod: HP is shown in percentages\n|clearpoke\n|poke|p1|Koraidon|\n|poke|p1|Landorus-Therian, M|\n|poke|p1|Zacian-*|\n|poke|p1|Arceus|\n|poke|p1|Kyogre|\n|poke|p1|Ting-Lu|\n|poke|p2|Donphan, L1, F|\n|poke|p2|Hatterene, F|\n|poke|p2|Gothitelle, F|\n|poke|p2|Blissey, F|\n|poke|p2|Dondozo, F|\n|poke|p2|Toxapex, M|\n|teampreview\n|inactive|Battle timer is ON: inactive players will automatically lose when time's up. (requested by testingteams7221)\n|j| FlamingThunderG0d\n|\n|t:|1699726486\n|start\n|switch|p1a: Landorus|Landorus-Therian, M|100\/100\n|switch|p2a: Toxapex|Toxapex, M|100\/100\n|-ability|p1a: Landorus|Intimidate|boost\n|-unboost|p2a: Toxapex|atk|1\n|turn|1\n|\n|t:|1699726491\n|switch|p2a: Hatterene|Hatterene, F|100\/100\n|move|p1a: Landorus|Earthquake|p2a: Hatterene\n|-damage|p2a: Hatterene|63\/100\n|\n|-heal|p2a: Hatterene|69\/100|[from] item: Leftovers\n|upkeep\n|turn|2\n|\n|t:|1699726494\n|move|p2a: Hatterene|Protect|p2a: Hatterene\n|-singleturn|p2a: Hatterene|Protect\n|move|p1a: Landorus|Earthquake|p2a: Hatterene\n|-activate|p2a: Hatterene|move: Protect\n|\n|-heal|p2a: Hatterene|75\/100|[from] item: Leftovers\n|upkeep\n|turn|3\n|\n|t:|1699726499\n|-terastallize|p2a: Hatterene|Flying\n|move|p1a: Landorus|Earthquake|p2a: Hatterene\n|-immune|p2a: Hatterene\n|move|p2a: Hatterene|Psyshock|p1a: Landorus\n|-damage|p1a: Landorus|78\/100\n|\n|-heal|p2a: Hatterene|81\/100|[from] item: Leftovers\n|upkeep\n|turn|4\n|\n|t:|1699726503\n|move|p1a: Landorus|U-turn|p2a: Hatterene\n|-resisted|p2a: Hatterene\n|-damage|p2a: Hatterene|72\/100\n|\n|t:|1699726506\n|switch|p1a: Kyogre|Kyogre|100\/100|[from] U-turn\n|-weather|RainDance|[from] ability: Drizzle|[of] p1a: Kyogre\n|move|p2a: Hatterene|Psyshock|p1a: Kyogre\n|-damage|p1a: Kyogre|59\/100\n|\n|-weather|RainDance|[upkeep]\n|-heal|p2a: Hatterene|78\/100|[from] item: Leftovers\n|upkeep\n|turn|5\n|\n|t:|1699726512\n|switch|p1a: Zacian|Zacian-Crowned|100\/100\n|-ability|p1a: Zacian|Intrepid Sword|boost\n|-boost|p1a: Zacian|atk|1\n|move|p2a: Hatterene|Protect||[still]\n|-fail|p2a: Hatterene\n|\n|-weather|RainDance|[upkeep]\n|-heal|p2a: Hatterene|84\/100|[from] item: Leftovers\n|upkeep\n|turn|6\n|\n|t:|1699726519\n|switch|p2a: Toxapex|Toxapex, M|100\/100\n|move|p1a: Zacian|Swords Dance|p1a: Zacian\n|-boost|p1a: Zacian|atk|2\n|\n|-weather|RainDance|[upkeep]\n|upkeep\n|turn|7\n|\n|t:|1699726529\n|switch|p2a: Dondozo|Dondozo, F|100\/100\n|move|p1a: Zacian|Wild Charge|p2a: Dondozo\n|-supereffective|p2a: Dondozo\n|-crit|p2a: Dondozo\n|-damage|p2a: Dondozo|55\/100\n|-damage|p1a: Zacian|84\/100|[from] Recoil\n|\n|-weather|RainDance|[upkeep]\n|-heal|p2a: Dondozo|61\/100|[from] item: Leftovers\n|upkeep\n|turn|8\n|\n|t:|1699726533\n|move|p2a: Dondozo|Protect|p2a: Dondozo\n|-singleturn|p2a: Dondozo|Protect\n|move|p1a: Zacian|Wild Charge|p2a: Dondozo\n|-activate|p2a: Dondozo|move: Protect\n|\n|-weather|none\n|-heal|p2a: Dondozo|68\/100|[from] item: Leftovers\n|upkeep\n|turn|9\n|\n|t:|1699726542\n|move|p1a: Zacian|Wild Charge|p2a: Dondozo\n|-supereffective|p2a: Dondozo\n|-damage|p2a: Dondozo|36\/100\n|-damage|p1a: Zacian|73\/100|[from] Recoil\n|move|p2a: Dondozo|Curse|p2a: Dondozo\n|-unboost|p2a: Dondozo|spe|1\n|-boost|p2a: Dondozo|atk|1\n|-boost|p2a: Dondozo|def|1\n|\n|-heal|p2a: Dondozo|42\/100|[from] item: Leftovers\n|upkeep\n|turn|10\n|\n|t:|1699726548\n|move|p1a: Zacian|Wild Charge|p2a: Dondozo\n|-supereffective|p2a: Dondozo\n|-damage|p2a: Dondozo|22\/100\n|-damage|p1a: Zacian|66\/100|[from] Recoil\n|move|p2a: Dondozo|Rest|p2a: Dondozo\n|-status|p2a: Dondozo|slp|[from] move: Rest\n|-heal|p2a: Dondozo|100\/100 slp|[silent]\n|\n|upkeep\n|turn|11\n|c|\u2606testingteams7221|ur lame as fuck\n|-message|testingteams7221 forfeited.\n|\n|win|bl tyfhg\n|n|\u2606testingteams7221|testingteams7221\n|n|\u2606bl tyfhg|bltyfhg\n|n| FlamingThunderG0d|flamingthunderg0d\n","uploadtime":1699726562,"views":5,"p1id":"testingteams7221","p2id":"bltyfhg","formatid":"gen9ubers","rating":0,"private":0,"password":""}