{"id":"gen9ubers-1997063471","p1":"sammySCOTTS","p2":"lightstriker11","format":"[Gen 9] Ubers","log":"|j|\u2606sammySCOTTS\n|j|\u2606lightstriker11\n|t:|1700760818\n|gametype|singles\n|player|p1|sammySCOTTS|cynthia-gen4|1018\n|player|p2|lightstriker11|265|1000\n|teamsize|p1|6\n|teamsize|p2|6\n|gen|9\n|tier|[Gen 9] Ubers\n|rated|\n|rule|Sleep Clause Mod: Limit one foe put to sleep\n|rule|Species Clause: Limit one of each Pok\u00e9mon\n|rule|OHKO Clause: OHKO moves are banned\n|rule|Evasion Items Clause: Evasion items are banned\n|rule|Evasion Moves Clause: Evasion moves are banned\n|rule|Endless Battle Clause: Forcing endless battles is banned\n|rule|HP Percentage Mod: HP is shown in percentages\n|clearpoke\n|poke|p1|Houndoom, M|\n|poke|p1|Darkrai|\n|poke|p1|Arcanine-Hisui, F|\n|poke|p1|Chandelure, M|\n|poke|p1|Infernape, M|\n|poke|p1|Gallade, M|\n|poke|p2|Clodsire, F|\n|poke|p2|Skeledirge, F|\n|poke|p2|Haxorus, M|\n|poke|p2|Breloom, F|\n|poke|p2|Lycanroc, M|\n|poke|p2|Floatzel, M|\n|teampreview\n|\n|t:|1700760827\n|start\n|switch|p1a: Lureth|Chandelure, M|100\/100\n|switch|p2a: Clodsire|Clodsire, F, shiny|100\/100\n|turn|1\n|\n|t:|1700760838\n|move|p1a: Lureth|Dark Pulse|p2a: Clodsire\n|-damage|p2a: Clodsire|85\/100\n|move|p2a: Clodsire|Toxic Spikes|p1a: Lureth\n|-sidestart|p1: sammySCOTTS|move: Toxic Spikes\n|\n|-heal|p2a: Clodsire|91\/100|[from] item: Leftovers\n|upkeep\n|turn|2\n|\n|t:|1700760846\n|move|p2a: Clodsire|Protect|p2a: Clodsire\n|-singleturn|p2a: Clodsire|Protect\n|move|p1a: Lureth|Heat Wave|p2a: Clodsire\n|-activate|p2a: Clodsire|move: Protect\n|\n|-heal|p2a: Clodsire|98\/100|[from] item: Leftovers\n|upkeep\n|turn|3\n|\n|t:|1700760855\n|move|p1a: Lureth|Heat Wave|p2a: Clodsire\n|-damage|p2a: Clodsire|69\/100\n|-status|p2a: Clodsire|brn\n|move|p2a: Clodsire|Earthquake|p1a: Lureth\n|-supereffective|p1a: Lureth\n|-damage|p1a: Lureth|67\/100\n|\n|-heal|p2a: Clodsire|75\/100 brn|[from] item: Leftovers\n|-damage|p2a: Clodsire|69\/100 brn|[from] brn\n|upkeep\n|turn|4\n|\n|t:|1700760871\n|move|p1a: Lureth|Flame Charge|p2a: Clodsire\n|-damage|p2a: Clodsire|52\/100 brn\n|-boost|p1a: Lureth|spe|1\n|move|p2a: Clodsire|Poison Jab|p1a: Lureth\n|-resisted|p1a: Lureth\n|-damage|p1a: Lureth|60\/100\n|\n|-heal|p2a: Clodsire|58\/100 brn|[from] item: Leftovers\n|-damage|p2a: Clodsire|52\/100 brn|[from] brn\n|upkeep\n|turn|5\n|\n|t:|1700760885\n|move|p1a: Lureth|Fire Blast|p2a: Clodsire\n|-damage|p2a: Clodsire|24\/100 brn\n|move|p2a: Clodsire|Earthquake|p1a: Lureth\n|-supereffective|p1a: Lureth\n|-damage|p1a: Lureth|30\/100\n|\n|-heal|p2a: Clodsire|30\/100 brn|[from] item: Leftovers\n|-damage|p2a: Clodsire|24\/100 brn|[from] brn\n|upkeep\n|turn|6\n|\n|t:|1700760902\n|move|p1a: Lureth|Fire Blast|p2a: Clodsire\n|-damage|p2a: Clodsire|0 fnt\n|faint|p2a: Clodsire\n|\n|upkeep\n|\n|t:|1700760910\n|switch|p2a: Floatzel|Floatzel, M|100\/100\n|turn|7\n|\n|t:|1700760916\n|move|p1a: Lureth|Flame Charge|p2a: Floatzel\n|-resisted|p2a: Floatzel\n|-damage|p2a: Floatzel|89\/100\n|-boost|p1a: Lureth|spe|1\n|move|p2a: Floatzel|Wave Crash|p1a: Lureth\n|-supereffective|p1a: Lureth\n|-damage|p1a: Lureth|0 fnt\n|faint|p1a: Lureth\n|-damage|p2a: Floatzel|81\/100|[from] Recoil\n|\n|upkeep\n|\n|t:|1700760928\n|switch|p1a: Flare|Infernape, M|100\/100\n|-status|p1a: Flare|psn\n|turn|8\n|\n|t:|1700760934\n|move|p2a: Floatzel|Wave Crash|p1a: Flare\n|-supereffective|p1a: Flare\n|-damage|p1a: Flare|0 fnt\n|faint|p1a: Flare\n|-damage|p2a: Floatzel|49\/100|[from] Recoil\n|\n|upkeep\n|\n|t:|1700760940\n|switch|p1a: Flame|Arcanine-Hisui, F|100\/100\n|-status|p1a: Flame|psn\n|turn|9\n|\n|t:|1700760946\n|move|p1a: Flame|Extreme Speed|p2a: Floatzel\n|-damage|p2a: Floatzel|10\/100\n|move|p2a: Floatzel|Wave Crash|p1a: Flame\n|-supereffective|p1a: Flame\n|-damage|p1a: Flame|0 fnt\n|faint|p1a: Flame\n|-damage|p2a: Floatzel|0 fnt|[from] Recoil\n|faint|p2a: Floatzel\n|\n|upkeep\n|\n|t:|1700760958\n|switch|p2a: Lycanroc|Lycanroc, M|100\/100\n|switch|p1a: Blade|Gallade, M, shiny|100\/100\n|-status|p1a: Blade|psn\n|turn|10\n|\n|t:|1700760965\n|move|p2a: Lycanroc|Sandstorm|p2a: Lycanroc\n|-weather|Sandstorm\n|move|p1a: Blade|Destiny Bond|p1a: Blade\n|-singlemove|p1a: Blade|Destiny Bond\n|\n|-weather|Sandstorm|[upkeep]\n|-damage|p1a: Blade|94\/100 psn|[from] Sandstorm\n|-damage|p1a: Blade|82\/100 psn|[from] psn\n|upkeep\n|turn|11\n|\n|t:|1700760976\n|move|p2a: Lycanroc|Stealth Rock|p1a: Blade\n|-sidestart|p1: sammySCOTTS|move: Stealth Rock\n|move|p1a: Blade|Mystical Fire|p2a: Lycanroc\n|-resisted|p2a: Lycanroc\n|-damage|p2a: Lycanroc|91\/100\n|-unboost|p2a: Lycanroc|spa|1\n|\n|-weather|Sandstorm|[upkeep]\n|-damage|p1a: Blade|76\/100 psn|[from] Sandstorm\n|-damage|p1a: Blade|63\/100 psn|[from] psn\n|upkeep\n|turn|12\n|\n|t:|1700760990\n|move|p2a: Lycanroc|Crunch|p1a: Blade\n|-damage|p1a: Blade|29\/100 psn\n|move|p1a: Blade|Aura Sphere|p2a: Lycanroc\n|-supereffective|p2a: Lycanroc\n|-damage|p2a: Lycanroc|26\/100\n|\n|-weather|Sandstorm|[upkeep]\n|-damage|p1a: Blade|23\/100 psn|[from] Sandstorm\n|-damage|p1a: Blade|10\/100 psn|[from] psn\n|upkeep\n|turn|13\n|\n|t:|1700761001\n|move|p2a: Lycanroc|Crunch|p1a: Blade\n|-damage|p1a: Blade|0 fnt\n|faint|p1a: Blade\n|\n|-weather|Sandstorm|[upkeep]\n|upkeep\n|\n|t:|1700761008\n|switch|p1a: Doom|Houndoom, M|100\/100\n|-status|p1a: Doom|psn\n|-damage|p1a: Doom|76\/100 psn|[from] Stealth Rock\n|turn|14\n|\n|t:|1700761019\n|move|p2a: Lycanroc|Rock Slide|p1a: Doom\n|-supereffective|p1a: Doom\n|-damage|p1a: Doom|0 fnt\n|faint|p1a: Doom\n|\n|-weather|none\n|upkeep\n|\n|t:|1700761025\n|switch|p1a: Dark|Darkrai|100\/100\n|-status|p1a: Dark|psn\n|-damage|p1a: Dark|88\/100 psn|[from] Stealth Rock\n|turn|15\n|\n|t:|1700761031\n|move|p2a: Lycanroc|Crunch|p1a: Dark\n|-resisted|p1a: Dark\n|-damage|p1a: Dark|71\/100 psn\n|move|p1a: Dark|Foul Play|p2a: Lycanroc\n|-damage|p2a: Lycanroc|0 fnt\n|-damage|p1a: Dark|55\/100 psn|[from] item: Rocky Helmet|[of] p2a: Lycanroc\n|faint|p2a: Lycanroc\n|\n|-damage|p1a: Dark|42\/100 psn|[from] psn\n|upkeep\n|\n|t:|1700761042\n|switch|p2a: Skeledirge|Skeledirge, F|100\/100\n|turn|16\n|\n|t:|1700761052\n|move|p1a: Dark|Drain Punch|p2a: Skeledirge\n|-immune|p2a: Skeledirge\n|move|p2a: Skeledirge|Shadow Ball|p1a: Dark\n|-resisted|p1a: Dark\n|-damage|p1a: Dark|19\/100 psn\n|\n|-damage|p1a: Dark|6\/100 psn|[from] psn\n|upkeep\n|turn|17\n|\n|t:|1700761062\n|move|p1a: Dark|Night Shade|p2a: Skeledirge\n|-damage|p2a: Skeledirge|76\/100\n|move|p2a: Skeledirge|Torch Song|p1a: Dark\n|-damage|p1a: Dark|0 fnt\n|-boost|p2a: Skeledirge|spa|1\n|faint|p1a: Dark\n|\n|win|lightstriker11\n|raw|sammySCOTTS's rating: 1018 &rarr; <strong>1005<\/strong><br \/>(-13 for losing)\n|raw|lightstriker11's rating: 1000 &rarr; <strong>1042<\/strong><br \/>(+42 for winning)\n|l|\u2606sammySCOTTS\n","uploadtime":1700761091,"views":8,"p1id":"sammyscotts","p2id":"lightstriker11","formatid":"gen9ubers","rating":1005,"private":0,"password":""}