{"id":"gen9ubers-1973000054","p1":"MeteorAsh15","p2":"Sceptiicwastaken","format":"[Gen 9] Ubers","log":"|j|\u2606MeteorAsh15\n|j|\u2606Sceptiicwastaken\n|t:|1697917034\n|gametype|singles\n|player|p1|MeteorAsh15|nate|1285\n|player|p2|Sceptiicwastaken|2|1087\n|teamsize|p1|6\n|teamsize|p2|6\n|gen|9\n|tier|[Gen 9] Ubers\n|rated|\n|rule|Sleep Clause Mod: Limit one foe put to sleep\n|rule|Species Clause: Limit one of each Pok\u00e9mon\n|rule|OHKO Clause: OHKO moves are banned\n|rule|Evasion Items Clause: Evasion items are banned\n|rule|Evasion Moves Clause: Evasion moves are banned\n|rule|Endless Battle Clause: Forcing endless battles is banned\n|rule|HP Percentage Mod: HP is shown in percentages\n|clearpoke\n|poke|p1|Baxcalibur, F|\n|poke|p1|Ninetales-Alola, F|\n|poke|p1|Koraidon|\n|poke|p1|Zacian-*|\n|poke|p1|Tornadus, M|\n|poke|p1|Ribombee, F|\n|poke|p2|Calyrex-Ice|\n|poke|p2|Basculegion, M|\n|poke|p2|Ribombee, M|\n|poke|p2|Great Tusk|\n|poke|p2|Chi-Yu|\n|poke|p2|Dragapult, M|\n|teampreview\n|inactive|Battle timer is ON: inactive players will automatically lose when time's up. (requested by Sceptiicwastaken)\n|\n|t:|1697917043\n|start\n|switch|p1a: Ribombee|Ribombee, F, shiny|100\/100\n|switch|p2a: Chi-Yu|Chi-Yu|100\/100\n|-ability|p2a: Chi-Yu|Beads of Ruin\n|turn|1\n|\n|t:|1697917050\n|move|p2a: Chi-Yu|Flamethrower|p1a: Ribombee\n|-supereffective|p1a: Ribombee\n|-enditem|p1a: Ribombee|Focus Sash\n|-damage|p1a: Ribombee|1\/100\n|move|p1a: Ribombee|Sticky Web|p2a: Chi-Yu\n|-sidestart|p2: Sceptiicwastaken|move: Sticky Web\n|\n|upkeep\n|turn|2\n|\n|t:|1697917058\n|move|p2a: Chi-Yu|Flamethrower|p1a: Ribombee\n|-supereffective|p1a: Ribombee\n|-damage|p1a: Ribombee|0 fnt\n|faint|p1a: Ribombee\n|\n|upkeep\n|\n|t:|1697917070\n|switch|p1a: Koraidon|Koraidon|100\/100\n|-weather|SunnyDay|[from] ability: Orichalcum Pulse|[of] p1a: Koraidon\n|-activate|p1a: Koraidon|Orichalcum Pulse|[source]\n|turn|3\n|\n|t:|1697917081\n|switch|p2a: Ribombee|Ribombee, M|100\/100\n|-activate|p2a: Ribombee|move: Sticky Web\n|-unboost|p2a: Ribombee|spe|1\n|move|p1a: Koraidon|Flare Blitz|p2a: Ribombee\n|-supereffective|p2a: Ribombee\n|-enditem|p2a: Ribombee|Focus Sash\n|-damage|p2a: Ribombee|1\/100\n|-damage|p1a: Koraidon|75\/100|[from] Recoil\n|\n|-weather|SunnyDay|[upkeep]\n|upkeep\n|turn|4\n|\n|t:|1697917092\n|move|p1a: Koraidon|Collision Course|p2a: Ribombee\n|-resisted|p2a: Ribombee\n|-damage|p2a: Ribombee|0 fnt\n|faint|p2a: Ribombee\n|\n|-weather|SunnyDay|[upkeep]\n|upkeep\n|\n|t:|1697917096\n|switch|p2a: Great Tusk|Great Tusk|100\/100\n|-activate|p2a: Great Tusk|move: Sticky Web\n|-unboost|p2a: Great Tusk|spe|1\n|-activate|p2a: Great Tusk|ability: Protosynthesis\n|-start|p2a: Great Tusk|protosynthesisatk\n|turn|5\n|\n|t:|1697917106\n|move|p2a: Great Tusk|Rapid Spin|p1a: Koraidon\n|-damage|p1a: Koraidon|58\/100\n|-boost|p2a: Great Tusk|spe|1\n|-sideend|p2: Sceptiicwastaken|Sticky Web|[from] move: Rapid Spin|[of] p2a: Great Tusk\n|move|p1a: Koraidon|Dragon Tail|p2a: Great Tusk\n|-damage|p2a: Great Tusk|74\/100\n|-end|p2a: Great Tusk|Protosynthesis|[silent]\n|drag|p2a: Basculegion|Basculegion, M|100\/100\n|\n|-weather|SunnyDay|[upkeep]\n|upkeep\n|turn|6\n|\n|t:|1697917126\n|move|p2a: Basculegion|Last Respects|p1a: Koraidon\n|-damage|p1a: Koraidon|0 fnt\n|faint|p1a: Koraidon\n|-damage|p2a: Basculegion|91\/100|[from] item: Life Orb\n|\n|-weather|SunnyDay|[upkeep]\n|upkeep\n|\n|t:|1697917135\n|switch|p1a: Zacian|Zacian-Crowned, shiny|100\/100\n|-ability|p1a: Zacian|Intrepid Sword|boost\n|-boost|p1a: Zacian|atk|1\n|turn|7\n|inactive|Sceptiicwastaken has 120 seconds left.\n|\n|t:|1697917189\n|switch|p2a: Calyrex|Calyrex-Ice|100\/100\n|-ability|p2a: Calyrex|As One\n|-ability|p2a: Calyrex|Unnerve\n|move|p1a: Zacian|Behemoth Blade|p2a: Calyrex\n|-supereffective|p2a: Calyrex\n|-damage|p2a: Calyrex|0 fnt\n|faint|p2a: Calyrex\n|\n|-weather|none\n|upkeep\n|inactive|Sceptiicwastaken has 90 seconds left.\n|\n|t:|1697917210\n|switch|p2a: Chi-Yu|Chi-Yu|100\/100\n|-ability|p2a: Chi-Yu|Beads of Ruin\n|turn|8\n|inactive|Sceptiicwastaken has 90 seconds left.\n|\n|t:|1697917217\n|move|p2a: Chi-Yu|Flamethrower|p1a: Zacian\n|-supereffective|p1a: Zacian\n|-damage|p1a: Zacian|0 fnt\n|faint|p1a: Zacian\n|\n|upkeep\n|\n|t:|1697917228\n|switch|p1a: Ninetales|Ninetales-Alola, F|100\/100\n|-weather|Snow|[from] ability: Snow Warning|[of] p1a: Ninetales\n|turn|9\n|\n|t:|1697917233\n|move|p2a: Chi-Yu|Flamethrower|p1a: Ninetales\n|-supereffective|p1a: Ninetales\n|-damage|p1a: Ninetales|0 fnt\n|faint|p1a: Ninetales\n|\n|-weather|Snow|[upkeep]\n|upkeep\n|\n|t:|1697917239\n|switch|p1a: Tornadus|Tornadus, M, shiny|100\/100\n|turn|10\n|\n|t:|1697917243\n|move|p1a: Tornadus|Tailwind|p1a: Tornadus\n|-sidestart|p1: MeteorAsh15|move: Tailwind\n|move|p2a: Chi-Yu|Flamethrower|p1a: Tornadus\n|-damage|p1a: Tornadus|29\/100\n|\n|-weather|Snow|[upkeep]\n|upkeep\n|turn|11\n|\n|t:|1697917250\n|move|p1a: Tornadus|U-turn|p2a: Chi-Yu\n|-damage|p2a: Chi-Yu|73\/100\n|\n|t:|1697917253\n|switch|p1a: Baxcalibur|Baxcalibur, F|100\/100|[from] U-turn\n|move|p2a: Chi-Yu|Flamethrower|p1a: Baxcalibur\n|-damage|p1a: Baxcalibur|23\/100\n|-ability|p1a: Baxcalibur|Thermal Exchange|boost\n|-boost|p1a: Baxcalibur|atk|1\n|\n|-weather|Snow|[upkeep]\n|upkeep\n|turn|12\n|\n|t:|1697917263\n|move|p1a: Baxcalibur|Scale Shot|p2a: Chi-Yu\n|-damage|p2a: Chi-Yu|38\/100\n|-crit|p2a: Chi-Yu\n|-damage|p2a: Chi-Yu|0 fnt\n|faint|p2a: Chi-Yu\n|-hitcount|p2: Chi-Yu|2\n|-unboost|p1a: Baxcalibur|def|1\n|-boost|p1a: Baxcalibur|spe|1\n|\n|-weather|Snow|[upkeep]\n|upkeep\n|\n|t:|1697917269\n|switch|p2a: Basculegion|Basculegion, M|91\/100\n|turn|13\n|\n|t:|1697917276\n|move|p2a: Basculegion|Aqua Jet|p1a: Baxcalibur\n|-resisted|p1a: Baxcalibur\n|-damage|p1a: Baxcalibur|6\/100\n|-damage|p2a: Basculegion|81\/100|[from] item: Life Orb\n|move|p1a: Baxcalibur|Scale Shot|p2a: Basculegion\n|-damage|p2a: Basculegion|58\/100\n|-damage|p2a: Basculegion|37\/100\n|-damage|p2a: Basculegion|13\/100\n|-damage|p2a: Basculegion|0 fnt\n|faint|p2a: Basculegion\n|-hitcount|p2: Basculegion|4\n|-unboost|p1a: Baxcalibur|def|1\n|-boost|p1a: Baxcalibur|spe|1\n|\n|-weather|none\n|-sideend|p1: MeteorAsh15|move: Tailwind\n|upkeep\n|\n|t:|1697917293\n|switch|p2a: Great Tusk|Great Tusk|74\/100\n|-enditem|p2a: Great Tusk|Booster Energy\n|-activate|p2a: Great Tusk|ability: Protosynthesis|[fromitem]\n|-start|p2a: Great Tusk|protosynthesisspe\n|turn|14\n|inactive|Sceptiicwastaken has 120 seconds left.\n|inactive|Sceptiicwastaken has 90 seconds left.\n|l|\u2606Sceptiicwastaken\n|inactive|Sceptiicwastaken disconnected and has a minute to reconnect!\n|player|p2|\n|inactive|Sceptiicwastaken has 30 seconds to reconnect!\n|inactive|Sceptiicwastaken has 20 seconds to reconnect!\n|inactive|Sceptiicwastaken has 15 seconds to reconnect!\n|inactive|Sceptiicwastaken has 10 seconds to reconnect!\n|inactive|Sceptiicwastaken has 5 seconds to reconnect!\n|-message|Sceptiicwastaken lost due to inactivity.\n|\n|win|MeteorAsh15\n|inactive|Sceptiicwastaken has 10 seconds left this turn.\n|raw|MeteorAsh15's rating: 1285 &rarr; <strong>1297<\/strong><br \/>(+12 for winning)\n|raw|Sceptiicwastaken's rating: 1087 &rarr; <strong>1076<\/strong><br \/>(-11 for losing)\n","uploadtime":1697917437,"views":9,"p1id":"meteorash15","p2id":"sceptiicwastaken","formatid":"gen9ubers","rating":1076,"private":0,"password":""}