{"id":"gen9ubers-1993005315","p1":"jarioceva","p2":"HawluchaTaquero","format":"[Gen 9] Ubers","log":"|j|\u2606jarioceva\n|j|\u2606HawluchaTaquero\n|t:|1700254701\n|gametype|singles\n|player|p1|jarioceva|benga|\n|player|p2|HawluchaTaquero|iono|\n|teamsize|p1|6\n|teamsize|p2|6\n|gen|9\n|tier|[Gen 9] Ubers\n|rule|Sleep Clause Mod: Limit one foe put to sleep\n|rule|Species Clause: Limit one of each Pok\u00e9mon\n|rule|OHKO Clause: OHKO moves are banned\n|rule|Evasion Items Clause: Evasion items are banned\n|rule|Evasion Moves Clause: Evasion moves are banned\n|rule|Endless Battle Clause: Forcing endless battles is banned\n|rule|HP Percentage Mod: HP is shown in percentages\n|clearpoke\n|poke|p1|Sneasler, M|\n|poke|p1|Toxapex, M|\n|poke|p1|Clodsire, M|\n|poke|p1|Iron Moth|\n|poke|p1|Glimmora, F|\n|poke|p1|Revavroom, M|\n|poke|p2|Roaring Moon|\n|poke|p2|Greninja-*, M|\n|poke|p2|Ting-Lu|\n|poke|p2|Kingambit, F|\n|poke|p2|Hydreigon, F|\n|poke|p2|Mandibuzz, F|\n|teampreview\n|c|\u2606jarioceva|oeeee\n|c|\u2606jarioceva|esa locura\n|c|\u2606jarioceva|xd\n|\n|t:|1700254721\n|start\n|switch|p1a: Glimmora|Glimmora, F|100\/100\n|switch|p2a: Hydreigon|Hydreigon, F|100\/100\n|turn|1\n|c|\u2606HawluchaTaquero|esta feo este team\n|\n|t:|1700254737\n|move|p2a: Hydreigon|Substitute|p2a: Hydreigon\n|-start|p2a: Hydreigon|Substitute\n|-damage|p2a: Hydreigon|76\/100\n|move|p1a: Glimmora|Stealth Rock|p2a: Hydreigon\n|-sidestart|p2: HawluchaTaquero|move: Stealth Rock\n|\n|-heal|p2a: Hydreigon|82\/100|[from] item: Leftovers\n|upkeep\n|turn|2\n|\n|t:|1700254773\n|switch|p1a: Iron Moth|Iron Moth|100\/100\n|-enditem|p1a: Iron Moth|Booster Energy\n|-activate|p1a: Iron Moth|ability: Quark Drive|[fromitem]\n|-start|p1a: Iron Moth|quarkdrivespa\n|-terastallize|p2a: Hydreigon|Steel\n|move|p2a: Hydreigon|Nasty Plot|p2a: Hydreigon\n|-boost|p2a: Hydreigon|spa|2\n|\n|-heal|p2a: Hydreigon|88\/100|[from] item: Leftovers\n|upkeep\n|turn|3\n|\n|t:|1700254782\n|move|p1a: Iron Moth|Dazzling Gleam|p2a: Hydreigon\n|-resisted|p2a: Hydreigon\n|-activate|p2a: Hydreigon|move: Substitute|[damage]\n|move|p2a: Hydreigon|Dark Pulse|p1a: Iron Moth\n|-damage|p1a: Iron Moth|16\/100\n|\n|-heal|p2a: Hydreigon|94\/100|[from] item: Leftovers\n|upkeep\n|turn|4\n|\n|t:|1700254797\n|move|p1a: Iron Moth|Sludge Wave|p2a: Hydreigon\n|-immune|p2a: Hydreigon\n|move|p2a: Hydreigon|Dark Pulse|p1a: Iron Moth\n|-damage|p1a: Iron Moth|0 fnt\n|faint|p1a: Iron Moth\n|-end|p1a: Iron Moth|Quark Drive|[silent]\n|\n|-heal|p2a: Hydreigon|99\/100|[from] item: Leftovers\n|upkeep\n|c|\u2606HawluchaTaquero|no pusiste atenci\u00f3n a que hice tera xd\n|c|\u2606jarioceva|a\n|c|\u2606jarioceva|cierto jajajaa\n|\n|t:|1700254847\n|switch|p1a: Clodsire|Clodsire, M|100\/100\n|turn|5\n|\n|t:|1700254851\n|move|p2a: Hydreigon|Flash Cannon|p1a: Clodsire\n|-damage|p1a: Clodsire|56\/100\n|move|p1a: Clodsire|Earthquake|p2a: Hydreigon\n|-immune|p2a: Hydreigon|[from] ability: Levitate\n|\n|-heal|p2a: Hydreigon|100\/100|[from] item: Leftovers\n|-heal|p1a: Clodsire|63\/100|[from] item: Black Sludge\n|upkeep\n|turn|6\n|c|\u2606jarioceva|no vi el levitaci\u00f3n jajaja\n|\n|t:|1700254873\n|move|p2a: Hydreigon|Flash Cannon|p1a: Clodsire\n|-damage|p1a: Clodsire|15\/100\n|move|p1a: Clodsire|Recover|p1a: Clodsire\n|-heal|p1a: Clodsire|65\/100\n|\n|-heal|p1a: Clodsire|72\/100|[from] item: Black Sludge\n|upkeep\n|turn|7\n|\n|t:|1700254882\n|switch|p1a: Glimmora|Glimmora, F|100\/100\n|move|p2a: Hydreigon|Flash Cannon|p1a: Glimmora\n|-supereffective|p1a: Glimmora\n|-enditem|p1a: Glimmora|Focus Sash\n|-damage|p1a: Glimmora|1\/100\n|\n|upkeep\n|turn|8\n|\n|t:|1700254886\n|move|p2a: Hydreigon|Dark Pulse|p1a: Glimmora\n|-damage|p1a: Glimmora|0 fnt\n|faint|p1a: Glimmora\n|\n|upkeep\n|\n|t:|1700254893\n|switch|p1a: Revavroom|Revavroom, M|100\/100\n|-item|p1a: Revavroom|Air Balloon\n|turn|9\n|\n|t:|1700254904\n|move|p2a: Hydreigon|Flash Cannon|p1a: Revavroom\n|-resisted|p1a: Revavroom\n|-damage|p1a: Revavroom|32\/100\n|-enditem|p1a: Revavroom|Air Balloon\n|move|p1a: Revavroom|Iron Head|p2a: Hydreigon\n|-resisted|p2a: Hydreigon\n|-end|p2a: Hydreigon|Substitute\n|\n|upkeep\n|turn|10\n|\n|t:|1700254914\n|move|p2a: Hydreigon|Dark Pulse|p1a: Revavroom\n|-damage|p1a: Revavroom|0 fnt\n|faint|p1a: Revavroom\n|\n|upkeep\n|\n|t:|1700254922\n|switch|p1a: Sneasler|Sneasler, M|100\/100\n|turn|11\n|\n|t:|1700254927\n|move|p1a: Sneasler|Fake Out|p2a: Hydreigon\n|-enditem|p1a: Sneasler|Normal Gem|[from] gem\n|-resisted|p2a: Hydreigon\n|-crit|p2a: Hydreigon\n|-damage|p2a: Hydreigon|84\/100\n|cant|p2a: Hydreigon|flinch\n|\n|-heal|p2a: Hydreigon|90\/100|[from] item: Leftovers\n|upkeep\n|turn|12\n|\n|t:|1700254954\n|move|p1a: Sneasler|Close Combat|p2a: Hydreigon\n|-supereffective|p2a: Hydreigon\n|-damage|p2a: Hydreigon|0 fnt\n|-unboost|p1a: Sneasler|def|1\n|-unboost|p1a: Sneasler|spd|1\n|faint|p2a: Hydreigon\n|\n|upkeep\n|\n|t:|1700254962\n|switch|p2a: Mandibuzz|Mandibuzz, F|100\/100\n|turn|13\n|\n|t:|1700254969\n|switch|p1a: Toxapex|Toxapex, M|100\/100\n|move|p2a: Mandibuzz|Roost||[still]\n|-fail|p2a: Mandibuzz|heal\n|\n|upkeep\n|turn|14\n|\n|t:|1700254977\n|move|p2a: Mandibuzz|Knock Off|p1a: Toxapex\n|-damage|p1a: Toxapex|85\/100\n|-enditem|p1a: Toxapex|Leftovers|[from] move: Knock Off|[of] p2a: Mandibuzz\n|move|p1a: Toxapex|Toxic|p2a: Mandibuzz\n|-status|p2a: Mandibuzz|tox\n|\n|-damage|p2a: Mandibuzz|94\/100 tox|[from] psn\n|upkeep\n|turn|15\n|\n|t:|1700254984\n|move|p2a: Mandibuzz|Defog|p1a: Toxapex\n|-unboost|p1a: Toxapex|evasion|1\n|-sideend|p2: HawluchaTaquero|Stealth Rock|[from] move: Defog|[of] p2a: Mandibuzz\n|move|p1a: Toxapex|Surf|p2a: Mandibuzz\n|-damage|p2a: Mandibuzz|79\/100 tox\n|\n|-damage|p2a: Mandibuzz|67\/100 tox|[from] psn\n|upkeep\n|turn|16\n|\n|t:|1700254999\n|switch|p2a: Ting-Lu|Ting-Lu|100\/100\n|-ability|p2a: Ting-Lu|Vessel of Ruin\n|move|p1a: Toxapex|Haze|p1a: Toxapex\n|-clearallboost\n|\n|upkeep\n|turn|17\n|\n|t:|1700255005\n|move|p2a: Ting-Lu|Stealth Rock|p1a: Toxapex\n|-sidestart|p1: jarioceva|move: Stealth Rock\n|move|p1a: Toxapex|Toxic|p2a: Ting-Lu\n|-status|p2a: Ting-Lu|tox\n|\n|-damage|p2a: Ting-Lu|94\/100 tox|[from] psn\n|upkeep\n|turn|18\n|\n|t:|1700255008\n|move|p2a: Ting-Lu|Spikes|p1a: Toxapex\n|-sidestart|p1: jarioceva|Spikes\n|move|p1a: Toxapex|Surf|p2a: Ting-Lu\n|-supereffective|p2a: Ting-Lu\n|-damage|p2a: Ting-Lu|80\/100 tox\n|\n|-heal|p2a: Ting-Lu|86\/100 tox|[from] item: Leftovers\n|-damage|p2a: Ting-Lu|74\/100 tox|[from] psn\n|upkeep\n|turn|19\n|\n|t:|1700255014\n|move|p2a: Ting-Lu|Spikes|p1a: Toxapex\n|-sidestart|p1: jarioceva|Spikes\n|move|p1a: Toxapex|Surf|p2a: Ting-Lu\n|-supereffective|p2a: Ting-Lu\n|-damage|p2a: Ting-Lu|59\/100 tox\n|\n|-heal|p2a: Ting-Lu|65\/100 tox|[from] item: Leftovers\n|-damage|p2a: Ting-Lu|47\/100 tox|[from] psn\n|upkeep\n|turn|20\n|\n|t:|1700255017\n|move|p2a: Ting-Lu|Earthquake|p1a: Toxapex\n|-supereffective|p1a: Toxapex\n|-damage|p1a: Toxapex|38\/100\n|move|p1a: Toxapex|Surf|p2a: Ting-Lu\n|-supereffective|p2a: Ting-Lu\n|-damage|p2a: Ting-Lu|31\/100 tox\n|\n|-heal|p2a: Ting-Lu|37\/100 tox|[from] item: Leftovers\n|-damage|p2a: Ting-Lu|13\/100 tox|[from] psn\n|upkeep\n|turn|21\n|\n|t:|1700255021\n|move|p2a: Ting-Lu|Earthquake|p1a: Toxapex\n|-supereffective|p1a: Toxapex\n|-damage|p1a: Toxapex|0 fnt\n|faint|p1a: Toxapex\n|\n|-heal|p2a: Ting-Lu|19\/100 tox|[from] item: Leftovers\n|-damage|p2a: Ting-Lu|0 fnt|[from] psn\n|faint|p2a: Ting-Lu\n|upkeep\n|\n|t:|1700255033\n|switch|p2a: Greninja|Greninja, M|100\/100\n|switch|p1a: Clodsire|Clodsire, M|72\/100\n|-damage|p1a: Clodsire|65\/100|[from] Stealth Rock\n|-damage|p1a: Clodsire|49\/100|[from] Spikes\n|turn|22\n|\n|t:|1700255048\n|move|p2a: Greninja|Ice Beam|p1a: Clodsire\n|-start|p2a: Greninja|typechange|Ice|[from] ability: Protean\n|-supereffective|p1a: Clodsire\n|-damage|p1a: Clodsire|0 fnt\n|faint|p1a: Clodsire\n|\n|upkeep\n|\n|t:|1700255052\n|switch|p1a: Sneasler|Sneasler, M|100\/100\n|-damage|p1a: Sneasler|95\/100|[from] Stealth Rock\n|-damage|p1a: Sneasler|78\/100|[from] Spikes\n|turn|23\n|\n|t:|1700255057\n|-terastallize|p1a: Sneasler|Flying\n|move|p2a: Greninja|Ice Beam|p1a: Sneasler\n|-supereffective|p1a: Sneasler\n|-damage|p1a: Sneasler|0 fnt\n|faint|p1a: Sneasler\n|\n|win|HawluchaTaquero\n","uploadtime":1700255064,"views":4,"p1id":"jarioceva","p2id":"hawluchataquero","formatid":"gen9ubers","rating":0,"private":0,"password":""}