{"id":"gen9ubers-1970552253","p1":"1P1o1s1h1e1","p2":"VloneVictini","format":"[Gen 9] Ubers","log":"|j|\u26061P1o1s1h1e1\n|j|\u2606VloneVictini\n|t:|1697647770\n|gametype|singles\n|player|p1|1P1o1s1h1e1|hooligans|\n|player|p2|VloneVictini|102|\n|teamsize|p1|6\n|teamsize|p2|6\n|gen|9\n|tier|[Gen 9] Ubers\n|rule|Sleep Clause Mod: Limit one foe put to sleep\n|rule|Species Clause: Limit one of each Pok\u00e9mon\n|rule|OHKO Clause: OHKO moves are banned\n|rule|Evasion Items Clause: Evasion items are banned\n|rule|Evasion Moves Clause: Evasion moves are banned\n|rule|Endless Battle Clause: Forcing endless battles is banned\n|rule|HP Percentage Mod: HP is shown in percentages\n|clearpoke\n|poke|p1|Wo-Chien|\n|poke|p1|Arceus-Poison|\n|poke|p1|Magearna|\n|poke|p1|Ursaluna-Bloodmoon, M|\n|poke|p1|Sneasler, F|\n|poke|p1|Dialga|\n|poke|p2|Scream Tail|\n|poke|p2|Gholdengo|\n|poke|p2|Rillaboom, F|\n|poke|p2|Ursaluna-Bloodmoon, M|\n|poke|p2|Klefki, F|\n|poke|p2|Quaquaval, M|\n|teampreview\n|c|\u26061P1o1s1h1e1|the gang lol\n|c|\u2606VloneVictini|cooking up something better\n|c|\u2606VloneVictini|but thisll do for now\n|c|\u2606VloneVictini|glhf\n|\n|t:|1697647800\n|start\n|switch|p1a: Sneasler|Sneasler, F|100\/100\n|switch|p2a: Klefki|Klefki, F|100\/100\n|turn|1\n|\n|t:|1697647807\n|move|p2a: Klefki|Switcheroo|p1a: Sneasler\n|-activate|p2a: Klefki|move: Trick|[of] p1a: Sneasler\n|-item|p1a: Sneasler|Lagging Tail|[from] move: Switcheroo\n|-item|p2a: Klefki|Choice Scarf|[from] move: Switcheroo\n|move|p1a: Sneasler|Switcheroo|p2a: Klefki\n|-activate|p1a: Sneasler|move: Trick|[of] p2a: Klefki\n|-item|p2a: Klefki|Lagging Tail|[from] move: Switcheroo\n|-item|p1a: Sneasler|Choice Scarf|[from] move: Switcheroo\n|\n|upkeep\n|turn|2\n|c|\u2606VloneVictini|lol\n|c|\u26061P1o1s1h1e1|lmao\n|\n|t:|1697647822\n|move|p2a: Klefki|Spikes|p1a: Sneasler\n|-sidestart|p1: 1P1o1s1h1e1|Spikes\n|move|p1a: Sneasler|Close Combat|p2a: Klefki\n|-damage|p2a: Klefki|45\/100\n|-unboost|p1a: Sneasler|def|1\n|-unboost|p1a: Sneasler|spd|1\n|\n|upkeep\n|turn|3\n|\n|t:|1697647828\n|move|p2a: Klefki|Thunder Wave|p1a: Sneasler\n|-status|p1a: Sneasler|par\n|move|p1a: Sneasler|Close Combat|p2a: Klefki\n|-damage|p2a: Klefki|0 fnt\n|-unboost|p1a: Sneasler|def|1\n|-unboost|p1a: Sneasler|spd|1\n|faint|p2a: Klefki\n|\n|upkeep\n|\n|t:|1697647848\n|switch|p2a: Quaquaval|Quaquaval, M|100\/100\n|turn|4\n|\n|t:|1697647853\n|switch|p1a: Arceus|Arceus-Poison|100\/100\n|-damage|p1a: Arceus|88\/100|[from] Spikes\n|move|p2a: Quaquaval|Aqua Step|p1a: Arceus\n|-damage|p1a: Arceus|66\/100\n|-boost|p2a: Quaquaval|spe|1\n|\n|upkeep\n|turn|5\n|\n|t:|1697647862\n|switch|p2a: Gholdengo|Gholdengo|100\/100\n|move|p1a: Arceus|Will-O-Wisp|p2a: Gholdengo\n|-immune|p2a: Gholdengo|[from] ability: Good as Gold\n|\n|upkeep\n|turn|6\n|\n|t:|1697647874\n|switch|p1a: Wo-Chien|Wo-Chien|100\/100\n|-damage|p1a: Wo-Chien|88\/100|[from] Spikes\n|-ability|p1a: Wo-Chien|Tablets of Ruin\n|switch|p2a: Rillaboom|Rillaboom, F|100\/100\n|-fieldstart|move: Grassy Terrain|[from] ability: Grassy Surge|[of] p2a: Rillaboom\n|\n|-heal|p1a: Wo-Chien|94\/100|[from] Grassy Terrain\n|-heal|p1a: Wo-Chien|100\/100|[from] item: Leftovers\n|upkeep\n|turn|7\n|\n|t:|1697647881\n|move|p1a: Wo-Chien|Protect|p1a: Wo-Chien\n|-singleturn|p1a: Wo-Chien|Protect\n|move|p2a: Rillaboom|Swords Dance|p2a: Rillaboom\n|-boost|p2a: Rillaboom|atk|2\n|\n|upkeep\n|turn|8\n|c|\u26061P1o1s1h1e1|oh shizzay\n|\n|t:|1697647895\n|switch|p1a: Dialga|Dialga|100\/100\n|-damage|p1a: Dialga|88\/100|[from] Spikes\n|-ability|p1a: Dialga|Pressure\n|move|p2a: Rillaboom|U-turn|p1a: Dialga\n|-resisted|p1a: Dialga\n|-damage|p1a: Dialga|75\/100\n|\n|t:|1697647925\n|switch|p2a: Ursaluna|Ursaluna-Bloodmoon, M|100\/100|[from] U-turn\n|\n|-heal|p1a: Dialga|81\/100|[from] Grassy Terrain\n|-heal|p1a: Dialga|87\/100|[from] item: Leftovers\n|upkeep\n|turn|9\n|\n|t:|1697647935\n|move|p2a: Ursaluna|Calm Mind|p2a: Ursaluna\n|-boost|p2a: Ursaluna|spa|1\n|-boost|p2a: Ursaluna|spd|1\n|move|p1a: Dialga|Roar|p2a: Ursaluna\n|drag|p2a: Scream Tail|Scream Tail|100\/100\n|\n|-heal|p1a: Dialga|93\/100|[from] Grassy Terrain\n|-heal|p1a: Dialga|99\/100|[from] item: Leftovers\n|upkeep\n|turn|10\n|\n|t:|1697647942\n|move|p2a: Scream Tail|Encore|p1a: Dialga\n|-start|p1a: Dialga|Encore\n|move|p1a: Dialga|Roar|p2a: Scream Tail\n|-end|p2a: Scream Tail|Protosynthesis|[silent]\n|drag|p2a: Rillaboom|Rillaboom, F|100\/100\n|\n|-heal|p1a: Dialga|100\/100|[from] Grassy Terrain\n|upkeep\n|turn|11\n|\n|t:|1697647945\n|move|p2a: Rillaboom|Knock Off|p1a: Dialga\n|-damage|p1a: Dialga|80\/100\n|-enditem|p1a: Dialga|Leftovers|[from] move: Knock Off|[of] p2a: Rillaboom\n|move|p1a: Dialga|Roar|p2a: Rillaboom\n|drag|p2a: Scream Tail|Scream Tail|100\/100\n|\n|-heal|p1a: Dialga|86\/100|[from] Grassy Terrain\n|upkeep\n|turn|12\n|\n|t:|1697647956\n|switch|p1a: Magearna|Magearna|100\/100\n|-damage|p1a: Magearna|88\/100|[from] Spikes\n|move|p2a: Scream Tail|Protect||[still]\n|-fail|p2a: Scream Tail\n|\n|-heal|p1a: Magearna|94\/100|[from] Grassy Terrain\n|-heal|p1a: Magearna|99\/100|[from] item: Leftovers\n|upkeep\n|turn|13\n|\n|t:|1697647992\n|move|p2a: Scream Tail|Wish|p2a: Scream Tail\n|move|p1a: Magearna|Spikes|p2a: Scream Tail\n|-sidestart|p2: VloneVictini|Spikes\n|\n|-heal|p1a: Magearna|100\/100|[from] Grassy Terrain\n|-fieldend|move: Grassy Terrain\n|upkeep\n|turn|14\n|\n|t:|1697648002\n|move|p2a: Scream Tail|Encore|p1a: Magearna\n|-start|p1a: Magearna|Encore\n|move|p1a: Magearna|Spikes|p2a: Scream Tail\n|-sidestart|p2: VloneVictini|Spikes\n|\n|upkeep\n|turn|15\n|\n|t:|1697648010\n|-end|p2a: Scream Tail|Protosynthesis|[silent]\n|switch|p2a: Quaquaval|Quaquaval, M|100\/100\n|switch|p1a: Dialga|Dialga|86\/100\n|-damage|p1a: Dialga|74\/100|[from] Spikes\n|-ability|p1a: Dialga|Pressure\n|\n|upkeep\n|turn|16\n|\n|t:|1697648019\n|-terastallize|p1a: Dialga|Water\n|move|p2a: Quaquaval|Rapid Spin|p1a: Dialga\n|-damage|p1a: Dialga|65\/100\n|-boost|p2a: Quaquaval|spe|1\n|-sideend|p2: VloneVictini|Spikes|[from] move: Rapid Spin|[of] p2a: Quaquaval\n|move|p1a: Dialga|Draco Meteor|p2a: Quaquaval|[miss]\n|-miss|p1a: Dialga|p2a: Quaquaval\n|\n|upkeep\n|turn|17\n|c|\u26061P1o1s1h1e1|damn\n|\n|t:|1697648042\n|switch|p2a: Scream Tail|Scream Tail|100\/100\n|move|p1a: Dialga|Stealth Rock|p2a: Scream Tail\n|-sidestart|p2: VloneVictini|move: Stealth Rock\n|\n|upkeep\n|turn|18\n|\n|t:|1697648057\n|switch|p1a: Wo-Chien|Wo-Chien|100\/100\n|-damage|p1a: Wo-Chien|88\/100|[from] Spikes\n|-ability|p1a: Wo-Chien|Tablets of Ruin\n|move|p2a: Scream Tail|Wish|p2a: Scream Tail\n|\n|-heal|p1a: Wo-Chien|94\/100|[from] item: Leftovers\n|upkeep\n|turn|19\n|\n|t:|1697648083\n|-end|p2a: Scream Tail|Protosynthesis|[silent]\n|switch|p2a: Rillaboom|Rillaboom, F|100\/100\n|-damage|p2a: Rillaboom|88\/100|[from] Stealth Rock\n|-fieldstart|move: Grassy Terrain|[from] ability: Grassy Surge|[of] p2a: Rillaboom\n|move|p1a: Wo-Chien|Knock Off|p2a: Rillaboom\n|-damage|p2a: Rillaboom|54\/100\n|-enditem|p2a: Rillaboom|Terrain Extender|[from] move: Knock Off|[of] p1a: Wo-Chien\n|\n|-heal|p2a: Rillaboom|100\/100|[from] move: Wish|[wisher] Scream Tail\n|-heal|p1a: Wo-Chien|100\/100|[from] Grassy Terrain\n|upkeep\n|turn|20\n|\n|t:|1697648097\n|switch|p1a: Arceus|Arceus-Poison|66\/100\n|-damage|p1a: Arceus|53\/100|[from] Spikes\n|move|p2a: Rillaboom|Swords Dance|p2a: Rillaboom\n|-boost|p2a: Rillaboom|atk|2\n|\n|-heal|p1a: Arceus|60\/100|[from] Grassy Terrain\n|upkeep\n|turn|21\n|\n|t:|1697648107\n|switch|p2a: Gholdengo|Gholdengo|100\/100\n|-damage|p2a: Gholdengo|94\/100|[from] Stealth Rock\n|move|p1a: Arceus|Will-O-Wisp|p2a: Gholdengo\n|-immune|p2a: Gholdengo|[from] ability: Good as Gold\n|\n|-heal|p1a: Arceus|66\/100|[from] Grassy Terrain\n|-heal|p2a: Gholdengo|100\/100|[from] Grassy Terrain\n|upkeep\n|turn|22\n|\n|t:|1697648121\n|move|p1a: Arceus|Recover|p1a: Arceus\n|-heal|p1a: Arceus|100\/100\n|move|p2a: Gholdengo|Thunder Wave|p1a: Arceus\n|-status|p1a: Arceus|par\n|\n|upkeep\n|turn|23\n|\n|t:|1697648148\n|switch|p2a: Ursaluna|Ursaluna-Bloodmoon, M|100\/100\n|-damage|p2a: Ursaluna|94\/100|[from] Stealth Rock\n|switch|p1a: Ursaluna|Ursaluna-Bloodmoon, M|100\/100\n|-damage|p1a: Ursaluna|88\/100|[from] Spikes\n|\n|-heal|p2a: Ursaluna|100\/100|[from] Grassy Terrain\n|-heal|p1a: Ursaluna|94\/100|[from] Grassy Terrain\n|-heal|p1a: Ursaluna|99\/100|[from] item: Leftovers\n|upkeep\n|turn|24\n|\n|t:|1697648175\n|switch|p2a: Scream Tail|Scream Tail|100\/100\n|-damage|p2a: Scream Tail|88\/100|[from] Stealth Rock\n|move|p1a: Ursaluna|Calm Mind|p1a: Ursaluna\n|-boost|p1a: Ursaluna|spa|1\n|-boost|p1a: Ursaluna|spd|1\n|\n|-heal|p2a: Scream Tail|94\/100|[from] Grassy Terrain\n|-heal|p2a: Scream Tail|100\/100|[from] item: Leftovers\n|-heal|p1a: Ursaluna|100\/100|[from] Grassy Terrain\n|upkeep\n|turn|25\n|\n|t:|1697648185\n|move|p2a: Scream Tail|Encore|p1a: Ursaluna\n|-start|p1a: Ursaluna|Encore\n|move|p1a: Ursaluna|Calm Mind|p1a: Ursaluna\n|-boost|p1a: Ursaluna|spa|1\n|-boost|p1a: Ursaluna|spd|1\n|\n|upkeep\n|turn|26\n|\n|t:|1697648195\n|-end|p2a: Scream Tail|Protosynthesis|[silent]\n|switch|p2a: Quaquaval|Quaquaval, M|100\/100\n|switch|p1a: Arceus|Arceus-Poison|100\/100 par\n|-damage|p1a: Arceus|88\/100 par|[from] Spikes\n|\n|-heal|p1a: Arceus|94\/100 par|[from] Grassy Terrain\n|-fieldend|move: Grassy Terrain\n|upkeep\n|turn|27\n|\n|t:|1697648213\n|switch|p2a: Ursaluna|Ursaluna-Bloodmoon, M|100\/100\n|-damage|p2a: Ursaluna|94\/100|[from] Stealth Rock\n|cant|p1a: Arceus|par\n|\n|-heal|p2a: Ursaluna|100\/100|[from] item: Leftovers\n|upkeep\n|turn|28\n|\n|t:|1697648218\n|move|p1a: Arceus|Taunt|p2a: Ursaluna\n|-start|p2a: Ursaluna|move: Taunt\n|move|p2a: Ursaluna|Earth Power|p1a: Arceus\n|-supereffective|p1a: Arceus\n|-damage|p1a: Arceus|41\/100 par\n|\n|upkeep\n|turn|29\n|\n|t:|1697648225\n|switch|p1a: Ursaluna|Ursaluna-Bloodmoon, M|100\/100\n|-damage|p1a: Ursaluna|88\/100|[from] Spikes\n|move|p2a: Ursaluna|Blood Moon|p1a: Ursaluna\n|-damage|p1a: Ursaluna|43\/100\n|\n|-heal|p1a: Ursaluna|49\/100|[from] item: Leftovers\n|upkeep\n|turn|30\n|\n|t:|1697648232\n|switch|p2a: Scream Tail|Scream Tail|100\/100\n|-damage|p2a: Scream Tail|88\/100|[from] Stealth Rock\n|move|p1a: Ursaluna|Moonlight|p1a: Ursaluna\n|-heal|p1a: Ursaluna|99\/100\n|\n|-heal|p2a: Scream Tail|94\/100|[from] item: Leftovers\n|-heal|p1a: Ursaluna|100\/100|[from] item: Leftovers\n|upkeep\n|turn|31\n|\n|t:|1697648242\n|-end|p2a: Scream Tail|Protosynthesis|[silent]\n|switch|p2a: Ursaluna|Ursaluna-Bloodmoon, M|100\/100\n|-damage|p2a: Ursaluna|94\/100|[from] Stealth Rock\n|switch|p1a: Magearna|Magearna|100\/100\n|-damage|p1a: Magearna|88\/100|[from] Spikes\n|\n|-heal|p1a: Magearna|94\/100|[from] item: Leftovers\n|-heal|p2a: Ursaluna|100\/100|[from] item: Leftovers\n|upkeep\n|turn|32\n|\n|t:|1697648249\n|switch|p1a: Ursaluna|Ursaluna-Bloodmoon, M|100\/100\n|-damage|p1a: Ursaluna|88\/100|[from] Spikes\n|move|p2a: Ursaluna|Calm Mind|p2a: Ursaluna\n|-boost|p2a: Ursaluna|spa|1\n|-boost|p2a: Ursaluna|spd|1\n|\n|-heal|p1a: Ursaluna|94\/100|[from] item: Leftovers\n|upkeep\n|turn|33\n|\n|t:|1697648253\n|move|p2a: Ursaluna|Blood Moon|p1a: Ursaluna\n|-damage|p1a: Ursaluna|24\/100\n|move|p1a: Ursaluna|Roar|p2a: Ursaluna\n|drag|p2a: Rillaboom|Rillaboom, F|100\/100\n|-damage|p2a: Rillaboom|88\/100|[from] Stealth Rock\n|-fieldstart|move: Grassy Terrain|[from] ability: Grassy Surge|[of] p2a: Rillaboom\n|\n|-heal|p2a: Rillaboom|94\/100|[from] Grassy Terrain\n|-heal|p1a: Ursaluna|30\/100|[from] Grassy Terrain\n|-heal|p1a: Ursaluna|36\/100|[from] item: Leftovers\n|upkeep\n|turn|34\n|\n|t:|1697648271\n|move|p2a: Rillaboom|U-turn|p1a: Ursaluna\n|-damage|p1a: Ursaluna|17\/100\n|c|\u2606VloneVictini|fuck\n|c|\u26061P1o1s1h1e1|lol\n|c|\u2606VloneVictini|I'm bad\n|\n|t:|1697648285\n|switch|p2a: Quaquaval|Quaquaval, M|100\/100|[from] U-turn\n|move|p1a: Ursaluna|Moonlight|p1a: Ursaluna\n|-heal|p1a: Ursaluna|67\/100\n|\n|-heal|p1a: Ursaluna|73\/100|[from] Grassy Terrain\n|-heal|p1a: Ursaluna|79\/100|[from] item: Leftovers\n|upkeep\n|turn|35\n|\n|t:|1697648305\n|move|p2a: Quaquaval|Rapid Spin|p1a: Ursaluna\n|-crit|p1a: Ursaluna\n|-damage|p1a: Ursaluna|63\/100\n|-boost|p2a: Quaquaval|spe|1\n|-sideend|p2: VloneVictini|Stealth Rock|[from] move: Rapid Spin|[of] p2a: Quaquaval\n|move|p1a: Ursaluna|Hyper Voice|p2a: Quaquaval\n|-damage|p2a: Quaquaval|43\/100\n|\n|-heal|p2a: Quaquaval|49\/100|[from] Grassy Terrain\n|-heal|p1a: Ursaluna|69\/100|[from] Grassy Terrain\n|-heal|p1a: Ursaluna|75\/100|[from] item: Leftovers\n|upkeep\n|turn|36\n|\n|t:|1697648322\n|switch|p1a: Arceus|Arceus-Poison|41\/100 par\n|-damage|p1a: Arceus|29\/100 par|[from] Spikes\n|move|p2a: Quaquaval|Close Combat|p1a: Arceus\n|-resisted|p1a: Arceus\n|-damage|p1a: Arceus|12\/100 par\n|-unboost|p2a: Quaquaval|def|1\n|-unboost|p2a: Quaquaval|spd|1\n|\n|-heal|p2a: Quaquaval|55\/100|[from] Grassy Terrain\n|-heal|p1a: Arceus|19\/100 par|[from] Grassy Terrain\n|upkeep\n|turn|37\n|\n|t:|1697648340\n|move|p2a: Quaquaval|Aqua Step|p1a: Arceus\n|-damage|p1a: Arceus|0 fnt\n|-boost|p2a: Quaquaval|spe|1\n|faint|p1a: Arceus\n|-ability|p2a: Quaquaval|Moxie|boost\n|-boost|p2a: Quaquaval|atk|1\n|\n|-heal|p2a: Quaquaval|61\/100|[from] Grassy Terrain\n|-fieldend|move: Grassy Terrain\n|upkeep\n|\n|t:|1697648348\n|switch|p1a: Dialga|Dialga, tera:Water|65\/100\n|-damage|p1a: Dialga|52\/100|[from] Spikes\n|-ability|p1a: Dialga|Pressure\n|turn|38\n|c|\u26061P1o1s1h1e1|man missing that drake really fucked me\n|\n|t:|1697648408\n|switch|p2a: Scream Tail|Scream Tail|94\/100\n|move|p1a: Dialga|Roar|p2a: Scream Tail\n|-end|p2a: Scream Tail|Protosynthesis|[silent]\n|drag|p2a: Gholdengo|Gholdengo|100\/100\n|\n|upkeep\n|turn|39\n|c|\u26061P1o1s1h1e1|qua does a number on this team\n|\n|t:|1697648417\n|switch|p2a: Rillaboom|Rillaboom, F|94\/100\n|-fieldstart|move: Grassy Terrain|[from] ability: Grassy Surge|[of] p2a: Rillaboom\n|move|p1a: Dialga|Stealth Rock|p2a: Rillaboom\n|-sidestart|p2: VloneVictini|move: Stealth Rock\n|\n|-heal|p2a: Rillaboom|100\/100|[from] Grassy Terrain\n|-heal|p1a: Dialga|59\/100|[from] Grassy Terrain\n|upkeep\n|turn|40\n|\n|t:|1697648430\n|switch|p1a: Magearna|Magearna|94\/100\n|-damage|p1a: Magearna|82\/100|[from] Spikes\n|move|p2a: Rillaboom|Grassy Glide|p1a: Magearna\n|-resisted|p1a: Magearna\n|-damage|p1a: Magearna|64\/100\n|\n|-heal|p1a: Magearna|70\/100|[from] Grassy Terrain\n|-heal|p1a: Magearna|76\/100|[from] item: Leftovers\n|upkeep\n|turn|41\n|\n|t:|1697648436\n|move|p2a: Rillaboom|U-turn|p1a: Magearna\n|-resisted|p1a: Magearna\n|-damage|p1a: Magearna|71\/100\n|\n|t:|1697648442\n|switch|p2a: Scream Tail|Scream Tail|94\/100|[from] U-turn\n|-damage|p2a: Scream Tail|82\/100|[from] Stealth Rock\n|move|p1a: Magearna|Thunder Wave|p2a: Scream Tail\n|-status|p2a: Scream Tail|par\n|\n|-heal|p1a: Magearna|77\/100|[from] Grassy Terrain\n|-heal|p1a: Magearna|83\/100|[from] item: Leftovers\n|-heal|p2a: Scream Tail|88\/100 par|[from] Grassy Terrain\n|-heal|p2a: Scream Tail|94\/100 par|[from] item: Leftovers\n|upkeep\n|turn|42\n|\n|t:|1697648462\n|move|p2a: Scream Tail|Protect|p2a: Scream Tail\n|-singleturn|p2a: Scream Tail|Protect\n|move|p1a: Magearna|Draining Kiss|p2a: Scream Tail\n|-activate|p2a: Scream Tail|move: Protect\n|\n|-heal|p1a: Magearna|89\/100|[from] Grassy Terrain\n|-heal|p1a: Magearna|95\/100|[from] item: Leftovers\n|-heal|p2a: Scream Tail|100\/100 par|[from] Grassy Terrain\n|upkeep\n|turn|43\n|\n|t:|1697648474\n|-end|p2a: Scream Tail|Protosynthesis|[silent]\n|switch|p2a: Gholdengo|Gholdengo|100\/100\n|-damage|p2a: Gholdengo|94\/100|[from] Stealth Rock\n|move|p1a: Magearna|Spikes|p2a: Gholdengo\n|-sidestart|p2: VloneVictini|Spikes\n|\n|-heal|p2a: Gholdengo|100\/100|[from] Grassy Terrain\n|-heal|p1a: Magearna|100\/100|[from] Grassy Terrain\n|-fieldend|move: Grassy Terrain\n|upkeep\n|turn|44\n|\n|t:|1697648487\n|switch|p2a: Ursaluna|Ursaluna-Bloodmoon, M|100\/100\n|-damage|p2a: Ursaluna|94\/100|[from] Stealth Rock\n|-damage|p2a: Ursaluna|82\/100|[from] Spikes\n|move|p1a: Magearna|Volt Switch|p2a: Ursaluna\n|-immune|p2a: Ursaluna\n|\n|-heal|p2a: Ursaluna|88\/100|[from] item: Leftovers\n|upkeep\n|turn|45\n|\n|t:|1697648500\n|switch|p1a: Wo-Chien|Wo-Chien|100\/100\n|-damage|p1a: Wo-Chien|88\/100|[from] Spikes\n|-ability|p1a: Wo-Chien|Tablets of Ruin\n|move|p2a: Ursaluna|Calm Mind|p2a: Ursaluna\n|-boost|p2a: Ursaluna|spa|1\n|-boost|p2a: Ursaluna|spd|1\n|\n|-heal|p1a: Wo-Chien|94\/100|[from] item: Leftovers\n|-heal|p2a: Ursaluna|94\/100|[from] item: Leftovers\n|upkeep\n|turn|46\n|\n|t:|1697648517\n|move|p1a: Wo-Chien|Leech Seed|p2a: Ursaluna\n|-start|p2a: Ursaluna|move: Leech Seed\n|move|p2a: Ursaluna|Calm Mind|p2a: Ursaluna\n|-boost|p2a: Ursaluna|spa|1\n|-boost|p2a: Ursaluna|spd|1\n|\n|-heal|p1a: Wo-Chien|100\/100|[from] item: Leftovers\n|-heal|p2a: Ursaluna|99\/100|[from] item: Leftovers\n|-damage|p2a: Ursaluna|88\/100|[from] Leech Seed|[of] p1a: Wo-Chien\n|upkeep\n|turn|47\n|\n|t:|1697648522\n|move|p1a: Wo-Chien|Substitute|p1a: Wo-Chien\n|-start|p1a: Wo-Chien|Substitute\n|-damage|p1a: Wo-Chien|76\/100\n|move|p2a: Ursaluna|Blood Moon|p1a: Wo-Chien\n|-end|p1a: Wo-Chien|Substitute\n|\n|-heal|p1a: Wo-Chien|82\/100|[from] item: Leftovers\n|-heal|p2a: Ursaluna|94\/100|[from] item: Leftovers\n|-damage|p2a: Ursaluna|82\/100|[from] Leech Seed|[of] p1a: Wo-Chien\n|-heal|p1a: Wo-Chien|96\/100|[silent]\n|upkeep\n|turn|48\n|\n|t:|1697648533\n|switch|p2a: Quaquaval|Quaquaval, M|61\/100\n|move|p1a: Wo-Chien|Knock Off|p2a: Quaquaval\n|-resisted|p2a: Quaquaval\n|-damage|p2a: Quaquaval|42\/100\n|-enditem|p2a: Quaquaval|Heavy-Duty Boots|[from] move: Knock Off|[of] p1a: Wo-Chien\n|\n|-heal|p1a: Wo-Chien|100\/100|[from] item: Leftovers\n|upkeep\n|turn|49\n|c|\u26061P1o1s1h1e1|bless to woch\n|\n|t:|1697648555\n|move|p2a: Quaquaval|Knock Off|p1a: Wo-Chien\n|-resisted|p1a: Wo-Chien\n|-damage|p1a: Wo-Chien|90\/100\n|-enditem|p1a: Wo-Chien|Leftovers|[from] move: Knock Off|[of] p2a: Quaquaval\n|move|p1a: Wo-Chien|Leech Seed|p2a: Quaquaval\n|-start|p2a: Quaquaval|move: Leech Seed\n|\n|-damage|p2a: Quaquaval|29\/100|[from] Leech Seed|[of] p1a: Wo-Chien\n|-heal|p1a: Wo-Chien|99\/100|[silent]\n|upkeep\n|turn|50\n|\n|t:|1697648564\n|switch|p2a: Rillaboom|Rillaboom, F|100\/100\n|-damage|p2a: Rillaboom|88\/100|[from] Stealth Rock\n|-damage|p2a: Rillaboom|76\/100|[from] Spikes\n|-fieldstart|move: Grassy Terrain|[from] ability: Grassy Surge|[of] p2a: Rillaboom\n|move|p1a: Wo-Chien|Protect||[still]\n|-fail|p1a: Wo-Chien\n|\n|-heal|p2a: Rillaboom|82\/100|[from] Grassy Terrain\n|-heal|p1a: Wo-Chien|100\/100|[from] Grassy Terrain\n|upkeep\n|turn|51\n|\n|t:|1697648573\n|switch|p1a: Magearna|Magearna|100\/100\n|-damage|p1a: Magearna|88\/100|[from] Spikes\n|move|p2a: Rillaboom|Knock Off|p1a: Magearna\n|-resisted|p1a: Magearna\n|-damage|p1a: Magearna|73\/100\n|-enditem|p1a: Magearna|Leftovers|[from] move: Knock Off|[of] p2a: Rillaboom\n|\n|-heal|p2a: Rillaboom|88\/100|[from] Grassy Terrain\n|-heal|p1a: Magearna|79\/100|[from] Grassy Terrain\n|upkeep\n|turn|52\n|\n|t:|1697648580\n|move|p2a: Rillaboom|U-turn|p1a: Magearna\n|-resisted|p1a: Magearna\n|-damage|p1a: Magearna|74\/100\n|\n|t:|1697648588\n|switch|p2a: Ursaluna|Ursaluna-Bloodmoon, M|82\/100|[from] U-turn\n|-damage|p2a: Ursaluna|76\/100|[from] Stealth Rock\n|-damage|p2a: Ursaluna|63\/100|[from] Spikes\n|move|p1a: Magearna|Thunder Wave|p2a: Ursaluna\n|-immune|p2a: Ursaluna\n|\n|-heal|p1a: Magearna|80\/100|[from] Grassy Terrain\n|-heal|p2a: Ursaluna|69\/100|[from] Grassy Terrain\n|-heal|p2a: Ursaluna|75\/100|[from] item: Leftovers\n|upkeep\n|turn|53\n|\n|t:|1697648596\n|switch|p1a: Wo-Chien|Wo-Chien|100\/100\n|-damage|p1a: Wo-Chien|88\/100|[from] Spikes\n|-ability|p1a: Wo-Chien|Tablets of Ruin\n|move|p2a: Ursaluna|Blood Moon|p1a: Wo-Chien\n|-damage|p1a: Wo-Chien|57\/100\n|\n|-heal|p1a: Wo-Chien|63\/100|[from] Grassy Terrain\n|-heal|p2a: Ursaluna|81\/100|[from] Grassy Terrain\n|-heal|p2a: Ursaluna|87\/100|[from] item: Leftovers\n|upkeep\n|turn|54\n|\n|t:|1697648611\n|switch|p2a: Rillaboom|Rillaboom, F|88\/100\n|-damage|p2a: Rillaboom|76\/100|[from] Stealth Rock\n|-damage|p2a: Rillaboom|64\/100|[from] Spikes\n|move|p1a: Wo-Chien|Substitute|p1a: Wo-Chien\n|-start|p1a: Wo-Chien|Substitute\n|-damage|p1a: Wo-Chien|38\/100\n|\n|-heal|p2a: Rillaboom|70\/100|[from] Grassy Terrain\n|-heal|p1a: Wo-Chien|44\/100|[from] Grassy Terrain\n|-fieldend|move: Grassy Terrain\n|upkeep\n|turn|55\n|\n|t:|1697648643\n|move|p2a: Rillaboom|Swords Dance|p2a: Rillaboom\n|-boost|p2a: Rillaboom|atk|2\n|move|p1a: Wo-Chien|Knock Off|p2a: Rillaboom\n|-damage|p2a: Rillaboom|47\/100\n|\n|upkeep\n|turn|56\n|\n|t:|1697648651\n|move|p2a: Rillaboom|U-turn|p1a: Wo-Chien\n|-supereffective|p1a: Wo-Chien\n|-end|p1a: Wo-Chien|Substitute\n|\n|t:|1697648654\n|switch|p2a: Gholdengo|Gholdengo|100\/100|[from] U-turn\n|-damage|p2a: Gholdengo|94\/100|[from] Stealth Rock\n|-damage|p2a: Gholdengo|82\/100|[from] Spikes\n|move|p1a: Wo-Chien|Knock Off|p2a: Gholdengo\n|-supereffective|p2a: Gholdengo\n|-damage|p2a: Gholdengo|43\/100\n|-enditem|p2a: Gholdengo|Leftovers|[from] move: Knock Off|[of] p1a: Wo-Chien\n|\n|upkeep\n|turn|57\n|\n|t:|1697648669\n|switch|p1a: Ursaluna|Ursaluna-Bloodmoon, M|75\/100\n|-damage|p1a: Ursaluna|63\/100|[from] Spikes\n|move|p2a: Gholdengo|Recover|p2a: Gholdengo\n|-heal|p2a: Gholdengo|93\/100\n|\n|-heal|p1a: Ursaluna|69\/100|[from] item: Leftovers\n|upkeep\n|turn|58\n|\n|t:|1697648677\n|switch|p2a: Scream Tail|Scream Tail|100\/100 par\n|-damage|p2a: Scream Tail|88\/100 par|[from] Stealth Rock\n|-damage|p2a: Scream Tail|76\/100 par|[from] Spikes\n|move|p1a: Ursaluna|Moonlight|p1a: Ursaluna\n|-heal|p1a: Ursaluna|100\/100\n|\n|-heal|p2a: Scream Tail|82\/100 par|[from] item: Leftovers\n|upkeep\n|turn|59\n|\n|t:|1697648679\n|move|p2a: Scream Tail|Encore|p1a: Ursaluna\n|-start|p1a: Ursaluna|Encore\n|move|p1a: Ursaluna|Moonlight|p1a: Ursaluna\n|-fail|p1a: Ursaluna|heal\n|\n|-heal|p2a: Scream Tail|88\/100 par|[from] item: Leftovers\n|upkeep\n|turn|60\n|c|\u26061P1o1s1h1e1|oops\n|c|\u26061P1o1s1h1e1|accidentally clicked twice lol\n|\n|t:|1697648692\n|switch|p1a: Magearna|Magearna|80\/100\n|-damage|p1a: Magearna|68\/100|[from] Spikes\n|-end|p2a: Scream Tail|Protosynthesis|[silent]\n|switch|p2a: Quaquaval|Quaquaval, M|29\/100\n|-damage|p2a: Quaquaval|23\/100|[from] Stealth Rock\n|-damage|p2a: Quaquaval|11\/100|[from] Spikes\n|\n|upkeep\n|turn|61\n|\n|t:|1697648717\n|move|p2a: Quaquaval|Rapid Spin|p1a: Magearna\n|-resisted|p1a: Magearna\n|-damage|p1a: Magearna|61\/100\n|-boost|p2a: Quaquaval|spe|1\n|-sideend|p2: VloneVictini|Spikes|[from] move: Rapid Spin|[of] p2a: Quaquaval\n|-sideend|p2: VloneVictini|Stealth Rock|[from] move: Rapid Spin|[of] p2a: Quaquaval\n|move|p1a: Magearna|Draining Kiss|p2a: Quaquaval\n|-supereffective|p2a: Quaquaval\n|-damage|p2a: Quaquaval|0 fnt\n|-heal|p1a: Magearna|68\/100|[from] drain|[of] p2a: Quaquaval\n|faint|p2a: Quaquaval\n|-ability|p1a: Magearna|Soul-Heart|boost\n|-boost|p1a: Magearna|spa|1\n|\n|upkeep\n|\n|t:|1697648723\n|switch|p2a: Ursaluna|Ursaluna-Bloodmoon, M|87\/100\n|turn|62\n|\n|t:|1697648733\n|move|p1a: Magearna|Draining Kiss|p2a: Ursaluna\n|-damage|p2a: Ursaluna|64\/100\n|-heal|p1a: Magearna|89\/100|[from] drain|[of] p2a: Ursaluna\n|move|p2a: Ursaluna|Calm Mind|p2a: Ursaluna\n|-boost|p2a: Ursaluna|spa|1\n|-boost|p2a: Ursaluna|spd|1\n|\n|-heal|p2a: Ursaluna|70\/100|[from] item: Leftovers\n|upkeep\n|turn|63\n|\n|t:|1697648745\n|move|p1a: Magearna|Draining Kiss|p2a: Ursaluna\n|-damage|p2a: Ursaluna|53\/100\n|-heal|p1a: Magearna|100\/100|[from] drain|[of] p2a: Ursaluna\n|move|p2a: Ursaluna|Earth Power|p1a: Magearna\n|-supereffective|p1a: Magearna\n|-damage|p1a: Magearna|24\/100\n|\n|-heal|p2a: Ursaluna|59\/100|[from] item: Leftovers\n|upkeep\n|turn|64\n|\n|t:|1697648750\n|move|p1a: Magearna|Draining Kiss|p2a: Ursaluna\n|-damage|p2a: Ursaluna|43\/100\n|-heal|p1a: Magearna|38\/100|[from] drain|[of] p2a: Ursaluna\n|move|p2a: Ursaluna|Blood Moon|p1a: Magearna\n|-resisted|p1a: Magearna\n|-damage|p1a: Magearna|11\/100\n|\n|-heal|p2a: Ursaluna|49\/100|[from] item: Leftovers\n|upkeep\n|turn|65\n|\n|t:|1697648755\n|move|p1a: Magearna|Draining Kiss|p2a: Ursaluna\n|-damage|p2a: Ursaluna|33\/100\n|-heal|p1a: Magearna|26\/100|[from] drain|[of] p2a: Ursaluna\n|move|p2a: Ursaluna|Earth Power|p1a: Magearna\n|-supereffective|p1a: Magearna\n|-damage|p1a: Magearna|0 fnt\n|faint|p1a: Magearna\n|\n|-heal|p2a: Ursaluna|39\/100|[from] item: Leftovers\n|upkeep\n|\n|t:|1697648757\n|switch|p1a: Sneasler|Sneasler, F|100\/100 par\n|-damage|p1a: Sneasler|88\/100 par|[from] Spikes\n|turn|66\n|\n|t:|1697648797\n|move|p1a: Sneasler|Close Combat|p2a: Ursaluna\n|-supereffective|p2a: Ursaluna\n|-crit|p2a: Ursaluna\n|-damage|p2a: Ursaluna|0 fnt\n|-unboost|p1a: Sneasler|def|1\n|-unboost|p1a: Sneasler|spd|1\n|faint|p2a: Ursaluna\n|\n|upkeep\n|\n|t:|1697648815\n|switch|p2a: Scream Tail|Scream Tail|88\/100 par\n|turn|67\n|\n|t:|1697648821\n|switch|p1a: Dialga|Dialga, tera:Water|59\/100\n|-damage|p1a: Dialga|46\/100|[from] Spikes\n|-ability|p1a: Dialga|Pressure\n|move|p2a: Scream Tail|Dazzling Gleam|p1a: Dialga\n|-damage|p1a: Dialga|30\/100\n|\n|-heal|p2a: Scream Tail|94\/100 par|[from] item: Leftovers\n|upkeep\n|turn|68\n|\n|t:|1697648831\n|move|p1a: Dialga|Stealth Rock|p2a: Scream Tail\n|-sidestart|p2: VloneVictini|move: Stealth Rock\n|move|p2a: Scream Tail|Wish|p2a: Scream Tail\n|\n|-heal|p2a: Scream Tail|100\/100 par|[from] item: Leftovers\n|upkeep\n|turn|69\n|\n|t:|1697648840\n|move|p2a: Scream Tail|Dazzling Gleam|p1a: Dialga\n|-damage|p1a: Dialga|15\/100\n|move|p1a: Dialga|Roar|p2a: Scream Tail\n|-end|p2a: Scream Tail|Protosynthesis|[silent]\n|drag|p2a: Gholdengo|Gholdengo|93\/100\n|-damage|p2a: Gholdengo|87\/100|[from] Stealth Rock\n|\n|-heal|p2a: Gholdengo|100\/100|[from] move: Wish|[wisher] Scream Tail\n|upkeep\n|turn|70\n|\n|t:|1697648849\n|switch|p2a: Scream Tail|Scream Tail|100\/100 par\n|-damage|p2a: Scream Tail|88\/100 par|[from] Stealth Rock\n|move|p1a: Dialga|Earth Power|p2a: Scream Tail\n|-damage|p2a: Scream Tail|67\/100 par\n|\n|-heal|p2a: Scream Tail|73\/100 par|[from] item: Leftovers\n|upkeep\n|turn|71\n|\n|t:|1697648861\n|switch|p1a: Wo-Chien|Wo-Chien|44\/100\n|-damage|p1a: Wo-Chien|32\/100|[from] Spikes\n|-ability|p1a: Wo-Chien|Tablets of Ruin\n|cant|p2a: Scream Tail|par\n|\n|-heal|p2a: Scream Tail|79\/100 par|[from] item: Leftovers\n|upkeep\n|turn|72\n|\n|t:|1697648875\n|switch|p1a: Sneasler|Sneasler, F|88\/100 par\n|-damage|p1a: Sneasler|76\/100 par|[from] Spikes\n|-end|p2a: Scream Tail|Protosynthesis|[silent]\n|switch|p2a: Rillaboom|Rillaboom, F|47\/100\n|-damage|p2a: Rillaboom|35\/100|[from] Stealth Rock\n|-fieldstart|move: Grassy Terrain|[from] ability: Grassy Surge|[of] p2a: Rillaboom\n|\n|-heal|p1a: Sneasler|82\/100 par|[from] Grassy Terrain\n|-heal|p2a: Rillaboom|41\/100|[from] Grassy Terrain\n|upkeep\n|turn|73\n|\n|t:|1697648887\n|switch|p2a: Gholdengo|Gholdengo|100\/100\n|-damage|p2a: Gholdengo|94\/100|[from] Stealth Rock\n|move|p1a: Sneasler|U-turn|p2a: Gholdengo\n|-resisted|p2a: Gholdengo\n|-damage|p2a: Gholdengo|90\/100\n|\n|t:|1697648894\n|switch|p1a: Ursaluna|Ursaluna-Bloodmoon, M|100\/100|[from] U-turn\n|-damage|p1a: Ursaluna|88\/100|[from] Spikes\n|\n|-heal|p2a: Gholdengo|97\/100|[from] Grassy Terrain\n|-heal|p1a: Ursaluna|94\/100|[from] Grassy Terrain\n|-heal|p1a: Ursaluna|99\/100|[from] item: Leftovers\n|upkeep\n|turn|74\n|\n|t:|1697648901\n|switch|p2a: Scream Tail|Scream Tail|79\/100 par\n|-damage|p2a: Scream Tail|67\/100 par|[from] Stealth Rock\n|move|p1a: Ursaluna|Roar|p2a: Scream Tail\n|-end|p2a: Scream Tail|Protosynthesis|[silent]\n|drag|p2a: Gholdengo|Gholdengo|97\/100\n|-damage|p2a: Gholdengo|90\/100|[from] Stealth Rock\n|\n|-heal|p2a: Gholdengo|97\/100|[from] Grassy Terrain\n|-heal|p1a: Ursaluna|100\/100|[from] Grassy Terrain\n|upkeep\n|turn|75\n|\n|t:|1697648911\n|switch|p2a: Scream Tail|Scream Tail|67\/100 par\n|-damage|p2a: Scream Tail|54\/100 par|[from] Stealth Rock\n|move|p1a: Ursaluna|Calm Mind|p1a: Ursaluna\n|-boost|p1a: Ursaluna|spa|1\n|-boost|p1a: Ursaluna|spd|1\n|\n|-heal|p2a: Scream Tail|60\/100 par|[from] Grassy Terrain\n|-heal|p2a: Scream Tail|67\/100 par|[from] item: Leftovers\n|upkeep\n|turn|76\n|\n|t:|1697648914\n|switch|p1a: Sneasler|Sneasler, F|82\/100 par\n|-damage|p1a: Sneasler|70\/100 par|[from] Spikes\n|cant|p2a: Scream Tail|par\n|\n|-heal|p1a: Sneasler|76\/100 par|[from] Grassy Terrain\n|-heal|p2a: Scream Tail|73\/100 par|[from] Grassy Terrain\n|-heal|p2a: Scream Tail|79\/100 par|[from] item: Leftovers\n|-fieldend|move: Grassy Terrain\n|upkeep\n|turn|77\n|\n|t:|1697648924\n|-end|p2a: Scream Tail|Protosynthesis|[silent]\n|switch|p2a: Gholdengo|Gholdengo|97\/100\n|-damage|p2a: Gholdengo|90\/100|[from] Stealth Rock\n|move|p1a: Sneasler|Switcheroo|p2a: Gholdengo\n|-immune|p2a: Gholdengo|[from] ability: Good as Gold\n|\n|upkeep\n|turn|78\n|\n|t:|1697648937\n|switch|p1a: Ursaluna|Ursaluna-Bloodmoon, M|100\/100\n|-damage|p1a: Ursaluna|88\/100|[from] Spikes\n|switch|p2a: Rillaboom|Rillaboom, F|41\/100\n|-damage|p2a: Rillaboom|29\/100|[from] Stealth Rock\n|-fieldstart|move: Grassy Terrain|[from] ability: Grassy Surge|[of] p2a: Rillaboom\n|\n|-heal|p2a: Rillaboom|35\/100|[from] Grassy Terrain\n|-heal|p1a: Ursaluna|94\/100|[from] Grassy Terrain\n|-heal|p1a: Ursaluna|99\/100|[from] item: Leftovers\n|upkeep\n|turn|79\n|\n|t:|1697648958\n|move|p2a: Rillaboom|U-turn|p1a: Ursaluna\n|-damage|p1a: Ursaluna|83\/100\n|\n|t:|1697648961\n|switch|p2a: Scream Tail|Scream Tail|79\/100 par|[from] U-turn\n|-damage|p2a: Scream Tail|67\/100 par|[from] Stealth Rock\n|move|p1a: Ursaluna|Hyper Voice|p2a: Scream Tail\n|-damage|p2a: Scream Tail|39\/100 par\n|\n|-heal|p1a: Ursaluna|89\/100|[from] Grassy Terrain\n|-heal|p1a: Ursaluna|95\/100|[from] item: Leftovers\n|-heal|p2a: Scream Tail|45\/100 par|[from] Grassy Terrain\n|-heal|p2a: Scream Tail|51\/100 par|[from] item: Leftovers\n|upkeep\n|turn|80\n|\n|t:|1697648969\n|move|p1a: Ursaluna|Hyper Voice|p2a: Scream Tail\n|-damage|p2a: Scream Tail|24\/100 par\n|move|p2a: Scream Tail|Wish|p2a: Scream Tail\n|\n|-heal|p1a: Ursaluna|100\/100|[from] Grassy Terrain\n|-heal|p2a: Scream Tail|30\/100 par|[from] Grassy Terrain\n|-heal|p2a: Scream Tail|37\/100 par|[from] item: Leftovers\n|upkeep\n|turn|81\n|\n|t:|1697648992\n|move|p1a: Ursaluna|Hyper Voice|p2a: Scream Tail\n|-damage|p2a: Scream Tail|9\/100 par\n|move|p2a: Scream Tail|Encore|p1a: Ursaluna\n|-start|p1a: Ursaluna|Encore\n|\n|-heal|p2a: Scream Tail|59\/100 par|[from] move: Wish|[wisher] Scream Tail\n|-heal|p2a: Scream Tail|65\/100 par|[from] Grassy Terrain\n|-heal|p2a: Scream Tail|71\/100 par|[from] item: Leftovers\n|upkeep\n|turn|82\n|\n|t:|1697649005\n|switch|p1a: Sneasler|Sneasler, F|76\/100 par\n|-damage|p1a: Sneasler|63\/100 par|[from] Spikes\n|move|p2a: Scream Tail|Dazzling Gleam|p1a: Sneasler\n|-damage|p1a: Sneasler|38\/100 par\n|\n|-heal|p1a: Sneasler|44\/100 par|[from] Grassy Terrain\n|-heal|p2a: Scream Tail|77\/100 par|[from] Grassy Terrain\n|-heal|p2a: Scream Tail|84\/100 par|[from] item: Leftovers\n|-fieldend|move: Grassy Terrain\n|upkeep\n|turn|83\n|\n|t:|1697649037\n|move|p1a: Sneasler|U-turn|p2a: Scream Tail\n|-damage|p2a: Scream Tail|68\/100 par\n|\n|t:|1697649040\n|switch|p1a: Wo-Chien|Wo-Chien|32\/100|[from] U-turn\n|-damage|p1a: Wo-Chien|20\/100|[from] Spikes\n|-ability|p1a: Wo-Chien|Tablets of Ruin\n|move|p2a: Scream Tail|Wish|p2a: Scream Tail\n|\n|-heal|p2a: Scream Tail|74\/100 par|[from] item: Leftovers\n|upkeep\n|turn|84\n|\n|t:|1697649047\n|-end|p2a: Scream Tail|Protosynthesis|[silent]\n|switch|p2a: Rillaboom|Rillaboom, F|35\/100\n|-damage|p2a: Rillaboom|22\/100|[from] Stealth Rock\n|-fieldstart|move: Grassy Terrain|[from] ability: Grassy Surge|[of] p2a: Rillaboom\n|move|p1a: Wo-Chien|Leech Seed|p2a: Rillaboom\n|-immune|p2a: Rillaboom\n|\n|-heal|p2a: Rillaboom|86\/100|[from] move: Wish|[wisher] Scream Tail\n|-heal|p2a: Rillaboom|92\/100|[from] Grassy Terrain\n|-heal|p1a: Wo-Chien|26\/100|[from] Grassy Terrain\n|upkeep\n|turn|85\n|c|\u26061P1o1s1h1e1|shit\n|c|\u26061P1o1s1h1e1|I really wanted to trick that turn\n|\n|t:|1697649060\n|move|p2a: Rillaboom|Swords Dance|p2a: Rillaboom\n|-boost|p2a: Rillaboom|atk|2\n|move|p1a: Wo-Chien|Knock Off|p2a: Rillaboom\n|-damage|p2a: Rillaboom|70\/100\n|\n|-heal|p2a: Rillaboom|76\/100|[from] Grassy Terrain\n|-heal|p1a: Wo-Chien|32\/100|[from] Grassy Terrain\n|upkeep\n|turn|86\n|\n|t:|1697649073\n|move|p2a: Rillaboom|Swords Dance|p2a: Rillaboom\n|-boost|p2a: Rillaboom|atk|2\n|move|p1a: Wo-Chien|Substitute|p1a: Wo-Chien\n|-start|p1a: Wo-Chien|Substitute\n|-damage|p1a: Wo-Chien|7\/100\n|\n|-heal|p2a: Rillaboom|82\/100|[from] Grassy Terrain\n|-heal|p1a: Wo-Chien|13\/100|[from] Grassy Terrain\n|upkeep\n|turn|87\n|\n|t:|1697649086\n|move|p1a: Wo-Chien|Protect|p1a: Wo-Chien\n|-singleturn|p1a: Wo-Chien|Protect\n|move|p2a: Rillaboom|Grassy Glide|p1a: Wo-Chien\n|-activate|p1a: Wo-Chien|move: Protect\n|\n|-heal|p2a: Rillaboom|88\/100|[from] Grassy Terrain\n|-heal|p1a: Wo-Chien|19\/100|[from] Grassy Terrain\n|upkeep\n|turn|88\n|\n|t:|1697649093\n|move|p2a: Rillaboom|Grassy Glide|p1a: Wo-Chien\n|-resisted|p1a: Wo-Chien\n|-end|p1a: Wo-Chien|Substitute\n|move|p1a: Wo-Chien|Knock Off|p2a: Rillaboom\n|-damage|p2a: Rillaboom|68\/100\n|\n|-heal|p2a: Rillaboom|74\/100|[from] Grassy Terrain\n|-heal|p1a: Wo-Chien|26\/100|[from] Grassy Terrain\n|-fieldend|move: Grassy Terrain\n|upkeep\n|turn|89\n|\n|t:|1697649120\n|move|p1a: Wo-Chien|Protect|p1a: Wo-Chien\n|-singleturn|p1a: Wo-Chien|Protect\n|move|p2a: Rillaboom|Grassy Glide|p1a: Wo-Chien\n|-activate|p1a: Wo-Chien|move: Protect\n|\n|upkeep\n|turn|90\n|\n|t:|1697649126\n|move|p2a: Rillaboom|Grassy Glide|p1a: Wo-Chien\n|-resisted|p1a: Wo-Chien\n|-damage|p1a: Wo-Chien|0 fnt\n|faint|p1a: Wo-Chien\n|\n|upkeep\n|\n|t:|1697649129\n|switch|p1a: Sneasler|Sneasler, F|44\/100 par\n|-damage|p1a: Sneasler|32\/100 par|[from] Spikes\n|turn|91\n|\n|t:|1697649144\n|move|p1a: Sneasler|Dire Claw|p2a: Rillaboom\n|-supereffective|p2a: Rillaboom\n|-damage|p2a: Rillaboom|0 fnt\n|faint|p2a: Rillaboom\n|\n|upkeep\n|c|\u26061P1o1s1h1e1|oh shit\n|c|\u2606VloneVictini|bruh\n|c|\u2606VloneVictini|Idk why I thought you were adamant\n|c|\u26061P1o1s1h1e1|paralyzed sneasler the goat\n|\n|t:|1697649179\n|switch|p2a: Scream Tail|Scream Tail|74\/100 par\n|-damage|p2a: Scream Tail|62\/100 par|[from] Stealth Rock\n|turn|92\n|\n|t:|1697649183\n|move|p1a: Sneasler|Dire Claw|p2a: Scream Tail\n|-supereffective|p2a: Scream Tail\n|-damage|p2a: Scream Tail|10\/100 par\n|move|p2a: Scream Tail|Dazzling Gleam|p1a: Sneasler\n|-damage|p1a: Sneasler|7\/100 par\n|\n|-heal|p2a: Scream Tail|17\/100 par|[from] item: Leftovers\n|upkeep\n|turn|93\n|\n|t:|1697649205\n|-end|p2a: Scream Tail|Protosynthesis|[silent]\n|switch|p2a: Gholdengo|Gholdengo|90\/100\n|-damage|p2a: Gholdengo|84\/100|[from] Stealth Rock\n|move|p1a: Sneasler|Dire Claw|p2a: Gholdengo\n|-immune|p2a: Gholdengo\n|\n|upkeep\n|turn|94\n|\n|t:|1697649210\n|switch|p1a: Dialga|Dialga, tera:Water|15\/100\n|-damage|p1a: Dialga|2\/100|[from] Spikes\n|-ability|p1a: Dialga|Pressure\n|move|p2a: Gholdengo|Hex|p1a: Dialga\n|-crit|p1a: Dialga\n|-damage|p1a: Dialga|0 fnt\n|faint|p1a: Dialga\n|\n|upkeep\n|\n|t:|1697649214\n|switch|p1a: Ursaluna|Ursaluna-Bloodmoon, M|100\/100\n|-damage|p1a: Ursaluna|88\/100|[from] Spikes\n|turn|95\n|c|\u2606VloneVictini|yeah\n|c|\u2606VloneVictini|gg\n|c|\u26061P1o1s1h1e1|gg wow\n|c|\u26061P1o1s1h1e1|that shit was intense\n|c|\u26061P1o1s1h1e1|what a game\n|-message|VloneVictini forfeited.\n|\n|win|1P1o1s1h1e1\n|c|\u2606VloneVictini|I threw highkey\n|c|\u26061P1o1s1h1e1|we both choked\n|c|\u2606VloneVictini|but thb\n|c|\u2606VloneVictini|tbh\n|c|\u2606VloneVictini|Where did you throw\n|c|\u26061P1o1s1h1e1|that turn you stayed in with scream on sneas\n|c|\u26061P1o1s1h1e1|the second time\n|c|\u2606VloneVictini|ahh\n|c|\u26061P1o1s1h1e1|I was really going to switcheroo but I changed last sec\n|c|\u2606VloneVictini|ngl\n|c|\u2606VloneVictini|I don't really like Arc-Poison\n|c|\u2606VloneVictini|what does it really do\n|c|\u26061P1o1s1h1e1|it's a zacian check\n|c|\u2606VloneVictini|oh right that monster\n|c|\u26061P1o1s1h1e1|physdef\n|c|\u26061P1o1s1h1e1|it pairs with woch too well\n|c|\u2606VloneVictini|are there any reliable checks to Zac\n|c|\u26061P1o1s1h1e1|woch soaks most the of the shit that would hit arc poison and vice versa\n|c|\u26061P1o1s1h1e1|aside from arc poison hippo fucks up zac\n|c|\u26061P1o1s1h1e1|uhhhh\n|c|\u26061P1o1s1h1e1|as for other good check any physical guy that can wall play rough CC\n|c|\u26061P1o1s1h1e1|as the primary two moves\n|c|\u2606VloneVictini|I wish I was Tera fighting on the Quaquaval lowkey\n|c|\u26061P1o1s1h1e1|for other band or SD\n","uploadtime":1697649261,"views":27,"p1id":"1p1o1s1h1e1","p2id":"vlonevictini","formatid":"gen9ubers","rating":0,"private":0,"password":""}