{"id":"gen9ubers-1975979906","p1":"EriorYT","p2":"drakmoore","format":"[Gen 9] Ubers","log":"|j|\u2606EriorYT\n|j|\u2606drakmoore\n|t:|1698253937\n|gametype|singles\n|player|p1|EriorYT|n-masters|1249\n|player|p2|drakmoore|265|1202\n|teamsize|p1|6\n|teamsize|p2|6\n|gen|9\n|tier|[Gen 9] Ubers\n|rated|\n|rule|Sleep Clause Mod: Limit one foe put to sleep\n|rule|Species Clause: Limit one of each Pok\u00e9mon\n|rule|OHKO Clause: OHKO moves are banned\n|rule|Evasion Items Clause: Evasion items are banned\n|rule|Evasion Moves Clause: Evasion moves are banned\n|rule|Endless Battle Clause: Forcing endless battles is banned\n|rule|HP Percentage Mod: HP is shown in percentages\n|clearpoke\n|poke|p1|Iron Bundle|\n|poke|p1|Corviknight, M|\n|poke|p1|Miraidon|\n|poke|p1|Koraidon|\n|poke|p1|Blissey, F|\n|poke|p1|Groudon|\n|poke|p2|Ninetales-Alola, F|\n|poke|p2|Baxcalibur, M|\n|poke|p2|Annihilape, F|\n|poke|p2|Garganacl, M|\n|poke|p2|Espathra, F|\n|poke|p2|Corviknight, M|\n|teampreview\n|inactive|Battle timer is ON: inactive players will automatically lose when time's up. (requested by EriorYT)\n|inactive|EriorYT has 120 seconds left.\n|\n|t:|1698253980\n|start\n|switch|p1a: Groudon|Groudon|100\/100\n|switch|p2a: Ninetales|Ninetales-Alola, F|100\/100\n|-weather|Snow|[from] ability: Snow Warning|[of] p2a: Ninetales\n|-weather|SunnyDay|[from] ability: Drought|[of] p1a: Groudon\n|turn|1\n|\n|t:|1698253991\n|switch|p2a: Corviknight|Corviknight, M|100\/100\n|move|p1a: Groudon|Stealth Rock|p2a: Corviknight\n|-sidestart|p2: drakmoore|move: Stealth Rock\n|\n|-weather|SunnyDay|[upkeep]\n|upkeep\n|turn|2\n|\n|t:|1698253996\n|move|p1a: Groudon|Will-O-Wisp|p2a: Corviknight\n|-status|p2a: Corviknight|brn\n|move|p2a: Corviknight|Defog|p1a: Groudon\n|-unboost|p1a: Groudon|evasion|1\n|-sideend|p2: drakmoore|Stealth Rock|[from] move: Defog|[of] p2a: Corviknight\n|\n|-weather|SunnyDay|[upkeep]\n|-damage|p2a: Corviknight|94\/100 brn|[from] brn\n|upkeep\n|turn|3\n|\n|t:|1698254004\n|switch|p2a: Ninetales|Ninetales-Alola, F|100\/100\n|-weather|Snow|[from] ability: Snow Warning|[of] p2a: Ninetales\n|move|p1a: Groudon|Stealth Rock|p2a: Ninetales\n|-sidestart|p2: drakmoore|move: Stealth Rock\n|\n|-weather|Snow|[upkeep]\n|upkeep\n|turn|4\n|\n|t:|1698254013\n|switch|p1a: Iron Bundle|Iron Bundle|100\/100\n|move|p2a: Ninetales|Blizzard|p1a: Iron Bundle\n|-resisted|p1a: Iron Bundle\n|-damage|p1a: Iron Bundle|82\/100\n|\n|-weather|Snow|[upkeep]\n|upkeep\n|turn|5\n|\n|t:|1698254019\n|move|p1a: Iron Bundle|Hydro Pump|p2a: Ninetales\n|-damage|p2a: Ninetales|26\/100\n|move|p2a: Ninetales|Aurora Veil|p2a: Ninetales\n|-sidestart|p2: drakmoore|move: Aurora Veil\n|\n|-weather|Snow|[upkeep]\n|upkeep\n|turn|6\n|\n|t:|1698254025\n|switch|p2a: Corviknight|Corviknight, M|94\/100 brn\n|-damage|p2a: Corviknight|82\/100 brn|[from] Stealth Rock\n|move|p1a: Iron Bundle|Hydro Pump|p2a: Corviknight\n|-damage|p2a: Corviknight|39\/100 brn\n|\n|-weather|Snow|[upkeep]\n|-damage|p2a: Corviknight|33\/100 brn|[from] brn\n|upkeep\n|turn|7\n|\n|t:|1698254033\n|move|p1a: Iron Bundle|Hydro Pump|p2a: Corviknight\n|-damage|p2a: Corviknight|0 fnt\n|faint|p2a: Corviknight\n|\n|-weather|none\n|upkeep\n|\n|t:|1698254038\n|switch|p2a: Baxcalibur|Baxcalibur, M|100\/100\n|-damage|p2a: Baxcalibur|76\/100|[from] Stealth Rock\n|turn|8\n|\n|t:|1698254041\n|-end|p1a: Iron Bundle|Quark Drive|[silent]\n|switch|p1a: Corviknight|Corviknight, M|100\/100\n|-ability|p1a: Corviknight|Pressure\n|move|p2a: Baxcalibur|Dragon Dance|p2a: Baxcalibur\n|-boost|p2a: Baxcalibur|atk|1\n|-boost|p2a: Baxcalibur|spe|1\n|\n|upkeep\n|turn|9\n|\n|t:|1698254048\n|move|p2a: Baxcalibur|Dragon Dance|p2a: Baxcalibur\n|-boost|p2a: Baxcalibur|atk|1\n|-boost|p2a: Baxcalibur|spe|1\n|move|p1a: Corviknight|Iron Defense|p1a: Corviknight\n|-boost|p1a: Corviknight|def|2\n|\n|upkeep\n|turn|10\n|\n|t:|1698254054\n|move|p2a: Baxcalibur|Icicle Spear|p1a: Corviknight\n|-damage|p1a: Corviknight|91\/100\n|-damage|p1a: Corviknight|82\/100\n|-damage|p1a: Corviknight|73\/100\n|-damage|p1a: Corviknight|64\/100\n|-hitcount|p1a: Corviknight|4\n|move|p1a: Corviknight|Iron Defense|p1a: Corviknight\n|-boost|p1a: Corviknight|def|2\n|\n|-heal|p1a: Corviknight|70\/100|[from] item: Leftovers\n|upkeep\n|turn|11\n|\n|t:|1698254064\n|move|p2a: Baxcalibur|Icicle Spear|p1a: Corviknight\n|-damage|p1a: Corviknight|64\/100\n|-damage|p1a: Corviknight|59\/100\n|-damage|p1a: Corviknight|53\/100\n|-crit|p1a: Corviknight\n|-damage|p1a: Corviknight|26\/100\n|-crit|p1a: Corviknight\n|-damage|p1a: Corviknight|0 fnt\n|faint|p1a: Corviknight\n|-hitcount|p1: Corviknight|5\n|\n|upkeep\n|\n|t:|1698254074\n|switch|p1a: Koraidon|Koraidon|100\/100\n|-weather|SunnyDay|[from] ability: Orichalcum Pulse|[of] p1a: Koraidon\n|-activate|p1a: Koraidon|Orichalcum Pulse|[source]\n|turn|12\n|\n|t:|1698254082\n|move|p1a: Koraidon|Low Kick|p2a: Baxcalibur\n|-supereffective|p2a: Baxcalibur\n|-damage|p2a: Baxcalibur|0 fnt\n|faint|p2a: Baxcalibur\n|\n|-weather|SunnyDay|[upkeep]\n|-sideend|p2: drakmoore|move: Aurora Veil\n|upkeep\n|\n|t:|1698254090\n|switch|p2a: Garganacl|Garganacl, M|100\/100\n|-damage|p2a: Garganacl|88\/100|[from] Stealth Rock\n|turn|13\n|\n|t:|1698254094\n|-terastallize|p2a: Garganacl|Water\n|move|p1a: Koraidon|Low Kick|p2a: Garganacl\n|-crit|p2a: Garganacl\n|-damage|p2a: Garganacl|0 fnt\n|faint|p2a: Garganacl\n|\n|-weather|SunnyDay|[upkeep]\n|upkeep\n|-message|drakmoore forfeited.\n|\n|win|EriorYT\n|raw|EriorYT's rating: 1249 &rarr; <strong>1271<\/strong><br \/>(+22 for winning)\n|raw|drakmoore's rating: 1202 &rarr; <strong>1180<\/strong><br \/>(-22 for losing)\n|l|\u2606drakmoore\n|c|\u2606EriorYT|fua+\n","uploadtime":1698254102,"views":14,"p1id":"erioryt","p2id":"drakmoore","formatid":"gen9ubers","rating":1180,"private":0,"password":""}