{"id":"gen9ubers-1995529576","p1":"kanyuheast","p2":"cftyvubhijnkmln","format":"[Gen 9] Ubers","log":"|j|\u2606kanyuheast\n|j|\u2606cftyvubhijnkmln\n|t:|1700580200\n|gametype|singles\n|player|p1|kanyuheast|ghetsis|1147\n|player|p2|cftyvubhijnkmln|266|1111\n|teamsize|p1|6\n|teamsize|p2|6\n|gen|9\n|tier|[Gen 9] Ubers\n|rated|\n|rule|Sleep Clause Mod: Limit one foe put to sleep\n|rule|Species Clause: Limit one of each Pok\u00e9mon\n|rule|OHKO Clause: OHKO moves are banned\n|rule|Evasion Items Clause: Evasion items are banned\n|rule|Evasion Moves Clause: Evasion moves are banned\n|rule|Endless Battle Clause: Forcing endless battles is banned\n|rule|HP Percentage Mod: HP is shown in percentages\n|clearpoke\n|poke|p1|Zacian-*|\n|poke|p1|Quaquaval, M|\n|poke|p1|Eternatus|\n|poke|p1|Arceus|\n|poke|p1|Miraidon|\n|poke|p1|Kyogre|\n|poke|p2|Basculegion, M|\n|poke|p2|Manaphy|\n|poke|p2|Glimmora, F|\n|poke|p2|Ribombee, F|\n|poke|p2|Tropius, F|\n|poke|p2|Quaquaval, F|\n|teampreview\n|j| Shadow Necromancer\n|inactive|Battle timer is ON: inactive players will automatically lose when time's up. (requested by cftyvubhijnkmln)\n|l| Shadow Necromancer\n|\n|t:|1700580227\n|start\n|switch|p1a: Arceus|Arceus|100\/100\n|switch|p2a: Tropius|Tropius, F|100\/100\n|turn|1\n|inactive|kanyuheast has 120 seconds left.\n|\n|t:|1700580265\n|move|p1a: Arceus|Swords Dance|p1a: Arceus\n|-boost|p1a: Arceus|atk|2\n|move|p2a: Tropius|Leech Seed|p1a: Arceus\n|-start|p1a: Arceus|move: Leech Seed\n|\n|-damage|p1a: Arceus|88\/100|[from] Leech Seed|[of] p2a: Tropius\n|upkeep\n|turn|2\n|\n|t:|1700580272\n|move|p1a: Arceus|Extreme Speed|p2a: Tropius\n|-damage|p2a: Tropius|19\/100\n|-enditem|p2a: Tropius|Sitrus Berry|[eat]\n|-heal|p2a: Tropius|44\/100|[from] item: Sitrus Berry\n|move|p2a: Tropius|Substitute|p2a: Tropius\n|-start|p2a: Tropius|Substitute\n|-damage|p2a: Tropius|19\/100\n|\n|-damage|p1a: Arceus|76\/100|[from] Leech Seed|[of] p2a: Tropius\n|-heal|p2a: Tropius|31\/100|[silent]\n|upkeep\n|turn|3\n|\n|t:|1700580283\n|move|p2a: Tropius|Protect|p2a: Tropius\n|-singleturn|p2a: Tropius|Protect\n|move|p1a: Arceus|Swords Dance|p1a: Arceus\n|-boost|p1a: Arceus|atk|2\n|\n|-damage|p1a: Arceus|63\/100|[from] Leech Seed|[of] p2a: Tropius\n|-heal|p2a: Tropius|43\/100|[silent]\n|upkeep\n|turn|4\n|\n|t:|1700580293\n|move|p1a: Arceus|Extreme Speed|p2a: Tropius\n|-end|p2a: Tropius|Substitute\n|move|p2a: Tropius|Substitute|p2a: Tropius\n|-start|p2a: Tropius|Substitute\n|-damage|p2a: Tropius|18\/100\n|\n|-damage|p1a: Arceus|51\/100|[from] Leech Seed|[of] p2a: Tropius\n|-heal|p2a: Tropius|30\/100|[silent]\n|upkeep\n|turn|5\n|\n|t:|1700580301\n|move|p2a: Tropius|Protect|p2a: Tropius\n|-singleturn|p2a: Tropius|Protect\n|move|p1a: Arceus|Swords Dance|p1a: Arceus\n|-boost|p1a: Arceus|atk|2\n|\n|-damage|p1a: Arceus|39\/100|[from] Leech Seed|[of] p2a: Tropius\n|-heal|p2a: Tropius|41\/100|[silent]\n|-item|p2a: Tropius|Sitrus Berry|[from] ability: Harvest\n|upkeep\n|-enditem|p2a: Tropius|Sitrus Berry|[eat]\n|-heal|p2a: Tropius|66\/100|[from] item: Sitrus Berry\n|turn|6\n|n|!kanyuheast|kanyuheast\n|\n|t:|1700580312\n|move|p1a: Arceus|Extreme Speed|p2a: Tropius\n|-end|p2a: Tropius|Substitute\n|move|p2a: Tropius|Substitute|p2a: Tropius\n|-start|p2a: Tropius|Substitute\n|-damage|p2a: Tropius|41\/100\n|\n|-damage|p1a: Arceus|26\/100|[from] Leech Seed|[of] p2a: Tropius\n|-heal|p2a: Tropius|53\/100|[silent]\n|-item|p2a: Tropius|Sitrus Berry|[from] ability: Harvest\n|upkeep\n|turn|7\n|\n|t:|1700580322\n|move|p2a: Tropius|Protect|p2a: Tropius\n|-singleturn|p2a: Tropius|Protect\n|move|p1a: Arceus|Extreme Speed|p2a: Tropius\n|-activate|p2a: Tropius|move: Protect\n|\n|-damage|p1a: Arceus|14\/100|[from] Leech Seed|[of] p2a: Tropius\n|-heal|p2a: Tropius|65\/100|[silent]\n|upkeep\n|turn|8\n|\n|t:|1700580325\n|move|p1a: Arceus|Extreme Speed|p2a: Tropius\n|-end|p2a: Tropius|Substitute\n|move|p2a: Tropius|Substitute|p2a: Tropius\n|-start|p2a: Tropius|Substitute\n|-damage|p2a: Tropius|40\/100\n|-enditem|p2a: Tropius|Sitrus Berry|[eat]\n|-heal|p2a: Tropius|65\/100|[from] item: Sitrus Berry\n|\n|-damage|p1a: Arceus|2\/100|[from] Leech Seed|[of] p2a: Tropius\n|-heal|p2a: Tropius|77\/100|[silent]\n|-item|p2a: Tropius|Sitrus Berry|[from] ability: Harvest\n|upkeep\n|turn|9\n|\n|t:|1700580336\n|move|p2a: Tropius|Protect|p2a: Tropius\n|-singleturn|p2a: Tropius|Protect\n|move|p1a: Arceus|Extreme Speed|p2a: Tropius\n|-activate|p2a: Tropius|move: Protect\n|\n|-damage|p1a: Arceus|0 fnt|[from] Leech Seed|[of] p2a: Tropius\n|-heal|p2a: Tropius|78\/100|[silent]\n|faint|p1a: Arceus\n|upkeep\n|c|\u2606cftyvubhijnkmln|gl\n|\n|t:|1700580358\n|switch|p1a: Quaquaval|Quaquaval, M, shiny|100\/100\n|turn|10\n|\n|t:|1700580364\n|-terastallize|p1a: Quaquaval|Ice\n|move|p1a: Quaquaval|Ice Spinner|p2a: Tropius\n|-supereffective|p2a: Tropius\n|-end|p2a: Tropius|Substitute\n|move|p2a: Tropius|Leech Seed|p1a: Quaquaval\n|-start|p1a: Quaquaval|move: Leech Seed\n|\n|-damage|p1a: Quaquaval|88\/100|[from] Leech Seed|[of] p2a: Tropius\n|-heal|p2a: Tropius|87\/100|[silent]\n|upkeep\n|turn|11\n|\n|t:|1700580375\n|switch|p2a: Glimmora|Glimmora, F|100\/100\n|move|p1a: Quaquaval|Ice Spinner|p2a: Glimmora\n|-damage|p2a: Glimmora|76\/100\n|-activate|p2a: Glimmora|ability: Toxic Debris\n|-sidestart|p1: kanyuheast|move: Toxic Spikes\n|\n|-heal|p2a: Glimmora|82\/100|[from] item: Black Sludge\n|-damage|p1a: Quaquaval|76\/100|[from] Leech Seed|[of] p2a: Glimmora\n|-heal|p2a: Glimmora|92\/100|[silent]\n|upkeep\n|turn|12\n|-message|kanyuheast forfeited.\n|\n|win|cftyvubhijnkmln\n|raw|kanyuheast's rating: 1147 &rarr; <strong>1119<\/strong><br \/>(-28 for losing)\n|raw|cftyvubhijnkmln's rating: 1111 &rarr; <strong>1139<\/strong><br \/>(+28 for winning)\n","uploadtime":1700580310,"views":0,"p1id":"kanyuheast","p2id":"cftyvubhijnkmln","formatid":"gen9ubers","rating":1119,"private":0,"password":""}