{"id":"gen9ubers-1997340563","p1":"bruc3wi11is","p2":"6VYRY","format":"[Gen 9] Ubers","log":"|j|\u2606bruc3wi11is\n|j|\u26066VYRY\n|t:|1700791549\n|gametype|singles\n|player|p1|bruc3wi11is|red|1170\n|player|p2|6VYRY|hilda-wonderlauncher|1293\n|teamsize|p1|6\n|teamsize|p2|6\n|gen|9\n|tier|[Gen 9] Ubers\n|rated|\n|rule|Sleep Clause Mod: Limit one foe put to sleep\n|rule|Species Clause: Limit one of each Pok\u00e9mon\n|rule|OHKO Clause: OHKO moves are banned\n|rule|Evasion Items Clause: Evasion items are banned\n|rule|Evasion Moves Clause: Evasion moves are banned\n|rule|Endless Battle Clause: Forcing endless battles is banned\n|rule|HP Percentage Mod: HP is shown in percentages\n|clearpoke\n|poke|p1|Annihilape, M|\n|poke|p1|Amoonguss, M|\n|poke|p1|Zacian-*|\n|poke|p1|Mewtwo|\n|poke|p1|Rayquaza|\n|poke|p1|Kyogre|\n|poke|p2|Groudon|\n|poke|p2|Walking Wake|\n|poke|p2|Arceus-Ground|\n|poke|p2|Flutter Mane|\n|poke|p2|Koraidon|\n|poke|p2|Zacian-*|\n|teampreview\n|inactive|Battle timer is ON: inactive players will automatically lose when time's up. (requested by bruc3wi11is)\n|\n|t:|1700791564\n|start\n|switch|p1a: Mewtwo|Mewtwo|100\/100\n|switch|p2a: Flutter Mane|Flutter Mane|100\/100\n|-ability|p1a: Mewtwo|Pressure\n|turn|1\n|\n|t:|1700791573\n|switch|p1a: Amoonguss|Amoonguss, M|100\/100\n|move|p2a: Flutter Mane|Shadow Ball|p1a: Amoonguss\n|-damage|p1a: Amoonguss|47\/100\n|\n|upkeep\n|turn|2\n|\n|t:|1700791578\n|move|p2a: Flutter Mane|Shadow Ball|p1a: Amoonguss\n|-damage|p1a: Amoonguss|0 fnt\n|faint|p1a: Amoonguss\n|\n|upkeep\n|\n|t:|1700791585\n|switch|p1a: Kyogre|Kyogre|100\/100\n|-weather|RainDance|[from] ability: Drizzle|[of] p1a: Kyogre\n|turn|3\n|\n|t:|1700791597\n|-end|p2a: Flutter Mane|Protosynthesis|[silent]\n|switch|p2a: Koraidon|Koraidon|100\/100\n|-weather|SunnyDay|[from] ability: Orichalcum Pulse|[of] p2a: Koraidon\n|-activate|p2a: Koraidon|Orichalcum Pulse|[source]\n|move|p1a: Kyogre|Water Spout|p2a: Koraidon\n|-resisted|p2a: Koraidon\n|-damage|p2a: Koraidon|80\/100\n|\n|-weather|SunnyDay|[upkeep]\n|-heal|p2a: Koraidon|86\/100|[from] item: Leftovers\n|upkeep\n|turn|4\n|\n|t:|1700791608\n|switch|p1a: Zacian|Zacian-Crowned|100\/100\n|-ability|p1a: Zacian|Intrepid Sword|boost\n|-boost|p1a: Zacian|atk|1\n|move|p2a: Koraidon|Collision Course|p1a: Zacian\n|-damage|p1a: Zacian|29\/100\n|\n|-weather|SunnyDay|[upkeep]\n|-heal|p2a: Koraidon|93\/100|[from] item: Leftovers\n|upkeep\n|turn|5\n|\n|t:|1700791620\n|-terastallize|p2a: Koraidon|Fire\n|move|p1a: Zacian|Play Rough|p2a: Koraidon\n|-resisted|p2a: Koraidon\n|-crit|p2a: Koraidon\n|-damage|p2a: Koraidon|42\/100\n|move|p2a: Koraidon|Collision Course|p1a: Zacian\n|-damage|p1a: Zacian|0 fnt\n|faint|p1a: Zacian\n|\n|-weather|SunnyDay|[upkeep]\n|-heal|p2a: Koraidon|48\/100|[from] item: Leftovers\n|upkeep\n|\n|t:|1700791627\n|switch|p1a: Kyogre|Kyogre|100\/100\n|-weather|RainDance|[from] ability: Drizzle|[of] p1a: Kyogre\n|turn|6\n|\n|t:|1700791632\n|switch|p2a: Groudon|Groudon|100\/100\n|-weather|SunnyDay|[from] ability: Drought|[of] p2a: Groudon\n|move|p1a: Kyogre|Water Spout|p2a: Groudon\n|-supereffective|p2a: Groudon\n|-damage|p2a: Groudon|13\/100\n|\n|-weather|SunnyDay|[upkeep]\n|-heal|p2a: Groudon|19\/100|[from] item: Leftovers\n|upkeep\n|turn|7\n|\n|t:|1700791638\n|move|p1a: Kyogre|Water Spout|p2a: Groudon\n|-supereffective|p2a: Groudon\n|-damage|p2a: Groudon|0 fnt\n|faint|p2a: Groudon\n|\n|-weather|SunnyDay|[upkeep]\n|upkeep\n|\n|t:|1700791646\n|switch|p2a: Flutter Mane|Flutter Mane|100\/100\n|-activate|p2a: Flutter Mane|ability: Protosynthesis\n|-start|p2a: Flutter Mane|protosynthesisspe\n|turn|8\n|\n|t:|1700791654\n|switch|p1a: Mewtwo|Mewtwo|100\/100\n|-ability|p1a: Mewtwo|Pressure\n|move|p2a: Flutter Mane|Moonblast|p1a: Mewtwo\n|-damage|p1a: Mewtwo|26\/100\n|\n|-weather|SunnyDay|[upkeep]\n|upkeep\n|turn|9\n|\n|t:|1700791659\n|move|p2a: Flutter Mane|Moonblast|p1a: Mewtwo\n|-damage|p1a: Mewtwo|0 fnt\n|faint|p1a: Mewtwo\n|\n|-weather|SunnyDay|[upkeep]\n|upkeep\n|\n|t:|1700791661\n|switch|p1a: Kyogre|Kyogre|100\/100\n|-weather|RainDance|[from] ability: Drizzle|[of] p1a: Kyogre\n|-end|p2a: Flutter Mane|Protosynthesis\n|turn|10\n|\n|t:|1700791668\n|move|p1a: Kyogre|Water Spout|p2a: Flutter Mane\n|-damage|p2a: Flutter Mane|0 fnt\n|faint|p2a: Flutter Mane\n|-end|p2a: Flutter Mane|Protosynthesis|[silent]\n|\n|-weather|RainDance|[upkeep]\n|upkeep\n|\n|t:|1700791671\n|switch|p2a: Walking Wake|Walking Wake|100\/100\n|turn|11\n|\n|t:|1700791684\n|switch|p1a: Annihilape|Annihilape, M, shiny|100\/100\n|move|p2a: Walking Wake|Hurricane|p1a: Annihilape\n|-supereffective|p1a: Annihilape\n|-damage|p1a: Annihilape|31\/100\n|-start|p1a: Annihilape|confusion\n|\n|-weather|RainDance|[upkeep]\n|-heal|p1a: Annihilape|37\/100|[from] item: Leftovers\n|upkeep\n|turn|12\n|\n|t:|1700791689\n|move|p2a: Walking Wake|Hurricane|p1a: Annihilape\n|-supereffective|p1a: Annihilape\n|-damage|p1a: Annihilape|0 fnt\n|faint|p1a: Annihilape\n|\n|-weather|RainDance|[upkeep]\n|upkeep\n|\n|t:|1700791691\n|switch|p1a: Rayquaza|Rayquaza|100\/100\n|-ability|p1a: Rayquaza|Air Lock\n|turn|13\n|\n|t:|1700791696\n|-end|p2a: Walking Wake|Protosynthesis|[silent]\n|switch|p2a: Arceus|Arceus-Ground|100\/100\n|move|p1a: Rayquaza|Dragon Dance|p1a: Rayquaza\n|-boost|p1a: Rayquaza|atk|1\n|-boost|p1a: Rayquaza|spe|1\n|\n|-weather|RainDance|[upkeep]\n|upkeep\n|turn|14\n|\n|t:|1700791702\n|move|p1a: Rayquaza|Dragon Ascent|p2a: Arceus\n|-damage|p2a: Arceus|36\/100\n|-unboost|p1a: Rayquaza|def|1\n|-unboost|p1a: Rayquaza|spd|1\n|move|p2a: Arceus|Dragon Dance|p2a: Arceus\n|-boost|p2a: Arceus|atk|1\n|-boost|p2a: Arceus|spe|1\n|\n|-weather|none\n|upkeep\n|turn|15\n|\n|t:|1700791707\n|move|p2a: Arceus|Flare Blitz|p1a: Rayquaza\n|-resisted|p1a: Rayquaza\n|-damage|p1a: Rayquaza|62\/100\n|-damage|p2a: Arceus|26\/100|[from] Recoil\n|move|p1a: Rayquaza|Dragon Ascent|p2a: Arceus\n|-damage|p2a: Arceus|0 fnt\n|-unboost|p1a: Rayquaza|def|1\n|-unboost|p1a: Rayquaza|spd|1\n|faint|p2a: Arceus\n|\n|upkeep\n|\n|t:|1700791711\n|switch|p2a: Zacian|Zacian-Crowned|100\/100\n|-ability|p2a: Zacian|Intrepid Sword|boost\n|-boost|p2a: Zacian|atk|1\n|turn|16\n|\n|t:|1700791716\n|move|p1a: Rayquaza|Earthquake|p2a: Zacian\n|-supereffective|p2a: Zacian\n|-damage|p2a: Zacian|0 fnt\n|faint|p2a: Zacian\n|\n|upkeep\n|\n|t:|1700791719\n|switch|p2a: Koraidon|Koraidon, tera:Fire|48\/100\n|-weather|SunnyDay|[from] ability: Orichalcum Pulse|[of] p2a: Koraidon\n|-activate|p2a: Koraidon|Orichalcum Pulse|[source]\n|turn|17\n|\n|t:|1700791724\n|move|p1a: Rayquaza|Dragon Ascent|p2a: Koraidon\n|-damage|p2a: Koraidon|0 fnt\n|-unboost|p1a: Rayquaza|def|1\n|-unboost|p1a: Rayquaza|spd|1\n|faint|p2a: Koraidon\n|\n|-weather|SunnyDay|[upkeep]\n|upkeep\n|-message|6VYRY forfeited.\n|\n|win|bruc3wi11is\n|raw|bruc3wi11is's rating: 1170 &rarr; <strong>1203<\/strong><br \/>(+33 for winning)\n|raw|6VYRY's rating: 1293 &rarr; <strong>1260<\/strong><br \/>(-33 for losing)\n|l|\u26066VYRY\n","uploadtime":1700791741,"views":10,"p1id":"bruc3wi11is","p2id":"6vyry","formatid":"gen9ubers","rating":1203,"private":0,"password":""}