{"id":"gen9ubers-1988034426","p1":"The Uber Bad Boy","p2":"Serum W","format":"[Gen 9] Ubers","log":"|j|\u2606The Uber Bad Boy\n|j|\u2606Serum W\n|t:|1699661590\n|gametype|singles\n|player|p1|The Uber Bad Boy|shadowtriad|\n|player|p2|Serum W|will|\n|teamsize|p1|6\n|teamsize|p2|6\n|gen|9\n|tier|[Gen 9] Ubers\n|rated|Tournament battle\n|rule|Sleep Clause Mod: Limit one foe put to sleep\n|rule|Species Clause: Limit one of each Pok\u00e9mon\n|rule|OHKO Clause: OHKO moves are banned\n|rule|Evasion Items Clause: Evasion items are banned\n|rule|Evasion Moves Clause: Evasion moves are banned\n|rule|Endless Battle Clause: Forcing endless battles is banned\n|rule|HP Percentage Mod: HP is shown in percentages\n|clearpoke\n|poke|p1|Ting-Lu|\n|poke|p1|Miraidon|\n|poke|p1|Giratina-Origin|\n|poke|p1|Skeledirge, M|\n|poke|p1|Arceus|\n|poke|p1|Kyogre|\n|poke|p2|Zacian-*|\n|poke|p2|Arceus|\n|poke|p2|Groudon|\n|poke|p2|Flutter Mane|\n|poke|p2|Iron Bundle|\n|poke|p2|Miraidon|\n|teampreview\n|j| Metool B\n|inactive|Battle timer is ON: inactive players will automatically lose when time's up. (requested by The Uber Bad Boy)\n|j|%shrang\n|\n|t:|1699661604\n|start\n|switch|p1a: Stormbreaker|Miraidon|100\/100\n|switch|p2a: Iron Bundle|Iron Bundle|100\/100\n|-fieldstart|move: Electric Terrain|[from] ability: Hadron Engine|[of] p1a: Stormbreaker\n|-activate|p2a: Iron Bundle|ability: Quark Drive\n|-start|p2a: Iron Bundle|quarkdrivespe\n|turn|1\n|\n|t:|1699661614\n|move|p2a: Iron Bundle|Flip Turn|p1a: Stormbreaker\n|-resisted|p1a: Stormbreaker\n|-damage|p1a: Stormbreaker|92\/100\n|\n|t:|1699661624\n|-end|p2a: Iron Bundle|Quark Drive|[silent]\n|switch|p2a: Groudon|Groudon|100\/100|[from] Flip Turn\n|-weather|SunnyDay|[from] ability: Drought|[of] p2a: Groudon\n|move|p1a: Stormbreaker|Electro Drift|p2a: Groudon\n|-immune|p2a: Groudon\n|\n|-weather|SunnyDay|[upkeep]\n|upkeep\n|turn|2\n|\n|t:|1699661638\n|move|p1a: Stormbreaker|U-turn|p2a: Groudon\n|-damage|p2a: Groudon|92\/100\n|\n|t:|1699661641\n|switch|p1a: Lucifer|Giratina-Origin|100\/100|[from] U-turn\n|move|p2a: Groudon|Crunch|p1a: Lucifer\n|-supereffective|p1a: Lucifer\n|-crit|p1a: Lucifer\n|-damage|p1a: Lucifer|40\/100\n|\n|-weather|SunnyDay|[upkeep]\n|-heal|p2a: Groudon|98\/100|[from] item: Leftovers\n|upkeep\n|turn|3\n|\n|t:|1699661645\n|move|p2a: Groudon|Crunch|p1a: Lucifer\n|-supereffective|p1a: Lucifer\n|-damage|p1a: Lucifer|0 fnt\n|faint|p1a: Lucifer\n|\n|-weather|SunnyDay|[upkeep]\n|-heal|p2a: Groudon|100\/100|[from] item: Leftovers\n|upkeep\n|\n|t:|1699661648\n|switch|p1a: Lake Superior|Kyogre|100\/100\n|-weather|RainDance|[from] ability: Drizzle|[of] p1a: Lake Superior\n|turn|4\n|inactive|Serum W has 120 seconds left.\n|\n|t:|1699661687\n|switch|p2a: Miraidon|Miraidon|100\/100\n|-activate|p2a: Miraidon|ability: Hadron Engine\n|move|p1a: Lake Superior|Icy Wind|p2a: Miraidon\n|-supereffective|p2a: Miraidon\n|-damage|p2a: Miraidon|66\/100\n|-unboost|p2a: Miraidon|spe|1\n|\n|-weather|RainDance|[upkeep]\n|upkeep\n|turn|5\n|l| Metool B\n|inactive|Serum W has 120 seconds left.\n|\n|t:|1699661696\n|switch|p1a: Subterra|Ting-Lu|100\/100\n|-ability|p1a: Subterra|Vessel of Ruin\n|move|p2a: Miraidon|Draco Meteor|p1a: Subterra\n|-damage|p1a: Subterra|65\/100\n|-unboost|p2a: Miraidon|spa|2\n|\n|-weather|RainDance|[upkeep]\n|-heal|p1a: Subterra|71\/100|[from] item: Leftovers\n|-fieldend|move: Electric Terrain\n|upkeep\n|turn|6\n|inactive|Serum W has 120 seconds left.\n|\n|t:|1699661712\n|switch|p2a: Groudon|Groudon|100\/100\n|-weather|SunnyDay|[from] ability: Drought|[of] p2a: Groudon\n|move|p1a: Subterra|Stealth Rock|p2a: Groudon\n|-sidestart|p2: Serum W|move: Stealth Rock\n|\n|-weather|SunnyDay|[upkeep]\n|-heal|p1a: Subterra|77\/100|[from] item: Leftovers\n|upkeep\n|turn|7\n|\n|t:|1699661715\n|move|p2a: Groudon|Spikes|p1a: Subterra\n|-sidestart|p1: The Uber Bad Boy|Spikes\n|move|p1a: Subterra|Whirlwind|p2a: Groudon\n|drag|p2a: Flutter Mane|Flutter Mane|100\/100\n|-damage|p2a: Flutter Mane|88\/100|[from] Stealth Rock\n|-activate|p2a: Flutter Mane|ability: Protosynthesis\n|-start|p2a: Flutter Mane|protosynthesisspe\n|\n|-weather|SunnyDay|[upkeep]\n|-heal|p1a: Subterra|84\/100|[from] item: Leftovers\n|upkeep\n|turn|8\n|j| conciliacion\n|\n|t:|1699661729\n|-end|p2a: Flutter Mane|Protosynthesis|[silent]\n|switch|p2a: Groudon|Groudon|100\/100\n|-damage|p2a: Groudon|94\/100|[from] Stealth Rock\n|move|p1a: Subterra|Spikes|p2a: Groudon\n|-sidestart|p2: Serum W|Spikes\n|\n|-weather|SunnyDay|[upkeep]\n|-heal|p2a: Groudon|100\/100|[from] item: Leftovers\n|-heal|p1a: Subterra|90\/100|[from] item: Leftovers\n|upkeep\n|turn|9\n|j|+corvere\u2665\n|\n|t:|1699661737\n|move|p2a: Groudon|Precipice Blades|p1a: Subterra\n|-damage|p1a: Subterra|50\/100\n|move|p1a: Subterra|Whirlwind|p2a: Groudon\n|drag|p2a: Zacian|Zacian-Crowned|100\/100\n|-damage|p2a: Zacian|94\/100|[from] Stealth Rock\n|-damage|p2a: Zacian|82\/100|[from] Spikes\n|-ability|p2a: Zacian|Intrepid Sword|boost\n|-boost|p2a: Zacian|atk|1\n|\n|-weather|SunnyDay|[upkeep]\n|-heal|p1a: Subterra|56\/100|[from] item: Leftovers\n|upkeep\n|turn|10\n|l| conciliacion\n|\n|t:|1699661753\n|move|p2a: Zacian|Close Combat|p1a: Subterra\n|-supereffective|p1a: Subterra\n|-damage|p1a: Subterra|0 fnt\n|-unboost|p2a: Zacian|def|1\n|-unboost|p2a: Zacian|spd|1\n|faint|p1a: Subterra\n|\n|-weather|none\n|upkeep\n|\n|t:|1699661761\n|switch|p1a: Burnout|Skeledirge, M|100\/100\n|turn|11\n|inactive|Serum W has 120 seconds left.\n|\n|t:|1699661781\n|switch|p2a: Miraidon|Miraidon|66\/100\n|-damage|p2a: Miraidon|54\/100|[from] Stealth Rock\n|-damage|p2a: Miraidon|42\/100|[from] Spikes\n|-fieldstart|move: Electric Terrain|[from] ability: Hadron Engine|[of] p2a: Miraidon\n|move|p1a: Burnout|Will-O-Wisp|p2a: Miraidon\n|-status|p2a: Miraidon|brn\n|\n|-damage|p2a: Miraidon|36\/100 brn|[from] brn\n|upkeep\n|turn|12\n|\n|t:|1699661796\n|move|p2a: Miraidon|Electro Drift|p1a: Burnout\n|-damage|p1a: Burnout|0 fnt\n|faint|p1a: Burnout\n|\n|-damage|p2a: Miraidon|30\/100 brn|[from] brn\n|upkeep\n|\n|t:|1699661800\n|switch|p1a: Lake Superior|Kyogre|100\/100\n|-damage|p1a: Lake Superior|88\/100|[from] Spikes\n|-weather|RainDance|[from] ability: Drizzle|[of] p1a: Lake Superior\n|turn|13\n|\n|t:|1699661803\n|move|p2a: Miraidon|Electro Drift|p1a: Lake Superior\n|-supereffective|p1a: Lake Superior\n|-damage|p1a: Lake Superior|0 fnt\n|faint|p1a: Lake Superior\n|\n|-weather|RainDance|[upkeep]\n|-damage|p2a: Miraidon|23\/100 brn|[from] brn\n|upkeep\n|\n|t:|1699661806\n|switch|p1a: Genesis|Arceus|100\/100\n|-damage|p1a: Genesis|88\/100|[from] Spikes\n|turn|14\n|\n|t:|1699661809\n|move|p2a: Miraidon|Electro Drift|p1a: Genesis\n|-damage|p1a: Genesis|18\/100\n|move|p1a: Genesis|Dragon Dance|p1a: Genesis\n|-boost|p1a: Genesis|atk|1\n|-boost|p1a: Genesis|spe|1\n|\n|-weather|RainDance|[upkeep]\n|-damage|p2a: Miraidon|17\/100 brn|[from] brn\n|upkeep\n|turn|15\n|\n|t:|1699661812\n|move|p1a: Genesis|Extreme Speed|p2a: Miraidon\n|-damage|p2a: Miraidon|0 fnt\n|faint|p2a: Miraidon\n|\n|-weather|RainDance|[upkeep]\n|-fieldend|move: Electric Terrain\n|upkeep\n|\n|t:|1699661818\n|switch|p2a: Groudon|Groudon|100\/100\n|-damage|p2a: Groudon|94\/100|[from] Stealth Rock\n|-damage|p2a: Groudon|82\/100|[from] Spikes\n|-weather|SunnyDay|[from] ability: Drought|[of] p2a: Groudon\n|turn|16\n|\n|t:|1699661823\n|move|p1a: Genesis|Extreme Speed|p2a: Groudon\n|-damage|p2a: Groudon|42\/100\n|move|p2a: Groudon|Crunch|p1a: Genesis\n|-damage|p1a: Genesis|0 fnt\n|faint|p1a: Genesis\n|\n|-weather|SunnyDay|[upkeep]\n|-heal|p2a: Groudon|48\/100|[from] item: Leftovers\n|upkeep\n|\n|t:|1699661824\n|switch|p1a: Stormbreaker|Miraidon|92\/100\n|-damage|p1a: Stormbreaker|80\/100|[from] Spikes\n|-fieldstart|move: Electric Terrain|[from] ability: Hadron Engine|[of] p1a: Stormbreaker\n|turn|17\n|\n|t:|1699661830\n|move|p1a: Stormbreaker|Overheat|p2a: Groudon\n|-damage|p2a: Groudon|0 fnt\n|-unboost|p1a: Stormbreaker|spa|2\n|faint|p2a: Groudon\n|\n|-weather|SunnyDay|[upkeep]\n|upkeep\n|\n|t:|1699661833\n|switch|p2a: Iron Bundle|Iron Bundle|100\/100\n|-damage|p2a: Iron Bundle|76\/100|[from] Stealth Rock\n|-damage|p2a: Iron Bundle|63\/100|[from] Spikes\n|-activate|p2a: Iron Bundle|ability: Quark Drive\n|-start|p2a: Iron Bundle|quarkdrivespe\n|turn|18\n|\n|t:|1699661836\n|move|p2a: Iron Bundle|Ice Beam|p1a: Stormbreaker\n|-supereffective|p1a: Stormbreaker\n|-damage|p1a: Stormbreaker|0 fnt\n|faint|p1a: Stormbreaker\n|\n|win|Serum W\n|n|\u2606The Uber Bad Boy|theuberbadboy\n|n|\u2606Serum W|serumw\n|n| shrang|shrang\n|n| corvere\u2665|corvere\n","uploadtime":1699661837,"views":4,"p1id":"theuberbadboy","p2id":"serumw","formatid":"gen9ubers","rating":0,"private":0,"password":""}