{"id":"gen9ubers-1973915230","p1":"oojelah8","p2":"faafo page","format":"[Gen 9] Ubers","log":"|j|\u2606oojelah8\n|j|\u2606faafo page\n|t:|1698027638\n|gametype|singles\n|player|p1|oojelah8|iris|1186\n|player|p2|faafo page|169|1337\n|teamsize|p1|6\n|teamsize|p2|6\n|gen|9\n|tier|[Gen 9] Ubers\n|rated|\n|rule|Sleep Clause Mod: Limit one foe put to sleep\n|rule|Species Clause: Limit one of each Pok\u00e9mon\n|rule|OHKO Clause: OHKO moves are banned\n|rule|Evasion Items Clause: Evasion items are banned\n|rule|Evasion Moves Clause: Evasion moves are banned\n|rule|Endless Battle Clause: Forcing endless battles is banned\n|rule|HP Percentage Mod: HP is shown in percentages\n|clearpoke\n|poke|p1|Arceus-Fairy|\n|poke|p1|Miraidon|\n|poke|p1|Iron Treads|\n|poke|p1|Alomomola, M|\n|poke|p1|Giratina-Origin|\n|poke|p1|Ting-Lu|\n|poke|p2|Clodsire, M|\n|poke|p2|Miraidon|\n|poke|p2|Groudon|\n|poke|p2|Arceus-Fairy|\n|poke|p2|Giratina-Origin|\n|poke|p2|Zacian-*|\n|teampreview\n|c|\u2606oojelah8|hf\n|inactive|Battle timer is ON: inactive players will automatically lose when time's up. (requested by faafo page)\n|inactive|oojelah8 has 120 seconds left.\n|\n|t:|1698027702\n|start\n|switch|p1a: Ting-Lu|Ting-Lu|100\/100\n|switch|p2a: Groudon|Groudon, shiny|100\/100\n|-weather|SunnyDay|[from] ability: Drought|[of] p2a: Groudon\n|-ability|p1a: Ting-Lu|Vessel of Ruin\n|turn|1\n|\n|t:|1698027711\n|move|p2a: Groudon|Will-O-Wisp|p1a: Ting-Lu\n|-status|p1a: Ting-Lu|brn\n|move|p1a: Ting-Lu|Ruination|p2a: Groudon|[miss]\n|-miss|p1a: Ting-Lu|p2a: Groudon\n|\n|-weather|SunnyDay|[upkeep]\n|-damage|p1a: Ting-Lu|94\/100 brn|[from] brn\n|upkeep\n|turn|2\n|\n|t:|1698027715\n|move|p2a: Groudon|Spikes|p1a: Ting-Lu\n|-sidestart|p1: oojelah8|Spikes\n|move|p1a: Ting-Lu|Spikes|p2a: Groudon\n|-sidestart|p2: faafo page|Spikes\n|\n|-weather|SunnyDay|[upkeep]\n|-damage|p1a: Ting-Lu|88\/100 brn|[from] brn\n|upkeep\n|turn|3\n|\n|t:|1698027718\n|switch|p2a: Giratina|Giratina-Origin, shiny|100\/100\n|move|p1a: Ting-Lu|Spikes|p2a: Giratina\n|-sidestart|p2: faafo page|Spikes\n|\n|-weather|SunnyDay|[upkeep]\n|-damage|p1a: Ting-Lu|82\/100 brn|[from] brn\n|upkeep\n|turn|4\n|\n|t:|1698027721\n|move|p2a: Giratina|Defog|p1a: Ting-Lu\n|-unboost|p1a: Ting-Lu|evasion|1\n|-sideend|p1: oojelah8|Spikes|[from] move: Defog|[of] p2a: Giratina\n|-sideend|p2: faafo page|Spikes|[from] move: Defog|[of] p2a: Giratina\n|move|p1a: Ting-Lu|Ruination|p2a: Giratina|[miss]\n|-miss|p1a: Ting-Lu|p2a: Giratina\n|\n|-weather|SunnyDay|[upkeep]\n|-damage|p1a: Ting-Lu|76\/100 brn|[from] brn\n|upkeep\n|turn|5\n|\n|t:|1698027726\n|move|p2a: Giratina|Draco Meteor|p1a: Ting-Lu\n|-damage|p1a: Ting-Lu|37\/100 brn\n|-unboost|p2a: Giratina|spa|2\n|move|p1a: Ting-Lu|Ruination|p2a: Giratina|[miss]\n|-miss|p1a: Ting-Lu|p2a: Giratina\n|\n|-weather|none\n|-damage|p1a: Ting-Lu|31\/100 brn|[from] brn\n|upkeep\n|turn|6\n|\n|t:|1698027733\n|move|p2a: Giratina|Defog|p1a: Ting-Lu\n|-unboost|p1a: Ting-Lu|evasion|1\n|move|p1a: Ting-Lu|Spikes|p2a: Giratina\n|-sidestart|p2: faafo page|Spikes\n|\n|-damage|p1a: Ting-Lu|25\/100 brn|[from] brn\n|upkeep\n|turn|7\n|\n|t:|1698027742\n|move|p2a: Giratina|Defog|p1a: Ting-Lu\n|-unboost|p1a: Ting-Lu|evasion|1\n|-sideend|p2: faafo page|Spikes|[from] move: Defog|[of] p2a: Giratina\n|move|p1a: Ting-Lu|Ruination|p2a: Giratina|[miss]\n|-miss|p1a: Ting-Lu|p2a: Giratina\n|\n|-damage|p1a: Ting-Lu|19\/100 brn|[from] brn\n|upkeep\n|turn|8\n|\n|t:|1698027753\n|move|p2a: Giratina|Draco Meteor|p1a: Ting-Lu\n|-damage|p1a: Ting-Lu|2\/100 brn\n|-unboost|p2a: Giratina|spa|2\n|move|p1a: Ting-Lu|Spikes|p2a: Giratina\n|-sidestart|p2: faafo page|Spikes\n|\n|-damage|p1a: Ting-Lu|0 fnt|[from] brn\n|faint|p1a: Ting-Lu\n|upkeep\n|\n|t:|1698027764\n|switch|p1a: Miraidon|Miraidon|100\/100\n|-fieldstart|move: Electric Terrain|[from] ability: Hadron Engine|[of] p1a: Miraidon\n|turn|9\n|\n|t:|1698027774\n|switch|p2a: Arceus|Arceus-Fairy|100\/100\n|-damage|p2a: Arceus|88\/100|[from] Spikes\n|move|p1a: Miraidon|Electro Drift|p2a: Arceus\n|-damage|p2a: Arceus|25\/100\n|\n|upkeep\n|turn|10\n|\n|t:|1698027784\n|switch|p2a: Clodsire|Clodsire, M|100\/100\n|-damage|p2a: Clodsire|88\/100|[from] Spikes\n|move|p1a: Miraidon|Draco Meteor|p2a: Clodsire|[miss]\n|-miss|p1a: Miraidon|p2a: Clodsire\n|\n|-heal|p2a: Clodsire|94\/100|[from] item: Leftovers\n|upkeep\n|turn|11\n|\n|t:|1698027792\n|move|p1a: Miraidon|Taunt|p2a: Clodsire\n|-start|p2a: Clodsire|move: Taunt\n|cant|p2a: Clodsire|move: Taunt|Stealth Rock\n|\n|-heal|p2a: Clodsire|100\/100|[from] item: Leftovers\n|upkeep\n|turn|12\n|\n|t:|1698027794\n|move|p1a: Miraidon|U-turn|p2a: Clodsire\n|-resisted|p2a: Clodsire\n|-damage|p2a: Clodsire|94\/100\n|\n|t:|1698027797\n|switch|p1a: Giratina|Giratina-Origin|100\/100|[from] U-turn\n|move|p2a: Clodsire|Earthquake|p1a: Giratina\n|-immune|p1a: Giratina|[from] ability: Levitate\n|\n|-heal|p2a: Clodsire|99\/100|[from] item: Leftovers\n|upkeep\n|turn|13\n|\n|t:|1698027806\n|switch|p2a: Zacian|Zacian-Crowned, shiny|100\/100\n|-damage|p2a: Zacian|88\/100|[from] Spikes\n|-ability|p2a: Zacian|Intrepid Sword|boost\n|-boost|p2a: Zacian|atk|1\n|move|p1a: Giratina|Will-O-Wisp|p2a: Zacian|[miss]\n|-miss|p1a: Giratina|p2a: Zacian\n|\n|-fieldend|move: Electric Terrain\n|upkeep\n|turn|14\n|\n|t:|1698027821\n|-terastallize|p1a: Giratina|Steel\n|move|p2a: Zacian|Play Rough|p1a: Giratina\n|-resisted|p1a: Giratina\n|-crit|p1a: Giratina\n|-damage|p1a: Giratina|68\/100\n|move|p1a: Giratina|Will-O-Wisp|p2a: Zacian\n|-status|p2a: Zacian|brn\n|\n|-damage|p2a: Zacian|82\/100 brn|[from] brn\n|upkeep\n|turn|15\n|\n|t:|1698027829\n|switch|p1a: Alomomola|Alomomola, M|100\/100\n|move|p2a: Zacian|Swords Dance|p2a: Zacian\n|-boost|p2a: Zacian|atk|2\n|\n|-damage|p2a: Zacian|76\/100 brn|[from] brn\n|upkeep\n|turn|16\n|\n|t:|1698027834\n|move|p2a: Zacian|Play Rough|p1a: Alomomola\n|-damage|p1a: Alomomola|66\/100\n|-unboost|p1a: Alomomola|atk|1\n|-damage|p2a: Zacian|59\/100 brn|[from] item: Rocky Helmet|[of] p1a: Alomomola\n|move|p1a: Alomomola|Flip Turn|p2a: Zacian\n|-damage|p2a: Zacian|49\/100 brn\n|\n|t:|1698027845\n|switch|p1a: Iron Treads|Iron Treads|100\/100|[from] Flip Turn\n|\n|-damage|p2a: Zacian|43\/100 brn|[from] brn\n|upkeep\n|turn|17\n|\n|t:|1698027857\n|-terastallize|p2a: Zacian|Fairy\n|move|p2a: Zacian|Close Combat|p1a: Iron Treads\n|-supereffective|p1a: Iron Treads\n|-damage|p1a: Iron Treads|0 fnt\n|-unboost|p2a: Zacian|def|1\n|-unboost|p2a: Zacian|spd|1\n|faint|p1a: Iron Treads\n|-end|p1a: Iron Treads|Quark Drive|[silent]\n|\n|-damage|p2a: Zacian|37\/100 brn|[from] brn\n|upkeep\n|\n|t:|1698027863\n|switch|p1a: Giratina|Giratina-Origin, tera:Steel|68\/100\n|turn|18\n|\n|t:|1698027867\n|move|p1a: Giratina|Shadow Sneak|p2a: Zacian\n|-damage|p2a: Zacian|7\/100 brn\n|move|p2a: Zacian|Close Combat|p1a: Giratina\n|-supereffective|p1a: Giratina\n|-crit|p1a: Giratina\n|-damage|p1a: Giratina|0 fnt\n|-unboost|p2a: Zacian|def|1\n|-unboost|p2a: Zacian|spd|1\n|faint|p1a: Giratina\n|\n|-damage|p2a: Zacian|1\/100 brn|[from] brn\n|upkeep\n|\n|t:|1698027877\n|switch|p1a: Alomomola|Alomomola, M|99\/100\n|turn|19\n|\n|t:|1698027880\n|move|p2a: Zacian|Play Rough|p1a: Alomomola\n|-damage|p1a: Alomomola|52\/100\n|-damage|p2a: Zacian|0 fnt|[from] item: Rocky Helmet|[of] p1a: Alomomola\n|faint|p2a: Zacian\n|move|p1a: Alomomola|Wish|p1a: Alomomola\n|\n|upkeep\n|\n|t:|1698027888\n|switch|p2a: Clodsire|Clodsire, M|99\/100\n|-damage|p2a: Clodsire|87\/100|[from] Spikes\n|turn|20\n|c|\u2606oojelah8|gg\n|-message|oojelah8 forfeited.\n|\n|win|faafo page\n|raw|oojelah8's rating: 1186 &rarr; <strong>1171<\/strong><br \/>(-15 for losing)\n|raw|faafo page's rating: 1337 &rarr; <strong>1349<\/strong><br \/>(+12 for winning)\n|l|\u2606faafo page\n","uploadtime":1698027932,"views":14,"p1id":"oojelah8","p2id":"faafopage","formatid":"gen9ubers","rating":1171,"private":0,"password":""}