{"id":"gen9ubers-1987370982","p1":"leonissenbaum","p2":"Dinonbk","format":"[Gen 9] Ubers","log":"|j|\u2606leonissenbaum\n|j|\u2606Dinonbk\n|t:|1699582917\n|gametype|singles\n|player|p1|leonissenbaum|leon|\n|player|p2|Dinonbk|mira|\n|teamsize|p1|6\n|teamsize|p2|6\n|gen|9\n|tier|[Gen 9] Ubers\n|rule|Sleep Clause Mod: Limit one foe put to sleep\n|rule|Species Clause: Limit one of each Pok\u00e9mon\n|rule|OHKO Clause: OHKO moves are banned\n|rule|Evasion Items Clause: Evasion items are banned\n|rule|Evasion Moves Clause: Evasion moves are banned\n|rule|Endless Battle Clause: Forcing endless battles is banned\n|rule|HP Percentage Mod: HP is shown in percentages\n|clearpoke\n|poke|p1|Quagsire, M|\n|poke|p1|Alomomola, F|\n|poke|p1|Ogerpon, F|\n|poke|p1|Clefable, M|\n|poke|p1|Volcarona, F|\n|poke|p1|Slowking, F|\n|poke|p2|Cutiefly, M|\n|poke|p2|Arceus-Poison|\n|poke|p2|Gholdengo|\n|poke|p2|Basculin-White-Striped, M|\n|poke|p2|Chi-Yu|\n|poke|p2|Dialga|\n|teampreview\n|inactive|Battle timer is ON: inactive players will automatically lose when time's up. (requested by Dinonbk)\n|c|\u2606leonissenbaum|ye, been saving replays\n|c|\u2606leonissenbaum|gl\n|c|\u2606Dinonbk|Alr\n|inactive|leonissenbaum has 270 seconds left.\n|j| FrostyRandom02\n|c|\u2606Dinonbk|I love playing on 2 devices\n|c|\u2606Dinonbk|so I can change teams quickly\n|j| IcyTheScreamer\n|c|\u2606leonissenbaum|oh now that im looking at this team i remember why i dont use it anymore haha\n|\n|t:|1699582962\n|start\n|switch|p1a: Ogerpon|Ogerpon, F|100\/100\n|switch|p2a: No sticky webs|Cutiefly, M|100\/100\n|turn|1\n|j| uubers account\n|\n|t:|1699582970\n|move|p2a: No sticky webs|Sticky Web|p1a: Ogerpon\n|-sidestart|p1: leonissenbaum|move: Sticky Web\n|move|p1a: Ogerpon|Spikes|p2a: No sticky webs\n|-sidestart|p2: Dinonbk|Spikes\n|\n|upkeep\n|turn|2\n|c| uubers account|leon wtf are you running\n|\n|t:|1699582980\n|move|p2a: No sticky webs|Fake Tears|p1a: Ogerpon\n|-unboost|p1a: Ogerpon|spd|2\n|-ability|p1a: Ogerpon|Defiant|boost\n|-boost|p1a: Ogerpon|atk|2\n|move|p1a: Ogerpon|Spikes|p2a: No sticky webs\n|-sidestart|p2: Dinonbk|Spikes\n|\n|upkeep\n|turn|3\n|c| IcyTheScreamer|cause no more croc\n|c| IcyTheScreamer|rip\n|c|\u2606leonissenbaum|true\n|c|\u2606Dinonbk|Oh shit\n|\n|t:|1699583002\n|move|p2a: No sticky webs|U-turn|p1a: Ogerpon\n|-supereffective|p1a: Ogerpon\n|-damage|p1a: Ogerpon|70\/100\n|c|\u2606Dinonbk|I fucked up\n|\n|t:|1699583019\n|switch|p2a: Roar UwU|Dialga|100\/100|[from] U-turn\n|-damage|p2a: Roar UwU|84\/100|[from] Spikes\n|-ability|p2a: Roar UwU|Pressure\n|move|p1a: Ogerpon|Spikes|p2a: Roar UwU\n|-sidestart|p2: Dinonbk|Spikes\n|\n|upkeep\n|turn|4\n|\n|t:|1699583033\n|switch|p1a: Slowking|Slowking, F|100\/100\n|move|p2a: Roar UwU|Fire Blast|p1a: Slowking\n|-resisted|p1a: Slowking\n|-damage|p1a: Slowking|88\/100\n|\n|upkeep\n|turn|5\n|j| willmcdiinetnetau\n|\n|t:|1699583048\n|move|p2a: Roar UwU|Draco Meteor|p1a: Slowking\n|-damage|p1a: Slowking|39\/100\n|-unboost|p2a: Roar UwU|spa|2\n|move|p1a: Slowking|Future Sight|p2a: Roar UwU\n|-start|p1a: Slowking|move: Future Sight\n|\n|upkeep\n|turn|6\n|l| willmcdiinetnetau\n|\n|t:|1699583056\n|switch|p2a: Firefish|Chi-Yu|100\/100\n|-damage|p2a: Firefish|76\/100|[from] Spikes\n|-ability|p2a: Firefish|Beads of Ruin\n|move|p1a: Slowking|Slack Off|p1a: Slowking\n|-heal|p1a: Slowking|89\/100\n|\n|upkeep\n|turn|7\n|j| wamkou\n|\n|t:|1699583084\n|switch|p1a: Clefable|Clefable, M|100\/100\n|-activate|p1a: Clefable|move: Sticky Web\n|-unboost|p1a: Clefable|spe|1\n|move|p2a: Firefish|Dark Pulse|p1a: Clefable\n|-resisted|p1a: Clefable\n|-damage|p1a: Clefable|62\/100\n|\n|-end|p2a: Firefish|move: Future Sight\n|-immune|p2a: Firefish\n|-heal|p1a: Clefable|68\/100|[from] item: Leftovers\n|upkeep\n|turn|8\n|inactive|Dinonbk has 270 seconds left.\n|\n|t:|1699583105\n|switch|p2a: Roar UwU|Dialga|84\/100\n|-damage|p2a: Roar UwU|59\/100|[from] Spikes\n|-ability|p2a: Roar UwU|Pressure\n|move|p1a: Clefable|Wish|p1a: Clefable\n|\n|-heal|p1a: Clefable|74\/100|[from] item: Leftovers\n|upkeep\n|turn|9\n|c| wamkou|SMH bros not even running belly drum slowking\n|inactive|Dinonbk has 270 seconds left.\n|\n|t:|1699583120\n|move|p1a: Clefable|Protect|p1a: Clefable\n|-singleturn|p1a: Clefable|Protect\n|move|p2a: Roar UwU|Draco Meteor|p1a: Clefable\n|-activate|p1a: Clefable|move: Protect\n|\n|-heal|p1a: Clefable|100\/100|[from] move: Wish|[wisher] Clefable\n|upkeep\n|turn|10\n|c|\u2606leonissenbaum|you haven't seen the full set\n|c|\u2606leonissenbaum|it's still possible\n|c| IcyTheScreamer|he could be running triple drum\n|\n|t:|1699583140\n|switch|p1a: Slowking|Slowking, F|100\/100\n|move|p2a: Roar UwU|Flash Cannon|p1a: Slowking\n|-resisted|p1a: Slowking\n|-damage|p1a: Slowking|86\/100\n|\n|upkeep\n|turn|11\n|inactive|Dinonbk has 270 seconds left.\n|\n|t:|1699583157\n|move|p1a: Slowking|Future Sight|p2a: Roar UwU\n|-start|p1a: Slowking|move: Future Sight\n|move|p2a: Roar UwU|Roar|p1a: Slowking\n|drag|p1a: Clefable|Clefable, M|100\/100\n|-activate|p1a: Clefable|move: Sticky Web\n|-unboost|p1a: Clefable|spe|1\n|\n|upkeep\n|turn|12\n|\n|t:|1699583165\n|switch|p1a: Slowking|Slowking, F|100\/100\n|move|p2a: Roar UwU|Roar|p1a: Slowking\n|drag|p1a: Quagsire|Quagsire, M|100\/100\n|\n|upkeep\n|turn|13\n|inactive|Dinonbk has 270 seconds left.\n|\n|t:|1699583173\n|switch|p2a: Im Flying|Gholdengo|100\/100\n|-item|p2a: Im Flying|Air Balloon\n|switch|p1a: Slowking|Slowking, F|100\/100\n|\n|-end|p2a: Im Flying|move: Future Sight\n|-resisted|p2a: Im Flying\n|-damage|p2a: Im Flying|82\/100\n|-enditem|p2a: Im Flying|Air Balloon\n|upkeep\n|turn|14\n|inactive|Dinonbk has 270 seconds left.\n|\n|t:|1699583183\n|move|p2a: Im Flying|Shadow Ball|p1a: Slowking\n|-supereffective|p1a: Slowking\n|-crit|p1a: Slowking\n|-damage|p1a: Slowking|18\/100\n|move|p1a: Slowking|Chilly Reception|p1a: Slowking\n|-weather|Snow\n|\n|t:|1699583191\n|switch|p1a: Volcarona|Volcarona, F|100\/100|[from] Chilly Reception\n|\n|-weather|Snow|[upkeep]\n|upkeep\n|turn|15\n|c|\u2606Dinonbk|man\n|\n|t:|1699583196\n|move|p1a: Volcarona|Fiery Dance|p2a: Im Flying\n|-supereffective|p2a: Im Flying\n|-damage|p2a: Im Flying|18\/100\n|move|p2a: Im Flying|Make It Rain|p1a: Volcarona\n|-resisted|p1a: Volcarona\n|-damage|p1a: Volcarona|78\/100\n|-unboost|p2a: Im Flying|spa|1\n|\n|-weather|Snow|[upkeep]\n|upkeep\n|turn|16\n|c|\u2606Dinonbk|Ive missed clicked\n|c| IcyTheScreamer|moth gaming?\n|c| IcyTheScreamer|on stall?\n|\n|t:|1699583210\n|move|p1a: Volcarona|Fiery Dance|p2a: Im Flying\n|-supereffective|p2a: Im Flying\n|-damage|p2a: Im Flying|0 fnt\n|faint|p2a: Im Flying\n|\n|-weather|Snow|[upkeep]\n|upkeep\n|inactive|Dinonbk has 270 seconds left.\n|\n|t:|1699583227\n|switch|p2a: Basculegion who?|Basculin-White-Striped, M|100\/100\n|-damage|p2a: Basculegion who?|76\/100|[from] Spikes\n|turn|17\n|c|\u2606leonissenbaum|it's more likely than you think\n|\n|t:|1699583238\n|switch|p1a: Alomomola|Alomomola, F|100\/100\n|move|p2a: Basculegion who?|Wave Crash|p1a: Alomomola\n|-resisted|p1a: Alomomola\n|-damage|p1a: Alomomola|83\/100\n|-damage|p2a: Basculegion who?|65\/100|[from] Recoil\n|\n|-weather|Snow|[upkeep]\n|upkeep\n|turn|18\n|\n|t:|1699583244\n|switch|p2a: Basic B-|Arceus-Poison|100\/100\n|-damage|p2a: Basic B-|75\/100|[from] Spikes\n|move|p1a: Alomomola|Wish|p1a: Alomomola\n|\n|-weather|none\n|upkeep\n|turn|19\n|inactive|leonissenbaum has 270 seconds left.\n|\n|t:|1699583275\n|move|p2a: Basic B-|Dragon Dance|p2a: Basic B-\n|-boost|p2a: Basic B-|atk|1\n|-boost|p2a: Basic B-|spe|1\n|move|p1a: Alomomola|Chilling Water|p2a: Basic B-\n|-damage|p2a: Basic B-|70\/100\n|-unboost|p2a: Basic B-|atk|1\n|\n|-heal|p1a: Alomomola|100\/100|[from] move: Wish|[wisher] Alomomola\n|upkeep\n|turn|20\n|\n|t:|1699583285\n|move|p2a: Basic B-|Dragon Dance|p2a: Basic B-\n|-boost|p2a: Basic B-|atk|1\n|-boost|p2a: Basic B-|spe|1\n|move|p1a: Alomomola|Chilling Water|p2a: Basic B-\n|-damage|p2a: Basic B-|64\/100\n|-unboost|p2a: Basic B-|atk|1\n|\n|upkeep\n|turn|21\n|\n|t:|1699583294\n|move|p2a: Basic B-|Poison Jab|p1a: Alomomola\n|-damage|p1a: Alomomola|71\/100\n|move|p1a: Alomomola|Chilling Water|p2a: Basic B-\n|-damage|p2a: Basic B-|58\/100\n|-unboost|p2a: Basic B-|atk|1\n|\n|upkeep\n|turn|22\n|\n|t:|1699583301\n|move|p2a: Basic B-|Dragon Dance|p2a: Basic B-\n|-boost|p2a: Basic B-|atk|1\n|-boost|p2a: Basic B-|spe|1\n|move|p1a: Alomomola|Wish|p1a: Alomomola\n|\n|upkeep\n|turn|23\n|\n|t:|1699583307\n|move|p2a: Basic B-|Dragon Dance|p2a: Basic B-\n|-boost|p2a: Basic B-|atk|1\n|-boost|p2a: Basic B-|spe|1\n|move|p1a: Alomomola|Chilling Water|p2a: Basic B-\n|-damage|p2a: Basic B-|52\/100\n|-unboost|p2a: Basic B-|atk|1\n|\n|-heal|p1a: Alomomola|100\/100|[from] move: Wish|[wisher] Alomomola\n|upkeep\n|turn|24\n|c| IcyTheScreamer|chilling water > scald apparently\n|c| wamkou|Boring ahhh game\n|l| wamkou\n|\n|t:|1699583315\n|move|p2a: Basic B-|Recover|p2a: Basic B-\n|-heal|p2a: Basic B-|100\/100\n|move|p1a: Alomomola|Chilling Water|p2a: Basic B-\n|-damage|p2a: Basic B-|94\/100\n|-unboost|p2a: Basic B-|atk|1\n|\n|upkeep\n|turn|25\n|\n|t:|1699583320\n|move|p2a: Basic B-|Dragon Dance|p2a: Basic B-\n|-boost|p2a: Basic B-|atk|1\n|-boost|p2a: Basic B-|spe|1\n|move|p1a: Alomomola|Chilling Water|p2a: Basic B-\n|-damage|p2a: Basic B-|89\/100\n|-unboost|p2a: Basic B-|atk|1\n|\n|upkeep\n|turn|26\n|\n|t:|1699583324\n|move|p2a: Basic B-|Dragon Dance|p2a: Basic B-\n|-boost|p2a: Basic B-|atk|1\n|-boost|p2a: Basic B-|spe|1\n|move|p1a: Alomomola|Chilling Water|p2a: Basic B-\n|-damage|p2a: Basic B-|83\/100\n|-unboost|p2a: Basic B-|atk|1\n|\n|upkeep\n|turn|27\n|\n|t:|1699583332\n|move|p2a: Basic B-|Dragon Dance|p2a: Basic B-\n|-boost|p2a: Basic B-|atk|1\n|-boost|p2a: Basic B-|spe|0\n|move|p1a: Alomomola|Chilling Water|p2a: Basic B-\n|-damage|p2a: Basic B-|77\/100\n|-unboost|p2a: Basic B-|atk|1\n|\n|upkeep\n|turn|28\n|c|\u2606Dinonbk|Pp stall the war\n|\n|t:|1699583345\n|move|p2a: Basic B-|Dragon Dance|p2a: Basic B-\n|-boost|p2a: Basic B-|atk|1\n|-boost|p2a: Basic B-|spe|0\n|move|p1a: Alomomola|Wish|p1a: Alomomola\n|\n|upkeep\n|turn|29\n|\n|t:|1699583350\n|switch|p1a: Volcarona|Volcarona, F|78\/100\n|move|p2a: Basic B-|Dragon Dance|p2a: Basic B-\n|-boost|p2a: Basic B-|atk|1\n|-boost|p2a: Basic B-|spe|0\n|\n|-heal|p1a: Volcarona|100\/100|[from] move: Wish|[wisher] Alomomola\n|upkeep\n|turn|30\n|c| IcyTheScreamer|chilling water 32 pp, dd 32 pp\n|c| FrostyRandom02|This is a battle for the ages\n|\n|t:|1699583362\n|move|p2a: Basic B-|Poison Jab|p1a: Volcarona\n|-crit|p1a: Volcarona\n|-damage|p1a: Volcarona|0 fnt\n|faint|p1a: Volcarona\n|\n|upkeep\n|c| uubers account|crit\n|c| IcyTheScreamer|ok\n|c|\u2606Dinonbk|Oh my\n|c|\u2606leonissenbaum|this is so sad\n|\n|t:|1699583375\n|switch|p1a: Alomomola|Alomomola, F|100\/100\n|turn|31\n|c| uubers account|I felt that\n|c| IcyTheScreamer|unfortunate\n|c|\u2606Dinonbk|U got 2 crits last games I got 2 crits\n|\n|t:|1699583387\n|move|p2a: Basic B-|Dragon Dance|p2a: Basic B-\n|-boost|p2a: Basic B-|atk|1\n|-boost|p2a: Basic B-|spe|0\n|move|p1a: Alomomola|Chilling Water|p2a: Basic B-\n|-damage|p2a: Basic B-|71\/100\n|-unboost|p2a: Basic B-|atk|1\n|\n|upkeep\n|turn|32\n|c| uubers account|dejav\n|\n|t:|1699583392\n|move|p2a: Basic B-|Dragon Dance|p2a: Basic B-\n|-boost|p2a: Basic B-|atk|1\n|-boost|p2a: Basic B-|spe|0\n|move|p1a: Alomomola|Chilling Water|p2a: Basic B-\n|-damage|p2a: Basic B-|66\/100\n|-unboost|p2a: Basic B-|atk|1\n|\n|upkeep\n|turn|33\n|c| IcyTheScreamer|no funny moth gaming :(\n|\n|t:|1699583400\n|move|p2a: Basic B-|Dragon Dance|p2a: Basic B-\n|-boost|p2a: Basic B-|atk|1\n|-boost|p2a: Basic B-|spe|0\n|move|p1a: Alomomola|Chilling Water|p2a: Basic B-\n|-damage|p2a: Basic B-|60\/100\n|-unboost|p2a: Basic B-|atk|1\n|\n|upkeep\n|turn|34\n|c|\u2606leonissenbaum|when the moth isn't funny\n|inactive|Dinonbk has 270 seconds left.\n|\n|t:|1699583437\n|move|p2a: Basic B-|Poison Jab|p1a: Alomomola\n|-damage|p1a: Alomomola|62\/100\n|-status|p1a: Alomomola|psn\n|move|p1a: Alomomola|Chilling Water|p2a: Basic B-\n|-damage|p2a: Basic B-|54\/100\n|-unboost|p2a: Basic B-|atk|1\n|\n|-damage|p1a: Alomomola|50\/100 psn|[from] psn\n|upkeep\n|turn|35\n|\n|t:|1699583443\n|move|p2a: Basic B-|Recover|p2a: Basic B-\n|-heal|p2a: Basic B-|100\/100\n|move|p1a: Alomomola|Wish|p1a: Alomomola\n|\n|-damage|p1a: Alomomola|37\/100 psn|[from] psn\n|upkeep\n|turn|36\n|c| IcyTheScreamer|we have funny fish gaming\n|c|\u2606Dinonbk|Lets go\n|\n|t:|1699583463\n|move|p1a: Alomomola|Protect|p1a: Alomomola\n|-singleturn|p1a: Alomomola|Protect\n|move|p2a: Basic B-|Dragon Dance|p2a: Basic B-\n|-boost|p2a: Basic B-|atk|1\n|-boost|p2a: Basic B-|spe|0\n|\n|-heal|p1a: Alomomola|87\/100 psn|[from] move: Wish|[wisher] Alomomola\n|-damage|p1a: Alomomola|75\/100 psn|[from] psn\n|upkeep\n|turn|37\n|\n|t:|1699583468\n|move|p2a: Basic B-|Dragon Dance|p2a: Basic B-\n|-boost|p2a: Basic B-|atk|1\n|-boost|p2a: Basic B-|spe|0\n|move|p1a: Alomomola|Wish|p1a: Alomomola\n|\n|-damage|p1a: Alomomola|63\/100 psn|[from] psn\n|upkeep\n|turn|38\n|\n|t:|1699583490\n|move|p2a: Basic B-|Dragon Dance|p2a: Basic B-\n|-boost|p2a: Basic B-|atk|1\n|-boost|p2a: Basic B-|spe|0\n|move|p1a: Alomomola|Chilling Water|p2a: Basic B-\n|-damage|p2a: Basic B-|95\/100\n|-unboost|p2a: Basic B-|atk|1\n|\n|-heal|p1a: Alomomola|100\/100 psn|[from] move: Wish|[wisher] Alomomola\n|-damage|p1a: Alomomola|88\/100 psn|[from] psn\n|upkeep\n|turn|39\n|\n|t:|1699583507\n|move|p2a: Basic B-|Dragon Dance|p2a: Basic B-\n|-boost|p2a: Basic B-|atk|1\n|-boost|p2a: Basic B-|spe|0\n|move|p1a: Alomomola|Chilling Water|p2a: Basic B-\n|-damage|p2a: Basic B-|89\/100\n|-unboost|p2a: Basic B-|atk|1\n|\n|-damage|p1a: Alomomola|76\/100 psn|[from] psn\n|upkeep\n|turn|40\n|\n|t:|1699583512\n|move|p2a: Basic B-|Dragon Dance|p2a: Basic B-\n|-boost|p2a: Basic B-|atk|1\n|-boost|p2a: Basic B-|spe|0\n|move|p1a: Alomomola|Chilling Water|p2a: Basic B-\n|-damage|p2a: Basic B-|84\/100\n|-unboost|p2a: Basic B-|atk|1\n|\n|-damage|p1a: Alomomola|63\/100 psn|[from] psn\n|upkeep\n|turn|41\n|\n|t:|1699583514\n|move|p2a: Basic B-|Dragon Dance|p2a: Basic B-\n|-boost|p2a: Basic B-|atk|1\n|-boost|p2a: Basic B-|spe|0\n|move|p1a: Alomomola|Wish|p1a: Alomomola\n|\n|-damage|p1a: Alomomola|51\/100 psn|[from] psn\n|upkeep\n|turn|42\n|\n|t:|1699583519\n|move|p1a: Alomomola|Protect|p1a: Alomomola\n|-singleturn|p1a: Alomomola|Protect\n|move|p2a: Basic B-|Dragon Dance|p2a: Basic B-\n|-boost|p2a: Basic B-|atk|1\n|-boost|p2a: Basic B-|spe|0\n|\n|-heal|p1a: Alomomola|100\/100 psn|[from] move: Wish|[wisher] Alomomola\n|-damage|p1a: Alomomola|88\/100 psn|[from] psn\n|upkeep\n|turn|43\n|\n|t:|1699583530\n|switch|p1a: Quagsire|Quagsire, M|100\/100\n|move|p2a: Basic B-|Dragon Dance|p2a: Basic B-\n|-boost|p2a: Basic B-|atk|1\n|-boost|p2a: Basic B-|spe|0\n|\n|upkeep\n|turn|44\n|\n|t:|1699583547\n|switch|p2a: No sticky webs|Cutiefly, M|100\/100\n|-damage|p2a: No sticky webs|76\/100|[from] Spikes\n|move|p1a: Quagsire|Stealth Rock|p2a: No sticky webs\n|-sidestart|p2: Dinonbk|move: Stealth Rock\n|\n|upkeep\n|turn|45\n|\n|t:|1699583560\n|switch|p1a: Alomomola|Alomomola, F|100\/100 psn\n|move|p2a: No sticky webs|Fake Tears|p1a: Alomomola\n|-unboost|p1a: Alomomola|spd|2\n|\n|-damage|p1a: Alomomola|88\/100 psn|[from] psn\n|upkeep\n|turn|46\n|c| IcyTheScreamer|i thought for sure it was over\n|\n|t:|1699583565\n|move|p2a: No sticky webs|U-turn|p1a: Alomomola\n|-damage|p1a: Alomomola|81\/100 psn\n|\n|t:|1699583569\n|switch|p2a: Roar UwU|Dialga|59\/100|[from] U-turn\n|-damage|p2a: Roar UwU|34\/100|[from] Spikes\n|-damage|p2a: Roar UwU|28\/100|[from] Stealth Rock\n|-ability|p2a: Roar UwU|Pressure\n|move|p1a: Alomomola|Whirlpool|p2a: Roar UwU\n|-resisted|p2a: Roar UwU\n|-damage|p2a: Roar UwU|25\/100\n|-activate|p2a: Roar UwU|move: Whirlpool|[of] p1a: Alomomola\n|\n|-damage|p1a: Alomomola|68\/100 psn|[from] psn\n|-damage|p2a: Roar UwU|13\/100|[from] move: Whirlpool|[partiallytrapped]\n|upkeep\n|turn|47\n|\n|t:|1699583587\n|move|p1a: Alomomola|Protect|p1a: Alomomola\n|-singleturn|p1a: Alomomola|Protect\n|move|p2a: Roar UwU|Roar|p1a: Alomomola\n|drag|p1a: Slowking|Slowking, F|52\/100\n|\n|-end|p2a: Roar UwU|Whirlpool|[partiallytrapped]|[silent]\n|upkeep\n|turn|48\n|j| Leo Justice\n|\n|t:|1699583616\n|move|p2a: Roar UwU|Draco Meteor|p1a: Slowking\n|-damage|p1a: Slowking|3\/100\n|-unboost|p2a: Roar UwU|spa|2\n|move|p1a: Slowking|Slack Off|p1a: Slowking\n|-heal|p1a: Slowking|53\/100\n|\n|upkeep\n|turn|49\n|c| IcyTheScreamer|leon what is this team\n|\n|t:|1699583625\n|move|p1a: Slowking|Slack Off|p1a: Slowking\n|-heal|p1a: Slowking|100\/100\n|move|p2a: Roar UwU|Roar|p1a: Slowking\n|drag|p1a: Ogerpon|Ogerpon, F|70\/100\n|\n|upkeep\n|turn|50\n|\n|t:|1699583639\n|switch|p1a: Slowking|Slowking, F|100\/100\n|move|p2a: Roar UwU|Fire Blast|p1a: Slowking\n|-resisted|p1a: Slowking\n|-damage|p1a: Slowking|94\/100\n|\n|upkeep\n|turn|51\n|c|\u2606Dinonbk|heavy duty boots?\n|\n|t:|1699583645\n|move|p1a: Slowking|Future Sight|p2a: Roar UwU\n|-start|p1a: Slowking|move: Future Sight\n|move|p2a: Roar UwU|Roar|p1a: Slowking\n|drag|p1a: Quagsire|Quagsire, M|100\/100\n|\n|upkeep\n|turn|52\n|\n|t:|1699583651\n|switch|p1a: Alomomola|Alomomola, F|100\/100 psn\n|move|p2a: Roar UwU|Draco Meteor|p1a: Alomomola\n|-damage|p1a: Alomomola|51\/100 psn\n|-unboost|p2a: Roar UwU|spa|2\n|\n|-damage|p1a: Alomomola|39\/100 psn|[from] psn\n|upkeep\n|turn|53\n|j| Zed the bed\n|\n|t:|1699583663\n|switch|p1a: Slowking|Slowking, F|100\/100\n|move|p2a: Roar UwU|Roar|p1a: Slowking\n|drag|p1a: Clefable|Clefable, M|100\/100\n|-activate|p1a: Clefable|move: Sticky Web\n|-unboost|p1a: Clefable|spe|1\n|\n|-end|p2a: Roar UwU|move: Future Sight\n|-resisted|p2a: Roar UwU\n|-damage|p2a: Roar UwU|0 fnt\n|faint|p2a: Roar UwU\n|upkeep\n|c| IcyTheScreamer|he didn't want to deal with webs so he ran mono boots apparently\n|\n|t:|1699583678\n|switch|p2a: No sticky webs|Cutiefly, M|76\/100\n|-damage|p2a: No sticky webs|51\/100|[from] Spikes\n|-damage|p2a: No sticky webs|26\/100|[from] Stealth Rock\n|turn|54\n|j| Kabunger\n|c|\u2606leonissenbaum|true\n|\n|t:|1699583690\n|move|p2a: No sticky webs|Fake Tears|p1a: Clefable\n|-unboost|p1a: Clefable|spd|2\n|move|p1a: Clefable|Moonblast|p2a: No sticky webs\n|-damage|p2a: No sticky webs|0 fnt\n|faint|p2a: No sticky webs\n|\n|upkeep\n|\n|t:|1699583707\n|switch|p2a: Firefish|Chi-Yu|76\/100\n|-damage|p2a: Firefish|51\/100|[from] Spikes\n|-damage|p2a: Firefish|26\/100|[from] Stealth Rock\n|-ability|p2a: Firefish|Beads of Ruin\n|turn|55\n|\n|t:|1699583726\n|move|p1a: Clefable|Protect|p1a: Clefable\n|-singleturn|p1a: Clefable|Protect\n|move|p2a: Firefish|Dark Pulse|p1a: Clefable\n|-activate|p1a: Clefable|move: Protect\n|\n|upkeep\n|turn|56\n|c|\u2606Dinonbk|:)\n|\n|t:|1699583740\n|switch|p1a: Ogerpon|Ogerpon, F|70\/100\n|move|p2a: Firefish|Dark Pulse|p1a: Ogerpon\n|-damage|p1a: Ogerpon|10\/100\n|\n|upkeep\n|turn|57\n|\n|t:|1699583750\n|move|p2a: Firefish|Dark Pulse|p1a: Ogerpon\n|-damage|p1a: Ogerpon|0 fnt\n|faint|p1a: Ogerpon\n|\n|upkeep\n|\n|t:|1699583755\n|switch|p1a: Clefable|Clefable, M|100\/100\n|-activate|p1a: Clefable|move: Sticky Web\n|-unboost|p1a: Clefable|spe|1\n|turn|58\n|c| IcyTheScreamer|ogerpon non gaming\n|c| IcyTheScreamer|sadge\n|\n|t:|1699583767\n|move|p2a: Firefish|Dark Pulse|p1a: Clefable\n|-resisted|p1a: Clefable\n|-damage|p1a: Clefable|59\/100\n|cant|p1a: Clefable|flinch\n|\n|-heal|p1a: Clefable|65\/100|[from] item: Leftovers\n|upkeep\n|turn|59\n|\n|t:|1699583770\n|move|p2a: Firefish|Dark Pulse|p1a: Clefable\n|-resisted|p1a: Clefable\n|-damage|p1a: Clefable|23\/100\n|move|p1a: Clefable|Wish|p1a: Clefable\n|\n|-heal|p1a: Clefable|29\/100|[from] item: Leftovers\n|upkeep\n|turn|60\n|\n|t:|1699583774\n|move|p1a: Clefable|Protect|p1a: Clefable\n|-singleturn|p1a: Clefable|Protect\n|move|p2a: Firefish|Dark Pulse|p1a: Clefable\n|-activate|p1a: Clefable|move: Protect\n|\n|-heal|p1a: Clefable|79\/100|[from] move: Wish|[wisher] Clefable\n|-heal|p1a: Clefable|85\/100|[from] item: Leftovers\n|upkeep\n|turn|61\n|\n|t:|1699583777\n|move|p2a: Firefish|Dark Pulse|p1a: Clefable\n|-resisted|p1a: Clefable\n|-damage|p1a: Clefable|45\/100\n|move|p1a: Clefable|Calm Mind|p1a: Clefable\n|-boost|p1a: Clefable|spa|1\n|-boost|p1a: Clefable|spd|1\n|\n|-heal|p1a: Clefable|52\/100|[from] item: Leftovers\n|upkeep\n|turn|62\n|\n|t:|1699583782\n|move|p2a: Firefish|Dark Pulse|p1a: Clefable\n|-resisted|p1a: Clefable\n|-damage|p1a: Clefable|26\/100\n|move|p1a: Clefable|Wish|p1a: Clefable\n|\n|-heal|p1a: Clefable|32\/100|[from] item: Leftovers\n|upkeep\n|turn|63\n|\n|t:|1699583791\n|switch|p2a: Basic B-|Arceus-Poison|84\/100\n|-damage|p2a: Basic B-|59\/100|[from] Spikes\n|-damage|p2a: Basic B-|47\/100|[from] Stealth Rock\n|move|p1a: Clefable|Protect||[still]\n|-fail|p1a: Clefable\n|\n|-heal|p1a: Clefable|82\/100|[from] move: Wish|[wisher] Clefable\n|-heal|p1a: Clefable|88\/100|[from] item: Leftovers\n|upkeep\n|turn|64\n|\n|t:|1699583819\n|switch|p1a: Alomomola|Alomomola, F|72\/100 psn\n|move|p2a: Basic B-|Recover|p2a: Basic B-\n|-heal|p2a: Basic B-|97\/100\n|\n|-damage|p1a: Alomomola|60\/100 psn|[from] psn\n|upkeep\n|turn|65\n|\n|t:|1699583826\n|move|p2a: Basic B-|Dragon Dance|p2a: Basic B-\n|-boost|p2a: Basic B-|atk|1\n|-boost|p2a: Basic B-|spe|1\n|move|p1a: Alomomola|Wish|p1a: Alomomola\n|\n|-damage|p1a: Alomomola|48\/100 psn|[from] psn\n|upkeep\n|turn|66\n|\n|t:|1699583839\n|move|p2a: Basic B-|Dragon Dance|p2a: Basic B-\n|-boost|p2a: Basic B-|atk|1\n|-boost|p2a: Basic B-|spe|1\n|move|p1a: Alomomola|Whirlpool|p2a: Basic B-\n|-damage|p2a: Basic B-|93\/100\n|-activate|p2a: Basic B-|move: Whirlpool|[of] p1a: Alomomola\n|\n|-heal|p1a: Alomomola|98\/100 psn|[from] move: Wish|[wisher] Alomomola\n|-damage|p1a: Alomomola|85\/100 psn|[from] psn\n|-damage|p2a: Basic B-|81\/100|[from] move: Whirlpool|[partiallytrapped]\n|upkeep\n|turn|67\n|\n|t:|1699583850\n|move|p2a: Basic B-|Dragon Dance|p2a: Basic B-\n|-boost|p2a: Basic B-|atk|1\n|-boost|p2a: Basic B-|spe|1\n|move|p1a: Alomomola|Wish|p1a: Alomomola\n|\n|-damage|p1a: Alomomola|73\/100 psn|[from] psn\n|-damage|p2a: Basic B-|68\/100|[from] move: Whirlpool|[partiallytrapped]\n|upkeep\n|turn|68\n|\n|t:|1699583856\n|move|p1a: Alomomola|Protect|p1a: Alomomola\n|-singleturn|p1a: Alomomola|Protect\n|move|p2a: Basic B-|Poison Jab|p1a: Alomomola\n|-activate|p1a: Alomomola|move: Protect\n|\n|-heal|p1a: Alomomola|100\/100 psn|[from] move: Wish|[wisher] Alomomola\n|-damage|p1a: Alomomola|88\/100 psn|[from] psn\n|-damage|p2a: Basic B-|56\/100|[from] move: Whirlpool|[partiallytrapped]\n|upkeep\n|turn|69\n|\n|t:|1699583859\n|switch|p1a: Quagsire|Quagsire, M|100\/100\n|move|p2a: Basic B-|Dragon Dance|p2a: Basic B-\n|-boost|p2a: Basic B-|atk|1\n|-boost|p2a: Basic B-|spe|1\n|\n|-end|p2a: Basic B-|Whirlpool|[partiallytrapped]|[silent]\n|upkeep\n|turn|70\n|c| Leo Justice|Why not scald btw\n|c|\u2606leonissenbaum|less consistent\n|c| IcyTheScreamer|thats wild\n|c| Leo Justice|wdym less consistent\n|c|\u2606leonissenbaum|only 30% chance\n|c| uubers account|20<100\n|c|\u2606leonissenbaum|vs 100% on chilling water\n|\n|t:|1699583888\n|move|p2a: Basic B-|Recover|p2a: Basic B-\n|-heal|p2a: Basic B-|100\/100\n|move|p1a: Quagsire|Earth Power|p2a: Basic B-\n|-supereffective|p2a: Basic B-\n|-damage|p2a: Basic B-|72\/100\n|\n|upkeep\n|turn|71\n|c| IcyTheScreamer|also no flipturn?\n|\n|t:|1699583895\n|move|p2a: Basic B-|Earthquake|p1a: Quagsire\n|-damage|p1a: Quagsire|76\/100\n|move|p1a: Quagsire|Earth Power|p2a: Basic B-\n|-supereffective|p2a: Basic B-\n|-damage|p2a: Basic B-|44\/100\n|\n|upkeep\n|turn|72\n|c|\u2606leonissenbaum|stall doesn't care about momentum\n|\n|t:|1699583902\n|move|p2a: Basic B-|Poison Jab|p1a: Quagsire\n|-resisted|p1a: Quagsire\n|-damage|p1a: Quagsire|60\/100\n|move|p1a: Quagsire|Earth Power|p2a: Basic B-\n|-supereffective|p2a: Basic B-\n|-damage|p2a: Basic B-|17\/100\n|-unboost|p2a: Basic B-|spd|1\n|\n|upkeep\n|turn|73\n|c| Leo Justice|Why is Earth power?\n|c|\u2606leonissenbaum|i think\n|c|\u2606leonissenbaum|i misclicked it when i meant to click earthquake\n|inactive|leonissenbaum has 270 seconds left.\n|c| uubers account|bruh\n|c| Kabunger|omg\n|\n|t:|1699583938\n|move|p2a: Basic B-|Recover|p2a: Basic B-\n|-heal|p2a: Basic B-|67\/100\n|move|p1a: Quagsire|Earth Power|p2a: Basic B-\n|-supereffective|p2a: Basic B-\n|-damage|p2a: Basic B-|37\/100\n|\n|upkeep\n|turn|74\n|inactive|leonissenbaum has 270 seconds left.\n|\n|t:|1699583946\n|move|p2a: Basic B-|Poison Jab|p1a: Quagsire\n|-resisted|p1a: Quagsire\n|-damage|p1a: Quagsire|42\/100\n|-status|p1a: Quagsire|psn\n|move|p1a: Quagsire|Recover|p1a: Quagsire\n|-heal|p1a: Quagsire|92\/100 psn\n|\n|-damage|p1a: Quagsire|80\/100 psn|[from] psn\n|upkeep\n|turn|75\n|\n|t:|1699583960\n|move|p2a: Basic B-|Earthquake|p1a: Quagsire\n|-damage|p1a: Quagsire|56\/100 psn\n|move|p1a: Quagsire|Earth Power|p2a: Basic B-\n|-supereffective|p2a: Basic B-\n|-damage|p2a: Basic B-|8\/100\n|\n|-damage|p1a: Quagsire|44\/100 psn|[from] psn\n|upkeep\n|turn|76\n|c|\u2606leonissenbaum|BUT YOU KNOW WHAT\n|c|\u2606leonissenbaum|that 10% spdef drop is coming in clutch\n|c|\u2606leonissenbaum|so planned\n|\n|t:|1699583978\n|move|p2a: Basic B-|Recover|p2a: Basic B-\n|-heal|p2a: Basic B-|58\/100\n|move|p1a: Quagsire|Recover|p1a: Quagsire\n|-heal|p1a: Quagsire|94\/100 psn\n|\n|-damage|p1a: Quagsire|81\/100 psn|[from] psn\n|upkeep\n|turn|77\n|c|\u2606Dinonbk|Unaware\n|c| Leo Justice|it doesnt matter\n|c|\u2606leonissenbaum|oh right\n|\n|t:|1699583988\n|move|p2a: Basic B-|Earthquake|p1a: Quagsire\n|-damage|p1a: Quagsire|57\/100 psn\n|move|p1a: Quagsire|Earth Power|p2a: Basic B-\n|-supereffective|p2a: Basic B-\n|-damage|p2a: Basic B-|29\/100\n|\n|-damage|p1a: Quagsire|45\/100 psn|[from] psn\n|upkeep\n|turn|78\n|c| Leo Justice|unaware\n|c| Kabunger|sure\n|\n|t:|1699583993\n|move|p2a: Basic B-|Recover|p2a: Basic B-\n|-heal|p2a: Basic B-|79\/100\n|move|p1a: Quagsire|Recover|p1a: Quagsire\n|-heal|p1a: Quagsire|95\/100 psn\n|\n|-damage|p1a: Quagsire|82\/100 psn|[from] psn\n|upkeep\n|turn|79\n|c|\u2606leonissenbaum|well\n|c|\u2606leonissenbaum|it's lowering the power of his stored power maybe\n|\n|t:|1699584002\n|move|p2a: Basic B-|Earthquake|p1a: Quagsire\n|-damage|p1a: Quagsire|59\/100 psn\n|move|p1a: Quagsire|Earth Power|p2a: Basic B-\n|-supereffective|p2a: Basic B-\n|-crit|p2a: Basic B-\n|-damage|p2a: Basic B-|36\/100\n|\n|-damage|p1a: Quagsire|47\/100 psn|[from] psn\n|upkeep\n|turn|80\n|\n|t:|1699584011\n|move|p2a: Basic B-|Recover|p2a: Basic B-\n|-heal|p2a: Basic B-|86\/100\n|move|p1a: Quagsire|Recover|p1a: Quagsire\n|-heal|p1a: Quagsire|97\/100 psn\n|\n|-damage|p1a: Quagsire|85\/100 psn|[from] psn\n|upkeep\n|turn|81\n|\n|t:|1699584015\n|move|p2a: Basic B-|Earthquake|p1a: Quagsire\n|-damage|p1a: Quagsire|58\/100 psn\n|move|p1a: Quagsire|Earth Power|p2a: Basic B-\n|-supereffective|p2a: Basic B-\n|-damage|p2a: Basic B-|55\/100\n|\n|-damage|p1a: Quagsire|46\/100 psn|[from] psn\n|upkeep\n|turn|82\n|\n|t:|1699584022\n|move|p2a: Basic B-|Earthquake|p1a: Quagsire\n|-crit|p1a: Quagsire\n|-damage|p1a: Quagsire|7\/100 psn\n|move|p1a: Quagsire|Recover|p1a: Quagsire\n|-heal|p1a: Quagsire|57\/100 psn\n|\n|-damage|p1a: Quagsire|44\/100 psn|[from] psn\n|upkeep\n|turn|83\n|c| IcyTheScreamer|stored power doesn't care about drops\n|\n|t:|1699584028\n|move|p2a: Basic B-|Earthquake|p1a: Quagsire\n|-damage|p1a: Quagsire|21\/100 psn\n|move|p1a: Quagsire|Recover|p1a: Quagsire\n|-heal|p1a: Quagsire|71\/100 psn\n|\n|-damage|p1a: Quagsire|58\/100 psn|[from] psn\n|upkeep\n|turn|84\n|c| IcyTheScreamer|only positives\n|c|\u2606leonissenbaum|well\n|c|\u2606leonissenbaum|they all have calm mind anyway\n|\n|t:|1699584035\n|move|p2a: Basic B-|Earthquake|p1a: Quagsire\n|-damage|p1a: Quagsire|32\/100 psn\n|move|p1a: Quagsire|Recover|p1a: Quagsire\n|-heal|p1a: Quagsire|82\/100 psn\n|\n|-damage|p1a: Quagsire|70\/100 psn|[from] psn\n|upkeep\n|turn|85\n|\n|t:|1699584045\n|move|p2a: Basic B-|Earthquake|p1a: Quagsire\n|-damage|p1a: Quagsire|45\/100 psn\n|move|p1a: Quagsire|Earth Power|p2a: Basic B-\n|-supereffective|p2a: Basic B-\n|-damage|p2a: Basic B-|27\/100\n|\n|-damage|p1a: Quagsire|32\/100 psn|[from] psn\n|upkeep\n|turn|86\n|\n|t:|1699584054\n|move|p2a: Basic B-|Earthquake|p1a: Quagsire\n|-damage|p1a: Quagsire|6\/100 psn\n|move|p1a: Quagsire|Recover|p1a: Quagsire\n|-heal|p1a: Quagsire|56\/100 psn\n|\n|-damage|p1a: Quagsire|43\/100 psn|[from] psn\n|upkeep\n|turn|87\n|\n|t:|1699584067\n|-terastallize|p2a: Basic B-|Grass\n|move|p2a: Basic B-|Earthquake|p1a: Quagsire\n|-damage|p1a: Quagsire|18\/100 psn\n|move|p1a: Quagsire|Earth Power|p2a: Basic B-\n|-resisted|p2a: Basic B-\n|-damage|p2a: Basic B-|20\/100\n|\n|-damage|p1a: Quagsire|6\/100 psn|[from] psn\n|upkeep\n|turn|88\n|\n|t:|1699584080\n|move|p2a: Basic B-|Earthquake|p1a: Quagsire\n|-damage|p1a: Quagsire|0 fnt\n|faint|p1a: Quagsire\n|\n|upkeep\n|\n|t:|1699584090\n|switch|p1a: Clefable|Clefable, M|88\/100\n|-activate|p1a: Clefable|move: Sticky Web\n|-unboost|p1a: Clefable|spe|1\n|turn|89\n|j| Pigbeeef\n|\n|t:|1699584097\n|-terastallize|p1a: Clefable|Steel\n|move|p2a: Basic B-|Poison Jab|p1a: Clefable\n|-immune|p1a: Clefable\n|move|p1a: Clefable|Moonblast|p2a: Basic B-\n|-damage|p2a: Basic B-|0 fnt\n|faint|p2a: Basic B-\n|\n|-heal|p1a: Clefable|94\/100|[from] item: Leftovers\n|upkeep\n|\n|t:|1699584103\n|switch|p2a: Firefish|Chi-Yu|26\/100\n|-damage|p2a: Firefish|2\/100|[from] Spikes\n|-damage|p2a: Firefish|0 fnt|[from] Stealth Rock\n|faint|p2a: Firefish\n|\n|t:|1699584104\n|switch|p2a: Basculegion who?|Basculin-White-Striped, M|65\/100\n|-damage|p2a: Basculegion who?|40\/100|[from] Spikes\n|-damage|p2a: Basculegion who?|28\/100|[from] Stealth Rock\n|turn|90\n|c|\u2606Dinonbk|Ouch\n|\n|t:|1699584116\n|move|p2a: Basculegion who?|Last Respects|p1a: Clefable\n|-damage|p1a: Clefable|35\/100\n|move|p1a: Clefable|Moonblast|p2a: Basculegion who?\n|-damage|p2a: Basculegion who?|0 fnt\n|faint|p2a: Basculegion who?\n|\n|win|leonissenbaum\n|c|\u2606leonissenbaum|gg\n|c| uubers account|no way\n|c|\u2606Dinonbk|gg\n|c| IcyTheScreamer|leon dub\n|l| Zed the bed\n|c| uubers account|lleon wtf\n|c|\u2606Dinonbk|Tera steel Wow\n|c| uubers account|omg\n|l| Kabunger\n|c|\u2606leonissenbaum|lmao\n|l| Pigbeeef\n|c|\u2606leonissenbaum|i did not deserve that\n|l| FrostyRandom02\n","uploadtime":1699584143,"views":58,"p1id":"leonissenbaum","p2id":"dinonbk","formatid":"gen9ubers","rating":0,"private":0,"password":""}