{"id":"gen9ubers-1970914970","p1":"VloneVictini","p2":"jordblast","format":"[Gen 9] Ubers","log":"|j|\u2606VloneVictini\n|j|\u2606jordblast\n|t:|1697680329\n|gametype|singles\n|player|p1|VloneVictini|266|\n|player|p2|jordblast|clown|\n|teamsize|p1|6\n|teamsize|p2|6\n|gen|9\n|tier|[Gen 9] Ubers\n|rule|Sleep Clause Mod: Limit one foe put to sleep\n|rule|Species Clause: Limit one of each Pok\u00e9mon\n|rule|OHKO Clause: OHKO moves are banned\n|rule|Evasion Items Clause: Evasion items are banned\n|rule|Evasion Moves Clause: Evasion moves are banned\n|rule|Endless Battle Clause: Forcing endless battles is banned\n|rule|HP Percentage Mod: HP is shown in percentages\n|clearpoke\n|poke|p1|Garchomp, F|\n|poke|p1|Volcarona, F|\n|poke|p1|Klefki, M|\n|poke|p1|Spectrier|\n|poke|p1|Quaquaval, F|\n|poke|p1|Amoonguss, F|\n|poke|p2|Palkia-Origin|\n|poke|p2|Enamorus-Therian, F|\n|poke|p2|Mimikyu, M|\n|poke|p2|Arceus-Grass|\n|poke|p2|Dondozo, F|\n|poke|p2|Roaring Moon|\n|teampreview\n|c|\u2606jordblast|yay no skymin\n|\n|t:|1697680344\n|start\n|switch|p1a: Klefki|Klefki, M|100\/100\n|switch|p2a: Palkia|Palkia-Origin|100\/100\n|-ability|p2a: Palkia|Pressure\n|turn|1\n|\n|t:|1697680356\n|move|p1a: Klefki|Spikes|p2a: Palkia\n|-sidestart|p2: jordblast|Spikes\n|move|p2a: Palkia|Earth Power|p1a: Klefki\n|-supereffective|p1a: Klefki\n|-damage|p1a: Klefki|21\/100\n|\n|upkeep\n|turn|2\n|\n|t:|1697680389\n|move|p1a: Klefki|Switcheroo||[still]\n|-fail|p1a: Klefki\n|move|p2a: Palkia|Earth Power|p1a: Klefki\n|-supereffective|p1a: Klefki\n|-damage|p1a: Klefki|0 fnt\n|faint|p1a: Klefki\n|\n|upkeep\n|c|\u2606VloneVictini|lol\n|c|\u2606VloneVictini|righ\n|c|\u2606jordblast|make sure u remember that\n|c|\u2606jordblast|same goes with dialga and giratina\n|\n|t:|1697680427\n|switch|p1a: Amoonguss|Amoonguss, F|100\/100\n|turn|3\n|\n|t:|1697680446\n|switch|p2a: Dondozo|Dondozo, F|100\/100\n|-damage|p2a: Dondozo|88\/100|[from] Spikes\n|move|p1a: Amoonguss|Spore|p2a: Dondozo\n|-status|p2a: Dondozo|slp|[from] move: Spore\n|\n|upkeep\n|turn|4\n|\n|t:|1697680458\n|switch|p1a: Spectrier|Spectrier|100\/100\n|switch|p2a: Enamorus|Enamorus-Therian, F|100\/100\n|\n|upkeep\n|turn|5\n|\n|t:|1697680507\n|move|p1a: Spectrier|Nasty Plot|p1a: Spectrier\n|-boost|p1a: Spectrier|spa|2\n|move|p2a: Enamorus|Moonblast|p1a: Spectrier\n|-crit|p1a: Spectrier\n|-damage|p1a: Spectrier|3\/100\n|-unboost|p1a: Spectrier|spa|1\n|\n|-heal|p1a: Spectrier|10\/100|[from] item: Leftovers\n|upkeep\n|turn|6\n|\n|t:|1697680532\n|move|p1a: Spectrier|Shadow Ball|p2a: Enamorus\n|-damage|p2a: Enamorus|54\/100\n|move|p2a: Enamorus|Moonblast|p1a: Spectrier\n|-damage|p1a: Spectrier|0 fnt\n|faint|p1a: Spectrier\n|\n|upkeep\n|c|\u2606jordblast|this thing is a tank\n|\n|t:|1697680545\n|switch|p1a: Volcarona|Volcarona, F|100\/100\n|turn|7\n|\n|t:|1697680558\n|switch|p2a: Palkia|Palkia-Origin|100\/100\n|-damage|p2a: Palkia|88\/100|[from] Spikes\n|-ability|p2a: Palkia|Pressure\n|move|p1a: Volcarona|Quiver Dance|p1a: Volcarona\n|-boost|p1a: Volcarona|spa|1\n|-boost|p1a: Volcarona|spd|1\n|-boost|p1a: Volcarona|spe|1\n|\n|upkeep\n|turn|8\n|\n|t:|1697680630\n|-terastallize|p1a: Volcarona|Fighting\n|move|p1a: Volcarona|Quiver Dance|p1a: Volcarona\n|-boost|p1a: Volcarona|spa|1\n|-boost|p1a: Volcarona|spd|1\n|-boost|p1a: Volcarona|spe|1\n|move|p2a: Palkia|Hydro Pump|p1a: Volcarona\n|-damage|p1a: Volcarona|59\/100\n|\n|upkeep\n|turn|9\n|\n|t:|1697680643\n|move|p1a: Volcarona|Morning Sun|p1a: Volcarona\n|-heal|p1a: Volcarona|100\/100\n|move|p2a: Palkia|Draco Meteor|p1a: Volcarona\n|-damage|p1a: Volcarona|55\/100\n|-unboost|p2a: Palkia|spa|2\n|\n|upkeep\n|turn|10\n|\n|t:|1697680663\n|switch|p2a: Roaring Moon|Roaring Moon|100\/100\n|-damage|p2a: Roaring Moon|88\/100|[from] Spikes\n|-enditem|p2a: Roaring Moon|Booster Energy\n|-activate|p2a: Roaring Moon|ability: Protosynthesis|[fromitem]\n|-start|p2a: Roaring Moon|protosynthesisspe\n|move|p1a: Volcarona|Tera Blast|p2a: Roaring Moon|[anim] Tera Blast Fighting\n|-supereffective|p2a: Roaring Moon\n|-damage|p2a: Roaring Moon|0 fnt\n|faint|p2a: Roaring Moon\n|-end|p2a: Roaring Moon|Protosynthesis|[silent]\n|\n|upkeep\n|\n|t:|1697680681\n|switch|p2a: Mimikyu|Mimikyu, M|100\/100\n|-damage|p2a: Mimikyu|88\/100|[from] Spikes\n|turn|11\n|\n|t:|1697680686\n|switch|p1a: Amoonguss|Amoonguss, F|100\/100\n|move|p2a: Mimikyu|Swords Dance|p2a: Mimikyu\n|-boost|p2a: Mimikyu|atk|2\n|\n|upkeep\n|turn|12\n|\n|t:|1697680701\n|move|p2a: Mimikyu|Play Rough|p1a: Amoonguss\n|-resisted|p1a: Amoonguss\n|-damage|p1a: Amoonguss|66\/100\n|-damage|p2a: Mimikyu|72\/100|[from] item: Rocky Helmet|[of] p1a: Amoonguss\n|-damage|p2a: Mimikyu|62\/100|[from] item: Life Orb\n|move|p1a: Amoonguss|Clear Smog|p2a: Mimikyu\n|-activate|p2a: Mimikyu|ability: Disguise\n|-damage|p2a: Mimikyu|62\/100\n|-clearboost|p2a: Mimikyu\n|detailschange|p2a: Mimikyu|Mimikyu-Busted, M\n|-damage|p2a: Mimikyu|50\/100|[from] pokemon: Mimikyu-Busted\n|\n|upkeep\n|turn|13\n|\n|t:|1697680715\n|switch|p2a: Arceus|Arceus-Grass|100\/100\n|-damage|p2a: Arceus|88\/100|[from] Spikes\n|move|p1a: Amoonguss|Clear Smog|p2a: Arceus\n|-supereffective|p2a: Arceus\n|-damage|p2a: Arceus|66\/100\n|-clearboost|p2a: Arceus\n|\n|upkeep\n|turn|14\n|\n|t:|1697680730\n|switch|p1a: Garchomp|Garchomp, F|100\/100\n|move|p2a: Arceus|Earth Power|p1a: Garchomp\n|-damage|p1a: Garchomp|76\/100\n|\n|upkeep\n|turn|15\n|\n|t:|1697680751\n|move|p2a: Arceus|Calm Mind|p2a: Arceus\n|-boost|p2a: Arceus|spa|1\n|-boost|p2a: Arceus|spd|1\n|move|p1a: Garchomp|Scale Shot|p2a: Arceus\n|-damage|p2a: Arceus|58\/100\n|-damage|p2a: Arceus|49\/100\n|-damage|p2a: Arceus|41\/100\n|-damage|p2a: Arceus|32\/100\n|-hitcount|p2a: Arceus|4\n|-unboost|p1a: Garchomp|def|1\n|-boost|p1a: Garchomp|spe|1\n|\n|upkeep\n|turn|16\n|\n|t:|1697680770\n|move|p1a: Garchomp|Scale Shot|p2a: Arceus\n|-damage|p2a: Arceus|23\/100\n|-crit|p2a: Arceus\n|-damage|p2a: Arceus|8\/100\n|-crit|p2a: Arceus\n|-damage|p2a: Arceus|0 fnt\n|faint|p2a: Arceus\n|-hitcount|p2: Arceus|3\n|-unboost|p1a: Garchomp|def|1\n|-boost|p1a: Garchomp|spe|1\n|\n|upkeep\n|c|\u2606jordblast|unlucky crit\n|\n|t:|1697680789\n|switch|p2a: Enamorus|Enamorus-Therian, F|54\/100\n|turn|17\n|\n|t:|1697680824\n|switch|p1a: Quaquaval|Quaquaval, F|100\/100\n|switch|p2a: Dondozo|Dondozo, F|88\/100 slp\n|-damage|p2a: Dondozo|76\/100 slp|[from] Spikes\n|\n|upkeep\n|turn|18\n|\n|t:|1697680882\n|move|p1a: Quaquaval|Close Combat|p2a: Dondozo\n|-damage|p2a: Dondozo|46\/100 slp\n|-unboost|p1a: Quaquaval|def|1\n|-unboost|p1a: Quaquaval|spd|1\n|-damage|p1a: Quaquaval|84\/100|[from] item: Rocky Helmet|[of] p2a: Dondozo\n|cant|p2a: Dondozo|slp\n|move|p2a: Dondozo|Sleep Talk|p2a: Dondozo\n|move|p2a: Dondozo|Curse|p2a: Dondozo|[from]move: Sleep Talk\n|-unboost|p2a: Dondozo|spe|1\n|-boost|p2a: Dondozo|atk|1\n|-boost|p2a: Dondozo|def|1\n|\n|upkeep\n|turn|19\n|c|\u2606jordblast|sorry to rush but can we play quick cause i need to shower\n|c|\u2606VloneVictini|kk\n|\n|t:|1697680904\n|switch|p1a: Amoonguss|Amoonguss, F|99\/100\n|-curestatus|p2a: Dondozo|slp|[msg]\n|move|p2a: Dondozo|Curse|p2a: Dondozo\n|-unboost|p2a: Dondozo|spe|1\n|-boost|p2a: Dondozo|atk|1\n|-boost|p2a: Dondozo|def|1\n|\n|upkeep\n|turn|20\n|\n|t:|1697680913\n|move|p1a: Amoonguss|Clear Smog|p2a: Dondozo\n|-damage|p2a: Dondozo|32\/100\n|-clearboost|p2a: Dondozo\n|move|p2a: Dondozo|Rest|p2a: Dondozo\n|-status|p2a: Dondozo|slp|[from] move: Rest\n|-heal|p2a: Dondozo|100\/100 slp|[silent]\n|\n|upkeep\n|turn|21\n|\n|t:|1697680929\n|switch|p2a: Enamorus|Enamorus-Therian, F|54\/100\n|move|p1a: Amoonguss|Clear Smog|p2a: Enamorus\n|-supereffective|p2a: Enamorus\n|-damage|p2a: Enamorus|35\/100\n|-clearboost|p2a: Enamorus\n|\n|upkeep\n|turn|22\n|\n|t:|1697680939\n|move|p1a: Amoonguss|Clear Smog|p2a: Enamorus\n|-supereffective|p2a: Enamorus\n|-damage|p2a: Enamorus|16\/100\n|-clearboost|p2a: Enamorus\n|move|p2a: Enamorus|Earth Power|p1a: Amoonguss\n|-damage|p1a: Amoonguss|65\/100\n|\n|upkeep\n|turn|23\n|\n|t:|1697680949\n|-terastallize|p2a: Enamorus|Water\n|move|p1a: Amoonguss|Clear Smog|p2a: Enamorus\n|-damage|p2a: Enamorus|6\/100\n|-clearboost|p2a: Enamorus\n|move|p2a: Enamorus|Earth Power|p1a: Amoonguss\n|-damage|p1a: Amoonguss|32\/100\n|-unboost|p1a: Amoonguss|spd|1\n|\n|upkeep\n|turn|24\n|\n|t:|1697680962\n|move|p1a: Amoonguss|Clear Smog|p2a: Enamorus\n|-damage|p2a: Enamorus|0 fnt\n|-clearboost|p2a: Enamorus\n|faint|p2a: Enamorus\n|\n|upkeep\n|\n|t:|1697680972\n|switch|p2a: Palkia|Palkia-Origin|88\/100\n|-damage|p2a: Palkia|76\/100|[from] Spikes\n|-ability|p2a: Palkia|Pressure\n|turn|25\n|\n|t:|1697680979\n|switch|p1a: Quaquaval|Quaquaval, F|84\/100\n|move|p2a: Palkia|Earth Power|p1a: Quaquaval\n|-damage|p1a: Quaquaval|42\/100\n|\n|upkeep\n|turn|26\n|\n|t:|1697680985\n|switch|p2a: Dondozo|Dondozo, F|100\/100 slp\n|-damage|p2a: Dondozo|88\/100 slp|[from] Spikes\n|move|p1a: Quaquaval|Close Combat|p2a: Dondozo\n|-damage|p2a: Dondozo|58\/100 slp\n|-unboost|p1a: Quaquaval|def|1\n|-unboost|p1a: Quaquaval|spd|1\n|-damage|p1a: Quaquaval|26\/100|[from] item: Rocky Helmet|[of] p2a: Dondozo\n|\n|upkeep\n|turn|27\n|\n|t:|1697680991\n|move|p1a: Quaquaval|Close Combat|p2a: Dondozo\n|-damage|p2a: Dondozo|30\/100 slp\n|-unboost|p1a: Quaquaval|def|1\n|-unboost|p1a: Quaquaval|spd|1\n|-damage|p1a: Quaquaval|10\/100|[from] item: Rocky Helmet|[of] p2a: Dondozo\n|cant|p2a: Dondozo|slp\n|move|p2a: Dondozo|Sleep Talk|p2a: Dondozo\n|move|p2a: Dondozo|Rest||[from]move: Sleep Talk|[still]\n|-fail|p2a: Dondozo\n|\n|upkeep\n|turn|28\n|\n|t:|1697681003\n|move|p1a: Quaquaval|Close Combat|p2a: Dondozo\n|-damage|p2a: Dondozo|0 fnt\n|-unboost|p1a: Quaquaval|def|1\n|-unboost|p1a: Quaquaval|spd|1\n|-damage|p1a: Quaquaval|0 fnt|[from] item: Rocky Helmet|[of] p2a: Dondozo\n|faint|p2a: Dondozo\n|faint|p1a: Quaquaval\n|\n|upkeep\n|\n|t:|1697681011\n|switch|p1a: Amoonguss|Amoonguss, F|65\/100\n|switch|p2a: Palkia|Palkia-Origin|76\/100\n|-damage|p2a: Palkia|63\/100|[from] Spikes\n|-ability|p2a: Palkia|Pressure\n|turn|29\n|\n|t:|1697681035\n|switch|p1a: Volcarona|Volcarona, F, tera:Fighting|55\/100\n|move|p2a: Palkia|Draco Meteor|p1a: Volcarona\n|-damage|p1a: Volcarona|0 fnt\n|-unboost|p2a: Palkia|spa|2\n|faint|p1a: Volcarona\n|\n|upkeep\n|\n|t:|1697681040\n|switch|p1a: Amoonguss|Amoonguss, F|98\/100\n|turn|30\n|\n|t:|1697681045\n|switch|p2a: Mimikyu|Mimikyu-Busted, M|50\/100\n|-damage|p2a: Mimikyu|38\/100|[from] Spikes\n|move|p1a: Amoonguss|Spore|p2a: Mimikyu\n|-status|p2a: Mimikyu|slp|[from] move: Spore\n|\n|upkeep\n|turn|31\n|\n|t:|1697681054\n|cant|p2a: Mimikyu|slp\n|move|p1a: Amoonguss|Clear Smog|p2a: Mimikyu\n|-damage|p2a: Mimikyu|20\/100 slp\n|-clearboost|p2a: Mimikyu\n|\n|upkeep\n|turn|32\n|\n|t:|1697681058\n|cant|p2a: Mimikyu|slp\n|move|p1a: Amoonguss|Foul Play|p2a: Mimikyu\n|-damage|p2a: Mimikyu|0 fnt\n|faint|p2a: Mimikyu\n|\n|upkeep\n|\n|t:|1697681078\n|switch|p2a: Palkia|Palkia-Origin|63\/100\n|-damage|p2a: Palkia|51\/100|[from] Spikes\n|-ability|p2a: Palkia|Pressure\n|turn|33\n|\n|t:|1697681083\n|move|p2a: Palkia|Spacial Rend|p1a: Amoonguss\n|-damage|p1a: Amoonguss|28\/100\n|move|p1a: Amoonguss|Spore|p2a: Palkia\n|-status|p2a: Palkia|slp|[from] move: Spore\n|\n|upkeep\n|turn|34\n|\n|t:|1697681093\n|cant|p2a: Palkia|slp\n|move|p1a: Amoonguss|Synthesis|p1a: Amoonguss\n|-heal|p1a: Amoonguss|78\/100\n|\n|upkeep\n|turn|35\n|\n|t:|1697681104\n|switch|p1a: Garchomp|Garchomp, F|76\/100\n|-curestatus|p2a: Palkia|slp|[msg]\n|move|p2a: Palkia|Draco Meteor|p1a: Garchomp\n|-supereffective|p1a: Garchomp\n|-damage|p1a: Garchomp|0 fnt\n|-unboost|p2a: Palkia|spa|2\n|faint|p1a: Garchomp\n|\n|upkeep\n|\n|t:|1697681106\n|switch|p1a: Amoonguss|Amoonguss, F|100\/100\n|turn|36\n|\n|t:|1697681112\n|move|p2a: Palkia|Draco Meteor|p1a: Amoonguss\n|-damage|p1a: Amoonguss|59\/100\n|-unboost|p2a: Palkia|spa|2\n|move|p1a: Amoonguss|Foul Play|p2a: Palkia\n|-damage|p2a: Palkia|32\/100\n|\n|upkeep\n|turn|37\n|\n|t:|1697681120\n|move|p2a: Palkia|Draco Meteor|p1a: Amoonguss\n|-damage|p1a: Amoonguss|31\/100\n|-unboost|p2a: Palkia|spa|2\n|move|p1a: Amoonguss|Synthesis|p1a: Amoonguss\n|-heal|p1a: Amoonguss|81\/100\n|\n|upkeep\n|turn|38\n|c|\u2606jordblast|gg\n|\n|t:|1697681128\n|move|p2a: Palkia|Spacial Rend|p1a: Amoonguss\n|-damage|p1a: Amoonguss|63\/100\n|move|p1a: Amoonguss|Synthesis|p1a: Amoonguss\n|-heal|p1a: Amoonguss|100\/100\n|\n|upkeep\n|turn|39\n|\n|t:|1697681133\n|move|p2a: Palkia|Spacial Rend|p1a: Amoonguss\n|-damage|p1a: Amoonguss|83\/100\n|move|p1a: Amoonguss|Foul Play|p2a: Palkia\n|-damage|p2a: Palkia|13\/100\n|\n|upkeep\n|turn|40\n|\n|t:|1697681155\n|move|p2a: Palkia|Spacial Rend|p1a: Amoonguss\n|-damage|p1a: Amoonguss|67\/100\n|move|p1a: Amoonguss|Foul Play|p2a: Palkia\n|-damage|p2a: Palkia|0 fnt\n|faint|p2a: Palkia\n|\n|win|VloneVictini\n|c|\u2606VloneVictini|gg\n","uploadtime":1697681192,"views":15,"p1id":"vlonevictini","p2id":"jordblast","formatid":"gen9ubers","rating":0,"private":0,"password":""}