{"id":"gen9ubers-1985886664","p1":"CTE World","p2":"KevinF_VGC","format":"[Gen 9] Ubers","log":"|j|\u2606CTE World\n|j|\u2606KevinF_VGC\n|t:|1699417682\n|gametype|singles\n|player|p1|CTE World|cynthia-masters|\n|player|p2|KevinF_VGC|lillie|\n|teamsize|p1|6\n|teamsize|p2|6\n|gen|9\n|tier|[Gen 9] Ubers\n|rule|Sleep Clause Mod: Limit one foe put to sleep\n|rule|Species Clause: Limit one of each Pok\u00e9mon\n|rule|OHKO Clause: OHKO moves are banned\n|rule|Evasion Items Clause: Evasion items are banned\n|rule|Evasion Moves Clause: Evasion moves are banned\n|rule|Endless Battle Clause: Forcing endless battles is banned\n|rule|HP Percentage Mod: HP is shown in percentages\n|clearpoke\n|poke|p1|Regidrago|\n|poke|p1|Kleavor, M|\n|poke|p1|Goodra, M|\n|poke|p1|Slither Wing|\n|poke|p1|Iron Treads|\n|poke|p1|Roaring Moon|\n|poke|p2|Arcanine-Hisui, M|\n|poke|p2|Glimmora, F|\n|poke|p2|Enamorus, F|\n|poke|p2|Slowbro, M|\n|poke|p2|Breloom, F|\n|poke|p2|Greninja-*, M|\n|teampreview\n|inactive|Battle timer is ON: inactive players will automatically lose when time's up. (requested by CTE World)\n|j| muffinATEthat\n|j| DomNeedsHelp\n|inactive|CTE World has 270 seconds left.\n|\n|t:|1699417713\n|start\n|switch|p1a: (My Business)|Iron Treads|100\/100\n|switch|p2a: Greninja|Greninja, M|100\/100\n|turn|1\n|\n|t:|1699417723\n|-end|p1a: (My Business)|Quark Drive|[silent]\n|switch|p1a: On the Wocks|Goodra, M|100\/100\n|move|p2a: Greninja|Hydro Pump|p1a: On the Wocks|[miss]\n|-miss|p2a: Greninja|p1a: On the Wocks\n|\n|upkeep\n|turn|2\n|\n|t:|1699417744\n|switch|p2a: Slowbro|Slowbro, M|100\/100\n|move|p1a: On the Wocks|Surf|p2a: Slowbro\n|-resisted|p2a: Slowbro\n|-damage|p2a: Slowbro|85\/100\n|\n|-heal|p2a: Slowbro|91\/100|[from] item: Leftovers\n|upkeep\n|turn|3\n|l| muffinATEthat\n|inactive|CTE World has 270 seconds left.\n|\n|t:|1699417773\n|move|p1a: On the Wocks|Draco Meteor|p2a: Slowbro\n|-damage|p2a: Slowbro|17\/100\n|-unboost|p1a: On the Wocks|spa|2\n|move|p2a: Slowbro|Calm Mind|p2a: Slowbro\n|-boost|p2a: Slowbro|spa|1\n|-boost|p2a: Slowbro|spd|1\n|\n|-heal|p2a: Slowbro|23\/100|[from] item: Leftovers\n|upkeep\n|turn|4\n|j| muffinATEthat\n|inactive|CTE World has 270 seconds left.\n|\n|t:|1699417789\n|switch|p2a: Glimmora|Glimmora, F|100\/100\n|move|p1a: On the Wocks|Draco Meteor|p2a: Glimmora|[miss]\n|-miss|p1a: On the Wocks|p2a: Glimmora\n|\n|upkeep\n|turn|5\n|\n|t:|1699417796\n|switch|p1a: (My Business)|Iron Treads|100\/100\n|move|p2a: Glimmora|Stealth Rock|p1a: (My Business)\n|-sidestart|p1: CTE World|move: Stealth Rock\n|\n|upkeep\n|turn|6\n|\n|t:|1699417806\n|move|p1a: (My Business)|Earthquake|p2a: Glimmora\n|-supereffective|p2a: Glimmora\n|-enditem|p2a: Glimmora|Focus Sash\n|-damage|p2a: Glimmora|1\/100\n|-activate|p2a: Glimmora|ability: Toxic Debris\n|-sidestart|p1: CTE World|move: Toxic Spikes\n|move|p2a: Glimmora|Earth Power|p1a: (My Business)\n|-supereffective|p1a: (My Business)\n|-damage|p1a: (My Business)|35\/100\n|\n|-heal|p1a: (My Business)|41\/100|[from] item: Leftovers\n|upkeep\n|turn|7\n|\n|t:|1699417823\n|switch|p2a: Slowbro|Slowbro, M|57\/100\n|move|p1a: (My Business)|Rapid Spin|p2a: Slowbro\n|-damage|p2a: Slowbro|49\/100\n|-boost|p1a: (My Business)|spe|1\n|-sideend|p1: CTE World|Toxic Spikes|[from] move: Rapid Spin|[of] p1a: (My Business)\n|-sideend|p1: CTE World|Stealth Rock|[from] move: Rapid Spin|[of] p1a: (My Business)\n|\n|-heal|p1a: (My Business)|48\/100|[from] item: Leftovers\n|-heal|p2a: Slowbro|56\/100|[from] item: Leftovers\n|upkeep\n|turn|8\n|\n|t:|1699417840\n|move|p1a: (My Business)|Volt Switch|p2a: Slowbro\n|-supereffective|p2a: Slowbro\n|-damage|p2a: Slowbro|34\/100\n|\n|t:|1699417843\n|-end|p1a: (My Business)|Quark Drive|[silent]\n|switch|p1a: $2 Slices|Kleavor, M|100\/100|[from] Volt Switch\n|move|p2a: Slowbro|Slack Off|p2a: Slowbro\n|-heal|p2a: Slowbro|84\/100\n|\n|-heal|p2a: Slowbro|90\/100|[from] item: Leftovers\n|upkeep\n|turn|9\n|\n|t:|1699417851\n|move|p1a: $2 Slices|U-turn|p2a: Slowbro\n|-supereffective|p2a: Slowbro\n|-damage|p2a: Slowbro|49\/100\n|\n|t:|1699417854\n|switch|p1a: Bukarona|Slither Wing|100\/100|[from] U-turn\n|move|p2a: Slowbro|Scald|p1a: Bukarona\n|-damage|p1a: Bukarona|73\/100\n|\n|-heal|p2a: Slowbro|55\/100|[from] item: Leftovers\n|upkeep\n|turn|10\n|\n|t:|1699417868\n|switch|p2a: Glimmora|Glimmora, F|1\/100\n|move|p1a: Bukarona|First Impression|p2a: Glimmora\n|-resisted|p2a: Glimmora\n|-damage|p2a: Glimmora|0 fnt\n|-activate|p2a: Glimmora|ability: Toxic Debris\n|-sidestart|p1: CTE World|move: Toxic Spikes\n|faint|p2a: Glimmora\n|\n|upkeep\n|\n|t:|1699417886\n|switch|p2a: Arcanine|Arcanine-Hisui, M|100\/100\n|turn|11\n|\n|t:|1699417900\n|-end|p1a: Bukarona|Protosynthesis|[silent]\n|switch|p1a: (My Business)|Iron Treads|48\/100\n|move|p2a: Arcanine|Flare Blitz|p1a: (My Business)\n|-supereffective|p1a: (My Business)\n|-damage|p1a: (My Business)|0 fnt\n|faint|p1a: (My Business)\n|-end|p1a: (My Business)|Quark Drive|[silent]\n|\n|upkeep\n|\n|t:|1699417915\n|switch|p1a: I Miss Gen 5|Roaring Moon|100\/100\n|-status|p1a: I Miss Gen 5|psn\n|turn|12\n|inactive|KevinF_VGC has 270 seconds left.\n|\n|t:|1699417951\n|switch|p2a: Slowbro|Slowbro, M|88\/100\n|move|p1a: I Miss Gen 5|Knock Off|p2a: Slowbro\n|-supereffective|p2a: Slowbro\n|-damage|p2a: Slowbro|25\/100\n|-enditem|p2a: Slowbro|Leftovers|[from] move: Knock Off|[of] p1a: I Miss Gen 5\n|\n|-damage|p1a: I Miss Gen 5|88\/100 psn|[from] psn\n|upkeep\n|turn|13\n|inactive|KevinF_VGC has 270 seconds left.\n|\n|t:|1699417962\n|switch|p2a: Enamorus|Enamorus, F|100\/100\n|move|p1a: I Miss Gen 5|Knock Off|p2a: Enamorus\n|-resisted|p2a: Enamorus\n|-damage|p2a: Enamorus|55\/100\n|-enditem|p2a: Enamorus|Choice Scarf|[from] move: Knock Off|[of] p1a: I Miss Gen 5\n|\n|-damage|p1a: I Miss Gen 5|76\/100 psn|[from] psn\n|upkeep\n|turn|14\n|inactive|KevinF_VGC has 270 seconds left.\n|\n|t:|1699417973\n|-end|p1a: I Miss Gen 5|Protosynthesis|[silent]\n|switch|p1a: On the Wocks|Goodra, M|100\/100\n|-status|p1a: On the Wocks|psn\n|move|p2a: Enamorus|Moonblast|p1a: On the Wocks\n|-supereffective|p1a: On the Wocks\n|-damage|p1a: On the Wocks|58\/100 psn\n|\n|-damage|p1a: On the Wocks|45\/100 psn|[from] psn\n|upkeep\n|turn|15\n|inactive|KevinF_VGC has 270 seconds left.\n|\n|t:|1699418000\n|move|p2a: Enamorus|Moonblast|p1a: On the Wocks\n|-supereffective|p1a: On the Wocks\n|-damage|p1a: On the Wocks|3\/100 psn\n|move|p1a: On the Wocks|Surf|p2a: Enamorus\n|-damage|p2a: Enamorus|13\/100\n|\n|-damage|p1a: On the Wocks|0 fnt|[from] psn\n|faint|p1a: On the Wocks\n|upkeep\n|\n|t:|1699418004\n|switch|p1a: $2 Slices|Kleavor, M|100\/100\n|-status|p1a: $2 Slices|psn\n|turn|16\n|\n|t:|1699418017\n|switch|p2a: Slowbro|Slowbro, M|58\/100\n|move|p1a: $2 Slices|Stone Axe|p2a: Slowbro\n|-damage|p2a: Slowbro|30\/100\n|-sidestart|p2: KevinF_VGC|move: Stealth Rock\n|\n|-damage|p1a: $2 Slices|88\/100 psn|[from] psn\n|upkeep\n|turn|17\n|\n|t:|1699418032\n|move|p1a: $2 Slices|Stone Axe|p2a: Slowbro\n|-damage|p2a: Slowbro|0 fnt\n|faint|p2a: Slowbro\n|\n|-damage|p1a: $2 Slices|76\/100 psn|[from] psn\n|upkeep\n|\n|t:|1699418040\n|switch|p2a: Greninja|Greninja, M|100\/100\n|-damage|p2a: Greninja|88\/100|[from] Stealth Rock\n|turn|18\n|\n|t:|1699418046\n|move|p1a: $2 Slices|Stone Axe|p2a: Greninja\n|-damage|p2a: Greninja|0 fnt\n|faint|p2a: Greninja\n|\n|-damage|p1a: $2 Slices|63\/100 psn|[from] psn\n|upkeep\n|inactive|KevinF_VGC has 240 seconds left.\n|\n|t:|1699418079\n|switch|p2a: Arcanine|Arcanine-Hisui, M|100\/100\n|-damage|p2a: Arcanine|76\/100|[from] Stealth Rock\n|turn|19\n|inactive|KevinF_VGC has 240 seconds left.\n|\n|t:|1699418098\n|-terastallize|p2a: Arcanine|Normal\n|move|p1a: $2 Slices|Stone Axe|p2a: Arcanine\n|-damage|p2a: Arcanine|10\/100\n|move|p2a: Arcanine|Flare Blitz|p1a: $2 Slices\n|-damage|p1a: $2 Slices|0 fnt\n|faint|p1a: $2 Slices\n|\n|upkeep\n|\n|t:|1699418103\n|switch|p1a: Bukarona|Slither Wing|73\/100\n|-status|p1a: Bukarona|psn\n|turn|20\n|inactive|KevinF_VGC has 240 seconds left.\n|\n|t:|1699418116\n|move|p1a: Bukarona|First Impression|p2a: Arcanine\n|-damage|p2a: Arcanine|0 fnt\n|faint|p2a: Arcanine\n|\n|-damage|p1a: Bukarona|61\/100 psn|[from] psn\n|upkeep\n|inactive|KevinF_VGC has 240 seconds left.\n|\n|t:|1699418145\n|switch|p2a: Breloom|Breloom, F|100\/100\n|-damage|p2a: Breloom|94\/100|[from] Stealth Rock\n|turn|21\n|inactive|KevinF_VGC has 210 seconds left.\n|\n|t:|1699418165\n|-end|p1a: Bukarona|Protosynthesis|[silent]\n|switch|p1a: Ball State Univ.|Regidrago|100\/100\n|-status|p1a: Ball State Univ.|psn\n|move|p2a: Breloom|Rock Tomb|p1a: Ball State Univ.\n|-damage|p1a: Ball State Univ.|64\/100 psn\n|-unboost|p1a: Ball State Univ.|spe|1\n|\n|-damage|p1a: Ball State Univ.|52\/100 psn|[from] psn\n|upkeep\n|turn|22\n|inactive|KevinF_VGC has 210 seconds left.\n|\n|t:|1699418180\n|move|p2a: Breloom|Mach Punch|p1a: Ball State Univ.\n|-damage|p1a: Ball State Univ.|16\/100 psn\n|move|p1a: Ball State Univ.|Draco Meteor|p2a: Breloom\n|-damage|p2a: Breloom|0 fnt\n|-unboost|p1a: Ball State Univ.|spa|2\n|faint|p2a: Breloom\n|\n|-damage|p1a: Ball State Univ.|3\/100 psn|[from] psn\n|upkeep\n|inactive|KevinF_VGC has 210 seconds left.\n|\n|t:|1699418189\n|switch|p2a: Enamorus|Enamorus, F|13\/100\n|-damage|p2a: Enamorus|0 fnt|[from] Stealth Rock\n|faint|p2a: Enamorus\n|\n|win|CTE World\n","uploadtime":1699418204,"views":5,"p1id":"cteworld","p2id":"kevinfvgc","formatid":"gen9ubers","rating":0,"private":0,"password":""}