{"id":"gen9ubers-1996368830","p1":"Blitz2656","p2":"Rei_darkness","format":"[Gen 9] Ubers","log":"|j|\u2606Blitz2656\n|j|\u2606Rei_darkness\n|t:|1700675427\n|gametype|singles\n|player|p1|Blitz2656|mustard-master|\n|player|p2|Rei_darkness|drayden|\n|teamsize|p1|6\n|teamsize|p2|6\n|gen|9\n|tier|[Gen 9] Ubers\n|rule|Sleep Clause Mod: Limit one foe put to sleep\n|rule|Species Clause: Limit one of each Pok\u00e9mon\n|rule|OHKO Clause: OHKO moves are banned\n|rule|Evasion Items Clause: Evasion items are banned\n|rule|Evasion Moves Clause: Evasion moves are banned\n|rule|Endless Battle Clause: Forcing endless battles is banned\n|rule|HP Percentage Mod: HP is shown in percentages\n|clearpoke\n|poke|p1|Toxapex, F|\n|poke|p1|Zapdos|\n|poke|p1|Volcanion|\n|poke|p1|Zoroark-Hisui, F|\n|poke|p1|Torkoal, F|\n|poke|p1|Charizard, F|\n|poke|p2|Ribombee, M|\n|poke|p2|Iron Jugulis|\n|poke|p2|Weezing-Galar, F|\n|poke|p2|Dusclops, M|\n|poke|p2|Thundurus, M|\n|poke|p2|Clefable, M|\n|teampreview\n|inactive|Battle timer is ON: inactive players will automatically lose when time's up. (requested by Blitz2656)\n|inactive|Blitz2656 has 270 seconds left.\n|\n|t:|1700675462\n|start\n|switch|p1a: Torkoal|Torkoal, F|100\/100\n|switch|p2a: Ribombee|Ribombee, M|100\/100\n|-weather|SunnyDay|[from] ability: Drought|[of] p1a: Torkoal\n|turn|1\n|\n|t:|1700675472\n|move|p2a: Ribombee|Sticky Web|p1a: Torkoal\n|-sidestart|p1: Blitz2656|move: Sticky Web\n|move|p1a: Torkoal|Eruption|p2a: Ribombee\n|-supereffective|p2a: Ribombee\n|-enditem|p2a: Ribombee|Focus Sash\n|-damage|p2a: Ribombee|1\/100\n|\n|-weather|SunnyDay|[upkeep]\n|upkeep\n|turn|2\n|\n|t:|1700675477\n|move|p2a: Ribombee|U-turn|p1a: Torkoal\n|-resisted|p1a: Torkoal\n|-damage|p1a: Torkoal|92\/100\n|\n|t:|1700675480\n|switch|p2a: Dusclops|Dusclops, M|100\/100|[from] U-turn\n|-item|p1a: Torkoal|Assault Vest|[from] ability: Frisk|[of] p2a: Dusclops|[identify]\n|move|p1a: Torkoal|Eruption|p2a: Dusclops\n|-damage|p2a: Dusclops|58\/100\n|\n|-weather|SunnyDay|[upkeep]\n|upkeep\n|turn|3\n|\n|t:|1700675490\n|switch|p1a: Volcanion|Volcanion|100\/100\n|-activate|p1a: Volcanion|move: Sticky Web\n|-unboost|p1a: Volcanion|spe|1\n|move|p2a: Dusclops|Pain Split|p1a: Volcanion\n|-sethp|p1a: Volcanion|83\/100|[from] move: Pain Split|[silent]\n|-sethp|p2a: Dusclops|74\/100|[from] move: Pain Split\n|\n|-weather|SunnyDay|[upkeep]\n|upkeep\n|turn|4\n|\n|t:|1700675497\n|move|p1a: Volcanion|Knock Off|p2a: Dusclops\n|-supereffective|p2a: Dusclops\n|-damage|p2a: Dusclops|23\/100\n|-enditem|p2a: Dusclops|Eviolite|[from] move: Knock Off|[of] p1a: Volcanion\n|move|p2a: Dusclops|Night Shade|p1a: Volcanion\n|-immune|p1a: Volcanion\n|\n|-weather|SunnyDay|[upkeep]\n|upkeep\n|turn|5\n|\n|t:|1700675508\n|switch|p2a: Ribombee|Ribombee, M|1\/100\n|move|p1a: Volcanion|Knock Off|p2a: Ribombee\n|-resisted|p2a: Ribombee\n|-damage|p2a: Ribombee|0 fnt\n|faint|p2a: Ribombee\n|\n|-weather|none\n|upkeep\n|\n|t:|1700675515\n|switch|p2a: Iron Jugulis|Iron Jugulis|100\/100\n|-enditem|p2a: Iron Jugulis|Booster Energy\n|-activate|p2a: Iron Jugulis|ability: Quark Drive|[fromitem]\n|-start|p2a: Iron Jugulis|quarkdriveatk\n|turn|6\n|\n|t:|1700675522\n|switch|p1a: Zapdos|Zapdos|100\/100\n|move|p2a: Iron Jugulis|Knock Off|p1a: Zapdos\n|-damage|p1a: Zapdos|39\/100\n|-enditem|p1a: Zapdos|Heavy-Duty Boots|[from] move: Knock Off|[of] p2a: Iron Jugulis\n|\n|upkeep\n|turn|7\n|\n|t:|1700675529\n|-terastallize|p2a: Iron Jugulis|Flying\n|move|p1a: Zapdos|Wild Charge|p2a: Iron Jugulis\n|-supereffective|p2a: Iron Jugulis\n|-damage|p2a: Iron Jugulis|24\/100\n|-damage|p1a: Zapdos|19\/100|[from] Recoil\n|move|p2a: Iron Jugulis|Acrobatics|p1a: Zapdos\n|-resisted|p1a: Zapdos\n|-damage|p1a: Zapdos|0 fnt\n|faint|p1a: Zapdos\n|\n|upkeep\n|\n|t:|1700675545\n|switch|p1a: Torkoal|Torkoal, F|92\/100\n|-activate|p1a: Torkoal|move: Sticky Web\n|-unboost|p1a: Torkoal|spe|1\n|-weather|SunnyDay|[from] ability: Drought|[of] p1a: Torkoal\n|turn|8\n|inactive|Rei_darkness has 270 seconds left.\n|\n|t:|1700675586\n|move|p2a: Iron Jugulis|Acrobatics|p1a: Torkoal\n|-damage|p1a: Torkoal|35\/100\n|move|p1a: Torkoal|Lava Plume|p2a: Iron Jugulis\n|-damage|p2a: Iron Jugulis|0 fnt\n|faint|p2a: Iron Jugulis\n|-end|p2a: Iron Jugulis|Quark Drive|[silent]\n|\n|-weather|SunnyDay|[upkeep]\n|upkeep\n|\n|t:|1700675598\n|switch|p2a: Weezing|Weezing-Galar, F|100\/100\n|-fieldstart|move: Misty Terrain|[from] ability: Misty Surge|[of] p2a: Weezing\n|turn|9\n|\n|t:|1700675602\n|switch|p2a: Thundurus|Thundurus, M|100\/100\n|-enditem|p2a: Thundurus|Misty Seed\n|-boost|p2a: Thundurus|spd|1|[from] item: Misty Seed\n|move|p1a: Torkoal|Earth Power|p2a: Thundurus\n|-immune|p2a: Thundurus\n|\n|-weather|SunnyDay|[upkeep]\n|upkeep\n|turn|10\n|\n|t:|1700675606\n|move|p2a: Thundurus|Bulk Up|p2a: Thundurus\n|-boost|p2a: Thundurus|atk|1\n|-boost|p2a: Thundurus|def|1\n|move|p1a: Torkoal|Lava Plume|p2a: Thundurus\n|-damage|p2a: Thundurus|51\/100\n|\n|-weather|SunnyDay|[upkeep]\n|upkeep\n|turn|11\n|\n|t:|1700675615\n|move|p2a: Thundurus|Acrobatics|p1a: Torkoal\n|-damage|p1a: Torkoal|0 fnt\n|faint|p1a: Torkoal\n|\n|-weather|SunnyDay|[upkeep]\n|upkeep\n|\n|t:|1700675627\n|switch|p1a: Volcanion|Volcanion|100\/100\n|-activate|p1a: Volcanion|move: Sticky Web\n|-unboost|p1a: Volcanion|spe|1\n|turn|12\n|\n|t:|1700675630\n|move|p2a: Thundurus|Thunder Punch|p1a: Volcanion\n|-supereffective|p1a: Volcanion\n|-damage|p1a: Volcanion|7\/100\n|move|p1a: Volcanion|Flare Blitz|p2a: Thundurus\n|-damage|p2a: Thundurus|0 fnt\n|faint|p2a: Thundurus\n|-damage|p1a: Volcanion|0 fnt|[from] Recoil\n|faint|p1a: Volcanion\n|\n|-weather|none\n|upkeep\n|-message|Rei_darkness forfeited.\n|\n|win|Blitz2656\n|l|\u2606Blitz2656\n","uploadtime":1700675643,"views":12,"p1id":"blitz2656","p2id":"reidarkness","formatid":"gen9ubers","rating":0,"private":0,"password":""}