{"id":"gen9ubers-1978701100","p1":"Theverynotsusman","p2":"MeteorAsh15","format":"[Gen 9] Ubers","log":"|j|\u2606Theverynotsusman\n|j|\u2606MeteorAsh15\n|t:|1698583822\n|gametype|singles\n|player|p1|Theverynotsusman|swimmerf-gen4|1262\n|player|p2|MeteorAsh15|2|1229\n|teamsize|p1|6\n|teamsize|p2|6\n|gen|9\n|tier|[Gen 9] Ubers\n|rated|\n|rule|Sleep Clause Mod: Limit one foe put to sleep\n|rule|Species Clause: Limit one of each Pok\u00e9mon\n|rule|OHKO Clause: OHKO moves are banned\n|rule|Evasion Items Clause: Evasion items are banned\n|rule|Evasion Moves Clause: Evasion moves are banned\n|rule|Endless Battle Clause: Forcing endless battles is banned\n|rule|HP Percentage Mod: HP is shown in percentages\n|clearpoke\n|poke|p1|Mewtwo|\n|poke|p1|Skeledirge, F|\n|poke|p1|Groudon|\n|poke|p1|Charizard, M|\n|poke|p1|Koraidon|\n|poke|p1|Flutter Mane|\n|poke|p2|Baxcalibur, F|\n|poke|p2|Ninetales-Alola, F|\n|poke|p2|Roaring Moon|\n|poke|p2|Zacian-*|\n|poke|p2|Miraidon|\n|poke|p2|Grimmsnarl, M|\n|teampreview\n|inactive|Battle timer is ON: inactive players will automatically lose when time's up. (requested by MeteorAsh15)\n|\n|t:|1698583832\n|start\n|switch|p1a: Mewtwo|Mewtwo|100\/100\n|switch|p2a: Grimmsnarl|Grimmsnarl, M|100\/100\n|-ability|p1a: Mewtwo|Pressure\n|turn|1\n|\n|t:|1698583840\n|move|p2a: Grimmsnarl|Light Screen|p2a: Grimmsnarl\n|-sidestart|p2: MeteorAsh15|move: Light Screen\n|move|p1a: Mewtwo|Nasty Plot|p1a: Mewtwo\n|-boost|p1a: Mewtwo|spa|2\n|\n|upkeep\n|turn|2\n|\n|t:|1698583846\n|move|p2a: Grimmsnarl|Reflect|p2a: Grimmsnarl\n|-sidestart|p2: MeteorAsh15|Reflect\n|move|p1a: Mewtwo|Nasty Plot|p1a: Mewtwo\n|-boost|p1a: Mewtwo|spa|2\n|\n|upkeep\n|turn|3\n|\n|t:|1698583851\n|move|p2a: Grimmsnarl|Parting Shot|p1a: Mewtwo\n|-unboost|p1a: Mewtwo|atk|1\n|-unboost|p1a: Mewtwo|spa|1\n|\n|t:|1698583856\n|switch|p2a: Miraidon|Miraidon|100\/100|[from] Parting Shot\n|-fieldstart|move: Electric Terrain|[from] ability: Hadron Engine|[of] p2a: Miraidon\n|move|p1a: Mewtwo|Fire Blast|p2a: Miraidon\n|-resisted|p2a: Miraidon\n|-damage|p2a: Miraidon|72\/100\n|-status|p2a: Miraidon|brn\n|-damage|p1a: Mewtwo|91\/100|[from] item: Life Orb\n|\n|-damage|p2a: Miraidon|66\/100 brn|[from] brn\n|upkeep\n|turn|4\n|\n|t:|1698583871\n|move|p2a: Miraidon|Draco Meteor|p1a: Mewtwo|[miss]\n|-miss|p2a: Miraidon|p1a: Mewtwo\n|move|p1a: Mewtwo|Ice Beam|p2a: Miraidon\n|-supereffective|p2a: Miraidon\n|-damage|p2a: Miraidon|0 fnt\n|faint|p2a: Miraidon\n|-damage|p1a: Mewtwo|81\/100|[from] item: Life Orb\n|\n|upkeep\n|\n|t:|1698583883\n|switch|p2a: Zacian|Zacian-Crowned|100\/100\n|-ability|p2a: Zacian|Intrepid Sword|boost\n|-boost|p2a: Zacian|atk|1\n|turn|5\n|\n|t:|1698583888\n|move|p2a: Zacian|Crunch|p1a: Mewtwo\n|-supereffective|p1a: Mewtwo\n|-damage|p1a: Mewtwo|0 fnt\n|faint|p1a: Mewtwo\n|\n|-sideend|p2: MeteorAsh15|move: Light Screen\n|upkeep\n|\n|t:|1698583897\n|switch|p1a: Groudon|Groudon|100\/100\n|-weather|SunnyDay|[from] ability: Drought|[of] p1a: Groudon\n|turn|6\n|\n|t:|1698583903\n|move|p2a: Zacian|Play Rough|p1a: Groudon\n|-damage|p1a: Groudon|47\/100\n|move|p1a: Groudon|Precipice Blades|p2a: Zacian\n|-supereffective|p2a: Zacian\n|-damage|p2a: Zacian|29\/100\n|\n|-weather|SunnyDay|[upkeep]\n|-sideend|p2: MeteorAsh15|Reflect\n|upkeep\n|turn|7\n|\n|t:|1698583913\n|move|p2a: Zacian|Play Rough|p1a: Groudon\n|-damage|p1a: Groudon|0 fnt\n|faint|p1a: Groudon\n|\n|-weather|SunnyDay|[upkeep]\n|-fieldend|move: Electric Terrain\n|upkeep\n|\n|t:|1698583916\n|switch|p1a: Flutter Mane|Flutter Mane|100\/100\n|-activate|p1a: Flutter Mane|ability: Protosynthesis\n|-start|p1a: Flutter Mane|protosynthesisspe\n|turn|8\n|\n|t:|1698583929\n|switch|p2a: Ninetales|Ninetales-Alola, F|100\/100\n|-weather|Snow|[from] ability: Snow Warning|[of] p2a: Ninetales\n|-end|p1a: Flutter Mane|Protosynthesis\n|move|p1a: Flutter Mane|Mystical Fire|p2a: Ninetales\n|-supereffective|p2a: Ninetales\n|-damage|p2a: Ninetales|11\/100\n|-unboost|p2a: Ninetales|spa|1\n|\n|-weather|Snow|[upkeep]\n|upkeep\n|turn|9\n|\n|t:|1698583940\n|move|p1a: Flutter Mane|Mystical Fire|p2a: Ninetales\n|-supereffective|p2a: Ninetales\n|-damage|p2a: Ninetales|0 fnt\n|faint|p2a: Ninetales\n|\n|-weather|Snow|[upkeep]\n|upkeep\n|\n|t:|1698583947\n|switch|p2a: Zacian|Zacian-Crowned|29\/100\n|turn|10\n|\n|t:|1698583951\n|-end|p1a: Flutter Mane|Protosynthesis|[silent]\n|switch|p1a: Skeledirge|Skeledirge, F|100\/100\n|move|p2a: Zacian|Behemoth Blade|p1a: Skeledirge\n|-resisted|p1a: Skeledirge\n|-damage|p1a: Skeledirge|78\/100\n|\n|-weather|Snow|[upkeep]\n|upkeep\n|turn|11\n|\n|t:|1698583960\n|move|p2a: Zacian|Crunch|p1a: Skeledirge\n|-supereffective|p1a: Skeledirge\n|-damage|p1a: Skeledirge|28\/100\n|-enditem|p1a: Skeledirge|Sitrus Berry|[eat]\n|-heal|p1a: Skeledirge|53\/100|[from] item: Sitrus Berry\n|move|p1a: Skeledirge|Torch Song|p2a: Zacian\n|-supereffective|p2a: Zacian\n|-damage|p2a: Zacian|0 fnt\n|-boost|p1a: Skeledirge|spa|1\n|faint|p2a: Zacian\n|\n|-weather|Snow|[upkeep]\n|upkeep\n|\n|t:|1698583975\n|switch|p2a: Roaring Moon|Roaring Moon|100\/100\n|-enditem|p2a: Roaring Moon|Booster Energy\n|-activate|p2a: Roaring Moon|ability: Protosynthesis|[fromitem]\n|-start|p2a: Roaring Moon|protosynthesisspe\n|turn|12\n|\n|t:|1698583981\n|move|p2a: Roaring Moon|Dragon Dance|p2a: Roaring Moon\n|-boost|p2a: Roaring Moon|atk|1\n|-boost|p2a: Roaring Moon|spe|1\n|move|p1a: Skeledirge|Will-O-Wisp|p2a: Roaring Moon|[miss]\n|-miss|p1a: Skeledirge|p2a: Roaring Moon\n|\n|-weather|none\n|upkeep\n|turn|13\n|\n|t:|1698583989\n|move|p2a: Roaring Moon|Knock Off|p1a: Skeledirge\n|-supereffective|p1a: Skeledirge\n|-damage|p1a: Skeledirge|0 fnt\n|faint|p1a: Skeledirge\n|\n|upkeep\n|\n|t:|1698583992\n|switch|p1a: Koraidon|Koraidon|100\/100\n|-weather|SunnyDay|[from] ability: Orichalcum Pulse|[of] p1a: Koraidon\n|-activate|p1a: Koraidon|Orichalcum Pulse|[source]\n|turn|14\n|\n|t:|1698584002\n|-terastallize|p2a: Roaring Moon|Flying\n|move|p2a: Roaring Moon|Acrobatics|p1a: Koraidon\n|-supereffective|p1a: Koraidon\n|-enditem|p1a: Koraidon|Focus Sash\n|-damage|p1a: Koraidon|1\/100\n|move|p1a: Koraidon|Collision Course|p2a: Roaring Moon\n|-resisted|p2a: Roaring Moon\n|-damage|p2a: Roaring Moon|57\/100\n|\n|-weather|SunnyDay|[upkeep]\n|upkeep\n|turn|15\n|\n|t:|1698584015\n|move|p2a: Roaring Moon|Acrobatics|p1a: Koraidon\n|-supereffective|p1a: Koraidon\n|-damage|p1a: Koraidon|0 fnt\n|faint|p1a: Koraidon\n|\n|-weather|SunnyDay|[upkeep]\n|upkeep\n|\n|t:|1698584022\n|switch|p1a: Flutter Mane|Flutter Mane|100\/100\n|-activate|p1a: Flutter Mane|ability: Protosynthesis\n|-start|p1a: Flutter Mane|protosynthesisspe\n|turn|16\n|\n|t:|1698584031\n|move|p2a: Roaring Moon|Knock Off|p1a: Flutter Mane\n|-damage|p1a: Flutter Mane|0 fnt\n|-enditem|p1a: Flutter Mane|Choice Specs|[from] move: Knock Off|[of] p2a: Roaring Moon\n|faint|p1a: Flutter Mane\n|-end|p1a: Flutter Mane|Protosynthesis|[silent]\n|\n|-weather|SunnyDay|[upkeep]\n|upkeep\n|\n|t:|1698584032\n|switch|p1a: Charizard|Charizard, M, shiny|100\/100\n|turn|17\n|\n|t:|1698584040\n|-terastallize|p1a: Charizard|Fire\n|move|p2a: Roaring Moon|Knock Off|p1a: Charizard\n|-damage|p1a: Charizard|0 fnt\n|-enditem|p1a: Charizard|Choice Scarf|[from] move: Knock Off|[of] p2a: Roaring Moon\n|faint|p1a: Charizard\n|\n|win|MeteorAsh15\n|raw|Theverynotsusman's rating: 1262 &rarr; <strong>1235<\/strong><br \/>(-27 for losing)\n|raw|MeteorAsh15's rating: 1229 &rarr; <strong>1256<\/strong><br \/>(+27 for winning)\n|l|\u2606Theverynotsusman\n","uploadtime":1698584051,"views":11,"p1id":"theverynotsusman","p2id":"meteorash15","formatid":"gen9ubers","rating":1235,"private":0,"password":""}