{"id":"gen9ubers-1991865964","p1":"karmasweetashoney","p2":"Sharpyboi","format":"[Gen 9] Ubers","log":"|j|\u2606karmasweetashoney\n|j|\u2606Sharpyboi\n|t:|1700130690\n|gametype|singles\n|player|p1|karmasweetashoney|102|\n|player|p2|Sharpyboi|gentleman-gen4|\n|teamsize|p1|6\n|teamsize|p2|6\n|gen|9\n|tier|[Gen 9] Ubers\n|rated|Tournament battle\n|rule|Sleep Clause Mod: Limit one foe put to sleep\n|rule|Species Clause: Limit one of each Pok\u00e9mon\n|rule|OHKO Clause: OHKO moves are banned\n|rule|Evasion Items Clause: Evasion items are banned\n|rule|Evasion Moves Clause: Evasion moves are banned\n|rule|Endless Battle Clause: Forcing endless battles is banned\n|rule|HP Percentage Mod: HP is shown in percentages\n|clearpoke\n|poke|p1|Dachsbun, M|\n|poke|p1|Dondozo, F|\n|poke|p1|Blissey, F|\n|poke|p1|Clodsire, F|\n|poke|p1|Giratina-Origin|\n|poke|p1|Toxapex, F|\n|poke|p2|Zacian-*|\n|poke|p2|Miraidon|\n|poke|p2|Skeledirge, F|\n|poke|p2|Komala, F|\n|poke|p2|Arceus|\n|poke|p2|Koraidon|\n|teampreview\n|c|\u2606karmasweetashoney|hf\n|c|\u2606Sharpyboi|gl hf\n|j| KeshBa45\n|\n|t:|1700130714\n|start\n|switch|p1a: Toxapex|Toxapex, F|100\/100\n|switch|p2a: MVP|Komala, F, shiny|100\/100\n|-ability|p2a: MVP|Comatose\n|turn|1\n|c| KeshBa45|komala\n|c|\u2606Sharpyboi|yes\n|\n|t:|1700130731\n|move|p2a: MVP|Knock Off|p1a: Toxapex\n|-damage|p1a: Toxapex|79\/100\n|-enditem|p1a: Toxapex|Mental Herb|[from] move: Knock Off|[of] p2a: MVP\n|move|p1a: Toxapex|Toxic Spikes|p2a: MVP\n|-sidestart|p2: Sharpyboi|move: Toxic Spikes\n|\n|upkeep\n|turn|2\n|\n|t:|1700130738\n|move|p2a: MVP|Rapid Spin|p1a: Toxapex\n|-damage|p1a: Toxapex|64\/100\n|-boost|p2a: MVP|spe|1\n|-sideend|p2: Sharpyboi|Toxic Spikes|[from] move: Rapid Spin|[of] p2a: MVP\n|move|p1a: Toxapex|Toxic Spikes|p2a: MVP\n|-sidestart|p2: Sharpyboi|move: Toxic Spikes\n|\n|upkeep\n|turn|3\n|\n|t:|1700130744\n|move|p1a: Toxapex|Baneful Bunker|p1a: Toxapex\n|-singleturn|p1a: Toxapex|move: Protect\n|move|p2a: MVP|U-turn|p1a: Toxapex\n|-activate|p1a: Toxapex|move: Protect\n|\n|upkeep\n|turn|4\n|\n|t:|1700130751\n|switch|p1a: Giratina|Giratina-Origin|100\/100\n|move|p2a: MVP|U-turn|p1a: Giratina\n|-resisted|p1a: Giratina\n|-damage|p1a: Giratina|95\/100\n|c|\u2606Sharpyboi|!dt giratina\n|raw|<div class=\"message\"><ul class=\"utilichart\"><li class=\"result\"><span class=\"col numcol\">Uber<\/span> <span class=\"col iconcol\"><psicon pokemon=\"giratina\"\/><\/span> <span class=\"col pokemonnamecol\" style=\"white-space:nowrap\"><a href=\"https:\/\/dex.pokemonshowdown.com\/pokemon\/giratina\" target=\"_blank\">Giratina<\/a><\/span> <span class=\"col typecol\"><img src=\"https:\/\/play.pokemonshowdown.com\/sprites\/types\/Ghost.png\" alt=\"Ghost\" height=\"14\" width=\"32\"><img src=\"https:\/\/play.pokemonshowdown.com\/sprites\/types\/Dragon.png\" alt=\"Dragon\" height=\"14\" width=\"32\"><\/span> <span style=\"float:left;min-height:26px\"><span class=\"col abilitycol\">Pressure<\/span><span class=\"col abilitycol\"><em>Telepathy<\/em><\/span><\/span><span style=\"float:left;min-height:26px\"><span class=\"col statcol\"><em>HP<\/em><br \/>150<\/span> <span class=\"col statcol\"><em>Atk<\/em><br \/>100<\/span> <span class=\"col statcol\"><em>Def<\/em><br \/>120<\/span> <span class=\"col statcol\"><em>SpA<\/em><br \/>100<\/span> <span class=\"col statcol\"><em>SpD<\/em><br \/>120<\/span> <span class=\"col statcol\"><em>Spe<\/em><br \/>90<\/span> <span class=\"col bstcol\"><em>BST<br \/>680<\/em><\/span> <\/span><\/li><li style=\"clear:both\"><\/li><\/ul><\/div>\n|raw|<font size=\"1\"><font color=\"#686868\">Dex#:<\/font> 487&nbsp;|&ThickSpace;<font color=\"#686868\">Gen:<\/font> 4&nbsp;|&ThickSpace;<font color=\"#686868\">Height:<\/font> 4.5 m&nbsp;|&ThickSpace;<font color=\"#686868\">Weight:<\/font> 750 kg <em>(120 BP)<\/em>&nbsp;|&ThickSpace;<font color=\"#686868\">Dex Colour:<\/font> Black&nbsp;|&ThickSpace;<font color=\"#686868\">Egg Group(s):<\/font> Undiscovered&nbsp;|&ThickSpace;<font color=\"#686868\">Does Not Evolve<\/font><\/font>\n\n|\n|t:|1700130770\n|switch|p2a: Samuri Jack|Koraidon|100\/100|[from] U-turn\n|-status|p2a: Samuri Jack|psn\n|-weather|SunnyDay|[from] ability: Orichalcum Pulse|[of] p2a: Samuri Jack\n|-activate|p2a: Samuri Jack|Orichalcum Pulse|[source]\n|\n|-weather|SunnyDay|[upkeep]\n|-damage|p2a: Samuri Jack|88\/100 psn|[from] psn\n|upkeep\n|turn|5\n|\n|t:|1700130778\n|switch|p1a: Toxapex|Toxapex, F|97\/100\n|move|p2a: Samuri Jack|Scale Shot|p1a: Toxapex\n|-damage|p1a: Toxapex|82\/100\n|-damage|p1a: Toxapex|69\/100\n|-damage|p1a: Toxapex|54\/100\n|-damage|p1a: Toxapex|38\/100\n|-damage|p1a: Toxapex|23\/100\n|-hitcount|p1a: Toxapex|5\n|-unboost|p2a: Samuri Jack|def|1\n|-boost|p2a: Samuri Jack|spe|1\n|\n|-weather|SunnyDay|[upkeep]\n|-damage|p2a: Samuri Jack|76\/100 psn|[from] psn\n|upkeep\n|turn|6\n|\n|t:|1700130786\n|switch|p1a: Dachsbun|Dachsbun, M, shiny|100\/100\n|move|p2a: Samuri Jack|Low Kick|p1a: Dachsbun\n|-resisted|p1a: Dachsbun\n|-damage|p1a: Dachsbun|91\/100\n|\n|-weather|SunnyDay|[upkeep]\n|-damage|p2a: Samuri Jack|64\/100 psn|[from] psn\n|upkeep\n|turn|7\n|\n|t:|1700130791\n|switch|p2a: Good Pupper|Zacian-Crowned, shiny|100\/100\n|-ability|p2a: Good Pupper|Intrepid Sword|boost\n|-boost|p2a: Good Pupper|atk|1\n|move|p1a: Dachsbun|Wish|p1a: Dachsbun\n|\n|-weather|SunnyDay|[upkeep]\n|upkeep\n|turn|8\n|\n|t:|1700130801\n|switch|p2a: MVP|Komala, F, shiny|100\/100\n|-ability|p2a: MVP|Comatose\n|switch|p1a: Dondozo|Dondozo, F|100\/100\n|\n|-weather|none\n|upkeep\n|turn|9\n|\n|t:|1700130808\n|switch|p1a: Giratina|Giratina-Origin|95\/100\n|move|p2a: MVP|U-turn|p1a: Giratina\n|-resisted|p1a: Giratina\n|-damage|p1a: Giratina|90\/100\n|\n|t:|1700130812\n|switch|p2a: Good Pupper|Zacian-Crowned, shiny|100\/100|[from] U-turn\n|\n|upkeep\n|turn|10\n|\n|t:|1700130825\n|move|p2a: Good Pupper|Play Rough|p1a: Giratina\n|-supereffective|p1a: Giratina\n|-damage|p1a: Giratina|25\/100\n|move|p1a: Giratina|Will-O-Wisp|p2a: Good Pupper|[miss]\n|-miss|p1a: Giratina|p2a: Good Pupper\n|\n|upkeep\n|turn|11\n|c|\u2606karmasweetashoney|shit\n|\n|t:|1700130831\n|switch|p1a: Dondozo|Dondozo, F|100\/100\n|move|p2a: Good Pupper|Play Rough|p1a: Dondozo\n|-damage|p1a: Dondozo|77\/100\n|\n|upkeep\n|turn|12\n|\n|t:|1700130835\n|switch|p2a: kinda ass|Arceus, shiny|100\/100\n|-status|p2a: kinda ass|psn\n|move|p1a: Dondozo|Body Press|p2a: kinda ass\n|-supereffective|p2a: kinda ass\n|-damage|p2a: kinda ass|67\/100 psn\n|\n|-damage|p2a: kinda ass|54\/100 psn|[from] psn\n|upkeep\n|turn|13\n|\n|t:|1700130844\n|switch|p1a: Toxapex|Toxapex, F|56\/100\n|move|p2a: kinda ass|Taunt|p1a: Toxapex\n|-start|p1a: Toxapex|move: Taunt\n|\n|-damage|p2a: kinda ass|42\/100 psn|[from] psn\n|upkeep\n|turn|14\n|\n|t:|1700130852\n|switch|p2a: Miraidon Deez nuts|Miraidon|100\/100\n|-status|p2a: Miraidon Deez nuts|psn\n|-fieldstart|move: Electric Terrain|[from] ability: Hadron Engine|[of] p2a: Miraidon Deez nuts\n|move|p1a: Toxapex|Poison Jab|p2a: Miraidon Deez nuts\n|-damage|p2a: Miraidon Deez nuts|85\/100 psn\n|\n|-damage|p2a: Miraidon Deez nuts|72\/100 psn|[from] psn\n|upkeep\n|turn|15\n|\n|t:|1700130862\n|switch|p1a: Blissey|Blissey, F|100\/100\n|move|p2a: Miraidon Deez nuts|Volt Switch|p1a: Blissey\n|-damage|p1a: Blissey|73\/100\n|\n|t:|1700130867\n|switch|p2a: MVP|Komala, F, shiny|100\/100|[from] Volt Switch\n|-ability|p2a: MVP|Comatose\n|\n|upkeep\n|turn|16\n|\n|t:|1700130871\n|switch|p1a: Toxapex|Toxapex, F|90\/100\n|move|p2a: MVP|Knock Off|p1a: Toxapex\n|-damage|p1a: Toxapex|75\/100\n|\n|upkeep\n|turn|17\n|\n|t:|1700130876\n|move|p2a: MVP|Rapid Spin|p1a: Toxapex\n|-damage|p1a: Toxapex|60\/100\n|-boost|p2a: MVP|spe|1\n|-sideend|p2: Sharpyboi|Toxic Spikes|[from] move: Rapid Spin|[of] p2a: MVP\n|move|p1a: Toxapex|Poison Jab|p2a: MVP\n|-damage|p2a: MVP|74\/100\n|\n|upkeep\n|turn|18\n|\n|t:|1700130879\n|move|p2a: MVP|Wish|p2a: MVP\n|move|p1a: Toxapex|Toxic Spikes|p2a: MVP\n|-sidestart|p2: Sharpyboi|move: Toxic Spikes\n|\n|-fieldend|move: Electric Terrain\n|upkeep\n|turn|19\n|\n|t:|1700130887\n|move|p1a: Toxapex|Baneful Bunker|p1a: Toxapex\n|-singleturn|p1a: Toxapex|move: Protect\n|move|p2a: MVP|U-turn|p1a: Toxapex\n|-activate|p1a: Toxapex|move: Protect\n|\n|-heal|p2a: MVP|100\/100|[from] move: Wish|[wisher] MVP\n|upkeep\n|turn|20\n|\n|t:|1700130892\n|move|p2a: MVP|Rapid Spin|p1a: Toxapex\n|-damage|p1a: Toxapex|45\/100\n|-boost|p2a: MVP|spe|1\n|-sideend|p2: Sharpyboi|Toxic Spikes|[from] move: Rapid Spin|[of] p2a: MVP\n|move|p1a: Toxapex|Toxic Spikes|p2a: MVP\n|-sidestart|p2: Sharpyboi|move: Toxic Spikes\n|\n|upkeep\n|turn|21\n|\n|t:|1700130898\n|move|p2a: MVP|U-turn|p1a: Toxapex\n|-resisted|p1a: Toxapex\n|-damage|p1a: Toxapex|37\/100\n|\n|t:|1700130903\n|switch|p2a: Samuri Jack|Koraidon|64\/100 psn|[from] U-turn\n|-weather|SunnyDay|[from] ability: Orichalcum Pulse|[of] p2a: Samuri Jack\n|-activate|p2a: Samuri Jack|Orichalcum Pulse|[source]\n|move|p1a: Toxapex|Recover|p1a: Toxapex\n|-heal|p1a: Toxapex|87\/100\n|\n|-weather|SunnyDay|[upkeep]\n|-damage|p2a: Samuri Jack|51\/100 psn|[from] psn\n|upkeep\n|turn|22\n|\n|t:|1700130913\n|switch|p2a: Good Pupper|Zacian-Crowned, shiny|100\/100\n|switch|p1a: Dachsbun|Dachsbun, M, shiny|91\/100\n|\n|-weather|SunnyDay|[upkeep]\n|upkeep\n|turn|23\n|j| rookierobbie\n|\n|t:|1700130923\n|switch|p1a: Dondozo|Dondozo, F|77\/100\n|move|p2a: Good Pupper|Swords Dance|p2a: Good Pupper\n|-boost|p2a: Good Pupper|atk|2\n|\n|-weather|SunnyDay|[upkeep]\n|upkeep\n|turn|24\n|\n|t:|1700130928\n|switch|p2a: kinda ass|Arceus, shiny|42\/100 psn\n|move|p1a: Dondozo|Body Press|p2a: kinda ass\n|-supereffective|p2a: kinda ass\n|-damage|p2a: kinda ass|8\/100 psn\n|\n|-weather|SunnyDay|[upkeep]\n|-damage|p2a: kinda ass|0 fnt|[from] psn\n|faint|p2a: kinda ass\n|upkeep\n|\n|t:|1700130936\n|switch|p2a: MVP|Komala, F, shiny|100\/100\n|-ability|p2a: MVP|Comatose\n|turn|25\n|\n|t:|1700130941\n|switch|p1a: Toxapex|Toxapex, F|100\/100\n|move|p2a: MVP|Knock Off|p1a: Toxapex\n|-damage|p1a: Toxapex|87\/100\n|\n|-weather|none\n|upkeep\n|turn|26\n|\n|t:|1700130948\n|move|p2a: MVP|Rapid Spin|p1a: Toxapex\n|-damage|p1a: Toxapex|72\/100\n|-boost|p2a: MVP|spe|1\n|-sideend|p2: Sharpyboi|Toxic Spikes|[from] move: Rapid Spin|[of] p2a: MVP\n|move|p1a: Toxapex|Poison Jab|p2a: MVP\n|-damage|p2a: MVP|74\/100\n|\n|upkeep\n|turn|27\n|\n|t:|1700130951\n|move|p2a: MVP|U-turn|p1a: Toxapex\n|-resisted|p1a: Toxapex\n|-damage|p1a: Toxapex|64\/100\n|\n|t:|1700130959\n|switch|p2a: Miraidon Deez nuts|Miraidon|72\/100 psn|[from] U-turn\n|-fieldstart|move: Electric Terrain|[from] ability: Hadron Engine|[of] p2a: Miraidon Deez nuts\n|move|p1a: Toxapex|Toxic Spikes|p2a: Miraidon Deez nuts\n|-sidestart|p2: Sharpyboi|move: Toxic Spikes\n|\n|-damage|p2a: Miraidon Deez nuts|60\/100 psn|[from] psn\n|upkeep\n|turn|28\n|\n|t:|1700130974\n|move|p1a: Toxapex|Baneful Bunker|p1a: Toxapex\n|-singleturn|p1a: Toxapex|move: Protect\n|move|p2a: Miraidon Deez nuts|Electro Drift|p1a: Toxapex\n|-activate|p1a: Toxapex|move: Protect\n|\n|-damage|p2a: Miraidon Deez nuts|48\/100 psn|[from] psn\n|upkeep\n|turn|29\n|j| C0ld Spac3\n|l| KeshBa45\n|\n|t:|1700130981\n|switch|p2a: Good Pupper|Zacian-Crowned, shiny|100\/100\n|switch|p1a: Blissey|Blissey, F|73\/100\n|\n|upkeep\n|turn|30\n|\n|t:|1700131000\n|switch|p1a: Toxapex|Toxapex, F|98\/100\n|move|p2a: Good Pupper|Behemoth Blade|p1a: Toxapex\n|-resisted|p1a: Toxapex\n|-damage|p1a: Toxapex|75\/100\n|\n|upkeep\n|turn|31\n|\n|t:|1700131010\n|switch|p1a: Clodsire|Clodsire, F|100\/100\n|move|p2a: Good Pupper|Swords Dance|p2a: Good Pupper\n|-boost|p2a: Good Pupper|atk|2\n|\n|-fieldend|move: Electric Terrain\n|upkeep\n|turn|32\n|\n|t:|1700131014\n|-terastallize|p2a: Good Pupper|Water\n|move|p2a: Good Pupper|Tera Blast|p1a: Clodsire|[anim] Tera Blast Water\n|-supereffective|p1a: Clodsire\n|-damage|p1a: Clodsire|4\/100\n|move|p1a: Clodsire|Earthquake|p2a: Good Pupper\n|-damage|p2a: Good Pupper|74\/100\n|\n|upkeep\n|turn|33\n|\n|t:|1700131024\n|move|p2a: Good Pupper|Play Rough|p1a: Clodsire|[miss]\n|-miss|p2a: Good Pupper|p1a: Clodsire\n|move|p1a: Clodsire|Toxic|p2a: Good Pupper\n|-status|p2a: Good Pupper|tox\n|\n|-damage|p2a: Good Pupper|68\/100 tox|[from] psn\n|upkeep\n|turn|34\n|\n|t:|1700131028\n|switch|p1a: Toxapex|Toxapex, F|100\/100\n|move|p2a: Good Pupper|Play Rough|p1a: Toxapex\n|-resisted|p1a: Toxapex\n|-damage|p1a: Toxapex|60\/100\n|\n|-damage|p2a: Good Pupper|55\/100 tox|[from] psn\n|upkeep\n|turn|35\n|\n|t:|1700131030\n|move|p1a: Toxapex|Baneful Bunker|p1a: Toxapex\n|-singleturn|p1a: Toxapex|move: Protect\n|move|p2a: Good Pupper|Behemoth Blade|p1a: Toxapex\n|-activate|p1a: Toxapex|move: Protect\n|\n|-damage|p2a: Good Pupper|37\/100 tox|[from] psn\n|upkeep\n|turn|36\n|\n|t:|1700131038\n|switch|p2a: MVP|Komala, F, shiny|74\/100\n|-ability|p2a: MVP|Comatose\n|switch|p1a: Dondozo|Dondozo, F|77\/100\n|\n|upkeep\n|turn|37\n|\n|t:|1700131042\n|switch|p1a: Toxapex|Toxapex, F|93\/100\n|move|p2a: MVP|Knock Off|p1a: Toxapex\n|-damage|p1a: Toxapex|80\/100\n|\n|upkeep\n|turn|38\n|\n|t:|1700131045\n|move|p2a: MVP|Wish|p2a: MVP\n|move|p1a: Toxapex|Poison Jab|p2a: MVP\n|-damage|p2a: MVP|50\/100\n|\n|upkeep\n|turn|39\n|\n|t:|1700131050\n|switch|p2a: Good Pupper|Zacian-Crowned, shiny, tera:Water|37\/100 tox\n|move|p1a: Toxapex|Poison Jab|p2a: Good Pupper\n|-damage|p2a: Good Pupper|19\/100 tox\n|\n|-heal|p2a: Good Pupper|71\/100 tox|[from] move: Wish|[wisher] MVP\n|-damage|p2a: Good Pupper|64\/100 tox|[from] psn\n|upkeep\n|turn|40\n|\n|t:|1700131055\n|move|p2a: Good Pupper|Behemoth Blade|p1a: Toxapex\n|-resisted|p1a: Toxapex\n|-damage|p1a: Toxapex|57\/100\n|move|p1a: Toxapex|Poison Jab|p2a: Good Pupper\n|-damage|p2a: Good Pupper|46\/100 tox\n|\n|-damage|p2a: Good Pupper|33\/100 tox|[from] psn\n|upkeep\n|turn|41\n|\n|t:|1700131059\n|switch|p2a: MVP|Komala, F, shiny|50\/100\n|-ability|p2a: MVP|Comatose\n|move|p1a: Toxapex|Recover|p1a: Toxapex\n|-heal|p1a: Toxapex|100\/100\n|\n|upkeep\n|turn|42\n|l| rookierobbie\n|\n|t:|1700131063\n|move|p2a: MVP|Wish|p2a: MVP\n|move|p1a: Toxapex|Poison Jab|p2a: MVP\n|-damage|p2a: MVP|28\/100\n|\n|upkeep\n|turn|43\n|\n|t:|1700131067\n|move|p2a: MVP|Rapid Spin|p1a: Toxapex\n|-damage|p1a: Toxapex|85\/100\n|-boost|p2a: MVP|spe|1\n|-sideend|p2: Sharpyboi|Toxic Spikes|[from] move: Rapid Spin|[of] p2a: MVP\n|move|p1a: Toxapex|Poison Jab|p2a: MVP\n|-damage|p2a: MVP|3\/100\n|\n|-heal|p2a: MVP|53\/100|[from] move: Wish|[wisher] MVP\n|upkeep\n|turn|44\n|\n|t:|1700131072\n|move|p2a: MVP|Wish|p2a: MVP\n|move|p1a: Toxapex|Poison Jab|p2a: MVP\n|-damage|p2a: MVP|30\/100\n|\n|upkeep\n|turn|45\n|\n|t:|1700131079\n|switch|p2a: big dirge|Skeledirge, F, shiny|100\/100\n|move|p1a: Toxapex|Toxic Spikes|p2a: big dirge\n|-sidestart|p2: Sharpyboi|move: Toxic Spikes\n|\n|upkeep\n|turn|46\n|\n|t:|1700131084\n|move|p2a: big dirge|Torch Song|p1a: Toxapex\n|-resisted|p1a: Toxapex\n|-damage|p1a: Toxapex|76\/100\n|-boost|p2a: big dirge|spa|1\n|move|p1a: Toxapex|Poison Jab|p2a: big dirge\n|-resisted|p2a: big dirge\n|-damage|p2a: big dirge|96\/100\n|\n|-heal|p2a: big dirge|100\/100|[from] item: Leftovers\n|upkeep\n|turn|47\n|\n|t:|1700131091\n|move|p2a: big dirge|Will-O-Wisp|p1a: Toxapex|[miss]\n|-miss|p2a: big dirge|p1a: Toxapex\n|move|p1a: Toxapex|Poison Jab|p2a: big dirge\n|-resisted|p2a: big dirge\n|-damage|p2a: big dirge|95\/100\n|-status|p2a: big dirge|psn\n|\n|-heal|p2a: big dirge|100\/100 psn|[from] item: Leftovers\n|-damage|p2a: big dirge|88\/100 psn|[from] psn\n|upkeep\n|turn|48\n|\n|t:|1700131096\n|switch|p1a: Blissey|Blissey, F|73\/100\n|move|p2a: big dirge|Will-O-Wisp|p1a: Blissey|[miss]\n|-miss|p2a: big dirge|p1a: Blissey\n|\n|-heal|p2a: big dirge|94\/100 psn|[from] item: Leftovers\n|-damage|p2a: big dirge|82\/100 psn|[from] psn\n|upkeep\n|turn|49\n|c|\u2606karmasweetashoney|t\n|\n|t:|1700131120\n|switch|p2a: MVP|Komala, F, shiny|30\/100\n|-ability|p2a: MVP|Comatose\n|move|p1a: Blissey|Stealth Rock|p2a: MVP\n|-sidestart|p2: Sharpyboi|move: Stealth Rock\n|\n|upkeep\n|turn|50\n|\n|t:|1700131129\n|switch|p1a: Giratina|Giratina-Origin|25\/100\n|move|p2a: MVP|Wish|p2a: MVP\n|\n|upkeep\n|turn|51\n|\n|t:|1700131132\n|move|p1a: Giratina|Rest|p1a: Giratina\n|-status|p1a: Giratina|slp|[from] move: Rest\n|-heal|p1a: Giratina|100\/100 slp|[silent]\n|move|p2a: MVP|Knock Off|p1a: Giratina\n|-supereffective|p1a: Giratina\n|-damage|p1a: Giratina|80\/100 slp\n|\n|-heal|p2a: MVP|80\/100|[from] move: Wish|[wisher] MVP\n|upkeep\n|turn|52\n|\n|t:|1700131138\n|move|p2a: MVP|Knock Off|p1a: Giratina\n|-supereffective|p1a: Giratina\n|-damage|p1a: Giratina|60\/100 slp\n|cant|p1a: Giratina|slp\n|\n|upkeep\n|turn|53\n|\n|t:|1700131146\n|move|p2a: MVP|Wish|p2a: MVP\n|cant|p1a: Giratina|slp\n|\n|upkeep\n|turn|54\n|\n|t:|1700131149\n|move|p2a: MVP|U-turn|p1a: Giratina\n|-resisted|p1a: Giratina\n|-damage|p1a: Giratina|54\/100 slp\n|\n|t:|1700131152\n|switch|p2a: Samuri Jack|Koraidon|51\/100 psn|[from] U-turn\n|-damage|p2a: Samuri Jack|45\/100 psn|[from] Stealth Rock\n|-weather|SunnyDay|[from] ability: Orichalcum Pulse|[of] p2a: Samuri Jack\n|-activate|p2a: Samuri Jack|Orichalcum Pulse|[source]\n|-curestatus|p1a: Giratina|slp|[msg]\n|move|p1a: Giratina|Dragon Tail|p2a: Samuri Jack\n|-supereffective|p2a: Samuri Jack\n|-damage|p2a: Samuri Jack|0 fnt\n|faint|p2a: Samuri Jack\n|\n|-weather|SunnyDay|[upkeep]\n|upkeep\n|\n|t:|1700131155\n|switch|p2a: MVP|Komala, F, shiny|80\/100\n|-ability|p2a: MVP|Comatose\n|turn|55\n|\n|t:|1700131159\n|move|p2a: MVP|Wish|p2a: MVP\n|move|p1a: Giratina|Dragon Tail|p2a: MVP\n|-damage|p2a: MVP|44\/100\n|drag|p2a: Miraidon Deez nuts|Miraidon|48\/100 psn\n|-damage|p2a: Miraidon Deez nuts|35\/100 psn|[from] Stealth Rock\n|-fieldstart|move: Electric Terrain|[from] ability: Hadron Engine|[of] p2a: Miraidon Deez nuts\n|\n|-weather|SunnyDay|[upkeep]\n|-damage|p2a: Miraidon Deez nuts|23\/100 psn|[from] psn\n|upkeep\n|turn|56\n|\n|t:|1700131167\n|switch|p1a: Clodsire|Clodsire, F|4\/100\n|move|p2a: Miraidon Deez nuts|Draco Meteor|p1a: Clodsire\n|-damage|p1a: Clodsire|0 fnt\n|-unboost|p2a: Miraidon Deez nuts|spa|2\n|faint|p1a: Clodsire\n|\n|-weather|SunnyDay|[upkeep]\n|-heal|p2a: Miraidon Deez nuts|72\/100 psn|[from] move: Wish|[wisher] MVP\n|-damage|p2a: Miraidon Deez nuts|60\/100 psn|[from] psn\n|upkeep\n|\n|t:|1700131172\n|switch|p1a: Blissey|Blissey, F|73\/100\n|turn|57\n|\n|t:|1700131176\n|switch|p2a: MVP|Komala, F, shiny|44\/100\n|-ability|p2a: MVP|Comatose\n|move|p1a: Blissey|Soft-Boiled|p1a: Blissey\n|-heal|p1a: Blissey|100\/100\n|\n|-weather|SunnyDay|[upkeep]\n|upkeep\n|turn|58\n|\n|t:|1700131180\n|switch|p1a: Giratina|Giratina-Origin|54\/100\n|move|p2a: MVP|Wish|p2a: MVP\n|\n|-weather|none\n|upkeep\n|turn|59\n|\n|t:|1700131186\n|move|p2a: MVP|U-turn|p1a: Giratina\n|-resisted|p1a: Giratina\n|-damage|p1a: Giratina|49\/100\n|\n|t:|1700131190\n|switch|p2a: big dirge|Skeledirge, F, shiny|82\/100 psn|[from] U-turn\n|-damage|p2a: big dirge|57\/100 psn|[from] Stealth Rock\n|move|p1a: Giratina|Dragon Tail|p2a: big dirge\n|-damage|p2a: big dirge|41\/100 psn\n|drag|p2a: Miraidon Deez nuts|Miraidon|60\/100 psn\n|-damage|p2a: Miraidon Deez nuts|47\/100 psn|[from] Stealth Rock\n|-activate|p2a: Miraidon Deez nuts|ability: Hadron Engine\n|\n|-heal|p2a: Miraidon Deez nuts|96\/100 psn|[from] move: Wish|[wisher] MVP\n|-damage|p2a: Miraidon Deez nuts|84\/100 psn|[from] psn\n|-fieldend|move: Electric Terrain\n|upkeep\n|turn|60\n|\n|t:|1700131196\n|switch|p1a: Blissey|Blissey, F|100\/100\n|move|p2a: Miraidon Deez nuts|Volt Switch|p1a: Blissey\n|-damage|p1a: Blissey|82\/100\n|\n|t:|1700131201\n|switch|p2a: Good Pupper|Zacian-Crowned, shiny, tera:Water|33\/100 tox|[from] Volt Switch\n|-damage|p2a: Good Pupper|21\/100 tox|[from] Stealth Rock\n|\n|-damage|p2a: Good Pupper|15\/100 tox|[from] psn\n|upkeep\n|turn|61\n|\n|t:|1700131206\n|switch|p1a: Dondozo|Dondozo, F|77\/100\n|move|p2a: Good Pupper|Behemoth Blade|p1a: Dondozo\n|-resisted|p1a: Dondozo\n|-damage|p1a: Dondozo|63\/100\n|\n|-damage|p2a: Good Pupper|3\/100 tox|[from] psn\n|upkeep\n|turn|62\n|\n|t:|1700131211\n|move|p2a: Good Pupper|Play Rough|p1a: Dondozo\n|-damage|p1a: Dondozo|42\/100\n|move|p1a: Dondozo|Body Press|p2a: Good Pupper\n|-damage|p2a: Good Pupper|0 fnt\n|faint|p2a: Good Pupper\n|\n|upkeep\n|\n|t:|1700131214\n|switch|p2a: MVP|Komala, F, shiny|44\/100\n|-ability|p2a: MVP|Comatose\n|turn|63\n|\n|t:|1700131217\n|move|p2a: MVP|Wish|p2a: MVP\n|move|p1a: Dondozo|Body Press|p2a: MVP\n|-supereffective|p2a: MVP\n|-damage|p2a: MVP|0 fnt\n|faint|p2a: MVP\n|\n|upkeep\n|\n|t:|1700131220\n|switch|p2a: Miraidon Deez nuts|Miraidon|84\/100 psn\n|-damage|p2a: Miraidon Deez nuts|72\/100 psn|[from] Stealth Rock\n|-fieldstart|move: Electric Terrain|[from] ability: Hadron Engine|[of] p2a: Miraidon Deez nuts\n|turn|64\n|\n|t:|1700131224\n|switch|p1a: Blissey|Blissey, F|82\/100\n|move|p2a: Miraidon Deez nuts|Electro Drift|p1a: Blissey\n|-damage|p1a: Blissey|41\/100\n|\n|-heal|p2a: Miraidon Deez nuts|100\/100 psn|[from] move: Wish|[wisher] MVP\n|-damage|p2a: Miraidon Deez nuts|88\/100 psn|[from] psn\n|upkeep\n|turn|65\n|\n|t:|1700131229\n|-terastallize|p1a: Blissey|Ground\n|move|p2a: Miraidon Deez nuts|Electro Drift|p1a: Blissey\n|-immune|p1a: Blissey\n|move|p1a: Blissey|Soft-Boiled|p1a: Blissey\n|-heal|p1a: Blissey|91\/100\n|\n|-damage|p2a: Miraidon Deez nuts|76\/100 psn|[from] psn\n|upkeep\n|turn|66\n|\n|t:|1700131232\n|switch|p2a: big dirge|Skeledirge, F, shiny|41\/100 psn\n|-damage|p2a: big dirge|16\/100 psn|[from] Stealth Rock\n|move|p1a: Blissey|Seismic Toss|p2a: big dirge\n|-immune|p2a: big dirge\n|\n|-heal|p2a: big dirge|22\/100 psn|[from] item: Leftovers\n|-damage|p2a: big dirge|9\/100 psn|[from] psn\n|upkeep\n|turn|67\n|\n|t:|1700131241\n|switch|p1a: Toxapex|Toxapex, F|100\/100\n|move|p2a: big dirge|Slack Off|p2a: big dirge\n|-heal|p2a: big dirge|59\/100 psn\n|\n|-heal|p2a: big dirge|66\/100 psn|[from] item: Leftovers\n|-damage|p2a: big dirge|53\/100 psn|[from] psn\n|upkeep\n|turn|68\n|\n|t:|1700131244\n|switch|p1a: Blissey|Blissey, F, tera:Ground|91\/100\n|move|p2a: big dirge|Will-O-Wisp|p1a: Blissey\n|-status|p1a: Blissey|brn\n|\n|-heal|p2a: big dirge|59\/100 psn|[from] item: Leftovers\n|-damage|p2a: big dirge|47\/100 psn|[from] psn\n|-damage|p1a: Blissey|85\/100 brn|[from] brn\n|-fieldend|move: Electric Terrain\n|upkeep\n|turn|69\n|\n|t:|1700131247\n|-curestatus|p1a: Blissey|brn|[from] ability: Natural Cure\n|switch|p1a: Toxapex|Toxapex, F|100\/100\n|move|p2a: big dirge|Slack Off|p2a: big dirge\n|-heal|p2a: big dirge|97\/100 psn\n|\n|-heal|p2a: big dirge|100\/100 psn|[from] item: Leftovers\n|-damage|p2a: big dirge|88\/100 psn|[from] psn\n|upkeep\n|turn|70\n|\n|t:|1700131266\n|move|p1a: Toxapex|Baneful Bunker|p1a: Toxapex\n|-singleturn|p1a: Toxapex|move: Protect\n|move|p2a: big dirge|Torch Song|p1a: Toxapex\n|-activate|p1a: Toxapex|move: Protect\n|\n|-heal|p2a: big dirge|94\/100 psn|[from] item: Leftovers\n|-damage|p2a: big dirge|82\/100 psn|[from] psn\n|upkeep\n|turn|71\n|c|\u2606karmasweetashoney|t\n|\n|t:|1700131286\n|switch|p1a: Giratina|Giratina-Origin|49\/100\n|move|p2a: big dirge|Torch Song|p1a: Giratina\n|-resisted|p1a: Giratina\n|-damage|p1a: Giratina|38\/100\n|-boost|p2a: big dirge|spa|1\n|\n|-heal|p2a: big dirge|88\/100 psn|[from] item: Leftovers\n|-damage|p2a: big dirge|75\/100 psn|[from] psn\n|upkeep\n|turn|72\n|c|\u2606karmasweetashoney|t\n|\n|t:|1700131299\n|move|p1a: Giratina|Hex|p2a: big dirge\n|-supereffective|p2a: big dirge\n|-damage|p2a: big dirge|0 fnt\n|faint|p2a: big dirge\n|\n|upkeep\n|\n|t:|1700131301\n|switch|p2a: Miraidon Deez nuts|Miraidon|76\/100 psn\n|-damage|p2a: Miraidon Deez nuts|64\/100 psn|[from] Stealth Rock\n|-fieldstart|move: Electric Terrain|[from] ability: Hadron Engine|[of] p2a: Miraidon Deez nuts\n|turn|73\n|\n|t:|1700131306\n|switch|p1a: Blissey|Blissey, F, tera:Ground|85\/100\n|move|p2a: Miraidon Deez nuts|Draco Meteor|p1a: Blissey\n|-damage|p1a: Blissey|42\/100\n|-unboost|p2a: Miraidon Deez nuts|spa|2\n|\n|-damage|p2a: Miraidon Deez nuts|51\/100 psn|[from] psn\n|upkeep\n|turn|74\n|\n|t:|1700131315\n|move|p2a: Miraidon Deez nuts|Draco Meteor|p1a: Blissey\n|-damage|p1a: Blissey|20\/100\n|-unboost|p2a: Miraidon Deez nuts|spa|2\n|move|p1a: Blissey|Soft-Boiled|p1a: Blissey\n|-heal|p1a: Blissey|70\/100\n|\n|-damage|p2a: Miraidon Deez nuts|39\/100 psn|[from] psn\n|upkeep\n|turn|75\n|\n|t:|1700131320\n|switch|p1a: Dachsbun|Dachsbun, M, shiny|91\/100\n|move|p2a: Miraidon Deez nuts|Draco Meteor|p1a: Dachsbun\n|-immune|p1a: Dachsbun\n|\n|-damage|p2a: Miraidon Deez nuts|27\/100 psn|[from] psn\n|upkeep\n|turn|76\n|\n|t:|1700131324\n|move|p2a: Miraidon Deez nuts|Draco Meteor|p1a: Dachsbun\n|-immune|p1a: Dachsbun\n|move|p1a: Dachsbun|Wish|p1a: Dachsbun\n|\n|-damage|p2a: Miraidon Deez nuts|14\/100 psn|[from] psn\n|upkeep\n|turn|77\n|\n|t:|1700131335\n|move|p2a: Miraidon Deez nuts|Draco Meteor|p1a: Dachsbun\n|-immune|p1a: Dachsbun\n|move|p1a: Dachsbun|Body Press|p2a: Miraidon Deez nuts\n|-damage|p2a: Miraidon Deez nuts|0 fnt\n|faint|p2a: Miraidon Deez nuts\n|\n|win|karmasweetashoney\n|n|\u2606karmasweetashoney|karmasweetashoney\n|n|\u2606Sharpyboi|sharpyboi\n|n| C0ld Spac3|c0ldspac3\n","uploadtime":1700131336,"views":14,"p1id":"karmasweetashoney","p2id":"sharpyboi","formatid":"gen9ubers","rating":0,"private":0,"password":""}