{"id":"gen9ubers-1980127845","p1":"wamkou","p2":"DumbassGaming","format":"[Gen 9] Ubers","log":"|j|\u2606wamkou\n|j|\u2606DumbassGaming\n|t:|1698759786\n|gametype|singles\n|player|p1|wamkou|elesa-masters2|\n|player|p2|DumbassGaming|clown|\n|teamsize|p1|6\n|teamsize|p2|6\n|gen|9\n|tier|[Gen 9] Ubers\n|rule|Sleep Clause Mod: Limit one foe put to sleep\n|rule|Species Clause: Limit one of each Pok\u00e9mon\n|rule|OHKO Clause: OHKO moves are banned\n|rule|Evasion Items Clause: Evasion items are banned\n|rule|Evasion Moves Clause: Evasion moves are banned\n|rule|Endless Battle Clause: Forcing endless battles is banned\n|rule|HP Percentage Mod: HP is shown in percentages\n|clearpoke\n|poke|p1|Shaymin-Sky|\n|poke|p1|Palkia-Origin|\n|poke|p1|Magearna|\n|poke|p1|Zacian-*|\n|poke|p1|Iron Moth|\n|poke|p1|Arceus-Fire|\n|poke|p2|Zacian-*|\n|poke|p2|Ursaluna-Bloodmoon, M|\n|poke|p2|Giratina|\n|poke|p2|Palkia-Origin|\n|poke|p2|Zamazenta-*|\n|poke|p2|Arceus-Fire|\n|teampreview\n|inactive|Battle timer is ON: inactive players will automatically lose when time's up. (requested by DumbassGaming)\n|inactive|wamkou has 270 seconds left.\n|\n|t:|1698759838\n|start\n|switch|p1a: Wet Horse|Palkia-Origin|100\/100\n|switch|p2a: Zamazenta|Zamazenta|100\/100\n|-ability|p2a: Zamazenta|Dauntless Shield|boost\n|-boost|p2a: Zamazenta|def|1\n|-ability|p1a: Wet Horse|Pressure\n|turn|1\n|\n|t:|1698759848\n|move|p2a: Zamazenta|Play Rough|p1a: Wet Horse\n|-supereffective|p1a: Wet Horse\n|-damage|p1a: Wet Horse|1\/100\n|move|p1a: Wet Horse|Hydro Pump|p2a: Zamazenta\n|-damage|p2a: Zamazenta|35\/100\n|\n|upkeep\n|turn|2\n|c|\u2606wamkou|1 hp lol\n|\n|t:|1698759862\n|switch|p1a: Milf|Magearna|100\/100\n|move|p2a: Zamazenta|Play Rough|p1a: Milf\n|-resisted|p1a: Milf\n|-damage|p1a: Milf|81\/100\n|\n|-heal|p1a: Milf|87\/100|[from] item: Leftovers\n|upkeep\n|turn|3\n|\n|t:|1698759874\n|switch|p2a: Ursaluna|Ursaluna-Bloodmoon, M|100\/100\n|move|p1a: Milf|Thunder Wave|p2a: Ursaluna\n|-immune|p2a: Ursaluna\n|\n|-heal|p1a: Milf|93\/100|[from] item: Leftovers\n|upkeep\n|turn|4\n|\n|t:|1698759888\n|switch|p1a: Big D (damage)|Zacian|100\/100\n|-ability|p1a: Big D (damage)|Intrepid Sword|boost\n|-boost|p1a: Big D (damage)|atk|1\n|move|p2a: Ursaluna|Blood Moon|p1a: Big D (damage)\n|-damage|p1a: Big D (damage)|21\/100\n|\n|upkeep\n|turn|5\n|\n|t:|1698759894\n|switch|p2a: Zamazenta|Zamazenta|35\/100\n|move|p1a: Big D (damage)|Close Combat|p2a: Zamazenta\n|-damage|p2a: Zamazenta|0 fnt\n|-unboost|p1a: Big D (damage)|def|1\n|-unboost|p1a: Big D (damage)|spd|1\n|faint|p2a: Zamazenta\n|\n|upkeep\n|\n|t:|1698759900\n|switch|p2a: Zacian|Zacian|100\/100\n|-ability|p2a: Zacian|Intrepid Sword|boost\n|-boost|p2a: Zacian|atk|1\n|turn|6\n|\n|t:|1698759917\n|switch|p1a: moth$|Iron Moth|100\/100\n|move|p2a: Zacian|Play Rough|p1a: moth$\n|-resisted|p1a: moth$\n|-damage|p1a: moth$|72\/100\n|\n|upkeep\n|turn|7\n|\n|t:|1698759927\n|move|p1a: moth$|Sludge Wave|p2a: Zacian\n|-supereffective|p2a: Zacian\n|-damage|p2a: Zacian|0 fnt\n|faint|p2a: Zacian\n|\n|upkeep\n|\n|t:|1698759936\n|switch|p2a: Ursaluna|Ursaluna-Bloodmoon, M|100\/100\n|turn|8\n|\n|t:|1698759948\n|move|p1a: moth$|Sludge Wave|p2a: Ursaluna\n|-resisted|p2a: Ursaluna\n|-damage|p2a: Ursaluna|73\/100\n|move|p2a: Ursaluna|Calm Mind|p2a: Ursaluna\n|-boost|p2a: Ursaluna|spa|1\n|-boost|p2a: Ursaluna|spd|1\n|\n|-heal|p2a: Ursaluna|79\/100|[from] item: Leftovers\n|upkeep\n|turn|9\n|\n|t:|1698759959\n|move|p1a: moth$|Sludge Wave|p2a: Ursaluna\n|-resisted|p2a: Ursaluna\n|-damage|p2a: Ursaluna|58\/100\n|move|p2a: Ursaluna|Calm Mind|p2a: Ursaluna\n|-boost|p2a: Ursaluna|spa|1\n|-boost|p2a: Ursaluna|spd|1\n|\n|-heal|p2a: Ursaluna|64\/100|[from] item: Leftovers\n|upkeep\n|turn|10\n|\n|t:|1698759965\n|move|p1a: moth$|Sludge Wave|p2a: Ursaluna\n|-resisted|p2a: Ursaluna\n|-damage|p2a: Ursaluna|49\/100\n|move|p2a: Ursaluna|Moonlight|p2a: Ursaluna\n|-heal|p2a: Ursaluna|99\/100\n|\n|-heal|p2a: Ursaluna|100\/100|[from] item: Leftovers\n|upkeep\n|turn|11\n|\n|t:|1698759970\n|move|p1a: moth$|Sludge Wave|p2a: Ursaluna\n|-resisted|p2a: Ursaluna\n|-damage|p2a: Ursaluna|86\/100\n|move|p2a: Ursaluna|Earth Power|p1a: moth$\n|-supereffective|p1a: moth$\n|-damage|p1a: moth$|0 fnt\n|faint|p1a: moth$\n|-end|p1a: moth$|Quark Drive|[silent]\n|\n|-heal|p2a: Ursaluna|92\/100|[from] item: Leftovers\n|upkeep\n|\n|t:|1698759982\n|switch|p1a: Big RNG\u2122|Shaymin-Sky|100\/100\n|turn|12\n|\n|t:|1698759990\n|move|p1a: Big RNG\u2122|Substitute|p1a: Big RNG\u2122\n|-start|p1a: Big RNG\u2122|Substitute\n|-damage|p1a: Big RNG\u2122|76\/100\n|move|p2a: Ursaluna|Blood Moon|p1a: Big RNG\u2122\n|-end|p1a: Big RNG\u2122|Substitute\n|\n|-heal|p2a: Ursaluna|98\/100|[from] item: Leftovers\n|upkeep\n|turn|13\n|\n|t:|1698759998\n|move|p1a: Big RNG\u2122|Seed Flare|p2a: Ursaluna\n|-supereffective|p2a: Ursaluna\n|-damage|p2a: Ursaluna|27\/100\n|-unboost|p2a: Ursaluna|spd|2\n|move|p2a: Ursaluna|Calm Mind|p2a: Ursaluna\n|-boost|p2a: Ursaluna|spa|1\n|-boost|p2a: Ursaluna|spd|1\n|\n|-heal|p2a: Ursaluna|33\/100|[from] item: Leftovers\n|upkeep\n|turn|14\n|\n|t:|1698760009\n|switch|p2a: Giratina|Giratina|100\/100\n|-ability|p2a: Giratina|Pressure\n|move|p1a: Big RNG\u2122|Seed Flare|p2a: Giratina|[miss]\n|-miss|p1a: Big RNG\u2122|p2a: Giratina\n|\n|upkeep\n|turn|15\n|inactive|wamkou has 270 seconds left.\n|\n|t:|1698760043\n|move|p1a: Big RNG\u2122|Seed Flare|p2a: Giratina\n|-resisted|p2a: Giratina\n|-damage|p2a: Giratina|84\/100\n|-unboost|p2a: Giratina|spd|2\n|move|p2a: Giratina|Calm Mind|p2a: Giratina\n|-boost|p2a: Giratina|spa|1\n|-boost|p2a: Giratina|spd|1\n|\n|upkeep\n|turn|16\n|inactive|wamkou has 270 seconds left.\n|\n|t:|1698760053\n|switch|p1a: Milf|Magearna|93\/100\n|move|p2a: Giratina|Shadow Ball|p1a: Milf\n|-damage|p1a: Milf|59\/100\n|-unboost|p1a: Milf|spd|1\n|\n|-heal|p1a: Milf|65\/100|[from] item: Leftovers\n|upkeep\n|turn|17\n|\n|t:|1698760060\n|move|p2a: Giratina|Shadow Ball|p1a: Milf\n|-damage|p1a: Milf|8\/100\n|-unboost|p1a: Milf|spd|1\n|move|p1a: Milf|Thunder Wave|p2a: Giratina\n|-status|p2a: Giratina|par\n|\n|-heal|p1a: Milf|15\/100|[from] item: Leftovers\n|upkeep\n|turn|18\n|\n|t:|1698760071\n|move|p1a: Milf|Draining Kiss|p2a: Giratina\n|-supereffective|p2a: Giratina\n|-damage|p2a: Giratina|43\/100 par\n|-heal|p1a: Milf|57\/100|[from] drain|[of] p2a: Giratina\n|move|p2a: Giratina|Shadow Ball|p1a: Milf\n|-damage|p1a: Milf|0 fnt\n|faint|p1a: Milf\n|\n|upkeep\n|\n|t:|1698760079\n|switch|p1a: Arceus-Fightimg|Arceus-Fire, shiny|100\/100\n|turn|19\n|\n|t:|1698760085\n|move|p1a: Arceus-Fightimg|Dragon Dance|p1a: Arceus-Fightimg\n|-boost|p1a: Arceus-Fightimg|atk|1\n|-boost|p1a: Arceus-Fightimg|spe|1\n|move|p2a: Giratina|Shadow Ball|p1a: Arceus-Fightimg\n|-damage|p1a: Arceus-Fightimg|53\/100\n|\n|upkeep\n|turn|20\n|\n|t:|1698760102\n|move|p1a: Arceus-Fightimg|Earthquake|p2a: Giratina\n|-damage|p2a: Giratina|12\/100 par\n|move|p2a: Giratina|Shadow Ball|p1a: Arceus-Fightimg\n|-damage|p1a: Arceus-Fightimg|9\/100\n|\n|upkeep\n|turn|21\n|\n|t:|1698760110\n|move|p1a: Arceus-Fightimg|Earthquake|p2a: Giratina\n|-damage|p2a: Giratina|0 fnt\n|faint|p2a: Giratina\n|\n|upkeep\n|\n|t:|1698760118\n|switch|p2a: Palkia|Palkia-Origin|100\/100\n|-ability|p2a: Palkia|Pressure\n|turn|22\n|inactive|wamkou has 270 seconds left.\n|inactive|wamkou has 240 seconds left.\n|\n|t:|1698760187\n|-terastallize|p1a: Arceus-Fightimg|Ground\n|move|p1a: Arceus-Fightimg|Earthquake|p2a: Palkia\n|-damage|p2a: Palkia|9\/100\n|move|p2a: Palkia|Flamethrower|p1a: Arceus-Fightimg\n|-damage|p1a: Arceus-Fightimg|0 fnt\n|faint|p1a: Arceus-Fightimg\n|\n|upkeep\n|\n|t:|1698760197\n|switch|p1a: Big D (damage)|Zacian|21\/100\n|turn|23\n|\n|t:|1698760204\n|switch|p2a: Arceus|Arceus-Fire|100\/100\n|move|p1a: Big D (damage)|Close Combat|p2a: Arceus\n|-damage|p2a: Arceus|58\/100\n|-unboost|p1a: Big D (damage)|def|1\n|-unboost|p1a: Big D (damage)|spd|1\n|\n|upkeep\n|turn|24\n|\n|t:|1698760209\n|move|p1a: Big D (damage)|Close Combat|p2a: Arceus\n|-damage|p2a: Arceus|12\/100\n|-unboost|p1a: Big D (damage)|def|1\n|-unboost|p1a: Big D (damage)|spd|1\n|move|p2a: Arceus|Dragon Dance|p2a: Arceus\n|-boost|p2a: Arceus|atk|1\n|-boost|p2a: Arceus|spe|1\n|\n|upkeep\n|turn|25\n|\n|t:|1698760220\n|move|p2a: Arceus|Earthquake|p1a: Big D (damage)\n|-damage|p1a: Big D (damage)|0 fnt\n|faint|p1a: Big D (damage)\n|\n|upkeep\n|\n|t:|1698760223\n|switch|p1a: Big RNG\u2122|Shaymin-Sky|76\/100\n|turn|26\n|\n|t:|1698760229\n|move|p2a: Arceus|Flare Blitz|p1a: Big RNG\u2122\n|-supereffective|p1a: Big RNG\u2122\n|-damage|p1a: Big RNG\u2122|0 fnt\n|faint|p1a: Big RNG\u2122\n|-damage|p2a: Arceus|0 fnt|[from] Recoil\n|faint|p2a: Arceus\n|\n|upkeep\n|\n|t:|1698760232\n|switch|p1a: Wet Horse|Palkia-Origin|1\/100\n|switch|p2a: Palkia|Palkia-Origin|9\/100\n|-ability|p2a: Palkia|Pressure\n|-ability|p1a: Wet Horse|Pressure\n|turn|27\n|\n|t:|1698760237\n|move|p1a: Wet Horse|Hydro Pump|p2a: Palkia\n|-resisted|p2a: Palkia\n|-damage|p2a: Palkia|0 fnt\n|faint|p2a: Palkia\n|\n|upkeep\n|\n|t:|1698760243\n|switch|p2a: Ursaluna|Ursaluna-Bloodmoon, M|33\/100\n|turn|28\n|\n|t:|1698760246\n|-terastallize|p2a: Ursaluna|Water\n|move|p1a: Wet Horse|Hydro Pump|p2a: Ursaluna\n|-resisted|p2a: Ursaluna\n|-damage|p2a: Ursaluna|0 fnt\n|faint|p2a: Ursaluna\n|\n|win|wamkou\n|l|\u2606DumbassGaming\n|c|\u2606wamkou|gg\n","uploadtime":1698760260,"views":14,"p1id":"wamkou","p2id":"dumbassgaming","formatid":"gen9ubers","rating":0,"private":0,"password":""}