{"id":"gen9ubers-1993168171","p1":"MythicSword","p2":"gerrychu29","format":"[Gen 9] Ubers","log":"|j|\u2606MythicSword\n|j|\u2606gerrychu29\n|t:|1700273076\n|gametype|singles\n|player|p1|MythicSword|1|\n|player|p2|gerrychu29|red|\n|teamsize|p1|6\n|teamsize|p2|6\n|gen|9\n|tier|[Gen 9] Ubers\n|rule|Sleep Clause Mod: Limit one foe put to sleep\n|rule|Species Clause: Limit one of each Pok\u00e9mon\n|rule|OHKO Clause: OHKO moves are banned\n|rule|Evasion Items Clause: Evasion items are banned\n|rule|Evasion Moves Clause: Evasion moves are banned\n|rule|Endless Battle Clause: Forcing endless battles is banned\n|rule|HP Percentage Mod: HP is shown in percentages\n|clearpoke\n|poke|p1|Dialga-Origin|\n|poke|p1|Chi-Yu|\n|poke|p1|Magearna|\n|poke|p1|Ursaluna, F|\n|poke|p1|Cresselia, F|\n|poke|p1|Azumarill, F|\n|poke|p2|Palafin, M|\n|poke|p2|Spectrier|\n|poke|p2|Zacian-*|\n|poke|p2|Arceus-Fire|\n|poke|p2|Blissey, F|\n|poke|p2|Alomomola, F|\n|teampreview\n|inactive|Battle timer is ON: inactive players will automatically lose when time's up. (requested by MythicSword)\n|\n|t:|1700273116\n|start\n|switch|p1a: Magearna|Magearna|100\/100\n|switch|p2a: Palafin|Palafin, M|100\/100\n|turn|1\n|c|\u2606MythicSword|glhf\n|c|\u2606gerrychu29|you too\n|\n|t:|1700273132\n|detailschange|p2a: Palafin|Palafin-Hero, M\n|switch|p2a: Arceus|Arceus-Fire|100\/100\n|move|p1a: Magearna|Trick Room|p1a: Magearna\n|-fieldstart|move: Trick Room|[of] p1a: Magearna\n|\n|upkeep\n|turn|2\n|inactive|gerrychu29 has 270 seconds left.\n|\n|t:|1700273167\n|move|p1a: Magearna|Volt Switch|p2a: Arceus\n|-damage|p2a: Arceus|88\/100\n|\n|t:|1700273170\n|switch|p1a: Azumarill|Azumarill, F, shiny|100\/100|[from] Volt Switch\n|move|p2a: Arceus|Judgment|p1a: Azumarill\n|-resisted|p1a: Azumarill\n|-damage|p1a: Azumarill|76\/100\n|\n|upkeep\n|turn|3\n|inactive|gerrychu29 has 270 seconds left.\n|\n|t:|1700273206\n|switch|p2a: Alomomola|Alomomola, F|100\/100\n|move|p1a: Azumarill|Belly Drum|p1a: Azumarill\n|-damage|p1a: Azumarill|26\/100\n|-setboost|p1a: Azumarill|atk|6|[from] move: Belly Drum\n|-enditem|p1a: Azumarill|Sitrus Berry|[eat]\n|-heal|p1a: Azumarill|51\/100|[from] item: Sitrus Berry\n|\n|upkeep\n|turn|4\n|inactive|gerrychu29 has 240 seconds left.\n|\n|t:|1700273224\n|move|p2a: Alomomola|Protect|p2a: Alomomola\n|-singleturn|p2a: Alomomola|Protect\n|move|p1a: Azumarill|Play Rough|p2a: Alomomola\n|-activate|p2a: Alomomola|move: Protect\n|\n|upkeep\n|turn|5\n|inactive|gerrychu29 has 240 seconds left.\n|\n|t:|1700273256\n|move|p2a: Alomomola|Protect|p2a: Alomomola\n|-singleturn|p2a: Alomomola|Protect\n|move|p1a: Azumarill|Play Rough|p2a: Alomomola\n|-activate|p2a: Alomomola|move: Protect\n|\n|-fieldend|move: Trick Room\n|upkeep\n|turn|6\n|inactive|gerrychu29 has 210 seconds left.\n|\n|t:|1700273278\n|move|p2a: Alomomola|Scald|p1a: Azumarill\n|-resisted|p1a: Azumarill\n|-damage|p1a: Azumarill|43\/100\n|move|p1a: Azumarill|Play Rough|p2a: Alomomola\n|-damage|p2a: Alomomola|0 fnt\n|-damage|p1a: Azumarill|27\/100|[from] item: Rocky Helmet|[of] p2a: Alomomola\n|faint|p2a: Alomomola\n|\n|upkeep\n|inactive|gerrychu29 has 210 seconds left.\n|inactive|gerrychu29 has 180 seconds left.\n|\n|t:|1700273323\n|switch|p2a: Palafin|Palafin-Hero, M|100\/100\n|-activate|p2a: Palafin|ability: Zero to Hero\n|turn|7\n|inactive|gerrychu29 has 150 seconds left.\n|inactive|gerrychu29 has 120 seconds left.\n|\n|t:|1700273391\n|move|p1a: Azumarill|Aqua Jet|p2a: Palafin\n|-resisted|p2a: Palafin\n|-damage|p2a: Palafin|51\/100\n|move|p2a: Palafin|Wave Crash|p1a: Azumarill\n|-resisted|p1a: Azumarill\n|-damage|p1a: Azumarill|0 fnt\n|faint|p1a: Azumarill\n|-damage|p2a: Palafin|41\/100|[from] Recoil\n|\n|upkeep\n|\n|t:|1700273416\n|switch|p1a: Dialga|Dialga-Origin|100\/100\n|-ability|p1a: Dialga|Pressure\n|turn|8\n|inactive|gerrychu29 has 120 seconds left.\n|inactive|gerrychu29 has 90 seconds left.\n|\n|t:|1700273460\n|switch|p2a: Blissey|Blissey, F|100\/100\n|move|p1a: Dialga|Trick Room|p1a: Dialga\n|-fieldstart|move: Trick Room|[of] p1a: Dialga\n|\n|upkeep\n|turn|9\n|inactive|gerrychu29 has 90 seconds left.\n|\n|t:|1700273482\n|switch|p1a: Ursaluna|Ursaluna, F|100\/100\n|move|p2a: Blissey|Seismic Toss|p1a: Ursaluna\n|-damage|p1a: Ursaluna|79\/100\n|\n|-status|p1a: Ursaluna|brn|[from] item: Flame Orb\n|upkeep\n|turn|10\n|inactive|gerrychu29 has 60 seconds left.\n|inactive|gerrychu29 has 30 seconds left.\n|inactive|gerrychu29 has 20 seconds left.\n|inactive|gerrychu29 has 15 seconds left.\n|\n|t:|1700273561\n|move|p1a: Ursaluna|Headlong Rush|p2a: Blissey\n|-damage|p2a: Blissey|0 fnt\n|-unboost|p1a: Ursaluna|def|1\n|-unboost|p1a: Ursaluna|spd|1\n|faint|p2a: Blissey\n|\n|-damage|p1a: Ursaluna|73\/100 brn|[from] brn\n|upkeep\n|inactive|gerrychu29 has 20 seconds left this turn.\n|inactive|gerrychu29 has 15 seconds left.\n|inactive|gerrychu29 has 10 seconds left.\n|\n|t:|1700273572\n|switch|p2a: Palafin|Palafin-Hero, M|41\/100\n|turn|11\n|inactive|gerrychu29 has 20 seconds left this turn.\n|inactive|gerrychu29 has 15 seconds left.\n|\n|t:|1700273578\n|switch|p1a: Dialga|Dialga-Origin|100\/100\n|-ability|p1a: Dialga|Pressure\n|move|p2a: Palafin|Jet Punch|p1a: Dialga\n|-resisted|p1a: Dialga\n|-damage|p1a: Dialga|82\/100\n|\n|upkeep\n|turn|12\n|inactive|gerrychu29 has 25 seconds left this turn.\n|inactive|gerrychu29 has 20 seconds left.\n|inactive|gerrychu29 has 15 seconds left.\n|\n|t:|1700273591\n|switch|p2a: Spectrier|Spectrier|100\/100\n|move|p1a: Dialga|Flash Cannon|p2a: Spectrier\n|-damage|p2a: Spectrier|32\/100\n|-unboost|p2a: Spectrier|spd|1\n|\n|-fieldend|move: Trick Room\n|upkeep\n|turn|13\n|inactive|gerrychu29 has 25 seconds left this turn.\n|inactive|gerrychu29 has 20 seconds left.\n|inactive|gerrychu29 has 15 seconds left.\n|inactive|gerrychu29 has 10 seconds left.\n|\n|t:|1700273609\n|move|p2a: Spectrier|Hex|p1a: Dialga\n|-damage|p1a: Dialga|55\/100\n|move|p1a: Dialga|Trick Room|p1a: Dialga\n|-fieldstart|move: Trick Room|[of] p1a: Dialga\n|\n|upkeep\n|turn|14\n|inactive|gerrychu29 has 20 seconds left this turn.\n|inactive|gerrychu29 has 15 seconds left.\n|inactive|gerrychu29 has 10 seconds left.\n|\n|t:|1700273623\n|switch|p2a: Arceus|Arceus-Fire|88\/100\n|move|p1a: Dialga|Flash Cannon|p2a: Arceus\n|-resisted|p2a: Arceus\n|-damage|p2a: Arceus|67\/100\n|\n|upkeep\n|turn|15\n|inactive|gerrychu29 has 20 seconds left this turn.\n|inactive|gerrychu29 has 15 seconds left.\n|inactive|gerrychu29 has 10 seconds left.\n|\n|t:|1700273636\n|switch|p2a: Zacian|Zacian|100\/100\n|-ability|p2a: Zacian|Intrepid Sword|boost\n|-boost|p2a: Zacian|atk|1\n|move|p1a: Dialga|Dragon Pulse|p2a: Zacian\n|-immune|p2a: Zacian\n|\n|upkeep\n|turn|16\n|inactive|gerrychu29 has 20 seconds left this turn.\n|inactive|gerrychu29 has 15 seconds left.\n|inactive|gerrychu29 has 10 seconds left.\n|\n|t:|1700273648\n|switch|p2a: Arceus|Arceus-Fire|67\/100\n|move|p1a: Dialga|Flash Cannon|p2a: Arceus\n|-resisted|p2a: Arceus\n|-damage|p2a: Arceus|47\/100\n|-unboost|p2a: Arceus|spd|1\n|\n|upkeep\n|turn|17\n|inactive|gerrychu29 has 20 seconds left this turn.\n|inactive|gerrychu29 has 15 seconds left.\n|inactive|gerrychu29 has 10 seconds left.\n|\n|t:|1700273661\n|move|p1a: Dialga|Flash Cannon|p2a: Arceus\n|-resisted|p2a: Arceus\n|-damage|p2a: Arceus|19\/100\n|move|p2a: Arceus|Recover|p2a: Arceus\n|-heal|p2a: Arceus|69\/100\n|\n|-fieldend|move: Trick Room\n|upkeep\n|turn|18\n|inactive|gerrychu29 has 20 seconds left this turn.\n|inactive|gerrychu29 has 15 seconds left.\n|inactive|gerrychu29 has 10 seconds left.\n|\n|t:|1700273673\n|switch|p1a: Cresselia|Cresselia, F, shiny|100\/100\n|move|p2a: Arceus|Judgment|p1a: Cresselia\n|-damage|p1a: Cresselia|78\/100\n|\n|upkeep\n|turn|19\n|inactive|gerrychu29 has 20 seconds left this turn.\n|inactive|gerrychu29 has 15 seconds left.\n|inactive|gerrychu29 has 10 seconds left.\n|\n|t:|1700273692\n|move|p2a: Arceus|Calm Mind|p2a: Arceus\n|-boost|p2a: Arceus|spa|1\n|-boost|p2a: Arceus|spd|1\n|move|p1a: Cresselia|Reflect|p1a: Cresselia\n|-sidestart|p1: MythicSword|Reflect\n|\n|upkeep\n|turn|20\n|inactive|gerrychu29 has 20 seconds left this turn.\n|inactive|gerrychu29 has 15 seconds left.\n|inactive|gerrychu29 has 10 seconds left.\n|\n|t:|1700273706\n|move|p2a: Arceus|Calm Mind|p2a: Arceus\n|-boost|p2a: Arceus|spa|1\n|-boost|p2a: Arceus|spd|1\n|move|p1a: Cresselia|Light Screen|p1a: Cresselia\n|-sidestart|p1: MythicSword|move: Light Screen\n|\n|upkeep\n|turn|21\n|inactive|gerrychu29 has 20 seconds left this turn.\n|inactive|gerrychu29 has 15 seconds left.\n|inactive|gerrychu29 has 10 seconds left.\n|\n|t:|1700273716\n|move|p2a: Arceus|Judgment|p1a: Cresselia\n|-damage|p1a: Cresselia|56\/100\n|move|p1a: Cresselia|Trick Room|p1a: Cresselia\n|-fieldstart|move: Trick Room|[of] p1a: Cresselia\n|\n|upkeep\n|turn|22\n|inactive|gerrychu29 has 20 seconds left this turn.\n|inactive|gerrychu29 has 15 seconds left.\n|inactive|gerrychu29 has 10 seconds left.\n|\n|t:|1700273733\n|move|p1a: Cresselia|Lunar Dance|p1a: Cresselia\n|faint|p1a: Cresselia\n|move|p2a: Arceus|Judgment|p1: Cresselia|[notarget]\n|-fail|p2a: Arceus\n|\n|upkeep\n|inactive|gerrychu29 has 15 seconds left this turn.\n|\n|t:|1700273739\n|switch|p1a: Ursaluna|Ursaluna, F|73\/100 brn\n|-heal|p1a: Ursaluna|100\/100|[from] move: Lunar Dance\n|turn|23\n|inactive|gerrychu29 has 25 seconds left this turn.\n|inactive|gerrychu29 has 20 seconds left.\n|inactive|gerrychu29 has 15 seconds left.\n|\n|t:|1700273753\n|switch|p2a: Spectrier|Spectrier|32\/100\n|move|p1a: Ursaluna|Headlong Rush|p2a: Spectrier\n|-damage|p2a: Spectrier|0 fnt\n|-unboost|p1a: Ursaluna|def|1\n|-unboost|p1a: Ursaluna|spd|1\n|faint|p2a: Spectrier\n|\n|-sideend|p1: MythicSword|Reflect\n|-status|p1a: Ursaluna|brn|[from] item: Flame Orb\n|upkeep\n|inactive|gerrychu29 has 20 seconds left this turn.\n|inactive|gerrychu29 has 15 seconds left.\n|inactive|gerrychu29 has 10 seconds left.\n|inactive|gerrychu29 has 5 seconds left.\n|\n|t:|1700273769\n|switch|p2a: Palafin|Palafin-Hero, M|41\/100\n|turn|24\n|inactive|gerrychu29 has 15 seconds left this turn.\n|\n|t:|1700273777\n|-terastallize|p1a: Ursaluna|Normal\n|move|p2a: Palafin|Jet Punch|p1a: Ursaluna\n|-damage|p1a: Ursaluna|38\/100 brn\n|move|p1a: Ursaluna|Facade|p2a: Palafin\n|-damage|p2a: Palafin|0 fnt\n|faint|p2a: Palafin\n|\n|-damage|p1a: Ursaluna|32\/100 brn|[from] brn\n|-sideend|p1: MythicSword|move: Light Screen\n|upkeep\n|inactive|gerrychu29 has 20 seconds left this turn.\n|inactive|gerrychu29 has 15 seconds left.\n|inactive|gerrychu29 has 10 seconds left.\n|inactive|gerrychu29 has 5 seconds left.\n|\n|t:|1700273794\n|switch|p2a: Arceus|Arceus-Fire|69\/100\n|turn|25\n|inactive|gerrychu29 has 15 seconds left this turn.\n|\n|t:|1700273800\n|-terastallize|p2a: Arceus|Grass\n|move|p1a: Ursaluna|Facade|p2a: Arceus\n|-damage|p2a: Arceus|0 fnt\n|faint|p2a: Arceus\n|\n|-damage|p1a: Ursaluna|26\/100 brn|[from] brn\n|-fieldend|move: Trick Room\n|upkeep\n|inactive|gerrychu29 has 20 seconds left this turn.\n|inactive|gerrychu29 has 15 seconds left.\n|\n|t:|1700273808\n|switch|p2a: Zacian|Zacian|100\/100\n|turn|26\n|inactive|gerrychu29 has 25 seconds left this turn.\n|inactive|gerrychu29 has 20 seconds left.\n|\n|t:|1700273817\n|move|p2a: Zacian|Play Rough|p1a: Ursaluna\n|-damage|p1a: Ursaluna|0 fnt\n|faint|p1a: Ursaluna\n|\n|upkeep\n|inactive|gerrychu29 has 25 seconds left this turn.\n|\n|t:|1700273825\n|switch|p1a: Magearna|Magearna|100\/100\n|turn|27\n|inactive|gerrychu29 has 30 seconds left.\n|\n|t:|1700273839\n|move|p2a: Zacian|Fire Fang|p1a: Magearna\n|-supereffective|p1a: Magearna\n|-damage|p1a: Magearna|63\/100\n|move|p1a: Magearna|Trick Room|p1a: Magearna\n|-fieldstart|move: Trick Room|[of] p1a: Magearna\n|\n|-heal|p1a: Magearna|69\/100|[from] item: Leftovers\n|upkeep\n|turn|28\n|inactive|gerrychu29 has 30 seconds left.\n|inactive|gerrychu29 has 20 seconds left.\n|\n|t:|1700273856\n|move|p1a: Magearna|Fleur Cannon|p2a: Zacian\n|-damage|p2a: Zacian|52\/100\n|-unboost|p1a: Magearna|spa|2\n|move|p2a: Zacian|Fire Fang|p1a: Magearna\n|-supereffective|p1a: Magearna\n|-damage|p1a: Magearna|33\/100\n|\n|-heal|p1a: Magearna|40\/100|[from] item: Leftovers\n|upkeep\n|turn|29\n|inactive|gerrychu29 has 30 seconds left this turn.\n|inactive|gerrychu29 has 20 seconds left.\n|inactive|gerrychu29 has 15 seconds left.\n|\n|t:|1700273875\n|move|p1a: Magearna|Volt Switch|p2a: Zacian\n|-damage|p2a: Zacian|43\/100\n|inactive|gerrychu29 has 20 seconds left this turn.\n|\n|t:|1700273878\n|switch|p1a: Chi-Yu|Chi-Yu|100\/100|[from] Volt Switch\n|-ability|p1a: Chi-Yu|Beads of Ruin\n|move|p2a: Zacian|Fire Fang|p1a: Chi-Yu\n|-resisted|p1a: Chi-Yu\n|-damage|p1a: Chi-Yu|86\/100\n|\n|upkeep\n|turn|30\n|inactive|gerrychu29 has 30 seconds left this turn.\n|inactive|gerrychu29 has 20 seconds left.\n|\n|t:|1700273892\n|move|p1a: Chi-Yu|Flamethrower|p2a: Zacian\n|-damage|p2a: Zacian|0 fnt\n|faint|p2a: Zacian\n|\n|win|MythicSword\n|inactive|gerrychu29 has 25 seconds left this turn.\n|c|\u2606MythicSword|gg\n|c|\u2606gerrychu29|gg\n","uploadtime":1700273906,"views":40,"p1id":"mythicsword","p2id":"gerrychu29","formatid":"gen9ubers","rating":0,"private":0,"password":""}