{"id":"gen9ubers-1970189451","p1":"AerialsAce","p2":"GerrytheHeeHo","format":"[Gen 9] Ubers","log":"|j|\u2606AerialsAce\n|j|\u2606GerrytheHeeHo\n|t:|1697607463\n|gametype|singles\n|player|p1|AerialsAce|skier|\n|player|p2|GerrytheHeeHo|brock-gen1rb|\n|teamsize|p1|6\n|teamsize|p2|6\n|gen|9\n|tier|[Gen 9] Ubers\n|rule|Sleep Clause Mod: Limit one foe put to sleep\n|rule|Species Clause: Limit one of each Pok\u00e9mon\n|rule|OHKO Clause: OHKO moves are banned\n|rule|Evasion Items Clause: Evasion items are banned\n|rule|Evasion Moves Clause: Evasion moves are banned\n|rule|Endless Battle Clause: Forcing endless battles is banned\n|rule|HP Percentage Mod: HP is shown in percentages\n|clearpoke\n|poke|p1|Ogerpon-Wellspring, F|\n|poke|p1|Basculegion-F, F|\n|poke|p1|Gliscor, M|\n|poke|p1|Dialga-Origin|\n|poke|p1|Thundurus, M|\n|poke|p1|Walking Wake|\n|poke|p2|Tyranitar, F|\n|poke|p2|Houndstone, M|\n|poke|p2|Magearna|\n|poke|p2|Shaymin-Sky|\n|poke|p2|Donphan, M|\n|poke|p2|Arceus-Grass|\n|teampreview\n|c|\u2606GerrytheHeeHo|gl hf\n|\n|t:|1697607482\n|start\n|switch|p1a: Dialga|Dialga-Origin|100\/100\n|switch|p2a: president grant|Donphan, M|100\/100\n|-ability|p1a: Dialga|Pressure\n|turn|1\n|c|\u2606AerialsAce|u2\n|\n|t:|1697607489\n|switch|p1a: Gliscor|Gliscor, M, shiny|100\/100\n|move|p2a: president grant|Earthquake|p1a: Gliscor\n|-immune|p1a: Gliscor\n|\n|-status|p1a: Gliscor|tox|[from] item: Toxic Orb\n|upkeep\n|turn|2\n|\n|t:|1697607495\n|move|p2a: president grant|Ice Shard|p1a: Gliscor\n|-supereffective|p1a: Gliscor\n|-damage|p1a: Gliscor|62\/100 tox\n|move|p1a: Gliscor|Toxic|p2a: president grant\n|-status|p2a: president grant|tox\n|\n|-heal|p1a: Gliscor|74\/100 tox|[from] ability: Poison Heal\n|-damage|p2a: president grant|94\/100 tox|[from] psn\n|upkeep\n|turn|3\n|\n|t:|1697607501\n|switch|p2a: jebbey|Arceus-Grass|100\/100\n|move|p1a: Gliscor|Spikes|p2a: jebbey\n|-sidestart|p2: GerrytheHeeHo|Spikes\n|\n|-heal|p1a: Gliscor|87\/100 tox|[from] ability: Poison Heal\n|upkeep\n|turn|4\n|\n|t:|1697607506\n|switch|p1a: Dialga|Dialga-Origin|100\/100\n|-ability|p1a: Dialga|Pressure\n|move|p2a: jebbey|Ice Beam|p1a: Dialga\n|-damage|p1a: Dialga|82\/100\n|-status|p1a: Dialga|frz\n|\n|upkeep\n|turn|5\n|\n|t:|1697607509\n|move|p2a: jebbey|Earth Power|p1a: Dialga\n|-supereffective|p1a: Dialga\n|-damage|p1a: Dialga|45\/100 frz\n|-unboost|p1a: Dialga|spd|1\n|cant|p1a: Dialga|frz\n|\n|upkeep\n|turn|6\n|\n|t:|1697607514\n|switch|p1a: Ogerpon|Ogerpon-Wellspring, F|100\/100\n|move|p2a: jebbey|Ice Beam|p1a: Ogerpon\n|-damage|p1a: Ogerpon|73\/100\n|\n|upkeep\n|turn|7\n|\n|t:|1697607522\n|switch|p2a: so what!|Shaymin-Sky|100\/100\n|move|p1a: Ogerpon|U-turn|p2a: so what!\n|-damage|p2a: so what!|66\/100\n|\n|t:|1697607528\n|switch|p1a: Walking Wake|Walking Wake|100\/100|[from] U-turn\n|\n|upkeep\n|turn|8\n|\n|t:|1697607532\n|move|p2a: so what!|Air Slash|p1a: Walking Wake\n|-damage|p1a: Walking Wake|56\/100\n|cant|p1a: Walking Wake|flinch\n|\n|upkeep\n|turn|9\n|\n|t:|1697607536\n|move|p2a: so what!|Air Slash|p1a: Walking Wake\n|-damage|p1a: Walking Wake|10\/100\n|move|p1a: Walking Wake|Flamethrower|p2a: so what!\n|-supereffective|p2a: so what!\n|-damage|p2a: so what!|0 fnt\n|faint|p2a: so what!\n|\n|upkeep\n|\n|t:|1697607545\n|switch|p2a: lucas|Tyranitar, F|100\/100\n|-damage|p2a: lucas|88\/100|[from] Spikes\n|-weather|Sandstorm|[from] ability: Sand Stream|[of] p2a: lucas\n|turn|10\n|\n|t:|1697607551\n|-end|p1a: Walking Wake|Protosynthesis|[silent]\n|switch|p1a: Dialga|Dialga-Origin|45\/100 frz\n|-ability|p1a: Dialga|Pressure\n|move|p2a: lucas|Stealth Rock|p1a: Dialga\n|-sidestart|p1: AerialsAce|move: Stealth Rock\n|\n|-weather|Sandstorm|[upkeep]\n|-heal|p2a: lucas|94\/100|[from] item: Leftovers\n|upkeep\n|turn|11\n|\n|t:|1697607555\n|cant|p1a: Dialga|frz\n|move|p2a: lucas|Low Kick|p1a: Dialga\n|-supereffective|p1a: Dialga\n|-damage|p1a: Dialga|0 fnt\n|faint|p1a: Dialga\n|\n|-weather|Sandstorm|[upkeep]\n|-heal|p2a: lucas|100\/100|[from] item: Leftovers\n|upkeep\n|\n|t:|1697607562\n|switch|p1a: Gliscor|Gliscor, M, shiny|87\/100 tox\n|-damage|p1a: Gliscor|74\/100 tox|[from] Stealth Rock\n|turn|12\n|\n|t:|1697607566\n|switch|p2a: president grant|Donphan, M|94\/100 tox\n|move|p1a: Gliscor|Spikes|p2a: president grant\n|-sidestart|p2: GerrytheHeeHo|Spikes\n|\n|-weather|Sandstorm|[upkeep]\n|-heal|p1a: Gliscor|87\/100 tox|[from] ability: Poison Heal\n|-damage|p2a: president grant|88\/100 tox|[from] psn\n|upkeep\n|turn|13\n|\n|t:|1697607568\n|move|p1a: Gliscor|Protect|p1a: Gliscor\n|-singleturn|p1a: Gliscor|Protect\n|move|p2a: president grant|Rapid Spin|p1a: Gliscor\n|-activate|p1a: Gliscor|move: Protect\n|\n|-weather|Sandstorm|[upkeep]\n|-heal|p1a: Gliscor|99\/100 tox|[from] ability: Poison Heal\n|-damage|p2a: president grant|76\/100 tox|[from] psn\n|upkeep\n|turn|14\n|\n|t:|1697607577\n|move|p1a: Gliscor|Spikes|p2a: president grant\n|-sidestart|p2: GerrytheHeeHo|Spikes\n|move|p2a: president grant|Rapid Spin|p1a: Gliscor\n|-damage|p1a: Gliscor|89\/100 tox\n|-boost|p2a: president grant|spe|1\n|-sideend|p2: GerrytheHeeHo|Spikes|[from] move: Rapid Spin|[of] p2a: president grant\n|\n|-weather|none\n|-heal|p1a: Gliscor|100\/100 tox|[from] ability: Poison Heal\n|-damage|p2a: president grant|58\/100 tox|[from] psn\n|upkeep\n|turn|15\n|\n|t:|1697607582\n|switch|p2a: jebbey|Arceus-Grass|100\/100\n|move|p1a: Gliscor|Spikes|p2a: jebbey\n|-sidestart|p2: GerrytheHeeHo|Spikes\n|\n|upkeep\n|turn|16\n|\n|t:|1697607586\n|switch|p1a: Walking Wake|Walking Wake|10\/100\n|-damage|p1a: Walking Wake|0 fnt|[from] Stealth Rock\n|faint|p1a: Walking Wake\n|-end|p1a: Walking Wake|Protosynthesis|[silent]\n|move|p2a: jebbey|Ice Beam|p1: Walking Wake|[notarget]\n|-fail|p2a: jebbey\n|\n|upkeep\n|\n|t:|1697607588\n|switch|p1a: Ogerpon|Ogerpon-Wellspring, F|73\/100\n|-damage|p1a: Ogerpon|61\/100|[from] Stealth Rock\n|turn|17\n|\n|t:|1697607600\n|move|p1a: Ogerpon|Rain Dance|p1a: Ogerpon\n|-weather|RainDance\n|move|p2a: jebbey|Roar|p1a: Ogerpon\n|drag|p1a: Gliscor|Gliscor, M, shiny|100\/100 tox\n|-damage|p1a: Gliscor|88\/100 tox|[from] Stealth Rock\n|\n|-weather|RainDance|[upkeep]\n|-heal|p1a: Gliscor|100\/100 tox|[from] ability: Poison Heal\n|upkeep\n|turn|18\n|\n|t:|1697607607\n|move|p2a: jebbey|Ice Beam|p1a: Gliscor\n|-supereffective|p1a: Gliscor\n|-damage|p1a: Gliscor|0 fnt\n|faint|p1a: Gliscor\n|\n|-weather|RainDance|[upkeep]\n|upkeep\n|\n|t:|1697607610\n|switch|p1a: Basculegion|Basculegion-F, F|100\/100\n|-damage|p1a: Basculegion|88\/100|[from] Stealth Rock\n|turn|19\n|\n|t:|1697607614\n|switch|p2a: lucas|Tyranitar, F|100\/100\n|-damage|p2a: lucas|88\/100|[from] Spikes\n|-weather|Sandstorm|[from] ability: Sand Stream|[of] p2a: lucas\n|move|p1a: Basculegion|Hydro Pump|p2a: lucas\n|-supereffective|p2a: lucas\n|-damage|p2a: lucas|26\/100\n|-damage|p1a: Basculegion|78\/100|[from] item: Life Orb\n|\n|-weather|Sandstorm|[upkeep]\n|-damage|p1a: Basculegion|72\/100|[from] Sandstorm\n|-heal|p2a: lucas|32\/100|[from] item: Leftovers\n|upkeep\n|turn|20\n|\n|t:|1697607618\n|move|p1a: Basculegion|Hydro Pump|p2a: lucas\n|-supereffective|p2a: lucas\n|-damage|p2a: lucas|0 fnt\n|faint|p2a: lucas\n|-damage|p1a: Basculegion|62\/100|[from] item: Life Orb\n|\n|-weather|Sandstorm|[upkeep]\n|-damage|p1a: Basculegion|56\/100|[from] Sandstorm\n|upkeep\n|\n|t:|1697607621\n|switch|p2a: RARIATTO!!!|Houndstone, M|100\/100\n|-damage|p2a: RARIATTO!!!|88\/100|[from] Spikes\n|turn|21\n|\n|t:|1697607628\n|switch|p1a: Ogerpon|Ogerpon-Wellspring, F|61\/100\n|-damage|p1a: Ogerpon|49\/100|[from] Stealth Rock\n|-terastallize|p2a: RARIATTO!!!|Ghost\n|move|p2a: RARIATTO!!!|Last Respects|p1a: Ogerpon\n|-damage|p1a: Ogerpon|0 fnt\n|faint|p1a: Ogerpon\n|\n|-weather|Sandstorm|[upkeep]\n|upkeep\n|\n|t:|1697607631\n|switch|p1a: Thundurus|Thundurus, M|100\/100\n|turn|22\n|\n|t:|1697607637\n|move|p1a: Thundurus|Rain Dance|p1a: Thundurus\n|-weather|RainDance\n|move|p2a: RARIATTO!!!|Last Respects|p1a: Thundurus\n|-damage|p1a: Thundurus|0 fnt\n|faint|p1a: Thundurus\n|\n|-weather|RainDance|[upkeep]\n|upkeep\n|\n|t:|1697607639\n|switch|p1a: Basculegion|Basculegion-F, F|56\/100\n|-damage|p1a: Basculegion|44\/100|[from] Stealth Rock\n|turn|23\n|\n|t:|1697607642\n|switch|p2a: president grant|Donphan, M|58\/100 tox\n|move|p1a: Basculegion|Last Respects|p2a: president grant\n|-damage|p2a: president grant|0 fnt\n|faint|p2a: president grant\n|-damage|p1a: Basculegion|34\/100|[from] item: Life Orb\n|\n|-weather|RainDance|[upkeep]\n|upkeep\n|\n|t:|1697607646\n|switch|p2a: jebbey|Arceus-Grass|100\/100\n|-damage|p2a: jebbey|88\/100|[from] Spikes\n|turn|24\n|\n|t:|1697607651\n|-terastallize|p1a: Basculegion|Ghost\n|move|p1a: Basculegion|Last Respects|p2a: jebbey\n|-damage|p2a: jebbey|0 fnt\n|faint|p2a: jebbey\n|-damage|p1a: Basculegion|24\/100|[from] item: Life Orb\n|\n|-weather|RainDance|[upkeep]\n|upkeep\n|\n|t:|1697607653\n|switch|p2a: rayearth|Magearna|100\/100\n|-damage|p2a: rayearth|88\/100|[from] Spikes\n|turn|25\n|\n|t:|1697607655\n|move|p1a: Basculegion|Last Respects|p2a: rayearth\n|-damage|p2a: rayearth|0 fnt\n|faint|p2a: rayearth\n|-damage|p1a: Basculegion|14\/100|[from] item: Life Orb\n|\n|-weather|RainDance|[upkeep]\n|upkeep\n|\n|t:|1697607657\n|switch|p2a: RARIATTO!!!|Houndstone, M, tera:Ghost|88\/100\n|-damage|p2a: RARIATTO!!!|76\/100|[from] Spikes\n|turn|26\n|\n|t:|1697607659\n|move|p2a: RARIATTO!!!|Shadow Sneak|p1a: Basculegion\n|-supereffective|p1a: Basculegion\n|-damage|p1a: Basculegion|0 fnt\n|faint|p1a: Basculegion\n|\n|win|GerrytheHeeHo\n|c|\u2606GerrytheHeeHo|gg\n|c|\u2606AerialsAce|gg\n","uploadtime":1697607664,"views":19,"p1id":"aerialsace","p2id":"gerrytheheeho","formatid":"gen9ubers","rating":0,"private":0,"password":""}