{"id":"gen9ubers-1970399660","p1":"termofservice","p2":"LuukTheGamer","format":"[Gen 9] Ubers","log":"|j|\u2606termofservice\n|j|\u2606LuukTheGamer\n|t:|1697635727\n|gametype|singles\n|player|p1|termofservice|cynthia-masters|\n|player|p2|LuukTheGamer|mira|\n|teamsize|p1|6\n|teamsize|p2|6\n|gen|9\n|tier|[Gen 9] Ubers\n|rule|Sleep Clause Mod: Limit one foe put to sleep\n|rule|Species Clause: Limit one of each Pok\u00e9mon\n|rule|OHKO Clause: OHKO moves are banned\n|rule|Evasion Items Clause: Evasion items are banned\n|rule|Evasion Moves Clause: Evasion moves are banned\n|rule|Endless Battle Clause: Forcing endless battles is banned\n|rule|HP Percentage Mod: HP is shown in percentages\n|clearpoke\n|poke|p1|Torkoal, F|\n|poke|p1|Walking Wake|\n|poke|p1|Arceus-Fire|\n|poke|p1|Shaymin-Sky|\n|poke|p1|Volcarona, M|\n|poke|p1|Tsareena, F|\n|poke|p2|Zacian-*|\n|poke|p2|Magearna|\n|poke|p2|Dugtrio, M|\n|poke|p2|Ogerpon-Wellspring, F|\n|poke|p2|Gholdengo|\n|poke|p2|Arceus-Fire|\n|teampreview\n|inactive|Battle timer is ON: inactive players will automatically lose when time's up. (requested by LuukTheGamer)\n|inactive|LuukTheGamer has 270 seconds left.\n|\n|t:|1697635768\n|start\n|switch|p1a: Shaymin|Shaymin-Sky|100\/100\n|switch|p2a: Arceus|Arceus-Fire, shiny|100\/100\n|turn|1\n|inactive|termofservice has 270 seconds left.\n|\n|t:|1697635798\n|move|p1a: Shaymin|Air Slash|p2a: Arceus\n|-damage|p2a: Arceus|72\/100\n|move|p2a: Arceus|Dragon Dance|p2a: Arceus\n|-boost|p2a: Arceus|atk|1\n|-boost|p2a: Arceus|spe|1\n|\n|upkeep\n|turn|2\n|\n|t:|1697635812\n|move|p1a: Shaymin|Air Slash|p2a: Arceus\n|-damage|p2a: Arceus|45\/100\n|cant|p2a: Arceus|flinch\n|\n|upkeep\n|turn|3\n|\n|t:|1697635822\n|move|p1a: Shaymin|Air Slash|p2a: Arceus\n|-damage|p2a: Arceus|16\/100\n|cant|p2a: Arceus|flinch\n|\n|upkeep\n|turn|4\n|\n|t:|1697635832\n|move|p1a: Shaymin|Air Slash|p2a: Arceus\n|-damage|p2a: Arceus|0 fnt\n|faint|p2a: Arceus\n|\n|upkeep\n|\n|t:|1697635846\n|switch|p2a: Magearna|Magearna|100\/100\n|turn|5\n|\n|t:|1697635867\n|switch|p1a: Arceus|Arceus-Fire|100\/100\n|move|p2a: Magearna|Shift Gear|p2a: Magearna\n|-boost|p2a: Magearna|spe|2\n|-boost|p2a: Magearna|atk|1\n|\n|upkeep\n|turn|6\n|\n|t:|1697635883\n|-terastallize|p2a: Magearna|Psychic\n|move|p1a: Arceus|Flare Blitz|p2a: Magearna\n|-damage|p2a: Magearna|39\/100\n|-damage|p1a: Arceus|82\/100|[from] Recoil\n|move|p2a: Magearna|Shift Gear|p2a: Magearna\n|-boost|p2a: Magearna|spe|2\n|-boost|p2a: Magearna|atk|1\n|\n|upkeep\n|turn|7\n|\n|t:|1697635898\n|move|p2a: Magearna|Stored Power|p1a: Arceus\n|-damage|p1a: Arceus|28\/100\n|move|p1a: Arceus|Flare Blitz|p2a: Magearna\n|-damage|p2a: Magearna|0 fnt\n|faint|p2a: Magearna\n|-damage|p1a: Arceus|16\/100|[from] Recoil\n|\n|upkeep\n|\n|t:|1697635905\n|switch|p2a: Dugtrio|Dugtrio, M, shiny|100\/100\n|turn|8\n|\n|t:|1697635916\n|move|p2a: Dugtrio|Earthquake|p1a: Arceus\n|-supereffective|p1a: Arceus\n|-crit|p1a: Arceus\n|-damage|p1a: Arceus|0 fnt\n|faint|p1a: Arceus\n|\n|upkeep\n|\n|t:|1697635921\n|switch|p1a: Shaymin|Shaymin-Sky|100\/100\n|turn|9\n|\n|t:|1697635929\n|switch|p2a: Zacian|Zacian, shiny|100\/100\n|-ability|p2a: Zacian|Intrepid Sword|boost\n|-boost|p2a: Zacian|atk|1\n|move|p1a: Shaymin|Seed Flare|p2a: Zacian\n|-damage|p2a: Zacian|42\/100\n|-unboost|p2a: Zacian|spd|2\n|\n|upkeep\n|turn|10\n|\n|t:|1697635939\n|move|p1a: Shaymin|Seed Flare|p2a: Zacian|[miss]\n|-miss|p1a: Shaymin|p2a: Zacian\n|move|p2a: Zacian|Play Rough|p1a: Shaymin\n|-damage|p1a: Shaymin|0 fnt\n|faint|p1a: Shaymin\n|\n|upkeep\n|\n|t:|1697635948\n|switch|p1a: Torkoal|Torkoal, F|100\/100\n|-weather|SunnyDay|[from] ability: Drought|[of] p1a: Torkoal\n|turn|11\n|\n|t:|1697635967\n|switch|p2a: Ogerpon|Ogerpon-Wellspring, F|100\/100\n|move|p1a: Torkoal|Lava Plume|p2a: Ogerpon\n|-damage|p2a: Ogerpon|40\/100\n|-status|p2a: Ogerpon|brn\n|\n|-weather|SunnyDay|[upkeep]\n|-damage|p2a: Ogerpon|34\/100 brn|[from] brn\n|upkeep\n|turn|12\n|\n|t:|1697635980\n|switch|p1a: Walking Wake|Walking Wake|100\/100\n|-activate|p1a: Walking Wake|ability: Protosynthesis\n|-start|p1a: Walking Wake|protosynthesisspe\n|move|p2a: Ogerpon|Ivy Cudgel|p1a: Walking Wake\n|-resisted|p1a: Walking Wake\n|-damage|p1a: Walking Wake|96\/100\n|\n|-weather|SunnyDay|[upkeep]\n|-damage|p2a: Ogerpon|28\/100 brn|[from] brn\n|upkeep\n|turn|13\n|\n|t:|1697635989\n|move|p2a: Ogerpon|Spiky Shield|p2a: Ogerpon\n|-singleturn|p2a: Ogerpon|move: Protect\n|move|p1a: Walking Wake|Weather Ball|p2a: Ogerpon\n|-activate|p2a: Ogerpon|move: Protect\n|\n|-weather|SunnyDay|[upkeep]\n|-damage|p2a: Ogerpon|22\/100 brn|[from] brn\n|upkeep\n|turn|14\n|\n|t:|1697635997\n|move|p1a: Walking Wake|Weather Ball|p2a: Ogerpon\n|-damage|p2a: Ogerpon|0 fnt\n|faint|p2a: Ogerpon\n|\n|-weather|SunnyDay|[upkeep]\n|upkeep\n|\n|t:|1697636008\n|switch|p2a: Dugtrio|Dugtrio, M, shiny|100\/100\n|turn|15\n|\n|t:|1697636014\n|move|p1a: Walking Wake|Weather Ball|p2a: Dugtrio\n|-damage|p2a: Dugtrio|0 fnt\n|faint|p2a: Dugtrio\n|\n|-weather|SunnyDay|[upkeep]\n|upkeep\n|\n|t:|1697636028\n|switch|p2a: Gholdengo|Gholdengo, shiny|100\/100\n|-item|p2a: Gholdengo|Air Balloon\n|turn|16\n|\n|t:|1697636031\n|move|p1a: Walking Wake|Weather Ball|p2a: Gholdengo\n|-supereffective|p2a: Gholdengo\n|-damage|p2a: Gholdengo|0 fnt\n|-enditem|p2a: Gholdengo|Air Balloon\n|faint|p2a: Gholdengo\n|\n|-weather|SunnyDay|[upkeep]\n|upkeep\n|c|\u2606LuukTheGamer|gg\n|c|\u2606LuukTheGamer|rematch?\n|-message|LuukTheGamer forfeited.\n|\n|win|termofservice\n","uploadtime":1697636066,"views":33,"p1id":"termofservice","p2id":"luukthegamer","formatid":"gen9ubers","rating":0,"private":0,"password":""}