{"id":"gen9ubers-1998879846","p1":"London_Ludiculos","p2":"Ups1deD0wnSyndrome","format":"[Gen 9] Ubers","log":"|j|\u2606London_Ludiculos\n|j|\u2606Ups1deD0wnSyndrome\n|t:|1701007688\n|gametype|singles\n|player|p1|London_Ludiculos|1|\n|player|p2|Ups1deD0wnSyndrome|265|\n|teamsize|p1|6\n|teamsize|p2|6\n|gen|9\n|tier|[Gen 9] Ubers\n|rule|Sleep Clause Mod: Limit one foe put to sleep\n|rule|Species Clause: Limit one of each Pok\u00e9mon\n|rule|OHKO Clause: OHKO moves are banned\n|rule|Evasion Items Clause: Evasion items are banned\n|rule|Evasion Moves Clause: Evasion moves are banned\n|rule|Endless Battle Clause: Forcing endless battles is banned\n|rule|HP Percentage Mod: HP is shown in percentages\n|clearpoke\n|poke|p1|Cinderace, M|\n|poke|p1|Iron Hands|\n|poke|p1|Arbok, F|\n|poke|p1|Articuno-Galar|\n|poke|p1|Garganacl, M|\n|poke|p1|Amoonguss, M|\n|poke|p2|Salazzle, F|\n|poke|p2|Dragapult, F|\n|poke|p2|Naclstack, M|\n|poke|p2|Wo-Chien|\n|poke|p2|Ursaluna, M|\n|poke|p2|Florges-Blue, F|\n|teampreview\n|\n|t:|1701007713\n|start\n|switch|p1a: Garganacl|Garganacl, M|100\/100\n|switch|p2a: Wo-Chien|Wo-Chien|100\/100\n|-ability|p2a: Wo-Chien|Tablets of Ruin\n|turn|1\n|\n|t:|1701007727\n|move|p2a: Wo-Chien|Leech Seed|p1a: Garganacl\n|-start|p1a: Garganacl|move: Leech Seed\n|move|p1a: Garganacl|Salt Cure|p2a: Wo-Chien\n|-damage|p2a: Wo-Chien|91\/100\n|-start|p2a: Wo-Chien|Salt Cure\n|\n|-damage|p1a: Garganacl|88\/100|[from] Leech Seed|[of] p2a: Wo-Chien\n|-heal|p2a: Wo-Chien|100\/100|[silent]\n|-damage|p2a: Wo-Chien|88\/100|[from] Salt Cure\n|upkeep\n|turn|2\n|\n|t:|1701007741\n|move|p2a: Wo-Chien|Ruination|p1a: Garganacl\n|-damage|p1a: Garganacl|44\/100\n|move|p1a: Garganacl|Stealth Rock|p2a: Wo-Chien\n|-sidestart|p2: Ups1deD0wnSyndrome|move: Stealth Rock\n|\n|-damage|p1a: Garganacl|32\/100|[from] Leech Seed|[of] p2a: Wo-Chien\n|-heal|p2a: Wo-Chien|100\/100|[silent]\n|-damage|p2a: Wo-Chien|88\/100|[from] Salt Cure\n|upkeep\n|turn|3\n|\n|t:|1701007750\n|switch|p1a: Amoonguss|Amoonguss, M|100\/100\n|move|p2a: Wo-Chien|Giga Drain|p1a: Amoonguss\n|-resisted|p1a: Amoonguss\n|-damage|p1a: Amoonguss|96\/100\n|-heal|p2a: Wo-Chien|91\/100|[from] drain|[of] p1a: Amoonguss\n|\n|-damage|p2a: Wo-Chien|78\/100|[from] Salt Cure\n|upkeep\n|turn|4\n|\n|t:|1701007767\n|move|p2a: Wo-Chien|Knock Off|p1a: Amoonguss\n|-damage|p1a: Amoonguss|77\/100\n|move|p1a: Amoonguss|Sludge Bomb|p2a: Wo-Chien\n|-supereffective|p2a: Wo-Chien\n|-damage|p2a: Wo-Chien|40\/100\n|-status|p2a: Wo-Chien|psn\n|\n|-damage|p2a: Wo-Chien|27\/100 psn|[from] psn\n|-damage|p2a: Wo-Chien|15\/100 psn|[from] Salt Cure\n|upkeep\n|turn|5\n|\n|t:|1701007789\n|switch|p2a: Naclstack|Naclstack, M|100\/100\n|-damage|p2a: Naclstack|88\/100|[from] Stealth Rock\n|switch|p1a: Articuno|Articuno-Galar|100\/100\n|\n|upkeep\n|turn|6\n|\n|t:|1701007804\n|switch|p1a: Iron Hands|Iron Hands|100\/100\n|move|p2a: Naclstack|Salt Cure|p1a: Iron Hands\n|-resisted|p1a: Iron Hands\n|-damage|p1a: Iron Hands|97\/100\n|-start|p1a: Iron Hands|Salt Cure\n|\n|-heal|p1a: Iron Hands|100\/100|[from] item: Leftovers\n|-damage|p1a: Iron Hands|88\/100|[from] Salt Cure\n|upkeep\n|turn|7\n|\n|t:|1701007815\n|switch|p2a: Dragapult|Dragapult, F|100\/100\n|-damage|p2a: Dragapult|88\/100|[from] Stealth Rock\n|move|p1a: Iron Hands|Swords Dance|p1a: Iron Hands\n|-boost|p1a: Iron Hands|atk|2\n|\n|-heal|p1a: Iron Hands|94\/100|[from] item: Leftovers\n|-damage|p1a: Iron Hands|82\/100|[from] Salt Cure\n|upkeep\n|turn|8\n|\n|t:|1701007827\n|move|p2a: Dragapult|Will-O-Wisp|p1a: Iron Hands\n|-status|p1a: Iron Hands|brn\n|move|p1a: Iron Hands|Ice Punch|p2a: Dragapult\n|-supereffective|p2a: Dragapult\n|-damage|p2a: Dragapult|17\/100\n|\n|-heal|p1a: Iron Hands|88\/100 brn|[from] item: Leftovers\n|-damage|p1a: Iron Hands|82\/100 brn|[from] brn\n|-damage|p1a: Iron Hands|69\/100 brn|[from] Salt Cure\n|upkeep\n|turn|9\n|\n|t:|1701007841\n|move|p2a: Dragapult|Hex|p1a: Iron Hands\n|-damage|p1a: Iron Hands|24\/100 brn\n|move|p1a: Iron Hands|Substitute|p1a: Iron Hands\n|-fail|p1a: Iron Hands|move: Substitute|[weak]\n|\n|-heal|p1a: Iron Hands|30\/100 brn|[from] item: Leftovers\n|-damage|p1a: Iron Hands|24\/100 brn|[from] brn\n|-damage|p1a: Iron Hands|11\/100 brn|[from] Salt Cure\n|upkeep\n|turn|10\n|\n|t:|1701007860\n|move|p2a: Dragapult|Hex|p1a: Iron Hands\n|-damage|p1a: Iron Hands|0 fnt\n|faint|p1a: Iron Hands\n|-end|p1a: Iron Hands|Quark Drive|[silent]\n|\n|upkeep\n|\n|t:|1701007887\n|switch|p1a: Amoonguss|Amoonguss, M|77\/100\n|turn|11\n|\n|t:|1701007892\n|move|p2a: Dragapult|U-turn|p1a: Amoonguss\n|-damage|p1a: Amoonguss|58\/100\n|-status|p2a: Dragapult|psn|[from] ability: Effect Spore|[of] p1a: Amoonguss\n|\n|t:|1701007901\n|switch|p2a: Ursaluna|Ursaluna, M|100\/100|[from] U-turn\n|-damage|p2a: Ursaluna|94\/100|[from] Stealth Rock\n|move|p1a: Amoonguss|Sludge Bomb|p2a: Ursaluna\n|-resisted|p2a: Ursaluna\n|-damage|p2a: Ursaluna|82\/100\n|\n|-status|p2a: Ursaluna|brn|[from] item: Flame Orb\n|upkeep\n|turn|12\n|\n|t:|1701007915\n|move|p1a: Amoonguss|Protect|p1a: Amoonguss\n|-singleturn|p1a: Amoonguss|Protect\n|move|p2a: Ursaluna|Earthquake|p1a: Amoonguss\n|-activate|p1a: Amoonguss|move: Protect\n|\n|-damage|p2a: Ursaluna|76\/100 brn|[from] brn\n|upkeep\n|turn|13\n|\n|t:|1701007925\n|switch|p1a: Articuno|Articuno-Galar|100\/100\n|move|p2a: Ursaluna|Earthquake|p1a: Articuno\n|-immune|p1a: Articuno\n|\n|-damage|p2a: Ursaluna|70\/100 brn|[from] brn\n|upkeep\n|turn|14\n|\n|t:|1701007939\n|move|p1a: Articuno|Calm Mind|p1a: Articuno\n|-boost|p1a: Articuno|spa|1\n|-boost|p1a: Articuno|spd|1\n|move|p2a: Ursaluna|Avalanche|p1a: Articuno\n|-supereffective|p1a: Articuno\n|-damage|p1a: Articuno|16\/100\n|-enditem|p1a: Articuno|Weakness Policy\n|-boost|p1a: Articuno|atk|2|[from] item: Weakness Policy\n|-boost|p1a: Articuno|spa|2|[from] item: Weakness Policy\n|\n|-damage|p2a: Ursaluna|64\/100 brn|[from] brn\n|upkeep\n|turn|15\n|\n|t:|1701007953\n|move|p1a: Articuno|Stored Power|p2a: Ursaluna\n|-damage|p2a: Ursaluna|0 fnt\n|faint|p2a: Ursaluna\n|\n|upkeep\n|\n|t:|1701007959\n|switch|p2a: Dragapult|Dragapult, F|17\/100 psn\n|-damage|p2a: Dragapult|5\/100 psn|[from] Stealth Rock\n|turn|16\n|\n|t:|1701007967\n|move|p2a: Dragapult|Surf|p1a: Articuno\n|-damage|p1a: Articuno|0 fnt\n|faint|p1a: Articuno\n|\n|-damage|p2a: Dragapult|0 fnt|[from] psn\n|faint|p2a: Dragapult\n|upkeep\n|\n|t:|1701007981\n|switch|p2a: Salazzle|Salazzle, F|100\/100\n|switch|p1a: Arbok|Arbok, F|100\/100\n|-ability|p1a: Arbok|Intimidate|boost\n|-unboost|p2a: Salazzle|atk|1\n|-damage|p2a: Salazzle|75\/100|[from] Stealth Rock\n|turn|17\n|\n|t:|1701008004\n|move|p1a: Arbok|Scale Shot|p2a: Salazzle\n|-damage|p2a: Salazzle|68\/100\n|-damage|p2a: Salazzle|60\/100\n|-damage|p2a: Salazzle|53\/100\n|-damage|p2a: Salazzle|46\/100\n|-damage|p2a: Salazzle|39\/100\n|-hitcount|p2a: Salazzle|5\n|-unboost|p1a: Arbok|def|1\n|-boost|p1a: Arbok|spe|1\n|move|p2a: Salazzle|Dragon Pulse|p1a: Arbok\n|-damage|p1a: Arbok|67\/100\n|\n|-heal|p2a: Salazzle|45\/100|[from] item: Leftovers\n|upkeep\n|turn|18\n|\n|t:|1701008019\n|switch|p2a: Florges|Florges-Blue, F|100\/100\n|-damage|p2a: Florges|88\/100|[from] Stealth Rock\n|move|p1a: Arbok|Earthquake|p2a: Florges\n|-crit|p2a: Florges\n|-damage|p2a: Florges|53\/100\n|\n|-heal|p2a: Florges|59\/100|[from] item: Leftovers\n|upkeep\n|turn|19\n|\n|t:|1701008032\n|-terastallize|p1a: Arbok|Poison\n|move|p2a: Florges|Protect|p2a: Florges\n|-singleturn|p2a: Florges|Protect\n|move|p1a: Arbok|Gunk Shot|p2a: Florges\n|-activate|p2a: Florges|move: Protect\n|\n|-heal|p2a: Florges|65\/100|[from] item: Leftovers\n|upkeep\n|turn|20\n|\n|t:|1701008045\n|switch|p2a: Naclstack|Naclstack, M|88\/100\n|-damage|p2a: Naclstack|76\/100|[from] Stealth Rock\n|move|p1a: Arbok|Gunk Shot|p2a: Naclstack\n|-resisted|p2a: Naclstack\n|-damage|p2a: Naclstack|50\/100\n|\n|upkeep\n|turn|21\n|\n|t:|1701008055\n|-terastallize|p2a: Naclstack|Steel\n|move|p1a: Arbok|Earthquake|p2a: Naclstack\n|-supereffective|p2a: Naclstack\n|-damage|p2a: Naclstack|14\/100\n|move|p2a: Naclstack|Recover|p2a: Naclstack\n|-heal|p2a: Naclstack|64\/100\n|\n|upkeep\n|turn|22\n|\n|t:|1701008065\n|move|p1a: Arbok|Earthquake|p2a: Naclstack\n|-supereffective|p2a: Naclstack\n|-damage|p2a: Naclstack|27\/100\n|move|p2a: Naclstack|Salt Cure|p1a: Arbok\n|-damage|p1a: Arbok|40\/100\n|-start|p1a: Arbok|Salt Cure\n|\n|-damage|p1a: Arbok|28\/100|[from] Salt Cure\n|upkeep\n|turn|23\n|\n|t:|1701008076\n|switch|p2a: Wo-Chien|Wo-Chien|15\/100 psn\n|-damage|p2a: Wo-Chien|3\/100 psn|[from] Stealth Rock\n|-ability|p2a: Wo-Chien|Tablets of Ruin\n|move|p1a: Arbok|Earthquake|p2a: Wo-Chien\n|-resisted|p2a: Wo-Chien\n|-damage|p2a: Wo-Chien|0 fnt\n|faint|p2a: Wo-Chien\n|\n|-damage|p1a: Arbok|16\/100|[from] Salt Cure\n|upkeep\n|\n|t:|1701008090\n|switch|p2a: Florges|Florges-Blue, F|65\/100\n|-damage|p2a: Florges|53\/100|[from] Stealth Rock\n|turn|24\n|\n|t:|1701008094\n|move|p2a: Florges|Protect|p2a: Florges\n|-singleturn|p2a: Florges|Protect\n|move|p1a: Arbok|Gunk Shot|p2a: Florges\n|-activate|p2a: Florges|move: Protect\n|\n|-heal|p2a: Florges|59\/100|[from] item: Leftovers\n|-damage|p1a: Arbok|4\/100|[from] Salt Cure\n|upkeep\n|turn|25\n|\n|t:|1701008106\n|switch|p2a: Salazzle|Salazzle, F|45\/100\n|-damage|p2a: Salazzle|20\/100|[from] Stealth Rock\n|move|p1a: Arbok|Gunk Shot|p2a: Salazzle\n|-resisted|p2a: Salazzle\n|-damage|p2a: Salazzle|0 fnt\n|faint|p2a: Salazzle\n|\n|-damage|p1a: Arbok|0 fnt|[from] Salt Cure\n|faint|p1a: Arbok\n|upkeep\n|\n|t:|1701008118\n|switch|p1a: Amoonguss|Amoonguss, M|58\/100\n|switch|p2a: Florges|Florges-Blue, F|59\/100\n|-damage|p2a: Florges|47\/100|[from] Stealth Rock\n|turn|26\n|\n|t:|1701008125\n|move|p2a: Florges|Wish|p2a: Florges\n|move|p1a: Amoonguss|Rest|p1a: Amoonguss\n|-status|p1a: Amoonguss|slp|[from] move: Rest\n|-heal|p1a: Amoonguss|100\/100 slp|[silent]\n|\n|-heal|p2a: Florges|53\/100|[from] item: Leftovers\n|upkeep\n|turn|27\n|\n|t:|1701008135\n|switch|p2a: Naclstack|Naclstack, M, tera:Steel|27\/100\n|-damage|p2a: Naclstack|21\/100|[from] Stealth Rock\n|cant|p1a: Amoonguss|slp\n|move|p1a: Amoonguss|Sleep Talk|p1a: Amoonguss\n|move|p1a: Amoonguss|Sludge Bomb|p2a: Naclstack|[from]move: Sleep Talk\n|-immune|p2a: Naclstack\n|\n|-heal|p2a: Naclstack|76\/100|[from] move: Wish|[wisher] Florges\n|upkeep\n|turn|28\n|\n|t:|1701008150\n|switch|p1a: Garganacl|Garganacl, M|32\/100\n|move|p2a: Naclstack|Salt Cure|p1a: Garganacl\n|-damage|p1a: Garganacl|25\/100\n|-start|p1a: Garganacl|Salt Cure\n|\n|-damage|p1a: Garganacl|13\/100|[from] Salt Cure\n|upkeep\n|turn|29\n|\n|t:|1701008161\n|move|p2a: Naclstack|Body Press|p1a: Garganacl\n|-supereffective|p1a: Garganacl\n|-damage|p1a: Garganacl|0 fnt\n|faint|p1a: Garganacl\n|\n|upkeep\n|\n|t:|1701008166\n|switch|p1a: Cinderace|Cinderace, M|100\/100\n|turn|30\n|\n|t:|1701008174\n|switch|p2a: Florges|Florges-Blue, F|53\/100\n|-damage|p2a: Florges|40\/100|[from] Stealth Rock\n|move|p1a: Cinderace|Pyro Ball|p2a: Florges\n|-damage|p2a: Florges|0 fnt\n|faint|p2a: Florges\n|\n|upkeep\n|\n|t:|1701008183\n|switch|p2a: Naclstack|Naclstack, M, tera:Steel|76\/100\n|-damage|p2a: Naclstack|70\/100|[from] Stealth Rock\n|turn|31\n|\n|t:|1701008192\n|move|p1a: Cinderace|Sucker Punch|p2a: Naclstack\n|-start|p1a: Cinderace|typechange|Dark|[from] ability: Libero\n|-damage|p2a: Naclstack|46\/100\n|move|p2a: Naclstack|Salt Cure|p1a: Cinderace\n|-damage|p1a: Cinderace|87\/100\n|-start|p1a: Cinderace|Salt Cure\n|\n|-damage|p1a: Cinderace|74\/100|[from] Salt Cure\n|upkeep\n|turn|32\n|\n|t:|1701008202\n|move|p1a: Cinderace|Pyro Ball|p2a: Naclstack|[miss]\n|-miss|p1a: Cinderace|p2a: Naclstack\n|move|p2a: Naclstack|Recover|p2a: Naclstack\n|-heal|p2a: Naclstack|96\/100\n|\n|-damage|p1a: Cinderace|62\/100|[from] Salt Cure\n|upkeep\n|turn|33\n|\n|t:|1701008212\n|move|p1a: Cinderace|U-turn|p2a: Naclstack\n|-resisted|p2a: Naclstack\n|-damage|p2a: Naclstack|88\/100\n|\n|t:|1701008215\n|switch|p1a: Amoonguss|Amoonguss, M|100\/100 slp|[from] U-turn\n|move|p2a: Naclstack|Iron Defense|p2a: Naclstack\n|-boost|p2a: Naclstack|def|2\n|\n|upkeep\n|turn|34\n|\n|t:|1701008224\n|switch|p1a: Cinderace|Cinderace, M|62\/100\n|move|p2a: Naclstack|Salt Cure|p1a: Cinderace\n|-supereffective|p1a: Cinderace\n|-damage|p1a: Cinderace|33\/100\n|-start|p1a: Cinderace|Salt Cure\n|\n|-damage|p1a: Cinderace|21\/100|[from] Salt Cure\n|upkeep\n|turn|35\n|\n|t:|1701008235\n|move|p1a: Cinderace|Pyro Ball|p2a: Naclstack\n|-supereffective|p2a: Naclstack\n|-damage|p2a: Naclstack|46\/100\n|move|p2a: Naclstack|Recover|p2a: Naclstack\n|-heal|p2a: Naclstack|96\/100\n|\n|-damage|p1a: Cinderace|9\/100|[from] Salt Cure\n|upkeep\n|turn|36\n|\n|t:|1701008245\n|move|p1a: Cinderace|Pyro Ball|p2a: Naclstack\n|-supereffective|p2a: Naclstack\n|-damage|p2a: Naclstack|57\/100\n|move|p2a: Naclstack|Iron Defense|p2a: Naclstack\n|-boost|p2a: Naclstack|def|2\n|\n|-damage|p1a: Cinderace|0 fnt|[from] Salt Cure\n|faint|p1a: Cinderace\n|upkeep\n|\n|t:|1701008253\n|switch|p1a: Amoonguss|Amoonguss, M|100\/100 slp\n|turn|37\n|\n|t:|1701008258\n|move|p2a: Naclstack|Salt Cure|p1a: Amoonguss\n|-damage|p1a: Amoonguss|91\/100 slp\n|-start|p1a: Amoonguss|Salt Cure\n|cant|p1a: Amoonguss|slp\n|move|p1a: Amoonguss|Sleep Talk|p1a: Amoonguss\n|move|p1a: Amoonguss|Sludge Bomb|p2a: Naclstack|[from]move: Sleep Talk\n|-immune|p2a: Naclstack\n|\n|-damage|p1a: Amoonguss|78\/100 slp|[from] Salt Cure\n|upkeep\n|turn|38\n|\n|t:|1701008270\n|move|p2a: Naclstack|Recover|p2a: Naclstack\n|-heal|p2a: Naclstack|100\/100\n|-curestatus|p1a: Amoonguss|slp|[msg]\n|move|p1a: Amoonguss|Sleep Talk||[still]\n|-fail|p1a: Amoonguss\n|\n|-damage|p1a: Amoonguss|66\/100|[from] Salt Cure\n|upkeep\n|turn|39\n|c|\u2606London_Ludiculos|GGs\n|inactive|Battle timer is ON: inactive players will automatically lose when time's up. (requested by London_Ludiculos)\n|inactiveoff|Battle timer is now OFF.\n|\n|t:|1701008324\n|move|p2a: Naclstack|Iron Defense|p2a: Naclstack\n|-boost|p2a: Naclstack|def|2\n|move|p1a: Amoonguss|Sludge Bomb|p2a: Naclstack\n|-immune|p2a: Naclstack\n|\n|-damage|p1a: Amoonguss|54\/100|[from] Salt Cure\n|upkeep\n|turn|40\n|\n|t:|1701008333\n|move|p2a: Naclstack|Body Press|p1a: Amoonguss\n|-resisted|p1a: Amoonguss\n|-damage|p1a: Amoonguss|17\/100\n|move|p1a: Amoonguss|Sludge Bomb|p2a: Naclstack\n|-immune|p2a: Naclstack\n|\n|-damage|p1a: Amoonguss|5\/100|[from] Salt Cure\n|upkeep\n|turn|41\n|\n|t:|1701008344\n|move|p2a: Naclstack|Body Press|p1a: Amoonguss\n|-resisted|p1a: Amoonguss\n|-damage|p1a: Amoonguss|0 fnt\n|faint|p1a: Amoonguss\n|\n|win|Ups1deD0wnSyndrome\n|l|\u2606London_Ludiculos\n","uploadtime":1701008379,"views":40,"p1id":"londonludiculos","p2id":"ups1ded0wnsyndrome","formatid":"gen9ubers","rating":0,"private":0,"password":""}