{"id":"gen9ubers-2000615487","p1":"mathismathin","p2":"DGENERAT","format":"[Gen 9] Ubers","log":"|j|\u2606mathismathin\n|j|\u2606DGENERAT\n|t:|1701210791\n|gametype|singles\n|player|p1|mathismathin|nate|1516\n|player|p2|DGENERAT|guzma|1431\n|teamsize|p1|6\n|teamsize|p2|6\n|gen|9\n|tier|[Gen 9] Ubers\n|rated|\n|rule|Sleep Clause Mod: Limit one foe put to sleep\n|rule|Species Clause: Limit one of each Pok\u00e9mon\n|rule|OHKO Clause: OHKO moves are banned\n|rule|Evasion Items Clause: Evasion items are banned\n|rule|Evasion Moves Clause: Evasion moves are banned\n|rule|Endless Battle Clause: Forcing endless battles is banned\n|rule|HP Percentage Mod: HP is shown in percentages\n|clearpoke\n|poke|p1|Miraidon|\n|poke|p1|Koraidon|\n|poke|p1|Flutter Mane|\n|poke|p1|Iron Valiant|\n|poke|p1|Kingambit, F|\n|poke|p1|Forretress, M|\n|poke|p2|Ursaluna, F|\n|poke|p2|Dialga-Origin|\n|poke|p2|Bronzong|\n|poke|p2|Mimikyu, M|\n|poke|p2|Calyrex-Ice|\n|poke|p2|Slowking-Galar, F|\n|teampreview\n|inactive|Battle timer is ON: inactive players will automatically lose when time's up. (requested by DGENERAT)\n|\n|t:|1701210801\n|start\n|switch|p1a: Forretress|Forretress, M|100\/100\n|switch|p2a: Mimikyu|Mimikyu, M|100\/100\n|turn|1\n|\n|t:|1701210809\n|move|p2a: Mimikyu|Taunt|p1a: Forretress\n|-start|p1a: Forretress|move: Taunt\n|-enditem|p1a: Forretress|Mental Herb\n|-end|p1a: Forretress|move: Taunt\n|move|p1a: Forretress|Stealth Rock|p2a: Mimikyu\n|-sidestart|p2: DGENERAT|move: Stealth Rock\n|\n|upkeep\n|turn|2\n|\n|t:|1701210816\n|switch|p1a: Kingambit|Kingambit, F|100\/100\n|move|p2a: Mimikyu|Taunt|p1a: Kingambit\n|-start|p1a: Kingambit|move: Taunt\n|\n|-damage|p1a: Kingambit|88\/100|[from] item: Black Sludge\n|upkeep\n|turn|3\n|\n|t:|1701210827\n|move|p1a: Kingambit|Iron Head|p2a: Mimikyu\n|-activate|p2a: Mimikyu|ability: Disguise\n|-damage|p2a: Mimikyu|100\/100\n|detailschange|p2a: Mimikyu|Mimikyu-Busted, M\n|-damage|p2a: Mimikyu|88\/100|[from] pokemon: Mimikyu-Busted\n|move|p2a: Mimikyu|Trick Room|p2a: Mimikyu\n|-fieldstart|move: Trick Room|[of] p2a: Mimikyu\n|\n|-damage|p1a: Kingambit|76\/100|[from] item: Black Sludge\n|upkeep\n|turn|4\n|\n|t:|1701210839\n|move|p1a: Kingambit|Iron Head|p2a: Mimikyu\n|-supereffective|p2a: Mimikyu\n|-damage|p2a: Mimikyu|0 fnt\n|faint|p2a: Mimikyu\n|\n|-damage|p1a: Kingambit|63\/100|[from] item: Black Sludge\n|-end|p1a: Kingambit|move: Taunt\n|upkeep\n|\n|t:|1701210841\n|switch|p2a: Ursaluna|Ursaluna, F|100\/100\n|-damage|p2a: Ursaluna|94\/100|[from] Stealth Rock\n|turn|5\n|\n|t:|1701210851\n|-end|p1a: Kingambit|fallenundefined|[silent]\n|switch|p1a: Forretress|Forretress, M|100\/100\n|move|p2a: Ursaluna|Headlong Rush|p1a: Forretress\n|-damage|p1a: Forretress|58\/100\n|-unboost|p2a: Ursaluna|def|1\n|-unboost|p2a: Ursaluna|spd|1\n|\n|-status|p2a: Ursaluna|brn|[from] item: Flame Orb\n|upkeep\n|turn|6\n|\n|t:|1701210857\n|move|p2a: Ursaluna|Headlong Rush|p1a: Forretress\n|-damage|p1a: Forretress|0 fnt\n|-unboost|p2a: Ursaluna|def|1\n|-unboost|p2a: Ursaluna|spd|1\n|faint|p1a: Forretress\n|\n|-damage|p2a: Ursaluna|88\/100 brn|[from] brn\n|upkeep\n|\n|t:|1701210859\n|switch|p1a: Kingambit|Kingambit, F|63\/100\n|-activate|p1a: Kingambit|ability: Supreme Overlord\n|-start|p1a: Kingambit|fallen1|[silent]\n|turn|7\n|\n|t:|1701210869\n|switch|p2a: Bronzong|Bronzong|100\/100\n|-damage|p2a: Bronzong|94\/100|[from] Stealth Rock\n|move|p1a: Kingambit|Kowtow Cleave|p2a: Bronzong\n|-supereffective|p2a: Bronzong\n|-damage|p2a: Bronzong|23\/100\n|\n|-heal|p2a: Bronzong|29\/100|[from] item: Leftovers\n|-damage|p1a: Kingambit|51\/100|[from] item: Black Sludge\n|-fieldend|move: Trick Room\n|upkeep\n|turn|8\n|\n|t:|1701210873\n|move|p1a: Kingambit|Kowtow Cleave|p2a: Bronzong\n|-supereffective|p2a: Bronzong\n|-damage|p2a: Bronzong|0 fnt\n|faint|p2a: Bronzong\n|\n|-damage|p1a: Kingambit|39\/100|[from] item: Black Sludge\n|upkeep\n|\n|t:|1701210888\n|switch|p2a: Slowking|Slowking-Galar, F|100\/100\n|-damage|p2a: Slowking|88\/100|[from] Stealth Rock\n|turn|9\n|\n|t:|1701210893\n|move|p1a: Kingambit|Kowtow Cleave|p2a: Slowking\n|-supereffective|p2a: Slowking\n|-damage|p2a: Slowking|0 fnt\n|faint|p2a: Slowking\n|\n|-damage|p1a: Kingambit|26\/100|[from] item: Black Sludge\n|upkeep\n|\n|t:|1701210902\n|switch|p2a: Dialga|Dialga-Origin|100\/100\n|-damage|p2a: Dialga|94\/100|[from] Stealth Rock\n|-ability|p2a: Dialga|Pressure\n|turn|10\n|\n|t:|1701210909\n|-terastallize|p2a: Dialga|Fairy\n|move|p1a: Kingambit|Kowtow Cleave|p2a: Dialga\n|-resisted|p2a: Dialga\n|-damage|p2a: Dialga|72\/100\n|move|p2a: Dialga|Trick Room|p2a: Dialga\n|-fieldstart|move: Trick Room|[of] p2a: Dialga\n|\n|-damage|p1a: Kingambit|14\/100|[from] item: Black Sludge\n|upkeep\n|turn|11\n|\n|t:|1701210914\n|move|p1a: Kingambit|Iron Head|p2a: Dialga\n|-supereffective|p2a: Dialga\n|-damage|p2a: Dialga|0 fnt\n|faint|p2a: Dialga\n|\n|-damage|p1a: Kingambit|1\/100|[from] item: Black Sludge\n|upkeep\n|\n|t:|1701210923\n|switch|p2a: Calyrex|Calyrex-Ice|100\/100\n|-ability|p2a: Calyrex|As One\n|-ability|p2a: Calyrex|Unnerve\n|turn|12\n|\n|t:|1701210931\n|move|p1a: Kingambit|Sucker Punch|p2a: Calyrex\n|-supereffective|p2a: Calyrex\n|-damage|p2a: Calyrex|46\/100\n|move|p2a: Calyrex|Glacial Lance|p1a: Kingambit\n|-resisted|p1a: Kingambit\n|-damage|p1a: Kingambit|0 fnt\n|faint|p1a: Kingambit\n|-end|p1a: Kingambit|fallen1|[silent]\n|-ability|p2a: Calyrex|Chilling Neigh|boost\n|-boost|p2a: Calyrex|atk|1\n|\n|upkeep\n|\n|t:|1701210938\n|switch|p1a: Koraidon|Koraidon|100\/100\n|-weather|SunnyDay|[from] ability: Orichalcum Pulse|[of] p1a: Koraidon\n|-activate|p1a: Koraidon|Orichalcum Pulse|[source]\n|turn|13\n|\n|t:|1701210943\n|-terastallize|p1a: Koraidon|Steel\n|move|p2a: Calyrex|High Horsepower|p1a: Koraidon\n|-supereffective|p1a: Koraidon\n|-damage|p1a: Koraidon|0 fnt\n|faint|p1a: Koraidon\n|-ability|p2a: Calyrex|Chilling Neigh|boost\n|-boost|p2a: Calyrex|atk|1\n|\n|-weather|SunnyDay|[upkeep]\n|upkeep\n|\n|t:|1701210954\n|switch|p1a: Iron Valiant|Iron Valiant|100\/100\n|turn|14\n|\n|t:|1701210959\n|move|p2a: Calyrex|Glacial Lance|p1a: Iron Valiant\n|-damage|p1a: Iron Valiant|0 fnt\n|faint|p1a: Iron Valiant\n|-end|p1a: Iron Valiant|Quark Drive|[silent]\n|-ability|p2a: Calyrex|Chilling Neigh|boost\n|-boost|p2a: Calyrex|atk|1\n|\n|-weather|SunnyDay|[upkeep]\n|-fieldend|move: Trick Room\n|upkeep\n|\n|t:|1701210968\n|switch|p1a: Flutter Mane|Flutter Mane|100\/100\n|-activate|p1a: Flutter Mane|ability: Protosynthesis\n|-start|p1a: Flutter Mane|protosynthesisspe\n|turn|15\n|\n|t:|1701210971\n|switch|p2a: Ursaluna|Ursaluna, F|88\/100 brn\n|-damage|p2a: Ursaluna|82\/100 brn|[from] Stealth Rock\n|move|p1a: Flutter Mane|Mystical Fire|p2a: Ursaluna\n|-damage|p2a: Ursaluna|29\/100 brn\n|-unboost|p2a: Ursaluna|spa|1\n|\n|-weather|SunnyDay|[upkeep]\n|-damage|p2a: Ursaluna|23\/100 brn|[from] brn\n|upkeep\n|turn|16\n|\n|t:|1701210980\n|move|p1a: Flutter Mane|Mystical Fire|p2a: Ursaluna\n|-damage|p2a: Ursaluna|0 fnt\n|faint|p2a: Ursaluna\n|\n|-weather|SunnyDay|[upkeep]\n|upkeep\n|\n|t:|1701210982\n|switch|p2a: Calyrex|Calyrex-Ice|46\/100\n|-ability|p2a: Calyrex|As One\n|-ability|p2a: Calyrex|Unnerve\n|turn|17\n|\n|t:|1701210985\n|move|p1a: Flutter Mane|Mystical Fire|p2a: Calyrex\n|-supereffective|p2a: Calyrex\n|-damage|p2a: Calyrex|0 fnt\n|faint|p2a: Calyrex\n|\n|win|mathismathin\n|raw|mathismathin's rating: 1516 &rarr; <strong>1531<\/strong><br \/>(+15 for winning)\n|raw|DGENERAT's rating: 1431 &rarr; <strong>1416<\/strong><br \/>(-15 for losing)\n|l|\u2606DGENERAT\n|l|\u2606mathismathin\n|j|\u2606mathismathin\n|player|p1|mathismathin|nate\n","uploadtime":1701210989,"views":3,"p1id":"mathismathin","p2id":"dgenerat","formatid":"gen9ubers","rating":1416,"private":0,"password":""}