{"id":"gen9ubers-1971315089","p1":"Leovaldezdalton","p2":"ZuuDino","format":"[Gen 9] Ubers","log":"|j|\u2606Leovaldezdalton\n|j|\u2606ZuuDino\n|t:|1697728877\n|gametype|singles\n|player|p1|Leovaldezdalton|cynthia-gen4|1120\n|player|p2|ZuuDino|1|1086\n|teamsize|p1|6\n|teamsize|p2|6\n|gen|9\n|tier|[Gen 9] Ubers\n|rated|\n|rule|Sleep Clause Mod: Limit one foe put to sleep\n|rule|Species Clause: Limit one of each Pok\u00e9mon\n|rule|OHKO Clause: OHKO moves are banned\n|rule|Evasion Items Clause: Evasion items are banned\n|rule|Evasion Moves Clause: Evasion moves are banned\n|rule|Endless Battle Clause: Forcing endless battles is banned\n|rule|HP Percentage Mod: HP is shown in percentages\n|clearpoke\n|poke|p1|Revavroom, M|\n|poke|p1|Mabosstiff, F|\n|poke|p1|Cyclizar, M|\n|poke|p1|Maushold|\n|poke|p1|Ceruledge, M|\n|poke|p1|Baxcalibur, M|\n|poke|p2|Regieleki|\n|poke|p2|Zacian-*|\n|poke|p2|Skeledirge, F|\n|poke|p2|Miraidon|\n|poke|p2|Ditto|\n|poke|p2|Kyogre|\n|teampreview\n|inactive|Battle timer is ON: inactive players will automatically lose when time's up. (requested by Leovaldezdalton)\n|\n|t:|1697728887\n|start\n|switch|p1a: Mabosstiff|Mabosstiff, F|100\/100\n|switch|p2a: Ditto|Ditto, shiny|100\/100\n|-ability|p1a: Mabosstiff|Intimidate|boost\n|-unboost|p2a: Ditto|atk|1\n|-transform|p2a: Ditto|p1a: Mabosstiff|[from] ability: Imposter\n|-ability|p2a: Ditto|Intimidate|boost\n|-unboost|p1a: Mabosstiff|atk|1\n|turn|1\n|\n|t:|1697728904\n|switch|p1a: Cyclizar|Cyclizar, M|100\/100\n|move|p2a: Ditto|Play Rough|p1a: Cyclizar\n|-supereffective|p1a: Cyclizar\n|-damage|p1a: Cyclizar|0 fnt\n|faint|p1a: Cyclizar\n|\n|upkeep\n|\n|t:|1697728915\n|switch|p1a: Revavroom|Revavroom, M|100\/100\n|-item|p1a: Revavroom|Air Balloon\n|turn|2\n|\n|t:|1697728922\n|move|p2a: Ditto|Wild Charge|p1a: Revavroom\n|-damage|p1a: Revavroom|65\/100\n|-enditem|p1a: Revavroom|Air Balloon\n|-damage|p2a: Ditto|89\/100|[from] Recoil\n|move|p1a: Revavroom|Shift Gear|p1a: Revavroom\n|-boost|p1a: Revavroom|spe|2\n|-boost|p1a: Revavroom|atk|1\n|\n|-heal|p2a: Ditto|95\/100|[from] item: Leftovers\n|upkeep\n|turn|3\n|\n|t:|1697728940\n|move|p1a: Revavroom|Iron Head|p2a: Ditto\n|-damage|p2a: Ditto|0 fnt\n|faint|p2a: Ditto\n|\n|upkeep\n|\n|t:|1697728945\n|switch|p2a: Regieleki|Regieleki, shiny|100\/100\n|turn|4\n|\n|t:|1697728953\n|move|p1a: Revavroom|High Horsepower|p2a: Regieleki\n|-supereffective|p2a: Regieleki\n|-damage|p2a: Regieleki|0 fnt\n|faint|p2a: Regieleki\n|\n|upkeep\n|\n|t:|1697728960\n|switch|p2a: Miraidon|Miraidon|100\/100\n|-fieldstart|move: Electric Terrain|[from] ability: Hadron Engine|[of] p2a: Miraidon\n|turn|5\n|\n|t:|1697728964\n|-terastallize|p1a: Revavroom|Ground\n|move|p1a: Revavroom|High Horsepower|p2a: Miraidon\n|-supereffective|p2a: Miraidon\n|-damage|p2a: Miraidon|0 fnt\n|faint|p2a: Miraidon\n|\n|upkeep\n|\n|t:|1697728973\n|switch|p2a: Zacian|Zacian-Crowned, shiny|100\/100\n|-ability|p2a: Zacian|Intrepid Sword|boost\n|-boost|p2a: Zacian|atk|1\n|turn|6\n|\n|t:|1697728981\n|-terastallize|p2a: Zacian|Ground\n|move|p1a: Revavroom|High Horsepower|p2a: Zacian\n|-damage|p2a: Zacian|31\/100\n|move|p2a: Zacian|Behemoth Blade|p1a: Revavroom\n|-damage|p1a: Revavroom|0 fnt\n|faint|p1a: Revavroom\n|\n|upkeep\n|c|\u2606Leovaldezdalton|Lol\n|\n|t:|1697728989\n|switch|p1a: Mabosstiff|Mabosstiff, F|100\/100\n|-ability|p1a: Mabosstiff|Intimidate|boost\n|-unboost|p2a: Zacian|atk|1\n|turn|7\n|\n|t:|1697728996\n|switch|p1a: Ceruledge|Ceruledge, M|100\/100\n|move|p2a: Zacian|Play Rough|p1a: Ceruledge|[miss]\n|-miss|p2a: Zacian|p1a: Ceruledge\n|\n|upkeep\n|turn|8\n|\n|t:|1697729003\n|move|p2a: Zacian|Play Rough|p1a: Ceruledge\n|-resisted|p1a: Ceruledge\n|-damage|p1a: Ceruledge|57\/100\n|-ability|p1a: Ceruledge|Weak Armor|boost\n|-unboost|p1a: Ceruledge|def|1\n|-boost|p1a: Ceruledge|spe|2\n|move|p1a: Ceruledge|Poltergeist|p2a: Zacian\n|-activate|p2a: Zacian|move: Poltergeist|Rusted Sword\n|-damage|p2a: Zacian|0 fnt\n|faint|p2a: Zacian\n|-damage|p1a: Ceruledge|47\/100|[from] item: Life Orb\n|\n|upkeep\n|\n|t:|1697729014\n|switch|p2a: Kyogre|Kyogre, shiny|100\/100\n|-weather|RainDance|[from] ability: Drizzle|[of] p2a: Kyogre\n|turn|9\n|\n|t:|1697729023\n|move|p1a: Ceruledge|Poltergeist|p2a: Kyogre\n|-activate|p2a: Kyogre|move: Poltergeist|Leftovers\n|-damage|p2a: Kyogre|25\/100\n|-damage|p1a: Ceruledge|37\/100|[from] item: Life Orb\n|move|p2a: Kyogre|Water Spout|p1a: Ceruledge\n|-supereffective|p1a: Ceruledge\n|-damage|p1a: Ceruledge|0 fnt\n|faint|p1a: Ceruledge\n|\n|-weather|RainDance|[upkeep]\n|-heal|p2a: Kyogre|31\/100|[from] item: Leftovers\n|-fieldend|move: Electric Terrain\n|upkeep\n|\n|t:|1697729028\n|switch|p1a: Maushold|Maushold|100\/100\n|turn|10\n|\n|t:|1697729037\n|move|p1a: Maushold|Bullet Seed|p2a: Kyogre\n|-supereffective|p2a: Kyogre\n|-damage|p2a: Kyogre|11\/100\n|-supereffective|p2a: Kyogre\n|-damage|p2a: Kyogre|0 fnt\n|faint|p2a: Kyogre\n|-hitcount|p2: Kyogre|2\n|\n|-weather|RainDance|[upkeep]\n|upkeep\n|\n|t:|1697729043\n|switch|p2a: Skeledirge|Skeledirge, F|100\/100\n|turn|11\n|\n|t:|1697729049\n|move|p1a: Maushold|Tidy Up|p1a: Maushold\n|-boost|p1a: Maushold|atk|1\n|-boost|p1a: Maushold|spe|1\n|move|p2a: Skeledirge|Earth Power|p1a: Maushold\n|-damage|p1a: Maushold|70\/100\n|\n|-weather|RainDance|[upkeep]\n|upkeep\n|turn|12\n|inactive|ZuuDino has 120 seconds left.\n|\n|t:|1697729080\n|move|p1a: Maushold|Bullet Seed|p2a: Skeledirge\n|-resisted|p2a: Skeledirge\n|-damage|p2a: Skeledirge|98\/100\n|-resisted|p2a: Skeledirge\n|-crit|p2a: Skeledirge\n|-damage|p2a: Skeledirge|94\/100\n|-resisted|p2a: Skeledirge\n|-damage|p2a: Skeledirge|91\/100\n|-resisted|p2a: Skeledirge\n|-damage|p2a: Skeledirge|88\/100\n|-resisted|p2a: Skeledirge\n|-damage|p2a: Skeledirge|85\/100\n|-hitcount|p2a: Skeledirge|5\n|move|p2a: Skeledirge|Torch Song|p1a: Maushold\n|-damage|p1a: Maushold|50\/100\n|-boost|p2a: Skeledirge|spa|1\n|\n|-weather|RainDance|[upkeep]\n|upkeep\n|turn|13\n|inactive|ZuuDino has 120 seconds left.\n|\n|t:|1697729096\n|move|p1a: Maushold|Bullet Seed|p2a: Skeledirge\n|-resisted|p2a: Skeledirge\n|-damage|p2a: Skeledirge|83\/100\n|-resisted|p2a: Skeledirge\n|-damage|p2a: Skeledirge|80\/100\n|-hitcount|p2a: Skeledirge|2\n|move|p2a: Skeledirge|Torch Song|p1a: Maushold\n|-damage|p1a: Maushold|22\/100\n|-boost|p2a: Skeledirge|spa|1\n|\n|-weather|none\n|upkeep\n|turn|14\n|inactive|ZuuDino has 120 seconds left.\n|\n|t:|1697729106\n|move|p1a: Maushold|Bullet Seed|p2a: Skeledirge\n|-resisted|p2a: Skeledirge\n|-damage|p2a: Skeledirge|77\/100\n|-resisted|p2a: Skeledirge\n|-damage|p2a: Skeledirge|74\/100\n|-resisted|p2a: Skeledirge\n|-damage|p2a: Skeledirge|72\/100\n|-resisted|p2a: Skeledirge\n|-damage|p2a: Skeledirge|69\/100\n|-resisted|p2a: Skeledirge\n|-damage|p2a: Skeledirge|66\/100\n|-hitcount|p2a: Skeledirge|5\n|move|p2a: Skeledirge|Torch Song|p1a: Maushold\n|-damage|p1a: Maushold|0 fnt\n|-boost|p2a: Skeledirge|spa|1\n|faint|p1a: Maushold\n|\n|upkeep\n|\n|t:|1697729109\n|switch|p1a: Mabosstiff|Mabosstiff, F|100\/100\n|-ability|p1a: Mabosstiff|Intimidate|boost\n|-unboost|p2a: Skeledirge|atk|1\n|turn|15\n|inactive|ZuuDino has 120 seconds left.\n|\n|t:|1697729123\n|move|p1a: Mabosstiff|Crunch|p2a: Skeledirge\n|-supereffective|p2a: Skeledirge\n|-damage|p2a: Skeledirge|0 fnt\n|faint|p2a: Skeledirge\n|\n|win|Leovaldezdalton\n|raw|Leovaldezdalton's rating: 1120 &rarr; <strong>1143<\/strong><br \/>(+23 for winning)\n|raw|ZuuDino's rating: 1086 &rarr; <strong>1065<\/strong><br \/>(-21 for losing)\n|l|\u2606ZuuDino\n","uploadtime":1697729133,"views":9,"p1id":"leovaldezdalton","p2id":"zuudino","formatid":"gen9ubers","rating":1065,"private":0,"password":""}