{"id":"gen9ubers-1984155960","p1":"idek what you mean","p2":"Nightngale","format":"[Gen 9] Ubers","log":"|j|\u2606idek what you mean\n|j|\u2606Nightngale\n|t:|1699224531\n|gametype|singles\n|player|p1|idek what you mean|lana|1422\n|player|p2|Nightngale|102|1290\n|teamsize|p1|6\n|teamsize|p2|6\n|gen|9\n|tier|[Gen 9] Ubers\n|rated|\n|rule|Sleep Clause Mod: Limit one foe put to sleep\n|rule|Species Clause: Limit one of each Pok\u00e9mon\n|rule|OHKO Clause: OHKO moves are banned\n|rule|Evasion Items Clause: Evasion items are banned\n|rule|Evasion Moves Clause: Evasion moves are banned\n|rule|Endless Battle Clause: Forcing endless battles is banned\n|rule|HP Percentage Mod: HP is shown in percentages\n|clearpoke\n|poke|p1|Landorus-Therian, M|\n|poke|p1|Basculegion, M|\n|poke|p1|Kyogre|\n|poke|p1|Iron Treads|\n|poke|p1|Klefki, M|\n|poke|p1|Scream Tail|\n|poke|p2|Mewtwo|\n|poke|p2|Zacian-*|\n|poke|p2|Arceus|\n|poke|p2|Miraidon|\n|poke|p2|Koraidon|\n|poke|p2|Shaymin-Sky|\n|teampreview\n|inactive|Battle timer is ON: inactive players will automatically lose when time's up. (requested by Nightngale)\n|\n|t:|1699224545\n|start\n|switch|p1a: Klefki|Klefki, M|100\/100\n|switch|p2a: pup|Shaymin-Sky|100\/100\n|turn|1\n|\n|t:|1699224558\n|switch|p2a: Miraidon|Miraidon|100\/100\n|-fieldstart|move: Electric Terrain|[from] ability: Hadron Engine|[of] p2a: Miraidon\n|move|p1a: Klefki|Thunder Wave|p2a: Miraidon\n|-immune|p2a: Miraidon\n|\n|upkeep\n|turn|2\n|\n|t:|1699224566\n|move|p1a: Klefki|Switcheroo|p2a: Miraidon\n|-activate|p1a: Klefki|move: Trick|[of] p2a: Miraidon\n|-item|p2a: Miraidon|Iron Ball|[from] move: Switcheroo\n|-item|p1a: Klefki|Choice Scarf|[from] move: Switcheroo\n|move|p2a: Miraidon|Overheat|p1a: Klefki\n|-supereffective|p1a: Klefki\n|-damage|p1a: Klefki|0 fnt\n|-unboost|p2a: Miraidon|spa|2\n|faint|p1a: Klefki\n|\n|upkeep\n|\n|t:|1699224570\n|switch|p1a: Kyogre|Kyogre|100\/100\n|-weather|RainDance|[from] ability: Drizzle|[of] p1a: Kyogre\n|turn|3\n|\n|t:|1699224574\n|move|p1a: Kyogre|Calm Mind|p1a: Kyogre\n|-boost|p1a: Kyogre|spa|1\n|-boost|p1a: Kyogre|spd|1\n|move|p2a: Miraidon|Thunderbolt|p1a: Kyogre\n|-supereffective|p1a: Kyogre\n|-crit|p1a: Kyogre\n|-damage|p1a: Kyogre|0 fnt\n|faint|p1a: Kyogre\n|\n|-weather|RainDance|[upkeep]\n|upkeep\n|\n|t:|1699224591\n|switch|p1a: Basculegion|Basculegion, M|100\/100\n|turn|4\n|\n|t:|1699224597\n|switch|p2a: Koraidon|Koraidon|100\/100\n|-weather|SunnyDay|[from] ability: Orichalcum Pulse|[of] p2a: Koraidon\n|-activate|p2a: Koraidon|Orichalcum Pulse|[source]\n|move|p1a: Basculegion|Last Respects|p2a: Koraidon\n|-damage|p2a: Koraidon|32\/100\n|\n|-weather|SunnyDay|[upkeep]\n|upkeep\n|turn|5\n|\n|t:|1699224608\n|switch|p1a: Scream Tail|Scream Tail|100\/100\n|-activate|p1a: Scream Tail|ability: Protosynthesis\n|-start|p1a: Scream Tail|protosynthesisdef\n|move|p2a: Koraidon|Dragon Claw|p1a: Scream Tail\n|-immune|p1a: Scream Tail\n|\n|-weather|SunnyDay|[upkeep]\n|-fieldend|move: Electric Terrain\n|upkeep\n|turn|6\n|\n|t:|1699224616\n|move|p2a: Koraidon|Substitute|p2a: Koraidon\n|-start|p2a: Koraidon|Substitute\n|-damage|p2a: Koraidon|7\/100\n|move|p1a: Scream Tail|Wish|p1a: Scream Tail\n|\n|-weather|SunnyDay|[upkeep]\n|upkeep\n|turn|7\n|\n|t:|1699224620\n|move|p2a: Koraidon|Flame Charge|p1a: Scream Tail\n|-damage|p1a: Scream Tail|86\/100\n|-boost|p2a: Koraidon|spe|1\n|move|p1a: Scream Tail|Dazzling Gleam|p2a: Koraidon\n|-supereffective|p2a: Koraidon\n|-end|p2a: Koraidon|Substitute\n|\n|-weather|SunnyDay|[upkeep]\n|-heal|p1a: Scream Tail|100\/100|[from] move: Wish|[wisher] Scream Tail\n|upkeep\n|turn|8\n|\n|t:|1699224632\n|switch|p2a: pup|Shaymin-Sky|100\/100\n|move|p1a: Scream Tail|Wish|p1a: Scream Tail\n|\n|-weather|none\n|-end|p1a: Scream Tail|Protosynthesis\n|upkeep\n|turn|9\n|\n|t:|1699224639\n|-end|p1a: Scream Tail|Protosynthesis|[silent]\n|switch|p1a: Basculegion|Basculegion, M|100\/100\n|move|p2a: pup|Seed Flare|p1a: Basculegion\n|-supereffective|p1a: Basculegion\n|-damage|p1a: Basculegion|0 fnt\n|faint|p1a: Basculegion\n|\n|upkeep\n|-message|idek what you mean forfeited.\n|\n|win|Nightngale\n|raw|idek what you mean's rating: 1422 &rarr; <strong>1395<\/strong><br \/>(-27 for losing)\n|raw|Nightngale's rating: 1290 &rarr; <strong>1324<\/strong><br \/>(+34 for winning)\n|l|\u2606idek what you mean\n","uploadtime":1699224645,"views":3,"p1id":"idekwhatyoumean","p2id":"nightngale","formatid":"gen9ubers","rating":1324,"private":0,"password":""}