{"id":"gen9ubers-1982316178","p1":"It's Draco 101","p2":"mirinku","format":"[Gen 9] Ubers","log":"|j|\u2606It's Draco 101\n|j|\u2606mirinku\n|t:|1698995981\n|gametype|singles\n|player|p1|It's Draco 101|102|\n|player|p2|mirinku|lady|\n|teamsize|p1|6\n|teamsize|p2|6\n|gen|9\n|tier|[Gen 9] Ubers\n|rule|Sleep Clause Mod: Limit one foe put to sleep\n|rule|Species Clause: Limit one of each Pok\u00e9mon\n|rule|OHKO Clause: OHKO moves are banned\n|rule|Evasion Items Clause: Evasion items are banned\n|rule|Evasion Moves Clause: Evasion moves are banned\n|rule|Endless Battle Clause: Forcing endless battles is banned\n|rule|HP Percentage Mod: HP is shown in percentages\n|clearpoke\n|poke|p1|Ursaluna-Bloodmoon, M|\n|poke|p1|Dragapult, M|\n|poke|p1|Tsareena, F|\n|poke|p1|Arcanine-Hisui, M|\n|poke|p1|Samurott-Hisui, F|\n|poke|p1|Slowking-Galar, F|\n|poke|p2|Ribombee, F|\n|poke|p2|Indeedee-F, F|\n|poke|p2|Manaphy|\n|poke|p2|Iron Moth|\n|poke|p2|Espathra, F|\n|poke|p2|Gholdengo|\n|teampreview\n|\n|t:|1698996006\n|start\n|switch|p1a: Tsareena|Tsareena, F|100\/100\n|switch|p2a: Ribombee|Ribombee, F, shiny|100\/100\n|turn|1\n|\n|t:|1698996017\n|move|p2a: Ribombee|Moonblast|p1a: Tsareena\n|-damage|p1a: Tsareena|75\/100\n|move|p1a: Tsareena|Rapid Spin|p2a: Ribombee\n|-damage|p2a: Ribombee|62\/100\n|-boost|p1a: Tsareena|spe|1\n|\n|upkeep\n|turn|2\n|\n|t:|1698996038\n|switch|p2a: Iron Moth|Iron Moth|100\/100\n|-enditem|p2a: Iron Moth|Booster Energy\n|-activate|p2a: Iron Moth|ability: Quark Drive|[fromitem]\n|-start|p2a: Iron Moth|quarkdrivespe\n|move|p1a: Tsareena|Knock Off|p2a: Iron Moth\n|-crit|p2a: Iron Moth\n|-damage|p2a: Iron Moth|49\/100\n|\n|upkeep\n|turn|3\n|\n|t:|1698996064\n|switch|p1a: 88' Ford|Slowking-Galar, F|100\/100\n|move|p2a: Iron Moth|Substitute|p2a: Iron Moth\n|-start|p2a: Iron Moth|Substitute\n|-damage|p2a: Iron Moth|24\/100\n|\n|upkeep\n|turn|4\n|\n|t:|1698996073\n|move|p2a: Iron Moth|Fiery Dance|p1a: 88' Ford\n|-damage|p1a: 88' Ford|77\/100\n|move|p1a: 88' Ford|Calm Mind|p1a: 88' Ford\n|-boost|p1a: 88' Ford|spa|1\n|-boost|p1a: 88' Ford|spd|1\n|\n|-heal|p1a: 88' Ford|83\/100|[from] item: Leftovers\n|upkeep\n|turn|5\n|\n|t:|1698996087\n|move|p2a: Iron Moth|Fiery Dance|p1a: 88' Ford\n|-damage|p1a: 88' Ford|66\/100\n|move|p1a: 88' Ford|Calm Mind|p1a: 88' Ford\n|-boost|p1a: 88' Ford|spa|1\n|-boost|p1a: 88' Ford|spd|1\n|\n|-heal|p1a: 88' Ford|72\/100|[from] item: Leftovers\n|upkeep\n|turn|6\n|\n|t:|1698996105\n|move|p2a: Iron Moth|Fiery Dance|p1a: 88' Ford\n|-damage|p1a: 88' Ford|59\/100\n|-boost|p2a: Iron Moth|spa|1\n|move|p1a: 88' Ford|Calm Mind|p1a: 88' Ford\n|-boost|p1a: 88' Ford|spa|1\n|-boost|p1a: 88' Ford|spd|1\n|\n|-heal|p1a: 88' Ford|65\/100|[from] item: Leftovers\n|upkeep\n|turn|7\n|\n|t:|1698996118\n|move|p2a: Iron Moth|Energy Ball|p1a: 88' Ford\n|-resisted|p1a: 88' Ford\n|-damage|p1a: 88' Ford|60\/100\n|move|p1a: 88' Ford|Stored Power|p2a: Iron Moth\n|-supereffective|p2a: Iron Moth\n|-end|p2a: Iron Moth|Substitute\n|\n|-heal|p1a: 88' Ford|66\/100|[from] item: Leftovers\n|upkeep\n|turn|8\n|\n|t:|1698996134\n|move|p2a: Iron Moth|Fiery Dance|p1a: 88' Ford\n|-crit|p1a: 88' Ford\n|-damage|p1a: 88' Ford|9\/100\n|move|p1a: 88' Ford|Slack Off|p1a: 88' Ford\n|-heal|p1a: 88' Ford|59\/100\n|\n|-heal|p1a: 88' Ford|65\/100|[from] item: Leftovers\n|upkeep\n|turn|9\n|\n|t:|1698996140\n|move|p2a: Iron Moth|Fiery Dance|p1a: 88' Ford\n|-damage|p1a: 88' Ford|49\/100\n|-boost|p2a: Iron Moth|spa|1\n|move|p1a: 88' Ford|Slack Off|p1a: 88' Ford\n|-heal|p1a: 88' Ford|99\/100\n|\n|-heal|p1a: 88' Ford|100\/100|[from] item: Leftovers\n|upkeep\n|turn|10\n|\n|t:|1698996146\n|move|p2a: Iron Moth|Fiery Dance|p1a: 88' Ford\n|-damage|p1a: 88' Ford|80\/100\n|move|p1a: 88' Ford|Stored Power|p2a: Iron Moth\n|-supereffective|p2a: Iron Moth\n|-damage|p2a: Iron Moth|0 fnt\n|faint|p2a: Iron Moth\n|-end|p2a: Iron Moth|Quark Drive|[silent]\n|\n|-heal|p1a: 88' Ford|87\/100|[from] item: Leftovers\n|upkeep\n|\n|t:|1698996167\n|switch|p2a: Ribombee|Ribombee, F, shiny|62\/100\n|turn|11\n|\n|t:|1698996172\n|move|p2a: Ribombee|Sticky Web|p1a: 88' Ford\n|-sidestart|p1: It's Draco 101|move: Sticky Web\n|move|p1a: 88' Ford|Stored Power|p2a: Ribombee\n|-damage|p2a: Ribombee|0 fnt\n|faint|p2a: Ribombee\n|\n|-heal|p1a: 88' Ford|93\/100|[from] item: Leftovers\n|upkeep\n|\n|t:|1698996176\n|switch|p2a: Manaphy|Manaphy|100\/100\n|turn|12\n|\n|t:|1698996195\n|move|p2a: Manaphy|Take Heart|p2a: Manaphy\n|-boost|p2a: Manaphy|spa|1\n|-boost|p2a: Manaphy|spd|1\n|move|p1a: 88' Ford|Calm Mind|p1a: 88' Ford\n|-boost|p1a: 88' Ford|spa|1\n|-boost|p1a: 88' Ford|spd|1\n|\n|-heal|p1a: 88' Ford|99\/100|[from] item: Leftovers\n|upkeep\n|turn|13\n|\n|t:|1698996200\n|move|p2a: Manaphy|Take Heart|p2a: Manaphy\n|-boost|p2a: Manaphy|spa|1\n|-boost|p2a: Manaphy|spd|1\n|move|p1a: 88' Ford|Calm Mind|p1a: 88' Ford\n|-boost|p1a: 88' Ford|spa|1\n|-boost|p1a: 88' Ford|spd|1\n|\n|-heal|p1a: 88' Ford|100\/100|[from] item: Leftovers\n|upkeep\n|turn|14\n|\n|t:|1698996204\n|move|p2a: Manaphy|Take Heart|p2a: Manaphy\n|-boost|p2a: Manaphy|spa|1\n|-boost|p2a: Manaphy|spd|1\n|move|p1a: 88' Ford|Calm Mind|p1a: 88' Ford\n|-boost|p1a: 88' Ford|spa|1\n|-boost|p1a: 88' Ford|spd|1\n|\n|upkeep\n|turn|15\n|\n|t:|1698996209\n|move|p2a: Manaphy|Take Heart|p2a: Manaphy\n|-boost|p2a: Manaphy|spa|1\n|-boost|p2a: Manaphy|spd|1\n|move|p1a: 88' Ford|Stored Power|p2a: Manaphy\n|-crit|p2a: Manaphy\n|-damage|p2a: Manaphy|0 fnt\n|faint|p2a: Manaphy\n|\n|upkeep\n|c|\u2606mirinku|CRIT\n|\n|t:|1698996231\n|switch|p2a: Gholdengo|Gholdengo|100\/100\n|-item|p2a: Gholdengo|Air Balloon\n|turn|16\n|c|\u2606It's Draco 101|Imma have to calc that sometime\n|\n|t:|1698996240\n|move|p2a: Gholdengo|Shadow Ball|p1a: 88' Ford\n|-supereffective|p1a: 88' Ford\n|-damage|p1a: 88' Ford|88\/100\n|move|p1a: 88' Ford|Stored Power|p2a: Gholdengo\n|-resisted|p2a: Gholdengo\n|-damage|p2a: Gholdengo|0 fnt\n|-enditem|p2a: Gholdengo|Air Balloon\n|faint|p2a: Gholdengo\n|\n|-heal|p1a: 88' Ford|94\/100|[from] item: Leftovers\n|upkeep\n|\n|t:|1698996244\n|switch|p2a: Espathra|Espathra, F|100\/100\n|turn|17\n|\n|t:|1698996251\n|move|p2a: Espathra|Calm Mind|p2a: Espathra\n|-boost|p2a: Espathra|spa|1\n|-boost|p2a: Espathra|spd|1\n|move|p1a: 88' Ford|Stored Power|p2a: Espathra\n|-resisted|p2a: Espathra\n|-damage|p2a: Espathra|0 fnt\n|faint|p2a: Espathra\n|\n|-heal|p1a: 88' Ford|99\/100|[from] item: Leftovers\n|upkeep\n|\n|t:|1698996256\n|switch|p2a: Indeedee|Indeedee-F, F|100\/100\n|-fieldstart|move: Psychic Terrain|[from] ability: Psychic Surge|[of] p2a: Indeedee\n|turn|18\n|\n|t:|1698996269\n|move|p2a: Indeedee|Healing Wish||[still]\n|-fail|p2a: Indeedee\n|move|p1a: 88' Ford|Stored Power|p2a: Indeedee\n|-resisted|p2a: Indeedee\n|-damage|p2a: Indeedee|0 fnt\n|faint|p2a: Indeedee\n|\n|win|It's Draco 101\n|c|\u2606It's Draco 101|Gg\n|c|\u2606mirinku|\u0e14\u0e32\n|c|\u2606mirinku|gg\n","uploadtime":1698996326,"views":32,"p1id":"itsdraco101","p2id":"mirinku","formatid":"gen9ubers","rating":0,"private":0,"password":""}