{"id":"gen9ubers-1989181935","p1":"a bit moody","p2":"Kizaco","format":"[Gen 9] Ubers","log":"|j|\u2606a bit moody\n|j|\u2606Kizaco\n|t:|1699820842\n|gametype|singles\n|player|p1|a bit moody|101|\n|player|p2|Kizaco|169|\n|teamsize|p1|6\n|teamsize|p2|6\n|gen|9\n|tier|[Gen 9] Ubers\n|rule|Sleep Clause Mod: Limit one foe put to sleep\n|rule|Species Clause: Limit one of each Pok\u00e9mon\n|rule|OHKO Clause: OHKO moves are banned\n|rule|Evasion Items Clause: Evasion items are banned\n|rule|Evasion Moves Clause: Evasion moves are banned\n|rule|Endless Battle Clause: Forcing endless battles is banned\n|rule|HP Percentage Mod: HP is shown in percentages\n|clearpoke\n|poke|p1|Clefable, M|\n|poke|p1|Alomomola, F|\n|poke|p1|Moltres|\n|poke|p1|Blissey, F|\n|poke|p1|Overqwil, F|\n|poke|p1|Spectrier|\n|poke|p2|Palafin, F|\n|poke|p2|Landorus, M|\n|poke|p2|Baxcalibur, M|\n|poke|p2|Chi-Yu|\n|poke|p2|Zacian-*|\n|poke|p2|Palkia-Origin|\n|teampreview\n|c|\u2606a bit moody|glhf\n|c|\u2606Kizaco|u2\n|c|\u2606a bit moody|christ thats HO and a half\n|c|\u2606Kizaco|you know whats funny\n|c|\u2606Kizaco|i already have a vs stall match\n|c|\u2606Kizaco|its cool though\n|c|\u2606Kizaco|bc the other one was a sweep\n|\n|t:|1699820887\n|start\n|switch|p1a: Alomomola|Alomomola, F|100\/100\n|switch|p2a: Palafin|Palafin, F|100\/100\n|turn|1\n|c|\u2606a bit moody|why did my avatar go tf\n|\n|t:|1699820895\n|move|p2a: Palafin|Flip Turn|p1a: Alomomola\n|-resisted|p1a: Alomomola\n|-damage|p1a: Alomomola|92\/100\n|\n|t:|1699820899\n|detailschange|p2a: Palafin|Palafin-Hero, F\n|switch|p2a: Palkia|Palkia-Origin|100\/100|[from] Flip Turn\n|-ability|p2a: Palkia|Pressure\n|move|p1a: Alomomola|Flip Turn|p2a: Palkia\n|-resisted|p2a: Palkia\n|-damage|p2a: Palkia|96\/100\n|\n|t:|1699820920\n|switch|p1a: Blissey|Blissey, F|100\/100|[from] Flip Turn\n|\n|upkeep\n|turn|2\n|\n|t:|1699820926\n|move|p1a: Blissey|Thunder Wave|p2a: Palkia\n|-status|p2a: Palkia|par\n|move|p2a: Palkia|Dragon Tail|p1a: Blissey\n|-damage|p1a: Blissey|78\/100\n|drag|p1a: Alomomola|Alomomola, F|100\/100\n|\n|upkeep\n|turn|3\n|\n|t:|1699820932\n|move|p2a: Palkia|Spacial Rend|p1a: Alomomola\n|-damage|p1a: Alomomola|11\/100\n|move|p1a: Alomomola|Wish|p1a: Alomomola\n|\n|upkeep\n|turn|4\n|\n|t:|1699820938\n|switch|p1a: Clefable|Clefable, M|100\/100\n|move|p2a: Palkia|Dragon Tail|p1a: Clefable\n|-immune|p1a: Clefable\n|\n|upkeep\n|turn|5\n|\n|t:|1699820943\n|move|p2a: Palkia|Hydro Pump|p1a: Clefable|[miss]\n|-miss|p2a: Palkia|p1a: Clefable\n|move|p1a: Clefable|Calm Mind|p1a: Clefable\n|-boost|p1a: Clefable|spa|1\n|-boost|p1a: Clefable|spd|1\n|\n|upkeep\n|turn|6\n|\n|t:|1699820949\n|move|p2a: Palkia|Hydro Pump|p1a: Clefable\n|-damage|p1a: Clefable|67\/100\n|move|p1a: Clefable|Stealth Rock|p2a: Palkia\n|-sidestart|p2: Kizaco|move: Stealth Rock\n|\n|upkeep\n|turn|7\n|\n|t:|1699820952\n|cant|p2a: Palkia|par\n|move|p1a: Clefable|Moonlight|p1a: Clefable\n|-heal|p1a: Clefable|100\/100\n|\n|upkeep\n|turn|8\n|\n|t:|1699820955\n|move|p2a: Palkia|Hydro Pump|p1a: Clefable\n|-damage|p1a: Clefable|68\/100\n|move|p1a: Clefable|Calm Mind|p1a: Clefable\n|-boost|p1a: Clefable|spa|1\n|-boost|p1a: Clefable|spd|1\n|\n|upkeep\n|turn|9\n|\n|t:|1699820964\n|switch|p2a: Palafin|Palafin-Hero, F|100\/100\n|-damage|p2a: Palafin|88\/100|[from] Stealth Rock\n|-activate|p2a: Palafin|ability: Zero to Hero\n|move|p1a: Clefable|Moonlight|p1a: Clefable\n|-heal|p1a: Clefable|100\/100\n|\n|upkeep\n|turn|10\n|\n|t:|1699820971\n|switch|p1a: Overqwil|Overqwil, F|100\/100\n|-ability|p1a: Overqwil|Intimidate|boost\n|-unboost|p2a: Palafin|atk|1\n|move|p2a: Palafin|Wave Crash|p1a: Overqwil\n|-damage|p1a: Overqwil|54\/100\n|-damage|p2a: Palafin|72\/100|[from] item: Rocky Helmet|[of] p1a: Overqwil\n|-damage|p2a: Palafin|55\/100|[from] Recoil\n|\n|upkeep\n|turn|11\n|\n|t:|1699820984\n|switch|p2a: Palkia|Palkia-Origin|96\/100 par\n|-damage|p2a: Palkia|83\/100 par|[from] Stealth Rock\n|-ability|p2a: Palkia|Pressure\n|move|p1a: Overqwil|Spikes|p2a: Palkia\n|-sidestart|p2: Kizaco|Spikes\n|\n|upkeep\n|turn|12\n|\n|t:|1699820992\n|move|p1a: Overqwil|Toxic Spikes|p2a: Palkia\n|-sidestart|p2: Kizaco|move: Toxic Spikes\n|move|p2a: Palkia|Hydro Pump|p1a: Overqwil\n|-damage|p1a: Overqwil|0 fnt\n|faint|p1a: Overqwil\n|\n|upkeep\n|\n|t:|1699821001\n|switch|p1a: Clefable|Clefable, M|100\/100\n|turn|13\n|\n|t:|1699821032\n|switch|p2a: Palafin|Palafin-Hero, F|55\/100\n|-damage|p2a: Palafin|42\/100|[from] Stealth Rock\n|-damage|p2a: Palafin|30\/100|[from] Spikes\n|-status|p2a: Palafin|psn\n|move|p1a: Clefable|Moonblast|p2a: Palafin\n|-crit|p2a: Palafin\n|-damage|p2a: Palafin|0 fnt\n|faint|p2a: Palafin\n|\n|upkeep\n|\n|t:|1699821055\n|switch|p2a: Landorus|Landorus, M|100\/100\n|-damage|p2a: Landorus|88\/100|[from] Stealth Rock\n|turn|14\n|\n|t:|1699821061\n|move|p2a: Landorus|Sludge Bomb|p1a: Clefable\n|-supereffective|p1a: Clefable\n|-damage|p1a: Clefable|34\/100\n|move|p1a: Clefable|Calm Mind|p1a: Clefable\n|-boost|p1a: Clefable|spa|1\n|-boost|p1a: Clefable|spd|1\n|\n|upkeep\n|turn|15\n|\n|t:|1699821075\n|switch|p1a: Blissey|Blissey, F|78\/100\n|move|p2a: Landorus|Sludge Bomb|p1a: Blissey\n|-crit|p1a: Blissey\n|-damage|p1a: Blissey|55\/100\n|\n|upkeep\n|turn|16\n|\n|t:|1699821083\n|move|p2a: Landorus|Nasty Plot|p2a: Landorus\n|-boost|p2a: Landorus|spa|2\n|move|p1a: Blissey|Thunder Wave|p2a: Landorus\n|-immune|p2a: Landorus\n|\n|upkeep\n|turn|17\n|\n|t:|1699821089\n|move|p2a: Landorus|Focus Blast|p1a: Blissey\n|-supereffective|p1a: Blissey\n|-damage|p1a: Blissey|0 fnt\n|faint|p1a: Blissey\n|\n|upkeep\n|\n|t:|1699821099\n|switch|p1a: Moltres|Moltres|100\/100\n|turn|18\n|\n|t:|1699821105\n|move|p2a: Landorus|Sludge Bomb|p1a: Moltres\n|-damage|p1a: Moltres|3\/100\n|move|p1a: Moltres|Flamethrower|p2a: Landorus\n|-damage|p2a: Landorus|44\/100\n|\n|upkeep\n|turn|19\n|\n|t:|1699821130\n|switch|p1a: Clefable|Clefable, M|34\/100\n|move|p2a: Landorus|Sludge Bomb|p1a: Clefable\n|-supereffective|p1a: Clefable\n|-damage|p1a: Clefable|0 fnt\n|faint|p1a: Clefable\n|\n|upkeep\n|\n|t:|1699821132\n|switch|p1a: Spectrier|Spectrier|100\/100\n|turn|20\n|\n|t:|1699821138\n|move|p1a: Spectrier|Shadow Ball|p2a: Landorus\n|-damage|p2a: Landorus|0 fnt\n|faint|p2a: Landorus\n|-ability|p1a: Spectrier|Grim Neigh|boost\n|-boost|p1a: Spectrier|spa|1\n|\n|upkeep\n|\n|t:|1699821144\n|switch|p2a: Chi-Yu|Chi-Yu|100\/100\n|-ability|p2a: Chi-Yu|Beads of Ruin\n|turn|21\n|\n|t:|1699821151\n|switch|p1a: Moltres|Moltres|3\/100\n|move|p2a: Chi-Yu|Dark Pulse|p1a: Moltres\n|-damage|p1a: Moltres|0 fnt\n|faint|p1a: Moltres\n|\n|upkeep\n|\n|t:|1699821153\n|switch|p1a: Spectrier|Spectrier|100\/100\n|turn|22\n|\n|t:|1699821160\n|-terastallize|p1a: Spectrier|Fighting\n|move|p1a: Spectrier|Tera Blast|p2a: Chi-Yu|[anim] Tera Blast Fighting\n|-supereffective|p2a: Chi-Yu\n|-damage|p2a: Chi-Yu|0 fnt\n|faint|p2a: Chi-Yu\n|-ability|p1a: Spectrier|Grim Neigh|boost\n|-boost|p1a: Spectrier|spa|1\n|\n|upkeep\n|\n|t:|1699821165\n|switch|p2a: Zacian|Zacian|100\/100\n|-ability|p2a: Zacian|Intrepid Sword|boost\n|-boost|p2a: Zacian|atk|1\n|turn|23\n|\n|t:|1699821178\n|switch|p1a: Alomomola|Alomomola, F|45\/100\n|move|p2a: Zacian|Play Rough|p1a: Alomomola\n|-damage|p1a: Alomomola|7\/100\n|\n|upkeep\n|turn|24\n|\n|t:|1699821186\n|move|p2a: Zacian|Play Rough|p1a: Alomomola\n|-damage|p1a: Alomomola|0 fnt\n|faint|p1a: Alomomola\n|\n|upkeep\n|\n|t:|1699821188\n|switch|p1a: Spectrier|Spectrier, tera:Fighting|100\/100\n|turn|25\n|\n|t:|1699821192\n|move|p1a: Spectrier|Shadow Ball|p2a: Zacian\n|-damage|p2a: Zacian|54\/100\n|move|p2a: Zacian|Play Rough|p1a: Spectrier|[miss]\n|-miss|p2a: Zacian|p1a: Spectrier\n|\n|upkeep\n|turn|26\n|\n|t:|1699821196\n|move|p1a: Spectrier|Shadow Ball|p2a: Zacian\n|-damage|p2a: Zacian|10\/100\n|move|p2a: Zacian|Play Rough|p1a: Spectrier\n|-supereffective|p1a: Spectrier\n|-damage|p1a: Spectrier|0 fnt\n|faint|p1a: Spectrier\n|\n|win|Kizaco\n|c|\u2606Kizaco|gg wp\n|c|\u2606a bit moody|shit\n","uploadtime":1699821240,"views":24,"p1id":"abitmoody","p2id":"kizaco","formatid":"gen9ubers","rating":0,"private":0,"password":""}