{"id":"gen9ubers-1989195699","p1":"Albaz Brand","p2":"CodenameCAT","format":"[Gen 9] Ubers","log":"|j|\u2606Albaz Brand\n|j|\u2606CodenameCAT\n|t:|1699822245\n|gametype|singles\n|player|p1|Albaz Brand|bellelba|\n|player|p2|CodenameCAT|cogita|\n|teamsize|p1|6\n|teamsize|p2|6\n|gen|9\n|tier|[Gen 9] Ubers\n|rule|Sleep Clause Mod: Limit one foe put to sleep\n|rule|Species Clause: Limit one of each Pok\u00e9mon\n|rule|OHKO Clause: OHKO moves are banned\n|rule|Evasion Items Clause: Evasion items are banned\n|rule|Evasion Moves Clause: Evasion moves are banned\n|rule|Endless Battle Clause: Forcing endless battles is banned\n|rule|HP Percentage Mod: HP is shown in percentages\n|clearpoke\n|poke|p1|Dragapult, M|\n|poke|p1|Torkoal, F|\n|poke|p1|Iron Valiant|\n|poke|p1|Roaring Moon|\n|poke|p1|Arceus-Poison|\n|poke|p1|Shaymin-Sky|\n|poke|p2|Dialga-Origin|\n|poke|p2|Chi-Yu|\n|poke|p2|Magearna|\n|poke|p2|Ursaluna, F|\n|poke|p2|Cresselia, F|\n|poke|p2|Azumarill, F|\n|teampreview\n|inactive|Battle timer is ON: inactive players will automatically lose when time's up. (requested by CodenameCAT)\n|c|\u2606CodenameCAT|glhf\n|\n|t:|1699822271\n|start\n|switch|p1a: Shaymin|Shaymin-Sky|100\/100\n|switch|p2a: The Rare Dialgo|Dialga-Origin|100\/100\n|-ability|p2a: The Rare Dialgo|Pressure\n|turn|1\n|inactive|Albaz Brand has 270 seconds left.\n|inactive|Albaz Brand has 240 seconds left.\n|\n|t:|1699822345\n|move|p1a: Shaymin|Air Slash|p2a: The Rare Dialgo\n|-resisted|p2a: The Rare Dialgo\n|-damage|p2a: The Rare Dialgo|88\/100\n|cant|p2a: The Rare Dialgo|flinch\n|\n|upkeep\n|turn|2\n|\n|t:|1699822350\n|move|p1a: Shaymin|Air Slash|p2a: The Rare Dialgo\n|-resisted|p2a: The Rare Dialgo\n|-damage|p2a: The Rare Dialgo|76\/100\n|cant|p2a: The Rare Dialgo|flinch\n|\n|upkeep\n|turn|3\n|inactive|Albaz Brand has 240 seconds left.\n|\n|t:|1699822355\n|move|p1a: Shaymin|Air Slash|p2a: The Rare Dialgo\n|-resisted|p2a: The Rare Dialgo\n|-damage|p2a: The Rare Dialgo|62\/100\n|cant|p2a: The Rare Dialgo|flinch\n|\n|upkeep\n|turn|4\n|\n|t:|1699822359\n|move|p1a: Shaymin|Earth Power|p2a: The Rare Dialgo\n|-supereffective|p2a: The Rare Dialgo\n|-damage|p2a: The Rare Dialgo|19\/100\n|-unboost|p2a: The Rare Dialgo|spd|1\n|move|p2a: The Rare Dialgo|Trick Room|p2a: The Rare Dialgo\n|-fieldstart|move: Trick Room|[of] p2a: The Rare Dialgo\n|\n|upkeep\n|turn|5\n|\n|t:|1699822365\n|move|p2a: The Rare Dialgo|Ice Beam|p1a: Shaymin\n|-supereffective|p1a: Shaymin\n|-damage|p1a: Shaymin|0 fnt\n|faint|p1a: Shaymin\n|\n|upkeep\n|\n|t:|1699822370\n|switch|p1a: Torkoal|Torkoal, F|100\/100\n|-weather|SunnyDay|[from] ability: Drought|[of] p1a: Torkoal\n|turn|6\n|\n|t:|1699822378\n|move|p1a: Torkoal|Lava Plume|p2a: The Rare Dialgo\n|-damage|p2a: The Rare Dialgo|0 fnt\n|faint|p2a: The Rare Dialgo\n|\n|-weather|SunnyDay|[upkeep]\n|upkeep\n|\n|t:|1699822390\n|switch|p2a: Funny Fish|Chi-Yu|100\/100\n|-ability|p2a: Funny Fish|Beads of Ruin\n|turn|7\n|\n|t:|1699822393\n|move|p1a: Torkoal|Yawn|p2a: Funny Fish\n|-start|p2a: Funny Fish|move: Yawn|[of] p1a: Torkoal\n|move|p2a: Funny Fish|Overheat|p1a: Torkoal\n|-resisted|p1a: Torkoal\n|-damage|p1a: Torkoal|0 fnt\n|-unboost|p2a: Funny Fish|spa|2\n|faint|p1a: Torkoal\n|\n|-weather|SunnyDay|[upkeep]\n|upkeep\n|\n|t:|1699822407\n|switch|p1a: Arceus|Arceus-Poison|100\/100\n|turn|8\n|\n|t:|1699822412\n|-terastallize|p2a: Funny Fish|Fire\n|move|p2a: Funny Fish|Overheat|p1a: Arceus\n|-damage|p1a: Arceus|0 fnt\n|-unboost|p2a: Funny Fish|spa|2\n|faint|p1a: Arceus\n|\n|-weather|SunnyDay|[upkeep]\n|-end|p2a: Funny Fish|move: Yawn|[silent]\n|-status|p2a: Funny Fish|slp\n|-fieldend|move: Trick Room\n|upkeep\n|\n|t:|1699822418\n|switch|p1a: Roaring Moon|Roaring Moon|100\/100\n|-activate|p1a: Roaring Moon|ability: Protosynthesis\n|-start|p1a: Roaring Moon|protosynthesisspe\n|turn|9\n|\n|t:|1699822423\n|switch|p2a: Magearna|Magearna|100\/100\n|move|p1a: Roaring Moon|Knock Off|p2a: Magearna\n|-resisted|p2a: Magearna\n|-damage|p2a: Magearna|68\/100\n|-enditem|p2a: Magearna|Leftovers|[from] move: Knock Off|[of] p1a: Roaring Moon\n|\n|-weather|SunnyDay|[upkeep]\n|upkeep\n|turn|10\n|\n|t:|1699822431\n|-end|p1a: Roaring Moon|Protosynthesis|[silent]\n|switch|p1a: Iron Valiant|Iron Valiant|100\/100\n|-enditem|p1a: Iron Valiant|Booster Energy\n|-activate|p1a: Iron Valiant|ability: Quark Drive|[fromitem]\n|-start|p1a: Iron Valiant|quarkdrivespe\n|move|p2a: Magearna|Encore||[still]\n|-fail|p2a: Magearna\n|\n|-weather|SunnyDay|[upkeep]\n|upkeep\n|turn|11\n|\n|t:|1699822441\n|-terastallize|p1a: Iron Valiant|Fire\n|move|p1a: Iron Valiant|Tera Blast|p2a: Magearna|[anim] Tera Blast Fire\n|-supereffective|p2a: Magearna\n|-damage|p2a: Magearna|0 fnt\n|faint|p2a: Magearna\n|\n|-weather|SunnyDay|[upkeep]\n|upkeep\n|\n|t:|1699822448\n|switch|p2a: I am a threat|Cresselia, F, shiny|100\/100\n|turn|12\n|\n|t:|1699822453\n|move|p1a: Iron Valiant|Tera Blast|p2a: I am a threat|[anim] Tera Blast Fire\n|-damage|p2a: I am a threat|73\/100\n|move|p2a: I am a threat|Trick Room|p2a: I am a threat\n|-fieldstart|move: Trick Room|[of] p2a: I am a threat\n|\n|-weather|SunnyDay|[upkeep]\n|upkeep\n|turn|13\n|\n|t:|1699822462\n|switch|p2a: Funny Fish|Chi-Yu, tera:Fire|100\/100 slp\n|-ability|p2a: Funny Fish|Beads of Ruin\n|move|p1a: Iron Valiant|Moonblast|p2a: Funny Fish\n|-resisted|p2a: Funny Fish\n|-damage|p2a: Funny Fish|77\/100 slp\n|\n|-weather|none\n|upkeep\n|turn|14\n|\n|t:|1699822470\n|cant|p2a: Funny Fish|slp\n|move|p1a: Iron Valiant|Aura Sphere|p2a: Funny Fish\n|-damage|p2a: Funny Fish|41\/100 slp\n|\n|upkeep\n|turn|15\n|inactive|Albaz Brand has 270 seconds left.\n|\n|t:|1699822500\n|cant|p2a: Funny Fish|slp\n|move|p1a: Iron Valiant|Aura Sphere|p2a: Funny Fish\n|-damage|p2a: Funny Fish|2\/100 slp\n|\n|upkeep\n|turn|16\n|inactive|Albaz Brand has 270 seconds left.\n|\n|t:|1699822523\n|cant|p2a: Funny Fish|slp\n|move|p1a: Iron Valiant|Aura Sphere|p2a: Funny Fish\n|-damage|p2a: Funny Fish|0 fnt\n|faint|p2a: Funny Fish\n|\n|-fieldend|move: Trick Room\n|upkeep\n|\n|t:|1699822529\n|switch|p2a: I am a threat|Cresselia, F, shiny|73\/100\n|turn|17\n|\n|t:|1699822533\n|move|p1a: Iron Valiant|Moonblast|p2a: I am a threat\n|-damage|p2a: I am a threat|50\/100\n|move|p2a: I am a threat|Reflect|p2a: I am a threat\n|-sidestart|p2: CodenameCAT|Reflect\n|\n|upkeep\n|turn|18\n|\n|t:|1699822538\n|move|p1a: Iron Valiant|Moonblast|p2a: I am a threat\n|-damage|p2a: I am a threat|26\/100\n|move|p2a: I am a threat|Light Screen|p2a: I am a threat\n|-sidestart|p2: CodenameCAT|move: Light Screen\n|\n|upkeep\n|turn|19\n|\n|t:|1699822543\n|move|p1a: Iron Valiant|Moonblast|p2a: I am a threat\n|-damage|p2a: I am a threat|16\/100\n|-unboost|p2a: I am a threat|spa|1\n|move|p2a: I am a threat|Trick Room|p2a: I am a threat\n|-fieldstart|move: Trick Room|[of] p2a: I am a threat\n|\n|upkeep\n|turn|20\n|\n|t:|1699822549\n|move|p2a: I am a threat|Lunar Dance|p2a: I am a threat\n|faint|p2a: I am a threat\n|move|p1a: Iron Valiant|Moonblast|p2: I am a threat|[notarget]\n|-fail|p1a: Iron Valiant\n|\n|upkeep\n|\n|t:|1699822552\n|switch|p2a: Har har har har|Ursaluna, F|100\/100\n|turn|21\n|\n|t:|1699822556\n|move|p2a: Har har har har|Substitute|p2a: Har har har har\n|-start|p2a: Har har har har|Substitute\n|-damage|p2a: Har har har har|76\/100\n|move|p1a: Iron Valiant|Moonblast|p2a: Har har har har\n|-activate|p2a: Har har har har|move: Substitute|[damage]\n|\n|-status|p2a: Har har har har|brn|[from] item: Flame Orb\n|upkeep\n|turn|22\n|\n|t:|1699822561\n|move|p2a: Har har har har|Facade|p1a: Iron Valiant\n|-damage|p1a: Iron Valiant|0 fnt\n|faint|p1a: Iron Valiant\n|-end|p1a: Iron Valiant|Quark Drive|[silent]\n|\n|-damage|p2a: Har har har har|70\/100 brn|[from] brn\n|upkeep\n|\n|t:|1699822567\n|switch|p1a: Roaring Moon|Roaring Moon|100\/100\n|turn|23\n|\n|t:|1699822577\n|-end|p1a: Roaring Moon|Protosynthesis|[silent]\n|switch|p1a: Dragapult|Dragapult, M|100\/100\n|move|p2a: Har har har har|Facade|p1a: Dragapult\n|-immune|p1a: Dragapult\n|\n|-damage|p2a: Har har har har|64\/100 brn|[from] brn\n|-fieldend|move: Trick Room\n|upkeep\n|turn|24\n|\n|t:|1699822586\n|move|p1a: Dragapult|U-turn|p2a: Har har har har\n|-damage|p2a: Har har har har|51\/100 brn\n|\n|t:|1699822589\n|switch|p1a: Roaring Moon|Roaring Moon|100\/100|[from] U-turn\n|move|p2a: Har har har har|Headlong Rush|p1a: Roaring Moon\n|-damage|p1a: Roaring Moon|0 fnt\n|-unboost|p2a: Har har har har|def|1\n|-unboost|p2a: Har har har har|spd|1\n|faint|p1a: Roaring Moon\n|-end|p1a: Roaring Moon|Protosynthesis|[silent]\n|\n|-damage|p2a: Har har har har|45\/100 brn|[from] brn\n|-sideend|p2: CodenameCAT|Reflect\n|upkeep\n|\n|t:|1699822594\n|switch|p1a: Dragapult|Dragapult, M|100\/100\n|turn|25\n|\n|t:|1699822600\n|move|p1a: Dragapult|Draco Meteor|p2a: Har har har har|[miss]\n|-miss|p1a: Dragapult|p2a: Har har har har\n|move|p2a: Har har har har|Headlong Rush|p1a: Dragapult\n|-damage|p1a: Dragapult|0 fnt\n|-unboost|p2a: Har har har har|def|1\n|-unboost|p2a: Har har har har|spd|1\n|faint|p1a: Dragapult\n|\n|win|CodenameCAT\n|c|\u2606CodenameCAT|gg\n|c|\u2606Albaz Brand|GGs\n|l|\u2606Albaz Brand\n","uploadtime":1699822849,"views":37,"p1id":"albazbrand","p2id":"codenamecat","formatid":"gen9ubers","rating":0,"private":0,"password":""}