{"id":"gen9ubers-1968855390","p1":"DelScout","p2":"Shirosakiaoi","format":"[Gen 9] Ubers","log":"|j|\u2606DelScout\n|j|\u2606Shirosakiaoi\n|t:|1697470349\n|gametype|singles\n|player|p1|DelScout|102|\n|player|p2|Shirosakiaoi|morty|\n|teamsize|p1|6\n|teamsize|p2|6\n|gen|9\n|tier|[Gen 9] Ubers\n|rule|Sleep Clause Mod: Limit one foe put to sleep\n|rule|Species Clause: Limit one of each Pok\u00e9mon\n|rule|OHKO Clause: OHKO moves are banned\n|rule|Evasion Items Clause: Evasion items are banned\n|rule|Evasion Moves Clause: Evasion moves are banned\n|rule|Endless Battle Clause: Forcing endless battles is banned\n|rule|HP Percentage Mod: HP is shown in percentages\n|clearpoke\n|poke|p1|Shaymin-Sky|\n|poke|p1|Arceus-Dark|\n|poke|p1|Spidops, F|\n|poke|p1|Dialga|\n|poke|p1|Blissey, F|\n|poke|p1|Cyclizar, M|\n|poke|p2|Landorus, M|\n|poke|p2|Urshifu-*, M|\n|poke|p2|Zamazenta-*|\n|poke|p2|Espathra, F|\n|poke|p2|Cyclizar, F|\n|poke|p2|Samurott-Hisui, F|\n|teampreview\n|\n|t:|1697470362\n|start\n|switch|p1a: Why|Spidops, F|100\/100\n|switch|p2a: Orlandorus|Landorus, M|100\/100\n|turn|1\n|\n|t:|1697470370\n|move|p2a: Orlandorus|Nasty Plot|p2a: Orlandorus\n|-boost|p2a: Orlandorus|spa|2\n|move|p1a: Why|Sticky Web|p2a: Orlandorus\n|-sidestart|p2: Shirosakiaoi|move: Sticky Web\n|\n|upkeep\n|turn|2\n|\n|t:|1697470382\n|move|p2a: Orlandorus|Nasty Plot|p2a: Orlandorus\n|-boost|p2a: Orlandorus|spa|2\n|move|p1a: Why|U-turn|p2a: Orlandorus\n|-resisted|p2a: Orlandorus\n|-damage|p2a: Orlandorus|89\/100\n|\n|t:|1697470400\n|switch|p1a: Perrari|Shaymin-Sky, shiny|100\/100|[from] U-turn\n|\n|upkeep\n|turn|3\n|\n|t:|1697470405\n|move|p1a: Perrari|Air Slash|p2a: Orlandorus\n|-damage|p2a: Orlandorus|53\/100\n|cant|p2a: Orlandorus|flinch\n|\n|upkeep\n|turn|4\n|\n|t:|1697470411\n|move|p1a: Perrari|Seed Flare|p2a: Orlandorus|[miss]\n|-miss|p1a: Perrari|p2a: Orlandorus\n|move|p2a: Orlandorus|Sludge Bomb|p1a: Perrari\n|-supereffective|p1a: Perrari\n|-damage|p1a: Perrari|0 fnt\n|faint|p1a: Perrari\n|\n|upkeep\n|\n|t:|1697470431\n|switch|p1a: Darkceus|Arceus-Dark|100\/100\n|turn|5\n|\n|t:|1697470444\n|move|p1a: Darkceus|Judgment|p2a: Orlandorus\n|-damage|p2a: Orlandorus|0 fnt\n|faint|p2a: Orlandorus\n|\n|upkeep\n|c|\u2606Shirosakiaoi|!dt arceus\n|raw|<div class=\"message\"><ul class=\"utilichart\"><li class=\"result\"><span class=\"col numcol\">Uber<\/span> <span class=\"col iconcol\"><psicon pokemon=\"arceus\"\/><\/span> <span class=\"col pokemonnamecol\" style=\"white-space:nowrap\"><a href=\"https:\/\/dex.pokemonshowdown.com\/pokemon\/arceus\" target=\"_blank\">Arceus<\/a><\/span> <span class=\"col typecol\"><img src=\"https:\/\/play.pokemonshowdown.com\/sprites\/types\/Normal.png\" alt=\"Normal\" height=\"14\" width=\"32\"><\/span> <span style=\"float:left;min-height:26px\"><span class=\"col abilitycol\">Multitype<\/span><span class=\"col abilitycol\"><\/span><\/span><span style=\"float:left;min-height:26px\"><span class=\"col statcol\"><em>HP<\/em><br \/>120<\/span> <span class=\"col statcol\"><em>Atk<\/em><br \/>120<\/span> <span class=\"col statcol\"><em>Def<\/em><br \/>120<\/span> <span class=\"col statcol\"><em>SpA<\/em><br \/>120<\/span> <span class=\"col statcol\"><em>SpD<\/em><br \/>120<\/span> <span class=\"col statcol\"><em>Spe<\/em><br \/>120<\/span> <span class=\"col bstcol\"><em>BST<br \/>720<\/em><\/span> <\/span><\/li><li style=\"clear:both\"><\/li><\/ul><\/div>\n|raw|<font size=\"1\"><font color=\"#686868\">Dex#:<\/font> 493&nbsp;|&ThickSpace;<font color=\"#686868\">Gen:<\/font> 4&nbsp;|&ThickSpace;<font color=\"#686868\">Height:<\/font> 3.2 m&nbsp;|&ThickSpace;<font color=\"#686868\">Weight:<\/font> 320 kg <em>(120 BP)<\/em>&nbsp;|&ThickSpace;<font color=\"#686868\">Dex Colour:<\/font> White&nbsp;|&ThickSpace;<font color=\"#686868\">Egg Group(s):<\/font> Undiscovered&nbsp;|&ThickSpace;<font color=\"#686868\">Does Not Evolve<\/font><\/font>\n\n|\n|t:|1697470467\n|switch|p2a: Royal Enfield|Cyclizar, F|100\/100\n|turn|6\n|\n|t:|1697470482\n|move|p1a: Darkceus|Judgment|p2a: Royal Enfield\n|-damage|p2a: Royal Enfield|16\/100\n|move|p2a: Royal Enfield|Rapid Spin|p1a: Darkceus\n|-damage|p1a: Darkceus|84\/100\n|-boost|p2a: Royal Enfield|spe|1\n|-sideend|p2: Shirosakiaoi|Sticky Web|[from] move: Rapid Spin|[of] p2a: Royal Enfield\n|\n|upkeep\n|turn|7\n|\n|t:|1697470504\n|move|p2a: Royal Enfield|Ice Spinner|p1a: Darkceus\n|-damage|p1a: Darkceus|68\/100\n|move|p1a: Darkceus|Calm Mind|p1a: Darkceus\n|-boost|p1a: Darkceus|spa|1\n|-boost|p1a: Darkceus|spd|1\n|\n|upkeep\n|turn|8\n|\n|t:|1697470522\n|switch|p2a: Shieldbiatch|Zamazenta-Crowned|100\/100\n|-ability|p2a: Shieldbiatch|Dauntless Shield|boost\n|-boost|p2a: Shieldbiatch|def|1\n|move|p1a: Darkceus|Calm Mind|p1a: Darkceus\n|-boost|p1a: Darkceus|spa|1\n|-boost|p1a: Darkceus|spd|1\n|\n|upkeep\n|turn|9\n|\n|t:|1697470538\n|-terastallize|p1a: Darkceus|Fire\n|move|p1a: Darkceus|Flamethrower|p2a: Shieldbiatch\n|-supereffective|p2a: Shieldbiatch\n|-damage|p2a: Shieldbiatch|0 fnt\n|faint|p2a: Shieldbiatch\n|\n|upkeep\n|\n|t:|1697470552\n|switch|p2a: Shogunn|Samurott-Hisui, F|100\/100\n|turn|10\n|\n|t:|1697470575\n|move|p1a: Darkceus|Judgment|p2a: Shogunn\n|-resisted|p2a: Shogunn\n|-damage|p2a: Shogunn|39\/100\n|move|p2a: Shogunn|Aqua Cutter|p1a: Darkceus\n|-supereffective|p1a: Darkceus\n|-damage|p1a: Darkceus|0 fnt\n|faint|p1a: Darkceus\n|\n|upkeep\n|\n|t:|1697470588\n|switch|p1a: Derbisaurus|Cyclizar, M|100\/100\n|turn|11\n|\n|t:|1697470597\n|move|p1a: Derbisaurus|Shed Tail|p1a: Derbisaurus\n|-start|p1a: Derbisaurus|Substitute|[from] move: Shed Tail\n|-damage|p1a: Derbisaurus|50\/100\n|\n|t:|1697470602\n|switch|p1a: Genfour|Dialga|100\/100|[from] Shed Tail\n|-ability|p1a: Genfour|Pressure\n|move|p2a: Shogunn|Ceaseless Edge|p1a: Genfour\n|-end|p1a: Genfour|Substitute\n|-sidestart|p1: DelScout|Spikes\n|\n|upkeep\n|turn|12\n|\n|t:|1697470615\n|move|p1a: Genfour|Draco Meteor|p2a: Shogunn\n|-damage|p2a: Shogunn|0 fnt\n|-unboost|p1a: Genfour|spa|2\n|faint|p2a: Shogunn\n|\n|upkeep\n|\n|t:|1697470623\n|switch|p2a: ESPanthra|Espathra, F|100\/100\n|turn|13\n|\n|t:|1697470628\n|move|p2a: ESPanthra|Calm Mind|p2a: ESPanthra\n|-boost|p2a: ESPanthra|spa|1\n|-boost|p2a: ESPanthra|spd|1\n|move|p1a: Genfour|Earthquake|p2a: ESPanthra\n|-damage|p2a: ESPanthra|61\/100\n|\n|-heal|p2a: ESPanthra|67\/100|[from] item: Leftovers\n|-ability|p2a: ESPanthra|Speed Boost|boost\n|-boost|p2a: ESPanthra|spe|1\n|upkeep\n|turn|14\n|\n|t:|1697471182\n|move|p2a: ESPanthra|Calm Mind|p2a: ESPanthra\n|-boost|p2a: ESPanthra|spa|1\n|-boost|p2a: ESPanthra|spd|1\n|move|p1a: Genfour|Earthquake|p2a: ESPanthra\n|-damage|p2a: ESPanthra|28\/100\n|\n|-heal|p2a: ESPanthra|34\/100|[from] item: Leftovers\n|-ability|p2a: ESPanthra|Speed Boost|boost\n|-boost|p2a: ESPanthra|spe|1\n|upkeep\n|turn|15\n|\n|t:|1697471198\n|move|p2a: ESPanthra|Protect|p2a: ESPanthra\n|-singleturn|p2a: ESPanthra|Protect\n|move|p1a: Genfour|Earthquake|p2a: ESPanthra\n|-activate|p2a: ESPanthra|move: Protect\n|\n|-heal|p2a: ESPanthra|40\/100|[from] item: Leftovers\n|-ability|p2a: ESPanthra|Speed Boost|boost\n|-boost|p2a: ESPanthra|spe|1\n|upkeep\n|turn|16\n|\n|t:|1697471206\n|move|p2a: ESPanthra|Stored Power|p1a: Genfour\n|-resisted|p1a: Genfour\n|-damage|p1a: Genfour|38\/100\n|move|p1a: Genfour|Earthquake|p2a: ESPanthra\n|-damage|p2a: ESPanthra|0 fnt\n|faint|p2a: ESPanthra\n|\n|-heal|p1a: Genfour|45\/100|[from] item: Leftovers\n|upkeep\n|\n|t:|1697471216\n|switch|p2a: Urshifuuuya|Urshifu, M|100\/100\n|turn|17\n|\n|t:|1697471225\n|switch|p1a: Why|Spidops, F|100\/100\n|-damage|p1a: Why|88\/100|[from] Spikes\n|move|p2a: Urshifuuuya|Close Combat|p1a: Why\n|-resisted|p1a: Why\n|-damage|p1a: Why|62\/100\n|-unboost|p2a: Urshifuuuya|def|1\n|-unboost|p2a: Urshifuuuya|spd|1\n|\n|-heal|p1a: Why|68\/100|[from] item: Leftovers\n|upkeep\n|turn|18\n|\n|t:|1697471249\n|switch|p2a: Royal Enfield|Cyclizar, F|16\/100\n|move|p1a: Why|Silk Trap||[still]\n|-fail|p1a: Why\n|\n|-heal|p1a: Why|75\/100|[from] item: Leftovers\n|upkeep\n|turn|19\n|\n|t:|1697471263\n|move|p2a: Royal Enfield|Knock Off|p1a: Why\n|-damage|p1a: Why|51\/100\n|-enditem|p1a: Why|Leftovers|[from] move: Knock Off|[of] p2a: Royal Enfield\n|move|p1a: Why|Spikes|p2a: Royal Enfield\n|-sidestart|p2: Shirosakiaoi|Spikes\n|\n|upkeep\n|turn|20\n|\n|t:|1697471271\n|move|p1a: Why|Silk Trap|p1a: Why\n|-singleturn|p1a: Why|Protect\n|move|p2a: Royal Enfield|Rapid Spin|p1a: Why\n|-activate|p1a: Why|move: Protect\n|-unboost|p2a: Royal Enfield|spe|1\n|\n|upkeep\n|turn|21\n|c|\u2606Shirosakiaoi|!dt silk trap\n|raw|<ul class=\"utilichart\"><li class=\"result\"><span class=\"col movenamecol\"><a href=\"https:\/\/dex.pokemonshowdown.com\/moves\/silktrap\">Silk Trap<\/a><\/span> <span class=\"col typecol\"><img src=\"\/\/play.pokemonshowdown.com\/sprites\/types\/Bug.png\" alt=\"Bug\" width=\"32\" height=\"14\"><img src=\"\/\/play.pokemonshowdown.com\/sprites\/categories\/Status.png\" alt=\"Status\" width=\"32\" height=\"14\"><\/span> <span class=\"col widelabelcol\"><em>Accuracy<\/em><br>\u2014<\/span> <span class=\"col pplabelcol\"><em>PP<\/em><br>16<\/span> <span class=\"col movedesccol\">Protects from damaging attacks. Contact: -1 Spe.<\/span> <\/li><li style=\"clear:both\"><\/li><\/ul>\n|raw|<font size=\"1\"><font color=\"#686868\">Priority:<\/font> 4&nbsp;|&ThickSpace;<font color=\"#686868\">Gen:<\/font> 9&nbsp;|&ThickSpace;<font color=\"#686868\">Z-Effect:<\/font> None&nbsp;|&ThickSpace;<font color=\"#686868\">Target:<\/font> User<\/font>\n\n|\n|t:|1697471294\n|move|p2a: Royal Enfield|Rapid Spin|p1a: Why\n|-damage|p1a: Why|31\/100\n|-boost|p2a: Royal Enfield|spe|1\n|-sideend|p2: Shirosakiaoi|Spikes|[from] move: Rapid Spin|[of] p2a: Royal Enfield\n|move|p1a: Why|U-turn|p2a: Royal Enfield\n|-damage|p2a: Royal Enfield|0 fnt\n|faint|p2a: Royal Enfield\n|\n|t:|1697471317\n|switch|p1a: Genfour|Dialga|45\/100|[from] U-turn\n|-damage|p1a: Genfour|32\/100|[from] Spikes\n|-ability|p1a: Genfour|Pressure\n|\n|-heal|p1a: Genfour|38\/100|[from] item: Leftovers\n|upkeep\n|\n|t:|1697471329\n|switch|p2a: Urshifuuuya|Urshifu, M|100\/100\n|turn|22\n|\n|t:|1697471341\n|move|p2a: Urshifuuuya|Close Combat|p1a: Genfour\n|-supereffective|p1a: Genfour\n|-damage|p1a: Genfour|0 fnt\n|-unboost|p2a: Urshifuuuya|def|1\n|-unboost|p2a: Urshifuuuya|spd|1\n|faint|p1a: Genfour\n|\n|upkeep\n|\n|t:|1697471356\n|switch|p1a: Derbisaurus|Cyclizar, M|84\/100\n|turn|23\n|\n|t:|1697471365\n|move|p1a: Derbisaurus|Knock Off|p2a: Urshifuuuya\n|-resisted|p2a: Urshifuuuya\n|-damage|p2a: Urshifuuuya|93\/100\n|-enditem|p2a: Urshifuuuya|Expert Belt|[from] move: Knock Off|[of] p1a: Derbisaurus\n|move|p2a: Urshifuuuya|Ice Punch|p1a: Derbisaurus\n|-supereffective|p1a: Derbisaurus\n|-damage|p1a: Derbisaurus|7\/100\n|-status|p1a: Derbisaurus|frz\n|\n|upkeep\n|turn|24\n|\n|t:|1697471383\n|cant|p1a: Derbisaurus|frz\n|move|p2a: Urshifuuuya|Swords Dance|p2a: Urshifuuuya\n|-boost|p2a: Urshifuuuya|atk|2\n|\n|upkeep\n|turn|25\n|\n|t:|1697471392\n|cant|p1a: Derbisaurus|frz\n|move|p2a: Urshifuuuya|Wicked Blow|p1a: Derbisaurus\n|-crit|p1a: Derbisaurus\n|-damage|p1a: Derbisaurus|0 fnt\n|faint|p1a: Derbisaurus\n|\n|upkeep\n|\n|t:|1697471402\n|switch|p1a: Bleessey|Blissey, F|100\/100\n|-damage|p1a: Bleessey|88\/100|[from] Spikes\n|turn|26\n|\n|t:|1697471407\n|move|p2a: Urshifuuuya|Close Combat|p1a: Bleessey\n|-supereffective|p1a: Bleessey\n|-damage|p1a: Bleessey|0 fnt\n|-unboost|p2a: Urshifuuuya|def|1\n|-unboost|p2a: Urshifuuuya|spd|1\n|faint|p1a: Bleessey\n|\n|upkeep\n|c|\u2606DelScout|gg wp\n|c|\u2606Shirosakiaoi|gg\n|\n|t:|1697471416\n|switch|p1a: Why|Spidops, F|31\/100\n|-damage|p1a: Why|19\/100|[from] Spikes\n|turn|27\n|\n|t:|1697471423\n|move|p1a: Why|Silk Trap|p1a: Why\n|-singleturn|p1a: Why|Protect\n|move|p2a: Urshifuuuya|Ice Punch|p1a: Why\n|-damage|p1a: Why|0 fnt\n|faint|p1a: Why\n|\n|win|Shirosakiaoi\n","uploadtime":1697471430,"views":8,"p1id":"delscout","p2id":"shirosakiaoi","formatid":"gen9ubers","rating":0,"private":0,"password":""}