{"id":"gen9ubers-1985579045","p1":"EX1400","p2":"ieatbreadstix","format":"[Gen 9] Ubers","log":"|j|\u2606EX1400\n|j|\u2606ieatbreadstix\n|t:|1699386195\n|gametype|singles\n|player|p1|EX1400|benga|\n|player|p2|ieatbreadstix|workerice|\n|teamsize|p1|6\n|teamsize|p2|6\n|gen|9\n|tier|[Gen 9] Ubers\n|rule|Sleep Clause Mod: Limit one foe put to sleep\n|rule|Species Clause: Limit one of each Pok\u00e9mon\n|rule|OHKO Clause: OHKO moves are banned\n|rule|Evasion Items Clause: Evasion items are banned\n|rule|Evasion Moves Clause: Evasion moves are banned\n|rule|Endless Battle Clause: Forcing endless battles is banned\n|rule|HP Percentage Mod: HP is shown in percentages\n|clearpoke\n|poke|p1|Dragonite, F|\n|poke|p1|Gengar, M|\n|poke|p1|Ninetales-Alola, M|\n|poke|p1|Empoleon, M|\n|poke|p1|Zoroark-Hisui, M|\n|poke|p1|Forretress, M|\n|poke|p2|Klefki, M|\n|poke|p2|Glimmora, F|\n|poke|p2|Gliscor, M|\n|poke|p2|Enamorus-Therian, F|\n|poke|p2|Basculegion, M|\n|poke|p2|Tyranitar, M|\n|teampreview\n|j| kosmicBAD\n|j| Hedgehog415\n|\n|t:|1699386285\n|start\n|switch|p1a: Fury's dream|Ninetales-Alola, M, shiny|100\/100\n|switch|p2a: Batman|Gliscor, M|100\/100\n|-weather|Snow|[from] ability: Snow Warning|[of] p1a: Fury's dream\n|turn|1\n|\n|t:|1699386299\n|move|p1a: Fury's dream|Aurora Veil|p1a: Fury's dream\n|-sidestart|p1: EX1400|move: Aurora Veil\n|move|p2a: Batman|U-turn|p1a: Fury's dream\n|-resisted|p1a: Fury's dream\n|-damage|p1a: Fury's dream|96\/100\n|\n|t:|1699386303\n|switch|p2a: Tyranitard|Tyranitar, M|100\/100|[from] U-turn\n|-weather|Sandstorm|[from] ability: Sand Stream|[of] p2a: Tyranitard\n|\n|-weather|Sandstorm|[upkeep]\n|-damage|p1a: Fury's dream|90\/100|[from] Sandstorm\n|upkeep\n|turn|2\n|\n|t:|1699386336\n|move|p1a: Fury's dream|Moonblast|p2a: Tyranitard\n|-supereffective|p2a: Tyranitard\n|-damage|p2a: Tyranitard|55\/100\n|move|p2a: Tyranitard|Heavy Slam|p1a: Fury's dream\n|-supereffective|p1a: Fury's dream\n|-damage|p1a: Fury's dream|0 fnt\n|faint|p1a: Fury's dream\n|\n|-weather|Sandstorm|[upkeep]\n|upkeep\n|\n|t:|1699386355\n|switch|p1a: Fancy Penguin|Empoleon, M|100\/100\n|turn|3\n|\n|t:|1699386428\n|-terastallize|p2a: Tyranitard|Water\n|move|p2a: Tyranitard|Earthquake|p1a: Fancy Penguin\n|-supereffective|p1a: Fancy Penguin\n|-damage|p1a: Fancy Penguin|63\/100\n|move|p1a: Fancy Penguin|Flash Cannon|p2a: Tyranitard\n|-resisted|p2a: Tyranitard\n|-damage|p2a: Tyranitard|36\/100\n|\n|-weather|Sandstorm|[upkeep]\n|-damage|p2a: Tyranitard|30\/100|[from] Sandstorm\n|upkeep\n|turn|4\n|\n|t:|1699386452\n|switch|p1a: Barney|Dragonite, F, shiny|100\/100\n|move|p2a: Tyranitard|Stealth Rock|p1a: Barney\n|-sidestart|p1: EX1400|move: Stealth Rock\n|\n|-weather|Sandstorm|[upkeep]\n|-damage|p1a: Barney|94\/100|[from] Sandstorm\n|-damage|p2a: Tyranitard|24\/100|[from] Sandstorm\n|-enditem|p2a: Tyranitard|Figy Berry|[eat]\n|-heal|p2a: Tyranitard|57\/100|[from] item: Figy Berry\n|upkeep\n|turn|5\n|\n|t:|1699386461\n|move|p1a: Barney|Thunder Punch|p2a: Tyranitard\n|-supereffective|p2a: Tyranitard\n|-damage|p2a: Tyranitard|0 fnt\n|faint|p2a: Tyranitard\n|\n|-weather|none\n|upkeep\n|\n|t:|1699386467\n|switch|p2a: Klefkock|Klefki, M|100\/100\n|turn|6\n|\n|t:|1699386500\n|switch|p1a: Fancy Penguin|Empoleon, M|100\/100\n|-damage|p1a: Fancy Penguin|88\/100|[from] Stealth Rock\n|move|p2a: Klefkock|Trick Room|p2a: Klefkock\n|-fieldstart|move: Trick Room|[of] p2a: Klefkock\n|\n|upkeep\n|turn|7\n|\n|t:|1699386532\n|move|p2a: Klefkock|Spikes|p1a: Fancy Penguin\n|-sidestart|p1: EX1400|Spikes\n|move|p1a: Fancy Penguin|Flamethrower|p2a: Klefkock\n|-supereffective|p2a: Klefkock\n|-damage|p2a: Klefkock|35\/100\n|-enditem|p2a: Klefkock|Eject Button\n|\n|t:|1699386545\n|switch|p2a: February 14th 2024|Enamorus-Therian, F|100\/100\n|\n|upkeep\n|turn|8\n|\n|t:|1699386619\n|move|p2a: February 14th 2024|Calm Mind|p2a: February 14th 2024\n|-boost|p2a: February 14th 2024|spa|1\n|-boost|p2a: February 14th 2024|spd|1\n|move|p1a: Fancy Penguin|Shadow Ball|p2a: February 14th 2024\n|-damage|p2a: February 14th 2024|72\/100\n|-unboost|p2a: February 14th 2024|spd|1\n|\n|-sideend|p1: EX1400|move: Aurora Veil\n|upkeep\n|turn|9\n|\n|t:|1699386660\n|switch|p1a: Fancy Penguin|Empoleon, M|63\/100\n|-damage|p1a: Fancy Penguin|57\/100|[from] Stealth Rock\n|-damage|p1a: Fancy Penguin|45\/100|[from] Spikes\n|move|p2a: February 14th 2024|Draining Kiss|p1a: Fancy Penguin\n|-resisted|p1a: Fancy Penguin\n|-damage|p1a: Fancy Penguin|30\/100\n|-heal|p2a: February 14th 2024|84\/100|[from] drain|[of] p1a: Fancy Penguin\n|\n|upkeep\n|turn|10\n|\n|t:|1699386676\n|move|p2a: February 14th 2024|Psychic|p1a: Fancy Penguin\n|-resisted|p1a: Fancy Penguin\n|-damage|p1a: Fancy Penguin|15\/100\n|move|p1a: Fancy Penguin|Flash Cannon|p2a: February 14th 2024\n|-supereffective|p2a: February 14th 2024\n|-damage|p2a: February 14th 2024|4\/100\n|\n|-fieldend|move: Trick Room\n|upkeep\n|turn|11\n|\n|t:|1699386722\n|move|p1a: Fancy Penguin|Ice Beam|p2a: February 14th 2024\n|-supereffective|p2a: February 14th 2024\n|-damage|p2a: February 14th 2024|0 fnt\n|faint|p2a: February 14th 2024\n|\n|upkeep\n|\n|t:|1699386752\n|switch|p2a: One Fish Red Fish|Basculegion, M|100\/100\n|turn|12\n|\n|t:|1699386782\n|move|p2a: One Fish Red Fish|Scale Shot|p1a: Fancy Penguin\n|-resisted|p1a: Fancy Penguin\n|-damage|p1a: Fancy Penguin|11\/100\n|-resisted|p1a: Fancy Penguin\n|-damage|p1a: Fancy Penguin|6\/100\n|-resisted|p1a: Fancy Penguin\n|-damage|p1a: Fancy Penguin|2\/100\n|-resisted|p1a: Fancy Penguin\n|-damage|p1a: Fancy Penguin|0 fnt\n|faint|p1a: Fancy Penguin\n|-hitcount|p1: Fancy Penguin|4\n|-unboost|p2a: One Fish Red Fish|def|1\n|-boost|p2a: One Fish Red Fish|spe|1\n|\n|upkeep\n|\n|t:|1699386800\n|switch|p1a: Barney|Dragonite, F, shiny|94\/100\n|-damage|p1a: Barney|70\/100|[from] Stealth Rock\n|turn|13\n|\n|t:|1699386823\n|move|p2a: One Fish Red Fish|Scale Shot|p1a: Barney\n|-supereffective|p1a: Barney\n|-damage|p1a: Barney|50\/100\n|-supereffective|p1a: Barney\n|-damage|p1a: Barney|32\/100\n|-supereffective|p1a: Barney\n|-damage|p1a: Barney|11\/100\n|-supereffective|p1a: Barney\n|-damage|p1a: Barney|0 fnt\n|faint|p1a: Barney\n|-hitcount|p1: Barney|4\n|-unboost|p2a: One Fish Red Fish|def|1\n|-boost|p2a: One Fish Red Fish|spe|1\n|\n|upkeep\n|\n|t:|1699386832\n|switch|p1a: Clamantha|Forretress, M|100\/100\n|-damage|p1a: Clamantha|88\/100|[from] Stealth Rock\n|-damage|p1a: Clamantha|76\/100|[from] Spikes\n|turn|14\n|\n|t:|1699386862\n|move|p2a: One Fish Red Fish|Phantom Force||[still]\n|-prepare|p2a: One Fish Red Fish|Phantom Force\n|move|p1a: Clamantha|Rapid Spin|p2a: One Fish Red Fish|[miss]\n|-miss|p1a: Clamantha|p2a: One Fish Red Fish\n|\n|-heal|p1a: Clamantha|82\/100|[from] item: Leftovers\n|upkeep\n|turn|15\n|\n|t:|1699386880\n|move|p1a: Clamantha|Protect|p1a: Clamantha\n|-singleturn|p1a: Clamantha|Protect\n|move|p2a: One Fish Red Fish|Phantom Force|p1a: Clamantha|[from]lockedmove\n|-activate|p1a: Clamantha|move: Phantom Force|[broken]\n|-damage|p1a: Clamantha|38\/100\n|\n|-heal|p1a: Clamantha|44\/100|[from] item: Leftovers\n|upkeep\n|turn|16\n|\n|t:|1699386907\n|switch|p1a: Blob|Gengar, M|100\/100\n|-damage|p1a: Blob|88\/100|[from] Stealth Rock\n|-damage|p1a: Blob|76\/100|[from] Spikes\n|move|p2a: One Fish Red Fish|Liquidation|p1a: Blob\n|-damage|p1a: Blob|0 fnt\n|faint|p1a: Blob\n|\n|upkeep\n|\n|t:|1699386914\n|switch|p1a: Clamantha|Forretress, M|88\/100\n|-damage|p1a: Clamantha|76\/100|[from] Stealth Rock\n|-damage|p1a: Clamantha|63\/100|[from] Spikes\n|turn|17\n|\n|t:|1699386925\n|-terastallize|p1a: Clamantha|Normal\n|move|p2a: One Fish Red Fish|Liquidation|p1a: Clamantha\n|-damage|p1a: Clamantha|0 fnt\n|replace|p1a: Sneaky Mf|Zoroark-Hisui, M, shiny\n|-end|p1a: Sneaky Mf|Illusion\n|faint|p1a: Sneaky Mf\n|\n|upkeep\n|\n|t:|1699386929\n|switch|p1a: Clamantha|Forretress, M|44\/100\n|-damage|p1a: Clamantha|32\/100|[from] Stealth Rock\n|-damage|p1a: Clamantha|19\/100|[from] Spikes\n|turn|18\n|\n|t:|1699386935\n|move|p2a: One Fish Red Fish|Liquidation|p1a: Clamantha\n|-damage|p1a: Clamantha|0 fnt\n|faint|p1a: Clamantha\n|\n|win|ieatbreadstix\n","uploadtime":1699386984,"views":13,"p1id":"ex1400","p2id":"ieatbreadstix","formatid":"gen9ubers","rating":0,"private":0,"password":""}