{"id":"gen9ubers-1999526368","p1":"akira17254","p2":"fasfj35","format":"[Gen 9] Ubers","log":"|j|\u2606akira17254\n|j|\u2606fasfj35\n|t:|1701092616\n|gametype|singles\n|player|p1|akira17254|hugh|1000\n|player|p2|fasfj35|102|1000\n|teamsize|p1|6\n|teamsize|p2|6\n|gen|9\n|tier|[Gen 9] Ubers\n|rated|\n|rule|Sleep Clause Mod: Limit one foe put to sleep\n|rule|Species Clause: Limit one of each Pok\u00e9mon\n|rule|OHKO Clause: OHKO moves are banned\n|rule|Evasion Items Clause: Evasion items are banned\n|rule|Evasion Moves Clause: Evasion moves are banned\n|rule|Endless Battle Clause: Forcing endless battles is banned\n|rule|HP Percentage Mod: HP is shown in percentages\n|clearpoke\n|poke|p1|Pikachu-Kalos, M|\n|poke|p1|Greninja-*, M|\n|poke|p1|Talonflame, F|\n|poke|p1|Hawlucha, F|\n|poke|p1|Noivern, F|\n|poke|p1|Goodra, M|\n|poke|p2|Clodsire, M|\n|poke|p2|Skeledirge, M|\n|poke|p2|Meowscarada, F|\n|poke|p2|Scizor, M|\n|poke|p2|Rotom-Wash|\n|poke|p2|Iron Treads|\n|teampreview\n|inactive|Battle timer is ON: inactive players will automatically lose when time's up. (requested by fasfj35)\n|\n|t:|1701092641\n|start\n|switch|p1a: Pikachu|Pikachu-Kalos, M|100\/100\n|switch|p2a: Rotom|Rotom-Wash|100\/100\n|turn|1\n|\n|t:|1701092653\n|move|p2a: Rotom|Trick|p1a: Pikachu\n|-activate|p2a: Rotom|move: Trick|[of] p1a: Pikachu\n|-item|p1a: Pikachu|Choice Scarf|[from] move: Trick\n|-item|p2a: Rotom|Light Ball|[from] move: Trick\n|move|p1a: Pikachu|Iron Tail|p2a: Rotom\n|-resisted|p2a: Rotom\n|-damage|p2a: Rotom|96\/100\n|\n|upkeep\n|turn|2\n|\n|t:|1701092674\n|move|p1a: Pikachu|Iron Tail|p2a: Rotom\n|-resisted|p2a: Rotom\n|-damage|p2a: Rotom|90\/100\n|move|p2a: Rotom|Will-O-Wisp|p1a: Pikachu\n|-status|p1a: Pikachu|brn\n|\n|-damage|p1a: Pikachu|94\/100 brn|[from] brn\n|upkeep\n|turn|3\n|\n|t:|1701092687\n|switch|p1a: Greninja|Greninja, M|100\/100\n|move|p2a: Rotom|Volt Switch|p1a: Greninja\n|-supereffective|p1a: Greninja\n|-damage|p1a: Greninja|14\/100\n|\n|t:|1701092692\n|switch|p2a: Meowscarada|Meowscarada, F|100\/100|[from] Volt Switch\n|\n|-heal|p1a: Greninja|20\/100|[from] item: Leftovers\n|upkeep\n|turn|4\n|\n|t:|1701092700\n|switch|p1a: Talonflame|Talonflame, F|100\/100\n|move|p2a: Meowscarada|U-turn|p1a: Talonflame\n|-start|p2a: Meowscarada|typechange|Bug|[from] ability: Protean\n|-resisted|p1a: Talonflame\n|-damage|p1a: Talonflame|82\/100\n|-status|p2a: Meowscarada|brn|[from] ability: Flame Body|[of] p1a: Talonflame\n|\n|t:|1701092703\n|switch|p2a: Rotom|Rotom-Wash|90\/100|[from] U-turn\n|\n|upkeep\n|turn|5\n|\n|t:|1701092717\n|switch|p1a: Pikachu|Pikachu-Kalos, M|94\/100 brn\n|move|p2a: Rotom|Volt Switch|p1a: Pikachu\n|-ability|p1a: Pikachu|Lightning Rod|boost\n|-boost|p1a: Pikachu|spa|1\n|\n|-damage|p1a: Pikachu|88\/100 brn|[from] brn\n|upkeep\n|turn|6\n|\n|t:|1701092728\n|move|p1a: Pikachu|Thunderbolt|p2a: Rotom\n|-damage|p2a: Rotom|62\/100\n|move|p2a: Rotom|Hydro Pump|p1a: Pikachu\n|-damage|p1a: Pikachu|0 fnt\n|faint|p1a: Pikachu\n|\n|upkeep\n|\n|t:|1701092741\n|switch|p1a: Goodra|Goodra, M|100\/100\n|turn|7\n|\n|t:|1701092745\n|move|p2a: Rotom|Trick|p1a: Goodra\n|-activate|p2a: Rotom|move: Trick|[of] p1a: Goodra\n|-item|p1a: Goodra|Light Ball|[from] move: Trick\n|-item|p2a: Rotom|Rocky Helmet|[from] move: Trick\n|move|p1a: Goodra|Ice Beam|p2a: Rotom\n|-resisted|p2a: Rotom\n|-damage|p2a: Rotom|47\/100\n|\n|upkeep\n|turn|8\n|\n|t:|1701092753\n|move|p2a: Rotom|Volt Switch|p1a: Goodra\n|-resisted|p1a: Goodra\n|-damage|p1a: Goodra|91\/100\n|\n|t:|1701092759\n|switch|p2a: Meowscarada|Meowscarada, F|100\/100 brn|[from] Volt Switch\n|move|p1a: Goodra|Dragon Breath|p2a: Meowscarada\n|-damage|p2a: Meowscarada|54\/100 brn\n|\n|-damage|p2a: Meowscarada|48\/100 brn|[from] brn\n|upkeep\n|turn|9\n|\n|t:|1701092766\n|move|p2a: Meowscarada|Play Rough|p1a: Goodra\n|-start|p2a: Meowscarada|typechange|Fairy|[from] ability: Protean\n|-supereffective|p1a: Goodra\n|-damage|p1a: Goodra|6\/100\n|move|p1a: Goodra|Ice Beam|p2a: Meowscarada\n|-damage|p2a: Meowscarada|1\/100 brn\n|\n|-damage|p2a: Meowscarada|0 fnt|[from] brn\n|faint|p2a: Meowscarada\n|upkeep\n|\n|t:|1701092775\n|switch|p2a: Iron Treads|Iron Treads|100\/100\n|turn|10\n|\n|t:|1701092781\n|move|p2a: Iron Treads|Stealth Rock|p1a: Goodra\n|-sidestart|p1: akira17254|move: Stealth Rock\n|move|p1a: Goodra|Ice Beam|p2a: Iron Treads\n|-damage|p2a: Iron Treads|61\/100\n|\n|-heal|p2a: Iron Treads|68\/100|[from] item: Leftovers\n|upkeep\n|turn|11\n|\n|t:|1701092788\n|move|p2a: Iron Treads|Rapid Spin|p1a: Goodra\n|-damage|p1a: Goodra|0 fnt\n|-boost|p2a: Iron Treads|spe|1\n|faint|p1a: Goodra\n|\n|-heal|p2a: Iron Treads|74\/100|[from] item: Leftovers\n|upkeep\n|\n|t:|1701092797\n|switch|p1a: Hawlucha|Hawlucha, F|100\/100\n|-damage|p1a: Hawlucha|88\/100|[from] Stealth Rock\n|-ability|p1a: Hawlucha|Mold Breaker\n|turn|12\n|\n|t:|1701092808\n|move|p2a: Iron Treads|Iron Head|p1a: Hawlucha\n|-damage|p1a: Hawlucha|36\/100\n|cant|p1a: Hawlucha|flinch\n|\n|-heal|p2a: Iron Treads|80\/100|[from] item: Leftovers\n|upkeep\n|turn|13\n|\n|t:|1701092816\n|move|p2a: Iron Treads|Earthquake|p1a: Hawlucha\n|-immune|p1a: Hawlucha\n|move|p1a: Hawlucha|Cross Chop|p2a: Iron Treads\n|-supereffective|p2a: Iron Treads\n|-damage|p2a: Iron Treads|10\/100\n|\n|-heal|p2a: Iron Treads|17\/100|[from] item: Leftovers\n|upkeep\n|turn|14\n|\n|t:|1701092825\n|move|p2a: Iron Treads|Iron Head|p1a: Hawlucha\n|-damage|p1a: Hawlucha|0 fnt\n|faint|p1a: Hawlucha\n|\n|-heal|p2a: Iron Treads|23\/100|[from] item: Leftovers\n|upkeep\n|\n|t:|1701092832\n|switch|p1a: Noivern|Noivern, F|100\/100\n|-damage|p1a: Noivern|76\/100|[from] Stealth Rock\n|turn|15\n|\n|t:|1701092839\n|move|p2a: Iron Treads|Iron Head|p1a: Noivern\n|-damage|p1a: Noivern|19\/100\n|move|p1a: Noivern|Dragon Claw|p2a: Iron Treads\n|-resisted|p2a: Iron Treads\n|-damage|p2a: Iron Treads|10\/100\n|\n|-heal|p2a: Iron Treads|16\/100|[from] item: Leftovers\n|upkeep\n|turn|16\n|\n|t:|1701092847\n|move|p2a: Iron Treads|Iron Head|p1a: Noivern\n|-damage|p1a: Noivern|0 fnt\n|faint|p1a: Noivern\n|\n|-heal|p2a: Iron Treads|22\/100|[from] item: Leftovers\n|upkeep\n|\n|t:|1701092855\n|switch|p1a: Greninja|Greninja, M|20\/100\n|-damage|p1a: Greninja|8\/100|[from] Stealth Rock\n|turn|17\n|\n|t:|1701092861\n|move|p1a: Greninja|Water Shuriken|p2a: Iron Treads\n|-supereffective|p2a: Iron Treads\n|-damage|p2a: Iron Treads|7\/100\n|-supereffective|p2a: Iron Treads\n|-damage|p2a: Iron Treads|0 fnt\n|faint|p2a: Iron Treads\n|-end|p2a: Iron Treads|Quark Drive|[silent]\n|-ability|p1a: Greninja|Battle Bond|boost\n|-boost|p1a: Greninja|atk|1\n|-boost|p1a: Greninja|spa|1\n|-boost|p1a: Greninja|spe|1\n|-activate|p1a: Greninja|ability: Battle Bond\n|-hitcount|p2: Iron Treads|2\n|\n|-heal|p1a: Greninja|14\/100|[from] item: Leftovers\n|upkeep\n|\n|t:|1701092864\n|switch|p2a: Scizor|Scizor, M|100\/100\n|turn|18\n|\n|t:|1701092878\n|move|p2a: Scizor|Bullet Punch|p1a: Greninja\n|-resisted|p1a: Greninja\n|-damage|p1a: Greninja|0 fnt\n|faint|p1a: Greninja\n|\n|upkeep\n|\n|t:|1701092882\n|switch|p1a: Talonflame|Talonflame, F|82\/100\n|-damage|p1a: Talonflame|32\/100|[from] Stealth Rock\n|turn|19\n|\n|t:|1701092888\n|switch|p2a: Rotom|Rotom-Wash|47\/100\n|move|p1a: Talonflame|Flame Charge|p2a: Rotom\n|-resisted|p2a: Rotom\n|-damage|p2a: Rotom|38\/100\n|-boost|p1a: Talonflame|spe|1\n|-damage|p1a: Talonflame|16\/100|[from] item: Rocky Helmet|[of] p2a: Rotom\n|\n|upkeep\n|turn|20\n|\n|t:|1701092899\n|move|p1a: Talonflame|Flame Charge|p2a: Rotom\n|-resisted|p2a: Rotom\n|-damage|p2a: Rotom|28\/100\n|-boost|p1a: Talonflame|spe|1\n|-damage|p1a: Talonflame|0 fnt|[from] item: Rocky Helmet|[of] p2a: Rotom\n|faint|p1a: Talonflame\n|\n|win|fasfj35\n|raw|akira17254's rating: 1000 &rarr; <strong>1000<\/strong><br \/>(+0 for losing)\n|raw|fasfj35's rating: 1000 &rarr; <strong>1040<\/strong><br \/>(+40 for winning)\n|c|\u2606fasfj35|gg\n","uploadtime":1701092907,"views":1,"p1id":"akira17254","p2id":"fasfj35","formatid":"gen9ubers","rating":1000,"private":0,"password":""}