{"id":"gen9ubers-1968363791","p1":"Dnz11","p2":"andreshxh23","format":"[Gen 9] Ubers","log":"|j|\u2606Dnz11\n|j|\u2606andreshxh23\n|t:|1697410383\n|gametype|singles\n|player|p1|Dnz11|cynthia-gen4|1188\n|player|p2|andreshxh23|266|1297\n|teamsize|p1|6\n|teamsize|p2|6\n|gen|9\n|tier|[Gen 9] Ubers\n|rated|\n|rule|Sleep Clause Mod: Limit one foe put to sleep\n|rule|Species Clause: Limit one of each Pok\u00e9mon\n|rule|OHKO Clause: OHKO moves are banned\n|rule|Evasion Items Clause: Evasion items are banned\n|rule|Evasion Moves Clause: Evasion moves are banned\n|rule|Endless Battle Clause: Forcing endless battles is banned\n|rule|HP Percentage Mod: HP is shown in percentages\n|clearpoke\n|poke|p1|Miraidon|\n|poke|p1|Zacian-*|\n|poke|p1|Ting-Lu|\n|poke|p1|Kyogre|\n|poke|p1|Giratina-Origin|\n|poke|p1|Skeledirge, F|\n|poke|p2|Iron Valiant|\n|poke|p2|Groudon|\n|poke|p2|Ogerpon-Hearthflame, F|\n|poke|p2|Iron Treads|\n|poke|p2|Gholdengo|\n|poke|p2|Ribombee, M|\n|teampreview\n|inactive|Battle timer is ON: inactive players will automatically lose when time's up. (requested by Dnz11)\n|\n|t:|1697410391\n|start\n|switch|p1a: Ting-Lu|Ting-Lu|100\/100\n|switch|p2a: Groudon|Groudon|100\/100\n|-weather|SunnyDay|[from] ability: Drought|[of] p2a: Groudon\n|-ability|p1a: Ting-Lu|Vessel of Ruin\n|turn|1\n|\n|t:|1697410397\n|move|p2a: Groudon|Will-O-Wisp|p1a: Ting-Lu\n|-status|p1a: Ting-Lu|brn\n|move|p1a: Ting-Lu|Stealth Rock|p2a: Groudon\n|-sidestart|p2: andreshxh23|move: Stealth Rock\n|\n|-weather|SunnyDay|[upkeep]\n|-damage|p1a: Ting-Lu|94\/100 brn|[from] brn\n|upkeep\n|turn|2\n|\n|t:|1697410402\n|move|p2a: Groudon|Stealth Rock|p1a: Ting-Lu\n|-sidestart|p1: Dnz11|move: Stealth Rock\n|move|p1a: Ting-Lu|Ruination|p2a: Groudon\n|-damage|p2a: Groudon|50\/100\n|\n|-weather|SunnyDay|[upkeep]\n|-heal|p2a: Groudon|57\/100|[from] item: Leftovers\n|-heal|p1a: Ting-Lu|100\/100 brn|[from] item: Leftovers\n|-damage|p1a: Ting-Lu|94\/100 brn|[from] brn\n|upkeep\n|turn|3\n|\n|t:|1697410410\n|switch|p2a: Ribombee|Ribombee, M|100\/100\n|-damage|p2a: Ribombee|76\/100|[from] Stealth Rock\n|move|p1a: Ting-Lu|Ruination|p2a: Ribombee\n|-damage|p2a: Ribombee|38\/100\n|\n|-weather|SunnyDay|[upkeep]\n|-heal|p1a: Ting-Lu|100\/100 brn|[from] item: Leftovers\n|-damage|p1a: Ting-Lu|94\/100 brn|[from] brn\n|upkeep\n|turn|4\n|\n|t:|1697410423\n|move|p2a: Ribombee|Sticky Web|p1a: Ting-Lu\n|-sidestart|p1: Dnz11|move: Sticky Web\n|move|p1a: Ting-Lu|Earthquake|p2a: Ribombee\n|-resisted|p2a: Ribombee\n|-damage|p2a: Ribombee|24\/100\n|\n|-weather|SunnyDay|[upkeep]\n|-heal|p1a: Ting-Lu|100\/100 brn|[from] item: Leftovers\n|-damage|p1a: Ting-Lu|94\/100 brn|[from] brn\n|upkeep\n|turn|5\n|\n|t:|1697410434\n|move|p2a: Ribombee|U-turn|p1a: Ting-Lu\n|-supereffective|p1a: Ting-Lu\n|-damage|p1a: Ting-Lu|79\/100 brn\n|\n|t:|1697410436\n|switch|p2a: Gholdengo|Gholdengo|100\/100|[from] U-turn\n|-damage|p2a: Gholdengo|94\/100|[from] Stealth Rock\n|-item|p2a: Gholdengo|Air Balloon\n|move|p1a: Ting-Lu|Whirlwind|p2a: Gholdengo\n|-immune|p2a: Gholdengo|[from] ability: Good as Gold\n|\n|-weather|none\n|-heal|p1a: Ting-Lu|85\/100 brn|[from] item: Leftovers\n|-damage|p1a: Ting-Lu|79\/100 brn|[from] brn\n|upkeep\n|turn|6\n|\n|t:|1697410451\n|switch|p2a: Ribombee|Ribombee, M|24\/100\n|-damage|p2a: Ribombee|0 fnt|[from] Stealth Rock\n|faint|p2a: Ribombee\n|move|p1a: Ting-Lu|Ruination|p2: Ribombee|[notarget]\n|-fail|p1a: Ting-Lu\n|\n|-heal|p1a: Ting-Lu|85\/100 brn|[from] item: Leftovers\n|-damage|p1a: Ting-Lu|79\/100 brn|[from] brn\n|upkeep\n|\n|t:|1697410454\n|switch|p2a: Ogerpon|Ogerpon-Hearthflame, F|100\/100\n|-damage|p2a: Ogerpon|76\/100|[from] Stealth Rock\n|-ability|p2a: Ogerpon|Mold Breaker\n|turn|7\n|\n|t:|1697410465\n|switch|p1a: Skeledirge|Skeledirge, F|100\/100\n|move|p2a: Ogerpon|Horn Leech|p1a: Skeledirge\n|-resisted|p1a: Skeledirge\n|-crit|p1a: Skeledirge\n|-damage|p1a: Skeledirge|82\/100\n|-heal|p2a: Ogerpon|89\/100|[from] drain|[of] p1a: Skeledirge\n|\n|upkeep\n|turn|8\n|\n|t:|1697410491\n|switch|p2a: Groudon|Groudon|57\/100\n|-damage|p2a: Groudon|50\/100|[from] Stealth Rock\n|-weather|SunnyDay|[from] ability: Drought|[of] p2a: Groudon\n|move|p1a: Skeledirge|Hex|p2a: Groudon\n|-damage|p2a: Groudon|27\/100\n|\n|-weather|SunnyDay|[upkeep]\n|-heal|p2a: Groudon|34\/100|[from] item: Leftovers\n|upkeep\n|turn|9\n|\n|t:|1697410499\n|switch|p2a: Ogerpon|Ogerpon-Hearthflame, F|89\/100\n|-damage|p2a: Ogerpon|64\/100|[from] Stealth Rock\n|-ability|p2a: Ogerpon|Mold Breaker\n|move|p1a: Skeledirge|Torch Song|p2a: Ogerpon\n|-crit|p2a: Ogerpon\n|-damage|p2a: Ogerpon|0 fnt\n|-boost|p1a: Skeledirge|spa|1\n|faint|p2a: Ogerpon\n|\n|-weather|SunnyDay|[upkeep]\n|upkeep\n|\n|t:|1697410506\n|switch|p2a: Groudon|Groudon|34\/100\n|-damage|p2a: Groudon|27\/100|[from] Stealth Rock\n|turn|10\n|\n|t:|1697410510\n|switch|p1a: Giratina|Giratina-Origin|100\/100\n|-damage|p1a: Giratina|88\/100|[from] Stealth Rock\n|move|p2a: Groudon|Precipice Blades|p1a: Giratina\n|-immune|p1a: Giratina|[from] ability: Levitate\n|\n|-weather|SunnyDay|[upkeep]\n|-heal|p2a: Groudon|34\/100|[from] item: Leftovers\n|upkeep\n|turn|11\n|\n|t:|1697410516\n|switch|p2a: Gholdengo|Gholdengo|94\/100\n|-damage|p2a: Gholdengo|88\/100|[from] Stealth Rock\n|-item|p2a: Gholdengo|Air Balloon\n|move|p1a: Giratina|Defog|p2a: Gholdengo\n|-immune|p2a: Gholdengo|[from] ability: Good as Gold\n|\n|-weather|SunnyDay|[upkeep]\n|upkeep\n|turn|12\n|\n|t:|1697410527\n|move|p2a: Gholdengo|Nasty Plot|p2a: Gholdengo\n|-boost|p2a: Gholdengo|spa|2\n|move|p1a: Giratina|Thunder Wave|p2a: Gholdengo\n|-immune|p2a: Gholdengo|[from] ability: Good as Gold\n|\n|-weather|none\n|upkeep\n|turn|13\n|\n|t:|1697410533\n|move|p2a: Gholdengo|Shadow Ball|p1a: Giratina\n|-supereffective|p1a: Giratina\n|-damage|p1a: Giratina|0 fnt\n|faint|p1a: Giratina\n|\n|upkeep\n|\n|t:|1697410551\n|switch|p1a: Kyogre|Kyogre|100\/100\n|-damage|p1a: Kyogre|88\/100|[from] Stealth Rock\n|-activate|p1a: Kyogre|move: Sticky Web\n|-unboost|p1a: Kyogre|spe|1\n|-weather|RainDance|[from] ability: Drizzle|[of] p1a: Kyogre\n|turn|14\n|\n|t:|1697410563\n|move|p1a: Kyogre|Origin Pulse|p2a: Gholdengo\n|-damage|p2a: Gholdengo|0 fnt\n|-enditem|p2a: Gholdengo|Air Balloon\n|faint|p2a: Gholdengo\n|\n|-weather|RainDance|[upkeep]\n|upkeep\n|\n|t:|1697410576\n|switch|p2a: Iron Valiant|Iron Valiant|100\/100\n|-damage|p2a: Iron Valiant|94\/100|[from] Stealth Rock\n|-enditem|p2a: Iron Valiant|Booster Energy\n|-activate|p2a: Iron Valiant|ability: Quark Drive|[fromitem]\n|-start|p2a: Iron Valiant|quarkdrivespe\n|turn|15\n|\n|t:|1697410580\n|move|p2a: Iron Valiant|Hypnosis|p1a: Kyogre\n|-status|p1a: Kyogre|slp|[from] move: Hypnosis\n|cant|p1a: Kyogre|slp\n|\n|-weather|RainDance|[upkeep]\n|upkeep\n|turn|16\n|\n|t:|1697410588\n|switch|p1a: Zacian|Zacian-Crowned|100\/100\n|-damage|p1a: Zacian|94\/100|[from] Stealth Rock\n|-activate|p1a: Zacian|move: Sticky Web\n|-unboost|p1a: Zacian|spe|1\n|-ability|p1a: Zacian|Intrepid Sword|boost\n|-boost|p1a: Zacian|atk|1\n|move|p2a: Iron Valiant|Calm Mind|p2a: Iron Valiant\n|-boost|p2a: Iron Valiant|spa|1\n|-boost|p2a: Iron Valiant|spd|1\n|\n|-weather|RainDance|[upkeep]\n|upkeep\n|turn|17\n|\n|t:|1697410596\n|move|p2a: Iron Valiant|Moonblast|p1a: Zacian\n|-resisted|p1a: Zacian\n|-damage|p1a: Zacian|60\/100\n|-unboost|p1a: Zacian|spa|1\n|move|p1a: Zacian|Behemoth Blade|p2a: Iron Valiant\n|-supereffective|p2a: Iron Valiant\n|-damage|p2a: Iron Valiant|0 fnt\n|faint|p2a: Iron Valiant\n|-end|p2a: Iron Valiant|Quark Drive|[silent]\n|\n|-weather|RainDance|[upkeep]\n|upkeep\n|\n|t:|1697410599\n|switch|p2a: Iron Treads|Iron Treads|100\/100\n|-damage|p2a: Iron Treads|98\/100|[from] Stealth Rock\n|turn|18\n|\n|t:|1697410615\n|switch|p1a: Ting-Lu|Ting-Lu|79\/100 brn\n|-damage|p1a: Ting-Lu|72\/100 brn|[from] Stealth Rock\n|-activate|p1a: Ting-Lu|move: Sticky Web\n|-unboost|p1a: Ting-Lu|spe|1\n|-ability|p1a: Ting-Lu|Vessel of Ruin\n|move|p2a: Iron Treads|Rapid Spin|p1a: Ting-Lu\n|-damage|p1a: Ting-Lu|65\/100 brn\n|-boost|p2a: Iron Treads|spe|1\n|-sideend|p2: andreshxh23|Stealth Rock|[from] move: Rapid Spin|[of] p2a: Iron Treads\n|\n|-weather|none\n|-heal|p2a: Iron Treads|100\/100|[from] item: Leftovers\n|-heal|p1a: Ting-Lu|71\/100 brn|[from] item: Leftovers\n|-damage|p1a: Ting-Lu|65\/100 brn|[from] brn\n|upkeep\n|turn|19\n|\n|t:|1697410625\n|move|p2a: Iron Treads|Iron Head|p1a: Ting-Lu\n|-damage|p1a: Ting-Lu|47\/100 brn\n|cant|p1a: Ting-Lu|flinch\n|\n|-heal|p1a: Ting-Lu|54\/100 brn|[from] item: Leftovers\n|-damage|p1a: Ting-Lu|47\/100 brn|[from] brn\n|upkeep\n|turn|20\n|\n|t:|1697410629\n|move|p2a: Iron Treads|Iron Head|p1a: Ting-Lu\n|-damage|p1a: Ting-Lu|30\/100 brn\n|move|p1a: Ting-Lu|Ruination|p2a: Iron Treads\n|-damage|p2a: Iron Treads|50\/100\n|\n|-heal|p2a: Iron Treads|57\/100|[from] item: Leftovers\n|-heal|p1a: Ting-Lu|37\/100 brn|[from] item: Leftovers\n|-damage|p1a: Ting-Lu|30\/100 brn|[from] brn\n|upkeep\n|turn|21\n|\n|t:|1697410640\n|move|p2a: Iron Treads|Earthquake|p1a: Ting-Lu\n|-damage|p1a: Ting-Lu|9\/100 brn\n|move|p1a: Ting-Lu|Whirlwind|p2a: Iron Treads\n|-end|p2a: Iron Treads|Quark Drive|[silent]\n|drag|p2a: Groudon|Groudon|34\/100\n|-weather|SunnyDay|[from] ability: Drought|[of] p2a: Groudon\n|\n|-weather|SunnyDay|[upkeep]\n|-heal|p2a: Groudon|40\/100|[from] item: Leftovers\n|-heal|p1a: Ting-Lu|15\/100 brn|[from] item: Leftovers\n|-damage|p1a: Ting-Lu|9\/100 brn|[from] brn\n|upkeep\n|turn|22\n|\n|t:|1697410649\n|switch|p1a: Kyogre|Kyogre|88\/100 slp\n|-damage|p1a: Kyogre|76\/100 slp|[from] Stealth Rock\n|-activate|p1a: Kyogre|move: Sticky Web\n|-unboost|p1a: Kyogre|spe|1\n|-weather|RainDance|[from] ability: Drizzle|[of] p1a: Kyogre\n|move|p2a: Groudon|Precipice Blades|p1a: Kyogre\n|-damage|p1a: Kyogre|12\/100 slp\n|\n|-weather|RainDance|[upkeep]\n|-heal|p2a: Groudon|46\/100|[from] item: Leftovers\n|upkeep\n|turn|23\n|\n|t:|1697410657\n|cant|p1a: Kyogre|slp\n|move|p2a: Groudon|Precipice Blades|p1a: Kyogre\n|-damage|p1a: Kyogre|0 fnt\n|faint|p1a: Kyogre\n|\n|-weather|RainDance|[upkeep]\n|-heal|p2a: Groudon|52\/100|[from] item: Leftovers\n|upkeep\n|\n|t:|1697410680\n|switch|p1a: Miraidon|Miraidon|100\/100\n|-damage|p1a: Miraidon|88\/100|[from] Stealth Rock\n|-activate|p1a: Miraidon|move: Sticky Web\n|-unboost|p1a: Miraidon|spe|1\n|-fieldstart|move: Electric Terrain|[from] ability: Hadron Engine|[of] p1a: Miraidon\n|turn|24\n|\n|t:|1697410685\n|switch|p2a: Iron Treads|Iron Treads|57\/100\n|-activate|p2a: Iron Treads|ability: Quark Drive\n|-start|p2a: Iron Treads|quarkdrivedef\n|-terastallize|p1a: Miraidon|Dragon\n|move|p1a: Miraidon|Overheat|p2a: Iron Treads\n|-supereffective|p2a: Iron Treads\n|-damage|p2a: Iron Treads|0 fnt\n|-unboost|p1a: Miraidon|spa|2\n|faint|p2a: Iron Treads\n|-end|p2a: Iron Treads|Quark Drive|[silent]\n|\n|-weather|RainDance|[upkeep]\n|upkeep\n|\n|t:|1697410688\n|switch|p2a: Groudon|Groudon|52\/100\n|-weather|SunnyDay|[from] ability: Drought|[of] p2a: Groudon\n|turn|25\n|\n|t:|1697410702\n|switch|p1a: Skeledirge|Skeledirge, F|82\/100\n|move|p2a: Groudon|Precipice Blades|p1a: Skeledirge\n|-supereffective|p1a: Skeledirge\n|-damage|p1a: Skeledirge|12\/100\n|\n|-weather|SunnyDay|[upkeep]\n|-heal|p2a: Groudon|58\/100|[from] item: Leftovers\n|upkeep\n|turn|26\n|\n|t:|1697410706\n|move|p2a: Groudon|Precipice Blades|p1a: Skeledirge\n|-supereffective|p1a: Skeledirge\n|-damage|p1a: Skeledirge|0 fnt\n|faint|p1a: Skeledirge\n|\n|-weather|SunnyDay|[upkeep]\n|-heal|p2a: Groudon|65\/100|[from] item: Leftovers\n|upkeep\n|\n|t:|1697410710\n|switch|p1a: Ting-Lu|Ting-Lu|9\/100 brn\n|-damage|p1a: Ting-Lu|3\/100 brn|[from] Stealth Rock\n|-activate|p1a: Ting-Lu|move: Sticky Web\n|-unboost|p1a: Ting-Lu|spe|1\n|-ability|p1a: Ting-Lu|Vessel of Ruin\n|turn|27\n|\n|t:|1697410713\n|move|p2a: Groudon|Precipice Blades|p1a: Ting-Lu\n|-damage|p1a: Ting-Lu|0 fnt\n|faint|p1a: Ting-Lu\n|\n|-weather|SunnyDay|[upkeep]\n|-heal|p2a: Groudon|71\/100|[from] item: Leftovers\n|upkeep\n|\n|t:|1697410718\n|switch|p1a: Zacian|Zacian-Crowned|60\/100\n|-damage|p1a: Zacian|54\/100|[from] Stealth Rock\n|-activate|p1a: Zacian|move: Sticky Web\n|-unboost|p1a: Zacian|spe|1\n|turn|28\n|\n|t:|1697410721\n|move|p1a: Zacian|Behemoth Blade|p2a: Groudon\n|-damage|p2a: Groudon|43\/100\n|move|p2a: Groudon|Precipice Blades|p1a: Zacian\n|-supereffective|p1a: Zacian\n|-damage|p1a: Zacian|0 fnt\n|faint|p1a: Zacian\n|\n|-weather|SunnyDay|[upkeep]\n|-heal|p2a: Groudon|49\/100|[from] item: Leftovers\n|-fieldend|move: Electric Terrain\n|upkeep\n|\n|t:|1697410726\n|switch|p1a: Miraidon|Miraidon, tera:Dragon|88\/100\n|-damage|p1a: Miraidon|76\/100|[from] Stealth Rock\n|-activate|p1a: Miraidon|move: Sticky Web\n|-unboost|p1a: Miraidon|spe|1\n|-fieldstart|move: Electric Terrain|[from] ability: Hadron Engine|[of] p1a: Miraidon\n|turn|29\n|\n|t:|1697410732\n|-terastallize|p2a: Groudon|Water\n|move|p1a: Miraidon|Overheat|p2a: Groudon\n|-resisted|p2a: Groudon\n|-damage|p2a: Groudon|0 fnt\n|-unboost|p1a: Miraidon|spa|2\n|faint|p2a: Groudon\n|\n|win|Dnz11\n|raw|Dnz11's rating: 1188 &rarr; <strong>1221<\/strong><br \/>(+33 for winning)\n|raw|andreshxh23's rating: 1297 &rarr; <strong>1264<\/strong><br \/>(-33 for losing)\n|l|\u2606andreshxh23\n","uploadtime":1697410741,"views":12,"p1id":"dnz11","p2id":"andreshxh23","formatid":"gen9ubers","rating":1221,"private":0,"password":""}