{"id":"gen9ubers-1984466258","p1":"Wappy.kBs","p2":"Robinistof","format":"[Gen 9] Ubers","log":"|j|\u2606Wappy.kBs\n|j|\u2606Robinistof\n|t:|1699268260\n|gametype|singles\n|player|p1|Wappy.kBs|chuck|1087\n|player|p2|Robinistof|170|1045\n|teamsize|p1|6\n|teamsize|p2|6\n|gen|9\n|tier|[Gen 9] Ubers\n|rated|\n|rule|Sleep Clause Mod: Limit one foe put to sleep\n|rule|Species Clause: Limit one of each Pok\u00e9mon\n|rule|OHKO Clause: OHKO moves are banned\n|rule|Evasion Items Clause: Evasion items are banned\n|rule|Evasion Moves Clause: Evasion moves are banned\n|rule|Endless Battle Clause: Forcing endless battles is banned\n|rule|HP Percentage Mod: HP is shown in percentages\n|clearpoke\n|poke|p1|Chi-Yu|\n|poke|p1|Baxcalibur, F|\n|poke|p1|Magearna|\n|poke|p1|Ting-Lu|\n|poke|p1|Ribombee, F|\n|poke|p1|Palafin, M|\n|poke|p2|Shaymin-Sky|\n|poke|p2|Magearna|\n|poke|p2|Arceus-Ghost|\n|poke|p2|Baxcalibur, F|\n|poke|p2|Palafin, M|\n|poke|p2|Espathra, M|\n|teampreview\n|c|\u2606Wappy.kBs|AHAHAHAHAHAHA\n|c|\u2606Wappy.kBs|NO WAY\n|c|\u2606Robinistof|excuse\n|c|\u2606Robinistof|me\n|c|\u2606Robinistof|wtf\n|c|\u2606Wappy.kBs|yooooo wtf\n|c|\u2606Robinistof|ik win\n|c|\u2606Wappy.kBs|uber is zooo leeg in low eo\n|c|\u2606Wappy.kBs|*elo\n|\n|t:|1699268298\n|start\n|switch|p1a: Ribombee|Ribombee, F|100\/100\n|switch|p2a: Arceus|Arceus-Ghost|100\/100\n|turn|1\n|\n|t:|1699268305\n|move|p1a: Ribombee|Sticky Web|p2a: Arceus\n|-sidestart|p2: Robinistof|move: Sticky Web\n|move|p2a: Arceus|Taunt|p1a: Ribombee\n|-start|p1a: Ribombee|move: Taunt\n|\n|upkeep\n|turn|2\n|\n|t:|1699268314\n|switch|p1a: Ting-Lu|Ting-Lu|100\/100\n|-ability|p1a: Ting-Lu|Vessel of Ruin\n|move|p2a: Arceus|Dragon Dance|p2a: Arceus\n|-boost|p2a: Arceus|atk|1\n|-boost|p2a: Arceus|spe|1\n|\n|upkeep\n|turn|3\n|\n|t:|1699268328\n|move|p2a: Arceus|Shadow Claw|p1a: Ting-Lu\n|-resisted|p1a: Ting-Lu\n|-crit|p1a: Ting-Lu\n|-damage|p1a: Ting-Lu|72\/100\n|move|p1a: Ting-Lu|Spikes|p2a: Arceus\n|-sidestart|p2: Robinistof|Spikes\n|\n|-heal|p1a: Ting-Lu|78\/100|[from] item: Leftovers\n|upkeep\n|turn|4\n|\n|t:|1699268336\n|move|p2a: Arceus|Earthquake|p1a: Ting-Lu\n|-damage|p1a: Ting-Lu|46\/100\n|move|p1a: Ting-Lu|Whirlwind|p2a: Arceus\n|drag|p2a: Espathra|Espathra, M|100\/100\n|-activate|p2a: Espathra|move: Sticky Web\n|-unboost|p2a: Espathra|spe|1\n|-damage|p2a: Espathra|88\/100|[from] Spikes\n|\n|-heal|p1a: Ting-Lu|52\/100|[from] item: Leftovers\n|upkeep\n|turn|5\n|c|\u2606Wappy.kBs|bruh crit\n|c|\u2606Robinistof|dont you whirlwind me\n|\n|t:|1699268360\n|move|p2a: Espathra|Dazzling Gleam|p1a: Ting-Lu\n|-supereffective|p1a: Ting-Lu\n|-damage|p1a: Ting-Lu|38\/100\n|move|p1a: Ting-Lu|Whirlwind|p2a: Espathra\n|drag|p2a: Baxcalibur|Baxcalibur, F|100\/100\n|-activate|p2a: Baxcalibur|move: Sticky Web\n|-unboost|p2a: Baxcalibur|spe|1\n|-damage|p2a: Baxcalibur|88\/100|[from] Spikes\n|\n|-heal|p1a: Ting-Lu|44\/100|[from] item: Leftovers\n|upkeep\n|turn|6\n|c|\u2606Wappy.kBs|too late betch\n|\n|t:|1699268372\n|move|p2a: Baxcalibur|Dragon Dance|p2a: Baxcalibur\n|-boost|p2a: Baxcalibur|atk|1\n|-boost|p2a: Baxcalibur|spe|1\n|move|p1a: Ting-Lu|Spikes|p2a: Baxcalibur\n|-sidestart|p2: Robinistof|Spikes\n|\n|-heal|p1a: Ting-Lu|50\/100|[from] item: Leftovers\n|upkeep\n|turn|7\n|\n|t:|1699268378\n|move|p2a: Baxcalibur|Icicle Spear|p1a: Ting-Lu\n|-supereffective|p1a: Ting-Lu\n|-damage|p1a: Ting-Lu|25\/100\n|-supereffective|p1a: Ting-Lu\n|-damage|p1a: Ting-Lu|0 fnt\n|faint|p1a: Ting-Lu\n|-hitcount|p1: Ting-Lu|2\n|\n|upkeep\n|c|\u2606Robinistof|oof\n|\n|t:|1699268388\n|switch|p1a: Ribombee|Ribombee, F|100\/100\n|turn|8\n|\n|t:|1699268392\n|move|p1a: Ribombee|Stun Spore|p2a: Baxcalibur\n|-status|p2a: Baxcalibur|par\n|move|p2a: Baxcalibur|Icicle Spear|p1a: Ribombee\n|-damage|p1a: Ribombee|53\/100\n|-damage|p1a: Ribombee|6\/100\n|-damage|p1a: Ribombee|0 fnt\n|faint|p1a: Ribombee\n|-hitcount|p1: Ribombee|3\n|\n|upkeep\n|c|\u2606Wappy.kBs|hihi\n|c|\u2606Robinistof|L\n|\n|t:|1699268403\n|switch|p1a: Baxcalibur|Baxcalibur, F|100\/100\n|turn|9\n|\n|t:|1699268417\n|switch|p2a: Magearna|Magearna|100\/100\n|-activate|p2a: Magearna|move: Sticky Web\n|-unboost|p2a: Magearna|spe|1\n|-damage|p2a: Magearna|84\/100|[from] Spikes\n|move|p1a: Baxcalibur|Scale Shot|p2a: Magearna\n|-immune|p2a: Magearna\n|\n|-heal|p2a: Magearna|90\/100|[from] item: Leftovers\n|upkeep\n|turn|10\n|\n|t:|1699268428\n|move|p1a: Baxcalibur|Earthquake|p2a: Magearna\n|-supereffective|p2a: Magearna\n|-damage|p2a: Magearna|38\/100\n|move|p2a: Magearna|Iron Defense|p2a: Magearna\n|-boost|p2a: Magearna|def|2\n|\n|-heal|p2a: Magearna|44\/100|[from] item: Leftovers\n|upkeep\n|turn|11\n|\n|t:|1699268437\n|switch|p1a: Chi-Yu|Chi-Yu|100\/100\n|-ability|p1a: Chi-Yu|Beads of Ruin\n|move|p2a: Magearna|Draining Kiss|p1a: Chi-Yu\n|-damage|p1a: Chi-Yu|75\/100\n|-heal|p2a: Magearna|58\/100|[from] drain|[of] p1a: Chi-Yu\n|\n|-heal|p2a: Magearna|64\/100|[from] item: Leftovers\n|upkeep\n|turn|12\n|\n|t:|1699268450\n|switch|p2a: Palafin|Palafin, M|100\/100\n|-activate|p2a: Palafin|move: Sticky Web\n|-unboost|p2a: Palafin|spe|1\n|-damage|p2a: Palafin|84\/100|[from] Spikes\n|move|p1a: Chi-Yu|Nasty Plot|p1a: Chi-Yu\n|-boost|p1a: Chi-Yu|spa|2\n|\n|upkeep\n|turn|13\n|c|\u2606Wappy.kBs|L\n|\n|t:|1699268462\n|move|p2a: Palafin|Jet Punch|p1a: Chi-Yu\n|-supereffective|p1a: Chi-Yu\n|-damage|p1a: Chi-Yu|0 fnt\n|faint|p1a: Chi-Yu\n|\n|upkeep\n|c|\u2606Wappy.kBs|well I'm fucked\n|\n|t:|1699268467\n|switch|p1a: Palafin|Palafin, M|100\/100\n|turn|14\n|c|\u2606Robinistof|hhihihhihhiha\n|\n|t:|1699268488\n|detailschange|p1a: Palafin|Palafin-Hero, M\n|switch|p1a: Baxcalibur|Baxcalibur, F|100\/100\n|detailschange|p2a: Palafin|Palafin-Hero, M\n|switch|p2a: Shaymin|Shaymin-Sky|100\/100\n|\n|upkeep\n|turn|15\n|\n|t:|1699268507\n|switch|p2a: Magearna|Magearna|64\/100\n|-activate|p2a: Magearna|move: Sticky Web\n|-unboost|p2a: Magearna|spe|1\n|-damage|p2a: Magearna|47\/100|[from] Spikes\n|move|p1a: Baxcalibur|Scale Shot|p2a: Magearna\n|-immune|p2a: Magearna\n|\n|-heal|p2a: Magearna|53\/100|[from] item: Leftovers\n|upkeep\n|turn|16\n|\n|t:|1699268523\n|move|p1a: Baxcalibur|Earthquake|p2a: Magearna\n|-supereffective|p2a: Magearna\n|-damage|p2a: Magearna|5\/100\n|move|p2a: Magearna|Draining Kiss|p1a: Baxcalibur\n|-supereffective|p1a: Baxcalibur\n|-damage|p1a: Baxcalibur|52\/100\n|-heal|p2a: Magearna|42\/100|[from] drain|[of] p1a: Baxcalibur\n|\n|-heal|p2a: Magearna|48\/100|[from] item: Leftovers\n|upkeep\n|turn|17\n|\n|t:|1699268532\n|move|p1a: Baxcalibur|Earthquake|p2a: Magearna\n|-supereffective|p2a: Magearna\n|-damage|p2a: Magearna|0 fnt\n|faint|p2a: Magearna\n|\n|upkeep\n|\n|t:|1699268538\n|switch|p2a: Arceus|Arceus-Ghost|100\/100\n|-activate|p2a: Arceus|move: Sticky Web\n|-unboost|p2a: Arceus|spe|1\n|-damage|p2a: Arceus|84\/100|[from] Spikes\n|turn|18\n|j| diizzyy\n|\n|t:|1699268544\n|switch|p1a: Magearna|Magearna|100\/100\n|move|p2a: Arceus|Dragon Dance|p2a: Arceus\n|-boost|p2a: Arceus|atk|1\n|-boost|p2a: Arceus|spe|1\n|\n|upkeep\n|turn|19\n|\n|t:|1699268551\n|move|p2a: Arceus|Earthquake|p1a: Magearna\n|-supereffective|p1a: Magearna\n|-damage|p1a: Magearna|38\/100\n|move|p1a: Magearna|Iron Defense|p1a: Magearna\n|-boost|p1a: Magearna|def|2\n|\n|-heal|p1a: Magearna|44\/100|[from] item: Leftovers\n|upkeep\n|turn|20\n|\n|t:|1699268558\n|-terastallize|p1a: Magearna|Water\n|move|p2a: Arceus|Earthquake|p1a: Magearna\n|-damage|p1a: Magearna|28\/100\n|move|p1a: Magearna|Draining Kiss|p2a: Arceus\n|-damage|p2a: Arceus|68\/100\n|-heal|p1a: Magearna|42\/100|[from] drain|[of] p2a: Arceus\n|\n|-heal|p1a: Magearna|48\/100|[from] item: Leftovers\n|upkeep\n|turn|21\n|c|\u2606Robinistof|no\n|c|\u2606Wappy.kBs|yes\n|\n|t:|1699268569\n|move|p2a: Arceus|Shadow Claw|p1a: Magearna\n|-damage|p1a: Magearna|26\/100\n|move|p1a: Magearna|Calm Mind|p1a: Magearna\n|-boost|p1a: Magearna|spa|1\n|-boost|p1a: Magearna|spd|1\n|\n|-heal|p1a: Magearna|32\/100|[from] item: Leftovers\n|upkeep\n|turn|22\n|l| diizzyy\n|\n|t:|1699268578\n|move|p2a: Arceus|Taunt|p1a: Magearna\n|-start|p1a: Magearna|move: Taunt\n|cant|p1a: Magearna|move: Taunt|Calm Mind\n|\n|-heal|p1a: Magearna|39\/100|[from] item: Leftovers\n|upkeep\n|turn|23\n|c|\u2606Wappy.kBs|fatfinger lol\n|c|\u2606Robinistof|u trash\n|\n|t:|1699268594\n|move|p2a: Arceus|Dragon Dance|p2a: Arceus\n|-boost|p2a: Arceus|atk|1\n|-boost|p2a: Arceus|spe|1\n|move|p1a: Magearna|Draining Kiss|p2a: Arceus\n|-damage|p2a: Arceus|44\/100\n|-heal|p1a: Magearna|59\/100|[from] drain|[of] p2a: Arceus\n|\n|-heal|p1a: Magearna|65\/100|[from] item: Leftovers\n|upkeep\n|turn|24\n|\n|t:|1699268614\n|-terastallize|p2a: Arceus|Ghost\n|move|p2a: Arceus|Shadow Claw|p1a: Magearna\n|-damage|p1a: Magearna|26\/100\n|move|p1a: Magearna|Draining Kiss|p2a: Arceus\n|-damage|p2a: Arceus|23\/100\n|-heal|p1a: Magearna|45\/100|[from] drain|[of] p2a: Arceus\n|\n|-heal|p1a: Magearna|51\/100|[from] item: Leftovers\n|-end|p1a: Magearna|move: Taunt\n|upkeep\n|turn|25\n|\n|t:|1699268625\n|move|p2a: Arceus|Shadow Claw|p1a: Magearna\n|-damage|p1a: Magearna|17\/100\n|move|p1a: Magearna|Draining Kiss|p2a: Arceus\n|-damage|p2a: Arceus|1\/100\n|-heal|p1a: Magearna|35\/100|[from] drain|[of] p2a: Arceus\n|\n|-heal|p1a: Magearna|42\/100|[from] item: Leftovers\n|upkeep\n|turn|26\n|c|\u2606Robinistof|1hp btw\n|\n|t:|1699268641\n|move|p2a: Arceus|Shadow Claw|p1a: Magearna\n|-damage|p1a: Magearna|6\/100\n|move|p1a: Magearna|Draining Kiss|p2a: Arceus\n|-damage|p2a: Arceus|0 fnt\n|-heal|p1a: Magearna|6\/100|[from] drain|[of] p2a: Arceus\n|faint|p2a: Arceus\n|-ability|p1a: Magearna|Soul-Heart|boost\n|-boost|p1a: Magearna|spa|1\n|\n|-heal|p1a: Magearna|12\/100|[from] item: Leftovers\n|upkeep\n|c|\u2606Wappy.kBs|lol\n|\n|t:|1699268651\n|switch|p2a: Shaymin|Shaymin-Sky|100\/100\n|turn|27\n|\n|t:|1699268655\n|move|p2a: Shaymin|Seed Flare|p1a: Magearna|[miss]\n|-miss|p2a: Shaymin|p1a: Magearna\n|move|p1a: Magearna|Draining Kiss|p2a: Shaymin\n|-damage|p2a: Shaymin|42\/100\n|-heal|p1a: Magearna|54\/100|[from] drain|[of] p2a: Shaymin\n|\n|-heal|p2a: Shaymin|48\/100|[from] item: Leftovers\n|-heal|p1a: Magearna|60\/100|[from] item: Leftovers\n|upkeep\n|turn|28\n|c|\u2606Wappy.kBs|HAHAHAHAH\n|c|\u2606Wappy.kBs|YESSSSSSSS\n|\n|t:|1699268664\n|move|p2a: Shaymin|Seed Flare|p1a: Magearna\n|-supereffective|p1a: Magearna\n|-damage|p1a: Magearna|0 fnt\n|faint|p1a: Magearna\n|\n|-heal|p2a: Shaymin|54\/100|[from] item: Leftovers\n|upkeep\n|c|\u2606Robinistof|bozo\n|\n|t:|1699268671\n|switch|p1a: Baxcalibur|Baxcalibur, F|52\/100\n|turn|29\n|\n|t:|1699268676\n|move|p2a: Shaymin|Air Slash|p1a: Baxcalibur\n|-damage|p1a: Baxcalibur|12\/100\n|move|p1a: Baxcalibur|Scale Shot|p2a: Shaymin\n|-damage|p2a: Shaymin|34\/100\n|-damage|p2a: Shaymin|13\/100\n|-damage|p2a: Shaymin|0 fnt\n|faint|p2a: Shaymin\n|-hitcount|p2: Shaymin|3\n|-unboost|p1a: Baxcalibur|def|1\n|-boost|p1a: Baxcalibur|spe|1\n|\n|upkeep\n|c|\u2606Wappy.kBs|who?\n|c|\u2606Robinistof|i risked it all\n|\n|t:|1699268693\n|switch|p2a: Palafin|Palafin-Hero, M|84\/100\n|-activate|p2a: Palafin|move: Sticky Web\n|-unboost|p2a: Palafin|spe|1\n|-damage|p2a: Palafin|68\/100|[from] Spikes\n|-activate|p2a: Palafin|ability: Zero to Hero\n|turn|30\n|\n|t:|1699268705\n|switch|p1a: Palafin|Palafin-Hero, M|100\/100\n|-activate|p1a: Palafin|ability: Zero to Hero\n|move|p2a: Palafin|Jet Punch|p1a: Palafin\n|-resisted|p1a: Palafin\n|-damage|p1a: Palafin|74\/100\n|\n|-heal|p1a: Palafin|80\/100|[from] item: Leftovers\n|upkeep\n|turn|31\n|\n|t:|1699268721\n|switch|p2a: Baxcalibur|Baxcalibur, F|88\/100 par\n|-activate|p2a: Baxcalibur|move: Sticky Web\n|-unboost|p2a: Baxcalibur|spe|1\n|-damage|p2a: Baxcalibur|72\/100 par|[from] Spikes\n|move|p1a: Palafin|Bulk Up|p1a: Palafin\n|-boost|p1a: Palafin|atk|1\n|-boost|p1a: Palafin|def|1\n|\n|-heal|p1a: Palafin|86\/100|[from] item: Leftovers\n|upkeep\n|turn|32\n|\n|t:|1699268734\n|move|p1a: Palafin|Drain Punch|p2a: Baxcalibur\n|-supereffective|p2a: Baxcalibur\n|-damage|p2a: Baxcalibur|1\/100 par\n|-heal|p1a: Palafin|100\/100|[from] drain|[of] p2a: Baxcalibur\n|move|p2a: Baxcalibur|Glaive Rush|p1a: Palafin\n|-damage|p1a: Palafin|54\/100\n|-singlemove|p2a: Baxcalibur|Glaive Rush|[silent]\n|\n|-heal|p1a: Palafin|61\/100|[from] item: Leftovers\n|upkeep\n|turn|33\n|c|\u2606Wappy.kBs|BRUH\n|c|\u2606Robinistof|no\n|\n|t:|1699268747\n|move|p1a: Palafin|Jet Punch|p2a: Baxcalibur\n|-resisted|p2a: Baxcalibur\n|-damage|p2a: Baxcalibur|0 fnt\n|faint|p2a: Baxcalibur\n|\n|-heal|p1a: Palafin|67\/100|[from] item: Leftovers\n|upkeep\n|\n|t:|1699268755\n|switch|p2a: Espathra|Espathra, M|88\/100\n|-activate|p2a: Espathra|move: Sticky Web\n|-unboost|p2a: Espathra|spe|1\n|-damage|p2a: Espathra|72\/100|[from] Spikes\n|turn|34\n|\n|t:|1699268767\n|move|p1a: Palafin|Taunt|p2a: Espathra\n|-start|p2a: Espathra|move: Taunt\n|cant|p2a: Espathra|move: Taunt|Roost\n|\n|-heal|p1a: Palafin|73\/100|[from] item: Leftovers\n|-ability|p2a: Espathra|Speed Boost|boost\n|-boost|p2a: Espathra|spe|1\n|upkeep\n|turn|35\n|\n|t:|1699268774\n|move|p1a: Palafin|Jet Punch|p2a: Espathra\n|-damage|p2a: Espathra|27\/100\n|move|p2a: Espathra|Dazzling Gleam|p1a: Palafin\n|-damage|p1a: Palafin|60\/100\n|\n|-heal|p1a: Palafin|66\/100|[from] item: Leftovers\n|-ability|p2a: Espathra|Speed Boost|boost\n|-boost|p2a: Espathra|spe|1\n|upkeep\n|turn|36\n|c|\u2606Wappy.kBs|tell me again who's the bozo?\n|c|\u2606Robinistof|hoe fucking tanky is die bitch\n|\n|t:|1699268796\n|move|p1a: Palafin|Jet Punch|p2a: Espathra\n|-damage|p2a: Espathra|0 fnt\n|faint|p2a: Espathra\n|\n|-heal|p1a: Palafin|72\/100|[from] item: Leftovers\n|upkeep\n|c|\u2606Wappy.kBs|yes I'm reporting you\n|\n|t:|1699268802\n|switch|p2a: Palafin|Palafin-Hero, M|68\/100\n|-activate|p2a: Palafin|move: Sticky Web\n|-unboost|p2a: Palafin|spe|1\n|-damage|p2a: Palafin|51\/100|[from] Spikes\n|turn|37\n|c|\u2606Wappy.kBs|I have report option\n|\n|t:|1699268814\n|move|p1a: Palafin|Drain Punch|p2a: Palafin\n|-damage|p2a: Palafin|15\/100\n|-heal|p1a: Palafin|88\/100|[from] drain|[of] p2a: Palafin\n|move|p2a: Palafin|Zen Headbutt|p1a: Palafin\n|-damage|p1a: Palafin|56\/100\n|\n|-heal|p1a: Palafin|62\/100|[from] item: Leftovers\n|upkeep\n|turn|38\n|c|\u2606Wappy.kBs|only noobs loses that\n|\n|t:|1699268823\n|move|p1a: Palafin|Drain Punch|p2a: Palafin\n|-damage|p2a: Palafin|0 fnt\n|-heal|p1a: Palafin|68\/100|[from] drain|[of] p2a: Palafin\n|faint|p2a: Palafin\n|\n|win|Wappy.kBs\n|raw|Wappy.kBs's rating: 1087 &rarr; <strong>1111<\/strong><br \/>(+24 for winning)\n|raw|Robinistof's rating: 1045 &rarr; <strong>1030<\/strong><br \/>(-15 for losing)\n","uploadtime":1699268791,"views":13,"p1id":"wappykbs","p2id":"robinistof","formatid":"gen9ubers","rating":1030,"private":0,"password":""}