{"id":"gen9ubers-1996930345","p1":"Aipom Hoshino","p2":"Whaud","format":"[Gen 9] Ubers","log":"|j|\u2606Aipom Hoshino\n|j|\u2606Whaud\n|t:|1700746225\n|gametype|singles\n|player|p1|Aipom Hoshino|lady-gen4|\n|player|p2|Whaud|alain|\n|teamsize|p1|6\n|teamsize|p2|6\n|gen|9\n|tier|[Gen 9] Ubers\n|rule|Sleep Clause Mod: Limit one foe put to sleep\n|rule|Species Clause: Limit one of each Pok\u00e9mon\n|rule|OHKO Clause: OHKO moves are banned\n|rule|Evasion Items Clause: Evasion items are banned\n|rule|Evasion Moves Clause: Evasion moves are banned\n|rule|Endless Battle Clause: Forcing endless battles is banned\n|rule|HP Percentage Mod: HP is shown in percentages\n|clearpoke\n|poke|p1|Palkia-Origin|\n|poke|p1|Arceus-Psychic|\n|poke|p1|Cyclizar, F|\n|poke|p1|Zacian-*|\n|poke|p1|Magearna|\n|poke|p1|Houndstone, F|\n|poke|p2|Dialga|\n|poke|p2|Palkia-Origin|\n|poke|p2|Magearna|\n|poke|p2|Cyclizar, M|\n|poke|p2|Zacian-*|\n|poke|p2|Arceus-Dark|\n|teampreview\n|inactive|Battle timer is ON: inactive players will automatically lose when time's up. (requested by Aipom Hoshino)\n|\n|t:|1700746244\n|start\n|switch|p1a: Cyclizar|Cyclizar, F|100\/100\n|switch|p2a: Cyclizar|Cyclizar, M|100\/100\n|turn|1\n|\n|t:|1700746251\n|move|p1a: Cyclizar|Shed Tail|p1a: Cyclizar\n|-start|p1a: Cyclizar|Substitute|[from] move: Shed Tail\n|-damage|p1a: Cyclizar|50\/100\n|\n|t:|1700746254\n|switch|p1a: Magearna|Magearna|100\/100|[from] Shed Tail\n|move|p2a: Cyclizar|Draco Meteor|p1a: Magearna\n|-immune|p1a: Magearna\n|\n|upkeep\n|turn|2\n|\n|t:|1700746260\n|move|p2a: Cyclizar|U-turn|p1a: Magearna\n|-resisted|p1a: Magearna\n|-activate|p1a: Magearna|move: Substitute|[damage]\n|\n|t:|1700746263\n|switch|p2a: Magearna|Magearna|100\/100|[from] U-turn\n|move|p1a: Magearna|Spikes|p2a: Magearna\n|-sidestart|p2: Whaud|Spikes\n|\n|upkeep\n|turn|3\n|\n|t:|1700746266\n|move|p1a: Magearna|Thunder Wave|p2a: Magearna\n|-status|p2a: Magearna|par\n|move|p2a: Magearna|Iron Defense|p2a: Magearna\n|-boost|p2a: Magearna|def|2\n|\n|upkeep\n|turn|4\n|\n|t:|1700746268\n|move|p1a: Magearna|Encore|p2a: Magearna\n|-start|p2a: Magearna|Encore\n|cant|p2a: Magearna|par\n|\n|upkeep\n|turn|5\n|\n|t:|1700746273\n|switch|p2a: Arceus|Arceus-Dark|100\/100\n|-damage|p2a: Arceus|88\/100|[from] Spikes\n|move|p1a: Magearna|Spikes|p2a: Arceus\n|-sidestart|p2: Whaud|Spikes\n|\n|upkeep\n|turn|6\n|\n|t:|1700746275\n|move|p2a: Arceus|Taunt|p1a: Magearna\n|-start|p1a: Magearna|move: Taunt\n|cant|p1a: Magearna|move: Taunt|Thunder Wave\n|\n|upkeep\n|turn|7\n|\n|t:|1700746290\n|switch|p2a: Zacian|Zacian|100\/100\n|-damage|p2a: Zacian|84\/100|[from] Spikes\n|-ability|p2a: Zacian|Intrepid Sword|boost\n|-boost|p2a: Zacian|atk|1\n|move|p1a: Magearna|Volt Switch|p2a: Zacian\n|-damage|p2a: Zacian|64\/100\n|\n|t:|1700746311\n|switch|p1a: Zacian|Zacian|100\/100|[from] Volt Switch\n|-ability|p1a: Zacian|Intrepid Sword|boost\n|-boost|p1a: Zacian|atk|1\n|\n|upkeep\n|turn|8\n|\n|t:|1700746320\n|move|p2a: Zacian|Play Rough|p1a: Zacian\n|-damage|p1a: Zacian|15\/100\n|move|p1a: Zacian|Play Rough|p2a: Zacian\n|-damage|p2a: Zacian|0 fnt\n|faint|p2a: Zacian\n|\n|upkeep\n|\n|t:|1700746326\n|switch|p2a: Dialga|Dialga|100\/100\n|-damage|p2a: Dialga|84\/100|[from] Spikes\n|-ability|p2a: Dialga|Pressure\n|turn|9\n|\n|t:|1700746331\n|switch|p1a: Magearna|Magearna|100\/100\n|move|p2a: Dialga|Fire Blast|p1a: Magearna\n|-supereffective|p1a: Magearna\n|-damage|p1a: Magearna|52\/100\n|\n|-heal|p1a: Magearna|58\/100|[from] item: Leftovers\n|upkeep\n|turn|10\n|\n|t:|1700746333\n|move|p2a: Dialga|Fire Blast|p1a: Magearna\n|-supereffective|p1a: Magearna\n|-damage|p1a: Magearna|5\/100\n|move|p1a: Magearna|Thunder Wave|p2a: Dialga\n|-status|p2a: Dialga|par\n|\n|-heal|p1a: Magearna|11\/100|[from] item: Leftovers\n|upkeep\n|turn|11\n|\n|t:|1700746338\n|cant|p2a: Dialga|par\n|move|p1a: Magearna|Volt Switch|p2a: Dialga\n|-resisted|p2a: Dialga\n|-damage|p2a: Dialga|74\/100 par\n|\n|t:|1700746343\n|switch|p1a: Zacian|Zacian|15\/100|[from] Volt Switch\n|\n|upkeep\n|turn|12\n|\n|t:|1700746345\n|move|p1a: Zacian|Close Combat|p2a: Dialga\n|-supereffective|p2a: Dialga\n|-damage|p2a: Dialga|0 fnt\n|-unboost|p1a: Zacian|def|1\n|-unboost|p1a: Zacian|spd|1\n|faint|p2a: Dialga\n|\n|upkeep\n|\n|t:|1700746349\n|switch|p2a: Palkia|Palkia-Origin|100\/100\n|-damage|p2a: Palkia|84\/100|[from] Spikes\n|-ability|p2a: Palkia|Pressure\n|turn|13\n|\n|t:|1700746353\n|switch|p1a: Magearna|Magearna|11\/100\n|move|p2a: Palkia|Substitute|p2a: Palkia\n|-start|p2a: Palkia|Substitute\n|-damage|p2a: Palkia|59\/100\n|\n|-heal|p1a: Magearna|18\/100|[from] item: Leftovers\n|upkeep\n|turn|14\n|\n|t:|1700746358\n|move|p2a: Palkia|Fire Blast|p1a: Magearna\n|-supereffective|p1a: Magearna\n|-damage|p1a: Magearna|0 fnt\n|faint|p1a: Magearna\n|\n|upkeep\n|\n|t:|1700746372\n|switch|p1a: Arceus|Arceus-Psychic|100\/100\n|turn|15\n|\n|t:|1700746377\n|move|p2a: Palkia|Hydro Pump|p1a: Arceus\n|-damage|p1a: Arceus|50\/100\n|move|p1a: Arceus|Cosmic Power|p1a: Arceus\n|-boost|p1a: Arceus|def|1\n|-boost|p1a: Arceus|spd|1\n|\n|upkeep\n|turn|16\n|\n|t:|1700746382\n|move|p1a: Arceus|Recover|p1a: Arceus\n|-heal|p1a: Arceus|99\/100\n|move|p2a: Palkia|Hydro Pump|p1a: Arceus\n|-damage|p1a: Arceus|69\/100\n|\n|upkeep\n|turn|17\n|\n|t:|1700746385\n|move|p1a: Arceus|Cosmic Power|p1a: Arceus\n|-boost|p1a: Arceus|def|1\n|-boost|p1a: Arceus|spd|1\n|move|p2a: Palkia|Hydro Pump|p1a: Arceus\n|-damage|p1a: Arceus|43\/100\n|\n|upkeep\n|turn|18\n|\n|t:|1700746389\n|switch|p2a: Arceus|Arceus-Dark|88\/100\n|-damage|p2a: Arceus|72\/100|[from] Spikes\n|move|p1a: Arceus|Recover|p1a: Arceus\n|-heal|p1a: Arceus|93\/100\n|\n|upkeep\n|turn|19\n|\n|t:|1700746397\n|switch|p1a: Cyclizar|Cyclizar, F|84\/100\n|move|p2a: Arceus|Recover|p2a: Arceus\n|-heal|p2a: Arceus|100\/100\n|\n|upkeep\n|turn|20\n|\n|t:|1700746401\n|move|p1a: Cyclizar|Shed Tail|p1a: Cyclizar\n|-start|p1a: Cyclizar|Substitute|[from] move: Shed Tail\n|-damage|p1a: Cyclizar|33\/100\n|\n|t:|1700746402\n|switch|p1a: Zacian|Zacian|15\/100|[from] Shed Tail\n|move|p2a: Arceus|Judgment|p1a: Zacian\n|-resisted|p1a: Zacian\n|-activate|p1a: Zacian|move: Substitute|[damage]\n|\n|upkeep\n|turn|21\n|\n|t:|1700746407\n|move|p1a: Zacian|Close Combat|p2a: Arceus\n|-supereffective|p2a: Arceus\n|-damage|p2a: Arceus|17\/100\n|-unboost|p1a: Zacian|def|1\n|-unboost|p1a: Zacian|spd|1\n|move|p2a: Arceus|Judgment|p1a: Zacian\n|-resisted|p1a: Zacian\n|-end|p1a: Zacian|Substitute\n|\n|upkeep\n|turn|22\n|\n|t:|1700746410\n|switch|p2a: Magearna|Magearna|100\/100 par\n|-damage|p2a: Magearna|84\/100 par|[from] Spikes\n|move|p1a: Zacian|Close Combat|p2a: Magearna\n|-damage|p2a: Magearna|51\/100 par\n|-unboost|p1a: Zacian|def|1\n|-unboost|p1a: Zacian|spd|1\n|\n|-heal|p2a: Magearna|57\/100 par|[from] item: Leftovers\n|upkeep\n|turn|23\n|\n|t:|1700746427\n|switch|p1a: Arceus|Arceus-Psychic|93\/100\n|move|p2a: Magearna|Draining Kiss|p1a: Arceus\n|-damage|p1a: Arceus|80\/100\n|-heal|p2a: Magearna|69\/100 par|[from] drain|[of] p1a: Arceus\n|\n|-heal|p2a: Magearna|75\/100 par|[from] item: Leftovers\n|upkeep\n|turn|24\n|\n|t:|1700746433\n|switch|p2a: Arceus|Arceus-Dark|17\/100\n|-damage|p2a: Arceus|0 fnt|[from] Spikes\n|faint|p2a: Arceus\n|move|p1a: Arceus|Taunt|p2: Arceus|[notarget]\n|-fail|p1a: Arceus\n|\n|upkeep\n|\n|t:|1700746437\n|switch|p2a: Cyclizar|Cyclizar, M|100\/100\n|-damage|p2a: Cyclizar|84\/100|[from] Spikes\n|turn|25\n|\n|t:|1700746442\n|move|p2a: Cyclizar|Rapid Spin|p1a: Arceus\n|-damage|p1a: Arceus|70\/100\n|-boost|p2a: Cyclizar|spe|1\n|-sideend|p2: Whaud|Spikes|[from] move: Rapid Spin|[of] p2a: Cyclizar\n|move|p1a: Arceus|Cosmic Power|p1a: Arceus\n|-boost|p1a: Arceus|def|1\n|-boost|p1a: Arceus|spd|1\n|\n|upkeep\n|turn|26\n|\n|t:|1700746445\n|move|p2a: Cyclizar|Shed Tail|p2a: Cyclizar\n|-start|p2a: Cyclizar|Substitute|[from] move: Shed Tail\n|-damage|p2a: Cyclizar|34\/100\n|-enditem|p2a: Cyclizar|Sitrus Berry|[eat]\n|-heal|p2a: Cyclizar|59\/100|[from] item: Sitrus Berry\n|\n|t:|1700746448\n|switch|p2a: Palkia|Palkia-Origin|59\/100|[from] Shed Tail\n|-ability|p2a: Palkia|Pressure\n|move|p1a: Arceus|Cosmic Power|p1a: Arceus\n|-boost|p1a: Arceus|def|1\n|-boost|p1a: Arceus|spd|1\n|\n|upkeep\n|turn|27\n|\n|t:|1700746451\n|move|p2a: Palkia|Hydro Pump|p1a: Arceus\n|-damage|p1a: Arceus|46\/100\n|move|p1a: Arceus|Cosmic Power|p1a: Arceus\n|-boost|p1a: Arceus|def|1\n|-boost|p1a: Arceus|spd|1\n|\n|upkeep\n|turn|28\n|\n|t:|1700746456\n|move|p2a: Palkia|Hydro Pump|p1a: Arceus|[miss]\n|-miss|p2a: Palkia|p1a: Arceus\n|move|p1a: Arceus|Recover|p1a: Arceus\n|-heal|p1a: Arceus|96\/100\n|\n|upkeep\n|turn|29\n|\n|t:|1700746459\n|move|p1a: Arceus|Cosmic Power|p1a: Arceus\n|-boost|p1a: Arceus|def|1\n|-boost|p1a: Arceus|spd|1\n|move|p2a: Palkia|Hydro Pump|p1a: Arceus\n|-damage|p1a: Arceus|77\/100\n|\n|upkeep\n|turn|30\n|\n|t:|1700746461\n|move|p1a: Arceus|Cosmic Power|p1a: Arceus\n|-boost|p1a: Arceus|def|1\n|-boost|p1a: Arceus|spd|1\n|move|p2a: Palkia|Fire Blast|p1a: Arceus\n|-damage|p1a: Arceus|69\/100\n|\n|upkeep\n|turn|31\n|\n|t:|1700746463\n|move|p2a: Palkia|Fire Blast|p1a: Arceus\n|-damage|p1a: Arceus|62\/100\n|move|p1a: Arceus|Cosmic Power|p1a: Arceus\n|-boost|p1a: Arceus|def|1\n|-boost|p1a: Arceus|spd|1\n|\n|upkeep\n|turn|32\n|\n|t:|1700746465\n|move|p2a: Palkia|Hydro Pump|p1a: Arceus\n|-damage|p1a: Arceus|47\/100\n|move|p1a: Arceus|Recover|p1a: Arceus\n|-heal|p1a: Arceus|97\/100\n|\n|upkeep\n|turn|33\n|\n|t:|1700746467\n|move|p2a: Palkia|Hydro Pump|p1a: Arceus\n|-damage|p1a: Arceus|84\/100\n|move|p1a: Arceus|Stored Power|p2a: Palkia\n|-end|p2a: Palkia|Substitute\n|\n|upkeep\n|turn|34\n|\n|t:|1700746469\n|move|p2a: Palkia|Draco Meteor|p1a: Arceus\n|-damage|p1a: Arceus|68\/100\n|-unboost|p2a: Palkia|spa|2\n|move|p1a: Arceus|Stored Power|p2a: Palkia\n|-damage|p2a: Palkia|0 fnt\n|faint|p2a: Palkia\n|\n|upkeep\n|\n|t:|1700746472\n|switch|p2a: Magearna|Magearna|75\/100 par\n|turn|35\n|\n|t:|1700746474\n|move|p1a: Arceus|Taunt|p2a: Magearna\n|-start|p2a: Magearna|move: Taunt\n|move|p2a: Magearna|Draining Kiss|p1a: Arceus\n|-damage|p1a: Arceus|64\/100\n|-heal|p2a: Magearna|78\/100 par|[from] drain|[of] p1a: Arceus\n|\n|-heal|p2a: Magearna|84\/100 par|[from] item: Leftovers\n|upkeep\n|turn|36\n|\n|t:|1700746475\n|move|p1a: Arceus|Stored Power|p2a: Magearna\n|-resisted|p2a: Magearna\n|-damage|p2a: Magearna|34\/100 par\n|move|p2a: Magearna|Draining Kiss|p1a: Arceus\n|-damage|p1a: Arceus|61\/100\n|-heal|p2a: Magearna|38\/100 par|[from] drain|[of] p1a: Arceus\n|\n|-heal|p2a: Magearna|44\/100 par|[from] item: Leftovers\n|upkeep\n|turn|37\n|\n|t:|1700746477\n|move|p1a: Arceus|Stored Power|p2a: Magearna\n|-resisted|p2a: Magearna\n|-crit|p2a: Magearna\n|-damage|p2a: Magearna|0 fnt\n|faint|p2a: Magearna\n|\n|upkeep\n|\n|t:|1700746479\n|switch|p2a: Cyclizar|Cyclizar, M|92\/100\n|turn|38\n|\n|t:|1700746481\n|move|p2a: Cyclizar|Draco Meteor|p1a: Arceus\n|-damage|p1a: Arceus|54\/100\n|-unboost|p2a: Cyclizar|spa|2\n|move|p1a: Arceus|Stored Power|p2a: Cyclizar\n|-crit|p2a: Cyclizar\n|-damage|p2a: Cyclizar|0 fnt\n|faint|p2a: Cyclizar\n|\n|win|Aipom Hoshino\n|c|\u2606Aipom Hoshino|gg\n","uploadtime":1700746490,"views":16,"p1id":"aipomhoshino","p2id":"whaud","formatid":"gen9ubers","rating":0,"private":0,"password":""}