{"id":"gen9ubers-1969084458","p1":"Nerdiestyt","p2":"dingusmkyeetus","format":"[Gen 9] Ubers","log":"|j|\u2606Nerdiestyt\n|j|\u203ddingusmkyeetus\n|t:|1697488630\n|gametype|singles\n|player|p1|Nerdiestyt|102|\n|player|p2|dingusmkyeetus|acetrainerf-gen4dp|\n|teamsize|p1|6\n|teamsize|p2|6\n|gen|9\n|tier|[Gen 9] Ubers\n|rule|Sleep Clause Mod: Limit one foe put to sleep\n|rule|Species Clause: Limit one of each Pok\u00e9mon\n|rule|OHKO Clause: OHKO moves are banned\n|rule|Evasion Items Clause: Evasion items are banned\n|rule|Evasion Moves Clause: Evasion moves are banned\n|rule|Endless Battle Clause: Forcing endless battles is banned\n|rule|HP Percentage Mod: HP is shown in percentages\n|clearpoke\n|poke|p1|Chi-Yu|\n|poke|p1|Arceus-Fire|\n|poke|p1|Shaymin-Sky|\n|poke|p1|Volcarona, F|\n|poke|p1|Ogerpon-Wellspring, F|\n|poke|p1|Iron Moth|\n|poke|p2|Sneasler, F|\n|poke|p2|Palkia-Origin|\n|poke|p2|Gliscor, M|\n|poke|p2|Arceus-Fire|\n|poke|p2|Grimmsnarl, M|\n|poke|p2|Cyclizar, F|\n|teampreview\n|inactive|Battle timer is ON: inactive players will automatically lose when time's up. (requested by dingusmkyeetus)\n|\n|t:|1697488640\n|start\n|switch|p1a: Shaymin|Shaymin-Sky|100\/100\n|switch|p2a: Gliscor|Gliscor, M|100\/100\n|turn|1\n|\n|t:|1697488660\n|-terastallize|p2a: Gliscor|Grass\n|move|p1a: Shaymin|Sunny Day|p1a: Shaymin\n|-weather|SunnyDay\n|move|p2a: Gliscor|Toxic Spikes|p1a: Shaymin\n|-sidestart|p1: Nerdiestyt|move: Toxic Spikes\n|\n|-weather|SunnyDay|[upkeep]\n|-status|p2a: Gliscor|tox|[from] item: Toxic Orb\n|upkeep\n|turn|2\n|\n|t:|1697488668\n|move|p1a: Shaymin|Air Slash|p2a: Gliscor\n|-supereffective|p2a: Gliscor\n|-damage|p2a: Gliscor|0 fnt\n|faint|p2a: Gliscor\n|-damage|p1a: Shaymin|91\/100|[from] item: Life Orb\n|\n|-weather|SunnyDay|[upkeep]\n|upkeep\n|\n|t:|1697488684\n|switch|p2a: Cyclizar|Cyclizar, F|100\/100\n|turn|3\n|inactive|Nerdiestyt has 270 seconds left.\n|l|\u2606Nerdiestyt\n|inactive|Nerdiestyt disconnected and has 300 seconds to reconnect!\n|player|p1|\n|inactive|Nerdiestyt has 270 seconds to reconnect!\n|inactive|Nerdiestyt has 240 seconds to reconnect!\n|inactive|Nerdiestyt has 210 seconds to reconnect!\n|j|\u2606Nerdiestyt\n|inactive|Nerdiestyt reconnected and has 270 seconds left.\n|player|p1|Nerdiestyt|102\n|\n|t:|1697488834\n|move|p2a: Cyclizar|Shed Tail|p2a: Cyclizar\n|-start|p2a: Cyclizar|Substitute|[from] move: Shed Tail\n|-damage|p2a: Cyclizar|50\/100\n|-enditem|p2a: Cyclizar|Sitrus Berry|[eat]\n|-heal|p2a: Cyclizar|75\/100|[from] item: Sitrus Berry\n|\n|t:|1697488844\n|switch|p2a: Arceus|Arceus-Fire|100\/100|[from] Shed Tail\n|move|p1a: Shaymin|Air Slash|p2a: Arceus\n|-end|p2a: Arceus|Substitute\n|-damage|p1a: Shaymin|81\/100|[from] item: Life Orb\n|\n|-weather|SunnyDay|[upkeep]\n|upkeep\n|turn|4\n|inactive|Nerdiestyt has 270 seconds left.\n|\n|t:|1697488858\n|move|p2a: Arceus|Judgment|p1a: Shaymin\n|-supereffective|p1a: Shaymin\n|-damage|p1a: Shaymin|0 fnt\n|faint|p1a: Shaymin\n|\n|-weather|SunnyDay|[upkeep]\n|upkeep\n|l|\u2606Nerdiestyt\n|inactive|Nerdiestyt disconnected and has 190 seconds to reconnect!\n|player|p1|\n|inactive|Nerdiestyt has 180 seconds to reconnect!\n|j|\u2606Nerdiestyt\n|inactive|Nerdiestyt reconnected and has 270 seconds left.\n|player|p1|Nerdiestyt|102\n|\n|t:|1697488917\n|switch|p1a: Iron Moth|Iron Moth|100\/100\n|-sideend|p1: Nerdiestyt|move: Toxic Spikes|[of] p1a: Iron Moth\n|turn|5\n|\n|t:|1697488924\n|move|p2a: Arceus|Surf|p1a: Iron Moth\n|-supereffective|p1a: Iron Moth\n|-damage|p1a: Iron Moth|71\/100\n|move|p1a: Iron Moth|Sludge Wave|p2a: Arceus\n|-damage|p2a: Arceus|59\/100\n|\n|-weather|none\n|upkeep\n|turn|6\n|\n|t:|1697488940\n|-terastallize|p1a: Iron Moth|Fairy\n|move|p2a: Arceus|Recover|p2a: Arceus\n|-heal|p2a: Arceus|100\/100\n|move|p1a: Iron Moth|Sludge Wave|p2a: Arceus\n|-damage|p2a: Arceus|62\/100\n|\n|upkeep\n|turn|7\n|\n|t:|1697488950\n|move|p2a: Arceus|Calm Mind|p2a: Arceus\n|-boost|p2a: Arceus|spa|1\n|-boost|p2a: Arceus|spd|1\n|move|p1a: Iron Moth|Sludge Wave|p2a: Arceus\n|-damage|p2a: Arceus|35\/100\n|\n|upkeep\n|turn|8\n|\n|t:|1697488961\n|-end|p1a: Iron Moth|Quark Drive|[silent]\n|switch|p1a: Ogerpon|Ogerpon-Wellspring, F|100\/100\n|move|p2a: Arceus|Recover|p2a: Arceus\n|-heal|p2a: Arceus|85\/100\n|\n|upkeep\n|turn|9\n|inactive|Nerdiestyt has 270 seconds left.\n|\n|t:|1697488970\n|move|p2a: Arceus|Judgment|p1a: Ogerpon\n|-damage|p1a: Ogerpon|16\/100\n|move|p1a: Ogerpon|Ivy Cudgel|p2a: Arceus\n|-supereffective|p2a: Arceus\n|-damage|p2a: Arceus|0 fnt\n|faint|p2a: Arceus\n|\n|upkeep\n|\n|t:|1697488981\n|switch|p2a: Palkia|Palkia-Origin, shiny|100\/100\n|-ability|p2a: Palkia|Pressure\n|turn|10\n|\n|t:|1697488994\n|switch|p1a: Volcarona|Volcarona, F|100\/100\n|move|p2a: Palkia|Spacial Rend|p1a: Volcarona\n|-damage|p1a: Volcarona|38\/100\n|\n|upkeep\n|turn|11\n|\n|t:|1697489004\n|move|p2a: Palkia|Surf|p1a: Volcarona\n|-supereffective|p1a: Volcarona\n|-damage|p1a: Volcarona|0 fnt\n|faint|p1a: Volcarona\n|\n|upkeep\n|\n|t:|1697489008\n|switch|p1a: Iron Moth|Iron Moth, tera:Fairy|71\/100\n|turn|12\n|\n|t:|1697489015\n|move|p2a: Palkia|Protect|p2a: Palkia\n|-singleturn|p2a: Palkia|Protect\n|move|p1a: Iron Moth|Dazzling Gleam|p2a: Palkia\n|-activate|p2a: Palkia|move: Protect\n|\n|upkeep\n|turn|13\n|\n|t:|1697489028\n|switch|p2a: Grimmsnarl|Grimmsnarl, M, shiny|100\/100\n|move|p1a: Iron Moth|Dazzling Gleam|p2a: Grimmsnarl\n|-supereffective|p2a: Grimmsnarl\n|-damage|p2a: Grimmsnarl|38\/100\n|\n|upkeep\n|turn|14\n|\n|t:|1697489039\n|move|p2a: Grimmsnarl|Light Screen|p2a: Grimmsnarl\n|-sidestart|p2: dingusmkyeetus|move: Light Screen\n|move|p1a: Iron Moth|Dazzling Gleam|p2a: Grimmsnarl\n|-supereffective|p2a: Grimmsnarl\n|-damage|p2a: Grimmsnarl|5\/100\n|\n|upkeep\n|turn|15\n|\n|t:|1697489044\n|move|p2a: Grimmsnarl|Reflect|p2a: Grimmsnarl\n|-sidestart|p2: dingusmkyeetus|Reflect\n|move|p1a: Iron Moth|Sludge Wave|p2a: Grimmsnarl\n|-supereffective|p2a: Grimmsnarl\n|-damage|p2a: Grimmsnarl|0 fnt\n|faint|p2a: Grimmsnarl\n|\n|upkeep\n|\n|t:|1697489056\n|switch|p2a: Sneasler|Sneasler, F|100\/100\n|turn|16\n|\n|t:|1697489062\n|move|p2a: Sneasler|Protect|p2a: Sneasler\n|-singleturn|p2a: Sneasler|Protect\n|move|p1a: Iron Moth|Dazzling Gleam|p2a: Sneasler\n|-activate|p2a: Sneasler|move: Protect\n|\n|upkeep\n|turn|17\n|\n|t:|1697489068\n|move|p1a: Iron Moth|Dazzling Gleam|p2a: Sneasler\n|-damage|p2a: Sneasler|73\/100\n|move|p2a: Sneasler|Dire Claw|p1a: Iron Moth\n|-supereffective|p1a: Iron Moth\n|-damage|p1a: Iron Moth|0 fnt\n|faint|p1a: Iron Moth\n|-end|p1a: Iron Moth|Quark Drive|[silent]\n|\n|upkeep\n|\n|t:|1697489075\n|switch|p1a: Arceus|Arceus-Fire|100\/100\n|turn|18\n|\n|t:|1697489079\n|move|p2a: Sneasler|Close Combat|p1a: Arceus\n|-damage|p1a: Arceus|63\/100\n|-unboost|p2a: Sneasler|def|1\n|-unboost|p2a: Sneasler|spd|1\n|-enditem|p2a: Sneasler|White Herb\n|-clearnegativeboost|p2a: Sneasler|[silent]\n|move|p1a: Arceus|Flare Blitz|p2a: Sneasler\n|-damage|p2a: Sneasler|15\/100\n|-damage|p1a: Arceus|47\/100|[from] Recoil\n|\n|upkeep\n|turn|19\n|inactive|dingusmkyeetus has 270 seconds left.\n|\n|t:|1697489110\n|move|p2a: Sneasler|Acrobatics|p1a: Arceus\n|-damage|p1a: Arceus|25\/100\n|move|p1a: Arceus|Flare Blitz|p2a: Sneasler\n|-damage|p2a: Sneasler|0 fnt\n|faint|p2a: Sneasler\n|-damage|p1a: Arceus|21\/100|[from] Recoil\n|\n|upkeep\n|inactive|dingusmkyeetus has 270 seconds left.\n|\n|t:|1697489126\n|switch|p2a: Palkia|Palkia-Origin, shiny|100\/100\n|-ability|p2a: Palkia|Pressure\n|turn|20\n|\n|t:|1697489134\n|move|p2a: Palkia|Surf|p1a: Arceus\n|-supereffective|p1a: Arceus\n|-damage|p1a: Arceus|0 fnt\n|faint|p1a: Arceus\n|\n|upkeep\n|\n|t:|1697489141\n|switch|p1a: Chi-Yu|Chi-Yu|100\/100\n|-ability|p1a: Chi-Yu|Beads of Ruin\n|turn|21\n|\n|t:|1697489148\n|move|p1a: Chi-Yu|Dark Pulse|p2a: Palkia\n|-damage|p2a: Palkia|76\/100\n|move|p2a: Palkia|Surf|p1a: Chi-Yu\n|-supereffective|p1a: Chi-Yu\n|-damage|p1a: Chi-Yu|0 fnt\n|faint|p1a: Chi-Yu\n|\n|-sideend|p2: dingusmkyeetus|move: Light Screen\n|upkeep\n|\n|t:|1697489152\n|switch|p1a: Ogerpon|Ogerpon-Wellspring, F|16\/100\n|turn|22\n|\n|t:|1697489157\n|move|p2a: Palkia|Spacial Rend|p1a: Ogerpon\n|-damage|p1a: Ogerpon|0 fnt\n|faint|p1a: Ogerpon\n|\n|win|dingusmkyeetus\n","uploadtime":1697489172,"views":8,"p1id":"nerdiestyt","p2id":"dingusmkyeetus","formatid":"gen9ubers","rating":0,"private":0,"password":""}