{"id":"gen9ubers-1983464051","p1":"Gaara1","p2":"AubreyOmori1","format":"[Gen 9] Ubers","log":"|j|\u2606Gaara1\n|j|\u2606AubreyOmori1\n|t:|1699132880\n|gametype|singles\n|player|p1|Gaara1|ghetsis-gen5bw|1246\n|player|p2|AubreyOmori1|roxie|1369\n|teamsize|p1|6\n|teamsize|p2|6\n|gen|9\n|tier|[Gen 9] Ubers\n|rated|\n|rule|Sleep Clause Mod: Limit one foe put to sleep\n|rule|Species Clause: Limit one of each Pok\u00e9mon\n|rule|OHKO Clause: OHKO moves are banned\n|rule|Evasion Items Clause: Evasion items are banned\n|rule|Evasion Moves Clause: Evasion moves are banned\n|rule|Endless Battle Clause: Forcing endless battles is banned\n|rule|HP Percentage Mod: HP is shown in percentages\n|clearpoke\n|poke|p1|Glimmora, M|\n|poke|p1|Koraidon|\n|poke|p1|Zacian-*|\n|poke|p1|Garchomp, M|\n|poke|p1|Pelipper, M|\n|poke|p1|Basculegion, M|\n|poke|p2|Ribombee, F|\n|poke|p2|Arceus|\n|poke|p2|Miraidon|\n|poke|p2|Zacian-*|\n|poke|p2|Koraidon|\n|poke|p2|Flutter Mane|\n|teampreview\n|inactive|Battle timer is ON: inactive players will automatically lose when time's up. (requested by Gaara1)\n|\n|t:|1699132889\n|start\n|switch|p1a: Fast & Furious|Koraidon|100\/100\n|switch|p2a: Yoshi|Koraidon|100\/100\n|-weather|SunnyDay|[from] ability: Orichalcum Pulse|[of] p2a: Yoshi\n|-activate|p2a: Yoshi|Orichalcum Pulse|[source]\n|-activate|p1a: Fast & Furious|ability: Orichalcum Pulse\n|turn|1\n|\n|t:|1699132898\n|move|p2a: Yoshi|Scale Shot|p1a: Fast & Furious\n|-supereffective|p1a: Fast & Furious\n|-damage|p1a: Fast & Furious|71\/100\n|-supereffective|p1a: Fast & Furious\n|-crit|p1a: Fast & Furious\n|-damage|p1a: Fast & Furious|28\/100\n|-supereffective|p1a: Fast & Furious\n|-damage|p1a: Fast & Furious|1\/100\n|-supereffective|p1a: Fast & Furious\n|-damage|p1a: Fast & Furious|0 fnt\n|faint|p1a: Fast & Furious\n|-hitcount|p1: Fast & Furious|4\n|-unboost|p2a: Yoshi|def|1\n|-boost|p2a: Yoshi|spe|1\n|\n|-weather|SunnyDay|[upkeep]\n|upkeep\n|\n|t:|1699132911\n|switch|p1a: Poisonous|Glimmora, M, shiny|100\/100\n|turn|2\n|\n|t:|1699132914\n|move|p2a: Yoshi|Scale Shot|p1a: Poisonous\n|-damage|p1a: Poisonous|78\/100\n|-activate|p1a: Poisonous|ability: Toxic Debris\n|-sidestart|p2: AubreyOmori1|move: Toxic Spikes\n|-damage|p1a: Poisonous|58\/100\n|-activate|p1a: Poisonous|ability: Toxic Debris\n|-sidestart|p2: AubreyOmori1|move: Toxic Spikes\n|-damage|p1a: Poisonous|36\/100\n|-damage|p1a: Poisonous|15\/100\n|-damage|p1a: Poisonous|0 fnt\n|faint|p1a: Poisonous\n|-hitcount|p1: Poisonous|5\n|-unboost|p2a: Yoshi|def|1\n|-boost|p2a: Yoshi|spe|1\n|\n|-weather|SunnyDay|[upkeep]\n|upkeep\n|\n|t:|1699132929\n|switch|p1a: Zacian|Zacian-Crowned, shiny|100\/100\n|-ability|p1a: Zacian|Intrepid Sword|boost\n|-boost|p1a: Zacian|atk|1\n|turn|3\n|\n|t:|1699132936\n|move|p2a: Yoshi|Flare Blitz|p1a: Zacian\n|-supereffective|p1a: Zacian\n|-damage|p1a: Zacian|0 fnt\n|faint|p1a: Zacian\n|-damage|p2a: Yoshi|69\/100|[from] Recoil\n|\n|-weather|SunnyDay|[upkeep]\n|upkeep\n|\n|t:|1699132943\n|switch|p1a: Cynthia|Garchomp, M, shiny|100\/100\n|turn|4\n|\n|t:|1699132946\n|move|p2a: Yoshi|Scale Shot|p1a: Cynthia\n|-supereffective|p1a: Cynthia\n|-damage|p1a: Cynthia|65\/100\n|-supereffective|p1a: Cynthia\n|-damage|p1a: Cynthia|30\/100\n|-supereffective|p1a: Cynthia\n|-damage|p1a: Cynthia|0 fnt\n|faint|p1a: Cynthia\n|-hitcount|p1: Cynthia|3\n|-unboost|p2a: Yoshi|def|1\n|-boost|p2a: Yoshi|spe|1\n|\n|-weather|SunnyDay|[upkeep]\n|upkeep\n|\n|t:|1699132957\n|switch|p1a: Let it rain|Pelipper, M, shiny|100\/100\n|-weather|RainDance|[from] ability: Drizzle|[of] p1a: Let it rain\n|turn|5\n|c|\u2606AubreyOmori1|should've had rocky helmet or rough skin\n|\n|t:|1699132962\n|move|p2a: Yoshi|Scale Shot|p1a: Let it rain\n|-damage|p1a: Let it rain|84\/100\n|-damage|p1a: Let it rain|67\/100\n|-damage|p1a: Let it rain|50\/100\n|-damage|p1a: Let it rain|33\/100\n|-damage|p1a: Let it rain|15\/100\n|-hitcount|p1a: Let it rain|5\n|-unboost|p2a: Yoshi|def|1\n|-boost|p2a: Yoshi|spe|1\n|move|p1a: Let it rain|Tailwind|p1a: Let it rain\n|-sidestart|p1: Gaara1|move: Tailwind\n|\n|-weather|RainDance|[upkeep]\n|upkeep\n|turn|6\n|\n|t:|1699132974\n|move|p2a: Yoshi|Scale Shot|p1a: Let it rain\n|-damage|p1a: Let it rain|0 fnt\n|faint|p1a: Let it rain\n|-hitcount|p1: Let it rain|1\n|-unboost|p2a: Yoshi|def|1\n|-boost|p2a: Yoshi|spe|1\n|\n|-weather|RainDance|[upkeep]\n|upkeep\n|\n|t:|1699132981\n|switch|p1a: Last Respects|Basculegion, M, shiny|100\/100\n|turn|7\n|\n|t:|1699132984\n|-terastallize|p1a: Last Respects|Fairy\n|move|p2a: Yoshi|Scale Shot|p1a: Last Respects\n|-immune|p1a: Last Respects\n|move|p1a: Last Respects|Last Respects|p2a: Yoshi\n|-damage|p2a: Yoshi|0 fnt\n|faint|p2a: Yoshi\n|\n|-weather|RainDance|[upkeep]\n|upkeep\n|\n|t:|1699132988\n|switch|p2a: Hero|Zacian-Crowned, shiny|100\/100\n|-ability|p2a: Hero|Intrepid Sword|boost\n|-boost|p2a: Hero|atk|1\n|turn|8\n|\n|t:|1699132995\n|switch|p2a: Robot Flower|Miraidon|100\/100\n|-status|p2a: Robot Flower|tox\n|-fieldstart|move: Electric Terrain|[from] ability: Hadron Engine|[of] p2a: Robot Flower\n|move|p1a: Last Respects|Last Respects|p2a: Robot Flower\n|-damage|p2a: Robot Flower|0 fnt\n|faint|p2a: Robot Flower\n|\n|-weather|RainDance|[upkeep]\n|-sideend|p1: Gaara1|move: Tailwind\n|upkeep\n|\n|t:|1699133002\n|switch|p2a: Shaggy|Arceus|100\/100\n|-status|p2a: Shaggy|tox\n|turn|9\n|\n|t:|1699133010\n|-terastallize|p2a: Shaggy|Normal\n|move|p2a: Shaggy|Extreme Speed|p1a: Last Respects\n|-damage|p1a: Last Respects|14\/100\n|move|p1a: Last Respects|Wave Crash|p2a: Shaggy\n|-damage|p2a: Shaggy|41\/100 tox\n|-damage|p1a: Last Respects|0 fnt|[from] Recoil\n|faint|p1a: Last Respects\n|\n|win|AubreyOmori1\n|raw|Gaara1's rating: 1246 &rarr; <strong>1229<\/strong><br \/>(-17 for losing)\n|raw|AubreyOmori1's rating: 1369 &rarr; <strong>1382<\/strong><br \/>(+13 for winning)\n","uploadtime":1699133019,"views":4,"p1id":"gaara1","p2id":"aubreyomori1","formatid":"gen9ubers","rating":1229,"private":0,"password":""}