{"id":"gen9ubers-1972368871","p1":"Uubers account","p2":"IspamObjection","format":"[Gen 9] Ubers","log":"|j|\u2606Uubers account\n|j|\u2606IspamObjection\n|t:|1697835590\n|gametype|singles\n|player|p1|Uubers account|265|\n|player|p2|IspamObjection|lance-gen2|\n|teamsize|p1|6\n|teamsize|p2|6\n|gen|9\n|tier|[Gen 9] Ubers\n|rule|Sleep Clause Mod: Limit one foe put to sleep\n|rule|Species Clause: Limit one of each Pok\u00e9mon\n|rule|OHKO Clause: OHKO moves are banned\n|rule|Evasion Items Clause: Evasion items are banned\n|rule|Evasion Moves Clause: Evasion moves are banned\n|rule|Endless Battle Clause: Forcing endless battles is banned\n|rule|HP Percentage Mod: HP is shown in percentages\n|clearpoke\n|poke|p1|Palkia-Origin|\n|poke|p1|Magearna|\n|poke|p1|Zacian-*|\n|poke|p1|Cyclizar, M|\n|poke|p1|Chi-Yu|\n|poke|p1|Basculegion-F, F|\n|poke|p2|Dondozo, F|\n|poke|p2|Blissey, F|\n|poke|p2|Giratina|\n|poke|p2|Magearna|\n|poke|p2|Arceus-Dark|\n|poke|p2|Cresselia, F|\n|teampreview\n|c|\u2606Uubers account|glhf\n|\n|t:|1697835613\n|start\n|switch|p1a: Magearna|Magearna|100\/100\n|switch|p2a: Blissey|Blissey, F|100\/100\n|turn|1\n|\n|t:|1697835620\n|move|p1a: Magearna|Spikes|p2a: Blissey\n|-sidestart|p2: IspamObjection|Spikes\n|move|p2a: Blissey|Stealth Rock|p1a: Magearna\n|-sidestart|p1: Uubers account|move: Stealth Rock\n|\n|upkeep\n|turn|2\n|\n|t:|1697835624\n|move|p1a: Magearna|Spikes|p2a: Blissey\n|-sidestart|p2: IspamObjection|Spikes\n|move|p2a: Blissey|Thunder Wave|p1a: Magearna\n|-status|p1a: Magearna|par\n|\n|upkeep\n|turn|3\n|\n|t:|1697835635\n|switch|p2a: Magearna|Magearna|100\/100\n|-damage|p2a: Magearna|84\/100|[from] Spikes\n|move|p1a: Magearna|Spikes|p2a: Magearna\n|-sidestart|p2: IspamObjection|Spikes\n|\n|-heal|p2a: Magearna|90\/100|[from] item: Leftovers\n|upkeep\n|turn|4\n|\n|t:|1697835643\n|move|p2a: Magearna|Spikes|p1a: Magearna\n|-sidestart|p1: Uubers account|Spikes\n|move|p1a: Magearna|Thunder Wave|p2a: Magearna|[miss]\n|-miss|p1a: Magearna|p2a: Magearna\n|\n|-heal|p2a: Magearna|96\/100|[from] item: Leftovers\n|upkeep\n|turn|5\n|\n|t:|1697835648\n|move|p2a: Magearna|Spikes|p1a: Magearna\n|-sidestart|p1: Uubers account|Spikes\n|move|p1a: Magearna|Thunder Wave|p2a: Magearna\n|-status|p2a: Magearna|par\n|\n|-heal|p2a: Magearna|100\/100 par|[from] item: Leftovers\n|upkeep\n|turn|6\n|\n|t:|1697835676\n|cant|p2a: Magearna|par\n|move|p1a: Magearna|Volt Switch|p2a: Magearna\n|-damage|p2a: Magearna|87\/100 par\n|\n|t:|1697835682\n|switch|p1a: Cyclizar|Cyclizar, M|100\/100|[from] Volt Switch\n|\n|-heal|p2a: Magearna|93\/100 par|[from] item: Leftovers\n|upkeep\n|turn|7\n|\n|t:|1697835703\n|switch|p2a: Giratina|Giratina, shiny|100\/100\n|-damage|p2a: Giratina|75\/100|[from] Spikes\n|-ability|p2a: Giratina|Pressure\n|move|p1a: Cyclizar|Knock Off|p2a: Giratina\n|-supereffective|p2a: Giratina\n|-damage|p2a: Giratina|56\/100\n|-enditem|p2a: Giratina|Leftovers|[from] move: Knock Off|[of] p1a: Cyclizar\n|\n|upkeep\n|turn|8\n|\n|t:|1697835713\n|move|p1a: Cyclizar|Shed Tail|p1a: Cyclizar\n|-start|p1a: Cyclizar|Substitute|[from] move: Shed Tail\n|-damage|p1a: Cyclizar|50\/100\n|\n|t:|1697835721\n|switch|p1a: Zacian|Zacian|100\/100|[from] Shed Tail\n|-ability|p1a: Zacian|Intrepid Sword|boost\n|-boost|p1a: Zacian|atk|1\n|move|p2a: Giratina|Roar|p1a: Zacian\n|drag|p1a: Basculegion|Basculegion-F, F|100\/100\n|-damage|p1a: Basculegion|88\/100|[from] Stealth Rock\n|-damage|p1a: Basculegion|72\/100|[from] Spikes\n|\n|upkeep\n|turn|9\n|\n|t:|1697835734\n|move|p1a: Basculegion|Flip Turn|p2a: Giratina\n|-resisted|p2a: Giratina\n|-damage|p2a: Giratina|48\/100\n|\n|t:|1697835743\n|switch|p1a: Cyclizar|Cyclizar, M|84\/100|[from] Flip Turn\n|move|p2a: Giratina|Will-O-Wisp|p1a: Cyclizar\n|-status|p1a: Cyclizar|brn\n|\n|-damage|p1a: Cyclizar|78\/100 brn|[from] brn\n|upkeep\n|turn|10\n|\n|t:|1697835763\n|move|p1a: Cyclizar|Taunt|p2a: Giratina\n|-start|p2a: Giratina|move: Taunt\n|cant|p2a: Giratina|move: Taunt|Rest\n|\n|-damage|p1a: Cyclizar|71\/100 brn|[from] brn\n|upkeep\n|turn|11\n|\n|t:|1697835785\n|switch|p2a: Arceus|Arceus-Dark|100\/100\n|-damage|p2a: Arceus|76\/100|[from] Spikes\n|move|p1a: Cyclizar|Shed Tail|p1a: Cyclizar\n|-start|p1a: Cyclizar|Substitute|[from] move: Shed Tail\n|-damage|p1a: Cyclizar|21\/100 brn\n|\n|t:|1697835816\n|switch|p1a: Zacian|Zacian|100\/100|[from] Shed Tail\n|\n|upkeep\n|turn|12\n|\n|t:|1697835825\n|move|p1a: Zacian|Play Rough|p2a: Arceus\n|-supereffective|p2a: Arceus\n|-damage|p2a: Arceus|31\/100\n|move|p2a: Arceus|Roar|p1a: Zacian\n|drag|p1a: Magearna|Magearna|100\/100 par\n|-damage|p1a: Magearna|94\/100 par|[from] Stealth Rock\n|-damage|p1a: Magearna|78\/100 par|[from] Spikes\n|\n|-heal|p1a: Magearna|84\/100 par|[from] item: Leftovers\n|upkeep\n|turn|13\n|\n|t:|1697835836\n|move|p2a: Arceus|Recover|p2a: Arceus\n|-heal|p2a: Arceus|81\/100\n|move|p1a: Magearna|Thunder Wave|p2a: Arceus\n|-status|p2a: Arceus|par\n|\n|-heal|p1a: Magearna|90\/100 par|[from] item: Leftovers\n|upkeep\n|turn|14\n|\n|t:|1697835879\n|move|p1a: Magearna|Fleur Cannon|p2a: Arceus\n|-supereffective|p2a: Arceus\n|-damage|p2a: Arceus|4\/100 par\n|-unboost|p1a: Magearna|spa|2\n|cant|p2a: Arceus|par\n|\n|-heal|p1a: Magearna|96\/100 par|[from] item: Leftovers\n|upkeep\n|turn|15\n|\n|t:|1697835889\n|cant|p2a: Arceus|par\n|move|p1a: Magearna|Volt Switch|p2a: Arceus\n|-damage|p2a: Arceus|0 fnt\n|faint|p2a: Arceus\n|-ability|p1a: Magearna|Soul-Heart|boost\n|-boost|p1a: Magearna|spa|1\n|\n|t:|1697835898\n|switch|p1a: Cyclizar|Cyclizar, M|55\/100 brn|[from] Volt Switch\n|\n|-damage|p1a: Cyclizar|48\/100 brn|[from] brn\n|upkeep\n|\n|t:|1697835915\n|switch|p2a: Magearna|Magearna|93\/100 par\n|-damage|p2a: Magearna|68\/100 par|[from] Spikes\n|turn|16\n|\n|t:|1697835920\n|move|p1a: Cyclizar|Rapid Spin|p2a: Magearna\n|-resisted|p2a: Magearna\n|-damage|p2a: Magearna|64\/100 par\n|-boost|p1a: Cyclizar|spe|1\n|-sideend|p1: Uubers account|Spikes|[from] move: Rapid Spin|[of] p1a: Cyclizar\n|-sideend|p1: Uubers account|Stealth Rock|[from] move: Rapid Spin|[of] p1a: Cyclizar\n|move|p2a: Magearna|Spikes|p1a: Cyclizar\n|-sidestart|p1: Uubers account|Spikes\n|\n|-heal|p2a: Magearna|70\/100 par|[from] item: Leftovers\n|-damage|p1a: Cyclizar|42\/100 brn|[from] brn\n|upkeep\n|turn|17\n|\n|t:|1697835935\n|move|p1a: Cyclizar|Taunt|p2a: Magearna\n|-start|p2a: Magearna|move: Taunt\n|cant|p2a: Magearna|par\n|\n|-heal|p2a: Magearna|76\/100 par|[from] item: Leftovers\n|-damage|p1a: Cyclizar|36\/100 brn|[from] brn\n|upkeep\n|turn|18\n|\n|t:|1697835940\n|move|p1a: Cyclizar|Knock Off|p2a: Magearna\n|-resisted|p2a: Magearna\n|-damage|p2a: Magearna|72\/100 par\n|-enditem|p2a: Magearna|Leftovers|[from] move: Knock Off|[of] p1a: Cyclizar\n|move|p2a: Magearna|Draining Kiss|p1a: Cyclizar\n|-supereffective|p1a: Cyclizar\n|-damage|p1a: Cyclizar|0 fnt\n|-heal|p2a: Magearna|97\/100 par|[from] drain|[of] p1a: Cyclizar\n|faint|p1a: Cyclizar\n|-ability|p2a: Magearna|Soul-Heart|boost\n|-boost|p2a: Magearna|spa|1\n|\n|upkeep\n|\n|t:|1697835941\n|switch|p1a: Palkia|Palkia-Origin|100\/100\n|-damage|p1a: Palkia|88\/100|[from] Spikes\n|-ability|p1a: Palkia|Pressure\n|turn|19\n|\n|t:|1697835952\n|move|p1a: Palkia|Substitute|p1a: Palkia\n|-start|p1a: Palkia|Substitute\n|-damage|p1a: Palkia|63\/100\n|move|p2a: Magearna|Draining Kiss|p1a: Palkia\n|-supereffective|p1a: Palkia\n|-end|p1a: Palkia|Substitute\n|-heal|p2a: Magearna|100\/100 par|[from] drain|[of] p1a: Palkia\n|\n|-end|p2a: Magearna|move: Taunt\n|upkeep\n|turn|20\n|\n|t:|1697835962\n|move|p1a: Palkia|Substitute|p1a: Palkia\n|-start|p1a: Palkia|Substitute\n|-damage|p1a: Palkia|38\/100\n|move|p2a: Magearna|Draining Kiss|p1a: Palkia\n|-supereffective|p1a: Palkia\n|-end|p1a: Palkia|Substitute\n|\n|upkeep\n|turn|21\n|\n|t:|1697835967\n|move|p1a: Palkia|Substitute|p1a: Palkia\n|-start|p1a: Palkia|Substitute\n|-damage|p1a: Palkia|13\/100\n|move|p2a: Magearna|Draining Kiss|p1a: Palkia\n|-supereffective|p1a: Palkia\n|-end|p1a: Palkia|Substitute\n|\n|upkeep\n|turn|22\n|\n|t:|1697835975\n|move|p1a: Palkia|Hydro Pump|p2a: Magearna\n|-damage|p2a: Magearna|54\/100 par\n|cant|p2a: Magearna|par\n|\n|upkeep\n|turn|23\n|\n|t:|1697835986\n|move|p1a: Palkia|Hydro Pump|p2a: Magearna|[miss]\n|-miss|p1a: Palkia|p2a: Magearna\n|move|p2a: Magearna|Draining Kiss|p1a: Palkia\n|-supereffective|p1a: Palkia\n|-damage|p1a: Palkia|0 fnt\n|-heal|p2a: Magearna|62\/100 par|[from] drain|[of] p1a: Palkia\n|faint|p1a: Palkia\n|-ability|p2a: Magearna|Soul-Heart|boost\n|-boost|p2a: Magearna|spa|1\n|\n|upkeep\n|\n|t:|1697836010\n|switch|p1a: Chi-Yu|Chi-Yu|100\/100\n|-damage|p1a: Chi-Yu|88\/100|[from] Spikes\n|-ability|p1a: Chi-Yu|Beads of Ruin\n|turn|24\n|\n|t:|1697836036\n|-terastallize|p2a: Magearna|Water\n|move|p1a: Chi-Yu|Overheat|p2a: Magearna\n|-resisted|p2a: Magearna\n|-damage|p2a: Magearna|33\/100 par\n|-unboost|p1a: Chi-Yu|spa|2\n|move|p2a: Magearna|Draining Kiss|p1a: Chi-Yu\n|-damage|p1a: Chi-Yu|40\/100\n|-heal|p2a: Magearna|58\/100 par|[from] drain|[of] p1a: Chi-Yu\n|\n|upkeep\n|turn|25\n|\n|t:|1697836066\n|switch|p1a: Zacian|Zacian|100\/100\n|move|p2a: Magearna|Draining Kiss|p1a: Zacian\n|-damage|p1a: Zacian|63\/100\n|-heal|p2a: Magearna|83\/100 par|[from] drain|[of] p1a: Zacian\n|\n|upkeep\n|turn|26\n|\n|t:|1697836076\n|move|p1a: Zacian|Play Rough|p2a: Magearna\n|-damage|p2a: Magearna|47\/100 par\n|move|p2a: Magearna|Thunder Wave|p1a: Zacian\n|-status|p1a: Zacian|par\n|\n|upkeep\n|turn|27\n|\n|t:|1697836084\n|move|p1a: Zacian|Play Rough|p2a: Magearna\n|-damage|p2a: Magearna|11\/100 par\n|move|p2a: Magearna|Draining Kiss|p1a: Zacian\n|-damage|p1a: Zacian|24\/100 par\n|-heal|p2a: Magearna|37\/100 par|[from] drain|[of] p1a: Zacian\n|\n|upkeep\n|turn|28\n|\n|t:|1697836092\n|cant|p1a: Zacian|par\n|move|p2a: Magearna|Draining Kiss|p1a: Zacian\n|-damage|p1a: Zacian|0 fnt\n|-heal|p2a: Magearna|53\/100 par|[from] drain|[of] p1a: Zacian\n|faint|p1a: Zacian\n|-ability|p2a: Magearna|Soul-Heart|boost\n|-boost|p2a: Magearna|spa|1\n|\n|upkeep\n|\n|t:|1697836100\n|switch|p1a: Chi-Yu|Chi-Yu|40\/100\n|-damage|p1a: Chi-Yu|28\/100|[from] Spikes\n|-ability|p1a: Chi-Yu|Beads of Ruin\n|turn|29\n|\n|t:|1697836111\n|move|p1a: Chi-Yu|Dark Pulse|p2a: Magearna\n|-damage|p2a: Magearna|16\/100 par\n|move|p2a: Magearna|Draining Kiss|p1a: Chi-Yu\n|-damage|p1a: Chi-Yu|0 fnt\n|-heal|p2a: Magearna|31\/100 par|[from] drain|[of] p1a: Chi-Yu\n|faint|p1a: Chi-Yu\n|-ability|p2a: Magearna|Soul-Heart|boost\n|-boost|p2a: Magearna|spa|1\n|\n|upkeep\n|\n|t:|1697836132\n|switch|p1a: Basculegion|Basculegion-F, F|72\/100\n|-damage|p1a: Basculegion|59\/100|[from] Spikes\n|turn|30\n|\n|t:|1697836145\n|move|p1a: Basculegion|Last Respects|p2a: Magearna\n|-damage|p2a: Magearna|0 fnt\n|faint|p2a: Magearna\n|\n|upkeep\n|\n|t:|1697836187\n|switch|p2a: Blissey|Blissey, F|100\/100\n|turn|31\n|\n|t:|1697836198\n|switch|p1a: Magearna|Magearna|96\/100 par\n|-damage|p1a: Magearna|84\/100 par|[from] Spikes\n|move|p2a: Blissey|Stealth Rock|p1a: Magearna\n|-sidestart|p1: Uubers account|move: Stealth Rock\n|\n|-heal|p1a: Magearna|90\/100 par|[from] item: Leftovers\n|upkeep\n|turn|32\n|\n|t:|1697836205\n|move|p2a: Blissey|Seismic Toss|p1a: Magearna\n|-damage|p1a: Magearna|62\/100 par\n|cant|p1a: Magearna|par\n|\n|-heal|p1a: Magearna|68\/100 par|[from] item: Leftovers\n|upkeep\n|turn|33\n|\n|t:|1697836210\n|move|p2a: Blissey|Seismic Toss|p1a: Magearna\n|-damage|p1a: Magearna|41\/100 par\n|move|p1a: Magearna|Thunder Wave|p2a: Blissey|[miss]\n|-miss|p1a: Magearna|p2a: Blissey\n|\n|-heal|p1a: Magearna|47\/100 par|[from] item: Leftovers\n|upkeep\n|turn|34\n|\n|t:|1697836217\n|move|p2a: Blissey|Seismic Toss|p1a: Magearna\n|-damage|p1a: Magearna|19\/100 par\n|cant|p1a: Magearna|par\n|\n|-heal|p1a: Magearna|25\/100 par|[from] item: Leftovers\n|upkeep\n|turn|35\n|\n|t:|1697836225\n|move|p2a: Blissey|Seismic Toss|p1a: Magearna\n|-damage|p1a: Magearna|0 fnt\n|faint|p1a: Magearna\n|\n|upkeep\n|\n|t:|1697836227\n|switch|p1a: Basculegion|Basculegion-F, F|59\/100\n|-damage|p1a: Basculegion|47\/100|[from] Spikes\n|-damage|p1a: Basculegion|35\/100|[from] Stealth Rock\n|turn|36\n|\n|t:|1697836235\n|move|p1a: Basculegion|Wave Crash|p2a: Blissey\n|-damage|p2a: Blissey|0 fnt\n|faint|p2a: Blissey\n|-damage|p1a: Basculegion|0 fnt|[from] Recoil\n|faint|p1a: Basculegion\n|\n|win|IspamObjection\n","uploadtime":1697836242,"views":19,"p1id":"uubersaccount","p2id":"ispamobjection","formatid":"gen9ubers","rating":0,"private":0,"password":""}