{"id":"gen9ubers-1980484971","p1":"JohnLongGone","p2":"lolgz","format":"[Gen 9] Ubers","log":"|j|\u2606JohnLongGone\n|j|\u2606lolgz\n|t:|1698789394\n|gametype|singles\n|player|p1|JohnLongGone|caitlin|\n|player|p2|lolgz|169|\n|teamsize|p1|6\n|teamsize|p2|6\n|gen|9\n|tier|[Gen 9] Ubers\n|rule|Sleep Clause Mod: Limit one foe put to sleep\n|rule|Species Clause: Limit one of each Pok\u00e9mon\n|rule|OHKO Clause: OHKO moves are banned\n|rule|Evasion Items Clause: Evasion items are banned\n|rule|Evasion Moves Clause: Evasion moves are banned\n|rule|Endless Battle Clause: Forcing endless battles is banned\n|rule|HP Percentage Mod: HP is shown in percentages\n|clearpoke\n|poke|p1|Hatterene, F|\n|poke|p1|Azelf|\n|poke|p1|Ursaluna, M|\n|poke|p1|Conkeldurr, F|\n|poke|p1|Dialga|\n|poke|p1|Arceus-Grass|\n|poke|p2|Magearna|\n|poke|p2|Zacian-*|\n|poke|p2|Cyclizar, F|\n|poke|p2|Garchomp, F|\n|poke|p2|Volcarona, F|\n|poke|p2|Palkia-Origin|\n|teampreview\n|inactive|Battle timer is ON: inactive players will automatically lose when time's up. (requested by lolgz)\n|\n|t:|1698789419\n|start\n|switch|p1a: Hatterene|Hatterene, F|100\/100\n|switch|p2a: Cyclizar|Cyclizar, F|100\/100\n|turn|1\n|\n|t:|1698789422\n|move|p2a: Cyclizar|Shed Tail|p2a: Cyclizar\n|-start|p2a: Cyclizar|Substitute|[from] move: Shed Tail\n|-damage|p2a: Cyclizar|50\/100\n|\n|t:|1698789426\n|switch|p2a: Volcarona|Volcarona, F|100\/100|[from] Shed Tail\n|move|p1a: Hatterene|Trick Room|p1a: Hatterene\n|-fieldstart|move: Trick Room|[of] p1a: Hatterene\n|\n|upkeep\n|turn|2\n|\n|t:|1698789430\n|move|p1a: Hatterene|Mystical Fire|p2a: Volcarona\n|-end|p2a: Volcarona|Substitute\n|move|p2a: Volcarona|Quiver Dance|p2a: Volcarona\n|-boost|p2a: Volcarona|spa|1\n|-boost|p2a: Volcarona|spd|1\n|-boost|p2a: Volcarona|spe|1\n|\n|upkeep\n|turn|3\n|\n|t:|1698789444\n|switch|p1a: Dialga|Dialga|100\/100\n|-ability|p1a: Dialga|Pressure\n|move|p2a: Volcarona|Bug Buzz|p1a: Dialga\n|-resisted|p1a: Dialga\n|-damage|p1a: Dialga|71\/100\n|-enditem|p1a: Dialga|Eject Button\n|\n|t:|1698789454\n|switch|p1a: Ursaluna|Ursaluna, M|100\/100\n|\n|-status|p1a: Ursaluna|brn|[from] item: Flame Orb\n|upkeep\n|turn|4\n|\n|t:|1698789458\n|-terastallize|p2a: Volcarona|Grass\n|move|p1a: Ursaluna|Headlong Rush|p2a: Volcarona\n|-resisted|p2a: Volcarona\n|-damage|p2a: Volcarona|23\/100\n|-unboost|p1a: Ursaluna|def|1\n|-unboost|p1a: Ursaluna|spd|1\n|move|p2a: Volcarona|Giga Drain|p1a: Ursaluna\n|-supereffective|p1a: Ursaluna\n|-damage|p1a: Ursaluna|0 fnt\n|-heal|p2a: Volcarona|97\/100|[from] drain|[of] p1a: Ursaluna\n|faint|p1a: Ursaluna\n|\n|upkeep\n|\n|t:|1698789467\n|switch|p1a: Fuck You Ursaluna|Conkeldurr, F|100\/100\n|turn|5\n|\n|t:|1698789470\n|move|p1a: Fuck You Ursaluna|Drain Punch|p2a: Volcarona\n|-damage|p2a: Volcarona|28\/100\n|move|p2a: Volcarona|Fiery Dance|p1a: Fuck You Ursaluna\n|-damage|p1a: Fuck You Ursaluna|22\/100\n|\n|-fieldend|move: Trick Room\n|-status|p1a: Fuck You Ursaluna|brn|[from] item: Flame Orb\n|upkeep\n|turn|6\n|\n|t:|1698789475\n|move|p2a: Volcarona|Fiery Dance|p1a: Fuck You Ursaluna\n|-damage|p1a: Fuck You Ursaluna|0 fnt\n|faint|p1a: Fuck You Ursaluna\n|\n|upkeep\n|inactive|JohnLongGone has 270 seconds left.\n|inactive|JohnLongGone has 240 seconds left.\n|\n|t:|1698789563\n|switch|p1a: Hatterene|Hatterene, F|100\/100\n|turn|7\n|\n|t:|1698789567\n|move|p2a: Volcarona|Bug Buzz|p1a: Hatterene\n|-damage|p1a: Hatterene|28\/100\n|move|p1a: Hatterene|Trick Room|p1a: Hatterene\n|-fieldstart|move: Trick Room|[of] p1a: Hatterene\n|\n|upkeep\n|turn|8\n|\n|t:|1698789571\n|move|p1a: Hatterene|Mystical Fire|p2a: Volcarona\n|-supereffective|p2a: Volcarona\n|-damage|p2a: Volcarona|0 fnt\n|faint|p2a: Volcarona\n|\n|upkeep\n|\n|t:|1698789585\n|switch|p2a: Zacian|Zacian|100\/100\n|-ability|p2a: Zacian|Intrepid Sword|boost\n|-boost|p2a: Zacian|atk|1\n|turn|9\n|\n|t:|1698789591\n|move|p1a: Hatterene|Healing Wish|p1a: Hatterene\n|faint|p1a: Hatterene\n|move|p2a: Zacian|Play Rough|p1: Hatterene|[notarget]\n|-fail|p2a: Zacian\n|\n|upkeep\n|\n|t:|1698789595\n|switch|p1a: Dialga|Dialga|71\/100\n|-heal|p1a: Dialga|100\/100|[from] move: Healing Wish\n|-ability|p1a: Dialga|Pressure\n|turn|10\n|\n|t:|1698789605\n|switch|p2a: Garchomp|Garchomp, F|100\/100\n|move|p1a: Dialga|Draco Meteor|p2a: Garchomp\n|-supereffective|p2a: Garchomp\n|-damage|p2a: Garchomp|0 fnt\n|-unboost|p1a: Dialga|spa|2\n|faint|p2a: Garchomp\n|\n|upkeep\n|\n|t:|1698789615\n|switch|p2a: Magearna|Magearna|100\/100\n|turn|11\n|\n|t:|1698789627\n|switch|p1a: Azelf|Azelf|100\/100\n|move|p2a: Magearna|Calm Mind|p2a: Magearna\n|-boost|p2a: Magearna|spa|1\n|-boost|p2a: Magearna|spd|1\n|\n|-fieldend|move: Trick Room\n|upkeep\n|turn|12\n|\n|t:|1698789632\n|move|p1a: Azelf|Taunt|p2a: Magearna\n|-start|p2a: Magearna|move: Taunt\n|cant|p2a: Magearna|move: Taunt|Shift Gear\n|\n|upkeep\n|turn|13\n|\n|t:|1698789635\n|move|p2a: Magearna|Draining Kiss|p1a: Azelf\n|-damage|p1a: Azelf|59\/100\n|move|p1a: Azelf|Trick Room|p1a: Azelf\n|-fieldstart|move: Trick Room|[of] p1a: Azelf\n|\n|upkeep\n|turn|14\n|\n|t:|1698789647\n|move|p2a: Magearna|Draining Kiss|p1a: Azelf\n|-crit|p1a: Azelf\n|-damage|p1a: Azelf|1\/100\n|move|p1a: Azelf|U-turn|p2a: Magearna\n|-resisted|p2a: Magearna\n|-damage|p2a: Magearna|98\/100\n|\n|t:|1698789649\n|switch|p1a: Dialga|Dialga|100\/100|[from] U-turn\n|-ability|p1a: Dialga|Pressure\n|\n|-heal|p2a: Magearna|100\/100|[from] item: Leftovers\n|-end|p2a: Magearna|move: Taunt\n|upkeep\n|turn|15\n|\n|t:|1698789653\n|move|p2a: Magearna|Calm Mind|p2a: Magearna\n|-boost|p2a: Magearna|spa|1\n|-boost|p2a: Magearna|spd|1\n|move|p1a: Dialga|Fire Blast|p2a: Magearna\n|-supereffective|p2a: Magearna\n|-damage|p2a: Magearna|59\/100\n|\n|-heal|p2a: Magearna|65\/100|[from] item: Leftovers\n|upkeep\n|turn|16\n|\n|t:|1698789661\n|move|p2a: Magearna|Draining Kiss|p1a: Dialga\n|-damage|p1a: Dialga|65\/100\n|-heal|p2a: Magearna|95\/100|[from] drain|[of] p1a: Dialga\n|move|p1a: Dialga|Fire Blast|p2a: Magearna\n|-supereffective|p2a: Magearna\n|-damage|p2a: Magearna|56\/100\n|\n|-heal|p2a: Magearna|62\/100|[from] item: Leftovers\n|upkeep\n|turn|17\n|\n|t:|1698789667\n|move|p2a: Magearna|Draining Kiss|p1a: Dialga\n|-damage|p1a: Dialga|26\/100\n|-heal|p2a: Magearna|94\/100|[from] drain|[of] p1a: Dialga\n|move|p1a: Dialga|Steel Beam|p2a: Magearna\n|-damage|p2a: Magearna|58\/100\n|-damage|p1a: Dialga|0 fnt|[from] steelbeam\n|faint|p1a: Dialga\n|-ability|p2a: Magearna|Soul-Heart|boost\n|-boost|p2a: Magearna|spa|1\n|\n|-heal|p2a: Magearna|64\/100|[from] item: Leftovers\n|-fieldend|move: Trick Room\n|upkeep\n|\n|t:|1698789676\n|switch|p1a: Azelf|Azelf|1\/100\n|turn|18\n|\n|t:|1698789678\n|move|p1a: Azelf|Taunt|p2a: Magearna\n|-start|p2a: Magearna|move: Taunt\n|move|p2a: Magearna|Draining Kiss|p1a: Azelf\n|-damage|p1a: Azelf|0 fnt\n|-heal|p2a: Magearna|65\/100|[from] drain|[of] p1a: Azelf\n|faint|p1a: Azelf\n|-ability|p2a: Magearna|Soul-Heart|boost\n|-boost|p2a: Magearna|spa|1\n|\n|-heal|p2a: Magearna|71\/100|[from] item: Leftovers\n|upkeep\n|\n|t:|1698789680\n|switch|p1a: pass|Arceus-Grass|100\/100\n|turn|19\n|\n|t:|1698789683\n|move|p1a: pass|Cosmic Power|p1a: pass\n|-boost|p1a: pass|def|1\n|-boost|p1a: pass|spd|1\n|move|p2a: Magearna|Stored Power|p1a: pass\n|-damage|p1a: pass|48\/100\n|\n|-heal|p2a: Magearna|77\/100|[from] item: Leftovers\n|upkeep\n|turn|20\n|\n|t:|1698789688\n|move|p1a: pass|Recover|p1a: pass\n|-heal|p1a: pass|98\/100\n|move|p2a: Magearna|Stored Power|p1a: pass\n|-damage|p1a: pass|46\/100\n|\n|-heal|p2a: Magearna|83\/100|[from] item: Leftovers\n|-end|p2a: Magearna|move: Taunt\n|upkeep\n|turn|21\n|\n|t:|1698789691\n|-terastallize|p1a: pass|Steel\n|move|p1a: pass|Cosmic Power|p1a: pass\n|-boost|p1a: pass|def|1\n|-boost|p1a: pass|spd|1\n|move|p2a: Magearna|Stored Power|p1a: pass\n|-resisted|p1a: pass\n|-damage|p1a: pass|27\/100\n|\n|-heal|p2a: Magearna|89\/100|[from] item: Leftovers\n|upkeep\n|turn|22\n|\n|t:|1698789693\n|move|p1a: pass|Recover|p1a: pass\n|-heal|p1a: pass|77\/100\n|move|p2a: Magearna|Draining Kiss|p1a: pass\n|-resisted|p1a: pass\n|-damage|p1a: pass|66\/100\n|-heal|p2a: Magearna|99\/100|[from] drain|[of] p1a: pass\n|\n|-heal|p2a: Magearna|100\/100|[from] item: Leftovers\n|upkeep\n|turn|23\n|\n|t:|1698789700\n|move|p1a: pass|Cosmic Power|p1a: pass\n|-boost|p1a: pass|def|1\n|-boost|p1a: pass|spd|1\n|move|p2a: Magearna|Shift Gear|p2a: Magearna\n|-boost|p2a: Magearna|spe|2\n|-boost|p2a: Magearna|atk|1\n|\n|upkeep\n|turn|24\n|\n|t:|1698789704\n|move|p1a: pass|Body Press|p2a: Magearna\n|-damage|p2a: Magearna|65\/100\n|move|p2a: Magearna|Shift Gear|p2a: Magearna\n|-boost|p2a: Magearna|spe|2\n|-boost|p2a: Magearna|atk|1\n|\n|-heal|p2a: Magearna|71\/100|[from] item: Leftovers\n|upkeep\n|turn|25\n|\n|t:|1698789711\n|move|p2a: Magearna|Stored Power|p1a: pass\n|-resisted|p1a: pass\n|-damage|p1a: pass|36\/100\n|move|p1a: pass|Cosmic Power|p1a: pass\n|-boost|p1a: pass|def|1\n|-boost|p1a: pass|spd|1\n|\n|-heal|p2a: Magearna|77\/100|[from] item: Leftovers\n|upkeep\n|turn|26\n|\n|t:|1698789714\n|move|p2a: Magearna|Stored Power|p1a: pass\n|-resisted|p1a: pass\n|-damage|p1a: pass|13\/100\n|move|p1a: pass|Recover|p1a: pass\n|-heal|p1a: pass|63\/100\n|\n|-heal|p2a: Magearna|83\/100|[from] item: Leftovers\n|upkeep\n|turn|27\n|\n|t:|1698789719\n|move|p2a: Magearna|Shift Gear|p2a: Magearna\n|-boost|p2a: Magearna|spe|2\n|-boost|p2a: Magearna|atk|1\n|move|p1a: pass|Recover|p1a: pass\n|-heal|p1a: pass|100\/100\n|\n|-heal|p2a: Magearna|89\/100|[from] item: Leftovers\n|upkeep\n|turn|28\n|\n|t:|1698789729\n|move|p2a: Magearna|Stored Power|p1a: pass\n|-resisted|p1a: pass\n|-damage|p1a: pass|69\/100\n|move|p1a: pass|Body Press|p2a: Magearna\n|-damage|p2a: Magearna|46\/100\n|\n|-heal|p2a: Magearna|52\/100|[from] item: Leftovers\n|upkeep\n|turn|29\n|\n|t:|1698789738\n|move|p2a: Magearna|Stored Power|p1a: pass\n|-resisted|p1a: pass\n|-damage|p1a: pass|40\/100\n|move|p1a: pass|Recover|p1a: pass\n|-heal|p1a: pass|90\/100\n|\n|-heal|p2a: Magearna|58\/100|[from] item: Leftovers\n|upkeep\n|turn|30\n|\n|t:|1698789746\n|move|p2a: Magearna|Calm Mind|p2a: Magearna\n|-boost|p2a: Magearna|spa|1\n|-boost|p2a: Magearna|spd|1\n|move|p1a: pass|Body Press|p2a: Magearna\n|-damage|p2a: Magearna|20\/100\n|\n|-heal|p2a: Magearna|26\/100|[from] item: Leftovers\n|upkeep\n|turn|31\n|\n|t:|1698789748\n|move|p2a: Magearna|Draining Kiss|p1a: pass\n|-resisted|p1a: pass\n|-damage|p1a: pass|82\/100\n|-heal|p2a: Magearna|32\/100|[from] drain|[of] p1a: pass\n|move|p1a: pass|Body Press|p2a: Magearna\n|-damage|p2a: Magearna|0 fnt\n|faint|p2a: Magearna\n|\n|upkeep\n|\n|t:|1698789753\n|switch|p2a: Palkia|Palkia-Origin|100\/100\n|-ability|p2a: Palkia|Pressure\n|turn|32\n|\n|t:|1698789755\n|move|p2a: Palkia|Fire Blast|p1a: pass\n|-supereffective|p1a: pass\n|-damage|p1a: pass|64\/100\n|move|p1a: pass|Stored Power|p2a: Palkia\n|-damage|p2a: Palkia|56\/100\n|\n|upkeep\n|turn|33\n|\n|t:|1698789765\n|move|p1a: pass|Recover|p1a: pass\n|-heal|p1a: pass|100\/100\n|move|p2a: Palkia|Fire Blast|p1a: pass\n|-supereffective|p1a: pass\n|-damage|p1a: pass|82\/100\n|\n|upkeep\n|turn|34\n|\n|t:|1698789768\n|move|p2a: Palkia|Fire Blast|p1a: pass\n|-supereffective|p1a: pass\n|-damage|p1a: pass|63\/100\n|move|p1a: pass|Stored Power|p2a: Palkia\n|-damage|p2a: Palkia|13\/100\n|\n|upkeep\n|turn|35\n|\n|t:|1698789771\n|move|p2a: Palkia|Fire Blast|p1a: pass\n|-supereffective|p1a: pass\n|-damage|p1a: pass|45\/100\n|move|p1a: pass|Body Press|p2a: Palkia\n|-damage|p2a: Palkia|0 fnt\n|faint|p2a: Palkia\n|\n|upkeep\n|\n|t:|1698789776\n|switch|p2a: Zacian|Zacian|100\/100\n|turn|36\n|\n|t:|1698789779\n|move|p2a: Zacian|Close Combat|p1a: pass\n|-supereffective|p1a: pass\n|-damage|p1a: pass|17\/100\n|-unboost|p2a: Zacian|def|1\n|-unboost|p2a: Zacian|spd|1\n|move|p1a: pass|Recover|p1a: pass\n|-heal|p1a: pass|68\/100\n|\n|upkeep\n|turn|37\n|\n|t:|1698789783\n|move|p2a: Zacian|Close Combat|p1a: pass\n|-supereffective|p1a: pass\n|-damage|p1a: pass|41\/100\n|-unboost|p2a: Zacian|def|1\n|-unboost|p2a: Zacian|spd|1\n|move|p1a: pass|Stored Power|p2a: Zacian\n|-damage|p2a: Zacian|7\/100\n|\n|upkeep\n|turn|38\n|\n|t:|1698789786\n|move|p2a: Zacian|Close Combat|p1a: pass\n|-supereffective|p1a: pass\n|-damage|p1a: pass|17\/100\n|-unboost|p2a: Zacian|def|1\n|-unboost|p2a: Zacian|spd|1\n|move|p1a: pass|Recover|p1a: pass\n|-heal|p1a: pass|67\/100\n|\n|upkeep\n|turn|39\n|\n|t:|1698789789\n|move|p2a: Zacian|Close Combat|p1a: pass\n|-supereffective|p1a: pass\n|-damage|p1a: pass|42\/100\n|-unboost|p2a: Zacian|def|1\n|-unboost|p2a: Zacian|spd|1\n|move|p1a: pass|Stored Power|p2a: Zacian\n|-damage|p2a: Zacian|0 fnt\n|faint|p2a: Zacian\n|\n|upkeep\n|\n|t:|1698789791\n|switch|p2a: Cyclizar|Cyclizar, F|84\/100\n|turn|40\n|-message|lolgz forfeited.\n|\n|win|JohnLongGone\n","uploadtime":1698789800,"views":11,"p1id":"johnlonggone","p2id":"lolgz","formatid":"gen9ubers","rating":0,"private":0,"password":""}