{"id":"gen9ubers-1972484075","p1":"Leterte18","p2":"TooQuickGrim","format":"[Gen 9] Ubers","log":"|j|\u2606Leterte18\n|j|\u2606TooQuickGrim\n|t:|1697848050\n|gametype|singles\n|player|p1|Leterte18|2|\n|player|p2|TooQuickGrim|dancer|\n|teamsize|p1|6\n|teamsize|p2|6\n|gen|9\n|tier|[Gen 9] Ubers\n|rule|Sleep Clause Mod: Limit one foe put to sleep\n|rule|Species Clause: Limit one of each Pok\u00e9mon\n|rule|OHKO Clause: OHKO moves are banned\n|rule|Evasion Items Clause: Evasion items are banned\n|rule|Evasion Moves Clause: Evasion moves are banned\n|rule|Endless Battle Clause: Forcing endless battles is banned\n|rule|HP Percentage Mod: HP is shown in percentages\n|clearpoke\n|poke|p1|Dialga-Origin|\n|poke|p1|Palkia-Origin|\n|poke|p1|Giratina-Origin|\n|poke|p1|Arceus|\n|poke|p1|Groudon|\n|poke|p1|Eternatus|\n|poke|p2|Arceus-Grass|\n|poke|p2|Chi-Yu|\n|poke|p2|Groudon|\n|poke|p2|Annihilape, F|\n|poke|p2|Espathra, F|\n|poke|p2|Volcarona, F|\n|teampreview\n|j| Hand0fD00m\n|c|\u2606TooQuickGrim|Gl brandon!\n|j| Rival Andrew\n|c| Rival Andrew|allo mates\n|c|\u2606TooQuickGrim|Andrew!\n|c| Hand0fD00m|good luck guys! were streamin rn\n|c| Rival Andrew|i face winner muahaha\n|c|\u2606TooQuickGrim|Oh\n|c|\u2606TooQuickGrim|boyy\n|\n|t:|1697848169\n|start\n|switch|p1a: Palkia|Palkia-Origin|100\/100\n|switch|p2a: Weevil|Volcarona, F|100\/100\n|-ability|p1a: Palkia|Pressure\n|turn|1\n|c| Rival Andrew|both teams looking vicious\n|c| Hand0fD00m|thisll be dope guys!\n|c| Rival Andrew|Brandon with the Sinnoh trio\n|j| Sonad~\n|c| Sonad~|yoo\n|c| Sonad~|best of luck fellas\n|\n|t:|1697848208\n|switch|p2a: You\u2019re Grounded|Groudon|100\/100\n|-weather|SunnyDay|[from] ability: Drought|[of] p2a: You\u2019re Grounded\n|move|p1a: Palkia|Thunder Wave|p2a: You\u2019re Grounded\n|-immune|p2a: You\u2019re Grounded\n|\n|-weather|SunnyDay|[upkeep]\n|upkeep\n|turn|2\n|\n|t:|1697848223\n|move|p1a: Palkia|Spacial Rend|p2a: You\u2019re Grounded\n|-damage|p2a: You\u2019re Grounded|34\/100\n|move|p2a: You\u2019re Grounded|Substitute|p2a: You\u2019re Grounded\n|-start|p2a: You\u2019re Grounded|Substitute\n|-damage|p2a: You\u2019re Grounded|9\/100\n|\n|-weather|SunnyDay|[upkeep]\n|-heal|p2a: You\u2019re Grounded|16\/100|[from] item: Leftovers\n|upkeep\n|turn|3\n|\n|t:|1697848246\n|move|p1a: Palkia|Spacial Rend|p2a: You\u2019re Grounded\n|-end|p2a: You\u2019re Grounded|Substitute\n|move|p2a: You\u2019re Grounded|Rock Slide|p1a: Palkia\n|-damage|p1a: Palkia|69\/100\n|\n|-weather|SunnyDay|[upkeep]\n|-heal|p2a: You\u2019re Grounded|22\/100|[from] item: Leftovers\n|upkeep\n|turn|4\n|\n|t:|1697848284\n|switch|p2a: Pyro Chaos 0|Chi-Yu|100\/100\n|-ability|p2a: Pyro Chaos 0|Beads of Ruin\n|move|p1a: Palkia|Spacial Rend|p2a: Pyro Chaos 0\n|-damage|p2a: Pyro Chaos 0|47\/100\n|\n|-weather|SunnyDay|[upkeep]\n|upkeep\n|turn|5\n|\n|t:|1697848301\n|move|p1a: Palkia|Thunder Wave|p2a: Pyro Chaos 0\n|-status|p2a: Pyro Chaos 0|par\n|move|p2a: Pyro Chaos 0|Snarl|p1a: Palkia\n|-damage|p1a: Palkia|30\/100\n|-unboost|p1a: Palkia|spa|1\n|\n|-weather|none\n|upkeep\n|turn|6\n|c| Rival Andrew|this new Palkia form slaps\n|c| Sonad~|agreed\n|c| Sonad~|i use it a bunch in BH\n|c| Sonad~|water dragon is just a good type\n|\n|t:|1697848337\n|switch|p1a: Arceus|Arceus, shiny|100\/100\n|cant|p2a: Pyro Chaos 0|par\n|\n|upkeep\n|turn|7\n|c| Rival Andrew|golden god\n|c| Rival Andrew|aaaaaaaaahhhhhhh\n|c| Hand0fD00m|dennis\n|c| Sonad~|lol\n|\n|t:|1697848354\n|switch|p2a: Great Ape Vegeta|Annihilape, F|100\/100\n|move|p1a: Arceus|Swords Dance|p1a: Arceus\n|-boost|p1a: Arceus|atk|2\n|\n|upkeep\n|turn|8\n|c| Sonad~|he is a golden god and his fury knows no bounds!\n|c| Sonad~|He*\n|\n|t:|1697848384\n|-terastallize|p2a: Great Ape Vegeta|Fighting\n|move|p1a: Arceus|Shadow Claw|p2a: Great Ape Vegeta\n|-damage|p2a: Great Ape Vegeta|60\/100\n|move|p2a: Great Ape Vegeta|Drain Punch|p1a: Arceus\n|-supereffective|p1a: Arceus\n|-damage|p1a: Arceus|35\/100\n|-heal|p2a: Great Ape Vegeta|97\/100|[from] drain|[of] p1a: Arceus\n|\n|upkeep\n|turn|9\n|\n|t:|1697848405\n|move|p1a: Arceus|Extreme Speed|p2a: Great Ape Vegeta\n|-damage|p2a: Great Ape Vegeta|14\/100\n|-enditem|p2a: Great Ape Vegeta|Sitrus Berry|[eat]\n|-heal|p2a: Great Ape Vegeta|39\/100|[from] item: Sitrus Berry\n|move|p2a: Great Ape Vegeta|Curse|p2a: Great Ape Vegeta\n|-unboost|p2a: Great Ape Vegeta|spe|1\n|-boost|p2a: Great Ape Vegeta|atk|1\n|-boost|p2a: Great Ape Vegeta|def|1\n|\n|upkeep\n|turn|10\n|\n|t:|1697848434\n|move|p1a: Arceus|Extreme Speed|p2a: Great Ape Vegeta\n|-damage|p2a: Great Ape Vegeta|0 fnt\n|faint|p2a: Great Ape Vegeta\n|\n|upkeep\n|\n|t:|1697848454\n|switch|p2a: Beep Beep|Espathra, F|100\/100\n|turn|11\n|c| Sonad~|nyooom\n|c| Rival Andrew|hahahaha\n|\n|t:|1697848476\n|move|p1a: Arceus|Extreme Speed|p2a: Beep Beep\n|-enditem|p2a: Beep Beep|Focus Sash\n|-damage|p2a: Beep Beep|1\/100\n|move|p2a: Beep Beep|Lumina Crash|p1a: Arceus\n|-damage|p1a: Arceus|9\/100\n|-unboost|p1a: Arceus|spd|2\n|\n|-ability|p2a: Beep Beep|Speed Boost|boost\n|-boost|p2a: Beep Beep|spe|1\n|upkeep\n|turn|12\n|c| Hand0fD00m|arceus putting in gods work\n|\n|t:|1697848517\n|switch|p2a: Gang Green|Arceus-Grass|100\/100\n|move|p1a: Arceus|Extreme Speed|p2a: Gang Green\n|-damage|p2a: Gang Green|42\/100\n|\n|upkeep\n|turn|13\n|\n|t:|1697848531\n|move|p1a: Arceus|Extreme Speed|p2a: Gang Green\n|-damage|p2a: Gang Green|0 fnt\n|faint|p2a: Gang Green\n|\n|upkeep\n|\n|t:|1697848544\n|switch|p2a: Pyro Chaos 0|Chi-Yu|47\/100 par\n|-ability|p2a: Pyro Chaos 0|Beads of Ruin\n|turn|14\n|c| Rival Andrew|anything he does is gods work\n|\n|t:|1697848549\n|move|p1a: Arceus|Extreme Speed|p2a: Pyro Chaos 0\n|-damage|p2a: Pyro Chaos 0|0 fnt\n|faint|p2a: Pyro Chaos 0\n|\n|upkeep\n|\n|t:|1697848554\n|switch|p2a: You\u2019re Grounded|Groudon|22\/100\n|-weather|SunnyDay|[from] ability: Drought|[of] p2a: You\u2019re Grounded\n|turn|15\n|\n|t:|1697848565\n|move|p1a: Arceus|Extreme Speed|p2a: You\u2019re Grounded\n|-damage|p2a: You\u2019re Grounded|0 fnt\n|faint|p2a: You\u2019re Grounded\n|\n|-weather|SunnyDay|[upkeep]\n|upkeep\n|\n|t:|1697848579\n|switch|p2a: Weevil|Volcarona, F|100\/100\n|turn|16\n|c| Sonad~|damn brandon\n|\n|t:|1697848588\n|move|p1a: Arceus|Swords Dance|p1a: Arceus\n|-boost|p1a: Arceus|atk|2\n|move|p2a: Weevil|Fiery Dance|p1a: Arceus\n|-damage|p1a: Arceus|0 fnt\n|faint|p1a: Arceus\n|-damage|p2a: Weevil|91\/100|[from] item: Life Orb\n|\n|-weather|SunnyDay|[upkeep]\n|upkeep\n|c|\u2606Leterte18|Damnnnnnn\n|c| Sonad~|first down\n|\n|t:|1697848605\n|switch|p1a: Groudon|Groudon|100\/100\n|turn|17\n|c|\u2606TooQuickGrim|Oh cmon he gave me that one LOL\n|c| Hand0fD00m|true lol\n|c| Sonad~|lol fair\n|c|\u2606Leterte18|Got greedy lol\n|\n|t:|1697848628\n|move|p2a: Weevil|Quiver Dance|p2a: Weevil\n|-boost|p2a: Weevil|spa|1\n|-boost|p2a: Weevil|spd|1\n|-boost|p2a: Weevil|spe|1\n|move|p1a: Groudon|Precipice Blades|p2a: Weevil\n|-damage|p2a: Weevil|0 fnt\n|faint|p2a: Weevil\n|\n|-weather|SunnyDay|[upkeep]\n|upkeep\n|\n|t:|1697848634\n|switch|p2a: Beep Beep|Espathra, F|1\/100\n|turn|18\n|\n|t:|1697848640\n|move|p2a: Beep Beep|Lumina Crash|p1a: Groudon\n|-damage|p1a: Groudon|76\/100\n|-unboost|p1a: Groudon|spd|2\n|move|p1a: Groudon|Will-O-Wisp|p2a: Beep Beep\n|-status|p2a: Beep Beep|brn\n|\n|-weather|SunnyDay|[upkeep]\n|-heal|p1a: Groudon|82\/100|[from] item: Leftovers\n|-damage|p2a: Beep Beep|0 fnt|[from] brn\n|faint|p2a: Beep Beep\n|\n|win|Leterte18\n|upkeep\n|c| Sonad~|so i think i want groudon on my team\n|c|\u2606TooQuickGrim|Gg!\n|c| Sonad~|im just building it now haha\n|c| Sonad~|gg!\n|c|\u2606Leterte18|Gg\n|c| Hand0fD00m|gg guys! great first game\n","uploadtime":1697848666,"views":9,"p1id":"leterte18","p2id":"tooquickgrim","formatid":"gen9ubers","rating":0,"private":0,"password":""}