{"id":"gen9ubers-1981927940","p1":"Siffs","p2":"Layzrrs","format":"[Gen 9] Ubers","log":"|j|\u2606Siffs\n|j|\u2606Layzrrs\n|t:|1698952398\n|gametype|singles\n|player|p1|Siffs|unknownf|\n|player|p2|Layzrrs|2|\n|teamsize|p1|6\n|teamsize|p2|6\n|gen|9\n|tier|[Gen 9] Ubers\n|rule|Sleep Clause Mod: Limit one foe put to sleep\n|rule|Species Clause: Limit one of each Pok\u00e9mon\n|rule|OHKO Clause: OHKO moves are banned\n|rule|Evasion Items Clause: Evasion items are banned\n|rule|Evasion Moves Clause: Evasion moves are banned\n|rule|Endless Battle Clause: Forcing endless battles is banned\n|rule|HP Percentage Mod: HP is shown in percentages\n|clearpoke\n|poke|p1|Typhlosion-Hisui, M|\n|poke|p1|Slowking, F|\n|poke|p1|Sandslash-Alola, M|\n|poke|p1|Sneasler, M|\n|poke|p1|Landorus-Therian, M|\n|poke|p1|Samurott-Hisui, M|\n|poke|p2|Roaring Moon|\n|poke|p2|Gholdengo|\n|poke|p2|Kleavor, M|\n|poke|p2|Jolteon, M|\n|poke|p2|Azumarill, F|\n|poke|p2|Infernape, F|\n|teampreview\n|\n|t:|1698952435\n|start\n|switch|p1a: Samurott|Samurott-Hisui, M|100\/100\n|switch|p2a: Jolteon|Jolteon, M|100\/100\n|turn|1\n|\n|t:|1698952443\n|switch|p1a: Landorus|Landorus-Therian, M|100\/100\n|-ability|p1a: Landorus|Intimidate|boost\n|-unboost|p2a: Jolteon|atk|1\n|move|p2a: Jolteon|Thunderbolt|p1a: Landorus\n|-immune|p1a: Landorus\n|\n|upkeep\n|turn|2\n|\n|t:|1698952495\n|switch|p2a: Gholdengo|Gholdengo|100\/100\n|move|p1a: Landorus|U-turn|p2a: Gholdengo\n|-resisted|p2a: Gholdengo\n|-damage|p2a: Gholdengo|94\/100\n|\n|t:|1698952517\n|switch|p1a: Samurott|Samurott-Hisui, M|100\/100|[from] U-turn\n|\n|upkeep\n|turn|3\n|\n|t:|1698952559\n|move|p1a: Samurott|Ceaseless Edge|p2a: Gholdengo|[miss]\n|-miss|p1a: Samurott|p2a: Gholdengo\n|move|p2a: Gholdengo|Make It Rain|p1a: Samurott\n|-resisted|p1a: Samurott\n|-damage|p1a: Samurott|51\/100\n|-unboost|p2a: Gholdengo|spa|1\n|\n|upkeep\n|turn|4\n|\n|t:|1698952567\n|move|p1a: Samurott|Ceaseless Edge|p2a: Gholdengo\n|-supereffective|p2a: Gholdengo\n|-crit|p2a: Gholdengo\n|-enditem|p2a: Gholdengo|Colbur Berry|[eat]\n|-enditem|p2a: Gholdengo|Colbur Berry|[weaken]\n|-damage|p2a: Gholdengo|0 fnt\n|-sidestart|p2: Layzrrs|Spikes\n|faint|p2a: Gholdengo\n|\n|upkeep\n|\n|t:|1698952578\n|switch|p2a: Kleavor|Kleavor, M|100\/100\n|-damage|p2a: Kleavor|88\/100|[from] Spikes\n|turn|5\n|c|\u2606Siffs|my hp :(\n|\n|t:|1698952585\n|move|p1a: Samurott|Ceaseless Edge|p2a: Kleavor\n|-damage|p2a: Kleavor|4\/100\n|-sidestart|p2: Layzrrs|Spikes\n|move|p2a: Kleavor|X-Scissor|p1a: Samurott\n|-supereffective|p1a: Samurott\n|-damage|p1a: Samurott|0 fnt\n|faint|p1a: Samurott\n|\n|upkeep\n|\n|t:|1698952591\n|switch|p1a: Landorus|Landorus-Therian, M|100\/100\n|-ability|p1a: Landorus|Intimidate|boost\n|-unboost|p2a: Kleavor|atk|1\n|turn|6\n|\n|t:|1698952603\n|move|p1a: Landorus|Earthquake|p2a: Kleavor\n|-damage|p2a: Kleavor|0 fnt\n|faint|p2a: Kleavor\n|\n|upkeep\n|\n|t:|1698952608\n|switch|p2a: Jolteon|Jolteon, M|100\/100\n|-damage|p2a: Jolteon|84\/100|[from] Spikes\n|turn|7\n|\n|t:|1698952632\n|-terastallize|p2a: Jolteon|Ice\n|move|p1a: Landorus|Earthquake|p2a: Jolteon\n|-damage|p2a: Jolteon|0 fnt\n|faint|p2a: Jolteon\n|\n|upkeep\n|\n|t:|1698952643\n|switch|p2a: Azumarill|Azumarill, F|100\/100\n|-damage|p2a: Azumarill|84\/100|[from] Spikes\n|turn|8\n|c|\u2606Layzrrs|u fuckin scarf lando\n|c|\u2606Layzrrs|piece of shit\n|\n|t:|1698952688\n|switch|p1a: Slowking|Slowking, F|100\/100\n|move|p2a: Azumarill|Ice Spinner|p1a: Slowking\n|-resisted|p1a: Slowking\n|-damage|p1a: Slowking|81\/100\n|\n|upkeep\n|turn|9\n|\n|t:|1698952695\n|move|p2a: Azumarill|Knock Off|p1a: Slowking\n|-supereffective|p1a: Slowking\n|-damage|p1a: Slowking|0 fnt\n|-enditem|p1a: Slowking|Icy Rock|[from] move: Knock Off|[of] p2a: Azumarill\n|faint|p1a: Slowking\n|\n|upkeep\n|\n|t:|1698952708\n|switch|p1a: Sneasler|Sneasler, M|100\/100\n|turn|10\n|c|\u2606Siffs|learn somethin new everyday\n|c|\u2606Layzrrs|lol\n|\n|t:|1698952732\n|switch|p2a: Infernape|Infernape, F|100\/100\n|-damage|p2a: Infernape|84\/100|[from] Spikes\n|move|p1a: Sneasler|Dire Claw|p2a: Infernape\n|-damage|p2a: Infernape|22\/100\n|-status|p2a: Infernape|slp\n|\n|upkeep\n|turn|11\n|\n|t:|1698952740\n|cant|p2a: Infernape|slp\n|move|p1a: Sneasler|Swords Dance|p1a: Sneasler\n|-boost|p1a: Sneasler|atk|2\n|\n|upkeep\n|turn|12\n|\n|t:|1698952744\n|switch|p2a: Roaring Moon|Roaring Moon|100\/100\n|-damage|p2a: Roaring Moon|84\/100|[from] Spikes\n|move|p1a: Sneasler|Dire Claw|p2a: Roaring Moon\n|-damage|p2a: Roaring Moon|0 fnt\n|faint|p2a: Roaring Moon\n|-end|p2a: Roaring Moon|Protosynthesis|[silent]\n|\n|upkeep\n|\n|t:|1698952747\n|switch|p2a: Azumarill|Azumarill, F|84\/100\n|-damage|p2a: Azumarill|67\/100|[from] Spikes\n|turn|13\n|c|\u2606Siffs|??\n|\n|t:|1698952750\n|move|p1a: Sneasler|Dire Claw|p2a: Azumarill\n|-supereffective|p2a: Azumarill\n|-damage|p2a: Azumarill|0 fnt\n|faint|p2a: Azumarill\n|\n|upkeep\n|c|\u2606Layzrrs|so sad\n|\n|t:|1698952754\n|switch|p2a: Infernape|Infernape, F|22\/100 slp\n|-damage|p2a: Infernape|5\/100 slp|[from] Spikes\n|turn|14\n|\n|t:|1698952756\n|cant|p2a: Infernape|slp\n|move|p1a: Sneasler|Dire Claw|p2a: Infernape\n|-damage|p2a: Infernape|0 fnt\n|faint|p2a: Infernape\n|\n|win|Siffs\n|c|\u2606Layzrrs|no play\n|c|\u2606Siffs|gg\n|c|\u2606Layzrrs|gg\n|l|\u2606Layzrrs\n","uploadtime":1698952783,"views":29,"p1id":"siffs","p2id":"layzrrs","formatid":"gen9ubers","rating":0,"private":0,"password":""}