{"id":"gen9ubers-1985797798","p1":"BigBabyGerry","p2":"seanbonjoviii","format":"[Gen 9] Ubers","log":"|j|\u2606BigBabyGerry\n|j|\u2606seanbonjoviii\n|t:|1699407241\n|gametype|singles\n|player|p1|BigBabyGerry|101|\n|player|p2|seanbonjoviii|backers|\n|teamsize|p1|6\n|teamsize|p2|6\n|gen|9\n|tier|[Gen 9] Ubers\n|rule|Sleep Clause Mod: Limit one foe put to sleep\n|rule|Species Clause: Limit one of each Pok\u00e9mon\n|rule|OHKO Clause: OHKO moves are banned\n|rule|Evasion Items Clause: Evasion items are banned\n|rule|Evasion Moves Clause: Evasion moves are banned\n|rule|Endless Battle Clause: Forcing endless battles is banned\n|rule|HP Percentage Mod: HP is shown in percentages\n|clearpoke\n|poke|p1|Iron Bundle|\n|poke|p1|Roaring Moon|\n|poke|p1|Gengar, M|\n|poke|p1|Mew|\n|poke|p1|Magnezone|\n|poke|p1|Tauros-Paldea-Aqua, M|\n|poke|p2|Bisharp, F|\n|poke|p2|Donphan, M|\n|poke|p2|Dragonite, F|\n|poke|p2|Scream Tail|\n|poke|p2|Ditto|\n|poke|p2|Zoroark-Hisui, M|\n|teampreview\n|j| Haymaker92\n|j| Du-Gi-Oh\n|j| theblackdog\n|c| Du-Gi-Oh|HOLD\n|c| Haymaker92|BBG! BBG! BBG! BBG! BBG!\n|c|\u2606seanbonjoviii|how we feeling about timer today?\n|c| Haymaker92|Illegal during a hold\n|c| Du-Gi-Oh|its within the rules\n|c| Du-Gi-Oh|illegal during hold of course\n|c|\u2606BigBabyGerry|would prefer no timer but you are allowed if you want\n|c|\u2606seanbonjoviii|\u00af\\_(\u30c4)_\/\u00af\n|c|\u2606seanbonjoviii|probably loading some copy righted music rn\n|c| Du-Gi-Oh|adding some copyrighted music of course\n|c| Du-Gi-Oh|PSL CHAMPIONSHIP MATCH\n|c| Du-Gi-Oh|DSM vs The Good Guys\n|c| Du-Gi-Oh|GLHF\n|c| Du-Gi-Oh|PSYCH\n|c| Du-Gi-Oh|COMMENCE\n|l| theblackdog\n|j| theblackdog\n|\n|t:|1699407519\n|start\n|switch|p1a: 1MansTrash|Mew|100\/100\n|switch|p2a: Shitto|Ditto|100\/100\n|-transform|p2a: Shitto|p1a: 1MansTrash|[from] ability: Imposter\n|turn|1\n|\n|t:|1699407540\n|move|p2a: Shitto|Taunt|p1a: 1MansTrash\n|-start|p1a: 1MansTrash|move: Taunt\n|cant|p1a: 1MansTrash|move: Taunt|Taunt\n|\n|upkeep\n|turn|2\n|\n|t:|1699407565\n|switch|p2a: Dragonite|Dragonite, F|100\/100\n|switch|p1a: SeanBonGar|Gengar, M, shiny|100\/100\n|\n|upkeep\n|turn|3\n|\n|t:|1699407601\n|switch|p1a: MagneSean|Magnezone|100\/100\n|move|p2a: Dragonite|Agility|p2a: Dragonite\n|-boost|p2a: Dragonite|spe|2\n|\n|upkeep\n|turn|4\n|\n|t:|1699407613\n|move|p2a: Dragonite|Hyper Voice|p1a: MagneSean\n|-resisted|p1a: MagneSean\n|-damage|p1a: MagneSean|76\/100\n|-enditem|p2a: Dragonite|Throat Spray\n|-boost|p2a: Dragonite|spa|1|[from] item: Throat Spray\n|move|p1a: MagneSean|Volt Switch|p2a: Dragonite\n|-damage|p2a: Dragonite|45\/100\n|replace|p2a: Zoroark|Zoroark-Hisui, M\n|-end|p2a: Zoroark|Illusion\n|\n|t:|1699407643\n|switch|p1a: Bread Bundle|Iron Bundle, shiny|100\/100|[from] Volt Switch\n|\n|upkeep\n|turn|5\n|\n|t:|1699407652\n|move|p1a: Bread Bundle|Ice Beam|p2a: Zoroark\n|-damage|p2a: Zoroark|0 fnt\n|faint|p2a: Zoroark\n|\n|upkeep\n|\n|t:|1699407663\n|switch|p2a: Sleep token|Bisharp, F|100\/100\n|turn|6\n|\n|t:|1699407671\n|-end|p1a: Bread Bundle|Quark Drive|[silent]\n|switch|p1a: MagneSean|Magnezone|76\/100\n|move|p2a: Sleep token|Swords Dance|p2a: Sleep token\n|-boost|p2a: Sleep token|atk|2\n|\n|upkeep\n|turn|7\n|\n|t:|1699407695\n|move|p2a: Sleep token|Low Kick|p1a: MagneSean\n|-supereffective|p1a: MagneSean\n|-damage|p1a: MagneSean|0 fnt\n|faint|p1a: MagneSean\n|\n|upkeep\n|\n|t:|1699407722\n|switch|p1a: Bonjauros|Tauros-Paldea-Aqua, M, shiny|100\/100\n|-ability|p1a: Bonjauros|Intimidate|boost\n|-unboost|p2a: Sleep token|atk|1\n|-ability|p2a: Sleep token|Defiant|boost\n|-boost|p2a: Sleep token|atk|2\n|turn|8\n|\n|t:|1699407748\n|-terastallize|p2a: Sleep token|Fairy\n|move|p1a: Bonjauros|Close Combat|p2a: Sleep token\n|-resisted|p2a: Sleep token\n|-damage|p2a: Sleep token|77\/100\n|-unboost|p1a: Bonjauros|def|1\n|-unboost|p1a: Bonjauros|spd|1\n|move|p2a: Sleep token|Swords Dance|p2a: Sleep token\n|-boost|p2a: Sleep token|atk|2\n|\n|upkeep\n|turn|9\n|\n|t:|1699407801\n|move|p1a: Bonjauros|Earthquake|p2a: Sleep token\n|-damage|p2a: Sleep token|52\/100\n|move|p2a: Sleep token|Lash Out|p1a: Bonjauros\n|-resisted|p1a: Bonjauros\n|-damage|p1a: Bonjauros|0 fnt\n|faint|p1a: Bonjauros\n|\n|upkeep\n|\n|t:|1699407841\n|switch|p1a: SeanBonGar|Gengar, M, shiny|100\/100\n|turn|10\n|\n|t:|1699407861\n|move|p2a: Sleep token|Sucker Punch|p1a: SeanBonGar\n|-supereffective|p1a: SeanBonGar\n|-damage|p1a: SeanBonGar|0 fnt\n|faint|p1a: SeanBonGar\n|\n|upkeep\n|\n|t:|1699407896\n|switch|p1a: Roaring Joviii|Roaring Moon, shiny|100\/100\n|-enditem|p1a: Roaring Joviii|Booster Energy\n|-activate|p1a: Roaring Joviii|ability: Protosynthesis|[fromitem]\n|-start|p1a: Roaring Joviii|protosynthesisatk\n|turn|11\n|\n|t:|1699407908\n|move|p1a: Roaring Joviii|Earthquake|p2a: Sleep token\n|-damage|p2a: Sleep token|17\/100\n|move|p2a: Sleep token|Lash Out|p1a: Roaring Joviii\n|-resisted|p1a: Roaring Joviii\n|-damage|p1a: Roaring Joviii|6\/100\n|\n|upkeep\n|turn|12\n|\n|t:|1699407917\n|move|p2a: Sleep token|Sucker Punch|p1a: Roaring Joviii\n|-resisted|p1a: Roaring Joviii\n|-damage|p1a: Roaring Joviii|0 fnt\n|faint|p1a: Roaring Joviii\n|-end|p1a: Roaring Joviii|Protosynthesis|[silent]\n|\n|upkeep\n|\n|t:|1699407930\n|switch|p1a: Bread Bundle|Iron Bundle, shiny|100\/100\n|turn|13\n|\n|t:|1699407935\n|move|p2a: Sleep token|Sucker Punch|p1a: Bread Bundle\n|-damage|p1a: Bread Bundle|0 fnt\n|faint|p1a: Bread Bundle\n|-end|p1a: Bread Bundle|Quark Drive|[silent]\n|\n|upkeep\n|\n|t:|1699407939\n|switch|p1a: 1MansTrash|Mew|100\/100\n|turn|14\n|c|\u2606seanbonjoviii|i forgot if this has an attack or not lmao\n|c|\u2606seanbonjoviii|it was taunt, spikes, skill swap, and i forgot the other\n|\n|t:|1699407974\n|move|p2a: Sleep token|Sucker Punch|p1a: 1MansTrash\n|-supereffective|p1a: 1MansTrash\n|-enditem|p1a: 1MansTrash|Focus Sash\n|-damage|p1a: 1MansTrash|1\/100\n|move|p1a: 1MansTrash|Ice Beam|p2a: Sleep token\n|-damage|p2a: Sleep token|0 fnt\n|faint|p2a: Sleep token\n|\n|upkeep\n|\n|t:|1699407978\n|switch|p2a: Shitto|Ditto|100\/100\n|-transform|p2a: Shitto|p1a: 1MansTrash|[from] ability: Imposter\n|turn|15\n|\n|t:|1699407990\n|move|p2a: Shitto|Ice Beam|p1a: 1MansTrash\n|-damage|p1a: 1MansTrash|0 fnt\n|faint|p1a: 1MansTrash\n|\n|win|seanbonjoviii\n|l|\u2606BigBabyGerry\n|c|\u2606seanbonjoviii|gg\n","uploadtime":1699408011,"views":24,"p1id":"bigbabygerry","p2id":"seanbonjoviii","formatid":"gen9ubers","rating":0,"private":0,"password":""}