{"id":"gen9ubers-1978925189","p1":"Iron Maiden 6","p2":"FlamingFuryFox","format":"[Gen 9] Ubers","log":"|j|\u2606Iron Maiden 6\n|j|\u2606FlamingFuryFox\n|t:|1698610910\n|gametype|singles\n|player|p1|Iron Maiden 6|dawn|\n|player|p2|FlamingFuryFox|dawn-gen4pt|\n|teamsize|p1|6\n|teamsize|p2|6\n|gen|9\n|tier|[Gen 9] Ubers\n|rule|Sleep Clause Mod: Limit one foe put to sleep\n|rule|Species Clause: Limit one of each Pok\u00e9mon\n|rule|OHKO Clause: OHKO moves are banned\n|rule|Evasion Items Clause: Evasion items are banned\n|rule|Evasion Moves Clause: Evasion moves are banned\n|rule|Endless Battle Clause: Forcing endless battles is banned\n|rule|HP Percentage Mod: HP is shown in percentages\n|clearpoke\n|poke|p1|Gholdengo|\n|poke|p1|Iron Treads|\n|poke|p1|Corviknight, M|\n|poke|p1|Empoleon, M|\n|poke|p1|Kingambit, M|\n|poke|p1|Tinkaton, F|\n|poke|p2|Shiftry, F|\n|poke|p2|Lilligant-Hisui, F|\n|poke|p2|Torterra, F|\n|poke|p2|Leavanny, M|\n|poke|p2|Scovillain, M|\n|poke|p2|Iron Leaves|\n|teampreview\n|j| ImGoodATM\n|\n|t:|1698610943\n|start\n|switch|p1a: Empoleon|Empoleon, M|100\/100\n|switch|p2a: The guy|Leavanny, M|100\/100\n|turn|1\n|\n|t:|1698610950\n|move|p2a: The guy|Light Screen|p2a: The guy\n|-sidestart|p2: FlamingFuryFox|move: Light Screen\n|move|p1a: Empoleon|Stealth Rock|p2a: The guy\n|-sidestart|p2: FlamingFuryFox|move: Stealth Rock\n|\n|upkeep\n|turn|2\n|\n|t:|1698610956\n|move|p2a: The guy|Sticky Web|p1a: Empoleon\n|-sidestart|p1: Iron Maiden 6|move: Sticky Web\n|move|p1a: Empoleon|Yawn|p2a: The guy\n|-start|p2a: The guy|move: Yawn|[of] p1a: Empoleon\n|\n|upkeep\n|turn|3\n|\n|t:|1698610962\n|move|p2a: The guy|Charm|p1a: Empoleon\n|-unboost|p1a: Empoleon|atk|2\n|-ability|p1a: Empoleon|Competitive|boost\n|-boost|p1a: Empoleon|spa|2\n|move|p1a: Empoleon|Flip Turn|p2a: The guy\n|-resisted|p2a: The guy\n|-damage|p2a: The guy|94\/100\n|-damage|p1a: Empoleon|91\/100|[from] item: Life Orb\n|\n|t:|1698610972\n|switch|p1a: Corviknight|Corviknight, M|100\/100|[from] Flip Turn\n|\n|-end|p2a: The guy|move: Yawn|[silent]\n|-status|p2a: The guy|slp\n|upkeep\n|turn|4\n|\n|t:|1698610982\n|cant|p2a: The guy|slp\n|move|p1a: Corviknight|Iron Defense|p1a: Corviknight\n|-boost|p1a: Corviknight|def|2\n|\n|upkeep\n|turn|5\n|\n|t:|1698610992\n|cant|p2a: The guy|slp\n|move|p1a: Corviknight|Defog|p2a: The guy\n|-unboost|p2a: The guy|evasion|1\n|-sideend|p2: FlamingFuryFox|move: Light Screen\n|-sideend|p2: FlamingFuryFox|Stealth Rock|[from] move: Defog|[of] p1a: Corviknight\n|-sideend|p1: Iron Maiden 6|Sticky Web|[from] move: Defog|[of] p1a: Corviknight\n|\n|upkeep\n|turn|6\n|\n|t:|1698611002\n|cant|p2a: The guy|slp\n|move|p1a: Corviknight|Iron Defense|p1a: Corviknight\n|-boost|p1a: Corviknight|def|2\n|\n|upkeep\n|turn|7\n|\n|t:|1698611010\n|-curestatus|p2a: The guy|slp|[msg]\n|move|p2a: The guy|Charm|p1a: Corviknight\n|-ability|p1a: Corviknight|Mirror Armor\n|-unboost|p2a: The guy|atk|2\n|move|p1a: Corviknight|Body Press|p2a: The guy\n|-resisted|p2a: The guy\n|-damage|p2a: The guy|50\/100\n|\n|upkeep\n|turn|8\n|\n|t:|1698611020\n|move|p2a: The guy|Sticky Web|p1a: Corviknight\n|-sidestart|p1: Iron Maiden 6|move: Sticky Web\n|move|p1a: Corviknight|Iron Defense|p1a: Corviknight\n|-boost|p1a: Corviknight|def|2\n|\n|upkeep\n|turn|9\n|\n|t:|1698611026\n|move|p2a: The guy|Light Screen|p2a: The guy\n|-sidestart|p2: FlamingFuryFox|move: Light Screen\n|move|p1a: Corviknight|Defog|p2a: The guy\n|-unboost|p2a: The guy|evasion|1\n|-sideend|p2: FlamingFuryFox|move: Light Screen\n|-sideend|p1: Iron Maiden 6|Sticky Web|[from] move: Defog|[of] p1a: Corviknight\n|\n|upkeep\n|turn|10\n|\n|t:|1698611036\n|move|p2a: The guy|Swords Dance|p2a: The guy\n|-boost|p2a: The guy|atk|2\n|move|p1a: Corviknight|Iron Defense|p1a: Corviknight\n|-boost|p1a: Corviknight|def|0\n|\n|upkeep\n|turn|11\n|\n|t:|1698611045\n|move|p2a: The guy|Sticky Web|p1a: Corviknight\n|-sidestart|p1: Iron Maiden 6|move: Sticky Web\n|move|p1a: Corviknight|Body Press|p2a: The guy\n|-resisted|p2a: The guy\n|-damage|p2a: The guy|0 fnt\n|faint|p2a: The guy\n|\n|upkeep\n|c| ImGoodATM|Why charm?\n|c|\u2606FlamingFuryFox|batton pass is banned\n|\n|t:|1698611062\n|switch|p2a: sam&cat|Scovillain, M|100\/100\n|turn|12\n|\n|t:|1698611079\n|-terastallize|p2a: sam&cat|Ground\n|move|p2a: sam&cat|Fire Blast|p1a: Corviknight\n|-supereffective|p1a: Corviknight\n|-damage|p1a: Corviknight|0 fnt\n|faint|p1a: Corviknight\n|\n|upkeep\n|c| ImGoodATM|Oh famn yeah forgot\n|\n|t:|1698611089\n|switch|p1a: Empoleon|Empoleon, M|91\/100\n|-activate|p1a: Empoleon|move: Sticky Web\n|-unboost|p1a: Empoleon|spe|1\n|-ability|p1a: Empoleon|Competitive|boost\n|-boost|p1a: Empoleon|spa|2\n|turn|13\n|\n|t:|1698611096\n|move|p2a: sam&cat|Fire Blast|p1a: Empoleon|[miss]\n|-miss|p2a: sam&cat|p1a: Empoleon\n|move|p1a: Empoleon|Surf|p2a: sam&cat\n|-supereffective|p2a: sam&cat\n|-damage|p2a: sam&cat|0 fnt\n|faint|p2a: sam&cat\n|-damage|p1a: Empoleon|81\/100|[from] item: Life Orb\n|\n|upkeep\n|\n|t:|1698611114\n|switch|p2a: sma...|Lilligant-Hisui, F|100\/100\n|turn|14\n|\n|t:|1698611126\n|-terastallize|p1a: Empoleon|Fairy\n|move|p2a: sma...|Leaf Blade|p1a: Empoleon\n|-damage|p1a: Empoleon|14\/100\n|move|p1a: Empoleon|Surf|p2a: sma...\n|-resisted|p2a: sma...\n|-damage|p2a: sma...|36\/100\n|-damage|p1a: Empoleon|5\/100|[from] item: Life Orb\n|\n|upkeep\n|turn|15\n|\n|t:|1698611136\n|move|p2a: sma...|Leaf Blade|p1a: Empoleon\n|-damage|p1a: Empoleon|0 fnt\n|faint|p1a: Empoleon\n|\n|upkeep\n|\n|t:|1698611152\n|switch|p1a: Gholdengo|Gholdengo|100\/100\n|-activate|p1a: Gholdengo|move: Sticky Web\n|-unboost|p1a: Gholdengo|spe|1\n|turn|16\n|\n|t:|1698611160\n|switch|p2a: frebby fazbear|Iron Leaves|100\/100\n|move|p1a: Gholdengo|Shadow Ball|p2a: frebby fazbear\n|-supereffective|p2a: frebby fazbear\n|-damage|p2a: frebby fazbear|18\/100\n|\n|upkeep\n|turn|17\n|\n|t:|1698611171\n|-end|p2a: frebby fazbear|Quark Drive|[silent]\n|switch|p2a: boo|Shiftry, F|100\/100\n|move|p1a: Gholdengo|Dazzling Gleam|p2a: boo\n|-supereffective|p2a: boo\n|-damage|p2a: boo|2\/100\n|\n|upkeep\n|turn|18\n|c| ImGoodATM|Why\u2019d you switch?\n|\n|t:|1698611180\n|move|p2a: boo|Tailwind|p2a: boo\n|-sidestart|p2: FlamingFuryFox|move: Tailwind\n|-ability|p2a: boo|Wind Rider|boost\n|-boost|p2a: boo|atk|1\n|move|p1a: Gholdengo|Flash Cannon|p2a: boo\n|-damage|p2a: boo|0 fnt\n|faint|p2a: boo\n|\n|upkeep\n|\n|t:|1698611186\n|switch|p2a: steve|Torterra, F|100\/100\n|turn|19\n|\n|t:|1698611192\n|move|p2a: steve|Earthquake|p1a: Gholdengo\n|-supereffective|p1a: Gholdengo\n|-damage|p1a: Gholdengo|0 fnt\n|faint|p1a: Gholdengo\n|\n|upkeep\n|\n|t:|1698611198\n|switch|p1a: Iron Treads|Iron Treads|100\/100\n|-activate|p1a: Iron Treads|move: Sticky Web\n|-unboost|p1a: Iron Treads|spe|1\n|-enditem|p1a: Iron Treads|Booster Energy\n|-activate|p1a: Iron Treads|ability: Quark Drive|[fromitem]\n|-start|p1a: Iron Treads|quarkdriveatk\n|turn|20\n|\n|t:|1698611208\n|move|p2a: steve|Wood Hammer|p1a: Iron Treads\n|-damage|p1a: Iron Treads|41\/100\n|-damage|p2a: steve|81\/100|[from] Recoil\n|move|p1a: Iron Treads|Ice Spinner|p2a: steve\n|-supereffective|p2a: steve\n|-damage|p2a: steve|0 fnt\n|faint|p2a: steve\n|\n|upkeep\n|\n|t:|1698611216\n|switch|p2a: sma...|Lilligant-Hisui, F|36\/100\n|turn|21\n|\n|t:|1698611220\n|move|p2a: sma...|Close Combat|p1a: Iron Treads\n|-supereffective|p1a: Iron Treads\n|-damage|p1a: Iron Treads|0 fnt\n|-unboost|p2a: sma...|def|1\n|-unboost|p2a: sma...|spd|1\n|faint|p1a: Iron Treads\n|-end|p1a: Iron Treads|Quark Drive|[silent]\n|\n|-sideend|p2: FlamingFuryFox|move: Tailwind\n|upkeep\n|\n|t:|1698611228\n|switch|p1a: Tinkaton|Tinkaton, F|100\/100\n|-activate|p1a: Tinkaton|move: Sticky Web\n|-unboost|p1a: Tinkaton|spe|1\n|-ability|p1a: Tinkaton|Mold Breaker\n|turn|22\n|\n|t:|1698611235\n|move|p1a: Tinkaton|Fake Out|p2a: sma...\n|-damage|p2a: sma...|12\/100\n|cant|p2a: sma...|flinch\n|\n|upkeep\n|turn|23\n|\n|t:|1698611243\n|move|p2a: sma...|Close Combat|p1a: Tinkaton\n|-damage|p1a: Tinkaton|0 fnt\n|-unboost|p2a: sma...|def|1\n|-unboost|p2a: sma...|spd|1\n|faint|p1a: Tinkaton\n|\n|upkeep\n|\n|t:|1698611250\n|switch|p1a: Kingambit|Kingambit, M|100\/100\n|-activate|p1a: Kingambit|move: Sticky Web\n|-unboost|p1a: Kingambit|spe|1\n|-activate|p1a: Kingambit|ability: Supreme Overlord\n|-start|p1a: Kingambit|fallen5|[silent]\n|turn|24\n|\n|t:|1698611259\n|move|p1a: Kingambit|Sucker Punch|p2a: sma...\n|-resisted|p2a: sma...\n|-damage|p2a: sma...|0 fnt\n|faint|p2a: sma...\n|\n|upkeep\n|\n|t:|1698611263\n|switch|p2a: frebby fazbear|Iron Leaves|18\/100\n|turn|25\n|\n|t:|1698611267\n|move|p1a: Kingambit|Sucker Punch||[still]\n|-fail|p1a: Kingambit\n|move|p2a: frebby fazbear|Calm Mind|p2a: frebby fazbear\n|-boost|p2a: frebby fazbear|spa|1\n|-boost|p2a: frebby fazbear|spd|1\n|\n|upkeep\n|turn|26\n|\n|t:|1698611276\n|move|p2a: frebby fazbear|Leaf Blade|p1a: Kingambit\n|-resisted|p1a: Kingambit\n|-damage|p1a: Kingambit|77\/100\n|-damage|p2a: frebby fazbear|8\/100|[from] item: Life Orb\n|move|p1a: Kingambit|Iron Head|p2a: frebby fazbear\n|-damage|p2a: frebby fazbear|0 fnt\n|faint|p2a: frebby fazbear\n|-end|p2a: frebby fazbear|Quark Drive|[silent]\n|\n|win|Iron Maiden 6\n|c|\u2606FlamingFuryFox|gg\n","uploadtime":1698611288,"views":8,"p1id":"ironmaiden6","p2id":"flamingfuryfox","formatid":"gen9ubers","rating":0,"private":0,"password":""}