{"id":"gen9ubers-1969300528","p1":"LadyMaria-Blue","p2":"Fellow06","format":"[Gen 9] Ubers","log":"|j|\u2606LadyMaria-Blue\n|j|\u2606Fellow06\n|t:|1697511448\n|gametype|singles\n|player|p1|LadyMaria-Blue|cynthia|\n|player|p2|Fellow06|zinnia|\n|teamsize|p1|6\n|teamsize|p2|6\n|gen|9\n|tier|[Gen 9] Ubers\n|rule|Sleep Clause Mod: Limit one foe put to sleep\n|rule|Species Clause: Limit one of each Pok\u00e9mon\n|rule|OHKO Clause: OHKO moves are banned\n|rule|Evasion Items Clause: Evasion items are banned\n|rule|Evasion Moves Clause: Evasion moves are banned\n|rule|Endless Battle Clause: Forcing endless battles is banned\n|rule|HP Percentage Mod: HP is shown in percentages\n|clearpoke\n|poke|p1|Torkoal, F|\n|poke|p1|Dragapult, F|\n|poke|p1|Magearna|\n|poke|p1|Gastrodon-East, F|\n|poke|p1|Chi-Yu|\n|poke|p1|Walking Wake|\n|poke|p2|Zacian-*|\n|poke|p2|Dragapult, F|\n|poke|p2|Shaymin-Sky|\n|poke|p2|Goodra-Hisui, F|\n|poke|p2|Kleavor, F|\n|poke|p2|Darkrai|\n|teampreview\n|inactive|Battle timer is ON: inactive players will automatically lose when time's up. (requested by Fellow06)\n|c|\u2606Fellow06|G.l.h.f.\n|c|\u2606LadyMaria-Blue|u2\n|\n|t:|1697511466\n|start\n|switch|p1a: Dragapult|Dragapult, F|100\/100\n|switch|p2a: Aggregation|Kleavor, F, shiny|100\/100\n|turn|1\n|\n|t:|1697511476\n|move|p1a: Dragapult|Draco Meteor|p2a: Aggregation\n|-enditem|p2a: Aggregation|Focus Sash\n|-damage|p2a: Aggregation|1\/100\n|-unboost|p1a: Dragapult|spa|2\n|move|p2a: Aggregation|Stone Axe|p1a: Dragapult\n|-damage|p1a: Dragapult|31\/100\n|-sidestart|p1: LadyMaria-Blue|move: Stealth Rock\n|\n|upkeep\n|turn|2\n|\n|t:|1697511486\n|move|p1a: Dragapult|Draco Meteor|p2a: Aggregation\n|-damage|p2a: Aggregation|0 fnt\n|-unboost|p1a: Dragapult|spa|2\n|faint|p2a: Aggregation\n|\n|upkeep\n|\n|t:|1697511489\n|switch|p2a: Stop Dreaming|Zacian, shiny|100\/100\n|-ability|p2a: Stop Dreaming|Intrepid Sword|boost\n|-boost|p2a: Stop Dreaming|atk|1\n|turn|3\n|\n|t:|1697511492\n|switch|p1a: Torkoal|Torkoal, F|100\/100\n|-damage|p1a: Torkoal|76\/100|[from] Stealth Rock\n|-weather|SunnyDay|[from] ability: Drought|[of] p1a: Torkoal\n|move|p2a: Stop Dreaming|Swords Dance|p2a: Stop Dreaming\n|-boost|p2a: Stop Dreaming|atk|2\n|\n|-weather|SunnyDay|[upkeep]\n|upkeep\n|turn|4\n|\n|t:|1697511499\n|move|p2a: Stop Dreaming|Wild Charge|p1a: Torkoal\n|-damage|p1a: Torkoal|24\/100\n|-damage|p2a: Stop Dreaming|87\/100|[from] Recoil\n|move|p1a: Torkoal|Yawn|p2a: Stop Dreaming\n|-start|p2a: Stop Dreaming|move: Yawn|[of] p1a: Torkoal\n|\n|-weather|SunnyDay|[upkeep]\n|upkeep\n|turn|5\n|\n|t:|1697511504\n|move|p2a: Stop Dreaming|Wild Charge|p1a: Torkoal\n|-damage|p1a: Torkoal|0 fnt\n|faint|p1a: Torkoal\n|-damage|p2a: Stop Dreaming|81\/100|[from] Recoil\n|\n|-weather|SunnyDay|[upkeep]\n|-end|p2a: Stop Dreaming|move: Yawn|[silent]\n|-status|p2a: Stop Dreaming|slp\n|upkeep\n|\n|t:|1697511507\n|switch|p1a: Magearna|Magearna|100\/100\n|-damage|p1a: Magearna|95\/100|[from] Stealth Rock\n|turn|6\n|\n|t:|1697511510\n|switch|p2a: Brieftrager|Goodra-Hisui, F, shiny|100\/100\n|move|p1a: Magearna|Shift Gear|p1a: Magearna\n|-boost|p1a: Magearna|spe|2\n|-boost|p1a: Magearna|atk|1\n|\n|-weather|SunnyDay|[upkeep]\n|upkeep\n|turn|7\n|\n|t:|1697511522\n|move|p1a: Magearna|Ice Beam|p2a: Brieftrager\n|-damage|p2a: Brieftrager|81\/100\n|-damage|p1a: Magearna|85\/100|[from] item: Life Orb\n|move|p2a: Brieftrager|Earthquake|p1a: Magearna\n|-supereffective|p1a: Magearna\n|-crit|p1a: Magearna\n|-damage|p1a: Magearna|0 fnt\n|faint|p1a: Magearna\n|\n|-weather|SunnyDay|[upkeep]\n|upkeep\n|\n|t:|1697511529\n|switch|p1a: Gastrodon|Gastrodon-East, F, shiny|100\/100\n|-damage|p1a: Gastrodon|94\/100|[from] Stealth Rock\n|turn|8\n|\n|t:|1697511532\n|move|p1a: Gastrodon|Earth Power|p2a: Brieftrager\n|-supereffective|p2a: Brieftrager\n|-damage|p2a: Brieftrager|48\/100\n|move|p2a: Brieftrager|Dragon Tail|p1a: Gastrodon|[miss]\n|-miss|p2a: Brieftrager|p1a: Gastrodon\n|\n|-weather|SunnyDay|[upkeep]\n|-heal|p1a: Gastrodon|100\/100|[from] item: Leftovers\n|upkeep\n|turn|9\n|\n|t:|1697511535\n|switch|p2a: Exhumation|Shaymin-Sky, shiny|100\/100\n|move|p1a: Gastrodon|Earth Power|p2a: Exhumation\n|-immune|p2a: Exhumation\n|\n|-weather|SunnyDay|[upkeep]\n|upkeep\n|turn|10\n|\n|t:|1697511541\n|switch|p1a: Dragapult|Dragapult, F|31\/100\n|-damage|p1a: Dragapult|18\/100|[from] Stealth Rock\n|move|p2a: Exhumation|Seed Flare|p1a: Dragapult\n|-resisted|p1a: Dragapult\n|-damage|p1a: Dragapult|0 fnt\n|faint|p1a: Dragapult\n|\n|-weather|none\n|upkeep\n|\n|t:|1697511544\n|switch|p1a: Chi-Yu|Chi-Yu|100\/100\n|-damage|p1a: Chi-Yu|76\/100|[from] Stealth Rock\n|-ability|p1a: Chi-Yu|Beads of Ruin\n|turn|11\n|\n|t:|1697511550\n|-terastallize|p2a: Exhumation|Rock\n|move|p1a: Chi-Yu|Flamethrower|p2a: Exhumation\n|-resisted|p2a: Exhumation\n|-damage|p2a: Exhumation|57\/100\n|move|p2a: Exhumation|Earth Power|p1a: Chi-Yu\n|-supereffective|p1a: Chi-Yu\n|-damage|p1a: Chi-Yu|10\/100\n|\n|upkeep\n|turn|12\n|\n|t:|1697511559\n|move|p1a: Chi-Yu|Flamethrower|p2a: Exhumation\n|-resisted|p2a: Exhumation\n|-damage|p2a: Exhumation|20\/100\n|move|p2a: Exhumation|Seed Flare|p1a: Chi-Yu\n|-resisted|p1a: Chi-Yu\n|-damage|p1a: Chi-Yu|0 fnt\n|faint|p1a: Chi-Yu\n|\n|upkeep\n|\n|t:|1697511569\n|switch|p1a: Walking Wake|Walking Wake|100\/100\n|-damage|p1a: Walking Wake|88\/100|[from] Stealth Rock\n|turn|13\n|\n|t:|1697511571\n|move|p2a: Exhumation|Seed Flare|p1a: Walking Wake|[miss]\n|-miss|p2a: Exhumation|p1a: Walking Wake\n|move|p1a: Walking Wake|Hydro Steam|p2a: Exhumation\n|-supereffective|p2a: Exhumation\n|-damage|p2a: Exhumation|0 fnt\n|faint|p2a: Exhumation\n|\n|upkeep\n|\n|t:|1697511577\n|switch|p2a: God Is Coming|Darkrai, shiny|100\/100\n|turn|14\n|\n|t:|1697511581\n|-end|p1a: Walking Wake|Protosynthesis|[silent]\n|switch|p1a: Gastrodon|Gastrodon-East, F, shiny|100\/100\n|-damage|p1a: Gastrodon|94\/100|[from] Stealth Rock\n|move|p2a: God Is Coming|Hypnosis|p1a: Gastrodon|[miss]\n|-miss|p2a: God Is Coming|p1a: Gastrodon\n|\n|-heal|p1a: Gastrodon|100\/100|[from] item: Leftovers\n|upkeep\n|turn|15\n|\n|t:|1697511586\n|move|p2a: God Is Coming|Hypnosis|p1a: Gastrodon\n|-status|p1a: Gastrodon|slp|[from] move: Hypnosis\n|cant|p1a: Gastrodon|slp\n|\n|-damage|p1a: Gastrodon|88\/100 slp|[from] ability: Bad Dreams|[of] p2a: God Is Coming\n|upkeep\n|turn|16\n|\n|t:|1697511590\n|move|p2a: God Is Coming|Nasty Plot|p2a: God Is Coming\n|-boost|p2a: God Is Coming|spa|2\n|cant|p1a: Gastrodon|slp\n|\n|-heal|p1a: Gastrodon|94\/100 slp|[from] item: Leftovers\n|-damage|p1a: Gastrodon|82\/100 slp|[from] ability: Bad Dreams|[of] p2a: God Is Coming\n|upkeep\n|turn|17\n|\n|t:|1697511594\n|move|p2a: God Is Coming|Dark Pulse|p1a: Gastrodon\n|-damage|p1a: Gastrodon|0 fnt\n|faint|p1a: Gastrodon\n|\n|upkeep\n|\n|t:|1697511597\n|switch|p1a: Walking Wake|Walking Wake|88\/100\n|-damage|p1a: Walking Wake|76\/100|[from] Stealth Rock\n|turn|18\n|c|\u2606Fellow06|I don't think Darkrai has a name in my life.\n|c|\u2606Fellow06|Lore.\n|c|\u2606Fellow06|But g.g.w.p.\n|\n|t:|1697511609\n|move|p2a: God Is Coming|Dark Pulse|p1a: Walking Wake\n|-damage|p1a: Walking Wake|0 fnt\n|faint|p1a: Walking Wake\n|-end|p1a: Walking Wake|Protosynthesis|[silent]\n|\n|win|Fellow06\n|c|\u2606LadyMaria-Blue|ggs\n|l|\u2606LadyMaria-Blue\n|j|\u2606LadyMaria-Blue\n|player|p1|LadyMaria-Blue|cynthia\n","uploadtime":1697511615,"views":33,"p1id":"ladymariablue","p2id":"fellow06","formatid":"gen9ubers","rating":0,"private":0,"password":""}