{"id":"gen9ubers-1980971746","p1":"Sebah Huesitos","p2":"Condag","format":"[Gen 9] Ubers","log":"|j|\u2606Sebah Huesitos\n|j|\u2606Condag\n|t:|1698853390\n|gametype|singles\n|player|p1|Sebah Huesitos|shadowtriad|1000\n|player|p2|Condag|klara|1035\n|teamsize|p1|6\n|teamsize|p2|6\n|gen|9\n|tier|[Gen 9] Ubers\n|rated|\n|rule|Sleep Clause Mod: Limit one foe put to sleep\n|rule|Species Clause: Limit one of each Pok\u00e9mon\n|rule|OHKO Clause: OHKO moves are banned\n|rule|Evasion Items Clause: Evasion items are banned\n|rule|Evasion Moves Clause: Evasion moves are banned\n|rule|Endless Battle Clause: Forcing endless battles is banned\n|rule|HP Percentage Mod: HP is shown in percentages\n|clearpoke\n|poke|p1|Blissey, F|\n|poke|p1|Corviknight, F|\n|poke|p1|Gliscor, M|\n|poke|p1|Toxapex, F|\n|poke|p1|Zamazenta-*|\n|poke|p1|Dusclops, M|\n|poke|p2|Dolliv, M|\n|poke|p2|Jigglypuff, F|\n|poke|p2|Vigoroth, M|\n|poke|p2|Floette, F|\n|poke|p2|Marill, M|\n|poke|p2|Mareanie, F|\n|teampreview\n|\n|t:|1698853422\n|start\n|switch|p1a: Zamazenta|Zamazenta-Crowned|100\/100\n|switch|p2a: Dolliv|Dolliv, M|100\/100\n|-ability|p1a: Zamazenta|Dauntless Shield|boost\n|-boost|p1a: Zamazenta|def|1\n|turn|1\n|\n|t:|1698853432\n|move|p1a: Zamazenta|Iron Defense|p1a: Zamazenta\n|-boost|p1a: Zamazenta|def|2\n|move|p2a: Dolliv|Leech Seed|p1a: Zamazenta\n|-start|p1a: Zamazenta|move: Leech Seed\n|\n|-damage|p1a: Zamazenta|88\/100|[from] Leech Seed|[of] p2a: Dolliv\n|upkeep\n|turn|2\n|\n|t:|1698853440\n|move|p1a: Zamazenta|Body Press|p2a: Dolliv\n|-supereffective|p2a: Dolliv\n|-damage|p2a: Dolliv|0 fnt\n|faint|p2a: Dolliv\n|\n|upkeep\n|\n|t:|1698853451\n|switch|p2a: Marill|Marill, M|100\/100\n|turn|3\n|inactive|Battle timer is ON: inactive players will automatically lose when time's up. (requested by Sebah Huesitos)\n|\n|t:|1698853457\n|move|p1a: Zamazenta|Behemoth Bash|p2a: Marill\n|-damage|p2a: Marill|72\/100\n|move|p2a: Marill|Amnesia|p2a: Marill\n|-boost|p2a: Marill|spd|2\n|\n|-damage|p1a: Zamazenta|76\/100|[from] Leech Seed|[of] p2a: Marill\n|-heal|p2a: Marill|86\/100|[silent]\n|upkeep\n|turn|4\n|\n|t:|1698853463\n|move|p1a: Zamazenta|Body Press|p2a: Marill\n|-resisted|p2a: Marill\n|-damage|p2a: Marill|53\/100\n|move|p2a: Marill|Aqua Ring|p2a: Marill\n|-start|p2a: Marill|Aqua Ring\n|\n|-heal|p2a: Marill|59\/100|[from] Aqua Ring\n|-damage|p1a: Zamazenta|63\/100|[from] Leech Seed|[of] p2a: Marill\n|-heal|p2a: Marill|73\/100|[silent]\n|upkeep\n|turn|5\n|\n|t:|1698853475\n|switch|p1a: Toxapex|Toxapex, F|100\/100\n|move|p2a: Marill|Fake Tears|p1a: Toxapex\n|-unboost|p1a: Toxapex|spd|2\n|\n|-heal|p2a: Marill|79\/100|[from] Aqua Ring\n|upkeep\n|turn|6\n|\n|t:|1698853490\n|move|p2a: Marill|Fake Tears|p1a: Toxapex\n|-unboost|p1a: Toxapex|spd|2\n|move|p1a: Toxapex|Toxic|p2a: Marill\n|-status|p2a: Marill|tox\n|\n|-heal|p2a: Marill|85\/100 tox|[from] Aqua Ring\n|-damage|p2a: Marill|79\/100 tox|[from] psn\n|upkeep\n|turn|7\n|\n|t:|1698853496\n|move|p1a: Toxapex|Baneful Bunker|p1a: Toxapex\n|-singleturn|p1a: Toxapex|move: Protect\n|move|p2a: Marill|Surf|p1a: Toxapex\n|-activate|p1a: Toxapex|move: Protect\n|\n|-heal|p2a: Marill|85\/100 tox|[from] Aqua Ring\n|-damage|p2a: Marill|73\/100 tox|[from] psn\n|upkeep\n|turn|8\n|\n|t:|1698853506\n|switch|p2a: Vigoroth|Vigoroth, M|100\/100\n|switch|p1a: Blissey|Blissey, F|100\/100\n|\n|upkeep\n|turn|9\n|\n|t:|1698853514\n|move|p1a: Blissey|Protect|p1a: Blissey\n|-singleturn|p1a: Blissey|Protect\n|move|p2a: Vigoroth|Body Slam|p1a: Blissey\n|-activate|p1a: Blissey|move: Protect\n|\n|upkeep\n|turn|10\n|\n|t:|1698853520\n|switch|p2a: Mareanie|Mareanie, F|100\/100\n|switch|p1a: Dusclops|Dusclops, M|100\/100\n|-ability|p1a: Dusclops|Pressure\n|\n|upkeep\n|turn|11\n|\n|t:|1698853528\n|move|p2a: Mareanie|Infestation|p1a: Dusclops\n|-resisted|p1a: Dusclops\n|-damage|p1a: Dusclops|99\/100\n|-activate|p1a: Dusclops|move: Infestation|[of] p2a: Mareanie\n|move|p1a: Dusclops|Night Shade|p2a: Mareanie\n|-damage|p2a: Mareanie|59\/100\n|\n|-damage|p1a: Dusclops|87\/100|[from] move: Infestation|[partiallytrapped]\n|upkeep\n|turn|12\n|\n|t:|1698853535\n|move|p2a: Mareanie|Toxic|p1a: Dusclops\n|-status|p1a: Dusclops|tox\n|move|p1a: Dusclops|Night Shade|p2a: Mareanie\n|-damage|p2a: Mareanie|18\/100\n|\n|-damage|p1a: Dusclops|81\/100 tox|[from] psn\n|-damage|p1a: Dusclops|69\/100 tox|[from] move: Infestation|[partiallytrapped]\n|upkeep\n|turn|13\n|\n|t:|1698853540\n|move|p2a: Mareanie|Recover|p2a: Mareanie\n|-heal|p2a: Mareanie|68\/100\n|move|p1a: Dusclops|Night Shade|p2a: Mareanie\n|-damage|p2a: Mareanie|27\/100\n|\n|-damage|p1a: Dusclops|57\/100 tox|[from] psn\n|-damage|p1a: Dusclops|45\/100 tox|[from] move: Infestation|[partiallytrapped]\n|upkeep\n|turn|14\n|\n|t:|1698853546\n|move|p2a: Mareanie|Recover|p2a: Mareanie\n|-heal|p2a: Mareanie|77\/100\n|move|p1a: Dusclops|Rest|p1a: Dusclops\n|-status|p1a: Dusclops|slp|[from] move: Rest\n|-heal|p1a: Dusclops|100\/100 slp|[silent]\n|\n|-damage|p1a: Dusclops|88\/100 slp|[from] move: Infestation|[partiallytrapped]\n|upkeep\n|turn|15\n|\n|t:|1698853566\n|switch|p2a: Jigglypuff|Jigglypuff, F|100\/100\n|switch|p1a: Toxapex|Toxapex, F|100\/100\n|\n|upkeep\n|turn|16\n|\n|t:|1698853572\n|move|p1a: Toxapex|Toxic|p2a: Jigglypuff\n|-status|p2a: Jigglypuff|tox\n|move|p2a: Jigglypuff|Stealth Rock|p1a: Toxapex\n|-sidestart|p1: Sebah Huesitos|move: Stealth Rock\n|\n|-damage|p2a: Jigglypuff|94\/100 tox|[from] psn\n|upkeep\n|turn|17\n|\n|t:|1698853581\n|switch|p1a: Corviknight|Corviknight, F|100\/100\n|-damage|p1a: Corviknight|88\/100|[from] Stealth Rock\n|-ability|p1a: Corviknight|Pressure\n|move|p2a: Jigglypuff|Encore||[still]\n|-fail|p2a: Jigglypuff\n|\n|-heal|p1a: Corviknight|94\/100|[from] item: Leftovers\n|-damage|p2a: Jigglypuff|82\/100 tox|[from] psn\n|upkeep\n|turn|18\n|\n|t:|1698853588\n|move|p1a: Corviknight|Defog|p2a: Jigglypuff\n|-unboost|p2a: Jigglypuff|evasion|1\n|-sideend|p1: Sebah Huesitos|Stealth Rock|[from] move: Defog|[of] p1a: Corviknight\n|move|p2a: Jigglypuff|Copycat|p2a: Jigglypuff\n|move|p2a: Jigglypuff|Defog|p1a: Corviknight|[from]move: Copycat\n|-unboost|p1a: Corviknight|evasion|1\n|\n|-heal|p1a: Corviknight|100\/100|[from] item: Leftovers\n|-damage|p2a: Jigglypuff|63\/100 tox|[from] psn\n|upkeep\n|turn|19\n|\n|t:|1698853599\n|move|p1a: Corviknight|Iron Defense|p1a: Corviknight\n|-boost|p1a: Corviknight|def|2\n|move|p2a: Jigglypuff|Encore|p1a: Corviknight\n|-start|p1a: Corviknight|Encore\n|\n|-damage|p2a: Jigglypuff|39\/100 tox|[from] psn\n|upkeep\n|turn|20\n|\n|t:|1698853607\n|switch|p2a: Marill|Marill, M|73\/100 tox\n|move|p1a: Corviknight|Iron Defense|p1a: Corviknight\n|-boost|p1a: Corviknight|def|2\n|\n|-damage|p2a: Marill|66\/100 tox|[from] psn\n|upkeep\n|turn|21\n|\n|t:|1698853611\n|move|p1a: Corviknight|Iron Defense|p1a: Corviknight\n|-boost|p1a: Corviknight|def|2\n|move|p2a: Marill|Fake Tears|p1a: Corviknight\n|-unboost|p1a: Corviknight|spd|2\n|\n|-damage|p2a: Marill|54\/100 tox|[from] psn\n|upkeep\n|turn|22\n|\n|t:|1698853621\n|switch|p1a: Toxapex|Toxapex, F|100\/100\n|move|p2a: Marill|Surf|p1a: Toxapex\n|-resisted|p1a: Toxapex\n|-damage|p1a: Toxapex|96\/100\n|\n|-heal|p1a: Toxapex|100\/100|[from] item: Black Sludge\n|-damage|p2a: Marill|36\/100 tox|[from] psn\n|upkeep\n|turn|23\n|inactive|Sebah Huesitos has 120 seconds left.\n|\n|t:|1698853652\n|move|p1a: Toxapex|Baneful Bunker|p1a: Toxapex\n|-singleturn|p1a: Toxapex|move: Protect\n|move|p2a: Marill|Fake Tears|p1a: Toxapex\n|-activate|p1a: Toxapex|move: Protect\n|\n|-damage|p2a: Marill|12\/100 tox|[from] psn\n|upkeep\n|turn|24\n|\n|t:|1698853664\n|move|p2a: Marill|Fake Tears|p1a: Toxapex\n|-unboost|p1a: Toxapex|spd|2\n|move|p1a: Toxapex|Surf|p2a: Marill\n|-resisted|p2a: Marill\n|-crit|p2a: Marill\n|-damage|p2a: Marill|0 fnt\n|faint|p2a: Marill\n|\n|upkeep\n|\n|t:|1698853674\n|switch|p2a: Floette|Floette, F|100\/100\n|turn|25\n|\n|t:|1698853678\n|move|p2a: Floette|Skill Swap|p1a: Toxapex\n|-activate|p2a: Floette|move: Skill Swap|Regenerator|Flower Veil|[of] p1a: Toxapex\n|move|p1a: Toxapex|Toxic|p2a: Floette\n|-status|p2a: Floette|tox\n|\n|-damage|p2a: Floette|94\/100 tox|[from] psn\n|upkeep\n|turn|26\n|\n|t:|1698853685\n|move|p1a: Toxapex|Baneful Bunker|p1a: Toxapex\n|-singleturn|p1a: Toxapex|move: Protect\n|move|p2a: Floette|Calm Mind|p2a: Floette\n|-boost|p2a: Floette|spa|1\n|-boost|p2a: Floette|spd|1\n|\n|-damage|p2a: Floette|82\/100 tox|[from] psn\n|upkeep\n|turn|27\n|\n|t:|1698853692\n|switch|p1a: Blissey|Blissey, F|100\/100\n|move|p2a: Floette|Calm Mind|p2a: Floette\n|-boost|p2a: Floette|spa|1\n|-boost|p2a: Floette|spd|1\n|\n|-damage|p2a: Floette|64\/100 tox|[from] psn\n|upkeep\n|turn|28\n|\n|t:|1698853722\n|switch|p2a: Vigoroth|Vigoroth, M|100\/100\n|move|p1a: Blissey|Heal Bell|p1a: Blissey\n|-activate|p1a: Blissey|move: Heal Bell\n|-curestatus|p1: Dusclops|slp|[msg]\n|\n|upkeep\n|turn|29\n|\n|t:|1698853732\n|switch|p2a: Jigglypuff|Jigglypuff, F|39\/100 tox\n|switch|p1a: Dusclops|Dusclops, M|88\/100\n|-ability|p1a: Dusclops|Pressure\n|\n|-damage|p2a: Jigglypuff|32\/100 tox|[from] psn\n|upkeep\n|turn|30\n|\n|t:|1698853746\n|switch|p1a: Corviknight|Corviknight, F|100\/100\n|-ability|p1a: Corviknight|Pressure\n|move|p2a: Jigglypuff|Stealth Rock|p1a: Corviknight\n|-sidestart|p1: Sebah Huesitos|move: Stealth Rock\n|\n|-damage|p2a: Jigglypuff|20\/100 tox|[from] psn\n|upkeep\n|turn|31\n|\n|t:|1698853755\n|move|p1a: Corviknight|Defog|p2a: Jigglypuff\n|-unboost|p2a: Jigglypuff|evasion|1\n|-sideend|p1: Sebah Huesitos|Stealth Rock|[from] move: Defog|[of] p1a: Corviknight\n|move|p2a: Jigglypuff|Encore|p1a: Corviknight\n|-start|p1a: Corviknight|Encore\n|\n|-damage|p2a: Jigglypuff|2\/100 tox|[from] psn\n|upkeep\n|turn|32\n|\n|t:|1698853761\n|move|p1a: Corviknight|Defog|p2a: Jigglypuff\n|-unboost|p2a: Jigglypuff|evasion|1\n|move|p2a: Jigglypuff|Disable|p1a: Corviknight\n|-start|p1a: Corviknight|Disable|Defog\n|\n|-damage|p2a: Jigglypuff|0 fnt|[from] psn\n|faint|p2a: Jigglypuff\n|upkeep\n|\n|t:|1698853769\n|switch|p2a: Floette|Floette, F|97\/100 tox\n|turn|33\n|\n|t:|1698853797\n|switch|p1a: Blissey|Blissey, F|100\/100\n|move|p2a: Floette|Skill Swap|p1a: Blissey\n|-activate|p2a: Floette|move: Skill Swap|Natural Cure|Flower Veil|[of] p1a: Blissey\n|\n|-damage|p2a: Floette|91\/100 tox|[from] psn\n|upkeep\n|turn|34\n|\n|t:|1698853827\n|-curestatus|p2a: Floette|tox|[from] ability: Natural Cure\n|switch|p2a: Vigoroth|Vigoroth, M|100\/100\n|move|p1a: Blissey|Seismic Toss|p2a: Vigoroth\n|-damage|p2a: Vigoroth|73\/100\n|\n|upkeep\n|turn|35\n|\n|t:|1698853840\n|switch|p2a: Mareanie|Mareanie, F|100\/100\n|move|p1a: Blissey|Protect||[still]\n|-fail|p1a: Blissey\n|\n|upkeep\n|turn|36\n|\n|t:|1698853848\n|move|p1a: Blissey|Seismic Toss|p2a: Mareanie\n|-damage|p2a: Mareanie|59\/100\n|move|p2a: Mareanie|Infestation|p1a: Blissey\n|-crit|p1a: Blissey\n|-damage|p1a: Blissey|99\/100\n|-activate|p1a: Blissey|move: Infestation|[of] p2a: Mareanie\n|\n|-heal|p1a: Blissey|100\/100|[from] item: Leftovers\n|-damage|p1a: Blissey|88\/100|[from] move: Infestation|[partiallytrapped]\n|upkeep\n|turn|37\n|\n|t:|1698853863\n|move|p1a: Blissey|Seismic Toss|p2a: Mareanie\n|-damage|p2a: Mareanie|18\/100\n|move|p2a: Mareanie|Toxic|p1a: Blissey\n|-status|p1a: Blissey|tox\n|\n|-heal|p1a: Blissey|94\/100 tox|[from] item: Leftovers\n|-damage|p1a: Blissey|88\/100 tox|[from] psn\n|-damage|p1a: Blissey|76\/100 tox|[from] move: Infestation|[partiallytrapped]\n|upkeep\n|turn|38\n|\n|t:|1698853878\n|switch|p2a: Vigoroth|Vigoroth, M|73\/100\n|move|p1a: Blissey|Seismic Toss|p2a: Vigoroth\n|-damage|p2a: Vigoroth|46\/100\n|\n|-heal|p1a: Blissey|82\/100 tox|[from] item: Leftovers\n|-damage|p1a: Blissey|69\/100 tox|[from] psn\n|-end|p1a: Blissey|Infestation|[partiallytrapped]|[silent]\n|upkeep\n|turn|39\n|\n|t:|1698853894\n|move|p2a: Vigoroth|Slack Off|p2a: Vigoroth\n|-heal|p2a: Vigoroth|96\/100\n|move|p1a: Blissey|Heal Bell|p1a: Blissey\n|-activate|p1a: Blissey|move: Heal Bell\n|-curestatus|p1a: Blissey|tox|[msg]\n|\n|-heal|p1a: Blissey|76\/100|[from] item: Leftovers\n|upkeep\n|turn|40\n|\n|t:|1698853902\n|move|p1a: Blissey|Protect|p1a: Blissey\n|-singleturn|p1a: Blissey|Protect\n|move|p2a: Vigoroth|Zen Headbutt|p1a: Blissey\n|-activate|p1a: Blissey|move: Protect\n|\n|-heal|p1a: Blissey|82\/100|[from] item: Leftovers\n|upkeep\n|turn|41\n|inactive|Sebah Huesitos has 120 seconds left.\n|\n|t:|1698853944\n|switch|p1a: Corviknight|Corviknight, F|100\/100\n|-ability|p1a: Corviknight|Pressure\n|move|p2a: Vigoroth|Zen Headbutt|p1a: Corviknight\n|-resisted|p1a: Corviknight\n|-damage|p1a: Corviknight|94\/100\n|\n|-heal|p1a: Corviknight|99\/100|[from] item: Leftovers\n|upkeep\n|turn|42\n|\n|t:|1698853952\n|move|p2a: Vigoroth|Body Slam|p1a: Corviknight\n|-resisted|p1a: Corviknight\n|-damage|p1a: Corviknight|90\/100\n|move|p1a: Corviknight|Iron Defense|p1a: Corviknight\n|-boost|p1a: Corviknight|def|2\n|\n|-heal|p1a: Corviknight|96\/100|[from] item: Leftovers\n|upkeep\n|turn|43\n|\n|t:|1698853957\n|move|p2a: Vigoroth|Body Slam|p1a: Corviknight\n|-resisted|p1a: Corviknight\n|-damage|p1a: Corviknight|91\/100\n|-status|p1a: Corviknight|par\n|cant|p1a: Corviknight|par\n|\n|-heal|p1a: Corviknight|98\/100 par|[from] item: Leftovers\n|upkeep\n|turn|44\n|\n|t:|1698853964\n|switch|p2a: Mareanie|Mareanie, F|51\/100\n|move|p1a: Corviknight|Body Press|p2a: Mareanie\n|-resisted|p2a: Mareanie\n|-damage|p2a: Mareanie|35\/100\n|\n|-heal|p1a: Corviknight|100\/100 par|[from] item: Leftovers\n|upkeep\n|turn|45\n|\n|t:|1698853972\n|move|p2a: Mareanie|Infestation|p1a: Corviknight\n|-resisted|p1a: Corviknight\n|-damage|p1a: Corviknight|99\/100 par\n|-activate|p1a: Corviknight|move: Infestation|[of] p2a: Mareanie\n|move|p1a: Corviknight|Body Press|p2a: Mareanie\n|-resisted|p2a: Mareanie\n|-damage|p2a: Mareanie|17\/100\n|\n|-heal|p1a: Corviknight|100\/100 par|[from] item: Leftovers\n|-damage|p1a: Corviknight|88\/100 par|[from] move: Infestation|[partiallytrapped]\n|upkeep\n|turn|46\n|\n|t:|1698853981\n|move|p2a: Mareanie|Recover|p2a: Mareanie\n|-heal|p2a: Mareanie|67\/100\n|move|p1a: Corviknight|Iron Defense|p1a: Corviknight\n|-boost|p1a: Corviknight|def|2\n|\n|-heal|p1a: Corviknight|94\/100 par|[from] item: Leftovers\n|-damage|p1a: Corviknight|82\/100 par|[from] move: Infestation|[partiallytrapped]\n|upkeep\n|turn|47\n|\n|t:|1698853986\n|move|p2a: Mareanie|Toxic Spikes|p1a: Corviknight\n|-sidestart|p1: Sebah Huesitos|move: Toxic Spikes\n|move|p1a: Corviknight|Body Press|p2a: Mareanie\n|-resisted|p2a: Mareanie\n|-damage|p2a: Mareanie|41\/100\n|\n|-heal|p1a: Corviknight|88\/100 par|[from] item: Leftovers\n|-damage|p1a: Corviknight|75\/100 par|[from] move: Infestation|[partiallytrapped]\n|upkeep\n|turn|48\n|\n|t:|1698853993\n|move|p2a: Mareanie|Recover|p2a: Mareanie\n|-heal|p2a: Mareanie|91\/100\n|move|p1a: Corviknight|Body Press|p2a: Mareanie\n|-resisted|p2a: Mareanie\n|-damage|p2a: Mareanie|65\/100\n|\n|-heal|p1a: Corviknight|82\/100 par|[from] item: Leftovers\n|-damage|p1a: Corviknight|69\/100 par|[from] move: Infestation|[partiallytrapped]\n|upkeep\n|turn|49\n|\n|t:|1698854002\n|move|p2a: Mareanie|Toxic Spikes|p1a: Corviknight\n|-sidestart|p1: Sebah Huesitos|move: Toxic Spikes\n|cant|p1a: Corviknight|par\n|\n|-heal|p1a: Corviknight|75\/100 par|[from] item: Leftovers\n|-end|p1a: Corviknight|Infestation|[partiallytrapped]\n|upkeep\n|turn|50\n|inactive|Sebah Huesitos has 120 seconds left.\n|\n|t:|1698854034\n|switch|p1a: Toxapex|Toxapex, F|100\/100\n|-sideend|p1: Sebah Huesitos|move: Toxic Spikes|[of] p1a: Toxapex\n|move|p2a: Mareanie|Infestation|p1a: Toxapex\n|-resisted|p1a: Toxapex\n|-damage|p1a: Toxapex|99\/100\n|-activate|p1a: Toxapex|move: Infestation|[of] p2a: Mareanie\n|\n|-heal|p1a: Toxapex|100\/100|[from] item: Black Sludge\n|-damage|p1a: Toxapex|88\/100|[from] move: Infestation|[partiallytrapped]\n|upkeep\n|turn|51\n|inactive|Sebah Huesitos has 120 seconds left.\n|\n|t:|1698854049\n|move|p2a: Mareanie|Toxic Spikes|p1a: Toxapex\n|-sidestart|p1: Sebah Huesitos|move: Toxic Spikes\n|move|p1a: Toxapex|Surf|p2a: Mareanie\n|-resisted|p2a: Mareanie\n|-damage|p2a: Mareanie|55\/100\n|\n|-heal|p1a: Toxapex|94\/100|[from] item: Black Sludge\n|-damage|p1a: Toxapex|82\/100|[from] move: Infestation|[partiallytrapped]\n|upkeep\n|turn|52\n|\n|t:|1698854058\n|move|p2a: Mareanie|Toxic Spikes|p1a: Toxapex\n|-sidestart|p1: Sebah Huesitos|move: Toxic Spikes\n|move|p1a: Toxapex|Surf|p2a: Mareanie\n|-resisted|p2a: Mareanie\n|-damage|p2a: Mareanie|44\/100\n|\n|-heal|p1a: Toxapex|88\/100|[from] item: Black Sludge\n|-damage|p1a: Toxapex|75\/100|[from] move: Infestation|[partiallytrapped]\n|upkeep\n|turn|53\n|\n|t:|1698854067\n|switch|p2a: Floette|Floette, F|91\/100\n|move|p1a: Toxapex|Surf|p2a: Floette\n|-damage|p2a: Floette|80\/100\n|\n|-heal|p1a: Toxapex|82\/100|[from] item: Black Sludge\n|-end|p1a: Toxapex|Infestation|[partiallytrapped]|[silent]\n|upkeep\n|turn|54\n|\n|t:|1698854074\n|switch|p2a: Mareanie|Mareanie, F|77\/100\n|move|p1a: Toxapex|Toxic|p2a: Mareanie\n|-immune|p2a: Mareanie\n|\n|-heal|p1a: Toxapex|88\/100|[from] item: Black Sludge\n|upkeep\n|turn|55\n|inactive|Sebah Huesitos has 120 seconds left.\n|\n|t:|1698854110\n|switch|p1a: Blissey|Blissey, F|82\/100\n|-status|p1a: Blissey|tox\n|move|p2a: Mareanie|Infestation|p1a: Blissey\n|-damage|p1a: Blissey|81\/100 tox\n|-activate|p1a: Blissey|move: Infestation|[of] p2a: Mareanie\n|\n|-heal|p1a: Blissey|87\/100 tox|[from] item: Leftovers\n|-damage|p1a: Blissey|81\/100 tox|[from] psn\n|-damage|p1a: Blissey|68\/100 tox|[from] move: Infestation|[partiallytrapped]\n|upkeep\n|turn|56\n|inactive|Condag has 120 seconds left.\n|inactive|Condag has 90 seconds left.\n|\n|t:|1698854174\n|move|p1a: Blissey|Heal Bell|p1a: Blissey\n|-activate|p1a: Blissey|move: Heal Bell\n|-curestatus|p1a: Blissey|tox|[msg]\n|-curestatus|p1: Corviknight|par|[msg]\n|move|p2a: Mareanie|Toxic|p1a: Blissey\n|-status|p1a: Blissey|tox\n|\n|-heal|p1a: Blissey|75\/100 tox|[from] item: Leftovers\n|-damage|p1a: Blissey|68\/100 tox|[from] psn\n|-damage|p1a: Blissey|56\/100 tox|[from] move: Infestation|[partiallytrapped]\n|upkeep\n|turn|57\n|inactive|Sebah Huesitos has 120 seconds left.\n|inactive|Condag has 90 seconds left.\n|\n|t:|1698854186\n|move|p1a: Blissey|Soft-Boiled|p1a: Blissey\n|-heal|p1a: Blissey|100\/100 tox\n|move|p2a: Mareanie|Toxic|p1a: Blissey\n|-fail|p1a: Blissey|tox\n|\n|-damage|p1a: Blissey|88\/100 tox|[from] psn\n|-damage|p1a: Blissey|76\/100 tox|[from] move: Infestation|[partiallytrapped]\n|upkeep\n|turn|58\n|inactive|Sebah Huesitos has 120 seconds left.\n|\n|t:|1698854199\n|move|p1a: Blissey|Soft-Boiled|p1a: Blissey\n|-heal|p1a: Blissey|100\/100 tox\n|move|p2a: Mareanie|Toxic|p1a: Blissey\n|-fail|p1a: Blissey|tox\n|\n|-damage|p1a: Blissey|82\/100 tox|[from] psn\n|-damage|p1a: Blissey|70\/100 tox|[from] move: Infestation|[partiallytrapped]\n|upkeep\n|turn|59\n|inactive|Sebah Huesitos has 120 seconds left.\n|\n|t:|1698854222\n|move|p1a: Blissey|Heal Bell|p1a: Blissey\n|-activate|p1a: Blissey|move: Heal Bell\n|-curestatus|p1a: Blissey|tox|[msg]\n|move|p2a: Mareanie|Toxic|p1a: Blissey\n|-status|p1a: Blissey|tox\n|\n|-heal|p1a: Blissey|76\/100 tox|[from] item: Leftovers\n|-damage|p1a: Blissey|70\/100 tox|[from] psn\n|-damage|p1a: Blissey|57\/100 tox|[from] move: Infestation|[partiallytrapped]\n|upkeep\n|turn|60\n|inactive|Condag has 90 seconds left.\n|\n|t:|1698854249\n|switch|p2a: Floette|Floette, F|80\/100\n|move|p1a: Blissey|Soft-Boiled|p1a: Blissey\n|-heal|p1a: Blissey|100\/100 tox\n|\n|-damage|p1a: Blissey|88\/100 tox|[from] psn\n|-end|p1a: Blissey|Infestation|[partiallytrapped]\n|upkeep\n|turn|61\n|inactive|Sebah Huesitos has 120 seconds left.\n|inactive|Condag has 90 seconds left.\n|\n|t:|1698854257\n|-curestatus|p1a: Blissey|tox|[from] ability: Natural Cure\n|switch|p1a: Gliscor|Gliscor, M|100\/100\n|move|p2a: Floette|Skill Swap|p1a: Gliscor\n|-activate|p2a: Floette|move: Skill Swap|Poison Heal|Flower Veil|[of] p1a: Gliscor\n|\n|-status|p1a: Gliscor|tox|[from] item: Toxic Orb\n|upkeep\n|turn|62\n|inactive|Sebah Huesitos has 120 seconds left.\n|inactive|Condag has 90 seconds left.\n|\n|t:|1698854282\n|switch|p1a: Corviknight|Corviknight, F|75\/100\n|-ability|p1a: Corviknight|Pressure\n|move|p2a: Floette|Calm Mind|p2a: Floette\n|-boost|p2a: Floette|spa|1\n|-boost|p2a: Floette|spd|1\n|\n|-heal|p1a: Corviknight|82\/100|[from] item: Leftovers\n|upkeep\n|turn|63\n|inactive|Condag has 90 seconds left.\n|\n|t:|1698854293\n|move|p1a: Corviknight|Defog|p2a: Floette\n|-unboost|p2a: Floette|evasion|1\n|-sideend|p1: Sebah Huesitos|Toxic Spikes|[from] move: Defog|[of] p1a: Corviknight\n|move|p2a: Floette|Calm Mind|p2a: Floette\n|-boost|p2a: Floette|spa|1\n|-boost|p2a: Floette|spd|1\n|\n|-heal|p1a: Corviknight|88\/100|[from] item: Leftovers\n|upkeep\n|turn|64\n|inactive|Sebah Huesitos has 120 seconds left.\n|inactive|Sebah Huesitos has 90 seconds left.\n|\n|t:|1698854338\n|switch|p1a: Zamazenta|Zamazenta-Crowned|63\/100\n|move|p2a: Floette|Calm Mind|p2a: Floette\n|-boost|p2a: Floette|spa|1\n|-boost|p2a: Floette|spd|1\n|\n|upkeep\n|turn|65\n|inactive|Sebah Huesitos has 90 seconds left.\n|inactive|Condag has 90 seconds left.\n|\n|t:|1698854361\n|switch|p2a: Mareanie|Mareanie, F|100\/100\n|move|p1a: Zamazenta|Behemoth Bash|p2a: Mareanie\n|-resisted|p2a: Mareanie\n|-damage|p2a: Mareanie|84\/100\n|\n|upkeep\n|turn|66\n|inactive|Condag has 90 seconds left.\n|inactive|Sebah Huesitos has 90 seconds left.\n|inactive|Sebah Huesitos has 60 seconds left.\n|\n|t:|1698854410\n|switch|p1a: Gliscor|Gliscor, M|100\/100 tox\n|move|p2a: Mareanie|Infestation|p1a: Gliscor\n|-resisted|p1a: Gliscor\n|-damage|p1a: Gliscor|99\/100 tox\n|-activate|p1a: Gliscor|move: Infestation|[of] p2a: Mareanie\n|\n|-heal|p1a: Gliscor|100\/100 tox|[from] ability: Poison Heal\n|-damage|p1a: Gliscor|88\/100 tox|[from] move: Infestation|[partiallytrapped]\n|upkeep\n|turn|67\n|inactive|Sebah Huesitos has 60 seconds left.\n|inactive|Condag has 90 seconds left.\n|\n|t:|1698854422\n|switch|p2a: Floette|Floette, F|80\/100\n|move|p1a: Gliscor|Knock Off|p2a: Floette\n|-resisted|p2a: Floette\n|-damage|p2a: Floette|61\/100\n|-enditem|p2a: Floette|Eviolite|[from] move: Knock Off|[of] p1a: Gliscor\n|\n|-heal|p1a: Gliscor|100\/100 tox|[from] ability: Poison Heal\n|-end|p1a: Gliscor|Infestation|[partiallytrapped]|[silent]\n|upkeep\n|turn|68\n|inactive|Sebah Huesitos has 60 seconds left.\n|\n|t:|1698854432\n|move|p1a: Gliscor|Substitute|p1a: Gliscor\n|-start|p1a: Gliscor|Substitute\n|-damage|p1a: Gliscor|76\/100 tox\n|move|p2a: Floette|Skill Swap|p1a: Gliscor\n|-activate|p2a: Floette|move: Skill Swap|Poison Heal|Flower Veil|[of] p1a: Gliscor\n|\n|-damage|p1a: Gliscor|57\/100 tox|[from] psn\n|upkeep\n|turn|69\n|\n|t:|1698854440\n|move|p1a: Gliscor|Dual Wingbeat|p2a: Floette\n|-damage|p2a: Floette|26\/100\n|-damage|p2a: Floette|0 fnt\n|faint|p2a: Floette\n|-hitcount|p2: Floette|2\n|\n|-damage|p1a: Gliscor|32\/100 tox|[from] psn\n|upkeep\n|\n|t:|1698854452\n|switch|p2a: Mareanie|Mareanie, F|100\/100\n|turn|70\n|inactive|Condag has 90 seconds left.\n|inactive|Condag has 60 seconds left.\n|\n|t:|1698854527\n|move|p1a: Gliscor|Knock Off|p2a: Mareanie\n|-damage|p2a: Mareanie|76\/100\n|-enditem|p2a: Mareanie|Eviolite|[from] move: Knock Off|[of] p1a: Gliscor\n|move|p2a: Mareanie|Toxic Spikes|p1a: Gliscor\n|-sidestart|p1: Sebah Huesitos|move: Toxic Spikes\n|\n|-damage|p1a: Gliscor|2\/100 tox|[from] psn\n|upkeep\n|turn|71\n|inactive|Sebah Huesitos has 60 seconds left.\n|\n|t:|1698854563\n|switch|p1a: Zamazenta|Zamazenta-Crowned|63\/100\n|switch|p2a: Vigoroth|Vigoroth, M|96\/100\n|\n|upkeep\n|turn|72\n|\n|t:|1698854573\n|move|p1a: Zamazenta|Body Press|p2a: Vigoroth\n|-supereffective|p2a: Vigoroth\n|-damage|p2a: Vigoroth|59\/100\n|move|p2a: Vigoroth|Counter|p1a: Zamazenta\n|-damage|p1a: Zamazenta|0 fnt\n|faint|p1a: Zamazenta\n|\n|upkeep\n|inactive|Sebah Huesitos has 30 seconds left.\n|inactive|Sebah Huesitos has 20 seconds left.\n|\n|t:|1698854615\n|switch|p1a: Gliscor|Gliscor, M|2\/100 tox\n|turn|73\n|inactive|Sebah Huesitos has 30 seconds left this turn.\n|\n|t:|1698854622\n|move|p1a: Gliscor|Dual Wingbeat|p2a: Vigoroth\n|-damage|p2a: Vigoroth|49\/100\n|-damage|p2a: Vigoroth|40\/100\n|-hitcount|p2a: Vigoroth|2\n|move|p2a: Vigoroth|Body Slam|p1a: Gliscor\n|-damage|p1a: Gliscor|0 fnt\n|faint|p1a: Gliscor\n|\n|upkeep\n|inactive|Sebah Huesitos has 30 seconds left this turn.\n|inactive|Sebah Huesitos has 20 seconds left.\n|\n|t:|1698854632\n|switch|p1a: Corviknight|Corviknight, F|88\/100\n|-ability|p1a: Corviknight|Pressure\n|turn|74\n|inactive|Sebah Huesitos has 30 seconds left this turn.\n|\n|t:|1698854637\n|move|p2a: Vigoroth|Slack Off|p2a: Vigoroth\n|-heal|p2a: Vigoroth|90\/100\n|move|p1a: Corviknight|Iron Defense|p1a: Corviknight\n|-boost|p1a: Corviknight|def|2\n|\n|-heal|p1a: Corviknight|94\/100|[from] item: Leftovers\n|upkeep\n|turn|75\n|inactive|Condag has 60 seconds left.\n|inactive|Sebah Huesitos has 30 seconds left.\n|inactive|Sebah Huesitos has 20 seconds left.\n|inactive|Sebah Huesitos has 15 seconds left.\n|inactive|Sebah Huesitos has 10 seconds left.\n|inactive|Sebah Huesitos has 5 seconds left.\n|-message|Sebah Huesitos lost due to inactivity.\n|\n|win|Condag\n|raw|Sebah Huesitos's rating: 1000 &rarr; <strong>1000<\/strong><br \/>(+0 for losing)\n|raw|Condag's rating: 1035 &rarr; <strong>1066<\/strong><br \/>(+31 for winning)\n","uploadtime":1698854693,"views":12,"p1id":"sebahhuesitos","p2id":"condag","formatid":"gen9ubers","rating":1000,"private":0,"password":""}