{"id":"gen9ubers-1976348925","p1":"Kinesquared","p2":"Nitro524","format":"[Gen 9] Ubers","log":"|j|\u2606Kinesquared\n|j|\u2606Nitro524\n|t:|1698289665\n|gametype|singles\n|player|p1|Kinesquared|scientist-gen4dp|\n|player|p2|Nitro524|170|\n|teamsize|p1|6\n|teamsize|p2|6\n|gen|9\n|tier|[Gen 9] Ubers\n|rule|Sleep Clause Mod: Limit one foe put to sleep\n|rule|Species Clause: Limit one of each Pok\u00e9mon\n|rule|OHKO Clause: OHKO moves are banned\n|rule|Evasion Items Clause: Evasion items are banned\n|rule|Evasion Moves Clause: Evasion moves are banned\n|rule|Endless Battle Clause: Forcing endless battles is banned\n|rule|HP Percentage Mod: HP is shown in percentages\n|clearpoke\n|poke|p1|Arceus-Ice|\n|poke|p1|Palafin, F|\n|poke|p1|Slowking-Galar, M|\n|poke|p1|Dialga|\n|poke|p1|Cyclizar, F|\n|poke|p1|Zacian-*|\n|poke|p2|Torkoal, F|\n|poke|p2|Chi-Yu|\n|poke|p2|Cyclizar, F|\n|poke|p2|Magearna|\n|poke|p2|Roaring Moon|\n|poke|p2|Walking Wake|\n|teampreview\n|c|\u2606Kinesquared|yo\n|c|\u2606Nitro524|ayo\n|c|\u2606Nitro524|glhf\n|c|\u2606Kinesquared|u2\n|j| PinkScourge\n|j| Finchely\n|j| fwuffypetsowo\n|j| 1P1o1s1h1e1\n|\n|t:|1698289716\n|start\n|switch|p1a: Palafin|Palafin, F|100\/100\n|switch|p2a: Magearna|Magearna|100\/100\n|turn|1\n|j| uubers account\n|c| 1P1o1s1h1e1|time to judge the chi yu set\n|\n|t:|1698289725\n|move|p1a: Palafin|Jet Punch|p2a: Magearna\n|-damage|p2a: Magearna|80\/100\n|move|p2a: Magearna|Iron Defense|p2a: Magearna\n|-boost|p2a: Magearna|def|2\n|\n|-heal|p2a: Magearna|86\/100|[from] item: Leftovers\n|upkeep\n|turn|2\n|\n|t:|1698289736\n|detailschange|p1a: Palafin|Palafin-Hero, F\n|switch|p1a: Dialga|Dialga|100\/100\n|-ability|p1a: Dialga|Pressure\n|move|p2a: Magearna|Calm Mind|p2a: Magearna\n|-boost|p2a: Magearna|spa|1\n|-boost|p2a: Magearna|spd|1\n|\n|-heal|p2a: Magearna|92\/100|[from] item: Leftovers\n|upkeep\n|turn|3\n|j| bryenw\n|c| Finchely|not bitch bot\n|\n|t:|1698289757\n|move|p1a: Dialga|Stealth Rock|p2a: Magearna\n|-sidestart|p2: Nitro524|move: Stealth Rock\n|move|p2a: Magearna|Stored Power|p1a: Dialga\n|-resisted|p1a: Dialga\n|-crit|p1a: Dialga\n|-damage|p1a: Dialga|72\/100\n|\n|-heal|p1a: Dialga|78\/100|[from] item: Leftovers\n|-heal|p2a: Magearna|98\/100|[from] item: Leftovers\n|upkeep\n|turn|4\n|j| Leo Justice\n|\n|t:|1698289776\n|move|p2a: Magearna|Draining Kiss|p1a: Dialga\n|-damage|p1a: Dialga|53\/100\n|-heal|p2a: Magearna|100\/100|[from] drain|[of] p1a: Dialga\n|move|p1a: Dialga|Roar|p2a: Magearna\n|drag|p2a: Walking Wake|Walking Wake|100\/100\n|-damage|p2a: Walking Wake|88\/100|[from] Stealth Rock\n|\n|-heal|p1a: Dialga|59\/100|[from] item: Leftovers\n|upkeep\n|turn|5\n|\n|t:|1698289797\n|switch|p1a: Slowking|Slowking-Galar, M|100\/100\n|move|p2a: Walking Wake|Draco Meteor|p1a: Slowking\n|-damage|p1a: Slowking|43\/100\n|-unboost|p2a: Walking Wake|spa|2\n|\n|upkeep\n|turn|6\n|\n|t:|1698289806\n|-end|p2a: Walking Wake|Protosynthesis|[silent]\n|switch|p2a: Torkoal|Torkoal, F|100\/100\n|-damage|p2a: Torkoal|76\/100|[from] Stealth Rock\n|-weather|SunnyDay|[from] ability: Drought|[of] p2a: Torkoal\n|move|p1a: Slowking|Future Sight|p2a: Torkoal\n|-start|p1a: Slowking|move: Future Sight\n|\n|-weather|SunnyDay|[upkeep]\n|upkeep\n|turn|7\n|\n|t:|1698289813\n|move|p2a: Torkoal|Rapid Spin|p1a: Slowking\n|-damage|p1a: Slowking|31\/100\n|-boost|p2a: Torkoal|spe|1\n|-sideend|p2: Nitro524|Stealth Rock|[from] move: Rapid Spin|[of] p2a: Torkoal\n|move|p1a: Slowking|Chilly Reception|p1a: Slowking\n|-weather|Snow\n|\n|t:|1698289829\n|switch|p1a: Palafin|Palafin-Hero, F|100\/100|[from] Chilly Reception\n|-activate|p1a: Palafin|ability: Zero to Hero\n|\n|-weather|Snow|[upkeep]\n|upkeep\n|turn|8\n|j| FrostyRandom02\n|\n|t:|1698289851\n|move|p1a: Palafin|Wave Crash|p2a: Torkoal\n|-supereffective|p2a: Torkoal\n|-damage|p2a: Torkoal|0 fnt\n|faint|p2a: Torkoal\n|-damage|p1a: Palafin|79\/100|[from] Recoil\n|\n|-weather|Snow|[upkeep]\n|-hint|Future Sight did not hit because the target is fainted.\n|upkeep\n|\n|t:|1698289866\n|switch|p2a: Walking Wake|Walking Wake|88\/100\n|turn|9\n|\n|t:|1698289884\n|switch|p1a: Arceus|Arceus-Ice|100\/100\n|move|p2a: Walking Wake|Draco Meteor|p1a: Arceus\n|-damage|p1a: Arceus|41\/100\n|-unboost|p2a: Walking Wake|spa|2\n|\n|-weather|Snow|[upkeep]\n|upkeep\n|turn|10\n|\n|t:|1698289922\n|-end|p2a: Walking Wake|Protosynthesis|[silent]\n|switch|p2a: Chi-Yu|Chi-Yu|100\/100\n|-ability|p2a: Chi-Yu|Beads of Ruin\n|move|p1a: Arceus|Recover|p1a: Arceus\n|-heal|p1a: Arceus|91\/100\n|\n|-weather|Snow|[upkeep]\n|upkeep\n|turn|11\n|\n|t:|1698289981\n|switch|p1a: Dialga|Dialga|59\/100\n|-ability|p1a: Dialga|Pressure\n|move|p2a: Chi-Yu|Overheat|p1a: Dialga\n|-damage|p1a: Dialga|0 fnt\n|-unboost|p2a: Chi-Yu|spa|2\n|faint|p1a: Dialga\n|\n|-weather|none\n|upkeep\n|\n|t:|1698289997\n|switch|p1a: Slowking|Slowking-Galar, M|64\/100\n|turn|12\n|\n|t:|1698290022\n|switch|p2a: Magearna|Magearna|100\/100\n|move|p1a: Slowking|Future Sight|p2a: Magearna\n|-start|p1a: Slowking|move: Future Sight\n|\n|upkeep\n|turn|13\n|l| Finchely\n|\n|t:|1698290034\n|move|p2a: Magearna|Iron Defense|p2a: Magearna\n|-boost|p2a: Magearna|def|2\n|move|p1a: Slowking|Chilly Reception|p1a: Slowking\n|-weather|Snow\n|\n|t:|1698290039\n|switch|p1a: Cyclizar|Cyclizar, F|100\/100|[from] Chilly Reception\n|\n|-weather|Snow|[upkeep]\n|upkeep\n|turn|14\n|\n|t:|1698290056\n|move|p1a: Cyclizar|Taunt|p2a: Magearna\n|-start|p2a: Magearna|move: Taunt\n|move|p2a: Magearna|Draining Kiss|p1a: Cyclizar\n|-supereffective|p1a: Cyclizar\n|-crit|p1a: Cyclizar\n|-damage|p1a: Cyclizar|15\/100\n|\n|-weather|Snow|[upkeep]\n|-end|p2a: Magearna|move: Future Sight\n|-resisted|p2a: Magearna\n|-damage|p2a: Magearna|82\/100\n|-heal|p2a: Magearna|88\/100|[from] item: Leftovers\n|upkeep\n|turn|15\n|\n|t:|1698290068\n|move|p1a: Cyclizar|Knock Off|p2a: Magearna\n|-resisted|p2a: Magearna\n|-damage|p2a: Magearna|85\/100\n|-enditem|p2a: Magearna|Leftovers|[from] move: Knock Off|[of] p1a: Cyclizar\n|move|p2a: Magearna|Draining Kiss|p1a: Cyclizar\n|-supereffective|p1a: Cyclizar\n|-damage|p1a: Cyclizar|0 fnt\n|-heal|p2a: Magearna|95\/100|[from] drain|[of] p1a: Cyclizar\n|faint|p1a: Cyclizar\n|-ability|p2a: Magearna|Soul-Heart|boost\n|-boost|p2a: Magearna|spa|1\n|\n|-weather|Snow|[upkeep]\n|upkeep\n|\n|t:|1698290082\n|switch|p1a: Arceus|Arceus-Ice|91\/100\n|turn|16\n|\n|t:|1698290101\n|move|p1a: Arceus|Thunderbolt|p2a: Magearna\n|-damage|p2a: Magearna|74\/100\n|move|p2a: Magearna|Draining Kiss|p1a: Arceus\n|-damage|p1a: Arceus|70\/100\n|-heal|p2a: Magearna|94\/100|[from] drain|[of] p1a: Arceus\n|\n|-weather|Snow|[upkeep]\n|-end|p2a: Magearna|move: Taunt\n|upkeep\n|turn|17\n|\n|t:|1698290111\n|move|p1a: Arceus|Calm Mind|p1a: Arceus\n|-boost|p1a: Arceus|spa|1\n|-boost|p1a: Arceus|spd|1\n|move|p2a: Magearna|Calm Mind|p2a: Magearna\n|-boost|p2a: Magearna|spa|1\n|-boost|p2a: Magearna|spd|1\n|\n|-weather|none\n|upkeep\n|turn|18\n|\n|t:|1698290128\n|move|p1a: Arceus|Calm Mind|p1a: Arceus\n|-boost|p1a: Arceus|spa|1\n|-boost|p1a: Arceus|spd|1\n|move|p2a: Magearna|Calm Mind|p2a: Magearna\n|-boost|p2a: Magearna|spa|1\n|-boost|p2a: Magearna|spd|1\n|\n|upkeep\n|turn|19\n|\n|t:|1698290162\n|move|p1a: Arceus|Thunderbolt|p2a: Magearna\n|-damage|p2a: Magearna|75\/100\n|move|p2a: Magearna|Stored Power|p1a: Arceus\n|-damage|p1a: Arceus|33\/100\n|\n|upkeep\n|turn|20\n|l| 1P1o1s1h1e1\n|\n|t:|1698290203\n|move|p1a: Arceus|Calm Mind|p1a: Arceus\n|-boost|p1a: Arceus|spa|1\n|-boost|p1a: Arceus|spd|1\n|move|p2a: Magearna|Calm Mind|p2a: Magearna\n|-boost|p2a: Magearna|spa|1\n|-boost|p2a: Magearna|spd|1\n|\n|upkeep\n|turn|21\n|\n|t:|1698290212\n|move|p1a: Arceus|Thunderbolt|p2a: Magearna\n|-damage|p2a: Magearna|56\/100\n|move|p2a: Magearna|Stored Power|p1a: Arceus\n|-damage|p1a: Arceus|0 fnt\n|faint|p1a: Arceus\n|-ability|p2a: Magearna|Soul-Heart|boost\n|-boost|p2a: Magearna|spa|1\n|\n|upkeep\n|\n|t:|1698290220\n|switch|p1a: Palafin|Palafin-Hero, F|79\/100\n|turn|22\n|\n|t:|1698290228\n|move|p1a: Palafin|Wave Crash|p2a: Magearna\n|-damage|p2a: Magearna|18\/100\n|-damage|p1a: Palafin|68\/100|[from] Recoil\n|move|p2a: Magearna|Draining Kiss|p1a: Palafin\n|-damage|p1a: Palafin|0 fnt\n|-heal|p2a: Magearna|74\/100|[from] drain|[of] p1a: Palafin\n|faint|p1a: Palafin\n|-ability|p2a: Magearna|Soul-Heart|boost\n|-boost|p2a: Magearna|spa|1\n|\n|upkeep\n|c|\u2606Kinesquared|f thats gg\n|\n|t:|1698290245\n|switch|p1a: Zacian|Zacian|100\/100\n|-ability|p1a: Zacian|Intrepid Sword|boost\n|-boost|p1a: Zacian|atk|1\n|turn|23\n|c| Leo Justice|gg\n|c|\u2606Nitro524|ggs\n|c| Leo Justice|unless\n|c| bryenw|manaphy but better!\n|c|\u2606Kinesquared|no lol\n|c| Leo Justice|Zacian Tera ground?\n|\n|t:|1698290260\n|move|p1a: Zacian|Close Combat|p2a: Magearna\n|-damage|p2a: Magearna|57\/100\n|-unboost|p1a: Zacian|def|1\n|-unboost|p1a: Zacian|spd|1\n|move|p2a: Magearna|Draining Kiss|p1a: Zacian\n|-damage|p1a: Zacian|0 fnt\n|-heal|p2a: Magearna|100\/100|[from] drain|[of] p1a: Zacian\n|faint|p1a: Zacian\n|\n|upkeep\n|c|\u2606Kinesquared|i forgot this wasn't tera fire\n|\n|t:|1698290272\n|switch|p1a: Slowking|Slowking-Galar, M|97\/100\n|turn|24\n|\n|t:|1698290277\n|move|p2a: Magearna|Stored Power|p1a: Slowking\n|-damage|p1a: Slowking|0 fnt\n|faint|p1a: Slowking\n|\n|win|Nitro524\n|c|\u2606Nitro524|ggs!\n|c| bryenw|gg\n|c|\u2606Nitro524|that was fun\n|l| FrostyRandom02\n","uploadtime":1698290301,"views":24,"p1id":"kinesquared","p2id":"nitro524","formatid":"gen9ubers","rating":0,"private":0,"password":""}