{"id":"gen9ubers-1983678993","p1":"Undead_Redhead","p2":"Manatsu","format":"[Gen 9] Ubers","log":"|j|\u2606Undead_Redhead\n|j|\u2606Manatsu\n|t:|1699159472\n|gametype|singles\n|player|p1|Undead_Redhead|flannery|\n|player|p2|Manatsu|265|\n|teamsize|p1|6\n|teamsize|p2|6\n|gen|9\n|tier|[Gen 9] Ubers\n|rule|Sleep Clause Mod: Limit one foe put to sleep\n|rule|Species Clause: Limit one of each Pok\u00e9mon\n|rule|OHKO Clause: OHKO moves are banned\n|rule|Evasion Items Clause: Evasion items are banned\n|rule|Evasion Moves Clause: Evasion moves are banned\n|rule|Endless Battle Clause: Forcing endless battles is banned\n|rule|HP Percentage Mod: HP is shown in percentages\n|clearpoke\n|poke|p1|Landorus-Therian, M|\n|poke|p1|Volcanion|\n|poke|p1|Zapdos|\n|poke|p1|Meowscarada, M|\n|poke|p1|Trevenant, F|\n|poke|p1|Clefable, F|\n|poke|p2|Clodsire, F|\n|poke|p2|Masquerain, F|\n|poke|p2|Lilligant-Hisui, F|\n|poke|p2|Torkoal, F|\n|poke|p2|Walking Wake|\n|poke|p2|Ogerpon-Cornerstone, F|\n|teampreview\n|inactive|Battle timer is ON: inactive players will automatically lose when time's up. (requested by Manatsu)\n|inactiveoff|Battle timer is now OFF.\n|\n|t:|1699159498\n|start\n|switch|p1a: Landorus|Landorus-Therian, M|100\/100\n|switch|p2a: Masquerain|Masquerain, F|100\/100\n|-ability|p1a: Landorus|Intimidate|boost\n|-unboost|p2a: Masquerain|atk|1\n|-ability|p2a: Masquerain|Intimidate|boost\n|-unboost|p1a: Landorus|atk|1\n|turn|1\n|j| justinrockin\n|\n|t:|1699159520\n|move|p1a: Landorus|Stealth Rock|p2a: Masquerain\n|-sidestart|p2: Manatsu|move: Stealth Rock\n|move|p2a: Masquerain|Ice Beam|p1a: Landorus\n|-supereffective|p1a: Landorus\n|-damage|p1a: Landorus|0 fnt\n|faint|p1a: Landorus\n|\n|upkeep\n|\n|t:|1699159532\n|switch|p1a: Clefable|Clefable, F|100\/100\n|turn|2\n|\n|t:|1699159554\n|-terastallize|p2a: Masquerain|Steel\n|move|p2a: Masquerain|Sticky Web|p1a: Clefable\n|-sidestart|p1: Undead_Redhead|move: Sticky Web\n|move|p1a: Clefable|Knock Off|p2a: Masquerain\n|-damage|p2a: Masquerain|65\/100\n|-enditem|p2a: Masquerain|Focus Sash|[from] move: Knock Off|[of] p1a: Clefable\n|\n|upkeep\n|turn|3\n|\n|t:|1699159564\n|move|p2a: Masquerain|Quiver Dance|p2a: Masquerain\n|-boost|p2a: Masquerain|spa|1\n|-boost|p2a: Masquerain|spd|1\n|-boost|p2a: Masquerain|spe|1\n|move|p1a: Clefable|Moonblast|p2a: Masquerain\n|-resisted|p2a: Masquerain\n|-damage|p2a: Masquerain|44\/100\n|\n|upkeep\n|turn|4\n|\n|t:|1699159585\n|move|p2a: Masquerain|Quiver Dance|p2a: Masquerain\n|-boost|p2a: Masquerain|spa|1\n|-boost|p2a: Masquerain|spd|1\n|-boost|p2a: Masquerain|spe|1\n|move|p1a: Clefable|Moonblast|p2a: Masquerain\n|-resisted|p2a: Masquerain\n|-damage|p2a: Masquerain|29\/100\n|\n|upkeep\n|turn|5\n|\n|t:|1699159597\n|move|p2a: Masquerain|Tera Blast|p1a: Clefable|[anim] Tera Blast Steel\n|-supereffective|p1a: Clefable\n|-damage|p1a: Clefable|0 fnt\n|faint|p1a: Clefable\n|\n|upkeep\n|\n|t:|1699159602\n|switch|p1a: Volcanion|Volcanion|100\/100\n|-activate|p1a: Volcanion|move: Sticky Web\n|-unboost|p1a: Volcanion|spe|1\n|turn|6\n|\n|t:|1699159623\n|move|p2a: Masquerain|Tera Blast|p1a: Volcanion|[anim] Tera Blast Steel\n|-resisted|p1a: Volcanion\n|-damage|p1a: Volcanion|87\/100\n|move|p1a: Volcanion|Earth Power|p2a: Masquerain\n|-supereffective|p2a: Masquerain\n|-damage|p2a: Masquerain|0 fnt\n|faint|p2a: Masquerain\n|\n|upkeep\n|\n|t:|1699159641\n|switch|p2a: Torkoal|Torkoal, F|100\/100\n|-damage|p2a: Torkoal|76\/100|[from] Stealth Rock\n|-weather|SunnyDay|[from] ability: Drought|[of] p2a: Torkoal\n|turn|7\n|\n|t:|1699159682\n|move|p1a: Volcanion|Steam Eruption|p2a: Torkoal\n|-supereffective|p2a: Torkoal\n|-damage|p2a: Torkoal|0 fnt\n|faint|p2a: Torkoal\n|\n|-weather|SunnyDay|[upkeep]\n|upkeep\n|\n|t:|1699159690\n|switch|p2a: Lilligant|Lilligant-Hisui, F|100\/100\n|-damage|p2a: Lilligant|94\/100|[from] Stealth Rock\n|turn|8\n|\n|t:|1699159733\n|switch|p2a: Walking Wake|Walking Wake|100\/100\n|-damage|p2a: Walking Wake|88\/100|[from] Stealth Rock\n|-activate|p2a: Walking Wake|ability: Protosynthesis\n|-start|p2a: Walking Wake|protosynthesisspa\n|move|p1a: Volcanion|Flamethrower|p2a: Walking Wake\n|-resisted|p2a: Walking Wake\n|-damage|p2a: Walking Wake|65\/100\n|\n|-weather|SunnyDay|[upkeep]\n|upkeep\n|turn|9\n|\n|t:|1699159767\n|move|p2a: Walking Wake|Draco Meteor|p1a: Volcanion\n|-damage|p1a: Volcanion|32\/100\n|-unboost|p2a: Walking Wake|spa|2\n|move|p1a: Volcanion|Earth Power|p2a: Walking Wake\n|-damage|p2a: Walking Wake|26\/100\n|\n|-weather|SunnyDay|[upkeep]\n|upkeep\n|turn|10\n|\n|t:|1699159781\n|-end|p2a: Walking Wake|Protosynthesis|[silent]\n|switch|p2a: Lilligant|Lilligant-Hisui, F|94\/100\n|-damage|p2a: Lilligant|88\/100|[from] Stealth Rock\n|move|p1a: Volcanion|Earth Power|p2a: Lilligant\n|-resisted|p2a: Lilligant\n|-damage|p2a: Lilligant|60\/100\n|\n|-weather|SunnyDay|[upkeep]\n|-heal|p2a: Lilligant|66\/100|[from] item: Leftovers\n|upkeep\n|turn|11\n|\n|t:|1699159791\n|move|p2a: Lilligant|Solar Blade||[still]\n|-prepare|p2a: Lilligant|Solar Blade\n|-anim|p2a: Lilligant|Solar Blade|p1a: Volcanion\n|-crit|p1a: Volcanion\n|-damage|p1a: Volcanion|0 fnt\n|faint|p1a: Volcanion\n|\n|-weather|SunnyDay|[upkeep]\n|-heal|p2a: Lilligant|72\/100|[from] item: Leftovers\n|upkeep\n|\n|t:|1699159816\n|switch|p1a: Zapdos|Zapdos|100\/100\n|turn|12\n|\n|t:|1699159848\n|switch|p2a: Clodsire|Clodsire, F|100\/100\n|-damage|p2a: Clodsire|94\/100|[from] Stealth Rock\n|move|p1a: Zapdos|Thunder Wave|p2a: Clodsire\n|-immune|p2a: Clodsire\n|\n|-weather|SunnyDay|[upkeep]\n|-heal|p2a: Clodsire|100\/100|[from] item: Leftovers\n|upkeep\n|turn|13\n|\n|t:|1699159877\n|switch|p1a: Trevenant|Trevenant, F|100\/100\n|-activate|p1a: Trevenant|move: Sticky Web\n|-unboost|p1a: Trevenant|spe|1\n|move|p2a: Clodsire|Toxic|p1a: Trevenant\n|-status|p1a: Trevenant|tox\n|\n|-weather|SunnyDay|[upkeep]\n|-damage|p1a: Trevenant|94\/100 tox|[from] psn\n|upkeep\n|turn|14\n|\n|t:|1699159894\n|switch|p2a: Lilligant|Lilligant-Hisui, F|72\/100\n|-damage|p2a: Lilligant|66\/100|[from] Stealth Rock\n|move|p1a: Trevenant|Substitute|p1a: Trevenant\n|-start|p1a: Trevenant|Substitute\n|-damage|p1a: Trevenant|69\/100 tox\n|\n|-weather|none\n|-heal|p2a: Lilligant|72\/100|[from] item: Leftovers\n|-damage|p1a: Trevenant|57\/100 tox|[from] psn\n|upkeep\n|turn|15\n|\n|t:|1699159917\n|move|p2a: Lilligant|Victory Dance|p2a: Lilligant\n|-boost|p2a: Lilligant|atk|1\n|-boost|p2a: Lilligant|def|1\n|-boost|p2a: Lilligant|spe|1\n|move|p1a: Trevenant|Horn Leech|p2a: Lilligant\n|-resisted|p2a: Lilligant\n|-damage|p2a: Lilligant|58\/100\n|-heal|p1a: Trevenant|62\/100 tox|[from] drain|[of] p2a: Lilligant\n|\n|-heal|p2a: Lilligant|64\/100|[from] item: Leftovers\n|-damage|p1a: Trevenant|44\/100 tox|[from] psn\n|upkeep\n|-enditem|p1a: Trevenant|Sitrus Berry|[eat]\n|-heal|p1a: Trevenant|69\/100 tox|[from] item: Sitrus Berry\n|turn|16\n|\n|t:|1699159933\n|move|p2a: Lilligant|Ice Spinner|p1a: Trevenant\n|-supereffective|p1a: Trevenant\n|-end|p1a: Trevenant|Substitute\n|move|p1a: Trevenant|Horn Leech|p2a: Lilligant\n|-resisted|p2a: Lilligant\n|-crit|p2a: Lilligant\n|-damage|p2a: Lilligant|30\/100\n|-heal|p1a: Trevenant|82\/100 tox|[from] drain|[of] p2a: Lilligant\n|\n|-heal|p2a: Lilligant|36\/100|[from] item: Leftovers\n|-damage|p1a: Trevenant|57\/100 tox|[from] psn\n|-item|p1a: Trevenant|Sitrus Berry|[from] ability: Harvest\n|upkeep\n|turn|17\n|\n|t:|1699159951\n|-terastallize|p1a: Trevenant|Water\n|move|p2a: Lilligant|Ice Spinner|p1a: Trevenant\n|-resisted|p1a: Trevenant\n|-damage|p1a: Trevenant|34\/100 tox\n|-enditem|p1a: Trevenant|Sitrus Berry|[eat]\n|-heal|p1a: Trevenant|59\/100 tox|[from] item: Sitrus Berry\n|move|p1a: Trevenant|Horn Leech|p2a: Lilligant\n|-resisted|p2a: Lilligant\n|-damage|p2a: Lilligant|22\/100\n|-heal|p1a: Trevenant|64\/100 tox|[from] drain|[of] p2a: Lilligant\n|\n|-heal|p2a: Lilligant|28\/100|[from] item: Leftovers\n|-damage|p1a: Trevenant|33\/100 tox|[from] psn\n|upkeep\n|turn|18\n|\n|t:|1699159982\n|move|p1a: Trevenant|Protect|p1a: Trevenant\n|-singleturn|p1a: Trevenant|Protect\n|move|p2a: Lilligant|Victory Dance|p2a: Lilligant\n|-boost|p2a: Lilligant|atk|1\n|-boost|p2a: Lilligant|def|1\n|-boost|p2a: Lilligant|spe|1\n|\n|-heal|p2a: Lilligant|34\/100|[from] item: Leftovers\n|-damage|p1a: Trevenant|0 fnt|[from] psn\n|faint|p1a: Trevenant\n|upkeep\n|\n|t:|1699159992\n|switch|p1a: Zapdos|Zapdos|100\/100\n|turn|19\n|\n|t:|1699160007\n|move|p2a: Lilligant|Ice Spinner|p1a: Zapdos\n|-supereffective|p1a: Zapdos\n|-damage|p1a: Zapdos|10\/100\n|move|p1a: Zapdos|Hurricane|p2a: Lilligant|[miss]\n|-miss|p1a: Zapdos|p2a: Lilligant\n|\n|-heal|p2a: Lilligant|40\/100|[from] item: Leftovers\n|upkeep\n|turn|20\n|\n|t:|1699160018\n|move|p2a: Lilligant|Ice Spinner|p1a: Zapdos\n|-supereffective|p1a: Zapdos\n|-crit|p1a: Zapdos\n|-damage|p1a: Zapdos|0 fnt\n|faint|p1a: Zapdos\n|\n|-heal|p2a: Lilligant|46\/100|[from] item: Leftovers\n|upkeep\n|\n|t:|1699160025\n|switch|p1a: Meowscarada|Meowscarada, M|100\/100\n|-activate|p1a: Meowscarada|move: Sticky Web\n|-unboost|p1a: Meowscarada|spe|1\n|turn|21\n|\n|t:|1699160036\n|move|p2a: Lilligant|Close Combat|p1a: Meowscarada\n|-supereffective|p1a: Meowscarada\n|-damage|p1a: Meowscarada|0 fnt\n|-unboost|p2a: Lilligant|def|1\n|-unboost|p2a: Lilligant|spd|1\n|faint|p1a: Meowscarada\n|\n|win|Manatsu\n","uploadtime":1699160044,"views":31,"p1id":"undeadredhead","p2id":"manatsu","formatid":"gen9ubers","rating":0,"private":0,"password":""}