{"id":"gen9ubers-1991103525","p1":"nubonaga","p2":"tiago19fel","format":"[Gen 9] Ubers","log":"|j|\u2606nubonaga\n|j|\u2606tiago19fel\n|t:|1700043411\n|gametype|singles\n|player|p1|nubonaga|170|1122\n|player|p2|tiago19fel|hilbert|1012\n|teamsize|p1|6\n|teamsize|p2|6\n|gen|9\n|tier|[Gen 9] Ubers\n|rated|\n|rule|Sleep Clause Mod: Limit one foe put to sleep\n|rule|Species Clause: Limit one of each Pok\u00e9mon\n|rule|OHKO Clause: OHKO moves are banned\n|rule|Evasion Items Clause: Evasion items are banned\n|rule|Evasion Moves Clause: Evasion moves are banned\n|rule|Endless Battle Clause: Forcing endless battles is banned\n|rule|HP Percentage Mod: HP is shown in percentages\n|clearpoke\n|poke|p1|Miraidon|\n|poke|p1|Iron Leaves|\n|poke|p1|Iron Valiant|\n|poke|p1|Iron Treads|\n|poke|p1|Iron Hands|\n|poke|p1|Iron Thorns|\n|poke|p2|Giratina|\n|poke|p2|Great Tusk|\n|poke|p2|Haxorus, M|\n|poke|p2|Kyogre|\n|poke|p2|Ting-Lu|\n|poke|p2|Iron Moth|\n|teampreview\n|\n|t:|1700043418\n|start\n|switch|p1a: Miraidon|Miraidon|100\/100\n|switch|p2a: Great Tusk|Great Tusk|100\/100\n|-fieldstart|move: Electric Terrain|[from] ability: Hadron Engine|[of] p1a: Miraidon\n|turn|1\n|\n|t:|1700043428\n|-terastallize|p2a: Great Tusk|Ground\n|move|p1a: Miraidon|U-turn|p2a: Great Tusk\n|-damage|p2a: Great Tusk|91\/100\n|\n|t:|1700043433\n|switch|p1a: Iron Leaves|Iron Leaves|100\/100|[from] U-turn\n|-activate|p1a: Iron Leaves|ability: Quark Drive\n|-start|p1a: Iron Leaves|quarkdrivespe\n|move|p2a: Great Tusk|Ice Spinner|p1a: Iron Leaves\n|-supereffective|p1a: Iron Leaves\n|-damage|p1a: Iron Leaves|35\/100\n|-fieldend|move: Electric Terrain\n|-end|p1a: Iron Leaves|Quark Drive\n|\n|-heal|p1a: Iron Leaves|41\/100|[from] item: Leftovers\n|upkeep\n|turn|2\n|\n|t:|1700043461\n|move|p1a: Iron Leaves|Leaf Blade|p2a: Great Tusk\n|-supereffective|p2a: Great Tusk\n|-damage|p2a: Great Tusk|29\/100\n|move|p2a: Great Tusk|Ice Spinner|p1a: Iron Leaves\n|-supereffective|p1a: Iron Leaves\n|-damage|p1a: Iron Leaves|0 fnt\n|faint|p1a: Iron Leaves\n|-end|p1a: Iron Leaves|Quark Drive|[silent]\n|\n|upkeep\n|\n|t:|1700043468\n|switch|p1a: Miraidon|Miraidon|100\/100\n|-fieldstart|move: Electric Terrain|[from] ability: Hadron Engine|[of] p1a: Miraidon\n|turn|3\n|\n|t:|1700043471\n|move|p1a: Miraidon|Draco Meteor|p2a: Great Tusk\n|-damage|p2a: Great Tusk|0 fnt\n|-unboost|p1a: Miraidon|spa|2\n|faint|p2a: Great Tusk\n|-end|p2a: Great Tusk|Protosynthesis|[silent]\n|\n|upkeep\n|\n|t:|1700043478\n|switch|p2a: Giratina|Giratina|100\/100\n|-ability|p2a: Giratina|Pressure\n|turn|4\n|\n|t:|1700043488\n|move|p1a: Miraidon|U-turn|p2a: Giratina\n|-resisted|p2a: Giratina\n|-damage|p2a: Giratina|97\/100\n|\n|t:|1700043498\n|switch|p1a: Iron Valiant|Iron Valiant|100\/100|[from] U-turn\n|-activate|p1a: Iron Valiant|ability: Quark Drive\n|-start|p1a: Iron Valiant|quarkdrivespe\n|move|p2a: Giratina|Draco Meteor|p1a: Iron Valiant\n|-immune|p1a: Iron Valiant\n|\n|upkeep\n|turn|5\n|\n|t:|1700043520\n|move|p1a: Iron Valiant|Calm Mind|p1a: Iron Valiant\n|-boost|p1a: Iron Valiant|spa|1\n|-boost|p1a: Iron Valiant|spd|1\n|move|p2a: Giratina|Earthquake|p1a: Iron Valiant\n|-damage|p1a: Iron Valiant|63\/100\n|\n|upkeep\n|turn|6\n|\n|t:|1700043533\n|move|p1a: Iron Valiant|Moonblast|p2a: Giratina\n|-supereffective|p2a: Giratina\n|-damage|p2a: Giratina|21\/100\n|move|p2a: Giratina|Earthquake|p1a: Iron Valiant\n|-damage|p1a: Iron Valiant|25\/100\n|\n|upkeep\n|turn|7\n|\n|t:|1700043539\n|move|p1a: Iron Valiant|Moonblast|p2a: Giratina\n|-supereffective|p2a: Giratina\n|-damage|p2a: Giratina|0 fnt\n|faint|p2a: Giratina\n|\n|upkeep\n|\n|t:|1700043543\n|switch|p2a: Haxorus|Haxorus, M|100\/100\n|turn|8\n|\n|t:|1700043555\n|move|p1a: Iron Valiant|Thunderbolt|p2a: Haxorus\n|-resisted|p2a: Haxorus\n|-damage|p2a: Haxorus|66\/100\n|move|p2a: Haxorus|Earthquake|p1a: Iron Valiant\n|-damage|p1a: Iron Valiant|0 fnt\n|faint|p1a: Iron Valiant\n|-end|p1a: Iron Valiant|Quark Drive|[silent]\n|\n|upkeep\n|\n|t:|1700043569\n|switch|p1a: Miraidon|Miraidon|100\/100\n|-activate|p1a: Miraidon|ability: Hadron Engine\n|turn|9\n|\n|t:|1700043575\n|move|p1a: Miraidon|Draco Meteor|p2a: Haxorus\n|-supereffective|p2a: Haxorus\n|-damage|p2a: Haxorus|0 fnt\n|-unboost|p1a: Miraidon|spa|2\n|faint|p2a: Haxorus\n|\n|upkeep\n|\n|t:|1700043581\n|switch|p2a: Ting-Lu|Ting-Lu|100\/100\n|-ability|p2a: Ting-Lu|Vessel of Ruin\n|turn|10\n|\n|t:|1700043591\n|move|p1a: Miraidon|U-turn|p2a: Ting-Lu\n|-supereffective|p2a: Ting-Lu\n|-damage|p2a: Ting-Lu|87\/100\n|\n|t:|1700043595\n|switch|p1a: Iron Hands|Iron Hands|100\/100|[from] U-turn\n|-activate|p1a: Iron Hands|ability: Quark Drive\n|-start|p1a: Iron Hands|quarkdriveatk\n|move|p2a: Ting-Lu|Stone Edge|p1a: Iron Hands\n|-resisted|p1a: Iron Hands\n|-damage|p1a: Iron Hands|89\/100\n|\n|-fieldend|move: Electric Terrain\n|-end|p1a: Iron Hands|Quark Drive\n|upkeep\n|turn|11\n|\n|t:|1700043609\n|-terastallize|p1a: Iron Hands|Fighting\n|move|p1a: Iron Hands|Drain Punch|p2a: Ting-Lu\n|-supereffective|p2a: Ting-Lu\n|-crit|p2a: Ting-Lu\n|-damage|p2a: Ting-Lu|0 fnt\n|-heal|p1a: Iron Hands|100\/100|[from] drain|[of] p2a: Ting-Lu\n|faint|p2a: Ting-Lu\n|\n|upkeep\n|\n|t:|1700043616\n|switch|p2a: Iron Moth|Iron Moth|100\/100\n|turn|12\n|\n|t:|1700043625\n|-end|p1a: Iron Hands|Quark Drive|[silent]\n|switch|p1a: Miraidon|Miraidon|100\/100\n|-fieldstart|move: Electric Terrain|[from] ability: Hadron Engine|[of] p1a: Miraidon\n|-activate|p2a: Iron Moth|ability: Quark Drive\n|-start|p2a: Iron Moth|quarkdrivespa\n|move|p2a: Iron Moth|Overheat|p1a: Miraidon\n|-resisted|p1a: Miraidon\n|-damage|p1a: Miraidon|62\/100\n|-unboost|p2a: Iron Moth|spa|2\n|\n|upkeep\n|turn|13\n|\n|t:|1700043649\n|switch|p1a: Iron Thorns|Iron Thorns|100\/100\n|-activate|p1a: Iron Thorns|ability: Quark Drive\n|-start|p1a: Iron Thorns|quarkdriveatk\n|move|p2a: Iron Moth|Energy Ball|p1a: Iron Thorns\n|-supereffective|p1a: Iron Thorns\n|-damage|p1a: Iron Thorns|47\/100\n|\n|-heal|p1a: Iron Thorns|53\/100|[from] item: Leftovers\n|upkeep\n|turn|14\n|\n|t:|1700043660\n|move|p2a: Iron Moth|Energy Ball|p1a: Iron Thorns\n|-supereffective|p1a: Iron Thorns\n|-damage|p1a: Iron Thorns|7\/100\n|move|p1a: Iron Thorns|Earthquake|p2a: Iron Moth\n|-supereffective|p2a: Iron Moth\n|-damage|p2a: Iron Moth|0 fnt\n|faint|p2a: Iron Moth\n|-end|p2a: Iron Moth|Quark Drive|[silent]\n|\n|-heal|p1a: Iron Thorns|13\/100|[from] item: Leftovers\n|upkeep\n|\n|t:|1700043668\n|switch|p2a: Kyogre|Kyogre|100\/100\n|-weather|RainDance|[from] ability: Drizzle|[of] p2a: Kyogre\n|turn|15\n|\n|t:|1700043673\n|move|p2a: Kyogre|Surf|p1a: Iron Thorns\n|-supereffective|p1a: Iron Thorns\n|-damage|p1a: Iron Thorns|0 fnt\n|faint|p1a: Iron Thorns\n|-end|p1a: Iron Thorns|Quark Drive|[silent]\n|\n|-weather|RainDance|[upkeep]\n|upkeep\n|\n|t:|1700043677\n|switch|p1a: Miraidon|Miraidon|62\/100\n|-activate|p1a: Miraidon|ability: Hadron Engine\n|turn|16\n|\n|t:|1700043684\n|move|p1a: Miraidon|Parabolic Charge|p2a: Kyogre\n|-supereffective|p2a: Kyogre\n|-damage|p2a: Kyogre|28\/100\n|-heal|p1a: Miraidon|93\/100|[from] drain|[of] p2a: Kyogre\n|move|p2a: Kyogre|Blizzard|p1a: Miraidon|[miss]\n|-miss|p2a: Kyogre|p1a: Miraidon\n|\n|-weather|RainDance|[upkeep]\n|upkeep\n|turn|17\n|\n|t:|1700043691\n|move|p1a: Miraidon|Parabolic Charge|p2a: Kyogre\n|-supereffective|p2a: Kyogre\n|-damage|p2a: Kyogre|0 fnt\n|-heal|p1a: Miraidon|100\/100|[from] drain|[of] p2a: Kyogre\n|faint|p2a: Kyogre\n|\n|win|nubonaga\n|raw|nubonaga's rating: 1122 &rarr; <strong>1139<\/strong><br \/>(+17 for winning)\n|raw|tiago19fel's rating: 1012 &rarr; <strong>1004<\/strong><br \/>(-8 for losing)\n","uploadtime":1700043701,"views":7,"p1id":"nubonaga","p2id":"tiago19fel","formatid":"gen9ubers","rating":1004,"private":0,"password":""}