{"id":"gen9ubers-1977632307","p1":"HailieVictoria","p2":"warlordxxxxzzzz","format":"[Gen 9] Ubers","log":"|j|\u2606HailieVictoria\n|j|\u2606warlordxxxxzzzz\n|t:|1698433566\n|gametype|singles\n|player|p1|HailieVictoria|1|\n|player|p2|warlordxxxxzzzz|169|\n|teamsize|p1|6\n|teamsize|p2|6\n|gen|9\n|tier|[Gen 9] Ubers\n|rule|Sleep Clause Mod: Limit one foe put to sleep\n|rule|Species Clause: Limit one of each Pok\u00e9mon\n|rule|OHKO Clause: OHKO moves are banned\n|rule|Evasion Items Clause: Evasion items are banned\n|rule|Evasion Moves Clause: Evasion moves are banned\n|rule|Endless Battle Clause: Forcing endless battles is banned\n|rule|HP Percentage Mod: HP is shown in percentages\n|clearpoke\n|poke|p1|Jirachi|\n|poke|p1|Mamoswine, M|\n|poke|p1|Hydreigon, F|\n|poke|p1|Conkeldurr, F|\n|poke|p1|Kleavor, M|\n|poke|p1|Moltres|\n|poke|p2|Dragonite, M|\n|poke|p2|Meowscarada, M|\n|poke|p2|Quaquaval, F|\n|poke|p2|Thundurus, M|\n|poke|p2|Lucario, F|\n|poke|p2|Azelf|\n|teampreview\n|c|\u2606warlordxxxxzzzz|ok gl gamer\n|c|\u2606HailieVictoria|gl\n|c|\u2606warlordxxxxzzzz|Me ready to lose.\n|\n|t:|1698433603\n|start\n|switch|p1a: Conkeldurr|Conkeldurr, F|100\/100\n|switch|p2a: Azelf|Azelf|100\/100\n|turn|1\n|\n|t:|1698433635\n|move|p2a: Azelf|Stealth Rock|p1a: Conkeldurr\n|-sidestart|p1: HailieVictoria|move: Stealth Rock\n|move|p1a: Conkeldurr|Knock Off|p2a: Azelf\n|-supereffective|p2a: Azelf\n|-damage|p2a: Azelf|0 fnt\n|-enditem|p2a: Azelf|Normal Gem|[from] move: Knock Off|[of] p1a: Conkeldurr\n|faint|p2a: Azelf\n|\n|upkeep\n|j| Yveltql\n|j| KaoVT\n|c| KaoVT|go prof go!\n|c|\u2606warlordxxxxzzzz|bro im gonna lose\n|c|\u2606warlordxxxxzzzz|but thanks LOL\n|\n|t:|1698433714\n|switch|p2a: Dragonite|Dragonite, M|100\/100\n|turn|2\n|\n|t:|1698433727\n|switch|p1a: Mamoswine|Mamoswine, M|100\/100\n|-damage|p1a: Mamoswine|88\/100|[from] Stealth Rock\n|move|p2a: Dragonite|Dragon Dance|p2a: Dragonite\n|-boost|p2a: Dragonite|atk|1\n|-boost|p2a: Dragonite|spe|1\n|\n|upkeep\n|turn|3\n|c| KaoVT|nah hailies free u got this\n|\n|t:|1698433738\n|move|p2a: Dragonite|Waterfall|p1a: Mamoswine\n|-supereffective|p1a: Mamoswine\n|-damage|p1a: Mamoswine|0 fnt\n|faint|p1a: Mamoswine\n|\n|upkeep\n|\n|t:|1698433763\n|switch|p1a: Conkeldurr|Conkeldurr, F|100\/100\n|-damage|p1a: Conkeldurr|94\/100|[from] Stealth Rock\n|turn|4\n|j| 319phoenix\n|\n|t:|1698433853\n|move|p2a: Dragonite|Dragon Claw|p1a: Conkeldurr\n|-damage|p1a: Conkeldurr|36\/100\n|move|p1a: Conkeldurr|Rock Slide|p2a: Dragonite\n|-supereffective|p2a: Dragonite\n|-damage|p2a: Dragonite|63\/100\n|\n|-heal|p2a: Dragonite|70\/100|[from] item: Leftovers\n|upkeep\n|turn|5\n|j| DivogoJota\n|\n|t:|1698433960\n|switch|p1a: Moltres|Moltres, shiny|100\/100\n|move|p2a: Dragonite|Dragon Claw|p1a: Moltres\n|-damage|p1a: Moltres|34\/100\n|\n|-heal|p2a: Dragonite|76\/100|[from] item: Leftovers\n|upkeep\n|turn|6\n|\n|t:|1698434009\n|switch|p1a: Conkeldurr|Conkeldurr, F|36\/100\n|-damage|p1a: Conkeldurr|30\/100|[from] Stealth Rock\n|move|p2a: Dragonite|Dragon Dance|p2a: Dragonite\n|-boost|p2a: Dragonite|atk|1\n|-boost|p2a: Dragonite|spe|1\n|\n|-heal|p2a: Dragonite|82\/100|[from] item: Leftovers\n|upkeep\n|turn|7\n|\n|t:|1698434022\n|move|p2a: Dragonite|Extreme Speed|p1a: Conkeldurr\n|-damage|p1a: Conkeldurr|0 fnt\n|faint|p1a: Conkeldurr\n|\n|-heal|p2a: Dragonite|88\/100|[from] item: Leftovers\n|upkeep\n|\n|t:|1698434035\n|switch|p1a: Jirachi|Jirachi|100\/100\n|-damage|p1a: Jirachi|94\/100|[from] Stealth Rock\n|turn|8\n|\n|t:|1698434050\n|move|p2a: Dragonite|Waterfall|p1a: Jirachi\n|-damage|p1a: Jirachi|30\/100\n|move|p1a: Jirachi|Ice Punch|p2a: Dragonite\n|-supereffective|p2a: Dragonite\n|-damage|p2a: Dragonite|6\/100\n|\n|-heal|p2a: Dragonite|13\/100|[from] item: Leftovers\n|upkeep\n|turn|9\n|c|\u2606HailieVictoria|wait\n|c|\u2606HailieVictoria|i think im dumb\n|c|\u2606HailieVictoria|fuyck\n|c|\u2606warlordxxxxzzzz|whats wrong\n|c|\u2606HailieVictoria|stuff\n|\n|t:|1698434126\n|switch|p1a: Moltres|Moltres, shiny|34\/100\n|move|p2a: Dragonite|Waterfall|p1a: Moltres\n|-supereffective|p1a: Moltres\n|-damage|p1a: Moltres|0 fnt\n|faint|p1a: Moltres\n|\n|-heal|p2a: Dragonite|19\/100|[from] item: Leftovers\n|upkeep\n|\n|t:|1698434145\n|switch|p1a: Hydreigon|Hydreigon, F|100\/100\n|-damage|p1a: Hydreigon|88\/100|[from] Stealth Rock\n|turn|10\n|\n|t:|1698434154\n|move|p1a: Hydreigon|Draco Meteor|p2a: Dragonite\n|-supereffective|p2a: Dragonite\n|-damage|p2a: Dragonite|0 fnt\n|-unboost|p1a: Hydreigon|spa|2\n|faint|p2a: Dragonite\n|\n|upkeep\n|c| DivogoJota|This whole time\n|\n|t:|1698434186\n|switch|p2a: Quaquaval|Quaquaval, F|100\/100\n|turn|11\n|c| KaoVT|hailie afk zzzz\n|c|\u2606warlordxxxxzzzz|oof\n|l| DivogoJota\n|j| DivogoJota\n|\n|t:|1698434278\n|move|p1a: Hydreigon|Draco Meteor|p2a: Quaquaval\n|-damage|p2a: Quaquaval|72\/100\n|-unboost|p1a: Hydreigon|spa|2\n|move|p2a: Quaquaval|Close Combat|p1a: Hydreigon\n|-supereffective|p1a: Hydreigon\n|-damage|p1a: Hydreigon|0 fnt\n|-unboost|p2a: Quaquaval|def|1\n|-unboost|p2a: Quaquaval|spd|1\n|faint|p1a: Hydreigon\n|-ability|p2a: Quaquaval|Moxie|boost\n|-boost|p2a: Quaquaval|atk|1\n|\n|upkeep\n|\n|t:|1698434290\n|switch|p1a: Kleavor|Kleavor, M|100\/100\n|-damage|p1a: Kleavor|76\/100|[from] Stealth Rock\n|turn|12\n|\n|t:|1698434306\n|move|p2a: Quaquaval|Aqua Jet|p1a: Kleavor\n|-supereffective|p1a: Kleavor\n|-damage|p1a: Kleavor|0 fnt\n|faint|p1a: Kleavor\n|-ability|p2a: Quaquaval|Moxie|boost\n|-boost|p2a: Quaquaval|atk|1\n|\n|upkeep\n|c|\u2606warlordxxxxzzzz|gg\n|\n|t:|1698434316\n|switch|p1a: Jirachi|Jirachi|30\/100\n|-damage|p1a: Jirachi|24\/100|[from] Stealth Rock\n|turn|13\n|\n|t:|1698434322\n|move|p1a: Jirachi|Zen Headbutt|p2a: Quaquaval\n|-supereffective|p2a: Quaquaval\n|-damage|p2a: Quaquaval|0 fnt\n|faint|p2a: Quaquaval\n|\n|upkeep\n|\n|t:|1698434340\n|switch|p2a: Meowscarada|Meowscarada, M|100\/100\n|turn|14\n|\n|t:|1698434346\n|move|p2a: Meowscarada|Knock Off|p1a: Jirachi\n|-start|p2a: Meowscarada|typechange|Dark|[from] ability: Protean\n|-supereffective|p1a: Jirachi\n|-damage|p1a: Jirachi|0 fnt\n|-enditem|p1a: Jirachi|Mirror Herb|[from] move: Knock Off|[of] p2a: Meowscarada\n|faint|p1a: Jirachi\n|\n|win|warlordxxxxzzzz\n|c|\u2606HailieVictoria|gg\n|c| DivogoJota|The wolverine meme but it\u2019s Hailie and the picture frame is her replay of Wooper Throwdown against Owen\n|c|\u2606HailieVictoria|bro\n|l| KaoVT\n|c|\u2606HailieVictoria|ishan trolled me\n|c|\u2606warlordxxxxzzzz|what happened\n|c|\u2606HailieVictoria|ishan put mirror herb on jirachi\n|c|\u2606HailieVictoria|and didnt know how it worked\n|c| DivogoJota|HA\n|c| DivogoJota|did he think it was like Psych Uo\n|c| DivogoJota|* Psych Up\n|c|\u2606HailieVictoria|he thought\n|c|\u2606HailieVictoria|i could switch it in\n|c|\u2606warlordxxxxzzzz|you cant?\n|c|\u2606HailieVictoria|after quaquaval got buffed\n|c|\u2606HailieVictoria|and i could take the stats\n|c|\u2606warlordxxxxzzzz|oh yeah no\n|c| DivogoJota|Lmao ye that\u2019s Psych Up\n|c|\u2606HailieVictoria|but it has to happen when jirachi is on the field\n|c|\u2606warlordxxxxzzzz|has to be when i actually get the buff\n|l| Yveltql\n|c|\u2606HailieVictoria|yeah\n|c| DivogoJota|^\n|c|\u2606warlordxxxxzzzz|ishan and griefing\n|c|\u2606warlordxxxxzzzz|name a more iconic duo\n|c|\u2606warlordxxxxzzzz|do i click download replay or upload and share?\n|c| DivogoJota|Upload and Share\n","uploadtime":1698434482,"views":28,"p1id":"hailievictoria","p2id":"warlordxxxxzzzz","formatid":"gen9ubers","rating":0,"private":0,"password":""}