{"id":"gen9ubers-1980874613","p1":"Kilometres999","p2":"Otteroreo","format":"[Gen 9] Ubers","log":"|j|\u2606Kilometres999\n|j|\u2606Otteroreo\n|t:|1698844825\n|gametype|singles\n|player|p1|Kilometres999|alder|\n|player|p2|Otteroreo|karen|\n|teamsize|p1|6\n|teamsize|p2|6\n|gen|9\n|tier|[Gen 9] Ubers\n|rule|Sleep Clause Mod: Limit one foe put to sleep\n|rule|Species Clause: Limit one of each Pok\u00e9mon\n|rule|OHKO Clause: OHKO moves are banned\n|rule|Evasion Items Clause: Evasion items are banned\n|rule|Evasion Moves Clause: Evasion moves are banned\n|rule|Endless Battle Clause: Forcing endless battles is banned\n|rule|HP Percentage Mod: HP is shown in percentages\n|clearpoke\n|poke|p1|Ursaluna-Bloodmoon, M|\n|poke|p1|Hatterene, F|\n|poke|p1|Dipplin, F|\n|poke|p1|Gliscor, M|\n|poke|p1|Clefable, M|\n|poke|p1|Okidogi, M|\n|poke|p2|Torkoal, M|\n|poke|p2|Ogerpon-Hearthflame, F|\n|poke|p2|Roaring Moon|\n|poke|p2|Mismagius, F|\n|poke|p2|Scream Tail|\n|poke|p2|Ursaluna, M|\n|teampreview\n|inactive|Battle timer is ON: inactive players will automatically lose when time's up. (requested by Kilometres999)\n|\n|t:|1698844847\n|start\n|switch|p1a: Hatterene|Hatterene, F, shiny|100\/100\n|switch|p2a: The Sunwitch|Mismagius, F, shiny|100\/100\n|turn|1\n|\n|t:|1698844856\n|switch|p1a: Clefable|Clefable, M|100\/100\n|-terastallize|p2a: The Sunwitch|Fire\n|move|p2a: The Sunwitch|Mystical Fire|p1a: Clefable\n|-damage|p1a: Clefable|52\/100\n|-unboost|p1a: Clefable|spa|1\n|\n|-heal|p1a: Clefable|58\/100|[from] item: Leftovers\n|upkeep\n|turn|2\n|j| sgrg32\n|inactive|Kilometres999 has 270 seconds left.\n|inactive|Kilometres999 has 240 seconds left.\n|\n|t:|1698844937\n|switch|p2a: Ogiepon-Sunmask|Ogerpon-Hearthflame, F|100\/100\n|-ability|p2a: Ogiepon-Sunmask|Mold Breaker\n|switch|p1a: Hatterene|Hatterene, F, shiny|100\/100\n|\n|upkeep\n|turn|3\n|\n|t:|1698844939\n|move|p2a: Ogiepon-Sunmask|Ivy Cudgel|p1a: Hatterene\n|-crit|p1a: Hatterene\n|-enditem|p1a: Hatterene|Focus Sash\n|-damage|p1a: Hatterene|1\/100\n|move|p1a: Hatterene|Trick Room|p1a: Hatterene\n|-fieldstart|move: Trick Room|[of] p1a: Hatterene\n|\n|upkeep\n|turn|4\n|inactive|Kilometres999 has 210 seconds left.\n|\n|t:|1698844970\n|switch|p2a: Laokrot|Torkoal, M|100\/100\n|-weather|SunnyDay|[from] ability: Drought|[of] p2a: Laokrot\n|move|p1a: Hatterene|Psyshock|p2a: Laokrot\n|-damage|p2a: Laokrot|70\/100\n|\n|-weather|SunnyDay|[upkeep]\n|upkeep\n|turn|5\n|inactive|Kilometres999 has 210 seconds left.\n|\n|t:|1698844994\n|move|p1a: Hatterene|Psyshock|p2a: Laokrot\n|-damage|p2a: Laokrot|38\/100\n|move|p2a: Laokrot|Stealth Rock|p1a: Hatterene\n|move|p1a: Hatterene|Stealth Rock|p2a: Laokrot|[from]ability: Magic Bounce\n|-sidestart|p2: Otteroreo|move: Stealth Rock\n|\n|-weather|SunnyDay|[upkeep]\n|upkeep\n|turn|6\n|c|\u2606Otteroreo|i forgot\n|\n|t:|1698845001\n|move|p1a: Hatterene|Psyshock|p2a: Laokrot\n|-damage|p2a: Laokrot|6\/100\n|move|p2a: Laokrot|Rapid Spin|p1a: Hatterene\n|-damage|p1a: Hatterene|0 fnt\n|-boost|p2a: Laokrot|spe|1\n|-sideend|p2: Otteroreo|Stealth Rock|[from] move: Rapid Spin|[of] p2a: Laokrot\n|faint|p1a: Hatterene\n|\n|-weather|SunnyDay|[upkeep]\n|upkeep\n|\n|t:|1698845018\n|switch|p1a: Dipplin|Dipplin, F, shiny|100\/100\n|-ability|p1a: Dipplin|Supersweet Syrup\n|-ability|p1a: Dipplin|Supersweet Syrup|boost\n|-unboost|p2a: Laokrot|evasion|1\n|turn|7\n|\n|t:|1698845026\n|switch|p2a: Ogiepon-Sunmask|Ogerpon-Hearthflame, F|100\/100\n|-ability|p2a: Ogiepon-Sunmask|Mold Breaker\n|move|p1a: Dipplin|Energy Ball|p2a: Ogiepon-Sunmask\n|-resisted|p2a: Ogiepon-Sunmask\n|-damage|p2a: Ogiepon-Sunmask|89\/100\n|\n|-weather|SunnyDay|[upkeep]\n|-fieldend|move: Trick Room\n|upkeep\n|turn|8\n|\n|t:|1698845038\n|switch|p1a: Gliscor|Gliscor, M, shiny|100\/100\n|move|p2a: Ogiepon-Sunmask|Ivy Cudgel|p1a: Gliscor\n|-damage|p1a: Gliscor|44\/100\n|\n|-weather|SunnyDay|[upkeep]\n|-status|p1a: Gliscor|tox|[from] item: Toxic Orb\n|upkeep\n|turn|9\n|\n|t:|1698845044\n|move|p1a: Gliscor|Protect|p1a: Gliscor\n|-singleturn|p1a: Gliscor|Protect\n|move|p2a: Ogiepon-Sunmask|Swords Dance|p2a: Ogiepon-Sunmask\n|-boost|p2a: Ogiepon-Sunmask|atk|2\n|\n|-weather|SunnyDay|[upkeep]\n|-heal|p1a: Gliscor|57\/100 tox|[from] ability: Poison Heal\n|upkeep\n|turn|10\n|inactive|Kilometres999 has 210 seconds left.\n|inactive|Kilometres999 has 180 seconds left.\n|inactive|Kilometres999 has 150 seconds left.\n|c|\u2606Otteroreo|might wanna turn off timer\n|\n|t:|1698845126\n|move|p2a: Ogiepon-Sunmask|Ivy Cudgel|p1a: Gliscor\n|-damage|p1a: Gliscor|0 fnt\n|faint|p1a: Gliscor\n|\n|-weather|SunnyDay|[upkeep]\n|upkeep\n|\n|t:|1698845129\n|switch|p1a: Dipplin|Dipplin, F, shiny|100\/100\n|turn|11\n|inactive|Kilometres999 has 120 seconds left.\n|\n|t:|1698845174\n|-terastallize|p1a: Dipplin|Fairy\n|move|p2a: Ogiepon-Sunmask|Ivy Cudgel|p1a: Dipplin\n|-damage|p1a: Dipplin|0 fnt\n|faint|p1a: Dipplin\n|\n|-weather|none\n|upkeep\n|\n|t:|1698845180\n|switch|p1a: Clefable|Clefable, M|58\/100\n|turn|12\n|c|\u2606Otteroreo|ogerpon!\n|\n|t:|1698845182\n|move|p2a: Ogiepon-Sunmask|Ivy Cudgel|p1a: Clefable\n|-damage|p1a: Clefable|0 fnt\n|faint|p1a: Clefable\n|\n|upkeep\n|\n|t:|1698845187\n|switch|p1a: Okidogi|Okidogi, M|100\/100\n|turn|13\n|\n|t:|1698845189\n|move|p2a: Ogiepon-Sunmask|Ivy Cudgel|p1a: Okidogi\n|-damage|p1a: Okidogi|7\/100\n|move|p1a: Okidogi|Poison Jab|p2a: Ogiepon-Sunmask\n|-supereffective|p2a: Ogiepon-Sunmask\n|-damage|p2a: Ogiepon-Sunmask|0 fnt\n|faint|p2a: Ogiepon-Sunmask\n|\n|-heal|p1a: Okidogi|13\/100|[from] item: Black Sludge\n|upkeep\n|\n|t:|1698845194\n|switch|p2a: The Sunwitch|Mismagius, F, shiny, tera:Fire|100\/100\n|turn|14\n|\n|t:|1698845202\n|move|p2a: The Sunwitch|Tera Blast|p1a: Okidogi|[anim] Tera Blast Fire\n|-damage|p1a: Okidogi|0 fnt\n|faint|p1a: Okidogi\n|\n|upkeep\n|\n|t:|1698845203\n|switch|p1a: Ursaluna|Ursaluna-Bloodmoon, M|100\/100\n|turn|15\n|\n|t:|1698845206\n|move|p2a: The Sunwitch|Tera Blast|p1a: Ursaluna|[anim] Tera Blast Fire\n|-crit|p1a: Ursaluna\n|-damage|p1a: Ursaluna|9\/100\n|move|p1a: Ursaluna|Blood Moon|p2a: The Sunwitch\n|-crit|p2a: The Sunwitch\n|-damage|p2a: The Sunwitch|0 fnt\n|faint|p2a: The Sunwitch\n|-damage|p1a: Ursaluna|0 fnt|[from] item: Life Orb\n|faint|p1a: Ursaluna\n|\n|win|Otteroreo\n|c|\u2606Kilometres999|ggs\n|c|\u2606Otteroreo|gg!\n","uploadtime":1698845216,"views":45,"p1id":"kilometres999","p2id":"otteroreo","formatid":"gen9ubers","rating":0,"private":0,"password":""}