{"id":"gen9ubers-1989772308","p1":"Laprasrules12","p2":"AlicieLizzie","format":"[Gen 9] Ubers","log":"|j|\u2606Laprasrules12\n|j|\u2606AlicieLizzie\n|t:|1699894432\n|gametype|singles\n|player|p1|Laprasrules12|dawn|\n|player|p2|AlicieLizzie|marnie-masters3|\n|teamsize|p1|6\n|teamsize|p2|6\n|gen|9\n|tier|[Gen 9] Ubers\n|rule|Sleep Clause Mod: Limit one foe put to sleep\n|rule|Species Clause: Limit one of each Pok\u00e9mon\n|rule|OHKO Clause: OHKO moves are banned\n|rule|Evasion Items Clause: Evasion items are banned\n|rule|Evasion Moves Clause: Evasion moves are banned\n|rule|Endless Battle Clause: Forcing endless battles is banned\n|rule|HP Percentage Mod: HP is shown in percentages\n|clearpoke\n|poke|p1|Arceus-Fighting|\n|poke|p1|Espathra, M|\n|poke|p1|Zacian-*|\n|poke|p1|Palkia-Origin|\n|poke|p1|Cyclizar, M|\n|poke|p1|Magearna-Original|\n|poke|p2|Ninetales-Alola, F|\n|poke|p2|Baxcalibur, M|\n|poke|p2|Jirachi|\n|poke|p2|Roaring Moon|\n|poke|p2|Cyclizar, F|\n|poke|p2|Slowking-Galar, M|\n|teampreview\n|inactive|Battle timer is ON: inactive players will automatically lose when time's up. (requested by AlicieLizzie)\n|inactive|Laprasrules12 also wants the timer to be on.\n|\n|t:|1699894438\n|start\n|switch|p1a: Say Gex|Cyclizar, M, shiny|100\/100\n|switch|p2a: Nine Inch Tails|Ninetales-Alola, F|100\/100\n|-weather|Snow|[from] ability: Snow Warning|[of] p2a: Nine Inch Tails\n|turn|1\n|\n|t:|1699894440\n|move|p1a: Say Gex|Shed Tail|p1a: Say Gex\n|-start|p1a: Say Gex|Substitute|[from] move: Shed Tail\n|-damage|p1a: Say Gex|50\/100\n|\n|t:|1699894444\n|switch|p1a: Cleopatra|Espathra, M, shiny|100\/100|[from] Shed Tail\n|move|p2a: Nine Inch Tails|Moonblast|p1a: Cleopatra\n|-end|p1a: Cleopatra|Substitute\n|\n|-weather|Snow|[upkeep]\n|upkeep\n|turn|2\n|\n|t:|1699894450\n|move|p1a: Cleopatra|Protect|p1a: Cleopatra\n|-singleturn|p1a: Cleopatra|Protect\n|move|p2a: Nine Inch Tails|Aurora Veil|p2a: Nine Inch Tails\n|-sidestart|p2: AlicieLizzie|move: Aurora Veil\n|\n|-weather|Snow|[upkeep]\n|-ability|p1a: Cleopatra|Speed Boost|boost\n|-boost|p1a: Cleopatra|spe|1\n|upkeep\n|turn|3\n|\n|t:|1699894457\n|move|p1a: Cleopatra|Calm Mind|p1a: Cleopatra\n|-boost|p1a: Cleopatra|spa|1\n|-boost|p1a: Cleopatra|spd|1\n|move|p2a: Nine Inch Tails|Encore|p1a: Cleopatra\n|-start|p1a: Cleopatra|Encore\n|\n|-weather|Snow|[upkeep]\n|-ability|p1a: Cleopatra|Speed Boost|boost\n|-boost|p1a: Cleopatra|spe|1\n|upkeep\n|turn|4\n|\n|t:|1699894459\n|switch|p2a: Roar of the Spark|Roaring Moon|100\/100\n|-enditem|p2a: Roar of the Spark|Booster Energy\n|-activate|p2a: Roar of the Spark|ability: Protosynthesis|[fromitem]\n|-start|p2a: Roar of the Spark|protosynthesisatk\n|move|p1a: Cleopatra|Calm Mind|p1a: Cleopatra\n|-boost|p1a: Cleopatra|spa|1\n|-boost|p1a: Cleopatra|spd|1\n|\n|-weather|Snow|[upkeep]\n|-ability|p1a: Cleopatra|Speed Boost|boost\n|-boost|p1a: Cleopatra|spe|1\n|upkeep\n|turn|5\n|c|\u2606Laprasrules12|Damn\n|\n|t:|1699894467\n|switch|p1a: Sif|Zacian, shiny|100\/100\n|-ability|p1a: Sif|Intrepid Sword|boost\n|-boost|p1a: Sif|atk|1\n|move|p2a: Roar of the Spark|Dragon Dance|p2a: Roar of the Spark\n|-boost|p2a: Roar of the Spark|atk|1\n|-boost|p2a: Roar of the Spark|spe|1\n|\n|-weather|none\n|upkeep\n|turn|6\n|\n|t:|1699894472\n|move|p2a: Roar of the Spark|Iron Head|p1a: Sif\n|-supereffective|p1a: Sif\n|-damage|p1a: Sif|0 fnt\n|faint|p1a: Sif\n|\n|upkeep\n|\n|t:|1699894476\n|switch|p1a: The Horse|Palkia-Origin, shiny|100\/100\n|-ability|p1a: The Horse|Pressure\n|turn|7\n|\n|t:|1699894480\n|-terastallize|p1a: The Horse|Fairy\n|move|p2a: Roar of the Spark|Knock Off|p1a: The Horse\n|-resisted|p1a: The Horse\n|-damage|p1a: The Horse|57\/100\n|move|p1a: The Horse|Spacial Rend|p2a: Roar of the Spark\n|-supereffective|p2a: Roar of the Spark\n|-damage|p2a: Roar of the Spark|30\/100\n|\n|upkeep\n|turn|8\n|\n|t:|1699894486\n|move|p2a: Roar of the Spark|Iron Head|p1a: The Horse\n|-supereffective|p1a: The Horse\n|-damage|p1a: The Horse|0 fnt\n|faint|p1a: The Horse\n|\n|upkeep\n|c|\u2606Laprasrules12|Obviously no crit\n|\n|t:|1699894494\n|switch|p1a: Pok\u00e9ball|Magearna-Original|100\/100\n|turn|9\n|\n|t:|1699894497\n|move|p2a: Roar of the Spark|Iron Head|p1a: Pok\u00e9ball\n|-damage|p1a: Pok\u00e9ball|50\/100\n|move|p1a: Pok\u00e9ball|Thunder Wave|p2a: Roar of the Spark\n|-status|p2a: Roar of the Spark|par\n|\n|-heal|p1a: Pok\u00e9ball|57\/100|[from] item: Leftovers\n|-sideend|p2: AlicieLizzie|move: Aurora Veil\n|upkeep\n|turn|10\n|\n|t:|1699894501\n|cant|p2a: Roar of the Spark|par\n|move|p1a: Pok\u00e9ball|Fleur Cannon|p2a: Roar of the Spark\n|-supereffective|p2a: Roar of the Spark\n|-damage|p2a: Roar of the Spark|0 fnt\n|-unboost|p1a: Pok\u00e9ball|spa|2\n|faint|p2a: Roar of the Spark\n|-ability|p1a: Pok\u00e9ball|Soul-Heart|boost\n|-boost|p1a: Pok\u00e9ball|spa|1\n|-end|p2a: Roar of the Spark|Protosynthesis|[silent]\n|\n|-heal|p1a: Pok\u00e9ball|63\/100|[from] item: Leftovers\n|upkeep\n|\n|t:|1699894506\n|switch|p2a: Nine Inch Tails|Ninetales-Alola, F|100\/100\n|-weather|Snow|[from] ability: Snow Warning|[of] p2a: Nine Inch Tails\n|turn|11\n|\n|t:|1699894508\n|move|p2a: Nine Inch Tails|Aurora Veil|p2a: Nine Inch Tails\n|-sidestart|p2: AlicieLizzie|move: Aurora Veil\n|move|p1a: Pok\u00e9ball|Volt Switch|p2a: Nine Inch Tails\n|-damage|p2a: Nine Inch Tails|93\/100\n|\n|t:|1699894511\n|switch|p1a: Cleopatra|Espathra, M, shiny|100\/100|[from] Volt Switch\n|\n|-weather|Snow|[upkeep]\n|upkeep\n|turn|12\n|\n|t:|1699894518\n|move|p2a: Nine Inch Tails|Encore||[still]\n|-fail|p2a: Nine Inch Tails\n|move|p1a: Cleopatra|Calm Mind|p1a: Cleopatra\n|-boost|p1a: Cleopatra|spa|1\n|-boost|p1a: Cleopatra|spd|1\n|\n|-weather|Snow|[upkeep]\n|-ability|p1a: Cleopatra|Speed Boost|boost\n|-boost|p1a: Cleopatra|spe|1\n|upkeep\n|turn|13\n|\n|t:|1699894521\n|move|p1a: Cleopatra|Protect|p1a: Cleopatra\n|-singleturn|p1a: Cleopatra|Protect\n|move|p2a: Nine Inch Tails|Encore|p1a: Cleopatra\n|-activate|p1a: Cleopatra|move: Protect\n|\n|-weather|Snow|[upkeep]\n|-ability|p1a: Cleopatra|Speed Boost|boost\n|-boost|p1a: Cleopatra|spe|1\n|upkeep\n|turn|14\n|\n|t:|1699894525\n|move|p1a: Cleopatra|Stored Power|p2a: Nine Inch Tails\n|-damage|p2a: Nine Inch Tails|48\/100\n|move|p2a: Nine Inch Tails|Encore|p1a: Cleopatra\n|-start|p1a: Cleopatra|Encore\n|\n|-weather|Snow|[upkeep]\n|-ability|p1a: Cleopatra|Speed Boost|boost\n|-boost|p1a: Cleopatra|spe|1\n|upkeep\n|turn|15\n|\n|t:|1699894528\n|switch|p2a: King Crimson|Slowking-Galar, M|100\/100\n|move|p1a: Cleopatra|Stored Power|p2a: King Crimson\n|-damage|p2a: King Crimson|75\/100\n|\n|-weather|none\n|-ability|p1a: Cleopatra|Speed Boost|boost\n|-boost|p1a: Cleopatra|spe|1\n|upkeep\n|turn|16\n|\n|t:|1699894533\n|move|p1a: Cleopatra|Stored Power|p2a: King Crimson\n|-damage|p2a: King Crimson|44\/100\n|move|p2a: King Crimson|Chilly Reception|p2a: King Crimson\n|-weather|Snow\n|\n|t:|1699894535\n|switch|p2a: Iron (Head) Maiden|Jirachi|100\/100|[from] Chilly Reception\n|\n|-weather|Snow|[upkeep]\n|-ability|p1a: Cleopatra|Speed Boost|boost\n|-boost|p1a: Cleopatra|spe|1\n|upkeep\n|turn|17\n|\n|t:|1699894539\n|move|p1a: Cleopatra|Stored Power|p2a: Iron (Head) Maiden\n|-resisted|p2a: Iron (Head) Maiden\n|-damage|p2a: Iron (Head) Maiden|86\/100\n|move|p2a: Iron (Head) Maiden|Iron Head|p1a: Cleopatra\n|-damage|p1a: Cleopatra|55\/100\n|\n|-weather|Snow|[upkeep]\n|-heal|p1a: Cleopatra|61\/100|[from] item: Leftovers\n|-end|p1a: Cleopatra|Encore\n|-ability|p1a: Cleopatra|Speed Boost|boost\n|-boost|p1a: Cleopatra|spe|1\n|upkeep\n|turn|18\n|\n|t:|1699894543\n|move|p1a: Cleopatra|Protect|p1a: Cleopatra\n|-singleturn|p1a: Cleopatra|Protect\n|move|p2a: Iron (Head) Maiden|Iron Head|p1a: Cleopatra\n|-activate|p1a: Cleopatra|move: Protect\n|\n|-weather|Snow|[upkeep]\n|-heal|p1a: Cleopatra|67\/100|[from] item: Leftovers\n|-sideend|p2: AlicieLizzie|move: Aurora Veil\n|upkeep\n|turn|19\n|\n|t:|1699894546\n|move|p1a: Cleopatra|Calm Mind|p1a: Cleopatra\n|-boost|p1a: Cleopatra|spa|1\n|-boost|p1a: Cleopatra|spd|1\n|move|p2a: Iron (Head) Maiden|Iron Head|p1a: Cleopatra\n|-damage|p1a: Cleopatra|22\/100\n|\n|-weather|Snow|[upkeep]\n|-heal|p1a: Cleopatra|29\/100|[from] item: Leftovers\n|upkeep\n|turn|20\n|\n|t:|1699894547\n|move|p1a: Cleopatra|Protect|p1a: Cleopatra\n|-singleturn|p1a: Cleopatra|Protect\n|move|p2a: Iron (Head) Maiden|Iron Head|p1a: Cleopatra\n|-activate|p1a: Cleopatra|move: Protect\n|\n|-weather|none\n|-heal|p1a: Cleopatra|35\/100|[from] item: Leftovers\n|upkeep\n|turn|21\n|\n|t:|1699894550\n|move|p1a: Cleopatra|Stored Power|p2a: Iron (Head) Maiden\n|-resisted|p2a: Iron (Head) Maiden\n|-damage|p2a: Iron (Head) Maiden|29\/100\n|move|p2a: Iron (Head) Maiden|Iron Head|p1a: Cleopatra\n|-damage|p1a: Cleopatra|0 fnt\n|faint|p1a: Cleopatra\n|\n|upkeep\n|\n|t:|1699894554\n|switch|p1a: Say Gex|Cyclizar, M, shiny|84\/100\n|turn|22\n|\n|t:|1699894556\n|move|p1a: Say Gex|Shed Tail|p1a: Say Gex\n|-start|p1a: Say Gex|Substitute|[from] move: Shed Tail\n|-damage|p1a: Say Gex|34\/100\n|\n|t:|1699894558\n|switch|p1a: Kratos|Arceus-Fighting, shiny|100\/100|[from] Shed Tail\n|move|p2a: Iron (Head) Maiden|Iron Head|p1a: Kratos\n|-activate|p1a: Kratos|move: Substitute|[damage]\n|\n|upkeep\n|turn|23\n|\n|t:|1699894561\n|move|p2a: Iron (Head) Maiden|Iron Head|p1a: Kratos\n|-end|p1a: Kratos|Substitute\n|move|p1a: Kratos|Cosmic Power|p1a: Kratos\n|-boost|p1a: Kratos|def|1\n|-boost|p1a: Kratos|spd|1\n|\n|upkeep\n|turn|24\n|\n|t:|1699894564\n|move|p2a: Iron (Head) Maiden|Iron Head|p1a: Kratos\n|-damage|p1a: Kratos|88\/100\n|cant|p1a: Kratos|flinch\n|\n|upkeep\n|turn|25\n|\n|t:|1699894566\n|move|p2a: Iron (Head) Maiden|Iron Head|p1a: Kratos\n|-damage|p1a: Kratos|75\/100\n|cant|p1a: Kratos|flinch\n|\n|upkeep\n|turn|26\n|\n|t:|1699894569\n|move|p2a: Iron (Head) Maiden|Iron Head|p1a: Kratos\n|-damage|p1a: Kratos|63\/100\n|cant|p1a: Kratos|flinch\n|\n|upkeep\n|turn|27\n|\n|t:|1699894574\n|move|p2a: Iron (Head) Maiden|Iron Head|p1a: Kratos\n|-damage|p1a: Kratos|51\/100\n|cant|p1a: Kratos|flinch\n|\n|upkeep\n|turn|28\n|\n|t:|1699894578\n|move|p2a: Iron (Head) Maiden|Iron Head|p1a: Kratos\n|-damage|p1a: Kratos|39\/100\n|move|p1a: Kratos|Recover|p1a: Kratos\n|-heal|p1a: Kratos|89\/100\n|\n|upkeep\n|turn|29\n|c|\u2606Laprasrules12|Wtf\n|\n|t:|1699894582\n|move|p2a: Iron (Head) Maiden|Iron Head|p1a: Kratos\n|-damage|p1a: Kratos|78\/100\n|move|p1a: Kratos|Cosmic Power|p1a: Kratos\n|-boost|p1a: Kratos|def|1\n|-boost|p1a: Kratos|spd|1\n|\n|upkeep\n|turn|30\n|\n|t:|1699894583\n|move|p2a: Iron (Head) Maiden|Iron Head|p1a: Kratos\n|-damage|p1a: Kratos|68\/100\n|move|p1a: Kratos|Cosmic Power|p1a: Kratos\n|-boost|p1a: Kratos|def|1\n|-boost|p1a: Kratos|spd|1\n|\n|upkeep\n|turn|31\n|\n|t:|1699894586\n|move|p2a: Iron (Head) Maiden|Iron Head|p1a: Kratos\n|-damage|p1a: Kratos|60\/100\n|move|p1a: Kratos|Cosmic Power|p1a: Kratos\n|-boost|p1a: Kratos|def|1\n|-boost|p1a: Kratos|spd|1\n|\n|upkeep\n|turn|32\n|\n|t:|1699894588\n|move|p2a: Iron (Head) Maiden|Iron Head|p1a: Kratos\n|-damage|p1a: Kratos|53\/100\n|cant|p1a: Kratos|flinch\n|\n|upkeep\n|turn|33\n|\n|t:|1699894590\n|move|p2a: Iron (Head) Maiden|Iron Head|p1a: Kratos\n|-damage|p1a: Kratos|46\/100\n|cant|p1a: Kratos|flinch\n|\n|upkeep\n|turn|34\n|\n|t:|1699894592\n|move|p2a: Iron (Head) Maiden|Iron Head|p1a: Kratos\n|-damage|p1a: Kratos|40\/100\n|move|p1a: Kratos|Recover|p1a: Kratos\n|-heal|p1a: Kratos|90\/100\n|\n|upkeep\n|turn|35\n|\n|t:|1699894595\n|switch|p2a: Nine Inch Tails|Ninetales-Alola, F|48\/100\n|-weather|Snow|[from] ability: Snow Warning|[of] p2a: Nine Inch Tails\n|move|p1a: Kratos|Cosmic Power|p1a: Kratos\n|-boost|p1a: Kratos|def|1\n|-boost|p1a: Kratos|spd|1\n|\n|-weather|Snow|[upkeep]\n|upkeep\n|turn|36\n|\n|t:|1699894597\n|move|p2a: Nine Inch Tails|Aurora Veil|p2a: Nine Inch Tails\n|-sidestart|p2: AlicieLizzie|move: Aurora Veil\n|move|p1a: Kratos|Body Press|p2a: Nine Inch Tails\n|-damage|p2a: Nine Inch Tails|0 fnt\n|faint|p2a: Nine Inch Tails\n|\n|-weather|Snow|[upkeep]\n|upkeep\n|\n|t:|1699894603\n|switch|p2a: Iron (Head) Maiden|Jirachi|29\/100\n|turn|37\n|\n|t:|1699894605\n|move|p2a: Iron (Head) Maiden|Body Slam|p1a: Kratos\n|-damage|p1a: Kratos|86\/100\n|-status|p1a: Kratos|par\n|move|p1a: Kratos|Body Press|p2a: Iron (Head) Maiden\n|-damage|p2a: Iron (Head) Maiden|0 fnt\n|faint|p2a: Iron (Head) Maiden\n|\n|-weather|Snow|[upkeep]\n|upkeep\n|\n|t:|1699894616\n|switch|p2a: Bax in Black|Baxcalibur, M|100\/100\n|turn|38\n|\n|t:|1699894618\n|move|p2a: Bax in Black|Swords Dance|p2a: Bax in Black\n|-boost|p2a: Bax in Black|atk|2\n|cant|p1a: Kratos|par\n|\n|-weather|Snow|[upkeep]\n|upkeep\n|turn|39\n|\n|t:|1699894624\n|move|p2a: Bax in Black|Scale Shot|p1a: Kratos\n|-crit|p1a: Kratos\n|-damage|p1a: Kratos|63\/100 par\n|-damage|p1a: Kratos|59\/100 par\n|-damage|p1a: Kratos|54\/100 par\n|-damage|p1a: Kratos|50\/100 par\n|-hitcount|p1a: Kratos|4\n|-unboost|p2a: Bax in Black|def|1\n|-boost|p2a: Bax in Black|spe|1\n|move|p1a: Kratos|Body Press|p2a: Bax in Black\n|-supereffective|p2a: Bax in Black\n|-damage|p2a: Bax in Black|0 fnt\n|faint|p2a: Bax in Black\n|\n|-weather|none\n|upkeep\n|\n|t:|1699894632\n|switch|p2a: Round and Round|Cyclizar, F|100\/100\n|turn|40\n|\n|t:|1699894636\n|move|p2a: Round and Round|Shed Tail|p2a: Round and Round\n|-start|p2a: Round and Round|Substitute|[from] move: Shed Tail\n|-damage|p2a: Round and Round|50\/100\n|\n|t:|1699894637\n|switch|p2a: King Crimson|Slowking-Galar, M|77\/100|[from] Shed Tail\n|move|p1a: Kratos|Recover|p1a: Kratos\n|-heal|p1a: Kratos|99\/100 par\n|\n|upkeep\n|turn|41\n|\n|t:|1699894641\n|move|p1a: Kratos|Stored Power|p2a: King Crimson\n|-activate|p2a: King Crimson|move: Substitute|[damage]\n|move|p2a: King Crimson|Psyshock|p1a: Kratos\n|-supereffective|p1a: Kratos\n|-damage|p1a: Kratos|90\/100 par\n|\n|upkeep\n|turn|42\n|\n|t:|1699894643\n|move|p1a: Kratos|Stored Power|p2a: King Crimson\n|-end|p2a: King Crimson|Substitute\n|move|p2a: King Crimson|Psyshock|p1a: Kratos\n|-supereffective|p1a: Kratos\n|-damage|p1a: Kratos|80\/100 par\n|\n|upkeep\n|turn|43\n|\n|t:|1699894646\n|cant|p1a: Kratos|par\n|move|p2a: King Crimson|Psyshock|p1a: Kratos\n|-supereffective|p1a: Kratos\n|-damage|p1a: Kratos|71\/100 par\n|\n|-sideend|p2: AlicieLizzie|move: Aurora Veil\n|upkeep\n|turn|44\n|\n|t:|1699894650\n|move|p1a: Kratos|Cosmic Power|p1a: Kratos\n|-boost|p1a: Kratos|def|1\n|-boost|p1a: Kratos|spd|1\n|move|p2a: King Crimson|Psyshock|p1a: Kratos\n|-supereffective|p1a: Kratos\n|-damage|p1a: Kratos|62\/100 par\n|\n|upkeep\n|turn|45\n|\n|t:|1699894652\n|cant|p1a: Kratos|par\n|move|p2a: King Crimson|Psyshock|p1a: Kratos\n|-supereffective|p1a: Kratos\n|-damage|p1a: Kratos|54\/100 par\n|\n|upkeep\n|turn|46\n|\n|t:|1699894656\n|move|p1a: Kratos|Recover|p1a: Kratos\n|-heal|p1a: Kratos|100\/100 par\n|move|p2a: King Crimson|Psyshock|p1a: Kratos\n|-supereffective|p1a: Kratos\n|-damage|p1a: Kratos|92\/100 par\n|\n|upkeep\n|turn|47\n|\n|t:|1699894658\n|move|p1a: Kratos|Stored Power|p2a: King Crimson\n|-damage|p2a: King Crimson|37\/100\n|move|p2a: King Crimson|Psyshock|p1a: Kratos\n|-supereffective|p1a: Kratos\n|-damage|p1a: Kratos|84\/100 par\n|\n|upkeep\n|turn|48\n|\n|t:|1699894660\n|move|p1a: Kratos|Stored Power|p2a: King Crimson\n|-damage|p2a: King Crimson|0 fnt\n|faint|p2a: King Crimson\n|\n|upkeep\n|j| Weirdmenace\n|l| Weirdmenace\n|\n|t:|1699894662\n|switch|p2a: Round and Round|Cyclizar, F|84\/100\n|turn|49\n|c|\u2606Laprasrules12|GG\n|\n|t:|1699894665\n|move|p2a: Round and Round|Knock Off|p1a: Kratos\n|-resisted|p1a: Kratos\n|-damage|p1a: Kratos|83\/100 par\n|move|p1a: Kratos|Body Press|p2a: Round and Round\n|-supereffective|p2a: Round and Round\n|-damage|p2a: Round and Round|0 fnt\n|faint|p2a: Round and Round\n|\n|win|Laprasrules12\n|c|\u2606AlicieLizzie|gg\n|c|\u2606AlicieLizzie|\u2018twas funny\n","uploadtime":1699894673,"views":8,"p1id":"laprasrules12","p2id":"alicielizzie","formatid":"gen9ubers","rating":0,"private":0,"password":""}