{"id":"gen9ubers-1999320546","p1":"Jkkkroy","p2":"hererh","format":"[Gen 9] Ubers","log":"|j|\u2606Jkkkroy\n|j|\u2606hererh\n|t:|1701059885\n|gametype|singles\n|player|p1|Jkkkroy|2|1000\n|player|p2|hererh|101|1084\n|teamsize|p1|6\n|teamsize|p2|6\n|gen|9\n|tier|[Gen 9] Ubers\n|rated|\n|rule|Sleep Clause Mod: Limit one foe put to sleep\n|rule|Species Clause: Limit one of each Pok\u00e9mon\n|rule|OHKO Clause: OHKO moves are banned\n|rule|Evasion Items Clause: Evasion items are banned\n|rule|Evasion Moves Clause: Evasion moves are banned\n|rule|Endless Battle Clause: Forcing endless battles is banned\n|rule|HP Percentage Mod: HP is shown in percentages\n|clearpoke\n|poke|p1|Baxcalibur, M|\n|poke|p1|Pikachu, M|\n|poke|p1|Arceus-Poison|\n|poke|p1|Raichu-Alola, M|\n|poke|p1|Typhlosion-Hisui, F|\n|poke|p1|Charizard, F|\n|poke|p2|Grimmsnarl, M|\n|poke|p2|Koraidon|\n|poke|p2|Arceus|\n|poke|p2|Flutter Mane|\n|poke|p2|Zacian-*|\n|poke|p2|Calyrex-Ice|\n|teampreview\n|inactive|Battle timer is ON: inactive players will automatically lose when time's up. (requested by hererh)\n|\n|t:|1701059892\n|start\n|switch|p1a: Pikachu|Pikachu, M|100\/100\n|switch|p2a: Grimmsnarl|Grimmsnarl, M|100\/100\n|turn|1\n|\n|t:|1701059901\n|move|p2a: Grimmsnarl|Reflect|p2a: Grimmsnarl\n|-sidestart|p2: hererh|Reflect\n|move|p1a: Pikachu|Volt Tackle|p2a: Grimmsnarl\n|-damage|p2a: Grimmsnarl|65\/100\n|-damage|p1a: Pikachu|79\/100|[from] Recoil\n|\n|upkeep\n|turn|2\n|\n|t:|1701059918\n|move|p2a: Grimmsnarl|Light Screen|p2a: Grimmsnarl\n|-sidestart|p2: hererh|move: Light Screen\n|move|p1a: Pikachu|Volt Tackle|p2a: Grimmsnarl\n|-damage|p2a: Grimmsnarl|26\/100\n|-status|p2a: Grimmsnarl|par\n|-damage|p1a: Pikachu|56\/100|[from] Recoil\n|\n|upkeep\n|turn|3\n|\n|t:|1701059931\n|move|p1a: Pikachu|Quick Attack|p2a: Grimmsnarl\n|-damage|p2a: Grimmsnarl|19\/100 par\n|move|p2a: Grimmsnarl|Spirit Break|p1a: Pikachu\n|-damage|p1a: Pikachu|0 fnt\n|faint|p1a: Pikachu\n|\n|upkeep\n|\n|t:|1701059939\n|switch|p1a: Raichu|Raichu-Alola, M|100\/100\n|turn|4\n|\n|t:|1701059949\n|move|p1a: Raichu|Thunderbolt|p2a: Grimmsnarl\n|-damage|p2a: Grimmsnarl|7\/100 par\n|move|p2a: Grimmsnarl|Spirit Break|p1a: Raichu\n|-damage|p1a: Raichu|33\/100\n|-unboost|p1a: Raichu|spa|1\n|\n|upkeep\n|turn|5\n|\n|t:|1701059957\n|move|p1a: Raichu|Hyper Beam|p2a: Grimmsnarl\n|-damage|p2a: Grimmsnarl|0 fnt\n|-mustrecharge|p1a: Raichu\n|faint|p2a: Grimmsnarl\n|\n|upkeep\n|\n|t:|1701059975\n|switch|p2a: Calyrex|Calyrex-Ice|100\/100\n|-ability|p2a: Calyrex|As One\n|-ability|p2a: Calyrex|Unnerve\n|turn|6\n|\n|t:|1701059983\n|cant|p1a: Raichu|recharge\n|move|p2a: Calyrex|Trick Room|p2a: Calyrex\n|-fieldstart|move: Trick Room|[of] p2a: Calyrex\n|\n|upkeep\n|turn|7\n|\n|t:|1701059992\n|move|p2a: Calyrex|High Horsepower|p1a: Raichu\n|-supereffective|p1a: Raichu\n|-damage|p1a: Raichu|0 fnt\n|faint|p1a: Raichu\n|-ability|p2a: Calyrex|Chilling Neigh|boost\n|-boost|p2a: Calyrex|atk|1\n|\n|upkeep\n|\n|t:|1701060000\n|switch|p1a: Typhlosion|Typhlosion-Hisui, F|100\/100\n|turn|8\n|\n|t:|1701060010\n|move|p2a: Calyrex|High Horsepower|p1a: Typhlosion|[miss]\n|-miss|p2a: Calyrex|p1a: Typhlosion\n|move|p1a: Typhlosion|Eruption|p2a: Calyrex\n|-supereffective|p2a: Calyrex\n|-damage|p2a: Calyrex|49\/100\n|\n|-sideend|p2: hererh|Reflect\n|upkeep\n|turn|9\n|\n|t:|1701060019\n|move|p2a: Calyrex|High Horsepower|p1a: Typhlosion\n|-supereffective|p1a: Typhlosion\n|-damage|p1a: Typhlosion|0 fnt\n|faint|p1a: Typhlosion\n|-ability|p2a: Calyrex|Chilling Neigh|boost\n|-boost|p2a: Calyrex|atk|1\n|\n|-sideend|p2: hererh|move: Light Screen\n|upkeep\n|\n|t:|1701060037\n|switch|p1a: Baxcalibur|Baxcalibur, M|100\/100\n|turn|10\n|\n|t:|1701060049\n|move|p2a: Calyrex|High Horsepower|p1a: Baxcalibur\n|-damage|p1a: Baxcalibur|24\/100\n|move|p1a: Baxcalibur|Blizzard|p2a: Calyrex\n|-resisted|p2a: Calyrex\n|-damage|p2a: Calyrex|36\/100\n|\n|-fieldend|move: Trick Room\n|upkeep\n|turn|11\n|\n|t:|1701060058\n|move|p1a: Baxcalibur|Ice Beam|p2a: Calyrex\n|-resisted|p2a: Calyrex\n|-damage|p2a: Calyrex|27\/100\n|move|p2a: Calyrex|Trick Room|p2a: Calyrex\n|-fieldstart|move: Trick Room|[of] p2a: Calyrex\n|\n|upkeep\n|turn|12\n|\n|t:|1701060066\n|move|p2a: Calyrex|Glacial Lance|p1a: Baxcalibur\n|-damage|p1a: Baxcalibur|0 fnt\n|faint|p1a: Baxcalibur\n|-ability|p2a: Calyrex|Chilling Neigh|boost\n|-boost|p2a: Calyrex|atk|1\n|\n|upkeep\n|\n|t:|1701060072\n|switch|p1a: Charizard|Charizard, F|100\/100\n|turn|13\n|\n|t:|1701060092\n|move|p2a: Calyrex|Glacial Lance|p1a: Charizard\n|-damage|p1a: Charizard|0 fnt\n|faint|p1a: Charizard\n|-ability|p2a: Calyrex|Chilling Neigh|boost\n|-boost|p2a: Calyrex|atk|1\n|\n|upkeep\n|inactive|Jkkkroy has 120 seconds left.\n|\n|t:|1701060113\n|switch|p1a: Arceus|Arceus-Poison|100\/100\n|turn|14\n|\n|t:|1701060117\n|move|p2a: Calyrex|High Horsepower|p1a: Arceus\n|-supereffective|p1a: Arceus\n|-damage|p1a: Arceus|0 fnt\n|faint|p1a: Arceus\n|\n|win|hererh\n|raw|Jkkkroy's rating: 1000 &rarr; <strong>1000<\/strong><br \/>(+0 for losing)\n|raw|hererh's rating: 1084 &rarr; <strong>1105<\/strong><br \/>(+21 for winning)\n","uploadtime":1701060130,"views":2,"p1id":"jkkkroy","p2id":"hererh","formatid":"gen9ubers","rating":1000,"private":0,"password":""}