{"id":"gen9ubers-1994960896","p1":"zetaice","p2":"Anne Frankkkk","format":"[Gen 9] Ubers","log":"|j|\u2606zetaice\n|j|\u2606Anne Frankkkk\n|t:|1700508332\n|gametype|singles\n|player|p1|zetaice|lucas-gen4pt|1210\n|player|p2|Anne Frankkkk|hilbert|1200\n|teamsize|p1|6\n|teamsize|p2|6\n|gen|9\n|tier|[Gen 9] Ubers\n|rated|\n|rule|Sleep Clause Mod: Limit one foe put to sleep\n|rule|Species Clause: Limit one of each Pok\u00e9mon\n|rule|OHKO Clause: OHKO moves are banned\n|rule|Evasion Items Clause: Evasion items are banned\n|rule|Evasion Moves Clause: Evasion moves are banned\n|rule|Endless Battle Clause: Forcing endless battles is banned\n|rule|HP Percentage Mod: HP is shown in percentages\n|clearpoke\n|poke|p1|Regieleki|\n|poke|p1|Ogerpon-Hearthflame, F|\n|poke|p1|Miraidon|\n|poke|p1|Iron Bundle|\n|poke|p1|Sneasler, M|\n|poke|p1|Zacian-*|\n|poke|p2|Regieleki|\n|poke|p2|Kyogre|\n|poke|p2|Chien-Pao|\n|poke|p2|Ribombee, M|\n|poke|p2|Miraidon|\n|poke|p2|Flutter Mane|\n|teampreview\n|inactive|Battle timer is ON: inactive players will automatically lose when time's up. (requested by Anne Frankkkk)\n|\n|t:|1700508358\n|start\n|switch|p1a: Ogerpon|Ogerpon-Hearthflame, F|100\/100\n|switch|p2a: Moonblast|Ribombee, M, shiny|100\/100\n|-ability|p1a: Ogerpon|Mold Breaker\n|turn|1\n|\n|t:|1700508364\n|move|p2a: Moonblast|Sticky Web|p1a: Ogerpon\n|-sidestart|p1: zetaice|move: Sticky Web\n|move|p1a: Ogerpon|Taunt|p2a: Moonblast\n|-start|p2a: Moonblast|move: Taunt\n|\n|upkeep\n|turn|2\n|\n|t:|1700508370\n|switch|p1a: Regieleki|Regieleki|100\/100\n|move|p2a: Moonblast|Bug Buzz|p1a: Regieleki\n|-damage|p1a: Regieleki|20\/100\n|\n|upkeep\n|turn|3\n|\n|t:|1700508375\n|switch|p2a: Misdreavius|Flutter Mane, shiny|100\/100\n|-enditem|p2a: Misdreavius|Booster Energy\n|-activate|p2a: Misdreavius|ability: Protosynthesis|[fromitem]\n|-start|p2a: Misdreavius|protosynthesisspe\n|move|p1a: Regieleki|Rapid Spin|p2a: Misdreavius\n|-immune|p2a: Misdreavius\n|\n|upkeep\n|turn|4\n|\n|t:|1700508387\n|switch|p1a: Sneasler|Sneasler, M|100\/100\n|-item|p1a: Sneasler|Air Balloon\n|move|p2a: Misdreavius|Moonblast|p1a: Sneasler\n|-damage|p1a: Sneasler|26\/100\n|-enditem|p1a: Sneasler|Air Balloon\n|\n|upkeep\n|turn|5\n|\n|t:|1700508396\n|move|p1a: Sneasler|Dire Claw|p2a: Misdreavius\n|-damage|p2a: Misdreavius|8\/100\n|move|p2a: Misdreavius|Moonblast|p1a: Sneasler\n|-damage|p1a: Sneasler|0 fnt\n|faint|p1a: Sneasler\n|\n|upkeep\n|\n|t:|1700508411\n|switch|p1a: Zacian|Zacian-Crowned|100\/100\n|-activate|p1a: Zacian|move: Sticky Web\n|-unboost|p1a: Zacian|spe|1\n|-ability|p1a: Zacian|Intrepid Sword|boost\n|-boost|p1a: Zacian|atk|1\n|turn|6\n|\n|t:|1700508417\n|move|p2a: Misdreavius|Shadow Ball|p1a: Zacian\n|-damage|p1a: Zacian|64\/100\n|move|p1a: Zacian|Trailblaze|p2a: Misdreavius\n|-damage|p2a: Misdreavius|0 fnt\n|-boost|p1a: Zacian|spe|1\n|faint|p2a: Misdreavius\n|-end|p2a: Misdreavius|Protosynthesis|[silent]\n|\n|upkeep\n|\n|t:|1700508425\n|switch|p2a: Moonblast|Ribombee, M, shiny|100\/100\n|turn|7\n|\n|t:|1700508447\n|move|p1a: Zacian|Behemoth Blade|p2a: Moonblast\n|-supereffective|p2a: Moonblast\n|-enditem|p2a: Moonblast|Focus Sash\n|-damage|p2a: Moonblast|1\/100\n|move|p2a: Moonblast|Stun Spore|p1a: Zacian\n|-status|p1a: Zacian|par\n|\n|upkeep\n|turn|8\n|\n|t:|1700508455\n|move|p2a: Moonblast|Moonblast|p1a: Zacian\n|-resisted|p1a: Zacian\n|-damage|p1a: Zacian|44\/100 par\n|move|p1a: Zacian|Play Rough|p2a: Moonblast\n|-damage|p2a: Moonblast|0 fnt\n|faint|p2a: Moonblast\n|\n|upkeep\n|\n|t:|1700508463\n|switch|p2a: Cyber Lizard|Miraidon|100\/100\n|-fieldstart|move: Electric Terrain|[from] ability: Hadron Engine|[of] p2a: Cyber Lizard\n|-item|p2a: Cyber Lizard|Air Balloon\n|turn|9\n|\n|t:|1700508469\n|move|p2a: Cyber Lizard|Electro Drift|p1a: Zacian\n|-damage|p1a: Zacian|0 fnt\n|faint|p1a: Zacian\n|\n|upkeep\n|\n|t:|1700508475\n|switch|p1a: Regieleki|Regieleki|20\/100\n|turn|10\n|\n|t:|1700508484\n|move|p1a: Regieleki|Rapid Spin|p2a: Cyber Lizard\n|-damage|p2a: Cyber Lizard|91\/100\n|-boost|p1a: Regieleki|spe|1\n|-enditem|p2a: Cyber Lizard|Air Balloon\n|-sideend|p1: zetaice|Sticky Web|[from] move: Rapid Spin|[of] p1a: Regieleki\n|move|p2a: Cyber Lizard|Calm Mind|p2a: Cyber Lizard\n|-boost|p2a: Cyber Lizard|spa|1\n|-boost|p2a: Cyber Lizard|spd|1\n|\n|upkeep\n|turn|11\n|\n|t:|1700508492\n|move|p1a: Regieleki|Thunder Cage|p2a: Cyber Lizard\n|-resisted|p2a: Cyber Lizard\n|-damage|p2a: Cyber Lizard|83\/100\n|-activate|p2a: Cyber Lizard|move: Thunder Cage|[of] p1a: Regieleki\n|move|p2a: Cyber Lizard|Calm Mind|p2a: Cyber Lizard\n|-boost|p2a: Cyber Lizard|spa|1\n|-boost|p2a: Cyber Lizard|spd|1\n|\n|-damage|p2a: Cyber Lizard|70\/100|[from] move: Thunder Cage|[partiallytrapped]\n|upkeep\n|turn|12\n|\n|t:|1700508500\n|-terastallize|p1a: Regieleki|Ice\n|move|p1a: Regieleki|Tera Blast|p2a: Cyber Lizard|[anim] Tera Blast Ice\n|-supereffective|p2a: Cyber Lizard\n|-damage|p2a: Cyber Lizard|38\/100\n|move|p2a: Cyber Lizard|Dragon Pulse|p1a: Regieleki\n|-damage|p1a: Regieleki|0 fnt\n|faint|p1a: Regieleki\n|\n|-end|p2a: Cyber Lizard|Thunder Cage|[partiallytrapped]|[silent]\n|upkeep\n|\n|t:|1700508512\n|switch|p1a: Iron Bundle|Iron Bundle|100\/100\n|-activate|p1a: Iron Bundle|ability: Quark Drive\n|-start|p1a: Iron Bundle|quarkdrivespe\n|turn|13\n|\n|t:|1700508517\n|move|p1a: Iron Bundle|Freeze-Dry|p2a: Cyber Lizard\n|-supereffective|p2a: Cyber Lizard\n|-damage|p2a: Cyber Lizard|6\/100\n|move|p2a: Cyber Lizard|Electro Drift|p1a: Iron Bundle\n|-supereffective|p1a: Iron Bundle\n|-damage|p1a: Iron Bundle|0 fnt\n|faint|p1a: Iron Bundle\n|-end|p1a: Iron Bundle|Quark Drive|[silent]\n|\n|-fieldend|move: Electric Terrain\n|upkeep\n|\n|t:|1700508528\n|switch|p1a: Ogerpon|Ogerpon-Hearthflame, F|100\/100\n|-ability|p1a: Ogerpon|Mold Breaker\n|turn|14\n|\n|t:|1700508534\n|move|p2a: Cyber Lizard|Electro Drift|p1a: Ogerpon\n|-resisted|p1a: Ogerpon\n|-damage|p1a: Ogerpon|32\/100\n|move|p1a: Ogerpon|Trailblaze|p2a: Cyber Lizard\n|-resisted|p2a: Cyber Lizard\n|-damage|p2a: Cyber Lizard|0 fnt\n|-boost|p1a: Ogerpon|spe|1\n|faint|p2a: Cyber Lizard\n|\n|upkeep\n|\n|t:|1700508538\n|switch|p2a: Bzzzzt|Regieleki, shiny|100\/100\n|turn|15\n|inactive|zetaice has 120 seconds left.\n|\n|t:|1700508570\n|move|p1a: Ogerpon|Ivy Cudgel|p2a: Bzzzzt|[anim] Ivy Cudgel Fire\n|-damage|p2a: Bzzzzt|0 fnt\n|faint|p2a: Bzzzzt\n|\n|upkeep\n|\n|t:|1700508575\n|switch|p2a: Ice Cat|Chien-Pao|100\/100\n|-ability|p2a: Ice Cat|Sword of Ruin\n|turn|16\n|\n|t:|1700508579\n|move|p2a: Ice Cat|Sucker Punch||[still]\n|-fail|p2a: Ice Cat\n|move|p1a: Ogerpon|Taunt|p2a: Ice Cat\n|-start|p2a: Ice Cat|move: Taunt\n|\n|upkeep\n|turn|17\n|\n|t:|1700508584\n|move|p2a: Ice Cat|Sucker Punch|p1a: Ogerpon\n|-damage|p1a: Ogerpon|0 fnt\n|faint|p1a: Ogerpon\n|\n|upkeep\n|\n|t:|1700508588\n|switch|p1a: Miraidon|Miraidon|100\/100\n|-fieldstart|move: Electric Terrain|[from] ability: Hadron Engine|[of] p1a: Miraidon\n|turn|18\n|\n|t:|1700508595\n|move|p1a: Miraidon|Electro Drift|p2a: Ice Cat\n|-enditem|p2a: Ice Cat|Focus Sash\n|-damage|p2a: Ice Cat|1\/100\n|move|p2a: Ice Cat|Ice Spinner|p1a: Miraidon\n|-supereffective|p1a: Miraidon\n|-damage|p1a: Miraidon|0 fnt\n|-fieldend|move: Electric Terrain\n|faint|p1a: Miraidon\n|\n|win|Anne Frankkkk\n|raw|zetaice's rating: 1210 &rarr; <strong>1184<\/strong><br \/>(-26 for losing)\n|raw|Anne Frankkkk's rating: 1200 &rarr; <strong>1226<\/strong><br \/>(+26 for winning)\n|c|\u2606zetaice|gg\n|l|\u2606zetaice\n","uploadtime":1700508607,"views":1,"p1id":"zetaice","p2id":"annefrankkkk","formatid":"gen9ubers","rating":1184,"private":0,"password":""}