{"id":"gen9ubers-1978345750","p1":"HelloThereMites","p2":"mrweston","format":"[Gen 9] Ubers","log":"|j|\u2606HelloThereMites\n|j|\u2606mrweston\n|t:|1698527620\n|gametype|singles\n|player|p1|HelloThereMites|riley|1157\n|player|p2|mrweston|brock|1048\n|teamsize|p1|6\n|teamsize|p2|6\n|gen|9\n|tier|[Gen 9] Ubers\n|rated|\n|rule|Sleep Clause Mod: Limit one foe put to sleep\n|rule|Species Clause: Limit one of each Pok\u00e9mon\n|rule|OHKO Clause: OHKO moves are banned\n|rule|Evasion Items Clause: Evasion items are banned\n|rule|Evasion Moves Clause: Evasion moves are banned\n|rule|Endless Battle Clause: Forcing endless battles is banned\n|rule|HP Percentage Mod: HP is shown in percentages\n|clearpoke\n|poke|p1|Ogerpon-Hearthflame, F|\n|poke|p1|Zacian-*|\n|poke|p1|Urshifu-*, F|\n|poke|p1|Flutter Mane|\n|poke|p1|Iron Bundle|\n|poke|p1|Chien-Pao|\n|poke|p2|Darkrai|\n|poke|p2|Shaymin-Sky|\n|poke|p2|Flutter Mane|\n|poke|p2|Chien-Pao|\n|poke|p2|Mewtwo|\n|poke|p2|Regieleki|\n|teampreview\n|inactive|Battle timer is ON: inactive players will automatically lose when time's up. (requested by mrweston)\n|inactive|HelloThereMites also wants the timer to be on.\n|\n|t:|1698527648\n|start\n|switch|p1a: Ogerpon|Ogerpon-Hearthflame, F|100\/100\n|switch|p2a: Darkrai|Darkrai|100\/100\n|-ability|p1a: Ogerpon|Mold Breaker\n|turn|1\n|\n|t:|1698527654\n|move|p2a: Darkrai|Dark Void|p1a: Ogerpon|[miss]\n|-miss|p2a: Darkrai|p1a: Ogerpon\n|move|p1a: Ogerpon|Swords Dance|p1a: Ogerpon\n|-boost|p1a: Ogerpon|atk|2\n|\n|upkeep\n|turn|2\n|\n|t:|1698527660\n|move|p2a: Darkrai|Dark Void|p1a: Ogerpon\n|-status|p1a: Ogerpon|slp|[from] move: Dark Void\n|cant|p1a: Ogerpon|slp\n|\n|-damage|p1a: Ogerpon|88\/100 slp|[from] ability: Bad Dreams|[of] p2a: Darkrai\n|upkeep\n|turn|3\n|\n|t:|1698527669\n|move|p2a: Darkrai|Dark Pulse|p1a: Ogerpon\n|-damage|p1a: Ogerpon|35\/100 slp\n|cant|p1a: Ogerpon|slp\n|\n|-damage|p1a: Ogerpon|23\/100 slp|[from] ability: Bad Dreams|[of] p2a: Darkrai\n|upkeep\n|turn|4\n|c|\u2606mrweston|hmm\n|\n|t:|1698527675\n|move|p2a: Darkrai|Dark Pulse|p1a: Ogerpon\n|-damage|p1a: Ogerpon|0 fnt\n|faint|p1a: Ogerpon\n|\n|upkeep\n|c|\u2606HelloThereMites|dang\n|\n|t:|1698527683\n|switch|p1a: Dog|Zacian-Crowned|100\/100\n|-ability|p1a: Dog|Intrepid Sword|boost\n|-boost|p1a: Dog|atk|1\n|turn|5\n|c|\u2606HelloThereMites|thats a good move\n|\n|t:|1698527702\n|move|p1a: Dog|Play Rough|p2a: Darkrai\n|-supereffective|p2a: Darkrai\n|-enditem|p2a: Darkrai|Focus Sash\n|-damage|p2a: Darkrai|1\/100\n|move|p2a: Darkrai|Dark Void|p1a: Dog\n|-status|p1a: Dog|slp|[from] move: Dark Void\n|\n|-damage|p1a: Dog|88\/100 slp|[from] ability: Bad Dreams|[of] p2a: Darkrai\n|upkeep\n|turn|6\n|\n|t:|1698527715\n|switch|p1a: Chien-Pao|Chien-Pao|100\/100\n|-ability|p1a: Chien-Pao|Sword of Ruin\n|switch|p2a: Regieleki|Regieleki|100\/100\n|\n|upkeep\n|turn|7\n|inactive|mrweston has 120 seconds left.\n|\n|t:|1698527753\n|move|p2a: Regieleki|Thunderbolt|p1a: Chien-Pao\n|-damage|p1a: Chien-Pao|0 fnt\n|faint|p1a: Chien-Pao\n|\n|upkeep\n|\n|t:|1698527761\n|switch|p1a: Flutter Mane|Flutter Mane|100\/100\n|turn|8\n|inactive|mrweston has 120 seconds left.\n|\n|t:|1698527770\n|switch|p2a: Chien-Pao|Chien-Pao|100\/100\n|-ability|p2a: Chien-Pao|Sword of Ruin\n|move|p1a: Flutter Mane|Moonblast|p2a: Chien-Pao\n|-supereffective|p2a: Chien-Pao\n|-damage|p2a: Chien-Pao|0 fnt\n|faint|p2a: Chien-Pao\n|-damage|p1a: Flutter Mane|91\/100|[from] item: Life Orb\n|\n|upkeep\n|\n|t:|1698527772\n|switch|p2a: Flutter Mane|Flutter Mane|100\/100\n|-enditem|p2a: Flutter Mane|Booster Energy\n|-activate|p2a: Flutter Mane|ability: Protosynthesis|[fromitem]\n|-start|p2a: Flutter Mane|protosynthesisspe\n|turn|9\n|\n|t:|1698527784\n|move|p2a: Flutter Mane|Shadow Ball|p1a: Flutter Mane\n|-supereffective|p1a: Flutter Mane\n|-damage|p1a: Flutter Mane|6\/100\n|-unboost|p1a: Flutter Mane|spd|1\n|move|p1a: Flutter Mane|Shadow Ball|p2a: Flutter Mane\n|-supereffective|p2a: Flutter Mane\n|-damage|p2a: Flutter Mane|0 fnt\n|faint|p2a: Flutter Mane\n|-end|p2a: Flutter Mane|Protosynthesis|[silent]\n|-damage|p1a: Flutter Mane|0 fnt|[from] item: Life Orb\n|faint|p1a: Flutter Mane\n|-end|p1a: Flutter Mane|Protosynthesis|[silent]\n|\n|upkeep\n|inactive|mrweston has 120 seconds left.\n|inactive|HelloThereMites has 120 seconds left.\n|\n|t:|1698527814\n|switch|p2a: Regieleki|Regieleki|100\/100\n|switch|p1a: Dog|Zacian-Crowned|88\/100 slp\n|turn|10\n|inactive|mrweston has 120 seconds left.\n|inactive|mrweston has 90 seconds left.\n|inactive|mrweston has 60 seconds left.\n|\n|t:|1698527888\n|move|p2a: Regieleki|Thunderbolt|p1a: Dog\n|-damage|p1a: Dog|16\/100 slp\n|cant|p1a: Dog|slp\n|\n|upkeep\n|turn|11\n|inactive|HelloThereMites has 120 seconds left.\n|\n|t:|1698527923\n|move|p2a: Regieleki|Thunderbolt|p1a: Dog\n|-damage|p1a: Dog|0 fnt\n|faint|p1a: Dog\n|\n|upkeep\n|\n|t:|1698527929\n|switch|p1a: Urshifu|Urshifu-Rapid-Strike, F|100\/100\n|turn|12\n|\n|t:|1698527953\n|switch|p2a: Darkrai|Darkrai|1\/100\n|move|p1a: Urshifu|Close Combat|p2a: Darkrai\n|-supereffective|p2a: Darkrai\n|-crit|p2a: Darkrai\n|-damage|p2a: Darkrai|0 fnt\n|-unboost|p1a: Urshifu|def|1\n|-unboost|p1a: Urshifu|spd|1\n|faint|p2a: Darkrai\n|\n|upkeep\n|\n|t:|1698527956\n|switch|p2a: Regieleki|Regieleki|100\/100\n|turn|13\n|inactive|HelloThereMites has 120 seconds left.\n|\n|t:|1698527970\n|move|p2a: Regieleki|Thunderbolt|p1a: Urshifu\n|-supereffective|p1a: Urshifu\n|-damage|p1a: Urshifu|0 fnt\n|faint|p1a: Urshifu\n|\n|upkeep\n|\n|t:|1698527974\n|switch|p1a: Mr. Popper|Iron Bundle, shiny|100\/100\n|turn|14\n|inactive|mrweston has 90 seconds left.\n|\n|t:|1698527989\n|-terastallize|p1a: Mr. Popper|Ice\n|move|p2a: Regieleki|Thunderbolt|p1a: Mr. Popper\n|-damage|p1a: Mr. Popper|0 fnt\n|faint|p1a: Mr. Popper\n|-end|p1a: Mr. Popper|Quark Drive|[silent]\n|\n|win|mrweston\n|raw|HelloThereMites's rating: 1157 &rarr; <strong>1124<\/strong><br \/>(-33 for losing)\n|raw|mrweston's rating: 1048 &rarr; <strong>1091<\/strong><br \/>(+43 for winning)\n|l|\u2606mrweston\n","uploadtime":1698527998,"views":11,"p1id":"hellotheremites","p2id":"mrweston","formatid":"gen9ubers","rating":1091,"private":0,"password":""}