{"id":"gen9ubers-1981361954","p1":"imJV","p2":"wamkou","format":"[Gen 9] Ubers","log":"|j|\u2606imJV\n|j|\u2606wamkou\n|t:|1698887598\n|gametype|singles\n|player|p1|imJV|schoolkid|\n|player|p2|wamkou|waitress-gen4|\n|teamsize|p1|6\n|teamsize|p2|6\n|gen|9\n|tier|[Gen 9] Ubers\n|rule|Sleep Clause Mod: Limit one foe put to sleep\n|rule|Species Clause: Limit one of each Pok\u00e9mon\n|rule|OHKO Clause: OHKO moves are banned\n|rule|Evasion Items Clause: Evasion items are banned\n|rule|Evasion Moves Clause: Evasion moves are banned\n|rule|Endless Battle Clause: Forcing endless battles is banned\n|rule|HP Percentage Mod: HP is shown in percentages\n|clearpoke\n|poke|p1|Shaymin-Sky|\n|poke|p1|Pelipper, F|\n|poke|p1|Rabsca, F|\n|poke|p1|Basculegion-F, F|\n|poke|p1|Arceus-Poison|\n|poke|p1|Giratina|\n|poke|p2|Masquerain, F|\n|poke|p2|Chi-Yu|\n|poke|p2|Gholdengo|\n|poke|p2|Zacian-*|\n|poke|p2|Arceus-Grass|\n|poke|p2|Palkia-Origin|\n|teampreview\n|inactive|Battle timer is ON: inactive players will automatically lose when time's up. (requested by imJV)\n|inactive|imJV has 270 seconds left.\n|\n|t:|1698887637\n|start\n|switch|p1a: Arceus|Arceus-Poison|100\/100\n|switch|p2a: Flute|Masquerain, F, shiny|100\/100\n|-ability|p2a: Flute|Intimidate|boost\n|-unboost|p1a: Arceus|atk|1\n|turn|1\n|\n|t:|1698887667\n|move|p1a: Arceus|Judgment|p2a: Flute\n|-damage|p2a: Flute|40\/100\n|move|p2a: Flute|Sticky Web|p1a: Arceus\n|-sidestart|p1: imJV|move: Sticky Web\n|\n|upkeep\n|turn|2\n|\n|t:|1698887673\n|switch|p2a: Cello|Gholdengo|100\/100\n|move|p1a: Arceus|Judgment|p2a: Cello\n|-immune|p2a: Cello\n|\n|upkeep\n|turn|3\n|\n|t:|1698887688\n|move|p2a: Cello|Shadow Ball|p1a: Arceus\n|-damage|p1a: Arceus|69\/100\n|move|p1a: Arceus|Surf|p2a: Cello\n|-damage|p2a: Cello|72\/100\n|\n|upkeep\n|turn|4\n|\n|t:|1698887693\n|move|p2a: Cello|Shadow Ball|p1a: Arceus\n|-damage|p1a: Arceus|39\/100\n|move|p1a: Arceus|Surf|p2a: Cello\n|-damage|p2a: Cello|39\/100\n|\n|upkeep\n|turn|5\n|\n|t:|1698887701\n|move|p2a: Cello|Shadow Ball|p1a: Arceus\n|-damage|p1a: Arceus|9\/100\n|move|p1a: Arceus|Recover|p1a: Arceus\n|-heal|p1a: Arceus|59\/100\n|\n|upkeep\n|turn|6\n|\n|t:|1698887707\n|move|p2a: Cello|Shadow Ball|p1a: Arceus\n|-damage|p1a: Arceus|29\/100\n|move|p1a: Arceus|Recover|p1a: Arceus\n|-heal|p1a: Arceus|79\/100\n|\n|upkeep\n|turn|7\n|\n|t:|1698887713\n|move|p2a: Cello|Shadow Ball|p1a: Arceus\n|-damage|p1a: Arceus|50\/100\n|move|p1a: Arceus|Surf|p2a: Cello\n|-damage|p2a: Cello|5\/100\n|\n|upkeep\n|turn|8\n|\n|t:|1698887722\n|switch|p2a: Tuba|Palkia-Origin|100\/100\n|-ability|p2a: Tuba|Pressure\n|move|p1a: Arceus|Recover|p1a: Arceus\n|-heal|p1a: Arceus|99\/100\n|\n|upkeep\n|turn|9\n|\n|t:|1698887751\n|move|p1a: Arceus|Judgment|p2a: Tuba\n|-damage|p2a: Tuba|47\/100\n|move|p2a: Tuba|Hydro Pump|p1a: Arceus\n|-damage|p1a: Arceus|40\/100\n|\n|upkeep\n|turn|10\n|\n|t:|1698887764\n|move|p2a: Tuba|Earth Power|p1a: Arceus\n|-supereffective|p1a: Arceus\n|-damage|p1a: Arceus|0 fnt\n|faint|p1a: Arceus\n|\n|upkeep\n|inactive|imJV has 270 seconds left.\n|inactive|imJV has 240 seconds left.\n|\n|t:|1698887814\n|switch|p1a: Giratina|Giratina|100\/100\n|-activate|p1a: Giratina|move: Sticky Web\n|-unboost|p1a: Giratina|spe|1\n|-ability|p1a: Giratina|Pressure\n|turn|11\n|\n|t:|1698887820\n|move|p2a: Tuba|Spacial Rend|p1a: Giratina\n|-supereffective|p1a: Giratina\n|-damage|p1a: Giratina|43\/100\n|-enditem|p1a: Giratina|Red Card|[of] p2a: Tuba\n|drag|p2a: Violin|Arceus-Grass|100\/100\n|move|p1a: Giratina|Defog|p2a: Violin\n|-unboost|p2a: Violin|evasion|1\n|-sideend|p1: imJV|Sticky Web|[from] move: Defog|[of] p1a: Giratina\n|\n|upkeep\n|turn|12\n|inactive|imJV has 240 seconds left.\n|\n|t:|1698887837\n|move|p2a: Violin|Calm Mind|p2a: Violin\n|-boost|p2a: Violin|spa|1\n|-boost|p2a: Violin|spd|1\n|move|p1a: Giratina|Thunder Wave|p2a: Violin\n|-status|p2a: Violin|par\n|\n|upkeep\n|turn|13\n|inactive|imJV has 240 seconds left.\n|\n|t:|1698887848\n|switch|p1a: Pelipper|Pelipper, F|100\/100\n|-weather|RainDance|[from] ability: Drizzle|[of] p1a: Pelipper\n|move|p2a: Violin|Calm Mind|p2a: Violin\n|-boost|p2a: Violin|spa|1\n|-boost|p2a: Violin|spd|1\n|\n|-weather|RainDance|[upkeep]\n|upkeep\n|turn|14\n|inactive|imJV has 240 seconds left.\n|\n|t:|1698887859\n|move|p2a: Violin|Judgment|p1a: Pelipper\n|-damage|p1a: Pelipper|0 fnt\n|faint|p1a: Pelipper\n|\n|-weather|RainDance|[upkeep]\n|upkeep\n|inactive|imJV has 240 seconds left.\n|\n|t:|1698887879\n|switch|p1a: Shaymin|Shaymin-Sky|100\/100\n|turn|15\n|inactive|wamkou has 270 seconds left.\n|\n|t:|1698887924\n|move|p1a: Shaymin|Air Slash|p2a: Violin\n|-supereffective|p2a: Violin\n|-damage|p2a: Violin|71\/100 par\n|-damage|p1a: Shaymin|91\/100|[from] item: Life Orb\n|cant|p2a: Violin|flinch\n|\n|-weather|RainDance|[upkeep]\n|upkeep\n|turn|16\n|\n|t:|1698887931\n|move|p1a: Shaymin|Air Slash|p2a: Violin\n|-supereffective|p2a: Violin\n|-damage|p2a: Violin|38\/100 par\n|-damage|p1a: Shaymin|81\/100|[from] item: Life Orb\n|move|p2a: Violin|Recover|p2a: Violin\n|-heal|p2a: Violin|88\/100 par\n|\n|-weather|RainDance|[upkeep]\n|upkeep\n|turn|17\n|\n|t:|1698887939\n|move|p1a: Shaymin|Air Slash|p2a: Violin\n|-supereffective|p2a: Violin\n|-damage|p2a: Violin|55\/100 par\n|-damage|p1a: Shaymin|71\/100|[from] item: Life Orb\n|cant|p2a: Violin|flinch\n|\n|-weather|RainDance|[upkeep]\n|upkeep\n|turn|18\n|inactive|wamkou has 270 seconds left.\n|\n|t:|1698887945\n|move|p1a: Shaymin|Seed Flare|p2a: Violin\n|-resisted|p2a: Violin\n|-damage|p2a: Violin|43\/100 par\n|-unboost|p2a: Violin|spd|2\n|-damage|p1a: Shaymin|61\/100|[from] item: Life Orb\n|move|p2a: Violin|Recover|p2a: Violin\n|-heal|p2a: Violin|93\/100 par\n|\n|-weather|RainDance|[upkeep]\n|upkeep\n|turn|19\n|inactive|wamkou has 270 seconds left.\n|inactive|wamkou has 240 seconds left.\n|\n|t:|1698887989\n|move|p1a: Shaymin|Air Slash|p2a: Violin\n|-supereffective|p2a: Violin\n|-damage|p2a: Violin|28\/100 par\n|-damage|p1a: Shaymin|51\/100|[from] item: Life Orb\n|cant|p2a: Violin|flinch\n|\n|-weather|RainDance|[upkeep]\n|upkeep\n|turn|20\n|\n|t:|1698887997\n|switch|p2a: Cello|Gholdengo|5\/100\n|move|p1a: Shaymin|Air Slash|p2a: Cello\n|-resisted|p2a: Cello\n|-damage|p2a: Cello|0 fnt\n|faint|p2a: Cello\n|-damage|p1a: Shaymin|41\/100|[from] item: Life Orb\n|\n|-weather|none\n|upkeep\n|inactive|wamkou has 240 seconds left.\n|\n|t:|1698888008\n|switch|p2a: Oboe|Zacian|100\/100\n|-ability|p2a: Oboe|Intrepid Sword|boost\n|-boost|p2a: Oboe|atk|1\n|turn|21\n|inactive|wamkou has 240 seconds left.\n|\n|t:|1698888020\n|switch|p1a: Giratina|Giratina|43\/100\n|-ability|p1a: Giratina|Pressure\n|move|p2a: Oboe|Crunch|p1a: Giratina\n|-supereffective|p1a: Giratina\n|-damage|p1a: Giratina|0 fnt\n|faint|p1a: Giratina\n|\n|upkeep\n|inactive|imJV has 270 seconds left.\n|\n|t:|1698888046\n|switch|p1a: Basculegion|Basculegion-F, F|100\/100\n|turn|22\n|inactive|imJV has 270 seconds left.\n|\n|t:|1698888053\n|-terastallize|p1a: Basculegion|Normal\n|move|p2a: Oboe|Crunch|p1a: Basculegion\n|-crit|p1a: Basculegion\n|-damage|p1a: Basculegion|0 fnt\n|faint|p1a: Basculegion\n|\n|upkeep\n|inactive|imJV has 270 seconds left.\n|c|\u2606imJV|bruh\n|\n|t:|1698888068\n|switch|p1a: Rabsca|Rabsca, F|100\/100\n|turn|23\n|\n|t:|1698888071\n|move|p2a: Oboe|Crunch|p1a: Rabsca\n|-supereffective|p1a: Rabsca\n|-damage|p1a: Rabsca|0 fnt\n|faint|p1a: Rabsca\n|\n|upkeep\n|\n|t:|1698888073\n|switch|p1a: Shaymin|Shaymin-Sky|41\/100\n|turn|24\n|\n|t:|1698888077\n|move|p2a: Oboe|Crunch|p1a: Shaymin\n|-damage|p1a: Shaymin|0 fnt\n|faint|p1a: Shaymin\n|\n|win|wamkou\n|c|\u2606imJV|worst crit of all time\n|c|\u2606wamkou|unlucky\n|c|\u2606imJV|gg\n|l|\u2606imJV\n|c|\u2606wamkou|probably doesnt kill anyway tho\n","uploadtime":1698888108,"views":21,"p1id":"imjv","p2id":"wamkou","formatid":"gen9ubers","rating":0,"private":0,"password":""}