{"id":"gen9ubers-1986095912","p1":"SilverSlime","p2":"Natnat_24","format":"[Gen 9] Ubers","log":"|j|\u2606SilverSlime\n|j|\u2606Natnat_24\n|t:|1699449611\n|gametype|singles\n|player|p1|SilverSlime|larry|\n|player|p2|Natnat_24|emmet|\n|teamsize|p1|6\n|teamsize|p2|6\n|gen|9\n|tier|[Gen 9] Ubers\n|rule|Sleep Clause Mod: Limit one foe put to sleep\n|rule|Species Clause: Limit one of each Pok\u00e9mon\n|rule|OHKO Clause: OHKO moves are banned\n|rule|Evasion Items Clause: Evasion items are banned\n|rule|Evasion Moves Clause: Evasion moves are banned\n|rule|Endless Battle Clause: Forcing endless battles is banned\n|rule|HP Percentage Mod: HP is shown in percentages\n|clearpoke\n|poke|p1|Politoed, F|\n|poke|p1|Barraskewda, M|\n|poke|p1|Basculegion, M|\n|poke|p1|Sinistcha|\n|poke|p1|Kingambit, F|\n|poke|p1|Ludicolo, F|\n|poke|p2|Kommo-o, M|\n|poke|p2|Ogerpon-Hearthflame, F|\n|poke|p2|Kingambit, F|\n|poke|p2|Staraptor, F|\n|poke|p2|Gliscor, F|\n|poke|p2|Milotic, M|\n|teampreview\n|inactive|Battle timer is ON: inactive players will automatically lose when time's up. (requested by Natnat_24)\n|inactive|SilverSlime also wants the timer to be on.\n|\n|t:|1699449618\n|start\n|switch|p1a: Politoed|Politoed, F|100\/100\n|switch|p2a: Staraptor|Staraptor, F|100\/100\n|-weather|RainDance|[from] ability: Drizzle|[of] p1a: Politoed\n|turn|1\n|\n|t:|1699449624\n|switch|p1a: Sinistcha|Sinistcha|100\/100\n|move|p2a: Staraptor|U-turn|p1a: Sinistcha\n|-damage|p1a: Sinistcha|75\/100\n|\n|t:|1699449629\n|switch|p2a: Kingambit|Kingambit, F|100\/100|[from] U-turn\n|\n|-weather|RainDance|[upkeep]\n|-heal|p1a: Sinistcha|81\/100|[from] item: Leftovers\n|upkeep\n|turn|2\n|\n|t:|1699449635\n|move|p1a: Sinistcha|Matcha Gotcha|p2a: Kingambit\n|-resisted|p2a: Kingambit\n|-damage|p2a: Kingambit|80\/100\n|-heal|p1a: Sinistcha|95\/100|[from] drain|[of] p2a: Kingambit\n|move|p2a: Kingambit|Iron Head|p1a: Sinistcha\n|-damage|p1a: Sinistcha|50\/100\n|\n|-weather|RainDance|[upkeep]\n|-heal|p1a: Sinistcha|56\/100|[from] item: Leftovers\n|upkeep\n|turn|3\n|\n|t:|1699449640\n|move|p2a: Kingambit|Sucker Punch|p1a: Sinistcha\n|-supereffective|p1a: Sinistcha\n|-damage|p1a: Sinistcha|0 fnt\n|faint|p1a: Sinistcha\n|\n|-weather|RainDance|[upkeep]\n|upkeep\n|\n|t:|1699449647\n|switch|p1a: Barraskewda|Barraskewda, M|100\/100\n|turn|4\n|\n|t:|1699449655\n|-end|p2a: Kingambit|fallenundefined|[silent]\n|switch|p2a: Gliscor|Gliscor, F|100\/100\n|-terastallize|p1a: Barraskewda|Fighting\n|move|p1a: Barraskewda|Close Combat|p2a: Gliscor\n|-resisted|p2a: Gliscor\n|-damage|p2a: Gliscor|69\/100\n|-unboost|p1a: Barraskewda|def|1\n|-unboost|p1a: Barraskewda|spd|1\n|\n|-weather|RainDance|[upkeep]\n|-status|p2a: Gliscor|tox|[from] item: Toxic Orb\n|upkeep\n|turn|5\n|\n|t:|1699449662\n|switch|p1a: Ludicolo|Ludicolo, F|100\/100\n|move|p2a: Gliscor|Toxic|p1a: Ludicolo\n|-status|p1a: Ludicolo|tox\n|\n|-weather|RainDance|[upkeep]\n|-damage|p1a: Ludicolo|95\/100 tox|[from] psn\n|-heal|p2a: Gliscor|82\/100 tox|[from] ability: Poison Heal\n|upkeep\n|turn|6\n|\n|t:|1699449668\n|switch|p1a: Barraskewda|Barraskewda, M, tera:Fighting|100\/100\n|move|p2a: Gliscor|Protect||[still]\n|-fail|p2a: Gliscor\n|\n|-weather|RainDance|[upkeep]\n|-heal|p2a: Gliscor|94\/100 tox|[from] ability: Poison Heal\n|upkeep\n|turn|7\n|\n|t:|1699449671\n|move|p2a: Gliscor|Protect|p2a: Gliscor\n|-singleturn|p2a: Gliscor|Protect\n|move|p1a: Barraskewda|Flip Turn|p2a: Gliscor\n|-activate|p2a: Gliscor|move: Protect\n|\n|-weather|RainDance|[upkeep]\n|-heal|p2a: Gliscor|100\/100 tox|[from] ability: Poison Heal\n|upkeep\n|turn|8\n|\n|t:|1699449676\n|switch|p2a: Milotic|Milotic, M|100\/100\n|move|p1a: Barraskewda|Flip Turn|p2a: Milotic\n|-resisted|p2a: Milotic\n|-damage|p2a: Milotic|57\/100\n|\n|t:|1699449684\n|switch|p1a: Basculegion|Basculegion, M|100\/100|[from] Flip Turn\n|\n|-weather|none\n|-status|p2a: Milotic|brn|[from] item: Flame Orb\n|upkeep\n|turn|9\n|\n|t:|1699449690\n|move|p1a: Basculegion|Flip Turn|p2a: Milotic\n|-resisted|p2a: Milotic\n|-damage|p2a: Milotic|40\/100 brn\n|-damage|p1a: Basculegion|91\/100|[from] item: Life Orb\n|\n|t:|1699449692\n|switch|p1a: Politoed|Politoed, F|100\/100|[from] Flip Turn\n|-weather|RainDance|[from] ability: Drizzle|[of] p1a: Politoed\n|move|p2a: Milotic|Flip Turn|p1a: Politoed\n|-resisted|p1a: Politoed\n|-damage|p1a: Politoed|92\/100\n|\n|t:|1699449695\n|switch|p2a: Ogerpon|Ogerpon-Hearthflame, F|100\/100|[from] Flip Turn\n|-ability|p2a: Ogerpon|Mold Breaker\n|\n|-weather|RainDance|[upkeep]\n|upkeep\n|turn|10\n|\n|t:|1699449701\n|switch|p1a: Ludicolo|Ludicolo, F|95\/100 tox\n|move|p2a: Ogerpon|Wood Hammer|p1a: Ludicolo\n|-damage|p1a: Ludicolo|0 fnt\n|faint|p1a: Ludicolo\n|-damage|p2a: Ogerpon|71\/100|[from] Recoil\n|\n|-weather|RainDance|[upkeep]\n|upkeep\n|\n|t:|1699449704\n|switch|p1a: Barraskewda|Barraskewda, M, tera:Fighting|100\/100\n|turn|11\n|\n|t:|1699449708\n|switch|p2a: Milotic|Milotic, M|40\/100 brn\n|move|p1a: Barraskewda|Flip Turn|p2a: Milotic\n|-resisted|p2a: Milotic\n|-crit|p2a: Milotic\n|-damage|p2a: Milotic|0 fnt\n|faint|p2a: Milotic\n|\n|t:|1699449712\n|switch|p1a: Basculegion|Basculegion, M|91\/100|[from] Flip Turn\n|\n|-weather|RainDance|[upkeep]\n|upkeep\n|\n|t:|1699449731\n|switch|p2a: Gliscor|Gliscor, F|100\/100 tox\n|turn|12\n|\n|t:|1699449735\n|move|p2a: Gliscor|Protect|p2a: Gliscor\n|-singleturn|p2a: Gliscor|Protect\n|move|p1a: Basculegion|Liquidation|p2a: Gliscor\n|-activate|p2a: Gliscor|move: Protect\n|\n|-weather|RainDance|[upkeep]\n|upkeep\n|turn|13\n|\n|t:|1699449742\n|-terastallize|p2a: Gliscor|Water\n|move|p1a: Basculegion|Flip Turn|p2a: Gliscor\n|-resisted|p2a: Gliscor\n|-damage|p2a: Gliscor|80\/100 tox\n|-damage|p1a: Basculegion|81\/100|[from] item: Life Orb\n|\n|t:|1699449747\n|switch|p1a: Politoed|Politoed, F|92\/100|[from] Flip Turn\n|move|p2a: Gliscor|Toxic|p1a: Politoed\n|-status|p1a: Politoed|tox\n|\n|-weather|RainDance|[upkeep]\n|-heal|p2a: Gliscor|93\/100 tox|[from] ability: Poison Heal\n|-damage|p1a: Politoed|86\/100 tox|[from] psn\n|upkeep\n|turn|14\n|\n|t:|1699449756\n|move|p2a: Gliscor|U-turn|p1a: Politoed\n|-crit|p1a: Politoed\n|-damage|p1a: Politoed|60\/100 tox\n|\n|t:|1699449784\n|switch|p2a: Kingambit|Kingambit, F|80\/100|[from] U-turn\n|-activate|p2a: Kingambit|ability: Supreme Overlord\n|-start|p2a: Kingambit|fallen1|[silent]\n|move|p1a: Politoed|Perish Song|p1a: Politoed\n|-start|p1a: Politoed|perish3|[silent]\n|-start|p2a: Kingambit|perish3|[silent]\n|-fieldactivate|move: Perish Song\n|\n|-weather|RainDance|[upkeep]\n|-damage|p1a: Politoed|48\/100 tox|[from] psn\n|-start|p1a: Politoed|perish3\n|-start|p2a: Kingambit|perish3\n|upkeep\n|turn|15\n|\n|t:|1699449789\n|-end|p2a: Kingambit|fallen1|[silent]\n|switch|p2a: Gliscor|Gliscor, F, tera:Water|93\/100 tox\n|move|p1a: Politoed|Rest|p1a: Politoed\n|-status|p1a: Politoed|slp|[from] move: Rest\n|-heal|p1a: Politoed|100\/100 slp|[silent]\n|\n|-weather|RainDance|[upkeep]\n|-heal|p2a: Gliscor|100\/100 tox|[from] ability: Poison Heal\n|-start|p1a: Politoed|perish2\n|upkeep\n|turn|16\n|\n|t:|1699449794\n|move|p2a: Gliscor|Substitute|p2a: Gliscor\n|-start|p2a: Gliscor|Substitute\n|-damage|p2a: Gliscor|76\/100 tox\n|cant|p1a: Politoed|slp\n|\n|-weather|none\n|-heal|p2a: Gliscor|88\/100 tox|[from] ability: Poison Heal\n|-start|p1a: Politoed|perish1\n|upkeep\n|turn|17\n|\n|t:|1699449806\n|switch|p1a: Kingambit|Kingambit, F|100\/100\n|-activate|p1a: Kingambit|ability: Supreme Overlord\n|-start|p1a: Kingambit|fallen2|[silent]\n|move|p2a: Gliscor|U-turn|p1a: Kingambit\n|-damage|p1a: Kingambit|89\/100\n|\n|t:|1699449808\n|switch|p2a: Ogerpon|Ogerpon-Hearthflame, F|71\/100|[from] U-turn\n|-ability|p2a: Ogerpon|Mold Breaker\n|\n|upkeep\n|turn|18\n|\n|t:|1699449815\n|-end|p1a: Kingambit|fallen2|[silent]\n|switch|p1a: Politoed|Politoed, F|100\/100 slp\n|-weather|RainDance|[from] ability: Drizzle|[of] p1a: Politoed\n|move|p2a: Ogerpon|Wood Hammer|p1a: Politoed\n|-supereffective|p1a: Politoed\n|-damage|p1a: Politoed|0 fnt\n|faint|p1a: Politoed\n|-damage|p2a: Ogerpon|31\/100|[from] Recoil\n|\n|-weather|RainDance|[upkeep]\n|upkeep\n|\n|t:|1699449818\n|switch|p1a: Basculegion|Basculegion, M|81\/100\n|turn|19\n|\n|t:|1699449824\n|move|p1a: Basculegion|Flip Turn|p2a: Ogerpon\n|-damage|p2a: Ogerpon|0 fnt\n|faint|p2a: Ogerpon\n|-damage|p1a: Basculegion|71\/100|[from] item: Life Orb\n|\n|t:|1699449829\n|switch|p1a: Kingambit|Kingambit, F|89\/100|[from] Flip Turn\n|-activate|p1a: Kingambit|ability: Supreme Overlord\n|-start|p1a: Kingambit|fallen3|[silent]\n|\n|-weather|RainDance|[upkeep]\n|upkeep\n|\n|t:|1699449831\n|switch|p2a: Kingambit|Kingambit, F|80\/100\n|-activate|p2a: Kingambit|ability: Supreme Overlord\n|-start|p2a: Kingambit|fallen2|[silent]\n|turn|20\n|\n|t:|1699449849\n|move|p1a: Kingambit|Kowtow Cleave|p2a: Kingambit\n|-resisted|p2a: Kingambit\n|-damage|p2a: Kingambit|49\/100\n|move|p2a: Kingambit|Low Kick|p1a: Kingambit\n|-supereffective|p1a: Kingambit\n|-damage|p1a: Kingambit|0 fnt\n|faint|p1a: Kingambit\n|-end|p1a: Kingambit|fallen3|[silent]\n|\n|-weather|RainDance|[upkeep]\n|upkeep\n|\n|t:|1699449857\n|switch|p1a: Barraskewda|Barraskewda, M, tera:Fighting|100\/100\n|turn|21\n|\n|t:|1699449865\n|-end|p2a: Kingambit|fallen2|[silent]\n|switch|p2a: Gliscor|Gliscor, F, tera:Water|88\/100 tox\n|move|p1a: Barraskewda|Flip Turn|p2a: Gliscor\n|-resisted|p2a: Gliscor\n|-damage|p2a: Gliscor|65\/100 tox\n|\n|t:|1699449867\n|switch|p1a: Basculegion|Basculegion, M|71\/100|[from] Flip Turn\n|\n|-weather|RainDance|[upkeep]\n|-heal|p2a: Gliscor|78\/100 tox|[from] ability: Poison Heal\n|upkeep\n|turn|22\n|\n|t:|1699449870\n|switch|p1a: Barraskewda|Barraskewda, M, tera:Fighting|100\/100\n|move|p2a: Gliscor|Protect||[still]\n|-fail|p2a: Gliscor\n|\n|-weather|RainDance|[upkeep]\n|-heal|p2a: Gliscor|90\/100 tox|[from] ability: Poison Heal\n|upkeep\n|turn|23\n|\n|t:|1699449876\n|move|p2a: Gliscor|Protect|p2a: Gliscor\n|-singleturn|p2a: Gliscor|Protect\n|move|p1a: Barraskewda|Liquidation|p2a: Gliscor\n|-activate|p2a: Gliscor|move: Protect\n|\n|-weather|RainDance|[upkeep]\n|-heal|p2a: Gliscor|100\/100 tox|[from] ability: Poison Heal\n|upkeep\n|turn|24\n|\n|t:|1699449882\n|move|p1a: Barraskewda|Liquidation|p2a: Gliscor\n|-resisted|p2a: Gliscor\n|-damage|p2a: Gliscor|69\/100 tox\n|-unboost|p2a: Gliscor|def|1\n|move|p2a: Gliscor|Toxic|p1a: Barraskewda\n|-status|p1a: Barraskewda|tox\n|\n|-weather|RainDance|[upkeep]\n|-damage|p1a: Barraskewda|94\/100 tox|[from] psn\n|-heal|p2a: Gliscor|82\/100 tox|[from] ability: Poison Heal\n|upkeep\n|turn|25\n|\n|t:|1699449886\n|switch|p1a: Basculegion|Basculegion, M|71\/100\n|move|p2a: Gliscor|Protect||[still]\n|-fail|p2a: Gliscor\n|\n|-weather|none\n|-heal|p2a: Gliscor|94\/100 tox|[from] ability: Poison Heal\n|upkeep\n|turn|26\n|\n|t:|1699449893\n|move|p1a: Basculegion|Last Respects|p2a: Gliscor\n|-damage|p2a: Gliscor|0 fnt\n|faint|p2a: Gliscor\n|-damage|p1a: Basculegion|61\/100|[from] item: Life Orb\n|\n|upkeep\n|\n|t:|1699449901\n|switch|p2a: Staraptor|Staraptor, F|100\/100\n|turn|27\n|\n|t:|1699449907\n|move|p1a: Basculegion|Aqua Jet|p2a: Staraptor\n|-damage|p2a: Staraptor|59\/100\n|-damage|p1a: Basculegion|51\/100|[from] item: Life Orb\n|move|p2a: Staraptor|Brave Bird|p1a: Basculegion\n|-damage|p1a: Basculegion|0 fnt\n|faint|p1a: Basculegion\n|-damage|p2a: Staraptor|39\/100|[from] Recoil\n|\n|upkeep\n|\n|t:|1699449909\n|switch|p1a: Barraskewda|Barraskewda, M, tera:Fighting|94\/100 tox\n|turn|28\n|\n|t:|1699449912\n|move|p2a: Staraptor|Brave Bird|p1a: Barraskewda\n|-supereffective|p1a: Barraskewda\n|-damage|p1a: Barraskewda|0 fnt\n|faint|p1a: Barraskewda\n|-damage|p2a: Staraptor|12\/100|[from] Recoil\n|\n|win|Natnat_24\n|l|\u2606SilverSlime\n|l|\u2606Natnat_24\n|j|\u2606SilverSlime\n|player|p1|SilverSlime|larry\n","uploadtime":1699450492,"views":26,"p1id":"silverslime","p2id":"natnat24","formatid":"gen9ubers","rating":0,"private":0,"password":""}