{"id":"gen9ubers-1987289293","p1":"JaviDBird4","p2":"Anne Frankkkk","format":"[Gen 9] Ubers","log":"|j|\u2606JaviDBird4\n|j|\u2606Anne Frankkkk\n|t:|1699573615\n|gametype|singles\n|player|p1|JaviDBird4|2|1128\n|player|p2|Anne Frankkkk|hilbert|1157\n|teamsize|p1|6\n|teamsize|p2|6\n|gen|9\n|tier|[Gen 9] Ubers\n|rated|\n|rule|Sleep Clause Mod: Limit one foe put to sleep\n|rule|Species Clause: Limit one of each Pok\u00e9mon\n|rule|OHKO Clause: OHKO moves are banned\n|rule|Evasion Items Clause: Evasion items are banned\n|rule|Evasion Moves Clause: Evasion moves are banned\n|rule|Endless Battle Clause: Forcing endless battles is banned\n|rule|HP Percentage Mod: HP is shown in percentages\n|clearpoke\n|poke|p1|Groudon|\n|poke|p1|Eternatus|\n|poke|p1|Urshifu-*, F|\n|poke|p1|Chi-Yu|\n|poke|p1|Iron Bundle|\n|poke|p1|Zacian-*|\n|poke|p2|Iron Hands|\n|poke|p2|Kyogre|\n|poke|p2|Chien-Pao|\n|poke|p2|Ribombee, M|\n|poke|p2|Miraidon|\n|poke|p2|Flutter Mane|\n|teampreview\n|inactive|Battle timer is ON: inactive players will automatically lose when time's up. (requested by Anne Frankkkk)\n|\n|t:|1699573643\n|start\n|switch|p1a: Iron Bundle|Iron Bundle|100\/100\n|switch|p2a: Moonblast|Ribombee, M, shiny|100\/100\n|turn|1\n|\n|t:|1699573652\n|move|p1a: Iron Bundle|Flip Turn|p2a: Moonblast\n|-damage|p2a: Moonblast|71\/100\n|\n|t:|1699573665\n|-end|p1a: Iron Bundle|Quark Drive|[silent]\n|switch|p1a: Chi-Yu|Chi-Yu|100\/100|[from] Flip Turn\n|-ability|p1a: Chi-Yu|Beads of Ruin\n|move|p2a: Moonblast|Sticky Web|p1a: Chi-Yu\n|-sidestart|p1: JaviDBird4|move: Sticky Web\n|\n|upkeep\n|turn|2\n|\n|t:|1699573678\n|move|p2a: Moonblast|Stun Spore|p1a: Chi-Yu\n|-status|p1a: Chi-Yu|par\n|move|p1a: Chi-Yu|Flamethrower|p2a: Moonblast\n|-supereffective|p2a: Moonblast\n|-damage|p2a: Moonblast|0 fnt\n|faint|p2a: Moonblast\n|\n|upkeep\n|\n|t:|1699573696\n|switch|p2a: Big Boy|Iron Hands, shiny|100\/100\n|turn|3\n|inactive|JaviDBird4 has 120 seconds left.\n|\n|t:|1699573727\n|switch|p1a: Groudon|Groudon|100\/100\n|-activate|p1a: Groudon|move: Sticky Web\n|-unboost|p1a: Groudon|spe|1\n|-weather|SunnyDay|[from] ability: Drought|[of] p1a: Groudon\n|move|p2a: Big Boy|Fake Out|p1a: Groudon\n|-damage|p1a: Groudon|92\/100\n|\n|-weather|SunnyDay|[upkeep]\n|-heal|p1a: Groudon|98\/100|[from] item: Leftovers\n|upkeep\n|turn|4\n|inactive|JaviDBird4 has 120 seconds left.\n|\n|t:|1699573744\n|-end|p2a: Big Boy|Quark Drive|[silent]\n|switch|p2a: Cyber Lizard|Miraidon|100\/100\n|-fieldstart|move: Electric Terrain|[from] ability: Hadron Engine|[of] p2a: Cyber Lizard\n|-item|p2a: Cyber Lizard|Air Balloon\n|move|p1a: Groudon|Stealth Rock|p2a: Cyber Lizard\n|-sidestart|p2: Anne Frankkkk|move: Stealth Rock\n|\n|-weather|SunnyDay|[upkeep]\n|-heal|p1a: Groudon|100\/100|[from] item: Leftovers\n|upkeep\n|turn|5\n|inactive|JaviDBird4 has 120 seconds left.\n|\n|t:|1699573774\n|move|p2a: Cyber Lizard|Calm Mind|p2a: Cyber Lizard\n|-boost|p2a: Cyber Lizard|spa|1\n|-boost|p2a: Cyber Lizard|spd|1\n|move|p1a: Groudon|Will-O-Wisp|p2a: Cyber Lizard\n|-status|p2a: Cyber Lizard|brn\n|\n|-weather|SunnyDay|[upkeep]\n|-damage|p2a: Cyber Lizard|94\/100 brn|[from] brn\n|upkeep\n|turn|6\n|inactive|JaviDBird4 has 90 seconds left.\n|\n|t:|1699573798\n|switch|p1a: Iron Bundle|Iron Bundle|100\/100\n|-activate|p1a: Iron Bundle|move: Sticky Web\n|-unboost|p1a: Iron Bundle|spe|1\n|-activate|p1a: Iron Bundle|ability: Quark Drive\n|-start|p1a: Iron Bundle|quarkdrivespa\n|move|p2a: Cyber Lizard|Calm Mind|p2a: Cyber Lizard\n|-boost|p2a: Cyber Lizard|spa|1\n|-boost|p2a: Cyber Lizard|spd|1\n|\n|-weather|SunnyDay|[upkeep]\n|-damage|p2a: Cyber Lizard|88\/100 brn|[from] brn\n|upkeep\n|turn|7\n|inactive|JaviDBird4 has 90 seconds left.\n|\n|t:|1699573813\n|move|p2a: Cyber Lizard|Electro Drift|p1a: Iron Bundle\n|-supereffective|p1a: Iron Bundle\n|-damage|p1a: Iron Bundle|0 fnt\n|faint|p1a: Iron Bundle\n|-end|p1a: Iron Bundle|Quark Drive|[silent]\n|\n|-weather|none\n|-damage|p2a: Cyber Lizard|82\/100 brn|[from] brn\n|upkeep\n|\n|t:|1699573828\n|switch|p1a: Zacian|Zacian-Crowned|100\/100\n|-activate|p1a: Zacian|move: Sticky Web\n|-unboost|p1a: Zacian|spe|1\n|-ability|p1a: Zacian|Intrepid Sword|boost\n|-boost|p1a: Zacian|atk|1\n|turn|8\n|\n|t:|1699573843\n|-terastallize|p2a: Cyber Lizard|Fairy\n|move|p2a: Cyber Lizard|Electro Drift|p1a: Zacian\n|-damage|p1a: Zacian|0 fnt\n|faint|p1a: Zacian\n|\n|-damage|p2a: Cyber Lizard|76\/100 brn|[from] brn\n|-fieldend|move: Electric Terrain\n|upkeep\n|\n|t:|1699573860\n|switch|p1a: Groudon|Groudon|100\/100\n|-activate|p1a: Groudon|move: Sticky Web\n|-unboost|p1a: Groudon|spe|1\n|-weather|SunnyDay|[from] ability: Drought|[of] p1a: Groudon\n|turn|9\n|\n|t:|1699573868\n|move|p1a: Groudon|Protect|p1a: Groudon\n|-singleturn|p1a: Groudon|Protect\n|move|p2a: Cyber Lizard|Dragon Pulse|p1a: Groudon\n|-activate|p1a: Groudon|move: Protect\n|\n|-weather|SunnyDay|[upkeep]\n|-damage|p2a: Cyber Lizard|70\/100 brn|[from] brn\n|upkeep\n|turn|10\n|inactive|JaviDBird4 has 60 seconds left.\n|\n|t:|1699573890\n|move|p1a: Groudon|Protect||[still]\n|-fail|p1a: Groudon\n|move|p2a: Cyber Lizard|Dragon Pulse|p1a: Groudon\n|-damage|p1a: Groudon|10\/100\n|\n|-weather|SunnyDay|[upkeep]\n|-heal|p1a: Groudon|16\/100|[from] item: Leftovers\n|-damage|p2a: Cyber Lizard|64\/100 brn|[from] brn\n|upkeep\n|turn|11\n|inactive|JaviDBird4 has 60 seconds left.\n|\n|t:|1699573903\n|move|p1a: Groudon|Protect|p1a: Groudon\n|-singleturn|p1a: Groudon|Protect\n|move|p2a: Cyber Lizard|Dragon Pulse|p1a: Groudon\n|-activate|p1a: Groudon|move: Protect\n|\n|-weather|SunnyDay|[upkeep]\n|-heal|p1a: Groudon|22\/100|[from] item: Leftovers\n|-damage|p2a: Cyber Lizard|57\/100 brn|[from] brn\n|upkeep\n|turn|12\n|inactive|JaviDBird4 has 60 seconds left.\n|\n|t:|1699573915\n|move|p1a: Groudon|Protect||[still]\n|-fail|p1a: Groudon\n|move|p2a: Cyber Lizard|Dragon Pulse|p1a: Groudon\n|-damage|p1a: Groudon|0 fnt\n|faint|p1a: Groudon\n|\n|-weather|SunnyDay|[upkeep]\n|-damage|p2a: Cyber Lizard|51\/100 brn|[from] brn\n|upkeep\n|inactive|JaviDBird4 has 60 seconds left.\n|\n|t:|1699573930\n|switch|p1a: Chi-Yu|Chi-Yu|100\/100 par\n|-activate|p1a: Chi-Yu|move: Sticky Web\n|-unboost|p1a: Chi-Yu|spe|1\n|-ability|p1a: Chi-Yu|Beads of Ruin\n|turn|13\n|inactive|JaviDBird4 has 60 seconds left.\n|\n|t:|1699573937\n|move|p2a: Cyber Lizard|Electro Drift|p1a: Chi-Yu\n|-damage|p1a: Chi-Yu|0 fnt\n|faint|p1a: Chi-Yu\n|\n|-weather|none\n|-damage|p2a: Cyber Lizard|45\/100 brn|[from] brn\n|upkeep\n|inactive|JaviDBird4 has 60 seconds left.\n|\n|t:|1699573945\n|switch|p1a: Eternatus|Eternatus|100\/100\n|-activate|p1a: Eternatus|move: Sticky Web\n|-unboost|p1a: Eternatus|spe|1\n|-ability|p1a: Eternatus|Pressure\n|turn|14\n|\n|t:|1699573954\n|move|p2a: Cyber Lizard|Dragon Pulse|p1a: Eternatus\n|-supereffective|p1a: Eternatus\n|-damage|p1a: Eternatus|0 fnt\n|faint|p1a: Eternatus\n|\n|-damage|p2a: Cyber Lizard|39\/100 brn|[from] brn\n|upkeep\n|\n|t:|1699573961\n|switch|p1a: Urshifu|Urshifu-Rapid-Strike, F|100\/100\n|-activate|p1a: Urshifu|move: Sticky Web\n|-unboost|p1a: Urshifu|spe|1\n|turn|15\n|\n|t:|1699573974\n|move|p2a: Cyber Lizard|Electro Drift|p1a: Urshifu\n|-supereffective|p1a: Urshifu\n|-damage|p1a: Urshifu|0 fnt\n|faint|p1a: Urshifu\n|\n|win|Anne Frankkkk\n|raw|JaviDBird4's rating: 1128 &rarr; <strong>1105<\/strong><br \/>(-23 for losing)\n|raw|Anne Frankkkk's rating: 1157 &rarr; <strong>1180<\/strong><br \/>(+23 for winning)\n","uploadtime":1699573982,"views":4,"p1id":"javidbird4","p2id":"annefrankkkk","formatid":"gen9ubers","rating":1105,"private":0,"password":""}