{"id":"gen9ubers-1968940642","p1":"Laprasrules12","p2":"Acetraineraegis","format":"[Gen 9] Ubers","log":"|j|\u2606Laprasrules12\n|j|\u2606Acetraineraegis\n|t:|1697477118\n|gametype|singles\n|player|p1|Laprasrules12|lusamine-nihilego|\n|player|p2|Acetraineraegis|skierf-gen4dp|\n|teamsize|p1|6\n|teamsize|p2|6\n|gen|9\n|tier|[Gen 9] Ubers\n|rule|Sleep Clause Mod: Limit one foe put to sleep\n|rule|Species Clause: Limit one of each Pok\u00e9mon\n|rule|OHKO Clause: OHKO moves are banned\n|rule|Evasion Items Clause: Evasion items are banned\n|rule|Evasion Moves Clause: Evasion moves are banned\n|rule|Endless Battle Clause: Forcing endless battles is banned\n|rule|HP Percentage Mod: HP is shown in percentages\n|clearpoke\n|poke|p1|Grimmsnarl, M|\n|poke|p1|Arceus-Poison|\n|poke|p1|Zacian-*|\n|poke|p1|Espathra, F|\n|poke|p1|Volcarona, F|\n|poke|p1|Giratina|\n|poke|p2|Ninetales-Alola, M|\n|poke|p2|Arceus-Ice|\n|poke|p2|Ursaluna-Bloodmoon, M|\n|poke|p2|Magearna|\n|poke|p2|Dondozo, F|\n|poke|p2|Slowking-Galar, F|\n|teampreview\n|inactive|Battle timer is ON: inactive players will automatically lose when time's up. (requested by Laprasrules12)\n|c|\u2606Acetraineraegis|Glhf\n|\n|t:|1697477136\n|start\n|switch|p1a: Chernabog|Giratina, shiny|100\/100\n|switch|p2a: Ninetales|Ninetales-Alola, M|100\/100\n|-weather|Snow|[from] ability: Snow Warning|[of] p2a: Ninetales\n|-ability|p1a: Chernabog|Pressure\n|turn|1\n|c|\u2606Acetraineraegis|I have very little faith in my team and my skill lol\n|c|\u2606Laprasrules12|Same\n|\n|t:|1697477152\n|move|p2a: Ninetales|Aurora Veil|p2a: Ninetales\n|-sidestart|p2: Acetraineraegis|move: Aurora Veil\n|move|p1a: Chernabog|Defog|p2a: Ninetales\n|-unboost|p2a: Ninetales|evasion|1\n|-sideend|p2: Acetraineraegis|move: Aurora Veil\n|\n|-weather|Snow|[upkeep]\n|upkeep\n|turn|2\n|c|\u2606Laprasrules12|Tbis is a new team I just made\n|\n|t:|1697477166\n|switch|p2a: Arceus|Arceus-Ice|100\/100\n|switch|p1a: Achlys|Arceus-Poison, shiny|100\/100\n|\n|-weather|Snow|[upkeep]\n|upkeep\n|turn|3\n|c|\u2606Laprasrules12|Oh wait lol i goofed up\n|\n|t:|1697477172\n|move|p1a: Achlys|Will-O-Wisp|p2a: Arceus\n|-status|p2a: Arceus|brn\n|move|p2a: Arceus|Calm Mind|p2a: Arceus\n|-boost|p2a: Arceus|spa|1\n|-boost|p2a: Arceus|spd|1\n|\n|-weather|Snow|[upkeep]\n|-damage|p2a: Arceus|94\/100 brn|[from] brn\n|upkeep\n|turn|4\n|\n|t:|1697477176\n|move|p1a: Achlys|Taunt|p2a: Arceus\n|-start|p2a: Arceus|move: Taunt\n|move|p2a: Arceus|Earth Power|p1a: Achlys\n|-supereffective|p1a: Achlys\n|-damage|p1a: Achlys|38\/100\n|\n|-weather|Snow|[upkeep]\n|-damage|p2a: Arceus|88\/100 brn|[from] brn\n|upkeep\n|turn|5\n|\n|t:|1697477183\n|switch|p1a: Mothra|Volcarona, F, shiny|100\/100\n|move|p2a: Arceus|Earth Power|p1a: Mothra\n|-damage|p1a: Mothra|52\/100\n|\n|-weather|none\n|-damage|p2a: Arceus|82\/100 brn|[from] brn\n|upkeep\n|turn|6\n|\n|t:|1697477190\n|move|p2a: Arceus|Earth Power|p1a: Mothra\n|-damage|p1a: Mothra|5\/100\n|move|p1a: Mothra|Quiver Dance|p1a: Mothra\n|-boost|p1a: Mothra|spa|1\n|-boost|p1a: Mothra|spd|1\n|-boost|p1a: Mothra|spe|1\n|\n|-damage|p2a: Arceus|76\/100 brn|[from] brn\n|-end|p2a: Arceus|move: Taunt\n|upkeep\n|turn|7\n|\n|t:|1697477197\n|-terastallize|p2a: Arceus|Water\n|move|p1a: Mothra|Fiery Dance|p2a: Arceus\n|-resisted|p2a: Arceus\n|-damage|p2a: Arceus|64\/100 brn\n|move|p2a: Arceus|Earth Power|p1a: Mothra\n|-damage|p1a: Mothra|0 fnt\n|faint|p1a: Mothra\n|\n|-damage|p2a: Arceus|57\/100 brn|[from] brn\n|upkeep\n|\n|t:|1697477200\n|switch|p1a: Hellion|Grimmsnarl, M, shiny|100\/100\n|turn|8\n|\n|t:|1697477205\n|move|p1a: Hellion|Light Screen|p1a: Hellion\n|-sidestart|p1: Laprasrules12|move: Light Screen\n|move|p2a: Arceus|Recover|p2a: Arceus\n|-heal|p2a: Arceus|100\/100 brn\n|\n|-damage|p2a: Arceus|94\/100 brn|[from] brn\n|upkeep\n|turn|9\n|\n|t:|1697477208\n|move|p2a: Arceus|Calm Mind|p2a: Arceus\n|-boost|p2a: Arceus|spa|1\n|-boost|p2a: Arceus|spd|1\n|move|p1a: Hellion|Spirit Break|p2a: Arceus\n|-damage|p2a: Arceus|69\/100 brn\n|-unboost|p2a: Arceus|spa|1\n|\n|-damage|p2a: Arceus|63\/100 brn|[from] brn\n|upkeep\n|turn|10\n|\n|t:|1697477217\n|move|p1a: Hellion|Parting Shot|p2a: Arceus\n|-unboost|p2a: Arceus|atk|1\n|-unboost|p2a: Arceus|spa|1\n|\n|t:|1697477220\n|switch|p1a: Cleopatra|Espathra, F, shiny|100\/100|[from] Parting Shot\n|move|p2a: Arceus|Calm Mind|p2a: Arceus\n|-boost|p2a: Arceus|spa|1\n|-boost|p2a: Arceus|spd|1\n|\n|-damage|p2a: Arceus|57\/100 brn|[from] brn\n|upkeep\n|turn|11\n|\n|t:|1697477227\n|switch|p2a: Dondozo|Dondozo, F|100\/100\n|move|p1a: Cleopatra|Calm Mind|p1a: Cleopatra\n|-boost|p1a: Cleopatra|spa|1\n|-boost|p1a: Cleopatra|spd|1\n|\n|-ability|p1a: Cleopatra|Speed Boost|boost\n|-boost|p1a: Cleopatra|spe|1\n|upkeep\n|turn|12\n|\n|t:|1697477232\n|move|p1a: Cleopatra|Protect|p1a: Cleopatra\n|-singleturn|p1a: Cleopatra|Protect\n|move|p2a: Dondozo|Curse|p2a: Dondozo\n|-unboost|p2a: Dondozo|spe|1\n|-boost|p2a: Dondozo|atk|1\n|-boost|p2a: Dondozo|def|1\n|\n|-ability|p1a: Cleopatra|Speed Boost|boost\n|-boost|p1a: Cleopatra|spe|1\n|upkeep\n|turn|13\n|\n|t:|1697477235\n|move|p1a: Cleopatra|Calm Mind|p1a: Cleopatra\n|-boost|p1a: Cleopatra|spa|1\n|-boost|p1a: Cleopatra|spd|1\n|move|p2a: Dondozo|Substitute|p2a: Dondozo\n|-start|p2a: Dondozo|Substitute\n|-damage|p2a: Dondozo|76\/100\n|\n|-heal|p2a: Dondozo|82\/100|[from] item: Leftovers\n|-ability|p1a: Cleopatra|Speed Boost|boost\n|-boost|p1a: Cleopatra|spe|1\n|upkeep\n|turn|14\n|\n|t:|1697477237\n|move|p1a: Cleopatra|Stored Power|p2a: Dondozo\n|-end|p2a: Dondozo|Substitute\n|move|p2a: Dondozo|Curse|p2a: Dondozo\n|-unboost|p2a: Dondozo|spe|1\n|-boost|p2a: Dondozo|atk|1\n|-boost|p2a: Dondozo|def|1\n|\n|-heal|p2a: Dondozo|88\/100|[from] item: Leftovers\n|-ability|p1a: Cleopatra|Speed Boost|boost\n|-boost|p1a: Cleopatra|spe|1\n|upkeep\n|turn|15\n|\n|t:|1697477242\n|move|p1a: Cleopatra|Stored Power|p2a: Dondozo\n|-damage|p2a: Dondozo|22\/100\n|move|p2a: Dondozo|Liquidation|p1a: Cleopatra\n|-damage|p1a: Cleopatra|5\/100\n|\n|-heal|p1a: Cleopatra|11\/100|[from] item: Leftovers\n|-heal|p2a: Dondozo|28\/100|[from] item: Leftovers\n|-sideend|p1: Laprasrules12|move: Light Screen\n|-ability|p1a: Cleopatra|Speed Boost|boost\n|-boost|p1a: Cleopatra|spe|1\n|upkeep\n|turn|16\n|\n|t:|1697477248\n|move|p1a: Cleopatra|Stored Power|p2a: Dondozo\n|-crit|p2a: Dondozo\n|-damage|p2a: Dondozo|0 fnt\n|faint|p2a: Dondozo\n|\n|-heal|p1a: Cleopatra|17\/100|[from] item: Leftovers\n|-ability|p1a: Cleopatra|Speed Boost|boost\n|-boost|p1a: Cleopatra|spe|1\n|upkeep\n|\n|t:|1697477253\n|switch|p2a: Magearna|Magearna|100\/100\n|turn|17\n|\n|t:|1697477255\n|move|p1a: Cleopatra|Protect|p1a: Cleopatra\n|-singleturn|p1a: Cleopatra|Protect\n|move|p2a: Magearna|Volt Switch|p1a: Cleopatra\n|-activate|p1a: Cleopatra|move: Protect\n|\n|-heal|p1a: Cleopatra|23\/100|[from] item: Leftovers\n|upkeep\n|turn|18\n|\n|t:|1697477258\n|move|p1a: Cleopatra|Stored Power|p2a: Magearna\n|-resisted|p2a: Magearna\n|-damage|p2a: Magearna|21\/100\n|move|p2a: Magearna|Thunder Wave|p1a: Cleopatra\n|-status|p1a: Cleopatra|par\n|\n|-heal|p1a: Cleopatra|29\/100 par|[from] item: Leftovers\n|-heal|p2a: Magearna|27\/100|[from] item: Leftovers\n|upkeep\n|turn|19\n|\n|t:|1697477264\n|cant|p1a: Cleopatra|par\n|move|p2a: Magearna|Trick Room|p2a: Magearna\n|-fieldstart|move: Trick Room|[of] p2a: Magearna\n|\n|-heal|p2a: Magearna|34\/100|[from] item: Leftovers\n|-heal|p1a: Cleopatra|35\/100 par|[from] item: Leftovers\n|upkeep\n|turn|20\n|c|\u2606Laprasrules12|Brub\n|\n|t:|1697477272\n|move|p1a: Cleopatra|Protect|p1a: Cleopatra\n|-singleturn|p1a: Cleopatra|Protect\n|move|p2a: Magearna|Fleur Cannon|p1a: Cleopatra\n|-activate|p1a: Cleopatra|move: Protect\n|\n|-heal|p2a: Magearna|40\/100|[from] item: Leftovers\n|-heal|p1a: Cleopatra|41\/100 par|[from] item: Leftovers\n|upkeep\n|turn|21\n|\n|t:|1697477278\n|move|p2a: Magearna|Fleur Cannon|p1a: Cleopatra\n|-damage|p1a: Cleopatra|0 fnt\n|-unboost|p2a: Magearna|spa|2\n|faint|p1a: Cleopatra\n|-ability|p2a: Magearna|Soul-Heart|boost\n|-boost|p2a: Magearna|spa|1\n|\n|-heal|p2a: Magearna|46\/100|[from] item: Leftovers\n|upkeep\n|\n|t:|1697477282\n|switch|p1a: Achlys|Arceus-Poison, shiny|38\/100\n|turn|22\n|\n|t:|1697477296\n|move|p2a: Magearna|Thunder Wave|p1a: Achlys\n|-status|p1a: Achlys|par\n|move|p1a: Achlys|Recover|p1a: Achlys\n|-heal|p1a: Achlys|88\/100 par\n|\n|-heal|p2a: Magearna|52\/100|[from] item: Leftovers\n|upkeep\n|turn|23\n|\n|t:|1697477301\n|cant|p1a: Achlys|par\n|move|p2a: Magearna|Volt Switch|p1a: Achlys\n|-damage|p1a: Achlys|78\/100 par\n|c|\u2606Laprasrules12|Wtc\n|\n|t:|1697477307\n|switch|p2a: Ursaluna|Ursaluna-Bloodmoon, M|100\/100|[from] Volt Switch\n|\n|-fieldend|move: Trick Room\n|upkeep\n|turn|24\n|c|\u2606Laprasrules12|Stop getting paraed\n|\n|t:|1697477312\n|switch|p1a: Hellion|Grimmsnarl, M, shiny|100\/100\n|move|p2a: Ursaluna|Earth Power|p1a: Hellion\n|-damage|p1a: Hellion|54\/100\n|\n|upkeep\n|turn|25\n|\n|t:|1697477318\n|move|p1a: Hellion|Light Screen|p1a: Hellion\n|-sidestart|p1: Laprasrules12|move: Light Screen\n|move|p2a: Ursaluna|Blood Moon|p1a: Hellion\n|-damage|p1a: Hellion|14\/100\n|\n|upkeep\n|turn|26\n|\n|t:|1697477322\n|move|p1a: Hellion|Parting Shot|p2a: Ursaluna\n|-unboost|p2a: Ursaluna|atk|1\n|-unboost|p2a: Ursaluna|spa|1\n|\n|t:|1697477323\n|switch|p1a: Sif|Zacian, shiny|100\/100|[from] Parting Shot\n|-ability|p1a: Sif|Intrepid Sword|boost\n|-boost|p1a: Sif|atk|1\n|move|p2a: Ursaluna|Calm Mind|p2a: Ursaluna\n|-boost|p2a: Ursaluna|spa|1\n|-boost|p2a: Ursaluna|spd|1\n|\n|upkeep\n|turn|27\n|\n|t:|1697477334\n|move|p1a: Sif|Close Combat|p2a: Ursaluna\n|-supereffective|p2a: Ursaluna\n|-damage|p2a: Ursaluna|21\/100\n|-unboost|p1a: Sif|def|1\n|-unboost|p1a: Sif|spd|1\n|move|p2a: Ursaluna|Blood Moon|p1a: Sif\n|-damage|p1a: Sif|50\/100\n|\n|-heal|p2a: Ursaluna|27\/100|[from] item: Leftovers\n|upkeep\n|turn|28\n|\n|t:|1697477341\n|move|p1a: Sif|Close Combat|p2a: Ursaluna\n|-supereffective|p2a: Ursaluna\n|-damage|p2a: Ursaluna|0 fnt\n|-unboost|p1a: Sif|def|1\n|-unboost|p1a: Sif|spd|1\n|faint|p2a: Ursaluna\n|\n|upkeep\n|\n|t:|1697477345\n|switch|p2a: Slowking|Slowking-Galar, F|100\/100\n|turn|29\n|\n|t:|1697477349\n|move|p1a: Sif|Swords Dance|p1a: Sif\n|-boost|p1a: Sif|atk|2\n|move|p2a: Slowking|Psyshock|p1a: Sif\n|-damage|p1a: Sif|18\/100\n|\n|upkeep\n|turn|30\n|\n|t:|1697477355\n|-terastallize|p1a: Sif|Fire\n|move|p1a: Sif|Fire Fang|p2a: Slowking\n|-damage|p2a: Slowking|20\/100\n|move|p2a: Slowking|Sludge Bomb|p1a: Sif\n|-damage|p1a: Sif|0 fnt\n|faint|p1a: Sif\n|\n|upkeep\n|\n|t:|1697477360\n|switch|p1a: Achlys|Arceus-Poison, shiny|78\/100 par\n|turn|31\n|\n|t:|1697477364\n|move|p1a: Achlys|Poison Jab|p2a: Slowking\n|-resisted|p2a: Slowking\n|-damage|p2a: Slowking|3\/100\n|move|p2a: Slowking|Psyshock|p1a: Achlys\n|-supereffective|p1a: Achlys\n|-damage|p1a: Achlys|59\/100 par\n|\n|upkeep\n|turn|32\n|c|\u2606Laprasrules12|Fml\n|\n|t:|1697477370\n|switch|p2a: Magearna|Magearna|52\/100\n|move|p1a: Achlys|Poison Jab|p2a: Magearna\n|-immune|p2a: Magearna\n|\n|-heal|p2a: Magearna|58\/100|[from] item: Leftovers\n|-sideend|p1: Laprasrules12|move: Light Screen\n|upkeep\n|turn|33\n|\n|t:|1697477377\n|switch|p1a: Chernabog|Giratina, shiny|100\/100\n|-ability|p1a: Chernabog|Pressure\n|move|p2a: Magearna|Volt Switch|p1a: Chernabog\n|-resisted|p1a: Chernabog\n|-damage|p1a: Chernabog|96\/100\n|c|\u2606Laprasrules12|Inlost gg\n|c|\u2606Laprasrules12|Once again i lose to bad rng\n|\n|t:|1697477393\n|switch|p2a: Ninetales|Ninetales-Alola, M|100\/100|[from] Volt Switch\n|-weather|Snow|[from] ability: Snow Warning|[of] p2a: Ninetales\n|\n|-weather|Snow|[upkeep]\n|-heal|p1a: Chernabog|100\/100|[from] item: Leftovers\n|upkeep\n|turn|34\n|\n|t:|1697477398\n|move|p2a: Ninetales|Blizzard|p1a: Chernabog\n|-supereffective|p1a: Chernabog\n|-damage|p1a: Chernabog|63\/100\n|move|p1a: Chernabog|Will-O-Wisp|p2a: Ninetales\n|-status|p2a: Ninetales|brn\n|\n|-weather|Snow|[upkeep]\n|-heal|p1a: Chernabog|69\/100|[from] item: Leftovers\n|-damage|p2a: Ninetales|95\/100 brn|[from] brn\n|upkeep\n|turn|35\n|\n|t:|1697477404\n|switch|p1a: Achlys|Arceus-Poison, shiny|59\/100 par\n|move|p2a: Ninetales|Aurora Veil|p2a: Ninetales\n|-sidestart|p2: Acetraineraegis|move: Aurora Veil\n|\n|-weather|Snow|[upkeep]\n|-damage|p2a: Ninetales|89\/100 brn|[from] brn\n|upkeep\n|turn|36\n|\n|t:|1697477414\n|switch|p2a: Arceus|Arceus-Ice, tera:Water|57\/100 brn\n|move|p1a: Achlys|Will-O-Wisp|p2a: Arceus\n|-fail|p2a: Arceus|brn\n|\n|-weather|Snow|[upkeep]\n|-damage|p2a: Arceus|50\/100 brn|[from] brn\n|upkeep\n|turn|37\n|\n|t:|1697477421\n|move|p2a: Arceus|Recover|p2a: Arceus\n|-heal|p2a: Arceus|100\/100 brn\n|move|p1a: Achlys|Poison Jab|p2a: Arceus\n|-damage|p2a: Arceus|88\/100 brn\n|\n|-weather|none\n|-damage|p2a: Arceus|82\/100 brn|[from] brn\n|upkeep\n|turn|38\n|\n|t:|1697477424\n|move|p2a: Arceus|Calm Mind|p2a: Arceus\n|-boost|p2a: Arceus|spa|1\n|-boost|p2a: Arceus|spd|1\n|move|p1a: Achlys|Poison Jab|p2a: Arceus\n|-damage|p2a: Arceus|70\/100 brn\n|\n|-damage|p2a: Arceus|64\/100 brn|[from] brn\n|upkeep\n|turn|39\n|\n|t:|1697477426\n|move|p2a: Arceus|Calm Mind|p2a: Arceus\n|-boost|p2a: Arceus|spa|1\n|-boost|p2a: Arceus|spd|1\n|move|p1a: Achlys|Recover|p1a: Achlys\n|-heal|p1a: Achlys|100\/100 par\n|\n|-damage|p2a: Arceus|57\/100 brn|[from] brn\n|upkeep\n|turn|40\n|\n|t:|1697477429\n|switch|p1a: Hellion|Grimmsnarl, M, shiny|14\/100\n|move|p2a: Arceus|Recover|p2a: Arceus\n|-heal|p2a: Arceus|100\/100 brn\n|\n|-damage|p2a: Arceus|94\/100 brn|[from] brn\n|upkeep\n|turn|41\n|\n|t:|1697477431\n|move|p1a: Hellion|Parting Shot|p2a: Arceus\n|-unboost|p2a: Arceus|atk|1\n|-unboost|p2a: Arceus|spa|1\n|\n|t:|1697477434\n|switch|p1a: Chernabog|Giratina, shiny|69\/100|[from] Parting Shot\n|-ability|p1a: Chernabog|Pressure\n|move|p2a: Arceus|Calm Mind|p2a: Arceus\n|-boost|p2a: Arceus|spa|1\n|-boost|p2a: Arceus|spd|1\n|\n|-heal|p1a: Chernabog|75\/100|[from] item: Leftovers\n|-damage|p2a: Arceus|88\/100 brn|[from] brn\n|upkeep\n|turn|42\n|\n|t:|1697477438\n|move|p2a: Arceus|Judgment|p1a: Chernabog\n|-supereffective|p1a: Chernabog\n|-crit|p1a: Chernabog\n|-damage|p1a: Chernabog|0 fnt\n|faint|p1a: Chernabog\n|\n|-damage|p2a: Arceus|82\/100 brn|[from] brn\n|-sideend|p2: Acetraineraegis|move: Aurora Veil\n|upkeep\n|\n|t:|1697477441\n|switch|p1a: Achlys|Arceus-Poison, shiny|100\/100 par\n|turn|43\n|\n|t:|1697477445\n|move|p2a: Arceus|Recover|p2a: Arceus\n|-heal|p2a: Arceus|100\/100 brn\n|move|p1a: Achlys|Poison Jab|p2a: Arceus\n|-damage|p2a: Arceus|73\/100 brn\n|\n|-damage|p2a: Arceus|67\/100 brn|[from] brn\n|upkeep\n|turn|44\n|c|\u2606Laprasrules12|Well GG\n|c|\u2606Laprasrules12|Apparently I cant do anything good anymore\n|\n|t:|1697477456\n|move|p2a: Arceus|Calm Mind|p2a: Arceus\n|-boost|p2a: Arceus|spa|1\n|-boost|p2a: Arceus|spd|1\n|move|p1a: Achlys|Taunt|p2a: Arceus\n|-start|p2a: Arceus|move: Taunt\n|\n|-damage|p2a: Arceus|61\/100 brn|[from] brn\n|upkeep\n|turn|45\n|\n|t:|1697477461\n|move|p2a: Arceus|Earth Power|p1a: Achlys\n|-supereffective|p1a: Achlys\n|-damage|p1a: Achlys|0 fnt\n|faint|p1a: Achlys\n|\n|-damage|p2a: Arceus|54\/100 brn|[from] brn\n|upkeep\n|-message|Laprasrules12 forfeited.\n|\n|win|Acetraineraegis\n|l|\u2606Laprasrules12\n|c|\u2606Acetraineraegis|Gg\n","uploadtime":1697477474,"views":25,"p1id":"laprasrules12","p2id":"acetraineraegis","formatid":"gen9ubers","rating":0,"private":0,"password":""}