{"id":"gen9ubers-1995577538","p1":"guzmfran","p2":"nickizard1","format":"[Gen 9] Ubers","log":"|j|\u2606guzmfran\n|j|\u2606nickizard1\n|t:|1700584420\n|gametype|singles\n|player|p1|guzmfran|266|\n|player|p2|nickizard1|pryce|\n|teamsize|p1|6\n|teamsize|p2|6\n|gen|9\n|tier|[Gen 9] Ubers\n|rule|Sleep Clause Mod: Limit one foe put to sleep\n|rule|Species Clause: Limit one of each Pok\u00e9mon\n|rule|OHKO Clause: OHKO moves are banned\n|rule|Evasion Items Clause: Evasion items are banned\n|rule|Evasion Moves Clause: Evasion moves are banned\n|rule|Endless Battle Clause: Forcing endless battles is banned\n|rule|HP Percentage Mod: HP is shown in percentages\n|clearpoke\n|poke|p1|Gliscor, M|\n|poke|p1|Dondozo, M|\n|poke|p1|Blissey, F|\n|poke|p1|Chesnaught, M|\n|poke|p1|Clefable, M|\n|poke|p1|Skeledirge, F|\n|poke|p2|Dragapult, F|\n|poke|p2|Dondozo, F|\n|poke|p2|Ninetales-Alola, M|\n|poke|p2|Garganacl, F|\n|poke|p2|Krookodile, M|\n|poke|p2|Dragonite, F|\n|teampreview\n|\n|t:|1700584436\n|start\n|switch|p1a: Gliscor|Gliscor, M|100\/100\n|switch|p2a: Ninetales|Ninetales-Alola, M, shiny|100\/100\n|-weather|Snow|[from] ability: Snow Warning|[of] p2a: Ninetales\n|turn|1\n|\n|t:|1700584442\n|move|p2a: Ninetales|Blizzard|p1a: Gliscor\n|-supereffective|p1a: Gliscor\n|-damage|p1a: Gliscor|0 fnt\n|faint|p1a: Gliscor\n|\n|-weather|Snow|[upkeep]\n|upkeep\n|c|\u2606guzmfran|What\n|c|\u2606guzmfran|Don,t let me choose move \ud83d\ude02\n|\n|t:|1700584481\n|switch|p1a: Blissey|Blissey, F|100\/100\n|turn|2\n|\n|t:|1700584496\n|switch|p2a: Krookodile|Krookodile, M|100\/100\n|move|p1a: Blissey|Stealth Rock|p2a: Krookodile\n|-sidestart|p2: nickizard1|move: Stealth Rock\n|\n|-weather|Snow|[upkeep]\n|upkeep\n|turn|3\n|\n|t:|1700584505\n|switch|p1a: Chesnaught|Chesnaught, M, shiny|100\/100\n|move|p2a: Krookodile|Knock Off|p1a: Chesnaught\n|-resisted|p1a: Chesnaught\n|-damage|p1a: Chesnaught|85\/100\n|-enditem|p1a: Chesnaught|Heavy-Duty Boots|[from] move: Knock Off|[of] p2a: Krookodile\n|\n|-weather|Snow|[upkeep]\n|upkeep\n|turn|4\n|\n|t:|1700584528\n|switch|p2a: Dragapult|Dragapult, F, shiny|100\/100\n|-damage|p2a: Dragapult|88\/100|[from] Stealth Rock\n|move|p1a: Chesnaught|Body Press|p2a: Dragapult\n|-immune|p2a: Dragapult\n|\n|-weather|Snow|[upkeep]\n|upkeep\n|turn|5\n|\n|t:|1700584539\n|move|p2a: Dragapult|Flamethrower|p1a: Chesnaught\n|-supereffective|p1a: Chesnaught\n|-damage|p1a: Chesnaught|0 fnt\n|faint|p1a: Chesnaught\n|\n|-weather|none\n|upkeep\n|\n|t:|1700584548\n|switch|p1a: Clefable|Clefable, M, shiny|100\/100\n|turn|6\n|\n|t:|1700584561\n|switch|p2a: Garganacl|Garganacl, F, shiny|100\/100\n|-damage|p2a: Garganacl|88\/100|[from] Stealth Rock\n|move|p1a: Clefable|Calm Mind|p1a: Clefable\n|-boost|p1a: Clefable|spa|1\n|-boost|p1a: Clefable|spd|1\n|\n|-heal|p2a: Garganacl|94\/100|[from] item: Leftovers\n|upkeep\n|turn|7\n|\n|t:|1700584574\n|move|p1a: Clefable|Calm Mind|p1a: Clefable\n|-boost|p1a: Clefable|spa|1\n|-boost|p1a: Clefable|spd|1\n|move|p2a: Garganacl|Salt Cure|p1a: Clefable\n|-damage|p1a: Clefable|89\/100\n|-start|p1a: Clefable|Salt Cure\n|\n|-heal|p1a: Clefable|95\/100|[from] item: Leftovers\n|-heal|p2a: Garganacl|100\/100|[from] item: Leftovers\n|upkeep\n|turn|8\n|\n|t:|1700584585\n|switch|p2a: Dondozo|Dondozo, F, shiny|100\/100\n|move|p1a: Clefable|Moonblast|p2a: Dondozo\n|-damage|p2a: Dondozo|70\/100\n|\n|-heal|p1a: Clefable|100\/100|[from] item: Leftovers\n|upkeep\n|turn|9\n|\n|t:|1700584607\n|switch|p2a: Ninetales|Ninetales-Alola, M, shiny|100\/100\n|-damage|p2a: Ninetales|76\/100|[from] Stealth Rock\n|-weather|Snow|[from] ability: Snow Warning|[of] p2a: Ninetales\n|move|p1a: Clefable|Moonblast|p2a: Ninetales\n|-damage|p2a: Ninetales|0 fnt\n|faint|p2a: Ninetales\n|\n|-weather|Snow|[upkeep]\n|upkeep\n|\n|t:|1700584635\n|switch|p2a: Krookodile|Krookodile, M|100\/100\n|-damage|p2a: Krookodile|94\/100|[from] Stealth Rock\n|turn|10\n|\n|t:|1700584641\n|-terastallize|p2a: Krookodile|Ground\n|move|p2a: Krookodile|Earthquake|p1a: Clefable\n|-damage|p1a: Clefable|45\/100\n|move|p1a: Clefable|Moonblast|p2a: Krookodile\n|-damage|p2a: Krookodile|5\/100\n|\n|-weather|Snow|[upkeep]\n|-heal|p1a: Clefable|51\/100|[from] item: Leftovers\n|upkeep\n|turn|11\n|\n|t:|1700584652\n|move|p1a: Clefable|Protect|p1a: Clefable\n|-singleturn|p1a: Clefable|Protect\n|move|p2a: Krookodile|Earthquake|p1a: Clefable\n|-activate|p1a: Clefable|move: Protect\n|\n|-weather|Snow|[upkeep]\n|-heal|p1a: Clefable|57\/100|[from] item: Leftovers\n|upkeep\n|turn|12\n|\n|t:|1700584663\n|move|p2a: Krookodile|Earthquake|p1a: Clefable\n|-damage|p1a: Clefable|7\/100\n|move|p1a: Clefable|Moonblast|p2a: Krookodile\n|-damage|p2a: Krookodile|0 fnt\n|faint|p2a: Krookodile\n|\n|-weather|Snow|[upkeep]\n|-heal|p1a: Clefable|13\/100|[from] item: Leftovers\n|upkeep\n|\n|t:|1700584698\n|switch|p2a: Dragonite|Dragonite, F, shiny|100\/100\n|-damage|p2a: Dragonite|76\/100|[from] Stealth Rock\n|turn|13\n|\n|t:|1700584754\n|move|p2a: Dragonite|Fire Punch|p1a: Clefable\n|-damage|p1a: Clefable|0 fnt\n|faint|p1a: Clefable\n|\n|-weather|none\n|-heal|p2a: Dragonite|82\/100|[from] item: Leftovers\n|upkeep\n|\n|t:|1700584763\n|switch|p1a: Skeledirge|Skeledirge, F, shiny|100\/100\n|turn|14\n|\n|t:|1700584775\n|move|p2a: Dragonite|Dragon Claw|p1a: Skeledirge\n|-damage|p1a: Skeledirge|68\/100\n|move|p1a: Skeledirge|Shadow Ball|p2a: Dragonite\n|-damage|p2a: Dragonite|57\/100\n|\n|-heal|p2a: Dragonite|63\/100|[from] item: Leftovers\n|upkeep\n|turn|15\n|\n|t:|1700584787\n|move|p2a: Dragonite|Dragon Claw|p1a: Skeledirge\n|-damage|p1a: Skeledirge|33\/100\n|move|p1a: Skeledirge|Will-O-Wisp|p2a: Dragonite\n|-status|p2a: Dragonite|brn\n|\n|-heal|p2a: Dragonite|69\/100 brn|[from] item: Leftovers\n|-damage|p2a: Dragonite|63\/100 brn|[from] brn\n|upkeep\n|turn|16\n|\n|t:|1700584798\n|move|p2a: Dragonite|Dragon Dance|p2a: Dragonite\n|-boost|p2a: Dragonite|atk|1\n|-boost|p2a: Dragonite|spe|1\n|move|p1a: Skeledirge|Slack Off|p1a: Skeledirge\n|-heal|p1a: Skeledirge|83\/100\n|\n|-heal|p2a: Dragonite|69\/100 brn|[from] item: Leftovers\n|-damage|p2a: Dragonite|63\/100 brn|[from] brn\n|upkeep\n|turn|17\n|\n|t:|1700584813\n|move|p2a: Dragonite|Dragon Claw|p1a: Skeledirge\n|-damage|p1a: Skeledirge|65\/100\n|move|p1a: Skeledirge|Torch Song|p2a: Dragonite\n|-resisted|p2a: Dragonite\n|-damage|p2a: Dragonite|50\/100 brn\n|-boost|p1a: Skeledirge|spa|1\n|\n|-heal|p2a: Dragonite|57\/100 brn|[from] item: Leftovers\n|-damage|p2a: Dragonite|50\/100 brn|[from] brn\n|upkeep\n|turn|18\n|\n|t:|1700584827\n|move|p2a: Dragonite|Dragon Claw|p1a: Skeledirge\n|-damage|p1a: Skeledirge|48\/100\n|move|p1a: Skeledirge|Slack Off|p1a: Skeledirge\n|-heal|p1a: Skeledirge|98\/100\n|\n|-heal|p2a: Dragonite|57\/100 brn|[from] item: Leftovers\n|-damage|p2a: Dragonite|50\/100 brn|[from] brn\n|upkeep\n|turn|19\n|\n|t:|1700584838\n|switch|p2a: Garganacl|Garganacl, F, shiny|100\/100\n|-damage|p2a: Garganacl|88\/100|[from] Stealth Rock\n|move|p1a: Skeledirge|Torch Song|p2a: Garganacl\n|-resisted|p2a: Garganacl\n|-damage|p2a: Garganacl|74\/100\n|-boost|p1a: Skeledirge|spa|1\n|\n|-heal|p2a: Garganacl|80\/100|[from] item: Leftovers\n|upkeep\n|turn|20\n|\n|t:|1700584853\n|move|p1a: Skeledirge|Shadow Ball|p2a: Garganacl\n|-damage|p2a: Garganacl|59\/100\n|move|p2a: Garganacl|Salt Cure|p1a: Skeledirge\n|-supereffective|p1a: Skeledirge\n|-damage|p1a: Skeledirge|73\/100\n|-start|p1a: Skeledirge|Salt Cure\n|\n|-heal|p2a: Garganacl|66\/100|[from] item: Leftovers\n|-damage|p1a: Skeledirge|61\/100|[from] Salt Cure\n|upkeep\n|turn|21\n|\n|t:|1700584871\n|switch|p1a: Dondozo|Dondozo, M|100\/100\n|switch|p2a: Dragonite|Dragonite, F, shiny|50\/100 brn\n|-damage|p2a: Dragonite|26\/100 brn|[from] Stealth Rock\n|\n|-heal|p2a: Dragonite|32\/100 brn|[from] item: Leftovers\n|-damage|p2a: Dragonite|26\/100 brn|[from] brn\n|upkeep\n|turn|22\n|\n|t:|1700584884\n|switch|p1a: Skeledirge|Skeledirge, F, shiny|61\/100\n|move|p2a: Dragonite|Dragon Claw|p1a: Skeledirge\n|-crit|p1a: Skeledirge\n|-damage|p1a: Skeledirge|33\/100\n|\n|-heal|p2a: Dragonite|32\/100 brn|[from] item: Leftovers\n|-damage|p2a: Dragonite|26\/100 brn|[from] brn\n|upkeep\n|turn|23\n|\n|t:|1700584894\n|switch|p2a: Garganacl|Garganacl, F, shiny|66\/100\n|-damage|p2a: Garganacl|53\/100|[from] Stealth Rock\n|move|p1a: Skeledirge|Slack Off|p1a: Skeledirge\n|-heal|p1a: Skeledirge|83\/100\n|\n|-heal|p2a: Garganacl|59\/100|[from] item: Leftovers\n|upkeep\n|turn|24\n|\n|t:|1700584906\n|switch|p1a: Dondozo|Dondozo, M|100\/100\n|move|p2a: Garganacl|Recover|p2a: Garganacl\n|-heal|p2a: Garganacl|100\/100\n|\n|upkeep\n|turn|25\n|\n|t:|1700584912\n|move|p2a: Garganacl|Salt Cure|p1a: Dondozo\n|-damage|p1a: Dondozo|94\/100\n|-start|p1a: Dondozo|Salt Cure\n|move|p1a: Dondozo|Liquidation|p2a: Garganacl\n|-supereffective|p2a: Garganacl\n|-damage|p2a: Garganacl|61\/100\n|\n|-heal|p2a: Garganacl|68\/100|[from] item: Leftovers\n|-damage|p1a: Dondozo|69\/100|[from] Salt Cure\n|upkeep\n|turn|26\n|\n|t:|1700584922\n|switch|p2a: Dondozo|Dondozo, F, shiny|70\/100\n|move|p1a: Dondozo|Liquidation|p2a: Dondozo\n|-resisted|p2a: Dondozo\n|-damage|p2a: Dondozo|64\/100\n|\n|-damage|p1a: Dondozo|44\/100|[from] Salt Cure\n|upkeep\n|turn|27\n|\n|t:|1700584937\n|switch|p1a: Skeledirge|Skeledirge, F, shiny|83\/100\n|move|p2a: Dondozo|Rest|p2a: Dondozo\n|-status|p2a: Dondozo|slp|[from] move: Rest\n|-heal|p2a: Dondozo|100\/100 slp|[silent]\n|\n|upkeep\n|turn|28\n|\n|t:|1700584948\n|switch|p2a: Dragonite|Dragonite, F, shiny|26\/100 brn\n|-damage|p2a: Dragonite|1\/100 brn|[from] Stealth Rock\n|-terastallize|p1a: Skeledirge|Grass\n|move|p1a: Skeledirge|Shadow Ball|p2a: Dragonite\n|-damage|p2a: Dragonite|0 fnt\n|faint|p2a: Dragonite\n|\n|upkeep\n|\n|t:|1700584960\n|switch|p2a: Dragapult|Dragapult, F, shiny|88\/100\n|-damage|p2a: Dragapult|76\/100|[from] Stealth Rock\n|turn|29\n|\n|t:|1700584967\n|switch|p1a: Blissey|Blissey, F|100\/100\n|move|p2a: Dragapult|Flamethrower|p1a: Blissey\n|-damage|p1a: Blissey|86\/100\n|\n|upkeep\n|turn|30\n|\n|t:|1700584977\n|switch|p2a: Garganacl|Garganacl, F, shiny|68\/100\n|-damage|p2a: Garganacl|55\/100|[from] Stealth Rock\n|move|p1a: Blissey|Calm Mind|p1a: Blissey\n|-boost|p1a: Blissey|spa|1\n|-boost|p1a: Blissey|spd|1\n|\n|-heal|p2a: Garganacl|61\/100|[from] item: Leftovers\n|upkeep\n|turn|31\n|\n|t:|1700584987\n|move|p1a: Blissey|Shadow Ball|p2a: Garganacl\n|-crit|p2a: Garganacl\n|-damage|p2a: Garganacl|51\/100\n|move|p2a: Garganacl|Salt Cure|p1a: Blissey\n|-damage|p1a: Blissey|72\/100\n|-start|p1a: Blissey|Salt Cure\n|\n|-heal|p2a: Garganacl|57\/100|[from] item: Leftovers\n|-damage|p1a: Blissey|60\/100|[from] Salt Cure\n|upkeep\n|turn|32\n|\n|t:|1700584997\n|move|p1a: Blissey|Shadow Ball|p2a: Garganacl\n|-damage|p2a: Garganacl|50\/100\n|-unboost|p2a: Garganacl|spd|1\n|move|p2a: Garganacl|Recover|p2a: Garganacl\n|-heal|p2a: Garganacl|99\/100\n|\n|-heal|p2a: Garganacl|100\/100|[from] item: Leftovers\n|-damage|p1a: Blissey|47\/100|[from] Salt Cure\n|upkeep\n|turn|33\n|\n|t:|1700585009\n|move|p1a: Blissey|Soft-Boiled|p1a: Blissey\n|-heal|p1a: Blissey|97\/100\n|move|p2a: Garganacl|Iron Defense|p2a: Garganacl\n|-boost|p2a: Garganacl|def|2\n|\n|-damage|p1a: Blissey|85\/100|[from] Salt Cure\n|upkeep\n|turn|34\n|\n|t:|1700585018\n|switch|p1a: Dondozo|Dondozo, M|44\/100\n|move|p2a: Garganacl|Body Press|p1a: Dondozo\n|-damage|p1a: Dondozo|35\/100\n|\n|upkeep\n|turn|35\n|\n|t:|1700585026\n|move|p1a: Dondozo|Rest|p1a: Dondozo\n|-status|p1a: Dondozo|slp|[from] move: Rest\n|-heal|p1a: Dondozo|100\/100 slp|[silent]\n|move|p2a: Garganacl|Salt Cure|p1a: Dondozo\n|-damage|p1a: Dondozo|94\/100 slp\n|-start|p1a: Dondozo|Salt Cure\n|\n|-damage|p1a: Dondozo|69\/100 slp|[from] Salt Cure\n|upkeep\n|turn|36\n|\n|t:|1700585040\n|switch|p2a: Dragapult|Dragapult, F, shiny|76\/100\n|-damage|p2a: Dragapult|64\/100|[from] Stealth Rock\n|switch|p1a: Skeledirge|Skeledirge, F, shiny, tera:Grass|83\/100\n|\n|upkeep\n|turn|37\n|\n|t:|1700585056\n|switch|p1a: Blissey|Blissey, F|85\/100\n|move|p2a: Dragapult|Flamethrower|p1a: Blissey\n|-damage|p1a: Blissey|72\/100\n|\n|upkeep\n|turn|38\n|\n|t:|1700585065\n|switch|p2a: Dondozo|Dondozo, F, shiny|100\/100 slp\n|move|p1a: Blissey|Soft-Boiled|p1a: Blissey\n|-heal|p1a: Blissey|100\/100\n|\n|upkeep\n|turn|39\n|\n|t:|1700585071\n|move|p1a: Blissey|Shadow Ball|p2a: Dondozo\n|-damage|p2a: Dondozo|86\/100 slp\n|cant|p2a: Dondozo|slp\n|move|p2a: Dondozo|Sleep Talk|p2a: Dondozo\n|move|p2a: Dondozo|Body Press|p1a: Blissey|[from]move: Sleep Talk\n|-supereffective|p1a: Blissey\n|-damage|p1a: Blissey|39\/100\n|\n|upkeep\n|turn|40\n|\n|t:|1700585088\n|switch|p1a: Skeledirge|Skeledirge, F, shiny, tera:Grass|83\/100\n|cant|p2a: Dondozo|slp\n|move|p2a: Dondozo|Sleep Talk|p2a: Dondozo\n|move|p2a: Dondozo|Body Press|p1a: Skeledirge|[from]move: Sleep Talk\n|-damage|p1a: Skeledirge|59\/100\n|\n|upkeep\n|turn|41\n|\n|t:|1700585097\n|switch|p2a: Garganacl|Garganacl, F, shiny|100\/100\n|-damage|p2a: Garganacl|88\/100|[from] Stealth Rock\n|move|p1a: Skeledirge|Torch Song|p2a: Garganacl\n|-resisted|p2a: Garganacl\n|-damage|p2a: Garganacl|79\/100\n|-boost|p1a: Skeledirge|spa|1\n|\n|-heal|p2a: Garganacl|85\/100|[from] item: Leftovers\n|upkeep\n|turn|42\n|\n|t:|1700585109\n|move|p1a: Skeledirge|Slack Off|p1a: Skeledirge\n|-heal|p1a: Skeledirge|100\/100\n|move|p2a: Garganacl|Salt Cure|p1a: Skeledirge\n|-damage|p1a: Skeledirge|88\/100\n|-start|p1a: Skeledirge|Salt Cure\n|\n|-heal|p2a: Garganacl|91\/100|[from] item: Leftovers\n|-damage|p1a: Skeledirge|76\/100|[from] Salt Cure\n|upkeep\n|turn|43\n|\n|t:|1700585120\n|move|p1a: Skeledirge|Torch Song|p2a: Garganacl\n|-resisted|p2a: Garganacl\n|-damage|p2a: Garganacl|77\/100\n|-boost|p1a: Skeledirge|spa|1\n|move|p2a: Garganacl|Iron Defense|p2a: Garganacl\n|-boost|p2a: Garganacl|def|2\n|\n|-heal|p2a: Garganacl|83\/100|[from] item: Leftovers\n|-damage|p1a: Skeledirge|63\/100|[from] Salt Cure\n|upkeep\n|turn|44\n|\n|t:|1700585131\n|move|p1a: Skeledirge|Torch Song|p2a: Garganacl\n|-resisted|p2a: Garganacl\n|-damage|p2a: Garganacl|63\/100\n|-boost|p1a: Skeledirge|spa|1\n|move|p2a: Garganacl|Body Press|p1a: Skeledirge\n|-damage|p1a: Skeledirge|43\/100\n|\n|-heal|p2a: Garganacl|70\/100|[from] item: Leftovers\n|-damage|p1a: Skeledirge|30\/100|[from] Salt Cure\n|upkeep\n|turn|45\n|\n|t:|1700585145\n|move|p1a: Skeledirge|Slack Off|p1a: Skeledirge\n|-heal|p1a: Skeledirge|80\/100\n|move|p2a: Garganacl|Body Press|p1a: Skeledirge\n|-damage|p1a: Skeledirge|63\/100\n|\n|-heal|p2a: Garganacl|76\/100|[from] item: Leftovers\n|-damage|p1a: Skeledirge|50\/100|[from] Salt Cure\n|upkeep\n|turn|46\n|\n|t:|1700585155\n|move|p1a: Skeledirge|Torch Song|p2a: Garganacl\n|-resisted|p2a: Garganacl\n|-damage|p2a: Garganacl|52\/100\n|-boost|p1a: Skeledirge|spa|1\n|move|p2a: Garganacl|Body Press|p1a: Skeledirge\n|-crit|p1a: Skeledirge\n|-damage|p1a: Skeledirge|20\/100\n|\n|-heal|p2a: Garganacl|58\/100|[from] item: Leftovers\n|-damage|p1a: Skeledirge|8\/100|[from] Salt Cure\n|upkeep\n|turn|47\n|\n|t:|1700585168\n|move|p1a: Skeledirge|Slack Off|p1a: Skeledirge\n|-heal|p1a: Skeledirge|58\/100\n|move|p2a: Garganacl|Body Press|p1a: Skeledirge\n|-damage|p1a: Skeledirge|39\/100\n|\n|-heal|p2a: Garganacl|64\/100|[from] item: Leftovers\n|-damage|p1a: Skeledirge|27\/100|[from] Salt Cure\n|upkeep\n|turn|48\n|\n|t:|1700585177\n|move|p1a: Skeledirge|Slack Off|p1a: Skeledirge\n|-heal|p1a: Skeledirge|77\/100\n|move|p2a: Garganacl|Body Press|p1a: Skeledirge\n|-damage|p1a: Skeledirge|59\/100\n|\n|-heal|p2a: Garganacl|71\/100|[from] item: Leftovers\n|-damage|p1a: Skeledirge|47\/100|[from] Salt Cure\n|upkeep\n|turn|49\n|\n|t:|1700585190\n|move|p1a: Skeledirge|Shadow Ball|p2a: Garganacl\n|-damage|p2a: Garganacl|41\/100\n|move|p2a: Garganacl|Body Press|p1a: Skeledirge\n|-damage|p1a: Skeledirge|29\/100\n|\n|-heal|p2a: Garganacl|47\/100|[from] item: Leftovers\n|-damage|p1a: Skeledirge|16\/100|[from] Salt Cure\n|upkeep\n|turn|50\n|\n|t:|1700585200\n|move|p1a: Skeledirge|Shadow Ball|p2a: Garganacl\n|-damage|p2a: Garganacl|18\/100\n|move|p2a: Garganacl|Recover|p2a: Garganacl\n|-heal|p2a: Garganacl|68\/100\n|\n|-heal|p2a: Garganacl|74\/100|[from] item: Leftovers\n|-damage|p1a: Skeledirge|4\/100|[from] Salt Cure\n|upkeep\n|turn|51\n|\n|t:|1700585214\n|switch|p1a: Dondozo|Dondozo, M|69\/100 slp\n|move|p2a: Garganacl|Recover|p2a: Garganacl\n|-heal|p2a: Garganacl|100\/100\n|\n|upkeep\n|turn|52\n|\n|t:|1700585222\n|cant|p1a: Dondozo|slp\n|move|p1a: Dondozo|Sleep Talk|p1a: Dondozo\n|move|p1a: Dondozo|Liquidation|p2a: Garganacl|[from]move: Sleep Talk\n|-supereffective|p2a: Garganacl\n|-damage|p2a: Garganacl|62\/100\n|move|p2a: Garganacl|Salt Cure|p1a: Dondozo\n|-crit|p1a: Dondozo\n|-damage|p1a: Dondozo|60\/100 slp\n|-start|p1a: Dondozo|Salt Cure\n|\n|-heal|p2a: Garganacl|68\/100|[from] item: Leftovers\n|-damage|p1a: Dondozo|35\/100 slp|[from] Salt Cure\n|upkeep\n|turn|53\n|\n|t:|1700585237\n|move|p2a: Garganacl|Body Press|p1a: Dondozo\n|-damage|p1a: Dondozo|25\/100 slp\n|cant|p1a: Dondozo|slp\n|\n|-heal|p2a: Garganacl|74\/100|[from] item: Leftovers\n|-damage|p1a: Dondozo|0 fnt|[from] Salt Cure\n|faint|p1a: Dondozo\n|upkeep\n|\n|t:|1700585246\n|switch|p1a: Skeledirge|Skeledirge, F, shiny, tera:Grass|4\/100\n|turn|54\n|\n|t:|1700585251\n|move|p1a: Skeledirge|Slack Off|p1a: Skeledirge\n|-heal|p1a: Skeledirge|54\/100\n|move|p2a: Garganacl|Salt Cure|p1a: Skeledirge\n|-damage|p1a: Skeledirge|41\/100\n|-start|p1a: Skeledirge|Salt Cure\n|\n|-heal|p2a: Garganacl|80\/100|[from] item: Leftovers\n|-damage|p1a: Skeledirge|29\/100|[from] Salt Cure\n|upkeep\n|turn|55\n|\n|t:|1700585267\n|switch|p1a: Blissey|Blissey, F|39\/100\n|move|p2a: Garganacl|Body Press|p1a: Blissey\n|-supereffective|p1a: Blissey\n|-damage|p1a: Blissey|0 fnt\n|faint|p1a: Blissey\n|\n|-heal|p2a: Garganacl|87\/100|[from] item: Leftovers\n|upkeep\n|\n|t:|1700585276\n|switch|p1a: Skeledirge|Skeledirge, F, shiny, tera:Grass|29\/100\n|turn|56\n|\n|t:|1700585280\n|move|p1a: Skeledirge|Torch Song|p2a: Garganacl\n|-resisted|p2a: Garganacl\n|-damage|p2a: Garganacl|77\/100\n|-boost|p1a: Skeledirge|spa|1\n|move|p2a: Garganacl|Body Press|p1a: Skeledirge\n|-damage|p1a: Skeledirge|9\/100\n|\n|-heal|p2a: Garganacl|83\/100|[from] item: Leftovers\n|upkeep\n|turn|57\n|\n|t:|1700585293\n|move|p1a: Skeledirge|Torch Song|p2a: Garganacl\n|-resisted|p2a: Garganacl\n|-damage|p2a: Garganacl|68\/100\n|-boost|p1a: Skeledirge|spa|1\n|move|p2a: Garganacl|Salt Cure|p1a: Skeledirge\n|-damage|p1a: Skeledirge|0 fnt\n|faint|p1a: Skeledirge\n|\n|win|nickizard1\n|l|\u2606guzmfran\n","uploadtime":1700585366,"views":2,"p1id":"guzmfran","p2id":"nickizard1","formatid":"gen9ubers","rating":0,"private":0,"password":""}