{"id":"gen9ubers-1975915052","p1":"VictiniSweeper","p2":"yomaalt","format":"[Gen 9] Ubers","log":"|j|\u2606VictiniSweeper\n|j|\u2606yomaalt\n|t:|1698248858\n|gametype|singles\n|player|p1|VictiniSweeper|iris-gen5bw2|\n|player|p2|yomaalt|265|\n|teamsize|p1|6\n|teamsize|p2|6\n|gen|9\n|tier|[Gen 9] Ubers\n|rule|Sleep Clause Mod: Limit one foe put to sleep\n|rule|Species Clause: Limit one of each Pok\u00e9mon\n|rule|OHKO Clause: OHKO moves are banned\n|rule|Evasion Items Clause: Evasion items are banned\n|rule|Evasion Moves Clause: Evasion moves are banned\n|rule|Endless Battle Clause: Forcing endless battles is banned\n|rule|HP Percentage Mod: HP is shown in percentages\n|clearpoke\n|poke|p1|Volcarona, F|\n|poke|p1|Cyclizar, M|\n|poke|p1|Roaring Moon|\n|poke|p1|Manaphy|\n|poke|p1|Dialga-Origin|\n|poke|p1|Ninetales-Alola, F|\n|poke|p2|Palkia-Origin|\n|poke|p2|Urshifu-*, M|\n|poke|p2|Shaymin-Sky|\n|poke|p2|Arceus-Flying|\n|poke|p2|Darkrai|\n|poke|p2|Zacian-*|\n|teampreview\n|inactive|Battle timer is ON: inactive players will automatically lose when time's up. (requested by VictiniSweeper)\n|\n|t:|1698248874\n|start\n|switch|p1a: Ninetales|Ninetales-Alola, F|100\/100\n|switch|p2a: Shaymin|Shaymin-Sky|100\/100\n|-weather|Snow|[from] ability: Snow Warning|[of] p1a: Ninetales\n|turn|1\n|\n|t:|1698248878\n|move|p2a: Shaymin|Air Slash|p1a: Ninetales\n|-damage|p1a: Ninetales|46\/100\n|-damage|p2a: Shaymin|91\/100|[from] item: Life Orb\n|move|p1a: Ninetales|Aurora Veil|p1a: Ninetales\n|-sidestart|p1: VictiniSweeper|move: Aurora Veil\n|\n|-weather|Snow|[upkeep]\n|upkeep\n|turn|2\n|\n|t:|1698248887\n|switch|p1a: Cyclizar|Cyclizar, M|100\/100\n|move|p2a: Shaymin|Seed Flare|p1a: Cyclizar|[miss]\n|-miss|p2a: Shaymin|p1a: Cyclizar\n|\n|-weather|Snow|[upkeep]\n|upkeep\n|turn|3\n|\n|t:|1698248894\n|move|p2a: Shaymin|Air Slash|p1a: Cyclizar\n|-damage|p1a: Cyclizar|67\/100\n|-damage|p2a: Shaymin|81\/100|[from] item: Life Orb\n|cant|p1a: Cyclizar|flinch\n|\n|-weather|Snow|[upkeep]\n|upkeep\n|turn|4\n|c|\u2606yomaalt|this is so sad\n|\n|t:|1698248900\n|move|p2a: Shaymin|Air Slash|p1a: Cyclizar\n|-damage|p1a: Cyclizar|35\/100\n|-damage|p2a: Shaymin|71\/100|[from] item: Life Orb\n|move|p1a: Cyclizar|Shed Tail|p1a: Cyclizar\n|-fail|p1a: Cyclizar|move: Shed Tail|[weak]\n|\n|-weather|Snow|[upkeep]\n|upkeep\n|turn|5\n|\n|t:|1698248905\n|move|p2a: Shaymin|Seed Flare|p1a: Cyclizar\n|-resisted|p1a: Cyclizar\n|-damage|p1a: Cyclizar|7\/100\n|-unboost|p1a: Cyclizar|spd|2\n|-damage|p2a: Shaymin|61\/100|[from] item: Life Orb\n|move|p1a: Cyclizar|Draco Meteor|p2a: Shaymin|[miss]\n|-miss|p1a: Cyclizar|p2a: Shaymin\n|\n|-weather|none\n|upkeep\n|turn|6\n|\n|t:|1698248920\n|switch|p1a: Dialga|Dialga-Origin|100\/100\n|-ability|p1a: Dialga|Pressure\n|move|p2a: Shaymin|Air Slash|p1a: Dialga\n|-resisted|p1a: Dialga\n|-damage|p1a: Dialga|92\/100\n|-damage|p2a: Shaymin|51\/100|[from] item: Life Orb\n|\n|upkeep\n|turn|7\n|\n|t:|1698248923\n|switch|p2a: Urshifu|Urshifu-Rapid-Strike, M|100\/100\n|move|p1a: Dialga|Draco Meteor|p2a: Urshifu\n|-damage|p2a: Urshifu|0 fnt\n|-unboost|p1a: Dialga|spa|2\n|faint|p2a: Urshifu\n|\n|upkeep\n|\n|t:|1698248934\n|switch|p2a: Zacian|Zacian|100\/100\n|-ability|p2a: Zacian|Intrepid Sword|boost\n|-boost|p2a: Zacian|atk|1\n|turn|8\n|\n|t:|1698248940\n|move|p2a: Zacian|Swords Dance|p2a: Zacian\n|-boost|p2a: Zacian|atk|2\n|move|p1a: Dialga|Roar|p2a: Zacian\n|drag|p2a: Palkia|Palkia-Origin|100\/100\n|-ability|p2a: Palkia|Pressure\n|\n|-sideend|p1: VictiniSweeper|move: Aurora Veil\n|upkeep\n|turn|9\n|\n|t:|1698248948\n|move|p2a: Palkia|Spacial Rend|p1a: Dialga\n|-damage|p1a: Dialga|45\/100\n|move|p1a: Dialga|Stealth Rock|p2a: Palkia\n|-sidestart|p2: yomaalt|move: Stealth Rock\n|\n|upkeep\n|turn|10\n|\n|t:|1698248952\n|switch|p1a: Ninetales|Ninetales-Alola, F|46\/100\n|-weather|Snow|[from] ability: Snow Warning|[of] p1a: Ninetales\n|move|p2a: Palkia|Spacial Rend|p1a: Ninetales\n|-immune|p1a: Ninetales\n|\n|-weather|Snow|[upkeep]\n|upkeep\n|turn|11\n|\n|t:|1698248956\n|move|p2a: Palkia|Hydro Pump|p1a: Ninetales\n|-damage|p1a: Ninetales|0 fnt\n|faint|p1a: Ninetales\n|\n|-weather|Snow|[upkeep]\n|upkeep\n|\n|t:|1698248959\n|switch|p1a: Cyclizar|Cyclizar, M|40\/100\n|turn|12\n|\n|t:|1698248973\n|switch|p1a: Roaring Moon|Roaring Moon|100\/100\n|-enditem|p1a: Roaring Moon|Booster Energy\n|-activate|p1a: Roaring Moon|ability: Protosynthesis|[fromitem]\n|-start|p1a: Roaring Moon|protosynthesisspe\n|move|p2a: Palkia|Spacial Rend|p1a: Roaring Moon\n|-supereffective|p1a: Roaring Moon\n|-damage|p1a: Roaring Moon|0 fnt\n|faint|p1a: Roaring Moon\n|-end|p1a: Roaring Moon|Protosynthesis|[silent]\n|\n|-weather|Snow|[upkeep]\n|upkeep\n|\n|t:|1698248981\n|switch|p1a: Cyclizar|Cyclizar, M|73\/100\n|turn|13\n|\n|t:|1698248986\n|move|p1a: Cyclizar|Draco Meteor|p2a: Palkia\n|-supereffective|p2a: Palkia\n|-damage|p2a: Palkia|33\/100\n|-unboost|p1a: Cyclizar|spa|2\n|move|p2a: Palkia|Spacial Rend|p1a: Cyclizar\n|-supereffective|p1a: Cyclizar\n|-damage|p1a: Cyclizar|0 fnt\n|faint|p1a: Cyclizar\n|\n|-weather|Snow|[upkeep]\n|upkeep\n|\n|t:|1698248992\n|switch|p1a: Manaphy|Manaphy|100\/100\n|turn|14\n|\n|t:|1698248995\n|move|p2a: Palkia|Spacial Rend|p1a: Manaphy\n|-damage|p1a: Manaphy|32\/100\n|move|p1a: Manaphy|Dazzling Gleam|p2a: Palkia\n|-supereffective|p2a: Palkia\n|-damage|p2a: Palkia|0 fnt\n|faint|p2a: Palkia\n|-damage|p1a: Manaphy|22\/100|[from] item: Life Orb\n|\n|-weather|none\n|upkeep\n|\n|t:|1698249000\n|switch|p2a: Shaymin|Shaymin-Sky|51\/100\n|-damage|p2a: Shaymin|26\/100|[from] Stealth Rock\n|turn|15\n|\n|t:|1698249006\n|switch|p1a: Dialga|Dialga-Origin|45\/100\n|-ability|p1a: Dialga|Pressure\n|move|p2a: Shaymin|Seed Flare|p1a: Dialga\n|-resisted|p1a: Dialga\n|-crit|p1a: Dialga\n|-damage|p1a: Dialga|22\/100\n|-unboost|p1a: Dialga|spd|2\n|-damage|p2a: Shaymin|16\/100|[from] item: Life Orb\n|\n|upkeep\n|turn|16\n|\n|t:|1698249011\n|move|p2a: Shaymin|Earth Power|p1a: Dialga\n|-supereffective|p1a: Dialga\n|-damage|p1a: Dialga|0 fnt\n|faint|p1a: Dialga\n|-damage|p2a: Shaymin|6\/100|[from] item: Life Orb\n|\n|upkeep\n|\n|t:|1698249014\n|switch|p1a: Volcarona|Volcarona, F|100\/100\n|turn|17\n|\n|t:|1698249022\n|move|p2a: Shaymin|Seed Flare|p1a: Volcarona\n|-resisted|p1a: Volcarona\n|-damage|p1a: Volcarona|80\/100\n|-damage|p2a: Shaymin|0 fnt|[from] item: Life Orb\n|faint|p2a: Shaymin\n|move|p1a: Volcarona|Quiver Dance|p1a: Volcarona\n|-boost|p1a: Volcarona|spa|1\n|-boost|p1a: Volcarona|spd|1\n|-boost|p1a: Volcarona|spe|1\n|\n|upkeep\n|\n|t:|1698249031\n|switch|p2a: Arceus|Arceus-Flying|100\/100\n|-damage|p2a: Arceus|76\/100|[from] Stealth Rock\n|turn|18\n|\n|t:|1698249041\n|-terastallize|p2a: Arceus|Flying\n|move|p1a: Volcarona|Fiery Dance|p2a: Arceus\n|-damage|p2a: Arceus|31\/100\n|move|p2a: Arceus|Judgment|p1a: Volcarona\n|-supereffective|p1a: Volcarona\n|-crit|p1a: Volcarona\n|-damage|p1a: Volcarona|0 fnt\n|faint|p1a: Volcarona\n|\n|upkeep\n|c|\u2606yomaalt|oh shoot i may ahve fumbled\n|c|\u2606yomaalt|aight nvm\n|\n|t:|1698249049\n|switch|p1a: Manaphy|Manaphy|22\/100\n|turn|19\n|\n|t:|1698249054\n|move|p2a: Arceus|Judgment|p1a: Manaphy\n|-damage|p1a: Manaphy|0 fnt\n|faint|p1a: Manaphy\n|\n|win|yomaalt\n|l|\u2606VictiniSweeper\n|l|\u2606yomaalt\n|j|\u2606yomaalt\n|player|p2|yomaalt|265\n","uploadtime":1698249313,"views":30,"p1id":"victinisweeper","p2id":"yomaalt","formatid":"gen9ubers","rating":0,"private":0,"password":""}