{"id":"gen9ubers-1977164540","p1":"leonissenbaum","p2":"Nitro524","format":"[Gen 9] Ubers","log":"|j|\u2606leonissenbaum\n|j|\u2606Nitro524\n|t:|1698379590\n|gametype|singles\n|player|p1|leonissenbaum|leon|\n|player|p2|Nitro524|hilbert|\n|teamsize|p1|6\n|teamsize|p2|6\n|gen|9\n|tier|[Gen 9] Ubers\n|rule|Sleep Clause Mod: Limit one foe put to sleep\n|rule|Species Clause: Limit one of each Pok\u00e9mon\n|rule|OHKO Clause: OHKO moves are banned\n|rule|Evasion Items Clause: Evasion items are banned\n|rule|Evasion Moves Clause: Evasion moves are banned\n|rule|Endless Battle Clause: Forcing endless battles is banned\n|rule|HP Percentage Mod: HP is shown in percentages\n|clearpoke\n|poke|p1|Giratina|\n|poke|p1|Gliscor, M|\n|poke|p1|Blissey, F|\n|poke|p1|Dondozo, M|\n|poke|p1|Clefable, M|\n|poke|p1|Espeon, F|\n|poke|p2|Torkoal, M|\n|poke|p2|Chi-Yu|\n|poke|p2|Cyclizar, F|\n|poke|p2|Magearna|\n|poke|p2|Roaring Moon|\n|poke|p2|Walking Wake|\n|teampreview\n|c|\u2606Nitro524|glhf\n|c|\u2606leonissenbaum|gl!\n|\n|t:|1698379611\n|start\n|switch|p1a: Gliscor|Gliscor, M|100\/100\n|switch|p2a: Chi-Yu|Chi-Yu|100\/100\n|-ability|p2a: Chi-Yu|Beads of Ruin\n|turn|1\n|\n|t:|1698379619\n|move|p1a: Gliscor|Protect|p1a: Gliscor\n|-singleturn|p1a: Gliscor|Protect\n|move|p2a: Chi-Yu|Overheat|p1a: Gliscor\n|-activate|p1a: Gliscor|move: Protect\n|\n|-status|p1a: Gliscor|tox|[from] item: Toxic Orb\n|upkeep\n|turn|2\n|\n|t:|1698379634\n|switch|p1a: Blissey|Blissey, F|100\/100\n|move|p2a: Chi-Yu|Overheat|p1a: Blissey\n|-damage|p1a: Blissey|70\/100\n|-unboost|p2a: Chi-Yu|spa|2\n|\n|-heal|p1a: Blissey|76\/100|[from] item: Leftovers\n|upkeep\n|turn|3\n|\n|t:|1698379646\n|switch|p2a: Cyclizar|Cyclizar, F|100\/100\n|move|p1a: Blissey|Stealth Rock|p2a: Cyclizar\n|-sidestart|p2: Nitro524|move: Stealth Rock\n|\n|-heal|p1a: Blissey|82\/100|[from] item: Leftovers\n|upkeep\n|turn|4\n|\n|t:|1698379654\n|switch|p1a: Giratina|Giratina, shiny|100\/100\n|-ability|p1a: Giratina|Pressure\n|move|p2a: Cyclizar|Rapid Spin|p1a: Giratina\n|-immune|p1a: Giratina\n|\n|upkeep\n|turn|5\n|\n|t:|1698379661\n|move|p2a: Cyclizar|Shed Tail|p2a: Cyclizar\n|-start|p2a: Cyclizar|Substitute|[from] move: Shed Tail\n|-damage|p2a: Cyclizar|50\/100\n|\n|t:|1698379666\n|switch|p2a: Roaring Moon|Roaring Moon|100\/100|[from] Shed Tail\n|-damage|p2a: Roaring Moon|88\/100|[from] Stealth Rock\n|-enditem|p2a: Roaring Moon|Booster Energy\n|-activate|p2a: Roaring Moon|ability: Protosynthesis|[fromitem]\n|-start|p2a: Roaring Moon|protosynthesisspe\n|move|p1a: Giratina|Roar|p2a: Roaring Moon\n|-end|p2a: Roaring Moon|Protosynthesis|[silent]\n|drag|p2a: Walking Wake|Walking Wake|100\/100\n|-damage|p2a: Walking Wake|88\/100|[from] Stealth Rock\n|\n|upkeep\n|turn|6\n|c|\u2606leonissenbaum|rip booster\n|\n|t:|1698379683\n|switch|p1a: Blissey|Blissey, F|82\/100\n|-terastallize|p2a: Walking Wake|Fairy\n|move|p2a: Walking Wake|Tera Blast|p1a: Blissey|[anim] Tera Blast Fairy\n|-damage|p1a: Blissey|65\/100\n|\n|-heal|p1a: Blissey|71\/100|[from] item: Leftovers\n|upkeep\n|turn|7\n|c|\u2606Nitro524|mega rip\n|\n|t:|1698379692\n|-end|p2a: Walking Wake|Protosynthesis|[silent]\n|switch|p2a: Cyclizar|Cyclizar, F|84\/100\n|move|p1a: Blissey|Soft-Boiled|p1a: Blissey\n|-heal|p1a: Blissey|100\/100\n|\n|upkeep\n|turn|8\n|\n|t:|1698379699\n|switch|p1a: Giratina|Giratina, shiny|100\/100\n|-ability|p1a: Giratina|Pressure\n|move|p2a: Cyclizar|Dragon Tail|p1a: Giratina|[miss]\n|-miss|p2a: Cyclizar|p1a: Giratina\n|\n|upkeep\n|turn|9\n|c|\u2606Nitro524|daaamn\n|\n|t:|1698379706\n|move|p1a: Giratina|Thunder Wave|p2a: Cyclizar\n|-status|p2a: Cyclizar|par\n|move|p2a: Cyclizar|Dragon Tail|p1a: Giratina\n|-supereffective|p1a: Giratina\n|-damage|p1a: Giratina|78\/100\n|drag|p1a: Gliscor|Gliscor, M|100\/100 tox\n|\n|upkeep\n|turn|10\n|\n|t:|1698379723\n|switch|p1a: Giratina|Giratina, shiny|78\/100\n|-ability|p1a: Giratina|Pressure\n|move|p2a: Cyclizar|Rapid Spin|p1a: Giratina\n|-immune|p1a: Giratina\n|\n|-heal|p1a: Giratina|84\/100|[from] item: Leftovers\n|upkeep\n|turn|11\n|j| Leo Justice\n|\n|t:|1698379727\n|move|p2a: Cyclizar|Taunt|p1a: Giratina\n|-start|p1a: Giratina|move: Taunt\n|cant|p1a: Giratina|move: Taunt|Roar\n|\n|-heal|p1a: Giratina|90\/100|[from] item: Leftovers\n|upkeep\n|turn|12\n|\n|t:|1698379730\n|move|p1a: Giratina|Hex|p2a: Cyclizar\n|-immune|p2a: Cyclizar\n|move|p2a: Cyclizar|Dragon Tail|p1a: Giratina\n|-supereffective|p1a: Giratina\n|-damage|p1a: Giratina|69\/100\n|drag|p1a: Blissey|Blissey, F|100\/100\n|\n|upkeep\n|turn|13\n|\n|t:|1698379739\n|switch|p1a: Giratina|Giratina, shiny|69\/100\n|-ability|p1a: Giratina|Pressure\n|move|p2a: Cyclizar|Rapid Spin|p1a: Giratina\n|-immune|p1a: Giratina\n|\n|-heal|p1a: Giratina|75\/100|[from] item: Leftovers\n|upkeep\n|turn|14\n|\n|t:|1698379742\n|cant|p2a: Cyclizar|par\n|move|p1a: Giratina|Roar|p2a: Cyclizar\n|drag|p2a: Chi-Yu|Chi-Yu|100\/100\n|-damage|p2a: Chi-Yu|76\/100|[from] Stealth Rock\n|-ability|p2a: Chi-Yu|Beads of Ruin\n|\n|-heal|p1a: Giratina|81\/100|[from] item: Leftovers\n|upkeep\n|turn|15\n|\n|t:|1698379763\n|switch|p1a: Blissey|Blissey, F|100\/100\n|move|p2a: Chi-Yu|Dark Pulse|p1a: Blissey\n|-damage|p1a: Blissey|81\/100\n|\n|-heal|p1a: Blissey|87\/100|[from] item: Leftovers\n|upkeep\n|turn|16\n|\n|t:|1698379775\n|switch|p2a: Roaring Moon|Roaring Moon|88\/100\n|-damage|p2a: Roaring Moon|76\/100|[from] Stealth Rock\n|move|p1a: Blissey|Seismic Toss|p2a: Roaring Moon\n|-damage|p2a: Roaring Moon|48\/100\n|\n|-heal|p1a: Blissey|93\/100|[from] item: Leftovers\n|upkeep\n|turn|17\n|\n|t:|1698379786\n|switch|p1a: Gliscor|Gliscor, M|100\/100 tox\n|move|p2a: Roaring Moon|Knock Off|p1a: Gliscor\n|-damage|p1a: Gliscor|56\/100 tox\n|-enditem|p1a: Gliscor|Toxic Orb|[from] move: Knock Off|[of] p2a: Roaring Moon\n|\n|-heal|p1a: Gliscor|68\/100 tox|[from] ability: Poison Heal\n|upkeep\n|turn|18\n|\n|t:|1698379796\n|-end|p2a: Roaring Moon|Protosynthesis|[silent]\n|switch|p2a: Torkoal|Torkoal, M|100\/100\n|-damage|p2a: Torkoal|76\/100|[from] Stealth Rock\n|-weather|SunnyDay|[from] ability: Drought|[of] p2a: Torkoal\n|move|p1a: Gliscor|Toxic Spikes|p2a: Torkoal\n|-sidestart|p2: Nitro524|move: Toxic Spikes\n|\n|-weather|SunnyDay|[upkeep]\n|-heal|p1a: Gliscor|80\/100 tox|[from] ability: Poison Heal\n|upkeep\n|turn|19\n|\n|t:|1698379808\n|move|p1a: Gliscor|Knock Off|p2a: Torkoal\n|-damage|p2a: Torkoal|63\/100\n|-enditem|p2a: Torkoal|Heat Rock|[from] move: Knock Off|[of] p1a: Gliscor\n|move|p2a: Torkoal|Rapid Spin|p1a: Gliscor\n|-damage|p1a: Gliscor|72\/100 tox\n|-boost|p2a: Torkoal|spe|1\n|-sideend|p2: Nitro524|Toxic Spikes|[from] move: Rapid Spin|[of] p2a: Torkoal\n|-sideend|p2: Nitro524|Stealth Rock|[from] move: Rapid Spin|[of] p2a: Torkoal\n|\n|-weather|SunnyDay|[upkeep]\n|-heal|p1a: Gliscor|84\/100 tox|[from] ability: Poison Heal\n|upkeep\n|turn|20\n|\n|t:|1698379821\n|switch|p2a: Roaring Moon|Roaring Moon|48\/100\n|-activate|p2a: Roaring Moon|ability: Protosynthesis\n|-start|p2a: Roaring Moon|protosynthesisspe\n|move|p1a: Gliscor|Toxic Spikes|p2a: Roaring Moon\n|-sidestart|p2: Nitro524|move: Toxic Spikes\n|\n|-weather|SunnyDay|[upkeep]\n|-heal|p1a: Gliscor|97\/100 tox|[from] ability: Poison Heal\n|upkeep\n|turn|21\n|\n|t:|1698379831\n|move|p2a: Roaring Moon|Dragon Dance|p2a: Roaring Moon\n|-boost|p2a: Roaring Moon|atk|1\n|-boost|p2a: Roaring Moon|spe|1\n|move|p1a: Gliscor|Toxic Spikes|p2a: Roaring Moon\n|-sidestart|p2: Nitro524|move: Toxic Spikes\n|\n|-weather|SunnyDay|[upkeep]\n|-heal|p1a: Gliscor|100\/100 tox|[from] ability: Poison Heal\n|upkeep\n|turn|22\n|\n|t:|1698379848\n|move|p2a: Roaring Moon|Dragon Dance|p2a: Roaring Moon\n|-boost|p2a: Roaring Moon|atk|1\n|-boost|p2a: Roaring Moon|spe|1\n|move|p1a: Gliscor|Spikes|p2a: Roaring Moon\n|-sidestart|p2: Nitro524|Spikes\n|\n|-weather|SunnyDay|[upkeep]\n|upkeep\n|turn|23\n|c| Leo Justice|This is kind of scary\n|c|\u2606Nitro524|welcome to the moon zone\n|\n|t:|1698379869\n|move|p2a: Roaring Moon|Dragon Dance|p2a: Roaring Moon\n|-boost|p2a: Roaring Moon|atk|1\n|-boost|p2a: Roaring Moon|spe|1\n|move|p1a: Gliscor|Spikes|p2a: Roaring Moon\n|-sidestart|p2: Nitro524|Spikes\n|\n|-weather|SunnyDay|[upkeep]\n|upkeep\n|turn|24\n|c|\u2606leonissenbaum|i believe\n|\n|t:|1698379879\n|move|p1a: Gliscor|Protect|p1a: Gliscor\n|-singleturn|p1a: Gliscor|Protect\n|move|p2a: Roaring Moon|Dragon Dance|p2a: Roaring Moon\n|-boost|p2a: Roaring Moon|atk|1\n|-boost|p2a: Roaring Moon|spe|1\n|\n|-weather|SunnyDay|[upkeep]\n|upkeep\n|turn|25\n|\n|t:|1698379885\n|switch|p1a: Dondozo|Dondozo, M|100\/100\n|move|p2a: Roaring Moon|Knock Off|p1a: Dondozo\n|-damage|p1a: Dondozo|76\/100\n|-damage|p2a: Roaring Moon|31\/100|[from] item: Rocky Helmet|[of] p1a: Dondozo\n|-enditem|p1a: Dondozo|Rocky Helmet|[from] move: Knock Off|[of] p2a: Roaring Moon\n|\n|-weather|none\n|-end|p2a: Roaring Moon|Protosynthesis\n|upkeep\n|turn|26\n|c| Leo Justice|Dondozo can handle it yeah but it gets knocked off\n|\n|t:|1698379896\n|move|p2a: Roaring Moon|Earthquake|p1a: Dondozo\n|-damage|p1a: Dondozo|60\/100\n|move|p1a: Dondozo|Body Press|p2a: Roaring Moon\n|-supereffective|p2a: Roaring Moon\n|-damage|p2a: Roaring Moon|0 fnt\n|faint|p2a: Roaring Moon\n|-end|p2a: Roaring Moon|Protosynthesis|[silent]\n|\n|upkeep\n|c|\u2606Nitro524|zamn\n|c|\u2606leonissenbaum|worth it\n|\n|t:|1698379907\n|switch|p2a: Cyclizar|Cyclizar, F|100\/100 par\n|turn|27\n|\n|t:|1698379910\n|switch|p1a: Giratina|Giratina, shiny|81\/100\n|-ability|p1a: Giratina|Pressure\n|move|p2a: Cyclizar|Dragon Tail|p1a: Giratina\n|-supereffective|p1a: Giratina\n|-damage|p1a: Giratina|56\/100\n|drag|p1a: Clefable|Clefable, M|100\/100\n|\n|upkeep\n|turn|28\n|c|\u2606Nitro524|very\n|\n|t:|1698379922\n|move|p2a: Cyclizar|Rapid Spin|p1a: Clefable\n|-damage|p1a: Clefable|81\/100\n|-boost|p2a: Cyclizar|spe|1\n|-sideend|p2: Nitro524|Spikes|[from] move: Rapid Spin|[of] p2a: Cyclizar\n|-sideend|p2: Nitro524|Toxic Spikes|[from] move: Rapid Spin|[of] p2a: Cyclizar\n|move|p1a: Clefable|Moonblast|p2a: Cyclizar\n|-supereffective|p2a: Cyclizar\n|-damage|p2a: Cyclizar|17\/100 par\n|\n|-heal|p1a: Clefable|88\/100|[from] item: Leftovers\n|upkeep\n|turn|29\n|\n|t:|1698379932\n|switch|p2a: Torkoal|Torkoal, M|63\/100\n|-weather|SunnyDay|[from] ability: Drought|[of] p2a: Torkoal\n|move|p1a: Clefable|Moonblast|p2a: Torkoal\n|-resisted|p2a: Torkoal\n|-damage|p2a: Torkoal|41\/100\n|\n|-weather|SunnyDay|[upkeep]\n|-heal|p1a: Clefable|94\/100|[from] item: Leftovers\n|upkeep\n|turn|30\n|c| Leo Justice|Not worth it\n|c|\u2606leonissenbaum|yeah, thought i wouldn't be outsped after para, should've checked\n|\n|t:|1698379947\n|move|p1a: Clefable|Wish|p1a: Clefable\n|move|p2a: Torkoal|Stealth Rock|p1a: Clefable\n|-sidestart|p1: leonissenbaum|move: Stealth Rock\n|\n|-weather|SunnyDay|[upkeep]\n|-heal|p1a: Clefable|99\/100|[from] item: Leftovers\n|upkeep\n|turn|31\n|c|\u2606Nitro524|rip\n|l| Leo Justice\n|c|\u2606Nitro524|but hey\n|j| Leo Justice\n|c|\u2606Nitro524|stallbreaking is a fun challenge\n|\n|t:|1698379985\n|switch|p2a: Magearna|Magearna|100\/100\n|move|p1a: Clefable|Calm Mind|p1a: Clefable\n|-boost|p1a: Clefable|spa|1\n|-boost|p1a: Clefable|spd|1\n|\n|-weather|SunnyDay|[upkeep]\n|-heal|p1a: Clefable|100\/100|[from] move: Wish|[wisher] Clefable\n|upkeep\n|turn|32\n|c| Leo Justice|You've got the funny fish in ur side\n|\n|t:|1698380005\n|switch|p2a: Chi-Yu|Chi-Yu|76\/100\n|-ability|p2a: Chi-Yu|Beads of Ruin\n|move|p1a: Clefable|Calm Mind|p1a: Clefable\n|-boost|p1a: Clefable|spa|1\n|-boost|p1a: Clefable|spd|1\n|\n|-weather|SunnyDay|[upkeep]\n|upkeep\n|turn|33\n|\n|t:|1698380013\n|move|p1a: Clefable|Protect|p1a: Clefable\n|-singleturn|p1a: Clefable|Protect\n|move|p2a: Chi-Yu|Flamethrower|p1a: Clefable\n|-activate|p1a: Clefable|move: Protect\n|\n|-weather|none\n|upkeep\n|turn|34\n|c|\u2606Nitro524|ur right\n|\n|t:|1698380021\n|move|p2a: Chi-Yu|Flamethrower|p1a: Clefable\n|-damage|p1a: Clefable|75\/100\n|move|p1a: Clefable|Calm Mind|p1a: Clefable\n|-boost|p1a: Clefable|spa|1\n|-boost|p1a: Clefable|spd|1\n|\n|-heal|p1a: Clefable|81\/100|[from] item: Leftovers\n|upkeep\n|turn|35\n|c| Leo Justice|This is over\n|\n|t:|1698380033\n|switch|p2a: Cyclizar|Cyclizar, F|50\/100 par\n|move|p1a: Clefable|Moonblast|p2a: Cyclizar\n|-supereffective|p2a: Cyclizar\n|-damage|p2a: Cyclizar|0 fnt\n|faint|p2a: Cyclizar\n|\n|-heal|p1a: Clefable|87\/100|[from] item: Leftovers\n|upkeep\n|c|\u2606Nitro524|now it's over\n|\n|t:|1698380042\n|switch|p2a: Torkoal|Torkoal, M|41\/100\n|-weather|SunnyDay|[from] ability: Drought|[of] p2a: Torkoal\n|turn|36\n|\n|t:|1698380046\n|move|p1a: Clefable|Moonblast|p2a: Torkoal\n|-resisted|p2a: Torkoal\n|-damage|p2a: Torkoal|0 fnt\n|faint|p2a: Torkoal\n|\n|-weather|SunnyDay|[upkeep]\n|-heal|p1a: Clefable|93\/100|[from] item: Leftovers\n|upkeep\n|\n|t:|1698380052\n|switch|p2a: Chi-Yu|Chi-Yu|76\/100\n|-ability|p2a: Chi-Yu|Beads of Ruin\n|turn|37\n|\n|t:|1698380056\n|move|p2a: Chi-Yu|Overheat|p1a: Clefable\n|-damage|p1a: Clefable|49\/100\n|-unboost|p2a: Chi-Yu|spa|2\n|move|p1a: Clefable|Moonblast|p2a: Chi-Yu\n|-damage|p2a: Chi-Yu|0 fnt\n|faint|p2a: Chi-Yu\n|\n|-weather|SunnyDay|[upkeep]\n|-heal|p1a: Clefable|55\/100|[from] item: Leftovers\n|upkeep\n|\n|t:|1698380060\n|switch|p2a: Walking Wake|Walking Wake, tera:Fairy|88\/100\n|-activate|p2a: Walking Wake|ability: Protosynthesis\n|-start|p2a: Walking Wake|protosynthesisspe\n|turn|38\n|c| Leo Justice|Sun really lacks physical attackers outside of fire Arceus and roaring moon\n|c| Leo Justice|Huh\n|c|\u2606Nitro524|yup\n|c|\u2606leonissenbaum|the entire meta does\n|\n|t:|1698380074\n|move|p2a: Walking Wake|Hydro Steam|p1a: Clefable\n|-damage|p1a: Clefable|29\/100\n|move|p1a: Clefable|Wish|p1a: Clefable\n|\n|-weather|SunnyDay|[upkeep]\n|-heal|p1a: Clefable|36\/100|[from] item: Leftovers\n|upkeep\n|turn|39\n|\n|t:|1698380077\n|move|p1a: Clefable|Protect|p1a: Clefable\n|-singleturn|p1a: Clefable|Protect\n|move|p2a: Walking Wake|Hydro Steam|p1a: Clefable\n|-activate|p1a: Clefable|move: Protect\n|\n|-weather|SunnyDay|[upkeep]\n|-heal|p1a: Clefable|86\/100|[from] move: Wish|[wisher] Clefable\n|-heal|p1a: Clefable|92\/100|[from] item: Leftovers\n|upkeep\n|turn|40\n|c| Leo Justice|Fair\n|l| Leo Justice\n|\n|t:|1698380099\n|move|p2a: Walking Wake|Hydro Steam|p1a: Clefable\n|-damage|p1a: Clefable|68\/100\n|move|p1a: Clefable|Moonblast|p2a: Walking Wake\n|-damage|p2a: Walking Wake|0 fnt\n|faint|p2a: Walking Wake\n|-end|p2a: Walking Wake|Protosynthesis|[silent]\n|\n|-weather|none\n|-heal|p1a: Clefable|74\/100|[from] item: Leftovers\n|upkeep\n|\n|t:|1698380101\n|switch|p2a: Magearna|Magearna|100\/100\n|turn|41\n|\n|t:|1698380107\n|move|p2a: Magearna|Shift Gear|p2a: Magearna\n|-boost|p2a: Magearna|spe|2\n|-boost|p2a: Magearna|atk|1\n|move|p1a: Clefable|Moonblast|p2a: Magearna\n|-resisted|p2a: Magearna\n|-damage|p2a: Magearna|67\/100\n|\n|-heal|p2a: Magearna|73\/100|[from] item: Leftovers\n|-heal|p1a: Clefable|80\/100|[from] item: Leftovers\n|upkeep\n|turn|42\n|\n|t:|1698380112\n|move|p2a: Magearna|Calm Mind|p2a: Magearna\n|-boost|p2a: Magearna|spa|1\n|-boost|p2a: Magearna|spd|1\n|move|p1a: Clefable|Moonblast|p2a: Magearna\n|-resisted|p2a: Magearna\n|-damage|p2a: Magearna|38\/100\n|\n|-heal|p2a: Magearna|44\/100|[from] item: Leftovers\n|-heal|p1a: Clefable|86\/100|[from] item: Leftovers\n|upkeep\n|turn|43\n|\n|t:|1698380119\n|move|p2a: Magearna|Calm Mind|p2a: Magearna\n|-boost|p2a: Magearna|spa|1\n|-boost|p2a: Magearna|spd|1\n|move|p1a: Clefable|Moonblast|p2a: Magearna\n|-resisted|p2a: Magearna\n|-damage|p2a: Magearna|13\/100\n|\n|-heal|p2a: Magearna|19\/100|[from] item: Leftovers\n|-heal|p1a: Clefable|92\/100|[from] item: Leftovers\n|upkeep\n|turn|44\n|\n|t:|1698380121\n|move|p2a: Magearna|Calm Mind|p2a: Magearna\n|-boost|p2a: Magearna|spa|1\n|-boost|p2a: Magearna|spd|1\n|move|p1a: Clefable|Moonblast|p2a: Magearna\n|-resisted|p2a: Magearna\n|-damage|p2a: Magearna|0 fnt\n|faint|p2a: Magearna\n|\n|win|leonissenbaum\n|c|\u2606leonissenbaum|gg\n|c|\u2606Nitro524|gg\n|j| Leo Justice\n|l| Leo Justice\n|l|\u2606Nitro524\n","uploadtime":1698380189,"views":9,"p1id":"leonissenbaum","p2id":"nitro524","formatid":"gen9ubers","rating":0,"private":0,"password":""}