{"id":"gen9ubers-1970646827","p1":"so threatening","p2":"NEdgyman","format":"[Gen 9] Ubers","log":"|j|\u2606so threatening\n|j|\u2606NEdgyman\n|t:|1697655038\n|gametype|singles\n|player|p1|so threatening|170|\n|player|p2|NEdgyman|hanbei-conquest|\n|teamsize|p1|6\n|teamsize|p2|6\n|gen|9\n|tier|[Gen 9] Ubers\n|rule|Sleep Clause Mod: Limit one foe put to sleep\n|rule|Species Clause: Limit one of each Pok\u00e9mon\n|rule|OHKO Clause: OHKO moves are banned\n|rule|Evasion Items Clause: Evasion items are banned\n|rule|Evasion Moves Clause: Evasion moves are banned\n|rule|Endless Battle Clause: Forcing endless battles is banned\n|rule|HP Percentage Mod: HP is shown in percentages\n|clearpoke\n|poke|p1|Zamazenta-*|\n|poke|p1|Alomomola, F|\n|poke|p1|Fezandipiti, M|\n|poke|p1|Wo-Chien|\n|poke|p1|Sandy Shocks|\n|poke|p1|Talonflame, M|\n|poke|p2|Annihilape, F|\n|poke|p2|Crawdaunt, M|\n|poke|p2|Glimmora, F|\n|poke|p2|Cresselia, F|\n|poke|p2|Jolteon, M|\n|poke|p2|Ribombee, M|\n|teampreview\n|c|\u2606NEdgyman|glhf\n|c|\u2606so threatening|glhf\n|c|\u2606NEdgyman|lets wait a minute for spectators\n|c|\u2606so threatening|lol u want people to watch big stall\n|c|\u2606NEdgyman|sadly\n|c|\u2606so threatening|lets start lotsa people still working\n|\n|t:|1697655135\n|start\n|switch|p1a: SANDY CROCS|Sandy Shocks|100\/100\n|switch|p2a: Jr. Crocker|Jolteon, M|100\/100\n|turn|1\n|\n|t:|1697655165\n|-end|p1a: SANDY CROCS|Protosynthesis|[silent]\n|switch|p1a: Alomomomo|Alomomola, F|100\/100\n|-terastallize|p2a: Jr. Crocker|Ice\n|move|p2a: Jr. Crocker|Tera Blast|p1a: Alomomomo|[anim] Tera Blast Ice\n|-resisted|p1a: Alomomomo\n|-damage|p1a: Alomomomo|76\/100\n|\n|upkeep\n|turn|2\n|c|\u2606NEdgyman|Battle of the Crockers\n|\n|t:|1697655186\n|switch|p1a: Dipendeez|Fezandipiti, M|100\/100\n|move|p2a: Jr. Crocker|Volt Switch|p1a: Dipendeez\n|-damage|p1a: Dipendeez|75\/100\n|\n|t:|1697655233\n|switch|p2a: Falcom Fanbase|Glimmora, F|100\/100|[from] Volt Switch\n|\n|-heal|p1a: Dipendeez|81\/100|[from] item: Black Sludge\n|upkeep\n|turn|3\n|\n|t:|1697655250\n|switch|p1a: SANDY CROCS|Sandy Shocks|100\/100\n|move|p2a: Falcom Fanbase|Toxic|p1a: SANDY CROCS\n|-status|p1a: SANDY CROCS|tox\n|\n|-damage|p1a: SANDY CROCS|94\/100 tox|[from] psn\n|upkeep\n|turn|4\n|\n|t:|1697655261\n|switch|p2a: Jr. Crocker|Jolteon, M, tera:Ice|100\/100\n|move|p1a: SANDY CROCS|Stealth Rock|p2a: Jr. Crocker\n|-sidestart|p2: NEdgyman|move: Stealth Rock\n|\n|-heal|p1a: SANDY CROCS|100\/100 tox|[from] item: Leftovers\n|-damage|p1a: SANDY CROCS|88\/100 tox|[from] psn\n|upkeep\n|turn|5\n|\n|t:|1697655274\n|-end|p1a: SANDY CROCS|Protosynthesis|[silent]\n|switch|p1a: Dipendeez|Fezandipiti, M|81\/100\n|move|p2a: Jr. Crocker|Calm Mind|p2a: Jr. Crocker\n|-boost|p2a: Jr. Crocker|spa|1\n|-boost|p2a: Jr. Crocker|spd|1\n|\n|-heal|p1a: Dipendeez|87\/100|[from] item: Black Sludge\n|upkeep\n|turn|6\n|\n|t:|1697655281\n|move|p2a: Jr. Crocker|Volt Switch|p1a: Dipendeez\n|-damage|p1a: Dipendeez|53\/100\n|\n|t:|1697655286\n|switch|p2a: Falcom Fanbase|Glimmora, F|100\/100|[from] Volt Switch\n|-damage|p2a: Falcom Fanbase|88\/100|[from] Stealth Rock\n|move|p1a: Dipendeez|Toxic|p2a: Falcom Fanbase\n|-immune|p2a: Falcom Fanbase\n|\n|-heal|p1a: Dipendeez|59\/100|[from] item: Black Sludge\n|-heal|p2a: Falcom Fanbase|94\/100|[from] item: Black Sludge\n|upkeep\n|turn|7\n|\n|t:|1697655295\n|switch|p1a: SANDY CROCS|Sandy Shocks|88\/100 tox\n|move|p2a: Falcom Fanbase|Mortal Spin|p1a: SANDY CROCS\n|-resisted|p1a: SANDY CROCS\n|-damage|p1a: SANDY CROCS|85\/100 tox\n|-sideend|p2: NEdgyman|Stealth Rock|[from] move: Mortal Spin|[of] p2a: Falcom Fanbase\n|\n|-heal|p1a: SANDY CROCS|91\/100 tox|[from] item: Leftovers\n|-heal|p2a: Falcom Fanbase|100\/100|[from] item: Black Sludge\n|-damage|p1a: SANDY CROCS|85\/100 tox|[from] psn\n|upkeep\n|turn|8\n|\n|t:|1697655311\n|switch|p2a: Jr. Crocker|Jolteon, M, tera:Ice|100\/100\n|move|p1a: SANDY CROCS|Stealth Rock|p2a: Jr. Crocker\n|-sidestart|p2: NEdgyman|move: Stealth Rock\n|\n|-heal|p1a: SANDY CROCS|91\/100 tox|[from] item: Leftovers\n|-damage|p1a: SANDY CROCS|79\/100 tox|[from] psn\n|upkeep\n|turn|9\n|\n|t:|1697655318\n|move|p2a: Jr. Crocker|Tera Blast|p1a: SANDY CROCS|[anim] Tera Blast Ice\n|-supereffective|p1a: SANDY CROCS\n|-damage|p1a: SANDY CROCS|0 fnt\n|faint|p1a: SANDY CROCS\n|-end|p1a: SANDY CROCS|Protosynthesis|[silent]\n|\n|upkeep\n|c|\u2606NEdgyman|The student beats the master\n|c|\u2606NEdgyman|we love mr crocker\n|\n|t:|1697655339\n|switch|p1a: WOAH|Wo-Chien|100\/100\n|-ability|p1a: WOAH|Tablets of Ruin\n|turn|10\n|\n|t:|1697655344\n|-terastallize|p1a: WOAH|Poison\n|move|p2a: Jr. Crocker|Volt Switch|p1a: WOAH\n|-damage|p1a: WOAH|81\/100\n|\n|t:|1697655348\n|switch|p2a: Falcom Fanbase|Glimmora, F|100\/100|[from] Volt Switch\n|-damage|p2a: Falcom Fanbase|88\/100|[from] Stealth Rock\n|move|p1a: WOAH|Leech Seed|p2a: Falcom Fanbase\n|-start|p2a: Falcom Fanbase|move: Leech Seed\n|\n|-heal|p2a: Falcom Fanbase|94\/100|[from] item: Black Sludge\n|-heal|p1a: WOAH|87\/100|[from] item: Leftovers\n|-damage|p2a: Falcom Fanbase|82\/100|[from] Leech Seed|[of] p1a: WOAH\n|-heal|p1a: WOAH|99\/100|[silent]\n|upkeep\n|turn|11\n|\n|t:|1697655356\n|move|p1a: WOAH|Protect|p1a: WOAH\n|-singleturn|p1a: WOAH|Protect\n|move|p2a: Falcom Fanbase|Mortal Spin|p1a: WOAH\n|-activate|p1a: WOAH|move: Protect\n|\n|-heal|p2a: Falcom Fanbase|88\/100|[from] item: Black Sludge\n|-heal|p1a: WOAH|100\/100|[from] item: Leftovers\n|-damage|p2a: Falcom Fanbase|76\/100|[from] Leech Seed|[of] p1a: WOAH\n|upkeep\n|turn|12\n|\n|t:|1697655373\n|move|p2a: Falcom Fanbase|Mortal Spin|p1a: WOAH\n|-resisted|p1a: WOAH\n|-damage|p1a: WOAH|98\/100\n|-status|p1a: WOAH|psn\n|-end|p2a: Falcom Fanbase|Leech Seed|[from] move: Mortal Spin|[of] p2a: Falcom Fanbase\n|-sideend|p2: NEdgyman|Stealth Rock|[from] move: Mortal Spin|[of] p2a: Falcom Fanbase\n|move|p1a: WOAH|Energy Ball|p2a: Falcom Fanbase\n|-damage|p2a: Falcom Fanbase|49\/100\n|\n|-heal|p2a: Falcom Fanbase|56\/100|[from] item: Black Sludge\n|-heal|p1a: WOAH|100\/100 psn|[from] item: Leftovers\n|-damage|p1a: WOAH|88\/100 psn|[from] psn\n|upkeep\n|turn|13\n|\n|t:|1697655382\n|move|p2a: Falcom Fanbase|Spikes|p1a: WOAH\n|-sidestart|p1: so threatening|Spikes\n|move|p1a: WOAH|Leech Seed|p2a: Falcom Fanbase\n|-start|p2a: Falcom Fanbase|move: Leech Seed\n|\n|-heal|p2a: Falcom Fanbase|62\/100|[from] item: Black Sludge\n|-heal|p1a: WOAH|94\/100 psn|[from] item: Leftovers\n|-damage|p2a: Falcom Fanbase|49\/100|[from] Leech Seed|[of] p1a: WOAH\n|-heal|p1a: WOAH|100\/100 psn|[silent]\n|-damage|p1a: WOAH|88\/100 psn|[from] psn\n|upkeep\n|turn|14\n|\n|t:|1697655387\n|move|p2a: Falcom Fanbase|Mortal Spin|p1a: WOAH\n|-resisted|p1a: WOAH\n|-damage|p1a: WOAH|86\/100 psn\n|-end|p2a: Falcom Fanbase|Leech Seed|[from] move: Mortal Spin|[of] p2a: Falcom Fanbase\n|move|p1a: WOAH|Knock Off|p2a: Falcom Fanbase\n|-damage|p2a: Falcom Fanbase|21\/100\n|-enditem|p2a: Falcom Fanbase|Black Sludge|[from] move: Knock Off|[of] p1a: WOAH\n|\n|-heal|p1a: WOAH|92\/100 psn|[from] item: Leftovers\n|-damage|p1a: WOAH|80\/100 psn|[from] psn\n|upkeep\n|turn|15\n|\n|t:|1697655441\n|switch|p2a: Jr. Crocker|Jolteon, M, tera:Ice|100\/100\n|move|p1a: WOAH|Leech Seed|p2a: Jr. Crocker\n|-start|p2a: Jr. Crocker|move: Leech Seed\n|\n|-heal|p1a: WOAH|86\/100 psn|[from] item: Leftovers\n|-damage|p2a: Jr. Crocker|88\/100|[from] Leech Seed|[of] p1a: WOAH\n|-heal|p1a: WOAH|96\/100 psn|[silent]\n|-damage|p1a: WOAH|84\/100 psn|[from] psn\n|upkeep\n|turn|16\n|\n|t:|1697655447\n|move|p2a: Jr. Crocker|Volt Switch|p1a: WOAH\n|-damage|p1a: WOAH|61\/100 psn\n|\n|t:|1697655452\n|switch|p2a: Howler Monkey|Annihilape, F, shiny|100\/100|[from] Volt Switch\n|move|p1a: WOAH|Knock Off|p2a: Howler Monkey\n|-damage|p2a: Howler Monkey|74\/100\n|-enditem|p2a: Howler Monkey|Lum Berry|[from] move: Knock Off|[of] p1a: WOAH\n|\n|-heal|p1a: WOAH|68\/100 psn|[from] item: Leftovers\n|-damage|p1a: WOAH|55\/100 psn|[from] psn\n|upkeep\n|turn|17\n|\n|t:|1697655459\n|move|p2a: Howler Monkey|Taunt|p1a: WOAH\n|-start|p1a: WOAH|move: Taunt\n|cant|p1a: WOAH|move: Taunt|Leech Seed\n|\n|-heal|p1a: WOAH|61\/100 psn|[from] item: Leftovers\n|-damage|p1a: WOAH|49\/100 psn|[from] psn\n|upkeep\n|turn|18\n|\n|t:|1697655474\n|switch|p1a: Dipendeez|Fezandipiti, M|59\/100\n|-damage|p1a: Dipendeez|47\/100|[from] Spikes\n|move|p2a: Howler Monkey|Rage Fist|p1a: Dipendeez\n|-damage|p1a: Dipendeez|0 fnt\n|faint|p1a: Dipendeez\n|\n|upkeep\n|\n|t:|1697655493\n|switch|p1a: No Ghosts?|Zamazenta-Crowned|100\/100\n|-damage|p1a: No Ghosts?|88\/100|[from] Spikes\n|-ability|p1a: No Ghosts?|Dauntless Shield|boost\n|-boost|p1a: No Ghosts?|def|1\n|turn|19\n|j| BPLD\n|\n|t:|1697655501\n|move|p1a: No Ghosts?|Iron Defense|p1a: No Ghosts?\n|-boost|p1a: No Ghosts?|def|2\n|move|p2a: Howler Monkey|Taunt|p1a: No Ghosts?\n|-start|p1a: No Ghosts?|move: Taunt\n|\n|upkeep\n|turn|20\n|\n|t:|1697655509\n|move|p1a: No Ghosts?|Heavy Slam|p2a: Howler Monkey\n|-damage|p2a: Howler Monkey|8\/100\n|move|p2a: Howler Monkey|Drain Punch|p1a: No Ghosts?\n|-supereffective|p1a: No Ghosts?\n|-damage|p1a: No Ghosts?|63\/100\n|-heal|p2a: Howler Monkey|20\/100|[from] drain|[of] p1a: No Ghosts?\n|\n|upkeep\n|turn|21\n|\n|t:|1697655536\n|switch|p2a: Falcom Fanbase|Glimmora, F|21\/100\n|move|p1a: No Ghosts?|Heavy Slam|p2a: Falcom Fanbase\n|-supereffective|p2a: Falcom Fanbase\n|-damage|p2a: Falcom Fanbase|0 fnt\n|faint|p2a: Falcom Fanbase\n|\n|upkeep\n|\n|t:|1697655540\n|switch|p2a: Nearly Witches|Cresselia, F|100\/100\n|turn|22\n|\n|t:|1697655552\n|move|p1a: No Ghosts?|Heavy Slam|p2a: Nearly Witches\n|-damage|p2a: Nearly Witches|72\/100\n|move|p2a: Nearly Witches|Calm Mind|p2a: Nearly Witches\n|-boost|p2a: Nearly Witches|spa|1\n|-boost|p2a: Nearly Witches|spd|1\n|\n|-heal|p2a: Nearly Witches|78\/100|[from] item: Leftovers\n|-end|p1a: No Ghosts?|move: Taunt\n|upkeep\n|turn|23\n|\n|t:|1697655562\n|switch|p1a: WOAH|Wo-Chien, tera:Poison|49\/100 psn\n|-damage|p1a: WOAH|37\/100 psn|[from] Spikes\n|-ability|p1a: WOAH|Tablets of Ruin\n|move|p2a: Nearly Witches|Calm Mind|p2a: Nearly Witches\n|-boost|p2a: Nearly Witches|spa|1\n|-boost|p2a: Nearly Witches|spd|1\n|\n|-heal|p1a: WOAH|43\/100 psn|[from] item: Leftovers\n|-heal|p2a: Nearly Witches|84\/100|[from] item: Leftovers\n|-damage|p1a: WOAH|31\/100 psn|[from] psn\n|upkeep\n|turn|24\n|\n|t:|1697655570\n|move|p1a: WOAH|Leech Seed|p2a: Nearly Witches\n|-start|p2a: Nearly Witches|move: Leech Seed\n|move|p2a: Nearly Witches|Moonblast|p1a: WOAH\n|-resisted|p1a: WOAH\n|-damage|p1a: WOAH|21\/100 psn\n|\n|-heal|p1a: WOAH|27\/100 psn|[from] item: Leftovers\n|-heal|p2a: Nearly Witches|90\/100|[from] item: Leftovers\n|-damage|p2a: Nearly Witches|78\/100|[from] Leech Seed|[of] p1a: WOAH\n|-heal|p1a: WOAH|42\/100 psn|[silent]\n|-damage|p1a: WOAH|30\/100 psn|[from] psn\n|upkeep\n|turn|25\n|\n|t:|1697655577\n|move|p1a: WOAH|Knock Off|p2a: Nearly Witches\n|-supereffective|p2a: Nearly Witches\n|-damage|p2a: Nearly Witches|51\/100\n|-enditem|p2a: Nearly Witches|Leftovers|[from] move: Knock Off|[of] p1a: WOAH\n|move|p2a: Nearly Witches|Moonblast|p1a: WOAH\n|-resisted|p1a: WOAH\n|-damage|p1a: WOAH|20\/100 psn\n|\n|-heal|p1a: WOAH|26\/100 psn|[from] item: Leftovers\n|-damage|p2a: Nearly Witches|38\/100|[from] Leech Seed|[of] p1a: WOAH\n|-heal|p1a: WOAH|41\/100 psn|[silent]\n|-damage|p1a: WOAH|29\/100 psn|[from] psn\n|upkeep\n|turn|26\n|\n|t:|1697655585\n|move|p1a: WOAH|Knock Off|p2a: Nearly Witches\n|-supereffective|p2a: Nearly Witches\n|-damage|p2a: Nearly Witches|21\/100\n|move|p2a: Nearly Witches|Lunar Dance|p2a: Nearly Witches\n|faint|p2a: Nearly Witches\n|\n|-heal|p1a: WOAH|35\/100 psn|[from] item: Leftovers\n|-damage|p1a: WOAH|22\/100 psn|[from] psn\n|upkeep\n|\n|t:|1697655589\n|switch|p2a: Howler Monkey|Annihilape, F, shiny|20\/100\n|-heal|p2a: Howler Monkey|100\/100|[from] move: Lunar Dance\n|turn|27\n|\n|t:|1697655601\n|move|p2a: Howler Monkey|Rage Fist|p1a: WOAH\n|-damage|p1a: WOAH|0 fnt\n|faint|p1a: WOAH\n|\n|upkeep\n|\n|t:|1697655605\n|switch|p1a: No Ghosts?|Zamazenta-Crowned|63\/100\n|-damage|p1a: No Ghosts?|51\/100|[from] Spikes\n|turn|28\n|\n|t:|1697655613\n|move|p1a: No Ghosts?|Iron Defense|p1a: No Ghosts?\n|-boost|p1a: No Ghosts?|def|2\n|move|p2a: Howler Monkey|Drain Punch|p1a: No Ghosts?\n|-supereffective|p1a: No Ghosts?\n|-damage|p1a: No Ghosts?|18\/100\n|\n|upkeep\n|turn|29\n|\n|t:|1697655620\n|move|p1a: No Ghosts?|Heavy Slam|p2a: Howler Monkey\n|-damage|p2a: Howler Monkey|43\/100\n|move|p2a: Howler Monkey|Drain Punch|p1a: No Ghosts?\n|-supereffective|p1a: No Ghosts?\n|-damage|p1a: No Ghosts?|0 fnt\n|-heal|p2a: Howler Monkey|51\/100|[from] drain|[of] p1a: No Ghosts?\n|faint|p1a: No Ghosts?\n|\n|upkeep\n|\n|t:|1697655623\n|switch|p1a: I am Speed|Talonflame, M|100\/100\n|turn|30\n|\n|t:|1697655634\n|move|p1a: I am Speed|Brave Bird|p2a: Howler Monkey\n|-supereffective|p2a: Howler Monkey\n|-damage|p2a: Howler Monkey|0 fnt\n|faint|p2a: Howler Monkey\n|-damage|p1a: I am Speed|84\/100|[from] Recoil\n|\n|upkeep\n|\n|t:|1697655645\n|switch|p2a: Jr. Crocker|Jolteon, M, tera:Ice|88\/100\n|turn|31\n|\n|t:|1697655648\n|move|p2a: Jr. Crocker|Thunderbolt|p1a: I am Speed\n|-supereffective|p1a: I am Speed\n|-damage|p1a: I am Speed|0 fnt\n|faint|p1a: I am Speed\n|\n|upkeep\n|c|\u2606so threatening|gg\n|-message|so threatening forfeited.\n|\n|win|NEdgyman\n","uploadtime":1697655658,"views":23,"p1id":"sothreatening","p2id":"nedgyman","formatid":"gen9ubers","rating":0,"private":0,"password":""}