{"id":"gen9ubers-1998842203","p1":"Meepbiscuit","p2":"Bereng0","format":"[Gen 9] Ubers","log":"|j|\u2606Meepbiscuit\n|j|\u2606Bereng0\n|inactive|Battle timer is ON: inactive players will automatically lose when time's up.\n|t:|1701001568\n|gametype|singles\n|player|p1|Meepbiscuit|dawn-gen4pt|\n|player|p2|Bereng0|2|\n|teamsize|p1|6\n|teamsize|p2|6\n|gen|9\n|tier|[Gen 9] Ubers\n|rated|Tournament battle\n|rule|Sleep Clause Mod: Limit one foe put to sleep\n|rule|Species Clause: Limit one of each Pok\u00e9mon\n|rule|OHKO Clause: OHKO moves are banned\n|rule|Evasion Items Clause: Evasion items are banned\n|rule|Evasion Moves Clause: Evasion moves are banned\n|rule|Endless Battle Clause: Forcing endless battles is banned\n|rule|HP Percentage Mod: HP is shown in percentages\n|clearpoke\n|poke|p1|Corviknight, M|\n|poke|p1|Ting-Lu|\n|poke|p1|Skeledirge, M|\n|poke|p1|Blissey, F|\n|poke|p1|Miraidon|\n|poke|p1|Gothitelle, F|\n|poke|p2|Koraidon|\n|poke|p2|Miraidon|\n|poke|p2|Kyogre|\n|poke|p2|Froslass, F|\n|poke|p2|Zacian-*|\n|poke|p2|Flutter Mane|\n|teampreview\n|j|*Lady Monita \u2746\n|\n|t:|1701001575\n|start\n|switch|p1a: Gothitelle|Gothitelle, F|100\/100\n|switch|p2a: Froslass|Froslass, F|100\/100\n|turn|1\n|\n|t:|1701001586\n|switch|p1a: Corviknight|Corviknight, M|100\/100\n|-ability|p1a: Corviknight|Pressure\n|move|p2a: Froslass|Taunt|p1a: Corviknight\n|-start|p1a: Corviknight|move: Taunt\n|\n|upkeep\n|turn|2\n|\n|t:|1701001592\n|move|p2a: Froslass|Spikes|p1a: Corviknight\n|-sidestart|p1: Meepbiscuit|Spikes\n|move|p1a: Corviknight|U-turn|p2a: Froslass\n|-resisted|p2a: Froslass\n|-crit|p2a: Froslass\n|-damage|p2a: Froslass|87\/100\n|\n|t:|1701001594\n|switch|p1a: Ting-Lu|Ting-Lu|100\/100|[from] U-turn\n|-damage|p1a: Ting-Lu|88\/100|[from] Spikes\n|-ability|p1a: Ting-Lu|Vessel of Ruin\n|\n|-heal|p1a: Ting-Lu|94\/100|[from] item: Leftovers\n|upkeep\n|turn|3\n|\n|t:|1701001599\n|move|p2a: Froslass|Taunt|p1a: Ting-Lu\n|-start|p1a: Ting-Lu|move: Taunt\n|move|p1a: Ting-Lu|Ruination|p2a: Froslass\n|-damage|p2a: Froslass|44\/100\n|-start|p1a: Ting-Lu|Disable|Ruination|[from] ability: Cursed Body|[of] p2a: Froslass\n|\n|-heal|p1a: Ting-Lu|100\/100|[from] item: Leftovers\n|upkeep\n|turn|4\n|\n|t:|1701001603\n|move|p2a: Froslass|Spikes|p1a: Ting-Lu\n|-sidestart|p1: Meepbiscuit|Spikes\n|move|p1a: Ting-Lu|Earthquake|p2a: Froslass\n|-damage|p2a: Froslass|0 fnt\n|faint|p2a: Froslass\n|\n|upkeep\n|\n|t:|1701001608\n|switch|p2a: Koraidon|Koraidon|100\/100\n|-weather|SunnyDay|[from] ability: Orichalcum Pulse|[of] p2a: Koraidon\n|-activate|p2a: Koraidon|Orichalcum Pulse|[source]\n|turn|5\n|inactive|Meepbiscuit has 120 seconds left.\n|\n|t:|1701001650\n|switch|p1a: Skeledirge|Skeledirge, M|100\/100\n|move|p2a: Koraidon|Stomping Tantrum|p1a: Skeledirge\n|-supereffective|p1a: Skeledirge\n|-damage|p1a: Skeledirge|48\/100\n|-damage|p2a: Koraidon|91\/100|[from] item: Life Orb\n|\n|-weather|SunnyDay|[upkeep]\n|upkeep\n|turn|6\n|\n|t:|1701001659\n|switch|p1a: Corviknight|Corviknight, M|100\/100\n|-ability|p1a: Corviknight|Pressure\n|move|p2a: Koraidon|Swords Dance|p2a: Koraidon\n|-boost|p2a: Koraidon|atk|2\n|\n|-weather|SunnyDay|[upkeep]\n|upkeep\n|turn|7\n|inactive|Meepbiscuit has 120 seconds left.\n|\n|t:|1701001670\n|move|p2a: Koraidon|Flame Charge|p1a: Corviknight\n|-supereffective|p1a: Corviknight\n|-damage|p1a: Corviknight|0 fnt\n|-boost|p2a: Koraidon|spe|1\n|-damage|p2a: Koraidon|74\/100|[from] item: Rocky Helmet|[of] p1a: Corviknight\n|faint|p1a: Corviknight\n|-damage|p2a: Koraidon|64\/100|[from] item: Life Orb\n|\n|-weather|SunnyDay|[upkeep]\n|upkeep\n|\n|t:|1701001691\n|switch|p1a: Miraidon|Miraidon|100\/100\n|-damage|p1a: Miraidon|84\/100|[from] Spikes\n|-fieldstart|move: Electric Terrain|[from] ability: Hadron Engine|[of] p1a: Miraidon\n|turn|8\n|\n|t:|1701001704\n|move|p1a: Miraidon|Draco Meteor|p2a: Koraidon\n|-supereffective|p2a: Koraidon\n|-damage|p2a: Koraidon|0 fnt\n|-unboost|p1a: Miraidon|spa|2\n|faint|p2a: Koraidon\n|\n|-weather|SunnyDay|[upkeep]\n|upkeep\n|\n|t:|1701001709\n|switch|p2a: Zacian|Zacian-Crowned|100\/100\n|-ability|p2a: Zacian|Intrepid Sword|boost\n|-boost|p2a: Zacian|atk|1\n|turn|9\n|\n|t:|1701001717\n|switch|p1a: Skeledirge|Skeledirge, M|48\/100\n|move|p2a: Zacian|Play Rough|p1a: Skeledirge\n|-resisted|p1a: Skeledirge\n|-damage|p1a: Skeledirge|31\/100\n|-unboost|p1a: Skeledirge|atk|1\n|\n|-weather|none\n|upkeep\n|turn|10\n|\n|t:|1701001728\n|switch|p2a: Miraidon|Miraidon|100\/100\n|-activate|p2a: Miraidon|ability: Hadron Engine\n|move|p1a: Skeledirge|Slack Off|p1a: Skeledirge\n|-heal|p1a: Skeledirge|81\/100\n|\n|upkeep\n|turn|11\n|\n|t:|1701001735\n|switch|p1a: Ting-Lu|Ting-Lu|100\/100\n|-damage|p1a: Ting-Lu|84\/100|[from] Spikes\n|-ability|p1a: Ting-Lu|Vessel of Ruin\n|move|p2a: Miraidon|Agility|p2a: Miraidon\n|-boost|p2a: Miraidon|spe|2\n|\n|-heal|p1a: Ting-Lu|90\/100|[from] item: Leftovers\n|upkeep\n|turn|12\n|\n|t:|1701001742\n|-terastallize|p2a: Miraidon|Dragon\n|move|p2a: Miraidon|Calm Mind|p2a: Miraidon\n|-boost|p2a: Miraidon|spa|1\n|-boost|p2a: Miraidon|spd|1\n|move|p1a: Ting-Lu|Spikes|p2a: Miraidon\n|-sidestart|p2: Bereng0|Spikes\n|\n|-heal|p1a: Ting-Lu|96\/100|[from] item: Leftovers\n|-fieldend|move: Electric Terrain\n|upkeep\n|turn|13\n|\n|t:|1701001747\n|move|p2a: Miraidon|Dragon Pulse|p1a: Ting-Lu\n|-damage|p1a: Ting-Lu|57\/100\n|move|p1a: Ting-Lu|Ruination|p2a: Miraidon\n|-damage|p2a: Miraidon|50\/100\n|\n|-heal|p2a: Miraidon|57\/100|[from] item: Leftovers\n|-heal|p1a: Ting-Lu|63\/100|[from] item: Leftovers\n|upkeep\n|turn|14\n|\n|t:|1701001750\n|move|p2a: Miraidon|Dragon Pulse|p1a: Ting-Lu\n|-damage|p1a: Ting-Lu|24\/100\n|move|p1a: Ting-Lu|Spikes|p2a: Miraidon\n|-sidestart|p2: Bereng0|Spikes\n|\n|-heal|p2a: Miraidon|63\/100|[from] item: Leftovers\n|-heal|p1a: Ting-Lu|30\/100|[from] item: Leftovers\n|upkeep\n|turn|15\n|\n|t:|1701001754\n|move|p1a: Ting-Lu|Protect|p1a: Ting-Lu\n|-singleturn|p1a: Ting-Lu|Protect\n|move|p2a: Miraidon|Dragon Pulse|p1a: Ting-Lu\n|-activate|p1a: Ting-Lu|move: Protect\n|\n|-heal|p2a: Miraidon|69\/100|[from] item: Leftovers\n|-heal|p1a: Ting-Lu|36\/100|[from] item: Leftovers\n|upkeep\n|turn|16\n|\n|t:|1701001766\n|-terastallize|p1a: Ting-Lu|Steel\n|move|p2a: Miraidon|Calm Mind|p2a: Miraidon\n|-boost|p2a: Miraidon|spa|1\n|-boost|p2a: Miraidon|spd|1\n|move|p1a: Ting-Lu|Earthquake|p2a: Miraidon\n|-damage|p2a: Miraidon|35\/100\n|\n|-heal|p2a: Miraidon|41\/100|[from] item: Leftovers\n|-heal|p1a: Ting-Lu|43\/100|[from] item: Leftovers\n|upkeep\n|turn|17\n|\n|t:|1701001771\n|move|p2a: Miraidon|Parabolic Charge|p1a: Ting-Lu\n|-damage|p1a: Ting-Lu|13\/100\n|-heal|p2a: Miraidon|60\/100|[from] drain|[of] p1a: Ting-Lu\n|move|p1a: Ting-Lu|Earthquake|p2a: Miraidon\n|-damage|p2a: Miraidon|30\/100\n|\n|-heal|p2a: Miraidon|36\/100|[from] item: Leftovers\n|-heal|p1a: Ting-Lu|19\/100|[from] item: Leftovers\n|upkeep\n|turn|18\n|\n|t:|1701001774\n|move|p1a: Ting-Lu|Protect|p1a: Ting-Lu\n|-singleturn|p1a: Ting-Lu|Protect\n|move|p2a: Miraidon|Parabolic Charge|p1a: Ting-Lu\n|-activate|p1a: Ting-Lu|move: Protect\n|\n|-heal|p2a: Miraidon|43\/100|[from] item: Leftovers\n|-heal|p1a: Ting-Lu|25\/100|[from] item: Leftovers\n|upkeep\n|turn|19\n|\n|t:|1701001776\n|move|p1a: Ting-Lu|Protect|p1a: Ting-Lu\n|-singleturn|p1a: Ting-Lu|Protect\n|move|p2a: Miraidon|Parabolic Charge|p1a: Ting-Lu\n|-activate|p1a: Ting-Lu|move: Protect\n|\n|-heal|p2a: Miraidon|49\/100|[from] item: Leftovers\n|-heal|p1a: Ting-Lu|32\/100|[from] item: Leftovers\n|upkeep\n|turn|20\n|\n|t:|1701001778\n|move|p2a: Miraidon|Parabolic Charge|p1a: Ting-Lu\n|-damage|p1a: Ting-Lu|0 fnt\n|-heal|p2a: Miraidon|69\/100|[from] drain|[of] p1a: Ting-Lu\n|faint|p1a: Ting-Lu\n|\n|-heal|p2a: Miraidon|75\/100|[from] item: Leftovers\n|upkeep\n|\n|t:|1701001781\n|switch|p1a: Blissey|Blissey, F|100\/100\n|turn|21\n|\n|t:|1701001785\n|move|p2a: Miraidon|Calm Mind|p2a: Miraidon\n|-boost|p2a: Miraidon|spa|1\n|-boost|p2a: Miraidon|spd|1\n|move|p1a: Blissey|Thunder Wave|p2a: Miraidon\n|-status|p2a: Miraidon|par\n|\n|-heal|p2a: Miraidon|81\/100 par|[from] item: Leftovers\n|upkeep\n|turn|22\n|\n|t:|1701001789\n|move|p2a: Miraidon|Parabolic Charge|p1a: Blissey\n|-damage|p1a: Blissey|70\/100\n|-heal|p2a: Miraidon|100\/100 par|[from] drain|[of] p1a: Blissey\n|move|p1a: Blissey|Seismic Toss|p2a: Miraidon\n|-damage|p2a: Miraidon|76\/100 par\n|\n|-heal|p2a: Miraidon|82\/100 par|[from] item: Leftovers\n|upkeep\n|turn|23\n|\n|t:|1701001794\n|move|p2a: Miraidon|Agility|p2a: Miraidon\n|-boost|p2a: Miraidon|spe|2\n|move|p1a: Blissey|Seismic Toss|p2a: Miraidon\n|-damage|p2a: Miraidon|57\/100 par\n|\n|-heal|p2a: Miraidon|63\/100 par|[from] item: Leftovers\n|upkeep\n|turn|24\n|\n|t:|1701001797\n|move|p2a: Miraidon|Agility|p2a: Miraidon\n|-boost|p2a: Miraidon|spe|2\n|move|p1a: Blissey|Seismic Toss|p2a: Miraidon\n|-damage|p2a: Miraidon|38\/100 par\n|\n|-heal|p2a: Miraidon|45\/100 par|[from] item: Leftovers\n|upkeep\n|turn|25\n|\n|t:|1701001800\n|move|p2a: Miraidon|Parabolic Charge|p1a: Blissey\n|-damage|p1a: Blissey|39\/100\n|-heal|p2a: Miraidon|70\/100 par|[from] drain|[of] p1a: Blissey\n|move|p1a: Blissey|Seismic Toss|p2a: Miraidon\n|-damage|p2a: Miraidon|45\/100 par\n|\n|-heal|p2a: Miraidon|51\/100 par|[from] item: Leftovers\n|upkeep\n|turn|26\n|\n|t:|1701001805\n|cant|p2a: Miraidon|par\n|move|p1a: Blissey|Soft-Boiled|p1a: Blissey\n|-heal|p1a: Blissey|89\/100\n|\n|-heal|p2a: Miraidon|57\/100 par|[from] item: Leftovers\n|upkeep\n|turn|27\n|\n|t:|1701001807\n|move|p2a: Miraidon|Calm Mind|p2a: Miraidon\n|-boost|p2a: Miraidon|spa|1\n|-boost|p2a: Miraidon|spd|1\n|move|p1a: Blissey|Seismic Toss|p2a: Miraidon\n|-damage|p2a: Miraidon|33\/100 par\n|\n|-heal|p2a: Miraidon|39\/100 par|[from] item: Leftovers\n|upkeep\n|turn|28\n|\n|t:|1701001809\n|cant|p2a: Miraidon|par\n|move|p1a: Blissey|Seismic Toss|p2a: Miraidon\n|-damage|p2a: Miraidon|14\/100 par\n|\n|-heal|p2a: Miraidon|20\/100 par|[from] item: Leftovers\n|upkeep\n|turn|29\n|\n|t:|1701001811\n|cant|p2a: Miraidon|par\n|move|p1a: Blissey|Seismic Toss|p2a: Miraidon\n|-damage|p2a: Miraidon|0 fnt\n|faint|p2a: Miraidon\n|\n|upkeep\n|\n|t:|1701001814\n|switch|p2a: Zacian|Zacian-Crowned|100\/100\n|-damage|p2a: Zacian|84\/100|[from] Spikes\n|turn|30\n|\n|t:|1701001819\n|switch|p2a: Flutter Mane|Flutter Mane|100\/100\n|-damage|p2a: Flutter Mane|84\/100|[from] Spikes\n|switch|p1a: Skeledirge|Skeledirge, M|81\/100\n|\n|upkeep\n|turn|31\n|\n|t:|1701001823\n|switch|p1a: Blissey|Blissey, F|89\/100\n|move|p2a: Flutter Mane|Psyshock|p1a: Blissey\n|-damage|p1a: Blissey|45\/100\n|\n|upkeep\n|turn|32\n|\n|t:|1701001853\n|move|p2a: Flutter Mane|Psyshock|p1a: Blissey\n|-damage|p1a: Blissey|0 fnt\n|faint|p1a: Blissey\n|\n|upkeep\n|\n|t:|1701001860\n|switch|p1a: Miraidon|Miraidon|84\/100\n|-damage|p1a: Miraidon|68\/100|[from] Spikes\n|-fieldstart|move: Electric Terrain|[from] ability: Hadron Engine|[of] p1a: Miraidon\n|turn|33\n|\n|t:|1701001863\n|-end|p2a: Flutter Mane|Protosynthesis|[silent]\n|switch|p2a: Zacian|Zacian-Crowned|84\/100\n|-damage|p2a: Zacian|67\/100|[from] Spikes\n|move|p1a: Miraidon|Electro Drift|p2a: Zacian\n|-crit|p2a: Zacian\n|-damage|p2a: Zacian|0 fnt\n|faint|p2a: Zacian\n|\n|upkeep\n|\n|t:|1701001868\n|switch|p2a: Kyogre|Kyogre|100\/100\n|-weather|RainDance|[from] ability: Drizzle|[of] p2a: Kyogre\n|turn|34\n|\n|t:|1701001873\n|move|p1a: Miraidon|Electro Drift|p2a: Kyogre\n|-supereffective|p2a: Kyogre\n|-damage|p2a: Kyogre|0 fnt\n|faint|p2a: Kyogre\n|\n|-weather|RainDance|[upkeep]\n|upkeep\n|\n|t:|1701001877\n|switch|p2a: Flutter Mane|Flutter Mane|84\/100\n|-damage|p2a: Flutter Mane|68\/100|[from] Spikes\n|turn|35\n|\n|t:|1701001879\n|move|p1a: Miraidon|Electro Drift|p2a: Flutter Mane\n|-crit|p2a: Flutter Mane\n|-damage|p2a: Flutter Mane|0 fnt\n|faint|p2a: Flutter Mane\n|-end|p2a: Flutter Mane|Protosynthesis|[silent]\n|\n|win|Meepbiscuit\n|n|\u2606Meepbiscuit|meepbiscuit\n|n|\u2606Bereng0|bereng0\n|n|*Lady Monita \u2746|ladymonita\n|l|*Lady Monita \u2746\n|c|\u2606Meepbiscuit|gg\n|c|\u2606Bereng0|you should ff\n|c|\u2606Meepbiscuit|what\n|c|\u2606Meepbiscuit|why\n|c|\u2606Meepbiscuit|lmfao\n|c|\u2606Bereng0|triple para\n","uploadtime":1701001897,"views":3,"p1id":"meepbiscuit","p2id":"bereng0","formatid":"gen9ubers","rating":0,"private":0,"password":""}