{"id":"gen9ubers-1982113031","p1":"Flipsidejay","p2":"abrahamrage","format":"[Gen 9] Ubers","log":"|j|\u2606Flipsidejay\n|j|\u2606abrahamrage\n|t:|1698969152\n|gametype|singles\n|player|p1|Flipsidejay|102|\n|player|p2|abrahamrage|102|\n|teamsize|p1|6\n|teamsize|p2|6\n|gen|9\n|tier|[Gen 9] Ubers\n|rule|Sleep Clause Mod: Limit one foe put to sleep\n|rule|Species Clause: Limit one of each Pok\u00e9mon\n|rule|OHKO Clause: OHKO moves are banned\n|rule|Evasion Items Clause: Evasion items are banned\n|rule|Evasion Moves Clause: Evasion moves are banned\n|rule|Endless Battle Clause: Forcing endless battles is banned\n|rule|HP Percentage Mod: HP is shown in percentages\n|clearpoke\n|poke|p1|Rillaboom, M|\n|poke|p1|Sneasler, F|\n|poke|p1|Grimmsnarl, M|\n|poke|p1|Hatterene, F|\n|poke|p1|Cyclizar, M|\n|poke|p1|Drifblim, F|\n|poke|p2|Iron Valiant|\n|poke|p2|Iron Moth|\n|poke|p2|Mew|\n|poke|p2|Ursaring, F|\n|poke|p2|Scizor, F|\n|poke|p2|Vaporeon, M|\n|teampreview\n|c|\u2606abrahamrage|gl hf\n|c|\u2606Flipsidejay|hey\n|c|\u2606Flipsidejay|gl hf\n|\n|t:|1698969232\n|start\n|switch|p1a: Grimmsnarl|Grimmsnarl, M, shiny|100\/100\n|switch|p2a: Scizor|Scizor, F|100\/100\n|turn|1\n|\n|t:|1698969248\n|move|p2a: Scizor|Bullet Punch|p1a: Grimmsnarl\n|-supereffective|p1a: Grimmsnarl\n|-crit|p1a: Grimmsnarl\n|-damage|p1a: Grimmsnarl|0 fnt\n|faint|p1a: Grimmsnarl\n|-damage|p2a: Scizor|91\/100|[from] item: Life Orb\n|\n|upkeep\n|\n|t:|1698969261\n|switch|p1a: Rillaboom|Rillaboom, M, shiny|100\/100\n|-fieldstart|move: Grassy Terrain|[from] ability: Grassy Surge|[of] p1a: Rillaboom\n|turn|2\n|j| mlenny95\n|\n|t:|1698969290\n|move|p1a: Rillaboom|U-turn|p2a: Scizor\n|-resisted|p2a: Scizor\n|-damage|p2a: Scizor|81\/100\n|\n|t:|1698969298\n|switch|p1a: Cyclizar|Cyclizar, M, shiny|100\/100|[from] U-turn\n|move|p2a: Scizor|U-turn|p1a: Cyclizar\n|-damage|p1a: Cyclizar|24\/100\n|-damage|p2a: Scizor|71\/100|[from] item: Life Orb\n|\n|t:|1698969346\n|switch|p2a: Mew|Mew|100\/100|[from] U-turn\n|\n|-heal|p1a: Cyclizar|30\/100|[from] Grassy Terrain\n|upkeep\n|turn|3\n|\n|t:|1698969367\n|move|p1a: Cyclizar|U-turn|p2a: Mew\n|-supereffective|p2a: Mew\n|-damage|p2a: Mew|77\/100\n|\n|t:|1698969371\n|switch|p1a: Drifblim|Drifblim, F, shiny|100\/100|[from] U-turn\n|-enditem|p1a: Drifblim|Grassy Seed\n|-boost|p1a: Drifblim|def|1|[from] item: Grassy Seed\n|move|p2a: Mew|Iron Defense|p2a: Mew\n|-boost|p2a: Mew|def|2\n|\n|-heal|p2a: Mew|83\/100|[from] Grassy Terrain\n|-heal|p2a: Mew|89\/100|[from] item: Leftovers\n|upkeep\n|turn|4\n|\n|t:|1698969402\n|move|p1a: Drifblim|Calm Mind|p1a: Drifblim\n|-boost|p1a: Drifblim|spa|1\n|-boost|p1a: Drifblim|spd|1\n|move|p2a: Mew|Calm Mind|p2a: Mew\n|-boost|p2a: Mew|spa|1\n|-boost|p2a: Mew|spd|1\n|\n|-heal|p2a: Mew|95\/100|[from] Grassy Terrain\n|-heal|p2a: Mew|100\/100|[from] item: Leftovers\n|upkeep\n|turn|5\n|c|\u2606abrahamrage|oh we doing it doing it huh\n|\n|t:|1698969423\n|move|p1a: Drifblim|Calm Mind|p1a: Drifblim\n|-boost|p1a: Drifblim|spa|1\n|-boost|p1a: Drifblim|spd|1\n|move|p2a: Mew|Calm Mind|p2a: Mew\n|-boost|p2a: Mew|spa|1\n|-boost|p2a: Mew|spd|1\n|\n|upkeep\n|turn|6\n|\n|t:|1698969490\n|move|p1a: Drifblim|Calm Mind|p1a: Drifblim\n|-boost|p1a: Drifblim|spa|1\n|-boost|p1a: Drifblim|spd|1\n|move|p2a: Mew|Calm Mind|p2a: Mew\n|-boost|p2a: Mew|spa|1\n|-boost|p2a: Mew|spd|1\n|\n|-fieldend|move: Grassy Terrain\n|upkeep\n|turn|7\n|\n|t:|1698969499\n|move|p1a: Drifblim|Calm Mind|p1a: Drifblim\n|-boost|p1a: Drifblim|spa|1\n|-boost|p1a: Drifblim|spd|1\n|move|p2a: Mew|Calm Mind|p2a: Mew\n|-boost|p2a: Mew|spa|1\n|-boost|p2a: Mew|spd|1\n|\n|upkeep\n|turn|8\n|\n|t:|1698969506\n|move|p1a: Drifblim|Calm Mind|p1a: Drifblim\n|-boost|p1a: Drifblim|spa|1\n|-boost|p1a: Drifblim|spd|1\n|move|p2a: Mew|Calm Mind|p2a: Mew\n|-boost|p2a: Mew|spa|1\n|-boost|p2a: Mew|spd|1\n|\n|upkeep\n|turn|9\n|\n|t:|1698969513\n|move|p1a: Drifblim|Calm Mind|p1a: Drifblim\n|-boost|p1a: Drifblim|spa|1\n|-boost|p1a: Drifblim|spd|1\n|move|p2a: Mew|Calm Mind|p2a: Mew\n|-boost|p2a: Mew|spa|1\n|-boost|p2a: Mew|spd|1\n|\n|upkeep\n|turn|10\n|c| mlenny95|hyped\n|\n|t:|1698969529\n|move|p1a: Drifblim|Stored Power|p2a: Mew\n|-resisted|p2a: Mew\n|-crit|p2a: Mew\n|-damage|p2a: Mew|0 fnt\n|faint|p2a: Mew\n|\n|upkeep\n|c|\u2606Flipsidejay|lol\n|c|\u2606abrahamrage|i suppose i deserved that crit\n|c|\u2606abrahamrage|after turn 1\n|c|\u2606Flipsidejay|it was 91-107% too\n|c|\u2606Flipsidejay|without crit\n|c|\u2606Flipsidejay|ohh wait i forgot to do your +6\n|c|\u2606Flipsidejay|idk stored power is weird that shouldnt have killed u\n|c|\u2606abrahamrage|crit ignores stat boosts\n|c|\u2606abrahamrage|i was eating that up lol\n|c|\u2606Flipsidejay|ohhh\n|c|\u2606Flipsidejay|lol\n|\n|t:|1698969668\n|switch|p2a: Scizor|Scizor, F|71\/100\n|turn|11\n|\n|t:|1698969678\n|move|p2a: Scizor|Bullet Punch|p1a: Drifblim\n|-damage|p1a: Drifblim|71\/100\n|-damage|p2a: Scizor|61\/100|[from] item: Life Orb\n|move|p1a: Drifblim|Stored Power|p2a: Scizor\n|-resisted|p2a: Scizor\n|-damage|p2a: Scizor|0 fnt\n|faint|p2a: Scizor\n|\n|upkeep\n|\n|t:|1698969691\n|switch|p2a: Iron Valiant|Iron Valiant|100\/100\n|-enditem|p2a: Iron Valiant|Booster Energy\n|-activate|p2a: Iron Valiant|ability: Quark Drive|[fromitem]\n|-start|p2a: Iron Valiant|quarkdrivespe\n|turn|12\n|\n|t:|1698969699\n|move|p1a: Drifblim|Stored Power|p2a: Iron Valiant\n|-supereffective|p2a: Iron Valiant\n|-damage|p2a: Iron Valiant|0 fnt\n|faint|p2a: Iron Valiant\n|-end|p2a: Iron Valiant|Quark Drive|[silent]\n|\n|upkeep\n|\n|t:|1698969705\n|switch|p2a: Ursaring|Ursaring, F|100\/100\n|turn|13\n|\n|t:|1698969709\n|-terastallize|p2a: Ursaring|Ghost\n|move|p1a: Drifblim|Stored Power|p2a: Ursaring\n|-damage|p2a: Ursaring|0 fnt\n|faint|p2a: Ursaring\n|\n|upkeep\n|\n|t:|1698969714\n|switch|p2a: Vaporeon|Vaporeon, M|100\/100\n|turn|14\n|\n|t:|1698969718\n|move|p1a: Drifblim|Stored Power|p2a: Vaporeon\n|-damage|p2a: Vaporeon|0 fnt\n|faint|p2a: Vaporeon\n|\n|upkeep\n|\n|t:|1698969721\n|switch|p2a: Iron Moth|Iron Moth|100\/100\n|turn|15\n|\n|t:|1698969727\n|move|p1a: Drifblim|Stored Power|p2a: Iron Moth\n|-supereffective|p2a: Iron Moth\n|-damage|p2a: Iron Moth|0 fnt\n|faint|p2a: Iron Moth\n|-end|p2a: Iron Moth|Quark Drive|[silent]\n|\n|win|Flipsidejay\n|c|\u2606abrahamrage|lmao\n|c|\u2606Flipsidejay|lol\n|c|\u2606Flipsidejay|unburden speed\n|c|\u2606abrahamrage|ya my calc said like 27-31 or something\n|c|\u2606Flipsidejay|yeah thats what i had it\n|c|\u2606Flipsidejay|showing\n|c|\u2606Flipsidejay|i was like how do i kill you\n|c|\u2606Flipsidejay|and then i hit the crit thing\n|c|\u2606Flipsidejay|and saw it\n","uploadtime":1698969771,"views":15,"p1id":"flipsidejay","p2id":"abrahamrage","formatid":"gen9ubers","rating":0,"private":0,"password":""}