{"id":"gen9ubers-1968046108","p1":"Leo Justice","p2":"ilikeeatingcrayons","format":"[Gen 9] Ubers","log":"|j|\u2606Leo Justice\n|j|\u2606ilikeeatingcrayons\n|t:|1697378393\n|gametype|singles\n|player|p1|Leo Justice|101|\n|player|p2|ilikeeatingcrayons|youngster-gen4dp|\n|teamsize|p1|6\n|teamsize|p2|6\n|gen|9\n|tier|[Gen 9] Ubers\n|rule|Sleep Clause Mod: Limit one foe put to sleep\n|rule|Species Clause: Limit one of each Pok\u00e9mon\n|rule|OHKO Clause: OHKO moves are banned\n|rule|Evasion Items Clause: Evasion items are banned\n|rule|Evasion Moves Clause: Evasion moves are banned\n|rule|Endless Battle Clause: Forcing endless battles is banned\n|rule|HP Percentage Mod: HP is shown in percentages\n|clearpoke\n|poke|p1|Tyranitar, F|\n|poke|p1|Houndstone, M|\n|poke|p1|Landorus, M|\n|poke|p1|Dialga|\n|poke|p1|Giratina|\n|poke|p1|Magearna|\n|poke|p2|Palafin, F|\n|poke|p2|Landorus, M|\n|poke|p2|Shaymin-Sky|\n|poke|p2|Magearna|\n|poke|p2|Arceus-Fire|\n|poke|p2|Zacian-*|\n|teampreview\n|inactive|Battle timer is ON: inactive players will automatically lose when time's up. (requested by ilikeeatingcrayons)\n|c|\u2606ilikeeatingcrayons|Glhf\n|\n|t:|1697378412\n|start\n|switch|p1a: Tyranitar|Tyranitar, F|100\/100\n|switch|p2a: Palafin|Palafin, F|100\/100\n|-weather|Sandstorm|[from] ability: Sand Stream|[of] p1a: Tyranitar\n|turn|1\n|\n|t:|1697378434\n|detailschange|p2a: Palafin|Palafin-Hero, F\n|switch|p2a: Magearna|Magearna|100\/100\n|switch|p1a: Giratina|Giratina|100\/100\n|-ability|p1a: Giratina|Pressure\n|\n|-weather|Sandstorm|[upkeep]\n|-damage|p1a: Giratina|94\/100|[from] Sandstorm\n|upkeep\n|turn|2\n|\n|t:|1697378444\n|switch|p1a: Dialga|Dialga|100\/100\n|-ability|p1a: Dialga|Pressure\n|move|p2a: Magearna|Thunder Wave|p1a: Dialga\n|-status|p1a: Dialga|par\n|\n|-weather|Sandstorm|[upkeep]\n|upkeep\n|turn|3\n|\n|t:|1697378450\n|move|p2a: Magearna|Spikes|p1a: Dialga\n|-sidestart|p1: Leo Justice|Spikes\n|move|p1a: Dialga|Earth Power|p2a: Magearna\n|-supereffective|p2a: Magearna\n|-crit|p2a: Magearna\n|-damage|p2a: Magearna|28\/100\n|\n|-weather|Sandstorm|[upkeep]\n|-heal|p2a: Magearna|34\/100|[from] item: Leftovers\n|upkeep\n|turn|4\n|\n|t:|1697378455\n|move|p2a: Magearna|Volt Switch|p1a: Dialga\n|-resisted|p1a: Dialga\n|-crit|p1a: Dialga\n|-damage|p1a: Dialga|88\/100 par\n|\n|t:|1697378457\n|switch|p2a: Landorus|Landorus, M|100\/100|[from] Volt Switch\n|cant|p1a: Dialga|par\n|\n|-weather|Sandstorm|[upkeep]\n|-heal|p1a: Dialga|95\/100 par|[from] item: Leftovers\n|upkeep\n|turn|5\n|\n|t:|1697378462\n|switch|p1a: Landorus|Landorus, M|100\/100\n|move|p2a: Landorus|Earth Power|p1a: Landorus\n|-immune|p1a: Landorus\n|\n|-weather|Sandstorm|[upkeep]\n|upkeep\n|turn|6\n|\n|t:|1697378473\n|switch|p2a: Magearna|Magearna|34\/100\n|move|p1a: Landorus|Stone Edge|p2a: Magearna\n|-resisted|p2a: Magearna\n|-damage|p2a: Magearna|5\/100\n|\n|-weather|Sandstorm|[upkeep]\n|-heal|p2a: Magearna|11\/100|[from] item: Leftovers\n|upkeep\n|turn|7\n|\n|t:|1697378491\n|switch|p2a: Landorus|Landorus, M|100\/100\n|move|p1a: Landorus|Stone Edge|p2a: Landorus\n|-damage|p2a: Landorus|27\/100\n|\n|-weather|Sandstorm|[upkeep]\n|upkeep\n|turn|8\n|\n|t:|1697378496\n|move|p2a: Landorus|Tera Blast|p1a: Landorus\n|-damage|p1a: Landorus|61\/100\n|move|p1a: Landorus|Stone Edge|p2a: Landorus\n|-crit|p2a: Landorus\n|-damage|p2a: Landorus|0 fnt\n|faint|p2a: Landorus\n|\n|-weather|none\n|upkeep\n|\n|t:|1697378501\n|switch|p2a: Palafin|Palafin-Hero, F|100\/100\n|-activate|p2a: Palafin|ability: Zero to Hero\n|turn|9\n|\n|t:|1697378510\n|switch|p1a: Giratina|Giratina|94\/100\n|-ability|p1a: Giratina|Pressure\n|move|p2a: Palafin|Jet Punch|p1a: Giratina\n|-resisted|p1a: Giratina\n|-damage|p1a: Giratina|84\/100\n|\n|upkeep\n|turn|10\n|\n|t:|1697378516\n|switch|p2a: Magearna|Magearna|11\/100\n|move|p1a: Giratina|Will-O-Wisp|p2a: Magearna\n|-status|p2a: Magearna|brn\n|\n|-heal|p2a: Magearna|17\/100 brn|[from] item: Leftovers\n|-damage|p2a: Magearna|11\/100 brn|[from] brn\n|upkeep\n|turn|11\n|\n|t:|1697378520\n|move|p1a: Giratina|Shadow Ball|p2a: Magearna\n|-damage|p2a: Magearna|0 fnt\n|faint|p2a: Magearna\n|\n|upkeep\n|\n|t:|1697378524\n|switch|p2a: Zacian|Zacian|100\/100\n|-ability|p2a: Zacian|Intrepid Sword|boost\n|-boost|p2a: Zacian|atk|1\n|turn|12\n|\n|t:|1697378530\n|switch|p1a: Magearna|Magearna|100\/100\n|-damage|p1a: Magearna|88\/100|[from] Spikes\n|move|p2a: Zacian|Play Rough|p1a: Magearna\n|-resisted|p1a: Magearna\n|-damage|p1a: Magearna|69\/100\n|\n|-heal|p1a: Magearna|75\/100|[from] item: Leftovers\n|upkeep\n|turn|13\n|\n|t:|1697378539\n|-terastallize|p2a: Zacian|Fire\n|move|p2a: Zacian|Tera Blast|p1a: Magearna|[anim] Tera Blast Fire\n|-supereffective|p1a: Magearna\n|-damage|p1a: Magearna|0 fnt\n|faint|p1a: Magearna\n|\n|upkeep\n|\n|t:|1697378558\n|switch|p1a: Tyranitar|Tyranitar, F|100\/100\n|-damage|p1a: Tyranitar|88\/100|[from] Spikes\n|-weather|Sandstorm|[from] ability: Sand Stream|[of] p1a: Tyranitar\n|turn|14\n|\n|t:|1697378567\n|-terastallize|p1a: Tyranitar|Ghost\n|move|p2a: Zacian|Close Combat|p1a: Tyranitar\n|-immune|p1a: Tyranitar\n|move|p1a: Tyranitar|Stone Edge|p2a: Zacian\n|-supereffective|p2a: Zacian\n|-damage|p2a: Zacian|0 fnt\n|faint|p2a: Zacian\n|\n|-weather|Sandstorm|[upkeep]\n|-damage|p1a: Tyranitar|82\/100|[from] Sandstorm\n|upkeep\n|\n|t:|1697378570\n|switch|p2a: Palafin|Palafin-Hero, F|100\/100\n|turn|15\n|\n|t:|1697378578\n|switch|p1a: Giratina|Giratina|84\/100\n|-ability|p1a: Giratina|Pressure\n|move|p2a: Palafin|Bulk Up|p2a: Palafin\n|-boost|p2a: Palafin|atk|1\n|-boost|p2a: Palafin|def|1\n|\n|-weather|Sandstorm|[upkeep]\n|-damage|p2a: Palafin|94\/100|[from] Sandstorm\n|-damage|p1a: Giratina|78\/100|[from] Sandstorm\n|-heal|p2a: Palafin|100\/100|[from] item: Leftovers\n|upkeep\n|turn|16\n|\n|t:|1697378584\n|switch|p2a: Shaymin|Shaymin-Sky|100\/100\n|move|p1a: Giratina|Will-O-Wisp|p2a: Shaymin\n|-status|p2a: Shaymin|brn\n|\n|-weather|Sandstorm|[upkeep]\n|-damage|p2a: Shaymin|94\/100 brn|[from] Sandstorm\n|-damage|p1a: Giratina|72\/100|[from] Sandstorm\n|-damage|p2a: Shaymin|88\/100 brn|[from] brn\n|upkeep\n|turn|17\n|\n|t:|1697378591\n|move|p2a: Shaymin|Substitute|p2a: Shaymin\n|-start|p2a: Shaymin|Substitute\n|-damage|p2a: Shaymin|63\/100 brn\n|move|p1a: Giratina|Shadow Ball|p2a: Shaymin\n|-end|p2a: Shaymin|Substitute\n|\n|-weather|Sandstorm|[upkeep]\n|-damage|p2a: Shaymin|57\/100 brn|[from] Sandstorm\n|-damage|p1a: Giratina|66\/100|[from] Sandstorm\n|-damage|p2a: Shaymin|51\/100 brn|[from] brn\n|upkeep\n|turn|18\n|\n|t:|1697378605\n|switch|p1a: Dialga|Dialga|95\/100 par\n|-damage|p1a: Dialga|82\/100 par|[from] Spikes\n|-ability|p1a: Dialga|Pressure\n|move|p2a: Shaymin|Air Slash|p1a: Dialga\n|-resisted|p1a: Dialga\n|-damage|p1a: Dialga|61\/100 par\n|-damage|p2a: Shaymin|41\/100 brn|[from] item: Life Orb\n|\n|-weather|Sandstorm|[upkeep]\n|-damage|p2a: Shaymin|35\/100 brn|[from] Sandstorm\n|-heal|p1a: Dialga|67\/100 par|[from] item: Leftovers\n|-damage|p2a: Shaymin|29\/100 brn|[from] brn\n|upkeep\n|turn|19\n|\n|t:|1697378626\n|switch|p2a: Palafin|Palafin-Hero, F|100\/100\n|cant|p1a: Dialga|par\n|\n|-weather|Sandstorm|[upkeep]\n|-damage|p2a: Palafin|94\/100|[from] Sandstorm\n|-heal|p2a: Palafin|100\/100|[from] item: Leftovers\n|-heal|p1a: Dialga|73\/100 par|[from] item: Leftovers\n|upkeep\n|turn|20\n|\n|t:|1697378636\n|switch|p1a: Giratina|Giratina|66\/100\n|-ability|p1a: Giratina|Pressure\n|move|p2a: Palafin|Drain Punch|p1a: Giratina\n|-immune|p1a: Giratina\n|\n|-weather|Sandstorm|[upkeep]\n|-damage|p2a: Palafin|94\/100|[from] Sandstorm\n|-damage|p1a: Giratina|60\/100|[from] Sandstorm\n|-heal|p2a: Palafin|100\/100|[from] item: Leftovers\n|upkeep\n|turn|21\n|\n|t:|1697378643\n|switch|p2a: Arceus|Arceus-Fire|100\/100\n|move|p1a: Giratina|Shadow Ball|p2a: Arceus\n|-damage|p2a: Arceus|78\/100\n|\n|-weather|none\n|upkeep\n|turn|22\n|\n|t:|1697378651\n|switch|p1a: Tyranitar|Tyranitar, F, tera:Ghost|82\/100\n|-damage|p1a: Tyranitar|70\/100|[from] Spikes\n|-weather|Sandstorm|[from] ability: Sand Stream|[of] p1a: Tyranitar\n|move|p2a: Arceus|Swords Dance|p2a: Arceus\n|-boost|p2a: Arceus|atk|2\n|\n|-weather|Sandstorm|[upkeep]\n|-damage|p2a: Arceus|72\/100|[from] Sandstorm\n|-damage|p1a: Tyranitar|63\/100|[from] Sandstorm\n|upkeep\n|turn|23\n|\n|t:|1697378662\n|move|p2a: Arceus|Flare Blitz|p1a: Tyranitar\n|-damage|p1a: Tyranitar|0 fnt\n|faint|p1a: Tyranitar\n|-damage|p2a: Arceus|50\/100|[from] Recoil\n|\n|-weather|Sandstorm|[upkeep]\n|-damage|p2a: Arceus|44\/100|[from] Sandstorm\n|upkeep\n|\n|t:|1697378676\n|switch|p1a: Landorus|Landorus, M|61\/100\n|turn|24\n|\n|t:|1697378680\n|move|p2a: Arceus|Extreme Speed|p1a: Landorus\n|-damage|p1a: Landorus|4\/100\n|move|p1a: Landorus|Earthquake|p2a: Arceus\n|-supereffective|p2a: Arceus\n|-damage|p2a: Arceus|0 fnt\n|faint|p2a: Arceus\n|\n|-weather|Sandstorm|[upkeep]\n|upkeep\n|\n|t:|1697378685\n|switch|p2a: Palafin|Palafin-Hero, F|100\/100\n|turn|25\n|\n|t:|1697378688\n|move|p1a: Landorus|Earthquake|p2a: Palafin\n|-damage|p2a: Palafin|13\/100\n|move|p2a: Palafin|Bulk Up|p2a: Palafin\n|-boost|p2a: Palafin|atk|1\n|-boost|p2a: Palafin|def|1\n|\n|-weather|Sandstorm|[upkeep]\n|-damage|p2a: Palafin|7\/100|[from] Sandstorm\n|-heal|p2a: Palafin|13\/100|[from] item: Leftovers\n|upkeep\n|turn|26\n|\n|t:|1697378693\n|move|p2a: Palafin|Jet Punch|p1a: Landorus\n|-supereffective|p1a: Landorus\n|-damage|p1a: Landorus|0 fnt\n|faint|p1a: Landorus\n|\n|-weather|Sandstorm|[upkeep]\n|-damage|p2a: Palafin|7\/100|[from] Sandstorm\n|-heal|p2a: Palafin|13\/100|[from] item: Leftovers\n|upkeep\n|\n|t:|1697378695\n|switch|p1a: Giratina|Giratina|60\/100\n|-ability|p1a: Giratina|Pressure\n|turn|27\n|\n|t:|1697378700\n|move|p2a: Palafin|Iron Head|p1a: Giratina\n|-damage|p1a: Giratina|36\/100\n|move|p1a: Giratina|Shadow Ball|p2a: Palafin\n|-crit|p2a: Palafin\n|-damage|p2a: Palafin|0 fnt\n|faint|p2a: Palafin\n|\n|-weather|Sandstorm|[upkeep]\n|-damage|p1a: Giratina|30\/100|[from] Sandstorm\n|upkeep\n|\n|t:|1697378703\n|switch|p2a: Shaymin|Shaymin-Sky|29\/100 brn\n|turn|28\n|\n|t:|1697378713\n|move|p2a: Shaymin|Air Slash|p1a: Giratina\n|-damage|p1a: Giratina|8\/100\n|-damage|p2a: Shaymin|19\/100 brn|[from] item: Life Orb\n|move|p1a: Giratina|Rest|p1a: Giratina\n|-status|p1a: Giratina|slp|[from] move: Rest\n|-heal|p1a: Giratina|100\/100 slp|[silent]\n|\n|-weather|Sandstorm|[upkeep]\n|-damage|p2a: Shaymin|13\/100 brn|[from] Sandstorm\n|-damage|p1a: Giratina|94\/100 slp|[from] Sandstorm\n|-damage|p2a: Shaymin|6\/100 brn|[from] brn\n|upkeep\n|turn|29\n|c|\u2606ilikeeatingcrayons|Gg\n|\n|t:|1697378723\n|move|p2a: Shaymin|Air Slash|p1a: Giratina\n|-damage|p1a: Giratina|75\/100 slp\n|-damage|p2a: Shaymin|0 fnt|[from] item: Life Orb\n|faint|p2a: Shaymin\n|\n|win|Leo Justice\n|c|\u2606Leo Justice|Gg\n","uploadtime":1697378731,"views":24,"p1id":"leojustice","p2id":"ilikeeatingcrayons","formatid":"gen9ubers","rating":0,"private":0,"password":""}