{"id":"gen9ubers-1981700444","p1":"Docteur Grandhomme","p2":"elrog","format":"[Gen 9] Ubers","log":"|j|\u2606Docteur Grandhomme\n|j|\u2606elrog\n|inactive|Battle timer is ON: inactive players will automatically lose when time's up.\n|t:|1698934844\n|gametype|singles\n|player|p1|Docteur Grandhomme|diantha-masters|\n|player|p2|elrog|lance|\n|teamsize|p1|6\n|teamsize|p2|6\n|gen|9\n|tier|[Gen 9] Ubers\n|rated|Tournament battle\n|rule|Sleep Clause Mod: Limit one foe put to sleep\n|rule|Species Clause: Limit one of each Pok\u00e9mon\n|rule|OHKO Clause: OHKO moves are banned\n|rule|Evasion Items Clause: Evasion items are banned\n|rule|Evasion Moves Clause: Evasion moves are banned\n|rule|Endless Battle Clause: Forcing endless battles is banned\n|rule|HP Percentage Mod: HP is shown in percentages\n|clearpoke\n|poke|p1|Koraidon|\n|poke|p1|Ting-Lu|\n|poke|p1|Arceus|\n|poke|p1|Skeledirge, M|\n|poke|p1|Great Tusk|\n|poke|p1|Zacian-*|\n|poke|p2|Ribombee, M|\n|poke|p2|Koraidon|\n|poke|p2|Arceus-Ghost|\n|poke|p2|Zacian-*|\n|poke|p2|Baxcalibur, F|\n|poke|p2|Great Tusk|\n|teampreview\n|j|*Lady Monita \u263d\n|j| BB-8-NU\n|inactive|Docteur Grandhomme also wants the timer to be on.\n|inactive|elrog also wants the timer to be on.\n|j| Shootabaga\n|c|\u2606Docteur Grandhomme|hey baby\n|inactive|Docteur Grandhomme has 120 seconds left.\n|c|\u2606elrog|its been a minute baby\n|c|\u2606Docteur Grandhomme|i hate your fucking ghost arceus\n|c|\u2606elrog|xD\n|\n|t:|1698934893\n|start\n|switch|p1a: Ting-Lu|Ting-Lu|100\/100\n|switch|p2a: Ribombee|Ribombee, M|100\/100\n|-ability|p1a: Ting-Lu|Vessel of Ruin\n|turn|1\n|c| Shootabaga|lmao what is happening\n|\n|t:|1698934900\n|move|p2a: Ribombee|Sticky Web|p1a: Ting-Lu\n|-sidestart|p1: Docteur Grandhomme|move: Sticky Web\n|move|p1a: Ting-Lu|Spikes|p2a: Ribombee\n|-sidestart|p2: elrog|Spikes\n|\n|upkeep\n|turn|2\n|\n|t:|1698934904\n|move|p2a: Ribombee|Stun Spore|p1a: Ting-Lu\n|-status|p1a: Ting-Lu|par\n|cant|p1a: Ting-Lu|par\n|\n|upkeep\n|turn|3\n|\n|t:|1698934906\n|move|p2a: Ribombee|Moonblast|p1a: Ting-Lu\n|-supereffective|p1a: Ting-Lu\n|-damage|p1a: Ting-Lu|67\/100 par\n|cant|p1a: Ting-Lu|par\n|\n|-heal|p1a: Ting-Lu|74\/100 par|[from] item: Leftovers\n|upkeep\n|turn|4\n|\n|t:|1698934909\n|move|p2a: Ribombee|Moonblast|p1a: Ting-Lu\n|-supereffective|p1a: Ting-Lu\n|-damage|p1a: Ting-Lu|37\/100 par\n|move|p1a: Ting-Lu|Spikes|p2a: Ribombee\n|-sidestart|p2: elrog|Spikes\n|\n|-heal|p1a: Ting-Lu|44\/100 par|[from] item: Leftovers\n|upkeep\n|turn|5\n|\n|t:|1698934911\n|move|p2a: Ribombee|Moonblast|p1a: Ting-Lu\n|-supereffective|p1a: Ting-Lu\n|-damage|p1a: Ting-Lu|9\/100 par\n|move|p1a: Ting-Lu|Whirlwind|p2a: Ribombee\n|drag|p2a: Baxcalibur|Baxcalibur, F|100\/100\n|-damage|p2a: Baxcalibur|84\/100|[from] Spikes\n|\n|-heal|p1a: Ting-Lu|15\/100 par|[from] item: Leftovers\n|upkeep\n|turn|6\n|\n|t:|1698934919\n|move|p2a: Baxcalibur|Swords Dance|p2a: Baxcalibur\n|-boost|p2a: Baxcalibur|atk|2\n|move|p1a: Ting-Lu|Whirlwind|p2a: Baxcalibur\n|drag|p2a: Ribombee|Ribombee, M|100\/100\n|-damage|p2a: Ribombee|84\/100|[from] Spikes\n|\n|-heal|p1a: Ting-Lu|21\/100 par|[from] item: Leftovers\n|upkeep\n|turn|7\n|\n|t:|1698934924\n|move|p2a: Ribombee|Moonblast|p1a: Ting-Lu\n|-supereffective|p1a: Ting-Lu\n|-damage|p1a: Ting-Lu|0 fnt\n|faint|p1a: Ting-Lu\n|\n|upkeep\n|\n|t:|1698934926\n|switch|p1a: Skeledirge|Skeledirge, M|100\/100\n|turn|8\n|\n|t:|1698934933\n|move|p2a: Ribombee|Stun Spore|p1a: Skeledirge|[miss]\n|-miss|p2a: Ribombee|p1a: Skeledirge\n|move|p1a: Skeledirge|Torch Song|p2a: Ribombee\n|-supereffective|p2a: Ribombee\n|-damage|p2a: Ribombee|0 fnt\n|-boost|p1a: Skeledirge|spa|1\n|faint|p2a: Ribombee\n|\n|upkeep\n|\n|t:|1698934941\n|switch|p2a: Baxcalibur|Baxcalibur, F|84\/100\n|-damage|p2a: Baxcalibur|68\/100|[from] Spikes\n|turn|9\n|j| ElliottTJX\n|\n|t:|1698934951\n|move|p2a: Baxcalibur|Earthquake|p1a: Skeledirge\n|-supereffective|p1a: Skeledirge\n|-damage|p1a: Skeledirge|58\/100\n|move|p1a: Skeledirge|Torch Song|p2a: Baxcalibur\n|-damage|p2a: Baxcalibur|24\/100\n|-boost|p1a: Skeledirge|spa|1\n|-ability|p2a: Baxcalibur|Thermal Exchange|boost\n|-boost|p2a: Baxcalibur|atk|1\n|\n|upkeep\n|turn|10\n|\n|t:|1698934956\n|move|p2a: Baxcalibur|Scale Shot|p1a: Skeledirge\n|-damage|p1a: Skeledirge|50\/100\n|-damage|p1a: Skeledirge|41\/100\n|-damage|p1a: Skeledirge|33\/100\n|-damage|p1a: Skeledirge|25\/100\n|-hitcount|p1a: Skeledirge|4\n|-unboost|p2a: Baxcalibur|def|1\n|-boost|p2a: Baxcalibur|spe|1\n|move|p1a: Skeledirge|Slack Off|p1a: Skeledirge\n|-heal|p1a: Skeledirge|75\/100\n|\n|upkeep\n|turn|11\n|\n|t:|1698934962\n|move|p2a: Baxcalibur|Earthquake|p1a: Skeledirge\n|-supereffective|p1a: Skeledirge\n|-damage|p1a: Skeledirge|33\/100\n|move|p1a: Skeledirge|Slack Off|p1a: Skeledirge\n|-heal|p1a: Skeledirge|83\/100\n|\n|upkeep\n|turn|12\n|\n|t:|1698934966\n|move|p2a: Baxcalibur|Earthquake|p1a: Skeledirge\n|-supereffective|p1a: Skeledirge\n|-damage|p1a: Skeledirge|38\/100\n|move|p1a: Skeledirge|Torch Song|p2a: Baxcalibur\n|-crit|p2a: Baxcalibur\n|-damage|p2a: Baxcalibur|0 fnt\n|-boost|p1a: Skeledirge|spa|1\n|faint|p2a: Baxcalibur\n|\n|upkeep\n|\n|t:|1698934969\n|switch|p2a: Arceus|Arceus-Ghost|100\/100\n|-damage|p2a: Arceus|84\/100|[from] Spikes\n|turn|13\n|l| ElliottTJX\n|\n|t:|1698934974\n|move|p2a: Arceus|Judgment|p1a: Skeledirge\n|-supereffective|p1a: Skeledirge\n|-damage|p1a: Skeledirge|0 fnt\n|faint|p1a: Skeledirge\n|\n|upkeep\n|\n|t:|1698934979\n|switch|p1a: Arceus|Arceus|100\/100\n|-activate|p1a: Arceus|move: Sticky Web\n|-unboost|p1a: Arceus|spe|1\n|turn|14\n|\n|t:|1698934983\n|move|p2a: Arceus|Taunt|p1a: Arceus\n|-start|p1a: Arceus|move: Taunt\n|cant|p1a: Arceus|move: Taunt|Swords Dance\n|\n|upkeep\n|turn|15\n|\n|t:|1698934987\n|move|p2a: Arceus|Will-O-Wisp|p1a: Arceus\n|-status|p1a: Arceus|brn\n|move|p1a: Arceus|Shadow Claw|p2a: Arceus\n|-supereffective|p2a: Arceus\n|-damage|p2a: Arceus|68\/100\n|-damage|p1a: Arceus|91\/100 brn|[from] item: Life Orb\n|\n|-damage|p1a: Arceus|85\/100 brn|[from] brn\n|upkeep\n|turn|16\n|\n|t:|1698934992\n|move|p2a: Arceus|Recover|p2a: Arceus\n|-heal|p2a: Arceus|100\/100\n|move|p1a: Arceus|Shadow Claw|p2a: Arceus\n|-supereffective|p2a: Arceus\n|-damage|p2a: Arceus|81\/100\n|-damage|p1a: Arceus|75\/100 brn|[from] item: Life Orb\n|\n|-damage|p1a: Arceus|69\/100 brn|[from] brn\n|-end|p1a: Arceus|move: Taunt\n|upkeep\n|turn|17\n|\n|t:|1698934996\n|move|p2a: Arceus|Taunt|p1a: Arceus\n|-start|p1a: Arceus|move: Taunt\n|move|p1a: Arceus|Shadow Claw|p2a: Arceus\n|-supereffective|p2a: Arceus\n|-damage|p2a: Arceus|62\/100\n|-damage|p1a: Arceus|59\/100 brn|[from] item: Life Orb\n|\n|-damage|p1a: Arceus|53\/100 brn|[from] brn\n|upkeep\n|turn|18\n|\n|t:|1698934999\n|switch|p2a: Great Tusk|Great Tusk|100\/100\n|-damage|p2a: Great Tusk|84\/100|[from] Spikes\n|move|p1a: Arceus|Shadow Claw|p2a: Great Tusk\n|-damage|p2a: Great Tusk|72\/100\n|-damage|p1a: Arceus|43\/100 brn|[from] item: Life Orb\n|\n|-damage|p1a: Arceus|37\/100 brn|[from] brn\n|upkeep\n|turn|19\n|\n|t:|1698935005\n|move|p1a: Arceus|Extreme Speed|p2a: Great Tusk\n|-damage|p2a: Great Tusk|50\/100\n|-damage|p1a: Arceus|27\/100 brn|[from] item: Life Orb\n|move|p2a: Great Tusk|Rapid Spin|p1a: Arceus\n|-damage|p1a: Arceus|15\/100 brn\n|-boost|p2a: Great Tusk|spe|1\n|-sideend|p2: elrog|Spikes|[from] move: Rapid Spin|[of] p2a: Great Tusk\n|\n|-damage|p1a: Arceus|9\/100 brn|[from] brn\n|-end|p1a: Arceus|move: Taunt\n|upkeep\n|turn|20\n|j| zlkkk\n|\n|t:|1698935012\n|-end|p2a: Great Tusk|Protosynthesis|[silent]\n|switch|p2a: Arceus|Arceus-Ghost|62\/100\n|move|p1a: Arceus|Extreme Speed|p2a: Arceus\n|-immune|p2a: Arceus\n|\n|-damage|p1a: Arceus|3\/100 brn|[from] brn\n|upkeep\n|turn|21\n|\n|t:|1698935016\n|move|p2a: Arceus|Recover|p2a: Arceus\n|-heal|p2a: Arceus|100\/100\n|move|p1a: Arceus|Recover|p1a: Arceus\n|-heal|p1a: Arceus|53\/100 brn\n|\n|-damage|p1a: Arceus|47\/100 brn|[from] brn\n|upkeep\n|turn|22\n|\n|t:|1698935020\n|move|p2a: Arceus|Taunt|p1a: Arceus\n|-start|p1a: Arceus|move: Taunt\n|move|p1a: Arceus|Shadow Claw|p2a: Arceus\n|-supereffective|p2a: Arceus\n|-damage|p2a: Arceus|84\/100\n|-damage|p1a: Arceus|37\/100 brn|[from] item: Life Orb\n|\n|-damage|p1a: Arceus|31\/100 brn|[from] brn\n|upkeep\n|turn|23\n|\n|t:|1698935024\n|switch|p2a: Zacian|Zacian-Crowned|100\/100\n|-ability|p2a: Zacian|Intrepid Sword|boost\n|-boost|p2a: Zacian|atk|1\n|move|p1a: Arceus|Shadow Claw|p2a: Zacian\n|-damage|p2a: Zacian|86\/100\n|-damage|p1a: Arceus|21\/100 brn|[from] item: Life Orb\n|\n|-damage|p1a: Arceus|15\/100 brn|[from] brn\n|upkeep\n|turn|24\n|\n|t:|1698935030\n|move|p1a: Arceus|Extreme Speed|p2a: Zacian\n|-resisted|p2a: Zacian\n|-crit|p2a: Zacian\n|-damage|p2a: Zacian|65\/100\n|-damage|p1a: Arceus|5\/100 brn|[from] item: Life Orb\n|move|p2a: Zacian|Swords Dance|p2a: Zacian\n|-boost|p2a: Zacian|atk|2\n|\n|-damage|p1a: Arceus|0 fnt|[from] brn\n|faint|p1a: Arceus\n|upkeep\n|\n|t:|1698935035\n|switch|p1a: Great Tusk|Great Tusk|100\/100\n|turn|25\n|\n|t:|1698935040\n|switch|p2a: Arceus|Arceus-Ghost|84\/100\n|-terastallize|p1a: Great Tusk|Fire\n|move|p1a: Great Tusk|Rapid Spin|p2a: Arceus\n|-immune|p2a: Arceus\n|\n|upkeep\n|turn|26\n|\n|t:|1698935045\n|move|p2a: Arceus|Judgment|p1a: Great Tusk\n|-damage|p1a: Great Tusk|36\/100\n|move|p1a: Great Tusk|Earthquake|p2a: Arceus\n|-damage|p2a: Arceus|59\/100\n|\n|upkeep\n|turn|27\n|\n|t:|1698935049\n|move|p2a: Arceus|Recover|p2a: Arceus\n|-heal|p2a: Arceus|100\/100\n|move|p1a: Great Tusk|Earthquake|p2a: Arceus\n|-damage|p2a: Arceus|75\/100\n|\n|upkeep\n|turn|28\n|\n|t:|1698935052\n|-end|p1a: Great Tusk|Protosynthesis|[silent]\n|switch|p1a: Koraidon|Koraidon|100\/100\n|-activate|p1a: Koraidon|move: Sticky Web\n|-unboost|p1a: Koraidon|spe|1\n|-weather|SunnyDay|[from] ability: Orichalcum Pulse|[of] p1a: Koraidon\n|-activate|p1a: Koraidon|Orichalcum Pulse|[source]\n|move|p2a: Arceus|Judgment|p1a: Koraidon\n|-damage|p1a: Koraidon|55\/100\n|\n|-weather|SunnyDay|[upkeep]\n|upkeep\n|turn|29\n|\n|t:|1698935056\n|move|p1a: Koraidon|Flare Blitz|p2a: Arceus\n|-damage|p2a: Arceus|31\/100\n|-damage|p1a: Koraidon|37\/100|[from] Recoil\n|move|p2a: Arceus|Will-O-Wisp|p1a: Koraidon\n|-status|p1a: Koraidon|brn\n|\n|-weather|SunnyDay|[upkeep]\n|-damage|p1a: Koraidon|30\/100 brn|[from] brn\n|upkeep\n|turn|30\n|\n|t:|1698935059\n|switch|p2a: Great Tusk|Great Tusk|50\/100\n|-activate|p2a: Great Tusk|ability: Protosynthesis\n|-start|p2a: Great Tusk|protosynthesisatk\n|move|p1a: Koraidon|Flare Blitz|p2a: Great Tusk\n|-damage|p2a: Great Tusk|18\/100\n|-damage|p1a: Koraidon|19\/100 brn|[from] Recoil\n|\n|-weather|SunnyDay|[upkeep]\n|-damage|p1a: Koraidon|13\/100 brn|[from] brn\n|upkeep\n|turn|31\n|\n|t:|1698935066\n|move|p2a: Great Tusk|Headlong Rush|p1a: Koraidon\n|-damage|p1a: Koraidon|0 fnt\n|-unboost|p2a: Great Tusk|def|1\n|-unboost|p2a: Great Tusk|spd|1\n|faint|p1a: Koraidon\n|\n|-weather|SunnyDay|[upkeep]\n|upkeep\n|c|\u2606elrog|gg\n|\n|t:|1698935072\n|switch|p1a: Great Tusk|Great Tusk, tera:Fire|36\/100\n|-activate|p1a: Great Tusk|ability: Protosynthesis\n|-start|p1a: Great Tusk|protosynthesisatk\n|turn|32\n|\n|t:|1698935075\n|move|p2a: Great Tusk|Headlong Rush|p1a: Great Tusk\n|-supereffective|p1a: Great Tusk\n|-damage|p1a: Great Tusk|0 fnt\n|-unboost|p2a: Great Tusk|def|1\n|-unboost|p2a: Great Tusk|spd|1\n|faint|p1a: Great Tusk\n|-end|p1a: Great Tusk|Protosynthesis|[silent]\n|\n|-weather|none\n|-end|p2a: Great Tusk|Protosynthesis\n|upkeep\n|\n|t:|1698935077\n|switch|p1a: Zacian|Zacian-Crowned|100\/100\n|-activate|p1a: Zacian|move: Sticky Web\n|-unboost|p1a: Zacian|spe|1\n|-ability|p1a: Zacian|Intrepid Sword|boost\n|-boost|p1a: Zacian|atk|1\n|turn|33\n|\n|t:|1698935081\n|-terastallize|p2a: Great Tusk|Ground\n|move|p2a: Great Tusk|Headlong Rush|p1a: Zacian\n|-supereffective|p1a: Zacian\n|-damage|p1a: Zacian|0 fnt\n|-unboost|p2a: Great Tusk|def|1\n|-unboost|p2a: Great Tusk|spd|1\n|faint|p1a: Zacian\n|\n|win|elrog\n|n|\u2606Docteur Grandhomme|docteurgrandhomme\n|n|\u2606elrog|elrog\n|n|*Lady Monita \u263d|ladymonita\n|n| BB-8-NU|bb8nu\n|n| Shootabaga|shootabaga\n|n| zlkkk|zlkkk\n","uploadtime":1698935085,"views":10,"p1id":"docteurgrandhomme","p2id":"elrog","formatid":"gen9ubers","rating":0,"private":0,"password":""}