{"id":"gen9ubers-1997712326","p1":"Reposti","p2":"MayatazKJ","format":"[Gen 9] Ubers","log":"|j|\u2606Reposti\n|j|\u2606MayatazKJ\n|t:|1700844595\n|gametype|singles\n|player|p1|Reposti|gentleman-gen4dp|\n|player|p2|MayatazKJ|2|\n|teamsize|p1|6\n|teamsize|p2|6\n|gen|9\n|tier|[Gen 9] Ubers\n|rule|Sleep Clause Mod: Limit one foe put to sleep\n|rule|Species Clause: Limit one of each Pok\u00e9mon\n|rule|OHKO Clause: OHKO moves are banned\n|rule|Evasion Items Clause: Evasion items are banned\n|rule|Evasion Moves Clause: Evasion moves are banned\n|rule|Endless Battle Clause: Forcing endless battles is banned\n|rule|HP Percentage Mod: HP is shown in percentages\n|clearpoke\n|poke|p1|Magearna|\n|poke|p1|Ursaluna, F|\n|poke|p1|Rillaboom, F|\n|poke|p1|Sneasler, M|\n|poke|p1|Arceus-Poison|\n|poke|p1|Volcanion|\n|poke|p2|Arceus-Ice|\n|poke|p2|Slowking-Galar, F|\n|poke|p2|Magearna|\n|poke|p2|Espathra, F|\n|poke|p2|Baxcalibur, F|\n|poke|p2|Cyclizar, F|\n|teampreview\n|\n|t:|1700844626\n|start\n|switch|p1a: Londoner|Sneasler, M|100\/100\n|switch|p2a: Cyclizar|Cyclizar, F|100\/100\n|turn|1\n|\n|t:|1700844635\n|move|p2a: Cyclizar|Shed Tail|p2a: Cyclizar\n|-start|p2a: Cyclizar|Substitute|[from] move: Shed Tail\n|-damage|p2a: Cyclizar|50\/100\n|-enditem|p2a: Cyclizar|Sitrus Berry|[eat]\n|-heal|p2a: Cyclizar|75\/100|[from] item: Sitrus Berry\n|\n|t:|1700844640\n|switch|p2a: Espathra|Espathra, F|100\/100|[from] Shed Tail\n|move|p1a: Londoner|Dire Claw|p2a: Espathra\n|-end|p2a: Espathra|Substitute\n|\n|upkeep\n|turn|2\n|\n|t:|1700844648\n|switch|p1a: Industrial Rev|Volcanion|100\/100\n|move|p2a: Espathra|Calm Mind|p2a: Espathra\n|-boost|p2a: Espathra|spa|1\n|-boost|p2a: Espathra|spd|1\n|\n|-ability|p2a: Espathra|Speed Boost|boost\n|-boost|p2a: Espathra|spe|1\n|upkeep\n|turn|3\n|\n|t:|1700844657\n|move|p2a: Espathra|Calm Mind|p2a: Espathra\n|-boost|p2a: Espathra|spa|1\n|-boost|p2a: Espathra|spd|1\n|move|p1a: Industrial Rev|Haze|p1a: Industrial Rev\n|-clearallboost\n|\n|-ability|p2a: Espathra|Speed Boost|boost\n|-boost|p2a: Espathra|spe|1\n|upkeep\n|turn|4\n|\n|t:|1700844668\n|switch|p2a: Slowking|Slowking-Galar, F|100\/100\n|move|p1a: Industrial Rev|Flamethrower|p2a: Slowking\n|-damage|p2a: Slowking|71\/100\n|\n|upkeep\n|turn|5\n|\n|t:|1700844675\n|switch|p1a: Literal Bot|Magearna|100\/100\n|move|p2a: Slowking|Chilly Reception|p2a: Slowking\n|-weather|Snow\n|\n|t:|1700844687\n|switch|p2a: Magearna|Magearna|100\/100|[from] Chilly Reception\n|-item|p2a: Magearna|Air Balloon\n|\n|-weather|Snow|[upkeep]\n|upkeep\n|turn|6\n|\n|t:|1700844693\n|move|p2a: Magearna|Calm Mind|p2a: Magearna\n|-boost|p2a: Magearna|spa|1\n|-boost|p2a: Magearna|spd|1\n|move|p1a: Literal Bot|Thunder Wave|p2a: Magearna\n|-status|p2a: Magearna|par\n|\n|-weather|Snow|[upkeep]\n|upkeep\n|turn|7\n|\n|t:|1700844705\n|move|p1a: Literal Bot|Spikes|p2a: Magearna\n|-sidestart|p2: MayatazKJ|Spikes\n|move|p2a: Magearna|Flash Cannon|p1a: Literal Bot\n|-damage|p1a: Literal Bot|60\/100\n|-unboost|p1a: Literal Bot|spd|1\n|-enditem|p1a: Literal Bot|Eject Pack\n|\n|t:|1700844711\n|switch|p1a: Freddy|Ursaluna, F|100\/100\n|\n|-weather|Snow|[upkeep]\n|-status|p1a: Freddy|brn|[from] item: Flame Orb\n|upkeep\n|turn|8\n|\n|t:|1700844718\n|move|p1a: Freddy|Headlong Rush|p2a: Magearna\n|-immune|p2a: Magearna\n|move|p2a: Magearna|Flash Cannon|p1a: Freddy\n|-damage|p1a: Freddy|37\/100 brn\n|\n|-weather|Snow|[upkeep]\n|-damage|p1a: Freddy|31\/100 brn|[from] brn\n|upkeep\n|turn|9\n|\n|t:|1700844726\n|move|p1a: Freddy|Drain Punch|p2a: Magearna\n|-damage|p2a: Magearna|58\/100 par\n|-heal|p1a: Freddy|45\/100 brn|[from] drain|[of] p2a: Magearna\n|-enditem|p2a: Magearna|Air Balloon\n|move|p2a: Magearna|Flash Cannon|p1a: Freddy\n|-damage|p1a: Freddy|0 fnt\n|faint|p1a: Freddy\n|-ability|p2a: Magearna|Soul-Heart|boost\n|-boost|p2a: Magearna|spa|1\n|\n|-weather|none\n|upkeep\n|\n|t:|1700844739\n|switch|p1a: Big G?|Arceus-Poison|100\/100\n|turn|10\n|\n|t:|1700844758\n|switch|p2a: Espathra|Espathra, F|100\/100\n|-damage|p2a: Espathra|88\/100|[from] Spikes\n|move|p1a: Big G?|Cosmic Power|p1a: Big G?\n|-boost|p1a: Big G?|def|1\n|-boost|p1a: Big G?|spd|1\n|\n|-heal|p2a: Espathra|94\/100|[from] item: Leftovers\n|upkeep\n|turn|11\n|\n|t:|1700844768\n|move|p1a: Big G?|Body Press|p2a: Espathra\n|-resisted|p2a: Espathra\n|-damage|p2a: Espathra|75\/100\n|move|p2a: Espathra|Calm Mind|p2a: Espathra\n|-boost|p2a: Espathra|spa|1\n|-boost|p2a: Espathra|spd|1\n|\n|-heal|p2a: Espathra|81\/100|[from] item: Leftovers\n|-ability|p2a: Espathra|Speed Boost|boost\n|-boost|p2a: Espathra|spe|1\n|upkeep\n|turn|12\n|\n|t:|1700844779\n|switch|p1a: Industrial Rev|Volcanion|100\/100\n|move|p2a: Espathra|Calm Mind|p2a: Espathra\n|-boost|p2a: Espathra|spa|1\n|-boost|p2a: Espathra|spd|1\n|\n|-heal|p2a: Espathra|87\/100|[from] item: Leftovers\n|-ability|p2a: Espathra|Speed Boost|boost\n|-boost|p2a: Espathra|spe|1\n|upkeep\n|turn|13\n|\n|t:|1700844788\n|move|p2a: Espathra|Stored Power|p1a: Industrial Rev\n|-damage|p1a: Industrial Rev|7\/100\n|move|p1a: Industrial Rev|Haze|p1a: Industrial Rev\n|-clearallboost\n|\n|-heal|p2a: Espathra|93\/100|[from] item: Leftovers\n|-heal|p1a: Industrial Rev|13\/100|[from] item: Leftovers\n|-ability|p2a: Espathra|Speed Boost|boost\n|-boost|p2a: Espathra|spe|1\n|upkeep\n|turn|14\n|\n|t:|1700844799\n|move|p2a: Espathra|Calm Mind|p2a: Espathra\n|-boost|p2a: Espathra|spa|1\n|-boost|p2a: Espathra|spd|1\n|move|p1a: Industrial Rev|Flamethrower|p2a: Espathra\n|-damage|p2a: Espathra|44\/100\n|\n|-heal|p2a: Espathra|50\/100|[from] item: Leftovers\n|-heal|p1a: Industrial Rev|19\/100|[from] item: Leftovers\n|-ability|p2a: Espathra|Speed Boost|boost\n|-boost|p2a: Espathra|spe|1\n|upkeep\n|turn|15\n|\n|t:|1700844810\n|move|p2a: Espathra|Stored Power|p1a: Industrial Rev\n|-damage|p1a: Industrial Rev|0 fnt\n|faint|p1a: Industrial Rev\n|\n|-heal|p2a: Espathra|56\/100|[from] item: Leftovers\n|-ability|p2a: Espathra|Speed Boost|boost\n|-boost|p2a: Espathra|spe|1\n|upkeep\n|\n|t:|1700844818\n|switch|p1a: Drum Solo|Rillaboom, F|100\/100\n|-fieldstart|move: Grassy Terrain|[from] ability: Grassy Surge|[of] p1a: Drum Solo\n|turn|16\n|\n|t:|1700844827\n|move|p1a: Drum Solo|Grassy Glide|p2a: Espathra\n|-damage|p2a: Espathra|23\/100\n|move|p2a: Espathra|Stored Power|p1a: Drum Solo\n|-damage|p1a: Drum Solo|44\/100\n|\n|-heal|p2a: Espathra|29\/100|[from] Grassy Terrain\n|-heal|p2a: Espathra|35\/100|[from] item: Leftovers\n|-heal|p1a: Drum Solo|50\/100|[from] Grassy Terrain\n|-ability|p2a: Espathra|Speed Boost|boost\n|-boost|p2a: Espathra|spe|1\n|upkeep\n|turn|17\n|\n|t:|1700844839\n|-terastallize|p1a: Drum Solo|Grass\n|move|p1a: Drum Solo|Grassy Glide|p2a: Espathra\n|-damage|p2a: Espathra|0 fnt\n|faint|p2a: Espathra\n|\n|-heal|p1a: Drum Solo|57\/100|[from] Grassy Terrain\n|upkeep\n|\n|t:|1700844845\n|switch|p2a: Baxcalibur|Baxcalibur, F|100\/100\n|-damage|p2a: Baxcalibur|88\/100|[from] Spikes\n|turn|18\n|\n|t:|1700844854\n|move|p1a: Drum Solo|U-turn|p2a: Baxcalibur\n|-damage|p2a: Baxcalibur|62\/100\n|\n|t:|1700844857\n|switch|p1a: Big G?|Arceus-Poison|100\/100|[from] U-turn\n|move|p2a: Baxcalibur|Icicle Spear|p1a: Big G?\n|-crit|p1a: Big G?\n|-damage|p1a: Big G?|88\/100\n|-damage|p1a: Big G?|80\/100\n|-damage|p1a: Big G?|72\/100\n|-damage|p1a: Big G?|64\/100\n|-damage|p1a: Big G?|55\/100\n|-hitcount|p1a: Big G?|5\n|\n|-heal|p1a: Big G?|61\/100|[from] Grassy Terrain\n|-heal|p2a: Baxcalibur|69\/100|[from] Grassy Terrain\n|upkeep\n|turn|19\n|\n|t:|1700844883\n|move|p1a: Big G?|Cosmic Power|p1a: Big G?\n|-boost|p1a: Big G?|def|1\n|-boost|p1a: Big G?|spd|1\n|move|p2a: Baxcalibur|Scale Shot|p1a: Big G?\n|-damage|p1a: Big G?|54\/100\n|-damage|p1a: Big G?|48\/100\n|-damage|p1a: Big G?|42\/100\n|-damage|p1a: Big G?|37\/100\n|-damage|p1a: Big G?|31\/100\n|-hitcount|p1a: Big G?|5\n|-unboost|p2a: Baxcalibur|def|1\n|-boost|p2a: Baxcalibur|spe|1\n|\n|-heal|p2a: Baxcalibur|75\/100|[from] Grassy Terrain\n|-heal|p1a: Big G?|37\/100|[from] Grassy Terrain\n|upkeep\n|turn|20\n|\n|t:|1700844899\n|-terastallize|p2a: Baxcalibur|Fairy\n|move|p2a: Baxcalibur|Swords Dance|p2a: Baxcalibur\n|-boost|p2a: Baxcalibur|atk|2\n|move|p1a: Big G?|Recover|p1a: Big G?\n|-heal|p1a: Big G?|87\/100\n|\n|-heal|p2a: Baxcalibur|81\/100|[from] Grassy Terrain\n|-heal|p1a: Big G?|93\/100|[from] Grassy Terrain\n|-fieldend|move: Grassy Terrain\n|upkeep\n|turn|21\n|\n|t:|1700844910\n|move|p2a: Baxcalibur|Icicle Spear|p1a: Big G?\n|-damage|p1a: Big G?|82\/100\n|-damage|p1a: Big G?|71\/100\n|-damage|p1a: Big G?|60\/100\n|-damage|p1a: Big G?|49\/100\n|-damage|p1a: Big G?|37\/100\n|-hitcount|p1a: Big G?|5\n|move|p1a: Big G?|Cosmic Power|p1a: Big G?\n|-boost|p1a: Big G?|def|1\n|-boost|p1a: Big G?|spd|1\n|\n|upkeep\n|turn|22\n|\n|t:|1700844921\n|move|p2a: Baxcalibur|Icicle Spear|p1a: Big G?\n|-damage|p1a: Big G?|28\/100\n|-damage|p1a: Big G?|20\/100\n|-damage|p1a: Big G?|11\/100\n|-damage|p1a: Big G?|3\/100\n|-hitcount|p1a: Big G?|4\n|move|p1a: Big G?|Recover|p1a: Big G?\n|-heal|p1a: Big G?|53\/100\n|\n|upkeep\n|turn|23\n|\n|t:|1700844931\n|move|p2a: Baxcalibur|Swords Dance|p2a: Baxcalibur\n|-boost|p2a: Baxcalibur|atk|2\n|move|p1a: Big G?|Cosmic Power|p1a: Big G?\n|-boost|p1a: Big G?|def|1\n|-boost|p1a: Big G?|spd|1\n|\n|upkeep\n|turn|24\n|\n|t:|1700844939\n|move|p2a: Baxcalibur|Swords Dance|p2a: Baxcalibur\n|-boost|p2a: Baxcalibur|atk|2\n|move|p1a: Big G?|Recover|p1a: Big G?\n|-heal|p1a: Big G?|100\/100\n|\n|upkeep\n|turn|25\n|\n|t:|1700844945\n|move|p2a: Baxcalibur|Icicle Spear|p1a: Big G?\n|-damage|p1a: Big G?|87\/100\n|-damage|p1a: Big G?|74\/100\n|-damage|p1a: Big G?|61\/100\n|-crit|p1a: Big G?\n|-damage|p1a: Big G?|9\/100\n|-hitcount|p1a: Big G?|4\n|move|p1a: Big G?|Cosmic Power|p1a: Big G?\n|-boost|p1a: Big G?|def|1\n|-boost|p1a: Big G?|spd|1\n|\n|upkeep\n|turn|26\n|\n|t:|1700844956\n|move|p2a: Baxcalibur|Ice Shard|p1a: Big G?\n|-damage|p1a: Big G?|0 fnt\n|faint|p1a: Big G?\n|\n|upkeep\n|\n|t:|1700844961\n|switch|p1a: Drum Solo|Rillaboom, F, tera:Grass|57\/100\n|-fieldstart|move: Grassy Terrain|[from] ability: Grassy Surge|[of] p1a: Drum Solo\n|turn|27\n|\n|t:|1700844965\n|move|p2a: Baxcalibur|Ice Shard|p1a: Drum Solo\n|-supereffective|p1a: Drum Solo\n|-damage|p1a: Drum Solo|0 fnt\n|faint|p1a: Drum Solo\n|\n|-heal|p2a: Baxcalibur|87\/100|[from] Grassy Terrain\n|upkeep\n|\n|t:|1700844972\n|switch|p1a: Londoner|Sneasler, M|100\/100\n|-enditem|p1a: Londoner|Grassy Seed\n|-boost|p1a: Londoner|def|1|[from] item: Grassy Seed\n|turn|28\n|\n|t:|1700844977\n|move|p1a: Londoner|Dire Claw|p2a: Baxcalibur\n|-supereffective|p2a: Baxcalibur\n|-damage|p2a: Baxcalibur|0 fnt\n|faint|p2a: Baxcalibur\n|\n|upkeep\n|\n|t:|1700844983\n|switch|p2a: Arceus|Arceus-Ice|100\/100\n|-damage|p2a: Arceus|88\/100|[from] Spikes\n|turn|29\n|\n|t:|1700844989\n|move|p1a: Londoner|Swords Dance|p1a: Londoner\n|-boost|p1a: Londoner|atk|2\n|move|p2a: Arceus|Judgment|p1a: Londoner\n|-damage|p1a: Londoner|29\/100\n|\n|-heal|p1a: Londoner|35\/100|[from] Grassy Terrain\n|-heal|p2a: Arceus|94\/100|[from] Grassy Terrain\n|upkeep\n|turn|30\n|\n|t:|1700844999\n|move|p1a: Londoner|Close Combat|p2a: Arceus\n|-supereffective|p2a: Arceus\n|-damage|p2a: Arceus|0 fnt\n|-unboost|p1a: Londoner|def|1\n|-unboost|p1a: Londoner|spd|1\n|faint|p2a: Arceus\n|\n|-heal|p1a: Londoner|41\/100|[from] Grassy Terrain\n|upkeep\n|\n|t:|1700845009\n|switch|p2a: Slowking|Slowking-Galar, F|100\/100\n|turn|31\n|\n|t:|1700845015\n|move|p1a: Londoner|Shadow Claw|p2a: Slowking\n|-supereffective|p2a: Slowking\n|-damage|p2a: Slowking|0 fnt\n|faint|p2a: Slowking\n|\n|-heal|p1a: Londoner|47\/100|[from] Grassy Terrain\n|-fieldend|move: Grassy Terrain\n|upkeep\n|\n|t:|1700845019\n|switch|p2a: Cyclizar|Cyclizar, F|100\/100\n|-damage|p2a: Cyclizar|88\/100|[from] Spikes\n|turn|32\n|c|\u2606MayatazKJ|gg\n|\n|t:|1700845025\n|move|p1a: Londoner|Close Combat|p2a: Cyclizar\n|-supereffective|p2a: Cyclizar\n|-damage|p2a: Cyclizar|0 fnt\n|-unboost|p1a: Londoner|def|1\n|-unboost|p1a: Londoner|spd|1\n|faint|p2a: Cyclizar\n|\n|upkeep\n|\n|t:|1700845027\n|switch|p2a: Magearna|Magearna|58\/100 par\n|-damage|p2a: Magearna|46\/100 par|[from] Spikes\n|turn|33\n|c|\u2606Reposti|Gg\n|\n|t:|1700845035\n|move|p1a: Londoner|Close Combat|p2a: Magearna\n|-damage|p2a: Magearna|0 fnt\n|-unboost|p1a: Londoner|def|1\n|-unboost|p1a: Londoner|spd|1\n|faint|p2a: Magearna\n|\n|win|Reposti\n","uploadtime":1700845043,"views":7,"p1id":"reposti","p2id":"mayatazkj","formatid":"gen9ubers","rating":0,"private":0,"password":""}