{"id":"gen9ubers-1984284892","p1":"XpokVEVO","p2":"Leo Justice","format":"[Gen 9] Ubers","log":"|j|\u2606XpokVEVO\n|j|\u2606Leo Justice\n|t:|1699238944\n|gametype|singles\n|player|p1|XpokVEVO|mustard|\n|player|p2|Leo Justice|carmine|\n|teamsize|p1|6\n|teamsize|p2|6\n|gen|9\n|tier|[Gen 9] Ubers\n|rule|Sleep Clause Mod: Limit one foe put to sleep\n|rule|Species Clause: Limit one of each Pok\u00e9mon\n|rule|OHKO Clause: OHKO moves are banned\n|rule|Evasion Items Clause: Evasion items are banned\n|rule|Evasion Moves Clause: Evasion moves are banned\n|rule|Endless Battle Clause: Forcing endless battles is banned\n|rule|HP Percentage Mod: HP is shown in percentages\n|clearpoke\n|poke|p1|Cyclizar, M|\n|poke|p1|Espathra, F|\n|poke|p1|Magearna|\n|poke|p1|Zacian-*|\n|poke|p1|Arceus-Fire|\n|poke|p1|Spectrier|\n|poke|p2|Arceus-Fire|\n|poke|p2|Espathra, F|\n|poke|p2|Cyclizar, F|\n|poke|p2|Gholdengo|\n|poke|p2|Rillaboom, M|\n|poke|p2|Sneasler, M|\n|teampreview\n|inactive|Battle timer is ON: inactive players will automatically lose when time's up. (requested by XpokVEVO)\n|j| matdrn\n|c|\u2606XpokVEVO|the real challenge is fitting the horse in\n|c|\u2606XpokVEVO|i may just replace magearna\n|\n|t:|1699238963\n|start\n|switch|p1a: Akira|Cyclizar, M|100\/100\n|switch|p2a: Gholdengo|Gholdengo|100\/100\n|turn|1\n|\n|t:|1699238972\n|move|p2a: Gholdengo|Make It Rain|p1a: Akira\n|-damage|p1a: Akira|16\/100\n|-unboost|p2a: Gholdengo|spa|1\n|move|p1a: Akira|Knock Off|p2a: Gholdengo\n|-supereffective|p2a: Gholdengo\n|-damage|p2a: Gholdengo|55\/100\n|-enditem|p2a: Gholdengo|Choice Scarf|[from] move: Knock Off|[of] p1a: Akira\n|\n|upkeep\n|turn|2\n|\n|t:|1699238985\n|switch|p1a: Ar\u0441eus-Fighting|Arceus-Fire, shiny|100\/100\n|move|p2a: Gholdengo|Trick||[still]\n|-fail|p2a: Gholdengo\n|\n|upkeep\n|turn|3\n|c|\u2606XpokVEVO|what are you\n|c|\u2606XpokVEVO|oh yeah you can steal the item\n|\n|t:|1699239001\n|switch|p2a: Arceus|Arceus-Fire|100\/100\n|move|p1a: Ar\u0441eus-Fighting|Dragon Dance|p1a: Ar\u0441eus-Fighting\n|-boost|p1a: Ar\u0441eus-Fighting|atk|1\n|-boost|p1a: Ar\u0441eus-Fighting|spe|1\n|\n|upkeep\n|turn|4\n|\n|t:|1699239009\n|move|p2a: Arceus|Earthquake|p1a: Ar\u0441eus-Fighting\n|-supereffective|p1a: Ar\u0441eus-Fighting\n|-damage|p1a: Ar\u0441eus-Fighting|53\/100\n|move|p1a: Ar\u0441eus-Fighting|Roar|p2a: Arceus\n|drag|p2a: Gholdengo|Gholdengo|55\/100\n|\n|upkeep\n|turn|5\n|\n|t:|1699239017\n|switch|p2a: Arceus|Arceus-Fire|100\/100\n|move|p1a: Ar\u0441eus-Fighting|Flare Blitz|p2a: Arceus\n|-resisted|p2a: Arceus\n|-damage|p2a: Arceus|58\/100\n|-damage|p1a: Ar\u0441eus-Fighting|41\/100|[from] Recoil\n|\n|upkeep\n|turn|6\n|\n|t:|1699239028\n|-terastallize|p1a: Ar\u0441eus-Fighting|Fairy\n|move|p1a: Ar\u0441eus-Fighting|Tera Blast|p2a: Arceus|[anim] Tera Blast Fairy\n|-resisted|p2a: Arceus\n|-damage|p2a: Arceus|34\/100\n|move|p2a: Arceus|Earthquake|p1a: Ar\u0441eus-Fighting\n|-damage|p1a: Ar\u0441eus-Fighting|16\/100\n|\n|upkeep\n|turn|7\n|\n|t:|1699239035\n|move|p1a: Ar\u0441eus-Fighting|Flare Blitz|p2a: Arceus\n|-resisted|p2a: Arceus\n|-damage|p2a: Arceus|0 fnt\n|faint|p2a: Arceus\n|-damage|p1a: Ar\u0441eus-Fighting|6\/100|[from] Recoil\n|\n|upkeep\n|l| matdrn\n|c|\u2606XpokVEVO|waste of a tera\n|c|\u2606XpokVEVO|im silly\n|\n|t:|1699239044\n|switch|p2a: Rillaboom|Rillaboom, M|100\/100\n|-fieldstart|move: Grassy Terrain|[from] ability: Grassy Surge|[of] p2a: Rillaboom\n|turn|8\n|c|\u2606XpokVEVO|bro left because of teh shit play\n|\n|t:|1699239051\n|switch|p1a: Aunt Fanny|Magearna|100\/100\n|move|p2a: Rillaboom|Grassy Glide|p1a: Aunt Fanny\n|-resisted|p1a: Aunt Fanny\n|-damage|p1a: Aunt Fanny|71\/100\n|\n|-heal|p1a: Aunt Fanny|77\/100|[from] Grassy Terrain\n|upkeep\n|turn|9\n|\n|t:|1699239057\n|switch|p2a: Gholdengo|Gholdengo|55\/100\n|move|p1a: Aunt Fanny|Shift Gear|p1a: Aunt Fanny\n|-boost|p1a: Aunt Fanny|spe|2\n|-boost|p1a: Aunt Fanny|atk|1\n|\n|-heal|p1a: Aunt Fanny|83\/100|[from] Grassy Terrain\n|-heal|p2a: Gholdengo|61\/100|[from] Grassy Terrain\n|upkeep\n|turn|10\n|\n|t:|1699239061\n|move|p1a: Aunt Fanny|Flash Cannon|p2a: Gholdengo\n|-resisted|p2a: Gholdengo\n|-damage|p2a: Gholdengo|33\/100\n|move|p2a: Gholdengo|Trick|p1a: Aunt Fanny\n|-activate|p2a: Gholdengo|move: Trick|[of] p1a: Aunt Fanny\n|-enditem|p1a: Aunt Fanny|Weakness Policy|[silent]|[from] move: Trick\n|-item|p2a: Gholdengo|Weakness Policy|[from] move: Trick\n|\n|-heal|p1a: Aunt Fanny|89\/100|[from] Grassy Terrain\n|-heal|p2a: Gholdengo|39\/100|[from] Grassy Terrain\n|upkeep\n|turn|11\n|c|\u2606XpokVEVO|??\n|\n|t:|1699239076\n|move|p1a: Aunt Fanny|Fleur Cannon|p2a: Gholdengo\n|-resisted|p2a: Gholdengo\n|-crit|p2a: Gholdengo\n|-damage|p2a: Gholdengo|0 fnt\n|-unboost|p1a: Aunt Fanny|spa|2\n|faint|p2a: Gholdengo\n|-ability|p1a: Aunt Fanny|Soul-Heart|boost\n|-boost|p1a: Aunt Fanny|spa|1\n|\n|-heal|p1a: Aunt Fanny|95\/100|[from] Grassy Terrain\n|upkeep\n|\n|t:|1699239079\n|switch|p2a: Espathra|Espathra, F|100\/100\n|-enditem|p2a: Espathra|Grassy Seed\n|-boost|p2a: Espathra|def|1|[from] item: Grassy Seed\n|turn|12\n|\n|t:|1699239082\n|move|p1a: Aunt Fanny|Thunder Wave|p2a: Espathra\n|-status|p2a: Espathra|par\n|move|p2a: Espathra|Calm Mind|p2a: Espathra\n|-boost|p2a: Espathra|spa|1\n|-boost|p2a: Espathra|spd|1\n|\n|-heal|p1a: Aunt Fanny|100\/100|[from] Grassy Terrain\n|-fieldend|move: Grassy Terrain\n|-ability|p2a: Espathra|Speed Boost|boost\n|-boost|p2a: Espathra|spe|1\n|upkeep\n|turn|13\n|c|\u2606Leo Justice|Good luck\n|\n|t:|1699239087\n|switch|p1a: Akira|Cyclizar, M|49\/100\n|move|p2a: Espathra|Calm Mind|p2a: Espathra\n|-boost|p2a: Espathra|spa|1\n|-boost|p2a: Espathra|spd|1\n|\n|-ability|p2a: Espathra|Speed Boost|boost\n|-boost|p2a: Espathra|spe|1\n|upkeep\n|turn|14\n|\n|t:|1699239092\n|move|p2a: Espathra|Protect|p2a: Espathra\n|-singleturn|p2a: Espathra|Protect\n|move|p1a: Akira|Taunt|p2a: Espathra\n|-activate|p2a: Espathra|move: Protect\n|\n|-ability|p2a: Espathra|Speed Boost|boost\n|-boost|p2a: Espathra|spe|1\n|upkeep\n|turn|15\n|\n|t:|1699239100\n|move|p1a: Akira|Taunt|p2a: Espathra\n|-start|p2a: Espathra|move: Taunt\n|move|p2a: Espathra|Dazzling Gleam|p1a: Akira\n|-supereffective|p1a: Akira\n|-damage|p1a: Akira|0 fnt\n|faint|p1a: Akira\n|\n|-ability|p2a: Espathra|Speed Boost|boost\n|-boost|p2a: Espathra|spe|1\n|upkeep\n|\n|t:|1699239103\n|switch|p1a: Ar\u0441eus-Fighting|Arceus-Fire, shiny, tera:Fairy|6\/100\n|turn|16\n|\n|t:|1699239106\n|move|p2a: Espathra|Stored Power|p1a: Ar\u0441eus-Fighting\n|-damage|p1a: Ar\u0441eus-Fighting|0 fnt\n|faint|p1a: Ar\u0441eus-Fighting\n|\n|-ability|p2a: Espathra|Speed Boost|boost\n|-boost|p2a: Espathra|spe|1\n|upkeep\n|c|\u2606XpokVEVO|see i had a pokemon for this\n|c|\u2606XpokVEVO|it was called roaring moon\n|\n|t:|1699239120\n|switch|p1a: Emu War|Espathra, F|100\/100\n|turn|17\n|\n|t:|1699239124\n|move|p1a: Emu War|Protect|p1a: Emu War\n|-singleturn|p1a: Emu War|Protect\n|move|p2a: Espathra|Stored Power|p1a: Emu War\n|-activate|p1a: Emu War|move: Protect\n|\n|-end|p2a: Espathra|move: Taunt\n|-ability|p2a: Espathra|Speed Boost|boost\n|-boost|p2a: Espathra|spe|1\n|-ability|p1a: Emu War|Speed Boost|boost\n|-boost|p1a: Emu War|spe|1\n|upkeep\n|turn|18\n|\n|t:|1699239128\n|move|p2a: Espathra|Stored Power|p1a: Emu War\n|-resisted|p1a: Emu War\n|-enditem|p1a: Emu War|Focus Sash\n|-damage|p1a: Emu War|1\/100\n|move|p1a: Emu War|Calm Mind|p1a: Emu War\n|-boost|p1a: Emu War|spa|1\n|-boost|p1a: Emu War|spd|1\n|\n|-ability|p1a: Emu War|Speed Boost|boost\n|-boost|p1a: Emu War|spe|1\n|upkeep\n|turn|19\n|\n|t:|1699239133\n|move|p1a: Emu War|Protect|p1a: Emu War\n|-singleturn|p1a: Emu War|Protect\n|move|p2a: Espathra|Dazzling Gleam|p1a: Emu War\n|-activate|p1a: Emu War|move: Protect\n|\n|-ability|p1a: Emu War|Speed Boost|boost\n|-boost|p1a: Emu War|spe|1\n|upkeep\n|turn|20\n|\n|t:|1699239136\n|move|p1a: Emu War|Calm Mind|p1a: Emu War\n|-boost|p1a: Emu War|spa|1\n|-boost|p1a: Emu War|spd|1\n|move|p2a: Espathra|Dazzling Gleam|p1a: Emu War\n|-damage|p1a: Emu War|0 fnt\n|faint|p1a: Emu War\n|\n|upkeep\n|\n|t:|1699239138\n|switch|p1a: Spectrier|Spectrier|100\/100\n|turn|21\n|\n|t:|1699239143\n|-terastallize|p2a: Espathra|Fairy\n|cant|p2a: Espathra|par\n|move|p1a: Spectrier|Shadow Ball|p2a: Espathra\n|-damage|p2a: Espathra|58\/100 par\n|-damage|p1a: Spectrier|91\/100|[from] item: Life Orb\n|\n|upkeep\n|turn|22\n|c|\u2606XpokVEVO|i cant fit the horse in\n|\n|t:|1699239148\n|move|p2a: Espathra|Stored Power|p1a: Spectrier\n|-damage|p1a: Spectrier|0 fnt\n|faint|p1a: Spectrier\n|\n|upkeep\n|\n|t:|1699239150\n|switch|p1a: Aunt Fanny|Magearna|100\/100\n|turn|23\n|\n|t:|1699239153\n|move|p2a: Espathra|Stored Power|p1a: Aunt Fanny\n|-resisted|p1a: Aunt Fanny\n|-damage|p1a: Aunt Fanny|0 fnt\n|faint|p1a: Aunt Fanny\n|\n|upkeep\n|\n|t:|1699239155\n|switch|p1a: Princess|Zacian, shiny|100\/100\n|-ability|p1a: Princess|Intrepid Sword|boost\n|-boost|p1a: Princess|atk|1\n|turn|24\n|\n|t:|1699239157\n|move|p2a: Espathra|Stored Power|p1a: Princess\n|-damage|p1a: Princess|0 fnt\n|faint|p1a: Princess\n|\n|win|Leo Justice\n|c|\u2606XpokVEVO|im gonna have\n|c|\u2606XpokVEVO|to make a new team\n|c|\u2606XpokVEVO|JUST for this\n|c|\u2606XpokVEVO|fucking animal\n|l|\u2606XpokVEVO\n|l|\u2606Leo Justice\n|j|\u2606Leo Justice\n|player|p2|Leo Justice|carmine\n","uploadtime":1699239742,"views":10,"p1id":"xpokvevo","p2id":"leojustice","formatid":"gen9ubers","rating":0,"private":0,"password":""}