{"id":"gen9ubers-1982267369","p1":"Sheel_Valia","p2":"Inciniratr","format":"[Gen 9] Ubers","log":"|j|\u2606Sheel_Valia\n|j|\u2606Inciniratr\n|t:|1698986997\n|gametype|singles\n|player|p1|Sheel_Valia|266|1126\n|player|p2|Inciniratr|veteran|1225\n|teamsize|p1|6\n|teamsize|p2|6\n|gen|9\n|tier|[Gen 9] Ubers\n|rated|\n|rule|Sleep Clause Mod: Limit one foe put to sleep\n|rule|Species Clause: Limit one of each Pok\u00e9mon\n|rule|OHKO Clause: OHKO moves are banned\n|rule|Evasion Items Clause: Evasion items are banned\n|rule|Evasion Moves Clause: Evasion moves are banned\n|rule|Endless Battle Clause: Forcing endless battles is banned\n|rule|HP Percentage Mod: HP is shown in percentages\n|clearpoke\n|poke|p1|Baxcalibur, M|\n|poke|p1|Urshifu-*, F|\n|poke|p1|Spectrier|\n|poke|p1|Volcarona, M|\n|poke|p1|Toxapex, F|\n|poke|p1|Ribombee, M|\n|poke|p2|Rayquaza|\n|poke|p2|Flutter Mane|\n|poke|p2|Palafin, F|\n|poke|p2|Chi-Yu|\n|poke|p2|Mew|\n|poke|p2|Ribombee, M|\n|teampreview\n|inactive|Battle timer is ON: inactive players will automatically lose when time's up. (requested by Sheel_Valia)\n|inactive|Sheel_Valia has 120 seconds left.\n|\n|t:|1698987040\n|start\n|switch|p1a: Ribombee|Ribombee, M|100\/100\n|switch|p2a: Ribombee|Ribombee, M|100\/100\n|turn|1\n|\n|t:|1698987050\n|move|p2a: Ribombee|Stun Spore|p1a: Ribombee\n|-status|p1a: Ribombee|par\n|move|p1a: Ribombee|Sticky Web|p2a: Ribombee\n|-sidestart|p2: Inciniratr|move: Sticky Web\n|\n|upkeep\n|turn|2\n|\n|t:|1698987058\n|move|p2a: Ribombee|Sticky Web|p1a: Ribombee\n|-sidestart|p1: Sheel_Valia|move: Sticky Web\n|cant|p1a: Ribombee|par\n|\n|upkeep\n|turn|3\n|\n|t:|1698987064\n|move|p2a: Ribombee|Tailwind|p2a: Ribombee\n|-sidestart|p2: Inciniratr|move: Tailwind\n|cant|p1a: Ribombee|par\n|\n|upkeep\n|turn|4\n|\n|t:|1698987069\n|switch|p2a: Mew|Mew|100\/100\n|-activate|p2a: Mew|move: Sticky Web\n|-unboost|p2a: Mew|spe|1\n|move|p1a: Ribombee|Moonblast|p2a: Mew\n|-damage|p2a: Mew|75\/100\n|\n|-heal|p2a: Mew|81\/100|[from] item: Leftovers\n|upkeep\n|turn|5\n|\n|t:|1698987079\n|move|p2a: Mew|Spikes|p1a: Ribombee\n|-sidestart|p1: Sheel_Valia|Spikes\n|move|p1a: Ribombee|U-turn|p2a: Mew\n|-supereffective|p2a: Mew\n|-damage|p2a: Mew|59\/100\n|\n|t:|1698987085\n|switch|p1a: Volcarona|Volcarona, M, shiny|100\/100|[from] U-turn\n|\n|-heal|p2a: Mew|65\/100|[from] item: Leftovers\n|upkeep\n|turn|6\n|\n|t:|1698987090\n|move|p2a: Mew|Imprison|p2a: Mew\n|-start|p2a: Mew|move: Imprison\n|move|p1a: Volcarona|Quiver Dance|p1a: Volcarona\n|-boost|p1a: Volcarona|spa|1\n|-boost|p1a: Volcarona|spd|1\n|-boost|p1a: Volcarona|spe|1\n|\n|-heal|p2a: Mew|71\/100|[from] item: Leftovers\n|-sideend|p2: Inciniratr|move: Tailwind\n|upkeep\n|turn|7\n|\n|t:|1698987097\n|move|p1a: Volcarona|Fiery Dance|p2a: Mew\n|-damage|p2a: Mew|6\/100\n|move|p2a: Mew|Transform|p1a: Volcarona\n|-transform|p2a: Mew|p1a: Volcarona\n|\n|-heal|p2a: Mew|12\/100|[from] item: Leftovers\n|upkeep\n|turn|8\n|\n|t:|1698987107\n|move|p2a: Mew|Quiver Dance|p2a: Mew\n|-boost|p2a: Mew|spa|1\n|-boost|p2a: Mew|spd|1\n|-boost|p2a: Mew|spe|1\n|-activate|p1a: Volcarona|move: Struggle\n|move|p1a: Volcarona|Struggle|p2a: Mew\n|-crit|p2a: Mew\n|-damage|p2a: Mew|1\/100\n|-damage|p1a: Volcarona|75\/100|[from] recoil\n|\n|-heal|p2a: Mew|7\/100|[from] item: Leftovers\n|upkeep\n|turn|9\n|\n|t:|1698987114\n|switch|p1a: Urshifu|Urshifu-Rapid-Strike, F|100\/100\n|-activate|p1a: Urshifu|move: Sticky Web\n|-unboost|p1a: Urshifu|spe|1\n|-damage|p1a: Urshifu|88\/100|[from] Spikes\n|move|p2a: Mew|Fiery Dance|p1a: Urshifu\n|-resisted|p1a: Urshifu\n|-damage|p1a: Urshifu|12\/100\n|\n|-heal|p2a: Mew|13\/100|[from] item: Leftovers\n|upkeep\n|turn|10\n|\n|t:|1698987123\n|move|p1a: Urshifu|Aqua Jet|p2a: Mew\n|-supereffective|p2a: Mew\n|-damage|p2a: Mew|0 fnt\n|faint|p2a: Mew\n|\n|upkeep\n|\n|t:|1698987134\n|switch|p2a: Palafin|Palafin, F|100\/100\n|-activate|p2a: Palafin|move: Sticky Web\n|-unboost|p2a: Palafin|spe|1\n|turn|11\n|inactive|Sheel_Valia has 120 seconds left.\n|inactive|Sheel_Valia has 90 seconds left.\n|\n|t:|1698987195\n|move|p1a: Urshifu|Aqua Jet|p2a: Palafin\n|-resisted|p2a: Palafin\n|-damage|p2a: Palafin|79\/100\n|move|p2a: Palafin|Flip Turn|p1a: Urshifu\n|-resisted|p1a: Urshifu\n|-damage|p1a: Urshifu|0 fnt\n|faint|p1a: Urshifu\n|\n|t:|1698987204\n|detailschange|p2a: Palafin|Palafin-Hero, F\n|switch|p2a: Ribombee|Ribombee, M|100\/100|[from] Flip Turn\n|-activate|p2a: Ribombee|move: Sticky Web\n|-unboost|p2a: Ribombee|spe|1\n|\n|upkeep\n|inactive|Sheel_Valia has 90 seconds left.\n|\n|t:|1698987242\n|switch|p1a: Baxcalibur|Baxcalibur, M, shiny|100\/100\n|-activate|p1a: Baxcalibur|move: Sticky Web\n|-unboost|p1a: Baxcalibur|spe|1\n|-damage|p1a: Baxcalibur|88\/100|[from] Spikes\n|turn|12\n|\n|t:|1698987249\n|move|p2a: Ribombee|Stun Spore|p1a: Baxcalibur\n|-status|p1a: Baxcalibur|par\n|move|p1a: Baxcalibur|Dragon Dance|p1a: Baxcalibur\n|-boost|p1a: Baxcalibur|atk|1\n|-boost|p1a: Baxcalibur|spe|1\n|\n|upkeep\n|turn|13\n|\n|t:|1698987253\n|move|p2a: Ribombee|Moonblast|p1a: Baxcalibur\n|-supereffective|p1a: Baxcalibur\n|-damage|p1a: Baxcalibur|19\/100 par\n|cant|p1a: Baxcalibur|par\n|\n|upkeep\n|turn|14\n|\n|t:|1698987259\n|move|p2a: Ribombee|Moonblast|p1a: Baxcalibur\n|-supereffective|p1a: Baxcalibur\n|-damage|p1a: Baxcalibur|0 fnt\n|faint|p1a: Baxcalibur\n|\n|upkeep\n|\n|t:|1698987265\n|switch|p1a: Spectrier|Spectrier|100\/100\n|-activate|p1a: Spectrier|move: Sticky Web\n|-unboost|p1a: Spectrier|spe|1\n|-damage|p1a: Spectrier|88\/100|[from] Spikes\n|turn|15\n|\n|t:|1698987268\n|move|p1a: Spectrier|Calm Mind|p1a: Spectrier\n|-boost|p1a: Spectrier|spa|1\n|-boost|p1a: Spectrier|spd|1\n|move|p2a: Ribombee|Stun Spore|p1a: Spectrier|[miss]\n|-miss|p2a: Ribombee|p1a: Spectrier\n|\n|upkeep\n|turn|16\n|\n|t:|1698987273\n|move|p1a: Spectrier|Taunt|p2a: Ribombee\n|-start|p2a: Ribombee|move: Taunt\n|cant|p2a: Ribombee|move: Taunt|Stun Spore\n|\n|upkeep\n|turn|17\n|\n|t:|1698987283\n|switch|p2a: Chi-Yu|Chi-Yu|100\/100\n|-activate|p2a: Chi-Yu|move: Sticky Web\n|-unboost|p2a: Chi-Yu|spe|1\n|-ability|p2a: Chi-Yu|Beads of Ruin\n|-terastallize|p1a: Spectrier|Normal\n|move|p1a: Spectrier|Shadow Ball|p2a: Chi-Yu\n|-resisted|p2a: Chi-Yu\n|-damage|p2a: Chi-Yu|51\/100\n|-unboost|p2a: Chi-Yu|spd|1\n|-damage|p1a: Spectrier|78\/100|[from] item: Life Orb\n|\n|upkeep\n|turn|18\n|inactive|Sheel_Valia has 120 seconds left.\n|\n|t:|1698987290\n|move|p2a: Chi-Yu|Flamethrower|p1a: Spectrier\n|-damage|p1a: Spectrier|23\/100\n|move|p1a: Spectrier|Shadow Ball|p2a: Chi-Yu\n|-resisted|p2a: Chi-Yu\n|-damage|p2a: Chi-Yu|0 fnt\n|faint|p2a: Chi-Yu\n|-ability|p1a: Spectrier|Grim Neigh|boost\n|-boost|p1a: Spectrier|spa|1\n|-damage|p1a: Spectrier|13\/100|[from] item: Life Orb\n|\n|upkeep\n|\n|t:|1698987297\n|switch|p2a: Rayquaza|Rayquaza|100\/100\n|-ability|p2a: Rayquaza|Air Lock\n|turn|19\n|\n|t:|1698987303\n|move|p2a: Rayquaza|Dragon Claw|p1a: Spectrier\n|-damage|p1a: Spectrier|0 fnt\n|faint|p1a: Spectrier\n|\n|upkeep\n|\n|t:|1698987307\n|switch|p1a: Toxapex|Toxapex, F, shiny|100\/100\n|-activate|p1a: Toxapex|move: Sticky Web\n|-unboost|p1a: Toxapex|spe|1\n|-damage|p1a: Toxapex|88\/100|[from] Spikes\n|turn|20\n|\n|t:|1698987310\n|move|p2a: Rayquaza|Dragon Dance|p2a: Rayquaza\n|-boost|p2a: Rayquaza|atk|1\n|-boost|p2a: Rayquaza|spe|1\n|move|p1a: Toxapex|Toxic|p2a: Rayquaza\n|-status|p2a: Rayquaza|tox\n|\n|-damage|p2a: Rayquaza|95\/100 tox|[from] psn\n|upkeep\n|turn|21\n|inactive|Sheel_Valia has 120 seconds left.\n|\n|t:|1698987342\n|move|p2a: Rayquaza|Dragon Dance|p2a: Rayquaza\n|-boost|p2a: Rayquaza|atk|1\n|-boost|p2a: Rayquaza|spe|1\n|move|p1a: Toxapex|Haze|p1a: Toxapex\n|-clearallboost\n|\n|-damage|p2a: Rayquaza|83\/100 tox|[from] psn\n|upkeep\n|turn|22\n|\n|t:|1698987347\n|move|p2a: Rayquaza|Earthquake|p1a: Toxapex\n|-supereffective|p1a: Toxapex\n|-damage|p1a: Toxapex|37\/100\n|move|p1a: Toxapex|Surf|p2a: Rayquaza\n|-resisted|p2a: Rayquaza\n|-damage|p2a: Rayquaza|73\/100 tox\n|\n|-damage|p2a: Rayquaza|55\/100 tox|[from] psn\n|upkeep\n|turn|23\n|\n|t:|1698987355\n|switch|p2a: Ribombee|Ribombee, M|100\/100\n|-activate|p2a: Ribombee|move: Sticky Web\n|-unboost|p2a: Ribombee|spe|1\n|switch|p1a: Ribombee|Ribombee, M|100\/100 par\n|-activate|p1a: Ribombee|move: Sticky Web\n|-unboost|p1a: Ribombee|spe|1\n|-damage|p1a: Ribombee|88\/100 par|[from] Spikes\n|\n|upkeep\n|turn|24\n|\n|t:|1698987377\n|move|p2a: Ribombee|Moonblast|p1a: Ribombee\n|-damage|p1a: Ribombee|43\/100 par\n|move|p1a: Ribombee|Stun Spore|p2a: Ribombee|[miss]\n|-miss|p1a: Ribombee|p2a: Ribombee\n|\n|upkeep\n|turn|25\n|\n|t:|1698987383\n|switch|p1a: Volcarona|Volcarona, M, shiny|75\/100\n|move|p2a: Ribombee|Moonblast|p1a: Volcarona\n|-resisted|p1a: Volcarona\n|-damage|p1a: Volcarona|59\/100\n|\n|upkeep\n|turn|26\n|\n|t:|1698987389\n|move|p1a: Volcarona|Quiver Dance|p1a: Volcarona\n|-boost|p1a: Volcarona|spa|1\n|-boost|p1a: Volcarona|spd|1\n|-boost|p1a: Volcarona|spe|1\n|move|p2a: Ribombee|Stun Spore|p1a: Volcarona|[miss]\n|-miss|p2a: Ribombee|p1a: Volcarona\n|\n|upkeep\n|turn|27\n|\n|t:|1698987395\n|move|p1a: Volcarona|Fiery Dance|p2a: Ribombee\n|-supereffective|p2a: Ribombee\n|-enditem|p2a: Ribombee|Focus Sash\n|-damage|p2a: Ribombee|1\/100\n|-boost|p1a: Volcarona|spa|1\n|move|p2a: Ribombee|Tailwind|p2a: Ribombee\n|-sidestart|p2: Inciniratr|move: Tailwind\n|\n|upkeep\n|turn|28\n|\n|t:|1698987402\n|move|p2a: Ribombee|Stun Spore|p1a: Volcarona\n|-status|p1a: Volcarona|par\n|cant|p1a: Volcarona|par\n|\n|upkeep\n|turn|29\n|\n|t:|1698987405\n|move|p2a: Ribombee|Moonblast|p1a: Volcarona\n|-resisted|p1a: Volcarona\n|-damage|p1a: Volcarona|47\/100 par\n|-unboost|p1a: Volcarona|spa|1\n|move|p1a: Volcarona|Fiery Dance|p2a: Ribombee\n|-supereffective|p2a: Ribombee\n|-damage|p2a: Ribombee|0 fnt\n|faint|p2a: Ribombee\n|\n|upkeep\n|\n|t:|1698987413\n|switch|p2a: Rayquaza|Rayquaza|55\/100 tox\n|-ability|p2a: Rayquaza|Air Lock\n|turn|30\n|\n|t:|1698987416\n|switch|p1a: Toxapex|Toxapex, F, shiny|71\/100\n|-activate|p1a: Toxapex|move: Sticky Web\n|-unboost|p1a: Toxapex|spe|1\n|-damage|p1a: Toxapex|59\/100|[from] Spikes\n|move|p2a: Rayquaza|Dragon Ascent|p1a: Toxapex\n|-damage|p1a: Toxapex|14\/100\n|-unboost|p2a: Rayquaza|def|1\n|-unboost|p2a: Rayquaza|spd|1\n|-damage|p2a: Rayquaza|38\/100 tox|[from] item: Rocky Helmet|[of] p1a: Toxapex\n|\n|-damage|p2a: Rayquaza|32\/100 tox|[from] psn\n|-sideend|p2: Inciniratr|move: Tailwind\n|upkeep\n|turn|31\n|\n|t:|1698987425\n|switch|p1a: Ribombee|Ribombee, M|43\/100 par\n|-activate|p1a: Ribombee|move: Sticky Web\n|-unboost|p1a: Ribombee|spe|1\n|-damage|p1a: Ribombee|30\/100 par|[from] Spikes\n|move|p2a: Rayquaza|Earthquake|p1a: Ribombee\n|-resisted|p1a: Ribombee\n|-damage|p1a: Ribombee|0 fnt\n|faint|p1a: Ribombee\n|\n|-damage|p2a: Rayquaza|20\/100 tox|[from] psn\n|upkeep\n|\n|t:|1698987436\n|switch|p1a: Volcarona|Volcarona, M, shiny|47\/100 par\n|turn|32\n|\n|t:|1698987441\n|move|p2a: Rayquaza|Dragon Ascent|p1a: Volcarona\n|-supereffective|p1a: Volcarona\n|-damage|p1a: Volcarona|0 fnt\n|-unboost|p2a: Rayquaza|def|1\n|-unboost|p2a: Rayquaza|spd|1\n|faint|p1a: Volcarona\n|\n|-damage|p2a: Rayquaza|2\/100 tox|[from] psn\n|upkeep\n|\n|t:|1698987443\n|switch|p1a: Toxapex|Toxapex, F, shiny|47\/100\n|-activate|p1a: Toxapex|move: Sticky Web\n|-unboost|p1a: Toxapex|spe|1\n|-damage|p1a: Toxapex|35\/100|[from] Spikes\n|turn|33\n|-message|Sheel_Valia forfeited.\n|\n|win|Inciniratr\n|raw|Sheel_Valia's rating: 1126 &rarr; <strong>1108<\/strong><br \/>(-18 for losing)\n|raw|Inciniratr's rating: 1225 &rarr; <strong>1243<\/strong><br \/>(+18 for winning)\n|l|\u2606Sheel_Valia\n","uploadtime":1698987452,"views":11,"p1id":"sheelvalia","p2id":"inciniratr","formatid":"gen9ubers","rating":1108,"private":0,"password":""}