{"id":"gen9ubers-1974958890","p1":"Carina17","p2":"Ghonnyrazzeeeeeerr","format":"[Gen 9] Ubers","log":"|j|\u2606Carina17\n|j|\u2606Ghonnyrazzeeeeeerr\n|t:|1698149503\n|gametype|singles\n|player|p1|Carina17|cynthia|1056\n|player|p2|Ghonnyrazzeeeeeerr|102|1087\n|teamsize|p1|4\n|teamsize|p2|6\n|gen|9\n|tier|[Gen 9] Ubers\n|rated|\n|rule|Sleep Clause Mod: Limit one foe put to sleep\n|rule|Species Clause: Limit one of each Pok\u00e9mon\n|rule|OHKO Clause: OHKO moves are banned\n|rule|Evasion Items Clause: Evasion items are banned\n|rule|Evasion Moves Clause: Evasion moves are banned\n|rule|Endless Battle Clause: Forcing endless battles is banned\n|rule|HP Percentage Mod: HP is shown in percentages\n|clearpoke\n|poke|p1|Chien-Pao|\n|poke|p1|Ting-Lu|\n|poke|p1|Wo-Chien|\n|poke|p1|Chi-Yu|\n|poke|p2|Manaphy|\n|poke|p2|Dondozo, F|\n|poke|p2|Koraidon|\n|poke|p2|Miraidon|\n|poke|p2|Zamazenta-*|\n|poke|p2|Zacian-*|\n|teampreview\n|\n|t:|1698149521\n|start\n|switch|p1a: Chien-Paolo|Chien-Pao|100\/100\n|switch|p2a: Dondozo|Dondozo, F|100\/100\n|-ability|p1a: Chien-Paolo|Sword of Ruin\n|turn|1\n|\n|t:|1698149530\n|move|p1a: Chien-Paolo|Sacred Sword|p2a: Dondozo\n|-damage|p2a: Dondozo|84\/100\n|move|p2a: Dondozo|Rain Dance|p2a: Dondozo\n|-weather|RainDance\n|\n|-weather|RainDance|[upkeep]\n|upkeep\n|turn|2\n|\n|t:|1698149541\n|switch|p2a: Manaphy|Manaphy|100\/100\n|move|p1a: Chien-Paolo|Sacred Sword|p2a: Manaphy\n|-damage|p2a: Manaphy|69\/100\n|\n|-weather|RainDance|[upkeep]\n|upkeep\n|turn|3\n|\n|t:|1698149550\n|move|p1a: Chien-Paolo|Swords Dance|p1a: Chien-Paolo\n|-boost|p1a: Chien-Paolo|atk|2\n|move|p2a: Manaphy|Tail Glow|p2a: Manaphy\n|-boost|p2a: Manaphy|spa|3\n|\n|-weather|RainDance|[upkeep]\n|upkeep\n|turn|4\n|\n|t:|1698149557\n|move|p1a: Chien-Paolo|Sacred Sword|p2a: Manaphy\n|-damage|p2a: Manaphy|0 fnt\n|faint|p2a: Manaphy\n|\n|-weather|RainDance|[upkeep]\n|upkeep\n|\n|t:|1698149562\n|switch|p2a: Miraidon|Miraidon|100\/100\n|-fieldstart|move: Electric Terrain|[from] ability: Hadron Engine|[of] p2a: Miraidon\n|turn|5\n|\n|t:|1698149568\n|move|p1a: Chien-Paolo|Ice Shard|p2a: Miraidon\n|-supereffective|p2a: Miraidon\n|-damage|p2a: Miraidon|0 fnt\n|faint|p2a: Miraidon\n|\n|-weather|none\n|upkeep\n|\n|t:|1698149575\n|switch|p2a: Koraidon|Koraidon|100\/100\n|-weather|SunnyDay|[from] ability: Orichalcum Pulse|[of] p2a: Koraidon\n|-activate|p2a: Koraidon|Orichalcum Pulse|[source]\n|turn|6\n|\n|t:|1698149586\n|-terastallize|p1a: Chien-Paolo|Ghost\n|-terastallize|p2a: Koraidon|Ice\n|move|p1a: Chien-Paolo|Sacred Sword|p2a: Koraidon\n|-supereffective|p2a: Koraidon\n|-damage|p2a: Koraidon|0 fnt\n|faint|p2a: Koraidon\n|\n|-weather|SunnyDay|[upkeep]\n|upkeep\n|\n|t:|1698149593\n|switch|p2a: Zacian|Zacian-Crowned|100\/100\n|-ability|p2a: Zacian|Intrepid Sword|boost\n|-boost|p2a: Zacian|atk|1\n|turn|7\n|\n|t:|1698149607\n|move|p2a: Zacian|Behemoth Blade|p1a: Chien-Paolo\n|-enditem|p1a: Chien-Paolo|Focus Sash\n|-damage|p1a: Chien-Paolo|1\/100\n|move|p1a: Chien-Paolo|Sacred Sword|p2a: Zacian\n|-damage|p2a: Zacian|27\/100\n|\n|-weather|SunnyDay|[upkeep]\n|upkeep\n|turn|8\n|\n|t:|1698149620\n|move|p1a: Chien-Paolo|Sucker Punch|p2a: Zacian\n|-resisted|p2a: Zacian\n|-damage|p2a: Zacian|0 fnt\n|faint|p2a: Zacian\n|\n|-weather|SunnyDay|[upkeep]\n|upkeep\n|\n|t:|1698149623\n|switch|p2a: Dondozo|Dondozo, F|84\/100\n|turn|9\n|\n|t:|1698149633\n|move|p1a: Chien-Paolo|Sacred Sword|p2a: Dondozo\n|-damage|p2a: Dondozo|67\/100\n|move|p2a: Dondozo|Chilling Water|p1a: Chien-Paolo\n|-damage|p1a: Chien-Paolo|0 fnt\n|faint|p1a: Chien-Paolo\n|\n|-weather|SunnyDay|[upkeep]\n|-fieldend|move: Electric Terrain\n|upkeep\n|\n|t:|1698149648\n|switch|p1a: Wo-Chain|Wo-Chien|100\/100\n|-ability|p1a: Wo-Chain|Tablets of Ruin\n|turn|10\n|\n|t:|1698149661\n|move|p1a: Wo-Chain|Leech Seed|p2a: Dondozo\n|-start|p2a: Dondozo|move: Leech Seed\n|move|p2a: Dondozo|Chilling Water|p1a: Wo-Chain\n|-resisted|p1a: Wo-Chain\n|-damage|p1a: Wo-Chain|99\/100\n|-unboost|p1a: Wo-Chain|atk|1\n|\n|-weather|SunnyDay|[upkeep]\n|-heal|p1a: Wo-Chain|100\/100|[from] item: Leftovers\n|-damage|p2a: Dondozo|55\/100|[from] Leech Seed|[of] p1a: Wo-Chain\n|upkeep\n|turn|11\n|\n|t:|1698149675\n|move|p1a: Wo-Chain|Giga Drain|p2a: Dondozo\n|-supereffective|p2a: Dondozo\n|-damage|p2a: Dondozo|6\/100\n|move|p2a: Dondozo|Chilling Water|p1a: Wo-Chain\n|-resisted|p1a: Wo-Chain\n|-damage|p1a: Wo-Chain|98\/100\n|-unboost|p1a: Wo-Chain|atk|1\n|\n|-weather|SunnyDay|[upkeep]\n|-heal|p1a: Wo-Chain|100\/100|[from] item: Leftovers\n|-damage|p2a: Dondozo|0 fnt|[from] Leech Seed|[of] p1a: Wo-Chain\n|faint|p2a: Dondozo\n|upkeep\n|\n|t:|1698149678\n|switch|p2a: Zamazenta|Zamazenta-Crowned|100\/100\n|-ability|p2a: Zamazenta|Dauntless Shield|boost\n|-boost|p2a: Zamazenta|def|1\n|turn|12\n|\n|t:|1698149692\n|move|p2a: Zamazenta|Body Press|p1a: Wo-Chain\n|-supereffective|p1a: Wo-Chain\n|-damage|p1a: Wo-Chain|23\/100\n|move|p1a: Wo-Chain|Leech Seed|p2a: Zamazenta\n|-start|p2a: Zamazenta|move: Leech Seed\n|\n|-weather|SunnyDay|[upkeep]\n|-heal|p1a: Wo-Chain|29\/100|[from] item: Leftovers\n|-damage|p2a: Zamazenta|88\/100|[from] Leech Seed|[of] p1a: Wo-Chain\n|-heal|p1a: Wo-Chain|44\/100|[silent]\n|upkeep\n|turn|13\n|\n|t:|1698149704\n|move|p2a: Zamazenta|Iron Defense|p2a: Zamazenta\n|-boost|p2a: Zamazenta|def|2\n|move|p1a: Wo-Chain|Giga Drain|p2a: Zamazenta\n|-resisted|p2a: Zamazenta\n|-damage|p2a: Zamazenta|80\/100\n|-heal|p1a: Wo-Chain|50\/100|[from] drain|[of] p2a: Zamazenta\n|\n|-weather|none\n|-heal|p1a: Wo-Chain|56\/100|[from] item: Leftovers\n|-damage|p2a: Zamazenta|67\/100|[from] Leech Seed|[of] p1a: Wo-Chain\n|-heal|p1a: Wo-Chain|71\/100|[silent]\n|upkeep\n|turn|14\n|\n|t:|1698149715\n|move|p1a: Wo-Chain|Protect|p1a: Wo-Chain\n|-singleturn|p1a: Wo-Chain|Protect\n|move|p2a: Zamazenta|Iron Defense|p2a: Zamazenta\n|-boost|p2a: Zamazenta|def|2\n|\n|-heal|p1a: Wo-Chain|77\/100|[from] item: Leftovers\n|-damage|p2a: Zamazenta|55\/100|[from] Leech Seed|[of] p1a: Wo-Chain\n|-heal|p1a: Wo-Chain|93\/100|[silent]\n|upkeep\n|turn|15\n|l|\u2606Carina17\n|player|p1|\n|j|\u2606Carina17\n|player|p1|Carina17|cynthia\n|inactive|Battle timer is ON: inactive players will automatically lose when time's up. (requested by Carina17)\n|\n|t:|1698149772\n|move|p2a: Zamazenta|Body Press|p1a: Wo-Chain\n|-supereffective|p1a: Wo-Chain\n|-damage|p1a: Wo-Chain|0 fnt\n|faint|p1a: Wo-Chain\n|\n|upkeep\n|\n|t:|1698149783\n|switch|p1a: Chi You?|Chi-Yu|100\/100\n|-ability|p1a: Chi You?|Beads of Ruin\n|turn|16\n|\n|t:|1698149791\n|move|p1a: Chi You?|Heat Wave|p2a: Zamazenta\n|-supereffective|p2a: Zamazenta\n|-damage|p2a: Zamazenta|0 fnt\n|faint|p2a: Zamazenta\n|\n|win|Carina17\n|raw|Carina17's rating: 1056 &rarr; <strong>1090<\/strong><br \/>(+34 for winning)\n|raw|Ghonnyrazzeeeeeerr's rating: 1087 &rarr; <strong>1062<\/strong><br \/>(-25 for losing)\n","uploadtime":1698149801,"views":7,"p1id":"carina17","p2id":"ghonnyrazzeeeeeerr","formatid":"gen9ubers","rating":1062,"private":0,"password":""}