{"id":"gen9ubers-1977714260","p1":"Im_Not_A_Whale","p2":"LuukTheGamer","format":"[Gen 9] Ubers","log":"|j|\u2606Im_Not_A_Whale\n|j|\u2606LuukTheGamer\n|t:|1698441392\n|gametype|singles\n|player|p1|Im_Not_A_Whale|drayden|\n|player|p2|LuukTheGamer|mira|\n|teamsize|p1|6\n|teamsize|p2|6\n|gen|9\n|tier|[Gen 9] Ubers\n|rule|Sleep Clause Mod: Limit one foe put to sleep\n|rule|Species Clause: Limit one of each Pok\u00e9mon\n|rule|OHKO Clause: OHKO moves are banned\n|rule|Evasion Items Clause: Evasion items are banned\n|rule|Evasion Moves Clause: Evasion moves are banned\n|rule|Endless Battle Clause: Forcing endless battles is banned\n|rule|HP Percentage Mod: HP is shown in percentages\n|clearpoke\n|poke|p1|Darkrai|\n|poke|p1|Palafin, F|\n|poke|p1|Samurott-Hisui, M|\n|poke|p1|Sableye, F|\n|poke|p1|Giratina|\n|poke|p1|Shaymin-Sky|\n|poke|p2|Dialga-Origin|\n|poke|p2|Rillaboom, F|\n|poke|p2|Arceus-Fire|\n|poke|p2|Espathra, F|\n|poke|p2|Donphan, L6, F|\n|poke|p2|Sneasler, M|\n|teampreview\n|inactive|Battle timer is ON: inactive players will automatically lose when time's up. (requested by LuukTheGamer)\n|\n|t:|1698441412\n|start\n|switch|p1a: Palafin|Palafin, F|100\/100\n|switch|p2a: Rock 5ever|Donphan, L6, F|100\/100\n|turn|1\n|\n|t:|1698441418\n|move|p1a: Palafin|Flip Turn|p2a: Rock 5ever\n|-supereffective|p2a: Rock 5ever\n|-ability|p2a: Rock 5ever|Sturdy\n|-damage|p2a: Rock 5ever|4\/100\n|\n|t:|1698441422\n|detailschange|p1a: Palafin|Palafin-Hero, F\n|switch|p1a: Samurott|Samurott-Hisui, M|100\/100|[from] Flip Turn\n|move|p2a: Rock 5ever|Stealth Rock|p1a: Samurott\n|-sidestart|p1: Im_Not_A_Whale|move: Stealth Rock\n|\n|upkeep\n|turn|2\n|-enditem|p2a: Rock 5ever|Custap Berry|[eat]\n|-activate|p2a: Rock 5ever|item: Custap Berry|[consumed]\n|\n|t:|1698441429\n|move|p2a: Rock 5ever|Endeavor|p1a: Samurott\n|-damage|p1a: Samurott|1\/100\n|move|p1a: Samurott|Ceaseless Edge|p2a: Rock 5ever\n|-damage|p2a: Rock 5ever|0 fnt\n|-sidestart|p2: LuukTheGamer|Spikes\n|faint|p2a: Rock 5ever\n|\n|upkeep\n|\n|t:|1698441449\n|switch|p2a: Rillaboom|Rillaboom, F|100\/100\n|-damage|p2a: Rillaboom|88\/100|[from] Spikes\n|-fieldstart|move: Grassy Terrain|[from] ability: Grassy Surge|[of] p2a: Rillaboom\n|turn|3\n|\n|t:|1698441467\n|move|p2a: Rillaboom|Grassy Glide|p1a: Samurott\n|-supereffective|p1a: Samurott\n|-damage|p1a: Samurott|0 fnt\n|faint|p1a: Samurott\n|\n|-heal|p2a: Rillaboom|94\/100|[from] Grassy Terrain\n|upkeep\n|\n|t:|1698441476\n|switch|p1a: Shaymin|Shaymin-Sky|100\/100\n|-damage|p1a: Shaymin|76\/100|[from] Stealth Rock\n|turn|4\n|inactive|LuukTheGamer has 270 seconds left.\n|\n|t:|1698441530\n|switch|p2a: Sneasler|Sneasler, M, shiny|100\/100\n|-damage|p2a: Sneasler|88\/100|[from] Spikes\n|-enditem|p2a: Sneasler|Grassy Seed\n|-boost|p2a: Sneasler|def|1|[from] item: Grassy Seed\n|move|p1a: Shaymin|Air Slash|p2a: Sneasler\n|-supereffective|p2a: Sneasler\n|-damage|p2a: Sneasler|0 fnt\n|faint|p2a: Sneasler\n|\n|upkeep\n|inactive|LuukTheGamer has 240 seconds left.\n|\n|t:|1698441547\n|switch|p2a: Arceus|Arceus-Fire|100\/100\n|-damage|p2a: Arceus|88\/100|[from] Spikes\n|turn|5\n|\n|t:|1698441561\n|switch|p1a: Palafin|Palafin-Hero, F|100\/100\n|-damage|p1a: Palafin|88\/100|[from] Stealth Rock\n|-activate|p1a: Palafin|ability: Zero to Hero\n|move|p2a: Arceus|Dragon Dance|p2a: Arceus\n|-boost|p2a: Arceus|atk|1\n|-boost|p2a: Arceus|spe|1\n|\n|-heal|p2a: Arceus|94\/100|[from] Grassy Terrain\n|-heal|p1a: Palafin|94\/100|[from] Grassy Terrain\n|upkeep\n|turn|6\n|inactive|LuukTheGamer has 240 seconds left.\n|\n|t:|1698441598\n|switch|p2a: Rillaboom|Rillaboom, F|94\/100\n|-damage|p2a: Rillaboom|82\/100|[from] Spikes\n|-terastallize|p1a: Palafin|Water\n|move|p1a: Palafin|Jet Punch|p2a: Rillaboom\n|-resisted|p2a: Rillaboom\n|-damage|p2a: Rillaboom|54\/100\n|\n|-heal|p1a: Palafin|100\/100|[from] Grassy Terrain\n|-heal|p2a: Rillaboom|61\/100|[from] Grassy Terrain\n|upkeep\n|turn|7\n|\n|t:|1698441615\n|switch|p1a: Sableye|Sableye, F|100\/100\n|-damage|p1a: Sableye|88\/100|[from] Stealth Rock\n|move|p2a: Rillaboom|Grassy Glide|p1a: Sableye\n|-damage|p1a: Sableye|4\/100\n|\n|-heal|p2a: Rillaboom|67\/100|[from] Grassy Terrain\n|-heal|p1a: Sableye|10\/100|[from] Grassy Terrain\n|-heal|p1a: Sableye|16\/100|[from] item: Leftovers\n|-fieldend|move: Grassy Terrain\n|upkeep\n|turn|8\n|inactive|LuukTheGamer has 210 seconds left.\n|inactive|LuukTheGamer has 180 seconds left.\n|\n|t:|1698441665\n|switch|p2a: Arceus|Arceus-Fire|94\/100\n|-damage|p2a: Arceus|82\/100|[from] Spikes\n|move|p1a: Sableye|Reflect|p1a: Sableye\n|-sidestart|p1: Im_Not_A_Whale|Reflect\n|\n|-heal|p1a: Sableye|22\/100|[from] item: Leftovers\n|upkeep\n|turn|9\n|inactive|LuukTheGamer has 180 seconds left.\n|\n|t:|1698441679\n|move|p1a: Sableye|Encore||[still]\n|-fail|p1a: Sableye\n|move|p2a: Arceus|Flare Blitz|p1a: Sableye\n|-damage|p1a: Sableye|0 fnt\n|faint|p1a: Sableye\n|-damage|p2a: Arceus|76\/100|[from] Recoil\n|\n|upkeep\n|\n|t:|1698441695\n|switch|p1a: Palafin|Palafin-Hero, F, tera:Water|100\/100\n|-damage|p1a: Palafin|88\/100|[from] Stealth Rock\n|turn|10\n|inactive|LuukTheGamer has 180 seconds left.\n|inactive|LuukTheGamer has 150 seconds left.\n|\n|t:|1698441760\n|switch|p2a: Dialga|Dialga-Origin|100\/100\n|-damage|p2a: Dialga|88\/100|[from] Spikes\n|-ability|p2a: Dialga|Pressure\n|move|p1a: Palafin|Jet Punch|p2a: Dialga\n|-resisted|p2a: Dialga\n|-damage|p2a: Dialga|67\/100\n|\n|upkeep\n|turn|11\n|\n|t:|1698441775\n|switch|p1a: Darkrai|Darkrai|100\/100\n|-damage|p1a: Darkrai|88\/100|[from] Stealth Rock\n|move|p2a: Dialga|Thunder Wave|p1a: Darkrai\n|-status|p1a: Darkrai|par\n|\n|upkeep\n|turn|12\n|inactive|LuukTheGamer has 120 seconds left.\n|\n|t:|1698441808\n|move|p2a: Dialga|Draco Meteor|p1a: Darkrai|[miss]\n|-miss|p2a: Dialga|p1a: Darkrai\n|move|p1a: Darkrai|Hypnosis|p2a: Dialga\n|-status|p2a: Dialga|slp|[from] move: Hypnosis\n|\n|-sideend|p1: Im_Not_A_Whale|Reflect\n|-damage|p2a: Dialga|55\/100 slp|[from] ability: Bad Dreams|[of] p1a: Darkrai\n|upkeep\n|turn|13\n|l|\u2606Im_Not_A_Whale\n|inactive|Im_Not_A_Whale disconnected and has 300 seconds to reconnect!\n|player|p1|\n|j|\u2606Im_Not_A_Whale\n|inactive|Im_Not_A_Whale reconnected and has 280 seconds left.\n|player|p1|Im_Not_A_Whale|drayden\n|\n|t:|1698441840\n|cant|p2a: Dialga|slp\n|move|p1a: Darkrai|Hex|p2a: Dialga\n|-damage|p2a: Dialga|23\/100 slp\n|\n|-damage|p2a: Dialga|11\/100 slp|[from] ability: Bad Dreams|[of] p1a: Darkrai\n|upkeep\n|turn|14\n|\n|t:|1698441845\n|cant|p2a: Dialga|slp\n|move|p1a: Darkrai|Hex|p2a: Dialga\n|-damage|p2a: Dialga|0 fnt\n|faint|p2a: Dialga\n|\n|upkeep\n|\n|t:|1698441849\n|switch|p2a: Rillaboom|Rillaboom, F|67\/100\n|-damage|p2a: Rillaboom|54\/100|[from] Spikes\n|-fieldstart|move: Grassy Terrain|[from] ability: Grassy Surge|[of] p2a: Rillaboom\n|turn|15\n|\n|t:|1698441864\n|move|p2a: Rillaboom|U-turn|p1a: Darkrai\n|-supereffective|p1a: Darkrai\n|-damage|p1a: Darkrai|0 fnt\n|faint|p1a: Darkrai\n|\n|t:|1698441877\n|switch|p2a: Espathra|Espathra, F|100\/100|[from] U-turn\n|-damage|p2a: Espathra|88\/100|[from] Spikes\n|-enditem|p2a: Espathra|Grassy Seed\n|-boost|p2a: Espathra|def|1|[from] item: Grassy Seed\n|\n|-heal|p2a: Espathra|94\/100|[from] Grassy Terrain\n|upkeep\n|\n|t:|1698441893\n|switch|p1a: Shaymin|Shaymin-Sky|76\/100\n|-damage|p1a: Shaymin|51\/100|[from] Stealth Rock\n|turn|16\n|\n|t:|1698441898\n|move|p2a: Espathra|Protect|p2a: Espathra\n|-singleturn|p2a: Espathra|Protect\n|move|p1a: Shaymin|Air Slash|p2a: Espathra\n|-activate|p2a: Espathra|move: Protect\n|\n|-heal|p2a: Espathra|100\/100|[from] Grassy Terrain\n|-ability|p2a: Espathra|Speed Boost|boost\n|-boost|p2a: Espathra|spe|1\n|upkeep\n|turn|17\n|inactive|LuukTheGamer has 120 seconds left.\n|\n|t:|1698441915\n|move|p2a: Espathra|Calm Mind|p2a: Espathra\n|-boost|p2a: Espathra|spa|1\n|-boost|p2a: Espathra|spd|1\n|move|p1a: Shaymin|Air Slash|p2a: Espathra\n|-damage|p2a: Espathra|48\/100\n|\n|-heal|p2a: Espathra|54\/100|[from] Grassy Terrain\n|-ability|p2a: Espathra|Speed Boost|boost\n|-boost|p2a: Espathra|spe|1\n|upkeep\n|turn|18\n|\n|t:|1698441929\n|move|p2a: Espathra|Stored Power|p1a: Shaymin\n|-damage|p1a: Shaymin|0 fnt\n|faint|p1a: Shaymin\n|\n|-heal|p2a: Espathra|61\/100|[from] Grassy Terrain\n|-ability|p2a: Espathra|Speed Boost|boost\n|-boost|p2a: Espathra|spe|1\n|upkeep\n|\n|t:|1698441932\n|switch|p1a: Palafin|Palafin-Hero, F, tera:Water|88\/100\n|-damage|p1a: Palafin|76\/100|[from] Stealth Rock\n|turn|19\n|inactive|LuukTheGamer has 120 seconds left.\n|\n|t:|1698441952\n|move|p2a: Espathra|Protect|p2a: Espathra\n|-singleturn|p2a: Espathra|Protect\n|move|p1a: Palafin|Jet Punch|p2a: Espathra\n|-activate|p2a: Espathra|move: Protect\n|\n|-heal|p2a: Espathra|67\/100|[from] Grassy Terrain\n|-heal|p1a: Palafin|82\/100|[from] Grassy Terrain\n|-fieldend|move: Grassy Terrain\n|-ability|p2a: Espathra|Speed Boost|boost\n|-boost|p2a: Espathra|spe|1\n|upkeep\n|turn|20\n|\n|t:|1698441958\n|move|p1a: Palafin|Jet Punch|p2a: Espathra\n|-damage|p2a: Espathra|37\/100\n|move|p2a: Espathra|Stored Power|p1a: Palafin\n|-damage|p1a: Palafin|0 fnt\n|faint|p1a: Palafin\n|\n|-ability|p2a: Espathra|Speed Boost|boost\n|-boost|p2a: Espathra|spe|1\n|upkeep\n|\n|t:|1698441960\n|switch|p1a: Giratina|Giratina|100\/100\n|-damage|p1a: Giratina|88\/100|[from] Stealth Rock\n|-ability|p1a: Giratina|Pressure\n|turn|21\n|\n|t:|1698441968\n|move|p2a: Espathra|Protect|p2a: Espathra\n|-singleturn|p2a: Espathra|Protect\n|move|p1a: Giratina|Hex|p2a: Espathra\n|-activate|p2a: Espathra|move: Protect\n|\n|-heal|p1a: Giratina|94\/100|[from] item: Leftovers\n|-ability|p2a: Espathra|Speed Boost|boost\n|-boost|p2a: Espathra|spe|1\n|upkeep\n|turn|22\n|c|\u2606Im_Not_A_Whale|Ggs\n|\n|t:|1698441979\n|move|p2a: Espathra|Stored Power|p1a: Giratina\n|-damage|p1a: Giratina|34\/100\n|move|p1a: Giratina|Hex|p2a: Espathra\n|-supereffective|p2a: Espathra\n|-damage|p2a: Espathra|0 fnt\n|faint|p2a: Espathra\n|\n|-heal|p1a: Giratina|41\/100|[from] item: Leftovers\n|upkeep\n|inactive|LuukTheGamer has 120 seconds left.\n|\n|t:|1698442014\n|switch|p2a: Rillaboom|Rillaboom, F|54\/100\n|-damage|p2a: Rillaboom|42\/100|[from] Spikes\n|-fieldstart|move: Grassy Terrain|[from] ability: Grassy Surge|[of] p2a: Rillaboom\n|turn|23\n|inactive|LuukTheGamer has 90 seconds left.\n|\n|t:|1698442036\n|-terastallize|p2a: Rillaboom|Grass\n|move|p2a: Rillaboom|Wood Hammer|p1a: Giratina\n|-resisted|p1a: Giratina\n|-damage|p1a: Giratina|0 fnt\n|faint|p1a: Giratina\n|-damage|p2a: Rillaboom|22\/100|[from] Recoil\n|\n|win|LuukTheGamer\n|c|\u2606LuukTheGamer|gg\n|l|\u2606Im_Not_A_Whale\n","uploadtime":1698442053,"views":17,"p1id":"imnotawhale","p2id":"luukthegamer","formatid":"gen9ubers","rating":0,"private":0,"password":""}