{"id":"gen9ubers-1986507417","p1":"slakish","p2":"the guy who lose","format":"[Gen 9] Ubers","log":"|j|\u2606slakish\n|j|\u2606the guy who lose\n|t:|1699486154\n|gametype|singles\n|player|p1|slakish|265|1234\n|player|p2|the guy who lose|unknown|1169\n|teamsize|p1|6\n|teamsize|p2|6\n|gen|9\n|tier|[Gen 9] Ubers\n|rated|\n|rule|Sleep Clause Mod: Limit one foe put to sleep\n|rule|Species Clause: Limit one of each Pok\u00e9mon\n|rule|OHKO Clause: OHKO moves are banned\n|rule|Evasion Items Clause: Evasion items are banned\n|rule|Evasion Moves Clause: Evasion moves are banned\n|rule|Endless Battle Clause: Forcing endless battles is banned\n|rule|HP Percentage Mod: HP is shown in percentages\n|clearpoke\n|poke|p1|Miraidon|\n|poke|p1|Flutter Mane|\n|poke|p1|Regieleki|\n|poke|p1|Walking Wake|\n|poke|p1|Groudon|\n|poke|p1|Roaring Moon|\n|poke|p2|Ribombee, M|\n|poke|p2|Rayquaza|\n|poke|p2|Zacian-*|\n|poke|p2|Iron Bundle|\n|poke|p2|Skeledirge, M|\n|poke|p2|Palkia-Origin|\n|teampreview\n|c|\u2606slakish|glhf\n|inactive|Battle timer is ON: inactive players will automatically lose when time's up. (requested by the guy who lose)\n|\n|t:|1699486159\n|start\n|switch|p1a: Regieleki|Regieleki|100\/100\n|switch|p2a: Ribombee|Ribombee, M|100\/100\n|turn|1\n|\n|t:|1699486165\n|move|p1a: Regieleki|Thunderbolt|p2a: Ribombee\n|-damage|p2a: Ribombee|24\/100\n|move|p2a: Ribombee|Sticky Web|p1a: Regieleki\n|-sidestart|p1: slakish|move: Sticky Web\n|\n|upkeep\n|turn|2\n|\n|t:|1699486173\n|switch|p2a: Skeledirge|Skeledirge, M|100\/100\n|move|p1a: Regieleki|Rapid Spin|p2a: Skeledirge\n|-immune|p2a: Skeledirge\n|\n|upkeep\n|turn|3\n|\n|t:|1699486178\n|move|p1a: Regieleki|Volt Switch|p2a: Skeledirge\n|-damage|p2a: Skeledirge|59\/100\n|\n|t:|1699486194\n|switch|p1a: Flutter Mane|Flutter Mane|100\/100|[from] Volt Switch\n|-activate|p1a: Flutter Mane|move: Sticky Web\n|-unboost|p1a: Flutter Mane|spe|1\n|move|p2a: Skeledirge|Torch Song|p1a: Flutter Mane\n|-damage|p1a: Flutter Mane|71\/100\n|-boost|p2a: Skeledirge|spa|1\n|\n|upkeep\n|turn|4\n|\n|t:|1699486197\n|move|p1a: Flutter Mane|Shadow Ball|p2a: Skeledirge\n|-supereffective|p2a: Skeledirge\n|-damage|p2a: Skeledirge|0 fnt\n|faint|p2a: Skeledirge\n|\n|upkeep\n|\n|t:|1699486202\n|switch|p2a: Palkia|Palkia-Origin|100\/100\n|-ability|p2a: Palkia|Pressure\n|turn|5\n|\n|t:|1699486224\n|-end|p1a: Flutter Mane|Protosynthesis|[silent]\n|switch|p1a: Regieleki|Regieleki|100\/100\n|move|p2a: Palkia|Hydro Pump|p1a: Regieleki\n|-damage|p1a: Regieleki|0 fnt\n|faint|p1a: Regieleki\n|\n|upkeep\n|c|\u2606slakish|damn\n|c|\u2606slakish|F\n|\n|t:|1699486232\n|switch|p1a: Groudon|Groudon|100\/100\n|-activate|p1a: Groudon|move: Sticky Web\n|-unboost|p1a: Groudon|spe|1\n|-weather|SunnyDay|[from] ability: Drought|[of] p1a: Groudon\n|turn|6\n|\n|t:|1699486238\n|move|p2a: Palkia|Hydro Pump|p1a: Groudon|[miss]\n|-miss|p2a: Palkia|p1a: Groudon\n|move|p1a: Groudon|Spikes|p2a: Palkia\n|-sidestart|p2: the guy who lose|Spikes\n|\n|-weather|SunnyDay|[upkeep]\n|upkeep\n|turn|7\n|\n|t:|1699486241\n|move|p2a: Palkia|Hydro Pump|p1a: Groudon\n|-supereffective|p1a: Groudon\n|-damage|p1a: Groudon|39\/100\n|move|p1a: Groudon|Solar Beam||[still]\n|-prepare|p1a: Groudon|Solar Beam\n|-anim|p1a: Groudon|Solar Beam|p2a: Palkia\n|-damage|p2a: Palkia|76\/100\n|\n|-weather|SunnyDay|[upkeep]\n|upkeep\n|turn|8\n|\n|t:|1699486244\n|move|p2a: Palkia|Fire Blast|p1a: Groudon|[miss]\n|-miss|p2a: Palkia|p1a: Groudon\n|move|p1a: Groudon|Spikes|p2a: Palkia\n|-sidestart|p2: the guy who lose|Spikes\n|\n|-weather|SunnyDay|[upkeep]\n|upkeep\n|turn|9\n|\n|t:|1699486247\n|move|p2a: Palkia|Fire Blast|p1a: Groudon\n|-damage|p1a: Groudon|0 fnt\n|faint|p1a: Groudon\n|\n|-weather|SunnyDay|[upkeep]\n|upkeep\n|\n|t:|1699486260\n|switch|p1a: Walking Wake|Walking Wake|100\/100\n|-activate|p1a: Walking Wake|move: Sticky Web\n|-unboost|p1a: Walking Wake|spe|1\n|-activate|p1a: Walking Wake|ability: Protosynthesis\n|-start|p1a: Walking Wake|protosynthesisspa\n|turn|10\n|\n|t:|1699486265\n|-terastallize|p1a: Walking Wake|Water\n|move|p2a: Palkia|Draco Meteor|p1a: Walking Wake\n|-damage|p1a: Walking Wake|0 fnt\n|-unboost|p2a: Palkia|spa|2\n|faint|p1a: Walking Wake\n|-end|p1a: Walking Wake|Protosynthesis|[silent]\n|\n|-weather|SunnyDay|[upkeep]\n|upkeep\n|c|\u2606slakish|wtf\n|\n|t:|1699486272\n|switch|p1a: Flutter Mane|Flutter Mane|71\/100\n|-activate|p1a: Flutter Mane|move: Sticky Web\n|-unboost|p1a: Flutter Mane|spe|1\n|-activate|p1a: Flutter Mane|ability: Protosynthesis\n|-start|p1a: Flutter Mane|protosynthesisspa\n|turn|11\n|c|\u2606slakish|lol tf was that\n|\n|t:|1699486277\n|switch|p2a: Ribombee|Ribombee, M|24\/100\n|-damage|p2a: Ribombee|8\/100|[from] Spikes\n|move|p1a: Flutter Mane|Moonblast|p2a: Ribombee\n|-damage|p2a: Ribombee|0 fnt\n|faint|p2a: Ribombee\n|\n|-weather|SunnyDay|[upkeep]\n|upkeep\n|\n|t:|1699486281\n|switch|p2a: Zacian|Zacian-Crowned|100\/100\n|-damage|p2a: Zacian|84\/100|[from] Spikes\n|-ability|p2a: Zacian|Intrepid Sword|boost\n|-boost|p2a: Zacian|atk|1\n|turn|12\n|\n|t:|1699486286\n|-end|p1a: Flutter Mane|Protosynthesis|[silent]\n|switch|p1a: Roaring Moon|Roaring Moon|100\/100\n|-activate|p1a: Roaring Moon|move: Sticky Web\n|-unboost|p1a: Roaring Moon|spe|1\n|-activate|p1a: Roaring Moon|ability: Protosynthesis\n|-start|p1a: Roaring Moon|protosynthesisatk\n|move|p2a: Zacian|Behemoth Blade|p1a: Roaring Moon\n|-damage|p1a: Roaring Moon|0 fnt\n|faint|p1a: Roaring Moon\n|-end|p1a: Roaring Moon|Protosynthesis|[silent]\n|\n|-weather|SunnyDay|[upkeep]\n|upkeep\n|\n|t:|1699486291\n|switch|p1a: Flutter Mane|Flutter Mane|71\/100\n|-activate|p1a: Flutter Mane|move: Sticky Web\n|-unboost|p1a: Flutter Mane|spe|1\n|-activate|p1a: Flutter Mane|ability: Protosynthesis\n|-start|p1a: Flutter Mane|protosynthesisspa\n|turn|13\n|\n|t:|1699486294\n|move|p2a: Zacian|Behemoth Blade|p1a: Flutter Mane\n|-supereffective|p1a: Flutter Mane\n|-damage|p1a: Flutter Mane|0 fnt\n|faint|p1a: Flutter Mane\n|-end|p1a: Flutter Mane|Protosynthesis|[silent]\n|\n|-weather|none\n|upkeep\n|-message|slakish forfeited.\n|\n|win|the guy who lose\n|raw|slakish's rating: 1234 &rarr; <strong>1204<\/strong><br \/>(-30 for losing)\n|raw|the guy who lose's rating: 1169 &rarr; <strong>1199<\/strong><br \/>(+30 for winning)\n|l|\u2606slakish\n","uploadtime":1699486309,"views":21,"p1id":"slakish","p2id":"theguywholose","formatid":"gen9ubers","rating":1199,"private":0,"password":""}