{"id":"gen9ubers-1977730209","p1":"Changos mugrosos","p2":"SadaShidz\ufe0f","format":"[Gen 9] Ubers","log":"|j|\u2606Changos mugrosos\n|j|\u203dSadaShidz\ufe0f\n|t:|1698443045\n|gametype|singles\n|player|p1|Changos mugrosos|170|1223\n|player|p2|SadaShidz\ufe0f|sada-ai|1210\n|teamsize|p1|6\n|teamsize|p2|6\n|gen|9\n|tier|[Gen 9] Ubers\n|rated|\n|rule|Sleep Clause Mod: Limit one foe put to sleep\n|rule|Species Clause: Limit one of each Pok\u00e9mon\n|rule|OHKO Clause: OHKO moves are banned\n|rule|Evasion Items Clause: Evasion items are banned\n|rule|Evasion Moves Clause: Evasion moves are banned\n|rule|Endless Battle Clause: Forcing endless battles is banned\n|rule|HP Percentage Mod: HP is shown in percentages\n|clearpoke\n|poke|p1|Miraidon|\n|poke|p1|Koraidon|\n|poke|p1|Clodsire, F|\n|poke|p1|Iron Bundle|\n|poke|p1|Flutter Mane|\n|poke|p1|Regieleki|\n|poke|p2|Ribombee, M|\n|poke|p2|Shaymin-Sky|\n|poke|p2|Amoonguss, M|\n|poke|p2|Darkrai|\n|poke|p2|Manaphy|\n|poke|p2|Koraidon|\n|teampreview\n|inactive|Battle timer is ON: inactive players will automatically lose when time's up. (requested by SadaShidz\ufe0f)\n|\n|t:|1698443065\n|start\n|switch|p1a: Regieleki|Regieleki|100\/100\n|switch|p2a: Ribombee|Ribombee, M, shiny|100\/100\n|turn|1\n|\n|t:|1698443071\n|move|p1a: Regieleki|Charge|p1a: Regieleki\n|-boost|p1a: Regieleki|spd|1\n|-start|p1a: Regieleki|Charge\n|move|p2a: Ribombee|Sticky Web|p1a: Regieleki\n|-sidestart|p1: Changos mugrosos|move: Sticky Web\n|\n|upkeep\n|turn|2\n|\n|t:|1698443081\n|switch|p2a: Amoonguss|Amoonguss, M, shiny|100\/100\n|move|p1a: Regieleki|Rapid Spin|p2a: Amoonguss\n|-damage|p2a: Amoonguss|90\/100\n|-boost|p1a: Regieleki|spe|1\n|-sideend|p1: Changos mugrosos|Sticky Web|[from] move: Rapid Spin|[of] p1a: Regieleki\n|\n|-heal|p2a: Amoonguss|96\/100|[from] item: Black Sludge\n|upkeep\n|turn|3\n|\n|t:|1698443105\n|-terastallize|p1a: Regieleki|Ice\n|move|p1a: Regieleki|Tera Blast|p2a: Amoonguss|[anim] Tera Blast Ice\n|-supereffective|p2a: Amoonguss\n|-damage|p2a: Amoonguss|34\/100\n|move|p2a: Amoonguss|Spore|p1a: Regieleki\n|-status|p1a: Regieleki|slp|[from] move: Spore\n|\n|-heal|p2a: Amoonguss|40\/100|[from] item: Black Sludge\n|upkeep\n|turn|4\n|\n|t:|1698443116\n|switch|p2a: Koraidon|Koraidon|100\/100\n|-weather|SunnyDay|[from] ability: Orichalcum Pulse|[of] p2a: Koraidon\n|-activate|p2a: Koraidon|Orichalcum Pulse|[source]\n|cant|p1a: Regieleki|slp\n|\n|-weather|SunnyDay|[upkeep]\n|upkeep\n|turn|5\n|\n|t:|1698443119\n|cant|p1a: Regieleki|slp\n|move|p2a: Koraidon|Flame Charge|p1a: Regieleki\n|-supereffective|p1a: Regieleki\n|-damage|p1a: Regieleki|0 fnt\n|-boost|p2a: Koraidon|spe|1\n|faint|p1a: Regieleki\n|\n|-weather|SunnyDay|[upkeep]\n|upkeep\n|\n|t:|1698443126\n|switch|p1a: Flutter Mane|Flutter Mane|100\/100\n|-activate|p1a: Flutter Mane|ability: Protosynthesis\n|-start|p1a: Flutter Mane|protosynthesisspa\n|turn|6\n|\n|t:|1698443133\n|-terastallize|p2a: Koraidon|Fire\n|move|p2a: Koraidon|Bulk Up|p2a: Koraidon\n|-boost|p2a: Koraidon|atk|1\n|-boost|p2a: Koraidon|def|1\n|move|p1a: Flutter Mane|Moonblast|p2a: Koraidon\n|-resisted|p2a: Koraidon\n|-crit|p2a: Koraidon\n|-damage|p2a: Koraidon|50\/100\n|\n|-weather|SunnyDay|[upkeep]\n|upkeep\n|turn|7\n|\n|t:|1698443135\n|move|p2a: Koraidon|Flame Charge|p1a: Flutter Mane\n|-damage|p1a: Flutter Mane|0 fnt\n|-boost|p2a: Koraidon|spe|1\n|faint|p1a: Flutter Mane\n|-end|p1a: Flutter Mane|Protosynthesis|[silent]\n|\n|-weather|SunnyDay|[upkeep]\n|upkeep\n|\n|t:|1698443141\n|switch|p1a: Clodsire|Clodsire, F|100\/100\n|turn|8\n|\n|t:|1698443153\n|move|p2a: Koraidon|Scale Shot|p1a: Clodsire\n|-damage|p1a: Clodsire|86\/100\n|-damage|p1a: Clodsire|73\/100\n|-damage|p1a: Clodsire|59\/100\n|-damage|p1a: Clodsire|47\/100\n|-damage|p1a: Clodsire|33\/100\n|-hitcount|p1a: Clodsire|5\n|-enditem|p1a: Clodsire|Red Card|[of] p2a: Koraidon\n|-unboost|p2a: Koraidon|def|1\n|-boost|p2a: Koraidon|spe|1\n|drag|p2a: Manaphy|Manaphy, shiny|100\/100\n|move|p1a: Clodsire|Stealth Rock|p2a: Manaphy\n|-sidestart|p2: SadaShidz\ufe0f|move: Stealth Rock\n|\n|-weather|none\n|upkeep\n|turn|9\n|\n|t:|1698443162\n|move|p2a: Manaphy|Take Heart|p2a: Manaphy\n|-boost|p2a: Manaphy|spa|1\n|-boost|p2a: Manaphy|spd|1\n|move|p1a: Clodsire|Toxic|p2a: Manaphy\n|-status|p2a: Manaphy|tox\n|\n|-damage|p2a: Manaphy|94\/100 tox|[from] psn\n|upkeep\n|turn|10\n|\n|t:|1698443166\n|switch|p1a: Miraidon|Miraidon|100\/100\n|-fieldstart|move: Electric Terrain|[from] ability: Hadron Engine|[of] p1a: Miraidon\n|move|p2a: Manaphy|Take Heart|p2a: Manaphy\n|-boost|p2a: Manaphy|spa|1\n|-boost|p2a: Manaphy|spd|1\n|-curestatus|p2a: Manaphy|tox|[msg]\n|\n|-heal|p2a: Manaphy|100\/100|[from] item: Leftovers\n|upkeep\n|turn|11\n|\n|t:|1698443180\n|move|p1a: Miraidon|Electro Ball|p2a: Manaphy\n|-supereffective|p2a: Manaphy\n|-damage|p2a: Manaphy|34\/100\n|move|p2a: Manaphy|Stored Power|p1a: Miraidon\n|-damage|p1a: Miraidon|40\/100\n|\n|-heal|p2a: Manaphy|40\/100|[from] item: Leftovers\n|upkeep\n|turn|12\n|\n|t:|1698443185\n|move|p1a: Miraidon|Electro Ball|p2a: Manaphy\n|-supereffective|p2a: Manaphy\n|-damage|p2a: Manaphy|0 fnt\n|faint|p2a: Manaphy\n|\n|upkeep\n|\n|t:|1698443192\n|switch|p2a: Amoonguss|Amoonguss, M, shiny|74\/100\n|-damage|p2a: Amoonguss|61\/100|[from] Stealth Rock\n|turn|13\n|\n|t:|1698443200\n|move|p1a: Miraidon|Electro Ball|p2a: Amoonguss\n|-resisted|p2a: Amoonguss\n|-damage|p2a: Amoonguss|0 fnt\n|faint|p2a: Amoonguss\n|\n|upkeep\n|\n|t:|1698443212\n|switch|p2a: Ribombee|Ribombee, M, shiny|100\/100\n|-damage|p2a: Ribombee|76\/100|[from] Stealth Rock\n|turn|14\n|\n|t:|1698443216\n|move|p1a: Miraidon|Electro Ball|p2a: Ribombee\n|-damage|p2a: Ribombee|0 fnt\n|faint|p2a: Ribombee\n|\n|-fieldend|move: Electric Terrain\n|upkeep\n|\n|t:|1698443221\n|switch|p2a: Koraidon|Koraidon, tera:Fire|50\/100\n|-damage|p2a: Koraidon|25\/100|[from] Stealth Rock\n|-weather|SunnyDay|[from] ability: Orichalcum Pulse|[of] p2a: Koraidon\n|-activate|p2a: Koraidon|Orichalcum Pulse|[source]\n|turn|15\n|\n|t:|1698443223\n|switch|p1a: Clodsire|Clodsire, F|33\/100\n|move|p2a: Koraidon|Scale Shot|p1a: Clodsire\n|-damage|p1a: Clodsire|20\/100\n|-damage|p1a: Clodsire|8\/100\n|-damage|p1a: Clodsire|0 fnt\n|faint|p1a: Clodsire\n|-hitcount|p1: Clodsire|3\n|-unboost|p2a: Koraidon|def|1\n|-boost|p2a: Koraidon|spe|1\n|\n|-weather|SunnyDay|[upkeep]\n|upkeep\n|\n|t:|1698443230\n|switch|p1a: Miraidon|Miraidon|40\/100\n|-fieldstart|move: Electric Terrain|[from] ability: Hadron Engine|[of] p1a: Miraidon\n|turn|16\n|\n|t:|1698443233\n|move|p2a: Koraidon|Scale Shot|p1a: Miraidon\n|-supereffective|p1a: Miraidon\n|-damage|p1a: Miraidon|5\/100\n|-supereffective|p1a: Miraidon\n|-damage|p1a: Miraidon|0 fnt\n|faint|p1a: Miraidon\n|-hitcount|p1: Miraidon|2\n|-unboost|p2a: Koraidon|def|1\n|-boost|p2a: Koraidon|spe|1\n|\n|-weather|SunnyDay|[upkeep]\n|upkeep\n|\n|t:|1698443235\n|switch|p1a: Iron Bundle|Iron Bundle|100\/100\n|-activate|p1a: Iron Bundle|ability: Quark Drive\n|-start|p1a: Iron Bundle|quarkdrivespe\n|turn|17\n|\n|t:|1698443240\n|move|p2a: Koraidon|Collision Course|p1a: Iron Bundle\n|-supereffective|p1a: Iron Bundle\n|-damage|p1a: Iron Bundle|0 fnt\n|faint|p1a: Iron Bundle\n|-end|p1a: Iron Bundle|Quark Drive|[silent]\n|\n|-weather|SunnyDay|[upkeep]\n|upkeep\n|\n|t:|1698443242\n|switch|p1a: Koraidon|Koraidon|100\/100\n|-activate|p1a: Koraidon|ability: Orichalcum Pulse\n|turn|18\n|\n|t:|1698443245\n|move|p2a: Koraidon|Scale Shot|p1a: Koraidon\n|-supereffective|p1a: Koraidon\n|-damage|p1a: Koraidon|65\/100\n|-supereffective|p1a: Koraidon\n|-damage|p1a: Koraidon|35\/100\n|-supereffective|p1a: Koraidon\n|-damage|p1a: Koraidon|3\/100\n|-supereffective|p1a: Koraidon\n|-damage|p1a: Koraidon|0 fnt\n|faint|p1a: Koraidon\n|-hitcount|p1: Koraidon|4\n|\n|win|SadaShidz\ufe0f\n|raw|Changos mugrosos's rating: 1223 &rarr; <strong>1197<\/strong><br \/>(-26 for losing)\n|raw|SadaShidz\ufe0f's rating: 1210 &rarr; <strong>1236<\/strong><br \/>(+26 for winning)\n|l|\u2606Changos mugrosos\n","uploadtime":1698443273,"views":13,"p1id":"changosmugrosos","p2id":"sadashidz","formatid":"gen9ubers","rating":1197,"private":0,"password":""}