{"id":"gen9ubers-1982627843","p1":"AlicieLizzie","p2":"a bit moody","format":"[Gen 9] Ubers","log":"|j|\u2606AlicieLizzie\n|j|\u2606a bit moody\n|t:|1699030998\n|gametype|singles\n|player|p1|AlicieLizzie|marnie-masters3|\n|player|p2|a bit moody|1|\n|teamsize|p1|6\n|teamsize|p2|6\n|gen|9\n|tier|[Gen 9] Ubers\n|rule|Sleep Clause Mod: Limit one foe put to sleep\n|rule|Species Clause: Limit one of each Pok\u00e9mon\n|rule|OHKO Clause: OHKO moves are banned\n|rule|Evasion Items Clause: Evasion items are banned\n|rule|Evasion Moves Clause: Evasion moves are banned\n|rule|Endless Battle Clause: Forcing endless battles is banned\n|rule|HP Percentage Mod: HP is shown in percentages\n|clearpoke\n|poke|p1|Baxcalibur, F|\n|poke|p1|Ninetales-Alola, M|\n|poke|p1|Arceus-Ghost|\n|poke|p1|Espathra, F|\n|poke|p1|Kommo-o, M|\n|poke|p1|Cyclizar, M|\n|poke|p2|Clefable, M|\n|poke|p2|Alomomola, M|\n|poke|p2|Moltres|\n|poke|p2|Blissey, F|\n|poke|p2|Overqwil, F|\n|poke|p2|Spectrier|\n|teampreview\n|inactive|Battle timer is ON: inactive players will automatically lose when time's up. (requested by AlicieLizzie)\n|c|\u2606AlicieLizzie|no dugtrio from the dugtrio master???\n|\n|t:|1699031020\n|start\n|switch|p1a: Nine Inch Tails|Ninetales-Alola, M|100\/100\n|switch|p2a: Overqwil|Overqwil, F|100\/100\n|-weather|Snow|[from] ability: Snow Warning|[of] p1a: Nine Inch Tails\n|-ability|p2a: Overqwil|Intimidate|boost\n|-unboost|p1a: Nine Inch Tails|atk|1\n|turn|1\n|\n|t:|1699031024\n|move|p1a: Nine Inch Tails|Aurora Veil|p1a: Nine Inch Tails\n|-sidestart|p1: AlicieLizzie|move: Aurora Veil\n|move|p2a: Overqwil|Toxic Spikes|p1a: Nine Inch Tails\n|-sidestart|p1: AlicieLizzie|move: Toxic Spikes\n|\n|-weather|Snow|[upkeep]\n|upkeep\n|turn|2\n|\n|t:|1699031035\n|switch|p1a: CycLed Zeppelin|Cyclizar, M|100\/100\n|move|p2a: Overqwil|Toxic Spikes|p1a: CycLed Zeppelin\n|-sidestart|p1: AlicieLizzie|move: Toxic Spikes\n|\n|-weather|Snow|[upkeep]\n|upkeep\n|turn|3\n|\n|t:|1699031049\n|switch|p2a: Moltres|Moltres|100\/100\n|move|p1a: CycLed Zeppelin|Knock Off|p2a: Moltres\n|-damage|p2a: Moltres|87\/100\n|-enditem|p2a: Moltres|Heavy-Duty Boots|[from] move: Knock Off|[of] p1a: CycLed Zeppelin\n|\n|-weather|Snow|[upkeep]\n|upkeep\n|turn|4\n|\n|t:|1699031056\n|move|p1a: CycLed Zeppelin|Rapid Spin|p2a: Moltres\n|-damage|p2a: Moltres|74\/100\n|-boost|p1a: CycLed Zeppelin|spe|1\n|-sideend|p1: AlicieLizzie|Toxic Spikes|[from] move: Rapid Spin|[of] p1a: CycLed Zeppelin\n|move|p2a: Moltres|Roar|p1a: CycLed Zeppelin\n|drag|p1a: Bax Sabbath|Baxcalibur, F|100\/100\n|\n|-weather|Snow|[upkeep]\n|upkeep\n|turn|5\n|\n|t:|1699031060\n|move|p1a: Bax Sabbath|Swords Dance|p1a: Bax Sabbath\n|-boost|p1a: Bax Sabbath|atk|2\n|move|p2a: Moltres|Roar|p1a: Bax Sabbath\n|drag|p1a: Espathwood Mac|Espathra, F|100\/100\n|\n|-weather|none\n|upkeep\n|turn|6\n|\n|t:|1699031065\n|move|p1a: Espathwood Mac|Protect|p1a: Espathwood Mac\n|-singleturn|p1a: Espathwood Mac|Protect\n|move|p2a: Moltres|Roar|p1a: Espathwood Mac\n|drag|p1a: Ghosts N\u2019 Roses|Arceus-Ghost|100\/100\n|\n|upkeep\n|turn|7\n|\n|t:|1699031072\n|move|p1a: Ghosts N\u2019 Roses|Shadow Claw|p2a: Moltres\n|-damage|p2a: Moltres|42\/100\n|-status|p1a: Ghosts N\u2019 Roses|brn|[from] ability: Flame Body|[of] p2a: Moltres\n|move|p2a: Moltres|Will-O-Wisp|p1a: Ghosts N\u2019 Roses\n|-fail|p1a: Ghosts N\u2019 Roses|brn\n|\n|-damage|p1a: Ghosts N\u2019 Roses|94\/100 brn|[from] brn\n|upkeep\n|turn|8\n|\n|t:|1699031077\n|move|p1a: Ghosts N\u2019 Roses|Shadow Claw|p2a: Moltres\n|-damage|p2a: Moltres|27\/100\n|move|p2a: Moltres|Roost|p2a: Moltres\n|-heal|p2a: Moltres|77\/100\n|-singleturn|p2a: Moltres|move: Roost\n|\n|-damage|p1a: Ghosts N\u2019 Roses|88\/100 brn|[from] brn\n|-sideend|p1: AlicieLizzie|move: Aurora Veil\n|upkeep\n|turn|9\n|\n|t:|1699031087\n|move|p1a: Ghosts N\u2019 Roses|Swords Dance|p1a: Ghosts N\u2019 Roses\n|-boost|p1a: Ghosts N\u2019 Roses|atk|2\n|move|p2a: Moltres|Roar|p1a: Ghosts N\u2019 Roses\n|drag|p1a: Espathwood Mac|Espathra, F|100\/100\n|\n|upkeep\n|turn|10\n|\n|t:|1699031092\n|switch|p1a: Fommo-o Fighters|Kommo-o, M|100\/100\n|move|p2a: Moltres|Roar|p1a: Fommo-o Fighters\n|-immune|p1a: Fommo-o Fighters|[from] ability: Soundproof\n|\n|upkeep\n|turn|11\n|\n|t:|1699031100\n|move|p1a: Fommo-o Fighters|Clangorous Soul|p1a: Fommo-o Fighters\n|-boost|p1a: Fommo-o Fighters|atk|1\n|-boost|p1a: Fommo-o Fighters|def|1\n|-boost|p1a: Fommo-o Fighters|spa|1\n|-boost|p1a: Fommo-o Fighters|spd|1\n|-boost|p1a: Fommo-o Fighters|spe|1\n|-damage|p1a: Fommo-o Fighters|68\/100\n|-enditem|p1a: Fommo-o Fighters|Throat Spray\n|-boost|p1a: Fommo-o Fighters|spa|1|[from] item: Throat Spray\n|move|p2a: Moltres|Will-O-Wisp|p1a: Fommo-o Fighters\n|-status|p1a: Fommo-o Fighters|brn\n|\n|-damage|p1a: Fommo-o Fighters|61\/100 brn|[from] brn\n|upkeep\n|turn|12\n|\n|t:|1699031111\n|switch|p2a: Clefable|Clefable, M|100\/100\n|-terastallize|p1a: Fommo-o Fighters|Normal\n|move|p1a: Fommo-o Fighters|Boomburst|p2a: Clefable\n|-damage|p2a: Clefable|61\/100\n|\n|-damage|p1a: Fommo-o Fighters|55\/100 brn|[from] brn\n|upkeep\n|turn|13\n|\n|t:|1699031120\n|move|p1a: Fommo-o Fighters|Boomburst|p2a: Clefable\n|-damage|p2a: Clefable|20\/100\n|move|p2a: Clefable|Moonlight|p2a: Clefable\n|-heal|p2a: Clefable|70\/100\n|\n|-damage|p1a: Fommo-o Fighters|49\/100 brn|[from] brn\n|upkeep\n|turn|14\n|\n|t:|1699031128\n|switch|p2a: Blissey|Blissey, F|100\/100\n|move|p1a: Fommo-o Fighters|Boomburst|p2a: Blissey\n|-damage|p2a: Blissey|62\/100\n|\n|-damage|p1a: Fommo-o Fighters|43\/100 brn|[from] brn\n|upkeep\n|turn|15\n|\n|t:|1699031135\n|move|p1a: Fommo-o Fighters|Boomburst|p2a: Blissey\n|-damage|p2a: Blissey|19\/100\n|move|p2a: Blissey|Soft-Boiled|p2a: Blissey\n|-heal|p2a: Blissey|69\/100\n|\n|-damage|p1a: Fommo-o Fighters|37\/100 brn|[from] brn\n|upkeep\n|turn|16\n|\n|t:|1699031142\n|move|p1a: Fommo-o Fighters|Boomburst|p2a: Blissey\n|-damage|p2a: Blissey|26\/100\n|move|p2a: Blissey|Soft-Boiled|p2a: Blissey\n|-heal|p2a: Blissey|77\/100\n|\n|-damage|p1a: Fommo-o Fighters|30\/100 brn|[from] brn\n|upkeep\n|turn|17\n|\n|t:|1699031147\n|move|p1a: Fommo-o Fighters|Boomburst|p2a: Blissey\n|-damage|p2a: Blissey|36\/100\n|move|p2a: Blissey|Seismic Toss|p1a: Fommo-o Fighters\n|-damage|p1a: Fommo-o Fighters|0 fnt\n|faint|p1a: Fommo-o Fighters\n|\n|upkeep\n|\n|t:|1699031153\n|switch|p1a: Nine Inch Tails|Ninetales-Alola, M|100\/100\n|-weather|Snow|[from] ability: Snow Warning|[of] p1a: Nine Inch Tails\n|turn|18\n|\n|t:|1699031157\n|move|p1a: Nine Inch Tails|Aurora Veil|p1a: Nine Inch Tails\n|-sidestart|p1: AlicieLizzie|move: Aurora Veil\n|move|p2a: Blissey|Thunder Wave|p1a: Nine Inch Tails\n|-status|p1a: Nine Inch Tails|par\n|\n|-weather|Snow|[upkeep]\n|upkeep\n|turn|19\n|\n|t:|1699031162\n|switch|p1a: Bax Sabbath|Baxcalibur, F|100\/100\n|switch|p2a: Alomomola|Alomomola, M|100\/100\n|\n|-weather|Snow|[upkeep]\n|upkeep\n|turn|20\n|\n|t:|1699031178\n|move|p1a: Bax Sabbath|Swords Dance|p1a: Bax Sabbath\n|-boost|p1a: Bax Sabbath|atk|2\n|move|p2a: Alomomola|Flip Turn|p1a: Bax Sabbath\n|-resisted|p1a: Bax Sabbath\n|-damage|p1a: Bax Sabbath|98\/100\n|\n|t:|1699031180\n|switch|p2a: Moltres|Moltres|77\/100|[from] Flip Turn\n|\n|-weather|Snow|[upkeep]\n|upkeep\n|turn|21\n|\n|t:|1699031189\n|-terastallize|p2a: Moltres|Steel\n|move|p1a: Bax Sabbath|Icicle Spear|p2a: Moltres\n|-resisted|p2a: Moltres\n|-damage|p2a: Moltres|68\/100\n|-resisted|p2a: Moltres\n|-damage|p2a: Moltres|58\/100\n|-resisted|p2a: Moltres\n|-damage|p2a: Moltres|49\/100\n|-resisted|p2a: Moltres\n|-damage|p2a: Moltres|39\/100\n|-resisted|p2a: Moltres\n|-damage|p2a: Moltres|28\/100\n|-hitcount|p2a: Moltres|5\n|move|p2a: Moltres|Roar|p1a: Bax Sabbath\n|drag|p1a: Espathwood Mac|Espathra, F|100\/100\n|\n|-weather|Snow|[upkeep]\n|upkeep\n|turn|22\n|\n|t:|1699031205\n|switch|p2a: Alomomola|Alomomola, M|100\/100\n|move|p1a: Espathwood Mac|Calm Mind|p1a: Espathwood Mac\n|-boost|p1a: Espathwood Mac|spa|1\n|-boost|p1a: Espathwood Mac|spd|1\n|\n|-weather|none\n|-ability|p1a: Espathwood Mac|Speed Boost|boost\n|-boost|p1a: Espathwood Mac|spe|1\n|upkeep\n|turn|23\n|\n|t:|1699031212\n|move|p1a: Espathwood Mac|Calm Mind|p1a: Espathwood Mac\n|-boost|p1a: Espathwood Mac|spa|1\n|-boost|p1a: Espathwood Mac|spd|1\n|move|p2a: Alomomola|Wish|p2a: Alomomola\n|\n|-ability|p1a: Espathwood Mac|Speed Boost|boost\n|-boost|p1a: Espathwood Mac|spe|1\n|upkeep\n|turn|24\n|\n|t:|1699031215\n|move|p1a: Espathwood Mac|Calm Mind|p1a: Espathwood Mac\n|-boost|p1a: Espathwood Mac|spa|1\n|-boost|p1a: Espathwood Mac|spd|1\n|move|p2a: Alomomola|Flip Turn|p1a: Espathwood Mac\n|-damage|p1a: Espathwood Mac|88\/100\n|\n|t:|1699031217\n|switch|p2a: Clefable|Clefable, M|70\/100|[from] Flip Turn\n|\n|-heal|p2a: Clefable|100\/100|[from] move: Wish|[wisher] Alomomola\n|-heal|p1a: Espathwood Mac|94\/100|[from] item: Leftovers\n|-ability|p1a: Espathwood Mac|Speed Boost|boost\n|-boost|p1a: Espathwood Mac|spe|1\n|upkeep\n|turn|25\n|\n|t:|1699031222\n|move|p1a: Espathwood Mac|Stored Power|p2a: Clefable\n|-damage|p2a: Clefable|37\/100\n|move|p2a: Clefable|Calm Mind|p2a: Clefable\n|-boost|p2a: Clefable|spa|1\n|-boost|p2a: Clefable|spd|1\n|\n|-heal|p1a: Espathwood Mac|100\/100|[from] item: Leftovers\n|-sideend|p1: AlicieLizzie|move: Aurora Veil\n|-ability|p1a: Espathwood Mac|Speed Boost|boost\n|-boost|p1a: Espathwood Mac|spe|1\n|upkeep\n|turn|26\n|\n|t:|1699031228\n|move|p1a: Espathwood Mac|Stored Power|p2a: Clefable\n|-damage|p2a: Clefable|0 fnt\n|faint|p2a: Clefable\n|\n|-ability|p1a: Espathwood Mac|Speed Boost|boost\n|-boost|p1a: Espathwood Mac|spe|1\n|upkeep\n|\n|t:|1699031230\n|switch|p2a: Spectrier|Spectrier|100\/100\n|turn|27\n|\n|t:|1699031234\n|switch|p2a: Overqwil|Overqwil, F|100\/100\n|-ability|p2a: Overqwil|Intimidate|boost\n|-unboost|p1a: Espathwood Mac|atk|1\n|move|p1a: Espathwood Mac|Stored Power|p2a: Overqwil\n|-immune|p2a: Overqwil\n|\n|-ability|p1a: Espathwood Mac|Speed Boost|boost\n|-boost|p1a: Espathwood Mac|spe|1\n|upkeep\n|turn|28\n|\n|t:|1699031240\n|move|p1a: Espathwood Mac|Tera Blast|p2a: Overqwil\n|-damage|p2a: Overqwil|17\/100\n|move|p2a: Overqwil|Crunch|p1a: Espathwood Mac\n|-supereffective|p1a: Espathwood Mac\n|-damage|p1a: Espathwood Mac|9\/100\n|\n|-heal|p1a: Espathwood Mac|15\/100|[from] item: Leftovers\n|upkeep\n|turn|29\n|\n|t:|1699031248\n|move|p1a: Espathwood Mac|Tera Blast|p2a: Overqwil\n|-damage|p2a: Overqwil|0 fnt\n|faint|p2a: Overqwil\n|\n|-heal|p1a: Espathwood Mac|21\/100|[from] item: Leftovers\n|upkeep\n|\n|t:|1699031257\n|switch|p2a: Spectrier|Spectrier|100\/100\n|turn|30\n|\n|t:|1699031259\n|move|p1a: Espathwood Mac|Stored Power|p2a: Spectrier\n|-damage|p2a: Spectrier|0 fnt\n|faint|p2a: Spectrier\n|\n|-heal|p1a: Espathwood Mac|27\/100|[from] item: Leftovers\n|upkeep\n|\n|t:|1699031261\n|switch|p2a: Blissey|Blissey, F|36\/100\n|turn|31\n|\n|t:|1699031263\n|move|p1a: Espathwood Mac|Stored Power|p2a: Blissey\n|-damage|p2a: Blissey|0 fnt\n|faint|p2a: Blissey\n|\n|-heal|p1a: Espathwood Mac|33\/100|[from] item: Leftovers\n|upkeep\n|\n|t:|1699031265\n|switch|p2a: Alomomola|Alomomola, M|100\/100\n|turn|32\n|\n|t:|1699031267\n|move|p1a: Espathwood Mac|Stored Power|p2a: Alomomola\n|-damage|p2a: Alomomola|0 fnt\n|faint|p2a: Alomomola\n|\n|-heal|p1a: Espathwood Mac|39\/100|[from] item: Leftovers\n|upkeep\n|\n|t:|1699031268\n|switch|p2a: Moltres|Moltres, tera:Steel|28\/100\n|turn|33\n|\n|t:|1699031270\n|move|p1a: Espathwood Mac|Stored Power|p2a: Moltres\n|-resisted|p2a: Moltres\n|-damage|p2a: Moltres|0 fnt\n|faint|p2a: Moltres\n|\n|win|AlicieLizzie\n|l|\u2606a bit moody\n|c|\u2606AlicieLizzie|Gg\n","uploadtime":1699031277,"views":13,"p1id":"alicielizzie","p2id":"abitmoody","formatid":"gen9ubers","rating":0,"private":0,"password":""}