{"id":"gen9ubers-1975326670","p1":"Ampharoside","p2":"NEdgyman","format":"[Gen 9] Ubers","log":"|j|\u2606Ampharoside\n|j|\u2606NEdgyman\n|t:|1698180081\n|gametype|singles\n|player|p1|Ampharoside|lucas|\n|player|p2|NEdgyman|hanbei-conquest|\n|teamsize|p1|6\n|teamsize|p2|6\n|gen|9\n|tier|[Gen 9] Ubers\n|rule|Sleep Clause Mod: Limit one foe put to sleep\n|rule|Species Clause: Limit one of each Pok\u00e9mon\n|rule|OHKO Clause: OHKO moves are banned\n|rule|Evasion Items Clause: Evasion items are banned\n|rule|Evasion Moves Clause: Evasion moves are banned\n|rule|Endless Battle Clause: Forcing endless battles is banned\n|rule|HP Percentage Mod: HP is shown in percentages\n|clearpoke\n|poke|p1|Slowking-Galar, F|\n|poke|p1|Baxcalibur, M|\n|poke|p1|Enamorus-Therian, F|\n|poke|p1|Quaquaval, F|\n|poke|p1|Camerupt, F|\n|poke|p1|Sandslash-Alola, M|\n|poke|p2|Annihilape, F|\n|poke|p2|Glimmora, F|\n|poke|p2|Ribombee, M|\n|poke|p2|Typhlosion, M|\n|poke|p2|Cryogonal|\n|poke|p2|Cresselia, F|\n|teampreview\n|\n|t:|1698180105\n|start\n|switch|p1a: Sandslash|Sandslash-Alola, M|100\/100\n|switch|p2a: Howler Monkey|Annihilape, F, shiny|100\/100\n|turn|1\n|\n|t:|1698180120\n|move|p2a: Howler Monkey|Stealth Rock|p1a: Sandslash\n|-sidestart|p1: Ampharoside|move: Stealth Rock\n|move|p1a: Sandslash|Stealth Rock|p2a: Howler Monkey\n|-sidestart|p2: NEdgyman|move: Stealth Rock\n|\n|upkeep\n|turn|2\n|\n|t:|1698180134\n|move|p2a: Howler Monkey|Drain Punch|p1a: Sandslash\n|-supereffective|p1a: Sandslash\n|-enditem|p1a: Sandslash|Focus Sash\n|-damage|p1a: Sandslash|1\/100\n|move|p1a: Sandslash|Knock Off|p2a: Howler Monkey\n|-damage|p2a: Howler Monkey|63\/100\n|-enditem|p2a: Howler Monkey|Leftovers|[from] move: Knock Off|[of] p1a: Sandslash\n|\n|upkeep\n|turn|3\n|\n|t:|1698180140\n|move|p2a: Howler Monkey|U-turn|p1a: Sandslash\n|-resisted|p1a: Sandslash\n|-damage|p1a: Sandslash|0 fnt\n|faint|p1a: Sandslash\n|\n|t:|1698180165\n|switch|p2a: Falcom Fanbase|Glimmora, F|100\/100|[from] U-turn\n|-damage|p2a: Falcom Fanbase|88\/100|[from] Stealth Rock\n|\n|upkeep\n|\n|t:|1698180173\n|switch|p1a: Slowking|Slowking-Galar, F|100\/100\n|-damage|p1a: Slowking|88\/100|[from] Stealth Rock\n|turn|4\n|\n|t:|1698180184\n|move|p2a: Falcom Fanbase|Power Gem|p1a: Slowking\n|-damage|p1a: Slowking|41\/100\n|move|p1a: Slowking|Trick Room|p1a: Slowking\n|-fieldstart|move: Trick Room|[of] p1a: Slowking\n|\n|upkeep\n|turn|5\n|\n|t:|1698180220\n|switch|p1a: Camerupt|Camerupt, F|100\/100\n|-damage|p1a: Camerupt|88\/100|[from] Stealth Rock\n|switch|p2a: Cresselia|Cresselia, F|100\/100\n|-damage|p2a: Cresselia|88\/100|[from] Stealth Rock\n|\n|-heal|p2a: Cresselia|94\/100|[from] item: Leftovers\n|upkeep\n|turn|6\n|\n|t:|1698180232\n|move|p1a: Camerupt|Flare Blitz|p2a: Cresselia\n|-damage|p2a: Cresselia|43\/100\n|-damage|p1a: Camerupt|66\/100|[from] Recoil\n|-damage|p1a: Camerupt|56\/100|[from] item: Life Orb\n|move|p2a: Cresselia|Moonlight|p2a: Cresselia\n|-heal|p2a: Cresselia|93\/100\n|\n|-heal|p2a: Cresselia|99\/100|[from] item: Leftovers\n|upkeep\n|turn|7\n|\n|t:|1698180237\n|move|p1a: Camerupt|Flare Blitz|p2a: Cresselia\n|-damage|p2a: Cresselia|50\/100\n|-damage|p1a: Camerupt|35\/100|[from] Recoil\n|-damage|p1a: Camerupt|25\/100|[from] item: Life Orb\n|move|p2a: Cresselia|Moonlight|p2a: Cresselia\n|-heal|p2a: Cresselia|99\/100\n|\n|-heal|p2a: Cresselia|100\/100|[from] item: Leftovers\n|upkeep\n|turn|8\n|\n|t:|1698180248\n|move|p1a: Camerupt|Flare Blitz|p2a: Cresselia\n|-damage|p2a: Cresselia|49\/100\n|-status|p2a: Cresselia|brn\n|-damage|p1a: Camerupt|3\/100|[from] Recoil\n|-damage|p1a: Camerupt|0 fnt|[from] item: Life Orb\n|faint|p1a: Camerupt\n|move|p2a: Cresselia|Moonlight|p2a: Cresselia\n|-heal|p2a: Cresselia|99\/100 brn\n|\n|-heal|p2a: Cresselia|100\/100 brn|[from] item: Leftovers\n|-damage|p2a: Cresselia|94\/100 brn|[from] brn\n|-fieldend|move: Trick Room\n|upkeep\n|\n|t:|1698180252\n|switch|p1a: Slowking|Slowking-Galar, F|75\/100\n|-damage|p1a: Slowking|62\/100|[from] Stealth Rock\n|turn|9\n|\n|t:|1698180257\n|move|p2a: Cresselia|Thunder Wave|p1a: Slowking\n|-status|p1a: Slowking|par\n|move|p1a: Slowking|Trick Room|p1a: Slowking\n|-fieldstart|move: Trick Room|[of] p1a: Slowking\n|\n|-heal|p2a: Cresselia|100\/100 brn|[from] item: Leftovers\n|-damage|p2a: Cresselia|94\/100 brn|[from] brn\n|upkeep\n|turn|10\n|\n|t:|1698180268\n|cant|p1a: Slowking|par\n|move|p2a: Cresselia|Thunder Wave|p1a: Slowking\n|-fail|p1a: Slowking|par\n|\n|-heal|p2a: Cresselia|100\/100 brn|[from] item: Leftovers\n|-damage|p2a: Cresselia|94\/100 brn|[from] brn\n|upkeep\n|turn|11\n|\n|t:|1698180274\n|move|p1a: Slowking|Chilly Reception|p1a: Slowking\n|-weather|Snow\n|\n|t:|1698180276\n|switch|p1a: Baxcalibur|Baxcalibur, M|100\/100|[from] Chilly Reception\n|-damage|p1a: Baxcalibur|76\/100|[from] Stealth Rock\n|move|p2a: Cresselia|Psychic|p1a: Baxcalibur\n|-damage|p1a: Baxcalibur|52\/100\n|\n|-weather|Snow|[upkeep]\n|-heal|p2a: Cresselia|100\/100 brn|[from] item: Leftovers\n|-damage|p2a: Cresselia|94\/100 brn|[from] brn\n|upkeep\n|turn|12\n|\n|t:|1698180281\n|move|p1a: Baxcalibur|Swords Dance|p1a: Baxcalibur\n|-boost|p1a: Baxcalibur|atk|2\n|move|p2a: Cresselia|Thunder Wave|p1a: Baxcalibur\n|-status|p1a: Baxcalibur|par\n|\n|-weather|Snow|[upkeep]\n|-heal|p2a: Cresselia|100\/100 brn|[from] item: Leftovers\n|-damage|p2a: Cresselia|94\/100 brn|[from] brn\n|upkeep\n|turn|13\n|\n|t:|1698180291\n|move|p1a: Baxcalibur|Glaive Rush|p2a: Cresselia\n|-damage|p2a: Cresselia|0 fnt\n|-singlemove|p1a: Baxcalibur|Glaive Rush|[silent]\n|faint|p2a: Cresselia\n|\n|-weather|Snow|[upkeep]\n|-fieldend|move: Trick Room\n|upkeep\n|\n|t:|1698180299\n|switch|p2a: Howler Monkey|Annihilape, F, shiny|63\/100\n|-damage|p2a: Howler Monkey|57\/100|[from] Stealth Rock\n|turn|14\n|\n|t:|1698180309\n|switch|p1a: Slowking|Slowking-Galar, F|96\/100 par\n|-damage|p1a: Slowking|83\/100 par|[from] Stealth Rock\n|move|p2a: Howler Monkey|Drain Punch|p1a: Slowking\n|-resisted|p1a: Slowking\n|-damage|p1a: Slowking|77\/100 par\n|-heal|p2a: Howler Monkey|60\/100|[from] drain|[of] p1a: Slowking\n|\n|-weather|Snow|[upkeep]\n|upkeep\n|turn|15\n|\n|t:|1698180313\n|move|p2a: Howler Monkey|Rage Fist|p1a: Slowking\n|-supereffective|p1a: Slowking\n|-damage|p1a: Slowking|3\/100 par\n|cant|p1a: Slowking|par\n|\n|-weather|none\n|upkeep\n|turn|16\n|\n|t:|1698180320\n|move|p2a: Howler Monkey|U-turn|p1a: Slowking\n|-damage|p1a: Slowking|0 fnt\n|faint|p1a: Slowking\n|\n|t:|1698180330\n|switch|p2a: Falcom Fanbase|Glimmora, F|88\/100|[from] U-turn\n|-damage|p2a: Falcom Fanbase|76\/100|[from] Stealth Rock\n|\n|upkeep\n|\n|t:|1698180334\n|switch|p1a: Quaquaval|Quaquaval, F|100\/100\n|-damage|p1a: Quaquaval|94\/100|[from] Stealth Rock\n|turn|17\n|\n|t:|1698180342\n|move|p2a: Falcom Fanbase|Energy Ball|p1a: Quaquaval\n|-supereffective|p1a: Quaquaval\n|-damage|p1a: Quaquaval|0 fnt\n|faint|p1a: Quaquaval\n|\n|upkeep\n|\n|t:|1698180344\n|switch|p1a: Enamorus|Enamorus-Therian, F|100\/100\n|-damage|p1a: Enamorus|76\/100|[from] Stealth Rock\n|turn|18\n|\n|t:|1698180356\n|switch|p2a: Special Snowflake|Cryogonal|100\/100\n|-damage|p2a: Special Snowflake|76\/100|[from] Stealth Rock\n|move|p1a: Enamorus|Earth Power|p2a: Special Snowflake\n|-immune|p2a: Special Snowflake|[from] ability: Levitate\n|\n|upkeep\n|turn|19\n|\n|t:|1698180362\n|move|p2a: Special Snowflake|Rapid Spin|p1a: Enamorus\n|-damage|p1a: Enamorus|70\/100\n|-boost|p2a: Special Snowflake|spe|1\n|-sideend|p2: NEdgyman|Stealth Rock|[from] move: Rapid Spin|[of] p2a: Special Snowflake\n|move|p1a: Enamorus|Superpower|p2a: Special Snowflake\n|-supereffective|p2a: Special Snowflake\n|-damage|p2a: Special Snowflake|0 fnt\n|-unboost|p1a: Enamorus|atk|1\n|-unboost|p1a: Enamorus|def|1\n|faint|p2a: Special Snowflake\n|-damage|p1a: Enamorus|61\/100|[from] item: Life Orb\n|\n|upkeep\n|\n|t:|1698180370\n|switch|p2a: Falcom Fanbase|Glimmora, F|76\/100\n|turn|20\n|\n|t:|1698180376\n|move|p2a: Falcom Fanbase|Power Gem|p1a: Enamorus\n|-supereffective|p1a: Enamorus\n|-damage|p1a: Enamorus|0 fnt\n|faint|p1a: Enamorus\n|\n|upkeep\n|\n|t:|1698180377\n|switch|p1a: Baxcalibur|Baxcalibur, M|52\/100 par\n|-damage|p1a: Baxcalibur|27\/100 par|[from] Stealth Rock\n|turn|21\n|\n|t:|1698180379\n|move|p2a: Falcom Fanbase|Power Gem|p1a: Baxcalibur\n|-supereffective|p1a: Baxcalibur\n|-damage|p1a: Baxcalibur|0 fnt\n|faint|p1a: Baxcalibur\n|\n|win|NEdgyman\n|c|\u2606Ampharoside|gg\n|c|\u2606NEdgyman|gg\n|l|\u2606Ampharoside\n|l|\u2606NEdgyman\n|j| TheJuicyJake\n|j| BPLD\n|l| BPLD\n|j| Free Hong Kong Now\n|l| Free Hong Kong Now\n|j| BPLD\n|l| BPLD\n|l| TheJuicyJake\n","uploadtime":1698180384,"views":30,"p1id":"ampharoside","p2id":"nedgyman","formatid":"gen9ubers","rating":0,"private":0,"password":""}