{"id":"gen9ubers-1983157475","p1":"h-313","p2":"koopa003","format":"[Gen 9] Ubers","log":"|j|\u2606h-313\n|j|\u2606koopa003\n|inactive|Battle timer is ON: inactive players will automatically lose when time's up.\n|t:|1699097688\n|gametype|singles\n|player|p1|h-313|101|\n|player|p2|koopa003|camper|\n|teamsize|p1|6\n|teamsize|p2|6\n|gen|9\n|tier|[Gen 9] Ubers\n|rated|Tournament battle\n|rule|Sleep Clause Mod: Limit one foe put to sleep\n|rule|Species Clause: Limit one of each Pok\u00e9mon\n|rule|OHKO Clause: OHKO moves are banned\n|rule|Evasion Items Clause: Evasion items are banned\n|rule|Evasion Moves Clause: Evasion moves are banned\n|rule|Endless Battle Clause: Forcing endless battles is banned\n|rule|HP Percentage Mod: HP is shown in percentages\n|clearpoke\n|poke|p1|Koraidon|\n|poke|p1|Flutter Mane|\n|poke|p1|Roaring Moon|\n|poke|p1|Ting-Lu|\n|poke|p1|Gholdengo|\n|poke|p1|Ceruledge, F|\n|poke|p2|Flutter Mane|\n|poke|p2|Chien-Pao|\n|poke|p2|Goodra-Hisui, M|\n|poke|p2|Arceus|\n|poke|p2|Zacian-*|\n|poke|p2|Regieleki|\n|teampreview\n|j|*Lady Monita \u263d\n|j| BB-8-NU\n|inactive|h-313 also wants the timer to be on.\n|c|\u2606koopa003|hey!\n|c|\u2606koopa003|h-313\n|c|\u2606koopa003|hello\n|c|\u2606h-313|hey\n|c|\u2606h-313|koop003\n|c|\u2606h-313|gello\n|j| vkvs\n|\n|t:|1699097708\n|start\n|switch|p1a: Cheese|Gholdengo|100\/100\n|switch|p2a: Goodra|Goodra-Hisui, M|100\/100\n|turn|1\n|j| wailing_wailord@!\n|\n|t:|1699097727\n|move|p1a: Cheese|Trick|p2a: Goodra\n|-activate|p1a: Cheese|move: Trick|[of] p2a: Goodra\n|-item|p2a: Goodra|Choice Scarf|[from] move: Trick\n|-item|p1a: Cheese|Leftovers|[from] move: Trick\n|move|p2a: Goodra|Flamethrower|p1a: Cheese\n|-supereffective|p1a: Cheese\n|-damage|p1a: Cheese|33\/100\n|\n|-heal|p1a: Cheese|39\/100|[from] item: Leftovers\n|upkeep\n|turn|2\n|c|\u2606h-313|this finals?\n|c|\u2606koopa003|yes\n|\n|t:|1699097736\n|switch|p1a: Paldean Gallade|Ceruledge, F|100\/100\n|move|p2a: Goodra|Flamethrower|p1a: Paldean Gallade\n|-start|p1a: Paldean Gallade|ability: Flash Fire\n|\n|upkeep\n|turn|3\n|c|\u2606h-313|why am i coming to know n\n|c|\u2606h-313|rn\n|inactive|koopa003 has 120 seconds left.\n|\n|t:|1699097774\n|switch|p2a: Arceus|Arceus|100\/100\n|move|p1a: Paldean Gallade|Bulk Up|p1a: Paldean Gallade\n|-boost|p1a: Paldean Gallade|atk|1\n|-boost|p1a: Paldean Gallade|def|1\n|\n|upkeep\n|turn|4\n|c|\u2606h-313|paldean galade is awesome\n|\n|t:|1699097782\n|move|p2a: Arceus|Earthquake|p1a: Paldean Gallade\n|-supereffective|p1a: Paldean Gallade\n|-damage|p1a: Paldean Gallade|45\/100\n|move|p1a: Paldean Gallade|Taunt|p2a: Arceus\n|-start|p2a: Arceus|move: Taunt\n|\n|-heal|p1a: Paldean Gallade|51\/100|[from] item: Leftovers\n|upkeep\n|turn|5\n|inactive|koopa003 has 120 seconds left.\n|\n|t:|1699097804\n|-terastallize|p1a: Paldean Gallade|Fairy\n|move|p2a: Arceus|Earthquake|p1a: Paldean Gallade\n|-damage|p1a: Paldean Gallade|25\/100\n|move|p1a: Paldean Gallade|Bitter Blade|p2a: Arceus\n|-damage|p2a: Arceus|41\/100\n|-heal|p1a: Paldean Gallade|56\/100|[from] drain|[of] p2a: Arceus\n|\n|-heal|p2a: Arceus|47\/100|[from] item: Leftovers\n|-heal|p1a: Paldean Gallade|63\/100|[from] item: Leftovers\n|upkeep\n|turn|6\n|inactive|koopa003 has 120 seconds left.\n|\n|t:|1699097824\n|-terastallize|p2a: Arceus|Normal\n|move|p2a: Arceus|Extreme Speed|p1a: Paldean Gallade\n|-damage|p1a: Paldean Gallade|18\/100\n|move|p1a: Paldean Gallade|Bitter Blade|p2a: Arceus\n|-damage|p2a: Arceus|0 fnt\n|-heal|p1a: Paldean Gallade|43\/100|[from] drain|[of] p2a: Arceus\n|faint|p2a: Arceus\n|\n|-heal|p1a: Paldean Gallade|50\/100|[from] item: Leftovers\n|upkeep\n|inactive|koopa003 has 120 seconds left.\n|\n|t:|1699097832\n|switch|p2a: Zacian|Zacian-Crowned|100\/100\n|-ability|p2a: Zacian|Intrepid Sword|boost\n|-boost|p2a: Zacian|atk|1\n|turn|7\n|c|\u2606h-313|aw\n|\n|t:|1699097836\n|move|p2a: Zacian|Behemoth Blade|p1a: Paldean Gallade\n|-supereffective|p1a: Paldean Gallade\n|-damage|p1a: Paldean Gallade|0 fnt\n|faint|p1a: Paldean Gallade\n|\n|upkeep\n|\n|t:|1699097839\n|switch|p1a: Cheese|Gholdengo|39\/100\n|turn|8\n|j| ZowwyCafe\u2764\n|c|\u2606koopa003|yess\n|\n|t:|1699097847\n|move|p2a: Zacian|Behemoth Blade|p1a: Cheese\n|-resisted|p1a: Cheese\n|-damage|p1a: Cheese|0 fnt\n|faint|p1a: Cheese\n|\n|upkeep\n|\n|t:|1699097851\n|switch|p1a: CupHead|Ting-Lu|100\/100\n|-ability|p1a: CupHead|Vessel of Ruin\n|turn|9\n|c|\u2606h-313|rizz\n|j| xoxo_pancake\n|\n|t:|1699097866\n|move|p2a: Zacian|Close Combat|p1a: CupHead\n|-supereffective|p1a: CupHead\n|-damage|p1a: CupHead|24\/100\n|-unboost|p2a: Zacian|def|1\n|-unboost|p2a: Zacian|spd|1\n|move|p1a: CupHead|Stealth Rock|p2a: Zacian\n|-sidestart|p2: koopa003|move: Stealth Rock\n|\n|-heal|p1a: CupHead|30\/100|[from] item: Leftovers\n|upkeep\n|turn|10\n|\n|t:|1699097882\n|move|p2a: Zacian|Play Rough|p1a: CupHead\n|-supereffective|p1a: CupHead\n|-crit|p1a: CupHead\n|-damage|p1a: CupHead|0 fnt\n|faint|p1a: CupHead\n|\n|upkeep\n|l| wailing_wailord\n|\n|t:|1699097896\n|switch|p1a: Best Design|Roaring Moon|100\/100\n|turn|11\n|\n|t:|1699097902\n|move|p1a: Best Design|Crunch|p2a: Zacian\n|-resisted|p2a: Zacian\n|-damage|p2a: Zacian|72\/100\n|-unboost|p2a: Zacian|def|1\n|move|p2a: Zacian|Play Rough|p1a: Best Design\n|-supereffective|p1a: Best Design\n|-damage|p1a: Best Design|0 fnt\n|faint|p1a: Best Design\n|-end|p1a: Best Design|Protosynthesis|[silent]\n|\n|upkeep\n|c| xoxo_pancake|you got this koopa bah=bah\n|c|\u2606h-313|aah my tera\n|c|\u2606koopa003|nice scarf\n|\n|t:|1699097909\n|switch|p1a: Broken Mane|Flutter Mane|100\/100\n|-item|p1a: Broken Mane|Air Balloon\n|turn|12\n|c|\u2606h-313|yup koopa won\n|c|\u2606koopa003|balloon??\n|c|\u2606h-313|wait i frogot\n|j| ULT4CP Staller\n|c|\u2606h-313|i have sun im so dumb\n|inactive|koopa003 has 120 seconds left.\n|\n|t:|1699097943\n|-end|p1a: Broken Mane|Protosynthesis|[silent]\n|switch|p1a: No Fairy X(|Koraidon|100\/100\n|-weather|SunnyDay|[from] ability: Orichalcum Pulse|[of] p1a: No Fairy X(\n|-activate|p1a: No Fairy X(|Orichalcum Pulse|[source]\n|move|p2a: Zacian|Behemoth Blade|p1a: No Fairy X(\n|-damage|p1a: No Fairy X(|17\/100\n|\n|-weather|SunnyDay|[upkeep]\n|upkeep\n|turn|13\n|\n|t:|1699097947\n|move|p2a: Zacian|Behemoth Blade|p1a: No Fairy X(\n|-damage|p1a: No Fairy X(|0 fnt\n|faint|p1a: No Fairy X(\n|\n|-weather|SunnyDay|[upkeep]\n|upkeep\n|\n|t:|1699097949\n|switch|p1a: Broken Mane|Flutter Mane|100\/100\n|-activate|p1a: Broken Mane|ability: Protosynthesis\n|-start|p1a: Broken Mane|protosynthesisspe\n|-item|p1a: Broken Mane|Air Balloon\n|turn|14\n|c| ULT4CP Staller|a goldengo in ubers final\n|\n|t:|1699097956\n|move|p1a: Broken Mane|Shadow Ball|p2a: Zacian\n|-damage|p2a: Zacian|8\/100\n|move|p2a: Zacian|Behemoth Blade|p1a: Broken Mane\n|-supereffective|p1a: Broken Mane\n|-damage|p1a: Broken Mane|0 fnt\n|-enditem|p1a: Broken Mane|Air Balloon\n|faint|p1a: Broken Mane\n|-end|p1a: Broken Mane|Protosynthesis|[silent]\n|\n|win|koopa003\n|n|\u2606h-313|h313\n|n|\u2606koopa003|koopa003\n|n|*Lady Monita \u263d|ladymonita\n|n| BB-8-NU|bb8nu\n|n| vkvs|vkvs\n|n| ZowwyCafe\u2764|zowwycafe\n|n| xoxo_pancake|xoxopancake\n|n| ULT4CP Staller|ult4cpstaller\n|l|*Lady Monita \u263d\n|c|\u2606koopa003|gg\n|l| BB-8-NU\n","uploadtime":1699097962,"views":4,"p1id":"h313","p2id":"koopa003","formatid":"gen9ubers","rating":0,"private":0,"password":""}