{"id":"gen9ubers-1972070682","p1":"SEUIf","p2":"ogerpon-hearth","format":"[Gen 9] Ubers","log":"|j|\u2606SEUIf\n|j|\u2606ogerpon-hearth\n|t:|1697810323\n|gametype|singles\n|player|p1|SEUIf|ingo-hisui|1205\n|player|p2|ogerpon-hearth|2|1139\n|teamsize|p1|6\n|teamsize|p2|6\n|gen|9\n|tier|[Gen 9] Ubers\n|rated|\n|rule|Sleep Clause Mod: Limit one foe put to sleep\n|rule|Species Clause: Limit one of each Pok\u00e9mon\n|rule|OHKO Clause: OHKO moves are banned\n|rule|Evasion Items Clause: Evasion items are banned\n|rule|Evasion Moves Clause: Evasion moves are banned\n|rule|Endless Battle Clause: Forcing endless battles is banned\n|rule|HP Percentage Mod: HP is shown in percentages\n|clearpoke\n|poke|p1|Kingambit, F|\n|poke|p1|Miraidon|\n|poke|p1|Iron Bundle|\n|poke|p1|Ting-Lu|\n|poke|p1|Skeledirge, M|\n|poke|p1|Corviknight, F|\n|poke|p2|Urshifu-*, F|\n|poke|p2|Magearna|\n|poke|p2|Palkia-Origin|\n|poke|p2|Arceus-Dark|\n|poke|p2|Shaymin-Sky|\n|poke|p2|Palafin, F|\n|teampreview\n|\n|t:|1697810332\n|start\n|switch|p1a: Miraidon|Miraidon|100\/100\n|switch|p2a: Palafin|Palafin, F|100\/100\n|-fieldstart|move: Electric Terrain|[from] ability: Hadron Engine|[of] p1a: Miraidon\n|turn|1\n|\n|t:|1697810341\n|detailschange|p2a: Palafin|Palafin-Hero, F\n|switch|p2a: Arceus|Arceus-Dark|100\/100\n|move|p1a: Miraidon|Electro Drift|p2a: Arceus\n|-damage|p2a: Arceus|9\/100\n|\n|upkeep\n|turn|2\n|\n|t:|1697810346\n|move|p1a: Miraidon|Electro Drift|p2a: Arceus\n|-damage|p2a: Arceus|0 fnt\n|faint|p2a: Arceus\n|\n|upkeep\n|\n|t:|1697810351\n|switch|p2a: Palkia|Palkia-Origin|100\/100\n|-ability|p2a: Palkia|Pressure\n|turn|3\n|\n|t:|1697810354\n|switch|p1a: Ting-Lu|Ting-Lu|100\/100\n|-ability|p1a: Ting-Lu|Vessel of Ruin\n|move|p2a: Palkia|Spacial Rend|p1a: Ting-Lu\n|-damage|p1a: Ting-Lu|71\/100\n|\n|-heal|p1a: Ting-Lu|77\/100|[from] item: Leftovers\n|upkeep\n|turn|4\n|\n|t:|1697810361\n|switch|p2a: Palafin|Palafin-Hero, F|100\/100\n|-activate|p2a: Palafin|ability: Zero to Hero\n|move|p1a: Ting-Lu|Stealth Rock|p2a: Palafin\n|-sidestart|p2: ogerpon-hearth|move: Stealth Rock\n|\n|-heal|p1a: Ting-Lu|83\/100|[from] item: Leftovers\n|upkeep\n|turn|5\n|\n|t:|1697810367\n|switch|p1a: Corviknight|Corviknight, F|100\/100\n|-ability|p1a: Corviknight|Pressure\n|move|p2a: Palafin|Jet Punch|p1a: Corviknight\n|-damage|p1a: Corviknight|67\/100\n|\n|-heal|p1a: Corviknight|73\/100|[from] item: Leftovers\n|-fieldend|move: Electric Terrain\n|upkeep\n|turn|6\n|\n|t:|1697810379\n|switch|p2a: Urshifu|Urshifu-Rapid-Strike, F|100\/100\n|-damage|p2a: Urshifu|94\/100|[from] Stealth Rock\n|move|p1a: Corviknight|U-turn|p2a: Urshifu\n|-resisted|p2a: Urshifu\n|-damage|p2a: Urshifu|87\/100\n|\n|t:|1697810389\n|switch|p1a: Miraidon|Miraidon|100\/100|[from] U-turn\n|-fieldstart|move: Electric Terrain|[from] ability: Hadron Engine|[of] p1a: Miraidon\n|\n|upkeep\n|turn|7\n|\n|t:|1697810394\n|move|p2a: Urshifu|Close Combat|p1a: Miraidon\n|-damage|p1a: Miraidon|43\/100\n|-unboost|p2a: Urshifu|def|1\n|-unboost|p2a: Urshifu|spd|1\n|move|p1a: Miraidon|Electro Drift|p2a: Urshifu\n|-supereffective|p2a: Urshifu\n|-damage|p2a: Urshifu|0 fnt\n|faint|p2a: Urshifu\n|\n|upkeep\n|\n|t:|1697810403\n|switch|p2a: Palkia|Palkia-Origin|100\/100\n|-damage|p2a: Palkia|88\/100|[from] Stealth Rock\n|-ability|p2a: Palkia|Pressure\n|turn|8\n|\n|t:|1697810409\n|switch|p1a: Corviknight|Corviknight, F|73\/100\n|-ability|p1a: Corviknight|Pressure\n|move|p2a: Palkia|Spacial Rend|p1a: Corviknight\n|-resisted|p1a: Corviknight\n|-crit|p1a: Corviknight\n|-damage|p1a: Corviknight|29\/100\n|\n|-heal|p1a: Corviknight|35\/100|[from] item: Leftovers\n|upkeep\n|turn|9\n|\n|t:|1697810420\n|move|p2a: Palkia|Aura Sphere|p1a: Corviknight\n|-damage|p1a: Corviknight|10\/100\n|move|p1a: Corviknight|Roost|p1a: Corviknight\n|-heal|p1a: Corviknight|60\/100\n|-singleturn|p1a: Corviknight|move: Roost\n|\n|-heal|p1a: Corviknight|66\/100|[from] item: Leftovers\n|upkeep\n|turn|10\n|\n|t:|1697810426\n|switch|p2a: Palafin|Palafin-Hero, F|100\/100\n|-damage|p2a: Palafin|88\/100|[from] Stealth Rock\n|move|p1a: Corviknight|U-turn|p2a: Palafin\n|-damage|p2a: Palafin|74\/100\n|\n|t:|1697810430\n|switch|p1a: Iron Bundle|Iron Bundle|100\/100|[from] U-turn\n|-activate|p1a: Iron Bundle|ability: Quark Drive\n|-start|p1a: Iron Bundle|quarkdrivespe\n|\n|-fieldend|move: Electric Terrain\n|-end|p1a: Iron Bundle|Quark Drive\n|upkeep\n|turn|11\n|\n|t:|1697810440\n|move|p1a: Iron Bundle|Freeze-Dry|p2a: Palafin\n|-supereffective|p2a: Palafin\n|-damage|p2a: Palafin|0 fnt\n|faint|p2a: Palafin\n|\n|upkeep\n|\n|t:|1697810447\n|switch|p2a: Magearna|Magearna|100\/100\n|-damage|p2a: Magearna|94\/100|[from] Stealth Rock\n|turn|12\n|\n|t:|1697810452\n|-end|p1a: Iron Bundle|Quark Drive|[silent]\n|switch|p1a: Skeledirge|Skeledirge, M|100\/100\n|move|p2a: Magearna|Thunder Wave|p1a: Skeledirge|[miss]\n|-miss|p2a: Magearna|p1a: Skeledirge\n|\n|-heal|p2a: Magearna|100\/100|[from] item: Leftovers\n|upkeep\n|turn|13\n|\n|t:|1697810460\n|move|p1a: Skeledirge|Torch Song|p2a: Magearna\n|-supereffective|p2a: Magearna\n|-damage|p2a: Magearna|53\/100\n|-boost|p1a: Skeledirge|spa|1\n|move|p2a: Magearna|Thunder Wave|p1a: Skeledirge\n|-status|p1a: Skeledirge|par\n|\n|-heal|p2a: Magearna|59\/100|[from] item: Leftovers\n|upkeep\n|turn|14\n|\n|t:|1697810468\n|switch|p2a: Palkia|Palkia-Origin|88\/100\n|-damage|p2a: Palkia|76\/100|[from] Stealth Rock\n|-ability|p2a: Palkia|Pressure\n|move|p1a: Skeledirge|Torch Song|p2a: Palkia\n|-resisted|p2a: Palkia\n|-damage|p2a: Palkia|66\/100\n|-boost|p1a: Skeledirge|spa|1\n|\n|upkeep\n|turn|15\n|\n|t:|1697810478\n|switch|p1a: Ting-Lu|Ting-Lu|83\/100\n|-ability|p1a: Ting-Lu|Vessel of Ruin\n|move|p2a: Palkia|Surf|p1a: Ting-Lu\n|-supereffective|p1a: Ting-Lu\n|-damage|p1a: Ting-Lu|27\/100\n|\n|-heal|p1a: Ting-Lu|33\/100|[from] item: Leftovers\n|upkeep\n|turn|16\n|\n|t:|1697810489\n|switch|p1a: Iron Bundle|Iron Bundle|100\/100\n|move|p2a: Palkia|Spacial Rend|p1a: Iron Bundle\n|-damage|p1a: Iron Bundle|0 fnt\n|faint|p1a: Iron Bundle\n|-end|p1a: Iron Bundle|Quark Drive|[silent]\n|\n|upkeep\n|\n|t:|1697810499\n|switch|p1a: Miraidon|Miraidon|43\/100\n|-fieldstart|move: Electric Terrain|[from] ability: Hadron Engine|[of] p1a: Miraidon\n|turn|17\n|\n|t:|1697810513\n|-terastallize|p2a: Palkia|Rock\n|move|p1a: Miraidon|Electro Drift|p2a: Palkia\n|-damage|p2a: Palkia|0 fnt\n|faint|p2a: Palkia\n|\n|upkeep\n|\n|t:|1697810521\n|switch|p2a: Magearna|Magearna|59\/100\n|-damage|p2a: Magearna|53\/100|[from] Stealth Rock\n|turn|18\n|\n|t:|1697810524\n|move|p1a: Miraidon|Electro Drift|p2a: Magearna\n|-crit|p2a: Magearna\n|-damage|p2a: Magearna|0 fnt\n|faint|p2a: Magearna\n|\n|upkeep\n|\n|t:|1697810529\n|switch|p2a: Shaymin|Shaymin-Sky|100\/100\n|-damage|p2a: Shaymin|76\/100|[from] Stealth Rock\n|turn|19\n|\n|t:|1697810536\n|move|p1a: Miraidon|Electro Drift|p2a: Shaymin\n|-damage|p2a: Shaymin|0 fnt\n|faint|p2a: Shaymin\n|\n|win|SEUIf\n|raw|SEUIf's rating: 1205 &rarr; <strong>1225<\/strong><br \/>(+20 for winning)\n|raw|ogerpon-hearth's rating: 1139 &rarr; <strong>1119<\/strong><br \/>(-20 for losing)\n|c|\u2606SEUIf|gg\n|l|\u2606ogerpon-hearth\n","uploadtime":1697810544,"views":6,"p1id":"seuif","p2id":"ogerponhearth","formatid":"gen9ubers","rating":1119,"private":0,"password":""}