{"id":"gen9ubers-1972101094","p1":"Laprasrules12","p2":"shadowofroserade04","format":"[Gen 9] Ubers","log":"|j|\u2606Laprasrules12\n|j|\u2606shadowofroserade04\n|t:|1697812903\n|gametype|singles\n|player|p1|Laprasrules12|lusamine-nihilego|\n|player|p2|shadowofroserade04|roxie|\n|teamsize|p1|6\n|teamsize|p2|6\n|gen|9\n|tier|[Gen 9] Ubers\n|rule|Sleep Clause Mod: Limit one foe put to sleep\n|rule|Species Clause: Limit one of each Pok\u00e9mon\n|rule|OHKO Clause: OHKO moves are banned\n|rule|Evasion Items Clause: Evasion items are banned\n|rule|Evasion Moves Clause: Evasion moves are banned\n|rule|Endless Battle Clause: Forcing endless battles is banned\n|rule|HP Percentage Mod: HP is shown in percentages\n|clearpoke\n|poke|p1|Arceus-Fighting|\n|poke|p1|Espathra, F|\n|poke|p1|Zacian-*|\n|poke|p1|Palkia-Origin|\n|poke|p1|Cyclizar, M|\n|poke|p1|Magearna-Original|\n|poke|p2|Dondozo, F|\n|poke|p2|Magearna|\n|poke|p2|Giratina|\n|poke|p2|Arceus-Dark|\n|poke|p2|Blissey, F|\n|poke|p2|Garganacl, M|\n|teampreview\n|inactive|Battle timer is ON: inactive players will automatically lose when time's up. (requested by Laprasrules12)\n|c|\u2606Laprasrules12|Yucky stall\n|c|\u2606shadowofroserade04|i like stall\n|c|\u2606shadowofroserade04|trying to figure out how to play it in this tier\n|inactive|shadowofroserade04 has 270 seconds left.\n|\n|t:|1697812956\n|start\n|switch|p1a: Say Gex|Cyclizar, M, shiny|100\/100\n|switch|p2a: Magearna|Magearna|100\/100\n|turn|1\n|\n|t:|1697812963\n|move|p1a: Say Gex|Shed Tail|p1a: Say Gex\n|-start|p1a: Say Gex|Substitute|[from] move: Shed Tail\n|-damage|p1a: Say Gex|50\/100\n|\n|t:|1697812967\n|switch|p1a: Cleopatra|Espathra, F, shiny|100\/100|[from] Shed Tail\n|move|p2a: Magearna|Spikes|p1a: Cleopatra\n|-sidestart|p1: Laprasrules12|Spikes\n|\n|upkeep\n|turn|2\n|\n|t:|1697812983\n|switch|p2a: Arceus|Arceus-Dark|100\/100\n|move|p1a: Cleopatra|Calm Mind|p1a: Cleopatra\n|-boost|p1a: Cleopatra|spa|1\n|-boost|p1a: Cleopatra|spd|1\n|\n|-ability|p1a: Cleopatra|Speed Boost|boost\n|-boost|p1a: Cleopatra|spe|1\n|upkeep\n|turn|3\n|\n|t:|1697812999\n|move|p1a: Cleopatra|Calm Mind|p1a: Cleopatra\n|-boost|p1a: Cleopatra|spa|1\n|-boost|p1a: Cleopatra|spd|1\n|move|p2a: Arceus|Imprison|p2a: Arceus\n|-start|p2a: Arceus|move: Imprison\n|\n|-ability|p1a: Cleopatra|Speed Boost|boost\n|-boost|p1a: Cleopatra|spe|1\n|upkeep\n|turn|4\n|\n|t:|1697813005\n|-terastallize|p1a: Cleopatra|Fighting\n|move|p1a: Cleopatra|Tera Blast|p2a: Arceus|[anim] Tera Blast Fighting\n|-supereffective|p2a: Arceus\n|-damage|p2a: Arceus|0 fnt\n|faint|p2a: Arceus\n|\n|-ability|p1a: Cleopatra|Speed Boost|boost\n|-boost|p1a: Cleopatra|spe|1\n|upkeep\n|\n|t:|1697813022\n|switch|p2a: Magearna|Magearna|100\/100\n|turn|5\n|\n|t:|1697813025\n|move|p1a: Cleopatra|Protect|p1a: Cleopatra\n|-singleturn|p1a: Cleopatra|Protect\n|move|p2a: Magearna|Draining Kiss|p1a: Cleopatra\n|-activate|p1a: Cleopatra|move: Protect\n|\n|-ability|p1a: Cleopatra|Speed Boost|boost\n|-boost|p1a: Cleopatra|spe|1\n|upkeep\n|turn|6\n|inactive|shadowofroserade04 has 270 seconds left.\n|\n|t:|1697813062\n|move|p1a: Cleopatra|Calm Mind|p1a: Cleopatra\n|-boost|p1a: Cleopatra|spa|1\n|-boost|p1a: Cleopatra|spd|1\n|move|p2a: Magearna|Draining Kiss|p1a: Cleopatra\n|-supereffective|p1a: Cleopatra\n|-end|p1a: Cleopatra|Substitute\n|\n|-ability|p1a: Cleopatra|Speed Boost|boost\n|-boost|p1a: Cleopatra|spe|1\n|upkeep\n|turn|7\n|\n|t:|1697813066\n|move|p1a: Cleopatra|Protect|p1a: Cleopatra\n|-singleturn|p1a: Cleopatra|Protect\n|move|p2a: Magearna|Eerie Impulse|p1a: Cleopatra\n|-activate|p1a: Cleopatra|move: Protect\n|\n|-ability|p1a: Cleopatra|Speed Boost|boost\n|-boost|p1a: Cleopatra|spe|1\n|upkeep\n|turn|8\n|\n|t:|1697813069\n|move|p1a: Cleopatra|Stored Power|p2a: Magearna\n|-resisted|p2a: Magearna\n|-damage|p2a: Magearna|10\/100\n|move|p2a: Magearna|Eerie Impulse|p1a: Cleopatra\n|-unboost|p1a: Cleopatra|spa|2\n|\n|-heal|p2a: Magearna|16\/100|[from] item: Leftovers\n|upkeep\n|turn|9\n|\n|t:|1697813074\n|move|p1a: Cleopatra|Stored Power|p2a: Magearna\n|-resisted|p2a: Magearna\n|-damage|p2a: Magearna|0 fnt\n|faint|p2a: Magearna\n|\n|upkeep\n|\n|t:|1697813077\n|switch|p2a: Blissey|Blissey, F|100\/100\n|turn|10\n|c|\u2606Laprasrules12|Damn\n|\n|t:|1697813083\n|-terastallize|p2a: Blissey|Dark\n|move|p1a: Cleopatra|Protect|p1a: Cleopatra\n|-singleturn|p1a: Cleopatra|Protect\n|move|p2a: Blissey|Seismic Toss|p1a: Cleopatra\n|-activate|p1a: Cleopatra|move: Protect\n|\n|upkeep\n|turn|11\n|\n|t:|1697813086\n|move|p1a: Cleopatra|Calm Mind|p1a: Cleopatra\n|-boost|p1a: Cleopatra|spa|1\n|-boost|p1a: Cleopatra|spd|1\n|move|p2a: Blissey|Shadow Ball|p1a: Cleopatra\n|-damage|p1a: Cleopatra|94\/100\n|\n|-heal|p1a: Cleopatra|99\/100|[from] item: Leftovers\n|upkeep\n|turn|12\n|\n|t:|1697813089\n|move|p1a: Cleopatra|Protect|p1a: Cleopatra\n|-singleturn|p1a: Cleopatra|Protect\n|move|p2a: Blissey|Seismic Toss|p1a: Cleopatra\n|-activate|p1a: Cleopatra|move: Protect\n|\n|-heal|p1a: Cleopatra|100\/100|[from] item: Leftovers\n|upkeep\n|turn|13\n|\n|t:|1697813093\n|move|p1a: Cleopatra|Calm Mind|p1a: Cleopatra\n|-boost|p1a: Cleopatra|spa|1\n|-boost|p1a: Cleopatra|spd|1\n|move|p2a: Blissey|Seismic Toss|p1a: Cleopatra\n|-damage|p1a: Cleopatra|73\/100\n|\n|-heal|p1a: Cleopatra|79\/100|[from] item: Leftovers\n|upkeep\n|turn|14\n|-message|shadowofroserade04 forfeited.\n|\n|win|Laprasrules12\n","uploadtime":1697813104,"views":25,"p1id":"laprasrules12","p2id":"shadowofroserade04","formatid":"gen9ubers","rating":0,"private":0,"password":""}