{"id":"gen9ubers-1990533150","p1":"Marco99240202121","p2":"Lidianimel","format":"[Gen 9] Ubers","log":"|j|\u2606Marco99240202121\n|j|\u2606Lidianimel\n|t:|1699979272\n|gametype|singles\n|player|p1|Marco99240202121|lucas-gen4pt|1179\n|player|p2|Lidianimel|265|1072\n|teamsize|p1|6\n|teamsize|p2|6\n|gen|9\n|tier|[Gen 9] Ubers\n|rated|\n|rule|Sleep Clause Mod: Limit one foe put to sleep\n|rule|Species Clause: Limit one of each Pok\u00e9mon\n|rule|OHKO Clause: OHKO moves are banned\n|rule|Evasion Items Clause: Evasion items are banned\n|rule|Evasion Moves Clause: Evasion moves are banned\n|rule|Endless Battle Clause: Forcing endless battles is banned\n|rule|HP Percentage Mod: HP is shown in percentages\n|clearpoke\n|poke|p1|Greninja-*, M|\n|poke|p1|Meowscarada, F|\n|poke|p1|Kingambit, M|\n|poke|p1|Ting-Lu|\n|poke|p1|Annihilape, M|\n|poke|p1|Overqwil, M|\n|poke|p2|Grafaiai, F|\n|poke|p2|Slowking, M|\n|poke|p2|Drednaw, M|\n|poke|p2|Great Tusk|\n|poke|p2|Venomoth, F|\n|poke|p2|Arceus-Bug|\n|teampreview\n|\n|t:|1699979282\n|start\n|switch|p1a: Overqwil|Overqwil, M|100\/100\n|switch|p2a: Grafaiai|Grafaiai, F|100\/100\n|-ability|p1a: Overqwil|Intimidate|boost\n|-unboost|p2a: Grafaiai|atk|1\n|turn|1\n|\n|t:|1699979293\n|switch|p2a: Great Tusk|Great Tusk, shiny|100\/100\n|move|p1a: Overqwil|Liquidation|p2a: Great Tusk\n|-supereffective|p2a: Great Tusk\n|-damage|p2a: Great Tusk|62\/100\n|\n|upkeep\n|turn|2\n|\n|t:|1699979302\n|move|p2a: Great Tusk|Close Combat|p1a: Overqwil\n|-damage|p1a: Overqwil|27\/100\n|-unboost|p2a: Great Tusk|def|1\n|-unboost|p2a: Great Tusk|spd|1\n|move|p1a: Overqwil|Destiny Bond|p1a: Overqwil\n|-singlemove|p1a: Overqwil|Destiny Bond\n|\n|-heal|p1a: Overqwil|33\/100|[from] item: Leftovers\n|upkeep\n|turn|3\n|\n|t:|1699979313\n|move|p2a: Great Tusk|Megahorn|p1a: Overqwil|[miss]\n|-miss|p2a: Great Tusk|p1a: Overqwil\n|move|p1a: Overqwil|Liquidation|p2a: Great Tusk\n|-supereffective|p2a: Great Tusk\n|-damage|p2a: Great Tusk|0 fnt\n|faint|p2a: Great Tusk\n|-end|p2a: Great Tusk|Protosynthesis|[silent]\n|\n|-heal|p1a: Overqwil|39\/100|[from] item: Leftovers\n|upkeep\n|\n|t:|1699979323\n|switch|p2a: Venomoth|Venomoth, F|100\/100\n|turn|4\n|\n|t:|1699979328\n|move|p1a: Overqwil|Liquidation|p2a: Venomoth\n|-damage|p2a: Venomoth|49\/100\n|move|p2a: Venomoth|Quiver Dance|p2a: Venomoth\n|-boost|p2a: Venomoth|spa|1\n|-boost|p2a: Venomoth|spd|1\n|-boost|p2a: Venomoth|spe|1\n|\n|-heal|p1a: Overqwil|45\/100|[from] item: Leftovers\n|upkeep\n|turn|5\n|\n|t:|1699979338\n|move|p1a: Overqwil|Aqua Jet|p2a: Venomoth\n|-damage|p2a: Venomoth|25\/100\n|move|p2a: Venomoth|Energy Ball|p1a: Overqwil\n|-resisted|p1a: Overqwil\n|-damage|p1a: Overqwil|0 fnt\n|faint|p1a: Overqwil\n|\n|upkeep\n|\n|t:|1699979352\n|switch|p1a: Meowscarada|Meowscarada, F|100\/100\n|turn|6\n|\n|t:|1699979355\n|move|p1a: Meowscarada|Knock Off|p2a: Venomoth\n|-start|p1a: Meowscarada|typechange|Dark|[from] ability: Protean\n|-damage|p2a: Venomoth|0 fnt\n|-enditem|p2a: Venomoth|Stone Plate|[from] move: Knock Off|[of] p1a: Meowscarada\n|faint|p2a: Venomoth\n|\n|upkeep\n|\n|t:|1699979363\n|switch|p2a: Arceus|Arceus-Bug, shiny|100\/100\n|turn|7\n|\n|t:|1699979369\n|switch|p1a: Ting-Lu|Ting-Lu|100\/100\n|-ability|p1a: Ting-Lu|Vessel of Ruin\n|move|p2a: Arceus|Hyper Voice|p1a: Ting-Lu\n|-damage|p1a: Ting-Lu|81\/100\n|\n|-heal|p1a: Ting-Lu|87\/100|[from] item: Leftovers\n|upkeep\n|turn|8\n|\n|t:|1699979379\n|move|p2a: Arceus|Hydro Pump|p1a: Ting-Lu|[miss]\n|-miss|p2a: Arceus|p1a: Ting-Lu\n|move|p1a: Ting-Lu|Stealth Rock|p2a: Arceus\n|-sidestart|p2: Lidianimel|move: Stealth Rock\n|\n|-heal|p1a: Ting-Lu|93\/100|[from] item: Leftovers\n|upkeep\n|turn|9\n|\n|t:|1699979396\n|move|p2a: Arceus|Hydro Pump|p1a: Ting-Lu\n|-supereffective|p1a: Ting-Lu\n|-crit|p1a: Ting-Lu\n|-damage|p1a: Ting-Lu|19\/100\n|move|p1a: Ting-Lu|Whirlwind|p2a: Arceus\n|drag|p2a: Grafaiai|Grafaiai, F|100\/100\n|-damage|p2a: Grafaiai|88\/100|[from] Stealth Rock\n|\n|-heal|p1a: Ting-Lu|25\/100|[from] item: Leftovers\n|upkeep\n|turn|10\n|\n|t:|1699979409\n|move|p2a: Grafaiai|Toxic|p1a: Ting-Lu\n|-hint|Since gen 7, Dark is immune to Prankster moves.\n|-immune|p1a: Ting-Lu\n|move|p1a: Ting-Lu|Spikes|p2a: Grafaiai\n|-sidestart|p2: Lidianimel|Spikes\n|\n|-heal|p1a: Ting-Lu|31\/100|[from] item: Leftovers\n|upkeep\n|turn|11\n|\n|t:|1699979420\n|move|p2a: Grafaiai|Low Kick|p1a: Ting-Lu\n|-supereffective|p1a: Ting-Lu\n|-damage|p1a: Ting-Lu|6\/100\n|move|p1a: Ting-Lu|Spikes|p2a: Grafaiai\n|-sidestart|p2: Lidianimel|Spikes\n|\n|-heal|p1a: Ting-Lu|12\/100|[from] item: Leftovers\n|upkeep\n|turn|12\n|\n|t:|1699979432\n|switch|p1a: Annihilape|Annihilape, M|100\/100\n|move|p2a: Grafaiai|Low Kick|p1a: Annihilape\n|-immune|p1a: Annihilape\n|\n|upkeep\n|turn|13\n|\n|t:|1699979440\n|switch|p2a: Slowking|Slowking, M|100\/100\n|-damage|p2a: Slowking|88\/100|[from] Stealth Rock\n|-damage|p2a: Slowking|72\/100|[from] Spikes\n|switch|p1a: Ting-Lu|Ting-Lu|12\/100\n|-ability|p1a: Ting-Lu|Vessel of Ruin\n|\n|-heal|p1a: Ting-Lu|18\/100|[from] item: Leftovers\n|upkeep\n|turn|14\n|\n|t:|1699979454\n|move|p2a: Slowking|Light Screen|p2a: Slowking\n|-sidestart|p2: Lidianimel|move: Light Screen\n|move|p1a: Ting-Lu|Whirlwind|p2a: Slowking\n|drag|p2a: Arceus|Arceus-Bug, shiny|100\/100\n|-damage|p2a: Arceus|76\/100|[from] Stealth Rock\n|-damage|p2a: Arceus|59\/100|[from] Spikes\n|\n|-heal|p1a: Ting-Lu|24\/100|[from] item: Leftovers\n|upkeep\n|turn|15\n|\n|t:|1699979464\n|move|p2a: Arceus|Hydro Pump|p1a: Ting-Lu|[miss]\n|-miss|p2a: Arceus|p1a: Ting-Lu\n|move|p1a: Ting-Lu|Spikes|p2a: Arceus\n|-sidestart|p2: Lidianimel|Spikes\n|\n|-heal|p1a: Ting-Lu|31\/100|[from] item: Leftovers\n|upkeep\n|turn|16\n|\n|t:|1699979472\n|switch|p1a: Meowscarada|Meowscarada, F|100\/100\n|move|p2a: Arceus|Hydro Pump|p1a: Meowscarada\n|-resisted|p1a: Meowscarada\n|-damage|p1a: Meowscarada|70\/100\n|\n|upkeep\n|turn|17\n|\n|t:|1699979480\n|move|p1a: Meowscarada|U-turn|p2a: Arceus\n|-start|p1a: Meowscarada|typechange|Bug|[from] ability: Protean\n|-damage|p2a: Arceus|36\/100\n|\n|t:|1699979483\n|switch|p1a: Kingambit|Kingambit, M|100\/100|[from] U-turn\n|-activate|p1a: Kingambit|ability: Supreme Overlord\n|-start|p1a: Kingambit|fallen1|[silent]\n|move|p2a: Arceus|Hyper Voice|p1a: Kingambit\n|-resisted|p1a: Kingambit\n|-damage|p1a: Kingambit|82\/100\n|\n|-heal|p1a: Kingambit|88\/100|[from] item: Leftovers\n|upkeep\n|turn|18\n|\n|t:|1699979494\n|move|p2a: Arceus|Chilling Water|p1a: Kingambit\n|-damage|p1a: Kingambit|68\/100\n|-unboost|p1a: Kingambit|atk|1\n|move|p1a: Kingambit|Swords Dance|p1a: Kingambit\n|-boost|p1a: Kingambit|atk|2\n|\n|-heal|p1a: Kingambit|75\/100|[from] item: Leftovers\n|-sideend|p2: Lidianimel|move: Light Screen\n|upkeep\n|turn|19\n|\n|t:|1699979504\n|move|p1a: Kingambit|Sucker Punch|p2a: Arceus\n|-damage|p2a: Arceus|0 fnt\n|faint|p2a: Arceus\n|\n|-heal|p1a: Kingambit|81\/100|[from] item: Leftovers\n|upkeep\n|\n|t:|1699979525\n|switch|p2a: Drednaw|Drednaw, M|100\/100\n|-damage|p2a: Drednaw|88\/100|[from] Stealth Rock\n|-damage|p2a: Drednaw|63\/100|[from] Spikes\n|turn|20\n|\n|t:|1699979532\n|-terastallize|p2a: Drednaw|Ground\n|move|p2a: Drednaw|Earth Power|p1a: Kingambit\n|-supereffective|p1a: Kingambit\n|-damage|p1a: Kingambit|41\/100\n|move|p1a: Kingambit|Swords Dance|p1a: Kingambit\n|-boost|p1a: Kingambit|atk|2\n|\n|-heal|p1a: Kingambit|48\/100|[from] item: Leftovers\n|upkeep\n|turn|21\n|\n|t:|1699979543\n|move|p1a: Kingambit|Sucker Punch|p2a: Drednaw\n|-damage|p2a: Drednaw|0 fnt\n|faint|p2a: Drednaw\n|\n|-heal|p1a: Kingambit|54\/100|[from] item: Leftovers\n|upkeep\n|\n|t:|1699979554\n|switch|p2a: Grafaiai|Grafaiai, F|88\/100\n|-damage|p2a: Grafaiai|76\/100|[from] Stealth Rock\n|-damage|p2a: Grafaiai|51\/100|[from] Spikes\n|turn|22\n|\n|t:|1699979562\n|move|p1a: Kingambit|Sucker Punch|p2a: Grafaiai\n|-damage|p2a: Grafaiai|0 fnt\n|faint|p2a: Grafaiai\n|\n|-heal|p1a: Kingambit|60\/100|[from] item: Leftovers\n|upkeep\n|\n|t:|1699979568\n|switch|p2a: Slowking|Slowking, M|100\/100\n|-damage|p2a: Slowking|88\/100|[from] Stealth Rock\n|-damage|p2a: Slowking|63\/100|[from] Spikes\n|turn|23\n|\n|t:|1699979573\n|move|p1a: Kingambit|Kowtow Cleave|p2a: Slowking\n|-supereffective|p2a: Slowking\n|-damage|p2a: Slowking|0 fnt\n|faint|p2a: Slowking\n|\n|win|Marco99240202121\n|raw|Marco99240202121's rating: 1179 &rarr; <strong>1197<\/strong><br \/>(+18 for winning)\n|raw|Lidianimel's rating: 1072 &rarr; <strong>1057<\/strong><br \/>(-15 for losing)\n|l|\u2606Lidianimel\n|c|\u2606Marco99240202121|Gg\n","uploadtime":1699979590,"views":10,"p1id":"marco99240202121","p2id":"lidianimel","formatid":"gen9ubers","rating":1057,"private":0,"password":""}