{"id":"gen9ubers-1989174843","p1":"Holiss77","p2":"Ampharoside","format":"[Gen 9] Ubers","log":"|j|\u2606Holiss77\n|j|\u2606Ampharoside\n|t:|1699820117\n|gametype|singles\n|player|p1|Holiss77|170|\n|player|p2|Ampharoside|2|\n|teamsize|p1|6\n|teamsize|p2|6\n|gen|9\n|tier|[Gen 9] Ubers\n|rule|Sleep Clause Mod: Limit one foe put to sleep\n|rule|Species Clause: Limit one of each Pok\u00e9mon\n|rule|OHKO Clause: OHKO moves are banned\n|rule|Evasion Items Clause: Evasion items are banned\n|rule|Evasion Moves Clause: Evasion moves are banned\n|rule|Endless Battle Clause: Forcing endless battles is banned\n|rule|HP Percentage Mod: HP is shown in percentages\n|clearpoke\n|poke|p1|Roaring Moon|\n|poke|p1|Ninetales, F|\n|poke|p1|Qwilfish-Hisui, M|\n|poke|p1|Ogerpon-Hearthflame, F|\n|poke|p1|Donphan, F|\n|poke|p1|Electrode-Hisui|\n|poke|p2|Slowking-Galar, M|\n|poke|p2|Baxcalibur, M|\n|poke|p2|Crocalor, F|\n|poke|p2|Enamorus-Therian, F|\n|poke|p2|Quaquaval, M|\n|poke|p2|Camerupt, F|\n|teampreview\n|\n|t:|1699820131\n|start\n|switch|p1a: Roaring 707|Roaring Moon|100\/100\n|switch|p2a: Camerupt|Camerupt, F|100\/100\n|turn|1\n|\n|t:|1699820142\n|-end|p1a: Roaring 707|Protosynthesis|[silent]\n|switch|p1a: Elon|Donphan, F|100\/100\n|-terastallize|p2a: Camerupt|Grass\n|move|p2a: Camerupt|Yawn|p1a: Elon\n|-start|p1a: Elon|move: Yawn|[of] p2a: Camerupt\n|\n|upkeep\n|turn|2\n|j| Ace_T_24\n|\n|t:|1699820157\n|switch|p1a: MadCueBall|Electrode-Hisui, shiny|100\/100\n|move|p2a: Camerupt|Stealth Rock|p1a: MadCueBall\n|-sidestart|p1: Holiss77|move: Stealth Rock\n|\n|upkeep\n|turn|3\n|\n|t:|1699820163\n|move|p1a: MadCueBall|Thunder Wave|p2a: Camerupt\n|-status|p2a: Camerupt|par\n|move|p2a: Camerupt|Earth Power|p1a: MadCueBall\n|-damage|p1a: MadCueBall|52\/100\n|\n|-heal|p1a: MadCueBall|58\/100|[from] item: Leftovers\n|upkeep\n|turn|4\n|\n|t:|1699820177\n|switch|p1a: Elon|Donphan, F|100\/100\n|-damage|p1a: Elon|94\/100|[from] Stealth Rock\n|move|p2a: Camerupt|Earth Power|p1a: Elon\n|-damage|p1a: Elon|75\/100\n|\n|upkeep\n|turn|5\n|\n|t:|1699820185\n|switch|p2a: Quaquaval|Quaquaval, M|100\/100\n|move|p1a: Elon|Rapid Spin|p2a: Quaquaval\n|-damage|p2a: Quaquaval|82\/100\n|-boost|p1a: Elon|spe|1\n|-sideend|p1: Holiss77|Stealth Rock|[from] move: Rapid Spin|[of] p1a: Elon\n|\n|upkeep\n|turn|6\n|\n|t:|1699820195\n|switch|p1a: Mr. Puff|Qwilfish-Hisui, M|100\/100\n|-ability|p1a: Mr. Puff|Intimidate|boost\n|-unboost|p2a: Quaquaval|atk|1\n|move|p2a: Quaquaval|Flip Turn|p1a: Mr. Puff\n|-damage|p1a: Mr. Puff|74\/100\n|\n|t:|1699820203\n|switch|p2a: Slowking|Slowking-Galar, M|100\/100|[from] Flip Turn\n|\n|upkeep\n|turn|7\n|\n|t:|1699820209\n|switch|p1a: Elon|Donphan, F|75\/100\n|move|p2a: Slowking|Chilly Reception|p2a: Slowking\n|-weather|Snow\n|\n|t:|1699820213\n|switch|p2a: Baxcalibur|Baxcalibur, M|100\/100|[from] Chilly Reception\n|\n|-weather|Snow|[upkeep]\n|upkeep\n|turn|8\n|\n|t:|1699820221\n|switch|p1a: Okami|Ninetales, F, shiny|100\/100\n|-weather|SunnyDay|[from] ability: Drought|[of] p1a: Okami\n|move|p2a: Baxcalibur|Dragon Dance|p2a: Baxcalibur\n|-boost|p2a: Baxcalibur|atk|1\n|-boost|p2a: Baxcalibur|spe|1\n|\n|-weather|SunnyDay|[upkeep]\n|upkeep\n|turn|9\n|\n|t:|1699820233\n|move|p2a: Baxcalibur|Earthquake|p1a: Okami\n|-supereffective|p1a: Okami\n|-damage|p1a: Okami|0 fnt\n|faint|p1a: Okami\n|\n|-weather|SunnyDay|[upkeep]\n|upkeep\n|\n|t:|1699820237\n|switch|p1a: Mr. Puff|Qwilfish-Hisui, M|74\/100\n|-ability|p1a: Mr. Puff|Intimidate|boost\n|-unboost|p2a: Baxcalibur|atk|1\n|turn|10\n|\n|t:|1699820249\n|switch|p2a: Enamorus|Enamorus-Therian, F|100\/100\n|-terastallize|p1a: Mr. Puff|Water\n|move|p1a: Mr. Puff|Scale Shot|p2a: Enamorus\n|-immune|p2a: Enamorus\n|\n|-weather|SunnyDay|[upkeep]\n|upkeep\n|turn|11\n|\n|t:|1699820254\n|switch|p2a: Slowking|Slowking-Galar, M|100\/100\n|move|p1a: Mr. Puff|Poison Jab|p2a: Slowking\n|-resisted|p2a: Slowking\n|-damage|p2a: Slowking|91\/100\n|\n|-weather|SunnyDay|[upkeep]\n|upkeep\n|turn|12\n|\n|t:|1699820260\n|switch|p1a: MadCueBall|Electrode-Hisui, shiny|58\/100\n|move|p2a: Slowking|Chilly Reception|p2a: Slowking\n|-weather|Snow\n|\n|t:|1699820268\n|switch|p2a: Camerupt|Camerupt, F, tera:Grass|100\/100 par|[from] Chilly Reception\n|\n|-weather|Snow|[upkeep]\n|-heal|p1a: MadCueBall|65\/100|[from] item: Leftovers\n|upkeep\n|turn|13\n|\n|t:|1699820277\n|move|p1a: MadCueBall|Foul Play|p2a: Camerupt\n|-damage|p2a: Camerupt|75\/100 par\n|move|p2a: Camerupt|Yawn|p1a: MadCueBall\n|-start|p1a: MadCueBall|move: Yawn|[of] p2a: Camerupt\n|\n|-weather|Snow|[upkeep]\n|-heal|p1a: MadCueBall|71\/100|[from] item: Leftovers\n|-heal|p2a: Camerupt|81\/100 par|[from] item: Leftovers\n|upkeep\n|turn|14\n|\n|t:|1699820285\n|switch|p1a: Ogre u know what|Ogerpon-Hearthflame, F|100\/100\n|-ability|p1a: Ogre u know what|Mold Breaker\n|cant|p2a: Camerupt|par\n|\n|-weather|Snow|[upkeep]\n|-heal|p2a: Camerupt|87\/100 par|[from] item: Leftovers\n|upkeep\n|turn|15\n|\n|t:|1699820297\n|move|p1a: Ogre u know what|Ivy Cudgel|p2a: Camerupt\n|-supereffective|p2a: Camerupt\n|-damage|p2a: Camerupt|0 fnt\n|faint|p2a: Camerupt\n|\n|-weather|Snow|[upkeep]\n|upkeep\n|\n|t:|1699820302\n|switch|p2a: Quaquaval|Quaquaval, M|82\/100\n|turn|16\n|\n|t:|1699820305\n|move|p2a: Quaquaval|Flip Turn|p1a: Ogre u know what\n|-damage|p1a: Ogre u know what|70\/100\n|\n|t:|1699820308\n|switch|p2a: Slowking|Slowking-Galar, M|100\/100|[from] Flip Turn\n|move|p1a: Ogre u know what|Horn Leech|p2a: Slowking\n|-resisted|p2a: Slowking\n|-damage|p2a: Slowking|87\/100\n|-heal|p1a: Ogre u know what|79\/100|[from] drain|[of] p2a: Slowking\n|\n|-weather|none\n|upkeep\n|turn|17\n|\n|t:|1699820314\n|switch|p1a: Elon|Donphan, F|75\/100\n|move|p2a: Slowking|Chilly Reception|p2a: Slowking\n|-weather|Snow\n|\n|t:|1699820382\n|switch|p2a: Baxcalibur|Baxcalibur, M|100\/100|[from] Chilly Reception\n|\n|-weather|Snow|[upkeep]\n|upkeep\n|turn|18\n|\n|t:|1699820390\n|switch|p1a: Mr. Puff|Qwilfish-Hisui, M, tera:Water|74\/100\n|-ability|p1a: Mr. Puff|Intimidate|boost\n|-unboost|p2a: Baxcalibur|atk|1\n|move|p2a: Baxcalibur|Dragon Dance|p2a: Baxcalibur\n|-boost|p2a: Baxcalibur|atk|1\n|-boost|p2a: Baxcalibur|spe|1\n|\n|-weather|Snow|[upkeep]\n|upkeep\n|turn|19\n|\n|t:|1699820398\n|move|p2a: Baxcalibur|Glaive Rush|p1a: Mr. Puff\n|-damage|p1a: Mr. Puff|2\/100\n|-singlemove|p2a: Baxcalibur|Glaive Rush|[silent]\n|move|p1a: Mr. Puff|Scale Shot|p2a: Baxcalibur\n|-supereffective|p2a: Baxcalibur\n|-damage|p2a: Baxcalibur|85\/100\n|-supereffective|p2a: Baxcalibur\n|-damage|p2a: Baxcalibur|70\/100\n|-supereffective|p2a: Baxcalibur\n|-damage|p2a: Baxcalibur|54\/100\n|-supereffective|p2a: Baxcalibur\n|-damage|p2a: Baxcalibur|37\/100\n|-supereffective|p2a: Baxcalibur\n|-damage|p2a: Baxcalibur|22\/100\n|-hitcount|p2a: Baxcalibur|5\n|-unboost|p1a: Mr. Puff|def|1\n|-boost|p1a: Mr. Puff|spe|1\n|\n|-weather|Snow|[upkeep]\n|-heal|p2a: Baxcalibur|28\/100|[from] ability: Ice Body\n|-heal|p2a: Baxcalibur|34\/100|[from] item: Leftovers\n|upkeep\n|turn|20\n|\n|t:|1699820421\n|switch|p2a: Slowking|Slowking-Galar, M|100\/100\n|move|p1a: Mr. Puff|Poison Jab|p2a: Slowking\n|-resisted|p2a: Slowking\n|-damage|p2a: Slowking|90\/100\n|\n|-weather|Snow|[upkeep]\n|upkeep\n|turn|21\n|\n|t:|1699820427\n|move|p1a: Mr. Puff|Waterfall|p2a: Slowking\n|-damage|p2a: Slowking|69\/100\n|cant|p2a: Slowking|flinch\n|\n|-weather|none\n|upkeep\n|turn|22\n|\n|t:|1699820434\n|move|p1a: Mr. Puff|Swords Dance|p1a: Mr. Puff\n|-boost|p1a: Mr. Puff|atk|2\n|move|p2a: Slowking|Chilly Reception|p2a: Slowking\n|-weather|Snow\n|\n|t:|1699820438\n|switch|p2a: Quaquaval|Quaquaval, M|82\/100|[from] Chilly Reception\n|\n|-weather|Snow|[upkeep]\n|upkeep\n|turn|23\n|\n|t:|1699820446\n|move|p1a: Mr. Puff|Scale Shot|p2a: Quaquaval\n|-damage|p2a: Quaquaval|67\/100\n|-damage|p2a: Quaquaval|50\/100\n|-damage|p2a: Quaquaval|35\/100\n|-damage|p2a: Quaquaval|18\/100\n|-damage|p2a: Quaquaval|1\/100\n|-hitcount|p2a: Quaquaval|5\n|-unboost|p1a: Mr. Puff|def|1\n|-boost|p1a: Mr. Puff|spe|1\n|move|p2a: Quaquaval|Close Combat|p1a: Mr. Puff\n|-damage|p1a: Mr. Puff|0 fnt\n|-unboost|p2a: Quaquaval|def|1\n|-unboost|p2a: Quaquaval|spd|1\n|faint|p1a: Mr. Puff\n|-ability|p2a: Quaquaval|Moxie|boost\n|-boost|p2a: Quaquaval|atk|1\n|\n|-weather|Snow|[upkeep]\n|upkeep\n|c|\u2606Ampharoside|dang 1 hp. that sucks\n|\n|t:|1699820468\n|switch|p1a: MadCueBall|Electrode-Hisui, shiny|71\/100\n|turn|24\n|\n|t:|1699820501\n|switch|p2a: Slowking|Slowking-Galar, M|100\/100\n|move|p1a: MadCueBall|Giga Drain|p2a: Slowking\n|-resisted|p2a: Slowking\n|-damage|p2a: Slowking|92\/100\n|-heal|p1a: MadCueBall|77\/100|[from] drain|[of] p2a: Slowking\n|\n|-weather|Snow|[upkeep]\n|-heal|p1a: MadCueBall|83\/100|[from] item: Leftovers\n|upkeep\n|turn|25\n|c|\u2606Holiss77|it happens\n|c|\u2606Holiss77|ngl i was expecting 4 hits not 5\n|\n|t:|1699820525\n|move|p1a: MadCueBall|Thunder Wave|p2a: Slowking\n|-status|p2a: Slowking|par\n|move|p2a: Slowking|Chilly Reception|p2a: Slowking\n|\n|t:|1699820538\n|switch|p2a: Crocalor|Crocalor, F|100\/100|[from] Chilly Reception\n|\n|-weather|Snow|[upkeep]\n|-heal|p1a: MadCueBall|89\/100|[from] item: Leftovers\n|upkeep\n|turn|26\n|\n|t:|1699820545\n|move|p1a: MadCueBall|Thunder Wave|p2a: Crocalor\n|-status|p2a: Crocalor|par\n|move|p2a: Crocalor|Will-O-Wisp|p1a: MadCueBall|[miss]\n|-miss|p2a: Crocalor|p1a: MadCueBall\n|\n|-weather|none\n|-heal|p1a: MadCueBall|96\/100|[from] item: Leftovers\n|upkeep\n|turn|27\n|\n|t:|1699820552\n|switch|p1a: Ogre u know what|Ogerpon-Hearthflame, F|79\/100\n|-ability|p1a: Ogre u know what|Mold Breaker\n|move|p2a: Crocalor|Will-O-Wisp|p1a: Ogre u know what\n|-immune|p1a: Ogre u know what\n|\n|upkeep\n|turn|28\n|\n|t:|1699820564\n|move|p1a: Ogre u know what|Trailblaze|p2a: Crocalor\n|-resisted|p2a: Crocalor\n|-damage|p2a: Crocalor|94\/100 par\n|-boost|p1a: Ogre u know what|spe|1\n|cant|p2a: Crocalor|par\n|\n|upkeep\n|turn|29\n|\n|t:|1699820573\n|move|p1a: Ogre u know what|Ivy Cudgel|p2a: Crocalor\n|-resisted|p2a: Crocalor\n|-crit|p2a: Crocalor\n|-damage|p2a: Crocalor|74\/100 par\n|move|p2a: Crocalor|Roar|p1a: Ogre u know what\n|drag|p1a: MadCueBall|Electrode-Hisui, shiny|96\/100\n|\n|-heal|p1a: MadCueBall|100\/100|[from] item: Leftovers\n|upkeep\n|turn|30\n|\n|t:|1699820584\n|move|p1a: MadCueBall|Foul Play|p2a: Crocalor\n|-damage|p2a: Crocalor|69\/100 par\n|cant|p2a: Crocalor|par\n|\n|upkeep\n|turn|31\n|\n|t:|1699820590\n|switch|p1a: Ogre u know what|Ogerpon-Hearthflame, F|79\/100\n|-ability|p1a: Ogre u know what|Mold Breaker\n|move|p2a: Crocalor|Slack Off|p2a: Crocalor\n|-heal|p2a: Crocalor|100\/100 par\n|\n|upkeep\n|turn|32\n|\n|t:|1699820597\n|move|p1a: Ogre u know what|Ivy Cudgel|p2a: Crocalor\n|-resisted|p2a: Crocalor\n|-damage|p2a: Crocalor|88\/100 par\n|cant|p2a: Crocalor|par\n|\n|upkeep\n|turn|33\n|\n|t:|1699820601\n|move|p1a: Ogre u know what|Horn Leech|p2a: Crocalor\n|-resisted|p2a: Crocalor\n|-damage|p2a: Crocalor|77\/100 par\n|-heal|p1a: Ogre u know what|86\/100|[from] drain|[of] p2a: Crocalor\n|move|p2a: Crocalor|Flamethrower|p1a: Ogre u know what\n|-damage|p1a: Ogre u know what|52\/100\n|\n|upkeep\n|turn|34\n|\n|t:|1699820609\n|switch|p1a: Elon|Donphan, F|75\/100\n|cant|p2a: Crocalor|par\n|\n|upkeep\n|turn|35\n|\n|t:|1699820616\n|switch|p2a: Enamorus|Enamorus-Therian, F|100\/100\n|move|p1a: Elon|Earthquake|p2a: Enamorus\n|-immune|p2a: Enamorus\n|\n|upkeep\n|turn|36\n|\n|t:|1699820620\n|switch|p1a: MadCueBall|Electrode-Hisui, shiny|100\/100\n|move|p2a: Enamorus|Iron Defense|p2a: Enamorus\n|-boost|p2a: Enamorus|def|2\n|\n|upkeep\n|turn|37\n|\n|t:|1699820626\n|switch|p2a: Slowking|Slowking-Galar, M|100\/100 par\n|move|p1a: MadCueBall|Thunder Wave|p2a: Slowking\n|-fail|p2a: Slowking|par\n|\n|upkeep\n|turn|38\n|\n|t:|1699820631\n|switch|p1a: Elon|Donphan, F|75\/100\n|move|p2a: Slowking|Chilly Reception|p2a: Slowking\n|-weather|Snow\n|\n|t:|1699820633\n|switch|p2a: Quaquaval|Quaquaval, M|1\/100|[from] Chilly Reception\n|\n|-weather|Snow|[upkeep]\n|upkeep\n|turn|39\n|\n|t:|1699820643\n|move|p2a: Quaquaval|Flip Turn|p1a: Elon\n|-supereffective|p1a: Elon\n|-damage|p1a: Elon|28\/100\n|\n|t:|1699820681\n|switch|p2a: Enamorus|Enamorus-Therian, F|100\/100|[from] Flip Turn\n|move|p1a: Elon|Rapid Spin|p2a: Enamorus\n|-damage|p2a: Enamorus|89\/100\n|-boost|p1a: Elon|spe|1\n|\n|-weather|Snow|[upkeep]\n|upkeep\n|turn|40\n|\n|t:|1699820688\n|move|p1a: Elon|Heavy Slam|p2a: Enamorus\n|-supereffective|p2a: Enamorus\n|-damage|p2a: Enamorus|59\/100\n|move|p2a: Enamorus|Iron Defense|p2a: Enamorus\n|-boost|p2a: Enamorus|def|2\n|\n|-weather|Snow|[upkeep]\n|upkeep\n|turn|41\n|\n|t:|1699820694\n|move|p1a: Elon|Heavy Slam|p2a: Enamorus\n|-supereffective|p2a: Enamorus\n|-crit|p2a: Enamorus\n|-damage|p2a: Enamorus|12\/100\n|move|p2a: Enamorus|Calm Mind|p2a: Enamorus\n|-boost|p2a: Enamorus|spa|1\n|-boost|p2a: Enamorus|spd|1\n|\n|-weather|Snow|[upkeep]\n|upkeep\n|turn|42\n|\n|t:|1699820699\n|move|p1a: Elon|Heavy Slam|p2a: Enamorus\n|-supereffective|p2a: Enamorus\n|-damage|p2a: Enamorus|0 fnt\n|faint|p2a: Enamorus\n|\n|-weather|none\n|upkeep\n|\n|t:|1699820705\n|switch|p2a: Quaquaval|Quaquaval, M|1\/100\n|turn|43\n|c|\u2606Holiss77|lol\n|c|\u2606Holiss77|i had the same happen to me every time i used it\n|\n|t:|1699820723\n|move|p2a: Quaquaval|Flip Turn|p1a: Elon\n|-supereffective|p1a: Elon\n|-damage|p1a: Elon|0 fnt\n|faint|p1a: Elon\n|-ability|p2a: Quaquaval|Moxie|boost\n|-boost|p2a: Quaquaval|atk|1\n|\n|t:|1699820728\n|switch|p2a: Crocalor|Crocalor, F|77\/100 par|[from] Flip Turn\n|\n|upkeep\n|\n|t:|1699820733\n|switch|p1a: Roaring 707|Roaring Moon|100\/100\n|turn|44\n|\n|t:|1699820746\n|move|p1a: Roaring 707|Earthquake|p2a: Crocalor\n|-supereffective|p2a: Crocalor\n|-damage|p2a: Crocalor|18\/100 par\n|cant|p2a: Crocalor|par\n|\n|upkeep\n|turn|45\n|\n|t:|1699820757\n|move|p1a: Roaring 707|Earthquake|p2a: Crocalor\n|-supereffective|p2a: Crocalor\n|-damage|p2a: Crocalor|0 fnt\n|faint|p2a: Crocalor\n|\n|upkeep\n|\n|t:|1699820769\n|switch|p2a: Quaquaval|Quaquaval, M|1\/100\n|turn|46\n|\n|t:|1699820776\n|-end|p1a: Roaring 707|Protosynthesis|[silent]\n|switch|p1a: MadCueBall|Electrode-Hisui, shiny|100\/100\n|move|p2a: Quaquaval|Close Combat|p1a: MadCueBall\n|-damage|p1a: MadCueBall|22\/100\n|-unboost|p2a: Quaquaval|def|1\n|-unboost|p2a: Quaquaval|spd|1\n|\n|-heal|p1a: MadCueBall|28\/100|[from] item: Leftovers\n|upkeep\n|turn|47\n|\n|t:|1699820787\n|switch|p2a: Slowking|Slowking-Galar, M|100\/100 par\n|move|p1a: MadCueBall|Giga Drain|p2a: Slowking\n|-resisted|p2a: Slowking\n|-damage|p2a: Slowking|92\/100 par\n|-heal|p1a: MadCueBall|34\/100|[from] drain|[of] p2a: Slowking\n|\n|-heal|p1a: MadCueBall|40\/100|[from] item: Leftovers\n|upkeep\n|turn|48\n|\n|t:|1699820793\n|move|p1a: MadCueBall|Foul Play|p2a: Slowking\n|-supereffective|p2a: Slowking\n|-enditem|p2a: Slowking|Colbur Berry|[eat]\n|-enditem|p2a: Slowking|Colbur Berry|[weaken]\n|-damage|p2a: Slowking|84\/100 par\n|cant|p2a: Slowking|par\n|\n|-heal|p1a: MadCueBall|47\/100|[from] item: Leftovers\n|upkeep\n|turn|49\n|\n|t:|1699820805\n|move|p1a: MadCueBall|Foul Play|p2a: Slowking\n|-supereffective|p2a: Slowking\n|-damage|p2a: Slowking|67\/100 par\n|move|p2a: Slowking|Sludge Bomb|p1a: MadCueBall\n|-supereffective|p1a: MadCueBall\n|-damage|p1a: MadCueBall|0 fnt\n|faint|p1a: MadCueBall\n|\n|upkeep\n|\n|t:|1699820813\n|switch|p1a: Roaring 707|Roaring Moon|100\/100\n|turn|50\n|\n|t:|1699820828\n|move|p1a: Roaring 707|Outrage|p2a: Slowking\n|-damage|p2a: Slowking|0 fnt\n|faint|p2a: Slowking\n|\n|upkeep\n|\n|t:|1699820845\n|switch|p2a: Quaquaval|Quaquaval, M|1\/100\n|turn|51\n|\n|t:|1699820848\n|move|p2a: Quaquaval|Close Combat|p1a: Roaring 707\n|-supereffective|p1a: Roaring 707\n|-damage|p1a: Roaring 707|0 fnt\n|-unboost|p2a: Quaquaval|def|1\n|-unboost|p2a: Quaquaval|spd|1\n|faint|p1a: Roaring 707\n|-end|p1a: Roaring 707|Protosynthesis|[silent]\n|-ability|p2a: Quaquaval|Moxie|boost\n|-boost|p2a: Quaquaval|atk|1\n|\n|upkeep\n|\n|t:|1699820852\n|switch|p1a: Ogre u know what|Ogerpon-Hearthflame, F|52\/100\n|-ability|p1a: Ogre u know what|Mold Breaker\n|turn|52\n|\n|t:|1699820857\n|move|p2a: Quaquaval|Close Combat|p1a: Ogre u know what\n|-damage|p1a: Ogre u know what|0 fnt\n|-unboost|p2a: Quaquaval|def|1\n|-unboost|p2a: Quaquaval|spd|1\n|faint|p1a: Ogre u know what\n|\n|win|Ampharoside\n|c|\u2606Holiss77|gg\n|c|\u2606Ampharoside|gg\n|l|\u2606Holiss77\n|j| Quackborg\n|l| Quackborg\n","uploadtime":1699820866,"views":29,"p1id":"holiss77","p2id":"ampharoside","formatid":"gen9ubers","rating":0,"private":0,"password":""}