{"id":"gen9ubers-1972293174","p1":"Pachydon","p2":"Just's Black Sun","format":"[Gen 9] Ubers","log":"|j|\u2606Pachydon\n|j|\u2606Just's Black Sun\n|t:|1697828693\n|gametype|singles\n|player|p1|Pachydon|169|\n|player|p2|Just's Black Sun|burgh-masters|\n|teamsize|p1|6\n|teamsize|p2|6\n|gen|9\n|tier|[Gen 9] Ubers\n|rule|Sleep Clause Mod: Limit one foe put to sleep\n|rule|Species Clause: Limit one of each Pok\u00e9mon\n|rule|OHKO Clause: OHKO moves are banned\n|rule|Evasion Items Clause: Evasion items are banned\n|rule|Evasion Moves Clause: Evasion moves are banned\n|rule|Endless Battle Clause: Forcing endless battles is banned\n|rule|HP Percentage Mod: HP is shown in percentages\n|clearpoke\n|poke|p1|Heatran, M|\n|poke|p1|Scream Tail|\n|poke|p1|Drifblim, M|\n|poke|p1|Decidueye-Hisui, M|\n|poke|p1|Samurott-Hisui, F|\n|poke|p1|Typhlosion-Hisui, M|\n|poke|p2|Farigiraf, F|\n|poke|p2|Naclstack, M|\n|poke|p2|Slither Wing|\n|poke|p2|Kingambit, M|\n|poke|p2|Great Tusk|\n|poke|p2|Iron Bundle|\n|teampreview\n|c|\u2606Just's Black Sun|Auf einen guten Kampf. ^^\n|c|\u2606Pachydon|Viel Gl\u00fcck x3\n|c|\u2606Pachydon|Ich habe \u00fcbrigens extra alle Hisui-Pok\u00e9mon mitgebracht f\u00fcr den Style\n|c|\u2606Pachydon|bzw- Hisui-Starter\n|c|\u2606Just's Black Sun|Ich w\u00e4re entt\u00e4uscht gewesen, h\u00e4ttest du es nicht getan ;)\n|\n|t:|1697829070\n|start\n|switch|p1a: Typhlosion|Typhlosion-Hisui, M|100\/100\n|switch|p2a: Prumpi|Slither Wing|100\/100\n|-item|p2a: Prumpi|Choice Scarf|[from] ability: Frisk|[of] p1a: Typhlosion|[identify]\n|turn|1\n|\n|t:|1697829141\n|-end|p2a: Prumpi|Protosynthesis|[silent]\n|switch|p2a: Akoasma|Naclstack, M|100\/100\n|switch|p1a: Decidueye|Decidueye-Hisui, M|100\/100\n|\n|upkeep\n|turn|2\n|c|\u2606Pachydon|Die Namen wurden nicht gespeichert qwq\n|c|\u2606Pachydon|Egaaal\n|\n|t:|1697829271\n|switch|p2a: Prumpi|Slither Wing|100\/100\n|move|p1a: Decidueye|Trailblaze|p2a: Prumpi\n|-resisted|p2a: Prumpi\n|-damage|p2a: Prumpi|84\/100\n|-boost|p1a: Decidueye|spe|1\n|\n|upkeep\n|turn|3\n|\n|t:|1697829464\n|move|p2a: Prumpi|U-turn|p1a: Decidueye\n|-damage|p1a: Decidueye|59\/100\n|\n|t:|1697829570\n|-end|p2a: Prumpi|Protosynthesis|[silent]\n|switch|p2a: Candace|Farigiraf, F|100\/100|[from] U-turn\n|move|p1a: Decidueye|Trailblaze|p2a: Candace\n|-ability|p2a: Candace|Sap Sipper|boost\n|-boost|p2a: Candace|atk|1\n|\n|-heal|p1a: Decidueye|65\/100|[from] item: Leftovers\n|upkeep\n|turn|4\n|\n|t:|1697829658\n|switch|p1a: Drifblim|Drifblim, M|100\/100\n|move|p2a: Candace|Thunder Wave|p1a: Drifblim\n|-status|p1a: Drifblim|par\n|\n|upkeep\n|turn|5\n|\n|t:|1697829793\n|switch|p2a: Nr. 13|Iron Bundle|100\/100\n|move|p1a: Drifblim|Thunder Wave|p2a: Nr. 13\n|-status|p2a: Nr. 13|par\n|\n|upkeep\n|turn|6\n|c|\u2606Pachydon|Ha!\n|\n|t:|1697829839\n|move|p2a: Nr. 13|Flip Turn|p1a: Drifblim\n|-damage|p1a: Drifblim|82\/100 par\n|\n|t:|1697829848\n|-end|p2a: Nr. 13|Quark Drive|[silent]\n|switch|p2a: Akoasma|Naclstack, M|100\/100|[from] Flip Turn\n|move|p1a: Drifblim|Night Shade|p2a: Akoasma\n|-damage|p2a: Akoasma|70\/100\n|\n|upkeep\n|turn|7\n|\n|t:|1697829870\n|move|p1a: Drifblim|Strength Sap|p2a: Akoasma\n|-unboost|p2a: Akoasma|atk|1\n|-heal|p1a: Drifblim|100\/100 par\n|move|p2a: Akoasma|Salt Cure|p1a: Drifblim\n|-supereffective|p1a: Drifblim\n|-damage|p1a: Drifblim|84\/100 par\n|-start|p1a: Drifblim|Salt Cure\n|\n|-damage|p1a: Drifblim|71\/100 par|[from] Salt Cure\n|upkeep\n|turn|8\n|\n|t:|1697829887\n|cant|p1a: Drifblim|par\n|move|p2a: Akoasma|Salt Cure|p1a: Drifblim\n|-supereffective|p1a: Drifblim\n|-damage|p1a: Drifblim|57\/100 par\n|\n|-damage|p1a: Drifblim|45\/100 par|[from] Salt Cure\n|upkeep\n|turn|9\n|\n|t:|1697829899\n|move|p1a: Drifblim|Strength Sap|p2a: Akoasma\n|-unboost|p2a: Akoasma|atk|1\n|-heal|p1a: Drifblim|66\/100 par\n|move|p2a: Akoasma|Iron Defense|p2a: Akoasma\n|-boost|p2a: Akoasma|def|2\n|\n|-damage|p1a: Drifblim|53\/100 par|[from] Salt Cure\n|upkeep\n|turn|10\n|\n|t:|1697829957\n|switch|p1a: Decidueye|Decidueye-Hisui, M|65\/100\n|move|p2a: Akoasma|Salt Cure|p1a: Decidueye\n|-resisted|p1a: Decidueye\n|-damage|p1a: Decidueye|63\/100\n|-start|p1a: Decidueye|Salt Cure\n|\n|-heal|p1a: Decidueye|69\/100|[from] item: Leftovers\n|-damage|p1a: Decidueye|57\/100|[from] Salt Cure\n|upkeep\n|turn|11\n|\n|t:|1697830001\n|switch|p2a: Candace|Farigiraf, F|100\/100\n|move|p1a: Decidueye|Brave Bird|p2a: Candace\n|-damage|p2a: Candace|63\/100\n|-damage|p1a: Decidueye|41\/100|[from] Recoil\n|\n|-heal|p1a: Decidueye|47\/100|[from] item: Leftovers\n|-heal|p2a: Candace|69\/100|[from] item: Leftovers\n|-damage|p1a: Decidueye|35\/100|[from] Salt Cure\n|upkeep\n|turn|12\n|\n|t:|1697830040\n|switch|p1a: Drifblim|Drifblim, M|53\/100 par\n|move|p2a: Candace|Wish|p2a: Candace\n|\n|-heal|p2a: Candace|75\/100|[from] item: Leftovers\n|upkeep\n|turn|13\n|\n|t:|1697830048\n|switch|p2a: Akoasma|Naclstack, M|70\/100\n|move|p1a: Drifblim|Strength Sap|p2a: Akoasma\n|-unboost|p2a: Akoasma|atk|1\n|-heal|p1a: Drifblim|84\/100 par\n|\n|-heal|p2a: Akoasma|100\/100|[from] move: Wish|[wisher] Candace\n|upkeep\n|turn|14\n|\n|t:|1697830061\n|switch|p1a: Decidueye|Decidueye-Hisui, M|35\/100\n|move|p2a: Akoasma|Salt Cure|p1a: Decidueye\n|-resisted|p1a: Decidueye\n|-damage|p1a: Decidueye|32\/100\n|-start|p1a: Decidueye|Salt Cure\n|\n|-heal|p1a: Decidueye|38\/100|[from] item: Leftovers\n|-damage|p1a: Decidueye|25\/100|[from] Salt Cure\n|upkeep\n|turn|15\n|\n|t:|1697830151\n|switch|p1a: Drifblim|Drifblim, M|84\/100 par\n|switch|p2a: Mitschi|Great Tusk|100\/100\n|\n|upkeep\n|turn|16\n|\n|t:|1697830223\n|-end|p2a: Mitschi|Protosynthesis|[silent]\n|switch|p2a: Nr. 13|Iron Bundle|100\/100 par\n|move|p1a: Drifblim|Strength Sap|p2a: Nr. 13\n|-unboost|p2a: Nr. 13|atk|1\n|-heal|p1a: Drifblim|100\/100 par\n|\n|upkeep\n|turn|17\n|\n|t:|1697830291\n|switch|p1a: Scream Tail|Scream Tail|100\/100\n|move|p2a: Nr. 13|Flip Turn|p1a: Scream Tail\n|-damage|p1a: Scream Tail|92\/100\n|\n|t:|1697830331\n|-end|p2a: Nr. 13|Quark Drive|[silent]\n|switch|p2a: Stain|Kingambit, M|100\/100|[from] Flip Turn\n|\n|-heal|p1a: Scream Tail|98\/100|[from] item: Leftovers\n|upkeep\n|turn|18\n|j| SophiaMagica<3\n|\n|t:|1697830405\n|-end|p1a: Scream Tail|Protosynthesis|[silent]\n|switch|p1a: Drifblim|Drifblim, M|100\/100 par\n|move|p2a: Stain|Kowtow Cleave|p1a: Drifblim\n|-supereffective|p1a: Drifblim\n|-enditem|p1a: Drifblim|Focus Sash\n|-damage|p1a: Drifblim|1\/100 par\n|-damage|p2a: Stain|91\/100|[from] item: Life Orb\n|\n|upkeep\n|turn|19\n|\n|t:|1697830445\n|cant|p1a: Drifblim|par\n|move|p2a: Stain|Kowtow Cleave|p1a: Drifblim\n|-supereffective|p1a: Drifblim\n|-damage|p1a: Drifblim|0 fnt\n|faint|p1a: Drifblim\n|-damage|p2a: Stain|81\/100|[from] item: Life Orb\n|\n|upkeep\n|c|\u2606Pachydon|;-;\n|c| SophiaMagica<3|Unlucky :c\n|c|\u2606Just's Black Sun|Erwischt :D\n|\n|t:|1697830480\n|switch|p1a: Typhlosion|Typhlosion-Hisui, M|100\/100\n|-item|p2a: Stain|Life Orb|[from] ability: Frisk|[of] p1a: Typhlosion|[identify]\n|turn|20\n|\n|t:|1697830500\n|-end|p2a: Stain|fallenundefined|[silent]\n|switch|p2a: Akoasma|Naclstack, M|100\/100\n|move|p1a: Typhlosion|Substitute|p1a: Typhlosion\n|-start|p1a: Typhlosion|Substitute\n|-damage|p1a: Typhlosion|76\/100\n|\n|-heal|p1a: Typhlosion|82\/100|[from] item: Leftovers\n|upkeep\n|turn|21\n|\n|t:|1697830519\n|switch|p1a: Scream Tail|Scream Tail|98\/100\n|move|p2a: Akoasma|Salt Cure|p1a: Scream Tail\n|-damage|p1a: Scream Tail|91\/100\n|-start|p1a: Scream Tail|Salt Cure\n|\n|-heal|p1a: Scream Tail|97\/100|[from] item: Leftovers\n|-damage|p1a: Scream Tail|85\/100|[from] Salt Cure\n|upkeep\n|turn|22\n|\n|t:|1697830543\n|switch|p2a: Candace|Farigiraf, F|75\/100\n|move|p1a: Scream Tail|Wish|p1a: Scream Tail\n|\n|-heal|p1a: Scream Tail|91\/100|[from] item: Leftovers\n|-heal|p2a: Candace|81\/100|[from] item: Leftovers\n|-damage|p1a: Scream Tail|78\/100|[from] Salt Cure\n|upkeep\n|turn|23\n|\n|t:|1697830596\n|-end|p1a: Scream Tail|Protosynthesis|[silent]\n|switch|p1a: Samurott|Samurott-Hisui, F|100\/100\n|move|p2a: Candace|Thunder Wave|p1a: Samurott\n|-status|p1a: Samurott|par\n|\n|-heal|p2a: Candace|87\/100|[from] item: Leftovers\n|upkeep\n|turn|24\n|\n|t:|1697830633\n|switch|p2a: Mitschi|Great Tusk|100\/100\n|move|p1a: Samurott|Ceaseless Edge|p2a: Mitschi\n|-resisted|p2a: Mitschi\n|-damage|p2a: Mitschi|84\/100\n|-sidestart|p2: Just's Black Sun|Spikes\n|\n|upkeep\n|turn|25\n|\n|t:|1697830730\n|move|p2a: Mitschi|Rapid Spin|p1a: Samurott\n|-damage|p1a: Samurott|71\/100 par\n|-boost|p2a: Mitschi|spe|1\n|-sideend|p2: Just's Black Sun|Spikes|[from] move: Rapid Spin|[of] p2a: Mitschi\n|-damage|p2a: Mitschi|74\/100|[from] item: Life Orb\n|move|p1a: Samurott|Aqua Cutter|p2a: Mitschi\n|-supereffective|p2a: Mitschi\n|-damage|p2a: Mitschi|5\/100\n|\n|upkeep\n|turn|26\n|\n|t:|1697830764\n|move|p2a: Mitschi|Headlong Rush|p1a: Samurott\n|-damage|p1a: Samurott|0 fnt\n|-unboost|p2a: Mitschi|def|1\n|-unboost|p2a: Mitschi|spd|1\n|faint|p1a: Samurott\n|-damage|p2a: Mitschi|0 fnt|[from] item: Life Orb\n|faint|p2a: Mitschi\n|-end|p2a: Mitschi|Protosynthesis|[silent]\n|\n|upkeep\n|\n|t:|1697830828\n|switch|p2a: Prumpi|Slither Wing|84\/100\n|switch|p1a: Heatran|Heatran, M|100\/100\n|turn|27\n|\n|t:|1697830900\n|switch|p1a: Typhlosion|Typhlosion-Hisui, M|82\/100\n|-item|p2a: Prumpi|Choice Scarf|[from] ability: Frisk|[of] p1a: Typhlosion|[identify]\n|move|p2a: Prumpi|U-turn|p1a: Typhlosion\n|-resisted|p1a: Typhlosion\n|-damage|p1a: Typhlosion|71\/100\n|\n|t:|1697830914\n|-end|p2a: Prumpi|Protosynthesis|[silent]\n|switch|p2a: Akoasma|Naclstack, M|100\/100|[from] U-turn\n|\n|-heal|p1a: Typhlosion|77\/100|[from] item: Leftovers\n|upkeep\n|turn|28\n|\n|t:|1697830989\n|move|p1a: Typhlosion|Shadow Ball|p2a: Akoasma\n|-damage|p2a: Akoasma|90\/100\n|move|p2a: Akoasma|Salt Cure|p1a: Typhlosion\n|-supereffective|p1a: Typhlosion\n|-damage|p1a: Typhlosion|54\/100\n|-start|p1a: Typhlosion|Salt Cure\n|\n|-heal|p1a: Typhlosion|60\/100|[from] item: Leftovers\n|-damage|p1a: Typhlosion|48\/100|[from] Salt Cure\n|upkeep\n|turn|29\n|\n|t:|1697831007\n|move|p1a: Typhlosion|Shadow Ball|p2a: Akoasma\n|-damage|p2a: Akoasma|80\/100\n|move|p2a: Akoasma|Salt Cure|p1a: Typhlosion\n|-supereffective|p1a: Typhlosion\n|-damage|p1a: Typhlosion|27\/100\n|\n|-heal|p1a: Typhlosion|33\/100|[from] item: Leftovers\n|-damage|p1a: Typhlosion|21\/100|[from] Salt Cure\n|upkeep\n|turn|30\n|\n|t:|1697831018\n|move|p1a: Typhlosion|Shadow Ball|p2a: Akoasma\n|-damage|p2a: Akoasma|70\/100\n|-unboost|p2a: Akoasma|spd|1\n|move|p2a: Akoasma|Recover|p2a: Akoasma\n|-heal|p2a: Akoasma|100\/100\n|\n|-heal|p1a: Typhlosion|27\/100|[from] item: Leftovers\n|-damage|p1a: Typhlosion|15\/100|[from] Salt Cure\n|upkeep\n|turn|31\n|\n|t:|1697831035\n|switch|p2a: Candace|Farigiraf, F|87\/100\n|move|p1a: Typhlosion|Will-O-Wisp|p2a: Candace\n|-status|p2a: Candace|brn\n|\n|-heal|p1a: Typhlosion|20\/100|[from] item: Leftovers\n|-heal|p2a: Candace|93\/100 brn|[from] item: Leftovers\n|-damage|p2a: Candace|87\/100 brn|[from] brn\n|-damage|p1a: Typhlosion|8\/100|[from] Salt Cure\n|upkeep\n|turn|32\n|\n|t:|1697831051\n|move|p1a: Typhlosion|Flamethrower|p2a: Candace\n|-damage|p2a: Candace|59\/100 brn\n|move|p2a: Candace|Wish|p2a: Candace\n|\n|-heal|p1a: Typhlosion|14\/100|[from] item: Leftovers\n|-heal|p2a: Candace|65\/100 brn|[from] item: Leftovers\n|-damage|p2a: Candace|59\/100 brn|[from] brn\n|-damage|p1a: Typhlosion|2\/100|[from] Salt Cure\n|upkeep\n|turn|33\n|\n|t:|1697831082\n|switch|p1a: Heatran|Heatran, M|100\/100\n|move|p2a: Candace|Future Sight|p1a: Heatran\n|-start|p2a: Candace|move: Future Sight\n|\n|-heal|p2a: Candace|100\/100 brn|[from] move: Wish|[wisher] Candace\n|-damage|p2a: Candace|94\/100 brn|[from] brn\n|upkeep\n|turn|34\n|\n|t:|1697831091\n|move|p1a: Heatran|Stealth Rock|p2a: Candace\n|-sidestart|p2: Just's Black Sun|move: Stealth Rock\n|move|p2a: Candace|Thunder Wave|p1a: Heatran\n|-status|p1a: Heatran|par\n|\n|-heal|p2a: Candace|100\/100 brn|[from] item: Leftovers\n|-damage|p2a: Candace|94\/100 brn|[from] brn\n|upkeep\n|turn|35\n|\n|t:|1697831110\n|switch|p1a: Typhlosion|Typhlosion-Hisui, M|2\/100\n|-item|p2a: Candace|Leftovers|[from] ability: Frisk|[of] p1a: Typhlosion|[identify]\n|move|p2a: Candace|Wish|p2a: Candace\n|\n|-end|p1a: Typhlosion|move: Future Sight\n|-damage|p1a: Typhlosion|0 fnt\n|faint|p1a: Typhlosion\n|-heal|p2a: Candace|100\/100 brn|[from] item: Leftovers\n|-damage|p2a: Candace|94\/100 brn|[from] brn\n|upkeep\n|\n|t:|1697831120\n|switch|p1a: Heatran|Heatran, M|100\/100 par\n|turn|36\n|c|\u2606Pachydon|huch\n|c|\u2606Just's Black Sun|Den Seher vergessen? ;)\n|c|\u2606Pachydon|Ja\n|\n|t:|1697831179\n|switch|p2a: Akoasma|Naclstack, M|100\/100\n|-damage|p2a: Akoasma|88\/100|[from] Stealth Rock\n|move|p1a: Heatran|Earth Power|p2a: Akoasma\n|-supereffective|p2a: Akoasma\n|-damage|p2a: Akoasma|50\/100\n|-unboost|p2a: Akoasma|spd|1\n|\n|-heal|p2a: Akoasma|100\/100|[from] move: Wish|[wisher] Candace\n|upkeep\n|turn|37\n|\n|t:|1697831241\n|switch|p2a: Candace|Farigiraf, F|94\/100 brn\n|-damage|p2a: Candace|82\/100 brn|[from] Stealth Rock\n|move|p1a: Heatran|Magma Storm|p2a: Candace\n|-damage|p2a: Candace|43\/100 brn\n|-activate|p2a: Candace|move: Magma Storm|[of] p1a: Heatran\n|\n|-heal|p2a: Candace|49\/100 brn|[from] item: Leftovers\n|-damage|p2a: Candace|43\/100 brn|[from] brn\n|-damage|p2a: Candace|31\/100 brn|[from] move: Magma Storm|[partiallytrapped]\n|upkeep\n|turn|38\n|\n|t:|1697831267\n|move|p2a: Candace|Wish|p2a: Candace\n|move|p1a: Heatran|Magma Storm|p2a: Candace|[miss]\n|-miss|p1a: Heatran|p2a: Candace\n|\n|-heal|p2a: Candace|37\/100 brn|[from] item: Leftovers\n|-damage|p2a: Candace|31\/100 brn|[from] brn\n|-damage|p2a: Candace|19\/100 brn|[from] move: Magma Storm|[partiallytrapped]\n|upkeep\n|turn|39\n|\n|t:|1697831281\n|move|p2a: Candace|Protect|p2a: Candace\n|-singleturn|p2a: Candace|Protect\n|cant|p1a: Heatran|par\n|\n|-heal|p2a: Candace|68\/100 brn|[from] move: Wish|[wisher] Candace\n|-heal|p2a: Candace|75\/100 brn|[from] item: Leftovers\n|-damage|p2a: Candace|68\/100 brn|[from] brn\n|-damage|p2a: Candace|56\/100 brn|[from] move: Magma Storm|[partiallytrapped]\n|upkeep\n|turn|40\n|\n|t:|1697831301\n|move|p2a: Candace|Wish|p2a: Candace\n|move|p1a: Heatran|Earth Power|p2a: Candace\n|-damage|p2a: Candace|33\/100 brn\n|\n|-heal|p2a: Candace|39\/100 brn|[from] item: Leftovers\n|-damage|p2a: Candace|33\/100 brn|[from] brn\n|-damage|p2a: Candace|20\/100 brn|[from] move: Magma Storm|[partiallytrapped]\n|upkeep\n|turn|41\n|\n|t:|1697831316\n|move|p2a: Candace|Protect|p2a: Candace\n|-singleturn|p2a: Candace|Protect\n|cant|p1a: Heatran|par\n|\n|-heal|p2a: Candace|70\/100 brn|[from] move: Wish|[wisher] Candace\n|-heal|p2a: Candace|76\/100 brn|[from] item: Leftovers\n|-damage|p2a: Candace|70\/100 brn|[from] brn\n|-end|p2a: Candace|Magma Storm|[partiallytrapped]\n|upkeep\n|turn|42\n|\n|t:|1697831333\n|move|p2a: Candace|Wish|p2a: Candace\n|move|p1a: Heatran|Magma Storm|p2a: Candace\n|-crit|p2a: Candace\n|-damage|p2a: Candace|17\/100 brn\n|-activate|p2a: Candace|move: Magma Storm|[of] p1a: Heatran\n|\n|-heal|p2a: Candace|23\/100 brn|[from] item: Leftovers\n|-damage|p2a: Candace|17\/100 brn|[from] brn\n|-damage|p2a: Candace|5\/100 brn|[from] move: Magma Storm|[partiallytrapped]\n|upkeep\n|turn|43\n|\n|t:|1697831358\n|switch|p1a: Decidueye|Decidueye-Hisui, M|25\/100\n|move|p2a: Candace|Future Sight|p1a: Decidueye\n|-start|p2a: Candace|move: Future Sight\n|\n|-heal|p2a: Candace|54\/100 brn|[from] move: Wish|[wisher] Candace\n|-heal|p1a: Decidueye|32\/100|[from] item: Leftovers\n|-heal|p2a: Candace|61\/100 brn|[from] item: Leftovers\n|-damage|p2a: Candace|54\/100 brn|[from] brn\n|-end|p2a: Candace|Magma Storm|[partiallytrapped]|[silent]\n|upkeep\n|turn|44\n|\n|t:|1697831375\n|switch|p1a: Heatran|Heatran, M|100\/100 par\n|move|p2a: Candace|Thunder Wave|p1a: Heatran\n|-fail|p1a: Heatran|par\n|\n|-heal|p2a: Candace|61\/100 brn|[from] item: Leftovers\n|-damage|p2a: Candace|54\/100 brn|[from] brn\n|upkeep\n|turn|45\n|\n|t:|1697831387\n|move|p2a: Candace|Protect|p2a: Candace\n|-singleturn|p2a: Candace|Protect\n|move|p1a: Heatran|Magma Storm|p2a: Candace\n|-activate|p2a: Candace|move: Protect\n|\n|-end|p1a: Heatran|move: Future Sight\n|-resisted|p1a: Heatran\n|-damage|p1a: Heatran|84\/100 par\n|-heal|p2a: Candace|61\/100 brn|[from] item: Leftovers\n|-heal|p1a: Heatran|90\/100 par|[from] item: Leftovers\n|-damage|p2a: Candace|54\/100 brn|[from] brn\n|upkeep\n|turn|46\n|\n|t:|1697831401\n|move|p2a: Candace|Wish|p2a: Candace\n|cant|p1a: Heatran|par\n|\n|-heal|p2a: Candace|61\/100 brn|[from] item: Leftovers\n|-heal|p1a: Heatran|96\/100 par|[from] item: Leftovers\n|-damage|p2a: Candace|54\/100 brn|[from] brn\n|upkeep\n|turn|47\n|\n|t:|1697831426\n|move|p2a: Candace|Future Sight|p1a: Heatran\n|-start|p2a: Candace|move: Future Sight\n|move|p1a: Heatran|Will-O-Wisp|p2a: Candace\n|-fail|p2a: Candace|brn\n|\n|-heal|p2a: Candace|100\/100 brn|[from] move: Wish|[wisher] Candace\n|-heal|p1a: Heatran|100\/100 par|[from] item: Leftovers\n|-damage|p2a: Candace|94\/100 brn|[from] brn\n|upkeep\n|turn|48\n|\n|t:|1697831435\n|move|p2a: Candace|Wish|p2a: Candace\n|move|p1a: Heatran|Earth Power|p2a: Candace\n|-damage|p2a: Candace|73\/100 brn\n|\n|-heal|p2a: Candace|80\/100 brn|[from] item: Leftovers\n|-damage|p2a: Candace|73\/100 brn|[from] brn\n|upkeep\n|turn|49\n|\n|t:|1697831450\n|switch|p2a: Akoasma|Naclstack, M|100\/100\n|-damage|p2a: Akoasma|88\/100|[from] Stealth Rock\n|move|p1a: Heatran|Earth Power|p2a: Akoasma\n|-supereffective|p2a: Akoasma\n|-damage|p2a: Akoasma|50\/100\n|\n|-end|p1a: Heatran|move: Future Sight\n|-resisted|p1a: Heatran\n|-damage|p1a: Heatran|85\/100 par\n|-heal|p2a: Akoasma|100\/100|[from] move: Wish|[wisher] Candace\n|-heal|p1a: Heatran|91\/100 par|[from] item: Leftovers\n|upkeep\n|turn|50\n|\n|t:|1697831479\n|switch|p1a: Decidueye|Decidueye-Hisui, M|32\/100\n|-terastallize|p2a: Akoasma|Fairy\n|move|p2a: Akoasma|Salt Cure|p1a: Decidueye\n|-resisted|p1a: Decidueye\n|-damage|p1a: Decidueye|27\/100\n|-start|p1a: Decidueye|Salt Cure\n|\n|-heal|p1a: Decidueye|33\/100|[from] item: Leftovers\n|-damage|p1a: Decidueye|20\/100|[from] Salt Cure\n|upkeep\n|turn|51\n|c|\u2606Pachydon|ewwwwwww\n|\n|t:|1697831494\n|move|p1a: Decidueye|Swords Dance|p1a: Decidueye\n|-boost|p1a: Decidueye|atk|2\n|move|p2a: Akoasma|Iron Defense|p2a: Akoasma\n|-boost|p2a: Akoasma|def|2\n|\n|-heal|p1a: Decidueye|27\/100|[from] item: Leftovers\n|-damage|p1a: Decidueye|14\/100|[from] Salt Cure\n|upkeep\n|turn|52\n|c|\u2606Just's Black Sun|B-Tiers mit Tera sind fantastisch\n|c|\u2606Pachydon|ewwwwwwwwwwwww\n|c|\u2606Pachydon|Warum haben wir auch Tera Fee drin? Dx\n|\n|t:|1697831584\n|switch|p1a: Scream Tail|Scream Tail|78\/100\n|move|p2a: Akoasma|Iron Defense|p2a: Akoasma\n|-boost|p2a: Akoasma|def|2\n|\n|-heal|p1a: Scream Tail|85\/100|[from] item: Leftovers\n|upkeep\n|turn|53\n|c|\u2606Just's Black Sun|Ich h\u00e4tte sogar noch Tera Geist als Alternative gehabt, ein Fest f\u00fcr Sedisal\n|\n|t:|1697831598\n|move|p1a: Scream Tail|Wish|p1a: Scream Tail\n|move|p2a: Akoasma|Salt Cure|p1a: Scream Tail\n|-damage|p1a: Scream Tail|77\/100\n|-start|p1a: Scream Tail|Salt Cure\n|\n|-heal|p1a: Scream Tail|83\/100|[from] item: Leftovers\n|-damage|p1a: Scream Tail|71\/100|[from] Salt Cure\n|upkeep\n|turn|54\n|\n|t:|1697831620\n|move|p1a: Scream Tail|Calm Mind|p1a: Scream Tail\n|-boost|p1a: Scream Tail|spa|1\n|-boost|p1a: Scream Tail|spd|1\n|move|p2a: Akoasma|Body Press|p1a: Scream Tail\n|-resisted|p1a: Scream Tail\n|-damage|p1a: Scream Tail|60\/100\n|\n|-heal|p1a: Scream Tail|100\/100|[from] move: Wish|[wisher] Scream Tail\n|-damage|p1a: Scream Tail|88\/100|[from] Salt Cure\n|upkeep\n|turn|55\n|\n|t:|1697831638\n|switch|p2a: Stain|Kingambit, M|81\/100\n|-damage|p2a: Stain|74\/100|[from] Stealth Rock\n|-activate|p2a: Stain|ability: Supreme Overlord\n|-start|p2a: Stain|fallen1|[silent]\n|move|p1a: Scream Tail|Calm Mind|p1a: Scream Tail\n|-boost|p1a: Scream Tail|spa|1\n|-boost|p1a: Scream Tail|spd|1\n|\n|-heal|p1a: Scream Tail|94\/100|[from] item: Leftovers\n|-damage|p1a: Scream Tail|82\/100|[from] Salt Cure\n|upkeep\n|turn|56\n|\n|t:|1697831654\n|-terastallize|p1a: Scream Tail|Flying\n|move|p1a: Scream Tail|Focus Blast|p2a: Stain|[miss]\n|-miss|p1a: Scream Tail|p2a: Stain\n|move|p2a: Stain|Iron Head|p1a: Scream Tail\n|-damage|p1a: Scream Tail|33\/100\n|-damage|p2a: Stain|64\/100|[from] item: Life Orb\n|\n|-heal|p1a: Scream Tail|39\/100|[from] item: Leftovers\n|-damage|p1a: Scream Tail|27\/100|[from] Salt Cure\n|upkeep\n|turn|57\n|c|\u2606Pachydon|AHHHHHHHHHHHHHH\n|c|\u2606Pachydon|Ich h\u00e4tte doch das physische Set nehmen sollen\n|c|\u2606Just's Black Sun|Wer Fokussto\u00df spielt, den bestraft das Leben\n|c|\u2606Pachydon|Spiel doof :c\n|\n|t:|1697831801\n|move|p1a: Scream Tail|Wish|p1a: Scream Tail\n|move|p2a: Stain|Iron Head|p1a: Scream Tail\n|-damage|p1a: Scream Tail|0 fnt\n|faint|p1a: Scream Tail\n|-end|p1a: Scream Tail|Protosynthesis|[silent]\n|-damage|p2a: Stain|54\/100|[from] item: Life Orb\n|\n|upkeep\n|c|\u2606Just's Black Sun|Rejected\n|c|\u2606Pachydon|Du hattest Tiefschlag drauf, ja? Dx\n|\n|t:|1697831825\n|switch|p1a: Heatran|Heatran, M|91\/100 par\n|turn|58\n|c|\u2606Just's Black Sun|Klar hab ich Tiefschlag\n|c|\u2606Pachydon|mhhhh\n|\n|t:|1697831840\n|move|p2a: Stain|Low Kick|p1a: Heatran\n|-supereffective|p1a: Heatran\n|-damage|p1a: Heatran|0 fnt\n|faint|p1a: Heatran\n|-damage|p2a: Stain|44\/100|[from] item: Life Orb\n|\n|upkeep\n|c|\u2606Pachydon|Ich dachte schon, warum \u00fcberlegst du gerade so lange xD\n|\n|t:|1697831854\n|switch|p1a: Decidueye|Decidueye-Hisui, M|14\/100\n|turn|59\n|\n|t:|1697831881\n|move|p2a: Stain|Sucker Punch||[still]\n|-fail|p2a: Stain\n|move|p1a: Decidueye|Swords Dance|p1a: Decidueye\n|-boost|p1a: Decidueye|atk|2\n|\n|-heal|p1a: Decidueye|20\/100|[from] item: Leftovers\n|upkeep\n|turn|60\n|\n|t:|1697831929\n|move|p2a: Stain|Sucker Punch|p1a: Decidueye\n|-resisted|p1a: Decidueye\n|-damage|p1a: Decidueye|0 fnt\n|faint|p1a: Decidueye\n|-damage|p2a: Stain|35\/100|[from] item: Life Orb\n|\n|win|Just's Black Sun\n|c|\u2606Just's Black Sun|gg ^^\n|c|\u2606Pachydon|;-;\n|c|\u2606Pachydon|gg >.<\n|c|\u2606Pachydon|Doofer Fokussto\u00df xD\n|c|\u2606Pachydon|Ich wollte wissen, wie weit ich noch h\u00e4tte kommen k\u00f6nnen D:\n|c|\u2606Just's Black Sun|Es ist so verlockend, Fokussto\u00df zu spielen, aber es funktioniert nie. Einfach sein lassen.\n|c|\u2606Pachydon|Ich musste es gegen Gladimperio tun qwq\n|c|\u2606Just's Black Sun|Du w\u00e4rst vermutlich einen Kill weiter gekommen. Durch Tera-Flug h\u00e4tte mein Kriechfl\u00fcgel dich mit Wahlschal-Stromsto\u00df erlegt\n|c|\u2606Pachydon|Ja gut\n|c|\u2606Pachydon|Den wollte ich auch paralysieren noch xD\n|c|\u2606Just's Black Sun|Aber war ein sch\u00f6ner Kampf, deine Pokemon sind cool! ^^\n|c|\u2606Pachydon|Danke fand ich ebenso c:\n","uploadtime":1697831940,"views":18,"p1id":"pachydon","p2id":"justsblacksun","formatid":"gen9ubers","rating":0,"private":0,"password":""}