{"id":"gen9ubers-1977799522","p1":"dwagonhunter","p2":"MonkeyManStan","format":"[Gen 9] Ubers","log":"|j|\u2606dwagonhunter\n|j|\u2606MonkeyManStan\n|t:|1698451055\n|gametype|singles\n|player|p1|dwagonhunter|lance|\n|player|p2|MonkeyManStan|chili|\n|teamsize|p1|6\n|teamsize|p2|6\n|gen|9\n|tier|[Gen 9] Ubers\n|rule|Sleep Clause Mod: Limit one foe put to sleep\n|rule|Species Clause: Limit one of each Pok\u00e9mon\n|rule|OHKO Clause: OHKO moves are banned\n|rule|Evasion Items Clause: Evasion items are banned\n|rule|Evasion Moves Clause: Evasion moves are banned\n|rule|Endless Battle Clause: Forcing endless battles is banned\n|rule|HP Percentage Mod: HP is shown in percentages\n|clearpoke\n|poke|p1|Avalugg-Hisui, M|\n|poke|p1|Ursaluna-Bloodmoon, M|\n|poke|p1|Torterra, M|\n|poke|p1|Alomomola, F|\n|poke|p1|Arcanine-Hisui, M|\n|poke|p1|Bronzong|\n|poke|p2|Politoed, M|\n|poke|p2|Kilowattrel, M|\n|poke|p2|Manaphy|\n|poke|p2|Tornadus-Therian, M|\n|poke|p2|Quaquaval, F|\n|poke|p2|Toxicroak, F|\n|teampreview\n|c|\u2606MonkeyManStan|glhf!\n|c|\u2606dwagonhunter|u 2\n|\n|t:|1698451113\n|start\n|switch|p1a: Bronzong|Bronzong|100\/100\n|switch|p2a: Tornadus|Tornadus-Therian, M, shiny|100\/100\n|turn|1\n|\n|t:|1698451127\n|move|p2a: Tornadus|Knock Off|p1a: Bronzong\n|-supereffective|p1a: Bronzong\n|-damage|p1a: Bronzong|64\/100\n|-enditem|p1a: Bronzong|Light Clay|[from] move: Knock Off|[of] p2a: Tornadus\n|move|p1a: Bronzong|Light Screen|p1a: Bronzong\n|-sidestart|p1: dwagonhunter|move: Light Screen\n|\n|upkeep\n|turn|2\n|\n|t:|1698451163\n|move|p2a: Tornadus|Knock Off|p1a: Bronzong\n|-supereffective|p1a: Bronzong\n|-damage|p1a: Bronzong|39\/100\n|move|p1a: Bronzong|Reflect|p1a: Bronzong\n|-sidestart|p1: dwagonhunter|Reflect\n|\n|upkeep\n|turn|3\n|inactive|Battle timer is ON: inactive players will automatically lose when time's up. (requested by dwagonhunter)\n|j| JDragon666\n|l| JDragon666\n|inactive|MonkeyManStan has 270 seconds left.\n|j| Mr. Cip\n|\n|t:|1698451305\n|switch|p1a: Avalugg|Avalugg-Hisui, M, shiny|100\/100\n|move|p2a: Tornadus|U-turn|p1a: Avalugg\n|-damage|p1a: Avalugg|98\/100\n|j| Swagadile\n|inactive|MonkeyManStan has 270 seconds left.\n|inactive|MonkeyManStan has 240 seconds left.\n|\n|t:|1698451379\n|switch|p2a: Toxicroak|Toxicroak, F, shiny|100\/100|[from] U-turn\n|\n|upkeep\n|turn|4\n|\n|t:|1698451386\n|move|p2a: Toxicroak|Drain Punch|p1a: Avalugg\n|-supereffective|p1a: Avalugg\n|-damage|p1a: Avalugg|70\/100\n|move|p1a: Avalugg|Stealth Rock|p2a: Toxicroak\n|-sidestart|p2: MonkeyManStan|move: Stealth Rock\n|\n|upkeep\n|turn|5\n|inactive|MonkeyManStan has 240 seconds left.\n|inactive|MonkeyManStan has 210 seconds left.\n|inactive|MonkeyManStan has 180 seconds left.\n|\n|t:|1698451460\n|switch|p2a: Quaquaval|Quaquaval, F|100\/100\n|-damage|p2a: Quaquaval|94\/100|[from] Stealth Rock\n|switch|p1a: Torterra|Torterra, M|100\/100\n|\n|-sideend|p1: dwagonhunter|move: Light Screen\n|upkeep\n|turn|6\n|inactive|MonkeyManStan has 180 seconds left.\n|j| BPLD\n|inactive|dwagonhunter has 270 seconds left.\n|inactive|MonkeyManStan has 150 seconds left.\n|inactive|MonkeyManStan has 120 seconds left.\n|\n|t:|1698451543\n|move|p2a: Quaquaval|Ice Spinner|p1a: Torterra\n|-supereffective|p1a: Torterra\n|-damage|p1a: Torterra|54\/100\n|move|p1a: Torterra|Bullet Seed|p2a: Quaquaval\n|-supereffective|p2a: Quaquaval\n|-damage|p2a: Quaquaval|66\/100\n|-supereffective|p2a: Quaquaval\n|-damage|p2a: Quaquaval|34\/100\n|-supereffective|p2a: Quaquaval\n|-damage|p2a: Quaquaval|5\/100\n|-supereffective|p2a: Quaquaval\n|-damage|p2a: Quaquaval|0 fnt\n|faint|p2a: Quaquaval\n|-hitcount|p2: Quaquaval|4\n|\n|-sideend|p1: dwagonhunter|Reflect\n|upkeep\n|inactive|MonkeyManStan has 90 seconds left.\n|inactive|MonkeyManStan has 60 seconds left.\n|c|\u2606MonkeyManStan|aye man can you turn off timer?\n|c|\u2606dwagonhunter|ight\n|inactiveoff|Battle timer is now OFF.\n|c|\u2606MonkeyManStan|thx sorry\n|\n|t:|1698451642\n|switch|p2a: Politoed|Politoed, M, shiny|100\/100\n|-damage|p2a: Politoed|88\/100|[from] Stealth Rock\n|-weather|RainDance|[from] ability: Drizzle|[of] p2a: Politoed\n|turn|7\n|c|\u2606dwagonhunter|all g\n|\n|t:|1698451667\n|switch|p2a: Kilowattrel|Kilowattrel, M|100\/100\n|-damage|p2a: Kilowattrel|76\/100|[from] Stealth Rock\n|move|p1a: Torterra|Bullet Seed|p2a: Kilowattrel\n|-resisted|p2a: Kilowattrel\n|-damage|p2a: Kilowattrel|65\/100\n|-resisted|p2a: Kilowattrel\n|-damage|p2a: Kilowattrel|54\/100\n|-resisted|p2a: Kilowattrel\n|-damage|p2a: Kilowattrel|45\/100\n|-resisted|p2a: Kilowattrel\n|-damage|p2a: Kilowattrel|35\/100\n|-resisted|p2a: Kilowattrel\n|-damage|p2a: Kilowattrel|26\/100\n|-hitcount|p2a: Kilowattrel|5\n|\n|-weather|RainDance|[upkeep]\n|-heal|p2a: Kilowattrel|32\/100|[from] item: Leftovers\n|upkeep\n|turn|8\n|\n|t:|1698451722\n|switch|p1a: Alomomola|Alomomola, F|100\/100\n|move|p2a: Kilowattrel|Hurricane|p1a: Alomomola\n|-damage|p1a: Alomomola|49\/100\n|\n|-weather|RainDance|[upkeep]\n|-heal|p2a: Kilowattrel|38\/100|[from] item: Leftovers\n|upkeep\n|turn|9\n|\n|t:|1698451728\n|move|p2a: Kilowattrel|Hurricane|p1a: Alomomola\n|-damage|p1a: Alomomola|0 fnt\n|faint|p1a: Alomomola\n|\n|-weather|RainDance|[upkeep]\n|-heal|p2a: Kilowattrel|44\/100|[from] item: Leftovers\n|upkeep\n|\n|t:|1698451731\n|switch|p1a: Arcanine|Arcanine-Hisui, M|100\/100\n|turn|10\n|c|\u2606MonkeyManStan|GOD I HATE THAT FISH\n|\n|t:|1698451820\n|switch|p2a: Manaphy|Manaphy|100\/100\n|-damage|p2a: Manaphy|88\/100|[from] Stealth Rock\n|move|p1a: Arcanine|Head Smash|p2a: Manaphy|[miss]\n|-miss|p1a: Arcanine|p2a: Manaphy\n|\n|-weather|RainDance|[upkeep]\n|-heal|p2a: Manaphy|94\/100|[from] item: Leftovers\n|upkeep\n|turn|11\n|c|\u2606dwagonhunter|uhhhhhhhhhhhhhhhhhhhhhh\n|c|\u2606dwagonhunter|myyyyy lifeeeeeeee\n|c|\u2606MonkeyManStan|nam flashbacks\n|c|\u2606dwagonhunter|i think that miss just costed me the game lmao\n|\n|t:|1698451919\n|switch|p1a: Bronzong|Bronzong|39\/100\n|move|p2a: Manaphy|Take Heart|p2a: Manaphy\n|-boost|p2a: Manaphy|spa|1\n|-boost|p2a: Manaphy|spd|1\n|\n|-weather|RainDance|[upkeep]\n|-heal|p2a: Manaphy|99\/100|[from] item: Leftovers\n|upkeep\n|turn|12\n|\n|t:|1698451928\n|move|p2a: Manaphy|Scald|p1a: Bronzong\n|-damage|p1a: Bronzong|0 fnt\n|faint|p1a: Bronzong\n|\n|-weather|RainDance|[upkeep]\n|-heal|p2a: Manaphy|100\/100|[from] item: Leftovers\n|upkeep\n|\n|t:|1698451939\n|switch|p1a: Ursaluna|Ursaluna-Bloodmoon, M|100\/100\n|turn|13\n|\n|t:|1698451971\n|move|p2a: Manaphy|Take Heart|p2a: Manaphy\n|-boost|p2a: Manaphy|spa|1\n|-boost|p2a: Manaphy|spd|1\n|move|p1a: Ursaluna|Calm Mind|p1a: Ursaluna\n|-boost|p1a: Ursaluna|spa|1\n|-boost|p1a: Ursaluna|spd|1\n|\n|-weather|RainDance|[upkeep]\n|upkeep\n|turn|14\n|\n|t:|1698452024\n|move|p1a: Ursaluna|Vacuum Wave|p2a: Manaphy\n|-damage|p2a: Manaphy|88\/100\n|move|p2a: Manaphy|Scald|p1a: Ursaluna\n|-supereffective|p1a: Ursaluna\n|-damage|p1a: Ursaluna|0 fnt\n|faint|p1a: Ursaluna\n|\n|-weather|none\n|-heal|p2a: Manaphy|94\/100|[from] item: Leftovers\n|upkeep\n|l| Mr. Cip\n|\n|t:|1698452039\n|switch|p1a: Torterra|Torterra, M|54\/100\n|turn|15\n|\n|t:|1698452073\n|move|p2a: Manaphy|Scald|p1a: Torterra\n|-damage|p1a: Torterra|0 fnt\n|faint|p1a: Torterra\n|\n|-heal|p2a: Manaphy|100\/100|[from] item: Leftovers\n|upkeep\n|c| Swagadile|That head smash miss was huge\n|\n|t:|1698452078\n|switch|p1a: Avalugg|Avalugg-Hisui, M, shiny|70\/100\n|turn|16\n|c|\u2606MonkeyManStan|this could've been a very different game if that head smash hit yeah\n|c|\u2606dwagonhunter|thats what i said i knew i lost the moment i missed that unlucky\n|c| Swagadile|Yeah very unfort\n|c|\u2606MonkeyManStan|i was terrified of arc man\n|\n|t:|1698452120\n|move|p2a: Manaphy|Scald|p1a: Avalugg\n|-supereffective|p1a: Avalugg\n|-damage|p1a: Avalugg|0 fnt\n|faint|p1a: Avalugg\n|\n|upkeep\n|\n|t:|1698452132\n|switch|p1a: Arcanine|Arcanine-Hisui, M|100\/100\n|turn|17\n|c| Swagadile|Crit this one for redemption\n|\n|t:|1698452140\n|move|p1a: Arcanine|Head Smash|p2a: Manaphy\n|-crit|p2a: Manaphy\n|-damage|p2a: Manaphy|23\/100\n|move|p2a: Manaphy|Scald|p1a: Arcanine\n|-supereffective|p1a: Arcanine\n|-damage|p1a: Arcanine|0 fnt\n|faint|p1a: Arcanine\n|\n|win|MonkeyManStan\n|c|\u2606MonkeyManStan|if he crits it's jover for me\n|c| Swagadile|Aw not enough lol\n|c|\u2606MonkeyManStan|ggs man\n","uploadtime":1698452150,"views":17,"p1id":"dwagonhunter","p2id":"monkeymanstan","formatid":"gen9ubers","rating":0,"private":0,"password":""}