{"id":"gen9ubers-1983413599","p1":"MCBHammer","p2":"ackillin","format":"[Gen 9] Ubers","log":"|j|\u2606MCBHammer\n|j|\u2606ackillin\n|t:|1699127544\n|gametype|singles\n|player|p1|MCBHammer|170|\n|player|p2|ackillin|aromalady|\n|teamsize|p1|6\n|teamsize|p2|6\n|gen|9\n|tier|[Gen 9] Ubers\n|rule|Sleep Clause Mod: Limit one foe put to sleep\n|rule|Species Clause: Limit one of each Pok\u00e9mon\n|rule|OHKO Clause: OHKO moves are banned\n|rule|Evasion Items Clause: Evasion items are banned\n|rule|Evasion Moves Clause: Evasion moves are banned\n|rule|Endless Battle Clause: Forcing endless battles is banned\n|rule|HP Percentage Mod: HP is shown in percentages\n|clearpoke\n|poke|p1|Chi-Yu|\n|poke|p1|Torkoal, F|\n|poke|p1|Walking Wake|\n|poke|p1|Arceus-Grass|\n|poke|p1|Zacian-*|\n|poke|p1|Magearna|\n|poke|p2|Magearna|\n|poke|p2|Ninetales-Alola, F|\n|poke|p2|Landorus, M|\n|poke|p2|Espathra, M|\n|poke|p2|Cyclizar, M|\n|poke|p2|Palafin, F|\n|teampreview\n|\n|t:|1699127780\n|start\n|switch|p1a: Hot in Here|Torkoal, F|100\/100\n|switch|p2a: Sweater Song|Landorus, M|100\/100\n|-weather|SunnyDay|[from] ability: Drought|[of] p1a: Hot in Here\n|turn|1\n|\n|t:|1699127814\n|switch|p1a: Thot Walk|Walking Wake|100\/100\n|-activate|p1a: Thot Walk|ability: Protosynthesis\n|-start|p1a: Thot Walk|protosynthesisspe\n|move|p2a: Sweater Song|Earth Power|p1a: Thot Walk\n|-damage|p1a: Thot Walk|11\/100\n|\n|-weather|SunnyDay|[upkeep]\n|upkeep\n|turn|2\n|\n|t:|1699127839\n|switch|p2a: Pink Triangle|Ninetales-Alola, F|100\/100\n|-weather|Snow|[from] ability: Snow Warning|[of] p2a: Pink Triangle\n|-end|p1a: Thot Walk|Protosynthesis\n|move|p1a: Thot Walk|Flip Turn|p2a: Pink Triangle\n|-damage|p2a: Pink Triangle|88\/100\n|\n|t:|1699127845\n|-end|p1a: Thot Walk|Protosynthesis|[silent]\n|switch|p1a: Hot in Here|Torkoal, F|100\/100|[from] Flip Turn\n|-weather|SunnyDay|[from] ability: Drought|[of] p1a: Hot in Here\n|\n|-weather|SunnyDay|[upkeep]\n|upkeep\n|turn|3\n|\n|t:|1699127857\n|switch|p2a: Sweater Song|Landorus, M|100\/100\n|move|p1a: Hot in Here|Stealth Rock|p2a: Sweater Song\n|-sidestart|p2: ackillin|move: Stealth Rock\n|\n|-weather|SunnyDay|[upkeep]\n|upkeep\n|turn|4\n|\n|t:|1699127868\n|switch|p1a: Green Bowser|Arceus-Grass|100\/100\n|move|p2a: Sweater Song|Sludge Bomb|p1a: Green Bowser\n|-supereffective|p1a: Green Bowser\n|-crit|p1a: Green Bowser\n|-damage|p1a: Green Bowser|0 fnt\n|faint|p1a: Green Bowser\n|\n|-weather|SunnyDay|[upkeep]\n|upkeep\n|\n|t:|1699127875\n|switch|p1a: Thot Walk|Walking Wake|11\/100\n|-activate|p1a: Thot Walk|ability: Protosynthesis\n|-start|p1a: Thot Walk|protosynthesisspe\n|turn|5\n|\n|t:|1699127914\n|-terastallize|p1a: Thot Walk|Water\n|-terastallize|p2a: Sweater Song|Poison\n|move|p1a: Thot Walk|Hydro Steam|p2a: Sweater Song\n|-damage|p2a: Sweater Song|0 fnt\n|faint|p2a: Sweater Song\n|\n|-weather|SunnyDay|[upkeep]\n|upkeep\n|\n|t:|1699127928\n|switch|p2a: Pink Triangle|Ninetales-Alola, F|88\/100\n|-damage|p2a: Pink Triangle|63\/100|[from] Stealth Rock\n|-weather|Snow|[from] ability: Snow Warning|[of] p2a: Pink Triangle\n|-end|p1a: Thot Walk|Protosynthesis\n|turn|6\n|\n|t:|1699127933\n|move|p2a: Pink Triangle|Aurora Veil|p2a: Pink Triangle\n|-sidestart|p2: ackillin|move: Aurora Veil\n|move|p1a: Thot Walk|Hydro Steam|p2a: Pink Triangle\n|-damage|p2a: Pink Triangle|22\/100\n|\n|-weather|Snow|[upkeep]\n|upkeep\n|turn|7\n|\n|t:|1699127942\n|move|p2a: Pink Triangle|Weather Ball|p1a: Thot Walk\n|-resisted|p1a: Thot Walk\n|-damage|p1a: Thot Walk|0 fnt\n|faint|p1a: Thot Walk\n|-end|p1a: Thot Walk|Protosynthesis|[silent]\n|\n|-weather|Snow|[upkeep]\n|upkeep\n|\n|t:|1699127948\n|switch|p1a: Hot in Here|Torkoal, F|100\/100\n|-weather|SunnyDay|[from] ability: Drought|[of] p1a: Hot in Here\n|turn|8\n|\n|t:|1699127974\n|switch|p2a: Why Bother?|Palafin, F|100\/100\n|-damage|p2a: Why Bother?|88\/100|[from] Stealth Rock\n|switch|p1a: Dog|Zacian|100\/100\n|-ability|p1a: Dog|Intrepid Sword|boost\n|-boost|p1a: Dog|atk|1\n|\n|-weather|SunnyDay|[upkeep]\n|upkeep\n|turn|9\n|\n|t:|1699128004\n|detailschange|p2a: Why Bother?|Palafin-Hero, F\n|switch|p2a: Pink Triangle|Ninetales-Alola, F|22\/100\n|-damage|p2a: Pink Triangle|0 fnt|[from] Stealth Rock\n|faint|p2a: Pink Triangle\n|move|p1a: Dog|Swords Dance|p1a: Dog\n|-boost|p1a: Dog|atk|2\n|\n|-weather|SunnyDay|[upkeep]\n|upkeep\n|\n|t:|1699128024\n|switch|p2a: The Good Life|Cyclizar, M|100\/100\n|-damage|p2a: The Good Life|88\/100|[from] Stealth Rock\n|turn|10\n|\n|t:|1699128031\n|move|p1a: Dog|Close Combat|p2a: The Good Life\n|-supereffective|p2a: The Good Life\n|-damage|p2a: The Good Life|0 fnt\n|-unboost|p1a: Dog|def|1\n|-unboost|p1a: Dog|spd|1\n|faint|p2a: The Good Life\n|\n|-weather|SunnyDay|[upkeep]\n|upkeep\n|\n|t:|1699128068\n|switch|p2a: Island in the Sun|Magearna|100\/100\n|-damage|p2a: Island in the Sun|94\/100|[from] Stealth Rock\n|turn|11\n|\n|t:|1699128078\n|move|p1a: Dog|Close Combat|p2a: Island in the Sun\n|-damage|p2a: Island in the Sun|57\/100\n|-unboost|p1a: Dog|def|1\n|-unboost|p1a: Dog|spd|1\n|move|p2a: Island in the Sun|Flash Cannon|p1a: Dog\n|-supereffective|p1a: Dog\n|-damage|p1a: Dog|0 fnt\n|faint|p1a: Dog\n|-ability|p2a: Island in the Sun|Soul-Heart|boost\n|-boost|p2a: Island in the Sun|spa|1\n|\n|-weather|SunnyDay|[upkeep]\n|-heal|p2a: Island in the Sun|63\/100|[from] item: Leftovers\n|upkeep\n|\n|t:|1699128132\n|switch|p1a: 252+ SpA Choice S|Chi-Yu|100\/100\n|-ability|p1a: 252+ SpA Choice S|Beads of Ruin\n|turn|12\n|\n|t:|1699128163\n|move|p1a: 252+ SpA Choice S|Overheat|p2a: Island in the Sun\n|-supereffective|p2a: Island in the Sun\n|-damage|p2a: Island in the Sun|0 fnt\n|-unboost|p1a: 252+ SpA Choice S|spa|2\n|faint|p2a: Island in the Sun\n|\n|-weather|SunnyDay|[upkeep]\n|upkeep\n|\n|t:|1699128166\n|switch|p2a: Why Bother?|Palafin-Hero, F|88\/100\n|-damage|p2a: Why Bother?|76\/100|[from] Stealth Rock\n|-activate|p2a: Why Bother?|ability: Zero to Hero\n|turn|13\n|\n|t:|1699128173\n|move|p2a: Why Bother?|Jet Punch|p1a: 252+ SpA Choice S\n|-supereffective|p1a: 252+ SpA Choice S\n|-damage|p1a: 252+ SpA Choice S|0 fnt\n|faint|p1a: 252+ SpA Choice S\n|\n|-weather|SunnyDay|[upkeep]\n|-sideend|p2: ackillin|move: Aurora Veil\n|upkeep\n|\n|t:|1699128180\n|switch|p1a: Hot in Here|Torkoal, F|100\/100\n|turn|14\n|\n|t:|1699128183\n|move|p2a: Why Bother?|Jet Punch|p1a: Hot in Here\n|-supereffective|p1a: Hot in Here\n|-crit|p1a: Hot in Here\n|-damage|p1a: Hot in Here|37\/100\n|move|p1a: Hot in Here|Will-O-Wisp|p2a: Why Bother?\n|-status|p2a: Why Bother?|brn\n|\n|-weather|SunnyDay|[upkeep]\n|-damage|p2a: Why Bother?|70\/100 brn|[from] brn\n|upkeep\n|turn|15\n|\n|t:|1699128194\n|move|p2a: Why Bother?|Jet Punch|p1a: Hot in Here\n|-supereffective|p1a: Hot in Here\n|-crit|p1a: Hot in Here\n|-damage|p1a: Hot in Here|5\/100\n|move|p1a: Hot in Here|Rapid Spin|p2a: Why Bother?\n|-damage|p2a: Why Bother?|62\/100 brn\n|-boost|p1a: Hot in Here|spe|1\n|\n|-weather|none\n|-damage|p2a: Why Bother?|56\/100 brn|[from] brn\n|upkeep\n|turn|16\n|\n|t:|1699128213\n|switch|p2a: No Scrubs|Espathra, M, shiny|100\/100\n|-damage|p2a: No Scrubs|88\/100|[from] Stealth Rock\n|move|p1a: Hot in Here|Rapid Spin|p2a: No Scrubs\n|-damage|p2a: No Scrubs|74\/100\n|-boost|p1a: Hot in Here|spe|1\n|\n|-heal|p2a: No Scrubs|80\/100|[from] item: Leftovers\n|upkeep\n|turn|17\n|\n|t:|1699128224\n|move|p2a: No Scrubs|Calm Mind|p2a: No Scrubs\n|-boost|p2a: No Scrubs|spa|1\n|-boost|p2a: No Scrubs|spd|1\n|move|p1a: Hot in Here|Lava Plume|p2a: No Scrubs\n|-damage|p2a: No Scrubs|55\/100\n|-status|p2a: No Scrubs|brn\n|\n|-heal|p2a: No Scrubs|61\/100 brn|[from] item: Leftovers\n|-damage|p2a: No Scrubs|55\/100 brn|[from] brn\n|-ability|p2a: No Scrubs|Speed Boost|boost\n|-boost|p2a: No Scrubs|spe|1\n|upkeep\n|turn|18\n|\n|t:|1699128243\n|move|p2a: No Scrubs|Calm Mind|p2a: No Scrubs\n|-boost|p2a: No Scrubs|spa|1\n|-boost|p2a: No Scrubs|spd|1\n|move|p1a: Hot in Here|Lava Plume|p2a: No Scrubs\n|-damage|p2a: No Scrubs|35\/100 brn\n|\n|-heal|p2a: No Scrubs|41\/100 brn|[from] item: Leftovers\n|-damage|p2a: No Scrubs|35\/100 brn|[from] brn\n|-ability|p2a: No Scrubs|Speed Boost|boost\n|-boost|p2a: No Scrubs|spe|1\n|upkeep\n|turn|19\n|\n|t:|1699128256\n|move|p2a: No Scrubs|Protect|p2a: No Scrubs\n|-singleturn|p2a: No Scrubs|Protect\n|move|p1a: Hot in Here|Lava Plume|p2a: No Scrubs\n|-activate|p2a: No Scrubs|move: Protect\n|\n|-heal|p2a: No Scrubs|41\/100 brn|[from] item: Leftovers\n|-damage|p2a: No Scrubs|35\/100 brn|[from] brn\n|-ability|p2a: No Scrubs|Speed Boost|boost\n|-boost|p2a: No Scrubs|spe|1\n|upkeep\n|turn|20\n|\n|t:|1699128269\n|move|p2a: No Scrubs|Calm Mind|p2a: No Scrubs\n|-boost|p2a: No Scrubs|spa|1\n|-boost|p2a: No Scrubs|spd|1\n|move|p1a: Hot in Here|Lava Plume|p2a: No Scrubs\n|-damage|p2a: No Scrubs|20\/100 brn\n|\n|-heal|p2a: No Scrubs|26\/100 brn|[from] item: Leftovers\n|-damage|p2a: No Scrubs|20\/100 brn|[from] brn\n|-ability|p2a: No Scrubs|Speed Boost|boost\n|-boost|p2a: No Scrubs|spe|1\n|upkeep\n|turn|21\n|\n|t:|1699128278\n|move|p2a: No Scrubs|Protect|p2a: No Scrubs\n|-singleturn|p2a: No Scrubs|Protect\n|move|p1a: Hot in Here|Lava Plume|p2a: No Scrubs\n|-activate|p2a: No Scrubs|move: Protect\n|\n|-heal|p2a: No Scrubs|26\/100 brn|[from] item: Leftovers\n|-damage|p2a: No Scrubs|20\/100 brn|[from] brn\n|-ability|p2a: No Scrubs|Speed Boost|boost\n|-boost|p2a: No Scrubs|spe|1\n|upkeep\n|turn|22\n|\n|t:|1699128287\n|move|p2a: No Scrubs|Tera Blast|p1a: Hot in Here\n|-damage|p1a: Hot in Here|0 fnt\n|faint|p1a: Hot in Here\n|\n|-heal|p2a: No Scrubs|26\/100 brn|[from] item: Leftovers\n|-damage|p2a: No Scrubs|20\/100 brn|[from] brn\n|-ability|p2a: No Scrubs|Speed Boost|boost\n|-boost|p2a: No Scrubs|spe|1\n|upkeep\n|\n|t:|1699128294\n|switch|p1a: Dude I don't know|Magearna|100\/100\n|turn|23\n|\n|t:|1699128305\n|move|p2a: No Scrubs|Stored Power|p1a: Dude I don't know\n|-resisted|p1a: Dude I don't know\n|-damage|p1a: Dude I don't know|20\/100\n|move|p1a: Dude I don't know|Fleur Cannon|p2a: No Scrubs\n|-damage|p2a: No Scrubs|0 fnt\n|-unboost|p1a: Dude I don't know|spa|2\n|faint|p2a: No Scrubs\n|-ability|p1a: Dude I don't know|Soul-Heart|boost\n|-boost|p1a: Dude I don't know|spa|1\n|\n|-heal|p1a: Dude I don't know|26\/100|[from] item: Leftovers\n|upkeep\n|\n|t:|1699128312\n|switch|p2a: Why Bother?|Palafin-Hero, F|56\/100 brn\n|-damage|p2a: Why Bother?|44\/100 brn|[from] Stealth Rock\n|turn|24\n|\n|t:|1699128322\n|move|p2a: Why Bother?|Close Combat|p1a: Dude I don't know\n|-damage|p1a: Dude I don't know|0 fnt\n|-unboost|p2a: Why Bother?|def|1\n|-unboost|p2a: Why Bother?|spd|1\n|faint|p1a: Dude I don't know\n|\n|win|ackillin\n|l|\u2606MCBHammer\n","uploadtime":1699128336,"views":13,"p1id":"mcbhammer","p2id":"ackillin","formatid":"gen9ubers","rating":0,"private":0,"password":""}