{"id":"gen9ubers-1980734041","p1":"Supraxd","p2":"Emanuelxyz","format":"[Gen 9] Ubers","log":"|j|\u2606Supraxd\n|j|\u2606Emanuelxyz\n|t:|1698822007\n|gametype|singles\n|player|p1|Supraxd|steven|1126\n|player|p2|Emanuelxyz|lance|1054\n|teamsize|p1|6\n|teamsize|p2|6\n|gen|9\n|tier|[Gen 9] Ubers\n|rated|\n|rule|Sleep Clause Mod: Limit one foe put to sleep\n|rule|Species Clause: Limit one of each Pok\u00e9mon\n|rule|OHKO Clause: OHKO moves are banned\n|rule|Evasion Items Clause: Evasion items are banned\n|rule|Evasion Moves Clause: Evasion moves are banned\n|rule|Endless Battle Clause: Forcing endless battles is banned\n|rule|HP Percentage Mod: HP is shown in percentages\n|clearpoke\n|poke|p1|Scyther, M|\n|poke|p1|Lokix, M|\n|poke|p1|Ribombee, F|\n|poke|p1|Kleavor, M|\n|poke|p1|Volcarona, F|\n|poke|p1|Slither Wing|\n|poke|p2|Urshifu-*, M|\n|poke|p2|Scizor, M|\n|poke|p2|Walking Wake|\n|poke|p2|Zacian-*|\n|poke|p2|Meowscarada, F|\n|poke|p2|Miraidon|\n|teampreview\n|\n|t:|1698822018\n|start\n|switch|p1a: Ribombee|Ribombee, F|100\/100\n|switch|p2a: Garo\u00fa\ud83e\udd47|Urshifu, M|100\/100\n|turn|1\n|\n|t:|1698822044\n|move|p1a: Ribombee|Sticky Web|p2a: Garo\u00fa\ud83e\udd47\n|-sidestart|p2: Emanuelxyz|move: Sticky Web\n|move|p2a: Garo\u00fa\ud83e\udd47|Swords Dance|p2a: Garo\u00fa\ud83e\udd47\n|-boost|p2a: Garo\u00fa\ud83e\udd47|atk|2\n|\n|upkeep\n|turn|2\n|\n|t:|1698822050\n|move|p1a: Ribombee|Moonblast|p2a: Garo\u00fa\ud83e\udd47\n|-supereffective|p2a: Garo\u00fa\ud83e\udd47\n|-damage|p2a: Garo\u00fa\ud83e\udd47|0 fnt\n|faint|p2a: Garo\u00fa\ud83e\udd47\n|\n|upkeep\n|\n|t:|1698822060\n|switch|p2a: Mantiz\ud83c\udf40|Scizor, M, shiny|100\/100\n|-activate|p2a: Mantiz\ud83c\udf40|move: Sticky Web\n|-unboost|p2a: Mantiz\ud83c\udf40|spe|1\n|turn|3\n|\n|t:|1698822097\n|move|p1a: Ribombee|Stun Spore|p2a: Mantiz\ud83c\udf40\n|-status|p2a: Mantiz\ud83c\udf40|par\n|move|p2a: Mantiz\ud83c\udf40|Swords Dance|p2a: Mantiz\ud83c\udf40\n|-boost|p2a: Mantiz\ud83c\udf40|atk|2\n|\n|upkeep\n|turn|4\n|\n|t:|1698822107\n|move|p1a: Ribombee|Moonblast|p2a: Mantiz\ud83c\udf40\n|-resisted|p2a: Mantiz\ud83c\udf40\n|-crit|p2a: Mantiz\ud83c\udf40\n|-damage|p2a: Mantiz\ud83c\udf40|58\/100 par\n|-unboost|p2a: Mantiz\ud83c\udf40|spa|1\n|cant|p2a: Mantiz\ud83c\udf40|par\n|\n|upkeep\n|turn|5\n|\n|t:|1698822115\n|move|p1a: Ribombee|Moonblast|p2a: Mantiz\ud83c\udf40\n|-resisted|p2a: Mantiz\ud83c\udf40\n|-damage|p2a: Mantiz\ud83c\udf40|31\/100 par\n|-unboost|p2a: Mantiz\ud83c\udf40|spa|1\n|cant|p2a: Mantiz\ud83c\udf40|par\n|\n|upkeep\n|turn|6\n|\n|t:|1698822136\n|move|p2a: Mantiz\ud83c\udf40|Bullet Punch|p1a: Ribombee\n|-supereffective|p1a: Ribombee\n|-enditem|p1a: Ribombee|Focus Sash\n|-damage|p1a: Ribombee|1\/100\n|move|p1a: Ribombee|Moonblast|p2a: Mantiz\ud83c\udf40\n|-resisted|p2a: Mantiz\ud83c\udf40\n|-damage|p2a: Mantiz\ud83c\udf40|4\/100 par\n|\n|upkeep\n|turn|7\n|\n|t:|1698822145\n|move|p2a: Mantiz\ud83c\udf40|Bullet Punch|p1a: Ribombee\n|-supereffective|p1a: Ribombee\n|-damage|p1a: Ribombee|0 fnt\n|faint|p1a: Ribombee\n|\n|upkeep\n|\n|t:|1698822156\n|switch|p1a: Lokix|Lokix, M|100\/100\n|turn|8\n|\n|t:|1698822189\n|move|p1a: Lokix|First Impression|p2a: Mantiz\ud83c\udf40\n|-resisted|p2a: Mantiz\ud83c\udf40\n|-damage|p2a: Mantiz\ud83c\udf40|0 fnt\n|faint|p2a: Mantiz\ud83c\udf40\n|\n|upkeep\n|\n|t:|1698822198\n|switch|p2a: Reactor\ud83c\udf21|Walking Wake|100\/100\n|-activate|p2a: Reactor\ud83c\udf21|move: Sticky Web\n|-unboost|p2a: Reactor\ud83c\udf21|spe|1\n|-enditem|p2a: Reactor\ud83c\udf21|Booster Energy\n|-activate|p2a: Reactor\ud83c\udf21|ability: Protosynthesis|[fromitem]\n|-start|p2a: Reactor\ud83c\udf21|protosynthesisspa\n|turn|9\n|\n|t:|1698822244\n|switch|p1a: Scyther|Scyther, M|100\/100\n|move|p2a: Reactor\ud83c\udf21|Agility|p2a: Reactor\ud83c\udf21\n|-boost|p2a: Reactor\ud83c\udf21|spe|2\n|\n|upkeep\n|turn|10\n|\n|t:|1698822257\n|move|p2a: Reactor\ud83c\udf21|Agility|p2a: Reactor\ud83c\udf21\n|-boost|p2a: Reactor\ud83c\udf21|spe|2\n|move|p1a: Scyther|Dual Wingbeat|p2a: Reactor\ud83c\udf21\n|-damage|p2a: Reactor\ud83c\udf21|70\/100\n|-damage|p2a: Reactor\ud83c\udf21|38\/100\n|-hitcount|p2a: Reactor\ud83c\udf21|2\n|\n|upkeep\n|turn|11\n|\n|t:|1698822266\n|move|p2a: Reactor\ud83c\udf21|Flamethrower|p1a: Scyther\n|-supereffective|p1a: Scyther\n|-damage|p1a: Scyther|0 fnt\n|faint|p1a: Scyther\n|\n|upkeep\n|\n|t:|1698822282\n|switch|p1a: Lokix|Lokix, M|100\/100\n|turn|12\n|\n|t:|1698822285\n|move|p1a: Lokix|First Impression|p2a: Reactor\ud83c\udf21\n|-damage|p2a: Reactor\ud83c\udf21|0 fnt\n|faint|p2a: Reactor\ud83c\udf21\n|-end|p2a: Reactor\ud83c\udf21|Protosynthesis|[silent]\n|\n|upkeep\n|\n|t:|1698822290\n|switch|p2a: Saber\ud83d\udde1|Zacian-Crowned, shiny|100\/100\n|-activate|p2a: Saber\ud83d\udde1|move: Sticky Web\n|-unboost|p2a: Saber\ud83d\udde1|spe|1\n|-ability|p2a: Saber\ud83d\udde1|Intrepid Sword|boost\n|-boost|p2a: Saber\ud83d\udde1|atk|1\n|turn|13\n|\n|t:|1698822298\n|switch|p1a: Kleavor|Kleavor, M|100\/100\n|move|p2a: Saber\ud83d\udde1|Agility|p2a: Saber\ud83d\udde1\n|-boost|p2a: Saber\ud83d\udde1|spe|2\n|\n|upkeep\n|turn|14\n|\n|t:|1698822318\n|move|p2a: Saber\ud83d\udde1|Behemoth Blade|p1a: Kleavor\n|-supereffective|p1a: Kleavor\n|-damage|p1a: Kleavor|0 fnt\n|faint|p1a: Kleavor\n|\n|upkeep\n|\n|t:|1698822330\n|switch|p1a: Volcarona|Volcarona, F|100\/100\n|turn|15\n|\n|t:|1698822353\n|move|p2a: Saber\ud83d\udde1|Psychic Fangs|p1a: Volcarona\n|-damage|p1a: Volcarona|18\/100\n|move|p1a: Volcarona|Flamethrower|p2a: Saber\ud83d\udde1\n|-supereffective|p2a: Saber\ud83d\udde1\n|-damage|p2a: Saber\ud83d\udde1|8\/100\n|-status|p2a: Saber\ud83d\udde1|brn\n|\n|-damage|p2a: Saber\ud83d\udde1|2\/100 brn|[from] brn\n|upkeep\n|turn|16\n|\n|t:|1698822430\n|move|p2a: Saber\ud83d\udde1|Psychic Fangs|p1a: Volcarona\n|-damage|p1a: Volcarona|0 fnt\n|faint|p1a: Volcarona\n|\n|-damage|p2a: Saber\ud83d\udde1|0 fnt|[from] brn\n|faint|p2a: Saber\ud83d\udde1\n|upkeep\n|c|\u2606Supraxd|Yo like insect ?\n|\n|t:|1698822470\n|switch|p2a: Miraidon|Miraidon|100\/100\n|switch|p1a: Lokix|Lokix, M|100\/100\n|-activate|p2a: Miraidon|move: Sticky Web\n|-unboost|p2a: Miraidon|spe|1\n|-fieldstart|move: Electric Terrain|[from] ability: Hadron Engine|[of] p2a: Miraidon\n|turn|17\n|\n|t:|1698822481\n|-terastallize|p1a: Lokix|Bug\n|move|p1a: Lokix|First Impression|p2a: Miraidon\n|-damage|p2a: Miraidon|16\/100\n|move|p2a: Miraidon|Dazzling Gleam|p1a: Lokix\n|-damage|p1a: Lokix|29\/100\n|\n|upkeep\n|turn|18\n|\n|t:|1698822493\n|-terastallize|p2a: Miraidon|Electric\n|move|p1a: Lokix|First Impression||[still]\n|-hint|First Impression only works on your first turn out.\n|-fail|p1a: Lokix\n|move|p2a: Miraidon|Electro Drift|p1a: Lokix\n|-damage|p1a: Lokix|0 fnt\n|faint|p1a: Lokix\n|\n|upkeep\n|\n|t:|1698822496\n|switch|p1a: Slither Wing|Slither Wing|100\/100\n|-enditem|p1a: Slither Wing|Booster Energy\n|-activate|p1a: Slither Wing|ability: Protosynthesis|[fromitem]\n|-start|p1a: Slither Wing|protosynthesisatk\n|turn|19\n|\n|t:|1698822509\n|move|p1a: Slither Wing|Flame Charge|p2a: Miraidon\n|-damage|p2a: Miraidon|0 fnt\n|-boost|p1a: Slither Wing|spe|1\n|faint|p2a: Miraidon\n|\n|upkeep\n|\n|t:|1698822515\n|switch|p2a: Roxi\ud83c\udf89|Meowscarada, F|100\/100\n|turn|20\n|\n|t:|1698822525\n|move|p1a: Slither Wing|Leech Life|p2a: Roxi\ud83c\udf89\n|-supereffective|p2a: Roxi\ud83c\udf89\n|-damage|p2a: Roxi\ud83c\udf89|0 fnt\n|faint|p2a: Roxi\ud83c\udf89\n|\n|win|Supraxd\n|raw|Supraxd's rating: 1126 &rarr; <strong>1146<\/strong><br \/>(+20 for winning)\n|raw|Emanuelxyz's rating: 1054 &rarr; <strong>1040<\/strong><br \/>(-14 for losing)\n|l|\u2606Emanuelxyz\n","uploadtime":1698822535,"views":9,"p1id":"supraxd","p2id":"emanuelxyz","formatid":"gen9ubers","rating":1040,"private":0,"password":""}