{"id":"gen9ubers-1976336524","p1":"PinkScourge","p2":"Laprasrules12","format":"[Gen 9] Ubers","log":"|j|\u2606PinkScourge\n|j|\u2606Laprasrules12\n|t:|1698288177\n|gametype|singles\n|player|p1|PinkScourge|bede-leader|\n|player|p2|Laprasrules12|lusamine-nihilego|\n|teamsize|p1|6\n|teamsize|p2|6\n|gen|9\n|tier|[Gen 9] Ubers\n|rule|Sleep Clause Mod: Limit one foe put to sleep\n|rule|Species Clause: Limit one of each Pok\u00e9mon\n|rule|OHKO Clause: OHKO moves are banned\n|rule|Evasion Items Clause: Evasion items are banned\n|rule|Evasion Moves Clause: Evasion moves are banned\n|rule|Endless Battle Clause: Forcing endless battles is banned\n|rule|HP Percentage Mod: HP is shown in percentages\n|clearpoke\n|poke|p1|Scream Tail|\n|poke|p1|Alomomola, M|\n|poke|p1|Arceus-Fire|\n|poke|p1|Zacian-*|\n|poke|p1|Magearna|\n|poke|p1|Weezing-Galar, F|\n|poke|p2|Arceus-Fighting|\n|poke|p2|Espathra, M|\n|poke|p2|Zacian-*|\n|poke|p2|Palkia-Origin|\n|poke|p2|Cyclizar, F|\n|poke|p2|Magearna-Original|\n|teampreview\n|inactive|Battle timer is ON: inactive players will automatically lose when time's up. (requested by PinkScourge)\n|inactive|Laprasrules12 also wants the timer to be on.\n|\n|t:|1698288180\n|start\n|switch|p1a: Weezing|Weezing-Galar, F|100\/100\n|switch|p2a: Say Gex|Cyclizar, F, shiny|100\/100\n|-fieldstart|move: Misty Terrain|[from] ability: Misty Surge|[of] p1a: Weezing\n|turn|1\n|\n|t:|1698288184\n|switch|p1a: Scream Tail|Scream Tail|100\/100\n|move|p2a: Say Gex|Shed Tail|p2a: Say Gex\n|-start|p2a: Say Gex|Substitute|[from] move: Shed Tail\n|-damage|p2a: Say Gex|50\/100\n|\n|t:|1698288190\n|switch|p2a: Sif|Zacian, shiny|100\/100|[from] Shed Tail\n|-ability|p2a: Sif|Intrepid Sword|boost\n|-boost|p2a: Sif|atk|1\n|\n|upkeep\n|turn|2\n|\n|t:|1698288196\n|-end|p1a: Scream Tail|Protosynthesis|[silent]\n|switch|p1a: Weezing|Weezing-Galar, F|100\/100\n|move|p2a: Sif|Play Rough|p1a: Weezing\n|-resisted|p1a: Weezing\n|-damage|p1a: Weezing|72\/100\n|-damage|p2a: Sif|91\/100|[from] item: Life Orb\n|\n|upkeep\n|turn|3\n|\n|t:|1698288198\n|move|p2a: Sif|Swords Dance|p2a: Sif\n|-boost|p2a: Sif|atk|2\n|move|p1a: Weezing|Haze|p1a: Weezing\n|-clearallboost\n|\n|upkeep\n|turn|4\n|c|\u2606Laprasrules12|Ah\n|\n|t:|1698288209\n|switch|p1a: Scream Tail|Scream Tail|100\/100\n|move|p2a: Sif|Swords Dance|p2a: Sif\n|-boost|p2a: Sif|atk|2\n|\n|upkeep\n|turn|5\n|\n|t:|1698288211\n|move|p2a: Sif|Play Rough|p1a: Scream Tail\n|-damage|p1a: Scream Tail|3\/100\n|-damage|p2a: Sif|81\/100|[from] item: Life Orb\n|move|p1a: Scream Tail|Perish Song|p1a: Scream Tail\n|-start|p1a: Scream Tail|perish3|[silent]\n|-start|p2a: Sif|perish3|[silent]\n|-fieldactivate|move: Perish Song\n|\n|-heal|p1a: Scream Tail|10\/100|[from] item: Leftovers\n|-start|p2a: Sif|perish3\n|-start|p1a: Scream Tail|perish3\n|-fieldend|Misty Terrain\n|upkeep\n|turn|6\n|\n|t:|1698288215\n|move|p1a: Scream Tail|Protect|p1a: Scream Tail\n|-singleturn|p1a: Scream Tail|Protect\n|move|p2a: Sif|Wild Charge|p1a: Scream Tail\n|-activate|p1a: Scream Tail|move: Protect\n|\n|-heal|p1a: Scream Tail|16\/100|[from] item: Leftovers\n|-start|p2a: Sif|perish2\n|-start|p1a: Scream Tail|perish2\n|upkeep\n|turn|7\n|\n|t:|1698288219\n|-end|p1a: Scream Tail|Protosynthesis|[silent]\n|switch|p1a: Weezing|Weezing-Galar, F|72\/100\n|-fieldstart|move: Misty Terrain|[from] ability: Misty Surge|[of] p1a: Weezing\n|move|p2a: Sif|Wild Charge|p1a: Weezing\n|-damage|p1a: Weezing|21\/100\n|-damage|p2a: Sif|68\/100|[from] Recoil\n|-damage|p2a: Sif|58\/100|[from] item: Life Orb\n|\n|-start|p2a: Sif|perish1\n|upkeep\n|turn|8\n|c|\u2606Laprasrules12|Damn\n|\n|t:|1698288230\n|switch|p1a: Magearna|Magearna|100\/100\n|move|p2a: Sif|Wild Charge|p1a: Magearna\n|-damage|p1a: Magearna|41\/100\n|-damage|p2a: Sif|41\/100|[from] Recoil\n|-damage|p2a: Sif|31\/100|[from] item: Life Orb\n|\n|-heal|p1a: Magearna|47\/100|[from] item: Leftovers\n|-start|p2a: Sif|perish0\n|faint|p2a: Sif\n|-ability|p1a: Magearna|Soul-Heart|boost\n|-boost|p1a: Magearna|spa|1\n|upkeep\n|\n|t:|1698288236\n|switch|p2a: The Horse|Palkia-Origin, shiny|100\/100\n|-ability|p2a: The Horse|Pressure\n|turn|9\n|\n|t:|1698288243\n|switch|p1a: Alomomola|Alomomola, M|100\/100\n|move|p2a: The Horse|Flamethrower|p1a: Alomomola\n|-resisted|p1a: Alomomola\n|-damage|p1a: Alomomola|85\/100\n|\n|upkeep\n|turn|10\n|\n|t:|1698288248\n|switch|p2a: Cleopatra|Espathra, M, shiny|100\/100\n|move|p1a: Alomomola|Wish|p1a: Alomomola\n|\n|upkeep\n|turn|11\n|\n|t:|1698288251\n|move|p2a: Cleopatra|Calm Mind|p2a: Cleopatra\n|-boost|p2a: Cleopatra|spa|1\n|-boost|p2a: Cleopatra|spd|1\n|move|p1a: Alomomola|Flip Turn|p2a: Cleopatra\n|-damage|p2a: Cleopatra|77\/100\n|\n|t:|1698288253\n|switch|p1a: Scream Tail|Scream Tail|16\/100|[from] Flip Turn\n|\n|-heal|p1a: Scream Tail|71\/100|[from] move: Wish|[wisher] Alomomola\n|-heal|p2a: Cleopatra|83\/100|[from] item: Leftovers\n|-heal|p1a: Scream Tail|77\/100|[from] item: Leftovers\n|-fieldend|Misty Terrain\n|-ability|p2a: Cleopatra|Speed Boost|boost\n|-boost|p2a: Cleopatra|spe|1\n|upkeep\n|turn|12\n|\n|t:|1698288258\n|move|p2a: Cleopatra|Tera Blast|p1a: Scream Tail\n|-damage|p1a: Scream Tail|56\/100\n|move|p1a: Scream Tail|Perish Song|p1a: Scream Tail\n|-start|p1a: Scream Tail|perish3|[silent]\n|-start|p2a: Cleopatra|perish3|[silent]\n|-fieldactivate|move: Perish Song\n|\n|-heal|p2a: Cleopatra|90\/100|[from] item: Leftovers\n|-heal|p1a: Scream Tail|63\/100|[from] item: Leftovers\n|-start|p2a: Cleopatra|perish3\n|-start|p1a: Scream Tail|perish3\n|-ability|p2a: Cleopatra|Speed Boost|boost\n|-boost|p2a: Cleopatra|spe|1\n|upkeep\n|turn|13\n|\n|t:|1698288261\n|move|p2a: Cleopatra|Stored Power|p1a: Scream Tail\n|-resisted|p1a: Scream Tail\n|-damage|p1a: Scream Tail|41\/100\n|move|p1a: Scream Tail|Wish|p1a: Scream Tail\n|\n|-heal|p2a: Cleopatra|96\/100|[from] item: Leftovers\n|-heal|p1a: Scream Tail|48\/100|[from] item: Leftovers\n|-start|p2a: Cleopatra|perish2\n|-start|p1a: Scream Tail|perish2\n|-ability|p2a: Cleopatra|Speed Boost|boost\n|-boost|p2a: Cleopatra|spe|1\n|upkeep\n|turn|14\n|\n|t:|1698288264\n|move|p2a: Cleopatra|Calm Mind|p2a: Cleopatra\n|-boost|p2a: Cleopatra|spa|1\n|-boost|p2a: Cleopatra|spd|1\n|move|p1a: Scream Tail|Boomburst|p2a: Cleopatra\n|-damage|p2a: Cleopatra|79\/100\n|\n|-heal|p1a: Scream Tail|98\/100|[from] move: Wish|[wisher] Scream Tail\n|-heal|p2a: Cleopatra|85\/100|[from] item: Leftovers\n|-heal|p1a: Scream Tail|100\/100|[from] item: Leftovers\n|-start|p2a: Cleopatra|perish1\n|-start|p1a: Scream Tail|perish1\n|-ability|p2a: Cleopatra|Speed Boost|boost\n|-boost|p2a: Cleopatra|spe|1\n|upkeep\n|turn|15\n|\n|t:|1698288272\n|switch|p2a: Pok\u00e9ball|Magearna-Original|100\/100\n|-end|p1a: Scream Tail|Protosynthesis|[silent]\n|switch|p1a: Magearna|Magearna|47\/100\n|\n|-heal|p1a: Magearna|53\/100|[from] item: Leftovers\n|upkeep\n|turn|16\n|\n|t:|1698288278\n|move|p2a: Pok\u00e9ball|Thunder Wave|p1a: Magearna\n|-status|p1a: Magearna|par\n|move|p1a: Magearna|Spikes|p2a: Pok\u00e9ball\n|-sidestart|p2: Laprasrules12|Spikes\n|\n|-heal|p1a: Magearna|59\/100 par|[from] item: Leftovers\n|upkeep\n|turn|17\n|\n|t:|1698288282\n|move|p2a: Pok\u00e9ball|Volt Switch|p1a: Magearna\n|-damage|p1a: Magearna|46\/100 par\n|\n|t:|1698288286\n|switch|p2a: Kratos|Arceus-Fighting, shiny|100\/100|[from] Volt Switch\n|-damage|p2a: Kratos|88\/100|[from] Spikes\n|cant|p1a: Magearna|par\n|\n|-heal|p1a: Magearna|52\/100 par|[from] item: Leftovers\n|upkeep\n|turn|18\n|\n|t:|1698288291\n|move|p2a: Kratos|Cosmic Power|p2a: Kratos\n|-boost|p2a: Kratos|def|1\n|-boost|p2a: Kratos|spd|1\n|move|p1a: Magearna|Volt Switch|p2a: Kratos\n|-damage|p2a: Kratos|78\/100\n|\n|t:|1698288297\n|switch|p1a: Scream Tail|Scream Tail|100\/100|[from] Volt Switch\n|\n|upkeep\n|turn|19\n|\n|t:|1698288304\n|switch|p2a: Say Gex|Cyclizar, F, shiny|84\/100\n|-damage|p2a: Say Gex|71\/100|[from] Spikes\n|move|p1a: Scream Tail|Perish Song|p1a: Scream Tail\n|-start|p1a: Scream Tail|perish3|[silent]\n|-start|p2a: Say Gex|perish3|[silent]\n|-fieldactivate|move: Perish Song\n|\n|-start|p2a: Say Gex|perish3\n|-start|p1a: Scream Tail|perish3\n|upkeep\n|turn|20\n|\n|t:|1698288308\n|move|p2a: Say Gex|Shed Tail|p2a: Say Gex\n|-start|p2a: Say Gex|Substitute|[from] move: Shed Tail\n|-damage|p2a: Say Gex|21\/100\n|\n|t:|1698288310\n|switch|p2a: Cleopatra|Espathra, M, shiny|85\/100|[from] Shed Tail\n|-damage|p2a: Cleopatra|73\/100|[from] Spikes\n|move|p1a: Scream Tail|Wish|p1a: Scream Tail\n|\n|-heal|p2a: Cleopatra|79\/100|[from] item: Leftovers\n|-start|p1a: Scream Tail|perish2\n|upkeep\n|turn|21\n|\n|t:|1698288318\n|-end|p1a: Scream Tail|Protosynthesis|[silent]\n|switch|p1a: Weezing|Weezing-Galar, F|21\/100\n|-fieldstart|move: Misty Terrain|[from] ability: Misty Surge|[of] p1a: Weezing\n|move|p2a: Cleopatra|Calm Mind|p2a: Cleopatra\n|-boost|p2a: Cleopatra|spa|1\n|-boost|p2a: Cleopatra|spd|1\n|\n|-heal|p1a: Weezing|86\/100|[from] move: Wish|[wisher] Scream Tail\n|-heal|p2a: Cleopatra|85\/100|[from] item: Leftovers\n|-ability|p2a: Cleopatra|Speed Boost|boost\n|-boost|p2a: Cleopatra|spe|1\n|upkeep\n|turn|22\n|\n|t:|1698288326\n|switch|p1a: Scream Tail|Scream Tail|100\/100\n|move|p2a: Cleopatra|Stored Power|p1a: Scream Tail\n|-resisted|p1a: Scream Tail\n|-damage|p1a: Scream Tail|85\/100\n|\n|-heal|p2a: Cleopatra|91\/100|[from] item: Leftovers\n|-heal|p1a: Scream Tail|91\/100|[from] item: Leftovers\n|-ability|p2a: Cleopatra|Speed Boost|boost\n|-boost|p2a: Cleopatra|spe|1\n|upkeep\n|turn|23\n|\n|t:|1698288330\n|switch|p2a: Say Gex|Cyclizar, F, shiny|54\/100\n|-damage|p2a: Say Gex|42\/100|[from] Spikes\n|move|p1a: Scream Tail|Perish Song|p1a: Scream Tail\n|-start|p1a: Scream Tail|perish3|[silent]\n|-start|p2a: Say Gex|perish3|[silent]\n|-fieldactivate|move: Perish Song\n|\n|-heal|p1a: Scream Tail|97\/100|[from] item: Leftovers\n|-start|p2a: Say Gex|perish3\n|-start|p1a: Scream Tail|perish3\n|upkeep\n|turn|24\n|\n|t:|1698288338\n|-end|p1a: Scream Tail|Protosynthesis|[silent]\n|switch|p1a: Alomomola|Alomomola, M|100\/100\n|move|p2a: Say Gex|U-turn|p1a: Alomomola\n|-damage|p1a: Alomomola|93\/100\n|-damage|p2a: Say Gex|25\/100|[from] item: Rocky Helmet|[of] p1a: Alomomola\n|\n|t:|1698288341\n|switch|p2a: Cleopatra|Espathra, M, shiny|91\/100|[from] U-turn\n|-damage|p2a: Cleopatra|79\/100|[from] Spikes\n|\n|-heal|p2a: Cleopatra|85\/100|[from] item: Leftovers\n|upkeep\n|turn|25\n|\n|t:|1698288348\n|move|p2a: Cleopatra|Protect|p2a: Cleopatra\n|-singleturn|p2a: Cleopatra|Protect\n|move|p1a: Alomomola|Flip Turn|p2a: Cleopatra\n|-activate|p2a: Cleopatra|move: Protect\n|\n|-heal|p2a: Cleopatra|91\/100|[from] item: Leftovers\n|-fieldend|Misty Terrain\n|-ability|p2a: Cleopatra|Speed Boost|boost\n|-boost|p2a: Cleopatra|spe|1\n|upkeep\n|turn|26\n|\n|t:|1698288350\n|move|p2a: Cleopatra|Calm Mind|p2a: Cleopatra\n|-boost|p2a: Cleopatra|spa|1\n|-boost|p2a: Cleopatra|spd|1\n|move|p1a: Alomomola|Flip Turn|p2a: Cleopatra\n|-damage|p2a: Cleopatra|70\/100\n|\n|t:|1698288364\n|switch|p1a: Scream Tail|Scream Tail|97\/100|[from] Flip Turn\n|\n|-heal|p2a: Cleopatra|76\/100|[from] item: Leftovers\n|-heal|p1a: Scream Tail|100\/100|[from] item: Leftovers\n|-ability|p2a: Cleopatra|Speed Boost|boost\n|-boost|p2a: Cleopatra|spe|1\n|upkeep\n|turn|27\n|\n|t:|1698288379\n|move|p2a: Cleopatra|Stored Power|p1a: Scream Tail\n|-resisted|p1a: Scream Tail\n|-damage|p1a: Scream Tail|81\/100\n|move|p1a: Scream Tail|Boomburst|p2a: Cleopatra\n|-damage|p2a: Cleopatra|51\/100\n|\n|-heal|p2a: Cleopatra|57\/100|[from] item: Leftovers\n|-heal|p1a: Scream Tail|87\/100|[from] item: Leftovers\n|-ability|p2a: Cleopatra|Speed Boost|boost\n|-boost|p2a: Cleopatra|spe|1\n|upkeep\n|turn|28\n|\n|t:|1698288383\n|move|p2a: Cleopatra|Stored Power|p1a: Scream Tail\n|-resisted|p1a: Scream Tail\n|-damage|p1a: Scream Tail|65\/100\n|move|p1a: Scream Tail|Perish Song|p1a: Scream Tail\n|-start|p1a: Scream Tail|perish3|[silent]\n|-start|p2a: Cleopatra|perish3|[silent]\n|-fieldactivate|move: Perish Song\n|\n|-heal|p2a: Cleopatra|63\/100|[from] item: Leftovers\n|-heal|p1a: Scream Tail|71\/100|[from] item: Leftovers\n|-start|p2a: Cleopatra|perish3\n|-start|p1a: Scream Tail|perish3\n|-ability|p2a: Cleopatra|Speed Boost|boost\n|-boost|p2a: Cleopatra|spe|1\n|upkeep\n|turn|29\n|\n|t:|1698288386\n|move|p2a: Cleopatra|Stored Power|p1a: Scream Tail\n|-resisted|p1a: Scream Tail\n|-damage|p1a: Scream Tail|44\/100\n|move|p1a: Scream Tail|Wish|p1a: Scream Tail\n|\n|-heal|p2a: Cleopatra|69\/100|[from] item: Leftovers\n|-heal|p1a: Scream Tail|50\/100|[from] item: Leftovers\n|-start|p2a: Cleopatra|perish2\n|-start|p1a: Scream Tail|perish2\n|-ability|p2a: Cleopatra|Speed Boost|boost\n|-boost|p2a: Cleopatra|spe|1\n|upkeep\n|turn|30\n|\n|t:|1698288393\n|-end|p1a: Scream Tail|Protosynthesis|[silent]\n|switch|p1a: Magearna|Magearna|52\/100 par\n|move|p2a: Cleopatra|Calm Mind|p2a: Cleopatra\n|-boost|p2a: Cleopatra|spa|1\n|-boost|p2a: Cleopatra|spd|1\n|\n|-heal|p1a: Magearna|100\/100 par|[from] move: Wish|[wisher] Scream Tail\n|-heal|p2a: Cleopatra|75\/100|[from] item: Leftovers\n|-start|p2a: Cleopatra|perish1\n|-ability|p2a: Cleopatra|Speed Boost|boost\n|-boost|p2a: Cleopatra|spe|1\n|upkeep\n|turn|31\n|\n|t:|1698288399\n|move|p2a: Cleopatra|Stored Power|p1a: Magearna\n|-resisted|p1a: Magearna\n|-damage|p1a: Magearna|40\/100 par\n|move|p1a: Magearna|Spikes|p2a: Cleopatra\n|-sidestart|p2: Laprasrules12|Spikes\n|\n|-heal|p2a: Cleopatra|82\/100|[from] item: Leftovers\n|-heal|p1a: Magearna|46\/100 par|[from] item: Leftovers\n|-start|p2a: Cleopatra|perish0\n|faint|p2a: Cleopatra\n|-ability|p1a: Magearna|Soul-Heart|boost\n|-boost|p1a: Magearna|spa|1\n|upkeep\n|\n|t:|1698288403\n|switch|p2a: The Horse|Palkia-Origin, shiny|100\/100\n|-damage|p2a: The Horse|84\/100|[from] Spikes\n|-ability|p2a: The Horse|Pressure\n|turn|32\n|\n|t:|1698288408\n|switch|p1a: Alomomola|Alomomola, M|100\/100\n|move|p2a: The Horse|Substitute|p2a: The Horse\n|-start|p2a: The Horse|Substitute\n|-damage|p2a: The Horse|59\/100\n|\n|upkeep\n|turn|33\n|\n|t:|1698288413\n|move|p2a: The Horse|Spacial Rend|p1a: Alomomola\n|-damage|p1a: Alomomola|41\/100\n|move|p1a: Alomomola|Wish|p1a: Alomomola\n|\n|upkeep\n|turn|34\n|\n|t:|1698288416\n|move|p1a: Alomomola|Protect|p1a: Alomomola\n|-singleturn|p1a: Alomomola|Protect\n|move|p2a: The Horse|Hydro Pump|p1a: Alomomola\n|-activate|p1a: Alomomola|move: Protect\n|\n|-heal|p1a: Alomomola|91\/100|[from] move: Wish|[wisher] Alomomola\n|upkeep\n|turn|35\n|\n|t:|1698288419\n|switch|p1a: Weezing|Weezing-Galar, F|86\/100\n|-fieldstart|move: Misty Terrain|[from] ability: Misty Surge|[of] p1a: Weezing\n|move|p2a: The Horse|Spacial Rend|p1a: Weezing\n|-immune|p1a: Weezing\n|\n|upkeep\n|turn|36\n|\n|t:|1698288422\n|switch|p1a: Alomomola|Alomomola, M|100\/100\n|move|p2a: The Horse|Hydro Pump|p1a: Alomomola\n|-resisted|p1a: Alomomola\n|-damage|p1a: Alomomola|67\/100\n|\n|upkeep\n|turn|37\n|\n|t:|1698288427\n|move|p2a: The Horse|Spacial Rend|p1a: Alomomola\n|-damage|p1a: Alomomola|38\/100\n|move|p1a: Alomomola|Wish|p1a: Alomomola\n|\n|upkeep\n|turn|38\n|\n|t:|1698288433\n|move|p1a: Alomomola|Protect|p1a: Alomomola\n|-singleturn|p1a: Alomomola|Protect\n|move|p2a: The Horse|Flamethrower|p1a: Alomomola\n|-activate|p1a: Alomomola|move: Protect\n|\n|-heal|p1a: Alomomola|88\/100|[from] move: Wish|[wisher] Alomomola\n|upkeep\n|turn|39\n|\n|t:|1698288434\n|move|p2a: The Horse|Hydro Pump|p1a: Alomomola|[miss]\n|-miss|p2a: The Horse|p1a: Alomomola\n|move|p1a: Alomomola|Wish|p1a: Alomomola\n|\n|-fieldend|Misty Terrain\n|upkeep\n|turn|40\n|c|\u2606Laprasrules12|Damn\n|\n|t:|1698288443\n|move|p2a: The Horse|Flamethrower|p1a: Alomomola\n|-resisted|p1a: Alomomola\n|-damage|p1a: Alomomola|73\/100\n|move|p1a: Alomomola|Flip Turn|p2a: The Horse\n|-resisted|p2a: The Horse\n|-activate|p2a: The Horse|move: Substitute|[damage]\n|\n|t:|1698288446\n|switch|p1a: Scream Tail|Scream Tail|50\/100|[from] Flip Turn\n|\n|-heal|p1a: Scream Tail|100\/100|[from] move: Wish|[wisher] Alomomola\n|upkeep\n|turn|41\n|\n|t:|1698288450\n|move|p1a: Scream Tail|Protect|p1a: Scream Tail\n|-singleturn|p1a: Scream Tail|Protect\n|move|p2a: The Horse|Hydro Pump|p1a: Scream Tail\n|-activate|p1a: Scream Tail|move: Protect\n|\n|upkeep\n|turn|42\n|\n|t:|1698288454\n|move|p2a: The Horse|Hydro Pump|p1a: Scream Tail\n|-damage|p1a: Scream Tail|56\/100\n|move|p1a: Scream Tail|Wish|p1a: Scream Tail\n|\n|-heal|p1a: Scream Tail|62\/100|[from] item: Leftovers\n|upkeep\n|turn|43\n|c|\u2606Laprasrules12|I really dont like alo\n|\n|t:|1698288463\n|switch|p2a: Kratos|Arceus-Fighting, shiny|78\/100\n|-damage|p2a: Kratos|62\/100|[from] Spikes\n|move|p1a: Scream Tail|Boomburst|p2a: Kratos\n|-crit|p2a: Kratos\n|-damage|p2a: Kratos|39\/100\n|\n|-heal|p1a: Scream Tail|100\/100|[from] move: Wish|[wisher] Scream Tail\n|upkeep\n|turn|44\n|\n|t:|1698288471\n|move|p2a: Kratos|Recover|p2a: Kratos\n|-heal|p2a: Kratos|89\/100\n|move|p1a: Scream Tail|Boomburst|p2a: Kratos\n|-damage|p2a: Kratos|72\/100\n|\n|upkeep\n|turn|45\n|\n|t:|1698288476\n|move|p2a: Kratos|Cosmic Power|p2a: Kratos\n|-boost|p2a: Kratos|def|1\n|-boost|p2a: Kratos|spd|1\n|move|p1a: Scream Tail|Wish|p1a: Scream Tail\n|\n|upkeep\n|turn|46\n|\n|t:|1698288485\n|-end|p1a: Scream Tail|Protosynthesis|[silent]\n|switch|p1a: Magearna|Magearna|46\/100 par\n|move|p2a: Kratos|Body Press|p1a: Magearna\n|-damage|p1a: Magearna|0 fnt\n|faint|p1a: Magearna\n|\n|upkeep\n|\n|t:|1698288494\n|switch|p1a: Weezing|Weezing-Galar, F|86\/100\n|-fieldstart|move: Misty Terrain|[from] ability: Misty Surge|[of] p1a: Weezing\n|turn|47\n|\n|t:|1698288501\n|-terastallize|p2a: Kratos|Poison\n|move|p2a: Kratos|Cosmic Power|p2a: Kratos\n|-boost|p2a: Kratos|def|1\n|-boost|p2a: Kratos|spd|1\n|move|p1a: Weezing|Haze|p1a: Weezing\n|-clearallboost\n|\n|upkeep\n|turn|48\n|\n|t:|1698288509\n|move|p2a: Kratos|Cosmic Power|p2a: Kratos\n|-boost|p2a: Kratos|def|1\n|-boost|p2a: Kratos|spd|1\n|move|p1a: Weezing|Strange Steam|p2a: Kratos\n|-resisted|p2a: Kratos\n|-damage|p2a: Kratos|67\/100\n|\n|upkeep\n|turn|49\n|\n|t:|1698288511\n|move|p2a: Kratos|Stored Power|p1a: Weezing\n|-supereffective|p1a: Weezing\n|-damage|p1a: Weezing|42\/100\n|move|p1a: Weezing|Haze|p1a: Weezing\n|-clearallboost\n|\n|upkeep\n|turn|50\n|\n|t:|1698288515\n|switch|p1a: Scream Tail|Scream Tail|100\/100\n|move|p2a: Kratos|Stored Power|p1a: Scream Tail\n|-resisted|p1a: Scream Tail\n|-damage|p1a: Scream Tail|99\/100\n|\n|-heal|p1a: Scream Tail|100\/100|[from] item: Leftovers\n|upkeep\n|turn|51\n|\n|t:|1698288520\n|-end|p1a: Scream Tail|Protosynthesis|[silent]\n|switch|p1a: Arceus|Arceus-Fire|100\/100\n|move|p2a: Kratos|Recover|p2a: Kratos\n|-heal|p2a: Kratos|100\/100\n|\n|-fieldend|Misty Terrain\n|upkeep\n|turn|52\n|\n|t:|1698288524\n|move|p2a: Kratos|Cosmic Power|p2a: Kratos\n|-boost|p2a: Kratos|def|1\n|-boost|p2a: Kratos|spd|1\n|move|p1a: Arceus|Will-O-Wisp|p2a: Kratos\n|-status|p2a: Kratos|brn\n|\n|-damage|p2a: Kratos|94\/100 brn|[from] brn\n|upkeep\n|turn|53\n|\n|t:|1698288532\n|switch|p1a: Scream Tail|Scream Tail|100\/100\n|move|p2a: Kratos|Cosmic Power|p2a: Kratos\n|-boost|p2a: Kratos|def|1\n|-boost|p2a: Kratos|spd|1\n|\n|-damage|p2a: Kratos|88\/100 brn|[from] brn\n|upkeep\n|turn|54\n|\n|t:|1698288539\n|move|p2a: Kratos|Stored Power|p1a: Scream Tail\n|-resisted|p1a: Scream Tail\n|-damage|p1a: Scream Tail|93\/100\n|move|p1a: Scream Tail|Perish Song|p1a: Scream Tail\n|-start|p1a: Scream Tail|perish3|[silent]\n|-start|p2a: Kratos|perish3|[silent]\n|-fieldactivate|move: Perish Song\n|\n|-heal|p1a: Scream Tail|99\/100|[from] item: Leftovers\n|-damage|p2a: Kratos|82\/100 brn|[from] brn\n|-start|p2a: Kratos|perish3\n|-start|p1a: Scream Tail|perish3\n|upkeep\n|turn|55\n|\n|t:|1698288544\n|move|p2a: Kratos|Body Press|p1a: Scream Tail\n|-resisted|p1a: Scream Tail\n|-damage|p1a: Scream Tail|90\/100\n|move|p1a: Scream Tail|Wish|p1a: Scream Tail\n|\n|-heal|p1a: Scream Tail|96\/100|[from] item: Leftovers\n|-damage|p2a: Kratos|76\/100 brn|[from] brn\n|-start|p2a: Kratos|perish2\n|-start|p1a: Scream Tail|perish2\n|upkeep\n|turn|56\n|\n|t:|1698288547\n|switch|p2a: Say Gex|Cyclizar, F, shiny|58\/100\n|-damage|p2a: Say Gex|42\/100|[from] Spikes\n|-end|p1a: Scream Tail|Protosynthesis|[silent]\n|switch|p1a: Weezing|Weezing-Galar, F|42\/100\n|-fieldstart|move: Misty Terrain|[from] ability: Misty Surge|[of] p1a: Weezing\n|\n|-heal|p1a: Weezing|100\/100|[from] move: Wish|[wisher] Scream Tail\n|upkeep\n|turn|57\n|\n|t:|1698288555\n|move|p2a: Say Gex|Rapid Spin|p1a: Weezing\n|-crit|p1a: Weezing\n|-damage|p1a: Weezing|87\/100\n|-boost|p2a: Say Gex|spe|1\n|-sideend|p2: Laprasrules12|Spikes|[from] move: Rapid Spin|[of] p2a: Say Gex\n|move|p1a: Weezing|Strange Steam|p2a: Say Gex\n|-supereffective|p2a: Say Gex\n|-damage|p2a: Say Gex|0 fnt\n|faint|p2a: Say Gex\n|\n|upkeep\n|c|\u2606Laprasrules12|Well damn\n|\n|t:|1698288561\n|switch|p2a: Pok\u00e9ball|Magearna-Original|100\/100\n|turn|58\n|\n|t:|1698288567\n|switch|p1a: Arceus|Arceus-Fire|100\/100\n|move|p2a: Pok\u00e9ball|Spikes|p1a: Arceus\n|-sidestart|p1: PinkScourge|Spikes\n|\n|upkeep\n|turn|59\n|\n|t:|1698288575\n|move|p1a: Arceus|Judgment|p2a: Pok\u00e9ball\n|-supereffective|p2a: Pok\u00e9ball\n|-damage|p2a: Pok\u00e9ball|41\/100\n|move|p2a: Pok\u00e9ball|Volt Switch|p1a: Arceus\n|-crit|p1a: Arceus\n|-damage|p1a: Arceus|87\/100\n|\n|t:|1698288577\n|switch|p2a: The Horse|Palkia-Origin, shiny|59\/100|[from] Volt Switch\n|-ability|p2a: The Horse|Pressure\n|\n|upkeep\n|turn|60\n|\n|t:|1698288585\n|switch|p1a: Alomomola|Alomomola, M|100\/100\n|-damage|p1a: Alomomola|88\/100|[from] Spikes\n|move|p2a: The Horse|Substitute|p2a: The Horse\n|-start|p2a: The Horse|Substitute\n|-damage|p2a: The Horse|34\/100\n|\n|-fieldend|Misty Terrain\n|upkeep\n|turn|61\n|\n|t:|1698288591\n|move|p1a: Alomomola|Protect|p1a: Alomomola\n|-singleturn|p1a: Alomomola|Protect\n|move|p2a: The Horse|Spacial Rend|p1a: Alomomola\n|-activate|p1a: Alomomola|move: Protect\n|\n|upkeep\n|turn|62\n|\n|t:|1698288596\n|move|p2a: The Horse|Spacial Rend|p1a: Alomomola\n|-damage|p1a: Alomomola|32\/100\n|move|p1a: Alomomola|Wish|p1a: Alomomola\n|\n|upkeep\n|turn|63\n|\n|t:|1698288601\n|move|p1a: Alomomola|Protect|p1a: Alomomola\n|-singleturn|p1a: Alomomola|Protect\n|move|p2a: The Horse|Flamethrower|p1a: Alomomola\n|-activate|p1a: Alomomola|move: Protect\n|\n|-heal|p1a: Alomomola|82\/100|[from] move: Wish|[wisher] Alomomola\n|upkeep\n|turn|64\n|\n|t:|1698288606\n|switch|p1a: Weezing|Weezing-Galar, F|87\/100\n|-fieldstart|move: Misty Terrain|[from] ability: Misty Surge|[of] p1a: Weezing\n|move|p2a: The Horse|Spacial Rend|p1a: Weezing\n|-immune|p1a: Weezing\n|\n|upkeep\n|turn|65\n|\n|t:|1698288609\n|switch|p1a: Alomomola|Alomomola, M|100\/100\n|-damage|p1a: Alomomola|88\/100|[from] Spikes\n|move|p2a: The Horse|Spacial Rend|p1a: Alomomola\n|-damage|p1a: Alomomola|58\/100\n|\n|upkeep\n|turn|66\n|\n|t:|1698288614\n|move|p2a: The Horse|Flamethrower|p1a: Alomomola\n|-resisted|p1a: Alomomola\n|-damage|p1a: Alomomola|43\/100\n|move|p1a: Alomomola|Wish|p1a: Alomomola\n|\n|upkeep\n|turn|67\n|\n|t:|1698288619\n|move|p2a: The Horse|Flamethrower|p1a: Alomomola\n|-resisted|p1a: Alomomola\n|-damage|p1a: Alomomola|26\/100\n|move|p1a: Alomomola|Mirror Coat|p2a: The Horse\n|-end|p2a: The Horse|Substitute\n|\n|-heal|p1a: Alomomola|76\/100|[from] move: Wish|[wisher] Alomomola\n|upkeep\n|turn|68\n|\n|t:|1698288626\n|move|p2a: The Horse|Spacial Rend|p1a: Alomomola\n|-damage|p1a: Alomomola|48\/100\n|move|p1a: Alomomola|Wish|p1a: Alomomola\n|\n|-fieldend|Misty Terrain\n|upkeep\n|turn|69\n|\n|t:|1698288631\n|move|p1a: Alomomola|Protect|p1a: Alomomola\n|-singleturn|p1a: Alomomola|Protect\n|move|p2a: The Horse|Substitute|p2a: The Horse\n|-start|p2a: The Horse|Substitute\n|-damage|p2a: The Horse|9\/100\n|\n|-heal|p1a: Alomomola|98\/100|[from] move: Wish|[wisher] Alomomola\n|upkeep\n|turn|70\n|\n|t:|1698288635\n|move|p2a: The Horse|Flamethrower|p1a: Alomomola\n|-resisted|p1a: Alomomola\n|-damage|p1a: Alomomola|82\/100\n|move|p1a: Alomomola|Wish|p1a: Alomomola\n|\n|upkeep\n|turn|71\n|c|\u2606Laprasrules12|Yeah I cant do shit\n|-message|Laprasrules12 forfeited.\n|\n|win|PinkScourge\n|l|\u2606Laprasrules12\n","uploadtime":1698288649,"views":14,"p1id":"pinkscourge","p2id":"laprasrules12","formatid":"gen9ubers","rating":0,"private":0,"password":""}