{"id":"gen9ubers-1974231412","p1":"N-Zoroark stan","p2":"Rei_darkness","format":"[Gen 9] Ubers","log":"|j|\u2606N-Zoroark stan\n|j|\u2606Rei_darkness\n|t:|1698070456\n|gametype|singles\n|player|p1|N-Zoroark stan|riley|\n|player|p2|Rei_darkness|drayden|\n|teamsize|p1|6\n|teamsize|p2|6\n|gen|9\n|tier|[Gen 9] Ubers\n|rule|Sleep Clause Mod: Limit one foe put to sleep\n|rule|Species Clause: Limit one of each Pok\u00e9mon\n|rule|OHKO Clause: OHKO moves are banned\n|rule|Evasion Items Clause: Evasion items are banned\n|rule|Evasion Moves Clause: Evasion moves are banned\n|rule|Endless Battle Clause: Forcing endless battles is banned\n|rule|HP Percentage Mod: HP is shown in percentages\n|clearpoke\n|poke|p1|Zoroark-Hisui, F|\n|poke|p1|Toedscruel, F|\n|poke|p1|Blissey, F|\n|poke|p1|Palafin, F|\n|poke|p1|Slowking-Galar, F|\n|poke|p1|Infernape, F|\n|poke|p2|Slowbro-Galar, M|\n|poke|p2|Ribombee, M|\n|poke|p2|Walking Wake|\n|poke|p2|Victreebel, F|\n|poke|p2|Scovillain, M|\n|poke|p2|Koraidon|\n|teampreview\n|inactive|Battle timer is ON: inactive players will automatically lose when time's up. (requested by N-Zoroark stan)\n|c|\u2606N-Zoroark stan|glhf\n|\n|t:|1698070470\n|start\n|switch|p1a: Palafin|Palafin, F|100\/100\n|switch|p2a: Koraidon|Koraidon|100\/100\n|-weather|SunnyDay|[from] ability: Orichalcum Pulse|[of] p2a: Koraidon\n|-activate|p2a: Koraidon|Orichalcum Pulse|[source]\n|turn|1\n|\n|t:|1698070474\n|detailschange|p1a: Palafin|Palafin-Hero, F\n|switch|p1a: Blissey|Blissey, F|100\/100\n|move|p2a: Koraidon|Solar Beam||[still]\n|-prepare|p2a: Koraidon|Solar Beam\n|-anim|p2a: Koraidon|Solar Beam|p1a: Blissey\n|-damage|p1a: Blissey|88\/100\n|\n|-weather|SunnyDay|[upkeep]\n|upkeep\n|turn|2\n|\n|t:|1698070482\n|switch|p2a: Ribombee|Ribombee, M|100\/100\n|move|p1a: Blissey|Seismic Toss|p2a: Ribombee\n|-damage|p2a: Ribombee|70\/100\n|\n|-weather|SunnyDay|[upkeep]\n|upkeep\n|turn|3\n|\n|t:|1698070485\n|move|p2a: Ribombee|Sticky Web|p1a: Blissey\n|-sidestart|p1: N-Zoroark stan|move: Sticky Web\n|move|p1a: Blissey|Seismic Toss|p2a: Ribombee\n|-damage|p2a: Ribombee|39\/100\n|\n|-weather|SunnyDay|[upkeep]\n|upkeep\n|turn|4\n|\n|t:|1698070487\n|move|p2a: Ribombee|Stun Spore|p1a: Blissey|[miss]\n|-miss|p2a: Ribombee|p1a: Blissey\n|move|p1a: Blissey|Seismic Toss|p2a: Ribombee\n|-damage|p2a: Ribombee|8\/100\n|\n|-weather|SunnyDay|[upkeep]\n|upkeep\n|turn|5\n|\n|t:|1698070489\n|move|p2a: Ribombee|U-turn|p1a: Blissey\n|-damage|p1a: Blissey|75\/100\n|\n|t:|1698070495\n|switch|p2a: Walking Wake|Walking Wake|100\/100|[from] U-turn\n|-activate|p2a: Walking Wake|ability: Protosynthesis\n|-start|p2a: Walking Wake|protosynthesisspe\n|move|p1a: Blissey|Seismic Toss|p2a: Walking Wake\n|-damage|p2a: Walking Wake|71\/100\n|\n|-weather|SunnyDay|[upkeep]\n|upkeep\n|turn|6\n|\n|t:|1698070506\n|switch|p1a: Slowking|Slowking-Galar, F|100\/100\n|move|p2a: Walking Wake|Hone Claws|p2a: Walking Wake\n|-boost|p2a: Walking Wake|atk|1\n|-boost|p2a: Walking Wake|accuracy|1\n|\n|-weather|SunnyDay|[upkeep]\n|upkeep\n|turn|7\n|\n|t:|1698070535\n|-terastallize|p1a: Slowking|Dark\n|move|p2a: Walking Wake|Outrage|p1a: Slowking\n|-damage|p1a: Slowking|31\/100\n|-damage|p2a: Walking Wake|61\/100|[from] item: Life Orb\n|move|p1a: Slowking|Foul Play|p2a: Walking Wake\n|-damage|p2a: Walking Wake|0 fnt\n|faint|p2a: Walking Wake\n|-end|p2a: Walking Wake|Protosynthesis|[silent]\n|\n|-weather|SunnyDay|[upkeep]\n|upkeep\n|\n|t:|1698070559\n|switch|p2a: Koraidon|Koraidon|100\/100\n|-activate|p2a: Koraidon|ability: Orichalcum Pulse\n|turn|8\n|\n|t:|1698070562\n|switch|p1a: Blissey|Blissey, F|75\/100\n|move|p2a: Koraidon|Taunt|p1a: Blissey\n|-start|p1a: Blissey|move: Taunt\n|\n|-weather|none\n|upkeep\n|turn|9\n|\n|t:|1698070569\n|switch|p2a: Slowbro|Slowbro-Galar, M|100\/100\n|move|p1a: Blissey|Seismic Toss|p2a: Slowbro\n|-damage|p2a: Slowbro|75\/100\n|\n|upkeep\n|turn|10\n|\n|t:|1698070580\n|switch|p1a: Palafin|Palafin-Hero, F|100\/100\n|-activate|p1a: Palafin|move: Sticky Web\n|-unboost|p1a: Palafin|spe|1\n|move|p2a: Slowbro|Nasty Plot|p2a: Slowbro\n|-boost|p2a: Slowbro|spa|2\n|\n|upkeep\n|turn|11\n|\n|t:|1698070596\n|move|p1a: Palafin|Poltergeist|p2a: Slowbro\n|-activate|p2a: Slowbro|move: Poltergeist|Quick Claw\n|-supereffective|p2a: Slowbro\n|-damage|p2a: Slowbro|0 fnt\n|faint|p2a: Slowbro\n|\n|upkeep\n|\n|t:|1698070603\n|switch|p2a: Koraidon|Koraidon|100\/100\n|-weather|SunnyDay|[from] ability: Orichalcum Pulse|[of] p2a: Koraidon\n|-activate|p2a: Koraidon|Orichalcum Pulse|[source]\n|turn|12\n|\n|t:|1698070607\n|move|p2a: Koraidon|Fire Spin|p1a: Palafin\n|-damage|p1a: Palafin|73\/100\n|-activate|p1a: Palafin|move: Fire Spin|[of] p2a: Koraidon\n|replace|p1a: Zoroark|Zoroark-Hisui, F, shiny\n|-end|p1a: Zoroark|Illusion\n|move|p1a: Zoroark|Poltergeist|p2a: Koraidon\n|-activate|p2a: Koraidon|move: Poltergeist|Heat Rock\n|-damage|p2a: Koraidon|42\/100\n|\n|-weather|SunnyDay|[upkeep]\n|-damage|p1a: Zoroark|61\/100|[from] move: Fire Spin|[partiallytrapped]\n|upkeep\n|turn|13\n|\n|t:|1698070618\n|switch|p1a: Blissey|Blissey, F|75\/100\n|move|p2a: Koraidon|Solar Beam||[still]\n|-prepare|p2a: Koraidon|Solar Beam\n|-anim|p2a: Koraidon|Solar Beam|p1a: Blissey\n|-damage|p1a: Blissey|63\/100\n|\n|-weather|SunnyDay|[upkeep]\n|upkeep\n|turn|14\n|\n|t:|1698070621\n|move|p2a: Koraidon|Fire Spin|p1a: Blissey\n|-damage|p1a: Blissey|58\/100\n|-activate|p1a: Blissey|move: Fire Spin|[of] p2a: Koraidon\n|move|p1a: Blissey|Seismic Toss|p2a: Koraidon\n|-damage|p2a: Koraidon|13\/100\n|\n|-weather|SunnyDay|[upkeep]\n|-damage|p1a: Blissey|46\/100|[from] move: Fire Spin|[partiallytrapped]\n|upkeep\n|turn|15\n|\n|t:|1698070636\n|move|p2a: Koraidon|Draco Meteor|p1a: Blissey\n|-damage|p1a: Blissey|28\/100\n|-unboost|p2a: Koraidon|spa|2\n|move|p1a: Blissey|Seismic Toss|p2a: Koraidon\n|-damage|p2a: Koraidon|0 fnt\n|faint|p2a: Koraidon\n|\n|-weather|SunnyDay|[upkeep]\n|-end|p1a: Blissey|Fire Spin|[partiallytrapped]|[silent]\n|upkeep\n|-message|Rei_darkness forfeited.\n|\n|win|N-Zoroark stan\n|c|\u2606N-Zoroark stan|ggwp\n","uploadtime":1698070655,"views":22,"p1id":"nzoroarkstan","p2id":"reidarkness","formatid":"gen9ubers","rating":0,"private":0,"password":""}