{"id":"gen9ubers-1972522638","p1":"Mr300Milesof","p2":"onlygod_inbatangas","format":"[Gen 9] Ubers","log":"|j|\u2606Mr300Milesof\n|j|\u2606onlygod_inbatangas\n|t:|1697852565\n|gametype|singles\n|player|p1|Mr300Milesof|acerola|1342\n|player|p2|onlygod_inbatangas|guitarist|1308\n|teamsize|p1|6\n|teamsize|p2|6\n|gen|9\n|tier|[Gen 9] Ubers\n|rated|\n|rule|Sleep Clause Mod: Limit one foe put to sleep\n|rule|Species Clause: Limit one of each Pok\u00e9mon\n|rule|OHKO Clause: OHKO moves are banned\n|rule|Evasion Items Clause: Evasion items are banned\n|rule|Evasion Moves Clause: Evasion moves are banned\n|rule|Endless Battle Clause: Forcing endless battles is banned\n|rule|HP Percentage Mod: HP is shown in percentages\n|clearpoke\n|poke|p1|Groudon|\n|poke|p1|Flutter Mane|\n|poke|p1|Miraidon|\n|poke|p1|Arceus-Psychic|\n|poke|p1|Regieleki|\n|poke|p1|Giratina-Origin|\n|poke|p2|Koraidon|\n|poke|p2|Miraidon|\n|poke|p2|Flutter Mane|\n|poke|p2|Corviknight, M|\n|poke|p2|Skeledirge, M|\n|poke|p2|Ting-Lu|\n|teampreview\n|inactive|Battle timer is ON: inactive players will automatically lose when time's up. (requested by onlygod_inbatangas)\n|\n|t:|1697852576\n|start\n|switch|p1a: Miraidon|Miraidon|100\/100\n|switch|p2a: Koraidon|Koraidon|100\/100\n|-fieldstart|move: Electric Terrain|[from] ability: Hadron Engine|[of] p1a: Miraidon\n|-weather|SunnyDay|[from] ability: Orichalcum Pulse|[of] p2a: Koraidon\n|-activate|p2a: Koraidon|Orichalcum Pulse|[source]\n|turn|1\n|\n|t:|1697852585\n|-terastallize|p2a: Koraidon|Fire\n|move|p1a: Miraidon|Draco Meteor|p2a: Koraidon\n|-damage|p2a: Koraidon|25\/100\n|-unboost|p1a: Miraidon|spa|2\n|move|p2a: Koraidon|Dragon Claw|p1a: Miraidon\n|-supereffective|p1a: Miraidon\n|-damage|p1a: Miraidon|0 fnt\n|faint|p1a: Miraidon\n|\n|-weather|SunnyDay|[upkeep]\n|upkeep\n|\n|t:|1697852589\n|switch|p1a: Giratina|Giratina-Origin|100\/100\n|turn|2\n|\n|t:|1697852592\n|move|p1a: Giratina|Shadow Sneak|p2a: Koraidon\n|-damage|p2a: Koraidon|3\/100\n|move|p2a: Koraidon|Dragon Claw|p1a: Giratina\n|-supereffective|p1a: Giratina\n|-damage|p1a: Giratina|4\/100\n|\n|-weather|SunnyDay|[upkeep]\n|upkeep\n|turn|3\n|\n|t:|1697852600\n|switch|p2a: Corviknight|Corviknight, M|100\/100\n|-ability|p2a: Corviknight|Pressure\n|move|p1a: Giratina|Shadow Sneak|p2a: Corviknight\n|-crit|p2a: Corviknight\n|-damage|p2a: Corviknight|76\/100\n|\n|-weather|SunnyDay|[upkeep]\n|-heal|p2a: Corviknight|83\/100|[from] item: Leftovers\n|upkeep\n|turn|4\n|\n|t:|1697852606\n|switch|p1a: Arceus|Arceus-Psychic|100\/100\n|move|p2a: Corviknight|U-turn|p1a: Arceus\n|-supereffective|p1a: Arceus\n|-damage|p1a: Arceus|81\/100\n|\n|t:|1697852614\n|switch|p2a: Miraidon|Miraidon|100\/100|[from] U-turn\n|-activate|p2a: Miraidon|ability: Hadron Engine\n|\n|-weather|SunnyDay|[upkeep]\n|upkeep\n|turn|5\n|\n|t:|1697852619\n|move|p2a: Miraidon|Dragon Pulse|p1a: Arceus\n|-damage|p1a: Arceus|35\/100\n|move|p1a: Arceus|Recover|p1a: Arceus\n|-heal|p1a: Arceus|85\/100\n|\n|-weather|none\n|-fieldend|move: Electric Terrain\n|upkeep\n|turn|6\n|\n|t:|1697852630\n|switch|p2a: Corviknight|Corviknight, M|83\/100\n|-ability|p2a: Corviknight|Pressure\n|move|p1a: Arceus|Cosmic Power|p1a: Arceus\n|-boost|p1a: Arceus|def|1\n|-boost|p1a: Arceus|spd|1\n|\n|-heal|p2a: Corviknight|89\/100|[from] item: Leftovers\n|upkeep\n|turn|7\n|\n|t:|1697852635\n|move|p1a: Arceus|Cosmic Power|p1a: Arceus\n|-boost|p1a: Arceus|def|1\n|-boost|p1a: Arceus|spd|1\n|move|p2a: Corviknight|U-turn|p1a: Arceus\n|-supereffective|p1a: Arceus\n|-damage|p1a: Arceus|76\/100\n|\n|t:|1697852637\n|switch|p2a: Ting-Lu|Ting-Lu|100\/100|[from] U-turn\n|-ability|p2a: Ting-Lu|Vessel of Ruin\n|\n|upkeep\n|turn|8\n|\n|t:|1697852640\n|move|p1a: Arceus|Body Press|p2a: Ting-Lu\n|-supereffective|p2a: Ting-Lu\n|-damage|p2a: Ting-Lu|55\/100\n|move|p2a: Ting-Lu|Whirlwind|p1a: Arceus\n|drag|p1a: Regieleki|Regieleki|100\/100\n|\n|-heal|p2a: Ting-Lu|62\/100|[from] item: Leftovers\n|upkeep\n|turn|9\n|\n|t:|1697852647\n|switch|p1a: Giratina|Giratina-Origin|4\/100\n|move|p2a: Ting-Lu|Stealth Rock|p1a: Giratina\n|-sidestart|p1: Mr300Milesof|move: Stealth Rock\n|\n|-heal|p2a: Ting-Lu|68\/100|[from] item: Leftovers\n|upkeep\n|turn|10\n|\n|t:|1697852652\n|switch|p2a: Corviknight|Corviknight, M|89\/100\n|-ability|p2a: Corviknight|Pressure\n|move|p1a: Giratina|Defog|p2a: Corviknight\n|-unboost|p2a: Corviknight|evasion|1\n|-sideend|p1: Mr300Milesof|Stealth Rock|[from] move: Defog|[of] p1a: Giratina\n|\n|-heal|p2a: Corviknight|95\/100|[from] item: Leftovers\n|upkeep\n|turn|11\n|\n|t:|1697852656\n|move|p1a: Giratina|Will-O-Wisp|p2a: Corviknight\n|-status|p2a: Corviknight|brn\n|move|p2a: Corviknight|U-turn|p1a: Giratina\n|-resisted|p1a: Giratina\n|-damage|p1a: Giratina|2\/100\n|\n|t:|1697852662\n|switch|p2a: Miraidon|Miraidon|100\/100|[from] U-turn\n|-fieldstart|move: Electric Terrain|[from] ability: Hadron Engine|[of] p2a: Miraidon\n|\n|upkeep\n|turn|12\n|\n|t:|1697852666\n|move|p1a: Giratina|Shadow Sneak|p2a: Miraidon\n|-damage|p2a: Miraidon|73\/100\n|move|p2a: Miraidon|Electro Drift|p1a: Giratina\n|-resisted|p1a: Giratina\n|-damage|p1a: Giratina|0 fnt\n|faint|p1a: Giratina\n|\n|upkeep\n|\n|t:|1697852672\n|switch|p1a: Groudon|Groudon|100\/100\n|-weather|SunnyDay|[from] ability: Drought|[of] p1a: Groudon\n|turn|13\n|\n|t:|1697852678\n|switch|p2a: Skeledirge|Skeledirge, M|100\/100\n|move|p1a: Groudon|Stealth Rock|p2a: Skeledirge\n|-sidestart|p2: onlygod_inbatangas|move: Stealth Rock\n|\n|-weather|SunnyDay|[upkeep]\n|upkeep\n|turn|14\n|\n|t:|1697852681\n|move|p1a: Groudon|Earthquake|p2a: Skeledirge\n|-supereffective|p2a: Skeledirge\n|-damage|p2a: Skeledirge|45\/100\n|move|p2a: Skeledirge|Will-O-Wisp|p1a: Groudon\n|-status|p1a: Groudon|brn\n|\n|-weather|SunnyDay|[upkeep]\n|-damage|p1a: Groudon|94\/100 brn|[from] brn\n|upkeep\n|turn|15\n|\n|t:|1697852685\n|move|p2a: Skeledirge|Slack Off|p2a: Skeledirge\n|-heal|p2a: Skeledirge|95\/100\n|move|p1a: Groudon|Roar|p2a: Skeledirge\n|drag|p2a: Flutter Mane|Flutter Mane|100\/100\n|-damage|p2a: Flutter Mane|88\/100|[from] Stealth Rock\n|-activate|p2a: Flutter Mane|ability: Protosynthesis\n|-start|p2a: Flutter Mane|protosynthesisspe\n|\n|-weather|SunnyDay|[upkeep]\n|-damage|p1a: Groudon|88\/100 brn|[from] brn\n|-fieldend|move: Electric Terrain\n|upkeep\n|turn|16\n|\n|t:|1697852698\n|move|p2a: Flutter Mane|Shadow Ball|p1a: Groudon\n|-damage|p1a: Groudon|50\/100 brn\n|move|p1a: Groudon|Thunder Wave|p2a: Flutter Mane\n|-status|p2a: Flutter Mane|par\n|\n|-weather|SunnyDay|[upkeep]\n|-damage|p1a: Groudon|43\/100 brn|[from] brn\n|upkeep\n|turn|17\n|\n|t:|1697852703\n|move|p2a: Flutter Mane|Shadow Ball|p1a: Groudon\n|-crit|p1a: Groudon\n|-damage|p1a: Groudon|0 fnt\n|faint|p1a: Groudon\n|\n|-weather|none\n|-end|p2a: Flutter Mane|Protosynthesis\n|upkeep\n|-enditem|p2a: Flutter Mane|Booster Energy\n|-activate|p2a: Flutter Mane|ability: Protosynthesis|[fromitem]\n|-start|p2a: Flutter Mane|protosynthesisspe\n|\n|t:|1697852720\n|switch|p1a: Flutter Mane|Flutter Mane|100\/100\n|turn|18\n|\n|t:|1697852729\n|-end|p2a: Flutter Mane|Protosynthesis|[silent]\n|switch|p2a: Ting-Lu|Ting-Lu|68\/100\n|-damage|p2a: Ting-Lu|62\/100|[from] Stealth Rock\n|-ability|p2a: Ting-Lu|Vessel of Ruin\n|move|p1a: Flutter Mane|Shadow Ball|p2a: Ting-Lu\n|-resisted|p2a: Ting-Lu\n|-damage|p2a: Ting-Lu|48\/100\n|\n|-heal|p2a: Ting-Lu|54\/100|[from] item: Leftovers\n|upkeep\n|turn|19\n|\n|t:|1697852732\n|-end|p1a: Flutter Mane|Protosynthesis|[silent]\n|switch|p1a: Arceus|Arceus-Psychic|76\/100\n|move|p2a: Ting-Lu|Stealth Rock|p1a: Arceus\n|-sidestart|p1: Mr300Milesof|move: Stealth Rock\n|\n|-heal|p2a: Ting-Lu|60\/100|[from] item: Leftovers\n|upkeep\n|turn|20\n|\n|t:|1697852737\n|switch|p2a: Corviknight|Corviknight, M|95\/100 brn\n|-damage|p2a: Corviknight|83\/100 brn|[from] Stealth Rock\n|-ability|p2a: Corviknight|Pressure\n|move|p1a: Arceus|Body Press|p2a: Corviknight\n|-damage|p2a: Corviknight|69\/100 brn\n|\n|-heal|p2a: Corviknight|76\/100 brn|[from] item: Leftovers\n|-damage|p2a: Corviknight|69\/100 brn|[from] brn\n|upkeep\n|turn|21\n|\n|t:|1697852742\n|move|p1a: Arceus|Cosmic Power|p1a: Arceus\n|-boost|p1a: Arceus|def|1\n|-boost|p1a: Arceus|spd|1\n|move|p2a: Corviknight|Defog|p1a: Arceus\n|-unboost|p1a: Arceus|evasion|1\n|-sideend|p1: Mr300Milesof|Stealth Rock|[from] move: Defog|[of] p2a: Corviknight\n|-sideend|p2: onlygod_inbatangas|Stealth Rock|[from] move: Defog|[of] p2a: Corviknight\n|\n|-heal|p2a: Corviknight|76\/100 brn|[from] item: Leftovers\n|-damage|p2a: Corviknight|69\/100 brn|[from] brn\n|upkeep\n|turn|22\n|\n|t:|1697852744\n|move|p1a: Arceus|Cosmic Power|p1a: Arceus\n|-boost|p1a: Arceus|def|1\n|-boost|p1a: Arceus|spd|1\n|move|p2a: Corviknight|U-turn|p1a: Arceus\n|-supereffective|p1a: Arceus\n|-damage|p1a: Arceus|71\/100\n|\n|t:|1697852747\n|switch|p2a: Ting-Lu|Ting-Lu|60\/100|[from] U-turn\n|-ability|p2a: Ting-Lu|Vessel of Ruin\n|\n|-heal|p2a: Ting-Lu|66\/100|[from] item: Leftovers\n|upkeep\n|turn|23\n|\n|t:|1697852749\n|move|p1a: Arceus|Body Press|p2a: Ting-Lu\n|-supereffective|p2a: Ting-Lu\n|-crit|p2a: Ting-Lu\n|-damage|p2a: Ting-Lu|0 fnt\n|faint|p2a: Ting-Lu\n|\n|upkeep\n|c|\u2606onlygod_inbatangas|fuck crit\n|\n|t:|1697852766\n|switch|p2a: Skeledirge|Skeledirge, M|95\/100\n|turn|24\n|\n|t:|1697852773\n|-terastallize|p1a: Arceus|Poison\n|move|p1a: Arceus|Cosmic Power|p1a: Arceus\n|-boost|p1a: Arceus|def|1\n|-boost|p1a: Arceus|spd|1\n|move|p2a: Skeledirge|Will-O-Wisp|p1a: Arceus\n|-status|p1a: Arceus|brn\n|\n|-damage|p1a: Arceus|65\/100 brn|[from] brn\n|upkeep\n|turn|25\n|\n|t:|1697852786\n|move|p1a: Arceus|Cosmic Power|p1a: Arceus\n|-boost|p1a: Arceus|def|1\n|-boost|p1a: Arceus|spd|1\n|move|p2a: Skeledirge|Hex|p1a: Arceus\n|-damage|p1a: Arceus|41\/100 brn\n|\n|-damage|p1a: Arceus|35\/100 brn|[from] brn\n|upkeep\n|turn|26\n|\n|t:|1697852789\n|move|p1a: Arceus|Recover|p1a: Arceus\n|-heal|p1a: Arceus|85\/100 brn\n|move|p2a: Skeledirge|Hex|p1a: Arceus\n|-damage|p1a: Arceus|62\/100 brn\n|\n|-damage|p1a: Arceus|56\/100 brn|[from] brn\n|upkeep\n|turn|27\n|\n|t:|1697852791\n|move|p1a: Arceus|Stored Power|p2a: Skeledirge\n|-damage|p2a: Skeledirge|0 fnt\n|faint|p2a: Skeledirge\n|\n|-damage|p1a: Arceus|50\/100 brn|[from] brn\n|upkeep\n|\n|t:|1697852812\n|switch|p2a: Miraidon|Miraidon|73\/100\n|-fieldstart|move: Electric Terrain|[from] ability: Hadron Engine|[of] p2a: Miraidon\n|turn|28\n|\n|t:|1697852819\n|move|p2a: Miraidon|Electro Drift|p1a: Arceus\n|-damage|p1a: Arceus|27\/100 brn\n|move|p1a: Arceus|Recover|p1a: Arceus\n|-heal|p1a: Arceus|77\/100 brn\n|\n|-damage|p1a: Arceus|71\/100 brn|[from] brn\n|upkeep\n|turn|29\n|\n|t:|1697852824\n|move|p2a: Miraidon|Electro Drift|p1a: Arceus\n|-damage|p1a: Arceus|46\/100 brn\n|move|p1a: Arceus|Recover|p1a: Arceus\n|-heal|p1a: Arceus|96\/100 brn\n|\n|-damage|p1a: Arceus|90\/100 brn|[from] brn\n|upkeep\n|turn|30\n|\n|t:|1697852827\n|move|p2a: Miraidon|Electro Drift|p1a: Arceus\n|-damage|p1a: Arceus|66\/100 brn\n|move|p1a: Arceus|Stored Power|p2a: Miraidon\n|-damage|p2a: Miraidon|0 fnt\n|faint|p2a: Miraidon\n|\n|-damage|p1a: Arceus|60\/100 brn|[from] brn\n|upkeep\n|c|\u2606onlygod_inbatangas|god\n|c|\u2606onlygod_inbatangas|fuck my life\n|\n|t:|1697852834\n|switch|p2a: Koraidon|Koraidon, tera:Fire|3\/100\n|-weather|SunnyDay|[from] ability: Orichalcum Pulse|[of] p2a: Koraidon\n|-activate|p2a: Koraidon|Orichalcum Pulse|[source]\n|turn|31\n|\n|t:|1697852843\n|move|p2a: Koraidon|Flare Blitz|p1a: Arceus\n|-damage|p1a: Arceus|19\/100 brn\n|-damage|p2a: Koraidon|0 fnt|[from] Recoil\n|faint|p2a: Koraidon\n|move|p1a: Arceus|Recover|p1a: Arceus\n|-heal|p1a: Arceus|69\/100 brn\n|\n|-weather|SunnyDay|[upkeep]\n|-damage|p1a: Arceus|63\/100 brn|[from] brn\n|upkeep\n|\n|t:|1697852846\n|switch|p2a: Flutter Mane|Flutter Mane|88\/100 par\n|-activate|p2a: Flutter Mane|ability: Protosynthesis\n|-start|p2a: Flutter Mane|protosynthesisspe\n|turn|32\n|\n|t:|1697852849\n|move|p2a: Flutter Mane|Shadow Ball|p1a: Arceus\n|-damage|p1a: Arceus|56\/100 brn\n|-unboost|p1a: Arceus|spd|1\n|move|p1a: Arceus|Stored Power|p2a: Flutter Mane\n|-damage|p2a: Flutter Mane|12\/100 par\n|\n|-weather|SunnyDay|[upkeep]\n|-damage|p1a: Arceus|50\/100 brn|[from] brn\n|-fieldend|move: Electric Terrain\n|upkeep\n|turn|33\n|-message|onlygod_inbatangas forfeited.\n|\n|win|Mr300Milesof\n|raw|Mr300Milesof's rating: 1342 &rarr; <strong>1360<\/strong><br \/>(+18 for winning)\n|raw|onlygod_inbatangas's rating: 1308 &rarr; <strong>1290<\/strong><br \/>(-18 for losing)\n|l|\u2606onlygod_inbatangas\n","uploadtime":1697852934,"views":10,"p1id":"mr300milesof","p2id":"onlygodinbatangas","formatid":"gen9ubers","rating":1290,"private":0,"password":""}