{"id":"gen9ubers-1999785437","p1":"Ermorir","p2":"Skotchaud","format":"[Gen 9] Ubers","log":"|j|\u2606Ermorir\n|j|\u2606Skotchaud\n|t:|1701116491\n|gametype|singles\n|player|p1|Ermorir|brycen|\n|player|p2|Skotchaud|noland|\n|teamsize|p1|6\n|teamsize|p2|6\n|gen|9\n|tier|[Gen 9] Ubers\n|rule|Sleep Clause Mod: Limit one foe put to sleep\n|rule|Species Clause: Limit one of each Pok\u00e9mon\n|rule|OHKO Clause: OHKO moves are banned\n|rule|Evasion Items Clause: Evasion items are banned\n|rule|Evasion Moves Clause: Evasion moves are banned\n|rule|Endless Battle Clause: Forcing endless battles is banned\n|rule|HP Percentage Mod: HP is shown in percentages\n|clearpoke\n|poke|p1|Gliscor, M|\n|poke|p1|Ursaluna-Bloodmoon, M|\n|poke|p1|Volcarona, M|\n|poke|p1|Roaring Moon|\n|poke|p1|Corviknight, F|\n|poke|p1|Ogerpon-Wellspring, F|\n|poke|p2|Beartic, M|\n|poke|p2|Slowking-Galar, F|\n|poke|p2|Heatran, M|\n|poke|p2|Ninetales-Alola, M|\n|poke|p2|Great Tusk|\n|poke|p2|Baxcalibur, M|\n|teampreview\n|\n|t:|1701116528\n|start\n|switch|p1a: Roaring Moon|Roaring Moon|100\/100\n|switch|p2a: Ninetales|Ninetales-Alola, M|100\/100\n|-weather|Snow|[from] ability: Snow Warning|[of] p2a: Ninetales\n|turn|1\n|\n|t:|1701116552\n|switch|p2a: Jamel|Great Tusk, shiny|100\/100\n|move|p1a: Roaring Moon|Iron Head|p2a: Jamel\n|-damage|p2a: Jamel|87\/100\n|\n|-weather|Snow|[upkeep]\n|upkeep\n|turn|2\n|\n|t:|1701116565\n|-end|p1a: Roaring Moon|Protosynthesis|[silent]\n|switch|p1a: Corviknight|Corviknight, F|100\/100\n|-end|p2a: Jamel|Protosynthesis|[silent]\n|switch|p2a: Ninetales|Ninetales-Alola, M|100\/100\n|\n|-weather|Snow|[upkeep]\n|upkeep\n|turn|3\n|\n|t:|1701116576\n|switch|p1a: Ogerpon|Ogerpon-Wellspring, F|100\/100\n|move|p2a: Ninetales|Aurora Veil|p2a: Ninetales\n|-sidestart|p2: Skotchaud|move: Aurora Veil\n|\n|-weather|Snow|[upkeep]\n|upkeep\n|turn|4\n|\n|t:|1701116580\n|move|p1a: Ogerpon|Brick Break|p2a: Ninetales\n|-sideend|p2: Skotchaud|move: Aurora Veil\n|-damage|p2a: Ninetales|74\/100\n|move|p2a: Ninetales|Freeze-Dry|p1a: Ogerpon\n|-supereffective|p1a: Ogerpon\n|-damage|p1a: Ogerpon|9\/100\n|\n|-weather|Snow|[upkeep]\n|upkeep\n|turn|5\n|\n|t:|1701116586\n|move|p1a: Ogerpon|Taunt|p2a: Ninetales\n|-start|p2a: Ninetales|move: Taunt\n|cant|p2a: Ninetales|move: Taunt|Aurora Veil\n|\n|-weather|Snow|[upkeep]\n|upkeep\n|turn|6\n|\n|t:|1701116601\n|switch|p1a: Volcarona|Volcarona, M|100\/100\n|move|p2a: Ninetales|Freeze-Dry|p1a: Volcarona\n|-resisted|p1a: Volcarona\n|-damage|p1a: Volcarona|89\/100\n|\n|-weather|Snow|[upkeep]\n|upkeep\n|turn|7\n|\n|t:|1701116608\n|switch|p2a: Heatran|Heatran, M|100\/100\n|move|p1a: Volcarona|Quiver Dance|p1a: Volcarona\n|-boost|p1a: Volcarona|spa|1\n|-boost|p1a: Volcarona|spd|1\n|-boost|p1a: Volcarona|spe|1\n|\n|-weather|Snow|[upkeep]\n|upkeep\n|turn|8\n|\n|t:|1701116616\n|move|p1a: Volcarona|Psychic|p2a: Heatran\n|-resisted|p2a: Heatran\n|-damage|p2a: Heatran|80\/100\n|move|p2a: Heatran|Magma Storm|p1a: Volcarona\n|-damage|p1a: Volcarona|60\/100\n|-activate|p1a: Volcarona|move: Magma Storm|[of] p2a: Heatran\n|\n|-weather|none\n|-damage|p1a: Volcarona|48\/100|[from] move: Magma Storm|[partiallytrapped]\n|upkeep\n|turn|9\n|\n|t:|1701116627\n|move|p1a: Volcarona|Psychic|p2a: Heatran\n|-resisted|p2a: Heatran\n|-damage|p2a: Heatran|60\/100\n|move|p2a: Heatran|Stealth Rock|p1a: Volcarona\n|-sidestart|p1: Ermorir|move: Stealth Rock\n|\n|-damage|p1a: Volcarona|35\/100|[from] move: Magma Storm|[partiallytrapped]\n|upkeep\n|turn|10\n|\n|t:|1701116633\n|move|p1a: Volcarona|Psychic|p2a: Heatran\n|-resisted|p2a: Heatran\n|-damage|p2a: Heatran|41\/100\n|move|p2a: Heatran|Magma Storm|p1a: Volcarona\n|-crit|p1a: Volcarona\n|-damage|p1a: Volcarona|0 fnt\n|faint|p1a: Volcarona\n|\n|upkeep\n|\n|t:|1701116649\n|switch|p1a: Corviknight|Corviknight, F|100\/100\n|-damage|p1a: Corviknight|88\/100|[from] Stealth Rock\n|turn|11\n|\n|t:|1701116659\n|move|p2a: Heatran|Magma Storm|p1a: Corviknight|[miss]\n|-miss|p2a: Heatran|p1a: Corviknight\n|move|p1a: Corviknight|Defog|p2a: Heatran\n|-unboost|p2a: Heatran|evasion|1\n|-sideend|p1: Ermorir|Stealth Rock|[from] move: Defog|[of] p1a: Corviknight\n|\n|upkeep\n|turn|12\n|\n|t:|1701116665\n|move|p2a: Heatran|Stealth Rock|p1a: Corviknight\n|-sidestart|p1: Ermorir|move: Stealth Rock\n|move|p1a: Corviknight|Body Press|p2a: Heatran\n|-supereffective|p2a: Heatran\n|-damage|p2a: Heatran|10\/100\n|\n|upkeep\n|turn|13\n|\n|t:|1701116672\n|move|p2a: Heatran|Magma Storm|p1a: Corviknight\n|-supereffective|p1a: Corviknight\n|-damage|p1a: Corviknight|6\/100\n|-activate|p1a: Corviknight|move: Magma Storm|[of] p2a: Heatran\n|move|p1a: Corviknight|Brave Bird|p2a: Heatran\n|-resisted|p2a: Heatran\n|-damage|p2a: Heatran|0 fnt\n|faint|p2a: Heatran\n|-damage|p1a: Corviknight|3\/100|[from] Recoil\n|\n|-end|p1a: Corviknight|Magma Storm|[partiallytrapped]|[silent]\n|upkeep\n|\n|t:|1701116683\n|switch|p2a: Ninetales|Ninetales-Alola, M|74\/100\n|-weather|Snow|[from] ability: Snow Warning|[of] p2a: Ninetales\n|turn|14\n|\n|t:|1701116690\n|move|p2a: Ninetales|Freeze-Dry|p1a: Corviknight\n|-damage|p1a: Corviknight|0 fnt\n|faint|p1a: Corviknight\n|\n|-weather|Snow|[upkeep]\n|upkeep\n|\n|t:|1701116736\n|switch|p1a: Ogerpon|Ogerpon-Wellspring, F|9\/100\n|-damage|p1a: Ogerpon|0 fnt|[from] Stealth Rock\n|faint|p1a: Ogerpon\n|\n|t:|1701116738\n|switch|p1a: Gliscor|Gliscor, M|100\/100\n|-damage|p1a: Gliscor|88\/100|[from] Stealth Rock\n|turn|15\n|\n|t:|1701116744\n|-terastallize|p1a: Gliscor|Water\n|move|p2a: Ninetales|Freeze-Dry|p1a: Gliscor\n|-supereffective|p1a: Gliscor\n|-damage|p1a: Gliscor|47\/100\n|move|p1a: Gliscor|Toxic|p2a: Ninetales\n|-status|p2a: Ninetales|tox\n|\n|-weather|Snow|[upkeep]\n|-damage|p2a: Ninetales|68\/100 tox|[from] psn\n|-status|p1a: Gliscor|tox|[from] item: Toxic Orb\n|upkeep\n|turn|16\n|\n|t:|1701116755\n|move|p1a: Gliscor|Protect|p1a: Gliscor\n|-singleturn|p1a: Gliscor|Protect\n|move|p2a: Ninetales|Encore|p1a: Gliscor\n|-activate|p1a: Gliscor|move: Protect\n|\n|-weather|Snow|[upkeep]\n|-damage|p2a: Ninetales|56\/100 tox|[from] psn\n|-heal|p1a: Gliscor|60\/100 tox|[from] ability: Poison Heal\n|upkeep\n|turn|17\n|\n|t:|1701116761\n|move|p2a: Ninetales|Aurora Veil|p2a: Ninetales\n|-sidestart|p2: Skotchaud|move: Aurora Veil\n|move|p1a: Gliscor|Knock Off|p2a: Ninetales\n|-resisted|p2a: Ninetales\n|-damage|p2a: Ninetales|52\/100 tox\n|-enditem|p2a: Ninetales|Icy Rock|[from] move: Knock Off|[of] p1a: Gliscor\n|\n|-weather|Snow|[upkeep]\n|-damage|p2a: Ninetales|34\/100 tox|[from] psn\n|-heal|p1a: Gliscor|72\/100 tox|[from] ability: Poison Heal\n|upkeep\n|turn|18\n|\n|t:|1701116770\n|switch|p2a: Beartic|Beartic, M, shiny|100\/100\n|move|p1a: Gliscor|Protect||[still]\n|-fail|p1a: Gliscor\n|\n|-weather|Snow|[upkeep]\n|-heal|p1a: Gliscor|85\/100 tox|[from] ability: Poison Heal\n|upkeep\n|turn|19\n|\n|t:|1701116776\n|move|p2a: Beartic|Encore|p1a: Gliscor\n|-start|p1a: Gliscor|Encore\n|move|p1a: Gliscor|Protect||[still]\n|-fail|p1a: Gliscor\n|\n|-weather|Snow|[upkeep]\n|-heal|p1a: Gliscor|97\/100 tox|[from] ability: Poison Heal\n|upkeep\n|turn|20\n|\n|t:|1701116781\n|switch|p1a: Roaring Moon|Roaring Moon|100\/100\n|-damage|p1a: Roaring Moon|88\/100|[from] Stealth Rock\n|move|p2a: Beartic|Swords Dance|p2a: Beartic\n|-boost|p2a: Beartic|atk|2\n|\n|-weather|Snow|[upkeep]\n|upkeep\n|turn|21\n|\n|t:|1701116789\n|move|p1a: Roaring Moon|U-turn|p2a: Beartic\n|-crit|p2a: Beartic\n|-damage|p2a: Beartic|70\/100\n|\n|t:|1701116791\n|-end|p1a: Roaring Moon|Protosynthesis|[silent]\n|switch|p1a: Gliscor|Gliscor, M, tera:Water|97\/100 tox|[from] U-turn\n|-damage|p1a: Gliscor|85\/100 tox|[from] Stealth Rock\n|move|p2a: Beartic|Icicle Spear|p1a: Gliscor\n|-resisted|p1a: Gliscor\n|-damage|p1a: Gliscor|77\/100 tox\n|-resisted|p1a: Gliscor\n|-damage|p1a: Gliscor|68\/100 tox\n|-resisted|p1a: Gliscor\n|-damage|p1a: Gliscor|60\/100 tox\n|-resisted|p1a: Gliscor\n|-damage|p1a: Gliscor|52\/100 tox\n|-resisted|p1a: Gliscor\n|-damage|p1a: Gliscor|43\/100 tox\n|-hitcount|p1a: Gliscor|5\n|\n|-weather|none\n|-heal|p1a: Gliscor|56\/100 tox|[from] ability: Poison Heal\n|-sideend|p2: Skotchaud|move: Aurora Veil\n|upkeep\n|turn|22\n|\n|t:|1701116808\n|move|p1a: Gliscor|Knock Off|p2a: Beartic\n|-damage|p2a: Beartic|42\/100\n|-enditem|p2a: Beartic|Loaded Dice|[from] move: Knock Off|[of] p1a: Gliscor\n|move|p2a: Beartic|Earthquake|p1a: Gliscor\n|-damage|p1a: Gliscor|7\/100 tox\n|\n|-heal|p1a: Gliscor|20\/100 tox|[from] ability: Poison Heal\n|upkeep\n|turn|23\n|\n|t:|1701116816\n|move|p1a: Gliscor|Protect|p1a: Gliscor\n|-singleturn|p1a: Gliscor|Protect\n|move|p2a: Beartic|Earthquake|p1a: Gliscor\n|-activate|p1a: Gliscor|move: Protect\n|\n|-heal|p1a: Gliscor|32\/100 tox|[from] ability: Poison Heal\n|upkeep\n|turn|24\n|\n|t:|1701116832\n|switch|p1a: Roaring Moon|Roaring Moon|88\/100\n|-damage|p1a: Roaring Moon|76\/100|[from] Stealth Rock\n|move|p2a: Beartic|Earthquake|p1a: Roaring Moon\n|-damage|p1a: Roaring Moon|0 fnt\n|faint|p1a: Roaring Moon\n|-end|p1a: Roaring Moon|Protosynthesis|[silent]\n|\n|upkeep\n|\n|t:|1701116837\n|switch|p1a: Gliscor|Gliscor, M, tera:Water|32\/100 tox\n|-damage|p1a: Gliscor|20\/100 tox|[from] Stealth Rock\n|turn|25\n|\n|t:|1701116840\n|move|p1a: Gliscor|Toxic|p2a: Beartic\n|-status|p2a: Beartic|tox\n|move|p2a: Beartic|Earthquake|p1a: Gliscor\n|-damage|p1a: Gliscor|0 fnt\n|faint|p1a: Gliscor\n|\n|-damage|p2a: Beartic|36\/100 tox|[from] psn\n|upkeep\n|\n|t:|1701116842\n|switch|p1a: Ursaluna|Ursaluna-Bloodmoon, M|100\/100\n|-damage|p1a: Ursaluna|94\/100|[from] Stealth Rock\n|turn|26\n|\n|t:|1701116847\n|move|p2a: Beartic|Icicle Spear|p1a: Ursaluna\n|-supereffective|p1a: Ursaluna\n|-damage|p1a: Ursaluna|58\/100\n|-supereffective|p1a: Ursaluna\n|-damage|p1a: Ursaluna|24\/100\n|-supereffective|p1a: Ursaluna\n|-damage|p1a: Ursaluna|0 fnt\n|faint|p1a: Ursaluna\n|-hitcount|p1: Ursaluna|3\n|\n|win|Skotchaud\n|l|\u2606Ermorir\n","uploadtime":1701116855,"views":1,"p1id":"ermorir","p2id":"skotchaud","formatid":"gen9ubers","rating":0,"private":0,"password":""}