{"id":"gen9ubers-1991054756","p1":"Jonaestar066","p2":"mrbadd","format":"[Gen 9] Ubers","log":"|j|\u203dJonaestar066\n|j|\u2606mrbadd\n|t:|1700035519\n|gametype|singles\n|player|p1|Jonaestar066|101|1186\n|player|p2|mrbadd|rocker-gen1rb|1337\n|teamsize|p1|6\n|teamsize|p2|6\n|gen|9\n|tier|[Gen 9] Ubers\n|rated|\n|rule|Sleep Clause Mod: Limit one foe put to sleep\n|rule|Species Clause: Limit one of each Pok\u00e9mon\n|rule|OHKO Clause: OHKO moves are banned\n|rule|Evasion Items Clause: Evasion items are banned\n|rule|Evasion Moves Clause: Evasion moves are banned\n|rule|Endless Battle Clause: Forcing endless battles is banned\n|rule|HP Percentage Mod: HP is shown in percentages\n|clearpoke\n|poke|p1|Dialga-Origin|\n|poke|p1|Landorus, M|\n|poke|p1|Urshifu-*, F|\n|poke|p1|Magearna|\n|poke|p1|Ninetales-Alola, M|\n|poke|p1|Mandibuzz, F|\n|poke|p2|Zacian-*|\n|poke|p2|Flutter Mane|\n|poke|p2|Groudon|\n|poke|p2|Kyogre|\n|poke|p2|Toxapex, M|\n|poke|p2|Koraidon|\n|teampreview\n|inactive|Battle timer is ON: inactive players will automatically lose when time's up. (requested by Jonaestar066)\n|\n|t:|1700035549\n|start\n|switch|p1a: Ninetales|Ninetales-Alola, M|100\/100\n|switch|p2a: Flutter Mane|Flutter Mane|100\/100\n|-weather|Snow|[from] ability: Snow Warning|[of] p1a: Ninetales\n|turn|1\n|\n|t:|1700035557\n|move|p2a: Flutter Mane|Taunt|p1a: Ninetales\n|-start|p1a: Ninetales|move: Taunt\n|cant|p1a: Ninetales|move: Taunt|Aurora Veil\n|\n|-weather|Snow|[upkeep]\n|upkeep\n|turn|2\n|\n|t:|1700035568\n|switch|p1a: Dialga|Dialga-Origin|100\/100\n|-ability|p1a: Dialga|Pressure\n|move|p2a: Flutter Mane|Calm Mind|p2a: Flutter Mane\n|-boost|p2a: Flutter Mane|spa|1\n|-boost|p2a: Flutter Mane|spd|1\n|\n|-weather|Snow|[upkeep]\n|upkeep\n|turn|3\n|inactive|mrbadd has 120 seconds left.\n|\n|t:|1700035609\n|-end|p2a: Flutter Mane|Protosynthesis|[silent]\n|switch|p2a: Toxapex|Toxapex, M|100\/100\n|move|p1a: Dialga|Steel Beam|p2a: Toxapex\n|-resisted|p2a: Toxapex\n|-damage|p2a: Toxapex|54\/100\n|-damage|p1a: Dialga|50\/100|[from] steelbeam\n|\n|-weather|Snow|[upkeep]\n|-heal|p2a: Toxapex|60\/100|[from] item: Black Sludge\n|upkeep\n|turn|4\n|\n|t:|1700035623\n|move|p1a: Dialga|Stealth Rock|p2a: Toxapex\n|-sidestart|p2: mrbadd|move: Stealth Rock\n|move|p2a: Toxapex|Toxic Spikes|p1a: Dialga\n|-sidestart|p1: Jonaestar066|move: Toxic Spikes\n|\n|-weather|Snow|[upkeep]\n|-heal|p2a: Toxapex|66\/100|[from] item: Black Sludge\n|upkeep\n|turn|5\n|\n|t:|1700035630\n|move|p1a: Dialga|Draco Meteor|p2a: Toxapex\n|-damage|p2a: Toxapex|0 fnt\n|-unboost|p1a: Dialga|spa|2\n|faint|p2a: Toxapex\n|\n|-weather|none\n|upkeep\n|inactive|mrbadd has 90 seconds left.\n|\n|t:|1700035680\n|switch|p2a: Koraidon|Koraidon|100\/100\n|-damage|p2a: Koraidon|94\/100|[from] Stealth Rock\n|-weather|SunnyDay|[from] ability: Orichalcum Pulse|[of] p2a: Koraidon\n|-activate|p2a: Koraidon|Orichalcum Pulse|[source]\n|turn|6\n|\n|t:|1700035687\n|move|p2a: Koraidon|Collision Course|p1a: Dialga\n|-supereffective|p1a: Dialga\n|-crit|p1a: Dialga\n|-damage|p1a: Dialga|0 fnt\n|faint|p1a: Dialga\n|\n|-weather|SunnyDay|[upkeep]\n|upkeep\n|\n|t:|1700035690\n|switch|p1a: Mandibuzz|Mandibuzz, F|100\/100\n|turn|7\n|\n|t:|1700035712\n|switch|p2a: Kyogre|Kyogre|100\/100\n|-damage|p2a: Kyogre|88\/100|[from] Stealth Rock\n|-weather|RainDance|[from] ability: Drizzle|[of] p2a: Kyogre\n|move|p1a: Mandibuzz|Toxic|p2a: Kyogre\n|-status|p2a: Kyogre|tox\n|\n|-weather|RainDance|[upkeep]\n|-damage|p2a: Kyogre|82\/100 tox|[from] psn\n|upkeep\n|turn|8\n|\n|t:|1700035726\n|switch|p1a: Landorus|Landorus, M|100\/100\n|move|p2a: Kyogre|Water Spout|p1a: Landorus\n|-supereffective|p1a: Landorus\n|-damage|p1a: Landorus|0 fnt\n|faint|p1a: Landorus\n|\n|-weather|RainDance|[upkeep]\n|-damage|p2a: Kyogre|70\/100 tox|[from] psn\n|upkeep\n|\n|t:|1700035732\n|switch|p1a: Mandibuzz|Mandibuzz, F|100\/100\n|turn|9\n|\n|t:|1700035737\n|move|p2a: Kyogre|Water Spout|p1a: Mandibuzz\n|-damage|p1a: Mandibuzz|17\/100\n|move|p1a: Mandibuzz|Defog|p2a: Kyogre\n|-unboost|p2a: Kyogre|evasion|1\n|-sideend|p2: mrbadd|Stealth Rock|[from] move: Defog|[of] p1a: Mandibuzz\n|-sideend|p1: Jonaestar066|Toxic Spikes|[from] move: Defog|[of] p1a: Mandibuzz\n|\n|-weather|RainDance|[upkeep]\n|-damage|p2a: Kyogre|51\/100 tox|[from] psn\n|upkeep\n|turn|10\n|\n|t:|1700035750\n|move|p2a: Kyogre|Water Spout|p1a: Mandibuzz\n|-damage|p1a: Mandibuzz|0 fnt\n|faint|p1a: Mandibuzz\n|\n|-weather|RainDance|[upkeep]\n|-damage|p2a: Kyogre|27\/100 tox|[from] psn\n|upkeep\n|\n|t:|1700035754\n|switch|p1a: Ninetales|Ninetales-Alola, M|100\/100\n|-weather|Snow|[from] ability: Snow Warning|[of] p1a: Ninetales\n|turn|11\n|inactive|mrbadd has 90 seconds left.\n|\n|t:|1700035762\n|switch|p2a: Groudon|Groudon|100\/100\n|-weather|SunnyDay|[from] ability: Drought|[of] p2a: Groudon\n|move|p1a: Ninetales|Aurora Veil||[still]\n|-fail|p1a: Ninetales\n|\n|-weather|SunnyDay|[upkeep]\n|upkeep\n|turn|12\n|inactive|mrbadd has 90 seconds left.\n|\n|t:|1700035776\n|move|p2a: Groudon|Precipice Blades|p1a: Ninetales\n|-damage|p1a: Ninetales|24\/100\n|move|p1a: Ninetales|Roar|p2a: Groudon\n|drag|p2a: Koraidon|Koraidon|94\/100\n|-activate|p2a: Koraidon|ability: Orichalcum Pulse\n|\n|-weather|SunnyDay|[upkeep]\n|upkeep\n|turn|13\n|inactive|mrbadd has 90 seconds left.\n|\n|t:|1700035786\n|move|p2a: Koraidon|Collision Course|p1a: Ninetales\n|-damage|p1a: Ninetales|0 fnt\n|faint|p1a: Ninetales\n|\n|-weather|SunnyDay|[upkeep]\n|upkeep\n|\n|t:|1700035789\n|switch|p1a: Urshifu|Urshifu, F|100\/100\n|turn|14\n|\n|t:|1700035797\n|move|p2a: Koraidon|Collision Course|p1a: Urshifu\n|-supereffective|p1a: Urshifu\n|-crit|p1a: Urshifu\n|-damage|p1a: Urshifu|0 fnt\n|faint|p1a: Urshifu\n|\n|-weather|SunnyDay|[upkeep]\n|upkeep\n|-message|Jonaestar066 forfeited.\n|\n|win|mrbadd\n|raw|Jonaestar066's rating: 1186 &rarr; <strong>1171<\/strong><br \/>(-15 for losing)\n|raw|mrbadd's rating: 1337 &rarr; <strong>1349<\/strong><br \/>(+12 for winning)\n|l|\u203dJonaestar066\n","uploadtime":1700035813,"views":8,"p1id":"jonaestar066","p2id":"mrbadd","formatid":"gen9ubers","rating":1171,"private":0,"password":""}