{"id":"gen9ubers-1998408996","p1":"jeremy261","p2":"Nrox","format":"[Gen 9] Ubers","log":"|j|\u2606jeremy261\n|j|\u2606Nrox\n|t:|1700939066\n|gametype|singles\n|player|p1|jeremy261|102|\n|player|p2|Nrox|n|\n|teamsize|p1|6\n|teamsize|p2|6\n|gen|9\n|tier|[Gen 9] Ubers\n|rule|Sleep Clause Mod: Limit one foe put to sleep\n|rule|Species Clause: Limit one of each Pok\u00e9mon\n|rule|OHKO Clause: OHKO moves are banned\n|rule|Evasion Items Clause: Evasion items are banned\n|rule|Evasion Moves Clause: Evasion moves are banned\n|rule|Endless Battle Clause: Forcing endless battles is banned\n|rule|HP Percentage Mod: HP is shown in percentages\n|clearpoke\n|poke|p1|Avalugg-Hisui, M|\n|poke|p1|Shaymin|\n|poke|p1|Iron Valiant|\n|poke|p1|Heatran, M|\n|poke|p1|Munkidori, M|\n|poke|p1|Vaporeon, F|\n|poke|p2|Clefable, F|\n|poke|p2|Ditto|\n|poke|p2|Pikachu, F|\n|poke|p2|Donphan, M|\n|poke|p2|Volcanion|\n|poke|p2|Zapdos|\n|teampreview\n|inactive|Battle timer is ON: inactive players will automatically lose when time's up. (requested by jeremy261)\n|c|\u2606Nrox|gl hf\n|inactiveoff|Battle timer is now OFF.\n|c|\u2606jeremy261|GL Bro\n|\n|t:|1700939172\n|start\n|switch|p1a: Shaymin|Shaymin, shiny|100\/100\n|switch|p2a: Ditto|Ditto, shiny|100\/100\n|-transform|p2a: Ditto|p1a: Shaymin|[from] ability: Imposter\n|turn|1\n|\n|t:|1700939192\n|switch|p2a: Zapdos|Zapdos|100\/100\n|move|p1a: Shaymin|Dazzling Gleam|p2a: Zapdos\n|-damage|p2a: Zapdos|77\/100\n|-damage|p1a: Shaymin|91\/100|[from] item: Life Orb\n|\n|upkeep\n|turn|2\n|\n|t:|1700939221\n|switch|p1a: Vaporeon|Vaporeon, F|100\/100\n|move|p2a: Zapdos|Discharge|p1a: Vaporeon\n|-supereffective|p1a: Vaporeon\n|-damage|p1a: Vaporeon|45\/100\n|-status|p1a: Vaporeon|par\n|\n|-heal|p1a: Vaporeon|51\/100 par|[from] item: Leftovers\n|upkeep\n|turn|3\n|\n|t:|1700939233\n|move|p2a: Zapdos|Discharge|p1a: Vaporeon\n|-supereffective|p1a: Vaporeon\n|-damage|p1a: Vaporeon|3\/100 par\n|cant|p1a: Vaporeon|par\n|\n|-heal|p1a: Vaporeon|10\/100 par|[from] item: Leftovers\n|upkeep\n|turn|4\n|\n|t:|1700939265\n|switch|p1a: Heatran|Heatran, M, shiny|100\/100\n|move|p2a: Zapdos|Discharge|p1a: Heatran\n|-damage|p1a: Heatran|82\/100\n|\n|upkeep\n|turn|5\n|\n|t:|1700939295\n|switch|p2a: Volcanion|Volcanion|100\/100\n|switch|p1a: Munkidori|Munkidori, M|100\/100\n|\n|upkeep\n|turn|6\n|\n|t:|1700939319\n|move|p1a: Munkidori|Sludge Bomb|p2a: Volcanion\n|-crit|p2a: Volcanion\n|-damage|p2a: Volcanion|67\/100\n|-status|p2a: Volcanion|tox|[from] ability: Toxic Chain|[of] p1a: Munkidori\n|move|p2a: Volcanion|Earth Power|p1a: Munkidori\n|-supereffective|p1a: Munkidori\n|-damage|p1a: Munkidori|36\/100\n|\n|-damage|p2a: Volcanion|61\/100 tox|[from] psn\n|upkeep\n|turn|7\n|\n|t:|1700939355\n|switch|p1a: Vaporeon|Vaporeon, F|10\/100 par\n|move|p2a: Volcanion|Earth Power|p1a: Vaporeon\n|-damage|p1a: Vaporeon|0 fnt\n|faint|p1a: Vaporeon\n|\n|-damage|p2a: Volcanion|49\/100 tox|[from] psn\n|upkeep\n|\n|t:|1700939368\n|switch|p1a: Munkidori|Munkidori, M|36\/100\n|turn|8\n|\n|t:|1700939374\n|move|p1a: Munkidori|Fake Out|p2a: Volcanion\n|-damage|p2a: Volcanion|43\/100 tox\n|cant|p2a: Volcanion|flinch\n|\n|-damage|p2a: Volcanion|25\/100 tox|[from] psn\n|upkeep\n|turn|9\n|\n|t:|1700939404\n|move|p1a: Munkidori|Sludge Bomb|p2a: Volcanion\n|-damage|p2a: Volcanion|3\/100 tox\n|move|p2a: Volcanion|Sludge Bomb|p1a: Munkidori\n|-resisted|p1a: Munkidori\n|-damage|p1a: Munkidori|19\/100\n|\n|-damage|p2a: Volcanion|0 fnt|[from] psn\n|faint|p2a: Volcanion\n|upkeep\n|\n|t:|1700939410\n|switch|p2a: Ditto|Ditto, shiny|100\/100\n|-transform|p2a: Ditto|p1a: Munkidori|[from] ability: Imposter\n|turn|10\n|\n|t:|1700939430\n|switch|p1a: Heatran|Heatran, M, shiny|82\/100\n|move|p2a: Ditto|Psyshock|p1a: Heatran\n|-resisted|p1a: Heatran\n|-crit|p1a: Heatran\n|-damage|p1a: Heatran|55\/100\n|\n|upkeep\n|turn|11\n|\n|t:|1700939455\n|switch|p2a: Donphan|Donphan, M|100\/100\n|move|p1a: Heatran|Will-O-Wisp|p2a: Donphan\n|-status|p2a: Donphan|brn\n|\n|-damage|p2a: Donphan|94\/100 brn|[from] brn\n|upkeep\n|turn|12\n|\n|t:|1700939465\n|switch|p1a: Shaymin|Shaymin, shiny|91\/100\n|move|p2a: Donphan|Stealth Rock|p1a: Shaymin\n|-sidestart|p1: jeremy261|move: Stealth Rock\n|\n|-damage|p2a: Donphan|88\/100 brn|[from] brn\n|upkeep\n|turn|13\n|\n|t:|1700939519\n|move|p1a: Shaymin|Leech Seed|p2a: Donphan\n|-start|p2a: Donphan|move: Leech Seed\n|move|p2a: Donphan|Knock Off|p1a: Shaymin\n|-damage|p1a: Shaymin|77\/100\n|-enditem|p1a: Shaymin|Life Orb|[from] move: Knock Off|[of] p2a: Donphan\n|\n|-damage|p2a: Donphan|75\/100 brn|[from] Leech Seed|[of] p1a: Shaymin\n|-heal|p1a: Shaymin|91\/100|[silent]\n|-damage|p2a: Donphan|69\/100 brn|[from] brn\n|upkeep\n|turn|14\n|\n|t:|1700939530\n|switch|p2a: Zapdos|Zapdos|77\/100\n|move|p1a: Shaymin|Energy Ball|p2a: Zapdos\n|-resisted|p2a: Zapdos\n|-damage|p2a: Zapdos|60\/100\n|\n|upkeep\n|turn|15\n|\n|t:|1700939539\n|move|p1a: Shaymin|Leech Seed|p2a: Zapdos\n|-start|p2a: Zapdos|move: Leech Seed\n|move|p2a: Zapdos|Roost|p2a: Zapdos\n|-heal|p2a: Zapdos|100\/100\n|-singleturn|p2a: Zapdos|move: Roost\n|\n|-damage|p2a: Zapdos|88\/100|[from] Leech Seed|[of] p1a: Shaymin\n|-heal|p1a: Shaymin|100\/100|[silent]\n|upkeep\n|turn|16\n|\n|t:|1700939548\n|move|p1a: Shaymin|Dazzling Gleam|p2a: Zapdos\n|-crit|p2a: Zapdos\n|-damage|p2a: Zapdos|63\/100\n|move|p2a: Zapdos|Heat Wave|p1a: Shaymin\n|-supereffective|p1a: Shaymin\n|-damage|p1a: Shaymin|47\/100\n|\n|-damage|p2a: Zapdos|50\/100|[from] Leech Seed|[of] p1a: Shaymin\n|-heal|p1a: Shaymin|61\/100|[silent]\n|upkeep\n|turn|17\n|\n|t:|1700939577\n|move|p1a: Shaymin|Synthesis|p1a: Shaymin\n|-heal|p1a: Shaymin|100\/100\n|move|p2a: Zapdos|Heat Wave|p1a: Shaymin|[miss]\n|-miss|p2a: Zapdos|p1a: Shaymin\n|\n|-damage|p2a: Zapdos|38\/100|[from] Leech Seed|[of] p1a: Shaymin\n|upkeep\n|turn|18\n|\n|t:|1700939597\n|move|p1a: Shaymin|Dazzling Gleam|p2a: Zapdos\n|-damage|p2a: Zapdos|20\/100\n|move|p2a: Zapdos|Roost|p2a: Zapdos\n|-heal|p2a: Zapdos|70\/100\n|-singleturn|p2a: Zapdos|move: Roost\n|\n|-damage|p2a: Zapdos|58\/100|[from] Leech Seed|[of] p1a: Shaymin\n|upkeep\n|turn|19\n|\n|t:|1700939607\n|move|p1a: Shaymin|Dazzling Gleam|p2a: Zapdos\n|-damage|p2a: Zapdos|39\/100\n|move|p2a: Zapdos|Roost|p2a: Zapdos\n|-heal|p2a: Zapdos|89\/100\n|-singleturn|p2a: Zapdos|move: Roost\n|\n|-damage|p2a: Zapdos|76\/100|[from] Leech Seed|[of] p1a: Shaymin\n|upkeep\n|turn|20\n|\n|t:|1700939618\n|move|p1a: Shaymin|Dazzling Gleam|p2a: Zapdos\n|-damage|p2a: Zapdos|58\/100\n|move|p2a: Zapdos|Heat Wave|p1a: Shaymin\n|-supereffective|p1a: Shaymin\n|-damage|p1a: Shaymin|45\/100\n|\n|-damage|p2a: Zapdos|45\/100|[from] Leech Seed|[of] p1a: Shaymin\n|-heal|p1a: Shaymin|59\/100|[silent]\n|upkeep\n|turn|21\n|\n|t:|1700939627\n|move|p1a: Shaymin|Synthesis|p1a: Shaymin\n|-heal|p1a: Shaymin|100\/100\n|move|p2a: Zapdos|Roost|p2a: Zapdos\n|-heal|p2a: Zapdos|95\/100\n|-singleturn|p2a: Zapdos|move: Roost\n|\n|-damage|p2a: Zapdos|83\/100|[from] Leech Seed|[of] p1a: Shaymin\n|upkeep\n|turn|22\n|\n|t:|1700939637\n|move|p1a: Shaymin|Dazzling Gleam|p2a: Zapdos\n|-damage|p2a: Zapdos|66\/100\n|move|p2a: Zapdos|Heat Wave|p1a: Shaymin\n|-supereffective|p1a: Shaymin\n|-damage|p1a: Shaymin|45\/100\n|\n|-damage|p2a: Zapdos|53\/100|[from] Leech Seed|[of] p1a: Shaymin\n|-heal|p1a: Shaymin|59\/100|[silent]\n|upkeep\n|turn|23\n|\n|t:|1700939686\n|move|p1a: Shaymin|Synthesis|p1a: Shaymin\n|-heal|p1a: Shaymin|100\/100\n|move|p2a: Zapdos|Heat Wave|p1a: Shaymin\n|-supereffective|p1a: Shaymin\n|-damage|p1a: Shaymin|51\/100\n|\n|-damage|p2a: Zapdos|41\/100|[from] Leech Seed|[of] p1a: Shaymin\n|-heal|p1a: Shaymin|65\/100|[silent]\n|upkeep\n|turn|24\n|\n|t:|1700939711\n|move|p1a: Shaymin|Dazzling Gleam|p2a: Zapdos\n|-damage|p2a: Zapdos|24\/100\n|move|p2a: Zapdos|Roost|p2a: Zapdos\n|-heal|p2a: Zapdos|74\/100\n|-singleturn|p2a: Zapdos|move: Roost\n|\n|-damage|p2a: Zapdos|62\/100|[from] Leech Seed|[of] p1a: Shaymin\n|-heal|p1a: Shaymin|79\/100|[silent]\n|upkeep\n|turn|25\n|\n|t:|1700939744\n|switch|p1a: Heatran|Heatran, M, shiny|55\/100\n|switch|p2a: Donphan|Donphan, M|69\/100 brn\n|\n|-damage|p2a: Donphan|63\/100 brn|[from] brn\n|upkeep\n|turn|26\n|\n|t:|1700939754\n|switch|p1a: Shaymin|Shaymin, shiny|79\/100\n|-damage|p1a: Shaymin|67\/100|[from] Stealth Rock\n|move|p2a: Donphan|Earthquake|p1a: Shaymin\n|-resisted|p1a: Shaymin\n|-damage|p1a: Shaymin|57\/100\n|\n|-damage|p2a: Donphan|57\/100 brn|[from] brn\n|upkeep\n|turn|27\n|\n|t:|1700939778\n|switch|p2a: Zapdos|Zapdos|62\/100\n|move|p1a: Shaymin|Energy Ball|p2a: Zapdos\n|-resisted|p2a: Zapdos\n|-damage|p2a: Zapdos|47\/100\n|\n|upkeep\n|turn|28\n|\n|t:|1700939785\n|move|p1a: Shaymin|Synthesis|p1a: Shaymin\n|-heal|p1a: Shaymin|100\/100\n|move|p2a: Zapdos|Heat Wave|p1a: Shaymin|[miss]\n|-miss|p2a: Zapdos|p1a: Shaymin\n|\n|upkeep\n|turn|29\n|\n|t:|1700939792\n|move|p1a: Shaymin|Leech Seed|p2a: Zapdos\n|-start|p2a: Zapdos|move: Leech Seed\n|move|p2a: Zapdos|Roost|p2a: Zapdos\n|-heal|p2a: Zapdos|97\/100\n|-singleturn|p2a: Zapdos|move: Roost\n|\n|-damage|p2a: Zapdos|85\/100|[from] Leech Seed|[of] p1a: Shaymin\n|upkeep\n|turn|30\n|\n|t:|1700939802\n|switch|p1a: Heatran|Heatran, M, shiny|55\/100\n|switch|p2a: Donphan|Donphan, M|57\/100 brn\n|\n|-damage|p2a: Donphan|50\/100 brn|[from] brn\n|upkeep\n|turn|31\n|\n|t:|1700939823\n|switch|p1a: Avalugg|Avalugg-Hisui, M, shiny|100\/100\n|-damage|p1a: Avalugg|76\/100|[from] Stealth Rock\n|move|p2a: Donphan|Earthquake|p1a: Avalugg\n|-supereffective|p1a: Avalugg\n|-damage|p1a: Avalugg|57\/100\n|\n|-damage|p2a: Donphan|44\/100 brn|[from] brn\n|upkeep\n|turn|32\n|\n|t:|1700939838\n|-terastallize|p1a: Avalugg|Fairy\n|move|p2a: Donphan|Earthquake|p1a: Avalugg\n|-damage|p1a: Avalugg|49\/100\n|move|p1a: Avalugg|Ice Fang|p2a: Donphan\n|-supereffective|p2a: Donphan\n|-damage|p2a: Donphan|0 fnt\n|-damage|p1a: Avalugg|32\/100|[from] item: Rocky Helmet|[of] p2a: Donphan\n|faint|p2a: Donphan\n|\n|upkeep\n|\n|t:|1700939842\n|switch|p2a: Pikachu|Pikachu, F|100\/100\n|turn|33\n|\n|t:|1700939863\n|switch|p1a: Shaymin|Shaymin, shiny|100\/100\n|-damage|p1a: Shaymin|88\/100|[from] Stealth Rock\n|move|p2a: Pikachu|Reflect|p2a: Pikachu\n|-sidestart|p2: Nrox|Reflect\n|\n|upkeep\n|turn|34\n|\n|t:|1700939869\n|move|p1a: Shaymin|Leech Seed|p2a: Pikachu\n|-start|p2a: Pikachu|move: Leech Seed\n|move|p2a: Pikachu|Light Screen|p2a: Pikachu\n|-sidestart|p2: Nrox|move: Light Screen\n|\n|-damage|p2a: Pikachu|88\/100|[from] Leech Seed|[of] p1a: Shaymin\n|-heal|p1a: Shaymin|98\/100|[silent]\n|upkeep\n|turn|35\n|\n|t:|1700939880\n|move|p1a: Shaymin|Dazzling Gleam|p2a: Pikachu\n|-damage|p2a: Pikachu|64\/100\n|move|p2a: Pikachu|Volt Switch|p1a: Shaymin\n|-resisted|p1a: Shaymin\n|-damage|p1a: Shaymin|91\/100\n|\n|t:|1700939884\n|switch|p2a: Clefable|Clefable, F|100\/100|[from] Volt Switch\n|\n|upkeep\n|turn|36\n|\n|t:|1700939890\n|move|p1a: Shaymin|Leech Seed|p2a: Clefable\n|-start|p2a: Clefable|move: Leech Seed\n|move|p2a: Clefable|Calm Mind|p2a: Clefable\n|-boost|p2a: Clefable|spa|1\n|-boost|p2a: Clefable|spd|1\n|\n|upkeep\n|turn|37\n|\n|t:|1700939901\n|switch|p1a: Heatran|Heatran, M, shiny|55\/100\n|move|p2a: Clefable|Calm Mind|p2a: Clefable\n|-boost|p2a: Clefable|spa|1\n|-boost|p2a: Clefable|spd|1\n|\n|upkeep\n|turn|38\n|\n|t:|1700939910\n|move|p1a: Heatran|Substitute|p1a: Heatran\n|-start|p1a: Heatran|Substitute\n|-damage|p1a: Heatran|30\/100\n|move|p2a: Clefable|Calm Mind|p2a: Clefable\n|-boost|p2a: Clefable|spa|1\n|-boost|p2a: Clefable|spd|1\n|\n|upkeep\n|turn|39\n|\n|t:|1700939919\n|move|p1a: Heatran|Will-O-Wisp|p2a: Clefable\n|-status|p2a: Clefable|brn\n|move|p2a: Clefable|Calm Mind|p2a: Clefable\n|-boost|p2a: Clefable|spa|1\n|-boost|p2a: Clefable|spd|1\n|\n|upkeep\n|turn|40\n|\n|t:|1700939927\n|move|p1a: Heatran|Flash Cannon|p2a: Clefable\n|-supereffective|p2a: Clefable\n|-damage|p2a: Clefable|90\/100 brn\n|move|p2a: Clefable|Calm Mind|p2a: Clefable\n|-boost|p2a: Clefable|spa|1\n|-boost|p2a: Clefable|spd|1\n|\n|-sideend|p2: Nrox|Reflect\n|upkeep\n|turn|41\n|\n|t:|1700939935\n|move|p1a: Heatran|Flash Cannon|p2a: Clefable\n|-supereffective|p2a: Clefable\n|-damage|p2a: Clefable|81\/100 brn\n|-unboost|p2a: Clefable|spd|1\n|move|p2a: Clefable|Calm Mind|p2a: Clefable\n|-boost|p2a: Clefable|spa|1\n|-boost|p2a: Clefable|spd|1\n|\n|-sideend|p2: Nrox|move: Light Screen\n|upkeep\n|turn|42\n|\n|t:|1700939944\n|move|p1a: Heatran|Flash Cannon|p2a: Clefable\n|-supereffective|p2a: Clefable\n|-damage|p2a: Clefable|62\/100 brn\n|move|p2a: Clefable|Stored Power|p1a: Heatran\n|-resisted|p1a: Heatran\n|-end|p1a: Heatran|Substitute\n|\n|upkeep\n|turn|43\n|\n|t:|1700939952\n|move|p1a: Heatran|Flash Cannon|p2a: Clefable\n|-supereffective|p2a: Clefable\n|-damage|p2a: Clefable|44\/100 brn\n|move|p2a: Clefable|Moonlight|p2a: Clefable\n|-heal|p2a: Clefable|94\/100 brn\n|\n|upkeep\n|turn|44\n|\n|t:|1700939959\n|move|p1a: Heatran|Flash Cannon|p2a: Clefable\n|-supereffective|p2a: Clefable\n|-damage|p2a: Clefable|75\/100 brn\n|move|p2a: Clefable|Stored Power|p1a: Heatran\n|-resisted|p1a: Heatran\n|-damage|p1a: Heatran|0 fnt\n|faint|p1a: Heatran\n|\n|upkeep\n|\n|t:|1700939979\n|switch|p1a: Munkidori|Munkidori, M|19\/100\n|-damage|p1a: Munkidori|7\/100|[from] Stealth Rock\n|turn|45\n|\n|t:|1700939992\n|move|p1a: Munkidori|Sludge Bomb|p2a: Clefable\n|-supereffective|p2a: Clefable\n|-damage|p2a: Clefable|49\/100 brn\n|move|p2a: Clefable|Stored Power|p1a: Munkidori\n|-damage|p1a: Munkidori|0 fnt\n|faint|p1a: Munkidori\n|\n|upkeep\n|\n|t:|1700940003\n|switch|p1a: Iron Valiant|Iron Valiant, shiny|100\/100\n|-damage|p1a: Iron Valiant|94\/100|[from] Stealth Rock\n|-enditem|p1a: Iron Valiant|Booster Energy\n|-activate|p1a: Iron Valiant|ability: Quark Drive|[fromitem]\n|-start|p1a: Iron Valiant|quarkdrivespe\n|turn|46\n|\n|t:|1700940024\n|move|p1a: Iron Valiant|Moonblast|p2a: Clefable\n|-damage|p2a: Clefable|36\/100 brn\n|-unboost|p2a: Clefable|spa|1\n|move|p2a: Clefable|Moonlight|p2a: Clefable\n|-heal|p2a: Clefable|86\/100 brn\n|\n|upkeep\n|turn|47\n|\n|t:|1700940032\n|move|p1a: Iron Valiant|Shadow Sneak|p2a: Clefable\n|-crit|p2a: Clefable\n|-damage|p2a: Clefable|74\/100 brn\n|-enditem|p2a: Clefable|Kee Berry|[eat]\n|-boost|p2a: Clefable|def|1|[from] item: Kee Berry\n|move|p2a: Clefable|Calm Mind|p2a: Clefable\n|-boost|p2a: Clefable|spa|1\n|-boost|p2a: Clefable|spd|1\n|\n|upkeep\n|turn|48\n|\n|t:|1700940041\n|move|p1a: Iron Valiant|Moonblast|p2a: Clefable\n|-damage|p2a: Clefable|62\/100 brn\n|move|p2a: Clefable|Moonlight|p2a: Clefable\n|-heal|p2a: Clefable|100\/100 brn\n|\n|upkeep\n|turn|49\n|c|\u2606jeremy261|Wow haha, sah erst nicht schlecht aus und jetzt das \ud83d\ude02\n|\n|t:|1700940064\n|move|p1a: Iron Valiant|Moonblast|p2a: Clefable\n|-damage|p2a: Clefable|88\/100 brn\n|move|p2a: Clefable|Stored Power|p1a: Iron Valiant\n|-supereffective|p1a: Iron Valiant\n|-damage|p1a: Iron Valiant|0 fnt\n|faint|p1a: Iron Valiant\n|-end|p1a: Iron Valiant|Quark Drive|[silent]\n|\n|upkeep\n|\n|t:|1700940073\n|switch|p1a: Shaymin|Shaymin, shiny|91\/100\n|-damage|p1a: Shaymin|79\/100|[from] Stealth Rock\n|turn|50\n|c|\u2606Nrox|ja\n|c|\u2606Nrox|jzt ist es unaufhaltbar\n|\n|t:|1700940085\n|move|p1a: Shaymin|Energy Ball|p2a: Clefable\n|-damage|p2a: Clefable|79\/100 brn\n|move|p2a: Clefable|Stored Power|p1a: Shaymin\n|-damage|p1a: Shaymin|0 fnt\n|faint|p1a: Shaymin\n|\n|upkeep\n|\n|t:|1700940093\n|switch|p1a: Avalugg|Avalugg-Hisui, M, shiny, tera:Fairy|32\/100\n|-damage|p1a: Avalugg|20\/100|[from] Stealth Rock\n|turn|51\n|\n|t:|1700940099\n|move|p2a: Clefable|Stored Power|p1a: Avalugg\n|-damage|p1a: Avalugg|0 fnt\n|faint|p1a: Avalugg\n|\n|win|Nrox\n|c|\u2606Nrox|gg\n","uploadtime":1700940130,"views":58,"p1id":"jeremy261","p2id":"nrox","formatid":"gen9ubers","rating":0,"private":0,"password":""}