{"id":"gen9ubers-1968261541","p1":"Chippy_monkee","p2":"Lidianimel","format":"[Gen 9] Ubers","log":"|j|\u2606Chippy_monkee\n|j|\u2606Lidianimel\n|t:|1697400066\n|gametype|singles\n|player|p1|Chippy_monkee|dawn|1016\n|player|p2|Lidianimel|170|1044\n|teamsize|p1|6\n|teamsize|p2|6\n|gen|9\n|tier|[Gen 9] Ubers\n|rated|\n|rule|Sleep Clause Mod: Limit one foe put to sleep\n|rule|Species Clause: Limit one of each Pok\u00e9mon\n|rule|OHKO Clause: OHKO moves are banned\n|rule|Evasion Items Clause: Evasion items are banned\n|rule|Evasion Moves Clause: Evasion moves are banned\n|rule|Endless Battle Clause: Forcing endless battles is banned\n|rule|HP Percentage Mod: HP is shown in percentages\n|clearpoke\n|poke|p1|Lurantis, M|\n|poke|p1|Torterra, F|\n|poke|p1|Decidueye-Hisui, F|\n|poke|p1|Wo-Chien|\n|poke|p1|Breloom, M|\n|poke|p1|Arboliva, M|\n|poke|p2|Infernape, M|\n|poke|p2|Articuno|\n|poke|p2|Froslass, F|\n|poke|p2|Torterra, F|\n|poke|p2|Arceus-Ground|\n|poke|p2|Rillaboom, F|\n|teampreview\n|c|\u2606Chippy_monkee|wait is it u again?\n|c|\u2606Lidianimel|Hello again\n|c|\u2606Chippy_monkee|hello\n|c|\u2606Lidianimel|XD\n|c|\u2606Chippy_monkee|ive slightly adjusted my team\n|c|\u2606Lidianimel|Same\n|c|\u2606Chippy_monkee|well lets put it into test\n|l|\u2606Lidianimel\n|player|p2|\n|j|\u2606Lidianimel\n|player|p2|Lidianimel|170\n|c|\u2606Lidianimel|Sorry, my wifi stopped existing for a moment.\n|c|\u2606Chippy_monkee|lol its fine\n|\n|t:|1697400172\n|start\n|switch|p1a: Breloom|Breloom, M|100\/100\n|switch|p2a: Infernape|Infernape, M|100\/100\n|turn|1\n|c|\u2606Lidianimel|XD\n|\n|t:|1697400185\n|move|p2a: Infernape|Stealth Rock|p1a: Breloom\n|-sidestart|p1: Chippy_monkee|move: Stealth Rock\n|move|p1a: Breloom|Spore|p2a: Infernape\n|-status|p2a: Infernape|slp|[from] move: Spore\n|\n|upkeep\n|turn|2\n|c|\u2606Chippy_monkee|zzzzz\n|\n|t:|1697400191\n|move|p1a: Breloom|Mach Punch|p2a: Infernape\n|-crit|p2a: Infernape\n|-damage|p2a: Infernape|42\/100 slp\n|cant|p2a: Infernape|slp\n|\n|upkeep\n|turn|3\n|\n|t:|1697400198\n|move|p1a: Breloom|Mach Punch|p2a: Infernape\n|-damage|p2a: Infernape|7\/100 slp\n|cant|p2a: Infernape|slp\n|\n|upkeep\n|turn|4\n|\n|t:|1697400204\n|move|p1a: Breloom|Mach Punch|p2a: Infernape\n|-damage|p2a: Infernape|0 fnt\n|faint|p2a: Infernape\n|\n|upkeep\n|c|\u2606Lidianimel|The lag is real for me rn.lol\n|c|\u2606Chippy_monkee|lol r u in mcdonalds\n|\n|t:|1697400226\n|switch|p2a: Froslass|Froslass, F, shiny|100\/100\n|turn|5\n|c|\u2606Chippy_monkee|using mcdonalds wifi\n|\n|t:|1697400237\n|move|p2a: Froslass|Will-O-Wisp|p1a: Breloom|[miss]\n|-miss|p2a: Froslass|p1a: Breloom\n|move|p1a: Breloom|Spore|p2a: Froslass\n|-status|p2a: Froslass|slp|[from] move: Spore\n|\n|upkeep\n|turn|6\n|\n|t:|1697400254\n|switch|p1a: Wo-Chien|Wo-Chien|100\/100\n|-damage|p1a: Wo-Chien|88\/100|[from] Stealth Rock\n|-ability|p1a: Wo-Chien|Tablets of Ruin\n|cant|p2a: Froslass|slp\n|\n|upkeep\n|turn|7\n|-activate|p1a: Wo-Chien|item: Quick Claw\n|\n|t:|1697400270\n|switch|p2a: Rillaboom|Rillaboom, F|100\/100\n|move|p1a: Wo-Chien|Knock Off|p2a: Rillaboom\n|-damage|p2a: Rillaboom|67\/100\n|-enditem|p2a: Rillaboom|Heavy-Duty Boots|[from] move: Knock Off|[of] p1a: Wo-Chien\n|\n|upkeep\n|turn|8\n|\n|t:|1697400281\n|-terastallize|p2a: Rillaboom|Fighting\n|move|p2a: Rillaboom|Brick Break|p1a: Wo-Chien\n|-supereffective|p1a: Wo-Chien\n|-damage|p1a: Wo-Chien|45\/100\n|move|p1a: Wo-Chien|Foul Play|p2a: Rillaboom\n|-resisted|p2a: Rillaboom\n|-damage|p2a: Rillaboom|45\/100\n|\n|upkeep\n|turn|9\n|\n|t:|1697400294\n|move|p1a: Wo-Chien|Protect|p1a: Wo-Chien\n|-singleturn|p1a: Wo-Chien|Protect\n|move|p2a: Rillaboom|Brick Break|p1a: Wo-Chien\n|-activate|p1a: Wo-Chien|move: Protect\n|\n|upkeep\n|turn|10\n|\n|t:|1697400308\n|switch|p1a: Breloom|Breloom, M|100\/100\n|-damage|p1a: Breloom|94\/100|[from] Stealth Rock\n|move|p2a: Rillaboom|Brick Break|p1a: Breloom\n|-damage|p1a: Breloom|56\/100\n|\n|upkeep\n|turn|11\n|\n|t:|1697400318\n|switch|p2a: Froslass|Froslass, F, shiny|100\/100 slp\n|move|p1a: Breloom|Mach Punch|p2a: Froslass\n|-immune|p2a: Froslass\n|\n|upkeep\n|turn|12\n|c|\u2606Chippy_monkee|nice switch\n|\n|t:|1697400333\n|-curestatus|p2a: Froslass|slp|[msg]\n|move|p2a: Froslass|Will-O-Wisp|p1a: Breloom|[miss]\n|-miss|p2a: Froslass|p1a: Breloom\n|move|p1a: Breloom|Toxic|p2a: Froslass\n|-status|p2a: Froslass|tox\n|\n|-damage|p2a: Froslass|94\/100 tox|[from] psn\n|upkeep\n|turn|13\n|\n|t:|1697400348\n|switch|p1a: Decidueye|Decidueye-Hisui, F|100\/100\n|-damage|p1a: Decidueye|94\/100|[from] Stealth Rock\n|move|p2a: Froslass|Will-O-Wisp|p1a: Decidueye|[miss]\n|-miss|p2a: Froslass|p1a: Decidueye\n|\n|-heal|p2a: Froslass|100\/100 tox|[from] item: Leftovers\n|-damage|p2a: Froslass|88\/100 tox|[from] psn\n|upkeep\n|turn|14\n|\n|t:|1697400359\n|move|p1a: Decidueye|Shadow Sneak|p2a: Froslass\n|-supereffective|p2a: Froslass\n|-damage|p2a: Froslass|53\/100 tox\n|move|p2a: Froslass|Will-O-Wisp|p1a: Decidueye\n|-status|p1a: Decidueye|brn\n|\n|-heal|p2a: Froslass|60\/100 tox|[from] item: Leftovers\n|-damage|p2a: Froslass|41\/100 tox|[from] psn\n|-damage|p1a: Decidueye|88\/100 brn|[from] brn\n|upkeep\n|turn|15\n|c|\u2606Lidianimel|Finally.\n|c|\u2606Chippy_monkee|y e s\n|\n|t:|1697400375\n|move|p1a: Decidueye|Shadow Sneak|p2a: Froslass\n|-supereffective|p2a: Froslass\n|-damage|p2a: Froslass|23\/100 tox\n|-start|p1a: Decidueye|Disable|Shadow Sneak|[from] ability: Cursed Body|[of] p2a: Froslass\n|move|p2a: Froslass|Avalanche|p1a: Decidueye\n|-supereffective|p1a: Decidueye\n|-damage|p1a: Decidueye|9\/100 brn\n|\n|-heal|p2a: Froslass|29\/100 tox|[from] item: Leftovers\n|-damage|p2a: Froslass|4\/100 tox|[from] psn\n|-damage|p1a: Decidueye|3\/100 brn|[from] brn\n|upkeep\n|turn|16\n|c|\u2606Chippy_monkee|that hurts\n|\n|t:|1697400397\n|switch|p1a: Wo-Chien|Wo-Chien|45\/100\n|-damage|p1a: Wo-Chien|33\/100|[from] Stealth Rock\n|-ability|p1a: Wo-Chien|Tablets of Ruin\n|move|p2a: Froslass|Night Shade|p1a: Wo-Chien\n|-damage|p1a: Wo-Chien|0 fnt\n|faint|p1a: Wo-Chien\n|\n|-heal|p2a: Froslass|10\/100 tox|[from] item: Leftovers\n|-damage|p2a: Froslass|0 fnt|[from] psn\n|faint|p2a: Froslass\n|upkeep\n|c|\u2606Lidianimel|Yep.\n|\n|t:|1697400411\n|switch|p2a: Rillaboom|Rillaboom, F, tera:Fighting|45\/100\n|switch|p1a: Arboliva|Arboliva, M|100\/100\n|-damage|p1a: Arboliva|88\/100|[from] Stealth Rock\n|turn|17\n|\n|t:|1697400424\n|move|p2a: Rillaboom|Brick Break|p1a: Arboliva\n|-supereffective|p1a: Arboliva\n|-damage|p1a: Arboliva|26\/100\n|move|p1a: Arboliva|Grassy Terrain|p1a: Arboliva\n|-fieldstart|move: Grassy Terrain\n|\n|-heal|p2a: Rillaboom|51\/100|[from] Grassy Terrain\n|-heal|p1a: Arboliva|33\/100|[from] Grassy Terrain\n|upkeep\n|turn|18\n|\n|t:|1697400438\n|switch|p1a: Breloom|Breloom, M|56\/100\n|-damage|p1a: Breloom|50\/100|[from] Stealth Rock\n|move|p2a: Rillaboom|Brick Break|p1a: Breloom\n|-damage|p1a: Breloom|9\/100\n|\n|-heal|p2a: Rillaboom|57\/100|[from] Grassy Terrain\n|-heal|p1a: Breloom|15\/100|[from] Grassy Terrain\n|upkeep\n|turn|19\n|\n|t:|1697400452\n|switch|p2a: Articuno|Articuno, shiny|100\/100\n|move|p1a: Breloom|Spore|p2a: Articuno\n|-status|p2a: Articuno|slp|[from] move: Spore\n|\n|-heal|p1a: Breloom|21\/100|[from] Grassy Terrain\n|upkeep\n|turn|20\n|\n|t:|1697400462\n|move|p1a: Breloom|Mach Punch|p2a: Articuno\n|-damage|p2a: Articuno|75\/100 slp\n|-damage|p1a: Breloom|5\/100|[from] item: Rocky Helmet|[of] p2a: Articuno\n|cant|p2a: Articuno|slp\n|\n|-heal|p1a: Breloom|11\/100|[from] Grassy Terrain\n|upkeep\n|turn|21\n|\n|t:|1697400474\n|move|p1a: Breloom|Protect|p1a: Breloom\n|-singleturn|p1a: Breloom|Protect\n|-curestatus|p2a: Articuno|slp|[msg]\n|move|p2a: Articuno|Dual Wingbeat|p1a: Breloom\n|-activate|p1a: Breloom|move: Protect\n|\n|-heal|p1a: Breloom|17\/100|[from] Grassy Terrain\n|-fieldend|move: Grassy Terrain\n|upkeep\n|turn|22\n|\n|t:|1697400489\n|switch|p1a: Lurantis|Lurantis, M|100\/100\n|-damage|p1a: Lurantis|88\/100|[from] Stealth Rock\n|move|p2a: Articuno|Dual Wingbeat|p1a: Lurantis\n|-supereffective|p1a: Lurantis\n|-damage|p1a: Lurantis|62\/100\n|-supereffective|p1a: Lurantis\n|-damage|p1a: Lurantis|34\/100\n|-hitcount|p1a: Lurantis|2\n|\n|upkeep\n|turn|23\n|c|\u2606Lidianimel|I sometimes question why lurantis isn't a bug type.\n|c|\u2606Lidianimel|It looks like a bug.\n|c|\u2606Chippy_monkee|yeh same\n|c|\u2606Chippy_monkee|no its literally a bug\n|c|\u2606Chippy_monkee|but if its a bug then it will be x4 weakness to fire\n|c|\u2606Lidianimel|I sometimes forget it isn't a bug type.\n|c|\u2606Chippy_monkee|lul\n|c|\u2606Lidianimel|No, seriously.\n|c|\u2606Chippy_monkee|wait if its bug it will also be x4 to ice\n|c|\u2606Lidianimel|So is parasect.lol\n|c|\u2606Lidianimel|Probably misspelled that...lol\n|\n|t:|1697400594\n|-terastallize|p1a: Lurantis|Fighting\n|move|p2a: Articuno|Dual Wingbeat|p1a: Lurantis\n|-supereffective|p1a: Lurantis\n|-damage|p1a: Lurantis|5\/100\n|-supereffective|p1a: Lurantis\n|-damage|p1a: Lurantis|0 fnt\n|faint|p1a: Lurantis\n|-hitcount|p1: Lurantis|2\n|\n|upkeep\n|c|\u2606Chippy_monkee|idk i never memorise names\n|c|\u2606Chippy_monkee|damn there goes my ace\n|\n|t:|1697400623\n|switch|p1a: Torterra|Torterra, F|100\/100\n|-damage|p1a: Torterra|94\/100|[from] Stealth Rock\n|turn|24\n|\n|t:|1697400630\n|move|p2a: Articuno|Dual Wingbeat|p1a: Torterra\n|-supereffective|p1a: Torterra\n|-damage|p1a: Torterra|70\/100\n|-supereffective|p1a: Torterra\n|-damage|p1a: Torterra|48\/100\n|-hitcount|p1a: Torterra|2\n|move|p1a: Torterra|Smack Down|p2a: Articuno\n|-supereffective|p2a: Articuno\n|-damage|p2a: Articuno|0 fnt\n|faint|p2a: Articuno\n|\n|upkeep\n|\n|t:|1697400646\n|switch|p2a: Torterra|Torterra, F|100\/100\n|turn|25\n|\n|t:|1697400661\n|move|p1a: Torterra|Shell Smash|p1a: Torterra\n|-unboost|p1a: Torterra|def|1\n|-unboost|p1a: Torterra|spd|1\n|-boost|p1a: Torterra|atk|2\n|-boost|p1a: Torterra|spa|2\n|-boost|p1a: Torterra|spe|2\n|-enditem|p1a: Torterra|White Herb\n|-clearnegativeboost|p1a: Torterra|[silent]\n|move|p2a: Torterra|Superpower|p1a: Torterra\n|-damage|p1a: Torterra|8\/100\n|-unboost|p2a: Torterra|atk|1\n|-unboost|p2a: Torterra|def|1\n|\n|upkeep\n|turn|26\n|\n|t:|1697400675\n|move|p1a: Torterra|Iron Head|p2a: Torterra\n|-damage|p2a: Torterra|28\/100\n|move|p2a: Torterra|Superpower|p1a: Torterra\n|-damage|p1a: Torterra|0 fnt\n|-unboost|p2a: Torterra|atk|1\n|-unboost|p2a: Torterra|def|1\n|faint|p1a: Torterra\n|\n|upkeep\n|c|\u2606Chippy_monkee|please flinch\n|c|\u2606Chippy_monkee|damn\n|\n|t:|1697400695\n|switch|p1a: Breloom|Breloom, M|17\/100\n|-damage|p1a: Breloom|11\/100|[from] Stealth Rock\n|turn|27\n|c|\u2606Lidianimel|My torterra had more determination.lol\n|c|\u2606Chippy_monkee|bruh lolll\n|c|\u2606Chippy_monkee|ur defenses are halfed\n|c|\u2606Lidianimel|That's why I'm surprised it survived.\n|c|\u2606Lidianimel|Guess it really stayed determined.\n|c|\u2606Chippy_monkee|not anymore\n|c|\u2606Lidianimel|Hm\n|c|\u2606Lidianimel|*?\n|c|\u2606Chippy_monkee|it gonna die\n|c|\u2606Lidianimel|Ah, yeah, ig.\n|c|\u2606Lidianimel|No determination is gonna help there.\n|c|\u2606Chippy_monkee|istg if it takes out another\n|c|\u2606Chippy_monkee|btw all my pokes are low asf\n|c|\u2606Chippy_monkee|so u probably won\n|c|\u2606Lidianimel|Sorry, I'm using the word 'determination' way to often, aren't I?lol\n|c|\u2606Chippy_monkee|nah its fine\n|c|\u2606Lidianimel|Okay then.\n|\n|t:|1697400878\n|move|p1a: Breloom|Mach Punch|p2a: Torterra\n|-damage|p2a: Torterra|0 fnt\n|faint|p2a: Torterra\n|\n|upkeep\n|c|\u2606Chippy_monkee|lol ye\n|c|\u2606Lidianimel|Welp, that's it for the turtle.\n|\n|t:|1697400904\n|switch|p2a: Arceus|Arceus-Ground, shiny|100\/100\n|turn|28\n|\n|t:|1697400914\n|move|p1a: Breloom|Protect|p1a: Breloom\n|-singleturn|p1a: Breloom|Protect\n|move|p2a: Arceus|Blizzard|p1a: Breloom\n|-activate|p1a: Breloom|move: Protect\n|\n|upkeep\n|turn|29\n|\n|t:|1697400921\n|move|p1a: Breloom|Mach Punch|p2a: Arceus\n|-damage|p2a: Arceus|85\/100\n|move|p2a: Arceus|Blizzard|p1a: Breloom|[miss]\n|-miss|p2a: Arceus|p1a: Breloom\n|\n|upkeep\n|turn|30\n|c|\u2606Chippy_monkee|damn i should have put it to sleepo\n|c|\u2606Chippy_monkee|crossing my fingers rn\n|\n|t:|1697400942\n|move|p2a: Arceus|Brick Break|p1a: Breloom\n|-damage|p1a: Breloom|0 fnt\n|faint|p1a: Breloom\n|\n|upkeep\n|c|\u2606Chippy_monkee|well nevermind\n|\n|t:|1697400950\n|switch|p1a: Arboliva|Arboliva, M|33\/100\n|-damage|p1a: Arboliva|20\/100|[from] Stealth Rock\n|-enditem|p1a: Arboliva|Petaya Berry|[eat]\n|-boost|p1a: Arboliva|spa|1|[from] item: Petaya Berry\n|turn|31\n|\n|t:|1697400963\n|switch|p2a: Rillaboom|Rillaboom, F, tera:Fighting|57\/100\n|move|p1a: Arboliva|Strength Sap|p2a: Rillaboom\n|-unboost|p2a: Rillaboom|atk|1\n|-heal|p1a: Arboliva|99\/100\n|\n|-item|p1a: Arboliva|Petaya Berry|[from] ability: Harvest\n|upkeep\n|turn|32\n|\n|t:|1697400977\n|move|p2a: Rillaboom|Brick Break|p1a: Arboliva\n|-supereffective|p1a: Arboliva\n|-damage|p1a: Arboliva|60\/100\n|move|p1a: Arboliva|Hyper Voice|p2a: Rillaboom\n|-damage|p2a: Rillaboom|0 fnt\n|faint|p2a: Rillaboom\n|\n|upkeep\n|c|\u2606Chippy_monkee|what the hell\n|\n|t:|1697400985\n|switch|p2a: Arceus|Arceus-Ground, shiny|85\/100\n|turn|33\n|\n|t:|1697400993\n|move|p2a: Arceus|Brick Break|p1a: Arboliva\n|-supereffective|p1a: Arboliva\n|-damage|p1a: Arboliva|2\/100\n|-enditem|p1a: Arboliva|Petaya Berry|[eat]\n|-boost|p1a: Arboliva|spa|1|[from] item: Petaya Berry\n|move|p1a: Arboliva|Hyper Voice|p2a: Arceus\n|-damage|p2a: Arceus|18\/100\n|\n|-item|p1a: Arboliva|Petaya Berry|[from] ability: Harvest\n|upkeep\n|-enditem|p1a: Arboliva|Petaya Berry|[eat]\n|-boost|p1a: Arboliva|spa|1|[from] item: Petaya Berry\n|turn|34\n|\n|t:|1697401009\n|move|p2a: Arceus|Brick Break|p1a: Arboliva\n|-supereffective|p1a: Arboliva\n|-damage|p1a: Arboliva|0 fnt\n|faint|p1a: Arboliva\n|\n|upkeep\n|c|\u2606Chippy_monkee|um gg\n|c|\u2606Chippy_monkee|decidueye is gonna die to the stealth rocks\n|\n|t:|1697401027\n|switch|p1a: Decidueye|Decidueye-Hisui, F|3\/100 brn\n|-damage|p1a: Decidueye|0 fnt|[from] Stealth Rock\n|faint|p1a: Decidueye\n|\n|win|Lidianimel\n|raw|Chippy_monkee's rating: 1016 &rarr; <strong>1005<\/strong><br \/>(-11 for losing)\n|raw|Lidianimel's rating: 1044 &rarr; <strong>1075<\/strong><br \/>(+31 for winning)\n|c|\u2606Chippy_monkee|ggwp\n|c|\u2606Lidianimel|Gg\n|c|\u2606Lidianimel|I won this time.lol\n|c|\u2606Chippy_monkee|lol yeh\n|c|\u2606Chippy_monkee|Arboliva almost came in clutch\n|c|\u2606Lidianimel|Also, sorry about all the determination-stuff again.lol\n|c|\u2606Lidianimel|Yep, it did and I thought Arboliva would fist me.\n|c|\u2606Chippy_monkee|whatt why r u apologising\n","uploadtime":1697401139,"views":6,"p1id":"chippymonkee","p2id":"lidianimel","formatid":"gen9ubers","rating":1005,"private":0,"password":""}