{"id":"gen9ubers-1989155593","p1":"Anne Frankkkk","p2":"dhebjdudhebs","format":"[Gen 9] Ubers","log":"|j|\u2606Anne Frankkkk\n|j|\u2606dhebjdudhebs\n|t:|1699818130\n|gametype|singles\n|player|p1|Anne Frankkkk|hilbert|1124\n|player|p2|dhebjdudhebs|dawn|1144\n|teamsize|p1|6\n|teamsize|p2|6\n|gen|9\n|tier|[Gen 9] Ubers\n|rated|\n|rule|Sleep Clause Mod: Limit one foe put to sleep\n|rule|Species Clause: Limit one of each Pok\u00e9mon\n|rule|OHKO Clause: OHKO moves are banned\n|rule|Evasion Items Clause: Evasion items are banned\n|rule|Evasion Moves Clause: Evasion moves are banned\n|rule|Endless Battle Clause: Forcing endless battles is banned\n|rule|HP Percentage Mod: HP is shown in percentages\n|clearpoke\n|poke|p1|Iron Hands|\n|poke|p1|Kyogre|\n|poke|p1|Chien-Pao|\n|poke|p1|Ribombee, M|\n|poke|p1|Miraidon|\n|poke|p1|Flutter Mane|\n|poke|p2|Iron Bundle|\n|poke|p2|Annihilape, F|\n|poke|p2|Urshifu-*, M|\n|poke|p2|Clodsire, F|\n|poke|p2|Glimmora, F|\n|poke|p2|Palafin, M|\n|teampreview\n|\n|t:|1699818138\n|start\n|switch|p1a: Ice Cat|Chien-Pao|100\/100\n|switch|p2a: Clodsire|Clodsire, F|100\/100\n|-ability|p1a: Ice Cat|Sword of Ruin\n|turn|1\n|inactive|Battle timer is ON: inactive players will automatically lose when time's up. (requested by Anne Frankkkk)\n|\n|t:|1699818147\n|move|p1a: Ice Cat|Swords Dance|p1a: Ice Cat\n|-boost|p1a: Ice Cat|atk|2\n|move|p2a: Clodsire|Stealth Rock|p1a: Ice Cat\n|-sidestart|p1: Anne Frankkkk|move: Stealth Rock\n|\n|upkeep\n|turn|2\n|\n|t:|1699818163\n|move|p1a: Ice Cat|Swords Dance|p1a: Ice Cat\n|-boost|p1a: Ice Cat|atk|2\n|move|p2a: Clodsire|Spikes|p1a: Ice Cat\n|-sidestart|p1: Anne Frankkkk|Spikes\n|\n|upkeep\n|turn|3\n|\n|t:|1699818170\n|move|p1a: Ice Cat|Swords Dance|p1a: Ice Cat\n|-boost|p1a: Ice Cat|atk|2\n|move|p2a: Clodsire|Spikes|p1a: Ice Cat\n|-sidestart|p1: Anne Frankkkk|Spikes\n|\n|upkeep\n|turn|4\n|\n|t:|1699818176\n|move|p1a: Ice Cat|Ice Spinner|p2a: Clodsire\n|-supereffective|p2a: Clodsire\n|-crit|p2a: Clodsire\n|-damage|p2a: Clodsire|0 fnt\n|faint|p2a: Clodsire\n|\n|upkeep\n|\n|t:|1699818184\n|switch|p2a: Iron Bundle|Iron Bundle|100\/100\n|-enditem|p2a: Iron Bundle|Booster Energy\n|-activate|p2a: Iron Bundle|ability: Quark Drive|[fromitem]\n|-start|p2a: Iron Bundle|quarkdrivespe\n|turn|5\n|\n|t:|1699818203\n|move|p1a: Ice Cat|Sucker Punch|p2a: Iron Bundle\n|-damage|p2a: Iron Bundle|0 fnt\n|faint|p2a: Iron Bundle\n|-end|p2a: Iron Bundle|Quark Drive|[silent]\n|\n|upkeep\n|\n|t:|1699818208\n|switch|p2a: Palafin|Palafin, M|100\/100\n|turn|6\n|\n|t:|1699818213\n|move|p1a: Ice Cat|Sucker Punch|p2a: Palafin\n|-damage|p2a: Palafin|0 fnt\n|faint|p2a: Palafin\n|\n|upkeep\n|\n|t:|1699818219\n|switch|p2a: Urshifu|Urshifu-Rapid-Strike, M|100\/100\n|turn|7\n|\n|t:|1699818223\n|-terastallize|p1a: Ice Cat|Dark\n|move|p1a: Ice Cat|Sucker Punch|p2a: Urshifu\n|-resisted|p2a: Urshifu\n|-damage|p2a: Urshifu|0 fnt\n|faint|p2a: Urshifu\n|\n|upkeep\n|\n|t:|1699818230\n|switch|p2a: Glimmora|Glimmora, F|100\/100\n|turn|8\n|\n|t:|1699818237\n|move|p1a: Ice Cat|Ice Spinner|p2a: Glimmora\n|-damage|p2a: Glimmora|0 fnt\n|-activate|p2a: Glimmora|ability: Toxic Debris\n|-sidestart|p1: Anne Frankkkk|move: Toxic Spikes\n|faint|p2a: Glimmora\n|\n|upkeep\n|\n|t:|1699818243\n|switch|p2a: Annihilape|Annihilape, F|100\/100\n|turn|9\n|\n|t:|1699818249\n|move|p1a: Ice Cat|Sucker Punch|p2a: Annihilape\n|-damage|p2a: Annihilape|0 fnt\n|faint|p2a: Annihilape\n|\n|win|Anne Frankkkk\n|raw|Anne Frankkkk's rating: 1124 &rarr; <strong>1150<\/strong><br \/>(+26 for winning)\n|raw|dhebjdudhebs's rating: 1144 &rarr; <strong>1118<\/strong><br \/>(-26 for losing)\n","uploadtime":1699818266,"views":6,"p1id":"annefrankkkk","p2id":"dhebjdudhebs","formatid":"gen9ubers","rating":1118,"private":0,"password":""}