{"id":"gen9ubers-1980599290","p1":"DarkCanucks4006","p2":"WARIOROFLIBERATION","format":"[Gen 9] Ubers","log":"|j|\u2606DarkCanucks4006\n|j|\u2606WARIOROFLIBERATION\n|t:|1698801740\n|gametype|singles\n|player|p1|DarkCanucks4006|266|1159\n|player|p2|WARIOROFLIBERATION|red-gen2|1325\n|teamsize|p1|6\n|teamsize|p2|6\n|gen|9\n|tier|[Gen 9] Ubers\n|rated|\n|rule|Sleep Clause Mod: Limit one foe put to sleep\n|rule|Species Clause: Limit one of each Pok\u00e9mon\n|rule|OHKO Clause: OHKO moves are banned\n|rule|Evasion Items Clause: Evasion items are banned\n|rule|Evasion Moves Clause: Evasion moves are banned\n|rule|Endless Battle Clause: Forcing endless battles is banned\n|rule|HP Percentage Mod: HP is shown in percentages\n|clearpoke\n|poke|p1|Miraidon|\n|poke|p1|Dragapult, M|\n|poke|p1|Corviknight, M|\n|poke|p1|Gliscor, M|\n|poke|p1|Shaymin-Sky|\n|poke|p1|Kyogre|\n|poke|p2|Ursaluna, M|\n|poke|p2|Calyrex-Ice|\n|poke|p2|Magearna|\n|poke|p2|Basculegion, M|\n|poke|p2|Hatterene, F|\n|poke|p2|Dialga-Origin|\n|teampreview\n|\n|t:|1698801761\n|start\n|switch|p1a: Corviknight|Corviknight, M|100\/100\n|switch|p2a: BAJRANGAAAAA GUN\ud83d\udd2b|Hatterene, F|100\/100\n|turn|1\n|inactive|Battle timer is ON: inactive players will automatically lose when time's up. (requested by WARIOROFLIBERATION)\n|\n|t:|1698801764\n|move|p1a: Corviknight|Iron Head|p2a: BAJRANGAAAAA GUN\ud83d\udd2b\n|-supereffective|p2a: BAJRANGAAAAA GUN\ud83d\udd2b\n|-damage|p2a: BAJRANGAAAAA GUN\ud83d\udd2b|56\/100\n|move|p2a: BAJRANGAAAAA GUN\ud83d\udd2b|Trick Room|p2a: BAJRANGAAAAA GUN\ud83d\udd2b\n|-fieldstart|move: Trick Room|[of] p2a: BAJRANGAAAAA GUN\ud83d\udd2b\n|\n|upkeep\n|turn|2\n|\n|t:|1698801772\n|move|p2a: BAJRANGAAAAA GUN\ud83d\udd2b|Healing Wish|p2a: BAJRANGAAAAA GUN\ud83d\udd2b\n|faint|p2a: BAJRANGAAAAA GUN\ud83d\udd2b\n|move|p1a: Corviknight|Iron Head|p2: BAJRANGAAAAA GUN\ud83d\udd2b|[notarget]\n|-fail|p1a: Corviknight\n|\n|upkeep\n|\n|t:|1698801784\n|switch|p2a: BAJRANGAAAA GUN\ud83d\udd2b|Basculegion, M, shiny|100\/100\n|turn|3\n|\n|t:|1698801787\n|move|p2a: BAJRANGAAAA GUN\ud83d\udd2b|Last Respects|p1a: Corviknight\n|-damage|p1a: Corviknight|12\/100\n|move|p1a: Corviknight|Roost|p1a: Corviknight\n|-heal|p1a: Corviknight|62\/100\n|-singleturn|p1a: Corviknight|move: Roost\n|\n|-heal|p1a: Corviknight|68\/100|[from] item: Leftovers\n|upkeep\n|turn|4\n|\n|t:|1698801800\n|switch|p1a: Gliscor|Gliscor, M|100\/100\n|move|p2a: BAJRANGAAAA GUN\ud83d\udd2b|Last Respects|p1a: Gliscor\n|-crit|p1a: Gliscor\n|-damage|p1a: Gliscor|11\/100\n|\n|-status|p1a: Gliscor|tox|[from] item: Toxic Orb\n|upkeep\n|turn|5\n|\n|t:|1698801811\n|switch|p2a: BAJRANGA GUN\ud83d\udd2b|Ursaluna, M, shiny|100\/100\n|move|p1a: Gliscor|Protect||[still]\n|-fail|p1a: Gliscor\n|\n|-heal|p1a: Gliscor|23\/100 tox|[from] ability: Poison Heal\n|-fieldend|move: Trick Room\n|-status|p2a: BAJRANGA GUN\ud83d\udd2b|brn|[from] item: Flame Orb\n|upkeep\n|turn|6\n|\n|t:|1698801820\n|move|p1a: Gliscor|Earthquake|p2a: BAJRANGA GUN\ud83d\udd2b\n|-damage|p2a: BAJRANGA GUN\ud83d\udd2b|79\/100 brn\n|move|p2a: BAJRANGA GUN\ud83d\udd2b|Facade|p1a: Gliscor\n|-crit|p1a: Gliscor\n|-damage|p1a: Gliscor|0 fnt\n|faint|p1a: Gliscor\n|\n|-damage|p2a: BAJRANGA GUN\ud83d\udd2b|73\/100 brn|[from] brn\n|upkeep\n|\n|t:|1698801823\n|switch|p1a: Kyogre|Kyogre|100\/100\n|-weather|RainDance|[from] ability: Drizzle|[of] p1a: Kyogre\n|turn|7\n|\n|t:|1698801834\n|move|p1a: Kyogre|Water Spout|p2a: BAJRANGA GUN\ud83d\udd2b\n|-supereffective|p2a: BAJRANGA GUN\ud83d\udd2b\n|-damage|p2a: BAJRANGA GUN\ud83d\udd2b|0 fnt\n|faint|p2a: BAJRANGA GUN\ud83d\udd2b\n|\n|-weather|RainDance|[upkeep]\n|upkeep\n|\n|t:|1698801847\n|switch|p2a: BAJRANGA GUNN\ud83d\udd2b|Dialga-Origin, shiny|100\/100\n|-ability|p2a: BAJRANGA GUNN\ud83d\udd2b|Pressure\n|turn|8\n|\n|t:|1698801858\n|switch|p1a: Shaymin|Shaymin-Sky|100\/100\n|move|p2a: BAJRANGA GUNN\ud83d\udd2b|Trick Room|p2a: BAJRANGA GUNN\ud83d\udd2b\n|-fieldstart|move: Trick Room|[of] p2a: BAJRANGA GUNN\ud83d\udd2b\n|\n|-weather|RainDance|[upkeep]\n|upkeep\n|turn|9\n|\n|t:|1698801876\n|move|p2a: BAJRANGA GUNN\ud83d\udd2b|Stealth Rock|p1a: Shaymin\n|-sidestart|p1: DarkCanucks4006|move: Stealth Rock\n|move|p1a: Shaymin|Leech Seed|p2a: BAJRANGA GUNN\ud83d\udd2b\n|-start|p2a: BAJRANGA GUNN\ud83d\udd2b|move: Leech Seed\n|\n|-weather|RainDance|[upkeep]\n|-damage|p2a: BAJRANGA GUNN\ud83d\udd2b|88\/100|[from] Leech Seed|[of] p1a: Shaymin\n|upkeep\n|turn|10\n|\n|t:|1698801883\n|-terastallize|p1a: Shaymin|Steel\n|move|p2a: BAJRANGA GUNN\ud83d\udd2b|Steel Beam|p1a: Shaymin\n|-resisted|p1a: Shaymin\n|-damage|p1a: Shaymin|36\/100\n|-damage|p2a: BAJRANGA GUNN\ud83d\udd2b|38\/100|[from] steelbeam\n|move|p1a: Shaymin|Substitute|p1a: Shaymin\n|-start|p1a: Shaymin|Substitute\n|-damage|p1a: Shaymin|11\/100\n|\n|-weather|RainDance|[upkeep]\n|-heal|p1a: Shaymin|17\/100|[from] item: Leftovers\n|-damage|p2a: BAJRANGA GUNN\ud83d\udd2b|25\/100|[from] Leech Seed|[of] p1a: Shaymin\n|-heal|p1a: Shaymin|32\/100|[silent]\n|upkeep\n|turn|11\n|\n|t:|1698801898\n|switch|p2a: BAJRANGAAA GUN\ud83d\udd2b|Magearna|100\/100\n|move|p1a: Shaymin|Substitute|p1a: Shaymin\n|-fail|p1a: Shaymin|move: Substitute\n|\n|-weather|none\n|-heal|p1a: Shaymin|38\/100|[from] item: Leftovers\n|upkeep\n|turn|12\n|\n|t:|1698801904\n|move|p2a: BAJRANGAAA GUN\ud83d\udd2b|Aura Sphere|p1a: Shaymin\n|-supereffective|p1a: Shaymin\n|-end|p1a: Shaymin|Substitute\n|move|p1a: Shaymin|Leech Seed|p2a: BAJRANGAAA GUN\ud83d\udd2b\n|-start|p2a: BAJRANGAAA GUN\ud83d\udd2b|move: Leech Seed\n|\n|-heal|p1a: Shaymin|44\/100|[from] item: Leftovers\n|-damage|p2a: BAJRANGAAA GUN\ud83d\udd2b|88\/100|[from] Leech Seed|[of] p1a: Shaymin\n|-heal|p1a: Shaymin|57\/100|[silent]\n|-fieldend|move: Trick Room\n|upkeep\n|turn|13\n|\n|t:|1698801910\n|move|p1a: Shaymin|Substitute|p1a: Shaymin\n|-start|p1a: Shaymin|Substitute\n|-damage|p1a: Shaymin|32\/100\n|move|p2a: BAJRANGAAA GUN\ud83d\udd2b|Trick Room|p2a: BAJRANGAAA GUN\ud83d\udd2b\n|-fieldstart|move: Trick Room|[of] p2a: BAJRANGAAA GUN\ud83d\udd2b\n|\n|-heal|p1a: Shaymin|38\/100|[from] item: Leftovers\n|-damage|p2a: BAJRANGAAA GUN\ud83d\udd2b|76\/100|[from] Leech Seed|[of] p1a: Shaymin\n|-heal|p1a: Shaymin|52\/100|[silent]\n|upkeep\n|turn|14\n|\n|t:|1698801921\n|switch|p2a: BAJRANGA GUNN\ud83d\udd2b|Dialga-Origin, shiny|25\/100\n|-heal|p2a: BAJRANGA GUNN\ud83d\udd2b|100\/100|[from] move: Healing Wish\n|-ability|p2a: BAJRANGA GUNN\ud83d\udd2b|Pressure\n|move|p1a: Shaymin|Substitute|p1a: Shaymin\n|-fail|p1a: Shaymin|move: Substitute\n|\n|-heal|p1a: Shaymin|58\/100|[from] item: Leftovers\n|upkeep\n|turn|15\n|\n|t:|1698801929\n|move|p2a: BAJRANGA GUNN\ud83d\udd2b|Steel Beam|p1a: Shaymin\n|-resisted|p1a: Shaymin\n|-end|p1a: Shaymin|Substitute\n|-damage|p2a: BAJRANGA GUNN\ud83d\udd2b|50\/100|[from] steelbeam\n|move|p1a: Shaymin|Leech Seed|p2a: BAJRANGA GUNN\ud83d\udd2b\n|-start|p2a: BAJRANGA GUNN\ud83d\udd2b|move: Leech Seed\n|\n|-heal|p1a: Shaymin|64\/100|[from] item: Leftovers\n|-damage|p2a: BAJRANGA GUNN\ud83d\udd2b|38\/100|[from] Leech Seed|[of] p1a: Shaymin\n|-heal|p1a: Shaymin|79\/100|[silent]\n|upkeep\n|turn|16\n|\n|t:|1698801944\n|switch|p1a: Corviknight|Corviknight, M|68\/100\n|-damage|p1a: Corviknight|56\/100|[from] Stealth Rock\n|move|p2a: BAJRANGA GUNN\ud83d\udd2b|Steel Beam|p1a: Corviknight\n|-resisted|p1a: Corviknight\n|-damage|p1a: Corviknight|19\/100\n|-damage|p2a: BAJRANGA GUNN\ud83d\udd2b|0 fnt|[from] steelbeam\n|faint|p2a: BAJRANGA GUNN\ud83d\udd2b\n|\n|-heal|p1a: Corviknight|25\/100|[from] item: Leftovers\n|upkeep\n|inactive|WARIOROFLIBERATION has 120 seconds left.\n|inactive|WARIOROFLIBERATION has 90 seconds left.\n|\n|t:|1698802023\n|switch|p2a: BAJRANGAAAA GUN\ud83d\udd2b|Basculegion, M, shiny|100\/100\n|turn|17\n|\n|t:|1698802029\n|move|p2a: BAJRANGAAAA GUN\ud83d\udd2b|Last Respects|p1a: Corviknight\n|-crit|p1a: Corviknight\n|-damage|p1a: Corviknight|0 fnt\n|faint|p1a: Corviknight\n|\n|-fieldend|move: Trick Room\n|upkeep\n|\n|t:|1698802035\n|switch|p1a: Miraidon|Miraidon|100\/100\n|-damage|p1a: Miraidon|88\/100|[from] Stealth Rock\n|-fieldstart|move: Electric Terrain|[from] ability: Hadron Engine|[of] p1a: Miraidon\n|turn|18\n|inactive|WARIOROFLIBERATION has 90 seconds left.\n|inactive|WARIOROFLIBERATION has 60 seconds left.\n|\n|t:|1698802079\n|switch|p2a: BAJRANGAAA GUN\ud83d\udd2b|Magearna|76\/100\n|move|p1a: Miraidon|Electro Drift|p2a: BAJRANGAAA GUN\ud83d\udd2b\n|-damage|p2a: BAJRANGAAA GUN\ud83d\udd2b|0 fnt\n|faint|p2a: BAJRANGAAA GUN\ud83d\udd2b\n|\n|upkeep\n|\n|t:|1698802084\n|switch|p2a: BAJRANGAA GUN\ud83d\udd2b|Calyrex-Ice|100\/100\n|-ability|p2a: BAJRANGAA GUN\ud83d\udd2b|As One\n|-ability|p2a: BAJRANGAA GUN\ud83d\udd2b|Unnerve\n|turn|19\n|\n|t:|1698802085\n|move|p1a: Miraidon|Electro Drift|p2a: BAJRANGAA GUN\ud83d\udd2b\n|-damage|p2a: BAJRANGAA GUN\ud83d\udd2b|7\/100\n|move|p2a: BAJRANGAA GUN\ud83d\udd2b|Trick Room|p2a: BAJRANGAA GUN\ud83d\udd2b\n|-fieldstart|move: Trick Room|[of] p2a: BAJRANGAA GUN\ud83d\udd2b\n|\n|upkeep\n|turn|20\n|\n|t:|1698802101\n|move|p2a: BAJRANGAA GUN\ud83d\udd2b|Stomping Tantrum|p1a: Miraidon\n|-supereffective|p1a: Miraidon\n|-damage|p1a: Miraidon|0 fnt\n|faint|p1a: Miraidon\n|-ability|p2a: BAJRANGAA GUN\ud83d\udd2b|Chilling Neigh|boost\n|-boost|p2a: BAJRANGAA GUN\ud83d\udd2b|atk|1\n|-damage|p2a: BAJRANGAA GUN\ud83d\udd2b|0 fnt|[from] item: Life Orb\n|faint|p2a: BAJRANGAA GUN\ud83d\udd2b\n|\n|upkeep\n|\n|t:|1698802113\n|switch|p2a: BAJRANGAAAA GUN\ud83d\udd2b|Basculegion, M, shiny|100\/100\n|switch|p1a: Shaymin|Shaymin-Sky, tera:Steel|79\/100\n|-damage|p1a: Shaymin|72\/100|[from] Stealth Rock\n|turn|21\n|\n|t:|1698802123\n|-terastallize|p2a: BAJRANGAAAA GUN\ud83d\udd2b|Ghost\n|move|p2a: BAJRANGAAAA GUN\ud83d\udd2b|Last Respects|p1a: Shaymin\n|-damage|p1a: Shaymin|0 fnt\n|faint|p1a: Shaymin\n|\n|upkeep\n|\n|t:|1698802129\n|switch|p1a: Dragapult|Dragapult, M|100\/100\n|-damage|p1a: Dragapult|88\/100|[from] Stealth Rock\n|turn|22\n|inactive|WARIOROFLIBERATION has 90 seconds left.\n|\n|t:|1698802135\n|move|p2a: BAJRANGAAAA GUN\ud83d\udd2b|Last Respects|p1a: Dragapult\n|-supereffective|p1a: Dragapult\n|-damage|p1a: Dragapult|0 fnt\n|faint|p1a: Dragapult\n|\n|-fieldend|move: Electric Terrain\n|upkeep\n|\n|t:|1698802137\n|switch|p1a: Kyogre|Kyogre|100\/100\n|-damage|p1a: Kyogre|88\/100|[from] Stealth Rock\n|-weather|RainDance|[from] ability: Drizzle|[of] p1a: Kyogre\n|turn|23\n|\n|t:|1698802145\n|move|p2a: BAJRANGAAAA GUN\ud83d\udd2b|Last Respects|p1a: Kyogre\n|-damage|p1a: Kyogre|0 fnt\n|faint|p1a: Kyogre\n|\n|win|WARIOROFLIBERATION\n|raw|DarkCanucks4006's rating: 1159 &rarr; <strong>1145<\/strong><br \/>(-14 for losing)\n|raw|WARIOROFLIBERATION's rating: 1325 &rarr; <strong>1336<\/strong><br \/>(+11 for winning)\n|l|\u2606DarkCanucks4006\n","uploadtime":1698802151,"views":11,"p1id":"darkcanucks4006","p2id":"wariorofliberation","formatid":"gen9ubers","rating":1145,"private":0,"password":""}