{"id":"gen9ubers-1988592307","p1":"Billette","p2":"i am a mcrib","format":"[Gen 9] Ubers","log":"|j|\u2606Billette\n|j|\u2606i am a mcrib\n|t:|1699739679\n|gametype|singles\n|player|p1|Billette|aromalady|\n|player|p2|i am a mcrib|benga|\n|teamsize|p1|6\n|teamsize|p2|6\n|gen|9\n|tier|[Gen 9] Ubers\n|rated|Tournament battle\n|rule|Sleep Clause Mod: Limit one foe put to sleep\n|rule|Species Clause: Limit one of each Pok\u00e9mon\n|rule|OHKO Clause: OHKO moves are banned\n|rule|Evasion Items Clause: Evasion items are banned\n|rule|Evasion Moves Clause: Evasion moves are banned\n|rule|Endless Battle Clause: Forcing endless battles is banned\n|rule|HP Percentage Mod: HP is shown in percentages\n|clearpoke\n|poke|p1|Giratina-Origin|\n|poke|p1|Toxapex, M|\n|poke|p1|Clodsire, F|\n|poke|p1|Eternatus|\n|poke|p1|Skeledirge, F|\n|poke|p1|Blissey, F|\n|poke|p2|Miraidon|\n|poke|p2|Glimmora, F|\n|poke|p2|Koraidon|\n|poke|p2|Zacian-*|\n|poke|p2|Arceus|\n|poke|p2|Kyogre|\n|teampreview\n|inactive|Battle timer is ON: inactive players will automatically lose when time's up. (requested by Billette)\n|c|\u2606Billette|GLHF\n|c|\u2606i am a mcrib|hf\n|\n|t:|1699739699\n|start\n|switch|p1a: Eternatus|Eternatus|100\/100\n|switch|p2a: Glimmora|Glimmora, F|100\/100\n|-ability|p1a: Eternatus|Pressure\n|turn|1\n|\n|t:|1699739705\n|move|p1a: Eternatus|Dragon Pulse|p2a: Glimmora\n|-damage|p2a: Glimmora|56\/100\n|move|p2a: Glimmora|Spikes|p1a: Eternatus\n|-sidestart|p1: Billette|Spikes\n|\n|upkeep\n|turn|2\n|\n|t:|1699739710\n|move|p1a: Eternatus|Fire Spin|p2a: Glimmora\n|-resisted|p2a: Glimmora\n|-damage|p2a: Glimmora|51\/100\n|-activate|p2a: Glimmora|move: Fire Spin|[of] p1a: Eternatus\n|move|p2a: Glimmora|Mud Shot|p1a: Eternatus\n|-supereffective|p1a: Eternatus\n|-damage|p1a: Eternatus|78\/100\n|-unboost|p1a: Eternatus|spe|1\n|\n|-damage|p2a: Glimmora|38\/100|[from] move: Fire Spin|[partiallytrapped]\n|upkeep\n|turn|3\n|\n|t:|1699739714\n|move|p2a: Glimmora|Spikes|p1a: Eternatus\n|-sidestart|p1: Billette|Spikes\n|move|p1a: Eternatus|Dragon Pulse|p2a: Glimmora\n|-damage|p2a: Glimmora|0 fnt\n|faint|p2a: Glimmora\n|\n|upkeep\n|c|\u2606Billette|thanks for not setting rocks ><\n|j|+corvere\u2665\n|c|\u2606Billette|those are the only things that actually hit this team\n|\n|t:|1699739741\n|switch|p2a: Koraidon|Koraidon|100\/100\n|-weather|SunnyDay|[from] ability: Orichalcum Pulse|[of] p2a: Koraidon\n|-activate|p2a: Koraidon|Orichalcum Pulse|[source]\n|turn|4\n|\n|t:|1699739749\n|-terastallize|p1a: Eternatus|Fairy\n|move|p2a: Koraidon|Scale Shot|p1a: Eternatus\n|-immune|p1a: Eternatus\n|move|p1a: Eternatus|Dragon Pulse|p2a: Koraidon\n|-supereffective|p2a: Koraidon\n|-damage|p2a: Koraidon|14\/100\n|\n|-weather|SunnyDay|[upkeep]\n|upkeep\n|turn|5\n|\n|t:|1699739767\n|move|p2a: Koraidon|Flare Blitz|p1a: Eternatus\n|-damage|p1a: Eternatus|8\/100\n|-damage|p2a: Koraidon|0 fnt|[from] Recoil\n|faint|p2a: Koraidon\n|move|p1a: Eternatus|Recover|p1a: Eternatus\n|-heal|p1a: Eternatus|58\/100\n|\n|-weather|SunnyDay|[upkeep]\n|upkeep\n|inactive|i am a mcrib has 120 seconds left.\n|\n|t:|1699739788\n|switch|p2a: Kyogre|Kyogre|100\/100\n|-weather|RainDance|[from] ability: Drizzle|[of] p2a: Kyogre\n|turn|6\n|inactive|i am a mcrib has 120 seconds left.\n|\n|t:|1699739796\n|switch|p1a: Blissey|Blissey, F|100\/100\n|-terastallize|p2a: Kyogre|Water\n|move|p2a: Kyogre|Water Spout|p1a: Blissey\n|-damage|p1a: Blissey|47\/100\n|\n|-weather|RainDance|[upkeep]\n|upkeep\n|turn|7\n|\n|t:|1699739805\n|move|p2a: Kyogre|Water Spout|p1a: Blissey\n|-damage|p1a: Blissey|0 fnt\n|faint|p1a: Blissey\n|\n|-weather|RainDance|[upkeep]\n|upkeep\n|\n|t:|1699739807\n|switch|p1a: Eternatus|Eternatus, tera:Fairy|58\/100\n|-ability|p1a: Eternatus|Pressure\n|turn|8\n|\n|t:|1699739814\n|move|p2a: Kyogre|Water Spout|p1a: Eternatus\n|-damage|p1a: Eternatus|0 fnt\n|faint|p1a: Eternatus\n|\n|-weather|RainDance|[upkeep]\n|upkeep\n|c|\u2606Billette|sad times i didn't bring the water absorb clod\n|c|\u2606Billette|gg\n|\n|t:|1699739819\n|switch|p1a: Toxapex|Toxapex, M|100\/100\n|turn|9\n|\n|t:|1699739828\n|switch|p2a: Miraidon|Miraidon|100\/100\n|-fieldstart|move: Electric Terrain|[from] ability: Hadron Engine|[of] p2a: Miraidon\n|-enditem|p2a: Miraidon|Electric Seed\n|-boost|p2a: Miraidon|def|1|[from] item: Electric Seed\n|move|p1a: Toxapex|Baneful Bunker||[still]\n|-fail|p1a: Toxapex\n|\n|-weather|RainDance|[upkeep]\n|upkeep\n|turn|10\n|-message|Billette forfeited.\n|\n|win|i am a mcrib\n|n|\u2606Billette|billette\n|n|\u2606i am a mcrib|iamamcrib\n|n| corvere\u2665|corvere\n|l|\u2606Billette\n|c|\u2606i am a mcrib|gg\n|l| corvere\u2665\n","uploadtime":1699739836,"views":11,"p1id":"billette","p2id":"iamamcrib","formatid":"gen9ubers","rating":0,"private":0,"password":""}