{"id":"gen9ubers-1984800763","p1":"koopa003","p2":"corvere\u2665","format":"[Gen 9] Ubers","log":"|j|\u2606koopa003\n|j|\u2606corvere\u2665\n|t:|1699300080\n|gametype|singles\n|player|p1|koopa003|camper|\n|player|p2|corvere\u2665|anthea|\n|teamsize|p1|6\n|teamsize|p2|6\n|gen|9\n|tier|[Gen 9] Ubers\n|rated|Tournament battle\n|rule|Sleep Clause Mod: Limit one foe put to sleep\n|rule|Species Clause: Limit one of each Pok\u00e9mon\n|rule|OHKO Clause: OHKO moves are banned\n|rule|Evasion Items Clause: Evasion items are banned\n|rule|Evasion Moves Clause: Evasion moves are banned\n|rule|Endless Battle Clause: Forcing endless battles is banned\n|rule|HP Percentage Mod: HP is shown in percentages\n|clearpoke\n|poke|p1|Flutter Mane|\n|poke|p1|Chien-Pao|\n|poke|p1|Goodra-Hisui, F|\n|poke|p1|Arceus|\n|poke|p1|Zacian-*|\n|poke|p1|Regieleki|\n|poke|p2|Great Tusk|\n|poke|p2|Koraidon|\n|poke|p2|Rayquaza|\n|poke|p2|Baxcalibur, M|\n|poke|p2|Zacian-*|\n|poke|p2|Arceus-Ground|\n|teampreview\n|inactive|Battle timer is ON: inactive players will automatically lose when time's up. (requested by corvere\u2665)\n|j|+RichardMillePlain\n|j| Johnny12354\n|j| me when the orspd\n|\n|t:|1699300106\n|start\n|switch|p1a: Goodra|Goodra-Hisui, F|100\/100\n|switch|p2a: Rayquaza|Rayquaza|100\/100\n|-ability|p2a: Rayquaza|Air Lock\n|turn|1\n|\n|t:|1699300113\n|move|p2a: Rayquaza|Earthquake|p1a: Goodra\n|-supereffective|p1a: Goodra\n|-damage|p1a: Goodra|36\/100\n|move|p1a: Goodra|Thunderbolt|p2a: Rayquaza\n|-damage|p2a: Rayquaza|69\/100\n|\n|-heal|p1a: Goodra|42\/100|[from] item: Leftovers\n|upkeep\n|turn|2\n|\n|t:|1699300117\n|move|p2a: Rayquaza|Stealth Rock|p1a: Goodra\n|-sidestart|p1: koopa003|move: Stealth Rock\n|move|p1a: Goodra|Thunderbolt|p2a: Rayquaza\n|-damage|p2a: Rayquaza|36\/100\n|\n|-heal|p1a: Goodra|48\/100|[from] item: Leftovers\n|upkeep\n|turn|3\n|\n|t:|1699300119\n|move|p2a: Rayquaza|Earthquake|p1a: Goodra\n|-supereffective|p1a: Goodra\n|-damage|p1a: Goodra|0 fnt\n|faint|p1a: Goodra\n|\n|upkeep\n|\n|t:|1699300124\n|switch|p1a: Regieleki|Regieleki|100\/100\n|-damage|p1a: Regieleki|88\/100|[from] Stealth Rock\n|turn|4\n|\n|t:|1699300128\n|move|p1a: Regieleki|Thunderbolt|p2a: Rayquaza\n|-damage|p2a: Rayquaza|0 fnt\n|faint|p2a: Rayquaza\n|\n|upkeep\n|\n|t:|1699300137\n|switch|p2a: Great Tusk|Great Tusk|100\/100\n|-enditem|p2a: Great Tusk|Booster Energy\n|-activate|p2a: Great Tusk|ability: Protosynthesis|[fromitem]\n|-start|p2a: Great Tusk|protosynthesisspe\n|turn|5\n|\n|t:|1699300162\n|move|p1a: Regieleki|Rapid Spin|p2a: Great Tusk\n|-damage|p2a: Great Tusk|95\/100\n|-boost|p1a: Regieleki|spe|1\n|-sideend|p1: koopa003|Stealth Rock|[from] move: Rapid Spin|[of] p1a: Regieleki\n|move|p2a: Great Tusk|Bulk Up|p2a: Great Tusk\n|-boost|p2a: Great Tusk|atk|1\n|-boost|p2a: Great Tusk|def|1\n|\n|upkeep\n|turn|6\n|\n|t:|1699300175\n|switch|p1a: Arceus|Arceus|100\/100\n|move|p2a: Great Tusk|Headlong Rush|p1a: Arceus\n|-damage|p1a: Arceus|45\/100\n|-unboost|p2a: Great Tusk|def|1\n|-unboost|p2a: Great Tusk|spd|1\n|\n|-heal|p1a: Arceus|51\/100|[from] item: Leftovers\n|upkeep\n|turn|7\n|\n|t:|1699300182\n|move|p2a: Great Tusk|Headlong Rush|p1a: Arceus\n|-damage|p1a: Arceus|0 fnt\n|-unboost|p2a: Great Tusk|def|1\n|-unboost|p2a: Great Tusk|spd|1\n|faint|p1a: Arceus\n|\n|upkeep\n|\n|t:|1699300185\n|switch|p1a: Chien-Pao|Chien-Pao|100\/100\n|-ability|p1a: Chien-Pao|Sword of Ruin\n|turn|8\n|\n|t:|1699300190\n|move|p2a: Great Tusk|Headlong Rush|p1a: Chien-Pao\n|-damage|p1a: Chien-Pao|0 fnt\n|-unboost|p2a: Great Tusk|def|1\n|-unboost|p2a: Great Tusk|spd|1\n|faint|p1a: Chien-Pao\n|\n|upkeep\n|\n|t:|1699300198\n|switch|p1a: Zacian|Zacian-Crowned|100\/100\n|-ability|p1a: Zacian|Intrepid Sword|boost\n|-boost|p1a: Zacian|atk|1\n|turn|9\n|inactive|koopa003 has 120 seconds left.\n|\n|t:|1699300234\n|-terastallize|p2a: Great Tusk|Ice\n|-terastallize|p1a: Zacian|Fairy\n|move|p2a: Great Tusk|Ice Spinner|p1a: Zacian\n|-damage|p1a: Zacian|50\/100\n|move|p1a: Zacian|Play Rough|p2a: Great Tusk\n|-damage|p2a: Great Tusk|0 fnt\n|faint|p2a: Great Tusk\n|-end|p2a: Great Tusk|Protosynthesis|[silent]\n|\n|upkeep\n|\n|t:|1699300245\n|switch|p2a: Zacian|Zacian-Crowned|100\/100\n|-ability|p2a: Zacian|Intrepid Sword|boost\n|-boost|p2a: Zacian|atk|1\n|turn|10\n|inactive|koopa003 has 120 seconds left.\n|\n|t:|1699300263\n|move|p1a: Zacian|Behemoth Blade|p2a: Zacian\n|-crit|p2a: Zacian\n|-damage|p2a: Zacian|0 fnt\n|faint|p2a: Zacian\n|\n|upkeep\n|\n|t:|1699300267\n|switch|p2a: Arceus|Arceus-Ground|100\/100\n|turn|11\n|c|\u2606koopa003|LOL\n|inactive|koopa003 has 120 seconds left.\n|\n|t:|1699300297\n|move|p1a: Zacian|Close Combat|p2a: Arceus\n|-damage|p2a: Arceus|51\/100\n|-unboost|p1a: Zacian|def|1\n|-unboost|p1a: Zacian|spd|1\n|move|p2a: Arceus|Dragon Dance|p2a: Arceus\n|-boost|p2a: Arceus|atk|1\n|-boost|p2a: Arceus|spe|1\n|\n|upkeep\n|turn|12\n|\n|t:|1699300301\n|move|p2a: Arceus|Earthquake|p1a: Zacian\n|-damage|p1a: Zacian|0 fnt\n|faint|p1a: Zacian\n|\n|upkeep\n|\n|t:|1699300306\n|switch|p1a: Flutter Mane|Flutter Mane|100\/100\n|turn|13\n|inactive|koopa003 has 120 seconds left.\n|\n|t:|1699300335\n|move|p2a: Arceus|Earthquake|p1a: Flutter Mane\n|-damage|p1a: Flutter Mane|0 fnt\n|faint|p1a: Flutter Mane\n|-end|p1a: Flutter Mane|Protosynthesis|[silent]\n|\n|upkeep\n|\n|t:|1699300337\n|switch|p1a: Regieleki|Regieleki|88\/100\n|turn|14\n|\n|t:|1699300339\n|move|p1a: Regieleki|Rapid Spin|p2a: Arceus\n|-damage|p2a: Arceus|43\/100\n|-boost|p1a: Regieleki|spe|1\n|move|p2a: Arceus|Earthquake|p1a: Regieleki\n|-supereffective|p1a: Regieleki\n|-damage|p1a: Regieleki|0 fnt\n|faint|p1a: Regieleki\n|\n|win|corvere\u2665\n|n|\u2606koopa003|koopa003\n|n|\u2606corvere\u2665|corvere\n|n| RichardMillePlain|richardmilleplain\n|n| Johnny12354|johnny12354\n|n| me when the orspd|mewhentheorspd\n|l|\u2606corvere\u2665\n|l|\u2606koopa003\n|l| RichardMillePlain\n|j| 0 Morien 0\n|l| 0 Morien 0\n|l| me when the orspd\n","uploadtime":1699300439,"views":6,"p1id":"koopa003","p2id":"corvere","formatid":"gen9ubers","rating":0,"private":0,"password":""}