{"id":"gen9ubers-1992426961","p1":"GratedsShtickface","p2":"Im_Not_A_Whale","format":"[Gen 9] Ubers","log":"|j|\u2606GratedsShtickface\n|j|\u2606Im_Not_A_Whale\n|t:|1700186254\n|gametype|singles\n|player|p1|GratedsShtickface|hiker-gen4|\n|player|p2|Im_Not_A_Whale|drayden|\n|teamsize|p1|6\n|teamsize|p2|6\n|gen|9\n|tier|[Gen 9] Ubers\n|rule|Sleep Clause Mod: Limit one foe put to sleep\n|rule|Species Clause: Limit one of each Pok\u00e9mon\n|rule|OHKO Clause: OHKO moves are banned\n|rule|Evasion Items Clause: Evasion items are banned\n|rule|Evasion Moves Clause: Evasion moves are banned\n|rule|Endless Battle Clause: Forcing endless battles is banned\n|rule|HP Percentage Mod: HP is shown in percentages\n|clearpoke\n|poke|p1|Pelipper, M|\n|poke|p1|Floatzel, M|\n|poke|p1|Overqwil, M|\n|poke|p1|Arceus-Grass|\n|poke|p1|Thundurus-Therian, M|\n|poke|p1|Tornadus-Therian, M|\n|poke|p2|Darkrai|\n|poke|p2|Palafin, M|\n|poke|p2|Samurott-Hisui, F|\n|poke|p2|Sableye, M|\n|poke|p2|Landorus, M|\n|poke|p2|Dialga|\n|teampreview\n|inactive|Battle timer is ON: inactive players will automatically lose when time's up. (requested by GratedsShtickface)\n|c|\u2606GratedsShtickface|glhf\n|\n|t:|1700186275\n|start\n|switch|p1a: Toilet Bird|Pelipper, M, shiny|100\/100\n|switch|p2a: Dialga|Dialga|100\/100\n|-ability|p2a: Dialga|Pressure\n|-weather|RainDance|[from] ability: Drizzle|[of] p1a: Toilet Bird\n|turn|1\n|\n|t:|1700186282\n|move|p2a: Dialga|Thunderbolt|p1a: Toilet Bird\n|-supereffective|p1a: Toilet Bird\n|-damage|p1a: Toilet Bird|0 fnt\n|faint|p1a: Toilet Bird\n|\n|-weather|RainDance|[upkeep]\n|upkeep\n|\n|t:|1700186287\n|switch|p1a: Q|Overqwil, M, shiny|100\/100\n|turn|2\n|\n|t:|1700186293\n|move|p1a: Q|Destiny Bond|p1a: Q\n|-singlemove|p1a: Q|Destiny Bond\n|move|p2a: Dialga|Stealth Rock|p1a: Q\n|-sidestart|p1: GratedsShtickface|move: Stealth Rock\n|\n|-weather|RainDance|[upkeep]\n|upkeep\n|turn|3\n|\n|t:|1700186297\n|switch|p2a: Samurott|Samurott-Hisui, F|100\/100\n|move|p1a: Q|Taunt|p2a: Samurott\n|-start|p2a: Samurott|move: Taunt\n|\n|-weather|RainDance|[upkeep]\n|upkeep\n|turn|4\n|\n|t:|1700186301\n|move|p1a: Q|Spikes|p2a: Samurott\n|-sidestart|p2: Im_Not_A_Whale|Spikes\n|move|p2a: Samurott|Ceaseless Edge|p1a: Q\n|-resisted|p1a: Q\n|-damage|p1a: Q|80\/100\n|-sidestart|p1: GratedsShtickface|Spikes\n|\n|-weather|RainDance|[upkeep]\n|upkeep\n|turn|5\n|\n|t:|1700186309\n|move|p1a: Q|Spikes|p2a: Samurott\n|-sidestart|p2: Im_Not_A_Whale|Spikes\n|move|p2a: Samurott|Ceaseless Edge|p1a: Q\n|-resisted|p1a: Q\n|-damage|p1a: Q|58\/100\n|-sidestart|p1: GratedsShtickface|Spikes\n|\n|-weather|RainDance|[upkeep]\n|-end|p2a: Samurott|move: Taunt\n|upkeep\n|turn|6\n|\n|t:|1700186312\n|move|p1a: Q|Self-Destruct|p2a: Samurott\n|-damage|p2a: Samurott|12\/100\n|faint|p1a: Q\n|move|p2a: Samurott|Ceaseless Edge|p1: Q|[notarget]\n|-fail|p2a: Samurott\n|\n|-weather|RainDance|[upkeep]\n|upkeep\n|\n|t:|1700186315\n|switch|p1a: Floaty Boi|Floatzel, M, shiny|100\/100\n|-damage|p1a: Floaty Boi|88\/100|[from] Stealth Rock\n|-damage|p1a: Floaty Boi|72\/100|[from] Spikes\n|turn|7\n|\n|t:|1700186321\n|move|p2a: Samurott|Sucker Punch|p1a: Floaty Boi\n|-damage|p1a: Floaty Boi|14\/100\n|move|p1a: Floaty Boi|Wave Crash|p2a: Samurott\n|-resisted|p2a: Samurott\n|-damage|p2a: Samurott|0 fnt\n|faint|p2a: Samurott\n|-damage|p1a: Floaty Boi|10\/100|[from] Recoil\n|\n|-weather|RainDance|[upkeep]\n|upkeep\n|\n|t:|1700186340\n|switch|p2a: Sableye|Sableye, M|100\/100\n|-damage|p2a: Sableye|84\/100|[from] Spikes\n|turn|8\n|\n|t:|1700186344\n|move|p2a: Sableye|Reflect|p2a: Sableye\n|-sidestart|p2: Im_Not_A_Whale|Reflect\n|move|p1a: Floaty Boi|Wave Crash|p2a: Sableye\n|-damage|p2a: Sableye|0 fnt\n|faint|p2a: Sableye\n|-damage|p1a: Floaty Boi|0 fnt|[from] Recoil\n|faint|p1a: Floaty Boi\n|\n|-weather|none\n|upkeep\n|\n|t:|1700186356\n|switch|p1a: Tornhub|Tornadus-Therian, M|100\/100\n|switch|p2a: Palafin|Palafin, M|100\/100\n|-damage|p2a: Palafin|84\/100|[from] Spikes\n|turn|9\n|\n|t:|1700186377\n|move|p1a: Tornhub|Hurricane|p2a: Palafin\n|-damage|p2a: Palafin|3\/100\n|move|p2a: Palafin|Flip Turn|p1a: Tornhub\n|-damage|p1a: Tornhub|49\/100\n|inactive|Im_Not_A_Whale has 270 seconds left.\n|\n|t:|1700186392\n|detailschange|p2a: Palafin|Palafin-Hero, M\n|switch|p2a: Darkrai|Darkrai|100\/100|[from] Flip Turn\n|-damage|p2a: Darkrai|84\/100|[from] Spikes\n|\n|upkeep\n|turn|10\n|\n|t:|1700186397\n|move|p2a: Darkrai|Ice Beam|p1a: Tornhub\n|-supereffective|p1a: Tornhub\n|-damage|p1a: Tornhub|0 fnt\n|faint|p1a: Tornhub\n|\n|upkeep\n|\n|t:|1700186403\n|switch|p1a: Ar\u0441eus-Bug|Arceus-Grass, shiny|100\/100\n|-damage|p1a: Ar\u0441eus-Bug|88\/100|[from] Stealth Rock\n|-damage|p1a: Ar\u0441eus-Bug|71\/100|[from] Spikes\n|turn|11\n|\n|t:|1700186410\n|move|p2a: Darkrai|Hypnosis|p1a: Ar\u0441eus-Bug\n|-status|p1a: Ar\u0441eus-Bug|slp|[from] move: Hypnosis\n|cant|p1a: Ar\u0441eus-Bug|slp\n|\n|-damage|p1a: Ar\u0441eus-Bug|59\/100 slp|[from] ability: Bad Dreams|[of] p2a: Darkrai\n|upkeep\n|turn|12\n|\n|t:|1700186413\n|move|p2a: Darkrai|Ice Beam|p1a: Ar\u0441eus-Bug\n|-supereffective|p1a: Ar\u0441eus-Bug\n|-damage|p1a: Ar\u0441eus-Bug|19\/100 slp\n|cant|p1a: Ar\u0441eus-Bug|slp\n|\n|-sideend|p2: Im_Not_A_Whale|Reflect\n|-damage|p1a: Ar\u0441eus-Bug|7\/100 slp|[from] ability: Bad Dreams|[of] p2a: Darkrai\n|upkeep\n|turn|13\n|\n|t:|1700186418\n|move|p2a: Darkrai|Ice Beam|p1a: Ar\u0441eus-Bug\n|-supereffective|p1a: Ar\u0441eus-Bug\n|-damage|p1a: Ar\u0441eus-Bug|0 fnt\n|faint|p1a: Ar\u0441eus-Bug\n|\n|upkeep\n|\n|t:|1700186421\n|switch|p1a: Zappo|Thundurus-Therian, M|100\/100\n|-damage|p1a: Zappo|76\/100|[from] Stealth Rock\n|turn|14\n|\n|t:|1700186425\n|move|p2a: Darkrai|Ice Beam|p1a: Zappo\n|-supereffective|p1a: Zappo\n|-damage|p1a: Zappo|0 fnt\n|faint|p1a: Zappo\n|\n|win|Im_Not_A_Whale\n|c|\u2606GratedsShtickface|gg\n|c|\u2606Im_Not_A_Whale|Ggs\n","uploadtime":1700186431,"views":36,"p1id":"gratedsshtickface","p2id":"imnotawhale","formatid":"gen9ubers","rating":0,"private":0,"password":""}