{"id":"gen9ubers-1996950845","p1":"ComeSweeetDeath","p2":"Anne Frankkkk","format":"[Gen 9] Ubers","log":"|j|\u2606ComeSweeetDeath\n|j|\u2606Anne Frankkkk\n|t:|1700748738\n|gametype|singles\n|player|p1|ComeSweeetDeath|benga|1177\n|player|p2|Anne Frankkkk|hilbert|1145\n|teamsize|p1|6\n|teamsize|p2|6\n|gen|9\n|tier|[Gen 9] Ubers\n|rated|\n|rule|Sleep Clause Mod: Limit one foe put to sleep\n|rule|Species Clause: Limit one of each Pok\u00e9mon\n|rule|OHKO Clause: OHKO moves are banned\n|rule|Evasion Items Clause: Evasion items are banned\n|rule|Evasion Moves Clause: Evasion moves are banned\n|rule|Endless Battle Clause: Forcing endless battles is banned\n|rule|HP Percentage Mod: HP is shown in percentages\n|clearpoke\n|poke|p1|Miraidon|\n|poke|p1|Pelipper, M|\n|poke|p1|Barraskewda, M|\n|poke|p1|Houndstone, F|\n|poke|p1|Hippowdon, M|\n|poke|p1|Zacian-*|\n|poke|p2|Regieleki|\n|poke|p2|Kyogre|\n|poke|p2|Chien-Pao|\n|poke|p2|Ribombee, F|\n|poke|p2|Miraidon|\n|poke|p2|Flutter Mane|\n|teampreview\n|inactive|Battle timer is ON: inactive players will automatically lose when time's up. (requested by ComeSweeetDeath)\n|inactive|ComeSweeetDeath has 120 seconds left.\n|\n|t:|1700748774\n|start\n|switch|p1a: Pelipper|Pelipper, M|100\/100\n|switch|p2a: Moonblast|Ribombee, F, shiny|100\/100\n|-weather|RainDance|[from] ability: Drizzle|[of] p1a: Pelipper\n|turn|1\n|\n|t:|1700748785\n|move|p2a: Moonblast|Sticky Web|p1a: Pelipper\n|-sidestart|p1: ComeSweeetDeath|move: Sticky Web\n|move|p1a: Pelipper|Tailwind|p1a: Pelipper\n|-sidestart|p1: ComeSweeetDeath|move: Tailwind\n|\n|-weather|RainDance|[upkeep]\n|upkeep\n|turn|2\n|\n|t:|1700748789\n|move|p1a: Pelipper|Hurricane|p2a: Moonblast\n|-supereffective|p2a: Moonblast\n|-enditem|p2a: Moonblast|Focus Sash\n|-damage|p2a: Moonblast|1\/100\n|move|p2a: Moonblast|Stun Spore|p1a: Pelipper|[miss]\n|-miss|p2a: Moonblast|p1a: Pelipper\n|\n|-weather|RainDance|[upkeep]\n|upkeep\n|turn|3\n|\n|t:|1700748798\n|move|p1a: Pelipper|Hurricane|p2a: Moonblast\n|-supereffective|p2a: Moonblast\n|-damage|p2a: Moonblast|0 fnt\n|faint|p2a: Moonblast\n|\n|-weather|RainDance|[upkeep]\n|upkeep\n|\n|t:|1700748802\n|switch|p2a: Cyber Lizard|Miraidon|100\/100\n|-fieldstart|move: Electric Terrain|[from] ability: Hadron Engine|[of] p2a: Cyber Lizard\n|-item|p2a: Cyber Lizard|Air Balloon\n|turn|4\n|\n|t:|1700748809\n|switch|p1a: Hippowdon|Hippowdon, M, shiny|100\/100\n|-activate|p1a: Hippowdon|move: Sticky Web\n|-unboost|p1a: Hippowdon|spe|1\n|-weather|Sandstorm|[from] ability: Sand Stream|[of] p1a: Hippowdon\n|move|p2a: Cyber Lizard|Calm Mind|p2a: Cyber Lizard\n|-boost|p2a: Cyber Lizard|spa|1\n|-boost|p2a: Cyber Lizard|spd|1\n|\n|-weather|Sandstorm|[upkeep]\n|-damage|p2a: Cyber Lizard|94\/100|[from] Sandstorm\n|-sideend|p1: ComeSweeetDeath|move: Tailwind\n|upkeep\n|turn|5\n|\n|t:|1700748820\n|move|p2a: Cyber Lizard|Dragon Pulse|p1a: Hippowdon\n|-damage|p1a: Hippowdon|0 fnt\n|faint|p1a: Hippowdon\n|\n|-weather|Sandstorm|[upkeep]\n|-damage|p2a: Cyber Lizard|88\/100|[from] Sandstorm\n|upkeep\n|\n|t:|1700748827\n|switch|p1a: Zacian|Zacian-Crowned|100\/100\n|-activate|p1a: Zacian|move: Sticky Web\n|-unboost|p1a: Zacian|spe|1\n|-ability|p1a: Zacian|Intrepid Sword|boost\n|-boost|p1a: Zacian|atk|1\n|turn|6\n|\n|t:|1700748836\n|move|p2a: Cyber Lizard|Electro Drift|p1a: Zacian\n|-damage|p1a: Zacian|0 fnt\n|faint|p1a: Zacian\n|\n|-weather|Sandstorm|[upkeep]\n|-damage|p2a: Cyber Lizard|82\/100|[from] Sandstorm\n|upkeep\n|\n|t:|1700748844\n|switch|p1a: Houndstone|Houndstone, F|100\/100\n|-activate|p1a: Houndstone|move: Sticky Web\n|-unboost|p1a: Houndstone|spe|1\n|turn|7\n|\n|t:|1700748851\n|move|p2a: Cyber Lizard|Electro Drift|p1a: Houndstone\n|-enditem|p1a: Houndstone|Focus Sash\n|-damage|p1a: Houndstone|1\/100\n|move|p1a: Houndstone|Play Rough|p2a: Cyber Lizard\n|-supereffective|p2a: Cyber Lizard\n|-damage|p2a: Cyber Lizard|25\/100\n|-enditem|p2a: Cyber Lizard|Air Balloon\n|\n|-weather|Sandstorm|[upkeep]\n|-damage|p2a: Cyber Lizard|18\/100|[from] Sandstorm\n|upkeep\n|turn|8\n|\n|t:|1700748868\n|move|p2a: Cyber Lizard|Dragon Pulse|p1a: Houndstone\n|-damage|p1a: Houndstone|0 fnt\n|faint|p1a: Houndstone\n|\n|-weather|none\n|-fieldend|move: Electric Terrain\n|upkeep\n|\n|t:|1700748877\n|switch|p1a: Pelipper|Pelipper, M|100\/100\n|-weather|RainDance|[from] ability: Drizzle|[of] p1a: Pelipper\n|turn|9\n|\n|t:|1700748888\n|move|p2a: Cyber Lizard|Electro Drift|p1a: Pelipper\n|-supereffective|p1a: Pelipper\n|-crit|p1a: Pelipper\n|-enditem|p1a: Pelipper|Focus Sash\n|-damage|p1a: Pelipper|1\/100\n|move|p1a: Pelipper|Tailwind|p1a: Pelipper\n|-sidestart|p1: ComeSweeetDeath|move: Tailwind\n|\n|-weather|RainDance|[upkeep]\n|upkeep\n|turn|10\n|\n|t:|1700748899\n|move|p2a: Cyber Lizard|Protect|p2a: Cyber Lizard\n|-singleturn|p2a: Cyber Lizard|Protect\n|move|p1a: Pelipper|Hydro Pump|p2a: Cyber Lizard\n|-activate|p2a: Cyber Lizard|move: Protect\n|\n|-weather|RainDance|[upkeep]\n|upkeep\n|turn|11\n|\n|t:|1700748908\n|move|p1a: Pelipper|Hydro Pump|p2a: Cyber Lizard|[miss]\n|-miss|p1a: Pelipper|p2a: Cyber Lizard\n|move|p2a: Cyber Lizard|Electro Drift|p1a: Pelipper\n|-supereffective|p1a: Pelipper\n|-damage|p1a: Pelipper|0 fnt\n|faint|p1a: Pelipper\n|\n|-weather|RainDance|[upkeep]\n|upkeep\n|\n|t:|1700748917\n|switch|p1a: Barraskewda|Barraskewda, M, shiny|100\/100\n|-activate|p1a: Barraskewda|move: Sticky Web\n|-unboost|p1a: Barraskewda|spe|1\n|turn|12\n|\n|t:|1700748923\n|move|p2a: Cyber Lizard|Protect|p2a: Cyber Lizard\n|-singleturn|p2a: Cyber Lizard|Protect\n|move|p1a: Barraskewda|Liquidation|p2a: Cyber Lizard\n|-activate|p2a: Cyber Lizard|move: Protect\n|\n|-weather|RainDance|[upkeep]\n|-sideend|p1: ComeSweeetDeath|move: Tailwind\n|upkeep\n|turn|13\n|\n|t:|1700748929\n|move|p1a: Barraskewda|Liquidation|p2a: Cyber Lizard\n|-resisted|p2a: Cyber Lizard\n|-damage|p2a: Cyber Lizard|0 fnt\n|faint|p2a: Cyber Lizard\n|\n|-weather|none\n|upkeep\n|\n|t:|1700748933\n|switch|p2a: Bzzzzt|Regieleki, shiny|100\/100\n|turn|14\n|\n|t:|1700748940\n|move|p2a: Bzzzzt|Thunder Cage|p1a: Barraskewda\n|-supereffective|p1a: Barraskewda\n|-enditem|p1a: Barraskewda|Focus Sash\n|-damage|p1a: Barraskewda|1\/100\n|-activate|p1a: Barraskewda|move: Thunder Cage|[of] p2a: Bzzzzt\n|move|p1a: Barraskewda|Drill Run|p2a: Bzzzzt\n|-supereffective|p2a: Bzzzzt\n|-damage|p2a: Bzzzzt|0 fnt\n|faint|p2a: Bzzzzt\n|\n|-end|p1a: Barraskewda|Thunder Cage|[partiallytrapped]|[silent]\n|upkeep\n|\n|t:|1700748946\n|switch|p2a: Misdreavius|Flutter Mane, shiny|100\/100\n|-enditem|p2a: Misdreavius|Booster Energy\n|-activate|p2a: Misdreavius|ability: Protosynthesis|[fromitem]\n|-start|p2a: Misdreavius|protosynthesisspe\n|turn|15\n|\n|t:|1700748958\n|move|p2a: Misdreavius|Moonblast|p1a: Barraskewda\n|-damage|p1a: Barraskewda|0 fnt\n|faint|p1a: Barraskewda\n|\n|upkeep\n|\n|t:|1700748963\n|switch|p1a: Miraidon|Miraidon|100\/100\n|-fieldstart|move: Electric Terrain|[from] ability: Hadron Engine|[of] p1a: Miraidon\n|turn|16\n|\n|t:|1700748968\n|-terastallize|p1a: Miraidon|Steel\n|move|p2a: Misdreavius|Moonblast|p1a: Miraidon\n|-resisted|p1a: Miraidon\n|-damage|p1a: Miraidon|76\/100\n|move|p1a: Miraidon|Flash Cannon|p2a: Misdreavius\n|-supereffective|p2a: Misdreavius\n|-damage|p2a: Misdreavius|0 fnt\n|faint|p2a: Misdreavius\n|-end|p2a: Misdreavius|Protosynthesis|[silent]\n|\n|upkeep\n|\n|t:|1700748972\n|switch|p2a: Ice Cat|Chien-Pao|100\/100\n|-ability|p2a: Ice Cat|Sword of Ruin\n|turn|17\n|\n|t:|1700748980\n|move|p1a: Miraidon|Flash Cannon|p2a: Ice Cat\n|-supereffective|p2a: Ice Cat\n|-enditem|p2a: Ice Cat|Focus Sash\n|-damage|p2a: Ice Cat|1\/100\n|move|p2a: Ice Cat|Sacred Sword|p1a: Miraidon\n|-supereffective|p1a: Miraidon\n|-damage|p1a: Miraidon|0 fnt\n|faint|p1a: Miraidon\n|\n|win|Anne Frankkkk\n|raw|ComeSweeetDeath's rating: 1177 &rarr; <strong>1150<\/strong><br \/>(-27 for losing)\n|raw|Anne Frankkkk's rating: 1145 &rarr; <strong>1172<\/strong><br \/>(+27 for winning)\n","uploadtime":1700748990,"views":0,"p1id":"comesweeetdeath","p2id":"annefrankkkk","formatid":"gen9ubers","rating":1150,"private":0,"password":""}