{"id":"gen9ubers-1997132249","p1":"harmony6","p2":"Theminals","format":"[Gen 9] Ubers","log":"|j|\u2606harmony6\n|j|\u2606Theminals\n|t:|1700767750\n|gametype|singles\n|player|p1|harmony6|lass-gen4dp|\n|player|p2|Theminals|depotagent|\n|teamsize|p1|6\n|teamsize|p2|6\n|gen|9\n|tier|[Gen 9] Ubers\n|rule|Sleep Clause Mod: Limit one foe put to sleep\n|rule|Species Clause: Limit one of each Pok\u00e9mon\n|rule|OHKO Clause: OHKO moves are banned\n|rule|Evasion Items Clause: Evasion items are banned\n|rule|Evasion Moves Clause: Evasion moves are banned\n|rule|Endless Battle Clause: Forcing endless battles is banned\n|rule|HP Percentage Mod: HP is shown in percentages\n|clearpoke\n|poke|p1|Zacian-*|\n|poke|p1|Magearna|\n|poke|p1|Ursaluna, M|\n|poke|p1|Orthworm, F|\n|poke|p1|Palkia-Origin|\n|poke|p1|Arceus-Poison|\n|poke|p2|Dialga|\n|poke|p2|Zacian-*|\n|poke|p2|Arceus-Fire|\n|poke|p2|Garganacl, M|\n|poke|p2|Baxcalibur, M|\n|poke|p2|Chi-Yu|\n|teampreview\n|c|\u2606harmony6|Lmao\n|c|\u2606Theminals|glhf!\n|\n|t:|1700767772\n|start\n|switch|p1a: Palkia|Palkia-Origin, shiny|100\/100\n|switch|p2a: Chi-Yu|Chi-Yu|100\/100\n|-ability|p2a: Chi-Yu|Beads of Ruin\n|-ability|p1a: Palkia|Pressure\n|turn|1\n|c|\u2606harmony6|U2\n|\n|t:|1700767788\n|switch|p2a: Dialga|Dialga|100\/100\n|-ability|p2a: Dialga|Pressure\n|move|p1a: Palkia|Hydro Pump|p2a: Dialga\n|-resisted|p2a: Dialga\n|-damage|p2a: Dialga|79\/100\n|\n|upkeep\n|turn|2\n|\n|t:|1700767809\n|switch|p1a: Magearna|Magearna|100\/100\n|move|p2a: Dialga|Earth Power|p1a: Magearna\n|-supereffective|p1a: Magearna\n|-damage|p1a: Magearna|34\/100\n|-unboost|p1a: Magearna|spd|1\n|-enditem|p1a: Magearna|Eject Pack\n|\n|t:|1700767816\n|switch|p1a: Zacian|Zacian|100\/100\n|-ability|p1a: Zacian|Intrepid Sword|boost\n|-boost|p1a: Zacian|atk|1\n|\n|upkeep\n|turn|3\n|\n|t:|1700767831\n|move|p1a: Zacian|Close Combat|p2a: Dialga\n|-supereffective|p2a: Dialga\n|-damage|p2a: Dialga|0 fnt\n|-unboost|p1a: Zacian|def|1\n|-unboost|p1a: Zacian|spd|1\n|faint|p2a: Dialga\n|\n|upkeep\n|\n|t:|1700767840\n|switch|p2a: Zacian|Zacian|100\/100\n|-ability|p2a: Zacian|Intrepid Sword|boost\n|-boost|p2a: Zacian|atk|1\n|turn|4\n|\n|t:|1700767844\n|switch|p1a: Orthworm|Orthworm, F|100\/100\n|move|p2a: Zacian|Play Rough|p1a: Orthworm\n|-resisted|p1a: Orthworm\n|-damage|p1a: Orthworm|73\/100\n|\n|upkeep\n|turn|5\n|\n|t:|1700767852\n|switch|p2a: Arceus|Arceus-Fire|100\/100\n|move|p1a: Orthworm|Shed Tail|p1a: Orthworm\n|-start|p1a: Orthworm|Substitute|[from] move: Shed Tail\n|-damage|p1a: Orthworm|23\/100\n|-enditem|p1a: Orthworm|Sitrus Berry|[eat]\n|-heal|p1a: Orthworm|48\/100|[from] item: Sitrus Berry\n|c|\u2606harmony6|The choices\n|\n|t:|1700767885\n|switch|p1a: Ursaluna|Ursaluna, M|100\/100|[from] Shed Tail\n|\n|-status|p1a: Ursaluna|brn|[from] item: Flame Orb\n|upkeep\n|turn|6\n|\n|t:|1700767894\n|-terastallize|p1a: Ursaluna|Normal\n|move|p1a: Ursaluna|Facade|p2a: Arceus\n|-damage|p2a: Arceus|0 fnt\n|faint|p2a: Arceus\n|\n|-damage|p1a: Ursaluna|94\/100 brn|[from] brn\n|upkeep\n|c|\u2606harmony6|Im faster???\n|c|\u2606harmony6|oh roar\n|\n|t:|1700767915\n|switch|p2a: Zacian|Zacian|100\/100\n|turn|7\n|\n|t:|1700767920\n|-terastallize|p2a: Zacian|Steel\n|move|p2a: Zacian|Close Combat|p1a: Ursaluna\n|-supereffective|p1a: Ursaluna\n|-end|p1a: Ursaluna|Substitute\n|-unboost|p2a: Zacian|def|1\n|-unboost|p2a: Zacian|spd|1\n|move|p1a: Ursaluna|Facade|p2a: Zacian\n|-resisted|p2a: Zacian\n|-damage|p2a: Zacian|0 fnt\n|faint|p2a: Zacian\n|\n|-damage|p1a: Ursaluna|88\/100 brn|[from] brn\n|upkeep\n|c|\u2606Theminals|Ouch\n|\n|t:|1700767934\n|switch|p2a: Garganacl|Garganacl, M|100\/100\n|turn|8\n|c|\u2606harmony6|This is power : )\n|\n|t:|1700767942\n|switch|p1a: Orthworm|Orthworm, F|48\/100\n|move|p2a: Garganacl|Iron Defense|p2a: Garganacl\n|-boost|p2a: Garganacl|def|2\n|\n|upkeep\n|turn|9\n|\n|t:|1700767955\n|move|p1a: Orthworm|Iron Defense|p1a: Orthworm\n|-boost|p1a: Orthworm|def|2\n|move|p2a: Garganacl|Salt Cure|p1a: Orthworm\n|-resisted|p1a: Orthworm\n|-damage|p1a: Orthworm|46\/100\n|-start|p1a: Orthworm|Salt Cure\n|\n|-damage|p1a: Orthworm|21\/100|[from] Salt Cure\n|upkeep\n|turn|10\n|\n|t:|1700767961\n|move|p1a: Orthworm|Body Press|p2a: Garganacl\n|-supereffective|p2a: Garganacl\n|-damage|p2a: Garganacl|66\/100\n|move|p2a: Garganacl|Salt Cure|p1a: Orthworm\n|-resisted|p1a: Orthworm\n|-damage|p1a: Orthworm|19\/100\n|\n|-heal|p2a: Garganacl|73\/100|[from] item: Leftovers\n|-damage|p1a: Orthworm|0 fnt|[from] Salt Cure\n|faint|p1a: Orthworm\n|upkeep\n|\n|t:|1700767968\n|switch|p1a: Magearna|Magearna|34\/100\n|turn|11\n|\n|t:|1700767978\n|move|p2a: Garganacl|Salt Cure|p1a: Magearna\n|-resisted|p1a: Magearna\n|-damage|p1a: Magearna|30\/100\n|-start|p1a: Magearna|Salt Cure\n|move|p1a: Magearna|Trick Room|p1a: Magearna\n|-fieldstart|move: Trick Room|[of] p1a: Magearna\n|\n|-heal|p2a: Garganacl|79\/100|[from] item: Leftovers\n|-damage|p1a: Magearna|5\/100|[from] Salt Cure\n|upkeep\n|turn|12\n|\n|t:|1700767986\n|move|p2a: Garganacl|Recover|p2a: Garganacl\n|-heal|p2a: Garganacl|100\/100\n|move|p1a: Magearna|Encore|p2a: Garganacl\n|-start|p2a: Garganacl|Encore\n|\n|-damage|p1a: Magearna|0 fnt|[from] Salt Cure\n|faint|p1a: Magearna\n|upkeep\n|\n|t:|1700767992\n|switch|p1a: Ursaluna|Ursaluna, M, tera:Normal|88\/100 brn\n|turn|13\n|\n|t:|1700767999\n|move|p1a: Ursaluna|Substitute|p1a: Ursaluna\n|-start|p1a: Ursaluna|Substitute\n|-damage|p1a: Ursaluna|64\/100 brn\n|move|p2a: Garganacl|Recover||[still]\n|-fail|p2a: Garganacl|heal\n|\n|-damage|p1a: Ursaluna|58\/100 brn|[from] brn\n|upkeep\n|turn|14\n|\n|t:|1700768002\n|move|p1a: Ursaluna|Earthquake|p2a: Garganacl\n|-supereffective|p2a: Garganacl\n|-damage|p2a: Garganacl|50\/100\n|move|p2a: Garganacl|Recover|p2a: Garganacl\n|-heal|p2a: Garganacl|99\/100\n|\n|-heal|p2a: Garganacl|100\/100|[from] item: Leftovers\n|-damage|p1a: Ursaluna|51\/100 brn|[from] brn\n|upkeep\n|turn|15\n|\n|t:|1700768005\n|move|p1a: Ursaluna|Earthquake|p2a: Garganacl\n|-supereffective|p2a: Garganacl\n|-damage|p2a: Garganacl|53\/100\n|move|p2a: Garganacl|Recover|p2a: Garganacl\n|-heal|p2a: Garganacl|100\/100\n|\n|-damage|p1a: Ursaluna|45\/100 brn|[from] brn\n|-end|p2a: Garganacl|Encore\n|-fieldend|move: Trick Room\n|upkeep\n|turn|16\n|\n|t:|1700768013\n|move|p2a: Garganacl|Body Press|p1a: Ursaluna\n|-supereffective|p1a: Ursaluna\n|-end|p1a: Ursaluna|Substitute\n|move|p1a: Ursaluna|Earthquake|p2a: Garganacl\n|-supereffective|p2a: Garganacl\n|-damage|p2a: Garganacl|57\/100\n|\n|-heal|p2a: Garganacl|64\/100|[from] item: Leftovers\n|-damage|p1a: Ursaluna|39\/100 brn|[from] brn\n|upkeep\n|turn|17\n|\n|t:|1700768021\n|switch|p1a: Arceus|Arceus-Poison|100\/100\n|move|p2a: Garganacl|Body Press|p1a: Arceus\n|-resisted|p1a: Arceus\n|-damage|p1a: Arceus|85\/100\n|\n|-heal|p2a: Garganacl|70\/100|[from] item: Leftovers\n|upkeep\n|turn|18\n|\n|t:|1700768026\n|move|p1a: Arceus|Calm Mind|p1a: Arceus\n|-boost|p1a: Arceus|spa|1\n|-boost|p1a: Arceus|spd|1\n|move|p2a: Garganacl|Salt Cure|p1a: Arceus\n|-damage|p1a: Arceus|77\/100\n|-start|p1a: Arceus|Salt Cure\n|\n|-heal|p2a: Garganacl|76\/100|[from] item: Leftovers\n|-damage|p1a: Arceus|65\/100|[from] Salt Cure\n|upkeep\n|turn|19\n|\n|t:|1700768031\n|move|p1a: Arceus|Earth Power|p2a: Garganacl\n|-supereffective|p2a: Garganacl\n|-damage|p2a: Garganacl|14\/100\n|move|p2a: Garganacl|Recover|p2a: Garganacl\n|-heal|p2a: Garganacl|64\/100\n|\n|-heal|p2a: Garganacl|70\/100|[from] item: Leftovers\n|-damage|p1a: Arceus|52\/100|[from] Salt Cure\n|upkeep\n|turn|20\n|\n|t:|1700768038\n|move|p1a: Arceus|Earth Power|p2a: Garganacl\n|-supereffective|p2a: Garganacl\n|-damage|p2a: Garganacl|0 fnt\n|faint|p2a: Garganacl\n|\n|-damage|p1a: Arceus|40\/100|[from] Salt Cure\n|upkeep\n|\n|t:|1700768047\n|switch|p2a: Baxcalibur|Baxcalibur, M|100\/100\n|turn|21\n|\n|t:|1700768053\n|move|p1a: Arceus|Judgment|p2a: Baxcalibur\n|-damage|p2a: Baxcalibur|27\/100\n|move|p2a: Baxcalibur|Scale Shot|p1a: Arceus\n|-damage|p1a: Arceus|33\/100\n|-damage|p1a: Arceus|24\/100\n|-damage|p1a: Arceus|16\/100\n|-damage|p1a: Arceus|8\/100\n|-damage|p1a: Arceus|1\/100\n|-hitcount|p1a: Arceus|5\n|-unboost|p2a: Baxcalibur|def|1\n|-boost|p2a: Baxcalibur|spe|1\n|\n|-damage|p1a: Arceus|0 fnt|[from] Salt Cure\n|faint|p1a: Arceus\n|upkeep\n|\n|t:|1700768059\n|switch|p1a: Palkia|Palkia-Origin, shiny|100\/100\n|-ability|p1a: Palkia|Pressure\n|turn|22\n|\n|t:|1700768063\n|move|p2a: Baxcalibur|Scale Shot|p1a: Palkia\n|-supereffective|p1a: Palkia\n|-damage|p1a: Palkia|66\/100\n|-supereffective|p1a: Palkia\n|-damage|p1a: Palkia|34\/100\n|-supereffective|p1a: Palkia\n|-damage|p1a: Palkia|0 fnt\n|faint|p1a: Palkia\n|-hitcount|p1: Palkia|3\n|-unboost|p2a: Baxcalibur|def|1\n|-boost|p2a: Baxcalibur|spe|1\n|\n|upkeep\n|\n|t:|1700768065\n|switch|p1a: Zacian|Zacian|100\/100\n|turn|23\n|c|\u2606harmony6|I threw\n|c|\u2606harmony6|ggs\n|\n|t:|1700768078\n|move|p2a: Baxcalibur|Earthquake|p1a: Zacian\n|-damage|p1a: Zacian|65\/100\n|move|p1a: Zacian|Sacred Sword|p2a: Baxcalibur\n|-supereffective|p2a: Baxcalibur\n|-damage|p2a: Baxcalibur|0 fnt\n|faint|p2a: Baxcalibur\n|\n|upkeep\n|\n|t:|1700768082\n|switch|p2a: Chi-Yu|Chi-Yu|100\/100\n|-ability|p2a: Chi-Yu|Beads of Ruin\n|turn|24\n|\n|t:|1700768086\n|move|p2a: Chi-Yu|Flamethrower|p1a: Zacian\n|-damage|p1a: Zacian|1\/100\n|move|p1a: Zacian|Sacred Sword|p2a: Chi-Yu\n|-supereffective|p2a: Chi-Yu\n|-damage|p2a: Chi-Yu|0 fnt\n|faint|p2a: Chi-Yu\n|\n|win|harmony6\n|c|\u2606Theminals|Noooo\n|c|\u2606harmony6|Oh\n|c|\u2606harmony6|sorry\n|l|\u2606harmony6\n|c|\u2606Theminals|gg\n","uploadtime":1700768102,"views":21,"p1id":"harmony6","p2id":"theminals","formatid":"gen9ubers","rating":0,"private":0,"password":""}