{"id":"gen9ubers-1975917790","p1":"VictiniSweeper","p2":"yomaalt","format":"[Gen 9] Ubers","log":"|j|\u2606VictiniSweeper\n|j|\u2606yomaalt\n|t:|1698249078\n|gametype|singles\n|player|p1|VictiniSweeper|iris-gen5bw2|\n|player|p2|yomaalt|265|\n|teamsize|p1|6\n|teamsize|p2|6\n|gen|9\n|tier|[Gen 9] Ubers\n|rule|Sleep Clause Mod: Limit one foe put to sleep\n|rule|Species Clause: Limit one of each Pok\u00e9mon\n|rule|OHKO Clause: OHKO moves are banned\n|rule|Evasion Items Clause: Evasion items are banned\n|rule|Evasion Moves Clause: Evasion moves are banned\n|rule|Endless Battle Clause: Forcing endless battles is banned\n|rule|HP Percentage Mod: HP is shown in percentages\n|clearpoke\n|poke|p1|Volcarona, M|\n|poke|p1|Cyclizar, M|\n|poke|p1|Roaring Moon|\n|poke|p1|Manaphy|\n|poke|p1|Dialga-Origin|\n|poke|p1|Ninetales-Alola, F|\n|poke|p2|Palkia-Origin|\n|poke|p2|Urshifu-*, M|\n|poke|p2|Shaymin-Sky|\n|poke|p2|Arceus-Flying|\n|poke|p2|Darkrai|\n|poke|p2|Zacian-*|\n|teampreview\n|inactive|Battle timer is ON: inactive players will automatically lose when time's up. (requested by VictiniSweeper)\n|\n|t:|1698249092\n|start\n|switch|p1a: Roaring Moon|Roaring Moon|100\/100\n|switch|p2a: Shaymin|Shaymin-Sky|100\/100\n|-enditem|p1a: Roaring Moon|Booster Energy\n|-activate|p1a: Roaring Moon|ability: Protosynthesis|[fromitem]\n|-start|p1a: Roaring Moon|protosynthesisspe\n|turn|1\n|\n|t:|1698249098\n|-terastallize|p2a: Shaymin|Ice\n|move|p1a: Roaring Moon|Acrobatics|p2a: Shaymin\n|-crit|p2a: Shaymin\n|-damage|p2a: Shaymin|30\/100\n|move|p2a: Shaymin|Tera Blast|p1a: Roaring Moon|[anim] Tera Blast Ice\n|-supereffective|p1a: Roaring Moon\n|-damage|p1a: Roaring Moon|0 fnt\n|faint|p1a: Roaring Moon\n|-end|p1a: Roaring Moon|Protosynthesis|[silent]\n|-damage|p2a: Shaymin|20\/100|[from] item: Life Orb\n|\n|upkeep\n|\n|t:|1698249116\n|switch|p1a: Dialga|Dialga-Origin|100\/100\n|-ability|p1a: Dialga|Pressure\n|turn|2\n|\n|t:|1698249120\n|move|p2a: Shaymin|Earth Power|p1a: Dialga\n|-supereffective|p1a: Dialga\n|-damage|p1a: Dialga|41\/100\n|-damage|p2a: Shaymin|10\/100|[from] item: Life Orb\n|move|p1a: Dialga|Stealth Rock|p2a: Shaymin\n|-sidestart|p2: yomaalt|move: Stealth Rock\n|\n|upkeep\n|turn|3\n|\n|t:|1698249127\n|move|p2a: Shaymin|Earth Power|p1a: Dialga\n|-supereffective|p1a: Dialga\n|-damage|p1a: Dialga|0 fnt\n|faint|p1a: Dialga\n|-damage|p2a: Shaymin|0 fnt|[from] item: Life Orb\n|faint|p2a: Shaymin\n|\n|upkeep\n|\n|t:|1698249141\n|switch|p2a: Darkrai|Darkrai|100\/100\n|switch|p1a: Cyclizar|Cyclizar, M|100\/100\n|-damage|p2a: Darkrai|88\/100|[from] Stealth Rock\n|turn|4\n|\n|t:|1698249147\n|move|p2a: Darkrai|Hypnosis|p1a: Cyclizar|[miss]\n|-miss|p2a: Darkrai|p1a: Cyclizar\n|move|p1a: Cyclizar|Shed Tail|p1a: Cyclizar\n|-start|p1a: Cyclizar|Substitute|[from] move: Shed Tail\n|-damage|p1a: Cyclizar|50\/100\n|c|\u2606yomaalt|damn\n|c|\u2606yomaalt|this is so sad\n|\n|t:|1698249154\n|switch|p1a: Ninetales|Ninetales-Alola, F|100\/100|[from] Shed Tail\n|-weather|Snow|[from] ability: Snow Warning|[of] p1a: Ninetales\n|\n|-weather|Snow|[upkeep]\n|-heal|p2a: Darkrai|94\/100|[from] item: Leftovers\n|upkeep\n|turn|5\n|\n|t:|1698249159\n|move|p2a: Darkrai|Nasty Plot|p2a: Darkrai\n|-boost|p2a: Darkrai|spa|2\n|move|p1a: Ninetales|Aurora Veil|p1a: Ninetales\n|-sidestart|p1: VictiniSweeper|move: Aurora Veil\n|\n|-weather|Snow|[upkeep]\n|-heal|p2a: Darkrai|99\/100|[from] item: Leftovers\n|upkeep\n|turn|6\n|\n|t:|1698249176\n|move|p2a: Darkrai|Ice Beam|p1a: Ninetales\n|-resisted|p1a: Ninetales\n|-activate|p1a: Ninetales|move: Substitute|[damage]\n|move|p1a: Ninetales|Encore|p2a: Darkrai\n|-start|p2a: Darkrai|Encore\n|\n|-weather|Snow|[upkeep]\n|-heal|p2a: Darkrai|100\/100|[from] item: Leftovers\n|upkeep\n|turn|7\n|\n|t:|1698249181\n|move|p2a: Darkrai|Ice Beam|p1a: Ninetales\n|-resisted|p1a: Ninetales\n|-end|p1a: Ninetales|Substitute\n|move|p1a: Ninetales|Moonblast|p2a: Darkrai\n|-supereffective|p2a: Darkrai\n|-damage|p2a: Darkrai|10\/100\n|\n|-weather|Snow|[upkeep]\n|-heal|p2a: Darkrai|16\/100|[from] item: Leftovers\n|upkeep\n|turn|8\n|\n|t:|1698249191\n|move|p2a: Darkrai|Ice Beam|p1a: Ninetales\n|-resisted|p1a: Ninetales\n|-crit|p1a: Ninetales\n|-damage|p1a: Ninetales|38\/100\n|move|p1a: Ninetales|Moonblast|p2a: Darkrai\n|-supereffective|p2a: Darkrai\n|-damage|p2a: Darkrai|0 fnt\n|faint|p2a: Darkrai\n|\n|-weather|none\n|upkeep\n|\n|t:|1698249210\n|switch|p2a: Palkia|Palkia-Origin|100\/100\n|-damage|p2a: Palkia|88\/100|[from] Stealth Rock\n|-ability|p2a: Palkia|Pressure\n|turn|9\n|\n|t:|1698249232\n|switch|p1a: Volcarona|Volcarona, M|100\/100\n|move|p2a: Palkia|Hydro Pump|p1a: Volcarona\n|-supereffective|p1a: Volcarona\n|-crit|p1a: Volcarona\n|-damage|p1a: Volcarona|0 fnt\n|faint|p1a: Volcarona\n|\n|upkeep\n|\n|t:|1698249242\n|switch|p1a: Cyclizar|Cyclizar, M|84\/100\n|turn|10\n|\n|t:|1698249250\n|move|p1a: Cyclizar|Shed Tail|p1a: Cyclizar\n|-start|p1a: Cyclizar|Substitute|[from] move: Shed Tail\n|-damage|p1a: Cyclizar|33\/100\n|\n|t:|1698249258\n|switch|p1a: Manaphy|Manaphy|100\/100|[from] Shed Tail\n|move|p2a: Palkia|Spacial Rend|p1a: Manaphy\n|-crit|p1a: Manaphy\n|-end|p1a: Manaphy|Substitute\n|\n|upkeep\n|turn|11\n|\n|t:|1698249268\n|move|p2a: Palkia|Spacial Rend|p1a: Manaphy\n|-crit|p1a: Manaphy\n|-damage|p1a: Manaphy|0 fnt\n|faint|p1a: Manaphy\n|\n|upkeep\n|\n|t:|1698249275\n|switch|p1a: Ninetales|Ninetales-Alola, F|38\/100\n|-weather|Snow|[from] ability: Snow Warning|[of] p1a: Ninetales\n|turn|12\n|\n|t:|1698249278\n|move|p2a: Palkia|Hydro Pump|p1a: Ninetales\n|-damage|p1a: Ninetales|0 fnt\n|faint|p1a: Ninetales\n|\n|-weather|Snow|[upkeep]\n|-sideend|p1: VictiniSweeper|move: Aurora Veil\n|upkeep\n|-message|VictiniSweeper forfeited.\n|\n|win|yomaalt\n|c|\u2606yomaalt|gg\n|l|\u2606VictiniSweeper\n|l|\u2606yomaalt\n|j|\u2606yomaalt\n|player|p2|yomaalt|265\n","uploadtime":1698249327,"views":21,"p1id":"victinisweeper","p2id":"yomaalt","formatid":"gen9ubers","rating":0,"private":0,"password":""}