{"id":"gen9ubers-1995085145","p1":"pbrake12","p2":"12YOweaboo","format":"[Gen 9] Ubers","log":"|j|\u2606pbrake12\n|j|\u260612YOweaboo\n|t:|1700520897\n|gametype|singles\n|player|p1|pbrake12|hoopster|\n|player|p2|12YOweaboo|volkner|\n|teamsize|p1|6\n|teamsize|p2|6\n|gen|9\n|tier|[Gen 9] Ubers\n|rule|Sleep Clause Mod: Limit one foe put to sleep\n|rule|Species Clause: Limit one of each Pok\u00e9mon\n|rule|OHKO Clause: OHKO moves are banned\n|rule|Evasion Items Clause: Evasion items are banned\n|rule|Evasion Moves Clause: Evasion moves are banned\n|rule|Endless Battle Clause: Forcing endless battles is banned\n|rule|HP Percentage Mod: HP is shown in percentages\n|clearpoke\n|poke|p1|Thundurus, M|\n|poke|p1|Ogerpon-Hearthflame, F|\n|poke|p1|Goodra-Hisui, F|\n|poke|p1|Samurott-Hisui, F|\n|poke|p1|Torterra, M|\n|poke|p1|Mandibuzz, F|\n|poke|p2|Greninja-*, M|\n|poke|p2|Landorus-Therian, M|\n|poke|p2|Jirachi|\n|poke|p2|Gengar, M|\n|poke|p2|Sandy Shocks|\n|poke|p2|Gallade, M|\n|teampreview\n|j| butter dk\n|c| butter dk|gm chat\n|\n|t:|1700520944\n|start\n|switch|p1a: The Dark Side|Samurott-Hisui, F|100\/100\n|switch|p2a: gar field|Landorus-Therian, M|100\/100\n|-ability|p2a: gar field|Intimidate|boost\n|-unboost|p1a: The Dark Side|atk|1\n|turn|1\n|j| strabington\n|\n|t:|1700520956\n|move|p2a: gar field|U-turn|p1a: The Dark Side\n|-supereffective|p1a: The Dark Side\n|-damage|p1a: The Dark Side|30\/100\n|c| strabington|hiiiiiiiii\n|\n|t:|1700520970\n|switch|p2a: Dabuz|Jirachi, shiny|100\/100|[from] U-turn\n|move|p1a: The Dark Side|Ceaseless Edge|p2a: Dabuz\n|-supereffective|p2a: Dabuz\n|-damage|p2a: Dabuz|41\/100\n|-sidestart|p2: 12YOweaboo|Spikes\n|\n|upkeep\n|turn|2\n|c| butter dk|ceaseless\n|c| butter dk|edge\n|c| butter dk|dude what if he clicks ceaseless edge\n|\n|t:|1700520983\n|move|p2a: Dabuz|Iron Head|p1a: The Dark Side\n|-resisted|p1a: The Dark Side\n|-damage|p1a: The Dark Side|8\/100\n|cant|p1a: The Dark Side|flinch\n|\n|upkeep\n|turn|3\n|\n|t:|1700520997\n|switch|p2a: Triedtotellem|Greninja, M|100\/100\n|-damage|p2a: Triedtotellem|88\/100|[from] Spikes\n|move|p1a: The Dark Side|Aqua Jet|p2a: Triedtotellem\n|-resisted|p2a: Triedtotellem\n|-damage|p2a: Triedtotellem|77\/100\n|\n|upkeep\n|turn|4\n|\n|t:|1700521015\n|switch|p1a: the safe place|Goodra-Hisui, F|100\/100\n|-item|p1a: the safe place|Air Balloon\n|move|p2a: Triedtotellem|Water Shuriken|p1a: the safe place\n|-resisted|p1a: the safe place\n|-damage|p1a: the safe place|97\/100\n|-enditem|p1a: the safe place|Air Balloon\n|-resisted|p1a: the safe place\n|-damage|p1a: the safe place|94\/100\n|-resisted|p1a: the safe place\n|-damage|p1a: the safe place|91\/100\n|-resisted|p1a: the safe place\n|-damage|p1a: the safe place|87\/100\n|-hitcount|p1a: the safe place|4\n|-damage|p2a: Triedtotellem|67\/100|[from] item: Life Orb\n|\n|upkeep\n|turn|5\n|\n|t:|1700521028\n|move|p2a: Triedtotellem|Ice Beam|p1a: the safe place\n|-damage|p1a: the safe place|61\/100\n|-damage|p2a: Triedtotellem|57\/100|[from] item: Life Orb\n|move|p1a: the safe place|Thunderbolt|p2a: Triedtotellem\n|-supereffective|p2a: Triedtotellem\n|-damage|p2a: Triedtotellem|0 fnt\n|faint|p2a: Triedtotellem\n|\n|upkeep\n|\n|t:|1700521058\n|switch|p2a: gar field|Landorus-Therian, M|100\/100\n|-ability|p2a: gar field|Intimidate|boost\n|-unboost|p1a: the safe place|atk|1\n|turn|6\n|\n|t:|1700521063\n|switch|p1a: doozy|Mandibuzz, F|100\/100\n|move|p2a: gar field|Hammer Arm|p1a: doozy\n|-damage|p1a: doozy|78\/100\n|-unboost|p2a: gar field|spe|1\n|\n|upkeep\n|turn|7\n|c| strabington|woah\n|\n|t:|1700521084\n|move|p2a: gar field|Rock Slide|p1a: doozy\n|-supereffective|p1a: doozy\n|-damage|p1a: doozy|49\/100\n|move|p1a: doozy|Foul Play|p2a: gar field\n|-crit|p2a: gar field\n|-damage|p2a: gar field|3\/100\n|\n|upkeep\n|turn|8\n|c| butter dk|lando doesnt have arms\n|c| butter dk|he just got feeties\n|\n|t:|1700521095\n|move|p2a: gar field|U-turn|p1a: doozy\n|-damage|p1a: doozy|33\/100\n|c| strabington|ouchie\n|c| strabington|he got toe beans!!!!\n|\n|t:|1700521111\n|switch|p2a: That aint Falco|Gengar, M, shiny|100\/100|[from] U-turn\n|-damage|p2a: That aint Falco|88\/100|[from] Spikes\n|move|p1a: doozy|Foul Play|p2a: That aint Falco\n|-supereffective|p2a: That aint Falco\n|-damage|p2a: That aint Falco|17\/100\n|-start|p1a: doozy|Disable|Foul Play|[from] ability: Cursed Body|[of] p2a: That aint Falco\n|\n|-heal|p2a: That aint Falco|23\/100|[from] item: Leftovers\n|upkeep\n|turn|9\n|\n|t:|1700521123\n|move|p2a: That aint Falco|Sludge Bomb|p1a: doozy\n|-damage|p1a: doozy|0 fnt\n|faint|p1a: doozy\n|\n|-heal|p2a: That aint Falco|29\/100|[from] item: Leftovers\n|upkeep\n|\n|t:|1700521128\n|switch|p1a: point of the mask|Ogerpon-Hearthflame, F|100\/100\n|-ability|p1a: point of the mask|Mold Breaker\n|turn|10\n|\n|t:|1700521140\n|-terastallize|p1a: point of the mask|Fire\n|detailschange|p1a: point of the mask|Ogerpon-Hearthflame-Tera, F, tera:Fire\n|-ability|p1a: point of the mask|Embody Aspect (Hearthflame)|boost\n|-boost|p1a: point of the mask|atk|1\n|move|p2a: That aint Falco|Sludge Bomb|p1a: point of the mask\n|-damage|p1a: point of the mask|49\/100\n|-status|p1a: point of the mask|psn\n|move|p1a: point of the mask|Trailblaze|p2a: That aint Falco\n|-resisted|p2a: That aint Falco\n|-damage|p2a: That aint Falco|0 fnt\n|-boost|p1a: point of the mask|spe|1\n|faint|p2a: That aint Falco\n|\n|-damage|p1a: point of the mask|37\/100 psn|[from] psn\n|upkeep\n|c| strabington|thats what the point of the mask is!\n|\n|t:|1700521166\n|switch|p2a: Sandy Shocks|Sandy Shocks, shiny|100\/100\n|-damage|p2a: Sandy Shocks|88\/100|[from] Spikes\n|-enditem|p2a: Sandy Shocks|Booster Energy\n|-activate|p2a: Sandy Shocks|ability: Protosynthesis|[fromitem]\n|-start|p2a: Sandy Shocks|protosynthesisspe\n|turn|11\n|c| butter dk|some say dream was a trailblazer\n|\n|t:|1700521176\n|switch|p1a: done with smoke|Thundurus, M|100\/100\n|move|p2a: Sandy Shocks|Stealth Rock|p1a: done with smoke\n|-sidestart|p1: pbrake12|move: Stealth Rock\n|\n|upkeep\n|turn|12\n|\n|t:|1700521195\n|move|p2a: Sandy Shocks|Thunderbolt|p1a: done with smoke\n|-damage|p1a: done with smoke|46\/100\n|move|p1a: done with smoke|Psychic|p2a: Sandy Shocks\n|-damage|p2a: Sandy Shocks|27\/100\n|\n|upkeep\n|turn|13\n|\n|t:|1700521208\n|switch|p1a: The Landmark|Torterra, M|100\/100\n|-damage|p1a: The Landmark|94\/100|[from] Stealth Rock\n|move|p2a: Sandy Shocks|Thunder Wave|p1a: The Landmark\n|-immune|p1a: The Landmark\n|\n|upkeep\n|turn|14\n|\n|t:|1700521221\n|move|p2a: Sandy Shocks|Earth Power|p1a: The Landmark\n|-resisted|p1a: The Landmark\n|-damage|p1a: The Landmark|68\/100\n|-unboost|p1a: The Landmark|spd|1\n|move|p1a: The Landmark|Seed Bomb|p2a: Sandy Shocks\n|-supereffective|p2a: Sandy Shocks\n|-damage|p2a: Sandy Shocks|0 fnt\n|faint|p2a: Sandy Shocks\n|-end|p2a: Sandy Shocks|Protosynthesis|[silent]\n|\n|upkeep\n|c| butter dk|dont do it torterra\n|c| strabington|normalize delcatty seething on the sidelines\n|c| butter dk|your bitch too bad\n|c| butter dk|theyll kill you\n|\n|t:|1700521251\n|switch|p2a: Dabuz|Jirachi, shiny|41\/100\n|-damage|p2a: Dabuz|28\/100|[from] Spikes\n|turn|15\n|\n|t:|1700521259\n|move|p2a: Dabuz|Iron Head|p1a: The Landmark\n|-damage|p1a: The Landmark|33\/100\n|cant|p1a: The Landmark|flinch\n|\n|upkeep\n|turn|16\n|\n|t:|1700521271\n|move|p2a: Dabuz|Iron Head|p1a: The Landmark\n|-damage|p1a: The Landmark|0 fnt\n|faint|p1a: The Landmark\n|\n|upkeep\n|\n|t:|1700521280\n|switch|p1a: the safe place|Goodra-Hisui, F|61\/100\n|-damage|p1a: the safe place|55\/100|[from] Stealth Rock\n|turn|17\n|\n|t:|1700521287\n|move|p2a: Dabuz|Iron Head|p1a: the safe place\n|-resisted|p1a: the safe place\n|-damage|p1a: the safe place|40\/100\n|move|p1a: the safe place|Earthquake|p2a: Dabuz\n|-supereffective|p2a: Dabuz\n|-damage|p2a: Dabuz|0 fnt\n|faint|p2a: Dabuz\n|\n|upkeep\n|\n|t:|1700521300\n|switch|p2a: gar field|Landorus-Therian, M|3\/100\n|-ability|p2a: gar field|Intimidate|boost\n|-unboost|p1a: the safe place|atk|1\n|turn|18\n|\n|t:|1700521306\n|move|p2a: gar field|Earthquake|p1a: the safe place\n|-supereffective|p1a: the safe place\n|-damage|p1a: the safe place|0 fnt\n|faint|p1a: the safe place\n|\n|upkeep\n|\n|t:|1700521312\n|switch|p1a: done with smoke|Thundurus, M|46\/100\n|-damage|p1a: done with smoke|22\/100|[from] Stealth Rock\n|turn|19\n|\n|t:|1700521323\n|move|p2a: gar field|Rock Slide|p1a: done with smoke\n|-supereffective|p1a: done with smoke\n|-damage|p1a: done with smoke|0 fnt\n|faint|p1a: done with smoke\n|\n|upkeep\n|\n|t:|1700521326\n|switch|p1a: point of the mask|Ogerpon-Hearthflame-Tera, F, tera:Fire|37\/100 psn\n|-damage|p1a: point of the mask|12\/100 psn|[from] Stealth Rock\n|-ability|p1a: point of the mask|Embody Aspect (Hearthflame)|boost\n|-boost|p1a: point of the mask|atk|1\n|turn|20\n|c| strabington|monka...\n|\n|t:|1700521342\n|move|p1a: point of the mask|Trailblaze|p2a: gar field\n|-damage|p2a: gar field|0 fnt\n|-boost|p1a: point of the mask|spe|1\n|faint|p2a: gar field\n|\n|-damage|p1a: point of the mask|0 fnt|[from] psn\n|faint|p1a: point of the mask\n|upkeep\n|\n|t:|1700521353\n|switch|p1a: The Dark Side|Samurott-Hisui, F|8\/100\n|switch|p2a: Glade|Gallade, M|100\/100\n|-damage|p2a: Glade|88\/100|[from] Spikes\n|-damage|p1a: The Dark Side|0 fnt|[from] Stealth Rock\n|faint|p1a: The Dark Side\n|\n|win|12YOweaboo\n|c| butter dk|glade w\n|c| butter dk|TIGHT BATTLE\n","uploadtime":1700521363,"views":15,"p1id":"pbrake12","p2id":"12yoweaboo","formatid":"gen9ubers","rating":0,"private":0,"password":""}