{"id":"gen9ubers-1989215282","p1":"Matroprise","p2":"hmnikebab","format":"[Gen 9] Ubers","log":"|j|\u2606Matroprise\n|j|\u2606hmnikebab\n|t:|1699824293\n|gametype|singles\n|player|p1|Matroprise|n-masters|\n|player|p2|hmnikebab|iris|\n|teamsize|p1|6\n|teamsize|p2|6\n|gen|9\n|tier|[Gen 9] Ubers\n|rule|Sleep Clause Mod: Limit one foe put to sleep\n|rule|Species Clause: Limit one of each Pok\u00e9mon\n|rule|OHKO Clause: OHKO moves are banned\n|rule|Evasion Items Clause: Evasion items are banned\n|rule|Evasion Moves Clause: Evasion moves are banned\n|rule|Endless Battle Clause: Forcing endless battles is banned\n|rule|HP Percentage Mod: HP is shown in percentages\n|clearpoke\n|poke|p1|Gholdengo|\n|poke|p1|Rillaboom, F|\n|poke|p1|Hatterene, F|\n|poke|p1|Zamazenta-*|\n|poke|p1|Sneasler, F|\n|poke|p1|Ursaluna, M|\n|poke|p2|Manaphy|\n|poke|p2|Rillaboom, M|\n|poke|p2|Sneasler, M|\n|poke|p2|Weavile, F|\n|poke|p2|Kingambit, M|\n|poke|p2|Iron Moth|\n|teampreview\n|c|\u2606Matroprise|hf\n|c|\u2606hmnikebab|hf guys\n|j| supremejohnson\n|inactive|Battle timer is ON: inactive players will automatically lose when time's up. (requested by hmnikebab)\n|\n|t:|1699824369\n|start\n|switch|p1a: Ursaluna|Ursaluna, M|100\/100\n|switch|p2a: Weavile|Weavile, F|100\/100\n|turn|1\n|inactive|Matroprise has 270 seconds left.\n|inactive|hmnikebab has 270 seconds left.\n|inactive|Matroprise has 240 seconds left.\n|\n|t:|1699824452\n|switch|p1a: Zamazenta|Zamazenta|100\/100\n|-ability|p1a: Zamazenta|Dauntless Shield|boost\n|-boost|p1a: Zamazenta|def|1\n|move|p2a: Weavile|Swords Dance|p2a: Weavile\n|-boost|p2a: Weavile|atk|2\n|\n|upkeep\n|turn|2\n|inactive|Matroprise has 210 seconds left.\n|inactive|Matroprise has 180 seconds left.\n|\n|t:|1699824505\n|move|p1a: Zamazenta|Iron Defense|p1a: Zamazenta\n|-boost|p1a: Zamazenta|def|2\n|move|p2a: Weavile|Icicle Crash|p1a: Zamazenta\n|-damage|p1a: Zamazenta|78\/100\n|\n|-heal|p1a: Zamazenta|84\/100|[from] item: Leftovers\n|upkeep\n|turn|3\n|inactive|Matroprise has 180 seconds left.\n|inactive|hmnikebab has 240 seconds left.\n|inactive|Matroprise has 150 seconds left.\n|inactive|hmnikebab has 210 seconds left.\n|\n|t:|1699824557\n|move|p1a: Zamazenta|Body Press|p2a: Weavile\n|-supereffective|p2a: Weavile\n|-enditem|p2a: Weavile|Focus Sash\n|-damage|p2a: Weavile|1\/100\n|-enditem|p1a: Zamazenta|Leftovers|[silent]|[from] ability: Pickpocket|[of] p1a: Zamazenta\n|-item|p2a: Weavile|Leftovers|[from] ability: Pickpocket|[of] p1a: Zamazenta\n|move|p2a: Weavile|Icicle Crash|p1a: Zamazenta\n|-damage|p1a: Zamazenta|60\/100\n|\n|-heal|p2a: Weavile|7\/100|[from] item: Leftovers\n|upkeep\n|turn|4\n|inactive|Matroprise has 150 seconds left.\n|c|\u2606Matroprise|oh\n|inactive|hmnikebab has 210 seconds left.\n|c|\u2606Matroprise|goat\n|c|\u2606hmnikebab|From the future\n|\n|t:|1699824594\n|move|p2a: Weavile|Ice Shard|p1a: Zamazenta\n|-damage|p1a: Zamazenta|48\/100\n|move|p1a: Zamazenta|Crunch|p2a: Weavile\n|-resisted|p2a: Weavile\n|-damage|p2a: Weavile|0 fnt\n|faint|p2a: Weavile\n|\n|upkeep\n|inactive|hmnikebab has 180 seconds left.\n|\n|t:|1699824614\n|switch|p2a: Iron Moth|Iron Moth|100\/100\n|-enditem|p2a: Iron Moth|Booster Energy\n|-activate|p2a: Iron Moth|ability: Quark Drive|[fromitem]\n|-start|p2a: Iron Moth|quarkdrivespe\n|turn|5\n|inactive|Matroprise has 150 seconds left.\n|inactive|Matroprise has 120 seconds left.\n|inactive|Matroprise has 90 seconds left.\n|inactive|Matroprise has 60 seconds left.\n|j| DonSalvatore\n|\n|t:|1699824727\n|move|p2a: Iron Moth|Psychic|p1a: Zamazenta\n|-supereffective|p1a: Zamazenta\n|-damage|p1a: Zamazenta|3\/100\n|move|p1a: Zamazenta|Body Press|p2a: Iron Moth\n|-resisted|p2a: Iron Moth\n|-damage|p2a: Iron Moth|41\/100\n|\n|upkeep\n|turn|6\n|inactive|hmnikebab has 180 seconds left.\n|l| DonSalvatore\n|\n|t:|1699824735\n|move|p2a: Iron Moth|Fiery Dance|p1a: Zamazenta\n|-damage|p1a: Zamazenta|0 fnt\n|faint|p1a: Zamazenta\n|\n|upkeep\n|inactive|Matroprise has 60 seconds left.\n|\n|t:|1699824755\n|switch|p1a: Ursaluna|Ursaluna, M|100\/100\n|turn|7\n|inactive|hmnikebab has 180 seconds left.\n|\n|t:|1699824777\n|-end|p2a: Iron Moth|Quark Drive|[silent]\n|switch|p2a: Rillaboom|Rillaboom, M|100\/100\n|-fieldstart|move: Grassy Terrain|[from] ability: Grassy Surge|[of] p2a: Rillaboom\n|move|p1a: Ursaluna|Facade|p2a: Rillaboom\n|-damage|p2a: Rillaboom|61\/100\n|\n|-heal|p2a: Rillaboom|67\/100|[from] Grassy Terrain\n|-status|p1a: Ursaluna|brn|[from] item: Flame Orb\n|upkeep\n|turn|8\n|inactive|hmnikebab has 180 seconds left.\n|inactive|Matroprise has 30 seconds left.\n|inactive|hmnikebab has 150 seconds left.\n|inactive|Matroprise has 20 seconds left.\n|inactive|Matroprise has 15 seconds left.\n|inactive|Matroprise has 10 seconds left.\n|inactive|Matroprise has 5 seconds left.\n|inactive|hmnikebab has 120 seconds left.\n|\n|t:|1699824871\n|switch|p1a: Gholdengo|Gholdengo|100\/100\n|-item|p1a: Gholdengo|Air Balloon\n|move|p2a: Rillaboom|Wood Hammer|p1a: Gholdengo\n|-resisted|p1a: Gholdengo\n|-damage|p1a: Gholdengo|52\/100\n|-enditem|p1a: Gholdengo|Air Balloon\n|-damage|p2a: Rillaboom|53\/100|[from] Recoil\n|\n|-heal|p1a: Gholdengo|58\/100|[from] Grassy Terrain\n|-heal|p2a: Rillaboom|59\/100|[from] Grassy Terrain\n|upkeep\n|turn|9\n|inactive|Matroprise has 15 seconds left this turn.\n|inactive|Matroprise has 10 seconds left.\n|inactive|Matroprise has 5 seconds left.\n|\n|t:|1699824884\n|switch|p2a: Kingambit|Kingambit, M|100\/100\n|-activate|p2a: Kingambit|ability: Supreme Overlord\n|-start|p2a: Kingambit|fallen1|[silent]\n|move|p1a: Gholdengo|Shadow Ball|p2a: Kingambit\n|-resisted|p2a: Kingambit\n|-damage|p2a: Kingambit|78\/100\n|\n|-heal|p1a: Gholdengo|64\/100|[from] Grassy Terrain\n|-heal|p2a: Kingambit|84\/100|[from] Grassy Terrain\n|-heal|p2a: Kingambit|90\/100|[from] item: Leftovers\n|upkeep\n|turn|10\n|inactive|Matroprise has 15 seconds left this turn.\n|inactive|Matroprise has 10 seconds left.\n|inactive|hmnikebab has 90 seconds left.\n|inactive|hmnikebab has 60 seconds left.\n|\n|t:|1699824937\n|-end|p2a: Kingambit|fallen1|[silent]\n|switch|p2a: Rillaboom|Rillaboom, M|59\/100\n|move|p1a: Gholdengo|Dazzling Gleam|p2a: Rillaboom\n|-damage|p2a: Rillaboom|24\/100\n|\n|-heal|p1a: Gholdengo|70\/100|[from] Grassy Terrain\n|-heal|p2a: Rillaboom|30\/100|[from] Grassy Terrain\n|upkeep\n|turn|11\n|inactive|Matroprise has 20 seconds left this turn.\n|inactive|Matroprise has 15 seconds left.\n|inactive|hmnikebab has 60 seconds left.\n|inactive|Matroprise has 10 seconds left.\n|\n|t:|1699824948\n|switch|p2a: Kingambit|Kingambit, M|90\/100\n|-activate|p2a: Kingambit|ability: Supreme Overlord\n|-start|p2a: Kingambit|fallen1|[silent]\n|move|p1a: Gholdengo|Dazzling Gleam|p2a: Kingambit\n|-damage|p2a: Kingambit|59\/100\n|\n|-heal|p1a: Gholdengo|76\/100|[from] Grassy Terrain\n|-heal|p2a: Kingambit|66\/100|[from] Grassy Terrain\n|-heal|p2a: Kingambit|72\/100|[from] item: Leftovers\n|upkeep\n|turn|12\n|inactive|Matroprise has 20 seconds left this turn.\n|inactive|Matroprise has 15 seconds left.\n|inactive|Matroprise has 10 seconds left.\n|\n|t:|1699824960\n|move|p1a: Gholdengo|Dazzling Gleam|p2a: Kingambit\n|-damage|p2a: Kingambit|38\/100\n|move|p2a: Kingambit|Kowtow Cleave|p1a: Gholdengo\n|-supereffective|p1a: Gholdengo\n|-damage|p1a: Gholdengo|0 fnt\n|faint|p1a: Gholdengo\n|\n|-heal|p2a: Kingambit|44\/100|[from] Grassy Terrain\n|-heal|p2a: Kingambit|51\/100|[from] item: Leftovers\n|upkeep\n|inactive|Matroprise has 15 seconds left this turn.\n|inactive|Matroprise has 10 seconds left.\n|inactive|Matroprise has 5 seconds left.\n|\n|t:|1699824971\n|switch|p1a: Ursaluna|Ursaluna, M|100\/100 brn\n|turn|13\n|inactive|Matroprise has 15 seconds left this turn.\n|inactive|hmnikebab has 60 seconds left.\n|\n|t:|1699824991\n|move|p2a: Kingambit|Iron Head|p1a: Ursaluna\n|-damage|p1a: Ursaluna|66\/100 brn\n|move|p1a: Ursaluna|Headlong Rush|p2a: Kingambit\n|-supereffective|p2a: Kingambit\n|-damage|p2a: Kingambit|0 fnt\n|-unboost|p1a: Ursaluna|def|1\n|-unboost|p1a: Ursaluna|spd|1\n|faint|p2a: Kingambit\n|-end|p2a: Kingambit|fallen1|[silent]\n|\n|-heal|p1a: Ursaluna|72\/100 brn|[from] Grassy Terrain\n|-damage|p1a: Ursaluna|66\/100 brn|[from] brn\n|upkeep\n|inactive|Matroprise has 20 seconds left this turn.\n|inactive|hmnikebab has 60 seconds left.\n|\n|t:|1699825008\n|switch|p2a: Manaphy|Manaphy|100\/100\n|turn|14\n|inactive|Matroprise has 30 seconds left this turn.\n|inactive|Matroprise has 20 seconds left.\n|inactive|Matroprise has 15 seconds left.\n|inactive|hmnikebab has 30 seconds left.\n|inactive|Matroprise has 10 seconds left.\n|inactive|Matroprise has 5 seconds left.\n|\n|t:|1699825054\n|switch|p1a: Rillaboom|Rillaboom, F|100\/100\n|move|p2a: Manaphy|Surf|p1a: Rillaboom\n|-resisted|p1a: Rillaboom\n|-damage|p1a: Rillaboom|74\/100\n|\n|-heal|p1a: Rillaboom|80\/100|[from] Grassy Terrain\n|-fieldend|move: Grassy Terrain\n|upkeep\n|turn|15\n|inactive|Matroprise has 15 seconds left this turn.\n|inactive|Matroprise has 10 seconds left.\n|inactive|hmnikebab has 30 seconds left.\n|\n|t:|1699825069\n|switch|p2a: Iron Moth|Iron Moth|41\/100\n|move|p1a: Rillaboom|U-turn|p2a: Iron Moth\n|-resisted|p2a: Iron Moth\n|-damage|p2a: Iron Moth|28\/100\n|inactive|Matroprise has 15 seconds left this turn.\n|inactive|Matroprise has 10 seconds left.\n|inactive|Matroprise has 5 seconds left.\n|\n|t:|1699825081\n|switch|p1a: Ursaluna|Ursaluna, M|66\/100 brn|[from] U-turn\n|\n|-damage|p1a: Ursaluna|60\/100 brn|[from] brn\n|upkeep\n|turn|16\n|inactive|Matroprise has 15 seconds left this turn.\n|inactive|hmnikebab has 30 seconds left.\n|\n|t:|1699825101\n|move|p2a: Iron Moth|Fiery Dance|p1a: Ursaluna\n|-damage|p1a: Ursaluna|17\/100 brn\n|move|p1a: Ursaluna|Facade|p2a: Iron Moth\n|-damage|p2a: Iron Moth|0 fnt\n|faint|p2a: Iron Moth\n|-end|p2a: Iron Moth|Quark Drive|[silent]\n|\n|-damage|p1a: Ursaluna|11\/100 brn|[from] brn\n|upkeep\n|inactive|Matroprise has 20 seconds left this turn.\n|\n|t:|1699825105\n|switch|p2a: Manaphy|Manaphy|100\/100\n|turn|17\n|inactive|Matroprise has 30 seconds left this turn.\n|\n|t:|1699825113\n|move|p2a: Manaphy|Ice Beam|p1a: Ursaluna\n|-supereffective|p1a: Ursaluna\n|-damage|p1a: Ursaluna|0 fnt\n|faint|p1a: Ursaluna\n|\n|upkeep\n|inactive|Matroprise has 30 seconds left this turn.\n|inactive|Matroprise has 20 seconds left.\n|\n|t:|1699825125\n|switch|p1a: Rillaboom|Rillaboom, F|80\/100\n|-fieldstart|move: Grassy Terrain|[from] ability: Grassy Surge|[of] p1a: Rillaboom\n|turn|18\n|inactive|Matroprise has 30 seconds left this turn.\n|inactive|Matroprise has 20 seconds left.\n|inactive|Matroprise has 15 seconds left.\n|\n|t:|1699825141\n|move|p2a: Manaphy|Tail Glow|p2a: Manaphy\n|-boost|p2a: Manaphy|spa|3\n|move|p1a: Rillaboom|Wood Hammer|p2a: Manaphy\n|-supereffective|p2a: Manaphy\n|-damage|p2a: Manaphy|0 fnt\n|faint|p2a: Manaphy\n|-damage|p1a: Rillaboom|46\/100|[from] Recoil\n|\n|-heal|p1a: Rillaboom|52\/100|[from] Grassy Terrain\n|upkeep\n|inactive|Matroprise has 20 seconds left this turn.\n|\n|t:|1699825146\n|switch|p2a: Sneasler|Sneasler, M|100\/100\n|-enditem|p2a: Sneasler|Grassy Seed\n|-boost|p2a: Sneasler|def|1|[from] item: Grassy Seed\n|turn|19\n|inactive|Matroprise has 30 seconds left this turn.\n|\n|t:|1699825162\n|move|p2a: Sneasler|Swords Dance|p2a: Sneasler\n|-boost|p2a: Sneasler|atk|2\n|move|p1a: Rillaboom|Wood Hammer|p2a: Sneasler\n|-resisted|p2a: Sneasler\n|-damage|p2a: Sneasler|20\/100\n|-damage|p1a: Rillaboom|29\/100|[from] Recoil\n|\n|-heal|p2a: Sneasler|26\/100|[from] Grassy Terrain\n|-heal|p1a: Rillaboom|35\/100|[from] Grassy Terrain\n|upkeep\n|turn|20\n|inactive|Matroprise has 30 seconds left.\n|inactive|Matroprise has 20 seconds left.\n|inactive|Matroprise has 15 seconds left.\n|inactive|hmnikebab has 30 seconds left.\n|inactive|hmnikebab has 20 seconds left.\n|inactive|Matroprise has 10 seconds left.\n|inactive|hmnikebab has 15 seconds left.\n|\n|t:|1699825224\n|switch|p1a: Hatterene|Hatterene, F|100\/100\n|move|p2a: Sneasler|Swords Dance|p2a: Sneasler\n|-boost|p2a: Sneasler|atk|2\n|\n|-heal|p2a: Sneasler|32\/100|[from] Grassy Terrain\n|upkeep\n|turn|21\n|inactive|Matroprise has 20 seconds left this turn.\n|inactive|hmnikebab has 25 seconds left this turn.\n|inactive|hmnikebab has 20 seconds left.\n|\n|t:|1699825231\n|move|p2a: Sneasler|Dire Claw|p1a: Hatterene\n|-supereffective|p1a: Hatterene\n|-damage|p1a: Hatterene|0 fnt\n|faint|p1a: Hatterene\n|\n|-heal|p2a: Sneasler|38\/100|[from] Grassy Terrain\n|upkeep\n|inactive|Matroprise has 25 seconds left this turn.\n|inactive|hmnikebab has 25 seconds left this turn.\n|inactive|Matroprise has 20 seconds left.\n|inactive|Matroprise has 15 seconds left.\n|\n|t:|1699825246\n|switch|p1a: Rillaboom|Rillaboom, F|35\/100\n|turn|22\n|inactive|Matroprise has 25 seconds left this turn.\n|inactive|hmnikebab has 30 seconds left.\n|inactive|hmnikebab has 20 seconds left.\n|\n|t:|1699825264\n|-terastallize|p1a: Rillaboom|Grass\n|move|p1a: Rillaboom|Grassy Glide|p2a: Sneasler\n|-resisted|p2a: Sneasler\n|-damage|p2a: Sneasler|0 fnt\n|faint|p2a: Sneasler\n|\n|-heal|p1a: Rillaboom|41\/100|[from] Grassy Terrain\n|-fieldend|move: Grassy Terrain\n|upkeep\n|inactive|Matroprise has 30 seconds left this turn.\n|inactive|hmnikebab has 25 seconds left this turn.\n|\n|t:|1699825267\n|switch|p2a: Rillaboom|Rillaboom, M|30\/100\n|-fieldstart|move: Grassy Terrain|[from] ability: Grassy Surge|[of] p2a: Rillaboom\n|turn|23\n|inactive|hmnikebab has 30 seconds left.\n|\n|t:|1699825274\n|move|p1a: Rillaboom|Grassy Glide|p2a: Rillaboom\n|-resisted|p2a: Rillaboom\n|-damage|p2a: Rillaboom|0 fnt\n|faint|p2a: Rillaboom\n|\n|win|Matroprise\n|c|\u2606hmnikebab|gg\n|c|\u2606hmnikebab|gg\n|l|\u2606hmnikebab\n|c|\u2606Matroprise|gg\n|l| supremejohnson\n|j|+Unamed\n|l|+Unamed\n|j| Umberto_test\n|j| boy of miracles\n|l| Umberto_test\n|l| boy of miracles\n","uploadtime":1699826932,"views":31,"p1id":"matroprise","p2id":"hmnikebab","formatid":"gen9ubers","rating":0,"private":0,"password":""}