{"id":"gen9ubers-1988458697","p1":"1P1o1s1h1e1","p2":"Nitro524","format":"[Gen 9] Ubers","log":"|j|\u26061P1o1s1h1e1\n|j|\u2606Nitro524\n|t:|1699725143\n|gametype|singles\n|player|p1|1P1o1s1h1e1|170|\n|player|p2|Nitro524|hilbert|\n|teamsize|p1|6\n|teamsize|p2|6\n|gen|9\n|tier|[Gen 9] Ubers\n|rule|Sleep Clause Mod: Limit one foe put to sleep\n|rule|Species Clause: Limit one of each Pok\u00e9mon\n|rule|OHKO Clause: OHKO moves are banned\n|rule|Evasion Items Clause: Evasion items are banned\n|rule|Evasion Moves Clause: Evasion moves are banned\n|rule|Endless Battle Clause: Forcing endless battles is banned\n|rule|HP Percentage Mod: HP is shown in percentages\n|clearpoke\n|poke|p1|Rillaboom, M|\n|poke|p1|Espathra, F|\n|poke|p1|Sneasler, F|\n|poke|p1|Magearna|\n|poke|p1|Cyclizar, F|\n|poke|p1|Arceus-Fire|\n|poke|p2|Torkoal, F|\n|poke|p2|Chi-Yu|\n|poke|p2|Shaymin-Sky|\n|poke|p2|Arceus-Fire|\n|poke|p2|Roaring Moon|\n|poke|p2|Walking Wake|\n|teampreview\n|inactive|Battle timer is ON: inactive players will automatically lose when time's up. (requested by Nitro524)\n|c|\u2606Nitro524|glhf\n|c|\u26061P1o1s1h1e1|u2\n|\n|t:|1699725164\n|start\n|switch|p1a: Cyclizar|Cyclizar, F|100\/100\n|switch|p2a: Bring The Sun|Torkoal, F|100\/100\n|-weather|SunnyDay|[from] ability: Drought|[of] p2a: Bring The Sun\n|turn|1\n|\n|t:|1699725174\n|move|p1a: Cyclizar|Shed Tail|p1a: Cyclizar\n|-start|p1a: Cyclizar|Substitute|[from] move: Shed Tail\n|-damage|p1a: Cyclizar|50\/100\n|\n|t:|1699725177\n|switch|p1a: Arceus|Arceus-Fire|100\/100|[from] Shed Tail\n|move|p2a: Bring The Sun|Stealth Rock|p1a: Arceus\n|-sidestart|p1: 1P1o1s1h1e1|move: Stealth Rock\n|\n|-weather|SunnyDay|[upkeep]\n|upkeep\n|turn|2\n|\n|t:|1699725188\n|switch|p2a: Sitting Sleep|Walking Wake|100\/100\n|-activate|p2a: Sitting Sleep|ability: Protosynthesis\n|-start|p2a: Sitting Sleep|protosynthesisspe\n|move|p1a: Arceus|Calm Mind|p1a: Arceus\n|-boost|p1a: Arceus|spa|1\n|-boost|p1a: Arceus|spd|1\n|\n|-weather|SunnyDay|[upkeep]\n|upkeep\n|turn|3\n|inactive|1P1o1s1h1e1 has 270 seconds left.\n|\n|t:|1699725219\n|-terastallize|p1a: Arceus|Ground\n|move|p2a: Sitting Sleep|Hydro Steam|p1a: Arceus\n|-supereffective|p1a: Arceus\n|-crit|p1a: Arceus\n|-end|p1a: Arceus|Substitute\n|move|p1a: Arceus|Earth Power|p2a: Sitting Sleep\n|-damage|p2a: Sitting Sleep|41\/100\n|\n|-weather|SunnyDay|[upkeep]\n|upkeep\n|turn|4\n|\n|t:|1699725229\n|move|p2a: Sitting Sleep|Hydro Steam|p1a: Arceus\n|-supereffective|p1a: Arceus\n|-damage|p1a: Arceus|19\/100\n|move|p1a: Arceus|Earth Power|p2a: Sitting Sleep\n|-damage|p2a: Sitting Sleep|0 fnt\n|faint|p2a: Sitting Sleep\n|-end|p2a: Sitting Sleep|Protosynthesis|[silent]\n|\n|-weather|SunnyDay|[upkeep]\n|upkeep\n|\n|t:|1699725246\n|switch|p2a: Clover|Shaymin-Sky|100\/100\n|turn|5\n|\n|t:|1699725262\n|move|p2a: Clover|Seed Flare|p1a: Arceus|[miss]\n|-miss|p2a: Clover|p1a: Arceus\n|move|p1a: Arceus|Judgment|p2a: Clover\n|-supereffective|p2a: Clover\n|-damage|p2a: Clover|0 fnt\n|faint|p2a: Clover\n|\n|-weather|SunnyDay|[upkeep]\n|upkeep\n|\n|t:|1699725270\n|switch|p2a: Did Not Smile Back|Chi-Yu|100\/100\n|-ability|p2a: Did Not Smile Back|Beads of Ruin\n|turn|6\n|\n|t:|1699725284\n|move|p2a: Did Not Smile Back|Flamethrower|p1a: Arceus\n|-damage|p1a: Arceus|0 fnt\n|faint|p1a: Arceus\n|\n|-weather|SunnyDay|[upkeep]\n|upkeep\n|\n|t:|1699725300\n|switch|p1a: Rillaboom|Rillaboom, M|100\/100\n|-damage|p1a: Rillaboom|88\/100|[from] Stealth Rock\n|-fieldstart|move: Grassy Terrain|[from] ability: Grassy Surge|[of] p1a: Rillaboom\n|turn|7\n|\n|t:|1699725311\n|switch|p1a: Magearna|Magearna|100\/100\n|-damage|p1a: Magearna|94\/100|[from] Stealth Rock\n|-enditem|p1a: Magearna|Grassy Seed\n|-boost|p1a: Magearna|def|1|[from] item: Grassy Seed\n|move|p2a: Did Not Smile Back|Flamethrower|p1a: Magearna\n|-supereffective|p1a: Magearna\n|-damage|p1a: Magearna|0 fnt\n|faint|p1a: Magearna\n|\n|-weather|SunnyDay|[upkeep]\n|upkeep\n|\n|t:|1699725318\n|switch|p1a: Sneasler|Sneasler, F, shiny|100\/100\n|-damage|p1a: Sneasler|95\/100|[from] Stealth Rock\n|-enditem|p1a: Sneasler|Grassy Seed\n|-boost|p1a: Sneasler|def|1|[from] item: Grassy Seed\n|turn|8\n|\n|t:|1699725336\n|move|p1a: Sneasler|Close Combat|p2a: Did Not Smile Back\n|-supereffective|p2a: Did Not Smile Back\n|-damage|p2a: Did Not Smile Back|0 fnt\n|-unboost|p1a: Sneasler|def|1\n|-unboost|p1a: Sneasler|spd|1\n|faint|p2a: Did Not Smile Back\n|\n|-weather|none\n|-heal|p1a: Sneasler|100\/100|[from] Grassy Terrain\n|upkeep\n|\n|t:|1699725344\n|switch|p2a: Bring The Sun|Torkoal, F|100\/100\n|-weather|SunnyDay|[from] ability: Drought|[of] p2a: Bring The Sun\n|turn|9\n|\n|t:|1699725362\n|move|p1a: Sneasler|Dire Claw|p2a: Bring The Sun\n|-damage|p2a: Bring The Sun|74\/100\n|move|p2a: Bring The Sun|Yawn|p1a: Sneasler\n|-start|p1a: Sneasler|move: Yawn|[of] p2a: Bring The Sun\n|\n|-weather|SunnyDay|[upkeep]\n|-heal|p2a: Bring The Sun|80\/100|[from] Grassy Terrain\n|upkeep\n|turn|10\n|\n|t:|1699725375\n|move|p1a: Sneasler|Close Combat|p2a: Bring The Sun\n|-damage|p2a: Bring The Sun|42\/100\n|-unboost|p1a: Sneasler|def|1\n|-unboost|p1a: Sneasler|spd|1\n|move|p2a: Bring The Sun|Lava Plume|p1a: Sneasler\n|-damage|p1a: Sneasler|0 fnt\n|faint|p1a: Sneasler\n|\n|-weather|SunnyDay|[upkeep]\n|-heal|p2a: Bring The Sun|48\/100|[from] Grassy Terrain\n|upkeep\n|\n|t:|1699725383\n|switch|p1a: Cyclizar|Cyclizar, F|84\/100\n|turn|11\n|\n|t:|1699725404\n|move|p1a: Cyclizar|Shed Tail|p1a: Cyclizar\n|-start|p1a: Cyclizar|Substitute|[from] move: Shed Tail\n|-damage|p1a: Cyclizar|33\/100\n|\n|t:|1699725407\n|switch|p1a: Espathra|Espathra, F|100\/100|[from] Shed Tail\n|-damage|p1a: Espathra|88\/100|[from] Stealth Rock\n|-enditem|p1a: Espathra|Grassy Seed\n|-boost|p1a: Espathra|def|1|[from] item: Grassy Seed\n|move|p2a: Bring The Sun|Lava Plume|p1a: Espathra\n|-crit|p1a: Espathra\n|-end|p1a: Espathra|Substitute\n|\n|-weather|SunnyDay|[upkeep]\n|-heal|p1a: Espathra|94\/100|[from] Grassy Terrain\n|-heal|p2a: Bring The Sun|54\/100|[from] Grassy Terrain\n|-fieldend|move: Grassy Terrain\n|upkeep\n|turn|12\n|\n|t:|1699725422\n|switch|p2a: Hector Salamanca|Roaring Moon|100\/100\n|-activate|p2a: Hector Salamanca|ability: Protosynthesis\n|-start|p2a: Hector Salamanca|protosynthesisspe\n|move|p1a: Espathra|Protect||[still]\n|-fail|p1a: Espathra\n|\n|-weather|SunnyDay|[upkeep]\n|-ability|p1a: Espathra|Speed Boost|boost\n|-boost|p1a: Espathra|spe|1\n|upkeep\n|turn|13\n|\n|t:|1699725445\n|move|p2a: Hector Salamanca|Dragon Dance|p2a: Hector Salamanca\n|-boost|p2a: Hector Salamanca|atk|1\n|-boost|p2a: Hector Salamanca|spe|1\n|move|p1a: Espathra|Dazzling Gleam|p2a: Hector Salamanca\n|-supereffective|p2a: Hector Salamanca\n|-damage|p2a: Hector Salamanca|36\/100\n|\n|-weather|SunnyDay|[upkeep]\n|-ability|p1a: Espathra|Speed Boost|boost\n|-boost|p1a: Espathra|spe|1\n|upkeep\n|turn|14\n|inactive|Nitro524 has 270 seconds left.\n|\n|t:|1699725460\n|-terastallize|p2a: Hector Salamanca|Steel\n|move|p1a: Espathra|Protect|p1a: Espathra\n|-singleturn|p1a: Espathra|Protect\n|move|p2a: Hector Salamanca|Dragon Dance|p2a: Hector Salamanca\n|-boost|p2a: Hector Salamanca|atk|1\n|-boost|p2a: Hector Salamanca|spe|1\n|\n|-weather|SunnyDay|[upkeep]\n|-ability|p1a: Espathra|Speed Boost|boost\n|-boost|p1a: Espathra|spe|1\n|upkeep\n|turn|15\n|\n|t:|1699725469\n|move|p2a: Hector Salamanca|Knock Off|p1a: Espathra\n|-supereffective|p1a: Espathra\n|-damage|p1a: Espathra|2\/100\n|move|p1a: Espathra|Stored Power|p2a: Hector Salamanca\n|-resisted|p2a: Hector Salamanca\n|-crit|p2a: Hector Salamanca\n|-damage|p2a: Hector Salamanca|10\/100\n|\n|-weather|SunnyDay|[upkeep]\n|-ability|p1a: Espathra|Speed Boost|boost\n|-boost|p1a: Espathra|spe|1\n|upkeep\n|turn|16\n|inactive|Nitro524 has 270 seconds left.\n|\n|t:|1699725503\n|move|p1a: Espathra|Protect|p1a: Espathra\n|-singleturn|p1a: Espathra|Protect\n|move|p2a: Hector Salamanca|Knock Off|p1a: Espathra\n|-activate|p1a: Espathra|move: Protect\n|\n|-weather|none\n|-end|p2a: Hector Salamanca|Protosynthesis\n|-ability|p1a: Espathra|Speed Boost|boost\n|-boost|p1a: Espathra|spe|1\n|upkeep\n|-enditem|p2a: Hector Salamanca|Booster Energy\n|-activate|p2a: Hector Salamanca|ability: Protosynthesis|[fromitem]\n|-start|p2a: Hector Salamanca|protosynthesisspe\n|turn|17\n|\n|t:|1699725513\n|move|p2a: Hector Salamanca|Knock Off|p1a: Espathra\n|-supereffective|p1a: Espathra\n|-damage|p1a: Espathra|0 fnt\n|faint|p1a: Espathra\n|\n|upkeep\n|\n|t:|1699725519\n|switch|p1a: Rillaboom|Rillaboom, M|88\/100\n|-damage|p1a: Rillaboom|76\/100|[from] Stealth Rock\n|-fieldstart|move: Grassy Terrain|[from] ability: Grassy Surge|[of] p1a: Rillaboom\n|turn|18\n|inactive|Nitro524 has 270 seconds left.\n|inactive|1P1o1s1h1e1 has 270 seconds left.\n|inactive|Nitro524 has 240 seconds left.\n|\n|t:|1699725577\n|-end|p2a: Hector Salamanca|Protosynthesis|[silent]\n|switch|p2a: Bring The Sun|Torkoal, F|54\/100\n|-weather|SunnyDay|[from] ability: Drought|[of] p2a: Bring The Sun\n|move|p1a: Rillaboom|Grassy Glide|p2a: Bring The Sun\n|-resisted|p2a: Bring The Sun\n|-damage|p2a: Bring The Sun|38\/100\n|\n|-weather|SunnyDay|[upkeep]\n|-heal|p1a: Rillaboom|82\/100|[from] Grassy Terrain\n|-heal|p2a: Bring The Sun|44\/100|[from] Grassy Terrain\n|upkeep\n|turn|19\n|\n|t:|1699725584\n|switch|p1a: Cyclizar|Cyclizar, F|67\/100\n|move|p2a: Bring The Sun|Yawn|p1a: Cyclizar\n|-start|p1a: Cyclizar|move: Yawn|[of] p2a: Bring The Sun\n|\n|-weather|SunnyDay|[upkeep]\n|-heal|p1a: Cyclizar|73\/100|[from] Grassy Terrain\n|-heal|p2a: Bring The Sun|50\/100|[from] Grassy Terrain\n|upkeep\n|turn|20\n|\n|t:|1699725596\n|switch|p2a: Hector Salamanca|Roaring Moon, tera:Steel|10\/100\n|-activate|p2a: Hector Salamanca|ability: Protosynthesis\n|-start|p2a: Hector Salamanca|protosynthesisspe\n|move|p1a: Cyclizar|Shed Tail|p1a: Cyclizar\n|-start|p1a: Cyclizar|Substitute|[from] move: Shed Tail\n|-damage|p1a: Cyclizar|23\/100\n|\n|t:|1699725598\n|switch|p1a: Rillaboom|Rillaboom, M|82\/100|[from] Shed Tail\n|-damage|p1a: Rillaboom|70\/100|[from] Stealth Rock\n|\n|-weather|SunnyDay|[upkeep]\n|-heal|p2a: Hector Salamanca|16\/100|[from] Grassy Terrain\n|-heal|p1a: Rillaboom|76\/100|[from] Grassy Terrain\n|upkeep\n|turn|21\n|\n|t:|1699725603\n|move|p2a: Hector Salamanca|Knock Off|p1a: Rillaboom\n|-end|p1a: Rillaboom|Substitute\n|move|p1a: Rillaboom|High Horsepower|p2a: Hector Salamanca\n|-supereffective|p2a: Hector Salamanca\n|-damage|p2a: Hector Salamanca|0 fnt\n|faint|p2a: Hector Salamanca\n|-end|p2a: Hector Salamanca|Protosynthesis|[silent]\n|\n|-weather|SunnyDay|[upkeep]\n|-heal|p1a: Rillaboom|82\/100|[from] Grassy Terrain\n|upkeep\n|inactive|Nitro524 has 240 seconds left.\n|\n|t:|1699725610\n|switch|p2a: Arceus|Arceus-Fire|100\/100\n|turn|22\n|\n|t:|1699725619\n|move|p2a: Arceus|Flare Blitz|p1a: Rillaboom\n|-supereffective|p1a: Rillaboom\n|-damage|p1a: Rillaboom|0 fnt\n|faint|p1a: Rillaboom\n|-damage|p2a: Arceus|78\/100|[from] Recoil\n|\n|-weather|SunnyDay|[upkeep]\n|-heal|p2a: Arceus|84\/100|[from] Grassy Terrain\n|-fieldend|move: Grassy Terrain\n|upkeep\n|\n|t:|1699725622\n|switch|p1a: Cyclizar|Cyclizar, F|56\/100\n|turn|23\n|\n|t:|1699725627\n|move|p1a: Cyclizar|Rapid Spin|p2a: Arceus\n|-damage|p2a: Arceus|71\/100\n|-boost|p1a: Cyclizar|spe|1\n|-sideend|p1: 1P1o1s1h1e1|Stealth Rock|[from] move: Rapid Spin|[of] p1a: Cyclizar\n|move|p2a: Arceus|Flare Blitz|p1a: Cyclizar\n|-resisted|p1a: Cyclizar\n|-damage|p1a: Cyclizar|0 fnt\n|faint|p1a: Cyclizar\n|-damage|p2a: Arceus|56\/100|[from] Recoil\n|\n|win|Nitro524\n|c|\u2606Nitro524|gg wp\n","uploadtime":1699725638,"views":4,"p1id":"1p1o1s1h1e1","p2id":"nitro524","formatid":"gen9ubers","rating":0,"private":0,"password":""}