{"id":"gen9ubers-1996633398","p1":"jase_in_space","p2":"SValore","format":"[Gen 9] Ubers","log":"|j|\u2606jase_in_space\n|j|\u2606SValore\n|t:|1700703106\n|gametype|singles\n|player|p1|jase_in_space|cyclist-gen4|1094\n|player|p2|SValore|grimsley|1048\n|teamsize|p1|6\n|teamsize|p2|6\n|gen|9\n|tier|[Gen 9] Ubers\n|rated|\n|rule|Sleep Clause Mod: Limit one foe put to sleep\n|rule|Species Clause: Limit one of each Pok\u00e9mon\n|rule|OHKO Clause: OHKO moves are banned\n|rule|Evasion Items Clause: Evasion items are banned\n|rule|Evasion Moves Clause: Evasion moves are banned\n|rule|Endless Battle Clause: Forcing endless battles is banned\n|rule|HP Percentage Mod: HP is shown in percentages\n|clearpoke\n|poke|p1|Ribombee, M|\n|poke|p1|Gallade, M|\n|poke|p1|Umbreon, F|\n|poke|p1|Donphan, F|\n|poke|p1|Hawlucha, M|\n|poke|p1|Corviknight, F|\n|poke|p2|Ceruledge, M|\n|poke|p2|Drifblim, M|\n|poke|p2|Sandslash-Alola, F|\n|poke|p2|Sawsbuck, F|\n|poke|p2|Tauros-Paldea-Blaze, M|\n|poke|p2|Zoroark-Hisui, F|\n|teampreview\n|inactive|Battle timer is ON: inactive players will automatically lose when time's up. (requested by jase_in_space)\n|inactive|SValore has 120 seconds left.\n|\n|t:|1700703138\n|start\n|switch|p1a: Donphan|Donphan, F|100\/100\n|switch|p2a: Ceruledge|Ceruledge, M|100\/100\n|turn|1\n|\n|t:|1700703151\n|-terastallize|p2a: Ceruledge|Flying\n|move|p2a: Ceruledge|Swords Dance|p2a: Ceruledge\n|-boost|p2a: Ceruledge|atk|2\n|move|p1a: Donphan|Stealth Rock|p2a: Ceruledge\n|-sidestart|p2: SValore|move: Stealth Rock\n|\n|upkeep\n|turn|2\n|\n|t:|1700703165\n|move|p2a: Ceruledge|Poltergeist|p1a: Donphan\n|-activate|p1a: Donphan|move: Poltergeist|Custap Berry\n|-damage|p1a: Donphan|23\/100\n|move|p1a: Donphan|Knock Off|p2a: Ceruledge\n|-damage|p2a: Ceruledge|50\/100\n|-ability|p2a: Ceruledge|Weak Armor|boost\n|-unboost|p2a: Ceruledge|def|1\n|-boost|p2a: Ceruledge|spe|2\n|-enditem|p2a: Ceruledge|Heavy-Duty Boots|[from] move: Knock Off|[of] p1a: Donphan\n|\n|upkeep\n|turn|3\n|-enditem|p1a: Donphan|Custap Berry|[eat]\n|-activate|p1a: Donphan|item: Custap Berry|[consumed]\n|\n|t:|1700703175\n|move|p1a: Donphan|Knock Off|p2a: Ceruledge\n|-damage|p2a: Ceruledge|0 fnt\n|faint|p2a: Ceruledge\n|\n|upkeep\n|\n|t:|1700703185\n|switch|p2a: Sawsbuck|Sawsbuck, F|100\/100\n|-damage|p2a: Sawsbuck|88\/100|[from] Stealth Rock\n|turn|4\n|\n|t:|1700703192\n|switch|p1a: Umbreon|Umbreon, F|100\/100\n|move|p2a: Sawsbuck|Horn Leech|p1a: Umbreon\n|-damage|p1a: Umbreon|72\/100\n|-heal|p2a: Sawsbuck|100\/100|[from] drain|[of] p1a: Umbreon\n|-damage|p2a: Sawsbuck|91\/100|[from] item: Life Orb\n|\n|-heal|p1a: Umbreon|78\/100|[from] item: Leftovers\n|upkeep\n|turn|5\n|\n|t:|1700703207\n|move|p1a: Umbreon|Baby-Doll Eyes|p2a: Sawsbuck\n|-unboost|p2a: Sawsbuck|atk|1\n|move|p2a: Sawsbuck|Double-Edge|p1a: Umbreon\n|-crit|p1a: Umbreon\n|-damage|p1a: Umbreon|13\/100\n|-damage|p2a: Sawsbuck|63\/100|[from] Recoil\n|-damage|p2a: Sawsbuck|53\/100|[from] item: Life Orb\n|\n|-heal|p1a: Umbreon|19\/100|[from] item: Leftovers\n|upkeep\n|turn|6\n|\n|t:|1700703216\n|move|p1a: Umbreon|Protect|p1a: Umbreon\n|-singleturn|p1a: Umbreon|Protect\n|move|p2a: Sawsbuck|Swords Dance|p2a: Sawsbuck\n|-boost|p2a: Sawsbuck|atk|2\n|\n|-heal|p1a: Umbreon|25\/100|[from] item: Leftovers\n|upkeep\n|turn|7\n|\n|t:|1700703224\n|move|p2a: Sawsbuck|Horn Leech|p1a: Umbreon\n|-damage|p1a: Umbreon|0 fnt\n|-heal|p2a: Sawsbuck|69\/100|[from] drain|[of] p1a: Umbreon\n|faint|p1a: Umbreon\n|-damage|p2a: Sawsbuck|59\/100|[from] item: Life Orb\n|\n|upkeep\n|\n|t:|1700703239\n|switch|p1a: Corviknight|Corviknight, F|100\/100\n|turn|8\n|\n|t:|1700703263\n|switch|p2a: Drifblim|Drifblim, M|100\/100\n|-damage|p2a: Drifblim|76\/100|[from] Stealth Rock\n|move|p1a: Corviknight|Iron Defense|p1a: Corviknight\n|-boost|p1a: Corviknight|def|2\n|\n|upkeep\n|turn|9\n|\n|t:|1700703282\n|move|p2a: Drifblim|Calm Mind|p2a: Drifblim\n|-boost|p2a: Drifblim|spa|1\n|-boost|p2a: Drifblim|spd|1\n|move|p1a: Corviknight|Drill Peck|p2a: Drifblim\n|-damage|p2a: Drifblim|38\/100\n|-enditem|p2a: Drifblim|Sitrus Berry|[eat]\n|-heal|p2a: Drifblim|63\/100|[from] item: Sitrus Berry\n|\n|upkeep\n|turn|10\n|\n|t:|1700703294\n|move|p2a: Drifblim|Calm Mind|p2a: Drifblim\n|-boost|p2a: Drifblim|spa|1\n|-boost|p2a: Drifblim|spd|1\n|move|p1a: Corviknight|Drill Peck|p2a: Drifblim\n|-damage|p2a: Drifblim|26\/100\n|\n|upkeep\n|turn|11\n|\n|t:|1700703299\n|move|p2a: Drifblim|Shadow Ball|p1a: Corviknight\n|-damage|p1a: Corviknight|36\/100\n|move|p1a: Corviknight|Drill Peck|p2a: Drifblim\n|-damage|p2a: Drifblim|0 fnt\n|faint|p2a: Drifblim\n|\n|upkeep\n|\n|t:|1700703309\n|switch|p2a: Sandslash|Sandslash-Alola, F|100\/100\n|-damage|p2a: Sandslash|88\/100|[from] Stealth Rock\n|turn|12\n|\n|t:|1700703319\n|move|p2a: Sandslash|Flamethrower|p1a: Corviknight\n|-supereffective|p1a: Corviknight\n|-damage|p1a: Corviknight|0 fnt\n|faint|p1a: Corviknight\n|\n|upkeep\n|\n|t:|1700703329\n|switch|p1a: Ribombee|Ribombee, M|100\/100\n|turn|13\n|\n|t:|1700703335\n|move|p1a: Ribombee|Sticky Web|p2a: Sandslash\n|-sidestart|p2: SValore|move: Sticky Web\n|move|p2a: Sandslash|Flamethrower|p1a: Ribombee\n|-supereffective|p1a: Ribombee\n|-enditem|p1a: Ribombee|Focus Sash\n|-damage|p1a: Ribombee|1\/100\n|\n|upkeep\n|turn|14\n|\n|t:|1700703346\n|switch|p1a: Donphan|Donphan, F|23\/100\n|move|p2a: Sandslash|Flamethrower|p1a: Donphan\n|-damage|p1a: Donphan|0 fnt\n|faint|p1a: Donphan\n|\n|upkeep\n|\n|t:|1700703352\n|switch|p1a: Gallade|Gallade, M|100\/100\n|turn|15\n|\n|t:|1700703369\n|switch|p2a: Sawsbuck|Sawsbuck, F|59\/100\n|-damage|p2a: Sawsbuck|47\/100|[from] Stealth Rock\n|-activate|p2a: Sawsbuck|move: Sticky Web\n|-unboost|p2a: Sawsbuck|spe|1\n|move|p1a: Gallade|Sacred Sword|p2a: Sawsbuck\n|-supereffective|p2a: Sawsbuck\n|-damage|p2a: Sawsbuck|0 fnt\n|faint|p2a: Sawsbuck\n|-damage|p1a: Gallade|91\/100|[from] item: Life Orb\n|\n|upkeep\n|\n|t:|1700703380\n|switch|p2a: Sandslash|Sandslash-Alola, F|88\/100\n|-damage|p2a: Sandslash|76\/100|[from] Stealth Rock\n|-activate|p2a: Sandslash|move: Sticky Web\n|-unboost|p2a: Sandslash|spe|1\n|turn|16\n|\n|t:|1700703387\n|move|p1a: Gallade|Sacred Sword|p2a: Sandslash\n|-immune|p2a: Sandslash\n|move|p2a: Sandslash|Bitter Malice|p1a: Gallade\n|-supereffective|p1a: Gallade\n|-damage|p1a: Gallade|0 fnt\n|faint|p1a: Gallade\n|\n|upkeep\n|c|\u2606jase_in_space|how is he immune?\n|c|\u2606SValore|I'm cheating\n|c|\u2606SValore|lol\n|inactive|jase_in_space has 120 seconds left.\n|c|\u2606jase_in_space|no seriously\n|\n|t:|1700703427\n|switch|p1a: Hawlucha|Hawlucha, M|100\/100\n|turn|17\n|c|\u2606SValore|yeah seriously\n|\n|t:|1700703432\n|move|p1a: Hawlucha|Endure|p1a: Hawlucha\n|-singleturn|p1a: Hawlucha|move: Endure\n|move|p2a: Sandslash|Bitter Malice|p1a: Hawlucha\n|-damage|p1a: Hawlucha|11\/100\n|-unboost|p1a: Hawlucha|atk|1\n|-enditem|p1a: Hawlucha|Liechi Berry|[eat]\n|-boost|p1a: Hawlucha|atk|1|[from] item: Liechi Berry\n|\n|upkeep\n|turn|18\n|inactive|jase_in_space has 120 seconds left.\n|\n|t:|1700703449\n|move|p1a: Hawlucha|Reversal|p2a: Sandslash\n|-immune|p2a: Sandslash\n|move|p2a: Sandslash|Bitter Malice|p1a: Hawlucha\n|-damage|p1a: Hawlucha|0 fnt\n|faint|p1a: Hawlucha\n|\n|upkeep\n|l|\u2606jase_in_space\n|inactive|jase_in_space disconnected and has a minute to reconnect!\n|player|p1|\n|j|\u2606jase_in_space\n|inactive|jase_in_space reconnected and has 110 seconds left.\n|player|p1|jase_in_space|cyclist-gen4\n|l|\u2606jase_in_space\n|inactive|jase_in_space disconnected and has a minute to reconnect!\n|player|p1|\n|c|\u2606SValore|Lmfao\n|c|\u2606SValore|guess he doesn't know it's zoroark\n|j|\u2606jase_in_space\n|inactive|jase_in_space reconnected and has 90 seconds left.\n|player|p1|jase_in_space|cyclist-gen4\n|-message|jase_in_space forfeited.\n|\n|win|SValore\n|raw|jase_in_space's rating: 1094 &rarr; <strong>1067<\/strong><br \/>(-27 for losing)\n|raw|SValore's rating: 1048 &rarr; <strong>1085<\/strong><br \/>(+37 for winning)\n|l|\u2606jase_in_space\n|l|\u2606SValore\n|j|\u2606SValore\n|player|p2|SValore|grimsley\n","uploadtime":1700703619,"views":9,"p1id":"jaseinspace","p2id":"svalore","formatid":"gen9ubers","rating":1067,"private":0,"password":""}