{"id":"gen9ubers-1993413706","p1":"Raiozin","p2":"dripi","format":"[Gen 9] Ubers","log":"|j|\u2606Raiozin\n|j|\u2606dripi\n|t:|1700314608\n|gametype|singles\n|player|p1|Raiozin|gambler|1109\n|player|p2|dripi|sada-ai|1121\n|teamsize|p1|6\n|teamsize|p2|6\n|gen|9\n|tier|[Gen 9] Ubers\n|rated|\n|rule|Sleep Clause Mod: Limit one foe put to sleep\n|rule|Species Clause: Limit one of each Pok\u00e9mon\n|rule|OHKO Clause: OHKO moves are banned\n|rule|Evasion Items Clause: Evasion items are banned\n|rule|Evasion Moves Clause: Evasion moves are banned\n|rule|Endless Battle Clause: Forcing endless battles is banned\n|rule|HP Percentage Mod: HP is shown in percentages\n|clearpoke\n|poke|p1|Kommo-o, M|\n|poke|p1|Chien-Pao|\n|poke|p1|Basculegion, M|\n|poke|p1|Espathra, F|\n|poke|p1|Lucario, M|\n|poke|p1|Kyogre|\n|poke|p2|Grimmsnarl, M|\n|poke|p2|Espathra, M|\n|poke|p2|Zacian-*|\n|poke|p2|Ribombee, F|\n|poke|p2|Glimmora, F|\n|poke|p2|Palafin, F|\n|teampreview\n|inactive|Battle timer is ON: inactive players will automatically lose when time's up. (requested by dripi)\n|inactive|Raiozin has 120 seconds left.\n|\n|t:|1700314660\n|start\n|switch|p1a: Kommo-o|Kommo-o, M|100\/100\n|switch|p2a: Ribombee|Ribombee, F|100\/100\n|turn|1\n|\n|t:|1700314673\n|-terastallize|p1a: Kommo-o|Steel\n|move|p2a: Ribombee|Sticky Web|p1a: Kommo-o\n|-sidestart|p1: Raiozin|move: Sticky Web\n|move|p1a: Kommo-o|Substitute|p1a: Kommo-o\n|-start|p1a: Kommo-o|Substitute\n|-damage|p1a: Kommo-o|75\/100\n|\n|upkeep\n|turn|2\n|\n|t:|1700314689\n|switch|p2a: Palafin|Palafin, F|100\/100\n|move|p1a: Kommo-o|Belly Drum|p1a: Kommo-o\n|-damage|p1a: Kommo-o|25\/100\n|-setboost|p1a: Kommo-o|atk|6|[from] move: Belly Drum\n|-enditem|p1a: Kommo-o|Salac Berry|[eat]\n|-boost|p1a: Kommo-o|spe|1|[from] item: Salac Berry\n|\n|upkeep\n|turn|3\n|\n|t:|1700314699\n|detailschange|p2a: Palafin|Palafin-Hero, F\n|switch|p2a: Glimmora|Glimmora, F|100\/100\n|move|p1a: Kommo-o|Drain Punch|p2a: Glimmora\n|-enditem|p2a: Glimmora|Focus Sash\n|-damage|p2a: Glimmora|1\/100\n|-heal|p1a: Kommo-o|89\/100|[from] drain|[of] p2a: Glimmora\n|-activate|p2a: Glimmora|ability: Toxic Debris\n|-sidestart|p1: Raiozin|move: Toxic Spikes\n|\n|upkeep\n|turn|4\n|\n|t:|1700314712\n|move|p1a: Kommo-o|Belly Drum||[still]\n|-fail|p1a: Kommo-o\n|move|p2a: Glimmora|Stealth Rock|p1a: Kommo-o\n|-sidestart|p1: Raiozin|move: Stealth Rock\n|\n|upkeep\n|turn|5\n|\n|t:|1700314721\n|move|p1a: Kommo-o|Drain Punch|p2a: Glimmora\n|-damage|p2a: Glimmora|0 fnt\n|-heal|p1a: Kommo-o|89\/100|[from] drain|[of] p2a: Glimmora\n|-activate|p2a: Glimmora|ability: Toxic Debris\n|-sidestart|p1: Raiozin|move: Toxic Spikes\n|faint|p2a: Glimmora\n|\n|upkeep\n|\n|t:|1700314739\n|switch|p2a: Zacian|Zacian-Crowned|100\/100\n|-ability|p2a: Zacian|Intrepid Sword|boost\n|-boost|p2a: Zacian|atk|1\n|turn|6\n|\n|t:|1700314744\n|move|p1a: Kommo-o|Drain Punch|p2a: Zacian\n|-damage|p2a: Zacian|0 fnt\n|-heal|p1a: Kommo-o|100\/100|[from] drain|[of] p2a: Zacian\n|faint|p2a: Zacian\n|\n|upkeep\n|\n|t:|1700314753\n|switch|p2a: Grimmsnarl|Grimmsnarl, M|100\/100\n|turn|7\n|\n|t:|1700314759\n|move|p2a: Grimmsnarl|Reflect|p2a: Grimmsnarl\n|-sidestart|p2: dripi|Reflect\n|move|p1a: Kommo-o|Drain Punch|p2a: Grimmsnarl\n|-damage|p2a: Grimmsnarl|11\/100\n|\n|upkeep\n|turn|8\n|\n|t:|1700314765\n|move|p2a: Grimmsnarl|Parting Shot|p1a: Kommo-o\n|-immune|p1a: Kommo-o|[from] ability: Soundproof\n|move|p1a: Kommo-o|Thunder Punch|p2a: Grimmsnarl\n|-damage|p2a: Grimmsnarl|0 fnt\n|faint|p2a: Grimmsnarl\n|\n|upkeep\n|\n|t:|1700314778\n|switch|p2a: Palafin|Palafin-Hero, F|100\/100\n|-activate|p2a: Palafin|ability: Zero to Hero\n|turn|9\n|\n|t:|1700314792\n|move|p2a: Palafin|Jet Punch|p1a: Kommo-o\n|-end|p1a: Kommo-o|Substitute\n|-damage|p2a: Palafin|91\/100|[from] item: Life Orb\n|move|p1a: Kommo-o|Thunder Punch|p2a: Palafin\n|-supereffective|p2a: Palafin\n|-damage|p2a: Palafin|1\/100\n|\n|upkeep\n|turn|10\n|\n|t:|1700314808\n|move|p2a: Palafin|Jet Punch|p1a: Kommo-o\n|-damage|p1a: Kommo-o|53\/100\n|-damage|p2a: Palafin|0 fnt|[from] item: Life Orb\n|faint|p2a: Palafin\n|move|p1a: Kommo-o|Substitute|p1a: Kommo-o\n|-start|p1a: Kommo-o|Substitute\n|-damage|p1a: Kommo-o|28\/100\n|\n|upkeep\n|\n|t:|1700314819\n|switch|p2a: Ribombee|Ribombee, F|100\/100\n|turn|11\n|\n|t:|1700314831\n|move|p1a: Kommo-o|Drain Punch|p2a: Ribombee\n|-resisted|p2a: Ribombee\n|-damage|p2a: Ribombee|67\/100\n|-heal|p1a: Kommo-o|43\/100|[from] drain|[of] p2a: Ribombee\n|move|p2a: Ribombee|Quiver Dance|p2a: Ribombee\n|-boost|p2a: Ribombee|spa|1\n|-boost|p2a: Ribombee|spd|1\n|-boost|p2a: Ribombee|spe|1\n|\n|upkeep\n|turn|12\n|\n|t:|1700314844\n|move|p2a: Ribombee|Stored Power|p1a: Kommo-o\n|-resisted|p1a: Kommo-o\n|-activate|p1a: Kommo-o|move: Substitute|[damage]\n|move|p1a: Kommo-o|Thunder Punch|p2a: Ribombee\n|-damage|p2a: Ribombee|0 fnt\n|faint|p2a: Ribombee\n|\n|upkeep\n|\n|t:|1700314853\n|switch|p2a: Espathra|Espathra, M|100\/100\n|turn|13\n|\n|t:|1700314862\n|-terastallize|p2a: Espathra|Psychic\n|move|p2a: Espathra|Protect|p2a: Espathra\n|-singleturn|p2a: Espathra|Protect\n|move|p1a: Kommo-o|Thunder Punch|p2a: Espathra\n|-activate|p2a: Espathra|move: Protect\n|\n|-ability|p2a: Espathra|Speed Boost|boost\n|-boost|p2a: Espathra|spe|1\n|upkeep\n|turn|14\n|\n|t:|1700314884\n|move|p2a: Espathra|Substitute|p2a: Espathra\n|-start|p2a: Espathra|Substitute\n|-damage|p2a: Espathra|76\/100\n|move|p1a: Kommo-o|Thunder Punch|p2a: Espathra\n|-end|p2a: Espathra|Substitute\n|\n|-sideend|p2: dripi|Reflect\n|-ability|p2a: Espathra|Speed Boost|boost\n|-boost|p2a: Espathra|spe|1\n|upkeep\n|turn|15\n|\n|t:|1700314896\n|move|p2a: Espathra|Protect|p2a: Espathra\n|-singleturn|p2a: Espathra|Protect\n|move|p1a: Kommo-o|Thunder Punch|p2a: Espathra\n|-activate|p2a: Espathra|move: Protect\n|\n|-ability|p2a: Espathra|Speed Boost|boost\n|-boost|p2a: Espathra|spe|1\n|upkeep\n|turn|16\n|\n|t:|1700314911\n|switch|p1a: Chien-Pao|Chien-Pao|100\/100\n|-activate|p1a: Chien-Pao|move: Sticky Web\n|-unboost|p1a: Chien-Pao|spe|1\n|-status|p1a: Chien-Pao|tox\n|-damage|p1a: Chien-Pao|76\/100 tox|[from] Stealth Rock\n|-ability|p1a: Chien-Pao|Sword of Ruin\n|move|p2a: Espathra|Substitute|p2a: Espathra\n|-start|p2a: Espathra|Substitute\n|-damage|p2a: Espathra|51\/100\n|\n|-damage|p1a: Chien-Pao|70\/100 tox|[from] psn\n|-ability|p2a: Espathra|Speed Boost|boost\n|-boost|p2a: Espathra|spe|1\n|upkeep\n|turn|17\n|j| Weltwo\n|\n|t:|1700314925\n|move|p2a: Espathra|Dazzling Gleam|p1a: Chien-Pao\n|-supereffective|p1a: Chien-Pao\n|-damage|p1a: Chien-Pao|0 fnt\n|faint|p1a: Chien-Pao\n|-damage|p2a: Espathra|41\/100|[from] item: Life Orb\n|\n|-ability|p2a: Espathra|Speed Boost|boost\n|-boost|p2a: Espathra|spe|1\n|upkeep\n|c| Weltwo|vacilo\n|\n|t:|1700314934\n|switch|p1a: Lucario|Lucario, M|100\/100\n|-activate|p1a: Lucario|move: Sticky Web\n|-unboost|p1a: Lucario|spe|1\n|-damage|p1a: Lucario|98\/100|[from] Stealth Rock\n|turn|18\n|\n|t:|1700314944\n|move|p1a: Lucario|Extreme Speed|p2a: Espathra\n|-end|p2a: Espathra|Substitute\n|move|p2a: Espathra|Stored Power|p1a: Lucario\n|-damage|p1a: Lucario|0 fnt\n|faint|p1a: Lucario\n|-damage|p2a: Espathra|31\/100|[from] item: Life Orb\n|\n|-ability|p2a: Espathra|Speed Boost|boost\n|-boost|p2a: Espathra|spe|1\n|upkeep\n|\n|t:|1700314954\n|switch|p1a: Basculegion|Basculegion, M|100\/100\n|-activate|p1a: Basculegion|move: Sticky Web\n|-unboost|p1a: Basculegion|spe|1\n|-status|p1a: Basculegion|tox\n|-damage|p1a: Basculegion|88\/100 tox|[from] Stealth Rock\n|turn|19\n|\n|t:|1700314968\n|move|p1a: Basculegion|Aqua Jet|p2a: Espathra\n|-damage|p2a: Espathra|0 fnt\n|faint|p2a: Espathra\n|\n|win|Raiozin\n|raw|Raiozin's rating: 1109 &rarr; <strong>1135<\/strong><br \/>(+26 for winning)\n|raw|dripi's rating: 1121 &rarr; <strong>1095<\/strong><br \/>(-26 for losing)\n|l|\u2606dripi\n","uploadtime":1700314975,"views":27,"p1id":"raiozin","p2id":"dripi","formatid":"gen9ubers","rating":1095,"private":0,"password":""}