{"id":"gen9ubers-1969074116","p1":"ausma","p2":"Oomaester1234","format":"[Gen 9] Ubers","log":"|j|\u2606ausma\n|j|\u2606Oomaester1234\n|t:|1697487760\n|gametype|singles\n|player|p1|ausma|#ausma|\n|player|p2|Oomaester1234|teamrocket|\n|teamsize|p1|6\n|teamsize|p2|6\n|gen|9\n|tier|[Gen 9] Ubers\n|rule|Sleep Clause Mod: Limit one foe put to sleep\n|rule|Species Clause: Limit one of each Pok\u00e9mon\n|rule|OHKO Clause: OHKO moves are banned\n|rule|Evasion Items Clause: Evasion items are banned\n|rule|Evasion Moves Clause: Evasion moves are banned\n|rule|Endless Battle Clause: Forcing endless battles is banned\n|rule|HP Percentage Mod: HP is shown in percentages\n|clearpoke\n|poke|p1|Masquerain, M|\n|poke|p1|Arceus-Ice|\n|poke|p1|Gholdengo|\n|poke|p1|Palafin, M|\n|poke|p1|Chi-Yu|\n|poke|p1|Zamazenta-*|\n|poke|p2|Garchomp, F|\n|poke|p2|Tyranitar, M|\n|poke|p2|Houndstone, M|\n|poke|p2|Landorus, M|\n|poke|p2|Magearna|\n|poke|p2|Ogerpon-Wellspring, F|\n|teampreview\n|\n|t:|1697487789\n|start\n|switch|p1a: Masquerain|Masquerain, M|100\/100\n|switch|p2a: Garchomp|Garchomp, F|100\/100\n|-ability|p1a: Masquerain|Intimidate|boost\n|-unboost|p2a: Garchomp|atk|1\n|turn|1\n|\n|t:|1697487796\n|move|p2a: Garchomp|Scale Shot|p1a: Masquerain|[miss]\n|-miss|p2a: Garchomp|p1a: Masquerain\n|move|p1a: Masquerain|Sticky Web|p2a: Garchomp\n|-sidestart|p2: Oomaester1234|move: Sticky Web\n|\n|upkeep\n|turn|2\n|\n|t:|1697487799\n|move|p2a: Garchomp|Scale Shot|p1a: Masquerain\n|-damage|p1a: Masquerain|85\/100\n|-damage|p1a: Masquerain|68\/100\n|-damage|p1a: Masquerain|51\/100\n|-damage|p1a: Masquerain|35\/100\n|-damage|p1a: Masquerain|19\/100\n|-hitcount|p1a: Masquerain|5\n|-unboost|p2a: Garchomp|def|1\n|-boost|p2a: Garchomp|spe|1\n|move|p1a: Masquerain|Stun Spore|p2a: Garchomp|[miss]\n|-miss|p1a: Masquerain|p2a: Garchomp\n|\n|upkeep\n|turn|3\n|\n|t:|1697487808\n|move|p2a: Garchomp|Fire Fang|p1a: Masquerain\n|-supereffective|p1a: Masquerain\n|-damage|p1a: Masquerain|0 fnt\n|faint|p1a: Masquerain\n|\n|upkeep\n|\n|t:|1697487812\n|switch|p1a: Arceus|Arceus-Ice|100\/100\n|turn|4\n|\n|t:|1697487816\n|switch|p2a: Tyranitar|Tyranitar, M|100\/100\n|-activate|p2a: Tyranitar|move: Sticky Web\n|-unboost|p2a: Tyranitar|spe|1\n|-weather|Sandstorm|[from] ability: Sand Stream|[of] p2a: Tyranitar\n|move|p1a: Arceus|Judgment|p2a: Tyranitar\n|-damage|p2a: Tyranitar|73\/100\n|\n|-weather|Sandstorm|[upkeep]\n|-damage|p1a: Arceus|94\/100|[from] Sandstorm\n|upkeep\n|turn|5\n|\n|t:|1697487835\n|switch|p1a: Zamazenta|Zamazenta-Crowned|100\/100\n|-ability|p1a: Zamazenta|Dauntless Shield|boost\n|-boost|p1a: Zamazenta|def|1\n|move|p2a: Tyranitar|Thunder Wave|p1a: Zamazenta|[miss]\n|-miss|p2a: Tyranitar|p1a: Zamazenta\n|\n|-weather|Sandstorm|[upkeep]\n|upkeep\n|turn|6\n|\n|t:|1697487843\n|switch|p2a: Landorus|Landorus, M|100\/100\n|move|p1a: Zamazenta|Substitute|p1a: Zamazenta\n|-start|p1a: Zamazenta|Substitute\n|-damage|p1a: Zamazenta|75\/100\n|\n|-weather|Sandstorm|[upkeep]\n|upkeep\n|turn|7\n|\n|t:|1697487858\n|move|p2a: Landorus|Earth Power|p1a: Zamazenta\n|-supereffective|p1a: Zamazenta\n|-end|p1a: Zamazenta|Substitute\n|move|p1a: Zamazenta|Body Press|p2a: Landorus\n|-resisted|p2a: Landorus\n|-damage|p2a: Landorus|58\/100\n|\n|-weather|Sandstorm|[upkeep]\n|upkeep\n|turn|8\n|\n|t:|1697487862\n|move|p2a: Landorus|Earth Power|p1a: Zamazenta\n|-supereffective|p1a: Zamazenta\n|-damage|p1a: Zamazenta|0 fnt\n|faint|p1a: Zamazenta\n|\n|-weather|Sandstorm|[upkeep]\n|upkeep\n|\n|t:|1697487864\n|switch|p1a: Arceus|Arceus-Ice|94\/100\n|turn|9\n|\n|t:|1697487875\n|switch|p2a: Magearna|Magearna|100\/100\n|-activate|p2a: Magearna|move: Sticky Web\n|-unboost|p2a: Magearna|spe|1\n|move|p1a: Arceus|Calm Mind|p1a: Arceus\n|-boost|p1a: Arceus|spa|1\n|-boost|p1a: Arceus|spd|1\n|\n|-weather|Sandstorm|[upkeep]\n|-damage|p1a: Arceus|88\/100|[from] Sandstorm\n|upkeep\n|turn|10\n|\n|t:|1697487884\n|-terastallize|p1a: Arceus|Electric\n|move|p1a: Arceus|Calm Mind|p1a: Arceus\n|-boost|p1a: Arceus|spa|1\n|-boost|p1a: Arceus|spd|1\n|move|p2a: Magearna|Calm Mind|p2a: Magearna\n|-boost|p2a: Magearna|spa|1\n|-boost|p2a: Magearna|spd|1\n|\n|-weather|Sandstorm|[upkeep]\n|-damage|p1a: Arceus|82\/100|[from] Sandstorm\n|upkeep\n|turn|11\n|\n|t:|1697487889\n|move|p1a: Arceus|Calm Mind|p1a: Arceus\n|-boost|p1a: Arceus|spa|1\n|-boost|p1a: Arceus|spd|1\n|move|p2a: Magearna|Calm Mind|p2a: Magearna\n|-boost|p2a: Magearna|spa|1\n|-boost|p2a: Magearna|spd|1\n|\n|-weather|none\n|upkeep\n|turn|12\n|\n|t:|1697487895\n|move|p1a: Arceus|Calm Mind|p1a: Arceus\n|-boost|p1a: Arceus|spa|1\n|-boost|p1a: Arceus|spd|1\n|move|p2a: Magearna|Calm Mind|p2a: Magearna\n|-boost|p2a: Magearna|spa|1\n|-boost|p2a: Magearna|spd|1\n|\n|upkeep\n|turn|13\n|\n|t:|1697487897\n|move|p1a: Arceus|Calm Mind|p1a: Arceus\n|-boost|p1a: Arceus|spa|1\n|-boost|p1a: Arceus|spd|1\n|move|p2a: Magearna|Calm Mind|p2a: Magearna\n|-boost|p2a: Magearna|spa|1\n|-boost|p2a: Magearna|spd|1\n|\n|upkeep\n|turn|14\n|\n|t:|1697487899\n|move|p1a: Arceus|Calm Mind|p1a: Arceus\n|-boost|p1a: Arceus|spa|1\n|-boost|p1a: Arceus|spd|1\n|move|p2a: Magearna|Calm Mind|p2a: Magearna\n|-boost|p2a: Magearna|spa|1\n|-boost|p2a: Magearna|spd|1\n|\n|upkeep\n|turn|15\n|\n|t:|1697487901\n|move|p1a: Arceus|Thunderbolt|p2a: Magearna\n|-damage|p2a: Magearna|56\/100\n|move|p2a: Magearna|Calm Mind|p2a: Magearna\n|-boost|p2a: Magearna|spa|1\n|-boost|p2a: Magearna|spd|1\n|\n|-heal|p2a: Magearna|62\/100|[from] item: Leftovers\n|upkeep\n|turn|16\n|\n|t:|1697487911\n|move|p1a: Arceus|Thunderbolt|p2a: Magearna\n|-damage|p2a: Magearna|21\/100\n|move|p2a: Magearna|Draining Kiss|p1a: Arceus\n|-damage|p1a: Arceus|62\/100\n|-heal|p2a: Magearna|38\/100|[from] drain|[of] p1a: Arceus\n|\n|-heal|p2a: Magearna|44\/100|[from] item: Leftovers\n|upkeep\n|turn|17\n|\n|t:|1697487919\n|move|p1a: Arceus|Thunderbolt|p2a: Magearna\n|-damage|p2a: Magearna|2\/100\n|move|p2a: Magearna|Stored Power|p1a: Arceus\n|-damage|p1a: Arceus|0 fnt\n|faint|p1a: Arceus\n|\n|-heal|p2a: Magearna|8\/100|[from] item: Leftovers\n|upkeep\n|\n|t:|1697487924\n|switch|p1a: Palafin|Palafin, M|100\/100\n|turn|18\n|\n|t:|1697487930\n|switch|p2a: Ogerpon|Ogerpon-Wellspring, F|100\/100\n|-activate|p2a: Ogerpon|move: Sticky Web\n|-unboost|p2a: Ogerpon|spe|1\n|move|p1a: Palafin|Flip Turn|p2a: Ogerpon\n|-immune|p2a: Ogerpon|[from] ability: Water Absorb\n|\n|upkeep\n|turn|19\n|j| amweird\n|\n|t:|1697487939\n|detailschange|p1a: Palafin|Palafin-Hero, M\n|switch|p1a: Gholdengo|Gholdengo|100\/100\n|move|p2a: Ogerpon|Swords Dance|p2a: Ogerpon\n|-boost|p2a: Ogerpon|atk|2\n|\n|upkeep\n|turn|20\n|\n|t:|1697487946\n|move|p1a: Gholdengo|Shadow Ball|p2a: Ogerpon\n|-damage|p2a: Ogerpon|56\/100\n|move|p2a: Ogerpon|Ivy Cudgel|p1a: Gholdengo\n|-damage|p1a: Gholdengo|0 fnt\n|faint|p1a: Gholdengo\n|\n|upkeep\n|\n|t:|1697487953\n|switch|p1a: Palafin|Palafin-Hero, M|100\/100\n|-activate|p1a: Palafin|ability: Zero to Hero\n|turn|21\n|\n|t:|1697487957\n|move|p1a: Palafin|Close Combat|p2a: Ogerpon\n|-damage|p2a: Ogerpon|0 fnt\n|-unboost|p1a: Palafin|def|1\n|-unboost|p1a: Palafin|spd|1\n|faint|p2a: Ogerpon\n|\n|upkeep\n|l| amweird\n|\n|t:|1697487966\n|switch|p2a: Tyranitar|Tyranitar, M|73\/100\n|-activate|p2a: Tyranitar|move: Sticky Web\n|-unboost|p2a: Tyranitar|spe|1\n|-weather|Sandstorm|[from] ability: Sand Stream|[of] p2a: Tyranitar\n|turn|22\n|\n|t:|1697487969\n|switch|p2a: Magearna|Magearna|8\/100\n|-activate|p2a: Magearna|move: Sticky Web\n|-unboost|p2a: Magearna|spe|1\n|move|p1a: Palafin|Flip Turn|p2a: Magearna\n|-damage|p2a: Magearna|0 fnt\n|faint|p2a: Magearna\n|\n|t:|1697487970\n|switch|p1a: Chi-Yu|Chi-Yu|100\/100|[from] Flip Turn\n|-ability|p1a: Chi-Yu|Beads of Ruin\n|\n|-weather|Sandstorm|[upkeep]\n|-damage|p1a: Chi-Yu|95\/100|[from] Sandstorm\n|upkeep\n|\n|t:|1697487972\n|switch|p2a: Garchomp|Garchomp, F|100\/100\n|-activate|p2a: Garchomp|move: Sticky Web\n|-unboost|p2a: Garchomp|spe|1\n|turn|23\n|\n|t:|1697487990\n|move|p1a: Chi-Yu|Dark Pulse|p2a: Garchomp\n|-damage|p2a: Garchomp|35\/100\n|move|p2a: Garchomp|Earthquake|p1a: Chi-Yu\n|-supereffective|p1a: Chi-Yu\n|-damage|p1a: Chi-Yu|0 fnt\n|faint|p1a: Chi-Yu\n|\n|-weather|Sandstorm|[upkeep]\n|upkeep\n|\n|t:|1697487995\n|switch|p1a: Palafin|Palafin-Hero, M|100\/100\n|turn|24\n|\n|t:|1697487997\n|move|p1a: Palafin|Jet Punch|p2a: Garchomp\n|-damage|p2a: Garchomp|0 fnt\n|faint|p2a: Garchomp\n|\n|-weather|Sandstorm|[upkeep]\n|-damage|p1a: Palafin|94\/100|[from] Sandstorm\n|upkeep\n|\n|t:|1697488007\n|switch|p2a: Houndstone|Houndstone, M|100\/100\n|-activate|p2a: Houndstone|move: Sticky Web\n|-unboost|p2a: Houndstone|spe|1\n|turn|25\n|\n|t:|1697488009\n|move|p2a: Houndstone|Last Respects|p1a: Palafin\n|-damage|p1a: Palafin|0 fnt\n|faint|p1a: Palafin\n|-damage|p2a: Houndstone|91\/100|[from] item: Life Orb\n|\n|win|Oomaester1234\n|c|\u2606Oomaester1234|ggs\n|c|\u2606ausma|gg\n|l|\u2606Oomaester1234\n|l|\u2606ausma\n|j|\u2606Oomaester1234\n|player|p2|Oomaester1234|teamrocket\n|l|\u2606Oomaester1234\n|player|p2|\n|j|\u2606ausma\n|player|p1|ausma|#ausma\n|l|\u2606ausma\n|player|p1|\n|j| Underhours\n|l| Underhours\n|j|\u2606Oomaester1234\n|player|p2|Oomaester1234|teamrocket\n","uploadtime":1697488789,"views":34,"p1id":"ausma","p2id":"oomaester1234","formatid":"gen9ubers","rating":0,"private":0,"password":""}