{"id":"gen9ubers-1984605293","p1":"Skotchaud","p2":"Dylan in the MA","format":"[Gen 9] Ubers","log":"|j|\u2606Skotchaud\n|j|\u2606Dylan in the MA\n|t:|1699283962\n|gametype|singles\n|player|p1|Skotchaud|noland|\n|player|p2|Dylan in the MA|striker|\n|teamsize|p1|6\n|teamsize|p2|6\n|gen|9\n|tier|[Gen 9] Ubers\n|rule|Sleep Clause Mod: Limit one foe put to sleep\n|rule|Species Clause: Limit one of each Pok\u00e9mon\n|rule|OHKO Clause: OHKO moves are banned\n|rule|Evasion Items Clause: Evasion items are banned\n|rule|Evasion Moves Clause: Evasion moves are banned\n|rule|Endless Battle Clause: Forcing endless battles is banned\n|rule|HP Percentage Mod: HP is shown in percentages\n|clearpoke\n|poke|p1|Leafeon, F|\n|poke|p1|Roaring Moon|\n|poke|p1|Dondozo, F|\n|poke|p1|Torkoal, M|\n|poke|p1|Walking Wake|\n|poke|p1|Slowking-Galar, F|\n|poke|p2|Ninetales-Alola, F|\n|poke|p2|Slowking-Galar, M|\n|poke|p2|Zapdos|\n|poke|p2|Dondozo, F|\n|poke|p2|Dragapult, M|\n|poke|p2|Scizor, M|\n|teampreview\n|j| Asta28240\n|j| Vincent RPPLF\n|j| Aaron MA\n|\n|t:|1699284007\n|start\n|switch|p1a: Le m\u00e9chant|Roaring Moon, shiny|100\/100\n|switch|p2a: Zapdos|Zapdos|100\/100\n|-enditem|p1a: Le m\u00e9chant|Booster Energy\n|-activate|p1a: Le m\u00e9chant|ability: Protosynthesis|[fromitem]\n|-start|p1a: Le m\u00e9chant|protosynthesisspe\n|turn|1\n|\n|t:|1699284024\n|-end|p1a: Le m\u00e9chant|Protosynthesis|[silent]\n|switch|p1a: Slowking|Slowking-Galar, F|100\/100\n|move|p2a: Zapdos|Volt Switch|p1a: Slowking\n|-damage|p1a: Slowking|81\/100\n|-enditem|p1a: Slowking|Eject Button\n|j| AyanYuli\n|\n|t:|1699284032\n|switch|p1a: Wiki-Waki|Walking Wake|100\/100\n|\n|upkeep\n|turn|2\n|\n|t:|1699284041\n|switch|p2a: Slowking|Slowking-Galar, M|100\/100\n|move|p1a: Wiki-Waki|Hydro Steam|p2a: Slowking\n|-damage|p2a: Slowking|68\/100\n|\n|upkeep\n|turn|3\n|\n|t:|1699284061\n|-terastallize|p2a: Slowking|Water\n|move|p1a: Wiki-Waki|Hydro Steam|p2a: Slowking\n|-resisted|p2a: Slowking\n|-damage|p2a: Slowking|52\/100\n|move|p2a: Slowking|Chilly Reception|p2a: Slowking\n|-weather|Snow\n|l| AyanYuli\n|\n|t:|1699284079\n|switch|p2a: Dragapult|Dragapult, M|100\/100|[from] Chilly Reception\n|\n|-weather|Snow|[upkeep]\n|upkeep\n|turn|4\n|\n|t:|1699284113\n|-end|p1a: Wiki-Waki|Protosynthesis|[silent]\n|switch|p1a: Slowking|Slowking-Galar, F|100\/100\n|move|p2a: Dragapult|U-turn|p1a: Slowking\n|-damage|p1a: Slowking|84\/100\n|j| AyanYuli\n|\n|t:|1699284133\n|switch|p2a: Scizor|Scizor, M|100\/100|[from] U-turn\n|\n|-weather|Snow|[upkeep]\n|upkeep\n|turn|5\n|\n|t:|1699284140\n|switch|p1a: Chuis Chaud!|Torkoal, M|100\/100\n|-weather|SunnyDay|[from] ability: Drought|[of] p1a: Chuis Chaud!\n|move|p2a: Scizor|Swords Dance|p2a: Scizor\n|-boost|p2a: Scizor|atk|2\n|\n|-weather|SunnyDay|[upkeep]\n|upkeep\n|turn|6\n|\n|t:|1699284149\n|switch|p2a: Slowking|Slowking-Galar, M, tera:Water|85\/100\n|move|p1a: Chuis Chaud!|Lava Plume|p2a: Slowking\n|-resisted|p2a: Slowking\n|-damage|p2a: Slowking|75\/100\n|-status|p2a: Slowking|brn\n|\n|-weather|SunnyDay|[upkeep]\n|-damage|p2a: Slowking|69\/100 brn|[from] brn\n|upkeep\n|turn|7\n|\n|t:|1699284160\n|move|p2a: Slowking|Chilly Reception|p2a: Slowking\n|-weather|Snow\n|\n|t:|1699284168\n|switch|p2a: Dragapult|Dragapult, M|100\/100|[from] Chilly Reception\n|move|p1a: Chuis Chaud!|Stealth Rock|p2a: Dragapult\n|-sidestart|p2: Dylan in the MA|move: Stealth Rock\n|\n|-weather|Snow|[upkeep]\n|upkeep\n|turn|8\n|\n|t:|1699284181\n|switch|p1a: Slowking|Slowking-Galar, F|100\/100\n|move|p2a: Dragapult|Shadow Ball|p1a: Slowking\n|-supereffective|p1a: Slowking\n|-damage|p1a: Slowking|39\/100\n|-unboost|p1a: Slowking|spd|1\n|\n|-weather|Snow|[upkeep]\n|upkeep\n|turn|9\n|\n|t:|1699284195\n|switch|p2a: Scizor|Scizor, M|100\/100\n|-damage|p2a: Scizor|88\/100|[from] Stealth Rock\n|switch|p1a: Le m\u00e9chant|Roaring Moon, shiny|100\/100\n|\n|-weather|Snow|[upkeep]\n|-heal|p2a: Scizor|94\/100|[from] item: Leftovers\n|upkeep\n|turn|10\n|j| Frenchtinman\n|\n|t:|1699284220\n|-end|p1a: Le m\u00e9chant|Protosynthesis|[silent]\n|switch|p1a: On baizz?|Dondozo, F|100\/100\n|move|p2a: Scizor|Swords Dance|p2a: Scizor\n|-boost|p2a: Scizor|atk|2\n|\n|-weather|Snow|[upkeep]\n|-heal|p2a: Scizor|99\/100|[from] item: Leftovers\n|upkeep\n|turn|11\n|\n|t:|1699284236\n|move|p2a: Scizor|Trailblaze|p1a: On baizz?\n|-supereffective|p1a: On baizz?\n|-damage|p1a: On baizz?|76\/100\n|-boost|p2a: Scizor|spe|1\n|move|p1a: On baizz?|Liquidation|p2a: Scizor\n|-damage|p2a: Scizor|62\/100\n|\n|-weather|none\n|-heal|p2a: Scizor|68\/100|[from] item: Leftovers\n|-heal|p1a: On baizz?|82\/100|[from] item: Leftovers\n|upkeep\n|turn|12\n|\n|t:|1699284251\n|switch|p2a: Zapdos|Zapdos|100\/100\n|move|p1a: On baizz?|Liquidation|p2a: Zapdos\n|-damage|p2a: Zapdos|71\/100\n|-status|p1a: On baizz?|par|[from] ability: Static|[of] p2a: Zapdos\n|\n|-heal|p1a: On baizz?|88\/100 par|[from] item: Leftovers\n|upkeep\n|turn|13\n|\n|t:|1699284261\n|switch|p1a: Slowking|Slowking-Galar, F|73\/100\n|move|p2a: Zapdos|Volt Switch|p1a: Slowking\n|-damage|p1a: Slowking|53\/100\n|\n|t:|1699284269\n|switch|p2a: Dragapult|Dragapult, M|100\/100|[from] Volt Switch\n|-damage|p2a: Dragapult|88\/100|[from] Stealth Rock\n|\n|upkeep\n|turn|14\n|l| Aaron MA\n|j| Aaron MA\n|\n|t:|1699284365\n|switch|p1a: Du hachich|Leafeon, F, shiny|100\/100\n|move|p2a: Dragapult|Draco Meteor|p1a: Du hachich\n|-damage|p1a: Du hachich|0 fnt\n|-unboost|p2a: Dragapult|spa|2\n|faint|p1a: Du hachich\n|\n|upkeep\n|\n|t:|1699284391\n|switch|p1a: Chuis Chaud!|Torkoal, M|100\/100\n|-weather|SunnyDay|[from] ability: Drought|[of] p1a: Chuis Chaud!\n|turn|15\n|\n|t:|1699284403\n|switch|p1a: Slowking|Slowking-Galar, F|86\/100\n|move|p2a: Dragapult|Draco Meteor|p1a: Slowking|[miss]\n|-miss|p2a: Dragapult|p1a: Slowking\n|\n|-weather|SunnyDay|[upkeep]\n|upkeep\n|turn|16\n|\n|t:|1699284423\n|switch|p2a: Slowking|Slowking-Galar, M, tera:Water|100\/100 brn\n|-damage|p2a: Slowking|88\/100 brn|[from] Stealth Rock\n|move|p1a: Slowking|Flamethrower|p2a: Slowking\n|-resisted|p2a: Slowking\n|-damage|p2a: Slowking|78\/100 brn\n|\n|-weather|SunnyDay|[upkeep]\n|-damage|p2a: Slowking|72\/100 brn|[from] brn\n|upkeep\n|turn|17\n|\n|t:|1699284441\n|switch|p1a: Le m\u00e9chant|Roaring Moon, shiny|100\/100\n|-activate|p1a: Le m\u00e9chant|ability: Protosynthesis\n|-start|p1a: Le m\u00e9chant|protosynthesisspe\n|move|p2a: Slowking|Chilly Reception|p2a: Slowking\n|-weather|Snow\n|-end|p1a: Le m\u00e9chant|Protosynthesis\n|\n|t:|1699284452\n|switch|p2a: Dragapult|Dragapult, M|88\/100|[from] Chilly Reception\n|-damage|p2a: Dragapult|76\/100|[from] Stealth Rock\n|\n|-weather|Snow|[upkeep]\n|upkeep\n|turn|18\n|\n|t:|1699284460\n|-end|p1a: Le m\u00e9chant|Protosynthesis|[silent]\n|switch|p1a: Slowking|Slowking-Galar, F|100\/100\n|move|p2a: Dragapult|U-turn|p1a: Slowking\n|-damage|p1a: Slowking|81\/100\n|\n|t:|1699284507\n|switch|p2a: Zapdos|Zapdos|71\/100|[from] U-turn\n|\n|-weather|Snow|[upkeep]\n|upkeep\n|turn|19\n|\n|t:|1699284518\n|move|p2a: Zapdos|Volt Switch|p1a: Slowking\n|-damage|p1a: Slowking|63\/100\n|\n|t:|1699284523\n|switch|p2a: Slowking|Slowking-Galar, M, tera:Water|100\/100 brn|[from] Volt Switch\n|-damage|p2a: Slowking|88\/100 brn|[from] Stealth Rock\n|move|p1a: Slowking|Future Sight|p2a: Slowking\n|-start|p1a: Slowking|move: Future Sight\n|\n|-weather|Snow|[upkeep]\n|-damage|p2a: Slowking|82\/100 brn|[from] brn\n|upkeep\n|turn|20\n|\n|t:|1699284557\n|switch|p1a: Le m\u00e9chant|Roaring Moon, shiny|100\/100\n|move|p2a: Slowking|Chilly Reception|p2a: Slowking\n|\n|t:|1699284576\n|switch|p2a: Scizor|Scizor, M|68\/100|[from] Chilly Reception\n|-damage|p2a: Scizor|56\/100|[from] Stealth Rock\n|\n|-weather|Snow|[upkeep]\n|-heal|p2a: Scizor|62\/100|[from] item: Leftovers\n|upkeep\n|turn|21\n|\n|t:|1699284587\n|-end|p1a: Le m\u00e9chant|Protosynthesis|[silent]\n|switch|p1a: Chuis Chaud!|Torkoal, M|100\/100\n|-weather|SunnyDay|[from] ability: Drought|[of] p1a: Chuis Chaud!\n|move|p2a: Scizor|Close Combat|p1a: Chuis Chaud!\n|-damage|p1a: Chuis Chaud!|75\/100\n|-unboost|p2a: Scizor|def|1\n|-unboost|p2a: Scizor|spd|1\n|\n|-weather|SunnyDay|[upkeep]\n|-end|p2a: Scizor|move: Future Sight\n|-resisted|p2a: Scizor\n|-damage|p2a: Scizor|15\/100\n|-heal|p2a: Scizor|21\/100|[from] item: Leftovers\n|upkeep\n|turn|22\n|\n|t:|1699284610\n|switch|p1a: Wiki-Waki|Walking Wake|100\/100\n|-activate|p1a: Wiki-Waki|ability: Protosynthesis\n|-start|p1a: Wiki-Waki|protosynthesisspe\n|move|p2a: Scizor|Close Combat|p1a: Wiki-Waki\n|-damage|p1a: Wiki-Waki|58\/100\n|-unboost|p2a: Scizor|def|1\n|-unboost|p2a: Scizor|spd|1\n|\n|-weather|SunnyDay|[upkeep]\n|-heal|p2a: Scizor|27\/100|[from] item: Leftovers\n|upkeep\n|turn|23\n|\n|t:|1699284625\n|switch|p2a: Slowking|Slowking-Galar, M, tera:Water|100\/100 brn\n|-damage|p2a: Slowking|88\/100 brn|[from] Stealth Rock\n|move|p1a: Wiki-Waki|Hydro Steam|p2a: Slowking\n|-resisted|p2a: Slowking\n|-damage|p2a: Slowking|61\/100 brn\n|\n|-weather|SunnyDay|[upkeep]\n|-damage|p2a: Slowking|55\/100 brn|[from] brn\n|upkeep\n|turn|24\n|\n|t:|1699284637\n|-terastallize|p1a: Wiki-Waki|Water\n|move|p1a: Wiki-Waki|Hydro Steam|p2a: Slowking\n|-resisted|p2a: Slowking\n|-damage|p2a: Slowking|21\/100 brn\n|-enditem|p2a: Slowking|Sitrus Berry|[eat]\n|-heal|p2a: Slowking|46\/100 brn|[from] item: Sitrus Berry\n|move|p2a: Slowking|Chilly Reception|p2a: Slowking\n|-weather|Snow\n|-end|p1a: Wiki-Waki|Protosynthesis\n|\n|t:|1699284660\n|switch|p2a: Dragapult|Dragapult, M|76\/100|[from] Chilly Reception\n|-damage|p2a: Dragapult|64\/100|[from] Stealth Rock\n|\n|-weather|Snow|[upkeep]\n|upkeep\n|turn|25\n|\n|t:|1699284669\n|-end|p1a: Wiki-Waki|Protosynthesis|[silent]\n|switch|p1a: Slowking|Slowking-Galar, F|96\/100\n|move|p2a: Dragapult|Shadow Ball|p1a: Slowking\n|-supereffective|p1a: Slowking\n|-damage|p1a: Slowking|33\/100\n|\n|-weather|Snow|[upkeep]\n|upkeep\n|turn|26\n|\n|t:|1699284679\n|switch|p1a: Le m\u00e9chant|Roaring Moon, shiny|100\/100\n|move|p2a: Dragapult|Shadow Ball|p1a: Le m\u00e9chant\n|-resisted|p1a: Le m\u00e9chant\n|-damage|p1a: Le m\u00e9chant|77\/100\n|\n|-weather|Snow|[upkeep]\n|upkeep\n|turn|27\n|j| bogi2b\n|\n|t:|1699284706\n|switch|p2a: Scizor|Scizor, M|27\/100\n|-damage|p2a: Scizor|15\/100|[from] Stealth Rock\n|move|p1a: Le m\u00e9chant|Knock Off|p2a: Scizor\n|-damage|p2a: Scizor|0 fnt\n|-enditem|p2a: Scizor|Leftovers|[from] move: Knock Off|[of] p1a: Le m\u00e9chant\n|faint|p2a: Scizor\n|\n|-weather|Snow|[upkeep]\n|upkeep\n|\n|t:|1699284729\n|switch|p2a: Dragapult|Dragapult, M|64\/100\n|-damage|p2a: Dragapult|51\/100|[from] Stealth Rock\n|turn|28\n|\n|t:|1699284740\n|-end|p1a: Le m\u00e9chant|Protosynthesis|[silent]\n|switch|p1a: Slowking|Slowking-Galar, F|66\/100\n|move|p2a: Dragapult|Draco Meteor|p1a: Slowking\n|-damage|p1a: Slowking|14\/100\n|-unboost|p2a: Dragapult|spa|2\n|\n|-weather|none\n|upkeep\n|turn|29\n|\n|t:|1699284751\n|switch|p1a: On baizz?|Dondozo, F|88\/100 par\n|move|p2a: Dragapult|Draco Meteor|p1a: On baizz?|[miss]\n|-miss|p2a: Dragapult|p1a: On baizz?\n|\n|-heal|p1a: On baizz?|94\/100 par|[from] item: Leftovers\n|upkeep\n|turn|30\n|\n|t:|1699284766\n|switch|p1a: Slowking|Slowking-Galar, F|48\/100\n|move|p2a: Dragapult|Draco Meteor|p1a: Slowking|[miss]\n|-miss|p2a: Dragapult|p1a: Slowking\n|\n|upkeep\n|turn|31\n|l| bogi2b\n|\n|t:|1699284777\n|switch|p2a: Slowking|Slowking-Galar, M, tera:Water|79\/100 brn\n|-damage|p2a: Slowking|67\/100 brn|[from] Stealth Rock\n|move|p1a: Slowking|Future Sight|p2a: Slowking\n|-start|p1a: Slowking|move: Future Sight\n|\n|-damage|p2a: Slowking|61\/100 brn|[from] brn\n|upkeep\n|turn|32\n|\n|t:|1699284805\n|move|p2a: Slowking|Yawn|p1a: Slowking\n|-start|p1a: Slowking|move: Yawn|[of] p2a: Slowking\n|move|p1a: Slowking|Slack Off|p1a: Slowking\n|-heal|p1a: Slowking|98\/100\n|\n|-damage|p2a: Slowking|55\/100 brn|[from] brn\n|upkeep\n|turn|33\n|\n|t:|1699284846\n|switch|p1a: Le m\u00e9chant|Roaring Moon, shiny|77\/100\n|move|p2a: Slowking|Chilly Reception|p2a: Slowking\n|-weather|Snow\n|\n|t:|1699284863\n|switch|p2a: Dondozo|Dondozo, F|100\/100|[from] Chilly Reception\n|-damage|p2a: Dondozo|88\/100|[from] Stealth Rock\n|\n|-weather|Snow|[upkeep]\n|-end|p2a: Dondozo|move: Future Sight\n|-damage|p2a: Dondozo|60\/100\n|upkeep\n|turn|34\n|\n|t:|1699284881\n|-end|p1a: Le m\u00e9chant|Protosynthesis|[silent]\n|switch|p1a: Chuis Chaud!|Torkoal, M|75\/100\n|-weather|SunnyDay|[from] ability: Drought|[of] p1a: Chuis Chaud!\n|move|p2a: Dondozo|Avalanche|p1a: Chuis Chaud!\n|-resisted|p1a: Chuis Chaud!\n|-damage|p1a: Chuis Chaud!|72\/100\n|\n|-weather|SunnyDay|[upkeep]\n|upkeep\n|turn|35\n|\n|t:|1699284896\n|switch|p1a: Wiki-Waki|Walking Wake, tera:Water|58\/100\n|-activate|p1a: Wiki-Waki|ability: Protosynthesis\n|-start|p1a: Wiki-Waki|protosynthesisspe\n|move|p2a: Dondozo|Body Press|p1a: Wiki-Waki\n|-damage|p1a: Wiki-Waki|34\/100\n|\n|-weather|SunnyDay|[upkeep]\n|upkeep\n|turn|36\n|\n|t:|1699284911\n|switch|p2a: Ninetales|Ninetales-Alola, F|100\/100\n|-damage|p2a: Ninetales|76\/100|[from] Stealth Rock\n|-weather|Snow|[from] ability: Snow Warning|[of] p2a: Ninetales\n|-end|p1a: Wiki-Waki|Protosynthesis\n|move|p1a: Wiki-Waki|Hydro Steam|p2a: Ninetales\n|-damage|p2a: Ninetales|0 fnt\n|faint|p2a: Ninetales\n|\n|-weather|Snow|[upkeep]\n|upkeep\n|l| Asta28240\n|\n|t:|1699284949\n|switch|p2a: Dragapult|Dragapult, M|51\/100\n|-damage|p2a: Dragapult|39\/100|[from] Stealth Rock\n|turn|37\n|\n|t:|1699284965\n|-end|p1a: Wiki-Waki|Protosynthesis|[silent]\n|switch|p1a: Slowking|Slowking-Galar, F|100\/100\n|move|p2a: Dragapult|Shadow Ball|p1a: Slowking\n|-supereffective|p1a: Slowking\n|-damage|p1a: Slowking|39\/100\n|-unboost|p1a: Slowking|spd|1\n|\n|-weather|Snow|[upkeep]\n|upkeep\n|turn|38\n|\n|t:|1699284976\n|switch|p2a: Dondozo|Dondozo, F|60\/100\n|-damage|p2a: Dondozo|48\/100|[from] Stealth Rock\n|switch|p1a: On baizz?|Dondozo, F|94\/100 par\n|\n|-weather|Snow|[upkeep]\n|-heal|p1a: On baizz?|100\/100 par|[from] item: Leftovers\n|upkeep\n|turn|39\n|\n|t:|1699284992\n|switch|p1a: Slowking|Slowking-Galar, F|73\/100\n|move|p2a: Dondozo|Rest|p2a: Dondozo\n|-status|p2a: Dondozo|slp|[from] move: Rest\n|-heal|p2a: Dondozo|100\/100 slp|[silent]\n|\n|-weather|Snow|[upkeep]\n|upkeep\n|turn|40\n|\n|t:|1699285003\n|cant|p2a: Dondozo|slp\n|move|p1a: Slowking|Future Sight|p2a: Dondozo\n|-start|p1a: Slowking|move: Future Sight\n|\n|-weather|none\n|upkeep\n|turn|41\n|\n|t:|1699285025\n|cant|p2a: Dondozo|slp\n|move|p1a: Slowking|Sludge Bomb|p2a: Dondozo\n|-damage|p2a: Dondozo|78\/100 slp\n|\n|upkeep\n|turn|42\n|\n|t:|1699285038\n|switch|p2a: Slowking|Slowking-Galar, M, tera:Water|88\/100 brn\n|-damage|p2a: Slowking|75\/100 brn|[from] Stealth Rock\n|switch|p1a: Chuis Chaud!|Torkoal, M|72\/100\n|-weather|SunnyDay|[from] ability: Drought|[of] p1a: Chuis Chaud!\n|\n|-weather|SunnyDay|[upkeep]\n|-end|p2a: Slowking|move: Future Sight\n|-damage|p2a: Slowking|48\/100 brn\n|-damage|p2a: Slowking|42\/100 brn|[from] brn\n|upkeep\n|turn|43\n|\n|t:|1699285056\n|switch|p1a: Slowking|Slowking-Galar, F|100\/100\n|move|p2a: Slowking|Chilly Reception|p2a: Slowking\n|-weather|Snow\n|l| Vincent RPPLF\n|\n|t:|1699285076\n|switch|p2a: Dragapult|Dragapult, M|39\/100|[from] Chilly Reception\n|-damage|p2a: Dragapult|27\/100|[from] Stealth Rock\n|\n|-weather|Snow|[upkeep]\n|upkeep\n|turn|44\n|\n|t:|1699285098\n|move|p2a: Dragapult|Shadow Ball|p1a: Slowking\n|-supereffective|p1a: Slowking\n|-damage|p1a: Slowking|44\/100\n|move|p1a: Slowking|Sludge Bomb|p2a: Dragapult\n|-resisted|p2a: Dragapult\n|-damage|p2a: Dragapult|3\/100\n|\n|-weather|Snow|[upkeep]\n|upkeep\n|turn|45\n|\n|t:|1699285108\n|switch|p1a: Le m\u00e9chant|Roaring Moon, shiny|77\/100\n|move|p2a: Dragapult|Shadow Ball|p1a: Le m\u00e9chant\n|-resisted|p1a: Le m\u00e9chant\n|-damage|p1a: Le m\u00e9chant|53\/100\n|\n|-weather|Snow|[upkeep]\n|upkeep\n|turn|46\n|\n|t:|1699285117\n|move|p2a: Dragapult|Shadow Ball|p1a: Le m\u00e9chant\n|-resisted|p1a: Le m\u00e9chant\n|-damage|p1a: Le m\u00e9chant|29\/100\n|move|p1a: Le m\u00e9chant|Knock Off|p2a: Dragapult\n|-supereffective|p2a: Dragapult\n|-damage|p2a: Dragapult|0 fnt\n|-enditem|p2a: Dragapult|Choice Specs|[from] move: Knock Off|[of] p1a: Le m\u00e9chant\n|faint|p2a: Dragapult\n|\n|-weather|Snow|[upkeep]\n|upkeep\n|j| Vincent RPPLF\n|\n|t:|1699285134\n|switch|p2a: Dondozo|Dondozo, F|78\/100 slp\n|-damage|p2a: Dondozo|66\/100 slp|[from] Stealth Rock\n|turn|47\n|\n|t:|1699285138\n|-end|p1a: Le m\u00e9chant|Protosynthesis|[silent]\n|switch|p1a: Chuis Chaud!|Torkoal, M|72\/100\n|-weather|SunnyDay|[from] ability: Drought|[of] p1a: Chuis Chaud!\n|-curestatus|p2a: Dondozo|slp|[msg]\n|move|p2a: Dondozo|Curse|p2a: Dondozo\n|-unboost|p2a: Dondozo|spe|1\n|-boost|p2a: Dondozo|atk|1\n|-boost|p2a: Dondozo|def|1\n|\n|-weather|SunnyDay|[upkeep]\n|upkeep\n|turn|48\n|\n|t:|1699285154\n|move|p1a: Chuis Chaud!|Yawn|p2a: Dondozo\n|-start|p2a: Dondozo|move: Yawn|[of] p1a: Chuis Chaud!\n|move|p2a: Dondozo|Body Press|p1a: Chuis Chaud!\n|-damage|p1a: Chuis Chaud!|54\/100\n|\n|-weather|SunnyDay|[upkeep]\n|upkeep\n|turn|49\n|\n|t:|1699285190\n|switch|p1a: Slowking|Slowking-Galar, F|77\/100\n|move|p2a: Dondozo|Body Press|p1a: Slowking\n|-resisted|p1a: Slowking\n|-damage|p1a: Slowking|69\/100\n|\n|-weather|SunnyDay|[upkeep]\n|-end|p2a: Dondozo|move: Yawn|[silent]\n|-status|p2a: Dondozo|slp\n|upkeep\n|turn|50\n|l| Vincent RPPLF\n|\n|t:|1699285210\n|switch|p2a: Slowking|Slowking-Galar, M, tera:Water|76\/100 brn\n|-damage|p2a: Slowking|63\/100 brn|[from] Stealth Rock\n|move|p1a: Slowking|Future Sight|p2a: Slowking\n|-start|p1a: Slowking|move: Future Sight\n|\n|-weather|SunnyDay|[upkeep]\n|-damage|p2a: Slowking|57\/100 brn|[from] brn\n|upkeep\n|turn|51\n|\n|t:|1699285226\n|move|p2a: Slowking|Yawn|p1a: Slowking\n|-start|p1a: Slowking|move: Yawn|[of] p2a: Slowking\n|move|p1a: Slowking|Sludge Bomb|p2a: Slowking\n|-crit|p2a: Slowking\n|-damage|p2a: Slowking|29\/100 brn\n|\n|-weather|SunnyDay|[upkeep]\n|-damage|p2a: Slowking|23\/100 brn|[from] brn\n|upkeep\n|turn|52\n|\n|t:|1699285237\n|switch|p1a: Le m\u00e9chant|Roaring Moon, shiny|29\/100\n|-activate|p1a: Le m\u00e9chant|ability: Protosynthesis\n|-start|p1a: Le m\u00e9chant|protosynthesisspe\n|move|p2a: Slowking|Chilly Reception|p2a: Slowking\n|-weather|Snow\n|-end|p1a: Le m\u00e9chant|Protosynthesis\n|\n|t:|1699285245\n|switch|p2a: Zapdos|Zapdos|71\/100|[from] Chilly Reception\n|\n|-weather|Snow|[upkeep]\n|-end|p2a: Zapdos|move: Future Sight\n|-damage|p2a: Zapdos|28\/100\n|upkeep\n|turn|53\n|\n|t:|1699285257\n|-end|p1a: Le m\u00e9chant|Protosynthesis|[silent]\n|switch|p1a: Slowking|Slowking-Galar, F|100\/100\n|move|p2a: Zapdos|Hurricane|p1a: Slowking\n|-damage|p1a: Slowking|69\/100\n|\n|-weather|Snow|[upkeep]\n|upkeep\n|turn|54\n|\n|t:|1699285265\n|move|p2a: Zapdos|Roost|p2a: Zapdos\n|-heal|p2a: Zapdos|78\/100\n|-singleturn|p2a: Zapdos|move: Roost\n|move|p1a: Slowking|Future Sight|p2a: Zapdos\n|-start|p1a: Slowking|move: Future Sight\n|\n|-weather|Snow|[upkeep]\n|upkeep\n|turn|55\n|j| Vincent RPPLF\n|\n|t:|1699285277\n|move|p2a: Zapdos|Volt Switch|p1a: Slowking\n|-damage|p1a: Slowking|50\/100\n|\n|t:|1699285280\n|switch|p2a: Slowking|Slowking-Galar, M, tera:Water|57\/100 brn|[from] Volt Switch\n|-damage|p2a: Slowking|44\/100 brn|[from] Stealth Rock\n|move|p1a: Slowking|Sludge Bomb|p2a: Slowking\n|-damage|p2a: Slowking|24\/100 brn\n|\n|-weather|Snow|[upkeep]\n|-damage|p2a: Slowking|18\/100 brn|[from] brn\n|upkeep\n|turn|56\n|\n|t:|1699285293\n|move|p2a: Slowking|Chilly Reception|p2a: Slowking\n|\n|t:|1699285317\n|switch|p2a: Zapdos|Zapdos|78\/100|[from] Chilly Reception\n|move|p1a: Slowking|Sludge Bomb|p2a: Zapdos\n|-damage|p2a: Zapdos|44\/100\n|\n|-weather|none\n|-end|p2a: Zapdos|move: Future Sight\n|-damage|p2a: Zapdos|0 fnt\n|faint|p2a: Zapdos\n|upkeep\n|\n|t:|1699285328\n|switch|p2a: Dondozo|Dondozo, F|66\/100 slp\n|-damage|p2a: Dondozo|53\/100 slp|[from] Stealth Rock\n|turn|57\n|\n|t:|1699285334\n|cant|p2a: Dondozo|slp\n|move|p1a: Slowking|Future Sight|p2a: Dondozo\n|-start|p1a: Slowking|move: Future Sight\n|\n|upkeep\n|turn|58\n|\n|t:|1699285341\n|switch|p1a: Chuis Chaud!|Torkoal, M|54\/100\n|-weather|SunnyDay|[from] ability: Drought|[of] p1a: Chuis Chaud!\n|cant|p2a: Dondozo|slp\n|\n|-weather|SunnyDay|[upkeep]\n|upkeep\n|turn|59\n|\n|t:|1699285360\n|switch|p1a: Slowking|Slowking-Galar, F|83\/100\n|-curestatus|p2a: Dondozo|slp|[msg]\n|move|p2a: Dondozo|Rest|p2a: Dondozo\n|-status|p2a: Dondozo|slp|[from] move: Rest\n|-heal|p2a: Dondozo|100\/100 slp|[silent]\n|\n|-weather|SunnyDay|[upkeep]\n|-end|p2a: Dondozo|move: Future Sight\n|-damage|p2a: Dondozo|74\/100 slp\n|upkeep\n|turn|60\n|\n|t:|1699285374\n|cant|p2a: Dondozo|slp\n|move|p1a: Slowking|Future Sight|p2a: Dondozo\n|-start|p1a: Slowking|move: Future Sight\n|\n|-weather|SunnyDay|[upkeep]\n|upkeep\n|turn|61\n|\n|t:|1699285382\n|switch|p2a: Slowking|Slowking-Galar, M, tera:Water|51\/100 brn\n|-damage|p2a: Slowking|38\/100 brn|[from] Stealth Rock\n|switch|p1a: Wiki-Waki|Walking Wake, tera:Water|34\/100\n|-activate|p1a: Wiki-Waki|ability: Protosynthesis\n|-start|p1a: Wiki-Waki|protosynthesisspe\n|\n|-weather|SunnyDay|[upkeep]\n|-damage|p2a: Slowking|32\/100 brn|[from] brn\n|upkeep\n|turn|62\n|\n|t:|1699285398\n|move|p1a: Wiki-Waki|Draco Meteor|p2a: Slowking\n|-damage|p2a: Slowking|0 fnt\n|-unboost|p1a: Wiki-Waki|spa|2\n|faint|p2a: Slowking\n|\n|-weather|SunnyDay|[upkeep]\n|-hint|Future Sight did not hit because the target is fainted.\n|upkeep\n|\n|t:|1699285405\n|switch|p2a: Dondozo|Dondozo, F|74\/100 slp\n|-damage|p2a: Dondozo|62\/100 slp|[from] Stealth Rock\n|turn|63\n|\n|t:|1699285411\n|move|p1a: Wiki-Waki|Draco Meteor|p2a: Dondozo\n|-damage|p2a: Dondozo|0 fnt\n|-unboost|p1a: Wiki-Waki|spa|2\n|faint|p2a: Dondozo\n|\n|win|Skotchaud\n|l| Vincent RPPLF\n","uploadtime":1699285418,"views":9,"p1id":"skotchaud","p2id":"dylaninthema","formatid":"gen9ubers","rating":0,"private":0,"password":""}