{"id":"gen9ubers-1999789838","p1":"Blitz2656","p2":"Dragon Master Rosa","format":"[Gen 9] Ubers","log":"|j|\u2606Blitz2656\n|j|\u2606Dragon Master Rosa\n|t:|1701116896\n|gametype|singles\n|player|p1|Blitz2656|mustard-master|\n|player|p2|Dragon Master Rosa|dragontamer-gen9|\n|teamsize|p1|6\n|teamsize|p2|6\n|gen|9\n|tier|[Gen 9] Ubers\n|rule|Sleep Clause Mod: Limit one foe put to sleep\n|rule|Species Clause: Limit one of each Pok\u00e9mon\n|rule|OHKO Clause: OHKO moves are banned\n|rule|Evasion Items Clause: Evasion items are banned\n|rule|Evasion Moves Clause: Evasion moves are banned\n|rule|Endless Battle Clause: Forcing endless battles is banned\n|rule|HP Percentage Mod: HP is shown in percentages\n|clearpoke\n|poke|p1|Dipplin, F|\n|poke|p1|Palafin, M|\n|poke|p1|Empoleon, F|\n|poke|p1|Slowking-Galar, M|\n|poke|p1|Ting-Lu|\n|poke|p1|Goodra-Hisui, F|\n|poke|p2|Iron Bundle|\n|poke|p2|Noivern, F|\n|poke|p2|Toedscruel, F|\n|poke|p2|Slowking-Galar, M|\n|poke|p2|Greninja-*, F|\n|poke|p2|Moltres|\n|teampreview\n|inactive|Battle timer is ON: inactive players will automatically lose when time's up. (requested by Blitz2656)\n|inactive|Dragon Master Rosa has 270 seconds left.\n|inactiveoff|Battle timer is now OFF.\n|\n|t:|1701116974\n|start\n|switch|p1a: Empoleon|Empoleon, F|100\/100\n|switch|p2a: Slowking|Slowking-Galar, M|100\/100\n|turn|1\n|\n|t:|1701116979\n|move|p1a: Empoleon|Stealth Rock|p2a: Slowking\n|-sidestart|p2: Dragon Master Rosa|move: Stealth Rock\n|move|p2a: Slowking|Thunder Wave|p1a: Empoleon|[miss]\n|-miss|p2a: Slowking|p1a: Empoleon\n|\n|upkeep\n|turn|2\n|\n|t:|1701116984\n|move|p1a: Empoleon|Flip Turn|p2a: Slowking\n|-damage|p2a: Slowking|85\/100\n|\n|t:|1701116986\n|switch|p1a: Ting-Lu|Ting-Lu|100\/100|[from] Flip Turn\n|-ability|p1a: Ting-Lu|Vessel of Ruin\n|move|p2a: Slowking|Chilly Reception|p2a: Slowking\n|-weather|Snow\n|\n|t:|1701116989\n|switch|p2a: Toedscruel|Toedscruel, F|100\/100|[from] Chilly Reception\n|-damage|p2a: Toedscruel|94\/100|[from] Stealth Rock\n|\n|-weather|Snow|[upkeep]\n|-heal|p2a: Toedscruel|100\/100|[from] item: Leftovers\n|upkeep\n|turn|3\n|\n|t:|1701116999\n|switch|p1a: Goodra|Goodra-Hisui, F|100\/100\n|move|p2a: Toedscruel|Spore|p1a: Goodra\n|-status|p1a: Goodra|slp|[from] move: Spore\n|\n|-weather|Snow|[upkeep]\n|upkeep\n|turn|4\n|c|\u2606Blitz2656|OH RIGHT\n|c|\u2606Blitz2656|I didnt think that would break sap sipper but makes sense\n|\n|t:|1701117026\n|switch|p1a: Palafin|Palafin, M|100\/100\n|move|p2a: Toedscruel|Rapid Spin|p1a: Palafin\n|-damage|p1a: Palafin|89\/100\n|-boost|p2a: Toedscruel|spe|1\n|-sideend|p2: Dragon Master Rosa|Stealth Rock|[from] move: Rapid Spin|[of] p2a: Toedscruel\n|\n|-weather|Snow|[upkeep]\n|upkeep\n|turn|5\n|c|\u2606Dragon Master Rosa|oh yeah\n|c|\u2606Dragon Master Rosa|mycelium might goated\n|\n|t:|1701117037\n|move|p2a: Toedscruel|Knock Off|p1a: Palafin\n|-damage|p1a: Palafin|66\/100\n|-enditem|p1a: Palafin|Choice Specs|[from] move: Knock Off|[of] p2a: Toedscruel\n|move|p1a: Palafin|Ice Beam|p2a: Toedscruel\n|-supereffective|p2a: Toedscruel\n|-damage|p2a: Toedscruel|59\/100\n|\n|-weather|Snow|[upkeep]\n|-heal|p2a: Toedscruel|65\/100|[from] item: Leftovers\n|upkeep\n|turn|6\n|\n|t:|1701117049\n|switch|p2a: Iron Bundle|Iron Bundle|100\/100\n|move|p1a: Palafin|Surf|p2a: Iron Bundle\n|-resisted|p2a: Iron Bundle\n|-damage|p2a: Iron Bundle|73\/100\n|\n|-weather|none\n|upkeep\n|turn|7\n|\n|t:|1701117060\n|detailschange|p1a: Palafin|Palafin-Hero, M\n|switch|p1a: Slowking|Slowking-Galar, M|100\/100\n|move|p2a: Iron Bundle|Flip Turn|p1a: Slowking\n|-damage|p1a: Slowking|75\/100\n|\n|t:|1701117067\n|-end|p2a: Iron Bundle|Quark Drive|[silent]\n|switch|p2a: Slowking|Slowking-Galar, M|100\/100|[from] Flip Turn\n|\n|upkeep\n|turn|8\n|\n|t:|1701117073\n|move|p2a: Slowking|Taunt|p1a: Slowking\n|-start|p1a: Slowking|move: Taunt\n|cant|p1a: Slowking|move: Taunt|Chilly Reception\n|\n|upkeep\n|turn|9\n|\n|t:|1701117084\n|switch|p1a: Goodra|Goodra-Hisui, F|100\/100 slp\n|move|p2a: Slowking|Chilly Reception|p2a: Slowking\n|-weather|Snow\n|\n|t:|1701117102\n|switch|p2a: Greninja|Greninja, F|100\/100|[from] Chilly Reception\n|\n|-weather|Snow|[upkeep]\n|upkeep\n|turn|10\n|\n|t:|1701117114\n|switch|p1a: Empoleon|Empoleon, F|100\/100\n|move|p2a: Greninja|Swords Dance|p2a: Greninja\n|-boost|p2a: Greninja|atk|2\n|\n|-weather|Snow|[upkeep]\n|upkeep\n|turn|11\n|\n|t:|1701117128\n|move|p2a: Greninja|Night Slash|p1a: Empoleon\n|-damage|p1a: Empoleon|42\/100\n|-damage|p2a: Greninja|84\/100|[from] item: Rocky Helmet|[of] p1a: Empoleon\n|-damage|p2a: Greninja|74\/100|[from] item: Life Orb\n|move|p1a: Empoleon|Flip Turn|p2a: Greninja\n|-resisted|p2a: Greninja\n|-damage|p2a: Greninja|58\/100\n|\n|t:|1701117138\n|switch|p1a: Dipplin|Dipplin, F|100\/100|[from] Flip Turn\n|\n|-weather|Snow|[upkeep]\n|upkeep\n|turn|12\n|\n|t:|1701117150\n|move|p2a: Greninja|Night Slash|p1a: Dipplin\n|-damage|p1a: Dipplin|66\/100\n|-damage|p2a: Greninja|49\/100|[from] item: Life Orb\n|move|p1a: Dipplin|Dragon Tail|p2a: Greninja\n|-damage|p2a: Greninja|20\/100\n|drag|p2a: Iron Bundle|Iron Bundle|73\/100\n|\n|-weather|Snow|[upkeep]\n|upkeep\n|turn|13\n|\n|t:|1701117168\n|move|p2a: Iron Bundle|Ice Spinner|p1a: Dipplin\n|-supereffective|p1a: Dipplin\n|-damage|p1a: Dipplin|0 fnt\n|faint|p1a: Dipplin\n|\n|-weather|none\n|upkeep\n|\n|t:|1701117170\n|switch|p1a: Empoleon|Empoleon, F|42\/100\n|turn|14\n|\n|t:|1701117173\n|-end|p2a: Iron Bundle|Quark Drive|[silent]\n|switch|p2a: Greninja|Greninja, F|20\/100\n|move|p1a: Empoleon|Stealth Rock|p2a: Greninja\n|-sidestart|p2: Dragon Master Rosa|move: Stealth Rock\n|\n|upkeep\n|turn|15\n|\n|t:|1701117180\n|move|p2a: Greninja|Night Slash|p1a: Empoleon\n|-damage|p1a: Empoleon|13\/100\n|-damage|p2a: Greninja|3\/100|[from] item: Rocky Helmet|[of] p1a: Empoleon\n|-damage|p2a: Greninja|0 fnt|[from] item: Life Orb\n|faint|p2a: Greninja\n|move|p1a: Empoleon|Roost|p1a: Empoleon\n|-heal|p1a: Empoleon|63\/100\n|-singleturn|p1a: Empoleon|move: Roost\n|\n|upkeep\n|\n|t:|1701117183\n|switch|p2a: Toedscruel|Toedscruel, F|65\/100\n|-damage|p2a: Toedscruel|59\/100|[from] Stealth Rock\n|turn|16\n|\n|t:|1701117208\n|move|p1a: Empoleon|Knock Off|p2a: Toedscruel\n|-damage|p2a: Toedscruel|31\/100\n|-enditem|p2a: Toedscruel|Leftovers|[from] move: Knock Off|[of] p1a: Empoleon\n|move|p2a: Toedscruel|Leech Seed|p1a: Empoleon\n|-start|p1a: Empoleon|move: Leech Seed\n|\n|-damage|p1a: Empoleon|50\/100|[from] Leech Seed|[of] p2a: Toedscruel\n|-heal|p2a: Toedscruel|44\/100|[silent]\n|upkeep\n|turn|17\n|\n|t:|1701117213\n|move|p2a: Toedscruel|Rapid Spin|p1a: Empoleon\n|-resisted|p1a: Empoleon\n|-damage|p1a: Empoleon|47\/100\n|-boost|p2a: Toedscruel|spe|1\n|-damage|p2a: Toedscruel|27\/100|[from] item: Rocky Helmet|[of] p1a: Empoleon\n|-sideend|p2: Dragon Master Rosa|Stealth Rock|[from] move: Rapid Spin|[of] p2a: Toedscruel\n|move|p1a: Empoleon|Flip Turn|p2a: Toedscruel\n|-damage|p2a: Toedscruel|4\/100\n|\n|t:|1701117234\n|switch|p1a: Palafin|Palafin-Hero, M|66\/100|[from] Flip Turn\n|-activate|p1a: Palafin|ability: Zero to Hero\n|\n|upkeep\n|turn|18\n|\n|t:|1701117252\n|move|p2a: Toedscruel|Knock Off|p1a: Palafin\n|-damage|p1a: Palafin|54\/100\n|move|p1a: Palafin|Ice Beam|p2a: Toedscruel\n|-supereffective|p2a: Toedscruel\n|-damage|p2a: Toedscruel|0 fnt\n|faint|p2a: Toedscruel\n|\n|upkeep\n|\n|t:|1701117263\n|switch|p2a: Iron Bundle|Iron Bundle|73\/100\n|turn|19\n|\n|t:|1701117267\n|-terastallize|p2a: Iron Bundle|Electric\n|move|p2a: Iron Bundle|Tera Blast|p1a: Palafin|[anim] Tera Blast Electric\n|-supereffective|p1a: Palafin\n|-damage|p1a: Palafin|0 fnt\n|faint|p1a: Palafin\n|\n|upkeep\n|\n|t:|1701117274\n|switch|p1a: Ting-Lu|Ting-Lu|100\/100\n|-ability|p1a: Ting-Lu|Vessel of Ruin\n|turn|20\n|\n|t:|1701117279\n|-end|p2a: Iron Bundle|Quark Drive|[silent]\n|switch|p2a: Noivern|Noivern, F|100\/100\n|move|p1a: Ting-Lu|Stealth Rock|p2a: Noivern\n|-sidestart|p2: Dragon Master Rosa|move: Stealth Rock\n|\n|upkeep\n|turn|21\n|\n|t:|1701117285\n|move|p1a: Ting-Lu|Protect|p1a: Ting-Lu\n|-singleturn|p1a: Ting-Lu|Protect\n|move|p2a: Noivern|Defog|p1a: Ting-Lu\n|-activate|p1a: Ting-Lu|move: Protect\n|\n|upkeep\n|turn|22\n|\n|t:|1701117289\n|move|p2a: Noivern|Defog|p1a: Ting-Lu\n|-unboost|p1a: Ting-Lu|evasion|1\n|-sideend|p2: Dragon Master Rosa|Stealth Rock|[from] move: Defog|[of] p2a: Noivern\n|move|p1a: Ting-Lu|Ruination|p2a: Noivern\n|-damage|p2a: Noivern|51\/100\n|\n|upkeep\n|turn|23\n|\n|t:|1701117292\n|move|p2a: Noivern|U-turn|p1a: Ting-Lu\n|-supereffective|p1a: Ting-Lu\n|-damage|p1a: Ting-Lu|82\/100\n|\n|t:|1701117294\n|switch|p2a: Iron Bundle|Iron Bundle, tera:Electric|73\/100|[from] U-turn\n|move|p1a: Ting-Lu|Whirlwind|p2a: Iron Bundle\n|-end|p2a: Iron Bundle|Quark Drive|[silent]\n|drag|p2a: Noivern|Noivern, F|51\/100\n|\n|-heal|p1a: Ting-Lu|88\/100|[from] item: Leftovers\n|upkeep\n|turn|24\n|\n|t:|1701117300\n|move|p2a: Noivern|U-turn|p1a: Ting-Lu\n|-supereffective|p1a: Ting-Lu\n|-damage|p1a: Ting-Lu|72\/100\n|\n|t:|1701117303\n|switch|p2a: Iron Bundle|Iron Bundle, tera:Electric|73\/100|[from] U-turn\n|move|p1a: Ting-Lu|Stealth Rock|p2a: Iron Bundle\n|-sidestart|p2: Dragon Master Rosa|move: Stealth Rock\n|\n|-heal|p1a: Ting-Lu|78\/100|[from] item: Leftovers\n|upkeep\n|turn|25\n|\n|t:|1701117308\n|move|p1a: Ting-Lu|Protect|p1a: Ting-Lu\n|-singleturn|p1a: Ting-Lu|Protect\n|move|p2a: Iron Bundle|Flip Turn|p1a: Ting-Lu\n|-activate|p1a: Ting-Lu|move: Protect\n|\n|-heal|p1a: Ting-Lu|85\/100|[from] item: Leftovers\n|upkeep\n|turn|26\n|\n|t:|1701117313\n|move|p2a: Iron Bundle|Flip Turn|p1a: Ting-Lu\n|-supereffective|p1a: Ting-Lu\n|-damage|p1a: Ting-Lu|47\/100\n|\n|t:|1701117315\n|-end|p2a: Iron Bundle|Quark Drive|[silent]\n|switch|p2a: Noivern|Noivern, F|51\/100|[from] Flip Turn\n|move|p1a: Ting-Lu|Whirlwind|p2a: Noivern\n|drag|p2a: Slowking|Slowking-Galar, M|100\/100\n|-damage|p2a: Slowking|88\/100|[from] Stealth Rock\n|\n|-heal|p1a: Ting-Lu|53\/100|[from] item: Leftovers\n|-heal|p2a: Slowking|94\/100|[from] item: Leftovers\n|upkeep\n|turn|27\n|\n|t:|1701117323\n|move|p1a: Ting-Lu|Ruination|p2a: Slowking\n|-damage|p2a: Slowking|47\/100\n|move|p2a: Slowking|Taunt|p1a: Ting-Lu\n|-start|p1a: Ting-Lu|move: Taunt\n|\n|-heal|p1a: Ting-Lu|59\/100|[from] item: Leftovers\n|-heal|p2a: Slowking|53\/100|[from] item: Leftovers\n|upkeep\n|turn|28\n|\n|t:|1701117327\n|move|p1a: Ting-Lu|Ruination|p2a: Slowking\n|-damage|p2a: Slowking|27\/100\n|move|p2a: Slowking|Chilly Reception|p2a: Slowking\n|-weather|Snow\n|\n|t:|1701117329\n|switch|p2a: Noivern|Noivern, F|51\/100|[from] Chilly Reception\n|\n|-weather|Snow|[upkeep]\n|-heal|p1a: Ting-Lu|65\/100|[from] item: Leftovers\n|upkeep\n|turn|29\n|\n|t:|1701117337\n|move|p2a: Noivern|Defog|p1a: Ting-Lu\n|-unboost|p1a: Ting-Lu|evasion|1\n|-sideend|p2: Dragon Master Rosa|Stealth Rock|[from] move: Defog|[of] p2a: Noivern\n|move|p1a: Ting-Lu|Ruination|p2a: Noivern\n|-damage|p2a: Noivern|26\/100\n|\n|-weather|Snow|[upkeep]\n|-heal|p1a: Ting-Lu|72\/100|[from] item: Leftovers\n|upkeep\n|turn|30\n|\n|t:|1701117342\n|move|p2a: Noivern|U-turn|p1a: Ting-Lu\n|-supereffective|p1a: Ting-Lu\n|-damage|p1a: Ting-Lu|54\/100\n|\n|t:|1701117344\n|switch|p2a: Moltres|Moltres|100\/100|[from] U-turn\n|move|p1a: Ting-Lu|Ruination|p2a: Moltres\n|-damage|p2a: Moltres|51\/100\n|\n|-weather|Snow|[upkeep]\n|-heal|p1a: Ting-Lu|60\/100|[from] item: Leftovers\n|-end|p1a: Ting-Lu|move: Taunt\n|upkeep\n|turn|31\n|\n|t:|1701117351\n|move|p1a: Ting-Lu|Protect|p1a: Ting-Lu\n|-singleturn|p1a: Ting-Lu|Protect\n|move|p2a: Moltres|U-turn|p1a: Ting-Lu\n|-activate|p1a: Ting-Lu|move: Protect\n|\n|-weather|Snow|[upkeep]\n|-heal|p1a: Ting-Lu|66\/100|[from] item: Leftovers\n|upkeep\n|turn|32\n|\n|t:|1701117353\n|move|p2a: Moltres|U-turn|p1a: Ting-Lu\n|-supereffective|p1a: Ting-Lu\n|-damage|p1a: Ting-Lu|42\/100\n|\n|t:|1701117356\n|switch|p2a: Noivern|Noivern, F|26\/100|[from] U-turn\n|move|p1a: Ting-Lu|Stealth Rock|p2a: Noivern\n|-sidestart|p2: Dragon Master Rosa|move: Stealth Rock\n|\n|-weather|none\n|-heal|p1a: Ting-Lu|48\/100|[from] item: Leftovers\n|upkeep\n|turn|33\n|\n|t:|1701117365\n|switch|p1a: Goodra|Goodra-Hisui, F|100\/100 slp\n|move|p2a: Noivern|Roost|p2a: Noivern\n|-heal|p2a: Noivern|76\/100\n|-singleturn|p2a: Noivern|move: Roost\n|\n|upkeep\n|turn|34\n|\n|t:|1701117370\n|move|p2a: Noivern|Defog|p1a: Goodra\n|-unboost|p1a: Goodra|evasion|1\n|-sideend|p2: Dragon Master Rosa|Stealth Rock|[from] move: Defog|[of] p2a: Noivern\n|cant|p1a: Goodra|slp\n|\n|upkeep\n|turn|35\n|\n|t:|1701117376\n|move|p2a: Noivern|Dragon Tail|p1a: Goodra\n|-damage|p1a: Goodra|80\/100 slp\n|drag|p1a: Empoleon|Empoleon, F|47\/100\n|\n|upkeep\n|turn|36\n|\n|t:|1701117380\n|move|p2a: Noivern|U-turn|p1a: Empoleon\n|-resisted|p1a: Empoleon\n|-damage|p1a: Empoleon|41\/100\n|-damage|p2a: Noivern|59\/100|[from] item: Rocky Helmet|[of] p1a: Empoleon\n|\n|t:|1701117383\n|switch|p2a: Slowking|Slowking-Galar, M|60\/100|[from] U-turn\n|move|p1a: Empoleon|Roost|p1a: Empoleon\n|-heal|p1a: Empoleon|91\/100\n|-singleturn|p1a: Empoleon|move: Roost\n|\n|-heal|p2a: Slowking|66\/100|[from] item: Leftovers\n|upkeep\n|turn|37\n|\n|t:|1701117391\n|move|p1a: Empoleon|Flip Turn|p2a: Slowking\n|-damage|p2a: Slowking|53\/100\n|\n|t:|1701117393\n|switch|p1a: Ting-Lu|Ting-Lu|48\/100|[from] Flip Turn\n|-ability|p1a: Ting-Lu|Vessel of Ruin\n|move|p2a: Slowking|Thunder Wave|p1a: Ting-Lu\n|-immune|p1a: Ting-Lu\n|\n|-heal|p1a: Ting-Lu|54\/100|[from] item: Leftovers\n|-heal|p2a: Slowking|59\/100|[from] item: Leftovers\n|upkeep\n|turn|38\n|\n|t:|1701117396\n|move|p1a: Ting-Lu|Protect|p1a: Ting-Lu\n|-singleturn|p1a: Ting-Lu|Protect\n|move|p2a: Slowking|Taunt|p1a: Ting-Lu\n|-activate|p1a: Ting-Lu|move: Protect\n|\n|-heal|p1a: Ting-Lu|60\/100|[from] item: Leftovers\n|-heal|p2a: Slowking|65\/100|[from] item: Leftovers\n|upkeep\n|turn|39\n|\n|t:|1701117400\n|move|p1a: Ting-Lu|Stealth Rock|p2a: Slowking\n|-sidestart|p2: Dragon Master Rosa|move: Stealth Rock\n|move|p2a: Slowking|Taunt|p1a: Ting-Lu\n|-start|p1a: Ting-Lu|move: Taunt\n|\n|-heal|p1a: Ting-Lu|67\/100|[from] item: Leftovers\n|-heal|p2a: Slowking|71\/100|[from] item: Leftovers\n|upkeep\n|turn|40\n|\n|t:|1701117405\n|switch|p1a: Slowking|Slowking-Galar, M|100\/100\n|move|p2a: Slowking|Chilly Reception|p2a: Slowking\n|-weather|Snow\n|\n|t:|1701117407\n|switch|p2a: Noivern|Noivern, F|59\/100|[from] Chilly Reception\n|\n|-weather|Snow|[upkeep]\n|upkeep\n|turn|41\n|\n|t:|1701117410\n|move|p2a: Noivern|Defog|p1a: Slowking\n|-unboost|p1a: Slowking|evasion|1\n|-sideend|p2: Dragon Master Rosa|Stealth Rock|[from] move: Defog|[of] p2a: Noivern\n|move|p1a: Slowking|Toxic|p2a: Noivern\n|-status|p2a: Noivern|tox\n|\n|-weather|Snow|[upkeep]\n|-damage|p2a: Noivern|53\/100 tox|[from] psn\n|upkeep\n|turn|42\n|\n|t:|1701117414\n|move|p1a: Slowking|Chilly Reception|p1a: Slowking\n|\n|t:|1701117419\n|switch|p1a: Empoleon|Empoleon, F|91\/100|[from] Chilly Reception\n|move|p2a: Noivern|Dragon Tail|p1a: Empoleon\n|-resisted|p1a: Empoleon\n|-damage|p1a: Empoleon|82\/100\n|-damage|p2a: Noivern|37\/100 tox|[from] item: Rocky Helmet|[of] p1a: Empoleon\n|drag|p1a: Slowking|Slowking-Galar, M|100\/100\n|\n|-weather|Snow|[upkeep]\n|-damage|p2a: Noivern|25\/100 tox|[from] psn\n|upkeep\n|turn|43\n|\n|t:|1701117432\n|move|p2a: Noivern|Roost|p2a: Noivern\n|-heal|p2a: Noivern|75\/100 tox\n|-singleturn|p2a: Noivern|move: Roost\n|move|p1a: Slowking|Chilly Reception|p1a: Slowking\n|\n|t:|1701117439\n|switch|p1a: Empoleon|Empoleon, F|82\/100|[from] Chilly Reception\n|\n|-weather|Snow|[upkeep]\n|-damage|p2a: Noivern|56\/100 tox|[from] psn\n|upkeep\n|turn|44\n|\n|t:|1701117444\n|switch|p2a: Iron Bundle|Iron Bundle, tera:Electric|73\/100\n|move|p1a: Empoleon|Stealth Rock|p2a: Iron Bundle\n|-sidestart|p2: Dragon Master Rosa|move: Stealth Rock\n|\n|-weather|none\n|upkeep\n|turn|45\n|\n|t:|1701117477\n|move|p2a: Iron Bundle|Tera Blast|p1a: Empoleon|[anim] Tera Blast Electric\n|-supereffective|p1a: Empoleon\n|-damage|p1a: Empoleon|13\/100\n|move|p1a: Empoleon|Knock Off|p2a: Iron Bundle\n|-damage|p2a: Iron Bundle|49\/100\n|-enditem|p2a: Iron Bundle|Choice Band|[from] move: Knock Off|[of] p1a: Empoleon\n|\n|upkeep\n|turn|46\n|\n|t:|1701117487\n|switch|p1a: Goodra|Goodra-Hisui, F|80\/100 slp\n|move|p2a: Iron Bundle|Tera Blast|p1a: Goodra|[anim] Tera Blast Electric\n|-resisted|p1a: Goodra\n|-damage|p1a: Goodra|66\/100 slp\n|\n|-heal|p1a: Goodra|72\/100 slp|[from] item: Leftovers\n|upkeep\n|turn|47\n|\n|t:|1701117495\n|move|p2a: Iron Bundle|Flip Turn|p1a: Goodra\n|-resisted|p1a: Goodra\n|-damage|p1a: Goodra|61\/100 slp\n|\n|t:|1701117499\n|-end|p2a: Iron Bundle|Quark Drive|[silent]\n|switch|p2a: Noivern|Noivern, F|56\/100 tox|[from] Flip Turn\n|cant|p1a: Goodra|slp\n|\n|-heal|p1a: Goodra|67\/100 slp|[from] item: Leftovers\n|-damage|p2a: Noivern|50\/100 tox|[from] psn\n|upkeep\n|turn|48\n|\n|t:|1701117511\n|move|p2a: Noivern|Roost|p2a: Noivern\n|-heal|p2a: Noivern|100\/100 tox\n|-singleturn|p2a: Noivern|move: Roost\n|-curestatus|p1a: Goodra|slp|[msg]\n|move|p1a: Goodra|Dragon Tail|p2a: Noivern\n|-supereffective|p2a: Noivern\n|-damage|p2a: Noivern|41\/100 tox\n|drag|p2a: Slowking|Slowking-Galar, M|100\/100\n|-damage|p2a: Slowking|88\/100|[from] Stealth Rock\n|\n|-heal|p1a: Goodra|73\/100|[from] item: Leftovers\n|-heal|p2a: Slowking|94\/100|[from] item: Leftovers\n|upkeep\n|turn|49\n|\n|t:|1701117520\n|move|p1a: Goodra|Knock Off|p2a: Slowking\n|-supereffective|p2a: Slowking\n|-damage|p2a: Slowking|57\/100\n|-enditem|p2a: Slowking|Leftovers|[from] move: Knock Off|[of] p1a: Goodra\n|move|p2a: Slowking|Taunt|p1a: Goodra\n|-start|p1a: Goodra|move: Taunt\n|\n|-heal|p1a: Goodra|79\/100|[from] item: Leftovers\n|upkeep\n|turn|50\n|\n|t:|1701117525\n|move|p2a: Slowking|Chilly Reception|p2a: Slowking\n|-weather|Snow\n|\n|t:|1701117528\n|switch|p2a: Moltres|Moltres|51\/100|[from] Chilly Reception\n|move|p1a: Goodra|Dragon Tail|p2a: Moltres\n|-damage|p2a: Moltres|29\/100\n|drag|p2a: Noivern|Noivern, F|41\/100 tox\n|\n|-weather|Snow|[upkeep]\n|-heal|p1a: Goodra|85\/100|[from] item: Leftovers\n|-damage|p2a: Noivern|35\/100 tox|[from] psn\n|upkeep\n|turn|51\n|-message|Dragon Master Rosa forfeited.\n|\n|win|Blitz2656\n","uploadtime":1701117539,"views":4,"p1id":"blitz2656","p2id":"dragonmasterrosa","formatid":"gen9ubers","rating":0,"private":0,"password":""}