{"id":"gen9ubers-1969572756","p1":"Maello","p2":"Frekdbdhrv","format":"[Gen 9] Ubers","log":"|j|\u2606Maello\n|j|\u2606Frekdbdhrv\n|t:|1697548433\n|gametype|singles\n|player|p1|Maello|170|1025\n|player|p2|Frekdbdhrv|1|1000\n|teamsize|p1|6\n|teamsize|p2|6\n|gen|9\n|tier|[Gen 9] Ubers\n|rated|\n|rule|Sleep Clause Mod: Limit one foe put to sleep\n|rule|Species Clause: Limit one of each Pok\u00e9mon\n|rule|OHKO Clause: OHKO moves are banned\n|rule|Evasion Items Clause: Evasion items are banned\n|rule|Evasion Moves Clause: Evasion moves are banned\n|rule|Endless Battle Clause: Forcing endless battles is banned\n|rule|HP Percentage Mod: HP is shown in percentages\n|clearpoke\n|poke|p1|Flutter Mane|\n|poke|p1|Lilligant, F|\n|poke|p1|Basculegion, M|\n|poke|p1|Eelektross, F|\n|poke|p1|Garchomp, M|\n|poke|p1|Dialga|\n|poke|p2|Vaporeon, F|\n|poke|p2|Miraidon|\n|poke|p2|Rayquaza|\n|poke|p2|Arcanine-Hisui, F|\n|poke|p2|Greninja-*, F|\n|poke|p2|Victreebel, M|\n|teampreview\n|\n|t:|1697548448\n|start\n|switch|p1a: Dialga|Dialga|100\/100\n|switch|p2a: Greninja|Greninja, F|100\/100\n|turn|1\n|\n|t:|1697548459\n|move|p2a: Greninja|Rain Dance|p2a: Greninja\n|-start|p2a: Greninja|typechange|Water|[from] ability: Protean\n|-weather|RainDance\n|move|p1a: Dialga|Focus Blast|p2a: Greninja\n|-damage|p2a: Greninja|23\/100\n|\n|-weather|RainDance|[upkeep]\n|upkeep\n|turn|2\n|\n|t:|1697548472\n|move|p2a: Greninja|U-turn|p1a: Dialga\n|-resisted|p1a: Dialga\n|-damage|p1a: Dialga|91\/100\n|-damage|p2a: Greninja|13\/100|[from] item: Life Orb\n|\n|t:|1697548477\n|switch|p2a: Vaporeon|Vaporeon, F|100\/100|[from] U-turn\n|move|p1a: Dialga|Flash Cannon|p2a: Vaporeon\n|-resisted|p2a: Vaporeon\n|-damage|p2a: Vaporeon|79\/100\n|\n|-weather|RainDance|[upkeep]\n|upkeep\n|turn|3\n|\n|t:|1697548499\n|move|p1a: Dialga|Focus Blast|p2a: Vaporeon\n|-damage|p2a: Vaporeon|43\/100\n|move|p2a: Vaporeon|Wish|p2a: Vaporeon\n|\n|-weather|RainDance|[upkeep]\n|upkeep\n|turn|4\n|\n|t:|1697548517\n|switch|p1a: Eelektross|Eelektross, F|100\/100\n|move|p2a: Vaporeon|Hydro Pump|p1a: Eelektross\n|-damage|p1a: Eelektross|10\/100\n|\n|-weather|RainDance|[upkeep]\n|-heal|p2a: Vaporeon|93\/100|[from] move: Wish|[wisher] Vaporeon\n|upkeep\n|turn|5\n|\n|t:|1697548538\n|-terastallize|p2a: Vaporeon|Ground\n|move|p2a: Vaporeon|Tera Blast|p1a: Eelektross|[anim] Tera Blast Ground\n|-immune|p1a: Eelektross|[from] ability: Levitate\n|move|p1a: Eelektross|Drain Punch|p2a: Vaporeon\n|-damage|p2a: Vaporeon|71\/100\n|-heal|p1a: Eelektross|24\/100|[from] drain|[of] p2a: Vaporeon\n|\n|-weather|none\n|upkeep\n|turn|6\n|\n|t:|1697548550\n|move|p2a: Vaporeon|Scald|p1a: Eelektross\n|-damage|p1a: Eelektross|0 fnt\n|faint|p1a: Eelektross\n|\n|upkeep\n|\n|t:|1697548555\n|switch|p1a: Lilligant|Lilligant, F|100\/100\n|turn|7\n|\n|t:|1697548562\n|move|p1a: Lilligant|Stun Spore|p2a: Vaporeon\n|-status|p2a: Vaporeon|par\n|move|p2a: Vaporeon|Wish|p2a: Vaporeon\n|\n|upkeep\n|turn|8\n|\n|t:|1697548570\n|move|p1a: Lilligant|Quiver Dance|p1a: Lilligant\n|-boost|p1a: Lilligant|spa|1\n|-boost|p1a: Lilligant|spd|1\n|-boost|p1a: Lilligant|spe|1\n|move|p2a: Vaporeon|Scald|p1a: Lilligant\n|-resisted|p1a: Lilligant\n|-damage|p1a: Lilligant|80\/100\n|-status|p1a: Lilligant|brn\n|\n|-heal|p2a: Vaporeon|100\/100 par|[from] move: Wish|[wisher] Vaporeon\n|-damage|p1a: Lilligant|74\/100 brn|[from] brn\n|upkeep\n|turn|9\n|\n|t:|1697548583\n|move|p1a: Lilligant|Quiver Dance|p1a: Lilligant\n|-boost|p1a: Lilligant|spa|1\n|-boost|p1a: Lilligant|spd|1\n|-boost|p1a: Lilligant|spe|1\n|move|p2a: Vaporeon|Wish|p2a: Vaporeon\n|\n|-damage|p1a: Lilligant|68\/100 brn|[from] brn\n|upkeep\n|turn|10\n|\n|t:|1697548592\n|move|p1a: Lilligant|Quiver Dance|p1a: Lilligant\n|-boost|p1a: Lilligant|spa|1\n|-boost|p1a: Lilligant|spd|1\n|-boost|p1a: Lilligant|spe|1\n|move|p2a: Vaporeon|Hydro Pump|p1a: Lilligant\n|-resisted|p1a: Lilligant\n|-damage|p1a: Lilligant|50\/100 brn\n|\n|-damage|p1a: Lilligant|44\/100 brn|[from] brn\n|upkeep\n|turn|11\n|\n|t:|1697548602\n|move|p1a: Lilligant|Giga Drain|p2a: Vaporeon\n|-supereffective|p2a: Vaporeon\n|-enditem|p2a: Vaporeon|Focus Sash\n|-damage|p2a: Vaporeon|1\/100 par\n|-heal|p1a: Lilligant|100\/100 brn|[from] drain|[of] p2a: Vaporeon\n|cant|p2a: Vaporeon|par\n|\n|-damage|p1a: Lilligant|94\/100 brn|[from] brn\n|upkeep\n|turn|12\n|\n|t:|1697548615\n|move|p1a: Lilligant|Quiver Dance|p1a: Lilligant\n|-boost|p1a: Lilligant|spa|1\n|-boost|p1a: Lilligant|spd|1\n|-boost|p1a: Lilligant|spe|1\n|cant|p2a: Vaporeon|par\n|\n|-damage|p1a: Lilligant|88\/100 brn|[from] brn\n|upkeep\n|turn|13\n|\n|t:|1697548626\n|move|p1a: Lilligant|Petal Dance|p2a: Vaporeon\n|-supereffective|p2a: Vaporeon\n|-damage|p2a: Vaporeon|0 fnt\n|faint|p2a: Vaporeon\n|\n|-damage|p1a: Lilligant|82\/100 brn|[from] brn\n|upkeep\n|\n|t:|1697548635\n|switch|p2a: Victreebel|Victreebel, M|100\/100\n|turn|14\n|\n|t:|1697548646\n|move|p1a: Lilligant|Petal Dance|p2a: Victreebel|[from]lockedmove\n|-resisted|p2a: Victreebel\n|-damage|p2a: Victreebel|36\/100\n|-enditem|p2a: Victreebel|Aguav Berry|[eat]\n|-heal|p2a: Victreebel|69\/100|[from] item: Aguav Berry\n|move|p2a: Victreebel|Swords Dance|p2a: Victreebel\n|-boost|p2a: Victreebel|atk|2\n|\n|-damage|p1a: Lilligant|76\/100 brn|[from] brn\n|upkeep\n|turn|15\n|\n|t:|1697548664\n|move|p1a: Lilligant|Stun Spore|p2a: Victreebel\n|-immune|p2a: Victreebel\n|move|p2a: Victreebel|Swords Dance|p2a: Victreebel\n|-boost|p2a: Victreebel|atk|2\n|\n|-damage|p1a: Lilligant|70\/100 brn|[from] brn\n|upkeep\n|turn|16\n|\n|t:|1697548677\n|move|p1a: Lilligant|Petal Dance|p2a: Victreebel\n|-resisted|p2a: Victreebel\n|-damage|p2a: Victreebel|14\/100\n|move|p2a: Victreebel|Leaf Blade|p1a: Lilligant\n|-resisted|p1a: Lilligant\n|-damage|p1a: Lilligant|0 fnt\n|faint|p1a: Lilligant\n|\n|upkeep\n|\n|t:|1697548692\n|switch|p1a: Dialga|Dialga|91\/100\n|turn|17\n|\n|t:|1697548697\n|move|p1a: Dialga|Fire Blast|p2a: Victreebel|[miss]\n|-miss|p1a: Dialga|p2a: Victreebel\n|move|p2a: Victreebel|Synthesis|p2a: Victreebel\n|-heal|p2a: Victreebel|64\/100\n|\n|upkeep\n|turn|18\n|\n|t:|1697548705\n|move|p1a: Dialga|Fire Blast|p2a: Victreebel\n|-supereffective|p2a: Victreebel\n|-damage|p2a: Victreebel|0 fnt\n|faint|p2a: Victreebel\n|\n|upkeep\n|\n|t:|1697548714\n|switch|p2a: Rayquaza|Rayquaza|100\/100\n|-ability|p2a: Rayquaza|Air Lock\n|turn|19\n|\n|t:|1697548725\n|-terastallize|p1a: Dialga|Steel\n|move|p1a: Dialga|Draco Meteor|p2a: Rayquaza\n|-supereffective|p2a: Rayquaza\n|-damage|p2a: Rayquaza|0 fnt\n|-unboost|p1a: Dialga|spa|2\n|faint|p2a: Rayquaza\n|\n|upkeep\n|\n|t:|1697548734\n|switch|p2a: Arcanine|Arcanine-Hisui, F|100\/100\n|-ability|p2a: Arcanine|Intimidate|boost\n|-unboost|p1a: Dialga|atk|1\n|turn|20\n|\n|t:|1697548744\n|move|p1a: Dialga|Focus Blast|p2a: Arcanine\n|-supereffective|p2a: Arcanine\n|-damage|p2a: Arcanine|41\/100\n|move|p2a: Arcanine|Flare Blitz|p1a: Dialga\n|-supereffective|p1a: Dialga\n|-damage|p1a: Dialga|0 fnt\n|faint|p1a: Dialga\n|-damage|p2a: Arcanine|10\/100|[from] Recoil\n|-damage|p2a: Arcanine|0 fnt|[from] item: Life Orb\n|faint|p2a: Arcanine\n|\n|upkeep\n|\n|t:|1697548766\n|switch|p1a: Flutter Mane|Flutter Mane, shiny|100\/100\n|switch|p2a: Greninja|Greninja, F|13\/100\n|turn|21\n|\n|t:|1697548778\n|move|p1a: Flutter Mane|Moonblast|p2a: Greninja\n|-supereffective|p2a: Greninja\n|-damage|p2a: Greninja|0 fnt\n|faint|p2a: Greninja\n|\n|upkeep\n|\n|t:|1697548784\n|switch|p2a: Miraidon|Miraidon|100\/100\n|-fieldstart|move: Electric Terrain|[from] ability: Hadron Engine|[of] p2a: Miraidon\n|turn|22\n|\n|t:|1697548794\n|move|p1a: Flutter Mane|Moonblast|p2a: Miraidon\n|-supereffective|p2a: Miraidon\n|-damage|p2a: Miraidon|21\/100\n|-unboost|p2a: Miraidon|spa|1\n|move|p2a: Miraidon|Electro Drift|p1a: Flutter Mane\n|-damage|p1a: Flutter Mane|17\/100\n|\n|-heal|p1a: Flutter Mane|23\/100|[from] item: Leftovers\n|upkeep\n|turn|23\n|\n|t:|1697548805\n|move|p1a: Flutter Mane|Moonblast|p2a: Miraidon\n|-supereffective|p2a: Miraidon\n|-damage|p2a: Miraidon|0 fnt\n|faint|p2a: Miraidon\n|\n|win|Maello\n|raw|Maello's rating: 1025 &rarr; <strong>1059<\/strong><br \/>(+34 for winning)\n|raw|Frekdbdhrv's rating: 1000 &rarr; <strong>1000<\/strong><br \/>(+0 for losing)\n|l|\u2606Frekdbdhrv\n","uploadtime":1697548829,"views":11,"p1id":"maello","p2id":"frekdbdhrv","formatid":"gen9ubers","rating":1000,"private":0,"password":""}