{"id":"gen9ubers-1971110884","p1":"Darth33","p2":"IspamObjection","format":"[Gen 9] Ubers","log":"|j|\u2606Darth33\n|j|\u2606IspamObjection\n|t:|1697707762\n|gametype|singles\n|player|p1|Darth33|pryce|\n|player|p2|IspamObjection|lance-gen2|\n|teamsize|p1|6\n|teamsize|p2|6\n|gen|9\n|tier|[Gen 9] Ubers\n|rule|Sleep Clause Mod: Limit one foe put to sleep\n|rule|Species Clause: Limit one of each Pok\u00e9mon\n|rule|OHKO Clause: OHKO moves are banned\n|rule|Evasion Items Clause: Evasion items are banned\n|rule|Evasion Moves Clause: Evasion moves are banned\n|rule|Endless Battle Clause: Forcing endless battles is banned\n|rule|HP Percentage Mod: HP is shown in percentages\n|clearpoke\n|poke|p1|Zacian-*|\n|poke|p1|Dragapult, F|\n|poke|p1|Shaymin-Sky|\n|poke|p1|Goodra-Hisui, F|\n|poke|p1|Kleavor, F|\n|poke|p1|Darkrai|\n|poke|p2|Masquerain, F|\n|poke|p2|Urshifu-*, M|\n|poke|p2|Gholdengo|\n|poke|p2|Zacian-*|\n|poke|p2|Shaymin-Sky|\n|poke|p2|Dialga|\n|teampreview\n|\n|t:|1697707776\n|start\n|switch|p1a: Aggregation|Kleavor, F, shiny|100\/100\n|switch|p2a: Masquerain|Masquerain, F|100\/100\n|-ability|p2a: Masquerain|Intimidate|boost\n|-unboost|p1a: Aggregation|atk|1\n|turn|1\n|\n|t:|1697707780\n|move|p1a: Aggregation|Swords Dance|p1a: Aggregation\n|-boost|p1a: Aggregation|atk|2\n|move|p2a: Masquerain|Sticky Web|p1a: Aggregation\n|-sidestart|p1: Darth33|move: Sticky Web\n|\n|upkeep\n|turn|2\n|\n|t:|1697707785\n|move|p1a: Aggregation|Stone Axe|p2a: Masquerain\n|-supereffective|p2a: Masquerain\n|-enditem|p2a: Masquerain|Focus Sash\n|-damage|p2a: Masquerain|1\/100\n|-sidestart|p2: IspamObjection|move: Stealth Rock\n|move|p2a: Masquerain|Stun Spore|p1a: Aggregation|[miss]\n|-miss|p2a: Masquerain|p1a: Aggregation\n|\n|upkeep\n|turn|3\n|\n|t:|1697707793\n|move|p1a: Aggregation|Trailblaze|p2a: Masquerain\n|-resisted|p2a: Masquerain\n|-damage|p2a: Masquerain|0 fnt\n|-boost|p1a: Aggregation|spe|1\n|faint|p2a: Masquerain\n|\n|upkeep\n|\n|t:|1697707801\n|switch|p2a: Dialga|Dialga|100\/100\n|-damage|p2a: Dialga|94\/100|[from] Stealth Rock\n|-ability|p2a: Dialga|Pressure\n|turn|4\n|\n|t:|1697707809\n|move|p1a: Aggregation|Close Combat|p2a: Dialga\n|-supereffective|p2a: Dialga\n|-damage|p2a: Dialga|0 fnt\n|-unboost|p1a: Aggregation|def|1\n|-unboost|p1a: Aggregation|spd|1\n|faint|p2a: Dialga\n|\n|upkeep\n|c|\u2606IspamObjection|the moment I change EVs to SPD lmao\n|c|\u2606Darth33|Lol\n|\n|t:|1697707859\n|switch|p2a: Gholdengo|Gholdengo|100\/100\n|-damage|p2a: Gholdengo|94\/100|[from] Stealth Rock\n|turn|5\n|\n|t:|1697707864\n|move|p1a: Aggregation|Stone Axe|p2a: Gholdengo\n|-resisted|p2a: Gholdengo\n|-damage|p2a: Gholdengo|66\/100\n|move|p2a: Gholdengo|Make It Rain|p1a: Aggregation\n|-supereffective|p1a: Aggregation\n|-enditem|p1a: Aggregation|Focus Sash\n|-damage|p1a: Aggregation|1\/100\n|-unboost|p2a: Gholdengo|spa|1\n|\n|-heal|p2a: Gholdengo|72\/100|[from] item: Leftovers\n|upkeep\n|turn|6\n|\n|t:|1697707881\n|move|p1a: Aggregation|Stone Axe|p2a: Gholdengo\n|-resisted|p2a: Gholdengo\n|-damage|p2a: Gholdengo|40\/100\n|move|p2a: Gholdengo|Shadow Ball|p1a: Aggregation\n|-damage|p1a: Aggregation|0 fnt\n|faint|p1a: Aggregation\n|\n|-heal|p2a: Gholdengo|46\/100|[from] item: Leftovers\n|upkeep\n|c|\u2606Darth33|Damn I'm walled\n|\n|t:|1697707888\n|switch|p1a: Exhumation|Shaymin-Sky, shiny|100\/100\n|turn|7\n|\n|t:|1697707899\n|move|p1a: Exhumation|Earth Power|p2a: Gholdengo\n|-supereffective|p2a: Gholdengo\n|-damage|p2a: Gholdengo|0 fnt\n|faint|p2a: Gholdengo\n|\n|upkeep\n|\n|t:|1697707920\n|switch|p2a: Zacian|Zacian|100\/100\n|-damage|p2a: Zacian|88\/100|[from] Stealth Rock\n|-ability|p2a: Zacian|Intrepid Sword|boost\n|-boost|p2a: Zacian|atk|1\n|turn|8\n|\n|t:|1697707929\n|move|p1a: Exhumation|Seed Flare|p2a: Zacian\n|-damage|p2a: Zacian|36\/100\n|move|p2a: Zacian|Play Rough|p1a: Exhumation|[miss]\n|-miss|p2a: Zacian|p1a: Exhumation\n|\n|upkeep\n|turn|9\n|\n|t:|1697707936\n|move|p1a: Exhumation|Air Slash|p2a: Zacian\n|-damage|p2a: Zacian|4\/100\n|move|p2a: Zacian|Play Rough|p1a: Exhumation\n|-crit|p1a: Exhumation\n|-damage|p1a: Exhumation|0 fnt\n|faint|p1a: Exhumation\n|\n|upkeep\n|\n|t:|1697707946\n|switch|p1a: Brieftrager|Goodra-Hisui, F, shiny|100\/100\n|-activate|p1a: Brieftrager|move: Sticky Web\n|-unboost|p1a: Brieftrager|spe|1\n|turn|10\n|\n|t:|1697707956\n|move|p2a: Zacian|Play Rough|p1a: Brieftrager\n|-damage|p1a: Brieftrager|4\/100\n|move|p1a: Brieftrager|Earthquake|p2a: Zacian\n|-damage|p2a: Zacian|0 fnt\n|faint|p2a: Zacian\n|\n|upkeep\n|\n|t:|1697707967\n|switch|p2a: Urshifu|Urshifu, M|100\/100\n|-damage|p2a: Urshifu|94\/100|[from] Stealth Rock\n|turn|11\n|\n|t:|1697707980\n|move|p2a: Urshifu|U-turn|p1a: Brieftrager\n|-resisted|p1a: Brieftrager\n|-damage|p1a: Brieftrager|0 fnt\n|faint|p1a: Brieftrager\n|\n|t:|1697707982\n|switch|p2a: Shaymin|Shaymin-Sky|100\/100|[from] U-turn\n|\n|upkeep\n|\n|t:|1697707987\n|switch|p1a: God Is Coming|Darkrai, shiny|100\/100\n|-activate|p1a: God Is Coming|move: Sticky Web\n|-unboost|p1a: God Is Coming|spe|1\n|turn|12\n|\n|t:|1697707994\n|move|p2a: Shaymin|Air Slash|p1a: God Is Coming\n|-damage|p1a: God Is Coming|50\/100\n|move|p1a: God Is Coming|Sludge Bomb|p2a: Shaymin\n|-supereffective|p2a: Shaymin\n|-damage|p2a: Shaymin|14\/100\n|\n|upkeep\n|turn|13\n|\n|t:|1697708002\n|move|p2a: Shaymin|Air Slash|p1a: God Is Coming\n|-damage|p1a: God Is Coming|3\/100\n|cant|p1a: God Is Coming|flinch\n|\n|upkeep\n|turn|14\n|\n|t:|1697708006\n|move|p2a: Shaymin|Air Slash|p1a: God Is Coming\n|-damage|p1a: God Is Coming|0 fnt\n|faint|p1a: God Is Coming\n|\n|upkeep\n|\n|t:|1697708012\n|switch|p1a: Don't Say Anything|Dragapult, F|100\/100\n|-activate|p1a: Don't Say Anything|move: Sticky Web\n|-unboost|p1a: Don't Say Anything|spe|1\n|turn|15\n|\n|t:|1697708020\n|move|p2a: Shaymin|Air Slash|p1a: Don't Say Anything\n|-damage|p1a: Don't Say Anything|50\/100\n|cant|p1a: Don't Say Anything|flinch\n|\n|upkeep\n|turn|16\n|\n|t:|1697708024\n|move|p2a: Shaymin|Air Slash|p1a: Don't Say Anything\n|-damage|p1a: Don't Say Anything|0 fnt\n|faint|p1a: Don't Say Anything\n|\n|upkeep\n|\n|t:|1697708025\n|switch|p1a: Stop Dreaming|Zacian, shiny|100\/100\n|-activate|p1a: Stop Dreaming|move: Sticky Web\n|-unboost|p1a: Stop Dreaming|spe|1\n|-ability|p1a: Stop Dreaming|Intrepid Sword|boost\n|-boost|p1a: Stop Dreaming|atk|1\n|turn|17\n|\n|t:|1697708039\n|move|p2a: Shaymin|Air Slash|p1a: Stop Dreaming\n|-damage|p1a: Stop Dreaming|66\/100\n|move|p1a: Stop Dreaming|Tera Blast|p2a: Shaymin\n|-damage|p2a: Shaymin|0 fnt\n|faint|p2a: Shaymin\n|\n|upkeep\n|\n|t:|1697708045\n|switch|p2a: Urshifu|Urshifu, M|94\/100\n|-damage|p2a: Urshifu|88\/100|[from] Stealth Rock\n|turn|18\n|\n|t:|1697708060\n|-terastallize|p2a: Urshifu|Dark\n|move|p2a: Urshifu|Wicked Blow|p1a: Stop Dreaming\n|-resisted|p1a: Stop Dreaming\n|-crit|p1a: Stop Dreaming\n|-damage|p1a: Stop Dreaming|8\/100\n|move|p1a: Stop Dreaming|Play Rough|p2a: Urshifu\n|-supereffective|p2a: Urshifu\n|-damage|p2a: Urshifu|0 fnt\n|faint|p2a: Urshifu\n|\n|win|Darth33\n|c|\u2606Darth33|Ggs\n","uploadtime":1697708070,"views":23,"p1id":"darth33","p2id":"ispamobjection","formatid":"gen9ubers","rating":0,"private":0,"password":""}