{"id":"gen9ubers-1995915316","p1":"renny326","p2":"iuxkysersosa","format":"[Gen 9] Ubers","log":"|j|\u2606renny326\n|j|\u2606iuxkysersosa\n|t:|1700616962\n|gametype|singles\n|player|p1|renny326|266|\n|player|p2|iuxkysersosa|170|\n|teamsize|p1|6\n|teamsize|p2|6\n|gen|9\n|tier|[Gen 9] Ubers\n|rule|Sleep Clause Mod: Limit one foe put to sleep\n|rule|Species Clause: Limit one of each Pok\u00e9mon\n|rule|OHKO Clause: OHKO moves are banned\n|rule|Evasion Items Clause: Evasion items are banned\n|rule|Evasion Moves Clause: Evasion moves are banned\n|rule|Endless Battle Clause: Forcing endless battles is banned\n|rule|HP Percentage Mod: HP is shown in percentages\n|clearpoke\n|poke|p1|Iron Bundle|\n|poke|p1|Clefable, M|\n|poke|p1|Great Tusk|\n|poke|p1|Meowscarada, M|\n|poke|p1|Revavroom, F|\n|poke|p1|Crabominable, M|\n|poke|p2|Blissey, F|\n|poke|p2|Slowbro-Galar, F|\n|poke|p2|Skeledirge, F|\n|poke|p2|Roaring Moon|\n|poke|p2|Iron Valiant|\n|poke|p2|Altaria, F|\n|teampreview\n|j| IUXCelestialQueen\n|c|\u2606iuxkysersosa|glhf\n|c|\u2606iuxkysersosa|cc that was fasttttt\n|c|\u2606renny326|gl hf bbyg\n|c| IUXCelestialQueen|nyyyyoooooooooooooooooom\n|j| neukorn\n|\n|t:|1700617055\n|start\n|switch|p1a: Revavroom|Revavroom, F, shiny|100\/100\n|switch|p2a: marsh|Blissey, F|100\/100\n|turn|1\n|\n|t:|1700617067\n|move|p1a: Revavroom|Toxic Spikes|p2a: marsh\n|-sidestart|p2: iuxkysersosa|move: Toxic Spikes\n|move|p2a: marsh|Thunder Wave|p1a: Revavroom\n|-status|p1a: Revavroom|par\n|\n|upkeep\n|turn|2\n|\n|t:|1700617077\n|move|p2a: marsh|Seismic Toss|p1a: Revavroom\n|-damage|p1a: Revavroom|73\/100 par\n|move|p1a: Revavroom|Toxic|p2a: marsh\n|-status|p2a: marsh|tox\n|\n|-heal|p1a: Revavroom|79\/100 par|[from] item: Leftovers\n|-damage|p2a: marsh|94\/100 tox|[from] psn\n|upkeep\n|turn|3\n|\n|t:|1700617089\n|move|p2a: marsh|Seismic Toss|p1a: Revavroom\n|-damage|p1a: Revavroom|52\/100 par\n|cant|p1a: Revavroom|par\n|\n|-heal|p2a: marsh|100\/100 tox|[from] item: Leftovers\n|-heal|p1a: Revavroom|58\/100 par|[from] item: Leftovers\n|-damage|p2a: marsh|88\/100 tox|[from] psn\n|upkeep\n|turn|4\n|\n|t:|1700617104\n|move|p2a: marsh|Seismic Toss|p1a: Revavroom\n|-damage|p1a: Revavroom|30\/100 par\n|cant|p1a: Revavroom|par\n|\n|-heal|p2a: marsh|94\/100 tox|[from] item: Leftovers\n|-heal|p1a: Revavroom|36\/100 par|[from] item: Leftovers\n|-damage|p2a: marsh|76\/100 tox|[from] psn\n|upkeep\n|turn|5\n|\n|t:|1700617124\n|move|p2a: marsh|Seismic Toss|p1a: Revavroom\n|-damage|p1a: Revavroom|9\/100 par\n|move|p1a: Revavroom|Parting Shot|p2a: marsh\n|-unboost|p2a: marsh|atk|1\n|-unboost|p2a: marsh|spa|1\n|\n|t:|1700617201\n|switch|p1a: Great Tusk|Great Tusk|100\/100|[from] Parting Shot\n|\n|-heal|p2a: marsh|82\/100 tox|[from] item: Leftovers\n|-damage|p2a: marsh|57\/100 tox|[from] psn\n|upkeep\n|turn|6\n|\n|t:|1700617238\n|-curestatus|p2a: marsh|tox|[from] ability: Natural Cure\n|switch|p2a: cloud|Altaria, F|100\/100\n|move|p1a: Great Tusk|Earthquake|p2a: cloud\n|-immune|p2a: cloud\n|\n|upkeep\n|turn|7\n|\n|t:|1700617250\n|move|p1a: Great Tusk|Stealth Rock|p2a: cloud\n|-sidestart|p2: iuxkysersosa|move: Stealth Rock\n|move|p2a: cloud|Will-O-Wisp|p1a: Great Tusk\n|-status|p1a: Great Tusk|brn\n|\n|-damage|p1a: Great Tusk|94\/100 brn|[from] brn\n|upkeep\n|turn|8\n|\n|t:|1700617262\n|-end|p1a: Great Tusk|Protosynthesis|[silent]\n|switch|p1a: Revavroom|Revavroom, F, shiny|9\/100 par\n|move|p2a: cloud|Fire Spin|p1a: Revavroom\n|-supereffective|p1a: Revavroom\n|-damage|p1a: Revavroom|0 fnt\n|faint|p1a: Revavroom\n|\n|upkeep\n|\n|t:|1700617289\n|switch|p1a: Meowscarada|Meowscarada, M|100\/100\n|turn|9\n|\n|t:|1700617297\n|move|p1a: Meowscarada|U-turn|p2a: cloud\n|-start|p1a: Meowscarada|typechange|Bug|[from] ability: Protean\n|-resisted|p2a: cloud\n|-damage|p2a: cloud|88\/100\n|\n|t:|1700617306\n|switch|p1a: Clefable|Clefable, M|100\/100|[from] U-turn\n|move|p2a: cloud|Will-O-Wisp|p1a: Clefable\n|-status|p1a: Clefable|brn\n|\n|-heal|p2a: cloud|94\/100|[from] item: Leftovers\n|-damage|p1a: Clefable|94\/100 brn|[from] brn\n|upkeep\n|turn|10\n|\n|t:|1700617322\n|-terastallize|p2a: cloud|Fairy\n|move|p2a: cloud|Fire Spin|p1a: Clefable\n|-damage|p1a: Clefable|90\/100 brn\n|-activate|p1a: Clefable|move: Fire Spin|[of] p2a: cloud\n|move|p1a: Clefable|Moonblast|p2a: cloud\n|-damage|p2a: cloud|63\/100\n|\n|-heal|p2a: cloud|70\/100|[from] item: Leftovers\n|-heal|p1a: Clefable|96\/100 brn|[from] item: Leftovers\n|-damage|p1a: Clefable|90\/100 brn|[from] brn\n|-damage|p1a: Clefable|77\/100 brn|[from] move: Fire Spin|[partiallytrapped]\n|upkeep\n|turn|11\n|\n|t:|1700617336\n|move|p2a: cloud|Perish Song|p2a: cloud\n|-start|p1a: Clefable|perish3|[silent]\n|-start|p2a: cloud|perish3|[silent]\n|-fieldactivate|move: Perish Song\n|move|p1a: Clefable|Thunder Wave|p2a: cloud|[miss]\n|-miss|p1a: Clefable|p2a: cloud\n|\n|-heal|p2a: cloud|76\/100|[from] item: Leftovers\n|-heal|p1a: Clefable|83\/100 brn|[from] item: Leftovers\n|-damage|p1a: Clefable|77\/100 brn|[from] brn\n|-damage|p1a: Clefable|65\/100 brn|[from] move: Fire Spin|[partiallytrapped]\n|-start|p2a: cloud|perish3\n|-start|p1a: Clefable|perish3\n|upkeep\n|turn|12\n|\n|t:|1700617351\n|move|p2a: cloud|Roost|p2a: cloud\n|-heal|p2a: cloud|100\/100\n|move|p1a: Clefable|Moonblast|p2a: cloud\n|-damage|p2a: cloud|74\/100\n|-unboost|p2a: cloud|spa|1\n|\n|-heal|p2a: cloud|80\/100|[from] item: Leftovers\n|-heal|p1a: Clefable|71\/100 brn|[from] item: Leftovers\n|-damage|p1a: Clefable|65\/100 brn|[from] brn\n|-damage|p1a: Clefable|53\/100 brn|[from] move: Fire Spin|[partiallytrapped]\n|-start|p2a: cloud|perish2\n|-start|p1a: Clefable|perish2\n|upkeep\n|turn|13\n|\n|t:|1700617370\n|move|p2a: cloud|Fire Spin|p1a: Clefable\n|-damage|p1a: Clefable|48\/100 brn\n|move|p1a: Clefable|Thunder Wave|p2a: cloud\n|-status|p2a: cloud|par\n|\n|-heal|p1a: Clefable|54\/100 brn|[from] item: Leftovers\n|-heal|p2a: cloud|86\/100 par|[from] item: Leftovers\n|-damage|p1a: Clefable|48\/100 brn|[from] brn\n|-damage|p1a: Clefable|35\/100 brn|[from] move: Fire Spin|[partiallytrapped]\n|-start|p1a: Clefable|perish1\n|-start|p2a: cloud|perish1\n|upkeep\n|turn|14\n|\n|t:|1700617383\n|-curestatus|p2a: cloud|par|[from] ability: Natural Cure\n|switch|p2a: cutie|Slowbro-Galar, F|100\/100\n|-sideend|p2: iuxkysersosa|move: Toxic Spikes|[of] p2a: cutie\n|-damage|p2a: cutie|88\/100|[from] Stealth Rock\n|move|p1a: Clefable|Thunder Wave|p2a: cutie\n|-status|p2a: cutie|par\n|\n|-heal|p1a: Clefable|41\/100 brn|[from] item: Leftovers\n|-damage|p1a: Clefable|35\/100 brn|[from] brn\n|-end|p1a: Clefable|Fire Spin|[partiallytrapped]|[silent]\n|-start|p1a: Clefable|perish0\n|upkeep\n|faint|p1a: Clefable\n|\n|t:|1700617404\n|switch|p1a: Great Tusk|Great Tusk|94\/100 brn\n|turn|15\n|-activate|p2a: cutie|ability: Quick Draw\n|\n|t:|1700617422\n|-end|p1a: Great Tusk|Protosynthesis|[silent]\n|switch|p1a: Meowscarada|Meowscarada, M|100\/100\n|move|p2a: cutie|Psychic|p1a: Meowscarada\n|-immune|p1a: Meowscarada\n|\n|upkeep\n|turn|16\n|-activate|p2a: cutie|ability: Quick Draw\n|\n|t:|1700617437\n|move|p2a: cutie|Shell Side Arm|p1a: Meowscarada|[anim] Shell Side Arm Special\n|-supereffective|p1a: Meowscarada\n|-damage|p1a: Meowscarada|0 fnt\n|-hint|Special Shell Side Arm\n|faint|p1a: Meowscarada\n|\n|upkeep\n|\n|t:|1700617481\n|switch|p1a: Crabominable|Crabominable, M|100\/100\n|turn|17\n|-activate|p2a: cutie|ability: Quick Draw\n|\n|t:|1700617495\n|move|p2a: cutie|Psychic|p1a: Crabominable\n|-supereffective|p1a: Crabominable\n|-damage|p1a: Crabominable|37\/100\n|move|p1a: Crabominable|Earthquake|p2a: cutie\n|-supereffective|p2a: cutie\n|-crit|p2a: cutie\n|-damage|p2a: cutie|0 fnt\n|faint|p2a: cutie\n|\n|upkeep\n|\n|t:|1700617510\n|switch|p2a: green lady|Iron Valiant|100\/100\n|-damage|p2a: green lady|94\/100|[from] Stealth Rock\n|turn|18\n|\n|t:|1700617524\n|move|p2a: green lady|Moonblast|p1a: Crabominable\n|-supereffective|p1a: Crabominable\n|-damage|p1a: Crabominable|0 fnt\n|faint|p1a: Crabominable\n|\n|upkeep\n|\n|t:|1700617569\n|switch|p1a: Iron Bundle|Iron Bundle|100\/100\n|turn|19\n|\n|t:|1700617573\n|-end|p2a: green lady|Quark Drive|[silent]\n|switch|p2a: marsh|Blissey, F|57\/100\n|-damage|p2a: marsh|45\/100|[from] Stealth Rock\n|move|p1a: Iron Bundle|Hydro Pump|p2a: marsh\n|-damage|p2a: marsh|24\/100\n|\n|-heal|p2a: marsh|30\/100|[from] item: Leftovers\n|upkeep\n|turn|20\n|\n|t:|1700617582\n|move|p1a: Iron Bundle|Flip Turn|p2a: marsh\n|-damage|p2a: marsh|15\/100\n|\n|t:|1700617585\n|-end|p1a: Iron Bundle|Quark Drive|[silent]\n|switch|p1a: Great Tusk|Great Tusk|94\/100 brn|[from] Flip Turn\n|move|p2a: marsh|Soft-Boiled|p2a: marsh\n|-heal|p2a: marsh|65\/100\n|\n|-heal|p2a: marsh|71\/100|[from] item: Leftovers\n|-damage|p1a: Great Tusk|88\/100 brn|[from] brn\n|upkeep\n|turn|21\n|\n|t:|1700617604\n|move|p1a: Great Tusk|Close Combat|p2a: marsh\n|-supereffective|p2a: marsh\n|-damage|p2a: marsh|3\/100\n|-unboost|p1a: Great Tusk|def|1\n|-unboost|p1a: Great Tusk|spd|1\n|move|p2a: marsh|Grass Knot|p1a: Great Tusk\n|-supereffective|p1a: Great Tusk\n|-damage|p1a: Great Tusk|0 fnt\n|faint|p1a: Great Tusk\n|-end|p1a: Great Tusk|Protosynthesis|[silent]\n|\n|-heal|p2a: marsh|9\/100|[from] item: Leftovers\n|upkeep\n|\n|t:|1700617614\n|switch|p1a: Iron Bundle|Iron Bundle|100\/100\n|turn|22\n|\n|t:|1700617622\n|move|p1a: Iron Bundle|Ice Beam|p2a: marsh\n|-damage|p2a: marsh|0 fnt\n|faint|p2a: marsh\n|\n|upkeep\n|\n|t:|1700617626\n|switch|p2a: green lady|Iron Valiant|94\/100\n|-damage|p2a: green lady|88\/100|[from] Stealth Rock\n|turn|23\n|\n|t:|1700617632\n|move|p2a: green lady|Vacuum Wave|p1a: Iron Bundle\n|-supereffective|p1a: Iron Bundle\n|-damage|p1a: Iron Bundle|0 fnt\n|faint|p1a: Iron Bundle\n|-end|p1a: Iron Bundle|Quark Drive|[silent]\n|\n|win|iuxkysersosa\n|c|\u2606renny326|gg\n|c|\u2606iuxkysersosa|ggs sir\n|l|\u2606renny326\n","uploadtime":1700617643,"views":22,"p1id":"renny326","p2id":"iuxkysersosa","formatid":"gen9ubers","rating":0,"private":0,"password":""}