{"id":"gen9ubers-1981118033","p1":"CLECrustles","p2":"kzootops","format":"[Gen 9] Ubers","log":"|j|\u2606CLECrustles\n|j|\u2606kzootops\n|t:|1698864953\n|gametype|singles\n|player|p1|CLECrustles|1|\n|player|p2|kzootops|rood|\n|teamsize|p1|6\n|teamsize|p2|6\n|gen|9\n|tier|[Gen 9] Ubers\n|rule|Sleep Clause Mod: Limit one foe put to sleep\n|rule|Species Clause: Limit one of each Pok\u00e9mon\n|rule|OHKO Clause: OHKO moves are banned\n|rule|Evasion Items Clause: Evasion items are banned\n|rule|Evasion Moves Clause: Evasion moves are banned\n|rule|Endless Battle Clause: Forcing endless battles is banned\n|rule|HP Percentage Mod: HP is shown in percentages\n|clearpoke\n|poke|p1|Volcarona, M|\n|poke|p1|Mamoswine, M|\n|poke|p1|Kommo-o, F|\n|poke|p1|Ogerpon-Cornerstone, F|\n|poke|p1|Komala, M|\n|poke|p1|Bronzong|\n|poke|p2|Slowbro, M|\n|poke|p2|Hatterene, F|\n|poke|p2|Quaquaval, M|\n|poke|p2|Forretress, F|\n|poke|p2|Bellibolt, M|\n|poke|p2|Goodra, F|\n|teampreview\n|c|\u2606CLECrustles|have fun!\n|c|\u2606kzootops|u2\n|c|\u2606CLECrustles|thx bb\n|\n|t:|1698864989\n|start\n|switch|p1a: Ogerpon|Ogerpon-Cornerstone, F|100\/100\n|switch|p2a: Quaquaval|Quaquaval, M|100\/100\n|turn|1\n|c|\u2606kzootops|i know literally nothing about that thing lol\n|c|\u2606CLECrustles|it's got a cool mask\n|\n|t:|1698865034\n|switch|p2a: Forretress|Forretress, F|100\/100\n|move|p1a: Ogerpon|Horn Leech|p2a: Forretress\n|-resisted|p2a: Forretress\n|-damage|p2a: Forretress|94\/100\n|-damage|p1a: Ogerpon|84\/100|[from] item: Rocky Helmet|[of] p2a: Forretress\n|\n|upkeep\n|turn|2\n|c|\u2606CLECrustles|i don't either. but it's grass rock\n|c|\u2606CLECrustles|awwww boooo\n|c|\u2606kzootops|IM WINNING\n|\n|t:|1698865059\n|move|p1a: Ogerpon|Knock Off|p2a: Forretress\n|-damage|p2a: Forretress|72\/100\n|-damage|p1a: Ogerpon|67\/100|[from] item: Rocky Helmet|[of] p2a: Forretress\n|-enditem|p2a: Forretress|Rocky Helmet|[from] move: Knock Off|[of] p1a: Ogerpon\n|move|p2a: Forretress|Stealth Rock|p1a: Ogerpon\n|-sidestart|p1: CLECrustles|move: Stealth Rock\n|\n|upkeep\n|turn|3\n|c|\u2606CLECrustles|technically you are by 10%\n|\n|t:|1698865068\n|move|p1a: Ogerpon|U-turn|p2a: Forretress\n|-resisted|p2a: Forretress\n|-damage|p2a: Forretress|64\/100\n|\n|t:|1698865071\n|switch|p1a: Komala|Komala, M|100\/100|[from] U-turn\n|-damage|p1a: Komala|88\/100|[from] Stealth Rock\n|-ability|p1a: Komala|Comatose\n|move|p2a: Forretress|Volt Switch|p1a: Komala\n|-damage|p1a: Komala|81\/100\n|\n|t:|1698865090\n|switch|p2a: Quaquaval|Quaquaval, M|100\/100|[from] Volt Switch\n|\n|upkeep\n|turn|4\n|\n|t:|1698865113\n|-terastallize|p1a: Komala|Fairy\n|move|p2a: Quaquaval|Flip Turn|p1a: Komala\n|-damage|p1a: Komala|20\/100\n|c|\u2606CLECrustles|NOOOO\n|c|\u2606CLECrustles|YOU WERE SUPPOSED TO STAY IN!\n|\n|t:|1698865124\n|switch|p2a: Hatterene|Hatterene, F|100\/100|[from] Flip Turn\n|move|p1a: Komala|Tera Blast|p2a: Hatterene|[anim] Tera Blast Fairy\n|-damage|p2a: Hatterene|55\/100\n|\n|-heal|p2a: Hatterene|61\/100|[from] item: Leftovers\n|upkeep\n|turn|5\n|\n|t:|1698865142\n|move|p1a: Komala|Rapid Spin|p2a: Hatterene\n|-damage|p2a: Hatterene|33\/100\n|-boost|p1a: Komala|spe|1\n|-sideend|p1: CLECrustles|Stealth Rock|[from] move: Rapid Spin|[of] p1a: Komala\n|move|p2a: Hatterene|Trick Room|p2a: Hatterene\n|-fieldstart|move: Trick Room|[of] p2a: Hatterene\n|\n|-heal|p2a: Hatterene|39\/100|[from] item: Leftovers\n|upkeep\n|turn|6\n|\n|t:|1698865155\n|switch|p1a: Bronzong|Bronzong|100\/100\n|move|p2a: Hatterene|Dazzling Gleam|p1a: Bronzong\n|-resisted|p1a: Bronzong\n|-damage|p1a: Bronzong|78\/100\n|\n|-heal|p2a: Hatterene|45\/100|[from] item: Leftovers\n|upkeep\n|turn|7\n|\n|t:|1698865172\n|switch|p2a: Bellibolt|Bellibolt, M|100\/100\n|move|p1a: Bronzong|Heavy Slam|p2a: Bellibolt\n|-resisted|p2a: Bellibolt\n|-damage|p2a: Bellibolt|94\/100\n|-start|p2a: Bellibolt|Charge|Heavy Slam|[from] ability: Electromorphosis\n|\n|upkeep\n|turn|8\n|\n|t:|1698865189\n|move|p1a: Bronzong|Stealth Rock|p2a: Bellibolt\n|-sidestart|p2: kzootops|move: Stealth Rock\n|move|p2a: Bellibolt|Chilling Water|p1a: Bronzong\n|-damage|p1a: Bronzong|64\/100\n|-unboost|p1a: Bronzong|atk|1\n|\n|upkeep\n|turn|9\n|\n|t:|1698865196\n|move|p1a: Bronzong|Body Press|p2a: Bellibolt\n|-damage|p2a: Bellibolt|72\/100\n|-start|p2a: Bellibolt|Charge|Body Press|[from] ability: Electromorphosis\n|move|p2a: Bellibolt|Discharge|p1a: Bronzong\n|-damage|p1a: Bronzong|0 fnt\n|faint|p1a: Bronzong\n|-end|p2a: Bellibolt|Charge|[silent]\n|\n|-fieldend|move: Trick Room\n|upkeep\n|\n|t:|1698865204\n|switch|p1a: Mamoswine|Mamoswine, M|100\/100\n|turn|10\n|\n|t:|1698865240\n|move|p1a: Mamoswine|Earthquake|p2a: Bellibolt\n|-supereffective|p2a: Bellibolt\n|-damage|p2a: Bellibolt|0 fnt\n|faint|p2a: Bellibolt\n|\n|upkeep\n|c|\u2606kzootops|i love that little guy\n|\n|t:|1698865254\n|switch|p2a: Forretress|Forretress, F|64\/100\n|-damage|p2a: Forretress|51\/100|[from] Stealth Rock\n|turn|11\n|\n|t:|1698865258\n|switch|p1a: Komala|Komala, M, tera:Fairy|20\/100\n|-ability|p1a: Komala|Comatose\n|move|p2a: Forretress|Rapid Spin|p1a: Komala\n|-damage|p1a: Komala|5\/100\n|-boost|p2a: Forretress|spe|1\n|-sideend|p2: kzootops|Stealth Rock|[from] move: Rapid Spin|[of] p2a: Forretress\n|\n|upkeep\n|turn|12\n|\n|t:|1698865277\n|move|p2a: Forretress|Rapid Spin|p1a: Komala\n|-damage|p1a: Komala|0 fnt\n|-boost|p2a: Forretress|spe|1\n|faint|p1a: Komala\n|\n|upkeep\n|\n|t:|1698865279\n|switch|p1a: Volcarona|Volcarona, M|100\/100\n|turn|13\n|\n|t:|1698865306\n|move|p1a: Volcarona|Fiery Dance|p2a: Forretress\n|-supereffective|p2a: Forretress\n|-damage|p2a: Forretress|0 fnt\n|faint|p2a: Forretress\n|\n|upkeep\n|c|\u2606kzootops|dang thought you might dance\n|c|\u2606CLECrustles|i thought you might go hard goodra\n|\n|t:|1698865324\n|switch|p2a: Goodra|Goodra, F|100\/100\n|turn|14\n|\n|t:|1698865353\n|move|p1a: Volcarona|Quiver Dance|p1a: Volcarona\n|-boost|p1a: Volcarona|spa|1\n|-boost|p1a: Volcarona|spd|1\n|-boost|p1a: Volcarona|spe|1\n|move|p2a: Goodra|Knock Off|p1a: Volcarona\n|-damage|p1a: Volcarona|68\/100\n|-status|p2a: Goodra|brn|[from] ability: Flame Body|[of] p1a: Volcarona\n|-enditem|p1a: Volcarona|Heavy-Duty Boots|[from] move: Knock Off|[of] p2a: Goodra\n|\n|-damage|p2a: Goodra|94\/100 brn|[from] brn\n|upkeep\n|turn|15\n|c|\u2606CLECrustles|oof im sorry\n|\n|t:|1698865369\n|move|p1a: Volcarona|Quiver Dance|p1a: Volcarona\n|-boost|p1a: Volcarona|spa|1\n|-boost|p1a: Volcarona|spd|1\n|-boost|p1a: Volcarona|spe|1\n|move|p2a: Goodra|Draco Meteor|p1a: Volcarona\n|-damage|p1a: Volcarona|33\/100\n|-unboost|p2a: Goodra|spa|2\n|\n|-damage|p2a: Goodra|88\/100 brn|[from] brn\n|upkeep\n|turn|16\n|\n|t:|1698865398\n|move|p1a: Volcarona|Bug Buzz|p2a: Goodra\n|-damage|p2a: Goodra|46\/100 brn\n|move|p2a: Goodra|Thunderbolt|p1a: Volcarona\n|-crit|p1a: Volcarona\n|-damage|p1a: Volcarona|0 fnt\n|faint|p1a: Volcarona\n|\n|-damage|p2a: Goodra|40\/100 brn|[from] brn\n|upkeep\n|c|\u2606kzootops|lol\n|\n|t:|1698865410\n|switch|p1a: Mamoswine|Mamoswine, M|100\/100\n|turn|17\n|\n|t:|1698865430\n|switch|p1a: Ogerpon|Ogerpon-Cornerstone, F|67\/100\n|switch|p2a: Quaquaval|Quaquaval, M|100\/100\n|\n|upkeep\n|turn|18\n|\n|t:|1698865450\n|switch|p1a: Kommo-o|Kommo-o, F|100\/100\n|switch|p2a: Goodra|Goodra, F|40\/100 brn\n|\n|-damage|p2a: Goodra|34\/100 brn|[from] brn\n|upkeep\n|turn|19\n|\n|t:|1698865510\n|switch|p2a: Hatterene|Hatterene, F|45\/100\n|move|p1a: Kommo-o|Drain Punch|p2a: Hatterene\n|-resisted|p2a: Hatterene\n|-damage|p2a: Hatterene|36\/100\n|\n|-heal|p2a: Hatterene|42\/100|[from] item: Leftovers\n|upkeep\n|turn|20\n|\n|t:|1698865520\n|move|p1a: Kommo-o|Iron Head|p2a: Hatterene\n|-supereffective|p2a: Hatterene\n|-damage|p2a: Hatterene|0 fnt\n|faint|p2a: Hatterene\n|\n|upkeep\n|c|\u2606kzootops|well thats a dumb move for it to know\n|c|\u2606CLECrustles|lol yeah\n|\n|t:|1698865539\n|switch|p2a: Slowbro|Slowbro, M|100\/100\n|turn|21\n|\n|t:|1698865561\n|switch|p1a: Ogerpon|Ogerpon-Cornerstone, F|67\/100\n|move|p2a: Slowbro|Trick Room|p2a: Slowbro\n|-fieldstart|move: Trick Room|[of] p2a: Slowbro\n|\n|upkeep\n|turn|22\n|\n|t:|1698865573\n|move|p2a: Slowbro|Scald|p1a: Ogerpon\n|-damage|p1a: Ogerpon|25\/100\n|move|p1a: Ogerpon|Horn Leech|p2a: Slowbro\n|-supereffective|p2a: Slowbro\n|-damage|p2a: Slowbro|35\/100\n|-heal|p1a: Ogerpon|69\/100|[from] drain|[of] p2a: Slowbro\n|\n|-heal|p2a: Slowbro|41\/100|[from] item: Leftovers\n|upkeep\n|turn|23\n|\n|t:|1698865587\n|switch|p2a: Goodra|Goodra, F|34\/100 brn\n|move|p1a: Ogerpon|Knock Off|p2a: Goodra\n|-damage|p2a: Goodra|0 fnt\n|-enditem|p2a: Goodra|Assault Vest|[from] move: Knock Off|[of] p1a: Ogerpon\n|faint|p2a: Goodra\n|\n|upkeep\n|\n|t:|1698865596\n|switch|p2a: Quaquaval|Quaquaval, M|100\/100\n|turn|24\n|\n|t:|1698865610\n|switch|p1a: Kommo-o|Kommo-o, F|100\/100\n|move|p2a: Quaquaval|Close Combat|p1a: Kommo-o\n|-damage|p1a: Kommo-o|10\/100\n|-unboost|p2a: Quaquaval|def|1\n|-unboost|p2a: Quaquaval|spd|1\n|-enditem|p1a: Kommo-o|Sitrus Berry|[eat]\n|-heal|p1a: Kommo-o|35\/100|[from] item: Sitrus Berry\n|\n|upkeep\n|turn|25\n|\n|t:|1698865626\n|move|p2a: Quaquaval|Close Combat|p1a: Kommo-o\n|-crit|p1a: Kommo-o\n|-damage|p1a: Kommo-o|0 fnt\n|-unboost|p2a: Quaquaval|def|1\n|-unboost|p2a: Quaquaval|spd|1\n|faint|p1a: Kommo-o\n|-ability|p2a: Quaquaval|Moxie|boost\n|-boost|p2a: Quaquaval|atk|1\n|\n|-fieldend|move: Trick Room\n|upkeep\n|\n|t:|1698865630\n|switch|p1a: Ogerpon|Ogerpon-Cornerstone, F|69\/100\n|turn|26\n|\n|t:|1698865649\n|switch|p2a: Slowbro|Slowbro, M|74\/100\n|move|p1a: Ogerpon|Horn Leech|p2a: Slowbro\n|-supereffective|p2a: Slowbro\n|-damage|p2a: Slowbro|5\/100\n|-heal|p1a: Ogerpon|100\/100|[from] drain|[of] p2a: Slowbro\n|\n|-heal|p2a: Slowbro|11\/100|[from] item: Leftovers\n|upkeep\n|turn|27\n|\n|t:|1698865665\n|move|p1a: Ogerpon|Knock Off|p2a: Slowbro\n|-supereffective|p2a: Slowbro\n|-damage|p2a: Slowbro|0 fnt\n|-enditem|p2a: Slowbro|Leftovers|[from] move: Knock Off|[of] p1a: Ogerpon\n|faint|p2a: Slowbro\n|\n|upkeep\n|\n|t:|1698865670\n|switch|p2a: Quaquaval|Quaquaval, M|100\/100\n|turn|28\n|\n|t:|1698865674\n|move|p1a: Ogerpon|Horn Leech|p2a: Quaquaval\n|-supereffective|p2a: Quaquaval\n|-damage|p2a: Quaquaval|0 fnt\n|faint|p2a: Quaquaval\n|\n|win|CLECrustles\n|c|\u2606kzootops|gg\n|c|\u2606CLECrustles|gg\n|c|\u2606CLECrustles|that was super close\n|c|\u2606CLECrustles|if you were scarf quaquval i think you win\n|c|\u2606kzootops|yea i think so too\n","uploadtime":1698865734,"views":19,"p1id":"clecrustles","p2id":"kzootops","formatid":"gen9ubers","rating":0,"private":0,"password":""}