{"id":"gen9ubers-1991245841","p1":"Anne Frankkkk","p2":"swanpermuk","format":"[Gen 9] Ubers","log":"|j|\u2606Anne Frankkkk\n|j|\u2606swanpermuk\n|t:|1700060865\n|gametype|singles\n|player|p1|Anne Frankkkk|hilbert|1126\n|player|p2|swanpermuk|266|1000\n|teamsize|p1|6\n|teamsize|p2|6\n|gen|9\n|tier|[Gen 9] Ubers\n|rated|\n|rule|Sleep Clause Mod: Limit one foe put to sleep\n|rule|Species Clause: Limit one of each Pok\u00e9mon\n|rule|OHKO Clause: OHKO moves are banned\n|rule|Evasion Items Clause: Evasion items are banned\n|rule|Evasion Moves Clause: Evasion moves are banned\n|rule|Endless Battle Clause: Forcing endless battles is banned\n|rule|HP Percentage Mod: HP is shown in percentages\n|clearpoke\n|poke|p1|Regieleki|\n|poke|p1|Kyogre|\n|poke|p1|Chien-Pao|\n|poke|p1|Ribombee, F|\n|poke|p1|Miraidon|\n|poke|p1|Flutter Mane|\n|poke|p2|Kyogre|\n|poke|p2|Regieleki|\n|poke|p2|Gyarados, F|\n|poke|p2|Salamence, M|\n|poke|p2|Cloyster, M|\n|poke|p2|Ogerpon-Wellspring, F|\n|teampreview\n|\n|t:|1700060873\n|start\n|switch|p1a: Moonblast|Ribombee, F, shiny|100\/100\n|switch|p2a: Kyogre|Kyogre|100\/100\n|-weather|RainDance|[from] ability: Drizzle|[of] p2a: Kyogre\n|turn|1\n|inactive|Battle timer is ON: inactive players will automatically lose when time's up. (requested by Anne Frankkkk)\n|\n|t:|1700060886\n|move|p1a: Moonblast|Sticky Web|p2a: Kyogre\n|-sidestart|p2: swanpermuk|move: Sticky Web\n|move|p2a: Kyogre|Ice Beam|p1a: Moonblast\n|-damage|p1a: Moonblast|47\/100\n|\n|-weather|RainDance|[upkeep]\n|upkeep\n|turn|2\n|\n|t:|1700060895\n|move|p1a: Moonblast|Moonblast|p2a: Kyogre\n|-damage|p2a: Kyogre|72\/100\n|-unboost|p2a: Kyogre|spa|1\n|move|p2a: Kyogre|Ice Beam|p1a: Moonblast\n|-damage|p1a: Moonblast|12\/100\n|\n|-weather|RainDance|[upkeep]\n|upkeep\n|turn|3\n|\n|t:|1700060909\n|move|p1a: Moonblast|Moonblast|p2a: Kyogre\n|-damage|p2a: Kyogre|46\/100\n|move|p2a: Kyogre|Thunderbolt|p1a: Moonblast\n|-damage|p1a: Moonblast|0 fnt\n|faint|p1a: Moonblast\n|\n|-weather|RainDance|[upkeep]\n|upkeep\n|\n|t:|1700060919\n|switch|p1a: Cyber Lizard|Miraidon|100\/100\n|-fieldstart|move: Electric Terrain|[from] ability: Hadron Engine|[of] p1a: Cyber Lizard\n|-item|p1a: Cyber Lizard|Air Balloon\n|turn|4\n|\n|t:|1700060933\n|move|p1a: Cyber Lizard|Calm Mind|p1a: Cyber Lizard\n|-boost|p1a: Cyber Lizard|spa|1\n|-boost|p1a: Cyber Lizard|spd|1\n|move|p2a: Kyogre|Ice Beam|p1a: Cyber Lizard\n|-supereffective|p1a: Cyber Lizard\n|-crit|p1a: Cyber Lizard\n|-damage|p1a: Cyber Lizard|10\/100\n|-enditem|p1a: Cyber Lizard|Air Balloon\n|\n|-weather|RainDance|[upkeep]\n|upkeep\n|turn|5\n|\n|t:|1700060945\n|move|p1a: Cyber Lizard|Electro Drift|p2a: Kyogre\n|-supereffective|p2a: Kyogre\n|-damage|p2a: Kyogre|0 fnt\n|faint|p2a: Kyogre\n|\n|-weather|none\n|upkeep\n|\n|t:|1700060961\n|switch|p2a: Regieleki|Regieleki|100\/100\n|-item|p2a: Regieleki|Air Balloon\n|turn|6\n|\n|t:|1700060970\n|move|p2a: Regieleki|Ancient Power|p1a: Cyber Lizard\n|-crit|p1a: Cyber Lizard\n|-damage|p1a: Cyber Lizard|0 fnt\n|-boost|p2a: Regieleki|atk|1\n|-boost|p2a: Regieleki|def|1\n|-boost|p2a: Regieleki|spa|1\n|-boost|p2a: Regieleki|spd|1\n|-boost|p2a: Regieleki|spe|1\n|faint|p1a: Cyber Lizard\n|\n|upkeep\n|\n|t:|1700060985\n|switch|p1a: Ice Cat|Chien-Pao|100\/100\n|-ability|p1a: Ice Cat|Sword of Ruin\n|turn|7\n|\n|t:|1700060993\n|move|p2a: Regieleki|Ancient Power|p1a: Ice Cat\n|-supereffective|p1a: Ice Cat\n|-damage|p1a: Ice Cat|29\/100\n|move|p1a: Ice Cat|Swords Dance|p1a: Ice Cat\n|-boost|p1a: Ice Cat|atk|2\n|\n|upkeep\n|turn|8\n|\n|t:|1700061001\n|-terastallize|p1a: Ice Cat|Dark\n|move|p1a: Ice Cat|Sucker Punch|p2a: Regieleki\n|-damage|p2a: Regieleki|0 fnt\n|-enditem|p2a: Regieleki|Air Balloon\n|faint|p2a: Regieleki\n|\n|-fieldend|move: Electric Terrain\n|upkeep\n|\n|t:|1700061021\n|switch|p2a: Gyarados|Gyarados, F|100\/100\n|-ability|p2a: Gyarados|Intimidate|boost\n|-unboost|p1a: Ice Cat|atk|1\n|turn|9\n|\n|t:|1700061030\n|move|p1a: Ice Cat|Sucker Punch|p2a: Gyarados\n|-damage|p2a: Gyarados|0 fnt\n|faint|p2a: Gyarados\n|\n|upkeep\n|\n|t:|1700061035\n|switch|p2a: Cloyster|Cloyster, M|100\/100\n|-activate|p2a: Cloyster|move: Sticky Web\n|-unboost|p2a: Cloyster|spe|1\n|turn|10\n|\n|t:|1700061048\n|switch|p1a: Regieleki|Regieleki, shiny|100\/100\n|move|p2a: Cloyster|Icicle Spear|p1a: Regieleki\n|-damage|p1a: Regieleki|83\/100\n|-damage|p1a: Regieleki|63\/100\n|-damage|p1a: Regieleki|44\/100\n|-damage|p1a: Regieleki|24\/100\n|-damage|p1a: Regieleki|5\/100\n|-hitcount|p1a: Regieleki|5\n|\n|upkeep\n|turn|11\n|\n|t:|1700061066\n|move|p1a: Regieleki|Thunderbolt|p2a: Cloyster\n|-supereffective|p2a: Cloyster\n|-enditem|p2a: Cloyster|Focus Sash\n|-damage|p2a: Cloyster|1\/100\n|move|p2a: Cloyster|Icicle Spear|p1a: Regieleki\n|-damage|p1a: Regieleki|0 fnt\n|faint|p1a: Regieleki\n|-hitcount|p1: Regieleki|1\n|\n|upkeep\n|\n|t:|1700061073\n|switch|p1a: Misdreavius|Flutter Mane, shiny|100\/100\n|-enditem|p1a: Misdreavius|Booster Energy\n|-activate|p1a: Misdreavius|ability: Protosynthesis|[fromitem]\n|-start|p1a: Misdreavius|protosynthesisspe\n|turn|12\n|\n|t:|1700061086\n|move|p1a: Misdreavius|Power Gem|p2a: Cloyster\n|-supereffective|p2a: Cloyster\n|-damage|p2a: Cloyster|0 fnt\n|faint|p2a: Cloyster\n|\n|upkeep\n|\n|t:|1700061097\n|switch|p2a: Ogerpon|Ogerpon-Wellspring, F|100\/100\n|-activate|p2a: Ogerpon|move: Sticky Web\n|-unboost|p2a: Ogerpon|spe|1\n|turn|13\n|\n|t:|1700061108\n|move|p1a: Misdreavius|Moonblast|p2a: Ogerpon\n|-damage|p2a: Ogerpon|48\/100\n|-unboost|p2a: Ogerpon|spa|1\n|move|p2a: Ogerpon|Horn Leech|p1a: Misdreavius\n|-damage|p1a: Misdreavius|16\/100\n|-heal|p2a: Ogerpon|80\/100|[from] drain|[of] p1a: Misdreavius\n|\n|upkeep\n|turn|14\n|\n|t:|1700061120\n|move|p1a: Misdreavius|Moonblast|p2a: Ogerpon\n|-damage|p2a: Ogerpon|33\/100\n|-unboost|p2a: Ogerpon|spa|1\n|move|p2a: Ogerpon|Giga Drain|p1a: Misdreavius\n|-damage|p1a: Misdreavius|3\/100\n|-heal|p2a: Ogerpon|38\/100|[from] drain|[of] p1a: Misdreavius\n|\n|upkeep\n|turn|15\n|\n|t:|1700061131\n|move|p2a: Ogerpon|Quick Attack|p1a: Misdreavius\n|-immune|p1a: Misdreavius\n|move|p1a: Misdreavius|Moonblast|p2a: Ogerpon\n|-damage|p2a: Ogerpon|0 fnt\n|faint|p2a: Ogerpon\n|\n|upkeep\n|\n|t:|1700061139\n|switch|p2a: Salamence|Salamence, M|100\/100\n|-ability|p2a: Salamence|Intimidate|boost\n|-unboost|p1a: Misdreavius|atk|1\n|turn|16\n|\n|t:|1700061147\n|move|p1a: Misdreavius|Moonblast|p2a: Salamence\n|-supereffective|p2a: Salamence\n|-damage|p2a: Salamence|0 fnt\n|faint|p2a: Salamence\n|\n|win|Anne Frankkkk\n|raw|Anne Frankkkk's rating: 1126 &rarr; <strong>1142<\/strong><br \/>(+16 for winning)\n|raw|swanpermuk's rating: 1000 &rarr; <strong>1000<\/strong><br \/>(+0 for losing)\n","uploadtime":1700061153,"views":15,"p1id":"annefrankkkk","p2id":"swanpermuk","formatid":"gen9ubers","rating":1000,"private":0,"password":""}