{"id":"gen9ubers-1979088300","p1":"ffagoat","p2":"Taka","format":"[Gen 9] Ubers","log":"|j|\u2606ffagoat\n|j|\u2606Taka\n|t:|1698630644\n|gametype|singles\n|player|p1|ffagoat|1|\n|player|p2|Taka|swimmerf|\n|teamsize|p1|6\n|teamsize|p2|6\n|gen|9\n|tier|[Gen 9] Ubers\n|rated|Tournament battle\n|rule|Sleep Clause Mod: Limit one foe put to sleep\n|rule|Species Clause: Limit one of each Pok\u00e9mon\n|rule|OHKO Clause: OHKO moves are banned\n|rule|Evasion Items Clause: Evasion items are banned\n|rule|Evasion Moves Clause: Evasion moves are banned\n|rule|Endless Battle Clause: Forcing endless battles is banned\n|rule|HP Percentage Mod: HP is shown in percentages\n|clearpoke\n|poke|p1|Kyogre|\n|poke|p1|Koraidon|\n|poke|p1|Iron Treads|\n|poke|p1|Eternatus|\n|poke|p1|Arceus-Fairy|\n|poke|p1|Kingambit, F|\n|poke|p2|Dondozo, M|\n|poke|p2|Alomomola, M|\n|poke|p2|Blissey, F|\n|poke|p2|Arceus-Fairy|\n|poke|p2|Clodsire, F|\n|poke|p2|Gliscor, F|\n|teampreview\n|inactive|Battle timer is ON: inactive players will automatically lose when time's up. (requested by Taka)\n|j| Future king of ou\n|c|\u2606ffagoat|seriously\n|c|\u2606Taka|im testing stall out bro\n|c|\u2606Taka|idt ive ever run this shit\n|\n|t:|1698630665\n|start\n|switch|p1a: Iron Treads|Iron Treads|100\/100\n|switch|p2a: Gliscor|Gliscor, F|100\/100\n|turn|1\n|c|\u2606ffagoat|i don't know if i want to play this game bro\n|\n|t:|1698630672\n|move|p2a: Gliscor|Protect|p2a: Gliscor\n|-singleturn|p2a: Gliscor|Protect\n|move|p1a: Iron Treads|Stealth Rock|p2a: Gliscor\n|-sidestart|p2: Taka|move: Stealth Rock\n|\n|-status|p2a: Gliscor|tox|[from] item: Toxic Orb\n|upkeep\n|turn|2\n|\n|t:|1698630680\n|-end|p1a: Iron Treads|Quark Drive|[silent]\n|switch|p1a: Arceus|Arceus-Fairy|100\/100\n|move|p2a: Gliscor|Spikes|p1a: Arceus\n|-sidestart|p1: ffagoat|Spikes\n|\n|upkeep\n|turn|3\n|\n|t:|1698630686\n|move|p1a: Arceus|Calm Mind|p1a: Arceus\n|-boost|p1a: Arceus|spa|1\n|-boost|p1a: Arceus|spd|1\n|move|p2a: Gliscor|Toxic|p1a: Arceus\n|-status|p1a: Arceus|tox\n|\n|-damage|p1a: Arceus|94\/100 tox|[from] psn\n|upkeep\n|turn|4\n|c|\u2606ffagoat|what about my mental health\n|c|\u2606Taka|fair point\n|\n|t:|1698630694\n|switch|p2a: Blissey|Blissey, F|100\/100\n|move|p1a: Arceus|Judgment|p2a: Blissey\n|-crit|p2a: Blissey\n|-damage|p2a: Blissey|70\/100\n|\n|-damage|p1a: Arceus|82\/100 tox|[from] psn\n|upkeep\n|turn|5\n|\n|t:|1698630698\n|switch|p1a: Iron Treads|Iron Treads|100\/100\n|-damage|p1a: Iron Treads|88\/100|[from] Spikes\n|move|p2a: Blissey|Soft-Boiled|p2a: Blissey\n|-heal|p2a: Blissey|100\/100\n|\n|-heal|p1a: Iron Treads|94\/100|[from] item: Leftovers\n|upkeep\n|turn|6\n|\n|t:|1698630703\n|switch|p2a: Alomomola|Alomomola, M|100\/100\n|-damage|p2a: Alomomola|88\/100|[from] Stealth Rock\n|move|p1a: Iron Treads|Knock Off|p2a: Alomomola\n|-damage|p2a: Alomomola|75\/100\n|-damage|p1a: Iron Treads|78\/100|[from] item: Rocky Helmet|[of] p2a: Alomomola\n|-enditem|p2a: Alomomola|Rocky Helmet|[from] move: Knock Off|[of] p1a: Iron Treads\n|\n|-heal|p1a: Iron Treads|84\/100|[from] item: Leftovers\n|upkeep\n|turn|7\n|\n|t:|1698630706\n|move|p1a: Iron Treads|Rapid Spin|p2a: Alomomola\n|-damage|p2a: Alomomola|69\/100\n|-boost|p1a: Iron Treads|spe|1\n|-sideend|p1: ffagoat|Spikes|[from] move: Rapid Spin|[of] p1a: Iron Treads\n|move|p2a: Alomomola|Flip Turn|p1a: Iron Treads\n|-supereffective|p1a: Iron Treads\n|-damage|p1a: Iron Treads|59\/100\n|\n|t:|1698630708\n|switch|p2a: Gliscor|Gliscor, F|100\/100 tox|[from] Flip Turn\n|-damage|p2a: Gliscor|88\/100 tox|[from] Stealth Rock\n|\n|-heal|p1a: Iron Treads|65\/100|[from] item: Leftovers\n|-heal|p2a: Gliscor|100\/100 tox|[from] ability: Poison Heal\n|upkeep\n|turn|8\n|\n|t:|1698630710\n|-end|p1a: Iron Treads|Quark Drive|[silent]\n|switch|p1a: Arceus|Arceus-Fairy|82\/100 tox\n|move|p2a: Gliscor|Spikes|p1a: Arceus\n|-sidestart|p1: ffagoat|Spikes\n|\n|-damage|p1a: Arceus|76\/100 tox|[from] psn\n|upkeep\n|turn|9\n|\n|t:|1698630717\n|move|p1a: Arceus|Judgment|p2a: Gliscor\n|-damage|p2a: Gliscor|43\/100 tox\n|move|p2a: Gliscor|Earthquake|p1a: Arceus\n|-damage|p1a: Arceus|57\/100 tox\n|\n|-damage|p1a: Arceus|45\/100 tox|[from] psn\n|-heal|p2a: Gliscor|56\/100 tox|[from] ability: Poison Heal\n|upkeep\n|turn|10\n|\n|t:|1698630720\n|move|p2a: Gliscor|Protect|p2a: Gliscor\n|-singleturn|p2a: Gliscor|Protect\n|move|p1a: Arceus|Recover|p1a: Arceus\n|-heal|p1a: Arceus|95\/100 tox\n|\n|-damage|p1a: Arceus|76\/100 tox|[from] psn\n|-heal|p2a: Gliscor|68\/100 tox|[from] ability: Poison Heal\n|upkeep\n|turn|11\n|\n|t:|1698630722\n|switch|p2a: Blissey|Blissey, F|100\/100\n|move|p1a: Arceus|Calm Mind|p1a: Arceus\n|-boost|p1a: Arceus|spa|1\n|-boost|p1a: Arceus|spd|1\n|\n|-damage|p1a: Arceus|52\/100 tox|[from] psn\n|upkeep\n|turn|12\n|\n|t:|1698630725\n|switch|p1a: Iron Treads|Iron Treads|65\/100\n|-damage|p1a: Iron Treads|53\/100|[from] Spikes\n|move|p2a: Blissey|Seismic Toss|p1a: Iron Treads\n|-damage|p1a: Iron Treads|27\/100\n|\n|-heal|p1a: Iron Treads|33\/100|[from] item: Leftovers\n|upkeep\n|turn|13\n|\n|t:|1698630729\n|switch|p2a: Alomomola|Alomomola, M|100\/100\n|-damage|p2a: Alomomola|88\/100|[from] Stealth Rock\n|move|p1a: Iron Treads|Rapid Spin|p2a: Alomomola\n|-damage|p2a: Alomomola|81\/100\n|-boost|p1a: Iron Treads|spe|1\n|-sideend|p1: ffagoat|Spikes|[from] move: Rapid Spin|[of] p1a: Iron Treads\n|\n|-heal|p1a: Iron Treads|39\/100|[from] item: Leftovers\n|upkeep\n|turn|14\n|\n|t:|1698630733\n|-end|p1a: Iron Treads|Quark Drive|[silent]\n|switch|p1a: Koraidon|Koraidon|100\/100\n|-weather|SunnyDay|[from] ability: Orichalcum Pulse|[of] p1a: Koraidon\n|-activate|p1a: Koraidon|Orichalcum Pulse|[source]\n|move|p2a: Alomomola|Flip Turn|p1a: Koraidon\n|-resisted|p1a: Koraidon\n|-damage|p1a: Koraidon|97\/100\n|\n|t:|1698630736\n|switch|p2a: Arceus|Arceus-Fairy|100\/100|[from] Flip Turn\n|-damage|p2a: Arceus|88\/100|[from] Stealth Rock\n|\n|-weather|SunnyDay|[upkeep]\n|upkeep\n|turn|15\n|\n|t:|1698630740\n|switch|p2a: Alomomola|Alomomola, M|100\/100\n|-damage|p2a: Alomomola|88\/100|[from] Stealth Rock\n|move|p1a: Koraidon|Flare Blitz|p2a: Alomomola\n|-resisted|p2a: Alomomola\n|-damage|p2a: Alomomola|55\/100\n|-damage|p1a: Koraidon|80\/100|[from] Recoil\n|\n|-weather|SunnyDay|[upkeep]\n|upkeep\n|turn|16\n|\n|t:|1698630743\n|move|p1a: Koraidon|Flare Blitz|p2a: Alomomola\n|-resisted|p2a: Alomomola\n|-damage|p2a: Alomomola|18\/100\n|-damage|p1a: Koraidon|61\/100|[from] Recoil\n|move|p2a: Alomomola|Flip Turn|p1a: Koraidon\n|-resisted|p1a: Koraidon\n|-damage|p1a: Koraidon|57\/100\n|\n|t:|1698630748\n|switch|p2a: Dondozo|Dondozo, M|100\/100|[from] Flip Turn\n|\n|-weather|SunnyDay|[upkeep]\n|upkeep\n|turn|17\n|\n|t:|1698630755\n|switch|p1a: Eternatus|Eternatus|100\/100\n|-ability|p1a: Eternatus|Pressure\n|move|p2a: Dondozo|Avalanche|p1a: Eternatus\n|-supereffective|p1a: Eternatus\n|-damage|p1a: Eternatus|80\/100\n|\n|-weather|SunnyDay|[upkeep]\n|upkeep\n|turn|18\n|\n|t:|1698630761\n|switch|p1a: Kyogre|Kyogre|100\/100\n|-weather|RainDance|[from] ability: Drizzle|[of] p1a: Kyogre\n|switch|p2a: Clodsire|Clodsire, F|100\/100\n|\n|-weather|RainDance|[upkeep]\n|upkeep\n|turn|19\n|\n|t:|1698630766\n|move|p1a: Kyogre|Ice Beam|p2a: Clodsire\n|-supereffective|p2a: Clodsire\n|-damage|p2a: Clodsire|66\/100\n|move|p2a: Clodsire|Toxic|p1a: Kyogre\n|-status|p1a: Kyogre|tox\n|\n|-weather|RainDance|[upkeep]\n|-damage|p1a: Kyogre|94\/100 tox|[from] psn\n|upkeep\n|turn|20\n|\n|t:|1698630769\n|switch|p1a: Eternatus|Eternatus|80\/100\n|-ability|p1a: Eternatus|Pressure\n|move|p2a: Clodsire|Recover|p2a: Clodsire\n|-heal|p2a: Clodsire|100\/100\n|\n|-weather|RainDance|[upkeep]\n|upkeep\n|turn|21\n|\n|t:|1698630775\n|switch|p1a: Koraidon|Koraidon|57\/100\n|-weather|SunnyDay|[from] ability: Orichalcum Pulse|[of] p1a: Koraidon\n|-activate|p1a: Koraidon|Orichalcum Pulse|[source]\n|move|p2a: Clodsire|Earthquake|p1a: Koraidon\n|-damage|p1a: Koraidon|32\/100\n|\n|-weather|SunnyDay|[upkeep]\n|upkeep\n|turn|22\n|\n|t:|1698630781\n|move|p2a: Clodsire|Protect|p2a: Clodsire\n|-singleturn|p2a: Clodsire|Protect\n|move|p1a: Koraidon|U-turn|p2a: Clodsire\n|-activate|p2a: Clodsire|move: Protect\n|\n|-weather|SunnyDay|[upkeep]\n|upkeep\n|turn|23\n|\n|t:|1698630783\n|move|p1a: Koraidon|U-turn|p2a: Clodsire\n|-resisted|p2a: Clodsire\n|-damage|p2a: Clodsire|73\/100\n|c|\u2606ffagoat|no\n|-message|ffagoat forfeited.\n|\n|win|Taka\n|n|\u2606ffagoat|ffagoat\n|n|\u2606Taka|taka\n|n| Future king of ou|futurekingofou\n|l|\u2606ffagoat\n|c|\u2606Taka|gg\n","uploadtime":1698630791,"views":28,"p1id":"ffagoat","p2id":"taka","formatid":"gen9ubers","rating":0,"private":0,"password":""}