{"id":"gen9ubers-1984958123","p1":"Ewokpinguin25","p2":"Mr. Kessler","format":"[Gen 9] Ubers","log":"|j|\u2606Ewokpinguin25\n|j|\u2606Mr. Kessler\n|t:|1699314798\n|gametype|singles\n|player|p1|Ewokpinguin25|palmer|\n|player|p2|Mr. Kessler|gambler|\n|teamsize|p1|6\n|teamsize|p2|6\n|gen|9\n|tier|[Gen 9] Ubers\n|rule|Sleep Clause Mod: Limit one foe put to sleep\n|rule|Species Clause: Limit one of each Pok\u00e9mon\n|rule|OHKO Clause: OHKO moves are banned\n|rule|Evasion Items Clause: Evasion items are banned\n|rule|Evasion Moves Clause: Evasion moves are banned\n|rule|Endless Battle Clause: Forcing endless battles is banned\n|rule|HP Percentage Mod: HP is shown in percentages\n|clearpoke\n|poke|p1|Krookodile, F|\n|poke|p1|Annihilape, F|\n|poke|p1|Revavroom, M|\n|poke|p1|Moltres|\n|poke|p1|Zoroark-Hisui, F|\n|poke|p1|Dipplin, F|\n|poke|p2|Golem-Alola, M|\n|poke|p2|Weezing-Galar, M|\n|poke|p2|Ogerpon-Hearthflame, F|\n|poke|p2|Tornadus-Therian, M|\n|poke|p2|Jirachi|\n|poke|p2|Hariyama, M|\n|teampreview\n|inactive|Battle timer is ON: inactive players will automatically lose when time's up. (requested by Mr. Kessler)\n|j| Iiesuu\n|c|\u2606Ewokpinguin25|Stop times\n|c|\u2606Ewokpinguin25|timr\n|inactiveoff|Battle timer is now OFF.\n|c| Iiesuu|timr\n|c|\u2606Ewokpinguin25|Ty ty\n|c| Iiesuu|timr times\n|j| Fazykins\n|c| Fazykins|Illegales en mi patio\n|\n|t:|1699314902\n|start\n|switch|p1a: Krookodile|Krookodile, F|100\/100\n|switch|p2a: worth more than 2!|Golem-Alola, M|100\/100\n|-ability|p1a: Krookodile|Intimidate|boost\n|-unboost|p2a: worth more than 2!|atk|1\n|turn|1\n|\n|t:|1699314908\n|move|p1a: Krookodile|Taunt|p2a: worth more than 2!\n|-start|p2a: worth more than 2!|move: Taunt\n|cant|p2a: worth more than 2!|move: Taunt|Stealth Rock\n|\n|upkeep\n|turn|2\n|\n|t:|1699314915\n|move|p1a: Krookodile|Knock Off|p2a: worth more than 2!\n|-damage|p2a: worth more than 2!|64\/100\n|-enditem|p2a: worth more than 2!|Red Card|[from] move: Knock Off|[of] p1a: Krookodile\n|move|p2a: worth more than 2!|Rock Tomb|p1a: Krookodile\n|-resisted|p1a: Krookodile\n|-damage|p1a: Krookodile|88\/100\n|-unboost|p1a: Krookodile|spe|1\n|\n|upkeep\n|turn|3\n|\n|t:|1699314920\n|switch|p2a: Gweezer|Weezing-Galar, M|100\/100\n|move|p1a: Krookodile|Stealth Rock|p2a: Gweezer\n|-sidestart|p2: Mr. Kessler|move: Stealth Rock\n|\n|upkeep\n|turn|4\n|j| Gwljigglypuff\n|\n|t:|1699314940\n|switch|p1a: Moltres|Moltres|100\/100\n|move|p2a: Gweezer|Toxic|p1a: Moltres\n|-status|p1a: Moltres|tox\n|\n|-damage|p1a: Moltres|94\/100 tox|[from] psn\n|upkeep\n|turn|5\n|\n|t:|1699314947\n|switch|p2a: worth more than 2!|Golem-Alola, M|64\/100\n|-damage|p2a: worth more than 2!|51\/100|[from] Stealth Rock\n|move|p1a: Moltres|Flamethrower|p2a: worth more than 2!\n|-resisted|p2a: worth more than 2!\n|-crit|p2a: worth more than 2!\n|-damage|p2a: worth more than 2!|13\/100\n|\n|-damage|p1a: Moltres|82\/100 tox|[from] psn\n|upkeep\n|turn|6\n|c|\u2606Mr. Kessler|hmmm\n|\n|t:|1699314961\n|move|p1a: Moltres|Flamethrower|p2a: worth more than 2!\n|-resisted|p2a: worth more than 2!\n|-damage|p2a: worth more than 2!|0 fnt\n|faint|p2a: worth more than 2!\n|\n|-damage|p1a: Moltres|64\/100 tox|[from] psn\n|upkeep\n|\n|t:|1699314974\n|switch|p2a: Bird|Tornadus-Therian, M|100\/100\n|-damage|p2a: Bird|76\/100|[from] Stealth Rock\n|turn|7\n|\n|t:|1699314979\n|switch|p1a: Dipplin|Dipplin, F|100\/100\n|move|p2a: Bird|Bleakwind Storm|p1a: Dipplin\n|-supereffective|p1a: Dipplin\n|-damage|p1a: Dipplin|37\/100\n|-unboost|p1a: Dipplin|spe|1\n|\n|upkeep\n|turn|8\n|c| Iiesuu|bird\n|c| Gwljigglypuff|Business is not boomin\n|c| Fazykins|Worth more than 2 huh\n|c| Iiesuu|worth less than 2 smh\n|\n|t:|1699314990\n|-terastallize|p1a: Dipplin|Water\n|move|p2a: Bird|Bleakwind Storm|p1a: Dipplin\n|-damage|p1a: Dipplin|12\/100\n|move|p1a: Dipplin|Recover|p1a: Dipplin\n|-heal|p1a: Dipplin|62\/100\n|\n|upkeep\n|turn|9\n|\n|t:|1699314998\n|move|p2a: Bird|Nasty Plot|p2a: Bird\n|-boost|p2a: Bird|spa|2\n|move|p1a: Dipplin|Recover|p1a: Dipplin\n|-heal|p1a: Dipplin|100\/100\n|\n|upkeep\n|turn|10\n|\n|t:|1699315002\n|move|p2a: Bird|Grass Knot|p1a: Dipplin\n|-supereffective|p1a: Dipplin\n|-damage|p1a: Dipplin|83\/100\n|move|p1a: Dipplin|Dragon Tail|p2a: Bird\n|-damage|p2a: Bird|55\/100\n|drag|p2a: Flesh Hands|Hariyama, M, shiny|100\/100\n|-damage|p2a: Flesh Hands|94\/100|[from] Stealth Rock\n|\n|upkeep\n|turn|11\n|c|\u2606Mr. Kessler|oh\n|c| Gwljigglypuff|Lmao\n|c|\u2606Mr. Kessler|its so light\n|c| Gwljigglypuff|bro is a apple\n|\n|t:|1699315020\n|move|p2a: Flesh Hands|Close Combat|p1a: Dipplin\n|-damage|p1a: Dipplin|50\/100\n|-unboost|p2a: Flesh Hands|def|1\n|-unboost|p2a: Flesh Hands|spd|1\n|move|p1a: Dipplin|Dragon Tail|p2a: Flesh Hands\n|-damage|p2a: Flesh Hands|69\/100\n|drag|p2a: Gweezer|Weezing-Galar, M|100\/100\n|-damage|p2a: Gweezer|88\/100|[from] Stealth Rock\n|\n|-heal|p2a: Gweezer|94\/100|[from] item: Black Sludge\n|upkeep\n|turn|12\n|c| Iiesuu|cant believe he used the 20 base power grass knot on this much spdef\n|\n|t:|1699315027\n|switch|p1a: Moltres|Moltres|64\/100 tox\n|move|p2a: Gweezer|Toxic|p1a: Moltres\n|-fail|p1a: Moltres|tox\n|\n|-heal|p2a: Gweezer|99\/100|[from] item: Black Sludge\n|-damage|p1a: Moltres|58\/100 tox|[from] psn\n|upkeep\n|turn|13\n|\n|t:|1699315033\n|switch|p2a: Flesh Hands|Hariyama, M, shiny|69\/100\n|-damage|p2a: Flesh Hands|63\/100|[from] Stealth Rock\n|move|p1a: Moltres|Roost|p1a: Moltres\n|-heal|p1a: Moltres|100\/100 tox\n|-singleturn|p1a: Moltres|move: Roost\n|\n|-damage|p1a: Moltres|88\/100 tox|[from] psn\n|upkeep\n|turn|14\n|\n|t:|1699315045\n|switch|p1a: Annihilape|Annihilape, F|100\/100\n|move|p2a: Flesh Hands|Knock Off|p1a: Annihilape\n|-supereffective|p1a: Annihilape\n|-enditem|p1a: Annihilape|Focus Sash\n|-damage|p1a: Annihilape|1\/100\n|replace|p1a: Zoroark|Zoroark-Hisui, F\n|-end|p1a: Zoroark|Illusion\n|\n|upkeep\n|turn|15\n|\n|t:|1699315055\n|move|p2a: Flesh Hands|Bullet Punch|p1a: Zoroark\n|-damage|p1a: Zoroark|0 fnt\n|faint|p1a: Zoroark\n|\n|upkeep\n|\n|t:|1699315068\n|switch|p1a: Dipplin|Dipplin, F, tera:Water|50\/100\n|turn|16\n|c| Gwljigglypuff|The 150 power is coming for your soul\n|\n|t:|1699315071\n|switch|p2a: Fun!|Jirachi|100\/100\n|-damage|p2a: Fun!|94\/100|[from] Stealth Rock\n|-item|p2a: Fun!|Air Balloon\n|move|p1a: Dipplin|Recover|p1a: Dipplin\n|-heal|p1a: Dipplin|99\/100\n|\n|upkeep\n|turn|17\n|c| Gwljigglypuff|Nor wait just 100\n|\n|t:|1699315077\n|move|p2a: Fun!|Encore|p1a: Dipplin\n|-start|p1a: Dipplin|Encore\n|move|p1a: Dipplin|Recover|p1a: Dipplin\n|-heal|p1a: Dipplin|100\/100\n|\n|upkeep\n|turn|18\n|c| Iiesuu|not fun\n|c| Iiesuu|disable?\n|\n|t:|1699315084\n|switch|p1a: Krookodile|Krookodile, F|88\/100\n|-ability|p1a: Krookodile|Intimidate|boost\n|-unboost|p2a: Fun!|atk|1\n|move|p2a: Fun!|Psychic|p1a: Krookodile\n|-immune|p1a: Krookodile\n|\n|upkeep\n|turn|19\n|\n|t:|1699315090\n|switch|p2a: Gweezer|Weezing-Galar, M|99\/100\n|-damage|p2a: Gweezer|88\/100|[from] Stealth Rock\n|move|p1a: Krookodile|Knock Off|p2a: Gweezer\n|-resisted|p2a: Gweezer\n|-damage|p2a: Gweezer|73\/100\n|-enditem|p2a: Gweezer|Black Sludge|[from] move: Knock Off|[of] p1a: Krookodile\n|\n|upkeep\n|turn|20\n|c| Iiesuu|btw kessler you're playing jirachi wrong smh, you're supposed to get 11 freeze turns in a row\n|\n|t:|1699315110\n|switch|p1a: Revavroom|Revavroom, M|100\/100\n|move|p2a: Gweezer|Strange Steam|p1a: Revavroom\n|-resisted|p1a: Revavroom\n|-damage|p1a: Revavroom|90\/100\n|\n|upkeep\n|turn|21\n|\n|t:|1699315114\n|move|p1a: Revavroom|Shift Gear|p1a: Revavroom\n|-boost|p1a: Revavroom|spe|2\n|-boost|p1a: Revavroom|atk|1\n|move|p2a: Gweezer|Will-O-Wisp|p1a: Revavroom\n|-status|p1a: Revavroom|brn\n|-enditem|p1a: Revavroom|Lum Berry|[eat]\n|-curestatus|p1a: Revavroom|brn|[msg]\n|\n|upkeep\n|turn|22\n|c| Iiesuu|smh\n|\n|t:|1699315118\n|move|p1a: Revavroom|Iron Head|p2a: Gweezer\n|-supereffective|p2a: Gweezer\n|-damage|p2a: Gweezer|0 fnt\n|faint|p2a: Gweezer\n|\n|upkeep\n|c|\u2606Mr. Kessler|hmmmmm\n|\n|t:|1699315123\n|switch|p2a: Fun!|Jirachi|94\/100\n|-damage|p2a: Fun!|88\/100|[from] Stealth Rock\n|-item|p2a: Fun!|Air Balloon\n|turn|23\n|c| Gwljigglypuff|Blooms tower defense\n|c| Gwljigglypuff|I say you give the jirachi a taste of its own medicine\n|\n|t:|1699315164\n|move|p1a: Revavroom|Iron Head|p2a: Fun!\n|-resisted|p2a: Fun!\n|-damage|p2a: Fun!|63\/100\n|-enditem|p2a: Fun!|Air Balloon\n|cant|p2a: Fun!|flinch\n|\n|upkeep\n|turn|24\n|c|\u2606Mr. Kessler|noooo\n|c| Gwljigglypuff|Damn\n|\n|t:|1699315173\n|move|p1a: Revavroom|High Horsepower|p2a: Fun!|[miss]\n|-miss|p1a: Revavroom|p2a: Fun!\n|move|p2a: Fun!|Encore|p1a: Revavroom\n|-start|p1a: Revavroom|Encore\n|\n|upkeep\n|turn|25\n|c| Gwljigglypuff|He really did\n|c|\u2606Ewokpinguin25|MY SWEEP\n|c| Iiesuu|dehhhh\n|c|\u2606Ewokpinguin25|GODAMMIT\n|c| Iiesuu|struggle the bird trust\n|c|\u2606Ewokpinguin25|THAT WAS IT\n|\n|t:|1699315207\n|switch|p1a: Dipplin|Dipplin, F, tera:Water|100\/100\n|move|p2a: Fun!|Body Slam|p1a: Dipplin\n|-damage|p1a: Dipplin|90\/100\n|-status|p1a: Dipplin|par\n|\n|upkeep\n|turn|26\n|c| Gwljigglypuff|EWOK NO\n|\n|t:|1699315217\n|move|p2a: Fun!|Psychic|p1a: Dipplin\n|-damage|p1a: Dipplin|65\/100 par\n|move|p1a: Dipplin|Infestation|p2a: Fun!\n|-damage|p2a: Fun!|58\/100\n|-activate|p2a: Fun!|move: Infestation|[of] p1a: Dipplin\n|\n|-damage|p2a: Fun!|45\/100|[from] move: Infestation|[partiallytrapped]\n|upkeep\n|turn|27\n|\n|t:|1699315224\n|move|p2a: Fun!|Body Slam|p1a: Dipplin\n|-damage|p1a: Dipplin|55\/100 par\n|cant|p1a: Dipplin|par\n|\n|-damage|p2a: Fun!|33\/100|[from] move: Infestation|[partiallytrapped]\n|upkeep\n|turn|28\n|c| Iiesuu|this is known as\n|c| Iiesuu|not throwing\n|\n|t:|1699315227\n|move|p2a: Fun!|Healing Wish|p2a: Fun!\n|faint|p2a: Fun!\n|move|p1a: Dipplin|Recover|p1a: Dipplin\n|-heal|p1a: Dipplin|100\/100 par\n|\n|upkeep\n|c| Iiesuu|trust\n|\n|t:|1699315232\n|switch|p2a: Bird|Tornadus-Therian, M|88\/100\n|-heal|p2a: Bird|100\/100|[from] move: Healing Wish\n|-damage|p2a: Bird|76\/100|[from] Stealth Rock\n|turn|29\n|c| Iiesuu|good job you healed nothing\n|c| Gwljigglypuff|Amazing wish pass\n|\n|t:|1699315257\n|move|p2a: Bird|Substitute|p2a: Bird\n|-start|p2a: Bird|Substitute\n|-damage|p2a: Bird|51\/100\n|move|p1a: Dipplin|Infestation|p2a: Bird\n|-resisted|p2a: Bird\n|-activate|p2a: Bird|move: Substitute|[damage]\n|\n|upkeep\n|turn|30\n|\n|t:|1699315263\n|move|p2a: Bird|Nasty Plot|p2a: Bird\n|-boost|p2a: Bird|spa|2\n|move|p1a: Dipplin|Draco Meteor|p2a: Bird\n|-crit|p2a: Bird\n|-end|p2a: Bird|Substitute\n|-unboost|p1a: Dipplin|spa|2\n|\n|upkeep\n|turn|31\n|c| Iiesuu|brick it we fall\n|c| Gwljigglypuff|True\n|\n|t:|1699315302\n|switch|p1a: Revavroom|Revavroom, M|90\/100\n|move|p2a: Bird|Substitute|p2a: Bird\n|-start|p2a: Bird|Substitute\n|-damage|p2a: Bird|26\/100\n|\n|upkeep\n|turn|32\n|\n|t:|1699315307\n|move|p2a: Bird|Bleakwind Storm|p1a: Revavroom|[miss]\n|-miss|p2a: Bird|p1a: Revavroom\n|move|p1a: Revavroom|Iron Head|p2a: Bird\n|-end|p2a: Bird|Substitute\n|\n|upkeep\n|turn|33\n|c|\u2606Mr. Kessler|...\n|c| Gwljigglypuff|You guys suck hit your moves maybe\n|\n|t:|1699315333\n|move|p2a: Bird|Bleakwind Storm|p1a: Revavroom|[miss]\n|-miss|p2a: Bird|p1a: Revavroom\n|move|p1a: Revavroom|Iron Head|p2a: Bird\n|-damage|p2a: Bird|0 fnt\n|faint|p2a: Bird\n|\n|upkeep\n|c| Gwljigglypuff|Omg\n|c|\u2606Ewokpinguin25|Karma\n|\n|t:|1699315341\n|switch|p2a: Flesh Hands|Hariyama, M, shiny|63\/100\n|-damage|p2a: Flesh Hands|57\/100|[from] Stealth Rock\n|turn|34\n|c|\u2606Ewokpinguin25|thats for my rev missing\n|c|\u2606Mr. Kessler|wa\n|c| Gwljigglypuff|Mf you flinched him\n|c|\u2606Mr. Kessler|bruh\n|c|\u2606Ewokpinguin25|Because he would have swept from there\n|c|\u2606Mr. Kessler|you flinched me LMAO\n|c|\u2606Ewokpinguin25|didnt matter\n|c| Iiesuu|karmiama\n|c|\u2606Ewokpinguin25|psychic did 50\n|c|\u2606Mr. Kessler|yeah it did\n|\n|t:|1699315369\n|switch|p1a: Annihilape|Annihilape, F|100\/100\n|move|p2a: Flesh Hands|Headlong Rush|p1a: Annihilape\n|-damage|p1a: Annihilape|54\/100\n|-unboost|p2a: Flesh Hands|def|1\n|-unboost|p2a: Flesh Hands|spd|1\n|\n|upkeep\n|turn|35\n|\n|t:|1699315377\n|move|p1a: Annihilape|Rest|p1a: Annihilape\n|-status|p1a: Annihilape|slp|[from] move: Rest\n|-heal|p1a: Annihilape|100\/100 slp|[silent]\n|-enditem|p1a: Annihilape|Chesto Berry|[eat]\n|-curestatus|p1a: Annihilape|slp|[msg]\n|move|p2a: Flesh Hands|Knock Off|p1a: Annihilape\n|-damage|p1a: Annihilape|74\/100\n|\n|upkeep\n|turn|36\n|c| Iiesuu|you're running hariama wrong\n|\n|t:|1699315388\n|move|p1a: Annihilape|Drain Punch|p2a: Flesh Hands\n|-damage|p2a: Flesh Hands|10\/100\n|-heal|p1a: Annihilape|100\/100|[from] drain|[of] p2a: Flesh Hands\n|move|p2a: Flesh Hands|Headlong Rush|p1a: Annihilape\n|-damage|p1a: Annihilape|54\/100\n|-unboost|p2a: Flesh Hands|def|1\n|-unboost|p2a: Flesh Hands|spd|1\n|\n|upkeep\n|turn|37\n|c| Gwljigglypuff|You are dead\n|\n|t:|1699315392\n|move|p2a: Flesh Hands|Bullet Punch|p1a: Annihilape\n|-damage|p1a: Annihilape|38\/100\n|move|p1a: Annihilape|Drain Punch|p2a: Flesh Hands\n|-damage|p2a: Flesh Hands|0 fnt\n|-heal|p1a: Annihilape|44\/100|[from] drain|[of] p2a: Flesh Hands\n|faint|p2a: Flesh Hands\n|\n|upkeep\n|\n|t:|1699315396\n|switch|p2a: Anger.|Ogerpon-Hearthflame, F|100\/100\n|-damage|p2a: Anger.|76\/100|[from] Stealth Rock\n|-ability|p2a: Anger.|Mold Breaker\n|turn|38\n|\n|t:|1699315399\n|move|p2a: Anger.|Ivy Cudgel|p1a: Annihilape\n|-damage|p1a: Annihilape|0 fnt\n|faint|p1a: Annihilape\n|\n|upkeep\n|\n|t:|1699315401\n|switch|p1a: Moltres|Moltres|88\/100 tox\n|turn|39\n|\n|t:|1699315413\n|move|p2a: Anger.|Swords Dance|p2a: Anger.\n|-boost|p2a: Anger.|atk|2\n|move|p1a: Moltres|Flamethrower|p2a: Anger.\n|-damage|p2a: Anger.|33\/100\n|\n|-damage|p1a: Moltres|82\/100 tox|[from] psn\n|upkeep\n|turn|40\n|c| Iiesuu|bullet punched the rage fist man :sob:\n|\n|t:|1699315419\n|move|p2a: Anger.|Rock Tomb|p1a: Moltres\n|-supereffective|p1a: Moltres\n|-damage|p1a: Moltres|0 fnt\n|faint|p1a: Moltres\n|\n|upkeep\n|\n|t:|1699315423\n|switch|p1a: Krookodile|Krookodile, F|88\/100\n|-ability|p1a: Krookodile|Intimidate|boost\n|-unboost|p2a: Anger.|atk|1\n|turn|41\n|\n|t:|1699315429\n|switch|p1a: Revavroom|Revavroom, M|90\/100\n|move|p2a: Anger.|Ivy Cudgel|p1a: Revavroom\n|-supereffective|p1a: Revavroom\n|-damage|p1a: Revavroom|0 fnt\n|faint|p1a: Revavroom\n|\n|upkeep\n|c| Gwljigglypuff|Cooking?\n|\n|t:|1699315448\n|switch|p1a: Krookodile|Krookodile, F|88\/100\n|-ability|p1a: Krookodile|Intimidate|boost\n|-unboost|p2a: Anger.|atk|1\n|turn|42\n|\n|t:|1699315452\n|move|p2a: Anger.|Trailblaze|p1a: Krookodile\n|-supereffective|p1a: Krookodile\n|-damage|p1a: Krookodile|20\/100\n|-boost|p2a: Anger.|spe|1\n|-damage|p2a: Anger.|17\/100|[from] item: Rocky Helmet|[of] p1a: Krookodile\n|move|p1a: Krookodile|Earthquake|p2a: Anger.\n|-damage|p2a: Anger.|0 fnt\n|faint|p2a: Anger.\n|\n|win|Ewokpinguin25\n|c|\u2606Mr. Kessler|gg\n|c| Gwljigglypuff|Zamn\n|c| Iiesuu|trailblaze??\n|c| Iiesuu|over horn leech :sob:\n|c| Gwljigglypuff|not the trailblaze set\n|c|\u2606Ewokpinguin25|You won with horn leech\n|c|\u2606Ewokpinguin25|Lol\n|c|\u2606Mr. Kessler|guys\n|c|\u2606Mr. Kessler|i realize that\n|c| Gwljigglypuff|Okay well\n|c|\u2606Ewokpinguin25|goddamn I\u2019m so mad\n|c| Gwljigglypuff|our job is to bully you\n|c|\u2606Ewokpinguin25|i lost that in my heart\n|c|\u2606Ewokpinguin25|High horsepower miss\n|c| Fazykins|Lmao\u2019d\n|c|\u2606Ewokpinguin25|i was gonna get rev 5 kills the first game\n|c|\u2606Ewokpinguin25|it actually swept from there\n|c| Iiesuu|everything went wrong in both of those situations\n|c|\u2606Ewokpinguin25|psychic wouldn\u2019t have killed\n|c|\u2606Ewokpinguin25|flinch didnt matter\n|c| Gwljigglypuff|On the plus side\n|c|\u2606Ewokpinguin25|it was just nice\n|c| Gwljigglypuff|dipplin showed up + ewok + no boom = puff stays winning\n|c|\u2606Mr. Kessler|wdym?\n|c|\u2606Mr. Kessler|i was gonna click encore\n|c| Gwljigglypuff|Ewok won*\n|c|\u2606Ewokpinguin25|No\n|c|\u2606Mr. Kessler|you woulda been stuck in iron head\n|c|\u2606Ewokpinguin25|high horsepower absolutely killed lol\n|c|\u2606Mr. Kessler|and oger coulda done something\n|c|\u2606Ewokpinguin25|nope\n|l| Fazykins\n|c|\u2606Ewokpinguin25|I was one point faster than scarf jirachi\n|c|\u2606Mr. Kessler|brother\n|c|\u2606Mr. Kessler|i was not scarf\n|c|\u2606Ewokpinguin25|and ohko with high horsepower\n|c|\u2606Ewokpinguin25|just in case genius\n|c|\u2606Ewokpinguin25|i was just emphasizing speed\n|c|\u2606Mr. Kessler|you outspeed with iron head to pop balloon, and i encore\n|c| Gwljigglypuff|You had to flinch and not miss to win that\n|c| Iiesuu|if you aint scarfed then he 100% outspeeds you lol\n|c|\u2606Ewokpinguin25|ohh thst\n|c|\u2606Ewokpinguin25|ph yeah\n|c|\u2606Mr. Kessler|so no, if you didn't flinch you didn't sweep lo\n|c|\u2606Mr. Kessler|*lol\n|c|\u2606Ewokpinguin25|well I still wanted my 5 kills\n|c|\u2606Ewokpinguin25|\ud83d\ude21\ud83d\ude21\ud83d\ude21\n|c| Iiesuu|you were running your jirachi wrong smh\n|c| Gwljigglypuff|Shoulda got dipplin kills methinks\n|c| Iiesuu|no 11 freeze turns in a row smh\n|c|\u2606Ewokpinguin25|Let\u2019s go to chat\n|l|\u2606Ewokpinguin25\n|l| Gwljigglypuff\n","uploadtime":1699315687,"views":15,"p1id":"ewokpinguin25","p2id":"mrkessler","formatid":"gen9ubers","rating":0,"private":0,"password":""}