{"id":"gen9ubers-1981492044","p1":"hsudigfbvchvu","p2":"Supraxd","format":"[Gen 9] Ubers","log":"|j|\u2606hsudigfbvchvu\n|j|\u2606Supraxd\n|t:|1698905845\n|gametype|singles\n|player|p1|hsudigfbvchvu|266|1000\n|player|p2|Supraxd|steven|1081\n|teamsize|p1|6\n|teamsize|p2|6\n|gen|9\n|tier|[Gen 9] Ubers\n|rated|\n|rule|Sleep Clause Mod: Limit one foe put to sleep\n|rule|Species Clause: Limit one of each Pok\u00e9mon\n|rule|OHKO Clause: OHKO moves are banned\n|rule|Evasion Items Clause: Evasion items are banned\n|rule|Evasion Moves Clause: Evasion moves are banned\n|rule|Endless Battle Clause: Forcing endless battles is banned\n|rule|HP Percentage Mod: HP is shown in percentages\n|clearpoke\n|poke|p1|Okidogi, M|\n|poke|p1|Ninetales-Alola, M|\n|poke|p1|Baxcalibur, M|\n|poke|p1|Manaphy|\n|poke|p1|Kingambit, M|\n|poke|p1|Ditto|\n|poke|p2|Scyther, M|\n|poke|p2|Lokix, M|\n|poke|p2|Ribombee, F|\n|poke|p2|Kleavor, F|\n|poke|p2|Volcarona, F|\n|poke|p2|Slither Wing|\n|teampreview\n|\n|t:|1698905870\n|start\n|switch|p1a: Manaphy|Manaphy|100\/100\n|switch|p2a: Ribombee|Ribombee, F|100\/100\n|turn|1\n|\n|t:|1698905877\n|move|p2a: Ribombee|Stun Spore|p1a: Manaphy\n|-status|p1a: Manaphy|par\n|move|p1a: Manaphy|Tail Glow|p1a: Manaphy\n|-boost|p1a: Manaphy|spa|3\n|\n|upkeep\n|turn|2\n|\n|t:|1698905884\n|move|p2a: Ribombee|Sticky Web|p1a: Manaphy\n|-sidestart|p1: hsudigfbvchvu|move: Sticky Web\n|cant|p1a: Manaphy|par\n|\n|upkeep\n|turn|3\n|\n|t:|1698905895\n|move|p2a: Ribombee|Moonblast|p1a: Manaphy\n|-damage|p1a: Manaphy|62\/100 par\n|move|p1a: Manaphy|Tail Glow|p1a: Manaphy\n|-boost|p1a: Manaphy|spa|3\n|\n|-heal|p1a: Manaphy|68\/100 par|[from] item: Leftovers\n|upkeep\n|turn|4\n|\n|t:|1698905907\n|-terastallize|p1a: Manaphy|Fairy\n|move|p2a: Ribombee|Moonblast|p1a: Manaphy\n|-damage|p1a: Manaphy|25\/100 par\n|cant|p1a: Manaphy|par\n|\n|-heal|p1a: Manaphy|31\/100 par|[from] item: Leftovers\n|upkeep\n|turn|5\n|\n|t:|1698905915\n|move|p2a: Ribombee|Moonblast|p1a: Manaphy\n|-damage|p1a: Manaphy|0 fnt\n|faint|p1a: Manaphy\n|\n|upkeep\n|\n|t:|1698905939\n|switch|p1a: Kingambit|Kingambit, M|100\/100\n|-activate|p1a: Kingambit|ability: Supreme Overlord\n|-start|p1a: Kingambit|fallen1|[silent]\n|-item|p1a: Kingambit|Air Balloon\n|turn|6\n|\n|t:|1698905957\n|move|p2a: Ribombee|Stun Spore|p1a: Kingambit\n|-status|p1a: Kingambit|par\n|move|p1a: Kingambit|Swords Dance|p1a: Kingambit\n|-boost|p1a: Kingambit|atk|2\n|\n|upkeep\n|turn|7\n|\n|t:|1698905965\n|move|p2a: Ribombee|Moonblast|p1a: Kingambit\n|-damage|p1a: Kingambit|56\/100 par\n|-unboost|p1a: Kingambit|spa|1\n|-enditem|p1a: Kingambit|Air Balloon\n|move|p1a: Kingambit|Iron Head|p2a: Ribombee\n|-supereffective|p2a: Ribombee\n|-enditem|p2a: Ribombee|Focus Sash\n|-damage|p2a: Ribombee|1\/100\n|\n|upkeep\n|turn|8\n|\n|t:|1698905981\n|switch|p2a: Lokix|Lokix, M|100\/100\n|move|p1a: Kingambit|Sucker Punch||[still]\n|-fail|p1a: Kingambit\n|\n|upkeep\n|turn|9\n|\n|t:|1698905993\n|move|p2a: Lokix|First Impression|p1a: Kingambit\n|-damage|p1a: Kingambit|16\/100 par\n|move|p1a: Kingambit|Iron Head|p2a: Lokix\n|-damage|p2a: Lokix|0 fnt\n|faint|p2a: Lokix\n|\n|upkeep\n|\n|t:|1698906013\n|switch|p2a: Slither Wing|Slither Wing|100\/100\n|-enditem|p2a: Slither Wing|Booster Energy\n|-activate|p2a: Slither Wing|ability: Protosynthesis|[fromitem]\n|-start|p2a: Slither Wing|protosynthesisatk\n|turn|10\n|\n|t:|1698906018\n|cant|p1a: Kingambit|par\n|move|p2a: Slither Wing|Flame Charge|p1a: Kingambit\n|-supereffective|p1a: Kingambit\n|-damage|p1a: Kingambit|0 fnt\n|-boost|p2a: Slither Wing|spe|1\n|faint|p1a: Kingambit\n|-end|p1a: Kingambit|fallen1|[silent]\n|\n|upkeep\n|\n|t:|1698906029\n|switch|p1a: Baxcalibur|Baxcalibur, M|100\/100\n|-activate|p1a: Baxcalibur|move: Sticky Web\n|-unboost|p1a: Baxcalibur|spe|1\n|turn|11\n|\n|t:|1698906034\n|move|p2a: Slither Wing|Close Combat|p1a: Baxcalibur\n|-supereffective|p1a: Baxcalibur\n|-damage|p1a: Baxcalibur|0 fnt\n|-unboost|p2a: Slither Wing|def|1\n|-unboost|p2a: Slither Wing|spd|1\n|faint|p1a: Baxcalibur\n|\n|upkeep\n|\n|t:|1698906042\n|switch|p1a: Ditto|Ditto, shiny|100\/100\n|-activate|p1a: Ditto|move: Sticky Web\n|-unboost|p1a: Ditto|spe|1\n|-transform|p1a: Ditto|p2a: Slither Wing|[from] ability: Imposter\n|turn|12\n|\n|t:|1698906051\n|-terastallize|p2a: Slither Wing|Fire\n|move|p1a: Ditto|Acrobatics|p2a: Slither Wing\n|-damage|p2a: Slither Wing|64\/100\n|move|p2a: Slither Wing|Flame Charge|p1a: Ditto\n|-supereffective|p1a: Ditto\n|-damage|p1a: Ditto|0 fnt\n|-boost|p2a: Slither Wing|spe|1\n|faint|p1a: Ditto\n|-end|p1a: Ditto|Protosynthesis|[silent]\n|\n|upkeep\n|\n|t:|1698906061\n|switch|p1a: Okidogi|Okidogi, M|100\/100\n|-activate|p1a: Okidogi|move: Sticky Web\n|-unboost|p1a: Okidogi|spe|1\n|turn|13\n|\n|t:|1698906067\n|move|p2a: Slither Wing|Acrobatics|p1a: Okidogi\n|-supereffective|p1a: Okidogi\n|-damage|p1a: Okidogi|13\/100\n|move|p1a: Okidogi|Bulk Up|p1a: Okidogi\n|-boost|p1a: Okidogi|atk|1\n|-boost|p1a: Okidogi|def|1\n|\n|-heal|p1a: Okidogi|19\/100|[from] item: Leftovers\n|upkeep\n|turn|14\n|\n|t:|1698906076\n|move|p2a: Slither Wing|Flame Charge|p1a: Okidogi\n|-damage|p1a: Okidogi|0 fnt\n|-boost|p2a: Slither Wing|spe|1\n|faint|p1a: Okidogi\n|\n|upkeep\n|\n|t:|1698906082\n|switch|p1a: Ninetales|Ninetales-Alola, M|100\/100\n|-activate|p1a: Ninetales|move: Sticky Web\n|-unboost|p1a: Ninetales|spe|1\n|-weather|Snow|[from] ability: Snow Warning|[of] p1a: Ninetales\n|turn|15\n|\n|t:|1698906091\n|move|p2a: Slither Wing|Flame Charge|p1a: Ninetales\n|-supereffective|p1a: Ninetales\n|-crit|p1a: Ninetales\n|-damage|p1a: Ninetales|0 fnt\n|-boost|p2a: Slither Wing|spe|1\n|faint|p1a: Ninetales\n|\n|win|Supraxd\n|raw|hsudigfbvchvu's rating: 1000 &rarr; <strong>1000<\/strong><br \/>(+0 for losing)\n|raw|Supraxd's rating: 1081 &rarr; <strong>1102<\/strong><br \/>(+21 for winning)\n|l|\u2606hsudigfbvchvu\n","uploadtime":1698906313,"views":8,"p1id":"hsudigfbvchvu","p2id":"supraxd","formatid":"gen9ubers","rating":1000,"private":0,"password":""}