{"id":"gen9ubers-1996385089","p1":"nulhio","p2":"Inder","format":"[Gen 9] Ubers","log":"|j|\u2606nulhio\n|j|\u2606Inder\n|t:|1700676988\n|gametype|singles\n|player|p1|nulhio|pokemonrangerf-gen4|\n|player|p2|Inder|#uplximelmetal|\n|teamsize|p1|6\n|teamsize|p2|6\n|gen|9\n|tier|[Gen 9] Ubers\n|rated|Tournament battle\n|rule|Sleep Clause Mod: Limit one foe put to sleep\n|rule|Species Clause: Limit one of each Pok\u00e9mon\n|rule|OHKO Clause: OHKO moves are banned\n|rule|Evasion Items Clause: Evasion items are banned\n|rule|Evasion Moves Clause: Evasion moves are banned\n|rule|Endless Battle Clause: Forcing endless battles is banned\n|rule|HP Percentage Mod: HP is shown in percentages\n|clearpoke\n|poke|p1|Kyogre|\n|poke|p1|Ting-Lu|\n|poke|p1|Arceus-Water|\n|poke|p1|Corviknight, M|\n|poke|p1|Koraidon|\n|poke|p1|Spectrier|\n|poke|p2|Ceruledge, F|\n|poke|p2|Rillaboom, M|\n|poke|p2|Greninja-*, M|\n|poke|p2|Sneasler, M|\n|poke|p2|Landorus-Therian, M|\n|poke|p2|Iron Valiant|\n|teampreview\n|inactive|Battle timer is ON: inactive players will automatically lose when time's up. (requested by Inder)\n|\n|t:|1700677005\n|start\n|switch|p1a: Koraidon|Koraidon|100\/100\n|switch|p2a: Rillaboom|Rillaboom, M|100\/100\n|-weather|SunnyDay|[from] ability: Orichalcum Pulse|[of] p1a: Koraidon\n|-activate|p1a: Koraidon|Orichalcum Pulse|[source]\n|-fieldstart|move: Grassy Terrain|[from] ability: Grassy Surge|[of] p2a: Rillaboom\n|turn|1\n|\n|t:|1700677012\n|switch|p2a: Landorus|Landorus-Therian, M|100\/100\n|-ability|p2a: Landorus|Intimidate|boost\n|-unboost|p1a: Koraidon|atk|1\n|move|p1a: Koraidon|Flare Blitz|p2a: Landorus\n|-damage|p2a: Landorus|11\/100\n|-damage|p1a: Koraidon|84\/100|[from] item: Rocky Helmet|[of] p2a: Landorus\n|-damage|p1a: Koraidon|51\/100|[from] Recoil\n|\n|-weather|SunnyDay|[upkeep]\n|-heal|p1a: Koraidon|57\/100|[from] Grassy Terrain\n|upkeep\n|turn|2\n|\n|t:|1700677017\n|move|p1a: Koraidon|Flare Blitz|p2a: Landorus\n|-damage|p2a: Landorus|0 fnt\n|-damage|p1a: Koraidon|41\/100|[from] item: Rocky Helmet|[of] p2a: Landorus\n|faint|p2a: Landorus\n|-damage|p1a: Koraidon|37\/100|[from] Recoil\n|\n|-weather|SunnyDay|[upkeep]\n|-heal|p1a: Koraidon|43\/100|[from] Grassy Terrain\n|upkeep\n|\n|t:|1700677019\n|switch|p2a: Ceruledge|Ceruledge, F|100\/100\n|turn|3\n|\n|t:|1700677047\n|move|p1a: Koraidon|Flare Blitz|p2a: Ceruledge\n|-resisted|p2a: Ceruledge\n|-damage|p2a: Ceruledge|41\/100\n|-ability|p2a: Ceruledge|Weak Armor|boost\n|-unboost|p2a: Ceruledge|def|1\n|-boost|p2a: Ceruledge|spe|2\n|-damage|p1a: Koraidon|25\/100|[from] Recoil\n|move|p2a: Ceruledge|Swords Dance|p2a: Ceruledge\n|-boost|p2a: Ceruledge|atk|2\n|\n|-weather|SunnyDay|[upkeep]\n|-heal|p2a: Ceruledge|47\/100|[from] Grassy Terrain\n|-heal|p1a: Koraidon|32\/100|[from] Grassy Terrain\n|upkeep\n|turn|4\n|inactive|nulhio has 120 seconds left.\n|inactive|nulhio has 90 seconds left.\n|inactive|nulhio has 60 seconds left.\n|\n|t:|1700677142\n|move|p2a: Ceruledge|Shadow Sneak|p1a: Koraidon\n|-damage|p1a: Koraidon|0 fnt\n|faint|p1a: Koraidon\n|\n|-weather|SunnyDay|[upkeep]\n|-heal|p2a: Ceruledge|53\/100|[from] Grassy Terrain\n|upkeep\n|\n|t:|1700677159\n|switch|p1a: Kyogre|Kyogre|100\/100\n|-weather|RainDance|[from] ability: Drizzle|[of] p1a: Kyogre\n|turn|5\n|inactive|nulhio has 30 seconds left.\n|inactive|nulhio has 20 seconds left.\n|inactive|nulhio has 15 seconds left.\n|\n|t:|1700677190\n|move|p2a: Ceruledge|Poltergeist|p1a: Kyogre\n|-activate|p1a: Kyogre|move: Poltergeist|Leftovers\n|-damage|p1a: Kyogre|6\/100\n|move|p1a: Kyogre|Origin Pulse|p2a: Ceruledge\n|-supereffective|p2a: Ceruledge\n|-damage|p2a: Ceruledge|0 fnt\n|faint|p2a: Ceruledge\n|\n|-weather|RainDance|[upkeep]\n|-heal|p1a: Kyogre|12\/100|[from] Grassy Terrain\n|-heal|p1a: Kyogre|19\/100|[from] item: Leftovers\n|-fieldend|move: Grassy Terrain\n|upkeep\n|inactive|nulhio has 20 seconds left this turn.\n|\n|t:|1700677197\n|switch|p2a: DJ DA REAL|Greninja, M|100\/100\n|turn|6\n|inactive|nulhio has 30 seconds left this turn.\n|inactive|nulhio has 20 seconds left.\n|inactive|nulhio has 15 seconds left.\n|inactive|nulhio has 10 seconds left.\n|inactive|nulhio has 5 seconds left.\n|-message|nulhio lost due to inactivity.\n|\n|win|Inder\n|n|\u2606nulhio|nulhio\n|n|\u2606Inder|inder\n","uploadtime":1700677229,"views":2,"p1id":"nulhio","p2id":"inder","formatid":"gen9ubers","rating":0,"private":0,"password":""}