{"id":"gen9ubers-1991366520","p1":"JohnLongGone","p2":"Creeperman129Poke","format":"[Gen 9] Ubers","log":"|j|\u2606JohnLongGone\n|j|\u2606Creeperman129Poke\n|t:|1700071156\n|gametype|singles\n|player|p1|JohnLongGone|iris-gen5bw2|\n|player|p2|Creeperman129Poke|nemona-v|\n|teamsize|p1|6\n|teamsize|p2|6\n|gen|9\n|tier|[Gen 9] Ubers\n|rule|Sleep Clause Mod: Limit one foe put to sleep\n|rule|Species Clause: Limit one of each Pok\u00e9mon\n|rule|OHKO Clause: OHKO moves are banned\n|rule|Evasion Items Clause: Evasion items are banned\n|rule|Evasion Moves Clause: Evasion moves are banned\n|rule|Endless Battle Clause: Forcing endless battles is banned\n|rule|HP Percentage Mod: HP is shown in percentages\n|clearpoke\n|poke|p1|Magearna|\n|poke|p1|Ursaluna, F|\n|poke|p1|Dialga|\n|poke|p1|Hoopa-Unbound|\n|poke|p1|Cinderace, F|\n|poke|p1|Cresselia, F|\n|poke|p2|Torkoal, M|\n|poke|p2|Walking Wake|\n|poke|p2|Chi-Yu|\n|poke|p2|Arceus-Grass|\n|poke|p2|Zacian-*|\n|poke|p2|Magearna-Original|\n|teampreview\n|c|\u2606Creeperman129Poke|glhf :)\n|\n|t:|1700071179\n|start\n|switch|p1a: Dialga|Dialga|100\/100\n|switch|p2a: Torkoal|Torkoal, M|100\/100\n|-ability|p1a: Dialga|Pressure\n|-weather|SunnyDay|[from] ability: Drought|[of] p2a: Torkoal\n|turn|1\n|\n|t:|1700071187\n|move|p2a: Torkoal|Lava Plume|p1a: Dialga\n|-damage|p1a: Dialga|68\/100\n|move|p1a: Dialga|Trick Room|p1a: Dialga\n|-fieldstart|move: Trick Room|[of] p1a: Dialga\n|\n|-weather|SunnyDay|[upkeep]\n|upkeep\n|turn|2\n|c|\u2606JohnLongGone|Glhf\n|\n|t:|1700071204\n|move|p2a: Torkoal|Lava Plume|p1a: Dialga\n|-damage|p1a: Dialga|36\/100\n|move|p1a: Dialga|Draco Meteor|p2a: Torkoal\n|-damage|p2a: Torkoal|0 fnt\n|-unboost|p1a: Dialga|spa|2\n|-enditem|p1a: Dialga|Eject Pack\n|faint|p2a: Torkoal\n|\n|t:|1700071208\n|switch|p1a: Ursaluna|Ursaluna, F|100\/100\n|\n|-weather|SunnyDay|[upkeep]\n|-status|p1a: Ursaluna|brn|[from] item: Flame Orb\n|upkeep\n|\n|t:|1700071215\n|switch|p2a: Arceus|Arceus-Grass|100\/100\n|turn|3\n|\n|t:|1700071282\n|-terastallize|p1a: Ursaluna|Normal\n|move|p1a: Ursaluna|Facade|p2a: Arceus\n|-damage|p2a: Arceus|0 fnt\n|faint|p2a: Arceus\n|\n|-weather|SunnyDay|[upkeep]\n|-damage|p1a: Ursaluna|94\/100 brn|[from] brn\n|upkeep\n|\n|t:|1700071305\n|switch|p2a: Zacian|Zacian|100\/100\n|-ability|p2a: Zacian|Intrepid Sword|boost\n|-boost|p2a: Zacian|atk|1\n|turn|4\n|\n|t:|1700071312\n|move|p1a: Ursaluna|Facade|p2a: Zacian\n|-damage|p2a: Zacian|0 fnt\n|faint|p2a: Zacian\n|\n|-weather|SunnyDay|[upkeep]\n|-damage|p1a: Ursaluna|88\/100 brn|[from] brn\n|upkeep\n|\n|t:|1700071321\n|switch|p2a: Magearna|Magearna-Original|100\/100\n|turn|5\n|\n|t:|1700071324\n|move|p1a: Ursaluna|Headlong Rush|p2a: Magearna\n|-supereffective|p2a: Magearna\n|-damage|p2a: Magearna|0 fnt\n|-unboost|p1a: Ursaluna|def|1\n|-unboost|p1a: Ursaluna|spd|1\n|faint|p2a: Magearna\n|\n|-weather|SunnyDay|[upkeep]\n|-damage|p1a: Ursaluna|82\/100 brn|[from] brn\n|-fieldend|move: Trick Room\n|upkeep\n|\n|t:|1700071327\n|switch|p2a: Chi-Yu|Chi-Yu|100\/100\n|-ability|p2a: Chi-Yu|Beads of Ruin\n|turn|6\n|\n|t:|1700071342\n|switch|p1a: Cinderace|Cinderace, F|100\/100\n|-terastallize|p2a: Chi-Yu|Fire\n|move|p2a: Chi-Yu|Flamethrower|p1a: Cinderace\n|-resisted|p1a: Cinderace\n|-damage|p1a: Cinderace|6\/100\n|\n|-weather|SunnyDay|[upkeep]\n|upkeep\n|turn|7\n|\n|t:|1700071350\n|move|p1a: Cinderace|Sucker Punch|p2a: Chi-Yu\n|-start|p1a: Cinderace|typechange|Dark|[from] ability: Libero\n|-damage|p2a: Chi-Yu|44\/100\n|move|p2a: Chi-Yu|Flamethrower|p1a: Cinderace\n|-damage|p1a: Cinderace|0 fnt\n|faint|p1a: Cinderace\n|\n|-weather|SunnyDay|[upkeep]\n|upkeep\n|\n|t:|1700071387\n|switch|p1a: Dialga|Dialga|36\/100\n|-ability|p1a: Dialga|Pressure\n|turn|8\n|\n|t:|1700071399\n|move|p2a: Chi-Yu|Flamethrower|p1a: Dialga\n|-damage|p1a: Dialga|0 fnt\n|faint|p1a: Dialga\n|\n|-weather|none\n|upkeep\n|\n|t:|1700071401\n|switch|p1a: Hoopa|Hoopa-Unbound|100\/100\n|turn|9\n|\n|t:|1700071423\n|move|p2a: Chi-Yu|Flamethrower|p1a: Hoopa\n|-damage|p1a: Hoopa|52\/100\n|move|p1a: Hoopa|Hyperspace Fury|p2a: Chi-Yu\n|-damage|p2a: Chi-Yu|0 fnt\n|-unboost|p1a: Hoopa|def|1\n|faint|p2a: Chi-Yu\n|\n|upkeep\n|\n|t:|1700071425\n|switch|p2a: Walking Wake|Walking Wake|100\/100\n|turn|10\n|\n|t:|1700071435\n|move|p2a: Walking Wake|Hydro Steam|p1a: Hoopa\n|-damage|p1a: Hoopa|23\/100\n|move|p1a: Hoopa|Hyperspace Fury|p2a: Walking Wake\n|-damage|p2a: Walking Wake|22\/100\n|-unboost|p1a: Hoopa|def|1\n|\n|upkeep\n|turn|11\n|\n|t:|1700071438\n|move|p2a: Walking Wake|Hydro Steam|p1a: Hoopa\n|-damage|p1a: Hoopa|0 fnt\n|faint|p1a: Hoopa\n|\n|upkeep\n|\n|t:|1700071441\n|switch|p1a: Magearna|Magearna|100\/100\n|turn|12\n|c|\u2606Creeperman129Poke|gg\n|\n|t:|1700071444\n|move|p2a: Walking Wake|Hydro Steam|p1a: Magearna\n|-damage|p1a: Magearna|49\/100\n|move|p1a: Magearna|Trick Room|p1a: Magearna\n|-fieldstart|move: Trick Room|[of] p1a: Magearna\n|\n|-heal|p1a: Magearna|55\/100|[from] item: Leftovers\n|upkeep\n|turn|13\n|\n|t:|1700071451\n|move|p1a: Magearna|Fleur Cannon|p2a: Walking Wake|[miss]\n|-miss|p1a: Magearna|p2a: Walking Wake\n|move|p2a: Walking Wake|Hydro Steam|p1a: Magearna\n|-damage|p1a: Magearna|8\/100\n|\n|-heal|p1a: Magearna|15\/100|[from] item: Leftovers\n|upkeep\n|turn|14\n|\n|t:|1700071453\n|move|p1a: Magearna|Fleur Cannon|p2a: Walking Wake\n|-supereffective|p2a: Walking Wake\n|-damage|p2a: Walking Wake|0 fnt\n|-unboost|p1a: Magearna|spa|2\n|faint|p2a: Walking Wake\n|-end|p2a: Walking Wake|Protosynthesis|[silent]\n|\n|win|JohnLongGone\n|c|\u2606JohnLongGone|gg\n|c|\u2606Creeperman129Poke|https:\/\/replay.pokemonshowdown.com\/gen9ubers-1991366520\n|l|\u2606Creeperman129Poke\n","uploadtime":1700071457,"views":42,"p1id":"johnlonggone","p2id":"creeperman129poke","formatid":"gen9ubers","rating":0,"private":0,"password":""}