{"id":"gen9ubers-1979056733","p1":"Future king of ou","p2":"OreoSpeedruns","format":"[Gen 9] Ubers","log":"|j|\u2606Future king of ou\n|j|\u2606OreoSpeedruns\n|t:|1698626647\n|gametype|singles\n|player|p1|Future king of ou|mela|\n|player|p2|OreoSpeedruns|hilbert-masters|\n|teamsize|p1|6\n|teamsize|p2|6\n|gen|9\n|tier|[Gen 9] Ubers\n|rated|Tournament battle\n|rule|Sleep Clause Mod: Limit one foe put to sleep\n|rule|Species Clause: Limit one of each Pok\u00e9mon\n|rule|OHKO Clause: OHKO moves are banned\n|rule|Evasion Items Clause: Evasion items are banned\n|rule|Evasion Moves Clause: Evasion moves are banned\n|rule|Endless Battle Clause: Forcing endless battles is banned\n|rule|HP Percentage Mod: HP is shown in percentages\n|clearpoke\n|poke|p1|Skeledirge, F|\n|poke|p1|Kyogre|\n|poke|p1|Zacian-*|\n|poke|p1|Koraidon|\n|poke|p1|Arceus|\n|poke|p1|Blissey, F|\n|poke|p2|Calyrex-Ice|\n|poke|p2|Koraidon|\n|poke|p2|Toxapex, F|\n|poke|p2|Ting-Lu|\n|poke|p2|Arceus|\n|poke|p2|Miraidon|\n|teampreview\n|\n|t:|1698626678\n|start\n|switch|p1a: Kyogre|Kyogre|100\/100\n|switch|p2a: Koraidon|Koraidon|100\/100\n|-weather|SunnyDay|[from] ability: Orichalcum Pulse|[of] p2a: Koraidon\n|-activate|p2a: Koraidon|Orichalcum Pulse|[source]\n|-weather|RainDance|[from] ability: Drizzle|[of] p1a: Kyogre\n|turn|1\n|\n|t:|1698626683\n|move|p2a: Koraidon|U-turn|p1a: Kyogre\n|-damage|p1a: Kyogre|78\/100\n|\n|t:|1698626686\n|switch|p2a: Arceus|Arceus|100\/100|[from] U-turn\n|move|p1a: Kyogre|Ice Beam|p2a: Arceus\n|-damage|p2a: Arceus|59\/100\n|\n|-weather|RainDance|[upkeep]\n|upkeep\n|turn|2\n|\n|t:|1698626688\n|move|p2a: Arceus|Shadow Claw|p1a: Kyogre\n|-damage|p1a: Kyogre|55\/100\n|move|p1a: Kyogre|Ice Beam|p2a: Arceus\n|-damage|p2a: Arceus|16\/100\n|\n|-weather|RainDance|[upkeep]\n|upkeep\n|turn|3\n|\n|t:|1698626692\n|switch|p2a: Calyrex|Calyrex-Ice|100\/100\n|-ability|p2a: Calyrex|As One\n|-ability|p2a: Calyrex|Unnerve\n|switch|p1a: Skeledirge|Skeledirge, F|100\/100\n|\n|-weather|RainDance|[upkeep]\n|upkeep\n|turn|4\n|\n|t:|1698626698\n|switch|p2a: Miraidon|Miraidon|100\/100\n|-fieldstart|move: Electric Terrain|[from] ability: Hadron Engine|[of] p2a: Miraidon\n|move|p1a: Skeledirge|Torch Song|p2a: Miraidon\n|-resisted|p2a: Miraidon\n|-damage|p2a: Miraidon|93\/100\n|-boost|p1a: Skeledirge|spa|1\n|\n|-weather|RainDance|[upkeep]\n|upkeep\n|turn|5\n|\n|t:|1698626701\n|switch|p1a: Blissey|Blissey, F|100\/100\n|move|p2a: Miraidon|Calm Mind|p2a: Miraidon\n|-boost|p2a: Miraidon|spa|1\n|-boost|p2a: Miraidon|spd|1\n|\n|-weather|none\n|upkeep\n|turn|6\n|\n|t:|1698626704\n|move|p2a: Miraidon|Parabolic Charge|p1a: Blissey\n|-damage|p1a: Blissey|65\/100\n|-heal|p2a: Miraidon|100\/100|[from] drain|[of] p1a: Blissey\n|-damage|p2a: Miraidon|91\/100|[from] item: Life Orb\n|move|p1a: Blissey|Seismic Toss|p2a: Miraidon\n|-damage|p2a: Miraidon|61\/100\n|\n|upkeep\n|turn|7\n|\n|t:|1698626708\n|move|p2a: Miraidon|Taunt|p1a: Blissey\n|-start|p1a: Blissey|move: Taunt\n|cant|p1a: Blissey|move: Taunt|Soft-Boiled\n|\n|upkeep\n|turn|8\n|\n|t:|1698626714\n|move|p2a: Miraidon|Parabolic Charge|p1a: Blissey\n|-damage|p1a: Blissey|30\/100\n|-heal|p2a: Miraidon|98\/100|[from] drain|[of] p1a: Blissey\n|-damage|p2a: Miraidon|88\/100|[from] item: Life Orb\n|move|p1a: Blissey|Seismic Toss|p2a: Miraidon\n|-damage|p2a: Miraidon|58\/100\n|\n|-fieldend|move: Electric Terrain\n|upkeep\n|turn|9\n|\n|t:|1698626718\n|move|p2a: Miraidon|Parabolic Charge|p1a: Blissey\n|-damage|p1a: Blissey|12\/100\n|-heal|p2a: Miraidon|77\/100|[from] drain|[of] p1a: Blissey\n|-damage|p2a: Miraidon|67\/100|[from] item: Life Orb\n|move|p1a: Blissey|Seismic Toss|p2a: Miraidon\n|-damage|p2a: Miraidon|38\/100\n|\n|-end|p1a: Blissey|move: Taunt\n|upkeep\n|turn|10\n|\n|t:|1698626720\n|move|p2a: Miraidon|Parabolic Charge|p1a: Blissey\n|-damage|p1a: Blissey|0 fnt\n|-heal|p2a: Miraidon|50\/100|[from] drain|[of] p1a: Blissey\n|faint|p1a: Blissey\n|-damage|p2a: Miraidon|40\/100|[from] item: Life Orb\n|\n|upkeep\n|\n|t:|1698626725\n|switch|p1a: Zacian|Zacian-Crowned|100\/100\n|-ability|p1a: Zacian|Intrepid Sword|boost\n|-boost|p1a: Zacian|atk|1\n|turn|11\n|\n|t:|1698626730\n|move|p1a: Zacian|Close Combat|p2a: Miraidon\n|-damage|p2a: Miraidon|0 fnt\n|-unboost|p1a: Zacian|def|1\n|-unboost|p1a: Zacian|spd|1\n|faint|p2a: Miraidon\n|\n|upkeep\n|\n|t:|1698626735\n|switch|p2a: Koraidon|Koraidon|100\/100\n|-weather|SunnyDay|[from] ability: Orichalcum Pulse|[of] p2a: Koraidon\n|-activate|p2a: Koraidon|Orichalcum Pulse|[source]\n|turn|12\n|\n|t:|1698626742\n|switch|p1a: Skeledirge|Skeledirge, F|100\/100\n|move|p2a: Koraidon|Low Kick|p1a: Skeledirge\n|-immune|p1a: Skeledirge\n|\n|-weather|SunnyDay|[upkeep]\n|upkeep\n|turn|13\n|\n|t:|1698626764\n|switch|p2a: Toxapex|Toxapex, F|100\/100\n|move|p1a: Skeledirge|Will-O-Wisp|p2a: Toxapex|[miss]\n|-miss|p1a: Skeledirge|p2a: Toxapex\n|\n|-weather|SunnyDay|[upkeep]\n|upkeep\n|turn|14\n|\n|t:|1698626773\n|move|p1a: Skeledirge|Will-O-Wisp|p2a: Toxapex\n|-status|p2a: Toxapex|brn\n|move|p2a: Toxapex|Toxic|p1a: Skeledirge\n|-status|p1a: Skeledirge|tox\n|\n|-weather|SunnyDay|[upkeep]\n|-damage|p1a: Skeledirge|94\/100 tox|[from] psn\n|-damage|p2a: Toxapex|94\/100 brn|[from] brn\n|upkeep\n|turn|15\n|\n|t:|1698626781\n|switch|p1a: Kyogre|Kyogre|55\/100\n|-weather|RainDance|[from] ability: Drizzle|[of] p1a: Kyogre\n|move|p2a: Toxapex|Infestation|p1a: Kyogre\n|-damage|p1a: Kyogre|53\/100\n|-activate|p1a: Kyogre|move: Infestation|[of] p2a: Toxapex\n|\n|-weather|RainDance|[upkeep]\n|-damage|p2a: Toxapex|88\/100 brn|[from] brn\n|-damage|p1a: Kyogre|41\/100|[from] move: Infestation|[partiallytrapped]\n|upkeep\n|turn|16\n|\n|t:|1698626784\n|move|p1a: Kyogre|Thunder|p2a: Toxapex\n|-supereffective|p2a: Toxapex\n|-damage|p2a: Toxapex|0 fnt\n|faint|p2a: Toxapex\n|\n|-weather|RainDance|[upkeep]\n|-end|p1a: Kyogre|Infestation|[partiallytrapped]|[silent]\n|upkeep\n|\n|t:|1698626793\n|switch|p2a: Ting-Lu|Ting-Lu|100\/100\n|-ability|p2a: Ting-Lu|Vessel of Ruin\n|turn|17\n|\n|t:|1698626798\n|switch|p1a: Koraidon|Koraidon|100\/100\n|-weather|SunnyDay|[from] ability: Orichalcum Pulse|[of] p1a: Koraidon\n|-activate|p1a: Koraidon|Orichalcum Pulse|[source]\n|move|p2a: Ting-Lu|Spikes|p1a: Koraidon\n|-sidestart|p1: Future king of ou|Spikes\n|\n|-weather|SunnyDay|[upkeep]\n|upkeep\n|turn|18\n|\n|t:|1698626801\n|move|p1a: Koraidon|Low Kick|p2a: Ting-Lu\n|-supereffective|p2a: Ting-Lu\n|-damage|p2a: Ting-Lu|7\/100\n|move|p2a: Ting-Lu|Ruination|p1a: Koraidon\n|-damage|p1a: Koraidon|51\/100\n|\n|-weather|SunnyDay|[upkeep]\n|-heal|p2a: Ting-Lu|13\/100|[from] item: Leftovers\n|upkeep\n|turn|19\n|\n|t:|1698626804\n|move|p1a: Koraidon|Low Kick|p2a: Ting-Lu\n|-supereffective|p2a: Ting-Lu\n|-damage|p2a: Ting-Lu|0 fnt\n|faint|p2a: Ting-Lu\n|\n|-weather|SunnyDay|[upkeep]\n|upkeep\n|\n|t:|1698626808\n|switch|p2a: Arceus|Arceus|16\/100\n|turn|20\n|\n|t:|1698626810\n|move|p2a: Arceus|Extreme Speed|p1a: Koraidon\n|-damage|p1a: Koraidon|8\/100\n|move|p1a: Koraidon|Low Kick|p2a: Arceus\n|-supereffective|p2a: Arceus\n|-damage|p2a: Arceus|0 fnt\n|faint|p2a: Arceus\n|\n|-weather|SunnyDay|[upkeep]\n|upkeep\n|\n|t:|1698626814\n|switch|p2a: Koraidon|Koraidon|100\/100\n|-activate|p2a: Koraidon|ability: Orichalcum Pulse\n|turn|21\n|\n|t:|1698626817\n|move|p2a: Koraidon|U-turn|p1a: Koraidon\n|-resisted|p1a: Koraidon\n|-damage|p1a: Koraidon|0 fnt\n|faint|p1a: Koraidon\n|\n|t:|1698626818\n|switch|p2a: Calyrex|Calyrex-Ice|100\/100|[from] U-turn\n|-ability|p2a: Calyrex|As One\n|-ability|p2a: Calyrex|Unnerve\n|\n|-weather|none\n|upkeep\n|\n|t:|1698626827\n|switch|p1a: Zacian|Zacian-Crowned|100\/100\n|-damage|p1a: Zacian|88\/100|[from] Spikes\n|turn|22\n|\n|t:|1698626833\n|move|p1a: Zacian|Behemoth Blade|p2a: Calyrex\n|-supereffective|p2a: Calyrex\n|-damage|p2a: Calyrex|37\/100\n|move|p2a: Calyrex|Trick Room|p2a: Calyrex\n|-fieldstart|move: Trick Room|[of] p2a: Calyrex\n|\n|upkeep\n|turn|23\n|\n|t:|1698626839\n|-terastallize|p2a: Calyrex|Fire\n|-terastallize|p1a: Zacian|Ice\n|move|p2a: Calyrex|High Horsepower|p1a: Zacian\n|-damage|p1a: Zacian|45\/100\n|move|p1a: Zacian|Behemoth Blade|p2a: Calyrex\n|-resisted|p2a: Calyrex\n|-damage|p2a: Calyrex|20\/100\n|\n|upkeep\n|turn|24\n|\n|t:|1698626850\n|move|p2a: Calyrex|High Horsepower|p1a: Zacian\n|-damage|p1a: Zacian|0 fnt\n|faint|p1a: Zacian\n|-ability|p2a: Calyrex|Chilling Neigh|boost\n|-boost|p2a: Calyrex|atk|1\n|\n|upkeep\n|\n|t:|1698626851\n|switch|p1a: Arceus|Arceus|100\/100\n|-damage|p1a: Arceus|88\/100|[from] Spikes\n|turn|25\n|\n|t:|1698626855\n|move|p1a: Arceus|Extreme Speed|p2a: Calyrex\n|-damage|p2a: Calyrex|0 fnt\n|faint|p2a: Calyrex\n|\n|upkeep\n|\n|t:|1698626856\n|switch|p2a: Koraidon|Koraidon|100\/100\n|-weather|SunnyDay|[from] ability: Orichalcum Pulse|[of] p2a: Koraidon\n|-activate|p2a: Koraidon|Orichalcum Pulse|[source]\n|turn|26\n|-message|OreoSpeedruns forfeited.\n|\n|win|Future king of ou\n|n|\u2606Future king of ou|futurekingofou\n|n|\u2606OreoSpeedruns|oreospeedruns\n","uploadtime":1698626861,"views":11,"p1id":"futurekingofou","p2id":"oreospeedruns","formatid":"gen9ubers","rating":0,"private":0,"password":""}