{"id":"gen9ubers-1993580428","p1":"Total Cojonasso","p2":"Blocchetto","format":"[Gen 9] Ubers","log":"|j|\u2606Total Cojonasso\n|j|\u2606Blocchetto\n|t:|1700333995\n|gametype|singles\n|player|p1|Total Cojonasso|shadowtriad|\n|player|p2|Blocchetto|1|\n|teamsize|p1|6\n|teamsize|p2|6\n|gen|9\n|tier|[Gen 9] Ubers\n|rule|Sleep Clause Mod: Limit one foe put to sleep\n|rule|Species Clause: Limit one of each Pok\u00e9mon\n|rule|OHKO Clause: OHKO moves are banned\n|rule|Evasion Items Clause: Evasion items are banned\n|rule|Evasion Moves Clause: Evasion moves are banned\n|rule|Endless Battle Clause: Forcing endless battles is banned\n|rule|HP Percentage Mod: HP is shown in percentages\n|clearpoke\n|poke|p1|Flutter Mane|\n|poke|p1|Chi-Yu|\n|poke|p1|Kommo-o, M|\n|poke|p1|Ninetales-Alola, M|\n|poke|p1|Baxcalibur, M|\n|poke|p1|Volcarona, M|\n|poke|p2|Kleavor, M|\n|poke|p2|Volcarona, M|\n|poke|p2|Grimmsnarl, M|\n|poke|p2|Yanmega, M|\n|poke|p2|Slither Wing|\n|poke|p2|Vikavolt, M|\n|teampreview\n|inactive|Battle timer is ON: inactive players will automatically lose when time's up. (requested by Total Cojonasso)\n|\n|t:|1700334001\n|start\n|switch|p1a: Ninetales|Ninetales-Alola, M|100\/100\n|switch|p2a: Grimmsnarl|Grimmsnarl, M|100\/100\n|-weather|Snow|[from] ability: Snow Warning|[of] p1a: Ninetales\n|turn|1\n|\n|t:|1700334008\n|move|p2a: Grimmsnarl|Light Screen|p2a: Grimmsnarl\n|-sidestart|p2: Blocchetto|move: Light Screen\n|move|p1a: Ninetales|Aurora Veil|p1a: Ninetales\n|-sidestart|p1: Total Cojonasso|move: Aurora Veil\n|\n|-weather|Snow|[upkeep]\n|upkeep\n|turn|2\n|\n|t:|1700334013\n|move|p2a: Grimmsnarl|Reflect|p2a: Grimmsnarl\n|-sidestart|p2: Blocchetto|Reflect\n|move|p1a: Ninetales|Encore|p2a: Grimmsnarl\n|-start|p2a: Grimmsnarl|Encore\n|\n|-weather|Snow|[upkeep]\n|upkeep\n|turn|3\n|\n|t:|1700334041\n|switch|p1a: Kommo-o|Kommo-o, M|100\/100\n|switch|p2a: Volcarona|Volcarona, M|100\/100\n|\n|-weather|Snow|[upkeep]\n|upkeep\n|turn|4\n|\n|t:|1700334048\n|move|p2a: Volcarona|Quiver Dance|p2a: Volcarona\n|-boost|p2a: Volcarona|spa|1\n|-boost|p2a: Volcarona|spd|1\n|-boost|p2a: Volcarona|spe|1\n|move|p1a: Kommo-o|Clangorous Soul|p1a: Kommo-o\n|-boost|p1a: Kommo-o|atk|1\n|-boost|p1a: Kommo-o|def|1\n|-boost|p1a: Kommo-o|spa|1\n|-boost|p1a: Kommo-o|spd|1\n|-boost|p1a: Kommo-o|spe|1\n|-damage|p1a: Kommo-o|68\/100\n|-enditem|p1a: Kommo-o|Throat Spray\n|-boost|p1a: Kommo-o|spa|1|[from] item: Throat Spray\n|\n|-weather|Snow|[upkeep]\n|upkeep\n|turn|5\n|\n|t:|1700334059\n|move|p2a: Volcarona|Quiver Dance|p2a: Volcarona\n|-boost|p2a: Volcarona|spa|1\n|-boost|p2a: Volcarona|spd|1\n|-boost|p2a: Volcarona|spe|1\n|move|p1a: Kommo-o|Clanging Scales|p2a: Volcarona\n|-damage|p2a: Volcarona|76\/100\n|-unboost|p1a: Kommo-o|def|1\n|\n|-weather|none\n|upkeep\n|turn|6\n|\n|t:|1700334069\n|move|p2a: Volcarona|Bug Buzz|p1a: Kommo-o\n|-resisted|p1a: Kommo-o\n|-damage|p1a: Kommo-o|50\/100\n|move|p1a: Kommo-o|Clanging Scales|p2a: Volcarona\n|-damage|p2a: Volcarona|50\/100\n|-unboost|p1a: Kommo-o|def|1\n|\n|upkeep\n|turn|7\n|\n|t:|1700334081\n|-terastallize|p2a: Volcarona|Grass\n|move|p2a: Volcarona|Giga Drain|p1a: Kommo-o\n|-resisted|p1a: Kommo-o\n|-damage|p1a: Kommo-o|35\/100\n|-heal|p2a: Volcarona|58\/100|[from] drain|[of] p1a: Kommo-o\n|move|p1a: Kommo-o|Clanging Scales|p2a: Volcarona\n|-damage|p2a: Volcarona|34\/100\n|-unboost|p1a: Kommo-o|def|1\n|\n|upkeep\n|turn|8\n|\n|t:|1700334090\n|move|p2a: Volcarona|Giga Drain|p1a: Kommo-o\n|-resisted|p1a: Kommo-o\n|-damage|p1a: Kommo-o|22\/100\n|-heal|p2a: Volcarona|42\/100|[from] drain|[of] p1a: Kommo-o\n|move|p1a: Kommo-o|Clanging Scales|p2a: Volcarona\n|-damage|p2a: Volcarona|16\/100\n|-unboost|p1a: Kommo-o|def|1\n|\n|-sideend|p2: Blocchetto|move: Light Screen\n|-sideend|p1: Total Cojonasso|move: Aurora Veil\n|upkeep\n|turn|9\n|\n|t:|1700334100\n|move|p2a: Volcarona|Giga Drain|p1a: Kommo-o\n|-resisted|p1a: Kommo-o\n|-damage|p1a: Kommo-o|0 fnt\n|-heal|p2a: Volcarona|26\/100|[from] drain|[of] p1a: Kommo-o\n|faint|p1a: Kommo-o\n|\n|-sideend|p2: Blocchetto|Reflect\n|upkeep\n|\n|t:|1700334109\n|switch|p1a: Ninetales|Ninetales-Alola, M|100\/100\n|-weather|Snow|[from] ability: Snow Warning|[of] p1a: Ninetales\n|turn|10\n|\n|t:|1700334114\n|move|p2a: Volcarona|Fiery Dance|p1a: Ninetales\n|-supereffective|p1a: Ninetales\n|-damage|p1a: Ninetales|0 fnt\n|faint|p1a: Ninetales\n|\n|-weather|Snow|[upkeep]\n|upkeep\n|\n|t:|1700334119\n|switch|p1a: Baxcalibur|Baxcalibur, M|100\/100\n|turn|11\n|\n|t:|1700334122\n|move|p2a: Volcarona|Bug Buzz|p1a: Baxcalibur\n|-damage|p1a: Baxcalibur|0 fnt\n|faint|p1a: Baxcalibur\n|\n|-weather|Snow|[upkeep]\n|upkeep\n|\n|t:|1700334128\n|switch|p1a: Flutter Mane|Flutter Mane|100\/100\n|-enditem|p1a: Flutter Mane|Booster Energy\n|-activate|p1a: Flutter Mane|ability: Protosynthesis|[fromitem]\n|-start|p1a: Flutter Mane|protosynthesisspe\n|turn|12\n|\n|t:|1700334133\n|move|p2a: Volcarona|Giga Drain|p1a: Flutter Mane\n|-damage|p1a: Flutter Mane|10\/100\n|-heal|p2a: Volcarona|63\/100|[from] drain|[of] p1a: Flutter Mane\n|move|p1a: Flutter Mane|Power Gem|p2a: Volcarona\n|-damage|p2a: Volcarona|48\/100\n|\n|-weather|Snow|[upkeep]\n|upkeep\n|turn|13\n|-message|Total Cojonasso forfeited.\n|\n|win|Blocchetto\n|l|\u2606Total Cojonasso\n","uploadtime":1700334166,"views":5,"p1id":"totalcojonasso","p2id":"blocchetto","formatid":"gen9ubers","rating":0,"private":0,"password":""}