{"id":"gen9ubers-1973680229","p1":"zLayton","p2":"NexusAS","format":"[Gen 9] Ubers","log":"|j|\u2606zLayton\n|j|\u2606NexusAS\n|t:|1698002728\n|gametype|singles\n|player|p1|zLayton|juan|\n|player|p2|NexusAS|red|\n|teamsize|p1|6\n|teamsize|p2|6\n|gen|9\n|tier|[Gen 9] Ubers\n|rule|Sleep Clause Mod: Limit one foe put to sleep\n|rule|Species Clause: Limit one of each Pok\u00e9mon\n|rule|OHKO Clause: OHKO moves are banned\n|rule|Evasion Items Clause: Evasion items are banned\n|rule|Evasion Moves Clause: Evasion moves are banned\n|rule|Endless Battle Clause: Forcing endless battles is banned\n|rule|HP Percentage Mod: HP is shown in percentages\n|clearpoke\n|poke|p1|Sneasler, M|\n|poke|p1|Rillaboom, F|\n|poke|p1|Jirachi|\n|poke|p1|Glalie, F|\n|poke|p1|Hatterene, F|\n|poke|p1|Empoleon, M|\n|poke|p2|Drifblim, F|\n|poke|p2|Ursaluna-Bloodmoon, M|\n|poke|p2|Moltres|\n|poke|p2|Florges, F|\n|poke|p2|Meowscarada, M|\n|poke|p2|Vaporeon, F|\n|teampreview\n|inactive|Battle timer is ON: inactive players will automatically lose when time's up. (requested by NexusAS)\n|inactiveoff|Battle timer is now OFF.\n|c|\u2606NexusAS|glhf\n|j| Seior\n|c|\u2606zLayton|u2\n|\n|t:|1698002751\n|start\n|switch|p1a: Glalie|Glalie, F|100\/100\n|switch|p2a: Meowscarada|Meowscarada, M|100\/100\n|turn|1\n|\n|t:|1698002768\n|move|p2a: Meowscarada|U-turn|p1a: Glalie\n|-start|p2a: Meowscarada|typechange|Bug|[from] ability: Protean\n|-damage|p1a: Glalie|58\/100\n|j| PorygonTheBot\n|c| PorygonTheBot|I hope I win!\n|\n|t:|1698002773\n|switch|p2a: Florges|Florges, F|100\/100|[from] U-turn\n|move|p1a: Glalie|Spikes|p2a: Florges\n|-sidestart|p2: NexusAS|Spikes\n|\n|upkeep\n|turn|2\n|\n|t:|1698002805\n|move|p1a: Glalie|Taunt|p2a: Florges\n|-start|p2a: Florges|move: Taunt\n|move|p2a: Florges|Draining Kiss|p1a: Glalie\n|-damage|p1a: Glalie|23\/100\n|\n|upkeep\n|turn|3\n|\n|t:|1698002823\n|move|p1a: Glalie|Spikes|p2a: Florges\n|-sidestart|p2: NexusAS|Spikes\n|move|p2a: Florges|Draining Kiss|p1a: Glalie\n|-damage|p1a: Glalie|0 fnt\n|faint|p1a: Glalie\n|\n|upkeep\n|j| TheJuicyJake\n|\n|t:|1698002901\n|switch|p1a: Hatterene|Hatterene, F|100\/100\n|turn|4\n|\n|t:|1698002925\n|switch|p2a: Meowscarada|Meowscarada, M|100\/100\n|-damage|p2a: Meowscarada|84\/100|[from] Spikes\n|move|p1a: Hatterene|Calm Mind|p1a: Hatterene\n|-boost|p1a: Hatterene|spa|1\n|-boost|p1a: Hatterene|spd|1\n|\n|upkeep\n|turn|5\n|\n|t:|1698002989\n|move|p2a: Meowscarada|Trick|p1a: Hatterene\n|-start|p2a: Meowscarada|typechange|Psychic|[from] ability: Protean\n|-activate|p2a: Meowscarada|move: Trick|[of] p1a: Hatterene\n|-item|p1a: Hatterene|Choice Scarf|[from] move: Trick\n|-item|p2a: Meowscarada|Grassy Seed|[from] move: Trick\n|move|p1a: Hatterene|Draining Kiss|p2a: Meowscarada\n|-damage|p2a: Meowscarada|36\/100\n|\n|upkeep\n|turn|6\n|\n|t:|1698002997\n|move|p2a: Meowscarada|U-turn|p1a: Hatterene\n|-damage|p1a: Hatterene|82\/100\n|\n|t:|1698002999\n|switch|p2a: Moltres|Moltres|100\/100|[from] U-turn\n|move|p1a: Hatterene|Draining Kiss|p2a: Moltres\n|-resisted|p2a: Moltres\n|-damage|p2a: Moltres|88\/100\n|-heal|p1a: Hatterene|94\/100|[from] drain|[of] p2a: Moltres\n|\n|upkeep\n|turn|7\n|\n|t:|1698003048\n|move|p2a: Moltres|U-turn|p1a: Hatterene\n|-damage|p1a: Hatterene|80\/100\n|\n|t:|1698003052\n|switch|p2a: Florges|Florges, F|100\/100|[from] U-turn\n|-damage|p2a: Florges|84\/100|[from] Spikes\n|move|p1a: Hatterene|Draining Kiss|p2a: Florges\n|-damage|p2a: Florges|61\/100\n|-heal|p1a: Hatterene|100\/100|[from] drain|[of] p2a: Florges\n|\n|upkeep\n|turn|8\n|\n|t:|1698003067\n|switch|p1a: Rillaboom|Rillaboom, F|100\/100\n|-fieldstart|move: Grassy Terrain|[from] ability: Grassy Surge|[of] p1a: Rillaboom\n|-enditem|p2a: Florges|Grassy Seed\n|-boost|p2a: Florges|def|1|[from] item: Grassy Seed\n|move|p2a: Florges|Calm Mind|p2a: Florges\n|-boost|p2a: Florges|spa|1\n|-boost|p2a: Florges|spd|1\n|\n|-heal|p2a: Florges|67\/100|[from] Grassy Terrain\n|upkeep\n|turn|9\n|c|\u2606NexusAS|i love both fairies running CM grassy seed lmao\n|\n|t:|1698003114\n|move|p1a: Rillaboom|U-turn|p2a: Florges\n|-resisted|p2a: Florges\n|-damage|p2a: Florges|58\/100\n|\n|t:|1698003116\n|switch|p1a: Jirachi|Jirachi|100\/100|[from] U-turn\n|move|p2a: Florges|Draining Kiss|p1a: Jirachi\n|-resisted|p1a: Jirachi\n|-damage|p1a: Jirachi|87\/100\n|-heal|p2a: Florges|68\/100|[from] drain|[of] p1a: Jirachi\n|\n|-heal|p1a: Jirachi|93\/100|[from] Grassy Terrain\n|-heal|p2a: Florges|74\/100|[from] Grassy Terrain\n|upkeep\n|turn|10\n|\n|t:|1698003129\n|move|p1a: Jirachi|Stealth Rock|p2a: Florges\n|-sidestart|p2: NexusAS|move: Stealth Rock\n|move|p2a: Florges|Calm Mind|p2a: Florges\n|-boost|p2a: Florges|spa|1\n|-boost|p2a: Florges|spd|1\n|\n|-heal|p1a: Jirachi|99\/100|[from] Grassy Terrain\n|-heal|p2a: Florges|80\/100|[from] Grassy Terrain\n|upkeep\n|turn|11\n|\n|t:|1698003133\n|move|p1a: Jirachi|Encore|p2a: Florges\n|-start|p2a: Florges|Encore\n|move|p2a: Florges|Calm Mind|p2a: Florges\n|-boost|p2a: Florges|spa|1\n|-boost|p2a: Florges|spd|1\n|\n|-heal|p1a: Jirachi|100\/100|[from] Grassy Terrain\n|-heal|p2a: Florges|86\/100|[from] Grassy Terrain\n|upkeep\n|turn|12\n|\n|t:|1698003141\n|switch|p2a: Ursaluna|Ursaluna-Bloodmoon, M|100\/100\n|-damage|p2a: Ursaluna|84\/100|[from] Spikes\n|-damage|p2a: Ursaluna|78\/100|[from] Stealth Rock\n|move|p1a: Jirachi|Future Sight|p2a: Ursaluna\n|-start|p1a: Jirachi|move: Future Sight\n|\n|-heal|p2a: Ursaluna|84\/100|[from] Grassy Terrain\n|-fieldend|move: Grassy Terrain\n|upkeep\n|turn|13\n|\n|t:|1698003201\n|move|p1a: Jirachi|Aura Sphere|p2a: Ursaluna\n|-supereffective|p2a: Ursaluna\n|-enditem|p2a: Ursaluna|Chople Berry|[eat]\n|-enditem|p2a: Ursaluna|Chople Berry|[weaken]\n|-damage|p2a: Ursaluna|62\/100\n|move|p2a: Ursaluna|Blood Moon|p1a: Jirachi\n|-resisted|p1a: Jirachi\n|-damage|p1a: Jirachi|73\/100\n|\n|upkeep\n|turn|14\n|\n|t:|1698003294\n|switch|p2a: Moltres|Moltres|88\/100\n|-damage|p2a: Moltres|39\/100|[from] Stealth Rock\n|move|p1a: Jirachi|Aura Sphere|p2a: Moltres\n|-resisted|p2a: Moltres\n|-damage|p2a: Moltres|32\/100\n|\n|-end|p2a: Moltres|move: Future Sight\n|-damage|p2a: Moltres|2\/100\n|upkeep\n|turn|15\n|\n|t:|1698003307\n|switch|p1a: Hatterene|Hatterene, F|100\/100\n|move|p2a: Moltres|Roost|p2a: Moltres\n|-heal|p2a: Moltres|52\/100\n|-singleturn|p2a: Moltres|move: Roost\n|\n|upkeep\n|turn|16\n|\n|t:|1698003358\n|move|p2a: Moltres|Roost|p2a: Moltres\n|-heal|p2a: Moltres|100\/100\n|-singleturn|p2a: Moltres|move: Roost\n|move|p1a: Hatterene|Draining Kiss|p2a: Moltres\n|-resisted|p2a: Moltres\n|-damage|p2a: Moltres|93\/100\n|-status|p1a: Hatterene|brn|[from] ability: Flame Body|[of] p2a: Moltres\n|\n|-damage|p1a: Hatterene|95\/100 brn|[from] brn\n|upkeep\n|turn|17\n|\n|t:|1698003373\n|switch|p1a: Empoleon|Empoleon, M|100\/100\n|move|p2a: Moltres|Hurricane|p1a: Empoleon\n|-resisted|p1a: Empoleon\n|-damage|p1a: Empoleon|76\/100\n|\n|-heal|p1a: Empoleon|82\/100|[from] item: Leftovers\n|upkeep\n|turn|18\n|\n|t:|1698003409\n|move|p2a: Moltres|U-turn|p1a: Empoleon\n|-resisted|p1a: Empoleon\n|-damage|p1a: Empoleon|74\/100\n|\n|t:|1698003412\n|switch|p2a: Vaporeon|Vaporeon, F|100\/100|[from] U-turn\n|-damage|p2a: Vaporeon|84\/100|[from] Spikes\n|-damage|p2a: Vaporeon|72\/100|[from] Stealth Rock\n|move|p1a: Empoleon|Agility|p1a: Empoleon\n|-boost|p1a: Empoleon|spe|2\n|\n|-heal|p1a: Empoleon|80\/100|[from] item: Leftovers\n|upkeep\n|turn|19\n|\n|t:|1698003514\n|-terastallize|p1a: Empoleon|Electric\n|move|p1a: Empoleon|Tera Blast|p2a: Vaporeon|[anim] Tera Blast Electric\n|-supereffective|p2a: Vaporeon\n|-damage|p2a: Vaporeon|7\/100\n|-enditem|p2a: Vaporeon|Red Card|[of] p1a: Empoleon\n|drag|p1a: Sneasler|Sneasler, M|100\/100\n|move|p2a: Vaporeon|Wish|p2a: Vaporeon\n|\n|upkeep\n|turn|20\n|\n|t:|1698003554\n|switch|p2a: Moltres|Moltres|93\/100\n|-damage|p2a: Moltres|43\/100|[from] Stealth Rock\n|move|p1a: Sneasler|Swords Dance|p1a: Sneasler\n|-boost|p1a: Sneasler|atk|2\n|\n|-heal|p2a: Moltres|100\/100|[from] move: Wish|[wisher] Vaporeon\n|upkeep\n|turn|21\n|\n|t:|1698003582\n|move|p1a: Sneasler|Rock Slide|p2a: Moltres\n|-supereffective|p2a: Moltres\n|-enditem|p2a: Moltres|Charti Berry|[eat]\n|-enditem|p2a: Moltres|Charti Berry|[weaken]\n|-damage|p2a: Moltres|0 fnt\n|faint|p2a: Moltres\n|\n|upkeep\n|c| TheJuicyJake|Cool berry\n|\n|t:|1698003610\n|switch|p2a: Drifblim|Drifblim, F|100\/100\n|-damage|p2a: Drifblim|76\/100|[from] Stealth Rock\n|turn|22\n|j| Free Hong Kong Now\n|\n|t:|1698003721\n|switch|p1a: Empoleon|Empoleon, M, tera:Electric|80\/100\n|move|p2a: Drifblim|Tera Blast|p1a: Empoleon\n|-damage|p1a: Empoleon|59\/100\n|\n|-heal|p1a: Empoleon|65\/100|[from] item: Leftovers\n|upkeep\n|turn|23\n|c| TheJuicyJake|....\n|c| Free Hong Kong Now|non boots moltres brings me pain\n|l| TheJuicyJake\n|j| TheJuicyJake\n|\n|t:|1698003782\n|-terastallize|p2a: Drifblim|Fighting\n|move|p2a: Drifblim|Calm Mind|p2a: Drifblim\n|-boost|p2a: Drifblim|spa|1\n|-boost|p2a: Drifblim|spd|1\n|move|p1a: Empoleon|Tera Blast|p2a: Drifblim|[anim] Tera Blast Electric\n|-damage|p2a: Drifblim|47\/100\n|\n|-heal|p1a: Empoleon|71\/100|[from] item: Leftovers\n|upkeep\n|turn|24\n|j| Ace_T_24\n|\n|t:|1698003816\n|move|p2a: Drifblim|Calm Mind|p2a: Drifblim\n|-boost|p2a: Drifblim|spa|1\n|-boost|p2a: Drifblim|spd|1\n|move|p1a: Empoleon|Tera Blast|p2a: Drifblim|[anim] Tera Blast Electric\n|-damage|p2a: Drifblim|26\/100\n|\n|-heal|p1a: Empoleon|77\/100|[from] item: Leftovers\n|upkeep\n|turn|25\n|c|\u2606NexusAS|hold up\n|c|\u2606NexusAS|i'm so dumb\n|c|\u2606NexusAS|i forgot this league had set tera types\n|c|\u2606zLayton|dude...\n|c| Free Hong Kong Now|...\n|c| TheJuicyJake|LOL\n|c|\u2606zLayton|LOL\n|c| TheJuicyJake|just ff game one unfortunately \ud83d\ude15\n|c| Seior|this match is now a forfeit\n|c|\u2606NexusAS|you can just claim ffw on both games\n|c|\u2606zLayton|damn\n|c| TheJuicyJake|You sure, you only need to ff one game\n|-message|NexusAS forfeited.\n|\n|win|zLayton\n|l| PorygonTheBot\n|c|\u2606zLayton|i mean\n|c| Ace_T_24|nexus you can play game 2 just don't tera illegally\n|c| Seior|ace shush\n|c| Seior|my division\n|c| Seior|my choice\n|c| Ace_T_24|same thing jake was saying\n|l| TheJuicyJake\n|l|\u2606NexusAS\n|l|\u2606zLayton\n|c| Seior|Jake has no say\n|l| Seior\n","uploadtime":1698003877,"views":14,"p1id":"zlayton","p2id":"nexusas","formatid":"gen9ubers","rating":0,"private":0,"password":""}