{"id":"gen9ubers-1975798229","p1":"austinerzs","p2":"JohnLongGone","format":"[Gen 9] Ubers","log":"|j|\u2606austinerzs\n|j|\u203dJohnLongGone\n|t:|1698239079\n|gametype|singles\n|player|p1|austinerzs|riley|\n|player|p2|JohnLongGone|caitlin|\n|teamsize|p1|6\n|teamsize|p2|6\n|gen|9\n|tier|[Gen 9] Ubers\n|rule|Sleep Clause Mod: Limit one foe put to sleep\n|rule|Species Clause: Limit one of each Pok\u00e9mon\n|rule|OHKO Clause: OHKO moves are banned\n|rule|Evasion Items Clause: Evasion items are banned\n|rule|Evasion Moves Clause: Evasion moves are banned\n|rule|Endless Battle Clause: Forcing endless battles is banned\n|rule|HP Percentage Mod: HP is shown in percentages\n|clearpoke\n|poke|p1|Ursaluna, M|\n|poke|p1|Slowking-Galar, F|\n|poke|p1|Magearna|\n|poke|p1|Dialga-Origin|\n|poke|p1|Conkeldurr, M|\n|poke|p1|Arceus-Fire|\n|poke|p2|Hippowdon, M|\n|poke|p2|Garganacl, F|\n|poke|p2|Houndstone, F|\n|poke|p2|Gliscor, F|\n|poke|p2|Blissey, F|\n|poke|p2|Moltres|\n|teampreview\n|c|\u2606austinerzs|intresting\n|c|\u2606austinerzs|glhf\n|inactive|Battle timer is ON: inactive players will automatically lose when time's up. (requested by JohnLongGone)\n|\n|t:|1698239100\n|start\n|switch|p1a: Dialga|Dialga-Origin, shiny|100\/100\n|switch|p2a: Garganacl|Garganacl, F|100\/100\n|-ability|p1a: Dialga|Pressure\n|turn|1\n|inactive|JohnLongGone has 270 seconds left.\n|\n|t:|1698239142\n|switch|p2a: Blissey|Blissey, F|100\/100\n|move|p1a: Dialga|Trick Room|p1a: Dialga\n|-fieldstart|move: Trick Room|[of] p1a: Dialga\n|\n|upkeep\n|turn|2\n|\n|t:|1698239146\n|switch|p1a: Conkeldurr|Conkeldurr, M|100\/100\n|move|p2a: Blissey|Seismic Toss|p1a: Conkeldurr\n|-damage|p1a: Conkeldurr|76\/100\n|\n|-status|p1a: Conkeldurr|brn|[from] item: Flame Orb\n|upkeep\n|turn|3\n|inactive|JohnLongGone has 270 seconds left.\n|inactive|JohnLongGone has 240 seconds left.\n|inactive|JohnLongGone has 210 seconds left.\n|\n|t:|1698239243\n|switch|p2a: Moltres|Moltres|100\/100\n|move|p1a: Conkeldurr|Knock Off|p2a: Moltres\n|-damage|p2a: Moltres|58\/100\n|-enditem|p2a: Moltres|Heavy-Duty Boots|[from] move: Knock Off|[of] p1a: Conkeldurr\n|\n|-damage|p1a: Conkeldurr|70\/100 brn|[from] brn\n|upkeep\n|turn|4\n|inactive|JohnLongGone has 180 seconds left.\n|\n|t:|1698239279\n|switch|p1a: Slowking|Slowking-Galar, F, shiny|100\/100\n|move|p2a: Moltres|Flamethrower|p1a: Slowking\n|-damage|p1a: Slowking|72\/100\n|\n|-heal|p1a: Slowking|78\/100|[from] item: Leftovers\n|upkeep\n|turn|5\n|inactive|JohnLongGone has 150 seconds left.\n|inactive|JohnLongGone has 120 seconds left.\n|\n|t:|1698239332\n|switch|p2a: Gliscor|Gliscor, F|100\/100\n|move|p1a: Slowking|Toxic|p2a: Gliscor\n|-status|p2a: Gliscor|tox\n|\n|-heal|p1a: Slowking|84\/100|[from] item: Leftovers\n|-fieldend|move: Trick Room\n|upkeep\n|turn|6\n|\n|t:|1698239342\n|move|p2a: Gliscor|Knock Off|p1a: Slowking\n|-supereffective|p1a: Slowking\n|-damage|p1a: Slowking|50\/100\n|-enditem|p1a: Slowking|Leftovers|[from] move: Knock Off|[of] p2a: Gliscor\n|move|p1a: Slowking|Trick Room|p1a: Slowking\n|-fieldstart|move: Trick Room|[of] p1a: Slowking\n|\n|upkeep\n|turn|7\n|\n|t:|1698239348\n|move|p1a: Slowking|Chilly Reception|p1a: Slowking\n|-weather|Snow\n|\n|t:|1698239353\n|switch|p1a: Conkeldurr|Conkeldurr, M|70\/100 brn|[from] Chilly Reception\n|move|p2a: Gliscor|Spikes|p1a: Conkeldurr\n|-sidestart|p1: austinerzs|Spikes\n|\n|-weather|Snow|[upkeep]\n|-damage|p1a: Conkeldurr|64\/100 brn|[from] brn\n|upkeep\n|turn|8\n|\n|t:|1698239361\n|move|p2a: Gliscor|Protect|p2a: Gliscor\n|-singleturn|p2a: Gliscor|Protect\n|move|p1a: Conkeldurr|Ice Punch|p2a: Gliscor\n|-activate|p2a: Gliscor|move: Protect\n|\n|-weather|Snow|[upkeep]\n|-damage|p1a: Conkeldurr|58\/100 brn|[from] brn\n|upkeep\n|turn|9\n|\n|t:|1698239380\n|switch|p2a: Moltres|Moltres|58\/100\n|move|p1a: Conkeldurr|Knock Off|p2a: Moltres\n|-damage|p2a: Moltres|33\/100\n|\n|-weather|Snow|[upkeep]\n|-damage|p1a: Conkeldurr|52\/100 brn|[from] brn\n|upkeep\n|turn|10\n|\n|t:|1698239387\n|move|p1a: Conkeldurr|Ice Punch|p2a: Moltres\n|-damage|p2a: Moltres|3\/100\n|move|p2a: Moltres|U-turn|p1a: Conkeldurr\n|-resisted|p1a: Conkeldurr\n|-damage|p1a: Conkeldurr|46\/100 brn\n|\n|t:|1698239406\n|switch|p2a: Hippowdon|Hippowdon, M|100\/100|[from] U-turn\n|-weather|Sandstorm|[from] ability: Sand Stream|[of] p2a: Hippowdon\n|\n|-weather|Sandstorm|[upkeep]\n|-damage|p1a: Conkeldurr|40\/100 brn|[from] Sandstorm\n|-damage|p1a: Conkeldurr|34\/100 brn|[from] brn\n|-fieldend|move: Trick Room\n|upkeep\n|turn|11\n|inactive|JohnLongGone has 120 seconds left.\n|\n|t:|1698239446\n|move|p2a: Hippowdon|Slack Off||[still]\n|-fail|p2a: Hippowdon|heal\n|move|p1a: Conkeldurr|Close Combat|p2a: Hippowdon\n|-damage|p2a: Hippowdon|28\/100\n|-unboost|p1a: Conkeldurr|def|1\n|-unboost|p1a: Conkeldurr|spd|1\n|\n|-weather|Sandstorm|[upkeep]\n|-damage|p1a: Conkeldurr|28\/100 brn|[from] Sandstorm\n|-damage|p1a: Conkeldurr|22\/100 brn|[from] brn\n|upkeep\n|turn|12\n|\n|t:|1698239456\n|switch|p2a: Moltres|Moltres|3\/100\n|move|p1a: Conkeldurr|Mach Punch|p2a: Moltres\n|-resisted|p2a: Moltres\n|-damage|p2a: Moltres|0 fnt\n|faint|p2a: Moltres\n|\n|-weather|Sandstorm|[upkeep]\n|-damage|p1a: Conkeldurr|15\/100 brn|[from] Sandstorm\n|-damage|p1a: Conkeldurr|9\/100 brn|[from] brn\n|upkeep\n|\n|t:|1698239463\n|switch|p2a: Gliscor|Gliscor, F|100\/100 tox\n|turn|13\n|\n|t:|1698239474\n|move|p2a: Gliscor|Protect|p2a: Gliscor\n|-singleturn|p2a: Gliscor|Protect\n|move|p1a: Conkeldurr|Knock Off|p2a: Gliscor\n|-activate|p2a: Gliscor|move: Protect\n|\n|-weather|Sandstorm|[upkeep]\n|-damage|p1a: Conkeldurr|3\/100 brn|[from] Sandstorm\n|-damage|p1a: Conkeldurr|0 fnt|[from] brn\n|faint|p1a: Conkeldurr\n|upkeep\n|\n|t:|1698239484\n|switch|p1a: Magearna|Magearna|100\/100\n|-damage|p1a: Magearna|88\/100|[from] Spikes\n|turn|14\n|\n|t:|1698239494\n|switch|p2a: Garganacl|Garganacl, F|100\/100\n|move|p1a: Magearna|Trick Room|p1a: Magearna\n|-fieldstart|move: Trick Room|[of] p1a: Magearna\n|\n|-weather|Sandstorm|[upkeep]\n|-heal|p1a: Magearna|94\/100|[from] item: Leftovers\n|upkeep\n|turn|15\n|\n|t:|1698239505\n|-terastallize|p2a: Garganacl|Water\n|move|p2a: Garganacl|Iron Defense|p2a: Garganacl\n|-boost|p2a: Garganacl|def|2\n|move|p1a: Magearna|Encore|p2a: Garganacl\n|-start|p2a: Garganacl|Encore\n|\n|-weather|Sandstorm|[upkeep]\n|-damage|p2a: Garganacl|94\/100|[from] Sandstorm\n|-heal|p2a: Garganacl|100\/100|[from] item: Leftovers\n|-heal|p1a: Magearna|99\/100|[from] item: Leftovers\n|upkeep\n|turn|16\n|\n|t:|1698239511\n|move|p2a: Garganacl|Iron Defense|p2a: Garganacl\n|-boost|p2a: Garganacl|def|2\n|move|p1a: Magearna|Volt Switch|p2a: Garganacl\n|-supereffective|p2a: Garganacl\n|-damage|p2a: Garganacl|52\/100\n|\n|t:|1698239514\n|switch|p1a: Dialga|Dialga-Origin, shiny|100\/100|[from] Volt Switch\n|-damage|p1a: Dialga|88\/100|[from] Spikes\n|-ability|p1a: Dialga|Pressure\n|\n|-weather|Sandstorm|[upkeep]\n|-damage|p2a: Garganacl|46\/100|[from] Sandstorm\n|-heal|p2a: Garganacl|52\/100|[from] item: Leftovers\n|upkeep\n|turn|17\n|\n|t:|1698239530\n|switch|p2a: Blissey|Blissey, F|100\/100\n|move|p1a: Dialga|Draco Meteor|p2a: Blissey\n|-damage|p2a: Blissey|70\/100\n|-unboost|p1a: Dialga|spa|2\n|\n|-weather|none\n|upkeep\n|turn|18\n|inactive|JohnLongGone has 120 seconds left.\n|\n|t:|1698239567\n|move|p2a: Blissey|Seismic Toss|p1a: Dialga\n|-damage|p1a: Dialga|63\/100\n|move|p1a: Dialga|Draco Meteor|p2a: Blissey\n|-damage|p2a: Blissey|56\/100\n|-unboost|p1a: Dialga|spa|2\n|\n|-fieldend|move: Trick Room\n|upkeep\n|turn|19\n|\n|t:|1698239578\n|move|p2a: Blissey|Soft-Boiled|p2a: Blissey\n|-heal|p2a: Blissey|100\/100\n|move|p1a: Dialga|Trick Room|p1a: Dialga\n|-fieldstart|move: Trick Room|[of] p1a: Dialga\n|\n|upkeep\n|turn|20\n|\n|t:|1698239581\n|switch|p1a: Ursaluna|Ursaluna, M|100\/100\n|-damage|p1a: Ursaluna|88\/100|[from] Spikes\n|move|p2a: Blissey|Seismic Toss|p1a: Ursaluna\n|-damage|p1a: Ursaluna|67\/100\n|\n|-status|p1a: Ursaluna|brn|[from] item: Flame Orb\n|upkeep\n|turn|21\n|inactive|JohnLongGone has 120 seconds left.\n|inactive|JohnLongGone has 90 seconds left.\n|\n|t:|1698239622\n|switch|p2a: Garganacl|Garganacl, F, tera:Water|52\/100\n|move|p1a: Ursaluna|Headlong Rush|p2a: Garganacl\n|-damage|p2a: Garganacl|0 fnt\n|-unboost|p1a: Ursaluna|def|1\n|-unboost|p1a: Ursaluna|spd|1\n|faint|p2a: Garganacl\n|\n|-damage|p1a: Ursaluna|61\/100 brn|[from] brn\n|upkeep\n|inactive|JohnLongGone has 90 seconds left.\n|\n|t:|1698239627\n|switch|p2a: Gliscor|Gliscor, F|100\/100 tox\n|turn|22\n|inactive|JohnLongGone has 90 seconds left.\n|\n|t:|1698239644\n|move|p1a: Ursaluna|Facade|p2a: Gliscor\n|-damage|p2a: Gliscor|30\/100 tox\n|move|p2a: Gliscor|Knock Off|p1a: Ursaluna\n|-damage|p1a: Ursaluna|36\/100 brn\n|-enditem|p1a: Ursaluna|Flame Orb|[from] move: Knock Off|[of] p2a: Gliscor\n|\n|-heal|p2a: Gliscor|43\/100 tox|[from] ability: Poison Heal\n|-damage|p1a: Ursaluna|30\/100 brn|[from] brn\n|upkeep\n|turn|23\n|inactive|JohnLongGone has 90 seconds left.\n|\n|t:|1698239677\n|switch|p1a: Slowking|Slowking-Galar, F, shiny|83\/100\n|-damage|p1a: Slowking|71\/100|[from] Spikes\n|move|p2a: Gliscor|Protect||[still]\n|-fail|p2a: Gliscor\n|\n|-heal|p2a: Gliscor|55\/100 tox|[from] ability: Poison Heal\n|-fieldend|move: Trick Room\n|upkeep\n|turn|24\n|\n|t:|1698239685\n|move|p2a: Gliscor|Spikes|p1a: Slowking\n|-sidestart|p1: austinerzs|Spikes\n|move|p1a: Slowking|Trick Room|p1a: Slowking\n|-fieldstart|move: Trick Room|[of] p1a: Slowking\n|\n|-heal|p2a: Gliscor|68\/100 tox|[from] ability: Poison Heal\n|upkeep\n|turn|25\n|inactive|JohnLongGone has 90 seconds left.\n|\n|t:|1698239701\n|move|p1a: Slowking|Chilly Reception|p1a: Slowking\n|-weather|Snow\n|\n|t:|1698239709\n|switch|p1a: Ursaluna|Ursaluna, M|30\/100 brn|[from] Chilly Reception\n|-damage|p1a: Ursaluna|13\/100 brn|[from] Spikes\n|move|p2a: Gliscor|Knock Off|p1a: Ursaluna\n|-damage|p1a: Ursaluna|2\/100 brn\n|\n|-weather|Snow|[upkeep]\n|-heal|p2a: Gliscor|80\/100 tox|[from] ability: Poison Heal\n|-damage|p1a: Ursaluna|0 fnt|[from] brn\n|faint|p1a: Ursaluna\n|upkeep\n|\n|t:|1698239716\n|switch|p1a: Dialga|Dialga-Origin, shiny|63\/100\n|-damage|p1a: Dialga|47\/100|[from] Spikes\n|-ability|p1a: Dialga|Pressure\n|turn|26\n|\n|t:|1698239723\n|move|p1a: Dialga|Draco Meteor|p2a: Gliscor\n|-damage|p2a: Gliscor|0 fnt\n|-unboost|p1a: Dialga|spa|2\n|faint|p2a: Gliscor\n|\n|-weather|Snow|[upkeep]\n|upkeep\n|\n|t:|1698239733\n|switch|p2a: Blissey|Blissey, F|100\/100\n|turn|27\n|\n|t:|1698239735\n|switch|p1a: Arceus|Arceus-Fire|100\/100\n|-damage|p1a: Arceus|84\/100|[from] Spikes\n|move|p2a: Blissey|Seismic Toss|p1a: Arceus\n|-damage|p1a: Arceus|61\/100\n|\n|-weather|Snow|[upkeep]\n|upkeep\n|turn|28\n|\n|t:|1698239743\n|switch|p2a: Hippowdon|Hippowdon, M|28\/100\n|-weather|Sandstorm|[from] ability: Sand Stream|[of] p2a: Hippowdon\n|move|p1a: Arceus|Flare Blitz|p2a: Hippowdon\n|-damage|p2a: Hippowdon|0 fnt\n|faint|p2a: Hippowdon\n|-damage|p1a: Arceus|53\/100|[from] Recoil\n|\n|-weather|Sandstorm|[upkeep]\n|-damage|p1a: Arceus|47\/100|[from] Sandstorm\n|-fieldend|move: Trick Room\n|upkeep\n|\n|t:|1698239749\n|switch|p2a: Houndstone|Houndstone, F|100\/100\n|turn|29\n|\n|t:|1698239754\n|-terastallize|p1a: Arceus|Normal\n|move|p2a: Houndstone|Last Respects|p1a: Arceus\n|-immune|p1a: Arceus\n|move|p1a: Arceus|Recover|p1a: Arceus\n|-heal|p1a: Arceus|97\/100\n|\n|-weather|Sandstorm|[upkeep]\n|-damage|p1a: Arceus|91\/100|[from] Sandstorm\n|upkeep\n|turn|30\n|\n|t:|1698239761\n|switch|p2a: Blissey|Blissey, F|100\/100\n|move|p1a: Arceus|Swords Dance|p1a: Arceus\n|-boost|p1a: Arceus|atk|2\n|\n|-weather|Sandstorm|[upkeep]\n|-damage|p1a: Arceus|85\/100|[from] Sandstorm\n|-damage|p2a: Blissey|94\/100|[from] Sandstorm\n|upkeep\n|turn|31\n|\n|t:|1698239766\n|move|p1a: Arceus|Flare Blitz|p2a: Blissey\n|-crit|p2a: Blissey\n|-damage|p2a: Blissey|0 fnt\n|faint|p2a: Blissey\n|-damage|p1a: Arceus|39\/100|[from] Recoil\n|\n|-weather|Sandstorm|[upkeep]\n|-damage|p1a: Arceus|33\/100|[from] Sandstorm\n|upkeep\n|\n|t:|1698239769\n|switch|p2a: Houndstone|Houndstone, F|100\/100\n|turn|32\n|\n|t:|1698239771\n|move|p2a: Houndstone|Body Press|p1a: Arceus\n|-supereffective|p1a: Arceus\n|-damage|p1a: Arceus|0 fnt\n|faint|p1a: Arceus\n|\n|-weather|Sandstorm|[upkeep]\n|upkeep\n|\n|t:|1698239778\n|switch|p1a: Magearna|Magearna|99\/100\n|-damage|p1a: Magearna|84\/100|[from] Spikes\n|turn|33\n|\n|t:|1698239780\n|move|p2a: Houndstone|Body Press|p1a: Magearna\n|-damage|p1a: Magearna|59\/100\n|move|p1a: Magearna|Encore|p2a: Houndstone\n|-start|p2a: Houndstone|Encore\n|\n|-weather|Sandstorm|[upkeep]\n|-heal|p1a: Magearna|65\/100|[from] item: Leftovers\n|upkeep\n|turn|34\n|\n|t:|1698239785\n|move|p2a: Houndstone|Body Press|p1a: Magearna\n|-damage|p1a: Magearna|42\/100\n|move|p1a: Magearna|Fleur Cannon|p2a: Houndstone\n|-damage|p2a: Houndstone|13\/100\n|-unboost|p1a: Magearna|spa|2\n|\n|-weather|Sandstorm|[upkeep]\n|-heal|p1a: Magearna|48\/100|[from] item: Leftovers\n|upkeep\n|turn|35\n|\n|t:|1698239790\n|move|p2a: Houndstone|Body Press|p1a: Magearna\n|-damage|p1a: Magearna|24\/100\n|move|p1a: Magearna|Volt Switch|p2a: Houndstone\n|-damage|p2a: Houndstone|0 fnt\n|faint|p2a: Houndstone\n|\n|win|austinerzs\n|c|\u2606austinerzs|Gg\n","uploadtime":1698239799,"views":37,"p1id":"austinerzs","p2id":"johnlonggone","formatid":"gen9ubers","rating":0,"private":0,"password":""}