{"id":"gen9ubers-1974041061","p1":"djkslaf","p2":"Allester23","format":"[Gen 9] Ubers","log":"|j|\u2606djkslaf\n|j|\u2606Allester23\n|t:|1698046652\n|gametype|singles\n|player|p1|djkslaf|sabrina|1000\n|player|p2|Allester23|shadowtriad|1022\n|teamsize|p1|6\n|teamsize|p2|6\n|gen|9\n|tier|[Gen 9] Ubers\n|rated|\n|rule|Sleep Clause Mod: Limit one foe put to sleep\n|rule|Species Clause: Limit one of each Pok\u00e9mon\n|rule|OHKO Clause: OHKO moves are banned\n|rule|Evasion Items Clause: Evasion items are banned\n|rule|Evasion Moves Clause: Evasion moves are banned\n|rule|Endless Battle Clause: Forcing endless battles is banned\n|rule|HP Percentage Mod: HP is shown in percentages\n|clearpoke\n|poke|p1|Cyclizar, F|\n|poke|p1|Clodsire, M|\n|poke|p1|Flutter Mane|\n|poke|p1|Zamazenta-*|\n|poke|p1|Palafin, F|\n|poke|p1|Great Tusk|\n|poke|p2|Wo-Chien|\n|poke|p2|Zacian-*|\n|poke|p2|Zamazenta-*|\n|poke|p2|Clodsire, M|\n|poke|p2|Arboliva, M|\n|poke|p2|Toxapex, M|\n|teampreview\n|\n|t:|1698046659\n|start\n|switch|p1a: Palafin|Palafin, F|100\/100\n|switch|p2a: Clodsire|Clodsire, M|100\/100\n|turn|1\n|\n|t:|1698046678\n|detailschange|p1a: Palafin|Palafin-Hero, F\n|switch|p1a: Zamazenta|Zamazenta-Crowned|100\/100\n|-ability|p1a: Zamazenta|Dauntless Shield|boost\n|-boost|p1a: Zamazenta|def|1\n|move|p2a: Clodsire|Toxic Spikes|p1a: Zamazenta\n|-sidestart|p1: djkslaf|move: Toxic Spikes\n|\n|upkeep\n|turn|2\n|\n|t:|1698046697\n|move|p1a: Zamazenta|Iron Defense|p1a: Zamazenta\n|-boost|p1a: Zamazenta|def|2\n|move|p2a: Clodsire|Spikes|p1a: Zamazenta\n|-sidestart|p1: djkslaf|Spikes\n|\n|upkeep\n|turn|3\n|\n|t:|1698046708\n|move|p1a: Zamazenta|Behemoth Bash|p2a: Clodsire\n|-damage|p2a: Clodsire|51\/100\n|move|p2a: Clodsire|Spikes|p1a: Zamazenta\n|-sidestart|p1: djkslaf|Spikes\n|\n|-heal|p2a: Clodsire|57\/100|[from] item: Leftovers\n|upkeep\n|turn|4\n|\n|t:|1698046720\n|move|p1a: Zamazenta|Iron Defense|p1a: Zamazenta\n|-boost|p1a: Zamazenta|def|2\n|move|p2a: Clodsire|Spikes|p1a: Zamazenta\n|-sidestart|p1: djkslaf|Spikes\n|\n|-heal|p2a: Clodsire|63\/100|[from] item: Leftovers\n|upkeep\n|turn|5\n|\n|t:|1698046727\n|move|p1a: Zamazenta|Body Press|p2a: Clodsire\n|-resisted|p2a: Clodsire\n|-damage|p2a: Clodsire|0 fnt\n|faint|p2a: Clodsire\n|\n|upkeep\n|\n|t:|1698046753\n|switch|p2a: Arboliva|Arboliva, M|100\/100\n|turn|6\n|\n|t:|1698046760\n|move|p1a: Zamazenta|Body Press|p2a: Arboliva\n|-supereffective|p2a: Arboliva\n|-damage|p2a: Arboliva|0 fnt\n|faint|p2a: Arboliva\n|\n|upkeep\n|\n|t:|1698046763\n|switch|p2a: Wo-Chien|Wo-Chien|100\/100\n|-ability|p2a: Wo-Chien|Tablets of Ruin\n|turn|7\n|\n|t:|1698046771\n|-terastallize|p2a: Wo-Chien|Fire\n|move|p1a: Zamazenta|Body Press|p2a: Wo-Chien\n|-damage|p2a: Wo-Chien|21\/100\n|move|p2a: Wo-Chien|Leech Seed|p1a: Zamazenta\n|-start|p1a: Zamazenta|move: Leech Seed\n|\n|-heal|p2a: Wo-Chien|27\/100|[from] item: Leftovers\n|-damage|p1a: Zamazenta|88\/100|[from] Leech Seed|[of] p2a: Wo-Chien\n|-heal|p2a: Wo-Chien|42\/100|[silent]\n|upkeep\n|turn|8\n|\n|t:|1698046785\n|move|p2a: Wo-Chien|Protect|p2a: Wo-Chien\n|-singleturn|p2a: Wo-Chien|Protect\n|move|p1a: Zamazenta|Body Press|p2a: Wo-Chien\n|-activate|p2a: Wo-Chien|move: Protect\n|\n|-heal|p2a: Wo-Chien|48\/100|[from] item: Leftovers\n|-damage|p1a: Zamazenta|76\/100|[from] Leech Seed|[of] p2a: Wo-Chien\n|-heal|p2a: Wo-Chien|64\/100|[silent]\n|upkeep\n|turn|9\n|\n|t:|1698046795\n|move|p1a: Zamazenta|Body Press|p2a: Wo-Chien\n|-damage|p2a: Wo-Chien|0 fnt\n|faint|p2a: Wo-Chien\n|\n|upkeep\n|\n|t:|1698046800\n|switch|p2a: Toxapex|Toxapex, M|100\/100\n|turn|10\n|\n|t:|1698046809\n|move|p2a: Toxapex|Baneful Bunker|p2a: Toxapex\n|-singleturn|p2a: Toxapex|move: Protect\n|move|p1a: Zamazenta|Body Press|p2a: Toxapex\n|-activate|p2a: Toxapex|move: Protect\n|\n|-damage|p1a: Zamazenta|63\/100|[from] Leech Seed|[of] p2a: Toxapex\n|upkeep\n|turn|11\n|-message|Allester23 forfeited.\n|\n|win|djkslaf\n|raw|djkslaf's rating: 1000 &rarr; <strong>1043<\/strong><br \/>(+43 for winning)\n|raw|Allester23's rating: 1022 &rarr; <strong>1008<\/strong><br \/>(-14 for losing)\n|l|\u2606Allester23\n","uploadtime":1698046821,"views":14,"p1id":"djkslaf","p2id":"allester23","formatid":"gen9ubers","rating":1008,"private":0,"password":""}