{"id":"gen9ubers-1982921397","p1":"the tr4sh man","p2":"Kinesquared","format":"[Gen 9] Ubers","log":"|j|\u2606the tr4sh man\n|j|\u2606Kinesquared\n|t:|1699058899\n|gametype|singles\n|player|p1|the tr4sh man|xerosic|\n|player|p2|Kinesquared|scientist-gen4dp|\n|teamsize|p1|6\n|teamsize|p2|6\n|gen|9\n|tier|[Gen 9] Ubers\n|rule|Sleep Clause Mod: Limit one foe put to sleep\n|rule|Species Clause: Limit one of each Pok\u00e9mon\n|rule|OHKO Clause: OHKO moves are banned\n|rule|Evasion Items Clause: Evasion items are banned\n|rule|Evasion Moves Clause: Evasion moves are banned\n|rule|Endless Battle Clause: Forcing endless battles is banned\n|rule|HP Percentage Mod: HP is shown in percentages\n|clearpoke\n|poke|p1|Golem, F|\n|poke|p1|Donphan, L1, F|\n|poke|p1|Lycanroc, M|\n|poke|p1|Drifblim, M|\n|poke|p1|Basculin, F|\n|poke|p1|Azelf|\n|poke|p2|Magearna|\n|poke|p2|Ursaluna, F|\n|poke|p2|Dialga|\n|poke|p2|Hoopa-Unbound|\n|poke|p2|Cinderace, F|\n|poke|p2|Cresselia, F|\n|teampreview\n|\n|t:|1699058928\n|start\n|switch|p1a: Golem|Golem, F|100\/100\n|switch|p2a: Magearna|Magearna|100\/100\n|turn|1\n|\n|t:|1699058936\n|switch|p2a: Cresselia|Cresselia, F|100\/100\n|move|p1a: Golem|Earthquake|p2a: Cresselia\n|-immune|p2a: Cresselia|[from] ability: Levitate\n|\n|upkeep\n|turn|2\n|\n|t:|1699058942\n|move|p1a: Golem|Stealth Rock|p2a: Cresselia\n|-sidestart|p2: Kinesquared|move: Stealth Rock\n|move|p2a: Cresselia|Trick Room|p2a: Cresselia\n|-fieldstart|move: Trick Room|[of] p2a: Cresselia\n|\n|upkeep\n|turn|3\n|\n|t:|1699058957\n|switch|p2a: Ursaluna|Ursaluna, F|100\/100\n|-damage|p2a: Ursaluna|94\/100|[from] Stealth Rock\n|move|p1a: Golem|Sandstorm|p1a: Golem\n|-weather|Sandstorm\n|\n|-weather|Sandstorm|[upkeep]\n|-status|p2a: Ursaluna|brn|[from] item: Flame Orb\n|upkeep\n|turn|4\n|\n|t:|1699058972\n|move|p2a: Ursaluna|Substitute|p2a: Ursaluna\n|-start|p2a: Ursaluna|Substitute\n|-damage|p2a: Ursaluna|70\/100 brn\n|move|p1a: Golem|Explosion|p2a: Ursaluna\n|-end|p2a: Ursaluna|Substitute\n|faint|p1a: Golem\n|\n|-weather|Sandstorm|[upkeep]\n|-damage|p2a: Ursaluna|64\/100 brn|[from] brn\n|upkeep\n|\n|t:|1699058976\n|switch|p1a: Donphan|Donphan, L1, F|100\/100\n|turn|5\n|\n|t:|1699058996\n|move|p1a: Donphan|Endeavor|p2a: Ursaluna\n|-damage|p2a: Ursaluna|3\/100 brn\n|move|p2a: Ursaluna|Facade|p1a: Donphan\n|-ability|p1a: Donphan|Sturdy\n|-damage|p1a: Donphan|9\/100\n|\n|-weather|Sandstorm|[upkeep]\n|-damage|p2a: Ursaluna|0 fnt|[from] brn\n|faint|p2a: Ursaluna\n|upkeep\n|c|\u2606Kinesquared|oh ur level 1 lmao\n|c|\u2606Kinesquared|i was wondering how u undersped\n|\n|t:|1699059018\n|switch|p2a: Cinderace|Cinderace, F|100\/100\n|turn|6\n|\n|t:|1699059025\n|move|p1a: Donphan|Encore||[still]\n|-fail|p1a: Donphan\n|move|p2a: Cinderace|U-turn|p1a: Donphan\n|-start|p2a: Cinderace|typechange|Bug|[from] ability: Libero\n|-damage|p1a: Donphan|0 fnt\n|faint|p1a: Donphan\n|\n|t:|1699059032\n|switch|p2a: Magearna|Magearna|100\/100|[from] U-turn\n|-damage|p2a: Magearna|94\/100|[from] Stealth Rock\n|\n|-weather|Sandstorm|[upkeep]\n|-heal|p2a: Magearna|100\/100|[from] item: Leftovers\n|-fieldend|move: Trick Room\n|upkeep\n|c|\u2606the tr4sh man|i wanted that sucker punch to come out lol\n|\n|t:|1699059046\n|switch|p1a: Basculin|Basculin, F|100\/100\n|-ability|p1a: Basculin|Mold Breaker\n|turn|7\n|\n|t:|1699059057\n|move|p1a: Basculin|Final Gambit|p2a: Magearna\n|-damage|p2a: Magearna|6\/100\n|faint|p1a: Basculin\n|-ability|p2a: Magearna|Soul-Heart|boost\n|-boost|p2a: Magearna|spa|1\n|move|p2a: Magearna|Trick Room|p2a: Magearna\n|-fieldstart|move: Trick Room|[of] p2a: Magearna\n|\n|-weather|none\n|-heal|p2a: Magearna|12\/100|[from] item: Leftovers\n|upkeep\n|\n|t:|1699059071\n|switch|p1a: Lycanroc|Lycanroc, M|100\/100\n|turn|8\n|\n|t:|1699059077\n|move|p1a: Lycanroc|Accelerock|p2a: Magearna\n|-resisted|p2a: Magearna\n|-damage|p2a: Magearna|5\/100\n|move|p2a: Magearna|Fleur Cannon|p1a: Lycanroc\n|-enditem|p1a: Lycanroc|Focus Sash\n|-damage|p1a: Lycanroc|1\/100\n|-unboost|p2a: Magearna|spa|2\n|\n|-heal|p2a: Magearna|11\/100|[from] item: Leftovers\n|upkeep\n|turn|9\n|\n|t:|1699059086\n|move|p1a: Lycanroc|Accelerock|p2a: Magearna\n|-resisted|p2a: Magearna\n|-damage|p2a: Magearna|5\/100\n|move|p2a: Magearna|Volt Switch|p1a: Lycanroc\n|-damage|p1a: Lycanroc|0 fnt\n|faint|p1a: Lycanroc\n|-ability|p2a: Magearna|Soul-Heart|boost\n|-boost|p2a: Magearna|spa|1\n|c|\u2606Kinesquared|i prefered mono choice specs tbh\n|\n|t:|1699059098\n|switch|p2a: Hoopa|Hoopa-Unbound|100\/100|[from] Volt Switch\n|-damage|p2a: Hoopa|88\/100|[from] Stealth Rock\n|\n|upkeep\n|\n|t:|1699059106\n|switch|p1a: Drifblim|Drifblim, M|100\/100\n|turn|10\n|c|\u2606the tr4sh man|well i need to maintain my name :]\n|c|\u2606Kinesquared|true\n|\n|t:|1699059127\n|move|p1a: Drifblim|Endure|p1a: Drifblim\n|-singleturn|p1a: Drifblim|move: Endure\n|move|p2a: Hoopa|Hyperspace Fury|p1a: Drifblim\n|-supereffective|p1a: Drifblim\n|-activate|p1a: Drifblim|move: Endure\n|-damage|p1a: Drifblim|1\/100\n|-unboost|p2a: Hoopa|def|1\n|-enditem|p1a: Drifblim|Red Card|[of] p2a: Hoopa\n|drag|p2a: Magearna|Magearna|5\/100\n|-damage|p2a: Magearna|0 fnt|[from] Stealth Rock\n|faint|p2a: Magearna\n|\n|upkeep\n|\n|t:|1699059143\n|switch|p2a: Cinderace|Cinderace, F|100\/100\n|turn|11\n|\n|t:|1699059147\n|move|p1a: Drifblim|Destiny Bond|p1a: Drifblim\n|-singlemove|p1a: Drifblim|Destiny Bond\n|move|p2a: Cinderace|U-turn|p1a: Drifblim\n|-start|p2a: Cinderace|typechange|Bug|[from] ability: Libero\n|-resisted|p1a: Drifblim\n|-damage|p1a: Drifblim|0 fnt\n|-damage|p2a: Cinderace|75\/100|[from] ability: Aftermath|[of] p1a: Drifblim\n|faint|p1a: Drifblim\n|-activate|p1a: Drifblim|move: Destiny Bond\n|faint|p2a: Cinderace\n|\n|-fieldend|move: Trick Room\n|upkeep\n|\n|t:|1699059159\n|switch|p2a: Dialga|Dialga|100\/100\n|switch|p1a: Azelf|Azelf|100\/100\n|-damage|p2a: Dialga|94\/100|[from] Stealth Rock\n|-ability|p2a: Dialga|Pressure\n|turn|12\n|\n|t:|1699059167\n|move|p1a: Azelf|Trick|p2a: Dialga\n|-activate|p1a: Azelf|move: Trick|[of] p2a: Dialga\n|-item|p2a: Dialga|Choice Band|[from] move: Trick\n|-item|p1a: Azelf|Eject Pack|[from] move: Trick\n|move|p2a: Dialga|Draco Meteor|p1a: Azelf\n|-crit|p1a: Azelf\n|-damage|p1a: Azelf|0 fnt\n|-unboost|p2a: Dialga|spa|2\n|faint|p1a: Azelf\n|\n|win|Kinesquared\n|c|\u2606the tr4sh man|gg\n|c|\u2606Kinesquared|gg\n","uploadtime":1699059177,"views":15,"p1id":"thetr4shman","p2id":"kinesquared","formatid":"gen9ubers","rating":0,"private":0,"password":""}