{"id":"gen9ubers-1992305824","p1":"hdkidhd","p2":"Meltan808","format":"[Gen 9] Ubers","log":"|j|\u2606hdkidhd\n|j|\u2606Meltan808\n|t:|1700172910\n|gametype|singles\n|player|p1|hdkidhd|rocketgrunt|1026\n|player|p2|Meltan808|wikstrom|1050\n|teamsize|p1|6\n|teamsize|p2|6\n|gen|9\n|tier|[Gen 9] Ubers\n|rated|\n|rule|Sleep Clause Mod: Limit one foe put to sleep\n|rule|Species Clause: Limit one of each Pok\u00e9mon\n|rule|OHKO Clause: OHKO moves are banned\n|rule|Evasion Items Clause: Evasion items are banned\n|rule|Evasion Moves Clause: Evasion moves are banned\n|rule|Endless Battle Clause: Forcing endless battles is banned\n|rule|HP Percentage Mod: HP is shown in percentages\n|clearpoke\n|poke|p1|Arceus-Dragon|\n|poke|p1|Zacian-*|\n|poke|p1|Zamazenta-*|\n|poke|p1|Ditto|\n|poke|p1|Zapdos-Galar|\n|poke|p1|Moltres-Galar|\n|poke|p2|Ursaluna-Bloodmoon, M|\n|poke|p2|Scizor, M|\n|poke|p2|Vivillon-Modern, F|\n|poke|p2|Rabsca, M|\n|poke|p2|Forretress, F|\n|poke|p2|Heracross, M|\n|teampreview\n|inactive|Battle timer is ON: inactive players will automatically lose when time's up. (requested by Meltan808)\n|\n|t:|1700172925\n|start\n|switch|p1a: Ditto|Ditto, shiny|100\/100\n|switch|p2a: Forretress|Forretress, F|100\/100\n|turn|1\n|c|\u2606Meltan808|!dt imposter\n|raw|<ul class=\"utilichart\"><li class=\"result\"><span class=\"col namecol\"><a href=\"https:\/\/dex.pokemonshowdown.com\/abilities\/imposter\">Imposter<\/a><\/span> <span class=\"col abilitydesccol\">On switch-in, this Pokemon Transforms into the opposing Pokemon that is facing it.<\/span> <\/li><li style=\"clear:both\"><\/li><\/ul>\n|raw|<font size=\"1\"><font color=\"#686868\">Gen:<\/font> 5<\/font>\n\n|c|\u2606Meltan808|use it\n|\n|t:|1700172946\n|move|p1a: Ditto|Transform|p2a: Forretress\n|-transform|p1a: Ditto|p2a: Forretress\n|move|p2a: Forretress|Stealth Rock|p1a: Ditto\n|-sidestart|p1: hdkidhd|move: Stealth Rock\n|\n|upkeep\n|turn|2\n|\n|t:|1700172954\n|move|p1a: Ditto|Stealth Rock|p2a: Forretress\n|-sidestart|p2: Meltan808|move: Stealth Rock\n|move|p2a: Forretress|Toxic Spikes|p1a: Ditto\n|-sidestart|p1: hdkidhd|move: Toxic Spikes\n|\n|upkeep\n|turn|3\n|\n|t:|1700172959\n|move|p2a: Forretress|Toxic Spikes|p1a: Ditto\n|-sidestart|p1: hdkidhd|move: Toxic Spikes\n|move|p1a: Ditto|Toxic Spikes|p2a: Forretress\n|-sidestart|p2: Meltan808|move: Toxic Spikes\n|\n|upkeep\n|turn|4\n|\n|t:|1700172966\n|move|p1a: Ditto|Gyro Ball|p2a: Forretress\n|-resisted|p2a: Forretress\n|-damage|p2a: Forretress|98\/100\n|-damage|p1a: Ditto|84\/100|[from] item: Rocky Helmet|[of] p2a: Forretress\n|move|p2a: Forretress|Gyro Ball|p1a: Ditto\n|-resisted|p1a: Ditto\n|-damage|p1a: Ditto|81\/100\n|\n|-heal|p1a: Ditto|87\/100|[from] item: Leftovers\n|upkeep\n|turn|5\n|\n|t:|1700172976\n|move|p2a: Forretress|Rapid Spin|p1a: Ditto\n|-resisted|p1a: Ditto\n|-damage|p1a: Ditto|83\/100\n|-boost|p2a: Forretress|spe|1\n|-sideend|p2: Meltan808|Toxic Spikes|[from] move: Rapid Spin|[of] p2a: Forretress\n|-sideend|p2: Meltan808|Stealth Rock|[from] move: Rapid Spin|[of] p2a: Forretress\n|move|p1a: Ditto|Rapid Spin|p2a: Forretress\n|-resisted|p2a: Forretress\n|-damage|p2a: Forretress|95\/100\n|-boost|p1a: Ditto|spe|1\n|-damage|p1a: Ditto|66\/100|[from] item: Rocky Helmet|[of] p2a: Forretress\n|-sideend|p1: hdkidhd|Toxic Spikes|[from] move: Rapid Spin|[of] p1a: Ditto\n|-sideend|p1: hdkidhd|Stealth Rock|[from] move: Rapid Spin|[of] p1a: Ditto\n|\n|-heal|p1a: Ditto|72\/100|[from] item: Leftovers\n|upkeep\n|turn|6\n|\n|t:|1700172997\n|switch|p1a: Arceus|Arceus-Dragon|100\/100\n|switch|p2a: Ursaluna|Ursaluna-Bloodmoon, M|100\/100\n|\n|upkeep\n|turn|7\n|\n|t:|1700173011\n|-terastallize|p1a: Arceus|Dragon\n|-terastallize|p2a: Ursaluna|Bug\n|move|p1a: Arceus|Dragon Claw|p2a: Ursaluna\n|-damage|p2a: Ursaluna|60\/100\n|move|p2a: Ursaluna|Moonblast|p1a: Arceus\n|-supereffective|p1a: Arceus\n|-damage|p1a: Arceus|51\/100\n|-unboost|p1a: Arceus|spa|1\n|\n|upkeep\n|turn|8\n|\n|t:|1700173026\n|switch|p1a: Zamazenta|Zamazenta-Crowned|100\/100\n|-ability|p1a: Zamazenta|Dauntless Shield|boost\n|-boost|p1a: Zamazenta|def|1\n|switch|p2a: Forretress|Forretress, F|95\/100\n|\n|upkeep\n|turn|9\n|\n|t:|1700173039\n|move|p1a: Zamazenta|Moonblast|p2a: Forretress\n|-resisted|p2a: Forretress\n|-damage|p2a: Forretress|80\/100\n|move|p2a: Forretress|Toxic Spikes|p1a: Zamazenta\n|-sidestart|p1: hdkidhd|move: Toxic Spikes\n|\n|upkeep\n|turn|10\n|\n|t:|1700173050\n|switch|p1a: Ditto|Ditto, shiny|72\/100\n|-status|p1a: Ditto|psn\n|move|p2a: Forretress|Toxic Spikes|p1a: Ditto\n|-sidestart|p1: hdkidhd|move: Toxic Spikes\n|\n|-heal|p1a: Ditto|78\/100 psn|[from] item: Leftovers\n|-damage|p1a: Ditto|66\/100 psn|[from] psn\n|upkeep\n|turn|11\n|inactive|Meltan808 has 120 seconds left.\n|\n|t:|1700173081\n|switch|p1a: Zapdos|Zapdos-Galar, shiny|100\/100\n|switch|p2a: Scizor|Scizor, M|100\/100\n|\n|upkeep\n|turn|12\n|inactive|Meltan808 has 120 seconds left.\n|\n|t:|1700173094\n|move|p1a: Zapdos|Brave Bird|p2a: Scizor\n|-damage|p2a: Scizor|52\/100\n|-damage|p1a: Zapdos|85\/100|[from] Recoil\n|move|p2a: Scizor|Aerial Ace|p1a: Zapdos\n|-supereffective|p1a: Zapdos\n|-damage|p1a: Zapdos|0 fnt\n|faint|p1a: Zapdos\n|\n|upkeep\n|\n|t:|1700173104\n|switch|p1a: Moltres|Moltres-Galar, shiny|100\/100\n|turn|13\n|inactive|Meltan808 has 120 seconds left.\n|\n|t:|1700173124\n|switch|p2a: Forretress|Forretress, F|80\/100\n|move|p1a: Moltres|Brave Bird|p2a: Forretress\n|-damage|p2a: Forretress|56\/100\n|-damage|p1a: Moltres|84\/100|[from] item: Rocky Helmet|[of] p2a: Forretress\n|-damage|p1a: Moltres|76\/100|[from] Recoil\n|\n|upkeep\n|turn|14\n|\n|t:|1700173133\n|move|p1a: Moltres|Brave Bird|p2a: Forretress\n|-damage|p2a: Forretress|31\/100\n|-damage|p1a: Moltres|59\/100|[from] item: Rocky Helmet|[of] p2a: Forretress\n|-damage|p1a: Moltres|50\/100|[from] Recoil\n|move|p2a: Forretress|Stealth Rock|p1a: Moltres\n|-sidestart|p1: hdkidhd|move: Stealth Rock\n|\n|upkeep\n|turn|15\n|\n|t:|1700173145\n|move|p1a: Moltres|Brave Bird|p2a: Forretress\n|-damage|p2a: Forretress|9\/100\n|-damage|p1a: Moltres|34\/100|[from] item: Rocky Helmet|[of] p2a: Forretress\n|-damage|p1a: Moltres|26\/100|[from] Recoil\n|move|p2a: Forretress|Gyro Ball|p1a: Moltres\n|-damage|p1a: Moltres|0 fnt\n|faint|p1a: Moltres\n|\n|upkeep\n|\n|t:|1700173159\n|switch|p1a: Arceus|Arceus-Dragon, tera:Dragon|51\/100\n|-status|p1a: Arceus|tox\n|-damage|p1a: Arceus|38\/100 tox|[from] Stealth Rock\n|turn|16\n|\n|t:|1700173168\n|move|p1a: Arceus|Dragon Claw|p2a: Forretress\n|-resisted|p2a: Forretress\n|-damage|p2a: Forretress|0 fnt\n|-damage|p1a: Arceus|22\/100 tox|[from] item: Rocky Helmet|[of] p2a: Forretress\n|faint|p2a: Forretress\n|\n|-damage|p1a: Arceus|16\/100 tox|[from] psn\n|upkeep\n|\n|t:|1700173184\n|switch|p2a: Scizor|Scizor, M|52\/100\n|turn|17\n|\n|t:|1700173195\n|move|p2a: Scizor|Bullet Punch|p1a: Arceus\n|-damage|p1a: Arceus|0 fnt\n|faint|p1a: Arceus\n|\n|upkeep\n|\n|t:|1700173203\n|switch|p1a: Ditto|Ditto, shiny|66\/100 psn\n|-damage|p1a: Ditto|53\/100 psn|[from] Stealth Rock\n|turn|18\n|\n|t:|1700173207\n|move|p2a: Scizor|Bullet Punch|p1a: Ditto\n|-damage|p1a: Ditto|0 fnt\n|faint|p1a: Ditto\n|\n|upkeep\n|-message|hdkidhd forfeited.\n|\n|win|Meltan808\n|raw|hdkidhd's rating: 1026 &rarr; <strong>1013<\/strong><br \/>(-13 for losing)\n|raw|Meltan808's rating: 1050 &rarr; <strong>1080<\/strong><br \/>(+30 for winning)\n|l|\u2606hdkidhd\n","uploadtime":1700173232,"views":13,"p1id":"hdkidhd","p2id":"meltan808","formatid":"gen9ubers","rating":1013,"private":0,"password":""}