{"id":"gen9ubers-1977648132","p1":"bryenw","p2":"chriscanway","format":"[Gen 9] Ubers","log":"|j|\u2606bryenw\n|j|\u2606chriscanway\n|t:|1698435014\n|gametype|singles\n|player|p1|bryenw|1|\n|player|p2|chriscanway|ethan|\n|teamsize|p1|6\n|teamsize|p2|6\n|gen|9\n|tier|[Gen 9] Ubers\n|rule|Sleep Clause Mod: Limit one foe put to sleep\n|rule|Species Clause: Limit one of each Pok\u00e9mon\n|rule|OHKO Clause: OHKO moves are banned\n|rule|Evasion Items Clause: Evasion items are banned\n|rule|Evasion Moves Clause: Evasion moves are banned\n|rule|Endless Battle Clause: Forcing endless battles is banned\n|rule|HP Percentage Mod: HP is shown in percentages\n|clearpoke\n|poke|p1|Heatran, M|\n|poke|p1|Volcarona, M|\n|poke|p1|Magearna|\n|poke|p1|Urshifu-*, F|\n|poke|p1|Shaymin-Sky|\n|poke|p1|Palkia-Origin|\n|poke|p2|Gliscor, M|\n|poke|p2|Cyclizar, F|\n|poke|p2|Chi-Yu|\n|poke|p2|Espathra, M|\n|poke|p2|Ogerpon-Wellspring, F|\n|poke|p2|Zacian-*|\n|teampreview\n|inactive|Battle timer is ON: inactive players will automatically lose when time's up. (requested by bryenw)\n|inactive|chriscanway has 270 seconds left.\n|\n|t:|1698435069\n|start\n|switch|p1a: Urshifu|Urshifu, F|100\/100\n|switch|p2a: Cyclizar|Cyclizar, F|100\/100\n|turn|1\n|\n|t:|1698435081\n|move|p1a: Urshifu|Close Combat|p2a: Cyclizar\n|-supereffective|p2a: Cyclizar\n|-crit|p2a: Cyclizar\n|-damage|p2a: Cyclizar|0 fnt\n|-unboost|p1a: Urshifu|def|1\n|-unboost|p1a: Urshifu|spd|1\n|faint|p2a: Cyclizar\n|\n|upkeep\n|inactive|chriscanway has 270 seconds left.\n|\n|t:|1698435110\n|switch|p2a: Chi-Yu|Chi-Yu|100\/100\n|-ability|p2a: Chi-Yu|Beads of Ruin\n|turn|2\n|\n|t:|1698435120\n|switch|p1a: Heatran|Heatran, M|100\/100\n|move|p2a: Chi-Yu|Dark Pulse|p1a: Heatran\n|-damage|p1a: Heatran|64\/100\n|\n|-heal|p1a: Heatran|71\/100|[from] item: Leftovers\n|upkeep\n|turn|3\n|inactive|chriscanway has 270 seconds left.\n|\n|t:|1698435150\n|switch|p2a: Ogerpon|Ogerpon-Wellspring, F|100\/100\n|move|p1a: Heatran|Magma Storm|p2a: Ogerpon\n|-damage|p2a: Ogerpon|47\/100\n|-activate|p2a: Ogerpon|move: Magma Storm|[of] p1a: Heatran\n|\n|-heal|p1a: Heatran|77\/100|[from] item: Leftovers\n|-damage|p2a: Ogerpon|35\/100|[from] move: Magma Storm|[partiallytrapped]\n|upkeep\n|turn|4\n|\n|t:|1698435160\n|switch|p1a: Palkia|Palkia-Origin|100\/100\n|-ability|p1a: Palkia|Pressure\n|move|p2a: Ogerpon|Ivy Cudgel|p1a: Palkia\n|-resisted|p1a: Palkia\n|-damage|p1a: Palkia|85\/100\n|\n|-end|p2a: Ogerpon|Magma Storm|[partiallytrapped]|[silent]\n|upkeep\n|turn|5\n|inactive|chriscanway has 270 seconds left.\n|inactive|bryenw has 270 seconds left.\n|\n|t:|1698435207\n|move|p2a: Ogerpon|Power Whip|p1a: Palkia\n|-damage|p1a: Palkia|13\/100\n|move|p1a: Palkia|Thunderbolt|p2a: Ogerpon\n|-damage|p2a: Ogerpon|0 fnt\n|faint|p2a: Ogerpon\n|\n|upkeep\n|\n|t:|1698435225\n|switch|p2a: Espathra|Espathra, M|100\/100\n|turn|6\n|\n|t:|1698435233\n|switch|p1a: Heatran|Heatran, M|77\/100\n|move|p2a: Espathra|Calm Mind|p2a: Espathra\n|-boost|p2a: Espathra|spa|1\n|-boost|p2a: Espathra|spd|1\n|\n|-heal|p1a: Heatran|83\/100|[from] item: Leftovers\n|-ability|p2a: Espathra|Speed Boost|boost\n|-boost|p2a: Espathra|spe|1\n|upkeep\n|turn|7\n|\n|t:|1698435240\n|move|p2a: Espathra|Protect|p2a: Espathra\n|-singleturn|p2a: Espathra|Protect\n|move|p1a: Heatran|Taunt|p2a: Espathra\n|-activate|p2a: Espathra|move: Protect\n|\n|-heal|p1a: Heatran|89\/100|[from] item: Leftovers\n|-ability|p2a: Espathra|Speed Boost|boost\n|-boost|p2a: Espathra|spe|1\n|upkeep\n|turn|8\n|\n|t:|1698435252\n|move|p2a: Espathra|Calm Mind|p2a: Espathra\n|-boost|p2a: Espathra|spa|1\n|-boost|p2a: Espathra|spd|1\n|move|p1a: Heatran|Taunt|p2a: Espathra\n|-start|p2a: Espathra|move: Taunt\n|\n|-heal|p1a: Heatran|96\/100|[from] item: Leftovers\n|-ability|p2a: Espathra|Speed Boost|boost\n|-boost|p2a: Espathra|spe|1\n|upkeep\n|turn|9\n|\n|t:|1698435254\n|move|p2a: Espathra|Stored Power|p1a: Heatran\n|-resisted|p1a: Heatran\n|-damage|p1a: Heatran|64\/100\n|move|p1a: Heatran|Magma Storm|p2a: Espathra\n|-damage|p2a: Espathra|74\/100\n|-activate|p2a: Espathra|move: Magma Storm|[of] p1a: Heatran\n|\n|-heal|p1a: Heatran|71\/100|[from] item: Leftovers\n|-damage|p2a: Espathra|61\/100|[from] move: Magma Storm|[partiallytrapped]\n|-ability|p2a: Espathra|Speed Boost|boost\n|-boost|p2a: Espathra|spe|1\n|upkeep\n|turn|10\n|inactive|chriscanway has 270 seconds left.\n|\n|t:|1698435265\n|move|p2a: Espathra|Stored Power|p1a: Heatran\n|-resisted|p1a: Heatran\n|-damage|p1a: Heatran|32\/100\n|move|p1a: Heatran|Will-O-Wisp|p2a: Espathra\n|-status|p2a: Espathra|brn\n|\n|-heal|p1a: Heatran|38\/100|[from] item: Leftovers\n|-damage|p2a: Espathra|55\/100 brn|[from] brn\n|-damage|p2a: Espathra|43\/100 brn|[from] move: Magma Storm|[partiallytrapped]\n|-ability|p2a: Espathra|Speed Boost|boost\n|-boost|p2a: Espathra|spe|1\n|upkeep\n|turn|11\n|inactive|chriscanway has 270 seconds left.\n|\n|t:|1698435277\n|move|p2a: Espathra|Stored Power|p1a: Heatran\n|-resisted|p1a: Heatran\n|-damage|p1a: Heatran|0 fnt\n|faint|p1a: Heatran\n|\n|-damage|p2a: Espathra|37\/100 brn|[from] brn\n|-end|p2a: Espathra|Magma Storm|[partiallytrapped]|[silent]\n|-end|p2a: Espathra|move: Taunt\n|-ability|p2a: Espathra|Speed Boost|boost\n|-boost|p2a: Espathra|spe|1\n|upkeep\n|\n|t:|1698435289\n|switch|p1a: Magearna|Magearna|100\/100\n|turn|12\n|inactive|chriscanway has 270 seconds left.\n|inactive|bryenw has 270 seconds left.\n|inactive|bryenw has 240 seconds left.\n|\n|t:|1698435351\n|move|p2a: Espathra|Dazzling Gleam|p1a: Magearna\n|-resisted|p1a: Magearna\n|-damage|p1a: Magearna|85\/100\n|move|p1a: Magearna|Flash Cannon|p2a: Espathra\n|-damage|p2a: Espathra|0 fnt\n|faint|p2a: Espathra\n|-ability|p1a: Magearna|Soul-Heart|boost\n|-boost|p1a: Magearna|spa|1\n|\n|upkeep\n|\n|t:|1698435360\n|switch|p2a: Chi-Yu|Chi-Yu|100\/100\n|-ability|p2a: Chi-Yu|Beads of Ruin\n|turn|13\n|inactive|bryenw has 240 seconds left.\n|inactive|chriscanway has 240 seconds left.\n|\n|t:|1698435387\n|switch|p1a: Palkia|Palkia-Origin|13\/100\n|-ability|p1a: Palkia|Pressure\n|move|p2a: Chi-Yu|Flamethrower|p1a: Palkia\n|-resisted|p1a: Palkia\n|-damage|p1a: Palkia|0 fnt\n|faint|p1a: Palkia\n|\n|upkeep\n|\n|t:|1698435398\n|switch|p1a: Urshifu|Urshifu, F|100\/100\n|turn|14\n|inactive|chriscanway has 240 seconds left.\n|\n|t:|1698435417\n|-terastallize|p2a: Chi-Yu|Fire\n|move|p2a: Chi-Yu|Flamethrower|p1a: Urshifu\n|-damage|p1a: Urshifu|0 fnt\n|faint|p1a: Urshifu\n|\n|upkeep\n|inactive|bryenw has 210 seconds left.\n|\n|t:|1698435462\n|switch|p1a: Magearna|Magearna|85\/100\n|turn|15\n|\n|t:|1698435470\n|-terastallize|p1a: Magearna|Ground\n|move|p2a: Chi-Yu|Flamethrower|p1a: Magearna\n|-damage|p1a: Magearna|12\/100\n|-status|p1a: Magearna|brn\n|move|p1a: Magearna|Tera Blast|p2a: Chi-Yu|[anim] Tera Blast Ground\n|-supereffective|p2a: Chi-Yu\n|-damage|p2a: Chi-Yu|0 fnt\n|faint|p2a: Chi-Yu\n|-ability|p1a: Magearna|Soul-Heart|boost\n|-boost|p1a: Magearna|spa|1\n|\n|-damage|p1a: Magearna|6\/100 brn|[from] brn\n|upkeep\n|\n|t:|1698435474\n|switch|p2a: Gliscor|Gliscor, M|100\/100\n|turn|16\n|inactive|bryenw has 210 seconds left.\n|inactive|chriscanway has 240 seconds left.\n|\n|t:|1698435517\n|switch|p2a: Zacian|Zacian|100\/100\n|-ability|p2a: Zacian|Intrepid Sword|boost\n|-boost|p2a: Zacian|atk|1\n|switch|p1a: Volcarona|Volcarona, M|100\/100\n|\n|upkeep\n|turn|17\n|\n|t:|1698435529\n|move|p2a: Zacian|Play Rough|p1a: Volcarona\n|-resisted|p1a: Volcarona\n|-damage|p1a: Volcarona|65\/100\n|-status|p2a: Zacian|brn|[from] ability: Flame Body|[of] p1a: Volcarona\n|move|p1a: Volcarona|Quiver Dance|p1a: Volcarona\n|-boost|p1a: Volcarona|spa|1\n|-boost|p1a: Volcarona|spd|1\n|-boost|p1a: Volcarona|spe|1\n|\n|-heal|p1a: Volcarona|71\/100|[from] item: Leftovers\n|-damage|p2a: Zacian|94\/100 brn|[from] brn\n|upkeep\n|turn|18\n|\n|t:|1698435540\n|move|p2a: Zacian|Play Rough|p1a: Volcarona\n|-resisted|p1a: Volcarona\n|-damage|p1a: Volcarona|53\/100\n|-unboost|p1a: Volcarona|atk|1\n|move|p1a: Volcarona|Fiery Dance|p2a: Zacian\n|-damage|p2a: Zacian|44\/100 brn\n|-boost|p1a: Volcarona|spa|1\n|\n|-heal|p1a: Volcarona|60\/100|[from] item: Leftovers\n|-damage|p2a: Zacian|38\/100 brn|[from] brn\n|upkeep\n|turn|19\n|-message|chriscanway forfeited.\n|\n|win|bryenw\n|l|\u2606chriscanway\n|c|\u2606bryenw|gg\n|player|p1|bryenw|1\n","uploadtime":1698435586,"views":19,"p1id":"bryenw","p2id":"chriscanway","formatid":"gen9ubers","rating":0,"private":0,"password":""}