{"id":"gen9ubers-1975776672","p1":"Anne Frankkkk","p2":"Udon2cold","format":"[Gen 9] Ubers","log":"|j|\u2606Anne Frankkkk\n|j|\u2606Udon2cold\n|t:|1698236860\n|gametype|singles\n|player|p1|Anne Frankkkk|hilbert|1151\n|player|p2|Udon2cold|marlon|1135\n|teamsize|p1|6\n|teamsize|p2|6\n|gen|9\n|tier|[Gen 9] Ubers\n|rated|\n|rule|Sleep Clause Mod: Limit one foe put to sleep\n|rule|Species Clause: Limit one of each Pok\u00e9mon\n|rule|OHKO Clause: OHKO moves are banned\n|rule|Evasion Items Clause: Evasion items are banned\n|rule|Evasion Moves Clause: Evasion moves are banned\n|rule|Endless Battle Clause: Forcing endless battles is banned\n|rule|HP Percentage Mod: HP is shown in percentages\n|clearpoke\n|poke|p1|Iron Hands|\n|poke|p1|Kyogre|\n|poke|p1|Chien-Pao|\n|poke|p1|Ribombee, M|\n|poke|p1|Miraidon|\n|poke|p1|Flutter Mane|\n|poke|p2|Greninja-*, M|\n|poke|p2|Annihilape, M|\n|poke|p2|Kingambit, M|\n|poke|p2|Dragonite, M|\n|poke|p2|Gholdengo|\n|poke|p2|Koraidon|\n|teampreview\n|inactive|Battle timer is ON: inactive players will automatically lose when time's up. (requested by Udon2cold)\n|\n|t:|1698236866\n|start\n|switch|p1a: Moonblast|Ribombee, M, shiny|100\/100\n|switch|p2a: Howtotrainurdragon|Dragonite, M|100\/100\n|turn|1\n|\n|t:|1698236871\n|move|p1a: Moonblast|Sticky Web|p2a: Howtotrainurdragon\n|-sidestart|p2: Udon2cold|move: Sticky Web\n|move|p2a: Howtotrainurdragon|Fire Punch|p1a: Moonblast\n|-supereffective|p1a: Moonblast\n|-enditem|p1a: Moonblast|Focus Sash\n|-damage|p1a: Moonblast|1\/100\n|\n|upkeep\n|turn|2\n|\n|t:|1698236878\n|move|p2a: Howtotrainurdragon|Extreme Speed|p1a: Moonblast\n|-damage|p1a: Moonblast|0 fnt\n|faint|p1a: Moonblast\n|\n|upkeep\n|\n|t:|1698236883\n|switch|p1a: Big Boy|Iron Hands, shiny|100\/100\n|turn|3\n|\n|t:|1698236889\n|move|p1a: Big Boy|Fake Out|p2a: Howtotrainurdragon\n|-damage|p2a: Howtotrainurdragon|91\/100\n|cant|p2a: Howtotrainurdragon|flinch\n|\n|upkeep\n|turn|4\n|\n|t:|1698236893\n|move|p2a: Howtotrainurdragon|Fire Punch|p1a: Big Boy\n|-damage|p1a: Big Boy|83\/100\n|-status|p1a: Big Boy|brn\n|move|p1a: Big Boy|Wild Charge|p2a: Howtotrainurdragon\n|-damage|p2a: Howtotrainurdragon|63\/100\n|-damage|p1a: Big Boy|78\/100 brn|[from] Recoil\n|\n|-damage|p1a: Big Boy|72\/100 brn|[from] brn\n|upkeep\n|turn|5\n|\n|t:|1698236899\n|move|p2a: Howtotrainurdragon|Outrage|p1a: Big Boy\n|-damage|p1a: Big Boy|33\/100 brn\n|move|p1a: Big Boy|Wild Charge|p2a: Howtotrainurdragon\n|-damage|p2a: Howtotrainurdragon|34\/100\n|-damage|p1a: Big Boy|28\/100 brn|[from] Recoil\n|\n|-damage|p1a: Big Boy|22\/100 brn|[from] brn\n|upkeep\n|turn|6\n|\n|t:|1698236902\n|move|p2a: Howtotrainurdragon|Outrage|p1a: Big Boy|[from]lockedmove\n|-damage|p1a: Big Boy|0 fnt\n|faint|p1a: Big Boy\n|-end|p1a: Big Boy|Quark Drive|[silent]\n|\n|upkeep\n|\n|t:|1698236906\n|switch|p1a: Ice Cat|Chien-Pao|100\/100\n|-ability|p1a: Ice Cat|Sword of Ruin\n|turn|7\n|\n|t:|1698236910\n|move|p1a: Ice Cat|Ice Spinner|p2a: Howtotrainurdragon\n|-supereffective|p2a: Howtotrainurdragon\n|-damage|p2a: Howtotrainurdragon|0 fnt\n|faint|p2a: Howtotrainurdragon\n|-damage|p1a: Ice Cat|91\/100|[from] item: Life Orb\n|\n|upkeep\n|\n|t:|1698236915\n|switch|p2a: Fraudulent bike|Koraidon|100\/100\n|-activate|p2a: Fraudulent bike|move: Sticky Web\n|-unboost|p2a: Fraudulent bike|spe|1\n|-weather|SunnyDay|[from] ability: Orichalcum Pulse|[of] p2a: Fraudulent bike\n|-activate|p2a: Fraudulent bike|Orichalcum Pulse|[source]\n|turn|8\n|\n|t:|1698236927\n|-terastallize|p1a: Ice Cat|Flying\n|move|p1a: Ice Cat|Ice Spinner|p2a: Fraudulent bike\n|-supereffective|p2a: Fraudulent bike\n|-damage|p2a: Fraudulent bike|0 fnt\n|faint|p2a: Fraudulent bike\n|-damage|p1a: Ice Cat|81\/100|[from] item: Life Orb\n|\n|-weather|SunnyDay|[upkeep]\n|upkeep\n|\n|t:|1698236934\n|switch|p2a: Vex yute|Annihilape, M|100\/100\n|-activate|p2a: Vex yute|move: Sticky Web\n|-unboost|p2a: Vex yute|spe|1\n|turn|9\n|\n|t:|1698236938\n|move|p1a: Ice Cat|Swords Dance|p1a: Ice Cat\n|-boost|p1a: Ice Cat|atk|2\n|move|p2a: Vex yute|Thunder Punch|p1a: Ice Cat\n|-supereffective|p1a: Ice Cat\n|-damage|p1a: Ice Cat|23\/100\n|\n|-weather|SunnyDay|[upkeep]\n|upkeep\n|turn|10\n|\n|t:|1698236942\n|move|p1a: Ice Cat|Sucker Punch|p2a: Vex yute\n|-damage|p2a: Vex yute|0 fnt\n|faint|p2a: Vex yute\n|-damage|p1a: Ice Cat|13\/100|[from] item: Life Orb\n|\n|-weather|SunnyDay|[upkeep]\n|upkeep\n|\n|t:|1698236946\n|switch|p2a: Kakashi|Greninja, M|100\/100\n|-activate|p2a: Kakashi|move: Sticky Web\n|-unboost|p2a: Kakashi|spe|1\n|turn|11\n|\n|t:|1698236949\n|move|p1a: Ice Cat|Sacred Sword|p2a: Kakashi\n|-supereffective|p2a: Kakashi\n|-damage|p2a: Kakashi|0 fnt\n|faint|p2a: Kakashi\n|-damage|p1a: Ice Cat|3\/100|[from] item: Life Orb\n|\n|-weather|SunnyDay|[upkeep]\n|upkeep\n|\n|t:|1698236955\n|switch|p2a: BOMBOCLAAT|Gholdengo|100\/100\n|-activate|p2a: BOMBOCLAAT|move: Sticky Web\n|-unboost|p2a: BOMBOCLAAT|spe|1\n|turn|12\n|\n|t:|1698236969\n|-terastallize|p2a: BOMBOCLAAT|Steel\n|move|p1a: Ice Cat|Sucker Punch||[still]\n|-fail|p1a: Ice Cat\n|move|p2a: BOMBOCLAAT|Trick|p1a: Ice Cat\n|-activate|p2a: BOMBOCLAAT|move: Trick|[of] p1a: Ice Cat\n|-item|p1a: Ice Cat|Choice Scarf|[from] move: Trick\n|-item|p2a: BOMBOCLAAT|Life Orb|[from] move: Trick\n|\n|-weather|none\n|upkeep\n|turn|13\n|\n|t:|1698236982\n|move|p1a: Ice Cat|Ice Spinner|p2a: BOMBOCLAAT\n|-resisted|p2a: BOMBOCLAAT\n|-damage|p2a: BOMBOCLAAT|41\/100\n|move|p2a: BOMBOCLAAT|Shadow Ball|p1a: Ice Cat\n|-damage|p1a: Ice Cat|0 fnt\n|faint|p1a: Ice Cat\n|-damage|p2a: BOMBOCLAAT|31\/100|[from] item: Life Orb\n|\n|upkeep\n|\n|t:|1698236994\n|switch|p1a: Cyber Lizard|Miraidon|100\/100\n|-fieldstart|move: Electric Terrain|[from] ability: Hadron Engine|[of] p1a: Cyber Lizard\n|-item|p1a: Cyber Lizard|Air Balloon\n|turn|14\n|\n|t:|1698237003\n|move|p1a: Cyber Lizard|Electro Drift|p2a: BOMBOCLAAT\n|-damage|p2a: BOMBOCLAAT|0 fnt\n|faint|p2a: BOMBOCLAAT\n|\n|upkeep\n|\n|t:|1698237005\n|switch|p2a: Clutch|Kingambit, M|100\/100\n|-activate|p2a: Clutch|move: Sticky Web\n|-unboost|p2a: Clutch|spe|1\n|-activate|p2a: Clutch|ability: Supreme Overlord\n|-start|p2a: Clutch|fallen5|[silent]\n|turn|15\n|\n|t:|1698237011\n|move|p1a: Cyber Lizard|Electro Drift|p2a: Clutch\n|-damage|p2a: Clutch|52\/100\n|move|p2a: Clutch|Kowtow Cleave|p1a: Cyber Lizard\n|-damage|p1a: Cyber Lizard|23\/100\n|-enditem|p1a: Cyber Lizard|Air Balloon\n|\n|upkeep\n|turn|16\n|\n|t:|1698237015\n|move|p1a: Cyber Lizard|Electro Drift|p2a: Clutch\n|-damage|p2a: Clutch|0 fnt\n|faint|p2a: Clutch\n|-end|p2a: Clutch|fallen5|[silent]\n|\n|win|Anne Frankkkk\n|raw|Anne Frankkkk's rating: 1151 &rarr; <strong>1175<\/strong><br \/>(+24 for winning)\n|raw|Udon2cold's rating: 1135 &rarr; <strong>1111<\/strong><br \/>(-24 for losing)\n","uploadtime":1698237022,"views":7,"p1id":"annefrankkkk","p2id":"udon2cold","formatid":"gen9ubers","rating":1111,"private":0,"password":""}