{"id":"gen9ubers-1973038719","p1":"xurumelas as vezes","p2":"TheTurtwigWrangler","format":"[Gen 9] Ubers","log":"|j|\u2606xurumelas as vezes\n|j|\u2606TheTurtwigWrangler\n|t:|1697921049\n|gametype|singles\n|player|p1|xurumelas as vezes|265|1056\n|player|p2|TheTurtwigWrangler|acetrainersnowf|1093\n|teamsize|p1|6\n|teamsize|p2|6\n|gen|9\n|tier|[Gen 9] Ubers\n|rated|\n|rule|Sleep Clause Mod: Limit one foe put to sleep\n|rule|Species Clause: Limit one of each Pok\u00e9mon\n|rule|OHKO Clause: OHKO moves are banned\n|rule|Evasion Items Clause: Evasion items are banned\n|rule|Evasion Moves Clause: Evasion moves are banned\n|rule|Endless Battle Clause: Forcing endless battles is banned\n|rule|HP Percentage Mod: HP is shown in percentages\n|clearpoke\n|poke|p1|Dragonite, M|\n|poke|p1|Kingambit, M|\n|poke|p1|Garchomp, M|\n|poke|p1|Chi-Yu|\n|poke|p1|Espathra, F|\n|poke|p1|Gholdengo|\n|poke|p2|Empoleon, F|\n|poke|p2|Baxcalibur, M|\n|poke|p2|Ninetales-Alola, F|\n|poke|p2|Cetitan, M|\n|poke|p2|Weavile, F|\n|poke|p2|Froslass, F|\n|teampreview\n|c|\u2606TheTurtwigWrangler|yooo\n|\n|t:|1697921055\n|start\n|switch|p1a: Dragonite|Dragonite, M|100\/100\n|switch|p2a: Froslass|Froslass, F|100\/100\n|turn|1\n|inactive|Battle timer is ON: inactive players will automatically lose when time's up. (requested by xurumelas as vezes)\n|\n|t:|1697921072\n|switch|p1a: Gholdengo|Gholdengo|100\/100\n|-item|p1a: Gholdengo|Air Balloon\n|move|p2a: Froslass|Thunder Wave|p1a: Gholdengo\n|-immune|p1a: Gholdengo|[from] ability: Good as Gold\n|\n|upkeep\n|turn|2\n|\n|t:|1697921082\n|move|p2a: Froslass|Spikes|p1a: Gholdengo\n|-sidestart|p1: xurumelas as vezes|Spikes\n|move|p1a: Gholdengo|Nasty Plot|p1a: Gholdengo\n|-boost|p1a: Gholdengo|spa|2\n|\n|upkeep\n|turn|3\n|\n|t:|1697921096\n|move|p2a: Froslass|Spikes|p1a: Gholdengo\n|-sidestart|p1: xurumelas as vezes|Spikes\n|move|p1a: Gholdengo|Shadow Ball|p2a: Froslass\n|-supereffective|p2a: Froslass\n|-enditem|p2a: Froslass|Focus Sash\n|-damage|p2a: Froslass|1\/100\n|-start|p1a: Gholdengo|Disable|Shadow Ball|[from] ability: Cursed Body|[of] p2a: Froslass\n|\n|upkeep\n|turn|4\n|\n|t:|1697921105\n|-terastallize|p1a: Gholdengo|Flying\n|move|p2a: Froslass|Destiny Bond|p2a: Froslass\n|-singlemove|p2a: Froslass|Destiny Bond\n|move|p1a: Gholdengo|Make It Rain|p2a: Froslass\n|-supereffective|p2a: Froslass\n|-damage|p2a: Froslass|0 fnt\n|-unboost|p1a: Gholdengo|spa|1\n|faint|p2a: Froslass\n|-activate|p2a: Froslass|move: Destiny Bond\n|faint|p1a: Gholdengo\n|\n|upkeep\n|\n|t:|1697921123\n|switch|p2a: Ninetales|Ninetales-Alola, F|100\/100\n|switch|p1a: Dragonite|Dragonite, M|100\/100\n|-weather|Snow|[from] ability: Snow Warning|[of] p2a: Ninetales\n|turn|5\n|\n|t:|1697921134\n|switch|p1a: Chi-Yu|Chi-Yu|100\/100\n|-damage|p1a: Chi-Yu|84\/100|[from] Spikes\n|-ability|p1a: Chi-Yu|Beads of Ruin\n|move|p2a: Ninetales|Aurora Veil|p2a: Ninetales\n|-sidestart|p2: TheTurtwigWrangler|move: Aurora Veil\n|\n|-weather|Snow|[upkeep]\n|upkeep\n|turn|6\n|\n|t:|1697921142\n|move|p1a: Chi-Yu|Flamethrower|p2a: Ninetales\n|-supereffective|p2a: Ninetales\n|-damage|p2a: Ninetales|19\/100\n|move|p2a: Ninetales|Moonblast|p1a: Chi-Yu\n|-damage|p1a: Chi-Yu|45\/100\n|\n|-weather|Snow|[upkeep]\n|upkeep\n|turn|7\n|\n|t:|1697921154\n|move|p1a: Chi-Yu|Flamethrower|p2a: Ninetales\n|-supereffective|p2a: Ninetales\n|-damage|p2a: Ninetales|0 fnt\n|faint|p2a: Ninetales\n|\n|-weather|Snow|[upkeep]\n|upkeep\n|\n|t:|1697921170\n|switch|p2a: Baxcalibur|Baxcalibur, M|100\/100\n|turn|8\n|\n|t:|1697921177\n|move|p1a: Chi-Yu|Flamethrower|p2a: Baxcalibur\n|-damage|p2a: Baxcalibur|66\/100\n|-ability|p2a: Baxcalibur|Thermal Exchange|boost\n|-boost|p2a: Baxcalibur|atk|1\n|move|p2a: Baxcalibur|Scale Shot|p1a: Chi-Yu\n|-damage|p1a: Chi-Yu|8\/100\n|-damage|p1a: Chi-Yu|0 fnt\n|faint|p1a: Chi-Yu\n|-hitcount|p1: Chi-Yu|2\n|-unboost|p2a: Baxcalibur|def|1\n|-boost|p2a: Baxcalibur|spe|1\n|\n|-weather|Snow|[upkeep]\n|upkeep\n|\n|t:|1697921186\n|switch|p1a: Kingambit|Kingambit, M|100\/100\n|-damage|p1a: Kingambit|84\/100|[from] Spikes\n|turn|9\n|\n|t:|1697921194\n|move|p2a: Baxcalibur|Earthquake|p1a: Kingambit\n|-supereffective|p1a: Kingambit\n|-damage|p1a: Kingambit|7\/100\n|move|p1a: Kingambit|Swords Dance|p1a: Kingambit\n|-boost|p1a: Kingambit|atk|2\n|\n|-weather|none\n|upkeep\n|turn|10\n|\n|t:|1697921208\n|move|p2a: Baxcalibur|Earthquake|p1a: Kingambit\n|-supereffective|p1a: Kingambit\n|-damage|p1a: Kingambit|0 fnt\n|faint|p1a: Kingambit\n|\n|upkeep\n|\n|t:|1697921215\n|switch|p1a: Espathra|Espathra, F|100\/100\n|turn|11\n|\n|t:|1697921225\n|move|p2a: Baxcalibur|Swords Dance|p2a: Baxcalibur\n|-boost|p2a: Baxcalibur|atk|2\n|move|p1a: Espathra|Calm Mind|p1a: Espathra\n|-boost|p1a: Espathra|spa|1\n|-boost|p1a: Espathra|spd|1\n|\n|-ability|p1a: Espathra|Speed Boost|boost\n|-boost|p1a: Espathra|spe|1\n|upkeep\n|turn|12\n|\n|t:|1697921232\n|move|p2a: Baxcalibur|Scale Shot|p1a: Espathra|[miss]\n|-miss|p2a: Baxcalibur|p1a: Espathra\n|move|p1a: Espathra|Dazzling Gleam|p2a: Baxcalibur\n|-supereffective|p2a: Baxcalibur\n|-damage|p2a: Baxcalibur|36\/100\n|\n|-sideend|p2: TheTurtwigWrangler|move: Aurora Veil\n|-ability|p1a: Espathra|Speed Boost|boost\n|-boost|p1a: Espathra|spe|1\n|upkeep\n|turn|13\n|\n|t:|1697921238\n|move|p1a: Espathra|Dazzling Gleam|p2a: Baxcalibur\n|-supereffective|p2a: Baxcalibur\n|-damage|p2a: Baxcalibur|0 fnt\n|faint|p2a: Baxcalibur\n|\n|-ability|p1a: Espathra|Speed Boost|boost\n|-boost|p1a: Espathra|spe|1\n|upkeep\n|\n|t:|1697921247\n|switch|p2a: Weavile|Weavile, F|100\/100\n|-ability|p2a: Weavile|Pressure\n|turn|14\n|\n|t:|1697921256\n|move|p1a: Espathra|Dazzling Gleam|p2a: Weavile\n|-supereffective|p2a: Weavile\n|-damage|p2a: Weavile|21\/100\n|move|p2a: Weavile|Knock Off|p1a: Espathra\n|-supereffective|p1a: Espathra\n|-damage|p1a: Espathra|0 fnt\n|-enditem|p1a: Espathra|Heavy-Duty Boots|[from] move: Knock Off|[of] p2a: Weavile\n|faint|p1a: Espathra\n|\n|upkeep\n|\n|t:|1697921264\n|switch|p1a: Garchomp|Garchomp, M|100\/100\n|-damage|p1a: Garchomp|84\/100|[from] Spikes\n|turn|15\n|\n|t:|1697921269\n|move|p2a: Weavile|Knock Off|p1a: Garchomp\n|-damage|p1a: Garchomp|46\/100\n|-damage|p2a: Weavile|9\/100|[from] ability: Rough Skin|[of] p1a: Garchomp\n|-damage|p2a: Weavile|0 fnt|[from] item: Rocky Helmet|[of] p1a: Garchomp\n|faint|p2a: Weavile\n|move|p1a: Garchomp|Dragon Tail|p2: Weavile|[notarget]\n|-fail|p1a: Garchomp\n|\n|upkeep\n|\n|t:|1697921280\n|switch|p2a: Cetitan|Cetitan, M|100\/100\n|turn|16\n|\n|t:|1697921283\n|move|p1a: Garchomp|Earthquake|p2a: Cetitan\n|-damage|p2a: Cetitan|57\/100\n|move|p2a: Cetitan|Belly Drum|p2a: Cetitan\n|-damage|p2a: Cetitan|7\/100\n|-setboost|p2a: Cetitan|atk|6|[from] move: Belly Drum\n|-enditem|p2a: Cetitan|Sitrus Berry|[eat]\n|-heal|p2a: Cetitan|32\/100|[from] item: Sitrus Berry\n|\n|upkeep\n|turn|17\n|\n|t:|1697921296\n|move|p2a: Cetitan|Ice Shard|p1a: Garchomp\n|-supereffective|p1a: Garchomp\n|-damage|p1a: Garchomp|0 fnt\n|faint|p1a: Garchomp\n|\n|upkeep\n|\n|t:|1697921300\n|switch|p1a: Dragonite|Dragonite, M|100\/100\n|turn|18\n|\n|t:|1697921306\n|move|p1a: Dragonite|Extreme Speed|p2a: Cetitan\n|-damage|p2a: Cetitan|3\/100\n|move|p2a: Cetitan|Ice Shard|p1a: Dragonite\n|-supereffective|p1a: Dragonite\n|-damage|p1a: Dragonite|0 fnt\n|faint|p1a: Dragonite\n|\n|win|TheTurtwigWrangler\n|raw|xurumelas as vezes's rating: 1056 &rarr; <strong>1040<\/strong><br \/>(-16 for losing)\n|raw|TheTurtwigWrangler's rating: 1093 &rarr; <strong>1116<\/strong><br \/>(+23 for winning)\n|l|\u2606xurumelas as vezes\n","uploadtime":1697921321,"views":14,"p1id":"xurumelasasvezes","p2id":"theturtwigwrangler","formatid":"gen9ubers","rating":1040,"private":0,"password":""}