{"id":"gen9ubers-1968245808","p1":"XpokVEVO","p2":"Hakurei Aquarius","format":"[Gen 9] Ubers","log":"|j|\u2606XpokVEVO\n|j|\u2606Hakurei Aquarius\n|t:|1697398580\n|gametype|singles\n|player|p1|XpokVEVO|marshal|\n|player|p2|Hakurei Aquarius|gloria|\n|teamsize|p1|6\n|teamsize|p2|6\n|gen|9\n|tier|[Gen 9] Ubers\n|rule|Sleep Clause Mod: Limit one foe put to sleep\n|rule|Species Clause: Limit one of each Pok\u00e9mon\n|rule|OHKO Clause: OHKO moves are banned\n|rule|Evasion Items Clause: Evasion items are banned\n|rule|Evasion Moves Clause: Evasion moves are banned\n|rule|Endless Battle Clause: Forcing endless battles is banned\n|rule|HP Percentage Mod: HP is shown in percentages\n|clearpoke\n|poke|p1|Arceus-Fire|\n|poke|p1|Shaymin-Sky|\n|poke|p1|Palkia-Origin|\n|poke|p1|Cyclizar, F|\n|poke|p1|Espathra, F|\n|poke|p1|Magearna|\n|poke|p2|Magearna|\n|poke|p2|Garchomp, F|\n|poke|p2|Chi-Yu|\n|poke|p2|Palkia-Origin|\n|poke|p2|Donphan, F|\n|poke|p2|Ogerpon-Wellspring, F|\n|teampreview\n|inactive|Battle timer is ON: inactive players will automatically lose when time's up. (requested by Hakurei Aquarius)\n|\n|t:|1697398601\n|start\n|switch|p1a: Cyclizar|Cyclizar, F|100\/100\n|switch|p2a: Palkia|Palkia-Origin|100\/100\n|-ability|p2a: Palkia|Pressure\n|turn|1\n|\n|t:|1697398607\n|move|p1a: Cyclizar|Shed Tail|p1a: Cyclizar\n|-start|p1a: Cyclizar|Substitute|[from] move: Shed Tail\n|-damage|p1a: Cyclizar|50\/100\n|\n|t:|1697398611\n|switch|p1a: Magearna|Magearna|100\/100|[from] Shed Tail\n|move|p2a: Palkia|Spacial Rend|p1a: Magearna\n|-immune|p1a: Magearna\n|\n|upkeep\n|turn|2\n|\n|t:|1697398616\n|move|p2a: Palkia|Hydro Pump|p1a: Magearna\n|-end|p1a: Magearna|Substitute\n|move|p1a: Magearna|Shift Gear|p1a: Magearna\n|-boost|p1a: Magearna|spe|2\n|-boost|p1a: Magearna|atk|1\n|\n|upkeep\n|turn|3\n|\n|t:|1697398628\n|switch|p2a: Magearna|Magearna|100\/100\n|move|p1a: Magearna|Draining Kiss|p2a: Magearna\n|-resisted|p2a: Magearna\n|-damage|p2a: Magearna|86\/100\n|-damage|p1a: Magearna|91\/100|[from] item: Life Orb\n|\n|-heal|p2a: Magearna|92\/100|[from] item: Leftovers\n|upkeep\n|turn|4\n|\n|t:|1697398633\n|move|p1a: Magearna|Flash Cannon|p2a: Magearna\n|-damage|p2a: Magearna|39\/100\n|-damage|p1a: Magearna|81\/100|[from] item: Life Orb\n|move|p2a: Magearna|Spikes|p1a: Magearna\n|-sidestart|p1: XpokVEVO|Spikes\n|\n|-heal|p2a: Magearna|45\/100|[from] item: Leftovers\n|upkeep\n|turn|5\n|\n|t:|1697398636\n|move|p1a: Magearna|Flash Cannon|p2a: Magearna\n|-damage|p2a: Magearna|0 fnt\n|faint|p2a: Magearna\n|-ability|p1a: Magearna|Soul-Heart|boost\n|-boost|p1a: Magearna|spa|1\n|-damage|p1a: Magearna|71\/100|[from] item: Life Orb\n|\n|upkeep\n|\n|t:|1697398639\n|switch|p2a: Chi-Yu|Chi-Yu|100\/100\n|-ability|p2a: Chi-Yu|Beads of Ruin\n|turn|6\n|\n|t:|1697398643\n|-terastallize|p1a: Magearna|Fairy\n|move|p2a: Chi-Yu|Flamethrower|p1a: Magearna\n|-damage|p1a: Magearna|6\/100\n|move|p1a: Magearna|Fleur Cannon|p2a: Chi-Yu\n|-damage|p2a: Chi-Yu|0 fnt\n|-unboost|p1a: Magearna|spa|2\n|faint|p2a: Chi-Yu\n|-ability|p1a: Magearna|Soul-Heart|boost\n|-boost|p1a: Magearna|spa|1\n|-damage|p1a: Magearna|0 fnt|[from] item: Life Orb\n|faint|p1a: Magearna\n|\n|upkeep\n|\n|t:|1697398653\n|switch|p2a: Garchomp|Garchomp, F|100\/100\n|switch|p1a: Cyclizar|Cyclizar, F|84\/100\n|-damage|p1a: Cyclizar|71\/100|[from] Spikes\n|turn|7\n|\n|t:|1697398661\n|move|p1a: Cyclizar|Shed Tail|p1a: Cyclizar\n|-start|p1a: Cyclizar|Substitute|[from] move: Shed Tail\n|-damage|p1a: Cyclizar|21\/100\n|-enditem|p1a: Cyclizar|Aguav Berry|[eat]\n|-heal|p1a: Cyclizar|54\/100|[from] item: Aguav Berry\n|inactive|XpokVEVO has 270 seconds left.\n|c|\u2606XpokVEVO|Bruh\n|c|\u2606XpokVEVO|What do i do\n|c|\u2606XpokVEVO|Ive alreafy lost\n|c|\u2606Hakurei Aquarius|Lol\n|inactive|XpokVEVO has 240 seconds left.\n|c|\u2606Hakurei Aquarius|Just get lucky\n|\n|t:|1697398732\n|switch|p1a: Espathra|Espathra, F|100\/100|[from] Shed Tail\n|-damage|p1a: Espathra|88\/100|[from] Spikes\n|move|p2a: Garchomp|Scale Shot|p1a: Espathra\n|-activate|p1a: Espathra|move: Substitute|[damage]\n|-end|p1a: Espathra|Substitute\n|-damage|p1a: Espathra|68\/100\n|-damage|p1a: Espathra|46\/100\n|-damage|p1a: Espathra|25\/100\n|-hitcount|p1a: Espathra|5\n|-unboost|p2a: Garchomp|def|1\n|-boost|p2a: Garchomp|spe|1\n|\n|upkeep\n|turn|8\n|c|\u2606Hakurei Aquarius|90% accuracy\n|\n|t:|1697398739\n|move|p1a: Espathra|Protect|p1a: Espathra\n|-singleturn|p1a: Espathra|Protect\n|move|p2a: Garchomp|Swords Dance|p2a: Garchomp\n|-boost|p2a: Garchomp|atk|2\n|\n|-ability|p1a: Espathra|Speed Boost|boost\n|-boost|p1a: Espathra|spe|1\n|upkeep\n|turn|9\n|\n|t:|1697398744\n|move|p1a: Espathra|Protect||[still]\n|-fail|p1a: Espathra\n|move|p2a: Garchomp|Earthquake|p1a: Espathra\n|-damage|p1a: Espathra|0 fnt\n|faint|p1a: Espathra\n|\n|upkeep\n|inactive|XpokVEVO has 240 seconds left.\n|\n|t:|1697398755\n|switch|p1a: Shaymin|Shaymin-Sky, shiny|100\/100\n|turn|10\n|c|\u2606Hakurei Aquarius|Seems like lady luck isn\u2019t so forgiving today\n|\n|t:|1697398763\n|move|p2a: Garchomp|Scale Shot|p1a: Shaymin\n|-damage|p1a: Shaymin|67\/100\n|-damage|p1a: Shaymin|34\/100\n|-damage|p1a: Shaymin|0 fnt\n|faint|p1a: Shaymin\n|-hitcount|p1: Shaymin|3\n|-unboost|p2a: Garchomp|def|1\n|-boost|p2a: Garchomp|spe|1\n|\n|upkeep\n|\n|t:|1697398771\n|switch|p1a: Palkia|Palkia-Origin|100\/100\n|-damage|p1a: Palkia|88\/100|[from] Spikes\n|-ability|p1a: Palkia|Pressure\n|turn|11\n|\n|t:|1697398773\n|move|p2a: Garchomp|Scale Shot|p1a: Palkia\n|-supereffective|p1a: Palkia\n|-damage|p1a: Palkia|32\/100\n|-supereffective|p1a: Palkia\n|-damage|p1a: Palkia|0 fnt\n|faint|p1a: Palkia\n|-hitcount|p1: Palkia|2\n|-unboost|p2a: Garchomp|def|1\n|-boost|p2a: Garchomp|spe|1\n|\n|upkeep\n|\n|t:|1697398775\n|switch|p1a: Arceus-Fight\u0131ng|Arceus-Fire, shiny|100\/100\n|-damage|p1a: Arceus-Fight\u0131ng|88\/100|[from] Spikes\n|turn|12\n|c|\u2606XpokVEVO|Re\n|inactive|XpokVEVO has 270 seconds left.\n|c|\u2606XpokVEVO|I need to find a way to kill that thing\n|c|\u2606XpokVEVO|Fucking uu mon\n|-message|XpokVEVO forfeited.\n|\n|win|Hakurei Aquarius\n|c|\u2606Hakurei Aquarius|Uubl\n|l|\u2606XpokVEVO\n|c|\u2606Hakurei Aquarius|it was banned for a reason\n","uploadtime":1697398804,"views":27,"p1id":"xpokvevo","p2id":"hakureiaquarius","formatid":"gen9ubers","rating":0,"private":0,"password":""}