{"id":"gen9ubers-1997849496","p1":"PokePrimer","p2":"Darcia","format":"[Gen 9] Ubers","log":"|j|\u2606PokePrimer\n|j|\u2606Darcia\n|t:|1700859492\n|gametype|singles\n|player|p1|PokePrimer|hoopster|\n|player|p2|Darcia|n-masters|\n|teamsize|p1|6\n|teamsize|p2|6\n|gen|9\n|tier|[Gen 9] Ubers\n|rule|Sleep Clause Mod: Limit one foe put to sleep\n|rule|Species Clause: Limit one of each Pok\u00e9mon\n|rule|OHKO Clause: OHKO moves are banned\n|rule|Evasion Items Clause: Evasion items are banned\n|rule|Evasion Moves Clause: Evasion moves are banned\n|rule|Endless Battle Clause: Forcing endless battles is banned\n|rule|HP Percentage Mod: HP is shown in percentages\n|clearpoke\n|poke|p1|Chi-Yu|\n|poke|p1|Zapdos|\n|poke|p1|Ninetales-Alola, M|\n|poke|p1|Cyclizar, M|\n|poke|p1|Phione|\n|poke|p1|Weezing, M|\n|poke|p2|Zoroark-Hisui, M|\n|poke|p2|Ogerpon-Wellspring, F|\n|poke|p2|Great Tusk|\n|poke|p2|Ribombee, M|\n|poke|p2|Baxcalibur, M|\n|poke|p2|Grimmsnarl, M|\n|teampreview\n|c|\u2606PokePrimer|gl hf\n|\n|t:|1700859532\n|start\n|switch|p1a: Hunder Bird|Zapdos|100\/100\n|switch|p2a: Titania|Ribombee, M|100\/100\n|turn|1\n|\n|t:|1700859544\n|switch|p2a: Behemoth|Great Tusk|100\/100\n|move|p1a: Hunder Bird|Hurricane|p2a: Behemoth\n|-supereffective|p2a: Behemoth\n|-damage|p2a: Behemoth|0 fnt\n|faint|p2a: Behemoth\n|-end|p2a: Behemoth|Protosynthesis|[silent]\n|\n|upkeep\n|\n|t:|1700859555\n|switch|p2a: Titania|Ribombee, M|100\/100\n|turn|2\n|\n|t:|1700859569\n|move|p2a: Titania|Sticky Web|p1a: Hunder Bird\n|-sidestart|p1: PokePrimer|move: Sticky Web\n|move|p1a: Hunder Bird|Discharge|p2a: Titania\n|-damage|p2a: Titania|45\/100\n|\n|upkeep\n|turn|3\n|\n|t:|1700859582\n|move|p2a: Titania|Moonblast|p1a: Hunder Bird\n|-damage|p1a: Hunder Bird|64\/100\n|move|p1a: Hunder Bird|Discharge|p2a: Titania\n|-damage|p2a: Titania|0 fnt\n|faint|p2a: Titania\n|\n|upkeep\n|\n|t:|1700859597\n|switch|p2a: Godzilla|Baxcalibur, M|100\/100\n|turn|4\n|\n|t:|1700859603\n|move|p1a: Hunder Bird|U-turn|p2a: Godzilla\n|-damage|p2a: Godzilla|87\/100\n|\n|t:|1700859619\n|switch|p1a: Cloudian|Weezing, M|100\/100|[from] U-turn\n|move|p2a: Godzilla|Icicle Spear|p1a: Cloudian\n|-damage|p1a: Cloudian|92\/100\n|-damage|p1a: Cloudian|83\/100\n|-damage|p1a: Cloudian|74\/100\n|-damage|p1a: Cloudian|65\/100\n|-hitcount|p1a: Cloudian|4\n|\n|-heal|p1a: Cloudian|71\/100|[from] item: Black Sludge\n|upkeep\n|turn|5\n|\n|t:|1700859638\n|move|p2a: Godzilla|Swords Dance|p2a: Godzilla\n|-boost|p2a: Godzilla|atk|2\n|move|p1a: Cloudian|Toxic|p2a: Godzilla\n|-status|p2a: Godzilla|tox\n|\n|-heal|p1a: Cloudian|77\/100|[from] item: Black Sludge\n|-damage|p2a: Godzilla|81\/100 tox|[from] psn\n|upkeep\n|turn|6\n|\n|t:|1700859647\n|move|p2a: Godzilla|Icicle Spear|p1a: Cloudian\n|-damage|p1a: Cloudian|58\/100\n|-damage|p1a: Cloudian|39\/100\n|-damage|p1a: Cloudian|21\/100\n|-damage|p1a: Cloudian|4\/100\n|-hitcount|p1a: Cloudian|4\n|move|p1a: Cloudian|Clear Smog|p2a: Godzilla\n|-damage|p2a: Godzilla|64\/100 tox\n|-clearboost|p2a: Godzilla\n|\n|-heal|p1a: Cloudian|10\/100|[from] item: Black Sludge\n|-damage|p2a: Godzilla|52\/100 tox|[from] psn\n|upkeep\n|turn|7\n|\n|t:|1700859665\n|move|p2a: Godzilla|Scale Shot|p1a: Cloudian\n|-damage|p1a: Cloudian|1\/100\n|-damage|p1a: Cloudian|0 fnt\n|faint|p1a: Cloudian\n|-hitcount|p1: Cloudian|2\n|-unboost|p2a: Godzilla|def|1\n|-boost|p2a: Godzilla|spe|1\n|\n|-damage|p2a: Godzilla|33\/100 tox|[from] psn\n|upkeep\n|\n|t:|1700859683\n|switch|p1a: Aquaactress|Phione|100\/100\n|-activate|p1a: Aquaactress|move: Sticky Web\n|-unboost|p1a: Aquaactress|spe|1\n|turn|8\n|\n|t:|1700859694\n|switch|p2a: Katara|Ogerpon-Wellspring, F|100\/100\n|-terastallize|p1a: Aquaactress|Fairy\n|move|p1a: Aquaactress|Tera Blast|p2a: Katara|[anim] Tera Blast Fairy\n|-damage|p2a: Katara|74\/100\n|\n|upkeep\n|turn|9\n|\n|t:|1700859706\n|switch|p1a: Hunder Bird|Zapdos|64\/100\n|move|p2a: Katara|Horn Leech|p1a: Hunder Bird\n|-resisted|p1a: Hunder Bird\n|-damage|p1a: Hunder Bird|44\/100\n|-heal|p2a: Katara|87\/100|[from] drain|[of] p1a: Hunder Bird\n|-status|p2a: Katara|par|[from] ability: Static|[of] p1a: Hunder Bird\n|\n|upkeep\n|turn|10\n|\n|t:|1700859725\n|move|p1a: Hunder Bird|Roost|p1a: Hunder Bird\n|-heal|p1a: Hunder Bird|94\/100\n|-singleturn|p1a: Hunder Bird|move: Roost\n|move|p2a: Katara|Ivy Cudgel|p1a: Hunder Bird|[anim] Ivy Cudgel Water\n|-damage|p1a: Hunder Bird|36\/100\n|\n|upkeep\n|turn|11\n|\n|t:|1700859749\n|switch|p2a: Urien|Grimmsnarl, M|100\/100\n|move|p1a: Hunder Bird|Hurricane|p2a: Urien\n|-damage|p2a: Urien|69\/100\n|\n|upkeep\n|turn|12\n|\n|t:|1700859758\n|move|p2a: Urien|Taunt|p1a: Hunder Bird\n|-start|p1a: Hunder Bird|move: Taunt\n|cant|p1a: Hunder Bird|move: Taunt|Roost\n|\n|upkeep\n|turn|13\n|\n|t:|1700859768\n|move|p2a: Urien|Parting Shot|p1a: Hunder Bird\n|-unboost|p1a: Hunder Bird|atk|1\n|-unboost|p1a: Hunder Bird|spa|1\n|\n|t:|1700859773\n|switch|p2a: Katara|Ogerpon-Wellspring, F|100\/100|[from] Parting Shot\n|move|p1a: Hunder Bird|Discharge|p2a: Katara\n|-damage|p2a: Katara|53\/100\n|replace|p2a: Ace|Zoroark-Hisui, M\n|-end|p2a: Ace|Illusion\n|\n|upkeep\n|turn|14\n|\n|t:|1700859789\n|move|p2a: Ace|Hyper Voice|p1a: Hunder Bird\n|-damage|p1a: Hunder Bird|0 fnt\n|faint|p1a: Hunder Bird\n|\n|upkeep\n|\n|t:|1700859834\n|switch|p1a: Rokket|Cyclizar, M|100\/100\n|turn|15\n|\n|t:|1700859846\n|switch|p2a: Urien|Grimmsnarl, M|69\/100\n|move|p1a: Rokket|Knock Off|p2a: Urien\n|-resisted|p2a: Urien\n|-damage|p2a: Urien|61\/100\n|-enditem|p2a: Urien|Light Clay|[from] move: Knock Off|[of] p1a: Rokket\n|\n|upkeep\n|turn|16\n|\n|t:|1700859857\n|move|p2a: Urien|Thunder Wave|p1a: Rokket\n|-status|p1a: Rokket|par\n|move|p1a: Rokket|Rapid Spin|p2a: Urien\n|-damage|p2a: Urien|37\/100\n|-boost|p1a: Rokket|spe|1\n|-sideend|p1: PokePrimer|Sticky Web|[from] move: Rapid Spin|[of] p1a: Rokket\n|\n|upkeep\n|turn|17\n|\n|t:|1700859869\n|switch|p2a: Katara|Ogerpon-Wellspring, F|53\/100\n|move|p1a: Rokket|U-turn|p2a: Katara\n|-resisted|p2a: Katara\n|-damage|p2a: Katara|36\/100\n|replace|p2a: Ace|Zoroark-Hisui, M\n|-end|p2a: Ace|Illusion\n|\n|t:|1700859880\n|switch|p1a: Ice Barrier|Ninetales-Alola, M|100\/100|[from] U-turn\n|-weather|Snow|[from] ability: Snow Warning|[of] p1a: Ice Barrier\n|\n|-weather|Snow|[upkeep]\n|upkeep\n|turn|18\n|\n|t:|1700859897\n|move|p1a: Ice Barrier|Freeze-Dry|p2a: Ace\n|-damage|p2a: Ace|0 fnt\n|faint|p2a: Ace\n|\n|-weather|Snow|[upkeep]\n|upkeep\n|\n|t:|1700859908\n|switch|p2a: Urien|Grimmsnarl, M|37\/100\n|turn|19\n|\n|t:|1700859947\n|switch|p1a: Laval|Chi-Yu|100\/100\n|-ability|p1a: Laval|Beads of Ruin\n|switch|p2a: Katara|Ogerpon-Wellspring, F|87\/100 par\n|\n|-weather|Snow|[upkeep]\n|upkeep\n|turn|20\n|\n|t:|1700859980\n|switch|p1a: Rokket|Cyclizar, M|100\/100 par\n|move|p2a: Katara|Ivy Cudgel|p1a: Rokket|[anim] Ivy Cudgel Water\n|-resisted|p1a: Rokket\n|-damage|p1a: Rokket|57\/100 par\n|\n|-weather|Snow|[upkeep]\n|upkeep\n|turn|21\n|\n|t:|1700859998\n|move|p1a: Rokket|Dragon Claw|p2a: Katara\n|-damage|p2a: Katara|52\/100 par\n|move|p2a: Katara|Horn Leech|p1a: Rokket\n|-resisted|p1a: Rokket\n|-damage|p1a: Rokket|25\/100 par\n|-heal|p2a: Katara|71\/100 par|[from] drain|[of] p1a: Rokket\n|\n|-weather|none\n|upkeep\n|turn|22\n|\n|t:|1700860012\n|switch|p2a: Urien|Grimmsnarl, M|37\/100\n|move|p1a: Rokket|U-turn|p2a: Urien\n|-damage|p2a: Urien|18\/100\n|\n|t:|1700860017\n|switch|p1a: Laval|Chi-Yu|100\/100|[from] U-turn\n|-ability|p1a: Laval|Beads of Ruin\n|\n|upkeep\n|turn|23\n|\n|t:|1700860033\n|move|p2a: Urien|Reflect|p2a: Urien\n|-sidestart|p2: Darcia|Reflect\n|move|p1a: Laval|Flamethrower|p2a: Urien\n|-damage|p2a: Urien|0 fnt\n|faint|p2a: Urien\n|\n|upkeep\n|\n|t:|1700860039\n|switch|p2a: Katara|Ogerpon-Wellspring, F|71\/100 par\n|turn|24\n|\n|t:|1700860064\n|move|p1a: Laval|Flamethrower|p2a: Katara\n|-damage|p2a: Katara|0 fnt\n|faint|p2a: Katara\n|\n|upkeep\n|\n|t:|1700860069\n|switch|p2a: Godzilla|Baxcalibur, M|33\/100 tox\n|turn|25\n|\n|t:|1700860073\n|move|p1a: Laval|Flamethrower|p2a: Godzilla\n|-damage|p2a: Godzilla|0 fnt\n|faint|p2a: Godzilla\n|\n|win|PokePrimer\n|c|\u2606PokePrimer|gg\n","uploadtime":1700860082,"views":5,"p1id":"pokeprimer","p2id":"darcia","formatid":"gen9ubers","rating":0,"private":0,"password":""}