{"id":"gen9ubers-1975472314","p1":"Pokemon Master 801","p2":"Deriverse","format":"[Gen 9] Ubers","log":"|j|\u2606Pokemon Master 801\n|j|\u2606Deriverse\n|t:|1698195024\n|gametype|singles\n|player|p1|Pokemon Master 801|red|1246\n|player|p2|Deriverse|roxanne|1213\n|teamsize|p1|6\n|teamsize|p2|6\n|gen|9\n|tier|[Gen 9] Ubers\n|rated|\n|rule|Sleep Clause Mod: Limit one foe put to sleep\n|rule|Species Clause: Limit one of each Pok\u00e9mon\n|rule|OHKO Clause: OHKO moves are banned\n|rule|Evasion Items Clause: Evasion items are banned\n|rule|Evasion Moves Clause: Evasion moves are banned\n|rule|Endless Battle Clause: Forcing endless battles is banned\n|rule|HP Percentage Mod: HP is shown in percentages\n|clearpoke\n|poke|p1|Spidops, M|\n|poke|p1|Regieleki|\n|poke|p1|Greninja-*, M|\n|poke|p1|Arceus|\n|poke|p1|Basculegion, M|\n|poke|p1|Koraidon|\n|poke|p2|Shaymin-Sky|\n|poke|p2|Flutter Mane|\n|poke|p2|Groudon|\n|poke|p2|Palafin, M|\n|poke|p2|Ribombee, M|\n|poke|p2|Great Tusk|\n|teampreview\n|inactive|Battle timer is ON: inactive players will automatically lose when time's up. (requested by Pokemon Master 801)\n|\n|t:|1698195032\n|start\n|switch|p1a: Arceus|Arceus|100\/100\n|switch|p2a: Palafin|Palafin, M|100\/100\n|turn|1\n|\n|t:|1698195036\n|move|p1a: Arceus|Swords Dance|p1a: Arceus\n|-boost|p1a: Arceus|atk|2\n|move|p2a: Palafin|Flip Turn|p1a: Arceus\n|-damage|p1a: Arceus|84\/100\n|\n|t:|1698195050\n|detailschange|p2a: Palafin|Palafin-Hero, M\n|switch|p2a: Ribombee|Ribombee, M|100\/100|[from] Flip Turn\n|\n|upkeep\n|turn|2\n|\n|t:|1698195056\n|move|p1a: Arceus|Extreme Speed|p2a: Ribombee\n|-enditem|p2a: Ribombee|Focus Sash\n|-damage|p2a: Ribombee|1\/100\n|-damage|p1a: Arceus|74\/100|[from] item: Life Orb\n|move|p2a: Ribombee|Stun Spore|p1a: Arceus\n|-status|p1a: Arceus|par\n|\n|upkeep\n|turn|3\n|\n|t:|1698195068\n|switch|p2a: Great Tusk|Great Tusk|100\/100\n|move|p1a: Arceus|Extreme Speed|p2a: Great Tusk\n|-damage|p2a: Great Tusk|37\/100\n|-damage|p1a: Arceus|64\/100 par|[from] item: Life Orb\n|\n|upkeep\n|turn|4\n|\n|t:|1698195074\n|move|p1a: Arceus|Extreme Speed|p2a: Great Tusk\n|-damage|p2a: Great Tusk|0 fnt\n|faint|p2a: Great Tusk\n|-end|p2a: Great Tusk|Protosynthesis|[silent]\n|-damage|p1a: Arceus|54\/100 par|[from] item: Life Orb\n|\n|upkeep\n|\n|t:|1698195076\n|switch|p2a: Groudon|Groudon|100\/100\n|-weather|SunnyDay|[from] ability: Drought|[of] p2a: Groudon\n|turn|5\n|\n|t:|1698195078\n|move|p1a: Arceus|Extreme Speed|p2a: Groudon\n|-damage|p2a: Groudon|28\/100\n|-damage|p1a: Arceus|44\/100 par|[from] item: Life Orb\n|move|p2a: Groudon|Precipice Blades|p1a: Arceus\n|-damage|p1a: Arceus|0 fnt\n|faint|p1a: Arceus\n|\n|-weather|SunnyDay|[upkeep]\n|upkeep\n|\n|t:|1698195083\n|switch|p1a: Regieleki|Regieleki|100\/100\n|turn|6\n|\n|t:|1698195090\n|move|p1a: Regieleki|Explosion|p2a: Groudon\n|-damage|p2a: Groudon|0 fnt\n|faint|p1a: Regieleki\n|faint|p2a: Groudon\n|\n|-weather|SunnyDay|[upkeep]\n|upkeep\n|\n|t:|1698195096\n|switch|p1a: Spidops|Spidops, M|100\/100\n|switch|p2a: Flutter Mane|Flutter Mane|100\/100\n|-activate|p2a: Flutter Mane|ability: Protosynthesis\n|-start|p2a: Flutter Mane|protosynthesisspe\n|turn|7\n|\n|t:|1698195099\n|move|p2a: Flutter Mane|Substitute|p2a: Flutter Mane\n|-start|p2a: Flutter Mane|Substitute\n|-damage|p2a: Flutter Mane|76\/100\n|move|p1a: Spidops|Sticky Web|p2a: Flutter Mane\n|-sidestart|p2: Deriverse|move: Sticky Web\n|\n|-weather|SunnyDay|[upkeep]\n|-heal|p2a: Flutter Mane|82\/100|[from] item: Leftovers\n|upkeep\n|turn|8\n|\n|t:|1698195104\n|move|p2a: Flutter Mane|Calm Mind|p2a: Flutter Mane\n|-boost|p2a: Flutter Mane|spa|1\n|-boost|p2a: Flutter Mane|spd|1\n|move|p1a: Spidops|U-turn|p2a: Flutter Mane\n|-resisted|p2a: Flutter Mane\n|-activate|p2a: Flutter Mane|move: Substitute|[damage]\n|\n|t:|1698195110\n|switch|p1a: Greninja|Greninja, M|100\/100|[from] U-turn\n|\n|-weather|SunnyDay|[upkeep]\n|-heal|p2a: Flutter Mane|88\/100|[from] item: Leftovers\n|upkeep\n|turn|9\n|\n|t:|1698195114\n|move|p1a: Greninja|Shadow Sneak|p2a: Flutter Mane\n|-supereffective|p2a: Flutter Mane\n|-end|p2a: Flutter Mane|Substitute\n|-damage|p1a: Greninja|91\/100|[from] item: Life Orb\n|move|p2a: Flutter Mane|Moonblast|p1a: Greninja\n|-supereffective|p1a: Greninja\n|-damage|p1a: Greninja|0 fnt\n|faint|p1a: Greninja\n|\n|-weather|SunnyDay|[upkeep]\n|-heal|p2a: Flutter Mane|94\/100|[from] item: Leftovers\n|upkeep\n|\n|t:|1698195120\n|switch|p1a: Basculegion|Basculegion, M|100\/100\n|turn|10\n|\n|t:|1698195125\n|-terastallize|p1a: Basculegion|Ghost\n|move|p2a: Flutter Mane|Substitute|p2a: Flutter Mane\n|-start|p2a: Flutter Mane|Substitute\n|-damage|p2a: Flutter Mane|69\/100\n|move|p1a: Basculegion|Last Respects|p2a: Flutter Mane\n|-supereffective|p2a: Flutter Mane\n|-end|p2a: Flutter Mane|Substitute\n|\n|-weather|SunnyDay|[upkeep]\n|-heal|p2a: Flutter Mane|75\/100|[from] item: Leftovers\n|upkeep\n|turn|11\n|\n|t:|1698195134\n|-terastallize|p2a: Flutter Mane|Ghost\n|move|p2a: Flutter Mane|Shadow Ball|p1a: Basculegion\n|-supereffective|p1a: Basculegion\n|-damage|p1a: Basculegion|0 fnt\n|faint|p1a: Basculegion\n|\n|-weather|SunnyDay|[upkeep]\n|-heal|p2a: Flutter Mane|81\/100|[from] item: Leftovers\n|upkeep\n|\n|t:|1698195139\n|switch|p1a: Spidops|Spidops, M|100\/100\n|turn|12\n|-message|Pokemon Master 801 forfeited.\n|\n|win|Deriverse\n|raw|Pokemon Master 801's rating: 1246 &rarr; <strong>1219<\/strong><br \/>(-27 for losing)\n|raw|Deriverse's rating: 1213 &rarr; <strong>1240<\/strong><br \/>(+27 for winning)\n|l|\u2606Pokemon Master 801\n|l|\u2606Deriverse\n|j|\u2606Deriverse\n|player|p2|Deriverse|roxanne\n","uploadtime":1698196561,"views":10,"p1id":"pokemonmaster801","p2id":"deriverse","formatid":"gen9ubers","rating":1219,"private":0,"password":""}