{"id":"gen9ubers-1988795007","p1":"renny326","p2":"GS Wendigo","format":"[Gen 9] Ubers","log":"|j|\u2606renny326\n|j|\u2606GS Wendigo\n|t:|1699764212\n|gametype|singles\n|player|p1|renny326|102|\n|player|p2|GS Wendigo|ghetsis|\n|teamsize|p1|6\n|teamsize|p2|6\n|gen|9\n|tier|[Gen 9] Ubers\n|rule|Sleep Clause Mod: Limit one foe put to sleep\n|rule|Species Clause: Limit one of each Pok\u00e9mon\n|rule|OHKO Clause: OHKO moves are banned\n|rule|Evasion Items Clause: Evasion items are banned\n|rule|Evasion Moves Clause: Evasion moves are banned\n|rule|Endless Battle Clause: Forcing endless battles is banned\n|rule|HP Percentage Mod: HP is shown in percentages\n|clearpoke\n|poke|p1|Iron Bundle|\n|poke|p1|Goodra, M|\n|poke|p1|Great Tusk|\n|poke|p1|Meowscarada, M|\n|poke|p1|Gurdurr, M|\n|poke|p1|Hattrem, F|\n|poke|p2|Gholdengo|\n|poke|p2|Gliscor, F|\n|poke|p2|Iron Moth|\n|poke|p2|Avalugg-Hisui, F|\n|poke|p2|Politoed, M|\n|poke|p2|Overqwil, M|\n|teampreview\n|\n|t:|1699764231\n|start\n|switch|p1a: Iron Bundle|Iron Bundle, shiny|100\/100\n|switch|p2a: Iron Moth|Iron Moth|100\/100\n|-item|p2a: Iron Moth|Air Balloon\n|turn|1\n|\n|t:|1699764245\n|-end|p2a: Iron Moth|Quark Drive|[silent]\n|switch|p2a: Politoed|Politoed, M|100\/100\n|-weather|RainDance|[from] ability: Drizzle|[of] p2a: Politoed\n|move|p1a: Iron Bundle|Hydro Pump|p2a: Politoed\n|-resisted|p2a: Politoed\n|-damage|p2a: Politoed|51\/100\n|\n|-weather|RainDance|[upkeep]\n|upkeep\n|turn|2\n|\n|t:|1699764268\n|move|p1a: Iron Bundle|Hydro Pump|p2a: Politoed|[miss]\n|-miss|p1a: Iron Bundle|p2a: Politoed\n|move|p2a: Politoed|Rest|p2a: Politoed\n|-status|p2a: Politoed|slp|[from] move: Rest\n|-heal|p2a: Politoed|100\/100 slp|[silent]\n|\n|-weather|RainDance|[upkeep]\n|upkeep\n|turn|3\n|\n|t:|1699764280\n|-end|p1a: Iron Bundle|Quark Drive|[silent]\n|switch|p1a: Hattrem|Hattrem, F|100\/100\n|cant|p2a: Politoed|slp\n|move|p2a: Politoed|Sleep Talk|p2a: Politoed\n|move|p2a: Politoed|Surf|p1a: Hattrem|[from]move: Sleep Talk\n|-damage|p1a: Hattrem|48\/100\n|\n|-weather|RainDance|[upkeep]\n|upkeep\n|turn|4\n|\n|t:|1699764291\n|cant|p2a: Politoed|slp\n|move|p2a: Politoed|Sleep Talk|p2a: Politoed\n|move|p2a: Politoed|Surf|p1a: Hattrem|[from]move: Sleep Talk\n|-damage|p1a: Hattrem|0 fnt\n|faint|p1a: Hattrem\n|\n|-weather|RainDance|[upkeep]\n|upkeep\n|\n|t:|1699764299\n|switch|p1a: Meowscarada|Meowscarada, M|100\/100\n|turn|5\n|\n|t:|1699764307\n|switch|p2a: Overqwil|Overqwil, M|100\/100\n|move|p1a: Meowscarada|U-turn|p2a: Overqwil\n|-start|p1a: Meowscarada|typechange|Bug|[from] ability: Protean\n|-damage|p2a: Overqwil|51\/100\n|\n|t:|1699764321\n|switch|p1a: Iron Bundle|Iron Bundle, shiny|100\/100|[from] U-turn\n|\n|-weather|RainDance|[upkeep]\n|-heal|p2a: Overqwil|58\/100|[from] item: Black Sludge\n|upkeep\n|turn|6\n|\n|t:|1699764336\n|move|p2a: Overqwil|Crunch|p1a: Iron Bundle\n|-damage|p1a: Iron Bundle|54\/100\n|move|p1a: Iron Bundle|Hydro Pump|p2a: Overqwil\n|-damage|p2a: Overqwil|0 fnt\n|faint|p2a: Overqwil\n|\n|-weather|RainDance|[upkeep]\n|upkeep\n|\n|t:|1699764343\n|switch|p2a: Gholdengo|Gholdengo|100\/100\n|turn|7\n|\n|t:|1699764353\n|move|p1a: Iron Bundle|Hydro Pump|p2a: Gholdengo|[miss]\n|-miss|p1a: Iron Bundle|p2a: Gholdengo\n|move|p2a: Gholdengo|Dazzling Gleam|p1a: Iron Bundle\n|-damage|p1a: Iron Bundle|0 fnt\n|faint|p1a: Iron Bundle\n|-end|p1a: Iron Bundle|Quark Drive|[silent]\n|\n|-weather|RainDance|[upkeep]\n|upkeep\n|\n|t:|1699764370\n|switch|p1a: Meowscarada|Meowscarada, M|100\/100\n|turn|8\n|\n|t:|1699764382\n|switch|p2a: Avalugg|Avalugg-Hisui, F|100\/100\n|move|p1a: Meowscarada|Knock Off|p2a: Avalugg\n|-start|p1a: Meowscarada|typechange|Dark|[from] ability: Protean\n|-damage|p2a: Avalugg|68\/100\n|-enditem|p2a: Avalugg|Heavy-Duty Boots|[from] move: Knock Off|[of] p1a: Meowscarada\n|\n|-weather|none\n|upkeep\n|turn|9\n|\n|t:|1699764392\n|switch|p1a: Gurdurr|Gurdurr, M|100\/100\n|-terastallize|p2a: Avalugg|Fairy\n|move|p2a: Avalugg|Mountain Gale|p1a: Gurdurr\n|-damage|p1a: Gurdurr|67\/100\n|\n|upkeep\n|turn|10\n|\n|t:|1699764458\n|-terastallize|p1a: Gurdurr|Fighting\n|move|p1a: Gurdurr|Drain Punch|p2a: Avalugg\n|-resisted|p2a: Avalugg\n|-damage|p2a: Avalugg|56\/100\n|-heal|p1a: Gurdurr|73\/100|[from] drain|[of] p2a: Avalugg\n|move|p2a: Avalugg|Recover|p2a: Avalugg\n|-heal|p2a: Avalugg|100\/100\n|\n|upkeep\n|turn|11\n|\n|t:|1699764501\n|switch|p2a: Gliscor|Gliscor, F|100\/100\n|move|p1a: Gurdurr|Bulk Up|p1a: Gurdurr\n|-boost|p1a: Gurdurr|atk|1\n|-boost|p1a: Gurdurr|def|1\n|\n|-status|p2a: Gliscor|tox|[from] item: Toxic Orb\n|upkeep\n|turn|12\n|\n|t:|1699764512\n|move|p2a: Gliscor|Toxic Spikes|p1a: Gurdurr\n|-sidestart|p1: renny326|move: Toxic Spikes\n|move|p1a: Gurdurr|Bulk Up|p1a: Gurdurr\n|-boost|p1a: Gurdurr|atk|1\n|-boost|p1a: Gurdurr|def|1\n|\n|upkeep\n|turn|13\n|\n|t:|1699764527\n|move|p2a: Gliscor|U-turn|p1a: Gurdurr\n|-resisted|p1a: Gurdurr\n|-damage|p1a: Gurdurr|70\/100\n|\n|t:|1699764531\n|switch|p2a: Iron Moth|Iron Moth|100\/100|[from] U-turn\n|-item|p2a: Iron Moth|Air Balloon\n|move|p1a: Gurdurr|Knock Off|p2a: Iron Moth\n|-damage|p2a: Iron Moth|6\/100\n|-enditem|p2a: Iron Moth|Air Balloon\n|\n|upkeep\n|turn|14\n|\n|t:|1699764541\n|move|p2a: Iron Moth|Dazzling Gleam|p1a: Gurdurr\n|-supereffective|p1a: Gurdurr\n|-damage|p1a: Gurdurr|0 fnt\n|faint|p1a: Gurdurr\n|\n|upkeep\n|\n|t:|1699764556\n|switch|p1a: Meowscarada|Meowscarada, M|100\/100\n|-status|p1a: Meowscarada|psn\n|turn|15\n|\n|t:|1699764561\n|-end|p2a: Iron Moth|Quark Drive|[silent]\n|switch|p2a: Avalugg|Avalugg-Hisui, F, tera:Fairy|100\/100\n|move|p1a: Meowscarada|U-turn|p2a: Avalugg\n|-start|p1a: Meowscarada|typechange|Bug|[from] ability: Protean\n|-resisted|p2a: Avalugg\n|-damage|p2a: Avalugg|89\/100\n|\n|t:|1699764568\n|switch|p1a: Goodra|Goodra, M|100\/100|[from] U-turn\n|-status|p1a: Goodra|psn\n|\n|-damage|p1a: Goodra|88\/100 psn|[from] psn\n|upkeep\n|turn|16\n|\n|t:|1699764577\n|move|p1a: Goodra|Fire Blast|p2a: Avalugg\n|-damage|p2a: Avalugg|15\/100\n|move|p2a: Avalugg|Mountain Gale|p1a: Goodra\n|-supereffective|p1a: Goodra\n|-damage|p1a: Goodra|0 fnt\n|faint|p1a: Goodra\n|\n|upkeep\n|\n|t:|1699764598\n|switch|p1a: Meowscarada|Meowscarada, M|100\/100 psn\n|turn|17\n|\n|t:|1699764607\n|move|p1a: Meowscarada|Knock Off|p2a: Avalugg\n|-start|p1a: Meowscarada|typechange|Dark|[from] ability: Protean\n|-resisted|p2a: Avalugg\n|-damage|p2a: Avalugg|5\/100\n|move|p2a: Avalugg|Recover|p2a: Avalugg\n|-heal|p2a: Avalugg|55\/100\n|\n|-damage|p1a: Meowscarada|88\/100 psn|[from] psn\n|upkeep\n|turn|18\n|c|\u2606renny326|haha gg dude\n|\n|t:|1699764620\n|move|p1a: Meowscarada|Knock Off|p2a: Avalugg\n|-resisted|p2a: Avalugg\n|-damage|p2a: Avalugg|45\/100\n|move|p2a: Avalugg|Recover|p2a: Avalugg\n|-heal|p2a: Avalugg|95\/100\n|\n|-damage|p1a: Meowscarada|76\/100 psn|[from] psn\n|upkeep\n|turn|19\n|\n|t:|1699764627\n|switch|p1a: Great Tusk|Great Tusk|100\/100\n|-status|p1a: Great Tusk|psn\n|move|p2a: Avalugg|Mountain Gale|p1a: Great Tusk|[miss]\n|-miss|p2a: Avalugg|p1a: Great Tusk\n|\n|-damage|p1a: Great Tusk|88\/100 psn|[from] psn\n|upkeep\n|turn|20\n|\n|t:|1699764637\n|move|p1a: Great Tusk|Earthquake|p2a: Avalugg\n|-damage|p2a: Avalugg|59\/100\n|move|p2a: Avalugg|Mountain Gale|p1a: Great Tusk\n|-supereffective|p1a: Great Tusk\n|-damage|p1a: Great Tusk|20\/100 psn\n|\n|-damage|p1a: Great Tusk|8\/100 psn|[from] psn\n|upkeep\n|turn|21\n|\n|t:|1699764644\n|move|p1a: Great Tusk|Earthquake|p2a: Avalugg\n|-damage|p2a: Avalugg|25\/100\n|move|p2a: Avalugg|Recover|p2a: Avalugg\n|-heal|p2a: Avalugg|75\/100\n|\n|-damage|p1a: Great Tusk|0 fnt|[from] psn\n|faint|p1a: Great Tusk\n|-end|p1a: Great Tusk|Protosynthesis|[silent]\n|upkeep\n|\n|t:|1699764651\n|switch|p1a: Meowscarada|Meowscarada, M|76\/100 psn\n|turn|22\n|\n|t:|1699764656\n|move|p1a: Meowscarada|Flower Trick|p2a: Avalugg\n|-start|p1a: Meowscarada|typechange|Grass|[from] ability: Protean\n|-crit|p2a: Avalugg\n|-damage|p2a: Avalugg|41\/100\n|move|p2a: Avalugg|Mountain Gale|p1a: Meowscarada\n|-supereffective|p1a: Meowscarada\n|-damage|p1a: Meowscarada|0 fnt\n|faint|p1a: Meowscarada\n|\n|win|GS Wendigo\n|l|\u2606renny326\n","uploadtime":1699764671,"views":5,"p1id":"renny326","p2id":"gswendigo","formatid":"gen9ubers","rating":0,"private":0,"password":""}