{"id":"gen9ubers-1992328918","p1":"ArbysDealer23","p2":"Meltan808","format":"[Gen 9] Ubers","log":"|j|\u2606ArbysDealer23\n|j|\u2606Meltan808\n|t:|1700175236\n|gametype|singles\n|player|p1|ArbysDealer23|clair|1000\n|player|p2|Meltan808|wikstrom|1042\n|teamsize|p1|6\n|teamsize|p2|6\n|gen|9\n|tier|[Gen 9] Ubers\n|rated|\n|rule|Sleep Clause Mod: Limit one foe put to sleep\n|rule|Species Clause: Limit one of each Pok\u00e9mon\n|rule|OHKO Clause: OHKO moves are banned\n|rule|Evasion Items Clause: Evasion items are banned\n|rule|Evasion Moves Clause: Evasion moves are banned\n|rule|Endless Battle Clause: Forcing endless battles is banned\n|rule|HP Percentage Mod: HP is shown in percentages\n|clearpoke\n|poke|p1|Breloom, F|\n|poke|p1|Jirachi|\n|poke|p1|Palafin, F|\n|poke|p1|Glimmora, M|\n|poke|p1|Talonflame, F|\n|poke|p1|Mudsdale, M|\n|poke|p2|Ursaluna-Bloodmoon, M|\n|poke|p2|Scizor, M|\n|poke|p2|Vivillon-Garden, F|\n|poke|p2|Rabsca, F|\n|poke|p2|Forretress, M|\n|poke|p2|Heracross, M|\n|teampreview\n|inactive|Battle timer is ON: inactive players will automatically lose when time's up. (requested by Meltan808)\n|\n|t:|1700175250\n|start\n|switch|p1a: Mudsdale|Mudsdale, M|100\/100\n|switch|p2a: Forretress|Forretress, M|100\/100\n|turn|1\n|\n|t:|1700175270\n|move|p1a: Mudsdale|Earthquake|p2a: Forretress\n|-damage|p2a: Forretress|72\/100\n|move|p2a: Forretress|Stealth Rock|p1a: Mudsdale\n|-sidestart|p1: ArbysDealer23|move: Stealth Rock\n|\n|upkeep\n|turn|2\n|\n|t:|1700175280\n|switch|p2a: Vivillon|Vivillon-Garden, F|100\/100\n|move|p1a: Mudsdale|Body Press|p2a: Vivillon\n|-resisted|p2a: Vivillon\n|-damage|p2a: Vivillon|91\/100\n|\n|upkeep\n|turn|3\n|\n|t:|1700175287\n|move|p2a: Vivillon|Sleep Powder|p1a: Mudsdale\n|-status|p1a: Mudsdale|slp|[from] move: Sleep Powder\n|cant|p1a: Mudsdale|slp\n|\n|upkeep\n|turn|4\n|\n|t:|1700175295\n|switch|p1a: Glimmora|Glimmora, M|100\/100\n|-damage|p1a: Glimmora|88\/100|[from] Stealth Rock\n|move|p2a: Vivillon|Quiver Dance|p2a: Vivillon\n|-boost|p2a: Vivillon|spa|1\n|-boost|p2a: Vivillon|spd|1\n|-boost|p2a: Vivillon|spe|1\n|\n|upkeep\n|turn|5\n|\n|t:|1700175304\n|move|p2a: Vivillon|Energy Ball|p1a: Glimmora\n|-damage|p1a: Glimmora|45\/100\n|move|p1a: Glimmora|Stealth Rock|p2a: Vivillon\n|-sidestart|p2: Meltan808|move: Stealth Rock\n|\n|upkeep\n|turn|6\n|\n|t:|1700175310\n|move|p2a: Vivillon|Energy Ball|p1a: Glimmora\n|-damage|p1a: Glimmora|2\/100\n|move|p1a: Glimmora|Mortal Spin|p2a: Vivillon\n|-damage|p2a: Vivillon|80\/100\n|-status|p2a: Vivillon|psn\n|-sideend|p1: ArbysDealer23|Stealth Rock|[from] move: Mortal Spin|[of] p1a: Glimmora\n|\n|-damage|p2a: Vivillon|68\/100 psn|[from] psn\n|upkeep\n|turn|7\n|\n|t:|1700175330\n|move|p2a: Vivillon|Energy Ball|p1a: Glimmora\n|-damage|p1a: Glimmora|0 fnt\n|faint|p1a: Glimmora\n|\n|-damage|p2a: Vivillon|55\/100 psn|[from] psn\n|upkeep\n|\n|t:|1700175343\n|switch|p1a: Palafin|Palafin, F|100\/100\n|turn|8\n|\n|t:|1700175352\n|move|p2a: Vivillon|Energy Ball|p1a: Palafin\n|-supereffective|p1a: Palafin\n|-damage|p1a: Palafin|0 fnt\n|faint|p1a: Palafin\n|\n|-damage|p2a: Vivillon|43\/100 psn|[from] psn\n|upkeep\n|c|\u2606ArbysDealer23|i might be adopted\n|c|\u2606Meltan808|why use flip turn?\n|c|\u2606Meltan808|you can just\u2026 you know\u2026 switch?\n|inactive|ArbysDealer23 has 120 seconds left.\n|\n|t:|1700175384\n|switch|p1a: Jirachi|Jirachi|100\/100\n|turn|9\n|inactive|ArbysDealer23 has 120 seconds left.\n|c|\u2606Meltan808|i would talk trash here but now I feelbad\n|\n|t:|1700175399\n|move|p2a: Vivillon|Hurricane|p1a: Jirachi\n|-resisted|p1a: Jirachi\n|-damage|p1a: Jirachi|60\/100\n|-start|p1a: Jirachi|confusion\n|-activate|p1a: Jirachi|confusion\n|move|p1a: Jirachi|Psychic|p2a: Vivillon\n|-damage|p2a: Vivillon|0 fnt\n|faint|p2a: Vivillon\n|\n|upkeep\n|\n|t:|1700175407\n|switch|p2a: Ursaluna|Ursaluna-Bloodmoon, M|100\/100\n|-damage|p2a: Ursaluna|95\/100|[from] Stealth Rock\n|turn|10\n|c|\u2606ArbysDealer23|this is the first team ive ever built dont feel bad lol\n|\n|t:|1700175422\n|-terastallize|p2a: Ursaluna|Bug\n|-activate|p1a: Jirachi|confusion\n|move|p1a: Jirachi|Psychic|p2a: Ursaluna\n|-damage|p2a: Ursaluna|47\/100\n|move|p2a: Ursaluna|Earth Power|p1a: Jirachi\n|-supereffective|p1a: Jirachi\n|-damage|p1a: Jirachi|0 fnt\n|faint|p1a: Jirachi\n|\n|upkeep\n|inactive|ArbysDealer23 has 120 seconds left.\n|\n|t:|1700175433\n|switch|p1a: Talonflame|Talonflame, F|100\/100\n|turn|11\n|c|\u2606Meltan808|this is a fake bug mono\n|c|\u2606Meltan808|and bear is here bc bugbears\n|\n|t:|1700175447\n|switch|p2a: Forretress|Forretress, M|72\/100\n|-damage|p2a: Forretress|60\/100|[from] Stealth Rock\n|move|p1a: Talonflame|Overheat|p2a: Forretress\n|-supereffective|p2a: Forretress\n|-damage|p2a: Forretress|0 fnt\n|-unboost|p1a: Talonflame|spa|2\n|faint|p2a: Forretress\n|\n|upkeep\n|\n|t:|1700175468\n|switch|p2a: Ursaluna|Ursaluna-Bloodmoon, M, tera:Bug|47\/100\n|-damage|p2a: Ursaluna|22\/100|[from] Stealth Rock\n|turn|12\n|\n|t:|1700175474\n|move|p1a: Talonflame|U-turn|p2a: Ursaluna\n|-damage|p2a: Ursaluna|6\/100\n|\n|t:|1700175478\n|switch|p1a: Mudsdale|Mudsdale, M|100\/100 slp|[from] U-turn\n|move|p2a: Ursaluna|Blood Moon|p1a: Mudsdale\n|-damage|p1a: Mudsdale|52\/100 slp\n|-ability|p1a: Mudsdale|Stamina|boost\n|-boost|p1a: Mudsdale|def|1\n|\n|upkeep\n|turn|13\n|\n|t:|1700175488\n|move|p2a: Ursaluna|Moonblast|p1a: Mudsdale\n|-damage|p1a: Mudsdale|28\/100 slp\n|-unboost|p1a: Mudsdale|spa|1\n|-ability|p1a: Mudsdale|Stamina|boost\n|-boost|p1a: Mudsdale|def|1\n|cant|p1a: Mudsdale|slp\n|\n|upkeep\n|turn|14\n|\n|t:|1700175496\n|move|p2a: Ursaluna|Tera Blast|p1a: Mudsdale|[anim] Tera Blast Bug\n|-crit|p1a: Mudsdale\n|-damage|p1a: Mudsdale|0 fnt\n|faint|p1a: Mudsdale\n|\n|upkeep\n|\n|t:|1700175502\n|switch|p1a: Breloom|Breloom, F|100\/100\n|turn|15\n|\n|t:|1700175511\n|-terastallize|p1a: Breloom|Rock\n|move|p2a: Ursaluna|Moonblast|p1a: Breloom\n|-damage|p1a: Breloom|53\/100\n|-unboost|p1a: Breloom|spa|1\n|move|p1a: Breloom|Seed Bomb|p2a: Ursaluna\n|-resisted|p2a: Ursaluna\n|-damage|p2a: Ursaluna|0 fnt\n|faint|p2a: Ursaluna\n|\n|-status|p1a: Breloom|tox|[from] item: Toxic Orb\n|upkeep\n|\n|t:|1700175515\n|switch|p2a: Rabsca|Rabsca, F|100\/100\n|turn|16\n|\n|t:|1700175525\n|move|p1a: Breloom|Spore|p2a: Rabsca\n|-status|p2a: Rabsca|slp|[from] move: Spore\n|cant|p2a: Rabsca|slp\n|\n|-heal|p1a: Breloom|66\/100 tox|[from] ability: Poison Heal\n|upkeep\n|turn|17\n|\n|t:|1700175531\n|switch|p2a: Scizor|Scizor, M|100\/100\n|-damage|p2a: Scizor|88\/100|[from] Stealth Rock\n|move|p1a: Breloom|Leech Seed|p2a: Scizor\n|-start|p2a: Scizor|move: Leech Seed\n|\n|-damage|p2a: Scizor|76\/100|[from] Leech Seed|[of] p1a: Breloom\n|-heal|p1a: Breloom|79\/100 tox|[silent]\n|-heal|p1a: Breloom|91\/100 tox|[from] ability: Poison Heal\n|upkeep\n|turn|18\n|\n|t:|1700175541\n|move|p1a: Breloom|Facade|p2a: Scizor\n|-resisted|p2a: Scizor\n|-damage|p2a: Scizor|56\/100\n|move|p2a: Scizor|Aerial Ace|p1a: Breloom\n|-resisted|p1a: Breloom\n|-damage|p1a: Breloom|65\/100 tox\n|\n|-damage|p2a: Scizor|44\/100|[from] Leech Seed|[of] p1a: Breloom\n|-heal|p1a: Breloom|78\/100 tox|[silent]\n|-heal|p1a: Breloom|90\/100 tox|[from] ability: Poison Heal\n|upkeep\n|turn|19\n|\n|t:|1700175552\n|switch|p2a: Heracross|Heracross, M|100\/100\n|-damage|p2a: Heracross|88\/100|[from] Stealth Rock\n|move|p1a: Breloom|Facade|p2a: Heracross\n|-damage|p2a: Heracross|35\/100\n|\n|-heal|p1a: Breloom|100\/100 tox|[from] ability: Poison Heal\n|upkeep\n|turn|20\n|\n|t:|1700175562\n|move|p2a: Heracross|Close Combat|p1a: Breloom\n|-supereffective|p1a: Breloom\n|-damage|p1a: Breloom|0 fnt\n|-unboost|p2a: Heracross|def|1\n|-unboost|p2a: Heracross|spd|1\n|faint|p1a: Breloom\n|-ability|p2a: Heracross|Moxie|boost\n|-boost|p2a: Heracross|atk|1\n|-damage|p2a: Heracross|25\/100|[from] item: Life Orb\n|\n|upkeep\n|\n|t:|1700175570\n|switch|p1a: Talonflame|Talonflame, F|100\/100\n|turn|21\n|\n|t:|1700175578\n|move|p1a: Talonflame|Brave Bird|p2a: Heracross\n|-supereffective|p2a: Heracross\n|-damage|p2a: Heracross|0 fnt\n|faint|p2a: Heracross\n|-damage|p1a: Talonflame|92\/100|[from] Recoil\n|\n|upkeep\n|\n|t:|1700175586\n|switch|p2a: Rabsca|Rabsca, F|100\/100 slp\n|turn|22\n|\n|t:|1700175589\n|move|p1a: Talonflame|Brave Bird|p2a: Rabsca\n|-supereffective|p2a: Rabsca\n|-damage|p2a: Rabsca|0 fnt\n|faint|p2a: Rabsca\n|-damage|p1a: Talonflame|53\/100|[from] Recoil\n|\n|upkeep\n|\n|t:|1700175592\n|switch|p2a: Scizor|Scizor, M|44\/100\n|-damage|p2a: Scizor|32\/100|[from] Stealth Rock\n|turn|23\n|\n|t:|1700175598\n|move|p2a: Scizor|Bullet Punch|p1a: Talonflame\n|-resisted|p1a: Talonflame\n|-damage|p1a: Talonflame|14\/100\n|move|p1a: Talonflame|Overheat|p2a: Scizor\n|-supereffective|p2a: Scizor\n|-damage|p2a: Scizor|0 fnt\n|-unboost|p1a: Talonflame|spa|2\n|faint|p2a: Scizor\n|\n|win|ArbysDealer23\n|raw|ArbysDealer23's rating: 1000 &rarr; <strong>1045<\/strong><br \/>(+45 for winning)\n|raw|Meltan808's rating: 1042 &rarr; <strong>1024<\/strong><br \/>(-18 for losing)\n|c|\u2606Meltan808|gg\n|l|\u2606Meltan808\n|c|\u2606ArbysDealer23|gg\n|c|\u2606ArbysDealer23|i didnt deserve that\n","uploadtime":1700175617,"views":20,"p1id":"arbysdealer23","p2id":"meltan808","formatid":"gen9ubers","rating":1024,"private":0,"password":""}