{"id":"gen9ubers-1978787460","p1":"RubenPaCe","p2":"Nerdiestyt","format":"[Gen 9] Ubers","log":"|j|\u2606RubenPaCe\n|j|\u2606Nerdiestyt\n|t:|1698595194\n|gametype|singles\n|player|p1|RubenPaCe|camper|\n|player|p2|Nerdiestyt|101|\n|teamsize|p1|6\n|teamsize|p2|6\n|gen|9\n|tier|[Gen 9] Ubers\n|rule|Sleep Clause Mod: Limit one foe put to sleep\n|rule|Species Clause: Limit one of each Pok\u00e9mon\n|rule|OHKO Clause: OHKO moves are banned\n|rule|Evasion Items Clause: Evasion items are banned\n|rule|Evasion Moves Clause: Evasion moves are banned\n|rule|Endless Battle Clause: Forcing endless battles is banned\n|rule|HP Percentage Mod: HP is shown in percentages\n|clearpoke\n|poke|p1|Spectrier|\n|poke|p1|Zacian-*|\n|poke|p1|Ursaluna-Bloodmoon, M|\n|poke|p1|Magearna|\n|poke|p1|Arceus-Poison|\n|poke|p1|Giratina|\n|poke|p2|Zacian-*|\n|poke|p2|Palafin, M|\n|poke|p2|Darkrai|\n|poke|p2|Espathra, F|\n|poke|p2|Blissey, F|\n|poke|p2|Ursaluna-Bloodmoon, M|\n|teampreview\n|\n|t:|1698595205\n|start\n|switch|p1a: Magearna|Magearna|100\/100\n|switch|p2a: Darkrai|Darkrai, shiny|100\/100\n|turn|1\n|\n|t:|1698595214\n|switch|p2a: Ursaluna|Ursaluna-Bloodmoon, M|100\/100\n|move|p1a: Magearna|Fleur Cannon|p2a: Ursaluna\n|-damage|p2a: Ursaluna|46\/100\n|-unboost|p1a: Magearna|spa|2\n|\n|-heal|p2a: Ursaluna|52\/100|[from] item: Leftovers\n|upkeep\n|turn|2\n|\n|t:|1698595226\n|switch|p1a: Giratina|Giratina|100\/100\n|-ability|p1a: Giratina|Pressure\n|move|p2a: Ursaluna|Earth Power|p1a: Giratina\n|-damage|p1a: Giratina|82\/100\n|\n|-heal|p2a: Ursaluna|58\/100|[from] item: Leftovers\n|upkeep\n|turn|3\n|\n|t:|1698595234\n|move|p1a: Giratina|Will-O-Wisp|p2a: Ursaluna|[miss]\n|-miss|p1a: Giratina|p2a: Ursaluna\n|move|p2a: Ursaluna|Calm Mind|p2a: Ursaluna\n|-boost|p2a: Ursaluna|spa|1\n|-boost|p2a: Ursaluna|spd|1\n|\n|-heal|p2a: Ursaluna|64\/100|[from] item: Leftovers\n|upkeep\n|turn|4\n|\n|t:|1698595241\n|move|p2a: Ursaluna|Calm Mind|p2a: Ursaluna\n|-boost|p2a: Ursaluna|spa|1\n|-boost|p2a: Ursaluna|spd|1\n|move|p1a: Giratina|Roar|p2a: Ursaluna\n|drag|p2a: Blissey|Blissey, F|100\/100\n|\n|upkeep\n|turn|5\n|\n|t:|1698595245\n|switch|p1a: Magearna|Magearna|100\/100\n|move|p2a: Blissey|Thunder Wave|p1a: Magearna\n|-status|p1a: Magearna|par\n|\n|upkeep\n|turn|6\n|\n|t:|1698595250\n|move|p2a: Blissey|Seismic Toss|p1a: Magearna\n|-damage|p1a: Magearna|73\/100 par\n|move|p1a: Magearna|Spikes|p2a: Blissey\n|-sidestart|p2: Nerdiestyt|Spikes\n|\n|-heal|p1a: Magearna|79\/100 par|[from] item: Leftovers\n|upkeep\n|turn|7\n|\n|t:|1698595264\n|switch|p2a: Palafin|Palafin, M|100\/100\n|-damage|p2a: Palafin|88\/100|[from] Spikes\n|cant|p1a: Magearna|par\n|\n|-heal|p1a: Magearna|85\/100 par|[from] item: Leftovers\n|upkeep\n|turn|8\n|\n|t:|1698595277\n|detailschange|p2a: Palafin|Palafin-Hero, M\n|switch|p2a: Blissey|Blissey, F|100\/100\n|-damage|p2a: Blissey|88\/100|[from] Spikes\n|cant|p1a: Magearna|par\n|\n|-heal|p2a: Blissey|94\/100|[from] item: Leftovers\n|-heal|p1a: Magearna|91\/100 par|[from] item: Leftovers\n|upkeep\n|turn|9\n|\n|t:|1698595280\n|move|p2a: Blissey|Seismic Toss|p1a: Magearna\n|-damage|p1a: Magearna|64\/100 par\n|cant|p1a: Magearna|par\n|\n|-heal|p2a: Blissey|99\/100|[from] item: Leftovers\n|-heal|p1a: Magearna|70\/100 par|[from] item: Leftovers\n|upkeep\n|turn|10\n|\n|t:|1698595283\n|move|p2a: Blissey|Seismic Toss|p1a: Magearna\n|-damage|p1a: Magearna|42\/100 par\n|move|p1a: Magearna|Spikes|p2a: Blissey\n|-sidestart|p2: Nerdiestyt|Spikes\n|\n|-heal|p2a: Blissey|100\/100|[from] item: Leftovers\n|-heal|p1a: Magearna|48\/100 par|[from] item: Leftovers\n|upkeep\n|turn|11\n|\n|t:|1698595287\n|move|p2a: Blissey|Seismic Toss|p1a: Magearna\n|-damage|p1a: Magearna|21\/100 par\n|move|p1a: Magearna|Pain Split|p2a: Blissey\n|-sethp|p2a: Blissey|56\/100|[from] move: Pain Split|[silent]\n|-sethp|p1a: Magearna|100\/100 par|[from] move: Pain Split\n|\n|-heal|p2a: Blissey|62\/100|[from] item: Leftovers\n|upkeep\n|turn|12\n|\n|t:|1698595300\n|switch|p2a: Palafin|Palafin-Hero, M|88\/100\n|-damage|p2a: Palafin|72\/100|[from] Spikes\n|-activate|p2a: Palafin|ability: Zero to Hero\n|cant|p1a: Magearna|par\n|\n|upkeep\n|turn|13\n|c|\u2606RubenPaCe|jesus crhist can you move mag\n|\n|t:|1698595314\n|switch|p1a: Giratina|Giratina|82\/100\n|-ability|p1a: Giratina|Pressure\n|move|p2a: Palafin|Ice Punch|p1a: Giratina\n|-supereffective|p1a: Giratina\n|-damage|p1a: Giratina|31\/100\n|\n|upkeep\n|turn|14\n|\n|t:|1698595317\n|switch|p1a: Magearna|Magearna|100\/100 par\n|move|p2a: Palafin|Ice Punch|p1a: Magearna\n|-resisted|p1a: Magearna\n|-damage|p1a: Magearna|86\/100 par\n|\n|-heal|p1a: Magearna|92\/100 par|[from] item: Leftovers\n|upkeep\n|turn|15\n|\n|t:|1698595331\n|switch|p2a: Ursaluna|Ursaluna-Bloodmoon, M|64\/100\n|-damage|p2a: Ursaluna|47\/100|[from] Spikes\n|move|p1a: Magearna|Fleur Cannon|p2a: Ursaluna\n|-damage|p2a: Ursaluna|0 fnt\n|-unboost|p1a: Magearna|spa|2\n|faint|p2a: Ursaluna\n|-ability|p1a: Magearna|Soul-Heart|boost\n|-boost|p1a: Magearna|spa|1\n|\n|-heal|p1a: Magearna|98\/100 par|[from] item: Leftovers\n|upkeep\n|\n|t:|1698595338\n|switch|p2a: Zacian|Zacian, shiny|100\/100\n|-damage|p2a: Zacian|84\/100|[from] Spikes\n|-ability|p2a: Zacian|Intrepid Sword|boost\n|-boost|p2a: Zacian|atk|1\n|turn|16\n|\n|t:|1698595351\n|switch|p1a: Arceus|Arceus-Poison|100\/100\n|move|p2a: Zacian|Crunch|p1a: Arceus\n|-damage|p1a: Arceus|73\/100\n|\n|upkeep\n|turn|17\n|\n|t:|1698595357\n|switch|p2a: Espathra|Espathra, F|100\/100\n|-damage|p2a: Espathra|84\/100|[from] Spikes\n|move|p1a: Arceus|Judgment|p2a: Espathra\n|-damage|p2a: Espathra|14\/100\n|\n|-heal|p2a: Espathra|20\/100|[from] item: Leftovers\n|upkeep\n|turn|18\n|\n|t:|1698595361\n|move|p2a: Espathra|Protect|p2a: Espathra\n|-singleturn|p2a: Espathra|Protect\n|move|p1a: Arceus|Calm Mind|p1a: Arceus\n|-boost|p1a: Arceus|spa|1\n|-boost|p1a: Arceus|spd|1\n|\n|-heal|p2a: Espathra|26\/100|[from] item: Leftovers\n|-ability|p2a: Espathra|Speed Boost|boost\n|-boost|p2a: Espathra|spe|1\n|upkeep\n|turn|19\n|\n|t:|1698595368\n|move|p2a: Espathra|Substitute|p2a: Espathra\n|-start|p2a: Espathra|Substitute\n|-damage|p2a: Espathra|1\/100\n|move|p1a: Arceus|Judgment|p2a: Espathra\n|-end|p2a: Espathra|Substitute\n|\n|-heal|p2a: Espathra|7\/100|[from] item: Leftovers\n|-ability|p2a: Espathra|Speed Boost|boost\n|-boost|p2a: Espathra|spe|1\n|upkeep\n|turn|20\n|\n|t:|1698595375\n|move|p2a: Espathra|Protect|p2a: Espathra\n|-singleturn|p2a: Espathra|Protect\n|move|p1a: Arceus|Judgment|p2a: Espathra\n|-activate|p2a: Espathra|move: Protect\n|\n|-heal|p2a: Espathra|13\/100|[from] item: Leftovers\n|-ability|p2a: Espathra|Speed Boost|boost\n|-boost|p2a: Espathra|spe|1\n|upkeep\n|turn|21\n|\n|t:|1698595379\n|move|p2a: Espathra|Lumina Crash|p1a: Arceus\n|-supereffective|p1a: Arceus\n|-damage|p1a: Arceus|44\/100\n|-unboost|p1a: Arceus|spd|2\n|move|p1a: Arceus|Judgment|p2a: Espathra\n|-damage|p2a: Espathra|0 fnt\n|faint|p2a: Espathra\n|\n|upkeep\n|\n|t:|1698595386\n|switch|p2a: Palafin|Palafin-Hero, M|72\/100\n|-damage|p2a: Palafin|55\/100|[from] Spikes\n|turn|22\n|\n|t:|1698595392\n|switch|p1a: Giratina|Giratina|31\/100\n|-ability|p1a: Giratina|Pressure\n|move|p2a: Palafin|Wave Crash|p1a: Giratina\n|-resisted|p1a: Giratina\n|-damage|p1a: Giratina|0 fnt\n|faint|p1a: Giratina\n|-damage|p2a: Palafin|40\/100|[from] Recoil\n|\n|upkeep\n|\n|t:|1698595397\n|switch|p1a: Spectrier|Spectrier|100\/100\n|turn|23\n|\n|t:|1698595400\n|move|p1a: Spectrier|Substitute|p1a: Spectrier\n|-start|p1a: Spectrier|Substitute\n|-damage|p1a: Spectrier|76\/100\n|move|p2a: Palafin|Wave Crash|p1a: Spectrier\n|-end|p1a: Spectrier|Substitute\n|-damage|p2a: Palafin|32\/100|[from] Recoil|[of] p1a: Spectrier\n|\n|upkeep\n|turn|24\n|\n|t:|1698595406\n|move|p1a: Spectrier|Shadow Ball|p2a: Palafin\n|-damage|p2a: Palafin|0 fnt\n|faint|p2a: Palafin\n|-ability|p1a: Spectrier|Grim Neigh|boost\n|-boost|p1a: Spectrier|spa|1\n|\n|upkeep\n|\n|t:|1698595417\n|switch|p2a: Zacian|Zacian, shiny|84\/100\n|-damage|p2a: Zacian|67\/100|[from] Spikes\n|turn|25\n|\n|t:|1698595427\n|switch|p1a: Magearna|Magearna|98\/100 par\n|move|p2a: Zacian|Crunch|p1a: Magearna\n|-resisted|p1a: Magearna\n|-damage|p1a: Magearna|91\/100 par\n|\n|-heal|p1a: Magearna|97\/100 par|[from] item: Leftovers\n|upkeep\n|turn|26\n|\n|t:|1698595433\n|switch|p2a: Blissey|Blissey, F|62\/100\n|-damage|p2a: Blissey|45\/100|[from] Spikes\n|move|p1a: Magearna|Volt Switch|p2a: Blissey\n|-damage|p2a: Blissey|39\/100\n|\n|t:|1698595436\n|switch|p1a: Spectrier|Spectrier|76\/100|[from] Volt Switch\n|\n|-heal|p2a: Blissey|46\/100|[from] item: Leftovers\n|upkeep\n|turn|27\n|\n|t:|1698595443\n|switch|p2a: Darkrai|Darkrai, shiny|100\/100\n|-damage|p2a: Darkrai|84\/100|[from] Spikes\n|move|p1a: Spectrier|Substitute|p1a: Spectrier\n|-start|p1a: Spectrier|Substitute\n|-damage|p1a: Spectrier|51\/100\n|\n|upkeep\n|turn|28\n|\n|t:|1698595449\n|-terastallize|p2a: Darkrai|Poison\n|move|p2a: Darkrai|Dark Pulse|p1a: Spectrier\n|-supereffective|p1a: Spectrier\n|-end|p1a: Spectrier|Substitute\n|move|p1a: Spectrier|Draining Kiss|p2a: Darkrai\n|-resisted|p2a: Darkrai\n|-damage|p2a: Darkrai|72\/100\n|-heal|p1a: Spectrier|58\/100|[from] drain|[of] p2a: Darkrai\n|\n|upkeep\n|turn|29\n|\n|t:|1698595459\n|switch|p1a: Zacian|Zacian|100\/100\n|-ability|p1a: Zacian|Intrepid Sword|boost\n|-boost|p1a: Zacian|atk|1\n|move|p2a: Darkrai|Dark Pulse|p1a: Zacian\n|-resisted|p1a: Zacian\n|-damage|p1a: Zacian|80\/100\n|\n|upkeep\n|turn|30\n|\n|t:|1698595467\n|switch|p2a: Zacian|Zacian, shiny|67\/100\n|-damage|p2a: Zacian|51\/100|[from] Spikes\n|move|p1a: Zacian|Play Rough|p2a: Zacian\n|-damage|p2a: Zacian|0 fnt\n|faint|p2a: Zacian\n|\n|upkeep\n|\n|t:|1698595469\n|switch|p2a: Darkrai|Darkrai, shiny, tera:Poison|72\/100\n|-damage|p2a: Darkrai|55\/100|[from] Spikes\n|turn|31\n|\n|t:|1698595475\n|switch|p1a: Arceus|Arceus-Poison|44\/100\n|move|p2a: Darkrai|Sludge Bomb|p1a: Arceus\n|-resisted|p1a: Arceus\n|-damage|p1a: Arceus|29\/100\n|\n|upkeep\n|turn|32\n|\n|t:|1698595479\n|switch|p2a: Blissey|Blissey, F|46\/100\n|-damage|p2a: Blissey|29\/100|[from] Spikes\n|move|p1a: Arceus|Recover|p1a: Arceus\n|-heal|p1a: Arceus|79\/100\n|\n|-heal|p2a: Blissey|35\/100|[from] item: Leftovers\n|upkeep\n|turn|33\n|\n|t:|1698595482\n|switch|p1a: Ursaluna|Ursaluna-Bloodmoon, M|100\/100\n|move|p2a: Blissey|Soft-Boiled|p2a: Blissey\n|-heal|p2a: Blissey|85\/100\n|\n|-heal|p2a: Blissey|91\/100|[from] item: Leftovers\n|upkeep\n|turn|34\n|\n|t:|1698595486\n|move|p1a: Ursaluna|Calm Mind|p1a: Ursaluna\n|-boost|p1a: Ursaluna|spa|1\n|-boost|p1a: Ursaluna|spd|1\n|move|p2a: Blissey|Seismic Toss|p1a: Ursaluna\n|-damage|p1a: Ursaluna|76\/100\n|\n|-heal|p1a: Ursaluna|82\/100|[from] item: Leftovers\n|-heal|p2a: Blissey|97\/100|[from] item: Leftovers\n|upkeep\n|turn|35\n|\n|t:|1698595490\n|move|p1a: Ursaluna|Calm Mind|p1a: Ursaluna\n|-boost|p1a: Ursaluna|spa|1\n|-boost|p1a: Ursaluna|spd|1\n|move|p2a: Blissey|Seismic Toss|p1a: Ursaluna\n|-damage|p1a: Ursaluna|57\/100\n|\n|-heal|p1a: Ursaluna|63\/100|[from] item: Leftovers\n|-heal|p2a: Blissey|100\/100|[from] item: Leftovers\n|upkeep\n|turn|36\n|\n|t:|1698595492\n|move|p1a: Ursaluna|Earth Power|p2a: Blissey\n|-crit|p2a: Blissey\n|-damage|p2a: Blissey|59\/100\n|-unboost|p2a: Blissey|spd|1\n|move|p2a: Blissey|Seismic Toss|p1a: Ursaluna\n|-damage|p1a: Ursaluna|39\/100\n|\n|-heal|p1a: Ursaluna|45\/100|[from] item: Leftovers\n|-heal|p2a: Blissey|65\/100|[from] item: Leftovers\n|upkeep\n|turn|37\n|\n|t:|1698595497\n|move|p1a: Ursaluna|Calm Mind|p1a: Ursaluna\n|-boost|p1a: Ursaluna|spa|1\n|-boost|p1a: Ursaluna|spd|1\n|move|p2a: Blissey|Seismic Toss|p1a: Ursaluna\n|-damage|p1a: Ursaluna|20\/100\n|\n|-heal|p1a: Ursaluna|26\/100|[from] item: Leftovers\n|-heal|p2a: Blissey|72\/100|[from] item: Leftovers\n|upkeep\n|turn|38\n|\n|t:|1698595499\n|move|p1a: Ursaluna|Moonlight|p1a: Ursaluna\n|-heal|p1a: Ursaluna|76\/100\n|move|p2a: Blissey|Seismic Toss|p1a: Ursaluna\n|-damage|p1a: Ursaluna|51\/100\n|\n|-heal|p1a: Ursaluna|58\/100|[from] item: Leftovers\n|-heal|p2a: Blissey|78\/100|[from] item: Leftovers\n|upkeep\n|turn|39\n|\n|t:|1698595503\n|move|p1a: Ursaluna|Earth Power|p2a: Blissey\n|-damage|p2a: Blissey|19\/100\n|move|p2a: Blissey|Seismic Toss|p1a: Ursaluna\n|-damage|p1a: Ursaluna|33\/100\n|\n|-heal|p1a: Ursaluna|39\/100|[from] item: Leftovers\n|-heal|p2a: Blissey|25\/100|[from] item: Leftovers\n|upkeep\n|turn|40\n|\n|t:|1698595505\n|move|p1a: Ursaluna|Moonlight|p1a: Ursaluna\n|-heal|p1a: Ursaluna|89\/100\n|move|p2a: Blissey|Soft-Boiled|p2a: Blissey\n|-heal|p2a: Blissey|75\/100\n|\n|-heal|p1a: Ursaluna|95\/100|[from] item: Leftovers\n|-heal|p2a: Blissey|82\/100|[from] item: Leftovers\n|upkeep\n|turn|41\n|\n|t:|1698595509\n|move|p1a: Ursaluna|Blood Moon|p2a: Blissey\n|-damage|p2a: Blissey|0 fnt\n|faint|p2a: Blissey\n|\n|-heal|p1a: Ursaluna|100\/100|[from] item: Leftovers\n|upkeep\n|\n|t:|1698595511\n|switch|p2a: Darkrai|Darkrai, shiny, tera:Poison|55\/100\n|-damage|p2a: Darkrai|39\/100|[from] Spikes\n|turn|42\n|\n|t:|1698595516\n|move|p2a: Darkrai|Dark Pulse|p1a: Ursaluna\n|-damage|p1a: Ursaluna|80\/100\n|move|p1a: Ursaluna|Earth Power|p2a: Darkrai\n|-supereffective|p2a: Darkrai\n|-damage|p2a: Darkrai|0 fnt\n|faint|p2a: Darkrai\n|\n|win|RubenPaCe\n|c|\u2606Nerdiestyt|Ggs!\n|c|\u2606RubenPaCe|gg\n","uploadtime":1698595526,"views":16,"p1id":"rubenpace","p2id":"nerdiestyt","formatid":"gen9ubers","rating":0,"private":0,"password":""}