{"id":"gen9ubers-1986708553","p1":"ZGFenRir","p2":"Nebyula","format":"[Gen 9] Ubers","log":"|j|\u2606ZGFenRir\n|j|\u2606Nebyula\n|t:|1699511627\n|gametype|singles\n|player|p1|ZGFenRir|riley|\n|player|p2|Nebyula|roughneck-gen4|\n|teamsize|p1|6\n|teamsize|p2|6\n|gen|9\n|tier|[Gen 9] Ubers\n|rule|Sleep Clause Mod: Limit one foe put to sleep\n|rule|Species Clause: Limit one of each Pok\u00e9mon\n|rule|OHKO Clause: OHKO moves are banned\n|rule|Evasion Items Clause: Evasion items are banned\n|rule|Evasion Moves Clause: Evasion moves are banned\n|rule|Endless Battle Clause: Forcing endless battles is banned\n|rule|HP Percentage Mod: HP is shown in percentages\n|clearpoke\n|poke|p1|Iron Valiant|\n|poke|p1|Toxapex, F|\n|poke|p1|Kingambit, F|\n|poke|p1|Mismagius, F|\n|poke|p1|Urshifu-*, M|\n|poke|p1|Maushold|\n|poke|p2|Chien-Pao|\n|poke|p2|Garchomp, M|\n|poke|p2|Slither Wing|\n|poke|p2|Sableye, M|\n|poke|p2|Klefki, M|\n|poke|p2|Toedscruel, M|\n|teampreview\n|j| hidroml\n|j| Storm315\n|j| Mole Enthusiast\n|j| shimokia\n|j| Mottols\n|j| Maxwel1\n|c| Maxwel1|Gaming\n|c|\u2606ZGFenRir|glhf\n|c| shimokia|gane\n|c| shimokia|game\n|c| shimokia|gamer\n|\n|t:|1699511670\n|start\n|switch|p1a: TOXIC|Toxapex, F|100\/100\n|switch|p2a: Toedscruel|Toedscruel, M|100\/100\n|turn|1\n|\n|t:|1699511707\n|switch|p1a: Oolab|Urshifu, M|100\/100\n|move|p2a: Toedscruel|Spore|p1a: Oolab\n|-status|p1a: Oolab|slp|[from] move: Spore\n|\n|upkeep\n|turn|2\n|\n|t:|1699511717\n|switch|p1a: Lulu|Mismagius, F|100\/100\n|move|p2a: Toedscruel|Spikes|p1a: Lulu\n|-sidestart|p1: ZGFenRir|Spikes\n|\n|upkeep\n|turn|3\n|\n|t:|1699511727\n|move|p1a: Lulu|Will-O-Wisp|p2a: Toedscruel\n|-status|p2a: Toedscruel|brn\n|move|p2a: Toedscruel|Spikes|p1a: Lulu\n|-sidestart|p1: ZGFenRir|Spikes\n|\n|-damage|p2a: Toedscruel|95\/100 brn|[from] brn\n|upkeep\n|turn|4\n|\n|t:|1699511739\n|move|p1a: Lulu|Hex|p2a: Toedscruel\n|-damage|p2a: Toedscruel|54\/100 brn\n|move|p2a: Toedscruel|Giga Drain|p1a: Lulu\n|-damage|p1a: Lulu|65\/100\n|-heal|p2a: Toedscruel|70\/100 brn|[from] drain|[of] p1a: Lulu\n|\n|-heal|p1a: Lulu|71\/100|[from] item: Leftovers\n|-damage|p2a: Toedscruel|64\/100 brn|[from] brn\n|upkeep\n|turn|5\n|\n|t:|1699511749\n|move|p1a: Lulu|Hex|p2a: Toedscruel\n|-damage|p2a: Toedscruel|25\/100 brn\n|move|p2a: Toedscruel|Spikes|p1a: Lulu\n|-sidestart|p1: ZGFenRir|Spikes\n|\n|-heal|p1a: Lulu|77\/100|[from] item: Leftovers\n|-damage|p2a: Toedscruel|19\/100 brn|[from] brn\n|upkeep\n|turn|6\n|\n|t:|1699511764\n|switch|p2a: Sableye|Sableye, M|100\/100\n|move|p1a: Lulu|Hex|p2a: Sableye\n|-damage|p2a: Sableye|68\/100\n|\n|-heal|p1a: Lulu|84\/100|[from] item: Leftovers\n|upkeep\n|turn|7\n|\n|t:|1699511802\n|switch|p1a: Despereaux|Maushold|100\/100\n|move|p2a: Sableye|Light Screen|p2a: Sableye\n|-sidestart|p2: Nebyula|move: Light Screen\n|\n|upkeep\n|turn|8\n|\n|t:|1699511815\n|move|p2a: Sableye|Reflect|p2a: Sableye\n|-sidestart|p2: Nebyula|Reflect\n|move|p1a: Despereaux|Tidy Up|p1a: Despereaux\n|-sideend|p1: ZGFenRir|Spikes\n|-activate|p1a: Despereaux|move: Tidy Up\n|-boost|p1a: Despereaux|atk|1\n|-boost|p1a: Despereaux|spe|1\n|\n|upkeep\n|turn|9\n|c|\u2606ZGFenRir|dt! prankster\n|c| Mole Enthusiast|! in front\n|inactive|Battle timer is ON: inactive players will automatically lose when time's up. (requested by Nebyula)\n|c|\u2606ZGFenRir|!dt prankster\n|raw|<ul class=\"utilichart\"><li class=\"result\"><span class=\"col namecol\"><a href=\"https:\/\/dex.pokemonshowdown.com\/abilities\/prankster\">Prankster<\/a><\/span> <span class=\"col abilitydesccol\">This Pokemon's Status moves have priority raised by 1, but Dark types are immune.<\/span> <\/li><li style=\"clear:both\"><\/li><\/ul>\n|raw|<font size=\"1\"><font color=\"#686868\">Gen:<\/font> 5<\/font>\n\n|c|\u2606ZGFenRir|you saw nothing\n|c|\u2606Nebyula|Get timered\n|inactive|ZGFenRir has 270 seconds left.\n|\n|t:|1699511882\n|switch|p1a: TOXIC|Toxapex, F|100\/100\n|move|p2a: Sableye|Encore||[still]\n|-fail|p2a: Sableye\n|\n|upkeep\n|turn|10\n|\n|t:|1699511889\n|switch|p2a: Garchomp|Garchomp, M|100\/100\n|move|p1a: TOXIC|Toxic|p2a: Garchomp\n|-status|p2a: Garchomp|tox\n|\n|-damage|p2a: Garchomp|94\/100 tox|[from] psn\n|upkeep\n|turn|11\n|c| Maxwel1|\/\/ instead of ! Makes the message private\n|\n|t:|1699511905\n|switch|p1a: Lulu|Mismagius, F|84\/100\n|move|p2a: Garchomp|Swords Dance|p2a: Garchomp\n|-boost|p2a: Garchomp|atk|2\n|\n|-heal|p1a: Lulu|90\/100|[from] item: Leftovers\n|-heal|p2a: Garchomp|100\/100 tox|[from] item: Leftovers\n|-damage|p2a: Garchomp|88\/100 tox|[from] psn\n|upkeep\n|turn|12\n|\n|t:|1699511922\n|move|p1a: Lulu|Destiny Bond|p1a: Lulu\n|-singlemove|p1a: Lulu|Destiny Bond\n|move|p2a: Garchomp|Dragon Claw|p1a: Lulu\n|-damage|p1a: Lulu|0 fnt\n|faint|p1a: Lulu\n|-activate|p1a: Lulu|move: Destiny Bond\n|faint|p2a: Garchomp\n|\n|upkeep\n|c| Maxwel1|Lmao\n|\n|t:|1699511941\n|switch|p1a: Ironwill|Iron Valiant|100\/100\n|switch|p2a: Klefki|Klefki, M|100\/100\n|turn|13\n|c| shimokia|WOOOOOOOOOOO\n|c| shimokia|DBOND GAMING\n|inactive|ZGFenRir has 270 seconds left.\n|inactive|ZGFenRir has 240 seconds left.\n|\n|t:|1699511990\n|-end|p1a: Ironwill|Quark Drive|[silent]\n|switch|p1a: Kamado|Kingambit, F|100\/100\n|-activate|p1a: Kamado|ability: Supreme Overlord\n|-start|p1a: Kamado|fallen1|[silent]\n|move|p2a: Klefki|Calm Mind|p2a: Klefki\n|-boost|p2a: Klefki|spa|1\n|-boost|p2a: Klefki|spd|1\n|\n|upkeep\n|turn|14\n|inactive|ZGFenRir has 240 seconds left.\n|\n|t:|1699512018\n|move|p2a: Klefki|Dazzling Gleam|p1a: Kamado\n|-damage|p1a: Kamado|52\/100\n|move|p1a: Kamado|Swords Dance|p1a: Kamado\n|-boost|p1a: Kamado|atk|2\n|\n|-heal|p1a: Kamado|58\/100|[from] item: Leftovers\n|-sideend|p2: Nebyula|move: Light Screen\n|upkeep\n|turn|15\n|inactive|ZGFenRir has 240 seconds left.\n|inactive|Nebyula has 270 seconds left.\n|\n|t:|1699512046\n|move|p2a: Klefki|Dazzling Gleam|p1a: Kamado\n|-damage|p1a: Kamado|4\/100\n|move|p1a: Kamado|Kowtow Cleave|p2a: Klefki\n|-resisted|p2a: Klefki\n|-damage|p2a: Klefki|68\/100\n|-damage|p1a: Kamado|0 fnt|[from] item: Rocky Helmet|[of] p2a: Klefki\n|faint|p1a: Kamado\n|-end|p1a: Kamado|fallen1|[silent]\n|\n|-sideend|p2: Nebyula|Reflect\n|upkeep\n|c| Maxwel1|Oof\n|inactive|ZGFenRir has 210 seconds left.\n|\n|t:|1699512073\n|switch|p1a: Ironwill|Iron Valiant|100\/100\n|turn|16\n|inactive|ZGFenRir has 210 seconds left.\n|\n|t:|1699512079\n|move|p2a: Klefki|Thunder Wave|p1a: Ironwill\n|-status|p1a: Ironwill|par\n|cant|p1a: Ironwill|par\n|\n|upkeep\n|turn|17\n|\n|t:|1699512085\n|move|p1a: Ironwill|Trick|p2a: Klefki\n|-activate|p1a: Ironwill|move: Trick|[of] p2a: Klefki\n|-item|p2a: Klefki|Choice Scarf|[from] move: Trick\n|-item|p1a: Ironwill|Rocky Helmet|[from] move: Trick\n|move|p2a: Klefki|Dazzling Gleam|p1a: Ironwill\n|-supereffective|p1a: Ironwill\n|-damage|p1a: Ironwill|0 fnt\n|faint|p1a: Ironwill\n|-end|p1a: Ironwill|Quark Drive|[silent]\n|\n|upkeep\n|\n|t:|1699512094\n|switch|p1a: Oolab|Urshifu, M|100\/100 slp\n|turn|18\n|\n|t:|1699512101\n|cant|p1a: Oolab|slp\n|move|p2a: Klefki|Dazzling Gleam|p1a: Oolab\n|-supereffective|p1a: Oolab\n|-damage|p1a: Oolab|0 fnt\n|faint|p1a: Oolab\n|\n|upkeep\n|\n|t:|1699512112\n|switch|p1a: TOXIC|Toxapex, F|100\/100\n|turn|19\n|c| Maxwel1|Pex sweep\n|\n|t:|1699512130\n|move|p2a: Klefki|Dazzling Gleam|p1a: TOXIC\n|-resisted|p1a: TOXIC\n|-damage|p1a: TOXIC|80\/100\n|move|p1a: TOXIC|Surf|p2a: Klefki\n|-damage|p2a: Klefki|53\/100\n|\n|-heal|p1a: TOXIC|86\/100|[from] item: Black Sludge\n|upkeep\n|turn|20\n|\n|t:|1699512143\n|switch|p2a: Slither Wing|Slither Wing|100\/100\n|move|p1a: TOXIC|Surf|p2a: Slither Wing\n|-damage|p2a: Slither Wing|79\/100\n|\n|-heal|p1a: TOXIC|92\/100|[from] item: Black Sludge\n|upkeep\n|turn|21\n|inactive|ZGFenRir has 240 seconds left.\n|\n|t:|1699512152\n|move|p2a: Slither Wing|Wild Charge|p1a: TOXIC\n|-supereffective|p1a: TOXIC\n|-damage|p1a: TOXIC|32\/100\n|-damage|p2a: Slither Wing|64\/100|[from] Recoil\n|move|p1a: TOXIC|Toxic|p2a: Slither Wing\n|-status|p2a: Slither Wing|tox\n|\n|-heal|p1a: TOXIC|38\/100|[from] item: Black Sludge\n|-damage|p2a: Slither Wing|58\/100 tox|[from] psn\n|upkeep\n|turn|22\n|\n|t:|1699512162\n|switch|p1a: Despereaux|Maushold|100\/100\n|move|p2a: Slither Wing|Wild Charge|p1a: Despereaux\n|-damage|p1a: Despereaux|45\/100\n|-damage|p2a: Slither Wing|43\/100 tox|[from] Recoil\n|\n|-damage|p2a: Slither Wing|30\/100 tox|[from] psn\n|upkeep\n|turn|23\n|\n|t:|1699512176\n|-end|p2a: Slither Wing|Protosynthesis|[silent]\n|switch|p2a: Sableye|Sableye, M|68\/100\n|move|p1a: Despereaux|Super Fang|p2a: Sableye\n|-immune|p2a: Sableye\n|\n|upkeep\n|turn|24\n|\n|t:|1699512189\n|move|p1a: Despereaux|U-turn|p2a: Sableye\n|-damage|p2a: Sableye|49\/100\n|\n|t:|1699512191\n|switch|p1a: TOXIC|Toxapex, F|71\/100|[from] U-turn\n|move|p2a: Sableye|Knock Off|p1a: TOXIC\n|-damage|p1a: TOXIC|57\/100\n|-enditem|p1a: TOXIC|Black Sludge|[from] move: Knock Off|[of] p2a: Sableye\n|\n|upkeep\n|turn|25\n|inactive|ZGFenRir has 240 seconds left.\n|\n|t:|1699512226\n|switch|p2a: Toedscruel|Toedscruel, M|19\/100 brn\n|move|p1a: TOXIC|Toxic||[still]\n|-fail|p1a: TOXIC\n|\n|-damage|p2a: Toedscruel|13\/100 brn|[from] brn\n|upkeep\n|turn|26\n|\n|t:|1699512235\n|switch|p1a: Despereaux|Maushold|45\/100\n|move|p2a: Toedscruel|Spore|p1a: Despereaux\n|-status|p1a: Despereaux|slp|[from] move: Spore\n|\n|-damage|p2a: Toedscruel|7\/100 brn|[from] brn\n|upkeep\n|turn|27\n|inactive|ZGFenRir has 240 seconds left.\n|\n|t:|1699512243\n|switch|p1a: TOXIC|Toxapex, F|90\/100\n|move|p2a: Toedscruel|Giga Drain|p1a: TOXIC\n|-damage|p1a: TOXIC|68\/100\n|-heal|p2a: Toedscruel|18\/100 brn|[from] drain|[of] p1a: TOXIC\n|\n|-damage|p2a: Toedscruel|12\/100 brn|[from] brn\n|upkeep\n|turn|28\n|\n|t:|1699512262\n|switch|p2a: Sableye|Sableye, M|49\/100\n|move|p1a: TOXIC|Surf|p2a: Sableye\n|-damage|p2a: Sableye|30\/100\n|\n|upkeep\n|turn|29\n|\n|t:|1699512271\n|move|p2a: Sableye|Light Screen|p2a: Sableye\n|-sidestart|p2: Nebyula|move: Light Screen\n|move|p1a: TOXIC|Toxic|p2a: Sableye\n|-status|p2a: Sableye|tox\n|\n|-damage|p2a: Sableye|24\/100 tox|[from] psn\n|upkeep\n|turn|30\n|\n|t:|1699512279\n|move|p2a: Sableye|Encore|p1a: TOXIC\n|-start|p1a: TOXIC|Encore\n|move|p1a: TOXIC|Toxic|p2a: Sableye\n|-fail|p2a: Sableye|tox\n|\n|-damage|p2a: Sableye|12\/100 tox|[from] psn\n|upkeep\n|turn|31\n|\n|t:|1699512287\n|switch|p2a: Toedscruel|Toedscruel, M|12\/100 brn\n|switch|p1a: Despereaux|Maushold|45\/100 slp\n|\n|-damage|p2a: Toedscruel|6\/100 brn|[from] brn\n|upkeep\n|turn|32\n|\n|t:|1699512303\n|cant|p1a: Despereaux|slp\n|move|p2a: Toedscruel|Giga Drain|p1a: Despereaux\n|-damage|p1a: Despereaux|7\/100 slp\n|-heal|p2a: Toedscruel|28\/100 brn|[from] drain|[of] p1a: Despereaux\n|\n|-damage|p2a: Toedscruel|22\/100 brn|[from] brn\n|upkeep\n|turn|33\n|\n|t:|1699512313\n|-curestatus|p1a: Despereaux|slp|[msg]\n|move|p1a: Despereaux|Super Fang|p2a: Toedscruel\n|-damage|p2a: Toedscruel|11\/100 brn\n|move|p2a: Toedscruel|Giga Drain|p1a: Despereaux\n|-damage|p1a: Despereaux|0 fnt\n|-heal|p2a: Toedscruel|15\/100 brn|[from] drain|[of] p1a: Despereaux\n|faint|p1a: Despereaux\n|\n|-damage|p2a: Toedscruel|9\/100 brn|[from] brn\n|upkeep\n|\n|t:|1699512322\n|switch|p1a: TOXIC|Toxapex, F|100\/100\n|turn|34\n|\n|t:|1699512330\n|move|p2a: Toedscruel|Giga Drain|p1a: TOXIC\n|-damage|p1a: TOXIC|79\/100\n|-heal|p2a: Toedscruel|20\/100 brn|[from] drain|[of] p1a: TOXIC\n|move|p1a: TOXIC|Surf|p2a: Toedscruel\n|-damage|p2a: Toedscruel|13\/100 brn\n|\n|-damage|p2a: Toedscruel|7\/100 brn|[from] brn\n|upkeep\n|turn|35\n|inactive|ZGFenRir has 270 seconds left.\n|\n|t:|1699512355\n|move|p2a: Toedscruel|Giga Drain|p1a: TOXIC\n|-damage|p1a: TOXIC|56\/100\n|-heal|p2a: Toedscruel|19\/100 brn|[from] drain|[of] p1a: TOXIC\n|move|p1a: TOXIC|Surf|p2a: Toedscruel\n|-damage|p2a: Toedscruel|12\/100 brn\n|\n|-damage|p2a: Toedscruel|6\/100 brn|[from] brn\n|upkeep\n|turn|36\n|\n|t:|1699512362\n|move|p2a: Toedscruel|Giga Drain|p1a: TOXIC\n|-damage|p1a: TOXIC|32\/100\n|-heal|p2a: Toedscruel|19\/100 brn|[from] drain|[of] p1a: TOXIC\n|move|p1a: TOXIC|Surf|p2a: Toedscruel\n|-damage|p2a: Toedscruel|12\/100 brn\n|\n|-damage|p2a: Toedscruel|6\/100 brn|[from] brn\n|-sideend|p2: Nebyula|move: Light Screen\n|upkeep\n|turn|37\n|\n|t:|1699512371\n|move|p2a: Toedscruel|Giga Drain|p1a: TOXIC\n|-damage|p1a: TOXIC|7\/100\n|-heal|p2a: Toedscruel|18\/100 brn|[from] drain|[of] p1a: TOXIC\n|move|p1a: TOXIC|Recover|p1a: TOXIC\n|-heal|p1a: TOXIC|57\/100\n|\n|-damage|p2a: Toedscruel|12\/100 brn|[from] brn\n|upkeep\n|turn|38\n|\n|t:|1699512379\n|move|p2a: Toedscruel|Giga Drain|p1a: TOXIC\n|-damage|p1a: TOXIC|33\/100\n|-heal|p2a: Toedscruel|25\/100 brn|[from] drain|[of] p1a: TOXIC\n|move|p1a: TOXIC|Recover|p1a: TOXIC\n|-heal|p1a: TOXIC|83\/100\n|\n|-damage|p2a: Toedscruel|19\/100 brn|[from] brn\n|upkeep\n|turn|39\n|\n|t:|1699512390\n|move|p2a: Toedscruel|Giga Drain|p1a: TOXIC\n|-damage|p1a: TOXIC|57\/100\n|-heal|p2a: Toedscruel|32\/100 brn|[from] drain|[of] p1a: TOXIC\n|move|p1a: TOXIC|Recover|p1a: TOXIC\n|-heal|p1a: TOXIC|100\/100\n|\n|-damage|p2a: Toedscruel|26\/100 brn|[from] brn\n|upkeep\n|turn|40\n|\n|t:|1699512397\n|move|p1a: TOXIC|Surf|p2a: Toedscruel\n|-damage|p2a: Toedscruel|11\/100 brn\n|move|p2a: Toedscruel|Spore|p1a: TOXIC\n|-status|p1a: TOXIC|slp|[from] move: Spore\n|\n|-damage|p2a: Toedscruel|5\/100 brn|[from] brn\n|upkeep\n|turn|41\n|\n|t:|1699512405\n|move|p2a: Toedscruel|Giga Drain|p1a: TOXIC\n|-damage|p1a: TOXIC|76\/100 slp\n|-heal|p2a: Toedscruel|18\/100 brn|[from] drain|[of] p1a: TOXIC\n|cant|p1a: TOXIC|slp\n|\n|-damage|p2a: Toedscruel|12\/100 brn|[from] brn\n|upkeep\n|turn|42\n|\n|t:|1699512412\n|move|p2a: Toedscruel|Giga Drain|p1a: TOXIC\n|-damage|p1a: TOXIC|52\/100 slp\n|-heal|p2a: Toedscruel|24\/100 brn|[from] drain|[of] p1a: TOXIC\n|cant|p1a: TOXIC|slp\n|\n|-damage|p2a: Toedscruel|18\/100 brn|[from] brn\n|upkeep\n|turn|43\n|\n|t:|1699512419\n|move|p2a: Toedscruel|Giga Drain|p1a: TOXIC\n|-damage|p1a: TOXIC|28\/100 slp\n|-heal|p2a: Toedscruel|31\/100 brn|[from] drain|[of] p1a: TOXIC\n|cant|p1a: TOXIC|slp\n|\n|-damage|p2a: Toedscruel|25\/100 brn|[from] brn\n|upkeep\n|turn|44\n|\n|t:|1699512426\n|move|p2a: Toedscruel|Giga Drain|p1a: TOXIC\n|-damage|p1a: TOXIC|4\/100 slp\n|-heal|p2a: Toedscruel|36\/100 brn|[from] drain|[of] p1a: TOXIC\n|-curestatus|p1a: TOXIC|slp|[msg]\n|move|p1a: TOXIC|Recover|p1a: TOXIC\n|-heal|p1a: TOXIC|55\/100\n|\n|-damage|p2a: Toedscruel|30\/100 brn|[from] brn\n|upkeep\n|turn|45\n|\n|t:|1699512435\n|move|p1a: TOXIC|Recover|p1a: TOXIC\n|-heal|p1a: TOXIC|100\/100\n|move|p2a: Toedscruel|Spore|p1a: TOXIC\n|-status|p1a: TOXIC|slp|[from] move: Spore\n|\n|-damage|p2a: Toedscruel|24\/100 brn|[from] brn\n|upkeep\n|turn|46\n|c|\u2606Nebyula|My dude. You've lost\n|-message|ZGFenRir forfeited.\n|\n|win|Nebyula\n|l|\u2606ZGFenRir\n|c|\u2606Nebyula|Thanks\n|c| Mottols|NO HE DIDNT YET\n|c| Mottols|FENRIR\n|c| shimokia|NOOOOOOOOOOO\n|c| Mottols|WHY\n|c|\u2606Nebyula|Hot win\n","uploadtime":1699512482,"views":17,"p1id":"zgfenrir","p2id":"nebyula","formatid":"gen9ubers","rating":0,"private":0,"password":""}