{"id":"gen9ubers-1990087364","p1":"LadyMaria-Blue","p2":"XpokVEVO","format":"[Gen 9] Ubers","log":"|j|\u2606LadyMaria-Blue\n|j|\u2606XpokVEVO\n|t:|1699923168\n|gametype|singles\n|player|p1|LadyMaria-Blue|cynthia|\n|player|p2|XpokVEVO|mustard|\n|teamsize|p1|6\n|teamsize|p2|6\n|gen|9\n|tier|[Gen 9] Ubers\n|rule|Sleep Clause Mod: Limit one foe put to sleep\n|rule|Species Clause: Limit one of each Pok\u00e9mon\n|rule|OHKO Clause: OHKO moves are banned\n|rule|Evasion Items Clause: Evasion items are banned\n|rule|Evasion Moves Clause: Evasion moves are banned\n|rule|Endless Battle Clause: Forcing endless battles is banned\n|rule|HP Percentage Mod: HP is shown in percentages\n|clearpoke\n|poke|p1|Torkoal, F|\n|poke|p1|Roaring Moon|\n|poke|p1|Magearna|\n|poke|p1|Volcanion|\n|poke|p1|Chi-Yu|\n|poke|p1|Walking Wake|\n|poke|p2|Cyclizar, F|\n|poke|p2|Espathra, F|\n|poke|p2|Zacian-*|\n|poke|p2|Arceus-Fire|\n|poke|p2|Magearna|\n|poke|p2|Palafin, M|\n|teampreview\n|inactive|Battle timer is ON: inactive players will automatically lose when time's up. (requested by XpokVEVO)\n|j| Laprasrules12\n|c|\u2606XpokVEVO|hes gonna try to bait the flip turn water absorb so bad\n|inactive|LadyMaria-Blue has 270 seconds left.\n|c|\u2606XpokVEVO|fuck\n|inactive|XpokVEVO has 270 seconds left.\n|c|\u2606XpokVEVO|i was talking to a friend\n|c| Laprasrules12|Damn\n|j| Bestmaindragonite\n|\n|t:|1699923232\n|start\n|switch|p1a: Magearna|Magearna|100\/100\n|switch|p2a: Akira|Cyclizar, F|100\/100\n|turn|1\n|c|\u2606XpokVEVO|oh i hadnt clicked\n|\n|t:|1699923239\n|move|p2a: Akira|Shed Tail|p2a: Akira\n|-start|p2a: Akira|Substitute|[from] move: Shed Tail\n|-damage|p2a: Akira|50\/100\n|inactive|XpokVEVO has 270 seconds left.\n|l| Laprasrules12\n|c|\u2606LadyMaria-Blue|she* btw\n|inactive|XpokVEVO has 240 seconds left.\n|c|\u2606XpokVEVO|my fault\n|j| IcyTheScreamer\n|inactive|XpokVEVO has 210 seconds left.\n|inactive|XpokVEVO has 180 seconds left.\n|j| samticidae\n|\n|t:|1699923377\n|switch|p2a: Ar\u0441eus-Fighting|Arceus-Fire, shiny|100\/100|[from] Shed Tail\n|move|p1a: Magearna|Shift Gear|p1a: Magearna\n|-boost|p1a: Magearna|spe|2\n|-boost|p1a: Magearna|atk|1\n|\n|upkeep\n|turn|2\n|c| Bestmaindragonite|The most difficult shed tail decision ever\n|j| Laprasrules12\n|c| samticidae|no it's ok xpok is a beautiful, middle-aged brazilian beauty\n|c| IcyTheScreamer|bro was thinking for that one\n|inactive|XpokVEVO has 150 seconds left.\n|c|\u2606XpokVEVO|I WILL WIN\n|c|\u2606LadyMaria-Blue|xpok is jetstream sam?\n|\n|t:|1699923407\n|move|p1a: Magearna|Thunderbolt|p2a: Ar\u0441eus-Fighting\n|-end|p2a: Ar\u0441eus-Fighting|Substitute\n|-damage|p1a: Magearna|91\/100|[from] item: Life Orb\n|move|p2a: Ar\u0441eus-Fighting|Dragon Dance|p2a: Ar\u0441eus-Fighting\n|-boost|p2a: Ar\u0441eus-Fighting|atk|1\n|-boost|p2a: Ar\u0441eus-Fighting|spe|1\n|\n|upkeep\n|turn|3\n|inactive|XpokVEVO has 150 seconds left.\n|c|\u2606XpokVEVO|ITS THUNDERBOLT??\n|c| Laprasrules12|Ew Arceus-Red\n|c| Laprasrules12|Arceus-Blue better\n|c|\u2606XpokVEVO|arceus RAINBOW is cooler\n|c| samticidae|gatorade arceus :yum:\n|\n|t:|1699923431\n|move|p1a: Magearna|Thunderbolt|p2a: Ar\u0441eus-Fighting\n|-damage|p2a: Ar\u0441eus-Fighting|72\/100\n|-damage|p1a: Magearna|81\/100|[from] item: Life Orb\n|move|p2a: Ar\u0441eus-Fighting|Dragon Dance|p2a: Ar\u0441eus-Fighting\n|-boost|p2a: Ar\u0441eus-Fighting|atk|1\n|-boost|p2a: Ar\u0441eus-Fighting|spe|1\n|\n|upkeep\n|turn|4\n|c|\u2606XpokVEVO|did you just lose the game\n|c|\u2606LadyMaria-Blue|maybe\n|inactive|XpokVEVO has 120 seconds left.\n|c| samticidae|Did we just Win?\n|c| Laprasrules12|Damn\n|c| Laprasrules12|We lost\n|inactive|XpokVEVO has 90 seconds left.\n|\n|t:|1699923488\n|move|p2a: Ar\u0441eus-Fighting|Dragon Dance|p2a: Ar\u0441eus-Fighting\n|-boost|p2a: Ar\u0441eus-Fighting|atk|1\n|-boost|p2a: Ar\u0441eus-Fighting|spe|1\n|move|p1a: Magearna|Fleur Cannon|p2a: Ar\u0441eus-Fighting\n|-resisted|p2a: Ar\u0441eus-Fighting\n|-damage|p2a: Ar\u0441eus-Fighting|44\/100\n|-unboost|p1a: Magearna|spa|2\n|-damage|p1a: Magearna|71\/100|[from] item: Life Orb\n|\n|upkeep\n|turn|5\n|c|\u2606XpokVEVO|?????????\n|\n|t:|1699923498\n|switch|p1a: Torkoal|Torkoal, F|100\/100\n|-weather|SunnyDay|[from] ability: Drought|[of] p1a: Torkoal\n|move|p2a: Ar\u0441eus-Fighting|Recover|p2a: Ar\u0441eus-Fighting\n|-heal|p2a: Ar\u0441eus-Fighting|94\/100\n|\n|-weather|SunnyDay|[upkeep]\n|upkeep\n|turn|6\n|c|\u2606XpokVEVO|did you fall for the arceus fighting?\n|c|\u2606LadyMaria-Blue|no\n|inactive|XpokVEVO has 90 seconds left.\n|\n|t:|1699923514\n|move|p2a: Ar\u0441eus-Fighting|Dragon Dance|p2a: Ar\u0441eus-Fighting\n|-boost|p2a: Ar\u0441eus-Fighting|atk|1\n|-boost|p2a: Ar\u0441eus-Fighting|spe|1\n|move|p1a: Torkoal|Yawn|p2a: Ar\u0441eus-Fighting\n|-start|p2a: Ar\u0441eus-Fighting|move: Yawn|[of] p1a: Torkoal\n|\n|-weather|SunnyDay|[upkeep]\n|upkeep\n|turn|7\n|c|\u2606XpokVEVO|NONONO WAIT I FORGOT\n|c|\u2606XpokVEVO|YAWN\n|inactive|XpokVEVO has 90 seconds left.\n|c| IcyTheScreamer|greedy\n|c| Laprasrules12|Damn\n|\n|t:|1699923537\n|switch|p1a: Walking Wake|Walking Wake|100\/100\n|-activate|p1a: Walking Wake|ability: Protosynthesis\n|-start|p1a: Walking Wake|protosynthesisspe\n|move|p2a: Ar\u0441eus-Fighting|Flare Blitz|p1a: Walking Wake\n|-resisted|p1a: Walking Wake\n|-damage|p1a: Walking Wake|11\/100\n|-damage|p2a: Ar\u0441eus-Fighting|71\/100|[from] Recoil\n|\n|-weather|SunnyDay|[upkeep]\n|-end|p2a: Ar\u0441eus-Fighting|move: Yawn|[silent]\n|-status|p2a: Ar\u0441eus-Fighting|slp\n|upkeep\n|turn|8\n|c| Laprasrules12|DAYMN\n|inactive|XpokVEVO has 90 seconds left.\n|c|\u2606XpokVEVO|WAKE UP AND SAVE US, ARCEUS FIGHTING\n|\n|t:|1699923551\n|-terastallize|p2a: Ar\u0441eus-Fighting|Fairy\n|cant|p2a: Ar\u0441eus-Fighting|slp\n|move|p1a: Walking Wake|Hydro Steam|p2a: Ar\u0441eus-Fighting\n|-damage|p2a: Ar\u0441eus-Fighting|11\/100 slp\n|\n|-weather|SunnyDay|[upkeep]\n|upkeep\n|turn|9\n|\n|t:|1699923556\n|cant|p2a: Ar\u0441eus-Fighting|slp\n|move|p1a: Walking Wake|Hydro Steam|p2a: Ar\u0441eus-Fighting\n|-damage|p2a: Ar\u0441eus-Fighting|0 fnt\n|faint|p2a: Ar\u0441eus-Fighting\n|\n|-weather|SunnyDay|[upkeep]\n|upkeep\n|c|\u2606XpokVEVO|fortunate\n|c|\u2606XpokVEVO|does not begin to describe\n|c| samticidae|lavos would be proud...\n|inactive|XpokVEVO has 90 seconds left.\n|c| Laprasrules12|Im proud\n|c| samticidae|hi proud\n|c| Laprasrules12|Use actual Arceus-Fighting\n|\n|t:|1699923585\n|switch|p2a: Aunt Fanny|Magearna|100\/100\n|turn|10\n|c| IcyTheScreamer|im also proud\n|\n|t:|1699923592\n|-end|p1a: Walking Wake|Protosynthesis|[silent]\n|switch|p1a: Chi-Yu|Chi-Yu|100\/100\n|-ability|p1a: Chi-Yu|Beads of Ruin\n|move|p2a: Aunt Fanny|Volt Switch|p1a: Chi-Yu\n|-damage|p1a: Chi-Yu|70\/100\n|c|\u2606XpokVEVO|im xnok\n|inactive|XpokVEVO has 90 seconds left.\n|c| IcyTheScreamer|xnok lol\n|\n|t:|1699923606\n|switch|p2a: Palafin|Palafin, M|100\/100|[from] Volt Switch\n|\n|-weather|SunnyDay|[upkeep]\n|upkeep\n|turn|11\n|c| samticidae|the n stands for nisman\n|inactive|XpokVEVO has 90 seconds left.\n|c| Laprasrules12|Like legit this is just like yhe team ive been using since I joined the server\n|c|\u2606XpokVEVO|IF ITS SCARF WE GETTING SENT TO THE 3-1 BRACKET WITH THIS ONE\n|\n|t:|1699923634\n|move|p1a: Chi-Yu|Dark Pulse|p2a: Palafin\n|-damage|p2a: Palafin|25\/100\n|cant|p2a: Palafin|flinch\n|\n|-weather|SunnyDay|[upkeep]\n|upkeep\n|turn|12\n|c|\u2606XpokVEVO|UNFORTUNATE\n|c|\u2606XpokVEVO|DOES BEGIN TO DESCRIBE\n|c| Bestmaindragonite|Lavos will be really proud\n|c| samticidae|LAVOS WOULD BE PROUD............\n|c| Laprasrules12|But with Arceus-Fighting and not fire, along with Palkia not Palafin\n|\n|t:|1699923652\n|detailschange|p2a: Palafin|Palafin-Hero, M\n|switch|p2a: Aunt Fanny|Magearna|100\/100\n|move|p1a: Chi-Yu|Dark Pulse|p2a: Aunt Fanny\n|-resisted|p2a: Aunt Fanny\n|-damage|p2a: Aunt Fanny|78\/100\n|\n|-weather|none\n|upkeep\n|turn|13\n|c| IcyTheScreamer|lavos whatching over this battle\n|c| Laprasrules12|Thats what ya get for being too greedy\n|\n|t:|1699923658\n|switch|p1a: Torkoal|Torkoal, F|100\/100\n|-weather|SunnyDay|[from] ability: Drought|[of] p1a: Torkoal\n|move|p2a: Aunt Fanny|Fleur Cannon|p1a: Torkoal\n|-resisted|p1a: Torkoal\n|-damage|p1a: Torkoal|64\/100\n|-unboost|p2a: Aunt Fanny|spa|2\n|-enditem|p2a: Aunt Fanny|Eject Pack\n|\n|t:|1699923664\n|switch|p2a: Akira|Cyclizar, F|84\/100\n|\n|-weather|SunnyDay|[upkeep]\n|upkeep\n|turn|14\n|\n|t:|1699923670\n|switch|p1a: Walking Wake|Walking Wake|11\/100\n|-activate|p1a: Walking Wake|ability: Protosynthesis\n|-start|p1a: Walking Wake|protosynthesisspe\n|move|p2a: Akira|Shed Tail|p2a: Akira\n|-start|p2a: Akira|Substitute|[from] move: Shed Tail\n|-damage|p2a: Akira|33\/100\n|c|\u2606XpokVEVO|sungalacatungalacatungala\n|c|\u2606XpokVEVO|OH DID WE JUST ESPATHRA?\n|\n|t:|1699923682\n|switch|p2a: Emu War|Espathra, F|100\/100|[from] Shed Tail\n|\n|-weather|SunnyDay|[upkeep]\n|upkeep\n|turn|15\n|\n|t:|1699923696\n|move|p2a: Emu War|Protect|p2a: Emu War\n|-singleturn|p2a: Emu War|Protect\n|move|p1a: Walking Wake|Hydro Steam|p2a: Emu War\n|-activate|p2a: Emu War|move: Protect\n|\n|-weather|SunnyDay|[upkeep]\n|-ability|p2a: Emu War|Speed Boost|boost\n|-boost|p2a: Emu War|spe|1\n|upkeep\n|turn|16\n|c| IcyTheScreamer|if i could send that emu gif i would\n|\n|t:|1699923703\n|move|p1a: Walking Wake|Hydro Steam|p2a: Emu War\n|-end|p2a: Emu War|Substitute\n|move|p2a: Emu War|Calm Mind|p2a: Emu War\n|-boost|p2a: Emu War|spa|1\n|-boost|p2a: Emu War|spd|1\n|\n|-weather|SunnyDay|[upkeep]\n|-ability|p2a: Emu War|Speed Boost|boost\n|-boost|p2a: Emu War|spe|1\n|upkeep\n|turn|17\n|inactive|XpokVEVO has 90 seconds left.\n|c| Bestmaindragonite|\/\/shockedlapras\n|\n|t:|1699923732\n|move|p2a: Emu War|Calm Mind|p2a: Emu War\n|-boost|p2a: Emu War|spa|1\n|-boost|p2a: Emu War|spd|1\n|move|p1a: Walking Wake|Hydro Steam|p2a: Emu War\n|-damage|p2a: Emu War|35\/100\n|\n|-weather|SunnyDay|[upkeep]\n|-heal|p2a: Emu War|41\/100|[from] item: Leftovers\n|-ability|p2a: Emu War|Speed Boost|boost\n|-boost|p2a: Emu War|spe|1\n|upkeep\n|turn|18\n|\n|t:|1699923737\n|move|p2a: Emu War|Protect|p2a: Emu War\n|-singleturn|p2a: Emu War|Protect\n|move|p1a: Walking Wake|Hydro Steam|p2a: Emu War\n|-activate|p2a: Emu War|move: Protect\n|\n|-weather|SunnyDay|[upkeep]\n|-heal|p2a: Emu War|47\/100|[from] item: Leftovers\n|-ability|p2a: Emu War|Speed Boost|boost\n|-boost|p2a: Emu War|spe|1\n|upkeep\n|turn|19\n|c| samticidae|i was never shed tail smart i'm calm mind smart, makes me click that stored power\n|c|\u2606XpokVEVO|TRUE\n|c|\u2606XpokVEVO|DONT WORRY, CALM MIND DROPS NEXT TURN, LOSE!\n|inactive|XpokVEVO has 60 seconds left.\n|\n|t:|1699923775\n|move|p2a: Emu War|Stored Power|p1a: Walking Wake\n|-damage|p1a: Walking Wake|0 fnt\n|faint|p1a: Walking Wake\n|-end|p1a: Walking Wake|Protosynthesis|[silent]\n|\n|-weather|SunnyDay|[upkeep]\n|-heal|p2a: Emu War|53\/100|[from] item: Leftovers\n|-ability|p2a: Emu War|Speed Boost|boost\n|-boost|p2a: Emu War|spe|1\n|upkeep\n|\n|t:|1699923782\n|switch|p1a: Roaring Moon|Roaring Moon|100\/100\n|-activate|p1a: Roaring Moon|ability: Protosynthesis\n|-start|p1a: Roaring Moon|protosynthesisspe\n|turn|20\n|c|\u2606XpokVEVO|THANK YOU FOR THIS 50 50 ALLAH..\n|c| samticidae|call me espathra, cyclizar, i got hella boosts\n|inactive|XpokVEVO has 60 seconds left.\n|c| Laprasrules12|Dont worry\n|c| Laprasrules12|[The opposing Kingambit's Supreme Overlord]\n|c| Laprasrules12|Kingambit has been given strength from thr fallen\n|inactive|LadyMaria-Blue has 270 seconds left.\n|c| samticidae|LOOOOL\n|inactive|XpokVEVO has 30 seconds left.\n|\n|t:|1699923834\n|-terastallize|p1a: Roaring Moon|Steel\n|move|p2a: Emu War|Protect|p2a: Emu War\n|-singleturn|p2a: Emu War|Protect\n|move|p1a: Roaring Moon|Iron Head|p2a: Emu War\n|-activate|p2a: Emu War|move: Protect\n|\n|-weather|none\n|-end|p1a: Roaring Moon|Protosynthesis\n|-heal|p2a: Emu War|59\/100|[from] item: Leftovers\n|-ability|p2a: Emu War|Speed Boost|boost\n|-boost|p2a: Emu War|spe|1\n|upkeep\n|turn|21\n|inactive|XpokVEVO has 30 seconds left.\n|c| Laprasrules12|Will they learn\n|c| Bestmaindragonite|Vish\n|inactive|XpokVEVO has 20 seconds left.\n|inactive|XpokVEVO has 15 seconds left.\n|inactive|XpokVEVO has 10 seconds left.\n|inactiveoff|Battle timer is now OFF.\n|c| Laprasrules12|Also holy 10 seconds\n|\n|t:|1699923878\n|move|p2a: Emu War|Stored Power|p1a: Roaring Moon\n|-resisted|p1a: Roaring Moon\n|-damage|p1a: Roaring Moon|24\/100\n|move|p1a: Roaring Moon|Iron Head|p2a: Emu War\n|-damage|p2a: Emu War|0 fnt\n|faint|p2a: Emu War\n|\n|upkeep\n|c|\u2606LadyMaria-Blue|i could do a massive trolling move rn\n|c|\u2606XpokVEVO|so. much. 50 50\n|c| IcyTheScreamer|imagine if xpok lost to time\n|c| Laprasrules12|They didnt learn\n|c| samticidae|it wouldn't be the last time he did\n|c| samticidae|after 1999 the guy's never been the same\n|\n|t:|1699923915\n|switch|p2a: Akira|Cyclizar, F|67\/100\n|turn|22\n|\n|t:|1699923917\n|move|p2a: Akira|Shed Tail|p2a: Akira\n|-start|p2a: Akira|Substitute|[from] move: Shed Tail\n|-damage|p2a: Akira|17\/100\n|c| Laprasrules12|Literally 1984\n|\n|t:|1699923930\n|switch|p2a: Palafin|Palafin-Hero, M|25\/100|[from] Shed Tail\n|-activate|p2a: Palafin|ability: Zero to Hero\n|move|p1a: Roaring Moon|Iron Head|p2a: Palafin\n|-resisted|p2a: Palafin\n|-end|p2a: Palafin|Substitute\n|\n|upkeep\n|turn|23\n|\n|t:|1699923938\n|-end|p1a: Roaring Moon|Protosynthesis|[silent]\n|switch|p1a: Torkoal|Torkoal, F|64\/100\n|-weather|SunnyDay|[from] ability: Drought|[of] p1a: Torkoal\n|move|p2a: Palafin|Close Combat|p1a: Torkoal\n|-damage|p1a: Torkoal|28\/100\n|-unboost|p2a: Palafin|def|1\n|-unboost|p2a: Palafin|spd|1\n|\n|-weather|SunnyDay|[upkeep]\n|upkeep\n|turn|24\n|\n|t:|1699923946\n|switch|p1a: Roaring Moon|Roaring Moon, tera:Steel|24\/100\n|-activate|p1a: Roaring Moon|ability: Protosynthesis\n|-start|p1a: Roaring Moon|protosynthesisspe\n|move|p2a: Palafin|Close Combat|p1a: Roaring Moon\n|-supereffective|p1a: Roaring Moon\n|-damage|p1a: Roaring Moon|0 fnt\n|-unboost|p2a: Palafin|def|1\n|-unboost|p2a: Palafin|spd|1\n|faint|p1a: Roaring Moon\n|-end|p1a: Roaring Moon|Protosynthesis|[silent]\n|\n|-weather|SunnyDay|[upkeep]\n|upkeep\n|c|\u2606XpokVEVO|NONOO WAITIAW ITWAIT\n|c|\u2606XpokVEVO|dont. use. chi yu.\n|\n|t:|1699923959\n|switch|p1a: Chi-Yu|Chi-Yu|70\/100\n|-ability|p1a: Chi-Yu|Beads of Ruin\n|turn|25\n|c| Bestmaindragonite|Xdn't\n|c|\u2606XpokVEVO|i wont. switch. into magearna.\n|\n|t:|1699923973\n|switch|p2a: Akira|Cyclizar, F|50\/100\n|move|p1a: Chi-Yu|Flamethrower|p2a: Akira\n|-resisted|p2a: Akira\n|-damage|p2a: Akira|0 fnt\n|faint|p2a: Akira\n|\n|-weather|SunnyDay|[upkeep]\n|upkeep\n|c|\u2606XpokVEVO|HOW\n|\n|t:|1699923985\n|switch|p2a: Princess|Zacian, shiny|100\/100\n|-ability|p2a: Princess|Intrepid Sword|boost\n|-boost|p2a: Princess|atk|1\n|turn|26\n|c| Laprasrules12|Well\n|\n|t:|1699923991\n|switch|p1a: Magearna|Magearna|71\/100\n|move|p2a: Princess|Close Combat|p1a: Magearna\n|-damage|p1a: Magearna|0 fnt\n|-unboost|p2a: Princess|def|1\n|-unboost|p2a: Princess|spd|1\n|faint|p1a: Magearna\n|\n|-weather|SunnyDay|[upkeep]\n|upkeep\n|c| Laprasrules12|Ya didnt switch into mag\n|\n|t:|1699924010\n|switch|p1a: Chi-Yu|Chi-Yu|70\/100\n|-ability|p1a: Chi-Yu|Beads of Ruin\n|turn|27\n|c|\u2606XpokVEVO|its scarf zacian so good read\n|c| Laprasrules12|Oh\n|\n|t:|1699924033\n|switch|p1a: Volcanion|Volcanion|100\/100\n|move|p2a: Princess|Close Combat|p1a: Volcanion\n|-damage|p1a: Volcanion|35\/100\n|-unboost|p2a: Princess|def|1\n|-unboost|p2a: Princess|spd|1\n|\n|-weather|SunnyDay|[upkeep]\n|upkeep\n|turn|28\n|c| Laprasrules12|Damnit\n|\n|t:|1699924050\n|move|p2a: Princess|Close Combat|p1a: Volcanion\n|-damage|p1a: Volcanion|0 fnt\n|-unboost|p2a: Princess|def|1\n|-unboost|p2a: Princess|spd|1\n|faint|p1a: Volcanion\n|\n|-weather|SunnyDay|[upkeep]\n|upkeep\n|\n|t:|1699924055\n|switch|p1a: Torkoal|Torkoal, F|28\/100\n|turn|29\n|\n|t:|1699924062\n|move|p2a: Princess|Close Combat|p1a: Torkoal\n|-damage|p1a: Torkoal|0 fnt\n|-unboost|p2a: Princess|def|1\n|-unboost|p2a: Princess|spd|1\n|faint|p1a: Torkoal\n|\n|-weather|SunnyDay|[upkeep]\n|upkeep\n|\n|t:|1699924064\n|switch|p1a: Chi-Yu|Chi-Yu|70\/100\n|-ability|p1a: Chi-Yu|Beads of Ruin\n|turn|30\n|c| Laprasrules12|Its Jover\n|\n|t:|1699924089\n|switch|p2a: Palafin|Palafin-Hero, M|25\/100\n|move|p1a: Chi-Yu|Fire Blast|p2a: Palafin\n|-resisted|p2a: Palafin\n|-damage|p2a: Palafin|0 fnt\n|faint|p2a: Palafin\n|\n|-weather|none\n|upkeep\n|\n|t:|1699924118\n|switch|p2a: Princess|Zacian, shiny|100\/100\n|turn|31\n|c|\u2606XpokVEVO|maria\n|c|\u2606XpokVEVO|i am very sorry\n|c|\u2606XpokVEVO|it was banded.\n|\n|t:|1699924127\n|move|p1a: Chi-Yu|Fire Blast|p2a: Princess\n|-damage|p2a: Princess|27\/100\n|move|p2a: Princess|Close Combat|p1a: Chi-Yu\n|-supereffective|p1a: Chi-Yu\n|-damage|p1a: Chi-Yu|0 fnt\n|-unboost|p2a: Princess|def|1\n|-unboost|p2a: Princess|spd|1\n|faint|p1a: Chi-Yu\n|\n|win|XpokVEVO\n|c| samticidae|i close combat you very much\n|c|\u2606LadyMaria-Blue|i been fooled\n|c| Bestmaindragonite|gg\n|l| Laprasrules12\n|c|\u2606XpokVEVO|I WON BECAUSE OF LYING\n|c|\u2606XpokVEVO|I GET TO PLAY ANOTHER DAY!\n|c|\u2606XpokVEVO|WAHOO\n|l|\u2606XpokVEVO\n|l| Bestmaindragonite\n|c| IcyTheScreamer|you woud've gotten to keep playing if you lost\n|l| IcyTheScreamer\n|l| samticidae\n","uploadtime":1699924132,"views":62,"p1id":"ladymariablue","p2id":"xpokvevo","formatid":"gen9ubers","rating":0,"private":0,"password":""}