{"id":"gen9ubers-1984941475","p1":"FoxDragon22","p2":"Fireblitz15","format":"[Gen 9] Ubers","log":"|j|\u2606FoxDragon22\n|j|\u2606Fireblitz15\n|t:|1699313049\n|gametype|singles\n|player|p1|FoxDragon22|acetrainerf-gen4dp|\n|player|p2|Fireblitz15|ingo|\n|teamsize|p1|6\n|teamsize|p2|6\n|gen|9\n|tier|[Gen 9] Ubers\n|rule|Sleep Clause Mod: Limit one foe put to sleep\n|rule|Species Clause: Limit one of each Pok\u00e9mon\n|rule|OHKO Clause: OHKO moves are banned\n|rule|Evasion Items Clause: Evasion items are banned\n|rule|Evasion Moves Clause: Evasion moves are banned\n|rule|Endless Battle Clause: Forcing endless battles is banned\n|rule|HP Percentage Mod: HP is shown in percentages\n|clearpoke\n|poke|p1|Samurott-Hisui, M|\n|poke|p1|Arceus-Ghost|\n|poke|p1|Zacian-*|\n|poke|p1|Dialga|\n|poke|p1|Cyclizar, M|\n|poke|p1|Palkia-Origin|\n|poke|p2|Torkoal, F|\n|poke|p2|Roaring Moon|\n|poke|p2|Chi-Yu|\n|poke|p2|Zacian-*|\n|poke|p2|Arceus-Poison|\n|poke|p2|Walking Wake|\n|teampreview\n|\n|t:|1699313067\n|start\n|switch|p1a: Dialga|Dialga|100\/100\n|switch|p2a: Zacian|Zacian|100\/100\n|-ability|p2a: Zacian|Intrepid Sword|boost\n|-boost|p2a: Zacian|atk|1\n|-ability|p1a: Dialga|Pressure\n|turn|1\n|\n|t:|1699313082\n|-terastallize|p1a: Dialga|Flying\n|move|p2a: Zacian|Swords Dance|p2a: Zacian\n|-boost|p2a: Zacian|atk|2\n|move|p1a: Dialga|Flash Cannon|p2a: Zacian\n|-supereffective|p2a: Zacian\n|-damage|p2a: Zacian|8\/100\n|-unboost|p2a: Zacian|spd|1\n|\n|upkeep\n|turn|2\n|\n|t:|1699313096\n|move|p2a: Zacian|Play Rough|p1a: Dialga\n|-damage|p1a: Dialga|27\/100\n|move|p1a: Dialga|Flash Cannon|p2a: Zacian\n|-supereffective|p2a: Zacian\n|-crit|p2a: Zacian\n|-damage|p2a: Zacian|0 fnt\n|faint|p2a: Zacian\n|\n|-heal|p1a: Dialga|33\/100|[from] item: Leftovers\n|upkeep\n|\n|t:|1699313110\n|switch|p2a: Walking Wake|Walking Wake|100\/100\n|turn|3\n|\n|t:|1699313114\n|move|p2a: Walking Wake|Hydro Steam|p1a: Dialga\n|-damage|p1a: Dialga|0 fnt\n|faint|p1a: Dialga\n|\n|upkeep\n|\n|t:|1699313128\n|switch|p1a: Palkia|Palkia-Origin|100\/100\n|-ability|p1a: Palkia|Pressure\n|turn|4\n|\n|t:|1699313134\n|-end|p2a: Walking Wake|Protosynthesis|[silent]\n|switch|p2a: Arceus|Arceus-Poison|100\/100\n|move|p1a: Palkia|Spacial Rend|p2a: Arceus\n|-damage|p2a: Arceus|58\/100\n|\n|upkeep\n|turn|5\n|\n|t:|1699313141\n|move|p2a: Arceus|Judgment|p1a: Palkia\n|-damage|p1a: Palkia|56\/100\n|move|p1a: Palkia|Earth Power|p2a: Arceus\n|-supereffective|p2a: Arceus\n|-damage|p2a: Arceus|14\/100\n|\n|upkeep\n|turn|6\n|\n|t:|1699313156\n|move|p2a: Arceus|Recover|p2a: Arceus\n|-heal|p2a: Arceus|64\/100\n|move|p1a: Palkia|Earth Power|p2a: Arceus\n|-supereffective|p2a: Arceus\n|-damage|p2a: Arceus|18\/100\n|\n|upkeep\n|turn|7\n|\n|t:|1699313185\n|move|p2a: Arceus|Recover|p2a: Arceus\n|-heal|p2a: Arceus|68\/100\n|move|p1a: Palkia|Earth Power|p2a: Arceus\n|-supereffective|p2a: Arceus\n|-damage|p2a: Arceus|23\/100\n|\n|upkeep\n|turn|8\n|\n|t:|1699313204\n|switch|p1a: Cyclizar|Cyclizar, M|100\/100\n|move|p2a: Arceus|Recover|p2a: Arceus\n|-heal|p2a: Arceus|73\/100\n|\n|upkeep\n|turn|9\n|\n|t:|1699313214\n|switch|p2a: Torkoal|Torkoal, F|100\/100\n|-weather|SunnyDay|[from] ability: Drought|[of] p2a: Torkoal\n|move|p1a: Cyclizar|Knock Off|p2a: Torkoal\n|-damage|p2a: Torkoal|85\/100\n|-enditem|p2a: Torkoal|Heat Rock|[from] move: Knock Off|[of] p1a: Cyclizar\n|\n|-weather|SunnyDay|[upkeep]\n|upkeep\n|turn|10\n|\n|t:|1699313229\n|switch|p2a: Roaring Moon|Roaring Moon|100\/100\n|-activate|p2a: Roaring Moon|ability: Protosynthesis\n|-start|p2a: Roaring Moon|protosynthesisatk\n|move|p1a: Cyclizar|Taunt|p2a: Roaring Moon\n|-start|p2a: Roaring Moon|move: Taunt\n|\n|-weather|SunnyDay|[upkeep]\n|upkeep\n|turn|11\n|\n|t:|1699313247\n|move|p1a: Cyclizar|Shed Tail|p1a: Cyclizar\n|-start|p1a: Cyclizar|Substitute|[from] move: Shed Tail\n|-damage|p1a: Cyclizar|50\/100\n|\n|t:|1699313250\n|switch|p1a: Zacian|Zacian|100\/100|[from] Shed Tail\n|-ability|p1a: Zacian|Intrepid Sword|boost\n|-boost|p1a: Zacian|atk|1\n|move|p2a: Roaring Moon|U-turn|p1a: Zacian\n|-resisted|p1a: Zacian\n|-activate|p1a: Zacian|move: Substitute|[damage]\n|\n|t:|1699313261\n|-end|p2a: Roaring Moon|Protosynthesis|[silent]\n|switch|p2a: Arceus|Arceus-Poison|73\/100|[from] U-turn\n|\n|-weather|SunnyDay|[upkeep]\n|upkeep\n|turn|12\n|\n|t:|1699313268\n|move|p1a: Zacian|Psychic Fangs|p2a: Arceus\n|-supereffective|p2a: Arceus\n|-damage|p2a: Arceus|22\/100\n|move|p2a: Arceus|Judgment|p1a: Zacian\n|-supereffective|p1a: Zacian\n|-end|p1a: Zacian|Substitute\n|\n|-weather|SunnyDay|[upkeep]\n|upkeep\n|turn|13\n|\n|t:|1699313278\n|switch|p2a: Roaring Moon|Roaring Moon|100\/100\n|-activate|p2a: Roaring Moon|ability: Protosynthesis\n|-start|p2a: Roaring Moon|protosynthesisatk\n|move|p1a: Zacian|Psychic Fangs|p2a: Roaring Moon\n|-immune|p2a: Roaring Moon\n|\n|-weather|SunnyDay|[upkeep]\n|upkeep\n|turn|14\n|\n|t:|1699313299\n|switch|p1a: Cyclizar|Cyclizar, M|84\/100\n|-terastallize|p2a: Roaring Moon|Steel\n|move|p2a: Roaring Moon|Iron Head|p1a: Cyclizar\n|-crit|p1a: Cyclizar\n|-damage|p1a: Cyclizar|0 fnt\n|faint|p1a: Cyclizar\n|\n|-weather|SunnyDay|[upkeep]\n|upkeep\n|\n|t:|1699313325\n|switch|p1a: Palkia|Palkia-Origin|56\/100\n|-ability|p1a: Palkia|Pressure\n|turn|15\n|\n|t:|1699313336\n|-end|p2a: Roaring Moon|Protosynthesis|[silent]\n|switch|p2a: Arceus|Arceus-Poison|22\/100\n|move|p1a: Palkia|Earth Power|p2a: Arceus\n|-supereffective|p2a: Arceus\n|-damage|p2a: Arceus|0 fnt\n|faint|p2a: Arceus\n|\n|-weather|SunnyDay|[upkeep]\n|upkeep\n|\n|t:|1699313348\n|switch|p2a: Walking Wake|Walking Wake|100\/100\n|-activate|p2a: Walking Wake|ability: Protosynthesis\n|-start|p2a: Walking Wake|protosynthesisspe\n|turn|16\n|\n|t:|1699313361\n|switch|p1a: Samurott|Samurott-Hisui, M|100\/100\n|move|p2a: Walking Wake|Hydro Steam|p1a: Samurott\n|-resisted|p1a: Samurott\n|-damage|p1a: Samurott|51\/100\n|\n|-weather|none\n|-end|p2a: Walking Wake|Protosynthesis\n|upkeep\n|turn|17\n|\n|t:|1699313373\n|-end|p2a: Walking Wake|Protosynthesis|[silent]\n|switch|p2a: Torkoal|Torkoal, F|85\/100\n|-weather|SunnyDay|[from] ability: Drought|[of] p2a: Torkoal\n|move|p1a: Samurott|Knock Off|p2a: Torkoal\n|-damage|p2a: Torkoal|63\/100\n|\n|-weather|SunnyDay|[upkeep]\n|upkeep\n|turn|18\n|\n|t:|1699313388\n|switch|p2a: Roaring Moon|Roaring Moon, tera:Steel|100\/100\n|-activate|p2a: Roaring Moon|ability: Protosynthesis\n|-start|p2a: Roaring Moon|protosynthesisatk\n|move|p1a: Samurott|Ceaseless Edge|p2a: Roaring Moon\n|-damage|p2a: Roaring Moon|42\/100\n|-sidestart|p2: Fireblitz15|Spikes\n|\n|-weather|SunnyDay|[upkeep]\n|upkeep\n|turn|19\n|\n|t:|1699313412\n|move|p2a: Roaring Moon|Iron Head|p1a: Samurott\n|-resisted|p1a: Samurott\n|-damage|p1a: Samurott|0 fnt\n|faint|p1a: Samurott\n|\n|-weather|SunnyDay|[upkeep]\n|upkeep\n|\n|t:|1699313421\n|switch|p1a: Arceus|Arceus-Ghost|100\/100\n|turn|20\n|\n|t:|1699313432\n|move|p1a: Arceus|Aura Sphere|p2a: Roaring Moon\n|-supereffective|p2a: Roaring Moon\n|-damage|p2a: Roaring Moon|0 fnt\n|faint|p2a: Roaring Moon\n|-end|p2a: Roaring Moon|Protosynthesis|[silent]\n|\n|-weather|SunnyDay|[upkeep]\n|upkeep\n|\n|t:|1699313438\n|switch|p2a: Chi-Yu|Chi-Yu|100\/100\n|-damage|p2a: Chi-Yu|88\/100|[from] Spikes\n|-ability|p2a: Chi-Yu|Beads of Ruin\n|turn|21\n|\n|t:|1699313448\n|move|p1a: Arceus|Aura Sphere|p2a: Chi-Yu\n|-supereffective|p2a: Chi-Yu\n|-damage|p2a: Chi-Yu|31\/100\n|move|p2a: Chi-Yu|Dark Pulse|p1a: Arceus\n|-supereffective|p1a: Arceus\n|-damage|p1a: Arceus|0 fnt\n|faint|p1a: Arceus\n|\n|-weather|none\n|upkeep\n|\n|t:|1699313460\n|switch|p1a: Zacian|Zacian|100\/100\n|turn|22\n|\n|t:|1699313474\n|move|p1a: Zacian|Close Combat|p2a: Chi-Yu\n|-supereffective|p2a: Chi-Yu\n|-damage|p2a: Chi-Yu|0 fnt\n|-unboost|p1a: Zacian|def|1\n|-unboost|p1a: Zacian|spd|1\n|faint|p2a: Chi-Yu\n|\n|upkeep\n|\n|t:|1699313481\n|switch|p2a: Torkoal|Torkoal, F|63\/100\n|-damage|p2a: Torkoal|50\/100|[from] Spikes\n|-weather|SunnyDay|[from] ability: Drought|[of] p2a: Torkoal\n|turn|23\n|\n|t:|1699313489\n|move|p1a: Zacian|Close Combat|p2a: Torkoal\n|-damage|p2a: Torkoal|19\/100\n|-unboost|p1a: Zacian|def|1\n|-unboost|p1a: Zacian|spd|1\n|move|p2a: Torkoal|Lava Plume|p1a: Zacian\n|-damage|p1a: Zacian|27\/100\n|\n|-weather|SunnyDay|[upkeep]\n|upkeep\n|turn|24\n|\n|t:|1699313499\n|move|p1a: Zacian|Close Combat|p2a: Torkoal\n|-damage|p2a: Torkoal|0 fnt\n|-unboost|p1a: Zacian|def|1\n|-unboost|p1a: Zacian|spd|1\n|faint|p2a: Torkoal\n|\n|-weather|SunnyDay|[upkeep]\n|upkeep\n|\n|t:|1699313505\n|switch|p2a: Walking Wake|Walking Wake|100\/100\n|-damage|p2a: Walking Wake|88\/100|[from] Spikes\n|-activate|p2a: Walking Wake|ability: Protosynthesis\n|-start|p2a: Walking Wake|protosynthesisspe\n|turn|25\n|\n|t:|1699313514\n|move|p1a: Zacian|Close Combat|p2a: Walking Wake\n|-crit|p2a: Walking Wake\n|-damage|p2a: Walking Wake|20\/100\n|-unboost|p1a: Zacian|def|1\n|-unboost|p1a: Zacian|spd|1\n|move|p2a: Walking Wake|Hydro Steam|p1a: Zacian\n|-damage|p1a: Zacian|0 fnt\n|faint|p1a: Zacian\n|\n|-weather|SunnyDay|[upkeep]\n|upkeep\n|c|\u2606Fireblitz15|gg\n|\n|t:|1699313525\n|switch|p1a: Palkia|Palkia-Origin|56\/100\n|-ability|p1a: Palkia|Pressure\n|turn|26\n|\n|t:|1699313532\n|move|p2a: Walking Wake|Hydro Steam|p1a: Palkia\n|-resisted|p1a: Palkia\n|-damage|p1a: Palkia|36\/100\n|move|p1a: Palkia|Spacial Rend|p2a: Walking Wake\n|-supereffective|p2a: Walking Wake\n|-damage|p2a: Walking Wake|0 fnt\n|faint|p2a: Walking Wake\n|-end|p2a: Walking Wake|Protosynthesis|[silent]\n|\n|win|FoxDragon22\n","uploadtime":1699313542,"views":29,"p1id":"foxdragon22","p2id":"fireblitz15","formatid":"gen9ubers","rating":0,"private":0,"password":""}