{"id":"gen9ubers-1984302374","p1":"BrunoMobBoss","p2":"JustVoidtxy","format":"[Gen 9] Ubers","log":"|j|\u2606BrunoMobBoss\n|j|\u2606JustVoidtxy\n|t:|1699241043\n|gametype|singles\n|player|p1|BrunoMobBoss|1|1105\n|player|p2|JustVoidtxy|clerk|1226\n|teamsize|p1|6\n|teamsize|p2|6\n|gen|9\n|tier|[Gen 9] Ubers\n|rated|\n|rule|Sleep Clause Mod: Limit one foe put to sleep\n|rule|Species Clause: Limit one of each Pok\u00e9mon\n|rule|OHKO Clause: OHKO moves are banned\n|rule|Evasion Items Clause: Evasion items are banned\n|rule|Evasion Moves Clause: Evasion moves are banned\n|rule|Endless Battle Clause: Forcing endless battles is banned\n|rule|HP Percentage Mod: HP is shown in percentages\n|clearpoke\n|poke|p1|Volcarona, M|\n|poke|p1|Palafin, M|\n|poke|p1|Breloom, M|\n|poke|p1|Cetitan, M|\n|poke|p1|Corviknight, M|\n|poke|p1|Flutter Mane|\n|poke|p2|Flutter Mane|\n|poke|p2|Arceus|\n|poke|p2|Glimmora, M|\n|poke|p2|Iron Bundle|\n|poke|p2|Cinderace, F|\n|poke|p2|Baxcalibur, M|\n|teampreview\n|inactive|Battle timer is ON: inactive players will automatically lose when time's up. (requested by JustVoidtxy)\n|\n|t:|1699241048\n|start\n|switch|p1a: Palafin|Palafin, M|100\/100\n|switch|p2a: Glimmora|Glimmora, M|100\/100\n|turn|1\n|\n|t:|1699241055\n|-terastallize|p2a: Glimmora|Grass\n|move|p1a: Palafin|Flip Turn|p2a: Glimmora\n|-resisted|p2a: Glimmora\n|-damage|p2a: Glimmora|93\/100\n|-activate|p2a: Glimmora|ability: Toxic Debris\n|-sidestart|p1: BrunoMobBoss|move: Toxic Spikes\n|\n|t:|1699241064\n|detailschange|p1a: Palafin|Palafin-Hero, M\n|switch|p1a: Cetitan|Cetitan, M|100\/100|[from] Flip Turn\n|-status|p1a: Cetitan|psn\n|move|p2a: Glimmora|Mortal Spin|p1a: Cetitan\n|-damage|p1a: Cetitan|96\/100 psn\n|\n|-heal|p2a: Glimmora|99\/100|[from] item: Leftovers\n|-heal|p1a: Cetitan|100\/100 psn|[from] item: Leftovers\n|-damage|p1a: Cetitan|88\/100 psn|[from] psn\n|upkeep\n|turn|2\n|\n|t:|1699241076\n|move|p2a: Glimmora|Power Gem|p1a: Cetitan\n|-supereffective|p1a: Cetitan\n|-damage|p1a: Cetitan|39\/100 psn\n|move|p1a: Cetitan|Ice Spinner|p2a: Glimmora\n|-supereffective|p2a: Glimmora\n|-damage|p2a: Glimmora|56\/100\n|-activate|p2a: Glimmora|ability: Toxic Debris\n|-sidestart|p1: BrunoMobBoss|move: Toxic Spikes\n|\n|-heal|p2a: Glimmora|62\/100|[from] item: Leftovers\n|-heal|p1a: Cetitan|46\/100 psn|[from] item: Leftovers\n|-damage|p1a: Cetitan|33\/100 psn|[from] psn\n|upkeep\n|turn|3\n|\n|t:|1699241089\n|-terastallize|p1a: Cetitan|Steel\n|move|p2a: Glimmora|Power Gem|p1a: Cetitan\n|-resisted|p1a: Cetitan\n|-damage|p1a: Cetitan|21\/100 psn\n|move|p1a: Cetitan|Ice Spinner|p2a: Glimmora\n|-supereffective|p2a: Glimmora\n|-damage|p2a: Glimmora|16\/100\n|\n|-heal|p2a: Glimmora|22\/100|[from] item: Leftovers\n|-heal|p1a: Cetitan|27\/100 psn|[from] item: Leftovers\n|-damage|p1a: Cetitan|14\/100 psn|[from] psn\n|upkeep\n|turn|4\n|\n|t:|1699241101\n|move|p2a: Glimmora|Stealth Rock|p1a: Cetitan\n|-sidestart|p1: BrunoMobBoss|move: Stealth Rock\n|move|p1a: Cetitan|Ice Spinner|p2a: Glimmora\n|-supereffective|p2a: Glimmora\n|-damage|p2a: Glimmora|0 fnt\n|faint|p2a: Glimmora\n|\n|-heal|p1a: Cetitan|21\/100 psn|[from] item: Leftovers\n|-damage|p1a: Cetitan|8\/100 psn|[from] psn\n|upkeep\n|\n|t:|1699241112\n|switch|p2a: Flutter Mane|Flutter Mane|100\/100\n|-enditem|p2a: Flutter Mane|Booster Energy\n|-activate|p2a: Flutter Mane|ability: Protosynthesis|[fromitem]\n|-start|p2a: Flutter Mane|protosynthesisspe\n|turn|5\n|\n|t:|1699241122\n|move|p2a: Flutter Mane|Moonblast|p1a: Cetitan\n|-resisted|p1a: Cetitan\n|-crit|p1a: Cetitan\n|-damage|p1a: Cetitan|0 fnt\n|faint|p1a: Cetitan\n|\n|upkeep\n|\n|t:|1699241134\n|switch|p1a: Corviknight|Corviknight, M|100\/100\n|-damage|p1a: Corviknight|88\/100|[from] Stealth Rock\n|turn|6\n|\n|t:|1699241141\n|move|p2a: Flutter Mane|Shadow Ball|p1a: Corviknight\n|-damage|p1a: Corviknight|39\/100\n|move|p1a: Corviknight|Steel Wing|p2a: Flutter Mane\n|-supereffective|p2a: Flutter Mane\n|-damage|p2a: Flutter Mane|0 fnt\n|faint|p2a: Flutter Mane\n|-end|p2a: Flutter Mane|Protosynthesis|[silent]\n|-heal|p1a: Corviknight|48\/100|[from] item: Shell Bell|[of] p2: Flutter Mane\n|\n|upkeep\n|\n|t:|1699241145\n|switch|p2a: Cinderace|Cinderace, F|100\/100\n|turn|7\n|\n|t:|1699241157\n|switch|p1a: Palafin|Palafin-Hero, M|100\/100\n|-status|p1a: Palafin|tox\n|-damage|p1a: Palafin|88\/100 tox|[from] Stealth Rock\n|-activate|p1a: Palafin|ability: Zero to Hero\n|move|p2a: Cinderace|Pyro Ball|p1a: Palafin\n|-resisted|p1a: Palafin\n|-damage|p1a: Palafin|56\/100 tox\n|\n|-damage|p1a: Palafin|50\/100 tox|[from] psn\n|upkeep\n|turn|8\n|\n|t:|1699241168\n|move|p1a: Palafin|Jet Punch|p2a: Cinderace\n|-supereffective|p2a: Cinderace\n|-damage|p2a: Cinderace|0 fnt\n|faint|p2a: Cinderace\n|\n|-damage|p1a: Palafin|38\/100 tox|[from] psn\n|upkeep\n|\n|t:|1699241173\n|switch|p2a: Arceus|Arceus|100\/100\n|turn|9\n|\n|t:|1699241178\n|move|p2a: Arceus|Swords Dance|p2a: Arceus\n|-boost|p2a: Arceus|atk|2\n|move|p1a: Palafin|Drain Punch|p2a: Arceus\n|-supereffective|p2a: Arceus\n|-crit|p2a: Arceus\n|-damage|p2a: Arceus|31\/100\n|-heal|p1a: Palafin|77\/100 tox|[from] drain|[of] p2a: Arceus\n|\n|-heal|p2a: Arceus|37\/100|[from] item: Leftovers\n|-damage|p1a: Palafin|58\/100 tox|[from] psn\n|upkeep\n|turn|10\n|\n|t:|1699241188\n|move|p2a: Arceus|Extreme Speed|p1a: Palafin\n|-damage|p1a: Palafin|0 fnt\n|faint|p1a: Palafin\n|\n|-heal|p2a: Arceus|43\/100|[from] item: Leftovers\n|upkeep\n|\n|t:|1699241194\n|switch|p1a: Breloom|Breloom, M|100\/100\n|-status|p1a: Breloom|tox\n|-damage|p1a: Breloom|94\/100 tox|[from] Stealth Rock\n|turn|11\n|\n|t:|1699241201\n|move|p2a: Arceus|Extreme Speed|p1a: Breloom\n|-damage|p1a: Breloom|0 fnt\n|faint|p1a: Breloom\n|\n|-heal|p2a: Arceus|49\/100|[from] item: Leftovers\n|upkeep\n|\n|t:|1699241208\n|switch|p1a: Flutter Mane|Flutter Mane|100\/100\n|-status|p1a: Flutter Mane|tox\n|-damage|p1a: Flutter Mane|88\/100 tox|[from] Stealth Rock\n|-enditem|p1a: Flutter Mane|Booster Energy\n|-activate|p1a: Flutter Mane|ability: Protosynthesis|[fromitem]\n|-start|p1a: Flutter Mane|protosynthesisspa\n|turn|12\n|\n|t:|1699241218\n|move|p1a: Flutter Mane|Moonblast|p2a: Arceus\n|-damage|p2a: Arceus|0 fnt\n|faint|p2a: Arceus\n|\n|-damage|p1a: Flutter Mane|82\/100 tox|[from] psn\n|upkeep\n|\n|t:|1699241226\n|switch|p2a: Iron Bundle|Iron Bundle|100\/100\n|turn|13\n|\n|t:|1699241232\n|move|p2a: Iron Bundle|Ice Beam|p1a: Flutter Mane\n|-damage|p1a: Flutter Mane|24\/100 tox\n|-damage|p2a: Iron Bundle|91\/100|[from] item: Life Orb\n|move|p1a: Flutter Mane|Moonblast|p2a: Iron Bundle\n|-damage|p2a: Iron Bundle|0 fnt\n|faint|p2a: Iron Bundle\n|-end|p2a: Iron Bundle|Quark Drive|[silent]\n|\n|-damage|p1a: Flutter Mane|12\/100 tox|[from] psn\n|upkeep\n|\n|t:|1699241235\n|switch|p2a: Baxcalibur|Baxcalibur, M|100\/100\n|turn|14\n|\n|t:|1699241243\n|move|p1a: Flutter Mane|Moonblast|p2a: Baxcalibur\n|-supereffective|p2a: Baxcalibur\n|-damage|p2a: Baxcalibur|0 fnt\n|faint|p2a: Baxcalibur\n|\n|win|BrunoMobBoss\n|raw|BrunoMobBoss's rating: 1105 &rarr; <strong>1138<\/strong><br \/>(+33 for winning)\n|raw|JustVoidtxy's rating: 1226 &rarr; <strong>1193<\/strong><br \/>(-33 for losing)\n|l|\u2606JustVoidtxy\n","uploadtime":1699241250,"views":3,"p1id":"brunomobboss","p2id":"justvoidtxy","formatid":"gen9ubers","rating":1138,"private":0,"password":""}