{"id":"gen9ubers-1971545468","p1":"royalejh","p2":"Arplux","format":"[Gen 9] Ubers","log":"|j|\u2606royalejh\n|j|\u2606Arplux\n|t:|1697747159\n|gametype|singles\n|player|p1|royalejh|ghetsis|1153\n|player|p2|Arplux|wallace|1232\n|teamsize|p1|6\n|teamsize|p2|6\n|gen|9\n|tier|[Gen 9] Ubers\n|rated|\n|rule|Sleep Clause Mod: Limit one foe put to sleep\n|rule|Species Clause: Limit one of each Pok\u00e9mon\n|rule|OHKO Clause: OHKO moves are banned\n|rule|Evasion Items Clause: Evasion items are banned\n|rule|Evasion Moves Clause: Evasion moves are banned\n|rule|Endless Battle Clause: Forcing endless battles is banned\n|rule|HP Percentage Mod: HP is shown in percentages\n|clearpoke\n|poke|p1|Sinistcha-Masterpiece|\n|poke|p1|Fezandipiti, M|\n|poke|p1|Okidogi, M|\n|poke|p1|Munkidori, M|\n|poke|p1|Ursaluna-Bloodmoon, M|\n|poke|p1|Ogerpon-Hearthflame, F|\n|poke|p2|Koraidon|\n|poke|p2|Miraidon|\n|poke|p2|Kyogre|\n|poke|p2|Groudon|\n|poke|p2|Dialga|\n|poke|p2|Palkia|\n|teampreview\n|inactive|Battle timer is ON: inactive players will automatically lose when time's up. (requested by royalejh)\n|\n|t:|1697747188\n|start\n|switch|p1a: Sinistcha|Sinistcha-Masterpiece|100\/100\n|switch|p2a: Miraidon|Miraidon|100\/100\n|-fieldstart|move: Electric Terrain|[from] ability: Hadron Engine|[of] p2a: Miraidon\n|turn|1\n|\n|t:|1697747201\n|switch|p1a: Ursaluna|Ursaluna-Bloodmoon, M|100\/100\n|move|p2a: Miraidon|Calm Mind|p2a: Miraidon\n|-boost|p2a: Miraidon|spa|1\n|-boost|p2a: Miraidon|spd|1\n|\n|upkeep\n|turn|2\n|\n|t:|1697747213\n|switch|p2a: Groudon|Groudon|100\/100\n|-weather|SunnyDay|[from] ability: Drought|[of] p2a: Groudon\n|move|p1a: Ursaluna|Earth Power|p2a: Groudon\n|-damage|p2a: Groudon|60\/100\n|\n|-weather|SunnyDay|[upkeep]\n|-heal|p2a: Groudon|66\/100|[from] item: Leftovers\n|upkeep\n|turn|3\n|\n|t:|1697747222\n|move|p2a: Groudon|Precipice Blades|p1a: Ursaluna\n|-damage|p1a: Ursaluna|62\/100\n|move|p1a: Ursaluna|Blood Moon|p2a: Groudon\n|-damage|p2a: Groudon|0 fnt\n|faint|p2a: Groudon\n|\n|-weather|SunnyDay|[upkeep]\n|upkeep\n|\n|t:|1697747229\n|switch|p2a: Kyogre|Kyogre|100\/100\n|-weather|RainDance|[from] ability: Drizzle|[of] p2a: Kyogre\n|turn|4\n|\n|t:|1697747240\n|switch|p1a: Sinistcha|Sinistcha-Masterpiece|100\/100\n|move|p2a: Kyogre|Water Spout|p1a: Sinistcha\n|-resisted|p1a: Sinistcha\n|-damage|p1a: Sinistcha|23\/100\n|\n|-weather|RainDance|[upkeep]\n|-heal|p1a: Sinistcha|29\/100|[from] item: Leftovers\n|upkeep\n|turn|5\n|\n|t:|1697747248\n|move|p2a: Kyogre|Water Spout|p1a: Sinistcha\n|-resisted|p1a: Sinistcha\n|-damage|p1a: Sinistcha|0 fnt\n|faint|p1a: Sinistcha\n|\n|-weather|RainDance|[upkeep]\n|-fieldend|move: Electric Terrain\n|upkeep\n|\n|t:|1697747262\n|switch|p1a: Fezandipiti|Fezandipiti, M|100\/100\n|turn|6\n|\n|t:|1697747269\n|-terastallize|p2a: Kyogre|Water\n|move|p2a: Kyogre|Water Spout|p1a: Fezandipiti\n|-crit|p1a: Fezandipiti\n|-damage|p1a: Fezandipiti|0 fnt\n|faint|p1a: Fezandipiti\n|\n|-weather|RainDance|[upkeep]\n|upkeep\n|\n|t:|1697747279\n|switch|p1a: Munkidori|Munkidori, M|100\/100\n|turn|7\n|\n|t:|1697747288\n|move|p2a: Kyogre|Water Spout|p1a: Munkidori\n|-damage|p1a: Munkidori|0 fnt\n|faint|p1a: Munkidori\n|\n|-weather|RainDance|[upkeep]\n|upkeep\n|\n|t:|1697747296\n|switch|p1a: Okidogi|Okidogi, M|100\/100\n|turn|8\n|\n|t:|1697747301\n|move|p2a: Kyogre|Water Spout|p1a: Okidogi\n|-damage|p1a: Okidogi|0 fnt\n|faint|p1a: Okidogi\n|\n|-weather|none\n|upkeep\n|-message|royalejh forfeited.\n|\n|win|Arplux\n|raw|royalejh's rating: 1153 &rarr; <strong>1134<\/strong><br \/>(-19 for losing)\n|raw|Arplux's rating: 1232 &rarr; <strong>1251<\/strong><br \/>(+19 for winning)\n|l|\u2606royalejh\n","uploadtime":1697747317,"views":18,"p1id":"royalejh","p2id":"arplux","formatid":"gen9ubers","rating":1134,"private":0,"password":""}