{"id":"gen9ubers-1985131905","p1":"RyRy01","p2":"Taeysa","format":"[Gen 9] Ubers","log":"|j|\u2606RyRy01\n|j|\u2606Taeysa\n|t:|1699335574\n|gametype|singles\n|player|p1|RyRy01|cyrus|1173\n|player|p2|Taeysa|backersf|1106\n|teamsize|p1|6\n|teamsize|p2|6\n|gen|9\n|tier|[Gen 9] Ubers\n|rated|\n|rule|Sleep Clause Mod: Limit one foe put to sleep\n|rule|Species Clause: Limit one of each Pok\u00e9mon\n|rule|OHKO Clause: OHKO moves are banned\n|rule|Evasion Items Clause: Evasion items are banned\n|rule|Evasion Moves Clause: Evasion moves are banned\n|rule|Endless Battle Clause: Forcing endless battles is banned\n|rule|HP Percentage Mod: HP is shown in percentages\n|clearpoke\n|poke|p1|Kyogre|\n|poke|p1|Miraidon|\n|poke|p1|Regieleki|\n|poke|p1|Palafin, F|\n|poke|p1|Iron Bundle|\n|poke|p1|Flutter Mane|\n|poke|p2|Pelipper, M|\n|poke|p2|Clodsire, M|\n|poke|p2|Manaphy|\n|poke|p2|Iron Bundle|\n|poke|p2|Barraskewda, F|\n|poke|p2|Corviknight, F|\n|teampreview\n|inactive|Battle timer is ON: inactive players will automatically lose when time's up. (requested by Taeysa)\n|l|\u2606RyRy01\n|inactive|RyRy01 disconnected and has a minute to reconnect!\n|player|p1|\n|j|\u2606RyRy01\n|inactive|RyRy01 reconnected and has 140 seconds left.\n|player|p1|RyRy01|cyrus\n|\n|t:|1699335598\n|start\n|switch|p1a: Palafin|Palafin, F, shiny|100\/100\n|switch|p2a: Barraskewda|Barraskewda, F|100\/100\n|turn|1\n|\n|t:|1699335618\n|detailschange|p1a: Palafin|Palafin-Hero, F, shiny\n|switch|p1a: Miraidon|Miraidon|100\/100\n|-fieldstart|move: Electric Terrain|[from] ability: Hadron Engine|[of] p1a: Miraidon\n|move|p2a: Barraskewda|Flip Turn|p1a: Miraidon\n|-resisted|p1a: Miraidon\n|-damage|p1a: Miraidon|74\/100\n|\n|t:|1699335624\n|switch|p2a: Iron Bundle|Iron Bundle|100\/100|[from] Flip Turn\n|-activate|p2a: Iron Bundle|ability: Quark Drive\n|-start|p2a: Iron Bundle|quarkdrivespe\n|\n|upkeep\n|turn|2\n|\n|t:|1699335636\n|switch|p1a: Iron Bundle|Iron Bundle|100\/100\n|-activate|p1a: Iron Bundle|ability: Quark Drive\n|-start|p1a: Iron Bundle|quarkdrivespe\n|move|p2a: Iron Bundle|Freeze-Dry|p1a: Iron Bundle\n|-damage|p1a: Iron Bundle|0 fnt\n|faint|p1a: Iron Bundle\n|-end|p1a: Iron Bundle|Quark Drive|[silent]\n|\n|upkeep\n|\n|t:|1699335644\n|switch|p1a: Palafin|Palafin-Hero, F, shiny|100\/100\n|-activate|p1a: Palafin|ability: Zero to Hero\n|turn|3\n|\n|t:|1699335648\n|switch|p1a: Kyogre|Kyogre|100\/100\n|-weather|RainDance|[from] ability: Drizzle|[of] p1a: Kyogre\n|move|p2a: Iron Bundle|Freeze-Dry|p1a: Kyogre\n|-supereffective|p1a: Kyogre\n|-crit|p1a: Kyogre\n|-damage|p1a: Kyogre|0 fnt\n|faint|p1a: Kyogre\n|\n|-weather|RainDance|[upkeep]\n|upkeep\n|\n|t:|1699335653\n|switch|p1a: Palafin|Palafin-Hero, F, shiny|100\/100\n|turn|4\n|\n|t:|1699335657\n|-terastallize|p1a: Palafin|Water\n|move|p1a: Palafin|Jet Punch|p2a: Iron Bundle\n|-resisted|p2a: Iron Bundle\n|-damage|p2a: Iron Bundle|27\/100\n|move|p2a: Iron Bundle|Freeze-Dry|p1a: Palafin\n|-supereffective|p1a: Palafin\n|-damage|p1a: Palafin|0 fnt\n|faint|p1a: Palafin\n|\n|-weather|RainDance|[upkeep]\n|upkeep\n|\n|t:|1699335662\n|switch|p1a: Regieleki|Regieleki|100\/100\n|turn|5\n|\n|t:|1699335670\n|-terastallize|p2a: Iron Bundle|Ice\n|move|p2a: Iron Bundle|Freeze-Dry|p1a: Regieleki\n|-damage|p1a: Regieleki|0 fnt\n|faint|p1a: Regieleki\n|\n|-weather|RainDance|[upkeep]\n|-fieldend|move: Electric Terrain\n|-end|p2a: Iron Bundle|Quark Drive\n|upkeep\n|-message|RyRy01 forfeited.\n|\n|win|Taeysa\n|raw|RyRy01's rating: 1173 &rarr; <strong>1143<\/strong><br \/>(-30 for losing)\n|raw|Taeysa's rating: 1106 &rarr; <strong>1136<\/strong><br \/>(+30 for winning)\n|l|\u2606RyRy01\n","uploadtime":1699335678,"views":9,"p1id":"ryry01","p2id":"taeysa","formatid":"gen9ubers","rating":1136,"private":0,"password":""}