{"id":"gen9ubers-1975912224","p1":"Hockey10mon","p2":"poke abir","format":"[Gen 9] Ubers","log":"|j|\u203dHockey10mon\n|j|\u2606poke abir\n|t:|1698248634\n|gametype|singles\n|player|p1|Hockey10mon|170|\n|player|p2|poke abir|gambler|\n|teamsize|p1|6\n|teamsize|p2|6\n|gen|9\n|tier|[Gen 9] Ubers\n|rated|Tournament battle\n|rule|Sleep Clause Mod: Limit one foe put to sleep\n|rule|Species Clause: Limit one of each Pok\u00e9mon\n|rule|OHKO Clause: OHKO moves are banned\n|rule|Evasion Items Clause: Evasion items are banned\n|rule|Evasion Moves Clause: Evasion moves are banned\n|rule|Endless Battle Clause: Forcing endless battles is banned\n|rule|HP Percentage Mod: HP is shown in percentages\n|clearpoke\n|poke|p1|Annihilape, M|\n|poke|p1|Zoroark-Hisui, M|\n|poke|p1|Zacian-*|\n|poke|p1|Espeon, F|\n|poke|p1|Ogerpon, F|\n|poke|p1|Palafin, F|\n|poke|p2|Palkia-Origin|\n|poke|p2|Arceus|\n|poke|p2|Miraidon|\n|poke|p2|Kyogre|\n|poke|p2|Chien-Pao|\n|poke|p2|Basculegion, M|\n|teampreview\n|inactive|Battle timer is ON: inactive players will automatically lose when time's up. (requested by Hockey10mon)\n|\n|t:|1698248654\n|start\n|switch|p1a: Espeon|Espeon, F|100\/100\n|switch|p2a: Chien-Pao|Chien-Pao|100\/100\n|-ability|p2a: Chien-Pao|Sword of Ruin\n|turn|1\n|\n|t:|1698248665\n|move|p2a: Chien-Pao|Throat Chop|p1a: Espeon\n|-supereffective|p1a: Espeon\n|-crit|p1a: Espeon\n|-damage|p1a: Espeon|0 fnt\n|faint|p1a: Espeon\n|\n|upkeep\n|\n|t:|1698248671\n|switch|p1a: Zacian|Zacian-Crowned|100\/100\n|-ability|p1a: Zacian|Intrepid Sword|boost\n|-boost|p1a: Zacian|atk|1\n|turn|2\n|\n|t:|1698248686\n|switch|p2a: Arceus|Arceus|100\/100\n|move|p1a: Zacian|Play Rough|p2a: Arceus\n|-damage|p2a: Arceus|52\/100\n|\n|-heal|p2a: Arceus|58\/100|[from] item: Leftovers\n|upkeep\n|turn|3\n|\n|t:|1698248700\n|move|p1a: Zacian|Behemoth Blade|p2a: Arceus\n|-damage|p2a: Arceus|5\/100\n|move|p2a: Arceus|Earthquake|p1a: Zacian\n|-supereffective|p1a: Zacian\n|-damage|p1a: Zacian|46\/100\n|\n|-heal|p2a: Arceus|11\/100|[from] item: Leftovers\n|upkeep\n|turn|4\n|\n|t:|1698248709\n|move|p2a: Arceus|Extreme Speed|p1a: Zacian\n|-resisted|p1a: Zacian\n|-damage|p1a: Zacian|32\/100\n|move|p1a: Zacian|Behemoth Blade|p2a: Arceus\n|-damage|p2a: Arceus|0 fnt\n|faint|p2a: Arceus\n|\n|upkeep\n|inactive|poke abir has 120 seconds left.\n|\n|t:|1698248745\n|switch|p2a: Miraidon|Miraidon|100\/100\n|-fieldstart|move: Electric Terrain|[from] ability: Hadron Engine|[of] p2a: Miraidon\n|turn|5\n|inactive|poke abir has 120 seconds left.\n|\n|t:|1698248754\n|-terastallize|p2a: Miraidon|Electric\n|move|p1a: Zacian|Play Rough|p2a: Miraidon\n|-damage|p2a: Miraidon|28\/100\n|move|p2a: Miraidon|Electro Drift|p1a: Zacian\n|-damage|p1a: Zacian|0 fnt\n|faint|p1a: Zacian\n|\n|upkeep\n|\n|t:|1698248767\n|switch|p1a: Palafin|Palafin, F|100\/100\n|turn|6\n|\n|t:|1698248781\n|move|p1a: Palafin|Bitter Malice|p2a: Miraidon\n|-damage|p2a: Miraidon|0 fnt\n|faint|p2a: Miraidon\n|\n|upkeep\n|\n|t:|1698248789\n|switch|p2a: Chien-Pao|Chien-Pao|100\/100\n|-ability|p2a: Chien-Pao|Sword of Ruin\n|turn|7\n|\n|t:|1698248799\n|move|p1a: Palafin|Bitter Malice|p2a: Chien-Pao\n|-resisted|p2a: Chien-Pao\n|-damage|p2a: Chien-Pao|70\/100\n|-unboost|p2a: Chien-Pao|atk|1\n|move|p2a: Chien-Pao|Throat Chop|p1a: Palafin\n|-supereffective|p1a: Palafin\n|-damage|p1a: Palafin|0 fnt\n|replace|p1a: Zoroark|Zoroark-Hisui, M\n|-end|p1a: Zoroark|Illusion\n|faint|p1a: Zoroark\n|\n|upkeep\n|\n|t:|1698248816\n|switch|p1a: Palafin|Palafin, F|100\/100\n|turn|8\n|\n|t:|1698248823\n|switch|p2a: Kyogre|Kyogre|100\/100\n|-weather|RainDance|[from] ability: Drizzle|[of] p2a: Kyogre\n|move|p1a: Palafin|Flip Turn|p2a: Kyogre\n|-resisted|p2a: Kyogre\n|-crit|p2a: Kyogre\n|-damage|p2a: Kyogre|70\/100\n|\n|t:|1698248833\n|detailschange|p1a: Palafin|Palafin-Hero, F\n|switch|p1a: Ogerpon|Ogerpon, F|100\/100|[from] Flip Turn\n|\n|-weather|RainDance|[upkeep]\n|-heal|p2a: Kyogre|76\/100|[from] item: Leftovers\n|upkeep\n|turn|9\n|\n|t:|1698248842\n|switch|p2a: Chien-Pao|Chien-Pao|70\/100\n|-ability|p2a: Chien-Pao|Sword of Ruin\n|-terastallize|p1a: Ogerpon|Grass\n|detailschange|p1a: Ogerpon|Ogerpon-Teal-Tera, F, tera:Grass\n|-ability|p1a: Ogerpon|Embody Aspect (Teal)|boost\n|-boost|p1a: Ogerpon|spe|1\n|move|p1a: Ogerpon|Swords Dance|p1a: Ogerpon\n|-boost|p1a: Ogerpon|atk|2\n|\n|-weather|RainDance|[upkeep]\n|-fieldend|move: Electric Terrain\n|upkeep\n|turn|10\n|l|\u203dHockey10mon\n|inactive|Hockey10mon disconnected and has a minute to reconnect!\n|player|p1|\n|j|\u203dHockey10mon\n|inactive|Hockey10mon reconnected and has 110 seconds left.\n|player|p1|Hockey10mon|170\n|n|\u203dHockey10mon|hockey10mon\n|\n|t:|1698248894\n|move|p1a: Ogerpon|Play Rough|p2a: Chien-Pao\n|-supereffective|p2a: Chien-Pao\n|-damage|p2a: Chien-Pao|0 fnt\n|faint|p2a: Chien-Pao\n|\n|-weather|RainDance|[upkeep]\n|upkeep\n|\n|t:|1698248901\n|switch|p2a: Basculegion|Basculegion, M|100\/100\n|turn|11\n|\n|t:|1698248906\n|move|p2a: Basculegion|Last Respects|p1a: Ogerpon\n|-enditem|p1a: Ogerpon|Focus Sash\n|-damage|p1a: Ogerpon|1\/100\n|move|p1a: Ogerpon|Ivy Cudgel|p2a: Basculegion\n|-supereffective|p2a: Basculegion\n|-damage|p2a: Basculegion|0 fnt\n|faint|p2a: Basculegion\n|\n|-weather|RainDance|[upkeep]\n|upkeep\n|\n|t:|1698248914\n|switch|p2a: Palkia|Palkia-Origin|100\/100\n|-ability|p2a: Palkia|Pressure\n|turn|12\n|inactive|Hockey10mon has 120 seconds left.\n|\n|t:|1698248929\n|move|p1a: Ogerpon|Ivy Cudgel|p2a: Palkia\n|-damage|p2a: Palkia|0 fnt\n|faint|p2a: Palkia\n|\n|-weather|none\n|upkeep\n|\n|t:|1698248933\n|switch|p2a: Kyogre|Kyogre|76\/100\n|-weather|RainDance|[from] ability: Drizzle|[of] p2a: Kyogre\n|turn|13\n|\n|t:|1698248936\n|move|p1a: Ogerpon|Ivy Cudgel|p2a: Kyogre\n|-supereffective|p2a: Kyogre\n|-damage|p2a: Kyogre|0 fnt\n|faint|p2a: Kyogre\n|\n|win|Hockey10mon\n|n|\u2606poke abir|pokeabir\n|n|\u203dHockey10mon|hockey10mon\n","uploadtime":1698248937,"views":10,"p1id":"hockey10mon","p2id":"pokeabir","formatid":"gen9ubers","rating":0,"private":0,"password":""}