{"id":"gen9ubers-1977946822","p1":"GordonH40","p2":"quesoblancofundido","format":"[Gen 9] Ubers","log":"|j|\u2606GordonH40\n|j|\u2606quesoblancofundido\n|t:|1698470978\n|gametype|singles\n|player|p1|GordonH40|li|\n|player|p2|quesoblancofundido|nate|\n|teamsize|p1|6\n|teamsize|p2|6\n|gen|9\n|tier|[Gen 9] Ubers\n|rule|Sleep Clause Mod: Limit one foe put to sleep\n|rule|Species Clause: Limit one of each Pok\u00e9mon\n|rule|OHKO Clause: OHKO moves are banned\n|rule|Evasion Items Clause: Evasion items are banned\n|rule|Evasion Moves Clause: Evasion moves are banned\n|rule|Endless Battle Clause: Forcing endless battles is banned\n|rule|HP Percentage Mod: HP is shown in percentages\n|clearpoke\n|poke|p1|Ting-Lu|\n|poke|p1|Ninetales-Alola, F|\n|poke|p1|Meowscarada, F|\n|poke|p1|Dragapult, M|\n|poke|p1|Iron Moth|\n|poke|p1|Thundurus-Therian, M|\n|poke|p2|Mimikyu, M|\n|poke|p2|Torterra, F|\n|poke|p2|Greninja-*, M|\n|poke|p2|Roaring Moon|\n|poke|p2|Ursaluna, M|\n|poke|p2|Braviary, M|\n|teampreview\n|\n|t:|1698471003\n|start\n|switch|p1a: Doge|Ninetales-Alola, F|100\/100\n|switch|p2a: Ursaluna|Ursaluna, M|100\/100\n|-weather|Snow|[from] ability: Snow Warning|[of] p1a: Doge\n|turn|1\n|\n|t:|1698471033\n|switch|p1a: LuLu|Ting-Lu|100\/100\n|-ability|p1a: LuLu|Vessel of Ruin\n|move|p2a: Ursaluna|Heavy Slam|p1a: LuLu\n|-damage|p1a: LuLu|92\/100\n|\n|-weather|Snow|[upkeep]\n|-heal|p1a: LuLu|98\/100|[from] item: Leftovers\n|-status|p2a: Ursaluna|brn|[from] item: Flame Orb\n|upkeep\n|turn|2\n|\n|t:|1698471044\n|switch|p2a: Braviary|Braviary, M|100\/100\n|move|p1a: LuLu|Earthquake|p2a: Braviary\n|-immune|p2a: Braviary\n|\n|-weather|Snow|[upkeep]\n|-heal|p1a: LuLu|100\/100|[from] item: Leftovers\n|upkeep\n|turn|3\n|\n|t:|1698471054\n|switch|p1a: Doge|Ninetales-Alola, F|100\/100\n|move|p2a: Braviary|Close Combat|p1a: Doge\n|-damage|p1a: Doge|74\/100\n|-unboost|p2a: Braviary|def|1\n|-unboost|p2a: Braviary|spd|1\n|\n|-weather|Snow|[upkeep]\n|upkeep\n|turn|4\n|\n|t:|1698471065\n|switch|p2a: Ursaluna|Ursaluna, M|100\/100 brn\n|move|p1a: Doge|Aurora Veil|p1a: Doge\n|-sidestart|p1: GordonH40|move: Aurora Veil\n|\n|-weather|Snow|[upkeep]\n|-damage|p2a: Ursaluna|94\/100 brn|[from] brn\n|upkeep\n|turn|5\n|\n|t:|1698471092\n|switch|p1a: Meowscaraid|Meowscarada, F|100\/100\n|switch|p2a: Mimikyu|Mimikyu, M|100\/100\n|\n|-weather|none\n|upkeep\n|turn|6\n|\n|t:|1698471102\n|move|p1a: Meowscaraid|U-turn|p2a: Mimikyu\n|-start|p1a: Meowscaraid|typechange|Bug|[from] ability: Protean\n|-activate|p2a: Mimikyu|ability: Disguise\n|-damage|p2a: Mimikyu|100\/100\n|detailschange|p2a: Mimikyu|Mimikyu-Busted, M\n|-damage|p2a: Mimikyu|88\/100|[from] pokemon: Mimikyu-Busted\n|\n|t:|1698471124\n|switch|p1a: Volcarona I swear|Iron Moth|100\/100|[from] U-turn\n|-enditem|p1a: Volcarona I swear|Booster Energy\n|-activate|p1a: Volcarona I swear|ability: Quark Drive|[fromitem]\n|-start|p1a: Volcarona I swear|quarkdrivespa\n|move|p2a: Mimikyu|Play Rough|p1a: Volcarona I swear\n|-resisted|p1a: Volcarona I swear\n|-damage|p1a: Volcarona I swear|90\/100\n|-damage|p2a: Mimikyu|78\/100|[from] item: Life Orb\n|\n|upkeep\n|turn|7\n|\n|t:|1698471135\n|switch|p2a: Ursaluna|Ursaluna, M|94\/100 brn\n|move|p1a: Volcarona I swear|Agility|p1a: Volcarona I swear\n|-boost|p1a: Volcarona I swear|spe|2\n|\n|-damage|p2a: Ursaluna|88\/100 brn|[from] brn\n|upkeep\n|turn|8\n|\n|t:|1698471142\n|move|p1a: Volcarona I swear|Psychic|p2a: Ursaluna\n|-damage|p2a: Ursaluna|44\/100 brn\n|move|p2a: Ursaluna|Earthquake|p1a: Volcarona I swear\n|-supereffective|p1a: Volcarona I swear\n|-damage|p1a: Volcarona I swear|0 fnt\n|faint|p1a: Volcarona I swear\n|-end|p1a: Volcarona I swear|Quark Drive|[silent]\n|\n|-damage|p2a: Ursaluna|38\/100 brn|[from] brn\n|upkeep\n|\n|t:|1698471152\n|switch|p1a: Meowscaraid|Meowscarada, F|100\/100\n|turn|9\n|\n|t:|1698471162\n|switch|p2a: Braviary|Braviary, M|100\/100\n|move|p1a: Meowscaraid|Knock Off|p2a: Braviary\n|-start|p1a: Meowscaraid|typechange|Dark|[from] ability: Protean\n|-damage|p2a: Braviary|58\/100\n|-enditem|p2a: Braviary|Heavy-Duty Boots|[from] move: Knock Off|[of] p1a: Meowscaraid\n|\n|upkeep\n|turn|10\n|\n|t:|1698471172\n|switch|p1a: Doge|Ninetales-Alola, F|74\/100\n|-weather|Snow|[from] ability: Snow Warning|[of] p1a: Doge\n|move|p2a: Braviary|Close Combat|p1a: Doge\n|-damage|p1a: Doge|62\/100\n|-unboost|p2a: Braviary|def|1\n|-unboost|p2a: Braviary|spd|1\n|\n|-weather|Snow|[upkeep]\n|upkeep\n|turn|11\n|\n|t:|1698471190\n|move|p1a: Doge|Freeze-Dry|p2a: Braviary\n|-supereffective|p2a: Braviary\n|-damage|p2a: Braviary|0 fnt\n|faint|p2a: Braviary\n|\n|-weather|Snow|[upkeep]\n|-sideend|p1: GordonH40|move: Aurora Veil\n|upkeep\n|\n|t:|1698471192\n|switch|p2a: Ursaluna|Ursaluna, M|38\/100 brn\n|turn|12\n|\n|t:|1698471207\n|move|p1a: Doge|Freeze-Dry|p2a: Ursaluna\n|-supereffective|p2a: Ursaluna\n|-crit|p2a: Ursaluna\n|-damage|p2a: Ursaluna|0 fnt\n|faint|p2a: Ursaluna\n|\n|-weather|Snow|[upkeep]\n|upkeep\n|\n|t:|1698471212\n|switch|p2a: Torterra|Torterra, F|100\/100\n|turn|13\n|\n|t:|1698471228\n|-terastallize|p2a: Torterra|Fairy\n|move|p1a: Doge|Freeze-Dry|p2a: Torterra\n|-damage|p2a: Torterra|78\/100\n|move|p2a: Torterra|Shell Smash|p2a: Torterra\n|-unboost|p2a: Torterra|def|1\n|-unboost|p2a: Torterra|spd|1\n|-boost|p2a: Torterra|atk|2\n|-boost|p2a: Torterra|spa|2\n|-boost|p2a: Torterra|spe|2\n|\n|-weather|Snow|[upkeep]\n|upkeep\n|turn|14\n|\n|t:|1698471239\n|move|p2a: Torterra|Bullet Seed|p1a: Doge\n|-damage|p1a: Doge|41\/100\n|-damage|p1a: Doge|19\/100\n|-damage|p1a: Doge|0 fnt\n|faint|p1a: Doge\n|-hitcount|p1: Doge|3\n|\n|-weather|none\n|upkeep\n|\n|t:|1698471253\n|switch|p1a: LuLu|Ting-Lu|100\/100\n|-ability|p1a: LuLu|Vessel of Ruin\n|turn|15\n|\n|t:|1698471258\n|move|p2a: Torterra|Tera Blast|p1a: LuLu|[anim] Tera Blast Fairy\n|-supereffective|p1a: LuLu\n|-damage|p1a: LuLu|6\/100\n|move|p1a: LuLu|Whirlwind|p2a: Torterra\n|drag|p2a: Greninja|Greninja, M|100\/100\n|\n|-heal|p1a: LuLu|12\/100|[from] item: Leftovers\n|upkeep\n|turn|16\n|\n|t:|1698471269\n|move|p2a: Greninja|Ice Beam|p1a: LuLu\n|-start|p2a: Greninja|typechange|Ice|[from] ability: Protean\n|-supereffective|p1a: LuLu\n|-damage|p1a: LuLu|0 fnt\n|faint|p1a: LuLu\n|-damage|p2a: Greninja|91\/100|[from] item: Life Orb\n|\n|upkeep\n|\n|t:|1698471282\n|switch|p1a: Cloudy w\/ a chance|Thundurus-Therian, M|100\/100\n|turn|17\n|\n|t:|1698471285\n|move|p2a: Greninja|Ice Beam|p1a: Cloudy w\/ a chance\n|-supereffective|p1a: Cloudy w\/ a chance\n|-crit|p1a: Cloudy w\/ a chance\n|-damage|p1a: Cloudy w\/ a chance|0 fnt\n|faint|p1a: Cloudy w\/ a chance\n|-damage|p2a: Greninja|81\/100|[from] item: Life Orb\n|\n|upkeep\n|\n|t:|1698471295\n|switch|p1a: Meowscaraid|Meowscarada, F|100\/100\n|turn|18\n|c|\u2606quesoblancofundido|Crit on thunderus again\n|\n|t:|1698471300\n|move|p1a: Meowscaraid|Knock Off|p2a: Greninja\n|-start|p1a: Meowscaraid|typechange|Dark|[from] ability: Protean\n|-damage|p2a: Greninja|7\/100\n|-enditem|p2a: Greninja|Life Orb|[from] move: Knock Off|[of] p1a: Meowscaraid\n|move|p2a: Greninja|Ice Beam|p1a: Meowscaraid\n|-damage|p1a: Meowscaraid|39\/100\n|\n|upkeep\n|turn|19\n|\n|t:|1698471310\n|move|p1a: Meowscaraid|Knock Off|p2a: Greninja\n|-damage|p2a: Greninja|0 fnt\n|faint|p2a: Greninja\n|\n|upkeep\n|\n|t:|1698471311\n|switch|p2a: Roaring Moon|Roaring Moon|100\/100\n|-enditem|p2a: Roaring Moon|Booster Energy\n|-activate|p2a: Roaring Moon|ability: Protosynthesis|[fromitem]\n|-start|p2a: Roaring Moon|protosynthesisspe\n|turn|20\n|\n|t:|1698471317\n|move|p1a: Meowscaraid|Knock Off|p2a: Roaring Moon\n|-resisted|p2a: Roaring Moon\n|-damage|p2a: Roaring Moon|82\/100\n|move|p2a: Roaring Moon|Outrage|p1a: Meowscaraid\n|-damage|p1a: Meowscaraid|0 fnt\n|faint|p1a: Meowscaraid\n|\n|upkeep\n|\n|t:|1698471323\n|switch|p1a: A Literal Jet|Dragapult, M|100\/100\n|turn|21\n|\n|t:|1698471327\n|move|p2a: Roaring Moon|Outrage|p1a: A Literal Jet|[from]lockedmove\n|-supereffective|p1a: A Literal Jet\n|-damage|p1a: A Literal Jet|0 fnt\n|faint|p1a: A Literal Jet\n|-start|p2a: Roaring Moon|confusion|[fatigue]\n|\n|win|quesoblancofundido\n|c|\u2606quesoblancofundido|ggs\n|c|\u2606GordonH40|ggs\n","uploadtime":1698471337,"views":16,"p1id":"gordonh40","p2id":"quesoblancofundido","formatid":"gen9ubers","rating":0,"private":0,"password":""}