{"id":"gen9ubers-1995067754","p1":"Rayquaza37","p2":"jacothaptrllr","format":"[Gen 9] Ubers","log":"|j|\u2606Rayquaza37\n|j|\u2606jacothaptrllr\n|t:|1700519029\n|gametype|singles\n|player|p1|Rayquaza37|eusine|1093\n|player|p2|jacothaptrllr|chuck|1163\n|teamsize|p1|6\n|teamsize|p2|6\n|gen|9\n|tier|[Gen 9] Ubers\n|rated|\n|rule|Sleep Clause Mod: Limit one foe put to sleep\n|rule|Species Clause: Limit one of each Pok\u00e9mon\n|rule|OHKO Clause: OHKO moves are banned\n|rule|Evasion Items Clause: Evasion items are banned\n|rule|Evasion Moves Clause: Evasion moves are banned\n|rule|Endless Battle Clause: Forcing endless battles is banned\n|rule|HP Percentage Mod: HP is shown in percentages\n|clearpoke\n|poke|p1|Clodsire, F|\n|poke|p1|Giratina-Origin|\n|poke|p1|Slowking, F|\n|poke|p1|Koraidon|\n|poke|p1|Zapdos|\n|poke|p1|Zacian-*|\n|poke|p2|Ribombee, M|\n|poke|p2|Mimikyu, M|\n|poke|p2|Pelipper, F|\n|poke|p2|Indeedee, M|\n|poke|p2|Duskull, M|\n|poke|p2|Basculegion, M|\n|teampreview\n|inactive|Battle timer is ON: inactive players will automatically lose when time's up. (requested by jacothaptrllr)\n|\n|t:|1700519052\n|start\n|switch|p1a: Giratina|Giratina-Origin|100\/100\n|switch|p2a: shwwomp|Ribombee, M|100\/100\n|turn|1\n|\n|t:|1700519060\n|move|p2a: shwwomp|Stun Spore|p1a: Giratina|[miss]\n|-miss|p2a: shwwomp|p1a: Giratina\n|move|p1a: Giratina|Hex|p2a: shwwomp\n|-damage|p2a: shwwomp|48\/100\n|\n|upkeep\n|turn|2\n|\n|t:|1700519068\n|switch|p1a: Zapdos|Zapdos|100\/100\n|-ability|p1a: Zapdos|Pressure\n|move|p2a: shwwomp|Light Screen|p2a: shwwomp\n|-sidestart|p2: jacothaptrllr|move: Light Screen\n|\n|upkeep\n|turn|3\n|\n|t:|1700519074\n|move|p2a: shwwomp|Sticky Web|p1a: Zapdos\n|-sidestart|p1: Rayquaza37|move: Sticky Web\n|move|p1a: Zapdos|Thunder Wave|p2a: shwwomp\n|-status|p2a: shwwomp|par\n|\n|upkeep\n|turn|4\n|\n|t:|1700519079\n|move|p1a: Zapdos|Light Screen|p1a: Zapdos\n|-sidestart|p1: Rayquaza37|move: Light Screen\n|move|p2a: shwwomp|Reflect|p2a: shwwomp\n|-sidestart|p2: jacothaptrllr|Reflect\n|\n|upkeep\n|turn|5\n|\n|t:|1700519084\n|move|p1a: Zapdos|Thunderbolt|p2a: shwwomp\n|-damage|p2a: shwwomp|22\/100 par\n|move|p2a: shwwomp|Stun Spore|p1a: Zapdos\n|-immune|p1a: Zapdos\n|\n|upkeep\n|turn|6\n|\n|t:|1700519089\n|move|p1a: Zapdos|Thunderbolt|p2a: shwwomp\n|-crit|p2a: shwwomp\n|-damage|p2a: shwwomp|0 fnt\n|faint|p2a: shwwomp\n|\n|-sideend|p2: jacothaptrllr|move: Light Screen\n|upkeep\n|\n|t:|1700519099\n|switch|p2a: gobekli tepe|Duskull, M|100\/100\n|turn|7\n|\n|t:|1700519108\n|move|p1a: Zapdos|Thunderbolt|p2a: gobekli tepe\n|-damage|p2a: gobekli tepe|56\/100\n|move|p2a: gobekli tepe|Trick Room|p2a: gobekli tepe\n|-fieldstart|move: Trick Room|[of] p2a: gobekli tepe\n|\n|upkeep\n|turn|8\n|\n|t:|1700519119\n|move|p2a: gobekli tepe|Memento|p1a: Zapdos\n|-unboost|p1a: Zapdos|atk|2\n|-unboost|p1a: Zapdos|spa|2\n|faint|p2a: gobekli tepe\n|move|p1a: Zapdos|Thunderbolt|p2: gobekli tepe|[notarget]\n|-fail|p1a: Zapdos\n|\n|-sideend|p2: jacothaptrllr|Reflect\n|-sideend|p1: Rayquaza37|move: Light Screen\n|upkeep\n|\n|t:|1700519126\n|switch|p2a: kathompp|Mimikyu, M|100\/100\n|turn|9\n|\n|t:|1700519133\n|move|p1a: Zapdos|Thunderbolt|p2a: kathompp\n|-activate|p2a: kathompp|ability: Disguise\n|-damage|p2a: kathompp|100\/100\n|detailschange|p2a: kathompp|Mimikyu-Busted, M\n|-damage|p2a: kathompp|88\/100|[from] pokemon: Mimikyu-Busted\n|move|p2a: kathompp|Swords Dance|p2a: kathompp\n|-boost|p2a: kathompp|atk|2\n|\n|upkeep\n|turn|10\n|\n|t:|1700519137\n|move|p1a: Zapdos|Thunder Wave|p2a: kathompp\n|-status|p2a: kathompp|par\n|move|p2a: kathompp|Swords Dance|p2a: kathompp\n|-boost|p2a: kathompp|atk|2\n|\n|upkeep\n|turn|11\n|\n|t:|1700519146\n|switch|p1a: Giratina|Giratina-Origin|100\/100\n|move|p2a: kathompp|Swords Dance|p2a: kathompp\n|-boost|p2a: kathompp|atk|2\n|\n|-fieldend|move: Trick Room\n|upkeep\n|turn|12\n|\n|t:|1700519156\n|-terastallize|p1a: Giratina|Steel\n|move|p2a: kathompp|Shadow Sneak|p1a: Giratina\n|-damage|p1a: Giratina|53\/100\n|-damage|p2a: kathompp|78\/100 par|[from] item: Life Orb\n|move|p1a: Giratina|Hex|p2a: kathompp\n|-supereffective|p2a: kathompp\n|-damage|p2a: kathompp|0 fnt\n|faint|p2a: kathompp\n|\n|upkeep\n|\n|t:|1700519168\n|switch|p2a: eeeeeee|Pelipper, F|100\/100\n|-weather|RainDance|[from] ability: Drizzle|[of] p2a: eeeeeee\n|turn|13\n|\n|t:|1700519180\n|move|p1a: Giratina|Hex|p2a: eeeeeee\n|-damage|p2a: eeeeeee|60\/100\n|move|p2a: eeeeeee|Knock Off|p1a: Giratina\n|-damage|p1a: Giratina|48\/100\n|\n|-weather|RainDance|[upkeep]\n|upkeep\n|turn|14\n|\n|t:|1700519187\n|move|p1a: Giratina|Hex|p2a: eeeeeee\n|-damage|p2a: eeeeeee|16\/100\n|move|p2a: eeeeeee|Tailwind|p2a: eeeeeee\n|-sidestart|p2: jacothaptrllr|move: Tailwind\n|\n|-weather|RainDance|[upkeep]\n|upkeep\n|turn|15\n|\n|t:|1700519196\n|move|p2a: eeeeeee|Quick Attack|p1a: Giratina\n|-resisted|p1a: Giratina\n|-damage|p1a: Giratina|47\/100\n|move|p1a: Giratina|Hex|p2a: eeeeeee\n|-damage|p2a: eeeeeee|0 fnt\n|faint|p2a: eeeeeee\n|\n|-weather|RainDance|[upkeep]\n|upkeep\n|\n|t:|1700519198\n|switch|p2a: malala|Indeedee, M|100\/100\n|-fieldstart|move: Psychic Terrain|[from] ability: Psychic Surge|[of] p2a: malala\n|turn|16\n|\n|t:|1700519204\n|move|p2a: malala|Encore|p1a: Giratina\n|-start|p1a: Giratina|Encore\n|move|p1a: Giratina|Hex|p2a: malala\n|-immune|p2a: malala\n|\n|-weather|RainDance|[upkeep]\n|upkeep\n|turn|17\n|\n|t:|1700519212\n|switch|p2a: tRiDactyL SpYrIT|Basculegion, M|100\/100\n|switch|p1a: Koraidon|Koraidon|100\/100\n|-activate|p1a: Koraidon|move: Sticky Web\n|-unboost|p1a: Koraidon|spe|1\n|-weather|SunnyDay|[from] ability: Orichalcum Pulse|[of] p1a: Koraidon\n|-activate|p1a: Koraidon|Orichalcum Pulse|[source]\n|\n|-weather|SunnyDay|[upkeep]\n|-sideend|p2: jacothaptrllr|move: Tailwind\n|upkeep\n|turn|18\n|\n|t:|1700519223\n|-terastallize|p2a: tRiDactyL SpYrIT|Ghost\n|move|p2a: tRiDactyL SpYrIT|Last Respects|p1a: Koraidon\n|-damage|p1a: Koraidon|0 fnt\n|faint|p1a: Koraidon\n|\n|-weather|SunnyDay|[upkeep]\n|upkeep\n|\n|t:|1700519237\n|switch|p1a: Zacian|Zacian-Crowned|100\/100\n|-activate|p1a: Zacian|move: Sticky Web\n|-unboost|p1a: Zacian|spe|1\n|-ability|p1a: Zacian|Intrepid Sword|boost\n|-boost|p1a: Zacian|atk|1\n|turn|19\n|\n|t:|1700519244\n|switch|p2a: malala|Indeedee, M|100\/100\n|move|p1a: Zacian|Behemoth Blade|p2a: malala\n|-damage|p2a: malala|0 fnt\n|faint|p2a: malala\n|\n|-weather|SunnyDay|[upkeep]\n|upkeep\n|\n|t:|1700519251\n|switch|p2a: tRiDactyL SpYrIT|Basculegion, M, tera:Ghost|100\/100\n|turn|20\n|\n|t:|1700519256\n|move|p2a: tRiDactyL SpYrIT|Last Respects|p1a: Zacian\n|-damage|p1a: Zacian|0 fnt\n|faint|p1a: Zacian\n|\n|-weather|SunnyDay|[upkeep]\n|upkeep\n|\n|t:|1700519261\n|switch|p1a: Zapdos|Zapdos|100\/100\n|-ability|p1a: Zapdos|Pressure\n|turn|21\n|\n|t:|1700519266\n|move|p2a: tRiDactyL SpYrIT|Last Respects|p1a: Zapdos\n|-damage|p1a: Zapdos|0 fnt\n|faint|p1a: Zapdos\n|\n|-weather|none\n|upkeep\n|\n|t:|1700519270\n|switch|p1a: Clodsire|Clodsire, F|100\/100\n|-activate|p1a: Clodsire|move: Sticky Web\n|-unboost|p1a: Clodsire|spe|1\n|turn|22\n|\n|t:|1700519277\n|move|p2a: tRiDactyL SpYrIT|Last Respects|p1a: Clodsire\n|-damage|p1a: Clodsire|0 fnt\n|faint|p1a: Clodsire\n|\n|upkeep\n|\n|t:|1700519282\n|switch|p1a: Giratina|Giratina-Origin, tera:Steel|47\/100\n|turn|23\n|\n|t:|1700519287\n|move|p2a: tRiDactyL SpYrIT|Last Respects|p1a: Giratina\n|-damage|p1a: Giratina|0 fnt\n|faint|p1a: Giratina\n|\n|-fieldend|move: Psychic Terrain\n|upkeep\n|\n|t:|1700519291\n|switch|p1a: Slowking|Slowking, F|100\/100\n|-activate|p1a: Slowking|move: Sticky Web\n|-unboost|p1a: Slowking|spe|1\n|turn|24\n|c|\u2606jacothaptrllr|\ud83e\udd73\n|\n|t:|1700519303\n|move|p2a: tRiDactyL SpYrIT|Last Respects|p1a: Slowking\n|-supereffective|p1a: Slowking\n|-damage|p1a: Slowking|0 fnt\n|faint|p1a: Slowking\n|\n|win|jacothaptrllr\n|raw|Rayquaza37's rating: 1093 &rarr; <strong>1074<\/strong><br \/>(-19 for losing)\n|raw|jacothaptrllr's rating: 1163 &rarr; <strong>1183<\/strong><br \/>(+20 for winning)\n|c|\u2606Rayquaza37|xd\n|l|\u2606Rayquaza37\n|c|\u2606jacothaptrllr|meme team for the ween\n","uploadtime":1700519323,"views":2,"p1id":"rayquaza37","p2id":"jacothaptrllr","formatid":"gen9ubers","rating":1074,"private":0,"password":""}