{"id":"gen9ubers-1994526315","p1":"navigator16","p2":"ShaanPokemon123","format":"[Gen 9] Ubers","log":"|j|\u2606navigator16\n|j|\u2606ShaanPokemon123\n|t:|1700454699\n|gametype|singles\n|player|p1|navigator16|266|\n|player|p2|ShaanPokemon123|ninjaboy|\n|teamsize|p1|6\n|teamsize|p2|6\n|gen|9\n|tier|[Gen 9] Ubers\n|rule|Sleep Clause Mod: Limit one foe put to sleep\n|rule|Species Clause: Limit one of each Pok\u00e9mon\n|rule|OHKO Clause: OHKO moves are banned\n|rule|Evasion Items Clause: Evasion items are banned\n|rule|Evasion Moves Clause: Evasion moves are banned\n|rule|Endless Battle Clause: Forcing endless battles is banned\n|rule|HP Percentage Mod: HP is shown in percentages\n|clearpoke\n|poke|p1|Ninetales-Alola, F|\n|poke|p1|Samurott-Hisui, M|\n|poke|p1|Ursaluna-Bloodmoon, M|\n|poke|p1|Gholdengo|\n|poke|p1|Espeon, M|\n|poke|p1|Ogerpon-Wellspring, F|\n|poke|p2|Ceruledge, M|\n|poke|p2|Iron Treads|\n|poke|p2|Lokix, M|\n|poke|p2|Grafaiai, M|\n|poke|p2|Veluza, M|\n|poke|p2|Iron Valiant|\n|teampreview\n|\n|t:|1700454753\n|start\n|switch|p1a: Samurott|Samurott-Hisui, M|100\/100\n|switch|p2a: Ceruledge|Ceruledge, M|100\/100\n|turn|1\n|c|\u2606ShaanPokemon123|Good luck\n|\n|t:|1700454763\n|move|p1a: Samurott|Ceaseless Edge|p2a: Ceruledge\n|-supereffective|p2a: Ceruledge\n|-enditem|p2a: Ceruledge|Colbur Berry|[eat]\n|-enditem|p2a: Ceruledge|Colbur Berry|[weaken]\n|-damage|p2a: Ceruledge|39\/100\n|-ability|p2a: Ceruledge|Weak Armor|boost\n|-unboost|p2a: Ceruledge|def|1\n|-boost|p2a: Ceruledge|spe|2\n|-sidestart|p2: ShaanPokemon123|Spikes\n|move|p2a: Ceruledge|Swords Dance|p2a: Ceruledge\n|-boost|p2a: Ceruledge|atk|2\n|\n|upkeep\n|turn|2\n|\n|t:|1700454772\n|move|p1a: Samurott|Aqua Jet|p2a: Ceruledge\n|-supereffective|p2a: Ceruledge\n|-damage|p2a: Ceruledge|0 fnt\n|faint|p2a: Ceruledge\n|\n|upkeep\n|c|\u2606navigator16|good luck\n|\n|t:|1700454799\n|switch|p2a: Iron Valiant|Iron Valiant|100\/100\n|-damage|p2a: Iron Valiant|88\/100|[from] Spikes\n|turn|3\n|\n|t:|1700454824\n|move|p2a: Iron Valiant|Close Combat|p1a: Samurott\n|-supereffective|p1a: Samurott\n|-enditem|p1a: Samurott|Focus Sash\n|-damage|p1a: Samurott|1\/100\n|-unboost|p2a: Iron Valiant|def|1\n|-unboost|p2a: Iron Valiant|spd|1\n|move|p1a: Samurott|Razor Shell|p2a: Iron Valiant\n|-damage|p2a: Iron Valiant|0 fnt\n|faint|p2a: Iron Valiant\n|-end|p2a: Iron Valiant|Quark Drive|[silent]\n|\n|upkeep\n|\n|t:|1700454841\n|switch|p2a: Iron Treads|Iron Treads|100\/100\n|-damage|p2a: Iron Treads|88\/100|[from] Spikes\n|turn|4\n|\n|t:|1700454852\n|move|p1a: Samurott|Aqua Jet|p2a: Iron Treads\n|-supereffective|p2a: Iron Treads\n|-damage|p2a: Iron Treads|61\/100\n|move|p2a: Iron Treads|Rapid Spin|p1a: Samurott\n|-damage|p1a: Samurott|0 fnt\n|-boost|p2a: Iron Treads|spe|1\n|-sideend|p2: ShaanPokemon123|Spikes|[from] move: Rapid Spin|[of] p2a: Iron Treads\n|faint|p1a: Samurott\n|\n|-heal|p2a: Iron Treads|68\/100|[from] item: Leftovers\n|upkeep\n|j| Cyclistsiggy\n|\n|t:|1700454877\n|switch|p1a: Ogerpon|Ogerpon-Wellspring, F|100\/100\n|turn|5\n|\n|t:|1700454901\n|move|p2a: Iron Treads|Volt Switch|p1a: Ogerpon\n|-damage|p1a: Ogerpon|87\/100\n|\n|t:|1700454923\n|-end|p2a: Iron Treads|Quark Drive|[silent]\n|switch|p2a: Lokix|Lokix, M|100\/100|[from] Volt Switch\n|move|p1a: Ogerpon|Ivy Cudgel|p2a: Lokix|[anim] Ivy Cudgel Water\n|-damage|p2a: Lokix|14\/100\n|\n|upkeep\n|turn|6\n|l| Cyclistsiggy\n|\n|t:|1700454952\n|switch|p1a: Ninetales|Ninetales-Alola, F|100\/100\n|-weather|Snow|[from] ability: Snow Warning|[of] p1a: Ninetales\n|move|p2a: Lokix|Swords Dance|p2a: Lokix\n|-boost|p2a: Lokix|atk|2\n|\n|-weather|Snow|[upkeep]\n|upkeep\n|turn|7\n|\n|t:|1700454971\n|move|p2a: Lokix|Sucker Punch|p1a: Ninetales\n|-resisted|p1a: Ninetales\n|-damage|p1a: Ninetales|51\/100\n|move|p1a: Ninetales|Moonblast|p2a: Lokix\n|-supereffective|p2a: Lokix\n|-damage|p2a: Lokix|0 fnt\n|faint|p2a: Lokix\n|\n|-weather|Snow|[upkeep]\n|upkeep\n|\n|t:|1700454986\n|switch|p2a: Grafaiai|Grafaiai, M|100\/100\n|turn|8\n|\n|t:|1700455054\n|move|p2a: Grafaiai|Knock Off|p1a: Ninetales\n|-resisted|p1a: Ninetales\n|-damage|p1a: Ninetales|40\/100\n|-enditem|p1a: Ninetales|Light Clay|[from] move: Knock Off|[of] p2a: Grafaiai\n|move|p1a: Ninetales|Aurora Veil|p1a: Ninetales\n|-sidestart|p1: navigator16|move: Aurora Veil\n|\n|-weather|Snow|[upkeep]\n|upkeep\n|turn|9\n|\n|t:|1700455066\n|move|p2a: Grafaiai|Encore|p1a: Ninetales\n|-start|p1a: Ninetales|Encore\n|move|p1a: Ninetales|Aurora Veil||[still]\n|-fail|p1a: Ninetales\n|\n|-weather|Snow|[upkeep]\n|upkeep\n|turn|10\n|\n|t:|1700455071\n|switch|p1a: Ursaluna|Ursaluna-Bloodmoon, M|100\/100\n|move|p2a: Grafaiai|Gunk Shot|p1a: Ursaluna\n|-resisted|p1a: Ursaluna\n|-damage|p1a: Ursaluna|92\/100\n|-status|p1a: Ursaluna|psn\n|\n|-weather|none\n|-heal|p1a: Ursaluna|98\/100 psn|[from] item: Leftovers\n|-damage|p1a: Ursaluna|86\/100 psn|[from] psn\n|upkeep\n|turn|11\n|\n|t:|1700455087\n|move|p2a: Grafaiai|Knock Off|p1a: Ursaluna\n|-damage|p1a: Ursaluna|77\/100 psn\n|-enditem|p1a: Ursaluna|Leftovers|[from] move: Knock Off|[of] p2a: Grafaiai\n|move|p1a: Ursaluna|Blood Moon|p2a: Grafaiai\n|-damage|p2a: Grafaiai|0 fnt\n|faint|p2a: Grafaiai\n|\n|-damage|p1a: Ursaluna|65\/100 psn|[from] psn\n|upkeep\n|\n|t:|1700455098\n|switch|p2a: Veluza|Veluza, M|100\/100\n|-ability|p2a: Veluza|Mold Breaker\n|turn|12\n|\n|t:|1700455116\n|-terastallize|p2a: Veluza|Grass\n|move|p2a: Veluza|Fillet Away|p2a: Veluza\n|-boost|p2a: Veluza|atk|2\n|-boost|p2a: Veluza|spa|2\n|-boost|p2a: Veluza|spe|2\n|-damage|p2a: Veluza|50\/100\n|-enditem|p2a: Veluza|Sitrus Berry|[eat]\n|-heal|p2a: Veluza|75\/100|[from] item: Sitrus Berry\n|move|p1a: Ursaluna|Earth Power|p2a: Veluza\n|-resisted|p2a: Veluza\n|-damage|p2a: Veluza|35\/100\n|\n|-damage|p1a: Ursaluna|52\/100 psn|[from] psn\n|-sideend|p1: navigator16|move: Aurora Veil\n|upkeep\n|turn|13\n|\n|t:|1700455132\n|move|p2a: Veluza|Tera Blast|p1a: Ursaluna|[anim] Tera Blast Grass\n|-supereffective|p1a: Ursaluna\n|-damage|p1a: Ursaluna|0 fnt\n|faint|p1a: Ursaluna\n|\n|upkeep\n|\n|t:|1700455193\n|switch|p1a: Gholdengo|Gholdengo|100\/100\n|turn|14\n|\n|t:|1700455198\n|move|p2a: Veluza|Night Slash|p1a: Gholdengo\n|-supereffective|p1a: Gholdengo\n|-damage|p1a: Gholdengo|0 fnt\n|faint|p1a: Gholdengo\n|\n|upkeep\n|\n|t:|1700455212\n|switch|p1a: Ogerpon|Ogerpon-Wellspring, F|87\/100\n|turn|15\n|\n|t:|1700455218\n|move|p2a: Veluza|Tera Blast|p1a: Ogerpon|[anim] Tera Blast Grass\n|-damage|p1a: Ogerpon|0 fnt\n|faint|p1a: Ogerpon\n|\n|upkeep\n|\n|t:|1700455221\n|switch|p1a: Espeon|Espeon, M|100\/100\n|turn|16\n|l|\u2606ShaanPokemon123\n|player|p2|\n|j|\u2606ShaanPokemon123\n|player|p2|ShaanPokemon123|ninjaboy\n|\n|t:|1700455378\n|-terastallize|p1a: Espeon|Fairy\n|move|p2a: Veluza|Night Slash|p1a: Espeon\n|-resisted|p1a: Espeon\n|-damage|p1a: Espeon|54\/100\n|move|p1a: Espeon|Dazzling Gleam|p2a: Veluza\n|-damage|p2a: Veluza|0 fnt\n|faint|p2a: Veluza\n|\n|upkeep\n|\n|t:|1700455384\n|switch|p2a: Iron Treads|Iron Treads|68\/100\n|turn|17\n|\n|t:|1700455392\n|move|p1a: Espeon|Dazzling Gleam|p2a: Iron Treads\n|-resisted|p2a: Iron Treads\n|-damage|p2a: Iron Treads|33\/100\n|move|p2a: Iron Treads|Rapid Spin|p1a: Espeon\n|-damage|p1a: Espeon|19\/100\n|-boost|p2a: Iron Treads|spe|1\n|\n|-heal|p2a: Iron Treads|39\/100|[from] item: Leftovers\n|upkeep\n|turn|18\n|\n|t:|1700455396\n|move|p2a: Iron Treads|Iron Head|p1a: Espeon\n|-supereffective|p1a: Espeon\n|-damage|p1a: Espeon|0 fnt\n|faint|p1a: Espeon\n|\n|-heal|p2a: Iron Treads|45\/100|[from] item: Leftovers\n|upkeep\n|\n|t:|1700455398\n|switch|p1a: Ninetales|Ninetales-Alola, F|40\/100\n|-weather|Snow|[from] ability: Snow Warning|[of] p1a: Ninetales\n|turn|19\n|\n|t:|1700455403\n|move|p2a: Iron Treads|Iron Head|p1a: Ninetales\n|-supereffective|p1a: Ninetales\n|-damage|p1a: Ninetales|0 fnt\n|faint|p1a: Ninetales\n|\n|win|ShaanPokemon123\n|c|\u2606navigator16|gg\n|c|\u2606ShaanPokemon123|Gg\n|c|\u2606ShaanPokemon123|very close game\n|c|\u2606navigator16|yeah that fish is insane\n|c|\u2606navigator16|lol\n","uploadtime":1700455409,"views":28,"p1id":"navigator16","p2id":"shaanpokemon123","formatid":"gen9ubers","rating":0,"private":0,"password":""}