{"id":"gen9ubers-1994795538","p1":"mrshades008","p2":"fabxorusVGC","format":"[Gen 9] Ubers","log":"|j|\u2606mrshades008\n|j|\u2606fabxorusVGC\n|t:|1700493528\n|gametype|singles\n|player|p1|mrshades008|kieran|1198\n|player|p2|fabxorusVGC|hilbert|1230\n|teamsize|p1|6\n|teamsize|p2|6\n|gen|9\n|tier|[Gen 9] Ubers\n|rated|\n|rule|Sleep Clause Mod: Limit one foe put to sleep\n|rule|Species Clause: Limit one of each Pok\u00e9mon\n|rule|OHKO Clause: OHKO moves are banned\n|rule|Evasion Items Clause: Evasion items are banned\n|rule|Evasion Moves Clause: Evasion moves are banned\n|rule|Endless Battle Clause: Forcing endless battles is banned\n|rule|HP Percentage Mod: HP is shown in percentages\n|clearpoke\n|poke|p1|Palafin, M|\n|poke|p1|Espathra, F|\n|poke|p1|Maushold|\n|poke|p1|Volcarona, M|\n|poke|p1|Toxapex, M|\n|poke|p1|Miraidon|\n|poke|p2|Wo-Chien|\n|poke|p2|Landorus-Therian, M|\n|poke|p2|Urshifu-*, M|\n|poke|p2|Regieleki|\n|poke|p2|Volcarona, F|\n|poke|p2|Ursaluna-Bloodmoon, M|\n|teampreview\n|inactive|Battle timer is ON: inactive players will automatically lose when time's up. (requested by fabxorusVGC)\n|\n|t:|1700493540\n|start\n|switch|p1a: Palafin|Palafin, M|100\/100\n|switch|p2a: Regieleki|Regieleki|100\/100\n|turn|1\n|\n|t:|1700493548\n|detailschange|p1a: Palafin|Palafin-Hero, M\n|switch|p1a: Miraidon|Miraidon|100\/100\n|-fieldstart|move: Electric Terrain|[from] ability: Hadron Engine|[of] p1a: Miraidon\n|move|p2a: Regieleki|Volt Switch|p1a: Miraidon\n|-resisted|p1a: Miraidon\n|-damage|p1a: Miraidon|84\/100\n|-damage|p2a: Regieleki|91\/100|[from] item: Life Orb\n|\n|t:|1700493573\n|switch|p2a: Striker|Urshifu-Rapid-Strike, M|100\/100|[from] Volt Switch\n|\n|upkeep\n|turn|2\n|\n|t:|1700493583\n|switch|p2a: Gaia|Landorus-Therian, M|100\/100\n|-ability|p2a: Gaia|Intimidate|boost\n|-unboost|p1a: Miraidon|atk|1\n|move|p1a: Miraidon|U-turn|p2a: Gaia\n|-resisted|p2a: Gaia\n|-damage|p2a: Gaia|96\/100\n|\n|t:|1700493593\n|switch|p1a: Palafin|Palafin-Hero, M|100\/100|[from] U-turn\n|-activate|p1a: Palafin|ability: Zero to Hero\n|\n|upkeep\n|turn|3\n|\n|t:|1700493603\n|switch|p2a: Wo-Chien|Wo-Chien|100\/100\n|-ability|p2a: Wo-Chien|Tablets of Ruin\n|move|p1a: Palafin|Zen Headbutt|p2a: Wo-Chien\n|-immune|p2a: Wo-Chien\n|\n|upkeep\n|turn|4\n|\n|t:|1700493617\n|switch|p1a: Volcarona|Volcarona, M|100\/100\n|move|p2a: Wo-Chien|Leech Seed|p1a: Volcarona\n|-start|p1a: Volcarona|move: Leech Seed\n|\n|-damage|p1a: Volcarona|88\/100|[from] Leech Seed|[of] p2a: Wo-Chien\n|upkeep\n|turn|5\n|\n|t:|1700493626\n|move|p1a: Volcarona|Quiver Dance|p1a: Volcarona\n|-boost|p1a: Volcarona|spa|1\n|-boost|p1a: Volcarona|spd|1\n|-boost|p1a: Volcarona|spe|1\n|move|p2a: Wo-Chien|Snarl|p1a: Volcarona\n|-damage|p1a: Volcarona|75\/100\n|-unboost|p1a: Volcarona|spa|1\n|\n|-damage|p1a: Volcarona|63\/100|[from] Leech Seed|[of] p2a: Wo-Chien\n|-fieldend|move: Electric Terrain\n|upkeep\n|turn|6\n|\n|t:|1700493637\n|move|p1a: Volcarona|Quiver Dance|p1a: Volcarona\n|-boost|p1a: Volcarona|spa|1\n|-boost|p1a: Volcarona|spd|1\n|-boost|p1a: Volcarona|spe|1\n|move|p2a: Wo-Chien|Snarl|p1a: Volcarona\n|-damage|p1a: Volcarona|53\/100\n|-unboost|p1a: Volcarona|spa|1\n|\n|-damage|p1a: Volcarona|41\/100|[from] Leech Seed|[of] p2a: Wo-Chien\n|upkeep\n|turn|7\n|\n|t:|1700493648\n|move|p1a: Volcarona|Morning Sun|p1a: Volcarona\n|-heal|p1a: Volcarona|91\/100\n|move|p2a: Wo-Chien|Snarl|p1a: Volcarona\n|-damage|p1a: Volcarona|81\/100\n|-unboost|p1a: Volcarona|spa|1\n|\n|-damage|p1a: Volcarona|69\/100|[from] Leech Seed|[of] p2a: Wo-Chien\n|upkeep\n|turn|8\n|\n|t:|1700493659\n|move|p1a: Volcarona|Flamethrower|p2a: Wo-Chien\n|-supereffective|p2a: Wo-Chien\n|-damage|p2a: Wo-Chien|70\/100\n|move|p2a: Wo-Chien|Ruination|p1a: Volcarona\n|-damage|p1a: Volcarona|35\/100\n|\n|-heal|p2a: Wo-Chien|76\/100|[from] item: Leftovers\n|-damage|p1a: Volcarona|23\/100|[from] Leech Seed|[of] p2a: Wo-Chien\n|-heal|p2a: Wo-Chien|87\/100|[silent]\n|upkeep\n|turn|9\n|\n|t:|1700493670\n|switch|p1a: Maushold|Maushold|100\/100\n|move|p2a: Wo-Chien|Ruination|p1a: Maushold\n|-damage|p1a: Maushold|51\/100\n|\n|-heal|p2a: Wo-Chien|93\/100|[from] item: Leftovers\n|upkeep\n|turn|10\n|\n|t:|1700493679\n|switch|p2a: Gaia|Landorus-Therian, M|96\/100\n|-ability|p2a: Gaia|Intimidate|boost\n|-unboost|p1a: Maushold|atk|1\n|move|p1a: Maushold|Thunder Wave|p2a: Gaia\n|-immune|p2a: Gaia\n|\n|upkeep\n|turn|11\n|\n|t:|1700493691\n|move|p1a: Maushold|Population Bomb|p2a: Gaia\n|-damage|p2a: Gaia|87\/100\n|-damage|p2a: Gaia|78\/100\n|-damage|p2a: Gaia|70\/100\n|-damage|p2a: Gaia|60\/100\n|-damage|p2a: Gaia|51\/100\n|-damage|p2a: Gaia|42\/100\n|-damage|p2a: Gaia|32\/100\n|-damage|p2a: Gaia|23\/100\n|-damage|p2a: Gaia|14\/100\n|-damage|p2a: Gaia|6\/100\n|-hitcount|p2a: Gaia|10\n|move|p2a: Gaia|Earthquake|p1a: Maushold\n|-damage|p1a: Maushold|0 fnt\n|faint|p1a: Maushold\n|\n|upkeep\n|\n|t:|1700493714\n|switch|p1a: Toxapex|Toxapex, M|100\/100\n|turn|12\n|\n|t:|1700493719\n|move|p2a: Gaia|Earthquake|p1a: Toxapex\n|-supereffective|p1a: Toxapex\n|-damage|p1a: Toxapex|41\/100\n|move|p1a: Toxapex|Toxic|p2a: Gaia\n|-status|p2a: Gaia|tox\n|\n|-heal|p1a: Toxapex|47\/100|[from] item: Leftovers\n|-damage|p2a: Gaia|0 fnt|[from] psn\n|faint|p2a: Gaia\n|upkeep\n|\n|t:|1700493729\n|switch|p2a: Luna|Ursaluna-Bloodmoon, M|100\/100\n|turn|13\n|\n|t:|1700493737\n|switch|p1a: Palafin|Palafin-Hero, M|100\/100\n|move|p2a: Luna|Earth Power|p1a: Palafin\n|-damage|p1a: Palafin|39\/100\n|\n|upkeep\n|turn|14\n|\n|t:|1700493746\n|switch|p2a: Wo-Chien|Wo-Chien|93\/100\n|-ability|p2a: Wo-Chien|Tablets of Ruin\n|move|p1a: Palafin|Flip Turn|p2a: Wo-Chien\n|-resisted|p2a: Wo-Chien\n|-damage|p2a: Wo-Chien|75\/100\n|\n|t:|1700493755\n|switch|p1a: Toxapex|Toxapex, M|80\/100|[from] Flip Turn\n|\n|-heal|p2a: Wo-Chien|81\/100|[from] item: Leftovers\n|-heal|p1a: Toxapex|86\/100|[from] item: Leftovers\n|upkeep\n|turn|15\n|\n|t:|1700493765\n|-terastallize|p2a: Wo-Chien|Poison\n|move|p2a: Wo-Chien|Leech Seed|p1a: Toxapex\n|-start|p1a: Toxapex|move: Leech Seed\n|move|p1a: Toxapex|Toxic|p2a: Wo-Chien\n|-immune|p2a: Wo-Chien\n|\n|-heal|p2a: Wo-Chien|87\/100|[from] item: Leftovers\n|-heal|p1a: Toxapex|93\/100|[from] item: Leftovers\n|-damage|p1a: Toxapex|80\/100|[from] Leech Seed|[of] p2a: Wo-Chien\n|-heal|p2a: Wo-Chien|97\/100|[silent]\n|upkeep\n|turn|16\n|\n|t:|1700493780\n|switch|p1a: Miraidon|Miraidon|84\/100\n|-fieldstart|move: Electric Terrain|[from] ability: Hadron Engine|[of] p1a: Miraidon\n|move|p2a: Wo-Chien|Ruination|p1a: Miraidon\n|-damage|p1a: Miraidon|42\/100\n|\n|-heal|p2a: Wo-Chien|100\/100|[from] item: Leftovers\n|upkeep\n|turn|17\n|inactive|fabxorusVGC has 120 seconds left.\n|\n|t:|1700493815\n|move|p1a: Miraidon|Draco Meteor|p2a: Wo-Chien\n|-damage|p2a: Wo-Chien|28\/100\n|-unboost|p1a: Miraidon|spa|2\n|move|p2a: Wo-Chien|Snarl|p1a: Miraidon\n|-damage|p1a: Miraidon|25\/100\n|-unboost|p1a: Miraidon|spa|1\n|\n|-heal|p2a: Wo-Chien|34\/100|[from] item: Leftovers\n|upkeep\n|turn|18\n|inactive|fabxorusVGC has 120 seconds left.\n|\n|t:|1700493834\n|switch|p2a: Volcarona|Volcarona, F|100\/100\n|move|p1a: Miraidon|Draco Meteor|p2a: Volcarona\n|-damage|p2a: Volcarona|45\/100\n|-unboost|p1a: Miraidon|spa|2\n|\n|upkeep\n|turn|19\n|\n|t:|1700493849\n|move|p1a: Miraidon|Draco Meteor|p2a: Volcarona\n|-damage|p2a: Volcarona|7\/100\n|-unboost|p1a: Miraidon|spa|1\n|move|p2a: Volcarona|Quiver Dance|p2a: Volcarona\n|-boost|p2a: Volcarona|spa|1\n|-boost|p2a: Volcarona|spd|1\n|-boost|p2a: Volcarona|spe|1\n|\n|upkeep\n|turn|20\n|\n|t:|1700493871\n|switch|p1a: Espathra|Espathra, F|100\/100\n|-enditem|p1a: Espathra|Electric Seed\n|-boost|p1a: Espathra|def|1|[from] item: Electric Seed\n|move|p2a: Volcarona|Fiery Dance|p1a: Espathra\n|-damage|p1a: Espathra|29\/100\n|\n|-fieldend|move: Electric Terrain\n|upkeep\n|turn|21\n|\n|t:|1700493884\n|move|p2a: Volcarona|Fiery Dance|p1a: Espathra\n|-damage|p1a: Espathra|0 fnt\n|faint|p1a: Espathra\n|\n|upkeep\n|\n|t:|1700493891\n|switch|p1a: Toxapex|Toxapex, M|100\/100\n|turn|22\n|\n|t:|1700493898\n|move|p2a: Volcarona|Giga Drain|p1a: Toxapex\n|-damage|p1a: Toxapex|74\/100\n|-heal|p2a: Volcarona|19\/100|[from] drain|[of] p1a: Toxapex\n|move|p1a: Toxapex|Surf|p2a: Volcarona\n|-supereffective|p2a: Volcarona\n|-damage|p2a: Volcarona|0 fnt\n|faint|p2a: Volcarona\n|\n|-heal|p1a: Toxapex|80\/100|[from] item: Leftovers\n|upkeep\n|\n|t:|1700493909\n|switch|p2a: Regieleki|Regieleki|91\/100\n|turn|23\n|\n|t:|1700493913\n|-terastallize|p1a: Toxapex|Steel\n|move|p2a: Regieleki|Thunderbolt|p1a: Toxapex\n|-damage|p1a: Toxapex|20\/100\n|-damage|p2a: Regieleki|81\/100|[from] item: Life Orb\n|move|p1a: Toxapex|Toxic|p2a: Regieleki\n|-status|p2a: Regieleki|tox\n|\n|-heal|p1a: Toxapex|26\/100|[from] item: Leftovers\n|-damage|p2a: Regieleki|75\/100 tox|[from] psn\n|upkeep\n|turn|24\n|j| HUGsnou\n|inactive|fabxorusVGC has 120 seconds left.\n|\n|t:|1700493926\n|switch|p1a: Miraidon|Miraidon|25\/100\n|-fieldstart|move: Electric Terrain|[from] ability: Hadron Engine|[of] p1a: Miraidon\n|move|p2a: Regieleki|Volt Switch|p1a: Miraidon\n|-resisted|p1a: Miraidon\n|-damage|p1a: Miraidon|10\/100\n|-damage|p2a: Regieleki|65\/100 tox|[from] item: Life Orb\n|inactive|fabxorusVGC has 120 seconds left.\n|\n|t:|1700493936\n|switch|p2a: Striker|Urshifu-Rapid-Strike, M|100\/100|[from] Volt Switch\n|\n|upkeep\n|turn|25\n|\n|t:|1700493943\n|switch|p2a: Wo-Chien|Wo-Chien, tera:Poison|34\/100\n|-ability|p2a: Wo-Chien|Tablets of Ruin\n|move|p1a: Miraidon|Draco Meteor|p2a: Wo-Chien\n|-damage|p2a: Wo-Chien|0 fnt\n|-unboost|p1a: Miraidon|spa|2\n|faint|p2a: Wo-Chien\n|\n|upkeep\n|inactive|fabxorusVGC has 120 seconds left.\n|\n|t:|1700493955\n|switch|p2a: Regieleki|Regieleki|65\/100 tox\n|turn|26\n|\n|t:|1700493960\n|move|p2a: Regieleki|Volt Switch|p1a: Miraidon\n|-resisted|p1a: Miraidon\n|-damage|p1a: Miraidon|0 fnt\n|faint|p1a: Miraidon\n|-damage|p2a: Regieleki|55\/100 tox|[from] item: Life Orb\n|\n|t:|1700493966\n|switch|p2a: Striker|Urshifu-Rapid-Strike, M|100\/100|[from] Volt Switch\n|\n|upkeep\n|\n|t:|1700493970\n|switch|p1a: Palafin|Palafin-Hero, M|39\/100\n|turn|27\n|\n|t:|1700493981\n|move|p2a: Striker|Close Combat|p1a: Palafin\n|-damage|p1a: Palafin|0 fnt\n|-unboost|p2a: Striker|def|1\n|-unboost|p2a: Striker|spd|1\n|faint|p1a: Palafin\n|\n|upkeep\n|\n|t:|1700493993\n|switch|p1a: Toxapex|Toxapex, M, tera:Steel|59\/100\n|turn|28\n|\n|t:|1700493999\n|move|p2a: Striker|Close Combat|p1a: Toxapex\n|-supereffective|p1a: Toxapex\n|-damage|p1a: Toxapex|0 fnt\n|-unboost|p2a: Striker|def|1\n|-unboost|p2a: Striker|spd|1\n|faint|p1a: Toxapex\n|\n|-fieldend|move: Electric Terrain\n|upkeep\n|\n|t:|1700494005\n|switch|p1a: Volcarona|Volcarona, M|23\/100\n|turn|29\n|\n|t:|1700494010\n|move|p2a: Striker|Close Combat|p1a: Volcarona\n|-resisted|p1a: Volcarona\n|-damage|p1a: Volcarona|0 fnt\n|-unboost|p2a: Striker|def|1\n|-unboost|p2a: Striker|spd|1\n|faint|p1a: Volcarona\n|\n|win|fabxorusVGC\n|raw|mrshades008's rating: 1198 &rarr; <strong>1175<\/strong><br \/>(-23 for losing)\n|raw|fabxorusVGC's rating: 1230 &rarr; <strong>1253<\/strong><br \/>(+23 for winning)\n|l|\u2606mrshades008\n|c|\u2606fabxorusVGC|Gg :v\n","uploadtime":1700494078,"views":5,"p1id":"mrshades008","p2id":"fabxorusvgc","formatid":"gen9ubers","rating":1175,"private":0,"password":""}