{"id":"gen9ubers-1990841422","p1":"FoxDragon22","p2":"blookinator","format":"[Gen 9] Ubers","log":"|j|\u2606FoxDragon22\n|j|\u2606blookinator\n|t:|1700006452\n|gametype|singles\n|player|p1|FoxDragon22|acetrainerf-gen4dp|\n|player|p2|blookinator|eusine|\n|teamsize|p1|6\n|teamsize|p2|6\n|gen|9\n|tier|[Gen 9] Ubers\n|rule|Sleep Clause Mod: Limit one foe put to sleep\n|rule|Species Clause: Limit one of each Pok\u00e9mon\n|rule|OHKO Clause: OHKO moves are banned\n|rule|Evasion Items Clause: Evasion items are banned\n|rule|Evasion Moves Clause: Evasion moves are banned\n|rule|Endless Battle Clause: Forcing endless battles is banned\n|rule|HP Percentage Mod: HP is shown in percentages\n|clearpoke\n|poke|p1|Samurott-Hisui, F|\n|poke|p1|Arceus-Grass|\n|poke|p1|Zacian-*|\n|poke|p1|Dialga|\n|poke|p1|Cyclizar, M|\n|poke|p1|Palkia-Origin|\n|poke|p2|Spectrier|\n|poke|p2|Zacian-*|\n|poke|p2|Ninetales-Alola, M|\n|poke|p2|Ogerpon-Wellspring, F|\n|poke|p2|Heatran, M|\n|poke|p2|Vikavolt, M|\n|teampreview\n|\n|t:|1700006468\n|start\n|switch|p1a: Dialga|Dialga|100\/100\n|switch|p2a: Vikavolt|Vikavolt, M|100\/100\n|-ability|p1a: Dialga|Pressure\n|turn|1\n|\n|t:|1700006477\n|move|p1a: Dialga|Stealth Rock|p2a: Vikavolt\n|-sidestart|p2: blookinator|move: Stealth Rock\n|move|p2a: Vikavolt|Thunder Wave|p1a: Dialga\n|-status|p1a: Dialga|par\n|\n|upkeep\n|turn|2\n|\n|t:|1700006484\n|move|p2a: Vikavolt|Sticky Web|p1a: Dialga\n|-sidestart|p1: FoxDragon22|move: Sticky Web\n|move|p1a: Dialga|Draco Meteor|p2a: Vikavolt\n|-damage|p2a: Vikavolt|0 fnt\n|-unboost|p1a: Dialga|spa|2\n|faint|p2a: Vikavolt\n|\n|upkeep\n|\n|t:|1700006501\n|switch|p2a: Heatran|Heatran, M|100\/100\n|-damage|p2a: Heatran|88\/100|[from] Stealth Rock\n|turn|3\n|\n|t:|1700006522\n|move|p2a: Heatran|Stealth Rock|p1a: Dialga\n|-sidestart|p1: FoxDragon22|move: Stealth Rock\n|cant|p1a: Dialga|par\n|\n|-heal|p2a: Heatran|94\/100|[from] item: Leftovers\n|upkeep\n|turn|4\n|\n|t:|1700006539\n|move|p2a: Heatran|Magma Storm|p1a: Dialga|[miss]\n|-miss|p2a: Heatran|p1a: Dialga\n|move|p1a: Dialga|Earth Power|p2a: Heatran\n|-supereffective|p2a: Heatran\n|-damage|p2a: Heatran|48\/100\n|\n|-heal|p2a: Heatran|54\/100|[from] item: Leftovers\n|upkeep\n|turn|5\n|\n|t:|1700006560\n|switch|p2a: Zacian|Zacian|100\/100\n|-damage|p2a: Zacian|88\/100|[from] Stealth Rock\n|-ability|p2a: Zacian|Intrepid Sword|boost\n|-boost|p2a: Zacian|atk|1\n|move|p1a: Dialga|Earth Power|p2a: Zacian\n|-damage|p2a: Zacian|71\/100\n|\n|upkeep\n|turn|6\n|\n|t:|1700006576\n|move|p2a: Zacian|Close Combat|p1a: Dialga\n|-supereffective|p1a: Dialga\n|-damage|p1a: Dialga|0 fnt\n|-unboost|p2a: Zacian|def|1\n|-unboost|p2a: Zacian|spd|1\n|faint|p1a: Dialga\n|\n|upkeep\n|\n|t:|1700006594\n|switch|p1a: Zacian|Zacian|100\/100\n|-activate|p1a: Zacian|move: Sticky Web\n|-unboost|p1a: Zacian|spe|1\n|-damage|p1a: Zacian|88\/100|[from] Stealth Rock\n|-ability|p1a: Zacian|Intrepid Sword|boost\n|-boost|p1a: Zacian|atk|1\n|turn|7\n|\n|t:|1700006611\n|switch|p2a: Heatran|Heatran, M|54\/100\n|-damage|p2a: Heatran|41\/100|[from] Stealth Rock\n|move|p1a: Zacian|Poison Jab|p2a: Heatran\n|-immune|p2a: Heatran\n|\n|-heal|p2a: Heatran|48\/100|[from] item: Leftovers\n|upkeep\n|turn|8\n|\n|t:|1700006621\n|switch|p1a: Cyclizar|Cyclizar, M|100\/100\n|-activate|p1a: Cyclizar|move: Sticky Web\n|-unboost|p1a: Cyclizar|spe|1\n|-damage|p1a: Cyclizar|88\/100|[from] Stealth Rock\n|move|p2a: Heatran|Will-O-Wisp|p1a: Cyclizar\n|-status|p1a: Cyclizar|brn\n|\n|-heal|p1a: Cyclizar|94\/100 brn|[from] item: Leftovers\n|-heal|p2a: Heatran|54\/100|[from] item: Leftovers\n|-damage|p1a: Cyclizar|88\/100 brn|[from] brn\n|upkeep\n|turn|9\n|\n|t:|1700006636\n|switch|p2a: Spectrier|Spectrier|100\/100\n|-damage|p2a: Spectrier|88\/100|[from] Stealth Rock\n|move|p1a: Cyclizar|Rapid Spin|p2a: Spectrier\n|-immune|p2a: Spectrier\n|\n|-heal|p1a: Cyclizar|94\/100 brn|[from] item: Leftovers\n|-damage|p1a: Cyclizar|88\/100 brn|[from] brn\n|upkeep\n|turn|10\n|\n|t:|1700006659\n|move|p2a: Spectrier|Dark Pulse|p1a: Cyclizar\n|-damage|p1a: Cyclizar|31\/100 brn\n|-damage|p2a: Spectrier|78\/100|[from] item: Life Orb\n|move|p1a: Cyclizar|Knock Off|p2a: Spectrier\n|-supereffective|p2a: Spectrier\n|-damage|p2a: Spectrier|41\/100\n|-enditem|p2a: Spectrier|Life Orb|[from] move: Knock Off|[of] p1a: Cyclizar\n|\n|-heal|p1a: Cyclizar|37\/100 brn|[from] item: Leftovers\n|-damage|p1a: Cyclizar|31\/100 brn|[from] brn\n|upkeep\n|turn|11\n|\n|t:|1700006672\n|switch|p1a: Samurott|Samurott-Hisui, F|100\/100\n|-activate|p1a: Samurott|move: Sticky Web\n|-unboost|p1a: Samurott|spe|1\n|-damage|p1a: Samurott|88\/100|[from] Stealth Rock\n|move|p2a: Spectrier|Dark Pulse|p1a: Samurott\n|-resisted|p1a: Samurott\n|-damage|p1a: Samurott|73\/100\n|\n|upkeep\n|turn|12\n|\n|t:|1700006711\n|switch|p2a: Ninetales|Ninetales-Alola, M|100\/100\n|-damage|p2a: Ninetales|76\/100|[from] Stealth Rock\n|-weather|Snow|[from] ability: Snow Warning|[of] p2a: Ninetales\n|move|p1a: Samurott|Ceaseless Edge|p2a: Ninetales|[miss]\n|-miss|p1a: Samurott|p2a: Ninetales\n|\n|-weather|Snow|[upkeep]\n|upkeep\n|turn|13\n|\n|t:|1700006735\n|switch|p1a: Zacian|Zacian|88\/100\n|-activate|p1a: Zacian|move: Sticky Web\n|-unboost|p1a: Zacian|spe|1\n|-damage|p1a: Zacian|76\/100|[from] Stealth Rock\n|move|p2a: Ninetales|Freeze-Dry|p1a: Zacian\n|-damage|p1a: Zacian|50\/100\n|\n|-weather|Snow|[upkeep]\n|upkeep\n|turn|14\n|\n|t:|1700006757\n|move|p1a: Zacian|Close Combat|p2a: Ninetales\n|-damage|p2a: Ninetales|34\/100\n|-unboost|p1a: Zacian|def|1\n|-unboost|p1a: Zacian|spd|1\n|move|p2a: Ninetales|Aurora Veil|p2a: Ninetales\n|-sidestart|p2: blookinator|move: Aurora Veil\n|\n|-weather|Snow|[upkeep]\n|upkeep\n|turn|15\n|\n|t:|1700006771\n|switch|p2a: Spectrier|Spectrier|41\/100\n|-damage|p2a: Spectrier|28\/100|[from] Stealth Rock\n|move|p1a: Zacian|Close Combat|p2a: Spectrier\n|-immune|p2a: Spectrier\n|\n|-weather|Snow|[upkeep]\n|upkeep\n|turn|16\n|\n|t:|1700006792\n|switch|p1a: Samurott|Samurott-Hisui, F|73\/100\n|-activate|p1a: Samurott|move: Sticky Web\n|-unboost|p1a: Samurott|spe|1\n|-damage|p1a: Samurott|61\/100|[from] Stealth Rock\n|move|p2a: Spectrier|Shadow Ball|p1a: Samurott\n|-resisted|p1a: Samurott\n|-damage|p1a: Samurott|40\/100\n|\n|-weather|none\n|upkeep\n|turn|17\n|\n|t:|1700006832\n|switch|p2a: Ogerpon|Ogerpon-Wellspring, F|100\/100\n|-damage|p2a: Ogerpon|88\/100|[from] Stealth Rock\n|move|p1a: Samurott|Ceaseless Edge|p2a: Ogerpon\n|-damage|p2a: Ogerpon|60\/100\n|-sidestart|p2: blookinator|Spikes\n|\n|upkeep\n|turn|18\n|\n|t:|1700006850\n|switch|p1a: Cyclizar|Cyclizar, M|64\/100 brn\n|-activate|p1a: Cyclizar|move: Sticky Web\n|-unboost|p1a: Cyclizar|spe|1\n|-damage|p1a: Cyclizar|52\/100 brn|[from] Stealth Rock\n|move|p2a: Ogerpon|Horn Leech|p1a: Cyclizar\n|-resisted|p1a: Cyclizar\n|-damage|p1a: Cyclizar|23\/100 brn\n|-heal|p2a: Ogerpon|76\/100|[from] drain|[of] p1a: Cyclizar\n|\n|-heal|p1a: Cyclizar|29\/100 brn|[from] item: Leftovers\n|-damage|p1a: Cyclizar|23\/100 brn|[from] brn\n|upkeep\n|turn|19\n|\n|t:|1700006870\n|move|p2a: Ogerpon|Horn Leech|p1a: Cyclizar\n|-resisted|p1a: Cyclizar\n|-damage|p1a: Cyclizar|0 fnt\n|-heal|p2a: Ogerpon|89\/100|[from] drain|[of] p1a: Cyclizar\n|faint|p1a: Cyclizar\n|\n|upkeep\n|\n|t:|1700006877\n|switch|p1a: Arceus|Arceus-Grass|100\/100\n|-activate|p1a: Arceus|move: Sticky Web\n|-unboost|p1a: Arceus|spe|1\n|-damage|p1a: Arceus|88\/100|[from] Stealth Rock\n|turn|20\n|\n|t:|1700006894\n|switch|p2a: Heatran|Heatran, M|54\/100\n|-damage|p2a: Heatran|41\/100|[from] Stealth Rock\n|-damage|p2a: Heatran|29\/100|[from] Spikes\n|move|p1a: Arceus|Judgment|p2a: Heatran\n|-resisted|p2a: Heatran\n|-damage|p2a: Heatran|25\/100\n|\n|-heal|p2a: Heatran|31\/100|[from] item: Leftovers\n|upkeep\n|turn|21\n|\n|t:|1700006915\n|switch|p1a: Palkia|Palkia-Origin|100\/100\n|-activate|p1a: Palkia|move: Sticky Web\n|-unboost|p1a: Palkia|spe|1\n|-damage|p1a: Palkia|88\/100|[from] Stealth Rock\n|-ability|p1a: Palkia|Pressure\n|move|p2a: Heatran|Lava Plume|p1a: Palkia\n|-resisted|p1a: Palkia\n|-damage|p1a: Palkia|80\/100\n|\n|-heal|p2a: Heatran|38\/100|[from] item: Leftovers\n|-sideend|p2: blookinator|move: Aurora Veil\n|upkeep\n|turn|22\n|\n|t:|1700006930\n|switch|p2a: Zacian|Zacian|71\/100\n|-damage|p2a: Zacian|59\/100|[from] Stealth Rock\n|-damage|p2a: Zacian|46\/100|[from] Spikes\n|move|p1a: Palkia|Hydro Pump|p2a: Zacian|[miss]\n|-miss|p1a: Palkia|p2a: Zacian\n|\n|upkeep\n|turn|23\n|\n|t:|1700006958\n|-terastallize|p2a: Zacian|Steel\n|-terastallize|p1a: Palkia|Steel\n|move|p2a: Zacian|Iron Head|p1a: Palkia\n|-resisted|p1a: Palkia\n|-damage|p1a: Palkia|51\/100\n|move|p1a: Palkia|Hydro Pump|p2a: Zacian\n|-damage|p2a: Zacian|0 fnt\n|faint|p2a: Zacian\n|\n|upkeep\n|\n|t:|1700006970\n|switch|p2a: Heatran|Heatran, M|38\/100\n|-damage|p2a: Heatran|25\/100|[from] Stealth Rock\n|-damage|p2a: Heatran|13\/100|[from] Spikes\n|turn|24\n|\n|t:|1700006987\n|move|p1a: Palkia|Earth Power|p2a: Heatran\n|-supereffective|p2a: Heatran\n|-damage|p2a: Heatran|0 fnt\n|faint|p2a: Heatran\n|\n|upkeep\n|\n|t:|1700006996\n|switch|p2a: Ninetales|Ninetales-Alola, M|34\/100\n|-damage|p2a: Ninetales|9\/100|[from] Stealth Rock\n|-damage|p2a: Ninetales|0 fnt|[from] Spikes\n|faint|p2a: Ninetales\n|\n|t:|1700007006\n|switch|p2a: Ogerpon|Ogerpon-Wellspring, F|89\/100\n|-damage|p2a: Ogerpon|77\/100|[from] Stealth Rock\n|-damage|p2a: Ogerpon|65\/100|[from] Spikes\n|turn|25\n|\n|t:|1700007018\n|move|p2a: Ogerpon|Knock Off|p1a: Palkia\n|-crit|p1a: Palkia\n|-damage|p1a: Palkia|13\/100\n|move|p1a: Palkia|Spacial Rend|p2a: Ogerpon\n|-damage|p2a: Ogerpon|0 fnt\n|faint|p2a: Ogerpon\n|\n|upkeep\n|\n|t:|1700007020\n|switch|p2a: Spectrier|Spectrier|28\/100\n|-damage|p2a: Spectrier|16\/100|[from] Stealth Rock\n|-damage|p2a: Spectrier|4\/100|[from] Spikes\n|turn|26\n|\n|t:|1700007040\n|move|p2a: Spectrier|Tera Blast|p1a: Palkia\n|-resisted|p1a: Palkia\n|-damage|p1a: Palkia|0 fnt\n|faint|p1a: Palkia\n|-ability|p2a: Spectrier|Grim Neigh|boost\n|-boost|p2a: Spectrier|spa|1\n|\n|upkeep\n|\n|t:|1700007057\n|switch|p1a: Zacian|Zacian|50\/100\n|-activate|p1a: Zacian|move: Sticky Web\n|-unboost|p1a: Zacian|spe|1\n|-damage|p1a: Zacian|37\/100|[from] Stealth Rock\n|turn|27\n|\n|t:|1700007066\n|move|p1a: Zacian|Psychic Fangs|p2a: Spectrier\n|-crit|p2a: Spectrier\n|-damage|p2a: Spectrier|0 fnt\n|faint|p2a: Spectrier\n|\n|win|FoxDragon22\n","uploadtime":1700007073,"views":38,"p1id":"foxdragon22","p2id":"blookinator","formatid":"gen9ubers","rating":0,"private":0,"password":""}