{"id":"gen9ubers-1992429106","p1":"GratedsShtickface","p2":"Im_Not_A_Whale","format":"[Gen 9] Ubers","log":"|j|\u2606GratedsShtickface\n|j|\u2606Im_Not_A_Whale\n|t:|1700186515\n|gametype|singles\n|player|p1|GratedsShtickface|hiker-gen4|\n|player|p2|Im_Not_A_Whale|drayden|\n|teamsize|p1|6\n|teamsize|p2|6\n|gen|9\n|tier|[Gen 9] Ubers\n|rule|Sleep Clause Mod: Limit one foe put to sleep\n|rule|Species Clause: Limit one of each Pok\u00e9mon\n|rule|OHKO Clause: OHKO moves are banned\n|rule|Evasion Items Clause: Evasion items are banned\n|rule|Evasion Moves Clause: Evasion moves are banned\n|rule|Endless Battle Clause: Forcing endless battles is banned\n|rule|HP Percentage Mod: HP is shown in percentages\n|clearpoke\n|poke|p1|Rillaboom, M|\n|poke|p1|Ursaluna, M|\n|poke|p1|Baxcalibur, M|\n|poke|p1|Magearna|\n|poke|p1|Chi-Yu|\n|poke|p1|Slowking-Galar, M|\n|poke|p2|Darkrai|\n|poke|p2|Palafin, M|\n|poke|p2|Samurott-Hisui, M|\n|poke|p2|Sableye, M|\n|poke|p2|Landorus, M|\n|poke|p2|Chi-Yu|\n|teampreview\n|inactive|Battle timer is ON: inactive players will automatically lose when time's up. (requested by GratedsShtickface)\n|\n|t:|1700186536\n|start\n|switch|p1a: Harambe|Rillaboom, M|100\/100\n|switch|p2a: Palafin|Palafin, M|100\/100\n|-fieldstart|move: Grassy Terrain|[from] ability: Grassy Surge|[of] p1a: Harambe\n|turn|1\n|\n|t:|1700186559\n|detailschange|p2a: Palafin|Palafin-Hero, M\n|switch|p2a: Sableye|Sableye, M|100\/100\n|move|p1a: Harambe|U-turn|p2a: Sableye\n|-damage|p2a: Sableye|49\/100\n|\n|t:|1700186566\n|switch|p1a: Borger|Slowking-Galar, M|100\/100|[from] U-turn\n|\n|-heal|p2a: Sableye|55\/100|[from] Grassy Terrain\n|-heal|p2a: Sableye|61\/100|[from] item: Leftovers\n|upkeep\n|turn|2\n|\n|t:|1700186573\n|move|p2a: Sableye|Light Screen|p2a: Sableye\n|-sidestart|p2: Im_Not_A_Whale|move: Light Screen\n|move|p1a: Borger|Chilly Reception|p1a: Borger\n|-weather|Snow\n|\n|t:|1700186577\n|switch|p1a: Frostzilla|Baxcalibur, M, shiny|100\/100|[from] Chilly Reception\n|\n|-weather|Snow|[upkeep]\n|-heal|p2a: Sableye|67\/100|[from] Grassy Terrain\n|-heal|p2a: Sableye|73\/100|[from] item: Leftovers\n|upkeep\n|turn|3\n|\n|t:|1700186585\n|move|p2a: Sableye|Will-O-Wisp|p1a: Frostzilla|[miss]\n|-miss|p2a: Sableye|p1a: Frostzilla\n|move|p1a: Frostzilla|Swords Dance|p1a: Frostzilla\n|-boost|p1a: Frostzilla|atk|2\n|\n|-weather|Snow|[upkeep]\n|-heal|p2a: Sableye|79\/100|[from] Grassy Terrain\n|-heal|p2a: Sableye|85\/100|[from] item: Leftovers\n|upkeep\n|turn|4\n|\n|t:|1700186591\n|move|p2a: Sableye|Encore|p1a: Frostzilla\n|-start|p1a: Frostzilla|Encore\n|move|p1a: Frostzilla|Swords Dance|p1a: Frostzilla\n|-boost|p1a: Frostzilla|atk|2\n|\n|-weather|Snow|[upkeep]\n|-heal|p2a: Sableye|91\/100|[from] Grassy Terrain\n|-heal|p2a: Sableye|97\/100|[from] item: Leftovers\n|upkeep\n|turn|5\n|\n|t:|1700186599\n|switch|p1a: Music Box Doll|Magearna|100\/100\n|switch|p2a: Palafin|Palafin-Hero, M|100\/100\n|-activate|p2a: Palafin|ability: Zero to Hero\n|\n|-weather|Snow|[upkeep]\n|-fieldend|move: Grassy Terrain\n|upkeep\n|turn|6\n|\n|t:|1700186606\n|move|p2a: Palafin|Flip Turn|p1a: Music Box Doll\n|-damage|p1a: Music Box Doll|46\/100\n|\n|t:|1700186616\n|switch|p2a: Sableye|Sableye, M|97\/100|[from] Flip Turn\n|move|p1a: Music Box Doll|Volt Switch|p2a: Sableye\n|-damage|p2a: Sableye|84\/100\n|\n|t:|1700186626\n|switch|p1a: Frostzilla|Baxcalibur, M, shiny|100\/100|[from] Volt Switch\n|\n|-weather|none\n|-heal|p2a: Sableye|90\/100|[from] item: Leftovers\n|-sideend|p2: Im_Not_A_Whale|move: Light Screen\n|upkeep\n|turn|7\n|\n|t:|1700186634\n|move|p2a: Sableye|Will-O-Wisp|p1a: Frostzilla\n|-immune|p1a: Frostzilla|[from] ability: Thermal Exchange\n|move|p1a: Frostzilla|Scale Shot|p2a: Sableye\n|-damage|p2a: Sableye|66\/100\n|-damage|p2a: Sableye|45\/100\n|-damage|p2a: Sableye|21\/100\n|-damage|p2a: Sableye|0 fnt\n|faint|p2a: Sableye\n|-hitcount|p2: Sableye|4\n|-unboost|p1a: Frostzilla|def|1\n|-boost|p1a: Frostzilla|spe|1\n|\n|upkeep\n|c|\u2606Im_Not_A_Whale|Oh yeah\n|c|\u2606Im_Not_A_Whale|i forgot\n|\n|t:|1700186663\n|switch|p2a: Samurott|Samurott-Hisui, M|100\/100\n|turn|8\n|\n|t:|1700186676\n|move|p1a: Frostzilla|Scale Shot|p2a: Samurott\n|-damage|p2a: Samurott|80\/100\n|-damage|p2a: Samurott|60\/100\n|-crit|p2a: Samurott\n|-damage|p2a: Samurott|31\/100\n|-damage|p2a: Samurott|10\/100\n|-hitcount|p2a: Samurott|4\n|-unboost|p1a: Frostzilla|def|1\n|-boost|p1a: Frostzilla|spe|1\n|move|p2a: Samurott|Ceaseless Edge|p1a: Frostzilla\n|-damage|p1a: Frostzilla|15\/100\n|-sidestart|p1: GratedsShtickface|Spikes\n|\n|upkeep\n|turn|9\n|\n|t:|1700186685\n|move|p2a: Samurott|Sucker Punch|p1a: Frostzilla\n|-damage|p1a: Frostzilla|0 fnt\n|faint|p1a: Frostzilla\n|\n|upkeep\n|\n|t:|1700186694\n|switch|p1a: Music Box Doll|Magearna|46\/100\n|-damage|p1a: Music Box Doll|34\/100|[from] Spikes\n|turn|10\n|\n|t:|1700186702\n|move|p2a: Samurott|Sacred Sword|p1a: Music Box Doll\n|-damage|p1a: Music Box Doll|0 fnt\n|faint|p1a: Music Box Doll\n|\n|upkeep\n|\n|t:|1700186707\n|switch|p1a: Funny Fish|Chi-Yu|100\/100\n|-damage|p1a: Funny Fish|88\/100|[from] Spikes\n|-ability|p1a: Funny Fish|Beads of Ruin\n|turn|11\n|\n|t:|1700186715\n|-terastallize|p1a: Funny Fish|Fairy\n|move|p2a: Samurott|Aqua Jet|p1a: Funny Fish\n|-damage|p1a: Funny Fish|62\/100\n|move|p1a: Funny Fish|Tera Blast|p2a: Samurott|[anim] Tera Blast Fairy\n|-supereffective|p2a: Samurott\n|-damage|p2a: Samurott|0 fnt\n|faint|p2a: Samurott\n|\n|upkeep\n|\n|t:|1700186735\n|switch|p2a: Landorus|Landorus, M|100\/100\n|turn|12\n|\n|t:|1700186743\n|switch|p1a: Harambe|Rillaboom, M|100\/100\n|-damage|p1a: Harambe|88\/100|[from] Spikes\n|-fieldstart|move: Grassy Terrain|[from] ability: Grassy Surge|[of] p1a: Harambe\n|move|p2a: Landorus|Sludge Bomb|p1a: Harambe\n|-supereffective|p1a: Harambe\n|-damage|p1a: Harambe|0 fnt\n|faint|p1a: Harambe\n|\n|upkeep\n|\n|t:|1700186746\n|switch|p1a: Borger|Slowking-Galar, M|100\/100\n|turn|13\n|\n|t:|1700186752\n|switch|p2a: Palafin|Palafin-Hero, M|100\/100\n|move|p1a: Borger|Trick Room|p1a: Borger\n|-fieldstart|move: Trick Room|[of] p1a: Borger\n|\n|upkeep\n|turn|14\n|\n|t:|1700186758\n|move|p2a: Palafin|Jet Punch|p1a: Borger\n|-damage|p1a: Borger|45\/100\n|move|p1a: Borger|Toxic|p2a: Palafin\n|-status|p2a: Palafin|tox\n|\n|-heal|p1a: Borger|52\/100|[from] Grassy Terrain\n|-damage|p2a: Palafin|94\/100 tox|[from] psn\n|upkeep\n|turn|15\n|\n|t:|1700186765\n|move|p2a: Palafin|Jet Punch|p1a: Borger\n|-damage|p1a: Borger|0 fnt\n|faint|p1a: Borger\n|\n|-heal|p2a: Palafin|100\/100 tox|[from] Grassy Terrain\n|-damage|p2a: Palafin|88\/100 tox|[from] psn\n|upkeep\n|\n|t:|1700186769\n|switch|p1a: Cocaine Bear|Ursaluna, M|100\/100\n|-damage|p1a: Cocaine Bear|88\/100|[from] Spikes\n|turn|16\n|\n|t:|1700186781\n|switch|p2a: Chi-Yu|Chi-Yu|100\/100\n|-ability|p2a: Chi-Yu|Beads of Ruin\n|move|p1a: Cocaine Bear|Headlong Rush|p2a: Chi-Yu\n|-supereffective|p2a: Chi-Yu\n|-damage|p2a: Chi-Yu|0 fnt\n|-unboost|p1a: Cocaine Bear|def|1\n|-unboost|p1a: Cocaine Bear|spd|1\n|faint|p2a: Chi-Yu\n|\n|-heal|p1a: Cocaine Bear|94\/100|[from] Grassy Terrain\n|-fieldend|move: Grassy Terrain\n|-status|p1a: Cocaine Bear|brn|[from] item: Flame Orb\n|upkeep\n|\n|t:|1700186784\n|switch|p2a: Landorus|Landorus, M|100\/100\n|turn|17\n|\n|t:|1700186792\n|move|p1a: Cocaine Bear|Facade|p2a: Landorus\n|-damage|p2a: Landorus|0 fnt\n|faint|p2a: Landorus\n|\n|-damage|p1a: Cocaine Bear|88\/100 brn|[from] brn\n|-fieldend|move: Trick Room\n|upkeep\n|\n|t:|1700186803\n|switch|p2a: Darkrai|Darkrai|100\/100\n|turn|18\n|\n|t:|1700186810\n|move|p2a: Darkrai|Ice Beam|p1a: Cocaine Bear\n|-supereffective|p1a: Cocaine Bear\n|-damage|p1a: Cocaine Bear|1\/100 brn\n|move|p1a: Cocaine Bear|Facade|p2a: Darkrai\n|-damage|p2a: Darkrai|0 fnt\n|faint|p2a: Darkrai\n|\n|-damage|p1a: Cocaine Bear|0 fnt|[from] brn\n|faint|p1a: Cocaine Bear\n|upkeep\n|\n|t:|1700186815\n|switch|p2a: Palafin|Palafin-Hero, M|88\/100 tox\n|switch|p1a: Funny Fish|Chi-Yu, tera:Fairy|62\/100\n|-damage|p1a: Funny Fish|50\/100|[from] Spikes\n|-ability|p1a: Funny Fish|Beads of Ruin\n|turn|19\n|\n|t:|1700186820\n|-terastallize|p2a: Palafin|Water\n|move|p2a: Palafin|Jet Punch|p1a: Funny Fish\n|-damage|p1a: Funny Fish|0 fnt\n|faint|p1a: Funny Fish\n|\n|win|Im_Not_A_Whale\n|c|\u2606GratedsShtickface|gg\n|c|\u2606Im_Not_A_Whale|Ggs\n|c|\u2606GratedsShtickface|make sure to upload the replays\n","uploadtime":1700186832,"views":38,"p1id":"gratedsshtickface","p2id":"imnotawhale","formatid":"gen9ubers","rating":0,"private":0,"password":""}