{"id":"gen9ubers-1979125067","p1":"DangerLeaderLizana","p2":"PinkScourge","format":"[Gen 9] Ubers","log":"|j|\u2606DangerLeaderLizana\n|j|\u2606PinkScourge\n|t:|1698635583\n|gametype|singles\n|player|p1|DangerLeaderLizana|2|\n|player|p2|PinkScourge|bede-leader|\n|teamsize|p1|6\n|teamsize|p2|6\n|gen|9\n|tier|[Gen 9] Ubers\n|rule|Sleep Clause Mod: Limit one foe put to sleep\n|rule|Species Clause: Limit one of each Pok\u00e9mon\n|rule|OHKO Clause: OHKO moves are banned\n|rule|Evasion Items Clause: Evasion items are banned\n|rule|Evasion Moves Clause: Evasion moves are banned\n|rule|Endless Battle Clause: Forcing endless battles is banned\n|rule|HP Percentage Mod: HP is shown in percentages\n|clearpoke\n|poke|p1|Cyclizar, F|\n|poke|p1|Zacian-*|\n|poke|p1|Palafin, M|\n|poke|p1|Roaring Moon|\n|poke|p1|Arceus-Fire|\n|poke|p1|Kommo-o, M|\n|poke|p2|Indeedee-F, F|\n|poke|p2|Arceus-Psychic|\n|poke|p2|Palkia|\n|poke|p2|Alomomola, M|\n|poke|p2|Mandibuzz, F|\n|poke|p2|Slowking-Galar, F|\n|teampreview\n|inactive|Battle timer is ON: inactive players will automatically lose when time's up. (requested by DangerLeaderLizana)\n|inactive|PinkScourge also wants the timer to be on.\n|\n|t:|1698635592\n|start\n|switch|p1a: Palafin|Palafin, M|100\/100\n|switch|p2a: Slowking|Slowking-Galar, F|100\/100\n|turn|1\n|\n|t:|1698635597\n|move|p1a: Palafin|Flip Turn|p2a: Slowking\n|-damage|p2a: Slowking|69\/100\n|\n|t:|1698635603\n|detailschange|p1a: Palafin|Palafin-Hero, M\n|switch|p1a: Arceus|Arceus-Fire|100\/100|[from] Flip Turn\n|move|p2a: Slowking|Trick Room|p2a: Slowking\n|-fieldstart|move: Trick Room|[of] p2a: Slowking\n|\n|upkeep\n|turn|2\n|\n|t:|1698635609\n|switch|p2a: Mandibuzz|Mandibuzz, F|100\/100\n|move|p1a: Arceus|Earthquake|p2a: Mandibuzz\n|-immune|p2a: Mandibuzz\n|\n|upkeep\n|turn|3\n|\n|t:|1698635615\n|switch|p1a: Palafin|Palafin-Hero, M|100\/100\n|-activate|p1a: Palafin|ability: Zero to Hero\n|move|p2a: Mandibuzz|Foul Play|p1a: Palafin\n|-damage|p1a: Palafin|44\/100\n|\n|upkeep\n|turn|4\n|\n|t:|1698635625\n|switch|p1a: Roaring Moon|Roaring Moon|100\/100\n|-enditem|p1a: Roaring Moon|Booster Energy\n|-activate|p1a: Roaring Moon|ability: Protosynthesis|[fromitem]\n|-start|p1a: Roaring Moon|protosynthesisatk\n|move|p2a: Mandibuzz|Foul Play|p1a: Roaring Moon\n|-resisted|p1a: Roaring Moon\n|-damage|p1a: Roaring Moon|65\/100\n|\n|upkeep\n|turn|5\n|\n|t:|1698635635\n|move|p2a: Mandibuzz|Foul Play|p1a: Roaring Moon\n|-resisted|p1a: Roaring Moon\n|-damage|p1a: Roaring Moon|29\/100\n|move|p1a: Roaring Moon|Acrobatics|p2a: Mandibuzz\n|-damage|p2a: Mandibuzz|58\/100\n|\n|-fieldend|move: Trick Room\n|upkeep\n|turn|6\n|\n|t:|1698635649\n|switch|p2a: Alomomola|Alomomola, M|100\/100\n|move|p1a: Roaring Moon|Knock Off|p2a: Alomomola\n|-damage|p2a: Alomomola|57\/100\n|-damage|p1a: Roaring Moon|13\/100|[from] item: Rocky Helmet|[of] p2a: Alomomola\n|-enditem|p2a: Alomomola|Rocky Helmet|[from] move: Knock Off|[of] p1a: Roaring Moon\n|\n|upkeep\n|turn|7\n|\n|t:|1698635668\n|move|p1a: Roaring Moon|Acrobatics|p2a: Alomomola\n|-damage|p2a: Alomomola|25\/100\n|move|p2a: Alomomola|Wish|p2a: Alomomola\n|\n|upkeep\n|turn|8\n|j| Reposti\n|\n|t:|1698635674\n|move|p2a: Alomomola|Protect|p2a: Alomomola\n|-singleturn|p2a: Alomomola|Protect\n|move|p1a: Roaring Moon|Dragon Dance|p1a: Roaring Moon\n|-boost|p1a: Roaring Moon|atk|1\n|-boost|p1a: Roaring Moon|spe|1\n|\n|-heal|p2a: Alomomola|75\/100|[from] move: Wish|[wisher] Alomomola\n|upkeep\n|turn|9\n|\n|t:|1698635679\n|move|p1a: Roaring Moon|Acrobatics|p2a: Alomomola\n|-damage|p2a: Alomomola|21\/100\n|move|p2a: Alomomola|Flip Turn|p1a: Roaring Moon\n|-resisted|p1a: Roaring Moon\n|-damage|p1a: Roaring Moon|1\/100\n|j| 1P1o1s1h1e1\n|c| 1P1o1s1h1e1|Huh?\n|c| 1P1o1s1h1e1|**guh?\n|j| fishyroads\n|c|\u2606PinkScourge|You serius?\n|c|\u2606PinkScourge|Uhhh\n|c| Reposti|Damn\n|c|\u2606DangerLeaderLizana|He is at 3 health\n|inactive|PinkScourge has 270 seconds left.\n|c|\u2606DangerLeaderLizana|i cant believe my strategy actually worked\n|c| fishyroads|Wow\n|\n|t:|1698635721\n|switch|p2a: Indeedee|Indeedee-F, F|100\/100|[from] Flip Turn\n|-fieldstart|move: Psychic Terrain|[from] ability: Psychic Surge|[of] p2a: Indeedee\n|\n|upkeep\n|turn|10\n|\n|t:|1698635729\n|-terastallize|p2a: Indeedee|Steel\n|move|p1a: Roaring Moon|Knock Off|p2a: Indeedee\n|-damage|p2a: Indeedee|0 fnt\n|-enditem|p2a: Indeedee|Terrain Extender|[from] move: Knock Off|[of] p1a: Roaring Moon\n|faint|p2a: Indeedee\n|\n|upkeep\n|c| 1P1o1s1h1e1|However\n|c|\u2606PinkScourge|Holy shit\n|c| fishyroads|Jesus\n|c| 1P1o1s1h1e1|**joever\n|c| fishyroads|Not scourge\n|c|\u2606DangerLeaderLizana|Sorry for counterteaming\n|c|\u2606DangerLeaderLizana|Pink\n|inactive|PinkScourge has 240 seconds left.\n|\n|t:|1698635762\n|switch|p2a: Palkia|Palkia|100\/100\n|-ability|p2a: Palkia|Pressure\n|turn|11\n|j| Kinesquared\n|\n|t:|1698635766\n|move|p1a: Roaring Moon|Acrobatics|p2a: Palkia\n|-damage|p2a: Palkia|24\/100\n|move|p2a: Palkia|Trick Room|p2a: Palkia\n|-fieldstart|move: Trick Room|[of] p2a: Palkia\n|\n|upkeep\n|turn|12\n|\n|t:|1698635771\n|move|p2a: Palkia|Surf|p1a: Roaring Moon\n|-resisted|p1a: Roaring Moon\n|-damage|p1a: Roaring Moon|0 fnt\n|faint|p1a: Roaring Moon\n|-end|p1a: Roaring Moon|Protosynthesis|[silent]\n|\n|upkeep\n|\n|t:|1698635774\n|switch|p1a: Palafin|Palafin-Hero, M|44\/100\n|turn|13\n|c| Reposti|PALK\n|c| fishyroads|Scourge going 0-2 is criminal\n|inactive|PinkScourge has 270 seconds left.\n|\n|t:|1698635780\n|move|p1a: Palafin|Jet Punch|p2a: Palkia\n|-activate|p2a: Palkia|move: Psychic Terrain\n|move|p2a: Palkia|Spacial Rend|p1a: Palafin\n|-damage|p1a: Palafin|0 fnt\n|faint|p1a: Palafin\n|\n|upkeep\n|c| Reposti|YO\n|c| 1P1o1s1h1e1|Lol forgor\n|c| Reposti|psy terrain clutch\n|\n|t:|1698635801\n|switch|p1a: Cyclizar|Cyclizar, F|100\/100\n|turn|14\n|c| fishyroads|Lesgo palk\n|\n|t:|1698635805\n|switch|p1a: Zacian|Zacian|100\/100\n|-ability|p1a: Zacian|Intrepid Sword|boost\n|-boost|p1a: Zacian|atk|1\n|move|p2a: Palkia|Spacial Rend|p1a: Zacian\n|-immune|p1a: Zacian\n|\n|upkeep\n|turn|15\n|\n|t:|1698635811\n|switch|p1a: Cyclizar|Cyclizar, F|100\/100\n|move|p2a: Palkia|Surf|p1a: Cyclizar\n|-resisted|p1a: Cyclizar\n|-damage|p1a: Cyclizar|52\/100\n|\n|-fieldend|move: Trick Room\n|upkeep\n|turn|16\n|c| 1P1o1s1h1e1|Goob\n|c| Reposti|Nice play\n|\n|t:|1698635825\n|switch|p2a: Slowking|Slowking-Galar, F|100\/100\n|move|p1a: Cyclizar|Draco Meteor|p2a: Slowking\n|-crit|p2a: Slowking\n|-damage|p2a: Slowking|62\/100\n|-unboost|p1a: Cyclizar|spa|2\n|\n|-fieldend|move: Psychic Terrain\n|upkeep\n|turn|17\n|\n|t:|1698635830\n|move|p1a: Cyclizar|Taunt|p2a: Slowking\n|-start|p2a: Slowking|move: Taunt\n|move|p2a: Slowking|Future Sight|p1a: Cyclizar\n|-start|p2a: Slowking|move: Future Sight\n|\n|upkeep\n|turn|18\n|\n|t:|1698635834\n|move|p1a: Cyclizar|Shed Tail|p1a: Cyclizar\n|-start|p1a: Cyclizar|Substitute|[from] move: Shed Tail\n|-damage|p1a: Cyclizar|1\/100\n|\n|t:|1698635836\n|switch|p1a: Arceus|Arceus-Fire|100\/100|[from] Shed Tail\n|move|p2a: Slowking|Sludge Bomb|p1a: Arceus\n|-end|p1a: Arceus|Substitute\n|\n|upkeep\n|turn|19\n|c| fishyroads|With rover its never joever\n|\n|t:|1698635844\n|switch|p2a: Mandibuzz|Mandibuzz, F|58\/100\n|move|p1a: Arceus|Dragon Dance|p1a: Arceus\n|-boost|p1a: Arceus|atk|1\n|-boost|p1a: Arceus|spe|1\n|\n|-end|p1a: Arceus|move: Future Sight\n|-damage|p1a: Arceus|63\/100\n|upkeep\n|turn|20\n|\n|t:|1698635853\n|move|p1a: Arceus|Flare Blitz|p2a: Mandibuzz\n|-damage|p2a: Mandibuzz|0 fnt\n|faint|p2a: Mandibuzz\n|-damage|p1a: Arceus|41\/100|[from] Recoil\n|\n|upkeep\n|\n|t:|1698635859\n|switch|p2a: Alomomola|Alomomola, M|55\/100\n|turn|21\n|\n|t:|1698635862\n|move|p1a: Arceus|Dragon Dance|p1a: Arceus\n|-boost|p1a: Arceus|atk|1\n|-boost|p1a: Arceus|spe|1\n|move|p2a: Alomomola|Wish|p2a: Alomomola\n|\n|upkeep\n|turn|22\n|\n|t:|1698635870\n|move|p1a: Arceus|Dragon Dance|p1a: Arceus\n|-boost|p1a: Arceus|atk|1\n|-boost|p1a: Arceus|spe|1\n|move|p2a: Alomomola|Flip Turn|p1a: Arceus\n|-supereffective|p1a: Arceus\n|-damage|p1a: Arceus|16\/100\n|\n|t:|1698635876\n|switch|p2a: Palkia|Palkia|24\/100|[from] Flip Turn\n|-ability|p2a: Palkia|Pressure\n|\n|-heal|p2a: Palkia|87\/100|[from] move: Wish|[wisher] Alomomola\n|upkeep\n|turn|23\n|\n|t:|1698635884\n|move|p1a: Arceus|Earthquake|p2a: Palkia\n|-damage|p2a: Palkia|2\/100\n|move|p2a: Palkia|Trick Room|p2a: Palkia\n|-fieldstart|move: Trick Room|[of] p2a: Palkia\n|\n|upkeep\n|turn|24\n|c| 1P1o1s1h1e1|Yeah lol\n|c| 1P1o1s1h1e1|WAIT\n|c| fishyroads|Never joever\n|\n|t:|1698635891\n|move|p2a: Palkia|Surf|p1a: Arceus\n|-supereffective|p1a: Arceus\n|-damage|p1a: Arceus|0 fnt\n|faint|p1a: Arceus\n|\n|upkeep\n|c| 1P1o1s1h1e1|HAHAHA IT LIVED???\n|\n|t:|1698635896\n|switch|p1a: Zacian|Zacian|100\/100\n|turn|25\n|c| fishyroads|Yep\n|\n|t:|1698635899\n|switch|p2a: Slowking|Slowking-Galar, F|96\/100\n|move|p1a: Zacian|Crunch|p2a: Slowking\n|-supereffective|p2a: Slowking\n|-damage|p2a: Slowking|23\/100\n|-damage|p1a: Zacian|91\/100|[from] item: Life Orb\n|\n|upkeep\n|turn|26\n|c| fishyroads|Roll\n|\n|t:|1698635906\n|switch|p1a: Cyclizar|Cyclizar, F|35\/100\n|move|p2a: Slowking|Sludge Bomb|p1a: Cyclizar\n|-damage|p1a: Cyclizar|0 fnt\n|faint|p1a: Cyclizar\n|\n|upkeep\n|\n|t:|1698635908\n|switch|p1a: Kommo-o|Kommo-o, M|100\/100\n|turn|27\n|\n|t:|1698635916\n|switch|p2a: Arceus|Arceus-Psychic|100\/100\n|-terastallize|p1a: Kommo-o|Normal\n|move|p1a: Kommo-o|Clangorous Soul|p1a: Kommo-o\n|-boost|p1a: Kommo-o|atk|1\n|-boost|p1a: Kommo-o|def|1\n|-boost|p1a: Kommo-o|spa|1\n|-boost|p1a: Kommo-o|spd|1\n|-boost|p1a: Kommo-o|spe|1\n|-damage|p1a: Kommo-o|68\/100\n|-enditem|p1a: Kommo-o|Throat Spray\n|-boost|p1a: Kommo-o|spa|1|[from] item: Throat Spray\n|\n|-fieldend|move: Trick Room\n|upkeep\n|turn|28\n|\n|t:|1698635923\n|move|p1a: Kommo-o|Boomburst|p2a: Arceus\n|-damage|p2a: Arceus|21\/100\n|move|p2a: Arceus|Future Sight|p1a: Kommo-o\n|-start|p2a: Arceus|move: Future Sight\n|\n|upkeep\n|turn|29\n|c| fishyroads|Lets ser\n|c| fishyroads|Reposti\n|j| Laprasrules12\n|\n|t:|1698635937\n|move|p1a: Kommo-o|Boomburst|p2a: Arceus\n|-damage|p2a: Arceus|0 fnt\n|faint|p2a: Arceus\n|\n|upkeep\n|c| fishyroads|Your tech\n|\n|t:|1698635947\n|switch|p2a: Slowking|Slowking-Galar, F|56\/100\n|turn|30\n|\n|t:|1698635951\n|switch|p2a: Palkia|Palkia|2\/100\n|-ability|p2a: Palkia|Pressure\n|move|p1a: Kommo-o|Boomburst|p2a: Palkia\n|-damage|p2a: Palkia|0 fnt\n|faint|p2a: Palkia\n|\n|-end|p1a: Kommo-o|move: Future Sight\n|-damage|p1a: Kommo-o|21\/100\n|upkeep\n|c| 1P1o1s1h1e1|Yep he komming all over the place from here\n|\n|t:|1698635961\n|switch|p2a: Slowking|Slowking-Galar, F|90\/100\n|turn|31\n|\n|t:|1698635962\n|move|p1a: Kommo-o|Boomburst|p2a: Slowking\n|-damage|p2a: Slowking|15\/100\n|move|p2a: Slowking|Trick Room|p2a: Slowking\n|-fieldstart|move: Trick Room|[of] p2a: Slowking\n|\n|upkeep\n|turn|32\n|\n|t:|1698635967\n|move|p2a: Slowking|Sludge Bomb|p1a: Kommo-o\n|-damage|p1a: Kommo-o|0 fnt\n|faint|p1a: Kommo-o\n|\n|upkeep\n|\n|t:|1698635969\n|switch|p1a: Zacian|Zacian|91\/100\n|turn|33\n|c| Laprasrules12|I\n|c| Laprasrules12|YO\n|\n|t:|1698635973\n|move|p2a: Slowking|Sludge Bomb|p1a: Zacian\n|-supereffective|p1a: Zacian\n|-damage|p1a: Zacian|20\/100\n|move|p1a: Zacian|Crunch|p2a: Slowking\n|-supereffective|p2a: Slowking\n|-damage|p2a: Slowking|0 fnt\n|faint|p2a: Slowking\n|-damage|p1a: Zacian|10\/100|[from] item: Life Orb\n|\n|upkeep\n|c| Reposti|The come back\n|c| 1P1o1s1h1e1|WAIT LOL\n|\n|t:|1698635978\n|switch|p2a: Alomomola|Alomomola, M|88\/100\n|turn|34\n|c| 1P1o1s1h1e1|NO WAY\n|\n|t:|1698635980\n|move|p2a: Alomomola|Flip Turn|p1a: Zacian\n|-damage|p1a: Zacian|0 fnt\n|faint|p1a: Zacian\n|\n|win|PinkScourge\n|l|\u2606DangerLeaderLizana\n|c| fishyroads|NEVER JOEVER WITH ROVER\n|l| Laprasrules12\n|c| Reposti|Mola KO!\n|c|\u2606PinkScourge|Jesus Christ\n|c| 1P1o1s1h1e1|Real\n|c| fishyroads|YOU GOT IT PINK\n|c| Reposti|That was a hype game 2 jeez\n|c| fishyroads|yea\n|l| Reposti\n|c| fishyroads|Cya on g3\n|l| Kinesquared\n|l| fishyroads\n","uploadtime":1698636030,"views":30,"p1id":"dangerleaderlizana","p2id":"pinkscourge","formatid":"gen9ubers","rating":0,"private":0,"password":""}