{"id":"gen9ubers-1999388046","p1":"Rei_darkness","p2":"TRaSHiNSeCT","format":"[Gen 9] Ubers","log":"|j|\u2606Rei_darkness\n|j|\u2606TRaSHiNSeCT\n|t:|1701071871\n|gametype|singles\n|player|p1|Rei_darkness|drayden|\n|player|p2|TRaSHiNSeCT|workerice|\n|teamsize|p1|6\n|teamsize|p2|6\n|gen|9\n|tier|[Gen 9] Ubers\n|rule|Sleep Clause Mod: Limit one foe put to sleep\n|rule|Species Clause: Limit one of each Pok\u00e9mon\n|rule|OHKO Clause: OHKO moves are banned\n|rule|Evasion Items Clause: Evasion items are banned\n|rule|Evasion Moves Clause: Evasion moves are banned\n|rule|Endless Battle Clause: Forcing endless battles is banned\n|rule|HP Percentage Mod: HP is shown in percentages\n|clearpoke\n|poke|p1|Ribombee, M|\n|poke|p1|Iron Jugulis|\n|poke|p1|Weezing-Galar, F|\n|poke|p1|Medicham, F|\n|poke|p1|Slowking-Galar, F|\n|poke|p1|Palafin, F|\n|poke|p2|Garchomp, M|\n|poke|p2|Grimmsnarl, M|\n|poke|p2|Infernape, M|\n|poke|p2|Slowbro-Galar, M|\n|poke|p2|Darkrai|\n|poke|p2|Landorus-Therian, M|\n|teampreview\n|inactive|Battle timer is ON: inactive players will automatically lose when time's up. (requested by Rei_darkness)\n|inactive|Rei_darkness has 270 seconds left.\n|inactive|TRaSHiNSeCT has 270 seconds left.\n|\n|t:|1701071924\n|start\n|switch|p1a: Ribombee|Ribombee, M, shiny|100\/100\n|switch|p2a: Garchomp|Garchomp, M|100\/100\n|turn|1\n|\n|t:|1701071930\n|move|p1a: Ribombee|Sticky Web|p2a: Garchomp\n|-sidestart|p2: TRaSHiNSeCT|move: Sticky Web\n|move|p2a: Garchomp|Stealth Rock|p1a: Ribombee\n|-sidestart|p1: Rei_darkness|move: Stealth Rock\n|\n|upkeep\n|turn|2\n|\n|t:|1701071934\n|move|p1a: Ribombee|Stun Spore|p2a: Garchomp\n|-status|p2a: Garchomp|par\n|move|p2a: Garchomp|Flamethrower|p1a: Ribombee\n|-supereffective|p1a: Ribombee\n|-damage|p1a: Ribombee|35\/100\n|\n|upkeep\n|turn|3\n|\n|t:|1701071942\n|switch|p1a: Palafin|Palafin, F|100\/100\n|-damage|p1a: Palafin|88\/100|[from] Stealth Rock\n|switch|p2a: Landorus|Landorus-Therian, M|100\/100\n|-ability|p2a: Landorus|Intimidate|boost\n|-unboost|p1a: Palafin|atk|1\n|\n|upkeep\n|turn|4\n|\n|t:|1701071952\n|switch|p2a: Grimmsnarl|Grimmsnarl, M|100\/100\n|-activate|p2a: Grimmsnarl|move: Sticky Web\n|-unboost|p2a: Grimmsnarl|spe|1\n|move|p1a: Palafin|Ice Beam|p2a: Grimmsnarl\n|-damage|p2a: Grimmsnarl|71\/100\n|\n|upkeep\n|turn|5\n|\n|t:|1701071961\n|detailschange|p1a: Palafin|Palafin-Hero, F\n|switch|p1a: Ribombee|Ribombee, M, shiny|35\/100\n|-damage|p1a: Ribombee|10\/100|[from] Stealth Rock\n|move|p2a: Grimmsnarl|Reflect|p2a: Grimmsnarl\n|-sidestart|p2: TRaSHiNSeCT|Reflect\n|\n|upkeep\n|turn|6\n|\n|t:|1701071966\n|move|p1a: Ribombee|Stun Spore|p2a: Grimmsnarl\n|-status|p2a: Grimmsnarl|par\n|cant|p2a: Grimmsnarl|par\n|\n|upkeep\n|turn|7\n|\n|t:|1701071977\n|switch|p1a: Weezing|Weezing-Galar, F|100\/100\n|move|p2a: Grimmsnarl|Dazzling Gleam|p1a: Weezing\n|-resisted|p1a: Weezing\n|-damage|p1a: Weezing|84\/100\n|\n|upkeep\n|turn|8\n|\n|t:|1701071986\n|switch|p2a: Slowbro|Slowbro-Galar, M|100\/100\n|-activate|p2a: Slowbro|move: Sticky Web\n|-unboost|p2a: Slowbro|spe|1\n|move|p1a: Weezing|Strange Steam|p2a: Slowbro\n|-resisted|p2a: Slowbro\n|-damage|p2a: Slowbro|84\/100\n|\n|upkeep\n|turn|9\n|inactive|Rei_darkness has 270 seconds left.\n|inactive|Rei_darkness has 240 seconds left.\n|\n|t:|1701072054\n|switch|p1a: Ribombee|Ribombee, M, shiny|10\/100\n|-damage|p1a: Ribombee|0 fnt|[from] Stealth Rock\n|faint|p1a: Ribombee\n|move|p2a: Slowbro|Sludge Bomb|p1: Ribombee|[notarget]\n|-fail|p2a: Slowbro\n|\n|upkeep\n|\n|t:|1701072059\n|switch|p1a: Palafin|Palafin-Hero, F|88\/100\n|-damage|p1a: Palafin|76\/100|[from] Stealth Rock\n|-activate|p1a: Palafin|ability: Zero to Hero\n|turn|10\n|\n|t:|1701072066\n|switch|p2a: Garchomp|Garchomp, M|100\/100 par\n|-activate|p2a: Garchomp|move: Sticky Web\n|-unboost|p2a: Garchomp|spe|1\n|move|p1a: Palafin|Surf|p2a: Garchomp\n|-damage|p2a: Garchomp|42\/100 par\n|\n|upkeep\n|turn|11\n|\n|t:|1701072073\n|move|p1a: Palafin|Surf|p2a: Garchomp\n|-damage|p2a: Garchomp|0 fnt\n|faint|p2a: Garchomp\n|\n|upkeep\n|\n|t:|1701072080\n|switch|p2a: Grimmsnarl|Grimmsnarl, M|71\/100 par\n|-activate|p2a: Grimmsnarl|move: Sticky Web\n|-unboost|p2a: Grimmsnarl|spe|1\n|turn|12\n|\n|t:|1701072085\n|cant|p2a: Grimmsnarl|par\n|move|p1a: Palafin|Surf|p2a: Grimmsnarl\n|-damage|p2a: Grimmsnarl|4\/100 par\n|\n|-sideend|p2: TRaSHiNSeCT|Reflect\n|upkeep\n|turn|13\n|\n|t:|1701072093\n|move|p2a: Grimmsnarl|Reflect|p2a: Grimmsnarl\n|-sidestart|p2: TRaSHiNSeCT|Reflect\n|move|p1a: Palafin|Surf|p2a: Grimmsnarl\n|-damage|p2a: Grimmsnarl|0 fnt\n|faint|p2a: Grimmsnarl\n|\n|upkeep\n|\n|t:|1701072101\n|switch|p2a: Slowbro|Slowbro-Galar, M|100\/100\n|-activate|p2a: Slowbro|move: Sticky Web\n|-unboost|p2a: Slowbro|spe|1\n|turn|14\n|\n|t:|1701072113\n|-terastallize|p1a: Palafin|Water\n|move|p1a: Palafin|Surf|p2a: Slowbro\n|-damage|p2a: Slowbro|0 fnt\n|faint|p2a: Slowbro\n|\n|upkeep\n|\n|t:|1701072123\n|switch|p2a: Darkrai|Darkrai|100\/100\n|-activate|p2a: Darkrai|move: Sticky Web\n|-unboost|p2a: Darkrai|spe|1\n|turn|15\n|\n|t:|1701072128\n|move|p2a: Darkrai|Sucker Punch|p1a: Palafin\n|-damage|p1a: Palafin|40\/100\n|move|p1a: Palafin|Surf|p2a: Darkrai\n|-damage|p2a: Darkrai|0 fnt\n|faint|p2a: Darkrai\n|\n|upkeep\n|\n|t:|1701072136\n|switch|p2a: Infernape|Infernape, M|100\/100\n|-activate|p2a: Infernape|move: Sticky Web\n|-unboost|p2a: Infernape|spe|1\n|turn|16\n|\n|t:|1701072165\n|-terastallize|p2a: Infernape|Fire\n|move|p2a: Infernape|Flare Blitz|p1a: Palafin\n|-resisted|p1a: Palafin\n|-damage|p1a: Palafin|0 fnt\n|faint|p1a: Palafin\n|-damage|p2a: Infernape|85\/100|[from] Recoil\n|\n|upkeep\n|c|\u2606TRaSHiNSeCT|gg\n|c|\u2606TRaSHiNSeCT|or not\n|inactive|Rei_darkness has 270 seconds left.\n|\n|t:|1701072177\n|switch|p1a: Medicham|Medicham, F, shiny|100\/100\n|-damage|p1a: Medicham|94\/100|[from] Stealth Rock\n|turn|17\n|\n|t:|1701072181\n|move|p1a: Medicham|Close Combat|p2a: Infernape\n|-damage|p2a: Infernape|28\/100\n|-unboost|p1a: Medicham|def|1\n|-unboost|p1a: Medicham|spd|1\n|move|p2a: Infernape|Flare Blitz|p1a: Medicham\n|-damage|p1a: Medicham|0 fnt\n|faint|p1a: Medicham\n|-damage|p2a: Infernape|0 fnt|[from] Recoil\n|faint|p2a: Infernape\n|\n|upkeep\n|\n|t:|1701072190\n|switch|p2a: Landorus|Landorus-Therian, M|100\/100\n|switch|p1a: Slowking|Slowking-Galar, F, shiny|100\/100\n|-ability|p2a: Landorus|Intimidate|boost\n|-unboost|p1a: Slowking|atk|1\n|turn|18\n|\n|t:|1701072209\n|move|p2a: Landorus|Taunt|p1a: Slowking\n|-start|p1a: Slowking|move: Taunt\n|cant|p1a: Slowking|move: Taunt|Toxic\n|\n|upkeep\n|turn|19\n|\n|t:|1701072214\n|move|p2a: Landorus|Nasty Plot|p2a: Landorus\n|-boost|p2a: Landorus|spa|2\n|move|p1a: Slowking|Foul Play|p2a: Landorus\n|-damage|p2a: Landorus|86\/100\n|\n|-heal|p2a: Landorus|92\/100|[from] item: Leftovers\n|upkeep\n|turn|20\n|\n|t:|1701072221\n|move|p2a: Landorus|Earth Power|p1a: Slowking\n|-supereffective|p1a: Slowking\n|-damage|p1a: Slowking|8\/100\n|move|p1a: Slowking|Foul Play|p2a: Landorus\n|-damage|p2a: Landorus|78\/100\n|\n|-heal|p2a: Landorus|84\/100|[from] item: Leftovers\n|-end|p1a: Slowking|move: Taunt\n|-sideend|p2: TRaSHiNSeCT|Reflect\n|upkeep\n|turn|21\n|\n|t:|1701072230\n|move|p2a: Landorus|Tera Blast|p1a: Slowking\n|-damage|p1a: Slowking|0 fnt\n|faint|p1a: Slowking\n|\n|-heal|p2a: Landorus|90\/100|[from] item: Leftovers\n|upkeep\n|\n|t:|1701072233\n|switch|p1a: Weezing|Weezing-Galar, F|84\/100\n|turn|22\n|\n|t:|1701072238\n|move|p2a: Landorus|Taunt|p1a: Weezing\n|-start|p1a: Weezing|move: Taunt\n|move|p1a: Weezing|Strange Steam|p2a: Landorus\n|-damage|p2a: Landorus|52\/100\n|\n|-heal|p2a: Landorus|58\/100|[from] item: Leftovers\n|upkeep\n|turn|23\n|\n|t:|1701072245\n|move|p2a: Landorus|Tera Blast|p1a: Weezing\n|-damage|p1a: Weezing|22\/100\n|move|p1a: Weezing|Strange Steam|p2a: Landorus\n|-damage|p2a: Landorus|24\/100\n|\n|-heal|p2a: Landorus|30\/100|[from] item: Leftovers\n|upkeep\n|turn|24\n|\n|t:|1701072253\n|move|p2a: Landorus|Tera Blast|p1a: Weezing\n|-damage|p1a: Weezing|0 fnt\n|faint|p1a: Weezing\n|\n|-heal|p2a: Landorus|36\/100|[from] item: Leftovers\n|upkeep\n|\n|t:|1701072255\n|switch|p1a: Iron Jugulis|Iron Jugulis, shiny|100\/100\n|-damage|p1a: Iron Jugulis|75\/100|[from] Stealth Rock\n|-enditem|p1a: Iron Jugulis|Booster Energy\n|-activate|p1a: Iron Jugulis|ability: Quark Drive|[fromitem]\n|-start|p1a: Iron Jugulis|quarkdrivespe\n|turn|25\n|c|\u2606Rei_darkness|I hope this is enough?\n|c|\u2606TRaSHiNSeCT|maybe\n|\n|t:|1701072268\n|move|p1a: Iron Jugulis|Acrobatics|p2a: Landorus\n|-damage|p2a: Landorus|0 fnt\n|faint|p2a: Landorus\n|\n|win|Rei_darkness\n","uploadtime":1701072272,"views":18,"p1id":"reidarkness","p2id":"trashinsect","formatid":"gen9ubers","rating":0,"private":0,"password":""}