{"id":"gen9ubers-1968705031","p1":"JamingT","p2":"moethecurly","format":"[Gen 9] Ubers","log":"|j|\u2606JamingT\n|j|\u2606moethecurly\n|t:|1697455996\n|gametype|singles\n|player|p1|JamingT|lady-gen4|1187\n|player|p2|moethecurly|266|1418\n|teamsize|p1|6\n|teamsize|p2|6\n|gen|9\n|tier|[Gen 9] Ubers\n|rated|\n|rule|Sleep Clause Mod: Limit one foe put to sleep\n|rule|Species Clause: Limit one of each Pok\u00e9mon\n|rule|OHKO Clause: OHKO moves are banned\n|rule|Evasion Items Clause: Evasion items are banned\n|rule|Evasion Moves Clause: Evasion moves are banned\n|rule|Endless Battle Clause: Forcing endless battles is banned\n|rule|HP Percentage Mod: HP is shown in percentages\n|clearpoke\n|poke|p1|Arceus-Fairy|\n|poke|p1|Skeledirge, F|\n|poke|p1|Ting-Lu|\n|poke|p1|Dragonite, F|\n|poke|p1|Landorus-Therian, M|\n|poke|p1|Palkia-Origin|\n|poke|p2|Koraidon|\n|poke|p2|Miraidon|\n|poke|p2|Zacian-*|\n|poke|p2|Arceus-Ground|\n|poke|p2|Skeledirge, M|\n|poke|p2|Clodsire, M|\n|teampreview\n|\n|t:|1697456011\n|start\n|switch|p1a: Landorus|Landorus-Therian, M|100\/100\n|switch|p2a: Koraidon|Koraidon|100\/100\n|-ability|p1a: Landorus|Intimidate|boost\n|-unboost|p2a: Koraidon|atk|1\n|-weather|SunnyDay|[from] ability: Orichalcum Pulse|[of] p2a: Koraidon\n|-activate|p2a: Koraidon|Orichalcum Pulse|[source]\n|turn|1\n|\n|t:|1697456018\n|move|p1a: Landorus|U-turn|p2a: Koraidon\n|-resisted|p2a: Koraidon\n|-damage|p2a: Koraidon|88\/100\n|\n|t:|1697456029\n|switch|p1a: Skeledirge|Skeledirge, F|100\/100|[from] U-turn\n|move|p2a: Koraidon|U-turn|p1a: Skeledirge\n|-resisted|p1a: Skeledirge\n|-damage|p1a: Skeledirge|93\/100\n|\n|t:|1697456041\n|switch|p2a: Miraidon|Miraidon|100\/100|[from] U-turn\n|-fieldstart|move: Electric Terrain|[from] ability: Hadron Engine|[of] p2a: Miraidon\n|\n|-weather|SunnyDay|[upkeep]\n|upkeep\n|turn|2\n|\n|t:|1697456055\n|switch|p1a: Ting-Lu|Ting-Lu|100\/100\n|-ability|p1a: Ting-Lu|Vessel of Ruin\n|move|p2a: Miraidon|Draco Meteor|p1a: Ting-Lu\n|-damage|p1a: Ting-Lu|44\/100\n|-unboost|p2a: Miraidon|spa|2\n|\n|-weather|SunnyDay|[upkeep]\n|-heal|p1a: Ting-Lu|51\/100|[from] item: Leftovers\n|upkeep\n|turn|3\n|\n|t:|1697456069\n|switch|p2a: Koraidon|Koraidon|88\/100\n|-activate|p2a: Koraidon|ability: Orichalcum Pulse\n|move|p1a: Ting-Lu|Spikes|p2a: Koraidon\n|-sidestart|p2: moethecurly|Spikes\n|\n|-weather|SunnyDay|[upkeep]\n|-heal|p1a: Ting-Lu|57\/100|[from] item: Leftovers\n|upkeep\n|turn|4\n|\n|t:|1697456080\n|switch|p1a: Skeledirge|Skeledirge, F|93\/100\n|move|p2a: Koraidon|Dragon Claw|p1a: Skeledirge\n|-damage|p1a: Skeledirge|41\/100\n|\n|-weather|SunnyDay|[upkeep]\n|upkeep\n|turn|5\n|\n|t:|1697456088\n|switch|p1a: Arceus|Arceus-Fairy|100\/100\n|move|p2a: Koraidon|Dragon Claw|p1a: Arceus\n|-immune|p1a: Arceus\n|\n|-weather|none\n|-fieldend|move: Electric Terrain\n|upkeep\n|turn|6\n|\n|t:|1697456095\n|switch|p2a: Clodsire|Clodsire, M|100\/100\n|-damage|p2a: Clodsire|88\/100|[from] Spikes\n|move|p1a: Arceus|Stealth Rock|p2a: Clodsire\n|-sidestart|p2: moethecurly|move: Stealth Rock\n|\n|-heal|p2a: Clodsire|94\/100|[from] item: Leftovers\n|upkeep\n|turn|7\n|\n|t:|1697456101\n|move|p1a: Arceus|Taunt|p2a: Clodsire\n|-start|p2a: Clodsire|move: Taunt\n|cant|p2a: Clodsire|move: Taunt|Toxic\n|\n|-heal|p2a: Clodsire|100\/100|[from] item: Leftovers\n|upkeep\n|turn|8\n|\n|t:|1697456106\n|switch|p1a: Ting-Lu|Ting-Lu|57\/100\n|-ability|p1a: Ting-Lu|Vessel of Ruin\n|move|p2a: Clodsire|Earthquake|p1a: Ting-Lu\n|-damage|p1a: Ting-Lu|41\/100\n|\n|-heal|p1a: Ting-Lu|47\/100|[from] item: Leftovers\n|upkeep\n|turn|9\n|\n|t:|1697456111\n|move|p1a: Ting-Lu|Earthquake|p2a: Clodsire\n|-supereffective|p2a: Clodsire\n|-damage|p2a: Clodsire|15\/100\n|move|p2a: Clodsire|Earthquake|p1a: Ting-Lu\n|-damage|p1a: Ting-Lu|33\/100\n|\n|-heal|p1a: Ting-Lu|39\/100|[from] item: Leftovers\n|-heal|p2a: Clodsire|21\/100|[from] item: Leftovers\n|-end|p2a: Clodsire|move: Taunt\n|upkeep\n|turn|10\n|\n|t:|1697456118\n|switch|p2a: Koraidon|Koraidon|88\/100\n|-damage|p2a: Koraidon|76\/100|[from] Spikes\n|-damage|p2a: Koraidon|69\/100|[from] Stealth Rock\n|-weather|SunnyDay|[from] ability: Orichalcum Pulse|[of] p2a: Koraidon\n|-activate|p2a: Koraidon|Orichalcum Pulse|[source]\n|move|p1a: Ting-Lu|Earthquake|p2a: Koraidon\n|-damage|p2a: Koraidon|36\/100\n|\n|-weather|SunnyDay|[upkeep]\n|-heal|p1a: Ting-Lu|46\/100|[from] item: Leftovers\n|upkeep\n|turn|11\n|\n|t:|1697456148\n|switch|p1a: Skeledirge|Skeledirge, F|41\/100\n|move|p2a: Koraidon|Low Kick|p1a: Skeledirge\n|-immune|p1a: Skeledirge\n|\n|-weather|SunnyDay|[upkeep]\n|upkeep\n|turn|12\n|\n|t:|1697456173\n|switch|p2a: Miraidon|Miraidon|100\/100\n|-damage|p2a: Miraidon|88\/100|[from] Spikes\n|-damage|p2a: Miraidon|76\/100|[from] Stealth Rock\n|-fieldstart|move: Electric Terrain|[from] ability: Hadron Engine|[of] p2a: Miraidon\n|move|p1a: Skeledirge|Slack Off|p1a: Skeledirge\n|-heal|p1a: Skeledirge|91\/100\n|\n|-weather|SunnyDay|[upkeep]\n|upkeep\n|turn|13\n|\n|t:|1697456194\n|switch|p1a: Arceus|Arceus-Fairy|100\/100\n|move|p2a: Miraidon|U-turn|p1a: Arceus\n|-resisted|p1a: Arceus\n|-damage|p1a: Arceus|97\/100\n|\n|t:|1697456209\n|switch|p2a: Zacian|Zacian-Crowned|100\/100|[from] U-turn\n|-damage|p2a: Zacian|88\/100|[from] Spikes\n|-damage|p2a: Zacian|82\/100|[from] Stealth Rock\n|-ability|p2a: Zacian|Intrepid Sword|boost\n|-boost|p2a: Zacian|atk|1\n|\n|-weather|SunnyDay|[upkeep]\n|upkeep\n|turn|14\n|\n|t:|1697456220\n|switch|p1a: Skeledirge|Skeledirge, F|91\/100\n|move|p2a: Zacian|Behemoth Blade|p1a: Skeledirge\n|-resisted|p1a: Skeledirge\n|-damage|p1a: Skeledirge|73\/100\n|\n|-weather|none\n|upkeep\n|turn|15\n|\n|t:|1697456231\n|switch|p2a: Skeledirge|Skeledirge, M|100\/100\n|move|p1a: Skeledirge|Will-O-Wisp|p2a: Skeledirge\n|-immune|p2a: Skeledirge\n|\n|upkeep\n|turn|16\n|\n|t:|1697456242\n|switch|p1a: Landorus|Landorus-Therian, M|100\/100\n|-ability|p1a: Landorus|Intimidate|boost\n|-unboost|p2a: Skeledirge|atk|1\n|move|p2a: Skeledirge|Hex|p1a: Landorus\n|-damage|p1a: Landorus|68\/100\n|\n|-fieldend|move: Electric Terrain\n|upkeep\n|turn|17\n|\n|t:|1697456252\n|move|p1a: Landorus|U-turn|p2a: Skeledirge\n|-resisted|p2a: Skeledirge\n|-damage|p2a: Skeledirge|97\/100\n|\n|t:|1697456255\n|switch|p1a: Skeledirge|Skeledirge, F|73\/100|[from] U-turn\n|move|p2a: Skeledirge|Will-O-Wisp|p1a: Skeledirge\n|-immune|p1a: Skeledirge\n|\n|upkeep\n|turn|18\n|\n|t:|1697456268\n|move|p1a: Skeledirge|Hex|p2a: Skeledirge\n|-supereffective|p2a: Skeledirge\n|-damage|p2a: Skeledirge|45\/100\n|move|p2a: Skeledirge|Hex|p1a: Skeledirge\n|-supereffective|p1a: Skeledirge\n|-damage|p1a: Skeledirge|23\/100\n|\n|upkeep\n|turn|19\n|\n|t:|1697456286\n|switch|p1a: Landorus|Landorus-Therian, M|68\/100\n|-ability|p1a: Landorus|Intimidate|boost\n|-unboost|p2a: Skeledirge|atk|1\n|move|p2a: Skeledirge|Hex|p1a: Landorus\n|-damage|p1a: Landorus|38\/100\n|\n|upkeep\n|turn|20\n|\n|t:|1697456298\n|switch|p2a: Clodsire|Clodsire, M|21\/100\n|-damage|p2a: Clodsire|8\/100|[from] Spikes\n|-damage|p2a: Clodsire|2\/100|[from] Stealth Rock\n|move|p1a: Landorus|Earthquake|p2a: Clodsire\n|-supereffective|p2a: Clodsire\n|-damage|p2a: Clodsire|0 fnt\n|faint|p2a: Clodsire\n|\n|upkeep\n|\n|t:|1697456307\n|switch|p2a: Koraidon|Koraidon|36\/100\n|-damage|p2a: Koraidon|23\/100|[from] Spikes\n|-damage|p2a: Koraidon|17\/100|[from] Stealth Rock\n|-weather|SunnyDay|[from] ability: Orichalcum Pulse|[of] p2a: Koraidon\n|-activate|p2a: Koraidon|Orichalcum Pulse|[source]\n|turn|21\n|\n|t:|1697456313\n|move|p1a: Landorus|Earthquake|p2a: Koraidon\n|-damage|p2a: Koraidon|0 fnt\n|faint|p2a: Koraidon\n|\n|-weather|SunnyDay|[upkeep]\n|upkeep\n|\n|t:|1697456324\n|switch|p2a: Arceus|Arceus-Ground|100\/100\n|-damage|p2a: Arceus|88\/100|[from] Spikes\n|-damage|p2a: Arceus|82\/100|[from] Stealth Rock\n|turn|22\n|\n|t:|1697456332\n|switch|p1a: Palkia|Palkia-Origin|100\/100\n|-ability|p1a: Palkia|Pressure\n|move|p2a: Arceus|Calm Mind|p2a: Arceus\n|-boost|p2a: Arceus|spa|1\n|-boost|p2a: Arceus|spd|1\n|\n|-weather|SunnyDay|[upkeep]\n|upkeep\n|turn|23\n|\n|t:|1697456345\n|-terastallize|p2a: Arceus|Fairy\n|move|p1a: Palkia|Hydro Pump|p2a: Arceus\n|-damage|p2a: Arceus|66\/100\n|move|p2a: Arceus|Judgment|p1a: Palkia\n|-damage|p1a: Palkia|31\/100\n|\n|-weather|SunnyDay|[upkeep]\n|upkeep\n|turn|24\n|\n|t:|1697456361\n|switch|p1a: Landorus|Landorus-Therian, M|38\/100\n|-ability|p1a: Landorus|Intimidate|boost\n|-unboost|p2a: Arceus|atk|1\n|move|p2a: Arceus|Calm Mind|p2a: Arceus\n|-boost|p2a: Arceus|spa|1\n|-boost|p2a: Arceus|spd|1\n|\n|-weather|SunnyDay|[upkeep]\n|upkeep\n|turn|25\n|\n|t:|1697456409\n|switch|p1a: Palkia|Palkia-Origin|31\/100\n|-ability|p1a: Palkia|Pressure\n|move|p2a: Arceus|Recover|p2a: Arceus\n|-heal|p2a: Arceus|100\/100\n|\n|-weather|none\n|upkeep\n|turn|26\n|\n|t:|1697456417\n|move|p1a: Palkia|Thunder Wave|p2a: Arceus\n|-status|p2a: Arceus|par\n|cant|p2a: Arceus|par\n|\n|upkeep\n|turn|27\n|\n|t:|1697456426\n|move|p1a: Palkia|Hydro Pump|p2a: Arceus\n|-damage|p2a: Arceus|76\/100 par\n|move|p2a: Arceus|Judgment|p1a: Palkia\n|-damage|p1a: Palkia|0 fnt\n|faint|p1a: Palkia\n|\n|upkeep\n|\n|t:|1697456432\n|switch|p1a: Landorus|Landorus-Therian, M|38\/100\n|-ability|p1a: Landorus|Intimidate|boost\n|-unboost|p2a: Arceus|atk|1\n|turn|28\n|\n|t:|1697456442\n|move|p1a: Landorus|Taunt|p2a: Arceus\n|-start|p2a: Arceus|move: Taunt\n|move|p2a: Arceus|Ice Beam|p1a: Landorus\n|-supereffective|p1a: Landorus\n|-damage|p1a: Landorus|0 fnt\n|faint|p1a: Landorus\n|\n|upkeep\n|\n|t:|1697456452\n|switch|p1a: Skeledirge|Skeledirge, F|23\/100\n|turn|29\n|\n|t:|1697456472\n|switch|p1a: Dragonite|Dragonite, F|100\/100\n|cant|p2a: Arceus|par\n|\n|upkeep\n|turn|30\n|\n|t:|1697456480\n|-terastallize|p1a: Dragonite|Normal\n|move|p1a: Dragonite|Dragon Dance|p1a: Dragonite\n|-boost|p1a: Dragonite|atk|1\n|-boost|p1a: Dragonite|spe|1\n|move|p2a: Arceus|Ice Beam|p1a: Dragonite\n|-damage|p1a: Dragonite|75\/100\n|\n|-end|p2a: Arceus|move: Taunt\n|upkeep\n|turn|31\n|\n|t:|1697456491\n|move|p1a: Dragonite|Extreme Speed|p2a: Arceus\n|-damage|p2a: Arceus|40\/100 par\n|move|p2a: Arceus|Judgment|p1a: Dragonite\n|-damage|p1a: Dragonite|0 fnt\n|faint|p1a: Dragonite\n|\n|upkeep\n|\n|t:|1697456503\n|switch|p1a: Ting-Lu|Ting-Lu|46\/100\n|-ability|p1a: Ting-Lu|Vessel of Ruin\n|turn|32\n|\n|t:|1697456509\n|cant|p2a: Arceus|par\n|move|p1a: Ting-Lu|Whirlwind|p2a: Arceus\n|drag|p2a: Zacian|Zacian-Crowned|82\/100\n|-damage|p2a: Zacian|70\/100|[from] Spikes\n|-damage|p2a: Zacian|64\/100|[from] Stealth Rock\n|\n|-heal|p1a: Ting-Lu|52\/100|[from] item: Leftovers\n|upkeep\n|turn|33\n|\n|t:|1697456514\n|switch|p1a: Skeledirge|Skeledirge, F|23\/100\n|move|p2a: Zacian|Close Combat|p1a: Skeledirge\n|-immune|p1a: Skeledirge\n|\n|upkeep\n|turn|34\n|\n|t:|1697456522\n|move|p2a: Zacian|Play Rough|p1a: Skeledirge\n|-resisted|p1a: Skeledirge\n|-damage|p1a: Skeledirge|8\/100\n|move|p1a: Skeledirge|Slack Off|p1a: Skeledirge\n|-heal|p1a: Skeledirge|58\/100\n|\n|upkeep\n|turn|35\n|\n|t:|1697456526\n|switch|p2a: Miraidon|Miraidon|76\/100\n|-damage|p2a: Miraidon|64\/100|[from] Spikes\n|-damage|p2a: Miraidon|51\/100|[from] Stealth Rock\n|-fieldstart|move: Electric Terrain|[from] ability: Hadron Engine|[of] p2a: Miraidon\n|move|p1a: Skeledirge|Torch Song|p2a: Miraidon\n|-resisted|p2a: Miraidon\n|-crit|p2a: Miraidon\n|-damage|p2a: Miraidon|30\/100\n|-boost|p1a: Skeledirge|spa|1\n|\n|upkeep\n|turn|36\n|\n|t:|1697456546\n|switch|p1a: Arceus|Arceus-Fairy|97\/100\n|move|p2a: Miraidon|Electro Drift|p1a: Arceus\n|-damage|p1a: Arceus|13\/100\n|\n|upkeep\n|turn|37\n|\n|t:|1697456554\n|move|p2a: Miraidon|Electro Drift|p1a: Arceus\n|-damage|p1a: Arceus|0 fnt\n|faint|p1a: Arceus\n|\n|upkeep\n|\n|t:|1697456559\n|switch|p1a: Ting-Lu|Ting-Lu|52\/100\n|-ability|p1a: Ting-Lu|Vessel of Ruin\n|turn|38\n|\n|t:|1697456569\n|switch|p2a: Skeledirge|Skeledirge, M|45\/100\n|move|p1a: Ting-Lu|Earthquake|p2a: Skeledirge\n|-supereffective|p2a: Skeledirge\n|-crit|p2a: Skeledirge\n|-damage|p2a: Skeledirge|0 fnt\n|faint|p2a: Skeledirge\n|\n|-heal|p1a: Ting-Lu|58\/100|[from] item: Leftovers\n|upkeep\n|\n|t:|1697456573\n|switch|p2a: Zacian|Zacian-Crowned|64\/100\n|-damage|p2a: Zacian|51\/100|[from] Spikes\n|-damage|p2a: Zacian|45\/100|[from] Stealth Rock\n|turn|39\n|\n|t:|1697456581\n|move|p2a: Zacian|Behemoth Blade|p1a: Ting-Lu\n|-damage|p1a: Ting-Lu|25\/100\n|move|p1a: Ting-Lu|Earthquake|p2a: Zacian\n|-supereffective|p2a: Zacian\n|-damage|p2a: Zacian|0 fnt\n|faint|p2a: Zacian\n|\n|-heal|p1a: Ting-Lu|32\/100|[from] item: Leftovers\n|-fieldend|move: Electric Terrain\n|upkeep\n|\n|t:|1697456586\n|switch|p2a: Arceus|Arceus-Ground, tera:Fairy|40\/100 par\n|-damage|p2a: Arceus|27\/100 par|[from] Spikes\n|-damage|p2a: Arceus|15\/100 par|[from] Stealth Rock\n|turn|40\n|\n|t:|1697456602\n|move|p2a: Arceus|Recover|p2a: Arceus\n|-heal|p2a: Arceus|65\/100 par\n|move|p1a: Ting-Lu|Whirlwind|p2a: Arceus\n|drag|p2a: Miraidon|Miraidon|30\/100\n|-damage|p2a: Miraidon|18\/100|[from] Spikes\n|-damage|p2a: Miraidon|5\/100|[from] Stealth Rock\n|-fieldstart|move: Electric Terrain|[from] ability: Hadron Engine|[of] p2a: Miraidon\n|\n|-heal|p1a: Ting-Lu|38\/100|[from] item: Leftovers\n|upkeep\n|turn|41\n|\n|t:|1697456626\n|move|p2a: Miraidon|Draco Meteor|p1a: Ting-Lu\n|-damage|p1a: Ting-Lu|0 fnt\n|-unboost|p2a: Miraidon|spa|2\n|faint|p1a: Ting-Lu\n|\n|upkeep\n|\n|t:|1697456629\n|switch|p1a: Skeledirge|Skeledirge, F|58\/100\n|turn|42\n|\n|t:|1697456638\n|move|p2a: Miraidon|Draco Meteor|p1a: Skeledirge\n|-crit|p1a: Skeledirge\n|-damage|p1a: Skeledirge|0 fnt\n|-unboost|p2a: Miraidon|spa|2\n|faint|p1a: Skeledirge\n|\n|win|moethecurly\n|raw|JamingT's rating: 1187 &rarr; <strong>1177<\/strong><br \/>(-10 for losing)\n|raw|moethecurly's rating: 1418 &rarr; <strong>1426<\/strong><br \/>(+8 for winning)\n|c|\u2606moethecurly|gg\n|l|\u2606moethecurly\n","uploadtime":1697456666,"views":17,"p1id":"jamingt","p2id":"moethecurly","formatid":"gen9ubers","rating":1177,"private":0,"password":""}