{"id":"gen9ubers-1975330806","p1":"Dragon Master Rosa","p2":"Gladiator_Kraken","format":"[Gen 9] Ubers","log":"|j|\u2606Dragon Master Rosa\n|j|\u2606Gladiator_Kraken\n|t:|1698180450\n|gametype|singles\n|player|p1|Dragon Master Rosa|rosa|\n|player|p2|Gladiator_Kraken|rika|\n|teamsize|p1|6\n|teamsize|p2|6\n|gen|9\n|tier|[Gen 9] Ubers\n|rule|Sleep Clause Mod: Limit one foe put to sleep\n|rule|Species Clause: Limit one of each Pok\u00e9mon\n|rule|OHKO Clause: OHKO moves are banned\n|rule|Evasion Items Clause: Evasion items are banned\n|rule|Evasion Moves Clause: Evasion moves are banned\n|rule|Endless Battle Clause: Forcing endless battles is banned\n|rule|HP Percentage Mod: HP is shown in percentages\n|clearpoke\n|poke|p1|Toxtricity, M|\n|poke|p1|Weezing-Galar, F|\n|poke|p1|Greninja-*, M|\n|poke|p1|Zoroark-Hisui, M|\n|poke|p1|Landorus-Therian, M|\n|poke|p1|Blissey, F|\n|poke|p2|Garchomp, F|\n|poke|p2|Grimmsnarl, M|\n|poke|p2|Enamorus, F|\n|poke|p2|Darkrai|\n|poke|p2|Zoroark-Hisui, M|\n|poke|p2|Lucario, M|\n|teampreview\n|c|\u2606Gladiator_Kraken|hf\n|c|\u2606Dragon Master Rosa|glhf\n|\n|t:|1698180543\n|start\n|switch|p1a: Greninja|Greninja, M|100\/100\n|switch|p2a: Jarchomp|Garchomp, F|100\/100\n|turn|1\n|\n|t:|1698180567\n|switch|p1a: Weezing|Weezing-Galar, F|100\/100\n|move|p2a: Jarchomp|Stealth Rock|p1a: Weezing\n|-sidestart|p1: Dragon Master Rosa|move: Stealth Rock\n|\n|upkeep\n|turn|2\n|\n|t:|1698180583\n|switch|p2a: Woman|Enamorus, F|100\/100\n|move|p1a: Weezing|Toxic|p2a: Woman\n|-status|p2a: Woman|tox\n|\n|-damage|p2a: Woman|94\/100 tox|[from] psn\n|upkeep\n|turn|3\n|c|\u2606Dragon Master Rosa|WAIT\n|c|\u2606Dragon Master Rosa|WHAT THE FUCK\n|c|\u2606Dragon Master Rosa|LURANTIS IF IT WAS AWESOME\n|c|\u2606Gladiator_Kraken|yeah I thought you were gonna defog lmfao\n|c|\u2606Dragon Master Rosa|not much point when you can just stack more hazards tbf\n|\n|t:|1698180635\n|switch|p1a: Toxtricity|Toxtricity, M|100\/100\n|move|p2a: Woman|Superpower|p1a: Toxtricity\n|-immune|p1a: Toxtricity\n|\n|-heal|p2a: Woman|100\/100 tox|[from] item: Leftovers\n|-damage|p2a: Woman|88\/100 tox|[from] psn\n|upkeep\n|turn|4\n|\n|t:|1698180647\n|move|p1a: Toxtricity|Body Slam|p2a: Woman\n|-damage|p2a: Woman|32\/100 tox\n|move|p2a: Woman|Fly||[still]\n|-prepare|p2a: Woman|Fly\n|\n|-heal|p2a: Woman|38\/100 tox|[from] item: Leftovers\n|-damage|p2a: Woman|19\/100 tox|[from] psn\n|upkeep\n|turn|5\n|c|\u2606Dragon Master Rosa|oh brother\n|\n|t:|1698180660\n|switch|p1a: Weezing|Weezing-Galar, F|100\/100\n|-damage|p1a: Weezing|88\/100|[from] Stealth Rock\n|move|p2a: Woman|Fly|p1a: Weezing|[from]lockedmove\n|-damage|p1a: Weezing|60\/100\n|\n|-heal|p2a: Woman|25\/100 tox|[from] item: Leftovers\n|-heal|p1a: Weezing|66\/100|[from] item: Leftovers\n|-damage|p2a: Woman|0 fnt|[from] psn\n|faint|p2a: Woman\n|upkeep\n|\n|t:|1698180676\n|switch|p2a: Nathan|Darkrai|100\/100\n|turn|6\n|\n|t:|1698180690\n|-terastallize|p2a: Nathan|Steel\n|move|p2a: Nathan|Swords Dance|p2a: Nathan\n|-boost|p2a: Nathan|atk|2\n|move|p1a: Weezing|Defog|p2a: Nathan\n|-unboost|p2a: Nathan|evasion|1\n|-sideend|p1: Dragon Master Rosa|Stealth Rock|[from] move: Defog|[of] p1a: Weezing\n|\n|-heal|p1a: Weezing|72\/100|[from] item: Leftovers\n|upkeep\n|turn|7\n|\n|t:|1698180696\n|switch|p1a: Landorus|Landorus-Therian, M|100\/100\n|-ability|p1a: Landorus|Intimidate|boost\n|-unboost|p2a: Nathan|atk|1\n|move|p2a: Nathan|Tera Blast|p1a: Landorus|[anim] Tera Blast Steel\n|-damage|p1a: Landorus|32\/100\n|-damage|p2a: Nathan|91\/100|[from] item: Life Orb\n|\n|-heal|p1a: Landorus|37\/100|[from] item: Leftovers\n|upkeep\n|turn|8\n|\n|t:|1698180710\n|move|p2a: Nathan|Knock Off|p1a: Landorus\n|-damage|p1a: Landorus|0 fnt\n|-enditem|p1a: Landorus|Leftovers|[from] move: Knock Off|[of] p2a: Nathan\n|faint|p1a: Landorus\n|-damage|p2a: Nathan|81\/100|[from] item: Life Orb\n|\n|upkeep\n|\n|t:|1698180744\n|switch|p1a: Greninja|Greninja, M|100\/100\n|turn|9\n|\n|t:|1698180748\n|move|p1a: Greninja|Shadow Sneak|p2a: Nathan\n|-start|p1a: Greninja|typechange|Ghost|[from] ability: Protean\n|-damage|p2a: Nathan|43\/100\n|move|p2a: Nathan|Knock Off|p1a: Greninja\n|-supereffective|p1a: Greninja\n|-damage|p1a: Greninja|0 fnt\n|-enditem|p1a: Greninja|Choice Band|[from] move: Knock Off|[of] p2a: Nathan\n|faint|p1a: Greninja\n|-damage|p2a: Nathan|33\/100|[from] item: Life Orb\n|\n|upkeep\n|c|\u2606Gladiator_Kraken|damn darkrai kinda sick\n|c|\u2606Dragon Master Rosa|yeah it goes silly\n|c|\u2606Gladiator_Kraken|did yall just not discover this mon until recently or what\n|c|\u2606Dragon Master Rosa|monica thought it would be ass\n|c|\u2606Gladiator_Kraken|oh wait it didnt have knock pre dlc\n|\n|t:|1698180809\n|switch|p1a: Weezing|Weezing-Galar, F|72\/100\n|turn|10\n|c|\u2606Dragon Master Rosa|i think it got added with the dlc\n|\n|t:|1698180824\n|switch|p1a: Toxtricity|Toxtricity, M|100\/100\n|move|p2a: Nathan|Tera Blast|p1a: Toxtricity|[anim] Tera Blast Steel\n|-resisted|p1a: Toxtricity\n|-damage|p1a: Toxtricity|48\/100\n|-damage|p2a: Nathan|23\/100|[from] item: Life Orb\n|\n|upkeep\n|turn|11\n|\n|t:|1698180833\n|move|p2a: Nathan|Drain Punch|p1a: Toxtricity\n|-resisted|p1a: Toxtricity\n|-damage|p1a: Toxtricity|17\/100\n|-heal|p2a: Nathan|39\/100|[from] drain|[of] p1a: Toxtricity\n|-damage|p2a: Nathan|29\/100|[from] item: Life Orb\n|move|p1a: Toxtricity|Thief|p2a: Nathan\n|-damage|p2a: Nathan|0 fnt\n|faint|p2a: Nathan\n|\n|upkeep\n|c|\u2606Gladiator_Kraken|it was added in home but didnt have good dark stah I think\n|\n|t:|1698180862\n|switch|p2a: Jarchomp|Garchomp, F|100\/100\n|turn|12\n|\n|t:|1698180872\n|move|p2a: Jarchomp|Power Gem|p1a: Toxtricity\n|-damage|p1a: Toxtricity|0 fnt\n|faint|p1a: Toxtricity\n|\n|upkeep\n|\n|t:|1698180885\n|switch|p1a: Weezing|Weezing-Galar, F|100\/100\n|turn|13\n|\n|t:|1698180900\n|move|p1a: Weezing|Swords Dance|p1a: Weezing\n|-boost|p1a: Weezing|atk|2\n|move|p2a: Jarchomp|Stealth Rock|p1a: Weezing\n|-sidestart|p1: Dragon Master Rosa|move: Stealth Rock\n|\n|upkeep\n|turn|14\n|\n|t:|1698180912\n|move|p1a: Weezing|Poltergeist|p2a: Jarchomp\n|-activate|p2a: Jarchomp|move: Poltergeist|Focus Sash\n|-damage|p2a: Jarchomp|8\/100\n|move|p2a: Jarchomp|Earth Power|p1a: Weezing\n|-damage|p1a: Weezing|25\/100\n|replace|p1a: Zoroark|Zoroark-Hisui, M\n|-end|p1a: Zoroark|Illusion\n|\n|upkeep\n|turn|15\n|\n|t:|1698180932\n|switch|p2a: Furry|Lucario, M|100\/100\n|move|p1a: Zoroark|Poltergeist|p2a: Furry\n|-immune|p2a: Furry\n|\n|upkeep\n|turn|16\n|\n|t:|1698180938\n|switch|p2a: Jarchomp|Garchomp, F|8\/100\n|move|p1a: Zoroark|U-turn|p2a: Jarchomp\n|-damage|p2a: Jarchomp|0 fnt\n|-damage|p1a: Zoroark|13\/100|[from] ability: Rough Skin|[of] p2a: Jarchomp\n|faint|p2a: Jarchomp\n|\n|t:|1698180943\n|switch|p1a: Weezing|Weezing-Galar, F|72\/100|[from] U-turn\n|-damage|p1a: Weezing|60\/100|[from] Stealth Rock\n|\n|-heal|p1a: Weezing|66\/100|[from] item: Leftovers\n|upkeep\n|\n|t:|1698180950\n|switch|p2a: Furry|Lucario, M|100\/100\n|turn|17\n|\n|t:|1698180982\n|move|p2a: Furry|Meteor Mash|p1a: Weezing\n|-supereffective|p1a: Weezing\n|-damage|p1a: Weezing|0 fnt\n|-boost|p2a: Furry|atk|1\n|faint|p1a: Weezing\n|-damage|p2a: Furry|91\/100|[from] item: Life Orb\n|\n|upkeep\n|\n|t:|1698180986\n|switch|p1a: Blissey|Blissey, F|13\/100\n|turn|18\n|\n|t:|1698180994\n|move|p1a: Blissey|Poltergeist|p2a: Furry\n|-activate|p2a: Furry|move: Poltergeist|Life Orb\n|-damage|p2a: Furry|18\/100\n|move|p2a: Furry|Meteor Mash|p1a: Blissey\n|-damage|p1a: Blissey|0 fnt\n|-boost|p2a: Furry|atk|1\n|replace|p1a: Zoroark|Zoroark-Hisui, M\n|-end|p1a: Zoroark|Illusion\n|faint|p1a: Zoroark\n|-damage|p2a: Furry|8\/100|[from] item: Life Orb\n|\n|upkeep\n|\n|t:|1698181000\n|switch|p1a: Blissey|Blissey, F|100\/100\n|turn|19\n|\n|t:|1698181003\n|move|p2a: Furry|Close Combat|p1a: Blissey\n|-supereffective|p1a: Blissey\n|-damage|p1a: Blissey|0 fnt\n|-unboost|p2a: Furry|def|1\n|-unboost|p2a: Furry|spd|1\n|faint|p1a: Blissey\n|-damage|p2a: Furry|0 fnt|[from] item: Life Orb\n|faint|p2a: Furry\n|\n|win|Gladiator_Kraken\n|c|\u2606Dragon Master Rosa|ggwp\n|c|\u2606Gladiator_Kraken|ggwp\n|l|\u2606Gladiator_Kraken\n","uploadtime":1698181018,"views":15,"p1id":"dragonmasterrosa","p2id":"gladiatorkraken","formatid":"gen9ubers","rating":0,"private":0,"password":""}