{"id":"gen9ubers-1977129720","p1":"Nitro524","p2":"Vazquez 2.0","format":"[Gen 9] Ubers","log":"|j|\u2606Nitro524\n|j|\u2606Vazquez 2.0\n|t:|1698374981\n|gametype|singles\n|player|p1|Nitro524|2|\n|player|p2|Vazquez 2.0|gardenia|\n|teamsize|p1|6\n|teamsize|p2|6\n|gen|9\n|tier|[Gen 9] Ubers\n|rule|Sleep Clause Mod: Limit one foe put to sleep\n|rule|Species Clause: Limit one of each Pok\u00e9mon\n|rule|OHKO Clause: OHKO moves are banned\n|rule|Evasion Items Clause: Evasion items are banned\n|rule|Evasion Moves Clause: Evasion moves are banned\n|rule|Endless Battle Clause: Forcing endless battles is banned\n|rule|HP Percentage Mod: HP is shown in percentages\n|clearpoke\n|poke|p1|Torkoal, M|\n|poke|p1|Chi-Yu|\n|poke|p1|Cyclizar, F|\n|poke|p1|Magearna|\n|poke|p1|Roaring Moon|\n|poke|p1|Walking Wake|\n|poke|p2|Pelipper, F|\n|poke|p2|Basculegion-F, F|\n|poke|p2|Arceus-Grass|\n|poke|p2|Thundurus-Therian, M|\n|poke|p2|Giratina|\n|poke|p2|Zamazenta-*|\n|teampreview\n|j| Silveruby\n|c|\u2606Nitro524|glhf\n|c|\u2606Vazquez 2.0|glhf\n|\n|t:|1698375009\n|start\n|switch|p1a: Torkoal|Torkoal, M|100\/100\n|switch|p2a: Thundurus|Thundurus-Therian, M, shiny|100\/100\n|-weather|SunnyDay|[from] ability: Drought|[of] p1a: Torkoal\n|turn|1\n|j| Kabunger\n|\n|t:|1698375014\n|move|p2a: Thundurus|Volt Switch|p1a: Torkoal\n|-damage|p1a: Torkoal|27\/100\n|-damage|p2a: Thundurus|91\/100|[from] item: Life Orb\n|\n|t:|1698375017\n|switch|p2a: Pelipper|Pelipper, F, shiny|100\/100|[from] Volt Switch\n|-weather|RainDance|[from] ability: Drizzle|[of] p2a: Pelipper\n|move|p1a: Torkoal|Stealth Rock|p2a: Pelipper\n|-sidestart|p2: Vazquez 2.0|move: Stealth Rock\n|\n|-weather|RainDance|[upkeep]\n|upkeep\n|turn|2\n|\n|t:|1698375043\n|switch|p1a: Cyclizar|Cyclizar, F|100\/100\n|move|p2a: Pelipper|U-turn|p1a: Cyclizar\n|-damage|p1a: Cyclizar|86\/100\n|\n|t:|1698375057\n|switch|p2a: Zamazenta|Zamazenta-Crowned, shiny|100\/100|[from] U-turn\n|-damage|p2a: Zamazenta|97\/100|[from] Stealth Rock\n|-ability|p2a: Zamazenta|Dauntless Shield|boost\n|-boost|p2a: Zamazenta|def|1\n|\n|-weather|RainDance|[upkeep]\n|upkeep\n|turn|3\n|\n|t:|1698375084\n|move|p2a: Zamazenta|Body Press|p1a: Cyclizar\n|-supereffective|p1a: Cyclizar\n|-damage|p1a: Cyclizar|0 fnt\n|faint|p1a: Cyclizar\n|\n|-weather|RainDance|[upkeep]\n|upkeep\n|\n|t:|1698375095\n|switch|p1a: Walking Wake|Walking Wake|100\/100\n|turn|4\n|\n|t:|1698375104\n|switch|p2a: Arceus|Arceus-Grass, shiny|100\/100\n|-damage|p2a: Arceus|88\/100|[from] Stealth Rock\n|move|p1a: Walking Wake|Hydro Steam|p2a: Arceus\n|-resisted|p2a: Arceus\n|-damage|p2a: Arceus|59\/100\n|\n|-weather|RainDance|[upkeep]\n|upkeep\n|turn|5\n|\n|t:|1698375113\n|-end|p1a: Walking Wake|Protosynthesis|[silent]\n|switch|p1a: Torkoal|Torkoal, M|27\/100\n|-weather|SunnyDay|[from] ability: Drought|[of] p1a: Torkoal\n|move|p2a: Arceus|Recover|p2a: Arceus\n|-heal|p2a: Arceus|100\/100\n|\n|-weather|SunnyDay|[upkeep]\n|upkeep\n|turn|6\n|\n|t:|1698375131\n|switch|p2a: Giratina|Giratina, shiny|100\/100\n|-ability|p2a: Giratina|Pressure\n|switch|p1a: Walking Wake|Walking Wake|100\/100\n|-activate|p1a: Walking Wake|ability: Protosynthesis\n|-start|p1a: Walking Wake|protosynthesisspe\n|\n|-weather|SunnyDay|[upkeep]\n|upkeep\n|turn|7\n|\n|t:|1698375158\n|switch|p2a: Zamazenta|Zamazenta-Crowned, shiny|97\/100\n|-damage|p2a: Zamazenta|94\/100|[from] Stealth Rock\n|-terastallize|p1a: Walking Wake|Fairy\n|move|p1a: Walking Wake|Tera Blast|p2a: Zamazenta|[anim] Tera Blast Fairy\n|-damage|p2a: Zamazenta|44\/100\n|\n|-weather|SunnyDay|[upkeep]\n|upkeep\n|turn|8\n|\n|t:|1698375170\n|move|p1a: Walking Wake|Tera Blast|p2a: Zamazenta|[anim] Tera Blast Fairy\n|-damage|p2a: Zamazenta|0 fnt\n|faint|p2a: Zamazenta\n|\n|-weather|SunnyDay|[upkeep]\n|upkeep\n|\n|t:|1698375173\n|switch|p2a: Pelipper|Pelipper, F, shiny|100\/100\n|-damage|p2a: Pelipper|76\/100|[from] Stealth Rock\n|-weather|RainDance|[from] ability: Drizzle|[of] p2a: Pelipper\n|-end|p1a: Walking Wake|Protosynthesis\n|turn|9\n|\n|t:|1698375177\n|switch|p2a: Arceus|Arceus-Grass, shiny|100\/100\n|-damage|p2a: Arceus|88\/100|[from] Stealth Rock\n|move|p1a: Walking Wake|Tera Blast|p2a: Arceus|[anim] Tera Blast Fairy\n|-damage|p2a: Arceus|50\/100\n|\n|-weather|RainDance|[upkeep]\n|upkeep\n|turn|10\n|\n|t:|1698375182\n|-end|p1a: Walking Wake|Protosynthesis|[silent]\n|switch|p1a: Torkoal|Torkoal, M|27\/100\n|-weather|SunnyDay|[from] ability: Drought|[of] p1a: Torkoal\n|move|p2a: Arceus|Stealth Rock|p1a: Torkoal\n|-sidestart|p1: Nitro524|move: Stealth Rock\n|\n|-weather|SunnyDay|[upkeep]\n|upkeep\n|turn|11\n|\n|t:|1698375191\n|move|p2a: Arceus|Judgment|p1a: Torkoal\n|-resisted|p1a: Torkoal\n|-damage|p1a: Torkoal|0 fnt\n|faint|p1a: Torkoal\n|\n|-weather|SunnyDay|[upkeep]\n|upkeep\n|\n|t:|1698375199\n|switch|p1a: Chi-Yu|Chi-Yu|100\/100\n|-damage|p1a: Chi-Yu|76\/100|[from] Stealth Rock\n|-ability|p1a: Chi-Yu|Beads of Ruin\n|turn|12\n|\n|t:|1698375206\n|move|p1a: Chi-Yu|Overheat|p2a: Arceus\n|-supereffective|p2a: Arceus\n|-damage|p2a: Arceus|0 fnt\n|-unboost|p1a: Chi-Yu|spa|2\n|faint|p2a: Arceus\n|\n|-weather|SunnyDay|[upkeep]\n|upkeep\n|\n|t:|1698375210\n|switch|p2a: Pelipper|Pelipper, F, shiny|76\/100\n|-damage|p2a: Pelipper|51\/100|[from] Stealth Rock\n|-weather|RainDance|[from] ability: Drizzle|[of] p2a: Pelipper\n|turn|13\n|\n|t:|1698375221\n|switch|p1a: Magearna|Magearna|100\/100\n|-damage|p1a: Magearna|94\/100|[from] Stealth Rock\n|switch|p2a: Giratina|Giratina, shiny|100\/100\n|-ability|p2a: Giratina|Pressure\n|\n|-weather|RainDance|[upkeep]\n|-heal|p1a: Magearna|100\/100|[from] item: Leftovers\n|upkeep\n|turn|14\n|\n|t:|1698375230\n|move|p1a: Magearna|Calm Mind|p1a: Magearna\n|-boost|p1a: Magearna|spa|1\n|-boost|p1a: Magearna|spd|1\n|move|p2a: Giratina|Will-O-Wisp|p1a: Magearna\n|-status|p1a: Magearna|brn\n|\n|-weather|RainDance|[upkeep]\n|-damage|p1a: Magearna|94\/100 brn|[from] brn\n|upkeep\n|turn|15\n|\n|t:|1698375254\n|move|p1a: Magearna|Draining Kiss|p2a: Giratina\n|-supereffective|p2a: Giratina\n|-damage|p2a: Giratina|66\/100\n|-heal|p1a: Magearna|100\/100 brn|[from] drain|[of] p2a: Giratina\n|move|p2a: Giratina|Hex|p1a: Magearna\n|-damage|p1a: Magearna|75\/100 brn\n|\n|-weather|RainDance|[upkeep]\n|-heal|p1a: Magearna|81\/100 brn|[from] item: Leftovers\n|-damage|p1a: Magearna|75\/100 brn|[from] brn\n|upkeep\n|turn|16\n|\n|t:|1698375259\n|move|p1a: Magearna|Calm Mind|p1a: Magearna\n|-boost|p1a: Magearna|spa|1\n|-boost|p1a: Magearna|spd|1\n|move|p2a: Giratina|Hex|p1a: Magearna\n|-damage|p1a: Magearna|55\/100 brn\n|\n|-weather|RainDance|[upkeep]\n|-heal|p1a: Magearna|61\/100 brn|[from] item: Leftovers\n|-damage|p1a: Magearna|55\/100 brn|[from] brn\n|upkeep\n|turn|17\n|\n|t:|1698375262\n|move|p1a: Magearna|Calm Mind|p1a: Magearna\n|-boost|p1a: Magearna|spa|1\n|-boost|p1a: Magearna|spd|1\n|move|p2a: Giratina|Hex|p1a: Magearna\n|-damage|p1a: Magearna|39\/100 brn\n|\n|-weather|RainDance|[upkeep]\n|-heal|p1a: Magearna|45\/100 brn|[from] item: Leftovers\n|-damage|p1a: Magearna|39\/100 brn|[from] brn\n|upkeep\n|turn|18\n|\n|t:|1698375266\n|move|p1a: Magearna|Draining Kiss|p2a: Giratina\n|-supereffective|p2a: Giratina\n|-damage|p2a: Giratina|5\/100\n|-heal|p1a: Magearna|100\/100 brn|[from] drain|[of] p2a: Giratina\n|move|p2a: Giratina|Hex|p1a: Magearna\n|-damage|p1a: Magearna|86\/100 brn\n|\n|-weather|RainDance|[upkeep]\n|-heal|p1a: Magearna|92\/100 brn|[from] item: Leftovers\n|-damage|p1a: Magearna|86\/100 brn|[from] brn\n|upkeep\n|turn|19\n|\n|t:|1698375270\n|move|p1a: Magearna|Shift Gear|p1a: Magearna\n|-boost|p1a: Magearna|spe|2\n|-boost|p1a: Magearna|atk|1\n|move|p2a: Giratina|Hex|p1a: Magearna\n|-damage|p1a: Magearna|70\/100 brn\n|\n|-weather|RainDance|[upkeep]\n|-heal|p1a: Magearna|76\/100 brn|[from] item: Leftovers\n|-damage|p1a: Magearna|70\/100 brn|[from] brn\n|upkeep\n|turn|20\n|\n|t:|1698375277\n|move|p1a: Magearna|Calm Mind|p1a: Magearna\n|-boost|p1a: Magearna|spa|1\n|-boost|p1a: Magearna|spd|1\n|move|p2a: Giratina|Defog|p1a: Magearna\n|-unboost|p1a: Magearna|evasion|1\n|-sideend|p1: Nitro524|Stealth Rock|[from] move: Defog|[of] p2a: Giratina\n|-sideend|p2: Vazquez 2.0|Stealth Rock|[from] move: Defog|[of] p2a: Giratina\n|\n|-weather|none\n|-heal|p1a: Magearna|76\/100 brn|[from] item: Leftovers\n|-damage|p1a: Magearna|70\/100 brn|[from] brn\n|upkeep\n|turn|21\n|\n|t:|1698375285\n|switch|p2a: Pelipper|Pelipper, F, shiny|51\/100\n|-weather|RainDance|[from] ability: Drizzle|[of] p2a: Pelipper\n|move|p1a: Magearna|Draining Kiss|p2a: Pelipper\n|-damage|p2a: Pelipper|0 fnt\n|-heal|p1a: Magearna|100\/100 brn|[from] drain|[of] p2a: Pelipper\n|faint|p2a: Pelipper\n|-ability|p1a: Magearna|Soul-Heart|boost\n|-boost|p1a: Magearna|spa|1\n|\n|-weather|RainDance|[upkeep]\n|-damage|p1a: Magearna|94\/100 brn|[from] brn\n|upkeep\n|\n|t:|1698375288\n|switch|p2a: Basculegion|Basculegion-F, F, shiny|100\/100\n|turn|22\n|\n|t:|1698375307\n|-terastallize|p2a: Basculegion|Ghost\n|move|p2a: Basculegion|Last Respects|p1a: Magearna\n|-damage|p1a: Magearna|0 fnt\n|faint|p1a: Magearna\n|\n|-weather|RainDance|[upkeep]\n|upkeep\n|\n|t:|1698375322\n|switch|p1a: Chi-Yu|Chi-Yu|76\/100\n|-ability|p1a: Chi-Yu|Beads of Ruin\n|turn|23\n|c|\u2606Vazquez 2.0|now I keep pressing the funny button\n|\n|t:|1698375330\n|switch|p2a: Giratina|Giratina, shiny|5\/100\n|-ability|p2a: Giratina|Pressure\n|move|p1a: Chi-Yu|Dark Pulse|p2a: Giratina\n|-supereffective|p2a: Giratina\n|-damage|p2a: Giratina|0 fnt\n|faint|p2a: Giratina\n|\n|-weather|RainDance|[upkeep]\n|upkeep\n|\n|t:|1698375335\n|switch|p2a: Basculegion|Basculegion-F, F, shiny, tera:Ghost|100\/100\n|turn|24\n|\n|t:|1698375345\n|switch|p1a: Roaring Moon|Roaring Moon|100\/100\n|-enditem|p1a: Roaring Moon|Booster Energy\n|-activate|p1a: Roaring Moon|ability: Protosynthesis|[fromitem]\n|-start|p1a: Roaring Moon|protosynthesisspe\n|move|p2a: Basculegion|Last Respects|p1a: Roaring Moon\n|-resisted|p1a: Roaring Moon\n|-damage|p1a: Roaring Moon|0 fnt\n|faint|p1a: Roaring Moon\n|-end|p1a: Roaring Moon|Protosynthesis|[silent]\n|\n|-weather|RainDance|[upkeep]\n|upkeep\n|\n|t:|1698375352\n|switch|p1a: Chi-Yu|Chi-Yu|76\/100\n|-ability|p1a: Chi-Yu|Beads of Ruin\n|turn|25\n|\n|t:|1698375355\n|move|p2a: Basculegion|Last Respects|p1a: Chi-Yu\n|-resisted|p1a: Chi-Yu\n|-damage|p1a: Chi-Yu|0 fnt\n|faint|p1a: Chi-Yu\n|\n|-weather|RainDance|[upkeep]\n|upkeep\n|\n|t:|1698375357\n|switch|p1a: Walking Wake|Walking Wake, tera:Fairy|100\/100\n|turn|26\n|c|\u2606Nitro524|zamn\n|c|\u2606Vazquez 2.0|bascu takes a lot of skill trust\n|\n|t:|1698375367\n|move|p2a: Basculegion|Last Respects|p1a: Walking Wake\n|-damage|p1a: Walking Wake|0 fnt\n|faint|p1a: Walking Wake\n|-end|p1a: Walking Wake|Protosynthesis|[silent]\n|\n|win|Vazquez 2.0\n|c|\u2606Vazquez 2.0|gg\n|l| Kabunger\n|c|\u2606Nitro524|gg!\n","uploadtime":1698375380,"views":17,"p1id":"nitro524","p2id":"vazquez20","formatid":"gen9ubers","rating":0,"private":0,"password":""}