{"id":"gen9ubers-1977623388","p1":"Iron Maiden 6","p2":"Trainer Lore","format":"[Gen 9] Ubers","log":"|j|\u2606Iron Maiden 6\n|j|\u2606Trainer Lore\n|t:|1698432778\n|gametype|singles\n|player|p1|Iron Maiden 6|lass|\n|player|p2|Trainer Lore|veteranf|\n|teamsize|p1|6\n|teamsize|p2|6\n|gen|9\n|tier|[Gen 9] Ubers\n|rule|Sleep Clause Mod: Limit one foe put to sleep\n|rule|Species Clause: Limit one of each Pok\u00e9mon\n|rule|OHKO Clause: OHKO moves are banned\n|rule|Evasion Items Clause: Evasion items are banned\n|rule|Evasion Moves Clause: Evasion moves are banned\n|rule|Endless Battle Clause: Forcing endless battles is banned\n|rule|HP Percentage Mod: HP is shown in percentages\n|clearpoke\n|poke|p1|Gholdengo|\n|poke|p1|Iron Treads|\n|poke|p1|Corviknight, F|\n|poke|p1|Empoleon, M|\n|poke|p1|Kingambit, F|\n|poke|p1|Tinkaton, F|\n|poke|p2|Greninja-*, M|\n|poke|p2|Kingambit, M|\n|poke|p2|Roaring Moon|\n|poke|p2|Tyranitar, M|\n|poke|p2|Meowscarada, F|\n|poke|p2|Weavile, M|\n|teampreview\n|inactive|Battle timer is ON: inactive players will automatically lose when time's up. (requested by Trainer Lore)\n|\n|t:|1698432798\n|start\n|switch|p1a: Empoleon|Empoleon, M|100\/100\n|switch|p2a: Shogun|Greninja, M|100\/100\n|turn|1\n|\n|t:|1698432808\n|switch|p2a: Jester|Meowscarada, F|100\/100\n|move|p1a: Empoleon|Stealth Rock|p2a: Jester\n|-sidestart|p2: Trainer Lore|move: Stealth Rock\n|\n|upkeep\n|turn|2\n|\n|t:|1698432822\n|move|p2a: Jester|Knock Off|p1a: Empoleon\n|-start|p2a: Jester|typechange|Dark|[from] ability: Protean\n|-damage|p1a: Empoleon|26\/100\n|-enditem|p1a: Empoleon|Life Orb|[from] move: Knock Off|[of] p2a: Jester\n|move|p1a: Empoleon|Yawn|p2a: Jester\n|-start|p2a: Jester|move: Yawn|[of] p1a: Empoleon\n|\n|upkeep\n|turn|3\n|\n|t:|1698432841\n|switch|p2a: Shogun|Greninja, M|100\/100\n|-damage|p2a: Shogun|88\/100|[from] Stealth Rock\n|move|p1a: Empoleon|Flip Turn|p2a: Shogun\n|-resisted|p2a: Shogun\n|-damage|p2a: Shogun|75\/100\n|\n|t:|1698432859\n|switch|p1a: Corviknight|Corviknight, F|100\/100|[from] Flip Turn\n|\n|upkeep\n|turn|4\n|\n|t:|1698432871\n|-terastallize|p2a: Shogun|Fire\n|move|p2a: Shogun|Tera Blast|p1a: Corviknight|[anim] Tera Blast Fire\n|-supereffective|p1a: Corviknight\n|-damage|p1a: Corviknight|11\/100\n|-damage|p2a: Shogun|65\/100|[from] item: Life Orb\n|move|p1a: Corviknight|Iron Defense|p1a: Corviknight\n|-boost|p1a: Corviknight|def|2\n|\n|upkeep\n|turn|5\n|inactive|Iron Maiden 6 has 270 seconds left.\n|\n|t:|1698432898\n|move|p2a: Shogun|Tera Blast|p1a: Corviknight|[anim] Tera Blast Fire\n|-supereffective|p1a: Corviknight\n|-damage|p1a: Corviknight|0 fnt\n|faint|p1a: Corviknight\n|-ability|p2a: Shogun|Battle Bond|boost\n|-boost|p2a: Shogun|atk|1\n|-boost|p2a: Shogun|spa|1\n|-boost|p2a: Shogun|spe|1\n|-activate|p2a: Shogun|ability: Battle Bond\n|-damage|p2a: Shogun|55\/100|[from] item: Life Orb\n|\n|upkeep\n|\n|t:|1698432919\n|switch|p1a: Tinkaton|Tinkaton, F|100\/100\n|-ability|p1a: Tinkaton|Mold Breaker\n|turn|6\n|\n|t:|1698432925\n|move|p1a: Tinkaton|Fake Out|p2a: Shogun\n|-damage|p2a: Shogun|40\/100\n|cant|p2a: Shogun|flinch\n|\n|upkeep\n|turn|7\n|\n|t:|1698432930\n|move|p1a: Tinkaton|Protect|p1a: Tinkaton\n|-singleturn|p1a: Tinkaton|Protect\n|move|p2a: Shogun|Tera Blast|p1a: Tinkaton|[anim] Tera Blast Fire\n|-activate|p1a: Tinkaton|move: Protect\n|\n|upkeep\n|turn|8\n|\n|t:|1698432938\n|switch|p1a: Empoleon|Empoleon, M|26\/100\n|move|p2a: Shogun|Tera Blast|p1a: Empoleon|[anim] Tera Blast Fire\n|-damage|p1a: Empoleon|0 fnt\n|faint|p1a: Empoleon\n|-damage|p2a: Shogun|30\/100|[from] item: Life Orb\n|\n|upkeep\n|\n|t:|1698432946\n|switch|p1a: Tinkaton|Tinkaton, F|100\/100\n|-ability|p1a: Tinkaton|Mold Breaker\n|turn|9\n|\n|t:|1698432951\n|move|p1a: Tinkaton|Fake Out|p2a: Shogun\n|-damage|p2a: Shogun|15\/100\n|cant|p2a: Shogun|flinch\n|\n|upkeep\n|turn|10\n|\n|t:|1698432956\n|move|p1a: Tinkaton|Protect|p1a: Tinkaton\n|-singleturn|p1a: Tinkaton|Protect\n|move|p2a: Shogun|Tera Blast|p1a: Tinkaton|[anim] Tera Blast Fire\n|-activate|p1a: Tinkaton|move: Protect\n|\n|upkeep\n|turn|11\n|\n|t:|1698432965\n|switch|p1a: Gholdengo|Gholdengo|100\/100\n|move|p2a: Shogun|Tera Blast|p1a: Gholdengo|[anim] Tera Blast Fire\n|-supereffective|p1a: Gholdengo\n|-damage|p1a: Gholdengo|0 fnt\n|faint|p1a: Gholdengo\n|-damage|p2a: Shogun|5\/100|[from] item: Life Orb\n|\n|upkeep\n|\n|t:|1698432976\n|switch|p1a: Tinkaton|Tinkaton, F|100\/100\n|-ability|p1a: Tinkaton|Mold Breaker\n|turn|12\n|\n|t:|1698432982\n|move|p1a: Tinkaton|Fake Out|p2a: Shogun\n|-damage|p2a: Shogun|0 fnt\n|faint|p2a: Shogun\n|\n|upkeep\n|\n|t:|1698432997\n|switch|p2a: Jester|Meowscarada, F|100\/100\n|-damage|p2a: Jester|88\/100|[from] Stealth Rock\n|turn|13\n|\n|t:|1698433001\n|move|p1a: Tinkaton|Protect|p1a: Tinkaton\n|-singleturn|p1a: Tinkaton|Protect\n|move|p2a: Jester|Knock Off|p1a: Tinkaton\n|-start|p2a: Jester|typechange|Dark|[from] ability: Protean\n|-activate|p1a: Tinkaton|move: Protect\n|\n|upkeep\n|turn|14\n|\n|t:|1698433015\n|move|p2a: Jester|Knock Off|p1a: Tinkaton\n|-resisted|p1a: Tinkaton\n|-damage|p1a: Tinkaton|51\/100\n|-enditem|p1a: Tinkaton|Leftovers|[from] move: Knock Off|[of] p2a: Jester\n|move|p1a: Tinkaton|Gigaton Hammer|p2a: Jester\n|-damage|p2a: Jester|0 fnt\n|faint|p2a: Jester\n|\n|upkeep\n|\n|t:|1698433021\n|switch|p2a: Kaiju|Tyranitar, M|100\/100\n|-damage|p2a: Kaiju|88\/100|[from] Stealth Rock\n|-weather|Sandstorm|[from] ability: Sand Stream|[of] p2a: Kaiju\n|turn|15\n|\n|t:|1698433028\n|move|p1a: Tinkaton|Protect|p1a: Tinkaton\n|-singleturn|p1a: Tinkaton|Protect\n|move|p2a: Kaiju|Dragon Dance|p2a: Kaiju\n|-boost|p2a: Kaiju|atk|1\n|-boost|p2a: Kaiju|spe|1\n|\n|-weather|Sandstorm|[upkeep]\n|upkeep\n|turn|16\n|\n|t:|1698433046\n|move|p2a: Kaiju|Earthquake|p1a: Tinkaton\n|-supereffective|p1a: Tinkaton\n|-damage|p1a: Tinkaton|0 fnt\n|faint|p1a: Tinkaton\n|\n|-weather|Sandstorm|[upkeep]\n|upkeep\n|\n|t:|1698433057\n|switch|p1a: Iron Treads|Iron Treads|100\/100\n|-enditem|p1a: Iron Treads|Booster Energy\n|-activate|p1a: Iron Treads|ability: Quark Drive|[fromitem]\n|-start|p1a: Iron Treads|quarkdrivespe\n|turn|17\n|\n|t:|1698433076\n|move|p1a: Iron Treads|Earthquake|p2a: Kaiju\n|-supereffective|p2a: Kaiju\n|-damage|p2a: Kaiju|7\/100\n|move|p2a: Kaiju|Earthquake|p1a: Iron Treads\n|-supereffective|p1a: Iron Treads\n|-damage|p1a: Iron Treads|4\/100\n|\n|-weather|Sandstorm|[upkeep]\n|upkeep\n|turn|18\n|\n|t:|1698433090\n|move|p1a: Iron Treads|Heavy Slam|p2a: Kaiju\n|-supereffective|p2a: Kaiju\n|-damage|p2a: Kaiju|0 fnt\n|faint|p2a: Kaiju\n|\n|-weather|Sandstorm|[upkeep]\n|upkeep\n|\n|t:|1698433093\n|switch|p2a: Frostbite|Weavile, M|100\/100\n|-damage|p2a: Frostbite|76\/100|[from] Stealth Rock\n|-ability|p2a: Frostbite|Pressure\n|turn|19\n|\n|t:|1698433102\n|move|p2a: Frostbite|Ice Shard|p1a: Iron Treads\n|-damage|p1a: Iron Treads|0 fnt\n|faint|p1a: Iron Treads\n|-end|p1a: Iron Treads|Quark Drive|[silent]\n|\n|-weather|none\n|upkeep\n|\n|t:|1698433107\n|switch|p1a: Kingambit|Kingambit, F|100\/100\n|-activate|p1a: Kingambit|ability: Supreme Overlord\n|-start|p1a: Kingambit|fallen5|[silent]\n|turn|20\n|\n|t:|1698433113\n|move|p2a: Frostbite|Brick Break|p1a: Kingambit\n|-supereffective|p1a: Kingambit\n|-damage|p1a: Kingambit|24\/100\n|move|p1a: Kingambit|Swords Dance|p1a: Kingambit\n|-boost|p1a: Kingambit|atk|2\n|\n|upkeep\n|turn|21\n|\n|t:|1698433122\n|-terastallize|p1a: Kingambit|Dark\n|move|p2a: Frostbite|Ice Shard|p1a: Kingambit\n|-damage|p1a: Kingambit|10\/100\n|move|p1a: Kingambit|Sucker Punch||[still]\n|-fail|p1a: Kingambit\n|\n|upkeep\n|turn|22\n|\n|t:|1698433130\n|move|p2a: Frostbite|Ice Shard|p1a: Kingambit\n|-damage|p1a: Kingambit|0 fnt\n|faint|p1a: Kingambit\n|-end|p1a: Kingambit|fallen5|[silent]\n|\n|win|Trainer Lore\n|c|\u2606Trainer Lore|geegee\n","uploadtime":1698433138,"views":11,"p1id":"ironmaiden6","p2id":"trainerlore","formatid":"gen9ubers","rating":0,"private":0,"password":""}