{"id":"gen9ubers-1975987661","p1":"didact_re","p2":"supertfsux","format":"[Gen 9] Ubers","log":"|j|\u2606didact_re\n|j|\u2606supertfsux\n|t:|1698254541\n|gametype|singles\n|player|p1|didact_re|morty-masters|1174\n|player|p2|supertfsux|ingo|1112\n|teamsize|p1|6\n|teamsize|p2|6\n|gen|9\n|tier|[Gen 9] Ubers\n|rated|\n|rule|Sleep Clause Mod: Limit one foe put to sleep\n|rule|Species Clause: Limit one of each Pok\u00e9mon\n|rule|OHKO Clause: OHKO moves are banned\n|rule|Evasion Items Clause: Evasion items are banned\n|rule|Evasion Moves Clause: Evasion moves are banned\n|rule|Endless Battle Clause: Forcing endless battles is banned\n|rule|HP Percentage Mod: HP is shown in percentages\n|clearpoke\n|poke|p1|Glimmora, M|\n|poke|p1|Gothitelle, F|\n|poke|p1|Basculegion, M|\n|poke|p1|Pawmot, F|\n|poke|p1|Annihilape, M|\n|poke|p1|Typhlosion-Hisui, M|\n|poke|p2|Koraidon|\n|poke|p2|Ribombee, M|\n|poke|p2|Kyogre|\n|poke|p2|Arceus-Psychic|\n|poke|p2|Skeledirge, F|\n|poke|p2|Cyclizar, M|\n|teampreview\n|inactive|Battle timer is ON: inactive players will automatically lose when time's up. (requested by supertfsux)\n|\n|t:|1698254549\n|start\n|switch|p1a: Glimmora|Glimmora, M|100\/100\n|switch|p2a: Ribombee|Ribombee, M, shiny|100\/100\n|-item|p1a: Glimmora|Air Balloon\n|turn|1\n|\n|t:|1698254560\n|move|p2a: Ribombee|Sticky Web|p1a: Glimmora\n|-sidestart|p1: didact_re|move: Sticky Web\n|move|p1a: Glimmora|Power Gem|p2a: Ribombee\n|-supereffective|p2a: Ribombee\n|-enditem|p2a: Ribombee|Focus Sash\n|-damage|p2a: Ribombee|1\/100\n|\n|upkeep\n|turn|2\n|\n|t:|1698254567\n|switch|p2a: Cyclizar|Cyclizar, M|100\/100\n|move|p1a: Glimmora|Mortal Spin|p2a: Cyclizar\n|-damage|p2a: Cyclizar|91\/100\n|-status|p2a: Cyclizar|psn\n|-sideend|p1: didact_re|Sticky Web|[from] move: Mortal Spin|[of] p1a: Glimmora\n|\n|-damage|p2a: Cyclizar|79\/100 psn|[from] psn\n|upkeep\n|turn|3\n|\n|t:|1698254579\n|move|p2a: Cyclizar|Shed Tail|p2a: Cyclizar\n|-start|p2a: Cyclizar|Substitute|[from] move: Shed Tail\n|-damage|p2a: Cyclizar|29\/100 psn\n|\n|t:|1698254584\n|switch|p2a: Arceus|Arceus-Psychic, shiny|100\/100|[from] Shed Tail\n|move|p1a: Glimmora|Stealth Rock|p2a: Arceus\n|-sidestart|p2: supertfsux|move: Stealth Rock\n|\n|upkeep\n|turn|4\n|\n|t:|1698254590\n|move|p2a: Arceus|Cosmic Power|p2a: Arceus\n|-boost|p2a: Arceus|def|1\n|-boost|p2a: Arceus|spd|1\n|move|p1a: Glimmora|Spikes|p2a: Arceus\n|-sidestart|p2: supertfsux|Spikes\n|\n|upkeep\n|turn|5\n|\n|t:|1698254600\n|move|p2a: Arceus|Cosmic Power|p2a: Arceus\n|-boost|p2a: Arceus|def|1\n|-boost|p2a: Arceus|spd|1\n|move|p1a: Glimmora|Spikes|p2a: Arceus\n|-sidestart|p2: supertfsux|Spikes\n|\n|upkeep\n|turn|6\n|\n|t:|1698254607\n|move|p2a: Arceus|Cosmic Power|p2a: Arceus\n|-boost|p2a: Arceus|def|1\n|-boost|p2a: Arceus|spd|1\n|move|p1a: Glimmora|Spikes|p2a: Arceus\n|-sidestart|p2: supertfsux|Spikes\n|\n|upkeep\n|turn|7\n|\n|t:|1698254617\n|switch|p1a: Annihilape|Annihilape, M|100\/100\n|move|p2a: Arceus|Cosmic Power|p2a: Arceus\n|-boost|p2a: Arceus|def|1\n|-boost|p2a: Arceus|spd|1\n|\n|upkeep\n|turn|8\n|\n|t:|1698254627\n|move|p2a: Arceus|Cosmic Power|p2a: Arceus\n|-boost|p2a: Arceus|def|1\n|-boost|p2a: Arceus|spd|1\n|move|p1a: Annihilape|Taunt|p2a: Arceus\n|-start|p2a: Arceus|move: Taunt\n|\n|upkeep\n|turn|9\n|\n|t:|1698254635\n|move|p2a: Arceus|Stored Power|p1a: Annihilape\n|-supereffective|p1a: Annihilape\n|-damage|p1a: Annihilape|0 fnt\n|faint|p1a: Annihilape\n|\n|upkeep\n|\n|t:|1698254642\n|switch|p1a: Glimmora|Glimmora, M|100\/100\n|-item|p1a: Glimmora|Air Balloon\n|turn|10\n|\n|t:|1698254647\n|move|p2a: Arceus|Stored Power|p1a: Glimmora\n|-supereffective|p1a: Glimmora\n|-damage|p1a: Glimmora|0 fnt\n|-enditem|p1a: Glimmora|Air Balloon\n|faint|p1a: Glimmora\n|\n|upkeep\n|\n|t:|1698254656\n|switch|p1a: Typhlosion|Typhlosion-Hisui, M|100\/100\n|turn|11\n|\n|t:|1698254662\n|-terastallize|p1a: Typhlosion|Fire\n|move|p1a: Typhlosion|Flamethrower|p2a: Arceus\n|-activate|p2a: Arceus|move: Substitute|[damage]\n|move|p2a: Arceus|Stored Power|p1a: Typhlosion\n|-crit|p1a: Typhlosion\n|-damage|p1a: Typhlosion|0 fnt\n|faint|p1a: Typhlosion\n|\n|-end|p2a: Arceus|move: Taunt\n|upkeep\n|-message|didact_re forfeited.\n|\n|win|supertfsux\n|raw|didact_re's rating: 1174 &rarr; <strong>1145<\/strong><br \/>(-29 for losing)\n|raw|supertfsux's rating: 1112 &rarr; <strong>1141<\/strong><br \/>(+29 for winning)\n|l|\u2606didact_re\n|l|\u2606supertfsux\n|j|\u2606supertfsux\n|player|p2|supertfsux|ingo\n","uploadtime":1698254709,"views":9,"p1id":"didactre","p2id":"supertfsux","formatid":"gen9ubers","rating":1141,"private":0,"password":""}