{"id":"gen9ubers-1968114288","p1":"Odj1022","p2":"SkyQueen420","format":"[Gen 9] Ubers","log":"|j|\u2606Odj1022\n|j|\u2606SkyQueen420\n|t:|1697385759\n|gametype|singles\n|player|p1|Odj1022|alder|1177\n|player|p2|SkyQueen420|caitlin|1170\n|teamsize|p1|6\n|teamsize|p2|6\n|gen|9\n|tier|[Gen 9] Ubers\n|rated|\n|rule|Sleep Clause Mod: Limit one foe put to sleep\n|rule|Species Clause: Limit one of each Pok\u00e9mon\n|rule|OHKO Clause: OHKO moves are banned\n|rule|Evasion Items Clause: Evasion items are banned\n|rule|Evasion Moves Clause: Evasion moves are banned\n|rule|Endless Battle Clause: Forcing endless battles is banned\n|rule|HP Percentage Mod: HP is shown in percentages\n|clearpoke\n|poke|p1|Annihilape, M|\n|poke|p1|Ursaluna-Bloodmoon, M|\n|poke|p1|Zacian-*|\n|poke|p1|Baxcalibur, F|\n|poke|p1|Miraidon|\n|poke|p1|Ogerpon-Hearthflame, F|\n|poke|p2|Pelipper, F|\n|poke|p2|Palafin, M|\n|poke|p2|Regieleki|\n|poke|p2|Magearna|\n|poke|p2|Arceus-Ground|\n|poke|p2|Palkia-Origin|\n|teampreview\n|inactive|Battle timer is ON: inactive players will automatically lose when time's up. (requested by SkyQueen420)\n|\n|t:|1697385796\n|start\n|switch|p1a: Miraidon|Miraidon|100\/100\n|switch|p2a: Palafin|Palafin, M|100\/100\n|-fieldstart|move: Electric Terrain|[from] ability: Hadron Engine|[of] p1a: Miraidon\n|turn|1\n|\n|t:|1697385806\n|detailschange|p2a: Palafin|Palafin-Hero, M\n|switch|p2a: Arceus|Arceus-Ground|100\/100\n|move|p1a: Miraidon|Electro Drift|p2a: Arceus\n|-immune|p2a: Arceus\n|\n|upkeep\n|turn|2\n|\n|t:|1697385828\n|switch|p1a: Ursaluna|Ursaluna-Bloodmoon, M|100\/100\n|move|p2a: Arceus|Stealth Rock|p1a: Ursaluna\n|-sidestart|p1: Odj1022|move: Stealth Rock\n|\n|upkeep\n|turn|3\n|\n|t:|1697385839\n|move|p1a: Ursaluna|Blood Moon|p2a: Arceus\n|-damage|p2a: Arceus|44\/100\n|move|p2a: Arceus|Dragon Tail|p1a: Ursaluna\n|-damage|p1a: Ursaluna|91\/100\n|drag|p1a: Miraidon|Miraidon|100\/100\n|-damage|p1a: Miraidon|88\/100|[from] Stealth Rock\n|-activate|p1a: Miraidon|ability: Hadron Engine\n|\n|upkeep\n|turn|4\n|\n|t:|1697385858\n|switch|p2a: Magearna|Magearna|100\/100\n|-terastallize|p1a: Miraidon|Flying\n|move|p1a: Miraidon|Draco Meteor|p2a: Magearna\n|-immune|p2a: Magearna\n|\n|upkeep\n|turn|5\n|\n|t:|1697385872\n|switch|p1a: Zacian|Zacian-Crowned|100\/100\n|-damage|p1a: Zacian|94\/100|[from] Stealth Rock\n|-ability|p1a: Zacian|Intrepid Sword|boost\n|-boost|p1a: Zacian|atk|1\n|move|p2a: Magearna|Ice Beam|p1a: Zacian\n|-resisted|p1a: Zacian\n|-damage|p1a: Zacian|81\/100\n|\n|-fieldend|move: Electric Terrain\n|upkeep\n|turn|6\n|\n|t:|1697385881\n|move|p1a: Zacian|Behemoth Blade|p2a: Magearna\n|-damage|p2a: Magearna|23\/100\n|move|p2a: Magearna|Volt Switch|p1a: Zacian\n|-damage|p1a: Zacian|58\/100\n|\n|t:|1697385890\n|switch|p2a: Regieleki|Regieleki|100\/100|[from] Volt Switch\n|\n|upkeep\n|turn|7\n|\n|t:|1697385912\n|switch|p1a: Ursaluna|Ursaluna-Bloodmoon, M|91\/100\n|-damage|p1a: Ursaluna|85\/100|[from] Stealth Rock\n|move|p2a: Regieleki|Volt Switch|p1a: Ursaluna\n|-immune|p1a: Ursaluna\n|\n|upkeep\n|turn|8\n|\n|t:|1697385929\n|switch|p2a: Palkia|Palkia-Origin|100\/100\n|-ability|p2a: Palkia|Pressure\n|move|p1a: Ursaluna|Blood Moon|p2a: Palkia\n|-damage|p2a: Palkia|29\/100\n|\n|upkeep\n|turn|9\n|inactive|Odj1022 has 120 seconds left.\n|\n|t:|1697385947\n|move|p2a: Palkia|Hydro Pump|p1a: Ursaluna\n|-supereffective|p1a: Ursaluna\n|-damage|p1a: Ursaluna|0 fnt\n|faint|p1a: Ursaluna\n|\n|upkeep\n|\n|t:|1697385951\n|switch|p1a: Baxcalibur|Baxcalibur, F|100\/100\n|-damage|p1a: Baxcalibur|75\/100|[from] Stealth Rock\n|turn|10\n|\n|t:|1697385959\n|move|p2a: Palkia|Spacial Rend|p1a: Baxcalibur\n|-supereffective|p1a: Baxcalibur\n|-damage|p1a: Baxcalibur|0 fnt\n|faint|p1a: Baxcalibur\n|\n|upkeep\n|\n|t:|1697385964\n|switch|p1a: Zacian|Zacian-Crowned|58\/100\n|-damage|p1a: Zacian|52\/100|[from] Stealth Rock\n|turn|11\n|\n|t:|1697385971\n|switch|p2a: Pelipper|Pelipper, F|100\/100\n|-weather|RainDance|[from] ability: Drizzle|[of] p2a: Pelipper\n|move|p1a: Zacian|Play Rough|p2a: Pelipper\n|-damage|p2a: Pelipper|61\/100\n|\n|-weather|RainDance|[upkeep]\n|upkeep\n|turn|12\n|\n|t:|1697385981\n|move|p1a: Zacian|Behemoth Blade|p2a: Pelipper\n|-resisted|p2a: Pelipper\n|-damage|p2a: Pelipper|37\/100\n|move|p2a: Pelipper|U-turn|p1a: Zacian\n|-resisted|p1a: Zacian\n|-damage|p1a: Zacian|50\/100\n|\n|t:|1697385990\n|switch|p2a: Regieleki|Regieleki|100\/100|[from] U-turn\n|\n|-weather|RainDance|[upkeep]\n|upkeep\n|turn|13\n|\n|t:|1697386013\n|move|p2a: Regieleki|Thunder|p1a: Zacian\n|-damage|p1a: Zacian|0 fnt\n|faint|p1a: Zacian\n|\n|-weather|RainDance|[upkeep]\n|upkeep\n|\n|t:|1697386027\n|switch|p1a: Annihilape|Annihilape, M|100\/100\n|-damage|p1a: Annihilape|94\/100|[from] Stealth Rock\n|turn|14\n|inactive|Odj1022 has 120 seconds left.\n|\n|t:|1697386043\n|move|p2a: Regieleki|Volt Switch|p1a: Annihilape\n|-damage|p1a: Annihilape|57\/100\n|\n|t:|1697386048\n|switch|p2a: Magearna|Magearna|23\/100|[from] Volt Switch\n|move|p1a: Annihilape|U-turn|p2a: Magearna\n|-resisted|p2a: Magearna\n|-damage|p2a: Magearna|20\/100\n|\n|t:|1697386056\n|switch|p1a: Ogerpon|Ogerpon-Hearthflame, F|100\/100|[from] U-turn\n|-damage|p1a: Ogerpon|76\/100|[from] Stealth Rock\n|-ability|p1a: Ogerpon|Mold Breaker\n|\n|-weather|RainDance|[upkeep]\n|upkeep\n|turn|15\n|\n|t:|1697386065\n|move|p1a: Ogerpon|Ivy Cudgel|p2a: Magearna\n|-supereffective|p2a: Magearna\n|-damage|p2a: Magearna|0 fnt\n|faint|p2a: Magearna\n|\n|-weather|RainDance|[upkeep]\n|upkeep\n|\n|t:|1697386073\n|switch|p2a: Palafin|Palafin-Hero, M|100\/100\n|-activate|p2a: Palafin|ability: Zero to Hero\n|turn|16\n|\n|t:|1697386082\n|-terastallize|p2a: Palafin|Water\n|move|p2a: Palafin|Jet Punch|p1a: Ogerpon\n|-damage|p1a: Ogerpon|0 fnt\n|faint|p1a: Ogerpon\n|\n|-weather|RainDance|[upkeep]\n|upkeep\n|\n|t:|1697386087\n|switch|p1a: Annihilape|Annihilape, M|57\/100\n|-damage|p1a: Annihilape|50\/100|[from] Stealth Rock\n|turn|17\n|\n|t:|1697386089\n|move|p2a: Palafin|Jet Punch|p1a: Annihilape\n|-damage|p1a: Annihilape|0 fnt\n|faint|p1a: Annihilape\n|\n|-weather|RainDance|[upkeep]\n|upkeep\n|\n|t:|1697386091\n|switch|p1a: Miraidon|Miraidon, tera:Flying|88\/100\n|-damage|p1a: Miraidon|63\/100|[from] Stealth Rock\n|-fieldstart|move: Electric Terrain|[from] ability: Hadron Engine|[of] p1a: Miraidon\n|turn|18\n|c|\u2606SkyQueen420|Ggs\n|\n|t:|1697386100\n|move|p2a: Palafin|Jet Punch|p1a: Miraidon\n|-damage|p1a: Miraidon|0 fnt\n|faint|p1a: Miraidon\n|\n|win|SkyQueen420\n|raw|Odj1022's rating: 1177 &rarr; <strong>1151<\/strong><br \/>(-26 for losing)\n|raw|SkyQueen420's rating: 1170 &rarr; <strong>1196<\/strong><br \/>(+26 for winning)\n|l|\u2606Odj1022\n","uploadtime":1697386105,"views":8,"p1id":"odj1022","p2id":"skyqueen420","formatid":"gen9ubers","rating":1151,"private":0,"password":""}