{"id":"gen9ubers-1985131548","p1":"rongobongo","p2":"KirboTurbo_1289","format":"[Gen 9] Ubers","log":"|j|\u2606rongobongo\n|j|\u203dKirboTurbo_1289\n|t:|1699335515\n|gametype|singles\n|player|p1|rongobongo|169|1209\n|player|p2|KirboTurbo_1289|170|1134\n|teamsize|p1|6\n|teamsize|p2|6\n|gen|9\n|tier|[Gen 9] Ubers\n|rated|\n|rule|Sleep Clause Mod: Limit one foe put to sleep\n|rule|Species Clause: Limit one of each Pok\u00e9mon\n|rule|OHKO Clause: OHKO moves are banned\n|rule|Evasion Items Clause: Evasion items are banned\n|rule|Evasion Moves Clause: Evasion moves are banned\n|rule|Endless Battle Clause: Forcing endless battles is banned\n|rule|HP Percentage Mod: HP is shown in percentages\n|clearpoke\n|poke|p1|Miraidon|\n|poke|p1|Iron Bundle|\n|poke|p1|Zacian-*|\n|poke|p1|Dondozo, F|\n|poke|p1|Koraidon|\n|poke|p1|Roaring Moon|\n|poke|p2|Miraidon|\n|poke|p2|Grimmsnarl, M|\n|poke|p2|Koraidon|\n|poke|p2|Palafin, M|\n|poke|p2|Ditto|\n|poke|p2|Glimmora, M|\n|teampreview\n|\n|t:|1699335521\n|start\n|switch|p1a: Dondozo|Dondozo, F|100\/100\n|switch|p2a: Glimmora|Glimmora, M|100\/100\n|turn|1\n|inactive|Battle timer is ON: inactive players will automatically lose when time's up. (requested by rongobongo)\n|\n|t:|1699335527\n|move|p2a: Glimmora|Toxic Spikes|p1a: Dondozo\n|-sidestart|p1: rongobongo|move: Toxic Spikes\n|move|p1a: Dondozo|Curse|p1a: Dondozo\n|-unboost|p1a: Dondozo|spe|1\n|-boost|p1a: Dondozo|atk|1\n|-boost|p1a: Dondozo|def|1\n|\n|upkeep\n|turn|2\n|\n|t:|1699335535\n|move|p2a: Glimmora|Toxic Spikes|p1a: Dondozo\n|-sidestart|p1: rongobongo|move: Toxic Spikes\n|move|p1a: Dondozo|Wave Crash|p2a: Glimmora\n|-supereffective|p2a: Glimmora\n|-damage|p2a: Glimmora|0 fnt\n|faint|p2a: Glimmora\n|-damage|p1a: Dondozo|76\/100|[from] Recoil\n|\n|upkeep\n|\n|t:|1699335542\n|switch|p2a: Grimmsnarl|Grimmsnarl, M|100\/100\n|turn|3\n|\n|t:|1699335547\n|move|p2a: Grimmsnarl|Reflect|p2a: Grimmsnarl\n|-sidestart|p2: KirboTurbo_1289|Reflect\n|move|p1a: Dondozo|Curse|p1a: Dondozo\n|-unboost|p1a: Dondozo|spe|1\n|-boost|p1a: Dondozo|atk|1\n|-boost|p1a: Dondozo|def|1\n|\n|upkeep\n|turn|4\n|\n|t:|1699335562\n|move|p2a: Grimmsnarl|Light Screen|p2a: Grimmsnarl\n|-sidestart|p2: KirboTurbo_1289|move: Light Screen\n|move|p1a: Dondozo|Curse|p1a: Dondozo\n|-unboost|p1a: Dondozo|spe|1\n|-boost|p1a: Dondozo|atk|1\n|-boost|p1a: Dondozo|def|1\n|\n|upkeep\n|turn|5\n|\n|t:|1699335569\n|move|p2a: Grimmsnarl|Parting Shot|p1a: Dondozo\n|-unboost|p1a: Dondozo|atk|1\n|-unboost|p1a: Dondozo|spa|1\n|\n|t:|1699335575\n|switch|p2a: Miraidon|Miraidon|100\/100|[from] Parting Shot\n|-fieldstart|move: Electric Terrain|[from] ability: Hadron Engine|[of] p2a: Miraidon\n|move|p1a: Dondozo|Curse|p1a: Dondozo\n|-unboost|p1a: Dondozo|spe|1\n|-boost|p1a: Dondozo|atk|1\n|-boost|p1a: Dondozo|def|1\n|\n|upkeep\n|turn|6\n|\n|t:|1699335586\n|move|p2a: Miraidon|Agility|p2a: Miraidon\n|-boost|p2a: Miraidon|spe|2\n|move|p1a: Dondozo|Wave Crash|p2a: Miraidon\n|-resisted|p2a: Miraidon\n|-damage|p2a: Miraidon|77\/100\n|-damage|p1a: Dondozo|70\/100|[from] Recoil\n|\n|-heal|p2a: Miraidon|83\/100|[from] item: Leftovers\n|upkeep\n|turn|7\n|\n|t:|1699335601\n|move|p2a: Miraidon|Calm Mind|p2a: Miraidon\n|-boost|p2a: Miraidon|spa|1\n|-boost|p2a: Miraidon|spd|1\n|move|p1a: Dondozo|Rest||[still]\n|-activate|p1a: Dondozo|move: Electric Terrain\n|-fail|p1a: Dondozo\n|\n|-heal|p2a: Miraidon|89\/100|[from] item: Leftovers\n|-sideend|p2: KirboTurbo_1289|Reflect\n|upkeep\n|turn|8\n|\n|t:|1699335611\n|move|p2a: Miraidon|Parabolic Charge|p1a: Dondozo\n|-supereffective|p1a: Dondozo\n|-damage|p1a: Dondozo|0 fnt\n|-heal|p2a: Miraidon|100\/100|[from] drain|[of] p1a: Dondozo\n|faint|p1a: Dondozo\n|\n|-sideend|p2: KirboTurbo_1289|move: Light Screen\n|upkeep\n|\n|t:|1699335622\n|switch|p1a: Iron Bundle|Iron Bundle|100\/100\n|-activate|p1a: Iron Bundle|ability: Quark Drive\n|-start|p1a: Iron Bundle|quarkdrivespe\n|turn|9\n|\n|t:|1699335634\n|move|p2a: Miraidon|Parabolic Charge|p1a: Iron Bundle\n|-supereffective|p1a: Iron Bundle\n|-damage|p1a: Iron Bundle|0 fnt\n|faint|p1a: Iron Bundle\n|-end|p1a: Iron Bundle|Quark Drive|[silent]\n|\n|-fieldend|move: Electric Terrain\n|upkeep\n|\n|t:|1699335645\n|switch|p1a: Miraidon|Miraidon|100\/100\n|-fieldstart|move: Electric Terrain|[from] ability: Hadron Engine|[of] p1a: Miraidon\n|turn|10\n|\n|t:|1699335655\n|move|p2a: Miraidon|Dazzling Gleam|p1a: Miraidon\n|-supereffective|p1a: Miraidon\n|-damage|p1a: Miraidon|0 fnt\n|faint|p1a: Miraidon\n|\n|upkeep\n|\n|t:|1699335661\n|switch|p1a: Koraidon|Koraidon|100\/100\n|-status|p1a: Koraidon|tox\n|-weather|SunnyDay|[from] ability: Orichalcum Pulse|[of] p1a: Koraidon\n|-activate|p1a: Koraidon|Orichalcum Pulse|[source]\n|turn|11\n|\n|t:|1699335672\n|switch|p1a: Roaring Moon|Roaring Moon|100\/100\n|-status|p1a: Roaring Moon|tox\n|-activate|p1a: Roaring Moon|ability: Protosynthesis\n|-start|p1a: Roaring Moon|protosynthesisspe\n|move|p2a: Miraidon|Dazzling Gleam|p1a: Roaring Moon\n|-supereffective|p1a: Roaring Moon\n|-damage|p1a: Roaring Moon|0 fnt\n|faint|p1a: Roaring Moon\n|-end|p1a: Roaring Moon|Protosynthesis|[silent]\n|\n|-weather|SunnyDay|[upkeep]\n|upkeep\n|\n|t:|1699335685\n|switch|p1a: Koraidon|Koraidon|100\/100 tox\n|-activate|p1a: Koraidon|ability: Orichalcum Pulse\n|turn|12\n|\n|t:|1699335701\n|-terastallize|p1a: Koraidon|Steel\n|move|p2a: Miraidon|Dazzling Gleam|p1a: Koraidon\n|-resisted|p1a: Koraidon\n|-damage|p1a: Koraidon|81\/100 tox\n|move|p1a: Koraidon|Stomping Tantrum|p2a: Miraidon\n|-supereffective|p2a: Miraidon\n|-damage|p2a: Miraidon|34\/100\n|\n|-weather|SunnyDay|[upkeep]\n|-heal|p2a: Miraidon|40\/100|[from] item: Leftovers\n|-damage|p1a: Koraidon|74\/100 tox|[from] psn\n|upkeep\n|turn|13\n|\n|t:|1699335714\n|move|p2a: Miraidon|Parabolic Charge|p1a: Koraidon\n|-damage|p1a: Koraidon|4\/100 tox\n|-heal|p2a: Miraidon|69\/100|[from] drain|[of] p1a: Koraidon\n|move|p1a: Koraidon|Stomping Tantrum|p2a: Miraidon\n|-supereffective|p2a: Miraidon\n|-damage|p2a: Miraidon|6\/100\n|\n|-weather|SunnyDay|[upkeep]\n|-heal|p2a: Miraidon|12\/100|[from] item: Leftovers\n|-damage|p1a: Koraidon|0 fnt|[from] psn\n|faint|p1a: Koraidon\n|upkeep\n|\n|t:|1699335725\n|switch|p1a: Zacian|Zacian-Crowned, shiny|100\/100\n|-ability|p1a: Zacian|Intrepid Sword|boost\n|-boost|p1a: Zacian|atk|1\n|turn|14\n|\n|t:|1699335736\n|move|p2a: Miraidon|Parabolic Charge|p1a: Zacian\n|-damage|p1a: Zacian|6\/100\n|-heal|p2a: Miraidon|50\/100|[from] drain|[of] p1a: Zacian\n|move|p1a: Zacian|Sacred Sword|p2a: Miraidon\n|-damage|p2a: Miraidon|6\/100\n|\n|-weather|SunnyDay|[upkeep]\n|-heal|p2a: Miraidon|12\/100|[from] item: Leftovers\n|-fieldend|move: Electric Terrain\n|upkeep\n|turn|15\n|\n|t:|1699335750\n|move|p2a: Miraidon|Parabolic Charge|p1a: Zacian\n|-damage|p1a: Zacian|0 fnt\n|-heal|p2a: Miraidon|15\/100|[from] drain|[of] p1a: Zacian\n|faint|p1a: Zacian\n|\n|win|KirboTurbo_1289\n|raw|rongobongo's rating: 1209 &rarr; <strong>1179<\/strong><br \/>(-30 for losing)\n|raw|KirboTurbo_1289's rating: 1134 &rarr; <strong>1164<\/strong><br \/>(+30 for winning)\n","uploadtime":1699335756,"views":7,"p1id":"rongobongo","p2id":"kirboturbo1289","formatid":"gen9ubers","rating":1164,"private":0,"password":""}