{"id":"gen9ubers-1992725117","p1":"APphi.\u70bd","p2":"Anne Frankkkk","format":"[Gen 9] Ubers","log":"|j|\u2606APphi.\u70bd\n|j|\u2606Anne Frankkkk\n|t:|1700229463\n|gametype|singles\n|player|p1|APphi.\u70bd|psychicf-gen4|1335\n|player|p2|Anne Frankkkk|hilbert|1328\n|teamsize|p1|6\n|teamsize|p2|6\n|gen|9\n|tier|[Gen 9] Ubers\n|rated|\n|rule|Sleep Clause Mod: Limit one foe put to sleep\n|rule|Species Clause: Limit one of each Pok\u00e9mon\n|rule|OHKO Clause: OHKO moves are banned\n|rule|Evasion Items Clause: Evasion items are banned\n|rule|Evasion Moves Clause: Evasion moves are banned\n|rule|Endless Battle Clause: Forcing endless battles is banned\n|rule|HP Percentage Mod: HP is shown in percentages\n|clearpoke\n|poke|p1|Arceus|\n|poke|p1|Zacian-*|\n|poke|p1|Miraidon|\n|poke|p1|Regieleki|\n|poke|p1|Kyogre|\n|poke|p1|Koraidon|\n|poke|p2|Regieleki|\n|poke|p2|Kyogre|\n|poke|p2|Chien-Pao|\n|poke|p2|Ribombee, M|\n|poke|p2|Miraidon|\n|poke|p2|Flutter Mane|\n|teampreview\n|\n|t:|1700229469\n|start\n|switch|p1a: Regieleki|Regieleki|100\/100\n|switch|p2a: Moonblast|Ribombee, M, shiny|100\/100\n|turn|1\n|inactive|Battle timer is ON: inactive players will automatically lose when time's up. (requested by Anne Frankkkk)\n|\n|t:|1700229473\n|move|p1a: Regieleki|Thunderbolt|p2a: Moonblast\n|-damage|p2a: Moonblast|8\/100\n|move|p2a: Moonblast|Sticky Web|p1a: Regieleki\n|-sidestart|p1: APphi.\u70bd|move: Sticky Web\n|\n|upkeep\n|turn|2\n|\n|t:|1700229492\n|switch|p2a: Misdreavius|Flutter Mane, shiny|100\/100\n|-enditem|p2a: Misdreavius|Booster Energy\n|-activate|p2a: Misdreavius|ability: Protosynthesis|[fromitem]\n|-start|p2a: Misdreavius|protosynthesisspe\n|move|p1a: Regieleki|Rapid Spin|p2a: Misdreavius\n|-immune|p2a: Misdreavius\n|\n|upkeep\n|turn|3\n|\n|t:|1700229498\n|move|p2a: Misdreavius|Moonblast|p1a: Regieleki\n|-damage|p1a: Regieleki|6\/100\n|move|p1a: Regieleki|Thunder Cage|p2a: Misdreavius\n|-damage|p2a: Misdreavius|52\/100\n|-activate|p2a: Misdreavius|move: Thunder Cage|[of] p1a: Regieleki\n|\n|-damage|p2a: Misdreavius|40\/100|[from] move: Thunder Cage|[partiallytrapped]\n|upkeep\n|turn|4\n|\n|t:|1700229504\n|move|p2a: Misdreavius|Moonblast|p1a: Regieleki\n|-damage|p1a: Regieleki|0 fnt\n|faint|p1a: Regieleki\n|\n|-end|p2a: Misdreavius|Thunder Cage|[partiallytrapped]|[silent]\n|upkeep\n|\n|t:|1700229510\n|switch|p1a: Zacian|Zacian-Crowned|100\/100\n|-activate|p1a: Zacian|move: Sticky Web\n|-unboost|p1a: Zacian|spe|1\n|-ability|p1a: Zacian|Intrepid Sword|boost\n|-boost|p1a: Zacian|atk|1\n|turn|5\n|\n|t:|1700229519\n|move|p2a: Misdreavius|Shadow Ball|p1a: Zacian\n|-damage|p1a: Zacian|60\/100\n|move|p1a: Zacian|Trailblaze|p2a: Misdreavius\n|-crit|p2a: Misdreavius\n|-damage|p2a: Misdreavius|0 fnt\n|-boost|p1a: Zacian|spe|1\n|faint|p2a: Misdreavius\n|-end|p2a: Misdreavius|Protosynthesis|[silent]\n|\n|upkeep\n|\n|t:|1700229523\n|switch|p2a: Bzzzzt|Regieleki, shiny|100\/100\n|turn|6\n|\n|t:|1700229528\n|move|p2a: Bzzzzt|Thunderbolt|p1a: Zacian\n|-damage|p1a: Zacian|1\/100\n|move|p1a: Zacian|Trailblaze|p2a: Bzzzzt\n|-damage|p2a: Bzzzzt|41\/100\n|-boost|p1a: Zacian|spe|1\n|\n|upkeep\n|turn|7\n|\n|t:|1700229542\n|move|p1a: Zacian|Behemoth Blade|p2a: Bzzzzt\n|-resisted|p2a: Bzzzzt\n|-damage|p2a: Bzzzzt|0 fnt\n|faint|p2a: Bzzzzt\n|\n|upkeep\n|\n|t:|1700229546\n|switch|p2a: Ice Cat|Chien-Pao|100\/100\n|-ability|p2a: Ice Cat|Sword of Ruin\n|turn|8\n|\n|t:|1700229557\n|move|p2a: Ice Cat|Sucker Punch|p1a: Zacian\n|-resisted|p1a: Zacian\n|-crit|p1a: Zacian\n|-damage|p1a: Zacian|0 fnt\n|faint|p1a: Zacian\n|\n|upkeep\n|\n|t:|1700229560\n|switch|p1a: Arceus|Arceus|100\/100\n|-activate|p1a: Arceus|move: Sticky Web\n|-unboost|p1a: Arceus|spe|1\n|turn|9\n|\n|t:|1700229567\n|move|p2a: Ice Cat|Sacred Sword|p1a: Arceus\n|-supereffective|p1a: Arceus\n|-damage|p1a: Arceus|40\/100\n|move|p1a: Arceus|Swords Dance|p1a: Arceus\n|-boost|p1a: Arceus|atk|2\n|\n|-heal|p1a: Arceus|46\/100|[from] item: Leftovers\n|upkeep\n|turn|10\n|\n|t:|1700229571\n|move|p1a: Arceus|Extreme Speed|p2a: Ice Cat\n|-enditem|p2a: Ice Cat|Focus Sash\n|-damage|p2a: Ice Cat|1\/100\n|move|p2a: Ice Cat|Sacred Sword|p1a: Arceus\n|-supereffective|p1a: Arceus\n|-damage|p1a: Arceus|0 fnt\n|faint|p1a: Arceus\n|\n|upkeep\n|\n|t:|1700229580\n|switch|p1a: Kyogre|Kyogre|100\/100\n|-activate|p1a: Kyogre|move: Sticky Web\n|-unboost|p1a: Kyogre|spe|1\n|-weather|RainDance|[from] ability: Drizzle|[of] p1a: Kyogre\n|turn|11\n|\n|t:|1700229595\n|move|p2a: Ice Cat|Sucker Punch|p1a: Kyogre\n|-damage|p1a: Kyogre|47\/100\n|move|p1a: Kyogre|Origin Pulse|p2a: Ice Cat\n|-damage|p2a: Ice Cat|0 fnt\n|faint|p2a: Ice Cat\n|\n|-weather|RainDance|[upkeep]\n|upkeep\n|\n|t:|1700229602\n|switch|p2a: Cyber Lizard|Miraidon|100\/100\n|-fieldstart|move: Electric Terrain|[from] ability: Hadron Engine|[of] p2a: Cyber Lizard\n|-item|p2a: Cyber Lizard|Air Balloon\n|turn|12\n|\n|t:|1700229611\n|move|p2a: Cyber Lizard|Electro Drift|p1a: Kyogre\n|-supereffective|p1a: Kyogre\n|-damage|p1a: Kyogre|0 fnt\n|faint|p1a: Kyogre\n|\n|-weather|RainDance|[upkeep]\n|upkeep\n|\n|t:|1700229618\n|switch|p1a: Koraidon|Koraidon|100\/100\n|-activate|p1a: Koraidon|move: Sticky Web\n|-unboost|p1a: Koraidon|spe|1\n|-weather|SunnyDay|[from] ability: Orichalcum Pulse|[of] p1a: Koraidon\n|-activate|p1a: Koraidon|Orichalcum Pulse|[source]\n|turn|13\n|\n|t:|1700229623\n|-terastallize|p1a: Koraidon|Fighting\n|move|p2a: Cyber Lizard|Dragon Pulse|p1a: Koraidon\n|-damage|p1a: Koraidon|36\/100\n|move|p1a: Koraidon|Scale Shot|p2a: Cyber Lizard\n|-supereffective|p2a: Cyber Lizard\n|-damage|p2a: Cyber Lizard|61\/100\n|-enditem|p2a: Cyber Lizard|Air Balloon\n|-supereffective|p2a: Cyber Lizard\n|-damage|p2a: Cyber Lizard|28\/100\n|-supereffective|p2a: Cyber Lizard\n|-damage|p2a: Cyber Lizard|0 fnt\n|faint|p2a: Cyber Lizard\n|-hitcount|p2: Cyber Lizard|3\n|-unboost|p1a: Koraidon|def|1\n|-boost|p1a: Koraidon|spe|1\n|\n|-weather|SunnyDay|[upkeep]\n|upkeep\n|\n|t:|1700229627\n|switch|p2a: Moonblast|Ribombee, M, shiny|8\/100\n|turn|14\n|\n|t:|1700229632\n|move|p1a: Koraidon|Collision Course|p2a: Moonblast\n|-resisted|p2a: Moonblast\n|-damage|p2a: Moonblast|0 fnt\n|faint|p2a: Moonblast\n|\n|-weather|SunnyDay|[upkeep]\n|upkeep\n|\n|t:|1700229640\n|switch|p2a: OHKO|Kyogre|100\/100\n|-weather|RainDance|[from] ability: Drizzle|[of] p2a: OHKO\n|turn|15\n|\n|t:|1700229649\n|move|p1a: Koraidon|Collision Course|p2a: OHKO\n|-damage|p2a: OHKO|26\/100\n|move|p2a: OHKO|Ice Beam|p1a: Koraidon\n|-damage|p1a: Koraidon|0 fnt\n|faint|p1a: Koraidon\n|\n|-weather|RainDance|[upkeep]\n|upkeep\n|\n|t:|1700229655\n|switch|p1a: Miraidon|Miraidon|100\/100\n|-activate|p1a: Miraidon|move: Sticky Web\n|-unboost|p1a: Miraidon|spe|1\n|-activate|p1a: Miraidon|ability: Hadron Engine\n|turn|16\n|\n|t:|1700229661\n|move|p2a: OHKO|Ice Beam|p1a: Miraidon\n|-supereffective|p1a: Miraidon\n|-damage|p1a: Miraidon|24\/100\n|-status|p1a: Miraidon|frz\n|cant|p1a: Miraidon|frz\n|\n|-weather|RainDance|[upkeep]\n|-heal|p1a: Miraidon|30\/100 frz|[from] item: Leftovers\n|-fieldend|move: Electric Terrain\n|upkeep\n|turn|17\n|\n|t:|1700229666\n|move|p2a: OHKO|Ice Beam|p1a: Miraidon\n|-supereffective|p1a: Miraidon\n|-damage|p1a: Miraidon|0 fnt\n|faint|p1a: Miraidon\n|\n|win|Anne Frankkkk\n|raw|APphi.\u70bd's rating: 1335 &rarr; <strong>1316<\/strong><br \/>(-19 for losing)\n|raw|Anne Frankkkk's rating: 1349 &rarr; <strong>1368<\/strong><br \/>(+19 for winning)\n|c|\u2606APphi.\u70bd|wtf\uff1f\n","uploadtime":1700229687,"views":5,"p1id":"apphi","p2id":"annefrankkkk","formatid":"gen9ubers","rating":1316,"private":0,"password":""}