{"id":"gen9ubers-1978282221","p1":"uubers account","p2":"Kizaco","format":"[Gen 9] Ubers","log":"|j|\u2606uubers account\n|j|\u2606Kizaco\n|t:|1698520566\n|gametype|singles\n|player|p1|uubers account|2|\n|player|p2|Kizaco|101|\n|teamsize|p1|6\n|teamsize|p2|6\n|gen|9\n|tier|[Gen 9] Ubers\n|rule|Sleep Clause Mod: Limit one foe put to sleep\n|rule|Species Clause: Limit one of each Pok\u00e9mon\n|rule|OHKO Clause: OHKO moves are banned\n|rule|Evasion Items Clause: Evasion items are banned\n|rule|Evasion Moves Clause: Evasion moves are banned\n|rule|Endless Battle Clause: Forcing endless battles is banned\n|rule|HP Percentage Mod: HP is shown in percentages\n|clearpoke\n|poke|p1|Arceus-Dark|\n|poke|p1|Magearna|\n|poke|p1|Palafin, F|\n|poke|p1|Gliscor, M|\n|poke|p1|Chi-Yu|\n|poke|p1|Giratina|\n|poke|p2|Donphan, M|\n|poke|p2|Gholdengo|\n|poke|p2|Chi-Yu|\n|poke|p2|Shaymin-Sky|\n|poke|p2|Espathra, M|\n|poke|p2|Masquerain, F|\n|teampreview\n|c|\u2606Kizaco|gl hf\n|c|\u2606uubers account|U2\n|\n|t:|1698520627\n|start\n|switch|p1a: Palafin|Palafin, F|100\/100\n|switch|p2a: Masquerain|Masquerain, F|100\/100\n|-ability|p2a: Masquerain|Intimidate|boost\n|-unboost|p1a: Palafin|atk|1\n|turn|1\n|\n|t:|1698520643\n|detailschange|p1a: Palafin|Palafin-Hero, F\n|switch|p1a: Chi-Yu|Chi-Yu|100\/100\n|-ability|p1a: Chi-Yu|Beads of Ruin\n|move|p2a: Masquerain|Sticky Web|p1a: Chi-Yu\n|-sidestart|p1: uubers account|move: Sticky Web\n|\n|upkeep\n|turn|2\n|\n|t:|1698520663\n|move|p1a: Chi-Yu|Flamethrower|p2a: Masquerain\n|-supereffective|p2a: Masquerain\n|-enditem|p2a: Masquerain|Focus Sash\n|-damage|p2a: Masquerain|1\/100\n|-status|p2a: Masquerain|brn\n|move|p2a: Masquerain|Stun Spore|p1a: Chi-Yu\n|-status|p1a: Chi-Yu|par\n|\n|-damage|p2a: Masquerain|0 fnt|[from] brn\n|faint|p2a: Masquerain\n|upkeep\n|\n|t:|1698520676\n|switch|p2a: Donphan|Donphan, M|100\/100\n|turn|3\n|\n|t:|1698520697\n|switch|p1a: Gliscor|Gliscor, M|100\/100\n|move|p2a: Donphan|Knock Off|p1a: Gliscor\n|-damage|p1a: Gliscor|72\/100\n|-enditem|p1a: Gliscor|Toxic Orb|[from] move: Knock Off|[of] p2a: Donphan\n|\n|upkeep\n|turn|4\n|c|\u2606uubers account|shit\n|\n|t:|1698520713\n|move|p2a: Donphan|Ice Shard|p1a: Gliscor\n|-supereffective|p1a: Gliscor\n|-damage|p1a: Gliscor|23\/100\n|move|p1a: Gliscor|Knock Off|p2a: Donphan\n|-crit|p2a: Donphan\n|-damage|p2a: Donphan|74\/100\n|-enditem|p2a: Donphan|Assault Vest|[from] move: Knock Off|[of] p1a: Gliscor\n|\n|upkeep\n|turn|5\n|\n|t:|1698520720\n|move|p2a: Donphan|Ice Shard|p1a: Gliscor\n|-supereffective|p1a: Gliscor\n|-damage|p1a: Gliscor|0 fnt\n|faint|p1a: Gliscor\n|\n|upkeep\n|\n|t:|1698520723\n|switch|p1a: Giratina|Giratina|100\/100\n|-activate|p1a: Giratina|move: Sticky Web\n|-unboost|p1a: Giratina|spe|1\n|-ability|p1a: Giratina|Pressure\n|turn|6\n|\n|t:|1698520727\n|move|p1a: Giratina|Defog|p2a: Donphan\n|-unboost|p2a: Donphan|evasion|1\n|-sideend|p1: uubers account|Sticky Web|[from] move: Defog|[of] p1a: Giratina\n|move|p2a: Donphan|Knock Off|p1a: Giratina\n|-supereffective|p1a: Giratina\n|-damage|p1a: Giratina|63\/100\n|-enditem|p1a: Giratina|Leftovers|[from] move: Knock Off|[of] p2a: Donphan\n|\n|upkeep\n|turn|7\n|\n|t:|1698520734\n|switch|p1a: Arceus|Arceus-Dark|100\/100\n|move|p2a: Donphan|Earthquake|p1a: Arceus\n|-damage|p1a: Arceus|66\/100\n|\n|upkeep\n|turn|8\n|\n|t:|1698520752\n|switch|p2a: Shaymin|Shaymin-Sky|100\/100\n|move|p1a: Arceus|Calm Mind|p1a: Arceus\n|-boost|p1a: Arceus|spa|1\n|-boost|p1a: Arceus|spd|1\n|\n|upkeep\n|turn|9\n|\n|t:|1698520767\n|move|p2a: Shaymin|Seed Flare|p1a: Arceus\n|-damage|p1a: Arceus|39\/100\n|-unboost|p1a: Arceus|spd|2\n|move|p1a: Arceus|Recover|p1a: Arceus\n|-heal|p1a: Arceus|89\/100\n|\n|upkeep\n|turn|10\n|\n|t:|1698520779\n|switch|p1a: Magearna|Magearna|100\/100\n|move|p2a: Shaymin|Air Slash|p1a: Magearna|[miss]\n|-miss|p2a: Shaymin|p1a: Magearna\n|\n|upkeep\n|turn|11\n|\n|t:|1698520789\n|move|p2a: Shaymin|Seed Flare|p1a: Magearna\n|-resisted|p1a: Magearna\n|-damage|p1a: Magearna|75\/100\n|-unboost|p1a: Magearna|spd|2\n|move|p1a: Magearna|Thunder Wave|p2a: Shaymin\n|-status|p2a: Shaymin|par\n|\n|-heal|p1a: Magearna|81\/100|[from] item: Leftovers\n|upkeep\n|turn|12\n|\n|t:|1698520797\n|cant|p2a: Shaymin|par\n|move|p1a: Magearna|Volt Switch|p2a: Shaymin\n|-damage|p2a: Shaymin|75\/100 par\n|\n|t:|1698520803\n|switch|p1a: Arceus|Arceus-Dark|89\/100|[from] Volt Switch\n|\n|upkeep\n|turn|13\n|\n|t:|1698520810\n|move|p1a: Arceus|Judgment|p2a: Shaymin\n|-damage|p2a: Shaymin|16\/100 par\n|cant|p2a: Shaymin|par\n|\n|upkeep\n|turn|14\n|\n|t:|1698520814\n|move|p1a: Arceus|Judgment|p2a: Shaymin\n|-damage|p2a: Shaymin|0 fnt\n|faint|p2a: Shaymin\n|\n|upkeep\n|\n|t:|1698520831\n|switch|p2a: Chi-Yu|Chi-Yu|100\/100\n|-ability|p2a: Chi-Yu|Beads of Ruin\n|turn|15\n|\n|t:|1698520841\n|move|p1a: Arceus|Taunt|p2a: Chi-Yu\n|-start|p2a: Chi-Yu|move: Taunt\n|move|p2a: Chi-Yu|Flamethrower|p1a: Arceus\n|-damage|p1a: Arceus|35\/100\n|-damage|p2a: Chi-Yu|91\/100|[from] item: Life Orb\n|\n|upkeep\n|turn|16\n|\n|t:|1698520855\n|move|p1a: Arceus|Recover|p1a: Arceus\n|-heal|p1a: Arceus|86\/100\n|move|p2a: Chi-Yu|Flamethrower|p1a: Arceus\n|-damage|p1a: Arceus|29\/100\n|-damage|p2a: Chi-Yu|81\/100|[from] item: Life Orb\n|\n|upkeep\n|turn|17\n|\n|t:|1698520872\n|switch|p1a: Magearna|Magearna|81\/100\n|move|p2a: Chi-Yu|Flamethrower|p1a: Magearna\n|-supereffective|p1a: Magearna\n|-damage|p1a: Magearna|0 fnt\n|faint|p1a: Magearna\n|-damage|p2a: Chi-Yu|71\/100|[from] item: Life Orb\n|\n|-end|p2a: Chi-Yu|move: Taunt\n|upkeep\n|\n|t:|1698520876\n|switch|p1a: Palafin|Palafin-Hero, F|100\/100\n|-activate|p1a: Palafin|ability: Zero to Hero\n|turn|18\n|\n|t:|1698520881\n|switch|p2a: Donphan|Donphan, M|74\/100\n|move|p1a: Palafin|Jet Punch|p2a: Donphan\n|-supereffective|p2a: Donphan\n|-damage|p2a: Donphan|0 fnt\n|faint|p2a: Donphan\n|\n|upkeep\n|\n|t:|1698520891\n|switch|p2a: Gholdengo|Gholdengo|100\/100\n|turn|19\n|\n|t:|1698520898\n|switch|p1a: Chi-Yu|Chi-Yu|100\/100 par\n|-ability|p1a: Chi-Yu|Beads of Ruin\n|move|p2a: Gholdengo|Shadow Ball|p1a: Chi-Yu\n|-resisted|p1a: Chi-Yu\n|-crit|p1a: Chi-Yu\n|-damage|p1a: Chi-Yu|65\/100 par\n|\n|upkeep\n|turn|20\n|\n|t:|1698520905\n|switch|p2a: Chi-Yu|Chi-Yu|71\/100\n|-ability|p2a: Chi-Yu|Beads of Ruin\n|move|p1a: Chi-Yu|Dark Pulse|p2a: Chi-Yu\n|-resisted|p2a: Chi-Yu\n|-damage|p2a: Chi-Yu|43\/100\n|\n|upkeep\n|turn|21\n|\n|t:|1698520911\n|move|p2a: Chi-Yu|Nasty Plot|p2a: Chi-Yu\n|-boost|p2a: Chi-Yu|spa|2\n|move|p1a: Chi-Yu|Dark Pulse|p2a: Chi-Yu\n|-resisted|p2a: Chi-Yu\n|-damage|p2a: Chi-Yu|15\/100\n|\n|upkeep\n|turn|22\n|\n|t:|1698520914\n|move|p2a: Chi-Yu|Flamethrower|p1a: Chi-Yu\n|-resisted|p1a: Chi-Yu\n|-damage|p1a: Chi-Yu|0 fnt\n|faint|p1a: Chi-Yu\n|-damage|p2a: Chi-Yu|5\/100|[from] item: Life Orb\n|\n|upkeep\n|\n|t:|1698520919\n|switch|p1a: Palafin|Palafin-Hero, F|100\/100\n|turn|23\n|\n|t:|1698520926\n|move|p1a: Palafin|Jet Punch|p2a: Chi-Yu\n|-supereffective|p2a: Chi-Yu\n|-damage|p2a: Chi-Yu|0 fnt\n|faint|p2a: Chi-Yu\n|\n|upkeep\n|\n|t:|1698520929\n|switch|p2a: Gholdengo|Gholdengo|100\/100\n|turn|24\n|\n|t:|1698520941\n|switch|p1a: Giratina|Giratina|63\/100\n|-ability|p1a: Giratina|Pressure\n|move|p2a: Gholdengo|Shadow Ball|p1a: Giratina\n|-supereffective|p1a: Giratina\n|-damage|p1a: Giratina|27\/100\n|-unboost|p1a: Giratina|spd|1\n|\n|upkeep\n|turn|25\n|\n|t:|1698520961\n|switch|p2a: Espathra|Espathra, M|100\/100\n|move|p1a: Giratina|Hex|p2a: Espathra\n|-supereffective|p2a: Espathra\n|-damage|p2a: Espathra|26\/100\n|\n|-heal|p2a: Espathra|32\/100|[from] item: Leftovers\n|upkeep\n|turn|26\n|\n|t:|1698520971\n|move|p2a: Espathra|Dazzling Gleam|p1a: Giratina\n|-supereffective|p1a: Giratina\n|-damage|p1a: Giratina|0 fnt\n|faint|p1a: Giratina\n|\n|-heal|p2a: Espathra|38\/100|[from] item: Leftovers\n|-ability|p2a: Espathra|Speed Boost|boost\n|-boost|p2a: Espathra|spe|1\n|upkeep\n|\n|t:|1698520974\n|switch|p1a: Palafin|Palafin-Hero, F|100\/100\n|turn|27\n|\n|t:|1698520979\n|move|p1a: Palafin|Jet Punch|p2a: Espathra\n|-damage|p2a: Espathra|0 fnt\n|faint|p2a: Espathra\n|\n|upkeep\n|\n|t:|1698520983\n|switch|p2a: Gholdengo|Gholdengo|100\/100\n|turn|28\n|\n|t:|1698520987\n|-terastallize|p1a: Palafin|Water\n|move|p1a: Palafin|Jet Punch|p2a: Gholdengo\n|-damage|p2a: Gholdengo|3\/100\n|move|p2a: Gholdengo|Shadow Ball|p1a: Palafin\n|-damage|p1a: Palafin|57\/100\n|\n|upkeep\n|turn|29\n|\n|t:|1698520993\n|move|p1a: Palafin|Jet Punch|p2a: Gholdengo\n|-damage|p2a: Gholdengo|0 fnt\n|faint|p2a: Gholdengo\n|\n|win|uubers account\n|c|\u2606Kizaco|gg wp\n|c|\u2606uubers account|gg\n|l|\u2606Kizaco\n","uploadtime":1698521001,"views":13,"p1id":"uubersaccount","p2id":"kizaco","formatid":"gen9ubers","rating":0,"private":0,"password":""}