{"id":"gen9ubers-1979782501","p1":"TubeKnight","p2":"XpokVEVO","format":"[Gen 9] Ubers","log":"|j|\u2606TubeKnight\n|j|\u2606XpokVEVO\n|t:|1698712732\n|gametype|singles\n|player|p1|TubeKnight|266|\n|player|p2|XpokVEVO|mustard|\n|teamsize|p1|6\n|teamsize|p2|6\n|gen|9\n|tier|[Gen 9] Ubers\n|rule|Sleep Clause Mod: Limit one foe put to sleep\n|rule|Species Clause: Limit one of each Pok\u00e9mon\n|rule|OHKO Clause: OHKO moves are banned\n|rule|Evasion Items Clause: Evasion items are banned\n|rule|Evasion Moves Clause: Evasion moves are banned\n|rule|Endless Battle Clause: Forcing endless battles is banned\n|rule|HP Percentage Mod: HP is shown in percentages\n|clearpoke\n|poke|p1|Shaymin-Sky|\n|poke|p1|Blissey, F|\n|poke|p1|Gliscor, F|\n|poke|p1|Dondozo, M|\n|poke|p1|Giratina|\n|poke|p1|Zacian-*|\n|poke|p2|Arceus-Fire|\n|poke|p2|Cyclizar, M|\n|poke|p2|Espathra, M|\n|poke|p2|Magearna|\n|poke|p2|Zacian-*|\n|poke|p2|Roaring Moon|\n|teampreview\n|inactive|Battle timer is ON: inactive players will automatically lose when time's up. (requested by XpokVEVO)\n|c|\u2606TubeKnight|glhf\n|c|\u2606XpokVEVO|Thank you for stall\n|c|\u2606XpokVEVO|glhf\n|\n|t:|1698712760\n|start\n|switch|p1a: Gliscor|Gliscor, F, shiny|100\/100\n|switch|p2a: Akira|Cyclizar, M|100\/100\n|turn|1\n|\n|t:|1698712768\n|move|p2a: Akira|Knock Off|p1a: Gliscor\n|-damage|p1a: Gliscor|88\/100\n|-enditem|p1a: Gliscor|Toxic Orb|[from] move: Knock Off|[of] p2a: Akira\n|move|p1a: Gliscor|Knock Off|p2a: Akira\n|-damage|p2a: Akira|70\/100\n|-enditem|p2a: Akira|Heavy-Duty Boots|[from] move: Knock Off|[of] p1a: Gliscor\n|\n|upkeep\n|turn|2\n|\n|t:|1698712772\n|move|p2a: Akira|Shed Tail|p2a: Akira\n|-start|p2a: Akira|Substitute|[from] move: Shed Tail\n|-damage|p2a: Akira|20\/100\n|c|\u2606XpokVEVO|Damn\n|\n|t:|1698712783\n|switch|p2a: Roaring Peak|Roaring Moon|100\/100|[from] Shed Tail\n|-enditem|p2a: Roaring Peak|Booster Energy\n|-activate|p2a: Roaring Peak|ability: Protosynthesis|[fromitem]\n|-start|p2a: Roaring Peak|protosynthesisspe\n|move|p1a: Gliscor|Spikes|p2a: Roaring Peak\n|-sidestart|p2: XpokVEVO|Spikes\n|\n|upkeep\n|turn|3\n|\n|t:|1698712812\n|move|p2a: Roaring Peak|Dragon Dance|p2a: Roaring Peak\n|-boost|p2a: Roaring Peak|atk|1\n|-boost|p2a: Roaring Peak|spe|1\n|move|p1a: Gliscor|U-turn|p2a: Roaring Peak\n|-supereffective|p2a: Roaring Peak\n|-end|p2a: Roaring Peak|Substitute\n|\n|t:|1698712822\n|switch|p1a: Dondozo|Dondozo, M, shiny|100\/100|[from] U-turn\n|\n|upkeep\n|turn|4\n|\n|t:|1698712835\n|move|p2a: Roaring Peak|Knock Off|p1a: Dondozo\n|-damage|p1a: Dondozo|78\/100\n|-damage|p2a: Roaring Peak|84\/100|[from] item: Rocky Helmet|[of] p1a: Dondozo\n|-enditem|p1a: Dondozo|Rocky Helmet|[from] move: Knock Off|[of] p2a: Roaring Peak\n|move|p1a: Dondozo|Yawn|p2a: Roaring Peak\n|-start|p2a: Roaring Peak|move: Yawn|[of] p1a: Dondozo\n|\n|upkeep\n|turn|5\n|\n|t:|1698712859\n|-end|p2a: Roaring Peak|Protosynthesis|[silent]\n|switch|p2a: Akira|Cyclizar, M|53\/100\n|-damage|p2a: Akira|41\/100|[from] Spikes\n|move|p1a: Dondozo|Yawn|p2a: Akira\n|-start|p2a: Akira|move: Yawn|[of] p1a: Dondozo\n|\n|upkeep\n|turn|6\n|\n|t:|1698712871\n|switch|p2a: Aunt Fanny|Magearna|100\/100\n|-damage|p2a: Aunt Fanny|88\/100|[from] Spikes\n|move|p1a: Dondozo|Liquidation|p2a: Aunt Fanny\n|-damage|p2a: Aunt Fanny|59\/100\n|\n|upkeep\n|turn|7\n|\n|t:|1698712876\n|switch|p1a: Gliscor|Gliscor, F, shiny|88\/100\n|move|p2a: Aunt Fanny|Thunder Wave|p1a: Gliscor\n|-immune|p1a: Gliscor\n|\n|upkeep\n|turn|8\n|\n|t:|1698712884\n|switch|p2a: Akira|Cyclizar, M|74\/100\n|-damage|p2a: Akira|62\/100|[from] Spikes\n|move|p1a: Gliscor|Knock Off|p2a: Akira\n|-damage|p2a: Akira|42\/100\n|\n|upkeep\n|turn|9\n|\n|t:|1698712890\n|move|p2a: Akira|Rapid Spin|p1a: Gliscor\n|-damage|p1a: Gliscor|77\/100\n|-boost|p2a: Akira|spe|1\n|-sideend|p2: XpokVEVO|Spikes|[from] move: Rapid Spin|[of] p2a: Akira\n|move|p1a: Gliscor|Spikes|p2a: Akira\n|-sidestart|p2: XpokVEVO|Spikes\n|\n|upkeep\n|turn|10\n|\n|t:|1698712899\n|switch|p2a: Princess|Zacian, shiny|100\/100\n|-damage|p2a: Princess|88\/100|[from] Spikes\n|-ability|p2a: Princess|Intrepid Sword|boost\n|-boost|p2a: Princess|atk|1\n|move|p1a: Gliscor|Toxic|p2a: Princess\n|-status|p2a: Princess|tox\n|\n|-damage|p2a: Princess|82\/100 tox|[from] psn\n|upkeep\n|turn|11\n|\n|t:|1698712907\n|switch|p2a: Akira|Cyclizar, M|75\/100\n|-damage|p2a: Akira|63\/100|[from] Spikes\n|switch|p1a: Dondozo|Dondozo, M, shiny|78\/100\n|\n|upkeep\n|turn|12\n|\n|t:|1698712914\n|move|p2a: Akira|Taunt|p1a: Dondozo\n|-start|p1a: Dondozo|move: Taunt\n|move|p1a: Dondozo|Liquidation|p2a: Akira\n|-resisted|p2a: Akira\n|-damage|p2a: Akira|41\/100\n|\n|upkeep\n|turn|13\n|\n|t:|1698712925\n|switch|p1a: Gliscor|Gliscor, F, shiny|77\/100\n|move|p2a: Akira|Rapid Spin|p1a: Gliscor\n|-damage|p1a: Gliscor|66\/100\n|-boost|p2a: Akira|spe|1\n|-sideend|p2: XpokVEVO|Spikes|[from] move: Rapid Spin|[of] p2a: Akira\n|\n|upkeep\n|turn|14\n|\n|t:|1698712928\n|switch|p2a: Emu War|Espathra, M|100\/100\n|move|p1a: Gliscor|Toxic|p2a: Emu War|[miss]\n|-miss|p1a: Gliscor|p2a: Emu War\n|\n|upkeep\n|turn|15\n|\n|t:|1698712932\n|move|p2a: Emu War|Protect|p2a: Emu War\n|-singleturn|p2a: Emu War|Protect\n|move|p1a: Gliscor|Toxic|p2a: Emu War\n|-activate|p2a: Emu War|move: Protect\n|\n|-ability|p2a: Emu War|Speed Boost|boost\n|-boost|p2a: Emu War|spe|1\n|upkeep\n|turn|16\n|\n|t:|1698712956\n|switch|p2a: Princess|Zacian, shiny|82\/100 tox\n|move|p1a: Gliscor|Toxic|p2a: Princess\n|-fail|p2a: Princess|tox\n|\n|-damage|p2a: Princess|76\/100 tox|[from] psn\n|upkeep\n|turn|17\n|\n|t:|1698712964\n|switch|p1a: Dondozo|Dondozo, M, shiny|78\/100\n|move|p2a: Princess|Play Rough|p1a: Dondozo\n|-damage|p1a: Dondozo|53\/100\n|-damage|p2a: Princess|66\/100 tox|[from] item: Life Orb\n|\n|-damage|p2a: Princess|54\/100 tox|[from] psn\n|upkeep\n|turn|18\n|\n|t:|1698712969\n|switch|p2a: Akira|Cyclizar, M|75\/100\n|move|p1a: Dondozo|Liquidation|p2a: Akira\n|-resisted|p2a: Akira\n|-damage|p2a: Akira|55\/100\n|-unboost|p2a: Akira|def|1\n|\n|upkeep\n|turn|19\n|\n|t:|1698712977\n|move|p2a: Akira|Shed Tail|p2a: Akira\n|-start|p2a: Akira|Substitute|[from] move: Shed Tail\n|-damage|p2a: Akira|5\/100\n|\n|t:|1698712982\n|switch|p2a: Aunt Fanny|Magearna|59\/100|[from] Shed Tail\n|move|p1a: Dondozo|Liquidation|p2a: Aunt Fanny\n|-end|p2a: Aunt Fanny|Substitute\n|\n|upkeep\n|turn|20\n|\n|t:|1698712989\n|move|p2a: Aunt Fanny|Shift Gear|p2a: Aunt Fanny\n|-boost|p2a: Aunt Fanny|spe|2\n|-boost|p2a: Aunt Fanny|atk|1\n|move|p1a: Dondozo|Yawn|p2a: Aunt Fanny\n|-start|p2a: Aunt Fanny|move: Yawn|[of] p1a: Dondozo\n|\n|upkeep\n|turn|21\n|\n|t:|1698713017\n|switch|p2a: Princess|Zacian, shiny|54\/100 tox\n|switch|p1a: Giratina|Giratina, shiny|100\/100\n|-ability|p1a: Giratina|Pressure\n|\n|-damage|p2a: Princess|47\/100 tox|[from] psn\n|upkeep\n|turn|22\n|\n|t:|1698713022\n|move|p2a: Princess|Play Rough|p1a: Giratina\n|-supereffective|p1a: Giratina\n|-damage|p1a: Giratina|30\/100\n|-damage|p2a: Princess|37\/100 tox|[from] item: Life Orb\n|move|p1a: Giratina|Hex|p2a: Princess\n|-damage|p2a: Princess|0 fnt\n|faint|p2a: Princess\n|\n|upkeep\n|\n|t:|1698713028\n|switch|p2a: Akira|Cyclizar, M|38\/100\n|turn|23\n|\n|t:|1698713036\n|switch|p2a: Ar\u0441eus-Fighting|Arceus-Fire, shiny|100\/100\n|switch|p1a: Zacian|Zacian, shiny|100\/100\n|-ability|p1a: Zacian|Intrepid Sword|boost\n|-boost|p1a: Zacian|atk|1\n|\n|upkeep\n|turn|24\n|\n|t:|1698713041\n|move|p1a: Zacian|Swords Dance|p1a: Zacian\n|-boost|p1a: Zacian|atk|2\n|move|p2a: Ar\u0441eus-Fighting|Dragon Dance|p2a: Ar\u0441eus-Fighting\n|-boost|p2a: Ar\u0441eus-Fighting|atk|1\n|-boost|p2a: Ar\u0441eus-Fighting|spe|1\n|\n|upkeep\n|turn|25\n|\n|t:|1698713047\n|move|p2a: Ar\u0441eus-Fighting|Flare Blitz|p1a: Zacian\n|-damage|p1a: Zacian|0 fnt\n|faint|p1a: Zacian\n|-damage|p2a: Ar\u0441eus-Fighting|76\/100|[from] Recoil\n|\n|upkeep\n|\n|t:|1698713058\n|switch|p1a: Dondozo|Dondozo, M, shiny|53\/100\n|turn|26\n|\n|t:|1698713060\n|move|p1a: Dondozo|Rest|p1a: Dondozo\n|-status|p1a: Dondozo|slp|[from] move: Rest\n|-heal|p1a: Dondozo|100\/100 slp|[silent]\n|move|p2a: Ar\u0441eus-Fighting|Roar|p1a: Dondozo\n|drag|p1a: Giratina|Giratina, shiny|30\/100\n|-ability|p1a: Giratina|Pressure\n|\n|upkeep\n|turn|27\n|\n|t:|1698713070\n|-terastallize|p2a: Ar\u0441eus-Fighting|Fairy\n|move|p2a: Ar\u0441eus-Fighting|Tera Blast|p1a: Giratina|[anim] Tera Blast Fairy\n|-supereffective|p1a: Giratina\n|-damage|p1a: Giratina|0 fnt\n|faint|p1a: Giratina\n|\n|upkeep\n|\n|t:|1698713083\n|switch|p1a: Dondozo|Dondozo, M, shiny|100\/100 slp\n|turn|28\n|\n|t:|1698713085\n|move|p2a: Ar\u0441eus-Fighting|Tera Blast|p1a: Dondozo|[anim] Tera Blast Fairy\n|-damage|p1a: Dondozo|80\/100 slp\n|cant|p1a: Dondozo|slp\n|move|p1a: Dondozo|Sleep Talk|p1a: Dondozo\n|move|p1a: Dondozo|Rest||[from]move: Sleep Talk|[still]\n|-fail|p1a: Dondozo\n|\n|upkeep\n|turn|29\n|\n|t:|1698713091\n|switch|p2a: Aunt Fanny|Magearna|59\/100\n|cant|p1a: Dondozo|slp\n|move|p1a: Dondozo|Sleep Talk|p1a: Dondozo\n|move|p1a: Dondozo|Yawn|p2a: Aunt Fanny|[from]move: Sleep Talk\n|-start|p2a: Aunt Fanny|move: Yawn|[of] p1a: Dondozo\n|\n|upkeep\n|turn|30\n|\n|t:|1698713098\n|switch|p2a: Akira|Cyclizar, M|71\/100\n|-curestatus|p1a: Dondozo|slp|[msg]\n|move|p1a: Dondozo|Liquidation|p2a: Akira\n|-resisted|p2a: Akira\n|-damage|p2a: Akira|51\/100\n|\n|upkeep\n|turn|31\n|\n|t:|1698713105\n|move|p2a: Akira|Shed Tail|p2a: Akira\n|-start|p2a: Akira|Substitute|[from] move: Shed Tail\n|-damage|p2a: Akira|1\/100\n|\n|t:|1698713112\n|switch|p2a: Aunt Fanny|Magearna|59\/100|[from] Shed Tail\n|move|p1a: Dondozo|Liquidation|p2a: Aunt Fanny\n|-activate|p2a: Aunt Fanny|move: Substitute|[damage]\n|\n|upkeep\n|turn|32\n|\n|t:|1698713123\n|move|p2a: Aunt Fanny|Shift Gear|p2a: Aunt Fanny\n|-boost|p2a: Aunt Fanny|spe|2\n|-boost|p2a: Aunt Fanny|atk|1\n|move|p1a: Dondozo|Liquidation|p2a: Aunt Fanny\n|-end|p2a: Aunt Fanny|Substitute\n|\n|upkeep\n|turn|33\n|\n|t:|1698713126\n|move|p2a: Aunt Fanny|Thunder Wave|p1a: Dondozo\n|-status|p1a: Dondozo|par\n|cant|p1a: Dondozo|par\n|\n|upkeep\n|turn|34\n|\n|t:|1698713132\n|switch|p2a: Akira|Cyclizar, M|34\/100\n|cant|p1a: Dondozo|par\n|\n|upkeep\n|turn|35\n|c|\u2606TubeKnight|bruh'\n|inactive|TubeKnight has 270 seconds left.\n|\n|t:|1698713163\n|switch|p2a: Roaring Peak|Roaring Moon|84\/100\n|move|p1a: Dondozo|Yawn|p2a: Roaring Peak\n|-start|p2a: Roaring Peak|move: Yawn|[of] p1a: Dondozo\n|\n|upkeep\n|turn|36\n|\n|t:|1698713169\n|-end|p2a: Roaring Peak|Protosynthesis|[silent]\n|switch|p2a: Akira|Cyclizar, M|67\/100\n|cant|p1a: Dondozo|par\n|\n|upkeep\n|turn|37\n|inactive|TubeKnight has 270 seconds left.\n|inactive|TubeKnight has 240 seconds left.\n|\n|t:|1698713227\n|move|p2a: Akira|Taunt|p1a: Dondozo\n|-start|p1a: Dondozo|move: Taunt\n|move|p1a: Dondozo|Liquidation|p2a: Akira\n|-resisted|p2a: Akira\n|-damage|p2a: Akira|48\/100\n|-unboost|p2a: Akira|def|1\n|\n|upkeep\n|turn|38\n|inactive|TubeKnight has 240 seconds left.\n|\n|t:|1698713241\n|switch|p2a: Roaring Peak|Roaring Moon|84\/100\n|switch|p1a: Shaymin|Shaymin-Sky, shiny|100\/100\n|\n|upkeep\n|turn|39\n|\n|t:|1698713249\n|move|p1a: Shaymin|Dazzling Gleam|p2a: Roaring Peak\n|-supereffective|p2a: Roaring Peak\n|-damage|p2a: Roaring Peak|0 fnt\n|faint|p2a: Roaring Peak\n|-end|p2a: Roaring Peak|Protosynthesis|[silent]\n|\n|upkeep\n|\n|t:|1698713257\n|switch|p2a: Aunt Fanny|Magearna|59\/100\n|turn|40\n|c|\u2606TubeKnight|im so glad i run fairy coverage\n|\n|t:|1698713266\n|move|p1a: Shaymin|Leech Seed|p2a: Aunt Fanny\n|-start|p2a: Aunt Fanny|move: Leech Seed\n|move|p2a: Aunt Fanny|Fleur Cannon|p1a: Shaymin\n|-damage|p1a: Shaymin|0 fnt\n|-unboost|p2a: Aunt Fanny|spa|2\n|faint|p1a: Shaymin\n|-ability|p2a: Aunt Fanny|Soul-Heart|boost\n|-boost|p2a: Aunt Fanny|spa|1\n|\n|upkeep\n|c|\u2606TubeKnight|bruh\n|c|\u2606XpokVEVO|Yeah\n|c|\u2606XpokVEVO|Whatever\n|\n|t:|1698713278\n|switch|p1a: Blissey|Blissey, F, shiny|100\/100\n|turn|41\n|\n|t:|1698713283\n|switch|p2a: Akira|Cyclizar, M|81\/100\n|move|p1a: Blissey|Stealth Rock|p2a: Akira\n|-sidestart|p2: XpokVEVO|move: Stealth Rock\n|\n|upkeep\n|turn|42\n|\n|t:|1698713286\n|move|p2a: Akira|Rapid Spin|p1a: Blissey\n|-damage|p1a: Blissey|85\/100\n|-boost|p2a: Akira|spe|1\n|-sideend|p2: XpokVEVO|Stealth Rock|[from] move: Rapid Spin|[of] p2a: Akira\n|move|p1a: Blissey|Seismic Toss|p2a: Akira\n|-damage|p2a: Akira|52\/100\n|\n|upkeep\n|turn|43\n|\n|t:|1698713290\n|move|p2a: Akira|Shed Tail|p2a: Akira\n|-start|p2a: Akira|Substitute|[from] move: Shed Tail\n|-damage|p2a: Akira|2\/100\n|\n|t:|1698713292\n|switch|p2a: Ar\u0441eus-Fighting|Arceus-Fire, shiny, tera:Fairy|76\/100|[from] Shed Tail\n|move|p1a: Blissey|Thunder Wave||[still]\n|-fail|p1a: Blissey\n|\n|upkeep\n|turn|44\n|\n|t:|1698713298\n|switch|p1a: Dondozo|Dondozo, M, shiny|80\/100 par\n|move|p2a: Ar\u0441eus-Fighting|Dragon Dance|p2a: Ar\u0441eus-Fighting\n|-boost|p2a: Ar\u0441eus-Fighting|atk|1\n|-boost|p2a: Ar\u0441eus-Fighting|spe|1\n|\n|upkeep\n|turn|45\n|\n|t:|1698713304\n|move|p1a: Dondozo|Liquidation|p2a: Ar\u0441eus-Fighting\n|-end|p2a: Ar\u0441eus-Fighting|Substitute\n|move|p2a: Ar\u0441eus-Fighting|Roar|p1a: Dondozo\n|drag|p1a: Blissey|Blissey, F, shiny|85\/100\n|\n|upkeep\n|turn|46\n|\n|t:|1698713307\n|move|p2a: Ar\u0441eus-Fighting|Flare Blitz|p1a: Blissey\n|-damage|p1a: Blissey|0 fnt\n|faint|p1a: Blissey\n|-damage|p2a: Ar\u0441eus-Fighting|31\/100|[from] Recoil\n|\n|upkeep\n|\n|t:|1698713313\n|switch|p1a: Dondozo|Dondozo, M, shiny|80\/100 par\n|turn|47\n|\n|t:|1698713337\n|move|p1a: Dondozo|Yawn|p2a: Ar\u0441eus-Fighting\n|-start|p2a: Ar\u0441eus-Fighting|move: Yawn|[of] p1a: Dondozo\n|move|p2a: Ar\u0441eus-Fighting|Roar|p1a: Dondozo\n|drag|p1a: Gliscor|Gliscor, F, shiny|66\/100\n|\n|upkeep\n|turn|48\n|\n|t:|1698713358\n|move|p2a: Ar\u0441eus-Fighting|Flare Blitz|p1a: Gliscor\n|-damage|p1a: Gliscor|0 fnt\n|faint|p1a: Gliscor\n|-damage|p2a: Ar\u0441eus-Fighting|14\/100|[from] Recoil\n|\n|-end|p2a: Ar\u0441eus-Fighting|move: Yawn|[silent]\n|-status|p2a: Ar\u0441eus-Fighting|slp\n|upkeep\n|\n|t:|1698713360\n|switch|p1a: Dondozo|Dondozo, M, shiny|80\/100 par\n|turn|49\n|\n|t:|1698713364\n|switch|p2a: Akira|Cyclizar, M|35\/100\n|move|p1a: Dondozo|Liquidation|p2a: Akira\n|-resisted|p2a: Akira\n|-damage|p2a: Akira|14\/100\n|-unboost|p2a: Akira|def|1\n|\n|upkeep\n|turn|50\n|\n|t:|1698713368\n|switch|p2a: Aunt Fanny|Magearna|59\/100\n|cant|p1a: Dondozo|par\n|\n|upkeep\n|turn|51\n|\n|t:|1698713375\n|switch|p2a: Akira|Cyclizar, M|47\/100\n|move|p1a: Dondozo|Yawn|p2a: Akira\n|-start|p2a: Akira|move: Yawn|[of] p1a: Dondozo\n|\n|upkeep\n|turn|52\n|\n|t:|1698713379\n|switch|p2a: Ar\u0441eus-Fighting|Arceus-Fire, shiny, tera:Fairy|14\/100 slp\n|move|p1a: Dondozo|Liquidation|p2a: Ar\u0441eus-Fighting\n|-damage|p2a: Ar\u0441eus-Fighting|0 fnt\n|faint|p2a: Ar\u0441eus-Fighting\n|\n|upkeep\n|\n|t:|1698713381\n|switch|p2a: Akira|Cyclizar, M|80\/100\n|turn|53\n|\n|t:|1698713386\n|move|p2a: Akira|Taunt|p1a: Dondozo\n|-start|p1a: Dondozo|move: Taunt\n|move|p1a: Dondozo|Liquidation|p2a: Akira\n|-resisted|p2a: Akira\n|-damage|p2a: Akira|58\/100\n|\n|upkeep\n|turn|54\n|\n|t:|1698713390\n|move|p2a: Akira|Shed Tail|p2a: Akira\n|-start|p2a: Akira|Substitute|[from] move: Shed Tail\n|-damage|p2a: Akira|8\/100\n|\n|t:|1698713392\n|switch|p2a: Emu War|Espathra, M|100\/100|[from] Shed Tail\n|cant|p1a: Dondozo|par\n|\n|upkeep\n|turn|55\n|\n|t:|1698713399\n|move|p2a: Emu War|Protect|p2a: Emu War\n|-singleturn|p2a: Emu War|Protect\n|move|p1a: Dondozo|Liquidation|p2a: Emu War\n|-activate|p2a: Emu War|move: Protect\n|\n|-end|p1a: Dondozo|move: Taunt\n|-ability|p2a: Emu War|Speed Boost|boost\n|-boost|p2a: Emu War|spe|1\n|upkeep\n|turn|56\n|\n|t:|1698713403\n|move|p2a: Emu War|Calm Mind|p2a: Emu War\n|-boost|p2a: Emu War|spa|1\n|-boost|p2a: Emu War|spd|1\n|move|p1a: Dondozo|Liquidation|p2a: Emu War\n|-end|p2a: Emu War|Substitute\n|\n|-ability|p2a: Emu War|Speed Boost|boost\n|-boost|p2a: Emu War|spe|1\n|upkeep\n|turn|57\n|\n|t:|1698713409\n|move|p2a: Emu War|Protect|p2a: Emu War\n|-singleturn|p2a: Emu War|Protect\n|move|p1a: Dondozo|Liquidation|p2a: Emu War\n|-activate|p2a: Emu War|move: Protect\n|\n|-ability|p2a: Emu War|Speed Boost|boost\n|-boost|p2a: Emu War|spe|1\n|upkeep\n|turn|58\n|\n|t:|1698713411\n|move|p2a: Emu War|Calm Mind|p2a: Emu War\n|-boost|p2a: Emu War|spa|1\n|-boost|p2a: Emu War|spd|1\n|cant|p1a: Dondozo|par\n|\n|-ability|p2a: Emu War|Speed Boost|boost\n|-boost|p2a: Emu War|spe|1\n|upkeep\n|turn|59\n|\n|t:|1698713416\n|move|p2a: Emu War|Stored Power|p1a: Dondozo\n|-damage|p1a: Dondozo|0 fnt\n|faint|p1a: Dondozo\n|\n|win|XpokVEVO\n|c|\u2606TubeKnight|gg\n|c|\u2606XpokVEVO|gg\n","uploadtime":1698713422,"views":13,"p1id":"tubeknight","p2id":"xpokvevo","formatid":"gen9ubers","rating":0,"private":0,"password":""}