{"id":"gen9ubers-1968246819","p1":"MrGregger2000","p2":"PTKmoekyuun","format":"[Gen 9] Ubers","log":"|j|\u2606MrGregger2000\n|j|\u2606PTKmoekyuun\n|t:|1697398680\n|gametype|singles\n|player|p1|MrGregger2000|ballguy|\n|player|p2|PTKmoekyuun|1|\n|teamsize|p1|6\n|teamsize|p2|6\n|gen|9\n|tier|[Gen 9] Ubers\n|rule|Sleep Clause Mod: Limit one foe put to sleep\n|rule|Species Clause: Limit one of each Pok\u00e9mon\n|rule|OHKO Clause: OHKO moves are banned\n|rule|Evasion Items Clause: Evasion items are banned\n|rule|Evasion Moves Clause: Evasion moves are banned\n|rule|Endless Battle Clause: Forcing endless battles is banned\n|rule|HP Percentage Mod: HP is shown in percentages\n|clearpoke\n|poke|p1|Gholdengo|\n|poke|p1|Dugtrio, M|\n|poke|p1|Zacian-*|\n|poke|p1|Arceus-Fire|\n|poke|p1|Slowking-Galar, F|\n|poke|p1|Ogerpon-Wellspring, F|\n|poke|p2|Shaymin-Sky|\n|poke|p2|Slowking, F|\n|poke|p2|Volcarona, M|\n|poke|p2|Conkeldurr, F|\n|poke|p2|Gholdengo|\n|poke|p2|Quagsire, M|\n|teampreview\n|\n|t:|1697398695\n|start\n|switch|p1a: Ogerpon|Ogerpon-Wellspring, F|100\/100\n|switch|p2a: Shaymin|Shaymin-Sky|100\/100\n|turn|1\n|\n|t:|1697398711\n|switch|p1a: Slowking|Slowking-Galar, F|100\/100\n|move|p2a: Shaymin|Air Slash|p1a: Slowking\n|-damage|p1a: Slowking|81\/100\n|\n|upkeep\n|turn|2\n|\n|t:|1697398718\n|switch|p2a: Conkeldurr|Conkeldurr, F|100\/100\n|move|p1a: Slowking|Sludge Bomb|p2a: Conkeldurr\n|-damage|p2a: Conkeldurr|40\/100\n|\n|-status|p2a: Conkeldurr|brn|[from] item: Flame Orb\n|upkeep\n|turn|3\n|\n|t:|1697398735\n|switch|p1a: Zacian|Zacian|100\/100\n|-ability|p1a: Zacian|Intrepid Sword|boost\n|-boost|p1a: Zacian|atk|1\n|move|p2a: Conkeldurr|Knock Off|p1a: Zacian\n|-resisted|p1a: Zacian\n|-damage|p1a: Zacian|75\/100\n|-enditem|p1a: Zacian|Heavy-Duty Boots|[from] move: Knock Off|[of] p2a: Conkeldurr\n|\n|-damage|p2a: Conkeldurr|34\/100 brn|[from] brn\n|upkeep\n|turn|4\n|\n|t:|1697398745\n|switch|p2a: Quagsire|Quagsire, M|100\/100\n|move|p1a: Zacian|Swords Dance|p1a: Zacian\n|-boost|p1a: Zacian|atk|2\n|\n|upkeep\n|turn|5\n|\n|t:|1697398750\n|switch|p1a: Ogerpon|Ogerpon-Wellspring, F|100\/100\n|move|p2a: Quagsire|Spikes|p1a: Ogerpon\n|-sidestart|p1: MrGregger2000|Spikes\n|\n|upkeep\n|turn|6\n|\n|t:|1697398760\n|switch|p2a: Gholdengo|Gholdengo|100\/100\n|move|p1a: Ogerpon|Knock Off|p2a: Gholdengo\n|-supereffective|p2a: Gholdengo\n|-damage|p2a: Gholdengo|51\/100\n|-enditem|p2a: Gholdengo|Covert Cloak|[from] move: Knock Off|[of] p1a: Ogerpon\n|\n|upkeep\n|turn|7\n|\n|t:|1697398770\n|move|p1a: Ogerpon|Knock Off|p2a: Gholdengo\n|-supereffective|p2a: Gholdengo\n|-damage|p2a: Gholdengo|14\/100\n|move|p2a: Gholdengo|Recover|p2a: Gholdengo\n|-heal|p2a: Gholdengo|64\/100\n|\n|upkeep\n|turn|8\n|\n|t:|1697398775\n|switch|p1a: Dugtrio|Dugtrio, M|100\/100\n|-damage|p1a: Dugtrio|88\/100|[from] Spikes\n|move|p2a: Gholdengo|Thunder Wave|p1a: Dugtrio\n|-immune|p1a: Dugtrio\n|\n|upkeep\n|turn|9\n|\n|t:|1697398778\n|switch|p2a: Shaymin|Shaymin-Sky|100\/100\n|move|p1a: Dugtrio|Earthquake|p2a: Shaymin\n|-immune|p2a: Shaymin\n|\n|upkeep\n|turn|10\n|\n|t:|1697398785\n|switch|p1a: Slowking|Slowking-Galar, F|100\/100\n|-damage|p1a: Slowking|88\/100|[from] Spikes\n|move|p2a: Shaymin|Seed Flare|p1a: Slowking\n|-resisted|p1a: Slowking\n|-damage|p1a: Slowking|72\/100\n|-unboost|p1a: Slowking|spd|2\n|\n|upkeep\n|turn|11\n|\n|t:|1697398793\n|move|p2a: Shaymin|Earth Power|p1a: Slowking\n|-supereffective|p1a: Slowking\n|-damage|p1a: Slowking|4\/100\n|-unboost|p1a: Slowking|spd|1\n|move|p1a: Slowking|Future Sight|p2a: Shaymin\n|-start|p1a: Slowking|move: Future Sight\n|\n|upkeep\n|turn|12\n|\n|t:|1697398817\n|move|p2a: Shaymin|Seed Flare|p1a: Slowking|[miss]\n|-miss|p2a: Shaymin|p1a: Slowking\n|move|p1a: Slowking|Sludge Bomb|p2a: Shaymin\n|-supereffective|p2a: Shaymin\n|-damage|p2a: Shaymin|0 fnt\n|faint|p2a: Shaymin\n|\n|upkeep\n|\n|t:|1697398825\n|switch|p2a: Gholdengo|Gholdengo|64\/100\n|turn|13\n|\n|t:|1697398837\n|switch|p1a: Ogerpon|Ogerpon-Wellspring, F|100\/100\n|-damage|p1a: Ogerpon|88\/100|[from] Spikes\n|move|p2a: Gholdengo|Hex|p1a: Ogerpon\n|-damage|p1a: Ogerpon|54\/100\n|\n|-end|p2a: Gholdengo|move: Future Sight\n|-resisted|p2a: Gholdengo\n|-damage|p2a: Gholdengo|34\/100\n|upkeep\n|turn|14\n|\n|t:|1697398857\n|switch|p2a: Quagsire|Quagsire, M|100\/100\n|move|p1a: Ogerpon|Ivy Cudgel|p2a: Quagsire\n|-crit|p2a: Quagsire\n|-damage|p2a: Quagsire|42\/100\n|\n|-heal|p2a: Quagsire|48\/100|[from] item: Leftovers\n|upkeep\n|turn|15\n|\n|t:|1697398866\n|switch|p2a: Volcarona|Volcarona, M|100\/100\n|move|p1a: Ogerpon|Wood Hammer|p2a: Volcarona\n|-resisted|p2a: Volcarona\n|-damage|p2a: Volcarona|78\/100\n|-damage|p1a: Ogerpon|45\/100|[from] Recoil\n|\n|upkeep\n|turn|16\n|\n|t:|1697398899\n|-terastallize|p2a: Volcarona|Ice\n|move|p1a: Ogerpon|Ivy Cudgel|p2a: Volcarona\n|-damage|p2a: Volcarona|1\/100\n|move|p2a: Volcarona|Quiver Dance|p2a: Volcarona\n|-boost|p2a: Volcarona|spa|1\n|-boost|p2a: Volcarona|spd|1\n|-boost|p2a: Volcarona|spe|1\n|\n|upkeep\n|turn|17\n|\n|t:|1697398910\n|switch|p1a: Slowking|Slowking-Galar, F|37\/100\n|-damage|p1a: Slowking|25\/100|[from] Spikes\n|move|p2a: Volcarona|Tera Blast|p1a: Slowking|[anim] Tera Blast Ice\n|-damage|p1a: Slowking|0 fnt\n|faint|p1a: Slowking\n|\n|upkeep\n|\n|t:|1697398912\n|switch|p1a: Dugtrio|Dugtrio, M|88\/100\n|-damage|p1a: Dugtrio|76\/100|[from] Spikes\n|turn|18\n|\n|t:|1697398916\n|move|p1a: Dugtrio|Sucker Punch||[still]\n|-fail|p1a: Dugtrio\n|move|p2a: Volcarona|Quiver Dance|p2a: Volcarona\n|-boost|p2a: Volcarona|spa|1\n|-boost|p2a: Volcarona|spd|1\n|-boost|p2a: Volcarona|spe|1\n|\n|upkeep\n|turn|19\n|\n|t:|1697398918\n|move|p1a: Dugtrio|Sucker Punch||[still]\n|-fail|p1a: Dugtrio\n|move|p2a: Volcarona|Quiver Dance|p2a: Volcarona\n|-boost|p2a: Volcarona|spa|1\n|-boost|p2a: Volcarona|spd|1\n|-boost|p2a: Volcarona|spe|1\n|\n|upkeep\n|turn|20\n|\n|t:|1697398920\n|move|p1a: Dugtrio|Sucker Punch||[still]\n|-fail|p1a: Dugtrio\n|move|p2a: Volcarona|Quiver Dance|p2a: Volcarona\n|-boost|p2a: Volcarona|spa|1\n|-boost|p2a: Volcarona|spd|1\n|-boost|p2a: Volcarona|spe|1\n|\n|upkeep\n|turn|21\n|\n|t:|1697398922\n|move|p1a: Dugtrio|Sucker Punch||[still]\n|-fail|p1a: Dugtrio\n|move|p2a: Volcarona|Quiver Dance|p2a: Volcarona\n|-boost|p2a: Volcarona|spa|1\n|-boost|p2a: Volcarona|spd|1\n|-boost|p2a: Volcarona|spe|1\n|\n|upkeep\n|turn|22\n|\n|t:|1697398925\n|move|p1a: Dugtrio|Sucker Punch||[still]\n|-fail|p1a: Dugtrio\n|move|p2a: Volcarona|Quiver Dance|p2a: Volcarona\n|-boost|p2a: Volcarona|spa|1\n|-boost|p2a: Volcarona|spd|1\n|-boost|p2a: Volcarona|spe|1\n|\n|upkeep\n|turn|23\n|\n|t:|1697398929\n|move|p1a: Dugtrio|Sucker Punch||[still]\n|-fail|p1a: Dugtrio\n|move|p2a: Volcarona|Quiver Dance|p2a: Volcarona\n|-boost|p2a: Volcarona|spa|0\n|-boost|p2a: Volcarona|spd|0\n|-boost|p2a: Volcarona|spe|0\n|\n|upkeep\n|turn|24\n|\n|t:|1697398938\n|move|p1a: Dugtrio|Sucker Punch||[still]\n|-fail|p1a: Dugtrio\n|move|p2a: Volcarona|Quiver Dance|p2a: Volcarona\n|-boost|p2a: Volcarona|spa|0\n|-boost|p2a: Volcarona|spd|0\n|-boost|p2a: Volcarona|spe|0\n|\n|upkeep\n|turn|25\n|\n|t:|1697398940\n|move|p1a: Dugtrio|Sucker Punch||[still]\n|-fail|p1a: Dugtrio\n|move|p2a: Volcarona|Quiver Dance|p2a: Volcarona\n|-boost|p2a: Volcarona|spa|0\n|-boost|p2a: Volcarona|spd|0\n|-boost|p2a: Volcarona|spe|0\n|\n|upkeep\n|turn|26\n|\n|t:|1697398943\n|move|p2a: Volcarona|Tera Blast|p1a: Dugtrio|[anim] Tera Blast Ice\n|-supereffective|p1a: Dugtrio\n|-damage|p1a: Dugtrio|0 fnt\n|faint|p1a: Dugtrio\n|\n|upkeep\n|\n|t:|1697398947\n|switch|p1a: Arceus|Arceus-Fire|100\/100\n|-damage|p1a: Arceus|88\/100|[from] Spikes\n|turn|27\n|\n|t:|1697398955\n|move|p1a: Arceus|Extreme Speed|p2a: Volcarona\n|-damage|p2a: Volcarona|0 fnt\n|faint|p2a: Volcarona\n|\n|upkeep\n|\n|t:|1697398957\n|switch|p2a: Quagsire|Quagsire, M|48\/100\n|turn|28\n|\n|t:|1697398961\n|switch|p1a: Ogerpon|Ogerpon-Wellspring, F|45\/100\n|-damage|p1a: Ogerpon|32\/100|[from] Spikes\n|move|p2a: Quagsire|Recover|p2a: Quagsire\n|-heal|p2a: Quagsire|98\/100\n|\n|-heal|p2a: Quagsire|100\/100|[from] item: Leftovers\n|upkeep\n|turn|29\n|\n|t:|1697398978\n|switch|p2a: Slowking|Slowking, F|100\/100\n|move|p1a: Ogerpon|Leech Seed|p2a: Slowking\n|-start|p2a: Slowking|move: Leech Seed\n|\n|-damage|p2a: Slowking|88\/100|[from] Leech Seed|[of] p1a: Ogerpon\n|-heal|p1a: Ogerpon|49\/100|[silent]\n|upkeep\n|turn|30\n|\n|t:|1697398987\n|move|p1a: Ogerpon|Knock Off|p2a: Slowking\n|-supereffective|p2a: Slowking\n|-damage|p2a: Slowking|12\/100\n|-enditem|p2a: Slowking|Heavy-Duty Boots|[from] move: Knock Off|[of] p1a: Ogerpon\n|move|p2a: Slowking|Chilly Reception|p2a: Slowking\n|-weather|Snow\n|\n|t:|1697398991\n|switch|p2a: Conkeldurr|Conkeldurr, F|34\/100 brn|[from] Chilly Reception\n|\n|-weather|Snow|[upkeep]\n|-damage|p2a: Conkeldurr|28\/100 brn|[from] brn\n|upkeep\n|turn|31\n|\n|t:|1697398997\n|switch|p1a: Gholdengo|Gholdengo|100\/100\n|-item|p1a: Gholdengo|Air Balloon\n|move|p2a: Conkeldurr|Mach Punch|p1a: Gholdengo\n|-immune|p1a: Gholdengo\n|\n|-weather|Snow|[upkeep]\n|-damage|p2a: Conkeldurr|22\/100 brn|[from] brn\n|upkeep\n|turn|32\n|\n|t:|1697399011\n|switch|p2a: Slowking|Slowking, F|45\/100\n|move|p1a: Gholdengo|Shadow Ball|p2a: Slowking\n|-supereffective|p2a: Slowking\n|-damage|p2a: Slowking|1\/100\n|\n|-weather|Snow|[upkeep]\n|upkeep\n|turn|33\n|\n|t:|1697399018\n|move|p1a: Gholdengo|Shadow Ball|p2a: Slowking\n|-supereffective|p2a: Slowking\n|-damage|p2a: Slowking|0 fnt\n|faint|p2a: Slowking\n|\n|-weather|Snow|[upkeep]\n|upkeep\n|\n|t:|1697399030\n|switch|p2a: Quagsire|Quagsire, M|100\/100\n|turn|34\n|\n|t:|1697399034\n|switch|p1a: Ogerpon|Ogerpon-Wellspring, F|49\/100\n|-damage|p1a: Ogerpon|36\/100|[from] Spikes\n|move|p2a: Quagsire|Surf|p1a: Ogerpon\n|-heal|p1a: Ogerpon|61\/100|[from] ability: Water Absorb|[of] p2a: Quagsire\n|\n|-weather|none\n|upkeep\n|turn|35\n|\n|t:|1697399039\n|switch|p2a: Conkeldurr|Conkeldurr, F|22\/100 brn\n|move|p1a: Ogerpon|Wood Hammer|p2a: Conkeldurr\n|-damage|p2a: Conkeldurr|0 fnt\n|faint|p2a: Conkeldurr\n|-damage|p1a: Ogerpon|53\/100|[from] Recoil\n|\n|upkeep\n|\n|t:|1697399041\n|switch|p2a: Gholdengo|Gholdengo|34\/100\n|turn|36\n|c|\u2606MrGregger2000|gg\n|\n|t:|1697399043\n|-terastallize|p1a: Ogerpon|Water\n|detailschange|p1a: Ogerpon|Ogerpon-Wellspring-Tera, F, tera:Water\n|-ability|p1a: Ogerpon|Embody Aspect (Wellspring)|boost\n|-boost|p1a: Ogerpon|spd|1\n|move|p1a: Ogerpon|Ivy Cudgel|p2a: Gholdengo\n|-damage|p2a: Gholdengo|0 fnt\n|faint|p2a: Gholdengo\n|\n|upkeep\n|-message|PTKmoekyuun forfeited.\n|\n|win|MrGregger2000\n","uploadtime":1697399054,"views":25,"p1id":"mrgregger2000","p2id":"ptkmoekyuun","formatid":"gen9ubers","rating":0,"private":0,"password":""}