{"id":"gen9ubers-1986674899","p1":"heatranberg","p2":"Mr. Kessler","format":"[Gen 9] Ubers","log":"|j|\u2606heatranberg\n|j|\u2606Mr. Kessler\n|t:|1699505913\n|gametype|singles\n|player|p1|heatranberg|skyla-masters|\n|player|p2|Mr. Kessler|gambler|\n|teamsize|p1|6\n|teamsize|p2|6\n|gen|9\n|tier|[Gen 9] Ubers\n|rule|Sleep Clause Mod: Limit one foe put to sleep\n|rule|Species Clause: Limit one of each Pok\u00e9mon\n|rule|OHKO Clause: OHKO moves are banned\n|rule|Evasion Items Clause: Evasion items are banned\n|rule|Evasion Moves Clause: Evasion moves are banned\n|rule|Endless Battle Clause: Forcing endless battles is banned\n|rule|HP Percentage Mod: HP is shown in percentages\n|clearpoke\n|poke|p1|Palafin, M|\n|poke|p1|Ribombee, M|\n|poke|p1|Gholdengo|\n|poke|p1|Great Tusk|\n|poke|p1|Azumarill, F|\n|poke|p1|Thundurus-Therian, M|\n|poke|p2|Palafin, M|\n|poke|p2|Dragapult, M|\n|poke|p2|Torkoal, M|\n|poke|p2|Walking Wake|\n|poke|p2|Lilligant-Hisui, F|\n|poke|p2|Clefable, M|\n|teampreview\n|inactive|Battle timer is ON: inactive players will automatically lose when time's up. (requested by Mr. Kessler)\n|j| Dragon Master Rosa\n|\n|t:|1699505932\n|start\n|switch|p1a: Rewind|Azumarill, F|100\/100\n|switch|p2a: Torkoal|Torkoal, M|100\/100\n|-weather|SunnyDay|[from] ability: Drought|[of] p2a: Torkoal\n|turn|1\n|\n|t:|1699505939\n|switch|p1a: Gold Digger|Gholdengo|100\/100\n|-item|p1a: Gold Digger|Air Balloon\n|move|p2a: Torkoal|Stealth Rock|p1a: Gold Digger\n|-sidestart|p1: heatranberg|move: Stealth Rock\n|\n|-weather|SunnyDay|[upkeep]\n|upkeep\n|turn|2\n|\n|t:|1699505947\n|move|p1a: Gold Digger|Nasty Plot|p1a: Gold Digger\n|-boost|p1a: Gold Digger|spa|2\n|move|p2a: Torkoal|Flare Blitz|p1a: Gold Digger\n|-supereffective|p1a: Gold Digger\n|-damage|p1a: Gold Digger|0 fnt\n|-enditem|p1a: Gold Digger|Air Balloon\n|faint|p1a: Gold Digger\n|-damage|p2a: Torkoal|70\/100|[from] Recoil\n|\n|-weather|SunnyDay|[upkeep]\n|upkeep\n|c|\u2606heatranberg|diabolical set\n|\n|t:|1699505954\n|switch|p1a: Himbo Jimbo|Great Tusk|100\/100\n|-damage|p1a: Himbo Jimbo|98\/100|[from] Stealth Rock\n|-activate|p1a: Himbo Jimbo|ability: Protosynthesis\n|-start|p1a: Himbo Jimbo|protosynthesisatk\n|turn|3\n|\n|t:|1699505966\n|switch|p2a: Dragapult|Dragapult, M|100\/100\n|move|p1a: Himbo Jimbo|Headlong Rush|p2a: Dragapult\n|-damage|p2a: Dragapult|0 fnt\n|-unboost|p1a: Himbo Jimbo|def|1\n|-unboost|p1a: Himbo Jimbo|spd|1\n|faint|p2a: Dragapult\n|\n|-weather|SunnyDay|[upkeep]\n|upkeep\n|\n|t:|1699505971\n|switch|p2a: Lilligant|Lilligant-Hisui, F|100\/100\n|turn|4\n|\n|t:|1699505980\n|-end|p1a: Himbo Jimbo|Protosynthesis|[silent]\n|switch|p1a: lmao|Ribombee, M|100\/100\n|-damage|p1a: lmao|76\/100|[from] Stealth Rock\n|move|p2a: Lilligant|Leaf Blade|p1a: lmao\n|-resisted|p1a: lmao\n|-damage|p1a: lmao|29\/100\n|-enditem|p1a: lmao|Eject Button\n|-damage|p2a: Lilligant|91\/100|[from] item: Life Orb\n|\n|t:|1699505985\n|switch|p1a: Himbo Jimbo|Great Tusk|98\/100\n|-damage|p1a: Himbo Jimbo|95\/100|[from] Stealth Rock\n|-activate|p1a: Himbo Jimbo|ability: Protosynthesis\n|-start|p1a: Himbo Jimbo|protosynthesisatk\n|\n|-weather|SunnyDay|[upkeep]\n|upkeep\n|turn|5\n|\n|t:|1699505991\n|-terastallize|p2a: Lilligant|Grass\n|-terastallize|p1a: Himbo Jimbo|Fire\n|move|p2a: Lilligant|Leaf Blade|p1a: Himbo Jimbo\n|-resisted|p1a: Himbo Jimbo\n|-damage|p1a: Himbo Jimbo|64\/100\n|-damage|p2a: Lilligant|81\/100|[from] item: Life Orb\n|move|p1a: Himbo Jimbo|Rapid Spin|p2a: Lilligant\n|-damage|p2a: Lilligant|46\/100\n|-boost|p1a: Himbo Jimbo|spe|1\n|-sideend|p1: heatranberg|Stealth Rock|[from] move: Rapid Spin|[of] p1a: Himbo Jimbo\n|\n|-weather|SunnyDay|[upkeep]\n|upkeep\n|turn|6\n|c|\u2606Mr. Kessler|grrrr\n|\n|t:|1699506006\n|move|p2a: Lilligant|Close Combat|p1a: Himbo Jimbo\n|-damage|p1a: Himbo Jimbo|4\/100\n|-unboost|p2a: Lilligant|def|1\n|-unboost|p2a: Lilligant|spd|1\n|-damage|p2a: Lilligant|36\/100|[from] item: Life Orb\n|move|p1a: Himbo Jimbo|Rapid Spin|p2a: Lilligant\n|-damage|p2a: Lilligant|0 fnt\n|-boost|p1a: Himbo Jimbo|spe|1\n|faint|p2a: Lilligant\n|\n|-weather|SunnyDay|[upkeep]\n|upkeep\n|\n|t:|1699506012\n|switch|p2a: Palafin|Palafin, M|100\/100\n|turn|7\n|\n|t:|1699506019\n|-end|p1a: Himbo Jimbo|Protosynthesis|[silent]\n|switch|p1a: The World|Palafin, M|100\/100\n|move|p2a: Palafin|Jet Punch|p1a: The World\n|-resisted|p1a: The World\n|-damage|p1a: The World|91\/100\n|\n|-weather|SunnyDay|[upkeep]\n|upkeep\n|turn|8\n|\n|t:|1699506028\n|detailschange|p1a: The World|Palafin-Hero, M\n|switch|p1a: lmao|Ribombee, M|29\/100\n|detailschange|p2a: Palafin|Palafin-Hero, M\n|switch|p2a: Clefable|Clefable, M|100\/100\n|\n|-weather|none\n|upkeep\n|turn|9\n|\n|t:|1699506035\n|move|p1a: lmao|Stun Spore|p2a: Clefable\n|-status|p2a: Clefable|par\n|move|p2a: Clefable|Moonlight|p2a: Clefable\n|-fail|p2a: Clefable|heal\n|\n|upkeep\n|turn|10\n|\n|t:|1699506039\n|switch|p2a: Torkoal|Torkoal, M|70\/100\n|-weather|SunnyDay|[from] ability: Drought|[of] p2a: Torkoal\n|move|p1a: lmao|Sticky Web|p2a: Torkoal\n|-sidestart|p2: Mr. Kessler|move: Sticky Web\n|\n|-weather|SunnyDay|[upkeep]\n|upkeep\n|turn|11\n|\n|t:|1699506045\n|move|p1a: lmao|Stun Spore|p2a: Torkoal|[miss]\n|-miss|p1a: lmao|p2a: Torkoal\n|move|p2a: Torkoal|Rapid Spin|p1a: lmao\n|-damage|p1a: lmao|6\/100\n|-boost|p2a: Torkoal|spe|1\n|-sideend|p2: Mr. Kessler|Sticky Web|[from] move: Rapid Spin|[of] p2a: Torkoal\n|\n|-weather|SunnyDay|[upkeep]\n|upkeep\n|turn|12\n|\n|t:|1699506051\n|move|p1a: lmao|Trick|p2a: Torkoal\n|-activate|p1a: lmao|move: Trick|[of] p2a: Torkoal\n|-enditem|p2a: Torkoal|Heat Rock|[silent]|[from] move: Trick\n|-item|p1a: lmao|Heat Rock|[from] move: Trick\n|move|p2a: Torkoal|Stealth Rock|p1a: lmao\n|-sidestart|p1: heatranberg|move: Stealth Rock\n|\n|-weather|SunnyDay|[upkeep]\n|upkeep\n|turn|13\n|c| Dragon Master Rosa|why tf did i put pult here\n|\n|t:|1699506058\n|move|p1a: lmao|Stun Spore|p2a: Torkoal\n|-status|p2a: Torkoal|par\n|move|p2a: Torkoal|Rapid Spin|p1a: lmao\n|-damage|p1a: lmao|0 fnt\n|-boost|p2a: Torkoal|spe|1\n|faint|p1a: lmao\n|\n|-weather|SunnyDay|[upkeep]\n|upkeep\n|\n|t:|1699506072\n|switch|p1a: Rewind|Azumarill, F|100\/100\n|-damage|p1a: Rewind|88\/100|[from] Stealth Rock\n|turn|14\n|\n|t:|1699506081\n|switch|p2a: Clefable|Clefable, M|100\/100 par\n|move|p1a: Rewind|Liquidation|p2a: Clefable\n|-damage|p2a: Clefable|72\/100 par\n|\n|-weather|SunnyDay|[upkeep]\n|-heal|p2a: Clefable|78\/100 par|[from] item: Leftovers\n|upkeep\n|turn|15\n|\n|t:|1699506094\n|switch|p1a: Himbo Jimbo|Great Tusk, tera:Fire|4\/100\n|-damage|p1a: Himbo Jimbo|0 fnt|[from] Stealth Rock\n|faint|p1a: Himbo Jimbo\n|-end|p1a: Himbo Jimbo|Protosynthesis|[silent]\n|move|p2a: Clefable|Moonlight|p2a: Clefable\n|-heal|p2a: Clefable|100\/100 par\n|\n|-weather|SunnyDay|[upkeep]\n|upkeep\n|\n|t:|1699506096\n|switch|p1a: Dr. Nefario|Thundurus-Therian, M|100\/100\n|-damage|p1a: Dr. Nefario|76\/100|[from] Stealth Rock\n|turn|16\n|c|\u2606Mr. Kessler|the read GRAHHHH\n|\n|t:|1699506103\n|move|p1a: Dr. Nefario|Thunderbolt|p2a: Clefable\n|-damage|p2a: Clefable|50\/100 par\n|cant|p2a: Clefable|par\n|\n|-weather|SunnyDay|[upkeep]\n|-heal|p2a: Clefable|56\/100 par|[from] item: Leftovers\n|upkeep\n|turn|17\n|c|\u2606Mr. Kessler|man\n|c|\u2606Mr. Kessler|cmon clef\n|\n|t:|1699506119\n|move|p1a: Dr. Nefario|Nasty Plot|p1a: Dr. Nefario\n|-boost|p1a: Dr. Nefario|spa|2\n|move|p2a: Clefable|Moonlight|p2a: Clefable\n|-heal|p2a: Clefable|100\/100 par\n|\n|-weather|none\n|upkeep\n|turn|18\n|\n|t:|1699506122\n|move|p1a: Dr. Nefario|Thunderbolt|p2a: Clefable\n|-damage|p2a: Clefable|0 fnt\n|faint|p2a: Clefable\n|\n|upkeep\n|\n|t:|1699506125\n|switch|p2a: Torkoal|Torkoal, M|70\/100 par\n|-weather|SunnyDay|[from] ability: Drought|[of] p2a: Torkoal\n|turn|19\n|\n|t:|1699506130\n|move|p1a: Dr. Nefario|Thunderbolt|p2a: Torkoal\n|-damage|p2a: Torkoal|0 fnt\n|faint|p2a: Torkoal\n|\n|-weather|SunnyDay|[upkeep]\n|upkeep\n|\n|t:|1699506132\n|switch|p2a: Walking Wake|Walking Wake|100\/100\n|-activate|p2a: Walking Wake|ability: Protosynthesis\n|-start|p2a: Walking Wake|protosynthesisspa\n|turn|20\n|\n|t:|1699506138\n|move|p2a: Walking Wake|Hydro Steam|p1a: Dr. Nefario\n|-damage|p1a: Dr. Nefario|0 fnt\n|faint|p1a: Dr. Nefario\n|\n|-weather|SunnyDay|[upkeep]\n|upkeep\n|\n|t:|1699506140\n|switch|p1a: Rewind|Azumarill, F|88\/100\n|-damage|p1a: Rewind|76\/100|[from] Stealth Rock\n|turn|21\n|\n|t:|1699506143\n|move|p2a: Walking Wake|Hydro Steam|p1a: Rewind\n|-resisted|p1a: Rewind\n|-damage|p1a: Rewind|1\/100\n|-enditem|p1a: Rewind|Sitrus Berry|[eat]\n|-heal|p1a: Rewind|26\/100|[from] item: Sitrus Berry\n|move|p1a: Rewind|Play Rough|p2a: Walking Wake\n|-supereffective|p2a: Walking Wake\n|-damage|p2a: Walking Wake|0 fnt\n|faint|p2a: Walking Wake\n|-end|p2a: Walking Wake|Protosynthesis|[silent]\n|\n|-weather|SunnyDay|[upkeep]\n|upkeep\n|\n|t:|1699506148\n|switch|p2a: Palafin|Palafin-Hero, M|100\/100\n|-activate|p2a: Palafin|ability: Zero to Hero\n|turn|22\n|\n|t:|1699506152\n|move|p2a: Palafin|Wave Crash|p1a: Rewind\n|-resisted|p1a: Rewind\n|-damage|p1a: Rewind|0 fnt\n|faint|p1a: Rewind\n|-damage|p2a: Palafin|92\/100|[from] Recoil\n|\n|-weather|SunnyDay|[upkeep]\n|upkeep\n|\n|t:|1699506155\n|switch|p1a: The World|Palafin-Hero, M|91\/100\n|-damage|p1a: The World|79\/100|[from] Stealth Rock\n|-activate|p1a: The World|ability: Zero to Hero\n|turn|23\n|\n|t:|1699506160\n|move|p1a: The World|Boomburst|p2a: Palafin\n|-damage|p2a: Palafin|22\/100\n|move|p2a: Palafin|Wave Crash|p1a: The World\n|-resisted|p1a: The World\n|-damage|p1a: The World|51\/100\n|-damage|p2a: Palafin|13\/100|[from] Recoil\n|\n|-weather|none\n|upkeep\n|turn|24\n|\n|t:|1699506163\n|move|p2a: Palafin|Wave Crash|p1a: The World\n|-resisted|p1a: The World\n|-damage|p1a: The World|0 fnt\n|faint|p1a: The World\n|-damage|p2a: Palafin|0 fnt|[from] Recoil\n|faint|p2a: Palafin\n|\n|win|Mr. Kessler\n|c|\u2606heatranberg|GRRRR\n|c|\u2606Mr. Kessler|LMAO\n","uploadtime":1699506173,"views":36,"p1id":"heatranberg","p2id":"mrkessler","formatid":"gen9ubers","rating":0,"private":0,"password":""}