{"id":"gen9ubers-1994491757","p1":"ilikeeatingcrayons","p2":"babynogalXD","format":"[Gen 9] Ubers","log":"|j|\u2606ilikeeatingcrayons\n|j|\u2606babynogalXD\n|t:|1700450198\n|gametype|singles\n|player|p1|ilikeeatingcrayons|youngster-gen4dp|\n|player|p2|babynogalXD|ethan|\n|teamsize|p1|6\n|teamsize|p2|6\n|gen|9\n|tier|[Gen 9] Ubers\n|rule|Sleep Clause Mod: Limit one foe put to sleep\n|rule|Species Clause: Limit one of each Pok\u00e9mon\n|rule|OHKO Clause: OHKO moves are banned\n|rule|Evasion Items Clause: Evasion items are banned\n|rule|Evasion Moves Clause: Evasion moves are banned\n|rule|Endless Battle Clause: Forcing endless battles is banned\n|rule|HP Percentage Mod: HP is shown in percentages\n|clearpoke\n|poke|p1|Masquerain, M|\n|poke|p1|Zacian-*|\n|poke|p1|Landorus, M|\n|poke|p1|Chi-Yu|\n|poke|p1|Spectrier|\n|poke|p1|Arceus-Fire|\n|poke|p2|Zamazenta-*|\n|poke|p2|Baxcalibur, M|\n|poke|p2|Zacian-*|\n|poke|p2|Arceus-Ice|\n|poke|p2|Dragapult, M|\n|poke|p2|Volcarona, F|\n|teampreview\n|inactive|Battle timer is ON: inactive players will automatically lose when time's up. (requested by ilikeeatingcrayons)\n|inactive|babynogalXD has 270 seconds left.\n|\n|t:|1700450232\n|start\n|switch|p1a: Masquerain|Masquerain, M|100\/100\n|switch|p2a: Baxcalibur|Baxcalibur, M|100\/100\n|-ability|p1a: Masquerain|Intimidate|boost\n|-unboost|p2a: Baxcalibur|atk|1\n|turn|1\n|\n|t:|1700450238\n|move|p1a: Masquerain|Sticky Web|p2a: Baxcalibur\n|-sidestart|p2: babynogalXD|move: Sticky Web\n|move|p2a: Baxcalibur|Swords Dance|p2a: Baxcalibur\n|-boost|p2a: Baxcalibur|atk|2\n|\n|upkeep\n|turn|2\n|\n|t:|1700450242\n|move|p1a: Masquerain|Stun Spore|p2a: Baxcalibur|[miss]\n|-miss|p1a: Masquerain|p2a: Baxcalibur\n|move|p2a: Baxcalibur|Scale Shot|p1a: Masquerain|[miss]\n|-miss|p2a: Baxcalibur|p1a: Masquerain\n|\n|upkeep\n|turn|3\n|\n|t:|1700450245\n|move|p2a: Baxcalibur|Scale Shot|p1a: Masquerain\n|-damage|p1a: Masquerain|66\/100\n|-damage|p1a: Masquerain|31\/100\n|-damage|p1a: Masquerain|0 fnt\n|faint|p1a: Masquerain\n|-hitcount|p1: Masquerain|3\n|-unboost|p2a: Baxcalibur|def|1\n|-boost|p2a: Baxcalibur|spe|1\n|\n|upkeep\n|inactive|ilikeeatingcrayons has 270 seconds left.\n|\n|t:|1700450285\n|switch|p1a: Arceus|Arceus-Fire|100\/100\n|turn|4\n|\n|t:|1700450311\n|-terastallize|p1a: Arceus|Normal\n|move|p1a: Arceus|Extreme Speed|p2a: Baxcalibur\n|-crit|p2a: Baxcalibur\n|-damage|p2a: Baxcalibur|10\/100\n|move|p2a: Baxcalibur|Earthquake|p1a: Arceus\n|-damage|p1a: Arceus|60\/100\n|\n|upkeep\n|turn|5\n|\n|t:|1700450316\n|move|p1a: Arceus|Extreme Speed|p2a: Baxcalibur\n|-damage|p2a: Baxcalibur|0 fnt\n|faint|p2a: Baxcalibur\n|\n|upkeep\n|\n|t:|1700450326\n|switch|p2a: Zamazenta|Zamazenta|100\/100\n|-activate|p2a: Zamazenta|move: Sticky Web\n|-unboost|p2a: Zamazenta|spe|1\n|-ability|p2a: Zamazenta|Dauntless Shield|boost\n|-boost|p2a: Zamazenta|def|1\n|turn|6\n|\n|t:|1700450332\n|switch|p1a: Spectrier|Spectrier|100\/100\n|move|p2a: Zamazenta|Iron Defense|p2a: Zamazenta\n|-boost|p2a: Zamazenta|def|2\n|\n|upkeep\n|turn|7\n|\n|t:|1700450337\n|move|p1a: Spectrier|Substitute|p1a: Spectrier\n|-start|p1a: Spectrier|Substitute\n|-damage|p1a: Spectrier|75\/100\n|move|p2a: Zamazenta|Crunch|p1a: Spectrier\n|-supereffective|p1a: Spectrier\n|-end|p1a: Spectrier|Substitute\n|\n|-heal|p1a: Spectrier|82\/100|[from] item: Leftovers\n|upkeep\n|turn|8\n|\n|t:|1700450352\n|move|p1a: Spectrier|Shadow Ball|p2a: Zamazenta\n|-damage|p2a: Zamazenta|70\/100\n|move|p2a: Zamazenta|Crunch|p1a: Spectrier\n|-supereffective|p1a: Spectrier\n|-damage|p1a: Spectrier|40\/100\n|\n|-heal|p1a: Spectrier|46\/100|[from] item: Leftovers\n|upkeep\n|turn|9\n|\n|t:|1700450357\n|move|p1a: Spectrier|Shadow Ball|p2a: Zamazenta\n|-damage|p2a: Zamazenta|36\/100\n|-unboost|p2a: Zamazenta|spd|1\n|move|p2a: Zamazenta|Crunch|p1a: Spectrier\n|-supereffective|p1a: Spectrier\n|-damage|p1a: Spectrier|5\/100\n|\n|-heal|p1a: Spectrier|11\/100|[from] item: Leftovers\n|upkeep\n|turn|10\n|\n|t:|1700450374\n|move|p1a: Spectrier|Shadow Ball|p2a: Zamazenta\n|-damage|p2a: Zamazenta|0 fnt\n|faint|p2a: Zamazenta\n|-ability|p1a: Spectrier|Grim Neigh|boost\n|-boost|p1a: Spectrier|spa|1\n|\n|-heal|p1a: Spectrier|18\/100|[from] item: Leftovers\n|upkeep\n|\n|t:|1700450396\n|switch|p2a: Arceus|Arceus-Ice|100\/100\n|-activate|p2a: Arceus|move: Sticky Web\n|-unboost|p2a: Arceus|spe|1\n|turn|11\n|\n|t:|1700450399\n|move|p1a: Spectrier|Shadow Ball|p2a: Arceus\n|-damage|p2a: Arceus|60\/100\n|move|p2a: Arceus|Judgment|p1a: Spectrier\n|-damage|p1a: Spectrier|0 fnt\n|faint|p1a: Spectrier\n|\n|upkeep\n|\n|t:|1700450410\n|switch|p1a: Arceus|Arceus-Fire, tera:Normal|60\/100\n|turn|12\n|\n|t:|1700450412\n|move|p1a: Arceus|Flare Blitz|p2a: Arceus\n|-supereffective|p2a: Arceus\n|-damage|p2a: Arceus|0 fnt\n|faint|p2a: Arceus\n|-damage|p1a: Arceus|43\/100|[from] Recoil\n|\n|upkeep\n|\n|t:|1700450414\n|switch|p2a: Dragapult|Dragapult, M|100\/100\n|-activate|p2a: Dragapult|move: Sticky Web\n|-unboost|p2a: Dragapult|spe|1\n|turn|13\n|\n|t:|1700450418\n|move|p2a: Dragapult|Reflect|p2a: Dragapult\n|-sidestart|p2: babynogalXD|Reflect\n|move|p1a: Arceus|Flare Blitz|p2a: Dragapult\n|-resisted|p2a: Dragapult\n|-damage|p2a: Dragapult|79\/100\n|-damage|p1a: Arceus|37\/100|[from] Recoil\n|\n|upkeep\n|turn|14\n|\n|t:|1700450422\n|move|p2a: Dragapult|Dragon Darts|p1a: Arceus\n|-damage|p1a: Arceus|23\/100\n|-anim|p2a: Dragapult|Dragon Darts|p1a: Arceus\n|-damage|p1a: Arceus|10\/100\n|move|p1a: Arceus|Recover|p1a: Arceus\n|-heal|p1a: Arceus|60\/100\n|\n|upkeep\n|turn|15\n|\n|t:|1700450425\n|move|p2a: Dragapult|Curse|p1a: Arceus\n|-start|p1a: Arceus|Curse|[of] p2a: Dragapult\n|-damage|p2a: Dragapult|29\/100\n|move|p1a: Arceus|Recover|p1a: Arceus\n|-heal|p1a: Arceus|100\/100\n|\n|-damage|p1a: Arceus|75\/100|[from] Curse\n|upkeep\n|turn|16\n|\n|t:|1700450435\n|move|p2a: Dragapult|Light Screen|p2a: Dragapult\n|-sidestart|p2: babynogalXD|move: Light Screen\n|move|p1a: Arceus|Swords Dance|p1a: Arceus\n|-boost|p1a: Arceus|atk|2\n|\n|-damage|p1a: Arceus|50\/100|[from] Curse\n|upkeep\n|turn|17\n|\n|t:|1700450438\n|move|p2a: Dragapult|Dragon Darts|p1a: Arceus\n|-damage|p1a: Arceus|36\/100\n|-anim|p2a: Dragapult|Dragon Darts|p1a: Arceus\n|-damage|p1a: Arceus|22\/100\n|move|p1a: Arceus|Recover|p1a: Arceus\n|-heal|p1a: Arceus|72\/100\n|\n|-damage|p1a: Arceus|47\/100|[from] Curse\n|upkeep\n|turn|18\n|\n|t:|1700450441\n|move|p2a: Dragapult|Dragon Darts|p1a: Arceus\n|-damage|p1a: Arceus|33\/100\n|-anim|p2a: Dragapult|Dragon Darts|p1a: Arceus\n|-damage|p1a: Arceus|20\/100\n|move|p1a: Arceus|Recover|p1a: Arceus\n|-heal|p1a: Arceus|70\/100\n|\n|-damage|p1a: Arceus|45\/100|[from] Curse\n|upkeep\n|turn|19\n|\n|t:|1700450445\n|move|p2a: Dragapult|Dragon Darts|p1a: Arceus\n|-damage|p1a: Arceus|30\/100\n|-anim|p2a: Dragapult|Dragon Darts|p1a: Arceus\n|-damage|p1a: Arceus|16\/100\n|move|p1a: Arceus|Recover|p1a: Arceus\n|-heal|p1a: Arceus|66\/100\n|\n|-damage|p1a: Arceus|41\/100|[from] Curse\n|upkeep\n|turn|20\n|\n|t:|1700450448\n|move|p2a: Dragapult|Dragon Darts|p1a: Arceus\n|-damage|p1a: Arceus|27\/100\n|-anim|p2a: Dragapult|Dragon Darts|p1a: Arceus\n|-damage|p1a: Arceus|14\/100\n|move|p1a: Arceus|Flare Blitz|p2a: Dragapult\n|-resisted|p2a: Dragapult\n|-damage|p2a: Dragapult|0 fnt\n|faint|p2a: Dragapult\n|-damage|p1a: Arceus|5\/100|[from] Recoil\n|\n|-damage|p1a: Arceus|0 fnt|[from] Curse\n|faint|p1a: Arceus\n|-sideend|p2: babynogalXD|Reflect\n|upkeep\n|\n|t:|1700450456\n|switch|p2a: Volcarona|Volcarona, F|100\/100\n|switch|p1a: Chi-Yu|Chi-Yu|100\/100\n|-ability|p1a: Chi-Yu|Beads of Ruin\n|turn|21\n|\n|t:|1700450459\n|move|p1a: Chi-Yu|Overheat|p2a: Volcarona\n|-damage|p2a: Volcarona|57\/100\n|-unboost|p1a: Chi-Yu|spa|2\n|move|p2a: Volcarona|Quiver Dance|p2a: Volcarona\n|-boost|p2a: Volcarona|spa|1\n|-boost|p2a: Volcarona|spd|1\n|-boost|p2a: Volcarona|spe|1\n|\n|upkeep\n|turn|22\n|\n|t:|1700450462\n|move|p2a: Volcarona|Quiver Dance|p2a: Volcarona\n|-boost|p2a: Volcarona|spa|1\n|-boost|p2a: Volcarona|spd|1\n|-boost|p2a: Volcarona|spe|1\n|move|p1a: Chi-Yu|Memento|p2a: Volcarona\n|-unboost|p2a: Volcarona|atk|2\n|-unboost|p2a: Volcarona|spa|2\n|faint|p1a: Chi-Yu\n|\n|upkeep\n|\n|t:|1700450466\n|switch|p1a: Zacian|Zacian|100\/100\n|-ability|p1a: Zacian|Intrepid Sword|boost\n|-boost|p1a: Zacian|atk|1\n|turn|23\n|\n|t:|1700450471\n|move|p2a: Volcarona|Fiery Dance|p1a: Zacian\n|-damage|p1a: Zacian|66\/100\n|move|p1a: Zacian|Play Rough|p2a: Volcarona\n|-resisted|p2a: Volcarona\n|-damage|p2a: Volcarona|23\/100\n|-status|p1a: Zacian|brn|[from] ability: Flame Body|[of] p2a: Volcarona\n|\n|-damage|p1a: Zacian|60\/100 brn|[from] brn\n|-sideend|p2: babynogalXD|move: Light Screen\n|upkeep\n|turn|24\n|\n|t:|1700450475\n|move|p2a: Volcarona|Morning Sun|p2a: Volcarona\n|-heal|p2a: Volcarona|73\/100\n|move|p1a: Zacian|Play Rough|p2a: Volcarona\n|-resisted|p2a: Volcarona\n|-damage|p2a: Volcarona|57\/100\n|\n|-damage|p1a: Zacian|54\/100 brn|[from] brn\n|upkeep\n|turn|25\n|\n|t:|1700450480\n|move|p2a: Volcarona|Fiery Dance|p1a: Zacian\n|-damage|p1a: Zacian|20\/100 brn\n|move|p1a: Zacian|Play Rough|p2a: Volcarona\n|-resisted|p2a: Volcarona\n|-damage|p2a: Volcarona|41\/100\n|\n|-damage|p1a: Zacian|13\/100 brn|[from] brn\n|upkeep\n|turn|26\n|\n|t:|1700450483\n|move|p2a: Volcarona|Morning Sun|p2a: Volcarona\n|-heal|p2a: Volcarona|91\/100\n|move|p1a: Zacian|Play Rough|p2a: Volcarona\n|-resisted|p2a: Volcarona\n|-crit|p2a: Volcarona\n|-damage|p2a: Volcarona|68\/100\n|\n|-damage|p1a: Zacian|7\/100 brn|[from] brn\n|upkeep\n|turn|27\n|\n|t:|1700450485\n|move|p2a: Volcarona|Quiver Dance|p2a: Volcarona\n|-boost|p2a: Volcarona|spa|1\n|-boost|p2a: Volcarona|spd|1\n|-boost|p2a: Volcarona|spe|1\n|move|p1a: Zacian|Play Rough|p2a: Volcarona\n|-resisted|p2a: Volcarona\n|-damage|p2a: Volcarona|52\/100\n|\n|-damage|p1a: Zacian|1\/100 brn|[from] brn\n|upkeep\n|turn|28\n|\n|t:|1700450488\n|move|p2a: Volcarona|Morning Sun|p2a: Volcarona\n|-heal|p2a: Volcarona|100\/100\n|move|p1a: Zacian|Play Rough|p2a: Volcarona\n|-resisted|p2a: Volcarona\n|-damage|p2a: Volcarona|83\/100\n|\n|-damage|p1a: Zacian|0 fnt|[from] brn\n|faint|p1a: Zacian\n|upkeep\n|\n|t:|1700450489\n|switch|p1a: Landorus|Landorus, M|100\/100\n|turn|29\n|\n|t:|1700450491\n|move|p2a: Volcarona|Fiery Dance|p1a: Landorus\n|-damage|p1a: Landorus|37\/100\n|-boost|p2a: Volcarona|spa|1\n|move|p1a: Landorus|Earth Power|p2a: Volcarona\n|-damage|p2a: Volcarona|57\/100\n|\n|upkeep\n|turn|30\n|\n|t:|1700450493\n|move|p2a: Volcarona|Fiery Dance|p1a: Landorus\n|-damage|p1a: Landorus|0 fnt\n|faint|p1a: Landorus\n|\n|win|babynogalXD\n|c|\u2606ilikeeatingcrayons|gg\n|c|\u2606babynogalXD|Gg\n|c|\u2606ilikeeatingcrayons|you wanna upload the replay?\n","uploadtime":1700450537,"views":12,"p1id":"ilikeeatingcrayons","p2id":"babynogalxd","formatid":"gen9ubers","rating":0,"private":0,"password":""}