{"id":"gen9ubers-1974679339","p1":"AlicieLizzie","p2":"qewt","format":"[Gen 9] Ubers","log":"|j|\u2606AlicieLizzie\n|j|\u2606qewt\n|t:|1698109715\n|gametype|singles\n|player|p1|AlicieLizzie|marnie-masters3|\n|player|p2|qewt|furisodegirl-black|\n|teamsize|p1|6\n|teamsize|p2|6\n|gen|9\n|tier|[Gen 9] Ubers\n|rule|Sleep Clause Mod: Limit one foe put to sleep\n|rule|Species Clause: Limit one of each Pok\u00e9mon\n|rule|OHKO Clause: OHKO moves are banned\n|rule|Evasion Items Clause: Evasion items are banned\n|rule|Evasion Moves Clause: Evasion moves are banned\n|rule|Endless Battle Clause: Forcing endless battles is banned\n|rule|HP Percentage Mod: HP is shown in percentages\n|clearpoke\n|poke|p1|Cyclizar, F|\n|poke|p1|Kommo-o, F|\n|poke|p1|Slowking-Galar, F|\n|poke|p1|Shaymin-Sky|\n|poke|p1|Gholdengo|\n|poke|p1|Zacian-*|\n|poke|p2|Zacian-*|\n|poke|p2|Arceus-Poison|\n|poke|p2|Magearna|\n|poke|p2|Palkia-Origin|\n|poke|p2|Cyclizar, F|\n|poke|p2|Gliscor, F|\n|teampreview\n|inactive|Battle timer is ON: inactive players will automatically lose when time's up. (requested by AlicieLizzie)\n|\n|t:|1698109725\n|start\n|switch|p1a: It's a Shayme|Shaymin-Sky|100\/100\n|switch|p2a: Gliscor|Gliscor, F|100\/100\n|turn|1\n|\n|t:|1698109731\n|move|p2a: Gliscor|Protect|p2a: Gliscor\n|-singleturn|p2a: Gliscor|Protect\n|move|p1a: It's a Shayme|Substitute|p1a: It's a Shayme\n|-start|p1a: It's a Shayme|Substitute\n|-damage|p1a: It's a Shayme|76\/100\n|\n|-status|p2a: Gliscor|tox|[from] item: Toxic Orb\n|upkeep\n|turn|2\n|\n|t:|1698109744\n|switch|p2a: Magearna|Magearna|100\/100\n|move|p1a: It's a Shayme|Leech Seed|p2a: Magearna\n|-start|p2a: Magearna|move: Leech Seed\n|\n|-damage|p2a: Magearna|88\/100|[from] Leech Seed|[of] p1a: It's a Shayme\n|-heal|p1a: It's a Shayme|87\/100|[silent]\n|upkeep\n|turn|3\n|\n|t:|1698109748\n|move|p1a: It's a Shayme|Seed Flare|p2a: Magearna\n|-resisted|p2a: Magearna\n|-damage|p2a: Magearna|66\/100\n|-unboost|p2a: Magearna|spd|2\n|move|p2a: Magearna|Volt Switch|p1a: It's a Shayme\n|-activate|p1a: It's a Shayme|move: Substitute|[damage]\n|\n|t:|1698109758\n|switch|p2a: Palkia|Palkia-Origin, shiny|100\/100|[from] Volt Switch\n|-ability|p2a: Palkia|Pressure\n|\n|upkeep\n|turn|4\n|\n|t:|1698109761\n|move|p1a: It's a Shayme|Seed Flare|p2a: Palkia\n|-damage|p2a: Palkia|56\/100\n|move|p2a: Palkia|Spacial Rend|p1a: It's a Shayme\n|-end|p1a: It's a Shayme|Substitute\n|\n|upkeep\n|turn|5\n|\n|t:|1698109770\n|move|p1a: It's a Shayme|Air Slash|p2a: Palkia\n|-damage|p2a: Palkia|25\/100\n|cant|p2a: Palkia|flinch\n|\n|upkeep\n|turn|6\n|\n|t:|1698109774\n|move|p1a: It's a Shayme|Air Slash|p2a: Palkia\n|-damage|p2a: Palkia|0 fnt\n|faint|p2a: Palkia\n|\n|upkeep\n|\n|t:|1698109778\n|switch|p2a: Zacian|Zacian|100\/100\n|-ability|p2a: Zacian|Intrepid Sword|boost\n|-boost|p2a: Zacian|atk|1\n|turn|7\n|\n|t:|1698109783\n|switch|p1a: Spiffy as Silver|Gholdengo|100\/100\n|-terastallize|p2a: Zacian|Fire\n|move|p2a: Zacian|Tera Blast|p1a: Spiffy as Silver|[anim] Tera Blast Fire\n|-supereffective|p1a: Spiffy as Silver\n|-damage|p1a: Spiffy as Silver|0 fnt\n|faint|p1a: Spiffy as Silver\n|-damage|p2a: Zacian|91\/100|[from] item: Life Orb\n|\n|upkeep\n|c|\u2606AlicieLizzie|the read was wrong <\/3\n|\n|t:|1698109806\n|switch|p1a: Glowstone King|Slowking-Galar, F|100\/100\n|turn|8\n|\n|t:|1698109817\n|switch|p2a: Gliscor|Gliscor, F|100\/100 tox\n|move|p1a: Glowstone King|Toxic|p2a: Gliscor\n|-fail|p2a: Gliscor|tox\n|\n|upkeep\n|turn|9\n|\n|t:|1698109825\n|switch|p1a: It's a Shayme|Shaymin-Sky|87\/100\n|move|p2a: Gliscor|Stealth Rock|p1a: It's a Shayme\n|-sidestart|p1: AlicieLizzie|move: Stealth Rock\n|\n|upkeep\n|turn|10\n|\n|t:|1698109832\n|switch|p2a: Magearna|Magearna|66\/100\n|move|p1a: It's a Shayme|Seed Flare|p2a: Magearna\n|-resisted|p2a: Magearna\n|-damage|p2a: Magearna|45\/100\n|-unboost|p2a: Magearna|spd|2\n|\n|-heal|p2a: Magearna|51\/100|[from] item: Leftovers\n|upkeep\n|turn|11\n|\n|t:|1698109841\n|move|p1a: It's a Shayme|Seed Flare|p2a: Magearna\n|-resisted|p2a: Magearna\n|-damage|p2a: Magearna|9\/100\n|-unboost|p2a: Magearna|spd|2\n|move|p2a: Magearna|Fleur Cannon|p1a: It's a Shayme\n|-damage|p1a: It's a Shayme|26\/100\n|-unboost|p2a: Magearna|spa|2\n|\n|-heal|p2a: Magearna|15\/100|[from] item: Leftovers\n|upkeep\n|turn|12\n|\n|t:|1698109847\n|switch|p2a: Zacian|Zacian, tera:Fire|91\/100\n|move|p1a: It's a Shayme|Air Slash|p2a: Zacian\n|-damage|p2a: Zacian|60\/100\n|\n|upkeep\n|turn|13\n|\n|t:|1698109855\n|switch|p1a: Glowstone King|Slowking-Galar, F|100\/100\n|-damage|p1a: Glowstone King|88\/100|[from] Stealth Rock\n|move|p2a: Zacian|Play Rough|p1a: Glowstone King\n|-resisted|p1a: Glowstone King\n|-damage|p1a: Glowstone King|60\/100\n|-damage|p2a: Zacian|50\/100|[from] item: Life Orb\n|\n|upkeep\n|turn|14\n|\n|t:|1698109863\n|switch|p2a: Arceus|Arceus-Poison, shiny|100\/100\n|move|p1a: Glowstone King|Slack Off|p1a: Glowstone King\n|-heal|p1a: Glowstone King|100\/100\n|\n|upkeep\n|turn|15\n|\n|t:|1698109869\n|switch|p1a: Cycle Dryer|Cyclizar, F|100\/100\n|move|p2a: Arceus|Cosmic Power|p2a: Arceus\n|-boost|p2a: Arceus|def|1\n|-boost|p2a: Arceus|spd|1\n|\n|upkeep\n|turn|16\n|\n|t:|1698109876\n|move|p1a: Cycle Dryer|Taunt|p2a: Arceus\n|-start|p2a: Arceus|move: Taunt\n|move|p2a: Arceus|Stored Power|p1a: Cycle Dryer\n|-crit|p1a: Cycle Dryer\n|-damage|p1a: Cycle Dryer|68\/100\n|\n|upkeep\n|turn|17\n|\n|t:|1698109882\n|move|p1a: Cycle Dryer|Rapid Spin|p2a: Arceus\n|-damage|p2a: Arceus|95\/100\n|-boost|p1a: Cycle Dryer|spe|1\n|-sideend|p1: AlicieLizzie|Stealth Rock|[from] move: Rapid Spin|[of] p1a: Cycle Dryer\n|move|p2a: Arceus|Body Press|p1a: Cycle Dryer\n|-supereffective|p1a: Cycle Dryer\n|-crit|p1a: Cycle Dryer\n|-damage|p1a: Cycle Dryer|0 fnt\n|faint|p1a: Cycle Dryer\n|\n|upkeep\n|\n|t:|1698109910\n|switch|p1a: It's a Shayme|Shaymin-Sky|26\/100\n|turn|18\n|\n|t:|1698109914\n|move|p1a: It's a Shayme|Air Slash|p2a: Arceus\n|-damage|p2a: Arceus|82\/100\n|cant|p2a: Arceus|flinch\n|\n|-end|p2a: Arceus|move: Taunt\n|upkeep\n|turn|19\n|\n|t:|1698109919\n|move|p1a: It's a Shayme|Air Slash|p2a: Arceus\n|-damage|p2a: Arceus|69\/100\n|move|p2a: Arceus|Body Press|p1a: It's a Shayme\n|-resisted|p1a: It's a Shayme\n|-crit|p1a: It's a Shayme\n|-damage|p1a: It's a Shayme|0 fnt\n|faint|p1a: It's a Shayme\n|\n|upkeep\n|\n|t:|1698109925\n|switch|p1a: Kommo-OH NO|Kommo-o, F|100\/100\n|turn|20\n|\n|t:|1698109932\n|move|p1a: Kommo-OH NO|Clangorous Soul|p1a: Kommo-OH NO\n|-boost|p1a: Kommo-OH NO|atk|1\n|-boost|p1a: Kommo-OH NO|def|1\n|-boost|p1a: Kommo-OH NO|spa|1\n|-boost|p1a: Kommo-OH NO|spd|1\n|-boost|p1a: Kommo-OH NO|spe|1\n|-damage|p1a: Kommo-OH NO|68\/100\n|-enditem|p1a: Kommo-OH NO|Throat Spray\n|-boost|p1a: Kommo-OH NO|spa|1|[from] item: Throat Spray\n|move|p2a: Arceus|Cosmic Power|p2a: Arceus\n|-boost|p2a: Arceus|def|1\n|-boost|p2a: Arceus|spd|1\n|\n|upkeep\n|turn|21\n|\n|t:|1698109943\n|move|p1a: Kommo-OH NO|Clanging Scales|p2a: Arceus\n|-damage|p2a: Arceus|37\/100\n|-unboost|p1a: Kommo-OH NO|def|1\n|move|p2a: Arceus|Stored Power|p1a: Kommo-OH NO\n|-supereffective|p1a: Kommo-OH NO\n|-damage|p1a: Kommo-OH NO|24\/100\n|\n|upkeep\n|turn|22\n|\n|t:|1698109950\n|-terastallize|p1a: Kommo-OH NO|Normal\n|move|p1a: Kommo-OH NO|Boomburst|p2a: Arceus\n|-damage|p2a: Arceus|0 fnt\n|faint|p2a: Arceus\n|\n|upkeep\n|inactive|qewt has 270 seconds left.\n|\n|t:|1698109994\n|switch|p2a: Gliscor|Gliscor, F|100\/100 tox\n|turn|23\n|\n|t:|1698109997\n|move|p2a: Gliscor|Protect|p2a: Gliscor\n|-singleturn|p2a: Gliscor|Protect\n|move|p1a: Kommo-OH NO|Boomburst|p2a: Gliscor\n|-activate|p2a: Gliscor|move: Protect\n|\n|upkeep\n|turn|24\n|\n|t:|1698110000\n|move|p1a: Kommo-OH NO|Boomburst|p2a: Gliscor\n|-damage|p2a: Gliscor|0 fnt\n|faint|p2a: Gliscor\n|\n|upkeep\n|\n|t:|1698110003\n|switch|p2a: Cyclizar|Cyclizar, F|100\/100\n|turn|25\n|\n|t:|1698110008\n|move|p1a: Kommo-OH NO|Aura Sphere|p2a: Cyclizar\n|-supereffective|p2a: Cyclizar\n|-damage|p2a: Cyclizar|0 fnt\n|faint|p2a: Cyclizar\n|\n|upkeep\n|\n|t:|1698110010\n|switch|p2a: Zacian|Zacian, tera:Fire|50\/100\n|turn|26\n|\n|t:|1698110014\n|move|p1a: Kommo-OH NO|Boomburst|p2a: Zacian\n|-damage|p2a: Zacian|0 fnt\n|faint|p2a: Zacian\n|\n|upkeep\n|\n|t:|1698110019\n|switch|p2a: Magearna|Magearna|15\/100\n|turn|27\n|\n|t:|1698110020\n|move|p1a: Kommo-OH NO|Boomburst|p2a: Magearna\n|-resisted|p2a: Magearna\n|-damage|p2a: Magearna|0 fnt\n|faint|p2a: Magearna\n|\n|win|AlicieLizzie\n|c|\u2606qewt|gg\n|c|\u2606AlicieLizzie|gg\n|l|\u2606AlicieLizzie\n|c|\u2606qewt|i keep losing'\n|c|\u2606qewt|to\n|j|\u2606AlicieLizzie\n|player|p1|AlicieLizzie|marnie-masters3\n","uploadtime":1698110032,"views":16,"p1id":"alicielizzie","p2id":"qewt","formatid":"gen9ubers","rating":0,"private":0,"password":""}