{"id":"gen9ubers-1992816909","p1":"yuramas","p2":"IDaHAN","format":"[Gen 9] Ubers","log":"|j|\u2606yuramas\n|j|\u2606IDaHAN\n|t:|1700237996\n|gametype|singles\n|player|p1|yuramas|101|\n|player|p2|IDaHAN|ethan|\n|teamsize|p1|6\n|teamsize|p2|6\n|gen|9\n|tier|[Gen 9] Ubers\n|rule|Sleep Clause Mod: Limit one foe put to sleep\n|rule|Species Clause: Limit one of each Pok\u00e9mon\n|rule|OHKO Clause: OHKO moves are banned\n|rule|Evasion Items Clause: Evasion items are banned\n|rule|Evasion Moves Clause: Evasion moves are banned\n|rule|Endless Battle Clause: Forcing endless battles is banned\n|rule|HP Percentage Mod: HP is shown in percentages\n|clearpoke\n|poke|p1|Chi-Yu|\n|poke|p1|Houndstone, F|\n|poke|p1|Masquerain, F|\n|poke|p1|Palafin, F|\n|poke|p1|Zamazenta-*|\n|poke|p1|Landorus, M|\n|poke|p2|Basculin-White-Striped, M|\n|poke|p2|Zacian-*|\n|poke|p2|Arceus-Poison|\n|poke|p2|Magearna|\n|poke|p2|Chi-Yu|\n|poke|p2|Palkia-Origin|\n|teampreview\n|inactive|Battle timer is ON: inactive players will automatically lose when time's up. (requested by IDaHAN)\n|c|\u2606IDaHAN|glhf\n|inactive|yuramas has 270 seconds left.\n|c|\u2606yuramas|you too!\n|\n|t:|1700238048\n|start\n|switch|p1a: Masquerain|Masquerain, F|100\/100\n|switch|p2a: Arceus|Arceus-Poison|100\/100\n|-ability|p1a: Masquerain|Intimidate|boost\n|-unboost|p2a: Arceus|atk|1\n|turn|1\n|\n|t:|1700238065\n|move|p2a: Arceus|Taunt|p1a: Masquerain\n|-start|p1a: Masquerain|move: Taunt\n|cant|p1a: Masquerain|move: Taunt|Stun Spore\n|\n|upkeep\n|turn|2\n|\n|t:|1700238071\n|switch|p1a: Zamazenta|Zamazenta-Crowned|100\/100\n|-ability|p1a: Zamazenta|Dauntless Shield|boost\n|-boost|p1a: Zamazenta|def|1\n|move|p2a: Arceus|Poison Jab|p1a: Zamazenta\n|-immune|p1a: Zamazenta\n|\n|upkeep\n|turn|3\n|inactive|yuramas has 270 seconds left.\n|\n|t:|1700238105\n|switch|p1a: Landorus|Landorus, M|100\/100\n|move|p2a: Arceus|Will-O-Wisp|p1a: Landorus\n|-status|p1a: Landorus|brn\n|\n|-damage|p1a: Landorus|94\/100 brn|[from] brn\n|upkeep\n|turn|4\n|inactive|yuramas has 270 seconds left.\n|\n|t:|1700238121\n|switch|p2a: Palkia|Palkia-Origin|100\/100\n|-ability|p2a: Palkia|Pressure\n|move|p1a: Landorus|Earth Power|p2a: Palkia\n|-damage|p2a: Palkia|32\/100\n|\n|-damage|p1a: Landorus|88\/100 brn|[from] brn\n|upkeep\n|turn|5\n|inactive|yuramas has 270 seconds left.\n|\n|t:|1700238132\n|switch|p1a: Zamazenta|Zamazenta-Crowned|100\/100\n|move|p2a: Palkia|Hydro Pump|p1a: Zamazenta\n|-damage|p1a: Zamazenta|40\/100\n|\n|upkeep\n|turn|6\n|inactive|yuramas has 270 seconds left.\n|\n|t:|1700238141\n|move|p1a: Zamazenta|Body Press|p2a: Palkia\n|-damage|p2a: Palkia|0 fnt\n|faint|p2a: Palkia\n|\n|upkeep\n|\n|t:|1700238155\n|switch|p2a: Zacian|Zacian|100\/100\n|-ability|p2a: Zacian|Intrepid Sword|boost\n|-boost|p2a: Zacian|atk|1\n|turn|7\n|\n|t:|1700238163\n|move|p2a: Zacian|Play Rough|p1a: Zamazenta\n|-damage|p1a: Zamazenta|0 fnt\n|faint|p1a: Zamazenta\n|\n|upkeep\n|\n|t:|1700238175\n|switch|p1a: Masquerain|Masquerain, F|100\/100\n|-ability|p1a: Masquerain|Intimidate|boost\n|-unboost|p2a: Zacian|atk|1\n|turn|8\n|\n|t:|1700238180\n|move|p2a: Zacian|Play Rough|p1a: Masquerain\n|-enditem|p1a: Masquerain|Focus Sash\n|-damage|p1a: Masquerain|1\/100\n|move|p1a: Masquerain|Sticky Web|p2a: Zacian\n|-sidestart|p2: IDaHAN|move: Sticky Web\n|\n|upkeep\n|turn|9\n|\n|t:|1700238190\n|switch|p1a: Houndstone|Houndstone, F|100\/100\n|move|p2a: Zacian|Play Rough|p1a: Houndstone\n|-damage|p1a: Houndstone|72\/100\n|\n|-heal|p1a: Houndstone|78\/100|[from] item: Leftovers\n|upkeep\n|turn|10\n|\n|t:|1700238219\n|move|p2a: Zacian|Play Rough|p1a: Houndstone\n|-damage|p1a: Houndstone|49\/100\n|move|p1a: Houndstone|Will-O-Wisp|p2a: Zacian\n|-status|p2a: Zacian|brn\n|\n|-heal|p1a: Houndstone|55\/100|[from] item: Leftovers\n|-damage|p2a: Zacian|94\/100 brn|[from] brn\n|upkeep\n|turn|11\n|inactive|yuramas has 270 seconds left.\n|\n|t:|1700238242\n|switch|p2a: Arceus|Arceus-Poison|100\/100\n|-activate|p2a: Arceus|move: Sticky Web\n|-unboost|p2a: Arceus|spe|1\n|switch|p1a: Masquerain|Masquerain, F|1\/100\n|-ability|p1a: Masquerain|Intimidate|boost\n|-unboost|p2a: Arceus|atk|1\n|\n|upkeep\n|turn|12\n|inactive|yuramas has 270 seconds left.\n|\n|t:|1700238261\n|switch|p1a: Chi-Yu|Chi-Yu|100\/100\n|-ability|p1a: Chi-Yu|Beads of Ruin\n|move|p2a: Arceus|Poison Jab|p1a: Chi-Yu\n|-damage|p1a: Chi-Yu|60\/100\n|-status|p1a: Chi-Yu|psn\n|\n|-damage|p1a: Chi-Yu|47\/100 psn|[from] psn\n|upkeep\n|turn|13\n|\n|t:|1700238272\n|move|p1a: Chi-Yu|Overheat|p2a: Arceus\n|-damage|p2a: Arceus|0 fnt\n|-unboost|p1a: Chi-Yu|spa|2\n|faint|p2a: Arceus\n|\n|-damage|p1a: Chi-Yu|35\/100 psn|[from] psn\n|upkeep\n|\n|t:|1700238282\n|switch|p2a: Chi-Yu|Chi-Yu|100\/100\n|-activate|p2a: Chi-Yu|move: Sticky Web\n|-unboost|p2a: Chi-Yu|spe|1\n|-ability|p2a: Chi-Yu|Beads of Ruin\n|turn|14\n|\n|t:|1700238295\n|switch|p1a: Masquerain|Masquerain, F|1\/100\n|-ability|p1a: Masquerain|Intimidate|boost\n|-unboost|p2a: Chi-Yu|atk|1\n|move|p2a: Chi-Yu|Flamethrower|p1a: Masquerain\n|-supereffective|p1a: Masquerain\n|-damage|p1a: Masquerain|0 fnt\n|faint|p1a: Masquerain\n|\n|upkeep\n|inactive|yuramas has 270 seconds left.\n|\n|t:|1700238310\n|switch|p1a: Landorus|Landorus, M|88\/100 brn\n|turn|15\n|\n|t:|1700238320\n|switch|p2a: Zacian|Zacian|94\/100 brn\n|-activate|p2a: Zacian|move: Sticky Web\n|-unboost|p2a: Zacian|spe|1\n|move|p1a: Landorus|Earth Power|p2a: Zacian\n|-damage|p2a: Zacian|25\/100 brn\n|\n|-damage|p1a: Landorus|82\/100 brn|[from] brn\n|-damage|p2a: Zacian|19\/100 brn|[from] brn\n|upkeep\n|turn|16\n|\n|t:|1700238326\n|move|p1a: Landorus|Earth Power|p2a: Zacian\n|-damage|p2a: Zacian|0 fnt\n|faint|p2a: Zacian\n|\n|-damage|p1a: Landorus|75\/100 brn|[from] brn\n|upkeep\n|\n|t:|1700238337\n|switch|p2a: Basculin|Basculin-White-Striped, M|100\/100\n|-activate|p2a: Basculin|move: Sticky Web\n|-unboost|p2a: Basculin|spe|1\n|turn|17\n|inactive|yuramas has 270 seconds left.\n|\n|t:|1700238375\n|switch|p1a: Houndstone|Houndstone, F|55\/100\n|-terastallize|p2a: Basculin|Ghost\n|move|p2a: Basculin|Last Respects|p1a: Houndstone\n|-supereffective|p1a: Houndstone\n|-damage|p1a: Houndstone|0 fnt\n|faint|p1a: Houndstone\n|\n|upkeep\n|\n|t:|1700238381\n|switch|p1a: Palafin|Palafin, F|100\/100\n|turn|18\n|\n|t:|1700238388\n|detailschange|p1a: Palafin|Palafin-Hero, F\n|switch|p1a: Chi-Yu|Chi-Yu|35\/100 psn\n|-ability|p1a: Chi-Yu|Beads of Ruin\n|move|p2a: Basculin|Last Respects|p1a: Chi-Yu\n|-resisted|p1a: Chi-Yu\n|-damage|p1a: Chi-Yu|0 fnt\n|faint|p1a: Chi-Yu\n|\n|upkeep\n|\n|t:|1700238395\n|switch|p1a: Palafin|Palafin-Hero, F|100\/100\n|-activate|p1a: Palafin|ability: Zero to Hero\n|turn|19\n|inactive|yuramas has 270 seconds left.\n|\n|t:|1700238403\n|-terastallize|p1a: Palafin|Water\n|move|p1a: Palafin|Jet Punch|p2a: Basculin\n|-damage|p2a: Basculin|4\/100\n|move|p2a: Basculin|Last Respects|p1a: Palafin\n|-damage|p1a: Palafin|0 fnt\n|faint|p1a: Palafin\n|\n|upkeep\n|inactive|yuramas has 270 seconds left.\n|\n|t:|1700238409\n|switch|p1a: Landorus|Landorus, M|75\/100 brn\n|turn|20\n|c|\u2606yuramas|gg\n|\n|t:|1700238421\n|switch|p2a: Chi-Yu|Chi-Yu|100\/100\n|-activate|p2a: Chi-Yu|move: Sticky Web\n|-unboost|p2a: Chi-Yu|spe|1\n|-ability|p2a: Chi-Yu|Beads of Ruin\n|move|p1a: Landorus|Earth Power|p2a: Chi-Yu\n|-supereffective|p2a: Chi-Yu\n|-damage|p2a: Chi-Yu|0 fnt\n|faint|p2a: Chi-Yu\n|\n|-damage|p1a: Landorus|69\/100 brn|[from] brn\n|upkeep\n|\n|t:|1700238423\n|switch|p2a: Basculin|Basculin-White-Striped, M, tera:Ghost|4\/100\n|-activate|p2a: Basculin|move: Sticky Web\n|-unboost|p2a: Basculin|spe|1\n|turn|21\n|\n|t:|1700238427\n|move|p2a: Basculin|Aqua Jet|p1a: Landorus\n|-supereffective|p1a: Landorus\n|-damage|p1a: Landorus|25\/100 brn\n|move|p1a: Landorus|Earth Power|p2a: Basculin\n|-damage|p2a: Basculin|0 fnt\n|faint|p2a: Basculin\n|\n|-damage|p1a: Landorus|19\/100 brn|[from] brn\n|upkeep\n|\n|t:|1700238431\n|switch|p2a: Magearna|Magearna|100\/100\n|-activate|p2a: Magearna|move: Sticky Web\n|-unboost|p2a: Magearna|spe|1\n|turn|22\n|\n|t:|1700238435\n|move|p1a: Landorus|Earth Power|p2a: Magearna\n|-supereffective|p2a: Magearna\n|-damage|p2a: Magearna|2\/100\n|move|p2a: Magearna|Draining Kiss|p1a: Landorus\n|-damage|p1a: Landorus|0 fnt\n|-heal|p2a: Magearna|14\/100|[from] drain|[of] p1a: Landorus\n|faint|p1a: Landorus\n|\n|win|IDaHAN\n|c|\u2606IDaHAN|GG\n","uploadtime":1700238441,"views":23,"p1id":"yuramas","p2id":"idahan","formatid":"gen9ubers","rating":0,"private":0,"password":""}