{"id":"gen9ubers-1988749838","p1":"AlicieLizzie","p2":"Kinesquared","format":"[Gen 9] Ubers","log":"|j|\u2606AlicieLizzie\n|j|\u2606Kinesquared\n|t:|1699758291\n|gametype|singles\n|player|p1|AlicieLizzie|marnie-masters3|\n|player|p2|Kinesquared|scientist-gen4dp|\n|teamsize|p1|6\n|teamsize|p2|6\n|gen|9\n|tier|[Gen 9] Ubers\n|rule|Sleep Clause Mod: Limit one foe put to sleep\n|rule|Species Clause: Limit one of each Pok\u00e9mon\n|rule|OHKO Clause: OHKO moves are banned\n|rule|Evasion Items Clause: Evasion items are banned\n|rule|Evasion Moves Clause: Evasion moves are banned\n|rule|Endless Battle Clause: Forcing endless battles is banned\n|rule|HP Percentage Mod: HP is shown in percentages\n|clearpoke\n|poke|p1|Garganacl, F|\n|poke|p1|Ursaluna, M|\n|poke|p1|Volcanion|\n|poke|p1|Landorus, M|\n|poke|p1|Mamoswine, M|\n|poke|p1|Heatran, M|\n|poke|p2|Dragapult, F|\n|poke|p2|Rillaboom, F|\n|poke|p2|Torterra, F|\n|poke|p2|Hawlucha, F|\n|poke|p2|Cyclizar, F|\n|poke|p2|Basculin-White-Striped, M|\n|teampreview\n|inactive|Battle timer is ON: inactive players will automatically lose when time's up. (requested by AlicieLizzie)\n|c|\u2606Kinesquared|brown?\n|c|\u2606Kinesquared|gl\n|c|\u2606AlicieLizzie|ya\n|c|\u2606Kinesquared|volcanoion my fav brown 'mon\n|c|\u2606AlicieLizzie|so real\n|\n|t:|1699758318\n|start\n|switch|p1a: Flour|Landorus, M|100\/100\n|switch|p2a: Dragapult|Dragapult, F|100\/100\n|turn|1\n|\n|t:|1699758343\n|move|p1a: Flour|U-turn|p2a: Dragapult\n|-resisted|p2a: Dragapult\n|-damage|p2a: Dragapult|88\/100\n|\n|t:|1699758346\n|switch|p1a: Baking Soda|Volcanion|100\/100|[from] U-turn\n|move|p2a: Dragapult|Light Screen|p2a: Dragapult\n|-sidestart|p2: Kinesquared|move: Light Screen\n|\n|upkeep\n|turn|2\n|\n|t:|1699758358\n|move|p2a: Dragapult|Dragon Darts|p1a: Baking Soda\n|-damage|p1a: Baking Soda|80\/100\n|-anim|p2a: Dragapult|Dragon Darts|p1a: Baking Soda\n|-damage|p1a: Baking Soda|61\/100\n|move|p1a: Baking Soda|Earth Power|p2a: Dragapult\n|-damage|p2a: Dragapult|63\/100\n|\n|upkeep\n|turn|3\n|\n|t:|1699758368\n|switch|p2a: Rillaboom|Rillaboom, F|100\/100\n|switch|p1a: Vanilla Extract|Heatran, M|100\/100\n|\n|upkeep\n|turn|4\n|c|\u2606Kinesquared|im so stupid\n|c|\u2606Kinesquared|i forgot to put grassy terrain on this\n|c|\u2606AlicieLizzie|you forgot grassy surge\n|c|\u2606Kinesquared|LMAO\n|c|\u2606AlicieLizzie|lmao\n|\n|t:|1699758387\n|move|p2a: Rillaboom|High Horsepower|p1a: Vanilla Extract\n|-supereffective|p1a: Vanilla Extract\n|-damage|p1a: Vanilla Extract|0 fnt\n|faint|p1a: Vanilla Extract\n|\n|upkeep\n|\n|t:|1699758400\n|switch|p1a: Baking Soda|Volcanion|61\/100\n|turn|5\n|\n|t:|1699758405\n|move|p2a: Rillaboom|High Horsepower|p1a: Baking Soda\n|-supereffective|p1a: Baking Soda\n|-damage|p1a: Baking Soda|0 fnt\n|faint|p1a: Baking Soda\n|\n|upkeep\n|c|\u2606AlicieLizzie|i think im stupid\n|\n|t:|1699758416\n|switch|p1a: Brown Sugar|Ursaluna, M|100\/100\n|turn|6\n|\n|t:|1699758422\n|switch|p2a: Hawlucha|Hawlucha, F|100\/100\n|move|p1a: Brown Sugar|Drain Punch|p2a: Hawlucha\n|-resisted|p2a: Hawlucha\n|-damage|p2a: Hawlucha|79\/100\n|\n|-status|p1a: Brown Sugar|brn|[from] item: Flame Orb\n|upkeep\n|turn|7\n|\n|t:|1699758431\n|move|p2a: Hawlucha|Close Combat|p1a: Brown Sugar\n|-supereffective|p1a: Brown Sugar\n|-damage|p1a: Brown Sugar|18\/100 brn\n|-unboost|p2a: Hawlucha|def|1\n|-unboost|p2a: Hawlucha|spd|1\n|move|p1a: Brown Sugar|Facade|p2a: Hawlucha\n|-damage|p2a: Hawlucha|0 fnt\n|faint|p2a: Hawlucha\n|\n|-damage|p1a: Brown Sugar|12\/100 brn|[from] brn\n|upkeep\n|\n|t:|1699758441\n|switch|p2a: Dragapult|Dragapult, F|63\/100\n|turn|8\n|\n|t:|1699758452\n|move|p2a: Dragapult|Dragon Darts|p1a: Brown Sugar\n|-damage|p1a: Brown Sugar|0 fnt\n|faint|p1a: Brown Sugar\n|\n|-sideend|p2: Kinesquared|move: Light Screen\n|upkeep\n|\n|t:|1699758463\n|switch|p1a: Flour|Landorus, M|100\/100\n|turn|9\n|\n|t:|1699758469\n|move|p1a: Flour|Earth Power|p2a: Dragapult\n|-damage|p2a: Dragapult|0 fnt\n|faint|p2a: Dragapult\n|\n|upkeep\n|\n|t:|1699758478\n|switch|p2a: Cyclizar|Cyclizar, F|100\/100\n|turn|10\n|\n|t:|1699758482\n|move|p1a: Flour|Earth Power|p2a: Cyclizar\n|-damage|p2a: Cyclizar|27\/100\n|move|p2a: Cyclizar|Knock Off|p1a: Flour\n|-damage|p1a: Flour|77\/100\n|-enditem|p1a: Flour|Choice Scarf|[from] move: Knock Off|[of] p2a: Cyclizar\n|\n|upkeep\n|turn|11\n|\n|t:|1699758497\n|switch|p2a: Rillaboom|Rillaboom, F|100\/100\n|move|p1a: Flour|U-turn|p2a: Rillaboom\n|-supereffective|p2a: Rillaboom\n|-damage|p2a: Rillaboom|60\/100\n|\n|t:|1699758508\n|switch|p1a: Salt|Garganacl, F|100\/100|[from] U-turn\n|\n|upkeep\n|turn|12\n|\n|t:|1699758517\n|move|p2a: Rillaboom|U-turn|p1a: Salt\n|-damage|p1a: Salt|82\/100\n|\n|t:|1699758519\n|switch|p2a: Cyclizar|Cyclizar, F|60\/100|[from] U-turn\n|move|p1a: Salt|Salt Cure|p2a: Cyclizar\n|-damage|p2a: Cyclizar|39\/100\n|-start|p2a: Cyclizar|Salt Cure\n|\n|-heal|p1a: Salt|89\/100|[from] item: Leftovers\n|-damage|p2a: Cyclizar|27\/100|[from] Salt Cure\n|upkeep\n|turn|13\n|j| Pajoomas!\n|\n|t:|1699758528\n|move|p2a: Cyclizar|Taunt|p1a: Salt\n|-start|p1a: Salt|move: Taunt\n|cant|p1a: Salt|move: Taunt|Curse\n|\n|-heal|p1a: Salt|95\/100|[from] item: Leftovers\n|-damage|p2a: Cyclizar|15\/100|[from] Salt Cure\n|upkeep\n|turn|14\n|\n|t:|1699758537\n|move|p2a: Cyclizar|Knock Off|p1a: Salt\n|-damage|p1a: Salt|84\/100\n|-enditem|p1a: Salt|Leftovers|[from] move: Knock Off|[of] p2a: Cyclizar\n|move|p1a: Salt|Salt Cure|p2a: Cyclizar\n|-damage|p2a: Cyclizar|0 fnt\n|faint|p2a: Cyclizar\n|\n|upkeep\n|\n|t:|1699758544\n|switch|p2a: Torterra|Torterra, F|100\/100\n|turn|15\n|\n|t:|1699758553\n|move|p2a: Torterra|Shell Smash|p2a: Torterra\n|-unboost|p2a: Torterra|def|1\n|-unboost|p2a: Torterra|spd|1\n|-boost|p2a: Torterra|atk|2\n|-boost|p2a: Torterra|spa|2\n|-boost|p2a: Torterra|spe|2\n|move|p1a: Salt|Salt Cure|p2a: Torterra\n|-resisted|p2a: Torterra\n|-damage|p2a: Torterra|90\/100\n|-start|p2a: Torterra|Salt Cure\n|\n|-damage|p2a: Torterra|77\/100|[from] Salt Cure\n|-end|p1a: Salt|move: Taunt\n|upkeep\n|turn|16\n|\n|t:|1699758571\n|switch|p1a: Flour|Landorus, M|77\/100\n|move|p2a: Torterra|Bullet Seed|p1a: Flour\n|-damage|p1a: Flour|48\/100\n|-damage|p1a: Flour|20\/100\n|-damage|p1a: Flour|0 fnt\n|faint|p1a: Flour\n|-hitcount|p1: Flour|3\n|\n|-damage|p2a: Torterra|65\/100|[from] Salt Cure\n|upkeep\n|\n|t:|1699758583\n|switch|p1a: Chocolate Chips|Mamoswine, M|100\/100\n|turn|17\n|\n|t:|1699758609\n|-terastallize|p2a: Torterra|Rock\n|move|p2a: Torterra|Bullet Seed|p1a: Chocolate Chips\n|-supereffective|p1a: Chocolate Chips\n|-damage|p1a: Chocolate Chips|54\/100\n|-supereffective|p1a: Chocolate Chips\n|-damage|p1a: Chocolate Chips|5\/100\n|-supereffective|p1a: Chocolate Chips\n|-damage|p1a: Chocolate Chips|0 fnt\n|faint|p1a: Chocolate Chips\n|-hitcount|p1: Chocolate Chips|3\n|\n|-damage|p2a: Torterra|52\/100|[from] Salt Cure\n|upkeep\n|\n|t:|1699758614\n|switch|p1a: Salt|Garganacl, F|84\/100\n|turn|18\n|\n|t:|1699758620\n|-terastallize|p1a: Salt|Ghost\n|move|p2a: Torterra|Bullet Seed|p1a: Salt\n|-damage|p1a: Salt|72\/100\n|-crit|p1a: Salt\n|-damage|p1a: Salt|51\/100\n|-damage|p1a: Salt|37\/100\n|-damage|p1a: Salt|23\/100\n|-hitcount|p1a: Salt|4\n|move|p1a: Salt|Curse|p2a: Torterra\n|-start|p2a: Torterra|Curse|[of] p1a: Salt\n|-damage|p1a: Salt|0 fnt\n|faint|p1a: Salt\n|\n|win|Kinesquared\n|c|\u2606Kinesquared|gg\n","uploadtime":1699758633,"views":5,"p1id":"alicielizzie","p2id":"kinesquared","formatid":"gen9ubers","rating":0,"private":0,"password":""}