{"id":"gen9ubers-1987307853","p1":"Anne Frankkkk","p2":"MESS1802","format":"[Gen 9] Ubers","log":"|j|\u2606Anne Frankkkk\n|j|\u2606MESS1802\n|t:|1699575731\n|gametype|singles\n|player|p1|Anne Frankkkk|hilbert|1195\n|player|p2|MESS1802|170|1165\n|teamsize|p1|6\n|teamsize|p2|6\n|gen|9\n|tier|[Gen 9] Ubers\n|rated|\n|rule|Sleep Clause Mod: Limit one foe put to sleep\n|rule|Species Clause: Limit one of each Pok\u00e9mon\n|rule|OHKO Clause: OHKO moves are banned\n|rule|Evasion Items Clause: Evasion items are banned\n|rule|Evasion Moves Clause: Evasion moves are banned\n|rule|Endless Battle Clause: Forcing endless battles is banned\n|rule|HP Percentage Mod: HP is shown in percentages\n|clearpoke\n|poke|p1|Iron Hands|\n|poke|p1|Kyogre|\n|poke|p1|Chien-Pao|\n|poke|p1|Ribombee, M|\n|poke|p1|Miraidon|\n|poke|p1|Flutter Mane|\n|poke|p2|Kilowattrel, F|\n|poke|p2|Sableye, M|\n|poke|p2|Heracross, M|\n|poke|p2|Volcarona, F|\n|poke|p2|Ceruledge, F|\n|poke|p2|Clawitzer, M|\n|teampreview\n|\n|t:|1699575734\n|start\n|switch|p1a: Moonblast|Ribombee, M, shiny|100\/100\n|switch|p2a: Sableye|Sableye, M|100\/100\n|turn|1\n|inactive|Battle timer is ON: inactive players will automatically lose when time's up. (requested by Anne Frankkkk)\n|\n|t:|1699575740\n|move|p2a: Sableye|Fake Out|p1a: Moonblast\n|-damage|p1a: Moonblast|86\/100\n|move|p1a: Moonblast|Sticky Web|p2a: Sableye\n|-sidestart|p2: MESS1802|move: Sticky Web\n|\n|upkeep\n|turn|2\n|\n|t:|1699575753\n|move|p2a: Sableye|Light Screen|p2a: Sableye\n|-sidestart|p2: MESS1802|move: Light Screen\n|move|p1a: Moonblast|Stun Spore|p2a: Sableye\n|-status|p2a: Sableye|par\n|\n|upkeep\n|turn|3\n|\n|t:|1699575759\n|cant|p2a: Sableye|par\n|move|p1a: Moonblast|Moonblast|p2a: Sableye\n|-supereffective|p2a: Sableye\n|-damage|p2a: Sableye|32\/100 par\n|\n|upkeep\n|turn|4\n|\n|t:|1699575765\n|move|p2a: Sableye|Reflect|p2a: Sableye\n|-sidestart|p2: MESS1802|Reflect\n|move|p1a: Moonblast|Moonblast|p2a: Sableye\n|-supereffective|p2a: Sableye\n|-damage|p2a: Sableye|0 fnt\n|faint|p2a: Sableye\n|\n|upkeep\n|\n|t:|1699575779\n|switch|p2a: Kilowattrel|Kilowattrel, F|100\/100\n|turn|5\n|\n|t:|1699575783\n|move|p1a: Moonblast|Moonblast|p2a: Kilowattrel\n|-damage|p2a: Kilowattrel|66\/100\n|-unboost|p2a: Kilowattrel|spa|1\n|move|p2a: Kilowattrel|Tailwind|p2a: Kilowattrel\n|-sidestart|p2: MESS1802|move: Tailwind\n|-start|p2a: Kilowattrel|Charge|Tailwind|[from] ability: Wind Power\n|\n|upkeep\n|turn|6\n|\n|t:|1699575795\n|move|p2a: Kilowattrel|Electro Ball|p1a: Moonblast\n|-damage|p1a: Moonblast|19\/100\n|-end|p2a: Kilowattrel|Charge|[silent]\n|move|p1a: Moonblast|Moonblast|p2a: Kilowattrel\n|-damage|p2a: Kilowattrel|32\/100\n|\n|upkeep\n|turn|7\n|\n|t:|1699575811\n|move|p2a: Kilowattrel|Air Slash|p1a: Moonblast\n|-supereffective|p1a: Moonblast\n|-damage|p1a: Moonblast|0 fnt\n|faint|p1a: Moonblast\n|\n|upkeep\n|\n|t:|1699575815\n|switch|p1a: Ice Cat|Chien-Pao|100\/100\n|-ability|p1a: Ice Cat|Sword of Ruin\n|turn|8\n|\n|t:|1699575821\n|move|p1a: Ice Cat|Sucker Punch|p2a: Kilowattrel\n|-damage|p2a: Kilowattrel|0 fnt\n|faint|p2a: Kilowattrel\n|\n|-sideend|p2: MESS1802|move: Tailwind\n|upkeep\n|\n|t:|1699575843\n|switch|p2a: Heracross|Heracross, M|100\/100\n|-activate|p2a: Heracross|move: Sticky Web\n|-unboost|p2a: Heracross|spe|1\n|turn|9\n|\n|t:|1699575850\n|move|p1a: Ice Cat|Ice Spinner|p2a: Heracross\n|-damage|p2a: Heracross|62\/100\n|move|p2a: Heracross|Lunge|p1a: Ice Cat\n|-supereffective|p1a: Ice Cat\n|-enditem|p1a: Ice Cat|Focus Sash\n|-damage|p1a: Ice Cat|1\/100\n|-unboost|p1a: Ice Cat|atk|1\n|\n|-sideend|p2: MESS1802|move: Light Screen\n|upkeep\n|turn|10\n|\n|t:|1699575862\n|switch|p1a: Misdreavius|Flutter Mane, shiny|100\/100\n|-enditem|p1a: Misdreavius|Booster Energy\n|-activate|p1a: Misdreavius|ability: Protosynthesis|[fromitem]\n|-start|p1a: Misdreavius|protosynthesisspe\n|move|p2a: Heracross|Trailblaze|p1a: Misdreavius\n|-crit|p1a: Misdreavius\n|-damage|p1a: Misdreavius|37\/100\n|-boost|p2a: Heracross|spe|1\n|\n|upkeep\n|turn|11\n|inactive|MESS1802 has 120 seconds left.\n|\n|t:|1699575888\n|move|p1a: Misdreavius|Moonblast|p2a: Heracross\n|-supereffective|p2a: Heracross\n|-damage|p2a: Heracross|0 fnt\n|faint|p2a: Heracross\n|\n|-sideend|p2: MESS1802|Reflect\n|upkeep\n|inactive|MESS1802 has 120 seconds left.\n|\n|t:|1699575898\n|switch|p2a: Ceruledge|Ceruledge, F|100\/100\n|-activate|p2a: Ceruledge|move: Sticky Web\n|-unboost|p2a: Ceruledge|spe|1\n|turn|12\n|inactive|MESS1802 has 120 seconds left.\n|\n|t:|1699575903\n|move|p1a: Misdreavius|Shadow Ball|p2a: Ceruledge\n|-supereffective|p2a: Ceruledge\n|-damage|p2a: Ceruledge|2\/100\n|move|p2a: Ceruledge|Swords Dance|p2a: Ceruledge\n|-boost|p2a: Ceruledge|atk|2\n|\n|upkeep\n|turn|13\n|\n|t:|1699575911\n|move|p2a: Ceruledge|Shadow Sneak|p1a: Misdreavius\n|-supereffective|p1a: Misdreavius\n|-damage|p1a: Misdreavius|0 fnt\n|faint|p1a: Misdreavius\n|-end|p1a: Misdreavius|Protosynthesis|[silent]\n|-damage|p2a: Ceruledge|0 fnt|[from] item: Life Orb\n|faint|p2a: Ceruledge\n|\n|upkeep\n|\n|t:|1699575919\n|switch|p1a: OHKO|Kyogre|100\/100\n|switch|p2a: Volcarona|Volcarona, F|100\/100\n|-weather|RainDance|[from] ability: Drizzle|[of] p1a: OHKO\n|turn|14\n|\n|t:|1699575929\n|move|p1a: OHKO|Origin Pulse|p2a: Volcarona\n|-supereffective|p2a: Volcarona\n|-damage|p2a: Volcarona|0 fnt\n|faint|p2a: Volcarona\n|\n|-weather|RainDance|[upkeep]\n|upkeep\n|\n|t:|1699575935\n|switch|p2a: Clawitzer|Clawitzer, M|100\/100\n|-activate|p2a: Clawitzer|move: Sticky Web\n|-unboost|p2a: Clawitzer|spe|1\n|turn|15\n|\n|t:|1699575942\n|switch|p1a: Big Boy|Iron Hands, shiny|100\/100\n|-terastallize|p2a: Clawitzer|Dragon\n|move|p2a: Clawitzer|Dragon Pulse|p1a: Big Boy\n|-damage|p1a: Big Boy|41\/100\n|\n|-weather|RainDance|[upkeep]\n|upkeep\n|turn|16\n|\n|t:|1699575954\n|move|p1a: Big Boy|Fake Out|p2a: Clawitzer\n|-damage|p2a: Clawitzer|79\/100\n|cant|p2a: Clawitzer|flinch\n|\n|-weather|RainDance|[upkeep]\n|upkeep\n|turn|17\n|\n|t:|1699575960\n|move|p2a: Clawitzer|Dragon Pulse|p1a: Big Boy\n|-damage|p1a: Big Boy|0 fnt\n|faint|p1a: Big Boy\n|-end|p1a: Big Boy|Quark Drive|[silent]\n|\n|-weather|RainDance|[upkeep]\n|upkeep\n|\n|t:|1699575966\n|switch|p1a: Ice Cat|Chien-Pao|1\/100\n|-ability|p1a: Ice Cat|Sword of Ruin\n|turn|18\n|\n|t:|1699575970\n|move|p1a: Ice Cat|Ice Spinner|p2a: Clawitzer\n|-supereffective|p2a: Clawitzer\n|-damage|p2a: Clawitzer|0 fnt\n|faint|p2a: Clawitzer\n|\n|win|Anne Frankkkk\n|raw|Anne Frankkkk's rating: 1181 &rarr; <strong>1205<\/strong><br \/>(+24 for winning)\n|raw|MESS1802's rating: 1165 &rarr; <strong>1141<\/strong><br \/>(-24 for losing)\n","uploadtime":1699575977,"views":5,"p1id":"annefrankkkk","p2id":"mess1802","formatid":"gen9ubers","rating":1141,"private":0,"password":""}