{"id":"gen9ubers-1979789978","p1":"Cthulhe","p2":"TerrarianSkeleton","format":"[Gen 9] Ubers","log":"|j|\u2606Cthulhe\n|j|\u2606TerrarianSkeleton\n|t:|1698713494\n|gametype|singles\n|player|p1|Cthulhe|hooligans|1053\n|player|p2|TerrarianSkeleton|koga|1113\n|teamsize|p1|6\n|teamsize|p2|6\n|gen|9\n|tier|[Gen 9] Ubers\n|rated|\n|rule|Sleep Clause Mod: Limit one foe put to sleep\n|rule|Species Clause: Limit one of each Pok\u00e9mon\n|rule|OHKO Clause: OHKO moves are banned\n|rule|Evasion Items Clause: Evasion items are banned\n|rule|Evasion Moves Clause: Evasion moves are banned\n|rule|Endless Battle Clause: Forcing endless battles is banned\n|rule|HP Percentage Mod: HP is shown in percentages\n|clearpoke\n|poke|p1|Arceus|\n|poke|p1|Kyogre|\n|poke|p1|Espathra, M|\n|poke|p1|Annihilape, M|\n|poke|p1|Iron Bundle|\n|poke|p1|Kingambit, F|\n|poke|p2|Regieleki|\n|poke|p2|Enamorus, F|\n|poke|p2|Glimmora, M|\n|poke|p2|Electrode-Hisui|\n|poke|p2|Tyranitar, M|\n|poke|p2|Houndstone, M|\n|teampreview\n|inactive|Battle timer is ON: inactive players will automatically lose when time's up. (requested by TerrarianSkeleton)\n|inactive|Cthulhe also wants the timer to be on.\n|\n|t:|1698713502\n|start\n|switch|p1a: Arceus|Arceus|100\/100\n|switch|p2a: Glimmora|Glimmora, M|100\/100\n|turn|1\n|\n|t:|1698713509\n|move|p1a: Arceus|Earthquake|p2a: Glimmora\n|-supereffective|p2a: Glimmora\n|-enditem|p2a: Glimmora|Focus Sash\n|-damage|p2a: Glimmora|1\/100\n|-activate|p2a: Glimmora|ability: Toxic Debris\n|-sidestart|p1: Cthulhe|move: Toxic Spikes\n|move|p2a: Glimmora|Stealth Rock|p1a: Arceus\n|-sidestart|p1: Cthulhe|move: Stealth Rock\n|\n|upkeep\n|turn|2\n|\n|t:|1698713518\n|move|p1a: Arceus|Dragon Dance|p1a: Arceus\n|-boost|p1a: Arceus|atk|1\n|-boost|p1a: Arceus|spe|1\n|move|p2a: Glimmora|Explosion|p1a: Arceus\n|-damage|p1a: Arceus|74\/100\n|faint|p2a: Glimmora\n|\n|-heal|p1a: Arceus|80\/100|[from] item: Leftovers\n|upkeep\n|\n|t:|1698713527\n|switch|p2a: Electrode|Electrode-Hisui|100\/100\n|turn|3\n|\n|t:|1698713532\n|move|p1a: Arceus|Extreme Speed|p2a: Electrode\n|-damage|p2a: Electrode|0 fnt\n|-damage|p1a: Arceus|55\/100|[from] ability: Aftermath|[of] p2a: Electrode\n|faint|p2a: Electrode\n|\n|-heal|p1a: Arceus|61\/100|[from] item: Leftovers\n|upkeep\n|\n|t:|1698713539\n|switch|p2a: Enamorus|Enamorus, F|100\/100\n|turn|4\n|\n|t:|1698713543\n|move|p1a: Arceus|Extreme Speed|p2a: Enamorus\n|-damage|p2a: Enamorus|4\/100\n|move|p2a: Enamorus|Misty Explosion|p1a: Arceus\n|-damage|p1a: Arceus|22\/100\n|faint|p2a: Enamorus\n|\n|-heal|p1a: Arceus|28\/100|[from] item: Leftovers\n|upkeep\n|\n|t:|1698713553\n|switch|p2a: Regieleki|Regieleki|100\/100\n|turn|5\n|\n|t:|1698713557\n|-terastallize|p1a: Arceus|Normal\n|move|p1a: Arceus|Extreme Speed|p2a: Regieleki\n|-damage|p2a: Regieleki|0 fnt\n|faint|p2a: Regieleki\n|\n|-heal|p1a: Arceus|34\/100|[from] item: Leftovers\n|upkeep\n|\n|t:|1698713565\n|switch|p2a: Tyranitar|Tyranitar, M, shiny|100\/100\n|-weather|Sandstorm|[from] ability: Sand Stream|[of] p2a: Tyranitar\n|turn|6\n|\n|t:|1698713573\n|switch|p2a: Houndstone|Houndstone, M|100\/100\n|move|p1a: Arceus|Earthquake|p2a: Houndstone\n|-damage|p2a: Houndstone|32\/100\n|\n|-weather|Sandstorm|[upkeep]\n|-damage|p1a: Arceus|28\/100|[from] Sandstorm\n|-heal|p1a: Arceus|34\/100|[from] item: Leftovers\n|upkeep\n|turn|7\n|\n|t:|1698713582\n|move|p1a: Arceus|Earthquake|p2a: Houndstone\n|-damage|p2a: Houndstone|0 fnt\n|faint|p2a: Houndstone\n|\n|-weather|Sandstorm|[upkeep]\n|-damage|p1a: Arceus|28\/100|[from] Sandstorm\n|-heal|p1a: Arceus|34\/100|[from] item: Leftovers\n|upkeep\n|\n|t:|1698713589\n|switch|p2a: Tyranitar|Tyranitar, M, shiny|100\/100\n|turn|8\n|\n|t:|1698713595\n|-terastallize|p2a: Tyranitar|Flying\n|move|p1a: Arceus|Earthquake|p2a: Tyranitar\n|-immune|p2a: Tyranitar\n|move|p2a: Tyranitar|Stone Edge|p1a: Arceus\n|-damage|p1a: Arceus|0 fnt\n|faint|p1a: Arceus\n|\n|-weather|Sandstorm|[upkeep]\n|-damage|p2a: Tyranitar|94\/100|[from] Sandstorm\n|upkeep\n|\n|t:|1698713605\n|switch|p1a: Kyogre|Kyogre|100\/100\n|-status|p1a: Kyogre|psn\n|-damage|p1a: Kyogre|88\/100 psn|[from] Stealth Rock\n|-weather|RainDance|[from] ability: Drizzle|[of] p1a: Kyogre\n|turn|9\n|-message|TerrarianSkeleton forfeited.\n|\n|win|Cthulhe\n|raw|Cthulhe's rating: 1053 &rarr; <strong>1091<\/strong><br \/>(+38 for winning)\n|raw|TerrarianSkeleton's rating: 1113 &rarr; <strong>1084<\/strong><br \/>(-29 for losing)\n|l|\u2606TerrarianSkeleton\n","uploadtime":1698713616,"views":10,"p1id":"cthulhe","p2id":"terrarianskeleton","formatid":"gen9ubers","rating":1084,"private":0,"password":""}