{"id":"gen9ubers-1976411456","p1":"BiotechGodzilla","p2":"Yowkuw","format":"[Gen 9] Ubers","log":"|j|\u2606BiotechGodzilla\n|j|\u2606Yowkuw\n|t:|1698298719\n|gametype|singles\n|player|p1|BiotechGodzilla|1|1000\n|player|p2|Yowkuw|veteran|1110\n|teamsize|p1|6\n|teamsize|p2|6\n|gen|9\n|tier|[Gen 9] Ubers\n|rated|\n|rule|Sleep Clause Mod: Limit one foe put to sleep\n|rule|Species Clause: Limit one of each Pok\u00e9mon\n|rule|OHKO Clause: OHKO moves are banned\n|rule|Evasion Items Clause: Evasion items are banned\n|rule|Evasion Moves Clause: Evasion moves are banned\n|rule|Endless Battle Clause: Forcing endless battles is banned\n|rule|HP Percentage Mod: HP is shown in percentages\n|clearpoke\n|poke|p1|Arceus|\n|poke|p1|Koraidon|\n|poke|p1|Zacian-*|\n|poke|p1|Miraidon|\n|poke|p1|Landorus-Therian, M|\n|poke|p1|Walking Wake|\n|poke|p2|Volcarona, M|\n|poke|p2|Kingambit, M|\n|poke|p2|Shaymin-Sky|\n|poke|p2|Rotom-Wash|\n|poke|p2|Glimmora, F|\n|poke|p2|Iron Valiant|\n|teampreview\n|c|\u2606BiotechGodzilla|hi AJ\n|c|\u2606Yowkuw|who?\n|\n|t:|1698298763\n|start\n|switch|p1a: Calrissian|Landorus-Therian, M|100\/100\n|switch|p2a: Amethyst|Glimmora, F|100\/100\n|-ability|p1a: Calrissian|Intimidate|boost\n|-unboost|p2a: Amethyst|atk|1\n|turn|1\n|c|\u2606BiotechGodzilla|some 4th placer\n|\n|t:|1698298777\n|move|p2a: Amethyst|Stealth Rock|p1a: Calrissian\n|-sidestart|p1: BiotechGodzilla|move: Stealth Rock\n|move|p1a: Calrissian|Taunt|p2a: Amethyst\n|-start|p2a: Amethyst|move: Taunt\n|\n|upkeep\n|turn|2\n|\n|t:|1698298786\n|move|p2a: Amethyst|Sludge Wave|p1a: Calrissian\n|-resisted|p1a: Calrissian\n|-damage|p1a: Calrissian|71\/100\n|move|p1a: Calrissian|Stealth Rock|p2a: Amethyst\n|-sidestart|p2: Yowkuw|move: Stealth Rock\n|\n|upkeep\n|turn|3\n|\n|t:|1698298793\n|move|p2a: Amethyst|Mortal Spin|p1a: Calrissian\n|-resisted|p1a: Calrissian\n|-crit|p1a: Calrissian\n|-damage|p1a: Calrissian|68\/100\n|-status|p1a: Calrissian|psn\n|-damage|p2a: Amethyst|84\/100|[from] item: Rocky Helmet|[of] p1a: Calrissian\n|-sideend|p2: Yowkuw|Stealth Rock|[from] move: Mortal Spin|[of] p2a: Amethyst\n|move|p1a: Calrissian|Earthquake|p2a: Amethyst\n|-supereffective|p2a: Amethyst\n|-damage|p2a: Amethyst|0 fnt\n|-activate|p2a: Amethyst|ability: Toxic Debris\n|-sidestart|p1: BiotechGodzilla|move: Toxic Spikes\n|faint|p2a: Amethyst\n|\n|-damage|p1a: Calrissian|56\/100 psn|[from] psn\n|upkeep\n|\n|t:|1698298806\n|switch|p2a: Dexter|Rotom-Wash|100\/100\n|turn|4\n|\n|t:|1698298824\n|move|p2a: Dexter|Hydro Pump|p1a: Calrissian\n|-supereffective|p1a: Calrissian\n|-damage|p1a: Calrissian|0 fnt\n|faint|p1a: Calrissian\n|\n|upkeep\n|\n|t:|1698298832\n|switch|p1a: Bon Scott|Miraidon|100\/100\n|-damage|p1a: Bon Scott|88\/100|[from] Stealth Rock\n|-status|p1a: Bon Scott|psn\n|-fieldstart|move: Electric Terrain|[from] ability: Hadron Engine|[of] p1a: Bon Scott\n|turn|5\n|\n|t:|1698298841\n|move|p2a: Dexter|Protect|p2a: Dexter\n|-singleturn|p2a: Dexter|Protect\n|move|p1a: Bon Scott|Electro Drift|p2a: Dexter\n|-activate|p2a: Dexter|move: Protect\n|\n|-damage|p1a: Bon Scott|76\/100 psn|[from] psn\n|upkeep\n|turn|6\n|\n|t:|1698298855\n|move|p1a: Bon Scott|Electro Drift|p2a: Dexter\n|-damage|p2a: Dexter|2\/100\n|move|p2a: Dexter|Hydro Pump|p1a: Bon Scott|[miss]\n|-miss|p2a: Dexter|p1a: Bon Scott\n|\n|-heal|p2a: Dexter|8\/100|[from] item: Leftovers\n|-damage|p1a: Bon Scott|64\/100 psn|[from] psn\n|upkeep\n|turn|7\n|\n|t:|1698298863\n|move|p2a: Dexter|Protect|p2a: Dexter\n|-singleturn|p2a: Dexter|Protect\n|move|p1a: Bon Scott|Electro Drift|p2a: Dexter\n|-activate|p2a: Dexter|move: Protect\n|\n|-heal|p2a: Dexter|14\/100|[from] item: Leftovers\n|-damage|p1a: Bon Scott|51\/100 psn|[from] psn\n|upkeep\n|turn|8\n|\n|t:|1698298873\n|move|p2a: Dexter|Protect||[still]\n|-fail|p2a: Dexter\n|move|p1a: Bon Scott|Electro Drift|p2a: Dexter\n|-damage|p2a: Dexter|0 fnt\n|faint|p2a: Dexter\n|\n|-damage|p1a: Bon Scott|39\/100 psn|[from] psn\n|upkeep\n|\n|t:|1698298881\n|switch|p2a: Silver Chariot|Iron Valiant, shiny|100\/100\n|-activate|p2a: Silver Chariot|ability: Quark Drive\n|-start|p2a: Silver Chariot|quarkdrivespe\n|turn|9\n|\n|t:|1698298888\n|move|p1a: Bon Scott|Electro Drift|p2a: Silver Chariot\n|-damage|p2a: Silver Chariot|0 fnt\n|faint|p2a: Silver Chariot\n|-end|p2a: Silver Chariot|Quark Drive|[silent]\n|\n|-damage|p1a: Bon Scott|27\/100 psn|[from] psn\n|-fieldend|move: Electric Terrain\n|upkeep\n|\n|t:|1698298896\n|switch|p2a: Sunshine|Volcarona, M|100\/100\n|turn|10\n|\n|t:|1698298901\n|move|p1a: Bon Scott|Electro Drift|p2a: Sunshine\n|-damage|p2a: Sunshine|42\/100\n|move|p2a: Sunshine|Fiery Dance|p1a: Bon Scott\n|-resisted|p1a: Bon Scott\n|-damage|p1a: Bon Scott|4\/100 psn\n|-boost|p2a: Sunshine|spa|1\n|-damage|p2a: Sunshine|32\/100|[from] item: Life Orb\n|\n|-damage|p1a: Bon Scott|0 fnt|[from] psn\n|faint|p1a: Bon Scott\n|upkeep\n|\n|t:|1698298917\n|switch|p1a: Chief|Koraidon|100\/100\n|-damage|p1a: Chief|94\/100|[from] Stealth Rock\n|-status|p1a: Chief|psn\n|-weather|SunnyDay|[from] ability: Orichalcum Pulse|[of] p1a: Chief\n|-activate|p1a: Chief|Orichalcum Pulse|[source]\n|turn|11\n|\n|t:|1698298925\n|move|p1a: Chief|Flare Blitz|p2a: Sunshine\n|-damage|p2a: Sunshine|0 fnt\n|faint|p2a: Sunshine\n|-damage|p1a: Chief|85\/100 psn|[from] Recoil\n|\n|-weather|SunnyDay|[upkeep]\n|-damage|p1a: Chief|73\/100 psn|[from] psn\n|upkeep\n|\n|t:|1698298937\n|switch|p2a: Blossom|Shaymin-Sky|100\/100\n|turn|12\n|\n|t:|1698298941\n|move|p1a: Chief|Flare Blitz|p2a: Blossom\n|-supereffective|p2a: Blossom\n|-damage|p2a: Blossom|0 fnt\n|faint|p2a: Blossom\n|-damage|p1a: Chief|40\/100 psn|[from] Recoil\n|\n|-weather|SunnyDay|[upkeep]\n|-damage|p1a: Chief|27\/100 psn|[from] psn\n|upkeep\n|\n|t:|1698298948\n|switch|p2a: Uther|Kingambit, M|100\/100\n|-activate|p2a: Uther|ability: Supreme Overlord\n|-start|p2a: Uther|fallen5|[silent]\n|turn|13\n|\n|t:|1698298954\n|move|p2a: Uther|Sucker Punch|p1a: Chief\n|-resisted|p1a: Chief\n|-damage|p1a: Chief|1\/100 psn\n|move|p1a: Chief|Flare Blitz|p2a: Uther\n|-supereffective|p2a: Uther\n|-enditem|p2a: Uther|Focus Sash\n|-damage|p2a: Uther|1\/100\n|-damage|p1a: Chief|0 fnt|[from] Recoil\n|faint|p1a: Chief\n|\n|-weather|SunnyDay|[upkeep]\n|upkeep\n|c|\u2606BiotechGodzilla|go to bed\n|\n|t:|1698298967\n|switch|p1a: Zorro|Zacian-Crowned, shiny|100\/100\n|-damage|p1a: Zorro|94\/100|[from] Stealth Rock\n|-ability|p1a: Zorro|Intrepid Sword|boost\n|-boost|p1a: Zorro|atk|1\n|turn|14\n|\n|t:|1698298974\n|move|p1a: Zorro|Play Rough|p2a: Uther\n|-damage|p2a: Uther|0 fnt\n|faint|p2a: Uther\n|-end|p2a: Uther|fallen5|[silent]\n|\n|win|BiotechGodzilla\n|raw|BiotechGodzilla's rating: 1000 &rarr; <strong>1052<\/strong><br \/>(+52 for winning)\n|raw|Yowkuw's rating: 1110 &rarr; <strong>1077<\/strong><br \/>(-33 for losing)\n|c|\u2606Yowkuw|gg\n|c|\u2606BiotechGodzilla|gg\n|l|\u2606Yowkuw\n|c|\u2606BiotechGodzilla|AJ\n","uploadtime":1698299001,"views":12,"p1id":"biotechgodzilla","p2id":"yowkuw","formatid":"gen9ubers","rating":1052,"private":0,"password":""}