{"id":"gen9ubers-1982080561","p1":"FrostyRandom02","p2":"LuukTheGamer","format":"[Gen 9] Ubers","log":"|j|\u2606FrostyRandom02\n|j|\u2606LuukTheGamer\n|t:|1698965864\n|gametype|singles\n|player|p1|FrostyRandom02|riley|\n|player|p2|LuukTheGamer|mira|\n|teamsize|p1|6\n|teamsize|p2|6\n|gen|9\n|tier|[Gen 9] Ubers\n|rule|Sleep Clause Mod: Limit one foe put to sleep\n|rule|Species Clause: Limit one of each Pok\u00e9mon\n|rule|OHKO Clause: OHKO moves are banned\n|rule|Evasion Items Clause: Evasion items are banned\n|rule|Evasion Moves Clause: Evasion moves are banned\n|rule|Endless Battle Clause: Forcing endless battles is banned\n|rule|HP Percentage Mod: HP is shown in percentages\n|clearpoke\n|poke|p1|Okidogi, M|\n|poke|p1|Cyclizar, F|\n|poke|p1|Chi-Yu|\n|poke|p1|Espathra, M|\n|poke|p1|Rillaboom, F|\n|poke|p1|Zacian-*|\n|poke|p2|Dialga-Origin|\n|poke|p2|Rillaboom, F|\n|poke|p2|Arceus-Fire|\n|poke|p2|Espathra, F|\n|poke|p2|Donphan, L6, F|\n|poke|p2|Sneasler, F|\n|teampreview\n|inactive|Battle timer is ON: inactive players will automatically lose when time's up. (requested by LuukTheGamer)\n|j| Leo Justice\n|\n|t:|1698965887\n|start\n|switch|p1a: Espathra|Espathra, M|100\/100\n|switch|p2a: Rock 5ever|Donphan, L6, F|100\/100\n|turn|1\n|\n|t:|1698965894\n|move|p1a: Espathra|Calm Mind|p1a: Espathra\n|-boost|p1a: Espathra|spa|1\n|-boost|p1a: Espathra|spd|1\n|move|p2a: Rock 5ever|Stealth Rock|p1a: Espathra\n|-sidestart|p1: FrostyRandom02|move: Stealth Rock\n|\n|-ability|p1a: Espathra|Speed Boost|boost\n|-boost|p1a: Espathra|spe|1\n|upkeep\n|turn|2\n|\n|t:|1698965905\n|move|p1a: Espathra|Calm Mind|p1a: Espathra\n|-boost|p1a: Espathra|spa|1\n|-boost|p1a: Espathra|spd|1\n|move|p2a: Rock 5ever|Endeavor|p1a: Espathra\n|-damage|p1a: Espathra|8\/100\n|\n|-ability|p1a: Espathra|Speed Boost|boost\n|-boost|p1a: Espathra|spe|1\n|upkeep\n|turn|3\n|\n|t:|1698965915\n|move|p1a: Espathra|Stored Power|p2a: Rock 5ever\n|-ability|p2a: Rock 5ever|Sturdy\n|-damage|p2a: Rock 5ever|4\/100\n|move|p2a: Rock 5ever|Knock Off|p1a: Espathra\n|-supereffective|p1a: Espathra\n|-damage|p1a: Espathra|7\/100\n|-enditem|p1a: Espathra|Grassy Seed|[from] move: Knock Off|[of] p2a: Rock 5ever\n|\n|-ability|p1a: Espathra|Speed Boost|boost\n|-boost|p1a: Espathra|spe|1\n|upkeep\n|turn|4\n|-enditem|p2a: Rock 5ever|Custap Berry|[eat]\n|-activate|p2a: Rock 5ever|item: Custap Berry|[consumed]\n|\n|t:|1698965923\n|move|p2a: Rock 5ever|Endeavor|p1a: Espathra\n|-damage|p1a: Espathra|1\/100\n|move|p1a: Espathra|Stored Power|p2a: Rock 5ever\n|-damage|p2a: Rock 5ever|0 fnt\n|faint|p2a: Rock 5ever\n|\n|-ability|p1a: Espathra|Speed Boost|boost\n|-boost|p1a: Espathra|spe|1\n|upkeep\n|\n|t:|1698965935\n|switch|p2a: Rillaboom|Rillaboom, F|100\/100\n|-fieldstart|move: Grassy Terrain|[from] ability: Grassy Surge|[of] p2a: Rillaboom\n|turn|5\n|\n|t:|1698965942\n|move|p1a: Espathra|Protect|p1a: Espathra\n|-singleturn|p1a: Espathra|Protect\n|move|p2a: Rillaboom|Grassy Glide|p1a: Espathra\n|-activate|p1a: Espathra|move: Protect\n|\n|-heal|p1a: Espathra|7\/100|[from] Grassy Terrain\n|-ability|p1a: Espathra|Speed Boost|boost\n|-boost|p1a: Espathra|spe|1\n|upkeep\n|turn|6\n|\n|t:|1698965947\n|move|p2a: Rillaboom|Grassy Glide|p1a: Espathra\n|-damage|p1a: Espathra|0 fnt\n|faint|p1a: Espathra\n|\n|upkeep\n|\n|t:|1698965951\n|switch|p1a: Okidogi|Okidogi, M|100\/100\n|-damage|p1a: Okidogi|94\/100|[from] Stealth Rock\n|turn|7\n|\n|t:|1698965975\n|switch|p2a: Sneasler|Sneasler, F, shiny|100\/100\n|-enditem|p2a: Sneasler|Grassy Seed\n|-boost|p2a: Sneasler|def|1|[from] item: Grassy Seed\n|move|p1a: Okidogi|Bulk Up|p1a: Okidogi\n|-boost|p1a: Okidogi|atk|1\n|-boost|p1a: Okidogi|def|1\n|\n|-heal|p1a: Okidogi|100\/100|[from] Grassy Terrain\n|upkeep\n|turn|8\n|\n|t:|1698965986\n|move|p2a: Sneasler|Swords Dance|p2a: Sneasler\n|-boost|p2a: Sneasler|atk|2\n|move|p1a: Okidogi|Bulk Up|p1a: Okidogi\n|-boost|p1a: Okidogi|atk|1\n|-boost|p1a: Okidogi|def|1\n|\n|upkeep\n|turn|9\n|c| Leo Justice|The battle of the poison fighting types\n|\n|t:|1698965995\n|move|p2a: Sneasler|Swords Dance|p2a: Sneasler\n|-boost|p2a: Sneasler|atk|2\n|move|p1a: Okidogi|Poison Jab|p2a: Sneasler\n|-resisted|p2a: Sneasler\n|-damage|p2a: Sneasler|60\/100\n|\n|-heal|p2a: Sneasler|66\/100|[from] Grassy Terrain\n|-fieldend|move: Grassy Terrain\n|upkeep\n|turn|10\n|inactive|LuukTheGamer has 270 seconds left.\n|\n|t:|1698966023\n|-terastallize|p2a: Sneasler|Flying\n|move|p2a: Sneasler|Acrobatics|p1a: Okidogi\n|-supereffective|p1a: Okidogi\n|-damage|p1a: Okidogi|0 fnt\n|faint|p1a: Okidogi\n|\n|upkeep\n|\n|t:|1698966033\n|switch|p1a: Rillaboom|Rillaboom, F|100\/100\n|-damage|p1a: Rillaboom|88\/100|[from] Stealth Rock\n|-fieldstart|move: Grassy Terrain|[from] ability: Grassy Surge|[of] p1a: Rillaboom\n|turn|11\n|\n|t:|1698966040\n|move|p1a: Rillaboom|Grassy Glide|p2a: Sneasler\n|-resisted|p2a: Sneasler\n|-damage|p2a: Sneasler|32\/100\n|move|p2a: Sneasler|Acrobatics|p1a: Rillaboom\n|-supereffective|p1a: Rillaboom\n|-damage|p1a: Rillaboom|0 fnt\n|faint|p1a: Rillaboom\n|\n|upkeep\n|\n|t:|1698966045\n|switch|p1a: Cyclizar|Cyclizar, F|100\/100\n|turn|12\n|\n|t:|1698966048\n|move|p2a: Sneasler|Acrobatics|p1a: Cyclizar\n|-damage|p1a: Cyclizar|0 fnt\n|faint|p1a: Cyclizar\n|\n|upkeep\n|c|\u2606FrostyRandom02|Yeah its over\n|\n|t:|1698966053\n|switch|p1a: Zacian|Zacian|100\/100\n|-ability|p1a: Zacian|Intrepid Sword|boost\n|-boost|p1a: Zacian|atk|1\n|turn|13\n|c|\u2606FrostyRandom02|Dude why are fear strats even allowed tbh\n|\n|t:|1698966065\n|move|p2a: Sneasler|Acrobatics|p1a: Zacian\n|-damage|p1a: Zacian|0 fnt\n|faint|p1a: Zacian\n|\n|upkeep\n|\n|t:|1698966068\n|switch|p1a: Chi-Yu|Chi-Yu|100\/100\n|-damage|p1a: Chi-Yu|76\/100|[from] Stealth Rock\n|-ability|p1a: Chi-Yu|Beads of Ruin\n|turn|14\n|c|\u2606LuukTheGamer|i have no clue\n|\n|t:|1698966073\n|move|p2a: Sneasler|Acrobatics|p1a: Chi-Yu\n|-damage|p1a: Chi-Yu|0 fnt\n|faint|p1a: Chi-Yu\n|\n|win|LuukTheGamer\n|l|\u2606FrostyRandom02\n|c|\u2606LuukTheGamer|gg\n|j|\u2606FrostyRandom02\n|player|p1|FrostyRandom02|riley\n|l|\u2606LuukTheGamer\n","uploadtime":1698966084,"views":30,"p1id":"frostyrandom02","p2id":"luukthegamer","formatid":"gen9ubers","rating":0,"private":0,"password":""}