{"id":"gen9ubers-1988415993","p1":"mrsrr","p2":"LITLE0","format":"[Gen 9] Ubers","log":"|j|\u2606mrsrr\n|j|\u2606LITLE0\n|t:|1699720536\n|gametype|singles\n|player|p1|mrsrr|2|1163\n|player|p2|LITLE0|brock|1142\n|teamsize|p1|6\n|teamsize|p2|6\n|gen|9\n|tier|[Gen 9] Ubers\n|rated|\n|rule|Sleep Clause Mod: Limit one foe put to sleep\n|rule|Species Clause: Limit one of each Pok\u00e9mon\n|rule|OHKO Clause: OHKO moves are banned\n|rule|Evasion Items Clause: Evasion items are banned\n|rule|Evasion Moves Clause: Evasion moves are banned\n|rule|Endless Battle Clause: Forcing endless battles is banned\n|rule|HP Percentage Mod: HP is shown in percentages\n|clearpoke\n|poke|p1|Iron Hands|\n|poke|p1|Iron Leaves|\n|poke|p1|Miraidon|\n|poke|p1|Lurantis, F|\n|poke|p1|Koraidon|\n|poke|p1|Sandy Shocks|\n|poke|p2|Clefable, F|\n|poke|p2|Corviknight, M|\n|poke|p2|Garchomp, M|\n|poke|p2|Palafin, M|\n|poke|p2|Thundurus-Therian, M|\n|poke|p2|Volcarona, F|\n|teampreview\n|inactive|Battle timer is ON: inactive players will automatically lose when time's up. (requested by mrsrr)\n|\n|t:|1699720556\n|start\n|switch|p1a: Miraidon|Miraidon|100\/100\n|switch|p2a: Palafin|Palafin, M|100\/100\n|-fieldstart|move: Electric Terrain|[from] ability: Hadron Engine|[of] p1a: Miraidon\n|turn|1\n|\n|t:|1699720563\n|detailschange|p2a: Palafin|Palafin-Hero, M\n|switch|p2a: Thundurus|Thundurus-Therian, M|100\/100\n|move|p1a: Miraidon|Electro Drift|p2a: Thundurus\n|-immune|p2a: Thundurus|[from] ability: Volt Absorb\n|\n|upkeep\n|turn|2\n|\n|t:|1699720573\n|switch|p1a: Iron Leaves|Iron Leaves|100\/100\n|-activate|p1a: Iron Leaves|ability: Quark Drive\n|-start|p1a: Iron Leaves|quarkdriveatk\n|switch|p2a: Clefable|Clefable, F|100\/100\n|\n|upkeep\n|turn|3\n|\n|t:|1699720582\n|move|p1a: Iron Leaves|Psyblade|p2a: Clefable\n|-damage|p2a: Clefable|7\/100\n|move|p2a: Clefable|Wish|p2a: Clefable\n|\n|-heal|p2a: Clefable|13\/100|[from] item: Leftovers\n|upkeep\n|turn|4\n|\n|t:|1699720587\n|move|p2a: Clefable|Protect|p2a: Clefable\n|-singleturn|p2a: Clefable|Protect\n|move|p1a: Iron Leaves|Psyblade|p2a: Clefable\n|-activate|p2a: Clefable|move: Protect\n|\n|-heal|p2a: Clefable|63\/100|[from] move: Wish|[wisher] Clefable\n|-heal|p2a: Clefable|69\/100|[from] item: Leftovers\n|upkeep\n|turn|5\n|\n|t:|1699720595\n|switch|p2a: Corviknight|Corviknight, M|100\/100\n|move|p1a: Iron Leaves|Psyblade|p2a: Corviknight\n|-resisted|p2a: Corviknight\n|-damage|p2a: Corviknight|76\/100\n|\n|-heal|p2a: Corviknight|82\/100|[from] item: Leftovers\n|-fieldend|move: Electric Terrain\n|-end|p1a: Iron Leaves|Quark Drive\n|upkeep\n|turn|6\n|\n|t:|1699720607\n|-end|p1a: Iron Leaves|Quark Drive|[silent]\n|switch|p1a: Sandy Shocks|Sandy Shocks|100\/100\n|move|p2a: Corviknight|U-turn|p1a: Sandy Shocks\n|-damage|p1a: Sandy Shocks|85\/100\n|\n|t:|1699720614\n|switch|p2a: Palafin|Palafin-Hero, M|100\/100|[from] U-turn\n|-activate|p2a: Palafin|ability: Zero to Hero\n|\n|upkeep\n|turn|7\n|\n|t:|1699720620\n|move|p2a: Palafin|Jet Punch|p1a: Sandy Shocks\n|-supereffective|p1a: Sandy Shocks\n|-damage|p1a: Sandy Shocks|0 fnt\n|faint|p1a: Sandy Shocks\n|-end|p1a: Sandy Shocks|Protosynthesis|[silent]\n|-damage|p2a: Palafin|91\/100|[from] item: Life Orb\n|\n|upkeep\n|\n|t:|1699720627\n|switch|p1a: Miraidon|Miraidon|100\/100\n|-fieldstart|move: Electric Terrain|[from] ability: Hadron Engine|[of] p1a: Miraidon\n|turn|8\n|\n|t:|1699720636\n|switch|p2a: Thundurus|Thundurus-Therian, M|100\/100\n|move|p1a: Miraidon|Electro Drift|p2a: Thundurus\n|-immune|p2a: Thundurus|[from] ability: Volt Absorb\n|\n|upkeep\n|turn|9\n|\n|t:|1699720646\n|switch|p1a: Iron Leaves|Iron Leaves|100\/100\n|-activate|p1a: Iron Leaves|ability: Quark Drive\n|-start|p1a: Iron Leaves|quarkdriveatk\n|move|p2a: Thundurus|Volt Switch|p1a: Iron Leaves\n|-resisted|p1a: Iron Leaves\n|-damage|p1a: Iron Leaves|82\/100\n|\n|t:|1699720658\n|switch|p2a: Corviknight|Corviknight, M|82\/100|[from] Volt Switch\n|\n|-heal|p1a: Iron Leaves|88\/100|[from] item: Leftovers\n|-heal|p2a: Corviknight|88\/100|[from] item: Leftovers\n|upkeep\n|turn|10\n|\n|t:|1699720666\n|move|p1a: Iron Leaves|Sacred Sword|p2a: Corviknight\n|-damage|p2a: Corviknight|64\/100\n|move|p2a: Corviknight|U-turn|p1a: Iron Leaves\n|-supereffective|p1a: Iron Leaves\n|-damage|p1a: Iron Leaves|26\/100\n|\n|t:|1699720683\n|switch|p2a: Palafin|Palafin-Hero, M|91\/100|[from] U-turn\n|\n|-heal|p1a: Iron Leaves|32\/100|[from] item: Leftovers\n|upkeep\n|turn|11\n|\n|t:|1699720692\n|move|p2a: Palafin|Jet Punch|p1a: Iron Leaves\n|-resisted|p1a: Iron Leaves\n|-damage|p1a: Iron Leaves|0 fnt\n|faint|p1a: Iron Leaves\n|-end|p1a: Iron Leaves|Quark Drive|[silent]\n|-damage|p2a: Palafin|81\/100|[from] item: Life Orb\n|\n|upkeep\n|\n|t:|1699720697\n|switch|p1a: Iron Hands|Iron Hands|100\/100\n|-activate|p1a: Iron Hands|ability: Quark Drive\n|-start|p1a: Iron Hands|quarkdriveatk\n|turn|12\n|\n|t:|1699720708\n|switch|p2a: Garchomp|Garchomp, M|100\/100\n|move|p1a: Iron Hands|Fake Out|p2a: Garchomp\n|-damage|p2a: Garchomp|83\/100\n|-damage|p1a: Iron Hands|88\/100|[from] ability: Rough Skin|[of] p2a: Garchomp\n|\n|-fieldend|move: Electric Terrain\n|-end|p1a: Iron Hands|Quark Drive\n|upkeep\n|turn|13\n|\n|t:|1699720719\n|move|p2a: Garchomp|Earthquake|p1a: Iron Hands\n|-supereffective|p1a: Iron Hands\n|-damage|p1a: Iron Hands|24\/100\n|move|p1a: Iron Hands|Play Rough|p2a: Garchomp|[miss]\n|-miss|p1a: Iron Hands|p2a: Garchomp\n|\n|upkeep\n|turn|14\n|\n|t:|1699720742\n|move|p2a: Garchomp|Earthquake|p1a: Iron Hands\n|-supereffective|p1a: Iron Hands\n|-damage|p1a: Iron Hands|0 fnt\n|faint|p1a: Iron Hands\n|-end|p1a: Iron Hands|Quark Drive|[silent]\n|\n|upkeep\n|inactive|mrsrr has 120 seconds left.\n|\n|t:|1699720783\n|switch|p1a: Miraidon|Miraidon|100\/100\n|-fieldstart|move: Electric Terrain|[from] ability: Hadron Engine|[of] p1a: Miraidon\n|turn|15\n|\n|t:|1699720789\n|switch|p2a: Clefable|Clefable, F|69\/100\n|move|p1a: Miraidon|Dragon Pulse|p2a: Clefable\n|-immune|p2a: Clefable\n|\n|-heal|p2a: Clefable|75\/100|[from] item: Leftovers\n|upkeep\n|turn|16\n|\n|t:|1699720800\n|move|p1a: Miraidon|Flash Cannon|p2a: Clefable\n|-supereffective|p2a: Clefable\n|-damage|p2a: Clefable|21\/100\n|move|p2a: Clefable|Ice Beam|p1a: Miraidon\n|-supereffective|p1a: Miraidon\n|-damage|p1a: Miraidon|67\/100\n|\n|-heal|p1a: Miraidon|73\/100|[from] item: Leftovers\n|-heal|p2a: Clefable|27\/100|[from] item: Leftovers\n|upkeep\n|turn|17\n|l|\u2606LITLE0\n|inactive|LITLE0 disconnected and has a minute to reconnect!\n|player|p2|\n|j|\u2606LITLE0\n|inactive|LITLE0 reconnected and has 145 seconds left.\n|player|p2|LITLE0|brock\n|inactive|mrsrr has 90 seconds left.\n|\n|t:|1699720857\n|move|p2a: Clefable|Protect|p2a: Clefable\n|-singleturn|p2a: Clefable|Protect\n|move|p1a: Miraidon|Dazzling Gleam|p2a: Clefable\n|-activate|p2a: Clefable|move: Protect\n|\n|-heal|p1a: Miraidon|79\/100|[from] item: Leftovers\n|-heal|p2a: Clefable|33\/100|[from] item: Leftovers\n|upkeep\n|turn|18\n|\n|t:|1699720867\n|switch|p2a: Corviknight|Corviknight, M|64\/100\n|move|p1a: Miraidon|Flash Cannon|p2a: Corviknight\n|-resisted|p2a: Corviknight\n|-damage|p2a: Corviknight|44\/100\n|\n|-heal|p1a: Miraidon|86\/100|[from] item: Leftovers\n|-heal|p2a: Corviknight|50\/100|[from] item: Leftovers\n|upkeep\n|turn|19\n|\n|t:|1699720878\n|switch|p2a: Thundurus|Thundurus-Therian, M|100\/100\n|move|p1a: Miraidon|Electro Drift|p2a: Thundurus\n|-immune|p2a: Thundurus|[from] ability: Volt Absorb\n|\n|-heal|p1a: Miraidon|92\/100|[from] item: Leftovers\n|-fieldend|move: Electric Terrain\n|upkeep\n|turn|20\n|\n|t:|1699720897\n|switch|p1a: Lurantis|Lurantis, F, shiny|100\/100\n|move|p2a: Thundurus|Volt Switch|p1a: Lurantis\n|-resisted|p1a: Lurantis\n|-damage|p1a: Lurantis|78\/100\n|\n|t:|1699720902\n|switch|p2a: Volcarona|Volcarona, F|100\/100|[from] Volt Switch\n|\n|-heal|p1a: Lurantis|84\/100|[from] item: Leftovers\n|upkeep\n|turn|21\n|\n|t:|1699720909\n|move|p2a: Volcarona|Quiver Dance|p2a: Volcarona\n|-boost|p2a: Volcarona|spa|1\n|-boost|p2a: Volcarona|spd|1\n|-boost|p2a: Volcarona|spe|1\n|move|p1a: Lurantis|Knock Off|p2a: Volcarona\n|-damage|p2a: Volcarona|57\/100\n|-enditem|p2a: Volcarona|Heavy-Duty Boots|[from] move: Knock Off|[of] p1a: Lurantis\n|\n|-heal|p1a: Lurantis|90\/100|[from] item: Leftovers\n|upkeep\n|turn|22\n|\n|t:|1699720921\n|switch|p1a: Koraidon|Koraidon|100\/100\n|-weather|SunnyDay|[from] ability: Orichalcum Pulse|[of] p1a: Koraidon\n|-activate|p1a: Koraidon|Orichalcum Pulse|[source]\n|move|p2a: Volcarona|Fiery Dance|p1a: Koraidon\n|-resisted|p1a: Koraidon\n|-damage|p1a: Koraidon|56\/100\n|-boost|p2a: Volcarona|spa|1\n|\n|-weather|SunnyDay|[upkeep]\n|-heal|p1a: Koraidon|62\/100|[from] item: Leftovers\n|upkeep\n|turn|23\n|\n|t:|1699720934\n|-terastallize|p2a: Volcarona|Psychic\n|move|p2a: Volcarona|Psychic|p1a: Koraidon\n|-supereffective|p1a: Koraidon\n|-damage|p1a: Koraidon|0 fnt\n|faint|p1a: Koraidon\n|\n|-weather|SunnyDay|[upkeep]\n|upkeep\n|\n|t:|1699720940\n|switch|p1a: Miraidon|Miraidon|92\/100\n|-fieldstart|move: Electric Terrain|[from] ability: Hadron Engine|[of] p1a: Miraidon\n|turn|24\n|\n|t:|1699720945\n|move|p2a: Volcarona|Psychic|p1a: Miraidon\n|-damage|p1a: Miraidon|5\/100\n|move|p1a: Miraidon|Electro Drift|p2a: Volcarona\n|-damage|p2a: Volcarona|0 fnt\n|faint|p2a: Volcarona\n|\n|-weather|SunnyDay|[upkeep]\n|-heal|p1a: Miraidon|11\/100|[from] item: Leftovers\n|upkeep\n|\n|t:|1699720954\n|switch|p2a: Palafin|Palafin-Hero, M|81\/100\n|turn|25\n|inactive|mrsrr has 90 seconds left.\n|\n|t:|1699720981\n|switch|p1a: Lurantis|Lurantis, F, shiny|90\/100\n|move|p2a: Palafin|Jet Punch|p1a: Lurantis\n|-resisted|p1a: Lurantis\n|-damage|p1a: Lurantis|75\/100\n|-damage|p2a: Palafin|71\/100|[from] item: Life Orb\n|\n|-weather|SunnyDay|[upkeep]\n|-heal|p1a: Lurantis|81\/100|[from] item: Leftovers\n|upkeep\n|turn|26\n|\n|t:|1699720991\n|move|p2a: Palafin|Flip Turn|p1a: Lurantis\n|-resisted|p1a: Lurantis\n|-damage|p1a: Lurantis|68\/100\n|-damage|p2a: Palafin|61\/100|[from] item: Life Orb\n|\n|t:|1699720999\n|switch|p2a: Garchomp|Garchomp, M|83\/100|[from] Flip Turn\n|move|p1a: Lurantis|Leaf Storm|p2a: Garchomp\n|-damage|p2a: Garchomp|30\/100\n|-boost|p1a: Lurantis|spa|2\n|\n|-weather|none\n|-heal|p1a: Lurantis|74\/100|[from] item: Leftovers\n|upkeep\n|turn|27\n|inactive|mrsrr has 90 seconds left.\n|\n|t:|1699721023\n|move|p2a: Garchomp|Poison Jab|p1a: Lurantis\n|-supereffective|p1a: Lurantis\n|-damage|p1a: Lurantis|6\/100\n|move|p1a: Lurantis|Synthesis|p1a: Lurantis\n|-heal|p1a: Lurantis|56\/100\n|\n|-heal|p1a: Lurantis|62\/100|[from] item: Leftovers\n|upkeep\n|turn|28\n|\n|t:|1699721034\n|move|p2a: Garchomp|Poison Jab|p1a: Lurantis\n|-supereffective|p1a: Lurantis\n|-damage|p1a: Lurantis|0 fnt\n|faint|p1a: Lurantis\n|\n|-fieldend|move: Electric Terrain\n|upkeep\n|\n|t:|1699721041\n|switch|p1a: Miraidon|Miraidon|11\/100\n|-fieldstart|move: Electric Terrain|[from] ability: Hadron Engine|[of] p1a: Miraidon\n|turn|29\n|\n|t:|1699721045\n|move|p1a: Miraidon|Dragon Pulse|p2a: Garchomp\n|-supereffective|p2a: Garchomp\n|-damage|p2a: Garchomp|0 fnt\n|faint|p2a: Garchomp\n|\n|-heal|p1a: Miraidon|17\/100|[from] item: Leftovers\n|upkeep\n|\n|t:|1699721047\n|switch|p2a: Palafin|Palafin-Hero, M|61\/100\n|turn|30\n|\n|t:|1699721053\n|move|p2a: Palafin|Jet Punch|p1a: Miraidon\n|-resisted|p1a: Miraidon\n|-damage|p1a: Miraidon|0 fnt\n|faint|p1a: Miraidon\n|-damage|p2a: Palafin|51\/100|[from] item: Life Orb\n|\n|win|LITLE0\n|raw|mrsrr's rating: 1147 &rarr; <strong>1122<\/strong><br \/>(-25 for losing)\n|raw|LITLE0's rating: 1142 &rarr; <strong>1167<\/strong><br \/>(+25 for winning)\n","uploadtime":1699721057,"views":5,"p1id":"mrsrr","p2id":"litle0","formatid":"gen9ubers","rating":1122,"private":0,"password":""}