{"id":"gen9ubers-1999784819","p1":"Blitz2656","p2":"Dragon Master Rosa","format":"[Gen 9] Ubers","log":"|j|\u2606Blitz2656\n|j|\u2606Dragon Master Rosa\n|t:|1701116437\n|gametype|singles\n|player|p1|Blitz2656|mustard-master|\n|player|p2|Dragon Master Rosa|dragontamer-gen9|\n|teamsize|p1|6\n|teamsize|p2|6\n|gen|9\n|tier|[Gen 9] Ubers\n|rule|Sleep Clause Mod: Limit one foe put to sleep\n|rule|Species Clause: Limit one of each Pok\u00e9mon\n|rule|OHKO Clause: OHKO moves are banned\n|rule|Evasion Items Clause: Evasion items are banned\n|rule|Evasion Moves Clause: Evasion moves are banned\n|rule|Endless Battle Clause: Forcing endless battles is banned\n|rule|HP Percentage Mod: HP is shown in percentages\n|clearpoke\n|poke|p1|Palafin, M|\n|poke|p1|Medicham, M|\n|poke|p1|Tornadus-Therian, M|\n|poke|p1|Yanma, F|\n|poke|p1|Thundurus, M|\n|poke|p1|Ursaluna-Bloodmoon, M|\n|poke|p2|Iron Hands|\n|poke|p2|Slowking-Galar, M|\n|poke|p2|Zoroark-Hisui, M|\n|poke|p2|Palafin, M|\n|poke|p2|Greninja-*, M|\n|poke|p2|Weezing-Galar, F|\n|teampreview\n|inactive|Battle timer is ON: inactive players will automatically lose when time's up. (requested by Blitz2656)\n|inactive|Blitz2656 has 270 seconds left.\n|inactive|Dragon Master Rosa has 270 seconds left.\n|inactive|Dragon Master Rosa has 240 seconds left.\n|inactiveoff|Battle timer is now OFF.\n|\n|t:|1701116509\n|start\n|switch|p1a: Yanma|Yanma, F|100\/100\n|switch|p2a: Izzy Hands|Iron Hands|100\/100\n|turn|1\n|\n|t:|1701116518\n|move|p1a: Yanma|Hypnosis|p2a: Izzy Hands|[miss]\n|-miss|p1a: Yanma|p2a: Izzy Hands\n|move|p2a: Izzy Hands|Volt Switch|p1a: Yanma\n|-supereffective|p1a: Yanma\n|-damage|p1a: Yanma|23\/100\n|\n|t:|1701116526\n|-end|p2a: Izzy Hands|Quark Drive|[silent]\n|switch|p2a: Mary Bonnet|Weezing-Galar, F|100\/100|[from] Volt Switch\n|\n|-ability|p1a: Yanma|Speed Boost|boost\n|-boost|p1a: Yanma|spe|1\n|upkeep\n|turn|2\n|\n|t:|1701116531\n|move|p1a: Yanma|Hypnosis|p2a: Mary Bonnet\n|-status|p2a: Mary Bonnet|slp|[from] move: Hypnosis\n|cant|p2a: Mary Bonnet|slp\n|\n|-ability|p1a: Yanma|Speed Boost|boost\n|-boost|p1a: Yanma|spe|1\n|upkeep\n|turn|3\n|\n|t:|1701116541\n|switch|p1a: Palafin|Palafin, M|100\/100\n|-curestatus|p2a: Mary Bonnet|slp|[msg]\n|move|p2a: Mary Bonnet|Will-O-Wisp|p1a: Palafin\n|-status|p1a: Palafin|brn\n|\n|-damage|p1a: Palafin|94\/100 brn|[from] brn\n|upkeep\n|turn|4\n|\n|t:|1701116548\n|switch|p2a: Black Pete|Palafin, M|100\/100\n|move|p1a: Palafin|Surf|p2a: Black Pete\n|-resisted|p2a: Black Pete\n|-damage|p2a: Black Pete|70\/100\n|\n|-damage|p1a: Palafin|88\/100 brn|[from] brn\n|upkeep\n|turn|5\n|\n|t:|1701116553\n|detailschange|p1a: Palafin|Palafin-Hero, M\n|switch|p1a: Thundurus|Thundurus, M|100\/100\n|move|p2a: Black Pete|Draining Kiss|p1a: Thundurus\n|-damage|p1a: Thundurus|80\/100\n|-heal|p2a: Black Pete|84\/100|[from] drain|[of] p1a: Thundurus\n|\n|upkeep\n|turn|6\n|\n|t:|1701116563\n|detailschange|p2a: Black Pete|Palafin-Hero, M\n|switch|p2a: Mary Bonnet|Weezing-Galar, F|100\/100\n|move|p1a: Thundurus|Swagger|p2a: Mary Bonnet\n|-boost|p2a: Mary Bonnet|atk|2\n|-enditem|p1a: Thundurus|Mirror Herb\n|-boost|p1a: Thundurus|atk|2|[from] item: Mirror Herb\n|-start|p2a: Mary Bonnet|confusion\n|\n|upkeep\n|turn|7\n|\n|t:|1701116573\n|move|p1a: Thundurus|Thunder Wave|p2a: Mary Bonnet\n|-status|p2a: Mary Bonnet|par\n|-activate|p2a: Mary Bonnet|confusion\n|-damage|p2a: Mary Bonnet|92\/100 par|[from] confusion\n|\n|-heal|p2a: Mary Bonnet|98\/100 par|[from] item: Leftovers\n|upkeep\n|turn|8\n|\n|t:|1701116578\n|move|p1a: Thundurus|Acrobatics|p2a: Mary Bonnet\n|-damage|p2a: Mary Bonnet|31\/100 par\n|-activate|p2a: Mary Bonnet|confusion\n|move|p2a: Mary Bonnet|Clear Smog|p1a: Thundurus\n|-damage|p1a: Thundurus|62\/100\n|-clearboost|p1a: Thundurus\n|\n|-heal|p2a: Mary Bonnet|37\/100 par|[from] item: Leftovers\n|upkeep\n|turn|9\n|\n|t:|1701116584\n|move|p1a: Thundurus|Acrobatics|p2a: Mary Bonnet\n|-damage|p2a: Mary Bonnet|6\/100 par\n|-activate|p2a: Mary Bonnet|confusion\n|cant|p2a: Mary Bonnet|par\n|\n|-heal|p2a: Mary Bonnet|12\/100 par|[from] item: Leftovers\n|upkeep\n|turn|10\n|\n|t:|1701116590\n|switch|p2a: Stede Bonnet|Slowking-Galar, M|100\/100\n|move|p1a: Thundurus|Acrobatics|p2a: Stede Bonnet\n|-crit|p2a: Stede Bonnet\n|-damage|p2a: Stede Bonnet|21\/100\n|\n|-heal|p2a: Stede Bonnet|27\/100|[from] item: Leftovers\n|upkeep\n|turn|11\n|\n|t:|1701116594\n|switch|p2a: Izzy Hands|Iron Hands|100\/100\n|move|p1a: Thundurus|Acrobatics|p2a: Izzy Hands\n|-damage|p2a: Izzy Hands|68\/100\n|\n|upkeep\n|turn|12\n|\n|t:|1701116601\n|move|p1a: Thundurus|Swagger|p2a: Izzy Hands\n|-boost|p2a: Izzy Hands|atk|2\n|-start|p2a: Izzy Hands|confusion\n|-activate|p2a: Izzy Hands|confusion\n|-damage|p2a: Izzy Hands|55\/100|[from] confusion\n|\n|upkeep\n|turn|13\n|\n|t:|1701116607\n|move|p1a: Thundurus|Acrobatics|p2a: Izzy Hands\n|-damage|p2a: Izzy Hands|23\/100\n|-activate|p2a: Izzy Hands|confusion\n|move|p2a: Izzy Hands|Volt Switch|p1a: Thundurus\n|-damage|p1a: Thundurus|22\/100\n|\n|t:|1701116618\n|-end|p2a: Izzy Hands|Quark Drive|[silent]\n|switch|p2a: Jim|Greninja, M|100\/100|[from] Volt Switch\n|\n|upkeep\n|turn|14\n|\n|t:|1701116625\n|move|p1a: Thundurus|Thunder Wave|p2a: Jim\n|-hint|Since gen 7, Dark is immune to Prankster moves.\n|-immune|p2a: Jim\n|move|p2a: Jim|Night Slash|p1a: Thundurus\n|-start|p2a: Jim|typechange|Dark|[from] ability: Protean\n|-damage|p1a: Thundurus|0 fnt\n|faint|p1a: Thundurus\n|\n|upkeep\n|c|\u2606Blitz2656|oh right oop\n|c|\u2606Blitz2656|(I def thought that was zororark)\n|\n|t:|1701116664\n|switch|p1a: Freddy Fastbear|Ursaluna-Bloodmoon, M|100\/100\n|turn|15\n|\n|t:|1701116673\n|switch|p2a: Izzy Hands|Iron Hands|23\/100\n|move|p1a: Freddy Fastbear|Body Slam|p2a: Izzy Hands\n|-damage|p2a: Izzy Hands|0 fnt\n|faint|p2a: Izzy Hands\n|-end|p2a: Izzy Hands|Quark Drive|[silent]\n|\n|upkeep\n|\n|t:|1701116684\n|switch|p2a: Black Pete|Palafin-Hero, M|84\/100\n|-activate|p2a: Black Pete|ability: Zero to Hero\n|turn|16\n|\n|t:|1701116692\n|move|p2a: Black Pete|Surf|p1a: Freddy Fastbear\n|-supereffective|p1a: Freddy Fastbear\n|-damage|p1a: Freddy Fastbear|0 fnt\n|faint|p1a: Freddy Fastbear\n|\n|upkeep\n|\n|t:|1701116711\n|switch|p1a: Tornadus|Tornadus-Therian, M|100\/100\n|turn|17\n|\n|t:|1701116724\n|switch|p2a: Mary Bonnet|Weezing-Galar, F|12\/100 par\n|move|p1a: Tornadus|Knock Off|p2a: Mary Bonnet\n|-resisted|p2a: Mary Bonnet\n|-damage|p2a: Mary Bonnet|3\/100 par\n|-enditem|p2a: Mary Bonnet|Leftovers|[from] move: Knock Off|[of] p1a: Tornadus\n|\n|upkeep\n|turn|18\n|\n|t:|1701116731\n|move|p1a: Tornadus|Knock Off|p2a: Mary Bonnet\n|-resisted|p2a: Mary Bonnet\n|-crit|p2a: Mary Bonnet\n|-damage|p2a: Mary Bonnet|0 fnt\n|faint|p2a: Mary Bonnet\n|\n|upkeep\n|\n|t:|1701116735\n|switch|p2a: Jim|Greninja, M|100\/100\n|turn|19\n|\n|t:|1701116744\n|-terastallize|p2a: Jim|Dark\n|move|p2a: Jim|Night Slash|p1a: Tornadus\n|-damage|p1a: Tornadus|29\/100\n|-enditem|p1a: Tornadus|Red Card|[of] p2a: Jim\n|drag|p2a: Black Pete|Palafin-Hero, M|100\/100\n|move|p1a: Tornadus|U-turn|p2a: Black Pete\n|-resisted|p2a: Black Pete\n|-crit|p2a: Black Pete\n|-damage|p2a: Black Pete|74\/100\n|replace|p2a: Blackbeard|Zoroark-Hisui, M\n|-end|p2a: Blackbeard|Illusion\n|\n|t:|1701116769\n|switch|p1a: Medicham|Medicham, M|100\/100|[from] U-turn\n|\n|upkeep\n|turn|20\n|\n|t:|1701116783\n|move|p1a: Medicham|Close Combat|p2a: Blackbeard\n|-immune|p2a: Blackbeard\n|move|p2a: Blackbeard|Poltergeist|p1a: Medicham\n|-activate|p1a: Medicham|move: Poltergeist|Choice Scarf\n|-supereffective|p1a: Medicham\n|-damage|p1a: Medicham|0 fnt\n|faint|p1a: Medicham\n|\n|upkeep\n|c|\u2606Blitz2656|Boo womp\n|\n|t:|1701116793\n|switch|p1a: Tornadus|Tornadus-Therian, M|62\/100\n|turn|21\n|\n|t:|1701116803\n|move|p1a: Tornadus|Bulk Up|p1a: Tornadus\n|-boost|p1a: Tornadus|atk|1\n|-boost|p1a: Tornadus|def|1\n|move|p2a: Blackbeard|Crunch|p1a: Tornadus\n|-damage|p1a: Tornadus|42\/100\n|\n|upkeep\n|turn|22\n|\n|t:|1701116812\n|move|p1a: Tornadus|Bulk Up|p1a: Tornadus\n|-boost|p1a: Tornadus|atk|1\n|-boost|p1a: Tornadus|def|1\n|move|p2a: Blackbeard|Crunch|p1a: Tornadus\n|-damage|p1a: Tornadus|27\/100\n|\n|upkeep\n|turn|23\n|\n|t:|1701116814\n|move|p1a: Tornadus|Knock Off|p2a: Blackbeard\n|-supereffective|p2a: Blackbeard\n|-damage|p2a: Blackbeard|0 fnt\n|-enditem|p2a: Blackbeard|Heavy-Duty Boots|[from] move: Knock Off|[of] p1a: Tornadus\n|faint|p2a: Blackbeard\n|\n|upkeep\n|\n|t:|1701116822\n|switch|p2a: Jim|Greninja, M, tera:Dark|100\/100\n|turn|24\n|\n|t:|1701116824\n|move|p2a: Jim|Night Slash|p1a: Tornadus\n|-damage|p1a: Tornadus|0 fnt\n|faint|p1a: Tornadus\n|\n|upkeep\n|\n|t:|1701116828\n|switch|p1a: Palafin|Palafin-Hero, M|88\/100 brn\n|-activate|p1a: Palafin|ability: Zero to Hero\n|turn|25\n|\n|t:|1701116844\n|-terastallize|p1a: Palafin|Normal\n|move|p2a: Jim|Night Slash|p1a: Palafin\n|-damage|p1a: Palafin|30\/100 brn\n|move|p1a: Palafin|Boomburst|p2a: Jim\n|-damage|p2a: Jim|0 fnt\n|faint|p2a: Jim\n|\n|-damage|p1a: Palafin|23\/100 brn|[from] brn\n|upkeep\n|\n|t:|1701116848\n|switch|p2a: Black Pete|Palafin-Hero, M|84\/100\n|turn|26\n|\n|t:|1701116851\n|move|p1a: Palafin|Boomburst|p2a: Black Pete\n|-damage|p2a: Black Pete|0 fnt\n|faint|p2a: Black Pete\n|\n|-damage|p1a: Palafin|17\/100 brn|[from] brn\n|upkeep\n|\n|t:|1701116853\n|switch|p2a: Stede Bonnet|Slowking-Galar, M|60\/100\n|turn|27\n|c|\u2606Blitz2656|epic speed tie moment\n|c|\u2606Dragon Master Rosa|happens\n|c|\u2606Dragon Master Rosa|gg\n|\n|t:|1701116857\n|move|p1a: Palafin|Boomburst|p2a: Stede Bonnet\n|-damage|p2a: Stede Bonnet|3\/100\n|move|p2a: Stede Bonnet|Slack Off|p2a: Stede Bonnet\n|-heal|p2a: Stede Bonnet|53\/100\n|\n|-heal|p2a: Stede Bonnet|59\/100|[from] item: Leftovers\n|-damage|p1a: Palafin|11\/100 brn|[from] brn\n|upkeep\n|turn|28\n|\n|t:|1701116861\n|move|p1a: Palafin|Boomburst|p2a: Stede Bonnet\n|-damage|p2a: Stede Bonnet|2\/100\n|move|p2a: Stede Bonnet|Slack Off|p2a: Stede Bonnet\n|-heal|p2a: Stede Bonnet|52\/100\n|\n|-heal|p2a: Stede Bonnet|58\/100|[from] item: Leftovers\n|-damage|p1a: Palafin|5\/100 brn|[from] brn\n|upkeep\n|turn|29\n|\n|t:|1701116863\n|move|p1a: Palafin|Boomburst|p2a: Stede Bonnet\n|-damage|p2a: Stede Bonnet|4\/100\n|move|p2a: Stede Bonnet|Slack Off|p2a: Stede Bonnet\n|-heal|p2a: Stede Bonnet|54\/100\n|\n|-heal|p2a: Stede Bonnet|60\/100|[from] item: Leftovers\n|-damage|p1a: Palafin|0 fnt|[from] brn\n|faint|p1a: Palafin\n|upkeep\n|\n|t:|1701116865\n|switch|p1a: Yanma|Yanma, F|23\/100\n|turn|30\n|c|\u2606Blitz2656|I believe in yama\n|c|\u2606Dragon Master Rosa|and now the fateful moment\n|\n|t:|1701116874\n|move|p1a: Yanma|Hypnosis|p2a: Stede Bonnet\n|-status|p2a: Stede Bonnet|slp|[from] move: Hypnosis\n|cant|p2a: Stede Bonnet|slp\n|\n|-heal|p2a: Stede Bonnet|66\/100 slp|[from] item: Leftovers\n|-ability|p1a: Yanma|Speed Boost|boost\n|-boost|p1a: Yanma|spe|1\n|upkeep\n|turn|31\n|c|\u2606Dragon Master Rosa|damn\n|\n|t:|1701116878\n|move|p1a: Yanma|Swords Dance|p1a: Yanma\n|-boost|p1a: Yanma|atk|2\n|-curestatus|p2a: Stede Bonnet|slp|[msg]\n|move|p2a: Stede Bonnet|Foul Play|p1a: Yanma\n|-damage|p1a: Yanma|0 fnt\n|faint|p1a: Yanma\n|\n|win|Dragon Master Rosa\n|c|\u2606Blitz2656|:(\n|c|\u2606Dragon Master Rosa|LMAO\n|c|\u2606Dragon Master Rosa|ggwp\n","uploadtime":1701116886,"views":5,"p1id":"blitz2656","p2id":"dragonmasterrosa","formatid":"gen9ubers","rating":0,"private":0,"password":""}