{"id":"gen9ubers-1969248585","p1":"EvilMsSmash","p2":"a regular bear","format":"[Gen 9] Ubers","log":"|j|\u2606EvilMsSmash\n|j|\u2606a regular bear\n|t:|1697505889\n|gametype|singles\n|player|p1|EvilMsSmash|nobunaga-conquest|1085\n|player|p2|a regular bear|rancher|1181\n|teamsize|p1|6\n|teamsize|p2|6\n|gen|9\n|tier|[Gen 9] Ubers\n|rated|\n|rule|Sleep Clause Mod: Limit one foe put to sleep\n|rule|Species Clause: Limit one of each Pok\u00e9mon\n|rule|OHKO Clause: OHKO moves are banned\n|rule|Evasion Items Clause: Evasion items are banned\n|rule|Evasion Moves Clause: Evasion moves are banned\n|rule|Endless Battle Clause: Forcing endless battles is banned\n|rule|HP Percentage Mod: HP is shown in percentages\n|clearpoke\n|poke|p1|Kyogre|\n|poke|p1|Koraidon|\n|poke|p1|Iron Treads|\n|poke|p1|Eternatus|\n|poke|p1|Arceus-Fairy|\n|poke|p1|Kingambit, M|\n|poke|p2|Iron Bundle|\n|poke|p2|Miraidon|\n|poke|p2|Chi-Yu|\n|poke|p2|Breloom, M|\n|poke|p2|Annihilape, M|\n|poke|p2|Rayquaza|\n|teampreview\n|inactive|Battle timer is ON: inactive players will automatically lose when time's up. (requested by a regular bear)\n|inactive|EvilMsSmash has 120 seconds left.\n|\n|t:|1697505923\n|start\n|switch|p1a: Koraidon|Koraidon|100\/100\n|switch|p2a: Breloom|Breloom, M|100\/100\n|-weather|SunnyDay|[from] ability: Orichalcum Pulse|[of] p1a: Koraidon\n|-activate|p1a: Koraidon|Orichalcum Pulse|[source]\n|turn|1\n|\n|t:|1697505932\n|move|p1a: Koraidon|U-turn|p2a: Breloom\n|-damage|p2a: Breloom|27\/100\n|\n|t:|1697505936\n|switch|p1a: Arceus|Arceus-Fairy|100\/100|[from] U-turn\n|move|p2a: Breloom|Spore|p1a: Arceus\n|-status|p1a: Arceus|slp|[from] move: Spore\n|\n|-weather|SunnyDay|[upkeep]\n|upkeep\n|turn|2\n|\n|t:|1697505954\n|switch|p2a: Annihilape|Annihilape, M|100\/100\n|cant|p1a: Arceus|slp\n|\n|-weather|SunnyDay|[upkeep]\n|upkeep\n|turn|3\n|\n|t:|1697505959\n|cant|p1a: Arceus|slp\n|move|p2a: Annihilape|Bulk Up|p2a: Annihilape\n|-boost|p2a: Annihilape|atk|1\n|-boost|p2a: Annihilape|def|1\n|\n|-weather|SunnyDay|[upkeep]\n|upkeep\n|turn|4\n|\n|t:|1697505963\n|-curestatus|p1a: Arceus|slp|[msg]\n|move|p1a: Arceus|Calm Mind|p1a: Arceus\n|-boost|p1a: Arceus|spa|1\n|-boost|p1a: Arceus|spd|1\n|move|p2a: Annihilape|Bulk Up|p2a: Annihilape\n|-boost|p2a: Annihilape|atk|1\n|-boost|p2a: Annihilape|def|1\n|\n|-weather|SunnyDay|[upkeep]\n|upkeep\n|turn|5\n|\n|t:|1697505968\n|move|p1a: Arceus|Calm Mind|p1a: Arceus\n|-boost|p1a: Arceus|spa|1\n|-boost|p1a: Arceus|spd|1\n|move|p2a: Annihilape|Encore|p1a: Arceus\n|-start|p1a: Arceus|Encore\n|\n|-weather|none\n|upkeep\n|turn|6\n|\n|t:|1697505972\n|move|p1a: Arceus|Calm Mind|p1a: Arceus\n|-boost|p1a: Arceus|spa|1\n|-boost|p1a: Arceus|spd|1\n|move|p2a: Annihilape|Bulk Up|p2a: Annihilape\n|-boost|p2a: Annihilape|atk|1\n|-boost|p2a: Annihilape|def|1\n|\n|upkeep\n|turn|7\n|\n|t:|1697505976\n|move|p1a: Arceus|Calm Mind|p1a: Arceus\n|-boost|p1a: Arceus|spa|1\n|-boost|p1a: Arceus|spd|1\n|move|p2a: Annihilape|Bulk Up|p2a: Annihilape\n|-boost|p2a: Annihilape|atk|1\n|-boost|p2a: Annihilape|def|1\n|\n|upkeep\n|turn|8\n|\n|t:|1697505979\n|move|p1a: Arceus|Calm Mind|p1a: Arceus\n|-boost|p1a: Arceus|spa|1\n|-boost|p1a: Arceus|spd|1\n|move|p2a: Annihilape|Rage Fist|p1a: Arceus\n|-damage|p1a: Arceus|56\/100\n|\n|-end|p1a: Arceus|Encore\n|upkeep\n|turn|9\n|\n|t:|1697505990\n|move|p1a: Arceus|Judgment|p2a: Annihilape\n|-supereffective|p2a: Annihilape\n|-damage|p2a: Annihilape|0 fnt\n|faint|p2a: Annihilape\n|\n|upkeep\n|\n|t:|1697506002\n|switch|p2a: Rayquaza|Rayquaza|100\/100\n|-ability|p2a: Rayquaza|Air Lock\n|turn|10\n|\n|t:|1697506011\n|move|p1a: Arceus|Recover|p1a: Arceus\n|-heal|p1a: Arceus|100\/100\n|move|p2a: Rayquaza|Earthquake|p1a: Arceus\n|-damage|p1a: Arceus|77\/100\n|\n|upkeep\n|turn|11\n|\n|t:|1697506016\n|move|p2a: Rayquaza|Extreme Speed|p1a: Arceus\n|-damage|p1a: Arceus|60\/100\n|move|p1a: Arceus|Judgment|p2a: Rayquaza\n|-supereffective|p2a: Rayquaza\n|-enditem|p2a: Rayquaza|Focus Sash\n|-damage|p2a: Rayquaza|1\/100\n|\n|upkeep\n|turn|12\n|\n|t:|1697506020\n|move|p2a: Rayquaza|Extreme Speed|p1a: Arceus\n|-damage|p1a: Arceus|42\/100\n|move|p1a: Arceus|Recover|p1a: Arceus\n|-heal|p1a: Arceus|92\/100\n|\n|upkeep\n|turn|13\n|\n|t:|1697506024\n|move|p2a: Rayquaza|Extreme Speed|p1a: Arceus\n|-damage|p1a: Arceus|75\/100\n|move|p1a: Arceus|Judgment|p2a: Rayquaza\n|-supereffective|p2a: Rayquaza\n|-damage|p2a: Rayquaza|0 fnt\n|faint|p2a: Rayquaza\n|\n|upkeep\n|-message|a regular bear forfeited.\n|\n|win|EvilMsSmash\n|raw|EvilMsSmash's rating: 1085 &rarr; <strong>1120<\/strong><br \/>(+35 for winning)\n|raw|a regular bear's rating: 1181 &rarr; <strong>1149<\/strong><br \/>(-32 for losing)\n|l|\u2606a regular bear\n","uploadtime":1697506030,"views":16,"p1id":"evilmssmash","p2id":"aregularbear","formatid":"gen9ubers","rating":1120,"private":0,"password":""}