{"id":"gen9ubers-1973946099","p1":"Breeze Sea","p2":"neemad23","format":"[Gen 9] Ubers","log":"|j|\u2606Breeze Sea\n|j|\u2606neemad23\n|t:|1698031371\n|gametype|singles\n|player|p1|Breeze Sea|2|\n|player|p2|neemad23|102|\n|teamsize|p1|6\n|teamsize|p2|6\n|gen|9\n|tier|[Gen 9] Ubers\n|rule|Sleep Clause Mod: Limit one foe put to sleep\n|rule|Species Clause: Limit one of each Pok\u00e9mon\n|rule|OHKO Clause: OHKO moves are banned\n|rule|Evasion Items Clause: Evasion items are banned\n|rule|Evasion Moves Clause: Evasion moves are banned\n|rule|Endless Battle Clause: Forcing endless battles is banned\n|rule|HP Percentage Mod: HP is shown in percentages\n|clearpoke\n|poke|p1|Dugtrio, M|\n|poke|p1|Clodsire, M|\n|poke|p1|Pelipper, M|\n|poke|p1|Floatzel, M|\n|poke|p1|Chien-Pao|\n|poke|p1|Urshifu-*, F|\n|poke|p2|Volcarona, M|\n|poke|p2|Grimmsnarl, M|\n|poke|p2|Toxicroak, F|\n|poke|p2|Raichu-Alola, F|\n|poke|p2|Tatsugiri, M|\n|poke|p2|Meowscarada, M|\n|teampreview\n|c|\u2606Breeze Sea|gl\n|c|\u2606neemad23|gl\n|\n|t:|1698031422\n|start\n|switch|p1a: Chien-Pao|Chien-Pao|100\/100\n|switch|p2a: Volcarona|Volcarona, M|100\/100\n|-ability|p1a: Chien-Pao|Sword of Ruin\n|turn|1\n|\n|t:|1698031443\n|switch|p1a: Pelipper|Pelipper, M|100\/100\n|-weather|RainDance|[from] ability: Drizzle|[of] p1a: Pelipper\n|move|p2a: Volcarona|Bug Buzz|p1a: Pelipper\n|-resisted|p1a: Pelipper\n|-damage|p1a: Pelipper|65\/100\n|-unboost|p1a: Pelipper|spd|1\n|\n|-weather|RainDance|[upkeep]\n|upkeep\n|turn|2\n|\n|t:|1698031450\n|move|p2a: Volcarona|Quiver Dance|p2a: Volcarona\n|-boost|p2a: Volcarona|spa|1\n|-boost|p2a: Volcarona|spd|1\n|-boost|p2a: Volcarona|spe|1\n|move|p1a: Pelipper|U-turn|p2a: Volcarona\n|-resisted|p2a: Volcarona\n|-damage|p2a: Volcarona|94\/100\n|\n|t:|1698031453\n|switch|p1a: Floatzel|Floatzel, M|100\/100|[from] U-turn\n|\n|-weather|RainDance|[upkeep]\n|upkeep\n|turn|3\n|\n|t:|1698031506\n|switch|p2a: Meowscarada|Meowscarada, M|100\/100\n|move|p1a: Floatzel|Waterfall|p2a: Meowscarada\n|-resisted|p2a: Meowscarada\n|-damage|p2a: Meowscarada|27\/100\n|\n|-weather|RainDance|[upkeep]\n|upkeep\n|turn|4\n|\n|t:|1698031513\n|move|p1a: Floatzel|Waterfall|p2a: Meowscarada\n|-resisted|p2a: Meowscarada\n|-damage|p2a: Meowscarada|0 fnt\n|faint|p2a: Meowscarada\n|\n|-weather|RainDance|[upkeep]\n|upkeep\n|\n|t:|1698031534\n|switch|p2a: Tatsugiri|Tatsugiri, M|100\/100\n|turn|5\n|\n|t:|1698031555\n|switch|p1a: Clodsire|Clodsire, M|100\/100\n|move|p2a: Tatsugiri|Draco Meteor|p1a: Clodsire\n|-damage|p1a: Clodsire|56\/100\n|-unboost|p2a: Tatsugiri|spa|2\n|\n|-weather|RainDance|[upkeep]\n|-heal|p1a: Clodsire|62\/100|[from] item: Black Sludge\n|upkeep\n|turn|6\n|\n|t:|1698031580\n|switch|p2a: Volcarona|Volcarona, M|94\/100\n|move|p1a: Clodsire|Stealth Rock|p2a: Volcarona\n|-sidestart|p2: neemad23|move: Stealth Rock\n|\n|-weather|RainDance|[upkeep]\n|-heal|p1a: Clodsire|68\/100|[from] item: Black Sludge\n|upkeep\n|turn|7\n|\n|t:|1698031604\n|switch|p1a: Urshifu|Urshifu-Rapid-Strike, F|100\/100\n|move|p2a: Volcarona|Giga Drain|p1a: Urshifu\n|-supereffective|p1a: Urshifu\n|-damage|p1a: Urshifu|7\/100\n|-heal|p2a: Volcarona|100\/100|[from] drain|[of] p1a: Urshifu\n|\n|-weather|RainDance|[upkeep]\n|upkeep\n|turn|8\n|\n|t:|1698031614\n|move|p1a: Urshifu|Surging Strikes|p2a: Volcarona\n|-supereffective|p2a: Volcarona\n|-crit|p2a: Volcarona\n|-enditem|p2a: Volcarona|Focus Sash\n|-damage|p2a: Volcarona|1\/100\n|-status|p1a: Urshifu|brn|[from] ability: Flame Body|[of] p2a: Volcarona\n|-supereffective|p2a: Volcarona\n|-crit|p2a: Volcarona\n|-damage|p2a: Volcarona|0 fnt\n|faint|p2a: Volcarona\n|-hitcount|p2: Volcarona|2\n|\n|-weather|none\n|-damage|p1a: Urshifu|1\/100 brn|[from] brn\n|upkeep\n|\n|t:|1698031627\n|switch|p2a: Tatsugiri|Tatsugiri, M|100\/100\n|-damage|p2a: Tatsugiri|88\/100|[from] Stealth Rock\n|turn|9\n|\n|t:|1698031636\n|move|p2a: Tatsugiri|Draco Meteor|p1a: Urshifu\n|-damage|p1a: Urshifu|0 fnt\n|-unboost|p2a: Tatsugiri|spa|2\n|faint|p1a: Urshifu\n|\n|upkeep\n|\n|t:|1698031640\n|switch|p1a: Dugtrio|Dugtrio, M|100\/100\n|turn|10\n|\n|t:|1698031658\n|move|p2a: Tatsugiri|Draco Meteor|p1a: Dugtrio\n|-damage|p1a: Dugtrio|29\/100\n|-unboost|p2a: Tatsugiri|spa|2\n|move|p1a: Dugtrio|Earthquake|p2a: Tatsugiri\n|-damage|p2a: Tatsugiri|0 fnt\n|faint|p2a: Tatsugiri\n|\n|upkeep\n|\n|t:|1698031669\n|switch|p2a: Grimmsnarl|Grimmsnarl, M|100\/100\n|turn|11\n|\n|t:|1698031699\n|move|p1a: Dugtrio|Earthquake|p2a: Grimmsnarl\n|-damage|p2a: Grimmsnarl|10\/100\n|move|p2a: Grimmsnarl|Play Rough|p1a: Dugtrio\n|-damage|p1a: Dugtrio|0 fnt\n|faint|p1a: Dugtrio\n|\n|upkeep\n|\n|t:|1698031718\n|switch|p1a: Chien-Pao|Chien-Pao|100\/100\n|-ability|p1a: Chien-Pao|Sword of Ruin\n|turn|12\n|\n|t:|1698031728\n|move|p2a: Grimmsnarl|Sucker Punch|p1a: Chien-Pao\n|-resisted|p1a: Chien-Pao\n|-damage|p1a: Chien-Pao|75\/100\n|move|p1a: Chien-Pao|Ice Spinner|p2a: Grimmsnarl\n|-damage|p2a: Grimmsnarl|0 fnt\n|faint|p2a: Grimmsnarl\n|\n|upkeep\n|\n|t:|1698031746\n|switch|p2a: Toxicroak|Toxicroak, F|100\/100\n|-damage|p2a: Toxicroak|94\/100|[from] Stealth Rock\n|turn|13\n|\n|t:|1698031765\n|switch|p1a: Clodsire|Clodsire, M|68\/100\n|move|p2a: Toxicroak|Sucker Punch||[still]\n|-fail|p2a: Toxicroak\n|\n|-heal|p1a: Clodsire|74\/100|[from] item: Black Sludge\n|upkeep\n|turn|14\n|\n|t:|1698031781\n|move|p2a: Toxicroak|Close Combat|p1a: Clodsire\n|-resisted|p1a: Clodsire\n|-damage|p1a: Clodsire|50\/100\n|-unboost|p2a: Toxicroak|def|1\n|-unboost|p2a: Toxicroak|spd|1\n|-damage|p2a: Toxicroak|85\/100|[from] item: Life Orb\n|move|p1a: Clodsire|Earthquake|p2a: Toxicroak\n|-supereffective|p2a: Toxicroak\n|-damage|p2a: Toxicroak|0 fnt\n|faint|p2a: Toxicroak\n|\n|-heal|p1a: Clodsire|56\/100|[from] item: Black Sludge\n|upkeep\n|\n|t:|1698031786\n|switch|p2a: Raichu|Raichu-Alola, F|100\/100\n|-damage|p2a: Raichu|88\/100|[from] Stealth Rock\n|turn|15\n|c|\u2606neemad23|rip gg\n|c|\u2606Breeze Sea|gg\n|c|\u2606neemad23|forgot to change some movesets but probably didn't matter tbh\n|\n|t:|1698031820\n|move|p2a: Raichu|Psychic|p1a: Clodsire\n|-supereffective|p1a: Clodsire\n|-damage|p1a: Clodsire|0 fnt\n|faint|p1a: Clodsire\n|\n|-heal|p2a: Raichu|94\/100|[from] item: Leftovers\n|upkeep\n|\n|t:|1698031825\n|switch|p1a: Chien-Pao|Chien-Pao|75\/100\n|-ability|p1a: Chien-Pao|Sword of Ruin\n|turn|16\n|\n|t:|1698031841\n|-terastallize|p2a: Raichu|Ice\n|move|p1a: Chien-Pao|Crunch|p2a: Raichu\n|-damage|p2a: Raichu|0 fnt\n|faint|p2a: Raichu\n|\n|win|Breeze Sea\n|l|\u2606neemad23\n","uploadtime":1698031859,"views":11,"p1id":"breezesea","p2id":"neemad23","formatid":"gen9ubers","rating":0,"private":0,"password":""}