{"id":"gen9ubers-1986629434","p1":"SevLev","p2":"biribirichu","format":"[Gen 9] Ubers","log":"|j|\u2606SevLev\n|j|\u2606biribirichu\n|t:|1699499842\n|gametype|singles\n|player|p1|SevLev|roxie|1000\n|player|p2|biribirichu|morty|1000\n|teamsize|p1|6\n|teamsize|p2|6\n|gen|9\n|tier|[Gen 9] Ubers\n|rated|\n|rule|Sleep Clause Mod: Limit one foe put to sleep\n|rule|Species Clause: Limit one of each Pok\u00e9mon\n|rule|OHKO Clause: OHKO moves are banned\n|rule|Evasion Items Clause: Evasion items are banned\n|rule|Evasion Moves Clause: Evasion moves are banned\n|rule|Endless Battle Clause: Forcing endless battles is banned\n|rule|HP Percentage Mod: HP is shown in percentages\n|clearpoke\n|poke|p1|Iron Valiant|\n|poke|p1|Toxapex, F|\n|poke|p1|Hydreigon, M|\n|poke|p1|Thundurus-Therian, M|\n|poke|p1|Ceruledge, F|\n|poke|p1|Clodsire, F|\n|poke|p2|Iron Bundle|\n|poke|p2|Zoroark-Hisui, M|\n|poke|p2|Tinkaton, F|\n|poke|p2|Weezing, M|\n|poke|p2|Goodra, F|\n|poke|p2|Breloom, F|\n|teampreview\n|\n|t:|1699499858\n|start\n|switch|p1a: :3|Toxapex, F|100\/100\n|switch|p2a: Goodra|Goodra, F|100\/100\n|turn|1\n|\n|t:|1699499880\n|move|p2a: Goodra|Psychic|p1a: :3\n|-supereffective|p1a: :3\n|-damage|p1a: :3|54\/100\n|move|p1a: :3|Ice Beam|p2a: Goodra\n|-damage|p2a: Goodra|59\/100\n|replace|p2a: Zoroark|Zoroark-Hisui, M\n|-end|p2a: Zoroark|Illusion\n|\n|upkeep\n|turn|2\n|\n|t:|1699499893\n|move|p2a: Zoroark|Psychic|p1a: :3\n|-supereffective|p1a: :3\n|-damage|p1a: :3|7\/100\n|move|p1a: :3|Sludge Bomb|p2a: Zoroark\n|-resisted|p2a: Zoroark\n|-damage|p2a: Zoroark|30\/100\n|\n|upkeep\n|turn|3\n|\n|t:|1699499915\n|switch|p2a: Tinkaton|Tinkaton, F|100\/100\n|-ability|p2a: Tinkaton|Mold Breaker\n|switch|p1a: Tera Fire|Hydreigon, M|100\/100\n|\n|upkeep\n|turn|4\n|\n|t:|1699499935\n|switch|p1a: James|Ceruledge, F|100\/100\n|move|p2a: Tinkaton|Fake Out|p1a: James\n|-immune|p1a: James\n|\n|upkeep\n|turn|5\n|\n|t:|1699499944\n|switch|p2a: Goodra|Goodra, F|100\/100\n|move|p1a: James|Bitter Blade|p2a: Goodra\n|-resisted|p2a: Goodra\n|-damage|p2a: Goodra|65\/100\n|-ability|p2a: Goodra|Gooey\n|-unboost|p1a: James|spe|1\n|\n|upkeep\n|turn|6\n|\n|t:|1699499962\n|move|p2a: Goodra|Surf|p1a: James\n|-supereffective|p1a: James\n|-damage|p1a: James|32\/100\n|move|p1a: James|Poltergeist|p2a: Goodra\n|-activate|p2a: Goodra|move: Poltergeist|Assault Vest\n|-damage|p2a: Goodra|0 fnt\n|faint|p2a: Goodra\n|\n|upkeep\n|\n|t:|1699499978\n|switch|p2a: Tinkaton|Tinkaton, F|100\/100\n|-ability|p2a: Tinkaton|Mold Breaker\n|turn|7\n|\n|t:|1699499982\n|move|p2a: Tinkaton|Knock Off|p1a: James\n|-supereffective|p1a: James\n|-damage|p1a: James|0 fnt\n|-enditem|p1a: James|Mago Berry|[from] move: Knock Off|[of] p2a: Tinkaton\n|faint|p1a: James\n|\n|upkeep\n|\n|t:|1699499996\n|switch|p1a: Clodsire|Clodsire, F|100\/100\n|turn|8\n|\n|t:|1699500002\n|move|p2a: Tinkaton|Knock Off|p1a: Clodsire\n|-damage|p1a: Clodsire|77\/100\n|-enditem|p1a: Clodsire|Black Sludge|[from] move: Knock Off|[of] p2a: Tinkaton\n|move|p1a: Clodsire|Toxic|p2a: Tinkaton\n|-immune|p2a: Tinkaton\n|\n|upkeep\n|turn|9\n|\n|t:|1699500012\n|switch|p2a: Weezing|Weezing, M|100\/100\n|move|p1a: Clodsire|Body Press|p2a: Weezing\n|-resisted|p2a: Weezing\n|-damage|p2a: Weezing|95\/100\n|-damage|p1a: Clodsire|61\/100|[from] item: Rocky Helmet|[of] p2a: Weezing\n|\n|upkeep\n|turn|10\n|\n|t:|1699500022\n|switch|p1a: Tera Fire|Hydreigon, M|100\/100\n|move|p2a: Weezing|Will-O-Wisp|p1a: Tera Fire\n|-status|p1a: Tera Fire|brn\n|\n|-damage|p1a: Tera Fire|94\/100 brn|[from] brn\n|upkeep\n|turn|11\n|\n|t:|1699500033\n|move|p1a: Tera Fire|Earth Power|p2a: Weezing\n|-immune|p2a: Weezing|[from] ability: Levitate\n|move|p2a: Weezing|Acid Spray|p1a: Tera Fire\n|-damage|p1a: Tera Fire|79\/100 brn\n|-unboost|p1a: Tera Fire|spd|2\n|\n|-damage|p1a: Tera Fire|73\/100 brn|[from] brn\n|upkeep\n|turn|12\n|-message|SevLev forfeited.\n|\n|win|biribirichu\n|raw|SevLev's rating: 1000 &rarr; <strong>1000<\/strong><br \/>(+0 for losing)\n|raw|biribirichu's rating: 1000 &rarr; <strong>1040<\/strong><br \/>(+40 for winning)\n|l|\u2606SevLev\n","uploadtime":1699500045,"views":14,"p1id":"sevlev","p2id":"biribirichu","formatid":"gen9ubers","rating":1000,"private":0,"password":""}