{"id":"gen9ubers-1994839283","p1":"alfaceee","p2":"Repu","format":"[Gen 9] Ubers","log":"|j|\u2606alfaceee\n|j|\u2606Repu\n|inactive|Battle timer is ON: inactive players will automatically lose when time's up.\n|t:|1700497533\n|gametype|singles\n|player|p1|alfaceee|pokekid|\n|player|p2|Repu|#repu|\n|teamsize|p1|6\n|teamsize|p2|6\n|gen|9\n|tier|[Gen 9] Ubers\n|rated|Tournament battle\n|rule|Sleep Clause Mod: Limit one foe put to sleep\n|rule|Species Clause: Limit one of each Pok\u00e9mon\n|rule|OHKO Clause: OHKO moves are banned\n|rule|Evasion Items Clause: Evasion items are banned\n|rule|Evasion Moves Clause: Evasion moves are banned\n|rule|Endless Battle Clause: Forcing endless battles is banned\n|rule|HP Percentage Mod: HP is shown in percentages\n|clearpoke\n|poke|p1|Ting-Lu|\n|poke|p1|Zoroark-Hisui, F|\n|poke|p1|Iron Treads|\n|poke|p1|Diancie|\n|poke|p1|Zamazenta-*|\n|poke|p1|Volcanion|\n|poke|p2|Eternatus|\n|poke|p2|Kyogre|\n|poke|p2|Skeledirge, M|\n|poke|p2|Ting-Lu|\n|poke|p2|Giratina-Origin|\n|poke|p2|Fezandipiti, M|\n|teampreview\n|inactive|Repu has 120 seconds left.\n|inactive|alfaceee has 120 seconds left.\n|inactive|Repu has 90 seconds left.\n|inactive|Repu has 60 seconds left.\n|inactive|Repu has 30 seconds left.\n|\n|t:|1700497655\n|start\n|switch|p1a: Todoroko|Volcanion|100\/100\n|switch|p2a: Fezandipiti|Fezandipiti, M|100\/100\n|turn|1\n|\n|t:|1700497671\n|move|p1a: Todoroko|Nasty Plot|p1a: Todoroko\n|-boost|p1a: Todoroko|spa|2\n|move|p2a: Fezandipiti|U-turn|p1a: Todoroko\n|-resisted|p1a: Todoroko\n|-damage|p1a: Todoroko|84\/100\n|replace|p1a: Trooooleeeeikkkkkk|Zoroark-Hisui, F, shiny\n|-end|p1a: Trooooleeeeikkkkkk|Illusion\n|inactive|Repu has 90 seconds left.\n|\n|t:|1700497691\n|switch|p2a: Ting-Lu|Ting-Lu|100\/100|[from] U-turn\n|-ability|p2a: Ting-Lu|Vessel of Ruin\n|\n|upkeep\n|turn|2\n|\n|t:|1700497706\n|move|p1a: Trooooleeeeikkkkkk|Grass Knot|p2a: Ting-Lu\n|-supereffective|p2a: Ting-Lu\n|-damage|p2a: Ting-Lu|29\/100\n|move|p2a: Ting-Lu|Earthquake|p1a: Trooooleeeeikkkkkk\n|-damage|p1a: Trooooleeeeikkkkkk|11\/100\n|-enditem|p1a: Trooooleeeeikkkkkk|Salac Berry|[eat]\n|-boost|p1a: Trooooleeeeikkkkkk|spe|1|[from] item: Salac Berry\n|\n|-heal|p2a: Ting-Lu|36\/100|[from] item: Leftovers\n|upkeep\n|turn|3\n|\n|t:|1700497716\n|move|p2a: Ting-Lu|Protect|p2a: Ting-Lu\n|-singleturn|p2a: Ting-Lu|Protect\n|move|p1a: Trooooleeeeikkkkkk|Grass Knot|p2a: Ting-Lu\n|-activate|p2a: Ting-Lu|move: Protect\n|\n|-heal|p2a: Ting-Lu|42\/100|[from] item: Leftovers\n|upkeep\n|turn|4\n|\n|t:|1700497719\n|switch|p2a: Skeledirge|Skeledirge, M|100\/100\n|move|p1a: Trooooleeeeikkkkkk|Grass Knot|p2a: Skeledirge\n|-resisted|p2a: Skeledirge\n|-damage|p2a: Skeledirge|79\/100\n|\n|upkeep\n|turn|5\n|\n|t:|1700497731\n|switch|p2a: Fezandipiti|Fezandipiti, M|100\/100\n|-terastallize|p1a: Trooooleeeeikkkkkk|Fairy\n|move|p1a: Trooooleeeeikkkkkk|Shadow Ball|p2a: Fezandipiti\n|-damage|p2a: Fezandipiti|38\/100\n|-unboost|p2a: Fezandipiti|spd|1\n|\n|upkeep\n|turn|6\n|inactive|Repu has 120 seconds left.\n|\n|t:|1700497739\n|move|p1a: Trooooleeeeikkkkkk|Shadow Ball|p2a: Fezandipiti\n|-damage|p2a: Fezandipiti|0 fnt\n|faint|p2a: Fezandipiti\n|\n|upkeep\n|inactive|Repu has 120 seconds left.\n|\n|t:|1700497749\n|switch|p2a: Ting-Lu|Ting-Lu|42\/100\n|-ability|p2a: Ting-Lu|Vessel of Ruin\n|turn|7\n|\n|t:|1700497754\n|move|p2a: Ting-Lu|Protect|p2a: Ting-Lu\n|-singleturn|p2a: Ting-Lu|Protect\n|move|p1a: Trooooleeeeikkkkkk|Grass Knot|p2a: Ting-Lu\n|-activate|p2a: Ting-Lu|move: Protect\n|\n|-heal|p2a: Ting-Lu|48\/100|[from] item: Leftovers\n|upkeep\n|turn|8\n|\n|t:|1700497757\n|-terastallize|p2a: Ting-Lu|Ghost\n|move|p1a: Trooooleeeeikkkkkk|Grass Knot|p2a: Ting-Lu\n|-damage|p2a: Ting-Lu|16\/100\n|move|p2a: Ting-Lu|Earthquake|p1a: Trooooleeeeikkkkkk\n|-damage|p1a: Trooooleeeeikkkkkk|0 fnt\n|faint|p1a: Trooooleeeeikkkkkk\n|\n|-heal|p2a: Ting-Lu|23\/100|[from] item: Leftovers\n|upkeep\n|inactive|alfaceee has 120 seconds left.\n|\n|t:|1700497800\n|switch|p1a: Cearense|Ting-Lu|100\/100\n|-ability|p1a: Cearense|Vessel of Ruin\n|turn|9\n|\n|t:|1700497810\n|switch|p2a: Kyogre|Kyogre|100\/100\n|-weather|RainDance|[from] ability: Drizzle|[of] p2a: Kyogre\n|move|p1a: Cearense|Stealth Rock|p2a: Kyogre\n|-sidestart|p2: Repu|move: Stealth Rock\n|\n|-weather|RainDance|[upkeep]\n|upkeep\n|turn|10\n|\n|t:|1700497817\n|switch|p2a: Giratina|Giratina-Origin|100\/100\n|-damage|p2a: Giratina|88\/100|[from] Stealth Rock\n|move|p1a: Cearense|Whirlwind|p2a: Giratina\n|drag|p2a: Skeledirge|Skeledirge, M|79\/100\n|\n|-weather|RainDance|[upkeep]\n|upkeep\n|turn|11\n|\n|t:|1700497826\n|move|p2a: Skeledirge|Will-O-Wisp|p1a: Cearense\n|-status|p1a: Cearense|brn\n|move|p1a: Cearense|Earthquake|p2a: Skeledirge\n|-supereffective|p2a: Skeledirge\n|-damage|p2a: Skeledirge|57\/100\n|\n|-weather|RainDance|[upkeep]\n|-damage|p1a: Cearense|94\/100 brn|[from] brn\n|upkeep\n|turn|12\n|\n|t:|1700497833\n|move|p2a: Skeledirge|Slack Off|p2a: Skeledirge\n|-heal|p2a: Skeledirge|100\/100\n|move|p1a: Cearense|Whirlwind|p2a: Skeledirge\n|drag|p2a: Kyogre|Kyogre|100\/100\n|-damage|p2a: Kyogre|88\/100|[from] Stealth Rock\n|\n|-weather|RainDance|[upkeep]\n|-heal|p2a: Kyogre|94\/100|[from] item: Leftovers\n|-heal|p1a: Cearense|100\/100 brn|[from] item: Leftovers\n|-damage|p1a: Cearense|94\/100 brn|[from] brn\n|upkeep\n|turn|13\n|\n|t:|1700497844\n|move|p2a: Kyogre|Ice Beam|p1a: Cearense\n|-supereffective|p1a: Cearense\n|-damage|p1a: Cearense|71\/100 brn\n|move|p1a: Cearense|Whirlwind|p2a: Kyogre\n|drag|p2a: Giratina|Giratina-Origin|88\/100\n|-damage|p2a: Giratina|76\/100|[from] Stealth Rock\n|\n|-weather|none\n|-heal|p1a: Cearense|78\/100 brn|[from] item: Leftovers\n|-damage|p1a: Cearense|71\/100 brn|[from] brn\n|upkeep\n|turn|14\n|\n|t:|1700497852\n|move|p2a: Giratina|Defog|p1a: Cearense\n|-unboost|p1a: Cearense|evasion|1\n|-sideend|p2: Repu|Stealth Rock|[from] move: Defog|[of] p2a: Giratina\n|move|p1a: Cearense|Ruination|p2a: Giratina\n|-damage|p2a: Giratina|38\/100\n|\n|-heal|p1a: Cearense|78\/100 brn|[from] item: Leftovers\n|-damage|p1a: Cearense|71\/100 brn|[from] brn\n|upkeep\n|turn|15\n|\n|t:|1700497858\n|move|p2a: Giratina|Draco Meteor|p1a: Cearense\n|-damage|p1a: Cearense|41\/100 brn\n|-unboost|p2a: Giratina|spa|2\n|move|p1a: Cearense|Stealth Rock|p2a: Giratina\n|-sidestart|p2: Repu|move: Stealth Rock\n|\n|-heal|p1a: Cearense|47\/100 brn|[from] item: Leftovers\n|-damage|p1a: Cearense|41\/100 brn|[from] brn\n|upkeep\n|turn|16\n|\n|t:|1700497862\n|move|p2a: Giratina|Defog|p1a: Cearense\n|-unboost|p1a: Cearense|evasion|1\n|-sideend|p2: Repu|Stealth Rock|[from] move: Defog|[of] p2a: Giratina\n|move|p1a: Cearense|Whirlwind|p2a: Giratina\n|drag|p2a: Kyogre|Kyogre|94\/100\n|-weather|RainDance|[from] ability: Drizzle|[of] p2a: Kyogre\n|\n|-weather|RainDance|[upkeep]\n|-heal|p2a: Kyogre|100\/100|[from] item: Leftovers\n|-heal|p1a: Cearense|47\/100 brn|[from] item: Leftovers\n|-damage|p1a: Cearense|41\/100 brn|[from] brn\n|upkeep\n|turn|17\n|\n|t:|1700497865\n|move|p2a: Kyogre|Surf|p1a: Cearense\n|-supereffective|p1a: Cearense\n|-damage|p1a: Cearense|0 fnt\n|faint|p1a: Cearense\n|\n|-weather|RainDance|[upkeep]\n|upkeep\n|\n|t:|1700497872\n|switch|p1a: Baby no crie|Zamazenta|100\/100\n|-ability|p1a: Baby no crie|Dauntless Shield|boost\n|-boost|p1a: Baby no crie|def|1\n|turn|18\n|\n|t:|1700497898\n|switch|p2a: Skeledirge|Skeledirge, M|100\/100\n|move|p1a: Baby no crie|Iron Defense|p1a: Baby no crie\n|-boost|p1a: Baby no crie|def|2\n|\n|-weather|RainDance|[upkeep]\n|upkeep\n|turn|19\n|\n|t:|1700497910\n|switch|p1a: Todoroko|Volcanion|100\/100\n|move|p2a: Skeledirge|Will-O-Wisp|p1a: Todoroko|[miss]\n|-miss|p2a: Skeledirge|p1a: Todoroko\n|\n|-weather|RainDance|[upkeep]\n|upkeep\n|turn|20\n|inactive|Repu has 120 seconds left.\n|\n|t:|1700497936\n|switch|p2a: Eternatus|Eternatus|100\/100\n|-ability|p2a: Eternatus|Pressure\n|move|p1a: Todoroko|Steam Eruption|p2a: Eternatus\n|-resisted|p2a: Eternatus\n|-damage|p2a: Eternatus|67\/100\n|-status|p2a: Eternatus|brn\n|\n|-weather|none\n|-damage|p2a: Eternatus|60\/100 brn|[from] brn\n|upkeep\n|turn|21\n|\n|t:|1700497947\n|switch|p1a: RaDiancie|Diancie|100\/100\n|move|p2a: Eternatus|Toxic Spikes|p1a: RaDiancie\n|-sidestart|p1: alfaceee|move: Toxic Spikes\n|\n|-damage|p2a: Eternatus|54\/100 brn|[from] brn\n|upkeep\n|turn|22\n|\n|t:|1700497954\n|switch|p2a: Ting-Lu|Ting-Lu, tera:Ghost|23\/100\n|-ability|p2a: Ting-Lu|Vessel of Ruin\n|move|p1a: RaDiancie|Diamond Storm|p2a: Ting-Lu\n|-damage|p2a: Ting-Lu|3\/100\n|-boost|p1a: RaDiancie|def|2\n|\n|-heal|p2a: Ting-Lu|9\/100|[from] item: Leftovers\n|upkeep\n|turn|23\n|\n|t:|1700497961\n|move|p2a: Ting-Lu|Ruination|p1a: RaDiancie\n|-damage|p1a: RaDiancie|50\/100\n|move|p1a: RaDiancie|Trick Room|p1a: RaDiancie\n|-fieldstart|move: Trick Room|[of] p1a: RaDiancie\n|\n|-heal|p1a: RaDiancie|57\/100|[from] item: Leftovers\n|-heal|p2a: Ting-Lu|15\/100|[from] item: Leftovers\n|upkeep\n|turn|24\n|\n|t:|1700497973\n|move|p2a: Ting-Lu|Protect|p2a: Ting-Lu\n|-singleturn|p2a: Ting-Lu|Protect\n|move|p1a: RaDiancie|Diamond Storm|p2a: Ting-Lu\n|-activate|p2a: Ting-Lu|move: Protect\n|\n|-heal|p1a: RaDiancie|63\/100|[from] item: Leftovers\n|-heal|p2a: Ting-Lu|22\/100|[from] item: Leftovers\n|upkeep\n|turn|25\n|\n|t:|1700497998\n|move|p1a: RaDiancie|Diamond Storm|p2a: Ting-Lu\n|-damage|p2a: Ting-Lu|2\/100\n|move|p2a: Ting-Lu|Spikes|p1a: RaDiancie\n|-sidestart|p1: alfaceee|Spikes\n|\n|-heal|p1a: RaDiancie|69\/100|[from] item: Leftovers\n|-heal|p2a: Ting-Lu|8\/100|[from] item: Leftovers\n|upkeep\n|turn|26\n|\n|t:|1700498008\n|move|p2a: Ting-Lu|Protect|p2a: Ting-Lu\n|-singleturn|p2a: Ting-Lu|Protect\n|move|p1a: RaDiancie|Diamond Storm|p2a: Ting-Lu\n|-activate|p2a: Ting-Lu|move: Protect\n|\n|-heal|p1a: RaDiancie|75\/100|[from] item: Leftovers\n|-heal|p2a: Ting-Lu|14\/100|[from] item: Leftovers\n|upkeep\n|turn|27\n|\n|t:|1700498026\n|move|p1a: RaDiancie|Diamond Storm|p2a: Ting-Lu\n|-damage|p2a: Ting-Lu|0 fnt\n|-boost|p1a: RaDiancie|def|2\n|faint|p2a: Ting-Lu\n|\n|-heal|p1a: RaDiancie|82\/100|[from] item: Leftovers\n|-fieldend|move: Trick Room\n|upkeep\n|\n|t:|1700498029\n|switch|p2a: Kyogre|Kyogre|100\/100\n|-weather|RainDance|[from] ability: Drizzle|[of] p2a: Kyogre\n|turn|28\n|\n|t:|1700498034\n|switch|p2a: Giratina|Giratina-Origin|38\/100\n|move|p1a: RaDiancie|Body Press|p2a: Giratina\n|-immune|p2a: Giratina\n|\n|-weather|RainDance|[upkeep]\n|-heal|p1a: RaDiancie|88\/100|[from] item: Leftovers\n|upkeep\n|turn|29\n|\n|t:|1700498038\n|move|p2a: Giratina|Will-O-Wisp|p1a: RaDiancie\n|-status|p1a: RaDiancie|brn\n|move|p1a: RaDiancie|Trick Room|p1a: RaDiancie\n|-fieldstart|move: Trick Room|[of] p1a: RaDiancie\n|\n|-weather|RainDance|[upkeep]\n|-heal|p1a: RaDiancie|94\/100 brn|[from] item: Leftovers\n|-damage|p1a: RaDiancie|88\/100 brn|[from] brn\n|upkeep\n|turn|30\n|\n|t:|1700498048\n|move|p1a: RaDiancie|Play Rough|p2a: Giratina|[miss]\n|-miss|p1a: RaDiancie|p2a: Giratina\n|move|p2a: Giratina|Hex|p1a: RaDiancie\n|-damage|p1a: RaDiancie|43\/100 brn\n|\n|-weather|RainDance|[upkeep]\n|-heal|p1a: RaDiancie|49\/100 brn|[from] item: Leftovers\n|-damage|p1a: RaDiancie|43\/100 brn|[from] brn\n|upkeep\n|turn|31\n|c|\u2606alfaceee|Sacanagem\n|\n|t:|1700498058\n|switch|p2a: Eternatus|Eternatus|54\/100 brn\n|-ability|p2a: Eternatus|Pressure\n|move|p1a: RaDiancie|Diamond Storm|p2a: Eternatus|[miss]\n|-miss|p1a: RaDiancie|p2a: Eternatus\n|\n|-weather|RainDance|[upkeep]\n|-heal|p1a: RaDiancie|49\/100 brn|[from] item: Leftovers\n|-damage|p1a: RaDiancie|43\/100 brn|[from] brn\n|-damage|p2a: Eternatus|48\/100 brn|[from] brn\n|upkeep\n|turn|32\n|\n|t:|1700498064\n|move|p1a: RaDiancie|Body Press|p2a: Eternatus\n|-resisted|p2a: Eternatus\n|-damage|p2a: Eternatus|34\/100 brn\n|move|p2a: Eternatus|Recover|p2a: Eternatus\n|-heal|p2a: Eternatus|84\/100 brn\n|\n|-weather|none\n|-heal|p1a: RaDiancie|49\/100 brn|[from] item: Leftovers\n|-damage|p1a: RaDiancie|43\/100 brn|[from] brn\n|-damage|p2a: Eternatus|78\/100 brn|[from] brn\n|upkeep\n|turn|33\n|\n|t:|1700498071\n|move|p1a: RaDiancie|Diamond Storm|p2a: Eternatus\n|-damage|p2a: Eternatus|65\/100 brn\n|-boost|p1a: RaDiancie|def|2\n|move|p2a: Eternatus|Toxic Spikes|p1a: RaDiancie\n|-sidestart|p1: alfaceee|move: Toxic Spikes\n|\n|-heal|p1a: RaDiancie|49\/100 brn|[from] item: Leftovers\n|-damage|p1a: RaDiancie|43\/100 brn|[from] brn\n|-damage|p2a: Eternatus|59\/100 brn|[from] brn\n|-fieldend|move: Trick Room\n|upkeep\n|turn|34\n|\n|t:|1700498078\n|move|p2a: Eternatus|Flamethrower|p1a: RaDiancie\n|-resisted|p1a: RaDiancie\n|-damage|p1a: RaDiancie|34\/100 brn\n|move|p1a: RaDiancie|Body Press|p2a: Eternatus\n|-resisted|p2a: Eternatus\n|-damage|p2a: Eternatus|38\/100 brn\n|\n|-heal|p1a: RaDiancie|40\/100 brn|[from] item: Leftovers\n|-damage|p2a: Eternatus|32\/100 brn|[from] brn\n|-damage|p1a: RaDiancie|34\/100 brn|[from] brn\n|upkeep\n|turn|35\n|\n|t:|1700498082\n|move|p2a: Eternatus|Recover|p2a: Eternatus\n|-heal|p2a: Eternatus|82\/100 brn\n|move|p1a: RaDiancie|Body Press|p2a: Eternatus\n|-resisted|p2a: Eternatus\n|-damage|p2a: Eternatus|64\/100 brn\n|\n|-heal|p1a: RaDiancie|40\/100 brn|[from] item: Leftovers\n|-damage|p2a: Eternatus|58\/100 brn|[from] brn\n|-damage|p1a: RaDiancie|34\/100 brn|[from] brn\n|upkeep\n|turn|36\n|\n|t:|1700498087\n|move|p2a: Eternatus|Flamethrower|p1a: RaDiancie\n|-resisted|p1a: RaDiancie\n|-damage|p1a: RaDiancie|26\/100 brn\n|move|p1a: RaDiancie|Body Press|p2a: Eternatus\n|-resisted|p2a: Eternatus\n|-damage|p2a: Eternatus|39\/100 brn\n|\n|-heal|p1a: RaDiancie|32\/100 brn|[from] item: Leftovers\n|-damage|p2a: Eternatus|32\/100 brn|[from] brn\n|-damage|p1a: RaDiancie|26\/100 brn|[from] brn\n|upkeep\n|turn|37\n|\n|t:|1700498089\n|move|p2a: Eternatus|Recover|p2a: Eternatus\n|-heal|p2a: Eternatus|82\/100 brn\n|move|p1a: RaDiancie|Body Press|p2a: Eternatus\n|-resisted|p2a: Eternatus\n|-damage|p2a: Eternatus|62\/100 brn\n|\n|-heal|p1a: RaDiancie|32\/100 brn|[from] item: Leftovers\n|-damage|p2a: Eternatus|56\/100 brn|[from] brn\n|-damage|p1a: RaDiancie|26\/100 brn|[from] brn\n|upkeep\n|turn|38\n|\n|t:|1700498092\n|move|p2a: Eternatus|Flamethrower|p1a: RaDiancie\n|-resisted|p1a: RaDiancie\n|-damage|p1a: RaDiancie|17\/100 brn\n|move|p1a: RaDiancie|Body Press|p2a: Eternatus\n|-resisted|p2a: Eternatus\n|-damage|p2a: Eternatus|37\/100 brn\n|\n|-heal|p1a: RaDiancie|23\/100 brn|[from] item: Leftovers\n|-damage|p2a: Eternatus|31\/100 brn|[from] brn\n|-damage|p1a: RaDiancie|17\/100 brn|[from] brn\n|upkeep\n|turn|39\n|\n|t:|1700498095\n|move|p2a: Eternatus|Recover|p2a: Eternatus\n|-heal|p2a: Eternatus|81\/100 brn\n|move|p1a: RaDiancie|Body Press|p2a: Eternatus\n|-resisted|p2a: Eternatus\n|-damage|p2a: Eternatus|60\/100 brn\n|\n|-heal|p1a: RaDiancie|23\/100 brn|[from] item: Leftovers\n|-damage|p2a: Eternatus|54\/100 brn|[from] brn\n|-damage|p1a: RaDiancie|17\/100 brn|[from] brn\n|upkeep\n|turn|40\n|\n|t:|1700498097\n|move|p2a: Eternatus|Flamethrower|p1a: RaDiancie\n|-resisted|p1a: RaDiancie\n|-damage|p1a: RaDiancie|8\/100 brn\n|move|p1a: RaDiancie|Body Press|p2a: Eternatus\n|-resisted|p2a: Eternatus\n|-damage|p2a: Eternatus|35\/100 brn\n|\n|-heal|p1a: RaDiancie|14\/100 brn|[from] item: Leftovers\n|-damage|p2a: Eternatus|29\/100 brn|[from] brn\n|-damage|p1a: RaDiancie|8\/100 brn|[from] brn\n|upkeep\n|turn|41\n|\n|t:|1700498102\n|move|p2a: Eternatus|Flamethrower|p1a: RaDiancie\n|-resisted|p1a: RaDiancie\n|-damage|p1a: RaDiancie|0 fnt\n|faint|p1a: RaDiancie\n|\n|-damage|p2a: Eternatus|22\/100 brn|[from] brn\n|upkeep\n|\n|t:|1700498104\n|switch|p1a: Vrum vrum|Iron Treads|100\/100\n|-damage|p1a: Vrum vrum|88\/100|[from] Spikes\n|-enditem|p1a: Vrum vrum|Booster Energy\n|-activate|p1a: Vrum vrum|ability: Quark Drive|[fromitem]\n|-start|p1a: Vrum vrum|quarkdrivespe\n|turn|42\n|\n|t:|1700498111\n|move|p1a: Vrum vrum|Rapid Spin|p2a: Eternatus\n|-damage|p2a: Eternatus|11\/100 brn\n|-boost|p1a: Vrum vrum|spe|1\n|-sideend|p1: alfaceee|Spikes|[from] move: Rapid Spin|[of] p1a: Vrum vrum\n|-sideend|p1: alfaceee|Toxic Spikes|[from] move: Rapid Spin|[of] p1a: Vrum vrum\n|move|p2a: Eternatus|Flamethrower|p1a: Vrum vrum\n|-supereffective|p1a: Vrum vrum\n|-damage|p1a: Vrum vrum|1\/100\n|\n|-damage|p2a: Eternatus|5\/100 brn|[from] brn\n|upkeep\n|turn|43\n|\n|t:|1700498117\n|move|p1a: Vrum vrum|Earthquake|p2a: Eternatus\n|-supereffective|p2a: Eternatus\n|-damage|p2a: Eternatus|0 fnt\n|faint|p2a: Eternatus\n|\n|upkeep\n|\n|t:|1700498122\n|switch|p2a: Giratina|Giratina-Origin|38\/100\n|turn|44\n|\n|t:|1700498129\n|move|p1a: Vrum vrum|Knock Off|p2a: Giratina\n|-supereffective|p2a: Giratina\n|-damage|p2a: Giratina|14\/100\n|move|p2a: Giratina|Hex|p1a: Vrum vrum\n|-damage|p1a: Vrum vrum|0 fnt\n|faint|p1a: Vrum vrum\n|-end|p1a: Vrum vrum|Quark Drive|[silent]\n|\n|upkeep\n|\n|t:|1700498141\n|switch|p1a: Todoroko|Volcanion|100\/100\n|turn|45\n|\n|t:|1700498146\n|move|p1a: Todoroko|Steam Eruption|p2a: Giratina\n|-resisted|p2a: Giratina\n|-damage|p2a: Giratina|0 fnt\n|faint|p2a: Giratina\n|\n|upkeep\n|\n|t:|1700498149\n|switch|p2a: Kyogre|Kyogre|100\/100\n|-weather|RainDance|[from] ability: Drizzle|[of] p2a: Kyogre\n|turn|46\n|\n|t:|1700498156\n|switch|p1a: Baby no crie|Zamazenta|100\/100\n|move|p2a: Kyogre|Substitute|p2a: Kyogre\n|-start|p2a: Kyogre|Substitute\n|-damage|p2a: Kyogre|76\/100\n|\n|-weather|RainDance|[upkeep]\n|-heal|p2a: Kyogre|82\/100|[from] item: Leftovers\n|upkeep\n|turn|47\n|\n|t:|1700498170\n|move|p1a: Baby no crie|Body Press|p2a: Kyogre\n|-activate|p2a: Kyogre|move: Substitute|[damage]\n|move|p2a: Kyogre|Surf|p1a: Baby no crie\n|-damage|p1a: Baby no crie|42\/100\n|\n|-weather|RainDance|[upkeep]\n|-heal|p2a: Kyogre|88\/100|[from] item: Leftovers\n|upkeep\n|turn|48\n|\n|t:|1700498174\n|move|p1a: Baby no crie|Body Press|p2a: Kyogre\n|-end|p2a: Kyogre|Substitute\n|move|p2a: Kyogre|Surf|p1a: Baby no crie\n|-damage|p1a: Baby no crie|0 fnt\n|faint|p1a: Baby no crie\n|\n|-weather|RainDance|[upkeep]\n|-heal|p2a: Kyogre|94\/100|[from] item: Leftovers\n|upkeep\n|\n|t:|1700498177\n|switch|p1a: Todoroko|Volcanion|100\/100\n|turn|49\n|\n|t:|1700498180\n|move|p1a: Todoroko|Steam Eruption|p2a: Kyogre\n|-resisted|p2a: Kyogre\n|-damage|p2a: Kyogre|66\/100\n|-status|p2a: Kyogre|brn\n|move|p2a: Kyogre|Substitute|p2a: Kyogre\n|-start|p2a: Kyogre|Substitute\n|-damage|p2a: Kyogre|41\/100 brn\n|\n|-weather|RainDance|[upkeep]\n|-heal|p2a: Kyogre|47\/100 brn|[from] item: Leftovers\n|-damage|p2a: Kyogre|41\/100 brn|[from] brn\n|upkeep\n|turn|50\n|\n|t:|1700498184\n|move|p1a: Todoroko|Steam Eruption|p2a: Kyogre\n|-resisted|p2a: Kyogre\n|-end|p2a: Kyogre|Substitute\n|move|p2a: Kyogre|Calm Mind|p2a: Kyogre\n|-boost|p2a: Kyogre|spa|1\n|-boost|p2a: Kyogre|spd|1\n|\n|-weather|none\n|-heal|p2a: Kyogre|47\/100 brn|[from] item: Leftovers\n|-damage|p2a: Kyogre|41\/100 brn|[from] brn\n|upkeep\n|turn|51\n|\n|t:|1700498188\n|move|p1a: Todoroko|Steam Eruption|p2a: Kyogre\n|-resisted|p2a: Kyogre\n|-damage|p2a: Kyogre|27\/100 brn\n|move|p2a: Kyogre|Ice Beam|p1a: Todoroko\n|-resisted|p1a: Todoroko\n|-damage|p1a: Todoroko|86\/100\n|-status|p1a: Todoroko|frz\n|\n|-heal|p2a: Kyogre|33\/100 brn|[from] item: Leftovers\n|-damage|p2a: Kyogre|27\/100 brn|[from] brn\n|upkeep\n|turn|52\n|\n|t:|1700498191\n|-curestatus|p1a: Todoroko|frz|[from] move: Steam Eruption\n|move|p1a: Todoroko|Steam Eruption|p2a: Kyogre|[miss]\n|-miss|p1a: Todoroko|p2a: Kyogre\n|move|p2a: Kyogre|Ice Beam|p1a: Todoroko\n|-resisted|p1a: Todoroko\n|-damage|p1a: Todoroko|73\/100\n|\n|-heal|p2a: Kyogre|33\/100 brn|[from] item: Leftovers\n|-damage|p2a: Kyogre|27\/100 brn|[from] brn\n|upkeep\n|turn|53\n|\n|t:|1700498196\n|move|p1a: Todoroko|Steam Eruption|p2a: Kyogre\n|-resisted|p2a: Kyogre\n|-damage|p2a: Kyogre|13\/100 brn\n|move|p2a: Kyogre|Ice Beam|p1a: Todoroko\n|-resisted|p1a: Todoroko\n|-damage|p1a: Todoroko|59\/100\n|\n|-heal|p2a: Kyogre|19\/100 brn|[from] item: Leftovers\n|-damage|p2a: Kyogre|13\/100 brn|[from] brn\n|upkeep\n|turn|54\n|\n|t:|1700498201\n|-activate|p1a: Todoroko|move: Struggle\n|move|p1a: Todoroko|Struggle|p2a: Kyogre\n|-damage|p2a: Kyogre|6\/100 brn\n|-damage|p1a: Todoroko|34\/100|[from] recoil\n|move|p2a: Kyogre|Ice Beam|p1a: Todoroko\n|-resisted|p1a: Todoroko\n|-damage|p1a: Todoroko|20\/100\n|\n|-heal|p2a: Kyogre|12\/100 brn|[from] item: Leftovers\n|-damage|p2a: Kyogre|6\/100 brn|[from] brn\n|upkeep\n|turn|55\n|\n|t:|1700498206\n|-activate|p1a: Todoroko|move: Struggle\n|move|p1a: Todoroko|Struggle|p2a: Kyogre\n|-damage|p2a: Kyogre|0 fnt\n|faint|p2a: Kyogre\n|-damage|p1a: Todoroko|0 fnt|[from] recoil\n|faint|p1a: Todoroko\n|\n|win|Repu\n|n|\u2606alfaceee|alfaceee\n|n|\u2606Repu|repu\n","uploadtime":1700498207,"views":1,"p1id":"alfaceee","p2id":"repu","formatid":"gen9ubers","rating":0,"private":0,"password":""}