{"id":"gen9ubers-1983331058","p1":"mimolette7","p2":"Primal Latios","format":"[Gen 9] Ubers","log":"|j|\u2606mimolette7\n|j|\u2606Primal Latios\n|t:|1699118972\n|gametype|singles\n|player|p1|mimolette7|elesa-masters2|\n|player|p2|Primal Latios|170|\n|teamsize|p1|6\n|teamsize|p2|6\n|gen|9\n|tier|[Gen 9] Ubers\n|rule|Sleep Clause Mod: Limit one foe put to sleep\n|rule|Species Clause: Limit one of each Pok\u00e9mon\n|rule|OHKO Clause: OHKO moves are banned\n|rule|Evasion Items Clause: Evasion items are banned\n|rule|Evasion Moves Clause: Evasion moves are banned\n|rule|Endless Battle Clause: Forcing endless battles is banned\n|rule|HP Percentage Mod: HP is shown in percentages\n|clearpoke\n|poke|p1|Landorus, M|\n|poke|p1|Dugtrio, M|\n|poke|p1|Zacian-*|\n|poke|p1|Chi-Yu|\n|poke|p1|Torkoal, F|\n|poke|p1|Arceus-Poison|\n|poke|p2|Palkia-Origin|\n|poke|p2|Giratina|\n|poke|p2|Garchomp, F|\n|poke|p2|Spectrier|\n|poke|p2|Zamazenta-*|\n|poke|p2|Cinderace, F|\n|teampreview\n|inactive|Battle timer is ON: inactive players will automatically lose when time's up. (requested by mimolette7)\n|\n|t:|1699119000\n|start\n|switch|p1a: Zacian|Zacian|100\/100\n|switch|p2a: Messi|Cinderace, F|100\/100\n|-ability|p1a: Zacian|Intrepid Sword|boost\n|-boost|p1a: Zacian|atk|1\n|turn|1\n|inactive|Primal Latios has 270 seconds left.\n|\n|t:|1699119032\n|switch|p1a: Arceus|Arceus-Poison|100\/100\n|move|p2a: Messi|Pyro Ball|p1a: Arceus\n|-damage|p1a: Arceus|62\/100\n|\n|upkeep\n|turn|2\n|\n|t:|1699119044\n|switch|p2a: rOYA|Zamazenta-Crowned|100\/100\n|-ability|p2a: rOYA|Dauntless Shield|boost\n|-boost|p2a: rOYA|def|1\n|move|p1a: Arceus|Recover|p1a: Arceus\n|-heal|p1a: Arceus|100\/100\n|\n|upkeep\n|turn|3\n|inactive|Primal Latios has 270 seconds left.\n|\n|t:|1699119066\n|move|p2a: rOYA|Iron Defense|p2a: rOYA\n|-boost|p2a: rOYA|def|2\n|move|p1a: Arceus|Taunt|p2a: rOYA\n|-start|p2a: rOYA|move: Taunt\n|\n|upkeep\n|turn|4\n|inactive|Primal Latios has 270 seconds left.\n|inactive|mimolette7 has 270 seconds left.\n|\n|t:|1699119102\n|switch|p1a: Dugtrio|Dugtrio, M|100\/100\n|move|p2a: rOYA|Body Press|p1a: Dugtrio\n|-enditem|p1a: Dugtrio|Focus Sash\n|-damage|p1a: Dugtrio|1\/100\n|\n|upkeep\n|turn|5\n|inactive|mimolette7 has 270 seconds left.\n|\n|t:|1699119111\n|move|p1a: Dugtrio|Sucker Punch|p2a: rOYA\n|-resisted|p2a: rOYA\n|-damage|p2a: rOYA|97\/100\n|move|p2a: rOYA|Body Press|p1a: Dugtrio\n|-damage|p1a: Dugtrio|0 fnt\n|faint|p1a: Dugtrio\n|\n|upkeep\n|inactive|mimolette7 has 270 seconds left.\n|inactive|mimolette7 has 240 seconds left.\n|\n|t:|1699119156\n|switch|p1a: Landorus|Landorus, M|100\/100\n|turn|6\n|\n|t:|1699119160\n|switch|p2a: grseo|Giratina|100\/100\n|-ability|p2a: grseo|Pressure\n|move|p1a: Landorus|Earth Power|p2a: grseo\n|-damage|p2a: grseo|74\/100\n|\n|-heal|p2a: grseo|80\/100|[from] item: Leftovers\n|upkeep\n|turn|7\n|\n|t:|1699119180\n|switch|p1a: Arceus|Arceus-Poison|100\/100\n|move|p2a: grseo|Poltergeist|p1a: Arceus\n|-activate|p1a: Arceus|move: Poltergeist|Toxic Plate\n|-damage|p1a: Arceus|76\/100\n|\n|-heal|p2a: grseo|86\/100|[from] item: Leftovers\n|upkeep\n|turn|8\n|inactive|mimolette7 has 240 seconds left.\n|inactive|Primal Latios has 270 seconds left.\n|\n|t:|1699119234\n|switch|p1a: Torkoal|Torkoal, F|100\/100\n|-weather|SunnyDay|[from] ability: Drought|[of] p1a: Torkoal\n|switch|p2a: Messi|Cinderace, F|100\/100\n|\n|-weather|SunnyDay|[upkeep]\n|upkeep\n|turn|9\n|\n|t:|1699119246\n|move|p2a: Messi|U-turn|p1a: Torkoal\n|-start|p2a: Messi|typechange|Bug|[from] ability: Libero\n|-resisted|p1a: Torkoal\n|-damage|p1a: Torkoal|91\/100\n|\n|t:|1699119251\n|switch|p2a: Veil|Garchomp, F|100\/100|[from] U-turn\n|move|p1a: Torkoal|Yawn|p2a: Veil\n|-start|p2a: Veil|move: Yawn|[of] p1a: Torkoal\n|\n|-weather|SunnyDay|[upkeep]\n|upkeep\n|turn|10\n|inactive|mimolette7 has 240 seconds left.\n|inactive|Primal Latios has 240 seconds left.\n|\n|t:|1699119287\n|switch|p1a: Landorus|Landorus, M|100\/100\n|move|p2a: Veil|Stealth Rock|p1a: Landorus\n|-sidestart|p1: mimolette7|move: Stealth Rock\n|\n|-weather|SunnyDay|[upkeep]\n|-end|p2a: Veil|move: Yawn|[silent]\n|-status|p2a: Veil|slp\n|upkeep\n|turn|11\n|inactive|mimolette7 has 240 seconds left.\n|\n|t:|1699119294\n|move|p1a: Landorus|Earth Power|p2a: Veil\n|-damage|p2a: Veil|49\/100 slp\n|cant|p2a: Veil|slp\n|\n|-weather|SunnyDay|[upkeep]\n|upkeep\n|turn|12\n|\n|t:|1699119299\n|move|p1a: Landorus|Earth Power|p2a: Veil\n|-damage|p2a: Veil|0 fnt\n|faint|p2a: Veil\n|\n|-weather|SunnyDay|[upkeep]\n|upkeep\n|\n|t:|1699119305\n|switch|p2a: Messi|Cinderace, F|100\/100\n|turn|13\n|inactive|mimolette7 has 240 seconds left.\n|\n|t:|1699119341\n|-terastallize|p1a: Landorus|Water\n|move|p2a: Messi|Pyro Ball|p1a: Landorus\n|-resisted|p1a: Landorus\n|-damage|p1a: Landorus|52\/100\n|move|p1a: Landorus|Earth Power|p2a: Messi\n|-supereffective|p2a: Messi\n|-damage|p2a: Messi|0 fnt\n|faint|p2a: Messi\n|\n|-weather|SunnyDay|[upkeep]\n|upkeep\n|inactive|Primal Latios has 240 seconds left.\n|inactive|Primal Latios has 210 seconds left.\n|\n|t:|1699119387\n|switch|p2a: SPace Pirate|Palkia-Origin|100\/100\n|-ability|p2a: SPace Pirate|Pressure\n|turn|14\n|inactive|mimolette7 has 240 seconds left.\n|inactive|Primal Latios has 210 seconds left.\n|\n|t:|1699119398\n|switch|p1a: Zacian|Zacian|100\/100\n|move|p2a: SPace Pirate|Spacial Rend|p1a: Zacian\n|-immune|p1a: Zacian\n|\n|-weather|SunnyDay|[upkeep]\n|upkeep\n|turn|15\n|inactive|mimolette7 has 240 seconds left.\n|\n|t:|1699119418\n|switch|p2a: rOYA|Zamazenta-Crowned|97\/100\n|move|p1a: Zacian|Close Combat|p2a: rOYA\n|-supereffective|p2a: rOYA\n|-damage|p2a: rOYA|40\/100\n|-unboost|p1a: Zacian|def|1\n|-unboost|p1a: Zacian|spd|1\n|\n|-weather|none\n|upkeep\n|turn|16\n|inactive|Primal Latios has 210 seconds left.\n|\n|t:|1699119440\n|switch|p1a: Arceus|Arceus-Poison|76\/100\n|-damage|p1a: Arceus|63\/100|[from] Stealth Rock\n|move|p2a: rOYA|Body Press|p1a: Arceus\n|-resisted|p1a: Arceus\n|-damage|p1a: Arceus|50\/100\n|\n|upkeep\n|turn|17\n|inactive|Primal Latios has 210 seconds left.\n|\n|t:|1699119451\n|switch|p2a: SPace Pirate|Palkia-Origin|100\/100\n|-ability|p2a: SPace Pirate|Pressure\n|move|p1a: Arceus|Recover|p1a: Arceus\n|-heal|p1a: Arceus|100\/100\n|\n|upkeep\n|turn|18\n|\n|t:|1699119459\n|move|p2a: SPace Pirate|Hydro Pump|p1a: Arceus\n|-damage|p1a: Arceus|54\/100\n|move|p1a: Arceus|Judgment|p2a: SPace Pirate\n|-damage|p2a: SPace Pirate|58\/100\n|\n|upkeep\n|turn|19\n|\n|t:|1699119480\n|move|p2a: SPace Pirate|Hydro Pump|p1a: Arceus\n|-damage|p1a: Arceus|5\/100\n|move|p1a: Arceus|Recover|p1a: Arceus\n|-heal|p1a: Arceus|55\/100\n|\n|upkeep\n|turn|20\n|\n|t:|1699119491\n|-terastallize|p2a: SPace Pirate|Water\n|move|p2a: SPace Pirate|Hydro Pump|p1a: Arceus\n|-damage|p1a: Arceus|0 fnt\n|faint|p1a: Arceus\n|\n|upkeep\n|inactive|mimolette7 has 210 seconds left.\n|\n|t:|1699119535\n|switch|p1a: Landorus|Landorus, M, tera:Water|52\/100\n|-damage|p1a: Landorus|39\/100|[from] Stealth Rock\n|turn|21\n|inactive|Primal Latios has 210 seconds left.\n|\n|t:|1699119571\n|move|p1a: Landorus|U-turn|p2a: SPace Pirate\n|-damage|p2a: SPace Pirate|39\/100\n|\n|t:|1699119574\n|switch|p1a: Torkoal|Torkoal, F|91\/100|[from] U-turn\n|-damage|p1a: Torkoal|66\/100|[from] Stealth Rock\n|-weather|SunnyDay|[from] ability: Drought|[of] p1a: Torkoal\n|move|p2a: SPace Pirate|Spacial Rend|p1a: Torkoal\n|-crit|p1a: Torkoal\n|-damage|p1a: Torkoal|0 fnt\n|faint|p1a: Torkoal\n|\n|-weather|SunnyDay|[upkeep]\n|upkeep\n|inactive|mimolette7 has 180 seconds left.\n|\n|t:|1699119620\n|switch|p1a: Zacian|Zacian|100\/100\n|turn|22\n|inactive|Primal Latios has 210 seconds left.\n|inactive|Primal Latios has 180 seconds left.\n|inactive|Primal Latios has 150 seconds left.\n|\n|t:|1699119692\n|move|p1a: Zacian|Play Rough|p2a: SPace Pirate\n|-damage|p2a: SPace Pirate|0 fnt\n|faint|p2a: SPace Pirate\n|\n|-weather|SunnyDay|[upkeep]\n|upkeep\n|inactive|Primal Latios has 150 seconds left.\n|\n|t:|1699119697\n|switch|p2a: grseo|Giratina|86\/100\n|-ability|p2a: grseo|Pressure\n|turn|23\n|\n|t:|1699119721\n|move|p1a: Zacian|Swords Dance|p1a: Zacian\n|-boost|p1a: Zacian|atk|2\n|move|p2a: grseo|Will-O-Wisp|p1a: Zacian\n|-status|p1a: Zacian|brn\n|\n|-weather|SunnyDay|[upkeep]\n|-heal|p2a: grseo|93\/100|[from] item: Leftovers\n|-damage|p1a: Zacian|94\/100 brn|[from] brn\n|upkeep\n|turn|24\n|\n|t:|1699119732\n|move|p1a: Zacian|Swords Dance|p1a: Zacian\n|-boost|p1a: Zacian|atk|2\n|move|p2a: grseo|Poltergeist|p1a: Zacian\n|-activate|p1a: Zacian|move: Poltergeist|Heavy-Duty Boots\n|-damage|p1a: Zacian|58\/100 brn\n|\n|-weather|SunnyDay|[upkeep]\n|-heal|p2a: grseo|99\/100|[from] item: Leftovers\n|-damage|p1a: Zacian|52\/100 brn|[from] brn\n|upkeep\n|turn|25\n|\n|t:|1699119742\n|switch|p2a: rOYA|Zamazenta-Crowned|40\/100\n|move|p1a: Zacian|Play Rough|p2a: rOYA\n|-damage|p2a: rOYA|0 fnt\n|faint|p2a: rOYA\n|\n|-weather|SunnyDay|[upkeep]\n|-damage|p1a: Zacian|46\/100 brn|[from] brn\n|upkeep\n|\n|t:|1699119751\n|switch|p2a: Cheval de troie|Spectrier|100\/100\n|turn|26\n|\n|t:|1699119759\n|move|p2a: Cheval de troie|Shadow Ball|p1a: Zacian\n|-crit|p1a: Zacian\n|-damage|p1a: Zacian|0 fnt\n|faint|p1a: Zacian\n|-ability|p2a: Cheval de troie|Grim Neigh|boost\n|-boost|p2a: Cheval de troie|spa|1\n|\n|-weather|SunnyDay|[upkeep]\n|upkeep\n|\n|t:|1699119769\n|switch|p1a: Chi-Yu|Chi-Yu|100\/100\n|-damage|p1a: Chi-Yu|76\/100|[from] Stealth Rock\n|-ability|p1a: Chi-Yu|Beads of Ruin\n|turn|27\n|\n|t:|1699119773\n|move|p2a: Cheval de troie|Shadow Ball|p1a: Chi-Yu\n|-resisted|p1a: Chi-Yu\n|-damage|p1a: Chi-Yu|36\/100\n|move|p1a: Chi-Yu|Dark Pulse|p2a: Cheval de troie\n|-supereffective|p2a: Cheval de troie\n|-damage|p2a: Cheval de troie|0 fnt\n|faint|p2a: Cheval de troie\n|\n|-weather|SunnyDay|[upkeep]\n|upkeep\n|\n|t:|1699119781\n|switch|p2a: grseo|Giratina|99\/100\n|-ability|p2a: grseo|Pressure\n|turn|28\n|\n|t:|1699119788\n|move|p1a: Chi-Yu|Dark Pulse|p2a: grseo\n|-supereffective|p2a: grseo\n|-damage|p2a: grseo|53\/100\n|move|p2a: grseo|Dragon Tail|p1a: Chi-Yu\n|-damage|p1a: Chi-Yu|1\/100\n|drag|p1a: Landorus|Landorus, M, tera:Water|39\/100\n|-damage|p1a: Landorus|27\/100|[from] Stealth Rock\n|\n|-weather|none\n|-heal|p2a: grseo|59\/100|[from] item: Leftovers\n|upkeep\n|turn|29\n|\n|t:|1699119798\n|move|p1a: Landorus|Earth Power|p2a: grseo\n|-damage|p2a: grseo|32\/100\n|move|p2a: grseo|Poltergeist|p1a: Landorus|[miss]\n|-miss|p2a: grseo|p1a: Landorus\n|\n|-heal|p2a: grseo|38\/100|[from] item: Leftovers\n|upkeep\n|turn|30\n|\n|t:|1699119805\n|move|p1a: Landorus|Earth Power|p2a: grseo\n|-damage|p2a: grseo|10\/100\n|move|p2a: grseo|Poltergeist|p1a: Landorus|[miss]\n|-miss|p2a: grseo|p1a: Landorus\n|\n|-heal|p2a: grseo|16\/100|[from] item: Leftovers\n|upkeep\n|turn|31\n|c|\u2606Primal Latios|.....\u00e0\n|c|\u2606Primal Latios|incredible\n|\n|t:|1699119833\n|move|p2a: grseo|Shadow Sneak|p1a: Landorus\n|-damage|p1a: Landorus|12\/100\n|move|p1a: Landorus|Earth Power|p2a: grseo\n|-damage|p2a: grseo|0 fnt\n|faint|p2a: grseo\n|\n|win|mimolette7\n|c|\u2606mimolette7|im sorry\n|c|\u2606Primal Latios|its the game we play\n","uploadtime":1699119847,"views":11,"p1id":"mimolette7","p2id":"primallatios","formatid":"gen9ubers","rating":0,"private":0,"password":""}