{"id":"gen9ubers-1972731861","p1":"i \u2764\ufe0f gangu","p2":"Bananas0","format":"[Gen 9] Ubers","log":"|j|\u2606i \u2764\ufe0f gangu\n|j|\u2606Bananas0\n|t:|1697886353\n|gametype|singles\n|player|p1|i \u2764\ufe0f gangu|266|\n|player|p2|Bananas0|psychic-gen4|\n|teamsize|p1|6\n|teamsize|p2|6\n|gen|9\n|tier|[Gen 9] Ubers\n|rated|Tournament battle\n|rule|Sleep Clause Mod: Limit one foe put to sleep\n|rule|Species Clause: Limit one of each Pok\u00e9mon\n|rule|OHKO Clause: OHKO moves are banned\n|rule|Evasion Items Clause: Evasion items are banned\n|rule|Evasion Moves Clause: Evasion moves are banned\n|rule|Endless Battle Clause: Forcing endless battles is banned\n|rule|HP Percentage Mod: HP is shown in percentages\n|clearpoke\n|poke|p1|Hatterene, F|\n|poke|p1|Kyogre|\n|poke|p1|Koraidon|\n|poke|p1|Miraidon|\n|poke|p1|Landorus-Therian, M|\n|poke|p1|Arceus|\n|poke|p2|Ogerpon-Hearthflame, F|\n|poke|p2|Gholdengo|\n|poke|p2|Kingambit, F|\n|poke|p2|Iron Valiant|\n|poke|p2|Ribombee, M|\n|poke|p2|Walking Wake|\n|teampreview\n|c|\u2606i \u2764\ufe0f gangu|hf\n|c|\u2606Bananas0|u2\n|\n|t:|1697886373\n|start\n|switch|p1a: Koraidon|Koraidon|100\/100\n|switch|p2a: Ogre|Ogerpon-Hearthflame, F|100\/100\n|-weather|SunnyDay|[from] ability: Orichalcum Pulse|[of] p1a: Koraidon\n|-activate|p1a: Koraidon|Orichalcum Pulse|[source]\n|-ability|p2a: Ogre|Mold Breaker\n|turn|1\n|j| GeniusFromHoenn\n|\n|t:|1697886381\n|switch|p2a: Mammoth Killer|Iron Valiant|100\/100\n|-enditem|p2a: Mammoth Killer|Booster Energy\n|-activate|p2a: Mammoth Killer|ability: Quark Drive|[fromitem]\n|-start|p2a: Mammoth Killer|quarkdrivespe\n|move|p1a: Koraidon|Flare Blitz|p2a: Mammoth Killer\n|-damage|p2a: Mammoth Killer|0 fnt\n|faint|p2a: Mammoth Killer\n|-end|p2a: Mammoth Killer|Quark Drive|[silent]\n|-damage|p1a: Koraidon|73\/100|[from] Recoil\n|\n|-weather|SunnyDay|[upkeep]\n|upkeep\n|\n|t:|1697886392\n|switch|p2a: Ogre|Ogerpon-Hearthflame, F|100\/100\n|-ability|p2a: Ogre|Mold Breaker\n|turn|2\n|\n|t:|1697886397\n|-terastallize|p2a: Ogre|Fire\n|detailschange|p2a: Ogre|Ogerpon-Hearthflame-Tera, F, tera:Fire\n|-ability|p2a: Ogre|Embody Aspect (Hearthflame)|boost\n|-boost|p2a: Ogre|atk|1\n|move|p1a: Koraidon|Flare Blitz|p2a: Ogre\n|-resisted|p2a: Ogre\n|-damage|p2a: Ogre|5\/100\n|-damage|p1a: Koraidon|45\/100|[from] Recoil\n|move|p2a: Ogre|Play Rough|p1a: Koraidon\n|-supereffective|p1a: Koraidon\n|-damage|p1a: Koraidon|0 fnt\n|faint|p1a: Koraidon\n|\n|-weather|SunnyDay|[upkeep]\n|upkeep\n|\n|t:|1697886402\n|switch|p1a: Miraidon|Miraidon|100\/100\n|-fieldstart|move: Electric Terrain|[from] ability: Hadron Engine|[of] p1a: Miraidon\n|turn|3\n|j| Xuan hhui\n|\n|t:|1697886420\n|switch|p2a: Mrs. Bee|Ribombee, M|100\/100\n|move|p1a: Miraidon|Electro Drift|p2a: Mrs. Bee\n|-enditem|p2a: Mrs. Bee|Focus Sash\n|-damage|p2a: Mrs. Bee|1\/100\n|\n|-weather|SunnyDay|[upkeep]\n|upkeep\n|turn|4\n|\n|t:|1697886429\n|move|p1a: Miraidon|Electro Drift|p2a: Mrs. Bee\n|-damage|p2a: Mrs. Bee|0 fnt\n|faint|p2a: Mrs. Bee\n|\n|-weather|SunnyDay|[upkeep]\n|upkeep\n|l| Xuan hhui\n|\n|t:|1697886436\n|switch|p2a: Elon Musk|Gholdengo|100\/100\n|turn|5\n|\n|t:|1697886443\n|move|p1a: Miraidon|Electro Drift|p2a: Elon Musk\n|-damage|p2a: Elon Musk|0 fnt\n|faint|p2a: Elon Musk\n|\n|-weather|none\n|upkeep\n|\n|t:|1697886454\n|switch|p2a: XLord|Kingambit, F|100\/100\n|-activate|p2a: XLord|ability: Supreme Overlord\n|-start|p2a: XLord|fallen3|[silent]\n|turn|6\n|\n|t:|1697886459\n|move|p2a: XLord|Sucker Punch|p1a: Miraidon\n|-damage|p1a: Miraidon|37\/100\n|move|p1a: Miraidon|Electro Drift|p2a: XLord\n|-damage|p2a: XLord|0 fnt\n|faint|p2a: XLord\n|-end|p2a: XLord|fallen3|[silent]\n|\n|upkeep\n|\n|t:|1697886469\n|switch|p2a: Walking Wake|Walking Wake|100\/100\n|turn|7\n|c|\u2606i \u2764\ufe0f gangu|what a balanced pokemon\n|\n|t:|1697886480\n|move|p1a: Miraidon|Draco Meteor|p2a: Walking Wake\n|-supereffective|p2a: Walking Wake\n|-damage|p2a: Walking Wake|0 fnt\n|-unboost|p1a: Miraidon|spa|2\n|-enditem|p1a: Miraidon|Eject Pack\n|faint|p2a: Walking Wake\n|-end|p2a: Walking Wake|Protosynthesis|[silent]\n|\n|t:|1697886482\n|switch|p1a: Arceus|Arceus|100\/100\n|\n|-fieldend|move: Electric Terrain\n|upkeep\n|\n|t:|1697886488\n|switch|p2a: Ogre|Ogerpon-Hearthflame-Tera, F, tera:Fire|5\/100\n|-ability|p2a: Ogre|Embody Aspect (Hearthflame)|boost\n|-boost|p2a: Ogre|atk|1\n|turn|8\n|c|\u2606Bananas0|gg\n|j| its zxc\u266a\n|\n|t:|1697886497\n|move|p1a: Arceus|Extreme Speed|p2a: Ogre\n|-damage|p2a: Ogre|0 fnt\n|faint|p2a: Ogre\n|\n|win|i \u2764\ufe0f gangu\n|n|\u2606i \u2764\ufe0f gangu|igangu\n|n|\u2606Bananas0|bananas0\n|n| GeniusFromHoenn|geniusfromhoenn\n|n| its zxc\u266a|itszxc\n","uploadtime":1697886498,"views":10,"p1id":"igangu","p2id":"bananas0","formatid":"gen9ubers","rating":0,"private":0,"password":""}