{"id":"gen9ubers-1976014620","p1":"thedaccau","p2":"IC Oshawott","format":"[Gen 9] Ubers","log":"|j|\u2606thedaccau\n|j|\u203dIC Oshawott\n|t:|1698256633\n|gametype|singles\n|player|p1|thedaccau|veteran|1075\n|player|p2|IC Oshawott|colress|1229\n|teamsize|p1|6\n|teamsize|p2|6\n|gen|9\n|tier|[Gen 9] Ubers\n|rated|\n|rule|Sleep Clause Mod: Limit one foe put to sleep\n|rule|Species Clause: Limit one of each Pok\u00e9mon\n|rule|OHKO Clause: OHKO moves are banned\n|rule|Evasion Items Clause: Evasion items are banned\n|rule|Evasion Moves Clause: Evasion moves are banned\n|rule|Endless Battle Clause: Forcing endless battles is banned\n|rule|HP Percentage Mod: HP is shown in percentages\n|clearpoke\n|poke|p1|Iron Hands|\n|poke|p1|Corviknight, M|\n|poke|p1|Dragapult, M|\n|poke|p1|Gholdengo|\n|poke|p1|Urshifu-*, F|\n|poke|p1|Arceus-Dark|\n|poke|p2|Groudon|\n|poke|p2|Ribombee, M|\n|poke|p2|Gholdengo|\n|poke|p2|Zacian-*|\n|poke|p2|Lilligant-Hisui, F|\n|poke|p2|Great Tusk|\n|teampreview\n|inactive|Battle timer is ON: inactive players will automatically lose when time's up. (requested by IC Oshawott)\n|\n|t:|1698256647\n|start\n|switch|p1a: Iron Hands|Iron Hands|100\/100\n|switch|p2a: Gholdengo|Gholdengo|100\/100\n|turn|1\n|\n|t:|1698256659\n|move|p2a: Gholdengo|Trick|p1a: Iron Hands\n|-activate|p2a: Gholdengo|move: Trick|[of] p1a: Iron Hands\n|-item|p1a: Iron Hands|Choice Scarf|[from] move: Trick\n|-item|p2a: Gholdengo|Expert Belt|[from] move: Trick\n|move|p1a: Iron Hands|Earthquake|p2a: Gholdengo\n|-supereffective|p2a: Gholdengo\n|-damage|p2a: Gholdengo|12\/100\n|\n|upkeep\n|turn|2\n|\n|t:|1698256668\n|switch|p2a: Lilligant|Lilligant-Hisui, F|100\/100\n|move|p1a: Iron Hands|Earthquake|p2a: Lilligant\n|-resisted|p2a: Lilligant\n|-damage|p2a: Lilligant|72\/100\n|\n|upkeep\n|turn|3\n|\n|t:|1698256683\n|-end|p1a: Iron Hands|Quark Drive|[silent]\n|switch|p1a: Dragapult|Dragapult, M|100\/100\n|move|p2a: Lilligant|Victory Dance|p2a: Lilligant\n|-boost|p2a: Lilligant|atk|1\n|-boost|p2a: Lilligant|def|1\n|-boost|p2a: Lilligant|spe|1\n|\n|upkeep\n|turn|4\n|\n|t:|1698256697\n|move|p2a: Lilligant|Sleep Powder|p1a: Dragapult\n|-status|p1a: Dragapult|slp|[from] move: Sleep Powder\n|cant|p1a: Dragapult|slp\n|\n|upkeep\n|turn|5\n|\n|t:|1698256704\n|move|p2a: Lilligant|Victory Dance|p2a: Lilligant\n|-boost|p2a: Lilligant|atk|1\n|-boost|p2a: Lilligant|def|1\n|-boost|p2a: Lilligant|spe|1\n|cant|p1a: Dragapult|slp\n|\n|upkeep\n|turn|6\n|\n|t:|1698256712\n|cant|p1a: Dragapult|slp\n|move|p2a: Lilligant|Leaf Blade|p1a: Dragapult\n|-resisted|p1a: Dragapult\n|-damage|p1a: Dragapult|29\/100 slp\n|\n|upkeep\n|turn|7\n|\n|t:|1698256720\n|move|p2a: Lilligant|Leaf Blade|p1a: Dragapult\n|-resisted|p1a: Dragapult\n|-damage|p1a: Dragapult|0 fnt\n|faint|p1a: Dragapult\n|\n|upkeep\n|\n|t:|1698256727\n|switch|p1a: Iron Hands|Iron Hands|100\/100\n|turn|8\n|\n|t:|1698256731\n|move|p1a: Iron Hands|Fake Out|p2a: Lilligant\n|-damage|p2a: Lilligant|59\/100\n|cant|p2a: Lilligant|flinch\n|\n|upkeep\n|turn|9\n|\n|t:|1698256743\n|-end|p1a: Iron Hands|Quark Drive|[silent]\n|switch|p1a: Corviknight|Corviknight, M|100\/100\n|-ability|p1a: Corviknight|Pressure\n|move|p2a: Lilligant|Victory Dance|p2a: Lilligant\n|-boost|p2a: Lilligant|atk|1\n|-boost|p2a: Lilligant|def|1\n|-boost|p2a: Lilligant|spe|1\n|\n|upkeep\n|turn|10\n|inactive|thedaccau has 120 seconds left.\n|\n|t:|1698256773\n|move|p2a: Lilligant|Close Combat|p1a: Corviknight\n|-damage|p1a: Corviknight|0 fnt\n|-unboost|p2a: Lilligant|def|1\n|-unboost|p2a: Lilligant|spd|1\n|faint|p1a: Corviknight\n|\n|upkeep\n|inactive|thedaccau has 120 seconds left.\n|\n|t:|1698256781\n|switch|p1a: Iron Hands|Iron Hands|100\/100\n|turn|11\n|\n|t:|1698256784\n|move|p1a: Iron Hands|Fake Out|p2a: Lilligant\n|-damage|p2a: Lilligant|45\/100\n|cant|p2a: Lilligant|flinch\n|\n|upkeep\n|turn|12\n|\n|t:|1698256791\n|-end|p1a: Iron Hands|Quark Drive|[silent]\n|switch|p1a: Gholdengo|Gholdengo|100\/100\n|move|p2a: Lilligant|Victory Dance|p2a: Lilligant\n|-boost|p2a: Lilligant|atk|1\n|-boost|p2a: Lilligant|def|1\n|-boost|p2a: Lilligant|spe|1\n|\n|upkeep\n|turn|13\n|inactive|IC Oshawott has 120 seconds left.\n|inactive|IC Oshawott has 90 seconds left.\n|\n|t:|1698256853\n|move|p2a: Lilligant|Leaf Blade|p1a: Gholdengo\n|-resisted|p1a: Gholdengo\n|-damage|p1a: Gholdengo|27\/100\n|move|p1a: Gholdengo|Make It Rain|p2a: Lilligant\n|-crit|p2a: Lilligant\n|-damage|p2a: Lilligant|0 fnt\n|-unboost|p1a: Gholdengo|spa|1\n|faint|p2a: Lilligant\n|\n|-heal|p1a: Gholdengo|34\/100|[from] item: Leftovers\n|upkeep\n|inactive|IC Oshawott has 90 seconds left.\n|\n|t:|1698256874\n|switch|p2a: Ribombee|Ribombee, M|100\/100\n|turn|14\n|\n|t:|1698256882\n|move|p2a: Ribombee|Sticky Web|p1a: Gholdengo\n|-sidestart|p1: thedaccau|move: Sticky Web\n|move|p1a: Gholdengo|Recover|p1a: Gholdengo\n|-heal|p1a: Gholdengo|84\/100\n|\n|-heal|p1a: Gholdengo|90\/100|[from] item: Leftovers\n|upkeep\n|turn|15\n|inactive|IC Oshawott has 90 seconds left.\n|\n|t:|1698256900\n|move|p2a: Ribombee|U-turn|p1a: Gholdengo\n|-resisted|p1a: Gholdengo\n|-damage|p1a: Gholdengo|86\/100\n|\n|t:|1698256903\n|switch|p2a: Groudon|Groudon|100\/100|[from] U-turn\n|-weather|SunnyDay|[from] ability: Drought|[of] p2a: Groudon\n|move|p1a: Gholdengo|Nasty Plot|p1a: Gholdengo\n|-boost|p1a: Gholdengo|spa|2\n|\n|-weather|SunnyDay|[upkeep]\n|-heal|p1a: Gholdengo|93\/100|[from] item: Leftovers\n|upkeep\n|turn|16\n|inactive|IC Oshawott has 90 seconds left.\n|\n|t:|1698256916\n|move|p1a: Gholdengo|Psychic|p2a: Groudon\n|-damage|p2a: Groudon|58\/100\n|-unboost|p2a: Groudon|spd|1\n|move|p2a: Groudon|Roar|p1a: Gholdengo\n|-immune|p1a: Gholdengo|[from] ability: Good as Gold\n|\n|-weather|SunnyDay|[upkeep]\n|-heal|p1a: Gholdengo|99\/100|[from] item: Leftovers\n|-heal|p2a: Groudon|64\/100|[from] item: Leftovers\n|upkeep\n|turn|17\n|\n|t:|1698256928\n|switch|p2a: Gholdengo|Gholdengo|12\/100\n|move|p1a: Gholdengo|Nasty Plot|p1a: Gholdengo\n|-boost|p1a: Gholdengo|spa|2\n|\n|-weather|SunnyDay|[upkeep]\n|-heal|p1a: Gholdengo|100\/100|[from] item: Leftovers\n|upkeep\n|turn|18\n|\n|t:|1698256938\n|move|p2a: Gholdengo|Shadow Ball|p1a: Gholdengo\n|-supereffective|p1a: Gholdengo\n|-damage|p1a: Gholdengo|2\/100\n|move|p1a: Gholdengo|Psychic|p2a: Gholdengo\n|-resisted|p2a: Gholdengo\n|-damage|p2a: Gholdengo|0 fnt\n|faint|p2a: Gholdengo\n|\n|-weather|SunnyDay|[upkeep]\n|-heal|p1a: Gholdengo|9\/100|[from] item: Leftovers\n|upkeep\n|\n|t:|1698256954\n|switch|p2a: Zacian|Zacian-Crowned|100\/100\n|-ability|p2a: Zacian|Intrepid Sword|boost\n|-boost|p2a: Zacian|atk|1\n|turn|19\n|\n|t:|1698256961\n|move|p2a: Zacian|Behemoth Blade|p1a: Gholdengo\n|-resisted|p1a: Gholdengo\n|-damage|p1a: Gholdengo|0 fnt\n|faint|p1a: Gholdengo\n|\n|-weather|none\n|upkeep\n|\n|t:|1698256973\n|switch|p1a: Iron Hands|Iron Hands|100\/100\n|-activate|p1a: Iron Hands|move: Sticky Web\n|-unboost|p1a: Iron Hands|spe|1\n|turn|20\n|\n|t:|1698256981\n|switch|p2a: Ribombee|Ribombee, M|100\/100\n|move|p1a: Iron Hands|Fake Out|p2a: Ribombee\n|-damage|p2a: Ribombee|71\/100\n|\n|upkeep\n|turn|21\n|\n|t:|1698256991\n|-end|p1a: Iron Hands|Quark Drive|[silent]\n|switch|p1a: Arceus|Arceus-Dark|100\/100\n|-activate|p1a: Arceus|move: Sticky Web\n|-unboost|p1a: Arceus|spe|1\n|move|p2a: Ribombee|Stun Spore|p1a: Arceus\n|-status|p1a: Arceus|par\n|\n|upkeep\n|turn|22\n|\n|t:|1698257005\n|move|p2a: Ribombee|Moonblast|p1a: Arceus\n|-supereffective|p1a: Arceus\n|-damage|p1a: Arceus|32\/100 par\n|move|p1a: Arceus|Calm Mind|p1a: Arceus\n|-boost|p1a: Arceus|spa|1\n|-boost|p1a: Arceus|spd|1\n|\n|upkeep\n|turn|23\n|\n|t:|1698257014\n|move|p1a: Arceus|Extreme Speed|p2a: Ribombee\n|-damage|p2a: Ribombee|25\/100\n|move|p2a: Ribombee|Moonblast|p1a: Arceus\n|-supereffective|p1a: Arceus\n|-damage|p1a: Arceus|0 fnt\n|faint|p1a: Arceus\n|\n|upkeep\n|\n|t:|1698257023\n|switch|p1a: Urshifu|Urshifu, F|100\/100\n|-activate|p1a: Urshifu|move: Sticky Web\n|-unboost|p1a: Urshifu|spe|1\n|turn|24\n|\n|t:|1698257030\n|switch|p2a: Groudon|Groudon|64\/100\n|-weather|SunnyDay|[from] ability: Drought|[of] p2a: Groudon\n|move|p1a: Urshifu|Sucker Punch||[still]\n|-fail|p1a: Urshifu\n|\n|-weather|SunnyDay|[upkeep]\n|-heal|p2a: Groudon|70\/100|[from] item: Leftovers\n|upkeep\n|turn|25\n|\n|t:|1698257043\n|-terastallize|p1a: Urshifu|Fighting\n|move|p1a: Urshifu|Wicked Blow|p2a: Groudon\n|-crit|p2a: Groudon\n|-damage|p2a: Groudon|30\/100\n|-damage|p1a: Urshifu|91\/100|[from] item: Life Orb\n|move|p2a: Groudon|Roar|p1a: Urshifu\n|drag|p1a: Iron Hands|Iron Hands|100\/100\n|-activate|p1a: Iron Hands|move: Sticky Web\n|-unboost|p1a: Iron Hands|spe|1\n|\n|-weather|SunnyDay|[upkeep]\n|-heal|p2a: Groudon|36\/100|[from] item: Leftovers\n|upkeep\n|turn|26\n|\n|t:|1698257060\n|move|p1a: Iron Hands|Fake Out|p2a: Groudon\n|-damage|p2a: Groudon|28\/100\n|cant|p2a: Groudon|flinch\n|\n|-weather|SunnyDay|[upkeep]\n|-heal|p2a: Groudon|34\/100|[from] item: Leftovers\n|upkeep\n|turn|27\n|\n|t:|1698257069\n|-end|p1a: Iron Hands|Quark Drive|[silent]\n|switch|p1a: Urshifu|Urshifu, F, tera:Fighting|91\/100\n|-activate|p1a: Urshifu|move: Sticky Web\n|-unboost|p1a: Urshifu|spe|1\n|move|p2a: Groudon|Precipice Blades|p1a: Urshifu\n|-damage|p1a: Urshifu|31\/100\n|\n|-weather|SunnyDay|[upkeep]\n|-heal|p2a: Groudon|40\/100|[from] item: Leftovers\n|upkeep\n|turn|28\n|\n|t:|1698257081\n|switch|p2a: Ribombee|Ribombee, M|25\/100\n|move|p1a: Urshifu|Sucker Punch||[still]\n|-fail|p1a: Urshifu\n|\n|-weather|none\n|upkeep\n|turn|29\n|\n|t:|1698257091\n|move|p1a: Urshifu|Sucker Punch||[still]\n|-fail|p1a: Urshifu\n|move|p2a: Ribombee|Stun Spore|p1a: Urshifu\n|-status|p1a: Urshifu|par\n|\n|upkeep\n|turn|30\n|\n|t:|1698257100\n|move|p2a: Ribombee|Moonblast|p1a: Urshifu\n|-supereffective|p1a: Urshifu\n|-damage|p1a: Urshifu|0 fnt\n|faint|p1a: Urshifu\n|\n|upkeep\n|\n|t:|1698257107\n|switch|p1a: Iron Hands|Iron Hands|100\/100\n|-activate|p1a: Iron Hands|move: Sticky Web\n|-unboost|p1a: Iron Hands|spe|1\n|turn|31\n|\n|t:|1698257112\n|move|p1a: Iron Hands|Fake Out|p2a: Ribombee\n|-damage|p2a: Ribombee|0 fnt\n|faint|p2a: Ribombee\n|\n|upkeep\n|\n|t:|1698257115\n|switch|p2a: Great Tusk|Great Tusk|100\/100\n|turn|32\n|\n|t:|1698257119\n|move|p1a: Iron Hands|Fake Out||[still]\n|-hint|Fake Out only works on your first turn out.\n|-fail|p1a: Iron Hands\n|move|p2a: Great Tusk|Headlong Rush|p1a: Iron Hands\n|-supereffective|p1a: Iron Hands\n|-damage|p1a: Iron Hands|35\/100\n|-unboost|p2a: Great Tusk|def|1\n|-unboost|p2a: Great Tusk|spd|1\n|\n|upkeep\n|turn|33\n|\n|t:|1698257128\n|move|p1a: Iron Hands|Fake Out||[still]\n|-hint|Fake Out only works on your first turn out.\n|-fail|p1a: Iron Hands\n|move|p2a: Great Tusk|Headlong Rush|p1a: Iron Hands\n|-supereffective|p1a: Iron Hands\n|-damage|p1a: Iron Hands|0 fnt\n|-unboost|p2a: Great Tusk|def|1\n|-unboost|p2a: Great Tusk|spd|1\n|faint|p1a: Iron Hands\n|-end|p1a: Iron Hands|Quark Drive|[silent]\n|\n|win|IC Oshawott\n|raw|thedaccau's rating: 1075 &rarr; <strong>1063<\/strong><br \/>(-12 for losing)\n|raw|IC Oshawott's rating: 1229 &rarr; <strong>1244<\/strong><br \/>(+15 for winning)\n","uploadtime":1698257132,"views":9,"p1id":"thedaccau","p2id":"icoshawott","formatid":"gen9ubers","rating":1063,"private":0,"password":""}