{"id":"gen9ubers-1994172038","p1":"Myegumi","p2":"BL153","format":"[Gen 9] Ubers","log":"|j|\u2606Myegumi\n|j|\u2606BL153\n|t:|1700415150\n|gametype|singles\n|player|p1|Myegumi|ingo|1222\n|player|p2|BL153|nate|1181\n|teamsize|p1|6\n|teamsize|p2|6\n|gen|9\n|tier|[Gen 9] Ubers\n|rated|\n|rule|Sleep Clause Mod: Limit one foe put to sleep\n|rule|Species Clause: Limit one of each Pok\u00e9mon\n|rule|OHKO Clause: OHKO moves are banned\n|rule|Evasion Items Clause: Evasion items are banned\n|rule|Evasion Moves Clause: Evasion moves are banned\n|rule|Endless Battle Clause: Forcing endless battles is banned\n|rule|HP Percentage Mod: HP is shown in percentages\n|clearpoke\n|poke|p1|Gliscor, M|\n|poke|p1|Dragapult, M|\n|poke|p1|Great Tusk|\n|poke|p1|Sneasler, M|\n|poke|p1|Kingambit, M|\n|poke|p1|Empoleon, M|\n|poke|p2|Annihilape, M|\n|poke|p2|Magearna|\n|poke|p2|Groudon|\n|poke|p2|Palkia|\n|poke|p2|Clodsire, M|\n|poke|p2|Arceus-Dark|\n|teampreview\n|inactive|Battle timer is ON: inactive players will automatically lose when time's up. (requested by Myegumi)\n|c|\u2606BL153|hf\n|\n|t:|1700415166\n|start\n|switch|p1a: Sneasler|Sneasler, M|100\/100\n|switch|p2a: Palkia|Palkia|100\/100\n|-ability|p2a: Palkia|Pressure\n|turn|1\n|\n|t:|1700415174\n|switch|p2a: RAGEEE|Annihilape, M|100\/100\n|move|p1a: Sneasler|U-turn|p2a: RAGEEE\n|-resisted|p2a: RAGEEE\n|-damage|p2a: RAGEEE|94\/100\n|\n|t:|1700415178\n|switch|p1a: Gliscor|Gliscor, M, shiny|100\/100|[from] U-turn\n|\n|-heal|p2a: RAGEEE|100\/100|[from] item: Leftovers\n|-status|p1a: Gliscor|tox|[from] item: Toxic Orb\n|upkeep\n|turn|2\n|\n|t:|1700415183\n|move|p2a: RAGEEE|Bulk Up|p2a: RAGEEE\n|-boost|p2a: RAGEEE|atk|1\n|-boost|p2a: RAGEEE|def|1\n|move|p1a: Gliscor|Toxic|p2a: RAGEEE\n|-status|p2a: RAGEEE|tox\n|\n|-damage|p2a: RAGEEE|94\/100 tox|[from] psn\n|upkeep\n|turn|3\n|\n|t:|1700415192\n|move|p2a: RAGEEE|Bulk Up|p2a: RAGEEE\n|-boost|p2a: RAGEEE|atk|1\n|-boost|p2a: RAGEEE|def|1\n|move|p1a: Gliscor|Spikes|p2a: RAGEEE\n|-sidestart|p2: BL153|Spikes\n|\n|-heal|p2a: RAGEEE|100\/100 tox|[from] item: Leftovers\n|-damage|p2a: RAGEEE|88\/100 tox|[from] psn\n|upkeep\n|turn|4\n|\n|t:|1700415199\n|move|p2a: RAGEEE|Ice Punch|p1a: Gliscor\n|-supereffective|p1a: Gliscor\n|-damage|p1a: Gliscor|0 fnt\n|faint|p1a: Gliscor\n|\n|-heal|p2a: RAGEEE|94\/100 tox|[from] item: Leftovers\n|-damage|p2a: RAGEEE|76\/100 tox|[from] psn\n|upkeep\n|\n|t:|1700415204\n|switch|p1a: Dragapult|Dragapult, M|100\/100\n|turn|5\n|\n|t:|1700415209\n|-terastallize|p2a: RAGEEE|Water\n|move|p1a: Dragapult|Shadow Ball|p2a: RAGEEE\n|-damage|p2a: RAGEEE|32\/100 tox\n|move|p2a: RAGEEE|Rage Fist|p1a: Dragapult\n|-supereffective|p1a: Dragapult\n|-damage|p1a: Dragapult|0 fnt\n|faint|p1a: Dragapult\n|\n|-heal|p2a: RAGEEE|38\/100 tox|[from] item: Leftovers\n|-damage|p2a: RAGEEE|14\/100 tox|[from] psn\n|upkeep\n|\n|t:|1700415213\n|switch|p1a: Sneasler|Sneasler, M|100\/100\n|turn|6\n|\n|t:|1700415219\n|move|p1a: Sneasler|U-turn|p2a: RAGEEE\n|-crit|p2a: RAGEEE\n|-damage|p2a: RAGEEE|0 fnt\n|faint|p2a: RAGEEE\n|\n|t:|1700415224\n|switch|p1a: Empoleon|Empoleon, M|100\/100|[from] U-turn\n|\n|upkeep\n|\n|t:|1700415230\n|switch|p2a: Clodsire|Clodsire, M|100\/100\n|-damage|p2a: Clodsire|88\/100|[from] Spikes\n|turn|7\n|\n|t:|1700415233\n|move|p1a: Empoleon|Stealth Rock|p2a: Clodsire\n|-sidestart|p2: BL153|move: Stealth Rock\n|move|p2a: Clodsire|Curse|p2a: Clodsire\n|-unboost|p2a: Clodsire|spe|1\n|-boost|p2a: Clodsire|atk|1\n|-boost|p2a: Clodsire|def|1\n|\n|-heal|p2a: Clodsire|94\/100|[from] item: Leftovers\n|upkeep\n|turn|8\n|\n|t:|1700415240\n|switch|p1a: Sneasler|Sneasler, M|100\/100\n|move|p2a: Clodsire|Curse|p2a: Clodsire\n|-unboost|p2a: Clodsire|spe|1\n|-boost|p2a: Clodsire|atk|1\n|-boost|p2a: Clodsire|def|1\n|\n|-heal|p2a: Clodsire|99\/100|[from] item: Leftovers\n|upkeep\n|turn|9\n|\n|t:|1700415245\n|move|p1a: Sneasler|Dire Claw|p2a: Clodsire\n|-resisted|p2a: Clodsire\n|-damage|p2a: Clodsire|95\/100\n|-status|p2a: Clodsire|par\n|cant|p2a: Clodsire|par\n|\n|-heal|p2a: Clodsire|100\/100 par|[from] item: Leftovers\n|upkeep\n|turn|10\n|\n|t:|1700415251\n|switch|p1a: Great Tusk|Great Tusk|100\/100\n|move|p2a: Clodsire|Earthquake|p1a: Great Tusk\n|-damage|p1a: Great Tusk|61\/100\n|\n|upkeep\n|turn|11\n|\n|t:|1700415257\n|move|p1a: Great Tusk|Headlong Rush|p2a: Clodsire\n|-supereffective|p2a: Clodsire\n|-damage|p2a: Clodsire|44\/100 par\n|-unboost|p1a: Great Tusk|def|1\n|-unboost|p1a: Great Tusk|spd|1\n|move|p2a: Clodsire|Curse|p2a: Clodsire\n|-unboost|p2a: Clodsire|spe|1\n|-boost|p2a: Clodsire|atk|1\n|-boost|p2a: Clodsire|def|1\n|\n|-heal|p2a: Clodsire|50\/100 par|[from] item: Leftovers\n|upkeep\n|turn|12\n|\n|t:|1700415266\n|move|p1a: Great Tusk|Rapid Spin|p2a: Clodsire\n|-damage|p2a: Clodsire|44\/100 par\n|-boost|p1a: Great Tusk|spe|1\n|move|p2a: Clodsire|Recover|p2a: Clodsire\n|-heal|p2a: Clodsire|94\/100 par\n|\n|-heal|p2a: Clodsire|99\/100 par|[from] item: Leftovers\n|upkeep\n|turn|13\n|\n|t:|1700415272\n|move|p1a: Great Tusk|Headlong Rush|p2a: Clodsire\n|-supereffective|p2a: Clodsire\n|-damage|p2a: Clodsire|51\/100 par\n|-unboost|p1a: Great Tusk|def|1\n|-unboost|p1a: Great Tusk|spd|1\n|move|p2a: Clodsire|Liquidation|p1a: Great Tusk\n|-supereffective|p1a: Great Tusk\n|-damage|p1a: Great Tusk|0 fnt\n|faint|p1a: Great Tusk\n|-end|p1a: Great Tusk|Protosynthesis|[silent]\n|\n|-heal|p2a: Clodsire|57\/100 par|[from] item: Leftovers\n|upkeep\n|\n|t:|1700415277\n|switch|p1a: Sneasler|Sneasler, M|100\/100\n|turn|14\n|\n|t:|1700415280\n|move|p1a: Sneasler|U-turn|p2a: Clodsire\n|-resisted|p2a: Clodsire\n|-damage|p2a: Clodsire|53\/100 par\n|-message|Myegumi forfeited.\n|\n|win|BL153\n|raw|Myegumi's rating: 1222 &rarr; <strong>1194<\/strong><br \/>(-28 for losing)\n|raw|BL153's rating: 1181 &rarr; <strong>1209<\/strong><br \/>(+28 for winning)\n|l|\u2606Myegumi\n","uploadtime":1700415285,"views":7,"p1id":"myegumi","p2id":"bl153","formatid":"gen9ubers","rating":1194,"private":0,"password":""}