{"id":"gen9ubers-1968248228","p1":"XpokVEVO","p2":"Hakurei Aquarius","format":"[Gen 9] Ubers","log":"|j|\u2606XpokVEVO\n|j|\u2606Hakurei Aquarius\n|t:|1697398810\n|gametype|singles\n|player|p1|XpokVEVO|marshal|\n|player|p2|Hakurei Aquarius|gloria|\n|teamsize|p1|6\n|teamsize|p2|6\n|gen|9\n|tier|[Gen 9] Ubers\n|rule|Sleep Clause Mod: Limit one foe put to sleep\n|rule|Species Clause: Limit one of each Pok\u00e9mon\n|rule|OHKO Clause: OHKO moves are banned\n|rule|Evasion Items Clause: Evasion items are banned\n|rule|Evasion Moves Clause: Evasion moves are banned\n|rule|Endless Battle Clause: Forcing endless battles is banned\n|rule|HP Percentage Mod: HP is shown in percentages\n|clearpoke\n|poke|p1|Arceus-Fire|\n|poke|p1|Shaymin-Sky|\n|poke|p1|Palkia-Origin|\n|poke|p1|Cyclizar, F|\n|poke|p1|Espathra, F|\n|poke|p1|Magearna|\n|poke|p2|Magearna|\n|poke|p2|Garchomp, M|\n|poke|p2|Chi-Yu|\n|poke|p2|Palkia-Origin|\n|poke|p2|Donphan, M|\n|poke|p2|Ogerpon-Wellspring, F|\n|teampreview\n|inactive|Battle timer is ON: inactive players will automatically lose when time's up. (requested by Hakurei Aquarius)\n|c|\u2606Hakurei Aquarius|The chomp never dies. Cynthia is scary for a reason\n|\n|t:|1697398826\n|start\n|switch|p1a: Cyclizar|Cyclizar, F|100\/100\n|switch|p2a: Magearna|Magearna|100\/100\n|turn|1\n|\n|t:|1697398842\n|move|p1a: Cyclizar|Shed Tail|p1a: Cyclizar\n|-start|p1a: Cyclizar|Substitute|[from] move: Shed Tail\n|-damage|p1a: Cyclizar|50\/100\n|\n|t:|1697398846\n|switch|p1a: Espathra|Espathra, F|100\/100|[from] Shed Tail\n|move|p2a: Magearna|Volt Switch|p1a: Espathra\n|-end|p1a: Espathra|Substitute\n|\n|t:|1697398852\n|switch|p2a: Chi-Yu|Chi-Yu|100\/100|[from] Volt Switch\n|-ability|p2a: Chi-Yu|Beads of Ruin\n|\n|upkeep\n|turn|2\n|\n|t:|1697398857\n|switch|p2a: Donphan|Donphan, M|100\/100\n|move|p1a: Espathra|Protect||[still]\n|-fail|p1a: Espathra\n|\n|-ability|p1a: Espathra|Speed Boost|boost\n|-boost|p1a: Espathra|spe|1\n|upkeep\n|turn|3\n|\n|t:|1697398870\n|switch|p1a: Cyclizar|Cyclizar, F|84\/100\n|move|p2a: Donphan|Knock Off|p1a: Cyclizar\n|-damage|p1a: Cyclizar|33\/100\n|-enditem|p1a: Cyclizar|Aguav Berry|[from] move: Knock Off|[of] p2a: Donphan\n|\n|upkeep\n|turn|4\n|\n|t:|1697398878\n|move|p2a: Donphan|Ice Shard|p1a: Cyclizar\n|-supereffective|p1a: Cyclizar\n|-damage|p1a: Cyclizar|0 fnt\n|faint|p1a: Cyclizar\n|\n|upkeep\n|\n|t:|1697398888\n|switch|p1a: Palkia|Palkia-Origin|100\/100\n|-ability|p1a: Palkia|Pressure\n|turn|5\n|\n|t:|1697398896\n|move|p1a: Palkia|Draco Meteor|p2a: Donphan\n|-ability|p2a: Donphan|Sturdy\n|-damage|p2a: Donphan|1\/100\n|-unboost|p1a: Palkia|spa|2\n|move|p2a: Donphan|Earthquake|p1a: Palkia\n|-damage|p1a: Palkia|46\/100\n|\n|upkeep\n|turn|6\n|\n|t:|1697398900\n|move|p2a: Donphan|Ice Shard|p1a: Palkia\n|-damage|p1a: Palkia|32\/100\n|move|p1a: Palkia|Hydro Pump|p2a: Donphan\n|-supereffective|p2a: Donphan\n|-damage|p2a: Donphan|0 fnt\n|faint|p2a: Donphan\n|\n|upkeep\n|\n|t:|1697398905\n|switch|p2a: Chi-Yu|Chi-Yu|100\/100\n|-ability|p2a: Chi-Yu|Beads of Ruin\n|turn|7\n|\n|t:|1697398912\n|move|p2a: Chi-Yu|Dark Pulse|p1a: Palkia\n|-damage|p1a: Palkia|0 fnt\n|faint|p1a: Palkia\n|\n|upkeep\n|\n|t:|1697398914\n|switch|p1a: Magearna|Magearna|100\/100\n|turn|8\n|\n|t:|1697398919\n|switch|p2a: Magearna|Magearna|100\/100\n|move|p1a: Magearna|Shift Gear|p1a: Magearna\n|-boost|p1a: Magearna|spe|2\n|-boost|p1a: Magearna|atk|1\n|\n|upkeep\n|turn|9\n|\n|t:|1697398928\n|move|p1a: Magearna|Flash Cannon|p2a: Magearna\n|-crit|p2a: Magearna\n|-damage|p2a: Magearna|25\/100\n|-damage|p1a: Magearna|91\/100|[from] item: Life Orb\n|move|p2a: Magearna|Thunder Wave|p1a: Magearna|[miss]\n|-miss|p2a: Magearna|p1a: Magearna\n|\n|-heal|p2a: Magearna|32\/100|[from] item: Leftovers\n|upkeep\n|turn|10\n|c|\u2606XpokVEVO|Holey moley\n|\n|t:|1697398937\n|move|p1a: Magearna|Flash Cannon|p2a: Magearna\n|-damage|p2a: Magearna|0 fnt\n|faint|p2a: Magearna\n|-ability|p1a: Magearna|Soul-Heart|boost\n|-boost|p1a: Magearna|spa|1\n|-damage|p1a: Magearna|81\/100|[from] item: Life Orb\n|\n|upkeep\n|\n|t:|1697398942\n|switch|p2a: Chi-Yu|Chi-Yu|100\/100\n|-ability|p2a: Chi-Yu|Beads of Ruin\n|turn|11\n|c|\u2606XpokVEVO|You got haxxed this is worthless now\n|c|\u2606XpokVEVO|Hold on\n|\n|t:|1697398953\n|move|p2a: Chi-Yu|Flamethrower|p1a: Magearna\n|-supereffective|p1a: Magearna\n|-damage|p1a: Magearna|0 fnt\n|faint|p1a: Magearna\n|\n|upkeep\n|c|\u2606Hakurei Aquarius|You sure?\n|c|\u2606Hakurei Aquarius|lol\n|\n|t:|1697398967\n|switch|p1a: Arceus-Fight\u0131ng|Arceus-Fire, shiny|100\/100\n|turn|12\n|c|\u2606Hakurei Aquarius|Magearna was a sac there xD\n|\n|t:|1697398972\n|switch|p2a: Ogerpon|Ogerpon-Wellspring, F|100\/100\n|move|p1a: Arceus-Fight\u0131ng|Dragon Dance|p1a: Arceus-Fight\u0131ng\n|-boost|p1a: Arceus-Fight\u0131ng|atk|1\n|-boost|p1a: Arceus-Fight\u0131ng|spe|1\n|\n|upkeep\n|turn|13\n|\n|t:|1697398982\n|move|p1a: Arceus-Fight\u0131ng|Flare Blitz|p2a: Ogerpon\n|-damage|p2a: Ogerpon|0 fnt\n|faint|p2a: Ogerpon\n|-damage|p1a: Arceus-Fight\u0131ng|74\/100|[from] Recoil\n|\n|upkeep\n|\n|t:|1697398986\n|switch|p2a: Palkia|Palkia-Origin|100\/100\n|-ability|p2a: Palkia|Pressure\n|turn|14\n|c|\u2606XpokVEVO|Bro is fishing tera SO bad\n|\n|t:|1697399010\n|-terastallize|p1a: Arceus-Fight\u0131ng|Fairy\n|move|p1a: Arceus-Fight\u0131ng|Tera Blast|p2a: Palkia|[anim] Tera Blast Fairy\n|-supereffective|p2a: Palkia\n|-damage|p2a: Palkia|0 fnt\n|faint|p2a: Palkia\n|\n|upkeep\n|c|\u2606XpokVEVO|I win\n|c|\u2606XpokVEVO|?\n|c|\u2606XpokVEVO|I think\n|\n|t:|1697399038\n|switch|p2a: Garchomp|Garchomp, M|100\/100\n|turn|15\n|c|\u2606Hakurei Aquarius|Depends\n|\n|t:|1697399044\n|-terastallize|p2a: Garchomp|Steel\n|move|p1a: Arceus-Fight\u0131ng|Flare Blitz|p2a: Garchomp\n|-supereffective|p2a: Garchomp\n|-damage|p2a: Garchomp|0 fnt\n|-damage|p1a: Arceus-Fight\u0131ng|62\/100|[from] ability: Rough Skin|[of] p2a: Garchomp\n|faint|p2a: Garchomp\n|-damage|p1a: Arceus-Fight\u0131ng|31\/100|[from] Recoil\n|\n|upkeep\n|\n|t:|1697399048\n|switch|p2a: Chi-Yu|Chi-Yu|100\/100\n|-ability|p2a: Chi-Yu|Beads of Ruin\n|turn|16\n|c|\u2606XpokVEVO|On?\n|\n|t:|1697399051\n|move|p1a: Arceus-Fight\u0131ng|Tera Blast|p2a: Chi-Yu|[anim] Tera Blast Fairy\n|-damage|p2a: Chi-Yu|0 fnt\n|faint|p2a: Chi-Yu\n|\n|win|XpokVEVO\n|c|\u2606Hakurei Aquarius|Nvm\n|c|\u2606XpokVEVO|I think judt\n|c|\u2606XpokVEVO|Saving tera\n|c|\u2606Hakurei Aquarius|thought I outsped\n|c|\u2606XpokVEVO|Is smart\n","uploadtime":1697399062,"views":26,"p1id":"xpokvevo","p2id":"hakureiaquarius","formatid":"gen9ubers","rating":0,"private":0,"password":""}