{"id":"gen9ubers-1991434069","p1":"KamilouSensei","p2":"batteejfuh fyu","format":"[Gen 9] Ubers","log":"|j|\u2606KamilouSensei\n|j|\u2606batteejfuh fyu\n|t:|1700076763\n|gametype|singles\n|player|p1|KamilouSensei|benga|1211\n|player|p2|batteejfuh fyu|169|1090\n|teamsize|p1|6\n|teamsize|p2|6\n|gen|9\n|tier|[Gen 9] Ubers\n|rated|\n|rule|Sleep Clause Mod: Limit one foe put to sleep\n|rule|Species Clause: Limit one of each Pok\u00e9mon\n|rule|OHKO Clause: OHKO moves are banned\n|rule|Evasion Items Clause: Evasion items are banned\n|rule|Evasion Moves Clause: Evasion moves are banned\n|rule|Endless Battle Clause: Forcing endless battles is banned\n|rule|HP Percentage Mod: HP is shown in percentages\n|clearpoke\n|poke|p1|Iron Bundle|\n|poke|p1|Glimmora, M|\n|poke|p1|Miraidon|\n|poke|p1|Arceus-Ground|\n|poke|p1|Zacian-*|\n|poke|p1|Koraidon|\n|poke|p2|Groudon|\n|poke|p2|Gastrodon, F|\n|poke|p2|Gardevoir, M|\n|poke|p2|Tauros, M|\n|poke|p2|Vaporeon, M|\n|poke|p2|Amoonguss, F|\n|teampreview\n|\n|t:|1700076779\n|start\n|switch|p1a: Iron Bundle|Iron Bundle, shiny|100\/100\n|switch|p2a: Groudon|Groudon|100\/100\n|-weather|SunnyDay|[from] ability: Drought|[of] p2a: Groudon\n|turn|1\n|\n|t:|1700076796\n|switch|p2a: Amoonguss|Amoonguss, F|100\/100\n|move|p1a: Iron Bundle|Hydro Pump|p2a: Amoonguss\n|-resisted|p2a: Amoonguss\n|-damage|p2a: Amoonguss|91\/100\n|\n|-weather|SunnyDay|[upkeep]\n|-heal|p2a: Amoonguss|97\/100|[from] item: Black Sludge\n|upkeep\n|turn|2\n|\n|t:|1700076814\n|move|p1a: Iron Bundle|Ice Beam|p2a: Amoonguss\n|-supereffective|p2a: Amoonguss\n|-damage|p2a: Amoonguss|36\/100\n|move|p2a: Amoonguss|Giga Drain|p1a: Iron Bundle\n|-supereffective|p1a: Iron Bundle\n|-damage|p1a: Iron Bundle|14\/100\n|-heal|p2a: Amoonguss|61\/100|[from] drain|[of] p1a: Iron Bundle\n|\n|-weather|SunnyDay|[upkeep]\n|-heal|p2a: Amoonguss|67\/100|[from] item: Black Sludge\n|upkeep\n|turn|3\n|\n|t:|1700076843\n|-end|p1a: Iron Bundle|Quark Drive|[silent]\n|switch|p1a: Glimmora|Glimmora, M, shiny|100\/100\n|switch|p2a: Tauros|Tauros, M|100\/100\n|-ability|p2a: Tauros|Intimidate|boost\n|-unboost|p1a: Glimmora|atk|1\n|\n|-weather|SunnyDay|[upkeep]\n|upkeep\n|turn|4\n|\n|t:|1700076862\n|switch|p2a: Gastrodon|Gastrodon, F|100\/100\n|move|p1a: Glimmora|Stealth Rock|p2a: Gastrodon\n|-sidestart|p2: batteejfuh fyu|move: Stealth Rock\n|\n|-weather|SunnyDay|[upkeep]\n|upkeep\n|turn|5\n|\n|t:|1700076882\n|move|p1a: Glimmora|Earth Power|p2a: Gastrodon\n|-crit|p2a: Gastrodon\n|-damage|p2a: Gastrodon|71\/100\n|-unboost|p2a: Gastrodon|spd|1\n|move|p2a: Gastrodon|Sludge Bomb|p1a: Glimmora\n|-resisted|p1a: Glimmora\n|-damage|p1a: Glimmora|94\/100\n|\n|-weather|none\n|upkeep\n|turn|6\n|\n|t:|1700076896\n|move|p1a: Glimmora|Earth Power|p2a: Gastrodon\n|-damage|p2a: Gastrodon|42\/100\n|move|p2a: Gastrodon|Counter||[still]\n|-fail|p2a: Gastrodon\n|\n|upkeep\n|turn|7\n|\n|t:|1700076909\n|switch|p2a: Groudon|Groudon|100\/100\n|-damage|p2a: Groudon|94\/100|[from] Stealth Rock\n|-weather|SunnyDay|[from] ability: Drought|[of] p2a: Groudon\n|move|p1a: Glimmora|Earth Power|p2a: Groudon\n|-damage|p2a: Groudon|58\/100\n|\n|-weather|SunnyDay|[upkeep]\n|upkeep\n|turn|8\n|\n|t:|1700076930\n|move|p2a: Groudon|Swords Dance|p2a: Groudon\n|-boost|p2a: Groudon|atk|2\n|move|p1a: Glimmora|Earth Power|p2a: Groudon\n|-damage|p2a: Groudon|23\/100\n|\n|-weather|SunnyDay|[upkeep]\n|upkeep\n|turn|9\n|\n|t:|1700076943\n|move|p2a: Groudon|Earthquake|p1a: Glimmora\n|-supereffective|p1a: Glimmora\n|-damage|p1a: Glimmora|0 fnt\n|-activate|p1a: Glimmora|ability: Toxic Debris\n|-sidestart|p2: batteejfuh fyu|move: Toxic Spikes\n|faint|p1a: Glimmora\n|\n|-weather|SunnyDay|[upkeep]\n|upkeep\n|\n|t:|1700076953\n|switch|p1a: Iron Bundle|Iron Bundle, shiny|14\/100\n|turn|10\n|\n|t:|1700076965\n|switch|p2a: Amoonguss|Amoonguss, F|100\/100\n|-damage|p2a: Amoonguss|88\/100|[from] Stealth Rock\n|-sideend|p2: batteejfuh fyu|move: Toxic Spikes|[of] p2a: Amoonguss\n|move|p1a: Iron Bundle|Ice Beam|p2a: Amoonguss\n|-supereffective|p2a: Amoonguss\n|-damage|p2a: Amoonguss|25\/100\n|\n|-weather|SunnyDay|[upkeep]\n|-heal|p2a: Amoonguss|32\/100|[from] item: Black Sludge\n|upkeep\n|turn|11\n|\n|t:|1700076992\n|switch|p2a: Gardevoir|Gardevoir, M|100\/100\n|-damage|p2a: Gardevoir|88\/100|[from] Stealth Rock\n|move|p1a: Iron Bundle|Ice Beam|p2a: Gardevoir\n|-damage|p2a: Gardevoir|38\/100\n|\n|-weather|none\n|upkeep\n|turn|12\n|\n|t:|1700077007\n|move|p1a: Iron Bundle|Ice Beam|p2a: Gardevoir\n|-damage|p2a: Gardevoir|0 fnt\n|faint|p2a: Gardevoir\n|\n|upkeep\n|\n|t:|1700077018\n|switch|p2a: Groudon|Groudon|23\/100\n|-damage|p2a: Groudon|17\/100|[from] Stealth Rock\n|-weather|SunnyDay|[from] ability: Drought|[of] p2a: Groudon\n|turn|13\n|\n|t:|1700077027\n|move|p1a: Iron Bundle|Freeze-Dry|p2a: Groudon\n|-supereffective|p2a: Groudon\n|-crit|p2a: Groudon\n|-damage|p2a: Groudon|0 fnt\n|faint|p2a: Groudon\n|\n|-weather|SunnyDay|[upkeep]\n|upkeep\n|\n|t:|1700077035\n|switch|p2a: Vaporeon|Vaporeon, M|100\/100\n|-damage|p2a: Vaporeon|88\/100|[from] Stealth Rock\n|turn|14\n|\n|t:|1700077049\n|move|p1a: Iron Bundle|Freeze-Dry|p2a: Vaporeon\n|-supereffective|p2a: Vaporeon\n|-damage|p2a: Vaporeon|35\/100\n|move|p2a: Vaporeon|Ice Beam|p1a: Iron Bundle\n|-resisted|p1a: Iron Bundle\n|-damage|p1a: Iron Bundle|0 fnt\n|faint|p1a: Iron Bundle\n|-end|p1a: Iron Bundle|Quark Drive|[silent]\n|\n|-weather|SunnyDay|[upkeep]\n|upkeep\n|\n|t:|1700077065\n|switch|p1a: Miraidon|Miraidon|100\/100\n|-fieldstart|move: Electric Terrain|[from] ability: Hadron Engine|[of] p1a: Miraidon\n|turn|15\n|\n|t:|1700077076\n|switch|p2a: Amoonguss|Amoonguss, F|65\/100\n|-damage|p2a: Amoonguss|53\/100|[from] Stealth Rock\n|move|p1a: Miraidon|Electro Drift|p2a: Amoonguss\n|-resisted|p2a: Amoonguss\n|-damage|p2a: Amoonguss|23\/100\n|\n|-weather|SunnyDay|[upkeep]\n|-heal|p2a: Amoonguss|29\/100|[from] item: Black Sludge\n|upkeep\n|turn|16\n|\n|t:|1700077088\n|switch|p2a: Gastrodon|Gastrodon, F|42\/100\n|-damage|p2a: Gastrodon|35\/100|[from] Stealth Rock\n|move|p1a: Miraidon|Electro Drift|p2a: Gastrodon\n|-immune|p2a: Gastrodon\n|\n|-weather|SunnyDay|[upkeep]\n|upkeep\n|turn|17\n|\n|t:|1700077100\n|move|p1a: Miraidon|Draco Meteor|p2a: Gastrodon\n|-damage|p2a: Gastrodon|0 fnt\n|-unboost|p1a: Miraidon|spa|2\n|faint|p2a: Gastrodon\n|\n|-weather|none\n|upkeep\n|\n|t:|1700077107\n|switch|p2a: Tauros|Tauros, M|100\/100\n|-damage|p2a: Tauros|88\/100|[from] Stealth Rock\n|-ability|p2a: Tauros|Intimidate|boost\n|-unboost|p1a: Miraidon|atk|1\n|turn|18\n|\n|t:|1700077127\n|move|p2a: Tauros|Thunderbolt|p1a: Miraidon\n|-resisted|p1a: Miraidon\n|-damage|p1a: Miraidon|98\/100\n|move|p1a: Miraidon|Calm Mind|p1a: Miraidon\n|-boost|p1a: Miraidon|spa|1\n|-boost|p1a: Miraidon|spd|1\n|\n|upkeep\n|turn|19\n|\n|t:|1700077139\n|move|p2a: Tauros|Thunderbolt|p1a: Miraidon\n|-resisted|p1a: Miraidon\n|-damage|p1a: Miraidon|96\/100\n|move|p1a: Miraidon|Calm Mind|p1a: Miraidon\n|-boost|p1a: Miraidon|spa|1\n|-boost|p1a: Miraidon|spd|1\n|\n|-fieldend|move: Electric Terrain\n|upkeep\n|turn|20\n|\n|t:|1700077148\n|switch|p2a: Amoonguss|Amoonguss, F|62\/100\n|-damage|p2a: Amoonguss|50\/100|[from] Stealth Rock\n|move|p1a: Miraidon|Calm Mind|p1a: Miraidon\n|-boost|p1a: Miraidon|spa|1\n|-boost|p1a: Miraidon|spd|1\n|\n|-heal|p2a: Amoonguss|56\/100|[from] item: Black Sludge\n|upkeep\n|turn|21\n|\n|t:|1700077158\n|move|p1a: Miraidon|Calm Mind|p1a: Miraidon\n|-boost|p1a: Miraidon|spa|1\n|-boost|p1a: Miraidon|spd|1\n|move|p2a: Amoonguss|Spore|p1a: Miraidon\n|-status|p1a: Miraidon|slp|[from] move: Spore\n|\n|-heal|p2a: Amoonguss|62\/100|[from] item: Black Sludge\n|upkeep\n|turn|22\n|\n|t:|1700077171\n|cant|p1a: Miraidon|slp\n|move|p2a: Amoonguss|Toxic||[still]\n|-fail|p2a: Amoonguss\n|\n|-heal|p2a: Amoonguss|69\/100|[from] item: Black Sludge\n|upkeep\n|turn|23\n|\n|t:|1700077181\n|cant|p1a: Miraidon|slp\n|move|p2a: Amoonguss|Giga Drain|p1a: Miraidon\n|-resisted|p1a: Miraidon\n|-damage|p1a: Miraidon|92\/100 slp\n|-heal|p2a: Amoonguss|70\/100|[from] drain|[of] p1a: Miraidon\n|\n|-heal|p2a: Amoonguss|76\/100|[from] item: Black Sludge\n|upkeep\n|turn|24\n|\n|t:|1700077191\n|-curestatus|p1a: Miraidon|slp|[msg]\n|move|p1a: Miraidon|Electro Drift|p2a: Amoonguss\n|-resisted|p2a: Amoonguss\n|-damage|p2a: Amoonguss|42\/100\n|move|p2a: Amoonguss|Toxic|p1a: Miraidon\n|-status|p1a: Miraidon|tox\n|\n|-heal|p2a: Amoonguss|48\/100|[from] item: Black Sludge\n|-damage|p1a: Miraidon|86\/100 tox|[from] psn\n|upkeep\n|turn|25\n|\n|t:|1700077207\n|switch|p2a: Tauros|Tauros, M|88\/100\n|-damage|p2a: Tauros|76\/100|[from] Stealth Rock\n|-ability|p2a: Tauros|Intimidate|boost\n|-unboost|p1a: Miraidon|atk|1\n|move|p1a: Miraidon|Draco Meteor|p2a: Tauros\n|-damage|p2a: Tauros|0 fnt\n|-unboost|p1a: Miraidon|spa|2\n|faint|p2a: Tauros\n|\n|-damage|p1a: Miraidon|74\/100 tox|[from] psn\n|upkeep\n|\n|t:|1700077219\n|switch|p2a: Vaporeon|Vaporeon, M|35\/100\n|-damage|p2a: Vaporeon|22\/100|[from] Stealth Rock\n|turn|26\n|\n|t:|1700077229\n|move|p1a: Miraidon|Electro Drift|p2a: Vaporeon\n|-supereffective|p2a: Vaporeon\n|-damage|p2a: Vaporeon|0 fnt\n|faint|p2a: Vaporeon\n|\n|-damage|p1a: Miraidon|55\/100 tox|[from] psn\n|upkeep\n|\n|t:|1700077235\n|switch|p2a: Amoonguss|Amoonguss, F|82\/100\n|-damage|p2a: Amoonguss|69\/100|[from] Stealth Rock\n|turn|27\n|\n|t:|1700077243\n|move|p1a: Miraidon|Draco Meteor|p2a: Amoonguss\n|-damage|p2a: Amoonguss|23\/100\n|-unboost|p1a: Miraidon|spa|2\n|move|p2a: Amoonguss|Spore||[still]\n|-fail|p2a: Amoonguss\n|\n|-heal|p2a: Amoonguss|29\/100|[from] item: Black Sludge\n|-damage|p1a: Miraidon|31\/100 tox|[from] psn\n|upkeep\n|turn|28\n|\n|t:|1700077265\n|-terastallize|p2a: Amoonguss|Grass\n|move|p1a: Miraidon|Draco Meteor|p2a: Amoonguss\n|-damage|p2a: Amoonguss|7\/100\n|-unboost|p1a: Miraidon|spa|2\n|move|p2a: Amoonguss|Giga Drain|p1a: Miraidon\n|-resisted|p1a: Miraidon\n|-damage|p1a: Miraidon|26\/100 tox\n|-heal|p2a: Amoonguss|8\/100|[from] drain|[of] p1a: Miraidon\n|\n|-damage|p2a: Amoonguss|0 fnt|[from] item: Black Sludge\n|faint|p2a: Amoonguss\n|\n|win|KamilouSensei\n|upkeep\n|raw|KamilouSensei's rating: 1211 &rarr; <strong>1228<\/strong><br \/>(+17 for winning)\n|raw|batteejfuh fyu's rating: 1090 &rarr; <strong>1074<\/strong><br \/>(-16 for losing)\n|l|\u2606batteejfuh fyu\n","uploadtime":1700077315,"views":6,"p1id":"kamilousensei","p2id":"batteejfuhfyu","formatid":"gen9ubers","rating":1074,"private":0,"password":""}