{"id":"gen9ubers-1989171414","p1":"Kizaco","p2":"mann_treads","format":"[Gen 9] Ubers","log":"|j|\u2606Kizaco\n|j|\u2606mann_treads\n|t:|1699819760\n|gametype|singles\n|player|p1|Kizaco|169|\n|player|p2|mann_treads|ariana|\n|teamsize|p1|6\n|teamsize|p2|6\n|gen|9\n|tier|[Gen 9] Ubers\n|rule|Sleep Clause Mod: Limit one foe put to sleep\n|rule|Species Clause: Limit one of each Pok\u00e9mon\n|rule|OHKO Clause: OHKO moves are banned\n|rule|Evasion Items Clause: Evasion items are banned\n|rule|Evasion Moves Clause: Evasion moves are banned\n|rule|Endless Battle Clause: Forcing endless battles is banned\n|rule|HP Percentage Mod: HP is shown in percentages\n|clearpoke\n|poke|p1|Palafin, F|\n|poke|p1|Landorus, M|\n|poke|p1|Baxcalibur, F|\n|poke|p1|Chi-Yu|\n|poke|p1|Zacian-*|\n|poke|p1|Palkia-Origin|\n|poke|p2|Palkia-Origin|\n|poke|p2|Zacian-*|\n|poke|p2|Cyclizar, M|\n|poke|p2|Urshifu-*, M|\n|poke|p2|Chi-Yu|\n|poke|p2|Gholdengo|\n|teampreview\n|c|\u2606Kizaco|gl hf\n|c|\u2606mann_treads|glhf\n|\n|t:|1699819771\n|start\n|switch|p1a: Palafin|Palafin, F|100\/100\n|switch|p2a: Gholdengo|Gholdengo|100\/100\n|turn|1\n|\n|t:|1699819779\n|detailschange|p1a: Palafin|Palafin-Hero, F\n|switch|p1a: Chi-Yu|Chi-Yu|100\/100\n|-ability|p1a: Chi-Yu|Beads of Ruin\n|move|p2a: Gholdengo|Make It Rain|p1a: Chi-Yu\n|-resisted|p1a: Chi-Yu\n|-damage|p1a: Chi-Yu|62\/100\n|-unboost|p2a: Gholdengo|spa|1\n|\n|upkeep\n|turn|2\n|\n|t:|1699819799\n|switch|p2a: Chi-Yu|Chi-Yu|100\/100\n|-ability|p2a: Chi-Yu|Beads of Ruin\n|move|p1a: Chi-Yu|Dark Pulse|p2a: Chi-Yu\n|-resisted|p2a: Chi-Yu\n|-damage|p2a: Chi-Yu|77\/100\n|\n|upkeep\n|turn|3\n|\n|t:|1699819808\n|move|p1a: Chi-Yu|Nasty Plot|p1a: Chi-Yu\n|-boost|p1a: Chi-Yu|spa|2\n|move|p2a: Chi-Yu|Dark Pulse|p1a: Chi-Yu\n|-resisted|p1a: Chi-Yu\n|-damage|p1a: Chi-Yu|24\/100\n|\n|upkeep\n|turn|4\n|\n|t:|1699819818\n|move|p1a: Chi-Yu|Dark Pulse|p2a: Chi-Yu\n|-resisted|p2a: Chi-Yu\n|-damage|p2a: Chi-Yu|25\/100\n|move|p2a: Chi-Yu|Dark Pulse|p1a: Chi-Yu\n|-resisted|p1a: Chi-Yu\n|-damage|p1a: Chi-Yu|0 fnt\n|faint|p1a: Chi-Yu\n|\n|upkeep\n|\n|t:|1699819823\n|switch|p1a: Palafin|Palafin-Hero, F|100\/100\n|-activate|p1a: Palafin|ability: Zero to Hero\n|turn|5\n|\n|t:|1699819829\n|switch|p2a: Palkia|Palkia-Origin|100\/100\n|-ability|p2a: Palkia|Pressure\n|move|p1a: Palafin|Flip Turn|p2a: Palkia\n|-resisted|p2a: Palkia\n|-damage|p2a: Palkia|86\/100\n|\n|t:|1699819860\n|switch|p1a: Palkia|Palkia-Origin|100\/100|[from] Flip Turn\n|-ability|p1a: Palkia|Pressure\n|\n|upkeep\n|turn|6\n|\n|t:|1699819879\n|-terastallize|p2a: Palkia|Fairy\n|-terastallize|p1a: Palkia|Water\n|move|p2a: Palkia|Draco Meteor|p1a: Palkia\n|-damage|p1a: Palkia|12\/100\n|-unboost|p2a: Palkia|spa|2\n|move|p1a: Palkia|Spacial Rend|p2a: Palkia\n|-immune|p2a: Palkia\n|\n|upkeep\n|turn|7\n|\n|t:|1699819889\n|move|p2a: Palkia|Hydro Pump|p1a: Palkia\n|-resisted|p1a: Palkia\n|-damage|p1a: Palkia|0 fnt\n|faint|p1a: Palkia\n|\n|upkeep\n|\n|t:|1699819914\n|switch|p1a: Palafin|Palafin-Hero, F|100\/100\n|turn|8\n|\n|t:|1699819940\n|switch|p2a: Cyclizar|Cyclizar, M|100\/100\n|move|p1a: Palafin|Wave Crash|p2a: Cyclizar\n|-resisted|p2a: Cyclizar\n|-damage|p2a: Cyclizar|18\/100\n|-damage|p1a: Palafin|73\/100|[from] Recoil\n|\n|upkeep\n|turn|9\n|\n|t:|1699819951\n|switch|p1a: Landorus|Landorus, M|100\/100\n|move|p2a: Cyclizar|Draco Meteor|p1a: Landorus\n|-damage|p1a: Landorus|51\/100\n|-unboost|p2a: Cyclizar|spa|2\n|\n|upkeep\n|turn|10\n|\n|t:|1699819973\n|move|p2a: Cyclizar|Draco Meteor|p1a: Landorus|[miss]\n|-miss|p2a: Cyclizar|p1a: Landorus\n|move|p1a: Landorus|Earth Power|p2a: Cyclizar\n|-damage|p2a: Cyclizar|0 fnt\n|faint|p2a: Cyclizar\n|\n|upkeep\n|\n|t:|1699819989\n|switch|p2a: Zacian|Zacian|100\/100\n|-ability|p2a: Zacian|Intrepid Sword|boost\n|-boost|p2a: Zacian|atk|1\n|turn|11\n|\n|t:|1699819997\n|move|p2a: Zacian|Swords Dance|p2a: Zacian\n|-boost|p2a: Zacian|atk|2\n|move|p1a: Landorus|Sludge Bomb|p2a: Zacian\n|-supereffective|p2a: Zacian\n|-damage|p2a: Zacian|10\/100\n|\n|upkeep\n|turn|12\n|\n|t:|1699820004\n|move|p2a: Zacian|Iron Head|p1a: Landorus\n|-damage|p1a: Landorus|0 fnt\n|faint|p1a: Landorus\n|\n|upkeep\n|\n|t:|1699820007\n|switch|p1a: Palafin|Palafin-Hero, F|73\/100\n|turn|13\n|\n|t:|1699820010\n|switch|p2a: Gholdengo|Gholdengo|100\/100\n|move|p1a: Palafin|Jet Punch|p2a: Gholdengo\n|-crit|p2a: Gholdengo\n|-damage|p2a: Gholdengo|11\/100\n|\n|upkeep\n|turn|14\n|\n|t:|1699820026\n|move|p1a: Palafin|Jet Punch|p2a: Gholdengo\n|-damage|p2a: Gholdengo|0 fnt\n|faint|p2a: Gholdengo\n|\n|upkeep\n|\n|t:|1699820030\n|switch|p2a: Urshifu|Urshifu, M|100\/100\n|turn|15\n|\n|t:|1699820038\n|switch|p1a: Zacian|Zacian|100\/100\n|-ability|p1a: Zacian|Intrepid Sword|boost\n|-boost|p1a: Zacian|atk|1\n|move|p2a: Urshifu|Sucker Punch||[still]\n|-fail|p2a: Urshifu\n|\n|upkeep\n|turn|16\n|\n|t:|1699820046\n|switch|p2a: Chi-Yu|Chi-Yu|25\/100\n|-ability|p2a: Chi-Yu|Beads of Ruin\n|move|p1a: Zacian|Play Rough|p2a: Chi-Yu\n|-damage|p2a: Chi-Yu|0 fnt\n|faint|p2a: Chi-Yu\n|\n|upkeep\n|\n|t:|1699820055\n|switch|p2a: Zacian|Zacian|10\/100\n|turn|17\n|\n|t:|1699820063\n|move|p1a: Zacian|Play Rough|p2a: Zacian\n|-damage|p2a: Zacian|0 fnt\n|faint|p2a: Zacian\n|\n|upkeep\n|\n|t:|1699820071\n|switch|p2a: Urshifu|Urshifu, M|100\/100\n|turn|18\n|\n|t:|1699820076\n|move|p1a: Zacian|Play Rough|p2a: Urshifu\n|-supereffective|p2a: Urshifu\n|-damage|p2a: Urshifu|0 fnt\n|faint|p2a: Urshifu\n|\n|upkeep\n|\n|t:|1699820081\n|switch|p2a: Palkia|Palkia-Origin, tera:Fairy|86\/100\n|-ability|p2a: Palkia|Pressure\n|turn|19\n|\n|t:|1699820088\n|move|p1a: Zacian|Play Rough|p2a: Palkia\n|-damage|p2a: Palkia|12\/100\n|move|p2a: Palkia|Hydro Pump|p1a: Zacian\n|-damage|p1a: Zacian|30\/100\n|\n|upkeep\n|turn|20\n|c|\u2606Kizaco|gg wp\n|c|\u2606mann_treads|gg\n|\n|t:|1699820096\n|move|p1a: Zacian|Play Rough|p2a: Palkia\n|-damage|p2a: Palkia|0 fnt\n|faint|p2a: Palkia\n|\n|win|Kizaco\n|l|\u2606mann_treads\n","uploadtime":1699820109,"views":15,"p1id":"kizaco","p2id":"manntreads","formatid":"gen9ubers","rating":0,"private":0,"password":""}