{"id":"gen9ubers-1984012988","p1":"Ewokpinguin25","p2":"Iiesuu","format":"[Gen 9] Ubers","log":"|j|\u2606Ewokpinguin25\n|j|\u2606Iiesuu\n|t:|1699209765\n|gametype|singles\n|player|p1|Ewokpinguin25|palmer|\n|player|p2|Iiesuu|1|\n|teamsize|p1|6\n|teamsize|p2|6\n|gen|9\n|tier|[Gen 9] Ubers\n|rule|Sleep Clause Mod: Limit one foe put to sleep\n|rule|Species Clause: Limit one of each Pok\u00e9mon\n|rule|OHKO Clause: OHKO moves are banned\n|rule|Evasion Items Clause: Evasion items are banned\n|rule|Evasion Moves Clause: Evasion moves are banned\n|rule|Endless Battle Clause: Forcing endless battles is banned\n|rule|HP Percentage Mod: HP is shown in percentages\n|clearpoke\n|poke|p1|Krookodile, F|\n|poke|p1|Annihilape, M|\n|poke|p1|Revavroom, F|\n|poke|p1|Moltres|\n|poke|p1|Zoroark-Hisui, M|\n|poke|p1|Dipplin, F|\n|poke|p2|Jirachi|\n|poke|p2|Hariyama, M|\n|poke|p2|Golem-Alola, M|\n|poke|p2|Tornadus-Therian, M|\n|poke|p2|Carbink|\n|poke|p2|Weezing-Galar, F|\n|teampreview\n|\n|t:|1699209783\n|start\n|switch|p1a: Shades|Krookodile, F|100\/100\n|switch|p2a: Jirachi|Jirachi|100\/100\n|-ability|p1a: Shades|Intimidate|boost\n|-unboost|p2a: Jirachi|atk|1\n|turn|1\n|\n|t:|1699209802\n|move|p2a: Jirachi|Ice Punch|p1a: Shades\n|-supereffective|p1a: Shades\n|-damage|p1a: Shades|66\/100\n|-status|p1a: Shades|frz\n|-damage|p2a: Jirachi|84\/100|[from] item: Rocky Helmet|[of] p1a: Shades\n|cant|p1a: Shades|frz\n|\n|upkeep\n|turn|2\n|\n|t:|1699209809\n|switch|p1a: BLAST THRICE|Moltres|100\/100\n|move|p2a: Jirachi|Ice Punch|p1a: BLAST THRICE\n|-damage|p1a: BLAST THRICE|91\/100\n|-status|p1a: BLAST THRICE|frz\n|\n|upkeep\n|turn|3\n|\n|t:|1699209826\n|move|p2a: Jirachi|Ice Punch|p1a: BLAST THRICE\n|-damage|p1a: BLAST THRICE|80\/100 frz\n|-status|p2a: Jirachi|brn|[from] ability: Flame Body|[of] p1a: BLAST THRICE\n|cant|p1a: BLAST THRICE|frz\n|\n|-damage|p2a: Jirachi|78\/100 brn|[from] brn\n|upkeep\n|turn|4\n|\n|t:|1699209830\n|move|p2a: Jirachi|Ice Punch|p1a: BLAST THRICE\n|-damage|p1a: BLAST THRICE|75\/100 frz\n|cant|p1a: BLAST THRICE|frz\n|\n|-damage|p2a: Jirachi|72\/100 brn|[from] brn\n|upkeep\n|turn|5\n|\n|t:|1699209832\n|move|p2a: Jirachi|Ice Punch|p1a: BLAST THRICE\n|-damage|p1a: BLAST THRICE|70\/100 frz\n|cant|p1a: BLAST THRICE|frz\n|\n|-damage|p2a: Jirachi|66\/100 brn|[from] brn\n|upkeep\n|turn|6\n|\n|t:|1699209839\n|move|p2a: Jirachi|Ice Punch|p1a: BLAST THRICE\n|-damage|p1a: BLAST THRICE|64\/100 frz\n|cant|p1a: BLAST THRICE|frz\n|\n|-damage|p2a: Jirachi|59\/100 brn|[from] brn\n|upkeep\n|turn|7\n|\n|t:|1699209842\n|move|p2a: Jirachi|Ice Punch|p1a: BLAST THRICE\n|-damage|p1a: BLAST THRICE|60\/100 frz\n|cant|p1a: BLAST THRICE|frz\n|\n|-damage|p2a: Jirachi|53\/100 brn|[from] brn\n|upkeep\n|turn|8\n|\n|t:|1699209853\n|move|p2a: Jirachi|Ice Punch|p1a: BLAST THRICE\n|-damage|p1a: BLAST THRICE|55\/100 frz\n|cant|p1a: BLAST THRICE|frz\n|\n|-damage|p2a: Jirachi|47\/100 brn|[from] brn\n|upkeep\n|turn|9\n|\n|t:|1699209855\n|move|p2a: Jirachi|Ice Punch|p1a: BLAST THRICE\n|-damage|p1a: BLAST THRICE|50\/100 frz\n|cant|p1a: BLAST THRICE|frz\n|\n|-damage|p2a: Jirachi|41\/100 brn|[from] brn\n|upkeep\n|turn|10\n|\n|t:|1699209864\n|move|p2a: Jirachi|Ice Punch|p1a: BLAST THRICE\n|-damage|p1a: BLAST THRICE|45\/100 frz\n|cant|p1a: BLAST THRICE|frz\n|\n|-damage|p2a: Jirachi|35\/100 brn|[from] brn\n|upkeep\n|turn|11\n|\n|t:|1699209868\n|switch|p2a: Golem|Golem-Alola, M|100\/100\n|-item|p2a: Golem|Air Balloon\n|-curestatus|p1a: BLAST THRICE|frz|[msg]\n|move|p1a: BLAST THRICE|Roost|p1a: BLAST THRICE\n|-heal|p1a: BLAST THRICE|95\/100\n|-singleturn|p1a: BLAST THRICE|move: Roost\n|\n|upkeep\n|turn|12\n|\n|t:|1699209871\n|move|p1a: BLAST THRICE|U-turn|p2a: Golem\n|-damage|p2a: Golem|89\/100\n|-enditem|p2a: Golem|Air Balloon\n|\n|t:|1699209875\n|switch|p1a: Shades|Krookodile, F|66\/100 frz|[from] U-turn\n|-ability|p1a: Shades|Intimidate|boost\n|-unboost|p2a: Golem|atk|1\n|move|p2a: Golem|Stone Edge|p1a: Shades\n|-resisted|p1a: Shades\n|-damage|p1a: Shades|45\/100 frz\n|\n|upkeep\n|turn|13\n|\n|t:|1699209885\n|switch|p2a: Hariyama|Hariyama, M|100\/100\n|cant|p1a: Shades|frz\n|\n|-status|p2a: Hariyama|brn|[from] item: Flame Orb\n|upkeep\n|turn|14\n|\n|t:|1699209893\n|switch|p1a: The Noid|Annihilape, M|100\/100\n|move|p2a: Hariyama|Belly Drum|p2a: Hariyama\n|-damage|p2a: Hariyama|51\/100 brn\n|-setboost|p2a: Hariyama|atk|6|[from] move: Belly Drum\n|\n|-damage|p2a: Hariyama|44\/100 brn|[from] brn\n|upkeep\n|turn|15\n|\n|t:|1699209896\n|move|p1a: The Noid|Hyper Voice|p2a: Hariyama\n|-crit|p2a: Hariyama\n|-damage|p2a: Hariyama|0 fnt\n|faint|p2a: Hariyama\n|\n|upkeep\n|\n|t:|1699209903\n|switch|p2a: Tornadus|Tornadus-Therian, M|100\/100\n|turn|16\n|\n|t:|1699209906\n|move|p1a: The Noid|Nasty Plot|p1a: The Noid\n|-boost|p1a: The Noid|spa|2\n|move|p2a: Tornadus|Bleakwind Storm|p1a: The Noid\n|-enditem|p1a: The Noid|Focus Sash\n|-damage|p1a: The Noid|1\/100\n|-unboost|p1a: The Noid|spe|1\n|replace|p1a: Amaterasu|Zoroark-Hisui, M\n|-end|p1a: Amaterasu|Illusion\n|\n|upkeep\n|turn|17\n|\n|t:|1699209911\n|move|p2a: Tornadus|Bleakwind Storm|p1a: Amaterasu\n|-damage|p1a: Amaterasu|0 fnt\n|faint|p1a: Amaterasu\n|\n|upkeep\n|\n|t:|1699209915\n|switch|p1a: Dripplin|Dipplin, F|100\/100\n|turn|18\n|\n|t:|1699209917\n|-terastallize|p1a: Dripplin|Water\n|move|p2a: Tornadus|Sludge Bomb|p1a: Dripplin\n|-damage|p1a: Dripplin|85\/100\n|move|p1a: Dripplin|Infestation|p2a: Tornadus\n|-resisted|p2a: Tornadus\n|-damage|p2a: Tornadus|98\/100\n|-activate|p2a: Tornadus|move: Infestation|[of] p1a: Dripplin\n|\n|-damage|p2a: Tornadus|86\/100|[from] move: Infestation|[partiallytrapped]\n|upkeep\n|turn|19\n|\n|t:|1699209925\n|switch|p1a: Shades|Krookodile, F|45\/100 frz\n|-ability|p1a: Shades|Intimidate|boost\n|-unboost|p2a: Tornadus|atk|1\n|move|p2a: Tornadus|Sludge Bomb|p1a: Shades\n|-resisted|p1a: Shades\n|-damage|p1a: Shades|24\/100 frz\n|\n|-end|p2a: Tornadus|Infestation|[partiallytrapped]|[silent]\n|upkeep\n|turn|20\n|\n|t:|1699209928\n|cant|p1a: Shades|frz\n|move|p2a: Tornadus|Bleakwind Storm|p1a: Shades\n|-damage|p1a: Shades|0 fnt\n|faint|p1a: Shades\n|\n|upkeep\n|\n|t:|1699209940\n|switch|p1a: Doom Stuart|Revavroom, F|100\/100\n|turn|21\n|\n|t:|1699209942\n|move|p2a: Tornadus|Heat Wave|p1a: Doom Stuart|[miss]\n|-miss|p2a: Tornadus|p1a: Doom Stuart\n|move|p1a: Doom Stuart|Shift Gear|p1a: Doom Stuart\n|-boost|p1a: Doom Stuart|spe|2\n|-boost|p1a: Doom Stuart|atk|1\n|\n|upkeep\n|turn|22\n|\n|t:|1699209944\n|move|p1a: Doom Stuart|Shift Gear|p1a: Doom Stuart\n|-boost|p1a: Doom Stuart|spe|2\n|-boost|p1a: Doom Stuart|atk|1\n|move|p2a: Tornadus|Heat Wave|p1a: Doom Stuart\n|-supereffective|p1a: Doom Stuart\n|-damage|p1a: Doom Stuart|20\/100\n|\n|upkeep\n|turn|23\n|\n|t:|1699209947\n|move|p1a: Doom Stuart|Iron Head|p2a: Tornadus\n|-damage|p2a: Tornadus|0 fnt\n|faint|p2a: Tornadus\n|\n|upkeep\n|\n|t:|1699209965\n|switch|p2a: Weezing|Weezing-Galar, F|100\/100\n|-ability|p2a: Weezing|Neutralizing Gas\n|turn|24\n|\n|t:|1699209972\n|move|p1a: Doom Stuart|Iron Head|p2a: Weezing\n|-supereffective|p2a: Weezing\n|-damage|p2a: Weezing|0 fnt\n|faint|p2a: Weezing\n|-end|p2a: Weezing|ability: Neutralizing Gas\n|\n|upkeep\n|\n|t:|1699209976\n|switch|p2a: Golem|Golem-Alola, M|89\/100\n|turn|25\n|\n|t:|1699209980\n|move|p1a: Doom Stuart|High Horsepower|p2a: Golem\n|-supereffective|p2a: Golem\n|-damage|p2a: Golem|0 fnt\n|faint|p2a: Golem\n|\n|upkeep\n|\n|t:|1699209983\n|switch|p2a: Jirachi|Jirachi|35\/100 brn\n|turn|26\n|\n|t:|1699209985\n|move|p1a: Doom Stuart|High Horsepower|p2a: Jirachi\n|-supereffective|p2a: Jirachi\n|-damage|p2a: Jirachi|0 fnt\n|faint|p2a: Jirachi\n|\n|upkeep\n|\n|t:|1699209988\n|switch|p2a: Carbink|Carbink|100\/100\n|turn|27\n|\n|t:|1699209991\n|move|p1a: Doom Stuart|Iron Head|p2a: Carbink\n|-supereffective|p2a: Carbink\n|-ability|p2a: Carbink|Sturdy\n|-damage|p2a: Carbink|1\/100\n|cant|p2a: Carbink|flinch\n|\n|upkeep\n|turn|28\n|\n|t:|1699209995\n|move|p1a: Doom Stuart|Iron Head|p2a: Carbink\n|-supereffective|p2a: Carbink\n|-crit|p2a: Carbink\n|-damage|p2a: Carbink|0 fnt\n|faint|p2a: Carbink\n|\n|win|Ewokpinguin25\n","uploadtime":1699210007,"views":4,"p1id":"ewokpinguin25","p2id":"iiesuu","formatid":"gen9ubers","rating":0,"private":0,"password":""}