{"id":"gen9ubers-1972641027","p1":"tortoiseshell","p2":"onlygod_inbatangas","format":"[Gen 9] Ubers","log":"|j|\u2606tortoiseshell\n|j|\u2606onlygod_inbatangas\n|t:|1697869092\n|gametype|singles\n|player|p1|tortoiseshell|170|1350\n|player|p2|onlygod_inbatangas|guitarist|1392\n|teamsize|p1|6\n|teamsize|p2|6\n|gen|9\n|tier|[Gen 9] Ubers\n|rated|\n|rule|Sleep Clause Mod: Limit one foe put to sleep\n|rule|Species Clause: Limit one of each Pok\u00e9mon\n|rule|OHKO Clause: OHKO moves are banned\n|rule|Evasion Items Clause: Evasion items are banned\n|rule|Evasion Moves Clause: Evasion moves are banned\n|rule|Endless Battle Clause: Forcing endless battles is banned\n|rule|HP Percentage Mod: HP is shown in percentages\n|clearpoke\n|poke|p1|Koraidon|\n|poke|p1|Miraidon|\n|poke|p1|Arceus-Water|\n|poke|p1|Eternatus|\n|poke|p1|Zacian-*|\n|poke|p1|Giratina-Origin|\n|poke|p2|Koraidon|\n|poke|p2|Miraidon|\n|poke|p2|Flutter Mane|\n|poke|p2|Corviknight, F|\n|poke|p2|Skeledirge, F|\n|poke|p2|Ting-Lu|\n|teampreview\n|inactive|Battle timer is ON: inactive players will automatically lose when time's up. (requested by onlygod_inbatangas)\n|\n|t:|1697869100\n|start\n|switch|p1a: Giratina|Giratina-Origin|100\/100\n|switch|p2a: Ting-Lu|Ting-Lu|100\/100\n|-ability|p2a: Ting-Lu|Vessel of Ruin\n|turn|1\n|\n|t:|1697869104\n|move|p1a: Giratina|Will-O-Wisp|p2a: Ting-Lu\n|-status|p2a: Ting-Lu|brn\n|move|p2a: Ting-Lu|Stealth Rock|p1a: Giratina\n|-sidestart|p1: tortoiseshell|move: Stealth Rock\n|\n|-damage|p2a: Ting-Lu|94\/100 brn|[from] brn\n|upkeep\n|turn|2\n|\n|t:|1697869109\n|move|p1a: Giratina|Defog|p2a: Ting-Lu\n|-unboost|p2a: Ting-Lu|evasion|1\n|-sideend|p1: tortoiseshell|Stealth Rock|[from] move: Defog|[of] p1a: Giratina\n|move|p2a: Ting-Lu|Whirlwind|p1a: Giratina\n|drag|p1a: Miraidon|Miraidon|100\/100\n|-fieldstart|move: Electric Terrain|[from] ability: Hadron Engine|[of] p1a: Miraidon\n|\n|-heal|p2a: Ting-Lu|100\/100 brn|[from] item: Leftovers\n|-damage|p2a: Ting-Lu|94\/100 brn|[from] brn\n|upkeep\n|turn|3\n|\n|t:|1697869117\n|switch|p1a: Arceus|Arceus-Water|100\/100\n|move|p2a: Ting-Lu|Earthquake|p1a: Arceus\n|-damage|p1a: Arceus|92\/100\n|\n|-heal|p2a: Ting-Lu|100\/100 brn|[from] item: Leftovers\n|-damage|p2a: Ting-Lu|94\/100 brn|[from] brn\n|upkeep\n|turn|4\n|\n|t:|1697869126\n|switch|p2a: Corviknight|Corviknight, F|100\/100\n|-ability|p2a: Corviknight|Pressure\n|move|p1a: Arceus|Ice Beam|p2a: Corviknight\n|-damage|p2a: Corviknight|76\/100\n|\n|-heal|p2a: Corviknight|82\/100|[from] item: Leftovers\n|upkeep\n|turn|5\n|\n|t:|1697869132\n|move|p1a: Arceus|Judgment|p2a: Corviknight\n|-damage|p2a: Corviknight|32\/100\n|move|p2a: Corviknight|U-turn|p1a: Arceus\n|-damage|p1a: Arceus|85\/100\n|\n|t:|1697869145\n|switch|p2a: Miraidon|Miraidon|100\/100|[from] U-turn\n|-activate|p2a: Miraidon|ability: Hadron Engine\n|\n|upkeep\n|turn|6\n|c|\u2606onlygod_inbatangas|alahu akbar\n|\n|t:|1697869151\n|switch|p1a: Eternatus|Eternatus|100\/100\n|-ability|p1a: Eternatus|Pressure\n|move|p2a: Miraidon|Electro Drift|p1a: Eternatus\n|-resisted|p1a: Eternatus\n|-damage|p1a: Eternatus|62\/100\n|-damage|p2a: Miraidon|91\/100|[from] item: Life Orb\n|\n|-heal|p1a: Eternatus|69\/100|[from] item: Leftovers\n|-fieldend|move: Electric Terrain\n|upkeep\n|turn|7\n|\n|t:|1697869164\n|switch|p1a: Zacian|Zacian-Crowned|100\/100\n|-ability|p1a: Zacian|Intrepid Sword|boost\n|-boost|p1a: Zacian|atk|1\n|move|p2a: Miraidon|Dragon Pulse|p1a: Zacian\n|-immune|p1a: Zacian\n|\n|upkeep\n|turn|8\n|\n|t:|1697869171\n|switch|p1a: Miraidon|Miraidon|100\/100\n|-fieldstart|move: Electric Terrain|[from] ability: Hadron Engine|[of] p1a: Miraidon\n|switch|p2a: Skeledirge|Skeledirge, F|100\/100\n|\n|upkeep\n|turn|9\n|\n|t:|1697869178\n|switch|p2a: Ting-Lu|Ting-Lu|94\/100 brn\n|-ability|p2a: Ting-Lu|Vessel of Ruin\n|move|p1a: Miraidon|Draco Meteor|p2a: Ting-Lu\n|-damage|p2a: Ting-Lu|32\/100 brn\n|-unboost|p1a: Miraidon|spa|2\n|\n|-heal|p2a: Ting-Lu|38\/100 brn|[from] item: Leftovers\n|-damage|p2a: Ting-Lu|32\/100 brn|[from] brn\n|upkeep\n|turn|10\n|\n|t:|1697869189\n|switch|p1a: Giratina|Giratina-Origin|100\/100\n|move|p2a: Ting-Lu|Stealth Rock|p1a: Giratina\n|-sidestart|p1: tortoiseshell|move: Stealth Rock\n|\n|-heal|p2a: Ting-Lu|38\/100 brn|[from] item: Leftovers\n|-damage|p2a: Ting-Lu|32\/100 brn|[from] brn\n|upkeep\n|turn|11\n|\n|t:|1697869203\n|move|p1a: Giratina|Defog|p2a: Ting-Lu\n|-unboost|p2a: Ting-Lu|evasion|1\n|-sideend|p1: tortoiseshell|Stealth Rock|[from] move: Defog|[of] p1a: Giratina\n|-fieldend|move: Electric Terrain\n|move|p2a: Ting-Lu|Whirlwind|p1a: Giratina\n|drag|p1a: Eternatus|Eternatus|69\/100\n|-ability|p1a: Eternatus|Pressure\n|\n|-heal|p1a: Eternatus|75\/100|[from] item: Leftovers\n|-heal|p2a: Ting-Lu|38\/100 brn|[from] item: Leftovers\n|-damage|p2a: Ting-Lu|32\/100 brn|[from] brn\n|upkeep\n|turn|12\n|\n|t:|1697869211\n|move|p1a: Eternatus|Dynamax Cannon|p2a: Ting-Lu\n|-damage|p2a: Ting-Lu|12\/100 brn\n|move|p2a: Ting-Lu|Stealth Rock|p1a: Eternatus\n|-sidestart|p1: tortoiseshell|move: Stealth Rock\n|\n|-heal|p1a: Eternatus|81\/100|[from] item: Leftovers\n|-heal|p2a: Ting-Lu|18\/100 brn|[from] item: Leftovers\n|-damage|p2a: Ting-Lu|12\/100 brn|[from] brn\n|upkeep\n|turn|13\n|\n|t:|1697869216\n|move|p1a: Eternatus|Dynamax Cannon|p2a: Ting-Lu\n|-damage|p2a: Ting-Lu|0 fnt\n|faint|p2a: Ting-Lu\n|\n|-heal|p1a: Eternatus|87\/100|[from] item: Leftovers\n|upkeep\n|\n|t:|1697869228\n|switch|p2a: Miraidon|Miraidon|91\/100\n|-fieldstart|move: Electric Terrain|[from] ability: Hadron Engine|[of] p2a: Miraidon\n|turn|14\n|\n|t:|1697869235\n|switch|p1a: Zacian|Zacian-Crowned|100\/100\n|-damage|p1a: Zacian|94\/100|[from] Stealth Rock\n|-terastallize|p2a: Miraidon|Electric\n|move|p2a: Miraidon|Electro Drift|p1a: Zacian\n|-damage|p1a: Zacian|0 fnt\n|faint|p1a: Zacian\n|-damage|p2a: Miraidon|81\/100|[from] item: Life Orb\n|\n|upkeep\n|\n|t:|1697869238\n|switch|p1a: Koraidon|Koraidon|100\/100\n|-damage|p1a: Koraidon|94\/100|[from] Stealth Rock\n|-weather|SunnyDay|[from] ability: Orichalcum Pulse|[of] p1a: Koraidon\n|-activate|p1a: Koraidon|Orichalcum Pulse|[source]\n|turn|15\n|\n|t:|1697869244\n|move|p1a: Koraidon|Outrage|p2a: Miraidon\n|-damage|p2a: Miraidon|0 fnt\n|faint|p2a: Miraidon\n|\n|-weather|SunnyDay|[upkeep]\n|upkeep\n|\n|t:|1697869248\n|switch|p2a: Flutter Mane|Flutter Mane|100\/100\n|-activate|p2a: Flutter Mane|ability: Protosynthesis\n|-start|p2a: Flutter Mane|protosynthesisspe\n|turn|16\n|\n|t:|1697869253\n|move|p1a: Koraidon|Outrage|p2a: Flutter Mane|[from]lockedmove\n|-immune|p2a: Flutter Mane\n|-start|p1a: Koraidon|confusion|[fatigue]\n|move|p2a: Flutter Mane|Substitute|p2a: Flutter Mane\n|-start|p2a: Flutter Mane|Substitute\n|-damage|p2a: Flutter Mane|76\/100\n|\n|-weather|SunnyDay|[upkeep]\n|upkeep\n|turn|17\n|\n|t:|1697869265\n|switch|p1a: Arceus|Arceus-Water|85\/100\n|-damage|p1a: Arceus|73\/100|[from] Stealth Rock\n|move|p2a: Flutter Mane|Moonblast|p1a: Arceus\n|-damage|p1a: Arceus|41\/100\n|\n|-weather|SunnyDay|[upkeep]\n|upkeep\n|turn|18\n|\n|t:|1697869270\n|move|p2a: Flutter Mane|Moonblast|p1a: Arceus\n|-damage|p1a: Arceus|10\/100\n|move|p1a: Arceus|Recover|p1a: Arceus\n|-heal|p1a: Arceus|60\/100\n|\n|-weather|SunnyDay|[upkeep]\n|-fieldend|move: Electric Terrain\n|upkeep\n|turn|19\n|\n|t:|1697869273\n|move|p2a: Flutter Mane|Calm Mind|p2a: Flutter Mane\n|-boost|p2a: Flutter Mane|spa|1\n|-boost|p2a: Flutter Mane|spd|1\n|move|p1a: Arceus|Recover|p1a: Arceus\n|-heal|p1a: Arceus|100\/100\n|\n|-weather|none\n|-end|p2a: Flutter Mane|Protosynthesis\n|upkeep\n|-enditem|p2a: Flutter Mane|Booster Energy\n|-activate|p2a: Flutter Mane|ability: Protosynthesis|[fromitem]\n|-start|p2a: Flutter Mane|protosynthesisspa\n|turn|20\n|\n|t:|1697869277\n|move|p2a: Flutter Mane|Calm Mind|p2a: Flutter Mane\n|-boost|p2a: Flutter Mane|spa|1\n|-boost|p2a: Flutter Mane|spd|1\n|move|p1a: Arceus|Calm Mind|p1a: Arceus\n|-boost|p1a: Arceus|spa|1\n|-boost|p1a: Arceus|spd|1\n|\n|upkeep\n|turn|21\n|\n|t:|1697869281\n|move|p2a: Flutter Mane|Shadow Ball|p1a: Arceus\n|-damage|p1a: Arceus|50\/100\n|move|p1a: Arceus|Calm Mind|p1a: Arceus\n|-boost|p1a: Arceus|spa|1\n|-boost|p1a: Arceus|spd|1\n|\n|upkeep\n|turn|22\n|\n|t:|1697869284\n|move|p2a: Flutter Mane|Shadow Ball|p1a: Arceus\n|-damage|p1a: Arceus|14\/100\n|move|p1a: Arceus|Recover|p1a: Arceus\n|-heal|p1a: Arceus|64\/100\n|\n|upkeep\n|turn|23\n|\n|t:|1697869290\n|move|p2a: Flutter Mane|Calm Mind|p2a: Flutter Mane\n|-boost|p2a: Flutter Mane|spa|1\n|-boost|p2a: Flutter Mane|spd|1\n|move|p1a: Arceus|Judgment|p2a: Flutter Mane\n|-end|p2a: Flutter Mane|Substitute\n|\n|upkeep\n|turn|24\n|\n|t:|1697869294\n|move|p2a: Flutter Mane|Shadow Ball|p1a: Arceus\n|-damage|p1a: Arceus|16\/100\n|move|p1a: Arceus|Judgment|p2a: Flutter Mane\n|-damage|p2a: Flutter Mane|32\/100\n|\n|upkeep\n|turn|25\n|\n|t:|1697869298\n|move|p2a: Flutter Mane|Shadow Ball|p1a: Arceus\n|-damage|p1a: Arceus|0 fnt\n|faint|p1a: Arceus\n|\n|upkeep\n|c|\u2606onlygod_inbatangas|boi\n|\n|t:|1697869306\n|switch|p1a: Koraidon|Koraidon|94\/100\n|-damage|p1a: Koraidon|88\/100|[from] Stealth Rock\n|-weather|SunnyDay|[from] ability: Orichalcum Pulse|[of] p1a: Koraidon\n|-activate|p1a: Koraidon|Orichalcum Pulse|[source]\n|turn|26\n|c|\u2606onlygod_inbatangas|you're dead meat.\n|c|\u2606onlygod_inbatangas|gg\n|\n|t:|1697869317\n|move|p1a: Koraidon|Flare Blitz|p2a: Flutter Mane\n|-damage|p2a: Flutter Mane|0 fnt\n|faint|p2a: Flutter Mane\n|-end|p2a: Flutter Mane|Protosynthesis|[silent]\n|-damage|p1a: Koraidon|81\/100|[from] Recoil\n|\n|-weather|SunnyDay|[upkeep]\n|upkeep\n|c|\u2606onlygod_inbatangas|nvm\n|c|\u2606onlygod_inbatangas|choice scar\n|c|\u2606onlygod_inbatangas|nah\n|\n|t:|1697869332\n|switch|p2a: Koraidon|Koraidon|100\/100\n|-activate|p2a: Koraidon|ability: Orichalcum Pulse\n|turn|27\n|c|\u2606onlygod_inbatangas|piece of shit\n|\n|t:|1697869351\n|switch|p1a: Eternatus|Eternatus|87\/100\n|-damage|p1a: Eternatus|74\/100|[from] Stealth Rock\n|-ability|p1a: Eternatus|Pressure\n|move|p2a: Koraidon|Dragon Claw|p1a: Eternatus\n|-supereffective|p1a: Eternatus\n|-damage|p1a: Eternatus|0 fnt\n|faint|p1a: Eternatus\n|\n|-weather|SunnyDay|[upkeep]\n|upkeep\n|\n|t:|1697869358\n|switch|p1a: Miraidon|Miraidon|100\/100\n|-damage|p1a: Miraidon|88\/100|[from] Stealth Rock\n|-fieldstart|move: Electric Terrain|[from] ability: Hadron Engine|[of] p1a: Miraidon\n|turn|28\n|\n|t:|1697869363\n|-terastallize|p1a: Miraidon|Electric\n|move|p1a: Miraidon|Electro Drift|p2a: Koraidon\n|-resisted|p2a: Koraidon\n|-damage|p2a: Koraidon|15\/100\n|move|p2a: Koraidon|Dragon Claw|p1a: Miraidon\n|-damage|p1a: Miraidon|5\/100\n|\n|-weather|SunnyDay|[upkeep]\n|upkeep\n|turn|29\n|\n|t:|1697869370\n|move|p1a: Miraidon|Electro Drift|p2a: Koraidon\n|-resisted|p2a: Koraidon\n|-damage|p2a: Koraidon|0 fnt\n|faint|p2a: Koraidon\n|\n|-weather|SunnyDay|[upkeep]\n|upkeep\n|\n|t:|1697869375\n|switch|p2a: Skeledirge|Skeledirge, F|100\/100\n|turn|30\n|\n|t:|1697869378\n|move|p1a: Miraidon|Electro Drift|p2a: Skeledirge\n|-damage|p2a: Skeledirge|0 fnt\n|faint|p2a: Skeledirge\n|\n|-weather|none\n|upkeep\n|-message|onlygod_inbatangas forfeited.\n|\n|win|tortoiseshell\n|raw|tortoiseshell's rating: 1350 &rarr; <strong>1372<\/strong><br \/>(+22 for winning)\n|raw|onlygod_inbatangas's rating: 1392 &rarr; <strong>1370<\/strong><br \/>(-22 for losing)\n","uploadtime":1697869338,"views":8,"p1id":"tortoiseshell","p2id":"onlygodinbatangas","formatid":"gen9ubers","rating":1370,"private":0,"password":""}