{"id":"gen9ubers-1989411189","p1":"bensonviolet","p2":"Gym Leader Sohniya","format":"[Gen 9] Ubers","log":"|j|\u2606bensonviolet\n|j|\u2606Gym Leader Sohniya\n|t:|1699846774\n|gametype|singles\n|player|p1|bensonviolet|grimsley|1027\n|player|p2|Gym Leader Sohniya|colress|1000\n|teamsize|p1|6\n|teamsize|p2|6\n|gen|9\n|tier|[Gen 9] Ubers\n|rated|\n|rule|Sleep Clause Mod: Limit one foe put to sleep\n|rule|Species Clause: Limit one of each Pok\u00e9mon\n|rule|OHKO Clause: OHKO moves are banned\n|rule|Evasion Items Clause: Evasion items are banned\n|rule|Evasion Moves Clause: Evasion moves are banned\n|rule|Endless Battle Clause: Forcing endless battles is banned\n|rule|HP Percentage Mod: HP is shown in percentages\n|clearpoke\n|poke|p1|Decidueye-Hisui, F|\n|poke|p1|Samurott-Hisui, M|\n|poke|p1|Dragapult, F|\n|poke|p1|Gardevoir, M|\n|poke|p1|Heatran, F|\n|poke|p1|Thundurus-Therian, M|\n|poke|p2|Dragonite, M|\n|poke|p2|Hydreigon, F|\n|poke|p2|Cyclizar, F|\n|poke|p2|Roaring Moon|\n|poke|p2|Dragapult, M|\n|poke|p2|Dugtrio-Alola, M|\n|teampreview\n|inactive|Battle timer is ON: inactive players will automatically lose when time's up. (requested by Gym Leader Sohniya)\n|\n|t:|1699846790\n|start\n|switch|p1a: Gardevoir|Gardevoir, M, shiny|100\/100\n|switch|p2a: Dragonite|Dragonite, M|100\/100\n|-ability|p1a: Gardevoir|Multiscale|[from] ability: Trace|[of] p2a: Dragonite\n|turn|1\n|\n|t:|1699846799\n|move|p1a: Gardevoir|Future Sight|p2a: Dragonite\n|-start|p1a: Gardevoir|move: Future Sight\n|move|p2a: Dragonite|Dragon Dance|p2a: Dragonite\n|-boost|p2a: Dragonite|atk|1\n|-boost|p2a: Dragonite|spe|1\n|\n|upkeep\n|turn|2\n|\n|t:|1699846805\n|move|p2a: Dragonite|Encore|p1a: Gardevoir\n|-start|p1a: Gardevoir|Encore\n|move|p1a: Gardevoir|Future Sight||[still]\n|-fail|p1a: Gardevoir\n|\n|upkeep\n|turn|3\n|\n|t:|1699846810\n|switch|p2a: Hydreigon|Hydreigon, F|100\/100\n|move|p1a: Gardevoir|Future Sight||[still]\n|-fail|p1a: Gardevoir\n|\n|-end|p2a: Hydreigon|move: Future Sight\n|-immune|p2a: Hydreigon\n|upkeep\n|turn|4\n|\n|t:|1699846840\n|switch|p1a: Dragapult|Dragapult, F, shiny|100\/100\n|move|p2a: Hydreigon|Tri Attack|p1a: Dragapult\n|-immune|p1a: Dragapult\n|\n|upkeep\n|turn|5\n|\n|t:|1699846852\n|switch|p2a: Roaring Moon|Roaring Moon, shiny|100\/100\n|-enditem|p2a: Roaring Moon|Booster Energy\n|-activate|p2a: Roaring Moon|ability: Protosynthesis|[fromitem]\n|-start|p2a: Roaring Moon|protosynthesisspe\n|move|p1a: Dragapult|Dragon Tail|p2a: Roaring Moon\n|-supereffective|p2a: Roaring Moon\n|-crit|p2a: Roaring Moon\n|-damage|p2a: Roaring Moon|0 fnt\n|faint|p2a: Roaring Moon\n|-end|p2a: Roaring Moon|Protosynthesis|[silent]\n|\n|upkeep\n|\n|t:|1699846857\n|switch|p2a: Dragonite|Dragonite, M|100\/100\n|turn|6\n|\n|t:|1699846863\n|move|p2a: Dragonite|Dragon Dance|p2a: Dragonite\n|-boost|p2a: Dragonite|atk|1\n|-boost|p2a: Dragonite|spe|1\n|move|p1a: Dragapult|Dragon Tail|p2a: Dragonite\n|-supereffective|p2a: Dragonite\n|-crit|p2a: Dragonite\n|-damage|p2a: Dragonite|62\/100\n|-enditem|p2a: Dragonite|Weakness Policy\n|-boost|p2a: Dragonite|atk|2|[from] item: Weakness Policy\n|-boost|p2a: Dragonite|spa|2|[from] item: Weakness Policy\n|drag|p2a: Hydreigon|Hydreigon, F|100\/100\n|\n|upkeep\n|turn|7\n|\n|t:|1699846875\n|move|p2a: Hydreigon|Dark Pulse|p1a: Dragapult\n|-supereffective|p1a: Dragapult\n|-damage|p1a: Dragapult|0 fnt\n|-start|p2a: Hydreigon|Disable|Dark Pulse|[from] ability: Cursed Body|[of] p1a: Dragapult\n|faint|p1a: Dragapult\n|\n|upkeep\n|\n|t:|1699846879\n|switch|p1a: Thundurus|Thundurus-Therian, M, shiny|100\/100\n|turn|8\n|\n|t:|1699846884\n|switch|p2a: Dugtrio|Dugtrio-Alola, M|100\/100\n|move|p1a: Thundurus|Electric Terrain|p1a: Thundurus\n|-fieldstart|move: Electric Terrain\n|\n|upkeep\n|turn|9\n|\n|t:|1699846890\n|switch|p1a: Decidueye|Decidueye-Hisui, F|100\/100\n|move|p2a: Dugtrio|Swords Dance|p2a: Dugtrio\n|-boost|p2a: Dugtrio|atk|2\n|\n|upkeep\n|turn|10\n|\n|t:|1699846897\n|move|p2a: Dugtrio|Agility|p2a: Dugtrio\n|-boost|p2a: Dugtrio|spe|2\n|move|p1a: Decidueye|Leaf Storm|p2a: Dugtrio|[miss]\n|-miss|p1a: Decidueye|p2a: Dugtrio\n|\n|upkeep\n|turn|11\n|\n|t:|1699846904\n|move|p2a: Dugtrio|Swords Dance|p2a: Dugtrio\n|-boost|p2a: Dugtrio|atk|2\n|move|p1a: Decidueye|Leaf Storm|p2a: Dugtrio\n|-damage|p2a: Dugtrio|10\/100\n|-unboost|p1a: Decidueye|spa|2\n|\n|upkeep\n|turn|12\n|\n|t:|1699846914\n|move|p2a: Dugtrio|Iron Head|p1a: Decidueye\n|-damage|p1a: Decidueye|0 fnt\n|faint|p1a: Decidueye\n|\n|-fieldend|move: Electric Terrain\n|upkeep\n|\n|t:|1699846919\n|switch|p1a: Heatran|Heatran, F, shiny|100\/100\n|turn|13\n|\n|t:|1699846924\n|move|p2a: Dugtrio|Iron Head|p1a: Heatran\n|-resisted|p1a: Heatran\n|-damage|p1a: Heatran|79\/100\n|cant|p1a: Heatran|flinch\n|\n|upkeep\n|turn|14\n|\n|t:|1699846931\n|move|p2a: Dugtrio|Sucker Punch|p1a: Heatran\n|-damage|p1a: Heatran|23\/100\n|move|p1a: Heatran|Magma Storm|p2a: Dugtrio\n|-supereffective|p2a: Dugtrio\n|-damage|p2a: Dugtrio|0 fnt\n|faint|p2a: Dugtrio\n|\n|upkeep\n|\n|t:|1699846935\n|switch|p2a: Cyclizar|Cyclizar, F|100\/100\n|turn|15\n|\n|t:|1699846941\n|move|p2a: Cyclizar|Shed Tail|p2a: Cyclizar\n|-start|p2a: Cyclizar|Substitute|[from] move: Shed Tail\n|-damage|p2a: Cyclizar|50\/100\n|\n|t:|1699846943\n|switch|p2a: Hydreigon|Hydreigon, F|100\/100|[from] Shed Tail\n|move|p1a: Heatran|Stone Edge|p2a: Hydreigon\n|-activate|p2a: Hydreigon|move: Substitute|[damage]\n|\n|upkeep\n|turn|16\n|\n|t:|1699846952\n|move|p2a: Hydreigon|Dark Pulse|p1a: Heatran\n|-damage|p1a: Heatran|0 fnt\n|faint|p1a: Heatran\n|\n|upkeep\n|\n|t:|1699846957\n|switch|p1a: Gardevoir|Gardevoir, M, shiny|100\/100\n|-ability|p1a: Gardevoir|Levitate|[from] ability: Trace|[of] p2a: Hydreigon\n|turn|17\n|\n|t:|1699846964\n|switch|p2a: Dragapult|Dragapult, M|100\/100\n|switch|p1a: Samurott|Samurott-Hisui, M, shiny|100\/100\n|\n|upkeep\n|turn|18\n|\n|t:|1699846972\n|move|p2a: Dragapult|U-turn|p1a: Samurott\n|-supereffective|p1a: Samurott\n|-damage|p1a: Samurott|60\/100\n|\n|t:|1699846976\n|switch|p2a: Hydreigon|Hydreigon, F|100\/100|[from] U-turn\n|move|p1a: Samurott|Ceaseless Edge|p2a: Hydreigon\n|-resisted|p2a: Hydreigon\n|-damage|p2a: Hydreigon|80\/100\n|-sidestart|p2: Gym Leader Sohniya|Spikes\n|\n|upkeep\n|turn|19\n|\n|t:|1699846982\n|move|p2a: Hydreigon|Dark Pulse|p1a: Samurott\n|-resisted|p1a: Samurott\n|-damage|p1a: Samurott|39\/100\n|move|p1a: Samurott|Aqua Cutter|p2a: Hydreigon\n|-resisted|p2a: Hydreigon\n|-damage|p2a: Hydreigon|56\/100\n|\n|upkeep\n|turn|20\n|\n|t:|1699846990\n|switch|p2a: Dragapult|Dragapult, M|100\/100\n|-damage|p2a: Dragapult|88\/100|[from] Spikes\n|move|p1a: Samurott|Sacred Sword|p2a: Dragapult\n|-immune|p2a: Dragapult\n|\n|upkeep\n|turn|21\n|\n|t:|1699846997\n|move|p2a: Dragapult|U-turn|p1a: Samurott\n|-supereffective|p1a: Samurott\n|-crit|p1a: Samurott\n|-damage|p1a: Samurott|0 fnt\n|faint|p1a: Samurott\n|\n|t:|1699847002\n|switch|p2a: Cyclizar|Cyclizar, F|84\/100|[from] U-turn\n|\n|upkeep\n|\n|t:|1699847008\n|switch|p1a: Gardevoir|Gardevoir, M, shiny|100\/100\n|-ability|p1a: Gardevoir|Regenerator|[from] ability: Trace|[of] p2a: Cyclizar\n|turn|22\n|\n|t:|1699847014\n|move|p2a: Cyclizar|Rapid Spin|p1a: Gardevoir\n|-damage|p1a: Gardevoir|81\/100\n|-boost|p2a: Cyclizar|spe|1\n|-sideend|p2: Gym Leader Sohniya|Spikes|[from] move: Rapid Spin|[of] p2a: Cyclizar\n|move|p1a: Gardevoir|Misty Explosion|p2a: Cyclizar\n|-supereffective|p2a: Cyclizar\n|-damage|p2a: Cyclizar|0 fnt\n|faint|p1a: Gardevoir\n|faint|p2a: Cyclizar\n|\n|upkeep\n|\n|t:|1699847021\n|switch|p2a: Dragapult|Dragapult, M|88\/100\n|switch|p1a: Thundurus|Thundurus-Therian, M, shiny|100\/100\n|turn|23\n|\n|t:|1699847027\n|-terastallize|p1a: Thundurus|Electric\n|move|p2a: Dragapult|Draco Meteor|p1a: Thundurus\n|-damage|p1a: Thundurus|0 fnt\n|-unboost|p2a: Dragapult|spa|2\n|faint|p1a: Thundurus\n|\n|win|Gym Leader Sohniya\n|raw|bensonviolet's rating: 1027 &rarr; <strong>1012<\/strong><br \/>(-15 for losing)\n|raw|Gym Leader Sohniya's rating: 1000 &rarr; <strong>1043<\/strong><br \/>(+43 for winning)\n|l|\u2606bensonviolet\n","uploadtime":1699847037,"views":20,"p1id":"bensonviolet","p2id":"gymleadersohniya","formatid":"gen9ubers","rating":1012,"private":0,"password":""}