{"id":"gen9ubers-1997948079","p1":"had sweep","p2":"Skyiewxz","format":"[Gen 9] Ubers","log":"|j|\u203dhad sweep\n|j|\u2606Skyiewxz\n|t:|1700870913\n|gametype|singles\n|player|p1|had sweep|swimmer-gen4|1533\n|player|p2|Skyiewxz|dawn|1557\n|teamsize|p1|6\n|teamsize|p2|6\n|gen|9\n|tier|[Gen 9] Ubers\n|rated|\n|rule|Sleep Clause Mod: Limit one foe put to sleep\n|rule|Species Clause: Limit one of each Pok\u00e9mon\n|rule|OHKO Clause: OHKO moves are banned\n|rule|Evasion Items Clause: Evasion items are banned\n|rule|Evasion Moves Clause: Evasion moves are banned\n|rule|Endless Battle Clause: Forcing endless battles is banned\n|rule|HP Percentage Mod: HP is shown in percentages\n|clearpoke\n|poke|p1|Gliscor, M|\n|poke|p1|Dondozo, F|\n|poke|p1|Clodsire, M|\n|poke|p1|Eternatus|\n|poke|p1|Zacian-*|\n|poke|p1|Giratina-Origin|\n|poke|p2|Grimmsnarl, M|\n|poke|p2|Koraidon|\n|poke|p2|Arceus|\n|poke|p2|Miraidon|\n|poke|p2|Zacian-*|\n|poke|p2|Calyrex-Ice|\n|teampreview\n|inactive|Battle timer is ON: inactive players will automatically lose when time's up. (requested by had sweep)\n|\n|t:|1700870943\n|start\n|switch|p1a: Clodsire|Clodsire, M|100\/100\n|switch|p2a: Grimmsnarl|Grimmsnarl, M|100\/100\n|turn|1\n|inactive|Skyiewxz has 120 seconds left.\n|inactive|Skyiewxz has 90 seconds left.\n|\n|t:|1700871022\n|move|p2a: Grimmsnarl|Taunt|p1a: Clodsire\n|-start|p1a: Clodsire|move: Taunt\n|move|p1a: Clodsire|Gunk Shot|p2a: Grimmsnarl\n|-supereffective|p2a: Grimmsnarl\n|-damage|p2a: Grimmsnarl|19\/100\n|-status|p2a: Grimmsnarl|psn\n|\n|-damage|p2a: Grimmsnarl|7\/100 psn|[from] psn\n|upkeep\n|turn|2\n|\n|t:|1700871052\n|move|p2a: Grimmsnarl|Reflect|p2a: Grimmsnarl\n|-sidestart|p2: Skyiewxz|Reflect\n|move|p1a: Clodsire|Earthquake|p2a: Grimmsnarl\n|-damage|p2a: Grimmsnarl|0 fnt\n|faint|p2a: Grimmsnarl\n|\n|upkeep\n|inactive|Skyiewxz has 60 seconds left.\n|\n|t:|1700871093\n|switch|p2a: Calyrex|Calyrex-Ice|100\/100\n|-ability|p2a: Calyrex|As One\n|-ability|p2a: Calyrex|Unnerve\n|turn|3\n|\n|t:|1700871100\n|switch|p2a: Miraidon|Miraidon|100\/100\n|-fieldstart|move: Electric Terrain|[from] ability: Hadron Engine|[of] p2a: Miraidon\n|switch|p1a: Dondozo|Dondozo, F|100\/100\n|\n|upkeep\n|turn|4\n|\n|t:|1700871106\n|switch|p1a: Clodsire|Clodsire, M|100\/100\n|move|p2a: Miraidon|Dragon Pulse|p1a: Clodsire\n|-damage|p1a: Clodsire|63\/100\n|\n|-heal|p1a: Clodsire|70\/100|[from] item: Leftovers\n|upkeep\n|turn|5\n|\n|t:|1700871113\n|switch|p2a: Koraidon|Koraidon|100\/100\n|-weather|SunnyDay|[from] ability: Orichalcum Pulse|[of] p2a: Koraidon\n|-activate|p2a: Koraidon|Orichalcum Pulse|[source]\n|move|p1a: Clodsire|Toxic Spikes|p2a: Koraidon\n|-sidestart|p2: Skyiewxz|move: Toxic Spikes\n|\n|-weather|SunnyDay|[upkeep]\n|-heal|p1a: Clodsire|76\/100|[from] item: Leftovers\n|upkeep\n|turn|6\n|inactive|Skyiewxz has 60 seconds left.\n|\n|t:|1700871150\n|switch|p1a: Dondozo|Dondozo, F|100\/100\n|move|p2a: Koraidon|Taunt|p1a: Dondozo\n|-start|p1a: Dondozo|move: Taunt\n|\n|-weather|SunnyDay|[upkeep]\n|upkeep\n|turn|7\n|\n|t:|1700871162\n|switch|p1a: Zacian|Zacian|100\/100\n|-ability|p1a: Zacian|Intrepid Sword|boost\n|-boost|p1a: Zacian|atk|1\n|move|p2a: Koraidon|Scale Shot|p1a: Zacian\n|-immune|p1a: Zacian\n|\n|-weather|SunnyDay|[upkeep]\n|-fieldend|move: Electric Terrain\n|upkeep\n|turn|8\n|inactive|Skyiewxz has 60 seconds left.\n|\n|t:|1700871175\n|-terastallize|p2a: Koraidon|Fire\n|move|p1a: Zacian|Play Rough|p2a: Koraidon\n|-resisted|p2a: Koraidon\n|-damage|p2a: Koraidon|86\/100\n|move|p2a: Koraidon|Flare Blitz|p1a: Zacian\n|-damage|p1a: Zacian|0 fnt\n|faint|p1a: Zacian\n|-damage|p2a: Koraidon|54\/100|[from] Recoil\n|\n|-weather|SunnyDay|[upkeep]\n|upkeep\n|\n|t:|1700871186\n|switch|p1a: Dondozo|Dondozo, F|100\/100\n|turn|9\n|inactive|Skyiewxz has 60 seconds left.\n|\n|t:|1700871197\n|move|p2a: Koraidon|Taunt|p1a: Dondozo\n|-start|p1a: Dondozo|move: Taunt\n|move|p1a: Dondozo|Liquidation|p2a: Koraidon\n|-supereffective|p2a: Koraidon\n|-damage|p2a: Koraidon|42\/100\n|-unboost|p2a: Koraidon|def|1\n|\n|-weather|none\n|-sideend|p2: Skyiewxz|Reflect\n|upkeep\n|turn|10\n|\n|t:|1700871202\n|switch|p2a: Miraidon|Miraidon|100\/100\n|-status|p2a: Miraidon|psn\n|-fieldstart|move: Electric Terrain|[from] ability: Hadron Engine|[of] p2a: Miraidon\n|move|p1a: Dondozo|Liquidation|p2a: Miraidon\n|-resisted|p2a: Miraidon\n|-damage|p2a: Miraidon|89\/100 psn\n|-unboost|p2a: Miraidon|def|1\n|\n|-damage|p2a: Miraidon|76\/100 psn|[from] psn\n|upkeep\n|turn|11\n|\n|t:|1700871216\n|switch|p1a: Clodsire|Clodsire, M|76\/100\n|move|p2a: Miraidon|Dragon Pulse|p1a: Clodsire\n|-damage|p1a: Clodsire|41\/100\n|\n|-heal|p1a: Clodsire|47\/100|[from] item: Leftovers\n|-damage|p2a: Miraidon|64\/100 psn|[from] psn\n|upkeep\n|turn|12\n|\n|t:|1700871223\n|move|p2a: Miraidon|Calm Mind|p2a: Miraidon\n|-boost|p2a: Miraidon|spa|1\n|-boost|p2a: Miraidon|spd|1\n|move|p1a: Clodsire|Recover|p1a: Clodsire\n|-heal|p1a: Clodsire|97\/100\n|\n|-heal|p1a: Clodsire|100\/100|[from] item: Leftovers\n|-damage|p2a: Miraidon|51\/100 psn|[from] psn\n|upkeep\n|turn|13\n|\n|t:|1700871234\n|move|p2a: Miraidon|Dragon Pulse|p1a: Clodsire\n|-damage|p1a: Clodsire|45\/100\n|move|p1a: Clodsire|Earthquake|p2a: Miraidon\n|-supereffective|p2a: Miraidon\n|-damage|p2a: Miraidon|0 fnt\n|faint|p2a: Miraidon\n|\n|-heal|p1a: Clodsire|51\/100|[from] item: Leftovers\n|upkeep\n|inactive|Skyiewxz has 90 seconds left.\n|\n|t:|1700871244\n|switch|p2a: Koraidon|Koraidon, tera:Fire|42\/100\n|-status|p2a: Koraidon|psn\n|-weather|SunnyDay|[from] ability: Orichalcum Pulse|[of] p2a: Koraidon\n|-activate|p2a: Koraidon|Orichalcum Pulse|[source]\n|turn|14\n|\n|t:|1700871255\n|switch|p1a: Dondozo|Dondozo, F|100\/100\n|move|p2a: Koraidon|Scale Shot|p1a: Dondozo\n|-damage|p1a: Dondozo|93\/100\n|-damage|p1a: Dondozo|85\/100\n|-damage|p1a: Dondozo|77\/100\n|-damage|p1a: Dondozo|69\/100\n|-hitcount|p1a: Dondozo|4\n|-unboost|p2a: Koraidon|def|1\n|-boost|p2a: Koraidon|spe|1\n|\n|-weather|SunnyDay|[upkeep]\n|-heal|p1a: Dondozo|75\/100|[from] item: Leftovers\n|-damage|p2a: Koraidon|29\/100 psn|[from] psn\n|-fieldend|move: Electric Terrain\n|upkeep\n|turn|15\n|\n|t:|1700871264\n|move|p2a: Koraidon|Scale Shot|p1a: Dondozo\n|-damage|p1a: Dondozo|67\/100\n|-damage|p1a: Dondozo|59\/100\n|-damage|p1a: Dondozo|50\/100\n|-damage|p1a: Dondozo|42\/100\n|-damage|p1a: Dondozo|33\/100\n|-hitcount|p1a: Dondozo|5\n|-unboost|p2a: Koraidon|def|1\n|-boost|p2a: Koraidon|spe|1\n|move|p1a: Dondozo|Liquidation|p2a: Koraidon\n|-supereffective|p2a: Koraidon\n|-damage|p2a: Koraidon|4\/100 psn\n|\n|-weather|SunnyDay|[upkeep]\n|-heal|p1a: Dondozo|40\/100|[from] item: Leftovers\n|-damage|p2a: Koraidon|0 fnt|[from] psn\n|faint|p2a: Koraidon\n|upkeep\n|\n|t:|1700871268\n|switch|p2a: Arceus|Arceus|100\/100\n|-status|p2a: Arceus|psn\n|turn|16\n|\n|t:|1700871272\n|move|p2a: Arceus|Taunt|p1a: Dondozo\n|-start|p1a: Dondozo|move: Taunt\n|cant|p1a: Dondozo|move: Taunt|Rest\n|\n|-weather|SunnyDay|[upkeep]\n|-heal|p1a: Dondozo|46\/100|[from] item: Leftovers\n|-damage|p2a: Arceus|88\/100 psn|[from] psn\n|upkeep\n|turn|17\n|inactive|Skyiewxz has 120 seconds left.\n|\n|t:|1700871282\n|switch|p1a: Giratina|Giratina-Origin|100\/100\n|move|p2a: Arceus|Swords Dance|p2a: Arceus\n|-boost|p2a: Arceus|atk|2\n|\n|-weather|SunnyDay|[upkeep]\n|-damage|p2a: Arceus|76\/100 psn|[from] psn\n|upkeep\n|turn|18\n|\n|t:|1700871291\n|move|p2a: Arceus|Shadow Claw|p1a: Giratina\n|-supereffective|p1a: Giratina\n|-damage|p1a: Giratina|26\/100\n|move|p1a: Giratina|Draco Meteor|p2a: Arceus|[miss]\n|-miss|p1a: Giratina|p2a: Arceus\n|\n|-weather|none\n|-damage|p2a: Arceus|63\/100 psn|[from] psn\n|upkeep\n|turn|19\n|\n|t:|1700871303\n|move|p2a: Arceus|Shadow Claw|p1a: Giratina\n|-supereffective|p1a: Giratina\n|-damage|p1a: Giratina|0 fnt\n|faint|p1a: Giratina\n|\n|-damage|p2a: Arceus|51\/100 psn|[from] psn\n|upkeep\n|c|\u2606Skyiewxz|ruas de sao paulo\n|\n|t:|1700871305\n|switch|p1a: Eternatus|Eternatus|100\/100\n|-ability|p1a: Eternatus|Pressure\n|turn|20\n|\n|t:|1700871309\n|move|p2a: Arceus|Extreme Speed|p1a: Eternatus\n|-damage|p1a: Eternatus|18\/100\n|move|p1a: Eternatus|Dynamax Cannon|p2a: Arceus\n|-damage|p2a: Arceus|17\/100 psn\n|\n|-damage|p2a: Arceus|4\/100 psn|[from] psn\n|upkeep\n|turn|21\n|\n|t:|1700871315\n|move|p2a: Arceus|Extreme Speed|p1a: Eternatus\n|-damage|p1a: Eternatus|0 fnt\n|faint|p1a: Eternatus\n|\n|-damage|p2a: Arceus|0 fnt|[from] psn\n|faint|p2a: Arceus\n|upkeep\n|\n|t:|1700871326\n|switch|p1a: Dondozo|Dondozo, F|46\/100\n|switch|p2a: Zacian|Zacian-Crowned|100\/100\n|-ability|p2a: Zacian|Intrepid Sword|boost\n|-boost|p2a: Zacian|atk|1\n|turn|22\n|\n|t:|1700871331\n|move|p2a: Zacian|Play Rough|p1a: Dondozo\n|-damage|p1a: Dondozo|24\/100\n|move|p1a: Dondozo|Rest|p1a: Dondozo\n|-status|p1a: Dondozo|slp|[from] move: Rest\n|-heal|p1a: Dondozo|100\/100 slp|[silent]\n|\n|upkeep\n|turn|23\n|\n|t:|1700871333\n|move|p2a: Zacian|Play Rough|p1a: Dondozo\n|-damage|p1a: Dondozo|79\/100 slp\n|cant|p1a: Dondozo|slp\n|move|p1a: Dondozo|Sleep Talk|p1a: Dondozo\n|move|p1a: Dondozo|Liquidation|p2a: Zacian|[from]move: Sleep Talk\n|-damage|p2a: Zacian|72\/100\n|\n|-heal|p1a: Dondozo|85\/100 slp|[from] item: Leftovers\n|upkeep\n|turn|24\n|\n|t:|1700871336\n|move|p2a: Zacian|Play Rough|p1a: Dondozo\n|-damage|p1a: Dondozo|63\/100 slp\n|cant|p1a: Dondozo|slp\n|move|p1a: Dondozo|Sleep Talk|p1a: Dondozo\n|move|p1a: Dondozo|Curse|p1a: Dondozo|[from]move: Sleep Talk\n|-unboost|p1a: Dondozo|spe|1\n|-boost|p1a: Dondozo|atk|1\n|-boost|p1a: Dondozo|def|1\n|\n|-heal|p1a: Dondozo|69\/100 slp|[from] item: Leftovers\n|upkeep\n|turn|25\n|\n|t:|1700871339\n|move|p2a: Zacian|Play Rough|p1a: Dondozo\n|-damage|p1a: Dondozo|54\/100 slp\n|-curestatus|p1a: Dondozo|slp|[msg]\n|move|p1a: Dondozo|Rest|p1a: Dondozo\n|-status|p1a: Dondozo|slp|[from] move: Rest\n|-heal|p1a: Dondozo|100\/100 slp|[silent]\n|\n|upkeep\n|turn|26\n|\n|t:|1700871346\n|move|p2a: Zacian|Play Rough|p1a: Dondozo|[miss]\n|-miss|p2a: Zacian|p1a: Dondozo\n|cant|p1a: Dondozo|slp\n|move|p1a: Dondozo|Sleep Talk|p1a: Dondozo\n|move|p1a: Dondozo|Rest||[from]move: Sleep Talk|[still]\n|-fail|p1a: Dondozo\n|\n|upkeep\n|turn|27\n|\n|t:|1700871348\n|move|p2a: Zacian|Play Rough|p1a: Dondozo\n|-damage|p1a: Dondozo|86\/100 slp\n|cant|p1a: Dondozo|slp\n|move|p1a: Dondozo|Sleep Talk|p1a: Dondozo\n|move|p1a: Dondozo|Liquidation|p2a: Zacian|[from]move: Sleep Talk\n|-damage|p2a: Zacian|28\/100\n|\n|-heal|p1a: Dondozo|92\/100 slp|[from] item: Leftovers\n|upkeep\n|turn|28\n|\n|t:|1700871355\n|move|p2a: Zacian|Substitute|p2a: Zacian\n|-start|p2a: Zacian|Substitute\n|-damage|p2a: Zacian|3\/100\n|-curestatus|p1a: Dondozo|slp|[msg]\n|move|p1a: Dondozo|Curse|p1a: Dondozo\n|-unboost|p1a: Dondozo|spe|1\n|-boost|p1a: Dondozo|atk|1\n|-boost|p1a: Dondozo|def|1\n|\n|-heal|p1a: Dondozo|98\/100|[from] item: Leftovers\n|upkeep\n|turn|29\n|\n|t:|1700871358\n|move|p2a: Zacian|Swords Dance|p2a: Zacian\n|-boost|p2a: Zacian|atk|2\n|move|p1a: Dondozo|Liquidation|p2a: Zacian\n|-end|p2a: Zacian|Substitute\n|\n|-heal|p1a: Dondozo|100\/100|[from] item: Leftovers\n|upkeep\n|turn|30\n|\n|t:|1700871360\n|move|p2a: Zacian|Play Rough|p1a: Dondozo\n|-damage|p1a: Dondozo|89\/100\n|move|p1a: Dondozo|Liquidation|p2a: Zacian\n|-damage|p2a: Zacian|0 fnt\n|faint|p2a: Zacian\n|\n|-heal|p1a: Dondozo|95\/100|[from] item: Leftovers\n|upkeep\n|\n|t:|1700871363\n|switch|p2a: Calyrex|Calyrex-Ice|100\/100\n|-ability|p2a: Calyrex|As One\n|-ability|p2a: Calyrex|Unnerve\n|turn|31\n|\n|t:|1700871365\n|move|p1a: Dondozo|Liquidation|p2a: Calyrex\n|-damage|p2a: Calyrex|68\/100\n|move|p2a: Calyrex|Trick Room|p2a: Calyrex\n|-fieldstart|move: Trick Room|[of] p2a: Calyrex\n|\n|-heal|p1a: Dondozo|100\/100|[from] item: Leftovers\n|upkeep\n|turn|32\n|\n|t:|1700871368\n|move|p1a: Dondozo|Liquidation|p2a: Calyrex\n|-damage|p2a: Calyrex|34\/100\n|move|p2a: Calyrex|High Horsepower|p1a: Dondozo\n|-damage|p1a: Dondozo|91\/100\n|\n|-heal|p1a: Dondozo|97\/100|[from] item: Leftovers\n|upkeep\n|turn|33\n|\n|t:|1700871372\n|move|p1a: Dondozo|Liquidation|p2a: Calyrex\n|-damage|p2a: Calyrex|0 fnt\n|faint|p2a: Calyrex\n|\n|win|had sweep\n|raw|had sweep's rating: 1533 &rarr; <strong>1555<\/strong><br \/>(+22 for winning)\n|raw|Skyiewxz's rating: 1563 &rarr; <strong>1541<\/strong><br \/>(-22 for losing)\n|l|\u2606Skyiewxz\n|j|\u2606Skyiewxz\n|player|p2|Skyiewxz|dawn\n","uploadtime":1700871377,"views":5,"p1id":"hadsweep","p2id":"skyiewxz","formatid":"gen9ubers","rating":1541,"private":0,"password":""}