{"id":"gen9ubers-1982644977","p1":"IDAHAN","p2":"Leo Justice","format":"[Gen 9] Ubers","log":"|j|\u2606IDAHAN\n|j|\u2606Leo Justice\n|t:|1699032373\n|gametype|singles\n|player|p1|IDAHAN|ethan|\n|player|p2|Leo Justice|carmine|\n|teamsize|p1|6\n|teamsize|p2|6\n|gen|9\n|tier|[Gen 9] Ubers\n|rule|Sleep Clause Mod: Limit one foe put to sleep\n|rule|Species Clause: Limit one of each Pok\u00e9mon\n|rule|OHKO Clause: OHKO moves are banned\n|rule|Evasion Items Clause: Evasion items are banned\n|rule|Evasion Moves Clause: Evasion moves are banned\n|rule|Endless Battle Clause: Forcing endless battles is banned\n|rule|HP Percentage Mod: HP is shown in percentages\n|clearpoke\n|poke|p1|Pelipper, F|\n|poke|p1|Basculegion-F, F|\n|poke|p1|Landorus, M|\n|poke|p1|Palkia-Origin|\n|poke|p1|Arceus-Grass|\n|poke|p1|Palafin, F|\n|poke|p2|Arceus-Fire|\n|poke|p2|Espathra, M|\n|poke|p2|Cyclizar, F|\n|poke|p2|Gholdengo|\n|poke|p2|Rillaboom, M|\n|poke|p2|Sneasler, M|\n|teampreview\n|c|\u2606IDAHAN|glhf :)\n|c|\u2606Leo Justice|Dirty rain abuser\n|c|\u2606Leo Justice|SMH\n|\n|t:|1699032386\n|start\n|switch|p1a: Arceus|Arceus-Grass|100\/100\n|switch|p2a: Rillaboom|Rillaboom, M|100\/100\n|-fieldstart|move: Grassy Terrain|[from] ability: Grassy Surge|[of] p2a: Rillaboom\n|turn|1\n|inactive|Battle timer is ON: inactive players will automatically lose when time's up. (requested by IDAHAN)\n|\n|t:|1699032392\n|move|p1a: Arceus|Stealth Rock|p2a: Rillaboom\n|-sidestart|p2: Leo Justice|move: Stealth Rock\n|move|p2a: Rillaboom|U-turn|p1a: Arceus\n|-supereffective|p1a: Arceus\n|-damage|p1a: Arceus|45\/100\n|\n|t:|1699032398\n|switch|p2a: Sneasler|Sneasler, M|100\/100|[from] U-turn\n|-damage|p2a: Sneasler|95\/100|[from] Stealth Rock\n|-enditem|p2a: Sneasler|Grassy Seed\n|-boost|p2a: Sneasler|def|1|[from] item: Grassy Seed\n|\n|-heal|p2a: Sneasler|100\/100|[from] Grassy Terrain\n|-heal|p1a: Arceus|51\/100|[from] Grassy Terrain\n|upkeep\n|turn|2\n|\n|t:|1699032410\n|switch|p1a: Pelipper|Pelipper, F|100\/100\n|-weather|RainDance|[from] ability: Drizzle|[of] p1a: Pelipper\n|move|p2a: Sneasler|Swords Dance|p2a: Sneasler\n|-boost|p2a: Sneasler|atk|2\n|\n|-weather|RainDance|[upkeep]\n|upkeep\n|turn|3\n|\n|t:|1699032425\n|move|p2a: Sneasler|Gunk Shot|p1a: Pelipper|[miss]\n|-miss|p2a: Sneasler|p1a: Pelipper\n|move|p1a: Pelipper|Hurricane|p2a: Sneasler\n|-supereffective|p2a: Sneasler\n|-damage|p2a: Sneasler|0 fnt\n|faint|p2a: Sneasler\n|\n|-weather|RainDance|[upkeep]\n|upkeep\n|c|\u2606IDAHAN|im sorry\n|c|\u2606Leo Justice|man\n|c|\u2606Leo Justice|that was a 40% chance\n|c|\u2606Leo Justice|to ohko\n|c|\u2606IDAHAN|oh shit really\n|c|\u2606Leo Justice|and I had a 75% to ohko back\n|inactive|Leo Justice has 270 seconds left.\n|c|\u2606Leo Justice|man\n|c|\u2606Leo Justice|This sucks\n|c|\u2606IDAHAN|damn im really sorry\n|\n|t:|1699032456\n|switch|p2a: Espathra|Espathra, M|100\/100\n|-damage|p2a: Espathra|88\/100|[from] Stealth Rock\n|-enditem|p2a: Espathra|Grassy Seed\n|-boost|p2a: Espathra|def|1|[from] item: Grassy Seed\n|turn|4\n|inactive|Leo Justice has 270 seconds left.\n|\n|t:|1699032462\n|move|p2a: Espathra|Calm Mind|p2a: Espathra\n|-boost|p2a: Espathra|spa|1\n|-boost|p2a: Espathra|spd|1\n|move|p1a: Pelipper|U-turn|p2a: Espathra\n|-supereffective|p2a: Espathra\n|-damage|p2a: Espathra|71\/100\n|\n|t:|1699032466\n|switch|p1a: Basculegion|Basculegion-F, F|100\/100|[from] U-turn\n|\n|-weather|RainDance|[upkeep]\n|-heal|p2a: Espathra|77\/100|[from] Grassy Terrain\n|-ability|p2a: Espathra|Speed Boost|boost\n|-boost|p2a: Espathra|spe|1\n|upkeep\n|turn|5\n|\n|t:|1699032473\n|move|p2a: Espathra|Protect|p2a: Espathra\n|-singleturn|p2a: Espathra|Protect\n|move|p1a: Basculegion|Wave Crash|p2a: Espathra\n|-activate|p2a: Espathra|move: Protect\n|\n|-weather|RainDance|[upkeep]\n|-heal|p2a: Espathra|83\/100|[from] Grassy Terrain\n|-fieldend|move: Grassy Terrain\n|-ability|p2a: Espathra|Speed Boost|boost\n|-boost|p2a: Espathra|spe|1\n|upkeep\n|turn|6\n|inactive|Leo Justice has 270 seconds left.\n|\n|t:|1699032496\n|move|p2a: Espathra|Stored Power|p1a: Basculegion\n|-damage|p1a: Basculegion|8\/100\n|move|p1a: Basculegion|Wave Crash|p2a: Espathra\n|-damage|p2a: Espathra|0 fnt\n|faint|p2a: Espathra\n|-damage|p1a: Basculegion|0 fnt|[from] Recoil\n|faint|p1a: Basculegion\n|\n|-weather|RainDance|[upkeep]\n|upkeep\n|inactive|Leo Justice has 270 seconds left.\n|\n|t:|1699032508\n|switch|p2a: Cyclizar|Cyclizar, F|100\/100\n|switch|p1a: Palafin|Palafin, F|100\/100\n|turn|7\n|\n|t:|1699032513\n|move|p2a: Cyclizar|Shed Tail|p2a: Cyclizar\n|-start|p2a: Cyclizar|Substitute|[from] move: Shed Tail\n|-damage|p2a: Cyclizar|50\/100\n|\n|t:|1699032524\n|switch|p2a: Rillaboom|Rillaboom, M|100\/100|[from] Shed Tail\n|-damage|p2a: Rillaboom|88\/100|[from] Stealth Rock\n|-fieldstart|move: Grassy Terrain|[from] ability: Grassy Surge|[of] p2a: Rillaboom\n|move|p1a: Palafin|Flip Turn|p2a: Rillaboom\n|-resisted|p2a: Rillaboom\n|-end|p2a: Rillaboom|Substitute\n|\n|t:|1699032539\n|detailschange|p1a: Palafin|Palafin-Hero, F\n|switch|p1a: Palkia|Palkia-Origin|100\/100|[from] Flip Turn\n|-ability|p1a: Palkia|Pressure\n|\n|-weather|RainDance|[upkeep]\n|-heal|p2a: Rillaboom|94\/100|[from] Grassy Terrain\n|upkeep\n|turn|8\n|\n|t:|1699032556\n|move|p2a: Rillaboom|Grassy Glide|p1a: Palkia\n|-damage|p1a: Palkia|32\/100\n|move|p1a: Palkia|Draco Meteor|p2a: Rillaboom\n|-damage|p2a: Rillaboom|0 fnt\n|-unboost|p1a: Palkia|spa|2\n|faint|p2a: Rillaboom\n|\n|-weather|RainDance|[upkeep]\n|-heal|p1a: Palkia|39\/100|[from] Grassy Terrain\n|upkeep\n|inactive|Leo Justice has 270 seconds left.\n|\n|t:|1699032567\n|switch|p2a: Arceus|Arceus-Fire|100\/100\n|-damage|p2a: Arceus|76\/100|[from] Stealth Rock\n|turn|9\n|\n|t:|1699032574\n|-terastallize|p2a: Arceus|Grass\n|move|p1a: Palkia|Hydro Pump|p2a: Arceus\n|-resisted|p2a: Arceus\n|-damage|p2a: Arceus|55\/100\n|move|p2a: Arceus|Dragon Dance|p2a: Arceus\n|-boost|p2a: Arceus|atk|1\n|-boost|p2a: Arceus|spe|1\n|\n|-weather|none\n|-heal|p2a: Arceus|61\/100|[from] Grassy Terrain\n|-heal|p1a: Palkia|45\/100|[from] Grassy Terrain\n|upkeep\n|turn|10\n|\n|t:|1699032586\n|switch|p1a: Landorus|Landorus, M|100\/100\n|move|p2a: Arceus|Dragon Dance|p2a: Arceus\n|-boost|p2a: Arceus|atk|1\n|-boost|p2a: Arceus|spe|1\n|\n|-heal|p2a: Arceus|67\/100|[from] Grassy Terrain\n|upkeep\n|turn|11\n|\n|t:|1699032592\n|move|p2a: Arceus|Flare Blitz|p1a: Landorus\n|-damage|p1a: Landorus|0 fnt\n|faint|p1a: Landorus\n|-damage|p2a: Arceus|39\/100|[from] Recoil\n|\n|-heal|p2a: Arceus|45\/100|[from] Grassy Terrain\n|-fieldend|move: Grassy Terrain\n|upkeep\n|\n|t:|1699032607\n|switch|p1a: Pelipper|Pelipper, F|100\/100\n|-weather|RainDance|[from] ability: Drizzle|[of] p1a: Pelipper\n|turn|12\n|\n|t:|1699032610\n|move|p2a: Arceus|Recover|p2a: Arceus\n|-heal|p2a: Arceus|96\/100\n|move|p1a: Pelipper|U-turn|p2a: Arceus\n|-supereffective|p2a: Arceus\n|-damage|p2a: Arceus|80\/100\n|\n|t:|1699032612\n|switch|p1a: Palafin|Palafin-Hero, F|100\/100|[from] U-turn\n|-activate|p1a: Palafin|ability: Zero to Hero\n|\n|-weather|RainDance|[upkeep]\n|upkeep\n|turn|13\n|\n|t:|1699032621\n|move|p2a: Arceus|Earthquake|p1a: Palafin\n|-crit|p1a: Palafin\n|-damage|p1a: Palafin|0 fnt\n|faint|p1a: Palafin\n|\n|-weather|RainDance|[upkeep]\n|upkeep\n|\n|t:|1699032628\n|switch|p1a: Pelipper|Pelipper, F|100\/100\n|turn|14\n|\n|t:|1699032635\n|move|p2a: Arceus|Dragon Dance|p2a: Arceus\n|-boost|p2a: Arceus|atk|1\n|-boost|p2a: Arceus|spe|1\n|move|p1a: Pelipper|Hurricane|p2a: Arceus\n|-supereffective|p2a: Arceus\n|-damage|p2a: Arceus|20\/100\n|\n|-weather|RainDance|[upkeep]\n|upkeep\n|turn|15\n|\n|t:|1699032641\n|move|p2a: Arceus|Recover|p2a: Arceus\n|-heal|p2a: Arceus|71\/100\n|move|p1a: Pelipper|Hurricane|p2a: Arceus\n|-supereffective|p2a: Arceus\n|-damage|p2a: Arceus|12\/100\n|\n|-weather|RainDance|[upkeep]\n|upkeep\n|turn|16\n|\n|t:|1699032650\n|move|p2a: Arceus|Flare Blitz|p1a: Pelipper\n|-resisted|p1a: Pelipper\n|-damage|p1a: Pelipper|67\/100\n|-status|p1a: Pelipper|brn\n|-damage|p2a: Arceus|3\/100|[from] Recoil\n|move|p1a: Pelipper|Hurricane|p2a: Arceus\n|-supereffective|p2a: Arceus\n|-damage|p2a: Arceus|0 fnt\n|faint|p2a: Arceus\n|\n|-weather|RainDance|[upkeep]\n|-damage|p1a: Pelipper|61\/100 brn|[from] brn\n|upkeep\n|\n|t:|1699032659\n|switch|p2a: Cyclizar|Cyclizar, F|84\/100\n|turn|17\n|\n|t:|1699032663\n|move|p2a: Cyclizar|Shed Tail|p2a: Cyclizar\n|-start|p2a: Cyclizar|Substitute|[from] move: Shed Tail\n|-damage|p2a: Cyclizar|33\/100\n|\n|t:|1699032666\n|switch|p2a: Gholdengo|Gholdengo|100\/100|[from] Shed Tail\n|-damage|p2a: Gholdengo|94\/100|[from] Stealth Rock\n|move|p1a: Pelipper|Hurricane|p2a: Gholdengo\n|-resisted|p2a: Gholdengo\n|-activate|p2a: Gholdengo|move: Substitute|[damage]\n|\n|-weather|RainDance|[upkeep]\n|-damage|p1a: Pelipper|55\/100 brn|[from] brn\n|upkeep\n|turn|18\n|\n|t:|1699032676\n|move|p2a: Gholdengo|Shadow Ball|p1a: Pelipper\n|-damage|p1a: Pelipper|0 fnt\n|faint|p1a: Pelipper\n|\n|-weather|RainDance|[upkeep]\n|upkeep\n|\n|t:|1699032685\n|switch|p1a: Palkia|Palkia-Origin|45\/100\n|-ability|p1a: Palkia|Pressure\n|turn|19\n|\n|t:|1699032691\n|move|p2a: Gholdengo|Shadow Ball|p1a: Palkia\n|-damage|p1a: Palkia|5\/100\n|move|p1a: Palkia|Thunder|p2a: Gholdengo\n|-end|p2a: Gholdengo|Substitute\n|\n|-weather|none\n|upkeep\n|turn|20\n|\n|t:|1699032701\n|move|p2a: Gholdengo|Shadow Ball|p1a: Palkia\n|-damage|p1a: Palkia|0 fnt\n|faint|p1a: Palkia\n|\n|upkeep\n|\n|t:|1699032703\n|switch|p1a: Arceus|Arceus-Grass|51\/100\n|turn|21\n|\n|t:|1699032708\n|move|p2a: Gholdengo|Shadow Ball|p1a: Arceus\n|-damage|p1a: Arceus|24\/100\n|move|p1a: Arceus|Recover|p1a: Arceus\n|-heal|p1a: Arceus|74\/100\n|\n|upkeep\n|turn|22\n|\n|t:|1699032712\n|move|p2a: Gholdengo|Shadow Ball|p1a: Arceus\n|-damage|p1a: Arceus|45\/100\n|move|p1a: Arceus|Judgment|p2a: Gholdengo\n|-resisted|p2a: Gholdengo\n|-damage|p2a: Gholdengo|67\/100\n|\n|upkeep\n|turn|23\n|\n|t:|1699032720\n|move|p2a: Gholdengo|Shadow Ball|p1a: Arceus\n|-damage|p1a: Arceus|17\/100\n|move|p1a: Arceus|Recover|p1a: Arceus\n|-heal|p1a: Arceus|67\/100\n|\n|upkeep\n|turn|24\n|\n|t:|1699032723\n|move|p2a: Gholdengo|Shadow Ball|p1a: Arceus\n|-damage|p1a: Arceus|41\/100\n|move|p1a: Arceus|Judgment|p2a: Gholdengo\n|-resisted|p2a: Gholdengo\n|-damage|p2a: Gholdengo|37\/100\n|\n|upkeep\n|turn|25\n|\n|t:|1699032728\n|move|p2a: Gholdengo|Shadow Ball|p1a: Arceus\n|-damage|p1a: Arceus|14\/100\n|-unboost|p1a: Arceus|spd|1\n|move|p1a: Arceus|Recover|p1a: Arceus\n|-heal|p1a: Arceus|64\/100\n|\n|upkeep\n|turn|26\n|\n|t:|1699032733\n|move|p2a: Gholdengo|Shadow Ball|p1a: Arceus\n|-damage|p1a: Arceus|22\/100\n|move|p1a: Arceus|Recover|p1a: Arceus\n|-heal|p1a: Arceus|72\/100\n|\n|upkeep\n|turn|27\n|\n|t:|1699032738\n|move|p2a: Gholdengo|Shadow Ball|p1a: Arceus\n|-damage|p1a: Arceus|28\/100\n|-unboost|p1a: Arceus|spd|1\n|move|p1a: Arceus|Recover|p1a: Arceus\n|-heal|p1a: Arceus|78\/100\n|\n|upkeep\n|turn|28\n|\n|t:|1699032743\n|move|p2a: Gholdengo|Shadow Ball|p1a: Arceus\n|-damage|p1a: Arceus|22\/100\n|move|p1a: Arceus|Judgment|p2a: Gholdengo\n|-resisted|p2a: Gholdengo\n|-damage|p2a: Gholdengo|11\/100\n|\n|upkeep\n|turn|29\n|\n|t:|1699032747\n|move|p2a: Gholdengo|Shadow Ball|p1a: Arceus\n|-damage|p1a: Arceus|0 fnt\n|faint|p1a: Arceus\n|\n|win|Leo Justice\n|c|\u2606IDAHAN|gg\n|c|\u2606Leo Justice|gg\n|c|\u2606IDAHAN|wp\n","uploadtime":1699032753,"views":14,"p1id":"idahan","p2id":"leojustice","formatid":"gen9ubers","rating":0,"private":0,"password":""}