{"id":"gen9ubers-1969600334","p1":"Gomure","p2":"S3OLY","format":"[Gen 9] Ubers","log":"|j|\u2606Gomure\n|j|\u2606S3OLY\n|t:|1697550868\n|gametype|singles\n|player|p1|Gomure|aaron|1007\n|player|p2|S3OLY|unknownf|1174\n|teamsize|p1|6\n|teamsize|p2|6\n|gen|9\n|tier|[Gen 9] Ubers\n|rated|\n|rule|Sleep Clause Mod: Limit one foe put to sleep\n|rule|Species Clause: Limit one of each Pok\u00e9mon\n|rule|OHKO Clause: OHKO moves are banned\n|rule|Evasion Items Clause: Evasion items are banned\n|rule|Evasion Moves Clause: Evasion moves are banned\n|rule|Endless Battle Clause: Forcing endless battles is banned\n|rule|HP Percentage Mod: HP is shown in percentages\n|clearpoke\n|poke|p1|Ting-Lu|\n|poke|p1|Corviknight, F|\n|poke|p1|Zapdos|\n|poke|p1|Kingambit, M|\n|poke|p1|Iron Valiant|\n|poke|p1|Greninja-*, M|\n|poke|p2|Giratina-Origin|\n|poke|p2|Skeledirge, M|\n|poke|p2|Arceus-Ground|\n|poke|p2|Zacian-*|\n|poke|p2|Koraidon|\n|poke|p2|Kyogre|\n|teampreview\n|c|\u2606Gomure|Oof missclick wrong tier lol\n|\n|t:|1697550901\n|start\n|switch|p1a: Ting-Lu|Ting-Lu|100\/100\n|switch|p2a: Koraidon|Koraidon|100\/100\n|-weather|SunnyDay|[from] ability: Orichalcum Pulse|[of] p2a: Koraidon\n|-activate|p2a: Koraidon|Orichalcum Pulse|[source]\n|-ability|p1a: Ting-Lu|Vessel of Ruin\n|turn|1\n|\n|t:|1697550918\n|-terastallize|p1a: Ting-Lu|Ghost\n|move|p2a: Koraidon|Low Kick|p1a: Ting-Lu\n|-immune|p1a: Ting-Lu\n|move|p1a: Ting-Lu|Sand Tomb|p2a: Koraidon\n|-damage|p2a: Koraidon|90\/100\n|-activate|p2a: Koraidon|move: Sand Tomb|[of] p1a: Ting-Lu\n|\n|-weather|SunnyDay|[upkeep]\n|-damage|p2a: Koraidon|77\/100|[from] move: Sand Tomb|[partiallytrapped]\n|upkeep\n|turn|2\n|c|\u2606S3OLY|damn\n|inactive|Battle timer is ON: inactive players will automatically lose when time's up. (requested by Gomure)\n|\n|t:|1697550951\n|move|p2a: Koraidon|Low Kick|p1a: Ting-Lu\n|-immune|p1a: Ting-Lu\n|move|p1a: Ting-Lu|Stealth Rock|p2a: Koraidon\n|-sidestart|p2: S3OLY|move: Stealth Rock\n|\n|-weather|SunnyDay|[upkeep]\n|-damage|p2a: Koraidon|65\/100|[from] move: Sand Tomb|[partiallytrapped]\n|upkeep\n|turn|3\n|\n|t:|1697550957\n|move|p2a: Koraidon|Low Kick|p1a: Ting-Lu\n|-immune|p1a: Ting-Lu\n|move|p1a: Ting-Lu|Ruination|p2a: Koraidon\n|-damage|p2a: Koraidon|33\/100\n|\n|-weather|SunnyDay|[upkeep]\n|-damage|p2a: Koraidon|20\/100|[from] move: Sand Tomb|[partiallytrapped]\n|upkeep\n|turn|4\n|\n|t:|1697550965\n|move|p2a: Koraidon|Low Kick|p1a: Ting-Lu\n|-immune|p1a: Ting-Lu\n|move|p1a: Ting-Lu|Sand Tomb|p2a: Koraidon\n|-damage|p2a: Koraidon|10\/100\n|\n|-weather|SunnyDay|[upkeep]\n|-damage|p2a: Koraidon|0 fnt|[from] move: Sand Tomb|[partiallytrapped]\n|faint|p2a: Koraidon\n|upkeep\n|\n|t:|1697550975\n|switch|p2a: Giratina|Giratina-Origin|100\/100\n|-damage|p2a: Giratina|88\/100|[from] Stealth Rock\n|turn|5\n|\n|t:|1697551001\n|switch|p1a: Zapdos|Zapdos|100\/100\n|move|p2a: Giratina|Dragon Tail|p1a: Zapdos\n|-damage|p1a: Zapdos|67\/100\n|drag|p1a: Corviknight|Corviknight, F|100\/100\n|-ability|p1a: Corviknight|Pressure\n|\n|-weather|none\n|upkeep\n|turn|6\n|\n|t:|1697551014\n|move|p2a: Giratina|Defog|p1a: Corviknight\n|-unboost|p1a: Corviknight|evasion|1\n|-sideend|p2: S3OLY|Stealth Rock|[from] move: Defog|[of] p2a: Giratina\n|move|p1a: Corviknight|U-turn|p2a: Giratina\n|-resisted|p2a: Giratina\n|-damage|p2a: Giratina|84\/100\n|inactive|Gomure has 120 seconds left.\n|\n|t:|1697551042\n|switch|p1a: Greninja|Greninja, M|100\/100|[from] U-turn\n|\n|upkeep\n|turn|7\n|inactive|S3OLY has 120 seconds left.\n|\n|t:|1697551078\n|move|p1a: Greninja|Dark Pulse|p2a: Giratina\n|-supereffective|p2a: Giratina\n|-damage|p2a: Giratina|14\/100\n|move|p2a: Giratina|Will-O-Wisp|p1a: Greninja\n|-status|p1a: Greninja|brn\n|\n|-damage|p1a: Greninja|95\/100 brn|[from] brn\n|upkeep\n|turn|8\n|inactive|S3OLY has 120 seconds left.\n|\n|t:|1697551096\n|switch|p1a: Zapdos|Zapdos|67\/100\n|switch|p2a: Kyogre|Kyogre|100\/100\n|-weather|RainDance|[from] ability: Drizzle|[of] p2a: Kyogre\n|\n|-weather|RainDance|[upkeep]\n|upkeep\n|turn|9\n|\n|t:|1697551114\n|-terastallize|p2a: Kyogre|Fairy\n|move|p1a: Zapdos|Roost|p1a: Zapdos\n|-heal|p1a: Zapdos|100\/100\n|-singleturn|p1a: Zapdos|move: Roost\n|move|p2a: Kyogre|Ice Beam|p1a: Zapdos\n|-damage|p1a: Zapdos|79\/100\n|\n|-weather|RainDance|[upkeep]\n|upkeep\n|turn|10\n|inactive|S3OLY has 120 seconds left.\n|\n|t:|1697551124\n|move|p1a: Zapdos|Thunder Wave|p2a: Kyogre\n|-status|p2a: Kyogre|par\n|move|p2a: Kyogre|Surf|p1a: Zapdos\n|-damage|p1a: Zapdos|32\/100\n|\n|-weather|RainDance|[upkeep]\n|upkeep\n|turn|11\n|\n|t:|1697551131\n|move|p1a: Zapdos|Roost|p1a: Zapdos\n|-heal|p1a: Zapdos|82\/100\n|-singleturn|p1a: Zapdos|move: Roost\n|move|p2a: Kyogre|Surf|p1a: Zapdos\n|-crit|p1a: Zapdos\n|-damage|p1a: Zapdos|13\/100\n|\n|-weather|RainDance|[upkeep]\n|upkeep\n|turn|12\n|\n|t:|1697551139\n|move|p1a: Zapdos|Roost|p1a: Zapdos\n|-heal|p1a: Zapdos|63\/100\n|-singleturn|p1a: Zapdos|move: Roost\n|move|p2a: Kyogre|Ice Beam|p1a: Zapdos\n|-damage|p1a: Zapdos|44\/100\n|\n|-weather|none\n|upkeep\n|turn|13\n|\n|t:|1697551148\n|move|p1a: Zapdos|Roost|p1a: Zapdos\n|-heal|p1a: Zapdos|94\/100\n|-singleturn|p1a: Zapdos|move: Roost\n|move|p2a: Kyogre|Surf|p1a: Zapdos\n|-damage|p1a: Zapdos|62\/100\n|\n|upkeep\n|turn|14\n|\n|t:|1697551158\n|move|p1a: Zapdos|Hurricane|p2a: Kyogre|[miss]\n|-miss|p1a: Zapdos|p2a: Kyogre\n|move|p2a: Kyogre|Calm Mind|p2a: Kyogre\n|-boost|p2a: Kyogre|spa|1\n|-boost|p2a: Kyogre|spd|1\n|\n|upkeep\n|turn|15\n|\n|t:|1697551170\n|switch|p1a: Ting-Lu|Ting-Lu, tera:Ghost|100\/100\n|-ability|p1a: Ting-Lu|Vessel of Ruin\n|cant|p2a: Kyogre|par\n|\n|upkeep\n|turn|16\n|\n|t:|1697551180\n|move|p2a: Kyogre|Ice Beam|p1a: Ting-Lu\n|-damage|p1a: Ting-Lu|76\/100\n|move|p1a: Ting-Lu|Sand Tomb|p2a: Kyogre\n|-damage|p2a: Kyogre|92\/100 par\n|-activate|p2a: Kyogre|move: Sand Tomb|[of] p1a: Ting-Lu\n|\n|-heal|p2a: Kyogre|98\/100 par|[from] item: Leftovers\n|-heal|p1a: Ting-Lu|82\/100|[from] item: Leftovers\n|-damage|p2a: Kyogre|86\/100 par|[from] move: Sand Tomb|[partiallytrapped]\n|upkeep\n|turn|17\n|-message|S3OLY forfeited.\n|\n|win|Gomure\n|raw|Gomure's rating: 1007 &rarr; <strong>1063<\/strong><br \/>(+56 for winning)\n|raw|S3OLY's rating: 1174 &rarr; <strong>1138<\/strong><br \/>(-36 for losing)\n|l|\u2606S3OLY\n","uploadtime":1697551199,"views":10,"p1id":"gomure","p2id":"s3oly","formatid":"gen9ubers","rating":1063,"private":0,"password":""}