{"id":"gen9ubers-1968209488","p1":"foozeld","p2":"Tg3loading","format":"[Gen 9] Ubers","log":"|j|\u2606foozeld\n|j|\u2606Tg3loading\n|t:|1697395108\n|gametype|singles\n|player|p1|foozeld|pokemonbreederf-gen4|1372\n|player|p2|Tg3loading|2|1250\n|teamsize|p1|6\n|teamsize|p2|6\n|gen|9\n|tier|[Gen 9] Ubers\n|rated|\n|rule|Sleep Clause Mod: Limit one foe put to sleep\n|rule|Species Clause: Limit one of each Pok\u00e9mon\n|rule|OHKO Clause: OHKO moves are banned\n|rule|Evasion Items Clause: Evasion items are banned\n|rule|Evasion Moves Clause: Evasion moves are banned\n|rule|Endless Battle Clause: Forcing endless battles is banned\n|rule|HP Percentage Mod: HP is shown in percentages\n|clearpoke\n|poke|p1|Groudon|\n|poke|p1|Koraidon|\n|poke|p1|Chi-Yu|\n|poke|p1|Magearna|\n|poke|p1|Giratina-Origin|\n|poke|p1|Arceus-Fairy|\n|poke|p2|Hatterene, F|\n|poke|p2|Kyogre|\n|poke|p2|Corviknight, F|\n|poke|p2|Cresselia, F|\n|poke|p2|Ursaluna-Bloodmoon, M|\n|poke|p2|Calyrex-Ice|\n|teampreview\n|inactive|Battle timer is ON: inactive players will automatically lose when time's up. (requested by foozeld)\n|\n|t:|1697395124\n|start\n|switch|p1a: Magearna|Magearna|100\/100\n|switch|p2a: Hatterene|Hatterene, F|100\/100\n|turn|1\n|\n|t:|1697395128\n|move|p1a: Magearna|Calm Mind|p1a: Magearna\n|-boost|p1a: Magearna|spa|1\n|-boost|p1a: Magearna|spd|1\n|move|p2a: Hatterene|Trick Room|p2a: Hatterene\n|-fieldstart|move: Trick Room|[of] p2a: Hatterene\n|\n|upkeep\n|turn|2\n|\n|t:|1697395135\n|switch|p2a: Calyrex|Calyrex-Ice|100\/100\n|-ability|p2a: Calyrex|As One\n|-ability|p2a: Calyrex|Unnerve\n|move|p1a: Magearna|Calm Mind|p1a: Magearna\n|-boost|p1a: Magearna|spa|1\n|-boost|p1a: Magearna|spd|1\n|\n|upkeep\n|turn|3\n|\n|t:|1697395142\n|move|p2a: Calyrex|Swords Dance|p2a: Calyrex\n|-boost|p2a: Calyrex|atk|2\n|move|p1a: Magearna|Shift Gear|p1a: Magearna\n|-boost|p1a: Magearna|spe|2\n|-boost|p1a: Magearna|atk|1\n|\n|upkeep\n|turn|4\n|\n|t:|1697395149\n|move|p2a: Calyrex|High Horsepower|p1a: Magearna\n|-supereffective|p1a: Magearna\n|-damage|p1a: Magearna|0 fnt\n|faint|p1a: Magearna\n|-ability|p2a: Calyrex|Chilling Neigh|boost\n|-boost|p2a: Calyrex|atk|1\n|\n|upkeep\n|\n|t:|1697395158\n|switch|p1a: Groudon|Groudon|100\/100\n|-weather|SunnyDay|[from] ability: Drought|[of] p1a: Groudon\n|turn|5\n|\n|t:|1697395161\n|move|p2a: Calyrex|Glacial Lance|p1a: Groudon\n|-supereffective|p1a: Groudon\n|-damage|p1a: Groudon|0 fnt\n|faint|p1a: Groudon\n|-ability|p2a: Calyrex|Chilling Neigh|boost\n|-boost|p2a: Calyrex|atk|1\n|\n|-weather|SunnyDay|[upkeep]\n|-fieldend|move: Trick Room\n|upkeep\n|\n|t:|1697395169\n|switch|p1a: Chi-Yu|Chi-Yu|100\/100\n|-ability|p1a: Chi-Yu|Beads of Ruin\n|turn|6\n|\n|t:|1697395173\n|-terastallize|p2a: Calyrex|Psychic\n|move|p1a: Chi-Yu|Dark Pulse|p2a: Calyrex\n|-supereffective|p2a: Calyrex\n|-damage|p2a: Calyrex|0 fnt\n|faint|p2a: Calyrex\n|-damage|p1a: Chi-Yu|91\/100|[from] item: Life Orb\n|\n|-weather|SunnyDay|[upkeep]\n|upkeep\n|\n|t:|1697395181\n|switch|p2a: Hatterene|Hatterene, F|100\/100\n|turn|7\n|c|\u2606foozeld|you don\u2019t have a dark resist lol\n|\n|t:|1697395196\n|move|p1a: Chi-Yu|Dark Pulse|p2a: Hatterene\n|-damage|p2a: Hatterene|12\/100\n|-damage|p1a: Chi-Yu|81\/100|[from] item: Life Orb\n|move|p2a: Hatterene|Trick Room|p2a: Hatterene\n|-fieldstart|move: Trick Room|[of] p2a: Hatterene\n|\n|-weather|SunnyDay|[upkeep]\n|upkeep\n|turn|8\n|\n|t:|1697395202\n|switch|p1a: Giratina|Giratina-Origin|100\/100\n|move|p2a: Hatterene|Misty Explosion|p1a: Giratina\n|-supereffective|p1a: Giratina\n|-damage|p1a: Giratina|41\/100\n|faint|p2a: Hatterene\n|\n|-weather|SunnyDay|[upkeep]\n|upkeep\n|\n|t:|1697395208\n|switch|p2a: Ursaluna|Ursaluna-Bloodmoon, M|100\/100\n|turn|9\n|\n|t:|1697395211\n|move|p2a: Ursaluna|Calm Mind|p2a: Ursaluna\n|-boost|p2a: Ursaluna|spa|1\n|-boost|p2a: Ursaluna|spd|1\n|move|p1a: Giratina|Dragon Tail|p2a: Ursaluna\n|-damage|p2a: Ursaluna|81\/100\n|drag|p2a: Kyogre|Kyogre|100\/100\n|-weather|RainDance|[from] ability: Drizzle|[of] p2a: Kyogre\n|\n|-weather|RainDance|[upkeep]\n|upkeep\n|turn|10\n|\n|t:|1697395222\n|switch|p1a: Arceus|Arceus-Fairy|100\/100\n|move|p2a: Kyogre|Water Spout|p1a: Arceus\n|-damage|p1a: Arceus|0 fnt\n|faint|p1a: Arceus\n|\n|-weather|RainDance|[upkeep]\n|upkeep\n|\n|t:|1697395235\n|switch|p1a: Chi-Yu|Chi-Yu|81\/100\n|-ability|p1a: Chi-Yu|Beads of Ruin\n|turn|11\n|\n|t:|1697395237\n|move|p2a: Kyogre|Water Spout|p1a: Chi-Yu\n|-supereffective|p1a: Chi-Yu\n|-damage|p1a: Chi-Yu|0 fnt\n|faint|p1a: Chi-Yu\n|\n|-weather|RainDance|[upkeep]\n|-fieldend|move: Trick Room\n|upkeep\n|\n|t:|1697395240\n|switch|p1a: Koraidon|Koraidon|100\/100\n|-weather|SunnyDay|[from] ability: Orichalcum Pulse|[of] p1a: Koraidon\n|-activate|p1a: Koraidon|Orichalcum Pulse|[source]\n|turn|12\n|\n|t:|1697395247\n|switch|p2a: Corviknight|Corviknight, F|100\/100\n|-ability|p2a: Corviknight|Pressure\n|move|p1a: Koraidon|Swords Dance|p1a: Koraidon\n|-boost|p1a: Koraidon|atk|2\n|\n|-weather|SunnyDay|[upkeep]\n|upkeep\n|turn|13\n|\n|t:|1697395263\n|move|p1a: Koraidon|Flare Blitz|p2a: Corviknight\n|-supereffective|p2a: Corviknight\n|-damage|p2a: Corviknight|0 fnt\n|faint|p2a: Corviknight\n|-damage|p1a: Koraidon|62\/100|[from] Recoil\n|\n|-weather|SunnyDay|[upkeep]\n|upkeep\n|\n|t:|1697395273\n|switch|p2a: Cresselia|Cresselia, F|100\/100\n|turn|14\n|\n|t:|1697395277\n|move|p1a: Koraidon|Scale Shot|p2a: Cresselia\n|-damage|p2a: Cresselia|83\/100\n|-damage|p2a: Cresselia|63\/100\n|-damage|p2a: Cresselia|43\/100\n|-damage|p2a: Cresselia|23\/100\n|-damage|p2a: Cresselia|4\/100\n|-hitcount|p2a: Cresselia|5\n|-unboost|p1a: Koraidon|def|1\n|-boost|p1a: Koraidon|spe|1\n|move|p2a: Cresselia|Trick Room|p2a: Cresselia\n|-fieldstart|move: Trick Room|[of] p2a: Cresselia\n|\n|-weather|SunnyDay|[upkeep]\n|-heal|p2a: Cresselia|10\/100|[from] item: Leftovers\n|upkeep\n|turn|15\n|\n|t:|1697395292\n|switch|p1a: Giratina|Giratina-Origin|41\/100\n|move|p2a: Cresselia|Moonblast|p1a: Giratina\n|-supereffective|p1a: Giratina\n|-damage|p1a: Giratina|22\/100\n|\n|-weather|SunnyDay|[upkeep]\n|-heal|p2a: Cresselia|16\/100|[from] item: Leftovers\n|upkeep\n|turn|16\n|\n|t:|1697395295\n|move|p1a: Giratina|Shadow Sneak|p2a: Cresselia\n|-supereffective|p2a: Cresselia\n|-damage|p2a: Cresselia|0 fnt\n|faint|p2a: Cresselia\n|\n|-weather|none\n|upkeep\n|\n|t:|1697395299\n|switch|p2a: Kyogre|Kyogre|100\/100\n|-weather|RainDance|[from] ability: Drizzle|[of] p2a: Kyogre\n|turn|17\n|\n|t:|1697395309\n|move|p2a: Kyogre|Ice Beam|p1a: Giratina\n|-supereffective|p1a: Giratina\n|-damage|p1a: Giratina|0 fnt\n|faint|p1a: Giratina\n|\n|-weather|RainDance|[upkeep]\n|upkeep\n|\n|t:|1697395311\n|switch|p1a: Koraidon|Koraidon|62\/100\n|-weather|SunnyDay|[from] ability: Orichalcum Pulse|[of] p1a: Koraidon\n|-activate|p1a: Koraidon|Orichalcum Pulse|[source]\n|turn|18\n|\n|t:|1697395319\n|-terastallize|p1a: Koraidon|Fire\n|move|p2a: Kyogre|Ice Beam|p1a: Koraidon\n|-resisted|p1a: Koraidon\n|-damage|p1a: Koraidon|31\/100\n|move|p1a: Koraidon|Swords Dance|p1a: Koraidon\n|-boost|p1a: Koraidon|atk|2\n|\n|-weather|SunnyDay|[upkeep]\n|-fieldend|move: Trick Room\n|upkeep\n|turn|19\n|\n|t:|1697395328\n|move|p1a: Koraidon|Scale Shot|p2a: Kyogre\n|-crit|p2a: Kyogre\n|-damage|p2a: Kyogre|55\/100\n|-damage|p2a: Kyogre|20\/100\n|-damage|p2a: Kyogre|0 fnt\n|faint|p2a: Kyogre\n|-hitcount|p2: Kyogre|3\n|-unboost|p1a: Koraidon|def|1\n|-boost|p1a: Koraidon|spe|1\n|\n|-weather|SunnyDay|[upkeep]\n|upkeep\n|\n|t:|1697395335\n|switch|p2a: Ursaluna|Ursaluna-Bloodmoon, M|81\/100\n|turn|20\n|\n|t:|1697395338\n|move|p2a: Ursaluna|Vacuum Wave|p1a: Koraidon\n|-damage|p1a: Koraidon|15\/100\n|move|p1a: Koraidon|Collision Course|p2a: Ursaluna\n|-supereffective|p2a: Ursaluna\n|-damage|p2a: Ursaluna|0 fnt\n|faint|p2a: Ursaluna\n|\n|win|foozeld\n|raw|foozeld's rating: 1372 &rarr; <strong>1385<\/strong><br \/>(+13 for winning)\n|raw|Tg3loading's rating: 1250 &rarr; <strong>1233<\/strong><br \/>(-17 for losing)\n|l|\u2606Tg3loading\n|c|\u2606foozeld|gg\n","uploadtime":1697395354,"views":6,"p1id":"foozeld","p2id":"tg3loading","formatid":"gen9ubers","rating":1233,"private":0,"password":""}