{"id":"gen9ubers-1982605867","p1":"rutriyououiyiyuyt","p2":"wyvernl0rd","format":"[Gen 9] Ubers","log":"|j|\u2606rutriyououiyiyuyt\n|j|\u2606wyvernl0rd\n|t:|1699029244\n|gametype|singles\n|player|p1|rutriyououiyiyuyt|elesa|\n|player|p2|wyvernl0rd|winona|\n|teamsize|p1|6\n|teamsize|p2|6\n|gen|9\n|tier|[Gen 9] Ubers\n|rule|Sleep Clause Mod: Limit one foe put to sleep\n|rule|Species Clause: Limit one of each Pok\u00e9mon\n|rule|OHKO Clause: OHKO moves are banned\n|rule|Evasion Items Clause: Evasion items are banned\n|rule|Evasion Moves Clause: Evasion moves are banned\n|rule|Endless Battle Clause: Forcing endless battles is banned\n|rule|HP Percentage Mod: HP is shown in percentages\n|clearpoke\n|poke|p1|Cyclizar, F|\n|poke|p1|Ninetales-Alola, M|\n|poke|p1|Baxcalibur, M|\n|poke|p1|Urshifu-*, F|\n|poke|p1|Arceus-Ghost|\n|poke|p1|Roaring Moon|\n|poke|p2|Toedscruel, F|\n|poke|p2|Urshifu-*, F|\n|poke|p2|Gholdengo|\n|poke|p2|Zacian-*|\n|poke|p2|Arceus-Poison|\n|poke|p2|Shaymin-Sky|\n|teampreview\n|c|\u2606wyvernl0rd|glhf\n|c|\u2606rutriyououiyiyuyt|u2\n|\n|t:|1699029253\n|start\n|switch|p1a: Ninetales|Ninetales-Alola, M|100\/100\n|switch|p2a: Toedscruel|Toedscruel, F|100\/100\n|-weather|Snow|[from] ability: Snow Warning|[of] p1a: Ninetales\n|turn|1\n|\n|t:|1699029256\n|move|p1a: Ninetales|Freeze-Dry|p2a: Toedscruel\n|-supereffective|p2a: Toedscruel\n|-enditem|p2a: Toedscruel|Focus Sash\n|-damage|p2a: Toedscruel|1\/100\n|move|p2a: Toedscruel|Spore|p1a: Ninetales\n|-status|p1a: Ninetales|slp|[from] move: Spore\n|\n|-weather|Snow|[upkeep]\n|upkeep\n|turn|2\n|\n|t:|1699029263\n|cant|p1a: Ninetales|slp\n|move|p2a: Toedscruel|Spikes|p1a: Ninetales\n|-sidestart|p1: rutriyououiyiyuyt|Spikes\n|\n|-weather|Snow|[upkeep]\n|upkeep\n|turn|3\n|\n|t:|1699029267\n|switch|p2a: Gholdengo|Gholdengo|100\/100\n|-curestatus|p1a: Ninetales|slp|[msg]\n|move|p1a: Ninetales|Aurora Veil|p1a: Ninetales\n|-sidestart|p1: rutriyououiyiyuyt|move: Aurora Veil\n|\n|-weather|Snow|[upkeep]\n|upkeep\n|turn|4\n|\n|t:|1699029275\n|switch|p1a: Cyclizar|Cyclizar, F|100\/100\n|move|p2a: Gholdengo|Trick|p1a: Cyclizar\n|-activate|p2a: Gholdengo|move: Trick|[of] p1a: Cyclizar\n|-item|p1a: Cyclizar|Choice Scarf|[from] move: Trick\n|-item|p2a: Gholdengo|Heavy-Duty Boots|[from] move: Trick\n|\n|-weather|Snow|[upkeep]\n|upkeep\n|turn|5\n|\n|t:|1699029285\n|move|p1a: Cyclizar|Rapid Spin|p2a: Gholdengo\n|-immune|p2a: Gholdengo\n|move|p2a: Gholdengo|Focus Blast|p1a: Cyclizar\n|-supereffective|p1a: Cyclizar\n|-damage|p1a: Cyclizar|46\/100\n|\n|-weather|none\n|upkeep\n|turn|6\n|\n|t:|1699029289\n|switch|p1a: Ninetales|Ninetales-Alola, M|100\/100\n|-damage|p1a: Ninetales|88\/100|[from] Spikes\n|-weather|Snow|[from] ability: Snow Warning|[of] p1a: Ninetales\n|move|p2a: Gholdengo|Make It Rain|p1a: Ninetales\n|-supereffective|p1a: Ninetales\n|-damage|p1a: Ninetales|0 fnt\n|-unboost|p2a: Gholdengo|spa|1\n|faint|p1a: Ninetales\n|\n|-weather|Snow|[upkeep]\n|upkeep\n|\n|t:|1699029295\n|switch|p1a: Cyclizar|Cyclizar, F|79\/100\n|-damage|p1a: Cyclizar|66\/100|[from] Spikes\n|turn|7\n|\n|t:|1699029300\n|move|p1a: Cyclizar|Shed Tail|p1a: Cyclizar\n|-start|p1a: Cyclizar|Substitute|[from] move: Shed Tail\n|-damage|p1a: Cyclizar|16\/100\n|\n|t:|1699029304\n|switch|p1a: Roaring Moon|Roaring Moon|100\/100|[from] Shed Tail\n|-damage|p1a: Roaring Moon|88\/100|[from] Spikes\n|-enditem|p1a: Roaring Moon|Booster Energy\n|-activate|p1a: Roaring Moon|ability: Protosynthesis|[fromitem]\n|-start|p1a: Roaring Moon|protosynthesisatk\n|move|p2a: Gholdengo|Make It Rain|p1a: Roaring Moon\n|-activate|p1a: Roaring Moon|move: Substitute|[damage]\n|-unboost|p2a: Gholdengo|spa|1\n|\n|-weather|Snow|[upkeep]\n|upkeep\n|turn|8\n|\n|t:|1699029321\n|move|p1a: Roaring Moon|Dragon Dance|p1a: Roaring Moon\n|-boost|p1a: Roaring Moon|atk|1\n|-boost|p1a: Roaring Moon|spe|1\n|move|p2a: Gholdengo|Make It Rain|p1a: Roaring Moon\n|-end|p1a: Roaring Moon|Substitute\n|-unboost|p2a: Gholdengo|spa|1\n|\n|-weather|Snow|[upkeep]\n|upkeep\n|turn|9\n|\n|t:|1699029331\n|switch|p2a: Toedscruel|Toedscruel, F|1\/100\n|move|p1a: Roaring Moon|Knock Off|p2a: Toedscruel\n|-damage|p2a: Toedscruel|0 fnt\n|faint|p2a: Toedscruel\n|\n|-weather|Snow|[upkeep]\n|upkeep\n|\n|t:|1699029346\n|switch|p2a: Zacian|Zacian|100\/100\n|-ability|p2a: Zacian|Intrepid Sword|boost\n|-boost|p2a: Zacian|atk|1\n|turn|10\n|\n|t:|1699029352\n|-terastallize|p1a: Roaring Moon|Flying\n|move|p1a: Roaring Moon|Acrobatics|p2a: Zacian\n|-damage|p2a: Zacian|0 fnt\n|faint|p2a: Zacian\n|\n|-weather|none\n|-sideend|p1: rutriyououiyiyuyt|move: Aurora Veil\n|upkeep\n|\n|t:|1699029357\n|switch|p2a: Urshifu|Urshifu, F|100\/100\n|turn|11\n|\n|t:|1699029361\n|-terastallize|p2a: Urshifu|Dark\n|move|p2a: Urshifu|Sucker Punch|p1a: Roaring Moon\n|-damage|p1a: Roaring Moon|16\/100\n|move|p1a: Roaring Moon|Acrobatics|p2a: Urshifu\n|-damage|p2a: Urshifu|0 fnt\n|faint|p2a: Urshifu\n|\n|upkeep\n|\n|t:|1699029372\n|switch|p2a: Arceus|Arceus-Poison|100\/100\n|turn|12\n|\n|t:|1699029374\n|move|p1a: Roaring Moon|Earthquake|p2a: Arceus\n|-supereffective|p2a: Arceus\n|-damage|p2a: Arceus|0 fnt\n|faint|p2a: Arceus\n|\n|upkeep\n|c|\u2606wyvernl0rd|ggs\n|-message|wyvernl0rd forfeited.\n|\n|win|rutriyououiyiyuyt\n|c|\u2606rutriyououiyiyuyt|gg\n|l|\u2606wyvernl0rd\n|c|\u2606rutriyououiyiyuyt|wp\n|l|\u2606rutriyououiyiyuyt\n|j|\u2606rutriyououiyiyuyt\n|player|p1|rutriyououiyiyuyt|elesa\n","uploadtime":1699029399,"views":6,"p1id":"rutriyououiyiyuyt","p2id":"wyvernl0rd","formatid":"gen9ubers","rating":0,"private":0,"password":""}