{"id":"gen9ubers-1997997587","p1":"slice 1020","p2":"RandomAnonimo123","format":"[Gen 9] Ubers","log":"|j|\u2606slice 1020\n|j|\u2606RandomAnonimo123\n|t:|1700876983\n|gametype|singles\n|player|p1|slice 1020|burgh|1031\n|player|p2|RandomAnonimo123|chuck|1104\n|teamsize|p1|6\n|teamsize|p2|6\n|gen|9\n|tier|[Gen 9] Ubers\n|rated|\n|rule|Sleep Clause Mod: Limit one foe put to sleep\n|rule|Species Clause: Limit one of each Pok\u00e9mon\n|rule|OHKO Clause: OHKO moves are banned\n|rule|Evasion Items Clause: Evasion items are banned\n|rule|Evasion Moves Clause: Evasion moves are banned\n|rule|Endless Battle Clause: Forcing endless battles is banned\n|rule|HP Percentage Mod: HP is shown in percentages\n|clearpoke\n|poke|p1|Bellibolt, M|\n|poke|p1|Cetitan, M|\n|poke|p1|Skeledirge, M|\n|poke|p1|Falinks|\n|poke|p1|Clodsire, F|\n|poke|p1|Garganacl, M|\n|poke|p2|Glimmora, F|\n|poke|p2|Ribombee, F|\n|poke|p2|Groudon|\n|poke|p2|Gholdengo|\n|poke|p2|Skeledirge, M|\n|poke|p2|Koraidon|\n|teampreview\n|\n|t:|1700876989\n|start\n|switch|p1a: Clodsire|Clodsire, F, shiny|100\/100\n|switch|p2a: Glimmora|Glimmora, F|100\/100\n|turn|1\n|\n|t:|1700876995\n|move|p2a: Glimmora|Toxic|p1a: Clodsire\n|-status|p1a: Clodsire|tox\n|move|p1a: Clodsire|Yawn|p2a: Glimmora\n|-start|p2a: Glimmora|move: Yawn|[of] p1a: Clodsire\n|\n|-damage|p1a: Clodsire|94\/100 tox|[from] psn\n|upkeep\n|turn|2\n|c|\u2606slice 1020|yo how the fuck you poison my poion type?!??\n|\n|t:|1700877023\n|switch|p2a: Gholdengo|Gholdengo|100\/100\n|-item|p2a: Gholdengo|Air Balloon\n|move|p1a: Clodsire|Curse|p1a: Clodsire\n|-unboost|p1a: Clodsire|spe|1\n|-boost|p1a: Clodsire|atk|1\n|-boost|p1a: Clodsire|def|1\n|\n|-heal|p1a: Clodsire|100\/100 tox|[from] item: Black Sludge\n|-damage|p1a: Clodsire|88\/100 tox|[from] psn\n|upkeep\n|turn|3\n|c|\u2606RandomAnonimo123|corrosion\n|c|\u2606slice 1020|ohhhh\n|c|\u2606slice 1020|thought u were running toxic debris\n|\n|t:|1700877048\n|switch|p1a: Garganacl|Garganacl, M, shiny|100\/100\n|move|p2a: Gholdengo|Nasty Plot|p2a: Gholdengo\n|-boost|p2a: Gholdengo|spa|2\n|\n|upkeep\n|turn|4\n|\n|t:|1700877055\n|move|p2a: Gholdengo|Make It Rain|p1a: Garganacl\n|-supereffective|p1a: Garganacl\n|-damage|p1a: Garganacl|0 fnt\n|-unboost|p2a: Gholdengo|spa|1\n|faint|p1a: Garganacl\n|\n|upkeep\n|\n|t:|1700877062\n|switch|p1a: Cetitan|Cetitan, M, shiny|100\/100\n|turn|5\n|\n|t:|1700877066\n|move|p1a: Cetitan|Ice Shard|p2a: Gholdengo\n|-resisted|p2a: Gholdengo\n|-damage|p2a: Gholdengo|86\/100\n|-enditem|p2a: Gholdengo|Air Balloon\n|move|p2a: Gholdengo|Make It Rain|p1a: Cetitan\n|-supereffective|p1a: Cetitan\n|-crit|p1a: Cetitan\n|-damage|p1a: Cetitan|0 fnt\n|-unboost|p2a: Gholdengo|spa|1\n|faint|p1a: Cetitan\n|\n|upkeep\n|\n|t:|1700877078\n|switch|p1a: Clodsire|Clodsire, F, shiny|88\/100 tox\n|turn|6\n|\n|t:|1700877087\n|switch|p2a: Rebombaa|Ribombee, F|100\/100\n|move|p1a: Clodsire|Earthquake|p2a: Rebombaa\n|-resisted|p2a: Rebombaa\n|-damage|p2a: Rebombaa|59\/100\n|\n|-heal|p1a: Clodsire|94\/100 tox|[from] item: Black Sludge\n|-damage|p1a: Clodsire|88\/100 tox|[from] psn\n|upkeep\n|turn|7\n|\n|t:|1700877096\n|move|p2a: Rebombaa|Skill Swap|p1a: Clodsire\n|-activate|p2a: Rebombaa|move: Skill Swap|Water Absorb|Shield Dust|[of] p1a: Clodsire\n|move|p1a: Clodsire|Poison Jab|p2a: Rebombaa\n|-supereffective|p2a: Rebombaa\n|-damage|p2a: Rebombaa|0 fnt\n|faint|p2a: Rebombaa\n|\n|-heal|p1a: Clodsire|94\/100 tox|[from] item: Black Sludge\n|-damage|p1a: Clodsire|82\/100 tox|[from] psn\n|upkeep\n|\n|t:|1700877106\n|switch|p2a: Glimmora|Glimmora, F|100\/100\n|turn|8\n|\n|t:|1700877132\n|move|p2a: Glimmora|Stealth Rock|p1a: Clodsire\n|-sidestart|p1: slice 1020|move: Stealth Rock\n|move|p1a: Clodsire|Earthquake|p2a: Glimmora\n|-supereffective|p2a: Glimmora\n|-enditem|p2a: Glimmora|Focus Sash\n|-damage|p2a: Glimmora|1\/100\n|\n|-heal|p1a: Clodsire|88\/100 tox|[from] item: Black Sludge\n|-damage|p1a: Clodsire|69\/100 tox|[from] psn\n|upkeep\n|turn|9\n|\n|t:|1700877142\n|move|p2a: Glimmora|Toxic Spikes|p1a: Clodsire\n|-sidestart|p1: slice 1020|move: Toxic Spikes\n|move|p1a: Clodsire|Earthquake|p2a: Glimmora\n|-supereffective|p2a: Glimmora\n|-damage|p2a: Glimmora|0 fnt\n|faint|p2a: Glimmora\n|\n|-heal|p1a: Clodsire|75\/100 tox|[from] item: Black Sludge\n|-damage|p1a: Clodsire|50\/100 tox|[from] psn\n|upkeep\n|\n|t:|1700877149\n|switch|p2a: Gholdengo|Gholdengo|86\/100\n|turn|10\n|\n|t:|1700877153\n|switch|p1a: Skeledirge|Skeledirge, M, shiny|100\/100\n|-damage|p1a: Skeledirge|75\/100|[from] Stealth Rock\n|-status|p1a: Skeledirge|psn\n|move|p2a: Gholdengo|Recover|p2a: Gholdengo\n|-heal|p2a: Gholdengo|100\/100\n|\n|-heal|p1a: Skeledirge|82\/100 psn|[from] item: Leftovers\n|-damage|p1a: Skeledirge|69\/100 psn|[from] psn\n|upkeep\n|turn|11\n|\n|t:|1700877163\n|switch|p1a: Clodsire|Clodsire, F, shiny|50\/100 tox\n|-damage|p1a: Clodsire|44\/100 tox|[from] Stealth Rock\n|-sideend|p1: slice 1020|move: Toxic Spikes|[of] p1a: Clodsire\n|move|p2a: Gholdengo|Shadow Ball|p1a: Clodsire\n|-damage|p1a: Clodsire|11\/100 tox\n|\n|-heal|p1a: Clodsire|17\/100 tox|[from] item: Black Sludge\n|-damage|p1a: Clodsire|11\/100 tox|[from] psn\n|upkeep\n|turn|12\n|\n|t:|1700877173\n|move|p2a: Gholdengo|Shadow Ball|p1a: Clodsire\n|-damage|p1a: Clodsire|0 fnt\n|faint|p1a: Clodsire\n|\n|upkeep\n|\n|t:|1700877182\n|switch|p1a: Skeledirge|Skeledirge, M, shiny|69\/100 psn\n|-damage|p1a: Skeledirge|44\/100 psn|[from] Stealth Rock\n|turn|13\n|\n|t:|1700877213\n|move|p2a: Gholdengo|Shadow Ball|p1a: Skeledirge\n|-supereffective|p1a: Skeledirge\n|-damage|p1a: Skeledirge|0 fnt\n|faint|p1a: Skeledirge\n|\n|upkeep\n|-message|slice 1020 forfeited.\n|\n|win|RandomAnonimo123\n|raw|slice 1020's rating: 1031 &rarr; <strong>1019<\/strong><br \/>(-12 for losing)\n|raw|RandomAnonimo123's rating: 1104 &rarr; <strong>1124<\/strong><br \/>(+20 for winning)\n|l|\u2606slice 1020\n","uploadtime":1700877022,"views":1,"p1id":"slice1020","p2id":"randomanonimo123","formatid":"gen9ubers","rating":1019,"private":0,"password":""}