{"id":"gen9ubers-1975803549","p1":"2vfish staller","p2":"pro2008","format":"[Gen 9] Ubers","log":"|j|\u26062vfish staller\n|j|\u2606pro2008\n|t:|1698239594\n|gametype|singles\n|player|p1|2vfish staller|red|\n|player|p2|pro2008|wallace|\n|teamsize|p1|6\n|teamsize|p2|6\n|gen|9\n|tier|[Gen 9] Ubers\n|rated|Tournament battle\n|rule|Sleep Clause Mod: Limit one foe put to sleep\n|rule|Species Clause: Limit one of each Pok\u00e9mon\n|rule|OHKO Clause: OHKO moves are banned\n|rule|Evasion Items Clause: Evasion items are banned\n|rule|Evasion Moves Clause: Evasion moves are banned\n|rule|Endless Battle Clause: Forcing endless battles is banned\n|rule|HP Percentage Mod: HP is shown in percentages\n|clearpoke\n|poke|p1|Hatterene, F|\n|poke|p1|Kingambit, F|\n|poke|p1|Calyrex-Ice|\n|poke|p1|Ursaluna, F|\n|poke|p1|Koraidon|\n|poke|p1|Arceus-Water|\n|poke|p2|Enamorus, F|\n|poke|p2|Ribombee, M|\n|poke|p2|Gimmighoul-Roaming|\n|poke|p2|Zamazenta-*|\n|poke|p2|Wigglytuff, F|\n|poke|p2|Iron Leaves|\n|teampreview\n|c|\u26062vfish staller|glgl\n|\n|t:|1698239618\n|start\n|switch|p1a: Koraidon|Koraidon|100\/100\n|switch|p2a: Ribombee|Ribombee, M|100\/100\n|-weather|SunnyDay|[from] ability: Orichalcum Pulse|[of] p1a: Koraidon\n|-activate|p1a: Koraidon|Orichalcum Pulse|[source]\n|turn|1\n|\n|t:|1698239631\n|move|p1a: Koraidon|U-turn|p2a: Ribombee\n|-resisted|p2a: Ribombee\n|-damage|p2a: Ribombee|72\/100\n|\n|t:|1698239634\n|switch|p1a: Arceus|Arceus-Water|100\/100|[from] U-turn\n|move|p2a: Ribombee|Dazzling Gleam|p1a: Arceus\n|-damage|p1a: Arceus|86\/100\n|\n|-weather|SunnyDay|[upkeep]\n|upkeep\n|turn|2\n|j| ZowwyCafe\u2764\n|\n|t:|1698239644\n|move|p2a: Ribombee|Stun Spore|p1a: Arceus|[miss]\n|-miss|p2a: Ribombee|p1a: Arceus\n|move|p1a: Arceus|Stealth Rock|p2a: Ribombee\n|-sidestart|p2: pro2008|move: Stealth Rock\n|\n|-weather|SunnyDay|[upkeep]\n|upkeep\n|turn|3\n|l| ZowwyCafe\u2764\n|\n|t:|1698239652\n|move|p2a: Ribombee|Dual Wingbeat|p1a: Arceus\n|-damage|p1a: Arceus|82\/100\n|-damage|p1a: Arceus|77\/100\n|-hitcount|p1a: Arceus|2\n|move|p1a: Arceus|Trick Room|p1a: Arceus\n|-fieldstart|move: Trick Room|[of] p1a: Arceus\n|\n|-weather|SunnyDay|[upkeep]\n|upkeep\n|turn|4\n|\n|t:|1698239668\n|switch|p1a: Ursaluna|Ursaluna, F|100\/100\n|switch|p2a: Iron Leaves|Iron Leaves|100\/100\n|-damage|p2a: Iron Leaves|88\/100|[from] Stealth Rock\n|\n|-weather|SunnyDay|[upkeep]\n|-status|p1a: Ursaluna|brn|[from] item: Flame Orb\n|upkeep\n|turn|5\n|\n|t:|1698239682\n|move|p1a: Ursaluna|Facade|p2a: Iron Leaves\n|-damage|p2a: Iron Leaves|0 fnt\n|faint|p2a: Iron Leaves\n|-end|p2a: Iron Leaves|Quark Drive|[silent]\n|\n|-weather|none\n|-damage|p1a: Ursaluna|94\/100 brn|[from] brn\n|upkeep\n|\n|t:|1698239688\n|switch|p2a: Zamazenta|Zamazenta-Crowned|100\/100\n|-damage|p2a: Zamazenta|98\/100|[from] Stealth Rock\n|-ability|p2a: Zamazenta|Dauntless Shield|boost\n|-boost|p2a: Zamazenta|def|1\n|turn|6\n|\n|t:|1698239696\n|move|p1a: Ursaluna|Headlong Rush|p2a: Zamazenta\n|-supereffective|p2a: Zamazenta\n|-damage|p2a: Zamazenta|0 fnt\n|-unboost|p1a: Ursaluna|def|1\n|-unboost|p1a: Ursaluna|spd|1\n|faint|p2a: Zamazenta\n|\n|-damage|p1a: Ursaluna|88\/100 brn|[from] brn\n|upkeep\n|\n|t:|1698239711\n|switch|p2a: Ribombee|Ribombee, M|72\/100\n|-damage|p2a: Ribombee|47\/100|[from] Stealth Rock\n|turn|7\n|\n|t:|1698239719\n|move|p1a: Ursaluna|Facade|p2a: Ribombee\n|-damage|p2a: Ribombee|0 fnt\n|faint|p2a: Ribombee\n|\n|-damage|p1a: Ursaluna|82\/100 brn|[from] brn\n|-fieldend|move: Trick Room\n|upkeep\n|\n|t:|1698239725\n|switch|p2a: Enamorus|Enamorus, F|100\/100\n|-damage|p2a: Enamorus|76\/100|[from] Stealth Rock\n|turn|8\n|\n|t:|1698239730\n|switch|p1a: Arceus|Arceus-Water|77\/100\n|move|p2a: Enamorus|Substitute|p2a: Enamorus\n|-start|p2a: Enamorus|Substitute\n|-damage|p2a: Enamorus|51\/100\n|\n|upkeep\n|turn|9\n|\n|t:|1698239737\n|move|p2a: Enamorus|Protect|p2a: Enamorus\n|-singleturn|p2a: Enamorus|Protect\n|move|p1a: Arceus|Trick Room|p1a: Arceus\n|-fieldstart|move: Trick Room|[of] p1a: Arceus\n|\n|upkeep\n|turn|10\n|\n|t:|1698239742\n|switch|p1a: Calyrex|Calyrex-Ice|100\/100\n|-ability|p1a: Calyrex|As One\n|-ability|p1a: Calyrex|Unnerve\n|move|p2a: Enamorus|Earth Power|p1a: Calyrex\n|-damage|p1a: Calyrex|82\/100\n|\n|upkeep\n|turn|11\n|j| coverBW2\n|\n|t:|1698239752\n|move|p1a: Calyrex|Glacial Lance|p2a: Enamorus\n|-supereffective|p2a: Enamorus\n|-end|p2a: Enamorus|Substitute\n|-damage|p1a: Calyrex|72\/100|[from] item: Life Orb\n|move|p2a: Enamorus|Springtide Storm|p1a: Calyrex\n|-damage|p1a: Calyrex|42\/100\n|\n|upkeep\n|turn|12\n|\n|t:|1698239760\n|move|p1a: Calyrex|Glacial Lance|p2a: Enamorus\n|-supereffective|p2a: Enamorus\n|-damage|p2a: Enamorus|0 fnt\n|faint|p2a: Enamorus\n|-ability|p1a: Calyrex|Chilling Neigh|boost\n|-boost|p1a: Calyrex|atk|1\n|-damage|p1a: Calyrex|33\/100|[from] item: Life Orb\n|\n|upkeep\n|\n|t:|1698239767\n|switch|p2a: Gimmighoul|Gimmighoul-Roaming|100\/100\n|-damage|p2a: Gimmighoul|88\/100|[from] Stealth Rock\n|turn|13\n|\n|t:|1698239772\n|move|p1a: Calyrex|Glacial Lance|p2a: Gimmighoul\n|-damage|p2a: Gimmighoul|0 fnt\n|faint|p2a: Gimmighoul\n|-ability|p1a: Calyrex|Chilling Neigh|boost\n|-boost|p1a: Calyrex|atk|1\n|-damage|p1a: Calyrex|23\/100|[from] item: Life Orb\n|\n|-fieldend|move: Trick Room\n|upkeep\n|\n|t:|1698239779\n|switch|p2a: Wigglytuff|Wigglytuff, F|100\/100\n|-damage|p2a: Wigglytuff|88\/100|[from] Stealth Rock\n|turn|14\n|\n|t:|1698239785\n|-terastallize|p2a: Wigglytuff|Ghost\n|-terastallize|p1a: Calyrex|Fire\n|move|p2a: Wigglytuff|Disable|p1a: Calyrex\n|-start|p1a: Calyrex|Disable|Glacial Lance\n|cant|p1a: Calyrex|Disable|Glacial Lance\n|\n|-heal|p2a: Wigglytuff|94\/100|[from] item: Leftovers\n|upkeep\n|turn|15\n|\n|t:|1698239796\n|switch|p1a: Koraidon|Koraidon|100\/100\n|-weather|SunnyDay|[from] ability: Orichalcum Pulse|[of] p1a: Koraidon\n|-activate|p1a: Koraidon|Orichalcum Pulse|[source]\n|move|p2a: Wigglytuff|Body Slam|p1a: Koraidon\n|-damage|p1a: Koraidon|80\/100\n|\n|-weather|SunnyDay|[upkeep]\n|-heal|p2a: Wigglytuff|99\/100|[from] item: Leftovers\n|upkeep\n|turn|16\n|\n|t:|1698239831\n|move|p1a: Koraidon|Flare Blitz|p2a: Wigglytuff\n|-damage|p2a: Wigglytuff|0 fnt\n|faint|p2a: Wigglytuff\n|-damage|p1a: Koraidon|37\/100|[from] Recoil\n|\n|win|2vfish staller\n|n|\u26062vfish staller|2vfishstaller\n|n|\u2606pro2008|pro2008\n|n| coverBW2|coverbw2\n","uploadtime":1698239833,"views":13,"p1id":"2vfishstaller","p2id":"pro2008","formatid":"gen9ubers","rating":0,"private":0,"password":""}