{"id":"gen9ubers-1996636242","p1":"Kingcam4khd","p2":"Anne Frankkkk","format":"[Gen 9] Ubers","log":"|j|\u2606Kingcam4khd\n|j|\u2606Anne Frankkkk\n|t:|1700703462\n|gametype|singles\n|player|p1|Kingcam4khd|2|1259\n|player|p2|Anne Frankkkk|hilbert|1277\n|teamsize|p1|6\n|teamsize|p2|6\n|gen|9\n|tier|[Gen 9] Ubers\n|rated|\n|rule|Sleep Clause Mod: Limit one foe put to sleep\n|rule|Species Clause: Limit one of each Pok\u00e9mon\n|rule|OHKO Clause: OHKO moves are banned\n|rule|Evasion Items Clause: Evasion items are banned\n|rule|Evasion Moves Clause: Evasion moves are banned\n|rule|Endless Battle Clause: Forcing endless battles is banned\n|rule|HP Percentage Mod: HP is shown in percentages\n|clearpoke\n|poke|p1|Groudon|\n|poke|p1|Kyogre|\n|poke|p1|Ogerpon-Hearthflame, F|\n|poke|p1|Flutter Mane|\n|poke|p1|Zacian-*|\n|poke|p1|Miraidon|\n|poke|p2|Regieleki|\n|poke|p2|Kyogre|\n|poke|p2|Chien-Pao|\n|poke|p2|Ribombee, F|\n|poke|p2|Miraidon|\n|poke|p2|Flutter Mane|\n|teampreview\n|inactive|Battle timer is ON: inactive players will automatically lose when time's up. (requested by Anne Frankkkk)\n|\n|t:|1700703480\n|start\n|switch|p1a: Gru|Groudon, shiny|100\/100\n|switch|p2a: Moonblast|Ribombee, F, shiny|100\/100\n|-weather|SunnyDay|[from] ability: Drought|[of] p1a: Gru\n|turn|1\n|\n|t:|1700703489\n|move|p2a: Moonblast|Sticky Web|p1a: Gru\n|-sidestart|p1: Kingcam4khd|move: Sticky Web\n|move|p1a: Gru|Fire Punch|p2a: Moonblast\n|-supereffective|p2a: Moonblast\n|-enditem|p2a: Moonblast|Focus Sash\n|-damage|p2a: Moonblast|1\/100\n|\n|-weather|SunnyDay|[upkeep]\n|upkeep\n|turn|2\n|\n|t:|1700703515\n|move|p2a: Moonblast|Moonblast|p1a: Gru\n|-damage|p1a: Gru|58\/100\n|move|p1a: Gru|Fire Punch|p2a: Moonblast\n|-supereffective|p2a: Moonblast\n|-damage|p2a: Moonblast|0 fnt\n|faint|p2a: Moonblast\n|\n|-weather|SunnyDay|[upkeep]\n|-heal|p1a: Gru|64\/100|[from] item: Leftovers\n|upkeep\n|inactive|Anne Frankkkk has 120 seconds left.\n|\n|t:|1700703527\n|switch|p2a: Cyber Lizard|Miraidon|100\/100\n|-fieldstart|move: Electric Terrain|[from] ability: Hadron Engine|[of] p2a: Cyber Lizard\n|-item|p2a: Cyber Lizard|Air Balloon\n|turn|3\n|\n|t:|1700703533\n|move|p1a: Gru|Protect|p1a: Gru\n|-singleturn|p1a: Gru|Protect\n|move|p2a: Cyber Lizard|Calm Mind|p2a: Cyber Lizard\n|-boost|p2a: Cyber Lizard|spa|1\n|-boost|p2a: Cyber Lizard|spd|1\n|\n|-weather|SunnyDay|[upkeep]\n|-heal|p1a: Gru|70\/100|[from] item: Leftovers\n|upkeep\n|turn|4\n|\n|t:|1700703546\n|move|p2a: Cyber Lizard|Calm Mind|p2a: Cyber Lizard\n|-boost|p2a: Cyber Lizard|spa|1\n|-boost|p2a: Cyber Lizard|spd|1\n|move|p1a: Gru|Fire Punch|p2a: Cyber Lizard\n|-resisted|p2a: Cyber Lizard\n|-damage|p2a: Cyber Lizard|78\/100\n|-enditem|p2a: Cyber Lizard|Air Balloon\n|\n|-weather|SunnyDay|[upkeep]\n|-heal|p1a: Gru|76\/100|[from] item: Leftovers\n|upkeep\n|turn|5\n|\n|t:|1700703555\n|move|p1a: Gru|Protect|p1a: Gru\n|-singleturn|p1a: Gru|Protect\n|move|p2a: Cyber Lizard|Dragon Pulse|p1a: Gru\n|-activate|p1a: Gru|move: Protect\n|\n|-weather|none\n|-heal|p1a: Gru|83\/100|[from] item: Leftovers\n|upkeep\n|turn|6\n|\n|t:|1700703562\n|move|p2a: Cyber Lizard|Dragon Pulse|p1a: Gru\n|-damage|p1a: Gru|0 fnt\n|faint|p1a: Gru\n|\n|upkeep\n|\n|t:|1700703569\n|switch|p1a: Fionia|Ogerpon-Hearthflame, F|100\/100\n|-activate|p1a: Fionia|move: Sticky Web\n|-unboost|p1a: Fionia|spe|1\n|-ability|p1a: Fionia|Mold Breaker\n|turn|7\n|\n|t:|1700703576\n|move|p1a: Fionia|Spiky Shield|p1a: Fionia\n|-singleturn|p1a: Fionia|move: Protect\n|move|p2a: Cyber Lizard|Dragon Pulse|p1a: Fionia\n|-activate|p1a: Fionia|move: Protect\n|\n|-fieldend|move: Electric Terrain\n|upkeep\n|turn|8\n|\n|t:|1700703583\n|move|p2a: Cyber Lizard|Dragon Pulse|p1a: Fionia\n|-damage|p1a: Fionia|0 fnt\n|faint|p1a: Fionia\n|\n|upkeep\n|\n|t:|1700703589\n|switch|p1a: King Author|Zacian-Crowned, shiny|100\/100\n|-activate|p1a: King Author|move: Sticky Web\n|-unboost|p1a: King Author|spe|1\n|-ability|p1a: King Author|Intrepid Sword|boost\n|-boost|p1a: King Author|atk|1\n|turn|9\n|\n|t:|1700703601\n|move|p2a: Cyber Lizard|Electro Drift|p1a: King Author\n|-damage|p1a: King Author|0 fnt\n|faint|p1a: King Author\n|\n|upkeep\n|\n|t:|1700703610\n|switch|p1a: Mira|Miraidon|100\/100\n|-activate|p1a: Mira|move: Sticky Web\n|-unboost|p1a: Mira|spe|1\n|-fieldstart|move: Electric Terrain|[from] ability: Hadron Engine|[of] p1a: Mira\n|turn|10\n|\n|t:|1700703617\n|-terastallize|p1a: Mira|Electric\n|move|p2a: Cyber Lizard|Dragon Pulse|p1a: Mira\n|-damage|p1a: Mira|0 fnt\n|faint|p1a: Mira\n|\n|upkeep\n|\n|t:|1700703628\n|switch|p1a: Moby|Kyogre, shiny|100\/100\n|-activate|p1a: Moby|move: Sticky Web\n|-unboost|p1a: Moby|spe|1\n|-weather|RainDance|[from] ability: Drizzle|[of] p1a: Moby\n|turn|11\n|\n|t:|1700703635\n|move|p2a: Cyber Lizard|Electro Drift|p1a: Moby\n|-supereffective|p1a: Moby\n|-damage|p1a: Moby|0 fnt\n|faint|p1a: Moby\n|\n|-weather|RainDance|[upkeep]\n|upkeep\n|\n|t:|1700703640\n|switch|p1a: Dead|Flutter Mane, shiny|100\/100\n|-activate|p1a: Dead|move: Sticky Web\n|-unboost|p1a: Dead|spe|1\n|-enditem|p1a: Dead|Booster Energy\n|-activate|p1a: Dead|ability: Protosynthesis|[fromitem]\n|-start|p1a: Dead|protosynthesisspa\n|turn|12\n|\n|t:|1700703645\n|move|p1a: Dead|Protect|p1a: Dead\n|-singleturn|p1a: Dead|Protect\n|move|p2a: Cyber Lizard|Electro Drift|p1a: Dead\n|-activate|p1a: Dead|move: Protect\n|\n|-weather|RainDance|[upkeep]\n|upkeep\n|turn|13\n|\n|t:|1700703670\n|move|p2a: Cyber Lizard|Electro Drift|p1a: Dead\n|-damage|p1a: Dead|0 fnt\n|faint|p1a: Dead\n|-end|p1a: Dead|Protosynthesis|[silent]\n|\n|win|Anne Frankkkk\n|raw|Kingcam4khd's rating: 1259 &rarr; <strong>1235<\/strong><br \/>(-24 for losing)\n|raw|Anne Frankkkk's rating: 1277 &rarr; <strong>1301<\/strong><br \/>(+24 for winning)\n","uploadtime":1700703677,"views":1,"p1id":"kingcam4khd","p2id":"annefrankkkk","formatid":"gen9ubers","rating":1235,"private":0,"password":""}