{"id":"gen9ubers-1976881075","p1":"Rasmot2","p2":"Rending Scizor","format":"[Gen 9] Ubers","log":"|j|\u2606Rasmot2\n|j|\u2606Rending Scizor\n|t:|1698349024\n|gametype|singles\n|player|p1|Rasmot2|169|1000\n|player|p2|Rending Scizor|kieran-festival|1113\n|teamsize|p1|6\n|teamsize|p2|6\n|gen|9\n|tier|[Gen 9] Ubers\n|rated|\n|rule|Sleep Clause Mod: Limit one foe put to sleep\n|rule|Species Clause: Limit one of each Pok\u00e9mon\n|rule|OHKO Clause: OHKO moves are banned\n|rule|Evasion Items Clause: Evasion items are banned\n|rule|Evasion Moves Clause: Evasion moves are banned\n|rule|Endless Battle Clause: Forcing endless battles is banned\n|rule|HP Percentage Mod: HP is shown in percentages\n|clearpoke\n|poke|p1|Koraidon|\n|poke|p1|Regidrago|\n|poke|p1|Tinkaton, F|\n|poke|p1|Toxapex, F|\n|poke|p1|Azumarill, F|\n|poke|p1|Giratina|\n|poke|p2|Pawmot, M|\n|poke|p2|Annihilape, F|\n|poke|p2|Cyclizar, M|\n|poke|p2|Grimmsnarl, M|\n|poke|p2|Roaring Moon|\n|poke|p2|Flutter Mane|\n|teampreview\n|\n|t:|1698349031\n|start\n|switch|p1a: Toxapex|Toxapex, F|100\/100\n|switch|p2a: Grimmsnarl|Grimmsnarl, M|100\/100\n|turn|1\n|\n|t:|1698349039\n|move|p2a: Grimmsnarl|Taunt|p1a: Toxapex\n|-start|p1a: Toxapex|move: Taunt\n|cant|p1a: Toxapex|move: Taunt|Substitute\n|\n|upkeep\n|turn|2\n|\n|t:|1698349048\n|move|p2a: Grimmsnarl|Light Screen|p2a: Grimmsnarl\n|-sidestart|p2: Rending Scizor|move: Light Screen\n|-activate|p1a: Toxapex|move: Struggle\n|move|p1a: Toxapex|Struggle|p2a: Grimmsnarl\n|-damage|p2a: Grimmsnarl|93\/100\n|-damage|p1a: Toxapex|75\/100|[from] recoil\n|\n|-heal|p1a: Toxapex|81\/100|[from] item: Black Sludge\n|upkeep\n|turn|3\n|\n|t:|1698349059\n|switch|p1a: Tinkaton|Tinkaton, F|100\/100\n|-ability|p1a: Tinkaton|Mold Breaker\n|move|p2a: Grimmsnarl|Reflect|p2a: Grimmsnarl\n|-sidestart|p2: Rending Scizor|Reflect\n|\n|upkeep\n|turn|4\n|\n|t:|1698349068\n|switch|p2a: Cyclizar|Cyclizar, M|100\/100\n|move|p1a: Tinkaton|Gigaton Hammer|p2a: Cyclizar\n|-damage|p2a: Cyclizar|42\/100\n|\n|upkeep\n|turn|5\n|\n|t:|1698349076\n|move|p2a: Cyclizar|Shed Tail|p2a: Cyclizar\n|-fail|p2a: Cyclizar|move: Shed Tail|[weak]\n|move|p1a: Tinkaton|Thunder Wave|p2a: Cyclizar|[miss]\n|-miss|p1a: Tinkaton|p2a: Cyclizar\n|\n|upkeep\n|turn|6\n|\n|t:|1698349086\n|switch|p2a: Annihilape|Annihilape, F|100\/100\n|move|p1a: Tinkaton|Draining Kiss|p2a: Annihilape\n|-supereffective|p2a: Annihilape\n|-damage|p2a: Annihilape|92\/100\n|\n|-heal|p2a: Annihilape|99\/100|[from] item: Leftovers\n|upkeep\n|turn|7\n|\n|t:|1698349098\n|switch|p1a: Giratina|Giratina|100\/100\n|-ability|p1a: Giratina|Pressure\n|move|p2a: Annihilape|Taunt|p1a: Giratina\n|-start|p1a: Giratina|move: Taunt\n|\n|-heal|p2a: Annihilape|100\/100|[from] item: Leftovers\n|upkeep\n|turn|8\n|\n|t:|1698349110\n|move|p2a: Annihilape|Bulk Up|p2a: Annihilape\n|-boost|p2a: Annihilape|atk|1\n|-boost|p2a: Annihilape|def|1\n|move|p1a: Giratina|Dragon Tail|p2a: Annihilape\n|-damage|p2a: Annihilape|89\/100\n|drag|p2a: Roaring Moon|Roaring Moon|100\/100\n|-enditem|p2a: Roaring Moon|Booster Energy\n|-activate|p2a: Roaring Moon|ability: Protosynthesis|[fromitem]\n|-start|p2a: Roaring Moon|protosynthesisatk\n|\n|upkeep\n|turn|9\n|\n|t:|1698349124\n|move|p2a: Roaring Moon|Crunch|p1a: Giratina\n|-supereffective|p1a: Giratina\n|-damage|p1a: Giratina|27\/100\n|-unboost|p1a: Giratina|def|1\n|move|p1a: Giratina|Poltergeist||[still]\n|-fail|p1a: Giratina\n|\n|-end|p1a: Giratina|move: Taunt\n|-sideend|p2: Rending Scizor|move: Light Screen\n|upkeep\n|turn|10\n|\n|t:|1698349143\n|switch|p1a: Tinkaton|Tinkaton, F|100\/100\n|-ability|p1a: Tinkaton|Mold Breaker\n|move|p2a: Roaring Moon|Crunch|p1a: Tinkaton\n|-resisted|p1a: Tinkaton\n|-damage|p1a: Tinkaton|56\/100\n|\n|-heal|p1a: Tinkaton|63\/100|[from] item: Leftovers\n|-sideend|p2: Rending Scizor|Reflect\n|upkeep\n|turn|11\n|inactive|Battle timer is ON: inactive players will automatically lose when time's up. (requested by Rasmot2)\n|\n|t:|1698349164\n|-terastallize|p2a: Roaring Moon|Flying\n|move|p2a: Roaring Moon|Acrobatics|p1a: Tinkaton\n|-resisted|p1a: Tinkaton\n|-damage|p1a: Tinkaton|0 fnt\n|faint|p1a: Tinkaton\n|\n|upkeep\n|\n|t:|1698349172\n|switch|p1a: Azumarill|Azumarill, F|100\/100\n|turn|12\n|\n|t:|1698349179\n|move|p2a: Roaring Moon|Acrobatics|p1a: Azumarill\n|-damage|p1a: Azumarill|17\/100\n|move|p1a: Azumarill|Liquidation|p2a: Roaring Moon\n|-damage|p2a: Roaring Moon|12\/100\n|\n|upkeep\n|turn|13\n|\n|t:|1698349188\n|move|p2a: Roaring Moon|Acrobatics|p1a: Azumarill\n|-crit|p1a: Azumarill\n|-damage|p1a: Azumarill|0 fnt\n|faint|p1a: Azumarill\n|\n|upkeep\n|\n|t:|1698349194\n|switch|p1a: Koraidon|Koraidon|100\/100\n|-weather|SunnyDay|[from] ability: Orichalcum Pulse|[of] p1a: Koraidon\n|-activate|p1a: Koraidon|Orichalcum Pulse|[source]\n|turn|14\n|\n|t:|1698349202\n|move|p1a: Koraidon|Flamethrower|p2a: Roaring Moon\n|-damage|p2a: Roaring Moon|0 fnt\n|faint|p2a: Roaring Moon\n|-end|p2a: Roaring Moon|Protosynthesis|[silent]\n|\n|-weather|SunnyDay|[upkeep]\n|upkeep\n|\n|t:|1698349231\n|switch|p2a: Grimmsnarl|Grimmsnarl, M|93\/100\n|turn|15\n|\n|t:|1698349240\n|-terastallize|p1a: Koraidon|Fire\n|move|p1a: Koraidon|Flamethrower|p2a: Grimmsnarl\n|-damage|p2a: Grimmsnarl|60\/100\n|move|p2a: Grimmsnarl|Play Rough|p1a: Koraidon\n|-resisted|p1a: Koraidon\n|-crit|p1a: Koraidon\n|-damage|p1a: Koraidon|76\/100\n|\n|-weather|SunnyDay|[upkeep]\n|upkeep\n|turn|16\n|\n|t:|1698349251\n|move|p2a: Grimmsnarl|Light Screen|p2a: Grimmsnarl\n|-sidestart|p2: Rending Scizor|move: Light Screen\n|move|p1a: Koraidon|Flamethrower|p2a: Grimmsnarl\n|-damage|p2a: Grimmsnarl|44\/100\n|-status|p2a: Grimmsnarl|brn\n|\n|-weather|SunnyDay|[upkeep]\n|-damage|p2a: Grimmsnarl|38\/100 brn|[from] brn\n|upkeep\n|turn|17\n|\n|t:|1698349264\n|move|p2a: Grimmsnarl|Reflect|p2a: Grimmsnarl\n|-sidestart|p2: Rending Scizor|Reflect\n|move|p1a: Koraidon|Flamethrower|p2a: Grimmsnarl\n|-damage|p2a: Grimmsnarl|22\/100 brn\n|\n|-weather|SunnyDay|[upkeep]\n|-damage|p2a: Grimmsnarl|16\/100 brn|[from] brn\n|upkeep\n|turn|18\n|\n|t:|1698349274\n|switch|p2a: Cyclizar|Cyclizar, M|75\/100\n|move|p1a: Koraidon|Flamethrower|p2a: Cyclizar\n|-resisted|p2a: Cyclizar\n|-damage|p2a: Cyclizar|59\/100\n|\n|-weather|none\n|upkeep\n|turn|19\n|\n|t:|1698349303\n|move|p2a: Cyclizar|Shed Tail|p2a: Cyclizar\n|-start|p2a: Cyclizar|Substitute|[from] move: Shed Tail\n|-damage|p2a: Cyclizar|9\/100\n|\n|t:|1698349308\n|switch|p2a: Annihilape|Annihilape, F|89\/100|[from] Shed Tail\n|move|p1a: Koraidon|Outrage|p2a: Annihilape\n|-end|p2a: Annihilape|Substitute\n|\n|-heal|p2a: Annihilape|95\/100|[from] item: Leftovers\n|upkeep\n|turn|20\n|\n|t:|1698349319\n|move|p1a: Koraidon|Outrage|p2a: Annihilape|[from]lockedmove\n|-crit|p2a: Annihilape\n|-damage|p2a: Annihilape|0 fnt\n|faint|p2a: Annihilape\n|\n|upkeep\n|inactive|Rending Scizor has 120 seconds left.\n|\n|t:|1698349350\n|switch|p2a: Flutter Mane|Flutter Mane|100\/100\n|turn|21\n|\n|t:|1698349364\n|move|p2a: Flutter Mane|Moonblast|p1a: Koraidon\n|-resisted|p1a: Koraidon\n|-damage|p1a: Koraidon|50\/100\n|-unboost|p1a: Koraidon|spa|1\n|move|p1a: Koraidon|Outrage|p2a: Flutter Mane|[from]lockedmove\n|-immune|p2a: Flutter Mane\n|-start|p1a: Koraidon|confusion|[fatigue]\n|\n|upkeep\n|turn|22\n|\n|t:|1698349383\n|-end|p2a: Flutter Mane|Protosynthesis|[silent]\n|switch|p2a: Cyclizar|Cyclizar, M|42\/100\n|switch|p1a: Toxapex|Toxapex, F|100\/100\n|\n|upkeep\n|turn|23\n|\n|t:|1698349396\n|move|p2a: Cyclizar|Shed Tail|p2a: Cyclizar\n|-fail|p2a: Cyclizar|move: Shed Tail|[weak]\n|move|p1a: Toxapex|Toxic Spikes|p2a: Cyclizar\n|-sidestart|p2: Rending Scizor|move: Toxic Spikes\n|\n|-sideend|p2: Rending Scizor|move: Light Screen\n|upkeep\n|turn|24\n|\n|t:|1698349415\n|switch|p2a: Grimmsnarl|Grimmsnarl, M|16\/100 brn\n|move|p1a: Toxapex|Substitute|p1a: Toxapex\n|-start|p1a: Toxapex|Substitute\n|-damage|p1a: Toxapex|76\/100\n|\n|-heal|p1a: Toxapex|82\/100|[from] item: Black Sludge\n|-damage|p2a: Grimmsnarl|10\/100 brn|[from] brn\n|-sideend|p2: Rending Scizor|Reflect\n|upkeep\n|turn|25\n|inactive|Rending Scizor has 90 seconds left.\n|\n|t:|1698349438\n|move|p2a: Grimmsnarl|Light Screen|p2a: Grimmsnarl\n|-sidestart|p2: Rending Scizor|move: Light Screen\n|move|p1a: Toxapex|Toxic Spikes|p2a: Grimmsnarl\n|-sidestart|p2: Rending Scizor|move: Toxic Spikes\n|\n|-heal|p1a: Toxapex|88\/100|[from] item: Black Sludge\n|-damage|p2a: Grimmsnarl|4\/100 brn|[from] brn\n|upkeep\n|turn|26\n|inactive|Rending Scizor has 90 seconds left.\n|\n|t:|1698349455\n|move|p2a: Grimmsnarl|Reflect|p2a: Grimmsnarl\n|-sidestart|p2: Rending Scizor|Reflect\n|move|p1a: Toxapex|Toxic Spikes||[still]\n|-fail|p1a: Toxapex\n|\n|-heal|p1a: Toxapex|94\/100|[from] item: Black Sludge\n|-damage|p2a: Grimmsnarl|0 fnt|[from] brn\n|faint|p2a: Grimmsnarl\n|upkeep\n|inactive|Rending Scizor has 90 seconds left.\n|\n|t:|1698349464\n|switch|p2a: Cyclizar|Cyclizar, M|75\/100\n|-status|p2a: Cyclizar|tox\n|turn|27\n|\n|t:|1698349471\n|switch|p1a: Regidrago|Regidrago|100\/100\n|move|p2a: Cyclizar|Rapid Spin|p1a: Regidrago\n|-damage|p1a: Regidrago|74\/100\n|-boost|p2a: Cyclizar|spe|1\n|-sideend|p2: Rending Scizor|Toxic Spikes|[from] move: Rapid Spin|[of] p2a: Cyclizar\n|\n|-damage|p2a: Cyclizar|69\/100 tox|[from] psn\n|upkeep\n|turn|28\n|\n|t:|1698349482\n|switch|p2a: Flutter Mane|Flutter Mane|100\/100\n|move|p1a: Regidrago|Dragon Energy|p2a: Flutter Mane\n|-immune|p2a: Flutter Mane\n|\n|upkeep\n|turn|29\n|\n|t:|1698349491\n|move|p2a: Flutter Mane|Moonblast|p1a: Regidrago\n|-supereffective|p1a: Regidrago\n|-damage|p1a: Regidrago|0 fnt\n|faint|p1a: Regidrago\n|\n|upkeep\n|\n|t:|1698349496\n|switch|p1a: Toxapex|Toxapex, F|100\/100\n|turn|30\n|\n|t:|1698349508\n|-end|p2a: Flutter Mane|Protosynthesis|[silent]\n|switch|p2a: Cyclizar|Cyclizar, M|100\/100 tox\n|move|p1a: Toxapex|Toxic|p2a: Cyclizar\n|-fail|p2a: Cyclizar|tox\n|\n|-damage|p2a: Cyclizar|94\/100 tox|[from] psn\n|upkeep\n|turn|31\n|\n|t:|1698349524\n|move|p2a: Cyclizar|Knock Off|p1a: Toxapex\n|-damage|p1a: Toxapex|80\/100\n|-enditem|p1a: Toxapex|Black Sludge|[from] move: Knock Off|[of] p2a: Cyclizar\n|move|p1a: Toxapex|Iron Defense|p1a: Toxapex\n|-boost|p1a: Toxapex|def|2\n|\n|-damage|p2a: Cyclizar|82\/100 tox|[from] psn\n|upkeep\n|turn|32\n|\n|t:|1698349538\n|switch|p2a: Flutter Mane|Flutter Mane|100\/100\n|move|p1a: Toxapex|Iron Defense|p1a: Toxapex\n|-boost|p1a: Toxapex|def|2\n|\n|-sideend|p2: Rending Scizor|move: Light Screen\n|upkeep\n|turn|33\n|\n|t:|1698349545\n|move|p2a: Flutter Mane|Thunderbolt|p1a: Toxapex\n|-supereffective|p1a: Toxapex\n|-damage|p1a: Toxapex|20\/100\n|move|p1a: Toxapex|Iron Defense|p1a: Toxapex\n|-boost|p1a: Toxapex|def|2\n|\n|-sideend|p2: Rending Scizor|Reflect\n|upkeep\n|turn|34\n|\n|t:|1698349553\n|switch|p1a: Koraidon|Koraidon, tera:Fire|50\/100\n|-weather|SunnyDay|[from] ability: Orichalcum Pulse|[of] p1a: Koraidon\n|-activate|p2a: Flutter Mane|ability: Protosynthesis\n|-start|p2a: Flutter Mane|protosynthesisspe\n|-activate|p1a: Koraidon|Orichalcum Pulse|[source]\n|move|p2a: Flutter Mane|Thunderbolt|p1a: Koraidon\n|-damage|p1a: Koraidon|15\/100\n|\n|-weather|SunnyDay|[upkeep]\n|upkeep\n|turn|35\n|\n|t:|1698349564\n|move|p2a: Flutter Mane|Thunderbolt|p1a: Koraidon\n|-damage|p1a: Koraidon|0 fnt\n|faint|p1a: Koraidon\n|\n|-weather|SunnyDay|[upkeep]\n|upkeep\n|\n|t:|1698349570\n|switch|p1a: Giratina|Giratina|27\/100\n|-ability|p1a: Giratina|Pressure\n|turn|36\n|inactive|Rending Scizor has 120 seconds left.\n|\n|t:|1698349587\n|-end|p2a: Flutter Mane|Protosynthesis|[silent]\n|switch|p2a: Cyclizar|Cyclizar, M|100\/100 tox\n|move|p1a: Giratina|Poltergeist|p2a: Cyclizar\n|-immune|p2a: Cyclizar\n|\n|-weather|SunnyDay|[upkeep]\n|-damage|p2a: Cyclizar|94\/100 tox|[from] psn\n|upkeep\n|turn|37\n|\n|t:|1698349611\n|move|p2a: Cyclizar|Draco Meteor|p1a: Giratina\n|-supereffective|p1a: Giratina\n|-damage|p1a: Giratina|0 fnt\n|-unboost|p2a: Cyclizar|spa|2\n|faint|p1a: Giratina\n|\n|-weather|SunnyDay|[upkeep]\n|-damage|p2a: Cyclizar|82\/100 tox|[from] psn\n|upkeep\n|\n|t:|1698349619\n|switch|p1a: Toxapex|Toxapex, F|54\/100\n|turn|38\n|\n|t:|1698349629\n|move|p2a: Cyclizar|Draco Meteor|p1a: Toxapex\n|-damage|p1a: Toxapex|41\/100\n|-unboost|p2a: Cyclizar|spa|2\n|move|p1a: Toxapex|Substitute|p1a: Toxapex\n|-start|p1a: Toxapex|Substitute\n|-damage|p1a: Toxapex|16\/100\n|\n|-weather|none\n|-damage|p2a: Cyclizar|64\/100 tox|[from] psn\n|upkeep\n|turn|39\n|\n|t:|1698349641\n|switch|p2a: Pawmot|Pawmot, M|100\/100\n|move|p1a: Toxapex|Iron Defense|p1a: Toxapex\n|-boost|p1a: Toxapex|def|2\n|\n|upkeep\n|turn|40\n|\n|t:|1698349651\n|move|p2a: Pawmot|Fake Out|p1a: Toxapex\n|-activate|p1a: Toxapex|move: Substitute|[damage]\n|move|p1a: Toxapex|Iron Defense|p1a: Toxapex\n|-boost|p1a: Toxapex|def|2\n|\n|upkeep\n|turn|41\n|inactive|Rending Scizor has 120 seconds left.\n|\n|t:|1698349660\n|move|p2a: Pawmot|Double Shock|p1a: Toxapex\n|-supereffective|p1a: Toxapex\n|-end|p1a: Toxapex|Substitute\n|-start|p2a: Pawmot|typechange|???\/Fighting|[from] move: Double Shock\n|move|p1a: Toxapex|Toxic|p2a: Pawmot\n|-status|p2a: Pawmot|tox\n|\n|-damage|p2a: Pawmot|94\/100 tox|[from] psn\n|upkeep\n|turn|42\n|\n|t:|1698349670\n|switch|p2a: Flutter Mane|Flutter Mane|100\/100\n|move|p1a: Toxapex|Substitute|p1a: Toxapex\n|-fail|p1a: Toxapex|move: Substitute|[weak]\n|\n|upkeep\n|turn|43\n|\n|t:|1698349677\n|move|p2a: Flutter Mane|Thunderbolt|p1a: Toxapex\n|-supereffective|p1a: Toxapex\n|-damage|p1a: Toxapex|0 fnt\n|faint|p1a: Toxapex\n|\n|win|Rending Scizor\n|raw|Rasmot2's rating: 1000 &rarr; <strong>1000<\/strong><br \/>(+0 for losing)\n|raw|Rending Scizor's rating: 1113 &rarr; <strong>1130<\/strong><br \/>(+17 for winning)\n","uploadtime":1698349686,"views":8,"p1id":"rasmot2","p2id":"rendingscizor","formatid":"gen9ubers","rating":1000,"private":0,"password":""}