{"id":"gen9ubers-1968212050","p1":"XpokVEVO","p2":"bennymbs","format":"[Gen 9] Ubers","log":"|j|\u2606XpokVEVO\n|j|\u2606bennymbs\n|t:|1697395354\n|gametype|singles\n|player|p1|XpokVEVO|marshal|\n|player|p2|bennymbs|mina|\n|teamsize|p1|6\n|teamsize|p2|6\n|gen|9\n|tier|[Gen 9] Ubers\n|rule|Sleep Clause Mod: Limit one foe put to sleep\n|rule|Species Clause: Limit one of each Pok\u00e9mon\n|rule|OHKO Clause: OHKO moves are banned\n|rule|Evasion Items Clause: Evasion items are banned\n|rule|Evasion Moves Clause: Evasion moves are banned\n|rule|Endless Battle Clause: Forcing endless battles is banned\n|rule|HP Percentage Mod: HP is shown in percentages\n|clearpoke\n|poke|p1|Arceus-Fire|\n|poke|p1|Shaymin-Sky|\n|poke|p1|Palkia-Origin|\n|poke|p1|Cyclizar, M|\n|poke|p1|Espathra, M|\n|poke|p1|Samurott-Hisui, F|\n|poke|p2|Cyclizar, M|\n|poke|p2|Zacian-*|\n|poke|p2|Magearna|\n|poke|p2|Palkia-Origin|\n|poke|p2|Arceus-Fire|\n|poke|p2|Shaymin-Sky|\n|teampreview\n|inactive|Battle timer is ON: inactive players will automatically lose when time's up. (requested by bennymbs)\n|\n|t:|1697395371\n|start\n|switch|p1a: Samurott|Samurott-Hisui, F|100\/100\n|switch|p2a: Shaymin|Shaymin-Sky|100\/100\n|turn|1\n|\n|t:|1697395386\n|move|p2a: Shaymin|Air Slash|p1a: Samurott\n|-damage|p1a: Samurott|22\/100\n|cant|p1a: Samurott|flinch\n|\n|upkeep\n|turn|2\n|c|\u2606bennymbs|Wait did you get the last game's RP\n|c|\u2606bennymbs|I closed it down without copying the link. Pain\n|\n|t:|1697395407\n|move|p2a: Shaymin|Air Slash|p1a: Samurott\n|-damage|p1a: Samurott|0 fnt\n|faint|p1a: Samurott\n|\n|upkeep\n|\n|t:|1697395412\n|switch|p1a: Shaymin|Shaymin-Sky, shiny|100\/100\n|turn|3\n|\n|t:|1697395425\n|switch|p2a: Magearna|Magearna|100\/100\n|move|p1a: Shaymin|Air Slash|p2a: Magearna\n|-resisted|p2a: Magearna\n|-damage|p2a: Magearna|79\/100\n|-damage|p1a: Shaymin|91\/100|[from] item: Life Orb\n|\n|-heal|p2a: Magearna|85\/100|[from] item: Leftovers\n|upkeep\n|turn|4\n|\n|t:|1697395438\n|-terastallize|p2a: Magearna|Water\n|move|p1a: Shaymin|Seed Flare|p2a: Magearna\n|-supereffective|p2a: Magearna\n|-damage|p2a: Magearna|0 fnt\n|faint|p2a: Magearna\n|-damage|p1a: Shaymin|81\/100|[from] item: Life Orb\n|\n|upkeep\n|c|\u2606bennymbs|Read\n|c|\u2606XpokVEVO|Nah\n|\n|t:|1697395456\n|switch|p2a: Arceus|Arceus-Fire|100\/100\n|turn|5\n|c|\u2606XpokVEVO|Ep doesnt one shot\n|c|\u2606XpokVEVO|Might as well seed flare\n|\n|t:|1697395461\n|move|p1a: Shaymin|Earth Power|p2a: Arceus\n|-supereffective|p2a: Arceus\n|-damage|p2a: Arceus|43\/100\n|-damage|p1a: Shaymin|71\/100|[from] item: Life Orb\n|move|p2a: Arceus|Dragon Dance|p2a: Arceus\n|-boost|p2a: Arceus|atk|1\n|-boost|p2a: Arceus|spe|1\n|\n|upkeep\n|turn|6\n|\n|t:|1697395466\n|move|p2a: Arceus|Extreme Speed|p1a: Shaymin\n|-damage|p1a: Shaymin|16\/100\n|move|p1a: Shaymin|Earth Power|p2a: Arceus\n|-supereffective|p2a: Arceus\n|-damage|p2a: Arceus|0 fnt\n|faint|p2a: Arceus\n|-damage|p1a: Shaymin|6\/100|[from] item: Life Orb\n|\n|upkeep\n|\n|t:|1697395472\n|switch|p2a: Cyclizar|Cyclizar, M|100\/100\n|turn|7\n|\n|t:|1697395480\n|move|p1a: Shaymin|Air Slash|p2a: Cyclizar\n|-damage|p2a: Cyclizar|14\/100\n|-damage|p1a: Shaymin|0 fnt|[from] item: Life Orb\n|faint|p1a: Shaymin\n|cant|p2a: Cyclizar|flinch\n|\n|upkeep\n|\n|t:|1697395490\n|switch|p1a: Cyclizar|Cyclizar, M|100\/100\n|turn|8\n|\n|t:|1697395494\n|move|p2a: Cyclizar|Knock Off|p1a: Cyclizar\n|-damage|p1a: Cyclizar|71\/100\n|-enditem|p1a: Cyclizar|Aguav Berry|[from] move: Knock Off|[of] p2a: Cyclizar\n|move|p1a: Cyclizar|Taunt|p2a: Cyclizar\n|-start|p2a: Cyclizar|move: Taunt\n|\n|upkeep\n|turn|9\n|\n|t:|1697395517\n|move|p1a: Cyclizar|Shed Tail|p1a: Cyclizar\n|-start|p1a: Cyclizar|Substitute|[from] move: Shed Tail\n|-damage|p1a: Cyclizar|21\/100\n|\n|t:|1697395519\n|switch|p1a: Espathra|Espathra, M|100\/100|[from] Shed Tail\n|move|p2a: Cyclizar|Overheat|p1a: Espathra\n|-end|p1a: Espathra|Substitute\n|-unboost|p2a: Cyclizar|spa|2\n|\n|upkeep\n|turn|10\n|\n|t:|1697395531\n|move|p2a: Cyclizar|Knock Off|p1a: Espathra\n|-supereffective|p1a: Espathra\n|-damage|p1a: Espathra|39\/100\n|-enditem|p1a: Espathra|Focus Sash|[from] move: Knock Off|[of] p2a: Cyclizar\n|move|p1a: Espathra|Calm Mind|p1a: Espathra\n|-boost|p1a: Espathra|spa|1\n|-boost|p1a: Espathra|spd|1\n|\n|-ability|p1a: Espathra|Speed Boost|boost\n|-boost|p1a: Espathra|spe|1\n|upkeep\n|turn|11\n|\n|t:|1697395542\n|move|p1a: Espathra|Protect|p1a: Espathra\n|-singleturn|p1a: Espathra|Protect\n|move|p2a: Cyclizar|Knock Off|p1a: Espathra\n|-activate|p1a: Espathra|move: Protect\n|\n|-end|p2a: Cyclizar|move: Taunt\n|-ability|p1a: Espathra|Speed Boost|boost\n|-boost|p1a: Espathra|spe|1\n|upkeep\n|turn|12\n|\n|t:|1697395549\n|-terastallize|p1a: Espathra|Fairy\n|move|p1a: Espathra|Calm Mind|p1a: Espathra\n|-boost|p1a: Espathra|spa|1\n|-boost|p1a: Espathra|spd|1\n|move|p2a: Cyclizar|Knock Off|p1a: Espathra\n|-resisted|p1a: Espathra\n|-damage|p1a: Espathra|27\/100\n|\n|-ability|p1a: Espathra|Speed Boost|boost\n|-boost|p1a: Espathra|spe|1\n|upkeep\n|turn|13\n|inactive|XpokVEVO has 270 seconds left.\n|\n|t:|1697395583\n|switch|p2a: Shaymin|Shaymin-Sky|100\/100\n|move|p1a: Espathra|Stored Power|p2a: Shaymin\n|-damage|p2a: Shaymin|0 fnt\n|faint|p2a: Shaymin\n|\n|-ability|p1a: Espathra|Speed Boost|boost\n|-boost|p1a: Espathra|spe|1\n|upkeep\n|c|\u2606bennymbs|Hm, I messed up by accidentally sacking Arceus\n|c|\u2606bennymbs|It's probably GGs\n|\n|t:|1697395604\n|switch|p2a: Palkia|Palkia-Origin|100\/100\n|-ability|p2a: Palkia|Pressure\n|turn|14\n|\n|t:|1697395611\n|move|p1a: Espathra|Stored Power|p2a: Palkia\n|-damage|p2a: Palkia|0 fnt\n|faint|p2a: Palkia\n|\n|-ability|p1a: Espathra|Speed Boost|boost\n|-boost|p1a: Espathra|spe|1\n|upkeep\n|\n|t:|1697395618\n|switch|p2a: Zacian|Zacian|100\/100\n|-ability|p2a: Zacian|Intrepid Sword|boost\n|-boost|p2a: Zacian|atk|1\n|turn|15\n|\n|t:|1697395628\n|move|p1a: Espathra|Stored Power|p2a: Zacian\n|-damage|p2a: Zacian|0 fnt\n|faint|p2a: Zacian\n|\n|-ability|p1a: Espathra|Speed Boost|boost\n|-boost|p1a: Espathra|spe|1\n|upkeep\n|\n|t:|1697395632\n|switch|p2a: Cyclizar|Cyclizar, M|47\/100\n|turn|16\n|\n|t:|1697395634\n|move|p1a: Espathra|Stored Power|p2a: Cyclizar\n|-damage|p2a: Cyclizar|0 fnt\n|faint|p2a: Cyclizar\n|\n|win|XpokVEVO\n|c|\u2606bennymbs|Ggs\n|l|\u2606XpokVEVO\n|l|\u2606bennymbs\n|j|\u2606XpokVEVO\n|player|p1|XpokVEVO|marshal\n","uploadtime":1697395682,"views":19,"p1id":"xpokvevo","p2id":"bennymbs","formatid":"gen9ubers","rating":0,"private":0,"password":""}