{"id":"gen9ubers-1988726970","p1":"dumpy lump","p2":"Oomaester1234","format":"[Gen 9] Ubers","log":"|j|\u2606dumpy lump\n|j|\u2606Oomaester1234\n|t:|1699755469\n|gametype|singles\n|player|p1|dumpy lump|volo|\n|player|p2|Oomaester1234|teamrocket|\n|teamsize|p1|6\n|teamsize|p2|6\n|gen|9\n|tier|[Gen 9] Ubers\n|rule|Sleep Clause Mod: Limit one foe put to sleep\n|rule|Species Clause: Limit one of each Pok\u00e9mon\n|rule|OHKO Clause: OHKO moves are banned\n|rule|Evasion Items Clause: Evasion items are banned\n|rule|Evasion Moves Clause: Evasion moves are banned\n|rule|Endless Battle Clause: Forcing endless battles is banned\n|rule|HP Percentage Mod: HP is shown in percentages\n|clearpoke\n|poke|p1|Dialga-Origin|\n|poke|p1|Chi-Yu|\n|poke|p1|Magearna|\n|poke|p1|Ursaluna, F|\n|poke|p1|Cresselia, F|\n|poke|p1|Azumarill, F|\n|poke|p2|Spectrier|\n|poke|p2|Dialga|\n|poke|p2|Iron Valiant|\n|poke|p2|Moltres|\n|poke|p2|Palafin, M|\n|poke|p2|Cyclizar, F|\n|teampreview\n|c|\u2606dumpy lump|the return of trick room\n|c|\u2606Oomaester1234|lets hope no more freeze had\n|c|\u2606Oomaester1234|hax\n|\n|t:|1699755485\n|start\n|switch|p1a: Magearna|Magearna|100\/100\n|switch|p2a: Palafin|Palafin, M|100\/100\n|turn|1\n|c|\u2606Oomaester1234|and bad plays by me\n|\n|t:|1699755495\n|move|p2a: Palafin|Flip Turn|p1a: Magearna\n|-damage|p1a: Magearna|81\/100\n|\n|t:|1699755497\n|detailschange|p2a: Palafin|Palafin-Hero, M\n|switch|p2a: Iron Valiant|Iron Valiant|100\/100|[from] Flip Turn\n|-enditem|p2a: Iron Valiant|Booster Energy\n|-activate|p2a: Iron Valiant|ability: Quark Drive|[fromitem]\n|-start|p2a: Iron Valiant|quarkdrivespe\n|move|p1a: Magearna|Trick Room|p1a: Magearna\n|-fieldstart|move: Trick Room|[of] p1a: Magearna\n|\n|-heal|p1a: Magearna|87\/100|[from] item: Leftovers\n|upkeep\n|turn|2\n|c|\u2606Oomaester1234|i need taunt\n|c|\u2606Oomaester1234|omg\n|\n|t:|1699755512\n|move|p1a: Magearna|Fleur Cannon|p2a: Iron Valiant|[miss]\n|-miss|p1a: Magearna|p2a: Iron Valiant\n|move|p2a: Iron Valiant|Knock Off|p1a: Magearna\n|-resisted|p1a: Magearna\n|-damage|p1a: Magearna|73\/100\n|-enditem|p1a: Magearna|Leftovers|[from] move: Knock Off|[of] p2a: Iron Valiant\n|\n|upkeep\n|turn|3\n|c|\u2606dumpy lump|that miss tho\n|c|\u2606Oomaester1234|ye\n|c|\u2606Oomaester1234|ye\n|c|\u2606Oomaester1234|i almost threw\n|c|\u2606Oomaester1234|highkey\n|\n|t:|1699755528\n|-end|p2a: Iron Valiant|Quark Drive|[silent]\n|switch|p2a: ho oh|Moltres, shiny|100\/100\n|move|p1a: Magearna|Fleur Cannon|p2a: ho oh|[miss]\n|-miss|p1a: Magearna|p2a: ho oh\n|\n|upkeep\n|turn|4\n|c|\u2606dumpy lump|LMFAO\n|c|\u2606Oomaester1234|damn\n|\n|t:|1699755564\n|switch|p2a: Dialga|Dialga|100\/100\n|-ability|p2a: Dialga|Pressure\n|move|p1a: Magearna|Fleur Cannon|p2a: Dialga\n|-damage|p2a: Dialga|59\/100\n|-unboost|p1a: Magearna|spa|2\n|\n|-heal|p2a: Dialga|65\/100|[from] item: Leftovers\n|upkeep\n|turn|5\n|\n|t:|1699755570\n|move|p1a: Magearna|Fleur Cannon|p2a: Dialga\n|-damage|p2a: Dialga|45\/100\n|-unboost|p1a: Magearna|spa|2\n|move|p2a: Dialga|Stealth Rock|p1a: Magearna\n|-sidestart|p1: dumpy lump|move: Stealth Rock\n|\n|-heal|p2a: Dialga|51\/100|[from] item: Leftovers\n|-fieldend|move: Trick Room\n|upkeep\n|turn|6\n|\n|t:|1699755574\n|move|p2a: Dialga|Fire Blast|p1a: Magearna\n|-supereffective|p1a: Magearna\n|-damage|p1a: Magearna|19\/100\n|-status|p1a: Magearna|brn\n|move|p1a: Magearna|Trick Room|p1a: Magearna\n|-fieldstart|move: Trick Room|[of] p1a: Magearna\n|\n|-heal|p2a: Dialga|58\/100|[from] item: Leftovers\n|-damage|p1a: Magearna|13\/100 brn|[from] brn\n|upkeep\n|turn|7\n|c|\u2606Oomaester1234|this mag\n|c|\u2606dumpy lump|we tank those\n|c|\u2606Oomaester1234|just doesnt wanna die\n|\n|t:|1699755589\n|move|p1a: Magearna|Encore|p2a: Dialga\n|-start|p2a: Dialga|Encore\n|move|p2a: Dialga|Fire Blast|p1a: Magearna\n|-supereffective|p1a: Magearna\n|-damage|p1a: Magearna|0 fnt\n|faint|p1a: Magearna\n|\n|-heal|p2a: Dialga|64\/100|[from] item: Leftovers\n|upkeep\n|\n|t:|1699755599\n|switch|p1a: Ursaluna|Ursaluna, F|100\/100\n|-damage|p1a: Ursaluna|94\/100|[from] Stealth Rock\n|turn|8\n|\n|t:|1699755621\n|switch|p2a: ho oh|Moltres, shiny|100\/100\n|move|p1a: Ursaluna|Swords Dance|p1a: Ursaluna\n|-boost|p1a: Ursaluna|atk|2\n|\n|-status|p1a: Ursaluna|brn|[from] item: Flame Orb\n|upkeep\n|turn|9\n|\n|t:|1699755627\n|move|p1a: Ursaluna|Facade|p2a: ho oh\n|-damage|p2a: ho oh|0 fnt\n|faint|p2a: ho oh\n|\n|-damage|p1a: Ursaluna|88\/100 brn|[from] brn\n|upkeep\n|\n|t:|1699755649\n|switch|p2a: Iron Valiant|Iron Valiant|100\/100\n|turn|10\n|\n|t:|1699755657\n|move|p1a: Ursaluna|Facade|p2a: Iron Valiant\n|-damage|p2a: Iron Valiant|0 fnt\n|faint|p2a: Iron Valiant\n|-end|p2a: Iron Valiant|Quark Drive|[silent]\n|\n|-damage|p1a: Ursaluna|82\/100 brn|[from] brn\n|-fieldend|move: Trick Room\n|upkeep\n|\n|t:|1699755670\n|switch|p2a: Cyclizar|Cyclizar, F|100\/100\n|turn|11\n|\n|t:|1699755679\n|move|p2a: Cyclizar|Shed Tail|p2a: Cyclizar\n|-start|p2a: Cyclizar|Substitute|[from] move: Shed Tail\n|-damage|p2a: Cyclizar|50\/100\n|\n|t:|1699755682\n|switch|p2a: Palafin|Palafin-Hero, M|100\/100|[from] Shed Tail\n|-activate|p2a: Palafin|ability: Zero to Hero\n|move|p1a: Ursaluna|Facade|p2a: Palafin\n|-end|p2a: Palafin|Substitute\n|\n|-damage|p1a: Ursaluna|76\/100 brn|[from] brn\n|upkeep\n|turn|12\n|\n|t:|1699755712\n|switch|p1a: Cresselia|Cresselia, F, shiny|100\/100\n|-damage|p1a: Cresselia|88\/100|[from] Stealth Rock\n|move|p2a: Palafin|Flip Turn|p1a: Cresselia\n|-damage|p1a: Cresselia|59\/100\n|\n|t:|1699755715\n|switch|p2a: Spectrier|Spectrier|100\/100|[from] Flip Turn\n|\n|upkeep\n|turn|13\n|\n|t:|1699755723\n|-terastallize|p1a: Cresselia|Steel\n|move|p2a: Spectrier|Shadow Ball|p1a: Cresselia\n|-damage|p1a: Cresselia|36\/100\n|move|p1a: Cresselia|Trick Room|p1a: Cresselia\n|-fieldstart|move: Trick Room|[of] p1a: Cresselia\n|\n|upkeep\n|turn|14\n|\n|t:|1699755738\n|switch|p1a: Ursaluna|Ursaluna, F|76\/100 brn\n|-damage|p1a: Ursaluna|70\/100 brn|[from] Stealth Rock\n|move|p2a: Spectrier|Substitute|p2a: Spectrier\n|-start|p2a: Spectrier|Substitute\n|-damage|p2a: Spectrier|76\/100\n|\n|-heal|p2a: Spectrier|82\/100|[from] item: Leftovers\n|-damage|p1a: Ursaluna|64\/100 brn|[from] brn\n|upkeep\n|turn|15\n|\n|t:|1699755744\n|move|p1a: Ursaluna|Facade|p2a: Spectrier\n|-immune|p2a: Spectrier\n|move|p2a: Spectrier|Draining Kiss|p1a: Ursaluna\n|-damage|p1a: Ursaluna|48\/100 brn\n|-heal|p2a: Spectrier|98\/100|[from] drain|[of] p1a: Ursaluna\n|\n|-heal|p2a: Spectrier|100\/100|[from] item: Leftovers\n|-damage|p1a: Ursaluna|42\/100 brn|[from] brn\n|upkeep\n|turn|16\n|c|\u2606dumpy lump|MISCLICK\n|c|\u2606dumpy lump|LMAO\n|\n|t:|1699755753\n|move|p1a: Ursaluna|Crunch|p2a: Spectrier\n|-supereffective|p2a: Spectrier\n|-end|p2a: Spectrier|Substitute\n|move|p2a: Spectrier|Draining Kiss|p1a: Ursaluna\n|-damage|p1a: Ursaluna|27\/100 brn\n|\n|-damage|p1a: Ursaluna|21\/100 brn|[from] brn\n|upkeep\n|turn|17\n|c|\u2606Oomaester1234|happens\n|c|\u2606Oomaester1234|ik how wit feels\n|\n|t:|1699755761\n|switch|p2a: Dialga|Dialga|64\/100\n|-ability|p2a: Dialga|Pressure\n|move|p1a: Ursaluna|Crunch|p2a: Dialga\n|-damage|p2a: Dialga|29\/100\n|\n|-heal|p2a: Dialga|35\/100|[from] item: Leftovers\n|-damage|p1a: Ursaluna|15\/100 brn|[from] brn\n|-fieldend|move: Trick Room\n|upkeep\n|turn|18\n|\n|t:|1699755774\n|switch|p1a: Dialga|Dialga-Origin|100\/100\n|-damage|p1a: Dialga|94\/100|[from] Stealth Rock\n|-ability|p1a: Dialga|Pressure\n|move|p2a: Dialga|Roar|p1a: Dialga\n|drag|p1a: Ursaluna|Ursaluna, F|15\/100 brn\n|-damage|p1a: Ursaluna|9\/100 brn|[from] Stealth Rock\n|\n|-heal|p2a: Dialga|41\/100|[from] item: Leftovers\n|-damage|p1a: Ursaluna|3\/100 brn|[from] brn\n|upkeep\n|turn|19\n|\n|t:|1699755789\n|switch|p1a: Azumarill|Azumarill, F, shiny|100\/100\n|-damage|p1a: Azumarill|88\/100|[from] Stealth Rock\n|move|p2a: Dialga|Roar|p1a: Azumarill\n|drag|p1a: Ursaluna|Ursaluna, F|3\/100 brn\n|-damage|p1a: Ursaluna|0 fnt|[from] Stealth Rock\n|faint|p1a: Ursaluna\n|\n|-heal|p2a: Dialga|47\/100|[from] item: Leftovers\n|upkeep\n|c|\u2606dumpy lump|how did it go to ursa both times bruhhh\n|c|\u2606Oomaester1234|idk\n|\n|t:|1699755812\n|switch|p1a: Dialga|Dialga-Origin|94\/100\n|-damage|p1a: Dialga|88\/100|[from] Stealth Rock\n|-ability|p1a: Dialga|Pressure\n|turn|20\n|\n|t:|1699755827\n|move|p2a: Dialga|Fire Blast|p1a: Dialga\n|-damage|p1a: Dialga|60\/100\n|move|p1a: Dialga|Trick Room|p1a: Dialga\n|-fieldstart|move: Trick Room|[of] p1a: Dialga\n|\n|-heal|p2a: Dialga|53\/100|[from] item: Leftovers\n|upkeep\n|turn|21\n|\n|t:|1699755855\n|move|p1a: Dialga|Dragon Pulse|p2a: Dialga\n|-damage|p2a: Dialga|6\/100\n|move|p2a: Dialga|Roar|p1a: Dialga\n|drag|p1a: Chi-Yu|Chi-Yu|100\/100\n|-damage|p1a: Chi-Yu|76\/100|[from] Stealth Rock\n|-ability|p1a: Chi-Yu|Beads of Ruin\n|\n|-heal|p2a: Dialga|13\/100|[from] item: Leftovers\n|upkeep\n|turn|22\n|\n|t:|1699755869\n|move|p1a: Chi-Yu|Dark Pulse|p2a: Dialga\n|-damage|p2a: Dialga|0 fnt\n|faint|p2a: Dialga\n|\n|upkeep\n|\n|t:|1699755877\n|switch|p2a: Palafin|Palafin-Hero, M|100\/100\n|turn|23\n|\n|t:|1699755891\n|switch|p1a: Azumarill|Azumarill, F, shiny|88\/100\n|-damage|p1a: Azumarill|76\/100|[from] Stealth Rock\n|move|p2a: Palafin|Jet Punch|p1a: Azumarill\n|-resisted|p1a: Azumarill\n|-damage|p1a: Azumarill|54\/100\n|\n|upkeep\n|turn|24\n|\n|t:|1699755915\n|-terastallize|p2a: Palafin|Water\n|move|p1a: Azumarill|Belly Drum|p1a: Azumarill\n|-damage|p1a: Azumarill|4\/100\n|-setboost|p1a: Azumarill|atk|6|[from] move: Belly Drum\n|-enditem|p1a: Azumarill|Sitrus Berry|[eat]\n|-heal|p1a: Azumarill|29\/100|[from] item: Sitrus Berry\n|move|p2a: Palafin|Bulk Up|p2a: Palafin\n|-boost|p2a: Palafin|atk|1\n|-boost|p2a: Palafin|def|1\n|\n|-fieldend|move: Trick Room\n|upkeep\n|turn|25\n|\n|t:|1699755924\n|move|p2a: Palafin|Jet Punch|p1a: Azumarill\n|-resisted|p1a: Azumarill\n|-damage|p1a: Azumarill|0 fnt\n|faint|p1a: Azumarill\n|\n|upkeep\n|\n|t:|1699755931\n|switch|p1a: Cresselia|Cresselia, F, shiny, tera:Steel|36\/100\n|-damage|p1a: Cresselia|30\/100|[from] Stealth Rock\n|turn|26\n|\n|t:|1699755934\n|move|p2a: Palafin|Close Combat|p1a: Cresselia\n|-supereffective|p1a: Cresselia\n|-damage|p1a: Cresselia|0 fnt\n|-unboost|p2a: Palafin|def|1\n|-unboost|p2a: Palafin|spd|1\n|faint|p1a: Cresselia\n|\n|upkeep\n|\n|t:|1699755942\n|switch|p1a: Dialga|Dialga-Origin|60\/100\n|-damage|p1a: Dialga|54\/100|[from] Stealth Rock\n|-ability|p1a: Dialga|Pressure\n|turn|27\n|c|\u2606Oomaester1234|i love you palafin\n|c|\u2606Oomaester1234|beautiful boy\n|\n|t:|1699755961\n|move|p2a: Palafin|Close Combat|p1a: Dialga\n|-supereffective|p1a: Dialga\n|-damage|p1a: Dialga|0 fnt\n|-unboost|p2a: Palafin|def|1\n|-unboost|p2a: Palafin|spd|1\n|faint|p1a: Dialga\n|\n|upkeep\n|\n|t:|1699755964\n|switch|p1a: Chi-Yu|Chi-Yu|76\/100\n|-damage|p1a: Chi-Yu|51\/100|[from] Stealth Rock\n|-ability|p1a: Chi-Yu|Beads of Ruin\n|turn|28\n|c|\u2606dumpy lump|ggs\n|\n|t:|1699755969\n|move|p2a: Palafin|Jet Punch|p1a: Chi-Yu\n|-supereffective|p1a: Chi-Yu\n|-damage|p1a: Chi-Yu|0 fnt\n|faint|p1a: Chi-Yu\n|\n|win|Oomaester1234\n|c|\u2606Oomaester1234|ggs\n|c|\u2606Oomaester1234|aight round 3\n|l|\u2606dumpy lump\n|j|\u2606dumpy lump\n|player|p1|dumpy lump|volo\n|c|\u2606dumpy lump|imma just copy the replays somewhere rq before they are gone\n|c|\u2606Oomaester1234|oh yeah\n|c|\u2606Oomaester1234|i got them sitll opened too\n","uploadtime":1699755979,"views":40,"p1id":"dumpylump","p2id":"oomaester1234","formatid":"gen9ubers","rating":0,"private":0,"password":""}