{"id":"gen9ubers-1980892449","p1":"ragepasjeteez","p2":"AieSquidOnYou","format":"[Gen 9] Ubers","log":"|j|\u2606ragepasjeteez\n|j|\u2606AieSquidOnYou\n|t:|1698846547\n|gametype|singles\n|player|p1|ragepasjeteez|170|\n|player|p2|AieSquidOnYou|benga|\n|teamsize|p1|6\n|teamsize|p2|6\n|gen|9\n|tier|[Gen 9] Ubers\n|rule|Sleep Clause Mod: Limit one foe put to sleep\n|rule|Species Clause: Limit one of each Pok\u00e9mon\n|rule|OHKO Clause: OHKO moves are banned\n|rule|Evasion Items Clause: Evasion items are banned\n|rule|Evasion Moves Clause: Evasion moves are banned\n|rule|Endless Battle Clause: Forcing endless battles is banned\n|rule|HP Percentage Mod: HP is shown in percentages\n|clearpoke\n|poke|p1|Dondozo, M|\n|poke|p1|Corviknight, F|\n|poke|p1|Glimmora, M|\n|poke|p1|Clodsire, M|\n|poke|p1|Garganacl, F|\n|poke|p1|Blissey, F|\n|poke|p2|Corviknight, F|\n|poke|p2|Baxcalibur, M|\n|poke|p2|Magnezone|\n|poke|p2|Dragonite, F|\n|poke|p2|Gholdengo|\n|poke|p2|Flutter Mane|\n|teampreview\n|\n|t:|1698846557\n|start\n|switch|p1a: Warning !!!|Glimmora, M|100\/100\n|switch|p2a: Gholdengo|Gholdengo, shiny|100\/100\n|turn|1\n|\n|t:|1698846563\n|move|p1a: Warning !!!|Toxic|p2a: Gholdengo\n|-immune|p2a: Gholdengo|[from] ability: Good as Gold\n|move|p2a: Gholdengo|Nasty Plot|p2a: Gholdengo\n|-boost|p2a: Gholdengo|spa|2\n|\n|upkeep\n|turn|2\n|\n|t:|1698846574\n|switch|p1a: Forfeit guy !|Corviknight, F|100\/100\n|-ability|p1a: Forfeit guy !|Pressure\n|move|p2a: Gholdengo|Nasty Plot|p2a: Gholdengo\n|-boost|p2a: Gholdengo|spa|2\n|\n|upkeep\n|turn|3\n|\n|t:|1698846589\n|move|p2a: Gholdengo|Nasty Plot|p2a: Gholdengo\n|-boost|p2a: Gholdengo|spa|2\n|move|p1a: Forfeit guy !|Iron Defense|p1a: Forfeit guy !\n|-boost|p1a: Forfeit guy !|def|2\n|\n|upkeep\n|turn|4\n|\n|t:|1698846600\n|switch|p1a: I prevented you !|Blissey, F|100\/100\n|move|p2a: Gholdengo|Shadow Ball|p1a: I prevented you !\n|-immune|p1a: I prevented you !\n|\n|upkeep\n|turn|5\n|\n|t:|1698846608\n|move|p2a: Gholdengo|Make It Rain|p1a: I prevented you !\n|-damage|p1a: I prevented you !|25\/100\n|-unboost|p2a: Gholdengo|spa|1\n|move|p1a: I prevented you !|Seismic Toss|p2a: Gholdengo\n|-immune|p2a: Gholdengo\n|\n|upkeep\n|turn|6\n|\n|t:|1698846619\n|move|p2a: Gholdengo|Make It Rain|p1a: I prevented you !\n|-crit|p1a: I prevented you !\n|-damage|p1a: I prevented you !|0 fnt\n|-unboost|p2a: Gholdengo|spa|1\n|faint|p1a: I prevented you !\n|\n|upkeep\n|\n|t:|1698846629\n|switch|p1a: Too long !|Clodsire, M|100\/100\n|turn|7\n|\n|t:|1698846633\n|move|p2a: Gholdengo|Nasty Plot|p2a: Gholdengo\n|-boost|p2a: Gholdengo|spa|2\n|move|p1a: Too long !|Earthquake|p2a: Gholdengo\n|-supereffective|p2a: Gholdengo\n|-damage|p2a: Gholdengo|38\/100\n|\n|upkeep\n|turn|8\n|\n|t:|1698846646\n|move|p2a: Gholdengo|Make It Rain|p1a: Too long !\n|-damage|p1a: Too long !|0 fnt\n|-unboost|p2a: Gholdengo|spa|1\n|faint|p1a: Too long !\n|\n|upkeep\n|-message|ragepasjeteez forfeited.\n|\n|win|AieSquidOnYou\n|l|\u2606ragepasjeteez\n","uploadtime":1698846661,"views":9,"p1id":"ragepasjeteez","p2id":"aiesquidonyou","formatid":"gen9ubers","rating":0,"private":0,"password":""}