{"id":"gen9ubers-1969853311","p1":"ballstrecher69","p2":"1P1o1s1h1e1","format":"[Gen 9] Ubers","log":"|j|\u2606ballstrecher69\n|j|\u26061P1o1s1h1e1\n|t:|1697570467\n|gametype|singles\n|player|p1|ballstrecher69|ruinmaniac|\n|player|p2|1P1o1s1h1e1|1|\n|teamsize|p1|6\n|teamsize|p2|6\n|gen|9\n|tier|[Gen 9] Ubers\n|rule|Sleep Clause Mod: Limit one foe put to sleep\n|rule|Species Clause: Limit one of each Pok\u00e9mon\n|rule|OHKO Clause: OHKO moves are banned\n|rule|Evasion Items Clause: Evasion items are banned\n|rule|Evasion Moves Clause: Evasion moves are banned\n|rule|Endless Battle Clause: Forcing endless battles is banned\n|rule|HP Percentage Mod: HP is shown in percentages\n|clearpoke\n|poke|p1|Gliscor, F|\n|poke|p1|Empoleon, M|\n|poke|p1|Arceus-Fire|\n|poke|p1|Ursaluna-Bloodmoon, M|\n|poke|p1|Palkia|\n|poke|p1|Dialga|\n|poke|p2|Arceus-Rock|\n|poke|p2|Hippowdon, F|\n|poke|p2|Garchomp, M|\n|poke|p2|Magearna|\n|poke|p2|Houndstone, F|\n|poke|p2|Cyclizar, F|\n|teampreview\n|c|\u26061P1o1s1h1e1|this team has been doing shockingly well so far\n|c|\u26061P1o1s1h1e1|just beat a sun squad pretty convincingly\n|\n|t:|1697570493\n|start\n|switch|p1a: Ursaluna|Ursaluna-Bloodmoon, M|100\/100\n|switch|p2a: Magearna|Magearna|100\/100\n|turn|1\n|\n|t:|1697570502\n|switch|p2a: Cyclizar|Cyclizar, F|100\/100\n|move|p1a: Ursaluna|Calm Mind|p1a: Ursaluna\n|-boost|p1a: Ursaluna|spa|1\n|-boost|p1a: Ursaluna|spd|1\n|\n|upkeep\n|turn|2\n|\n|t:|1697570506\n|move|p2a: Cyclizar|Taunt|p1a: Ursaluna\n|-start|p1a: Ursaluna|move: Taunt\n|move|p1a: Ursaluna|Hyper Voice|p2a: Cyclizar\n|-damage|p2a: Cyclizar|14\/100\n|\n|upkeep\n|turn|3\n|\n|t:|1697570518\n|switch|p2a: Hippowdon|Hippowdon, F|100\/100\n|-weather|Sandstorm|[from] ability: Sand Stream|[of] p2a: Hippowdon\n|move|p1a: Ursaluna|Hyper Voice|p2a: Hippowdon\n|-damage|p2a: Hippowdon|34\/100\n|\n|-weather|Sandstorm|[upkeep]\n|upkeep\n|turn|4\n|\n|t:|1697570530\n|switch|p2a: Arceus|Arceus-Rock|100\/100\n|move|p1a: Ursaluna|Hyper Voice|p2a: Arceus\n|-resisted|p2a: Arceus\n|-damage|p2a: Arceus|87\/100\n|\n|-weather|Sandstorm|[upkeep]\n|-end|p1a: Ursaluna|move: Taunt\n|upkeep\n|turn|5\n|\n|t:|1697570535\n|-terastallize|p2a: Arceus|Grass\n|move|p2a: Arceus|Grass Knot|p1a: Ursaluna\n|-supereffective|p1a: Ursaluna\n|-damage|p1a: Ursaluna|39\/100\n|move|p1a: Ursaluna|Calm Mind|p1a: Ursaluna\n|-boost|p1a: Ursaluna|spa|1\n|-boost|p1a: Ursaluna|spd|1\n|\n|-weather|Sandstorm|[upkeep]\n|-damage|p2a: Arceus|81\/100|[from] Sandstorm\n|upkeep\n|turn|6\n|\n|t:|1697570544\n|move|p2a: Arceus|Grass Knot|p1a: Ursaluna\n|-supereffective|p1a: Ursaluna\n|-damage|p1a: Ursaluna|0 fnt\n|faint|p1a: Ursaluna\n|\n|-weather|Sandstorm|[upkeep]\n|-damage|p2a: Arceus|75\/100|[from] Sandstorm\n|upkeep\n|\n|t:|1697570549\n|switch|p1a: Arceus|Arceus-Fire|100\/100\n|turn|7\n|\n|t:|1697570561\n|move|p1a: Arceus|Fire Blast|p2a: Arceus\n|-supereffective|p2a: Arceus\n|-damage|p2a: Arceus|0 fnt\n|faint|p2a: Arceus\n|\n|-weather|Sandstorm|[upkeep]\n|-damage|p1a: Arceus|94\/100|[from] Sandstorm\n|upkeep\n|\n|t:|1697570566\n|switch|p2a: Garchomp|Garchomp, M|100\/100\n|turn|8\n|\n|t:|1697570583\n|-terastallize|p1a: Arceus|Fairy\n|move|p1a: Arceus|Dazzling Gleam|p2a: Garchomp\n|-supereffective|p2a: Garchomp\n|-damage|p2a: Garchomp|18\/100\n|move|p2a: Garchomp|Scale Shot|p1a: Arceus\n|-immune|p1a: Arceus\n|\n|-weather|Sandstorm|[upkeep]\n|-damage|p1a: Arceus|88\/100|[from] Sandstorm\n|upkeep\n|turn|9\n|\n|t:|1697570595\n|move|p1a: Arceus|Dazzling Gleam|p2a: Garchomp\n|-supereffective|p2a: Garchomp\n|-damage|p2a: Garchomp|0 fnt\n|faint|p2a: Garchomp\n|\n|-weather|Sandstorm|[upkeep]\n|-damage|p1a: Arceus|82\/100|[from] Sandstorm\n|upkeep\n|\n|t:|1697570597\n|switch|p2a: Cyclizar|Cyclizar, F|47\/100\n|turn|10\n|\n|t:|1697570604\n|switch|p2a: Magearna|Magearna|100\/100\n|move|p1a: Arceus|Dazzling Gleam|p2a: Magearna\n|-resisted|p2a: Magearna\n|-damage|p2a: Magearna|90\/100\n|\n|-weather|none\n|-heal|p2a: Magearna|96\/100|[from] item: Leftovers\n|upkeep\n|turn|11\n|\n|t:|1697570606\n|move|p1a: Arceus|Fire Blast|p2a: Magearna\n|-supereffective|p2a: Magearna\n|-damage|p2a: Magearna|24\/100\n|move|p2a: Magearna|Thunder Wave|p1a: Arceus\n|-status|p1a: Arceus|par\n|\n|-heal|p2a: Magearna|30\/100|[from] item: Leftovers\n|upkeep\n|turn|12\n|\n|t:|1697570612\n|move|p1a: Arceus|Earth Power|p2a: Magearna\n|-supereffective|p2a: Magearna\n|-damage|p2a: Magearna|0 fnt\n|faint|p2a: Magearna\n|\n|upkeep\n|\n|t:|1697570615\n|switch|p2a: Hippowdon|Hippowdon, F|34\/100\n|-weather|Sandstorm|[from] ability: Sand Stream|[of] p2a: Hippowdon\n|turn|13\n|\n|t:|1697570626\n|move|p1a: Arceus|Dazzling Gleam|p2a: Hippowdon\n|-damage|p2a: Hippowdon|0 fnt\n|faint|p2a: Hippowdon\n|\n|-weather|Sandstorm|[upkeep]\n|-damage|p1a: Arceus|76\/100 par|[from] Sandstorm\n|upkeep\n|\n|t:|1697570632\n|switch|p2a: Cyclizar|Cyclizar, F|80\/100\n|turn|14\n|\n|t:|1697570636\n|move|p2a: Cyclizar|Shed Tail|p2a: Cyclizar\n|-start|p2a: Cyclizar|Substitute|[from] move: Shed Tail\n|-damage|p2a: Cyclizar|30\/100\n|\n|t:|1697570638\n|switch|p2a: Houndstone|Houndstone, F|100\/100|[from] Shed Tail\n|move|p1a: Arceus|Dazzling Gleam|p2a: Houndstone\n|-end|p2a: Houndstone|Substitute\n|\n|-weather|Sandstorm|[upkeep]\n|-damage|p1a: Arceus|70\/100 par|[from] Sandstorm\n|upkeep\n|turn|15\n|\n|t:|1697570663\n|move|p2a: Houndstone|Last Respects|p1a: Arceus\n|-damage|p1a: Arceus|0 fnt\n|faint|p1a: Arceus\n|\n|-weather|Sandstorm|[upkeep]\n|upkeep\n|\n|t:|1697570669\n|switch|p1a: Empoleon|Empoleon, M|100\/100\n|turn|16\n|\n|t:|1697570671\n|move|p2a: Houndstone|Last Respects|p1a: Empoleon\n|-damage|p1a: Empoleon|0 fnt\n|faint|p1a: Empoleon\n|\n|-weather|Sandstorm|[upkeep]\n|upkeep\n|\n|t:|1697570676\n|switch|p1a: Gliscor|Gliscor, F|100\/100\n|turn|17\n|\n|t:|1697570678\n|move|p2a: Houndstone|Last Respects|p1a: Gliscor\n|-damage|p1a: Gliscor|0 fnt\n|faint|p1a: Gliscor\n|\n|-weather|Sandstorm|[upkeep]\n|upkeep\n|\n|t:|1697570681\n|switch|p1a: Palkia|Palkia|100\/100\n|-ability|p1a: Palkia|Pressure\n|turn|18\n|\n|t:|1697570685\n|move|p1a: Palkia|Spacial Rend|p2a: Houndstone\n|-damage|p2a: Houndstone|26\/100\n|move|p2a: Houndstone|Last Respects|p1a: Palkia\n|-damage|p1a: Palkia|0 fnt\n|faint|p1a: Palkia\n|\n|-weather|Sandstorm|[upkeep]\n|upkeep\n|\n|t:|1697570688\n|switch|p1a: Dialga|Dialga|100\/100\n|-ability|p1a: Dialga|Pressure\n|turn|19\n|\n|t:|1697570693\n|move|p2a: Houndstone|Last Respects|p1a: Dialga\n|-damage|p1a: Dialga|0 fnt\n|faint|p1a: Dialga\n|\n|win|1P1o1s1h1e1\n|c|\u26061P1o1s1h1e1|zamn\n|c|\u2606ballstrecher69|how\n|c|\u2606ballstrecher69|lol\n|c|\u26061P1o1s1h1e1|what tha dog doin?\n|l|\u2606ballstrecher69\n","uploadtime":1697571814,"views":22,"p1id":"ballstrecher69","p2id":"1p1o1s1h1e1","formatid":"gen9ubers","rating":0,"private":0,"password":""}