{"id":"gen9ubers-1969056275","p1":"rustygoomba","p2":"Wha1efish","format":"[Gen 9] Ubers","log":"|j|\u2606rustygoomba\n|j|\u2606Wha1efish\n|t:|1697486280\n|gametype|singles\n|player|p1|rustygoomba|crasherwake|\n|player|p2|Wha1efish|cynthia-gen4|\n|teamsize|p1|6\n|teamsize|p2|6\n|gen|9\n|tier|[Gen 9] Ubers\n|rule|Sleep Clause Mod: Limit one foe put to sleep\n|rule|Species Clause: Limit one of each Pok\u00e9mon\n|rule|OHKO Clause: OHKO moves are banned\n|rule|Evasion Items Clause: Evasion items are banned\n|rule|Evasion Moves Clause: Evasion moves are banned\n|rule|Endless Battle Clause: Forcing endless battles is banned\n|rule|HP Percentage Mod: HP is shown in percentages\n|clearpoke\n|poke|p1|Chandelure, F|\n|poke|p1|Clodsire, M|\n|poke|p1|Roaring Moon|\n|poke|p1|Veluza, M|\n|poke|p1|Tauros-Paldea-Blaze, M|\n|poke|p1|Frosmoth, F|\n|poke|p2|Annihilape, F|\n|poke|p2|Hydreigon, F|\n|poke|p2|Espathra, M|\n|poke|p2|Weezing-Galar, F|\n|poke|p2|Thundurus, M|\n|poke|p2|Gastrodon, M|\n|teampreview\n|j| RiddleDog\n|\n|t:|1697486312\n|start\n|switch|p1a: g2rald|Clodsire, M, shiny|100\/100\n|switch|p2a: Gastrodon|Gastrodon, M|100\/100\n|turn|1\n|\n|t:|1697486322\n|move|p2a: Gastrodon|Stealth Rock|p1a: g2rald\n|-sidestart|p1: rustygoomba|move: Stealth Rock\n|move|p1a: g2rald|Toxic Spikes|p2a: Gastrodon\n|-sidestart|p2: Wha1efish|move: Toxic Spikes\n|\n|upkeep\n|turn|2\n|\n|t:|1697486343\n|switch|p2a: Weezing|Weezing-Galar, F|100\/100\n|switch|p1a: vol corona|Frosmoth, F|100\/100\n|\n|upkeep\n|turn|3\n|\n|t:|1697486354\n|move|p1a: vol corona|Quiver Dance|p1a: vol corona\n|-boost|p1a: vol corona|spa|1\n|-boost|p1a: vol corona|spd|1\n|-boost|p1a: vol corona|spe|1\n|move|p2a: Weezing|Will-O-Wisp|p1a: vol corona\n|-status|p1a: vol corona|brn\n|\n|-damage|p1a: vol corona|94\/100 brn|[from] brn\n|upkeep\n|turn|4\n|\n|t:|1697486366\n|move|p1a: vol corona|Quiver Dance|p1a: vol corona\n|-boost|p1a: vol corona|spa|1\n|-boost|p1a: vol corona|spd|1\n|-boost|p1a: vol corona|spe|1\n|move|p2a: Weezing|Defog|p1a: vol corona\n|-unboost|p1a: vol corona|evasion|1\n|-sideend|p1: rustygoomba|Stealth Rock|[from] move: Defog|[of] p2a: Weezing\n|-sideend|p2: Wha1efish|Toxic Spikes|[from] move: Defog|[of] p2a: Weezing\n|\n|-damage|p1a: vol corona|88\/100 brn|[from] brn\n|upkeep\n|turn|5\n|\n|t:|1697486380\n|switch|p2a: Gastrodon|Gastrodon, M|100\/100\n|move|p1a: vol corona|Quiver Dance|p1a: vol corona\n|-boost|p1a: vol corona|spa|1\n|-boost|p1a: vol corona|spd|1\n|-boost|p1a: vol corona|spe|1\n|\n|-damage|p1a: vol corona|82\/100 brn|[from] brn\n|upkeep\n|turn|6\n|\n|t:|1697486412\n|move|p1a: vol corona|Giga Drain|p2a: Gastrodon\n|-supereffective|p2a: Gastrodon\n|-damage|p2a: Gastrodon|0 fnt\n|-heal|p1a: vol corona|100\/100 brn|[from] drain|[of] p2a: Gastrodon\n|faint|p2a: Gastrodon\n|\n|-damage|p1a: vol corona|94\/100 brn|[from] brn\n|upkeep\n|j| Charbotron\n|\n|t:|1697486447\n|switch|p2a: Annihilape|Annihilape, F|100\/100\n|turn|7\n|\n|t:|1697486488\n|move|p1a: vol corona|Ice Beam|p2a: Annihilape\n|-damage|p2a: Annihilape|27\/100\n|move|p2a: Annihilape|Rage Fist|p1a: vol corona\n|-damage|p1a: vol corona|26\/100 brn\n|\n|-damage|p1a: vol corona|20\/100 brn|[from] brn\n|upkeep\n|turn|8\n|\n|t:|1697486509\n|move|p1a: vol corona|Giga Drain|p2a: Annihilape\n|-damage|p2a: Annihilape|0 fnt\n|-heal|p1a: vol corona|40\/100 brn|[from] drain|[of] p2a: Annihilape\n|faint|p2a: Annihilape\n|\n|-damage|p1a: vol corona|34\/100 brn|[from] brn\n|upkeep\n|\n|t:|1697486513\n|switch|p2a: Thundurus|Thundurus, M|100\/100\n|turn|9\n|\n|t:|1697486533\n|-terastallize|p2a: Thundurus|Flying\n|move|p1a: vol corona|Ice Beam|p2a: Thundurus\n|-supereffective|p2a: Thundurus\n|-damage|p2a: Thundurus|0 fnt\n|faint|p2a: Thundurus\n|\n|-damage|p1a: vol corona|28\/100 brn|[from] brn\n|upkeep\n|-message|Wha1efish forfeited.\n|\n|win|rustygoomba\n","uploadtime":1697486547,"views":21,"p1id":"rustygoomba","p2id":"wha1efish","formatid":"gen9ubers","rating":0,"private":0,"password":""}