{"id":"gen9ubers-1977634789","p1":"bryenw","p2":"chriscanway","format":"[Gen 9] Ubers","log":"|j|\u2606bryenw\n|j|\u2606chriscanway\n|t:|1698433792\n|gametype|singles\n|player|p1|bryenw|1|\n|player|p2|chriscanway|ethan|\n|teamsize|p1|6\n|teamsize|p2|6\n|gen|9\n|tier|[Gen 9] Ubers\n|rule|Sleep Clause Mod: Limit one foe put to sleep\n|rule|Species Clause: Limit one of each Pok\u00e9mon\n|rule|OHKO Clause: OHKO moves are banned\n|rule|Evasion Items Clause: Evasion items are banned\n|rule|Evasion Moves Clause: Evasion moves are banned\n|rule|Endless Battle Clause: Forcing endless battles is banned\n|rule|HP Percentage Mod: HP is shown in percentages\n|clearpoke\n|poke|p1|Heatran, M|\n|poke|p1|Palkia-Origin|\n|poke|p1|Volcarona, F|\n|poke|p1|Dondozo, F|\n|poke|p1|Magearna|\n|poke|p1|Arceus-Grass|\n|poke|p2|Gliscor, M|\n|poke|p2|Cyclizar, F|\n|poke|p2|Chi-Yu|\n|poke|p2|Espathra, M|\n|poke|p2|Ogerpon-Wellspring, F|\n|poke|p2|Zacian-*|\n|teampreview\n|inactive|Battle timer is ON: inactive players will automatically lose when time's up. (requested by bryenw)\n|\n|t:|1698433807\n|start\n|switch|p1a: Magearna|Magearna|100\/100\n|switch|p2a: Gliscor|Gliscor, M|100\/100\n|turn|1\n|inactive|bryenw has 270 seconds left.\n|\n|t:|1698433845\n|switch|p2a: Chi-Yu|Chi-Yu|100\/100\n|-ability|p2a: Chi-Yu|Beads of Ruin\n|switch|p1a: Dondozo|Dondozo, F|100\/100\n|\n|upkeep\n|turn|2\n|\n|t:|1698433854\n|switch|p2a: Ogerpon|Ogerpon-Wellspring, F|100\/100\n|move|p1a: Dondozo|Liquidation|p2a: Ogerpon\n|-immune|p2a: Ogerpon|[from] ability: Water Absorb\n|\n|upkeep\n|turn|3\n|\n|t:|1698433864\n|switch|p1a: Palkia|Palkia-Origin|100\/100\n|-ability|p1a: Palkia|Pressure\n|move|p2a: Ogerpon|Swords Dance|p2a: Ogerpon\n|-boost|p2a: Ogerpon|atk|2\n|\n|upkeep\n|turn|4\n|\n|t:|1698433876\n|move|p2a: Ogerpon|Power Whip|p1a: Palkia|[miss]\n|-miss|p2a: Ogerpon|p1a: Palkia\n|move|p1a: Palkia|Spacial Rend|p2a: Ogerpon|[miss]\n|-miss|p1a: Palkia|p2a: Ogerpon\n|\n|upkeep\n|turn|5\n|\n|t:|1698433888\n|move|p2a: Ogerpon|Power Whip|p1a: Palkia\n|-damage|p1a: Palkia|0 fnt\n|faint|p1a: Palkia\n|\n|upkeep\n|\n|t:|1698433892\n|switch|p1a: Dondozo|Dondozo, F|100\/100\n|turn|6\n|\n|t:|1698433895\n|-terastallize|p1a: Dondozo|Grass\n|move|p2a: Ogerpon|Knock Off|p1a: Dondozo\n|-damage|p1a: Dondozo|83\/100\n|-enditem|p1a: Dondozo|Chesto Berry|[from] move: Knock Off|[of] p2a: Ogerpon\n|move|p1a: Dondozo|Curse|p1a: Dondozo\n|-unboost|p1a: Dondozo|spe|1\n|-boost|p1a: Dondozo|atk|1\n|-boost|p1a: Dondozo|def|1\n|\n|upkeep\n|turn|7\n|\n|t:|1698433925\n|switch|p2a: Cyclizar|Cyclizar, F|100\/100\n|move|p1a: Dondozo|Body Press|p2a: Cyclizar\n|-supereffective|p2a: Cyclizar\n|-damage|p2a: Cyclizar|0 fnt\n|faint|p2a: Cyclizar\n|\n|upkeep\n|\n|t:|1698433931\n|switch|p2a: Gliscor|Gliscor, M|100\/100\n|turn|8\n|\n|t:|1698433942\n|-terastallize|p2a: Gliscor|Water\n|move|p2a: Gliscor|Toxic|p1a: Dondozo\n|-status|p1a: Dondozo|tox\n|move|p1a: Dondozo|Liquidation|p2a: Gliscor\n|-resisted|p2a: Gliscor\n|-damage|p2a: Gliscor|86\/100\n|\n|-damage|p1a: Dondozo|77\/100 tox|[from] psn\n|-status|p2a: Gliscor|tox|[from] item: Toxic Orb\n|upkeep\n|turn|9\n|\n|t:|1698433959\n|move|p2a: Gliscor|Spikes|p1a: Dondozo\n|-sidestart|p1: bryenw|Spikes\n|move|p1a: Dondozo|Curse|p1a: Dondozo\n|-unboost|p1a: Dondozo|spe|1\n|-boost|p1a: Dondozo|atk|1\n|-boost|p1a: Dondozo|def|1\n|\n|-heal|p2a: Gliscor|99\/100 tox|[from] ability: Poison Heal\n|-damage|p1a: Dondozo|65\/100 tox|[from] psn\n|upkeep\n|turn|10\n|\n|t:|1698433968\n|switch|p1a: Magearna|Magearna|100\/100\n|-damage|p1a: Magearna|88\/100|[from] Spikes\n|move|p2a: Gliscor|Knock Off|p1a: Magearna\n|-resisted|p1a: Magearna\n|-damage|p1a: Magearna|79\/100\n|-enditem|p1a: Magearna|Choice Specs|[from] move: Knock Off|[of] p2a: Gliscor\n|\n|-heal|p2a: Gliscor|100\/100 tox|[from] ability: Poison Heal\n|upkeep\n|turn|11\n|\n|t:|1698433992\n|switch|p2a: Chi-Yu|Chi-Yu|100\/100\n|-ability|p2a: Chi-Yu|Beads of Ruin\n|move|p1a: Magearna|Volt Switch|p2a: Chi-Yu\n|-damage|p2a: Chi-Yu|72\/100\n|\n|t:|1698434000\n|switch|p1a: Heatran|Heatran, M|100\/100|[from] Volt Switch\n|-damage|p1a: Heatran|88\/100|[from] Spikes\n|\n|-heal|p1a: Heatran|94\/100|[from] item: Leftovers\n|upkeep\n|turn|12\n|\n|t:|1698434007\n|move|p2a: Chi-Yu|Dark Pulse|p1a: Heatran\n|-damage|p1a: Heatran|53\/100\n|move|p1a: Heatran|Earth Power|p2a: Chi-Yu\n|-supereffective|p2a: Chi-Yu\n|-damage|p2a: Chi-Yu|15\/100\n|\n|-heal|p1a: Heatran|59\/100|[from] item: Leftovers\n|upkeep\n|turn|13\n|\n|t:|1698434022\n|switch|p2a: Ogerpon|Ogerpon-Wellspring, F|100\/100\n|move|p1a: Heatran|Earth Power|p2a: Ogerpon\n|-resisted|p2a: Ogerpon\n|-damage|p2a: Ogerpon|85\/100\n|\n|-heal|p1a: Heatran|66\/100|[from] item: Leftovers\n|upkeep\n|turn|14\n|\n|t:|1698434036\n|move|p2a: Ogerpon|Ivy Cudgel|p1a: Heatran\n|-supereffective|p1a: Heatran\n|-damage|p1a: Heatran|0 fnt\n|faint|p1a: Heatran\n|\n|upkeep\n|\n|t:|1698434040\n|switch|p1a: Dondozo|Dondozo, F, tera:Grass|65\/100 tox\n|-damage|p1a: Dondozo|52\/100 tox|[from] Spikes\n|turn|15\n|inactive|chriscanway has 270 seconds left.\n|\n|t:|1698434072\n|move|p2a: Ogerpon|Knock Off|p1a: Dondozo\n|-damage|p1a: Dondozo|42\/100 tox\n|move|p1a: Dondozo|Body Press|p2a: Ogerpon\n|-damage|p2a: Ogerpon|46\/100\n|\n|-damage|p1a: Dondozo|36\/100 tox|[from] psn\n|upkeep\n|turn|16\n|\n|t:|1698434077\n|switch|p2a: Gliscor|Gliscor, M, tera:Water|100\/100 tox\n|move|p1a: Dondozo|Rest|p1a: Dondozo\n|-status|p1a: Dondozo|slp|[from] move: Rest\n|-heal|p1a: Dondozo|100\/100 slp|[silent]\n|\n|upkeep\n|turn|17\n|inactive|chriscanway has 270 seconds left.\n|\n|t:|1698434122\n|switch|p2a: Zacian|Zacian|100\/100\n|-ability|p2a: Zacian|Intrepid Sword|boost\n|-boost|p2a: Zacian|atk|1\n|switch|p1a: Magearna|Magearna|79\/100\n|-damage|p1a: Magearna|67\/100|[from] Spikes\n|\n|upkeep\n|turn|18\n|inactive|chriscanway has 240 seconds left.\n|\n|t:|1698434154\n|move|p2a: Zacian|Close Combat|p1a: Magearna\n|-damage|p1a: Magearna|18\/100\n|-unboost|p2a: Zacian|def|1\n|-unboost|p2a: Zacian|spd|1\n|move|p1a: Magearna|Fleur Cannon|p2a: Zacian\n|-damage|p2a: Zacian|0 fnt\n|-unboost|p1a: Magearna|spa|2\n|faint|p2a: Zacian\n|-ability|p1a: Magearna|Soul-Heart|boost\n|-boost|p1a: Magearna|spa|1\n|\n|upkeep\n|\n|t:|1698434160\n|switch|p2a: Chi-Yu|Chi-Yu|15\/100\n|-ability|p2a: Chi-Yu|Beads of Ruin\n|turn|19\n|\n|t:|1698434175\n|move|p2a: Chi-Yu|Flamethrower|p1a: Magearna\n|-supereffective|p1a: Magearna\n|-damage|p1a: Magearna|0 fnt\n|faint|p1a: Magearna\n|\n|upkeep\n|\n|t:|1698434181\n|switch|p1a: Volcarona|Volcarona, F|100\/100\n|-damage|p1a: Volcarona|88\/100|[from] Spikes\n|turn|20\n|\n|t:|1698434200\n|switch|p2a: Gliscor|Gliscor, M, tera:Water|100\/100 tox\n|move|p1a: Volcarona|Quiver Dance|p1a: Volcarona\n|-boost|p1a: Volcarona|spa|1\n|-boost|p1a: Volcarona|spd|1\n|-boost|p1a: Volcarona|spe|1\n|\n|upkeep\n|turn|21\n|\n|t:|1698434203\n|move|p1a: Volcarona|Giga Drain|p2a: Gliscor\n|-supereffective|p2a: Gliscor\n|-damage|p2a: Gliscor|12\/100 tox\n|-heal|p1a: Volcarona|100\/100|[from] drain|[of] p2a: Gliscor\n|move|p2a: Gliscor|Toxic|p1a: Volcarona\n|-status|p1a: Volcarona|tox\n|\n|-damage|p1a: Volcarona|94\/100 tox|[from] psn\n|-heal|p2a: Gliscor|25\/100 tox|[from] ability: Poison Heal\n|upkeep\n|turn|22\n|inactive|chriscanway has 240 seconds left.\n|\n|t:|1698434221\n|move|p1a: Volcarona|Giga Drain|p2a: Gliscor\n|-supereffective|p2a: Gliscor\n|-damage|p2a: Gliscor|0 fnt\n|-heal|p1a: Volcarona|100\/100 tox|[from] drain|[of] p2a: Gliscor\n|faint|p2a: Gliscor\n|\n|-damage|p1a: Volcarona|88\/100 tox|[from] psn\n|upkeep\n|\n|t:|1698434224\n|switch|p2a: Espathra|Espathra, M|100\/100\n|turn|23\n|inactive|chriscanway has 240 seconds left.\n|\n|t:|1698434234\n|move|p2a: Espathra|Protect|p2a: Espathra\n|-singleturn|p2a: Espathra|Protect\n|move|p1a: Volcarona|Quiver Dance|p1a: Volcarona\n|-boost|p1a: Volcarona|spa|1\n|-boost|p1a: Volcarona|spd|1\n|-boost|p1a: Volcarona|spe|1\n|\n|-damage|p1a: Volcarona|70\/100 tox|[from] psn\n|-ability|p2a: Espathra|Speed Boost|boost\n|-boost|p2a: Espathra|spe|1\n|upkeep\n|turn|24\n|\n|t:|1698434236\n|move|p1a: Volcarona|Fiery Dance|p2a: Espathra\n|-enditem|p2a: Espathra|Focus Sash\n|-damage|p2a: Espathra|1\/100\n|-boost|p1a: Volcarona|spa|1\n|move|p2a: Espathra|Calm Mind|p2a: Espathra\n|-boost|p2a: Espathra|spa|1\n|-boost|p2a: Espathra|spd|1\n|\n|-damage|p1a: Volcarona|45\/100 tox|[from] psn\n|-ability|p2a: Espathra|Speed Boost|boost\n|-boost|p2a: Espathra|spe|1\n|upkeep\n|turn|25\n|inactive|chriscanway has 240 seconds left.\n|\n|t:|1698434259\n|move|p2a: Espathra|Protect|p2a: Espathra\n|-singleturn|p2a: Espathra|Protect\n|move|p1a: Volcarona|Giga Drain|p2a: Espathra\n|-activate|p2a: Espathra|move: Protect\n|\n|-damage|p1a: Volcarona|14\/100 tox|[from] psn\n|-ability|p2a: Espathra|Speed Boost|boost\n|-boost|p2a: Espathra|spe|1\n|upkeep\n|turn|26\n|inactive|chriscanway has 240 seconds left.\n|\n|t:|1698434272\n|move|p2a: Espathra|Stored Power|p1a: Volcarona\n|-damage|p1a: Volcarona|0 fnt\n|faint|p1a: Volcarona\n|\n|-ability|p2a: Espathra|Speed Boost|boost\n|-boost|p2a: Espathra|spe|1\n|upkeep\n|\n|t:|1698434275\n|switch|p1a: Arceus|Arceus-Grass|100\/100\n|-damage|p1a: Arceus|88\/100|[from] Spikes\n|turn|27\n|\n|t:|1698434286\n|move|p2a: Espathra|Stored Power|p1a: Arceus\n|-damage|p1a: Arceus|40\/100\n|move|p1a: Arceus|Judgment|p2a: Espathra\n|-damage|p2a: Espathra|0 fnt\n|faint|p2a: Espathra\n|\n|upkeep\n|inactive|chriscanway has 240 seconds left.\n|\n|t:|1698434296\n|switch|p2a: Chi-Yu|Chi-Yu|15\/100\n|-ability|p2a: Chi-Yu|Beads of Ruin\n|turn|28\n|\n|t:|1698434304\n|move|p2a: Chi-Yu|Flamethrower|p1a: Arceus\n|-supereffective|p1a: Arceus\n|-damage|p1a: Arceus|0 fnt\n|faint|p1a: Arceus\n|\n|upkeep\n|\n|t:|1698434307\n|switch|p1a: Dondozo|Dondozo, F, tera:Grass|100\/100 slp\n|-damage|p1a: Dondozo|88\/100 slp|[from] Spikes\n|turn|29\n|\n|t:|1698434310\n|move|p2a: Chi-Yu|Flamethrower|p1a: Dondozo\n|-supereffective|p1a: Dondozo\n|-damage|p1a: Dondozo|0 fnt\n|faint|p1a: Dondozo\n|\n|win|chriscanway\n|c|\u2606bryenw|gg\n|c|\u2606chriscanway|gg\n","uploadtime":1698434327,"views":20,"p1id":"bryenw","p2id":"chriscanway","formatid":"gen9ubers","rating":0,"private":0,"password":""}