{"id":"gen9ubers-1982274237","p1":"BlackAceX19","p2":"redisdead98","format":"[Gen 9] Ubers","log":"|j|\u2606BlackAceX19\n|j|\u2606redisdead98\n|t:|1698988087\n|gametype|singles\n|player|p1|BlackAceX19|wally-masters|\n|player|p2|redisdead98|102|\n|teamsize|p1|6\n|teamsize|p2|6\n|gen|9\n|tier|[Gen 9] Ubers\n|rule|Sleep Clause Mod: Limit one foe put to sleep\n|rule|Species Clause: Limit one of each Pok\u00e9mon\n|rule|OHKO Clause: OHKO moves are banned\n|rule|Evasion Items Clause: Evasion items are banned\n|rule|Evasion Moves Clause: Evasion moves are banned\n|rule|Endless Battle Clause: Forcing endless battles is banned\n|rule|HP Percentage Mod: HP is shown in percentages\n|clearpoke\n|poke|p1|Ninetales-Alola, M|\n|poke|p1|Iron Bundle|\n|poke|p1|Kommo-o, M|\n|poke|p1|Infernape, M|\n|poke|p1|Garganacl, F|\n|poke|p1|Iron Treads|\n|poke|p2|Dachsbun, F|\n|poke|p2|Houndoom, F|\n|poke|p2|Salamence, F|\n|poke|p2|Brambleghast, F|\n|poke|p2|Arcanine, M|\n|poke|p2|Jolteon, F|\n|teampreview\n|\n|t:|1698988104\n|start\n|switch|p1a: Infernape|Infernape, M|100\/100\n|switch|p2a: Jolteon|Jolteon, F|100\/100\n|turn|1\n|\n|t:|1698988114\n|move|p2a: Jolteon|Volt Switch|p1a: Infernape\n|-damage|p1a: Infernape|52\/100\n|\n|t:|1698988137\n|switch|p2a: Arcanine|Arcanine, M|100\/100|[from] Volt Switch\n|-ability|p2a: Arcanine|Intimidate|boost\n|-unboost|p1a: Infernape|atk|1\n|move|p1a: Infernape|Taunt|p2a: Arcanine\n|-start|p2a: Arcanine|move: Taunt\n|\n|upkeep\n|turn|2\n|\n|t:|1698988149\n|move|p1a: Infernape|Stealth Rock|p2a: Arcanine\n|-sidestart|p2: redisdead98|move: Stealth Rock\n|move|p2a: Arcanine|Play Rough|p1a: Infernape\n|-damage|p1a: Infernape|7\/100\n|\n|upkeep\n|turn|3\n|\n|t:|1698988161\n|move|p1a: Infernape|Knock Off|p2a: Arcanine\n|-damage|p2a: Arcanine|78\/100\n|-enditem|p2a: Arcanine|Normal Gem|[from] move: Knock Off|[of] p1a: Infernape\n|move|p2a: Arcanine|Play Rough|p1a: Infernape\n|-damage|p1a: Infernape|0 fnt\n|faint|p1a: Infernape\n|\n|-end|p2a: Arcanine|move: Taunt\n|upkeep\n|\n|t:|1698988167\n|switch|p1a: Garganacl|Garganacl, F|100\/100\n|turn|4\n|\n|t:|1698988189\n|switch|p2a: Dachsbun|Dachsbun, F|100\/100\n|-damage|p2a: Dachsbun|88\/100|[from] Stealth Rock\n|move|p1a: Garganacl|Curse|p1a: Garganacl\n|-unboost|p1a: Garganacl|spe|1\n|-boost|p1a: Garganacl|atk|1\n|-boost|p1a: Garganacl|def|1\n|\n|-heal|p2a: Dachsbun|94\/100|[from] item: Leftovers\n|upkeep\n|turn|5\n|\n|t:|1698988203\n|move|p2a: Dachsbun|Yawn|p1a: Garganacl\n|-immune|p1a: Garganacl|[from] ability: Purifying Salt\n|move|p1a: Garganacl|Salt Cure|p2a: Dachsbun\n|-damage|p2a: Dachsbun|76\/100\n|-start|p2a: Dachsbun|Salt Cure\n|\n|-heal|p2a: Dachsbun|82\/100|[from] item: Leftovers\n|-damage|p2a: Dachsbun|70\/100|[from] Salt Cure\n|upkeep\n|turn|6\n|\n|t:|1698988221\n|move|p2a: Dachsbun|Crunch|p1a: Garganacl\n|-damage|p1a: Garganacl|93\/100\n|-unboost|p1a: Garganacl|def|1\n|move|p1a: Garganacl|Curse|p1a: Garganacl\n|-unboost|p1a: Garganacl|spe|1\n|-boost|p1a: Garganacl|atk|1\n|-boost|p1a: Garganacl|def|1\n|\n|-heal|p2a: Dachsbun|76\/100|[from] item: Leftovers\n|-heal|p1a: Garganacl|99\/100|[from] item: Leftovers\n|-damage|p2a: Dachsbun|63\/100|[from] Salt Cure\n|upkeep\n|turn|7\n|\n|t:|1698988253\n|move|p2a: Dachsbun|Wish|p2a: Dachsbun\n|move|p1a: Garganacl|Curse|p1a: Garganacl\n|-unboost|p1a: Garganacl|spe|1\n|-boost|p1a: Garganacl|atk|1\n|-boost|p1a: Garganacl|def|1\n|\n|-heal|p2a: Dachsbun|69\/100|[from] item: Leftovers\n|-heal|p1a: Garganacl|100\/100|[from] item: Leftovers\n|-damage|p2a: Dachsbun|57\/100|[from] Salt Cure\n|upkeep\n|turn|8\n|\n|t:|1698988270\n|switch|p2a: Houndoom|Houndoom, F|100\/100\n|-damage|p2a: Houndoom|76\/100|[from] Stealth Rock\n|move|p1a: Garganacl|Curse|p1a: Garganacl\n|-unboost|p1a: Garganacl|spe|1\n|-boost|p1a: Garganacl|atk|1\n|-boost|p1a: Garganacl|def|1\n|\n|-heal|p2a: Houndoom|100\/100|[from] move: Wish|[wisher] Dachsbun\n|upkeep\n|turn|9\n|\n|t:|1698988286\n|move|p2a: Houndoom|Nasty Plot|p2a: Houndoom\n|-boost|p2a: Houndoom|spa|2\n|move|p1a: Garganacl|Body Press|p2a: Houndoom\n|-supereffective|p2a: Houndoom\n|-enditem|p2a: Houndoom|Focus Sash\n|-damage|p2a: Houndoom|1\/100\n|\n|upkeep\n|turn|10\n|\n|t:|1698988312\n|move|p2a: Houndoom|Dark Pulse|p1a: Garganacl\n|-damage|p1a: Garganacl|35\/100\n|move|p1a: Garganacl|Salt Cure|p2a: Houndoom\n|-supereffective|p2a: Houndoom\n|-damage|p2a: Houndoom|0 fnt\n|faint|p2a: Houndoom\n|\n|-heal|p1a: Garganacl|41\/100|[from] item: Leftovers\n|upkeep\n|\n|t:|1698988328\n|switch|p2a: Jolteon|Jolteon, F|100\/100\n|-damage|p2a: Jolteon|88\/100|[from] Stealth Rock\n|turn|11\n|\n|t:|1698988338\n|-terastallize|p2a: Jolteon|Ice\n|move|p2a: Jolteon|Tera Blast|p1a: Garganacl|[anim] Tera Blast Ice\n|-damage|p1a: Garganacl|5\/100\n|move|p1a: Garganacl|Body Press|p2a: Jolteon\n|-supereffective|p2a: Jolteon\n|-damage|p2a: Jolteon|0 fnt\n|faint|p2a: Jolteon\n|\n|-heal|p1a: Garganacl|11\/100|[from] item: Leftovers\n|upkeep\n|\n|t:|1698988351\n|switch|p2a: Salamence|Salamence, F|100\/100\n|-damage|p2a: Salamence|76\/100|[from] Stealth Rock\n|turn|12\n|\n|t:|1698988360\n|move|p2a: Salamence|Earthquake|p1a: Garganacl\n|-supereffective|p1a: Garganacl\n|-damage|p1a: Garganacl|0 fnt\n|faint|p1a: Garganacl\n|-ability|p2a: Salamence|Moxie|boost\n|-boost|p2a: Salamence|atk|1\n|\n|upkeep\n|\n|t:|1698988363\n|switch|p1a: Ninetales|Ninetales-Alola, M|100\/100\n|-weather|Snow|[from] ability: Snow Warning|[of] p1a: Ninetales\n|turn|13\n|\n|t:|1698988372\n|move|p1a: Ninetales|Aurora Veil|p1a: Ninetales\n|-sidestart|p1: BlackAceX19|move: Aurora Veil\n|move|p2a: Salamence|Tailwind|p2a: Salamence\n|-sidestart|p2: redisdead98|move: Tailwind\n|\n|-weather|Snow|[upkeep]\n|upkeep\n|turn|14\n|\n|t:|1698988383\n|move|p2a: Salamence|Stone Edge|p1a: Ninetales\n|-supereffective|p1a: Ninetales\n|-damage|p1a: Ninetales|42\/100\n|move|p1a: Ninetales|Encore|p2a: Salamence\n|-start|p2a: Salamence|Encore\n|\n|-weather|Snow|[upkeep]\n|upkeep\n|turn|15\n|\n|t:|1698988393\n|move|p2a: Salamence|Stone Edge|p1a: Ninetales\n|-supereffective|p1a: Ninetales\n|-damage|p1a: Ninetales|0 fnt\n|faint|p1a: Ninetales\n|-ability|p2a: Salamence|Moxie|boost\n|-boost|p2a: Salamence|atk|1\n|\n|-weather|Snow|[upkeep]\n|upkeep\n|\n|t:|1698988395\n|switch|p1a: Kommo-o|Kommo-o, M|100\/100\n|turn|16\n|\n|t:|1698988405\n|move|p2a: Salamence|Stone Edge|p1a: Kommo-o|[miss]\n|-miss|p2a: Salamence|p1a: Kommo-o\n|move|p1a: Kommo-o|Clangorous Soul|p1a: Kommo-o\n|-boost|p1a: Kommo-o|atk|1\n|-boost|p1a: Kommo-o|def|1\n|-boost|p1a: Kommo-o|spa|1\n|-boost|p1a: Kommo-o|spd|1\n|-boost|p1a: Kommo-o|spe|1\n|-damage|p1a: Kommo-o|68\/100\n|-enditem|p1a: Kommo-o|Throat Spray\n|-boost|p1a: Kommo-o|spa|1|[from] item: Throat Spray\n|\n|-weather|Snow|[upkeep]\n|-sideend|p2: redisdead98|move: Tailwind\n|upkeep\n|turn|17\n|\n|t:|1698988421\n|switch|p2a: Dachsbun|Dachsbun, F|57\/100\n|-damage|p2a: Dachsbun|45\/100|[from] Stealth Rock\n|move|p1a: Kommo-o|Clanging Scales|p2a: Dachsbun\n|-immune|p2a: Dachsbun\n|\n|-weather|none\n|-heal|p2a: Dachsbun|51\/100|[from] item: Leftovers\n|upkeep\n|turn|18\n|\n|t:|1698988432\n|move|p1a: Kommo-o|Hyper Voice|p2a: Dachsbun\n|-damage|p2a: Dachsbun|0 fnt\n|faint|p2a: Dachsbun\n|\n|upkeep\n|\n|t:|1698988437\n|switch|p2a: Salamence|Salamence, F|76\/100\n|-damage|p2a: Salamence|51\/100|[from] Stealth Rock\n|turn|19\n|\n|t:|1698988447\n|move|p1a: Kommo-o|Clanging Scales|p2a: Salamence\n|-supereffective|p2a: Salamence\n|-damage|p2a: Salamence|0 fnt\n|faint|p2a: Salamence\n|-unboost|p1a: Kommo-o|def|1\n|\n|upkeep\n|\n|t:|1698988460\n|switch|p2a: Arcanine|Arcanine, M|78\/100\n|-damage|p2a: Arcanine|53\/100|[from] Stealth Rock\n|-ability|p2a: Arcanine|Intimidate|boost\n|-unboost|p1a: Kommo-o|atk|1\n|turn|20\n|\n|t:|1698988474\n|move|p2a: Arcanine|Extreme Speed|p1a: Kommo-o\n|-damage|p1a: Kommo-o|55\/100\n|move|p1a: Kommo-o|Clanging Scales|p2a: Arcanine\n|-crit|p2a: Arcanine\n|-damage|p2a: Arcanine|0 fnt\n|faint|p2a: Arcanine\n|-unboost|p1a: Kommo-o|def|1\n|\n|-sideend|p1: BlackAceX19|move: Aurora Veil\n|upkeep\n|\n|t:|1698988485\n|switch|p2a: Brambleghast|Brambleghast, F|100\/100\n|-damage|p2a: Brambleghast|88\/100|[from] Stealth Rock\n|turn|21\n|\n|t:|1698988496\n|-terastallize|p1a: Kommo-o|Normal\n|move|p1a: Kommo-o|Clanging Scales|p2a: Brambleghast\n|-damage|p2a: Brambleghast|0 fnt\n|faint|p2a: Brambleghast\n|\n|win|BlackAceX19\n","uploadtime":1698988502,"views":33,"p1id":"blackacex19","p2id":"redisdead98","formatid":"gen9ubers","rating":0,"private":0,"password":""}