{"id":"gen9ubers-1974559852","p1":"sdfwere","p2":"BlisseyHasSpecsKEK","format":"[Gen 9] Ubers","log":"|j|\u2606sdfwere\n|j|\u2606BlisseyHasSpecsKEK\n|t:|1698097350\n|gametype|singles\n|player|p1|sdfwere|2|\n|player|p2|BlisseyHasSpecsKEK|1|\n|teamsize|p1|6\n|teamsize|p2|6\n|gen|9\n|tier|[Gen 9] Ubers\n|rule|Sleep Clause Mod: Limit one foe put to sleep\n|rule|Species Clause: Limit one of each Pok\u00e9mon\n|rule|OHKO Clause: OHKO moves are banned\n|rule|Evasion Items Clause: Evasion items are banned\n|rule|Evasion Moves Clause: Evasion moves are banned\n|rule|Endless Battle Clause: Forcing endless battles is banned\n|rule|HP Percentage Mod: HP is shown in percentages\n|clearpoke\n|poke|p1|Calyrex|\n|poke|p1|Rillaboom, F|\n|poke|p1|Shaymin-Sky|\n|poke|p1|Ursaluna-Bloodmoon, M|\n|poke|p1|Volcarona, M|\n|poke|p1|Palkia-Origin|\n|poke|p2|Magearna|\n|poke|p2|Ursaluna-Bloodmoon, M|\n|poke|p2|Cresselia, F|\n|poke|p2|Magnezone|\n|poke|p2|Shaymin-Sky|\n|poke|p2|Hatterene, F|\n|teampreview\n|inactive|Battle timer is ON: inactive players will automatically lose when time's up. (requested by BlisseyHasSpecsKEK)\n|\n|t:|1698097362\n|start\n|switch|p1a: Rillaboom|Rillaboom, F|100\/100\n|switch|p2a: Shaymin|Shaymin-Sky|100\/100\n|-fieldstart|move: Grassy Terrain|[from] ability: Grassy Surge|[of] p1a: Rillaboom\n|turn|1\n|\n|t:|1698097375\n|switch|p1a: Ursaluna|Ursaluna-Bloodmoon, M|100\/100\n|-enditem|p1a: Ursaluna|Grassy Seed\n|-boost|p1a: Ursaluna|def|1|[from] item: Grassy Seed\n|move|p2a: Shaymin|Air Slash|p1a: Ursaluna\n|-damage|p1a: Ursaluna|50\/100\n|-damage|p2a: Shaymin|91\/100|[from] item: Life Orb\n|\n|-heal|p1a: Ursaluna|56\/100|[from] Grassy Terrain\n|upkeep\n|turn|2\n|\n|t:|1698097382\n|move|p2a: Shaymin|Seed Flare|p1a: Ursaluna\n|-supereffective|p1a: Ursaluna\n|-damage|p1a: Ursaluna|0 fnt\n|faint|p1a: Ursaluna\n|-damage|p2a: Shaymin|81\/100|[from] item: Life Orb\n|\n|upkeep\n|\n|t:|1698097387\n|switch|p1a: Shaymin|Shaymin-Sky|100\/100\n|turn|3\n|\n|t:|1698097390\n|move|p2a: Shaymin|Air Slash|p1a: Shaymin|[miss]\n|-miss|p2a: Shaymin|p1a: Shaymin\n|move|p1a: Shaymin|Air Slash|p2a: Shaymin\n|-supereffective|p2a: Shaymin\n|-damage|p2a: Shaymin|0 fnt\n|faint|p2a: Shaymin\n|\n|upkeep\n|\n|t:|1698097397\n|switch|p2a: Magearna|Magearna|100\/100\n|turn|4\n|\n|t:|1698097401\n|move|p1a: Shaymin|Substitute|p1a: Shaymin\n|-start|p1a: Shaymin|Substitute\n|-damage|p1a: Shaymin|76\/100\n|move|p2a: Magearna|Ice Beam|p1a: Shaymin\n|-supereffective|p1a: Shaymin\n|-end|p1a: Shaymin|Substitute\n|\n|-heal|p1a: Shaymin|82\/100|[from] item: Leftovers\n|upkeep\n|turn|5\n|\n|t:|1698097406\n|switch|p1a: Volcarona|Volcarona, M|100\/100\n|move|p2a: Magearna|Ice Beam|p1a: Volcarona\n|-resisted|p1a: Volcarona\n|-damage|p1a: Volcarona|83\/100\n|\n|-heal|p1a: Volcarona|89\/100|[from] Grassy Terrain\n|-heal|p1a: Volcarona|95\/100|[from] item: Leftovers\n|upkeep\n|turn|6\n|\n|t:|1698097413\n|move|p1a: Volcarona|Quiver Dance|p1a: Volcarona\n|-boost|p1a: Volcarona|spa|1\n|-boost|p1a: Volcarona|spd|1\n|-boost|p1a: Volcarona|spe|1\n|move|p2a: Magearna|Trick Room|p2a: Magearna\n|-fieldstart|move: Trick Room|[of] p2a: Magearna\n|\n|-heal|p1a: Volcarona|100\/100|[from] Grassy Terrain\n|upkeep\n|turn|7\n|\n|t:|1698097419\n|move|p2a: Magearna|Volt Switch|p1a: Volcarona\n|-damage|p1a: Volcarona|82\/100\n|\n|t:|1698097424\n|switch|p2a: Ursaluna|Ursaluna-Bloodmoon, M|100\/100|[from] Volt Switch\n|move|p1a: Volcarona|Substitute|p1a: Volcarona\n|-start|p1a: Volcarona|Substitute\n|-damage|p1a: Volcarona|58\/100\n|\n|-heal|p1a: Volcarona|64\/100|[from] Grassy Terrain\n|-heal|p1a: Volcarona|70\/100|[from] item: Leftovers\n|upkeep\n|turn|8\n|\n|t:|1698097434\n|move|p2a: Ursaluna|Earth Power|p1a: Volcarona\n|-end|p1a: Volcarona|Substitute\n|move|p1a: Volcarona|Substitute|p1a: Volcarona\n|-start|p1a: Volcarona|Substitute\n|-damage|p1a: Volcarona|45\/100\n|\n|-heal|p1a: Volcarona|51\/100|[from] Grassy Terrain\n|-heal|p1a: Volcarona|57\/100|[from] item: Leftovers\n|-fieldend|move: Grassy Terrain\n|upkeep\n|turn|9\n|\n|t:|1698097438\n|move|p2a: Ursaluna|Earth Power|p1a: Volcarona\n|-end|p1a: Volcarona|Substitute\n|move|p1a: Volcarona|Substitute|p1a: Volcarona\n|-start|p1a: Volcarona|Substitute\n|-damage|p1a: Volcarona|33\/100\n|\n|-heal|p1a: Volcarona|39\/100|[from] item: Leftovers\n|upkeep\n|turn|10\n|\n|t:|1698097445\n|move|p2a: Ursaluna|Earth Power|p1a: Volcarona\n|-end|p1a: Volcarona|Substitute\n|move|p1a: Volcarona|Giga Drain|p2a: Ursaluna\n|-supereffective|p2a: Ursaluna\n|-damage|p2a: Ursaluna|9\/100\n|-heal|p1a: Volcarona|100\/100|[from] drain|[of] p2a: Ursaluna\n|\n|-heal|p2a: Ursaluna|15\/100|[from] item: Leftovers\n|-fieldend|move: Trick Room\n|upkeep\n|turn|11\n|\n|t:|1698097451\n|move|p1a: Volcarona|Fiery Dance|p2a: Ursaluna\n|-damage|p2a: Ursaluna|0 fnt\n|faint|p2a: Ursaluna\n|\n|upkeep\n|-message|BlisseyHasSpecsKEK forfeited.\n|\n|win|sdfwere\n|l|\u2606BlisseyHasSpecsKEK\n","uploadtime":1698097462,"views":11,"p1id":"sdfwere","p2id":"blisseyhasspecskek","formatid":"gen9ubers","rating":0,"private":0,"password":""}