{"id":"gen9ubers-1975439844","p1":"RAIGEKI_39","p2":"Half A Second","format":"[Gen 9] Ubers","log":"|j|\u2606RAIGEKI_39\n|j|\u2606Half A Second\n|t:|1698191503\n|gametype|singles\n|player|p1|RAIGEKI_39|riley|\n|player|p2|Half A Second|lucas-gen4pt|\n|teamsize|p1|6\n|teamsize|p2|6\n|gen|9\n|tier|[Gen 9] Ubers\n|rule|Sleep Clause Mod: Limit one foe put to sleep\n|rule|Species Clause: Limit one of each Pok\u00e9mon\n|rule|OHKO Clause: OHKO moves are banned\n|rule|Evasion Items Clause: Evasion items are banned\n|rule|Evasion Moves Clause: Evasion moves are banned\n|rule|Endless Battle Clause: Forcing endless battles is banned\n|rule|HP Percentage Mod: HP is shown in percentages\n|clearpoke\n|poke|p1|Ditto|\n|poke|p1|Kingambit, M|\n|poke|p1|Quagsire, M|\n|poke|p1|Frosmoth, M|\n|poke|p1|Brute Bonnet|\n|poke|p1|Clefable, M|\n|poke|p2|Annihilape, F|\n|poke|p2|Dragapult, F|\n|poke|p2|Muk-Alola, M|\n|poke|p2|Empoleon, M|\n|poke|p2|Dachsbun, M|\n|poke|p2|Skuntank, F|\n|teampreview\n|\n|t:|1698191517\n|start\n|switch|p1a: Brute Bennett|Brute Bonnet, shiny|100\/100\n|switch|p2a: DA BOI|Skuntank, F|100\/100\n|turn|1\n|\n|t:|1698191550\n|move|p2a: DA BOI|Toxic Spikes|p1a: Brute Bennett\n|-sidestart|p1: RAIGEKI_39|move: Toxic Spikes\n|move|p1a: Brute Bennett|Spore|p2a: DA BOI\n|-status|p2a: DA BOI|slp|[from] move: Spore\n|\n|upkeep\n|turn|2\n|\n|t:|1698191577\n|cant|p2a: DA BOI|slp\n|move|p1a: Brute Bennett|Stun Spore||[still]\n|-fail|p1a: Brute Bennett\n|\n|upkeep\n|turn|3\n|\n|t:|1698191609\n|-end|p1a: Brute Bennett|Protosynthesis|[silent]\n|switch|p1a: Joe Kingambit|Kingambit, M, shiny|100\/100\n|cant|p2a: DA BOI|slp\n|\n|upkeep\n|turn|4\n|\n|t:|1698191626\n|move|p1a: Joe Kingambit|Swords Dance|p1a: Joe Kingambit\n|-boost|p1a: Joe Kingambit|atk|2\n|-curestatus|p2a: DA BOI|slp|[msg]\n|move|p2a: DA BOI|Roar|p1a: Joe Kingambit\n|-end|p1a: Joe Kingambit|fallenundefined|[silent]\n|drag|p1a: Goowain|Ditto, shiny|100\/100\n|-status|p1a: Goowain|psn\n|-transform|p1a: Goowain|p2a: DA BOI|[from] ability: Imposter\n|\n|-damage|p1a: Goowain|88\/100 psn|[from] psn\n|upkeep\n|turn|5\n|\n|t:|1698191676\n|switch|p1a: John Crafable|Clefable, M, shiny|100\/100\n|-status|p1a: John Crafable|psn\n|move|p2a: DA BOI|Toxic Spikes|p1a: John Crafable\n|-sidestart|p1: RAIGEKI_39|move: Toxic Spikes\n|\n|upkeep\n|turn|6\n|\n|t:|1698191725\n|move|p1a: John Crafable|Protect|p1a: John Crafable\n|-singleturn|p1a: John Crafable|Protect\n|move|p2a: DA BOI|Taunt|p1a: John Crafable\n|-activate|p1a: John Crafable|move: Protect\n|\n|upkeep\n|turn|7\n|\n|t:|1698191737\n|move|p2a: DA BOI|Taunt|p1a: John Crafable\n|-start|p1a: John Crafable|move: Taunt\n|move|p1a: John Crafable|Moonblast|p2a: DA BOI\n|-damage|p2a: DA BOI|62\/100\n|\n|upkeep\n|turn|8\n|\n|t:|1698191780\n|switch|p2a: Staten Island|Muk-Alola, M|100\/100\n|move|p1a: John Crafable|Moonblast|p2a: Staten Island\n|-damage|p2a: Staten Island|74\/100\n|\n|-heal|p2a: Staten Island|80\/100|[from] item: Leftovers\n|upkeep\n|turn|9\n|\n|t:|1698191891\n|switch|p1a: Quamire|Quagsire, M, shiny|100\/100\n|-status|p1a: Quamire|tox\n|move|p2a: Staten Island|Knock Off|p1a: Quamire\n|-damage|p1a: Quamire|68\/100 tox\n|-enditem|p1a: Quamire|Leftovers|[from] move: Knock Off|[of] p2a: Staten Island\n|\n|-heal|p2a: Staten Island|86\/100|[from] item: Leftovers\n|-damage|p1a: Quamire|62\/100 tox|[from] psn\n|upkeep\n|turn|10\n|j| ChineseMitch\n|\n|t:|1698191937\n|switch|p2a: Bigger Bird|Empoleon, M|100\/100\n|move|p1a: Quamire|Spikes|p2a: Bigger Bird\n|-sidestart|p2: Half A Second|Spikes\n|\n|-damage|p1a: Quamire|50\/100 tox|[from] psn\n|upkeep\n|turn|11\n|\n|t:|1698191956\n|switch|p1a: Brute Bennett|Brute Bonnet, shiny|100\/100\n|-status|p1a: Brute Bennett|tox\n|move|p2a: Bigger Bird|Grass Knot|p1a: Brute Bennett\n|-resisted|p1a: Brute Bennett\n|-damage|p1a: Brute Bennett|94\/100 tox\n|\n|-damage|p1a: Brute Bennett|88\/100 tox|[from] psn\n|upkeep\n|turn|12\n|\n|t:|1698192006\n|switch|p2a: DA BOI|Skuntank, F|62\/100\n|-damage|p2a: DA BOI|50\/100|[from] Spikes\n|move|p1a: Brute Bennett|Spore|p2a: DA BOI\n|-status|p2a: DA BOI|slp|[from] move: Spore\n|\n|-damage|p1a: Brute Bennett|76\/100 tox|[from] psn\n|upkeep\n|turn|13\n|\n|t:|1698192029\n|-end|p1a: Brute Bennett|Protosynthesis|[silent]\n|switch|p1a: Frosmitch|Frosmoth, M|100\/100\n|cant|p2a: DA BOI|slp\n|\n|upkeep\n|turn|14\n|\n|t:|1698192061\n|cant|p2a: DA BOI|slp\n|move|p1a: Frosmitch|Quiver Dance|p1a: Frosmitch\n|-boost|p1a: Frosmitch|spa|1\n|-boost|p1a: Frosmitch|spd|1\n|-boost|p1a: Frosmitch|spe|1\n|\n|upkeep\n|turn|15\n|\n|t:|1698192079\n|move|p1a: Frosmitch|Ice Beam|p2a: DA BOI\n|-damage|p2a: DA BOI|0 fnt\n|faint|p2a: DA BOI\n|\n|upkeep\n|\n|t:|1698192129\n|switch|p2a: DoughKnot|Dachsbun, M|100\/100\n|-damage|p2a: DoughKnot|88\/100|[from] Spikes\n|turn|16\n|\n|t:|1698192217\n|move|p1a: Frosmitch|Ice Beam|p2a: DoughKnot\n|-damage|p2a: DoughKnot|13\/100\n|-enditem|p2a: DoughKnot|Sitrus Berry|[eat]\n|-heal|p2a: DoughKnot|37\/100|[from] item: Sitrus Berry\n|move|p2a: DoughKnot|Fire Fang|p1a: Frosmitch\n|-supereffective|p1a: Frosmitch\n|-damage|p1a: Frosmitch|0 fnt\n|faint|p1a: Frosmitch\n|\n|upkeep\n|\n|t:|1698192283\n|switch|p1a: Goowain|Ditto, shiny|88\/100 psn\n|-transform|p1a: Goowain|p2a: DoughKnot|[from] ability: Imposter\n|turn|17\n|\n|t:|1698192317\n|move|p1a: Goowain|Wish|p1a: Goowain\n|move|p2a: DoughKnot|Wish|p2a: DoughKnot\n|\n|-damage|p1a: Goowain|76\/100 psn|[from] psn\n|upkeep\n|turn|18\n|\n|t:|1698192369\n|switch|p1a: Quamire|Quagsire, M, shiny|50\/100 tox\n|move|p2a: DoughKnot|Thunder Fang|p1a: Quamire\n|-immune|p1a: Quamire\n|\n|-heal|p2a: DoughKnot|87\/100|[from] move: Wish|[wisher] DoughKnot\n|-heal|p1a: Quamire|88\/100 tox|[from] move: Wish|[wisher] Goowain\n|-damage|p1a: Quamire|82\/100 tox|[from] psn\n|upkeep\n|turn|19\n|\n|t:|1698192385\n|move|p2a: DoughKnot|Wish|p2a: DoughKnot\n|move|p1a: Quamire|Spikes|p2a: DoughKnot\n|-sidestart|p2: Half A Second|Spikes\n|\n|-damage|p1a: Quamire|70\/100 tox|[from] psn\n|upkeep\n|turn|20\n|\n|t:|1698192405\n|switch|p2a: Bigger Bird|Empoleon, M|100\/100\n|move|p1a: Quamire|Spikes|p2a: Bigger Bird\n|-sidestart|p2: Half A Second|Spikes\n|\n|-damage|p1a: Quamire|52\/100 tox|[from] psn\n|upkeep\n|turn|21\n|\n|t:|1698192418\n|switch|p1a: Brute Bennett|Brute Bonnet, shiny|76\/100 tox\n|move|p2a: Bigger Bird|Vacuum Wave|p1a: Brute Bennett\n|-supereffective|p1a: Brute Bennett\n|-damage|p1a: Brute Bennett|48\/100 tox\n|\n|-damage|p1a: Brute Bennett|42\/100 tox|[from] psn\n|upkeep\n|turn|22\n|\n|t:|1698192470\n|move|p2a: Bigger Bird|Vacuum Wave|p1a: Brute Bennett\n|-supereffective|p1a: Brute Bennett\n|-damage|p1a: Brute Bennett|15\/100 tox\n|move|p1a: Brute Bennett|Spore|p2a: Bigger Bird\n|-status|p2a: Bigger Bird|slp|[from] move: Spore\n|\n|-damage|p1a: Brute Bennett|3\/100 tox|[from] psn\n|upkeep\n|turn|23\n|\n|t:|1698192518\n|-end|p1a: Brute Bennett|Protosynthesis|[silent]\n|switch|p1a: John Crafable|Clefable, M, shiny|100\/100 psn\n|cant|p2a: Bigger Bird|slp\n|\n|upkeep\n|turn|24\n|\n|t:|1698192528\n|-curestatus|p2a: Bigger Bird|slp|[msg]\n|move|p2a: Bigger Bird|Flip Turn|p1a: John Crafable\n|-damage|p1a: John Crafable|88\/100 psn\n|\n|t:|1698192532\n|switch|p2a: Staten Island|Muk-Alola, M|86\/100|[from] Flip Turn\n|-damage|p2a: Staten Island|61\/100|[from] Spikes\n|move|p1a: John Crafable|Thunderbolt|p2a: Staten Island\n|-damage|p2a: Staten Island|45\/100\n|\n|-heal|p1a: John Crafable|94\/100 psn|[from] item: Leftovers\n|-heal|p2a: Staten Island|51\/100|[from] item: Leftovers\n|upkeep\n|turn|25\n|\n|t:|1698192554\n|switch|p1a: Quamire|Quagsire, M, shiny|52\/100 tox\n|move|p2a: Staten Island|Knock Off|p1a: Quamire\n|-damage|p1a: Quamire|31\/100 tox\n|\n|-heal|p2a: Staten Island|58\/100|[from] item: Leftovers\n|-damage|p1a: Quamire|25\/100 tox|[from] psn\n|upkeep\n|turn|26\n|\n|t:|1698192595\n|move|p2a: Staten Island|Protect|p2a: Staten Island\n|-singleturn|p2a: Staten Island|Protect\n|move|p1a: Quamire|Stealth Rock|p2a: Staten Island\n|-sidestart|p2: Half A Second|move: Stealth Rock\n|\n|-heal|p2a: Staten Island|64\/100|[from] item: Leftovers\n|-damage|p1a: Quamire|12\/100 tox|[from] psn\n|upkeep\n|turn|27\n|\n|t:|1698192650\n|move|p2a: Staten Island|Poison Jab|p1a: Quamire\n|-resisted|p1a: Quamire\n|-damage|p1a: Quamire|0 fnt\n|faint|p1a: Quamire\n|\n|-heal|p2a: Staten Island|70\/100|[from] item: Leftovers\n|upkeep\n|\n|t:|1698192680\n|switch|p1a: John Crafable|Clefable, M, shiny|94\/100 psn\n|turn|28\n|\n|t:|1698192697\n|move|p1a: John Crafable|Moonblast|p2a: Staten Island\n|-damage|p2a: Staten Island|42\/100\n|move|p2a: Staten Island|Poison Jab|p1a: John Crafable\n|-supereffective|p1a: John Crafable\n|-damage|p1a: John Crafable|33\/100 psn\n|\n|-heal|p1a: John Crafable|39\/100 psn|[from] item: Leftovers\n|-heal|p2a: Staten Island|48\/100|[from] item: Leftovers\n|upkeep\n|turn|29\n|\n|t:|1698192712\n|move|p1a: John Crafable|Protect|p1a: John Crafable\n|-singleturn|p1a: John Crafable|Protect\n|move|p2a: Staten Island|Poison Jab|p1a: John Crafable\n|-activate|p1a: John Crafable|move: Protect\n|\n|-heal|p1a: John Crafable|45\/100 psn|[from] item: Leftovers\n|-heal|p2a: Staten Island|54\/100|[from] item: Leftovers\n|upkeep\n|turn|30\n|\n|t:|1698192744\n|switch|p1a: Goowain|Ditto, shiny|76\/100 psn\n|-transform|p1a: Goowain|p2a: Staten Island|[from] ability: Imposter\n|move|p2a: Staten Island|Poison Jab|p1a: Goowain\n|-resisted|p1a: Goowain\n|-damage|p1a: Goowain|48\/100 psn\n|\n|-heal|p2a: Staten Island|60\/100|[from] item: Leftovers\n|-damage|p1a: Goowain|35\/100 psn|[from] psn\n|upkeep\n|turn|31\n|\n|t:|1698192790\n|move|p2a: Staten Island|Protect|p2a: Staten Island\n|-singleturn|p2a: Staten Island|Protect\n|move|p1a: Goowain|Knock Off|p2a: Staten Island\n|-activate|p2a: Staten Island|move: Protect\n|\n|-heal|p2a: Staten Island|66\/100|[from] item: Leftovers\n|-damage|p1a: Goowain|23\/100 psn|[from] psn\n|upkeep\n|turn|32\n|\n|t:|1698192887\n|move|p1a: Goowain|Knock Off|p2a: Staten Island\n|-resisted|p2a: Staten Island\n|-damage|p2a: Staten Island|42\/100\n|-enditem|p2a: Staten Island|Leftovers|[from] move: Knock Off|[of] p1a: Goowain\n|move|p2a: Staten Island|Knock Off|p1a: Goowain\n|-resisted|p1a: Goowain\n|-damage|p1a: Goowain|0 fnt\n|-enditem|p1a: Goowain|Choice Scarf|[from] move: Knock Off|[of] p2a: Staten Island\n|faint|p1a: Goowain\n|\n|upkeep\n|\n|t:|1698192950\n|switch|p1a: Brute Bennett|Brute Bonnet, shiny|3\/100 tox\n|turn|33\n|\n|t:|1698192976\n|-end|p1a: Brute Bennett|Protosynthesis|[silent]\n|switch|p1a: John Crafable|Clefable, M, shiny|45\/100 psn\n|move|p2a: Staten Island|Shadow Sneak|p1a: John Crafable\n|-crit|p1a: John Crafable\n|-damage|p1a: John Crafable|29\/100 psn\n|\n|-heal|p1a: John Crafable|36\/100 psn|[from] item: Leftovers\n|upkeep\n|turn|34\n|\n|t:|1698192991\n|move|p1a: John Crafable|Protect|p1a: John Crafable\n|-singleturn|p1a: John Crafable|Protect\n|move|p2a: Staten Island|Poison Jab|p1a: John Crafable\n|-activate|p1a: John Crafable|move: Protect\n|\n|-heal|p1a: John Crafable|42\/100 psn|[from] item: Leftovers\n|upkeep\n|turn|35\n|\n|t:|1698193004\n|move|p1a: John Crafable|Moonblast|p2a: Staten Island\n|-damage|p2a: Staten Island|18\/100\n|move|p2a: Staten Island|Poison Jab|p1a: John Crafable\n|-supereffective|p1a: John Crafable\n|-damage|p1a: John Crafable|0 fnt\n|faint|p1a: John Crafable\n|\n|upkeep\n|\n|t:|1698193013\n|switch|p1a: Brute Bennett|Brute Bonnet, shiny|3\/100 tox\n|turn|36\n|\n|t:|1698193017\n|move|p1a: Brute Bennett|Sucker Punch|p2a: Staten Island\n|-resisted|p2a: Staten Island\n|-damage|p2a: Staten Island|0 fnt\n|faint|p2a: Staten Island\n|\n|-damage|p1a: Brute Bennett|0 fnt|[from] psn\n|faint|p1a: Brute Bennett\n|-end|p1a: Brute Bennett|Protosynthesis|[silent]\n|upkeep\n|\n|t:|1698193028\n|switch|p1a: Joe Kingambit|Kingambit, M, shiny|100\/100\n|switch|p2a: Bigger Bird|Empoleon, M|100\/100\n|-activate|p1a: Joe Kingambit|ability: Supreme Overlord\n|-start|p1a: Joe Kingambit|fallen5|[silent]\n|turn|37\n|\n|t:|1698193053\n|-terastallize|p1a: Joe Kingambit|Dark\n|move|p1a: Joe Kingambit|Sucker Punch|p2a: Bigger Bird\n|-damage|p2a: Bigger Bird|0 fnt\n|faint|p2a: Bigger Bird\n|\n|upkeep\n|\n|t:|1698193061\n|switch|p2a: Death By Angy|Annihilape, F|100\/100\n|turn|38\n|\n|t:|1698193093\n|-terastallize|p2a: Death By Angy|Fighting\n|move|p2a: Death By Angy|Drain Punch|p1a: Joe Kingambit\n|-supereffective|p1a: Joe Kingambit\n|-damage|p1a: Joe Kingambit|25\/100\n|move|p1a: Joe Kingambit|Kowtow Cleave|p2a: Death By Angy\n|-resisted|p2a: Death By Angy\n|-damage|p2a: Death By Angy|46\/100\n|\n|upkeep\n|turn|39\n|\n|t:|1698193135\n|move|p1a: Joe Kingambit|Sucker Punch|p2a: Death By Angy\n|-resisted|p2a: Death By Angy\n|-damage|p2a: Death By Angy|0 fnt\n|faint|p2a: Death By Angy\n|\n|upkeep\n|\n|t:|1698193148\n|switch|p2a: Damien's Wife|Dragapult, F|100\/100\n|-damage|p2a: Damien's Wife|76\/100|[from] Spikes\n|-damage|p2a: Damien's Wife|63\/100|[from] Stealth Rock\n|turn|40\n|\n|t:|1698193154\n|move|p1a: Joe Kingambit|Sucker Punch||[still]\n|-fail|p1a: Joe Kingambit\n|move|p2a: Damien's Wife|Disable|p1a: Joe Kingambit\n|-start|p1a: Joe Kingambit|Disable|Sucker Punch\n|\n|-heal|p2a: Damien's Wife|69\/100|[from] item: Leftovers\n|upkeep\n|turn|41\n|\n|t:|1698193165\n|move|p2a: Damien's Wife|Substitute|p2a: Damien's Wife\n|-start|p2a: Damien's Wife|Substitute\n|-damage|p2a: Damien's Wife|44\/100\n|move|p1a: Joe Kingambit|Kowtow Cleave|p2a: Damien's Wife\n|-supereffective|p2a: Damien's Wife\n|-end|p2a: Damien's Wife|Substitute\n|\n|-heal|p2a: Damien's Wife|51\/100|[from] item: Leftovers\n|upkeep\n|turn|42\n|\n|t:|1698193205\n|move|p2a: Damien's Wife|Will-O-Wisp|p1a: Joe Kingambit\n|-status|p1a: Joe Kingambit|brn\n|move|p1a: Joe Kingambit|Kowtow Cleave|p2a: Damien's Wife\n|-supereffective|p2a: Damien's Wife\n|-damage|p2a: Damien's Wife|0 fnt\n|faint|p2a: Damien's Wife\n|\n|-damage|p1a: Joe Kingambit|19\/100 brn|[from] brn\n|upkeep\n|\n|t:|1698193217\n|switch|p2a: DoughKnot|Dachsbun, M|87\/100\n|-damage|p2a: DoughKnot|62\/100|[from] Spikes\n|-damage|p2a: DoughKnot|50\/100|[from] Stealth Rock\n|turn|43\n|c|\u2606Half A Second|gg\n|\n|t:|1698193225\n|move|p2a: DoughKnot|Fire Fang|p1a: Joe Kingambit\n|-damage|p1a: Joe Kingambit|4\/100 brn\n|move|p1a: Joe Kingambit|Iron Head|p2a: DoughKnot\n|-supereffective|p2a: DoughKnot\n|-damage|p2a: DoughKnot|0 fnt\n|faint|p2a: DoughKnot\n|\n|win|RAIGEKI_39\n|c|\u2606RAIGEKI_39|gg\n","uploadtime":1698193253,"views":30,"p1id":"raigeki39","p2id":"halfasecond","formatid":"gen9ubers","rating":0,"private":0,"password":""}