{"id":"gen9ubers-1980873856","p1":"wamkou","p2":"ateup","format":"[Gen 9] Ubers","log":"|j|\u2606wamkou\n|j|\u2606ateup\n|t:|1698844749\n|gametype|singles\n|player|p1|wamkou|elesa-masters2|\n|player|p2|ateup|pokemaniac|\n|teamsize|p1|6\n|teamsize|p2|6\n|gen|9\n|tier|[Gen 9] Ubers\n|rule|Sleep Clause Mod: Limit one foe put to sleep\n|rule|Species Clause: Limit one of each Pok\u00e9mon\n|rule|OHKO Clause: OHKO moves are banned\n|rule|Evasion Items Clause: Evasion items are banned\n|rule|Evasion Moves Clause: Evasion moves are banned\n|rule|Endless Battle Clause: Forcing endless battles is banned\n|rule|HP Percentage Mod: HP is shown in percentages\n|clearpoke\n|poke|p1|Shaymin-Sky|\n|poke|p1|Palkia-Origin|\n|poke|p1|Magearna|\n|poke|p1|Zacian-*|\n|poke|p1|Iron Moth|\n|poke|p1|Arceus-Fire|\n|poke|p2|Volcarona, F|\n|poke|p2|Garchomp, M|\n|poke|p2|Iron Valiant|\n|poke|p2|Landorus, M|\n|poke|p2|Chi-Yu|\n|poke|p2|Zacian-*|\n|teampreview\n|inactive|Battle timer is ON: inactive players will automatically lose when time's up. (requested by ateup)\n|\n|t:|1698844776\n|start\n|switch|p1a: Big RNG\u2122|Shaymin-Sky|100\/100\n|switch|p2a: Garchomp|Garchomp, M|100\/100\n|turn|1\n|c|\u2606wamkou|garchomp lfg\n|c|\u2606ateup|wha\n|\n|t:|1698844788\n|move|p1a: Big RNG\u2122|Seed Flare|p2a: Garchomp|[miss]\n|-miss|p1a: Big RNG\u2122|p2a: Garchomp\n|move|p2a: Garchomp|Stealth Rock|p1a: Big RNG\u2122\n|-sidestart|p1: wamkou|move: Stealth Rock\n|\n|upkeep\n|turn|2\n|c|\u2606ateup|big rng is on my side today\n|\n|t:|1698844801\n|move|p1a: Big RNG\u2122|Seed Flare|p2a: Garchomp\n|-damage|p2a: Garchomp|47\/100\n|-unboost|p2a: Garchomp|spd|2\n|move|p2a: Garchomp|Spikes|p1a: Big RNG\u2122\n|-sidestart|p1: wamkou|Spikes\n|\n|upkeep\n|turn|3\n|c|\u2606wamkou|im a garchomp fan]\n|\n|t:|1698844807\n|move|p1a: Big RNG\u2122|Air Slash|p2a: Garchomp\n|-damage|p2a: Garchomp|0 fnt\n|faint|p2a: Garchomp\n|\n|upkeep\n|\n|t:|1698844815\n|switch|p2a: Zacian|Zacian|100\/100\n|-ability|p2a: Zacian|Intrepid Sword|boost\n|-boost|p2a: Zacian|atk|1\n|turn|4\n|inactive|wamkou has 270 seconds left.\n|\n|t:|1698844847\n|switch|p1a: moth$|Iron Moth|100\/100\n|-damage|p1a: moth$|76\/100|[from] Stealth Rock\n|-damage|p1a: moth$|63\/100|[from] Spikes\n|-enditem|p1a: moth$|Booster Energy\n|-activate|p1a: moth$|ability: Quark Drive|[fromitem]\n|-start|p1a: moth$|quarkdrivespa\n|move|p2a: Zacian|Swords Dance|p2a: Zacian\n|-boost|p2a: Zacian|atk|2\n|\n|upkeep\n|turn|5\n|inactive|wamkou has 270 seconds left.\n|\n|t:|1698844859\n|move|p2a: Zacian|Close Combat|p1a: moth$\n|-resisted|p1a: moth$\n|-damage|p1a: moth$|0 fnt\n|-unboost|p2a: Zacian|def|1\n|-unboost|p2a: Zacian|spd|1\n|faint|p1a: moth$\n|-end|p1a: moth$|Quark Drive|[silent]\n|\n|upkeep\n|inactive|wamkou has 270 seconds left.\n|\n|t:|1698844870\n|switch|p1a: Big D (damage)|Zacian|100\/100\n|-damage|p1a: Big D (damage)|88\/100|[from] Stealth Rock\n|-damage|p1a: Big D (damage)|76\/100|[from] Spikes\n|-ability|p1a: Big D (damage)|Intrepid Sword|boost\n|-boost|p1a: Big D (damage)|atk|1\n|turn|6\n|c|\u2606ateup|speed tie moment\n|inactive|wamkou has 270 seconds left.\n|c|\u2606wamkou|that wasnt a tie\n|c|\u2606ateup|this is\n|\n|t:|1698844899\n|move|p2a: Zacian|Iron Head|p1a: Big D (damage)\n|-supereffective|p1a: Big D (damage)\n|-damage|p1a: Big D (damage)|0 fnt\n|faint|p1a: Big D (damage)\n|\n|upkeep\n|c|\u2606wamkou|and i lost it\n|c|\u2606ateup|u were max invest + jolly right\n|inactive|wamkou has 240 seconds left.\n|c|\u2606wamkou|yeah im dumb i was thinking of the moth one\n|c|\u2606wamkou|it was a tie\n|\n|t:|1698844926\n|switch|p1a: Milf|Magearna|100\/100\n|-damage|p1a: Milf|94\/100|[from] Stealth Rock\n|-damage|p1a: Milf|82\/100|[from] Spikes\n|turn|7\n|\n|t:|1698844940\n|move|p2a: Zacian|Iron Head|p1a: Milf\n|-crit|p1a: Milf\n|-damage|p1a: Milf|2\/100\n|move|p1a: Milf|Thunder Wave|p2a: Zacian\n|-status|p2a: Zacian|par\n|\n|-heal|p1a: Milf|8\/100|[from] item: Leftovers\n|upkeep\n|turn|8\n|c|\u2606ateup|i was hoping for flinch hax lol\n|\n|t:|1698844951\n|move|p2a: Zacian|Iron Head|p1a: Milf\n|-damage|p1a: Milf|0 fnt\n|faint|p1a: Milf\n|\n|upkeep\n|\n|t:|1698844958\n|switch|p1a: Wet Horse|Palkia-Origin|100\/100\n|-damage|p1a: Wet Horse|88\/100|[from] Stealth Rock\n|-damage|p1a: Wet Horse|76\/100|[from] Spikes\n|-ability|p1a: Wet Horse|Pressure\n|turn|9\n|\n|t:|1698844970\n|-terastallize|p1a: Wet Horse|Water\n|move|p1a: Wet Horse|Hydro Pump|p2a: Zacian\n|-damage|p2a: Zacian|0 fnt\n|faint|p2a: Zacian\n|\n|upkeep\n|\n|t:|1698844976\n|switch|p2a: Iron Valiant|Iron Valiant|100\/100\n|-enditem|p2a: Iron Valiant|Booster Energy\n|-activate|p2a: Iron Valiant|ability: Quark Drive|[fromitem]\n|-start|p2a: Iron Valiant|quarkdrivespe\n|turn|10\n|\n|t:|1698844986\n|move|p2a: Iron Valiant|Moonblast|p1a: Wet Horse\n|-damage|p1a: Wet Horse|29\/100\n|move|p1a: Wet Horse|Hydro Pump|p2a: Iron Valiant\n|-damage|p2a: Iron Valiant|0 fnt\n|faint|p2a: Iron Valiant\n|-end|p2a: Iron Valiant|Quark Drive|[silent]\n|\n|upkeep\n|\n|t:|1698845001\n|switch|p2a: Chi-Yu|Chi-Yu|100\/100\n|-ability|p2a: Chi-Yu|Beads of Ruin\n|turn|11\n|\n|t:|1698845013\n|switch|p1a: Arceus-Fightimg|Arceus-Fire, shiny|100\/100\n|-damage|p1a: Arceus-Fightimg|76\/100|[from] Stealth Rock\n|-damage|p1a: Arceus-Fightimg|63\/100|[from] Spikes\n|-terastallize|p2a: Chi-Yu|Fire\n|move|p2a: Chi-Yu|Flamethrower|p1a: Arceus-Fightimg\n|-resisted|p1a: Arceus-Fightimg\n|-crit|p1a: Arceus-Fightimg\n|-damage|p1a: Arceus-Fightimg|12\/100\n|\n|upkeep\n|turn|12\n|\n|t:|1698845023\n|move|p2a: Chi-Yu|Flamethrower|p1a: Arceus-Fightimg\n|-resisted|p1a: Arceus-Fightimg\n|-damage|p1a: Arceus-Fightimg|0 fnt\n|faint|p1a: Arceus-Fightimg\n|\n|upkeep\n|c|\u2606ateup|the rng is truly on my side today\n|\n|t:|1698845027\n|switch|p1a: Big RNG\u2122|Shaymin-Sky|100\/100\n|turn|13\n|\n|t:|1698845033\n|move|p2a: Chi-Yu|Flamethrower|p1a: Big RNG\u2122\n|-supereffective|p1a: Big RNG\u2122\n|-damage|p1a: Big RNG\u2122|0 fnt\n|faint|p1a: Big RNG\u2122\n|\n|upkeep\n|\n|t:|1698845035\n|switch|p1a: Wet Horse|Palkia-Origin, tera:Water|29\/100\n|-damage|p1a: Wet Horse|16\/100|[from] Stealth Rock\n|-damage|p1a: Wet Horse|4\/100|[from] Spikes\n|-ability|p1a: Wet Horse|Pressure\n|turn|14\n|\n|t:|1698845038\n|move|p2a: Chi-Yu|Flamethrower|p1a: Wet Horse\n|-resisted|p1a: Wet Horse\n|-damage|p1a: Wet Horse|0 fnt\n|faint|p1a: Wet Horse\n|\n|win|ateup\n|c|\u2606ateup|gg\n|c|\u2606wamkou|re\n|l|\u2606wamkou\n|c|\u2606ateup|sure\n","uploadtime":1698845049,"views":13,"p1id":"wamkou","p2id":"ateup","formatid":"gen9ubers","rating":0,"private":0,"password":""}