{"id":"gen9ubers-1981922641","p1":"LolhorseBagel","p2":"MacDaddie16","format":"[Gen 9] Ubers","log":"|j|\u2606LolhorseBagel\n|j|\u2606MacDaddie16\n|t:|1698951960\n|gametype|singles\n|player|p1|LolhorseBagel|cynthia|\n|player|p2|MacDaddie16|roughneck|\n|teamsize|p1|6\n|teamsize|p2|6\n|gen|9\n|tier|[Gen 9] Ubers\n|rule|Sleep Clause Mod: Limit one foe put to sleep\n|rule|Species Clause: Limit one of each Pok\u00e9mon\n|rule|OHKO Clause: OHKO moves are banned\n|rule|Evasion Items Clause: Evasion items are banned\n|rule|Evasion Moves Clause: Evasion moves are banned\n|rule|Endless Battle Clause: Forcing endless battles is banned\n|rule|HP Percentage Mod: HP is shown in percentages\n|clearpoke\n|poke|p1|Gholdengo|\n|poke|p1|Toxapex, F|\n|poke|p1|Garganacl, M|\n|poke|p1|Corviknight, F|\n|poke|p1|Ogerpon-Hearthflame, F|\n|poke|p1|Quagsire, M|\n|poke|p2|Blissey, F|\n|poke|p2|Kingambit, M|\n|poke|p2|Rillaboom, M|\n|poke|p2|Walking Wake|\n|poke|p2|Greninja-*, M|\n|poke|p2|Great Tusk|\n|teampreview\n|\n|t:|1698951992\n|start\n|switch|p1a: True|Gholdengo|100\/100\n|switch|p2a: Great Tusk|Great Tusk|100\/100\n|turn|1\n|\n|t:|1698952010\n|switch|p1a: Real|Toxapex, F, shiny|100\/100\n|move|p2a: Great Tusk|Earthquake|p1a: Real\n|-supereffective|p1a: Real\n|-damage|p1a: Real|43\/100\n|\n|-heal|p1a: Real|50\/100|[from] item: Black Sludge\n|upkeep\n|turn|2\n|\n|t:|1698952017\n|move|p1a: Real|Baneful Bunker|p1a: Real\n|-singleturn|p1a: Real|move: Protect\n|move|p2a: Great Tusk|Knock Off|p1a: Real\n|-activate|p1a: Real|move: Protect\n|-status|p2a: Great Tusk|psn\n|\n|-heal|p1a: Real|56\/100|[from] item: Black Sludge\n|-damage|p2a: Great Tusk|88\/100 psn|[from] psn\n|upkeep\n|turn|3\n|\n|t:|1698952031\n|switch|p1a: Specter|Corviknight, F, shiny|100\/100\n|-ability|p1a: Specter|Pressure\n|move|p2a: Great Tusk|Earthquake|p1a: Specter\n|-immune|p1a: Specter\n|\n|-damage|p2a: Great Tusk|76\/100 psn|[from] psn\n|upkeep\n|turn|4\n|\n|t:|1698952054\n|-end|p2a: Great Tusk|Protosynthesis|[silent]\n|switch|p2a: Walking Wake|Walking Wake|100\/100\n|move|p1a: Specter|Bulk Up|p1a: Specter\n|-boost|p1a: Specter|atk|1\n|-boost|p1a: Specter|def|1\n|\n|upkeep\n|turn|5\n|\n|t:|1698952090\n|move|p2a: Walking Wake|Flamethrower|p1a: Specter\n|-supereffective|p1a: Specter\n|-damage|p1a: Specter|34\/100\n|move|p1a: Specter|Brave Bird|p2a: Walking Wake\n|-damage|p2a: Walking Wake|40\/100\n|-damage|p1a: Specter|17\/100|[from] Recoil\n|\n|upkeep\n|turn|6\n|\n|t:|1698952099\n|move|p2a: Walking Wake|Flamethrower|p1a: Specter\n|-supereffective|p1a: Specter\n|-damage|p1a: Specter|0 fnt\n|faint|p1a: Specter\n|\n|upkeep\n|\n|t:|1698952110\n|switch|p1a: Real|Toxapex, F, shiny|89\/100\n|turn|7\n|\n|t:|1698952116\n|-end|p2a: Walking Wake|Protosynthesis|[silent]\n|switch|p2a: Great Tusk|Great Tusk|76\/100 psn\n|move|p1a: Real|Infestation|p2a: Great Tusk\n|-resisted|p2a: Great Tusk\n|-damage|p2a: Great Tusk|74\/100 psn\n|-activate|p2a: Great Tusk|move: Infestation|[of] p1a: Real\n|-damage|p1a: Real|73\/100|[from] item: Rocky Helmet|[of] p2a: Great Tusk\n|\n|-heal|p1a: Real|79\/100|[from] item: Black Sludge\n|-damage|p2a: Great Tusk|62\/100 psn|[from] psn\n|-damage|p2a: Great Tusk|49\/100 psn|[from] move: Infestation|[partiallytrapped]\n|upkeep\n|turn|8\n|\n|t:|1698952132\n|move|p1a: Real|Baneful Bunker|p1a: Real\n|-singleturn|p1a: Real|move: Protect\n|move|p2a: Great Tusk|Earthquake|p1a: Real\n|-activate|p1a: Real|move: Protect\n|\n|-heal|p1a: Real|85\/100|[from] item: Black Sludge\n|-damage|p2a: Great Tusk|37\/100 psn|[from] psn\n|-damage|p2a: Great Tusk|24\/100 psn|[from] move: Infestation|[partiallytrapped]\n|upkeep\n|turn|9\n|\n|t:|1698952142\n|move|p2a: Great Tusk|Earthquake|p1a: Real\n|-supereffective|p1a: Real\n|-damage|p1a: Real|37\/100\n|move|p1a: Real|Recover|p1a: Real\n|-heal|p1a: Real|87\/100\n|\n|-heal|p1a: Real|93\/100|[from] item: Black Sludge\n|-damage|p2a: Great Tusk|12\/100 psn|[from] psn\n|-damage|p2a: Great Tusk|0 fnt|[from] move: Infestation|[partiallytrapped]\n|faint|p2a: Great Tusk\n|-end|p2a: Great Tusk|Protosynthesis|[silent]\n|upkeep\n|\n|t:|1698952157\n|switch|p2a: Blissey|Blissey, F, shiny|100\/100\n|turn|10\n|\n|t:|1698952176\n|move|p2a: Blissey|Stealth Rock|p1a: Real\n|-sidestart|p1: LolhorseBagel|move: Stealth Rock\n|move|p1a: Real|Infestation|p2a: Blissey\n|-damage|p2a: Blissey|99\/100\n|-activate|p2a: Blissey|move: Infestation|[of] p1a: Real\n|\n|-heal|p1a: Real|99\/100|[from] item: Black Sludge\n|-damage|p2a: Blissey|87\/100|[from] move: Infestation|[partiallytrapped]\n|upkeep\n|turn|11\n|\n|t:|1698952213\n|move|p2a: Blissey|Seismic Toss|p1a: Real\n|-damage|p1a: Real|67\/100\n|move|p1a: Real|Toxic Spikes|p2a: Blissey\n|-sidestart|p2: MacDaddie16|move: Toxic Spikes\n|\n|-heal|p1a: Real|73\/100|[from] item: Black Sludge\n|-damage|p2a: Blissey|75\/100|[from] move: Infestation|[partiallytrapped]\n|upkeep\n|turn|12\n|\n|t:|1698952230\n|move|p2a: Blissey|Soft-Boiled|p2a: Blissey\n|-heal|p2a: Blissey|100\/100\n|move|p1a: Real|Toxic Spikes|p2a: Blissey\n|-sidestart|p2: MacDaddie16|move: Toxic Spikes\n|\n|-heal|p1a: Real|79\/100|[from] item: Black Sludge\n|-damage|p2a: Blissey|88\/100|[from] move: Infestation|[partiallytrapped]\n|upkeep\n|turn|13\n|\n|t:|1698952241\n|move|p1a: Real|Baneful Bunker|p1a: Real\n|-singleturn|p1a: Real|move: Protect\n|move|p2a: Blissey|Seismic Toss|p1a: Real\n|-activate|p1a: Real|move: Protect\n|-status|p2a: Blissey|psn\n|\n|-heal|p1a: Real|85\/100|[from] item: Black Sludge\n|-damage|p2a: Blissey|76\/100 psn|[from] psn\n|-damage|p2a: Blissey|63\/100 psn|[from] move: Infestation|[partiallytrapped]\n|upkeep\n|turn|14\n|\n|t:|1698952257\n|switch|p1a: True|Gholdengo|100\/100\n|-damage|p1a: True|94\/100|[from] Stealth Rock\n|move|p2a: Blissey|Seismic Toss|p1a: True\n|-immune|p1a: True\n|\n|-heal|p1a: True|100\/100|[from] item: Leftovers\n|-damage|p2a: Blissey|51\/100 psn|[from] psn\n|-end|p2a: Blissey|Infestation|[partiallytrapped]|[silent]\n|upkeep\n|turn|15\n|\n|t:|1698952272\n|-curestatus|p2a: Blissey|psn|[from] ability: Natural Cure\n|switch|p2a: Walking Wake|Walking Wake|40\/100\n|-status|p2a: Walking Wake|tox\n|move|p1a: True|Nasty Plot|p1a: True\n|-boost|p1a: True|spa|2\n|\n|-damage|p2a: Walking Wake|34\/100 tox|[from] psn\n|upkeep\n|turn|16\n|\n|t:|1698952283\n|move|p2a: Walking Wake|Flamethrower|p1a: True\n|-supereffective|p1a: True\n|-damage|p1a: True|0 fnt\n|faint|p1a: True\n|\n|-damage|p2a: Walking Wake|22\/100 tox|[from] psn\n|upkeep\n|\n|t:|1698952311\n|switch|p1a: Mr Woops|Quagsire, M, shiny|100\/100\n|-damage|p1a: Mr Woops|94\/100|[from] Stealth Rock\n|turn|17\n|\n|t:|1698952337\n|-end|p2a: Walking Wake|Protosynthesis|[silent]\n|switch|p2a: Rillaboom|Rillaboom, M|100\/100\n|-status|p2a: Rillaboom|tox\n|-fieldstart|move: Grassy Terrain|[from] ability: Grassy Surge|[of] p2a: Rillaboom\n|move|p1a: Mr Woops|Spikes|p2a: Rillaboom\n|-sidestart|p2: MacDaddie16|Spikes\n|\n|-heal|p1a: Mr Woops|100\/100|[from] Grassy Terrain\n|-damage|p2a: Rillaboom|94\/100 tox|[from] psn\n|upkeep\n|turn|18\n|j| Zeprius\n|\n|t:|1698952351\n|switch|p1a: Real|Toxapex, F, shiny|100\/100\n|-damage|p1a: Real|88\/100|[from] Stealth Rock\n|move|p2a: Rillaboom|Energy Ball|p1a: Real\n|-damage|p1a: Real|69\/100\n|\n|-heal|p2a: Rillaboom|100\/100 tox|[from] Grassy Terrain\n|-heal|p1a: Real|75\/100|[from] Grassy Terrain\n|-heal|p1a: Real|81\/100|[from] item: Black Sludge\n|-damage|p2a: Rillaboom|88\/100 tox|[from] psn\n|upkeep\n|turn|19\n|\n|t:|1698952364\n|move|p2a: Rillaboom|Taunt|p1a: Real\n|-start|p1a: Real|move: Taunt\n|move|p1a: Real|Infestation|p2a: Rillaboom\n|-supereffective|p2a: Rillaboom\n|-damage|p2a: Rillaboom|82\/100 tox\n|-activate|p2a: Rillaboom|move: Infestation|[of] p1a: Real\n|-enditem|p2a: Rillaboom|Eject Button\n|\n|t:|1698952387\n|switch|p2a: Kingambit|Kingambit, M|100\/100\n|-damage|p2a: Kingambit|88\/100|[from] Spikes\n|-activate|p2a: Kingambit|ability: Supreme Overlord\n|-start|p2a: Kingambit|fallen1|[silent]\n|\n|-heal|p2a: Kingambit|94\/100|[from] Grassy Terrain\n|-heal|p1a: Real|88\/100|[from] Grassy Terrain\n|-heal|p1a: Real|94\/100|[from] item: Black Sludge\n|upkeep\n|turn|20\n|\n|t:|1698952421\n|-terastallize|p2a: Kingambit|Fighting\n|move|p2a: Kingambit|Sucker Punch|p1a: Real\n|-damage|p1a: Real|65\/100\n|move|p1a: Real|Infestation|p2a: Kingambit\n|-resisted|p2a: Kingambit\n|-damage|p2a: Kingambit|93\/100\n|-activate|p2a: Kingambit|move: Infestation|[of] p1a: Real\n|\n|-heal|p2a: Kingambit|99\/100|[from] Grassy Terrain\n|-heal|p1a: Real|72\/100|[from] Grassy Terrain\n|-heal|p1a: Real|78\/100|[from] item: Black Sludge\n|-damage|p2a: Kingambit|87\/100|[from] move: Infestation|[partiallytrapped]\n|upkeep\n|turn|21\n|\n|t:|1698952432\n|move|p2a: Kingambit|Low Kick|p1a: Real\n|-resisted|p1a: Real\n|-damage|p1a: Real|70\/100\n|move|p1a: Real|Infestation|p2a: Kingambit\n|-resisted|p2a: Kingambit\n|-crit|p2a: Kingambit\n|-damage|p2a: Kingambit|84\/100\n|\n|-heal|p2a: Kingambit|91\/100|[from] Grassy Terrain\n|-heal|p1a: Real|76\/100|[from] Grassy Terrain\n|-heal|p1a: Real|83\/100|[from] item: Black Sludge\n|-damage|p2a: Kingambit|78\/100|[from] move: Infestation|[partiallytrapped]\n|-end|p1a: Real|move: Taunt\n|-fieldend|move: Grassy Terrain\n|upkeep\n|turn|22\n|\n|t:|1698952449\n|move|p1a: Real|Baneful Bunker|p1a: Real\n|-singleturn|p1a: Real|move: Protect\n|move|p2a: Kingambit|Kowtow Cleave|p1a: Real\n|-activate|p1a: Real|move: Protect\n|-status|p2a: Kingambit|psn\n|-enditem|p2a: Kingambit|Lum Berry|[eat]\n|-curestatus|p2a: Kingambit|psn|[msg]\n|\n|-heal|p1a: Real|89\/100|[from] item: Black Sludge\n|-damage|p2a: Kingambit|66\/100|[from] move: Infestation|[partiallytrapped]\n|upkeep\n|turn|23\n|\n|t:|1698952466\n|move|p2a: Kingambit|Kowtow Cleave|p1a: Real\n|-damage|p1a: Real|57\/100\n|move|p1a: Real|Recover|p1a: Real\n|-heal|p1a: Real|100\/100\n|\n|-damage|p2a: Kingambit|54\/100|[from] move: Infestation|[partiallytrapped]\n|upkeep\n|turn|24\n|\n|t:|1698952478\n|move|p1a: Real|Baneful Bunker|p1a: Real\n|-singleturn|p1a: Real|move: Protect\n|move|p2a: Kingambit|Swords Dance|p2a: Kingambit\n|-boost|p2a: Kingambit|atk|2\n|\n|-damage|p2a: Kingambit|41\/100|[from] move: Infestation|[partiallytrapped]\n|upkeep\n|turn|25\n|\n|t:|1698952485\n|move|p1a: Real|Baneful Bunker||[still]\n|-fail|p1a: Real\n|move|p2a: Kingambit|Kowtow Cleave|p1a: Real\n|-damage|p1a: Real|35\/100\n|\n|-heal|p1a: Real|42\/100|[from] item: Black Sludge\n|-end|p2a: Kingambit|Infestation|[partiallytrapped]\n|upkeep\n|turn|26\n|\n|t:|1698952501\n|move|p2a: Kingambit|Sucker Punch||[still]\n|-fail|p2a: Kingambit\n|move|p1a: Real|Recover|p1a: Real\n|-heal|p1a: Real|92\/100\n|\n|-heal|p1a: Real|98\/100|[from] item: Black Sludge\n|upkeep\n|turn|27\n|\n|t:|1698952512\n|move|p1a: Real|Baneful Bunker|p1a: Real\n|-singleturn|p1a: Real|move: Protect\n|move|p2a: Kingambit|Swords Dance|p2a: Kingambit\n|-boost|p2a: Kingambit|atk|2\n|\n|-heal|p1a: Real|100\/100|[from] item: Black Sludge\n|upkeep\n|turn|28\n|l| Zeprius\n|\n|t:|1698952523\n|move|p2a: Kingambit|Kowtow Cleave|p1a: Real\n|-damage|p1a: Real|0 fnt\n|faint|p1a: Real\n|\n|upkeep\n|\n|t:|1698952542\n|switch|p1a: Lucky Roo|Ogerpon-Hearthflame, F|100\/100\n|-damage|p1a: Lucky Roo|76\/100|[from] Stealth Rock\n|-ability|p1a: Lucky Roo|Mold Breaker\n|turn|29\n|\n|t:|1698952573\n|-end|p2a: Kingambit|fallen1|[silent]\n|switch|p2a: Greninja|Greninja, M, shiny|100\/100\n|-status|p2a: Greninja|tox\n|-damage|p2a: Greninja|88\/100 tox|[from] Spikes\n|-terastallize|p1a: Lucky Roo|Fire\n|detailschange|p1a: Lucky Roo|Ogerpon-Hearthflame-Tera, F, tera:Fire\n|-ability|p1a: Lucky Roo|Embody Aspect (Hearthflame)|boost\n|-boost|p1a: Lucky Roo|atk|1\n|move|p1a: Lucky Roo|Ivy Cudgel|p2a: Greninja\n|-resisted|p2a: Greninja\n|-crit|p2a: Greninja\n|-damage|p2a: Greninja|0 fnt\n|faint|p2a: Greninja\n|\n|upkeep\n|\n|t:|1698952586\n|switch|p2a: Blissey|Blissey, F, shiny|51\/100\n|turn|30\n|\n|t:|1698952590\n|move|p2a: Blissey|Protect|p2a: Blissey\n|-singleturn|p2a: Blissey|Protect\n|move|p1a: Lucky Roo|Ivy Cudgel|p2a: Blissey\n|-activate|p2a: Blissey|move: Protect\n|\n|upkeep\n|turn|31\n|\n|t:|1698952595\n|move|p1a: Lucky Roo|Ivy Cudgel|p2a: Blissey\n|-damage|p2a: Blissey|0 fnt\n|faint|p2a: Blissey\n|\n|upkeep\n|\n|t:|1698952599\n|switch|p2a: Walking Wake|Walking Wake|22\/100 tox\n|-damage|p2a: Walking Wake|9\/100 tox|[from] Spikes\n|turn|32\n|\n|t:|1698952610\n|move|p1a: Lucky Roo|Ivy Cudgel|p2a: Walking Wake\n|-resisted|p2a: Walking Wake\n|-damage|p2a: Walking Wake|0 fnt\n|faint|p2a: Walking Wake\n|-end|p2a: Walking Wake|Protosynthesis|[silent]\n|\n|upkeep\n|\n|t:|1698952615\n|switch|p2a: Kingambit|Kingambit, M, tera:Fighting|41\/100\n|-status|p2a: Kingambit|tox\n|-damage|p2a: Kingambit|29\/100 tox|[from] Spikes\n|-activate|p2a: Kingambit|ability: Supreme Overlord\n|-start|p2a: Kingambit|fallen4|[silent]\n|turn|33\n|\n|t:|1698952621\n|move|p1a: Lucky Roo|Ivy Cudgel|p2a: Kingambit\n|-damage|p2a: Kingambit|0 fnt\n|faint|p2a: Kingambit\n|-end|p2a: Kingambit|fallen4|[silent]\n|\n|upkeep\n|\n|t:|1698952626\n|switch|p2a: Rillaboom|Rillaboom, M|82\/100 tox\n|-damage|p2a: Rillaboom|69\/100 tox|[from] Spikes\n|-fieldstart|move: Grassy Terrain|[from] ability: Grassy Surge|[of] p2a: Rillaboom\n|turn|34\n|\n|t:|1698952634\n|move|p1a: Lucky Roo|Ivy Cudgel|p2a: Rillaboom\n|-supereffective|p2a: Rillaboom\n|-damage|p2a: Rillaboom|0 fnt\n|faint|p2a: Rillaboom\n|\n|win|LolhorseBagel\n","uploadtime":1698952637,"views":9,"p1id":"lolhorsebagel","p2id":"macdaddie16","formatid":"gen9ubers","rating":0,"private":0,"password":""}