{"id":"gen9ubers-1989759518","p1":"iamheretomaybewin","p2":"Ind0mitable Will","format":"[Gen 9] Ubers","log":"|j|\u2606iamheretomaybewin\n|j|\u2606Ind0mitable Will\n|t:|1699893354\n|gametype|singles\n|player|p1|iamheretomaybewin|lucas|1075\n|player|p2|Ind0mitable Will|irida|1236\n|teamsize|p1|6\n|teamsize|p2|6\n|gen|9\n|tier|[Gen 9] Ubers\n|rated|\n|rule|Sleep Clause Mod: Limit one foe put to sleep\n|rule|Species Clause: Limit one of each Pok\u00e9mon\n|rule|OHKO Clause: OHKO moves are banned\n|rule|Evasion Items Clause: Evasion items are banned\n|rule|Evasion Moves Clause: Evasion moves are banned\n|rule|Endless Battle Clause: Forcing endless battles is banned\n|rule|HP Percentage Mod: HP is shown in percentages\n|clearpoke\n|poke|p1|Annihilape, M|\n|poke|p1|Ursaluna-Bloodmoon, M|\n|poke|p1|Ogerpon-Hearthflame, F|\n|poke|p1|Iron Bundle|\n|poke|p1|Urshifu-*, M|\n|poke|p1|Regieleki|\n|poke|p2|Walking Wake|\n|poke|p2|Weavile, M|\n|poke|p2|Ursaluna-Bloodmoon, M|\n|poke|p2|Lilligant-Hisui, F|\n|poke|p2|Torkoal, M|\n|poke|p2|Diancie|\n|teampreview\n|\n|t:|1699893364\n|start\n|switch|p1a: Iron Bundle|Iron Bundle, shiny|100\/100\n|switch|p2a: Lillie|Diancie|100\/100\n|-enditem|p1a: Iron Bundle|Booster Energy\n|-activate|p1a: Iron Bundle|ability: Quark Drive|[fromitem]\n|-start|p1a: Iron Bundle|quarkdrivespa\n|turn|1\n|\n|t:|1699893373\n|-terastallize|p2a: Lillie|Fairy\n|move|p1a: Iron Bundle|Hydro Pump|p2a: Lillie|[miss]\n|-miss|p1a: Iron Bundle|p2a: Lillie\n|move|p2a: Lillie|Moonblast|p1a: Iron Bundle\n|-damage|p1a: Iron Bundle|10\/100\n|\n|upkeep\n|turn|2\n|j| The Crusade\n|\n|t:|1699893385\n|move|p1a: Iron Bundle|Hydro Pump|p2a: Lillie\n|-damage|p2a: Lillie|41\/100\n|move|p2a: Lillie|Diamond Storm|p1a: Iron Bundle\n|-supereffective|p1a: Iron Bundle\n|-damage|p1a: Iron Bundle|0 fnt\n|faint|p1a: Iron Bundle\n|-end|p1a: Iron Bundle|Quark Drive|[silent]\n|\n|-heal|p2a: Lillie|47\/100|[from] item: Leftovers\n|upkeep\n|\n|t:|1699893404\n|switch|p1a: Ogerpon|Ogerpon-Hearthflame, F|100\/100\n|-ability|p1a: Ogerpon|Mold Breaker\n|turn|3\n|\n|t:|1699893408\n|move|p1a: Ogerpon|Ivy Cudgel|p2a: Lillie\n|-damage|p2a: Lillie|5\/100\n|move|p2a: Lillie|Diamond Storm|p1a: Ogerpon\n|-supereffective|p1a: Ogerpon\n|-damage|p1a: Ogerpon|25\/100\n|\n|-heal|p2a: Lillie|11\/100|[from] item: Leftovers\n|upkeep\n|turn|4\n|\n|t:|1699893416\n|switch|p2a: Gran|Torkoal, M|100\/100\n|-weather|SunnyDay|[from] ability: Drought|[of] p2a: Gran\n|move|p1a: Ogerpon|Horn Leech|p2a: Gran\n|-resisted|p2a: Gran\n|-damage|p2a: Gran|88\/100\n|-heal|p1a: Ogerpon|32\/100|[from] drain|[of] p2a: Gran\n|\n|-weather|SunnyDay|[upkeep]\n|upkeep\n|turn|5\n|\n|t:|1699893434\n|-terastallize|p1a: Ogerpon|Fire\n|detailschange|p1a: Ogerpon|Ogerpon-Hearthflame-Tera, F, tera:Fire\n|-ability|p1a: Ogerpon|Embody Aspect (Hearthflame)|boost\n|-boost|p1a: Ogerpon|atk|1\n|move|p1a: Ogerpon|Leech Seed|p2a: Gran\n|-start|p2a: Gran|move: Leech Seed\n|move|p2a: Gran|Lava Plume|p1a: Ogerpon\n|-resisted|p1a: Ogerpon\n|-damage|p1a: Ogerpon|10\/100\n|\n|-weather|SunnyDay|[upkeep]\n|-damage|p2a: Gran|75\/100|[from] Leech Seed|[of] p1a: Ogerpon\n|-heal|p1a: Ogerpon|24\/100|[silent]\n|upkeep\n|turn|6\n|\n|t:|1699893446\n|switch|p2a: Lillie|Diancie, tera:Fairy|11\/100\n|move|p1a: Ogerpon|Horn Leech|p2a: Lillie\n|-damage|p2a: Lillie|0 fnt\n|-heal|p1a: Ogerpon|29\/100|[from] drain|[of] p2a: Lillie\n|faint|p2a: Lillie\n|\n|-weather|SunnyDay|[upkeep]\n|upkeep\n|\n|t:|1699893455\n|switch|p2a: Quin|Weavile, M|100\/100\n|-ability|p2a: Quin|Pressure\n|turn|7\n|\n|t:|1699893460\n|move|p2a: Quin|Knock Off|p1a: Ogerpon\n|-damage|p1a: Ogerpon|0 fnt\n|faint|p1a: Ogerpon\n|\n|-weather|SunnyDay|[upkeep]\n|upkeep\n|\n|t:|1699893469\n|switch|p1a: Regieleki|Regieleki, shiny|100\/100\n|turn|8\n|\n|t:|1699893473\n|move|p1a: Regieleki|Zap Cannon|p2a: Quin|[miss]\n|-miss|p1a: Regieleki|p2a: Quin\n|move|p2a: Quin|Knock Off|p1a: Regieleki\n|-damage|p1a: Regieleki|1\/100\n|-enditem|p1a: Regieleki|Choice Specs|[from] move: Knock Off|[of] p2a: Quin\n|\n|-weather|SunnyDay|[upkeep]\n|upkeep\n|turn|9\n|\n|t:|1699893480\n|move|p1a: Regieleki|Thunderbolt|p2a: Quin\n|-damage|p2a: Quin|29\/100\n|-status|p2a: Quin|par\n|move|p2a: Quin|Knock Off|p1a: Regieleki\n|-damage|p1a: Regieleki|0 fnt\n|faint|p1a: Regieleki\n|\n|-weather|SunnyDay|[upkeep]\n|upkeep\n|\n|t:|1699893489\n|switch|p1a: Urshifu|Urshifu, M|100\/100\n|turn|10\n|\n|t:|1699893495\n|move|p1a: Urshifu|Drain Punch|p2a: Quin\n|-supereffective|p2a: Quin\n|-damage|p2a: Quin|0 fnt\n|faint|p2a: Quin\n|\n|-weather|SunnyDay|[upkeep]\n|upkeep\n|\n|t:|1699893500\n|switch|p2a: Lucy|Walking Wake|100\/100\n|-activate|p2a: Lucy|ability: Protosynthesis\n|-start|p2a: Lucy|protosynthesisspe\n|turn|11\n|\n|t:|1699893506\n|move|p2a: Lucy|Low Kick|p1a: Urshifu\n|-supereffective|p1a: Urshifu\n|-damage|p1a: Urshifu|50\/100\n|move|p1a: Urshifu|Poison Jab|p2a: Lucy\n|-damage|p2a: Lucy|62\/100\n|-status|p2a: Lucy|psn\n|\n|-weather|none\n|-end|p2a: Lucy|Protosynthesis\n|-damage|p2a: Lucy|50\/100 psn|[from] psn\n|upkeep\n|-enditem|p2a: Lucy|Booster Energy\n|-activate|p2a: Lucy|ability: Protosynthesis|[fromitem]\n|-start|p2a: Lucy|protosynthesisspe\n|turn|12\n|inactive|Battle timer is ON: inactive players will automatically lose when time's up. (requested by iamheretomaybewin)\n|l|\u2606Ind0mitable Will\n|inactive|Ind0mitable Will disconnected and has a minute to reconnect!\n|player|p2|\n|inactive|Ind0mitable Will has 30 seconds to reconnect!\n|inactive|Ind0mitable Will has 20 seconds to reconnect!\n|inactive|Ind0mitable Will has 15 seconds to reconnect!\n|inactive|Ind0mitable Will has 10 seconds to reconnect!\n|inactive|Ind0mitable Will has 5 seconds to reconnect!\n|-message|Ind0mitable Will lost due to inactivity.\n|\n|win|iamheretomaybewin\n|raw|iamheretomaybewin's rating: 1075 &rarr; <strong>1116<\/strong><br \/>(+41 for winning)\n|raw|Ind0mitable Will's rating: 1236 &rarr; <strong>1200<\/strong><br \/>(-36 for losing)\n","uploadtime":1699893642,"views":6,"p1id":"iamheretomaybewin","p2id":"ind0mitablewill","formatid":"gen9ubers","rating":1116,"private":0,"password":""}