{"id":"gen9ubers-1977727740","p1":"ugufhfjsdj","p2":"SadaShidz\ufe0f","format":"[Gen 9] Ubers","log":"|j|\u2606ugufhfjsdj\n|j|\u203dSadaShidz\ufe0f\n|t:|1698442781\n|gametype|singles\n|player|p1|ugufhfjsdj|169|1060\n|player|p2|SadaShidz\ufe0f|sada-ai|1194\n|teamsize|p1|6\n|teamsize|p2|6\n|gen|9\n|tier|[Gen 9] Ubers\n|rated|\n|rule|Sleep Clause Mod: Limit one foe put to sleep\n|rule|Species Clause: Limit one of each Pok\u00e9mon\n|rule|OHKO Clause: OHKO moves are banned\n|rule|Evasion Items Clause: Evasion items are banned\n|rule|Evasion Moves Clause: Evasion moves are banned\n|rule|Endless Battle Clause: Forcing endless battles is banned\n|rule|HP Percentage Mod: HP is shown in percentages\n|clearpoke\n|poke|p1|Gengar, F|\n|poke|p1|Gardevoir, M|\n|poke|p1|Lucario, F|\n|poke|p1|Palkia|\n|poke|p1|Rayquaza|\n|poke|p1|Miraidon|\n|poke|p2|Ribombee, M|\n|poke|p2|Shaymin-Sky|\n|poke|p2|Amoonguss, M|\n|poke|p2|Darkrai|\n|poke|p2|Manaphy|\n|poke|p2|Koraidon|\n|teampreview\n|inactive|Battle timer is ON: inactive players will automatically lose when time's up. (requested by SadaShidz\ufe0f)\n|\n|t:|1698442787\n|start\n|switch|p1a: Rayquaza|Rayquaza|100\/100\n|switch|p2a: Ribombee|Ribombee, M, shiny|100\/100\n|-ability|p1a: Rayquaza|Air Lock\n|turn|1\n|\n|t:|1698442795\n|move|p2a: Ribombee|Stun Spore|p1a: Rayquaza\n|-status|p1a: Rayquaza|par\n|move|p1a: Rayquaza|Blizzard|p2a: Ribombee\n|-damage|p2a: Ribombee|57\/100\n|\n|upkeep\n|turn|2\n|\n|t:|1698442801\n|move|p2a: Ribombee|Sticky Web|p1a: Rayquaza\n|-sidestart|p1: ugufhfjsdj|move: Sticky Web\n|move|p1a: Rayquaza|Blizzard|p2a: Ribombee\n|-damage|p2a: Ribombee|9\/100\n|\n|upkeep\n|turn|3\n|\n|t:|1698442806\n|move|p1a: Rayquaza|Extreme Speed|p2a: Ribombee\n|-damage|p2a: Ribombee|0 fnt\n|faint|p2a: Ribombee\n|\n|upkeep\n|\n|t:|1698442817\n|switch|p2a: Manaphy|Manaphy, shiny|100\/100\n|turn|4\n|\n|t:|1698442822\n|move|p1a: Rayquaza|Extreme Speed|p2a: Manaphy\n|-damage|p2a: Manaphy|73\/100\n|move|p2a: Manaphy|Acid Armor|p2a: Manaphy\n|-boost|p2a: Manaphy|def|2\n|\n|-heal|p2a: Manaphy|79\/100|[from] item: Leftovers\n|upkeep\n|turn|5\n|\n|t:|1698442832\n|move|p2a: Manaphy|Take Heart|p2a: Manaphy\n|-boost|p2a: Manaphy|spa|1\n|-boost|p2a: Manaphy|spd|1\n|move|p1a: Rayquaza|Draco Meteor|p2a: Manaphy\n|-damage|p2a: Manaphy|49\/100\n|-unboost|p1a: Rayquaza|spa|2\n|\n|-heal|p2a: Manaphy|55\/100|[from] item: Leftovers\n|upkeep\n|turn|6\n|\n|t:|1698442841\n|move|p2a: Manaphy|Scald|p1a: Rayquaza\n|-resisted|p1a: Rayquaza\n|-damage|p1a: Rayquaza|74\/100 par\n|move|p1a: Rayquaza|Draco Meteor|p2a: Manaphy\n|-damage|p2a: Manaphy|40\/100\n|-unboost|p1a: Rayquaza|spa|2\n|\n|-heal|p2a: Manaphy|46\/100|[from] item: Leftovers\n|upkeep\n|turn|7\n|\n|t:|1698442852\n|move|p1a: Rayquaza|Extreme Speed|p2a: Manaphy\n|-damage|p2a: Manaphy|32\/100\n|move|p2a: Manaphy|Take Heart|p2a: Manaphy\n|-boost|p2a: Manaphy|spa|1\n|-boost|p2a: Manaphy|spd|1\n|\n|-heal|p2a: Manaphy|38\/100|[from] item: Leftovers\n|upkeep\n|turn|8\n|\n|t:|1698442859\n|move|p1a: Rayquaza|Extreme Speed|p2a: Manaphy\n|-damage|p2a: Manaphy|25\/100\n|move|p2a: Manaphy|Stored Power|p1a: Rayquaza\n|-damage|p1a: Rayquaza|0 fnt\n|faint|p1a: Rayquaza\n|\n|-heal|p2a: Manaphy|31\/100|[from] item: Leftovers\n|upkeep\n|\n|t:|1698442869\n|switch|p1a: Gengar|Gengar, F, shiny|100\/100\n|-activate|p1a: Gengar|move: Sticky Web\n|-unboost|p1a: Gengar|spe|1\n|turn|9\n|\n|t:|1698442873\n|move|p2a: Manaphy|Stored Power|p1a: Gengar\n|-supereffective|p1a: Gengar\n|-damage|p1a: Gengar|0 fnt\n|faint|p1a: Gengar\n|\n|-heal|p2a: Manaphy|37\/100|[from] item: Leftovers\n|upkeep\n|\n|t:|1698442879\n|switch|p1a: Miraidon|Miraidon|100\/100\n|-activate|p1a: Miraidon|move: Sticky Web\n|-unboost|p1a: Miraidon|spe|1\n|-fieldstart|move: Electric Terrain|[from] ability: Hadron Engine|[of] p1a: Miraidon\n|turn|10\n|\n|t:|1698442888\n|-terastallize|p1a: Miraidon|Electric\n|move|p2a: Manaphy|Stored Power|p1a: Miraidon\n|-damage|p1a: Miraidon|23\/100\n|move|p1a: Miraidon|Electro Drift|p2a: Manaphy\n|-supereffective|p2a: Manaphy\n|-damage|p2a: Manaphy|0 fnt\n|faint|p2a: Manaphy\n|\n|upkeep\n|\n|t:|1698442911\n|switch|p2a: Darkrai|Darkrai, shiny|100\/100\n|turn|11\n|\n|t:|1698442915\n|move|p2a: Darkrai|Dark Pulse|p1a: Miraidon\n|-damage|p1a: Miraidon|0 fnt\n|faint|p1a: Miraidon\n|\n|upkeep\n|\n|t:|1698442919\n|switch|p1a: Gardevoir|Gardevoir, M|100\/100\n|-activate|p1a: Gardevoir|move: Sticky Web\n|-unboost|p1a: Gardevoir|spe|1\n|turn|12\n|\n|t:|1698442932\n|switch|p2a: Amoonguss|Amoonguss, M, shiny|100\/100\n|move|p1a: Gardevoir|Moonblast|p2a: Amoonguss\n|-resisted|p2a: Amoonguss\n|-damage|p2a: Amoonguss|84\/100\n|-unboost|p2a: Amoonguss|spa|1\n|\n|-heal|p2a: Amoonguss|90\/100|[from] item: Black Sludge\n|upkeep\n|turn|13\n|\n|t:|1698442941\n|switch|p1a: Lucario|Lucario, F|100\/100\n|-activate|p1a: Lucario|move: Sticky Web\n|-unboost|p1a: Lucario|spe|1\n|move|p2a: Amoonguss|Sludge Bomb|p1a: Lucario\n|-immune|p1a: Lucario\n|\n|-heal|p2a: Amoonguss|96\/100|[from] item: Black Sludge\n|upkeep\n|turn|14\n|\n|t:|1698442950\n|move|p1a: Lucario|Ice Punch|p2a: Amoonguss\n|-supereffective|p2a: Amoonguss\n|-damage|p2a: Amoonguss|46\/100\n|move|p2a: Amoonguss|Giga Drain|p1a: Lucario\n|-resisted|p1a: Lucario\n|-damage|p1a: Lucario|86\/100\n|-heal|p2a: Amoonguss|52\/100|[from] drain|[of] p1a: Lucario\n|\n|-heal|p2a: Amoonguss|58\/100|[from] item: Black Sludge\n|-fieldend|move: Electric Terrain\n|upkeep\n|turn|15\n|\n|t:|1698442959\n|switch|p2a: Koraidon|Koraidon|100\/100\n|-weather|SunnyDay|[from] ability: Orichalcum Pulse|[of] p2a: Koraidon\n|-activate|p2a: Koraidon|Orichalcum Pulse|[source]\n|move|p1a: Lucario|Ice Punch|p2a: Koraidon\n|-supereffective|p2a: Koraidon\n|-damage|p2a: Koraidon|61\/100\n|\n|-weather|SunnyDay|[upkeep]\n|upkeep\n|turn|16\n|\n|t:|1698442968\n|move|p2a: Koraidon|Bulk Up|p2a: Koraidon\n|-boost|p2a: Koraidon|atk|1\n|-boost|p2a: Koraidon|def|1\n|move|p1a: Lucario|Ice Punch|p2a: Koraidon\n|-supereffective|p2a: Koraidon\n|-damage|p2a: Koraidon|33\/100\n|\n|-weather|SunnyDay|[upkeep]\n|upkeep\n|turn|17\n|\n|t:|1698442975\n|move|p2a: Koraidon|Flame Charge|p1a: Lucario\n|-supereffective|p1a: Lucario\n|-damage|p1a: Lucario|0 fnt\n|-boost|p2a: Koraidon|spe|1\n|faint|p1a: Lucario\n|\n|-weather|SunnyDay|[upkeep]\n|upkeep\n|\n|t:|1698442981\n|switch|p1a: Palkia|Palkia|100\/100\n|-activate|p1a: Palkia|move: Sticky Web\n|-unboost|p1a: Palkia|spe|1\n|-ability|p1a: Palkia|Pressure\n|turn|18\n|\n|t:|1698442989\n|move|p2a: Koraidon|Scale Shot|p1a: Palkia\n|-supereffective|p1a: Palkia\n|-damage|p1a: Palkia|52\/100\n|-supereffective|p1a: Palkia\n|-damage|p1a: Palkia|11\/100\n|-supereffective|p1a: Palkia\n|-damage|p1a: Palkia|0 fnt\n|faint|p1a: Palkia\n|-hitcount|p1: Palkia|3\n|-unboost|p2a: Koraidon|def|1\n|-boost|p2a: Koraidon|spe|1\n|\n|-weather|SunnyDay|[upkeep]\n|upkeep\n|\n|t:|1698442999\n|switch|p1a: Gardevoir|Gardevoir, M|100\/100\n|-activate|p1a: Gardevoir|move: Sticky Web\n|-unboost|p1a: Gardevoir|spe|1\n|turn|19\n|\n|t:|1698443003\n|-terastallize|p2a: Koraidon|Fire\n|move|p2a: Koraidon|Flame Charge|p1a: Gardevoir\n|-damage|p1a: Gardevoir|0 fnt\n|-boost|p2a: Koraidon|spe|1\n|faint|p1a: Gardevoir\n|\n|win|SadaShidz\ufe0f\n|raw|ugufhfjsdj's rating: 1060 &rarr; <strong>1048<\/strong><br \/>(-12 for losing)\n|raw|SadaShidz\ufe0f's rating: 1194 &rarr; <strong>1210<\/strong><br \/>(+16 for winning)\n|l|\u2606ugufhfjsdj\n","uploadtime":1698443015,"views":13,"p1id":"ugufhfjsdj","p2id":"sadashidz","formatid":"gen9ubers","rating":1048,"private":0,"password":""}