{"id":"gen9ubers-1983508415","p1":"Shortie1118","p2":"meisgroot1","format":"[Gen 9] Ubers","log":"|j|\u2606Shortie1118\n|j|\u2606meisgroot1\n|t:|1699137728\n|gametype|singles\n|player|p1|Shortie1118|marnie-masters2|\n|player|p2|meisgroot1|169|\n|teamsize|p1|6\n|teamsize|p2|6\n|gen|9\n|tier|[Gen 9] Ubers\n|rule|Sleep Clause Mod: Limit one foe put to sleep\n|rule|Species Clause: Limit one of each Pok\u00e9mon\n|rule|OHKO Clause: OHKO moves are banned\n|rule|Evasion Items Clause: Evasion items are banned\n|rule|Evasion Moves Clause: Evasion moves are banned\n|rule|Endless Battle Clause: Forcing endless battles is banned\n|rule|HP Percentage Mod: HP is shown in percentages\n|clearpoke\n|poke|p1|Arceus-Fire|\n|poke|p1|Zacian-*|\n|poke|p1|Meowscarada, M|\n|poke|p1|Cyclizar, M|\n|poke|p1|Espathra, F|\n|poke|p1|Landorus, M|\n|poke|p2|Iron Valiant|\n|poke|p2|Cetitan, M|\n|poke|p2|Dialga-Origin|\n|poke|p2|Ogerpon-Wellspring, F|\n|poke|p2|Basculin-White-Striped, F|\n|poke|p2|Giratina|\n|teampreview\n|c|\u2606Shortie1118|glhf\n|j| OreoMan789\n|c|\u2606meisgroot1|u too\n|\n|t:|1699137775\n|start\n|switch|p1a: Balaclava|Meowscarada, M|100\/100\n|switch|p2a: Giratina|Giratina|100\/100\n|-ability|p2a: Giratina|Pressure\n|turn|1\n|\n|t:|1699137788\n|move|p1a: Balaclava|Taunt|p2a: Giratina\n|-start|p1a: Balaclava|typechange|Dark|[from] ability: Protean\n|-start|p2a: Giratina|move: Taunt\n|cant|p2a: Giratina|move: Taunt|Will-O-Wisp\n|\n|upkeep\n|turn|2\n|\n|t:|1699137819\n|switch|p2a: Cetitan|Cetitan, M|100\/100\n|move|p1a: Balaclava|Spikes|p2a: Cetitan\n|-sidestart|p2: meisgroot1|Spikes\n|\n|upkeep\n|turn|3\n|\n|t:|1699137835\n|move|p1a: Balaclava|Taunt|p2a: Cetitan\n|-start|p2a: Cetitan|move: Taunt\n|cant|p2a: Cetitan|move: Taunt|Belly Drum\n|\n|upkeep\n|turn|4\n|\n|t:|1699137840\n|move|p1a: Balaclava|Spikes|p2a: Cetitan\n|-sidestart|p2: meisgroot1|Spikes\n|move|p2a: Cetitan|Play Rough|p1a: Balaclava\n|-supereffective|p1a: Balaclava\n|-enditem|p1a: Balaclava|Focus Sash\n|-damage|p1a: Balaclava|1\/100\n|\n|upkeep\n|turn|5\n|\n|t:|1699137848\n|move|p2a: Cetitan|Ice Shard|p1a: Balaclava\n|-damage|p1a: Balaclava|0 fnt\n|faint|p1a: Balaclava\n|\n|-end|p2a: Cetitan|move: Taunt\n|upkeep\n|\n|t:|1699137856\n|switch|p1a: Firestarter|Arceus-Fire|100\/100\n|turn|6\n|\n|t:|1699137868\n|-terastallize|p2a: Cetitan|Ground\n|move|p1a: Firestarter|Dragon Dance|p1a: Firestarter\n|-boost|p1a: Firestarter|atk|1\n|-boost|p1a: Firestarter|spe|1\n|move|p2a: Cetitan|Earthquake|p1a: Firestarter\n|-supereffective|p1a: Firestarter\n|-damage|p1a: Firestarter|32\/100\n|\n|upkeep\n|turn|7\n|\n|t:|1699137902\n|move|p1a: Firestarter|Flare Blitz|p2a: Cetitan\n|-damage|p2a: Cetitan|44\/100\n|-enditem|p2a: Cetitan|Sitrus Berry|[eat]\n|-heal|p2a: Cetitan|69\/100|[from] item: Sitrus Berry\n|-damage|p1a: Firestarter|10\/100|[from] Recoil\n|move|p2a: Cetitan|Earthquake|p1a: Firestarter\n|-supereffective|p1a: Firestarter\n|-damage|p1a: Firestarter|0 fnt\n|faint|p1a: Firestarter\n|\n|upkeep\n|\n|t:|1699137912\n|switch|p1a: Heartbeat|Cyclizar, M|100\/100\n|turn|8\n|\n|t:|1699137916\n|move|p2a: Cetitan|Ice Shard|p1a: Heartbeat\n|-supereffective|p1a: Heartbeat\n|-damage|p1a: Heartbeat|34\/100\n|move|p1a: Heartbeat|Draco Meteor|p2a: Cetitan\n|-damage|p2a: Cetitan|6\/100\n|-unboost|p1a: Heartbeat|spa|2\n|\n|upkeep\n|turn|9\n|\n|t:|1699137926\n|switch|p1a: Fox on the Run|Zacian|100\/100\n|-ability|p1a: Fox on the Run|Intrepid Sword|boost\n|-boost|p1a: Fox on the Run|atk|1\n|move|p2a: Cetitan|Ice Shard|p1a: Fox on the Run\n|-damage|p1a: Fox on the Run|80\/100\n|\n|upkeep\n|turn|10\n|\n|t:|1699137942\n|move|p2a: Cetitan|Ice Shard|p1a: Fox on the Run\n|-damage|p1a: Fox on the Run|61\/100\n|move|p1a: Fox on the Run|Play Rough|p2a: Cetitan\n|-damage|p2a: Cetitan|0 fnt\n|faint|p2a: Cetitan\n|\n|upkeep\n|\n|t:|1699137969\n|switch|p2a: Giratina|Giratina|100\/100\n|-damage|p2a: Giratina|84\/100|[from] Spikes\n|-ability|p2a: Giratina|Pressure\n|turn|11\n|\n|t:|1699137972\n|move|p1a: Fox on the Run|Play Rough|p2a: Giratina\n|-supereffective|p2a: Giratina\n|-damage|p2a: Giratina|0 fnt\n|faint|p2a: Giratina\n|\n|upkeep\n|\n|t:|1699138047\n|switch|p2a: Dialga|Dialga-Origin|100\/100\n|-damage|p2a: Dialga|84\/100|[from] Spikes\n|-ability|p2a: Dialga|Pressure\n|turn|12\n|\n|t:|1699138057\n|move|p2a: Dialga|Protect|p2a: Dialga\n|-singleturn|p2a: Dialga|Protect\n|move|p1a: Fox on the Run|Play Rough|p2a: Dialga\n|-activate|p2a: Dialga|move: Protect\n|\n|upkeep\n|turn|13\n|\n|t:|1699138070\n|move|p1a: Fox on the Run|Play Rough|p2a: Dialga\n|-damage|p2a: Dialga|26\/100\n|move|p2a: Dialga|Flash Cannon|p1a: Fox on the Run\n|-supereffective|p1a: Fox on the Run\n|-damage|p1a: Fox on the Run|0 fnt\n|faint|p1a: Fox on the Run\n|\n|upkeep\n|\n|t:|1699138078\n|switch|p1a: Heartbeat|Cyclizar, M|67\/100\n|turn|14\n|\n|t:|1699138086\n|move|p1a: Heartbeat|Shed Tail|p1a: Heartbeat\n|-start|p1a: Heartbeat|Substitute|[from] move: Shed Tail\n|-damage|p1a: Heartbeat|17\/100\n|-enditem|p1a: Heartbeat|Aguav Berry|[eat]\n|-heal|p1a: Heartbeat|50\/100|[from] item: Aguav Berry\n|\n|t:|1699138092\n|switch|p1a: Echoes|Espathra, F|100\/100|[from] Shed Tail\n|move|p2a: Dialga|Dragon Pulse|p1a: Echoes\n|-end|p1a: Echoes|Substitute\n|\n|upkeep\n|turn|15\n|\n|t:|1699138102\n|move|p1a: Echoes|Calm Mind|p1a: Echoes\n|-boost|p1a: Echoes|spa|1\n|-boost|p1a: Echoes|spd|1\n|move|p2a: Dialga|Flash Cannon|p1a: Echoes\n|-damage|p1a: Echoes|50\/100\n|\n|-heal|p1a: Echoes|56\/100|[from] item: Leftovers\n|-ability|p1a: Echoes|Speed Boost|boost\n|-boost|p1a: Echoes|spe|1\n|upkeep\n|turn|16\n|\n|t:|1699138120\n|move|p1a: Echoes|Calm Mind|p1a: Echoes\n|-boost|p1a: Echoes|spa|1\n|-boost|p1a: Echoes|spd|1\n|move|p2a: Dialga|Flash Cannon|p1a: Echoes\n|-crit|p1a: Echoes\n|-damage|p1a: Echoes|0 fnt\n|faint|p1a: Echoes\n|\n|upkeep\n|c|\u2606Shortie1118|damn\n|c|\u2606meisgroot1|Omg lucky crit\n|\n|t:|1699138132\n|switch|p1a: Heartbeat|Cyclizar, M|83\/100\n|turn|17\n|\n|t:|1699138139\n|move|p1a: Heartbeat|Draco Meteor|p2a: Dialga\n|-damage|p2a: Dialga|0 fnt\n|-unboost|p1a: Heartbeat|spa|2\n|faint|p2a: Dialga\n|\n|upkeep\n|\n|t:|1699138146\n|switch|p2a: Iron Valiant|Iron Valiant|100\/100\n|-damage|p2a: Iron Valiant|84\/100|[from] Spikes\n|-enditem|p2a: Iron Valiant|Booster Energy\n|-activate|p2a: Iron Valiant|ability: Quark Drive|[fromitem]\n|-start|p2a: Iron Valiant|quarkdrivespe\n|turn|18\n|\n|t:|1699138155\n|move|p2a: Iron Valiant|Spirit Break|p1a: Heartbeat\n|-supereffective|p1a: Heartbeat\n|-damage|p1a: Heartbeat|0 fnt\n|faint|p1a: Heartbeat\n|\n|upkeep\n|\n|t:|1699138157\n|switch|p1a: Catch The Rainbow|Landorus, M|100\/100\n|turn|19\n|\n|t:|1699138160\n|move|p2a: Iron Valiant|Knock Off|p1a: Catch The Rainbow\n|-damage|p1a: Catch The Rainbow|64\/100\n|-enditem|p1a: Catch The Rainbow|Life Orb|[from] move: Knock Off|[of] p2a: Iron Valiant\n|move|p1a: Catch The Rainbow|Psychic|p2a: Iron Valiant\n|-supereffective|p2a: Iron Valiant\n|-damage|p2a: Iron Valiant|0 fnt\n|faint|p2a: Iron Valiant\n|-end|p2a: Iron Valiant|Quark Drive|[silent]\n|\n|upkeep\n|\n|t:|1699138176\n|switch|p2a: Ogerpon|Ogerpon-Wellspring, F|100\/100\n|-damage|p2a: Ogerpon|84\/100|[from] Spikes\n|turn|20\n|\n|t:|1699138216\n|-terastallize|p1a: Catch The Rainbow|Ground\n|move|p2a: Ogerpon|Ivy Cudgel|p1a: Catch The Rainbow\n|-supereffective|p1a: Catch The Rainbow\n|-damage|p1a: Catch The Rainbow|0 fnt\n|faint|p1a: Catch The Rainbow\n|\n|win|meisgroot1\n|c|\u2606Shortie1118|gg\n|l| OreoMan789\n","uploadtime":1699139277,"views":17,"p1id":"shortie1118","p2id":"meisgroot1","formatid":"gen9ubers","rating":0,"private":0,"password":""}