{"id":"gen9ubers-1994433364","p1":"yomaalt","p2":"pronerdgaming","format":"[Gen 9] Ubers","log":"|j|\u2606yomaalt\n|j|\u2606pronerdgaming\n|t:|1700443406\n|gametype|singles\n|player|p1|yomaalt|2|\n|player|p2|pronerdgaming|101|\n|teamsize|p1|6\n|teamsize|p2|6\n|gen|9\n|tier|[Gen 9] Ubers\n|rule|Sleep Clause Mod: Limit one foe put to sleep\n|rule|Species Clause: Limit one of each Pok\u00e9mon\n|rule|OHKO Clause: OHKO moves are banned\n|rule|Evasion Items Clause: Evasion items are banned\n|rule|Evasion Moves Clause: Evasion moves are banned\n|rule|Endless Battle Clause: Forcing endless battles is banned\n|rule|HP Percentage Mod: HP is shown in percentages\n|clearpoke\n|poke|p1|Dialga|\n|poke|p1|Zacian-*|\n|poke|p1|Chi-Yu|\n|poke|p1|Palkia-Origin|\n|poke|p1|Urshifu-*, M|\n|poke|p1|Rillaboom, M|\n|poke|p2|Gholdengo|\n|poke|p2|Slowking-Galar, M|\n|poke|p2|Ursaluna-Bloodmoon, M|\n|poke|p2|Arceus-Ice|\n|poke|p2|Baxcalibur, F|\n|poke|p2|Magearna|\n|teampreview\n|c|\u2606yomaalt|is that cheestring\n|\n|t:|1700443424\n|start\n|switch|p1a: Urshifu|Urshifu-Rapid-Strike, M|100\/100\n|switch|p2a: Slowking|Slowking-Galar, M|100\/100\n|turn|1\n|c|\u2606pronerdgaming|Yep\n|\n|t:|1700443431\n|move|p1a: Urshifu|Swords Dance|p1a: Urshifu\n|-boost|p1a: Urshifu|atk|2\n|move|p2a: Slowking|Toxic Spikes|p1a: Urshifu\n|-sidestart|p1: yomaalt|move: Toxic Spikes\n|\n|upkeep\n|turn|2\n|c|\u2606yomaalt|does he have psychic\n|c|\u2606yomaalt|he doesn't\n|\n|t:|1700443442\n|move|p1a: Urshifu|Trailblaze|p2a: Slowking\n|-resisted|p2a: Slowking\n|-damage|p2a: Slowking|83\/100\n|-boost|p1a: Urshifu|spe|1\n|move|p2a: Slowking|Trick Room|p2a: Slowking\n|-fieldstart|move: Trick Room|[of] p2a: Slowking\n|\n|-heal|p2a: Slowking|89\/100|[from] item: Leftovers\n|upkeep\n|turn|3\n|c|\u2606yomaalt|it's tr\n|c|\u2606yomaalt|i'm cooked\n|\n|t:|1700443449\n|move|p2a: Slowking|Toxic Spikes|p1a: Urshifu\n|-sidestart|p1: yomaalt|move: Toxic Spikes\n|move|p1a: Urshifu|Surging Strikes|p2a: Slowking\n|-crit|p2a: Slowking\n|-damage|p2a: Slowking|44\/100\n|-crit|p2a: Slowking\n|-damage|p2a: Slowking|0 fnt\n|faint|p2a: Slowking\n|-hitcount|p2: Slowking|2\n|\n|upkeep\n|c|\u2606yomaalt|does shifu have that DAWG in him\n|\n|t:|1700443461\n|switch|p2a: Ursaluna|Ursaluna-Bloodmoon, M|100\/100\n|turn|4\n|c|\u2606yomaalt|CMON BEAR\n|c|\u2606yomaalt|BEAR VS BEAR\n|c|\u2606yomaalt|SHOW ME THAT BEAR IN YOU\n|\n|t:|1700443476\n|move|p2a: Ursaluna|Blood Moon|p1a: Urshifu\n|-damage|p1a: Urshifu|0 fnt\n|faint|p1a: Urshifu\n|\n|upkeep\n|c|\u2606yomaalt|NOOOOOOOO\n|\n|t:|1700443482\n|switch|p1a: Rillaboom|Rillaboom, M|100\/100\n|-status|p1a: Rillaboom|tox\n|-fieldstart|move: Grassy Terrain|[from] ability: Grassy Surge|[of] p1a: Rillaboom\n|turn|5\n|\n|t:|1700443495\n|-terastallize|p2a: Ursaluna|Ghost\n|move|p2a: Ursaluna|Calm Mind|p2a: Ursaluna\n|-boost|p2a: Ursaluna|spa|1\n|-boost|p2a: Ursaluna|spd|1\n|move|p1a: Rillaboom|Knock Off|p2a: Ursaluna\n|-supereffective|p2a: Ursaluna\n|-damage|p2a: Ursaluna|28\/100\n|-enditem|p2a: Ursaluna|Leftovers|[from] move: Knock Off|[of] p1a: Rillaboom\n|\n|-heal|p2a: Ursaluna|34\/100|[from] Grassy Terrain\n|-damage|p1a: Rillaboom|94\/100 tox|[from] psn\n|upkeep\n|turn|6\n|c|\u2606yomaalt|no\n|\n|t:|1700443504\n|switch|p1a: Dialga|Dialga|100\/100\n|-ability|p1a: Dialga|Pressure\n|move|p2a: Ursaluna|Blood Moon|p1a: Dialga\n|-resisted|p1a: Dialga\n|-crit|p1a: Dialga\n|-damage|p1a: Dialga|33\/100\n|\n|-heal|p2a: Ursaluna|40\/100|[from] Grassy Terrain\n|-heal|p1a: Dialga|39\/100|[from] Grassy Terrain\n|-heal|p1a: Dialga|45\/100|[from] item: Leftovers\n|-fieldend|move: Trick Room\n|upkeep\n|turn|7\n|c|\u2606yomaalt|ok but i need him dead\n|\n|t:|1700443519\n|move|p2a: Ursaluna|Protect|p2a: Ursaluna\n|-singleturn|p2a: Ursaluna|Protect\n|move|p1a: Dialga|Draco Meteor|p2a: Ursaluna\n|-activate|p2a: Ursaluna|move: Protect\n|\n|-heal|p1a: Dialga|51\/100|[from] Grassy Terrain\n|-heal|p1a: Dialga|58\/100|[from] item: Leftovers\n|-heal|p2a: Ursaluna|47\/100|[from] Grassy Terrain\n|upkeep\n|turn|8\n|c|\u2606yomaalt|pls\n|\n|t:|1700443539\n|switch|p2a: Gholdengo|Gholdengo|100\/100\n|move|p1a: Dialga|Draco Meteor|p2a: Gholdengo\n|-resisted|p2a: Gholdengo\n|-damage|p2a: Gholdengo|68\/100\n|-unboost|p1a: Dialga|spa|2\n|\n|-heal|p1a: Dialga|64\/100|[from] Grassy Terrain\n|-heal|p1a: Dialga|70\/100|[from] item: Leftovers\n|-heal|p2a: Gholdengo|74\/100|[from] Grassy Terrain\n|upkeep\n|turn|9\n|\n|t:|1700443553\n|move|p1a: Dialga|Stealth Rock|p2a: Gholdengo\n|-sidestart|p2: pronerdgaming|move: Stealth Rock\n|move|p2a: Gholdengo|Thunderbolt|p1a: Dialga\n|-resisted|p1a: Dialga\n|-damage|p1a: Dialga|54\/100\n|\n|-heal|p1a: Dialga|61\/100|[from] Grassy Terrain\n|-heal|p1a: Dialga|67\/100|[from] item: Leftovers\n|-heal|p2a: Gholdengo|80\/100|[from] Grassy Terrain\n|-fieldend|move: Grassy Terrain\n|upkeep\n|turn|10\n|\n|t:|1700443557\n|move|p1a: Dialga|Earth Power|p2a: Gholdengo\n|-supereffective|p2a: Gholdengo\n|-damage|p2a: Gholdengo|50\/100\n|move|p2a: Gholdengo|Shadow Ball|p1a: Dialga\n|-crit|p1a: Dialga\n|-damage|p1a: Dialga|2\/100\n|\n|-heal|p1a: Dialga|8\/100|[from] item: Leftovers\n|upkeep\n|turn|11\n|\n|t:|1700443560\n|move|p1a: Dialga|Earth Power|p2a: Gholdengo\n|-supereffective|p2a: Gholdengo\n|-damage|p2a: Gholdengo|19\/100\n|move|p2a: Gholdengo|Recover|p2a: Gholdengo\n|-heal|p2a: Gholdengo|69\/100\n|\n|-heal|p1a: Dialga|15\/100|[from] item: Leftovers\n|upkeep\n|turn|12\n|c|\u2606yomaalt|ow\n|\n|t:|1700443563\n|move|p1a: Dialga|Earth Power|p2a: Gholdengo\n|-supereffective|p2a: Gholdengo\n|-damage|p2a: Gholdengo|40\/100\n|move|p2a: Gholdengo|Shadow Ball|p1a: Dialga\n|-damage|p1a: Dialga|0 fnt\n|faint|p1a: Dialga\n|\n|upkeep\n|\n|t:|1700443569\n|switch|p1a: Chi-Yu|Chi-Yu|100\/100\n|-status|p1a: Chi-Yu|tox\n|-ability|p1a: Chi-Yu|Beads of Ruin\n|turn|13\n|\n|t:|1700443596\n|move|p1a: Chi-Yu|Flamethrower|p2a: Gholdengo\n|-supereffective|p2a: Gholdengo\n|-damage|p2a: Gholdengo|0 fnt\n|faint|p2a: Gholdengo\n|\n|-damage|p1a: Chi-Yu|95\/100 tox|[from] psn\n|upkeep\n|\n|t:|1700443601\n|switch|p2a: Baxcalibur|Baxcalibur, F|100\/100\n|-damage|p2a: Baxcalibur|76\/100|[from] Stealth Rock\n|turn|14\n|\n|t:|1700443605\n|move|p1a: Chi-Yu|Flamethrower|p2a: Baxcalibur\n|-crit|p2a: Baxcalibur\n|-damage|p2a: Baxcalibur|0 fnt\n|faint|p2a: Baxcalibur\n|\n|-damage|p1a: Chi-Yu|83\/100 tox|[from] psn\n|upkeep\n|c|\u2606pronerdgaming|I think I lose here\n|\n|t:|1700443618\n|switch|p2a: Arceus|Arceus-Ice|100\/100\n|-damage|p2a: Arceus|76\/100|[from] Stealth Rock\n|turn|15\n|c|\u2606yomaalt|prol\n|\n|t:|1700443623\n|switch|p1a: Palkia|Palkia-Origin|100\/100\n|-status|p1a: Palkia|tox\n|-ability|p1a: Palkia|Pressure\n|move|p2a: Arceus|Judgment|p1a: Palkia\n|-damage|p1a: Palkia|60\/100 tox\n|\n|-damage|p1a: Palkia|54\/100 tox|[from] psn\n|upkeep\n|turn|16\n|\n|t:|1700443627\n|move|p1a: Palkia|Spacial Rend|p2a: Arceus\n|-damage|p2a: Arceus|30\/100\n|move|p2a: Arceus|Calm Mind|p2a: Arceus\n|-boost|p2a: Arceus|spa|1\n|-boost|p2a: Arceus|spd|1\n|\n|-damage|p1a: Palkia|41\/100 tox|[from] psn\n|upkeep\n|turn|17\n|\n|t:|1700443633\n|move|p1a: Palkia|Hydro Pump|p2a: Arceus\n|-damage|p2a: Arceus|0 fnt\n|faint|p2a: Arceus\n|\n|-damage|p1a: Palkia|23\/100 tox|[from] psn\n|upkeep\n|\n|t:|1700443637\n|switch|p2a: Magearna|Magearna|100\/100\n|-damage|p2a: Magearna|94\/100|[from] Stealth Rock\n|turn|18\n|\n|t:|1700443640\n|move|p1a: Palkia|Hydro Pump|p2a: Magearna\n|-damage|p2a: Magearna|36\/100\n|move|p2a: Magearna|Shift Gear|p2a: Magearna\n|-boost|p2a: Magearna|spe|2\n|-boost|p2a: Magearna|atk|1\n|\n|-heal|p2a: Magearna|43\/100|[from] item: Leftovers\n|-damage|p1a: Palkia|0 fnt|[from] psn\n|faint|p1a: Palkia\n|-ability|p2a: Magearna|Soul-Heart|boost\n|-boost|p2a: Magearna|spa|1\n|upkeep\n|\n|t:|1700443645\n|switch|p1a: Chi-Yu|Chi-Yu|83\/100 tox\n|-ability|p1a: Chi-Yu|Beads of Ruin\n|turn|19\n|\n|t:|1700443651\n|move|p1a: Chi-Yu|Flamethrower|p2a: Magearna\n|-supereffective|p2a: Magearna\n|-damage|p2a: Magearna|0 fnt\n|faint|p2a: Magearna\n|\n|-damage|p1a: Chi-Yu|77\/100 tox|[from] psn\n|upkeep\n|\n|t:|1700443654\n|switch|p2a: Ursaluna|Ursaluna-Bloodmoon, M, tera:Ghost|47\/100\n|-damage|p2a: Ursaluna|34\/100|[from] Stealth Rock\n|turn|20\n|c|\u2606yomaalt|aight yeah gg\n|c|\u2606pronerdgaming|gg\n|\n|t:|1700443658\n|move|p1a: Chi-Yu|Flamethrower|p2a: Ursaluna\n|-damage|p2a: Ursaluna|0 fnt\n|faint|p2a: Ursaluna\n|\n|win|yomaalt\n","uploadtime":1700443662,"views":37,"p1id":"yomaalt","p2id":"pronerdgaming","formatid":"gen9ubers","rating":0,"private":0,"password":""}