{"id":"gen9ubers-1975265631","p1":"Windflowerplains","p2":"Nitro524","format":"[Gen 9] Ubers","log":"|j|\u2606Windflowerplains\n|j|\u2606Nitro524\n|t:|1698174893\n|gametype|singles\n|player|p1|Windflowerplains|caitlin-masters|\n|player|p2|Nitro524|hilbert-wonderlauncher|\n|teamsize|p1|6\n|teamsize|p2|6\n|gen|9\n|tier|[Gen 9] Ubers\n|rule|Sleep Clause Mod: Limit one foe put to sleep\n|rule|Species Clause: Limit one of each Pok\u00e9mon\n|rule|OHKO Clause: OHKO moves are banned\n|rule|Evasion Items Clause: Evasion items are banned\n|rule|Evasion Moves Clause: Evasion moves are banned\n|rule|Endless Battle Clause: Forcing endless battles is banned\n|rule|HP Percentage Mod: HP is shown in percentages\n|clearpoke\n|poke|p1|Palkia|\n|poke|p1|Gliscor, F|\n|poke|p1|Giratina|\n|poke|p1|Arceus-Poison|\n|poke|p1|Tyranitar, F|\n|poke|p1|Zacian-*|\n|poke|p2|Torkoal, M|\n|poke|p2|Chi-Yu|\n|poke|p2|Cyclizar, M|\n|poke|p2|Volcarona, F|\n|poke|p2|Roaring Moon|\n|poke|p2|Walking Wake|\n|teampreview\n|c|\u2606Nitro524|gl!\n|\n|t:|1698174926\n|start\n|switch|p1a: Arceus|Arceus-Poison|100\/100\n|switch|p2a: Torkoal|Torkoal, M|100\/100\n|-weather|SunnyDay|[from] ability: Drought|[of] p2a: Torkoal\n|turn|1\n|\n|t:|1698174937\n|switch|p1a: Tyranitar|Tyranitar, F|100\/100\n|-weather|Sandstorm|[from] ability: Sand Stream|[of] p1a: Tyranitar\n|move|p2a: Torkoal|Yawn|p1a: Tyranitar\n|-start|p1a: Tyranitar|move: Yawn|[of] p2a: Torkoal\n|\n|-weather|Sandstorm|[upkeep]\n|-damage|p2a: Torkoal|94\/100|[from] Sandstorm\n|upkeep\n|turn|2\n|\n|t:|1698174949\n|switch|p1a: Gliscor|Gliscor, F|100\/100\n|move|p2a: Torkoal|Stealth Rock|p1a: Gliscor\n|-sidestart|p1: Windflowerplains|move: Stealth Rock\n|\n|-weather|Sandstorm|[upkeep]\n|-damage|p2a: Torkoal|88\/100|[from] Sandstorm\n|-status|p1a: Gliscor|tox|[from] item: Toxic Orb\n|upkeep\n|turn|3\n|\n|t:|1698174962\n|switch|p2a: Walking Wake|Walking Wake|100\/100\n|move|p1a: Gliscor|Toxic Spikes|p2a: Walking Wake\n|-sidestart|p2: Nitro524|move: Toxic Spikes\n|\n|-weather|Sandstorm|[upkeep]\n|-damage|p2a: Walking Wake|94\/100|[from] Sandstorm\n|upkeep\n|turn|4\n|\n|t:|1698174999\n|switch|p1a: Tyranitar|Tyranitar, F|100\/100\n|-damage|p1a: Tyranitar|88\/100|[from] Stealth Rock\n|move|p2a: Walking Wake|Flip Turn|p1a: Tyranitar\n|-supereffective|p1a: Tyranitar\n|-damage|p1a: Tyranitar|64\/100\n|\n|t:|1698175013\n|-end|p2a: Walking Wake|Protosynthesis|[silent]\n|switch|p2a: Torkoal|Torkoal, M|88\/100|[from] Flip Turn\n|-status|p2a: Torkoal|psn\n|-weather|SunnyDay|[from] ability: Drought|[of] p2a: Torkoal\n|\n|-weather|SunnyDay|[upkeep]\n|-heal|p1a: Tyranitar|70\/100|[from] item: Leftovers\n|-damage|p2a: Torkoal|76\/100 psn|[from] psn\n|upkeep\n|turn|5\n|\n|t:|1698175025\n|move|p1a: Tyranitar|Earthquake|p2a: Torkoal\n|-supereffective|p2a: Torkoal\n|-damage|p2a: Torkoal|39\/100 psn\n|move|p2a: Torkoal|Rapid Spin|p1a: Tyranitar\n|-resisted|p1a: Tyranitar\n|-damage|p1a: Tyranitar|66\/100\n|-boost|p2a: Torkoal|spe|1\n|-sideend|p2: Nitro524|Toxic Spikes|[from] move: Rapid Spin|[of] p2a: Torkoal\n|\n|-weather|SunnyDay|[upkeep]\n|-heal|p1a: Tyranitar|73\/100|[from] item: Leftovers\n|-damage|p2a: Torkoal|27\/100 psn|[from] psn\n|upkeep\n|turn|6\n|\n|t:|1698175043\n|switch|p1a: Gliscor|Gliscor, F|100\/100 tox\n|-damage|p1a: Gliscor|88\/100 tox|[from] Stealth Rock\n|switch|p2a: Cyclizar|Cyclizar, M|100\/100\n|\n|-weather|SunnyDay|[upkeep]\n|-heal|p1a: Gliscor|100\/100 tox|[from] ability: Poison Heal\n|upkeep\n|turn|7\n|\n|t:|1698175054\n|move|p2a: Cyclizar|Shed Tail|p2a: Cyclizar\n|-start|p2a: Cyclizar|Substitute|[from] move: Shed Tail\n|-damage|p2a: Cyclizar|50\/100\n|\n|t:|1698175060\n|switch|p2a: Roaring Moon|Roaring Moon|100\/100|[from] Shed Tail\n|-activate|p2a: Roaring Moon|ability: Protosynthesis\n|-start|p2a: Roaring Moon|protosynthesisatk\n|move|p1a: Gliscor|U-turn|p2a: Roaring Moon\n|-supereffective|p2a: Roaring Moon\n|-end|p2a: Roaring Moon|Substitute\n|\n|t:|1698175068\n|switch|p1a: Tyranitar|Tyranitar, F|73\/100|[from] U-turn\n|-damage|p1a: Tyranitar|60\/100|[from] Stealth Rock\n|-weather|Sandstorm|[from] ability: Sand Stream|[of] p1a: Tyranitar\n|-end|p2a: Roaring Moon|Protosynthesis\n|-enditem|p2a: Roaring Moon|Booster Energy\n|-activate|p2a: Roaring Moon|ability: Protosynthesis|[fromitem]\n|-start|p2a: Roaring Moon|protosynthesisatk\n|\n|-weather|Sandstorm|[upkeep]\n|-damage|p2a: Roaring Moon|95\/100|[from] Sandstorm\n|-heal|p1a: Tyranitar|66\/100|[from] item: Leftovers\n|upkeep\n|turn|8\n|\n|t:|1698175105\n|switch|p1a: Zacian|Zacian|100\/100\n|-damage|p1a: Zacian|88\/100|[from] Stealth Rock\n|-ability|p1a: Zacian|Intrepid Sword|boost\n|-boost|p1a: Zacian|atk|1\n|move|p2a: Roaring Moon|Earthquake|p1a: Zacian\n|-damage|p1a: Zacian|43\/100\n|\n|-weather|Sandstorm|[upkeep]\n|-damage|p1a: Zacian|37\/100|[from] Sandstorm\n|-damage|p2a: Roaring Moon|89\/100|[from] Sandstorm\n|upkeep\n|turn|9\n|\n|t:|1698175147\n|-terastallize|p2a: Roaring Moon|Steel\n|move|p1a: Zacian|Play Rough|p2a: Roaring Moon\n|-resisted|p2a: Roaring Moon\n|-damage|p2a: Roaring Moon|20\/100\n|move|p2a: Roaring Moon|Iron Head|p1a: Zacian\n|-supereffective|p1a: Zacian\n|-damage|p1a: Zacian|0 fnt\n|faint|p1a: Zacian\n|\n|-weather|Sandstorm|[upkeep]\n|upkeep\n|inactive|Battle timer is ON: inactive players will automatically lose when time's up. (requested by Nitro524)\n|\n|t:|1698175189\n|switch|p1a: Giratina|Giratina, shiny|100\/100\n|-ability|p1a: Giratina|Pressure\n|turn|10\n|\n|t:|1698175200\n|-end|p2a: Roaring Moon|Protosynthesis|[silent]\n|switch|p2a: Torkoal|Torkoal, M|27\/100 psn\n|-weather|SunnyDay|[from] ability: Drought|[of] p2a: Torkoal\n|move|p1a: Giratina|Dragon Claw|p2a: Torkoal\n|-damage|p2a: Torkoal|7\/100 psn\n|\n|-weather|SunnyDay|[upkeep]\n|-damage|p2a: Torkoal|0 fnt|[from] psn\n|faint|p2a: Torkoal\n|upkeep\n|\n|t:|1698175208\n|switch|p2a: Walking Wake|Walking Wake|94\/100\n|-activate|p2a: Walking Wake|ability: Protosynthesis\n|-start|p2a: Walking Wake|protosynthesisspe\n|turn|11\n|\n|t:|1698175227\n|-terastallize|p1a: Giratina|Ghost\n|move|p2a: Walking Wake|Draco Meteor|p1a: Giratina\n|-damage|p1a: Giratina|43\/100\n|-unboost|p2a: Walking Wake|spa|2\n|move|p1a: Giratina|Dragon Claw|p2a: Walking Wake\n|-supereffective|p2a: Walking Wake\n|-damage|p2a: Walking Wake|8\/100\n|\n|-weather|SunnyDay|[upkeep]\n|upkeep\n|turn|12\n|inactive|Nitro524 has 270 seconds left.\n|\n|t:|1698175264\n|-end|p2a: Walking Wake|Protosynthesis|[silent]\n|switch|p2a: The Cooler Volc|Chi-Yu|100\/100\n|-ability|p2a: The Cooler Volc|Beads of Ruin\n|move|p1a: Giratina|Dragon Claw|p2a: The Cooler Volc\n|-damage|p2a: The Cooler Volc|43\/100\n|\n|-weather|SunnyDay|[upkeep]\n|upkeep\n|turn|13\n|inactive|Nitro524 has 270 seconds left.\n|inactive|Windflowerplains has 270 seconds left.\n|\n|t:|1698175286\n|move|p2a: The Cooler Volc|Dark Pulse|p1a: Giratina\n|-supereffective|p1a: Giratina\n|-crit|p1a: Giratina\n|-damage|p1a: Giratina|0 fnt\n|faint|p1a: Giratina\n|\n|-weather|SunnyDay|[upkeep]\n|upkeep\n|inactive|Windflowerplains has 270 seconds left.\n|\n|t:|1698175293\n|switch|p1a: Tyranitar|Tyranitar, F|66\/100\n|-damage|p1a: Tyranitar|54\/100|[from] Stealth Rock\n|-weather|Sandstorm|[from] ability: Sand Stream|[of] p1a: Tyranitar\n|turn|14\n|inactive|Nitro524 has 270 seconds left.\n|inactive|Nitro524 has 240 seconds left.\n|\n|t:|1698175340\n|switch|p2a: Volcarona|Volcarona, F|100\/100\n|move|p1a: Tyranitar|Thunder Wave|p2a: Volcarona\n|-status|p2a: Volcarona|par\n|\n|-weather|Sandstorm|[upkeep]\n|-damage|p2a: Volcarona|94\/100 par|[from] Sandstorm\n|-heal|p1a: Tyranitar|60\/100|[from] item: Leftovers\n|upkeep\n|turn|15\n|inactive|Nitro524 has 240 seconds left.\n|inactive|Windflowerplains has 270 seconds left.\n|\n|t:|1698175366\n|switch|p1a: Gliscor|Gliscor, F|100\/100 tox\n|-damage|p1a: Gliscor|88\/100 tox|[from] Stealth Rock\n|move|p2a: Volcarona|Quiver Dance|p2a: Volcarona\n|-boost|p2a: Volcarona|spa|1\n|-boost|p2a: Volcarona|spd|1\n|-boost|p2a: Volcarona|spe|1\n|\n|-weather|Sandstorm|[upkeep]\n|-damage|p2a: Volcarona|88\/100 par|[from] Sandstorm\n|-heal|p1a: Gliscor|100\/100 tox|[from] ability: Poison Heal\n|upkeep\n|turn|16\n|inactive|Windflowerplains has 270 seconds left.\n|\n|t:|1698175377\n|move|p1a: Gliscor|Taunt|p2a: Volcarona\n|-start|p2a: Volcarona|move: Taunt\n|cant|p2a: Volcarona|move: Taunt|Quiver Dance\n|\n|-weather|Sandstorm|[upkeep]\n|-damage|p2a: Volcarona|82\/100 par|[from] Sandstorm\n|upkeep\n|turn|17\n|inactive|Windflowerplains has 270 seconds left.\n|\n|t:|1698175387\n|move|p1a: Gliscor|Knock Off|p2a: Volcarona\n|-damage|p2a: Volcarona|46\/100 par\n|-enditem|p2a: Volcarona|Heavy-Duty Boots|[from] move: Knock Off|[of] p1a: Gliscor\n|move|p2a: Volcarona|Giga Drain|p1a: Gliscor\n|-damage|p1a: Gliscor|52\/100 tox\n|-heal|p2a: Volcarona|73\/100 par|[from] drain|[of] p1a: Gliscor\n|\n|-weather|Sandstorm|[upkeep]\n|-damage|p2a: Volcarona|67\/100 par|[from] Sandstorm\n|-heal|p1a: Gliscor|65\/100 tox|[from] ability: Poison Heal\n|upkeep\n|turn|18\n|inactive|Nitro524 has 240 seconds left.\n|inactive|Windflowerplains has 270 seconds left.\n|\n|t:|1698175397\n|move|p1a: Gliscor|U-turn|p2a: Volcarona\n|-resisted|p2a: Volcarona\n|-damage|p2a: Volcarona|54\/100 par\n|\n|t:|1698175401\n|switch|p1a: Arceus|Arceus-Poison|100\/100|[from] U-turn\n|-damage|p1a: Arceus|88\/100|[from] Stealth Rock\n|move|p2a: Volcarona|Giga Drain|p1a: Arceus\n|-resisted|p1a: Arceus\n|-damage|p1a: Arceus|74\/100\n|-heal|p2a: Volcarona|64\/100 par|[from] drain|[of] p1a: Arceus\n|\n|-weather|none\n|-end|p2a: Volcarona|move: Taunt\n|upkeep\n|turn|19\n|\n|t:|1698175414\n|move|p2a: Volcarona|Quiver Dance|p2a: Volcarona\n|-boost|p2a: Volcarona|spa|1\n|-boost|p2a: Volcarona|spd|1\n|-boost|p2a: Volcarona|spe|1\n|move|p1a: Arceus|Roar|p2a: Volcarona\n|drag|p2a: Walking Wake|Walking Wake|8\/100\n|\n|upkeep\n|turn|20\n|\n|t:|1698175432\n|move|p1a: Arceus|Extreme Speed|p2a: Walking Wake\n|-damage|p2a: Walking Wake|0 fnt\n|faint|p2a: Walking Wake\n|-end|p2a: Walking Wake|Protosynthesis|[silent]\n|\n|upkeep\n|\n|t:|1698175439\n|switch|p2a: The Cooler Volc|Chi-Yu|43\/100\n|-ability|p2a: The Cooler Volc|Beads of Ruin\n|turn|21\n|\n|t:|1698175460\n|switch|p1a: Tyranitar|Tyranitar, F|60\/100\n|-damage|p1a: Tyranitar|48\/100|[from] Stealth Rock\n|-weather|Sandstorm|[from] ability: Sand Stream|[of] p1a: Tyranitar\n|move|p2a: The Cooler Volc|Overheat|p1a: Tyranitar\n|-resisted|p1a: Tyranitar\n|-damage|p1a: Tyranitar|26\/100\n|-unboost|p2a: The Cooler Volc|spa|2\n|\n|-weather|Sandstorm|[upkeep]\n|-damage|p2a: The Cooler Volc|37\/100|[from] Sandstorm\n|-heal|p1a: Tyranitar|32\/100|[from] item: Leftovers\n|upkeep\n|turn|22\n|inactive|Windflowerplains has 270 seconds left.\n|\n|t:|1698175479\n|switch|p2a: Volcarona|Volcarona, F|64\/100 par\n|move|p1a: Tyranitar|Earthquake|p2a: Volcarona\n|-damage|p2a: Volcarona|19\/100 par\n|\n|-weather|Sandstorm|[upkeep]\n|-damage|p2a: Volcarona|13\/100 par|[from] Sandstorm\n|-heal|p1a: Tyranitar|39\/100|[from] item: Leftovers\n|upkeep\n|turn|23\n|\n|t:|1698175489\n|switch|p1a: Arceus|Arceus-Poison|74\/100\n|-damage|p1a: Arceus|62\/100|[from] Stealth Rock\n|move|p2a: Volcarona|Giga Drain|p1a: Arceus\n|-resisted|p1a: Arceus\n|-damage|p1a: Arceus|53\/100\n|-heal|p2a: Volcarona|20\/100 par|[from] drain|[of] p1a: Arceus\n|\n|-weather|Sandstorm|[upkeep]\n|-damage|p1a: Arceus|46\/100|[from] Sandstorm\n|-damage|p2a: Volcarona|14\/100 par|[from] Sandstorm\n|upkeep\n|turn|24\n|inactive|Nitro524 has 270 seconds left.\n|\n|t:|1698175498\n|move|p1a: Arceus|Recover|p1a: Arceus\n|-heal|p1a: Arceus|96\/100\n|move|p2a: Volcarona|Flamethrower|p1a: Arceus\n|-damage|p1a: Arceus|63\/100\n|\n|-weather|Sandstorm|[upkeep]\n|-damage|p1a: Arceus|57\/100|[from] Sandstorm\n|-damage|p2a: Volcarona|8\/100 par|[from] Sandstorm\n|upkeep\n|turn|25\n|\n|t:|1698175513\n|move|p1a: Arceus|Recover|p1a: Arceus\n|-heal|p1a: Arceus|100\/100\n|cant|p2a: Volcarona|par\n|\n|-weather|none\n|upkeep\n|turn|26\n|\n|t:|1698175523\n|switch|p2a: Cyclizar|Cyclizar, M|84\/100\n|move|p1a: Arceus|Foul Play|p2a: Cyclizar\n|-damage|p2a: Cyclizar|56\/100\n|\n|upkeep\n|turn|27\n|\n|t:|1698175530\n|move|p1a: Arceus|Extreme Speed|p2a: Cyclizar\n|-damage|p2a: Cyclizar|27\/100\n|move|p2a: Cyclizar|Shed Tail|p2a: Cyclizar\n|-fail|p2a: Cyclizar|move: Shed Tail|[weak]\n|\n|upkeep\n|turn|28\n|\n|t:|1698175542\n|move|p1a: Arceus|Extreme Speed|p2a: Cyclizar\n|-damage|p2a: Cyclizar|0 fnt\n|faint|p2a: Cyclizar\n|\n|upkeep\n|\n|t:|1698175545\n|switch|p2a: Roaring Moon|Roaring Moon, tera:Steel|20\/100\n|turn|29\n|\n|t:|1698175554\n|move|p1a: Arceus|Foul Play|p2a: Roaring Moon\n|-damage|p2a: Roaring Moon|0 fnt\n|faint|p2a: Roaring Moon\n|-end|p2a: Roaring Moon|Protosynthesis|[silent]\n|\n|upkeep\n|\n|t:|1698175557\n|switch|p2a: The Cooler Volc|Chi-Yu|37\/100\n|-ability|p2a: The Cooler Volc|Beads of Ruin\n|turn|30\n|\n|t:|1698175562\n|move|p1a: Arceus|Extreme Speed|p2a: The Cooler Volc\n|-damage|p2a: The Cooler Volc|4\/100\n|move|p2a: The Cooler Volc|Dark Pulse|p1a: Arceus\n|-damage|p1a: Arceus|61\/100\n|\n|upkeep\n|turn|31\n|\n|t:|1698175568\n|move|p1a: Arceus|Extreme Speed|p2a: The Cooler Volc\n|-damage|p2a: The Cooler Volc|0 fnt\n|faint|p2a: The Cooler Volc\n|\n|upkeep\n|\n|t:|1698175573\n|switch|p2a: Volcarona|Volcarona, F|8\/100 par\n|turn|32\n|\n|t:|1698175576\n|move|p1a: Arceus|Foul Play|p2a: Volcarona\n|-crit|p2a: Volcarona\n|-damage|p2a: Volcarona|0 fnt\n|faint|p2a: Volcarona\n|\n|win|Windflowerplains\n|c|\u2606Nitro524|gg\n","uploadtime":1698175581,"views":15,"p1id":"windflowerplains","p2id":"nitro524","formatid":"gen9ubers","rating":0,"private":0,"password":""}