{"id":"gen9ubers-1972124445","p1":"Alpha1013","p2":"oiuygjj","format":"[Gen 9] Ubers","log":"|j|\u2606Alpha1013\n|j|\u2606oiuygjj\n|t:|1697814844\n|gametype|singles\n|player|p1|Alpha1013|#hpliiiruiners|\n|player|p2|oiuygjj|swimmer-gen4dp|\n|teamsize|p1|6\n|teamsize|p2|6\n|gen|9\n|tier|[Gen 9] Ubers\n|rated|Tournament battle\n|rule|Sleep Clause Mod: Limit one foe put to sleep\n|rule|Species Clause: Limit one of each Pok\u00e9mon\n|rule|OHKO Clause: OHKO moves are banned\n|rule|Evasion Items Clause: Evasion items are banned\n|rule|Evasion Moves Clause: Evasion moves are banned\n|rule|Endless Battle Clause: Forcing endless battles is banned\n|rule|HP Percentage Mod: HP is shown in percentages\n|clearpoke\n|poke|p1|Zacian-*|\n|poke|p1|Arceus|\n|poke|p1|Groudon|\n|poke|p1|Kingambit, F|\n|poke|p1|Koraidon|\n|poke|p1|Eternatus|\n|poke|p2|Kyogre|\n|poke|p2|Iron Treads|\n|poke|p2|Groudon|\n|poke|p2|Arceus-Grass|\n|poke|p2|Miraidon|\n|poke|p2|Zamazenta-*|\n|teampreview\n|inactive|Battle timer is ON: inactive players will automatically lose when time's up. (requested by Alpha1013)\n|\n|t:|1697814857\n|start\n|switch|p1a: Groudon|Groudon|100\/100\n|switch|p2a: Iron Treads|Iron Treads|100\/100\n|-weather|SunnyDay|[from] ability: Drought|[of] p1a: Groudon\n|turn|1\n|\n|t:|1697814879\n|-end|p2a: Iron Treads|Quark Drive|[silent]\n|switch|p2a: Groudon|Groudon|100\/100\n|move|p1a: Groudon|Stealth Rock|p2a: Groudon\n|-sidestart|p2: oiuygjj|move: Stealth Rock\n|\n|-weather|SunnyDay|[upkeep]\n|upkeep\n|turn|2\n|\n|t:|1697814883\n|move|p1a: Groudon|Will-O-Wisp|p2a: Groudon\n|-status|p2a: Groudon|brn\n|move|p2a: Groudon|Spikes|p1a: Groudon\n|-sidestart|p1: Alpha1013|Spikes\n|\n|-weather|SunnyDay|[upkeep]\n|-damage|p2a: Groudon|94\/100 brn|[from] brn\n|upkeep\n|turn|3\n|j| Na2Zn(OH)4\n|\n|t:|1697814897\n|move|p1a: Groudon|Earthquake|p2a: Groudon\n|-damage|p2a: Groudon|71\/100 brn\n|move|p2a: Groudon|Will-O-Wisp|p1a: Groudon\n|-status|p1a: Groudon|brn\n|\n|-weather|SunnyDay|[upkeep]\n|-heal|p2a: Groudon|77\/100 brn|[from] item: Leftovers\n|-damage|p2a: Groudon|71\/100 brn|[from] brn\n|-damage|p1a: Groudon|94\/100 brn|[from] brn\n|upkeep\n|turn|4\n|\n|t:|1697814912\n|move|p2a: Groudon|Spikes|p1a: Groudon\n|-sidestart|p1: Alpha1013|Spikes\n|move|p1a: Groudon|Overheat|p2a: Groudon\n|-damage|p2a: Groudon|29\/100 brn\n|-unboost|p1a: Groudon|spa|2\n|\n|-weather|SunnyDay|[upkeep]\n|-heal|p2a: Groudon|35\/100 brn|[from] item: Leftovers\n|-heal|p1a: Groudon|100\/100 brn|[from] item: Leftovers\n|-damage|p1a: Groudon|94\/100 brn|[from] brn\n|-damage|p2a: Groudon|29\/100 brn|[from] brn\n|upkeep\n|turn|5\n|\n|t:|1697814930\n|move|p2a: Groudon|Spikes|p1a: Groudon\n|-sidestart|p1: Alpha1013|Spikes\n|move|p1a: Groudon|Overheat|p2a: Groudon\n|-damage|p2a: Groudon|6\/100 brn\n|-unboost|p1a: Groudon|spa|2\n|\n|-weather|none\n|-heal|p2a: Groudon|12\/100 brn|[from] item: Leftovers\n|-heal|p1a: Groudon|100\/100 brn|[from] item: Leftovers\n|-damage|p2a: Groudon|6\/100 brn|[from] brn\n|-damage|p1a: Groudon|94\/100 brn|[from] brn\n|upkeep\n|turn|6\n|\n|t:|1697814949\n|move|p1a: Groudon|Earthquake|p2a: Groudon\n|-damage|p2a: Groudon|0 fnt\n|faint|p2a: Groudon\n|\n|-heal|p1a: Groudon|100\/100 brn|[from] item: Leftovers\n|-damage|p1a: Groudon|94\/100 brn|[from] brn\n|upkeep\n|\n|t:|1697814952\n|switch|p2a: Kyogre|Kyogre|100\/100\n|-damage|p2a: Kyogre|88\/100|[from] Stealth Rock\n|-weather|RainDance|[from] ability: Drizzle|[of] p2a: Kyogre\n|turn|7\n|\n|t:|1697814956\n|switch|p1a: Eternatus|Eternatus|100\/100\n|-ability|p1a: Eternatus|Pressure\n|-item|p1a: Eternatus|Air Balloon\n|move|p2a: Kyogre|Origin Pulse|p1a: Eternatus\n|-resisted|p1a: Eternatus\n|-damage|p1a: Eternatus|62\/100\n|-enditem|p1a: Eternatus|Air Balloon\n|\n|-weather|RainDance|[upkeep]\n|-heal|p2a: Kyogre|94\/100|[from] item: Leftovers\n|upkeep\n|turn|8\n|inactive|Alpha1013 has 120 seconds left.\n|\n|t:|1697815004\n|switch|p2a: Iron Treads|Iron Treads|100\/100\n|-damage|p2a: Iron Treads|98\/100|[from] Stealth Rock\n|move|p1a: Eternatus|Sludge Bomb|p2a: Iron Treads\n|-immune|p2a: Iron Treads\n|\n|-weather|RainDance|[upkeep]\n|-heal|p2a: Iron Treads|100\/100|[from] item: Leftovers\n|upkeep\n|turn|9\n|\n|t:|1697815018\n|move|p1a: Eternatus|Flamethrower|p2a: Iron Treads\n|-supereffective|p2a: Iron Treads\n|-damage|p2a: Iron Treads|74\/100\n|move|p2a: Iron Treads|Rapid Spin|p1a: Eternatus\n|-damage|p1a: Eternatus|49\/100\n|-boost|p2a: Iron Treads|spe|1\n|-sideend|p2: oiuygjj|Stealth Rock|[from] move: Rapid Spin|[of] p2a: Iron Treads\n|\n|-weather|RainDance|[upkeep]\n|-heal|p2a: Iron Treads|80\/100|[from] item: Leftovers\n|upkeep\n|turn|10\n|inactive|Alpha1013 has 120 seconds left.\n|\n|t:|1697815044\n|switch|p1a: Groudon|Groudon|94\/100 brn\n|-damage|p1a: Groudon|69\/100 brn|[from] Spikes\n|-weather|SunnyDay|[from] ability: Drought|[of] p1a: Groudon\n|move|p2a: Iron Treads|Earthquake|p1a: Groudon\n|-damage|p1a: Groudon|51\/100 brn\n|\n|-weather|SunnyDay|[upkeep]\n|-heal|p2a: Iron Treads|86\/100|[from] item: Leftovers\n|-heal|p1a: Groudon|57\/100 brn|[from] item: Leftovers\n|-damage|p1a: Groudon|51\/100 brn|[from] brn\n|upkeep\n|turn|11\n|\n|t:|1697815051\n|-end|p2a: Iron Treads|Quark Drive|[silent]\n|switch|p2a: Kyogre|Kyogre|94\/100\n|-weather|RainDance|[from] ability: Drizzle|[of] p2a: Kyogre\n|switch|p1a: Koraidon|Koraidon|100\/100\n|-damage|p1a: Koraidon|76\/100|[from] Spikes\n|-weather|SunnyDay|[from] ability: Orichalcum Pulse|[of] p1a: Koraidon\n|-activate|p1a: Koraidon|Orichalcum Pulse|[source]\n|\n|-weather|SunnyDay|[upkeep]\n|-heal|p2a: Kyogre|100\/100|[from] item: Leftovers\n|upkeep\n|turn|12\n|\n|t:|1697815060\n|switch|p2a: Zamazenta|Zamazenta|100\/100\n|-ability|p2a: Zamazenta|Dauntless Shield|boost\n|-boost|p2a: Zamazenta|def|1\n|move|p1a: Koraidon|Close Combat|p2a: Zamazenta\n|-damage|p2a: Zamazenta|31\/100\n|-unboost|p1a: Koraidon|def|1\n|-unboost|p1a: Koraidon|spd|1\n|\n|-weather|SunnyDay|[upkeep]\n|upkeep\n|turn|13\n|\n|t:|1697815067\n|move|p2a: Zamazenta|Body Press|p1a: Koraidon\n|-damage|p1a: Koraidon|10\/100\n|move|p1a: Koraidon|Close Combat|p2a: Zamazenta\n|-damage|p2a: Zamazenta|0 fnt\n|-unboost|p1a: Koraidon|def|1\n|-unboost|p1a: Koraidon|spd|1\n|faint|p2a: Zamazenta\n|\n|-weather|SunnyDay|[upkeep]\n|upkeep\n|\n|t:|1697815074\n|switch|p2a: Miraidon|Miraidon|100\/100\n|-fieldstart|move: Electric Terrain|[from] ability: Hadron Engine|[of] p2a: Miraidon\n|turn|14\n|inactive|Alpha1013 has 120 seconds left.\n|\n|t:|1697815094\n|move|p2a: Miraidon|U-turn|p1a: Koraidon\n|-resisted|p1a: Koraidon\n|-damage|p1a: Koraidon|0 fnt\n|faint|p1a: Koraidon\n|\n|t:|1697815109\n|switch|p2a: Kyogre|Kyogre|100\/100|[from] U-turn\n|-weather|RainDance|[from] ability: Drizzle|[of] p2a: Kyogre\n|\n|-weather|RainDance|[upkeep]\n|upkeep\n|inactive|Alpha1013 has 120 seconds left.\n|\n|t:|1697815137\n|switch|p1a: Groudon|Groudon|51\/100 brn\n|-damage|p1a: Groudon|26\/100 brn|[from] Spikes\n|-weather|SunnyDay|[from] ability: Drought|[of] p1a: Groudon\n|turn|15\n|\n|t:|1697815159\n|move|p2a: Kyogre|Ice Beam|p1a: Groudon\n|-supereffective|p1a: Groudon\n|-crit|p1a: Groudon\n|-damage|p1a: Groudon|0 fnt\n|faint|p1a: Groudon\n|\n|-weather|SunnyDay|[upkeep]\n|upkeep\n|\n|t:|1697815180\n|switch|p1a: Zacian|Zacian-Crowned|100\/100\n|-damage|p1a: Zacian|76\/100|[from] Spikes\n|-ability|p1a: Zacian|Intrepid Sword|boost\n|-boost|p1a: Zacian|atk|1\n|turn|16\n|inactive|oiuygjj has 120 seconds left.\n|\n|t:|1697815207\n|switch|p2a: Iron Treads|Iron Treads|86\/100\n|-activate|p2a: Iron Treads|ability: Quark Drive\n|-start|p2a: Iron Treads|quarkdrivespd\n|move|p1a: Zacian|Behemoth Blade|p2a: Iron Treads\n|-resisted|p2a: Iron Treads\n|-damage|p2a: Iron Treads|48\/100\n|\n|-weather|SunnyDay|[upkeep]\n|-heal|p2a: Iron Treads|54\/100|[from] item: Leftovers\n|upkeep\n|turn|17\n|\n|t:|1697815221\n|move|p1a: Zacian|Close Combat|p2a: Iron Treads\n|-supereffective|p2a: Iron Treads\n|-damage|p2a: Iron Treads|0 fnt\n|-unboost|p1a: Zacian|def|1\n|-unboost|p1a: Zacian|spd|1\n|faint|p2a: Iron Treads\n|-end|p2a: Iron Treads|Quark Drive|[silent]\n|\n|-weather|SunnyDay|[upkeep]\n|upkeep\n|inactive|oiuygjj has 120 seconds left.\n|\n|t:|1697815236\n|switch|p2a: Miraidon|Miraidon|100\/100\n|-activate|p2a: Miraidon|ability: Hadron Engine\n|turn|18\n|inactive|Alpha1013 has 120 seconds left.\n|\n|t:|1697815257\n|switch|p1a: Eternatus|Eternatus|49\/100\n|-damage|p1a: Eternatus|24\/100|[from] Spikes\n|-ability|p1a: Eternatus|Pressure\n|move|p2a: Miraidon|Electro Drift|p1a: Eternatus\n|-resisted|p1a: Eternatus\n|-damage|p1a: Eternatus|0 fnt\n|faint|p1a: Eternatus\n|\n|-weather|SunnyDay|[upkeep]\n|-fieldend|move: Electric Terrain\n|upkeep\n|\n|t:|1697815260\n|switch|p1a: Arceus|Arceus|100\/100\n|-damage|p1a: Arceus|75\/100|[from] Spikes\n|turn|19\n|inactive|oiuygjj has 120 seconds left.\n|\n|t:|1697815299\n|move|p1a: Arceus|Extreme Speed|p2a: Miraidon\n|-damage|p2a: Miraidon|55\/100\n|move|p2a: Miraidon|Electro Drift|p1a: Arceus\n|-damage|p1a: Arceus|39\/100\n|\n|-weather|none\n|-heal|p1a: Arceus|45\/100|[from] item: Leftovers\n|upkeep\n|turn|20\n|\n|t:|1697815306\n|switch|p2a: Arceus|Arceus-Grass|100\/100\n|move|p1a: Arceus|Swords Dance|p1a: Arceus\n|-boost|p1a: Arceus|atk|2\n|\n|-heal|p1a: Arceus|51\/100|[from] item: Leftovers\n|upkeep\n|turn|21\n|inactive|oiuygjj has 120 seconds left.\n|\n|t:|1697815314\n|move|p1a: Arceus|Extreme Speed|p2a: Arceus\n|-damage|p2a: Arceus|41\/100\n|move|p2a: Arceus|Bullet Seed|p1a: Arceus\n|-damage|p1a: Arceus|43\/100\n|-damage|p1a: Arceus|34\/100\n|-damage|p1a: Arceus|25\/100\n|-hitcount|p1a: Arceus|3\n|\n|-heal|p1a: Arceus|31\/100|[from] item: Leftovers\n|upkeep\n|turn|22\n|\n|t:|1697815331\n|move|p1a: Arceus|Extreme Speed|p2a: Arceus\n|-damage|p2a: Arceus|0 fnt\n|faint|p2a: Arceus\n|\n|-heal|p1a: Arceus|37\/100|[from] item: Leftovers\n|upkeep\n|\n|t:|1697815337\n|switch|p2a: Miraidon|Miraidon|55\/100\n|-fieldstart|move: Electric Terrain|[from] ability: Hadron Engine|[of] p2a: Miraidon\n|turn|23\n|inactive|oiuygjj has 120 seconds left.\n|\n|t:|1697815358\n|-terastallize|p2a: Miraidon|Ghost\n|move|p1a: Arceus|Extreme Speed|p2a: Miraidon\n|-immune|p2a: Miraidon\n|move|p2a: Miraidon|Electro Drift|p1a: Arceus\n|-damage|p1a: Arceus|0 fnt\n|faint|p1a: Arceus\n|\n|upkeep\n|\n|t:|1697815369\n|switch|p1a: Kingambit|Kingambit, F|100\/100\n|-damage|p1a: Kingambit|76\/100|[from] Spikes\n|-activate|p1a: Kingambit|ability: Supreme Overlord\n|-start|p1a: Kingambit|fallen4|[silent]\n|turn|24\n|\n|t:|1697815377\n|switch|p2a: Kyogre|Kyogre|100\/100\n|-weather|RainDance|[from] ability: Drizzle|[of] p2a: Kyogre\n|move|p1a: Kingambit|Sucker Punch||[still]\n|-fail|p1a: Kingambit\n|\n|-weather|RainDance|[upkeep]\n|-heal|p1a: Kingambit|82\/100|[from] item: Leftovers\n|upkeep\n|turn|25\n|\n|t:|1697815385\n|-end|p1a: Kingambit|fallen4|[silent]\n|switch|p1a: Zacian|Zacian-Crowned|76\/100\n|-damage|p1a: Zacian|51\/100|[from] Spikes\n|move|p2a: Kyogre|Origin Pulse|p1a: Zacian\n|-damage|p1a: Zacian|0 fnt\n|faint|p1a: Zacian\n|\n|-weather|RainDance|[upkeep]\n|upkeep\n|\n|t:|1697815389\n|switch|p1a: Kingambit|Kingambit, F|82\/100\n|-damage|p1a: Kingambit|57\/100|[from] Spikes\n|-activate|p1a: Kingambit|ability: Supreme Overlord\n|-start|p1a: Kingambit|fallen5|[silent]\n|turn|26\n|\n|t:|1697815392\n|move|p1a: Kingambit|Sucker Punch|p2a: Kyogre\n|-damage|p2a: Kyogre|58\/100\n|move|p2a: Kyogre|Origin Pulse|p1a: Kingambit\n|-damage|p1a: Kingambit|0 fnt\n|faint|p1a: Kingambit\n|-end|p1a: Kingambit|fallen5|[silent]\n|\n|win|oiuygjj\n|n|\u2606Alpha1013|alpha1013\n|n|\u2606oiuygjj|oiuygjj\n|n| Na2Zn(OH)4|na2znoh4\n|l|\u2606oiuygjj\n|l|\u2606Alpha1013\n","uploadtime":1697815429,"views":20,"p1id":"alpha1013","p2id":"oiuygjj","formatid":"gen9ubers","rating":0,"private":0,"password":""}