{"id":"gen9ubers-1976340317","p1":"freesespuffs","p2":"Anne Frankkkk","format":"[Gen 9] Ubers","log":"|j|\u2606freesespuffs\n|j|\u2606Anne Frankkkk\n|t:|1698288630\n|gametype|singles\n|player|p1|freesespuffs|maid|1000\n|player|p2|Anne Frankkkk|hilbert|1114\n|teamsize|p1|6\n|teamsize|p2|6\n|gen|9\n|tier|[Gen 9] Ubers\n|rated|\n|rule|Sleep Clause Mod: Limit one foe put to sleep\n|rule|Species Clause: Limit one of each Pok\u00e9mon\n|rule|OHKO Clause: OHKO moves are banned\n|rule|Evasion Items Clause: Evasion items are banned\n|rule|Evasion Moves Clause: Evasion moves are banned\n|rule|Endless Battle Clause: Forcing endless battles is banned\n|rule|HP Percentage Mod: HP is shown in percentages\n|clearpoke\n|poke|p1|Groudon|\n|poke|p1|Meowscarada, F|\n|poke|p1|Clodsire, M|\n|poke|p1|Iron Bundle|\n|poke|p1|Dragapult, F|\n|poke|p1|Eternatus|\n|poke|p2|Iron Hands|\n|poke|p2|Kyogre|\n|poke|p2|Chien-Pao|\n|poke|p2|Ribombee, F|\n|poke|p2|Miraidon|\n|poke|p2|Flutter Mane|\n|teampreview\n|inactive|Battle timer is ON: inactive players will automatically lose when time's up. (requested by Anne Frankkkk)\n|\n|t:|1698288637\n|start\n|switch|p1a: Clodsire|Clodsire, M|100\/100\n|switch|p2a: Moonblast|Ribombee, F, shiny|100\/100\n|turn|1\n|\n|t:|1698288647\n|move|p2a: Moonblast|Sticky Web|p1a: Clodsire\n|-sidestart|p1: freesespuffs|move: Sticky Web\n|move|p1a: Clodsire|Toxic|p2a: Moonblast\n|-status|p2a: Moonblast|tox\n|\n|-damage|p2a: Moonblast|94\/100 tox|[from] psn\n|upkeep\n|turn|2\n|\n|t:|1698288654\n|switch|p2a: Ice Cat|Chien-Pao|100\/100\n|-ability|p2a: Ice Cat|Sword of Ruin\n|move|p1a: Clodsire|Earthquake|p2a: Ice Cat\n|-damage|p2a: Ice Cat|63\/100\n|\n|upkeep\n|turn|3\n|\n|t:|1698288665\n|move|p2a: Ice Cat|Sacred Sword|p1a: Clodsire\n|-resisted|p1a: Clodsire\n|-damage|p1a: Clodsire|68\/100\n|-damage|p2a: Ice Cat|53\/100|[from] item: Life Orb\n|move|p1a: Clodsire|Toxic|p2a: Ice Cat\n|-status|p2a: Ice Cat|tox\n|\n|-heal|p1a: Clodsire|75\/100|[from] item: Leftovers\n|-damage|p2a: Ice Cat|47\/100 tox|[from] psn\n|upkeep\n|turn|4\n|\n|t:|1698288674\n|move|p2a: Ice Cat|Ice Spinner|p1a: Clodsire\n|-supereffective|p1a: Clodsire\n|-damage|p1a: Clodsire|0 fnt\n|faint|p1a: Clodsire\n|-damage|p2a: Ice Cat|37\/100 tox|[from] item: Life Orb\n|\n|-damage|p2a: Ice Cat|25\/100 tox|[from] psn\n|upkeep\n|\n|t:|1698288682\n|switch|p1a: Dragapult|Dragapult, F|100\/100\n|-activate|p1a: Dragapult|move: Sticky Web\n|-unboost|p1a: Dragapult|spe|1\n|turn|5\n|\n|t:|1698288696\n|-terastallize|p1a: Dragapult|Fairy\n|move|p2a: Ice Cat|Sucker Punch|p1a: Dragapult\n|-resisted|p1a: Dragapult\n|-damage|p1a: Dragapult|57\/100\n|-damage|p2a: Ice Cat|15\/100 tox|[from] item: Life Orb\n|move|p1a: Dragapult|Phantom Force||[still]\n|-prepare|p1a: Dragapult|Phantom Force\n|\n|-heal|p1a: Dragapult|63\/100|[from] item: Leftovers\n|-damage|p2a: Ice Cat|0 fnt|[from] psn\n|faint|p2a: Ice Cat\n|upkeep\n|\n|t:|1698288705\n|switch|p2a: Big Boy|Iron Hands, shiny|100\/100\n|turn|6\n|\n|t:|1698288710\n|move|p2a: Big Boy|Fake Out|p1a: Dragapult|[miss]\n|-miss|p2a: Big Boy|p1a: Dragapult\n|move|p1a: Dragapult|Phantom Force|p2a: Big Boy|[from]lockedmove\n|-damage|p2a: Big Boy|72\/100\n|\n|-heal|p1a: Dragapult|69\/100|[from] item: Leftovers\n|upkeep\n|turn|7\n|\n|t:|1698288719\n|move|p1a: Dragapult|Dragon Darts|p2a: Big Boy\n|-damage|p2a: Big Boy|56\/100\n|-anim|p1a: Dragapult|Dragon Darts|p2a: Big Boy\n|-damage|p2a: Big Boy|40\/100\n|move|p2a: Big Boy|Heavy Slam|p1a: Dragapult\n|-supereffective|p1a: Dragapult\n|-damage|p1a: Dragapult|0 fnt\n|faint|p1a: Dragapult\n|\n|upkeep\n|\n|t:|1698288730\n|switch|p1a: Groudon|Groudon|100\/100\n|-activate|p1a: Groudon|move: Sticky Web\n|-unboost|p1a: Groudon|spe|1\n|-weather|SunnyDay|[from] ability: Drought|[of] p1a: Groudon\n|turn|8\n|\n|t:|1698288737\n|move|p1a: Groudon|Precipice Blades|p2a: Big Boy\n|-supereffective|p2a: Big Boy\n|-damage|p2a: Big Boy|0 fnt\n|faint|p2a: Big Boy\n|-end|p2a: Big Boy|Quark Drive|[silent]\n|\n|-weather|SunnyDay|[upkeep]\n|upkeep\n|\n|t:|1698288740\n|switch|p2a: The Flood|Kyogre|100\/100\n|-weather|RainDance|[from] ability: Drizzle|[of] p2a: The Flood\n|turn|9\n|\n|t:|1698288748\n|move|p2a: The Flood|Water Spout|p1a: Groudon\n|-supereffective|p1a: Groudon\n|-damage|p1a: Groudon|0 fnt\n|faint|p1a: Groudon\n|\n|-weather|RainDance|[upkeep]\n|upkeep\n|\n|t:|1698288755\n|switch|p1a: Meowscarada|Meowscarada, F|100\/100\n|turn|10\n|\n|t:|1698288760\n|switch|p2a: Moonblast|Ribombee, F, shiny|94\/100 tox\n|move|p1a: Meowscarada|Flower Trick|p2a: Moonblast\n|-start|p1a: Meowscarada|typechange|Grass|[from] ability: Protean\n|-resisted|p2a: Moonblast\n|-crit|p2a: Moonblast\n|-damage|p2a: Moonblast|45\/100 tox\n|\n|-weather|RainDance|[upkeep]\n|-damage|p2a: Moonblast|39\/100 tox|[from] psn\n|upkeep\n|turn|11\n|\n|t:|1698288773\n|move|p2a: Moonblast|Bug Buzz|p1a: Meowscarada\n|-supereffective|p1a: Meowscarada\n|-damage|p1a: Meowscarada|0 fnt\n|faint|p1a: Meowscarada\n|\n|-weather|RainDance|[upkeep]\n|-damage|p2a: Moonblast|27\/100 tox|[from] psn\n|upkeep\n|\n|t:|1698288780\n|switch|p1a: Iron Bundle|Iron Bundle|100\/100\n|turn|12\n|\n|t:|1698288783\n|move|p1a: Iron Bundle|Ice Beam|p2a: Moonblast\n|-damage|p2a: Moonblast|0 fnt\n|faint|p2a: Moonblast\n|\n|-weather|RainDance|[upkeep]\n|upkeep\n|\n|t:|1698288791\n|switch|p2a: Cyber Lizard|Miraidon|100\/100\n|-fieldstart|move: Electric Terrain|[from] ability: Hadron Engine|[of] p2a: Cyber Lizard\n|-activate|p1a: Iron Bundle|ability: Quark Drive\n|-start|p1a: Iron Bundle|quarkdrivespe\n|-item|p2a: Cyber Lizard|Air Balloon\n|turn|13\n|-message|freesespuffs forfeited.\n|\n|win|Anne Frankkkk\n|raw|freesespuffs's rating: 1000 &rarr; <strong>1000<\/strong><br \/>(+0 for losing)\n|raw|Anne Frankkkk's rating: 1114 &rarr; <strong>1131<\/strong><br \/>(+17 for winning)\n|l|\u2606freesespuffs\n","uploadtime":1698288796,"views":9,"p1id":"freesespuffs","p2id":"annefrankkkk","formatid":"gen9ubers","rating":1000,"private":0,"password":""}