{"id":"gen9ubers-1974781968","p1":"ryjobu","p2":"Tenty Cool","format":"[Gen 9] Ubers","log":"|j|\u2606ryjobu\n|j|\u2606Tenty Cool\n|t:|1698123495\n|gametype|singles\n|player|p1|ryjobu|cowgirl|1169\n|player|p2|Tenty Cool|swimmer-gen4dp|1241\n|teamsize|p1|6\n|teamsize|p2|6\n|gen|9\n|tier|[Gen 9] Ubers\n|rated|\n|rule|Sleep Clause Mod: Limit one foe put to sleep\n|rule|Species Clause: Limit one of each Pok\u00e9mon\n|rule|OHKO Clause: OHKO moves are banned\n|rule|Evasion Items Clause: Evasion items are banned\n|rule|Evasion Moves Clause: Evasion moves are banned\n|rule|Endless Battle Clause: Forcing endless battles is banned\n|rule|HP Percentage Mod: HP is shown in percentages\n|clearpoke\n|poke|p1|Ninetales-Alola, M|\n|poke|p1|Baxcalibur, F|\n|poke|p1|Iron Bundle|\n|poke|p1|Flutter Mane|\n|poke|p1|Dialga-Origin|\n|poke|p1|Arceus-Electric|\n|poke|p2|Annihilape, M|\n|poke|p2|Urshifu-*, F|\n|poke|p2|Miraidon|\n|poke|p2|Zacian-*|\n|poke|p2|Chien-Pao|\n|poke|p2|Ogerpon-Hearthflame, F|\n|teampreview\n|\n|t:|1698123531\n|start\n|switch|p1a: Iron Bundle|Iron Bundle|100\/100\n|switch|p2a: Miraidon|Miraidon|100\/100\n|-fieldstart|move: Electric Terrain|[from] ability: Hadron Engine|[of] p2a: Miraidon\n|-activate|p1a: Iron Bundle|ability: Quark Drive\n|-start|p1a: Iron Bundle|quarkdrivespe\n|turn|1\n|\n|t:|1698123540\n|move|p1a: Iron Bundle|Ice Beam|p2a: Miraidon\n|-supereffective|p2a: Miraidon\n|-damage|p2a: Miraidon|19\/100\n|move|p2a: Miraidon|Electro Drift|p1a: Iron Bundle\n|-supereffective|p1a: Iron Bundle\n|-damage|p1a: Iron Bundle|0 fnt\n|faint|p1a: Iron Bundle\n|-end|p1a: Iron Bundle|Quark Drive|[silent]\n|\n|upkeep\n|\n|t:|1698123571\n|switch|p1a: Arceus|Arceus-Electric|100\/100\n|turn|2\n|\n|t:|1698123580\n|switch|p2a: Ogerpon|Ogerpon-Hearthflame, F|100\/100\n|-ability|p2a: Ogerpon|Mold Breaker\n|move|p1a: Arceus|Calm Mind|p1a: Arceus\n|-boost|p1a: Arceus|spa|1\n|-boost|p1a: Arceus|spd|1\n|\n|upkeep\n|turn|3\n|\n|t:|1698123587\n|move|p1a: Arceus|Calm Mind|p1a: Arceus\n|-boost|p1a: Arceus|spa|1\n|-boost|p1a: Arceus|spd|1\n|move|p2a: Ogerpon|Leech Seed|p1a: Arceus\n|-start|p1a: Arceus|move: Leech Seed\n|\n|-damage|p1a: Arceus|88\/100|[from] Leech Seed|[of] p2a: Ogerpon\n|upkeep\n|turn|4\n|\n|t:|1698123591\n|move|p1a: Arceus|Calm Mind|p1a: Arceus\n|-boost|p1a: Arceus|spa|1\n|-boost|p1a: Arceus|spd|1\n|move|p2a: Ogerpon|Substitute|p2a: Ogerpon\n|-start|p2a: Ogerpon|Substitute\n|-damage|p2a: Ogerpon|76\/100\n|\n|-damage|p1a: Arceus|76\/100|[from] Leech Seed|[of] p2a: Ogerpon\n|-heal|p2a: Ogerpon|94\/100|[silent]\n|upkeep\n|turn|5\n|\n|t:|1698123600\n|move|p1a: Arceus|Aura Sphere|p2a: Ogerpon\n|-end|p2a: Ogerpon|Substitute\n|move|p2a: Ogerpon|Ivy Cudgel|p1a: Arceus\n|-damage|p1a: Arceus|34\/100\n|\n|-damage|p1a: Arceus|22\/100|[from] Leech Seed|[of] p2a: Ogerpon\n|-heal|p2a: Ogerpon|100\/100|[silent]\n|-fieldend|move: Electric Terrain\n|upkeep\n|turn|6\n|\n|t:|1698123609\n|switch|p2a: Annihilape|Annihilape, M|100\/100\n|move|p1a: Arceus|Recover|p1a: Arceus\n|-heal|p1a: Arceus|72\/100\n|\n|-damage|p1a: Arceus|60\/100|[from] Leech Seed|[of] p2a: Annihilape\n|upkeep\n|turn|7\n|\n|t:|1698123634\n|move|p1a: Arceus|Judgment|p2a: Annihilape\n|-damage|p2a: Annihilape|20\/100\n|move|p2a: Annihilape|Drain Punch|p1a: Arceus\n|-damage|p1a: Arceus|40\/100\n|-heal|p2a: Annihilape|30\/100|[from] drain|[of] p1a: Arceus\n|\n|-heal|p2a: Annihilape|36\/100|[from] item: Leftovers\n|-damage|p1a: Arceus|28\/100|[from] Leech Seed|[of] p2a: Annihilape\n|-heal|p2a: Annihilape|49\/100|[silent]\n|upkeep\n|turn|8\n|\n|t:|1698123644\n|move|p1a: Arceus|Judgment|p2a: Annihilape\n|-damage|p2a: Annihilape|0 fnt\n|faint|p2a: Annihilape\n|\n|upkeep\n|\n|t:|1698123657\n|switch|p2a: Zacian|Zacian-Crowned|100\/100\n|-ability|p2a: Zacian|Intrepid Sword|boost\n|-boost|p2a: Zacian|atk|1\n|turn|9\n|\n|t:|1698123662\n|-terastallize|p1a: Arceus|Flying\n|move|p2a: Zacian|Play Rough|p1a: Arceus\n|-damage|p1a: Arceus|0 fnt\n|faint|p1a: Arceus\n|\n|upkeep\n|\n|t:|1698123672\n|switch|p1a: Dialga|Dialga-Origin|100\/100\n|-ability|p1a: Dialga|Pressure\n|turn|10\n|\n|t:|1698123693\n|-terastallize|p2a: Zacian|Fire\n|move|p2a: Zacian|Tera Blast|p1a: Dialga|[anim] Tera Blast Fire\n|-damage|p1a: Dialga|48\/100\n|move|p1a: Dialga|Steel Beam|p2a: Zacian\n|-resisted|p2a: Zacian\n|-damage|p2a: Zacian|64\/100\n|-damage|p1a: Dialga|0 fnt|[from] steelbeam\n|faint|p1a: Dialga\n|\n|upkeep\n|\n|t:|1698123700\n|switch|p1a: Ninetales|Ninetales-Alola, M|100\/100\n|-weather|Snow|[from] ability: Snow Warning|[of] p1a: Ninetales\n|turn|11\n|\n|t:|1698123707\n|move|p2a: Zacian|Tera Blast|p1a: Ninetales|[anim] Tera Blast Fire\n|-supereffective|p1a: Ninetales\n|-crit|p1a: Ninetales\n|-damage|p1a: Ninetales|0 fnt\n|faint|p1a: Ninetales\n|\n|-weather|Snow|[upkeep]\n|upkeep\n|\n|t:|1698123711\n|switch|p1a: Baxcalibur|Baxcalibur, F|100\/100\n|turn|12\n|\n|t:|1698123719\n|move|p2a: Zacian|Behemoth Blade|p1a: Baxcalibur\n|-supereffective|p1a: Baxcalibur\n|-damage|p1a: Baxcalibur|0 fnt\n|faint|p1a: Baxcalibur\n|\n|-weather|Snow|[upkeep]\n|upkeep\n|\n|t:|1698123722\n|switch|p1a: Flutter Mane|Flutter Mane|100\/100\n|turn|13\n|\n|t:|1698123725\n|move|p2a: Zacian|Behemoth Blade|p1a: Flutter Mane\n|-supereffective|p1a: Flutter Mane\n|-damage|p1a: Flutter Mane|0 fnt\n|faint|p1a: Flutter Mane\n|-end|p1a: Flutter Mane|Protosynthesis|[silent]\n|\n|win|Tenty Cool\n|raw|ryjobu's rating: 1169 &rarr; <strong>1149<\/strong><br \/>(-20 for losing)\n|raw|Tenty Cool's rating: 1241 &rarr; <strong>1261<\/strong><br \/>(+20 for winning)\n|l|\u2606ryjobu\n","uploadtime":1698123737,"views":7,"p1id":"ryjobu","p2id":"tentycool","formatid":"gen9ubers","rating":1149,"private":0,"password":""}