{"id":"gen9ubers-2000170534","p1":"ghhhgyhh","p2":"700club","format":"[Gen 9] Ubers","log":"|j|\u2606ghhhgyhh\n|j|\u2606700club\n|t:|1701166758\n|gametype|singles\n|player|p1|ghhhgyhh|youngster-gen4dp|1263\n|player|p2|700club|shadowtriad|1164\n|teamsize|p1|6\n|teamsize|p2|6\n|gen|9\n|tier|[Gen 9] Ubers\n|rated|\n|rule|Sleep Clause Mod: Limit one foe put to sleep\n|rule|Species Clause: Limit one of each Pok\u00e9mon\n|rule|OHKO Clause: OHKO moves are banned\n|rule|Evasion Items Clause: Evasion items are banned\n|rule|Evasion Moves Clause: Evasion moves are banned\n|rule|Endless Battle Clause: Forcing endless battles is banned\n|rule|HP Percentage Mod: HP is shown in percentages\n|clearpoke\n|poke|p1|Arceus-Ground|\n|poke|p1|Miraidon|\n|poke|p1|Iron Bundle|\n|poke|p1|Darkrai|\n|poke|p1|Roaring Moon|\n|poke|p1|Annihilape, F|\n|poke|p2|Koraidon|\n|poke|p2|Toxapex, F|\n|poke|p2|Gothitelle, F|\n|poke|p2|Scovillain, F|\n|poke|p2|Alomomola, F|\n|poke|p2|Great Tusk|\n|teampreview\n|c|\u2606700club|hi\n|\n|t:|1701166779\n|start\n|switch|p1a: Miraidon|Miraidon|100\/100\n|switch|p2a: Koraidon|Koraidon|100\/100\n|-fieldstart|move: Electric Terrain|[from] ability: Hadron Engine|[of] p1a: Miraidon\n|-weather|SunnyDay|[from] ability: Orichalcum Pulse|[of] p2a: Koraidon\n|-activate|p2a: Koraidon|Orichalcum Pulse|[source]\n|turn|1\n|j| Kai dragneel\n|\n|t:|1701166804\n|move|p1a: Miraidon|Dazzling Gleam|p2a: Koraidon\n|-supereffective|p2a: Koraidon\n|-damage|p2a: Koraidon|0 fnt\n|faint|p2a: Koraidon\n|\n|-weather|SunnyDay|[upkeep]\n|upkeep\n|\n|t:|1701166818\n|switch|p2a: Scovillain|Scovillain, F, shiny|100\/100\n|turn|2\n|\n|t:|1701166826\n|-terastallize|p2a: Scovillain|Fairy\n|move|p2a: Scovillain|Tera Blast|p1a: Miraidon|[anim] Tera Blast Fairy\n|-supereffective|p1a: Miraidon\n|-damage|p1a: Miraidon|16\/100\n|-damage|p2a: Scovillain|91\/100|[from] item: Life Orb\n|move|p1a: Miraidon|Volt Switch|p2a: Scovillain\n|-damage|p2a: Scovillain|0 fnt\n|faint|p2a: Scovillain\n|\n|t:|1701166837\n|switch|p1a: Iron Bundle|Iron Bundle|100\/100|[from] Volt Switch\n|-activate|p1a: Iron Bundle|ability: Quark Drive\n|-start|p1a: Iron Bundle|quarkdrivespe\n|\n|-weather|SunnyDay|[upkeep]\n|upkeep\n|\n|t:|1701166878\n|switch|p2a: Gothitelle|Gothitelle, F, shiny|100\/100\n|turn|3\n|\n|t:|1701166890\n|move|p2a: Gothitelle|Protect|p2a: Gothitelle\n|-singleturn|p2a: Gothitelle|Protect\n|move|p1a: Iron Bundle|Ice Beam|p2a: Gothitelle\n|-activate|p2a: Gothitelle|move: Protect\n|\n|-weather|SunnyDay|[upkeep]\n|upkeep\n|turn|4\n|\n|t:|1701166905\n|move|p1a: Iron Bundle|Ice Beam|p2a: Gothitelle\n|-damage|p2a: Gothitelle|56\/100\n|move|p2a: Gothitelle|Calm Mind|p2a: Gothitelle\n|-boost|p2a: Gothitelle|spa|1\n|-boost|p2a: Gothitelle|spd|1\n|\n|-weather|SunnyDay|[upkeep]\n|-heal|p2a: Gothitelle|62\/100|[from] item: Leftovers\n|upkeep\n|turn|5\n|\n|t:|1701166914\n|move|p1a: Iron Bundle|Ice Beam|p2a: Gothitelle\n|-damage|p2a: Gothitelle|32\/100\n|move|p2a: Gothitelle|Stored Power|p1a: Iron Bundle\n|-damage|p1a: Iron Bundle|38\/100\n|\n|-weather|SunnyDay|[upkeep]\n|-heal|p2a: Gothitelle|38\/100|[from] item: Leftovers\n|-fieldend|move: Electric Terrain\n|-end|p1a: Iron Bundle|Quark Drive\n|upkeep\n|turn|6\n|\n|t:|1701166924\n|move|p1a: Iron Bundle|Ice Beam|p2a: Gothitelle\n|-damage|p2a: Gothitelle|11\/100\n|move|p2a: Gothitelle|Stored Power|p1a: Iron Bundle\n|-damage|p1a: Iron Bundle|0 fnt\n|faint|p1a: Iron Bundle\n|-end|p1a: Iron Bundle|Quark Drive|[silent]\n|\n|-weather|SunnyDay|[upkeep]\n|-heal|p2a: Gothitelle|17\/100|[from] item: Leftovers\n|upkeep\n|\n|t:|1701166934\n|switch|p1a: Miraidon|Miraidon|16\/100\n|-fieldstart|move: Electric Terrain|[from] ability: Hadron Engine|[of] p1a: Miraidon\n|turn|7\n|\n|t:|1701166941\n|move|p1a: Miraidon|Dazzling Gleam|p2a: Gothitelle\n|-damage|p2a: Gothitelle|0 fnt\n|faint|p2a: Gothitelle\n|\n|-weather|SunnyDay|[upkeep]\n|-heal|p1a: Miraidon|22\/100|[from] item: Leftovers\n|upkeep\n|\n|t:|1701166957\n|switch|p2a: Great Tusk|Great Tusk|100\/100\n|-activate|p2a: Great Tusk|ability: Protosynthesis\n|-start|p2a: Great Tusk|protosynthesisatk\n|turn|8\n|\n|t:|1701167003\n|move|p1a: Miraidon|Draco Meteor|p2a: Great Tusk\n|-crit|p2a: Great Tusk\n|-damage|p2a: Great Tusk|0 fnt\n|-unboost|p1a: Miraidon|spa|2\n|faint|p2a: Great Tusk\n|-end|p2a: Great Tusk|Protosynthesis|[silent]\n|\n|-weather|none\n|-heal|p1a: Miraidon|28\/100|[from] item: Leftovers\n|upkeep\n|l| Kai dragneel\n|\n|t:|1701167027\n|switch|p2a: Toxapex|Toxapex, F, shiny|100\/100\n|turn|9\n|\n|t:|1701167034\n|move|p1a: Miraidon|Volt Switch|p2a: Toxapex\n|-supereffective|p2a: Toxapex\n|-damage|p2a: Toxapex|62\/100\n|-enditem|p2a: Toxapex|Eject Button\n|\n|t:|1701167060\n|switch|p2a: Alomomola|Alomomola, F, shiny|100\/100\n|\n|-heal|p1a: Miraidon|34\/100|[from] item: Leftovers\n|upkeep\n|turn|10\n|\n|t:|1701167074\n|switch|p1a: Darkrai|Darkrai|100\/100\n|move|p2a: Alomomola|Play Rough|p1a: Darkrai\n|-supereffective|p1a: Darkrai\n|-damage|p1a: Darkrai|62\/100\n|\n|upkeep\n|turn|11\n|\n|t:|1701167084\n|move|p1a: Darkrai|Hypnosis|p2a: Alomomola|[miss]\n|-miss|p1a: Darkrai|p2a: Alomomola\n|-enditem|p1a: Darkrai|Blunder Policy\n|-boost|p1a: Darkrai|spe|2\n|move|p2a: Alomomola|Play Rough|p1a: Darkrai\n|-supereffective|p1a: Darkrai\n|-damage|p1a: Darkrai|25\/100\n|\n|-fieldend|move: Electric Terrain\n|upkeep\n|turn|12\n|c|\u2606700club|cool strat\n|\n|t:|1701167117\n|move|p1a: Darkrai|Hypnosis|p2a: Alomomola|[miss]\n|-miss|p1a: Darkrai|p2a: Alomomola\n|move|p2a: Alomomola|Play Rough|p1a: Darkrai\n|-supereffective|p1a: Darkrai\n|-damage|p1a: Darkrai|0 fnt\n|faint|p1a: Darkrai\n|\n|upkeep\n|\n|t:|1701167121\n|switch|p1a: Miraidon|Miraidon|34\/100\n|-fieldstart|move: Electric Terrain|[from] ability: Hadron Engine|[of] p1a: Miraidon\n|turn|13\n|\n|t:|1701167127\n|move|p1a: Miraidon|Electro Drift|p2a: Alomomola\n|-supereffective|p2a: Alomomola\n|-damage|p2a: Alomomola|0 fnt\n|-damage|p1a: Miraidon|17\/100|[from] item: Rocky Helmet|[of] p2a: Alomomola\n|faint|p2a: Alomomola\n|\n|-heal|p1a: Miraidon|23\/100|[from] item: Leftovers\n|upkeep\n|\n|t:|1701167135\n|switch|p2a: Toxapex|Toxapex, F, shiny|96\/100\n|turn|14\n|\n|t:|1701167140\n|move|p1a: Miraidon|Electro Drift|p2a: Toxapex\n|-supereffective|p2a: Toxapex\n|-damage|p2a: Toxapex|0 fnt\n|faint|p2a: Toxapex\n|\n|win|ghhhgyhh\n|raw|ghhhgyhh's rating: 1263 &rarr; <strong>1281<\/strong><br \/>(+18 for winning)\n|raw|700club's rating: 1164 &rarr; <strong>1146<\/strong><br \/>(-18 for losing)\n|c|\u2606700club|gg\n","uploadtime":1701167149,"views":4,"p1id":"ghhhgyhh","p2id":"700club","formatid":"gen9ubers","rating":1146,"private":0,"password":""}