{"id":"gen9ubers-1972600208","p1":"starfire77","p2":"righteous light","format":"[Gen 9] Ubers","log":"|j|\u2606starfire77\n|j|\u2606righteous light\n|t:|1697862467\n|gametype|singles\n|player|p1|starfire77|hoopster|\n|player|p2|righteous light|ariana|\n|teamsize|p1|6\n|teamsize|p2|6\n|gen|9\n|tier|[Gen 9] Ubers\n|rated|Tournament battle\n|rule|Sleep Clause Mod: Limit one foe put to sleep\n|rule|Species Clause: Limit one of each Pok\u00e9mon\n|rule|OHKO Clause: OHKO moves are banned\n|rule|Evasion Items Clause: Evasion items are banned\n|rule|Evasion Moves Clause: Evasion moves are banned\n|rule|Endless Battle Clause: Forcing endless battles is banned\n|rule|HP Percentage Mod: HP is shown in percentages\n|clearpoke\n|poke|p1|Talonflame, M|\n|poke|p1|Miraidon|\n|poke|p1|Koraidon|\n|poke|p1|Flutter Mane|\n|poke|p1|Indeedee-F, F|\n|poke|p1|Basculegion, M|\n|poke|p2|Ribombee, F|\n|poke|p2|Kyogre|\n|poke|p2|Arceus-Fairy|\n|poke|p2|Koraidon|\n|poke|p2|Miraidon|\n|poke|p2|Zacian-*|\n|teampreview\n|inactive|Battle timer is ON: inactive players will automatically lose when time's up. (requested by starfire77)\n|inactive|righteous light also wants the timer to be on.\n|inactive|starfire77 has 120 seconds left.\n|\n|t:|1697862506\n|start\n|switch|p1a: Koraidon|Koraidon|100\/100\n|switch|p2a: Ribombee|Ribombee, F, shiny|100\/100\n|-weather|SunnyDay|[from] ability: Orichalcum Pulse|[of] p1a: Koraidon\n|-activate|p1a: Koraidon|Orichalcum Pulse|[source]\n|turn|1\n|\n|t:|1697862514\n|move|p1a: Koraidon|Flare Blitz|p2a: Ribombee\n|-supereffective|p2a: Ribombee\n|-enditem|p2a: Ribombee|Focus Sash\n|-damage|p2a: Ribombee|1\/100\n|-damage|p1a: Koraidon|75\/100|[from] Recoil\n|move|p2a: Ribombee|Sticky Web|p1a: Koraidon\n|-sidestart|p1: starfire77|move: Sticky Web\n|\n|-weather|SunnyDay|[upkeep]\n|upkeep\n|turn|2\n|inactive|starfire77 has 120 seconds left.\n|\n|t:|1697862549\n|move|p1a: Koraidon|Collision Course|p2a: Ribombee\n|-resisted|p2a: Ribombee\n|-damage|p2a: Ribombee|0 fnt\n|faint|p2a: Ribombee\n|\n|-weather|SunnyDay|[upkeep]\n|upkeep\n|\n|t:|1697862570\n|switch|p2a: Arceus|Arceus-Fairy|100\/100\n|turn|3\n|j| 8142e\n|inactive|starfire77 has 120 seconds left.\n|\n|t:|1697862582\n|move|p1a: Koraidon|Flare Blitz|p2a: Arceus\n|-damage|p2a: Arceus|49\/100\n|-damage|p1a: Koraidon|53\/100|[from] Recoil\n|move|p2a: Arceus|Judgment|p1a: Koraidon\n|-supereffective|p1a: Koraidon\n|-damage|p1a: Koraidon|0 fnt\n|faint|p1a: Koraidon\n|\n|-weather|SunnyDay|[upkeep]\n|upkeep\n|\n|t:|1697862586\n|switch|p1a: Miraidon|Miraidon|100\/100\n|-activate|p1a: Miraidon|move: Sticky Web\n|-unboost|p1a: Miraidon|spe|1\n|-fieldstart|move: Electric Terrain|[from] ability: Hadron Engine|[of] p1a: Miraidon\n|turn|4\n|\n|t:|1697862590\n|move|p2a: Arceus|Judgment|p1a: Miraidon\n|-supereffective|p1a: Miraidon\n|-damage|p1a: Miraidon|2\/100\n|move|p1a: Miraidon|Flash Cannon|p2a: Arceus\n|-supereffective|p2a: Arceus\n|-damage|p2a: Arceus|3\/100\n|\n|-weather|SunnyDay|[upkeep]\n|upkeep\n|turn|5\n|\n|t:|1697862600\n|move|p2a: Arceus|Judgment|p1a: Miraidon\n|-supereffective|p1a: Miraidon\n|-damage|p1a: Miraidon|0 fnt\n|faint|p1a: Miraidon\n|\n|-weather|none\n|upkeep\n|\n|t:|1697862617\n|switch|p1a: Talonflame|Talonflame, M|100\/100\n|turn|6\n|\n|t:|1697862621\n|move|p1a: Talonflame|Defog|p2a: Arceus\n|-unboost|p2a: Arceus|evasion|1\n|-sideend|p1: starfire77|Sticky Web|[from] move: Defog|[of] p1a: Talonflame\n|-fieldend|move: Electric Terrain\n|move|p2a: Arceus|Recover|p2a: Arceus\n|-heal|p2a: Arceus|53\/100\n|\n|upkeep\n|turn|7\n|\n|t:|1697862635\n|move|p1a: Talonflame|Brave Bird|p2a: Arceus\n|-damage|p2a: Arceus|23\/100\n|-damage|p1a: Talonflame|86\/100|[from] Recoil\n|move|p2a: Arceus|Recover|p2a: Arceus\n|-heal|p2a: Arceus|73\/100\n|\n|upkeep\n|turn|8\n|\n|t:|1697862647\n|move|p1a: Talonflame|Flare Blitz|p2a: Arceus\n|-damage|p2a: Arceus|47\/100\n|-damage|p1a: Talonflame|73\/100|[from] Recoil\n|move|p2a: Arceus|Judgment|p1a: Talonflame\n|-resisted|p1a: Talonflame\n|-damage|p1a: Talonflame|32\/100\n|\n|upkeep\n|turn|9\n|\n|t:|1697862652\n|move|p1a: Talonflame|Roost|p1a: Talonflame\n|-heal|p1a: Talonflame|83\/100\n|-singleturn|p1a: Talonflame|move: Roost\n|move|p2a: Arceus|Recover|p2a: Arceus\n|-heal|p2a: Arceus|98\/100\n|\n|upkeep\n|turn|10\n|\n|t:|1697862673\n|move|p1a: Talonflame|Brave Bird|p2a: Arceus\n|-crit|p2a: Arceus\n|-damage|p2a: Arceus|56\/100\n|-damage|p1a: Talonflame|62\/100|[from] Recoil\n|move|p2a: Arceus|Calm Mind|p2a: Arceus\n|-boost|p2a: Arceus|spa|1\n|-boost|p2a: Arceus|spd|1\n|\n|upkeep\n|turn|11\n|\n|t:|1697862682\n|move|p1a: Talonflame|Flare Blitz|p2a: Arceus\n|-damage|p2a: Arceus|31\/100\n|-damage|p1a: Talonflame|50\/100|[from] Recoil\n|move|p2a: Arceus|Recover|p2a: Arceus\n|-heal|p2a: Arceus|81\/100\n|\n|upkeep\n|turn|12\n|\n|t:|1697862692\n|switch|p1a: Flutter Mane|Flutter Mane|100\/100\n|-enditem|p1a: Flutter Mane|Booster Energy\n|-activate|p1a: Flutter Mane|ability: Protosynthesis|[fromitem]\n|-start|p1a: Flutter Mane|protosynthesisspe\n|move|p2a: Arceus|Calm Mind|p2a: Arceus\n|-boost|p2a: Arceus|spa|1\n|-boost|p2a: Arceus|spd|1\n|\n|upkeep\n|turn|13\n|\n|t:|1697862704\n|move|p1a: Flutter Mane|Shadow Ball|p2a: Arceus\n|-damage|p2a: Arceus|67\/100\n|move|p2a: Arceus|Recover|p2a: Arceus\n|-heal|p2a: Arceus|100\/100\n|\n|upkeep\n|turn|14\n|\n|t:|1697862711\n|move|p1a: Flutter Mane|Shadow Ball|p2a: Arceus\n|-damage|p2a: Arceus|87\/100\n|move|p2a: Arceus|Judgment|p1a: Flutter Mane\n|-damage|p1a: Flutter Mane|0 fnt\n|faint|p1a: Flutter Mane\n|-end|p1a: Flutter Mane|Protosynthesis|[silent]\n|\n|upkeep\n|\n|t:|1697862715\n|switch|p1a: Talonflame|Talonflame, M|50\/100\n|turn|15\n|\n|t:|1697862729\n|switch|p2a: Miraidon|Miraidon|100\/100\n|-fieldstart|move: Electric Terrain|[from] ability: Hadron Engine|[of] p2a: Miraidon\n|-enditem|p2a: Miraidon|Electric Seed\n|-boost|p2a: Miraidon|def|1|[from] item: Electric Seed\n|move|p1a: Talonflame|Roost|p1a: Talonflame\n|-heal|p1a: Talonflame|99\/100\n|-singleturn|p1a: Talonflame|move: Roost\n|\n|upkeep\n|turn|16\n|\n|t:|1697862745\n|move|p2a: Miraidon|Parabolic Charge|p1a: Talonflame\n|-supereffective|p1a: Talonflame\n|-damage|p1a: Talonflame|0 fnt\n|faint|p1a: Talonflame\n|\n|upkeep\n|\n|t:|1697862753\n|switch|p1a: Indeedee|Indeedee-F, F|100\/100\n|-fieldstart|move: Psychic Terrain|[from] ability: Psychic Surge|[of] p1a: Indeedee\n|turn|17\n|\n|t:|1697862758\n|move|p2a: Miraidon|Calm Mind|p2a: Miraidon\n|-boost|p2a: Miraidon|spa|1\n|-boost|p2a: Miraidon|spd|1\n|move|p1a: Indeedee|Trick Room|p1a: Indeedee\n|-fieldstart|move: Trick Room|[of] p1a: Indeedee\n|\n|upkeep\n|turn|18\n|\n|t:|1697862780\n|move|p1a: Indeedee|Healing Wish|p1a: Indeedee\n|faint|p1a: Indeedee\n|move|p2a: Miraidon|Parabolic Charge|p1: Indeedee|[notarget]\n|-fail|p2a: Miraidon\n|\n|upkeep\n|inactive|starfire77 has 120 seconds left.\n|\n|t:|1697862795\n|switch|p1a: Basculegion|Basculegion, M|100\/100\n|turn|19\n|inactive|starfire77 has 120 seconds left.\n|\n|t:|1697862818\n|switch|p2a: Arceus|Arceus-Fairy|87\/100\n|move|p1a: Basculegion|Last Respects|p2a: Arceus\n|-damage|p2a: Arceus|0 fnt\n|faint|p2a: Arceus\n|\n|upkeep\n|\n|t:|1697862838\n|switch|p2a: Zacian|Zacian-Crowned, shiny|100\/100\n|-ability|p2a: Zacian|Intrepid Sword|boost\n|-boost|p2a: Zacian|atk|1\n|turn|20\n|\n|t:|1697862849\n|move|p1a: Basculegion|Last Respects|p2a: Zacian\n|-damage|p2a: Zacian|0 fnt\n|faint|p2a: Zacian\n|\n|upkeep\n|inactive|righteous light has 120 seconds left.\n|\n|t:|1697862871\n|switch|p2a: Koraidon|Koraidon|100\/100\n|-weather|SunnyDay|[from] ability: Orichalcum Pulse|[of] p2a: Koraidon\n|-activate|p2a: Koraidon|Orichalcum Pulse|[source]\n|turn|21\n|\n|t:|1697862879\n|move|p1a: Basculegion|Last Respects|p2a: Koraidon\n|-damage|p2a: Koraidon|0 fnt\n|faint|p2a: Koraidon\n|\n|-weather|SunnyDay|[upkeep]\n|-fieldend|move: Trick Room\n|upkeep\n|inactive|righteous light has 120 seconds left.\n|\n|t:|1697862896\n|switch|p2a: Miraidon|Miraidon|100\/100\n|-fieldstart|move: Electric Terrain|[from] ability: Hadron Engine|[of] p2a: Miraidon\n|turn|22\n|\n|t:|1697862901\n|move|p2a: Miraidon|Taunt|p1a: Basculegion\n|-start|p1a: Basculegion|move: Taunt\n|cant|p1a: Basculegion|move: Taunt|Agility\n|\n|-weather|SunnyDay|[upkeep]\n|upkeep\n|turn|23\n|\n|t:|1697862910\n|-terastallize|p1a: Basculegion|Fighting\n|move|p2a: Miraidon|Dragon Pulse|p1a: Basculegion\n|-damage|p1a: Basculegion|37\/100\n|move|p1a: Basculegion|Last Respects|p2a: Miraidon\n|-damage|p2a: Miraidon|0 fnt\n|faint|p2a: Miraidon\n|\n|-weather|SunnyDay|[upkeep]\n|upkeep\n|\n|t:|1697862914\n|switch|p2a: Kyogre|Kyogre|100\/100\n|-weather|RainDance|[from] ability: Drizzle|[of] p2a: Kyogre\n|turn|24\n|\n|t:|1697862939\n|-terastallize|p2a: Kyogre|Water\n|move|p2a: Kyogre|Water Spout|p1a: Basculegion\n|-damage|p1a: Basculegion|0 fnt\n|faint|p1a: Basculegion\n|\n|win|righteous light\n|n|\u2606starfire77|starfire77\n|n|\u2606righteous light|righteouslight\n|n| 8142e|8142e\n","uploadtime":1697862940,"views":9,"p1id":"starfire77","p2id":"righteouslight","formatid":"gen9ubers","rating":0,"private":0,"password":""}