{"id":"gen9ubers-1968255320","p1":"GratedsShtickface","p2":"Oomaester1234","format":"[Gen 9] Ubers","log":"|j|\u2606GratedsShtickface\n|j|\u2606Oomaester1234\n|t:|1697399482\n|gametype|singles\n|player|p1|GratedsShtickface|hiker-gen4|\n|player|p2|Oomaester1234|teamrocket|\n|teamsize|p1|6\n|teamsize|p2|6\n|gen|9\n|tier|[Gen 9] Ubers\n|rule|Sleep Clause Mod: Limit one foe put to sleep\n|rule|Species Clause: Limit one of each Pok\u00e9mon\n|rule|OHKO Clause: OHKO moves are banned\n|rule|Evasion Items Clause: Evasion items are banned\n|rule|Evasion Moves Clause: Evasion moves are banned\n|rule|Endless Battle Clause: Forcing endless battles is banned\n|rule|HP Percentage Mod: HP is shown in percentages\n|clearpoke\n|poke|p1|Shaymin-Sky|\n|poke|p1|Masquerain, M|\n|poke|p1|Chi-Yu|\n|poke|p1|Magearna|\n|poke|p1|Palkia-Origin|\n|poke|p1|Zacian-*|\n|poke|p2|Garchomp, F|\n|poke|p2|Tyranitar, F|\n|poke|p2|Houndstone, F|\n|poke|p2|Landorus, M|\n|poke|p2|Magearna|\n|poke|p2|Ogerpon-Wellspring, F|\n|teampreview\n|inactive|Battle timer is ON: inactive players will automatically lose when time's up. (requested by GratedsShtickface)\n|\n|t:|1697399495\n|start\n|switch|p1a: Eye of Sauron|Masquerain, M, shiny|100\/100\n|switch|p2a: Ogerpon|Ogerpon-Wellspring, F|100\/100\n|-ability|p1a: Eye of Sauron|Intimidate|boost\n|-unboost|p2a: Ogerpon|atk|1\n|turn|1\n|\n|t:|1697399511\n|switch|p2a: Garchomp|Garchomp, F|100\/100\n|move|p1a: Eye of Sauron|Sticky Web|p2a: Garchomp\n|-sidestart|p2: Oomaester1234|move: Sticky Web\n|\n|upkeep\n|turn|2\n|\n|t:|1697399517\n|move|p2a: Garchomp|Swords Dance|p2a: Garchomp\n|-boost|p2a: Garchomp|atk|2\n|move|p1a: Eye of Sauron|Chilling Water|p2a: Garchomp\n|-damage|p2a: Garchomp|83\/100\n|-unboost|p2a: Garchomp|atk|1\n|\n|upkeep\n|turn|3\n|\n|t:|1697399523\n|move|p2a: Garchomp|Swords Dance|p2a: Garchomp\n|-boost|p2a: Garchomp|atk|2\n|move|p1a: Eye of Sauron|Chilling Water|p2a: Garchomp\n|-damage|p2a: Garchomp|68\/100\n|-unboost|p2a: Garchomp|atk|1\n|\n|upkeep\n|turn|4\n|\n|t:|1697399531\n|switch|p1a: Sif|Zacian|100\/100\n|-ability|p1a: Sif|Intrepid Sword|boost\n|-boost|p1a: Sif|atk|1\n|move|p2a: Garchomp|Scale Shot|p1a: Sif\n|-immune|p1a: Sif\n|\n|upkeep\n|turn|5\n|\n|t:|1697399538\n|-terastallize|p2a: Garchomp|Fire\n|move|p1a: Sif|Play Rough|p2a: Garchomp\n|-resisted|p2a: Garchomp\n|-damage|p2a: Garchomp|36\/100\n|move|p2a: Garchomp|Earthquake|p1a: Sif\n|-damage|p1a: Sif|9\/100\n|\n|upkeep\n|turn|6\n|inactive|Oomaester1234 has 270 seconds left.\n|\n|t:|1697399569\n|move|p1a: Sif|Play Rough|p2a: Garchomp\n|-resisted|p2a: Garchomp\n|-damage|p2a: Garchomp|4\/100\n|-unboost|p2a: Garchomp|atk|1\n|move|p2a: Garchomp|Earthquake|p1a: Sif\n|-damage|p1a: Sif|0 fnt\n|faint|p1a: Sif\n|\n|upkeep\n|\n|t:|1697399575\n|switch|p1a: Eye of Sauron|Masquerain, M, shiny|100\/100\n|-ability|p1a: Eye of Sauron|Intimidate|boost\n|-unboost|p2a: Garchomp|atk|1\n|turn|7\n|\n|t:|1697399581\n|move|p2a: Garchomp|Scale Shot|p1a: Eye of Sauron\n|-damage|p1a: Eye of Sauron|75\/100\n|-damage|p1a: Eye of Sauron|52\/100\n|-damage|p1a: Eye of Sauron|30\/100\n|-damage|p1a: Eye of Sauron|5\/100\n|-hitcount|p1a: Eye of Sauron|4\n|-unboost|p2a: Garchomp|def|1\n|-boost|p2a: Garchomp|spe|1\n|move|p1a: Eye of Sauron|Chilling Water|p2a: Garchomp\n|-supereffective|p2a: Garchomp\n|-damage|p2a: Garchomp|0 fnt\n|faint|p2a: Garchomp\n|\n|upkeep\n|\n|t:|1697399589\n|switch|p2a: Tyranitar|Tyranitar, F|100\/100\n|-activate|p2a: Tyranitar|move: Sticky Web\n|-unboost|p2a: Tyranitar|spe|1\n|-weather|Sandstorm|[from] ability: Sand Stream|[of] p2a: Tyranitar\n|turn|8\n|\n|t:|1697399595\n|move|p1a: Eye of Sauron|Bug Buzz|p2a: Tyranitar\n|-supereffective|p2a: Tyranitar\n|-damage|p2a: Tyranitar|52\/100\n|move|p2a: Tyranitar|Stealth Rock|p1a: Eye of Sauron\n|-sidestart|p1: GratedsShtickface|move: Stealth Rock\n|\n|-weather|Sandstorm|[upkeep]\n|-damage|p1a: Eye of Sauron|0 fnt|[from] Sandstorm\n|faint|p1a: Eye of Sauron\n|upkeep\n|\n|t:|1697399602\n|switch|p1a: Haxmin|Shaymin-Sky|100\/100\n|-damage|p1a: Haxmin|76\/100|[from] Stealth Rock\n|turn|9\n|\n|t:|1697399608\n|move|p1a: Haxmin|Seed Flare|p2a: Tyranitar\n|-supereffective|p2a: Tyranitar\n|-damage|p2a: Tyranitar|0 fnt\n|faint|p2a: Tyranitar\n|\n|-weather|Sandstorm|[upkeep]\n|-damage|p1a: Haxmin|69\/100|[from] Sandstorm\n|upkeep\n|\n|t:|1697399623\n|switch|p2a: Magearna|Magearna|100\/100\n|-activate|p2a: Magearna|move: Sticky Web\n|-unboost|p2a: Magearna|spe|1\n|turn|10\n|\n|t:|1697399638\n|move|p1a: Haxmin|Seed Flare|p2a: Magearna\n|-resisted|p2a: Magearna\n|-damage|p2a: Magearna|74\/100\n|-unboost|p2a: Magearna|spd|2\n|move|p2a: Magearna|Shift Gear|p2a: Magearna\n|-boost|p2a: Magearna|spe|2\n|-boost|p2a: Magearna|atk|1\n|\n|-weather|Sandstorm|[upkeep]\n|-damage|p1a: Haxmin|63\/100|[from] Sandstorm\n|-heal|p2a: Magearna|80\/100|[from] item: Leftovers\n|upkeep\n|turn|11\n|\n|t:|1697399644\n|move|p1a: Haxmin|Earth Power|p2a: Magearna\n|-supereffective|p2a: Magearna\n|-damage|p2a: Magearna|0 fnt\n|faint|p2a: Magearna\n|\n|-weather|Sandstorm|[upkeep]\n|-damage|p1a: Haxmin|57\/100|[from] Sandstorm\n|upkeep\n|\n|t:|1697399653\n|switch|p2a: Landorus|Landorus, M|100\/100\n|turn|12\n|\n|t:|1697399658\n|move|p1a: Haxmin|Seed Flare|p2a: Landorus\n|-damage|p2a: Landorus|18\/100\n|-unboost|p2a: Landorus|spd|2\n|move|p2a: Landorus|Sludge Bomb|p1a: Haxmin\n|-supereffective|p1a: Haxmin\n|-damage|p1a: Haxmin|0 fnt\n|faint|p1a: Haxmin\n|\n|-weather|Sandstorm|[upkeep]\n|upkeep\n|c|\u2606Oomaester1234|yo can we ramtch\n|c|\u2606Oomaester1234|lowkey\n|c|\u2606GratedsShtickface|ramtch\n|c|\u2606Oomaester1234|rematch\n|\n|t:|1697399675\n|switch|p1a: Funny Fish|Chi-Yu|100\/100\n|-damage|p1a: Funny Fish|76\/100|[from] Stealth Rock\n|-ability|p1a: Funny Fish|Beads of Ruin\n|turn|13\n|\n|t:|1697399684\n|move|p1a: Funny Fish|Flamethrower|p2a: Landorus\n|-damage|p2a: Landorus|0 fnt\n|faint|p2a: Landorus\n|\n|-weather|Sandstorm|[upkeep]\n|-damage|p1a: Funny Fish|70\/100|[from] Sandstorm\n|upkeep\n|\n|t:|1697399688\n|switch|p2a: Houndstone|Houndstone, F|100\/100\n|-activate|p2a: Houndstone|move: Sticky Web\n|-unboost|p2a: Houndstone|spe|1\n|turn|14\n|\n|t:|1697399696\n|move|p1a: Funny Fish|Flamethrower|p2a: Houndstone\n|-damage|p2a: Houndstone|20\/100\n|move|p2a: Houndstone|Last Respects|p1a: Funny Fish\n|-resisted|p1a: Funny Fish\n|-crit|p1a: Funny Fish\n|-damage|p1a: Funny Fish|0 fnt\n|faint|p1a: Funny Fish\n|\n|-weather|Sandstorm|[upkeep]\n|upkeep\n|\n|t:|1697399702\n|switch|p1a: Honse|Palkia-Origin|100\/100\n|-damage|p1a: Honse|88\/100|[from] Stealth Rock\n|-ability|p1a: Honse|Pressure\n|turn|15\n|\n|t:|1697399706\n|switch|p2a: Ogerpon|Ogerpon-Wellspring, F|100\/100\n|-activate|p2a: Ogerpon|move: Sticky Web\n|-unboost|p2a: Ogerpon|spe|1\n|move|p1a: Honse|Substitute|p1a: Honse\n|-start|p1a: Honse|Substitute\n|-damage|p1a: Honse|63\/100\n|\n|-weather|none\n|upkeep\n|turn|16\n|\n|t:|1697399710\n|move|p1a: Honse|Spacial Rend|p2a: Ogerpon\n|-damage|p2a: Ogerpon|15\/100\n|move|p2a: Ogerpon|Horn Leech|p1a: Honse\n|-end|p1a: Honse|Substitute\n|-heal|p2a: Ogerpon|29\/100|[from] drain|[of] p1a: Honse\n|\n|upkeep\n|turn|17\n|\n|t:|1697399718\n|move|p1a: Honse|Spacial Rend|p2a: Ogerpon\n|-damage|p2a: Ogerpon|0 fnt\n|faint|p2a: Ogerpon\n|\n|upkeep\n|\n|t:|1697399720\n|switch|p2a: Houndstone|Houndstone, F|20\/100\n|-activate|p2a: Houndstone|move: Sticky Web\n|-unboost|p2a: Houndstone|spe|1\n|turn|18\n|\n|t:|1697399726\n|move|p1a: Honse|Spacial Rend|p2a: Houndstone\n|-crit|p2a: Houndstone\n|-damage|p2a: Houndstone|0 fnt\n|faint|p2a: Houndstone\n|\n|win|GratedsShtickface\n|c|\u2606GratedsShtickface|gg\n|c|\u2606Oomaester1234|rematch or nah\n|c|\u2606GratedsShtickface|yeah\n","uploadtime":1697399736,"views":23,"p1id":"gratedsshtickface","p2id":"oomaester1234","formatid":"gen9ubers","rating":0,"private":0,"password":""}