{"id":"gen9ubers-1970239847","p1":"MrDrainPunch","p2":"arkeis","format":"[Gen 9] Ubers","log":"|j|\u2606MrDrainPunch\n|j|\u2606arkeis\n|inactive|Battle timer is ON: inactive players will automatically lose when time's up.\n|t:|1697615625\n|gametype|singles\n|player|p1|MrDrainPunch|pokemonrangerf|\n|player|p2|arkeis|drayden|\n|teamsize|p1|6\n|teamsize|p2|6\n|gen|9\n|tier|[Gen 9] Ubers\n|rated|Tournament battle\n|rule|Sleep Clause Mod: Limit one foe put to sleep\n|rule|Species Clause: Limit one of each Pok\u00e9mon\n|rule|OHKO Clause: OHKO moves are banned\n|rule|Evasion Items Clause: Evasion items are banned\n|rule|Evasion Moves Clause: Evasion moves are banned\n|rule|Endless Battle Clause: Forcing endless battles is banned\n|rule|HP Percentage Mod: HP is shown in percentages\n|rule|Inverse Mod: Weaknesses become resistances, while resistances and immunities become weaknesses.\n|clearpoke\n|poke|p1|Groudon|\n|poke|p1|Corviknight, F|\n|poke|p1|Toxapex, F|\n|poke|p1|Ting-Lu|\n|poke|p1|Koraidon|\n|poke|p1|Chi-Yu|\n|poke|p2|Miraidon|\n|poke|p2|Slowking, F|\n|poke|p2|Avalugg, M|\n|poke|p2|Arceus|\n|poke|p2|Dondozo, M|\n|poke|p2|Calyrex-Ice|\n|teampreview\n|j|*Lady Monita \u263d\n|inactive|MrDrainPunch also wants the timer to be on.\n|c|\u2606MrDrainPunch|Glhf\n|\n|t:|1697615634\n|start\n|switch|p1a: Ting-Lu|Ting-Lu|100\/100\n|switch|p2a: Miraidon|Miraidon|100\/100\n|-fieldstart|move: Electric Terrain|[from] ability: Hadron Engine|[of] p2a: Miraidon\n|-ability|p1a: Ting-Lu|Vessel of Ruin\n|turn|1\n|\n|t:|1697615637\n|move|p1a: Ting-Lu|Protect|p1a: Ting-Lu\n|-singleturn|p1a: Ting-Lu|Protect\n|move|p2a: Miraidon|Volt Switch|p1a: Ting-Lu\n|-activate|p1a: Ting-Lu|move: Protect\n|\n|upkeep\n|turn|2\n|\n|t:|1697615643\n|move|p2a: Miraidon|Volt Switch|p1a: Ting-Lu\n|-supereffective|p1a: Ting-Lu\n|-damage|p1a: Ting-Lu|50\/100\n|\n|t:|1697615651\n|switch|p2a: Avalugg|Avalugg, M|100\/100|[from] Volt Switch\n|move|p1a: Ting-Lu|Stealth Rock|p2a: Avalugg\n|-sidestart|p2: arkeis|move: Stealth Rock\n|\n|-heal|p1a: Ting-Lu|56\/100|[from] item: Leftovers\n|upkeep\n|turn|3\n|j| Windwalker475\n|\n|t:|1697615663\n|switch|p1a: Toxapex|Toxapex, F|100\/100\n|move|p2a: Avalugg|Rapid Spin|p1a: Toxapex\n|-damage|p1a: Toxapex|92\/100\n|-boost|p2a: Avalugg|spe|1\n|-sideend|p2: arkeis|Stealth Rock|[from] move: Rapid Spin|[of] p2a: Avalugg\n|-enditem|p1a: Toxapex|Eject Button\n|\n|t:|1697615670\n|switch|p1a: Corviknight|Corviknight, F|100\/100\n|\n|upkeep\n|turn|4\n|j|^RoFnA\n|\n|t:|1697615685\n|switch|p2a: Calyrex|Calyrex-Ice|100\/100\n|-ability|p2a: Calyrex|As One\n|-ability|p2a: Calyrex|Unnerve\n|move|p1a: Corviknight|U-turn|p2a: Calyrex\n|-resisted|p2a: Calyrex\n|-damage|p2a: Calyrex|96\/100\n|\n|t:|1697615696\n|switch|p1a: Groudon|Groudon|100\/100|[from] U-turn\n|-weather|SunnyDay|[from] ability: Drought|[of] p1a: Groudon\n|\n|-weather|SunnyDay|[upkeep]\n|-heal|p2a: Calyrex|100\/100|[from] item: Leftovers\n|upkeep\n|turn|5\n|\n|t:|1697615706\n|move|p1a: Groudon|Precipice Blades|p2a: Calyrex\n|-damage|p2a: Calyrex|63\/100\n|move|p2a: Calyrex|Leech Seed|p1a: Groudon|[miss]\n|-miss|p2a: Calyrex|p1a: Groudon\n|\n|-weather|SunnyDay|[upkeep]\n|-heal|p2a: Calyrex|69\/100|[from] item: Leftovers\n|-fieldend|move: Electric Terrain\n|upkeep\n|turn|6\n|\n|t:|1697615712\n|move|p1a: Groudon|Precipice Blades|p2a: Calyrex\n|-damage|p2a: Calyrex|28\/100\n|move|p2a: Calyrex|Leech Seed|p1a: Groudon\n|-start|p1a: Groudon|move: Leech Seed\n|\n|-weather|SunnyDay|[upkeep]\n|-heal|p2a: Calyrex|34\/100|[from] item: Leftovers\n|-damage|p1a: Groudon|88\/100|[from] Leech Seed|[of] p2a: Calyrex\n|-heal|p2a: Calyrex|44\/100|[silent]\n|upkeep\n|turn|7\n|\n|t:|1697615720\n|move|p1a: Groudon|Precipice Blades|p2a: Calyrex|[miss]\n|-miss|p1a: Groudon|p2a: Calyrex\n|move|p2a: Calyrex|Zen Headbutt|p1a: Groudon\n|-damage|p1a: Groudon|47\/100\n|\n|-weather|SunnyDay|[upkeep]\n|-heal|p2a: Calyrex|50\/100|[from] item: Leftovers\n|-damage|p1a: Groudon|35\/100|[from] Leech Seed|[of] p2a: Calyrex\n|-heal|p2a: Calyrex|61\/100|[silent]\n|upkeep\n|turn|8\n|\n|t:|1697615725\n|move|p1a: Groudon|Precipice Blades|p2a: Calyrex\n|-damage|p2a: Calyrex|20\/100\n|move|p2a: Calyrex|Zen Headbutt|p1a: Groudon\n|-damage|p1a: Groudon|0 fnt\n|faint|p1a: Groudon\n|-ability|p2a: Calyrex|Chilling Neigh|boost\n|-boost|p2a: Calyrex|atk|1\n|\n|-weather|SunnyDay|[upkeep]\n|-heal|p2a: Calyrex|26\/100|[from] item: Leftovers\n|upkeep\n|\n|t:|1697615734\n|switch|p1a: Chi-Yu|Chi-Yu|100\/100\n|-ability|p1a: Chi-Yu|Beads of Ruin\n|turn|9\n|\n|t:|1697615742\n|move|p1a: Chi-Yu|Flamethrower|p2a: Calyrex\n|-resisted|p2a: Calyrex\n|-damage|p2a: Calyrex|0 fnt\n|faint|p2a: Calyrex\n|\n|-weather|SunnyDay|[upkeep]\n|upkeep\n|\n|t:|1697615745\n|switch|p2a: Miraidon|Miraidon|100\/100\n|-fieldstart|move: Electric Terrain|[from] ability: Hadron Engine|[of] p2a: Miraidon\n|turn|10\n|\n|t:|1697615756\n|move|p2a: Miraidon|Overheat|p1a: Chi-Yu|[miss]\n|-miss|p2a: Miraidon|p1a: Chi-Yu\n|move|p1a: Chi-Yu|Flamethrower|p2a: Miraidon\n|-supereffective|p2a: Miraidon\n|-damage|p2a: Miraidon|0 fnt\n|faint|p2a: Miraidon\n|\n|-weather|SunnyDay|[upkeep]\n|upkeep\n|\n|t:|1697615760\n|switch|p2a: Arceus|Arceus|100\/100\n|turn|11\n|c|\u2606MrDrainPunch|Sry\n|\n|t:|1697615768\n|-terastallize|p2a: Arceus|Normal\n|move|p2a: Arceus|Extreme Speed|p1a: Chi-Yu\n|-damage|p1a: Chi-Yu|0 fnt\n|faint|p1a: Chi-Yu\n|\n|-weather|none\n|upkeep\n|\n|t:|1697615775\n|switch|p1a: Toxapex|Toxapex, F|100\/100\n|turn|12\n|\n|t:|1697615785\n|switch|p2a: Slowking|Slowking, F|100\/100\n|move|p1a: Toxapex|Infestation|p2a: Slowking\n|-resisted|p2a: Slowking\n|-damage|p2a: Slowking|99\/100\n|-activate|p2a: Slowking|move: Infestation|[of] p1a: Toxapex\n|\n|-damage|p2a: Slowking|88\/100|[from] move: Infestation|[partiallytrapped]\n|upkeep\n|turn|13\n|\n|t:|1697615792\n|move|p1a: Toxapex|Toxic Spikes|p2a: Slowking\n|-sidestart|p2: arkeis|move: Toxic Spikes\n|move|p2a: Slowking|Scald|p1a: Toxapex\n|-supereffective|p1a: Toxapex\n|-damage|p1a: Toxapex|50\/100\n|-status|p1a: Toxapex|brn\n|\n|-damage|p1a: Toxapex|44\/100 brn|[from] brn\n|-damage|p2a: Slowking|75\/100|[from] move: Infestation|[partiallytrapped]\n|upkeep\n|turn|14\n|\n|t:|1697615799\n|switch|p1a: Corviknight|Corviknight, F|100\/100\n|move|p2a: Slowking|Scald|p1a: Corviknight\n|-damage|p1a: Corviknight|83\/100\n|\n|-heal|p1a: Corviknight|89\/100|[from] item: Leftovers\n|-end|p2a: Slowking|Infestation|[partiallytrapped]|[silent]\n|-fieldend|move: Electric Terrain\n|upkeep\n|turn|15\n|\n|t:|1697615807\n|move|p1a: Corviknight|U-turn|p2a: Slowking\n|-resisted|p2a: Slowking\n|-damage|p2a: Slowking|68\/100\n|\n|t:|1697615810\n|switch|p1a: Koraidon|Koraidon|100\/100|[from] U-turn\n|-weather|SunnyDay|[from] ability: Orichalcum Pulse|[of] p1a: Koraidon\n|-activate|p1a: Koraidon|Orichalcum Pulse|[source]\n|move|p2a: Slowking|Future Sight|p1a: Koraidon\n|-start|p2a: Slowking|move: Future Sight\n|\n|-weather|SunnyDay|[upkeep]\n|upkeep\n|turn|16\n|\n|t:|1697615815\n|switch|p2a: Avalugg|Avalugg, M|100\/100\n|-status|p2a: Avalugg|psn\n|-terastallize|p1a: Koraidon|Fire\n|move|p1a: Koraidon|Flare Blitz|p2a: Avalugg\n|-resisted|p2a: Avalugg\n|-damage|p2a: Avalugg|76\/100 psn\n|-damage|p1a: Koraidon|84\/100|[from] item: Rocky Helmet|[of] p2a: Avalugg\n|-damage|p1a: Koraidon|75\/100|[from] Recoil\n|\n|-weather|SunnyDay|[upkeep]\n|-damage|p2a: Avalugg|64\/100 psn|[from] psn\n|upkeep\n|turn|17\n|\n|t:|1697615827\n|switch|p1a: Ting-Lu|Ting-Lu|56\/100\n|-ability|p1a: Ting-Lu|Vessel of Ruin\n|move|p2a: Avalugg|Rapid Spin|p1a: Ting-Lu\n|-damage|p1a: Ting-Lu|49\/100\n|-boost|p2a: Avalugg|spe|1\n|-sideend|p2: arkeis|Toxic Spikes|[from] move: Rapid Spin|[of] p2a: Avalugg\n|\n|-weather|SunnyDay|[upkeep]\n|-end|p1a: Ting-Lu|move: Future Sight\n|-supereffective|p1a: Ting-Lu\n|-damage|p1a: Ting-Lu|17\/100\n|-heal|p1a: Ting-Lu|23\/100|[from] item: Leftovers\n|-damage|p2a: Avalugg|52\/100 psn|[from] psn\n|upkeep\n|turn|18\n|\n|t:|1697615834\n|switch|p2a: Arceus|Arceus, tera:Normal|100\/100\n|move|p1a: Ting-Lu|Earthquake|p2a: Arceus\n|-damage|p2a: Arceus|74\/100\n|\n|-weather|SunnyDay|[upkeep]\n|-heal|p1a: Ting-Lu|29\/100|[from] item: Leftovers\n|upkeep\n|turn|19\n|\n|t:|1697615840\n|move|p2a: Arceus|Swords Dance|p2a: Arceus\n|-boost|p2a: Arceus|atk|2\n|move|p1a: Ting-Lu|Whirlwind|p2a: Arceus\n|drag|p2a: Slowking|Slowking, F|100\/100\n|\n|-weather|none\n|-heal|p1a: Ting-Lu|36\/100|[from] item: Leftovers\n|upkeep\n|turn|20\n|\n|t:|1697615846\n|move|p1a: Ting-Lu|Stealth Rock|p2a: Slowking\n|-sidestart|p2: arkeis|move: Stealth Rock\n|move|p2a: Slowking|Future Sight|p1a: Ting-Lu\n|-start|p2a: Slowking|move: Future Sight\n|\n|-heal|p1a: Ting-Lu|42\/100|[from] item: Leftovers\n|upkeep\n|turn|21\n|\n|t:|1697615848\n|switch|p2a: Arceus|Arceus, tera:Normal|74\/100\n|-damage|p2a: Arceus|62\/100|[from] Stealth Rock\n|move|p1a: Ting-Lu|Earthquake|p2a: Arceus\n|-damage|p2a: Arceus|38\/100\n|\n|-heal|p1a: Ting-Lu|48\/100|[from] item: Leftovers\n|upkeep\n|turn|22\n|\n|t:|1697615859\n|move|p2a: Arceus|Recover|p2a: Arceus\n|-heal|p2a: Arceus|88\/100\n|move|p1a: Ting-Lu|Whirlwind|p2a: Arceus\n|drag|p2a: Dondozo|Dondozo, M|100\/100\n|-damage|p2a: Dondozo|88\/100|[from] Stealth Rock\n|\n|-end|p1a: Ting-Lu|move: Future Sight\n|-supereffective|p1a: Ting-Lu\n|-damage|p1a: Ting-Lu|13\/100\n|-heal|p1a: Ting-Lu|19\/100|[from] item: Leftovers\n|-heal|p2a: Dondozo|94\/100|[from] item: Leftovers\n|upkeep\n|turn|23\n|\n|t:|1697615874\n|switch|p1a: Koraidon|Koraidon, tera:Fire|75\/100\n|-weather|SunnyDay|[from] ability: Orichalcum Pulse|[of] p1a: Koraidon\n|-activate|p1a: Koraidon|Orichalcum Pulse|[source]\n|switch|p2a: Arceus|Arceus, tera:Normal|88\/100\n|-damage|p2a: Arceus|75\/100|[from] Stealth Rock\n|\n|-weather|SunnyDay|[upkeep]\n|upkeep\n|turn|24\n|\n|t:|1697615883\n|switch|p2a: Avalugg|Avalugg, M|52\/100 psn\n|-damage|p2a: Avalugg|45\/100 psn|[from] Stealth Rock\n|move|p1a: Koraidon|Flare Blitz|p2a: Avalugg\n|-resisted|p2a: Avalugg\n|-damage|p2a: Avalugg|22\/100 psn\n|-damage|p1a: Koraidon|59\/100|[from] item: Rocky Helmet|[of] p2a: Avalugg\n|-damage|p1a: Koraidon|49\/100|[from] Recoil\n|\n|-weather|SunnyDay|[upkeep]\n|-damage|p2a: Avalugg|9\/100 psn|[from] psn\n|upkeep\n|turn|25\n|\n|t:|1697615888\n|move|p1a: Koraidon|Flare Blitz|p2a: Avalugg\n|-resisted|p2a: Avalugg\n|-damage|p2a: Avalugg|0 fnt\n|-damage|p1a: Koraidon|33\/100|[from] item: Rocky Helmet|[of] p2a: Avalugg\n|faint|p2a: Avalugg\n|-damage|p1a: Koraidon|30\/100|[from] Recoil\n|\n|-weather|SunnyDay|[upkeep]\n|upkeep\n|\n|t:|1697615890\n|switch|p2a: Arceus|Arceus, tera:Normal|75\/100\n|-damage|p2a: Arceus|63\/100|[from] Stealth Rock\n|turn|26\n|\n|t:|1697615894\n|move|p2a: Arceus|Extreme Speed|p1a: Koraidon\n|-damage|p1a: Koraidon|0 fnt\n|faint|p1a: Koraidon\n|\n|-weather|SunnyDay|[upkeep]\n|upkeep\n|\n|t:|1697615896\n|switch|p1a: Toxapex|Toxapex, F|78\/100 brn\n|turn|27\n|\n|t:|1697615901\n|move|p2a: Arceus|Swords Dance|p2a: Arceus\n|-boost|p2a: Arceus|atk|2\n|move|p1a: Toxapex|Infestation|p2a: Arceus\n|-crit|p2a: Arceus\n|-damage|p2a: Arceus|60\/100\n|-activate|p2a: Arceus|move: Infestation|[of] p1a: Toxapex\n|\n|-weather|none\n|-damage|p1a: Toxapex|72\/100 brn|[from] brn\n|-damage|p2a: Arceus|47\/100|[from] move: Infestation|[partiallytrapped]\n|upkeep\n|turn|28\n|\n|t:|1697615905\n|move|p2a: Arceus|Extreme Speed|p1a: Toxapex\n|-damage|p1a: Toxapex|0 fnt\n|faint|p1a: Toxapex\n|\n|-end|p2a: Arceus|Infestation|[partiallytrapped]|[silent]\n|upkeep\n|c|\u2606MrDrainPunch|Gg\n|c|\u2606arkeis|gg\n|-message|MrDrainPunch forfeited.\n|\n|win|arkeis\n|n|\u2606MrDrainPunch|mrdrainpunch\n|n|\u2606arkeis|arkeis\n|n|*Lady Monita \u263d|ladymonita\n|n| Windwalker475|windwalker475\n|n| RoFnA|rofna\n|l|*Lady Monita \u263d\n|l|\u2606MrDrainPunch\n|l| Windwalker475\n|l| RoFnA\n|l|\u2606arkeis\n|j| RUMYMOME\n","uploadtime":1697615913,"views":13,"p1id":"mrdrainpunch","p2id":"arkeis","formatid":"gen9ubers","rating":0,"private":0,"password":""}