{"id":"gen9ubers-1991895241","p1":"Ethan Vover","p2":"CopperSulfate","format":"[Gen 9] Ubers","log":"|j|\u203dEthan Vover\n|j|\u203dCopperSulfate\n|t:|1700134940\n|gametype|singles\n|player|p1|Ethan Vover|2|1157\n|player|p2|CopperSulfate|265|1147\n|teamsize|p1|6\n|teamsize|p2|6\n|gen|9\n|tier|[Gen 9] Ubers\n|rated|\n|rule|Sleep Clause Mod: Limit one foe put to sleep\n|rule|Species Clause: Limit one of each Pok\u00e9mon\n|rule|OHKO Clause: OHKO moves are banned\n|rule|Evasion Items Clause: Evasion items are banned\n|rule|Evasion Moves Clause: Evasion moves are banned\n|rule|Endless Battle Clause: Forcing endless battles is banned\n|rule|HP Percentage Mod: HP is shown in percentages\n|clearpoke\n|poke|p1|Ursaluna-Bloodmoon, M|\n|poke|p1|Ceruledge, F|\n|poke|p1|Ninetales-Alola, M|\n|poke|p1|Arcanine-Hisui, M|\n|poke|p1|Corviknight, M|\n|poke|p1|Sneasler, F|\n|poke|p2|Mew|\n|poke|p2|Palafin, F|\n|poke|p2|Basculegion, M|\n|poke|p2|Pelipper, M|\n|poke|p2|Gothitelle, M|\n|poke|p2|Greninja-*, M|\n|teampreview\n|\n|t:|1700134945\n|start\n|switch|p1a: Arcanine|Arcanine-Hisui, M|100\/100\n|switch|p2a: Palafin|Palafin, F|100\/100\n|turn|1\n|\n|t:|1700134955\n|move|p1a: Arcanine|Wild Charge|p2a: Palafin\n|-supereffective|p2a: Palafin\n|-damage|p2a: Palafin|13\/100\n|move|p2a: Palafin|Wave Crash|p1a: Arcanine\n|-supereffective|p1a: Arcanine\n|-damage|p1a: Arcanine|0 fnt\n|faint|p1a: Arcanine\n|-damage|p2a: Palafin|0 fnt|[from] Recoil\n|faint|p2a: Palafin\n|\n|upkeep\n|\n|t:|1700134963\n|switch|p2a: Pelipper|Pelipper, M|100\/100\n|switch|p1a: Ninetales|Ninetales-Alola, M|100\/100\n|-weather|Snow|[from] ability: Snow Warning|[of] p1a: Ninetales\n|-weather|RainDance|[from] ability: Drizzle|[of] p2a: Pelipper\n|turn|2\n|\n|t:|1700134976\n|switch|p1a: Corviknight|Corviknight, M|100\/100\n|switch|p2a: Mew|Mew|100\/100\n|\n|-weather|RainDance|[upkeep]\n|upkeep\n|turn|3\n|\n|t:|1700134982\n|move|p2a: Mew|Stealth Rock|p1a: Corviknight\n|-sidestart|p1: Ethan Vover|move: Stealth Rock\n|move|p1a: Corviknight|Brave Bird|p2a: Mew\n|-damage|p2a: Mew|71\/100\n|-damage|p1a: Corviknight|90\/100|[from] Recoil\n|-enditem|p2a: Mew|Eject Button\n|\n|t:|1700134993\n|switch|p2a: Gothitelle|Gothitelle, M|100\/100\n|\n|-weather|RainDance|[upkeep]\n|-heal|p1a: Corviknight|97\/100|[from] item: Leftovers\n|upkeep\n|turn|4\n|\n|t:|1700134998\n|move|p2a: Gothitelle|Trick|p1a: Corviknight\n|-activate|p2a: Gothitelle|move: Trick|[of] p1a: Corviknight\n|-item|p1a: Corviknight|Choice Scarf|[from] move: Trick\n|-item|p2a: Gothitelle|Leftovers|[from] move: Trick\n|move|p1a: Corviknight|Defog|p2a: Gothitelle\n|-unboost|p2a: Gothitelle|evasion|1\n|-sideend|p1: Ethan Vover|Stealth Rock|[from] move: Defog|[of] p1a: Corviknight\n|\n|-weather|RainDance|[upkeep]\n|upkeep\n|turn|5\n|\n|t:|1700135014\n|move|p1a: Corviknight|Defog|p2a: Gothitelle\n|-unboost|p2a: Gothitelle|evasion|1\n|move|p2a: Gothitelle|Mirror Coat||[still]\n|-fail|p2a: Gothitelle\n|\n|-weather|RainDance|[upkeep]\n|upkeep\n|turn|6\n|\n|t:|1700135023\n|move|p1a: Corviknight|Defog|p2a: Gothitelle\n|-unboost|p2a: Gothitelle|evasion|1\n|move|p2a: Gothitelle|Mirror Coat||[still]\n|-fail|p2a: Gothitelle\n|\n|-weather|RainDance|[upkeep]\n|upkeep\n|turn|7\n|\n|t:|1700135029\n|move|p1a: Corviknight|Defog|p2a: Gothitelle\n|-unboost|p2a: Gothitelle|evasion|1\n|move|p2a: Gothitelle|Mirror Coat||[still]\n|-fail|p2a: Gothitelle\n|\n|-weather|RainDance|[upkeep]\n|upkeep\n|turn|8\n|inactive|Battle timer is ON: inactive players will automatically lose when time's up. (requested by Ethan Vover)\n|\n|t:|1700135033\n|move|p1a: Corviknight|Defog|p2a: Gothitelle\n|-unboost|p2a: Gothitelle|evasion|1\n|move|p2a: Gothitelle|Mirror Coat||[still]\n|-fail|p2a: Gothitelle\n|\n|-weather|RainDance|[upkeep]\n|upkeep\n|turn|9\n|\n|t:|1700135036\n|move|p1a: Corviknight|Defog|p2a: Gothitelle\n|-unboost|p2a: Gothitelle|evasion|1\n|move|p2a: Gothitelle|Mirror Coat||[still]\n|-fail|p2a: Gothitelle\n|\n|-weather|none\n|upkeep\n|turn|10\n|\n|t:|1700135038\n|move|p1a: Corviknight|Defog||[still]\n|-unboost|p2a: Gothitelle|evasion|0\n|-fail|p1a: Corviknight\n|move|p2a: Gothitelle|Rain Dance|p2a: Gothitelle\n|-weather|RainDance\n|\n|-weather|RainDance|[upkeep]\n|upkeep\n|turn|11\n|\n|t:|1700135042\n|move|p1a: Corviknight|Defog||[still]\n|-unboost|p2a: Gothitelle|evasion|0\n|-fail|p1a: Corviknight\n|move|p2a: Gothitelle|Mirror Coat||[still]\n|-fail|p2a: Gothitelle\n|\n|-weather|RainDance|[upkeep]\n|upkeep\n|turn|12\n|\n|t:|1700135044\n|move|p1a: Corviknight|Defog||[still]\n|-unboost|p2a: Gothitelle|evasion|0\n|-fail|p1a: Corviknight\n|move|p2a: Gothitelle|Mirror Coat||[still]\n|-fail|p2a: Gothitelle\n|\n|-weather|RainDance|[upkeep]\n|upkeep\n|turn|13\n|\n|t:|1700135047\n|move|p1a: Corviknight|Defog||[still]\n|-unboost|p2a: Gothitelle|evasion|0\n|-fail|p1a: Corviknight\n|move|p2a: Gothitelle|Mirror Coat||[still]\n|-fail|p2a: Gothitelle\n|\n|-weather|RainDance|[upkeep]\n|upkeep\n|turn|14\n|\n|t:|1700135054\n|move|p1a: Corviknight|Defog||[still]\n|-unboost|p2a: Gothitelle|evasion|0\n|-fail|p1a: Corviknight\n|move|p2a: Gothitelle|Mirror Coat||[still]\n|-fail|p2a: Gothitelle\n|\n|-weather|none\n|upkeep\n|turn|15\n|inactive|CopperSulfate has 120 seconds left.\n|\n|t:|1700135093\n|move|p1a: Corviknight|Defog||[still]\n|-unboost|p2a: Gothitelle|evasion|0\n|-fail|p1a: Corviknight\n|move|p2a: Gothitelle|Rain Dance|p2a: Gothitelle\n|-weather|RainDance\n|\n|-weather|RainDance|[upkeep]\n|upkeep\n|turn|16\n|\n|t:|1700135096\n|move|p1a: Corviknight|Defog||[still]\n|-unboost|p2a: Gothitelle|evasion|0\n|-fail|p1a: Corviknight\n|move|p2a: Gothitelle|Mirror Coat||[still]\n|-fail|p2a: Gothitelle\n|\n|-weather|RainDance|[upkeep]\n|upkeep\n|turn|17\n|inactive|CopperSulfate has 120 seconds left.\n|\n|t:|1700135117\n|move|p1a: Corviknight|Defog||[still]\n|-unboost|p2a: Gothitelle|evasion|0\n|-fail|p1a: Corviknight\n|move|p2a: Gothitelle|Mirror Coat||[still]\n|-fail|p2a: Gothitelle\n|\n|-weather|RainDance|[upkeep]\n|upkeep\n|turn|18\n|inactive|CopperSulfate has 120 seconds left.\n|\n|t:|1700135125\n|move|p1a: Corviknight|Defog||[still]\n|-unboost|p2a: Gothitelle|evasion|0\n|-fail|p1a: Corviknight\n|move|p2a: Gothitelle|Mirror Coat||[still]\n|-fail|p2a: Gothitelle\n|\n|-weather|RainDance|[upkeep]\n|upkeep\n|turn|19\n|\n|t:|1700135132\n|move|p1a: Corviknight|Defog||[still]\n|-unboost|p2a: Gothitelle|evasion|0\n|-fail|p1a: Corviknight\n|move|p2a: Gothitelle|Mirror Coat||[still]\n|-fail|p2a: Gothitelle\n|\n|-weather|none\n|upkeep\n|turn|20\n|\n|t:|1700135137\n|move|p1a: Corviknight|Defog||[still]\n|-unboost|p2a: Gothitelle|evasion|0\n|-fail|p1a: Corviknight\n|move|p2a: Gothitelle|Rain Dance|p2a: Gothitelle\n|-weather|RainDance\n|\n|-weather|RainDance|[upkeep]\n|upkeep\n|turn|21\n|\n|t:|1700135140\n|move|p1a: Corviknight|Defog||[still]\n|-unboost|p2a: Gothitelle|evasion|0\n|-fail|p1a: Corviknight\n|move|p2a: Gothitelle|Mirror Coat||[still]\n|-fail|p2a: Gothitelle\n|\n|-weather|RainDance|[upkeep]\n|upkeep\n|turn|22\n|\n|t:|1700135149\n|move|p1a: Corviknight|Defog||[still]\n|-unboost|p2a: Gothitelle|evasion|0\n|-fail|p1a: Corviknight\n|move|p2a: Gothitelle|Mirror Coat||[still]\n|-fail|p2a: Gothitelle\n|\n|-weather|RainDance|[upkeep]\n|upkeep\n|turn|23\n|\n|t:|1700135160\n|move|p1a: Corviknight|Defog||[still]\n|-unboost|p2a: Gothitelle|evasion|0\n|-fail|p1a: Corviknight\n|move|p2a: Gothitelle|Mirror Coat||[still]\n|-fail|p2a: Gothitelle\n|\n|-weather|RainDance|[upkeep]\n|upkeep\n|turn|24\n|\n|t:|1700135187\n|move|p1a: Corviknight|Defog||[still]\n|-unboost|p2a: Gothitelle|evasion|0\n|-fail|p1a: Corviknight\n|move|p2a: Gothitelle|Rain Dance||[still]\n|-fail|p2a: Gothitelle\n|\n|-weather|none\n|upkeep\n|turn|25\n|inactive|Ethan Vover has 120 seconds left.\n|\n|t:|1700135225\n|move|p1a: Corviknight|Defog||[still]\n|-unboost|p2a: Gothitelle|evasion|0\n|-fail|p1a: Corviknight\n|move|p2a: Gothitelle|Rain Dance|p2a: Gothitelle\n|-weather|RainDance\n|\n|-weather|RainDance|[upkeep]\n|upkeep\n|turn|26\n|\n|t:|1700135252\n|move|p1a: Corviknight|Defog||[still]\n|-unboost|p2a: Gothitelle|evasion|0\n|-fail|p1a: Corviknight\n|move|p2a: Gothitelle|Mirror Coat||[still]\n|-fail|p2a: Gothitelle\n|\n|-weather|RainDance|[upkeep]\n|upkeep\n|turn|27\n|\n|t:|1700135259\n|move|p1a: Corviknight|Defog||[still]\n|-unboost|p2a: Gothitelle|evasion|0\n|-fail|p1a: Corviknight\n|move|p2a: Gothitelle|Mirror Coat||[still]\n|-fail|p2a: Gothitelle\n|\n|-weather|RainDance|[upkeep]\n|upkeep\n|turn|28\n|\n|t:|1700135266\n|-activate|p1a: Corviknight|move: Struggle\n|move|p1a: Corviknight|Struggle|p2a: Gothitelle\n|-damage|p2a: Gothitelle|91\/100\n|-damage|p1a: Corviknight|72\/100|[from] recoil\n|move|p2a: Gothitelle|Mirror Coat||[still]\n|-fail|p2a: Gothitelle\n|\n|-weather|RainDance|[upkeep]\n|-heal|p2a: Gothitelle|98\/100|[from] item: Leftovers\n|upkeep\n|turn|29\n|\n|t:|1700135270\n|-activate|p1a: Corviknight|move: Struggle\n|move|p1a: Corviknight|Struggle|p2a: Gothitelle\n|-damage|p2a: Gothitelle|89\/100\n|-damage|p1a: Corviknight|47\/100|[from] recoil\n|move|p2a: Gothitelle|Mirror Coat||[still]\n|-fail|p2a: Gothitelle\n|\n|-weather|none\n|-heal|p2a: Gothitelle|95\/100|[from] item: Leftovers\n|upkeep\n|turn|30\n|\n|t:|1700135276\n|-activate|p1a: Corviknight|move: Struggle\n|move|p1a: Corviknight|Struggle|p2a: Gothitelle\n|-damage|p2a: Gothitelle|87\/100\n|-damage|p1a: Corviknight|22\/100|[from] recoil\n|move|p2a: Gothitelle|Rain Dance|p2a: Gothitelle\n|-weather|RainDance\n|\n|-weather|RainDance|[upkeep]\n|-heal|p2a: Gothitelle|93\/100|[from] item: Leftovers\n|upkeep\n|turn|31\n|\n|t:|1700135281\n|-activate|p1a: Corviknight|move: Struggle\n|move|p1a: Corviknight|Struggle|p2a: Gothitelle\n|-damage|p2a: Gothitelle|85\/100\n|-damage|p1a: Corviknight|0 fnt|[from] recoil\n|faint|p1a: Corviknight\n|move|p2a: Gothitelle|Mirror Coat|p1: Corviknight|[notarget]\n|-fail|p2a: Gothitelle\n|\n|-weather|RainDance|[upkeep]\n|-heal|p2a: Gothitelle|91\/100|[from] item: Leftovers\n|upkeep\n|\n|t:|1700135288\n|switch|p1a: Ninetales|Ninetales-Alola, M|100\/100\n|-weather|Snow|[from] ability: Snow Warning|[of] p1a: Ninetales\n|turn|32\n|\n|t:|1700135298\n|move|p1a: Ninetales|Aurora Veil|p1a: Ninetales\n|-sidestart|p1: Ethan Vover|move: Aurora Veil\n|move|p2a: Gothitelle|Rain Dance|p2a: Gothitelle\n|-weather|RainDance\n|\n|-weather|RainDance|[upkeep]\n|-heal|p2a: Gothitelle|97\/100|[from] item: Leftovers\n|upkeep\n|turn|33\n|\n|t:|1700135304\n|move|p1a: Ninetales|Moonblast|p2a: Gothitelle\n|-damage|p2a: Gothitelle|70\/100\n|move|p2a: Gothitelle|Mirror Coat|p1a: Ninetales\n|-damage|p1a: Ninetales|36\/100\n|\n|-weather|RainDance|[upkeep]\n|-heal|p2a: Gothitelle|76\/100|[from] item: Leftovers\n|upkeep\n|turn|34\n|\n|t:|1700135314\n|move|p1a: Ninetales|Moonblast|p2a: Gothitelle\n|-damage|p2a: Gothitelle|45\/100\n|move|p2a: Gothitelle|Mirror Coat|p1a: Ninetales\n|-damage|p1a: Ninetales|0 fnt\n|faint|p1a: Ninetales\n|\n|-weather|RainDance|[upkeep]\n|-heal|p2a: Gothitelle|51\/100|[from] item: Leftovers\n|upkeep\n|inactive|Ethan Vover has 120 seconds left.\n|\n|t:|1700135368\n|switch|p1a: Ceruledge|Ceruledge, F|100\/100\n|turn|35\n|inactive|CopperSulfate has 120 seconds left.\n|\n|t:|1700135408\n|switch|p2a: Greninja|Greninja, M|100\/100\n|move|p1a: Ceruledge|Shadow Claw|p2a: Greninja\n|-resisted|p2a: Greninja\n|-damage|p2a: Greninja|68\/100\n|\n|-weather|RainDance|[upkeep]\n|upkeep\n|turn|36\n|\n|t:|1700135414\n|switch|p1a: Ursaluna|Ursaluna-Bloodmoon, M|100\/100\n|move|p2a: Greninja|Surf|p1a: Ursaluna\n|-supereffective|p1a: Ursaluna\n|-crit|p1a: Ursaluna\n|-damage|p1a: Ursaluna|0 fnt\n|faint|p1a: Ursaluna\n|-ability|p2a: Greninja|Battle Bond|boost\n|-boost|p2a: Greninja|atk|1\n|-boost|p2a: Greninja|spa|1\n|-boost|p2a: Greninja|spe|1\n|-activate|p2a: Greninja|ability: Battle Bond\n|-damage|p2a: Greninja|58\/100|[from] item: Life Orb\n|\n|-weather|none\n|upkeep\n|\n|t:|1700135419\n|switch|p1a: Sneasler|Sneasler, F|100\/100\n|turn|37\n|\n|t:|1700135425\n|move|p2a: Greninja|Surf|p1a: Sneasler\n|-damage|p1a: Sneasler|46\/100\n|-damage|p2a: Greninja|48\/100|[from] item: Life Orb\n|move|p1a: Sneasler|Dire Claw|p2a: Greninja\n|-damage|p2a: Greninja|0 fnt\n|faint|p2a: Greninja\n|\n|upkeep\n|\n|t:|1700135429\n|switch|p2a: Pelipper|Pelipper, M|100\/100\n|-weather|RainDance|[from] ability: Drizzle|[of] p2a: Pelipper\n|turn|38\n|\n|t:|1700135433\n|move|p1a: Sneasler|Endure|p1a: Sneasler\n|-singleturn|p1a: Sneasler|move: Endure\n|move|p2a: Pelipper|U-turn|p1a: Sneasler\n|-resisted|p1a: Sneasler\n|-damage|p1a: Sneasler|45\/100\n|\n|t:|1700135439\n|switch|p2a: Basculegion|Basculegion, M|100\/100|[from] U-turn\n|\n|-weather|RainDance|[upkeep]\n|upkeep\n|turn|39\n|\n|t:|1700135447\n|-terastallize|p2a: Basculegion|Water\n|move|p2a: Basculegion|Wave Crash|p1a: Sneasler\n|-damage|p1a: Sneasler|0 fnt\n|faint|p1a: Sneasler\n|-damage|p2a: Basculegion|89\/100|[from] Recoil\n|\n|-weather|RainDance|[upkeep]\n|-sideend|p1: Ethan Vover|move: Aurora Veil\n|upkeep\n|\n|t:|1700135449\n|switch|p1a: Ceruledge|Ceruledge, F|100\/100\n|turn|40\n|\n|t:|1700135451\n|move|p2a: Basculegion|Wave Crash|p1a: Ceruledge\n|-supereffective|p1a: Ceruledge\n|-enditem|p1a: Ceruledge|Focus Sash\n|-damage|p1a: Ceruledge|1\/100\n|-ability|p1a: Ceruledge|Weak Armor|boost\n|-unboost|p1a: Ceruledge|def|1\n|-boost|p1a: Ceruledge|spe|2\n|-damage|p2a: Basculegion|64\/100|[from] Recoil\n|move|p1a: Ceruledge|Swords Dance|p1a: Ceruledge\n|-boost|p1a: Ceruledge|atk|2\n|\n|-weather|RainDance|[upkeep]\n|upkeep\n|turn|41\n|\n|t:|1700135459\n|move|p2a: Basculegion|Wave Crash|p1a: Ceruledge\n|-supereffective|p1a: Ceruledge\n|-damage|p1a: Ceruledge|0 fnt\n|faint|p1a: Ceruledge\n|-damage|p2a: Basculegion|63\/100|[from] Recoil\n|\n|win|CopperSulfate\n|raw|Ethan Vover's rating: 1157 &rarr; <strong>1131<\/strong><br \/>(-26 for losing)\n|raw|CopperSulfate's rating: 1147 &rarr; <strong>1173<\/strong><br \/>(+26 for winning)\n","uploadtime":1700135222,"views":12,"p1id":"ethanvover","p2id":"coppersulfate","formatid":"gen9ubers","rating":1131,"private":0,"password":""}