{"id":"gen9ubers-1997676376","p1":"Shijin77","p2":"Horuskoria","format":"[Gen 9] Ubers","log":"|j|\u2606Shijin77\n|j|\u2606Horuskoria\n|t:|1700840612\n|gametype|singles\n|player|p1|Shijin77|cynthia-masters3|\n|player|p2|Horuskoria|1|\n|teamsize|p1|6\n|teamsize|p2|6\n|gen|9\n|tier|[Gen 9] Ubers\n|rule|Sleep Clause Mod: Limit one foe put to sleep\n|rule|Species Clause: Limit one of each Pok\u00e9mon\n|rule|OHKO Clause: OHKO moves are banned\n|rule|Evasion Items Clause: Evasion items are banned\n|rule|Evasion Moves Clause: Evasion moves are banned\n|rule|Endless Battle Clause: Forcing endless battles is banned\n|rule|HP Percentage Mod: HP is shown in percentages\n|clearpoke\n|poke|p1|Sneasler, F|\n|poke|p1|Skeledirge, M|\n|poke|p1|Rillaboom, M|\n|poke|p1|Kingambit, F|\n|poke|p1|Dragapult, M|\n|poke|p1|Ogerpon-Cornerstone, F|\n|poke|p2|Iron Moth|\n|poke|p2|Ogerpon-Wellspring, F|\n|poke|p2|Gholdengo|\n|poke|p2|Dragapult, F|\n|poke|p2|Iron Valiant|\n|poke|p2|Mandibuzz, F|\n|teampreview\n|\n|t:|1700840693\n|start\n|switch|p1a: Dragapult|Dragapult, M|100\/100\n|switch|p2a: Dragapult|Dragapult, F|100\/100\n|turn|1\n|\n|t:|1700840741\n|switch|p2a: Iron Valiant|Iron Valiant|100\/100\n|switch|p1a: Ogerpon|Ogerpon-Cornerstone, F|100\/100\n|\n|upkeep\n|turn|2\n|\n|t:|1700840780\n|move|p2a: Iron Valiant|Moonblast|p1a: Ogerpon\n|-damage|p1a: Ogerpon|32\/100\n|-damage|p2a: Iron Valiant|91\/100|[from] item: Life Orb\n|move|p1a: Ogerpon|Ivy Cudgel|p2a: Iron Valiant|[anim] Ivy Cudgel Rock\n|-resisted|p2a: Iron Valiant\n|-damage|p2a: Iron Valiant|50\/100\n|\n|upkeep\n|turn|3\n|\n|t:|1700840790\n|switch|p1a: Skeledirge|Skeledirge, M|100\/100\n|move|p2a: Iron Valiant|Moonblast|p1a: Skeledirge\n|-resisted|p1a: Skeledirge\n|-damage|p1a: Skeledirge|69\/100\n|-unboost|p1a: Skeledirge|spa|1\n|-damage|p2a: Iron Valiant|41\/100|[from] item: Life Orb\n|\n|upkeep\n|turn|4\n|\n|t:|1700840818\n|move|p2a: Iron Valiant|Destiny Bond|p2a: Iron Valiant\n|-singlemove|p2a: Iron Valiant|Destiny Bond\n|move|p1a: Skeledirge|Will-O-Wisp|p2a: Iron Valiant\n|-status|p2a: Iron Valiant|brn\n|\n|-damage|p2a: Iron Valiant|34\/100 brn|[from] brn\n|upkeep\n|turn|5\n|\n|t:|1700840838\n|-end|p2a: Iron Valiant|Quark Drive|[silent]\n|switch|p2a: Gholdengo|Gholdengo|100\/100\n|move|p1a: Skeledirge|Slack Off|p1a: Skeledirge\n|-heal|p1a: Skeledirge|100\/100\n|\n|upkeep\n|turn|6\n|\n|t:|1700840928\n|switch|p1a: Ogerpon|Ogerpon-Cornerstone, F|32\/100\n|move|p2a: Gholdengo|Nasty Plot|p2a: Gholdengo\n|-boost|p2a: Gholdengo|spa|2\n|\n|upkeep\n|turn|7\n|\n|t:|1700840941\n|move|p1a: Ogerpon|Encore|p2a: Gholdengo\n|-immune|p2a: Gholdengo|[from] ability: Good as Gold\n|move|p2a: Gholdengo|Hex|p1a: Ogerpon\n|-damage|p1a: Ogerpon|0 fnt\n|faint|p1a: Ogerpon\n|\n|upkeep\n|\n|t:|1700840951\n|switch|p1a: Kingambit|Kingambit, F|100\/100\n|-activate|p1a: Kingambit|ability: Supreme Overlord\n|-start|p1a: Kingambit|fallen1|[silent]\n|turn|8\n|\n|t:|1700841033\n|-end|p1a: Kingambit|fallen1|[silent]\n|switch|p1a: Rillaboom|Rillaboom, M|100\/100\n|-fieldstart|move: Grassy Terrain|[from] ability: Grassy Surge|[of] p1a: Rillaboom\n|-terastallize|p2a: Gholdengo|Steel\n|move|p2a: Gholdengo|Make It Rain|p1a: Rillaboom\n|-damage|p1a: Rillaboom|0 fnt\n|-unboost|p2a: Gholdengo|spa|1\n|faint|p1a: Rillaboom\n|\n|upkeep\n|\n|t:|1700841037\n|switch|p1a: Kingambit|Kingambit, F|100\/100\n|-activate|p1a: Kingambit|ability: Supreme Overlord\n|-start|p1a: Kingambit|fallen2|[silent]\n|turn|9\n|\n|t:|1700841064\n|switch|p2a: Mandibuzz|Mandibuzz, F|100\/100\n|move|p1a: Kingambit|Low Kick|p2a: Mandibuzz\n|-damage|p2a: Mandibuzz|86\/100\n|\n|upkeep\n|turn|10\n|\n|t:|1700841091\n|move|p1a: Kingambit|Iron Head|p2a: Mandibuzz\n|-damage|p2a: Mandibuzz|57\/100\n|cant|p2a: Mandibuzz|flinch\n|\n|upkeep\n|turn|11\n|\n|t:|1700841128\n|move|p1a: Kingambit|Swords Dance|p1a: Kingambit\n|-boost|p1a: Kingambit|atk|2\n|move|p2a: Mandibuzz|U-turn|p1a: Kingambit\n|-damage|p1a: Kingambit|91\/100\n|\n|t:|1700841143\n|switch|p2a: Iron Moth|Iron Moth|100\/100|[from] U-turn\n|\n|-heal|p1a: Kingambit|97\/100|[from] Grassy Terrain\n|upkeep\n|turn|12\n|\n|t:|1700841204\n|-end|p1a: Kingambit|fallen2|[silent]\n|switch|p1a: Skeledirge|Skeledirge, M|100\/100\n|move|p2a: Iron Moth|Fiery Dance|p1a: Skeledirge\n|-resisted|p1a: Skeledirge\n|-damage|p1a: Skeledirge|77\/100\n|\n|-heal|p1a: Skeledirge|83\/100|[from] Grassy Terrain\n|-fieldend|move: Grassy Terrain\n|upkeep\n|turn|13\n|\n|t:|1700841217\n|move|p2a: Iron Moth|Fiery Dance|p1a: Skeledirge\n|-resisted|p1a: Skeledirge\n|-damage|p1a: Skeledirge|63\/100\n|move|p1a: Skeledirge|Torch Song|p2a: Iron Moth\n|-resisted|p2a: Iron Moth\n|-damage|p2a: Iron Moth|91\/100\n|-boost|p1a: Skeledirge|spa|1\n|\n|upkeep\n|turn|14\n|\n|t:|1700841230\n|-end|p2a: Iron Moth|Quark Drive|[silent]\n|switch|p2a: Ogerpon|Ogerpon-Wellspring, F|100\/100\n|move|p1a: Skeledirge|Slack Off|p1a: Skeledirge\n|-heal|p1a: Skeledirge|100\/100\n|\n|upkeep\n|turn|15\n|\n|t:|1700841249\n|switch|p1a: Dragapult|Dragapult, M|100\/100\n|move|p2a: Ogerpon|Ivy Cudgel|p1a: Dragapult|[anim] Ivy Cudgel Water\n|-resisted|p1a: Dragapult\n|-damage|p1a: Dragapult|58\/100\n|\n|upkeep\n|turn|16\n|\n|t:|1700841257\n|switch|p2a: Mandibuzz|Mandibuzz, F|57\/100\n|move|p1a: Dragapult|Thunder Wave|p2a: Mandibuzz\n|-status|p2a: Mandibuzz|par\n|\n|upkeep\n|turn|17\n|\n|t:|1700841265\n|move|p1a: Dragapult|U-turn|p2a: Mandibuzz\n|-crit|p2a: Mandibuzz\n|-damage|p2a: Mandibuzz|43\/100 par\n|\n|t:|1700841300\n|switch|p1a: Kingambit|Kingambit, F|97\/100|[from] U-turn\n|-activate|p1a: Kingambit|ability: Supreme Overlord\n|-start|p1a: Kingambit|fallen2|[silent]\n|move|p2a: Mandibuzz|Foul Play|p1a: Kingambit\n|-resisted|p1a: Kingambit\n|-damage|p1a: Kingambit|75\/100\n|\n|upkeep\n|turn|18\n|\n|t:|1700841319\n|switch|p2a: Iron Moth|Iron Moth|91\/100\n|move|p1a: Kingambit|Iron Head|p2a: Iron Moth\n|-resisted|p2a: Iron Moth\n|-damage|p2a: Iron Moth|50\/100\n|\n|upkeep\n|turn|19\n|\n|t:|1700841327\n|-end|p1a: Kingambit|fallen2|[silent]\n|switch|p1a: Skeledirge|Skeledirge, M|100\/100\n|move|p2a: Iron Moth|Fiery Dance|p1a: Skeledirge\n|-resisted|p1a: Skeledirge\n|-damage|p1a: Skeledirge|80\/100\n|-boost|p2a: Iron Moth|spa|1\n|\n|upkeep\n|turn|20\n|\n|t:|1700841335\n|move|p2a: Iron Moth|Fiery Dance|p1a: Skeledirge\n|-resisted|p1a: Skeledirge\n|-damage|p1a: Skeledirge|58\/100\n|move|p1a: Skeledirge|Torch Song|p2a: Iron Moth\n|-resisted|p2a: Iron Moth\n|-damage|p2a: Iron Moth|40\/100\n|-boost|p1a: Skeledirge|spa|1\n|\n|upkeep\n|turn|21\n|\n|t:|1700841345\n|-end|p2a: Iron Moth|Quark Drive|[silent]\n|switch|p2a: Gholdengo|Gholdengo, tera:Steel|100\/100\n|move|p1a: Skeledirge|Torch Song|p2a: Gholdengo\n|-supereffective|p2a: Gholdengo\n|-damage|p2a: Gholdengo|15\/100\n|-boost|p1a: Skeledirge|spa|1\n|\n|-heal|p2a: Gholdengo|21\/100|[from] item: Leftovers\n|upkeep\n|turn|22\n|\n|t:|1700841376\n|switch|p1a: Sneasler|Sneasler, F|100\/100\n|move|p2a: Gholdengo|Hex|p1a: Sneasler\n|-damage|p1a: Sneasler|54\/100\n|\n|-heal|p2a: Gholdengo|27\/100|[from] item: Leftovers\n|upkeep\n|turn|23\n|\n|t:|1700841396\n|move|p1a: Sneasler|Shadow Claw|p2a: Gholdengo\n|-damage|p2a: Gholdengo|0 fnt\n|faint|p2a: Gholdengo\n|\n|upkeep\n|\n|t:|1700841404\n|switch|p2a: Dragapult|Dragapult, F|100\/100\n|turn|24\n|\n|t:|1700841429\n|move|p2a: Dragapult|Dragon Darts|p1a: Sneasler\n|-damage|p1a: Sneasler|6\/100\n|-anim|p2a: Dragapult|Dragon Darts|p1a: Sneasler\n|-damage|p1a: Sneasler|0 fnt\n|faint|p1a: Sneasler\n|\n|upkeep\n|\n|t:|1700841453\n|switch|p1a: Kingambit|Kingambit, F|75\/100\n|-activate|p1a: Kingambit|ability: Supreme Overlord\n|-start|p1a: Kingambit|fallen3|[silent]\n|turn|25\n|\n|t:|1700841457\n|switch|p2a: Iron Valiant|Iron Valiant|34\/100 brn\n|move|p1a: Kingambit|Sucker Punch||[still]\n|-fail|p1a: Kingambit\n|\n|-damage|p2a: Iron Valiant|28\/100 brn|[from] brn\n|upkeep\n|turn|26\n|\n|t:|1700841463\n|-end|p1a: Kingambit|fallen3|[silent]\n|switch|p1a: Skeledirge|Skeledirge, M|58\/100\n|move|p2a: Iron Valiant|Destiny Bond|p2a: Iron Valiant\n|-singlemove|p2a: Iron Valiant|Destiny Bond\n|\n|-damage|p2a: Iron Valiant|22\/100 brn|[from] brn\n|upkeep\n|turn|27\n|\n|t:|1700841498\n|move|p2a: Iron Valiant|Thunderbolt|p1a: Skeledirge\n|-damage|p1a: Skeledirge|16\/100\n|-damage|p2a: Iron Valiant|12\/100 brn|[from] item: Life Orb\n|move|p1a: Skeledirge|Slack Off|p1a: Skeledirge\n|-heal|p1a: Skeledirge|66\/100\n|\n|-damage|p2a: Iron Valiant|6\/100 brn|[from] brn\n|upkeep\n|turn|28\n|\n|t:|1700841513\n|move|p2a: Iron Valiant|Thunderbolt|p1a: Skeledirge\n|-damage|p1a: Skeledirge|26\/100\n|-status|p1a: Skeledirge|par\n|-damage|p2a: Iron Valiant|0 fnt|[from] item: Life Orb\n|faint|p2a: Iron Valiant\n|-end|p2a: Iron Valiant|Quark Drive|[silent]\n|move|p1a: Skeledirge|Slack Off|p1a: Skeledirge\n|-heal|p1a: Skeledirge|76\/100 par\n|\n|upkeep\n|\n|t:|1700841526\n|switch|p2a: Ogerpon|Ogerpon-Wellspring, F|100\/100\n|turn|29\n|\n|t:|1700841596\n|move|p2a: Ogerpon|Swords Dance|p2a: Ogerpon\n|-boost|p2a: Ogerpon|atk|2\n|move|p1a: Skeledirge|Torch Song|p2a: Ogerpon\n|-damage|p2a: Ogerpon|70\/100\n|-boost|p1a: Skeledirge|spa|1\n|\n|upkeep\n|turn|30\n|\n|t:|1700841605\n|move|p2a: Ogerpon|Ivy Cudgel|p1a: Skeledirge|[anim] Ivy Cudgel Water\n|-supereffective|p1a: Skeledirge\n|-damage|p1a: Skeledirge|0 fnt\n|faint|p1a: Skeledirge\n|\n|upkeep\n|\n|t:|1700841722\n|switch|p1a: Kingambit|Kingambit, F|75\/100\n|-activate|p1a: Kingambit|ability: Supreme Overlord\n|-start|p1a: Kingambit|fallen4|[silent]\n|turn|31\n|\n|t:|1700841742\n|move|p1a: Kingambit|Sucker Punch|p2a: Ogerpon\n|-damage|p2a: Ogerpon|0 fnt\n|faint|p2a: Ogerpon\n|\n|upkeep\n|\n|t:|1700841748\n|switch|p2a: Mandibuzz|Mandibuzz, F|43\/100 par\n|turn|32\n|c|\u2606Horuskoria|gg. du hast gewonnen\n|c|\u2606Shijin77|gg I guess\n|\n|t:|1700841780\n|move|p1a: Kingambit|Iron Head|p2a: Mandibuzz\n|-damage|p2a: Mandibuzz|11\/100 par\n|move|p2a: Mandibuzz|Roost|p2a: Mandibuzz\n|-heal|p2a: Mandibuzz|61\/100 par\n|-singleturn|p2a: Mandibuzz|move: Roost\n|\n|upkeep\n|turn|33\n|c|\u2606Horuskoria|kann gegen den nichts mehr machen\n|\n|t:|1700841792\n|move|p1a: Kingambit|Iron Head|p2a: Mandibuzz\n|-damage|p2a: Mandibuzz|26\/100 par\n|move|p2a: Mandibuzz|Foul Play|p1a: Kingambit\n|-resisted|p1a: Kingambit\n|-damage|p1a: Kingambit|52\/100\n|\n|upkeep\n|turn|34\n|\n|t:|1700841800\n|switch|p2a: Iron Moth|Iron Moth|40\/100\n|move|p1a: Kingambit|Iron Head|p2a: Iron Moth\n|-resisted|p2a: Iron Moth\n|-damage|p2a: Iron Moth|0 fnt\n|faint|p2a: Iron Moth\n|-end|p2a: Iron Moth|Quark Drive|[silent]\n|\n|upkeep\n|\n|t:|1700841809\n|switch|p2a: Dragapult|Dragapult, F|100\/100\n|turn|35\n|\n|t:|1700841815\n|switch|p2a: Mandibuzz|Mandibuzz, F|26\/100 par\n|move|p1a: Kingambit|Sucker Punch||[still]\n|-fail|p1a: Kingambit\n|\n|upkeep\n|turn|36\n|\n|t:|1700841824\n|switch|p2a: Dragapult|Dragapult, F|100\/100\n|move|p1a: Kingambit|Iron Head|p2a: Dragapult\n|-damage|p2a: Dragapult|7\/100\n|\n|upkeep\n|turn|37\n|\n|t:|1700841833\n|move|p1a: Kingambit|Sucker Punch|p2a: Dragapult\n|-supereffective|p2a: Dragapult\n|-damage|p2a: Dragapult|0 fnt\n|faint|p2a: Dragapult\n|\n|upkeep\n|\n|t:|1700841837\n|switch|p2a: Mandibuzz|Mandibuzz, F|26\/100 par\n|turn|38\n|\n|t:|1700841840\n|move|p1a: Kingambit|Iron Head|p2a: Mandibuzz\n|-damage|p2a: Mandibuzz|0 fnt\n|faint|p2a: Mandibuzz\n|\n|win|Shijin77\n|c|\u2606Shijin77|gg\n","uploadtime":1700841849,"views":1,"p1id":"shijin77","p2id":"horuskoria","formatid":"gen9ubers","rating":0,"private":0,"password":""}