{"id":"gen9ubers-1974482509","p1":"SlowCat","p2":"superiax","format":"[Gen 9] Ubers","log":"|j|\u2606SlowCat\n|j|\u2606superiax\n|t:|1698090666\n|gametype|singles\n|player|p1|SlowCat|rocketgrunt|1227\n|player|p2|superiax|whitney|1267\n|teamsize|p1|6\n|teamsize|p2|6\n|gen|9\n|tier|[Gen 9] Ubers\n|rated|\n|rule|Sleep Clause Mod: Limit one foe put to sleep\n|rule|Species Clause: Limit one of each Pok\u00e9mon\n|rule|OHKO Clause: OHKO moves are banned\n|rule|Evasion Items Clause: Evasion items are banned\n|rule|Evasion Moves Clause: Evasion moves are banned\n|rule|Endless Battle Clause: Forcing endless battles is banned\n|rule|HP Percentage Mod: HP is shown in percentages\n|clearpoke\n|poke|p1|Chien-Pao|\n|poke|p1|Skeledirge, F|\n|poke|p1|Urshifu-*, F|\n|poke|p1|Volcarona, M|\n|poke|p1|Clodsire, M|\n|poke|p1|Palkia-Origin|\n|poke|p2|Iron Bundle|\n|poke|p2|Magearna|\n|poke|p2|Ninetales-Alola, F|\n|poke|p2|Kingambit, M|\n|poke|p2|Iron Moth|\n|poke|p2|Ursaluna-Bloodmoon, M|\n|teampreview\n|inactive|Battle timer is ON: inactive players will automatically lose when time's up. (requested by SlowCat)\n|\n|t:|1698090679\n|start\n|switch|p1a: ~\u2014-^=*|Skeledirge, F|100\/100\n|switch|p2a: Catwoman|Ninetales-Alola, F, shiny|100\/100\n|-weather|Snow|[from] ability: Snow Warning|[of] p2a: Catwoman\n|turn|1\n|\n|t:|1698090687\n|move|p2a: Catwoman|Aurora Veil|p2a: Catwoman\n|-sidestart|p2: superiax|move: Aurora Veil\n|move|p1a: ~\u2014-^=*|Torch Song|p2a: Catwoman\n|-supereffective|p2a: Catwoman\n|-damage|p2a: Catwoman|72\/100\n|-boost|p1a: ~\u2014-^=*|spa|1\n|\n|-weather|Snow|[upkeep]\n|upkeep\n|turn|2\n|\n|t:|1698090708\n|switch|p2a: Mr. Freeze|Iron Bundle, shiny|100\/100\n|move|p1a: ~\u2014-^=*|Torch Song|p2a: Mr. Freeze\n|-damage|p2a: Mr. Freeze|53\/100\n|-boost|p1a: ~\u2014-^=*|spa|1\n|\n|-weather|Snow|[upkeep]\n|upkeep\n|turn|3\n|\n|t:|1698090720\n|switch|p1a: (;D)|Clodsire, M|100\/100\n|move|p2a: Mr. Freeze|Flip Turn|p1a: (;D)\n|-immune|p1a: (;D)|[from] ability: Water Absorb\n|\n|-weather|Snow|[upkeep]\n|upkeep\n|turn|4\n|\n|t:|1698090731\n|-end|p2a: Mr. Freeze|Quark Drive|[silent]\n|switch|p2a: Harley Quinn|Magearna|100\/100\n|move|p1a: (;D)|Toxic|p2a: Harley Quinn\n|-immune|p2a: Harley Quinn\n|\n|-weather|Snow|[upkeep]\n|upkeep\n|turn|5\n|\n|t:|1698090746\n|move|p2a: Harley Quinn|Draining Kiss|p1a: (;D)\n|-resisted|p1a: (;D)\n|-damage|p1a: (;D)|95\/100\n|move|p1a: (;D)|Earthquake|p2a: Harley Quinn\n|-supereffective|p2a: Harley Quinn\n|-damage|p2a: Harley Quinn|83\/100\n|-enditem|p2a: Harley Quinn|Weakness Policy\n|-boost|p2a: Harley Quinn|atk|2|[from] item: Weakness Policy\n|-boost|p2a: Harley Quinn|spa|2|[from] item: Weakness Policy\n|\n|-weather|none\n|-heal|p1a: (;D)|100\/100|[from] item: Leftovers\n|upkeep\n|turn|6\n|\n|t:|1698090756\n|move|p2a: Harley Quinn|Iron Defense|p2a: Harley Quinn\n|-boost|p2a: Harley Quinn|def|2\n|move|p1a: (;D)|Recover||[still]\n|-fail|p1a: (;D)|heal\n|\n|upkeep\n|turn|7\n|\n|t:|1698090772\n|switch|p1a: ~\u2014-^=*|Skeledirge, F|100\/100\n|move|p2a: Harley Quinn|Calm Mind|p2a: Harley Quinn\n|-boost|p2a: Harley Quinn|spa|1\n|-boost|p2a: Harley Quinn|spd|1\n|\n|upkeep\n|turn|8\n|inactive|superiax has 120 seconds left.\n|\n|t:|1698090787\n|-terastallize|p2a: Harley Quinn|Water\n|move|p1a: ~\u2014-^=*|Torch Song|p2a: Harley Quinn\n|-resisted|p2a: Harley Quinn\n|-damage|p2a: Harley Quinn|77\/100\n|-boost|p1a: ~\u2014-^=*|spa|1\n|move|p2a: Harley Quinn|Calm Mind|p2a: Harley Quinn\n|-boost|p2a: Harley Quinn|spa|1\n|-boost|p2a: Harley Quinn|spd|1\n|\n|-sideend|p2: superiax|move: Aurora Veil\n|upkeep\n|turn|9\n|inactive|superiax has 120 seconds left.\n|\n|t:|1698090801\n|move|p1a: ~\u2014-^=*|Will-O-Wisp|p2a: Harley Quinn\n|-status|p2a: Harley Quinn|brn\n|move|p2a: Harley Quinn|Stored Power|p1a: ~\u2014-^=*\n|-damage|p1a: ~\u2014-^=*|59\/100\n|\n|-damage|p2a: Harley Quinn|71\/100 brn|[from] brn\n|upkeep\n|turn|10\n|inactive|superiax has 120 seconds left.\n|\n|t:|1698090813\n|move|p1a: ~\u2014-^=*|Slack Off|p1a: ~\u2014-^=*\n|-heal|p1a: ~\u2014-^=*|100\/100\n|move|p2a: Harley Quinn|Stored Power|p1a: ~\u2014-^=*\n|-damage|p1a: ~\u2014-^=*|56\/100\n|\n|-damage|p2a: Harley Quinn|65\/100 brn|[from] brn\n|upkeep\n|turn|11\n|\n|t:|1698090822\n|move|p1a: ~\u2014-^=*|Hex|p2a: Harley Quinn\n|-damage|p2a: Harley Quinn|4\/100 brn\n|move|p2a: Harley Quinn|Calm Mind|p2a: Harley Quinn\n|-boost|p2a: Harley Quinn|spa|1\n|-boost|p2a: Harley Quinn|spd|1\n|\n|-damage|p2a: Harley Quinn|0 fnt|[from] brn\n|faint|p2a: Harley Quinn\n|upkeep\n|\n|t:|1698090829\n|switch|p2a: Mr. Freeze|Iron Bundle, shiny|53\/100\n|turn|12\n|\n|t:|1698090833\n|switch|p1a: (;D)|Clodsire, M|100\/100\n|move|p2a: Mr. Freeze|Ice Beam|p1a: (;D)\n|-supereffective|p1a: (;D)\n|-damage|p1a: (;D)|31\/100\n|\n|-heal|p1a: (;D)|37\/100|[from] item: Leftovers\n|upkeep\n|turn|13\n|\n|t:|1698090847\n|switch|p1a: >:\u20ac|Chien-Pao|100\/100\n|-ability|p1a: >:\u20ac|Sword of Ruin\n|move|p2a: Mr. Freeze|Ice Beam|p1a: >:\u20ac\n|-resisted|p1a: >:\u20ac\n|-damage|p1a: >:\u20ac|44\/100\n|\n|upkeep\n|turn|14\n|\n|t:|1698090860\n|move|p2a: Mr. Freeze|Ice Beam|p1a: >:\u20ac\n|-resisted|p1a: >:\u20ac\n|-damage|p1a: >:\u20ac|0 fnt\n|faint|p1a: >:\u20ac\n|\n|upkeep\n|\n|t:|1698090869\n|switch|p1a: }+=+{|Volcarona, M|100\/100\n|turn|15\n|\n|t:|1698090878\n|-end|p2a: Mr. Freeze|Quark Drive|[silent]\n|switch|p2a: Catwoman|Ninetales-Alola, F, shiny|72\/100\n|-weather|Snow|[from] ability: Snow Warning|[of] p2a: Catwoman\n|-terastallize|p1a: }+=+{|Water\n|move|p1a: }+=+{|Quiver Dance|p1a: }+=+{\n|-boost|p1a: }+=+{|spa|1\n|-boost|p1a: }+=+{|spd|1\n|-boost|p1a: }+=+{|spe|1\n|\n|-weather|Snow|[upkeep]\n|upkeep\n|turn|16\n|\n|t:|1698090887\n|move|p1a: }+=+{|Flamethrower|p2a: Catwoman\n|-supereffective|p2a: Catwoman\n|-damage|p2a: Catwoman|0 fnt\n|faint|p2a: Catwoman\n|\n|-weather|Snow|[upkeep]\n|upkeep\n|\n|t:|1698090902\n|switch|p2a: Clayface|Ursaluna-Bloodmoon, M|100\/100\n|turn|17\n|\n|t:|1698090908\n|move|p1a: }+=+{|Bug Buzz|p2a: Clayface\n|-damage|p2a: Clayface|8\/100\n|move|p2a: Clayface|Blood Moon|p1a: }+=+{\n|-damage|p1a: }+=+{|40\/100\n|\n|-weather|Snow|[upkeep]\n|-heal|p2a: Clayface|14\/100|[from] item: Leftovers\n|upkeep\n|turn|18\n|\n|t:|1698090917\n|move|p2a: Clayface|Vacuum Wave|p1a: }+=+{\n|-damage|p1a: }+=+{|28\/100\n|move|p1a: }+=+{|Bug Buzz|p2a: Clayface\n|-damage|p2a: Clayface|0 fnt\n|faint|p2a: Clayface\n|\n|-weather|Snow|[upkeep]\n|upkeep\n|\n|t:|1698090925\n|switch|p2a: Iron Moth|Iron Moth, shiny|100\/100\n|turn|19\n|\n|t:|1698090932\n|move|p1a: }+=+{|Bug Buzz|p2a: Iron Moth\n|-resisted|p2a: Iron Moth\n|-damage|p2a: Iron Moth|88\/100\n|move|p2a: Iron Moth|Energy Ball|p1a: }+=+{\n|-supereffective|p1a: }+=+{\n|-damage|p1a: }+=+{|0 fnt\n|faint|p1a: }+=+{\n|\n|-weather|none\n|upkeep\n|\n|t:|1698090940\n|switch|p1a: \u270a\ud83c\udffb^o.o^\ud83e\udd1a\ud83c\udffb|Urshifu-Rapid-Strike, F|100\/100\n|turn|20\n|\n|t:|1698090948\n|move|p2a: Iron Moth|Energy Ball|p1a: \u270a\ud83c\udffb^o.o^\ud83e\udd1a\ud83c\udffb\n|-supereffective|p1a: \u270a\ud83c\udffb^o.o^\ud83e\udd1a\ud83c\udffb\n|-damage|p1a: \u270a\ud83c\udffb^o.o^\ud83e\udd1a\ud83c\udffb|6\/100\n|move|p1a: \u270a\ud83c\udffb^o.o^\ud83e\udd1a\ud83c\udffb|Surging Strikes|p2a: Iron Moth\n|-supereffective|p2a: Iron Moth\n|-crit|p2a: Iron Moth\n|-damage|p2a: Iron Moth|0 fnt\n|faint|p2a: Iron Moth\n|-end|p2a: Iron Moth|Quark Drive|[silent]\n|-hitcount|p2: Iron Moth|1\n|\n|upkeep\n|\n|t:|1698090956\n|switch|p2a: Mr. Freeze|Iron Bundle, shiny|53\/100\n|turn|21\n|\n|t:|1698090962\n|switch|p1a: ~\u2014-^=*|Skeledirge, F|56\/100\n|move|p2a: Mr. Freeze|Flip Turn|p1a: ~\u2014-^=*\n|-supereffective|p1a: ~\u2014-^=*\n|-damage|p1a: ~\u2014-^=*|30\/100\n|\n|t:|1698090968\n|-end|p2a: Mr. Freeze|Quark Drive|[silent]\n|switch|p2a: Robin|Kingambit, M, shiny|100\/100|[from] Flip Turn\n|-activate|p2a: Robin|ability: Supreme Overlord\n|-start|p2a: Robin|fallen4|[silent]\n|\n|upkeep\n|turn|22\n|\n|t:|1698090973\n|move|p2a: Robin|Kowtow Cleave|p1a: ~\u2014-^=*\n|-supereffective|p1a: ~\u2014-^=*\n|-damage|p1a: ~\u2014-^=*|0 fnt\n|faint|p1a: ~\u2014-^=*\n|\n|upkeep\n|\n|t:|1698090978\n|switch|p1a: (;D)|Clodsire, M|37\/100\n|turn|23\n|\n|t:|1698090983\n|move|p2a: Robin|Kowtow Cleave|p1a: (;D)\n|-damage|p1a: (;D)|0 fnt\n|faint|p1a: (;D)\n|\n|upkeep\n|\n|t:|1698090986\n|switch|p1a: \u270a\ud83c\udffb^o.o^\ud83e\udd1a\ud83c\udffb|Urshifu-Rapid-Strike, F|6\/100\n|turn|24\n|\n|t:|1698090993\n|move|p2a: Robin|Sucker Punch|p1a: \u270a\ud83c\udffb^o.o^\ud83e\udd1a\ud83c\udffb\n|-resisted|p1a: \u270a\ud83c\udffb^o.o^\ud83e\udd1a\ud83c\udffb\n|-damage|p1a: \u270a\ud83c\udffb^o.o^\ud83e\udd1a\ud83c\udffb|0 fnt\n|faint|p1a: \u270a\ud83c\udffb^o.o^\ud83e\udd1a\ud83c\udffb\n|\n|upkeep\n|\n|t:|1698090995\n|switch|p1a: \/\/%\\\\\u00a5|Palkia-Origin|100\/100\n|-ability|p1a: \/\/%\\\\\u00a5|Pressure\n|turn|25\n|\n|t:|1698091002\n|move|p1a: \/\/%\\\\\u00a5|Fire Blast|p2a: Robin\n|-supereffective|p2a: Robin\n|-damage|p2a: Robin|11\/100\n|move|p2a: Robin|Kowtow Cleave|p1a: \/\/%\\\\\u00a5\n|-crit|p1a: \/\/%\\\\\u00a5\n|-damage|p1a: \/\/%\\\\\u00a5|0 fnt\n|faint|p1a: \/\/%\\\\\u00a5\n|\n|win|superiax\n|raw|SlowCat's rating: 1227 &rarr; <strong>1205<\/strong><br \/>(-22 for losing)\n|raw|superiax's rating: 1267 &rarr; <strong>1289<\/strong><br \/>(+22 for winning)\n|c|\u2606superiax|gg\n|l|\u2606SlowCat\n","uploadtime":1698091016,"views":11,"p1id":"slowcat","p2id":"superiax","formatid":"gen9ubers","rating":1205,"private":0,"password":""}