{"id":"gen9ubers-1976203353","p1":"Raokan","p2":"FT Morgan","format":"[Gen 9] Ubers","log":"|j|\u2606Raokan\n|j|\u2606FT Morgan\n|t:|1698273388\n|gametype|singles\n|player|p1|Raokan|ethan|1270\n|player|p2|FT Morgan|lass|1246\n|teamsize|p1|6\n|teamsize|p2|6\n|gen|9\n|tier|[Gen 9] Ubers\n|rated|\n|rule|Sleep Clause Mod: Limit one foe put to sleep\n|rule|Species Clause: Limit one of each Pok\u00e9mon\n|rule|OHKO Clause: OHKO moves are banned\n|rule|Evasion Items Clause: Evasion items are banned\n|rule|Evasion Moves Clause: Evasion moves are banned\n|rule|Endless Battle Clause: Forcing endless battles is banned\n|rule|HP Percentage Mod: HP is shown in percentages\n|clearpoke\n|poke|p1|Baxcalibur, F|\n|poke|p1|Great Tusk|\n|poke|p1|Ceruledge, F|\n|poke|p1|Iron Bundle|\n|poke|p1|Basculegion, M|\n|poke|p1|Chien-Pao|\n|poke|p2|Volcarona, M|\n|poke|p2|Corviknight, M|\n|poke|p2|Grimmsnarl, M|\n|poke|p2|Garchomp, M|\n|poke|p2|Rillaboom, F|\n|poke|p2|Sneasler, F|\n|teampreview\n|\n|t:|1698273402\n|start\n|switch|p1a: Ceruledge|Ceruledge, F|100\/100\n|switch|p2a: Volcarona|Volcarona, M|100\/100\n|turn|1\n|\n|t:|1698273408\n|-terastallize|p2a: Volcarona|Water\n|move|p2a: Volcarona|Quiver Dance|p2a: Volcarona\n|-boost|p2a: Volcarona|spa|1\n|-boost|p2a: Volcarona|spd|1\n|-boost|p2a: Volcarona|spe|1\n|move|p1a: Ceruledge|Swords Dance|p1a: Ceruledge\n|-boost|p1a: Ceruledge|atk|2\n|\n|upkeep\n|turn|2\n|j| whynoth\u4e09\u767e\n|\n|t:|1698273419\n|move|p1a: Ceruledge|Shadow Sneak|p2a: Volcarona\n|-damage|p2a: Volcarona|56\/100\n|move|p2a: Volcarona|Tera Blast|p1a: Ceruledge|[anim] Tera Blast Water\n|-supereffective|p1a: Ceruledge\n|-enditem|p1a: Ceruledge|Focus Sash\n|-damage|p1a: Ceruledge|1\/100\n|\n|upkeep\n|turn|3\n|\n|t:|1698273430\n|move|p1a: Ceruledge|Shadow Sneak|p2a: Volcarona\n|-damage|p2a: Volcarona|11\/100\n|move|p2a: Volcarona|Morning Sun|p2a: Volcarona\n|-heal|p2a: Volcarona|61\/100\n|\n|upkeep\n|turn|4\n|\n|t:|1698273439\n|move|p1a: Ceruledge|Shadow Sneak|p2a: Volcarona\n|-damage|p2a: Volcarona|12\/100\n|move|p2a: Volcarona|Morning Sun|p2a: Volcarona\n|-heal|p2a: Volcarona|62\/100\n|\n|upkeep\n|turn|5\n|\n|t:|1698273448\n|move|p1a: Ceruledge|Shadow Sneak|p2a: Volcarona\n|-damage|p2a: Volcarona|11\/100\n|move|p2a: Volcarona|Tera Blast|p1a: Ceruledge|[anim] Tera Blast Water\n|-supereffective|p1a: Ceruledge\n|-damage|p1a: Ceruledge|0 fnt\n|faint|p1a: Ceruledge\n|\n|upkeep\n|\n|t:|1698273463\n|switch|p1a: Iron Bundle|Iron Bundle|100\/100\n|turn|6\n|\n|t:|1698273468\n|move|p2a: Volcarona|Flamethrower|p1a: Iron Bundle\n|-enditem|p1a: Iron Bundle|Focus Sash\n|-damage|p1a: Iron Bundle|1\/100\n|move|p1a: Iron Bundle|Freeze-Dry|p2a: Volcarona\n|-supereffective|p2a: Volcarona\n|-damage|p2a: Volcarona|0 fnt\n|faint|p2a: Volcarona\n|\n|upkeep\n|\n|t:|1698273472\n|switch|p2a: Garchomp|Garchomp, M|100\/100\n|turn|7\n|\n|t:|1698273481\n|move|p2a: Garchomp|Iron Head|p1a: Iron Bundle\n|-damage|p1a: Iron Bundle|0 fnt\n|faint|p1a: Iron Bundle\n|-end|p1a: Iron Bundle|Quark Drive|[silent]\n|\n|upkeep\n|\n|t:|1698273485\n|switch|p1a: Chien-Pao|Chien-Pao|100\/100\n|-ability|p1a: Chien-Pao|Sword of Ruin\n|turn|8\n|\n|t:|1698273490\n|move|p2a: Garchomp|Iron Head|p1a: Chien-Pao\n|-supereffective|p1a: Chien-Pao\n|-damage|p1a: Chien-Pao|26\/100\n|move|p1a: Chien-Pao|Icicle Crash|p2a: Garchomp\n|-supereffective|p2a: Garchomp\n|-damage|p2a: Garchomp|0 fnt\n|faint|p2a: Garchomp\n|\n|upkeep\n|\n|t:|1698273500\n|switch|p2a: Grimmsnarl|Grimmsnarl, M|100\/100\n|turn|9\n|\n|t:|1698273516\n|move|p2a: Grimmsnarl|Reflect|p2a: Grimmsnarl\n|-sidestart|p2: FT Morgan|Reflect\n|move|p1a: Chien-Pao|Icicle Crash|p2a: Grimmsnarl\n|-damage|p2a: Grimmsnarl|69\/100\n|\n|upkeep\n|turn|10\n|\n|t:|1698273527\n|move|p1a: Chien-Pao|Icicle Crash|p2a: Grimmsnarl|[miss]\n|-miss|p1a: Chien-Pao|p2a: Grimmsnarl\n|move|p2a: Grimmsnarl|Play Rough|p1a: Chien-Pao\n|-supereffective|p1a: Chien-Pao\n|-damage|p1a: Chien-Pao|0 fnt\n|faint|p1a: Chien-Pao\n|\n|upkeep\n|\n|t:|1698273534\n|switch|p1a: Great Tusk|Great Tusk|100\/100\n|turn|11\n|\n|t:|1698273538\n|move|p2a: Grimmsnarl|Taunt|p1a: Great Tusk\n|-start|p1a: Great Tusk|move: Taunt\n|move|p1a: Great Tusk|Close Combat|p2a: Grimmsnarl\n|-damage|p2a: Grimmsnarl|32\/100\n|-unboost|p1a: Great Tusk|def|1\n|-unboost|p1a: Great Tusk|spd|1\n|\n|upkeep\n|turn|12\n|\n|t:|1698273547\n|switch|p2a: Corviknight|Corviknight, M|100\/100\n|-ability|p2a: Corviknight|Pressure\n|move|p1a: Great Tusk|Close Combat|p2a: Corviknight\n|-damage|p2a: Corviknight|82\/100\n|-unboost|p1a: Great Tusk|def|1\n|-unboost|p1a: Great Tusk|spd|1\n|\n|-heal|p2a: Corviknight|88\/100|[from] item: Leftovers\n|upkeep\n|turn|13\n|\n|t:|1698273557\n|move|p1a: Great Tusk|Close Combat|p2a: Corviknight\n|-damage|p2a: Corviknight|66\/100\n|-unboost|p1a: Great Tusk|def|1\n|-unboost|p1a: Great Tusk|spd|1\n|move|p2a: Corviknight|U-turn|p1a: Great Tusk\n|-resisted|p1a: Great Tusk\n|-damage|p1a: Great Tusk|89\/100\n|\n|t:|1698273560\n|switch|p2a: Rillaboom|Rillaboom, F|100\/100|[from] U-turn\n|-fieldstart|move: Grassy Terrain|[from] ability: Grassy Surge|[of] p2a: Rillaboom\n|\n|-heal|p1a: Great Tusk|95\/100|[from] Grassy Terrain\n|-end|p1a: Great Tusk|move: Taunt\n|upkeep\n|turn|14\n|\n|t:|1698273576\n|-end|p1a: Great Tusk|Protosynthesis|[silent]\n|switch|p1a: Baxcalibur|Baxcalibur, F|100\/100\n|move|p2a: Rillaboom|U-turn|p1a: Baxcalibur\n|-damage|p1a: Baxcalibur|75\/100\n|\n|t:|1698273582\n|switch|p2a: Sneasler|Sneasler, F|100\/100|[from] U-turn\n|-enditem|p2a: Sneasler|Grassy Seed\n|-boost|p2a: Sneasler|def|1|[from] item: Grassy Seed\n|\n|-heal|p1a: Baxcalibur|81\/100|[from] Grassy Terrain\n|upkeep\n|turn|15\n|\n|t:|1698273589\n|move|p2a: Sneasler|Swords Dance|p2a: Sneasler\n|-boost|p2a: Sneasler|atk|2\n|move|p1a: Baxcalibur|Dragon Dance|p1a: Baxcalibur\n|-boost|p1a: Baxcalibur|atk|1\n|-boost|p1a: Baxcalibur|spe|1\n|\n|-heal|p1a: Baxcalibur|88\/100|[from] Grassy Terrain\n|upkeep\n|turn|16\n|\n|t:|1698273600\n|-terastallize|p1a: Baxcalibur|Ground\n|move|p2a: Sneasler|Close Combat|p1a: Baxcalibur\n|-damage|p1a: Baxcalibur|0 fnt\n|-unboost|p2a: Sneasler|def|1\n|-unboost|p2a: Sneasler|spd|1\n|faint|p1a: Baxcalibur\n|\n|-sideend|p2: FT Morgan|Reflect\n|upkeep\n|\n|t:|1698273607\n|switch|p1a: Great Tusk|Great Tusk|95\/100\n|turn|17\n|\n|t:|1698273611\n|move|p2a: Sneasler|Acrobatics|p1a: Great Tusk\n|-supereffective|p1a: Great Tusk\n|-damage|p1a: Great Tusk|0 fnt\n|faint|p1a: Great Tusk\n|-end|p1a: Great Tusk|Protosynthesis|[silent]\n|\n|upkeep\n|\n|t:|1698273616\n|switch|p1a: Basculegion|Basculegion, M|100\/100\n|turn|18\n|\n|t:|1698273619\n|move|p2a: Sneasler|Acrobatics|p1a: Basculegion\n|-damage|p1a: Basculegion|0 fnt\n|faint|p1a: Basculegion\n|\n|win|FT Morgan\n|raw|Raokan's rating: 1270 &rarr; <strong>1243<\/strong><br \/>(-27 for losing)\n|raw|FT Morgan's rating: 1246 &rarr; <strong>1273<\/strong><br \/>(+27 for winning)\n|l|\u2606Raokan\n|l| whynoth\u4e09\u767e\n","uploadtime":1698273632,"views":11,"p1id":"raokan","p2id":"ftmorgan","formatid":"gen9ubers","rating":1243,"private":0,"password":""}