{"id":"gen9ubers-1984478702","p1":"adpg.alt","p2":"IspamObjection","format":"[Gen 9] Ubers","log":"|j|\u2606adpg.alt\n|j|\u2606IspamObjection\n|t:|1699270082\n|gametype|singles\n|player|p1|adpg.alt|hilbert-wonderlauncher|\n|player|p2|IspamObjection|lance-gen2|\n|teamsize|p1|6\n|teamsize|p2|6\n|gen|9\n|tier|[Gen 9] Ubers\n|rule|Sleep Clause Mod: Limit one foe put to sleep\n|rule|Species Clause: Limit one of each Pok\u00e9mon\n|rule|OHKO Clause: OHKO moves are banned\n|rule|Evasion Items Clause: Evasion items are banned\n|rule|Evasion Moves Clause: Evasion moves are banned\n|rule|Endless Battle Clause: Forcing endless battles is banned\n|rule|HP Percentage Mod: HP is shown in percentages\n|clearpoke\n|poke|p1|Torkoal, M|\n|poke|p1|Roaring Moon|\n|poke|p1|Walking Wake|\n|poke|p1|Lilligant-Hisui, F|\n|poke|p1|Sandy Shocks|\n|poke|p1|Zacian-*|\n|poke|p2|Garchomp, F|\n|poke|p2|Espathra, F|\n|poke|p2|Cyclizar, F|\n|poke|p2|Chi-Yu|\n|poke|p2|Zacian-*|\n|poke|p2|Masquerain, M|\n|teampreview\n|c|\u2606adpg.alt|Glhf\n|\n|t:|1699270112\n|start\n|switch|p1a: Torkoal|Torkoal, M|100\/100\n|switch|p2a: Masquerain|Masquerain, M|100\/100\n|-ability|p2a: Masquerain|Intimidate|boost\n|-unboost|p1a: Torkoal|atk|1\n|-weather|SunnyDay|[from] ability: Drought|[of] p1a: Torkoal\n|turn|1\n|\n|t:|1699270126\n|move|p2a: Masquerain|Sticky Web|p1a: Torkoal\n|-sidestart|p1: adpg.alt|move: Sticky Web\n|move|p1a: Torkoal|Yawn|p2a: Masquerain\n|-start|p2a: Masquerain|move: Yawn|[of] p1a: Torkoal\n|\n|-weather|SunnyDay|[upkeep]\n|upkeep\n|turn|2\n|\n|t:|1699270133\n|move|p2a: Masquerain|Stun Spore|p1a: Torkoal\n|-status|p1a: Torkoal|par\n|cant|p1a: Torkoal|par\n|\n|-weather|SunnyDay|[upkeep]\n|-end|p2a: Masquerain|move: Yawn|[silent]\n|-status|p2a: Masquerain|slp\n|upkeep\n|turn|3\n|\n|t:|1699270138\n|switch|p2a: Cyclizar|Cyclizar, F|100\/100\n|cant|p1a: Torkoal|par\n|\n|-weather|SunnyDay|[upkeep]\n|upkeep\n|turn|4\n|\n|t:|1699270143\n|move|p2a: Cyclizar|Shed Tail|p2a: Cyclizar\n|-start|p2a: Cyclizar|Substitute|[from] move: Shed Tail\n|-damage|p2a: Cyclizar|50\/100\n|\n|t:|1699270147\n|switch|p2a: Espathra|Espathra, F|100\/100|[from] Shed Tail\n|cant|p1a: Torkoal|par\n|\n|-weather|SunnyDay|[upkeep]\n|upkeep\n|turn|5\n|\n|t:|1699270154\n|move|p2a: Espathra|Calm Mind|p2a: Espathra\n|-boost|p2a: Espathra|spa|1\n|-boost|p2a: Espathra|spd|1\n|move|p1a: Torkoal|Lava Plume|p2a: Espathra\n|-end|p2a: Espathra|Substitute\n|\n|-weather|SunnyDay|[upkeep]\n|-ability|p2a: Espathra|Speed Boost|boost\n|-boost|p2a: Espathra|spe|1\n|upkeep\n|turn|6\n|\n|t:|1699270163\n|move|p2a: Espathra|Calm Mind|p2a: Espathra\n|-boost|p2a: Espathra|spa|1\n|-boost|p2a: Espathra|spd|1\n|move|p1a: Torkoal|Yawn|p2a: Espathra\n|-start|p2a: Espathra|move: Yawn|[of] p1a: Torkoal\n|\n|-weather|SunnyDay|[upkeep]\n|-ability|p2a: Espathra|Speed Boost|boost\n|-boost|p2a: Espathra|spe|1\n|upkeep\n|turn|7\n|\n|t:|1699270175\n|move|p2a: Espathra|Calm Mind|p2a: Espathra\n|-boost|p2a: Espathra|spa|1\n|-boost|p2a: Espathra|spd|1\n|move|p1a: Torkoal|Rapid Spin|p2a: Espathra\n|-damage|p2a: Espathra|95\/100\n|-boost|p1a: Torkoal|spe|1\n|-sideend|p1: adpg.alt|Sticky Web|[from] move: Rapid Spin|[of] p1a: Torkoal\n|\n|-weather|SunnyDay|[upkeep]\n|-heal|p2a: Espathra|100\/100|[from] item: Leftovers\n|-end|p2a: Espathra|move: Yawn|[silent]\n|-message|Sleep Clause Mod activated.\n|-hint|Sleep Clause Mod prevents players from putting more than one of their opponent's Pok\u00e9mon to sleep at a time\n|-ability|p2a: Espathra|Speed Boost|boost\n|-boost|p2a: Espathra|spe|1\n|upkeep\n|turn|8\n|\n|t:|1699270185\n|move|p2a: Espathra|Stored Power|p1a: Torkoal\n|-damage|p1a: Torkoal|0 fnt\n|faint|p1a: Torkoal\n|\n|-weather|none\n|-ability|p2a: Espathra|Speed Boost|boost\n|-boost|p2a: Espathra|spe|1\n|upkeep\n|\n|t:|1699270189\n|switch|p1a: Roaring Moon|Roaring Moon|100\/100\n|turn|9\n|\n|t:|1699270201\n|-terastallize|p1a: Roaring Moon|Dark\n|move|p2a: Espathra|Dazzling Gleam|p1a: Roaring Moon\n|-supereffective|p1a: Roaring Moon\n|-damage|p1a: Roaring Moon|8\/100\n|move|p1a: Roaring Moon|Knock Off|p2a: Espathra\n|-supereffective|p2a: Espathra\n|-damage|p2a: Espathra|0 fnt\n|-enditem|p2a: Espathra|Leftovers|[from] move: Knock Off|[of] p1a: Roaring Moon\n|faint|p2a: Espathra\n|\n|upkeep\n|\n|t:|1699270217\n|switch|p2a: Masquerain|Masquerain, M|100\/100 slp\n|-ability|p2a: Masquerain|Intimidate|boost\n|-unboost|p1a: Roaring Moon|atk|1\n|turn|10\n|\n|t:|1699270221\n|move|p1a: Roaring Moon|Knock Off|p2a: Masquerain\n|-enditem|p2a: Masquerain|Focus Sash\n|-damage|p2a: Masquerain|1\/100 slp\n|cant|p2a: Masquerain|slp\n|\n|upkeep\n|turn|11\n|\n|t:|1699270226\n|move|p1a: Roaring Moon|Knock Off|p2a: Masquerain\n|-damage|p2a: Masquerain|0 fnt\n|faint|p2a: Masquerain\n|\n|upkeep\n|\n|t:|1699270230\n|switch|p2a: Garchover|Garchomp, F|100\/100\n|turn|12\n|\n|t:|1699270235\n|-end|p1a: Roaring Moon|Protosynthesis|[silent]\n|switch|p1a: Zacian|Zacian|100\/100\n|-ability|p1a: Zacian|Intrepid Sword|boost\n|-boost|p1a: Zacian|atk|1\n|move|p2a: Garchover|Stealth Rock|p1a: Zacian\n|-sidestart|p1: adpg.alt|move: Stealth Rock\n|\n|upkeep\n|turn|13\n|\n|t:|1699270252\n|move|p1a: Zacian|Swords Dance|p1a: Zacian\n|-boost|p1a: Zacian|atk|2\n|move|p2a: Garchover|Earthquake|p1a: Zacian\n|-crit|p1a: Zacian\n|-damage|p1a: Zacian|33\/100\n|\n|upkeep\n|turn|14\n|\n|t:|1699270259\n|move|p1a: Zacian|Play Rough|p2a: Garchover\n|-supereffective|p2a: Garchover\n|-enditem|p2a: Garchover|Focus Sash\n|-damage|p2a: Garchover|1\/100\n|-unboost|p2a: Garchover|atk|1\n|-damage|p1a: Zacian|21\/100|[from] ability: Rough Skin|[of] p2a: Garchover\n|move|p2a: Garchover|Earthquake|p1a: Zacian\n|-damage|p1a: Zacian|0 fnt\n|faint|p1a: Zacian\n|\n|upkeep\n|\n|t:|1699270276\n|switch|p1a: Walking Wake|Walking Wake|100\/100\n|-damage|p1a: Walking Wake|88\/100|[from] Stealth Rock\n|turn|15\n|\n|t:|1699270283\n|move|p1a: Walking Wake|Hydro Steam|p2a: Garchover\n|-damage|p2a: Garchover|0 fnt\n|faint|p2a: Garchover\n|\n|upkeep\n|\n|t:|1699270287\n|switch|p2a: Cyclizar|Cyclizar, F|84\/100\n|turn|16\n|\n|t:|1699270296\n|move|p2a: Cyclizar|Shed Tail|p2a: Cyclizar\n|-start|p2a: Cyclizar|Substitute|[from] move: Shed Tail\n|-damage|p2a: Cyclizar|34\/100\n|\n|t:|1699270301\n|switch|p2a: Zacian|Zacian|100\/100|[from] Shed Tail\n|-ability|p2a: Zacian|Intrepid Sword|boost\n|-boost|p2a: Zacian|atk|1\n|move|p1a: Walking Wake|Hydro Steam|p2a: Zacian\n|-end|p2a: Zacian|Substitute\n|\n|upkeep\n|turn|17\n|\n|t:|1699270310\n|move|p2a: Zacian|Play Rough|p1a: Walking Wake\n|-supereffective|p1a: Walking Wake\n|-damage|p1a: Walking Wake|0 fnt\n|faint|p1a: Walking Wake\n|-end|p1a: Walking Wake|Protosynthesis|[silent]\n|\n|upkeep\n|\n|t:|1699270313\n|switch|p1a: Sandy Shocks|Sandy Shocks|100\/100\n|-damage|p1a: Sandy Shocks|94\/100|[from] Stealth Rock\n|turn|18\n|\n|t:|1699270319\n|move|p2a: Zacian|Play Rough|p1a: Sandy Shocks\n|-damage|p1a: Sandy Shocks|0 fnt\n|faint|p1a: Sandy Shocks\n|-end|p1a: Sandy Shocks|Protosynthesis|[silent]\n|\n|upkeep\n|\n|t:|1699270325\n|switch|p1a: Lilligant|Lilligant-Hisui, F|100\/100\n|-damage|p1a: Lilligant|94\/100|[from] Stealth Rock\n|turn|19\n|c|\u2606adpg.alt|GG\n|c|\u2606adpg.alt|Rematch?\n|c|\u2606IspamObjection|sure\n|-message|adpg.alt forfeited.\n|\n|win|IspamObjection\n","uploadtime":1699270354,"views":8,"p1id":"adpgalt","p2id":"ispamobjection","formatid":"gen9ubers","rating":0,"private":0,"password":""}