{"id":"gen9ubers-1999911579","p1":"anarchistsshitpost","p2":"dumbass9","format":"[Gen 9] Ubers","log":"|j|\u2606anarchistsshitpost\n|j|\u2606dumbass9\n|t:|1701129172\n|gametype|singles\n|player|p1|anarchistsshitpost|cynthia|\n|player|p2|dumbass9|acerola-masters|\n|teamsize|p1|6\n|teamsize|p2|6\n|gen|9\n|tier|[Gen 9] Ubers\n|rule|Sleep Clause Mod: Limit one foe put to sleep\n|rule|Species Clause: Limit one of each Pok\u00e9mon\n|rule|OHKO Clause: OHKO moves are banned\n|rule|Evasion Items Clause: Evasion items are banned\n|rule|Evasion Moves Clause: Evasion moves are banned\n|rule|Endless Battle Clause: Forcing endless battles is banned\n|rule|HP Percentage Mod: HP is shown in percentages\n|clearpoke\n|poke|p1|Ogerpon-Wellspring, F|\n|poke|p1|Zapdos-Galar|\n|poke|p1|Garchomp, F|\n|poke|p1|Furret, M|\n|poke|p1|Bisharp, M|\n|poke|p1|Skeledirge, M|\n|poke|p2|Annihilape, M|\n|poke|p2|Great Tusk|\n|poke|p2|Jolteon, F|\n|poke|p2|Meowscarada, F|\n|poke|p2|Clodsire, F|\n|poke|p2|Basculegion, M|\n|teampreview\n|j| Anderew1\n|\n|t:|1701129187\n|start\n|switch|p1a: Chun Li|Zapdos-Galar|100\/100\n|switch|p2a: Raphael|Meowscarada, F|100\/100\n|turn|1\n|c|\u2606dumbass9|glhf\n|c|\u2606anarchistsshitpost|glhf\n|\n|t:|1701129213\n|move|p2a: Raphael|Play Rough|p1a: Chun Li|[miss]\n|-start|p2a: Raphael|typechange|Fairy|[from] ability: Protean\n|-miss|p2a: Raphael|p1a: Chun Li\n|move|p1a: Chun Li|Acrobatics|p2a: Raphael\n|-damage|p2a: Raphael|49\/100\n|\n|upkeep\n|turn|2\n|c|\u2606dumbass9|NOOOOOOOO\n|c|\u2606dumbass9|its not nover\n|c|\u2606anarchistsshitpost|wtf??\n|c|\u2606dumbass9|scarf :)\n|c|\u2606anarchistsshitpost|i didnt even realise that wasnt 100%\n|c|\u2606dumbass9|yeah its 90\n|c|\u2606dumbass9|sadge\n|\n|t:|1701129254\n|move|p2a: Raphael|Play Rough|p1a: Chun Li|[miss]\n|-miss|p2a: Raphael|p1a: Chun Li\n|move|p1a: Chun Li|Acrobatics|p2a: Raphael\n|-damage|p2a: Raphael|0 fnt\n|faint|p2a: Raphael\n|\n|upkeep\n|c|\u2606dumbass9|bruh\n|c| Anderew1|bruh\n|c|\u2606anarchistsshitpost|??????\n|c|\u2606anarchistsshitpost|im cheating\n|c| Anderew1|that shits rough\n|c|\u2606anarchistsshitpost|wtf\n|c|\u2606dumbass9|can we get a restart?\n|c|\u2606dumbass9|oh no\n|c|\u2606anarchistsshitpost|nope\n|c|\u2606dumbass9|guys my wifi!\n|c|\u2606anarchistsshitpost|dont fucking ddos me too\n|c| Anderew1|typical michael\n|\n|t:|1701129292\n|switch|p2a: :3|Clodsire, F|100\/100\n|turn|3\n|\n|t:|1701129319\n|switch|p1a: Girl Boss|Ogerpon-Wellspring, F|100\/100\n|move|p2a: :3|Toxic|p1a: Girl Boss\n|-status|p1a: Girl Boss|tox\n|\n|-damage|p1a: Girl Boss|94\/100 tox|[from] psn\n|upkeep\n|turn|4\n|\n|t:|1701129331\n|move|p1a: Girl Boss|Swords Dance|p1a: Girl Boss\n|-boost|p1a: Girl Boss|atk|2\n|move|p2a: :3|Toxic Spikes|p1a: Girl Boss\n|-sidestart|p1: anarchistsshitpost|move: Toxic Spikes\n|\n|-damage|p1a: Girl Boss|82\/100 tox|[from] psn\n|upkeep\n|turn|5\n|\n|t:|1701129341\n|move|p1a: Girl Boss|Wood Hammer|p2a: :3\n|-damage|p2a: :3|55\/100\n|-damage|p1a: Girl Boss|61\/100 tox|[from] Recoil\n|move|p2a: :3|Toxic Spikes|p1a: Girl Boss\n|-sidestart|p1: anarchistsshitpost|move: Toxic Spikes\n|\n|-heal|p2a: :3|61\/100|[from] item: Black Sludge\n|-damage|p1a: Girl Boss|42\/100 tox|[from] psn\n|upkeep\n|turn|6\n|c|\u2606dumbass9|hahhahahaha\n|c|\u2606dumbass9|boomed as hell\n|\n|t:|1701129379\n|move|p1a: Girl Boss|Wood Hammer|p2a: :3\n|-damage|p2a: :3|12\/100\n|-damage|p1a: Girl Boss|20\/100 tox|[from] Recoil\n|move|p2a: :3|Spikes|p1a: Girl Boss\n|-sidestart|p1: anarchistsshitpost|Spikes\n|\n|-heal|p2a: :3|18\/100|[from] item: Black Sludge\n|-damage|p1a: Girl Boss|0 fnt|[from] psn\n|faint|p1a: Girl Boss\n|upkeep\n|\n|t:|1701129417\n|switch|p1a: This Looks Bad|Furret, M|100\/100\n|-status|p1a: This Looks Bad|tox\n|-damage|p1a: This Looks Bad|88\/100 tox|[from] Spikes\n|-item|p2a: :3|Black Sludge|[from] ability: Frisk|[of] p1a: This Looks Bad|[identify]\n|turn|7\n|\n|t:|1701129433\n|move|p1a: This Looks Bad|Knock Off|p2a: :3\n|-damage|p2a: :3|4\/100\n|-enditem|p2a: :3|Black Sludge|[from] move: Knock Off|[of] p1a: This Looks Bad\n|move|p2a: :3|Recover|p2a: :3\n|-heal|p2a: :3|54\/100\n|\n|-damage|p1a: This Looks Bad|82\/100 tox|[from] psn\n|upkeep\n|turn|8\n|c|\u2606dumbass9|oh yeah baby\n|\n|t:|1701129445\n|move|p1a: This Looks Bad|Tidy Up|p1a: This Looks Bad\n|-sideend|p1: anarchistsshitpost|Spikes\n|-sideend|p1: anarchistsshitpost|Toxic Spikes\n|-activate|p1a: This Looks Bad|move: Tidy Up\n|-boost|p1a: This Looks Bad|atk|1\n|-boost|p1a: This Looks Bad|spe|1\n|move|p2a: :3|Recover|p2a: :3\n|-heal|p2a: :3|100\/100\n|\n|-damage|p1a: This Looks Bad|70\/100 tox|[from] psn\n|upkeep\n|turn|9\n|\n|t:|1701129458\n|move|p1a: This Looks Bad|Tidy Up|p1a: This Looks Bad\n|-boost|p1a: This Looks Bad|atk|1\n|-boost|p1a: This Looks Bad|spe|1\n|move|p2a: :3|Toxic Spikes|p1a: This Looks Bad\n|-sidestart|p1: anarchistsshitpost|move: Toxic Spikes\n|\n|-damage|p1a: This Looks Bad|51\/100 tox|[from] psn\n|upkeep\n|turn|10\n|\n|t:|1701129468\n|move|p1a: This Looks Bad|Tidy Up|p1a: This Looks Bad\n|-sideend|p1: anarchistsshitpost|Toxic Spikes\n|-activate|p1a: This Looks Bad|move: Tidy Up\n|-boost|p1a: This Looks Bad|atk|1\n|-boost|p1a: This Looks Bad|spe|1\n|move|p2a: :3|Spikes|p1a: This Looks Bad\n|-sidestart|p1: anarchistsshitpost|Spikes\n|\n|-damage|p1a: This Looks Bad|27\/100 tox|[from] psn\n|upkeep\n|turn|11\n|\n|t:|1701129508\n|move|p1a: This Looks Bad|Take Down|p2a: :3\n|-crit|p2a: :3\n|-damage|p2a: :3|76\/100\n|-damage|p1a: This Looks Bad|19\/100 tox|[from] Recoil\n|-enditem|p1a: This Looks Bad|Aguav Berry|[eat]\n|-heal|p1a: This Looks Bad|52\/100 tox|[from] item: Aguav Berry\n|move|p2a: :3|Recover|p2a: :3\n|-heal|p2a: :3|100\/100\n|\n|-damage|p1a: This Looks Bad|21\/100 tox|[from] psn\n|upkeep\n|turn|12\n|c|\u2606dumbass9|oh shit clever aguav play\n|\n|t:|1701129539\n|move|p1a: This Looks Bad|Take Down|p2a: :3\n|-damage|p2a: :3|82\/100\n|-damage|p1a: This Looks Bad|15\/100 tox|[from] Recoil\n|move|p2a: :3|Spikes|p1a: This Looks Bad\n|-sidestart|p1: anarchistsshitpost|Spikes\n|\n|-damage|p1a: This Looks Bad|0 fnt|[from] psn\n|faint|p1a: This Looks Bad\n|upkeep\n|inactive|Battle timer is ON: inactive players will automatically lose when time's up. (requested by dumbass9)\n|\n|t:|1701129598\n|switch|p1a: Queengambit|Bisharp, M|100\/100\n|-damage|p1a: Queengambit|84\/100|[from] Spikes\n|turn|13\n|\n|t:|1701129618\n|-terastallize|p1a: Queengambit|Flying\n|move|p1a: Queengambit|Swords Dance|p1a: Queengambit\n|-boost|p1a: Queengambit|atk|2\n|move|p2a: :3|Toxic Spikes|p1a: Queengambit\n|-sidestart|p1: anarchistsshitpost|move: Toxic Spikes\n|\n|upkeep\n|turn|14\n|c|\u2606anarchistsshitpost|i misclicked\n|inactive|anarchistsshitpost has 270 seconds left.\n|c|\u2606dumbass9|damn shame\n|c|\u2606anarchistsshitpost|didnt mean to terra there shit\n|c|\u2606anarchistsshitpost|whelp\n|c|\u2606dumbass9|i missed a 90% accurate move twice\n|\n|t:|1701129653\n|move|p1a: Queengambit|Iron Head|p2a: :3\n|-damage|p2a: :3|49\/100\n|cant|p2a: :3|flinch\n|\n|upkeep\n|turn|15\n|c|\u2606dumbass9|i love clod\n|c|\u2606dumbass9|what a guy\n|c|\u2606dumbass9|better crit\n|c| Anderew1|big aul clod\n|inactive|anarchistsshitpost has 240 seconds left.\n|\n|t:|1701129688\n|move|p1a: Queengambit|Iron Head|p2a: :3\n|-damage|p2a: :3|16\/100\n|move|p2a: :3|Recover|p2a: :3\n|-heal|p2a: :3|66\/100\n|\n|upkeep\n|turn|16\n|inactive|anarchistsshitpost has 240 seconds left.\n|\n|t:|1701129715\n|move|p1a: Queengambit|Swords Dance|p1a: Queengambit\n|-boost|p1a: Queengambit|atk|2\n|move|p2a: :3|Recover|p2a: :3\n|-heal|p2a: :3|100\/100\n|\n|upkeep\n|turn|17\n|\n|t:|1701129721\n|move|p1a: Queengambit|Swords Dance|p1a: Queengambit\n|-boost|p1a: Queengambit|atk|2\n|move|p2a: :3|Toxic|p1a: Queengambit\n|-status|p1a: Queengambit|tox\n|\n|-damage|p1a: Queengambit|78\/100 tox|[from] psn\n|upkeep\n|turn|18\n|c|\u2606dumbass9|conor are you AWARE of my ability\n|\n|t:|1701129734\n|move|p1a: Queengambit|Iron Head|p2a: :3\n|-damage|p2a: :3|69\/100\n|move|p2a: :3|Toxic Spikes|p1a: Queengambit\n|-sidestart|p1: anarchistsshitpost|move: Toxic Spikes\n|\n|-damage|p1a: Queengambit|66\/100 tox|[from] psn\n|upkeep\n|turn|19\n|\n|t:|1701129744\n|move|p1a: Queengambit|Iron Head|p2a: :3\n|-damage|p2a: :3|39\/100\n|move|p2a: :3|Recover|p2a: :3\n|-heal|p2a: :3|89\/100\n|\n|-damage|p1a: Queengambit|48\/100 tox|[from] psn\n|upkeep\n|turn|20\n|c| Anderew1|wahey\n|c| Anderew1|he said the thing\n|inactive|anarchistsshitpost has 240 seconds left.\n|c|\u2606dumbass9|credits roll\n|c|\u2606dumbass9|seinfeld laugh track\n|c| Anderew1|fuck you bet me to it\n|c| Anderew1|was about to say tha\n|inactive|anarchistsshitpost has 210 seconds left.\n|c|\u2606dumbass9|god i love clod so much\n|c|\u2606dumbass9|best trade i could ever make\n|inactive|anarchistsshitpost has 180 seconds left.\n|\n|t:|1701129824\n|switch|p1a: Grunt|Garchomp, F|100\/100\n|-damage|p1a: Grunt|84\/100|[from] Spikes\n|-status|p1a: Grunt|tox\n|move|p2a: :3|Spikes|p1a: Grunt\n|-sidestart|p1: anarchistsshitpost|Spikes\n|\n|-damage|p1a: Grunt|78\/100 tox|[from] psn\n|upkeep\n|turn|21\n|\n|t:|1701129838\n|move|p1a: Grunt|Earthquake|p2a: :3\n|-supereffective|p2a: :3\n|-damage|p2a: :3|4\/100\n|move|p2a: :3|Recover|p2a: :3\n|-heal|p2a: :3|54\/100\n|\n|-damage|p1a: Grunt|65\/100 tox|[from] psn\n|upkeep\n|turn|22\n|c|\u2606dumbass9|o7 soldier\n|\n|t:|1701129852\n|move|p1a: Grunt|Earthquake|p2a: :3\n|-supereffective|p2a: :3\n|-damage|p2a: :3|0 fnt\n|faint|p2a: :3\n|\n|-damage|p1a: Grunt|47\/100 tox|[from] psn\n|upkeep\n|\n|t:|1701129865\n|switch|p2a: Tax Evader|Great Tusk|100\/100\n|-enditem|p2a: Tax Evader|Booster Energy\n|-activate|p2a: Tax Evader|ability: Protosynthesis|[fromitem]\n|-start|p2a: Tax Evader|protosynthesisatk\n|turn|23\n|c| Anderew1|07\n|inactive|anarchistsshitpost has 180 seconds left.\n|\n|t:|1701129889\n|move|p1a: Grunt|Earthquake|p2a: Tax Evader\n|-damage|p2a: Tax Evader|61\/100\n|move|p2a: Tax Evader|Stealth Rock|p1a: Grunt\n|-sidestart|p1: anarchistsshitpost|move: Stealth Rock\n|\n|-damage|p1a: Grunt|22\/100 tox|[from] psn\n|upkeep\n|turn|24\n|\n|t:|1701129895\n|move|p1a: Grunt|Earthquake|p2a: Tax Evader\n|-damage|p2a: Tax Evader|18\/100\n|move|p2a: Tax Evader|Rapid Spin|p1a: Grunt\n|-crit|p1a: Grunt\n|-damage|p1a: Grunt|0 fnt\n|-boost|p2a: Tax Evader|spe|1\n|-damage|p2a: Tax Evader|6\/100|[from] ability: Rough Skin|[of] p1a: Grunt\n|faint|p1a: Grunt\n|\n|upkeep\n|\n|t:|1701129924\n|switch|p1a: Queengambit|Bisharp, M, tera:Flying|48\/100 tox\n|-damage|p1a: Queengambit|24\/100 tox|[from] Stealth Rock\n|turn|25\n|\n|t:|1701129932\n|move|p2a: Tax Evader|Close Combat|p1a: Queengambit\n|-resisted|p1a: Queengambit\n|-damage|p1a: Queengambit|0 fnt\n|-unboost|p2a: Tax Evader|def|1\n|-unboost|p2a: Tax Evader|spd|1\n|faint|p1a: Queengambit\n|\n|upkeep\n|c|\u2606dumbass9|scarfed zap?\n|inactive|anarchistsshitpost has 150 seconds left.\n|c|\u2606dumbass9|aka only hope?\n|c|\u2606anarchistsshitpost|it is not scarfed\n|\n|t:|1701129962\n|switch|p1a: Chun Li|Zapdos-Galar|100\/100\n|-damage|p1a: Chun Li|88\/100|[from] Stealth Rock\n|turn|26\n|\n|t:|1701129968\n|move|p2a: Tax Evader|Close Combat|p1a: Chun Li\n|-resisted|p1a: Chun Li\n|-damage|p1a: Chun Li|38\/100\n|-unboost|p2a: Tax Evader|def|1\n|-unboost|p2a: Tax Evader|spd|1\n|move|p1a: Chun Li|Acrobatics|p2a: Tax Evader\n|-supereffective|p2a: Tax Evader\n|-damage|p2a: Tax Evader|0 fnt\n|faint|p2a: Tax Evader\n|-end|p2a: Tax Evader|Protosynthesis|[silent]\n|\n|upkeep\n|c|\u2606dumbass9|awful shame\n|\n|t:|1701129985\n|switch|p2a: Slayers Champ|Basculegion, M, shiny|100\/100\n|turn|27\n|inactive|anarchistsshitpost has 150 seconds left.\n|j| vegemite360\n|\n|t:|1701130002\n|move|p2a: Slayers Champ|Wave Crash|p1a: Chun Li\n|-damage|p1a: Chun Li|0 fnt\n|faint|p1a: Chun Li\n|-damage|p2a: Slayers Champ|90\/100|[from] Recoil\n|\n|upkeep\n|\n|t:|1701130007\n|switch|p1a: Gas Light|Skeledirge, M|100\/100\n|turn|28\n|c|\u2606dumbass9|i want you to know that bringing legion is a sign of respect\n|c|\u2606anarchistsshitpost|gg\n|inactive|anarchistsshitpost has 150 seconds left.\n|c|\u2606dumbass9|50% odds to ohko btw\n|c|\u2606dumbass9|not over\n|\n|t:|1701130026\n|move|p2a: Slayers Champ|Wave Crash|p1a: Gas Light\n|-supereffective|p1a: Gas Light\n|-damage|p1a: Gas Light|0 fnt\n|faint|p1a: Gas Light\n|-damage|p2a: Slayers Champ|54\/100|[from] Recoil\n|\n|win|dumbass9\n|c|\u2606dumbass9|never lost a coin flip in my life\n|c|\u2606dumbass9|gg\n","uploadtime":1701130042,"views":22,"p1id":"anarchistsshitpost","p2id":"dumbass9","formatid":"gen9ubers","rating":0,"private":0,"password":""}