{"id":"gen9ubers-1969279934","p1":"CoolioM8","p2":"Oomaester1234","format":"[Gen 9] Ubers","log":"|j|\u2606CoolioM8\n|j|\u2606Oomaester1234\n|t:|1697509224\n|gametype|singles\n|player|p1|CoolioM8|caitlin-masters|\n|player|p2|Oomaester1234|teamrocket|\n|teamsize|p1|6\n|teamsize|p2|6\n|gen|9\n|tier|[Gen 9] Ubers\n|rule|Sleep Clause Mod: Limit one foe put to sleep\n|rule|Species Clause: Limit one of each Pok\u00e9mon\n|rule|OHKO Clause: OHKO moves are banned\n|rule|Evasion Items Clause: Evasion items are banned\n|rule|Evasion Moves Clause: Evasion moves are banned\n|rule|Endless Battle Clause: Forcing endless battles is banned\n|rule|HP Percentage Mod: HP is shown in percentages\n|clearpoke\n|poke|p1|Palafin, F|\n|poke|p1|Ninetales-Alola, F|\n|poke|p1|Moltres|\n|poke|p1|Cyclizar, M|\n|poke|p1|Magearna|\n|poke|p1|Garchomp, M|\n|poke|p2|Spectrier|\n|poke|p2|Dialga|\n|poke|p2|Iron Valiant|\n|poke|p2|Moltres|\n|poke|p2|Palafin, F|\n|poke|p2|Cyclizar, F|\n|teampreview\n|inactive|Battle timer is ON: inactive players will automatically lose when time's up. (requested by Oomaester1234)\n|c|\u2606CoolioM8|glhf\n|c|\u2606Oomaester1234|you too\n|\n|t:|1697509247\n|start\n|switch|p1a: Akira|Cyclizar, M|100\/100\n|switch|p2a: Palafin|Palafin, F|100\/100\n|turn|1\n|\n|t:|1697509252\n|move|p1a: Akira|Knock Off|p2a: Palafin\n|-damage|p2a: Palafin|73\/100\n|-enditem|p2a: Palafin|Mystic Water|[from] move: Knock Off|[of] p1a: Akira\n|move|p2a: Palafin|Flip Turn|p1a: Akira\n|-resisted|p1a: Akira\n|-damage|p1a: Akira|82\/100\n|\n|t:|1697509267\n|detailschange|p2a: Palafin|Palafin-Hero, F\n|switch|p2a: Dialga|Dialga|100\/100|[from] Flip Turn\n|-ability|p2a: Dialga|Pressure\n|\n|upkeep\n|turn|2\n|\n|t:|1697509287\n|switch|p1a: Get Lucky|Moltres|100\/100\n|move|p2a: Dialga|Fire Blast|p1a: Get Lucky\n|-resisted|p1a: Get Lucky\n|-damage|p1a: Get Lucky|85\/100\n|\n|upkeep\n|turn|3\n|\n|t:|1697509296\n|move|p1a: Get Lucky|Will-O-Wisp|p2a: Dialga|[miss]\n|-miss|p1a: Get Lucky|p2a: Dialga\n|move|p2a: Dialga|Stealth Rock|p1a: Get Lucky\n|-sidestart|p1: CoolioM8|move: Stealth Rock\n|\n|upkeep\n|turn|4\n|\n|t:|1697509307\n|switch|p2a: Cyclizar|Cyclizar, F|100\/100\n|move|p1a: Get Lucky|Fire Blast|p2a: Cyclizar\n|-resisted|p2a: Cyclizar\n|-damage|p2a: Cyclizar|66\/100\n|\n|upkeep\n|turn|5\n|\n|t:|1697509311\n|move|p2a: Cyclizar|Knock Off|p1a: Get Lucky\n|-damage|p1a: Get Lucky|65\/100\n|-enditem|p1a: Get Lucky|Heavy-Duty Boots|[from] move: Knock Off|[of] p2a: Cyclizar\n|move|p1a: Get Lucky|Hurricane|p2a: Cyclizar|[miss]\n|-miss|p1a: Get Lucky|p2a: Cyclizar\n|\n|upkeep\n|turn|6\n|\n|t:|1697509322\n|switch|p2a: Dialga|Dialga|100\/100\n|-ability|p2a: Dialga|Pressure\n|move|p1a: Get Lucky|Will-O-Wisp|p2a: Dialga\n|-status|p2a: Dialga|brn\n|\n|-damage|p2a: Dialga|94\/100 brn|[from] brn\n|upkeep\n|turn|7\n|\n|t:|1697509327\n|switch|p2a: Cyclizar|Cyclizar, F|99\/100\n|move|p1a: Get Lucky|Roost|p1a: Get Lucky\n|-heal|p1a: Get Lucky|100\/100\n|-singleturn|p1a: Get Lucky|move: Roost\n|\n|upkeep\n|turn|8\n|\n|t:|1697509329\n|move|p2a: Cyclizar|Shed Tail|p2a: Cyclizar\n|-start|p2a: Cyclizar|Substitute|[from] move: Shed Tail\n|-damage|p2a: Cyclizar|50\/100\n|\n|t:|1697509333\n|switch|p2a: Spectrier|Spectrier|100\/100|[from] Shed Tail\n|move|p1a: Get Lucky|Hurricane|p2a: Spectrier\n|-end|p2a: Spectrier|Substitute\n|\n|upkeep\n|turn|9\n|\n|t:|1697509342\n|move|p2a: Spectrier|Calm Mind|p2a: Spectrier\n|-boost|p2a: Spectrier|spa|1\n|-boost|p2a: Spectrier|spd|1\n|move|p1a: Get Lucky|Hurricane|p2a: Spectrier\n|-damage|p2a: Spectrier|65\/100\n|-start|p2a: Spectrier|confusion\n|\n|-heal|p2a: Spectrier|71\/100|[from] item: Leftovers\n|upkeep\n|turn|10\n|\n|t:|1697509348\n|switch|p1a: Akira|Cyclizar, M|100\/100\n|-activate|p2a: Spectrier|confusion\n|move|p2a: Spectrier|Shadow Ball|p1a: Akira\n|-immune|p1a: Akira\n|\n|-heal|p2a: Spectrier|77\/100|[from] item: Leftovers\n|upkeep\n|turn|11\n|\n|t:|1697509350\n|-activate|p2a: Spectrier|confusion\n|move|p2a: Spectrier|Draining Kiss|p1a: Akira\n|-supereffective|p1a: Akira\n|-damage|p1a: Akira|5\/100\n|-heal|p2a: Spectrier|100\/100|[from] drain|[of] p1a: Akira\n|move|p1a: Akira|Knock Off|p2a: Spectrier\n|-supereffective|p2a: Spectrier\n|-damage|p2a: Spectrier|31\/100\n|-enditem|p2a: Spectrier|Leftovers|[from] move: Knock Off|[of] p1a: Akira\n|\n|upkeep\n|turn|12\n|\n|t:|1697509359\n|switch|p1a: Tik Tok|Magearna|100\/100\n|-damage|p1a: Tik Tok|94\/100|[from] Stealth Rock\n|-activate|p2a: Spectrier|confusion\n|-damage|p2a: Spectrier|24\/100|[from] confusion\n|\n|-heal|p1a: Tik Tok|100\/100|[from] item: Leftovers\n|upkeep\n|turn|13\n|\n|t:|1697509364\n|-end|p2a: Spectrier|confusion\n|move|p2a: Spectrier|Shadow Ball|p1a: Tik Tok\n|-damage|p1a: Tik Tok|50\/100\n|-unboost|p1a: Tik Tok|spd|1\n|move|p1a: Tik Tok|Dazzling Gleam|p2a: Spectrier\n|-damage|p2a: Spectrier|0 fnt\n|faint|p2a: Spectrier\n|-ability|p1a: Tik Tok|Soul-Heart|boost\n|-boost|p1a: Tik Tok|spa|1\n|\n|-heal|p1a: Tik Tok|56\/100|[from] item: Leftovers\n|upkeep\n|\n|t:|1697509373\n|switch|p2a: ho oh|Moltres, shiny|100\/100\n|turn|14\n|\n|t:|1697509386\n|switch|p1a: Get Lucky|Moltres|100\/100\n|-damage|p1a: Get Lucky|51\/100|[from] Stealth Rock\n|move|p2a: ho oh|Flamethrower|p1a: Get Lucky\n|-resisted|p1a: Get Lucky\n|-damage|p1a: Get Lucky|37\/100\n|\n|upkeep\n|turn|15\n|\n|t:|1697509389\n|move|p2a: ho oh|Hurricane|p1a: Get Lucky\n|-damage|p1a: Get Lucky|6\/100\n|-start|p1a: Get Lucky|confusion\n|-activate|p1a: Get Lucky|confusion\n|move|p1a: Get Lucky|Roost|p1a: Get Lucky\n|-heal|p1a: Get Lucky|56\/100\n|-singleturn|p1a: Get Lucky|move: Roost\n|\n|upkeep\n|turn|16\n|\n|t:|1697509394\n|move|p2a: ho oh|U-turn|p1a: Get Lucky\n|-resisted|p1a: Get Lucky\n|-damage|p1a: Get Lucky|52\/100\n|\n|t:|1697509397\n|switch|p2a: Cyclizar|Cyclizar, F|83\/100|[from] U-turn\n|-activate|p1a: Get Lucky|confusion\n|move|p1a: Get Lucky|Roost|p1a: Get Lucky\n|-heal|p1a: Get Lucky|100\/100\n|-singleturn|p1a: Get Lucky|move: Roost\n|\n|upkeep\n|turn|17\n|\n|t:|1697509399\n|move|p2a: Cyclizar|Shed Tail|p2a: Cyclizar\n|-start|p2a: Cyclizar|Substitute|[from] move: Shed Tail\n|-damage|p2a: Cyclizar|33\/100\n|\n|t:|1697509401\n|switch|p2a: Palafin|Palafin-Hero, F|73\/100|[from] Shed Tail\n|-activate|p2a: Palafin|ability: Zero to Hero\n|-activate|p1a: Get Lucky|confusion\n|move|p1a: Get Lucky|Hurricane|p2a: Palafin\n|-end|p2a: Palafin|Substitute\n|\n|upkeep\n|turn|18\n|\n|t:|1697509406\n|move|p2a: Palafin|Jet Punch|p1a: Get Lucky\n|-supereffective|p1a: Get Lucky\n|-damage|p1a: Get Lucky|27\/100\n|-end|p1a: Get Lucky|confusion\n|move|p1a: Get Lucky|Will-O-Wisp|p2a: Palafin\n|-status|p2a: Palafin|brn\n|\n|-damage|p2a: Palafin|67\/100 brn|[from] brn\n|upkeep\n|turn|19\n|\n|t:|1697509414\n|switch|p1a: PLUS ULTRA|Palafin, F|100\/100\n|-damage|p1a: PLUS ULTRA|88\/100|[from] Stealth Rock\n|move|p2a: Palafin|Bulk Up|p2a: Palafin\n|-boost|p2a: Palafin|atk|1\n|-boost|p2a: Palafin|def|1\n|\n|-damage|p2a: Palafin|61\/100 brn|[from] brn\n|upkeep\n|turn|20\n|\n|t:|1697509422\n|move|p2a: Palafin|Bulk Up|p2a: Palafin\n|-boost|p2a: Palafin|atk|1\n|-boost|p2a: Palafin|def|1\n|move|p1a: PLUS ULTRA|Flip Turn|p2a: Palafin\n|-resisted|p2a: Palafin\n|-damage|p2a: Palafin|52\/100 brn\n|\n|t:|1697509424\n|detailschange|p1a: PLUS ULTRA|Palafin-Hero, F\n|switch|p1a: Stacy's Mom|Ninetales-Alola, F|100\/100|[from] Flip Turn\n|-damage|p1a: Stacy's Mom|76\/100|[from] Stealth Rock\n|-weather|Snow|[from] ability: Snow Warning|[of] p1a: Stacy's Mom\n|\n|-weather|Snow|[upkeep]\n|-damage|p2a: Palafin|45\/100 brn|[from] brn\n|upkeep\n|turn|21\n|\n|t:|1697509426\n|move|p1a: Stacy's Mom|Freeze-Dry|p2a: Palafin\n|-supereffective|p2a: Palafin\n|-damage|p2a: Palafin|0 fnt\n|faint|p2a: Palafin\n|\n|-weather|Snow|[upkeep]\n|upkeep\n|\n|t:|1697509436\n|switch|p2a: ho oh|Moltres, shiny|100\/100\n|turn|22\n|\n|t:|1697509440\n|move|p1a: Stacy's Mom|Aurora Veil|p1a: Stacy's Mom\n|-sidestart|p1: CoolioM8|move: Aurora Veil\n|move|p2a: ho oh|U-turn|p1a: Stacy's Mom\n|-resisted|p1a: Stacy's Mom\n|-damage|p1a: Stacy's Mom|73\/100\n|\n|t:|1697509446\n|switch|p2a: Cyclizar|Cyclizar, F|66\/100|[from] U-turn\n|\n|-weather|Snow|[upkeep]\n|upkeep\n|turn|23\n|\n|t:|1697509449\n|move|p2a: Cyclizar|Shed Tail|p2a: Cyclizar\n|-start|p2a: Cyclizar|Substitute|[from] move: Shed Tail\n|-damage|p2a: Cyclizar|16\/100\n|\n|t:|1697509452\n|switch|p2a: Dialga|Dialga|94\/100 brn|[from] Shed Tail\n|-ability|p2a: Dialga|Pressure\n|move|p1a: Stacy's Mom|Moonblast|p2a: Dialga\n|-end|p2a: Dialga|Substitute\n|\n|-weather|Snow|[upkeep]\n|-heal|p2a: Dialga|100\/100 brn|[from] item: Leftovers\n|-damage|p2a: Dialga|94\/100 brn|[from] brn\n|upkeep\n|turn|24\n|\n|t:|1697509460\n|move|p1a: Stacy's Mom|Moonblast|p2a: Dialga\n|-damage|p2a: Dialga|71\/100 brn\n|move|p2a: Dialga|Roar|p1a: Stacy's Mom\n|drag|p1a: Get Lucky|Moltres|27\/100\n|-damage|p1a: Get Lucky|0 fnt|[from] Stealth Rock\n|faint|p1a: Get Lucky\n|\n|-weather|none\n|-heal|p2a: Dialga|77\/100 brn|[from] item: Leftovers\n|-damage|p2a: Dialga|71\/100 brn|[from] brn\n|upkeep\n|\n|t:|1697509466\n|switch|p1a: Garchover|Garchomp, M|100\/100\n|-damage|p1a: Garchover|94\/100|[from] Stealth Rock\n|turn|25\n|\n|t:|1697509479\n|move|p1a: Garchover|Earthquake|p2a: Dialga\n|-supereffective|p2a: Dialga\n|-damage|p2a: Dialga|0 fnt\n|faint|p2a: Dialga\n|\n|upkeep\n|\n|t:|1697509483\n|switch|p2a: Cyclizar|Cyclizar, F|49\/100\n|turn|26\n|\n|t:|1697509488\n|move|p2a: Cyclizar|U-turn|p1a: Garchover\n|-damage|p1a: Garchover|87\/100\n|-damage|p2a: Cyclizar|37\/100|[from] ability: Rough Skin|[of] p1a: Garchover\n|\n|t:|1697509490\n|switch|p2a: ho oh|Moltres, shiny|100\/100|[from] U-turn\n|move|p1a: Garchover|Scale Shot|p2a: ho oh\n|-damage|p2a: ho oh|86\/100\n|-damage|p2a: ho oh|75\/100\n|-damage|p2a: ho oh|63\/100\n|-damage|p2a: ho oh|49\/100\n|-hitcount|p2a: ho oh|4\n|-unboost|p1a: Garchover|def|1\n|-boost|p1a: Garchover|spe|1\n|\n|upkeep\n|turn|27\n|\n|t:|1697509499\n|-terastallize|p2a: ho oh|Fairy\n|move|p1a: Garchover|Scale Shot|p2a: ho oh\n|-immune|p2a: ho oh\n|move|p2a: ho oh|Hurricane|p1a: Garchover|[miss]\n|-miss|p2a: ho oh|p1a: Garchover\n|\n|upkeep\n|turn|28\n|\n|t:|1697509507\n|move|p1a: Garchover|Iron Head|p2a: ho oh\n|-supereffective|p2a: ho oh\n|-damage|p2a: ho oh|0 fnt\n|-status|p1a: Garchover|brn|[from] ability: Flame Body|[of] p2a: ho oh\n|faint|p2a: ho oh\n|\n|-damage|p1a: Garchover|81\/100 brn|[from] brn\n|upkeep\n|\n|t:|1697509514\n|switch|p2a: Cyclizar|Cyclizar, F|70\/100\n|turn|29\n|\n|t:|1697509518\n|move|p2a: Cyclizar|Shed Tail|p2a: Cyclizar\n|-start|p2a: Cyclizar|Substitute|[from] move: Shed Tail\n|-damage|p2a: Cyclizar|20\/100\n|\n|t:|1697509520\n|switch|p2a: Iron Valiant|Iron Valiant|100\/100|[from] Shed Tail\n|-enditem|p2a: Iron Valiant|Booster Energy\n|-activate|p2a: Iron Valiant|ability: Quark Drive|[fromitem]\n|-start|p2a: Iron Valiant|quarkdrivespe\n|move|p1a: Garchover|Scale Shot|p2a: Iron Valiant\n|-immune|p2a: Iron Valiant\n|\n|-damage|p1a: Garchover|74\/100 brn|[from] brn\n|-sideend|p1: CoolioM8|move: Aurora Veil\n|upkeep\n|turn|30\n|\n|t:|1697509524\n|move|p2a: Iron Valiant|Moonblast|p1a: Garchover\n|-supereffective|p1a: Garchover\n|-damage|p1a: Garchover|0 fnt\n|faint|p1a: Garchover\n|\n|upkeep\n|\n|t:|1697509528\n|switch|p1a: Tik Tok|Magearna|56\/100\n|-damage|p1a: Tik Tok|50\/100|[from] Stealth Rock\n|turn|31\n|\n|t:|1697509536\n|move|p2a: Iron Valiant|Close Combat|p1a: Tik Tok\n|-crit|p1a: Tik Tok\n|-damage|p1a: Tik Tok|0 fnt\n|-unboost|p2a: Iron Valiant|def|1\n|-unboost|p2a: Iron Valiant|spd|1\n|faint|p1a: Tik Tok\n|\n|upkeep\n|\n|t:|1697509539\n|switch|p1a: PLUS ULTRA|Palafin-Hero, F|88\/100\n|-damage|p1a: PLUS ULTRA|76\/100|[from] Stealth Rock\n|-activate|p1a: PLUS ULTRA|ability: Zero to Hero\n|turn|32\n|\n|t:|1697509544\n|move|p1a: PLUS ULTRA|Jet Punch|p2a: Iron Valiant\n|-end|p2a: Iron Valiant|Substitute\n|move|p2a: Iron Valiant|Moonblast|p1a: PLUS ULTRA\n|-damage|p1a: PLUS ULTRA|26\/100\n|\n|upkeep\n|turn|33\n|\n|t:|1697509547\n|-end|p2a: Iron Valiant|Quark Drive|[silent]\n|switch|p2a: Cyclizar|Cyclizar, F|53\/100\n|move|p1a: PLUS ULTRA|Jet Punch|p2a: Cyclizar\n|-resisted|p2a: Cyclizar\n|-damage|p2a: Cyclizar|13\/100\n|\n|upkeep\n|turn|34\n|\n|t:|1697509552\n|-terastallize|p1a: PLUS ULTRA|Water\n|move|p1a: PLUS ULTRA|Jet Punch|p2a: Cyclizar\n|-resisted|p2a: Cyclizar\n|-damage|p2a: Cyclizar|0 fnt\n|faint|p2a: Cyclizar\n|\n|upkeep\n|\n|t:|1697509555\n|switch|p2a: Iron Valiant|Iron Valiant|100\/100\n|turn|35\n|\n|t:|1697509556\n|move|p1a: PLUS ULTRA|Jet Punch|p2a: Iron Valiant\n|-damage|p2a: Iron Valiant|0 fnt\n|faint|p2a: Iron Valiant\n|-end|p2a: Iron Valiant|Quark Drive|[silent]\n|\n|win|CoolioM8\n|c|\u2606Oomaester1234|dammn\n|c|\u2606CoolioM8|ggwp\n|c|\u2606Oomaester1234|ggs\n|l|\u2606CoolioM8\n|l|\u2606Oomaester1234\n|j|\u2606CoolioM8\n|player|p1|CoolioM8|caitlin-masters\n","uploadtime":1697509585,"views":31,"p1id":"cooliom8","p2id":"oomaester1234","formatid":"gen9ubers","rating":0,"private":0,"password":""}