{"id":"gen9ubers-1979105999","p1":"KingDuns","p2":"Sumotori","format":"[Gen 9] Ubers","log":"|j|\u2606KingDuns\n|j|\u2606Sumotori\n|t:|1698632948\n|gametype|singles\n|player|p1|KingDuns|hero2-conquest|\n|player|p2|Sumotori|101|\n|teamsize|p1|6\n|teamsize|p2|6\n|gen|9\n|tier|[Gen 9] Ubers\n|rule|Sleep Clause Mod: Limit one foe put to sleep\n|rule|Species Clause: Limit one of each Pok\u00e9mon\n|rule|OHKO Clause: OHKO moves are banned\n|rule|Evasion Items Clause: Evasion items are banned\n|rule|Evasion Moves Clause: Evasion moves are banned\n|rule|Endless Battle Clause: Forcing endless battles is banned\n|rule|HP Percentage Mod: HP is shown in percentages\n|clearpoke\n|poke|p1|Pelipper, M|\n|poke|p1|Walking Wake|\n|poke|p1|Floatzel, F|\n|poke|p1|Ludicolo, M|\n|poke|p1|Roaring Moon|\n|poke|p1|Thundurus-Therian, M|\n|poke|p2|Garganacl, M|\n|poke|p2|Jolteon, M|\n|poke|p2|Azumarill, F|\n|poke|p2|Great Tusk|\n|poke|p2|Salamence, M|\n|poke|p2|Articuno|\n|teampreview\n|j| DerekGrish\n|j| tom chwando\n|j| BossShuckle\n|j| MaxiumMeda\n|c| BossShuckle|start\n|inactive|Battle timer is ON: inactive players will automatically lose when time's up. (requested by KingDuns)\n|\n|t:|1698632989\n|start\n|switch|p1a: Pelipper|Pelipper, M|100\/100\n|switch|p2a: Azumarill|Azumarill, F, shiny|100\/100\n|-weather|RainDance|[from] ability: Drizzle|[of] p1a: Pelipper\n|turn|1\n|inactive|KingDuns has 270 seconds left.\n|\n|t:|1698633019\n|move|p1a: Pelipper|Hurricane|p2a: Azumarill\n|-damage|p2a: Azumarill|76\/100\n|-start|p2a: Azumarill|confusion\n|-activate|p2a: Azumarill|confusion\n|move|p2a: Azumarill|Play Rough|p1a: Pelipper\n|-damage|p1a: Pelipper|61\/100\n|\n|-weather|RainDance|[upkeep]\n|upkeep\n|turn|2\n|inactive|Sumotori has 270 seconds left.\n|\n|t:|1698633052\n|move|p1a: Pelipper|Knock Off|p2a: Azumarill\n|-resisted|p2a: Azumarill\n|-damage|p2a: Azumarill|69\/100\n|-enditem|p2a: Azumarill|Assault Vest|[from] move: Knock Off|[of] p1a: Pelipper\n|-activate|p2a: Azumarill|confusion\n|-damage|p2a: Azumarill|60\/100|[from] confusion\n|\n|-weather|RainDance|[upkeep]\n|upkeep\n|turn|3\n|inactive|Sumotori has 270 seconds left.\n|\n|t:|1698633073\n|switch|p2a: Jolteon|Jolteon, M|100\/100\n|move|p1a: Pelipper|Hurricane|p2a: Jolteon\n|-resisted|p2a: Jolteon\n|-damage|p2a: Jolteon|77\/100\n|-start|p2a: Jolteon|confusion\n|\n|-weather|RainDance|[upkeep]\n|upkeep\n|turn|4\n|c|\u2606Sumotori|holy shit\n|c| DerekGrish|BROOOOOOOOOO\n|c| DerekGrish|FUCK YOU TRENT\n|\n|t:|1698633094\n|switch|p2a: Azumarill|Azumarill, F, shiny|60\/100\n|switch|p1a: Thundurus|Thundurus-Therian, M|100\/100\n|\n|-weather|RainDance|[upkeep]\n|upkeep\n|turn|5\n|inactive|Sumotori has 240 seconds left.\n|\n|t:|1698633118\n|switch|p2a: Jolteon|Jolteon, M|77\/100\n|move|p1a: Thundurus|Grass Knot|p2a: Jolteon\n|-damage|p2a: Jolteon|46\/100\n|\n|-weather|RainDance|[upkeep]\n|upkeep\n|turn|6\n|\n|t:|1698633137\n|switch|p1a: Floatzel|Floatzel, F|100\/100\n|-terastallize|p2a: Jolteon|Ice\n|move|p2a: Jolteon|Tera Blast|p1a: Floatzel|[anim] Tera Blast Ice\n|-resisted|p1a: Floatzel\n|-damage|p1a: Floatzel|48\/100\n|\n|-weather|RainDance|[upkeep]\n|upkeep\n|turn|7\n|\n|t:|1698633151\n|switch|p2a: Azumarill|Azumarill, F, shiny|60\/100\n|move|p1a: Floatzel|Flip Turn|p2a: Azumarill\n|-resisted|p2a: Azumarill\n|-damage|p2a: Azumarill|33\/100\n|\n|t:|1698633157\n|switch|p1a: Ludicolo|Ludicolo, M|100\/100|[from] Flip Turn\n|\n|-weather|RainDance|[upkeep]\n|upkeep\n|turn|8\n|inactive|Sumotori has 240 seconds left.\n|\n|t:|1698633207\n|switch|p2a: Jolteon|Jolteon, M, tera:Ice|46\/100\n|move|p1a: Ludicolo|Giga Drain|p2a: Jolteon\n|-damage|p2a: Jolteon|0 fnt\n|faint|p2a: Jolteon\n|-damage|p1a: Ludicolo|91\/100|[from] item: Life Orb\n|\n|-weather|none\n|upkeep\n|inactive|Sumotori has 210 seconds left.\n|\n|t:|1698633242\n|switch|p2a: will sweep you :0|Articuno, shiny|100\/100\n|-ability|p2a: will sweep you :0|Pressure\n|turn|9\n|inactive|Sumotori has 180 seconds left.\n|\n|t:|1698633263\n|move|p1a: Ludicolo|Rain Dance|p1a: Ludicolo\n|-weather|RainDance\n|move|p2a: will sweep you :0|Freeze-Dry|p1a: Ludicolo\n|-supereffective|p1a: Ludicolo\n|-damage|p1a: Ludicolo|0 fnt\n|faint|p1a: Ludicolo\n|\n|-weather|RainDance|[upkeep]\n|upkeep\n|\n|t:|1698633269\n|switch|p1a: Thundurus|Thundurus-Therian, M|100\/100\n|turn|10\n|inactive|Sumotori has 180 seconds left.\n|\n|t:|1698633281\n|switch|p2a: CRAZY?|Garganacl, M|100\/100\n|move|p1a: Thundurus|Weather Ball|p2a: CRAZY?\n|-supereffective|p2a: CRAZY?\n|-damage|p2a: CRAZY?|0 fnt\n|faint|p2a: CRAZY?\n|\n|-weather|RainDance|[upkeep]\n|upkeep\n|inactive|Sumotori has 180 seconds left.\n|inactive|Sumotori has 150 seconds left.\n|\n|t:|1698633323\n|switch|p2a: Salamence|Salamence, M|100\/100\n|turn|11\n|\n|t:|1698633326\n|switch|p1a: Floatzel|Floatzel, F|48\/100\n|move|p2a: Salamence|Dragon Dance|p2a: Salamence\n|-boost|p2a: Salamence|atk|1\n|-boost|p2a: Salamence|spe|1\n|\n|-weather|RainDance|[upkeep]\n|upkeep\n|turn|12\n|inactive|Sumotori has 150 seconds left.\n|\n|t:|1698633368\n|move|p1a: Floatzel|Ice Spinner|p2a: Salamence\n|-supereffective|p2a: Salamence\n|-damage|p2a: Salamence|0 fnt\n|faint|p2a: Salamence\n|\n|-weather|RainDance|[upkeep]\n|upkeep\n|inactive|Sumotori has 120 seconds left.\n|\n|t:|1698633385\n|switch|p2a: Azumarill|Azumarill, F, shiny|33\/100\n|turn|13\n|inactive|Sumotori has 120 seconds left.\n|\n|t:|1698633392\n|-terastallize|p1a: Floatzel|Flying\n|move|p1a: Floatzel|Tera Blast|p2a: Azumarill|[anim] Tera Blast Flying\n|-damage|p2a: Azumarill|0 fnt\n|faint|p2a: Azumarill\n|\n|-weather|none\n|upkeep\n|inactive|Sumotori has 120 seconds left.\n|\n|t:|1698633401\n|switch|p2a: will sweep you :0|Articuno, shiny|100\/100\n|-ability|p2a: will sweep you :0|Pressure\n|turn|14\n|\n|t:|1698633405\n|switch|p1a: Pelipper|Pelipper, M|61\/100\n|-weather|RainDance|[from] ability: Drizzle|[of] p1a: Pelipper\n|move|p2a: will sweep you :0|Blizzard|p1a: Pelipper\n|-damage|p1a: Pelipper|9\/100\n|\n|-weather|RainDance|[upkeep]\n|upkeep\n|turn|15\n|\n|t:|1698633415\n|move|p2a: will sweep you :0|Freeze-Dry|p1a: Pelipper\n|-supereffective|p1a: Pelipper\n|-damage|p1a: Pelipper|0 fnt\n|faint|p1a: Pelipper\n|\n|-weather|RainDance|[upkeep]\n|upkeep\n|\n|t:|1698633420\n|switch|p1a: Floatzel|Floatzel, F, tera:Flying|48\/100\n|turn|16\n|\n|t:|1698633424\n|move|p1a: Floatzel|Wave Crash|p2a: will sweep you :0\n|-damage|p2a: will sweep you :0|4\/100\n|-damage|p1a: Floatzel|9\/100|[from] Recoil\n|move|p2a: will sweep you :0|Blizzard|p1a: Floatzel\n|-supereffective|p1a: Floatzel\n|-damage|p1a: Floatzel|0 fnt\n|faint|p1a: Floatzel\n|\n|-weather|RainDance|[upkeep]\n|upkeep\n|\n|t:|1698633429\n|switch|p1a: Thundurus|Thundurus-Therian, M|100\/100\n|turn|17\n|inactive|Sumotori has 150 seconds left.\n|\n|t:|1698633440\n|switch|p2a: Great Tusk|Great Tusk|100\/100\n|move|p1a: Thundurus|Weather Ball|p2a: Great Tusk\n|-supereffective|p2a: Great Tusk\n|-damage|p2a: Great Tusk|0 fnt\n|faint|p2a: Great Tusk\n|-end|p2a: Great Tusk|Protosynthesis|[silent]\n|\n|-weather|RainDance|[upkeep]\n|upkeep\n|inactive|Sumotori has 150 seconds left.\n|\n|t:|1698633447\n|switch|p2a: will sweep you :0|Articuno, shiny|4\/100\n|-ability|p2a: will sweep you :0|Pressure\n|turn|18\n|\n|t:|1698633451\n|move|p1a: Thundurus|Weather Ball|p2a: will sweep you :0\n|-damage|p2a: will sweep you :0|0 fnt\n|faint|p2a: will sweep you :0\n|\n|win|KingDuns\n","uploadtime":1698633471,"views":17,"p1id":"kingduns","p2id":"sumotori","formatid":"gen9ubers","rating":0,"private":0,"password":""}