{"id":"gen9ubers-1973917166","p1":"Charbotron","p2":"Wha1efish","format":"[Gen 9] Ubers","log":"|j|\u2606Charbotron\n|j|\u2606Wha1efish\n|t:|1698027863\n|gametype|singles\n|player|p1|Charbotron|102|\n|player|p2|Wha1efish|cynthia-gen4|\n|teamsize|p1|6\n|teamsize|p2|6\n|gen|9\n|tier|[Gen 9] Ubers\n|rule|Sleep Clause Mod: Limit one foe put to sleep\n|rule|Species Clause: Limit one of each Pok\u00e9mon\n|rule|OHKO Clause: OHKO moves are banned\n|rule|Evasion Items Clause: Evasion items are banned\n|rule|Evasion Moves Clause: Evasion moves are banned\n|rule|Endless Battle Clause: Forcing endless battles is banned\n|rule|HP Percentage Mod: HP is shown in percentages\n|clearpoke\n|poke|p1|Iron Moth|\n|poke|p1|Walking Wake|\n|poke|p1|Great Tusk|\n|poke|p1|Sylveon, F|\n|poke|p1|Torkoal, F|\n|poke|p1|Corviknight, M|\n|poke|p2|Annihilape, F|\n|poke|p2|Hydreigon, M|\n|poke|p2|Jirachi|\n|poke|p2|Weezing-Galar, F|\n|poke|p2|Thundurus, M|\n|poke|p2|Gastrodon, M|\n|teampreview\n|j| rustygoomba\n|\n|t:|1698027899\n|start\n|switch|p1a: Torkoal|Torkoal, F|100\/100\n|switch|p2a: Gastrodon|Gastrodon, M|100\/100\n|-weather|SunnyDay|[from] ability: Drought|[of] p1a: Torkoal\n|turn|1\n|\n|t:|1698027910\n|move|p1a: Torkoal|Solar Beam||[still]\n|-prepare|p1a: Torkoal|Solar Beam\n|-anim|p1a: Torkoal|Solar Beam|p2a: Gastrodon\n|-supereffective|p2a: Gastrodon\n|-damage|p2a: Gastrodon|39\/100\n|move|p2a: Gastrodon|Stealth Rock|p1a: Torkoal\n|-sidestart|p1: Charbotron|move: Stealth Rock\n|\n|-weather|SunnyDay|[upkeep]\n|-heal|p2a: Gastrodon|46\/100|[from] item: Leftovers\n|upkeep\n|turn|2\n|\n|t:|1698027920\n|switch|p2a: Hydreigon|Hydreigon, M|100\/100\n|move|p1a: Torkoal|Solar Beam||[still]\n|-prepare|p1a: Torkoal|Solar Beam\n|-anim|p1a: Torkoal|Solar Beam|p2a: Hydreigon\n|-resisted|p2a: Hydreigon\n|-damage|p2a: Hydreigon|87\/100\n|\n|-weather|SunnyDay|[upkeep]\n|upkeep\n|turn|3\n|j| ChungleWungle\n|\n|t:|1698027968\n|switch|p1a: Sylveon|Sylveon, F|100\/100\n|-damage|p1a: Sylveon|88\/100|[from] Stealth Rock\n|move|p2a: Hydreigon|Dark Pulse|p1a: Sylveon\n|-resisted|p1a: Sylveon\n|-damage|p1a: Sylveon|74\/100\n|\n|-weather|SunnyDay|[upkeep]\n|upkeep\n|turn|4\n|\n|t:|1698027988\n|switch|p2a: Jirachi|Jirachi|100\/100\n|move|p1a: Sylveon|Hyper Voice|p2a: Jirachi\n|-resisted|p2a: Jirachi\n|-damage|p2a: Jirachi|71\/100\n|\n|-weather|SunnyDay|[upkeep]\n|upkeep\n|turn|5\n|j| Nuttyr\n|l| Nuttyr\n|\n|t:|1698028012\n|switch|p1a: Walking Wake|Walking Wake|100\/100\n|-damage|p1a: Walking Wake|88\/100|[from] Stealth Rock\n|-activate|p1a: Walking Wake|ability: Protosynthesis\n|-start|p1a: Walking Wake|protosynthesisspe\n|move|p2a: Jirachi|U-turn|p1a: Walking Wake\n|-damage|p1a: Walking Wake|68\/100\n|j| Nuttyr\n|\n|t:|1698028028\n|switch|p2a: Gastrodon|Gastrodon, M|46\/100|[from] U-turn\n|\n|-weather|SunnyDay|[upkeep]\n|-heal|p2a: Gastrodon|52\/100|[from] item: Leftovers\n|upkeep\n|turn|6\n|j| RiddleDog\n|\n|t:|1698028087\n|-end|p1a: Walking Wake|Protosynthesis|[silent]\n|switch|p1a: Torkoal|Torkoal, F|100\/100\n|-damage|p1a: Torkoal|76\/100|[from] Stealth Rock\n|switch|p2a: Weezing|Weezing-Galar, F|100\/100\n|\n|-weather|SunnyDay|[upkeep]\n|upkeep\n|turn|7\n|j| shuckleshellshock\n|\n|t:|1698028169\n|move|p2a: Weezing|Sludge Bomb|p1a: Torkoal\n|-damage|p1a: Torkoal|39\/100\n|move|p1a: Torkoal|Rapid Spin|p2a: Weezing\n|-damage|p2a: Weezing|94\/100\n|-boost|p1a: Torkoal|spe|1\n|-sideend|p1: Charbotron|Stealth Rock|[from] move: Rapid Spin|[of] p1a: Torkoal\n|\n|-weather|SunnyDay|[upkeep]\n|-heal|p2a: Weezing|99\/100|[from] item: Black Sludge\n|upkeep\n|turn|8\n|\n|t:|1698028193\n|switch|p1a: Corviknight|Corviknight, M|100\/100\n|move|p2a: Weezing|Sludge Bomb|p1a: Corviknight\n|-immune|p1a: Corviknight\n|\n|-weather|none\n|-heal|p2a: Weezing|100\/100|[from] item: Black Sludge\n|upkeep\n|turn|9\n|\n|t:|1698028204\n|move|p1a: Corviknight|Brave Bird|p2a: Weezing\n|-damage|p2a: Weezing|78\/100\n|-damage|p1a: Corviknight|94\/100|[from] Recoil\n|move|p2a: Weezing|Will-O-Wisp|p1a: Corviknight\n|-status|p1a: Corviknight|brn\n|\n|-heal|p1a: Corviknight|100\/100 brn|[from] item: Leftovers\n|-heal|p2a: Weezing|84\/100|[from] item: Black Sludge\n|-damage|p1a: Corviknight|94\/100 brn|[from] brn\n|upkeep\n|turn|10\n|\n|t:|1698028236\n|switch|p1a: Torkoal|Torkoal, F|39\/100\n|-weather|SunnyDay|[from] ability: Drought|[of] p1a: Torkoal\n|move|p2a: Weezing|Sludge Bomb|p1a: Torkoal\n|-damage|p1a: Torkoal|0 fnt\n|faint|p1a: Torkoal\n|\n|-weather|SunnyDay|[upkeep]\n|-heal|p2a: Weezing|90\/100|[from] item: Black Sludge\n|upkeep\n|\n|t:|1698028261\n|switch|p1a: Iron Moth|Iron Moth|100\/100\n|turn|11\n|\n|t:|1698028279\n|switch|p2a: Gastrodon|Gastrodon, M|52\/100\n|move|p1a: Iron Moth|Flash Cannon|p2a: Gastrodon\n|-resisted|p2a: Gastrodon\n|-damage|p2a: Gastrodon|38\/100\n|\n|-weather|SunnyDay|[upkeep]\n|-heal|p2a: Gastrodon|44\/100|[from] item: Leftovers\n|upkeep\n|turn|12\n|\n|t:|1698028312\n|-end|p1a: Iron Moth|Quark Drive|[silent]\n|switch|p1a: Corviknight|Corviknight, M|94\/100 brn\n|move|p2a: Gastrodon|Recover|p2a: Gastrodon\n|-heal|p2a: Gastrodon|94\/100\n|\n|-weather|SunnyDay|[upkeep]\n|-heal|p1a: Corviknight|100\/100 brn|[from] item: Leftovers\n|-heal|p2a: Gastrodon|99\/100|[from] item: Leftovers\n|-damage|p1a: Corviknight|94\/100 brn|[from] brn\n|upkeep\n|turn|13\n|\n|t:|1698028391\n|switch|p1a: Iron Moth|Iron Moth|100\/100\n|move|p2a: Gastrodon|Stealth Rock|p1a: Iron Moth\n|-sidestart|p1: Charbotron|move: Stealth Rock\n|\n|-weather|SunnyDay|[upkeep]\n|-heal|p2a: Gastrodon|100\/100|[from] item: Leftovers\n|upkeep\n|turn|14\n|\n|t:|1698028421\n|move|p1a: Iron Moth|Energy Ball|p2a: Gastrodon\n|-supereffective|p2a: Gastrodon\n|-damage|p2a: Gastrodon|0 fnt\n|faint|p2a: Gastrodon\n|\n|-weather|SunnyDay|[upkeep]\n|upkeep\n|\n|t:|1698028437\n|switch|p2a: Jirachi|Jirachi|71\/100\n|turn|15\n|\n|t:|1698028467\n|-end|p1a: Iron Moth|Quark Drive|[silent]\n|switch|p1a: Great Tusk|Great Tusk|100\/100\n|-damage|p1a: Great Tusk|98\/100|[from] Stealth Rock\n|-activate|p1a: Great Tusk|ability: Protosynthesis\n|-start|p1a: Great Tusk|protosynthesisatk\n|move|p2a: Jirachi|U-turn|p1a: Great Tusk\n|-resisted|p1a: Great Tusk\n|-damage|p1a: Great Tusk|91\/100\n|\n|t:|1698028478\n|switch|p2a: Thundurus|Thundurus, M|100\/100|[from] U-turn\n|\n|-weather|SunnyDay|[upkeep]\n|upkeep\n|turn|16\n|l| Nuttyr\n|j| Nuttyr\n|\n|t:|1698028573\n|move|p2a: Thundurus|Grass Knot|p1a: Great Tusk\n|-supereffective|p1a: Great Tusk\n|-damage|p1a: Great Tusk|0 fnt\n|faint|p1a: Great Tusk\n|-end|p1a: Great Tusk|Protosynthesis|[silent]\n|\n|-weather|SunnyDay|[upkeep]\n|upkeep\n|\n|t:|1698028609\n|switch|p1a: Iron Moth|Iron Moth|100\/100\n|-damage|p1a: Iron Moth|76\/100|[from] Stealth Rock\n|turn|17\n|l| Nuttyr\n|j| Nuttyr\n|\n|t:|1698028651\n|switch|p2a: Hydreigon|Hydreigon, M|87\/100\n|move|p1a: Iron Moth|Fiery Dance|p2a: Hydreigon\n|-resisted|p2a: Hydreigon\n|-damage|p2a: Hydreigon|27\/100\n|\n|-weather|none\n|upkeep\n|turn|18\n|\n|t:|1698028703\n|switch|p2a: Annihilape|Annihilape, F|100\/100\n|move|p1a: Iron Moth|Fiery Dance|p2a: Annihilape\n|-crit|p2a: Annihilape\n|-damage|p2a: Annihilape|38\/100\n|\n|upkeep\n|turn|19\n|\n|t:|1698028715\n|move|p1a: Iron Moth|Fiery Dance|p2a: Annihilape\n|-damage|p2a: Annihilape|0 fnt\n|-boost|p1a: Iron Moth|spa|1\n|faint|p2a: Annihilape\n|\n|upkeep\n|j| ChungleWungle\n|\n|t:|1698028733\n|switch|p2a: Jirachi|Jirachi|71\/100\n|turn|20\n|\n|t:|1698028751\n|move|p2a: Jirachi|Healing Wish|p2a: Jirachi\n|faint|p2a: Jirachi\n|move|p1a: Iron Moth|Fiery Dance|p2: Jirachi|[notarget]\n|-fail|p1a: Iron Moth\n|\n|upkeep\n|\n|t:|1698028753\n|switch|p2a: Hydreigon|Hydreigon, M|27\/100\n|-heal|p2a: Hydreigon|100\/100|[from] move: Healing Wish\n|turn|21\n|l| Nuttyr\n|j| Nuttyr\n|\n|t:|1698028778\n|move|p1a: Iron Moth|Fiery Dance|p2a: Hydreigon\n|-resisted|p2a: Hydreigon\n|-damage|p2a: Hydreigon|46\/100\n|-boost|p1a: Iron Moth|spa|1\n|move|p2a: Hydreigon|Dark Pulse|p1a: Iron Moth\n|-damage|p1a: Iron Moth|17\/100\n|\n|upkeep\n|turn|22\n|\n|t:|1698028786\n|move|p1a: Iron Moth|Fiery Dance|p2a: Hydreigon\n|-resisted|p2a: Hydreigon\n|-damage|p2a: Hydreigon|0 fnt\n|-boost|p1a: Iron Moth|spa|1\n|faint|p2a: Hydreigon\n|\n|upkeep\n|\n|t:|1698028788\n|switch|p2a: Thundurus|Thundurus, M|100\/100\n|turn|23\n|\n|t:|1698028793\n|move|p2a: Thundurus|Thunderbolt|p1a: Iron Moth\n|-damage|p1a: Iron Moth|0 fnt\n|faint|p1a: Iron Moth\n|-end|p1a: Iron Moth|Quark Drive|[silent]\n|\n|upkeep\n|l| Nuttyr\n|\n|t:|1698028845\n|switch|p1a: Sylveon|Sylveon, F|74\/100\n|-damage|p1a: Sylveon|62\/100|[from] Stealth Rock\n|turn|24\n|j| Nuttyr\n|l| Nuttyr\n|j| ChungleWungle\n|j| Nuttyr\n|\n|t:|1698028887\n|move|p2a: Thundurus|Nasty Plot|p2a: Thundurus\n|-boost|p2a: Thundurus|spa|2\n|move|p1a: Sylveon|Hyper Beam|p2a: Thundurus\n|-damage|p2a: Thundurus|0 fnt\n|-mustrecharge|p1a: Sylveon\n|faint|p2a: Thundurus\n|\n|upkeep\n|\n|t:|1698028894\n|switch|p2a: Weezing|Weezing-Galar, F|90\/100\n|turn|25\n|c| Nuttyr|Funny beam\n|\n|t:|1698028902\n|move|p2a: Weezing|Will-O-Wisp|p1a: Sylveon\n|-status|p1a: Sylveon|brn\n|cant|p1a: Sylveon|recharge\n|\n|-heal|p2a: Weezing|96\/100|[from] item: Black Sludge\n|-damage|p1a: Sylveon|56\/100 brn|[from] brn\n|upkeep\n|turn|26\n|l| Nuttyr\n|j| Nuttyr\n|l| Nuttyr\n|\n|t:|1698028971\n|move|p2a: Weezing|Sludge Bomb|p1a: Sylveon\n|-supereffective|p1a: Sylveon\n|-damage|p1a: Sylveon|32\/100 brn\n|move|p1a: Sylveon|Hyper Beam|p2a: Weezing|[miss]\n|-miss|p1a: Sylveon|p2a: Weezing\n|\n|-heal|p2a: Weezing|100\/100|[from] item: Black Sludge\n|-damage|p1a: Sylveon|26\/100 brn|[from] brn\n|upkeep\n|turn|27\n|j| Nuttyr\n|\n|t:|1698028991\n|move|p2a: Weezing|Sludge Bomb|p1a: Sylveon\n|-supereffective|p1a: Sylveon\n|-damage|p1a: Sylveon|3\/100 brn\n|move|p1a: Sylveon|Draining Kiss|p2a: Weezing\n|-resisted|p2a: Weezing\n|-damage|p2a: Weezing|84\/100\n|-heal|p1a: Sylveon|13\/100 brn|[from] drain|[of] p2a: Weezing\n|\n|-heal|p2a: Weezing|90\/100|[from] item: Black Sludge\n|-damage|p1a: Sylveon|7\/100 brn|[from] brn\n|upkeep\n|turn|28\n|\n|t:|1698029004\n|move|p2a: Weezing|Strange Steam|p1a: Sylveon\n|-damage|p1a: Sylveon|0 fnt\n|faint|p1a: Sylveon\n|\n|-heal|p2a: Weezing|96\/100|[from] item: Black Sludge\n|upkeep\n|\n|t:|1698029035\n|switch|p1a: Corviknight|Corviknight, M|94\/100 brn\n|-damage|p1a: Corviknight|82\/100 brn|[from] Stealth Rock\n|turn|29\n|\n|t:|1698029046\n|move|p1a: Corviknight|Bulk Up|p1a: Corviknight\n|-boost|p1a: Corviknight|atk|1\n|-boost|p1a: Corviknight|def|1\n|move|p2a: Weezing|Strange Steam|p1a: Corviknight\n|-resisted|p1a: Corviknight\n|-damage|p1a: Corviknight|72\/100 brn\n|\n|-heal|p1a: Corviknight|79\/100 brn|[from] item: Leftovers\n|-heal|p2a: Weezing|100\/100|[from] item: Black Sludge\n|-damage|p1a: Corviknight|72\/100 brn|[from] brn\n|upkeep\n|turn|30\n|\n|t:|1698029057\n|move|p1a: Corviknight|Bulk Up|p1a: Corviknight\n|-boost|p1a: Corviknight|atk|1\n|-boost|p1a: Corviknight|def|1\n|move|p2a: Weezing|Strange Steam|p1a: Corviknight\n|-resisted|p1a: Corviknight\n|-damage|p1a: Corviknight|63\/100 brn\n|-start|p1a: Corviknight|confusion\n|\n|-heal|p1a: Corviknight|69\/100 brn|[from] item: Leftovers\n|-damage|p1a: Corviknight|63\/100 brn|[from] brn\n|upkeep\n|turn|31\n|\n|t:|1698029069\n|-activate|p1a: Corviknight|confusion\n|-damage|p1a: Corviknight|57\/100 brn|[from] confusion\n|move|p2a: Weezing|Strange Steam|p1a: Corviknight\n|-resisted|p1a: Corviknight\n|-damage|p1a: Corviknight|47\/100 brn\n|\n|-heal|p1a: Corviknight|54\/100 brn|[from] item: Leftovers\n|-damage|p1a: Corviknight|47\/100 brn|[from] brn\n|upkeep\n|turn|32\n|\n|t:|1698029077\n|-activate|p1a: Corviknight|confusion\n|move|p1a: Corviknight|Roost|p1a: Corviknight\n|-heal|p1a: Corviknight|97\/100 brn\n|-singleturn|p1a: Corviknight|move: Roost\n|move|p2a: Weezing|Strange Steam|p1a: Corviknight\n|-resisted|p1a: Corviknight\n|-damage|p1a: Corviknight|88\/100 brn\n|\n|-heal|p1a: Corviknight|94\/100 brn|[from] item: Leftovers\n|-damage|p1a: Corviknight|88\/100 brn|[from] brn\n|upkeep\n|turn|33\n|-message|Wha1efish forfeited.\n|\n|win|Charbotron\n","uploadtime":1698029092,"views":10,"p1id":"charbotron","p2id":"wha1efish","formatid":"gen9ubers","rating":0,"private":0,"password":""}