{"id":"gen9ubers-1978150296","p1":"gaskou","p2":"Neutralist","format":"[Gen 9] Ubers","log":"|j|\u2606gaskou\n|j|\u2606Neutralist\n|t:|1698505481\n|gametype|singles\n|player|p1|gaskou|steven|1296\n|player|p2|Neutralist|170|1352\n|teamsize|p1|6\n|teamsize|p2|6\n|gen|9\n|tier|[Gen 9] Ubers\n|rated|\n|rule|Sleep Clause Mod: Limit one foe put to sleep\n|rule|Species Clause: Limit one of each Pok\u00e9mon\n|rule|OHKO Clause: OHKO moves are banned\n|rule|Evasion Items Clause: Evasion items are banned\n|rule|Evasion Moves Clause: Evasion moves are banned\n|rule|Endless Battle Clause: Forcing endless battles is banned\n|rule|HP Percentage Mod: HP is shown in percentages\n|clearpoke\n|poke|p1|Magearna|\n|poke|p1|Regieleki|\n|poke|p1|Espathra, M|\n|poke|p1|Miraidon|\n|poke|p1|Arceus|\n|poke|p1|Urshifu-*, F|\n|poke|p2|Koraidon|\n|poke|p2|Ogerpon-Hearthflame, F|\n|poke|p2|Zacian-*|\n|poke|p2|Regieleki|\n|poke|p2|Arceus-Ground|\n|poke|p2|Flutter Mane|\n|teampreview\n|inactive|Battle timer is ON: inactive players will automatically lose when time's up. (requested by gaskou)\n|\n|t:|1698505491\n|start\n|switch|p1a: Regieleki|Regieleki|100\/100\n|switch|p2a: Jenova|Arceus-Ground|100\/100\n|turn|1\n|\n|t:|1698505504\n|move|p1a: Regieleki|Light Screen|p1a: Regieleki\n|-sidestart|p1: gaskou|move: Light Screen\n|move|p2a: Jenova|Judgment|p1a: Regieleki\n|-supereffective|p1a: Regieleki\n|-damage|p1a: Regieleki|16\/100\n|\n|upkeep\n|turn|2\n|\n|t:|1698505510\n|move|p1a: Regieleki|Reflect|p1a: Regieleki\n|-sidestart|p1: gaskou|Reflect\n|move|p2a: Jenova|Will-O-Wisp|p1a: Regieleki|[miss]\n|-miss|p2a: Jenova|p1a: Regieleki\n|\n|upkeep\n|turn|3\n|\n|t:|1698505519\n|move|p1a: Regieleki|Explosion|p2a: Jenova\n|-damage|p2a: Jenova|74\/100\n|faint|p1a: Regieleki\n|move|p2a: Jenova|Will-O-Wisp|p1: Regieleki|[notarget]\n|-fail|p2a: Jenova\n|\n|upkeep\n|\n|t:|1698505535\n|switch|p1a: Urshifu|Urshifu-Rapid-Strike, F|100\/100\n|turn|4\n|\n|t:|1698505543\n|-terastallize|p2a: Jenova|Steel\n|move|p1a: Urshifu|Surging Strikes|p2a: Jenova\n|-crit|p2a: Jenova\n|-damage|p2a: Jenova|58\/100\n|-crit|p2a: Jenova\n|-damage|p2a: Jenova|43\/100\n|-crit|p2a: Jenova\n|-damage|p2a: Jenova|27\/100\n|-hitcount|p2a: Jenova|3\n|move|p2a: Jenova|Will-O-Wisp|p1a: Urshifu|[miss]\n|-miss|p2a: Jenova|p1a: Urshifu\n|\n|upkeep\n|turn|5\n|c|\u2606Neutralist|h e l p\n|\n|t:|1698505553\n|switch|p2a: OP|Flutter Mane|100\/100\n|move|p1a: Urshifu|Surging Strikes|p2a: OP\n|-crit|p2a: OP\n|-damage|p2a: OP|24\/100\n|-crit|p2a: OP\n|-damage|p2a: OP|0 fnt\n|faint|p2a: OP\n|-end|p2a: OP|Protosynthesis|[silent]\n|-hitcount|p2: OP|2\n|\n|upkeep\n|\n|t:|1698505562\n|switch|p2a: Teraflare|Regieleki|100\/100\n|turn|6\n|\n|t:|1698505565\n|move|p2a: Teraflare|Volt Switch|p1a: Urshifu\n|-supereffective|p1a: Urshifu\n|-damage|p1a: Urshifu|39\/100\n|\n|t:|1698505568\n|switch|p2a: Jenova|Arceus-Ground, tera:Steel|27\/100|[from] Volt Switch\n|move|p1a: Urshifu|Surging Strikes|p2a: Jenova\n|-crit|p2a: Jenova\n|-damage|p2a: Jenova|12\/100\n|-crit|p2a: Jenova\n|-damage|p2a: Jenova|0 fnt\n|faint|p2a: Jenova\n|-hitcount|p2: Jenova|2\n|\n|upkeep\n|\n|t:|1698505579\n|switch|p2a: Teraflare|Regieleki|100\/100\n|turn|7\n|\n|t:|1698505582\n|move|p2a: Teraflare|Volt Switch|p1a: Urshifu\n|-supereffective|p1a: Urshifu\n|-damage|p1a: Urshifu|0 fnt\n|faint|p1a: Urshifu\n|\n|t:|1698505588\n|switch|p2a: Omnislash|Zacian-Crowned|100\/100|[from] Volt Switch\n|-ability|p2a: Omnislash|Intrepid Sword|boost\n|-boost|p2a: Omnislash|atk|1\n|\n|upkeep\n|\n|t:|1698505599\n|switch|p1a: Espathra|Espathra, M|100\/100\n|turn|8\n|\n|t:|1698505608\n|move|p2a: Omnislash|Behemoth Blade|p1a: Espathra\n|-damage|p1a: Espathra|59\/100\n|move|p1a: Espathra|Calm Mind|p1a: Espathra\n|-boost|p1a: Espathra|spa|1\n|-boost|p1a: Espathra|spd|1\n|\n|-sideend|p1: gaskou|move: Light Screen\n|-ability|p1a: Espathra|Speed Boost|boost\n|-boost|p1a: Espathra|spe|1\n|upkeep\n|turn|9\n|\n|t:|1698505619\n|move|p2a: Omnislash|Behemoth Blade|p1a: Espathra\n|-damage|p1a: Espathra|21\/100\n|move|p1a: Espathra|Calm Mind|p1a: Espathra\n|-boost|p1a: Espathra|spa|1\n|-boost|p1a: Espathra|spd|1\n|\n|-sideend|p1: gaskou|Reflect\n|-ability|p1a: Espathra|Speed Boost|boost\n|-boost|p1a: Espathra|spe|1\n|upkeep\n|turn|10\n|\n|t:|1698505627\n|move|p1a: Espathra|Stored Power|p2a: Omnislash\n|-resisted|p2a: Omnislash\n|-damage|p2a: Omnislash|56\/100\n|move|p2a: Omnislash|Behemoth Blade|p1a: Espathra\n|-damage|p1a: Espathra|0 fnt\n|faint|p1a: Espathra\n|\n|upkeep\n|\n|t:|1698505634\n|switch|p1a: Magearna|Magearna|100\/100\n|turn|11\n|\n|t:|1698505640\n|move|p2a: Omnislash|Swords Dance|p2a: Omnislash\n|-boost|p2a: Omnislash|atk|2\n|move|p1a: Magearna|Iron Defense|p1a: Magearna\n|-boost|p1a: Magearna|def|2\n|\n|upkeep\n|turn|12\n|\n|t:|1698505647\n|move|p2a: Omnislash|Behemoth Blade|p1a: Magearna\n|-damage|p1a: Magearna|36\/100\n|move|p1a: Magearna|Iron Defense|p1a: Magearna\n|-boost|p1a: Magearna|def|2\n|\n|-heal|p1a: Magearna|42\/100|[from] item: Leftovers\n|upkeep\n|turn|13\n|\n|t:|1698505658\n|move|p2a: Omnislash|Behemoth Blade|p1a: Magearna\n|-damage|p1a: Magearna|1\/100\n|move|p1a: Magearna|Stored Power|p2a: Omnislash\n|-resisted|p2a: Omnislash\n|-damage|p2a: Omnislash|39\/100\n|\n|-heal|p1a: Magearna|7\/100|[from] item: Leftovers\n|upkeep\n|turn|14\n|\n|t:|1698505666\n|move|p2a: Omnislash|Behemoth Blade|p1a: Magearna\n|-damage|p1a: Magearna|0 fnt\n|faint|p1a: Magearna\n|\n|upkeep\n|\n|t:|1698505672\n|switch|p1a: Arceus|Arceus|100\/100\n|turn|15\n|\n|t:|1698505679\n|move|p2a: Omnislash|Behemoth Blade|p1a: Arceus\n|-damage|p1a: Arceus|0 fnt\n|faint|p1a: Arceus\n|\n|upkeep\n|-message|gaskou forfeited.\n|\n|win|Neutralist\n|raw|gaskou's rating: 1296 &rarr; <strong>1275<\/strong><br \/>(-21 for losing)\n|raw|Neutralist's rating: 1352 &rarr; <strong>1369<\/strong><br \/>(+17 for winning)\n|l|\u2606gaskou\n|c|\u2606Neutralist|...\n|c|\u2606Neutralist|what.\n","uploadtime":1698505698,"views":6,"p1id":"gaskou","p2id":"neutralist","formatid":"gen9ubers","rating":1275,"private":0,"password":""}