{"id":"gen9ubers-1969736438","p1":"C4aZy","p2":"Lasen","format":"[Gen 9] Ubers","log":"|j|\u2606C4aZy\n|j|\u2606Lasen\n|t:|1697561482\n|gametype|singles\n|player|p1|C4aZy|1|\n|player|p2|Lasen|#teamballo2023|\n|teamsize|p1|6\n|teamsize|p2|6\n|gen|9\n|tier|[Gen 9] Ubers\n|rated|Tournament battle\n|rule|Sleep Clause Mod: Limit one foe put to sleep\n|rule|Species Clause: Limit one of each Pok\u00e9mon\n|rule|OHKO Clause: OHKO moves are banned\n|rule|Evasion Items Clause: Evasion items are banned\n|rule|Evasion Moves Clause: Evasion moves are banned\n|rule|Endless Battle Clause: Forcing endless battles is banned\n|rule|HP Percentage Mod: HP is shown in percentages\n|clearpoke\n|poke|p1|Cinderace, M|\n|poke|p1|Salamence, F|\n|poke|p1|Garchomp, F|\n|poke|p1|Eternatus|\n|poke|p1|Gengar, M|\n|poke|p1|Blissey, F|\n|poke|p2|Landorus-Therian, M|\n|poke|p2|Koraidon|\n|poke|p2|Ting-Lu|\n|poke|p2|Giratina-Origin|\n|poke|p2|Arceus|\n|poke|p2|Kyogre|\n|teampreview\n|inactive|Battle timer is ON: inactive players will automatically lose when time's up. (requested by Lasen)\n|\n|t:|1697561496\n|start\n|switch|p1a: Cinderace|Cinderace, M|100\/100\n|switch|p2a: Landorus|Landorus-Therian, M|100\/100\n|-ability|p2a: Landorus|Intimidate|boost\n|-unboost|p1a: Cinderace|atk|1\n|turn|1\n|\n|t:|1697561503\n|move|p1a: Cinderace|Acrobatics|p2a: Landorus\n|-damage|p2a: Landorus|85\/100\n|move|p2a: Landorus|Earthquake|p1a: Cinderace\n|-supereffective|p1a: Cinderace\n|-damage|p1a: Cinderace|0 fnt\n|faint|p1a: Cinderace\n|\n|upkeep\n|\n|t:|1697561511\n|switch|p1a: salam|Salamence, F|100\/100\n|turn|2\n|\n|t:|1697561517\n|switch|p2a: Kyogre|Kyogre|100\/100\n|-weather|RainDance|[from] ability: Drizzle|[of] p2a: Kyogre\n|move|p1a: salam|Earthquake|p2a: Kyogre\n|-damage|p2a: Kyogre|75\/100\n|\n|-weather|RainDance|[upkeep]\n|upkeep\n|turn|3\n|\n|t:|1697561527\n|move|p2a: Kyogre|Ice Beam|p1a: salam\n|-supereffective|p1a: salam\n|-damage|p1a: salam|0 fnt\n|faint|p1a: salam\n|\n|-weather|RainDance|[upkeep]\n|upkeep\n|\n|t:|1697561534\n|switch|p1a: Eternatus|Eternatus|100\/100\n|-ability|p1a: Eternatus|Pressure\n|turn|4\n|\n|t:|1697561543\n|move|p1a: Eternatus|Draco Meteor|p2a: Kyogre\n|-damage|p2a: Kyogre|25\/100\n|-unboost|p1a: Eternatus|spa|2\n|move|p2a: Kyogre|Thunder Wave|p1a: Eternatus\n|-status|p1a: Eternatus|par\n|\n|-weather|RainDance|[upkeep]\n|upkeep\n|turn|5\n|\n|t:|1697561552\n|move|p2a: Kyogre|Ice Beam|p1a: Eternatus\n|-supereffective|p1a: Eternatus\n|-damage|p1a: Eternatus|54\/100 par\n|cant|p1a: Eternatus|par\n|\n|-weather|RainDance|[upkeep]\n|upkeep\n|turn|6\n|\n|t:|1697561557\n|move|p2a: Kyogre|Ice Beam|p1a: Eternatus\n|-supereffective|p1a: Eternatus\n|-damage|p1a: Eternatus|5\/100 par\n|move|p1a: Eternatus|Draco Meteor|p2a: Kyogre\n|-damage|p2a: Kyogre|1\/100\n|-unboost|p1a: Eternatus|spa|2\n|\n|-weather|none\n|upkeep\n|turn|7\n|\n|t:|1697561566\n|move|p2a: Kyogre|Ice Beam|p1a: Eternatus\n|-supereffective|p1a: Eternatus\n|-damage|p1a: Eternatus|0 fnt\n|faint|p1a: Eternatus\n|\n|upkeep\n|\n|t:|1697561572\n|switch|p1a: Garchomp|Garchomp, F, shiny|100\/100\n|turn|8\n|\n|t:|1697561576\n|move|p1a: Garchomp|Earthquake|p2a: Kyogre\n|-crit|p2a: Kyogre\n|-damage|p2a: Kyogre|0 fnt\n|faint|p2a: Kyogre\n|\n|upkeep\n|\n|t:|1697561579\n|switch|p2a: Giratina|Giratina-Origin|100\/100\n|turn|9\n|j| Too Many Caps\n|\n|t:|1697561586\n|move|p1a: Garchomp|Draco Meteor|p2a: Giratina|[miss]\n|-miss|p1a: Garchomp|p2a: Giratina\n|move|p2a: Giratina|Dragon Tail|p1a: Garchomp\n|-supereffective|p1a: Garchomp\n|-damage|p1a: Garchomp|39\/100\n|-damage|p2a: Giratina|88\/100|[from] ability: Rough Skin|[of] p1a: Garchomp\n|drag|p1a: Gengar|Gengar, M|100\/100\n|\n|upkeep\n|turn|10\n|\n|t:|1697561596\n|-terastallize|p2a: Giratina|Steel\n|move|p1a: Gengar|Destiny Bond|p1a: Gengar\n|-singlemove|p1a: Gengar|Destiny Bond\n|move|p2a: Giratina|Poltergeist|p1a: Gengar\n|-activate|p1a: Gengar|move: Poltergeist|Life Orb\n|-supereffective|p1a: Gengar\n|-damage|p1a: Gengar|0 fnt\n|faint|p1a: Gengar\n|-activate|p1a: Gengar|move: Destiny Bond\n|faint|p2a: Giratina\n|\n|upkeep\n|\n|t:|1697561607\n|switch|p1a: Garchomp|Garchomp, F, shiny|39\/100\n|switch|p2a: Koraidon|Koraidon|100\/100\n|-weather|SunnyDay|[from] ability: Orichalcum Pulse|[of] p2a: Koraidon\n|-activate|p2a: Koraidon|Orichalcum Pulse|[source]\n|turn|11\n|\n|t:|1697561624\n|move|p2a: Koraidon|Low Kick|p1a: Garchomp\n|-damage|p1a: Garchomp|0 fnt\n|-damage|p2a: Koraidon|88\/100|[from] ability: Rough Skin|[of] p1a: Garchomp\n|faint|p1a: Garchomp\n|\n|-weather|SunnyDay|[upkeep]\n|upkeep\n|\n|t:|1697561632\n|switch|p1a: Blissey|Blissey, F|100\/100\n|turn|12\n|\n|t:|1697561639\n|move|p2a: Koraidon|Low Kick|p1a: Blissey\n|-supereffective|p1a: Blissey\n|-damage|p1a: Blissey|0 fnt\n|faint|p1a: Blissey\n|\n|win|Lasen\n|n|\u2606C4aZy|c4azy\n|n|\u2606Lasen|lasen\n|n| Too Many Caps|toomanycaps\n","uploadtime":1697561640,"views":8,"p1id":"c4azy","p2id":"lasen","formatid":"gen9ubers","rating":0,"private":0,"password":""}