{"id":"gen9ubers-1995778750","p1":"Pickedman","p2":"TRaSHiNSeCT","format":"[Gen 9] Ubers","log":"|j|\u2606Pickedman\n|j|\u2606TRaSHiNSeCT\n|t:|1700602318\n|gametype|singles\n|player|p1|Pickedman|zinnia|\n|player|p2|TRaSHiNSeCT|workerice|\n|teamsize|p1|6\n|teamsize|p2|6\n|gen|9\n|tier|[Gen 9] Ubers\n|rule|Sleep Clause Mod: Limit one foe put to sleep\n|rule|Species Clause: Limit one of each Pok\u00e9mon\n|rule|OHKO Clause: OHKO moves are banned\n|rule|Evasion Items Clause: Evasion items are banned\n|rule|Evasion Moves Clause: Evasion moves are banned\n|rule|Endless Battle Clause: Forcing endless battles is banned\n|rule|HP Percentage Mod: HP is shown in percentages\n|clearpoke\n|poke|p1|Dragonite, M|\n|poke|p1|Walking Wake|\n|poke|p1|Glimmora, M|\n|poke|p1|Landorus-Therian, M|\n|poke|p1|Annihilape, M|\n|poke|p1|Greninja-*, F|\n|poke|p2|Heatran, F|\n|poke|p2|Weezing-Galar, M|\n|poke|p2|Blissey, F|\n|poke|p2|Slowking-Galar, M|\n|poke|p2|Landorus-Therian, M|\n|poke|p2|Infernape, M|\n|teampreview\n|\n|t:|1700602346\n|start\n|switch|p1a: Glimmora|Glimmora, M|100\/100\n|switch|p2a: Infernape|Infernape, M|100\/100\n|turn|1\n|\n|t:|1700602354\n|move|p2a: Infernape|U-turn|p1a: Glimmora\n|-resisted|p1a: Glimmora\n|-damage|p1a: Glimmora|89\/100\n|-activate|p1a: Glimmora|ability: Toxic Debris\n|-sidestart|p2: TRaSHiNSeCT|move: Toxic Spikes\n|\n|t:|1700602368\n|switch|p2a: Heatran|Heatran, F|100\/100|[from] U-turn\n|move|p1a: Glimmora|Spikes|p2a: Heatran\n|-sidestart|p2: TRaSHiNSeCT|Spikes\n|\n|upkeep\n|turn|2\n|\n|t:|1700602377\n|move|p1a: Glimmora|Spikes|p2a: Heatran\n|-sidestart|p2: TRaSHiNSeCT|Spikes\n|move|p2a: Heatran|Stealth Rock|p1a: Glimmora\n|-sidestart|p1: Pickedman|move: Stealth Rock\n|\n|upkeep\n|turn|3\n|\n|t:|1700602384\n|move|p1a: Glimmora|Spikes|p2a: Heatran\n|-sidestart|p2: TRaSHiNSeCT|Spikes\n|move|p2a: Heatran|Earthquake|p1a: Glimmora\n|-supereffective|p1a: Glimmora\n|-damage|p1a: Glimmora|0 fnt\n|-activate|p1a: Glimmora|ability: Toxic Debris\n|-sidestart|p2: TRaSHiNSeCT|move: Toxic Spikes\n|faint|p1a: Glimmora\n|\n|upkeep\n|\n|t:|1700602410\n|switch|p1a: Walking Wake|Walking Wake|100\/100\n|-damage|p1a: Walking Wake|88\/100|[from] Stealth Rock\n|turn|4\n|\n|t:|1700602414\n|move|p1a: Walking Wake|Flip Turn|p2a: Heatran\n|-supereffective|p2a: Heatran\n|-damage|p2a: Heatran|38\/100\n|\n|t:|1700602419\n|-end|p1a: Walking Wake|Protosynthesis|[silent]\n|switch|p1a: Greninja|Greninja, F|100\/100|[from] Flip Turn\n|-damage|p1a: Greninja|88\/100|[from] Stealth Rock\n|move|p2a: Heatran|Will-O-Wisp|p1a: Greninja\n|-status|p1a: Greninja|brn\n|\n|-heal|p2a: Heatran|44\/100|[from] item: Leftovers\n|-damage|p1a: Greninja|82\/100 brn|[from] brn\n|upkeep\n|turn|5\n|\n|t:|1700602429\n|switch|p2a: Weezing|Weezing-Galar, M|100\/100\n|move|p1a: Greninja|Liquidation|p2a: Weezing\n|-start|p1a: Greninja|typechange|Water|[from] ability: Protean\n|-damage|p2a: Weezing|84\/100\n|\n|-heal|p2a: Weezing|90\/100|[from] item: Leftovers\n|-damage|p1a: Greninja|76\/100 brn|[from] brn\n|upkeep\n|turn|6\n|\n|t:|1700602442\n|switch|p1a: Landorus|Landorus-Therian, M|100\/100\n|-damage|p1a: Landorus|88\/100|[from] Stealth Rock\n|-ability|p1a: Landorus|Intimidate|boost\n|-unboost|p2a: Weezing|atk|1\n|move|p2a: Weezing|Defog|p1a: Landorus\n|-unboost|p1a: Landorus|evasion|1\n|-sideend|p1: Pickedman|Stealth Rock|[from] move: Defog|[of] p2a: Weezing\n|-sideend|p2: TRaSHiNSeCT|Spikes|[from] move: Defog|[of] p2a: Weezing\n|-sideend|p2: TRaSHiNSeCT|Toxic Spikes|[from] move: Defog|[of] p2a: Weezing\n|\n|-heal|p2a: Weezing|96\/100|[from] item: Leftovers\n|upkeep\n|turn|7\n|\n|t:|1700602461\n|switch|p1a: Walking Wake|Walking Wake|88\/100\n|switch|p2a: Landorus|Landorus-Therian, M|100\/100\n|-ability|p2a: Landorus|Intimidate|boost\n|-unboost|p1a: Walking Wake|atk|1\n|\n|upkeep\n|turn|8\n|\n|t:|1700602492\n|move|p1a: Walking Wake|Flip Turn|p2a: Landorus\n|-supereffective|p2a: Landorus\n|-damage|p2a: Landorus|58\/100\n|\n|t:|1700602497\n|-end|p1a: Walking Wake|Protosynthesis|[silent]\n|switch|p1a: Dragonite|Dragonite, M|100\/100|[from] Flip Turn\n|move|p2a: Landorus|Substitute|p2a: Landorus\n|-start|p2a: Landorus|Substitute\n|-damage|p2a: Landorus|33\/100\n|\n|-heal|p2a: Landorus|39\/100|[from] item: Leftovers\n|upkeep\n|turn|9\n|\n|t:|1700602516\n|move|p1a: Dragonite|Ice Beam|p2a: Landorus\n|-supereffective|p2a: Landorus\n|-end|p2a: Landorus|Substitute\n|move|p2a: Landorus|Tera Blast|p1a: Dragonite\n|-damage|p1a: Dragonite|86\/100\n|\n|-heal|p2a: Landorus|45\/100|[from] item: Leftovers\n|upkeep\n|turn|10\n|\n|t:|1700602530\n|switch|p2a: Heatran|Heatran, F|44\/100\n|move|p1a: Dragonite|Ice Beam|p2a: Heatran\n|-resisted|p2a: Heatran\n|-damage|p2a: Heatran|39\/100\n|\n|-heal|p2a: Heatran|45\/100|[from] item: Leftovers\n|upkeep\n|turn|11\n|\n|t:|1700602538\n|switch|p1a: Annihilape|Annihilape, M|100\/100\n|move|p2a: Heatran|Stealth Rock|p1a: Annihilape\n|-sidestart|p1: Pickedman|move: Stealth Rock\n|\n|-heal|p2a: Heatran|52\/100|[from] item: Leftovers\n|upkeep\n|turn|12\n|\n|t:|1700602562\n|switch|p2a: Blissey|Blissey, F|100\/100\n|move|p1a: Annihilape|Encore||[still]\n|-fail|p1a: Annihilape\n|\n|upkeep\n|turn|13\n|\n|t:|1700602572\n|move|p1a: Annihilape|Taunt|p2a: Blissey\n|-start|p2a: Blissey|move: Taunt\n|cant|p2a: Blissey|move: Taunt|Thunder Wave\n|\n|upkeep\n|turn|14\n|\n|t:|1700602585\n|switch|p2a: Slowking|Slowking-Galar, M|100\/100\n|move|p1a: Annihilape|Stealth Rock|p2a: Slowking\n|-sidestart|p2: TRaSHiNSeCT|move: Stealth Rock\n|\n|upkeep\n|turn|15\n|\n|t:|1700602594\n|switch|p2a: Infernape|Infernape, M|100\/100\n|-damage|p2a: Infernape|88\/100|[from] Stealth Rock\n|move|p1a: Annihilape|Night Shade|p2a: Infernape\n|-damage|p2a: Infernape|54\/100\n|\n|upkeep\n|turn|16\n|\n|t:|1700602603\n|move|p2a: Infernape|Knock Off|p1a: Annihilape\n|-damage|p1a: Annihilape|70\/100\n|-enditem|p1a: Annihilape|Leftovers|[from] move: Knock Off|[of] p2a: Infernape\n|move|p1a: Annihilape|Night Shade|p2a: Infernape\n|-damage|p2a: Infernape|20\/100\n|\n|upkeep\n|turn|17\n|\n|t:|1700602621\n|switch|p2a: Weezing|Weezing-Galar, M|96\/100\n|-damage|p2a: Weezing|84\/100|[from] Stealth Rock\n|move|p1a: Annihilape|Taunt|p2a: Weezing\n|-start|p2a: Weezing|move: Taunt\n|\n|-heal|p2a: Weezing|90\/100|[from] item: Leftovers\n|upkeep\n|turn|18\n|\n|t:|1700602658\n|move|p1a: Annihilape|Night Shade|p2a: Weezing\n|-damage|p2a: Weezing|60\/100\n|move|p2a: Weezing|Strange Steam|p1a: Annihilape\n|-supereffective|p1a: Annihilape\n|-damage|p1a: Annihilape|35\/100\n|\n|-heal|p2a: Weezing|66\/100|[from] item: Leftovers\n|upkeep\n|turn|19\n|\n|t:|1700602672\n|move|p1a: Annihilape|Night Shade|p2a: Weezing\n|-damage|p2a: Weezing|36\/100\n|move|p2a: Weezing|Strange Steam|p1a: Annihilape\n|-supereffective|p1a: Annihilape\n|-damage|p1a: Annihilape|1\/100\n|\n|-heal|p2a: Weezing|42\/100|[from] item: Leftovers\n|-end|p2a: Weezing|move: Taunt\n|upkeep\n|turn|20\n|\n|t:|1700602688\n|switch|p1a: Landorus|Landorus-Therian, M|88\/100\n|-damage|p1a: Landorus|76\/100|[from] Stealth Rock\n|-ability|p1a: Landorus|Intimidate|boost\n|-unboost|p2a: Weezing|atk|1\n|switch|p2a: Slowking|Slowking-Galar, M|100\/100\n|\n|upkeep\n|turn|21\n|\n|t:|1700602706\n|switch|p2a: Landorus|Landorus-Therian, M|45\/100\n|-damage|p2a: Landorus|33\/100|[from] Stealth Rock\n|-ability|p2a: Landorus|Intimidate|boost\n|-unboost|p1a: Landorus|atk|1\n|move|p1a: Landorus|Earth Power|p2a: Landorus\n|-immune|p2a: Landorus\n|\n|-heal|p2a: Landorus|39\/100|[from] item: Leftovers\n|upkeep\n|turn|22\n|\n|t:|1700602717\n|switch|p1a: Greninja|Greninja, F|76\/100 brn\n|-damage|p1a: Greninja|64\/100 brn|[from] Stealth Rock\n|move|p2a: Landorus|Substitute|p2a: Landorus\n|-start|p2a: Landorus|Substitute\n|-damage|p2a: Landorus|14\/100\n|\n|-heal|p2a: Landorus|20\/100|[from] item: Leftovers\n|-damage|p1a: Greninja|58\/100 brn|[from] brn\n|upkeep\n|turn|23\n|\n|t:|1700602734\n|move|p1a: Greninja|Ice Punch|p2a: Landorus\n|-start|p1a: Greninja|typechange|Ice|[from] ability: Protean\n|-supereffective|p2a: Landorus\n|-end|p2a: Landorus|Substitute\n|move|p2a: Landorus|Nasty Plot|p2a: Landorus\n|-boost|p2a: Landorus|spa|2\n|\n|-heal|p2a: Landorus|26\/100|[from] item: Leftovers\n|-damage|p1a: Greninja|52\/100 brn|[from] brn\n|upkeep\n|turn|24\n|\n|t:|1700602774\n|switch|p2a: Heatran|Heatran, F|52\/100\n|-damage|p2a: Heatran|39\/100|[from] Stealth Rock\n|move|p1a: Greninja|Ice Punch|p2a: Heatran\n|-resisted|p2a: Heatran\n|-damage|p2a: Heatran|35\/100\n|\n|-heal|p2a: Heatran|41\/100|[from] item: Leftovers\n|-damage|p1a: Greninja|46\/100 brn|[from] brn\n|upkeep\n|turn|25\n|\n|t:|1700602786\n|switch|p1a: Dragonite|Dragonite, M|86\/100\n|-damage|p1a: Dragonite|61\/100|[from] Stealth Rock\n|move|p2a: Heatran|Heavy Slam|p1a: Dragonite\n|-damage|p1a: Dragonite|29\/100\n|\n|-heal|p2a: Heatran|47\/100|[from] item: Leftovers\n|upkeep\n|turn|26\n|\n|t:|1700602800\n|move|p1a: Dragonite|Thunderbolt|p2a: Heatran\n|-damage|p2a: Heatran|24\/100\n|move|p2a: Heatran|Heavy Slam|p1a: Dragonite\n|-damage|p1a: Dragonite|0 fnt\n|faint|p1a: Dragonite\n|\n|-heal|p2a: Heatran|31\/100|[from] item: Leftovers\n|upkeep\n|\n|t:|1700602838\n|switch|p1a: Walking Wake|Walking Wake|88\/100\n|-damage|p1a: Walking Wake|76\/100|[from] Stealth Rock\n|turn|27\n|\n|t:|1700602849\n|-terastallize|p1a: Walking Wake|Water\n|move|p1a: Walking Wake|Liquidation|p2a: Heatran\n|-supereffective|p2a: Heatran\n|-damage|p2a: Heatran|0 fnt\n|faint|p2a: Heatran\n|\n|upkeep\n|\n|t:|1700602939\n|switch|p2a: Slowking|Slowking-Galar, M|100\/100\n|turn|28\n|\n|t:|1700602968\n|move|p1a: Walking Wake|Liquidation|p2a: Slowking\n|-damage|p2a: Slowking|31\/100\n|move|p2a: Slowking|Chilly Reception|p2a: Slowking\n|-weather|Snow\n|\n|t:|1700602979\n|switch|p2a: Infernape|Infernape, M|20\/100|[from] Chilly Reception\n|-damage|p2a: Infernape|8\/100|[from] Stealth Rock\n|\n|-weather|Snow|[upkeep]\n|upkeep\n|turn|29\n|\n|t:|1700603031\n|switch|p2a: Blissey|Blissey, F|100\/100\n|move|p1a: Walking Wake|Liquidation|p2a: Blissey\n|-damage|p2a: Blissey|44\/100\n|-unboost|p2a: Blissey|def|1\n|\n|-weather|Snow|[upkeep]\n|upkeep\n|turn|30\n|\n|t:|1700603045\n|move|p1a: Walking Wake|Liquidation|p2a: Blissey\n|-damage|p2a: Blissey|0 fnt\n|faint|p2a: Blissey\n|\n|-weather|Snow|[upkeep]\n|upkeep\n|\n|t:|1700603055\n|switch|p2a: Infernape|Infernape, M|8\/100\n|-damage|p2a: Infernape|0 fnt|[from] Stealth Rock\n|faint|p2a: Infernape\n|\n|t:|1700603064\n|switch|p2a: Landorus|Landorus-Therian, M|26\/100\n|-damage|p2a: Landorus|14\/100|[from] Stealth Rock\n|-ability|p2a: Landorus|Intimidate|boost\n|-unboost|p1a: Walking Wake|atk|1\n|turn|31\n|\n|t:|1700603071\n|-end|p1a: Walking Wake|Protosynthesis|[silent]\n|switch|p1a: Annihilape|Annihilape, M|1\/100\n|-damage|p1a: Annihilape|0 fnt|[from] Stealth Rock\n|faint|p1a: Annihilape\n|-terastallize|p2a: Landorus|Flying\n|move|p2a: Landorus|Tera Blast|p1: Annihilape|[notarget]\n|-fail|p2a: Landorus\n|\n|-weather|Snow|[upkeep]\n|-heal|p2a: Landorus|20\/100|[from] item: Leftovers\n|upkeep\n|\n|t:|1700603077\n|switch|p1a: Walking Wake|Walking Wake, tera:Water|76\/100\n|-damage|p1a: Walking Wake|63\/100|[from] Stealth Rock\n|turn|32\n|\n|t:|1700603087\n|move|p1a: Walking Wake|Liquidation|p2a: Landorus\n|-damage|p2a: Landorus|0 fnt\n|faint|p2a: Landorus\n|\n|-weather|none\n|upkeep\n|\n|t:|1700603096\n|switch|p2a: Slowking|Slowking-Galar, M|64\/100\n|turn|33\n|\n|t:|1700603099\n|move|p1a: Walking Wake|Liquidation|p2a: Slowking\n|-damage|p2a: Slowking|0 fnt\n|faint|p2a: Slowking\n|\n|upkeep\n|\n|t:|1700603103\n|switch|p2a: Weezing|Weezing-Galar, M|42\/100\n|-damage|p2a: Weezing|30\/100|[from] Stealth Rock\n|turn|34\n|c|\u2606Pickedman|gg\n|c|\u2606TRaSHiNSeCT|gg wwp\n|\n|t:|1700603111\n|move|p1a: Walking Wake|Liquidation|p2a: Weezing\n|-damage|p2a: Weezing|0 fnt\n|faint|p2a: Weezing\n|\n|win|Pickedman\n","uploadtime":1700603119,"views":21,"p1id":"pickedman","p2id":"trashinsect","formatid":"gen9ubers","rating":0,"private":0,"password":""}