{"id":"gen9ubers-1980253293","p1":"XpokVEVO","p2":"1P1o1s1h1e1","format":"[Gen 9] Ubers","log":"|j|\u2606XpokVEVO\n|j|\u26061P1o1s1h1e1\n|t:|1698769867\n|gametype|singles\n|player|p1|XpokVEVO|rika|\n|player|p2|1P1o1s1h1e1|2|\n|teamsize|p1|6\n|teamsize|p2|6\n|gen|9\n|tier|[Gen 9] Ubers\n|rule|Sleep Clause Mod: Limit one foe put to sleep\n|rule|Species Clause: Limit one of each Pok\u00e9mon\n|rule|OHKO Clause: OHKO moves are banned\n|rule|Evasion Items Clause: Evasion items are banned\n|rule|Evasion Moves Clause: Evasion moves are banned\n|rule|Endless Battle Clause: Forcing endless battles is banned\n|rule|HP Percentage Mod: HP is shown in percentages\n|clearpoke\n|poke|p1|Arceus-Fire|\n|poke|p1|Cyclizar, M|\n|poke|p1|Espathra, F|\n|poke|p1|Magearna|\n|poke|p1|Zacian-*|\n|poke|p1|Roaring Moon|\n|poke|p2|Wo-Chien|\n|poke|p2|Arceus-Poison|\n|poke|p2|Magearna|\n|poke|p2|Ursaluna-Bloodmoon, M|\n|poke|p2|Sneasler, M|\n|poke|p2|Dialga|\n|teampreview\n|\n|t:|1698769877\n|start\n|switch|p1a: Akira|Cyclizar, M|100\/100\n|switch|p2a: Ursaluna|Ursaluna-Bloodmoon, M|100\/100\n|turn|1\n|\n|t:|1698769888\n|move|p1a: Akira|Taunt|p2a: Ursaluna\n|-start|p2a: Ursaluna|move: Taunt\n|move|p2a: Ursaluna|Hyper Voice|p1a: Akira\n|-damage|p1a: Akira|42\/100\n|\n|upkeep\n|turn|2\n|\n|t:|1698769899\n|switch|p1a: Aunt Fanny|Magearna|100\/100\n|switch|p2a: Dialga|Dialga|100\/100\n|-ability|p2a: Dialga|Pressure\n|\n|upkeep\n|turn|3\n|\n|t:|1698769904\n|move|p2a: Dialga|Thunder Wave|p1a: Aunt Fanny|[miss]\n|-miss|p2a: Dialga|p1a: Aunt Fanny\n|move|p1a: Aunt Fanny|Thunder Wave|p2a: Dialga\n|-status|p2a: Dialga|par\n|\n|upkeep\n|turn|4\n|\n|t:|1698769913\n|move|p1a: Aunt Fanny|Fleur Cannon|p2a: Dialga|[miss]\n|-miss|p1a: Aunt Fanny|p2a: Dialga\n|move|p2a: Dialga|Stealth Rock|p1a: Aunt Fanny\n|-sidestart|p1: XpokVEVO|move: Stealth Rock\n|\n|upkeep\n|turn|5\n|\n|t:|1698769921\n|switch|p2a: Magearna|Magearna|100\/100\n|move|p1a: Aunt Fanny|Fleur Cannon|p2a: Magearna\n|-resisted|p2a: Magearna\n|-damage|p2a: Magearna|78\/100\n|-unboost|p1a: Aunt Fanny|spa|2\n|\n|-heal|p2a: Magearna|84\/100|[from] item: Leftovers\n|upkeep\n|turn|6\n|\n|t:|1698769925\n|move|p1a: Aunt Fanny|Thunder Wave|p2a: Magearna\n|-status|p2a: Magearna|par\n|move|p2a: Magearna|Thunder Wave|p1a: Aunt Fanny|[miss]\n|-miss|p2a: Magearna|p1a: Aunt Fanny\n|\n|-heal|p2a: Magearna|90\/100 par|[from] item: Leftovers\n|upkeep\n|turn|7\n|c|\u26061P1o1s1h1e1|momento\n|\n|t:|1698769937\n|move|p1a: Aunt Fanny|Flash Cannon|p2a: Magearna\n|-crit|p2a: Magearna\n|-damage|p2a: Magearna|49\/100 par\n|cant|p2a: Magearna|par\n|\n|-heal|p2a: Magearna|55\/100 par|[from] item: Leftovers\n|upkeep\n|turn|8\n|\n|t:|1698769942\n|move|p1a: Aunt Fanny|Flash Cannon|p2a: Magearna\n|-damage|p2a: Magearna|42\/100 par\n|move|p2a: Magearna|Spikes|p1a: Aunt Fanny\n|-sidestart|p1: XpokVEVO|Spikes\n|\n|-heal|p2a: Magearna|48\/100 par|[from] item: Leftovers\n|upkeep\n|turn|9\n|\n|t:|1698769950\n|move|p1a: Aunt Fanny|Flash Cannon|p2a: Magearna\n|-damage|p2a: Magearna|33\/100 par\n|-unboost|p2a: Magearna|spd|1\n|move|p2a: Magearna|Draining Kiss|p1a: Aunt Fanny\n|-resisted|p1a: Aunt Fanny\n|-damage|p1a: Aunt Fanny|90\/100\n|-heal|p2a: Magearna|40\/100 par|[from] drain|[of] p1a: Aunt Fanny\n|\n|-heal|p2a: Magearna|46\/100 par|[from] item: Leftovers\n|upkeep\n|turn|10\n|\n|t:|1698769957\n|switch|p2a: Wo-Chien|Wo-Chien|100\/100\n|-ability|p2a: Wo-Chien|Tablets of Ruin\n|move|p1a: Aunt Fanny|Flash Cannon|p2a: Wo-Chien\n|-damage|p2a: Wo-Chien|88\/100\n|\n|-heal|p2a: Wo-Chien|94\/100|[from] item: Leftovers\n|upkeep\n|turn|11\n|\n|t:|1698769960\n|move|p1a: Aunt Fanny|Fleur Cannon|p2a: Wo-Chien\n|-supereffective|p2a: Wo-Chien\n|-damage|p2a: Wo-Chien|56\/100\n|-unboost|p1a: Aunt Fanny|spa|2\n|move|p2a: Wo-Chien|Leech Seed|p1a: Aunt Fanny\n|-start|p1a: Aunt Fanny|move: Leech Seed\n|\n|-heal|p2a: Wo-Chien|62\/100|[from] item: Leftovers\n|-damage|p1a: Aunt Fanny|78\/100|[from] Leech Seed|[of] p2a: Wo-Chien\n|-heal|p2a: Wo-Chien|72\/100|[silent]\n|upkeep\n|turn|12\n|\n|t:|1698769968\n|move|p1a: Aunt Fanny|Thunder Wave|p2a: Wo-Chien\n|-status|p2a: Wo-Chien|par\n|move|p2a: Wo-Chien|Knock Off|p1a: Aunt Fanny\n|-resisted|p1a: Aunt Fanny\n|-damage|p1a: Aunt Fanny|62\/100\n|-enditem|p1a: Aunt Fanny|Weakness Policy|[from] move: Knock Off|[of] p2a: Wo-Chien\n|\n|-heal|p2a: Wo-Chien|78\/100 par|[from] item: Leftovers\n|-damage|p1a: Aunt Fanny|50\/100|[from] Leech Seed|[of] p2a: Wo-Chien\n|-heal|p2a: Wo-Chien|88\/100 par|[silent]\n|upkeep\n|turn|13\n|\n|t:|1698769980\n|switch|p1a: Akira|Cyclizar, M|75\/100\n|move|p2a: Wo-Chien|Leech Seed|p1a: Akira\n|-start|p1a: Akira|move: Leech Seed\n|\n|-heal|p2a: Wo-Chien|94\/100 par|[from] item: Leftovers\n|-damage|p1a: Akira|63\/100|[from] Leech Seed|[of] p2a: Wo-Chien\n|-heal|p2a: Wo-Chien|100\/100 par|[silent]\n|upkeep\n|turn|14\n|\n|t:|1698769988\n|move|p1a: Akira|Rapid Spin|p2a: Wo-Chien\n|-damage|p2a: Wo-Chien|88\/100 par\n|-boost|p1a: Akira|spe|1\n|-end|p1a: Akira|Leech Seed|[from] move: Rapid Spin|[of] p1a: Akira\n|-sideend|p1: XpokVEVO|Spikes|[from] move: Rapid Spin|[of] p1a: Akira\n|-sideend|p1: XpokVEVO|Stealth Rock|[from] move: Rapid Spin|[of] p1a: Akira\n|cant|p2a: Wo-Chien|par\n|\n|-heal|p2a: Wo-Chien|94\/100 par|[from] item: Leftovers\n|upkeep\n|turn|15\n|c|\u26061P1o1s1h1e1|man\n|c|\u26061P1o1s1h1e1|i knocked fucked up\n|\n|t:|1698770005\n|switch|p2a: Ursaluna|Ursaluna-Bloodmoon, M|100\/100\n|move|p1a: Akira|Shed Tail|p1a: Akira\n|-start|p1a: Akira|Substitute|[from] move: Shed Tail\n|-damage|p1a: Akira|12\/100\n|\n|t:|1698770020\n|switch|p1a: Roaring Peak|Roaring Moon|100\/100|[from] Shed Tail\n|-enditem|p1a: Roaring Peak|Booster Energy\n|-activate|p1a: Roaring Peak|ability: Protosynthesis|[fromitem]\n|-start|p1a: Roaring Peak|protosynthesisspe\n|\n|upkeep\n|turn|16\n|\n|t:|1698770023\n|move|p1a: Roaring Peak|Dragon Dance|p1a: Roaring Peak\n|-boost|p1a: Roaring Peak|atk|1\n|-boost|p1a: Roaring Peak|spe|1\n|move|p2a: Ursaluna|Roar|p1a: Roaring Peak\n|-end|p1a: Roaring Peak|Protosynthesis|[silent]\n|drag|p1a: Ar\u0441eus-Fighting|Arceus-Fire, shiny|100\/100\n|\n|upkeep\n|turn|17\n|\n|t:|1698770062\n|switch|p1a: Princess|Zacian, shiny|100\/100\n|-ability|p1a: Princess|Intrepid Sword|boost\n|-boost|p1a: Princess|atk|1\n|-terastallize|p2a: Ursaluna|Water\n|move|p2a: Ursaluna|Calm Mind|p2a: Ursaluna\n|-boost|p2a: Ursaluna|spa|1\n|-boost|p2a: Ursaluna|spd|1\n|\n|upkeep\n|turn|18\n|\n|t:|1698770070\n|move|p1a: Princess|Play Rough|p2a: Ursaluna\n|-damage|p2a: Ursaluna|48\/100\n|-damage|p1a: Princess|91\/100|[from] item: Life Orb\n|move|p2a: Ursaluna|Roar|p1a: Princess\n|drag|p1a: Akira|Cyclizar, M|46\/100\n|\n|-heal|p2a: Ursaluna|54\/100|[from] item: Leftovers\n|upkeep\n|turn|19\n|\n|t:|1698770087\n|switch|p1a: Ar\u0441eus-Fighting|Arceus-Fire, shiny|100\/100\n|move|p2a: Ursaluna|Moonlight|p2a: Ursaluna\n|-heal|p2a: Ursaluna|100\/100\n|\n|upkeep\n|turn|20\n|\n|t:|1698770094\n|move|p1a: Ar\u0441eus-Fighting|Roar|p2a: Ursaluna\n|drag|p2a: Sneasler|Sneasler, M|100\/100\n|\n|upkeep\n|turn|21\n|c|\u26061P1o1s1h1e1|oh lol\n|c|\u26061P1o1s1h1e1|yeah\n|\n|t:|1698770105\n|move|p2a: Sneasler|U-turn|p1a: Ar\u0441eus-Fighting\n|-resisted|p1a: Ar\u0441eus-Fighting\n|-damage|p1a: Ar\u0441eus-Fighting|93\/100\n|\n|t:|1698770110\n|switch|p2a: Arceus|Arceus-Poison|100\/100|[from] U-turn\n|move|p1a: Ar\u0441eus-Fighting|Dragon Dance|p1a: Ar\u0441eus-Fighting\n|-boost|p1a: Ar\u0441eus-Fighting|atk|1\n|-boost|p1a: Ar\u0441eus-Fighting|spe|1\n|\n|upkeep\n|turn|22\n|\n|t:|1698770114\n|move|p1a: Ar\u0441eus-Fighting|Flare Blitz|p2a: Arceus\n|-damage|p2a: Arceus|33\/100\n|-damage|p1a: Ar\u0441eus-Fighting|70\/100|[from] Recoil\n|move|p2a: Arceus|Taunt|p1a: Ar\u0441eus-Fighting\n|-start|p1a: Ar\u0441eus-Fighting|move: Taunt\n|\n|upkeep\n|turn|23\n|\n|t:|1698770129\n|move|p1a: Ar\u0441eus-Fighting|Flare Blitz|p2a: Arceus\n|-damage|p2a: Arceus|0 fnt\n|faint|p2a: Arceus\n|-damage|p1a: Ar\u0441eus-Fighting|60\/100|[from] Recoil\n|\n|upkeep\n|\n|t:|1698770132\n|switch|p2a: Sneasler|Sneasler, M|100\/100\n|turn|24\n|\n|t:|1698770136\n|move|p2a: Sneasler|Dire Claw|p1a: Ar\u0441eus-Fighting\n|-damage|p1a: Ar\u0441eus-Fighting|31\/100\n|-status|p1a: Ar\u0441eus-Fighting|psn\n|move|p1a: Ar\u0441eus-Fighting|Flare Blitz|p2a: Sneasler\n|-damage|p2a: Sneasler|0 fnt\n|faint|p2a: Sneasler\n|-damage|p1a: Ar\u0441eus-Fighting|9\/100 psn|[from] Recoil\n|\n|-damage|p1a: Ar\u0441eus-Fighting|0 fnt|[from] psn\n|faint|p1a: Ar\u0441eus-Fighting\n|upkeep\n|\n|t:|1698770147\n|switch|p2a: Dialga|Dialga|100\/100 par\n|switch|p1a: Akira|Cyclizar, M|79\/100\n|-ability|p2a: Dialga|Pressure\n|turn|25\n|\n|t:|1698770153\n|move|p1a: Akira|Taunt|p2a: Dialga\n|-start|p2a: Dialga|move: Taunt\n|move|p2a: Dialga|Draco Meteor|p1a: Akira\n|-supereffective|p1a: Akira\n|-damage|p1a: Akira|0 fnt\n|-unboost|p2a: Dialga|spa|2\n|faint|p1a: Akira\n|\n|upkeep\n|c|\u2606XpokVEVO|GUUUCL\n|c|\u2606XpokVEVO|ZO MEANT\n|c|\u2606XpokVEVO|ZT9\n|c|\u2606XpokVEVO|tera PISON\n|\n|t:|1698770182\n|switch|p1a: Aunt Fanny|Magearna|50\/100\n|turn|26\n|\n|t:|1698770190\n|switch|p2a: Magearna|Magearna|46\/100 par\n|move|p1a: Aunt Fanny|Fleur Cannon|p2a: Magearna\n|-resisted|p2a: Magearna\n|-damage|p2a: Magearna|22\/100 par\n|-unboost|p1a: Aunt Fanny|spa|2\n|\n|-heal|p2a: Magearna|29\/100 par|[from] item: Leftovers\n|upkeep\n|turn|27\n|\n|t:|1698770194\n|move|p1a: Aunt Fanny|Flash Cannon|p2a: Magearna\n|-damage|p2a: Magearna|14\/100 par\n|move|p2a: Magearna|Thunder Wave|p1a: Aunt Fanny\n|-status|p1a: Aunt Fanny|par\n|\n|-heal|p2a: Magearna|20\/100 par|[from] item: Leftovers\n|upkeep\n|turn|28\n|\n|t:|1698770201\n|switch|p1a: Emu War|Espathra, F|100\/100\n|switch|p2a: Dialga|Dialga|100\/100 par\n|-ability|p2a: Dialga|Pressure\n|\n|upkeep\n|turn|29\n|\n|t:|1698770207\n|move|p1a: Emu War|Calm Mind|p1a: Emu War\n|-boost|p1a: Emu War|spa|1\n|-boost|p1a: Emu War|spd|1\n|move|p2a: Dialga|Roar|p1a: Emu War\n|drag|p1a: Roaring Peak|Roaring Moon|100\/100\n|\n|upkeep\n|turn|30\n|\n|t:|1698770219\n|-terastallize|p1a: Roaring Peak|Flying\n|move|p1a: Roaring Peak|Dragon Dance|p1a: Roaring Peak\n|-boost|p1a: Roaring Peak|atk|1\n|-boost|p1a: Roaring Peak|spe|1\n|cant|p2a: Dialga|par\n|\n|upkeep\n|turn|31\n|\n|t:|1698770224\n|move|p1a: Roaring Peak|Earthquake|p2a: Dialga\n|-supereffective|p2a: Dialga\n|-damage|p2a: Dialga|47\/100 par\n|cant|p2a: Dialga|par\n|\n|-heal|p2a: Dialga|53\/100 par|[from] item: Leftovers\n|upkeep\n|turn|32\n|c|\u26061P1o1s1h1e1|guh\n|\n|t:|1698770231\n|move|p1a: Roaring Peak|Earthquake|p2a: Dialga\n|-supereffective|p2a: Dialga\n|-damage|p2a: Dialga|0 fnt\n|faint|p2a: Dialga\n|\n|upkeep\n|c|\u2606XpokVEVO|WHY WONT YO8 DIE\n|c|\u2606XpokVEVO|THANK YOU\n|c|\u26061P1o1s1h1e1|the rng has been miserable this game lmao\n|\n|t:|1698770246\n|switch|p2a: Ursaluna|Ursaluna-Bloodmoon, M, tera:Water|100\/100\n|turn|33\n|\n|t:|1698770265\n|move|p1a: Roaring Peak|Knock Off|p2a: Ursaluna\n|-damage|p2a: Ursaluna|56\/100\n|-enditem|p2a: Ursaluna|Leftovers|[from] move: Knock Off|[of] p1a: Roaring Peak\n|move|p2a: Ursaluna|Roar|p1a: Roaring Peak\n|-end|p1a: Roaring Peak|Protosynthesis|[silent]\n|drag|p1a: Aunt Fanny|Magearna|50\/100 par\n|\n|upkeep\n|turn|34\n|\n|t:|1698770273\n|move|p2a: Ursaluna|Calm Mind|p2a: Ursaluna\n|-boost|p2a: Ursaluna|spa|1\n|-boost|p2a: Ursaluna|spd|1\n|cant|p1a: Aunt Fanny|par\n|\n|upkeep\n|turn|35\n|\n|t:|1698770277\n|move|p2a: Ursaluna|Moonlight|p2a: Ursaluna\n|-heal|p2a: Ursaluna|100\/100\n|cant|p1a: Aunt Fanny|par\n|\n|upkeep\n|turn|36\n|\n|t:|1698770282\n|move|p2a: Ursaluna|Calm Mind|p2a: Ursaluna\n|-boost|p2a: Ursaluna|spa|1\n|-boost|p2a: Ursaluna|spd|1\n|move|p1a: Aunt Fanny|Thunder Wave|p2a: Ursaluna\n|-status|p2a: Ursaluna|par\n|\n|upkeep\n|turn|37\n|c|\u2606XpokVEVO|Im Killing Myself\n|\n|t:|1698770293\n|switch|p1a: Princess|Zacian, shiny|91\/100\n|move|p2a: Ursaluna|Hyper Voice|p1a: Princess\n|-damage|p1a: Princess|14\/100\n|\n|upkeep\n|turn|38\n|\n|t:|1698770302\n|move|p1a: Princess|Play Rough|p2a: Ursaluna|[miss]\n|-miss|p1a: Princess|p2a: Ursaluna\n|move|p2a: Ursaluna|Hyper Voice|p1a: Princess\n|-damage|p1a: Princess|0 fnt\n|faint|p1a: Princess\n|\n|upkeep\n|\n|t:|1698770315\n|switch|p1a: Roaring Peak|Roaring Moon, tera:Flying|100\/100\n|turn|39\n|\n|t:|1698770320\n|move|p1a: Roaring Peak|Acrobatics|p2a: Ursaluna\n|-damage|p2a: Ursaluna|61\/100 par\n|move|p2a: Ursaluna|Hyper Voice|p1a: Roaring Peak\n|-crit|p1a: Roaring Peak\n|-damage|p1a: Roaring Peak|0 fnt\n|faint|p1a: Roaring Peak\n|-end|p1a: Roaring Peak|Protosynthesis|[silent]\n|\n|upkeep\n|c|\u26061P1o1s1h1e1|oh nvm\n|\n|t:|1698770329\n|switch|p1a: Aunt Fanny|Magearna|50\/100 par\n|turn|40\n|c|\u26061P1o1s1h1e1|rng said sorry\n|\n|t:|1698770335\n|move|p1a: Aunt Fanny|Fleur Cannon|p2a: Ursaluna\n|-damage|p2a: Ursaluna|29\/100 par\n|-unboost|p1a: Aunt Fanny|spa|2\n|move|p2a: Ursaluna|Hyper Voice|p1a: Aunt Fanny\n|-resisted|p1a: Aunt Fanny\n|-damage|p1a: Aunt Fanny|13\/100 par\n|\n|upkeep\n|turn|41\n|\n|t:|1698770340\n|cant|p1a: Aunt Fanny|par\n|move|p2a: Ursaluna|Moonlight|p2a: Ursaluna\n|-heal|p2a: Ursaluna|79\/100 par\n|\n|upkeep\n|turn|42\n|\n|t:|1698770347\n|switch|p1a: Emu War|Espathra, F|100\/100\n|move|p2a: Ursaluna|Hyper Voice|p1a: Emu War\n|-enditem|p1a: Emu War|Focus Sash\n|-damage|p1a: Emu War|1\/100\n|\n|upkeep\n|turn|43\n|c|\u2606XpokVEVO|FUCK THIS GAME\n|-message|XpokVEVO forfeited.\n|\n|win|1P1o1s1h1e1\n","uploadtime":1698770375,"views":15,"p1id":"xpokvevo","p2id":"1p1o1s1h1e1","formatid":"gen9ubers","rating":0,"private":0,"password":""}