{"id":"gen9ubers-1969297512","p1":"TERO157","p2":"Team your noobs xd","format":"[Gen 9] Ubers","log":"|j|\u2606TERO157\n|j|\u2606Team your noobs xd\n|t:|1697511105\n|gametype|singles\n|player|p1|TERO157|266|1070\n|player|p2|Team your noobs xd|red|1053\n|teamsize|p1|6\n|teamsize|p2|6\n|gen|9\n|tier|[Gen 9] Ubers\n|rated|\n|rule|Sleep Clause Mod: Limit one foe put to sleep\n|rule|Species Clause: Limit one of each Pok\u00e9mon\n|rule|OHKO Clause: OHKO moves are banned\n|rule|Evasion Items Clause: Evasion items are banned\n|rule|Evasion Moves Clause: Evasion moves are banned\n|rule|Endless Battle Clause: Forcing endless battles is banned\n|rule|HP Percentage Mod: HP is shown in percentages\n|clearpoke\n|poke|p1|Dragonite, M|\n|poke|p1|Greninja-*, F|\n|poke|p1|Ogerpon-Cornerstone, F|\n|poke|p1|Gastrodon-East, F|\n|poke|p1|Zapdos|\n|poke|p1|Murkrow, F|\n|poke|p2|Chi-Yu|\n|poke|p2|Koraidon|\n|poke|p2|Arceus-Ground|\n|poke|p2|Flutter Mane|\n|poke|p2|Eternatus|\n|poke|p2|Shaymin-Sky|\n|teampreview\n|inactive|Battle timer is ON: inactive players will automatically lose when time's up. (requested by Team your noobs xd)\n|\n|t:|1697511129\n|start\n|switch|p1a: Zapdos|Zapdos, shiny|100\/100\n|switch|p2a: Shaymin|Shaymin-Sky|100\/100\n|turn|1\n|l|\u2606Team your noobs xd\n|inactive|Team your noobs xd disconnected and has a minute to reconnect!\n|player|p2|\n|j|\u2606Team your noobs xd\n|inactive|Team your noobs xd reconnected and has 100 seconds left.\n|player|p2|Team your noobs xd|red\n|inactive|Team your noobs xd has 90 seconds left.\n|\n|t:|1697511197\n|move|p2a: Shaymin|Seed Flare|p1a: Zapdos\n|-resisted|p1a: Zapdos\n|-damage|p1a: Zapdos|52\/100\n|-unboost|p1a: Zapdos|spd|2\n|move|p1a: Zapdos|U-turn|p2a: Shaymin\n|-damage|p2a: Shaymin|80\/100\n|\n|t:|1697511220\n|switch|p1a: Greninja|Greninja, F, shiny|100\/100|[from] U-turn\n|\n|upkeep\n|turn|2\n|\n|t:|1697511228\n|-terastallize|p1a: Greninja|Ghost\n|move|p1a: Greninja|Shadow Sneak|p2a: Shaymin\n|-damage|p2a: Shaymin|60\/100\n|move|p2a: Shaymin|Seed Flare|p1a: Greninja\n|-damage|p1a: Greninja|0 fnt\n|faint|p1a: Greninja\n|\n|upkeep\n|\n|t:|1697511245\n|switch|p1a: Ogerpon|Ogerpon-Cornerstone, F|100\/100\n|turn|3\n|\n|t:|1697511251\n|move|p2a: Shaymin|Seed Flare|p1a: Ogerpon\n|-damage|p1a: Ogerpon|12\/100\n|-unboost|p1a: Ogerpon|spd|2\n|move|p1a: Ogerpon|Knock Off|p2a: Shaymin\n|-damage|p2a: Shaymin|14\/100\n|-enditem|p2a: Shaymin|Choice Specs|[from] move: Knock Off|[of] p1a: Ogerpon\n|\n|upkeep\n|turn|4\n|\n|t:|1697511260\n|move|p1a: Ogerpon|Spiky Shield|p1a: Ogerpon\n|-singleturn|p1a: Ogerpon|move: Protect\n|move|p2a: Shaymin|Psychic|p1a: Ogerpon\n|-activate|p1a: Ogerpon|move: Protect\n|\n|upkeep\n|turn|5\n|\n|t:|1697511271\n|move|p1a: Ogerpon|Follow Me||[still]\n|-fail|p1a: Ogerpon\n|move|p2a: Shaymin|Psychic|p1a: Ogerpon\n|-damage|p1a: Ogerpon|0 fnt\n|faint|p1a: Ogerpon\n|\n|upkeep\n|\n|t:|1697511277\n|switch|p1a: Gastrodon|Gastrodon-East, F, shiny|100\/100\n|turn|6\n|\n|t:|1697511282\n|move|p2a: Shaymin|Seed Flare|p1a: Gastrodon\n|-supereffective|p1a: Gastrodon\n|-damage|p1a: Gastrodon|0 fnt\n|faint|p1a: Gastrodon\n|\n|upkeep\n|\n|t:|1697511287\n|switch|p1a: Murkrow|Murkrow, F, shiny|100\/100\n|turn|7\n|\n|t:|1697511293\n|move|p2a: Shaymin|Air Slash|p1a: Murkrow\n|-crit|p1a: Murkrow\n|-damage|p1a: Murkrow|20\/100\n|cant|p1a: Murkrow|flinch\n|\n|upkeep\n|turn|8\n|\n|t:|1697511301\n|move|p1a: Murkrow|Tailwind|p1a: Murkrow\n|-sidestart|p1: TERO157|move: Tailwind\n|move|p2a: Shaymin|Air Slash|p1a: Murkrow\n|-damage|p1a: Murkrow|0 fnt\n|faint|p1a: Murkrow\n|\n|upkeep\n|\n|t:|1697511307\n|switch|p1a: Dragonite|Dragonite, M, shiny|100\/100\n|turn|9\n|\n|t:|1697511312\n|move|p1a: Dragonite|Dragon Claw|p2a: Shaymin\n|-damage|p2a: Shaymin|0 fnt\n|faint|p2a: Shaymin\n|\n|upkeep\n|\n|t:|1697511316\n|switch|p2a: Flutter Mane|Flutter Mane|100\/100\n|turn|10\n|\n|t:|1697511330\n|move|p1a: Dragonite|Extreme Speed|p2a: Flutter Mane\n|-immune|p2a: Flutter Mane\n|move|p2a: Flutter Mane|Moonblast|p1a: Dragonite\n|-supereffective|p1a: Dragonite\n|-damage|p1a: Dragonite|18\/100\n|-unboost|p1a: Dragonite|spa|1\n|-enditem|p1a: Dragonite|Aguav Berry|[eat]\n|-heal|p1a: Dragonite|51\/100|[from] item: Aguav Berry\n|\n|upkeep\n|turn|11\n|\n|t:|1697511340\n|move|p1a: Dragonite|Thunder Punch|p2a: Flutter Mane\n|-damage|p2a: Flutter Mane|45\/100\n|move|p2a: Flutter Mane|Moonblast|p1a: Dragonite\n|-supereffective|p1a: Dragonite\n|-damage|p1a: Dragonite|0 fnt\n|faint|p1a: Dragonite\n|\n|-sideend|p1: TERO157|move: Tailwind\n|upkeep\n|\n|t:|1697511348\n|switch|p1a: Zapdos|Zapdos, shiny|52\/100\n|turn|12\n|l|\u2606Team your noobs xd\n|inactive|Team your noobs xd disconnected and has a minute to reconnect!\n|player|p2|\n|j|\u2606Team your noobs xd\n|inactive|Team your noobs xd reconnected and has 125 seconds left.\n|player|p2|Team your noobs xd|red\n|\n|t:|1697511376\n|move|p2a: Flutter Mane|Moonblast|p1a: Zapdos\n|-damage|p1a: Zapdos|0 fnt\n|faint|p1a: Zapdos\n|\n|win|Team your noobs xd\n|raw|TERO157's rating: 1070 &rarr; <strong>1048<\/strong><br \/>(-22 for losing)\n|raw|Team your noobs xd's rating: 1053 &rarr; <strong>1087<\/strong><br \/>(+34 for winning)\n","uploadtime":1697511384,"views":15,"p1id":"tero157","p2id":"teamyournoobsxd","formatid":"gen9ubers","rating":1048,"private":0,"password":""}