{"id":"gen9ubers-1968387952","p1":"Jayyp16","p2":"Bellatrix2022","format":"[Gen 9] Ubers","log":"|j|\u2606Jayyp16\n|j|\u2606Bellatrix2022\n|t:|1697413129\n|gametype|singles\n|player|p1|Jayyp16|morty|1128\n|player|p2|Bellatrix2022|169|1033\n|teamsize|p1|6\n|teamsize|p2|4\n|gen|9\n|tier|[Gen 9] Ubers\n|rated|\n|rule|Sleep Clause Mod: Limit one foe put to sleep\n|rule|Species Clause: Limit one of each Pok\u00e9mon\n|rule|OHKO Clause: OHKO moves are banned\n|rule|Evasion Items Clause: Evasion items are banned\n|rule|Evasion Moves Clause: Evasion moves are banned\n|rule|Endless Battle Clause: Forcing endless battles is banned\n|rule|HP Percentage Mod: HP is shown in percentages\n|clearpoke\n|poke|p1|Ogerpon-Hearthflame, F|\n|poke|p1|Zacian-*|\n|poke|p1|Tornadus, M|\n|poke|p1|Weezing-Galar, F|\n|poke|p1|Gyarados, M|\n|poke|p1|Ursaluna-Bloodmoon, M|\n|poke|p2|Grimmsnarl, M|\n|poke|p2|Hydreigon, M|\n|poke|p2|Garchomp, F|\n|poke|p2|Gengar, M|\n|teampreview\n|\n|t:|1697413132\n|start\n|switch|p1a: Weezing|Weezing-Galar, F|100\/100\n|switch|p2a: Grimmsnarl|Grimmsnarl, M|100\/100\n|-ability|p1a: Weezing|Neutralizing Gas\n|turn|1\n|\n|t:|1697413139\n|move|p2a: Grimmsnarl|Trick|p1a: Weezing\n|-activate|p2a: Grimmsnarl|move: Trick|[of] p1a: Weezing\n|-item|p1a: Weezing|Ring Target|[from] move: Trick\n|-item|p2a: Grimmsnarl|Heavy-Duty Boots|[from] move: Trick\n|move|p1a: Weezing|Gunk Shot|p2a: Grimmsnarl\n|-supereffective|p2a: Grimmsnarl\n|-damage|p2a: Grimmsnarl|3\/100\n|-status|p2a: Grimmsnarl|psn\n|\n|-damage|p2a: Grimmsnarl|0 fnt|[from] psn\n|faint|p2a: Grimmsnarl\n|upkeep\n|\n|t:|1697413150\n|switch|p2a: Hydreigon|Hydreigon, M|100\/100\n|turn|2\n|\n|t:|1697413156\n|move|p2a: Hydreigon|Focus Energy|p2a: Hydreigon\n|-start|p2a: Hydreigon|move: Focus Energy\n|move|p1a: Weezing|Strange Steam|p2a: Hydreigon\n|-supereffective|p2a: Hydreigon\n|-damage|p2a: Hydreigon|0 fnt\n|faint|p2a: Hydreigon\n|\n|upkeep\n|\n|t:|1697413168\n|switch|p2a: Garchomp|Garchomp, F|100\/100\n|turn|3\n|\n|t:|1697413174\n|-terastallize|p1a: Weezing|Flying\n|move|p2a: Garchomp|Dragon Claw|p1a: Weezing\n|-damage|p1a: Weezing|65\/100\n|move|p1a: Weezing|Strange Steam|p2a: Garchomp\n|-supereffective|p2a: Garchomp\n|-damage|p2a: Garchomp|11\/100\n|\n|upkeep\n|turn|4\n|\n|t:|1697413184\n|move|p2a: Garchomp|Earthquake|p1a: Weezing\n|-damage|p1a: Weezing|18\/100\n|move|p1a: Weezing|Strange Steam|p2a: Garchomp\n|-supereffective|p2a: Garchomp\n|-damage|p2a: Garchomp|0 fnt\n|faint|p2a: Garchomp\n|\n|upkeep\n|\n|t:|1697413192\n|switch|p2a: Gengar|Gengar, M|100\/100\n|turn|5\n|\n|t:|1697413208\n|move|p2a: Gengar|Dazzling Gleam|p1a: Weezing\n|-damage|p1a: Weezing|0 fnt\n|faint|p1a: Weezing\n|-end|p1a: Weezing|ability: Neutralizing Gas\n|\n|upkeep\n|\n|t:|1697413210\n|switch|p1a: Ursaluna|Ursaluna-Bloodmoon, M|100\/100\n|turn|6\n|\n|t:|1697413215\n|move|p2a: Gengar|Dazzling Gleam|p1a: Ursaluna\n|-damage|p1a: Ursaluna|79\/100\n|move|p1a: Ursaluna|Blood Moon|p2a: Gengar\n|-damage|p2a: Gengar|0 fnt\n|faint|p2a: Gengar\n|\n|win|Jayyp16\n|raw|Jayyp16's rating: 1128 &rarr; <strong>1146<\/strong><br \/>(+18 for winning)\n|raw|Bellatrix2022's rating: 1033 &rarr; <strong>1022<\/strong><br \/>(-11 for losing)\n|l|\u2606Jayyp16\n","uploadtime":1697413224,"views":8,"p1id":"jayyp16","p2id":"bellatrix2022","formatid":"gen9ubers","rating":1022,"private":0,"password":""}