{"id":"gen9ubers-1994936853","p1":"i am a mcrib","p2":"Lucario ruls","format":"[Gen 9] Ubers","log":"|j|\u2606i am a mcrib\n|j|\u2606Lucario ruls\n|t:|1700506225\n|gametype|singles\n|player|p1|i am a mcrib|hanbei-conquest|\n|player|p2|Lucario ruls|hilbert-wonderlauncher|\n|teamsize|p1|6\n|teamsize|p2|6\n|gen|9\n|tier|[Gen 9] Ubers\n|rated|Tournament battle\n|rule|Sleep Clause Mod: Limit one foe put to sleep\n|rule|Species Clause: Limit one of each Pok\u00e9mon\n|rule|OHKO Clause: OHKO moves are banned\n|rule|Evasion Items Clause: Evasion items are banned\n|rule|Evasion Moves Clause: Evasion moves are banned\n|rule|Endless Battle Clause: Forcing endless battles is banned\n|rule|HP Percentage Mod: HP is shown in percentages\n|clearpoke\n|poke|p1|Ribombee, F|\n|poke|p1|Koraidon|\n|poke|p1|Arceus-Ghost|\n|poke|p1|Zacian-*|\n|poke|p1|Baxcalibur, F|\n|poke|p1|Great Tusk|\n|poke|p2|Zacian-*|\n|poke|p2|Regieleki|\n|poke|p2|Dragapult, M|\n|poke|p2|Eternatus|\n|poke|p2|Mewtwo|\n|poke|p2|Zamazenta-*|\n|teampreview\n|inactive|Battle timer is ON: inactive players will automatically lose when time's up. (requested by i am a mcrib)\n|\n|t:|1700506234\n|start\n|switch|p1a: Ribombee|Ribombee, F|100\/100\n|switch|p2a: Regieleki|Regieleki|100\/100\n|turn|1\n|c|\u2606i am a mcrib|hf\n|j| gbzgbzgbz\n|\n|t:|1700506257\n|move|p2a: Regieleki|Acrobatics|p1a: Ribombee\n|-supereffective|p1a: Ribombee\n|-enditem|p1a: Ribombee|Focus Sash\n|-damage|p1a: Ribombee|1\/100\n|move|p1a: Ribombee|Sticky Web|p2a: Regieleki\n|-sidestart|p2: Lucario ruls|move: Sticky Web\n|\n|upkeep\n|turn|2\n|\n|t:|1700506263\n|switch|p1a: Arceus|Arceus-Ghost|100\/100\n|move|p2a: Regieleki|Acrobatics|p1a: Arceus\n|-damage|p1a: Arceus|84\/100\n|\n|upkeep\n|turn|3\n|\n|t:|1700506272\n|move|p2a: Regieleki|Thunder Cage|p1a: Arceus\n|-damage|p1a: Arceus|62\/100\n|-activate|p1a: Arceus|move: Thunder Cage|[of] p2a: Regieleki\n|move|p1a: Arceus|Judgment|p2a: Regieleki\n|-damage|p2a: Regieleki|12\/100\n|\n|-damage|p1a: Arceus|49\/100|[from] move: Thunder Cage|[partiallytrapped]\n|upkeep\n|turn|4\n|\n|t:|1700506280\n|move|p2a: Regieleki|Thunder Cage|p1a: Arceus\n|-damage|p1a: Arceus|27\/100\n|move|p1a: Arceus|Recover|p1a: Arceus\n|-heal|p1a: Arceus|77\/100\n|\n|-damage|p1a: Arceus|65\/100|[from] move: Thunder Cage|[partiallytrapped]\n|upkeep\n|turn|5\n|\n|t:|1700506302\n|-terastallize|p2a: Regieleki|Electric\n|move|p2a: Regieleki|Thunder Cage|p1a: Arceus\n|-damage|p1a: Arceus|32\/100\n|move|p1a: Arceus|Recover|p1a: Arceus\n|-heal|p1a: Arceus|82\/100\n|\n|-damage|p1a: Arceus|70\/100|[from] move: Thunder Cage|[partiallytrapped]\n|upkeep\n|turn|6\n|\n|t:|1700506311\n|move|p2a: Regieleki|Thunder Cage|p1a: Arceus\n|-damage|p1a: Arceus|40\/100\n|move|p1a: Arceus|Judgment|p2a: Regieleki\n|-damage|p2a: Regieleki|0 fnt\n|faint|p2a: Regieleki\n|\n|-end|p1a: Arceus|Thunder Cage|[partiallytrapped]|[silent]\n|upkeep\n|\n|t:|1700506324\n|switch|p2a: Zacian|Zacian-Crowned|100\/100\n|-activate|p2a: Zacian|move: Sticky Web\n|-unboost|p2a: Zacian|spe|1\n|-ability|p2a: Zacian|Intrepid Sword|boost\n|-boost|p2a: Zacian|atk|1\n|turn|7\n|\n|t:|1700506331\n|move|p1a: Arceus|Will-O-Wisp|p2a: Zacian\n|-status|p2a: Zacian|brn\n|move|p2a: Zacian|Crunch|p1a: Arceus\n|-supereffective|p1a: Arceus\n|-damage|p1a: Arceus|19\/100\n|-unboost|p1a: Arceus|def|1\n|\n|-damage|p2a: Zacian|94\/100 brn|[from] brn\n|upkeep\n|turn|8\n|\n|t:|1700506341\n|switch|p1a: Zacian|Zacian-Crowned|100\/100\n|-ability|p1a: Zacian|Intrepid Sword|boost\n|-boost|p1a: Zacian|atk|1\n|move|p2a: Zacian|Behemoth Blade|p1a: Zacian\n|-damage|p1a: Zacian|64\/100\n|\n|-damage|p2a: Zacian|88\/100 brn|[from] brn\n|upkeep\n|turn|9\n|\n|t:|1700506353\n|switch|p2a: Dragapult|Dragapult, M|100\/100\n|-activate|p2a: Dragapult|move: Sticky Web\n|-fail|p2a: Dragapult|unboost|[from] ability: Clear Body|[of] p2a: Dragapult\n|move|p1a: Zacian|Swords Dance|p1a: Zacian\n|-boost|p1a: Zacian|atk|2\n|\n|upkeep\n|turn|10\n|\n|t:|1700506361\n|move|p1a: Zacian|Behemoth Blade|p2a: Dragapult\n|-damage|p2a: Dragapult|0 fnt\n|faint|p2a: Dragapult\n|\n|upkeep\n|\n|t:|1700506372\n|switch|p2a: Mewtwo|Mewtwo|100\/100\n|-activate|p2a: Mewtwo|move: Sticky Web\n|-unboost|p2a: Mewtwo|spe|1\n|-ability|p2a: Mewtwo|Pressure\n|turn|11\n|\n|t:|1700506392\n|move|p1a: Zacian|Behemoth Blade|p2a: Mewtwo\n|-damage|p2a: Mewtwo|0 fnt\n|faint|p2a: Mewtwo\n|\n|upkeep\n|\n|t:|1700506398\n|switch|p2a: Zamazenta|Zamazenta-Crowned|100\/100\n|-activate|p2a: Zamazenta|move: Sticky Web\n|-unboost|p2a: Zamazenta|spe|1\n|-ability|p2a: Zamazenta|Dauntless Shield|boost\n|-boost|p2a: Zamazenta|def|1\n|turn|12\n|\n|t:|1700506404\n|move|p1a: Zacian|Play Rough|p2a: Zamazenta\n|-damage|p2a: Zamazenta|48\/100\n|-unboost|p2a: Zamazenta|atk|1\n|move|p2a: Zamazenta|Behemoth Bash|p1a: Zacian\n|-damage|p1a: Zacian|36\/100\n|\n|upkeep\n|turn|13\n|inactive|Lucario ruls has 120 seconds left.\n|j|+corvere\u2665\n|\n|t:|1700506454\n|move|p1a: Zacian|Play Rough|p2a: Zamazenta\n|-damage|p2a: Zamazenta|0 fnt\n|faint|p2a: Zamazenta\n|\n|upkeep\n|l|+corvere\u2665\n|inactive|Lucario ruls has 90 seconds left.\n|\n|t:|1700506480\n|switch|p2a: Eternatus|Eternatus|100\/100\n|-activate|p2a: Eternatus|move: Sticky Web\n|-unboost|p2a: Eternatus|spe|1\n|-ability|p2a: Eternatus|Pressure\n|turn|14\n|\n|t:|1700506488\n|move|p1a: Zacian|Behemoth Blade|p2a: Eternatus\n|-damage|p2a: Eternatus|0 fnt\n|faint|p2a: Eternatus\n|\n|upkeep\n|\n|t:|1700506493\n|switch|p2a: Zacian|Zacian-Crowned|88\/100 brn\n|-activate|p2a: Zacian|move: Sticky Web\n|-unboost|p2a: Zacian|spe|1\n|turn|15\n|inactive|Lucario ruls has 90 seconds left.\n|\n|t:|1700506510\n|move|p1a: Zacian|Behemoth Blade|p2a: Zacian\n|-damage|p2a: Zacian|0 fnt\n|faint|p2a: Zacian\n|\n|win|i am a mcrib\n|n|\u2606i am a mcrib|iamamcrib\n|n|\u2606Lucario ruls|lucarioruls\n|n| gbzgbzgbz|gbzgbzgbz\n|l|\u2606Lucario ruls\n|c|\u2606i am a mcrib|gg\n","uploadtime":1700506520,"views":3,"p1id":"iamamcrib","p2id":"lucarioruls","formatid":"gen9ubers","rating":0,"private":0,"password":""}