{"id":"gen9ubers-1994299318","p1":"HighSkyGodSlayer8","p2":"Rubyboi711","format":"[Gen 9] Ubers","log":"|j|\u2606HighSkyGodSlayer8\n|j|\u2606Rubyboi711\n|t:|1700428528\n|gametype|singles\n|player|p1|HighSkyGodSlayer8|265|1089\n|player|p2|Rubyboi711|volkner|1191\n|teamsize|p1|6\n|teamsize|p2|6\n|gen|9\n|tier|[Gen 9] Ubers\n|rated|\n|rule|Sleep Clause Mod: Limit one foe put to sleep\n|rule|Species Clause: Limit one of each Pok\u00e9mon\n|rule|OHKO Clause: OHKO moves are banned\n|rule|Evasion Items Clause: Evasion items are banned\n|rule|Evasion Moves Clause: Evasion moves are banned\n|rule|Endless Battle Clause: Forcing endless battles is banned\n|rule|HP Percentage Mod: HP is shown in percentages\n|clearpoke\n|poke|p1|Annihilape, F|\n|poke|p1|Gliscor, F|\n|poke|p1|Ursaluna-Bloodmoon, M|\n|poke|p1|Palafin, M|\n|poke|p1|Volcarona, F|\n|poke|p1|Giratina|\n|poke|p2|Mewtwo|\n|poke|p2|Avalugg-Hisui, F|\n|poke|p2|Gliscor, F|\n|poke|p2|Koraidon|\n|poke|p2|Miraidon|\n|poke|p2|Arceus-Water|\n|teampreview\n|inactive|Battle timer is ON: inactive players will automatically lose when time's up. (requested by Rubyboi711)\n|\n|t:|1700428584\n|start\n|switch|p1a: Palafin|Palafin, M|100\/100\n|switch|p2a: Gliscor|Gliscor, F|100\/100\n|turn|1\n|\n|t:|1700428603\n|-terastallize|p2a: Gliscor|Fairy\n|move|p1a: Palafin|Ice Punch|p2a: Gliscor\n|-damage|p2a: Gliscor|85\/100\n|move|p2a: Gliscor|Swords Dance|p2a: Gliscor\n|-boost|p2a: Gliscor|atk|2\n|\n|-status|p2a: Gliscor|tox|[from] item: Toxic Orb\n|upkeep\n|turn|2\n|\n|t:|1700428616\n|detailschange|p1a: Palafin|Palafin-Hero, M\n|switch|p1a: Gliscor|Gliscor, F|100\/100\n|move|p2a: Gliscor|Knock Off|p1a: Gliscor\n|-damage|p1a: Gliscor|71\/100\n|-enditem|p1a: Gliscor|Toxic Orb|[from] move: Knock Off|[of] p2a: Gliscor\n|\n|-heal|p2a: Gliscor|97\/100 tox|[from] ability: Poison Heal\n|upkeep\n|turn|3\n|\n|t:|1700428635\n|move|p2a: Gliscor|Facade|p1a: Gliscor\n|-damage|p1a: Gliscor|20\/100\n|move|p1a: Gliscor|Stealth Rock|p2a: Gliscor\n|-sidestart|p2: Rubyboi711|move: Stealth Rock\n|\n|-heal|p2a: Gliscor|100\/100 tox|[from] ability: Poison Heal\n|upkeep\n|turn|4\n|\n|t:|1700428643\n|move|p2a: Gliscor|Swords Dance|p2a: Gliscor\n|-boost|p2a: Gliscor|atk|2\n|move|p1a: Gliscor|Knock Off|p2a: Gliscor\n|-resisted|p2a: Gliscor\n|-damage|p2a: Gliscor|90\/100 tox\n|-enditem|p2a: Gliscor|Toxic Orb|[from] move: Knock Off|[of] p1a: Gliscor\n|\n|-heal|p2a: Gliscor|100\/100 tox|[from] ability: Poison Heal\n|upkeep\n|turn|5\n|\n|t:|1700428654\n|move|p2a: Gliscor|Knock Off|p1a: Gliscor\n|-damage|p1a: Gliscor|0 fnt\n|faint|p1a: Gliscor\n|\n|upkeep\n|\n|t:|1700428672\n|switch|p1a: Volcarona|Volcarona, F|100\/100\n|turn|6\n|\n|t:|1700428682\n|move|p1a: Volcarona|Quiver Dance|p1a: Volcarona\n|-boost|p1a: Volcarona|spa|1\n|-boost|p1a: Volcarona|spd|1\n|-boost|p1a: Volcarona|spe|1\n|move|p2a: Gliscor|Earthquake|p1a: Volcarona\n|-enditem|p1a: Volcarona|Focus Sash\n|-damage|p1a: Volcarona|1\/100\n|\n|upkeep\n|turn|7\n|\n|t:|1700428689\n|move|p1a: Volcarona|Fiery Dance|p2a: Gliscor\n|-damage|p2a: Gliscor|3\/100 tox\n|move|p2a: Gliscor|Knock Off|p1a: Volcarona\n|-damage|p1a: Volcarona|0 fnt\n|faint|p1a: Volcarona\n|\n|-heal|p2a: Gliscor|15\/100 tox|[from] ability: Poison Heal\n|upkeep\n|\n|t:|1700428697\n|switch|p1a: Palafin|Palafin-Hero, M|100\/100\n|-activate|p1a: Palafin|ability: Zero to Hero\n|turn|8\n|\n|t:|1700428708\n|move|p1a: Palafin|Ice Punch|p2a: Gliscor\n|-damage|p2a: Gliscor|0 fnt\n|faint|p2a: Gliscor\n|\n|upkeep\n|\n|t:|1700428711\n|switch|p2a: Avalugg|Avalugg-Hisui, F|100\/100\n|-damage|p2a: Avalugg|76\/100|[from] Stealth Rock\n|turn|9\n|\n|t:|1700428717\n|switch|p1a: Annihilape|Annihilape, F|100\/100\n|move|p2a: Avalugg|Stone Edge|p1a: Annihilape\n|-resisted|p1a: Annihilape\n|-damage|p1a: Annihilape|74\/100\n|\n|upkeep\n|turn|10\n|\n|t:|1700428723\n|move|p1a: Annihilape|Bulk Up|p1a: Annihilape\n|-boost|p1a: Annihilape|atk|1\n|-boost|p1a: Annihilape|def|1\n|move|p2a: Avalugg|Mountain Gale|p1a: Annihilape|[miss]\n|-miss|p2a: Avalugg|p1a: Annihilape\n|\n|upkeep\n|turn|11\n|\n|t:|1700428729\n|move|p1a: Annihilape|Drain Punch|p2a: Avalugg\n|-supereffective|p2a: Avalugg\n|-damage|p2a: Avalugg|0 fnt\n|-heal|p1a: Annihilape|100\/100|[from] drain|[of] p2a: Avalugg\n|faint|p2a: Avalugg\n|\n|upkeep\n|\n|t:|1700428732\n|switch|p2a: Mewtwo|Mewtwo|100\/100\n|-damage|p2a: Mewtwo|88\/100|[from] Stealth Rock\n|-ability|p2a: Mewtwo|Pressure\n|turn|12\n|\n|t:|1700428740\n|-terastallize|p1a: Annihilape|Ghost\n|move|p2a: Mewtwo|Psystrike|p1a: Annihilape\n|-damage|p1a: Annihilape|43\/100\n|move|p1a: Annihilape|Rage Fist|p2a: Mewtwo\n|-supereffective|p2a: Mewtwo\n|-damage|p2a: Mewtwo|0 fnt\n|faint|p2a: Mewtwo\n|\n|upkeep\n|\n|t:|1700428748\n|switch|p2a: Miraidon|Miraidon|100\/100\n|-damage|p2a: Miraidon|88\/100|[from] Stealth Rock\n|-fieldstart|move: Electric Terrain|[from] ability: Hadron Engine|[of] p2a: Miraidon\n|turn|13\n|\n|t:|1700428753\n|move|p2a: Miraidon|Electro Drift|p1a: Annihilape\n|-damage|p1a: Annihilape|0 fnt\n|faint|p1a: Annihilape\n|\n|upkeep\n|\n|t:|1700428766\n|switch|p1a: Ursaluna|Ursaluna-Bloodmoon, M|100\/100\n|turn|14\n|\n|t:|1700428771\n|move|p2a: Miraidon|Draco Meteor|p1a: Ursaluna\n|-damage|p1a: Ursaluna|0 fnt\n|-unboost|p2a: Miraidon|spa|2\n|faint|p1a: Ursaluna\n|\n|upkeep\n|\n|t:|1700428780\n|switch|p1a: Giratina|Giratina|100\/100\n|-ability|p1a: Giratina|Pressure\n|turn|15\n|\n|t:|1700428783\n|move|p2a: Miraidon|Draco Meteor|p1a: Giratina\n|-supereffective|p1a: Giratina\n|-damage|p1a: Giratina|60\/100\n|-unboost|p2a: Miraidon|spa|2\n|move|p1a: Giratina|Poltergeist|p2a: Miraidon\n|-activate|p2a: Miraidon|move: Poltergeist|Zap Plate\n|-damage|p2a: Miraidon|54\/100\n|\n|-heal|p1a: Giratina|66\/100|[from] item: Leftovers\n|upkeep\n|turn|16\n|\n|t:|1700428794\n|move|p2a: Miraidon|Draco Meteor|p1a: Giratina\n|-supereffective|p1a: Giratina\n|-damage|p1a: Giratina|41\/100\n|-unboost|p2a: Miraidon|spa|2\n|move|p1a: Giratina|Will-O-Wisp|p2a: Miraidon|[miss]\n|-miss|p1a: Giratina|p2a: Miraidon\n|\n|-heal|p1a: Giratina|47\/100|[from] item: Leftovers\n|upkeep\n|turn|17\n|\n|t:|1700428803\n|move|p2a: Miraidon|Draco Meteor|p1a: Giratina\n|-supereffective|p1a: Giratina\n|-damage|p1a: Giratina|25\/100\n|move|p1a: Giratina|Will-O-Wisp|p2a: Miraidon\n|-status|p2a: Miraidon|brn\n|\n|-heal|p1a: Giratina|32\/100|[from] item: Leftovers\n|-damage|p2a: Miraidon|47\/100 brn|[from] brn\n|-fieldend|move: Electric Terrain\n|upkeep\n|turn|18\n|\n|t:|1700428812\n|move|p2a: Miraidon|Draco Meteor|p1a: Giratina\n|-supereffective|p1a: Giratina\n|-damage|p1a: Giratina|16\/100\n|move|p1a: Giratina|Poltergeist|p2a: Miraidon\n|-activate|p2a: Miraidon|move: Poltergeist|Zap Plate\n|-damage|p2a: Miraidon|12\/100 brn\n|\n|-heal|p1a: Giratina|22\/100|[from] item: Leftovers\n|-damage|p2a: Miraidon|6\/100 brn|[from] brn\n|upkeep\n|turn|19\n|\n|t:|1700428821\n|move|p2a: Miraidon|Dazzling Gleam|p1a: Giratina\n|-supereffective|p1a: Giratina\n|-damage|p1a: Giratina|16\/100\n|move|p1a: Giratina|Poltergeist|p2a: Miraidon\n|-activate|p2a: Miraidon|move: Poltergeist|Zap Plate\n|-damage|p2a: Miraidon|0 fnt\n|faint|p2a: Miraidon\n|\n|-heal|p1a: Giratina|22\/100|[from] item: Leftovers\n|upkeep\n|\n|t:|1700428824\n|switch|p2a: Koraidon|Koraidon|100\/100\n|-damage|p2a: Koraidon|94\/100|[from] Stealth Rock\n|-weather|SunnyDay|[from] ability: Orichalcum Pulse|[of] p2a: Koraidon\n|-activate|p2a: Koraidon|Orichalcum Pulse|[source]\n|turn|20\n|\n|t:|1700428834\n|move|p2a: Koraidon|Swords Dance|p2a: Koraidon\n|-boost|p2a: Koraidon|atk|2\n|move|p1a: Giratina|Poltergeist|p2a: Koraidon\n|-activate|p2a: Koraidon|move: Poltergeist|Lum Berry\n|-damage|p2a: Koraidon|63\/100\n|\n|-weather|SunnyDay|[upkeep]\n|-heal|p1a: Giratina|28\/100|[from] item: Leftovers\n|upkeep\n|turn|21\n|\n|t:|1700428844\n|move|p2a: Koraidon|Scale Shot|p1a: Giratina\n|-supereffective|p1a: Giratina\n|-damage|p1a: Giratina|0 fnt\n|faint|p1a: Giratina\n|-hitcount|p1: Giratina|1\n|-unboost|p2a: Koraidon|def|1\n|-boost|p2a: Koraidon|spe|1\n|\n|-weather|SunnyDay|[upkeep]\n|upkeep\n|\n|t:|1700428851\n|switch|p1a: Palafin|Palafin-Hero, M|100\/100\n|turn|22\n|\n|t:|1700428854\n|move|p2a: Koraidon|Scale Shot|p1a: Palafin\n|-damage|p1a: Palafin|64\/100\n|-damage|p1a: Palafin|24\/100\n|-damage|p1a: Palafin|0 fnt\n|faint|p1a: Palafin\n|-hitcount|p1: Palafin|3\n|\n|win|Rubyboi711\n|raw|HighSkyGodSlayer8's rating: 1111 &rarr; <strong>1092<\/strong><br \/>(-19 for losing)\n|raw|Rubyboi711's rating: 1191 &rarr; <strong>1210<\/strong><br \/>(+19 for winning)\n|l|\u2606HighSkyGodSlayer8\n|c|\u2606Rubyboi711|Gg\n","uploadtime":1700428866,"views":5,"p1id":"highskygodslayer8","p2id":"rubyboi711","formatid":"gen9ubers","rating":1092,"private":0,"password":""}