{"id":"gen9ubers-1981031632","p1":"1P1o1s1h1e1","p2":"Leo Justice","format":"[Gen 9] Ubers","log":"|j|\u26061P1o1s1h1e1\n|j|\u2606Leo Justice\n|t:|1698858194\n|gametype|singles\n|player|p1|1P1o1s1h1e1|169|\n|player|p2|Leo Justice|carmine|\n|teamsize|p1|6\n|teamsize|p2|6\n|gen|9\n|tier|[Gen 9] Ubers\n|rule|Sleep Clause Mod: Limit one foe put to sleep\n|rule|Species Clause: Limit one of each Pok\u00e9mon\n|rule|OHKO Clause: OHKO moves are banned\n|rule|Evasion Items Clause: Evasion items are banned\n|rule|Evasion Moves Clause: Evasion moves are banned\n|rule|Endless Battle Clause: Forcing endless battles is banned\n|rule|HP Percentage Mod: HP is shown in percentages\n|clearpoke\n|poke|p1|Dialga-Origin|\n|poke|p1|Rillaboom, F|\n|poke|p1|Arceus-Fire|\n|poke|p1|Espathra, M|\n|poke|p1|Donphan, L6, M|\n|poke|p1|Sneasler, M|\n|poke|p2|Blissey, F|\n|poke|p2|Moltres|\n|poke|p2|Arceus-Poison|\n|poke|p2|Garganacl, F|\n|poke|p2|Magearna|\n|poke|p2|Cyclizar, M|\n|teampreview\n|inactive|Battle timer is ON: inactive players will automatically lose when time's up. (requested by Leo Justice)\n|c|\u2606Leo Justice|gl\n|c|\u26061P1o1s1h1e1|Glhf\n|\n|t:|1698858275\n|start\n|switch|p1a: Rillaboom|Rillaboom, F|100\/100\n|switch|p2a: Cyclizar|Cyclizar, M|100\/100\n|-fieldstart|move: Grassy Terrain|[from] ability: Grassy Surge|[of] p1a: Rillaboom\n|turn|1\n|inactive|1P1o1s1h1e1 has 270 seconds left.\n|\n|t:|1698858325\n|switch|p1a: Rock 5ever|Donphan, L6, M|100\/100\n|move|p2a: Cyclizar|Knock Off|p1a: Rock 5ever\n|-crit|p1a: Rock 5ever\n|-ability|p1a: Rock 5ever|Sturdy\n|-damage|p1a: Rock 5ever|4\/100\n|-enditem|p1a: Rock 5ever|Custap Berry|[from] move: Knock Off|[of] p2a: Cyclizar\n|\n|-heal|p1a: Rock 5ever|8\/100|[from] Grassy Terrain\n|upkeep\n|turn|2\n|\n|t:|1698858336\n|move|p2a: Cyclizar|Rapid Spin|p1a: Rock 5ever\n|-damage|p1a: Rock 5ever|0 fnt\n|-boost|p2a: Cyclizar|spe|1\n|faint|p1a: Rock 5ever\n|\n|upkeep\n|\n|t:|1698858340\n|switch|p1a: Sneasler|Sneasler, M, shiny|100\/100\n|-enditem|p1a: Sneasler|Grassy Seed\n|-boost|p1a: Sneasler|def|1|[from] item: Grassy Seed\n|turn|3\n|\n|t:|1698858359\n|move|p1a: Sneasler|Swords Dance|p1a: Sneasler\n|-boost|p1a: Sneasler|atk|2\n|move|p2a: Cyclizar|Shed Tail|p2a: Cyclizar\n|-start|p2a: Cyclizar|Substitute|[from] move: Shed Tail\n|-damage|p2a: Cyclizar|50\/100\n|\n|t:|1698858373\n|switch|p2a: Moltres|Moltres|100\/100|[from] Shed Tail\n|\n|upkeep\n|turn|4\n|\n|t:|1698858383\n|move|p1a: Sneasler|Dire Claw|p2a: Moltres\n|-end|p2a: Moltres|Substitute\n|move|p2a: Moltres|Will-O-Wisp|p1a: Sneasler\n|-status|p1a: Sneasler|brn\n|\n|-damage|p1a: Sneasler|95\/100 brn|[from] brn\n|upkeep\n|turn|5\n|\n|t:|1698858397\n|move|p1a: Sneasler|Dire Claw|p2a: Moltres\n|-damage|p2a: Moltres|71\/100\n|move|p2a: Moltres|Hurricane|p1a: Sneasler\n|-supereffective|p1a: Sneasler\n|-damage|p1a: Sneasler|0 fnt\n|faint|p1a: Sneasler\n|\n|-fieldend|move: Grassy Terrain\n|upkeep\n|\n|t:|1698858409\n|switch|p1a: Arceus|Arceus-Fire|100\/100\n|turn|6\n|\n|t:|1698858414\n|move|p1a: Arceus|Dragon Dance|p1a: Arceus\n|-boost|p1a: Arceus|atk|1\n|-boost|p1a: Arceus|spe|1\n|move|p2a: Moltres|Roar|p1a: Arceus\n|drag|p1a: Dialga|Dialga-Origin|100\/100\n|-ability|p1a: Dialga|Pressure\n|\n|upkeep\n|turn|7\n|inactive|1P1o1s1h1e1 has 270 seconds left.\n|\n|t:|1698858425\n|switch|p2a: Blissey|Blissey, F|100\/100\n|move|p1a: Dialga|Thunder Wave|p2a: Blissey\n|-status|p2a: Blissey|par\n|\n|upkeep\n|turn|8\n|\n|t:|1698858433\n|switch|p1a: Arceus|Arceus-Fire|100\/100\n|move|p2a: Blissey|Stealth Rock|p1a: Arceus\n|-sidestart|p1: 1P1o1s1h1e1|move: Stealth Rock\n|\n|upkeep\n|turn|9\n|\n|t:|1698858437\n|-curestatus|p2a: Blissey|par|[from] ability: Natural Cure\n|switch|p2a: Garganacl|Garganacl, F|100\/100\n|move|p1a: Arceus|Dragon Dance|p1a: Arceus\n|-boost|p1a: Arceus|atk|1\n|-boost|p1a: Arceus|spe|1\n|\n|upkeep\n|turn|10\n|inactive|1P1o1s1h1e1 has 270 seconds left.\n|\n|t:|1698858463\n|-terastallize|p1a: Arceus|Water\n|move|p1a: Arceus|Liquidation|p2a: Garganacl\n|-supereffective|p2a: Garganacl\n|-damage|p2a: Garganacl|35\/100\n|move|p2a: Garganacl|Iron Defense|p2a: Garganacl\n|-boost|p2a: Garganacl|def|2\n|\n|-heal|p2a: Garganacl|41\/100|[from] item: Leftovers\n|upkeep\n|turn|11\n|inactive|1P1o1s1h1e1 has 270 seconds left.\n|\n|t:|1698858479\n|-terastallize|p2a: Garganacl|Water\n|move|p1a: Arceus|Dragon Dance|p1a: Arceus\n|-boost|p1a: Arceus|atk|1\n|-boost|p1a: Arceus|spe|1\n|move|p2a: Garganacl|Recover|p2a: Garganacl\n|-heal|p2a: Garganacl|91\/100\n|\n|-heal|p2a: Garganacl|98\/100|[from] item: Leftovers\n|upkeep\n|turn|12\n|inactive|1P1o1s1h1e1 has 270 seconds left.\n|\n|t:|1698858490\n|switch|p1a: Rillaboom|Rillaboom, F|100\/100\n|-damage|p1a: Rillaboom|88\/100|[from] Stealth Rock\n|-fieldstart|move: Grassy Terrain|[from] ability: Grassy Surge|[of] p1a: Rillaboom\n|move|p2a: Garganacl|Salt Cure|p1a: Rillaboom\n|-damage|p1a: Rillaboom|73\/100\n|-start|p1a: Rillaboom|Salt Cure\n|\n|-heal|p1a: Rillaboom|79\/100|[from] Grassy Terrain\n|-heal|p2a: Garganacl|100\/100|[from] Grassy Terrain\n|-damage|p1a: Rillaboom|67\/100|[from] Salt Cure\n|upkeep\n|turn|13\n|inactive|1P1o1s1h1e1 has 270 seconds left.\n|\n|t:|1698858505\n|switch|p2a: Moltres|Moltres|71\/100\n|move|p1a: Rillaboom|U-turn|p2a: Moltres\n|-resisted|p2a: Moltres\n|-damage|p2a: Moltres|65\/100\n|-status|p1a: Rillaboom|brn|[from] ability: Flame Body|[of] p2a: Moltres\n|\n|t:|1698858509\n|switch|p1a: Espathra|Espathra, M|100\/100|[from] U-turn\n|-damage|p1a: Espathra|88\/100|[from] Stealth Rock\n|-enditem|p1a: Espathra|Grassy Seed\n|-boost|p1a: Espathra|def|1|[from] item: Grassy Seed\n|\n|-heal|p1a: Espathra|94\/100|[from] Grassy Terrain\n|upkeep\n|turn|14\n|\n|t:|1698858520\n|move|p1a: Espathra|Calm Mind|p1a: Espathra\n|-boost|p1a: Espathra|spa|1\n|-boost|p1a: Espathra|spd|1\n|move|p2a: Moltres|Roar|p1a: Espathra\n|drag|p1a: Rillaboom|Rillaboom, F|67\/100 brn\n|-damage|p1a: Rillaboom|54\/100 brn|[from] Stealth Rock\n|\n|-heal|p1a: Rillaboom|61\/100 brn|[from] Grassy Terrain\n|-damage|p1a: Rillaboom|54\/100 brn|[from] brn\n|upkeep\n|turn|15\n|\n|t:|1698858529\n|move|p1a: Rillaboom|U-turn|p2a: Moltres\n|-resisted|p2a: Moltres\n|-damage|p2a: Moltres|62\/100\n|\n|t:|1698858531\n|switch|p1a: Arceus|Arceus-Fire, tera:Water|100\/100|[from] U-turn\n|-damage|p1a: Arceus|88\/100|[from] Stealth Rock\n|move|p2a: Moltres|Roost|p2a: Moltres\n|-heal|p2a: Moltres|100\/100\n|-singleturn|p2a: Moltres|move: Roost\n|\n|-heal|p1a: Arceus|94\/100|[from] Grassy Terrain\n|upkeep\n|turn|16\n|\n|t:|1698858536\n|move|p1a: Arceus|Taunt|p2a: Moltres\n|-start|p2a: Moltres|move: Taunt\n|cant|p2a: Moltres|move: Taunt|Will-O-Wisp\n|\n|-heal|p1a: Arceus|99\/100|[from] Grassy Terrain\n|-fieldend|move: Grassy Terrain\n|upkeep\n|turn|17\n|\n|t:|1698858543\n|switch|p1a: Espathra|Espathra, M|94\/100\n|-damage|p1a: Espathra|82\/100|[from] Stealth Rock\n|switch|p2a: Garganacl|Garganacl, F, tera:Water|100\/100\n|\n|upkeep\n|turn|18\n|\n|t:|1698858547\n|move|p1a: Espathra|Calm Mind|p1a: Espathra\n|-boost|p1a: Espathra|spa|1\n|-boost|p1a: Espathra|spd|1\n|move|p2a: Garganacl|Salt Cure|p1a: Espathra\n|-damage|p1a: Espathra|70\/100\n|-start|p1a: Espathra|Salt Cure\n|\n|-damage|p1a: Espathra|57\/100|[from] Salt Cure\n|-ability|p1a: Espathra|Speed Boost|boost\n|-boost|p1a: Espathra|spe|1\n|upkeep\n|turn|19\n|\n|t:|1698858554\n|switch|p2a: Magearna|Magearna|100\/100\n|move|p1a: Espathra|Calm Mind|p1a: Espathra\n|-boost|p1a: Espathra|spa|1\n|-boost|p1a: Espathra|spd|1\n|\n|-damage|p1a: Espathra|45\/100|[from] Salt Cure\n|-ability|p1a: Espathra|Speed Boost|boost\n|-boost|p1a: Espathra|spe|1\n|upkeep\n|turn|20\n|\n|t:|1698858561\n|move|p1a: Espathra|Calm Mind|p1a: Espathra\n|-boost|p1a: Espathra|spa|1\n|-boost|p1a: Espathra|spd|1\n|move|p2a: Magearna|Encore|p1a: Espathra\n|-start|p1a: Espathra|Encore\n|\n|-damage|p1a: Espathra|32\/100|[from] Salt Cure\n|-ability|p1a: Espathra|Speed Boost|boost\n|-boost|p1a: Espathra|spe|1\n|upkeep\n|turn|21\n|\n|t:|1698858569\n|switch|p1a: Arceus|Arceus-Fire, tera:Water|99\/100\n|-damage|p1a: Arceus|88\/100|[from] Stealth Rock\n|move|p2a: Magearna|Ice Beam|p1a: Arceus\n|-resisted|p1a: Arceus\n|-damage|p1a: Arceus|78\/100\n|\n|upkeep\n|turn|22\n|\n|t:|1698858577\n|switch|p2a: Moltres|Moltres|100\/100\n|move|p1a: Arceus|Taunt|p2a: Moltres\n|-start|p2a: Moltres|move: Taunt\n|\n|upkeep\n|turn|23\n|\n|t:|1698858583\n|switch|p2a: Garganacl|Garganacl, F, tera:Water|100\/100\n|move|p1a: Arceus|Liquidation|p2a: Garganacl\n|-resisted|p2a: Garganacl\n|-damage|p2a: Garganacl|89\/100\n|\n|-heal|p2a: Garganacl|95\/100|[from] item: Leftovers\n|upkeep\n|turn|24\n|\n|t:|1698858588\n|switch|p1a: Dialga|Dialga-Origin|100\/100\n|-damage|p1a: Dialga|94\/100|[from] Stealth Rock\n|-ability|p1a: Dialga|Pressure\n|move|p2a: Garganacl|Salt Cure|p1a: Dialga\n|-resisted|p1a: Dialga\n|-damage|p1a: Dialga|89\/100\n|-start|p1a: Dialga|Salt Cure\n|\n|-heal|p2a: Garganacl|100\/100|[from] item: Leftovers\n|-damage|p1a: Dialga|64\/100|[from] Salt Cure\n|upkeep\n|turn|25\n|\n|t:|1698858600\n|switch|p2a: Blissey|Blissey, F|100\/100\n|move|p1a: Dialga|Draco Meteor|p2a: Blissey\n|-damage|p2a: Blissey|67\/100\n|-unboost|p1a: Dialga|spa|2\n|\n|-damage|p1a: Dialga|39\/100|[from] Salt Cure\n|upkeep\n|turn|26\n|\n|t:|1698858607\n|switch|p1a: Rillaboom|Rillaboom, F|54\/100 brn\n|-damage|p1a: Rillaboom|42\/100 brn|[from] Stealth Rock\n|-fieldstart|move: Grassy Terrain|[from] ability: Grassy Surge|[of] p1a: Rillaboom\n|move|p2a: Blissey|Thunder Wave||[still]\n|-fail|p2a: Blissey\n|\n|-heal|p1a: Rillaboom|48\/100 brn|[from] Grassy Terrain\n|-heal|p2a: Blissey|74\/100|[from] Grassy Terrain\n|-damage|p1a: Rillaboom|42\/100 brn|[from] brn\n|upkeep\n|turn|27\n|\n|t:|1698858614\n|switch|p2a: Moltres|Moltres|100\/100\n|move|p1a: Rillaboom|U-turn|p2a: Moltres\n|-resisted|p2a: Moltres\n|-damage|p2a: Moltres|98\/100\n|\n|t:|1698858617\n|switch|p1a: Arceus|Arceus-Fire, tera:Water|78\/100|[from] U-turn\n|-damage|p1a: Arceus|65\/100|[from] Stealth Rock\n|\n|-heal|p1a: Arceus|71\/100|[from] Grassy Terrain\n|upkeep\n|turn|28\n|\n|t:|1698858637\n|move|p1a: Arceus|Taunt|p2a: Moltres\n|-start|p2a: Moltres|move: Taunt\n|cant|p2a: Moltres|move: Taunt|Will-O-Wisp\n|\n|-heal|p1a: Arceus|77\/100|[from] Grassy Terrain\n|upkeep\n|turn|29\n|\n|t:|1698858642\n|switch|p2a: Garganacl|Garganacl, F, tera:Water|100\/100\n|move|p1a: Arceus|Dragon Dance|p1a: Arceus\n|-boost|p1a: Arceus|atk|1\n|-boost|p1a: Arceus|spe|1\n|\n|-heal|p1a: Arceus|83\/100|[from] Grassy Terrain\n|upkeep\n|turn|30\n|\n|t:|1698858650\n|move|p1a: Arceus|Taunt|p2a: Garganacl\n|-start|p2a: Garganacl|move: Taunt\n|move|p2a: Garganacl|Salt Cure|p1a: Arceus\n|-damage|p1a: Arceus|72\/100\n|-start|p1a: Arceus|Salt Cure\n|\n|-heal|p1a: Arceus|79\/100|[from] Grassy Terrain\n|-damage|p1a: Arceus|54\/100|[from] Salt Cure\n|-fieldend|move: Grassy Terrain\n|upkeep\n|turn|31\n|-message|1P1o1s1h1e1 forfeited.\n|\n|win|Leo Justice\n","uploadtime":1698858665,"views":20,"p1id":"1p1o1s1h1e1","p2id":"leojustice","formatid":"gen9ubers","rating":0,"private":0,"password":""}