{"id":"gen9ubers-1996510558","p1":"arghgent","p2":"Raiozin","format":"[Gen 9] Ubers","log":"|j|\u2606arghgent\n|j|\u2606Raiozin\n|t:|1700689111\n|gametype|singles\n|player|p1|arghgent|101|1000\n|player|p2|Raiozin|gambler|1048\n|teamsize|p1|6\n|teamsize|p2|6\n|gen|9\n|tier|[Gen 9] Ubers\n|rated|\n|rule|Sleep Clause Mod: Limit one foe put to sleep\n|rule|Species Clause: Limit one of each Pok\u00e9mon\n|rule|OHKO Clause: OHKO moves are banned\n|rule|Evasion Items Clause: Evasion items are banned\n|rule|Evasion Moves Clause: Evasion moves are banned\n|rule|Endless Battle Clause: Forcing endless battles is banned\n|rule|HP Percentage Mod: HP is shown in percentages\n|clearpoke\n|poke|p1|Glimmora, M|\n|poke|p1|Rotom-Heat|\n|poke|p1|Weezing-Galar, F|\n|poke|p1|Corviknight, F|\n|poke|p1|Volcarona, F|\n|poke|p1|Qwilfish-Hisui, F|\n|poke|p2|Kommo-o, M|\n|poke|p2|Chien-Pao|\n|poke|p2|Basculegion, M|\n|poke|p2|Espathra, F|\n|poke|p2|Lucario, M|\n|poke|p2|Kyogre|\n|teampreview\n|\n|t:|1700689123\n|start\n|switch|p1a: Glimmora|Glimmora, M|100\/100\n|switch|p2a: Kommo-o|Kommo-o, M|100\/100\n|turn|1\n|\n|t:|1700689135\n|-terastallize|p2a: Kommo-o|Steel\n|move|p1a: Glimmora|Stealth Rock|p2a: Kommo-o\n|-sidestart|p2: Raiozin|move: Stealth Rock\n|move|p2a: Kommo-o|Drain Punch|p1a: Glimmora\n|-damage|p1a: Glimmora|66\/100\n|-activate|p1a: Glimmora|ability: Toxic Debris\n|-sidestart|p2: Raiozin|move: Toxic Spikes\n|\n|upkeep\n|turn|2\n|\n|t:|1700689146\n|move|p1a: Glimmora|Spikes|p2a: Kommo-o\n|-sidestart|p2: Raiozin|Spikes\n|move|p2a: Kommo-o|Substitute|p2a: Kommo-o\n|-start|p2a: Kommo-o|Substitute\n|-damage|p2a: Kommo-o|75\/100\n|\n|upkeep\n|turn|3\n|\n|t:|1700689154\n|move|p1a: Glimmora|Spiky Shield|p1a: Glimmora\n|-singleturn|p1a: Glimmora|move: Protect\n|move|p2a: Kommo-o|Belly Drum|p2a: Kommo-o\n|-damage|p2a: Kommo-o|25\/100\n|-setboost|p2a: Kommo-o|atk|6|[from] move: Belly Drum\n|-enditem|p2a: Kommo-o|Salac Berry|[eat]\n|-boost|p2a: Kommo-o|spe|1|[from] item: Salac Berry\n|\n|upkeep\n|turn|4\n|\n|t:|1700689168\n|move|p2a: Kommo-o|Drain Punch|p1a: Glimmora\n|-damage|p1a: Glimmora|0 fnt\n|-heal|p2a: Kommo-o|60\/100|[from] drain|[of] p1a: Glimmora\n|-activate|p1a: Glimmora|ability: Toxic Debris\n|-sidestart|p2: Raiozin|move: Toxic Spikes\n|faint|p1a: Glimmora\n|\n|upkeep\n|\n|t:|1700689181\n|switch|p1a: Rotom|Rotom-Heat|100\/100\n|turn|5\n|\n|t:|1700689186\n|move|p2a: Kommo-o|Drain Punch|p1a: Rotom\n|-damage|p1a: Rotom|0 fnt\n|-heal|p2a: Kommo-o|100\/100|[from] drain|[of] p1a: Rotom\n|faint|p1a: Rotom\n|\n|upkeep\n|\n|t:|1700689196\n|switch|p1a: Weezing|Weezing-Galar, F|100\/100\n|turn|6\n|\n|t:|1700689202\n|move|p2a: Kommo-o|Thunder Punch|p1a: Weezing\n|-damage|p1a: Weezing|37\/100\n|-damage|p2a: Kommo-o|84\/100|[from] item: Rocky Helmet|[of] p1a: Weezing\n|move|p1a: Weezing|Destiny Bond|p1a: Weezing\n|-singlemove|p1a: Weezing|Destiny Bond\n|\n|upkeep\n|turn|7\n|\n|t:|1700689244\n|move|p2a: Kommo-o|Drain Punch|p1a: Weezing\n|-resisted|p1a: Weezing\n|-damage|p1a: Weezing|11\/100\n|-heal|p2a: Kommo-o|98\/100|[from] drain|[of] p1a: Weezing\n|-damage|p2a: Kommo-o|81\/100|[from] item: Rocky Helmet|[of] p1a: Weezing\n|move|p1a: Weezing|Sludge Bomb|p2a: Kommo-o\n|-immune|p2a: Kommo-o\n|\n|upkeep\n|turn|8\n|\n|t:|1700689263\n|move|p2a: Kommo-o|Drain Punch|p1a: Weezing\n|-resisted|p1a: Weezing\n|-damage|p1a: Weezing|0 fnt\n|-heal|p2a: Kommo-o|87\/100|[from] drain|[of] p1a: Weezing\n|-damage|p2a: Kommo-o|71\/100|[from] item: Rocky Helmet|[of] p1a: Weezing\n|faint|p1a: Weezing\n|\n|upkeep\n|\n|t:|1700689272\n|switch|p1a: Volcarona|Volcarona, F|100\/100\n|turn|9\n|\n|t:|1700689283\n|move|p2a: Kommo-o|Drain Punch|p1a: Volcarona\n|-resisted|p1a: Volcarona\n|-damage|p1a: Volcarona|0 fnt\n|-heal|p2a: Kommo-o|100\/100|[from] drain|[of] p1a: Volcarona\n|faint|p1a: Volcarona\n|\n|upkeep\n|\n|t:|1700689303\n|switch|p1a: Qwilfish|Qwilfish-Hisui, F|100\/100\n|-ability|p1a: Qwilfish|Intimidate|boost\n|-immune|p2a: Kommo-o\n|turn|10\n|\n|t:|1700689313\n|move|p1a: Qwilfish|Aqua Jet|p2a: Kommo-o\n|-activate|p2a: Kommo-o|move: Substitute|[damage]\n|move|p2a: Kommo-o|Drain Punch|p1a: Qwilfish\n|-damage|p1a: Qwilfish|0 fnt\n|faint|p1a: Qwilfish\n|\n|upkeep\n|\n|t:|1700689322\n|switch|p1a: Corviknight|Corviknight, F|100\/100\n|-ability|p1a: Corviknight|Pressure\n|turn|11\n|\n|t:|1700689333\n|move|p2a: Kommo-o|Thunder Punch|p1a: Corviknight\n|-supereffective|p1a: Corviknight\n|-damage|p1a: Corviknight|0 fnt\n|faint|p1a: Corviknight\n|\n|win|Raiozin\n|raw|arghgent's rating: 1000 &rarr; <strong>1000<\/strong><br \/>(+0 for losing)\n|raw|Raiozin's rating: 1048 &rarr; <strong>1076<\/strong><br \/>(+28 for winning)\n","uploadtime":1700689340,"views":12,"p1id":"arghgent","p2id":"raiozin","formatid":"gen9ubers","rating":1000,"private":0,"password":""}