{"id":"gen9ubers-1977037834","p1":"CLECrustles","p2":"Chazl Dazl","format":"[Gen 9] Ubers","log":"|j|\u2606CLECrustles\n|j|\u2606Chazl Dazl\n|t:|1698364515\n|gametype|singles\n|player|p1|CLECrustles|101|\n|player|p2|Chazl Dazl|byron|\n|teamsize|p1|6\n|teamsize|p2|6\n|gen|9\n|tier|[Gen 9] Ubers\n|rule|Sleep Clause Mod: Limit one foe put to sleep\n|rule|Species Clause: Limit one of each Pok\u00e9mon\n|rule|OHKO Clause: OHKO moves are banned\n|rule|Evasion Items Clause: Evasion items are banned\n|rule|Evasion Moves Clause: Evasion moves are banned\n|rule|Endless Battle Clause: Forcing endless battles is banned\n|rule|HP Percentage Mod: HP is shown in percentages\n|clearpoke\n|poke|p1|Fezandipiti, M|\n|poke|p1|Rotom-Wash|\n|poke|p1|Brambleghast, M|\n|poke|p1|Mamoswine, F|\n|poke|p1|Volcarona, F|\n|poke|p1|Kommo-o, M|\n|poke|p2|Goodra-Hisui, M|\n|poke|p2|Arcanine-Hisui, F|\n|poke|p2|Ursaluna, M|\n|poke|p2|Quagsire, M|\n|poke|p2|Slowbro-Galar, M|\n|poke|p2|Abomasnow, M|\n|teampreview\n|c|\u2606CLECrustles|SNOW?!?!\n|c|\u2606CLECrustles|IT\"S OCTOBER!\n|c|\u2606Chazl Dazl|Hi gl hf\n|c|\u2606Chazl Dazl|it might snow in minnesota this weekend\n|\n|t:|1698364559\n|start\n|switch|p1a: Fezandipiti|Fezandipiti, M|100\/100\n|switch|p2a: Beef|Slowbro-Galar, M|100\/100\n|turn|1\n|\n|t:|1698364588\n|move|p1a: Fezandipiti|Shadow Ball|p2a: Beef\n|-supereffective|p2a: Beef\n|-damage|p2a: Beef|55\/100\n|move|p2a: Beef|Trick Room|p2a: Beef\n|-fieldstart|move: Trick Room|[of] p2a: Beef\n|\n|-heal|p2a: Beef|61\/100|[from] item: Leftovers\n|upkeep\n|turn|2\n|\n|t:|1698364610\n|switch|p1a: Rotom|Rotom-Wash|100\/100\n|move|p2a: Beef|Zen Headbutt|p1a: Rotom\n|-damage|p1a: Rotom|61\/100\n|\n|-heal|p2a: Beef|67\/100|[from] item: Leftovers\n|upkeep\n|turn|3\n|\n|t:|1698364617\n|move|p2a: Beef|Toxic|p1a: Rotom\n|-status|p1a: Rotom|tox\n|move|p1a: Rotom|Volt Switch|p2a: Beef\n|-damage|p2a: Beef|28\/100\n|\n|t:|1698364640\n|switch|p1a: Fezandipiti|Fezandipiti, M|100\/100|[from] Volt Switch\n|\n|-heal|p2a: Beef|34\/100|[from] item: Leftovers\n|upkeep\n|turn|4\n|\n|t:|1698364655\n|move|p2a: Beef|Zen Headbutt|p1a: Fezandipiti\n|-supereffective|p1a: Fezandipiti\n|-damage|p1a: Fezandipiti|33\/100\n|move|p1a: Fezandipiti|U-turn|p2a: Beef\n|-crit|p2a: Beef\n|-damage|p2a: Beef|20\/100\n|\n|t:|1698364661\n|switch|p1a: Rotom|Rotom-Wash|61\/100 tox|[from] U-turn\n|\n|-heal|p2a: Beef|26\/100|[from] item: Leftovers\n|-damage|p1a: Rotom|55\/100 tox|[from] psn\n|upkeep\n|turn|5\n|\n|t:|1698364667\n|switch|p2a: Mr President|Abomasnow, M|100\/100\n|-weather|Snow|[from] ability: Snow Warning|[of] p2a: Mr President\n|move|p1a: Rotom|Hydro Pump|p2a: Mr President\n|-resisted|p2a: Mr President\n|-damage|p2a: Mr President|84\/100\n|\n|-weather|Snow|[upkeep]\n|-damage|p1a: Rotom|43\/100 tox|[from] psn\n|-fieldend|move: Trick Room\n|upkeep\n|turn|6\n|\n|t:|1698364683\n|switch|p1a: Volcarona|Volcarona, F|100\/100\n|move|p2a: Mr President|Aurora Veil|p2a: Mr President\n|-sidestart|p2: Chazl Dazl|move: Aurora Veil\n|\n|-weather|Snow|[upkeep]\n|upkeep\n|turn|7\n|\n|t:|1698364701\n|switch|p2a: Rock dog|Arcanine-Hisui, F|100\/100\n|move|p1a: Volcarona|Fiery Dance|p2a: Rock dog\n|-resisted|p2a: Rock dog\n|-damage|p2a: Rock dog|95\/100\n|-boost|p1a: Volcarona|spa|1\n|\n|-weather|Snow|[upkeep]\n|upkeep\n|turn|8\n|\n|t:|1698364717\n|switch|p1a: Kommo-o|Kommo-o, M|100\/100\n|move|p2a: Rock dog|Head Smash|p1a: Kommo-o\n|-resisted|p1a: Kommo-o\n|-damage|p1a: Kommo-o|56\/100\n|-damage|p2a: Rock dog|85\/100|[from] item: Life Orb\n|\n|-weather|Snow|[upkeep]\n|-heal|p1a: Kommo-o|62\/100|[from] item: Leftovers\n|upkeep\n|turn|9\n|\n|t:|1698364733\n|switch|p2a: Whatever this is|Goodra-Hisui, M|100\/100\n|move|p1a: Kommo-o|Dragon Dance|p1a: Kommo-o\n|-boost|p1a: Kommo-o|atk|1\n|-boost|p1a: Kommo-o|spe|1\n|\n|-weather|none\n|-heal|p1a: Kommo-o|69\/100|[from] item: Leftovers\n|upkeep\n|turn|10\n|\n|t:|1698364739\n|move|p1a: Kommo-o|Substitute|p1a: Kommo-o\n|-start|p1a: Kommo-o|Substitute\n|-damage|p1a: Kommo-o|44\/100\n|move|p2a: Whatever this is|Draco Meteor|p1a: Kommo-o|[miss]\n|-miss|p2a: Whatever this is|p1a: Kommo-o\n|\n|-heal|p1a: Kommo-o|50\/100|[from] item: Leftovers\n|upkeep\n|turn|11\n|c|\u2606CLECrustles|im sorry\n|\n|t:|1698364748\n|switch|p2a: Capybara|Quagsire, M|100\/100\n|move|p1a: Kommo-o|Drain Punch|p2a: Capybara\n|-damage|p2a: Capybara|88\/100\n|-heal|p1a: Kommo-o|58\/100|[from] drain|[of] p2a: Capybara\n|\n|-heal|p1a: Kommo-o|64\/100|[from] item: Leftovers\n|-heal|p2a: Capybara|94\/100|[from] item: Leftovers\n|upkeep\n|turn|12\n|\n|t:|1698364759\n|move|p1a: Kommo-o|Earthquake|p2a: Capybara\n|-damage|p2a: Capybara|82\/100\n|move|p2a: Capybara|Ice Beam|p1a: Kommo-o\n|-supereffective|p1a: Kommo-o\n|-end|p1a: Kommo-o|Substitute\n|\n|-heal|p1a: Kommo-o|71\/100|[from] item: Leftovers\n|-heal|p2a: Capybara|88\/100|[from] item: Leftovers\n|upkeep\n|turn|13\n|\n|t:|1698364765\n|switch|p1a: Volcarona|Volcarona, F|100\/100\n|move|p2a: Capybara|Ice Beam|p1a: Volcarona\n|-resisted|p1a: Volcarona\n|-damage|p1a: Volcarona|93\/100\n|\n|-heal|p2a: Capybara|94\/100|[from] item: Leftovers\n|-sideend|p2: Chazl Dazl|move: Aurora Veil\n|upkeep\n|turn|14\n|\n|t:|1698364788\n|switch|p2a: Rock dog|Arcanine-Hisui, F|85\/100\n|move|p1a: Volcarona|Giga Drain|p2a: Rock dog\n|-damage|p2a: Rock dog|56\/100\n|-heal|p1a: Volcarona|100\/100|[from] drain|[of] p2a: Rock dog\n|\n|upkeep\n|turn|15\n|\n|t:|1698364799\n|switch|p1a: Fezandipiti|Fezandipiti, M|33\/100\n|move|p2a: Rock dog|Head Smash|p1a: Fezandipiti\n|-damage|p1a: Fezandipiti|0 fnt\n|faint|p1a: Fezandipiti\n|-damage|p2a: Rock dog|46\/100|[from] item: Life Orb\n|\n|upkeep\n|\n|t:|1698364803\n|switch|p1a: Kommo-o|Kommo-o, M|71\/100\n|turn|16\n|\n|t:|1698364816\n|switch|p2a: Mr President|Abomasnow, M|84\/100\n|-weather|Snow|[from] ability: Snow Warning|[of] p2a: Mr President\n|move|p1a: Kommo-o|Drain Punch|p2a: Mr President\n|-supereffective|p2a: Mr President\n|-damage|p2a: Mr President|22\/100\n|-heal|p1a: Kommo-o|100\/100|[from] drain|[of] p2a: Mr President\n|\n|-weather|Snow|[upkeep]\n|upkeep\n|turn|17\n|\n|t:|1698364830\n|move|p1a: Kommo-o|Drain Punch|p2a: Mr President\n|-supereffective|p2a: Mr President\n|-damage|p2a: Mr President|0 fnt\n|faint|p2a: Mr President\n|\n|-weather|Snow|[upkeep]\n|upkeep\n|\n|t:|1698364836\n|switch|p2a: Beef|Slowbro-Galar, M|59\/100\n|turn|18\n|\n|t:|1698364848\n|move|p1a: Kommo-o|Substitute|p1a: Kommo-o\n|-start|p1a: Kommo-o|Substitute\n|-damage|p1a: Kommo-o|76\/100\n|move|p2a: Beef|Trick Room|p2a: Beef\n|-fieldstart|move: Trick Room|[of] p2a: Beef\n|\n|-weather|Snow|[upkeep]\n|-heal|p2a: Beef|65\/100|[from] item: Leftovers\n|-heal|p1a: Kommo-o|82\/100|[from] item: Leftovers\n|upkeep\n|turn|19\n|\n|t:|1698364853\n|move|p2a: Beef|Zen Headbutt|p1a: Kommo-o\n|-supereffective|p1a: Kommo-o\n|-end|p1a: Kommo-o|Substitute\n|move|p1a: Kommo-o|Earthquake|p2a: Beef\n|-supereffective|p2a: Beef\n|-damage|p2a: Beef|19\/100\n|\n|-weather|Snow|[upkeep]\n|-heal|p2a: Beef|25\/100|[from] item: Leftovers\n|-heal|p1a: Kommo-o|88\/100|[from] item: Leftovers\n|upkeep\n|turn|20\n|\n|t:|1698364869\n|switch|p1a: Volcarona|Volcarona, F|100\/100\n|move|p2a: Beef|Zen Headbutt|p1a: Volcarona|[miss]\n|-miss|p2a: Beef|p1a: Volcarona\n|\n|-weather|none\n|-heal|p2a: Beef|31\/100|[from] item: Leftovers\n|upkeep\n|turn|21\n|\n|t:|1698364884\n|switch|p2a: Whatever this is|Goodra-Hisui, M|100\/100\n|move|p1a: Volcarona|Bug Buzz|p2a: Whatever this is\n|-resisted|p2a: Whatever this is\n|-damage|p2a: Whatever this is|92\/100\n|\n|upkeep\n|turn|22\n|\n|t:|1698364894\n|move|p2a: Whatever this is|Chilling Water|p1a: Volcarona\n|-supereffective|p1a: Volcarona\n|-damage|p1a: Volcarona|69\/100\n|-unboost|p1a: Volcarona|atk|1\n|move|p1a: Volcarona|Quiver Dance|p1a: Volcarona\n|-boost|p1a: Volcarona|spa|1\n|-boost|p1a: Volcarona|spd|1\n|-boost|p1a: Volcarona|spe|1\n|\n|-fieldend|move: Trick Room\n|upkeep\n|turn|23\n|\n|t:|1698364903\n|move|p1a: Volcarona|Fiery Dance|p2a: Whatever this is\n|-damage|p2a: Whatever this is|68\/100\n|move|p2a: Whatever this is|Knock Off|p1a: Volcarona\n|-damage|p1a: Volcarona|46\/100\n|-status|p2a: Whatever this is|brn|[from] ability: Flame Body|[of] p1a: Volcarona\n|-enditem|p1a: Volcarona|Heavy-Duty Boots|[from] move: Knock Off|[of] p2a: Whatever this is\n|\n|-damage|p2a: Whatever this is|62\/100 brn|[from] brn\n|upkeep\n|turn|24\n|\n|t:|1698364910\n|move|p1a: Volcarona|Fiery Dance|p2a: Whatever this is\n|-damage|p2a: Whatever this is|40\/100 brn\n|move|p2a: Whatever this is|Chilling Water|p1a: Volcarona\n|-supereffective|p1a: Volcarona\n|-damage|p1a: Volcarona|25\/100\n|-unboost|p1a: Volcarona|atk|1\n|\n|-damage|p2a: Whatever this is|34\/100 brn|[from] brn\n|upkeep\n|turn|25\n|\n|t:|1698364918\n|move|p1a: Volcarona|Fiery Dance|p2a: Whatever this is\n|-crit|p2a: Whatever this is\n|-damage|p2a: Whatever this is|0 fnt\n|faint|p2a: Whatever this is\n|\n|upkeep\n|\n|t:|1698364927\n|switch|p2a: Capybara|Quagsire, M|94\/100\n|turn|26\n|\n|t:|1698364930\n|move|p1a: Volcarona|Giga Drain|p2a: Capybara\n|-supereffective|p2a: Capybara\n|-damage|p2a: Capybara|0 fnt\n|-heal|p1a: Volcarona|81\/100|[from] drain|[of] p2a: Capybara\n|faint|p2a: Capybara\n|\n|upkeep\n|\n|t:|1698364932\n|switch|p2a: Rock dog|Arcanine-Hisui, F|46\/100\n|turn|27\n|\n|t:|1698364957\n|move|p1a: Volcarona|Giga Drain|p2a: Rock dog\n|-damage|p2a: Rock dog|7\/100\n|-heal|p1a: Volcarona|100\/100|[from] drain|[of] p2a: Rock dog\n|move|p2a: Rock dog|Rock Blast|p1a: Volcarona\n|-supereffective|p1a: Volcarona\n|-damage|p1a: Volcarona|30\/100\n|-supereffective|p1a: Volcarona\n|-damage|p1a: Volcarona|0 fnt\n|faint|p1a: Volcarona\n|-hitcount|p1: Volcarona|2\n|-damage|p2a: Rock dog|0 fnt|[from] item: Life Orb\n|faint|p2a: Rock dog\n|\n|upkeep\n|\n|t:|1698364967\n|switch|p1a: Mamoswine|Mamoswine, F|100\/100\n|switch|p2a: Beef|Slowbro-Galar, M|65\/100\n|turn|28\n|\n|t:|1698364970\n|move|p1a: Mamoswine|Earthquake|p2a: Beef\n|-supereffective|p2a: Beef\n|-damage|p2a: Beef|0 fnt\n|faint|p2a: Beef\n|\n|upkeep\n|\n|t:|1698364972\n|switch|p2a: Bear noises|Ursaluna, M|100\/100\n|turn|29\n|\n|t:|1698364985\n|move|p1a: Mamoswine|Icicle Crash|p2a: Bear noises\n|-supereffective|p2a: Bear noises\n|-damage|p2a: Bear noises|29\/100\n|move|p2a: Bear noises|Facade|p1a: Mamoswine\n|-damage|p1a: Mamoswine|53\/100\n|\n|-status|p2a: Bear noises|brn|[from] item: Flame Orb\n|upkeep\n|turn|30\n|\n|t:|1698364993\n|move|p1a: Mamoswine|Ice Shard|p2a: Bear noises\n|-supereffective|p2a: Bear noises\n|-damage|p2a: Bear noises|0 fnt\n|faint|p2a: Bear noises\n|\n|win|CLECrustles\n|c|\u2606CLECrustles|gg\n|c|\u2606Chazl Dazl|Ggs\n","uploadtime":1698365007,"views":30,"p1id":"clecrustles","p2id":"chazldazl","formatid":"gen9ubers","rating":0,"private":0,"password":""}