{"id":"gen9ubers-1972080059","p1":"Bruhitsjhian","p2":"onePlenty","format":"[Gen 9] Ubers","log":"|j|\u2606Bruhitsjhian\n|j|\u2606onePlenty\n|t:|1697811128\n|gametype|singles\n|player|p1|Bruhitsjhian|101|\n|player|p2|onePlenty|cynthia-gen4|\n|teamsize|p1|6\n|teamsize|p2|6\n|gen|9\n|tier|[Gen 9] Ubers\n|rule|Sleep Clause Mod: Limit one foe put to sleep\n|rule|Species Clause: Limit one of each Pok\u00e9mon\n|rule|OHKO Clause: OHKO moves are banned\n|rule|Evasion Items Clause: Evasion items are banned\n|rule|Evasion Moves Clause: Evasion moves are banned\n|rule|Endless Battle Clause: Forcing endless battles is banned\n|rule|HP Percentage Mod: HP is shown in percentages\n|clearpoke\n|poke|p1|Dragapult, M|\n|poke|p1|Kingambit, M|\n|poke|p1|Zacian-*|\n|poke|p1|Meowscarada, F|\n|poke|p1|Ursaluna-Bloodmoon, M|\n|poke|p1|Iron Bundle|\n|poke|p2|Zacian-*|\n|poke|p2|Flutter Mane|\n|poke|p2|Kingambit, M|\n|poke|p2|Great Tusk|\n|poke|p2|Iron Moth|\n|poke|p2|Ogerpon, F|\n|teampreview\n|\n|t:|1697811141\n|start\n|switch|p1a: Ursaluna|Ursaluna-Bloodmoon, M|100\/100\n|switch|p2a: Iron Moth|Iron Moth|100\/100\n|-enditem|p2a: Iron Moth|Booster Energy\n|-activate|p2a: Iron Moth|ability: Quark Drive|[fromitem]\n|-start|p2a: Iron Moth|quarkdrivespe\n|turn|1\n|\n|t:|1697811156\n|move|p2a: Iron Moth|Substitute|p2a: Iron Moth\n|-start|p2a: Iron Moth|Substitute\n|-damage|p2a: Iron Moth|76\/100\n|move|p1a: Ursaluna|Earth Power|p2a: Iron Moth\n|-supereffective|p2a: Iron Moth\n|-end|p2a: Iron Moth|Substitute\n|\n|upkeep\n|turn|2\n|\n|t:|1697811163\n|move|p2a: Iron Moth|Energy Ball|p1a: Ursaluna\n|-supereffective|p1a: Ursaluna\n|-damage|p1a: Ursaluna|36\/100\n|-unboost|p1a: Ursaluna|spd|1\n|move|p1a: Ursaluna|Earth Power|p2a: Iron Moth\n|-supereffective|p2a: Iron Moth\n|-damage|p2a: Iron Moth|0 fnt\n|faint|p2a: Iron Moth\n|-end|p2a: Iron Moth|Quark Drive|[silent]\n|\n|-heal|p1a: Ursaluna|42\/100|[from] item: Leftovers\n|upkeep\n|\n|t:|1697811183\n|switch|p2a: Great Tusk|Great Tusk|100\/100\n|-enditem|p2a: Great Tusk|Booster Energy\n|-activate|p2a: Great Tusk|ability: Protosynthesis|[fromitem]\n|-start|p2a: Great Tusk|protosynthesisspe\n|turn|3\n|\n|t:|1697811191\n|-terastallize|p2a: Great Tusk|Ice\n|-terastallize|p1a: Ursaluna|Ground\n|move|p2a: Great Tusk|Close Combat|p1a: Ursaluna\n|-damage|p1a: Ursaluna|5\/100\n|-unboost|p2a: Great Tusk|def|1\n|-unboost|p2a: Great Tusk|spd|1\n|move|p1a: Ursaluna|Roar|p2a: Great Tusk\n|-end|p2a: Great Tusk|Protosynthesis|[silent]\n|drag|p2a: Ogerpon|Ogerpon, F|100\/100\n|\n|-heal|p1a: Ursaluna|11\/100|[from] item: Leftovers\n|upkeep\n|turn|4\n|\n|t:|1697811206\n|move|p1a: Ursaluna|Vacuum Wave|p2a: Ogerpon\n|-damage|p2a: Ogerpon|83\/100\n|move|p2a: Ogerpon|Ivy Cudgel|p1a: Ursaluna\n|-supereffective|p1a: Ursaluna\n|-damage|p1a: Ursaluna|0 fnt\n|faint|p1a: Ursaluna\n|\n|-heal|p2a: Ogerpon|89\/100|[from] item: Leftovers\n|upkeep\n|\n|t:|1697811216\n|switch|p1a: Dragapult|Dragapult, M, shiny|100\/100\n|turn|5\n|\n|t:|1697811252\n|switch|p2a: Great Tusk|Great Tusk, tera:Ice|100\/100\n|move|p1a: Dragapult|Flamethrower|p2a: Great Tusk\n|-supereffective|p2a: Great Tusk\n|-damage|p2a: Great Tusk|31\/100\n|\n|upkeep\n|turn|6\n|\n|t:|1697811259\n|move|p1a: Dragapult|Flamethrower|p2a: Great Tusk\n|-supereffective|p2a: Great Tusk\n|-damage|p2a: Great Tusk|0 fnt\n|faint|p2a: Great Tusk\n|-end|p2a: Great Tusk|Protosynthesis|[silent]\n|\n|upkeep\n|\n|t:|1697811267\n|switch|p2a: Zacian|Zacian-Crowned|100\/100\n|-ability|p2a: Zacian|Intrepid Sword|boost\n|-boost|p2a: Zacian|atk|1\n|turn|7\n|\n|t:|1697811275\n|move|p2a: Zacian|Play Rough|p1a: Dragapult\n|-supereffective|p1a: Dragapult\n|-enditem|p1a: Dragapult|Focus Sash\n|-damage|p1a: Dragapult|1\/100\n|move|p1a: Dragapult|Flamethrower|p2a: Zacian\n|-supereffective|p2a: Zacian\n|-damage|p2a: Zacian|56\/100\n|\n|upkeep\n|turn|8\n|\n|t:|1697811294\n|move|p2a: Zacian|Brick Break|p1a: Dragapult\n|-immune|p1a: Dragapult\n|move|p1a: Dragapult|Flamethrower|p2a: Zacian\n|-supereffective|p2a: Zacian\n|-damage|p2a: Zacian|4\/100\n|\n|upkeep\n|turn|9\n|\n|t:|1697811305\n|move|p2a: Zacian|Behemoth Blade|p1a: Dragapult\n|-damage|p1a: Dragapult|0 fnt\n|faint|p1a: Dragapult\n|\n|upkeep\n|\n|t:|1697811314\n|switch|p1a: Meowscarada|Meowscarada, F|100\/100\n|turn|10\n|\n|t:|1697811319\n|move|p1a: Meowscarada|Sucker Punch|p2a: Zacian\n|-start|p1a: Meowscarada|typechange|Dark|[from] ability: Protean\n|-resisted|p2a: Zacian\n|-damage|p2a: Zacian|0 fnt\n|faint|p2a: Zacian\n|\n|upkeep\n|\n|t:|1697811327\n|switch|p2a: Flutter Mane|Flutter Mane|100\/100\n|turn|11\n|\n|t:|1697811333\n|move|p2a: Flutter Mane|Mystical Fire|p1a: Meowscarada\n|-crit|p1a: Meowscarada\n|-damage|p1a: Meowscarada|4\/100\n|-unboost|p1a: Meowscarada|spa|1\n|move|p1a: Meowscarada|Knock Off|p2a: Flutter Mane\n|-crit|p2a: Flutter Mane\n|-damage|p2a: Flutter Mane|0 fnt\n|-enditem|p2a: Flutter Mane|Choice Specs|[from] move: Knock Off|[of] p1a: Meowscarada\n|faint|p2a: Flutter Mane\n|-end|p2a: Flutter Mane|Protosynthesis|[silent]\n|\n|upkeep\n|\n|t:|1697811343\n|switch|p2a: Ogerpon|Ogerpon, F|89\/100\n|turn|12\n|\n|t:|1697811354\n|move|p1a: Meowscarada|Knock Off|p2a: Ogerpon\n|-damage|p2a: Ogerpon|29\/100\n|-enditem|p2a: Ogerpon|Leftovers|[from] move: Knock Off|[of] p1a: Meowscarada\n|move|p2a: Ogerpon|U-turn|p1a: Meowscarada\n|-supereffective|p1a: Meowscarada\n|-damage|p1a: Meowscarada|0 fnt\n|faint|p1a: Meowscarada\n|\n|t:|1697811362\n|switch|p2a: Kingambit|Kingambit, M|100\/100|[from] U-turn\n|-activate|p2a: Kingambit|ability: Supreme Overlord\n|-start|p2a: Kingambit|fallen4|[silent]\n|-item|p2a: Kingambit|Air Balloon\n|\n|upkeep\n|\n|t:|1697811368\n|switch|p1a: Zacian|Zacian-Crowned, shiny|100\/100\n|-ability|p1a: Zacian|Intrepid Sword|boost\n|-boost|p1a: Zacian|atk|1\n|turn|13\n|\n|t:|1697811385\n|move|p1a: Zacian|Sacred Sword|p2a: Kingambit\n|-supereffective|p2a: Kingambit\n|-damage|p2a: Kingambit|0 fnt\n|-enditem|p2a: Kingambit|Air Balloon\n|faint|p2a: Kingambit\n|-end|p2a: Kingambit|fallen4|[silent]\n|\n|upkeep\n|\n|t:|1697811390\n|switch|p2a: Ogerpon|Ogerpon, F|29\/100\n|turn|14\n|\n|t:|1697811396\n|move|p1a: Zacian|Sacred Sword|p2a: Ogerpon\n|-damage|p2a: Ogerpon|0 fnt\n|faint|p2a: Ogerpon\n|\n|win|Bruhitsjhian\n|l|\u2606onePlenty\n","uploadtime":1697811405,"views":14,"p1id":"bruhitsjhian","p2id":"oneplenty","formatid":"gen9ubers","rating":0,"private":0,"password":""}