{"id":"gen9ubers-1990907709","p1":"ChungleWungle","p2":"Charbotron","format":"[Gen 9] Ubers","log":"|j|\u2606ChungleWungle\n|j|\u2606Charbotron\n|t:|1700013814\n|gametype|singles\n|player|p1|ChungleWungle|unknown|\n|player|p2|Charbotron|1|\n|teamsize|p1|6\n|teamsize|p2|6\n|gen|9\n|tier|[Gen 9] Ubers\n|rule|Sleep Clause Mod: Limit one foe put to sleep\n|rule|Species Clause: Limit one of each Pok\u00e9mon\n|rule|OHKO Clause: OHKO moves are banned\n|rule|Evasion Items Clause: Evasion items are banned\n|rule|Evasion Moves Clause: Evasion moves are banned\n|rule|Endless Battle Clause: Forcing endless battles is banned\n|rule|HP Percentage Mod: HP is shown in percentages\n|clearpoke\n|poke|p1|Polteageist-Antique|\n|poke|p1|Ursaluna, M|\n|poke|p1|Dragonite, F|\n|poke|p1|Gothitelle, M|\n|poke|p1|Iron Valiant|\n|poke|p1|Slowking, F|\n|poke|p2|Raichu-Alola, M|\n|poke|p2|Iron Moth|\n|poke|p2|Torkoal, M|\n|poke|p2|Corviknight, M|\n|poke|p2|Walking Wake|\n|poke|p2|Great Tusk|\n|teampreview\n|\n|t:|1700013881\n|start\n|switch|p1a: Steve|Gothitelle, M|100\/100\n|switch|p2a: Torkoal|Torkoal, M|100\/100\n|-weather|SunnyDay|[from] ability: Drought|[of] p2a: Torkoal\n|turn|1\n|\n|t:|1700013906\n|move|p1a: Steve|Metronome|p1a: Steve\n|move|p1a: Steve|Metal Claw|p2a: Torkoal|[from]move: Metronome\n|-resisted|p2a: Torkoal\n|-damage|p2a: Torkoal|98\/100\n|move|p2a: Torkoal|Stealth Rock|p1a: Steve\n|-sidestart|p1: ChungleWungle|move: Stealth Rock\n|\n|-weather|SunnyDay|[upkeep]\n|upkeep\n|turn|2\n|\n|t:|1700013932\n|move|p1a: Steve|Metronome|p1a: Steve\n|move|p1a: Steve|Energy Ball|p2a: Torkoal|[from]move: Metronome\n|-resisted|p2a: Torkoal\n|-damage|p2a: Torkoal|84\/100\n|move|p2a: Torkoal|Eruption|p1a: Steve\n|-damage|p1a: Steve|48\/100\n|\n|-weather|SunnyDay|[upkeep]\n|-heal|p1a: Steve|54\/100|[from] item: Leftovers\n|upkeep\n|turn|3\n|\n|t:|1700013947\n|move|p1a: Steve|Metronome|p1a: Steve\n|move|p1a: Steve|Brutal Swing|p2a: Torkoal|[from]move: Metronome\n|-damage|p2a: Torkoal|78\/100\n|move|p2a: Torkoal|Eruption|p1a: Steve\n|-damage|p1a: Steve|3\/100\n|\n|-weather|SunnyDay|[upkeep]\n|-heal|p1a: Steve|9\/100|[from] item: Leftovers\n|upkeep\n|turn|4\n|\n|t:|1700013970\n|switch|p1a: Ping King|Slowking, F, shiny|100\/100\n|-damage|p1a: Ping King|88\/100|[from] Stealth Rock\n|move|p2a: Torkoal|Solar Beam||[still]\n|-prepare|p2a: Torkoal|Solar Beam\n|-anim|p2a: Torkoal|Solar Beam|p1a: Ping King\n|-supereffective|p1a: Ping King\n|-crit|p1a: Ping King\n|-damage|p1a: Ping King|6\/100\n|\n|-weather|SunnyDay|[upkeep]\n|upkeep\n|turn|5\n|\n|t:|1700013992\n|switch|p1a: Teddy (7 pounds)|Ursaluna, M, shiny|100\/100\n|-damage|p1a: Teddy (7 pounds)|94\/100|[from] Stealth Rock\n|move|p2a: Torkoal|Solar Beam||[still]\n|-prepare|p2a: Torkoal|Solar Beam\n|-anim|p2a: Torkoal|Solar Beam|p1a: Teddy (7 pounds)\n|-supereffective|p1a: Teddy (7 pounds)\n|-damage|p1a: Teddy (7 pounds)|12\/100\n|\n|-weather|SunnyDay|[upkeep]\n|upkeep\n|turn|6\n|\n|t:|1700014040\n|switch|p2a: Corviknight|Corviknight, M|100\/100\n|move|p1a: Teddy (7 pounds)|Metronome|p1a: Teddy (7 pounds)\n|move|p1a: Teddy (7 pounds)|Wonder Room|p1a: Teddy (7 pounds)|[from]move: Metronome\n|-fieldstart|move: Wonder Room|[of] p1a: Teddy (7 pounds)\n|\n|-weather|SunnyDay|[upkeep]\n|upkeep\n|turn|7\n|\n|t:|1700014061\n|move|p1a: Teddy (7 pounds)|Metronome|p1a: Teddy (7 pounds)\n|move|p1a: Teddy (7 pounds)|Misty Explosion|p2a: Corviknight|[from]move: Metronome\n|-resisted|p2a: Corviknight\n|-damage|p2a: Corviknight|95\/100\n|faint|p1a: Teddy (7 pounds)\n|-hint|Body Press uses Def boosts when Wonder Room is active.\n|move|p2a: Corviknight|Body Press|p1: Teddy (7 pounds)|[notarget]\n|-fail|p2a: Corviknight\n|\n|-weather|SunnyDay|[upkeep]\n|-heal|p2a: Corviknight|100\/100|[from] item: Leftovers\n|upkeep\n|\n|t:|1700014116\n|switch|p1a: Ignis Dragon|Dragonite, F|100\/100\n|-damage|p1a: Ignis Dragon|76\/100|[from] Stealth Rock\n|turn|8\n|\n|t:|1700014159\n|switch|p2a: Great Tusk|Great Tusk|100\/100\n|-activate|p2a: Great Tusk|ability: Protosynthesis\n|-start|p2a: Great Tusk|protosynthesisatk\n|move|p1a: Ignis Dragon|Metronome|p1a: Ignis Dragon\n|move|p1a: Ignis Dragon|Parting Shot|p2a: Great Tusk|[from]move: Metronome\n|-unboost|p2a: Great Tusk|atk|1\n|-unboost|p2a: Great Tusk|spa|1\n|\n|t:|1700014180\n|switch|p1a: Frying Pan|Iron Valiant, shiny|100\/100|[from] Parting Shot\n|-damage|p1a: Frying Pan|94\/100|[from] Stealth Rock\n|-enditem|p1a: Frying Pan|Booster Energy\n|-activate|p1a: Frying Pan|ability: Quark Drive|[fromitem]\n|-start|p1a: Frying Pan|quarkdrivespe\n|\n|-weather|none\n|-end|p2a: Great Tusk|Protosynthesis\n|upkeep\n|turn|9\n|\n|t:|1700014192\n|move|p1a: Frying Pan|Metronome|p1a: Frying Pan\n|move|p1a: Frying Pan|Ice Shard|p2a: Great Tusk|[from]move: Metronome\n|-supereffective|p2a: Great Tusk\n|-damage|p2a: Great Tusk|75\/100\n|move|p2a: Great Tusk|Headlong Rush|p1a: Frying Pan\n|-damage|p1a: Frying Pan|15\/100\n|-unboost|p2a: Great Tusk|def|1\n|-unboost|p2a: Great Tusk|spd|1\n|\n|upkeep\n|turn|10\n|\n|t:|1700014236\n|-end|p2a: Great Tusk|Protosynthesis|[silent]\n|switch|p2a: Corviknight|Corviknight, M|100\/100\n|move|p1a: Frying Pan|Metronome|p1a: Frying Pan\n|move|p1a: Frying Pan|Bitter Malice|p2a: Corviknight|[from]move: Metronome\n|-damage|p2a: Corviknight|83\/100\n|-ability|p2a: Corviknight|Mirror Armor\n|-unboost|p1a: Frying Pan|atk|1\n|\n|-heal|p2a: Corviknight|89\/100|[from] item: Leftovers\n|-fieldend|move: Wonder Room\n|upkeep\n|turn|11\n|j| adghhgtyh\n|\n|t:|1700014264\n|move|p1a: Frying Pan|Metronome|p1a: Frying Pan\n|move|p1a: Frying Pan|Night Slash|p2a: Corviknight|[from]move: Metronome\n|-damage|p2a: Corviknight|77\/100\n|move|p2a: Corviknight|Iron Defense|p2a: Corviknight\n|-boost|p2a: Corviknight|def|2\n|\n|-heal|p2a: Corviknight|83\/100|[from] item: Leftovers\n|upkeep\n|turn|12\n|\n|t:|1700014276\n|move|p1a: Frying Pan|Metronome|p1a: Frying Pan\n|move|p1a: Frying Pan|Water Pledge|p2a: Corviknight|[from]move: Metronome\n|-damage|p2a: Corviknight|68\/100\n|move|p2a: Corviknight|Body Press|p1a: Frying Pan\n|-resisted|p1a: Frying Pan\n|-damage|p1a: Frying Pan|0 fnt\n|faint|p1a: Frying Pan\n|-end|p1a: Frying Pan|Quark Drive|[silent]\n|\n|-heal|p2a: Corviknight|74\/100|[from] item: Leftovers\n|upkeep\n|\n|t:|1700014292\n|switch|p1a: Ping King|Slowking, F, shiny|39\/100\n|-damage|p1a: Ping King|27\/100|[from] Stealth Rock\n|turn|13\n|l| adghhgtyh\n|\n|t:|1700014310\n|switch|p1a: Steve|Gothitelle, M|9\/100\n|-damage|p1a: Steve|0 fnt|[from] Stealth Rock\n|faint|p1a: Steve\n|move|p2a: Corviknight|Iron Defense|p2a: Corviknight\n|-boost|p2a: Corviknight|def|2\n|\n|-heal|p2a: Corviknight|80\/100|[from] item: Leftovers\n|upkeep\n|\n|t:|1700014323\n|switch|p1a: Ignis Dragon|Dragonite, F|76\/100\n|-damage|p1a: Ignis Dragon|51\/100|[from] Stealth Rock\n|turn|14\n|j| RektCactus\n|\n|t:|1700014334\n|move|p1a: Ignis Dragon|Metronome|p1a: Ignis Dragon\n|move|p1a: Ignis Dragon|Razor Shell|p2a: Corviknight|[from]move: Metronome\n|-damage|p2a: Corviknight|74\/100\n|move|p2a: Corviknight|Iron Defense|p2a: Corviknight\n|-boost|p2a: Corviknight|def|2\n|\n|-heal|p2a: Corviknight|80\/100|[from] item: Leftovers\n|upkeep\n|turn|15\n|\n|t:|1700014345\n|move|p1a: Ignis Dragon|Metronome|p1a: Ignis Dragon\n|move|p1a: Ignis Dragon|Smart Strike|p2a: Corviknight|[from]move: Metronome\n|-resisted|p2a: Corviknight\n|-damage|p2a: Corviknight|78\/100\n|move|p2a: Corviknight|Body Press|p1a: Ignis Dragon\n|-resisted|p1a: Ignis Dragon\n|-damage|p1a: Ignis Dragon|21\/100\n|\n|-heal|p2a: Corviknight|84\/100|[from] item: Leftovers\n|upkeep\n|turn|16\n|\n|t:|1700014358\n|move|p1a: Ignis Dragon|Metronome|p1a: Ignis Dragon\n|move|p1a: Ignis Dragon|Fairy Wind|p2a: Corviknight|[from]move: Metronome\n|-resisted|p2a: Corviknight\n|-damage|p2a: Corviknight|81\/100\n|move|p2a: Corviknight|Body Press|p1a: Ignis Dragon\n|-resisted|p1a: Ignis Dragon\n|-damage|p1a: Ignis Dragon|0 fnt\n|faint|p1a: Ignis Dragon\n|\n|-heal|p2a: Corviknight|88\/100|[from] item: Leftovers\n|upkeep\n|\n|t:|1700014380\n|switch|p1a: Cuppa|Polteageist-Antique, shiny|100\/100\n|-damage|p1a: Cuppa|88\/100|[from] Stealth Rock\n|turn|17\n|\n|t:|1700014389\n|move|p1a: Cuppa|Metronome|p1a: Cuppa\n|move|p1a: Cuppa|Icicle Spear|p2a: Corviknight|[from]move: Metronome\n|-crit|p2a: Corviknight\n|-damage|p2a: Corviknight|83\/100\n|-damage|p2a: Corviknight|82\/100\n|-damage|p2a: Corviknight|81\/100\n|-hitcount|p2a: Corviknight|3\n|move|p2a: Corviknight|Body Press|p1a: Cuppa\n|-immune|p1a: Cuppa\n|\n|-heal|p2a: Corviknight|87\/100|[from] item: Leftovers\n|upkeep\n|turn|18\n|\n|t:|1700014440\n|switch|p2a: Torkoal|Torkoal, M|78\/100\n|-weather|SunnyDay|[from] ability: Drought|[of] p2a: Torkoal\n|move|p1a: Cuppa|Metronome|p1a: Cuppa\n|move|p1a: Cuppa|Expanding Force|p2a: Torkoal|[from]move: Metronome\n|-damage|p2a: Torkoal|23\/100\n|\n|-weather|SunnyDay|[upkeep]\n|upkeep\n|turn|19\n|\n|t:|1700014487\n|switch|p2a: Iron Moth|Iron Moth|100\/100\n|move|p1a: Cuppa|Metronome|p1a: Cuppa\n|move|p1a: Cuppa|Moonblast|p2a: Iron Moth|[from]move: Metronome\n|-resisted|p2a: Iron Moth\n|-damage|p2a: Iron Moth|89\/100\n|\n|-weather|SunnyDay|[upkeep]\n|upkeep\n|turn|20\n|\n|t:|1700014497\n|move|p2a: Iron Moth|Fiery Dance|p1a: Cuppa\n|-damage|p1a: Cuppa|10\/100\n|-boost|p2a: Iron Moth|spa|1\n|move|p1a: Cuppa|Metronome|p1a: Cuppa\n|move|p1a: Cuppa|Nuzzle|p2a: Iron Moth|[from]move: Metronome\n|-damage|p2a: Iron Moth|83\/100\n|-status|p2a: Iron Moth|par\n|\n|-weather|SunnyDay|[upkeep]\n|upkeep\n|turn|21\n|\n|t:|1700014510\n|switch|p1a: Ping King|Slowking, F, shiny|60\/100\n|-damage|p1a: Ping King|47\/100|[from] Stealth Rock\n|-terastallize|p2a: Iron Moth|Fire\n|move|p2a: Iron Moth|Fiery Dance|p1a: Ping King\n|-resisted|p1a: Ping King\n|-damage|p1a: Ping King|0 fnt\n|faint|p1a: Ping King\n|\n|-weather|SunnyDay|[upkeep]\n|upkeep\n|\n|t:|1700014520\n|switch|p1a: Cuppa|Polteageist-Antique, shiny|10\/100\n|-damage|p1a: Cuppa|0 fnt|[from] Stealth Rock\n|faint|p1a: Cuppa\n|\n|win|Charbotron\n|l|\u2606ChungleWungle\n|j| Nuttyr\n","uploadtime":1700014553,"views":15,"p1id":"chunglewungle","p2id":"charbotron","formatid":"gen9ubers","rating":0,"private":0,"password":""}