{"id":"gen9ubers-1986434162","p1":"Swagadile","p2":"NEdgyman","format":"[Gen 9] Ubers","log":"|j|\u2606Swagadile\n|j|\u2606NEdgyman\n|t:|1699478826\n|gametype|singles\n|player|p1|Swagadile|silver|\n|player|p2|NEdgyman|hanbei-conquest|\n|teamsize|p1|6\n|teamsize|p2|6\n|gen|9\n|tier|[Gen 9] Ubers\n|rule|Sleep Clause Mod: Limit one foe put to sleep\n|rule|Species Clause: Limit one of each Pok\u00e9mon\n|rule|OHKO Clause: OHKO moves are banned\n|rule|Evasion Items Clause: Evasion items are banned\n|rule|Evasion Moves Clause: Evasion moves are banned\n|rule|Endless Battle Clause: Forcing endless battles is banned\n|rule|HP Percentage Mod: HP is shown in percentages\n|clearpoke\n|poke|p1|Ursaluna-Bloodmoon, M|\n|poke|p1|Magneton|\n|poke|p1|Kommo-o, M|\n|poke|p1|Azelf|\n|poke|p1|Brambleghast, M|\n|poke|p1|Cetitan, M|\n|poke|p2|Annihilape, M|\n|poke|p2|Crawdaunt, M|\n|poke|p2|Glimmora, M|\n|poke|p2|Jolteon, F|\n|poke|p2|Cresselia, F|\n|poke|p2|Typhlosion, F|\n|teampreview\n|c|\u2606NEdgyman|glhf\n|c|\u2606Swagadile|you as well\n|\n|t:|1699478903\n|start\n|switch|p1a: Brambleghast|Brambleghast, M|100\/100\n|switch|p2a: Jr. Crocker|Jolteon, F|100\/100\n|turn|1\n|\n|t:|1699478915\n|move|p2a: Jr. Crocker|Volt Switch|p1a: Brambleghast\n|-resisted|p1a: Brambleghast\n|-damage|p1a: Brambleghast|64\/100\n|-damage|p2a: Jr. Crocker|91\/100|[from] item: Life Orb\n|\n|t:|1699478931\n|switch|p2a: Howler Monkey|Annihilape, M, shiny|100\/100|[from] Volt Switch\n|move|p1a: Brambleghast|Poltergeist|p2a: Howler Monkey|[miss]\n|-miss|p1a: Brambleghast|p2a: Howler Monkey\n|\n|upkeep\n|turn|2\n|j| Ace_T_24\n|c|\u2606NEdgyman|damn im lucky\n|\n|t:|1699478950\n|switch|p1a: Kommo-o|Kommo-o, M|100\/100\n|move|p2a: Howler Monkey|U-turn|p1a: Kommo-o\n|-resisted|p1a: Kommo-o\n|-damage|p1a: Kommo-o|89\/100\n|-damage|p2a: Howler Monkey|84\/100|[from] item: Rocky Helmet|[of] p1a: Kommo-o\n|c|\u2606Swagadile|i know ur no item\n|c|\u2606Swagadile|LOL\n|\n|t:|1699478985\n|switch|p2a: Jr. Crocker|Jolteon, F|91\/100|[from] U-turn\n|\n|upkeep\n|turn|3\n|\n|t:|1699479008\n|switch|p1a: Cetitan|Cetitan, M|100\/100\n|-terastallize|p2a: Jr. Crocker|Ice\n|move|p2a: Jr. Crocker|Tera Blast|p1a: Cetitan|[anim] Tera Blast Ice\n|-resisted|p1a: Cetitan\n|-damage|p1a: Cetitan|89\/100\n|-damage|p2a: Jr. Crocker|81\/100|[from] item: Life Orb\n|\n|upkeep\n|turn|4\n|\n|t:|1699479038\n|move|p2a: Jr. Crocker|Thunderbolt|p1a: Cetitan\n|-damage|p1a: Cetitan|46\/100\n|-status|p1a: Cetitan|par\n|-damage|p2a: Jr. Crocker|71\/100|[from] item: Life Orb\n|move|p1a: Cetitan|Ice Spinner|p2a: Jr. Crocker\n|-resisted|p2a: Jr. Crocker\n|-damage|p2a: Jr. Crocker|33\/100\n|\n|upkeep\n|turn|5\n|\n|t:|1699479060\n|move|p2a: Jr. Crocker|Volt Switch|p1a: Cetitan\n|-damage|p1a: Cetitan|12\/100 par\n|-damage|p2a: Jr. Crocker|23\/100|[from] item: Life Orb\n|\n|t:|1699479076\n|switch|p2a: Boiled Dinner|Crawdaunt, M|100\/100|[from] Volt Switch\n|move|p1a: Cetitan|Ice Spinner|p2a: Boiled Dinner\n|-resisted|p2a: Boiled Dinner\n|-damage|p2a: Boiled Dinner|72\/100\n|\n|upkeep\n|turn|6\n|\n|t:|1699479083\n|switch|p1a: Kommo-o|Kommo-o, M|89\/100\n|move|p2a: Boiled Dinner|Swords Dance|p2a: Boiled Dinner\n|-boost|p2a: Boiled Dinner|atk|2\n|\n|upkeep\n|turn|7\n|\n|t:|1699479097\n|move|p2a: Boiled Dinner|Crabhammer|p1a: Kommo-o\n|-resisted|p1a: Kommo-o\n|-damage|p1a: Kommo-o|44\/100\n|-damage|p2a: Boiled Dinner|56\/100|[from] item: Rocky Helmet|[of] p1a: Kommo-o\n|move|p1a: Kommo-o|Body Press|p2a: Boiled Dinner\n|-supereffective|p2a: Boiled Dinner\n|-damage|p2a: Boiled Dinner|0 fnt\n|faint|p2a: Boiled Dinner\n|\n|upkeep\n|\n|t:|1699479130\n|switch|p2a: Falcom Fanbase|Glimmora, M|100\/100\n|turn|8\n|\n|t:|1699479137\n|switch|p1a: Magneton|Magneton, shiny|100\/100\n|-item|p1a: Magneton|Air Balloon\n|move|p2a: Falcom Fanbase|Stealth Rock|p1a: Magneton\n|-sidestart|p1: Swagadile|move: Stealth Rock\n|\n|upkeep\n|turn|9\n|\n|t:|1699479148\n|switch|p2a: Howler Monkey|Annihilape, M, shiny|84\/100\n|move|p1a: Magneton|Flash Cannon|p2a: Howler Monkey\n|-damage|p2a: Howler Monkey|29\/100\n|-unboost|p2a: Howler Monkey|spd|1\n|-ability|p2a: Howler Monkey|Defiant|boost\n|-boost|p2a: Howler Monkey|atk|2\n|\n|upkeep\n|turn|10\n|\n|t:|1699479166\n|switch|p1a: Cetitan|Cetitan, M|12\/100 par\n|move|p2a: Howler Monkey|Rage Fist|p1a: Cetitan\n|-damage|p1a: Cetitan|0 fnt\n|faint|p1a: Cetitan\n|\n|upkeep\n|\n|t:|1699479190\n|switch|p1a: Brambleghast|Brambleghast, M|64\/100\n|turn|11\n|\n|t:|1699479201\n|switch|p2a: Jr. Crocker|Jolteon, F, tera:Ice|23\/100\n|move|p1a: Brambleghast|Shadow Sneak|p2a: Jr. Crocker\n|-damage|p2a: Jr. Crocker|0 fnt\n|faint|p2a: Jr. Crocker\n|\n|upkeep\n|\n|t:|1699479214\n|switch|p2a: RISK RISK RISK!|Typhlosion, F|100\/100\n|turn|12\n|\n|t:|1699479224\n|-terastallize|p1a: Brambleghast|Water\n|move|p2a: RISK RISK RISK!|Flamethrower|p1a: Brambleghast\n|-resisted|p1a: Brambleghast\n|-damage|p1a: Brambleghast|28\/100\n|move|p1a: Brambleghast|Tera Blast|p2a: RISK RISK RISK!|[anim] Tera Blast Water\n|-supereffective|p2a: RISK RISK RISK!\n|-damage|p2a: RISK RISK RISK!|0 fnt\n|faint|p2a: RISK RISK RISK!\n|\n|upkeep\n|c|\u2606NEdgyman|bruh im throwing\n|\n|t:|1699479248\n|switch|p2a: Nearly Witches|Cresselia, F|100\/100\n|turn|13\n|\n|t:|1699479255\n|move|p1a: Brambleghast|Poltergeist|p2a: Nearly Witches\n|-activate|p2a: Nearly Witches|move: Poltergeist|Leftovers\n|-supereffective|p2a: Nearly Witches\n|-damage|p2a: Nearly Witches|27\/100\n|move|p2a: Nearly Witches|Calm Mind|p2a: Nearly Witches\n|-boost|p2a: Nearly Witches|spa|1\n|-boost|p2a: Nearly Witches|spd|1\n|\n|-heal|p2a: Nearly Witches|33\/100|[from] item: Leftovers\n|upkeep\n|turn|14\n|\n|t:|1699479266\n|move|p1a: Brambleghast|Poltergeist|p2a: Nearly Witches\n|-activate|p2a: Nearly Witches|move: Poltergeist|Leftovers\n|-supereffective|p2a: Nearly Witches\n|-damage|p2a: Nearly Witches|0 fnt\n|faint|p2a: Nearly Witches\n|\n|upkeep\n|\n|t:|1699479269\n|switch|p2a: Howler Monkey|Annihilape, M, shiny|29\/100\n|turn|15\n|\n|t:|1699479273\n|move|p1a: Brambleghast|Shadow Sneak|p2a: Howler Monkey\n|-supereffective|p2a: Howler Monkey\n|-damage|p2a: Howler Monkey|0 fnt\n|faint|p2a: Howler Monkey\n|\n|upkeep\n|\n|t:|1699479276\n|switch|p2a: Falcom Fanbase|Glimmora, M|100\/100\n|turn|16\n|c|\u2606NEdgyman|didnt expect to lose that hard wow\n|\n|t:|1699479288\n|switch|p1a: Magneton|Magneton, shiny|100\/100\n|-damage|p1a: Magneton|95\/100|[from] Stealth Rock\n|-item|p1a: Magneton|Air Balloon\n|move|p2a: Falcom Fanbase|Sludge Wave|p1a: Magneton\n|-immune|p1a: Magneton\n|\n|upkeep\n|turn|17\n|\n|t:|1699479292\n|move|p2a: Falcom Fanbase|Memento|p1a: Magneton\n|-unboost|p1a: Magneton|atk|2\n|-unboost|p1a: Magneton|spa|2\n|faint|p2a: Falcom Fanbase\n|\n|win|Swagadile\n|c|\u2606Swagadile|gg\n|c|\u2606NEdgyman|gg\n|c|\u2606Swagadile|im ready for game 2 whenever\n|l|\u2606NEdgyman\n|l|\u2606Swagadile\n|j| So Threatening\n","uploadtime":1699479300,"views":34,"p1id":"swagadile","p2id":"nedgyman","formatid":"gen9ubers","rating":0,"private":0,"password":""}