{"id":"gen9ubers-1975600271","p1":"Pickedman","p2":"godiamsosorry","format":"[Gen 9] Ubers","log":"|j|\u2606Pickedman\n|j|\u2606godiamsosorry\n|t:|1698210828\n|gametype|singles\n|player|p1|Pickedman|carmine-festival|\n|player|p2|godiamsosorry|scientistf|\n|teamsize|p1|6\n|teamsize|p2|6\n|gen|9\n|tier|[Gen 9] Ubers\n|rule|Sleep Clause Mod: Limit one foe put to sleep\n|rule|Species Clause: Limit one of each Pok\u00e9mon\n|rule|OHKO Clause: OHKO moves are banned\n|rule|Evasion Items Clause: Evasion items are banned\n|rule|Evasion Moves Clause: Evasion moves are banned\n|rule|Endless Battle Clause: Forcing endless battles is banned\n|rule|HP Percentage Mod: HP is shown in percentages\n|clearpoke\n|poke|p1|Fezandipiti, M|\n|poke|p1|Enamorus, F|\n|poke|p1|Empoleon, F|\n|poke|p1|Palafin, F|\n|poke|p1|Slowking-Galar, F|\n|poke|p1|Infernape, F|\n|poke|p2|Klefki, F|\n|poke|p2|Medicham, M|\n|poke|p2|Zoroark-Hisui, F|\n|poke|p2|Palafin, F|\n|poke|p2|Magearna|\n|poke|p2|Azelf|\n|teampreview\n|\n|t:|1698210847\n|start\n|switch|p1a: Palafin|Palafin, F|100\/100\n|switch|p2a: Klefki|Klefki, F, shiny|100\/100\n|turn|1\n|\n|t:|1698210859\n|detailschange|p1a: Palafin|Palafin-Hero, F\n|switch|p1a: Infernape|Infernape, F|100\/100\n|move|p2a: Klefki|Thunder Wave|p1a: Infernape\n|-status|p1a: Infernape|par\n|\n|upkeep\n|turn|2\n|\n|t:|1698210866\n|move|p2a: Klefki|Reflect|p2a: Klefki\n|-sidestart|p2: godiamsosorry|Reflect\n|cant|p1a: Infernape|par\n|\n|upkeep\n|turn|3\n|\n|t:|1698210882\n|move|p2a: Klefki|Light Screen|p2a: Klefki\n|-sidestart|p2: godiamsosorry|move: Light Screen\n|cant|p1a: Infernape|par\n|\n|upkeep\n|turn|4\n|\n|t:|1698210895\n|switch|p2a: Azelf|Azelf|100\/100\n|move|p1a: Infernape|Flare Blitz|p2a: Azelf\n|-damage|p2a: Azelf|35\/100\n|-damage|p1a: Infernape|79\/100 par|[from] Recoil\n|\n|-heal|p2a: Azelf|41\/100|[from] item: Leftovers\n|upkeep\n|turn|5\n|\n|t:|1698210901\n|move|p2a: Azelf|Psyshock|p1a: Infernape\n|-supereffective|p1a: Infernape\n|-damage|p1a: Infernape|0 fnt\n|faint|p1a: Infernape\n|\n|-heal|p2a: Azelf|47\/100|[from] item: Leftovers\n|upkeep\n|\n|t:|1698210911\n|switch|p1a: Palafin|Palafin-Hero, F|100\/100\n|-activate|p1a: Palafin|ability: Zero to Hero\n|turn|6\n|\n|t:|1698210916\n|move|p2a: Azelf|Energy Ball|p1a: Palafin\n|-supereffective|p1a: Palafin\n|-damage|p1a: Palafin|35\/100\n|move|p1a: Palafin|Hydro Pump|p2a: Azelf\n|-damage|p2a: Azelf|0 fnt\n|faint|p2a: Azelf\n|\n|upkeep\n|\n|t:|1698210919\n|switch|p2a: Magearna|Magearna|100\/100\n|turn|7\n|\n|t:|1698210930\n|move|p1a: Palafin|Hydro Pump|p2a: Magearna|[miss]\n|-miss|p1a: Palafin|p2a: Magearna\n|move|p2a: Magearna|Play Rough|p1a: Palafin\n|-damage|p1a: Palafin|0 fnt\n|faint|p1a: Palafin\n|-ability|p2a: Magearna|Soul-Heart|boost\n|-boost|p2a: Magearna|spa|1\n|\n|upkeep\n|\n|t:|1698210940\n|switch|p1a: Slowking|Slowking-Galar, F|100\/100\n|turn|8\n|\n|t:|1698210946\n|move|p2a: Magearna|Shift Gear|p2a: Magearna\n|-boost|p2a: Magearna|spe|2\n|-boost|p2a: Magearna|atk|1\n|move|p1a: Slowking|Thunder Wave|p2a: Magearna\n|-status|p2a: Magearna|par\n|\n|upkeep\n|turn|9\n|\n|t:|1698210953\n|move|p2a: Magearna|Shift Gear|p2a: Magearna\n|-boost|p2a: Magearna|spe|2\n|-boost|p2a: Magearna|atk|1\n|move|p1a: Slowking|Chilly Reception|p1a: Slowking\n|-weather|Snow\n|\n|t:|1698210963\n|switch|p1a: Fezandipiti|Fezandipiti, M|100\/100|[from] Chilly Reception\n|\n|-weather|Snow|[upkeep]\n|-sideend|p2: godiamsosorry|Reflect\n|upkeep\n|turn|10\n|\n|t:|1698211006\n|switch|p1a: Empoleon|Empoleon, F|100\/100\n|move|p2a: Magearna|Shift Gear|p2a: Magearna\n|-boost|p2a: Magearna|spe|2\n|-boost|p2a: Magearna|atk|1\n|\n|-weather|Snow|[upkeep]\n|-sideend|p2: godiamsosorry|move: Light Screen\n|upkeep\n|turn|11\n|\n|t:|1698211015\n|move|p2a: Magearna|Shift Gear|p2a: Magearna\n|-boost|p2a: Magearna|spe|0\n|-boost|p2a: Magearna|atk|1\n|move|p1a: Empoleon|Knock Off|p2a: Magearna\n|-resisted|p2a: Magearna\n|-damage|p2a: Magearna|91\/100 par\n|-enditem|p2a: Magearna|Leftovers|[from] move: Knock Off|[of] p1a: Empoleon\n|\n|-weather|Snow|[upkeep]\n|upkeep\n|turn|12\n|\n|t:|1698211018\n|move|p2a: Magearna|Shift Gear|p2a: Magearna\n|-boost|p2a: Magearna|spe|0\n|-boost|p2a: Magearna|atk|1\n|move|p1a: Empoleon|Flip Turn|p2a: Magearna\n|-damage|p2a: Magearna|74\/100 par\n|\n|t:|1698211023\n|switch|p1a: Slowking|Slowking-Galar, F|100\/100|[from] Flip Turn\n|\n|-weather|Snow|[upkeep]\n|upkeep\n|turn|13\n|\n|t:|1698211026\n|cant|p2a: Magearna|par\n|move|p1a: Slowking|Foul Play|p2a: Magearna\n|-resisted|p2a: Magearna\n|-damage|p2a: Magearna|24\/100 par\n|\n|-weather|none\n|upkeep\n|turn|14\n|\n|t:|1698211033\n|move|p2a: Magearna|Iron Head|p1a: Slowking\n|-damage|p1a: Slowking|0 fnt\n|faint|p1a: Slowking\n|-ability|p2a: Magearna|Soul-Heart|boost\n|-boost|p2a: Magearna|spa|1\n|\n|upkeep\n|c|\u2606godiamsosorry|Imagine if this thing had Power Trip.\n|c|\u2606Pickedman|would it be bannable yet\n|\n|t:|1698211057\n|switch|p1a: Empoleon|Empoleon, F|100\/100\n|turn|15\n|\n|t:|1698211067\n|cant|p2a: Magearna|par\n|move|p1a: Empoleon|Flip Turn|p2a: Magearna\n|-damage|p2a: Magearna|6\/100 par\n|c|\u2606godiamsosorry|Oh, brother...\n|\n|t:|1698211077\n|switch|p1a: Fezandipiti|Fezandipiti, M|100\/100|[from] Flip Turn\n|\n|upkeep\n|turn|16\n|\n|t:|1698211081\n|switch|p1a: Empoleon|Empoleon, F|100\/100\n|cant|p2a: Magearna|par\n|\n|upkeep\n|turn|17\n|\n|t:|1698211089\n|move|p2a: Magearna|Play Rough|p1a: Empoleon\n|-resisted|p1a: Empoleon\n|-damage|p1a: Empoleon|33\/100\n|move|p1a: Empoleon|Knock Off|p2a: Magearna\n|-resisted|p2a: Magearna\n|-damage|p2a: Magearna|0 fnt\n|faint|p2a: Magearna\n|\n|-heal|p1a: Empoleon|39\/100|[from] item: Leftovers\n|upkeep\n|\n|t:|1698211101\n|switch|p2a: Palafin|Palafin, F|100\/100\n|turn|18\n|\n|t:|1698211109\n|detailschange|p2a: Palafin|Palafin-Hero, F\n|switch|p2a: Medicham|Medicham, M|100\/100\n|move|p1a: Empoleon|Knock Off|p2a: Medicham\n|-damage|p2a: Medicham|68\/100\n|-enditem|p2a: Medicham|Choice Scarf|[from] move: Knock Off|[of] p1a: Empoleon\n|\n|-heal|p1a: Empoleon|45\/100|[from] item: Leftovers\n|upkeep\n|turn|19\n|\n|t:|1698211114\n|move|p2a: Medicham|Close Combat|p1a: Empoleon\n|-supereffective|p1a: Empoleon\n|-damage|p1a: Empoleon|0 fnt\n|-unboost|p2a: Medicham|def|1\n|-unboost|p2a: Medicham|spd|1\n|faint|p1a: Empoleon\n|\n|upkeep\n|\n|t:|1698211117\n|switch|p1a: Enamorus|Enamorus, F|100\/100\n|turn|20\n|\n|t:|1698211125\n|move|p1a: Enamorus|Taunt|p2a: Medicham\n|-start|p2a: Medicham|move: Taunt\n|move|p2a: Medicham|Ice Punch|p1a: Enamorus\n|-supereffective|p1a: Enamorus\n|-damage|p1a: Enamorus|0 fnt\n|faint|p1a: Enamorus\n|\n|upkeep\n|\n|t:|1698211127\n|switch|p1a: Fezandipiti|Fezandipiti, M|100\/100\n|turn|21\n|\n|t:|1698211137\n|switch|p2a: Klefki|Klefki, F, shiny|100\/100\n|move|p1a: Fezandipiti|Calm Mind|p1a: Fezandipiti\n|-boost|p1a: Fezandipiti|spa|1\n|-boost|p1a: Fezandipiti|spd|1\n|\n|upkeep\n|turn|22\n|\n|t:|1698211140\n|move|p2a: Klefki|Thunder Wave|p1a: Fezandipiti\n|-status|p1a: Fezandipiti|par\n|cant|p1a: Fezandipiti|par\n|\n|upkeep\n|turn|23\n|\n|t:|1698211143\n|move|p2a: Klefki|Flash Cannon|p1a: Fezandipiti\n|-supereffective|p1a: Fezandipiti\n|-damage|p1a: Fezandipiti|79\/100 par\n|move|p1a: Fezandipiti|Heat Wave|p2a: Klefki\n|-supereffective|p2a: Klefki\n|-damage|p2a: Klefki|45\/100\n|-status|p2a: Klefki|brn\n|\n|-heal|p1a: Fezandipiti|85\/100 par|[from] item: Leftovers\n|-damage|p2a: Klefki|39\/100 brn|[from] brn\n|upkeep\n|turn|24\n|\n|t:|1698211147\n|move|p2a: Klefki|Light Screen|p2a: Klefki\n|-sidestart|p2: godiamsosorry|move: Light Screen\n|move|p1a: Fezandipiti|Calm Mind|p1a: Fezandipiti\n|-boost|p1a: Fezandipiti|spa|1\n|-boost|p1a: Fezandipiti|spd|1\n|\n|-heal|p1a: Fezandipiti|92\/100 par|[from] item: Leftovers\n|-damage|p2a: Klefki|33\/100 brn|[from] brn\n|upkeep\n|turn|25\n|\n|t:|1698211150\n|move|p2a: Klefki|Flash Cannon|p1a: Fezandipiti\n|-supereffective|p1a: Fezandipiti\n|-damage|p1a: Fezandipiti|75\/100 par\n|cant|p1a: Fezandipiti|par\n|\n|-heal|p1a: Fezandipiti|81\/100 par|[from] item: Leftovers\n|-damage|p2a: Klefki|27\/100 brn|[from] brn\n|upkeep\n|turn|26\n|\n|t:|1698211153\n|move|p2a: Klefki|Flash Cannon|p1a: Fezandipiti\n|-supereffective|p1a: Fezandipiti\n|-damage|p1a: Fezandipiti|65\/100 par\n|cant|p1a: Fezandipiti|par\n|\n|-heal|p1a: Fezandipiti|71\/100 par|[from] item: Leftovers\n|-damage|p2a: Klefki|21\/100 brn|[from] brn\n|upkeep\n|turn|27\n|\n|t:|1698211158\n|move|p2a: Klefki|Flash Cannon|p1a: Fezandipiti\n|-supereffective|p1a: Fezandipiti\n|-damage|p1a: Fezandipiti|53\/100 par\n|cant|p1a: Fezandipiti|par\n|\n|-heal|p1a: Fezandipiti|59\/100 par|[from] item: Leftovers\n|-damage|p2a: Klefki|15\/100 brn|[from] brn\n|upkeep\n|turn|28\n|c|\u2606Pickedman|i think i might kms\n|\n|t:|1698211167\n|move|p2a: Klefki|Flash Cannon|p1a: Fezandipiti\n|-supereffective|p1a: Fezandipiti\n|-damage|p1a: Fezandipiti|41\/100 par\n|-unboost|p1a: Fezandipiti|spd|1\n|move|p1a: Fezandipiti|Roost|p1a: Fezandipiti\n|-heal|p1a: Fezandipiti|91\/100 par\n|-singleturn|p1a: Fezandipiti|move: Roost\n|\n|-heal|p1a: Fezandipiti|97\/100 par|[from] item: Leftovers\n|-damage|p2a: Klefki|9\/100 brn|[from] brn\n|upkeep\n|turn|29\n|c|\u2606godiamsosorry|Skill...\n|\n|t:|1698211173\n|move|p2a: Klefki|Flash Cannon|p1a: Fezandipiti\n|-supereffective|p1a: Fezandipiti\n|-damage|p1a: Fezandipiti|75\/100 par\n|move|p1a: Fezandipiti|Calm Mind|p1a: Fezandipiti\n|-boost|p1a: Fezandipiti|spa|1\n|-boost|p1a: Fezandipiti|spd|1\n|\n|-heal|p1a: Fezandipiti|81\/100 par|[from] item: Leftovers\n|-damage|p2a: Klefki|3\/100 brn|[from] brn\n|upkeep\n|turn|30\n|\n|t:|1698211177\n|move|p2a: Klefki|Flash Cannon|p1a: Fezandipiti\n|-supereffective|p1a: Fezandipiti\n|-damage|p1a: Fezandipiti|64\/100 par\n|cant|p1a: Fezandipiti|par\n|\n|-heal|p1a: Fezandipiti|70\/100 par|[from] item: Leftovers\n|-damage|p2a: Klefki|0 fnt|[from] brn\n|faint|p2a: Klefki\n|upkeep\n|\n|t:|1698211180\n|switch|p2a: Palafin|Palafin-Hero, F|100\/100\n|-activate|p2a: Palafin|ability: Zero to Hero\n|turn|31\n|c|\u2606godiamsosorry|True...\n|c|\u2606Pickedman|calc dex isn't letting me switch palafin forms weird\n|\n|t:|1698211285\n|-terastallize|p2a: Palafin|Normal\n|move|p2a: Palafin|Boomburst|p1a: Fezandipiti\n|-damage|p1a: Fezandipiti|34\/100 par\n|move|p1a: Fezandipiti|Sludge Bomb|p2a: Palafin\n|-damage|p2a: Palafin|66\/100\n|\n|-heal|p1a: Fezandipiti|40\/100 par|[from] item: Leftovers\n|-sideend|p2: godiamsosorry|move: Light Screen\n|upkeep\n|turn|32\n|c|\u2606godiamsosorry|Oh fr?\n|c|\u2606godiamsosorry|Yeah it\u00b4s funky like that,,,\n|c|\u2606Pickedman|oh ok it works now for some reason\n|\n|t:|1698211304\n|move|p2a: Palafin|Boomburst|p1a: Fezandipiti\n|-damage|p1a: Fezandipiti|7\/100 par\n|move|p1a: Fezandipiti|Roost|p1a: Fezandipiti\n|-heal|p1a: Fezandipiti|57\/100 par\n|-singleturn|p1a: Fezandipiti|move: Roost\n|\n|-heal|p1a: Fezandipiti|63\/100 par|[from] item: Leftovers\n|upkeep\n|turn|33\n|\n|t:|1698211311\n|move|p2a: Palafin|Boomburst|p1a: Fezandipiti\n|-damage|p1a: Fezandipiti|28\/100 par\n|move|p1a: Fezandipiti|Calm Mind|p1a: Fezandipiti\n|-boost|p1a: Fezandipiti|spa|1\n|-boost|p1a: Fezandipiti|spd|1\n|\n|-heal|p1a: Fezandipiti|34\/100 par|[from] item: Leftovers\n|upkeep\n|turn|34\n|\n|t:|1698211315\n|move|p2a: Palafin|Boomburst|p1a: Fezandipiti\n|-damage|p1a: Fezandipiti|5\/100 par\n|move|p1a: Fezandipiti|Roost|p1a: Fezandipiti\n|-heal|p1a: Fezandipiti|55\/100 par\n|-singleturn|p1a: Fezandipiti|move: Roost\n|\n|-heal|p1a: Fezandipiti|61\/100 par|[from] item: Leftovers\n|upkeep\n|turn|35\n|\n|t:|1698211328\n|move|p2a: Palafin|Boomburst|p1a: Fezandipiti\n|-crit|p1a: Fezandipiti\n|-damage|p1a: Fezandipiti|0 fnt\n|faint|p1a: Fezandipiti\n|\n|win|godiamsosorry\n|c|\u2606Pickedman|ggwp\n|c|\u2606godiamsosorry|Skill...\n|c|\u2606godiamsosorry|GG\n|c|\u2606godiamsosorry|Wp\n","uploadtime":1698211340,"views":13,"p1id":"pickedman","p2id":"godiamsosorry","formatid":"gen9ubers","rating":0,"private":0,"password":""}