{"id":"gen9ubers-1987295052","p1":"Anne Frankkkk","p2":"ssj3ku","format":"[Gen 9] Ubers","log":"|j|\u2606Anne Frankkkk\n|j|\u2606ssj3ku\n|t:|1699574269\n|gametype|singles\n|player|p1|Anne Frankkkk|hilbert|1215\n|player|p2|ssj3ku|265|1145\n|teamsize|p1|6\n|teamsize|p2|6\n|gen|9\n|tier|[Gen 9] Ubers\n|rated|\n|rule|Sleep Clause Mod: Limit one foe put to sleep\n|rule|Species Clause: Limit one of each Pok\u00e9mon\n|rule|OHKO Clause: OHKO moves are banned\n|rule|Evasion Items Clause: Evasion items are banned\n|rule|Evasion Moves Clause: Evasion moves are banned\n|rule|Endless Battle Clause: Forcing endless battles is banned\n|rule|HP Percentage Mod: HP is shown in percentages\n|clearpoke\n|poke|p1|Iron Hands|\n|poke|p1|Kyogre|\n|poke|p1|Chien-Pao|\n|poke|p1|Ribombee, F|\n|poke|p1|Miraidon|\n|poke|p1|Flutter Mane|\n|poke|p2|Koraidon|\n|poke|p2|Lilligant, F|\n|poke|p2|Ceruledge, M|\n|poke|p2|Great Tusk|\n|poke|p2|Ogerpon-Hearthflame, F|\n|poke|p2|Armarouge, F|\n|teampreview\n|inactive|Battle timer is ON: inactive players will automatically lose when time's up. (requested by Anne Frankkkk)\n|\n|t:|1699574282\n|start\n|switch|p1a: Moonblast|Ribombee, F, shiny|100\/100\n|switch|p2a: Dragon got Hands|Koraidon|100\/100\n|-weather|SunnyDay|[from] ability: Orichalcum Pulse|[of] p2a: Dragon got Hands\n|-activate|p2a: Dragon got Hands|Orichalcum Pulse|[source]\n|turn|1\n|\n|t:|1699574295\n|switch|p2a: Flora|Lilligant, F, shiny|100\/100\n|move|p1a: Moonblast|Stun Spore|p2a: Flora\n|-immune|p2a: Flora\n|\n|-weather|SunnyDay|[upkeep]\n|upkeep\n|turn|2\n|\n|t:|1699574301\n|move|p2a: Flora|Quiver Dance|p2a: Flora\n|-boost|p2a: Flora|spa|1\n|-boost|p2a: Flora|spd|1\n|-boost|p2a: Flora|spe|1\n|move|p1a: Moonblast|Sticky Web|p2a: Flora\n|-sidestart|p2: ssj3ku|move: Sticky Web\n|\n|-weather|SunnyDay|[upkeep]\n|upkeep\n|turn|3\n|\n|t:|1699574309\n|switch|p1a: Ice Cat|Chien-Pao|100\/100\n|-ability|p1a: Ice Cat|Sword of Ruin\n|move|p2a: Flora|Weather Ball|p1a: Ice Cat\n|-supereffective|p1a: Ice Cat\n|-enditem|p1a: Ice Cat|Focus Sash\n|-damage|p1a: Ice Cat|1\/100\n|\n|-weather|SunnyDay|[upkeep]\n|upkeep\n|turn|4\n|\n|t:|1699574322\n|move|p1a: Ice Cat|Sucker Punch|p2a: Flora\n|-damage|p2a: Flora|29\/100\n|move|p2a: Flora|Giga Drain|p1a: Ice Cat\n|-damage|p1a: Ice Cat|0 fnt\n|-heal|p2a: Flora|29\/100|[from] drain|[of] p1a: Ice Cat\n|faint|p1a: Ice Cat\n|\n|-weather|SunnyDay|[upkeep]\n|upkeep\n|\n|t:|1699574325\n|switch|p1a: Big Boy|Iron Hands, shiny|100\/100\n|turn|5\n|\n|t:|1699574334\n|move|p1a: Big Boy|Fake Out|p2a: Flora\n|-damage|p2a: Flora|3\/100\n|cant|p2a: Flora|flinch\n|\n|-weather|SunnyDay|[upkeep]\n|upkeep\n|turn|6\n|\n|t:|1699574342\n|move|p2a: Flora|Giga Drain|p1a: Big Boy\n|-damage|p1a: Big Boy|71\/100\n|-heal|p2a: Flora|38\/100|[from] drain|[of] p1a: Big Boy\n|move|p1a: Big Boy|Brick Break|p2a: Flora\n|-damage|p2a: Flora|0 fnt\n|faint|p2a: Flora\n|\n|-weather|SunnyDay|[upkeep]\n|upkeep\n|\n|t:|1699574356\n|switch|p2a: Great DIX|Great Tusk|100\/100\n|-activate|p2a: Great DIX|move: Sticky Web\n|-unboost|p2a: Great DIX|spe|1\n|-activate|p2a: Great DIX|ability: Protosynthesis\n|-start|p2a: Great DIX|protosynthesisatk\n|turn|7\n|\n|t:|1699574359\n|-end|p1a: Big Boy|Quark Drive|[silent]\n|switch|p1a: Misdreavius|Flutter Mane, shiny|100\/100\n|-activate|p1a: Misdreavius|ability: Protosynthesis\n|-start|p1a: Misdreavius|protosynthesisspe\n|move|p2a: Great DIX|Rapid Spin|p1a: Misdreavius\n|-immune|p1a: Misdreavius\n|\n|-weather|SunnyDay|[upkeep]\n|upkeep\n|turn|8\n|\n|t:|1699574367\n|move|p1a: Misdreavius|Moonblast|p2a: Great DIX\n|-supereffective|p2a: Great DIX\n|-damage|p2a: Great DIX|0 fnt\n|faint|p2a: Great DIX\n|-end|p2a: Great DIX|Protosynthesis|[silent]\n|\n|-weather|none\n|-end|p1a: Misdreavius|Protosynthesis\n|upkeep\n|-enditem|p1a: Misdreavius|Booster Energy\n|-activate|p1a: Misdreavius|ability: Protosynthesis|[fromitem]\n|-start|p1a: Misdreavius|protosynthesisspe\n|\n|t:|1699574374\n|switch|p2a: Dragon got Hands|Koraidon|100\/100\n|-activate|p2a: Dragon got Hands|move: Sticky Web\n|-unboost|p2a: Dragon got Hands|spe|1\n|-weather|SunnyDay|[from] ability: Orichalcum Pulse|[of] p2a: Dragon got Hands\n|-activate|p2a: Dragon got Hands|Orichalcum Pulse|[source]\n|turn|9\n|\n|t:|1699574385\n|switch|p2a: Blue Exordix|Ceruledge, M, shiny|100\/100\n|-activate|p2a: Blue Exordix|move: Sticky Web\n|-unboost|p2a: Blue Exordix|spe|1\n|move|p1a: Misdreavius|Moonblast|p2a: Blue Exordix\n|-resisted|p2a: Blue Exordix\n|-damage|p2a: Blue Exordix|72\/100\n|\n|-weather|SunnyDay|[upkeep]\n|upkeep\n|turn|10\n|\n|t:|1699574393\n|move|p2a: Blue Exordix|Shadow Sneak|p1a: Misdreavius\n|-supereffective|p1a: Misdreavius\n|-damage|p1a: Misdreavius|29\/100\n|move|p1a: Misdreavius|Shadow Ball|p2a: Blue Exordix\n|-supereffective|p2a: Blue Exordix\n|-damage|p2a: Blue Exordix|0 fnt\n|faint|p2a: Blue Exordix\n|\n|-weather|SunnyDay|[upkeep]\n|upkeep\n|\n|t:|1699574401\n|switch|p2a: OOGA BOOGA|Ogerpon-Hearthflame, F|100\/100\n|-activate|p2a: OOGA BOOGA|move: Sticky Web\n|-unboost|p2a: OOGA BOOGA|spe|1\n|-ability|p2a: OOGA BOOGA|Mold Breaker\n|turn|11\n|\n|t:|1699574405\n|move|p1a: Misdreavius|Power Gem|p2a: OOGA BOOGA\n|-supereffective|p2a: OOGA BOOGA\n|-damage|p2a: OOGA BOOGA|33\/100\n|move|p2a: OOGA BOOGA|Trailblaze|p1a: Misdreavius\n|-damage|p1a: Misdreavius|0 fnt\n|-boost|p2a: OOGA BOOGA|spe|1\n|faint|p1a: Misdreavius\n|-end|p1a: Misdreavius|Protosynthesis|[silent]\n|\n|-weather|SunnyDay|[upkeep]\n|upkeep\n|\n|t:|1699574411\n|switch|p1a: Big Boy|Iron Hands, shiny|71\/100\n|turn|12\n|\n|t:|1699574418\n|move|p1a: Big Boy|Fake Out|p2a: OOGA BOOGA\n|-damage|p2a: OOGA BOOGA|13\/100\n|cant|p2a: OOGA BOOGA|flinch\n|\n|-weather|SunnyDay|[upkeep]\n|upkeep\n|turn|13\n|\n|t:|1699574424\n|move|p2a: OOGA BOOGA|Knock Off|p1a: Big Boy\n|-resisted|p1a: Big Boy\n|-damage|p1a: Big Boy|59\/100\n|-enditem|p1a: Big Boy|Assault Vest|[from] move: Knock Off|[of] p2a: OOGA BOOGA\n|move|p1a: Big Boy|Brick Break|p2a: OOGA BOOGA\n|-damage|p2a: OOGA BOOGA|0 fnt\n|faint|p2a: OOGA BOOGA\n|\n|-weather|SunnyDay|[upkeep]\n|upkeep\n|\n|t:|1699574432\n|switch|p2a: I Ron man|Armarouge, F|100\/100\n|-activate|p2a: I Ron man|move: Sticky Web\n|-unboost|p2a: I Ron man|spe|1\n|turn|14\n|\n|t:|1699574436\n|move|p2a: I Ron man|Iron Defense|p2a: I Ron man\n|-boost|p2a: I Ron man|def|2\n|move|p1a: Big Boy|Wild Charge|p2a: I Ron man\n|-damage|p2a: I Ron man|78\/100\n|-ability|p2a: I Ron man|Weak Armor|boost\n|-unboost|p2a: I Ron man|def|1\n|-boost|p2a: I Ron man|spe|2\n|-damage|p1a: Big Boy|56\/100|[from] Recoil\n|\n|-weather|SunnyDay|[upkeep]\n|upkeep\n|turn|15\n|\n|t:|1699574445\n|move|p2a: I Ron man|Iron Defense|p2a: I Ron man\n|-boost|p2a: I Ron man|def|2\n|move|p1a: Big Boy|Wild Charge|p2a: I Ron man\n|-damage|p2a: I Ron man|58\/100\n|-ability|p2a: I Ron man|Weak Armor|boost\n|-unboost|p2a: I Ron man|def|1\n|-boost|p2a: I Ron man|spe|2\n|-damage|p1a: Big Boy|53\/100|[from] Recoil\n|\n|-weather|SunnyDay|[upkeep]\n|upkeep\n|turn|16\n|\n|t:|1699574467\n|-end|p1a: Big Boy|Quark Drive|[silent]\n|switch|p1a: Cyber Lizard|Miraidon|100\/100\n|-fieldstart|move: Electric Terrain|[from] ability: Hadron Engine|[of] p1a: Cyber Lizard\n|-item|p1a: Cyber Lizard|Air Balloon\n|move|p2a: I Ron man|Calm Mind|p2a: I Ron man\n|-boost|p2a: I Ron man|spa|1\n|-boost|p2a: I Ron man|spd|1\n|\n|-weather|none\n|upkeep\n|turn|17\n|\n|t:|1699574476\n|move|p2a: I Ron man|Stored Power|p1a: Cyber Lizard\n|-damage|p1a: Cyber Lizard|11\/100\n|-enditem|p1a: Cyber Lizard|Air Balloon\n|move|p1a: Cyber Lizard|Electro Drift|p2a: I Ron man\n|-damage|p2a: I Ron man|0 fnt\n|faint|p2a: I Ron man\n|\n|upkeep\n|c|\u2606ssj3ku|WHAT?\n|\n|t:|1699574492\n|switch|p2a: Dragon got Hands|Koraidon|100\/100\n|-activate|p2a: Dragon got Hands|move: Sticky Web\n|-unboost|p2a: Dragon got Hands|spe|1\n|-weather|SunnyDay|[from] ability: Orichalcum Pulse|[of] p2a: Dragon got Hands\n|-activate|p2a: Dragon got Hands|Orichalcum Pulse|[source]\n|turn|18\n|\n|t:|1699574503\n|move|p1a: Cyber Lizard|Dragon Pulse|p2a: Dragon got Hands\n|-supereffective|p2a: Dragon got Hands\n|-damage|p2a: Dragon got Hands|0 fnt\n|faint|p2a: Dragon got Hands\n|\n|win|Anne Frankkkk\n|raw|Anne Frankkkk's rating: 1215 &rarr; <strong>1235<\/strong><br \/>(+20 for winning)\n|raw|ssj3ku's rating: 1145 &rarr; <strong>1125<\/strong><br \/>(-20 for losing)\n|l|\u2606ssj3ku\n","uploadtime":1699574521,"views":8,"p1id":"annefrankkkk","p2id":"ssj3ku","formatid":"gen9ubers","rating":1125,"private":0,"password":""}