{"id":"gen9ubers-1996641287","p1":"Inarinokamen","p2":"sweepy boi","format":"[Gen 9] Ubers","log":"|j|\u2606Inarinokamen\n|j|\u2606sweepy boi\n|t:|1700704083\n|gametype|singles\n|player|p1|Inarinokamen|red-masters2|\n|player|p2|sweepy boi|skyla|\n|teamsize|p1|6\n|teamsize|p2|6\n|gen|9\n|tier|[Gen 9] Ubers\n|rule|Sleep Clause Mod: Limit one foe put to sleep\n|rule|Species Clause: Limit one of each Pok\u00e9mon\n|rule|OHKO Clause: OHKO moves are banned\n|rule|Evasion Items Clause: Evasion items are banned\n|rule|Evasion Moves Clause: Evasion moves are banned\n|rule|Endless Battle Clause: Forcing endless battles is banned\n|rule|HP Percentage Mod: HP is shown in percentages\n|clearpoke\n|poke|p1|Darkrai|\n|poke|p1|Slowbro-Galar, F|\n|poke|p1|Cramorant, M|\n|poke|p1|Blissey, F|\n|poke|p1|Zoroark-Hisui, F|\n|poke|p1|Salamence, M|\n|poke|p2|Gliscor, F|\n|poke|p2|Zoroark-Hisui, F|\n|poke|p2|Gholdengo|\n|poke|p2|Azelf|\n|poke|p2|Palafin, M|\n|poke|p2|Walking Wake|\n|teampreview\n|inactive|Battle timer is ON: inactive players will automatically lose when time's up. (requested by Inarinokamen)\n|c|\u2606Inarinokamen|Glhf\n|c|\u2606sweepy boi|fellow cram enjoyer i see\n|c|\u2606sweepy boi|glhf\n|c|\u2606Inarinokamen|Oh of course\n|c|\u2606Inarinokamen|cram the goat\n|inactive|Inarinokamen has 270 seconds left.\n|\n|t:|1700704124\n|start\n|switch|p1a: Blissey|Blissey, F|100\/100\n|switch|p2a: Gliscor|Gliscor, F|100\/100\n|turn|1\n|\n|t:|1700704144\n|move|p1a: Blissey|Knock Off|p2a: Gliscor\n|-supereffective|p2a: Gliscor\n|-damage|p2a: Gliscor|0 fnt\n|replace|p2a: Zoroark|Zoroark-Hisui, F\n|-end|p2a: Zoroark|Illusion\n|-enditem|p2a: Zoroark|Toxic Orb|[from] move: Knock Off|[of] p1a: Blissey\n|faint|p2a: Zoroark\n|\n|upkeep\n|c|\u2606Inarinokamen|HUH\n|inactive|sweepy boi has 270 seconds left.\n|c|\u2606Inarinokamen|Toxic orb Zoroark for the bait??\n|c|\u2606sweepy boi|i do a little trolling\n|c|\u2606Inarinokamen|Real\n|\n|t:|1700704180\n|switch|p2a: Walking Wake|Walking Wake|100\/100\n|turn|2\n|\n|t:|1700704188\n|move|p1a: Blissey|U-turn|p2a: Walking Wake\n|-damage|p2a: Walking Wake|80\/100\n|\n|t:|1700704193\n|switch|p1a: Slowbro|Slowbro-Galar, F, shiny|100\/100|[from] U-turn\n|move|p2a: Walking Wake|Outrage|p1a: Slowbro\n|-damage|p1a: Slowbro|71\/100\n|\n|upkeep\n|turn|3\n|\n|t:|1700704203\n|move|p2a: Walking Wake|Outrage|p1a: Slowbro|[from]lockedmove\n|-damage|p1a: Slowbro|40\/100\n|move|p1a: Slowbro|Psyshock|p2a: Walking Wake\n|-damage|p2a: Walking Wake|35\/100\n|\n|upkeep\n|turn|4\n|inactive|sweepy boi has 270 seconds left.\n|\n|t:|1700704208\n|move|p2a: Walking Wake|Outrage|p1a: Slowbro|[from]lockedmove\n|-damage|p1a: Slowbro|11\/100\n|-start|p2a: Walking Wake|confusion|[fatigue]\n|move|p1a: Slowbro|Psyshock|p2a: Walking Wake\n|-damage|p2a: Walking Wake|0 fnt\n|faint|p2a: Walking Wake\n|-end|p2a: Walking Wake|Protosynthesis|[silent]\n|\n|upkeep\n|inactive|sweepy boi has 270 seconds left.\n|\n|t:|1700704230\n|switch|p2a: Azelf|Azelf|100\/100\n|turn|5\n|\n|t:|1700704242\n|switch|p1a: Salamence|Salamence, M, shiny|100\/100\n|-ability|p1a: Salamence|Intimidate|boost\n|-unboost|p2a: Azelf|atk|1\n|move|p2a: Azelf|Calm Mind|p2a: Azelf\n|-boost|p2a: Azelf|spa|1\n|-boost|p2a: Azelf|spd|1\n|\n|upkeep\n|turn|6\n|\n|t:|1700704257\n|move|p1a: Salamence|Draco Meteor|p2a: Azelf\n|-damage|p2a: Azelf|33\/100\n|-unboost|p1a: Salamence|spa|2\n|move|p2a: Azelf|Psyshock|p1a: Salamence\n|-damage|p1a: Salamence|34\/100\n|\n|upkeep\n|turn|7\n|\n|t:|1700704277\n|switch|p2a: Palafin|Palafin, M|100\/100\n|move|p1a: Salamence|Draco Meteor|p2a: Palafin\n|-damage|p2a: Palafin|48\/100\n|-unboost|p1a: Salamence|spa|2\n|\n|upkeep\n|turn|8\n|\n|t:|1700704290\n|switch|p1a: Slowbro|Slowbro-Galar, F, shiny|44\/100\n|detailschange|p2a: Palafin|Palafin-Hero, M\n|switch|p2a: Gholdengo|Gholdengo|100\/100\n|\n|upkeep\n|turn|9\n|\n|t:|1700704298\n|move|p2a: Gholdengo|Light Screen|p2a: Gholdengo\n|-sidestart|p2: sweepy boi|move: Light Screen\n|move|p1a: Slowbro|Fire Blast|p2a: Gholdengo\n|-supereffective|p2a: Gholdengo\n|-damage|p2a: Gholdengo|54\/100\n|\n|upkeep\n|turn|10\n|\n|t:|1700704308\n|switch|p2a: Gliscor|Gliscor, F|100\/100\n|move|p1a: Slowbro|Fire Blast|p2a: Gliscor\n|-damage|p2a: Gliscor|70\/100\n|\n|-status|p2a: Gliscor|tox|[from] item: Toxic Orb\n|upkeep\n|turn|11\n|\n|t:|1700704317\n|move|p2a: Gliscor|Mud-Slap|p1a: Slowbro\n|-supereffective|p1a: Slowbro\n|-damage|p1a: Slowbro|35\/100\n|-unboost|p1a: Slowbro|accuracy|1\n|move|p1a: Slowbro|Fire Blast|p2a: Gliscor|[miss]\n|-miss|p1a: Slowbro|p2a: Gliscor\n|\n|-heal|p2a: Gliscor|82\/100 tox|[from] ability: Poison Heal\n|upkeep\n|turn|12\n|\n|t:|1700704327\n|switch|p1a: Salamence|Salamence, M, shiny|34\/100\n|-ability|p1a: Salamence|Intimidate|boost\n|-unboost|p2a: Gliscor|atk|1\n|move|p2a: Gliscor|Toxic|p1a: Salamence|[miss]\n|-miss|p2a: Gliscor|p1a: Salamence\n|\n|-heal|p2a: Gliscor|95\/100 tox|[from] ability: Poison Heal\n|upkeep\n|turn|13\n|inactive|sweepy boi has 270 seconds left.\n|\n|t:|1700704334\n|switch|p1a: Slowbro|Slowbro-Galar, F, shiny|69\/100\n|move|p2a: Gliscor|Protect||[still]\n|-fail|p2a: Gliscor\n|\n|-heal|p2a: Gliscor|100\/100 tox|[from] ability: Poison Heal\n|upkeep\n|turn|14\n|\n|t:|1700704341\n|move|p2a: Gliscor|Spikes|p1a: Slowbro\n|-sidestart|p1: Inarinokamen|Spikes\n|move|p1a: Slowbro|Ice Beam|p2a: Gliscor\n|-supereffective|p2a: Gliscor\n|-damage|p2a: Gliscor|10\/100 tox\n|\n|-heal|p2a: Gliscor|23\/100 tox|[from] ability: Poison Heal\n|upkeep\n|turn|15\n|\n|t:|1700704350\n|switch|p1a: Cramorant|Cramorant, M, shiny|100\/100\n|move|p2a: Gliscor|Protect||[still]\n|-fail|p2a: Gliscor\n|\n|-heal|p2a: Gliscor|35\/100 tox|[from] ability: Poison Heal\n|upkeep\n|turn|16\n|\n|t:|1700704367\n|move|p2a: Gliscor|Protect|p2a: Gliscor\n|-singleturn|p2a: Gliscor|Protect\n|move|p1a: Cramorant|Surf|p2a: Gliscor\n|-activate|p2a: Gliscor|move: Protect\n|\n|-heal|p2a: Gliscor|47\/100 tox|[from] ability: Poison Heal\n|-sideend|p2: sweepy boi|move: Light Screen\n|upkeep\n|turn|17\n|\n|t:|1700704377\n|-terastallize|p2a: Gliscor|Fairy\n|move|p2a: Gliscor|Toxic|p1a: Cramorant\n|-status|p1a: Cramorant|tox\n|move|p1a: Cramorant|Defog|p2a: Gliscor\n|-unboost|p2a: Gliscor|evasion|1\n|-sideend|p1: Inarinokamen|Spikes|[from] move: Defog|[of] p1a: Cramorant\n|\n|-heal|p2a: Gliscor|60\/100 tox|[from] ability: Poison Heal\n|-damage|p1a: Cramorant|94\/100 tox|[from] psn\n|upkeep\n|turn|18\n|inactive|sweepy boi has 270 seconds left.\n|\n|t:|1700704403\n|switch|p2a: Palafin|Palafin-Hero, M|48\/100\n|-activate|p2a: Palafin|ability: Zero to Hero\n|move|p1a: Cramorant|Stockpile|p1a: Cramorant\n|-start|p1a: Cramorant|stockpile1\n|-boost|p1a: Cramorant|def|1\n|-boost|p1a: Cramorant|spd|1\n|\n|-damage|p1a: Cramorant|82\/100 tox|[from] psn\n|upkeep\n|turn|19\n|\n|t:|1700704412\n|move|p2a: Palafin|Boomburst|p1a: Cramorant\n|-damage|p1a: Cramorant|39\/100 tox\n|move|p1a: Cramorant|Surf|p2a: Palafin\n|-formechange|p1a: Cramorant|Cramorant-Gorging|\n|-resisted|p2a: Palafin\n|-damage|p2a: Palafin|33\/100\n|\n|-damage|p1a: Cramorant|21\/100 tox|[from] psn\n|upkeep\n|turn|20\n|inactive|sweepy boi has 270 seconds left.\n|\n|t:|1700704420\n|switch|p2a: Gliscor|Gliscor, F, tera:Fairy|60\/100 tox\n|move|p1a: Cramorant|Roost|p1a: Cramorant\n|-heal|p1a: Cramorant|71\/100 tox\n|-singleturn|p1a: Cramorant|move: Roost\n|\n|-heal|p2a: Gliscor|72\/100 tox|[from] ability: Poison Heal\n|-damage|p1a: Cramorant|46\/100 tox|[from] psn\n|upkeep\n|turn|21\n|inactive|sweepy boi has 270 seconds left.\n|\n|t:|1700704431\n|move|p2a: Gliscor|Spikes|p1a: Cramorant\n|-sidestart|p1: Inarinokamen|Spikes\n|move|p1a: Cramorant|Roost|p1a: Cramorant\n|-heal|p1a: Cramorant|96\/100 tox\n|-singleturn|p1a: Cramorant|move: Roost\n|\n|-heal|p2a: Gliscor|85\/100 tox|[from] ability: Poison Heal\n|-damage|p1a: Cramorant|65\/100 tox|[from] psn\n|upkeep\n|turn|22\n|inactive|sweepy boi has 270 seconds left.\n|\n|t:|1700704450\n|move|p2a: Gliscor|Mud-Slap|p1a: Cramorant\n|-immune|p1a: Cramorant\n|move|p1a: Cramorant|Defog|p2a: Gliscor\n|-unboost|p2a: Gliscor|evasion|1\n|-sideend|p1: Inarinokamen|Spikes|[from] move: Defog|[of] p1a: Cramorant\n|\n|-heal|p2a: Gliscor|97\/100 tox|[from] ability: Poison Heal\n|-damage|p1a: Cramorant|28\/100 tox|[from] psn\n|upkeep\n|turn|23\n|inactive|sweepy boi has 270 seconds left.\n|\n|t:|1700704456\n|move|p2a: Gliscor|Spikes|p1a: Cramorant\n|-sidestart|p1: Inarinokamen|Spikes\n|move|p1a: Cramorant|Surf|p2a: Gliscor\n|-damage|p2a: Gliscor|66\/100 tox\n|\n|-heal|p2a: Gliscor|78\/100 tox|[from] ability: Poison Heal\n|-damage|p1a: Cramorant|0 fnt|[from] psn\n|faint|p1a: Cramorant\n|upkeep\n|\n|t:|1700704469\n|switch|p1a: Blissey|Blissey, F|100\/100\n|-damage|p1a: Blissey|88\/100|[from] Spikes\n|turn|24\n|\n|t:|1700704488\n|move|p1a: Blissey|Poltergeist|p2a: Gliscor\n|-activate|p2a: Gliscor|move: Poltergeist|Toxic Orb\n|-damage|p2a: Gliscor|47\/100 tox\n|move|p2a: Gliscor|Toxic|p1a: Blissey\n|-status|p1a: Blissey|tox\n|\n|-damage|p1a: Blissey|82\/100 tox|[from] psn\n|-heal|p2a: Gliscor|59\/100 tox|[from] ability: Poison Heal\n|upkeep\n|turn|25\n|\n|t:|1700704499\n|move|p1a: Blissey|U-turn|p2a: Gliscor\n|-resisted|p2a: Gliscor\n|-damage|p2a: Gliscor|53\/100 tox\n|\n|t:|1700704507\n|switch|p1a: Blissey|Blissey, F|100\/100|[from] U-turn\n|-damage|p1a: Blissey|88\/100|[from] Spikes\n|move|p2a: Gliscor|Mud-Slap|p1a: Blissey\n|-damage|p1a: Blissey|87\/100\n|-unboost|p1a: Blissey|accuracy|1\n|\n|-heal|p1a: Blissey|93\/100|[from] item: Leftovers\n|-heal|p2a: Gliscor|66\/100 tox|[from] ability: Poison Heal\n|upkeep\n|turn|26\n|\n|t:|1700704516\n|move|p2a: Gliscor|Spikes|p1a: Blissey\n|-sidestart|p1: Inarinokamen|Spikes\n|move|p1a: Blissey|Stealth Rock|p2a: Gliscor\n|-sidestart|p2: sweepy boi|move: Stealth Rock\n|\n|-heal|p1a: Blissey|99\/100|[from] item: Leftovers\n|-heal|p2a: Gliscor|78\/100 tox|[from] ability: Poison Heal\n|upkeep\n|turn|27\n|\n|t:|1700704522\n|move|p2a: Gliscor|Spikes|p1a: Blissey\n|-sidestart|p1: Inarinokamen|Spikes\n|move|p1a: Blissey|Seismic Toss|p2a: Gliscor\n|-damage|p2a: Gliscor|50\/100 tox\n|\n|-heal|p1a: Blissey|100\/100|[from] item: Leftovers\n|-heal|p2a: Gliscor|62\/100 tox|[from] ability: Poison Heal\n|upkeep\n|turn|28\n|\n|t:|1700704533\n|switch|p2a: Gholdengo|Gholdengo|54\/100\n|-damage|p2a: Gholdengo|48\/100|[from] Stealth Rock\n|move|p1a: Blissey|Heal Bell|p1a: Blissey\n|-activate|p1a: Blissey|move: Heal Bell\n|-curestatus|p1: Zoroark|tox|[msg]\n|\n|upkeep\n|turn|29\n|\n|t:|1700704547\n|switch|p1a: Darkrai|Darkrai, shiny|100\/100\n|-damage|p1a: Darkrai|76\/100|[from] Spikes\n|move|p2a: Gholdengo|Reflect|p2a: Gholdengo\n|-sidestart|p2: sweepy boi|Reflect\n|\n|upkeep\n|turn|30\n|\n|t:|1700704552\n|switch|p2a: Gliscor|Gliscor, F, tera:Fairy|62\/100 tox\n|-damage|p2a: Gliscor|50\/100 tox|[from] Stealth Rock\n|move|p1a: Darkrai|Substitute|p1a: Darkrai\n|-start|p1a: Darkrai|Substitute\n|-damage|p1a: Darkrai|51\/100\n|\n|-heal|p2a: Gliscor|62\/100 tox|[from] ability: Poison Heal\n|upkeep\n|turn|31\n|inactive|sweepy boi has 270 seconds left.\n|\n|t:|1700704585\n|move|p2a: Gliscor|Protect|p2a: Gliscor\n|-singleturn|p2a: Gliscor|Protect\n|move|p1a: Darkrai|Swords Dance|p1a: Darkrai\n|-boost|p1a: Darkrai|atk|2\n|\n|-heal|p2a: Gliscor|75\/100 tox|[from] ability: Poison Heal\n|upkeep\n|turn|32\n|\n|t:|1700704591\n|switch|p2a: Azelf|Azelf|33\/100\n|-damage|p2a: Azelf|21\/100|[from] Stealth Rock\n|move|p1a: Darkrai|Swords Dance|p1a: Darkrai\n|-boost|p1a: Darkrai|atk|2\n|\n|upkeep\n|turn|33\n|\n|t:|1700704594\n|move|p1a: Darkrai|Knock Off|p2a: Azelf\n|-supereffective|p2a: Azelf\n|-damage|p2a: Azelf|0 fnt\n|-enditem|p2a: Azelf|Expert Belt|[from] move: Knock Off|[of] p1a: Darkrai\n|faint|p2a: Azelf\n|-damage|p1a: Darkrai|41\/100|[from] item: Life Orb\n|\n|upkeep\n|\n|t:|1700704604\n|switch|p2a: Palafin|Palafin-Hero, M|33\/100\n|-damage|p2a: Palafin|21\/100|[from] Stealth Rock\n|turn|34\n|\n|t:|1700704607\n|move|p1a: Darkrai|Drain Punch|p2a: Palafin\n|-damage|p2a: Palafin|0 fnt\n|-heal|p1a: Darkrai|53\/100|[from] drain|[of] p2a: Palafin\n|faint|p2a: Palafin\n|-damage|p1a: Darkrai|44\/100|[from] item: Life Orb\n|\n|upkeep\n|\n|t:|1700704613\n|switch|p2a: Gliscor|Gliscor, F, tera:Fairy|75\/100 tox\n|-damage|p2a: Gliscor|62\/100 tox|[from] Stealth Rock\n|turn|35\n|\n|t:|1700704621\n|move|p1a: Darkrai|Swords Dance|p1a: Darkrai\n|-boost|p1a: Darkrai|atk|2\n|move|p2a: Gliscor|Mud-Slap|p1a: Darkrai\n|-activate|p1a: Darkrai|move: Substitute|[damage]\n|\n|-heal|p2a: Gliscor|75\/100 tox|[from] ability: Poison Heal\n|upkeep\n|turn|36\n|\n|t:|1700704630\n|move|p1a: Darkrai|Drain Punch|p2a: Gliscor\n|-resisted|p2a: Gliscor\n|-damage|p2a: Gliscor|59\/100 tox\n|-heal|p1a: Darkrai|53\/100|[from] drain|[of] p2a: Gliscor\n|-damage|p1a: Darkrai|44\/100|[from] item: Life Orb\n|move|p2a: Gliscor|Mud-Slap|p1a: Darkrai\n|-activate|p1a: Darkrai|move: Substitute|[damage]\n|\n|-heal|p2a: Gliscor|72\/100 tox|[from] ability: Poison Heal\n|-sideend|p2: sweepy boi|Reflect\n|upkeep\n|turn|37\n|\n|t:|1700704639\n|move|p2a: Gliscor|Protect|p2a: Gliscor\n|-singleturn|p2a: Gliscor|Protect\n|move|p1a: Darkrai|Knock Off|p2a: Gliscor\n|-activate|p2a: Gliscor|move: Protect\n|\n|-heal|p2a: Gliscor|84\/100 tox|[from] ability: Poison Heal\n|upkeep\n|turn|38\n|\n|t:|1700704649\n|move|p1a: Darkrai|Knock Off|p2a: Gliscor\n|-resisted|p2a: Gliscor\n|-damage|p2a: Gliscor|28\/100 tox\n|-enditem|p2a: Gliscor|Toxic Orb|[from] move: Knock Off|[of] p1a: Darkrai\n|-damage|p1a: Darkrai|34\/100|[from] item: Life Orb\n|move|p2a: Gliscor|Spikes||[still]\n|-fail|p2a: Gliscor\n|\n|-heal|p2a: Gliscor|40\/100 tox|[from] ability: Poison Heal\n|upkeep\n|turn|39\n|\n|t:|1700704654\n|move|p2a: Gliscor|Protect|p2a: Gliscor\n|-singleturn|p2a: Gliscor|Protect\n|move|p1a: Darkrai|Knock Off|p2a: Gliscor\n|-activate|p2a: Gliscor|move: Protect\n|\n|-heal|p2a: Gliscor|53\/100 tox|[from] ability: Poison Heal\n|upkeep\n|turn|40\n|\n|t:|1700704660\n|switch|p2a: Gholdengo|Gholdengo|48\/100\n|-damage|p2a: Gholdengo|42\/100|[from] Stealth Rock\n|move|p1a: Darkrai|Drain Punch|p2a: Gholdengo\n|-immune|p2a: Gholdengo\n|\n|upkeep\n|turn|41\n|\n|t:|1700704668\n|move|p1a: Darkrai|Knock Off|p2a: Gholdengo\n|-supereffective|p2a: Gholdengo\n|-damage|p2a: Gholdengo|0 fnt\n|-enditem|p2a: Gholdengo|Light Clay|[from] move: Knock Off|[of] p1a: Darkrai\n|faint|p2a: Gholdengo\n|-damage|p1a: Darkrai|24\/100|[from] item: Life Orb\n|\n|upkeep\n|\n|t:|1700704670\n|switch|p2a: Gliscor|Gliscor, F, tera:Fairy|53\/100 tox\n|-damage|p2a: Gliscor|40\/100 tox|[from] Stealth Rock\n|turn|42\n|\n|t:|1700704676\n|move|p2a: Gliscor|Protect|p2a: Gliscor\n|-singleturn|p2a: Gliscor|Protect\n|move|p1a: Darkrai|Knock Off|p2a: Gliscor\n|-activate|p2a: Gliscor|move: Protect\n|\n|-heal|p2a: Gliscor|53\/100 tox|[from] ability: Poison Heal\n|upkeep\n|turn|43\n|\n|t:|1700704681\n|move|p2a: Gliscor|Protect||[still]\n|-fail|p2a: Gliscor\n|move|p1a: Darkrai|Drain Punch|p2a: Gliscor\n|-resisted|p2a: Gliscor\n|-damage|p2a: Gliscor|20\/100 tox\n|-heal|p1a: Darkrai|45\/100|[from] drain|[of] p2a: Gliscor\n|-damage|p1a: Darkrai|35\/100|[from] item: Life Orb\n|\n|-heal|p2a: Gliscor|32\/100 tox|[from] ability: Poison Heal\n|upkeep\n|turn|44\n|\n|t:|1700704688\n|move|p2a: Gliscor|Protect|p2a: Gliscor\n|-singleturn|p2a: Gliscor|Protect\n|move|p1a: Darkrai|Drain Punch|p2a: Gliscor\n|-activate|p2a: Gliscor|move: Protect\n|\n|-heal|p2a: Gliscor|45\/100 tox|[from] ability: Poison Heal\n|upkeep\n|turn|45\n|\n|t:|1700704690\n|move|p1a: Darkrai|Knock Off|p2a: Gliscor\n|-resisted|p2a: Gliscor\n|-damage|p2a: Gliscor|3\/100 tox\n|-damage|p1a: Darkrai|25\/100|[from] item: Life Orb\n|move|p2a: Gliscor|Mud-Slap|p1a: Darkrai\n|-activate|p1a: Darkrai|move: Substitute|[damage]\n|\n|-heal|p2a: Gliscor|15\/100 tox|[from] ability: Poison Heal\n|upkeep\n|turn|46\n|\n|t:|1700704694\n|move|p2a: Gliscor|Protect|p2a: Gliscor\n|-singleturn|p2a: Gliscor|Protect\n|move|p1a: Darkrai|Drain Punch|p2a: Gliscor\n|-activate|p2a: Gliscor|move: Protect\n|\n|-heal|p2a: Gliscor|28\/100 tox|[from] ability: Poison Heal\n|upkeep\n|turn|47\n|\n|t:|1700704698\n|move|p2a: Gliscor|Protect||[still]\n|-fail|p2a: Gliscor\n|move|p1a: Darkrai|Knock Off|p2a: Gliscor\n|-resisted|p2a: Gliscor\n|-damage|p2a: Gliscor|0 fnt\n|faint|p2a: Gliscor\n|-damage|p1a: Darkrai|15\/100|[from] item: Life Orb\n|\n|win|Inarinokamen\n|c|\u2606sweepy boi|gg\n|c|\u2606Inarinokamen|gg\n","uploadtime":1700704709,"views":26,"p1id":"inarinokamen","p2id":"sweepyboi","formatid":"gen9ubers","rating":0,"private":0,"password":""}