{"id":"gen9ubers-1998052676","p1":"Mr. Kessler","p2":"Iiesuu","format":"[Gen 9] Ubers","log":"|j|\u2606Mr. Kessler\n|j|\u2606Iiesuu\n|t:|1700884150\n|gametype|singles\n|player|p1|Mr. Kessler|gambler|\n|player|p2|Iiesuu|170|\n|teamsize|p1|6\n|teamsize|p2|6\n|gen|9\n|tier|[Gen 9] Ubers\n|rule|Sleep Clause Mod: Limit one foe put to sleep\n|rule|Species Clause: Limit one of each Pok\u00e9mon\n|rule|OHKO Clause: OHKO moves are banned\n|rule|Evasion Items Clause: Evasion items are banned\n|rule|Evasion Moves Clause: Evasion moves are banned\n|rule|Endless Battle Clause: Forcing endless battles is banned\n|rule|HP Percentage Mod: HP is shown in percentages\n|clearpoke\n|poke|p1|Carbink|\n|poke|p1|Ogerpon-Hearthflame, F|\n|poke|p1|Hoopa-Unbound|\n|poke|p1|Golem-Alola, M|\n|poke|p1|Tornadus-Therian, M|\n|poke|p1|Tatsugiri, F|\n|poke|p2|Toxtricity, M|\n|poke|p2|Mienshao, F|\n|poke|p2|Ninetales, F|\n|poke|p2|Sableye, F|\n|poke|p2|Walking Wake|\n|poke|p2|Chi-Yu|\n|teampreview\n|inactive|Battle timer is ON: inactive players will automatically lose when time's up. (requested by Mr. Kessler)\n|inactive|Iiesuu also wants the timer to be on.\n|\n|t:|1700884165\n|start\n|switch|p1a: Diancie from Wish|Carbink, shiny|100\/100\n|switch|p2a: Mienshao|Mienshao, F|100\/100\n|turn|1\n|\n|t:|1700884173\n|move|p2a: Mienshao|Fake Out|p1a: Diancie from Wish\n|-resisted|p1a: Diancie from Wish\n|-damage|p1a: Diancie from Wish|95\/100\n|cant|p1a: Diancie from Wish|flinch\n|\n|upkeep\n|turn|2\n|c|\u2606Iiesuu|not wish diancie\n|\n|t:|1700884182\n|move|p2a: Mienshao|U-turn|p1a: Diancie from Wish\n|-resisted|p1a: Diancie from Wish\n|-damage|p1a: Diancie from Wish|86\/100\n|c|\u2606Mr. Kessler|rude...\n|\n|t:|1700884191\n|switch|p2a: Sableye|Sableye, F|100\/100|[from] U-turn\n|move|p1a: Diancie from Wish|Stealth Rock|p2a: Sableye\n|-sidestart|p2: Iiesuu|move: Stealth Rock\n|\n|upkeep\n|turn|3\n|\n|t:|1700884198\n|switch|p1a: Bleakmiss Storm|Tornadus-Therian, M|100\/100\n|move|p2a: Sableye|Reflect|p2a: Sableye\n|-sidestart|p2: Iiesuu|Reflect\n|\n|upkeep\n|turn|4\n|\n|t:|1700884206\n|switch|p1a: Diancie from Wish|Carbink, shiny|86\/100\n|move|p2a: Sableye|Thunder Wave|p1a: Diancie from Wish\n|-status|p1a: Diancie from Wish|par\n|\n|upkeep\n|turn|5\n|inactive|Iiesuu no longer wants the timer on, but the timer is staying on because mrkessler still does.\n|c|\u2606Iiesuu|wait\n|c|\u2606Iiesuu|let's wait  for others\n|inactiveoff|Battle timer is now OFF.\n|c|\u2606Mr. Kessler|meh\n|j| Ewokpinguin25\n|\n|t:|1700884265\n|move|p2a: Sableye|Thunder Wave|p1a: Diancie from Wish\n|-fail|p1a: Diancie from Wish|par\n|move|p1a: Diancie from Wish|Spikes|p2a: Sableye\n|-sidestart|p2: Iiesuu|Spikes\n|\n|upkeep\n|turn|6\n|\n|t:|1700884289\n|switch|p2a: Mienshao|Mienshao, F|100\/100\n|-damage|p2a: Mienshao|94\/100|[from] Stealth Rock\n|-damage|p2a: Mienshao|82\/100|[from] Spikes\n|move|p1a: Diancie from Wish|Spikes|p2a: Mienshao\n|-sidestart|p2: Iiesuu|Spikes\n|\n|upkeep\n|turn|7\n|\n|t:|1700884294\n|switch|p1a: Bleakmiss Storm|Tornadus-Therian, M|100\/100\n|move|p2a: Mienshao|Fake Out|p1a: Bleakmiss Storm\n|-damage|p1a: Bleakmiss Storm|82\/100\n|\n|upkeep\n|turn|8\n|\n|t:|1700884299\n|move|p1a: Bleakmiss Storm|Bleakwind Storm|p2a: Mienshao\n|-supereffective|p2a: Mienshao\n|-damage|p2a: Mienshao|0 fnt\n|faint|p2a: Mienshao\n|\n|upkeep\n|\n|t:|1700884304\n|switch|p2a: Toxtricity|Toxtricity, M|100\/100\n|-damage|p2a: Toxtricity|88\/100|[from] Stealth Rock\n|-item|p2a: Toxtricity|Air Balloon\n|turn|9\n|\n|t:|1700884313\n|switch|p1a: Har Har Har|Hoopa-Unbound|100\/100\n|move|p2a: Toxtricity|Shift Gear|p2a: Toxtricity\n|-boost|p2a: Toxtricity|spe|2\n|-boost|p2a: Toxtricity|atk|1\n|\n|upkeep\n|turn|10\n|\n|t:|1700884318\n|move|p2a: Toxtricity|Drain Punch|p1a: Har Har Har\n|-crit|p1a: Har Har Har\n|-damage|p1a: Har Har Har|20\/100\n|-heal|p2a: Toxtricity|100\/100|[from] drain|[of] p1a: Har Har Har\n|move|p1a: Har Har Har|Psychic|p2a: Toxtricity\n|-supereffective|p2a: Toxtricity\n|-damage|p2a: Toxtricity|0 fnt\n|-enditem|p2a: Toxtricity|Air Balloon\n|faint|p2a: Toxtricity\n|\n|-sideend|p2: Iiesuu|Reflect\n|upkeep\n|\n|t:|1700884328\n|switch|p2a: Ninetales|Ninetales, F|100\/100\n|-damage|p2a: Ninetales|76\/100|[from] Stealth Rock\n|-damage|p2a: Ninetales|59\/100|[from] Spikes\n|-weather|SunnyDay|[from] ability: Drought|[of] p2a: Ninetales\n|turn|11\n|\n|t:|1700884336\n|move|p1a: Har Har Har|Psychic|p2a: Ninetales\n|-damage|p2a: Ninetales|0 fnt\n|faint|p2a: Ninetales\n|\n|-weather|SunnyDay|[upkeep]\n|upkeep\n|\n|t:|1700884341\n|switch|p2a: Walking Wake|Walking Wake|100\/100\n|-damage|p2a: Walking Wake|88\/100|[from] Stealth Rock\n|-damage|p2a: Walking Wake|72\/100|[from] Spikes\n|-activate|p2a: Walking Wake|ability: Protosynthesis\n|-start|p2a: Walking Wake|protosynthesisspe\n|turn|12\n|\n|t:|1700884349\n|move|p2a: Walking Wake|Hydro Steam|p1a: Har Har Har\n|-damage|p1a: Har Har Har|0 fnt\n|faint|p1a: Har Har Har\n|-damage|p2a: Walking Wake|62\/100|[from] item: Life Orb\n|\n|-weather|SunnyDay|[upkeep]\n|upkeep\n|\n|t:|1700884361\n|switch|p1a: Spin to Win|Tatsugiri, F|100\/100\n|turn|13\n|\n|t:|1700884365\n|move|p2a: Walking Wake|Draco Meteor|p1a: Spin to Win\n|-supereffective|p1a: Spin to Win\n|-damage|p1a: Spin to Win|0 fnt\n|-unboost|p2a: Walking Wake|spa|2\n|faint|p1a: Spin to Win\n|-damage|p2a: Walking Wake|52\/100|[from] item: Life Orb\n|\n|-weather|SunnyDay|[upkeep]\n|upkeep\n|\n|t:|1700884376\n|switch|p1a: Redemtion|Ogerpon-Hearthflame, F|100\/100\n|-ability|p1a: Redemtion|Mold Breaker\n|turn|14\n|\n|t:|1700884392\n|-end|p2a: Walking Wake|Protosynthesis|[silent]\n|switch|p2a: Sableye|Sableye, F|100\/100\n|-damage|p2a: Sableye|88\/100|[from] Stealth Rock\n|-damage|p2a: Sableye|72\/100|[from] Spikes\n|move|p1a: Redemtion|Play Rough|p2a: Sableye\n|-supereffective|p2a: Sableye\n|-damage|p2a: Sableye|7\/100\n|\n|-weather|SunnyDay|[upkeep]\n|upkeep\n|turn|15\n|\n|t:|1700884403\n|move|p2a: Sableye|Thunder Wave|p1a: Redemtion\n|-status|p1a: Redemtion|par\n|move|p1a: Redemtion|Ivy Cudgel|p2a: Sableye|[anim] Ivy Cudgel Fire\n|-damage|p2a: Sableye|0 fnt\n|faint|p2a: Sableye\n|\n|-weather|SunnyDay|[upkeep]\n|upkeep\n|\n|t:|1700884410\n|switch|p2a: Chi-Yu|Chi-Yu|100\/100\n|-damage|p2a: Chi-Yu|76\/100|[from] Stealth Rock\n|-damage|p2a: Chi-Yu|59\/100|[from] Spikes\n|-ability|p2a: Chi-Yu|Beads of Ruin\n|turn|16\n|\n|t:|1700884428\n|switch|p1a: Diancie from Wish|Carbink, shiny|86\/100 par\n|move|p2a: Chi-Yu|Flamethrower|p1a: Diancie from Wish\n|-resisted|p1a: Diancie from Wish\n|-damage|p1a: Diancie from Wish|54\/100 par\n|\n|-weather|SunnyDay|[upkeep]\n|upkeep\n|turn|17\n|\n|t:|1700884458\n|move|p2a: Chi-Yu|Flamethrower|p1a: Diancie from Wish\n|-resisted|p1a: Diancie from Wish\n|-damage|p1a: Diancie from Wish|25\/100 par\n|cant|p1a: Diancie from Wish|par\n|\n|-weather|SunnyDay|[upkeep]\n|upkeep\n|turn|18\n|\n|t:|1700884462\n|move|p2a: Chi-Yu|Flamethrower|p1a: Diancie from Wish\n|-resisted|p1a: Diancie from Wish\n|-damage|p1a: Diancie from Wish|0 fnt\n|faint|p1a: Diancie from Wish\n|\n|-weather|none\n|upkeep\n|\n|t:|1700884467\n|switch|p1a: Bleakmiss Storm|Tornadus-Therian, M|100\/100\n|turn|19\n|\n|t:|1700884471\n|move|p2a: Chi-Yu|Flamethrower|p1a: Bleakmiss Storm\n|-crit|p1a: Bleakmiss Storm\n|-damage|p1a: Bleakmiss Storm|0 fnt\n|faint|p1a: Bleakmiss Storm\n|\n|upkeep\n|\n|t:|1700884475\n|switch|p1a: Boomy!|Golem-Alola, M|100\/100\n|-item|p1a: Boomy!|Air Balloon\n|turn|20\n|\n|t:|1700884478\n|move|p2a: Chi-Yu|Flamethrower|p1a: Boomy!\n|-resisted|p1a: Boomy!\n|-damage|p1a: Boomy!|61\/100\n|-enditem|p1a: Boomy!|Air Balloon\n|move|p1a: Boomy!|Thunder Wave|p2a: Chi-Yu\n|-status|p2a: Chi-Yu|par\n|\n|upkeep\n|turn|21\n|\n|t:|1700884484\n|move|p2a: Chi-Yu|Flamethrower|p1a: Boomy!\n|-resisted|p1a: Boomy!\n|-damage|p1a: Boomy!|15\/100\n|move|p1a: Boomy!|Volt Switch|p2a: Chi-Yu\n|-damage|p2a: Chi-Yu|33\/100 par\n|\n|t:|1700884486\n|switch|p1a: Redemtion|Ogerpon-Hearthflame, F|100\/100 par|[from] Volt Switch\n|-ability|p1a: Redemtion|Mold Breaker\n|\n|upkeep\n|turn|22\n|\n|t:|1700884488\n|move|p2a: Chi-Yu|Flamethrower|p1a: Redemtion\n|-damage|p1a: Redemtion|28\/100 par\n|move|p1a: Redemtion|Stomping Tantrum|p2a: Chi-Yu\n|-supereffective|p2a: Chi-Yu\n|-damage|p2a: Chi-Yu|0 fnt\n|faint|p2a: Chi-Yu\n|\n|upkeep\n|\n|t:|1700884490\n|switch|p2a: Walking Wake|Walking Wake|52\/100\n|-damage|p2a: Walking Wake|40\/100|[from] Stealth Rock\n|-damage|p2a: Walking Wake|23\/100|[from] Spikes\n|turn|23\n|\n|t:|1700884494\n|move|p2a: Walking Wake|Hydro Steam|p1a: Redemtion\n|-damage|p1a: Redemtion|0 fnt\n|faint|p1a: Redemtion\n|-damage|p2a: Walking Wake|13\/100|[from] item: Life Orb\n|\n|upkeep\n|\n|t:|1700884495\n|switch|p1a: Boomy!|Golem-Alola, M|15\/100\n|turn|24\n|\n|t:|1700884497\n|move|p2a: Walking Wake|Hydro Steam|p1a: Boomy!\n|-supereffective|p1a: Boomy!\n|-damage|p1a: Boomy!|0 fnt\n|faint|p1a: Boomy!\n|-damage|p2a: Walking Wake|4\/100|[from] item: Life Orb\n|\n|win|Iiesuu\n|c|\u2606Iiesuu|lol\n|c|\u2606Mr. Kessler|gg wp\n|c|\u2606Iiesuu|I was mashing\n|c| Ewokpinguin25|LMAO\n|c|\u2606Iiesuu|gg\n|c| Ewokpinguin25|IM IN VC WITH HIM\n|c|\u2606Iiesuu|I dont know what happened\n|c| Ewokpinguin25|HE WAS JUST MASHING\n|c| Ewokpinguin25|NO THINKING WAS INVOLVED\n|l|\u2606Mr. Kessler\n","uploadtime":1700884640,"views":2,"p1id":"mrkessler","p2id":"iiesuu","formatid":"gen9ubers","rating":0,"private":0,"password":""}