{"id":"gen9ubers-1974587814","p1":"Exotic_Tr0n","p2":"Blake-Mamba","format":"[Gen 9] Ubers","log":"|j|\u2606Exotic_Tr0n\n|j|\u2606Blake-Mamba\n|t:|1698100059\n|gametype|singles\n|player|p1|Exotic_Tr0n|101|1202\n|player|p2|Blake-Mamba|juan|1190\n|teamsize|p1|6\n|teamsize|p2|6\n|gen|9\n|tier|[Gen 9] Ubers\n|rated|\n|rule|Sleep Clause Mod: Limit one foe put to sleep\n|rule|Species Clause: Limit one of each Pok\u00e9mon\n|rule|OHKO Clause: OHKO moves are banned\n|rule|Evasion Items Clause: Evasion items are banned\n|rule|Evasion Moves Clause: Evasion moves are banned\n|rule|Endless Battle Clause: Forcing endless battles is banned\n|rule|HP Percentage Mod: HP is shown in percentages\n|clearpoke\n|poke|p1|Spidops, M|\n|poke|p1|Great Tusk|\n|poke|p1|Urshifu-*, M|\n|poke|p1|Mewtwo|\n|poke|p1|Miraidon|\n|poke|p1|Zacian-*|\n|poke|p2|Ogerpon-Hearthflame, F|\n|poke|p2|Vikavolt, M|\n|poke|p2|Kommo-o, F|\n|poke|p2|Ursaluna-Bloodmoon, M|\n|poke|p2|Yanmega, F|\n|poke|p2|Chandelure, F|\n|teampreview\n|inactive|Battle timer is ON: inactive players will automatically lose when time's up. (requested by Blake-Mamba)\n|\n|t:|1698100097\n|start\n|switch|p1a: Spidops|Spidops, M|100\/100\n|switch|p2a: Vikavolt|Vikavolt, M|100\/100\n|turn|1\n|\n|t:|1698100103\n|move|p2a: Vikavolt|Thunder|p1a: Spidops\n|-damage|p1a: Spidops|27\/100\n|-status|p1a: Spidops|par\n|move|p1a: Spidops|Sticky Web|p2a: Vikavolt\n|-sidestart|p2: Blake-Mamba|move: Sticky Web\n|\n|upkeep\n|turn|2\n|\n|t:|1698100119\n|move|p2a: Vikavolt|Sticky Web|p1a: Spidops\n|-sidestart|p1: Exotic_Tr0n|move: Sticky Web\n|move|p1a: Spidops|Toxic Spikes|p2a: Vikavolt\n|-sidestart|p2: Blake-Mamba|move: Toxic Spikes\n|\n|upkeep\n|turn|3\n|\n|t:|1698100127\n|move|p2a: Vikavolt|Bug Buzz|p1a: Spidops\n|-damage|p1a: Spidops|0 fnt\n|faint|p1a: Spidops\n|\n|upkeep\n|\n|t:|1698100132\n|switch|p1a: Great Tusk|Great Tusk|100\/100\n|-activate|p1a: Great Tusk|move: Sticky Web\n|-unboost|p1a: Great Tusk|spe|1\n|-enditem|p1a: Great Tusk|Booster Energy\n|-activate|p1a: Great Tusk|ability: Protosynthesis|[fromitem]\n|-start|p1a: Great Tusk|protosynthesisatk\n|turn|4\n|j| BrothaOptions\n|\n|t:|1698100145\n|switch|p2a: Chandelure|Chandelure, F|100\/100\n|-activate|p2a: Chandelure|move: Sticky Web\n|-unboost|p2a: Chandelure|spe|1\n|-status|p2a: Chandelure|psn\n|move|p1a: Great Tusk|Rapid Spin|p2a: Chandelure\n|-immune|p2a: Chandelure\n|\n|-damage|p2a: Chandelure|88\/100 psn|[from] psn\n|upkeep\n|turn|5\n|\n|t:|1698100161\n|move|p2a: Chandelure|Overheat|p1a: Great Tusk\n|-damage|p1a: Great Tusk|0 fnt\n|-unboost|p2a: Chandelure|spa|2\n|faint|p1a: Great Tusk\n|-end|p1a: Great Tusk|Protosynthesis|[silent]\n|\n|-damage|p2a: Chandelure|76\/100 psn|[from] psn\n|upkeep\n|\n|t:|1698100171\n|switch|p1a: Urshifu|Urshifu-Rapid-Strike, M|100\/100\n|-activate|p1a: Urshifu|move: Sticky Web\n|-unboost|p1a: Urshifu|spe|1\n|turn|6\n|\n|t:|1698100177\n|move|p2a: Chandelure|Overheat|p1a: Urshifu\n|-resisted|p1a: Urshifu\n|-damage|p1a: Urshifu|72\/100\n|-unboost|p2a: Chandelure|spa|2\n|move|p1a: Urshifu|Surging Strikes|p2a: Chandelure\n|-supereffective|p2a: Chandelure\n|-crit|p2a: Chandelure\n|-damage|p2a: Chandelure|0 fnt\n|faint|p2a: Chandelure\n|-hitcount|p2: Chandelure|1\n|\n|upkeep\n|\n|t:|1698100188\n|switch|p2a: Yanmega|Yanmega, F, shiny|100\/100\n|turn|7\n|\n|t:|1698100208\n|move|p2a: Yanmega|Air Slash|p1a: Urshifu\n|-supereffective|p1a: Urshifu\n|-damage|p1a: Urshifu|0 fnt\n|faint|p1a: Urshifu\n|\n|-ability|p2a: Yanmega|Speed Boost|boost\n|-boost|p2a: Yanmega|spe|1\n|upkeep\n|\n|t:|1698100217\n|switch|p1a: Zacian|Zacian-Crowned|100\/100\n|-activate|p1a: Zacian|move: Sticky Web\n|-unboost|p1a: Zacian|spe|1\n|-ability|p1a: Zacian|Intrepid Sword|boost\n|-boost|p1a: Zacian|atk|1\n|turn|8\n|\n|t:|1698100233\n|move|p2a: Yanmega|Air Slash|p1a: Zacian\n|-resisted|p1a: Zacian\n|-crit|p1a: Zacian\n|-damage|p1a: Zacian|73\/100\n|cant|p1a: Zacian|flinch\n|\n|-ability|p2a: Yanmega|Speed Boost|boost\n|-boost|p2a: Yanmega|spe|1\n|upkeep\n|turn|9\n|\n|t:|1698100246\n|move|p2a: Yanmega|Air Slash|p1a: Zacian\n|-resisted|p1a: Zacian\n|-damage|p1a: Zacian|54\/100\n|move|p1a: Zacian|Play Rough|p2a: Yanmega\n|-damage|p2a: Yanmega|23\/100\n|\n|-ability|p2a: Yanmega|Speed Boost|boost\n|-boost|p2a: Yanmega|spe|1\n|upkeep\n|turn|10\n|\n|t:|1698100256\n|move|p2a: Yanmega|Air Slash|p1a: Zacian\n|-resisted|p1a: Zacian\n|-damage|p1a: Zacian|37\/100\n|cant|p1a: Zacian|flinch\n|\n|-ability|p2a: Yanmega|Speed Boost|boost\n|-boost|p2a: Yanmega|spe|1\n|upkeep\n|turn|11\n|\n|t:|1698100264\n|move|p2a: Yanmega|Air Slash|p1a: Zacian\n|-resisted|p1a: Zacian\n|-damage|p1a: Zacian|19\/100\n|cant|p1a: Zacian|flinch\n|\n|-ability|p2a: Yanmega|Speed Boost|boost\n|-boost|p2a: Yanmega|spe|1\n|upkeep\n|turn|12\n|\n|t:|1698100273\n|move|p2a: Yanmega|Air Slash|p1a: Zacian\n|-resisted|p1a: Zacian\n|-damage|p1a: Zacian|0 fnt\n|faint|p1a: Zacian\n|\n|-ability|p2a: Yanmega|Speed Boost|boost\n|-boost|p2a: Yanmega|spe|1\n|upkeep\n|\n|t:|1698100278\n|switch|p1a: Mewtwo|Mewtwo|100\/100\n|-activate|p1a: Mewtwo|move: Sticky Web\n|-unboost|p1a: Mewtwo|spe|1\n|-ability|p1a: Mewtwo|Pressure\n|turn|13\n|\n|t:|1698100286\n|move|p2a: Yanmega|Bug Buzz|p1a: Mewtwo\n|-supereffective|p1a: Mewtwo\n|-damage|p1a: Mewtwo|2\/100\n|move|p1a: Mewtwo|Psystrike|p2a: Yanmega\n|-damage|p2a: Yanmega|0 fnt\n|faint|p2a: Yanmega\n|\n|upkeep\n|\n|t:|1698100298\n|switch|p2a: Ogerpon|Ogerpon-Hearthflame, F|100\/100\n|-activate|p2a: Ogerpon|move: Sticky Web\n|-unboost|p2a: Ogerpon|spe|1\n|-status|p2a: Ogerpon|psn\n|-ability|p2a: Ogerpon|Mold Breaker\n|turn|14\n|\n|t:|1698100305\n|move|p1a: Mewtwo|Psystrike|p2a: Ogerpon\n|-damage|p2a: Ogerpon|0 fnt\n|faint|p2a: Ogerpon\n|\n|upkeep\n|\n|t:|1698100311\n|switch|p2a: Kommo-o|Kommo-o, F|100\/100\n|-activate|p2a: Kommo-o|move: Sticky Web\n|-unboost|p2a: Kommo-o|spe|1\n|-status|p2a: Kommo-o|psn\n|turn|15\n|\n|t:|1698100339\n|-terastallize|p2a: Kommo-o|Steel\n|move|p1a: Mewtwo|Psystrike|p2a: Kommo-o\n|-resisted|p2a: Kommo-o\n|-damage|p2a: Kommo-o|67\/100 psn\n|move|p2a: Kommo-o|Drain Punch|p1a: Mewtwo\n|-resisted|p1a: Mewtwo\n|-damage|p1a: Mewtwo|0 fnt\n|-heal|p2a: Kommo-o|68\/100 psn|[from] drain|[of] p1a: Mewtwo\n|faint|p1a: Mewtwo\n|\n|-heal|p2a: Kommo-o|75\/100 psn|[from] item: Leftovers\n|-damage|p2a: Kommo-o|62\/100 psn|[from] psn\n|upkeep\n|\n|t:|1698100344\n|switch|p1a: Miraidon|Miraidon|100\/100\n|-activate|p1a: Miraidon|move: Sticky Web\n|-unboost|p1a: Miraidon|spe|1\n|-fieldstart|move: Electric Terrain|[from] ability: Hadron Engine|[of] p1a: Miraidon\n|turn|16\n|inactive|Exotic_Tr0n has 120 seconds left.\n|\n|t:|1698100361\n|-terastallize|p1a: Miraidon|Ground\n|move|p1a: Miraidon|Overheat|p2a: Kommo-o\n|-supereffective|p2a: Kommo-o\n|-damage|p2a: Kommo-o|0 fnt\n|-unboost|p1a: Miraidon|spa|2\n|faint|p2a: Kommo-o\n|\n|upkeep\n|\n|t:|1698100370\n|switch|p2a: Ursaluna|Ursaluna-Bloodmoon, M|100\/100\n|-activate|p2a: Ursaluna|move: Sticky Web\n|-unboost|p2a: Ursaluna|spe|1\n|-status|p2a: Ursaluna|psn\n|turn|17\n|\n|t:|1698100376\n|move|p1a: Miraidon|Overheat|p2a: Ursaluna\n|-damage|p2a: Ursaluna|54\/100 psn\n|-unboost|p1a: Miraidon|spa|2\n|move|p2a: Ursaluna|Calm Mind|p2a: Ursaluna\n|-boost|p2a: Ursaluna|spa|1\n|-boost|p2a: Ursaluna|spd|1\n|\n|-heal|p2a: Ursaluna|60\/100 psn|[from] item: Leftovers\n|-damage|p2a: Ursaluna|48\/100 psn|[from] psn\n|upkeep\n|turn|18\n|\n|t:|1698100386\n|move|p1a: Miraidon|Overheat|p2a: Ursaluna\n|-damage|p2a: Ursaluna|26\/100 psn\n|-unboost|p1a: Miraidon|spa|2\n|move|p2a: Ursaluna|Moonlight|p2a: Ursaluna\n|-heal|p2a: Ursaluna|76\/100 psn\n|\n|-heal|p2a: Ursaluna|83\/100 psn|[from] item: Leftovers\n|-damage|p2a: Ursaluna|70\/100 psn|[from] psn\n|upkeep\n|turn|19\n|inactive|Exotic_Tr0n has 120 seconds left.\n|inactive|Exotic_Tr0n has 90 seconds left.\n|\n|t:|1698100454\n|move|p1a: Miraidon|Overheat|p2a: Ursaluna\n|-damage|p2a: Ursaluna|54\/100 psn\n|move|p2a: Ursaluna|Blood Moon|p1a: Miraidon\n|-damage|p1a: Miraidon|0 fnt\n|faint|p1a: Miraidon\n|\n|win|Blake-Mamba\n|raw|Exotic_Tr0n's rating: 1202 &rarr; <strong>1176<\/strong><br \/>(-26 for losing)\n|raw|Blake-Mamba's rating: 1190 &rarr; <strong>1216<\/strong><br \/>(+26 for winning)\n|l|\u2606Exotic_Tr0n\n","uploadtime":1698100485,"views":10,"p1id":"exotictr0n","p2id":"blakemamba","formatid":"gen9ubers","rating":1176,"private":0,"password":""}