{"id":"gen9ubers-1975992836","p1":"hannah_xyz","p2":"Nitro524","format":"[Gen 9] Ubers","log":"|j|\u2606hannah_xyz\n|j|\u2606Nitro524\n|t:|1698254934\n|gametype|singles\n|player|p1|hannah_xyz|steven|\n|player|p2|Nitro524|hilbert-wonderlauncher|\n|teamsize|p1|6\n|teamsize|p2|6\n|gen|9\n|tier|[Gen 9] Ubers\n|rule|Sleep Clause Mod: Limit one foe put to sleep\n|rule|Species Clause: Limit one of each Pok\u00e9mon\n|rule|OHKO Clause: OHKO moves are banned\n|rule|Evasion Items Clause: Evasion items are banned\n|rule|Evasion Moves Clause: Evasion moves are banned\n|rule|Endless Battle Clause: Forcing endless battles is banned\n|rule|HP Percentage Mod: HP is shown in percentages\n|clearpoke\n|poke|p1|Palkia-Origin|\n|poke|p1|Garchomp, M|\n|poke|p1|Dragapult, M|\n|poke|p1|Ninetales-Alola, M|\n|poke|p1|Cyclizar, F|\n|poke|p1|Magnezone|\n|poke|p2|Pelipper, M|\n|poke|p2|Arceus-Poison|\n|poke|p2|Zacian-*|\n|poke|p2|Palkia-Origin|\n|poke|p2|Basculegion-F, F|\n|poke|p2|Shaymin-Sky|\n|teampreview\n|\n|t:|1698254953\n|start\n|switch|p1a: Ninetales|Ninetales-Alola, M|100\/100\n|switch|p2a: Arceus|Arceus-Poison|100\/100\n|-weather|Snow|[from] ability: Snow Warning|[of] p1a: Ninetales\n|turn|1\n|\n|t:|1698254962\n|move|p2a: Arceus|Judgment|p1a: Ninetales\n|-supereffective|p1a: Ninetales\n|-damage|p1a: Ninetales|3\/100\n|move|p1a: Ninetales|Aurora Veil|p1a: Ninetales\n|-sidestart|p1: hannah_xyz|move: Aurora Veil\n|\n|-weather|Snow|[upkeep]\n|upkeep\n|turn|2\n|\n|t:|1698254974\n|switch|p1a: Magnezone|Magnezone|100\/100\n|move|p2a: Arceus|Calm Mind|p2a: Arceus\n|-boost|p2a: Arceus|spa|1\n|-boost|p2a: Arceus|spd|1\n|\n|-weather|Snow|[upkeep]\n|upkeep\n|turn|3\n|\n|t:|1698254987\n|move|p2a: Arceus|Earth Power|p1a: Magnezone\n|-supereffective|p1a: Magnezone\n|-damage|p1a: Magnezone|22\/100\n|move|p1a: Magnezone|Discharge|p2a: Arceus\n|-damage|p2a: Arceus|69\/100\n|\n|-weather|Snow|[upkeep]\n|upkeep\n|turn|4\n|\n|t:|1698254994\n|switch|p1a: Dragapult|Dragapult, M|100\/100\n|move|p2a: Arceus|Earth Power|p1a: Dragapult\n|-damage|p1a: Dragapult|75\/100\n|\n|-weather|Snow|[upkeep]\n|upkeep\n|turn|5\n|\n|t:|1698255017\n|move|p1a: Dragapult|Will-O-Wisp|p2a: Arceus\n|-status|p2a: Arceus|brn\n|move|p2a: Arceus|Calm Mind|p2a: Arceus\n|-boost|p2a: Arceus|spa|1\n|-boost|p2a: Arceus|spd|1\n|\n|-weather|none\n|-damage|p2a: Arceus|63\/100 brn|[from] brn\n|upkeep\n|turn|6\n|\n|t:|1698255050\n|switch|p1a: Garchomp|Garchomp, M|100\/100\n|move|p2a: Arceus|Calm Mind|p2a: Arceus\n|-boost|p2a: Arceus|spa|1\n|-boost|p2a: Arceus|spd|1\n|\n|-damage|p2a: Arceus|57\/100 brn|[from] brn\n|upkeep\n|turn|7\n|\n|t:|1698255063\n|move|p2a: Arceus|Recover|p2a: Arceus\n|-heal|p2a: Arceus|100\/100 brn\n|move|p1a: Garchomp|Scale Shot|p2a: Arceus\n|-damage|p2a: Arceus|91\/100 brn\n|-damage|p2a: Arceus|82\/100 brn\n|-damage|p2a: Arceus|73\/100 brn\n|-hitcount|p2a: Arceus|3\n|-unboost|p1a: Garchomp|def|1\n|-boost|p1a: Garchomp|spe|1\n|\n|-damage|p2a: Arceus|67\/100 brn|[from] brn\n|upkeep\n|turn|8\n|\n|t:|1698255105\n|-terastallize|p2a: Arceus|Dark\n|move|p1a: Garchomp|Earthquake|p2a: Arceus\n|-crit|p2a: Arceus\n|-damage|p2a: Arceus|17\/100 brn\n|move|p2a: Arceus|Earth Power|p1a: Garchomp\n|-damage|p1a: Garchomp|67\/100\n|\n|-damage|p2a: Arceus|11\/100 brn|[from] brn\n|-sideend|p1: hannah_xyz|move: Aurora Veil\n|upkeep\n|turn|9\n|\n|t:|1698255114\n|move|p1a: Garchomp|Scale Shot|p2a: Arceus\n|-damage|p2a: Arceus|2\/100 brn\n|-damage|p2a: Arceus|0 fnt\n|faint|p2a: Arceus\n|-hitcount|p2: Arceus|2\n|-unboost|p1a: Garchomp|def|1\n|-boost|p1a: Garchomp|spe|1\n|\n|upkeep\n|\n|t:|1698255120\n|switch|p2a: Zacian|Zacian|100\/100\n|-ability|p2a: Zacian|Intrepid Sword|boost\n|-boost|p2a: Zacian|atk|1\n|turn|10\n|\n|t:|1698255126\n|move|p1a: Garchomp|Poison Jab|p2a: Zacian\n|-supereffective|p2a: Zacian\n|-crit|p2a: Zacian\n|-damage|p2a: Zacian|17\/100\n|move|p2a: Zacian|Play Rough|p1a: Garchomp\n|-supereffective|p1a: Garchomp\n|-damage|p1a: Garchomp|0 fnt\n|-damage|p2a: Zacian|5\/100|[from] ability: Rough Skin|[of] p1a: Garchomp\n|-damage|p2a: Zacian|0 fnt|[from] item: Rocky Helmet|[of] p1a: Garchomp\n|faint|p1a: Garchomp\n|faint|p2a: Zacian\n|\n|upkeep\n|\n|t:|1698255139\n|switch|p2a: Palkia|Palkia-Origin|100\/100\n|switch|p1a: Cyclizar|Cyclizar, F|100\/100\n|-ability|p2a: Palkia|Pressure\n|turn|11\n|\n|t:|1698255143\n|move|p1a: Cyclizar|Shed Tail|p1a: Cyclizar\n|-start|p1a: Cyclizar|Substitute|[from] move: Shed Tail\n|-damage|p1a: Cyclizar|50\/100\n|\n|t:|1698255146\n|switch|p1a: Ninetales|Ninetales-Alola, M|3\/100|[from] Shed Tail\n|-weather|Snow|[from] ability: Snow Warning|[of] p1a: Ninetales\n|move|p2a: Palkia|Substitute|p2a: Palkia\n|-start|p2a: Palkia|Substitute\n|-damage|p2a: Palkia|76\/100\n|\n|-weather|Snow|[upkeep]\n|upkeep\n|turn|12\n|\n|t:|1698255150\n|move|p2a: Palkia|Scale Shot|p1a: Ninetales\n|-immune|p1a: Ninetales\n|move|p1a: Ninetales|Moonblast|p2a: Palkia\n|-supereffective|p2a: Palkia\n|-end|p2a: Palkia|Substitute\n|\n|-weather|Snow|[upkeep]\n|upkeep\n|turn|13\n|c|\u2606Nitro524|oops\n|\n|t:|1698255161\n|switch|p2a: Pelipper|Pelipper, M|100\/100\n|-weather|RainDance|[from] ability: Drizzle|[of] p2a: Pelipper\n|move|p1a: Ninetales|Freeze-Dry|p2a: Pelipper\n|-supereffective|p2a: Pelipper\n|-damage|p2a: Pelipper|23\/100\n|\n|-weather|RainDance|[upkeep]\n|upkeep\n|turn|14\n|\n|t:|1698255190\n|move|p1a: Ninetales|Freeze-Dry|p2a: Pelipper\n|-supereffective|p2a: Pelipper\n|-crit|p2a: Pelipper\n|-damage|p2a: Pelipper|0 fnt\n|faint|p2a: Pelipper\n|\n|-weather|RainDance|[upkeep]\n|upkeep\n|\n|t:|1698255193\n|switch|p2a: Basculegion|Basculegion-F, F|100\/100\n|turn|15\n|\n|t:|1698255208\n|move|p2a: Basculegion|Last Respects|p1a: Ninetales\n|-end|p1a: Ninetales|Substitute\n|move|p1a: Ninetales|Freeze-Dry|p2a: Basculegion\n|-supereffective|p2a: Basculegion\n|-damage|p2a: Basculegion|50\/100\n|\n|-weather|RainDance|[upkeep]\n|upkeep\n|turn|16\n|\n|t:|1698255215\n|switch|p1a: Cyclizar|Cyclizar, F|83\/100\n|move|p2a: Basculegion|Last Respects|p1a: Cyclizar\n|-immune|p1a: Cyclizar\n|\n|-weather|RainDance|[upkeep]\n|upkeep\n|turn|17\n|\n|t:|1698255221\n|switch|p2a: Shaymin|Shaymin-Sky|100\/100\n|move|p1a: Cyclizar|Knock Off|p2a: Shaymin\n|-damage|p2a: Shaymin|64\/100\n|-enditem|p2a: Shaymin|Heavy-Duty Boots|[from] move: Knock Off|[of] p1a: Cyclizar\n|\n|-weather|RainDance|[upkeep]\n|upkeep\n|turn|18\n|\n|t:|1698255238\n|switch|p1a: Magnezone|Magnezone|22\/100\n|move|p2a: Shaymin|Air Slash|p1a: Magnezone\n|-resisted|p1a: Magnezone\n|-damage|p1a: Magnezone|13\/100\n|\n|-weather|RainDance|[upkeep]\n|upkeep\n|turn|19\n|\n|t:|1698255245\n|move|p2a: Shaymin|Earth Power|p1a: Magnezone\n|-supereffective|p1a: Magnezone\n|-damage|p1a: Magnezone|0 fnt\n|faint|p1a: Magnezone\n|\n|-weather|RainDance|[upkeep]\n|upkeep\n|\n|t:|1698255251\n|switch|p1a: Dragapult|Dragapult, M|75\/100\n|turn|20\n|\n|t:|1698255261\n|move|p1a: Dragapult|Shadow Ball|p2a: Shaymin\n|-damage|p2a: Shaymin|0 fnt\n|faint|p2a: Shaymin\n|\n|-weather|none\n|upkeep\n|\n|t:|1698255274\n|switch|p2a: Palkia|Palkia-Origin|76\/100\n|-ability|p2a: Palkia|Pressure\n|turn|21\n|\n|t:|1698255301\n|move|p1a: Dragapult|Shadow Ball|p2a: Palkia\n|-damage|p2a: Palkia|32\/100\n|-unboost|p2a: Palkia|spd|1\n|move|p2a: Palkia|Scale Shot|p1a: Dragapult\n|-supereffective|p1a: Dragapult\n|-damage|p1a: Dragapult|48\/100\n|-supereffective|p1a: Dragapult\n|-damage|p1a: Dragapult|23\/100\n|-supereffective|p1a: Dragapult\n|-damage|p1a: Dragapult|0 fnt\n|faint|p1a: Dragapult\n|-hitcount|p1: Dragapult|3\n|-unboost|p2a: Palkia|def|1\n|-boost|p2a: Palkia|spe|1\n|\n|upkeep\n|\n|t:|1698255321\n|switch|p1a: Palkia|Palkia-Origin|100\/100\n|-ability|p1a: Palkia|Pressure\n|turn|22\n|\n|t:|1698255339\n|-terastallize|p1a: Palkia|Ground\n|move|p2a: Palkia|Spacial Rend|p1a: Palkia\n|-damage|p1a: Palkia|38\/100\n|move|p1a: Palkia|Earth Power|p2a: Palkia\n|-damage|p2a: Palkia|0 fnt\n|faint|p2a: Palkia\n|\n|upkeep\n|\n|t:|1698255343\n|switch|p2a: Basculegion|Basculegion-F, F|50\/100\n|turn|23\n|\n|t:|1698255348\n|move|p2a: Basculegion|Aqua Jet|p1a: Palkia\n|-supereffective|p1a: Palkia\n|-damage|p1a: Palkia|0 fnt\n|faint|p1a: Palkia\n|\n|upkeep\n|\n|t:|1698255353\n|switch|p1a: Cyclizar|Cyclizar, F|100\/100\n|turn|24\n|\n|t:|1698255354\n|move|p2a: Basculegion|Aqua Jet|p1a: Cyclizar\n|-resisted|p1a: Cyclizar\n|-damage|p1a: Cyclizar|78\/100\n|move|p1a: Cyclizar|Knock Off|p2a: Basculegion\n|-supereffective|p2a: Basculegion\n|-damage|p2a: Basculegion|0 fnt\n|-enditem|p2a: Basculegion|Choice Band|[from] move: Knock Off|[of] p1a: Cyclizar\n|faint|p2a: Basculegion\n|\n|win|hannah_xyz\n|c|\u2606hannah_xyz|gg\n|c|\u2606Nitro524|gg\n","uploadtime":1698255362,"views":8,"p1id":"hannahxyz","p2id":"nitro524","formatid":"gen9ubers","rating":0,"private":0,"password":""}