{"id":"gen9ubers-1969264098","p1":"SunShinyReys","p2":"IshaNn","format":"[Gen 9] Ubers","log":"|j|\u2606SunShinyReys\n|j|\u2606IshaNn\n|t:|1697507538\n|gametype|singles\n|player|p1|SunShinyReys|burglar|\n|player|p2|IshaNn|koga|\n|teamsize|p1|6\n|teamsize|p2|6\n|gen|9\n|tier|[Gen 9] Ubers\n|rule|Sleep Clause Mod: Limit one foe put to sleep\n|rule|Species Clause: Limit one of each Pok\u00e9mon\n|rule|OHKO Clause: OHKO moves are banned\n|rule|Evasion Items Clause: Evasion items are banned\n|rule|Evasion Moves Clause: Evasion moves are banned\n|rule|Endless Battle Clause: Forcing endless battles is banned\n|rule|HP Percentage Mod: HP is shown in percentages\n|clearpoke\n|poke|p1|Slowking, M|\n|poke|p1|Bellibolt, M|\n|poke|p1|Dachsbun, F|\n|poke|p1|Blissey, F|\n|poke|p1|Scizor, F|\n|poke|p1|Beartic, M|\n|poke|p2|Baxcalibur, F|\n|poke|p2|Great Tusk|\n|poke|p2|Ninetales-Alola, F|\n|poke|p2|Volcarona, M|\n|poke|p2|Empoleon, F|\n|poke|p2|Overqwil, F|\n|teampreview\n|c|\u2606SunShinyReys|Should we wait for viewers?\n|c|\u2606IshaNn|eh\n|c|\u2606IshaNn|replay will be a thing\n|c|\u2606SunShinyReys|nodders\n|c|\u2606IshaNn|here i'll get us viewers\n|c|\u2606SunShinyReys|I already did an @here ;-;\n|c|\u2606IshaNn|doesn't work without perms\n|c|\u2606IshaNn|need to fix those\n|c|\u2606SunShinyReys|Oooooh ok\n|j| KaoVT\n|c| KaoVT|GO REY GO\n|c|\u2606IshaNn|@here fixed for everyone\n|j| MoonlightRay\n|j| Wwwwwwvwww\n|c|\u2606SunShinyReys|Who's this Moonlit imposter?\n|c| KaoVT|Wwwwwwwwwwww big fan\n|\n|t:|1697507811\n|start\n|switch|p1a: Nurse Joy|Blissey, F|100\/100\n|switch|p2a: Ulgamoth|Volcarona, M|100\/100\n|turn|1\n|\n|t:|1697507839\n|switch|p2a: Haryman|Overqwil, F|100\/100\n|-ability|p2a: Haryman|Intimidate|boost\n|-unboost|p1a: Nurse Joy|atk|1\n|move|p1a: Nurse Joy|Thunder Wave|p2a: Haryman\n|-status|p2a: Haryman|par\n|\n|upkeep\n|turn|2\n|\n|t:|1697507851\n|move|p1a: Nurse Joy|Stealth Rock|p2a: Haryman\n|-sidestart|p2: IshaNn|move: Stealth Rock\n|move|p2a: Haryman|Spikes|p1a: Nurse Joy\n|-sidestart|p1: SunShinyReys|Spikes\n|\n|upkeep\n|turn|3\n|\n|t:|1697507906\n|switch|p1a: Steve|Scizor, F|100\/100\n|-damage|p1a: Steve|88\/100|[from] Spikes\n|move|p2a: Haryman|Spikes|p1a: Steve\n|-sidestart|p1: SunShinyReys|Spikes\n|\n|upkeep\n|turn|4\n|\n|t:|1697507925\n|move|p1a: Steve|U-turn|p2a: Haryman\n|-damage|p2a: Haryman|59\/100 par\n|\n|t:|1697507928\n|switch|p1a: Scald King|Slowking, M|100\/100|[from] U-turn\n|move|p2a: Haryman|Spikes|p1a: Scald King\n|-sidestart|p1: SunShinyReys|Spikes\n|\n|-heal|p2a: Haryman|65\/100 par|[from] item: Leftovers\n|upkeep\n|turn|5\n|\n|t:|1697507937\n|move|p2a: Haryman|Crunch|p1a: Scald King\n|-supereffective|p1a: Scald King\n|-damage|p1a: Scald King|32\/100\n|move|p1a: Scald King|Chilly Reception|p1a: Scald King\n|-weather|Snow\n|\n|t:|1697507942\n|switch|p1a: Can't Bear It|Beartic, M|100\/100|[from] Chilly Reception\n|-damage|p1a: Can't Bear It|76\/100|[from] Spikes\n|\n|-weather|Snow|[upkeep]\n|-heal|p2a: Haryman|71\/100 par|[from] item: Leftovers\n|upkeep\n|turn|6\n|j| iceberg149\n|\n|t:|1697507974\n|-terastallize|p2a: Haryman|Water\n|move|p1a: Can't Bear It|Swords Dance|p1a: Can't Bear It\n|-boost|p1a: Can't Bear It|atk|2\n|move|p2a: Haryman|Crunch|p1a: Can't Bear It\n|-damage|p1a: Can't Bear It|47\/100\n|\n|-weather|Snow|[upkeep]\n|-heal|p2a: Haryman|77\/100 par|[from] item: Leftovers\n|upkeep\n|turn|7\n|l| Wwwwwwvwww\n|\n|t:|1697507991\n|move|p1a: Can't Bear It|Close Combat|p2a: Haryman\n|-damage|p2a: Haryman|0 fnt\n|-unboost|p1a: Can't Bear It|def|1\n|-unboost|p1a: Can't Bear It|spd|1\n|faint|p2a: Haryman\n|-damage|p1a: Can't Bear It|37\/100|[from] item: Life Orb\n|\n|-weather|Snow|[upkeep]\n|upkeep\n|j| hatev2\n|j| The ShaqtusLOL\n|\n|t:|1697508134\n|switch|p2a: Emperte|Empoleon, F|100\/100\n|-damage|p2a: Emperte|94\/100|[from] Stealth Rock\n|turn|8\n|\n|t:|1697508187\n|move|p1a: Can't Bear It|Close Combat|p2a: Emperte\n|-supereffective|p2a: Emperte\n|-damage|p2a: Emperte|0 fnt\n|-unboost|p1a: Can't Bear It|def|1\n|-unboost|p1a: Can't Bear It|spd|1\n|faint|p2a: Emperte\n|-damage|p1a: Can't Bear It|27\/100|[from] item: Life Orb\n|\n|-weather|Snow|[upkeep]\n|upkeep\n|\n|t:|1697508231\n|switch|p2a: Idainakiba|Great Tusk|100\/100\n|-damage|p2a: Idainakiba|98\/100|[from] Stealth Rock\n|turn|9\n|j| manatsu\n|\n|t:|1697508315\n|-terastallize|p1a: Can't Bear It|Fighting\n|move|p1a: Can't Bear It|Close Combat|p2a: Idainakiba\n|-damage|p2a: Idainakiba|0 fnt\n|-unboost|p1a: Can't Bear It|def|1\n|-unboost|p1a: Can't Bear It|spd|1\n|faint|p2a: Idainakiba\n|-end|p2a: Idainakiba|Protosynthesis|[silent]\n|-damage|p1a: Can't Bear It|17\/100|[from] item: Life Orb\n|\n|-weather|none\n|upkeep\n|\n|t:|1697508348\n|switch|p2a: Kyukon|Ninetales-Alola, F|100\/100\n|-damage|p2a: Kyukon|76\/100|[from] Stealth Rock\n|-weather|Snow|[from] ability: Snow Warning|[of] p2a: Kyukon\n|turn|10\n|\n|t:|1697508356\n|move|p1a: Can't Bear It|Close Combat|p2a: Kyukon\n|-damage|p2a: Kyukon|0 fnt\n|-unboost|p1a: Can't Bear It|def|1\n|-unboost|p1a: Can't Bear It|spd|1\n|faint|p2a: Kyukon\n|-damage|p1a: Can't Bear It|7\/100|[from] item: Life Orb\n|\n|-weather|Snow|[upkeep]\n|upkeep\n|c|\u2606IshaNn|wait im so dumb\n|c|\u2606IshaNn|uhhhhhh\n|c|\u2606IshaNn|haha!\n|c|\u2606SunShinyReys|Slush Ruuuuuuush!\n|n| Oliverpup|moonlightray\n|l| Oliverpup\n|j| Oliverpup\n|\n|t:|1697508425\n|switch|p2a: Seglaive|Baxcalibur, F|100\/100\n|-damage|p2a: Seglaive|76\/100|[from] Stealth Rock\n|turn|11\n|c| Oliverpup|Only took me one extra week to find Rey\u2019s strengths\n|\n|t:|1697508440\n|move|p1a: Can't Bear It|Close Combat|p2a: Seglaive\n|-supereffective|p2a: Seglaive\n|-damage|p2a: Seglaive|0 fnt\n|-unboost|p1a: Can't Bear It|def|1\n|-unboost|p1a: Can't Bear It|spd|1\n|faint|p2a: Seglaive\n|-damage|p1a: Can't Bear It|0 fnt|[from] item: Life Orb\n|faint|p1a: Can't Bear It\n|\n|-weather|Snow|[upkeep]\n|upkeep\n|c| The ShaqtusLOL|WOWIE\n|\n|t:|1697508479\n|switch|p2a: Ulgamoth|Volcarona, M|100\/100\n|switch|p1a: Scald King|Slowking, M|65\/100\n|turn|12\n|\n|t:|1697508488\n|move|p2a: Ulgamoth|Quiver Dance|p2a: Ulgamoth\n|-boost|p2a: Ulgamoth|spa|1\n|-boost|p2a: Ulgamoth|spd|1\n|-boost|p2a: Ulgamoth|spe|1\n|move|p1a: Scald King|Scald|p2a: Ulgamoth\n|-supereffective|p2a: Ulgamoth\n|-damage|p2a: Ulgamoth|60\/100\n|\n|-weather|Snow|[upkeep]\n|upkeep\n|turn|13\n|\n|t:|1697508501\n|move|p2a: Ulgamoth|Bug Buzz|p1a: Scald King\n|-supereffective|p1a: Scald King\n|-damage|p1a: Scald King|0 fnt\n|faint|p1a: Scald King\n|\n|-weather|Snow|[upkeep]\n|upkeep\n|\n|t:|1697508536\n|switch|p1a: Burnt Toast|Dachsbun, F, shiny|100\/100\n|turn|14\n|\n|t:|1697508580\n|move|p2a: Ulgamoth|Quiver Dance|p2a: Ulgamoth\n|-boost|p2a: Ulgamoth|spa|1\n|-boost|p2a: Ulgamoth|spd|1\n|-boost|p2a: Ulgamoth|spe|1\n|move|p1a: Burnt Toast|Body Press|p2a: Ulgamoth\n|-resisted|p2a: Ulgamoth\n|-damage|p2a: Ulgamoth|37\/100\n|-status|p1a: Burnt Toast|brn|[from] ability: Flame Body|[of] p2a: Ulgamoth\n|\n|-weather|none\n|-damage|p1a: Burnt Toast|95\/100 brn|[from] brn\n|upkeep\n|turn|15\n|\n|t:|1697508660\n|move|p2a: Ulgamoth|Quiver Dance|p2a: Ulgamoth\n|-boost|p2a: Ulgamoth|spa|1\n|-boost|p2a: Ulgamoth|spd|1\n|-boost|p2a: Ulgamoth|spe|1\n|move|p1a: Burnt Toast|Body Press|p2a: Ulgamoth\n|-resisted|p2a: Ulgamoth\n|-damage|p2a: Ulgamoth|25\/100\n|\n|-damage|p1a: Burnt Toast|89\/100 brn|[from] brn\n|upkeep\n|turn|16\n|c| manatsu|ooooh\n|\n|t:|1697508673\n|move|p2a: Ulgamoth|Psychic|p1a: Burnt Toast\n|-damage|p1a: Burnt Toast|0 fnt\n|faint|p1a: Burnt Toast\n|\n|upkeep\n|c| manatsu|does the moth have giga?\n|\n|t:|1697508680\n|switch|p1a: Steve|Scizor, F|88\/100\n|-damage|p1a: Steve|63\/100|[from] Spikes\n|turn|17\n|\n|t:|1697508685\n|move|p1a: Steve|Bullet Punch|p2a: Ulgamoth\n|-resisted|p2a: Ulgamoth\n|-damage|p2a: Ulgamoth|0 fnt\n|faint|p2a: Ulgamoth\n|\n|win|SunShinyReys\n|c| manatsu|i guess not\n|c|\u2606SunShinyReys|GG\n|c| Oliverpup|Yay\n|c|\u2606IshaNn|i threw so hard\n|l| KaoVT\n|l| manatsu\n|l| iceberg149\n|c| Oliverpup|I can tell that Rey forgot the whole reason why Blissey is on the team\n|l| hatev2\n|c| Oliverpup|is for the Volcarona\n|c| Oliverpup|But Beartic is the boy\n","uploadtime":1697508699,"views":33,"p1id":"sunshinyreys","p2id":"ishann","formatid":"gen9ubers","rating":0,"private":0,"password":""}