{"id":"gen9ubers-1976222859","p1":"kirimissing","p2":"Nitro524","format":"[Gen 9] Ubers","log":"|j|\u2606kirimissing\n|j|\u2606Nitro524\n|t:|1698275473\n|gametype|singles\n|player|p1|kirimissing|raifort|\n|player|p2|Nitro524|170|\n|teamsize|p1|6\n|teamsize|p2|6\n|gen|9\n|tier|[Gen 9] Ubers\n|rule|Sleep Clause Mod: Limit one foe put to sleep\n|rule|Species Clause: Limit one of each Pok\u00e9mon\n|rule|OHKO Clause: OHKO moves are banned\n|rule|Evasion Items Clause: Evasion items are banned\n|rule|Evasion Moves Clause: Evasion moves are banned\n|rule|Endless Battle Clause: Forcing endless battles is banned\n|rule|HP Percentage Mod: HP is shown in percentages\n|clearpoke\n|poke|p1|Scizor, F|\n|poke|p1|Haxorus, F|\n|poke|p1|Ninetales-Alola, M|\n|poke|p1|Espathra, F|\n|poke|p1|Volcarona, M|\n|poke|p1|Alomomola, F|\n|poke|p2|Torkoal, M|\n|poke|p2|Chi-Yu|\n|poke|p2|Cyclizar, M|\n|poke|p2|Magearna|\n|poke|p2|Roaring Moon|\n|poke|p2|Walking Wake|\n|teampreview\n|c|\u2606kirimissing|glhf\n|c|\u2606Nitro524|u2!\n|\n|t:|1698275493\n|start\n|switch|p1a: Alomomola|Alomomola, F|100\/100\n|switch|p2a: Cyclizar|Cyclizar, M|100\/100\n|turn|1\n|\n|t:|1698275511\n|move|p2a: Cyclizar|Shed Tail|p2a: Cyclizar\n|-start|p2a: Cyclizar|Substitute|[from] move: Shed Tail\n|-damage|p2a: Cyclizar|50\/100\n|\n|t:|1698275514\n|switch|p2a: Magearna|Magearna|100\/100|[from] Shed Tail\n|move|p1a: Alomomola|Flip Turn|p2a: Magearna\n|-activate|p2a: Magearna|move: Substitute|[damage]\n|\n|t:|1698275518\n|switch|p1a: Ninetales|Ninetales-Alola, M|100\/100|[from] Flip Turn\n|-weather|Snow|[from] ability: Snow Warning|[of] p1a: Ninetales\n|\n|-weather|Snow|[upkeep]\n|upkeep\n|turn|2\n|\n|t:|1698275522\n|move|p1a: Ninetales|Aurora Veil|p1a: Ninetales\n|-sidestart|p1: kirimissing|move: Aurora Veil\n|move|p2a: Magearna|Calm Mind|p2a: Magearna\n|-boost|p2a: Magearna|spa|1\n|-boost|p2a: Magearna|spd|1\n|\n|-weather|Snow|[upkeep]\n|upkeep\n|turn|3\n|\n|t:|1698275529\n|move|p2a: Magearna|Iron Defense|p2a: Magearna\n|-boost|p2a: Magearna|def|2\n|move|p1a: Ninetales|Roar|p2a: Magearna\n|drag|p2a: Walking Wake|Walking Wake|100\/100\n|\n|-weather|Snow|[upkeep]\n|upkeep\n|turn|4\n|\n|t:|1698275537\n|move|p1a: Ninetales|Dazzling Gleam|p2a: Walking Wake\n|-supereffective|p2a: Walking Wake\n|-damage|p2a: Walking Wake|51\/100\n|move|p2a: Walking Wake|Hydro Steam|p1a: Ninetales\n|-damage|p1a: Ninetales|71\/100\n|\n|-weather|Snow|[upkeep]\n|upkeep\n|turn|5\n|\n|t:|1698275557\n|-end|p2a: Walking Wake|Protosynthesis|[silent]\n|switch|p2a: Torkoal|Torkoal, M|100\/100\n|-weather|SunnyDay|[from] ability: Drought|[of] p2a: Torkoal\n|move|p1a: Ninetales|Dazzling Gleam|p2a: Torkoal\n|-resisted|p2a: Torkoal\n|-damage|p2a: Torkoal|86\/100\n|\n|-weather|SunnyDay|[upkeep]\n|upkeep\n|turn|6\n|\n|t:|1698275563\n|switch|p1a: Haxorus|Haxorus, F, shiny|100\/100\n|-ability|p1a: Haxorus|Mold Breaker\n|move|p2a: Torkoal|Stealth Rock|p1a: Haxorus\n|-sidestart|p1: kirimissing|move: Stealth Rock\n|\n|-weather|SunnyDay|[upkeep]\n|upkeep\n|turn|7\n|\n|t:|1698275569\n|move|p1a: Haxorus|Swords Dance|p1a: Haxorus\n|-boost|p1a: Haxorus|atk|2\n|move|p2a: Torkoal|Yawn|p1a: Haxorus\n|-start|p1a: Haxorus|move: Yawn|[of] p2a: Torkoal\n|\n|-weather|SunnyDay|[upkeep]\n|upkeep\n|turn|8\n|\n|t:|1698275581\n|switch|p2a: Cyclizar|Cyclizar, M|84\/100\n|move|p1a: Haxorus|Scale Shot|p2a: Cyclizar\n|-supereffective|p2a: Cyclizar\n|-damage|p2a: Cyclizar|14\/100\n|-supereffective|p2a: Cyclizar\n|-damage|p2a: Cyclizar|0 fnt\n|faint|p2a: Cyclizar\n|-hitcount|p2: Cyclizar|2\n|-unboost|p1a: Haxorus|def|1\n|-boost|p1a: Haxorus|spe|1\n|\n|-weather|SunnyDay|[upkeep]\n|-end|p1a: Haxorus|move: Yawn|[silent]\n|-status|p1a: Haxorus|slp\n|upkeep\n|\n|t:|1698275587\n|switch|p2a: Roaring Moon|Roaring Moon|100\/100\n|-activate|p2a: Roaring Moon|ability: Protosynthesis\n|-start|p2a: Roaring Moon|protosynthesisspe\n|turn|9\n|c|\u2606kirimissing|70% in one hit wth\n|\n|t:|1698275606\n|switch|p1a: Ninetales|Ninetales-Alola, M|71\/100\n|-damage|p1a: Ninetales|46\/100|[from] Stealth Rock\n|-weather|Snow|[from] ability: Snow Warning|[of] p1a: Ninetales\n|-end|p2a: Roaring Moon|Protosynthesis\n|-enditem|p2a: Roaring Moon|Booster Energy\n|-activate|p2a: Roaring Moon|ability: Protosynthesis|[fromitem]\n|-start|p2a: Roaring Moon|protosynthesisspe\n|move|p2a: Roaring Moon|Dragon Dance|p2a: Roaring Moon\n|-boost|p2a: Roaring Moon|atk|1\n|-boost|p2a: Roaring Moon|spe|1\n|\n|-weather|Snow|[upkeep]\n|-sideend|p1: kirimissing|move: Aurora Veil\n|upkeep\n|turn|10\n|c|\u2606Nitro524|unfathomable\n|l|\u2606Nitro524\n|player|p2|\n|j|\u2606Nitro524\n|player|p2|Nitro524|170\n|c|\u2606Nitro524|sorry\n|c|\u2606kirimissing|nwnw\n|c|\u2606Nitro524|internet is REALLY slow here\n|\n|t:|1698275645\n|move|p2a: Roaring Moon|Earthquake|p1a: Ninetales\n|-damage|p1a: Ninetales|6\/100\n|move|p1a: Ninetales|Aurora Veil|p1a: Ninetales\n|-sidestart|p1: kirimissing|move: Aurora Veil\n|\n|-weather|Snow|[upkeep]\n|upkeep\n|turn|11\n|\n|t:|1698275654\n|switch|p1a: Scizor|Scizor, F|100\/100\n|-damage|p1a: Scizor|88\/100|[from] Stealth Rock\n|move|p2a: Roaring Moon|Knock Off|p1a: Scizor\n|-damage|p1a: Scizor|52\/100\n|-enditem|p1a: Scizor|Life Orb|[from] move: Knock Off|[of] p2a: Roaring Moon\n|\n|-weather|Snow|[upkeep]\n|upkeep\n|turn|12\n|\n|t:|1698275717\n|move|p2a: Roaring Moon|Earthquake|p1a: Scizor\n|-damage|p1a: Scizor|26\/100\n|move|p1a: Scizor|Defog|p2a: Roaring Moon\n|-unboost|p2a: Roaring Moon|evasion|1\n|-sideend|p1: kirimissing|Stealth Rock|[from] move: Defog|[of] p1a: Scizor\n|\n|-weather|Snow|[upkeep]\n|upkeep\n|turn|13\n|\n|t:|1698275726\n|move|p2a: Roaring Moon|Earthquake|p1a: Scizor\n|-damage|p1a: Scizor|0 fnt\n|faint|p1a: Scizor\n|\n|-weather|none\n|upkeep\n|\n|t:|1698275742\n|switch|p1a: Volcarona|Volcarona, M|100\/100\n|turn|14\n|\n|t:|1698275767\n|move|p2a: Roaring Moon|Knock Off|p1a: Volcarona\n|-damage|p1a: Volcarona|42\/100\n|-enditem|p1a: Volcarona|Heavy-Duty Boots|[from] move: Knock Off|[of] p2a: Roaring Moon\n|move|p1a: Volcarona|Quiver Dance|p1a: Volcarona\n|-boost|p1a: Volcarona|spa|1\n|-boost|p1a: Volcarona|spd|1\n|-boost|p1a: Volcarona|spe|1\n|\n|upkeep\n|turn|15\n|\n|t:|1698275791\n|move|p2a: Roaring Moon|Knock Off|p1a: Volcarona\n|-damage|p1a: Volcarona|0 fnt\n|faint|p1a: Volcarona\n|\n|upkeep\n|c|\u2606kirimissing|i actually didnt expect that\n|c|\u2606Nitro524|moon is actually insane\n|c|\u2606kirimissing|knock off does way less damage usually so idk why it just deleted me\n|\n|t:|1698275816\n|switch|p1a: Haxorus|Haxorus, F, shiny|100\/100 slp\n|-ability|p1a: Haxorus|Mold Breaker\n|turn|16\n|c|\u2606Nitro524|maybe a low into high roll\n|c|\u2606kirimissing|ye\n|\n|t:|1698275839\n|move|p2a: Roaring Moon|Dragon Dance|p2a: Roaring Moon\n|-boost|p2a: Roaring Moon|atk|1\n|-boost|p2a: Roaring Moon|spe|1\n|cant|p1a: Haxorus|slp\n|\n|upkeep\n|turn|17\n|\n|t:|1698275850\n|-terastallize|p1a: Haxorus|Electric\n|move|p2a: Roaring Moon|Knock Off|p1a: Haxorus\n|-damage|p1a: Haxorus|42\/100 slp\n|-enditem|p1a: Haxorus|Loaded Dice|[from] move: Knock Off|[of] p2a: Roaring Moon\n|cant|p1a: Haxorus|slp\n|\n|-sideend|p1: kirimissing|move: Aurora Veil\n|upkeep\n|turn|18\n|\n|t:|1698275855\n|move|p2a: Roaring Moon|Earthquake|p1a: Haxorus\n|-supereffective|p1a: Haxorus\n|-damage|p1a: Haxorus|0 fnt\n|faint|p1a: Haxorus\n|\n|upkeep\n|c|\u2606kirimissing|shiiiiiiiit\n|c|\u2606Nitro524|tera electric\n|c|\u2606Nitro524|i like that\n|c|\u2606kirimissing|gg\n|c|\u2606Nitro524|gg\n|c|\u2606Nitro524|hey random but are you on a team?\n|c|\u2606kirimissing|yeah tera electric one shots dondozo after 1 sd\n|c|\u2606Nitro524|nice\n|c|\u2606kirimissing|i am i am, but if you want you can come in\n|c|\u2606Nitro524|ooh that'd be sweet\n|c|\u2606kirimissing|alr let me just a sec\n|c|\u2606Nitro524|thank you\n|c|\u2606Nitro524|epic\n|-message|kirimissing forfeited.\n|\n|win|Nitro524\n|l|\u2606kirimissing\n","uploadtime":1698275978,"views":18,"p1id":"kirimissing","p2id":"nitro524","formatid":"gen9ubers","rating":0,"private":0,"password":""}