{"id":"gen9ubers-1978350798","p1":"bvhngcjfdxz","p2":"ZFerrisPlayz","format":"[Gen 9] Ubers","log":"|j|\u2606bvhngcjfdxz\n|j|\u2606ZFerrisPlayz\n|t:|1698528189\n|gametype|singles\n|player|p1|bvhngcjfdxz|preschoolerf|1000\n|player|p2|ZFerrisPlayz|2|1116\n|teamsize|p1|6\n|teamsize|p2|6\n|gen|9\n|tier|[Gen 9] Ubers\n|rated|\n|rule|Sleep Clause Mod: Limit one foe put to sleep\n|rule|Species Clause: Limit one of each Pok\u00e9mon\n|rule|OHKO Clause: OHKO moves are banned\n|rule|Evasion Items Clause: Evasion items are banned\n|rule|Evasion Moves Clause: Evasion moves are banned\n|rule|Endless Battle Clause: Forcing endless battles is banned\n|rule|HP Percentage Mod: HP is shown in percentages\n|clearpoke\n|poke|p1|Flutter Mane|\n|poke|p1|Koraidon|\n|poke|p1|Houndstone, M|\n|poke|p1|Ting-Lu|\n|poke|p1|Glimmora, F|\n|poke|p1|Armarouge, M|\n|poke|p2|Koraidon|\n|poke|p2|Flutter Mane|\n|poke|p2|Chien-Pao|\n|poke|p2|Miraidon|\n|poke|p2|Ditto|\n|poke|p2|Grimmsnarl, M|\n|teampreview\n|inactive|Battle timer is ON: inactive players will automatically lose when time's up. (requested by ZFerrisPlayz)\n|inactive|ZFerrisPlayz has 120 seconds left.\n|\n|t:|1698528231\n|start\n|switch|p1a: Ting-Lu|Ting-Lu|100\/100\n|switch|p2a: Grimmsnarl|Grimmsnarl, M|100\/100\n|-ability|p1a: Ting-Lu|Vessel of Ruin\n|turn|1\n|\n|t:|1698528235\n|move|p2a: Grimmsnarl|Light Screen|p2a: Grimmsnarl\n|-sidestart|p2: ZFerrisPlayz|move: Light Screen\n|move|p1a: Ting-Lu|Heavy Slam|p2a: Grimmsnarl\n|-supereffective|p2a: Grimmsnarl\n|-damage|p2a: Grimmsnarl|6\/100\n|\n|upkeep\n|turn|2\n|\n|t:|1698528240\n|move|p2a: Grimmsnarl|Reflect|p2a: Grimmsnarl\n|-sidestart|p2: ZFerrisPlayz|Reflect\n|move|p1a: Ting-Lu|Ruination|p2a: Grimmsnarl\n|-damage|p2a: Grimmsnarl|3\/100\n|\n|upkeep\n|turn|3\n|\n|t:|1698528245\n|move|p2a: Grimmsnarl|Spirit Break|p1a: Ting-Lu\n|-supereffective|p1a: Ting-Lu\n|-damage|p1a: Ting-Lu|70\/100\n|-unboost|p1a: Ting-Lu|spa|1\n|move|p1a: Ting-Lu|Ruination|p2a: Grimmsnarl|[miss]\n|-miss|p1a: Ting-Lu|p2a: Grimmsnarl\n|\n|upkeep\n|turn|4\n|\n|t:|1698528255\n|move|p2a: Grimmsnarl|Parting Shot|p1a: Ting-Lu\n|-hint|Since gen 7, Dark is immune to Prankster moves.\n|-immune|p1a: Ting-Lu\n|move|p1a: Ting-Lu|Ruination|p2a: Grimmsnarl\n|-damage|p2a: Grimmsnarl|2\/100\n|\n|upkeep\n|turn|5\n|\n|t:|1698528260\n|move|p2a: Grimmsnarl|Spirit Break|p1a: Ting-Lu\n|-supereffective|p1a: Ting-Lu\n|-damage|p1a: Ting-Lu|38\/100\n|-unboost|p1a: Ting-Lu|spa|1\n|move|p1a: Ting-Lu|Earthquake|p2a: Grimmsnarl\n|-damage|p2a: Grimmsnarl|0 fnt\n|faint|p2a: Grimmsnarl\n|\n|upkeep\n|\n|t:|1698528269\n|switch|p2a: Miraidon|Miraidon|100\/100\n|-fieldstart|move: Electric Terrain|[from] ability: Hadron Engine|[of] p2a: Miraidon\n|turn|6\n|\n|t:|1698528273\n|move|p2a: Miraidon|Agility|p2a: Miraidon\n|-boost|p2a: Miraidon|spe|2\n|move|p1a: Ting-Lu|Earthquake|p2a: Miraidon\n|-supereffective|p2a: Miraidon\n|-damage|p2a: Miraidon|55\/100\n|-enditem|p2a: Miraidon|Weakness Policy\n|-boost|p2a: Miraidon|atk|2|[from] item: Weakness Policy\n|-boost|p2a: Miraidon|spa|2|[from] item: Weakness Policy\n|\n|upkeep\n|turn|7\n|\n|t:|1698528279\n|move|p2a: Miraidon|Dragon Pulse|p1a: Ting-Lu\n|-damage|p1a: Ting-Lu|0 fnt\n|faint|p1a: Ting-Lu\n|\n|upkeep\n|\n|t:|1698528285\n|switch|p1a: Koraidon|Koraidon|100\/100\n|-weather|SunnyDay|[from] ability: Orichalcum Pulse|[of] p1a: Koraidon\n|-activate|p1a: Koraidon|Orichalcum Pulse|[source]\n|turn|8\n|\n|t:|1698528293\n|switch|p1a: Armarouge|Armarouge, M|100\/100\n|-terastallize|p2a: Miraidon|Electric\n|move|p2a: Miraidon|Parabolic Charge|p1a: Armarouge\n|-damage|p1a: Armarouge|0 fnt\n|-heal|p2a: Miraidon|100\/100|[from] drain|[of] p1a: Armarouge\n|faint|p1a: Armarouge\n|\n|-weather|SunnyDay|[upkeep]\n|-sideend|p2: ZFerrisPlayz|move: Light Screen\n|upkeep\n|\n|t:|1698528298\n|switch|p1a: Glimmora|Glimmora, F|100\/100\n|turn|9\n|\n|t:|1698528311\n|-terastallize|p1a: Glimmora|Ground\n|move|p2a: Miraidon|Parabolic Charge|p1a: Glimmora\n|-immune|p1a: Glimmora\n|move|p1a: Glimmora|Earth Power|p2a: Miraidon\n|-supereffective|p2a: Miraidon\n|-damage|p2a: Miraidon|27\/100\n|\n|-weather|SunnyDay|[upkeep]\n|-sideend|p2: ZFerrisPlayz|Reflect\n|upkeep\n|turn|10\n|\n|t:|1698528316\n|move|p2a: Miraidon|Dragon Pulse|p1a: Glimmora\n|-enditem|p1a: Glimmora|Focus Sash\n|-damage|p1a: Glimmora|1\/100\n|move|p1a: Glimmora|Earth Power|p2a: Miraidon\n|-supereffective|p2a: Miraidon\n|-damage|p2a: Miraidon|0 fnt\n|faint|p2a: Miraidon\n|\n|-weather|SunnyDay|[upkeep]\n|-fieldend|move: Electric Terrain\n|upkeep\n|\n|t:|1698528326\n|switch|p2a: Flutter Mane|Flutter Mane|100\/100\n|-activate|p2a: Flutter Mane|ability: Protosynthesis\n|-start|p2a: Flutter Mane|protosynthesisspe\n|turn|11\n|\n|t:|1698528330\n|move|p2a: Flutter Mane|Mystical Fire|p1a: Glimmora\n|-damage|p1a: Glimmora|0 fnt\n|faint|p1a: Glimmora\n|-damage|p2a: Flutter Mane|91\/100|[from] item: Life Orb\n|\n|-weather|SunnyDay|[upkeep]\n|upkeep\n|\n|t:|1698528340\n|switch|p1a: Flutter Mane|Flutter Mane|100\/100\n|-activate|p1a: Flutter Mane|ability: Protosynthesis\n|-start|p1a: Flutter Mane|protosynthesisspe\n|turn|12\n|\n|t:|1698528343\n|move|p1a: Flutter Mane|Shadow Ball|p2a: Flutter Mane\n|-supereffective|p2a: Flutter Mane\n|-damage|p2a: Flutter Mane|1\/100\n|move|p2a: Flutter Mane|Shadow Ball|p1a: Flutter Mane\n|-supereffective|p1a: Flutter Mane\n|-damage|p1a: Flutter Mane|0 fnt\n|faint|p1a: Flutter Mane\n|-end|p1a: Flutter Mane|Protosynthesis|[silent]\n|-damage|p2a: Flutter Mane|0 fnt|[from] item: Life Orb\n|faint|p2a: Flutter Mane\n|-end|p2a: Flutter Mane|Protosynthesis|[silent]\n|\n|-weather|none\n|upkeep\n|\n|t:|1698528352\n|switch|p1a: Koraidon|Koraidon|100\/100\n|switch|p2a: Chien-Pao|Chien-Pao|100\/100\n|-weather|SunnyDay|[from] ability: Orichalcum Pulse|[of] p1a: Koraidon\n|-activate|p1a: Koraidon|Orichalcum Pulse|[source]\n|-ability|p2a: Chien-Pao|Sword of Ruin\n|turn|13\n|\n|t:|1698528357\n|move|p1a: Koraidon|Collision Course|p2a: Chien-Pao\n|-supereffective|p2a: Chien-Pao\n|-damage|p2a: Chien-Pao|0 fnt\n|faint|p2a: Chien-Pao\n|-damage|p1a: Koraidon|91\/100|[from] item: Life Orb\n|\n|-weather|SunnyDay|[upkeep]\n|upkeep\n|\n|t:|1698528360\n|switch|p2a: Ditto|Ditto|100\/100\n|-transform|p2a: Ditto|p1a: Koraidon|[from] ability: Imposter\n|-activate|p2a: Ditto|ability: Orichalcum Pulse\n|turn|14\n|\n|t:|1698528364\n|move|p2a: Ditto|Outrage|p1a: Koraidon\n|-supereffective|p1a: Koraidon\n|-damage|p1a: Koraidon|0 fnt\n|faint|p1a: Koraidon\n|\n|-weather|SunnyDay|[upkeep]\n|upkeep\n|\n|t:|1698528367\n|switch|p1a: Houndstone|Houndstone, M|100\/100\n|turn|15\n|\n|t:|1698528373\n|move|p2a: Ditto|Outrage|p1a: Houndstone|[from]lockedmove\n|-damage|p1a: Houndstone|64\/100\n|-start|p2a: Ditto|confusion|[fatigue]\n|move|p1a: Houndstone|Last Respects|p2a: Ditto\n|-damage|p2a: Ditto|0 fnt\n|faint|p2a: Ditto\n|\n|-weather|SunnyDay|[upkeep]\n|-heal|p1a: Houndstone|70\/100|[from] item: Leftovers\n|upkeep\n|\n|t:|1698528377\n|switch|p2a: Koraidon|Koraidon|100\/100\n|-activate|p2a: Koraidon|ability: Orichalcum Pulse\n|turn|16\n|\n|t:|1698528381\n|move|p2a: Koraidon|Dragon Claw|p1a: Houndstone\n|-crit|p1a: Houndstone\n|-damage|p1a: Houndstone|36\/100\n|move|p1a: Houndstone|Last Respects|p2a: Koraidon\n|-damage|p2a: Koraidon|0 fnt\n|faint|p2a: Koraidon\n|\n|win|bvhngcjfdxz\n|raw|bvhngcjfdxz's rating: 1000 &rarr; <strong>1053<\/strong><br \/>(+53 for winning)\n|raw|ZFerrisPlayz's rating: 1116 &rarr; <strong>1083<\/strong><br \/>(-33 for losing)\n|l|\u2606ZFerrisPlayz\n","uploadtime":1698528407,"views":6,"p1id":"bvhngcjfdxz","p2id":"zferrisplayz","formatid":"gen9ubers","rating":1053,"private":0,"password":""}