{"id":"gen9ubers-1977795450","p1":"GageMrgn7","p2":"Densetsunoriig","format":"[Gen 9] Ubers","log":"|j|\u2606GageMrgn7\n|j|\u2606Densetsunoriig\n|t:|1698450563\n|gametype|singles\n|player|p1|GageMrgn7|hilbert|1052\n|player|p2|Densetsunoriig|1|1065\n|teamsize|p1|6\n|teamsize|p2|6\n|gen|9\n|tier|[Gen 9] Ubers\n|rated|\n|rule|Sleep Clause Mod: Limit one foe put to sleep\n|rule|Species Clause: Limit one of each Pok\u00e9mon\n|rule|OHKO Clause: OHKO moves are banned\n|rule|Evasion Items Clause: Evasion items are banned\n|rule|Evasion Moves Clause: Evasion moves are banned\n|rule|Endless Battle Clause: Forcing endless battles is banned\n|rule|HP Percentage Mod: HP is shown in percentages\n|clearpoke\n|poke|p1|Dipplin, F|\n|poke|p1|Mewtwo|\n|poke|p1|Rayquaza|\n|poke|p1|Ninetales-Alola, M|\n|poke|p1|Kingambit, F|\n|poke|p1|Milotic, M|\n|poke|p2|Urshifu-*, F|\n|poke|p2|Grimmsnarl, M|\n|poke|p2|Spectrier|\n|poke|p2|Palafin, M|\n|poke|p2|Corviknight, M|\n|poke|p2|Garchomp, F|\n|teampreview\n|\n|t:|1698450573\n|start\n|switch|p1a: Laverna|Ninetales-Alola, M|100\/100\n|switch|p2a: Garchomp|Garchomp, F, shiny|100\/100\n|-weather|Snow|[from] ability: Snow Warning|[of] p1a: Laverna\n|turn|1\n|\n|t:|1698450588\n|move|p1a: Laverna|Ice Beam|p2a: Garchomp\n|-supereffective|p2a: Garchomp\n|-damage|p2a: Garchomp|0 fnt\n|faint|p2a: Garchomp\n|\n|-weather|Snow|[upkeep]\n|upkeep\n|\n|t:|1698450599\n|switch|p2a: Grimmsnarl|Grimmsnarl, M, shiny|100\/100\n|turn|2\n|\n|t:|1698450610\n|move|p2a: Grimmsnarl|Light Screen|p2a: Grimmsnarl\n|-sidestart|p2: Densetsunoriig|move: Light Screen\n|move|p1a: Laverna|Moonblast|p2a: Grimmsnarl\n|-supereffective|p2a: Grimmsnarl\n|-damage|p2a: Grimmsnarl|66\/100\n|\n|-weather|Snow|[upkeep]\n|upkeep\n|turn|3\n|\n|t:|1698450618\n|move|p2a: Grimmsnarl|Reflect|p2a: Grimmsnarl\n|-sidestart|p2: Densetsunoriig|Reflect\n|move|p1a: Laverna|Nasty Plot|p1a: Laverna\n|-boost|p1a: Laverna|spa|2\n|\n|-weather|Snow|[upkeep]\n|upkeep\n|turn|4\n|\n|t:|1698450625\n|move|p2a: Grimmsnarl|Taunt|p1a: Laverna\n|-start|p1a: Laverna|move: Taunt\n|move|p1a: Laverna|Moonblast|p2a: Grimmsnarl\n|-supereffective|p2a: Grimmsnarl\n|-damage|p2a: Grimmsnarl|0 fnt\n|faint|p2a: Grimmsnarl\n|\n|-weather|Snow|[upkeep]\n|upkeep\n|\n|t:|1698450636\n|switch|p2a: Palafin|Palafin, M|100\/100\n|turn|5\n|\n|t:|1698450644\n|move|p1a: Laverna|Moonblast|p2a: Palafin\n|-damage|p2a: Palafin|50\/100\n|move|p2a: Palafin|Flip Turn|p1a: Laverna\n|-damage|p1a: Laverna|63\/100\n|\n|t:|1698450652\n|detailschange|p2a: Palafin|Palafin-Hero, M\n|switch|p2a: Urshifu|Urshifu, F|100\/100|[from] Flip Turn\n|\n|-weather|none\n|upkeep\n|turn|6\n|\n|t:|1698450658\n|move|p2a: Urshifu|Sucker Punch|p1a: Laverna\n|-resisted|p1a: Laverna\n|-crit|p1a: Laverna\n|-damage|p1a: Laverna|5\/100\n|move|p1a: Laverna|Moonblast|p2a: Urshifu\n|-supereffective|p2a: Urshifu\n|-damage|p2a: Urshifu|0 fnt\n|faint|p2a: Urshifu\n|\n|-end|p1a: Laverna|move: Taunt\n|upkeep\n|\n|t:|1698450667\n|switch|p2a: Spectrier|Spectrier|100\/100\n|turn|7\n|\n|t:|1698450671\n|move|p2a: Spectrier|Shadow Ball|p1a: Laverna\n|-damage|p1a: Laverna|0 fnt\n|faint|p1a: Laverna\n|-ability|p2a: Spectrier|Grim Neigh|boost\n|-boost|p2a: Spectrier|spa|1\n|\n|upkeep\n|\n|t:|1698450678\n|switch|p1a: Rayquaza|Rayquaza, shiny|100\/100\n|-ability|p1a: Rayquaza|Air Lock\n|turn|8\n|\n|t:|1698450694\n|move|p2a: Spectrier|Shadow Ball|p1a: Rayquaza\n|-damage|p1a: Rayquaza|35\/100\n|move|p1a: Rayquaza|Dragon Ascent|p2a: Spectrier\n|-damage|p2a: Spectrier|51\/100\n|-unboost|p1a: Rayquaza|def|1\n|-unboost|p1a: Rayquaza|spd|1\n|\n|-heal|p2a: Spectrier|57\/100|[from] item: Leftovers\n|upkeep\n|turn|9\n|\n|t:|1698450706\n|move|p2a: Spectrier|Shadow Ball|p1a: Rayquaza\n|-damage|p1a: Rayquaza|0 fnt\n|faint|p1a: Rayquaza\n|-ability|p2a: Spectrier|Grim Neigh|boost\n|-boost|p2a: Spectrier|spa|1\n|\n|-heal|p2a: Spectrier|63\/100|[from] item: Leftovers\n|-sideend|p2: Densetsunoriig|move: Light Screen\n|upkeep\n|\n|t:|1698450715\n|switch|p1a: Dots|Dipplin, F, shiny|100\/100\n|-ability|p1a: Dots|Supersweet Syrup\n|-ability|p1a: Dots|Supersweet Syrup|boost\n|-unboost|p2a: Spectrier|evasion|1\n|turn|10\n|\n|t:|1698450730\n|-terastallize|p2a: Spectrier|Ghost\n|-terastallize|p1a: Dots|Electric\n|move|p2a: Spectrier|Shadow Ball|p1a: Dots\n|-damage|p1a: Dots|17\/100\n|move|p1a: Dots|Giga Drain|p2a: Spectrier\n|-damage|p2a: Spectrier|34\/100\n|-heal|p1a: Dots|31\/100|[from] drain|[of] p2a: Spectrier\n|\n|-heal|p2a: Spectrier|40\/100|[from] item: Leftovers\n|-sideend|p2: Densetsunoriig|Reflect\n|upkeep\n|turn|11\n|\n|t:|1698450744\n|move|p2a: Spectrier|Shadow Ball|p1a: Dots\n|-damage|p1a: Dots|0 fnt\n|faint|p1a: Dots\n|-ability|p2a: Spectrier|Grim Neigh|boost\n|-boost|p2a: Spectrier|spa|1\n|\n|-heal|p2a: Spectrier|46\/100|[from] item: Leftovers\n|upkeep\n|\n|t:|1698450752\n|switch|p1a: King Arthur|Kingambit, F, shiny|100\/100\n|-activate|p1a: King Arthur|ability: Supreme Overlord\n|-start|p1a: King Arthur|fallen3|[silent]\n|turn|12\n|inactive|Battle timer is ON: inactive players will automatically lose when time's up. (requested by GageMrgn7)\n|inactiveoff|Battle timer is now OFF.\n|\n|t:|1698450791\n|move|p2a: Spectrier|Shadow Ball|p1a: King Arthur\n|-resisted|p1a: King Arthur\n|-damage|p1a: King Arthur|33\/100\n|move|p1a: King Arthur|Tera Blast|p2a: Spectrier\n|-immune|p2a: Spectrier\n|\n|-heal|p2a: Spectrier|52\/100|[from] item: Leftovers\n|upkeep\n|turn|13\n|\n|t:|1698450801\n|move|p2a: Spectrier|Shadow Ball|p1a: King Arthur\n|-resisted|p1a: King Arthur\n|-damage|p1a: King Arthur|0 fnt\n|faint|p1a: King Arthur\n|-end|p1a: King Arthur|fallen3|[silent]\n|-ability|p2a: Spectrier|Grim Neigh|boost\n|-boost|p2a: Spectrier|spa|1\n|\n|-heal|p2a: Spectrier|59\/100|[from] item: Leftovers\n|upkeep\n|\n|t:|1698450810\n|switch|p1a: Milotic|Milotic, M, shiny|100\/100\n|turn|14\n|\n|t:|1698450821\n|move|p2a: Spectrier|Shadow Ball|p1a: Milotic\n|-damage|p1a: Milotic|0 fnt\n|faint|p1a: Milotic\n|-ability|p2a: Spectrier|Grim Neigh|boost\n|-boost|p2a: Spectrier|spa|1\n|\n|-heal|p2a: Spectrier|65\/100|[from] item: Leftovers\n|upkeep\n|\n|t:|1698450829\n|switch|p1a: Thanos|Mewtwo, shiny|100\/100\n|-ability|p1a: Thanos|Pressure\n|turn|15\n|\n|t:|1698450834\n|move|p2a: Spectrier|Shadow Ball|p1a: Thanos\n|-supereffective|p1a: Thanos\n|-damage|p1a: Thanos|0 fnt\n|faint|p1a: Thanos\n|\n|win|Densetsunoriig\n|raw|GageMrgn7's rating: 1052 &rarr; <strong>1035<\/strong><br \/>(-17 for losing)\n|raw|Densetsunoriig's rating: 1065 &rarr; <strong>1094<\/strong><br \/>(+29 for winning)\n|l|\u2606GageMrgn7\n","uploadtime":1698450979,"views":11,"p1id":"gagemrgn7","p2id":"densetsunoriig","formatid":"gen9ubers","rating":1035,"private":0,"password":""}