{"id":"gen9ubers-1999534007","p1":"ArekkusuKage","p2":"Nechestivo","format":"[Gen 9] Ubers","log":"|j|\u2606ArekkusuKage\n|j|\u2606Nechestivo\n|t:|1701093455\n|gametype|singles\n|player|p1|ArekkusuKage|juan|\n|player|p2|Nechestivo|n|\n|teamsize|p1|6\n|teamsize|p2|6\n|gen|9\n|tier|[Gen 9] Ubers\n|rule|Sleep Clause Mod: Limit one foe put to sleep\n|rule|Species Clause: Limit one of each Pok\u00e9mon\n|rule|OHKO Clause: OHKO moves are banned\n|rule|Evasion Items Clause: Evasion items are banned\n|rule|Evasion Moves Clause: Evasion moves are banned\n|rule|Endless Battle Clause: Forcing endless battles is banned\n|rule|HP Percentage Mod: HP is shown in percentages\n|clearpoke\n|poke|p1|Iron Bundle|\n|poke|p1|Groudon|\n|poke|p1|Ogerpon-Hearthflame, F|\n|poke|p1|Ursaluna-Bloodmoon, M|\n|poke|p1|Volcarona, M|\n|poke|p1|Espathra, M|\n|poke|p2|Dondozo, F|\n|poke|p2|Tatsugiri, F|\n|poke|p2|Flutter Mane|\n|poke|p2|Chien-Pao|\n|poke|p2|Arceus-Fire|\n|poke|p2|Koraidon|\n|teampreview\n|\n|t:|1701093475\n|start\n|switch|p1a: Iron Bundle|Iron Bundle|100\/100\n|switch|p2a: Koraidon|Koraidon|100\/100\n|-weather|SunnyDay|[from] ability: Orichalcum Pulse|[of] p2a: Koraidon\n|-activate|p2a: Koraidon|Orichalcum Pulse|[source]\n|turn|1\n|\n|t:|1701093499\n|move|p2a: Koraidon|Collision Course|p1a: Iron Bundle\n|-supereffective|p1a: Iron Bundle\n|-damage|p1a: Iron Bundle|0 fnt\n|faint|p1a: Iron Bundle\n|-end|p1a: Iron Bundle|Quark Drive|[silent]\n|\n|-weather|SunnyDay|[upkeep]\n|upkeep\n|\n|t:|1701093512\n|switch|p1a: Ogerpon|Ogerpon-Hearthflame, F|100\/100\n|-ability|p1a: Ogerpon|Mold Breaker\n|turn|2\n|\n|t:|1701093531\n|switch|p2a: Arceus|Arceus-Fire, shiny|100\/100\n|move|p1a: Ogerpon|Solar Blade||[still]\n|-prepare|p1a: Ogerpon|Solar Blade\n|-anim|p1a: Ogerpon|Solar Blade|p2a: Arceus\n|-resisted|p2a: Arceus\n|-damage|p2a: Arceus|74\/100\n|\n|-weather|SunnyDay|[upkeep]\n|upkeep\n|turn|3\n|j| wterdfjdghfgjfd\n|\n|t:|1701093553\n|move|p1a: Ogerpon|Tera Blast|p2a: Arceus\n|-damage|p2a: Arceus|64\/100\n|move|p2a: Arceus|Dragon Dance|p2a: Arceus\n|-boost|p2a: Arceus|atk|1\n|-boost|p2a: Arceus|spe|1\n|\n|-weather|SunnyDay|[upkeep]\n|upkeep\n|turn|4\n|\n|t:|1701093568\n|move|p2a: Arceus|Dragon Dance|p2a: Arceus\n|-boost|p2a: Arceus|atk|1\n|-boost|p2a: Arceus|spe|1\n|move|p1a: Ogerpon|Solar Blade||[still]\n|-prepare|p1a: Ogerpon|Solar Blade\n|-anim|p1a: Ogerpon|Solar Blade|p2a: Arceus\n|-resisted|p2a: Arceus\n|-damage|p2a: Arceus|38\/100\n|\n|-weather|SunnyDay|[upkeep]\n|upkeep\n|turn|5\n|\n|t:|1701093580\n|move|p2a: Arceus|Flare Blitz|p1a: Ogerpon\n|-damage|p1a: Ogerpon|0 fnt\n|faint|p1a: Ogerpon\n|-damage|p2a: Arceus|14\/100|[from] Recoil\n|\n|-weather|none\n|upkeep\n|\n|t:|1701093594\n|switch|p1a: Ursaluna|Ursaluna-Bloodmoon, M|100\/100\n|turn|6\n|\n|t:|1701093600\n|move|p2a: Arceus|Earthquake|p1a: Ursaluna\n|-damage|p1a: Ursaluna|53\/100\n|move|p1a: Ursaluna|Earth Power|p2a: Arceus\n|-supereffective|p2a: Arceus\n|-damage|p2a: Arceus|0 fnt\n|faint|p2a: Arceus\n|\n|-heal|p1a: Ursaluna|59\/100|[from] item: Leftovers\n|upkeep\n|\n|t:|1701093611\n|switch|p2a: Tatsugiri|Tatsugiri, F, shiny|100\/100\n|turn|7\n|\n|t:|1701093621\n|move|p2a: Tatsugiri|Icy Wind|p1a: Ursaluna\n|-supereffective|p1a: Ursaluna\n|-damage|p1a: Ursaluna|15\/100\n|-unboost|p1a: Ursaluna|spe|1\n|move|p1a: Ursaluna|Blood Moon|p2a: Tatsugiri\n|-damage|p2a: Tatsugiri|0 fnt\n|faint|p2a: Tatsugiri\n|\n|-heal|p1a: Ursaluna|21\/100|[from] item: Leftovers\n|upkeep\n|\n|t:|1701093637\n|switch|p2a: Dondozo|Dondozo, F, shiny|100\/100\n|turn|8\n|\n|t:|1701093647\n|move|p2a: Dondozo|Liquidation|p1a: Ursaluna\n|-supereffective|p1a: Ursaluna\n|-damage|p1a: Ursaluna|0 fnt\n|faint|p1a: Ursaluna\n|\n|upkeep\n|\n|t:|1701093657\n|switch|p1a: Espathra|Espathra, M|100\/100\n|turn|9\n|\n|t:|1701093674\n|move|p1a: Espathra|Protect|p1a: Espathra\n|-singleturn|p1a: Espathra|Protect\n|move|p2a: Dondozo|Liquidation|p1a: Espathra\n|-activate|p1a: Espathra|move: Protect\n|\n|-ability|p1a: Espathra|Speed Boost|boost\n|-boost|p1a: Espathra|spe|1\n|upkeep\n|turn|10\n|\n|t:|1701093688\n|move|p1a: Espathra|Psychic|p2a: Dondozo\n|-damage|p2a: Dondozo|66\/100\n|move|p2a: Dondozo|Liquidation|p1a: Espathra\n|-damage|p1a: Espathra|3\/100\n|\n|-ability|p1a: Espathra|Speed Boost|boost\n|-boost|p1a: Espathra|spe|1\n|upkeep\n|turn|11\n|\n|t:|1701093697\n|move|p1a: Espathra|Psychic|p2a: Dondozo\n|-damage|p2a: Dondozo|32\/100\n|move|p2a: Dondozo|Liquidation|p1a: Espathra\n|-damage|p1a: Espathra|0 fnt\n|faint|p1a: Espathra\n|\n|upkeep\n|\n|t:|1701093703\n|switch|p1a: Volcarona|Volcarona, M|100\/100\n|turn|12\n|\n|t:|1701093717\n|move|p1a: Volcarona|Giga Drain|p2a: Dondozo\n|-supereffective|p2a: Dondozo\n|-damage|p2a: Dondozo|0 fnt\n|faint|p2a: Dondozo\n|\n|upkeep\n|c|\u2606ArekkusuKage|\u042f \u043d\u0435 \u0434\u0430\u043b \u0435\u0439 \u0433\u0440\u0430\u0441 \u0442\u0435\u0440\u0443......\n|\n|t:|1701093727\n|switch|p2a: Koraidon|Koraidon|100\/100\n|-weather|SunnyDay|[from] ability: Orichalcum Pulse|[of] p2a: Koraidon\n|-activate|p2a: Koraidon|Orichalcum Pulse|[source]\n|turn|13\n|\n|t:|1701093734\n|move|p2a: Koraidon|Flare Blitz|p1a: Volcarona\n|-damage|p1a: Volcarona|0 fnt\n|-status|p2a: Koraidon|brn|[from] ability: Flame Body|[of] p1a: Volcarona\n|faint|p1a: Volcarona\n|-damage|p2a: Koraidon|70\/100 brn|[from] Recoil\n|\n|-weather|SunnyDay|[upkeep]\n|-damage|p2a: Koraidon|64\/100 brn|[from] brn\n|upkeep\n|\n|t:|1701093737\n|switch|p1a: Groudon|Groudon|100\/100\n|turn|14\n|\n|t:|1701093750\n|-terastallize|p1a: Groudon|Ground\n|move|p2a: Koraidon|Flare Blitz|p1a: Groudon\n|-damage|p1a: Groudon|63\/100\n|-status|p1a: Groudon|brn\n|-damage|p2a: Koraidon|50\/100 brn|[from] Recoil\n|move|p1a: Groudon|Precipice Blades|p2a: Koraidon\n|-damage|p2a: Koraidon|5\/100 brn\n|\n|-weather|SunnyDay|[upkeep]\n|-damage|p2a: Koraidon|0 fnt|[from] brn\n|faint|p2a: Koraidon\n|-damage|p1a: Groudon|57\/100 brn|[from] brn\n|upkeep\n|l| wterdfjdghfgjfd\n|\n|t:|1701093765\n|switch|p2a: Chien-Pao|Chien-Pao|100\/100\n|-ability|p2a: Chien-Pao|Sword of Ruin\n|turn|15\n|\n|t:|1701093771\n|move|p2a: Chien-Pao|Ice Spinner|p1a: Groudon\n|-supereffective|p1a: Groudon\n|-damage|p1a: Groudon|0 fnt\n|faint|p1a: Groudon\n|\n|win|Nechestivo\n|l|\u2606Nechestivo\n","uploadtime":1701093779,"views":5,"p1id":"arekkusukage","p2id":"nechestivo","formatid":"gen9ubers","rating":0,"private":0,"password":""}