{"id":"gen9ubers-1977000473","p1":"rtdfsdrtr","p2":"ogerpon-hearth","format":"[Gen 9] Ubers","log":"|j|\u2606rtdfsdrtr\n|j|\u2606ogerpon-hearth\n|t:|1698360443\n|gametype|singles\n|player|p1|rtdfsdrtr|102|1077\n|player|p2|ogerpon-hearth|101|1157\n|teamsize|p1|6\n|teamsize|p2|6\n|gen|9\n|tier|[Gen 9] Ubers\n|rated|\n|rule|Sleep Clause Mod: Limit one foe put to sleep\n|rule|Species Clause: Limit one of each Pok\u00e9mon\n|rule|OHKO Clause: OHKO moves are banned\n|rule|Evasion Items Clause: Evasion items are banned\n|rule|Evasion Moves Clause: Evasion moves are banned\n|rule|Endless Battle Clause: Forcing endless battles is banned\n|rule|HP Percentage Mod: HP is shown in percentages\n|clearpoke\n|poke|p1|Dudunsparce-*, M|\n|poke|p1|Jirachi|\n|poke|p1|Shaymin-Sky|\n|poke|p1|Sawsbuck, F|\n|poke|p1|Meloetta|\n|poke|p1|Blissey, F|\n|poke|p2|Weavile, M|\n|poke|p2|Giratina|\n|poke|p2|Espathra, M|\n|poke|p2|Rillaboom, F|\n|poke|p2|Iron Valiant|\n|poke|p2|Palkia-Origin|\n|teampreview\n|\n|t:|1698360454\n|start\n|switch|p1a: Dudunsparce|Dudunsparce, M|100\/100\n|switch|p2a: Weavile|Weavile, M, shiny|100\/100\n|-ability|p2a: Weavile|Pressure\n|turn|1\n|inactive|Battle timer is ON: inactive players will automatically lose when time's up. (requested by ogerpon-hearth)\n|\n|t:|1698360461\n|move|p2a: Weavile|Icicle Crash|p1a: Dudunsparce|[miss]\n|-miss|p2a: Weavile|p1a: Dudunsparce\n|move|p1a: Dudunsparce|Glare|p2a: Weavile\n|-status|p2a: Weavile|par\n|\n|upkeep\n|turn|2\n|\n|t:|1698360464\n|move|p1a: Dudunsparce|Headbutt|p2a: Weavile\n|-damage|p2a: Weavile|51\/100 par\n|cant|p2a: Weavile|par\n|\n|upkeep\n|turn|3\n|\n|t:|1698360466\n|move|p1a: Dudunsparce|Headbutt|p2a: Weavile\n|-damage|p2a: Weavile|2\/100 par\n|cant|p2a: Weavile|par\n|\n|upkeep\n|turn|4\n|\n|t:|1698360469\n|move|p1a: Dudunsparce|Headbutt|p2a: Weavile\n|-damage|p2a: Weavile|0 fnt\n|faint|p2a: Weavile\n|\n|upkeep\n|\n|t:|1698360474\n|switch|p2a: Giratina|Giratina, shiny|100\/100\n|-ability|p2a: Giratina|Pressure\n|turn|5\n|\n|t:|1698360479\n|move|p1a: Dudunsparce|Glare|p2a: Giratina\n|-status|p2a: Giratina|par\n|move|p2a: Giratina|Thunder Wave|p1a: Dudunsparce\n|-status|p1a: Dudunsparce|par\n|\n|upkeep\n|turn|6\n|\n|t:|1698360488\n|move|p1a: Dudunsparce|Stealth Rock|p2a: Giratina\n|-sidestart|p2: ogerpon-hearth|move: Stealth Rock\n|move|p2a: Giratina|Thunder Wave|p1a: Dudunsparce\n|-fail|p1a: Dudunsparce|par\n|\n|upkeep\n|turn|7\n|\n|t:|1698360491\n|cant|p1a: Dudunsparce|par\n|move|p2a: Giratina|Defog|p1a: Dudunsparce\n|-unboost|p1a: Dudunsparce|evasion|1\n|-sideend|p2: ogerpon-hearth|Stealth Rock|[from] move: Defog|[of] p2a: Giratina\n|\n|upkeep\n|turn|8\n|\n|t:|1698360494\n|switch|p2a: Iron Valiant|Iron Valiant, shiny|100\/100\n|-enditem|p2a: Iron Valiant|Booster Energy\n|-activate|p2a: Iron Valiant|ability: Quark Drive|[fromitem]\n|-start|p2a: Iron Valiant|quarkdrivespe\n|move|p1a: Dudunsparce|Stealth Rock|p2a: Iron Valiant\n|-sidestart|p2: ogerpon-hearth|move: Stealth Rock\n|\n|upkeep\n|turn|9\n|\n|t:|1698360497\n|move|p2a: Iron Valiant|Close Combat|p1a: Dudunsparce\n|-supereffective|p1a: Dudunsparce\n|-enditem|p1a: Dudunsparce|Focus Sash\n|-damage|p1a: Dudunsparce|1\/100 par\n|-unboost|p2a: Iron Valiant|def|1\n|-unboost|p2a: Iron Valiant|spd|1\n|cant|p1a: Dudunsparce|par\n|\n|upkeep\n|turn|10\n|\n|t:|1698360501\n|move|p2a: Iron Valiant|Knock Off|p1a: Dudunsparce\n|-damage|p1a: Dudunsparce|0 fnt\n|faint|p1a: Dudunsparce\n|\n|upkeep\n|\n|t:|1698360505\n|switch|p1a: Jirachi|Jirachi|100\/100\n|turn|11\n|\n|t:|1698360513\n|move|p2a: Iron Valiant|Knock Off|p1a: Jirachi\n|-supereffective|p1a: Jirachi\n|-damage|p1a: Jirachi|44\/100\n|-enditem|p1a: Jirachi|Choice Scarf|[from] move: Knock Off|[of] p2a: Iron Valiant\n|move|p1a: Jirachi|Iron Head|p2a: Iron Valiant\n|-supereffective|p2a: Iron Valiant\n|-damage|p2a: Iron Valiant|0 fnt\n|faint|p2a: Iron Valiant\n|-end|p2a: Iron Valiant|Quark Drive|[silent]\n|\n|upkeep\n|\n|t:|1698360521\n|switch|p2a: Espathra|Espathra, M, shiny|100\/100\n|-damage|p2a: Espathra|88\/100|[from] Stealth Rock\n|turn|12\n|\n|t:|1698360525\n|switch|p2a: Rillaboom|Rillaboom, F, shiny|100\/100\n|-damage|p2a: Rillaboom|88\/100|[from] Stealth Rock\n|-fieldstart|move: Grassy Terrain|[from] ability: Grassy Surge|[of] p2a: Rillaboom\n|move|p1a: Jirachi|Iron Head|p2a: Rillaboom\n|-damage|p2a: Rillaboom|53\/100\n|\n|-heal|p1a: Jirachi|50\/100|[from] Grassy Terrain\n|-heal|p2a: Rillaboom|59\/100|[from] Grassy Terrain\n|upkeep\n|turn|13\n|\n|t:|1698360530\n|switch|p2a: Espathra|Espathra, M, shiny|88\/100\n|-damage|p2a: Espathra|76\/100|[from] Stealth Rock\n|-enditem|p2a: Espathra|Grassy Seed\n|-boost|p2a: Espathra|def|1|[from] item: Grassy Seed\n|move|p1a: Jirachi|U-turn|p2a: Espathra\n|-supereffective|p2a: Espathra\n|-damage|p2a: Espathra|39\/100\n|\n|t:|1698360535\n|switch|p1a: Meloetta|Meloetta|100\/100|[from] U-turn\n|\n|-heal|p2a: Espathra|45\/100|[from] Grassy Terrain\n|upkeep\n|turn|14\n|\n|t:|1698360542\n|move|p2a: Espathra|Calm Mind|p2a: Espathra\n|-boost|p2a: Espathra|spa|1\n|-boost|p2a: Espathra|spd|1\n|move|p1a: Meloetta|Calm Mind|p1a: Meloetta\n|-boost|p1a: Meloetta|spa|1\n|-boost|p1a: Meloetta|spd|1\n|\n|-heal|p2a: Espathra|51\/100|[from] Grassy Terrain\n|-ability|p2a: Espathra|Speed Boost|boost\n|-boost|p2a: Espathra|spe|1\n|upkeep\n|turn|15\n|\n|t:|1698360550\n|-terastallize|p2a: Espathra|Fire\n|move|p2a: Espathra|Tera Blast|p1a: Meloetta|[anim] Tera Blast Fire\n|-damage|p1a: Meloetta|71\/100\n|move|p1a: Meloetta|Sing|p2a: Espathra\n|-status|p2a: Espathra|slp|[from] move: Sing\n|\n|-heal|p2a: Espathra|57\/100 slp|[from] Grassy Terrain\n|-heal|p1a: Meloetta|77\/100|[from] Grassy Terrain\n|-ability|p2a: Espathra|Speed Boost|boost\n|-boost|p2a: Espathra|spe|1\n|upkeep\n|turn|16\n|\n|t:|1698360557\n|cant|p2a: Espathra|slp\n|move|p1a: Meloetta|Calm Mind|p1a: Meloetta\n|-boost|p1a: Meloetta|spa|1\n|-boost|p1a: Meloetta|spd|1\n|\n|-heal|p2a: Espathra|63\/100 slp|[from] Grassy Terrain\n|-heal|p1a: Meloetta|83\/100|[from] Grassy Terrain\n|-fieldend|move: Grassy Terrain\n|-ability|p2a: Espathra|Speed Boost|boost\n|-boost|p2a: Espathra|spe|1\n|upkeep\n|turn|17\n|\n|t:|1698360559\n|cant|p2a: Espathra|slp\n|move|p1a: Meloetta|Psyshock|p2a: Espathra\n|-damage|p2a: Espathra|0 fnt\n|faint|p2a: Espathra\n|\n|upkeep\n|\n|t:|1698360568\n|switch|p2a: Rillaboom|Rillaboom, F, shiny|59\/100\n|-damage|p2a: Rillaboom|47\/100|[from] Stealth Rock\n|-fieldstart|move: Grassy Terrain|[from] ability: Grassy Surge|[of] p2a: Rillaboom\n|turn|18\n|\n|t:|1698360571\n|move|p2a: Rillaboom|Grassy Glide|p1a: Meloetta\n|-damage|p1a: Meloetta|10\/100\n|move|p1a: Meloetta|Psyshock|p2a: Rillaboom\n|-damage|p2a: Rillaboom|0 fnt\n|faint|p2a: Rillaboom\n|\n|-heal|p1a: Meloetta|16\/100|[from] Grassy Terrain\n|upkeep\n|\n|t:|1698360574\n|switch|p2a: Palkia|Palkia-Origin, shiny|100\/100\n|-damage|p2a: Palkia|88\/100|[from] Stealth Rock\n|-ability|p2a: Palkia|Pressure\n|turn|19\n|\n|t:|1698360576\n|move|p2a: Palkia|Surf|p1a: Meloetta\n|-crit|p1a: Meloetta\n|-damage|p1a: Meloetta|0 fnt\n|faint|p1a: Meloetta\n|\n|-heal|p2a: Palkia|94\/100|[from] Grassy Terrain\n|upkeep\n|\n|t:|1698360579\n|switch|p1a: Blissey|Blissey, F|100\/100\n|turn|20\n|\n|t:|1698360583\n|move|p2a: Palkia|Aura Sphere|p1a: Blissey\n|-supereffective|p1a: Blissey\n|-damage|p1a: Blissey|79\/100\n|move|p1a: Blissey|Thunder Wave|p2a: Palkia\n|-status|p2a: Palkia|par\n|\n|-heal|p1a: Blissey|86\/100|[from] Grassy Terrain\n|-heal|p2a: Palkia|100\/100 par|[from] Grassy Terrain\n|upkeep\n|turn|21\n|\n|t:|1698360587\n|switch|p1a: Jirachi|Jirachi|50\/100\n|move|p2a: Palkia|Aura Sphere|p1a: Jirachi\n|-damage|p1a: Jirachi|21\/100\n|\n|-heal|p1a: Jirachi|27\/100|[from] Grassy Terrain\n|upkeep\n|turn|22\n|l|\u2606ogerpon-hearth\n|inactive|ogerpon-hearth disconnected and has a minute to reconnect!\n|player|p2|\n|inactive|ogerpon-hearth has 30 seconds to reconnect!\n|inactive|ogerpon-hearth has 20 seconds to reconnect!\n|inactive|ogerpon-hearth has 15 seconds to reconnect!\n|inactive|ogerpon-hearth has 10 seconds to reconnect!\n|inactive|ogerpon-hearth has 5 seconds to reconnect!\n|-message|ogerpon-hearth lost due to inactivity.\n|\n|win|rtdfsdrtr\n|raw|rtdfsdrtr's rating: 1077 &rarr; <strong>1112<\/strong><br \/>(+35 for winning)\n|raw|ogerpon-hearth's rating: 1157 &rarr; <strong>1126<\/strong><br \/>(-31 for losing)\n","uploadtime":1698360859,"views":23,"p1id":"rtdfsdrtr","p2id":"ogerponhearth","formatid":"gen9ubers","rating":1112,"private":0,"password":""}