{"id":"gen9ubers-1989423777","p1":"ewisko","p2":"Taka","format":"[Gen 9] Ubers","log":"|j|\u2606ewisko\n|j|\u2606Taka\n|t:|1699848433\n|gametype|singles\n|player|p1|ewisko|pokemonbreederf-gen4|\n|player|p2|Taka|#puplixmaadcitymagmortars|\n|teamsize|p1|6\n|teamsize|p2|6\n|gen|9\n|tier|[Gen 9] Ubers\n|rated|Tournament battle\n|rule|Sleep Clause Mod: Limit one foe put to sleep\n|rule|Species Clause: Limit one of each Pok\u00e9mon\n|rule|OHKO Clause: OHKO moves are banned\n|rule|Evasion Items Clause: Evasion items are banned\n|rule|Evasion Moves Clause: Evasion moves are banned\n|rule|Endless Battle Clause: Forcing endless battles is banned\n|rule|HP Percentage Mod: HP is shown in percentages\n|clearpoke\n|poke|p1|Koraidon|\n|poke|p1|Zacian-*|\n|poke|p1|Skeledirge, F|\n|poke|p1|Clodsire, M|\n|poke|p1|Miraidon|\n|poke|p1|Giratina-Origin|\n|poke|p2|Ribombee, F|\n|poke|p2|Zacian-*|\n|poke|p2|Arceus-Ground|\n|poke|p2|Koraidon|\n|poke|p2|Zamazenta-*|\n|poke|p2|Flutter Mane|\n|teampreview\n|inactive|Battle timer is ON: inactive players will automatically lose when time's up. (requested by Taka)\n|c|\u2606Taka|insane zama mu\n|j| bluebim\n|inactive|ewisko has 120 seconds left.\n|c| bluebim|is zama the new tech?\n|\n|t:|1699848471\n|start\n|switch|p1a: Clodsire|Clodsire, M|100\/100\n|switch|p2a: Ribombee|Ribombee, F|100\/100\n|turn|1\n|c|\u2606Taka|no its ass\n|\n|t:|1699848479\n|move|p2a: Ribombee|Sticky Web|p1a: Clodsire\n|-sidestart|p1: ewisko|move: Sticky Web\n|move|p1a: Clodsire|Stealth Rock|p2a: Ribombee\n|-sidestart|p2: Taka|move: Stealth Rock\n|\n|upkeep\n|turn|2\n|c| bluebim|damn shame\n|j|+corvere\u2665\n|\n|t:|1699848486\n|switch|p1a: Skeledirge|Skeledirge, F|100\/100\n|move|p2a: Ribombee|Quiver Dance|p2a: Ribombee\n|-boost|p2a: Ribombee|spa|1\n|-boost|p2a: Ribombee|spd|1\n|-boost|p2a: Ribombee|spe|1\n|\n|upkeep\n|turn|3\n|c|\u2606Taka|!dt skill swap\n|raw|<ul class=\"utilichart\"><li class=\"result\"><span class=\"col movenamecol\"><a href=\"https:\/\/dex.pokemonshowdown.com\/moves\/skillswap\">Skill Swap<\/a><\/span> <span class=\"col typecol\"><img src=\"\/\/play.pokemonshowdown.com\/sprites\/types\/Psychic.png\" alt=\"Psychic\" width=\"32\" height=\"14\"><img src=\"\/\/play.pokemonshowdown.com\/sprites\/categories\/Status.png\" alt=\"Status\" width=\"32\" height=\"14\"><\/span> <span class=\"col widelabelcol\"><em>Accuracy<\/em><br>\u2014<\/span> <span class=\"col pplabelcol\"><em>PP<\/em><br>16<\/span> <span class=\"col movedesccol\">The user and the target trade Abilities.<\/span> <\/li><li style=\"clear:both\"><\/li><\/ul>\n|raw|<font size=\"1\"><font color=\"#686868\">Priority:<\/font> 0&nbsp;|&ThickSpace;<font color=\"#686868\">Gen:<\/font> 3&nbsp;|&ThickSpace;&#10003; Bypasses Substitutes&nbsp;|&ThickSpace;<font color=\"#686868\">Z-Effect:<\/font>  Speed +1&nbsp;|&ThickSpace;<font color=\"#686868\">Target:<\/font> One Adjacent Pok\u00e9mon<\/font>\n\n|\n|t:|1699848502\n|move|p2a: Ribombee|Psychic|p1a: Skeledirge\n|-damage|p1a: Skeledirge|74\/100\n|move|p1a: Skeledirge|Torch Song|p2a: Ribombee\n|-supereffective|p2a: Ribombee\n|-damage|p2a: Ribombee|4\/100\n|-boost|p1a: Skeledirge|spa|1\n|\n|upkeep\n|turn|4\n|\n|t:|1699848511\n|move|p2a: Ribombee|Psychic|p1a: Skeledirge\n|-damage|p1a: Skeledirge|49\/100\n|-unboost|p1a: Skeledirge|spd|1\n|move|p1a: Skeledirge|Slack Off|p1a: Skeledirge\n|-heal|p1a: Skeledirge|99\/100\n|\n|upkeep\n|turn|5\n|\n|t:|1699848515\n|move|p2a: Ribombee|Psychic|p1a: Skeledirge\n|-damage|p1a: Skeledirge|60\/100\n|move|p1a: Skeledirge|Torch Song|p2a: Ribombee\n|-supereffective|p2a: Ribombee\n|-damage|p2a: Ribombee|0 fnt\n|-boost|p1a: Skeledirge|spa|1\n|faint|p2a: Ribombee\n|\n|upkeep\n|\n|t:|1699848531\n|switch|p2a: Flutter Mane|Flutter Mane|100\/100\n|-damage|p2a: Flutter Mane|88\/100|[from] Stealth Rock\n|turn|6\n|c| bluebim|so unaware doesn't take into account your own stat drops?\n|c|\u2606Taka|no\n|\n|t:|1699848538\n|switch|p1a: Clodsire|Clodsire, M|100\/100\n|move|p2a: Flutter Mane|Shadow Ball|p1a: Clodsire\n|-damage|p1a: Clodsire|70\/100\n|-unboost|p1a: Clodsire|spd|1\n|-damage|p2a: Flutter Mane|78\/100|[from] item: Life Orb\n|\n|upkeep\n|turn|7\n|\n|t:|1699848556\n|move|p2a: Flutter Mane|Psyshock|p1a: Clodsire\n|-supereffective|p1a: Clodsire\n|-damage|p1a: Clodsire|0 fnt\n|faint|p1a: Clodsire\n|-damage|p2a: Flutter Mane|68\/100|[from] item: Life Orb\n|\n|upkeep\n|\n|t:|1699848572\n|switch|p1a: Zacian|Zacian-Crowned|100\/100\n|-activate|p1a: Zacian|move: Sticky Web\n|-unboost|p1a: Zacian|spe|1\n|-ability|p1a: Zacian|Intrepid Sword|boost\n|-boost|p1a: Zacian|atk|1\n|turn|8\n|\n|t:|1699848586\n|move|p2a: Flutter Mane|Memento|p1a: Zacian\n|-unboost|p1a: Zacian|atk|2\n|-unboost|p1a: Zacian|spa|2\n|faint|p2a: Flutter Mane\n|-end|p2a: Flutter Mane|Protosynthesis|[silent]\n|move|p1a: Zacian|Behemoth Blade|p2: Flutter Mane|[notarget]\n|-fail|p1a: Zacian\n|\n|upkeep\n|\n|t:|1699848594\n|switch|p2a: Koraidon|Koraidon|100\/100\n|-damage|p2a: Koraidon|94\/100|[from] Stealth Rock\n|-weather|SunnyDay|[from] ability: Orichalcum Pulse|[of] p2a: Koraidon\n|-activate|p2a: Koraidon|Orichalcum Pulse|[source]\n|turn|9\n|\n|t:|1699848601\n|move|p2a: Koraidon|Flare Blitz|p1a: Zacian\n|-supereffective|p1a: Zacian\n|-damage|p1a: Zacian|0 fnt\n|faint|p1a: Zacian\n|-damage|p2a: Koraidon|63\/100|[from] Recoil\n|\n|-weather|SunnyDay|[upkeep]\n|upkeep\n|\n|t:|1699848605\n|switch|p1a: Skeledirge|Skeledirge, F|60\/100\n|turn|10\n|\n|t:|1699848609\n|move|p2a: Koraidon|Taunt|p1a: Skeledirge\n|-start|p1a: Skeledirge|move: Taunt\n|cant|p1a: Skeledirge|move: Taunt|Will-O-Wisp\n|\n|-weather|SunnyDay|[upkeep]\n|upkeep\n|turn|11\n|c| bluebim|ayy\n|\n|t:|1699848615\n|move|p2a: Koraidon|Scale Shot|p1a: Skeledirge\n|-damage|p1a: Skeledirge|49\/100\n|-damage|p1a: Skeledirge|38\/100\n|-damage|p1a: Skeledirge|27\/100\n|-damage|p1a: Skeledirge|15\/100\n|-crit|p1a: Skeledirge\n|-damage|p1a: Skeledirge|0 fnt\n|faint|p1a: Skeledirge\n|-hitcount|p1: Skeledirge|5\n|-unboost|p2a: Koraidon|def|1\n|-boost|p2a: Koraidon|spe|1\n|\n|-weather|SunnyDay|[upkeep]\n|upkeep\n|j|+OreoSpeedruns\n|c| bluebim|les go\n|\n|t:|1699848632\n|switch|p1a: Giratina|Giratina-Origin|100\/100\n|turn|12\n|\n|t:|1699848638\n|move|p2a: Koraidon|Flare Blitz|p1a: Giratina\n|-resisted|p1a: Giratina\n|-damage|p1a: Giratina|74\/100\n|-damage|p2a: Koraidon|50\/100|[from] Recoil\n|move|p1a: Giratina|Defog|p2a: Koraidon\n|-unboost|p2a: Koraidon|evasion|1\n|-sideend|p2: Taka|Stealth Rock|[from] move: Defog|[of] p1a: Giratina\n|-sideend|p1: ewisko|Sticky Web|[from] move: Defog|[of] p1a: Giratina\n|\n|-weather|SunnyDay|[upkeep]\n|upkeep\n|turn|13\n|\n|t:|1699848646\n|move|p2a: Koraidon|Scale Shot|p1a: Giratina\n|-supereffective|p1a: Giratina\n|-damage|p1a: Giratina|54\/100\n|-supereffective|p1a: Giratina\n|-damage|p1a: Giratina|31\/100\n|-supereffective|p1a: Giratina\n|-damage|p1a: Giratina|12\/100\n|-supereffective|p1a: Giratina\n|-damage|p1a: Giratina|0 fnt\n|faint|p1a: Giratina\n|-hitcount|p1: Giratina|4\n|-unboost|p2a: Koraidon|def|1\n|-boost|p2a: Koraidon|spe|1\n|\n|-weather|none\n|upkeep\n|c|\u2606ewisko|gg\n|c|\u2606Taka|gg\n|\n|t:|1699848657\n|switch|p1a: Koraidon|Koraidon|100\/100\n|-weather|SunnyDay|[from] ability: Orichalcum Pulse|[of] p1a: Koraidon\n|-activate|p1a: Koraidon|Orichalcum Pulse|[source]\n|turn|14\n|\n|t:|1699848660\n|move|p2a: Koraidon|Scale Shot|p1a: Koraidon\n|-supereffective|p1a: Koraidon\n|-damage|p1a: Koraidon|75\/100\n|-supereffective|p1a: Koraidon\n|-damage|p1a: Koraidon|50\/100\n|-supereffective|p1a: Koraidon\n|-damage|p1a: Koraidon|23\/100\n|-supereffective|p1a: Koraidon\n|-damage|p1a: Koraidon|0 fnt\n|faint|p1a: Koraidon\n|-hitcount|p1: Koraidon|4\n|-unboost|p2a: Koraidon|def|1\n|-boost|p2a: Koraidon|spe|1\n|\n|-weather|SunnyDay|[upkeep]\n|upkeep\n|\n|t:|1699848662\n|switch|p1a: Miraidon|Miraidon|100\/100\n|-fieldstart|move: Electric Terrain|[from] ability: Hadron Engine|[of] p1a: Miraidon\n|turn|15\n|\n|t:|1699848673\n|-terastallize|p2a: Koraidon|Fire\n|-terastallize|p1a: Miraidon|Fairy\n|move|p2a: Koraidon|Flare Blitz|p1a: Miraidon\n|-damage|p1a: Miraidon|0 fnt\n|faint|p1a: Miraidon\n|-damage|p2a: Koraidon|17\/100|[from] Recoil\n|\n|win|Taka\n|n|\u2606ewisko|ewisko\n|n|\u2606Taka|taka\n|n| bluebim|bluebim\n|n| corvere\u2665|corvere\n|n| OreoSpeedruns|oreospeedruns\n","uploadtime":1699848674,"views":21,"p1id":"ewisko","p2id":"taka","formatid":"gen9ubers","rating":0,"private":0,"password":""}