{"id":"gen9ubers-1974248026","p1":"JustRankinUp","p2":"Anne Frankkkk","format":"[Gen 9] Ubers","log":"|j|\u2606JustRankinUp\n|j|\u2606Anne Frankkkk\n|t:|1698071831\n|gametype|singles\n|player|p1|JustRankinUp|cynthia-gen4|1000\n|player|p2|Anne Frankkkk|hilbert|1096\n|teamsize|p1|6\n|teamsize|p2|6\n|gen|9\n|tier|[Gen 9] Ubers\n|rated|\n|rule|Sleep Clause Mod: Limit one foe put to sleep\n|rule|Species Clause: Limit one of each Pok\u00e9mon\n|rule|OHKO Clause: OHKO moves are banned\n|rule|Evasion Items Clause: Evasion items are banned\n|rule|Evasion Moves Clause: Evasion moves are banned\n|rule|Endless Battle Clause: Forcing endless battles is banned\n|rule|HP Percentage Mod: HP is shown in percentages\n|clearpoke\n|poke|p1|Quaquaval, F|\n|poke|p1|Diancie|\n|poke|p1|Indeedee-F, F|\n|poke|p1|Baxcalibur, F|\n|poke|p1|Ogerpon-Hearthflame, F|\n|poke|p1|Gholdengo|\n|poke|p2|Iron Hands|\n|poke|p2|Kyogre|\n|poke|p2|Chien-Pao|\n|poke|p2|Ribombee, M|\n|poke|p2|Miraidon|\n|poke|p2|Flutter Mane|\n|teampreview\n|\n|t:|1698071836\n|start\n|switch|p1a: Gholdengo|Gholdengo|100\/100\n|switch|p2a: Ribombee|Ribombee, M, shiny|100\/100\n|turn|1\n|\n|t:|1698071838\n|move|p2a: Ribombee|Sticky Web|p1a: Gholdengo\n|-sidestart|p1: JustRankinUp|move: Sticky Web\n|move|p1a: Gholdengo|Thunder Wave|p2a: Ribombee\n|-status|p2a: Ribombee|par\n|\n|upkeep\n|turn|2\n|\n|t:|1698071848\n|move|p1a: Gholdengo|Make It Rain|p2a: Ribombee\n|-supereffective|p2a: Ribombee\n|-enditem|p2a: Ribombee|Focus Sash\n|-damage|p2a: Ribombee|1\/100 par\n|-unboost|p1a: Gholdengo|spa|1\n|move|p2a: Ribombee|Stun Spore|p1a: Gholdengo\n|-immune|p1a: Gholdengo|[from] ability: Good as Gold\n|\n|upkeep\n|turn|3\n|\n|t:|1698071861\n|move|p1a: Gholdengo|Hex|p2a: Ribombee\n|-damage|p2a: Ribombee|0 fnt\n|faint|p2a: Ribombee\n|\n|upkeep\n|\n|t:|1698071874\n|switch|p2a: Kyogre|Kyogre|100\/100\n|-weather|RainDance|[from] ability: Drizzle|[of] p2a: Kyogre\n|turn|4\n|\n|t:|1698071879\n|move|p2a: Kyogre|Water Spout|p1a: Gholdengo\n|-damage|p1a: Gholdengo|0 fnt\n|faint|p1a: Gholdengo\n|\n|-weather|RainDance|[upkeep]\n|upkeep\n|\n|t:|1698071908\n|switch|p1a: Ogerpon|Ogerpon-Hearthflame, F|100\/100\n|-activate|p1a: Ogerpon|move: Sticky Web\n|-unboost|p1a: Ogerpon|spe|1\n|-ability|p1a: Ogerpon|Mold Breaker\n|turn|5\n|\n|t:|1698071922\n|move|p2a: Kyogre|Water Spout|p1a: Ogerpon\n|-damage|p1a: Ogerpon|0 fnt\n|faint|p1a: Ogerpon\n|\n|-weather|RainDance|[upkeep]\n|upkeep\n|\n|t:|1698071926\n|switch|p1a: Diancie|Diancie, shiny|100\/100\n|-activate|p1a: Diancie|move: Sticky Web\n|-fail|p1a: Diancie|unboost|[from] ability: Clear Body|[of] p1a: Diancie\n|turn|6\n|\n|t:|1698071931\n|move|p2a: Kyogre|Water Spout|p1a: Diancie\n|-supereffective|p1a: Diancie\n|-damage|p1a: Diancie|0 fnt\n|faint|p1a: Diancie\n|\n|-weather|RainDance|[upkeep]\n|upkeep\n|\n|t:|1698071935\n|switch|p1a: Baxcalibur|Baxcalibur, F|100\/100\n|-activate|p1a: Baxcalibur|move: Sticky Web\n|-unboost|p1a: Baxcalibur|spe|1\n|turn|7\n|\n|t:|1698071938\n|move|p2a: Kyogre|Water Spout|p1a: Baxcalibur\n|-resisted|p1a: Baxcalibur\n|-damage|p1a: Baxcalibur|0 fnt\n|faint|p1a: Baxcalibur\n|\n|-weather|RainDance|[upkeep]\n|upkeep\n|\n|t:|1698071942\n|switch|p1a: Quaquaval|Quaquaval, F|100\/100\n|-activate|p1a: Quaquaval|move: Sticky Web\n|-unboost|p1a: Quaquaval|spe|1\n|turn|8\n|\n|t:|1698071947\n|move|p2a: Kyogre|Water Spout|p1a: Quaquaval\n|-resisted|p1a: Quaquaval\n|-damage|p1a: Quaquaval|0 fnt\n|faint|p1a: Quaquaval\n|\n|-weather|none\n|upkeep\n|\n|t:|1698071951\n|switch|p1a: Indeedee|Indeedee-F, F, shiny|100\/100\n|-activate|p1a: Indeedee|move: Sticky Web\n|-unboost|p1a: Indeedee|spe|1\n|-fieldstart|move: Psychic Terrain|[from] ability: Psychic Surge|[of] p1a: Indeedee\n|turn|9\n|\n|t:|1698071954\n|-terastallize|p2a: Kyogre|Water\n|move|p2a: Kyogre|Water Spout|p1a: Indeedee\n|-damage|p1a: Indeedee|0 fnt\n|faint|p1a: Indeedee\n|\n|win|Anne Frankkkk\n|raw|JustRankinUp's rating: 1000 &rarr; <strong>1000<\/strong><br \/>(+0 for losing)\n|raw|Anne Frankkkk's rating: 1096 &rarr; <strong>1115<\/strong><br \/>(+19 for winning)\n","uploadtime":1698071963,"views":9,"p1id":"justrankinup","p2id":"annefrankkkk","formatid":"gen9ubers","rating":1000,"private":0,"password":""}