{"id":"gen9ubers-1981716497","p1":"FloweyLover","p2":"NoNotNeeko","format":"[Gen 9] Ubers","log":"|j|\u2606FloweyLover\n|j|\u2606NoNotNeeko\n|t:|1698936141\n|gametype|singles\n|player|p1|FloweyLover|cynthia|1000\n|player|p2|NoNotNeeko|169|1000\n|teamsize|p1|6\n|teamsize|p2|6\n|gen|9\n|tier|[Gen 9] Ubers\n|rated|\n|rule|Sleep Clause Mod: Limit one foe put to sleep\n|rule|Species Clause: Limit one of each Pok\u00e9mon\n|rule|OHKO Clause: OHKO moves are banned\n|rule|Evasion Items Clause: Evasion items are banned\n|rule|Evasion Moves Clause: Evasion moves are banned\n|rule|Endless Battle Clause: Forcing endless battles is banned\n|rule|HP Percentage Mod: HP is shown in percentages\n|clearpoke\n|poke|p1|Arceus-Ghost|\n|poke|p1|Giratina-Origin|\n|poke|p1|Dialga-Origin|\n|poke|p1|Palkia-Origin|\n|poke|p1|Eternatus|\n|poke|p1|Zacian-*|\n|poke|p2|Miraidon|\n|poke|p2|Iron Valiant|\n|poke|p2|Dragonite, F|\n|poke|p2|Ribombee, M|\n|poke|p2|Gliscor, F|\n|poke|p2|Regieleki|\n|teampreview\n|inactive|Battle timer is ON: inactive players will automatically lose when time's up. (requested by FloweyLover)\n|\n|t:|1698936181\n|start\n|switch|p1a: Zacian|Zacian-Crowned, shiny|100\/100\n|switch|p2a: Ribombee|Ribombee, M|100\/100\n|-ability|p1a: Zacian|Intrepid Sword|boost\n|-boost|p1a: Zacian|atk|1\n|turn|1\n|\n|t:|1698936195\n|move|p1a: Zacian|Behemoth Blade|p2a: Ribombee\n|-supereffective|p2a: Ribombee\n|-enditem|p2a: Ribombee|Focus Sash\n|-damage|p2a: Ribombee|1\/100\n|move|p2a: Ribombee|Sticky Web|p1a: Zacian\n|-sidestart|p1: FloweyLover|move: Sticky Web\n|\n|upkeep\n|turn|2\n|\n|t:|1698936204\n|move|p1a: Zacian|Swords Dance|p1a: Zacian\n|-boost|p1a: Zacian|atk|2\n|move|p2a: Ribombee|Stun Spore|p1a: Zacian|[miss]\n|-miss|p2a: Ribombee|p1a: Zacian\n|\n|upkeep\n|turn|3\n|\n|t:|1698936210\n|move|p1a: Zacian|Protect|p1a: Zacian\n|-singleturn|p1a: Zacian|Protect\n|move|p2a: Ribombee|Stun Spore|p1a: Zacian\n|-activate|p1a: Zacian|move: Protect\n|\n|upkeep\n|turn|4\n|\n|t:|1698936217\n|move|p1a: Zacian|Sacred Sword|p2a: Ribombee\n|-resisted|p2a: Ribombee\n|-damage|p2a: Ribombee|0 fnt\n|faint|p2a: Ribombee\n|\n|upkeep\n|\n|t:|1698936247\n|switch|p2a: Gliscor|Gliscor, F|100\/100\n|turn|5\n|\n|t:|1698936253\n|move|p2a: Gliscor|Protect|p2a: Gliscor\n|-singleturn|p2a: Gliscor|Protect\n|move|p1a: Zacian|Behemoth Blade|p2a: Gliscor\n|-activate|p2a: Gliscor|move: Protect\n|\n|-status|p2a: Gliscor|tox|[from] item: Toxic Orb\n|upkeep\n|turn|6\n|inactive|NoNotNeeko has 120 seconds left.\n|inactiveoff|Battle timer is now OFF.\n|\n|t:|1698936289\n|move|p1a: Zacian|Behemoth Blade|p2a: Gliscor\n|-damage|p2a: Gliscor|32\/100 tox\n|move|p2a: Gliscor|Earthquake|p1a: Zacian\n|-supereffective|p1a: Zacian\n|-damage|p1a: Zacian|51\/100\n|\n|-heal|p2a: Gliscor|44\/100 tox|[from] ability: Poison Heal\n|upkeep\n|turn|7\n|\n|t:|1698936305\n|move|p1a: Zacian|Protect|p1a: Zacian\n|-singleturn|p1a: Zacian|Protect\n|move|p2a: Gliscor|Earthquake|p1a: Zacian\n|-activate|p1a: Zacian|move: Protect\n|\n|-heal|p2a: Gliscor|57\/100 tox|[from] ability: Poison Heal\n|upkeep\n|turn|8\n|\n|t:|1698936316\n|move|p1a: Zacian|Swords Dance|p1a: Zacian\n|-boost|p1a: Zacian|atk|2\n|move|p2a: Gliscor|Earthquake|p1a: Zacian\n|-supereffective|p1a: Zacian\n|-damage|p1a: Zacian|0 fnt\n|faint|p1a: Zacian\n|\n|-heal|p2a: Gliscor|69\/100 tox|[from] ability: Poison Heal\n|upkeep\n|c|\u2606NoNotNeeko|LIKE A BOOK\n|\n|t:|1698936331\n|switch|p1a: Eternatus|Eternatus|100\/100\n|-activate|p1a: Eternatus|move: Sticky Web\n|-unboost|p1a: Eternatus|spe|1\n|-ability|p1a: Eternatus|Pressure\n|turn|9\n|\n|t:|1698936357\n|move|p1a: Eternatus|Dynamax Cannon|p2a: Gliscor\n|-damage|p2a: Gliscor|11\/100 tox\n|move|p2a: Gliscor|Spikes|p1a: Eternatus\n|-sidestart|p1: FloweyLover|Spikes\n|\n|-heal|p2a: Gliscor|23\/100 tox|[from] ability: Poison Heal\n|upkeep\n|turn|10\n|\n|t:|1698936370\n|switch|p2a: Iron Valiant|Iron Valiant|100\/100\n|move|p1a: Eternatus|Gunk Shot|p2a: Iron Valiant|[miss]\n|-miss|p1a: Eternatus|p2a: Iron Valiant\n|\n|upkeep\n|turn|11\n|\n|t:|1698936399\n|-end|p2a: Iron Valiant|Quark Drive|[silent]\n|switch|p2a: Dragonite|Dragonite, F|100\/100\n|switch|p1a: Arceus|Arceus-Ghost|100\/100\n|-activate|p1a: Arceus|move: Sticky Web\n|-unboost|p1a: Arceus|spe|1\n|-damage|p1a: Arceus|88\/100|[from] Spikes\n|\n|upkeep\n|turn|12\n|\n|t:|1698936423\n|move|p1a: Arceus|Judgment|p2a: Dragonite\n|-damage|p2a: Dragonite|77\/100\n|move|p2a: Dragonite|Dragon Dance|p2a: Dragonite\n|-boost|p2a: Dragonite|atk|1\n|-boost|p2a: Dragonite|spe|1\n|\n|upkeep\n|turn|13\n|\n|t:|1698936430\n|move|p2a: Dragonite|Earthquake|p1a: Arceus\n|-damage|p1a: Arceus|46\/100\n|move|p1a: Arceus|Air Slash|p2a: Dragonite\n|-damage|p2a: Dragonite|58\/100\n|\n|upkeep\n|turn|14\n|\n|t:|1698936443\n|move|p2a: Dragonite|Earthquake|p1a: Arceus\n|-damage|p1a: Arceus|4\/100\n|move|p1a: Arceus|Air Slash|p2a: Dragonite\n|-damage|p2a: Dragonite|38\/100\n|\n|upkeep\n|turn|15\n|\n|t:|1698936452\n|move|p2a: Dragonite|Roost|p2a: Dragonite\n|-heal|p2a: Dragonite|89\/100\n|-singleturn|p2a: Dragonite|move: Roost\n|move|p1a: Arceus|Aura Sphere|p2a: Dragonite\n|-damage|p2a: Dragonite|70\/100\n|\n|upkeep\n|turn|16\n|\n|t:|1698936469\n|move|p2a: Dragonite|Earthquake|p1a: Arceus\n|-damage|p1a: Arceus|0 fnt\n|faint|p1a: Arceus\n|\n|upkeep\n|\n|t:|1698936475\n|switch|p1a: Eternatus|Eternatus|100\/100\n|-activate|p1a: Eternatus|move: Sticky Web\n|-unboost|p1a: Eternatus|spe|1\n|-damage|p1a: Eternatus|88\/100|[from] Spikes\n|-ability|p1a: Eternatus|Pressure\n|turn|17\n|\n|t:|1698936483\n|move|p2a: Dragonite|Earthquake|p1a: Eternatus\n|-supereffective|p1a: Eternatus\n|-damage|p1a: Eternatus|0 fnt\n|faint|p1a: Eternatus\n|\n|upkeep\n|\n|t:|1698936491\n|switch|p1a: Giratina|Giratina-Origin|100\/100\n|turn|18\n|\n|t:|1698936509\n|switch|p2a: Gliscor|Gliscor, F|23\/100 tox\n|move|p1a: Giratina|Dragon Claw|p2a: Gliscor\n|-damage|p2a: Gliscor|0 fnt\n|faint|p2a: Gliscor\n|\n|upkeep\n|\n|t:|1698936520\n|switch|p2a: Iron Valiant|Iron Valiant|100\/100\n|turn|19\n|\n|t:|1698936527\n|-terastallize|p2a: Iron Valiant|Fairy\n|move|p2a: Iron Valiant|Moonblast|p1a: Giratina\n|-supereffective|p1a: Giratina\n|-damage|p1a: Giratina|1\/100\n|move|p1a: Giratina|Earthquake|p2a: Iron Valiant\n|-damage|p2a: Iron Valiant|54\/100\n|\n|upkeep\n|turn|20\n|\n|t:|1698936545\n|move|p2a: Iron Valiant|Moonblast|p1a: Giratina\n|-supereffective|p1a: Giratina\n|-damage|p1a: Giratina|0 fnt\n|faint|p1a: Giratina\n|\n|upkeep\n|\n|t:|1698936549\n|switch|p1a: Palkia|Palkia-Origin|100\/100\n|-activate|p1a: Palkia|move: Sticky Web\n|-unboost|p1a: Palkia|spe|1\n|-damage|p1a: Palkia|88\/100|[from] Spikes\n|-ability|p1a: Palkia|Pressure\n|turn|21\n|\n|t:|1698936562\n|-terastallize|p1a: Palkia|Water\n|move|p2a: Iron Valiant|Moonblast|p1a: Palkia\n|-damage|p1a: Palkia|39\/100\n|move|p1a: Palkia|Aqua Tail|p2a: Iron Valiant\n|-crit|p2a: Iron Valiant\n|-damage|p2a: Iron Valiant|0 fnt\n|faint|p2a: Iron Valiant\n|-end|p2a: Iron Valiant|Quark Drive|[silent]\n|\n|upkeep\n|\n|t:|1698936575\n|switch|p2a: Miraidon|Miraidon|100\/100\n|-fieldstart|move: Electric Terrain|[from] ability: Hadron Engine|[of] p2a: Miraidon\n|turn|22\n|\n|t:|1698936590\n|move|p2a: Miraidon|Electro Drift|p1a: Palkia\n|-supereffective|p1a: Palkia\n|-damage|p1a: Palkia|0 fnt\n|faint|p1a: Palkia\n|\n|upkeep\n|\n|t:|1698936593\n|switch|p1a: Dialga|Dialga-Origin|100\/100\n|-activate|p1a: Dialga|move: Sticky Web\n|-unboost|p1a: Dialga|spe|1\n|-damage|p1a: Dialga|88\/100|[from] Spikes\n|-ability|p1a: Dialga|Pressure\n|turn|23\n|\n|t:|1698936608\n|move|p2a: Miraidon|Draco Meteor|p1a: Dialga\n|-damage|p1a: Dialga|14\/100\n|-unboost|p2a: Miraidon|spa|2\n|move|p1a: Dialga|Roar of Time|p2a: Miraidon\n|-supereffective|p2a: Miraidon\n|-damage|p2a: Miraidon|0 fnt\n|-mustrecharge|p1a: Dialga\n|faint|p2a: Miraidon\n|\n|upkeep\n|-message|FloweyLover forfeited.\n|\n|win|NoNotNeeko\n|raw|FloweyLover's rating: 1000 &rarr; <strong>1000<\/strong><br \/>(+0 for losing)\n|raw|NoNotNeeko's rating: 1000 &rarr; <strong>1040<\/strong><br \/>(+40 for winning)\n|l|\u2606FloweyLover\n|c|\u2606NoNotNeeko|WAT\n","uploadtime":1698936633,"views":7,"p1id":"floweylover","p2id":"nonotneeko","formatid":"gen9ubers","rating":1000,"private":0,"password":""}