{"id":"gen9ubers-1995089626","p1":"CrushMeGoodra","p2":"ArbysDealer23","format":"[Gen 9] Ubers","log":"|j|\u2606CrushMeGoodra\n|j|\u2606ArbysDealer23\n|t:|1700521388\n|gametype|singles\n|player|p1|CrushMeGoodra|cynthia|\n|player|p2|ArbysDealer23|swimmerf|\n|teamsize|p1|6\n|teamsize|p2|6\n|gen|9\n|tier|[Gen 9] Ubers\n|rule|Sleep Clause Mod: Limit one foe put to sleep\n|rule|Species Clause: Limit one of each Pok\u00e9mon\n|rule|OHKO Clause: OHKO moves are banned\n|rule|Evasion Items Clause: Evasion items are banned\n|rule|Evasion Moves Clause: Evasion moves are banned\n|rule|Endless Battle Clause: Forcing endless battles is banned\n|rule|HP Percentage Mod: HP is shown in percentages\n|clearpoke\n|poke|p1|Clefable, M|\n|poke|p1|Slowking, M|\n|poke|p1|Cetitan, F|\n|poke|p1|Ogerpon-Hearthflame, F|\n|poke|p1|Ursaluna, F|\n|poke|p1|Qwilfish-Hisui, M|\n|poke|p2|Greninja-*, M|\n|poke|p2|Cresselia, F|\n|poke|p2|Sneasler, M|\n|poke|p2|Tsareena, F|\n|poke|p2|Mudsdale, M|\n|poke|p2|Tinkaton, F|\n|teampreview\n|inactive|Battle timer is ON: inactive players will automatically lose when time's up. (requested by CrushMeGoodra)\n|inactive|CrushMeGoodra has 270 seconds left.\n|inactive|ArbysDealer23 has 270 seconds left.\n|\n|t:|1700521436\n|start\n|switch|p1a: Mr.NoThots|Slowking, M, shiny|100\/100\n|switch|p2a: The Observatory|Cresselia, F|100\/100\n|turn|1\n|\n|t:|1700521457\n|move|p2a: The Observatory|Calm Mind|p2a: The Observatory\n|-boost|p2a: The Observatory|spa|1\n|-boost|p2a: The Observatory|spd|1\n|move|p1a: Mr.NoThots|Chilly Reception|p1a: Mr.NoThots\n|-weather|Snow\n|\n|t:|1700521467\n|switch|p1a: Ogerpon|Ogerpon-Hearthflame, F|100\/100|[from] Chilly Reception\n|-ability|p1a: Ogerpon|Mold Breaker\n|\n|-weather|Snow|[upkeep]\n|upkeep\n|turn|2\n|\n|t:|1700521493\n|move|p1a: Ogerpon|Encore|p2a: The Observatory\n|-start|p2a: The Observatory|Encore\n|move|p2a: The Observatory|Calm Mind|p2a: The Observatory\n|-boost|p2a: The Observatory|spa|1\n|-boost|p2a: The Observatory|spd|1\n|\n|-weather|Snow|[upkeep]\n|upkeep\n|turn|3\n|\n|t:|1700521505\n|move|p1a: Ogerpon|Swords Dance|p1a: Ogerpon\n|-boost|p1a: Ogerpon|atk|2\n|move|p2a: The Observatory|Calm Mind|p2a: The Observatory\n|-boost|p2a: The Observatory|spa|1\n|-boost|p2a: The Observatory|spd|1\n|\n|-weather|Snow|[upkeep]\n|upkeep\n|turn|4\n|\n|t:|1700521516\n|switch|p2a: NEVERBACKDOWNNEVER|Mudsdale, M|100\/100\n|move|p1a: Ogerpon|Ivy Cudgel|p2a: NEVERBACKDOWNNEVER|[anim] Ivy Cudgel Fire\n|-damage|p2a: NEVERBACKDOWNNEVER|1\/100\n|-ability|p2a: NEVERBACKDOWNNEVER|Stamina|boost\n|-boost|p2a: NEVERBACKDOWNNEVER|def|1\n|\n|-weather|Snow|[upkeep]\n|-heal|p2a: NEVERBACKDOWNNEVER|8\/100|[from] item: Leftovers\n|upkeep\n|turn|5\n|\n|t:|1700521529\n|move|p1a: Ogerpon|Ivy Cudgel|p2a: NEVERBACKDOWNNEVER|[anim] Ivy Cudgel Fire\n|-damage|p2a: NEVERBACKDOWNNEVER|0 fnt\n|faint|p2a: NEVERBACKDOWNNEVER\n|\n|-weather|none\n|upkeep\n|\n|t:|1700521538\n|switch|p2a: GETONTOPOFMENOW|Sneasler, M|100\/100\n|turn|6\n|\n|t:|1700521575\n|switch|p1a: Qwilfish|Qwilfish-Hisui, M|100\/100\n|-ability|p1a: Qwilfish|Intimidate|boost\n|-unboost|p2a: GETONTOPOFMENOW|atk|1\n|move|p2a: GETONTOPOFMENOW|U-turn|p1a: Qwilfish\n|-damage|p1a: Qwilfish|84\/100\n|inactive|ArbysDealer23 has 270 seconds left.\n|\n|t:|1700521592\n|switch|p2a: Ol' Blacky|Greninja, M, shiny|100\/100|[from] U-turn\n|\n|upkeep\n|turn|7\n|inactive|ArbysDealer23 has 270 seconds left.\n|inactive|CrushMeGoodra has 270 seconds left.\n|\n|t:|1700521632\n|switch|p1a: Clefable|Clefable, M|100\/100\n|move|p2a: Ol' Blacky|Hydro Pump|p1a: Clefable\n|-damage|p1a: Clefable|42\/100\n|\n|-heal|p1a: Clefable|48\/100|[from] item: Leftovers\n|upkeep\n|turn|8\n|inactive|ArbysDealer23 has 240 seconds left.\n|\n|t:|1700521663\n|switch|p2a: Jack Twinkatussy|Tinkaton, F|100\/100\n|-ability|p2a: Jack Twinkatussy|Mold Breaker\n|switch|p1a: Mr.NoThots|Slowking, M, shiny|100\/100\n|\n|upkeep\n|turn|9\n|\n|t:|1700521676\n|move|p2a: Jack Twinkatussy|Knock Off|p1a: Mr.NoThots\n|-supereffective|p1a: Mr.NoThots\n|-damage|p1a: Mr.NoThots|63\/100\n|-enditem|p1a: Mr.NoThots|Heavy-Duty Boots|[from] move: Knock Off|[of] p2a: Jack Twinkatussy\n|move|p1a: Mr.NoThots|Trick Room|p1a: Mr.NoThots\n|-fieldstart|move: Trick Room|[of] p1a: Mr.NoThots\n|\n|upkeep\n|turn|10\n|\n|t:|1700521683\n|move|p1a: Mr.NoThots|Chilly Reception|p1a: Mr.NoThots\n|-weather|Snow\n|\n|t:|1700521698\n|switch|p1a: Qwilfish|Qwilfish-Hisui, M|84\/100|[from] Chilly Reception\n|-ability|p1a: Qwilfish|Intimidate|boost\n|-unboost|p2a: Jack Twinkatussy|atk|1\n|move|p2a: Jack Twinkatussy|Stealth Rock|p1a: Qwilfish\n|-sidestart|p1: CrushMeGoodra|move: Stealth Rock\n|\n|-weather|Snow|[upkeep]\n|upkeep\n|turn|11\n|\n|t:|1700521711\n|move|p1a: Qwilfish|Spikes|p2a: Jack Twinkatussy\n|-sidestart|p2: ArbysDealer23|Spikes\n|move|p2a: Jack Twinkatussy|Stone Edge|p1a: Qwilfish|[miss]\n|-miss|p2a: Jack Twinkatussy|p1a: Qwilfish\n|\n|-weather|Snow|[upkeep]\n|upkeep\n|turn|12\n|\n|t:|1700521722\n|move|p1a: Qwilfish|Spikes|p2a: Jack Twinkatussy\n|-sidestart|p2: ArbysDealer23|Spikes\n|move|p2a: Jack Twinkatussy|Knock Off|p1a: Qwilfish\n|-resisted|p1a: Qwilfish\n|-damage|p1a: Qwilfish|79\/100\n|-enditem|p1a: Qwilfish|Eviolite|[from] move: Knock Off|[of] p2a: Jack Twinkatussy\n|\n|-weather|Snow|[upkeep]\n|upkeep\n|turn|13\n|\n|t:|1700521733\n|move|p1a: Qwilfish|Chilling Water|p2a: Jack Twinkatussy\n|-damage|p2a: Jack Twinkatussy|92\/100\n|-unboost|p2a: Jack Twinkatussy|atk|1\n|move|p2a: Jack Twinkatussy|Gigaton Hammer|p1a: Qwilfish\n|-damage|p1a: Qwilfish|50\/100\n|\n|-weather|Snow|[upkeep]\n|-heal|p2a: Jack Twinkatussy|99\/100|[from] item: Leftovers\n|-fieldend|move: Trick Room\n|upkeep\n|turn|14\n|inactive|CrushMeGoodra has 270 seconds left.\n|\n|t:|1700521750\n|move|p2a: Jack Twinkatussy|Stone Edge|p1a: Qwilfish|[miss]\n|-miss|p2a: Jack Twinkatussy|p1a: Qwilfish\n|move|p1a: Qwilfish|Rest|p1a: Qwilfish\n|-status|p1a: Qwilfish|slp|[from] move: Rest\n|-heal|p1a: Qwilfish|100\/100 slp|[silent]\n|\n|-weather|none\n|-heal|p2a: Jack Twinkatussy|100\/100|[from] item: Leftovers\n|upkeep\n|turn|15\n|\n|t:|1700521759\n|switch|p2a: GaGa OohLaLa|Tsareena, F, shiny|100\/100\n|switch|p1a: Mr.NoThots|Slowking, M, shiny|97\/100\n|-damage|p1a: Mr.NoThots|84\/100|[from] Stealth Rock\n|\n|upkeep\n|turn|16\n|inactive|ArbysDealer23 has 270 seconds left.\n|\n|t:|1700521765\n|move|p2a: GaGa OohLaLa|Rapid Spin|p1a: Mr.NoThots\n|-damage|p1a: Mr.NoThots|69\/100\n|-boost|p2a: GaGa OohLaLa|spe|1\n|-sideend|p2: ArbysDealer23|Spikes|[from] move: Rapid Spin|[of] p2a: GaGa OohLaLa\n|move|p1a: Mr.NoThots|Chilly Reception|p1a: Mr.NoThots\n|-weather|Snow\n|\n|t:|1700521772\n|switch|p1a: Cetitan|Cetitan, F, shiny|100\/100|[from] Chilly Reception\n|-damage|p1a: Cetitan|76\/100|[from] Stealth Rock\n|\n|-weather|Snow|[upkeep]\n|-heal|p1a: Cetitan|82\/100|[from] item: Leftovers\n|upkeep\n|turn|17\n|\n|t:|1700521786\n|move|p1a: Cetitan|Icicle Crash|p2a: GaGa OohLaLa\n|-supereffective|p2a: GaGa OohLaLa\n|-damage|p2a: GaGa OohLaLa|19\/100\n|move|p2a: GaGa OohLaLa|Knock Off|p1a: Cetitan\n|-damage|p1a: Cetitan|65\/100\n|-enditem|p1a: Cetitan|Leftovers|[from] move: Knock Off|[of] p2a: GaGa OohLaLa\n|\n|-weather|Snow|[upkeep]\n|upkeep\n|turn|18\n|inactive|ArbysDealer23 has 270 seconds left.\n|\n|t:|1700521804\n|switch|p2a: Jack Twinkatussy|Tinkaton, F|100\/100\n|-ability|p2a: Jack Twinkatussy|Mold Breaker\n|move|p1a: Cetitan|Earthquake|p2a: Jack Twinkatussy\n|-supereffective|p2a: Jack Twinkatussy\n|-damage|p2a: Jack Twinkatussy|16\/100\n|\n|-weather|Snow|[upkeep]\n|-heal|p2a: Jack Twinkatussy|22\/100|[from] item: Leftovers\n|upkeep\n|turn|19\n|inactive|ArbysDealer23 has 270 seconds left.\n|c|\u2606ArbysDealer23|nice\n|\n|t:|1700521819\n|move|p1a: Cetitan|Earthquake|p2a: Jack Twinkatussy\n|-supereffective|p2a: Jack Twinkatussy\n|-crit|p2a: Jack Twinkatussy\n|-damage|p2a: Jack Twinkatussy|0 fnt\n|faint|p2a: Jack Twinkatussy\n|\n|-weather|Snow|[upkeep]\n|upkeep\n|inactive|ArbysDealer23 has 270 seconds left.\n|\n|t:|1700521833\n|switch|p2a: Ol' Blacky|Greninja, M, shiny|100\/100\n|turn|20\n|inactive|ArbysDealer23 has 270 seconds left.\n|\n|t:|1700521843\n|move|p1a: Cetitan|Superpower|p2a: Ol' Blacky\n|-supereffective|p2a: Ol' Blacky\n|-damage|p2a: Ol' Blacky|0 fnt\n|-unboost|p1a: Cetitan|atk|1\n|-unboost|p1a: Cetitan|def|1\n|faint|p2a: Ol' Blacky\n|\n|-weather|none\n|upkeep\n|\n|t:|1700521855\n|switch|p2a: GETONTOPOFMENOW|Sneasler, M|100\/100\n|turn|21\n|\n|t:|1700521866\n|switch|p1a: Qwilfish|Qwilfish-Hisui, M|100\/100 slp\n|-damage|p1a: Qwilfish|88\/100 slp|[from] Stealth Rock\n|-ability|p1a: Qwilfish|Intimidate|boost\n|-unboost|p2a: GETONTOPOFMENOW|atk|1\n|move|p2a: GETONTOPOFMENOW|U-turn|p1a: Qwilfish\n|-damage|p1a: Qwilfish|66\/100 slp\n|\n|t:|1700521879\n|switch|p2a: GaGa OohLaLa|Tsareena, F, shiny|19\/100|[from] U-turn\n|\n|upkeep\n|turn|22\n|inactive|CrushMeGoodra has 270 seconds left.\n|\n|t:|1700521918\n|switch|p1a: Clefable|Clefable, M|48\/100\n|-damage|p1a: Clefable|35\/100|[from] Stealth Rock\n|-terastallize|p2a: GaGa OohLaLa|Fairy\n|move|p2a: GaGa OohLaLa|Play Rough|p1a: Clefable\n|-damage|p1a: Clefable|0 fnt\n|faint|p1a: Clefable\n|\n|upkeep\n|\n|t:|1700521935\n|switch|p1a: Mr.NoThots|Slowking, M, shiny|100\/100\n|-damage|p1a: Mr.NoThots|88\/100|[from] Stealth Rock\n|turn|23\n|\n|t:|1700521943\n|move|p2a: GaGa OohLaLa|Knock Off|p1a: Mr.NoThots\n|-supereffective|p1a: Mr.NoThots\n|-damage|p1a: Mr.NoThots|49\/100\n|move|p1a: Mr.NoThots|Chilly Reception|p1a: Mr.NoThots\n|-weather|Snow\n|\n|t:|1700521949\n|switch|p1a: Cetitan|Cetitan, F, shiny|65\/100|[from] Chilly Reception\n|-damage|p1a: Cetitan|40\/100|[from] Stealth Rock\n|\n|-weather|Snow|[upkeep]\n|upkeep\n|turn|24\n|inactive|CrushMeGoodra has 270 seconds left.\n|inactive|ArbysDealer23 has 270 seconds left.\n|\n|t:|1700521961\n|move|p1a: Cetitan|Earthquake|p2a: GaGa OohLaLa\n|-crit|p2a: GaGa OohLaLa\n|-damage|p2a: GaGa OohLaLa|0 fnt\n|faint|p2a: GaGa OohLaLa\n|\n|-weather|Snow|[upkeep]\n|upkeep\n|inactive|ArbysDealer23 has 270 seconds left.\n|\n|t:|1700521969\n|switch|p2a: The Observatory|Cresselia, F|100\/100\n|turn|25\n|\n|t:|1700521980\n|switch|p1a: Ogerpon|Ogerpon-Hearthflame, F|100\/100\n|-damage|p1a: Ogerpon|76\/100|[from] Stealth Rock\n|-ability|p1a: Ogerpon|Mold Breaker\n|move|p2a: The Observatory|Calm Mind|p2a: The Observatory\n|-boost|p2a: The Observatory|spa|1\n|-boost|p2a: The Observatory|spd|1\n|\n|-weather|Snow|[upkeep]\n|upkeep\n|turn|26\n|\n|t:|1700521990\n|switch|p2a: GETONTOPOFMENOW|Sneasler, M|100\/100\n|move|p1a: Ogerpon|Encore||[still]\n|-fail|p1a: Ogerpon\n|\n|-weather|Snow|[upkeep]\n|upkeep\n|turn|27\n|inactive|CrushMeGoodra has 270 seconds left.\n|\n|t:|1700522031\n|-terastallize|p1a: Ogerpon|Fire\n|detailschange|p1a: Ogerpon|Ogerpon-Hearthflame-Tera, F, tera:Fire\n|-ability|p1a: Ogerpon|Embody Aspect (Hearthflame)|boost\n|-boost|p1a: Ogerpon|atk|1\n|move|p2a: GETONTOPOFMENOW|Dire Claw|p1a: Ogerpon\n|-damage|p1a: Ogerpon|0 fnt\n|faint|p1a: Ogerpon\n|\n|-weather|none\n|upkeep\n|\n|t:|1700522043\n|switch|p1a: Mr.NoThots|Slowking, M, shiny|83\/100\n|-damage|p1a: Mr.NoThots|70\/100|[from] Stealth Rock\n|turn|28\n|\n|t:|1700522049\n|move|p2a: GETONTOPOFMENOW|Dire Claw|p1a: Mr.NoThots\n|-damage|p1a: Mr.NoThots|18\/100\n|-status|p1a: Mr.NoThots|psn|[from] ability: Poison Touch|[of] p2a: GETONTOPOFMENOW\n|move|p1a: Mr.NoThots|Trick Room|p1a: Mr.NoThots\n|-fieldstart|move: Trick Room|[of] p1a: Mr.NoThots\n|\n|-damage|p1a: Mr.NoThots|5\/100 psn|[from] psn\n|upkeep\n|turn|29\n|\n|t:|1700522059\n|switch|p2a: The Observatory|Cresselia, F|100\/100\n|move|p1a: Mr.NoThots|Future Sight|p2a: The Observatory\n|-start|p1a: Mr.NoThots|move: Future Sight\n|\n|-damage|p1a: Mr.NoThots|0 fnt|[from] psn\n|faint|p1a: Mr.NoThots\n|upkeep\n|\n|t:|1700522066\n|switch|p1a: Ursaluna|Ursaluna, F|100\/100\n|-damage|p1a: Ursaluna|94\/100|[from] Stealth Rock\n|turn|30\n|inactive|CrushMeGoodra has 270 seconds left.\n|\n|t:|1700522073\n|move|p1a: Ursaluna|Swords Dance|p1a: Ursaluna\n|-boost|p1a: Ursaluna|atk|2\n|move|p2a: The Observatory|Moonblast|p1a: Ursaluna\n|-damage|p1a: Ursaluna|70\/100\n|\n|-status|p1a: Ursaluna|brn|[from] item: Flame Orb\n|upkeep\n|turn|31\n|\n|t:|1700522084\n|move|p1a: Ursaluna|Facade|p2a: The Observatory\n|-damage|p2a: The Observatory|0 fnt\n|faint|p2a: The Observatory\n|\n|-hint|Future Sight did not hit because the target is fainted.\n|-damage|p1a: Ursaluna|64\/100 brn|[from] brn\n|upkeep\n|\n|t:|1700522091\n|switch|p2a: GETONTOPOFMENOW|Sneasler, M|100\/100\n|turn|32\n|\n|t:|1700522094\n|move|p1a: Ursaluna|Facade|p2a: GETONTOPOFMENOW\n|-damage|p2a: GETONTOPOFMENOW|0 fnt\n|faint|p2a: GETONTOPOFMENOW\n|\n|win|CrushMeGoodra\n|c|\u2606ArbysDealer23|gg\n","uploadtime":1700522104,"views":14,"p1id":"crushmegoodra","p2id":"arbysdealer23","formatid":"gen9ubers","rating":0,"private":0,"password":""}