{"id":"gen9ubers-1989849455","p1":"Nitro524","p2":"1P1o1s1h1e1","format":"[Gen 9] Ubers","log":"|j|\u2606Nitro524\n|j|\u26061P1o1s1h1e1\n|t:|1699900871\n|gametype|singles\n|player|p1|Nitro524|hilbert|\n|player|p2|1P1o1s1h1e1|102|\n|teamsize|p1|6\n|teamsize|p2|6\n|gen|9\n|tier|[Gen 9] Ubers\n|rule|Sleep Clause Mod: Limit one foe put to sleep\n|rule|Species Clause: Limit one of each Pok\u00e9mon\n|rule|OHKO Clause: OHKO moves are banned\n|rule|Evasion Items Clause: Evasion items are banned\n|rule|Evasion Moves Clause: Evasion moves are banned\n|rule|Endless Battle Clause: Forcing endless battles is banned\n|rule|HP Percentage Mod: HP is shown in percentages\n|clearpoke\n|poke|p1|Torkoal, F|\n|poke|p1|Chi-Yu|\n|poke|p1|Lilligant-Hisui, F|\n|poke|p1|Arceus-Fire|\n|poke|p1|Roaring Moon|\n|poke|p1|Walking Wake|\n|poke|p2|Slowking-Galar, F|\n|poke|p2|Blissey, F|\n|poke|p2|Cyclizar, M|\n|poke|p2|Dialga|\n|poke|p2|Quagsire, F|\n|poke|p2|Gholdengo|\n|teampreview\n|inactive|Battle timer is ON: inactive players will automatically lose when time's up. (requested by Nitro524)\n|c|\u2606Nitro524|glhf\n|\n|t:|1699900881\n|start\n|switch|p1a: Bring The Sun|Torkoal, F|100\/100\n|switch|p2a: Cyclizar|Cyclizar, M|100\/100\n|-weather|SunnyDay|[from] ability: Drought|[of] p1a: Bring The Sun\n|turn|1\n|inactive|Nitro524 has 270 seconds left.\n|\n|t:|1699900925\n|move|p2a: Cyclizar|Shed Tail|p2a: Cyclizar\n|-start|p2a: Cyclizar|Substitute|[from] move: Shed Tail\n|-damage|p2a: Cyclizar|50\/100\n|\n|t:|1699900949\n|switch|p2a: Slowking|Slowking-Galar, F|100\/100|[from] Shed Tail\n|move|p1a: Bring The Sun|Stealth Rock|p2a: Slowking\n|-sidestart|p2: 1P1o1s1h1e1|move: Stealth Rock\n|\n|-weather|SunnyDay|[upkeep]\n|upkeep\n|turn|2\n|inactive|Nitro524 has 270 seconds left.\n|\n|t:|1699900965\n|switch|p1a: Hector Salamanca|Roaring Moon|100\/100\n|-activate|p1a: Hector Salamanca|ability: Protosynthesis\n|-start|p1a: Hector Salamanca|protosynthesisspe\n|move|p2a: Slowking|Future Sight|p1a: Hector Salamanca\n|-start|p2a: Slowking|move: Future Sight\n|\n|-weather|SunnyDay|[upkeep]\n|upkeep\n|turn|3\n|\n|t:|1699900977\n|move|p1a: Hector Salamanca|Dragon Dance|p1a: Hector Salamanca\n|-boost|p1a: Hector Salamanca|atk|1\n|-boost|p1a: Hector Salamanca|spe|1\n|move|p2a: Slowking|Toxic Spikes|p1a: Hector Salamanca\n|-sidestart|p1: Nitro524|move: Toxic Spikes\n|\n|-weather|SunnyDay|[upkeep]\n|upkeep\n|turn|4\n|c|\u2606Nitro524|good pressure\n|\n|t:|1699900987\n|move|p1a: Hector Salamanca|Knock Off|p2a: Slowking\n|-supereffective|p2a: Slowking\n|-end|p2a: Slowking|Substitute\n|move|p2a: Slowking|Chilly Reception|p2a: Slowking\n|-weather|Snow\n|-end|p1a: Hector Salamanca|Protosynthesis\n|-enditem|p1a: Hector Salamanca|Booster Energy\n|-activate|p1a: Hector Salamanca|ability: Protosynthesis|[fromitem]\n|-start|p1a: Hector Salamanca|protosynthesisspe\n|\n|t:|1699900994\n|switch|p2a: Quagsire|Quagsire, F|100\/100|[from] Chilly Reception\n|-damage|p2a: Quagsire|94\/100|[from] Stealth Rock\n|\n|-weather|Snow|[upkeep]\n|-end|p1a: Hector Salamanca|move: Future Sight\n|-immune|p1a: Hector Salamanca\n|-heal|p2a: Quagsire|100\/100|[from] item: Leftovers\n|upkeep\n|turn|5\n|inactive|Nitro524 has 270 seconds left.\n|\n|t:|1699901025\n|-terastallize|p1a: Hector Salamanca|Steel\n|move|p1a: Hector Salamanca|Knock Off|p2a: Quagsire\n|-crit|p2a: Quagsire\n|-damage|p2a: Quagsire|50\/100\n|-enditem|p2a: Quagsire|Leftovers|[from] move: Knock Off|[of] p1a: Hector Salamanca\n|move|p2a: Quagsire|Curse|p2a: Quagsire\n|-unboost|p2a: Quagsire|spe|1\n|-boost|p2a: Quagsire|atk|1\n|-boost|p2a: Quagsire|def|1\n|\n|-weather|Snow|[upkeep]\n|upkeep\n|turn|6\n|inactive|Nitro524 has 240 seconds left.\n|\n|t:|1699901058\n|-end|p1a: Hector Salamanca|Protosynthesis|[silent]\n|switch|p1a: Lilligant|Lilligant-Hisui, F|100\/100\n|-status|p1a: Lilligant|psn\n|move|p2a: Quagsire|Recover|p2a: Quagsire\n|-heal|p2a: Quagsire|99\/100\n|\n|-weather|Snow|[upkeep]\n|-damage|p1a: Lilligant|88\/100 psn|[from] psn\n|upkeep\n|turn|7\n|\n|t:|1699901090\n|switch|p2a: Slowking|Slowking-Galar, F|100\/100\n|-damage|p2a: Slowking|88\/100|[from] Stealth Rock\n|move|p1a: Lilligant|Solar Blade||[still]\n|-prepare|p1a: Lilligant|Solar Blade\n|\n|-weather|Snow|[upkeep]\n|-damage|p1a: Lilligant|76\/100 psn|[from] psn\n|upkeep\n|turn|8\n|\n|t:|1699901098\n|move|p1a: Lilligant|Solar Blade|p2a: Slowking|[from]lockedmove\n|-resisted|p2a: Slowking\n|-damage|p2a: Slowking|78\/100\n|-damage|p1a: Lilligant|59\/100 psn|[from] item: Rocky Helmet|[of] p2a: Slowking\n|move|p2a: Slowking|Sludge Bomb|p1a: Lilligant\n|-supereffective|p1a: Lilligant\n|-damage|p1a: Lilligant|0 fnt\n|faint|p1a: Lilligant\n|\n|-weather|none\n|upkeep\n|\n|t:|1699901104\n|switch|p1a: Bring The Sun|Torkoal, F|100\/100\n|-status|p1a: Bring The Sun|psn\n|-weather|SunnyDay|[from] ability: Drought|[of] p1a: Bring The Sun\n|turn|9\n|\n|t:|1699901112\n|move|p2a: Slowking|Chilly Reception|p2a: Slowking\n|-weather|Snow\n|\n|t:|1699901115\n|switch|p2a: Gholdengo|Gholdengo|100\/100|[from] Chilly Reception\n|-damage|p2a: Gholdengo|94\/100|[from] Stealth Rock\n|move|p1a: Bring The Sun|Lava Plume|p2a: Gholdengo\n|-supereffective|p2a: Gholdengo\n|-damage|p2a: Gholdengo|59\/100\n|-status|p2a: Gholdengo|brn\n|\n|-weather|Snow|[upkeep]\n|-heal|p2a: Gholdengo|65\/100 brn|[from] item: Leftovers\n|-damage|p1a: Bring The Sun|88\/100 psn|[from] psn\n|-damage|p2a: Gholdengo|59\/100 brn|[from] brn\n|upkeep\n|turn|10\n|inactive|Nitro524 has 240 seconds left.\n|\n|t:|1699901128\n|move|p2a: Gholdengo|Recover|p2a: Gholdengo\n|-heal|p2a: Gholdengo|100\/100 brn\n|move|p1a: Bring The Sun|Lava Plume|p2a: Gholdengo\n|-supereffective|p2a: Gholdengo\n|-damage|p2a: Gholdengo|66\/100 brn\n|\n|-weather|Snow|[upkeep]\n|-heal|p2a: Gholdengo|72\/100 brn|[from] item: Leftovers\n|-damage|p1a: Bring The Sun|76\/100 psn|[from] psn\n|-damage|p2a: Gholdengo|66\/100 brn|[from] brn\n|upkeep\n|turn|11\n|\n|t:|1699901132\n|move|p2a: Gholdengo|Shadow Ball|p1a: Bring The Sun\n|-crit|p1a: Bring The Sun\n|-damage|p1a: Bring The Sun|0 fnt\n|faint|p1a: Bring The Sun\n|\n|-weather|Snow|[upkeep]\n|-heal|p2a: Gholdengo|72\/100 brn|[from] item: Leftovers\n|-damage|p2a: Gholdengo|66\/100 brn|[from] brn\n|upkeep\n|\n|t:|1699901141\n|switch|p1a: Did Not Smile Back|Chi-Yu|100\/100\n|-status|p1a: Did Not Smile Back|psn\n|-ability|p1a: Did Not Smile Back|Beads of Ruin\n|turn|12\n|inactive|Nitro524 has 240 seconds left.\n|\n|t:|1699901169\n|move|p1a: Did Not Smile Back|Overheat|p2a: Gholdengo|[miss]\n|-miss|p1a: Did Not Smile Back|p2a: Gholdengo\n|move|p2a: Gholdengo|Make It Rain|p1a: Did Not Smile Back\n|-resisted|p1a: Did Not Smile Back\n|-damage|p1a: Did Not Smile Back|70\/100 psn\n|-unboost|p2a: Gholdengo|spa|1\n|\n|-weather|Snow|[upkeep]\n|-heal|p2a: Gholdengo|72\/100 brn|[from] item: Leftovers\n|-damage|p1a: Did Not Smile Back|57\/100 psn|[from] psn\n|-damage|p2a: Gholdengo|66\/100 brn|[from] brn\n|upkeep\n|turn|13\n|c|\u2606Nitro524|pissing my pants rn\n|\n|t:|1699901177\n|move|p1a: Did Not Smile Back|Overheat|p2a: Gholdengo\n|-supereffective|p2a: Gholdengo\n|-damage|p2a: Gholdengo|0 fnt\n|-unboost|p1a: Did Not Smile Back|spa|2\n|faint|p2a: Gholdengo\n|\n|-weather|none\n|-damage|p1a: Did Not Smile Back|45\/100 psn|[from] psn\n|upkeep\n|\n|t:|1699901183\n|switch|p2a: Blissey|Blissey, F|100\/100\n|turn|14\n|\n|t:|1699901191\n|switch|p1a: Hector Salamanca|Roaring Moon, tera:Steel|100\/100\n|move|p2a: Blissey|Seismic Toss|p1a: Hector Salamanca\n|-damage|p1a: Hector Salamanca|72\/100\n|\n|upkeep\n|turn|15\n|\n|t:|1699901200\n|move|p1a: Hector Salamanca|Knock Off|p2a: Blissey\n|-damage|p2a: Blissey|50\/100\n|-enditem|p2a: Blissey|Heavy-Duty Boots|[from] move: Knock Off|[of] p1a: Hector Salamanca\n|move|p2a: Blissey|Seismic Toss|p1a: Hector Salamanca\n|-damage|p1a: Hector Salamanca|44\/100\n|\n|upkeep\n|turn|16\n|\n|t:|1699901209\n|switch|p2a: Quagsire|Quagsire, F|99\/100\n|-damage|p2a: Quagsire|94\/100|[from] Stealth Rock\n|move|p1a: Hector Salamanca|Earthquake|p2a: Quagsire\n|-damage|p2a: Quagsire|68\/100\n|\n|upkeep\n|turn|17\n|\n|t:|1699901219\n|move|p1a: Hector Salamanca|Earthquake|p2a: Quagsire\n|-damage|p2a: Quagsire|41\/100\n|move|p2a: Quagsire|Spikes|p1a: Hector Salamanca\n|-sidestart|p1: Nitro524|Spikes\n|\n|upkeep\n|turn|18\n|inactive|Nitro524 has 270 seconds left.\n|\n|t:|1699901225\n|move|p1a: Hector Salamanca|Earthquake|p2a: Quagsire\n|-damage|p2a: Quagsire|17\/100\n|move|p2a: Quagsire|Recover|p2a: Quagsire\n|-heal|p2a: Quagsire|67\/100\n|\n|upkeep\n|turn|19\n|inactive|Nitro524 has 270 seconds left.\n|\n|t:|1699901236\n|move|p1a: Hector Salamanca|Earthquake|p2a: Quagsire\n|-damage|p2a: Quagsire|41\/100\n|move|p2a: Quagsire|Spikes|p1a: Hector Salamanca\n|-sidestart|p1: Nitro524|Spikes\n|\n|upkeep\n|turn|20\n|\n|t:|1699901240\n|move|p1a: Hector Salamanca|Earthquake|p2a: Quagsire\n|-damage|p2a: Quagsire|16\/100\n|move|p2a: Quagsire|Recover|p2a: Quagsire\n|-heal|p2a: Quagsire|66\/100\n|\n|upkeep\n|turn|21\n|\n|t:|1699901244\n|move|p1a: Hector Salamanca|Earthquake|p2a: Quagsire\n|-crit|p2a: Quagsire\n|-damage|p2a: Quagsire|31\/100\n|move|p2a: Quagsire|Spikes|p1a: Hector Salamanca\n|-sidestart|p1: Nitro524|Spikes\n|\n|upkeep\n|turn|22\n|c|\u2606Nitro524|crid\n|\n|t:|1699901251\n|move|p1a: Hector Salamanca|Earthquake|p2a: Quagsire\n|-damage|p2a: Quagsire|5\/100\n|move|p2a: Quagsire|Recover|p2a: Quagsire\n|-heal|p2a: Quagsire|55\/100\n|\n|upkeep\n|turn|23\n|\n|t:|1699901259\n|move|p1a: Hector Salamanca|Earthquake|p2a: Quagsire\n|-damage|p2a: Quagsire|30\/100\n|move|p2a: Quagsire|Recover|p2a: Quagsire\n|-heal|p2a: Quagsire|80\/100\n|\n|upkeep\n|turn|24\n|\n|t:|1699901262\n|move|p1a: Hector Salamanca|Earthquake|p2a: Quagsire\n|-damage|p2a: Quagsire|57\/100\n|move|p2a: Quagsire|Earthquake|p1a: Hector Salamanca\n|-supereffective|p1a: Hector Salamanca\n|-crit|p1a: Hector Salamanca\n|-damage|p1a: Hector Salamanca|0 fnt\n|faint|p1a: Hector Salamanca\n|-end|p1a: Hector Salamanca|Protosynthesis|[silent]\n|\n|upkeep\n|\n|t:|1699901266\n|switch|p1a: Sitting Sleep|Walking Wake|100\/100\n|-status|p1a: Sitting Sleep|psn\n|-damage|p1a: Sitting Sleep|76\/100 psn|[from] Spikes\n|turn|25\n|\n|t:|1699901275\n|switch|p2a: Dialga|Dialga|100\/100\n|-damage|p2a: Dialga|94\/100|[from] Stealth Rock\n|-ability|p2a: Dialga|Pressure\n|move|p1a: Sitting Sleep|Hydro Steam|p2a: Dialga\n|-resisted|p2a: Dialga\n|-damage|p2a: Dialga|77\/100\n|\n|-heal|p2a: Dialga|83\/100|[from] item: Leftovers\n|-damage|p1a: Sitting Sleep|63\/100 psn|[from] psn\n|upkeep\n|turn|26\n|\n|t:|1699901284\n|move|p1a: Sitting Sleep|Hydro Steam|p2a: Dialga\n|-resisted|p2a: Dialga\n|-damage|p2a: Dialga|66\/100\n|move|p2a: Dialga|Dragon Tail|p1a: Sitting Sleep\n|-supereffective|p1a: Sitting Sleep\n|-damage|p1a: Sitting Sleep|8\/100 psn\n|-end|p1a: Sitting Sleep|Protosynthesis|[silent]\n|drag|p1a: Did Not Smile Back|Chi-Yu|45\/100 psn\n|-damage|p1a: Did Not Smile Back|20\/100 psn|[from] Spikes\n|-ability|p1a: Did Not Smile Back|Beads of Ruin\n|\n|-heal|p2a: Dialga|72\/100|[from] item: Leftovers\n|-damage|p1a: Did Not Smile Back|8\/100 psn|[from] psn\n|upkeep\n|turn|27\n|c|\u2606Nitro524|if i'm lucky i get one more ko\n|\n|t:|1699901300\n|switch|p2a: Blissey|Blissey, F|50\/100\n|-damage|p2a: Blissey|37\/100|[from] Stealth Rock\n|move|p1a: Did Not Smile Back|Overheat|p2a: Blissey\n|-damage|p2a: Blissey|3\/100\n|-unboost|p1a: Did Not Smile Back|spa|2\n|\n|-damage|p1a: Did Not Smile Back|0 fnt|[from] psn\n|faint|p1a: Did Not Smile Back\n|upkeep\n|c|\u2606Nitro524|if i get one more ko i win\n|c|\u2606Nitro524|not the game\n|c|\u2606Nitro524|but in my mind\n|\n|t:|1699901309\n|switch|p1a: Arceus|Arceus-Fire|100\/100\n|-status|p1a: Arceus|psn\n|-damage|p1a: Arceus|76\/100 psn|[from] Spikes\n|turn|28\n|\n|t:|1699901316\n|move|p1a: Arceus|Earthquake|p2a: Blissey\n|-damage|p2a: Blissey|0 fnt\n|faint|p2a: Blissey\n|\n|-damage|p1a: Arceus|63\/100 psn|[from] psn\n|upkeep\n|\n|t:|1699901318\n|switch|p2a: Quagsire|Quagsire, F|57\/100\n|-damage|p2a: Quagsire|51\/100|[from] Stealth Rock\n|turn|29\n|\n|t:|1699901323\n|move|p1a: Arceus|Earthquake|p2a: Quagsire\n|-damage|p2a: Quagsire|28\/100\n|move|p2a: Quagsire|Recover|p2a: Quagsire\n|-heal|p2a: Quagsire|78\/100\n|\n|-damage|p1a: Arceus|51\/100 psn|[from] psn\n|upkeep\n|turn|30\n|\n|t:|1699901326\n|move|p1a: Arceus|Recover|p1a: Arceus\n|-heal|p1a: Arceus|100\/100 psn\n|move|p2a: Quagsire|Earthquake|p1a: Arceus\n|-supereffective|p1a: Arceus\n|-damage|p1a: Arceus|59\/100 psn\n|\n|-damage|p1a: Arceus|47\/100 psn|[from] psn\n|upkeep\n|turn|31\n|\n|t:|1699901328\n|move|p1a: Arceus|Recover|p1a: Arceus\n|-heal|p1a: Arceus|97\/100 psn\n|move|p2a: Quagsire|Curse|p2a: Quagsire\n|-unboost|p2a: Quagsire|spe|1\n|-boost|p2a: Quagsire|atk|1\n|-boost|p2a: Quagsire|def|1\n|\n|-damage|p1a: Arceus|84\/100 psn|[from] psn\n|upkeep\n|turn|32\n|\n|t:|1699901332\n|move|p1a: Arceus|Earthquake|p2a: Quagsire\n|-crit|p2a: Quagsire\n|-damage|p2a: Quagsire|45\/100\n|move|p2a: Quagsire|Earthquake|p1a: Arceus\n|-supereffective|p1a: Arceus\n|-damage|p1a: Arceus|24\/100 psn\n|\n|-damage|p1a: Arceus|12\/100 psn|[from] psn\n|upkeep\n|turn|33\n|c|\u2606Nitro524|gg\n|\n|t:|1699901339\n|move|p1a: Arceus|Earthquake|p2a: Quagsire\n|-damage|p2a: Quagsire|29\/100\n|move|p2a: Quagsire|Recover|p2a: Quagsire\n|-heal|p2a: Quagsire|79\/100\n|\n|-damage|p1a: Arceus|0 fnt|[from] psn\n|faint|p1a: Arceus\n|upkeep\n|c|\u2606Nitro524|crit crit\n|\n|t:|1699901343\n|switch|p1a: Sitting Sleep|Walking Wake|8\/100 psn\n|-damage|p1a: Sitting Sleep|0 fnt|[from] Spikes\n|faint|p1a: Sitting Sleep\n|-end|p1a: Sitting Sleep|Protosynthesis|[silent]\n|\n|win|1P1o1s1h1e1\n|c|\u2606Nitro524|gg wp\n|c|\u26061P1o1s1h1e1|gg\n","uploadtime":1699901354,"views":6,"p1id":"nitro524","p2id":"1p1o1s1h1e1","formatid":"gen9ubers","rating":0,"private":0,"password":""}