{"id":"gen9ubers-1994172001","p1":"Rubyboi711","p2":"BlueFrog08","format":"[Gen 9] Ubers","log":"|j|\u2606Rubyboi711\n|j|\u2606BlueFrog08\n|t:|1700415145\n|gametype|singles\n|player|p1|Rubyboi711|volkner|1134\n|player|p2|BlueFrog08|170|1150\n|teamsize|p1|6\n|teamsize|p2|6\n|gen|9\n|tier|[Gen 9] Ubers\n|rated|\n|rule|Sleep Clause Mod: Limit one foe put to sleep\n|rule|Species Clause: Limit one of each Pok\u00e9mon\n|rule|OHKO Clause: OHKO moves are banned\n|rule|Evasion Items Clause: Evasion items are banned\n|rule|Evasion Moves Clause: Evasion moves are banned\n|rule|Endless Battle Clause: Forcing endless battles is banned\n|rule|HP Percentage Mod: HP is shown in percentages\n|clearpoke\n|poke|p1|Mewtwo|\n|poke|p1|Avalugg-Hisui, M|\n|poke|p1|Gliscor, M|\n|poke|p1|Koraidon|\n|poke|p1|Miraidon|\n|poke|p1|Arceus-Water|\n|poke|p2|Gliscor, F|\n|poke|p2|Baxcalibur, M|\n|poke|p2|Greninja-*, M|\n|poke|p2|Chi-Yu|\n|poke|p2|Klawf, F|\n|poke|p2|Cyclizar, M|\n|teampreview\n|\n|t:|1700415161\n|start\n|switch|p1a: Gliscor|Gliscor, M|100\/100\n|switch|p2a: Greninja|Greninja, M|100\/100\n|turn|1\n|\n|t:|1700415170\n|switch|p1a: Arceus|Arceus-Water|100\/100\n|move|p2a: Greninja|Toxic Spikes|p1a: Arceus\n|-sidestart|p1: Rubyboi711|move: Toxic Spikes\n|\n|upkeep\n|turn|2\n|\n|t:|1700415174\n|move|p2a: Greninja|Toxic Spikes|p1a: Arceus\n|-sidestart|p1: Rubyboi711|move: Toxic Spikes\n|move|p1a: Arceus|Dragon Dance|p1a: Arceus\n|-boost|p1a: Arceus|atk|1\n|-boost|p1a: Arceus|spe|1\n|\n|upkeep\n|turn|3\n|\n|t:|1700415192\n|move|p1a: Arceus|Waterfall|p2a: Greninja\n|-resisted|p2a: Greninja\n|-damage|p2a: Greninja|40\/100\n|move|p2a: Greninja|Spikes|p1a: Arceus\n|-sidestart|p1: Rubyboi711|Spikes\n|\n|upkeep\n|turn|4\n|\n|t:|1700415198\n|move|p1a: Arceus|Waterfall|p2a: Greninja\n|-resisted|p2a: Greninja\n|-damage|p2a: Greninja|0 fnt\n|faint|p2a: Greninja\n|\n|upkeep\n|\n|t:|1700415221\n|switch|p2a: Daddy|Gliscor, F, shiny|100\/100\n|turn|5\n|\n|t:|1700415227\n|move|p2a: Daddy|Protect|p2a: Daddy\n|-singleturn|p2a: Daddy|Protect\n|move|p1a: Arceus|Waterfall|p2a: Daddy\n|-activate|p2a: Daddy|move: Protect\n|\n|-status|p2a: Daddy|tox|[from] item: Toxic Orb\n|upkeep\n|turn|6\n|\n|t:|1700415237\n|-terastallize|p2a: Daddy|Water\n|move|p1a: Arceus|Waterfall|p2a: Daddy\n|-resisted|p2a: Daddy\n|-damage|p2a: Daddy|66\/100 tox\n|move|p2a: Daddy|Toxic|p1a: Arceus\n|-status|p1a: Arceus|tox\n|\n|-damage|p1a: Arceus|94\/100 tox|[from] psn\n|-heal|p2a: Daddy|78\/100 tox|[from] ability: Poison Heal\n|upkeep\n|turn|7\n|inactive|Battle timer is ON: inactive players will automatically lose when time's up. (requested by Rubyboi711)\n|\n|t:|1700415256\n|move|p2a: Daddy|Protect|p2a: Daddy\n|-singleturn|p2a: Daddy|Protect\n|move|p1a: Arceus|Gunk Shot|p2a: Daddy\n|-activate|p2a: Daddy|move: Protect\n|\n|-damage|p1a: Arceus|82\/100 tox|[from] psn\n|-heal|p2a: Daddy|91\/100 tox|[from] ability: Poison Heal\n|upkeep\n|turn|8\n|\n|t:|1700415269\n|move|p1a: Arceus|Gunk Shot|p2a: Daddy\n|-damage|p2a: Daddy|31\/100 tox\n|move|p2a: Daddy|Earthquake|p1a: Arceus\n|-damage|p1a: Arceus|51\/100 tox\n|\n|-damage|p1a: Arceus|33\/100 tox|[from] psn\n|-heal|p2a: Daddy|43\/100 tox|[from] ability: Poison Heal\n|upkeep\n|turn|9\n|\n|t:|1700415278\n|move|p2a: Daddy|Protect|p2a: Daddy\n|-singleturn|p2a: Daddy|Protect\n|move|p1a: Arceus|Dragon Dance|p1a: Arceus\n|-boost|p1a: Arceus|atk|1\n|-boost|p1a: Arceus|spe|1\n|\n|-damage|p1a: Arceus|9\/100 tox|[from] psn\n|-heal|p2a: Daddy|55\/100 tox|[from] ability: Poison Heal\n|upkeep\n|turn|10\n|\n|t:|1700415297\n|move|p2a: Daddy|Protect||[still]\n|-fail|p2a: Daddy\n|move|p1a: Arceus|Gunk Shot|p2a: Daddy|[miss]\n|-miss|p1a: Arceus|p2a: Daddy\n|\n|-damage|p1a: Arceus|0 fnt|[from] psn\n|faint|p1a: Arceus\n|-heal|p2a: Daddy|68\/100 tox|[from] ability: Poison Heal\n|upkeep\n|\n|t:|1700415303\n|switch|p1a: Gliscor|Gliscor, M|100\/100\n|turn|11\n|c|\u2606BlueFrog08|oml\n|\n|t:|1700415308\n|move|p1a: Gliscor|Swords Dance|p1a: Gliscor\n|-boost|p1a: Gliscor|atk|2\n|move|p2a: Daddy|Crabhammer|p1a: Gliscor\n|-supereffective|p1a: Gliscor\n|-damage|p1a: Gliscor|8\/100\n|\n|-heal|p2a: Daddy|80\/100 tox|[from] ability: Poison Heal\n|-status|p1a: Gliscor|tox|[from] item: Toxic Orb\n|upkeep\n|turn|12\n|\n|t:|1700415320\n|move|p1a: Gliscor|Earthquake|p2a: Daddy\n|-damage|p2a: Daddy|1\/100 tox\n|move|p2a: Daddy|Crabhammer|p1a: Gliscor\n|-supereffective|p1a: Gliscor\n|-damage|p1a: Gliscor|0 fnt\n|faint|p1a: Gliscor\n|\n|-heal|p2a: Daddy|13\/100 tox|[from] ability: Poison Heal\n|upkeep\n|\n|t:|1700415331\n|switch|p1a: Koraidon|Koraidon|100\/100\n|-status|p1a: Koraidon|tox\n|-damage|p1a: Koraidon|88\/100 tox|[from] Spikes\n|-weather|SunnyDay|[from] ability: Orichalcum Pulse|[of] p1a: Koraidon\n|-activate|p1a: Koraidon|Orichalcum Pulse|[source]\n|turn|13\n|\n|t:|1700415338\n|move|p2a: Daddy|Protect|p2a: Daddy\n|-singleturn|p2a: Daddy|Protect\n|move|p1a: Koraidon|Dragon Claw|p2a: Daddy\n|-activate|p2a: Daddy|move: Protect\n|\n|-weather|SunnyDay|[upkeep]\n|-damage|p1a: Koraidon|82\/100 tox|[from] psn\n|-heal|p2a: Daddy|25\/100 tox|[from] ability: Poison Heal\n|upkeep\n|turn|14\n|\n|t:|1700415353\n|switch|p2a: Cyclizar|Cyclizar, M|100\/100\n|move|p1a: Koraidon|Collision Course|p2a: Cyclizar\n|-supereffective|p2a: Cyclizar\n|-damage|p2a: Cyclizar|0 fnt\n|faint|p2a: Cyclizar\n|\n|-weather|SunnyDay|[upkeep]\n|-damage|p1a: Koraidon|70\/100 tox|[from] psn\n|upkeep\n|\n|t:|1700415370\n|switch|p2a: Klawf|Klawf, F, shiny|100\/100\n|turn|15\n|\n|t:|1700415373\n|move|p1a: Koraidon|Collision Course|p2a: Klawf\n|-supereffective|p2a: Klawf\n|-enditem|p2a: Klawf|Focus Sash\n|-damage|p2a: Klawf|1\/100\n|-ability|p2a: Klawf|Anger Shell|boost\n|-boost|p2a: Klawf|atk|1\n|-boost|p2a: Klawf|spa|1\n|-boost|p2a: Klawf|spe|1\n|-unboost|p2a: Klawf|def|1\n|-unboost|p2a: Klawf|spd|1\n|move|p2a: Klawf|Trailblaze|p1a: Koraidon\n|-resisted|p1a: Koraidon\n|-damage|p1a: Koraidon|60\/100 tox\n|-boost|p2a: Klawf|spe|1\n|\n|-weather|SunnyDay|[upkeep]\n|-damage|p1a: Koraidon|42\/100 tox|[from] psn\n|upkeep\n|turn|16\n|\n|t:|1700415391\n|move|p2a: Klawf|Rock Blast|p1a: Koraidon\n|-resisted|p1a: Koraidon\n|-crit|p1a: Koraidon\n|-damage|p1a: Koraidon|30\/100 tox\n|-resisted|p1a: Koraidon\n|-damage|p1a: Koraidon|23\/100 tox\n|-hitcount|p1a: Koraidon|2\n|move|p1a: Koraidon|Flame Charge|p2a: Klawf\n|-resisted|p2a: Klawf\n|-damage|p2a: Klawf|0 fnt\n|-boost|p1a: Koraidon|spe|1\n|faint|p2a: Klawf\n|\n|-weather|SunnyDay|[upkeep]\n|-damage|p1a: Koraidon|0 fnt|[from] psn\n|faint|p1a: Koraidon\n|upkeep\n|\n|t:|1700415406\n|switch|p1a: Mewtwo|Mewtwo|100\/100\n|switch|p2a: Chi-Yu|Chi-Yu|100\/100\n|-status|p1a: Mewtwo|tox\n|-damage|p1a: Mewtwo|88\/100 tox|[from] Spikes\n|-ability|p1a: Mewtwo|Pressure\n|-ability|p2a: Chi-Yu|Beads of Ruin\n|turn|17\n|\n|t:|1700415414\n|-terastallize|p1a: Mewtwo|Fire\n|move|p1a: Mewtwo|Fire Blast|p2a: Chi-Yu\n|-resisted|p2a: Chi-Yu\n|-damage|p2a: Chi-Yu|45\/100\n|move|p2a: Chi-Yu|Hex|p1a: Mewtwo\n|-damage|p1a: Mewtwo|20\/100 tox\n|\n|-weather|none\n|-damage|p1a: Mewtwo|14\/100 tox|[from] psn\n|upkeep\n|turn|18\n|\n|t:|1700415427\n|move|p1a: Mewtwo|Fire Blast|p2a: Chi-Yu\n|-resisted|p2a: Chi-Yu\n|-damage|p2a: Chi-Yu|5\/100\n|move|p2a: Chi-Yu|Hex|p1a: Mewtwo\n|-damage|p1a: Mewtwo|0 fnt\n|faint|p1a: Mewtwo\n|\n|upkeep\n|\n|t:|1700415431\n|switch|p1a: Miraidon|Miraidon|100\/100\n|-status|p1a: Miraidon|tox\n|-damage|p1a: Miraidon|88\/100 tox|[from] Spikes\n|-fieldstart|move: Electric Terrain|[from] ability: Hadron Engine|[of] p1a: Miraidon\n|turn|19\n|\n|t:|1700415439\n|move|p1a: Miraidon|Electro Drift|p2a: Chi-Yu\n|-damage|p2a: Chi-Yu|0 fnt\n|faint|p2a: Chi-Yu\n|\n|-damage|p1a: Miraidon|82\/100 tox|[from] psn\n|upkeep\n|\n|t:|1700415446\n|switch|p2a: Daddy|Gliscor, F, shiny, tera:Water|25\/100 tox\n|turn|20\n|\n|t:|1700415451\n|move|p2a: Daddy|Protect|p2a: Daddy\n|-singleturn|p2a: Daddy|Protect\n|move|p1a: Miraidon|Electro Drift|p2a: Daddy\n|-activate|p2a: Daddy|move: Protect\n|\n|-damage|p1a: Miraidon|70\/100 tox|[from] psn\n|-heal|p2a: Daddy|38\/100 tox|[from] ability: Poison Heal\n|upkeep\n|turn|21\n|\n|t:|1700415460\n|switch|p2a: Baxcalibur|Baxcalibur, M|100\/100\n|move|p1a: Miraidon|Electro Drift|p2a: Baxcalibur\n|-resisted|p2a: Baxcalibur\n|-damage|p2a: Baxcalibur|44\/100\n|\n|-damage|p1a: Miraidon|51\/100 tox|[from] psn\n|upkeep\n|turn|22\n|\n|t:|1700415470\n|move|p1a: Miraidon|Electro Drift|p2a: Baxcalibur\n|-resisted|p2a: Baxcalibur\n|-damage|p2a: Baxcalibur|0 fnt\n|faint|p2a: Baxcalibur\n|\n|-damage|p1a: Miraidon|27\/100 tox|[from] psn\n|upkeep\n|\n|t:|1700415477\n|switch|p2a: Daddy|Gliscor, F, shiny, tera:Water|38\/100 tox\n|turn|23\n|\n|t:|1700415480\n|switch|p1a: Avalugg|Avalugg-Hisui, M|100\/100\n|-status|p1a: Avalugg|tox\n|-damage|p1a: Avalugg|88\/100 tox|[from] Spikes\n|move|p2a: Daddy|Protect||[still]\n|-fail|p2a: Daddy\n|\n|-heal|p2a: Daddy|50\/100 tox|[from] ability: Poison Heal\n|-damage|p1a: Avalugg|82\/100 tox|[from] psn\n|-fieldend|move: Electric Terrain\n|upkeep\n|turn|24\n|\n|t:|1700415491\n|move|p2a: Daddy|Protect|p2a: Daddy\n|-singleturn|p2a: Daddy|Protect\n|move|p1a: Avalugg|Stone Edge|p2a: Daddy\n|-activate|p2a: Daddy|move: Protect\n|\n|-heal|p2a: Daddy|63\/100 tox|[from] ability: Poison Heal\n|-damage|p1a: Avalugg|70\/100 tox|[from] psn\n|upkeep\n|turn|25\n|\n|t:|1700415501\n|move|p2a: Daddy|Crabhammer|p1a: Avalugg\n|-supereffective|p1a: Avalugg\n|-damage|p1a: Avalugg|24\/100 tox\n|move|p1a: Avalugg|Stone Edge|p2a: Daddy\n|-damage|p2a: Daddy|13\/100 tox\n|\n|-heal|p2a: Daddy|26\/100 tox|[from] ability: Poison Heal\n|-damage|p1a: Avalugg|6\/100 tox|[from] psn\n|upkeep\n|turn|26\n|-enditem|p1a: Avalugg|Custap Berry|[eat]\n|-activate|p1a: Avalugg|item: Custap Berry|[consumed]\n|\n|t:|1700415511\n|move|p2a: Daddy|Protect|p2a: Daddy\n|-singleturn|p2a: Daddy|Protect\n|move|p1a: Avalugg|Stone Edge|p2a: Daddy\n|-activate|p2a: Daddy|move: Protect\n|\n|-heal|p2a: Daddy|38\/100 tox|[from] ability: Poison Heal\n|-damage|p1a: Avalugg|0 fnt|[from] psn\n|faint|p1a: Avalugg\n|upkeep\n|\n|t:|1700415514\n|switch|p1a: Miraidon|Miraidon|27\/100 tox\n|-damage|p1a: Miraidon|14\/100 tox|[from] Spikes\n|-fieldstart|move: Electric Terrain|[from] ability: Hadron Engine|[of] p1a: Miraidon\n|turn|27\n|c|\u2606Rubyboi711|Gg\n|c|\u2606BlueFrog08|gg\n|\n|t:|1700415530\n|move|p2a: Daddy|Protect||[still]\n|-fail|p2a: Daddy\n|move|p1a: Miraidon|Electro Drift|p2a: Daddy\n|-supereffective|p2a: Daddy\n|-damage|p2a: Daddy|0 fnt\n|faint|p2a: Daddy\n|\n|win|Rubyboi711\n|raw|Rubyboi711's rating: 1134 &rarr; <strong>1160<\/strong><br \/>(+26 for winning)\n|raw|BlueFrog08's rating: 1150 &rarr; <strong>1124<\/strong><br \/>(-26 for losing)\n|l|\u2606BlueFrog08\n","uploadtime":1700415540,"views":4,"p1id":"rubyboi711","p2id":"bluefrog08","formatid":"gen9ubers","rating":1124,"private":0,"password":""}