{"id":"gen9ubers-1992968164","p1":"Chakumbello","p2":"Draking 3","format":"[Gen 9] Ubers","log":"|j|\u2606Chakumbello\n|j|\u2606Draking 3\n|t:|1700251200\n|gametype|singles\n|player|p1|Chakumbello|101|1109\n|player|p2|Draking 3|juan|1155\n|teamsize|p1|6\n|teamsize|p2|6\n|gen|9\n|tier|[Gen 9] Ubers\n|rated|\n|rule|Sleep Clause Mod: Limit one foe put to sleep\n|rule|Species Clause: Limit one of each Pok\u00e9mon\n|rule|OHKO Clause: OHKO moves are banned\n|rule|Evasion Items Clause: Evasion items are banned\n|rule|Evasion Moves Clause: Evasion moves are banned\n|rule|Endless Battle Clause: Forcing endless battles is banned\n|rule|HP Percentage Mod: HP is shown in percentages\n|clearpoke\n|poke|p1|Groudon|\n|poke|p1|Darkrai|\n|poke|p1|Espathra, M|\n|poke|p1|Flutter Mane|\n|poke|p1|Kyogre|\n|poke|p1|Volcarona, M|\n|poke|p2|Salamence, M|\n|poke|p2|Miraidon|\n|poke|p2|Gyarados, F|\n|poke|p2|Skeledirge, M|\n|poke|p2|Zacian-*|\n|poke|p2|Haxorus, F|\n|teampreview\n|\n|t:|1700251204\n|start\n|switch|p1a: Groudon|Groudon|100\/100\n|switch|p2a: Haxorus|Haxorus, F|100\/100\n|-ability|p2a: Haxorus|Mold Breaker\n|-weather|SunnyDay|[from] ability: Drought|[of] p1a: Groudon\n|turn|1\n|\n|t:|1700251214\n|move|p2a: Haxorus|Dragon Dance|p2a: Haxorus\n|-boost|p2a: Haxorus|atk|1\n|-boost|p2a: Haxorus|spe|1\n|move|p1a: Groudon|Stealth Rock|p2a: Haxorus\n|-sidestart|p2: Draking 3|move: Stealth Rock\n|\n|-weather|SunnyDay|[upkeep]\n|upkeep\n|turn|2\n|\n|t:|1700251223\n|move|p2a: Haxorus|Dragon Dance|p2a: Haxorus\n|-boost|p2a: Haxorus|atk|1\n|-boost|p2a: Haxorus|spe|1\n|move|p1a: Groudon|Substitute|p1a: Groudon\n|-start|p1a: Groudon|Substitute\n|-damage|p1a: Groudon|76\/100\n|\n|-weather|SunnyDay|[upkeep]\n|upkeep\n|turn|3\n|\n|t:|1700251232\n|move|p2a: Haxorus|Earthquake|p1a: Groudon\n|-end|p1a: Groudon|Substitute\n|move|p1a: Groudon|Ancient Power|p2a: Haxorus\n|-damage|p2a: Haxorus|79\/100\n|\n|-weather|SunnyDay|[upkeep]\n|upkeep\n|turn|4\n|\n|t:|1700251246\n|move|p2a: Haxorus|Outrage|p1a: Groudon\n|-damage|p1a: Groudon|15\/100\n|move|p1a: Groudon|Ancient Power|p2a: Haxorus\n|-damage|p2a: Haxorus|58\/100\n|\n|-weather|SunnyDay|[upkeep]\n|upkeep\n|turn|5\n|\n|t:|1700251254\n|switch|p1a: Flutter Mane|Flutter Mane|100\/100\n|-activate|p1a: Flutter Mane|ability: Protosynthesis\n|-start|p1a: Flutter Mane|protosynthesisspe\n|move|p2a: Haxorus|Outrage|p1a: Flutter Mane|[from]lockedmove\n|-immune|p1a: Flutter Mane\n|-start|p2a: Haxorus|confusion|[fatigue]\n|\n|-weather|SunnyDay|[upkeep]\n|upkeep\n|turn|6\n|\n|t:|1700251269\n|switch|p2a: Skeledirge|Skeledirge, M|100\/100\n|-damage|p2a: Skeledirge|76\/100|[from] Stealth Rock\n|move|p1a: Flutter Mane|Draining Kiss|p2a: Skeledirge\n|-resisted|p2a: Skeledirge\n|-damage|p2a: Skeledirge|61\/100\n|\n|-weather|SunnyDay|[upkeep]\n|-heal|p2a: Skeledirge|67\/100|[from] item: Leftovers\n|upkeep\n|turn|7\n|\n|t:|1700251280\n|move|p1a: Flutter Mane|Poltergeist|p2a: Skeledirge\n|-activate|p2a: Skeledirge|move: Poltergeist|Leftovers\n|-supereffective|p2a: Skeledirge\n|-damage|p2a: Skeledirge|13\/100\n|move|p2a: Skeledirge|Slack Off|p2a: Skeledirge\n|-heal|p2a: Skeledirge|63\/100\n|\n|-weather|SunnyDay|[upkeep]\n|-heal|p2a: Skeledirge|69\/100|[from] item: Leftovers\n|upkeep\n|turn|8\n|\n|t:|1700251291\n|move|p1a: Flutter Mane|Poltergeist|p2a: Skeledirge\n|-activate|p2a: Skeledirge|move: Poltergeist|Leftovers\n|-supereffective|p2a: Skeledirge\n|-damage|p2a: Skeledirge|15\/100\n|move|p2a: Skeledirge|Slack Off|p2a: Skeledirge\n|-heal|p2a: Skeledirge|65\/100\n|\n|-weather|none\n|-end|p1a: Flutter Mane|Protosynthesis\n|-heal|p2a: Skeledirge|71\/100|[from] item: Leftovers\n|upkeep\n|turn|9\n|\n|t:|1700251301\n|move|p1a: Flutter Mane|Poltergeist|p2a: Skeledirge\n|-activate|p2a: Skeledirge|move: Poltergeist|Leftovers\n|-supereffective|p2a: Skeledirge\n|-damage|p2a: Skeledirge|18\/100\n|move|p2a: Skeledirge|Slack Off|p2a: Skeledirge\n|-heal|p2a: Skeledirge|68\/100\n|\n|-heal|p2a: Skeledirge|74\/100|[from] item: Leftovers\n|upkeep\n|turn|10\n|\n|t:|1700251311\n|move|p1a: Flutter Mane|Thunder Wave|p2a: Skeledirge|[miss]\n|-miss|p1a: Flutter Mane|p2a: Skeledirge\n|move|p2a: Skeledirge|Slack Off|p2a: Skeledirge\n|-heal|p2a: Skeledirge|100\/100\n|\n|upkeep\n|turn|11\n|\n|t:|1700251318\n|move|p1a: Flutter Mane|Thunder Wave|p2a: Skeledirge\n|-status|p2a: Skeledirge|par\n|move|p2a: Skeledirge|Hex|p1a: Flutter Mane\n|-supereffective|p1a: Flutter Mane\n|-damage|p1a: Flutter Mane|28\/100\n|\n|upkeep\n|turn|12\n|\n|t:|1700251344\n|move|p1a: Flutter Mane|Poltergeist|p2a: Skeledirge\n|-activate|p2a: Skeledirge|move: Poltergeist|Leftovers\n|-supereffective|p2a: Skeledirge\n|-damage|p2a: Skeledirge|47\/100 par\n|move|p2a: Skeledirge|Torch Song|p1a: Flutter Mane\n|-damage|p1a: Flutter Mane|0 fnt\n|-boost|p2a: Skeledirge|spa|1\n|faint|p1a: Flutter Mane\n|-end|p1a: Flutter Mane|Protosynthesis|[silent]\n|\n|-heal|p2a: Skeledirge|53\/100 par|[from] item: Leftovers\n|upkeep\n|\n|t:|1700251358\n|switch|p1a: Kyogre|Kyogre|100\/100\n|-weather|RainDance|[from] ability: Drizzle|[of] p1a: Kyogre\n|turn|13\n|\n|t:|1700251372\n|switch|p2a: Miraidon|Miraidon|100\/100\n|-damage|p2a: Miraidon|88\/100|[from] Stealth Rock\n|-fieldstart|move: Electric Terrain|[from] ability: Hadron Engine|[of] p2a: Miraidon\n|move|p1a: Kyogre|Water Spout|p2a: Miraidon\n|-resisted|p2a: Miraidon\n|-damage|p2a: Miraidon|23\/100\n|\n|-weather|RainDance|[upkeep]\n|upkeep\n|turn|14\n|\n|t:|1700251383\n|switch|p1a: Groudon|Groudon|15\/100\n|-weather|SunnyDay|[from] ability: Drought|[of] p1a: Groudon\n|move|p2a: Miraidon|Electro Drift|p1a: Groudon\n|-immune|p1a: Groudon\n|\n|-weather|SunnyDay|[upkeep]\n|upkeep\n|turn|15\n|\n|t:|1700251393\n|switch|p2a: Gyarados|Gyarados, F|100\/100\n|-damage|p2a: Gyarados|76\/100|[from] Stealth Rock\n|-ability|p2a: Gyarados|Intimidate|boost\n|-unboost|p1a: Groudon|atk|1\n|move|p1a: Groudon|Ancient Power|p2a: Gyarados\n|-supereffective|p2a: Gyarados\n|-crit|p2a: Gyarados\n|-damage|p2a: Gyarados|41\/100\n|\n|-weather|SunnyDay|[upkeep]\n|upkeep\n|turn|16\n|\n|t:|1700251404\n|move|p1a: Groudon|Ancient Power|p2a: Gyarados\n|-supereffective|p2a: Gyarados\n|-damage|p2a: Gyarados|17\/100\n|move|p2a: Gyarados|Waterfall|p1a: Groudon\n|-supereffective|p1a: Groudon\n|-damage|p1a: Groudon|0 fnt\n|faint|p1a: Groudon\n|\n|-weather|SunnyDay|[upkeep]\n|upkeep\n|\n|t:|1700251416\n|switch|p1a: Kyogre|Kyogre|100\/100\n|-weather|RainDance|[from] ability: Drizzle|[of] p1a: Kyogre\n|turn|17\n|\n|t:|1700251421\n|move|p1a: Kyogre|Thunder|p2a: Gyarados\n|-supereffective|p2a: Gyarados\n|-damage|p2a: Gyarados|0 fnt\n|faint|p2a: Gyarados\n|\n|-weather|RainDance|[upkeep]\n|-fieldend|move: Electric Terrain\n|upkeep\n|\n|t:|1700251428\n|switch|p2a: Miraidon|Miraidon|23\/100\n|-damage|p2a: Miraidon|11\/100|[from] Stealth Rock\n|-fieldstart|move: Electric Terrain|[from] ability: Hadron Engine|[of] p2a: Miraidon\n|turn|18\n|\n|t:|1700251434\n|move|p2a: Miraidon|Electro Drift|p1a: Kyogre\n|-supereffective|p1a: Kyogre\n|-damage|p1a: Kyogre|0 fnt\n|faint|p1a: Kyogre\n|\n|-weather|RainDance|[upkeep]\n|upkeep\n|\n|t:|1700251444\n|switch|p1a: Volcarona|Volcarona, M|100\/100\n|turn|19\n|\n|t:|1700251447\n|move|p2a: Miraidon|Electro Drift|p1a: Volcarona\n|-enditem|p1a: Volcarona|Focus Sash\n|-damage|p1a: Volcarona|1\/100\n|move|p1a: Volcarona|Quiver Dance|p1a: Volcarona\n|-boost|p1a: Volcarona|spa|1\n|-boost|p1a: Volcarona|spd|1\n|-boost|p1a: Volcarona|spe|1\n|\n|-weather|RainDance|[upkeep]\n|upkeep\n|turn|20\n|\n|t:|1700251460\n|move|p2a: Miraidon|Electro Drift|p1a: Volcarona\n|-damage|p1a: Volcarona|0 fnt\n|-status|p2a: Miraidon|brn|[from] ability: Flame Body|[of] p1a: Volcarona\n|faint|p1a: Volcarona\n|\n|-weather|RainDance|[upkeep]\n|-damage|p2a: Miraidon|5\/100 brn|[from] brn\n|upkeep\n|\n|t:|1700251468\n|switch|p1a: Darkrai|Darkrai|100\/100\n|turn|21\n|\n|t:|1700251474\n|move|p2a: Miraidon|Electro Drift|p1a: Darkrai\n|-damage|p1a: Darkrai|0 fnt\n|faint|p1a: Darkrai\n|\n|-weather|none\n|-damage|p2a: Miraidon|0 fnt|[from] brn\n|faint|p2a: Miraidon\n|upkeep\n|\n|t:|1700251483\n|switch|p1a: Espathra|Espathra, M|100\/100\n|switch|p2a: Skeledirge|Skeledirge, M|53\/100 par\n|-damage|p2a: Skeledirge|28\/100 par|[from] Stealth Rock\n|turn|22\n|\n|t:|1700251490\n|move|p1a: Espathra|Substitute|p1a: Espathra\n|-start|p1a: Espathra|Substitute\n|-damage|p1a: Espathra|76\/100\n|move|p2a: Skeledirge|Slack Off|p2a: Skeledirge\n|-heal|p2a: Skeledirge|78\/100 par\n|\n|-heal|p1a: Espathra|82\/100|[from] item: Leftovers\n|-heal|p2a: Skeledirge|84\/100 par|[from] item: Leftovers\n|-fieldend|move: Electric Terrain\n|-ability|p1a: Espathra|Speed Boost|boost\n|-boost|p1a: Espathra|spe|1\n|upkeep\n|turn|23\n|\n|t:|1700251502\n|move|p1a: Espathra|Calm Mind|p1a: Espathra\n|-boost|p1a: Espathra|spa|1\n|-boost|p1a: Espathra|spd|1\n|cant|p2a: Skeledirge|par\n|\n|-heal|p1a: Espathra|88\/100|[from] item: Leftovers\n|-heal|p2a: Skeledirge|90\/100 par|[from] item: Leftovers\n|-ability|p1a: Espathra|Speed Boost|boost\n|-boost|p1a: Espathra|spe|1\n|upkeep\n|turn|24\n|\n|t:|1700251512\n|move|p1a: Espathra|Calm Mind|p1a: Espathra\n|-boost|p1a: Espathra|spa|1\n|-boost|p1a: Espathra|spd|1\n|move|p2a: Skeledirge|Hex|p1a: Espathra\n|-supereffective|p1a: Espathra\n|-end|p1a: Espathra|Substitute\n|\n|-heal|p1a: Espathra|94\/100|[from] item: Leftovers\n|-heal|p2a: Skeledirge|96\/100 par|[from] item: Leftovers\n|-ability|p1a: Espathra|Speed Boost|boost\n|-boost|p1a: Espathra|spe|1\n|upkeep\n|turn|25\n|\n|t:|1700251524\n|move|p1a: Espathra|Substitute|p1a: Espathra\n|-start|p1a: Espathra|Substitute\n|-damage|p1a: Espathra|69\/100\n|move|p2a: Skeledirge|Hex|p1a: Espathra\n|-supereffective|p1a: Espathra\n|-end|p1a: Espathra|Substitute\n|\n|-heal|p1a: Espathra|75\/100|[from] item: Leftovers\n|-heal|p2a: Skeledirge|100\/100 par|[from] item: Leftovers\n|-ability|p1a: Espathra|Speed Boost|boost\n|-boost|p1a: Espathra|spe|1\n|upkeep\n|turn|26\n|\n|t:|1700251535\n|move|p1a: Espathra|Substitute|p1a: Espathra\n|-start|p1a: Espathra|Substitute\n|-damage|p1a: Espathra|50\/100\n|cant|p2a: Skeledirge|par\n|\n|-heal|p1a: Espathra|56\/100|[from] item: Leftovers\n|-ability|p1a: Espathra|Speed Boost|boost\n|-boost|p1a: Espathra|spe|1\n|upkeep\n|turn|27\n|\n|t:|1700251544\n|switch|p2a: Zacian|Zacian-Crowned|100\/100\n|-damage|p2a: Zacian|94\/100|[from] Stealth Rock\n|-ability|p2a: Zacian|Intrepid Sword|boost\n|-boost|p2a: Zacian|atk|1\n|move|p1a: Espathra|Roost|p1a: Espathra\n|-heal|p1a: Espathra|100\/100\n|-singleturn|p1a: Espathra|move: Roost\n|\n|-ability|p1a: Espathra|Speed Boost|boost\n|-boost|p1a: Espathra|spe|1\n|upkeep\n|turn|28\n|\n|t:|1700251556\n|move|p1a: Espathra|Stored Power|p2a: Zacian\n|-resisted|p2a: Zacian\n|-damage|p2a: Zacian|28\/100\n|move|p2a: Zacian|Behemoth Blade|p1a: Espathra\n|-end|p1a: Espathra|Substitute\n|\n|upkeep\n|turn|29\n|\n|t:|1700251564\n|move|p1a: Espathra|Stored Power|p2a: Zacian\n|-resisted|p2a: Zacian\n|-damage|p2a: Zacian|0 fnt\n|faint|p2a: Zacian\n|\n|upkeep\n|\n|t:|1700251571\n|switch|p2a: Haxorus|Haxorus, F|58\/100\n|-damage|p2a: Haxorus|46\/100|[from] Stealth Rock\n|-ability|p2a: Haxorus|Mold Breaker\n|turn|30\n|\n|t:|1700251578\n|move|p1a: Espathra|Stored Power|p2a: Haxorus\n|-damage|p2a: Haxorus|0 fnt\n|faint|p2a: Haxorus\n|\n|upkeep\n|\n|t:|1700251583\n|switch|p2a: Skeledirge|Skeledirge, M|100\/100 par\n|-damage|p2a: Skeledirge|76\/100 par|[from] Stealth Rock\n|turn|31\n|\n|t:|1700251588\n|move|p1a: Espathra|Stored Power|p2a: Skeledirge\n|-damage|p2a: Skeledirge|0 fnt\n|faint|p2a: Skeledirge\n|\n|upkeep\n|\n|t:|1700251593\n|switch|p2a: Salamence|Salamence, M|100\/100\n|-damage|p2a: Salamence|76\/100|[from] Stealth Rock\n|turn|32\n|\n|t:|1700251705\n|-terastallize|p2a: Salamence|Steel\n|move|p1a: Espathra|Stored Power|p2a: Salamence\n|-resisted|p2a: Salamence\n|-damage|p2a: Salamence|0 fnt\n|faint|p2a: Salamence\n|\n|win|Chakumbello\n|raw|Chakumbello's rating: 1109 &rarr; <strong>1137<\/strong><br \/>(+28 for winning)\n|raw|Draking 3's rating: 1155 &rarr; <strong>1127<\/strong><br \/>(-28 for losing)\n|l|\u2606Draking 3\n","uploadtime":1700251740,"views":5,"p1id":"chakumbello","p2id":"draking3","formatid":"gen9ubers","rating":1127,"private":0,"password":""}