{"id":"gen9ubers-1968284476","p1":"UUbers account","p2":"PTKmoekyuun","format":"[Gen 9] Ubers","log":"|j|\u2606UUbers account\n|j|\u2606PTKmoekyuun\n|t:|1697402284\n|gametype|singles\n|player|p1|UUbers account|shadowtriad|\n|player|p2|PTKmoekyuun|1|\n|teamsize|p1|6\n|teamsize|p2|6\n|gen|9\n|tier|[Gen 9] Ubers\n|rule|Sleep Clause Mod: Limit one foe put to sleep\n|rule|Species Clause: Limit one of each Pok\u00e9mon\n|rule|OHKO Clause: OHKO moves are banned\n|rule|Evasion Items Clause: Evasion items are banned\n|rule|Evasion Moves Clause: Evasion moves are banned\n|rule|Endless Battle Clause: Forcing endless battles is banned\n|rule|HP Percentage Mod: HP is shown in percentages\n|clearpoke\n|poke|p1|Basculegion-F, F|\n|poke|p1|Arceus-Dark|\n|poke|p1|Magearna|\n|poke|p1|Hatterene, F|\n|poke|p1|Chi-Yu|\n|poke|p1|Giratina|\n|poke|p2|Darkrai|\n|poke|p2|Empoleon, M|\n|poke|p2|Dugtrio, M|\n|poke|p2|Sylveon, F|\n|poke|p2|Quagsire, F|\n|poke|p2|Conkeldurr, M|\n|teampreview\n|c|\u2606UUbers account|glhf\n|inactive|Battle timer is ON: inactive players will automatically lose when time's up. (requested by UUbers account)\n|\n|t:|1697402327\n|start\n|switch|p1a: Magearna|Magearna|100\/100\n|switch|p2a: Darkrai|Darkrai|100\/100\n|turn|1\n|\n|t:|1697402336\n|switch|p2a: Empoleon|Empoleon, M|100\/100\n|move|p1a: Magearna|Thunder Wave|p2a: Empoleon\n|-status|p2a: Empoleon|par\n|\n|upkeep\n|turn|2\n|\n|t:|1697402348\n|move|p1a: Magearna|Spikes|p2a: Empoleon\n|-sidestart|p2: PTKmoekyuun|Spikes\n|cant|p2a: Empoleon|par\n|\n|upkeep\n|turn|3\n|\n|t:|1697402353\n|move|p1a: Magearna|Spikes|p2a: Empoleon\n|-sidestart|p2: PTKmoekyuun|Spikes\n|move|p2a: Empoleon|Flip Turn|p1a: Magearna\n|-damage|p1a: Magearna|90\/100\n|\n|t:|1697402354\n|switch|p2a: Dugtrio|Dugtrio, M|100\/100|[from] Flip Turn\n|-damage|p2a: Dugtrio|84\/100|[from] Spikes\n|\n|-heal|p1a: Magearna|96\/100|[from] item: Leftovers\n|upkeep\n|turn|4\n|\n|t:|1697402363\n|move|p2a: Dugtrio|Earthquake|p1a: Magearna\n|-supereffective|p1a: Magearna\n|-damage|p1a: Magearna|11\/100\n|move|p1a: Magearna|Fleur Cannon|p2a: Dugtrio\n|-damage|p2a: Dugtrio|0 fnt\n|-unboost|p1a: Magearna|spa|2\n|faint|p2a: Dugtrio\n|-ability|p1a: Magearna|Soul-Heart|boost\n|-boost|p1a: Magearna|spa|1\n|\n|-heal|p1a: Magearna|18\/100|[from] item: Leftovers\n|upkeep\n|\n|t:|1697402383\n|switch|p2a: Conkeldurr|Conkeldurr, M|100\/100\n|-damage|p2a: Conkeldurr|84\/100|[from] Spikes\n|turn|5\n|\n|t:|1697402389\n|move|p2a: Conkeldurr|Close Combat|p1a: Magearna\n|-damage|p1a: Magearna|0 fnt\n|-unboost|p2a: Conkeldurr|def|1\n|-unboost|p2a: Conkeldurr|spd|1\n|faint|p1a: Magearna\n|\n|-status|p2a: Conkeldurr|brn|[from] item: Flame Orb\n|upkeep\n|inactive|UUbers account has 270 seconds left.\n|\n|t:|1697402421\n|switch|p1a: Chi-Yu|Chi-Yu|100\/100\n|-ability|p1a: Chi-Yu|Beads of Ruin\n|turn|6\n|\n|t:|1697402430\n|-terastallize|p1a: Chi-Yu|Fire\n|move|p2a: Conkeldurr|Mach Punch|p1a: Chi-Yu\n|-damage|p1a: Chi-Yu|44\/100\n|move|p1a: Chi-Yu|Flamethrower|p2a: Conkeldurr\n|-damage|p2a: Conkeldurr|0 fnt\n|faint|p2a: Conkeldurr\n|\n|upkeep\n|\n|t:|1697402438\n|switch|p2a: Quagsire|Quagsire, F|100\/100\n|-damage|p2a: Quagsire|84\/100|[from] Spikes\n|turn|7\n|\n|t:|1697402450\n|switch|p1a: Arceus|Arceus-Dark|100\/100\n|move|p2a: Quagsire|Surf|p1a: Arceus\n|-damage|p1a: Arceus|88\/100\n|\n|-heal|p2a: Quagsire|90\/100|[from] item: Leftovers\n|upkeep\n|turn|8\n|\n|t:|1697402467\n|move|p1a: Arceus|Taunt|p2a: Quagsire\n|-start|p2a: Quagsire|move: Taunt\n|cant|p2a: Quagsire|move: Taunt|Toxic Spikes\n|\n|-heal|p2a: Quagsire|96\/100|[from] item: Leftovers\n|upkeep\n|turn|9\n|\n|t:|1697402472\n|switch|p2a: Sylveon|Sylveon, F|100\/100\n|-damage|p2a: Sylveon|84\/100|[from] Spikes\n|move|p1a: Arceus|Calm Mind|p1a: Arceus\n|-boost|p1a: Arceus|spa|1\n|-boost|p1a: Arceus|spd|1\n|\n|upkeep\n|turn|10\n|\n|t:|1697402481\n|-terastallize|p2a: Sylveon|Fairy\n|move|p1a: Arceus|Taunt|p2a: Sylveon\n|-start|p2a: Sylveon|move: Taunt\n|move|p2a: Sylveon|Hyper Voice|p1a: Arceus\n|-supereffective|p1a: Arceus\n|-damage|p1a: Arceus|0 fnt\n|faint|p1a: Arceus\n|\n|upkeep\n|\n|t:|1697402511\n|switch|p1a: Chi-Yu|Chi-Yu, tera:Fire|44\/100\n|-ability|p1a: Chi-Yu|Beads of Ruin\n|turn|11\n|\n|t:|1697402526\n|switch|p2a: Quagsire|Quagsire, F|96\/100\n|-damage|p2a: Quagsire|80\/100|[from] Spikes\n|move|p1a: Chi-Yu|Overheat|p2a: Quagsire\n|-resisted|p2a: Quagsire\n|-damage|p2a: Quagsire|0 fnt\n|-unboost|p1a: Chi-Yu|spa|2\n|faint|p2a: Quagsire\n|\n|upkeep\n|\n|t:|1697402532\n|switch|p2a: Darkrai|Darkrai|100\/100\n|-damage|p2a: Darkrai|84\/100|[from] Spikes\n|turn|12\n|\n|t:|1697402541\n|move|p1a: Chi-Yu|Overheat|p2a: Darkrai\n|-damage|p2a: Darkrai|0 fnt\n|-unboost|p1a: Chi-Yu|spa|2\n|faint|p2a: Darkrai\n|\n|upkeep\n|c|\u2606PTKmoekyuun|gg\n|-message|PTKmoekyuun forfeited.\n|\n|win|UUbers account\n|c|\u2606UUbers account|gg\n","uploadtime":1697402571,"views":24,"p1id":"uubersaccount","p2id":"ptkmoekyuun","formatid":"gen9ubers","rating":0,"private":0,"password":""}