{"id":"gen9ubers-1968829274","p1":"FennuFinik","p2":"1vanparchief","format":"[Gen 9] Ubers","log":"|j|\u2606FennuFinik\n|j|\u26061vanparchief\n|t:|1697468262\n|gametype|singles\n|player|p1|FennuFinik|ingo|\n|player|p2|1vanparchief|richboy|\n|teamsize|p1|6\n|teamsize|p2|6\n|gen|9\n|tier|[Gen 9] Ubers\n|rule|Sleep Clause Mod: Limit one foe put to sleep\n|rule|Species Clause: Limit one of each Pok\u00e9mon\n|rule|OHKO Clause: OHKO moves are banned\n|rule|Evasion Items Clause: Evasion items are banned\n|rule|Evasion Moves Clause: Evasion moves are banned\n|rule|Endless Battle Clause: Forcing endless battles is banned\n|rule|HP Percentage Mod: HP is shown in percentages\n|clearpoke\n|poke|p1|Chandelure, M|\n|poke|p1|Zoroark-Hisui, M|\n|poke|p1|Samurott-Hisui, M|\n|poke|p1|Goodra-Hisui, M|\n|poke|p1|Garchomp, M|\n|poke|p1|Ogerpon, F|\n|poke|p2|Iron Valiant|\n|poke|p2|Munkidori, M|\n|poke|p2|Meowscarada, F|\n|poke|p2|Heatran, M|\n|poke|p2|Ursaluna-Bloodmoon, M|\n|poke|p2|Houndstone, M|\n|teampreview\n|\n|t:|1697468284\n|start\n|switch|p1a: Ogerpon|Ogerpon, F|100\/100\n|switch|p2a: Meowscarada|Meowscarada, F|100\/100\n|turn|1\n|\n|t:|1697468308\n|move|p2a: Meowscarada|Acrobatics|p1a: Ogerpon\n|-start|p2a: Meowscarada|typechange|Flying|[from] ability: Protean\n|-supereffective|p1a: Ogerpon\n|-damage|p1a: Ogerpon|40\/100\n|move|p1a: Ogerpon|Brick Break|p2a: Meowscarada\n|-resisted|p2a: Meowscarada\n|-damage|p2a: Meowscarada|81\/100\n|\n|upkeep\n|turn|2\n|\n|t:|1697468339\n|switch|p1a: Goodra|Goodra-Hisui, M|100\/100\n|move|p2a: Meowscarada|Acrobatics|p1a: Goodra\n|-resisted|p1a: Goodra\n|-damage|p1a: Goodra|89\/100\n|\n|upkeep\n|turn|3\n|\n|t:|1697468368\n|switch|p2a: Houndstone|Houndstone, M|100\/100\n|move|p1a: Goodra|Dragon Pulse|p2a: Houndstone\n|-crit|p2a: Houndstone\n|-damage|p2a: Houndstone|42\/100\n|\n|upkeep\n|turn|4\n|\n|t:|1697468376\n|move|p2a: Houndstone|Trick|p1a: Goodra\n|-activate|p2a: Houndstone|move: Trick|[of] p1a: Goodra\n|-item|p1a: Goodra|Choice Band|[from] move: Trick\n|-item|p2a: Houndstone|Assault Vest|[from] move: Trick\n|move|p1a: Goodra|Dragon Pulse|p2a: Houndstone\n|-damage|p2a: Houndstone|17\/100\n|\n|upkeep\n|turn|5\n|\n|t:|1697468383\n|move|p2a: Houndstone|Body Press|p1a: Goodra\n|-supereffective|p1a: Goodra\n|-damage|p1a: Goodra|53\/100\n|move|p1a: Goodra|Dragon Pulse|p2a: Houndstone\n|-damage|p2a: Houndstone|0 fnt\n|faint|p2a: Houndstone\n|\n|upkeep\n|\n|t:|1697468392\n|switch|p2a: Iron Valiant|Iron Valiant|100\/100\n|-enditem|p2a: Iron Valiant|Booster Energy\n|-activate|p2a: Iron Valiant|ability: Quark Drive|[fromitem]\n|-start|p2a: Iron Valiant|quarkdrivespe\n|turn|6\n|\n|t:|1697468414\n|switch|p1a: Goodra|Goodra-Hisui, M|100\/100\n|move|p2a: Iron Valiant|Moonblast|p1a: Goodra\n|-damage|p1a: Goodra|4\/100\n|replace|p1a: Zoroark|Zoroark-Hisui, M\n|-end|p1a: Zoroark|Illusion\n|\n|upkeep\n|turn|7\n|\n|t:|1697468424\n|move|p2a: Iron Valiant|Moonblast|p1a: Zoroark\n|-damage|p1a: Zoroark|0 fnt\n|faint|p1a: Zoroark\n|\n|upkeep\n|\n|t:|1697468430\n|switch|p1a: Garchomp|Garchomp, M|100\/100\n|turn|8\n|\n|t:|1697468435\n|-terastallize|p1a: Garchomp|Poison\n|move|p2a: Iron Valiant|Moonblast|p1a: Garchomp\n|-resisted|p1a: Garchomp\n|-damage|p1a: Garchomp|77\/100\n|move|p1a: Garchomp|Poison Jab|p2a: Iron Valiant\n|-supereffective|p2a: Iron Valiant\n|-damage|p2a: Iron Valiant|0 fnt\n|faint|p2a: Iron Valiant\n|-end|p2a: Iron Valiant|Quark Drive|[silent]\n|\n|upkeep\n|\n|t:|1697468446\n|switch|p2a: Heatran|Heatran, M|100\/100\n|turn|9\n|\n|t:|1697468472\n|switch|p1a: Ogerpon|Ogerpon, F|40\/100\n|move|p2a: Heatran|Earth Power|p1a: Ogerpon\n|-resisted|p1a: Ogerpon\n|-damage|p1a: Ogerpon|23\/100\n|\n|upkeep\n|turn|10\n|\n|t:|1697468481\n|switch|p2a: Meowscarada|Meowscarada, F|81\/100\n|move|p1a: Ogerpon|Stomping Tantrum|p2a: Meowscarada\n|-resisted|p2a: Meowscarada\n|-damage|p2a: Meowscarada|60\/100\n|\n|upkeep\n|turn|11\n|\n|t:|1697468489\n|move|p2a: Meowscarada|Knock Off|p1a: Ogerpon\n|-start|p2a: Meowscarada|typechange|Dark|[from] ability: Protean\n|-damage|p1a: Ogerpon|0 fnt\n|-enditem|p1a: Ogerpon|Choice Scarf|[from] move: Knock Off|[of] p2a: Meowscarada\n|faint|p1a: Ogerpon\n|\n|upkeep\n|\n|t:|1697468519\n|switch|p1a: Goodra|Goodra-Hisui, M|53\/100\n|turn|12\n|\n|t:|1697468533\n|switch|p2a: Ursaluna|Ursaluna-Bloodmoon, M|100\/100\n|move|p1a: Goodra|Dragon Pulse|p2a: Ursaluna\n|-damage|p2a: Ursaluna|59\/100\n|\n|upkeep\n|turn|13\n|\n|t:|1697468539\n|move|p1a: Goodra|Dragon Pulse|p2a: Ursaluna\n|-damage|p2a: Ursaluna|17\/100\n|move|p2a: Ursaluna|Earth Power|p1a: Goodra\n|-supereffective|p1a: Goodra\n|-damage|p1a: Goodra|0 fnt\n|faint|p1a: Goodra\n|\n|upkeep\n|\n|t:|1697468548\n|switch|p1a: Samurott|Samurott-Hisui, M|100\/100\n|turn|14\n|\n|t:|1697468556\n|move|p1a: Samurott|Swords Dance|p1a: Samurott\n|-boost|p1a: Samurott|atk|2\n|move|p2a: Ursaluna|Earth Power|p1a: Samurott\n|-enditem|p1a: Samurott|Focus Sash\n|-damage|p1a: Samurott|1\/100\n|\n|upkeep\n|turn|15\n|\n|t:|1697468575\n|move|p1a: Samurott|Sacred Sword|p2a: Ursaluna\n|-supereffective|p2a: Ursaluna\n|-damage|p2a: Ursaluna|0 fnt\n|faint|p2a: Ursaluna\n|\n|upkeep\n|\n|t:|1697468586\n|switch|p2a: Meowscarada|Meowscarada, F|60\/100\n|turn|16\n|\n|t:|1697468599\n|move|p2a: Meowscarada|Knock Off|p1a: Samurott\n|-start|p2a: Meowscarada|typechange|Dark|[from] ability: Protean\n|-resisted|p1a: Samurott\n|-crit|p1a: Samurott\n|-damage|p1a: Samurott|0 fnt\n|faint|p1a: Samurott\n|\n|upkeep\n|\n|t:|1697468607\n|switch|p1a: Garchomp|Garchomp, M, tera:Poison|77\/100\n|turn|17\n|\n|t:|1697468627\n|move|p2a: Meowscarada|Knock Off|p1a: Garchomp\n|-damage|p1a: Garchomp|36\/100\n|-damage|p2a: Meowscarada|48\/100|[from] ability: Rough Skin|[of] p1a: Garchomp\n|-damage|p2a: Meowscarada|32\/100|[from] item: Rocky Helmet|[of] p1a: Garchomp\n|-enditem|p1a: Garchomp|Rocky Helmet|[from] move: Knock Off|[of] p2a: Meowscarada\n|move|p1a: Garchomp|Dragon Claw|p2a: Meowscarada\n|-damage|p2a: Meowscarada|0 fnt\n|faint|p2a: Meowscarada\n|\n|upkeep\n|\n|t:|1697468639\n|switch|p2a: Heatran|Heatran, M|100\/100\n|turn|18\n|\n|t:|1697468643\n|switch|p1a: Chandelure|Chandelure, M|100\/100\n|move|p2a: Heatran|Earth Power|p1a: Chandelure\n|-supereffective|p1a: Chandelure\n|-damage|p1a: Chandelure|30\/100\n|\n|upkeep\n|turn|19\n|\n|t:|1697468653\n|move|p2a: Heatran|Earth Power|p1a: Chandelure\n|-supereffective|p1a: Chandelure\n|-damage|p1a: Chandelure|0 fnt\n|faint|p1a: Chandelure\n|\n|upkeep\n|\n|t:|1697468659\n|switch|p1a: Garchomp|Garchomp, M, tera:Poison|36\/100\n|turn|20\n|\n|t:|1697468664\n|move|p2a: Heatran|Earth Power|p1a: Garchomp\n|-supereffective|p1a: Garchomp\n|-damage|p1a: Garchomp|0 fnt\n|faint|p1a: Garchomp\n|\n|win|1vanparchief\n|c|\u26061vanparchief|\u0443\u0431\u0438\u0440\u0430\u044e \u0445\u043e\u0443\u043d\u0434\u0441\u0442\u043e\u0443\u043d\u0430\n|c|\u26061vanparchief|\u0430 \u043d\u0435\u0442 \u0442\u044b \u0443\u0431\u0438\u0440\u0430\u0435\u0448\u044c\n|c|\u26061vanparchief|\u0441\u043e\u0440\u0438\n|c|\u26061vanparchief|\u043a\u043e\u0433\u043e \u0443\u0431\u0438\u0440\u0430\u0435\u0448\u044c\n|c|\u2606FennuFinik|\u0414\u0430\u0432\u0430\u0439 \u0445\u043e\u0443\u043d\u0434\u0441\u0442\u043e\u0443\u043d\u0430 \u0432 \u043b\u044e\u0431\u043e\u043c \u0441\u043b\u0443\u0447\u0430\u0435\n|c|\u26061vanparchief|\u043e\u043a\n","uploadtime":1697468717,"views":22,"p1id":"fennufinik","p2id":"1vanparchief","formatid":"gen9ubers","rating":0,"private":0,"password":""}