{"id":"gen9ubers-1967818823","p1":"I9821943813dws","p2":"GratedsShtickface","format":"[Gen 9] Ubers","log":"|j|\u2606I9821943813dws\n|j|\u2606GratedsShtickface\n|t:|1697342315\n|gametype|singles\n|player|p1|I9821943813dws|2|\n|player|p2|GratedsShtickface|hiker-gen4|\n|teamsize|p1|6\n|teamsize|p2|6\n|gen|9\n|tier|[Gen 9] Ubers\n|rule|Sleep Clause Mod: Limit one foe put to sleep\n|rule|Species Clause: Limit one of each Pok\u00e9mon\n|rule|OHKO Clause: OHKO moves are banned\n|rule|Evasion Items Clause: Evasion items are banned\n|rule|Evasion Moves Clause: Evasion moves are banned\n|rule|Endless Battle Clause: Forcing endless battles is banned\n|rule|HP Percentage Mod: HP is shown in percentages\n|clearpoke\n|poke|p1|Pelipper, M|\n|poke|p1|Palkia-Origin|\n|poke|p1|Landorus, M|\n|poke|p1|Thundurus-Therian, M|\n|poke|p1|Tornadus-Therian, M|\n|poke|p1|Palafin, M|\n|poke|p2|Palkia-Origin|\n|poke|p2|Shaymin-Sky|\n|poke|p2|Arceus-Fire|\n|poke|p2|Magearna|\n|poke|p2|Zacian-*|\n|poke|p2|Cyclizar, M|\n|teampreview\n|inactive|Battle timer is ON: inactive players will automatically lose when time's up. (requested by GratedsShtickface)\n|\n|t:|1697342323\n|start\n|switch|p1a: Zero to Hero|Palafin, M|100\/100\n|switch|p2a: Flesh Serpent|Cyclizar, M|100\/100\n|turn|1\n|c|\u2606I9821943813dws|Gl\n|\n|t:|1697342349\n|detailschange|p1a: Zero to Hero|Palafin-Hero, M\n|switch|p1a: Drizzle|Pelipper, M|100\/100\n|-weather|RainDance|[from] ability: Drizzle|[of] p1a: Drizzle\n|move|p2a: Flesh Serpent|Shed Tail|p2a: Flesh Serpent\n|-start|p2a: Flesh Serpent|Substitute|[from] move: Shed Tail\n|-damage|p2a: Flesh Serpent|50\/100\n|c|\u2606GratedsShtickface|glhf\n|\n|t:|1697342364\n|switch|p2a: Haxmin|Shaymin-Sky|100\/100|[from] Shed Tail\n|\n|-weather|RainDance|[upkeep]\n|upkeep\n|turn|2\n|\n|t:|1697342370\n|move|p2a: Haxmin|Seed Flare|p1a: Drizzle\n|-damage|p1a: Drizzle|12\/100\n|-unboost|p1a: Drizzle|spd|2\n|move|p1a: Drizzle|Hurricane|p2a: Haxmin\n|-supereffective|p2a: Haxmin\n|-end|p2a: Haxmin|Substitute\n|\n|-weather|RainDance|[upkeep]\n|upkeep\n|turn|3\n|\n|t:|1697342383\n|switch|p2a: Music Box Doll|Magearna|100\/100\n|move|p1a: Drizzle|U-turn|p2a: Music Box Doll\n|-resisted|p2a: Music Box Doll\n|-damage|p2a: Music Box Doll|99\/100\n|\n|t:|1697342388\n|switch|p1a: Zero to Hero|Palafin-Hero, M|100\/100|[from] U-turn\n|-activate|p1a: Zero to Hero|ability: Zero to Hero\n|\n|-weather|RainDance|[upkeep]\n|-heal|p2a: Music Box Doll|100\/100|[from] item: Leftovers\n|upkeep\n|turn|4\n|\n|t:|1697342397\n|move|p1a: Zero to Hero|Wave Crash|p2a: Music Box Doll\n|-damage|p2a: Music Box Doll|0 fnt\n|faint|p2a: Music Box Doll\n|-damage|p1a: Zero to Hero|71\/100|[from] Recoil\n|\n|-weather|RainDance|[upkeep]\n|upkeep\n|\n|t:|1697342404\n|switch|p2a: Honse|Palkia-Origin, shiny|100\/100\n|-ability|p2a: Honse|Pressure\n|turn|5\n|\n|t:|1697342411\n|switch|p1a: Volt Absorb|Thundurus-Therian, M|100\/100\n|move|p2a: Honse|Spacial Rend|p1a: Volt Absorb\n|-damage|p1a: Volt Absorb|2\/100\n|\n|-weather|RainDance|[upkeep]\n|upkeep\n|turn|6\n|\n|t:|1697342434\n|move|p2a: Honse|Substitute|p2a: Honse\n|-start|p2a: Honse|Substitute\n|-damage|p2a: Honse|76\/100\n|move|p1a: Volt Absorb|Wildbolt Storm|p2a: Honse\n|-end|p2a: Honse|Substitute\n|\n|-weather|RainDance|[upkeep]\n|upkeep\n|turn|7\n|\n|t:|1697342445\n|move|p2a: Honse|Spacial Rend|p1a: Volt Absorb\n|-damage|p1a: Volt Absorb|0 fnt\n|faint|p1a: Volt Absorb\n|\n|-weather|RainDance|[upkeep]\n|upkeep\n|\n|t:|1697342448\n|switch|p1a: Pressure|Palkia-Origin|100\/100\n|-ability|p1a: Pressure|Pressure\n|turn|8\n|\n|t:|1697342454\n|switch|p2a: Sif|Zacian|100\/100\n|-ability|p2a: Sif|Intrepid Sword|boost\n|-boost|p2a: Sif|atk|1\n|-terastallize|p1a: Pressure|Electric\n|move|p1a: Pressure|Substitute|p1a: Pressure\n|-start|p1a: Pressure|Substitute\n|-damage|p1a: Pressure|76\/100\n|\n|-weather|none\n|upkeep\n|turn|9\n|\n|t:|1697342464\n|move|p2a: Sif|Play Rough|p1a: Pressure\n|-end|p1a: Pressure|Substitute\n|move|p1a: Pressure|Thunder|p2a: Sif\n|-damage|p2a: Sif|40\/100\n|\n|upkeep\n|turn|10\n|\n|t:|1697342471\n|-terastallize|p2a: Sif|Ground\n|move|p2a: Sif|Tera Blast|p1a: Pressure|[anim] Tera Blast Ground\n|-supereffective|p1a: Pressure\n|-damage|p1a: Pressure|0 fnt\n|faint|p1a: Pressure\n|\n|upkeep\n|\n|t:|1697342476\n|switch|p1a: Zero to Hero|Palafin-Hero, M|71\/100\n|turn|11\n|\n|t:|1697342485\n|switch|p2a: Haxmin|Shaymin-Sky|100\/100\n|move|p1a: Zero to Hero|Close Combat|p2a: Haxmin\n|-resisted|p2a: Haxmin\n|-damage|p2a: Haxmin|46\/100\n|-unboost|p1a: Zero to Hero|def|1\n|-unboost|p1a: Zero to Hero|spd|1\n|\n|upkeep\n|turn|12\n|\n|t:|1697342497\n|switch|p1a: Drizzle|Pelipper, M|12\/100\n|-weather|RainDance|[from] ability: Drizzle|[of] p1a: Drizzle\n|move|p2a: Haxmin|Seed Flare|p1a: Drizzle|[miss]\n|-miss|p2a: Haxmin|p1a: Drizzle\n|\n|-weather|RainDance|[upkeep]\n|upkeep\n|turn|13\n|\n|t:|1697342500\n|move|p2a: Haxmin|Seed Flare|p1a: Drizzle\n|-damage|p1a: Drizzle|0 fnt\n|faint|p1a: Drizzle\n|\n|-weather|RainDance|[upkeep]\n|upkeep\n|\n|t:|1697342501\n|switch|p1a: Zero to Hero|Palafin-Hero, M|71\/100\n|turn|14\n|\n|t:|1697342508\n|switch|p2a: Honse|Palkia-Origin, shiny|76\/100\n|-ability|p2a: Honse|Pressure\n|move|p1a: Zero to Hero|Jet Punch|p2a: Honse\n|-resisted|p2a: Honse\n|-damage|p2a: Honse|53\/100\n|\n|-weather|RainDance|[upkeep]\n|upkeep\n|turn|15\n|\n|t:|1697342518\n|switch|p1a: Regenerator|Tornadus-Therian, M|100\/100\n|move|p2a: Honse|Hydro Pump|p1a: Regenerator|[miss]\n|-miss|p2a: Honse|p1a: Regenerator\n|\n|-weather|RainDance|[upkeep]\n|upkeep\n|turn|16\n|\n|t:|1697342524\n|move|p1a: Regenerator|Bleakwind Storm|p2a: Honse\n|-damage|p2a: Honse|10\/100\n|-unboost|p2a: Honse|spe|1\n|move|p2a: Honse|Hydro Pump|p1a: Regenerator\n|-damage|p1a: Regenerator|0 fnt\n|faint|p1a: Regenerator\n|\n|-weather|RainDance|[upkeep]\n|upkeep\n|\n|t:|1697342532\n|switch|p1a: Zero to Hero|Palafin-Hero, M|71\/100\n|turn|17\n|\n|t:|1697342538\n|switch|p2a: Flesh Serpent|Cyclizar, M|83\/100\n|move|p1a: Zero to Hero|Jet Punch|p2a: Flesh Serpent\n|-resisted|p2a: Flesh Serpent\n|-damage|p2a: Flesh Serpent|21\/100\n|\n|-weather|RainDance|[upkeep]\n|upkeep\n|turn|18\n|\n|t:|1697342545\n|switch|p2a: Haxmin|Shaymin-Sky|46\/100\n|move|p1a: Zero to Hero|Jet Punch|p2a: Haxmin\n|-resisted|p2a: Haxmin\n|-damage|p2a: Haxmin|0 fnt\n|faint|p2a: Haxmin\n|\n|-weather|RainDance|[upkeep]\n|upkeep\n|c|\u2606I9821943813dws|ggs\n|\n|t:|1697342558\n|switch|p2a: Sif|Zacian, tera:Ground|40\/100\n|turn|19\n|\n|t:|1697342564\n|switch|p2a: Flesh Serpent|Cyclizar, M|54\/100\n|move|p1a: Zero to Hero|Jet Punch|p2a: Flesh Serpent\n|-resisted|p2a: Flesh Serpent\n|-damage|p2a: Flesh Serpent|0 fnt\n|faint|p2a: Flesh Serpent\n|\n|-weather|none\n|upkeep\n|\n|t:|1697342570\n|switch|p2a: Ar\u0441eus-Fighting|Arceus-Fire, shiny|100\/100\n|turn|20\n|\n|t:|1697342574\n|switch|p1a: Sheer Force|Landorus, M|100\/100\n|move|p2a: Ar\u0441eus-Fighting|Flare Blitz|p1a: Sheer Force\n|-damage|p1a: Sheer Force|12\/100\n|-damage|p2a: Ar\u0441eus-Fighting|76\/100|[from] Recoil\n|\n|upkeep\n|turn|21\n|\n|t:|1697342584\n|move|p2a: Ar\u0441eus-Fighting|Dragon Dance|p2a: Ar\u0441eus-Fighting\n|-boost|p2a: Ar\u0441eus-Fighting|atk|1\n|-boost|p2a: Ar\u0441eus-Fighting|spe|1\n|move|p1a: Sheer Force|Sandsear Storm|p2a: Ar\u0441eus-Fighting\n|-supereffective|p2a: Ar\u0441eus-Fighting\n|-damage|p2a: Ar\u0441eus-Fighting|0 fnt\n|faint|p2a: Ar\u0441eus-Fighting\n|\n|upkeep\n|\n|t:|1697342590\n|switch|p2a: Honse|Palkia-Origin, shiny|10\/100\n|-ability|p2a: Honse|Pressure\n|turn|22\n|\n|t:|1697342594\n|move|p2a: Honse|Spacial Rend|p1a: Sheer Force\n|-damage|p1a: Sheer Force|0 fnt\n|faint|p1a: Sheer Force\n|\n|upkeep\n|\n|t:|1697342595\n|switch|p1a: Zero to Hero|Palafin-Hero, M|71\/100\n|turn|23\n|\n|t:|1697342597\n|move|p1a: Zero to Hero|Jet Punch|p2a: Honse\n|-resisted|p2a: Honse\n|-damage|p2a: Honse|0 fnt\n|faint|p2a: Honse\n|\n|upkeep\n|\n|t:|1697342600\n|switch|p2a: Sif|Zacian, tera:Ground|40\/100\n|turn|24\n|\n|t:|1697342602\n|move|p1a: Zero to Hero|Jet Punch|p2a: Sif\n|-supereffective|p2a: Sif\n|-damage|p2a: Sif|0 fnt\n|faint|p2a: Sif\n|\n|win|I9821943813dws\n|c|\u2606GratedsShtickface|gg\n|l|\u2606GratedsShtickface\n|c|\u2606I9821943813dws|damn\n|j|\u2606GratedsShtickface\n|player|p2|GratedsShtickface|hiker-gen4\n","uploadtime":1697342612,"views":23,"p1id":"i9821943813dws","p2id":"gratedsshtickface","formatid":"gen9ubers","rating":0,"private":0,"password":""}