{"id":"gen9ubers-1999546521","p1":"Classiccoo111","p2":"SoloOrca","format":"[Gen 9] Ubers","log":"|j|\u2606Classiccoo111\n|j|\u203dSoloOrca\n|t:|1701094780\n|gametype|singles\n|player|p1|Classiccoo111|169|1027\n|player|p2|SoloOrca|2|1044\n|teamsize|p1|6\n|teamsize|p2|6\n|gen|9\n|tier|[Gen 9] Ubers\n|rated|\n|rule|Sleep Clause Mod: Limit one foe put to sleep\n|rule|Species Clause: Limit one of each Pok\u00e9mon\n|rule|OHKO Clause: OHKO moves are banned\n|rule|Evasion Items Clause: Evasion items are banned\n|rule|Evasion Moves Clause: Evasion moves are banned\n|rule|Endless Battle Clause: Forcing endless battles is banned\n|rule|HP Percentage Mod: HP is shown in percentages\n|clearpoke\n|poke|p1|Zoroark-Hisui, M|\n|poke|p1|Alomomola, F|\n|poke|p1|Arcanine, M|\n|poke|p1|Magnezone|\n|poke|p1|Gyarados, M|\n|poke|p1|Tauros-Paldea-Aqua, M|\n|poke|p2|Flapple, M|\n|poke|p2|Appletun, M|\n|poke|p2|Frosmoth, F|\n|poke|p2|Palafin, M|\n|poke|p2|Iron Jugulis|\n|poke|p2|Torterra, M|\n|teampreview\n|inactive|Battle timer is ON: inactive players will automatically lose when time's up. (requested by SoloOrca)\n|\n|t:|1701094798\n|start\n|switch|p1a: Arcanine|Arcanine, M, shiny|100\/100\n|switch|p2a: Palafin|Palafin, M|100\/100\n|-ability|p1a: Arcanine|Intimidate|boost\n|-unboost|p2a: Palafin|atk|1\n|turn|1\n|\n|t:|1701094805\n|move|p2a: Palafin|Flip Turn|p1a: Arcanine\n|-supereffective|p1a: Arcanine\n|-damage|p1a: Arcanine|55\/100\n|-damage|p2a: Palafin|84\/100|[from] item: Rocky Helmet|[of] p1a: Arcanine\n|\n|t:|1701094810\n|detailschange|p2a: Palafin|Palafin-Hero, M\n|switch|p2a: Appletun|Appletun, M|100\/100|[from] Flip Turn\n|move|p1a: Arcanine|Will-O-Wisp|p2a: Appletun\n|-status|p2a: Appletun|brn\n|\n|-damage|p2a: Appletun|94\/100 brn|[from] brn\n|upkeep\n|turn|2\n|\n|t:|1701094818\n|move|p1a: Arcanine|Morning Sun|p1a: Arcanine\n|-heal|p1a: Arcanine|100\/100\n|move|p2a: Appletun|Curse|p2a: Appletun\n|-unboost|p2a: Appletun|spe|1\n|-boost|p2a: Appletun|atk|1\n|-boost|p2a: Appletun|def|1\n|\n|-damage|p2a: Appletun|88\/100 brn|[from] brn\n|upkeep\n|turn|3\n|\n|t:|1701094825\n|move|p1a: Arcanine|Play Rough|p2a: Appletun\n|-supereffective|p2a: Appletun\n|-damage|p2a: Appletun|55\/100 brn\n|-enditem|p2a: Appletun|Weakness Policy\n|-boost|p2a: Appletun|atk|2|[from] item: Weakness Policy\n|-boost|p2a: Appletun|spa|2|[from] item: Weakness Policy\n|move|p2a: Appletun|Earthquake|p1a: Arcanine\n|-supereffective|p1a: Arcanine\n|-damage|p1a: Arcanine|42\/100\n|\n|-damage|p2a: Appletun|48\/100 brn|[from] brn\n|upkeep\n|turn|4\n|\n|t:|1701094835\n|switch|p1a: Gyarados|Gyarados, M|100\/100\n|move|p2a: Appletun|Apple Acid|p1a: Gyarados\n|-damage|p1a: Gyarados|20\/100\n|-unboost|p1a: Gyarados|spd|1\n|\n|-heal|p1a: Gyarados|26\/100|[from] item: Leftovers\n|-damage|p2a: Appletun|42\/100 brn|[from] brn\n|upkeep\n|turn|5\n|\n|t:|1701094839\n|move|p1a: Gyarados|Ice Fang|p2a: Appletun|[miss]\n|-miss|p1a: Gyarados|p2a: Appletun\n|move|p2a: Appletun|Dragon Pulse|p1a: Gyarados\n|-damage|p1a: Gyarados|0 fnt\n|faint|p1a: Gyarados\n|\n|-damage|p2a: Appletun|36\/100 brn|[from] brn\n|upkeep\n|\n|t:|1701094848\n|switch|p1a: Tauros|Tauros-Paldea-Aqua, M|100\/100\n|turn|6\n|\n|t:|1701094856\n|move|p1a: Tauros|Bitter Malice|p2a: Appletun\n|-damage|p2a: Appletun|0 fnt\n|faint|p2a: Appletun\n|\n|upkeep\n|\n|t:|1701094860\n|switch|p2a: Iron Jugulis|Iron Jugulis|100\/100\n|-enditem|p2a: Iron Jugulis|Booster Energy\n|-activate|p2a: Iron Jugulis|ability: Quark Drive|[fromitem]\n|-start|p2a: Iron Jugulis|quarkdrivespe\n|turn|7\n|\n|t:|1701094866\n|switch|p1a: Tauros|Tauros-Paldea-Aqua, M|100\/100\n|-ability|p1a: Tauros|Intimidate|boost\n|-unboost|p2a: Iron Jugulis|atk|1\n|move|p2a: Iron Jugulis|Air Slash|p1a: Tauros\n|-supereffective|p1a: Tauros\n|-damage|p1a: Tauros|0 fnt\n|faint|p1a: Tauros\n|\n|upkeep\n|\n|t:|1701094873\n|switch|p1a: Arcanine|Arcanine, M, shiny|100\/100\n|turn|8\n|\n|t:|1701094878\n|move|p1a: Arcanine|Trick|p2a: Iron Jugulis\n|-activate|p1a: Arcanine|move: Trick|[of] p2a: Iron Jugulis\n|-item|p2a: Iron Jugulis|Choice Scarf|[from] move: Trick\n|-enditem|p1a: Arcanine|Choice Scarf|[silent]|[from] move: Trick\n|move|p2a: Iron Jugulis|Dark Pulse|p1a: Arcanine\n|-supereffective|p1a: Arcanine\n|-damage|p1a: Arcanine|0 fnt\n|replace|p1a: Zoroark|Zoroark-Hisui, M\n|-end|p1a: Zoroark|Illusion\n|faint|p1a: Zoroark\n|\n|upkeep\n|\n|t:|1701094893\n|switch|p1a: Arcanine|Arcanine, M, shiny|42\/100\n|-ability|p1a: Arcanine|Intimidate|boost\n|-unboost|p2a: Iron Jugulis|atk|1\n|turn|9\n|\n|t:|1701094899\n|move|p2a: Iron Jugulis|Dark Pulse|p1a: Arcanine\n|-crit|p1a: Arcanine\n|-damage|p1a: Arcanine|0 fnt\n|faint|p1a: Arcanine\n|\n|upkeep\n|-message|Classiccoo111 forfeited.\n|\n|win|SoloOrca\n|raw|Classiccoo111's rating: 1027 &rarr; <strong>1014<\/strong><br \/>(-13 for losing)\n|raw|SoloOrca's rating: 1044 &rarr; <strong>1076<\/strong><br \/>(+32 for winning)\n|l|\u2606Classiccoo111\n","uploadtime":1701094908,"views":1,"p1id":"classiccoo111","p2id":"soloorca","formatid":"gen9ubers","rating":1014,"private":0,"password":""}