{"id":"gen9ubers-1984324564","p1":"The Uber Bad Boy","p2":"Future king of ou","format":"[Gen 9] Ubers","log":"|j|\u2606The Uber Bad Boy\n|j|\u2606Future king of ou\n|t:|1699243879\n|gametype|singles\n|player|p1|The Uber Bad Boy|shadowtriad|\n|player|p2|Future king of ou|alec-anime|\n|teamsize|p1|6\n|teamsize|p2|6\n|gen|9\n|tier|[Gen 9] Ubers\n|rated|Tournament battle\n|rule|Sleep Clause Mod: Limit one foe put to sleep\n|rule|Species Clause: Limit one of each Pok\u00e9mon\n|rule|OHKO Clause: OHKO moves are banned\n|rule|Evasion Items Clause: Evasion items are banned\n|rule|Evasion Moves Clause: Evasion moves are banned\n|rule|Endless Battle Clause: Forcing endless battles is banned\n|rule|HP Percentage Mod: HP is shown in percentages\n|clearpoke\n|poke|p1|Ribombee, F|\n|poke|p1|Giratina-Origin|\n|poke|p1|Skeledirge, M|\n|poke|p1|Ting-Lu|\n|poke|p1|Koraidon|\n|poke|p1|Arceus-Water|\n|poke|p2|Basculegion, M|\n|poke|p2|Hatterene, F|\n|poke|p2|Rabsca, M|\n|poke|p2|Hawlucha, M|\n|poke|p2|Miraidon|\n|poke|p2|Arceus-Ground|\n|teampreview\n|c|\u2606Future king of ou|Hf\n|j|+corvere\u2665\n|\n|t:|1699243903\n|start\n|switch|p1a: Rochester Hills|Ribombee, F|100\/100\n|switch|p2a: Miraidon|Miraidon|100\/100\n|-fieldstart|move: Electric Terrain|[from] ability: Hadron Engine|[of] p2a: Miraidon\n|turn|1\n|l|+corvere\u2665\n|inactive|Battle timer is ON: inactive players will automatically lose when time's up. (requested by The Uber Bad Boy)\n|\n|t:|1699243906\n|move|p2a: Miraidon|U-turn|p1a: Rochester Hills\n|-resisted|p1a: Rochester Hills\n|-damage|p1a: Rochester Hills|91\/100\n|\n|t:|1699243907\n|switch|p2a: Hawlucha|Hawlucha, M|100\/100|[from] U-turn\n|move|p1a: Rochester Hills|Tailwind|p1a: Rochester Hills\n|-sidestart|p1: The Uber Bad Boy|move: Tailwind\n|\n|upkeep\n|turn|2\n|\n|t:|1699243912\n|switch|p2a: Arceus|Arceus-Ground|100\/100\n|move|p1a: Rochester Hills|Sticky Web|p2a: Arceus\n|-sidestart|p2: Future king of ou|move: Sticky Web\n|\n|upkeep\n|turn|3\n|\n|t:|1699243915\n|move|p1a: Rochester Hills|Stun Spore|p2a: Arceus\n|-status|p2a: Arceus|par\n|move|p2a: Arceus|Dragon Dance|p2a: Arceus\n|-boost|p2a: Arceus|atk|1\n|-boost|p2a: Arceus|spe|1\n|\n|upkeep\n|turn|4\n|\n|t:|1699243920\n|move|p1a: Rochester Hills|Moonblast|p2a: Arceus\n|-crit|p2a: Arceus\n|-damage|p2a: Arceus|66\/100 par\n|move|p2a: Arceus|Earthquake|p1a: Rochester Hills\n|-resisted|p1a: Rochester Hills\n|-damage|p1a: Rochester Hills|10\/100\n|\n|-sideend|p1: The Uber Bad Boy|move: Tailwind\n|upkeep\n|turn|5\n|\n|t:|1699243922\n|move|p1a: Rochester Hills|Tailwind|p1a: Rochester Hills\n|-sidestart|p1: The Uber Bad Boy|move: Tailwind\n|move|p2a: Arceus|Dragon Claw|p1a: Rochester Hills\n|-immune|p1a: Rochester Hills\n|\n|-fieldend|move: Electric Terrain\n|upkeep\n|turn|6\n|\n|t:|1699243932\n|switch|p1a: Subterra|Ting-Lu|100\/100\n|-ability|p1a: Subterra|Vessel of Ruin\n|move|p2a: Arceus|Earthquake|p1a: Subterra\n|-damage|p1a: Subterra|49\/100\n|\n|-heal|p1a: Subterra|55\/100|[from] item: Leftovers\n|upkeep\n|turn|7\n|\n|t:|1699243936\n|move|p2a: Arceus|Taunt|p1a: Subterra\n|-start|p1a: Subterra|move: Taunt\n|cant|p1a: Subterra|move: Taunt|Stealth Rock\n|\n|-heal|p1a: Subterra|61\/100|[from] item: Leftovers\n|upkeep\n|turn|8\n|\n|t:|1699243943\n|switch|p1a: Rochester Hills|Ribombee, F|10\/100\n|move|p2a: Arceus|Dragon Claw|p1a: Rochester Hills\n|-immune|p1a: Rochester Hills\n|\n|-sideend|p1: The Uber Bad Boy|move: Tailwind\n|upkeep\n|turn|9\n|\n|t:|1699243947\n|move|p1a: Rochester Hills|Tailwind|p1a: Rochester Hills\n|-sidestart|p1: The Uber Bad Boy|move: Tailwind\n|move|p2a: Arceus|Earthquake|p1a: Rochester Hills\n|-resisted|p1a: Rochester Hills\n|-damage|p1a: Rochester Hills|0 fnt\n|faint|p1a: Rochester Hills\n|\n|upkeep\n|\n|t:|1699243956\n|switch|p1a: Lord Zedd|Koraidon|100\/100\n|-weather|SunnyDay|[from] ability: Orichalcum Pulse|[of] p1a: Lord Zedd\n|-activate|p1a: Lord Zedd|Orichalcum Pulse|[source]\n|turn|10\n|\n|t:|1699243961\n|-terastallize|p1a: Lord Zedd|Steel\n|move|p1a: Lord Zedd|Swords Dance|p1a: Lord Zedd\n|-boost|p1a: Lord Zedd|atk|2\n|move|p2a: Arceus|Earthquake|p1a: Lord Zedd\n|-supereffective|p1a: Lord Zedd\n|-damage|p1a: Lord Zedd|0 fnt\n|faint|p1a: Lord Zedd\n|\n|-weather|SunnyDay|[upkeep]\n|upkeep\n|\n|t:|1699243972\n|switch|p1a: Burnout|Skeledirge, M|100\/100\n|turn|11\n|\n|t:|1699243975\n|move|p1a: Burnout|Hex|p2a: Arceus\n|-damage|p2a: Arceus|31\/100 par\n|move|p2a: Arceus|Taunt|p1a: Burnout\n|-start|p1a: Burnout|move: Taunt\n|\n|-weather|SunnyDay|[upkeep]\n|upkeep\n|turn|12\n|\n|t:|1699243978\n|move|p1a: Burnout|Hex|p2a: Arceus\n|-damage|p2a: Arceus|0 fnt\n|faint|p2a: Arceus\n|\n|-weather|SunnyDay|[upkeep]\n|-sideend|p1: The Uber Bad Boy|move: Tailwind\n|upkeep\n|\n|t:|1699243982\n|switch|p2a: Hawlucha|Hawlucha, M|100\/100\n|turn|13\n|\n|t:|1699243985\n|switch|p1a: Subterra|Ting-Lu|61\/100\n|-ability|p1a: Subterra|Vessel of Ruin\n|move|p2a: Hawlucha|Defog|p1a: Subterra\n|-unboost|p1a: Subterra|evasion|1\n|-sideend|p2: Future king of ou|Sticky Web|[from] move: Defog|[of] p2a: Hawlucha\n|\n|-weather|SunnyDay|[upkeep]\n|-heal|p1a: Subterra|68\/100|[from] item: Leftovers\n|upkeep\n|turn|14\n|\n|t:|1699243988\n|move|p2a: Hawlucha|Close Combat|p1a: Subterra\n|-supereffective|p1a: Subterra\n|-damage|p1a: Subterra|6\/100\n|-unboost|p2a: Hawlucha|def|1\n|-unboost|p2a: Hawlucha|spd|1\n|move|p1a: Subterra|Stealth Rock|p2a: Hawlucha\n|-sidestart|p2: Future king of ou|move: Stealth Rock\n|\n|-weather|none\n|-heal|p1a: Subterra|12\/100|[from] item: Leftovers\n|upkeep\n|turn|15\n|\n|t:|1699243992\n|move|p2a: Hawlucha|Defog|p1a: Subterra\n|-unboost|p1a: Subterra|evasion|1\n|-sideend|p2: Future king of ou|Stealth Rock|[from] move: Defog|[of] p2a: Hawlucha\n|move|p1a: Subterra|Earthquake|p2a: Hawlucha\n|-immune|p2a: Hawlucha\n|\n|-heal|p1a: Subterra|18\/100|[from] item: Leftovers\n|upkeep\n|turn|16\n|\n|t:|1699243994\n|move|p2a: Hawlucha|Close Combat|p1a: Subterra\n|-supereffective|p1a: Subterra\n|-damage|p1a: Subterra|0 fnt\n|-unboost|p2a: Hawlucha|def|1\n|-unboost|p2a: Hawlucha|spd|1\n|faint|p1a: Subterra\n|\n|upkeep\n|\n|t:|1699243996\n|switch|p1a: Lucifer|Giratina-Origin|100\/100\n|turn|17\n|\n|t:|1699243999\n|switch|p2a: Miraidon|Miraidon|100\/100\n|-fieldstart|move: Electric Terrain|[from] ability: Hadron Engine|[of] p2a: Miraidon\n|move|p1a: Lucifer|Thunder Wave|p2a: Miraidon\n|-immune|p2a: Miraidon\n|\n|upkeep\n|turn|18\n|\n|t:|1699244002\n|move|p2a: Miraidon|Dragon Pulse|p1a: Lucifer\n|-supereffective|p1a: Lucifer\n|-damage|p1a: Lucifer|19\/100\n|move|p1a: Lucifer|Draco Meteor|p2a: Miraidon\n|-supereffective|p2a: Miraidon\n|-crit|p2a: Miraidon\n|-damage|p2a: Miraidon|0 fnt\n|-unboost|p1a: Lucifer|spa|2\n|faint|p2a: Miraidon\n|\n|upkeep\n|\n|t:|1699244004\n|switch|p2a: Hatterene|Hatterene, F|100\/100\n|turn|19\n|\n|t:|1699244006\n|move|p1a: Lucifer|Hex|p2a: Hatterene\n|-supereffective|p2a: Hatterene\n|-damage|p2a: Hatterene|72\/100\n|move|p2a: Hatterene|Trick Room|p2a: Hatterene\n|-fieldstart|move: Trick Room|[of] p2a: Hatterene\n|\n|upkeep\n|turn|20\n|\n|t:|1699244010\n|move|p2a: Hatterene|Healing Wish|p2a: Hatterene\n|faint|p2a: Hatterene\n|move|p1a: Lucifer|Hex|p2: Hatterene|[notarget]\n|-fail|p1a: Lucifer\n|\n|upkeep\n|\n|t:|1699244012\n|switch|p2a: Basculegion|Basculegion, M|100\/100\n|turn|21\n|\n|t:|1699244015\n|move|p2a: Basculegion|Last Respects|p1a: Lucifer\n|-supereffective|p1a: Lucifer\n|-damage|p1a: Lucifer|0 fnt\n|faint|p1a: Lucifer\n|-damage|p2a: Basculegion|91\/100|[from] item: Life Orb\n|\n|-fieldend|move: Electric Terrain\n|upkeep\n|\n|t:|1699244022\n|switch|p1a: Lake Superior|Arceus-Water|100\/100\n|turn|22\n|\n|t:|1699244028\n|-terastallize|p2a: Basculegion|Ghost\n|move|p2a: Basculegion|Last Respects|p1a: Lake Superior\n|-damage|p1a: Lake Superior|0 fnt\n|faint|p1a: Lake Superior\n|-damage|p2a: Basculegion|81\/100|[from] item: Life Orb\n|\n|upkeep\n|-message|The Uber Bad Boy forfeited.\n|\n|win|Future king of ou\n|n|\u2606The Uber Bad Boy|theuberbadboy\n|n|\u2606Future king of ou|futurekingofou\n|l|\u2606The Uber Bad Boy\n","uploadtime":1699244033,"views":14,"p1id":"theuberbadboy","p2id":"futurekingofou","formatid":"gen9ubers","rating":0,"private":0,"password":""}