{"id":"gen9ubers-1978880063","p1":"BROOMX3","p2":"numSkull31","format":"[Gen 9] Ubers","log":"|j|\u2606BROOMX3\n|j|\u2606numSkull31\n|t:|1698605864\n|gametype|singles\n|player|p1|BROOMX3|cynthia|1323\n|player|p2|numSkull31|2|1279\n|teamsize|p1|6\n|teamsize|p2|6\n|gen|9\n|tier|[Gen 9] Ubers\n|rated|\n|rule|Sleep Clause Mod: Limit one foe put to sleep\n|rule|Species Clause: Limit one of each Pok\u00e9mon\n|rule|OHKO Clause: OHKO moves are banned\n|rule|Evasion Items Clause: Evasion items are banned\n|rule|Evasion Moves Clause: Evasion moves are banned\n|rule|Endless Battle Clause: Forcing endless battles is banned\n|rule|HP Percentage Mod: HP is shown in percentages\n|clearpoke\n|poke|p1|Annihilape, M|\n|poke|p1|Arceus|\n|poke|p1|Iron Treads|\n|poke|p1|Miraidon|\n|poke|p1|Shaymin-Sky|\n|poke|p1|Koraidon|\n|poke|p2|Groudon|\n|poke|p2|Flutter Mane|\n|poke|p2|Skeledirge, M|\n|poke|p2|Koraidon|\n|poke|p2|Clodsire, F|\n|poke|p2|Roaring Moon|\n|teampreview\n|inactive|Battle timer is ON: inactive players will automatically lose when time's up. (requested by BROOMX3)\n|\n|t:|1698605868\n|start\n|switch|p1a: Iron Treads|Iron Treads|100\/100\n|switch|p2a: Groudon|Groudon|100\/100\n|-weather|SunnyDay|[from] ability: Drought|[of] p2a: Groudon\n|turn|1\n|\n|t:|1698605878\n|move|p1a: Iron Treads|Earthquake|p2a: Groudon\n|-damage|p2a: Groudon|71\/100\n|move|p2a: Groudon|Precipice Blades|p1a: Iron Treads|[miss]\n|-miss|p2a: Groudon|p1a: Iron Treads\n|\n|-weather|SunnyDay|[upkeep]\n|-heal|p2a: Groudon|77\/100|[from] item: Leftovers\n|upkeep\n|turn|2\n|\n|t:|1698605888\n|-terastallize|p1a: Iron Treads|Flying\n|move|p1a: Iron Treads|Earthquake|p2a: Groudon\n|-damage|p2a: Groudon|47\/100\n|move|p2a: Groudon|Precipice Blades|p1a: Iron Treads\n|-immune|p1a: Iron Treads\n|\n|-weather|SunnyDay|[upkeep]\n|-heal|p2a: Groudon|53\/100|[from] item: Leftovers\n|upkeep\n|turn|3\n|\n|t:|1698605898\n|move|p1a: Iron Treads|Earthquake|p2a: Groudon\n|-damage|p2a: Groudon|22\/100\n|move|p2a: Groudon|Stealth Rock|p1a: Iron Treads\n|-sidestart|p1: BROOMX3|move: Stealth Rock\n|\n|-weather|SunnyDay|[upkeep]\n|-heal|p2a: Groudon|28\/100|[from] item: Leftovers\n|upkeep\n|turn|4\n|\n|t:|1698605906\n|move|p2a: Groudon|Protect|p2a: Groudon\n|-singleturn|p2a: Groudon|Protect\n|move|p1a: Iron Treads|Earthquake|p2a: Groudon\n|-activate|p2a: Groudon|move: Protect\n|\n|-weather|SunnyDay|[upkeep]\n|-heal|p2a: Groudon|34\/100|[from] item: Leftovers\n|upkeep\n|turn|5\n|\n|t:|1698605921\n|move|p1a: Iron Treads|Earthquake|p2a: Groudon\n|-damage|p2a: Groudon|6\/100\n|move|p2a: Groudon|Will-O-Wisp|p1a: Iron Treads|[miss]\n|-miss|p2a: Groudon|p1a: Iron Treads\n|\n|-weather|none\n|-heal|p2a: Groudon|12\/100|[from] item: Leftovers\n|upkeep\n|turn|6\n|\n|t:|1698605926\n|move|p2a: Groudon|Protect|p2a: Groudon\n|-singleturn|p2a: Groudon|Protect\n|move|p1a: Iron Treads|Rapid Spin|p2a: Groudon\n|-activate|p2a: Groudon|move: Protect\n|\n|-heal|p2a: Groudon|18\/100|[from] item: Leftovers\n|upkeep\n|turn|7\n|\n|t:|1698605935\n|switch|p2a: Skeledirge|Skeledirge, M|100\/100\n|move|p1a: Iron Treads|Earthquake|p2a: Skeledirge\n|-supereffective|p2a: Skeledirge\n|-damage|p2a: Skeledirge|39\/100\n|\n|upkeep\n|turn|8\n|inactive|numSkull31 has 120 seconds left.\n|\n|t:|1698605965\n|switch|p2a: Koraidon|Koraidon|100\/100\n|-weather|SunnyDay|[from] ability: Orichalcum Pulse|[of] p2a: Koraidon\n|-activate|p2a: Koraidon|Orichalcum Pulse|[source]\n|move|p1a: Iron Treads|Earthquake|p2a: Koraidon\n|-damage|p2a: Koraidon|55\/100\n|\n|-weather|SunnyDay|[upkeep]\n|upkeep\n|turn|9\n|inactive|numSkull31 has 120 seconds left.\n|\n|t:|1698605979\n|move|p2a: Koraidon|Flare Blitz|p1a: Iron Treads\n|-damage|p1a: Iron Treads|17\/100\n|-damage|p2a: Koraidon|30\/100|[from] Recoil\n|move|p1a: Iron Treads|Rapid Spin|p2a: Koraidon\n|-damage|p2a: Koraidon|15\/100\n|-boost|p1a: Iron Treads|spe|1\n|-sideend|p1: BROOMX3|Stealth Rock|[from] move: Rapid Spin|[of] p1a: Iron Treads\n|\n|-weather|SunnyDay|[upkeep]\n|upkeep\n|turn|10\n|j| Miss. Fire_Love\u2763\n|\n|t:|1698605987\n|move|p2a: Koraidon|Flare Blitz|p1a: Iron Treads\n|-damage|p1a: Iron Treads|0 fnt\n|faint|p1a: Iron Treads\n|-end|p1a: Iron Treads|Quark Drive|[silent]\n|-damage|p2a: Koraidon|10\/100|[from] Recoil\n|\n|-weather|SunnyDay|[upkeep]\n|upkeep\n|\n|t:|1698605990\n|switch|p1a: Arceus|Arceus, shiny|100\/100\n|turn|11\n|\n|t:|1698605996\n|move|p2a: Koraidon|Flare Blitz|p1a: Arceus\n|-damage|p1a: Arceus|41\/100\n|-damage|p2a: Koraidon|0 fnt|[from] Recoil\n|faint|p2a: Koraidon\n|move|p1a: Arceus|Swords Dance|p1a: Arceus\n|-boost|p1a: Arceus|atk|2\n|\n|-weather|SunnyDay|[upkeep]\n|-heal|p1a: Arceus|48\/100|[from] item: Leftovers\n|upkeep\n|\n|t:|1698606012\n|switch|p2a: Skeledirge|Skeledirge, M|39\/100\n|turn|12\n|l| Miss. Fire_Love\u2763\n|inactive|BROOMX3 has 120 seconds left.\n|\n|t:|1698606042\n|move|p1a: Arceus|Taunt|p2a: Skeledirge\n|-start|p2a: Skeledirge|move: Taunt\n|cant|p2a: Skeledirge|move: Taunt|Slack Off\n|\n|-weather|none\n|-heal|p1a: Arceus|54\/100|[from] item: Leftovers\n|upkeep\n|turn|13\n|\n|t:|1698606060\n|switch|p2a: Flutter Mane|Flutter Mane, shiny|100\/100\n|move|p1a: Arceus|Shadow Claw|p2a: Flutter Mane\n|-supereffective|p2a: Flutter Mane\n|-damage|p2a: Flutter Mane|0 fnt\n|faint|p2a: Flutter Mane\n|-end|p2a: Flutter Mane|Protosynthesis|[silent]\n|\n|-heal|p1a: Arceus|60\/100|[from] item: Leftovers\n|upkeep\n|\n|t:|1698606066\n|switch|p2a: Roaring Moon|Roaring Moon|100\/100\n|turn|14\n|\n|t:|1698606075\n|move|p1a: Arceus|Extreme Speed|p2a: Roaring Moon\n|-damage|p2a: Roaring Moon|0 fnt\n|faint|p2a: Roaring Moon\n|-end|p2a: Roaring Moon|Protosynthesis|[silent]\n|\n|-heal|p1a: Arceus|66\/100|[from] item: Leftovers\n|upkeep\n|\n|t:|1698606083\n|switch|p2a: Clodsire|Clodsire, F|100\/100\n|turn|15\n|\n|t:|1698606087\n|move|p1a: Arceus|Extreme Speed|p2a: Clodsire\n|-damage|p2a: Clodsire|12\/100\n|move|p2a: Clodsire|Toxic|p1a: Arceus\n|-status|p1a: Arceus|tox\n|\n|-heal|p1a: Arceus|72\/100 tox|[from] item: Leftovers\n|-heal|p2a: Clodsire|18\/100|[from] item: Leftovers\n|-damage|p1a: Arceus|66\/100 tox|[from] psn\n|upkeep\n|turn|16\n|\n|t:|1698606093\n|switch|p2a: Skeledirge|Skeledirge, M|39\/100\n|move|p1a: Arceus|Extreme Speed|p2a: Skeledirge\n|-immune|p2a: Skeledirge\n|\n|-heal|p1a: Arceus|72\/100 tox|[from] item: Leftovers\n|-damage|p1a: Arceus|60\/100 tox|[from] psn\n|upkeep\n|turn|17\n|\n|t:|1698606112\n|move|p1a: Arceus|Shadow Claw|p2a: Skeledirge\n|-supereffective|p2a: Skeledirge\n|-damage|p2a: Skeledirge|11\/100\n|move|p2a: Skeledirge|Hex|p1a: Arceus\n|-immune|p1a: Arceus\n|\n|-heal|p1a: Arceus|66\/100 tox|[from] item: Leftovers\n|-damage|p1a: Arceus|48\/100 tox|[from] psn\n|upkeep\n|turn|18\n|\n|t:|1698606126\n|switch|p2a: Groudon|Groudon|18\/100\n|-weather|SunnyDay|[from] ability: Drought|[of] p2a: Groudon\n|move|p1a: Arceus|Shadow Claw|p2a: Groudon\n|-crit|p2a: Groudon\n|-damage|p2a: Groudon|0 fnt\n|faint|p2a: Groudon\n|\n|-weather|SunnyDay|[upkeep]\n|-heal|p1a: Arceus|54\/100 tox|[from] item: Leftovers\n|-damage|p1a: Arceus|29\/100 tox|[from] psn\n|upkeep\n|\n|t:|1698606134\n|switch|p2a: Skeledirge|Skeledirge, M|11\/100\n|turn|19\n|\n|t:|1698606139\n|move|p1a: Arceus|Shadow Claw|p2a: Skeledirge\n|-supereffective|p2a: Skeledirge\n|-damage|p2a: Skeledirge|0 fnt\n|faint|p2a: Skeledirge\n|\n|-weather|SunnyDay|[upkeep]\n|-heal|p1a: Arceus|35\/100 tox|[from] item: Leftovers\n|-damage|p1a: Arceus|5\/100 tox|[from] psn\n|upkeep\n|\n|t:|1698606142\n|switch|p2a: Clodsire|Clodsire, F|18\/100\n|turn|20\n|c|\u2606BROOMX3|Gg\n|\n|t:|1698606146\n|-terastallize|p2a: Clodsire|Steel\n|move|p1a: Arceus|Extreme Speed|p2a: Clodsire\n|-resisted|p2a: Clodsire\n|-crit|p2a: Clodsire\n|-damage|p2a: Clodsire|0 fnt\n|faint|p2a: Clodsire\n|\n|win|BROOMX3\n|raw|BROOMX3's rating: 1323 &rarr; <strong>1340<\/strong><br \/>(+17 for winning)\n|raw|numSkull31's rating: 1279 &rarr; <strong>1257<\/strong><br \/>(-22 for losing)\n|l|\u2606numSkull31\n","uploadtime":1698606167,"views":10,"p1id":"broomx3","p2id":"numskull31","formatid":"gen9ubers","rating":1257,"private":0,"password":""}