{"id":"gen9ubers-1995871132","p1":"Dragon Master Rosa","p2":"Scampton","format":"[Gen 9] Ubers","log":"|j|\u2606Dragon Master Rosa\n|j|\u2606Scampton\n|t:|1700611873\n|gametype|singles\n|player|p1|Dragon Master Rosa|rosa|\n|player|p2|Scampton|clown|\n|teamsize|p1|6\n|teamsize|p2|6\n|gen|9\n|tier|[Gen 9] Ubers\n|rule|Sleep Clause Mod: Limit one foe put to sleep\n|rule|Species Clause: Limit one of each Pok\u00e9mon\n|rule|OHKO Clause: OHKO moves are banned\n|rule|Evasion Items Clause: Evasion items are banned\n|rule|Evasion Moves Clause: Evasion moves are banned\n|rule|Endless Battle Clause: Forcing endless battles is banned\n|rule|HP Percentage Mod: HP is shown in percentages\n|clearpoke\n|poke|p1|Infernape, F|\n|poke|p1|Eelektross, M|\n|poke|p1|Blissey, F|\n|poke|p1|Slowking-Galar, M|\n|poke|p1|Weezing-Galar, M|\n|poke|p1|Palafin, M|\n|poke|p2|Ribombee, M|\n|poke|p2|Delibird, M|\n|poke|p2|Slowking-Galar, M|\n|poke|p2|Gholdengo|\n|poke|p2|Palafin, F|\n|poke|p2|Empoleon, F|\n|teampreview\n|\n|t:|1700611903\n|start\n|switch|p1a: Blissey|Blissey, F|100\/100\n|switch|p2a: Ribombee|Ribombee, M|100\/100\n|turn|1\n|\n|t:|1700611924\n|move|p2a: Ribombee|Sticky Web|p1a: Blissey\n|-sidestart|p1: Dragon Master Rosa|move: Sticky Web\n|move|p1a: Blissey|Seismic Toss|p2a: Ribombee\n|-damage|p2a: Ribombee|62\/100\n|\n|upkeep\n|turn|2\n|\n|t:|1700611931\n|move|p2a: Ribombee|Play Rough|p1a: Blissey\n|-damage|p1a: Blissey|75\/100\n|move|p1a: Blissey|Stealth Rock|p2a: Ribombee\n|-sidestart|p2: Scampton|move: Stealth Rock\n|\n|upkeep\n|turn|3\n|\n|t:|1700611935\n|move|p2a: Ribombee|U-turn|p1a: Blissey\n|-damage|p1a: Blissey|54\/100\n|\n|t:|1700611939\n|switch|p2a: Empoleon|Empoleon, F|100\/100|[from] U-turn\n|-damage|p2a: Empoleon|94\/100|[from] Stealth Rock\n|move|p1a: Blissey|Seismic Toss|p2a: Empoleon\n|-damage|p2a: Empoleon|67\/100\n|\n|-heal|p2a: Empoleon|74\/100|[from] item: Leftovers\n|upkeep\n|turn|4\n|\n|t:|1700611947\n|move|p2a: Empoleon|Iron Defense|p2a: Empoleon\n|-boost|p2a: Empoleon|def|2\n|move|p1a: Blissey|Soft-Boiled|p1a: Blissey\n|-heal|p1a: Blissey|100\/100\n|\n|-heal|p2a: Empoleon|80\/100|[from] item: Leftovers\n|upkeep\n|turn|5\n|\n|t:|1700611953\n|move|p2a: Empoleon|Swords Dance|p2a: Empoleon\n|-boost|p2a: Empoleon|atk|2\n|move|p1a: Blissey|Seismic Toss|p2a: Empoleon\n|-damage|p2a: Empoleon|53\/100\n|\n|-heal|p2a: Empoleon|59\/100|[from] item: Leftovers\n|upkeep\n|turn|6\n|\n|t:|1700611959\n|switch|p1a: Weezing|Weezing-Galar, M|100\/100\n|-ability|p1a: Weezing|Neutralizing Gas\n|-activate|p1a: Weezing|move: Sticky Web\n|-unboost|p1a: Weezing|spe|1\n|move|p2a: Empoleon|Swords Dance|p2a: Empoleon\n|-boost|p2a: Empoleon|atk|2\n|\n|-heal|p2a: Empoleon|65\/100|[from] item: Leftovers\n|upkeep\n|turn|7\n|\n|t:|1700611969\n|move|p2a: Empoleon|Wave Crash|p1a: Weezing\n|-damage|p1a: Weezing|28\/100\n|-damage|p2a: Empoleon|44\/100|[from] Recoil\n|move|p1a: Weezing|Will-O-Wisp|p2a: Empoleon\n|-status|p2a: Empoleon|brn\n|\n|-heal|p2a: Empoleon|50\/100 brn|[from] item: Leftovers\n|-heal|p1a: Weezing|34\/100|[from] item: Leftovers\n|-damage|p2a: Empoleon|44\/100 brn|[from] brn\n|upkeep\n|turn|8\n|\n|t:|1700611991\n|move|p2a: Empoleon|Swords Dance|p2a: Empoleon\n|-boost|p2a: Empoleon|atk|2\n|move|p1a: Weezing|Defog|p2a: Empoleon\n|-unboost|p2a: Empoleon|evasion|1\n|-sideend|p2: Scampton|Stealth Rock|[from] move: Defog|[of] p1a: Weezing\n|-sideend|p1: Dragon Master Rosa|Sticky Web|[from] move: Defog|[of] p1a: Weezing\n|\n|-heal|p2a: Empoleon|50\/100 brn|[from] item: Leftovers\n|-heal|p1a: Weezing|40\/100|[from] item: Leftovers\n|-damage|p2a: Empoleon|44\/100 brn|[from] brn\n|upkeep\n|turn|9\n|\n|t:|1700611999\n|-end|p1a: Weezing|ability: Neutralizing Gas\n|switch|p1a: Palafin|Palafin, M|100\/100\n|move|p2a: Empoleon|Wave Crash|p1a: Palafin\n|-resisted|p1a: Palafin\n|-damage|p1a: Palafin|53\/100\n|-damage|p2a: Empoleon|30\/100 brn|[from] Recoil\n|\n|-heal|p2a: Empoleon|36\/100 brn|[from] item: Leftovers\n|-damage|p2a: Empoleon|30\/100 brn|[from] brn\n|upkeep\n|turn|10\n|\n|t:|1700612007\n|move|p1a: Palafin|Aura Sphere|p2a: Empoleon\n|-supereffective|p2a: Empoleon\n|-damage|p2a: Empoleon|0 fnt\n|faint|p2a: Empoleon\n|\n|upkeep\n|\n|t:|1700612015\n|switch|p2a: Ribombee|Ribombee, M|62\/100\n|turn|11\n|\n|t:|1700612018\n|detailschange|p1a: Palafin|Palafin-Hero, M\n|switch|p1a: Infernape|Infernape, F|100\/100\n|move|p2a: Ribombee|Sticky Web|p1a: Infernape\n|-sidestart|p1: Dragon Master Rosa|move: Sticky Web\n|\n|upkeep\n|turn|12\n|\n|t:|1700612024\n|move|p1a: Infernape|U-turn|p2a: Ribombee\n|-resisted|p2a: Ribombee\n|-damage|p2a: Ribombee|40\/100\n|\n|t:|1700612032\n|switch|p1a: Slowking|Slowking-Galar, M|100\/100|[from] U-turn\n|-activate|p1a: Slowking|move: Sticky Web\n|-unboost|p1a: Slowking|spe|1\n|move|p2a: Ribombee|Stun Spore|p1a: Slowking\n|-status|p1a: Slowking|par\n|\n|upkeep\n|turn|13\n|\n|t:|1700612038\n|move|p2a: Ribombee|U-turn|p1a: Slowking\n|-damage|p1a: Slowking|85\/100 par\n|\n|t:|1700612041\n|switch|p2a: Gholdengo|Gholdengo|100\/100|[from] U-turn\n|-item|p2a: Gholdengo|Air Balloon\n|move|p1a: Slowking|Chilly Reception|p1a: Slowking\n|-weather|Snow\n|\n|t:|1700612044\n|switch|p1a: Weezing|Weezing-Galar, M|40\/100|[from] Chilly Reception\n|-ability|p1a: Weezing|Neutralizing Gas\n|-activate|p1a: Weezing|move: Sticky Web\n|-unboost|p1a: Weezing|spe|1\n|\n|-weather|Snow|[upkeep]\n|-heal|p1a: Weezing|46\/100|[from] item: Leftovers\n|upkeep\n|turn|14\n|\n|t:|1700612053\n|move|p2a: Gholdengo|Iron Head|p1a: Weezing\n|-supereffective|p1a: Weezing\n|-crit|p1a: Weezing\n|-damage|p1a: Weezing|0 fnt\n|faint|p1a: Weezing\n|-end|p1a: Weezing|ability: Neutralizing Gas\n|\n|-weather|Snow|[upkeep]\n|upkeep\n|\n|t:|1700612059\n|switch|p1a: Infernape|Infernape, F|100\/100\n|-activate|p1a: Infernape|move: Sticky Web\n|-unboost|p1a: Infernape|spe|1\n|turn|15\n|\n|t:|1700612075\n|switch|p2a: Palafin|Palafin, F|100\/100\n|move|p1a: Infernape|Flare Blitz|p2a: Palafin\n|-resisted|p2a: Palafin\n|-damage|p2a: Palafin|68\/100\n|-status|p2a: Palafin|brn\n|-damage|p1a: Infernape|88\/100|[from] Recoil\n|\n|-weather|Snow|[upkeep]\n|-damage|p2a: Palafin|62\/100 brn|[from] brn\n|upkeep\n|turn|16\n|\n|t:|1700612083\n|switch|p1a: Blissey|Blissey, F|100\/100\n|move|p2a: Palafin|Hydro Pump|p1a: Blissey\n|-damage|p1a: Blissey|82\/100\n|\n|-weather|Snow|[upkeep]\n|-damage|p2a: Palafin|56\/100 brn|[from] brn\n|upkeep\n|turn|17\n|\n|t:|1700612090\n|detailschange|p2a: Palafin|Palafin-Hero, F\n|switch|p2a: Delibird|Delibird, M|100\/100\n|move|p1a: Blissey|Stealth Rock|p2a: Delibird\n|-sidestart|p2: Scampton|move: Stealth Rock\n|\n|-weather|none\n|upkeep\n|turn|18\n|\n|t:|1700612136\n|move|p2a: Delibird|Brave Bird|p1a: Blissey|[miss]\n|-miss|p2a: Delibird|p1a: Blissey\n|move|p1a: Blissey|Soft-Boiled|p1a: Blissey\n|-heal|p1a: Blissey|100\/100\n|\n|upkeep\n|turn|19\n|\n|t:|1700612141\n|switch|p1a: Eelektross|Eelektross, M|100\/100\n|move|p2a: Delibird|Brave Bird|p1a: Eelektross\n|-resisted|p1a: Eelektross\n|-damage|p1a: Eelektross|52\/100\n|-damage|p2a: Delibird|75\/100|[from] Recoil\n|\n|upkeep\n|turn|20\n|\n|t:|1700612225\n|switch|p2a: Slowking|Slowking-Galar, M|100\/100\n|move|p1a: Eelektross|Volt Switch|p2a: Slowking\n|-damage|p2a: Slowking|81\/100\n|\n|t:|1700612251\n|switch|p1a: Blissey|Blissey, F|100\/100|[from] Volt Switch\n|\n|upkeep\n|turn|21\n|\n|t:|1700612264\n|move|p1a: Blissey|Heal Bell|p1a: Blissey\n|-activate|p1a: Blissey|move: Heal Bell\n|-curestatus|p1: Slowking|par|[msg]\n|move|p2a: Slowking|Toxic|p1a: Blissey\n|-status|p1a: Blissey|tox\n|\n|-damage|p1a: Blissey|94\/100 tox|[from] psn\n|upkeep\n|turn|22\n|\n|t:|1700612275\n|-curestatus|p1a: Blissey|tox|[from] ability: Natural Cure\n|switch|p1a: Slowking|Slowking-Galar, M|100\/100\n|-activate|p1a: Slowking|move: Sticky Web\n|-unboost|p1a: Slowking|spe|1\n|move|p2a: Slowking|Chilly Reception|p2a: Slowking\n|-weather|Snow\n|\n|t:|1700612288\n|switch|p2a: Gholdengo|Gholdengo|100\/100|[from] Chilly Reception\n|-damage|p2a: Gholdengo|94\/100|[from] Stealth Rock\n|-item|p2a: Gholdengo|Air Balloon\n|\n|-weather|Snow|[upkeep]\n|upkeep\n|turn|23\n|\n|t:|1700612293\n|move|p2a: Gholdengo|Poltergeist|p1a: Slowking\n|-activate|p1a: Slowking|move: Poltergeist|Leftovers\n|-supereffective|p1a: Slowking\n|-damage|p1a: Slowking|44\/100\n|move|p1a: Slowking|Foul Play|p2a: Gholdengo\n|-supereffective|p2a: Gholdengo\n|-damage|p2a: Gholdengo|44\/100\n|-enditem|p2a: Gholdengo|Air Balloon\n|\n|-weather|Snow|[upkeep]\n|-heal|p1a: Slowking|50\/100|[from] item: Leftovers\n|upkeep\n|turn|24\n|\n|t:|1700612302\n|switch|p1a: Blissey|Blissey, F|94\/100\n|move|p2a: Gholdengo|Poltergeist|p1a: Blissey\n|-immune|p1a: Blissey\n|\n|-weather|Snow|[upkeep]\n|upkeep\n|turn|25\n|\n|t:|1700612321\n|move|p2a: Gholdengo|Iron Head|p1a: Blissey\n|-damage|p1a: Blissey|70\/100\n|move|p1a: Blissey|Soft-Boiled|p1a: Blissey\n|-heal|p1a: Blissey|100\/100\n|\n|-weather|Snow|[upkeep]\n|upkeep\n|turn|26\n|\n|t:|1700612334\n|switch|p1a: Eelektross|Eelektross, M|52\/100\n|move|p2a: Gholdengo|Low Kick|p1a: Eelektross\n|-damage|p1a: Eelektross|33\/100\n|\n|-weather|none\n|upkeep\n|turn|27\n|\n|t:|1700612342\n|move|p2a: Gholdengo|Iron Head|p1a: Eelektross\n|-resisted|p1a: Eelektross\n|-damage|p1a: Eelektross|17\/100\n|move|p1a: Eelektross|Volt Switch|p2a: Gholdengo\n|-damage|p2a: Gholdengo|15\/100\n|\n|t:|1700612361\n|switch|p1a: Infernape|Infernape, F|88\/100|[from] Volt Switch\n|-activate|p1a: Infernape|move: Sticky Web\n|-unboost|p1a: Infernape|spe|1\n|\n|upkeep\n|turn|28\n|\n|t:|1700612367\n|move|p1a: Infernape|Knock Off|p2a: Gholdengo\n|-supereffective|p2a: Gholdengo\n|-damage|p2a: Gholdengo|0 fnt\n|faint|p2a: Gholdengo\n|\n|upkeep\n|\n|t:|1700612400\n|switch|p2a: Palafin|Palafin-Hero, F|56\/100 brn\n|-damage|p2a: Palafin|43\/100 brn|[from] Stealth Rock\n|-activate|p2a: Palafin|ability: Zero to Hero\n|turn|29\n|\n|t:|1700612411\n|switch|p1a: Eelektross|Eelektross, M|17\/100\n|move|p2a: Palafin|Boomburst|p1a: Eelektross\n|-damage|p1a: Eelektross|0 fnt\n|faint|p1a: Eelektross\n|\n|-damage|p2a: Palafin|37\/100 brn|[from] brn\n|upkeep\n|\n|t:|1700612420\n|switch|p1a: Infernape|Infernape, F|88\/100\n|-activate|p1a: Infernape|move: Sticky Web\n|-unboost|p1a: Infernape|spe|1\n|turn|30\n|\n|t:|1700612430\n|move|p1a: Infernape|Close Combat|p2a: Palafin\n|-damage|p2a: Palafin|0 fnt\n|-unboost|p1a: Infernape|def|1\n|-unboost|p1a: Infernape|spd|1\n|faint|p2a: Palafin\n|\n|upkeep\n|\n|t:|1700612444\n|switch|p2a: Slowking|Slowking-Galar, M|100\/100\n|turn|31\n|\n|t:|1700612451\n|switch|p1a: Slowking|Slowking-Galar, M|83\/100\n|-activate|p1a: Slowking|move: Sticky Web\n|-unboost|p1a: Slowking|spe|1\n|move|p2a: Slowking|Toxic|p1a: Slowking\n|-immune|p1a: Slowking\n|\n|-heal|p1a: Slowking|89\/100|[from] item: Leftovers\n|upkeep\n|turn|32\n|\n|t:|1700612456\n|move|p2a: Slowking|Foul Play|p1a: Slowking\n|-supereffective|p1a: Slowking\n|-damage|p1a: Slowking|71\/100\n|move|p1a: Slowking|Chilly Reception|p1a: Slowking\n|-weather|Snow\n|\n|t:|1700612483\n|switch|p1a: Palafin|Palafin-Hero, M|53\/100|[from] Chilly Reception\n|-activate|p1a: Palafin|move: Sticky Web\n|-unboost|p1a: Palafin|spe|1\n|-activate|p1a: Palafin|ability: Zero to Hero\n|\n|-weather|Snow|[upkeep]\n|upkeep\n|turn|33\n|\n|t:|1700612492\n|-terastallize|p1a: Palafin|Normal\n|move|p1a: Palafin|Boomburst|p2a: Slowking\n|-damage|p2a: Slowking|29\/100\n|move|p2a: Slowking|Foul Play|p1a: Palafin\n|-damage|p1a: Palafin|24\/100\n|\n|-weather|Snow|[upkeep]\n|upkeep\n|turn|34\n|\n|t:|1700612497\n|move|p1a: Palafin|Boomburst|p2a: Slowking\n|-damage|p2a: Slowking|0 fnt\n|faint|p2a: Slowking\n|\n|-weather|Snow|[upkeep]\n|upkeep\n|\n|t:|1700612498\n|switch|p2a: Delibird|Delibird, M|75\/100\n|-damage|p2a: Delibird|25\/100|[from] Stealth Rock\n|turn|35\n|\n|t:|1700612504\n|-terastallize|p2a: Delibird|Ice\n|move|p2a: Delibird|Ice Shard|p1a: Palafin\n|-damage|p1a: Palafin|0 fnt\n|faint|p1a: Palafin\n|\n|-weather|Snow|[upkeep]\n|upkeep\n|\n|t:|1700612508\n|switch|p1a: Infernape|Infernape, F|88\/100\n|-activate|p1a: Infernape|move: Sticky Web\n|-unboost|p1a: Infernape|spe|1\n|turn|36\n|c|\u2606Scampton|D-D-D-DELIKILL\n|\n|t:|1700612514\n|move|p2a: Delibird|Ice Shard|p1a: Infernape|[miss]\n|-miss|p2a: Delibird|p1a: Infernape\n|move|p1a: Infernape|Flare Blitz|p2a: Delibird\n|-supereffective|p2a: Delibird\n|-damage|p2a: Delibird|0 fnt\n|faint|p2a: Delibird\n|-damage|p1a: Infernape|81\/100|[from] Recoil\n|\n|-weather|none\n|upkeep\n|c|\u2606Scampton|balls\n|c|\u2606Dragon Master Rosa|LMAO\n|\n|t:|1700612519\n|switch|p2a: Ribombee|Ribombee, M|40\/100\n|-damage|p2a: Ribombee|15\/100|[from] Stealth Rock\n|turn|37\n|\n|t:|1700612523\n|move|p2a: Ribombee|Stun Spore|p1a: Infernape\n|-status|p1a: Infernape|par\n|move|p1a: Infernape|Flare Blitz|p2a: Ribombee\n|-supereffective|p2a: Ribombee\n|-damage|p2a: Ribombee|0 fnt\n|faint|p2a: Ribombee\n|-damage|p1a: Infernape|77\/100 par|[from] Recoil\n|\n|win|Dragon Master Rosa\n|l|\u2606Scampton\n|c|\u2606Dragon Master Rosa|ggwp\n","uploadtime":1700612529,"views":24,"p1id":"dragonmasterrosa","p2id":"scampton","formatid":"gen9ubers","rating":0,"private":0,"password":""}