{"id":"gen9ubers-1974011038","p1":"RektCactus","p2":"ChungleWungle","format":"[Gen 9] Ubers","log":"|j|\u2606RektCactus\n|j|\u2606ChungleWungle\n|t:|1698041400\n|gametype|singles\n|player|p1|RektCactus|266|\n|player|p2|ChungleWungle|unknown|\n|teamsize|p1|6\n|teamsize|p2|6\n|gen|9\n|tier|[Gen 9] Ubers\n|rule|Sleep Clause Mod: Limit one foe put to sleep\n|rule|Species Clause: Limit one of each Pok\u00e9mon\n|rule|OHKO Clause: OHKO moves are banned\n|rule|Evasion Items Clause: Evasion items are banned\n|rule|Evasion Moves Clause: Evasion moves are banned\n|rule|Endless Battle Clause: Forcing endless battles is banned\n|rule|HP Percentage Mod: HP is shown in percentages\n|clearpoke\n|poke|p1|Ogerpon-Hearthflame, F|\n|poke|p1|Sneasler, M|\n|poke|p1|Urshifu-*, M|\n|poke|p1|Sinistcha|\n|poke|p1|Rillaboom, M|\n|poke|p1|Calyrex|\n|poke|p2|Ursaluna, F|\n|poke|p2|Polteageist-Antique|\n|poke|p2|Iron Valiant|\n|poke|p2|Snorlax, F|\n|poke|p2|Dragonite, F|\n|poke|p2|Weavile, M|\n|teampreview\n|\n|t:|1698041407\n|start\n|switch|p1a: Rillaboom|Rillaboom, M|100\/100\n|switch|p2a: DA WEAVAH|Weavile, M, shiny|100\/100\n|-fieldstart|move: Grassy Terrain|[from] ability: Grassy Surge|[of] p1a: Rillaboom\n|turn|1\n|\n|t:|1698041425\n|move|p2a: DA WEAVAH|Icicle Spear|p1a: Rillaboom\n|-supereffective|p1a: Rillaboom\n|-damage|p1a: Rillaboom|57\/100\n|-supereffective|p1a: Rillaboom\n|-damage|p1a: Rillaboom|14\/100\n|-hitcount|p1a: Rillaboom|2\n|move|p1a: Rillaboom|U-turn|p2a: DA WEAVAH\n|-supereffective|p2a: DA WEAVAH\n|-damage|p2a: DA WEAVAH|0 fnt\n|faint|p2a: DA WEAVAH\n|\n|t:|1698041435\n|switch|p1a: Sneaky Bitch|Sneasler, M|100\/100|[from] U-turn\n|-enditem|p1a: Sneaky Bitch|Grassy Seed\n|-boost|p1a: Sneaky Bitch|def|1|[from] item: Grassy Seed\n|\n|upkeep\n|j| RiddleDog\n|\n|t:|1698041459\n|switch|p2a: Blue|Snorlax, F, shiny|100\/100\n|turn|2\n|\n|t:|1698041467\n|move|p1a: Sneaky Bitch|Swords Dance|p1a: Sneaky Bitch\n|-boost|p1a: Sneaky Bitch|atk|2\n|move|p2a: Blue|Zen Headbutt|p1a: Sneaky Bitch\n|-supereffective|p1a: Sneaky Bitch\n|-damage|p1a: Sneaky Bitch|0 fnt\n|faint|p1a: Sneaky Bitch\n|\n|upkeep\n|\n|t:|1698041476\n|switch|p1a: Urshifu|Urshifu, M|100\/100\n|turn|3\n|\n|t:|1698041516\n|move|p1a: Urshifu|Bulk Up|p1a: Urshifu\n|-boost|p1a: Urshifu|atk|1\n|-boost|p1a: Urshifu|def|1\n|move|p2a: Blue|Zen Headbutt|p1a: Urshifu\n|-immune|p1a: Urshifu\n|\n|upkeep\n|turn|4\n|\n|t:|1698041525\n|switch|p2a: Ignis Dragon|Dragonite, F|100\/100\n|move|p1a: Urshifu|Bulk Up|p1a: Urshifu\n|-boost|p1a: Urshifu|atk|1\n|-boost|p1a: Urshifu|def|1\n|\n|upkeep\n|turn|5\n|\n|t:|1698041546\n|move|p1a: Urshifu|Sucker Punch|p2a: Ignis Dragon\n|-damage|p2a: Ignis Dragon|69\/100\n|move|p2a: Ignis Dragon|Aerial Ace|p1a: Urshifu\n|-supereffective|p1a: Urshifu\n|-damage|p1a: Urshifu|74\/100\n|\n|-heal|p1a: Urshifu|80\/100|[from] Grassy Terrain\n|-heal|p1a: Urshifu|86\/100|[from] item: Leftovers\n|-fieldend|move: Grassy Terrain\n|upkeep\n|turn|6\n|\n|t:|1698041564\n|move|p1a: Urshifu|Bulk Up|p1a: Urshifu\n|-boost|p1a: Urshifu|atk|1\n|-boost|p1a: Urshifu|def|1\n|move|p2a: Ignis Dragon|Aerial Ace|p1a: Urshifu\n|-supereffective|p1a: Urshifu\n|-damage|p1a: Urshifu|59\/100\n|\n|-heal|p1a: Urshifu|65\/100|[from] item: Leftovers\n|upkeep\n|turn|7\n|\n|t:|1698041579\n|move|p1a: Urshifu|Bulk Up|p1a: Urshifu\n|-boost|p1a: Urshifu|atk|1\n|-boost|p1a: Urshifu|def|1\n|move|p2a: Ignis Dragon|Dragon Dance|p2a: Ignis Dragon\n|-boost|p2a: Ignis Dragon|atk|1\n|-boost|p2a: Ignis Dragon|spe|1\n|\n|-heal|p1a: Urshifu|71\/100|[from] item: Leftovers\n|upkeep\n|turn|8\n|\n|t:|1698041592\n|move|p2a: Ignis Dragon|Aerial Ace|p1a: Urshifu\n|-supereffective|p1a: Urshifu\n|-damage|p1a: Urshifu|46\/100\n|move|p1a: Urshifu|Iron Head|p2a: Ignis Dragon\n|-damage|p2a: Ignis Dragon|0 fnt\n|faint|p2a: Ignis Dragon\n|\n|-heal|p1a: Urshifu|52\/100|[from] item: Leftovers\n|upkeep\n|\n|t:|1698041607\n|switch|p2a: Teddy (7 pounds)|Ursaluna, F, shiny|100\/100\n|turn|9\n|\n|t:|1698041633\n|move|p1a: Urshifu|Close Combat|p2a: Teddy (7 pounds)\n|-supereffective|p2a: Teddy (7 pounds)\n|-damage|p2a: Teddy (7 pounds)|0 fnt\n|-unboost|p1a: Urshifu|def|1\n|-unboost|p1a: Urshifu|spd|1\n|-damage|p1a: Urshifu|36\/100|[from] item: Rocky Helmet|[of] p2a: Teddy (7 pounds)\n|faint|p2a: Teddy (7 pounds)\n|\n|-heal|p1a: Urshifu|42\/100|[from] item: Leftovers\n|upkeep\n|\n|t:|1698041660\n|switch|p2a: Frying Pan|Iron Valiant, shiny|100\/100\n|-enditem|p2a: Frying Pan|Booster Energy\n|-activate|p2a: Frying Pan|ability: Quark Drive|[fromitem]\n|-start|p2a: Frying Pan|quarkdrivespe\n|turn|10\n|\n|t:|1698041689\n|switch|p1a: Rillaboom|Rillaboom, M|14\/100\n|-fieldstart|move: Grassy Terrain|[from] ability: Grassy Surge|[of] p1a: Rillaboom\n|move|p2a: Frying Pan|Moonblast|p1a: Rillaboom\n|-damage|p1a: Rillaboom|0 fnt\n|faint|p1a: Rillaboom\n|\n|upkeep\n|\n|t:|1698041703\n|switch|p1a: Calyrex|Calyrex|100\/100\n|-ability|p1a: Calyrex|Unnerve\n|turn|11\n|j| Wha1efish\n|c|\u2606ChungleWungle|\/\/;\/.\/weakness\n|\n|t:|1698041737\n|move|p2a: Frying Pan|Moonblast|p1a: Calyrex\n|-damage|p1a: Calyrex|46\/100\n|-unboost|p1a: Calyrex|spa|1\n|move|p1a: Calyrex|Agility|p1a: Calyrex\n|-boost|p1a: Calyrex|spe|2\n|\n|-heal|p1a: Calyrex|52\/100|[from] Grassy Terrain\n|upkeep\n|turn|12\n|\n|t:|1698041751\n|move|p2a: Frying Pan|Moonblast|p1a: Calyrex\n|-damage|p1a: Calyrex|0 fnt\n|faint|p1a: Calyrex\n|\n|upkeep\n|\n|t:|1698041770\n|switch|p1a: Sinistcha|Sinistcha|100\/100\n|turn|13\n|\n|t:|1698041795\n|move|p2a: Frying Pan|Encore||[still]\n|-fail|p2a: Frying Pan\n|move|p1a: Sinistcha|Matcha Gotcha|p2a: Frying Pan\n|-damage|p2a: Frying Pan|22\/100\n|\n|-heal|p2a: Frying Pan|28\/100|[from] Grassy Terrain\n|upkeep\n|turn|14\n|\n|t:|1698041811\n|-end|p2a: Frying Pan|Quark Drive|[silent]\n|switch|p2a: Blue|Snorlax, F, shiny|100\/100\n|move|p1a: Sinistcha|Calm Mind|p1a: Sinistcha\n|-boost|p1a: Sinistcha|spa|1\n|-boost|p1a: Sinistcha|spd|1\n|\n|-fieldend|move: Grassy Terrain\n|upkeep\n|turn|15\n|\n|t:|1698041822\n|move|p1a: Sinistcha|Strength Sap|p2a: Blue\n|-unboost|p2a: Blue|atk|1\n|move|p2a: Blue|Zen Headbutt|p1a: Sinistcha\n|-damage|p1a: Sinistcha|90\/100\n|\n|upkeep\n|turn|16\n|\n|t:|1698041833\n|switch|p2a: Cuppa|Polteageist-Antique, shiny|100\/100\n|move|p1a: Sinistcha|Calm Mind|p1a: Sinistcha\n|-boost|p1a: Sinistcha|spa|1\n|-boost|p1a: Sinistcha|spd|1\n|\n|upkeep\n|turn|17\n|\n|t:|1698041844\n|-terastallize|p2a: Cuppa|Fire\n|move|p2a: Cuppa|Will-O-Wisp|p1a: Sinistcha\n|-status|p1a: Sinistcha|brn\n|move|p1a: Sinistcha|Shadow Ball|p2a: Cuppa\n|-damage|p2a: Cuppa|31\/100\n|\n|-damage|p1a: Sinistcha|87\/100 brn|[from] brn\n|upkeep\n|turn|18\n|\n|t:|1698041856\n|move|p2a: Cuppa|Hex|p1a: Sinistcha\n|-supereffective|p1a: Sinistcha\n|-damage|p1a: Sinistcha|11\/100 brn\n|move|p1a: Sinistcha|Matcha Gotcha|p2a: Cuppa\n|-resisted|p2a: Cuppa\n|-damage|p2a: Cuppa|0 fnt\n|-heal|p1a: Sinistcha|23\/100 brn|[from] drain|[of] p2a: Cuppa\n|faint|p2a: Cuppa\n|\n|-damage|p1a: Sinistcha|20\/100 brn|[from] brn\n|upkeep\n|\n|t:|1698041865\n|switch|p2a: Blue|Snorlax, F, shiny|100\/100\n|turn|19\n|\n|t:|1698041871\n|move|p1a: Sinistcha|Strength Sap|p2a: Blue\n|-unboost|p2a: Blue|atk|1\n|-heal|p1a: Sinistcha|100\/100 brn\n|move|p2a: Blue|Metronome|p2a: Blue\n|move|p2a: Blue|Tearful Look|p1a: Sinistcha|[from]move: Metronome\n|-unboost|p1a: Sinistcha|atk|1\n|-unboost|p1a: Sinistcha|spa|1\n|\n|-damage|p1a: Sinistcha|98\/100 brn|[from] brn\n|upkeep\n|turn|20\n|\n|t:|1698041890\n|move|p1a: Sinistcha|Calm Mind|p1a: Sinistcha\n|-boost|p1a: Sinistcha|spa|1\n|-boost|p1a: Sinistcha|spd|1\n|move|p2a: Blue|Metronome|p2a: Blue\n|move|p2a: Blue|Sleep Powder|p1a: Sinistcha|[from]move: Metronome\n|-immune|p1a: Sinistcha\n|\n|-damage|p1a: Sinistcha|95\/100 brn|[from] brn\n|upkeep\n|turn|21\n|\n|t:|1698041905\n|move|p1a: Sinistcha|Calm Mind|p1a: Sinistcha\n|-boost|p1a: Sinistcha|spa|1\n|-boost|p1a: Sinistcha|spd|1\n|move|p2a: Blue|Zen Headbutt|p1a: Sinistcha\n|-damage|p1a: Sinistcha|84\/100 brn\n|\n|-damage|p1a: Sinistcha|81\/100 brn|[from] brn\n|upkeep\n|turn|22\n|\n|t:|1698041912\n|move|p1a: Sinistcha|Calm Mind|p1a: Sinistcha\n|-boost|p1a: Sinistcha|spa|1\n|-boost|p1a: Sinistcha|spd|1\n|move|p2a: Blue|Metronome|p2a: Blue\n|move|p2a: Blue|Thunder Shock|p1a: Sinistcha|[from]move: Metronome\n|-resisted|p1a: Sinistcha\n|-damage|p1a: Sinistcha|80\/100 brn\n|\n|-damage|p1a: Sinistcha|77\/100 brn|[from] brn\n|upkeep\n|turn|23\n|\n|t:|1698041921\n|move|p1a: Sinistcha|Calm Mind|p1a: Sinistcha\n|-boost|p1a: Sinistcha|spa|1\n|-boost|p1a: Sinistcha|spd|1\n|move|p2a: Blue|Metronome|p2a: Blue\n|move|p2a: Blue|Dragon Darts|p1a: Sinistcha|[from]move: Metronome\n|-damage|p1a: Sinistcha|70\/100 brn\n|-anim|p2a: Blue|Dragon Darts|p1a: Sinistcha\n|-damage|p1a: Sinistcha|64\/100 brn\n|\n|-damage|p1a: Sinistcha|61\/100 brn|[from] brn\n|upkeep\n|turn|24\n|\n|t:|1698041932\n|move|p1a: Sinistcha|Calm Mind|p1a: Sinistcha\n|-boost|p1a: Sinistcha|spa|1\n|-boost|p1a: Sinistcha|spd|0\n|move|p2a: Blue|Metronome|p2a: Blue\n|move|p2a: Blue|Fake Out||[from]move: Metronome|[still]\n|-hint|Fake Out only works on your first turn out.\n|-fail|p2a: Blue\n|\n|-damage|p1a: Sinistcha|58\/100 brn|[from] brn\n|upkeep\n|turn|25\n|\n|t:|1698041950\n|move|p1a: Sinistcha|Matcha Gotcha|p2a: Blue\n|-crit|p2a: Blue\n|-damage|p2a: Blue|0 fnt\n|-heal|p1a: Sinistcha|100\/100 brn|[from] drain|[of] p2a: Blue\n|faint|p2a: Blue\n|\n|-damage|p1a: Sinistcha|98\/100 brn|[from] brn\n|upkeep\n|\n|t:|1698041956\n|switch|p2a: Frying Pan|Iron Valiant, shiny|28\/100\n|turn|26\n|\n|t:|1698042018\n|move|p2a: Frying Pan|Metronome|p2a: Frying Pan\n|move|p2a: Frying Pan|Powder Snow|p1a: Sinistcha|[from]move: Metronome\n|-supereffective|p1a: Sinistcha\n|-damage|p1a: Sinistcha|90\/100 brn\n|move|p1a: Sinistcha|Strength Sap|p2a: Frying Pan\n|-unboost|p2a: Frying Pan|atk|1\n|-heal|p1a: Sinistcha|100\/100 brn\n|\n|-damage|p1a: Sinistcha|98\/100 brn|[from] brn\n|upkeep\n|turn|27\n|\n|t:|1698042073\n|move|p2a: Frying Pan|Metronome|p2a: Frying Pan\n|move|p2a: Frying Pan|Psyshield Bash|p1a: Sinistcha|[from]move: Metronome\n|-damage|p1a: Sinistcha|88\/100 brn\n|-boost|p2a: Frying Pan|def|1\n|move|p1a: Sinistcha|Strength Sap|p2a: Frying Pan\n|-unboost|p2a: Frying Pan|atk|1\n|-heal|p1a: Sinistcha|100\/100 brn\n|\n|-damage|p1a: Sinistcha|98\/100 brn|[from] brn\n|upkeep\n|turn|28\n|\n|t:|1698042085\n|move|p2a: Frying Pan|Metronome|p2a: Frying Pan\n|move|p2a: Frying Pan|Brick Break|p1a: Sinistcha|[from]move: Metronome\n|-immune|p1a: Sinistcha\n|move|p1a: Sinistcha|Strength Sap|p2a: Frying Pan\n|-unboost|p2a: Frying Pan|atk|1\n|-heal|p1a: Sinistcha|100\/100 brn\n|\n|-damage|p1a: Sinistcha|98\/100 brn|[from] brn\n|upkeep\n|turn|29\n|\n|t:|1698042095\n|move|p2a: Frying Pan|Metronome|p2a: Frying Pan\n|move|p2a: Frying Pan|Discharge|p1a: Sinistcha|[from]move: Metronome\n|-resisted|p1a: Sinistcha\n|-crit|p1a: Sinistcha\n|-damage|p1a: Sinistcha|75\/100 brn\n|move|p1a: Sinistcha|Strength Sap|p2a: Frying Pan\n|-unboost|p2a: Frying Pan|atk|1\n|-heal|p1a: Sinistcha|100\/100 brn\n|\n|-damage|p1a: Sinistcha|98\/100 brn|[from] brn\n|upkeep\n|turn|30\n|\n|t:|1698042107\n|move|p2a: Frying Pan|Metronome|p2a: Frying Pan\n|move|p2a: Frying Pan|Last Respects|p1a: Sinistcha|[from]move: Metronome\n|-supereffective|p1a: Sinistcha\n|-damage|p1a: Sinistcha|56\/100 brn\n|move|p1a: Sinistcha|Calm Mind|p1a: Sinistcha\n|-boost|p1a: Sinistcha|spa|0\n|-boost|p1a: Sinistcha|spd|0\n|\n|-damage|p1a: Sinistcha|53\/100 brn|[from] brn\n|upkeep\n|turn|31\n|\n|t:|1698042142\n|move|p2a: Frying Pan|Metronome|p2a: Frying Pan\n|move|p2a: Frying Pan|Swift|p1a: Sinistcha|[from]move: Metronome\n|-immune|p1a: Sinistcha\n|move|p1a: Sinistcha|Shadow Ball|p2a: Frying Pan\n|-damage|p2a: Frying Pan|0 fnt\n|faint|p2a: Frying Pan\n|-end|p2a: Frying Pan|Quark Drive|[silent]\n|\n|win|RektCactus\n|l|\u2606ChungleWungle\n|l| RiddleDog\n|l|\u2606RektCactus\n|j| Nuttyr\n","uploadtime":1698042735,"views":15,"p1id":"rektcactus","p2id":"chunglewungle","formatid":"gen9ubers","rating":0,"private":0,"password":""}