{"id":"gen9ubers-1979108833","p1":"Jroy12","p2":"Blake-Mamba","format":"[Gen 9] Ubers","log":"|j|\u2606Jroy12\n|j|\u2606Blake-Mamba\n|t:|1698633342\n|gametype|singles\n|player|p1|Jroy12|2|1199\n|player|p2|Blake-Mamba|juan|1324\n|teamsize|p1|6\n|teamsize|p2|6\n|gen|9\n|tier|[Gen 9] Ubers\n|rated|\n|rule|Sleep Clause Mod: Limit one foe put to sleep\n|rule|Species Clause: Limit one of each Pok\u00e9mon\n|rule|OHKO Clause: OHKO moves are banned\n|rule|Evasion Items Clause: Evasion items are banned\n|rule|Evasion Moves Clause: Evasion moves are banned\n|rule|Endless Battle Clause: Forcing endless battles is banned\n|rule|HP Percentage Mod: HP is shown in percentages\n|clearpoke\n|poke|p1|Dialga-Origin|\n|poke|p1|Toxapex, F|\n|poke|p1|Regieleki|\n|poke|p1|Mewtwo|\n|poke|p1|Ursaluna-Bloodmoon, M|\n|poke|p1|Zacian-*|\n|poke|p2|Ogerpon-Hearthflame, F|\n|poke|p2|Vikavolt, M|\n|poke|p2|Kommo-o, M|\n|poke|p2|Ursaluna-Bloodmoon, M|\n|poke|p2|Yanmega, F|\n|poke|p2|Chandelure, M|\n|teampreview\n|\n|t:|1698633347\n|start\n|switch|p1a: Dialga|Dialga-Origin|100\/100\n|switch|p2a: Vikavolt|Vikavolt, M|100\/100\n|-ability|p1a: Dialga|Pressure\n|turn|1\n|c|\u2606Blake-Mamba|Glhf\n|\n|t:|1698633357\n|move|p1a: Dialga|Flamethrower|p2a: Vikavolt\n|-supereffective|p2a: Vikavolt\n|-damage|p2a: Vikavolt|22\/100\n|move|p2a: Vikavolt|Sticky Web|p1a: Dialga\n|-sidestart|p1: Jroy12|move: Sticky Web\n|\n|upkeep\n|turn|2\n|\n|t:|1698633363\n|switch|p2a: Chandelure|Chandelure, M|100\/100\n|move|p1a: Dialga|Flamethrower|p2a: Chandelure\n|-start|p2a: Chandelure|ability: Flash Fire\n|\n|upkeep\n|turn|3\n|\n|t:|1698633375\n|move|p2a: Chandelure|Flamethrower|p1a: Dialga\n|-damage|p1a: Dialga|40\/100\n|move|p1a: Dialga|Flash Cannon|p2a: Chandelure\n|-resisted|p2a: Chandelure\n|-damage|p2a: Chandelure|64\/100\n|\n|upkeep\n|turn|4\n|\n|t:|1698633382\n|move|p2a: Chandelure|Flamethrower|p1a: Dialga\n|-damage|p1a: Dialga|0 fnt\n|faint|p1a: Dialga\n|\n|upkeep\n|\n|t:|1698633387\n|switch|p1a: Toxapex|Toxapex, F|100\/100\n|-activate|p1a: Toxapex|move: Sticky Web\n|-unboost|p1a: Toxapex|spe|1\n|turn|5\n|\n|t:|1698633391\n|-end|p2a: Chandelure|ability: Flash Fire|[silent]\n|switch|p2a: Vikavolt|Vikavolt, M|22\/100\n|move|p1a: Toxapex|Toxic|p2a: Vikavolt\n|-status|p2a: Vikavolt|tox\n|\n|-damage|p2a: Vikavolt|16\/100 tox|[from] psn\n|upkeep\n|turn|6\n|\n|t:|1698633405\n|move|p1a: Toxapex|Baneful Bunker|p1a: Toxapex\n|-singleturn|p1a: Toxapex|move: Protect\n|move|p2a: Vikavolt|Thunder|p1a: Toxapex\n|-activate|p1a: Toxapex|move: Protect\n|\n|-damage|p2a: Vikavolt|3\/100 tox|[from] psn\n|upkeep\n|turn|7\n|j| vvslucky\n|\n|t:|1698633419\n|move|p2a: Vikavolt|Energy Ball|p1a: Toxapex\n|-damage|p1a: Toxapex|75\/100\n|move|p1a: Toxapex|Chilling Water|p2a: Vikavolt\n|-damage|p2a: Vikavolt|0 fnt\n|faint|p2a: Vikavolt\n|\n|-heal|p1a: Toxapex|82\/100|[from] item: Black Sludge\n|upkeep\n|\n|t:|1698633435\n|switch|p2a: Ursaluna|Ursaluna-Bloodmoon, M|100\/100\n|turn|8\n|\n|t:|1698633447\n|move|p2a: Ursaluna|Earth Power|p1a: Toxapex\n|-supereffective|p1a: Toxapex\n|-damage|p1a: Toxapex|6\/100\n|move|p1a: Toxapex|Toxic|p2a: Ursaluna\n|-status|p2a: Ursaluna|tox\n|\n|-heal|p1a: Toxapex|12\/100|[from] item: Black Sludge\n|-damage|p2a: Ursaluna|94\/100 tox|[from] psn\n|upkeep\n|turn|9\n|l| vvslucky\n|\n|t:|1698633456\n|move|p1a: Toxapex|Baneful Bunker|p1a: Toxapex\n|-singleturn|p1a: Toxapex|move: Protect\n|move|p2a: Ursaluna|Calm Mind|p2a: Ursaluna\n|-boost|p2a: Ursaluna|spa|1\n|-boost|p2a: Ursaluna|spd|1\n|\n|-heal|p2a: Ursaluna|100\/100 tox|[from] item: Leftovers\n|-heal|p1a: Toxapex|18\/100|[from] item: Black Sludge\n|-damage|p2a: Ursaluna|88\/100 tox|[from] psn\n|upkeep\n|turn|10\n|\n|t:|1698633470\n|move|p2a: Ursaluna|Earth Power|p1a: Toxapex\n|-supereffective|p1a: Toxapex\n|-damage|p1a: Toxapex|0 fnt\n|faint|p1a: Toxapex\n|\n|-heal|p2a: Ursaluna|94\/100 tox|[from] item: Leftovers\n|-damage|p2a: Ursaluna|76\/100 tox|[from] psn\n|upkeep\n|\n|t:|1698633478\n|switch|p1a: Regieleki|Regieleki|100\/100\n|-activate|p1a: Regieleki|move: Sticky Web\n|-unboost|p1a: Regieleki|spe|1\n|turn|11\n|\n|t:|1698633483\n|move|p1a: Regieleki|Rapid Spin|p2a: Ursaluna\n|-damage|p2a: Ursaluna|68\/100 tox\n|-boost|p1a: Regieleki|spe|1\n|-sideend|p1: Jroy12|Sticky Web|[from] move: Rapid Spin|[of] p1a: Regieleki\n|move|p2a: Ursaluna|Earth Power|p1a: Regieleki\n|-supereffective|p1a: Regieleki\n|-enditem|p1a: Regieleki|Focus Sash\n|-damage|p1a: Regieleki|1\/100\n|\n|-heal|p2a: Ursaluna|74\/100 tox|[from] item: Leftovers\n|-damage|p2a: Ursaluna|49\/100 tox|[from] psn\n|upkeep\n|turn|12\n|\n|t:|1698633497\n|-terastallize|p1a: Regieleki|Ice\n|move|p1a: Regieleki|Tera Blast|p2a: Ursaluna|[anim] Tera Blast Ice\n|-supereffective|p2a: Ursaluna\n|-damage|p2a: Ursaluna|0 fnt\n|faint|p2a: Ursaluna\n|\n|upkeep\n|\n|t:|1698633504\n|switch|p2a: Yanmega|Yanmega, F, shiny|100\/100\n|turn|13\n|\n|t:|1698633507\n|move|p2a: Yanmega|Protect|p2a: Yanmega\n|-singleturn|p2a: Yanmega|Protect\n|move|p1a: Regieleki|Thunderbolt|p2a: Yanmega\n|-activate|p2a: Yanmega|move: Protect\n|\n|-ability|p2a: Yanmega|Speed Boost|boost\n|-boost|p2a: Yanmega|spe|1\n|upkeep\n|turn|14\n|\n|t:|1698633517\n|-terastallize|p2a: Yanmega|Ground\n|move|p1a: Regieleki|Thunderbolt|p2a: Yanmega\n|-immune|p2a: Yanmega\n|move|p2a: Yanmega|Bug Buzz|p1a: Regieleki\n|-damage|p1a: Regieleki|0 fnt\n|faint|p1a: Regieleki\n|-enditem|p2a: Yanmega|Throat Spray\n|-boost|p2a: Yanmega|spa|1|[from] item: Throat Spray\n|\n|-ability|p2a: Yanmega|Speed Boost|boost\n|-boost|p2a: Yanmega|spe|1\n|upkeep\n|\n|t:|1698633541\n|switch|p1a: Ursaluna|Ursaluna-Bloodmoon, M|100\/100\n|turn|15\n|\n|t:|1698633544\n|move|p2a: Yanmega|Bug Buzz|p1a: Ursaluna\n|-damage|p1a: Ursaluna|33\/100\n|move|p1a: Ursaluna|Earth Power|p2a: Yanmega\n|-damage|p2a: Yanmega|23\/100\n|\n|-heal|p1a: Ursaluna|39\/100|[from] item: Leftovers\n|-ability|p2a: Yanmega|Speed Boost|boost\n|-boost|p2a: Yanmega|spe|1\n|upkeep\n|turn|16\n|\n|t:|1698633554\n|move|p2a: Yanmega|Bug Buzz|p1a: Ursaluna\n|-damage|p1a: Ursaluna|0 fnt\n|faint|p1a: Ursaluna\n|\n|-ability|p2a: Yanmega|Speed Boost|boost\n|-boost|p2a: Yanmega|spe|1\n|upkeep\n|\n|t:|1698633561\n|switch|p1a: Zacian|Zacian-Crowned|100\/100\n|-ability|p1a: Zacian|Intrepid Sword|boost\n|-boost|p1a: Zacian|atk|1\n|turn|17\n|inactive|Battle timer is ON: inactive players will automatically lose when time's up. (requested by Blake-Mamba)\n|\n|t:|1698633571\n|move|p2a: Yanmega|Tera Blast|p1a: Zacian|[anim] Tera Blast Ground\n|-supereffective|p1a: Zacian\n|-crit|p1a: Zacian\n|-damage|p1a: Zacian|0 fnt\n|faint|p1a: Zacian\n|\n|-ability|p2a: Yanmega|Speed Boost|boost\n|-boost|p2a: Yanmega|spe|1\n|upkeep\n|-message|Jroy12 forfeited.\n|\n|win|Blake-Mamba\n|raw|Jroy12's rating: 1199 &rarr; <strong>1183<\/strong><br \/>(-16 for losing)\n|raw|Blake-Mamba's rating: 1324 &rarr; <strong>1337<\/strong><br \/>(+13 for winning)\n|l|\u2606Jroy12\n","uploadtime":1698633586,"views":8,"p1id":"jroy12","p2id":"blakemamba","formatid":"gen9ubers","rating":1183,"private":0,"password":""}