{"id":"gen9ubers-1971773349","p1":"Grateful Heart","p2":"Coach Banana","format":"[Gen 9] Ubers","log":"|j|\u2606Grateful Heart\n|j|\u2606Coach Banana\n|t:|1697770570\n|gametype|singles\n|player|p1|Grateful Heart|169|\n|player|p2|Coach Banana|oak-gen3|\n|teamsize|p1|6\n|teamsize|p2|6\n|gen|9\n|tier|[Gen 9] Ubers\n|rule|Sleep Clause Mod: Limit one foe put to sleep\n|rule|Species Clause: Limit one of each Pok\u00e9mon\n|rule|OHKO Clause: OHKO moves are banned\n|rule|Evasion Items Clause: Evasion items are banned\n|rule|Evasion Moves Clause: Evasion moves are banned\n|rule|Endless Battle Clause: Forcing endless battles is banned\n|rule|HP Percentage Mod: HP is shown in percentages\n|clearpoke\n|poke|p1|Maushold-Four|\n|poke|p1|Grimmsnarl, M|\n|poke|p1|Skeledirge, M|\n|poke|p1|Greninja-*, M|\n|poke|p1|Glimmora, M|\n|poke|p1|Rotom-Mow|\n|poke|p2|Annihilape, M|\n|poke|p2|Pawmot, M|\n|poke|p2|Corviknight, F|\n|poke|p2|Blissey, F|\n|poke|p2|Arcanine, F|\n|poke|p2|Slowbro, M|\n|teampreview\n|\n|t:|1697770596\n|start\n|switch|p1a: Not a Setter|Glimmora, M|100\/100\n|switch|p2a: Harambe's Revenge|Annihilape, M|100\/100\n|turn|1\n|\n|t:|1697770611\n|move|p2a: Harambe's Revenge|Drain Punch|p1a: Not a Setter\n|-damage|p1a: Not a Setter|75\/100\n|-activate|p1a: Not a Setter|ability: Toxic Debris\n|-sidestart|p2: Coach Banana|move: Toxic Spikes\n|move|p1a: Not a Setter|Toxic|p2a: Harambe's Revenge\n|-status|p2a: Harambe's Revenge|tox\n|\n|-heal|p1a: Not a Setter|82\/100|[from] item: Black Sludge\n|-damage|p2a: Harambe's Revenge|94\/100 tox|[from] psn\n|upkeep\n|turn|2\n|\n|t:|1697770634\n|switch|p2a: That's So Raven|Corviknight, F|100\/100\n|-ability|p2a: That's So Raven|Pressure\n|move|p1a: Not a Setter|Stealth Rock|p2a: That's So Raven\n|-sidestart|p2: Coach Banana|move: Stealth Rock\n|\n|-heal|p1a: Not a Setter|88\/100|[from] item: Black Sludge\n|upkeep\n|turn|3\n|j| makoopy\n|\n|t:|1697770646\n|switch|p1a: Rotom|Rotom-Mow|100\/100\n|move|p2a: That's So Raven|Defog|p1a: Rotom\n|-unboost|p1a: Rotom|evasion|1\n|-sideend|p2: Coach Banana|Toxic Spikes|[from] move: Defog|[of] p2a: That's So Raven\n|-sideend|p2: Coach Banana|Stealth Rock|[from] move: Defog|[of] p2a: That's So Raven\n|\n|upkeep\n|turn|4\n|\n|t:|1697770661\n|switch|p2a: Harambe's Revenge|Annihilape, M|94\/100 tox\n|move|p1a: Rotom|Nasty Plot|p1a: Rotom\n|-boost|p1a: Rotom|spa|2\n|\n|-damage|p2a: Harambe's Revenge|88\/100 tox|[from] psn\n|upkeep\n|turn|5\n|\n|t:|1697770679\n|move|p2a: Harambe's Revenge|U-turn|p1a: Rotom\n|-supereffective|p1a: Rotom\n|-damage|p1a: Rotom|47\/100\n|\n|t:|1697770683\n|switch|p2a: Twisted Bliss|Blissey, F|100\/100|[from] U-turn\n|move|p1a: Rotom|Volt Switch|p2a: Twisted Bliss\n|-damage|p2a: Twisted Bliss|74\/100\n|\n|t:|1697770687\n|switch|p1a: Wendys 4 for 4|Maushold-Four|100\/100|[from] Volt Switch\n|\n|-heal|p2a: Twisted Bliss|80\/100|[from] item: Leftovers\n|upkeep\n|turn|6\n|\n|t:|1697770693\n|switch|p2a: That's So Raven|Corviknight, F|100\/100\n|-ability|p2a: That's So Raven|Pressure\n|move|p1a: Wendys 4 for 4|Taunt|p2a: That's So Raven\n|-start|p2a: That's So Raven|move: Taunt\n|\n|upkeep\n|turn|7\n|\n|t:|1697770704\n|switch|p1a: Not a Setter|Glimmora, M|88\/100\n|move|p2a: That's So Raven|Brave Bird|p1a: Not a Setter\n|-resisted|p1a: Not a Setter\n|-damage|p1a: Not a Setter|75\/100\n|-activate|p1a: Not a Setter|ability: Toxic Debris\n|-sidestart|p2: Coach Banana|move: Toxic Spikes\n|-damage|p2a: That's So Raven|96\/100|[from] Recoil\n|\n|-heal|p1a: Not a Setter|81\/100|[from] item: Black Sludge\n|upkeep\n|turn|8\n|\n|t:|1697770728\n|switch|p2a: Harambe's Revenge|Annihilape, M|88\/100 tox\n|move|p1a: Not a Setter|Toxic|p2a: Harambe's Revenge\n|-fail|p2a: Harambe's Revenge|tox\n|\n|-heal|p1a: Not a Setter|87\/100|[from] item: Black Sludge\n|-damage|p2a: Harambe's Revenge|82\/100 tox|[from] psn\n|upkeep\n|turn|9\n|\n|t:|1697770734\n|switch|p2a: That's So Raven|Corviknight, F|96\/100\n|-ability|p2a: That's So Raven|Pressure\n|move|p1a: Not a Setter|Spiky Shield||[still]\n|-fail|p1a: Not a Setter\n|\n|-heal|p1a: Not a Setter|93\/100|[from] item: Black Sludge\n|upkeep\n|turn|10\n|\n|t:|1697770757\n|switch|p1a: Ed|Skeledirge, M|100\/100\n|move|p2a: That's So Raven|Defog|p1a: Ed\n|-unboost|p1a: Ed|evasion|1\n|-sideend|p2: Coach Banana|Toxic Spikes|[from] move: Defog|[of] p2a: That's So Raven\n|\n|upkeep\n|turn|11\n|\n|t:|1697770767\n|switch|p2a: Twisted Bliss|Blissey, F|80\/100\n|switch|p1a: Wendys 4 for 4|Maushold-Four|100\/100\n|\n|-heal|p2a: Twisted Bliss|87\/100|[from] item: Leftovers\n|upkeep\n|turn|12\n|\n|t:|1697770771\n|switch|p2a: That's So Raven|Corviknight, F|96\/100\n|-ability|p2a: That's So Raven|Pressure\n|move|p1a: Wendys 4 for 4|Tidy Up|p1a: Wendys 4 for 4\n|-boost|p1a: Wendys 4 for 4|atk|1\n|-boost|p1a: Wendys 4 for 4|spe|1\n|\n|upkeep\n|turn|13\n|\n|t:|1697770802\n|-terastallize|p1a: Wendys 4 for 4|Electric\n|move|p1a: Wendys 4 for 4|Tidy Up|p1a: Wendys 4 for 4\n|-boost|p1a: Wendys 4 for 4|atk|1\n|-boost|p1a: Wendys 4 for 4|spe|1\n|move|p2a: That's So Raven|Brave Bird|p1a: Wendys 4 for 4\n|-resisted|p1a: Wendys 4 for 4\n|-damage|p1a: Wendys 4 for 4|69\/100\n|-damage|p2a: That's So Raven|89\/100|[from] Recoil\n|\n|upkeep\n|turn|14\n|\n|t:|1697770817\n|move|p1a: Wendys 4 for 4|Tera Blast|p2a: That's So Raven|[anim] Tera Blast Electric\n|-supereffective|p2a: That's So Raven\n|-damage|p2a: That's So Raven|9\/100\n|move|p2a: That's So Raven|Tailwind|p2a: That's So Raven\n|-sidestart|p2: Coach Banana|move: Tailwind\n|\n|upkeep\n|turn|15\n|\n|t:|1697770840\n|move|p1a: Wendys 4 for 4|Tidy Up|p1a: Wendys 4 for 4\n|-boost|p1a: Wendys 4 for 4|atk|1\n|-boost|p1a: Wendys 4 for 4|spe|1\n|move|p2a: That's So Raven|Roost|p2a: That's So Raven\n|-heal|p2a: That's So Raven|59\/100\n|-singleturn|p2a: That's So Raven|move: Roost\n|\n|upkeep\n|turn|16\n|\n|t:|1697770850\n|move|p1a: Wendys 4 for 4|Tera Blast|p2a: That's So Raven|[anim] Tera Blast Electric\n|-supereffective|p2a: That's So Raven\n|-damage|p2a: That's So Raven|0 fnt\n|faint|p2a: That's So Raven\n|\n|upkeep\n|\n|t:|1697770866\n|switch|p2a: Gorilla Tactics|Arcanine, F|100\/100\n|turn|17\n|\n|t:|1697770901\n|-terastallize|p2a: Gorilla Tactics|Normal\n|move|p2a: Gorilla Tactics|Extreme Speed|p1a: Wendys 4 for 4\n|-damage|p1a: Wendys 4 for 4|0 fnt\n|faint|p1a: Wendys 4 for 4\n|-damage|p2a: Gorilla Tactics|91\/100|[from] item: Life Orb\n|\n|-sideend|p2: Coach Banana|move: Tailwind\n|upkeep\n|c|\u2606Grateful Heart|i think\n|c|\u2606Grateful Heart|that was a max roll\n|c|\u2606Grateful Heart|oh nvm\n|c|\u2606Grateful Heart|life orb\n|\n|t:|1697770931\n|switch|p1a: Not a Setter|Glimmora, M|93\/100\n|turn|18\n|c|\u2606Coach Banana|Yep, Life Orb helps me hit margins. Very helpful.\n|\n|t:|1697770975\n|switch|p2a: Twisted Bliss|Blissey, F|87\/100\n|move|p1a: Not a Setter|Toxic|p2a: Twisted Bliss\n|-status|p2a: Twisted Bliss|tox\n|\n|-heal|p1a: Not a Setter|99\/100|[from] item: Black Sludge\n|-heal|p2a: Twisted Bliss|93\/100 tox|[from] item: Leftovers\n|-damage|p2a: Twisted Bliss|87\/100 tox|[from] psn\n|upkeep\n|turn|19\n|\n|t:|1697771005\n|move|p1a: Not a Setter|Stealth Rock|p2a: Twisted Bliss\n|-sidestart|p2: Coach Banana|move: Stealth Rock\n|move|p2a: Twisted Bliss|Heal Bell|p2a: Twisted Bliss\n|-activate|p2a: Twisted Bliss|move: Heal Bell\n|-curestatus|p2a: Twisted Bliss|tox|[msg]\n|-curestatus|p2: Harambe's Revenge|tox|[msg]\n|\n|-heal|p1a: Not a Setter|100\/100|[from] item: Black Sludge\n|-heal|p2a: Twisted Bliss|93\/100|[from] item: Leftovers\n|upkeep\n|turn|20\n|\n|t:|1697771020\n|switch|p1a: Bartolomeo|Grimmsnarl, M|100\/100\n|move|p2a: Twisted Bliss|Seismic Toss|p1a: Bartolomeo\n|-damage|p1a: Bartolomeo|75\/100\n|\n|-heal|p2a: Twisted Bliss|99\/100|[from] item: Leftovers\n|upkeep\n|turn|21\n|\n|t:|1697771030\n|switch|p2a: Sonic|Slowbro, M, shiny|100\/100\n|-damage|p2a: Sonic|88\/100|[from] Stealth Rock\n|move|p1a: Bartolomeo|Play Rough|p2a: Sonic\n|-damage|p2a: Sonic|58\/100\n|\n|upkeep\n|turn|22\n|\n|t:|1697771036\n|move|p1a: Bartolomeo|Parting Shot|p2a: Sonic\n|-unboost|p2a: Sonic|atk|1\n|-unboost|p2a: Sonic|spa|1\n|\n|t:|1697771037\n|switch|p1a: Rotom|Rotom-Mow|47\/100|[from] Parting Shot\n|move|p2a: Sonic|Surf|p1a: Rotom\n|-resisted|p1a: Rotom\n|-damage|p1a: Rotom|24\/100\n|\n|upkeep\n|turn|23\n|\n|t:|1697771046\n|switch|p2a: Twisted Bliss|Blissey, F|99\/100\n|-damage|p2a: Twisted Bliss|86\/100|[from] Stealth Rock\n|move|p1a: Rotom|Volt Switch|p2a: Twisted Bliss\n|-damage|p2a: Twisted Bliss|73\/100\n|\n|t:|1697771074\n|switch|p1a: Not a Setter|Glimmora, M|100\/100|[from] Volt Switch\n|\n|-heal|p2a: Twisted Bliss|79\/100|[from] item: Leftovers\n|upkeep\n|turn|24\n|\n|t:|1697771094\n|move|p1a: Not a Setter|Toxic|p2a: Twisted Bliss\n|-status|p2a: Twisted Bliss|tox\n|move|p2a: Twisted Bliss|Seismic Toss|p1a: Not a Setter\n|-damage|p1a: Not a Setter|73\/100\n|-activate|p1a: Not a Setter|ability: Toxic Debris\n|-sidestart|p2: Coach Banana|move: Toxic Spikes\n|\n|-heal|p1a: Not a Setter|80\/100|[from] item: Black Sludge\n|-heal|p2a: Twisted Bliss|85\/100 tox|[from] item: Leftovers\n|-damage|p2a: Twisted Bliss|79\/100 tox|[from] psn\n|upkeep\n|turn|25\n|\n|t:|1697771106\n|switch|p2a: Awoofy|Pawmot, M|100\/100\n|-damage|p2a: Awoofy|94\/100|[from] Stealth Rock\n|-status|p2a: Awoofy|psn\n|move|p1a: Not a Setter|Toxic||[still]\n|-fail|p1a: Not a Setter\n|\n|-heal|p1a: Not a Setter|86\/100|[from] item: Black Sludge\n|-damage|p2a: Awoofy|82\/100 psn|[from] psn\n|upkeep\n|turn|26\n|\n|t:|1697771120\n|switch|p1a: Bartolomeo|Grimmsnarl, M|75\/100\n|move|p2a: Awoofy|Revival Blessing|p2a: Awoofy\n|-enditem|p2a: Awoofy|Leppa Berry|[eat]\n|-activate|p2a: Awoofy|item: Leppa Berry|Revival Blessing|[consumed]\n|\n|t:|1697771123\n|-heal|p2: That's So Raven|50\/100|[from] move: Revival Blessing\n|\n|-damage|p2a: Awoofy|70\/100 psn|[from] psn\n|upkeep\n|turn|27\n|\n|t:|1697771132\n|switch|p2a: That's So Raven|Corviknight, F|50\/100\n|-damage|p2a: That's So Raven|38\/100|[from] Stealth Rock\n|-ability|p2a: That's So Raven|Pressure\n|move|p1a: Bartolomeo|Reflect|p1a: Bartolomeo\n|-sidestart|p1: Grateful Heart|Reflect\n|\n|upkeep\n|turn|28\n|\n|t:|1697771151\n|switch|p2a: Sonic|Slowbro, M, shiny|91\/100\n|-damage|p2a: Sonic|79\/100|[from] Stealth Rock\n|-status|p2a: Sonic|psn\n|move|p1a: Bartolomeo|Taunt|p2a: Sonic\n|-start|p2a: Sonic|move: Taunt\n|\n|-damage|p2a: Sonic|66\/100 psn|[from] psn\n|upkeep\n|turn|29\n|\n|t:|1697771178\n|move|p1a: Bartolomeo|Parting Shot|p2a: Sonic\n|-unboost|p2a: Sonic|atk|1\n|-unboost|p2a: Sonic|spa|1\n|\n|t:|1697771180\n|switch|p1a: Rotom|Rotom-Mow|24\/100|[from] Parting Shot\n|move|p2a: Sonic|Surf|p1a: Rotom\n|-resisted|p1a: Rotom\n|-damage|p1a: Rotom|0 fnt\n|faint|p1a: Rotom\n|\n|-damage|p2a: Sonic|54\/100 psn|[from] psn\n|upkeep\n|\n|t:|1697771190\n|switch|p1a: Foo Fighters|Greninja, M|100\/100\n|turn|30\n|\n|t:|1697771196\n|switch|p2a: Twisted Bliss|Blissey, F|79\/100 tox\n|-damage|p2a: Twisted Bliss|67\/100 tox|[from] Stealth Rock\n|move|p1a: Foo Fighters|Dark Pulse|p2a: Twisted Bliss\n|-start|p1a: Foo Fighters|typechange|Dark|[from] ability: Protean\n|-damage|p2a: Twisted Bliss|47\/100 tox\n|-damage|p1a: Foo Fighters|91\/100|[from] item: Life Orb\n|\n|-heal|p2a: Twisted Bliss|53\/100 tox|[from] item: Leftovers\n|-damage|p2a: Twisted Bliss|47\/100 tox|[from] psn\n|upkeep\n|turn|31\n|\n|t:|1697771204\n|move|p1a: Foo Fighters|Low Sweep|p2a: Twisted Bliss\n|-supereffective|p2a: Twisted Bliss\n|-damage|p2a: Twisted Bliss|14\/100 tox\n|-unboost|p2a: Twisted Bliss|spe|1\n|-damage|p1a: Foo Fighters|81\/100|[from] item: Life Orb\n|move|p2a: Twisted Bliss|Heal Bell|p2a: Twisted Bliss\n|-activate|p2a: Twisted Bliss|move: Heal Bell\n|-curestatus|p2a: Twisted Bliss|tox|[msg]\n|-curestatus|p2: Sonic|psn|[msg]\n|-curestatus|p2: Awoofy|psn|[msg]\n|\n|-heal|p2a: Twisted Bliss|20\/100|[from] item: Leftovers\n|upkeep\n|turn|32\n|\n|t:|1697771225\n|switch|p2a: Harambe's Revenge|Annihilape, M|82\/100\n|-damage|p2a: Harambe's Revenge|76\/100|[from] Stealth Rock\n|-status|p2a: Harambe's Revenge|psn\n|move|p1a: Foo Fighters|Extrasensory|p2a: Harambe's Revenge\n|-supereffective|p2a: Harambe's Revenge\n|-damage|p2a: Harambe's Revenge|28\/100 psn\n|-damage|p1a: Foo Fighters|71\/100|[from] item: Life Orb\n|\n|-damage|p2a: Harambe's Revenge|15\/100 psn|[from] psn\n|upkeep\n|turn|33\n|\n|t:|1697771245\n|move|p1a: Foo Fighters|Dark Pulse|p2a: Harambe's Revenge\n|-damage|p2a: Harambe's Revenge|0 fnt\n|faint|p2a: Harambe's Revenge\n|-damage|p1a: Foo Fighters|61\/100|[from] item: Life Orb\n|\n|upkeep\n|\n|t:|1697771253\n|switch|p2a: Gorilla Tactics|Arcanine, F, tera:Normal|91\/100\n|-damage|p2a: Gorilla Tactics|78\/100|[from] Stealth Rock\n|-status|p2a: Gorilla Tactics|psn\n|turn|34\n|\n|t:|1697771274\n|move|p1a: Foo Fighters|Surf|p2a: Gorilla Tactics\n|-damage|p2a: Gorilla Tactics|36\/100 psn\n|-damage|p1a: Foo Fighters|51\/100|[from] item: Life Orb\n|move|p2a: Gorilla Tactics|Morning Sun|p2a: Gorilla Tactics\n|-heal|p2a: Gorilla Tactics|86\/100 psn\n|\n|-damage|p2a: Gorilla Tactics|74\/100 psn|[from] psn\n|-sideend|p1: Grateful Heart|Reflect\n|upkeep\n|turn|35\n|\n|t:|1697771281\n|switch|p1a: Not a Setter|Glimmora, M|86\/100\n|move|p2a: Gorilla Tactics|Extreme Speed|p1a: Not a Setter\n|-resisted|p1a: Not a Setter\n|-damage|p1a: Not a Setter|66\/100\n|-activate|p1a: Not a Setter|ability: Toxic Debris\n|-sidestart|p2: Coach Banana|move: Toxic Spikes\n|-damage|p2a: Gorilla Tactics|64\/100 psn|[from] item: Life Orb\n|\n|-heal|p1a: Not a Setter|72\/100|[from] item: Black Sludge\n|-damage|p2a: Gorilla Tactics|51\/100 psn|[from] psn\n|upkeep\n|turn|36\n|\n|t:|1697771290\n|switch|p2a: That's So Raven|Corviknight, F|38\/100\n|-damage|p2a: That's So Raven|26\/100|[from] Stealth Rock\n|-ability|p2a: That's So Raven|Pressure\n|switch|p1a: Bartolomeo|Grimmsnarl, M|75\/100\n|\n|upkeep\n|turn|37\n|\n|t:|1697771303\n|move|p1a: Bartolomeo|Parting Shot|p2a: That's So Raven\n|-unboost|p2a: That's So Raven|atk|1\n|-unboost|p2a: That's So Raven|spa|1\n|\n|t:|1697771312\n|switch|p1a: Ed|Skeledirge, M|100\/100|[from] Parting Shot\n|move|p2a: That's So Raven|Defog|p1a: Ed\n|-unboost|p1a: Ed|evasion|1\n|-sideend|p2: Coach Banana|Toxic Spikes|[from] move: Defog|[of] p2a: That's So Raven\n|-sideend|p2: Coach Banana|Stealth Rock|[from] move: Defog|[of] p2a: That's So Raven\n|\n|upkeep\n|turn|38\n|\n|t:|1697771319\n|switch|p2a: Gorilla Tactics|Arcanine, F, tera:Normal|51\/100 psn\n|move|p1a: Ed|Torch Song|p2a: Gorilla Tactics\n|-start|p2a: Gorilla Tactics|ability: Flash Fire\n|\n|-damage|p2a: Gorilla Tactics|39\/100 psn|[from] psn\n|upkeep\n|turn|39\n|\n|t:|1697771325\n|switch|p1a: Not a Setter|Glimmora, M|72\/100\n|move|p2a: Gorilla Tactics|Morning Sun|p2a: Gorilla Tactics\n|-heal|p2a: Gorilla Tactics|89\/100 psn\n|\n|-heal|p1a: Not a Setter|79\/100|[from] item: Black Sludge\n|-damage|p2a: Gorilla Tactics|76\/100 psn|[from] psn\n|upkeep\n|turn|40\n|\n|t:|1697771376\n|-end|p2a: Gorilla Tactics|ability: Flash Fire|[silent]\n|switch|p2a: That's So Raven|Corviknight, F|26\/100\n|-ability|p2a: That's So Raven|Pressure\n|move|p1a: Not a Setter|Venoshock|p2a: That's So Raven\n|-immune|p2a: That's So Raven\n|\n|-heal|p1a: Not a Setter|85\/100|[from] item: Black Sludge\n|upkeep\n|turn|41\n|\n|t:|1697771386\n|switch|p1a: Ed|Skeledirge, M|100\/100\n|move|p2a: That's So Raven|Roost|p2a: That's So Raven\n|-heal|p2a: That's So Raven|76\/100\n|-singleturn|p2a: That's So Raven|move: Roost\n|\n|upkeep\n|turn|42\n|\n|t:|1697771395\n|switch|p2a: Gorilla Tactics|Arcanine, F, tera:Normal|76\/100 psn\n|switch|p1a: Foo Fighters|Greninja, M|51\/100\n|\n|-damage|p2a: Gorilla Tactics|64\/100 psn|[from] psn\n|upkeep\n|turn|43\n|\n|t:|1697771400\n|move|p2a: Gorilla Tactics|Extreme Speed|p1a: Foo Fighters\n|-damage|p1a: Foo Fighters|0 fnt\n|faint|p1a: Foo Fighters\n|-damage|p2a: Gorilla Tactics|54\/100 psn|[from] item: Life Orb\n|\n|-damage|p2a: Gorilla Tactics|41\/100 psn|[from] psn\n|upkeep\n|\n|t:|1697771404\n|switch|p1a: Bartolomeo|Grimmsnarl, M|75\/100\n|turn|44\n|\n|t:|1697771413\n|switch|p2a: Sonic|Slowbro, M, shiny|87\/100\n|move|p1a: Bartolomeo|Play Rough|p2a: Sonic\n|-damage|p2a: Sonic|56\/100\n|\n|upkeep\n|turn|45\n|\n|t:|1697771419\n|move|p1a: Bartolomeo|Play Rough|p2a: Sonic\n|-damage|p2a: Sonic|25\/100\n|move|p2a: Sonic|Surf|p1a: Bartolomeo\n|-damage|p1a: Bartolomeo|5\/100\n|\n|upkeep\n|turn|46\n|\n|t:|1697771425\n|switch|p2a: That's So Raven|Corviknight, F|76\/100\n|-ability|p2a: That's So Raven|Pressure\n|move|p1a: Bartolomeo|Play Rough|p2a: That's So Raven\n|-resisted|p2a: That's So Raven\n|-damage|p2a: That's So Raven|66\/100\n|-damage|p1a: Bartolomeo|0 fnt|[from] item: Rocky Helmet|[of] p2a: That's So Raven\n|faint|p1a: Bartolomeo\n|\n|upkeep\n|\n|t:|1697771427\n|switch|p1a: Ed|Skeledirge, M|100\/100\n|turn|47\n|\n|t:|1697771439\n|move|p2a: That's So Raven|Tailwind|p2a: That's So Raven\n|-sidestart|p2: Coach Banana|move: Tailwind\n|move|p1a: Ed|Torch Song|p2a: That's So Raven\n|-supereffective|p2a: That's So Raven\n|-damage|p2a: That's So Raven|5\/100\n|-boost|p1a: Ed|spa|1\n|\n|upkeep\n|turn|48\n|\n|t:|1697771447\n|switch|p2a: Gorilla Tactics|Arcanine, F, tera:Normal|41\/100 psn\n|move|p1a: Ed|Torch Song|p2a: Gorilla Tactics\n|-start|p2a: Gorilla Tactics|ability: Flash Fire\n|\n|-damage|p2a: Gorilla Tactics|29\/100 psn|[from] psn\n|upkeep\n|turn|49\n|\n|t:|1697771452\n|switch|p1a: Not a Setter|Glimmora, M|85\/100\n|move|p2a: Gorilla Tactics|Morning Sun|p2a: Gorilla Tactics\n|-heal|p2a: Gorilla Tactics|79\/100 psn\n|\n|-heal|p1a: Not a Setter|91\/100|[from] item: Black Sludge\n|-damage|p2a: Gorilla Tactics|66\/100 psn|[from] psn\n|upkeep\n|turn|50\n|\n|t:|1697771463\n|-end|p2a: Gorilla Tactics|ability: Flash Fire|[silent]\n|switch|p2a: That's So Raven|Corviknight, F|5\/100\n|-ability|p2a: That's So Raven|Pressure\n|move|p1a: Not a Setter|Toxic|p2a: That's So Raven\n|-immune|p2a: That's So Raven\n|\n|-heal|p1a: Not a Setter|97\/100|[from] item: Black Sludge\n|-sideend|p2: Coach Banana|move: Tailwind\n|upkeep\n|turn|51\n|\n|t:|1697771467\n|switch|p1a: Ed|Skeledirge, M|100\/100\n|move|p2a: That's So Raven|Roost|p2a: That's So Raven\n|-heal|p2a: That's So Raven|55\/100\n|-singleturn|p2a: That's So Raven|move: Roost\n|\n|upkeep\n|turn|52\n|\n|t:|1697771516\n|switch|p2a: Twisted Bliss|Blissey, F|20\/100\n|move|p1a: Ed|Shadow Ball|p2a: Twisted Bliss\n|-immune|p2a: Twisted Bliss\n|\n|-heal|p2a: Twisted Bliss|26\/100|[from] item: Leftovers\n|upkeep\n|turn|53\n|\n|t:|1697771528\n|move|p1a: Ed|Torch Song|p2a: Twisted Bliss\n|-damage|p2a: Twisted Bliss|14\/100\n|-boost|p1a: Ed|spa|1\n|move|p2a: Twisted Bliss|Soft-Boiled|p2a: Twisted Bliss\n|-heal|p2a: Twisted Bliss|64\/100\n|\n|-heal|p2a: Twisted Bliss|70\/100|[from] item: Leftovers\n|upkeep\n|turn|54\n|\n|t:|1697771534\n|move|p1a: Ed|Torch Song|p2a: Twisted Bliss\n|-damage|p2a: Twisted Bliss|50\/100\n|-boost|p1a: Ed|spa|1\n|move|p2a: Twisted Bliss|Heal Bell|p2a: Twisted Bliss\n|-activate|p2a: Twisted Bliss|move: Heal Bell\n|-curestatus|p2: Gorilla Tactics|psn|[msg]\n|\n|-heal|p2a: Twisted Bliss|56\/100|[from] item: Leftovers\n|upkeep\n|turn|55\n|\n|t:|1697771541\n|switch|p2a: Gorilla Tactics|Arcanine, F, tera:Normal|66\/100\n|move|p1a: Ed|Shadow Ball|p2a: Gorilla Tactics\n|-immune|p2a: Gorilla Tactics\n|\n|upkeep\n|turn|56\n|\n|t:|1697771548\n|switch|p1a: Not a Setter|Glimmora, M|97\/100\n|move|p2a: Gorilla Tactics|Crunch|p1a: Not a Setter\n|-crit|p1a: Not a Setter\n|-damage|p1a: Not a Setter|56\/100\n|-unboost|p1a: Not a Setter|def|1\n|-activate|p1a: Not a Setter|ability: Toxic Debris\n|-sidestart|p2: Coach Banana|move: Toxic Spikes\n|-damage|p2a: Gorilla Tactics|56\/100|[from] item: Life Orb\n|\n|-heal|p1a: Not a Setter|62\/100|[from] item: Black Sludge\n|upkeep\n|turn|57\n|\n|t:|1697771554\n|switch|p2a: That's So Raven|Corviknight, F|55\/100\n|-ability|p2a: That's So Raven|Pressure\n|move|p1a: Not a Setter|Toxic|p2a: That's So Raven\n|-immune|p2a: That's So Raven\n|\n|-heal|p1a: Not a Setter|69\/100|[from] item: Black Sludge\n|upkeep\n|turn|58\n|\n|t:|1697771561\n|move|p1a: Not a Setter|Stealth Rock|p2a: That's So Raven\n|-sidestart|p2: Coach Banana|move: Stealth Rock\n|move|p2a: That's So Raven|Defog|p1a: Not a Setter\n|-unboost|p1a: Not a Setter|evasion|1\n|-sideend|p2: Coach Banana|Toxic Spikes|[from] move: Defog|[of] p2a: That's So Raven\n|-sideend|p2: Coach Banana|Stealth Rock|[from] move: Defog|[of] p2a: That's So Raven\n|\n|-heal|p1a: Not a Setter|75\/100|[from] item: Black Sludge\n|upkeep\n|turn|59\n|\n|t:|1697771564\n|move|p1a: Not a Setter|Stealth Rock|p2a: That's So Raven\n|-sidestart|p2: Coach Banana|move: Stealth Rock\n|move|p2a: That's So Raven|Tailwind|p2a: That's So Raven\n|-sidestart|p2: Coach Banana|move: Tailwind\n|\n|-heal|p1a: Not a Setter|81\/100|[from] item: Black Sludge\n|upkeep\n|turn|60\n|\n|t:|1697771571\n|move|p2a: That's So Raven|Defog|p1a: Not a Setter\n|-unboost|p1a: Not a Setter|evasion|1\n|-sideend|p2: Coach Banana|Stealth Rock|[from] move: Defog|[of] p2a: That's So Raven\n|move|p1a: Not a Setter|Toxic|p2a: That's So Raven\n|-immune|p2a: That's So Raven\n|\n|-heal|p1a: Not a Setter|87\/100|[from] item: Black Sludge\n|upkeep\n|turn|61\n|\n|t:|1697771574\n|move|p2a: That's So Raven|Brave Bird|p1a: Not a Setter\n|-resisted|p1a: Not a Setter\n|-damage|p1a: Not a Setter|66\/100\n|-activate|p1a: Not a Setter|ability: Toxic Debris\n|-sidestart|p2: Coach Banana|move: Toxic Spikes\n|-damage|p2a: That's So Raven|48\/100|[from] Recoil\n|move|p1a: Not a Setter|Stealth Rock|p2a: That's So Raven\n|-sidestart|p2: Coach Banana|move: Stealth Rock\n|\n|-heal|p1a: Not a Setter|72\/100|[from] item: Black Sludge\n|upkeep\n|turn|62\n|\n|t:|1697771583\n|move|p1a: Not a Setter|Spiky Shield|p1a: Not a Setter\n|-singleturn|p1a: Not a Setter|move: Protect\n|move|p2a: That's So Raven|Defog|p1a: Not a Setter\n|-activate|p1a: Not a Setter|move: Protect\n|\n|-heal|p1a: Not a Setter|79\/100|[from] item: Black Sludge\n|-sideend|p2: Coach Banana|move: Tailwind\n|upkeep\n|turn|63\n|\n|t:|1697771595\n|switch|p1a: Ed|Skeledirge, M|100\/100\n|move|p2a: That's So Raven|Defog|p1a: Ed\n|-unboost|p1a: Ed|evasion|1\n|-sideend|p2: Coach Banana|Toxic Spikes|[from] move: Defog|[of] p2a: That's So Raven\n|-sideend|p2: Coach Banana|Stealth Rock|[from] move: Defog|[of] p2a: That's So Raven\n|\n|upkeep\n|turn|64\n|\n|t:|1697771603\n|switch|p2a: Gorilla Tactics|Arcanine, F, tera:Normal|56\/100\n|move|p1a: Ed|Torch Song|p2a: Gorilla Tactics\n|-start|p2a: Gorilla Tactics|ability: Flash Fire\n|\n|upkeep\n|turn|65\n|\n|t:|1697771610\n|switch|p1a: Not a Setter|Glimmora, M|79\/100\n|move|p2a: Gorilla Tactics|Morning Sun|p2a: Gorilla Tactics\n|-heal|p2a: Gorilla Tactics|100\/100\n|\n|-heal|p1a: Not a Setter|85\/100|[from] item: Black Sludge\n|upkeep\n|turn|66\n|\n|t:|1697771620\n|switch|p1a: Ed|Skeledirge, M|100\/100\n|move|p2a: Gorilla Tactics|Flare Blitz|p1a: Ed\n|-resisted|p1a: Ed\n|-damage|p1a: Ed|64\/100\n|-damage|p2a: Gorilla Tactics|87\/100|[from] Recoil\n|-damage|p2a: Gorilla Tactics|78\/100|[from] item: Life Orb\n|\n|upkeep\n|turn|67\n|\n|t:|1697771623\n|switch|p1a: Not a Setter|Glimmora, M|85\/100\n|move|p2a: Gorilla Tactics|Crunch|p1a: Not a Setter\n|-damage|p1a: Not a Setter|59\/100\n|-activate|p1a: Not a Setter|ability: Toxic Debris\n|-sidestart|p2: Coach Banana|move: Toxic Spikes\n|-damage|p2a: Gorilla Tactics|68\/100|[from] item: Life Orb\n|\n|-heal|p1a: Not a Setter|66\/100|[from] item: Black Sludge\n|upkeep\n|turn|68\n|\n|t:|1697771628\n|move|p2a: Gorilla Tactics|Flare Blitz|p1a: Not a Setter\n|-resisted|p1a: Not a Setter\n|-damage|p1a: Not a Setter|21\/100\n|-activate|p1a: Not a Setter|ability: Toxic Debris\n|-sidestart|p2: Coach Banana|move: Toxic Spikes\n|-damage|p2a: Gorilla Tactics|54\/100|[from] Recoil\n|-damage|p2a: Gorilla Tactics|44\/100|[from] item: Life Orb\n|move|p1a: Not a Setter|Toxic|p2a: Gorilla Tactics\n|-status|p2a: Gorilla Tactics|tox\n|\n|-heal|p1a: Not a Setter|27\/100|[from] item: Black Sludge\n|-damage|p2a: Gorilla Tactics|37\/100 tox|[from] psn\n|upkeep\n|turn|69\n|\n|t:|1697771631\n|move|p1a: Not a Setter|Spiky Shield|p1a: Not a Setter\n|-singleturn|p1a: Not a Setter|move: Protect\n|move|p2a: Gorilla Tactics|Morning Sun|p2a: Gorilla Tactics\n|-heal|p2a: Gorilla Tactics|87\/100 tox\n|\n|-heal|p1a: Not a Setter|34\/100|[from] item: Black Sludge\n|-damage|p2a: Gorilla Tactics|75\/100 tox|[from] psn\n|upkeep\n|turn|70\n|\n|t:|1697771642\n|-end|p2a: Gorilla Tactics|ability: Flash Fire|[silent]\n|switch|p2a: That's So Raven|Corviknight, F|48\/100\n|-ability|p2a: That's So Raven|Pressure\n|move|p1a: Not a Setter|Spiky Shield||[still]\n|-fail|p1a: Not a Setter\n|\n|-heal|p1a: Not a Setter|40\/100|[from] item: Black Sludge\n|upkeep\n|turn|71\n|\n|t:|1697771648\n|switch|p1a: Ed|Skeledirge, M|64\/100\n|move|p2a: That's So Raven|Defog|p1a: Ed\n|-unboost|p1a: Ed|evasion|1\n|-sideend|p2: Coach Banana|Toxic Spikes|[from] move: Defog|[of] p2a: That's So Raven\n|\n|upkeep\n|turn|72\n|\n|t:|1697771652\n|switch|p2a: Twisted Bliss|Blissey, F|56\/100\n|move|p1a: Ed|Slack Off|p1a: Ed\n|-heal|p1a: Ed|100\/100\n|\n|-heal|p2a: Twisted Bliss|63\/100|[from] item: Leftovers\n|upkeep\n|turn|73\n|\n|t:|1697771663\n|move|p1a: Ed|Torch Song|p2a: Twisted Bliss\n|-damage|p2a: Twisted Bliss|51\/100\n|-boost|p1a: Ed|spa|1\n|move|p2a: Twisted Bliss|Shadow Ball|p1a: Ed\n|-supereffective|p1a: Ed\n|-damage|p1a: Ed|60\/100\n|-unboost|p1a: Ed|spd|1\n|\n|-heal|p2a: Twisted Bliss|57\/100|[from] item: Leftovers\n|upkeep\n|turn|74\n|\n|t:|1697771670\n|move|p1a: Ed|Torch Song|p2a: Twisted Bliss\n|-damage|p2a: Twisted Bliss|38\/100\n|-boost|p1a: Ed|spa|1\n|move|p2a: Twisted Bliss|Shadow Ball|p1a: Ed\n|-supereffective|p1a: Ed\n|-damage|p1a: Ed|5\/100\n|\n|-heal|p2a: Twisted Bliss|44\/100|[from] item: Leftovers\n|upkeep\n|turn|75\n|\n|t:|1697771677\n|move|p1a: Ed|Slack Off|p1a: Ed\n|-heal|p1a: Ed|55\/100\n|move|p2a: Twisted Bliss|Soft-Boiled|p2a: Twisted Bliss\n|-heal|p2a: Twisted Bliss|94\/100\n|\n|-heal|p2a: Twisted Bliss|99\/100|[from] item: Leftovers\n|upkeep\n|turn|76\n|\n|t:|1697771679\n|switch|p1a: Not a Setter|Glimmora, M|40\/100\n|move|p2a: Twisted Bliss|Shadow Ball|p1a: Not a Setter\n|-damage|p1a: Not a Setter|21\/100\n|\n|-heal|p1a: Not a Setter|27\/100|[from] item: Black Sludge\n|-heal|p2a: Twisted Bliss|100\/100|[from] item: Leftovers\n|upkeep\n|turn|77\n|\n|t:|1697771683\n|move|p1a: Not a Setter|Spiky Shield|p1a: Not a Setter\n|-singleturn|p1a: Not a Setter|move: Protect\n|move|p2a: Twisted Bliss|Shadow Ball|p1a: Not a Setter\n|-activate|p1a: Not a Setter|move: Protect\n|\n|-heal|p1a: Not a Setter|33\/100|[from] item: Black Sludge\n|upkeep\n|turn|78\n|\n|t:|1697771687\n|move|p1a: Not a Setter|Toxic|p2a: Twisted Bliss\n|-status|p2a: Twisted Bliss|tox\n|move|p2a: Twisted Bliss|Shadow Ball|p1a: Not a Setter\n|-damage|p1a: Not a Setter|12\/100\n|-unboost|p1a: Not a Setter|spd|1\n|\n|-heal|p1a: Not a Setter|18\/100|[from] item: Black Sludge\n|-damage|p2a: Twisted Bliss|94\/100 tox|[from] psn\n|upkeep\n|turn|79\n|\n|t:|1697771696\n|move|p1a: Not a Setter|Spiky Shield|p1a: Not a Setter\n|-singleturn|p1a: Not a Setter|move: Protect\n|move|p2a: Twisted Bliss|Heal Bell|p2a: Twisted Bliss\n|-activate|p2a: Twisted Bliss|move: Heal Bell\n|-curestatus|p2a: Twisted Bliss|tox|[msg]\n|-curestatus|p2: Gorilla Tactics|tox|[msg]\n|\n|-heal|p1a: Not a Setter|24\/100|[from] item: Black Sludge\n|-heal|p2a: Twisted Bliss|100\/100|[from] item: Leftovers\n|upkeep\n|turn|80\n|\n|t:|1697771708\n|switch|p1a: Ed|Skeledirge, M|55\/100\n|move|p2a: Twisted Bliss|Shadow Ball|p1a: Ed\n|-supereffective|p1a: Ed\n|-damage|p1a: Ed|13\/100\n|-unboost|p1a: Ed|spd|1\n|\n|upkeep\n|turn|81\n|\n|t:|1697771718\n|move|p1a: Ed|Slack Off|p1a: Ed\n|-heal|p1a: Ed|63\/100\n|move|p2a: Twisted Bliss|Shadow Ball|p1a: Ed\n|-supereffective|p1a: Ed\n|-damage|p1a: Ed|9\/100\n|-unboost|p1a: Ed|spd|1\n|\n|upkeep\n|turn|82\n|\n|t:|1697771722\n|switch|p1a: Not a Setter|Glimmora, M|24\/100\n|move|p2a: Twisted Bliss|Shadow Ball|p1a: Not a Setter\n|-damage|p1a: Not a Setter|5\/100\n|\n|-heal|p1a: Not a Setter|11\/100|[from] item: Black Sludge\n|upkeep\n|turn|83\n|\n|t:|1697771726\n|move|p1a: Not a Setter|Toxic|p2a: Twisted Bliss\n|-status|p2a: Twisted Bliss|tox\n|move|p2a: Twisted Bliss|Shadow Ball|p1a: Not a Setter\n|-damage|p1a: Not a Setter|0 fnt\n|faint|p1a: Not a Setter\n|\n|-damage|p2a: Twisted Bliss|94\/100 tox|[from] psn\n|upkeep\n|\n|t:|1697771728\n|switch|p1a: Ed|Skeledirge, M|9\/100\n|turn|84\n|\n|t:|1697771730\n|move|p1a: Ed|Torch Song|p2a: Twisted Bliss\n|-damage|p2a: Twisted Bliss|81\/100 tox\n|-boost|p1a: Ed|spa|1\n|move|p2a: Twisted Bliss|Shadow Ball|p1a: Ed\n|-supereffective|p1a: Ed\n|-damage|p1a: Ed|0 fnt\n|faint|p1a: Ed\n|\n|win|Coach Banana\n|c|\u2606Grateful Heart|ggs!\n|c|\u2606Coach Banana|GGs\n","uploadtime":1697771735,"views":12,"p1id":"gratefulheart","p2id":"coachbanana","formatid":"gen9ubers","rating":0,"private":0,"password":""}