{"id":"gen9ubers-1998746588","p1":"mna.308","p2":"Trainitar7","format":"[Gen 9] Ubers","log":"|j|\u2606mna.308\n|j|\u2606Trainitar7\n|t:|1700982378\n|gametype|singles\n|player|p1|mna.308|170|1117\n|player|p2|Trainitar7|ninjaboy|1000\n|teamsize|p1|6\n|teamsize|p2|6\n|gen|9\n|tier|[Gen 9] Ubers\n|rated|\n|rule|Sleep Clause Mod: Limit one foe put to sleep\n|rule|Species Clause: Limit one of each Pok\u00e9mon\n|rule|OHKO Clause: OHKO moves are banned\n|rule|Evasion Items Clause: Evasion items are banned\n|rule|Evasion Moves Clause: Evasion moves are banned\n|rule|Endless Battle Clause: Forcing endless battles is banned\n|rule|HP Percentage Mod: HP is shown in percentages\n|clearpoke\n|poke|p1|Grimmsnarl, M|\n|poke|p1|Arceus-Ground|\n|poke|p1|Miraidon|\n|poke|p1|Sneasler, F|\n|poke|p1|Calyrex-Ice|\n|poke|p1|Zacian-*|\n|poke|p2|Zacian-*|\n|poke|p2|Miraidon|\n|poke|p2|Skeledirge, F|\n|poke|p2|Arceus|\n|poke|p2|Spectrier|\n|poke|p2|Corviknight, F|\n|teampreview\n|inactive|Battle timer is ON: inactive players will automatically lose when time's up. (requested by Trainitar7)\n|\n|t:|1700982392\n|start\n|switch|p1a: Grimmsnarl|Grimmsnarl, M|100\/100\n|switch|p2a: Zacian|Zacian-Crowned|100\/100\n|-ability|p2a: Zacian|Intrepid Sword|boost\n|-boost|p2a: Zacian|atk|1\n|turn|1\n|\n|t:|1700982399\n|switch|p1a: Zacian|Zacian-Crowned|100\/100\n|-ability|p1a: Zacian|Intrepid Sword|boost\n|-boost|p1a: Zacian|atk|1\n|move|p2a: Zacian|Behemoth Blade|p1a: Zacian\n|-crit|p1a: Zacian\n|-damage|p1a: Zacian|0 fnt\n|faint|p1a: Zacian\n|\n|upkeep\n|\n|t:|1700982412\n|switch|p1a: Arceus|Arceus-Ground|100\/100\n|turn|2\n|\n|t:|1700982426\n|-terastallize|p1a: Arceus|Ghost\n|move|p2a: Zacian|Swords Dance|p2a: Zacian\n|-boost|p2a: Zacian|atk|2\n|move|p1a: Arceus|Earthquake|p2a: Zacian\n|-supereffective|p2a: Zacian\n|-damage|p2a: Zacian|0 fnt\n|faint|p2a: Zacian\n|\n|upkeep\n|\n|t:|1700982436\n|switch|p2a: Spectrier|Spectrier|100\/100\n|turn|3\n|\n|t:|1700982445\n|switch|p1a: Grimmsnarl|Grimmsnarl, M|100\/100\n|move|p2a: Spectrier|Substitute|p2a: Spectrier\n|-start|p2a: Spectrier|Substitute\n|-damage|p2a: Spectrier|76\/100\n|\n|-heal|p2a: Spectrier|82\/100|[from] item: Leftovers\n|upkeep\n|turn|4\n|\n|t:|1700982452\n|move|p2a: Spectrier|Nasty Plot|p2a: Spectrier\n|-boost|p2a: Spectrier|spa|2\n|move|p1a: Grimmsnarl|Play Rough|p2a: Spectrier\n|-end|p2a: Spectrier|Substitute\n|\n|-heal|p2a: Spectrier|88\/100|[from] item: Leftovers\n|upkeep\n|turn|5\n|\n|t:|1700982460\n|move|p1a: Grimmsnarl|Light Screen|p1a: Grimmsnarl\n|-sidestart|p1: mna.308|move: Light Screen\n|move|p2a: Spectrier|Substitute|p2a: Spectrier\n|-start|p2a: Spectrier|Substitute\n|-damage|p2a: Spectrier|63\/100\n|\n|-heal|p2a: Spectrier|69\/100|[from] item: Leftovers\n|upkeep\n|turn|6\n|\n|t:|1700982466\n|move|p2a: Spectrier|Nasty Plot|p2a: Spectrier\n|-boost|p2a: Spectrier|spa|2\n|move|p1a: Grimmsnarl|Play Rough|p2a: Spectrier\n|-end|p2a: Spectrier|Substitute\n|\n|-heal|p2a: Spectrier|75\/100|[from] item: Leftovers\n|upkeep\n|turn|7\n|\n|t:|1700982474\n|move|p1a: Grimmsnarl|Reflect|p1a: Grimmsnarl\n|-sidestart|p1: mna.308|Reflect\n|move|p2a: Spectrier|Substitute|p2a: Spectrier\n|-start|p2a: Spectrier|Substitute\n|-damage|p2a: Spectrier|50\/100\n|\n|-heal|p2a: Spectrier|57\/100|[from] item: Leftovers\n|upkeep\n|turn|8\n|inactive|Trainitar7 has 120 seconds left.\n|\n|t:|1700982531\n|-terastallize|p2a: Spectrier|Fighting\n|move|p2a: Spectrier|Tera Blast|p1a: Grimmsnarl|[anim] Tera Blast Fighting\n|-damage|p1a: Grimmsnarl|39\/100\n|move|p1a: Grimmsnarl|Play Rough|p2a: Spectrier\n|-supereffective|p2a: Spectrier\n|-end|p2a: Spectrier|Substitute\n|\n|-heal|p2a: Spectrier|63\/100|[from] item: Leftovers\n|upkeep\n|turn|9\n|\n|t:|1700982550\n|switch|p1a: Arceus|Arceus-Ground, tera:Ghost|100\/100\n|move|p2a: Spectrier|Substitute|p2a: Spectrier\n|-start|p2a: Spectrier|Substitute\n|-damage|p2a: Spectrier|38\/100\n|\n|-heal|p2a: Spectrier|44\/100|[from] item: Leftovers\n|upkeep\n|turn|10\n|\n|t:|1700982560\n|move|p2a: Spectrier|Shadow Ball|p1a: Arceus\n|-supereffective|p1a: Arceus\n|-damage|p1a: Arceus|0 fnt\n|faint|p1a: Arceus\n|-ability|p2a: Spectrier|Grim Neigh|boost\n|-boost|p2a: Spectrier|spa|1\n|\n|-heal|p2a: Spectrier|50\/100|[from] item: Leftovers\n|upkeep\n|\n|t:|1700982571\n|switch|p1a: Sneasler|Sneasler, F|100\/100\n|turn|11\n|inactive|Trainitar7 has 120 seconds left.\n|\n|t:|1700982579\n|move|p2a: Spectrier|Shadow Ball|p1a: Sneasler\n|-damage|p1a: Sneasler|13\/100\n|move|p1a: Sneasler|Gunk Shot|p2a: Spectrier\n|-end|p2a: Spectrier|Substitute\n|\n|-heal|p2a: Spectrier|56\/100|[from] item: Leftovers\n|upkeep\n|turn|12\n|\n|t:|1700982588\n|move|p2a: Spectrier|Substitute|p2a: Spectrier\n|-start|p2a: Spectrier|Substitute\n|-damage|p2a: Spectrier|31\/100\n|move|p1a: Sneasler|Close Combat|p2a: Spectrier\n|-end|p2a: Spectrier|Substitute\n|-unboost|p1a: Sneasler|def|1\n|-unboost|p1a: Sneasler|spd|1\n|\n|-heal|p2a: Spectrier|37\/100|[from] item: Leftovers\n|-sideend|p1: mna.308|move: Light Screen\n|upkeep\n|turn|13\n|inactive|Trainitar7 has 120 seconds left.\n|\n|t:|1700982627\n|move|p2a: Spectrier|Shadow Ball|p1a: Sneasler\n|-damage|p1a: Sneasler|0 fnt\n|faint|p1a: Sneasler\n|-ability|p2a: Spectrier|Grim Neigh|boost\n|-boost|p2a: Spectrier|spa|1\n|\n|-heal|p2a: Spectrier|44\/100|[from] item: Leftovers\n|upkeep\n|\n|t:|1700982637\n|switch|p1a: Grimmsnarl|Grimmsnarl, M|39\/100\n|turn|14\n|\n|t:|1700982641\n|move|p1a: Grimmsnarl|Light Screen|p1a: Grimmsnarl\n|-sidestart|p1: mna.308|move: Light Screen\n|move|p2a: Spectrier|Substitute|p2a: Spectrier\n|-start|p2a: Spectrier|Substitute\n|-damage|p2a: Spectrier|19\/100\n|\n|-heal|p2a: Spectrier|25\/100|[from] item: Leftovers\n|-sideend|p1: mna.308|Reflect\n|upkeep\n|turn|15\n|\n|t:|1700982647\n|move|p1a: Grimmsnarl|Taunt|p2a: Spectrier\n|-start|p2a: Spectrier|move: Taunt\n|move|p2a: Spectrier|Tera Blast|p1a: Grimmsnarl|[anim] Tera Blast Fighting\n|-damage|p1a: Grimmsnarl|0 fnt\n|faint|p1a: Grimmsnarl\n|\n|-heal|p2a: Spectrier|31\/100|[from] item: Leftovers\n|upkeep\n|\n|t:|1700982657\n|switch|p1a: Calyrex|Calyrex-Ice|100\/100\n|-ability|p1a: Calyrex|As One\n|-ability|p1a: Calyrex|Unnerve\n|turn|16\n|\n|t:|1700982662\n|move|p2a: Spectrier|Shadow Ball|p1a: Calyrex\n|-supereffective|p1a: Calyrex\n|-damage|p1a: Calyrex|0 fnt\n|faint|p1a: Calyrex\n|\n|-heal|p2a: Spectrier|37\/100|[from] item: Leftovers\n|upkeep\n|-message|mna.308 forfeited.\n|\n|win|Trainitar7\n|raw|mna.308's rating: 1117 &rarr; <strong>1084<\/strong><br \/>(-33 for losing)\n|raw|Trainitar7's rating: 1000 &rarr; <strong>1053<\/strong><br \/>(+53 for winning)\n|l|\u2606mna.308\n","uploadtime":1700982670,"views":2,"p1id":"mna308","p2id":"trainitar7","formatid":"gen9ubers","rating":1053,"private":0,"password":""}