{"id":"gen9ubers-1968114209","p1":"Arandompolarbear","p2":"Kyla sazandora","format":"[Gen 9] Ubers","log":"|j|\u2606Arandompolarbear\n|j|\u2606Kyla sazandora\n|t:|1697385751\n|gametype|singles\n|player|p1|Arandompolarbear|caitlin|1330\n|player|p2|Kyla sazandora|1|1612\n|teamsize|p1|6\n|teamsize|p2|6\n|gen|9\n|tier|[Gen 9] Ubers\n|rated|\n|rule|Sleep Clause Mod: Limit one foe put to sleep\n|rule|Species Clause: Limit one of each Pok\u00e9mon\n|rule|OHKO Clause: OHKO moves are banned\n|rule|Evasion Items Clause: Evasion items are banned\n|rule|Evasion Moves Clause: Evasion moves are banned\n|rule|Endless Battle Clause: Forcing endless battles is banned\n|rule|HP Percentage Mod: HP is shown in percentages\n|clearpoke\n|poke|p1|Dialga-Origin|\n|poke|p1|Arceus-Fire|\n|poke|p1|Koraidon|\n|poke|p1|Miraidon|\n|poke|p1|Sneasler, M|\n|poke|p1|Giratina-Origin|\n|poke|p2|Miraidon|\n|poke|p2|Koraidon|\n|poke|p2|Ditto|\n|poke|p2|Gliscor, F|\n|poke|p2|Iron Treads|\n|poke|p2|Kyogre|\n|teampreview\n|inactive|Battle timer is ON: inactive players will automatically lose when time's up. (requested by Arandompolarbear)\n|\n|t:|1697385770\n|start\n|switch|p1a: Koraidon|Koraidon|100\/100\n|switch|p2a: Koraidon|Koraidon|100\/100\n|-weather|SunnyDay|[from] ability: Orichalcum Pulse|[of] p1a: Koraidon\n|-activate|p1a: Koraidon|Orichalcum Pulse|[source]\n|-activate|p2a: Koraidon|ability: Orichalcum Pulse\n|turn|1\n|\n|t:|1697385782\n|switch|p2a: Kyogre|Kyogre|100\/100\n|-weather|RainDance|[from] ability: Drizzle|[of] p2a: Kyogre\n|move|p1a: Koraidon|Scale Shot|p2a: Kyogre\n|-damage|p2a: Kyogre|91\/100\n|-damage|p2a: Kyogre|83\/100\n|-damage|p2a: Kyogre|73\/100\n|-damage|p2a: Kyogre|65\/100\n|-hitcount|p2a: Kyogre|4\n|-unboost|p1a: Koraidon|def|1\n|-boost|p1a: Koraidon|spe|1\n|\n|-weather|RainDance|[upkeep]\n|-heal|p2a: Kyogre|71\/100|[from] item: Leftovers\n|upkeep\n|turn|2\n|\n|t:|1697385792\n|switch|p1a: Dialga|Dialga-Origin|100\/100\n|-ability|p1a: Dialga|Pressure\n|move|p2a: Kyogre|Ice Beam|p1a: Dialga\n|-damage|p1a: Dialga|79\/100\n|\n|-weather|RainDance|[upkeep]\n|-heal|p2a: Kyogre|78\/100|[from] item: Leftovers\n|upkeep\n|turn|3\n|\n|t:|1697385797\n|switch|p2a: Iron Treads|Iron Treads|100\/100\n|move|p1a: Dialga|Stealth Rock|p2a: Iron Treads\n|-sidestart|p2: Kyla sazandora|move: Stealth Rock\n|\n|-weather|RainDance|[upkeep]\n|upkeep\n|turn|4\n|\n|t:|1697385803\n|switch|p1a: Giratina|Giratina-Origin|100\/100\n|move|p2a: Iron Treads|Stealth Rock|p1a: Giratina\n|-sidestart|p1: Arandompolarbear|move: Stealth Rock\n|\n|-weather|RainDance|[upkeep]\n|upkeep\n|turn|5\n|\n|t:|1697385807\n|-end|p2a: Iron Treads|Quark Drive|[silent]\n|switch|p2a: Kyogre|Kyogre|78\/100\n|-damage|p2a: Kyogre|65\/100|[from] Stealth Rock\n|move|p1a: Giratina|Poltergeist|p2a: Kyogre\n|-activate|p2a: Kyogre|move: Poltergeist|Leftovers\n|-damage|p2a: Kyogre|19\/100\n|\n|-weather|none\n|-heal|p2a: Kyogre|25\/100|[from] item: Leftovers\n|upkeep\n|turn|6\n|\n|t:|1697385812\n|move|p1a: Giratina|Poltergeist|p2a: Kyogre\n|-activate|p2a: Kyogre|move: Poltergeist|Leftovers\n|-damage|p2a: Kyogre|0 fnt\n|faint|p2a: Kyogre\n|\n|upkeep\n|\n|t:|1697385821\n|switch|p2a: Miraidon|Miraidon|100\/100\n|-damage|p2a: Miraidon|88\/100|[from] Stealth Rock\n|-fieldstart|move: Electric Terrain|[from] ability: Hadron Engine|[of] p2a: Miraidon\n|turn|7\n|\n|t:|1697385837\n|switch|p1a: Dialga|Dialga-Origin|79\/100\n|-damage|p1a: Dialga|73\/100|[from] Stealth Rock\n|-ability|p1a: Dialga|Pressure\n|move|p2a: Miraidon|Draco Meteor|p1a: Dialga\n|-damage|p1a: Dialga|0 fnt\n|-unboost|p2a: Miraidon|spa|2\n|faint|p1a: Dialga\n|\n|upkeep\n|\n|t:|1697385842\n|switch|p1a: Miraidon|Miraidon|100\/100\n|-damage|p1a: Miraidon|88\/100|[from] Stealth Rock\n|-activate|p1a: Miraidon|ability: Hadron Engine\n|-enditem|p1a: Miraidon|Electric Seed\n|-boost|p1a: Miraidon|def|1|[from] item: Electric Seed\n|turn|8\n|\n|t:|1697385849\n|switch|p2a: Iron Treads|Iron Treads|100\/100\n|-damage|p2a: Iron Treads|97\/100|[from] Stealth Rock\n|-activate|p2a: Iron Treads|ability: Quark Drive\n|-start|p2a: Iron Treads|quarkdrivespd\n|move|p1a: Miraidon|Dragon Pulse|p2a: Iron Treads\n|-resisted|p2a: Iron Treads\n|-damage|p2a: Iron Treads|77\/100\n|\n|-heal|p2a: Iron Treads|83\/100|[from] item: Leftovers\n|upkeep\n|turn|9\n|\n|t:|1697385862\n|switch|p1a: Giratina|Giratina-Origin|100\/100\n|-damage|p1a: Giratina|88\/100|[from] Stealth Rock\n|-end|p2a: Iron Treads|Quark Drive|[silent]\n|switch|p2a: Miraidon|Miraidon|88\/100\n|-damage|p2a: Miraidon|76\/100|[from] Stealth Rock\n|-activate|p2a: Miraidon|ability: Hadron Engine\n|\n|upkeep\n|turn|10\n|\n|t:|1697385865\n|move|p1a: Giratina|Shadow Sneak|p2a: Miraidon\n|-damage|p2a: Miraidon|51\/100\n|move|p2a: Miraidon|Draco Meteor|p1a: Giratina\n|-supereffective|p1a: Giratina\n|-damage|p1a: Giratina|0 fnt\n|-unboost|p2a: Miraidon|spa|2\n|faint|p1a: Giratina\n|\n|upkeep\n|\n|t:|1697385867\n|switch|p1a: Sneasler|Sneasler, M|100\/100\n|-damage|p1a: Sneasler|95\/100|[from] Stealth Rock\n|-enditem|p1a: Sneasler|Electric Seed\n|-boost|p1a: Sneasler|def|1|[from] item: Electric Seed\n|turn|11\n|\n|t:|1697385873\n|switch|p2a: Gliscor|Gliscor, F|100\/100\n|-damage|p2a: Gliscor|88\/100|[from] Stealth Rock\n|move|p1a: Sneasler|Swords Dance|p1a: Sneasler\n|-boost|p1a: Sneasler|atk|2\n|\n|-fieldend|move: Electric Terrain\n|-status|p2a: Gliscor|tox|[from] item: Toxic Orb\n|upkeep\n|turn|12\n|\n|t:|1697385887\n|-terastallize|p1a: Sneasler|Ghost\n|move|p1a: Sneasler|Shadow Claw|p2a: Gliscor\n|-damage|p2a: Gliscor|46\/100 tox\n|move|p2a: Gliscor|Earthquake|p1a: Sneasler\n|-damage|p1a: Sneasler|63\/100\n|\n|-heal|p2a: Gliscor|59\/100 tox|[from] ability: Poison Heal\n|upkeep\n|turn|13\n|\n|t:|1697385895\n|move|p2a: Gliscor|Protect|p2a: Gliscor\n|-singleturn|p2a: Gliscor|Protect\n|move|p1a: Sneasler|Shadow Claw|p2a: Gliscor\n|-activate|p2a: Gliscor|move: Protect\n|\n|-heal|p2a: Gliscor|71\/100 tox|[from] ability: Poison Heal\n|upkeep\n|turn|14\n|\n|t:|1697385898\n|move|p1a: Sneasler|Shadow Claw|p2a: Gliscor\n|-damage|p2a: Gliscor|28\/100 tox\n|move|p2a: Gliscor|Toxic|p1a: Sneasler\n|-status|p1a: Sneasler|tox\n|\n|-damage|p1a: Sneasler|57\/100 tox|[from] psn\n|-heal|p2a: Gliscor|41\/100 tox|[from] ability: Poison Heal\n|upkeep\n|turn|15\n|\n|t:|1697385907\n|move|p2a: Gliscor|Protect|p2a: Gliscor\n|-singleturn|p2a: Gliscor|Protect\n|move|p1a: Sneasler|Swords Dance|p1a: Sneasler\n|-boost|p1a: Sneasler|atk|2\n|\n|-damage|p1a: Sneasler|45\/100 tox|[from] psn\n|-heal|p2a: Gliscor|53\/100 tox|[from] ability: Poison Heal\n|upkeep\n|turn|16\n|inactive|Kyla sazandora has 120 seconds left.\n|l|\u2606Arandompolarbear\n|inactive|Arandompolarbear disconnected and has a minute to reconnect!\n|player|p1|\n|\n|t:|1697385957\n|move|p1a: Sneasler|Shadow Claw|p2a: Gliscor\n|-crit|p2a: Gliscor\n|-damage|p2a: Gliscor|0 fnt\n|faint|p2a: Gliscor\n|\n|-damage|p1a: Sneasler|27\/100 tox|[from] psn\n|upkeep\n|\n|t:|1697385964\n|switch|p2a: Ditto|Ditto|100\/100\n|-damage|p2a: Ditto|88\/100|[from] Stealth Rock\n|-transform|p2a: Ditto|p1a: Sneasler|[from] ability: Imposter\n|-start|p2a: Ditto|typechange|Fighting\/Poison|[silent]\n|turn|17\n|j|\u2606Arandompolarbear\n|inactive|Arandompolarbear reconnected and has 140 seconds left.\n|player|p1|Arandompolarbear|caitlin\n|\n|t:|1697385979\n|move|p1a: Sneasler|Shadow Claw|p2a: Ditto\n|-damage|p2a: Ditto|0 fnt\n|faint|p2a: Ditto\n|\n|-damage|p1a: Sneasler|3\/100 tox|[from] psn\n|upkeep\n|\n|t:|1697385989\n|switch|p2a: Koraidon|Koraidon|100\/100\n|-damage|p2a: Koraidon|94\/100|[from] Stealth Rock\n|-weather|SunnyDay|[from] ability: Orichalcum Pulse|[of] p2a: Koraidon\n|-activate|p2a: Koraidon|Orichalcum Pulse|[source]\n|turn|18\n|\n|t:|1697385995\n|move|p1a: Sneasler|Low Kick|p2a: Koraidon\n|-damage|p2a: Koraidon|0 fnt\n|faint|p2a: Koraidon\n|\n|-weather|SunnyDay|[upkeep]\n|-damage|p1a: Sneasler|0 fnt|[from] psn\n|faint|p1a: Sneasler\n|upkeep\n|\n|t:|1697386003\n|switch|p2a: Miraidon|Miraidon|51\/100\n|switch|p1a: Koraidon|Koraidon|100\/100\n|-damage|p2a: Miraidon|39\/100|[from] Stealth Rock\n|-fieldstart|move: Electric Terrain|[from] ability: Hadron Engine|[of] p2a: Miraidon\n|-damage|p1a: Koraidon|94\/100|[from] Stealth Rock\n|-activate|p1a: Koraidon|ability: Orichalcum Pulse\n|turn|19\n|j| EpicGamer069420\n|\n|t:|1697386016\n|move|p2a: Miraidon|Draco Meteor|p1a: Koraidon\n|-supereffective|p1a: Koraidon\n|-damage|p1a: Koraidon|0 fnt\n|-unboost|p2a: Miraidon|spa|2\n|faint|p1a: Koraidon\n|\n|-weather|SunnyDay|[upkeep]\n|upkeep\n|\n|t:|1697386020\n|switch|p1a: Arceus|Arceus-Fire|100\/100\n|-damage|p1a: Arceus|75\/100|[from] Stealth Rock\n|turn|20\n|\n|t:|1697386039\n|move|p2a: Miraidon|Volt Switch|p1a: Arceus\n|-damage|p1a: Arceus|50\/100\n|\n|t:|1697386041\n|switch|p2a: Iron Treads|Iron Treads|83\/100|[from] Volt Switch\n|-damage|p2a: Iron Treads|80\/100|[from] Stealth Rock\n|-activate|p2a: Iron Treads|ability: Quark Drive\n|-start|p2a: Iron Treads|quarkdrivespd\n|move|p1a: Arceus|Recover|p1a: Arceus\n|-heal|p1a: Arceus|99\/100\n|\n|-weather|SunnyDay|[upkeep]\n|-heal|p2a: Iron Treads|86\/100|[from] item: Leftovers\n|upkeep\n|turn|21\n|inactive|Kyla sazandora has 120 seconds left.\n|\n|t:|1697386074\n|-terastallize|p2a: Iron Treads|Water\n|move|p1a: Arceus|Flare Blitz|p2a: Iron Treads\n|-resisted|p2a: Iron Treads\n|-damage|p2a: Iron Treads|50\/100\n|-damage|p1a: Arceus|90\/100|[from] Recoil\n|move|p2a: Iron Treads|Rapid Spin|p1a: Arceus\n|-damage|p1a: Arceus|82\/100\n|-boost|p2a: Iron Treads|spe|1\n|-sideend|p2: Kyla sazandora|Stealth Rock|[from] move: Rapid Spin|[of] p2a: Iron Treads\n|\n|-weather|SunnyDay|[upkeep]\n|-heal|p2a: Iron Treads|56\/100|[from] item: Leftovers\n|upkeep\n|turn|22\n|\n|t:|1697386094\n|move|p2a: Iron Treads|Earthquake|p1a: Arceus\n|-supereffective|p1a: Arceus\n|-damage|p1a: Arceus|39\/100\n|move|p1a: Arceus|Swords Dance|p1a: Arceus\n|-boost|p1a: Arceus|atk|2\n|\n|-weather|none\n|-heal|p2a: Iron Treads|62\/100|[from] item: Leftovers\n|upkeep\n|turn|23\n|inactive|Kyla sazandora has 120 seconds left.\n|\n|t:|1697386104\n|move|p1a: Arceus|Extreme Speed|p2a: Iron Treads\n|-damage|p2a: Iron Treads|24\/100\n|move|p2a: Iron Treads|Earthquake|p1a: Arceus\n|-supereffective|p1a: Arceus\n|-damage|p1a: Arceus|0 fnt\n|faint|p1a: Arceus\n|\n|-heal|p2a: Iron Treads|31\/100|[from] item: Leftovers\n|-fieldend|move: Electric Terrain\n|-end|p2a: Iron Treads|Quark Drive\n|upkeep\n|\n|t:|1697386108\n|switch|p1a: Miraidon|Miraidon|88\/100\n|-damage|p1a: Miraidon|76\/100|[from] Stealth Rock\n|-fieldstart|move: Electric Terrain|[from] ability: Hadron Engine|[of] p1a: Miraidon\n|-activate|p2a: Iron Treads|ability: Quark Drive\n|-start|p2a: Iron Treads|quarkdrivespe\n|turn|24\n|\n|t:|1697386117\n|move|p2a: Iron Treads|Earthquake|p1a: Miraidon\n|-supereffective|p1a: Miraidon\n|-damage|p1a: Miraidon|0 fnt\n|faint|p1a: Miraidon\n|\n|win|Kyla sazandora\n|raw|Arandompolarbear's rating: 1330 &rarr; <strong>1323<\/strong><br \/>(-7 for losing)\n|raw|Kyla sazandora's rating: 1612 &rarr; <strong>1619<\/strong><br \/>(+7 for winning)\n|l|\u2606Arandompolarbear\n|c| EpicGamer069420|holy shit\n","uploadtime":1697386127,"views":12,"p1id":"arandompolarbear","p2id":"kylasazandora","formatid":"gen9ubers","rating":1323,"private":0,"password":""}