{"id":"gen9ubers-1974530754","p1":"SephieBL","p2":"Deriverse","format":"[Gen 9] Ubers","log":"|j|\u2606SephieBL\n|j|\u2606Deriverse\n|t:|1698094725\n|gametype|singles\n|player|p1|SephieBL|iris|1285\n|player|p2|Deriverse|roxanne|1217\n|teamsize|p1|6\n|teamsize|p2|6\n|gen|9\n|tier|[Gen 9] Ubers\n|rated|\n|rule|Sleep Clause Mod: Limit one foe put to sleep\n|rule|Species Clause: Limit one of each Pok\u00e9mon\n|rule|OHKO Clause: OHKO moves are banned\n|rule|Evasion Items Clause: Evasion items are banned\n|rule|Evasion Moves Clause: Evasion moves are banned\n|rule|Endless Battle Clause: Forcing endless battles is banned\n|rule|HP Percentage Mod: HP is shown in percentages\n|clearpoke\n|poke|p1|Basculegion-F, F|\n|poke|p1|Magearna|\n|poke|p1|Arceus-Fire|\n|poke|p1|Zacian-*|\n|poke|p1|Dondozo, M|\n|poke|p1|Shaymin-Sky|\n|poke|p2|Shaymin-Sky|\n|poke|p2|Flutter Mane|\n|poke|p2|Groudon|\n|poke|p2|Palafin, F|\n|poke|p2|Ribombee, M|\n|poke|p2|Great Tusk|\n|teampreview\n|inactive|Battle timer is ON: inactive players will automatically lose when time's up. (requested by SephieBL)\n|inactive|Deriverse has 120 seconds left.\n|inactive|Deriverse has 90 seconds left.\n|\n|t:|1698094792\n|start\n|switch|p1a: Magearna|Magearna|100\/100\n|switch|p2a: Ribombee|Ribombee, M|100\/100\n|turn|1\n|\n|t:|1698094796\n|move|p2a: Ribombee|Sticky Web|p1a: Magearna\n|-sidestart|p1: SephieBL|move: Sticky Web\n|move|p1a: Magearna|Calm Mind|p1a: Magearna\n|-boost|p1a: Magearna|spa|1\n|-boost|p1a: Magearna|spd|1\n|\n|upkeep\n|turn|2\n|\n|t:|1698094800\n|move|p2a: Ribombee|Stun Spore|p1a: Magearna|[miss]\n|-miss|p2a: Ribombee|p1a: Magearna\n|move|p1a: Magearna|Iron Defense|p1a: Magearna\n|-boost|p1a: Magearna|def|2\n|\n|upkeep\n|turn|3\n|\n|t:|1698094802\n|move|p2a: Ribombee|Stun Spore|p1a: Magearna\n|-status|p1a: Magearna|par\n|move|p1a: Magearna|Calm Mind|p1a: Magearna\n|-boost|p1a: Magearna|spa|1\n|-boost|p1a: Magearna|spd|1\n|\n|upkeep\n|turn|4\n|\n|t:|1698094816\n|switch|p2a: Groudon|Groudon|100\/100\n|-weather|SunnyDay|[from] ability: Drought|[of] p2a: Groudon\n|move|p1a: Magearna|Iron Defense|p1a: Magearna\n|-boost|p1a: Magearna|def|2\n|\n|-weather|SunnyDay|[upkeep]\n|upkeep\n|turn|5\n|\n|t:|1698094824\n|-terastallize|p1a: Magearna|Ground\n|move|p2a: Groudon|Precipice Blades|p1a: Magearna|[miss]\n|-miss|p2a: Groudon|p1a: Magearna\n|move|p1a: Magearna|Iron Defense|p1a: Magearna\n|-boost|p1a: Magearna|def|2\n|\n|-weather|SunnyDay|[upkeep]\n|upkeep\n|turn|6\n|\n|t:|1698094833\n|move|p2a: Groudon|Precipice Blades|p1a: Magearna\n|-damage|p1a: Magearna|89\/100 par\n|move|p1a: Magearna|Calm Mind|p1a: Magearna\n|-boost|p1a: Magearna|spa|1\n|-boost|p1a: Magearna|spd|1\n|\n|-weather|SunnyDay|[upkeep]\n|-heal|p1a: Magearna|95\/100 par|[from] item: Leftovers\n|upkeep\n|turn|7\n|\n|t:|1698094847\n|switch|p2a: Great Tusk|Great Tusk|100\/100\n|-activate|p2a: Great Tusk|ability: Protosynthesis\n|-start|p2a: Great Tusk|protosynthesisatk\n|move|p1a: Magearna|Calm Mind|p1a: Magearna\n|-boost|p1a: Magearna|spa|1\n|-boost|p1a: Magearna|spd|1\n|\n|-weather|SunnyDay|[upkeep]\n|-heal|p1a: Magearna|100\/100 par|[from] item: Leftovers\n|upkeep\n|turn|8\n|\n|t:|1698094853\n|move|p2a: Great Tusk|Stealth Rock|p1a: Magearna\n|-sidestart|p1: SephieBL|move: Stealth Rock\n|cant|p1a: Magearna|par\n|\n|-weather|SunnyDay|[upkeep]\n|upkeep\n|turn|9\n|\n|t:|1698094858\n|move|p2a: Great Tusk|Knock Off|p1a: Magearna\n|-damage|p1a: Magearna|93\/100 par\n|-enditem|p1a: Magearna|Leftovers|[from] move: Knock Off|[of] p2a: Great Tusk\n|move|p1a: Magearna|Draining Kiss|p2a: Great Tusk\n|-supereffective|p2a: Great Tusk\n|-damage|p2a: Great Tusk|0 fnt\n|-heal|p1a: Magearna|100\/100 par|[from] drain|[of] p2a: Great Tusk\n|faint|p2a: Great Tusk\n|-ability|p1a: Magearna|Soul-Heart|boost\n|-boost|p1a: Magearna|spa|1\n|-end|p2a: Great Tusk|Protosynthesis|[silent]\n|\n|-weather|SunnyDay|[upkeep]\n|upkeep\n|\n|t:|1698094866\n|switch|p2a: Flutter Mane|Flutter Mane|100\/100\n|-activate|p2a: Flutter Mane|ability: Protosynthesis\n|-start|p2a: Flutter Mane|protosynthesisspe\n|turn|10\n|\n|t:|1698094872\n|move|p2a: Flutter Mane|Substitute|p2a: Flutter Mane\n|-start|p2a: Flutter Mane|Substitute\n|-damage|p2a: Flutter Mane|76\/100\n|move|p1a: Magearna|Stored Power|p2a: Flutter Mane\n|-end|p2a: Flutter Mane|Substitute\n|\n|-weather|SunnyDay|[upkeep]\n|-heal|p2a: Flutter Mane|82\/100|[from] item: Leftovers\n|upkeep\n|turn|11\n|\n|t:|1698094878\n|move|p2a: Flutter Mane|Substitute|p2a: Flutter Mane\n|-start|p2a: Flutter Mane|Substitute\n|-damage|p2a: Flutter Mane|57\/100\n|cant|p1a: Magearna|par\n|\n|-weather|none\n|-end|p2a: Flutter Mane|Protosynthesis\n|-heal|p2a: Flutter Mane|63\/100|[from] item: Leftovers\n|upkeep\n|turn|12\n|\n|t:|1698094885\n|move|p2a: Flutter Mane|Calm Mind|p2a: Flutter Mane\n|-boost|p2a: Flutter Mane|spa|1\n|-boost|p2a: Flutter Mane|spd|1\n|cant|p1a: Magearna|par\n|\n|-heal|p2a: Flutter Mane|69\/100|[from] item: Leftovers\n|upkeep\n|turn|13\n|\n|t:|1698094891\n|move|p2a: Flutter Mane|Calm Mind|p2a: Flutter Mane\n|-boost|p2a: Flutter Mane|spa|1\n|-boost|p2a: Flutter Mane|spd|1\n|move|p1a: Magearna|Stored Power|p2a: Flutter Mane\n|-end|p2a: Flutter Mane|Substitute\n|\n|-heal|p2a: Flutter Mane|75\/100|[from] item: Leftovers\n|upkeep\n|turn|14\n|\n|t:|1698094896\n|move|p2a: Flutter Mane|Substitute|p2a: Flutter Mane\n|-start|p2a: Flutter Mane|Substitute\n|-damage|p2a: Flutter Mane|50\/100\n|move|p1a: Magearna|Stored Power|p2a: Flutter Mane\n|-end|p2a: Flutter Mane|Substitute\n|\n|-heal|p2a: Flutter Mane|56\/100|[from] item: Leftovers\n|upkeep\n|turn|15\n|\n|t:|1698094902\n|move|p2a: Flutter Mane|Substitute|p2a: Flutter Mane\n|-start|p2a: Flutter Mane|Substitute\n|-damage|p2a: Flutter Mane|32\/100\n|move|p1a: Magearna|Stored Power|p2a: Flutter Mane\n|-end|p2a: Flutter Mane|Substitute\n|\n|-heal|p2a: Flutter Mane|38\/100|[from] item: Leftovers\n|upkeep\n|turn|16\n|\n|t:|1698094913\n|move|p2a: Flutter Mane|Substitute|p2a: Flutter Mane\n|-start|p2a: Flutter Mane|Substitute\n|-damage|p2a: Flutter Mane|13\/100\n|cant|p1a: Magearna|par\n|\n|-heal|p2a: Flutter Mane|19\/100|[from] item: Leftovers\n|upkeep\n|turn|17\n|\n|t:|1698094923\n|move|p2a: Flutter Mane|Calm Mind|p2a: Flutter Mane\n|-boost|p2a: Flutter Mane|spa|1\n|-boost|p2a: Flutter Mane|spd|1\n|cant|p1a: Magearna|par\n|\n|-heal|p2a: Flutter Mane|25\/100|[from] item: Leftovers\n|upkeep\n|turn|18\n|\n|t:|1698094932\n|move|p2a: Flutter Mane|Calm Mind|p2a: Flutter Mane\n|-boost|p2a: Flutter Mane|spa|1\n|-boost|p2a: Flutter Mane|spd|1\n|cant|p1a: Magearna|par\n|\n|-heal|p2a: Flutter Mane|31\/100|[from] item: Leftovers\n|upkeep\n|turn|19\n|\n|t:|1698094941\n|move|p2a: Flutter Mane|Calm Mind|p2a: Flutter Mane\n|-boost|p2a: Flutter Mane|spa|1\n|-boost|p2a: Flutter Mane|spd|1\n|move|p1a: Magearna|Stored Power|p2a: Flutter Mane\n|-end|p2a: Flutter Mane|Substitute\n|\n|-heal|p2a: Flutter Mane|37\/100|[from] item: Leftovers\n|upkeep\n|turn|20\n|\n|t:|1698094947\n|move|p2a: Flutter Mane|Substitute|p2a: Flutter Mane\n|-start|p2a: Flutter Mane|Substitute\n|-damage|p2a: Flutter Mane|12\/100\n|move|p1a: Magearna|Stored Power|p2a: Flutter Mane\n|-end|p2a: Flutter Mane|Substitute\n|\n|-heal|p2a: Flutter Mane|18\/100|[from] item: Leftovers\n|upkeep\n|turn|21\n|\n|t:|1698094958\n|-terastallize|p2a: Flutter Mane|Ghost\n|move|p2a: Flutter Mane|Shadow Ball|p1a: Magearna\n|-damage|p1a: Magearna|49\/100 par\n|-unboost|p1a: Magearna|spd|1\n|move|p1a: Magearna|Stored Power|p2a: Flutter Mane\n|-damage|p2a: Flutter Mane|0 fnt\n|faint|p2a: Flutter Mane\n|-ability|p1a: Magearna|Soul-Heart|boost\n|-boost|p1a: Magearna|spa|1\n|-end|p2a: Flutter Mane|Protosynthesis|[silent]\n|\n|upkeep\n|\n|t:|1698094970\n|switch|p2a: Ribombee|Ribombee, M|100\/100\n|turn|22\n|\n|t:|1698094974\n|move|p2a: Ribombee|Quiver Dance|p2a: Ribombee\n|-boost|p2a: Ribombee|spa|1\n|-boost|p2a: Ribombee|spd|1\n|-boost|p2a: Ribombee|spe|1\n|cant|p1a: Magearna|par\n|\n|upkeep\n|turn|23\n|\n|t:|1698094984\n|move|p2a: Ribombee|Moonblast|p1a: Magearna\n|-damage|p1a: Magearna|28\/100 par\n|move|p1a: Magearna|Draining Kiss|p2a: Ribombee\n|-damage|p2a: Ribombee|6\/100\n|-heal|p1a: Magearna|79\/100 par|[from] drain|[of] p2a: Ribombee\n|\n|upkeep\n|turn|24\n|\n|t:|1698094993\n|move|p2a: Ribombee|Moonblast|p1a: Magearna\n|-damage|p1a: Magearna|59\/100 par\n|move|p1a: Magearna|Draining Kiss|p2a: Ribombee\n|-damage|p2a: Ribombee|0 fnt\n|-heal|p1a: Magearna|62\/100 par|[from] drain|[of] p2a: Ribombee\n|faint|p2a: Ribombee\n|\n|upkeep\n|\n|t:|1698094996\n|switch|p2a: Shaymin|Shaymin-Sky|100\/100\n|turn|25\n|\n|t:|1698095008\n|move|p2a: Shaymin|Air Slash|p1a: Magearna\n|-damage|p1a: Magearna|48\/100 par\n|cant|p1a: Magearna|flinch\n|\n|upkeep\n|turn|26\n|\n|t:|1698095012\n|move|p2a: Shaymin|Air Slash|p1a: Magearna\n|-damage|p1a: Magearna|34\/100 par\n|move|p1a: Magearna|Draining Kiss|p2a: Shaymin\n|-damage|p2a: Shaymin|0 fnt\n|-heal|p1a: Magearna|100\/100 par|[from] drain|[of] p2a: Shaymin\n|faint|p2a: Shaymin\n|\n|upkeep\n|c|\u2606SephieBL|how have you managed to full para me for like 3\/4ths of the game and still be losing\n|-message|Deriverse forfeited.\n|\n|win|SephieBL\n|raw|SephieBL's rating: 1285 &rarr; <strong>1305<\/strong><br \/>(+20 for winning)\n|raw|Deriverse's rating: 1217 &rarr; <strong>1197<\/strong><br \/>(-20 for losing)\n|l|\u2606Deriverse\n","uploadtime":1698095031,"views":13,"p1id":"sephiebl","p2id":"deriverse","formatid":"gen9ubers","rating":1197,"private":0,"password":""}