{"id":"gen9ubers-1969073450","p1":"Sirbelgrave","p2":"IrishPenguin","format":"[Gen 9] Ubers","log":"|j|\u2606Sirbelgrave\n|j|\u2606IrishPenguin\n|t:|1697487702\n|gametype|singles\n|player|p1|Sirbelgrave|plasmagrunt-gen5bw|\n|player|p2|IrishPenguin|ash|\n|teamsize|p1|6\n|teamsize|p2|6\n|gen|9\n|tier|[Gen 9] Ubers\n|rule|Sleep Clause Mod: Limit one foe put to sleep\n|rule|Species Clause: Limit one of each Pok\u00e9mon\n|rule|OHKO Clause: OHKO moves are banned\n|rule|Evasion Items Clause: Evasion items are banned\n|rule|Evasion Moves Clause: Evasion moves are banned\n|rule|Endless Battle Clause: Forcing endless battles is banned\n|rule|HP Percentage Mod: HP is shown in percentages\n|clearpoke\n|poke|p1|Grimmsnarl, M|\n|poke|p1|Zacian-*|\n|poke|p1|Palkia-Origin|\n|poke|p1|Arceus-Ice|\n|poke|p1|Cyclizar, F|\n|poke|p1|Magearna|\n|poke|p2|Ogerpon-Wellspring, F|\n|poke|p2|Magearna|\n|poke|p2|Zacian-*|\n|poke|p2|Dialga|\n|poke|p2|Shaymin-Sky|\n|poke|p2|Gholdengo|\n|teampreview\n|inactive|Battle timer is ON: inactive players will automatically lose when time's up. (requested by Sirbelgrave)\n|inactive|IrishPenguin also wants the timer to be on.\n|c|\u2606IrishPenguin|It messed up my magearnas evs so i had to fix that\n|c|\u2606IrishPenguin|Glhf\n|inactive|IrishPenguin has 270 seconds left.\n|c|\u2606Sirbelgrave|glhf\n|inactive|Sirbelgrave has 270 seconds left.\n|\n|t:|1697487757\n|start\n|switch|p1a: Cyclizar|Cyclizar, F|100\/100\n|switch|p2a: Shaymin|Shaymin-Sky, shiny|100\/100\n|turn|1\n|\n|t:|1697487765\n|move|p1a: Cyclizar|Shed Tail|p1a: Cyclizar\n|-start|p1a: Cyclizar|Substitute|[from] move: Shed Tail\n|-damage|p1a: Cyclizar|50\/100\n|inactive|Sirbelgrave has 270 seconds left.\n|\n|t:|1697487799\n|switch|p1a: Arceus|Arceus-Ice|100\/100|[from] Shed Tail\n|move|p2a: Shaymin|Substitute|p2a: Shaymin\n|-start|p2a: Shaymin|Substitute\n|-damage|p2a: Shaymin|76\/100\n|\n|upkeep\n|turn|2\n|\n|t:|1697487807\n|move|p2a: Shaymin|Seed Flare|p1a: Arceus\n|-end|p1a: Arceus|Substitute\n|move|p1a: Arceus|Judgment|p2a: Shaymin\n|-supereffective|p2a: Shaymin\n|-end|p2a: Shaymin|Substitute\n|\n|upkeep\n|turn|3\n|\n|t:|1697487820\n|switch|p2a: Magearna|Magearna|100\/100\n|move|p1a: Arceus|Judgment|p2a: Magearna\n|-resisted|p2a: Magearna\n|-damage|p2a: Magearna|81\/100\n|\n|-heal|p2a: Magearna|87\/100|[from] item: Leftovers\n|upkeep\n|turn|4\n|\n|t:|1697487829\n|switch|p1a: Cyclizar|Cyclizar, F|84\/100\n|move|p2a: Magearna|Spikes|p1a: Cyclizar\n|-sidestart|p1: Sirbelgrave|Spikes\n|\n|-heal|p2a: Magearna|93\/100|[from] item: Leftovers\n|upkeep\n|turn|5\n|\n|t:|1697487837\n|move|p1a: Cyclizar|Shed Tail|p1a: Cyclizar\n|-start|p1a: Cyclizar|Substitute|[from] move: Shed Tail\n|-damage|p1a: Cyclizar|34\/100\n|\n|t:|1697487841\n|switch|p1a: Palkia|Palkia-Origin|100\/100|[from] Shed Tail\n|-damage|p1a: Palkia|88\/100|[from] Spikes\n|-ability|p1a: Palkia|Pressure\n|move|p2a: Magearna|Flash Cannon|p1a: Palkia\n|-resisted|p1a: Palkia\n|-activate|p1a: Palkia|move: Substitute|[damage]\n|\n|-heal|p2a: Magearna|99\/100|[from] item: Leftovers\n|upkeep\n|turn|6\n|\n|t:|1697487845\n|move|p1a: Palkia|Fire Blast|p2a: Magearna\n|-supereffective|p2a: Magearna\n|-damage|p2a: Magearna|33\/100\n|move|p2a: Magearna|Draining Kiss|p1a: Palkia\n|-supereffective|p1a: Palkia\n|-end|p1a: Palkia|Substitute\n|-heal|p2a: Magearna|40\/100|[from] drain|[of] p1a: Palkia\n|\n|-heal|p2a: Magearna|46\/100|[from] item: Leftovers\n|upkeep\n|turn|7\n|\n|t:|1697487851\n|switch|p2a: Ogerpon|Ogerpon-Wellspring, F|100\/100\n|move|p1a: Palkia|Hydro Pump|p2a: Ogerpon\n|-immune|p2a: Ogerpon|[from] ability: Water Absorb\n|\n|upkeep\n|turn|8\n|\n|t:|1697487860\n|move|p1a: Palkia|Spacial Rend|p2a: Ogerpon\n|-damage|p2a: Ogerpon|21\/100\n|move|p2a: Ogerpon|U-turn|p1a: Palkia\n|-damage|p1a: Palkia|58\/100\n|\n|t:|1697487864\n|switch|p2a: Zacian|Zacian, shiny|100\/100|[from] U-turn\n|-ability|p2a: Zacian|Intrepid Sword|boost\n|-boost|p2a: Zacian|atk|1\n|\n|upkeep\n|turn|9\n|inactive|Sirbelgrave has 270 seconds left.\n|inactive|Sirbelgrave has 240 seconds left.\n|\n|t:|1697487931\n|switch|p1a: Arceus|Arceus-Ice|100\/100\n|-damage|p1a: Arceus|88\/100|[from] Spikes\n|move|p2a: Zacian|Play Rough|p1a: Arceus\n|-damage|p1a: Arceus|30\/100\n|\n|upkeep\n|turn|10\n|inactive|Sirbelgrave has 240 seconds left.\n|\n|t:|1697487941\n|move|p2a: Zacian|Play Rough|p1a: Arceus\n|-damage|p1a: Arceus|0 fnt\n|faint|p1a: Arceus\n|\n|upkeep\n|\n|t:|1697487948\n|switch|p1a: Cyclizar|Cyclizar, F|67\/100\n|-damage|p1a: Cyclizar|54\/100|[from] Spikes\n|turn|11\n|\n|t:|1697487966\n|move|p1a: Cyclizar|Shed Tail|p1a: Cyclizar\n|-start|p1a: Cyclizar|Substitute|[from] move: Shed Tail\n|-damage|p1a: Cyclizar|4\/100\n|\n|t:|1697487969\n|switch|p1a: Magearna|Magearna|100\/100|[from] Shed Tail\n|-damage|p1a: Magearna|88\/100|[from] Spikes\n|move|p2a: Zacian|Close Combat|p1a: Magearna\n|-end|p1a: Magearna|Substitute\n|-unboost|p2a: Zacian|def|1\n|-unboost|p2a: Zacian|spd|1\n|\n|-heal|p1a: Magearna|94\/100|[from] item: Leftovers\n|upkeep\n|turn|12\n|inactive|Sirbelgrave has 240 seconds left.\n|\n|t:|1697487991\n|switch|p1a: Grimmsnarl|Grimmsnarl, M|100\/100\n|-damage|p1a: Grimmsnarl|88\/100|[from] Spikes\n|-terastallize|p2a: Zacian|Fire\n|move|p2a: Zacian|Tera Blast|p1a: Grimmsnarl|[anim] Tera Blast Fire\n|-damage|p1a: Grimmsnarl|20\/100\n|\n|upkeep\n|turn|13\n|\n|t:|1697488001\n|switch|p2a: Gholdengo|Gholdengo|100\/100\n|-item|p2a: Gholdengo|Air Balloon\n|move|p1a: Grimmsnarl|Reflect|p1a: Grimmsnarl\n|-sidestart|p1: Sirbelgrave|Reflect\n|\n|upkeep\n|turn|14\n|\n|t:|1697488021\n|move|p1a: Grimmsnarl|Light Screen|p1a: Grimmsnarl\n|-sidestart|p1: Sirbelgrave|move: Light Screen\n|move|p2a: Gholdengo|Thunder Wave|p1a: Grimmsnarl\n|-status|p1a: Grimmsnarl|par\n|\n|upkeep\n|turn|15\n|\n|t:|1697488042\n|switch|p2a: Magearna|Magearna|46\/100\n|switch|p1a: Cyclizar|Cyclizar, F|37\/100\n|-damage|p1a: Cyclizar|25\/100|[from] Spikes\n|\n|-heal|p2a: Magearna|52\/100|[from] item: Leftovers\n|upkeep\n|turn|16\n|inactive|IrishPenguin has 270 seconds left.\n|\n|t:|1697488058\n|move|p1a: Cyclizar|Knock Off|p2a: Magearna\n|-resisted|p2a: Magearna\n|-damage|p2a: Magearna|46\/100\n|-enditem|p2a: Magearna|Leftovers|[from] move: Knock Off|[of] p1a: Cyclizar\n|move|p2a: Magearna|Draining Kiss|p1a: Cyclizar\n|-supereffective|p1a: Cyclizar\n|-damage|p1a: Cyclizar|0 fnt\n|-heal|p2a: Magearna|64\/100|[from] drain|[of] p1a: Cyclizar\n|faint|p1a: Cyclizar\n|-ability|p2a: Magearna|Soul-Heart|boost\n|-boost|p2a: Magearna|spa|1\n|\n|upkeep\n|inactive|Sirbelgrave has 270 seconds left.\n|\n|t:|1697488064\n|switch|p1a: Palkia|Palkia-Origin|58\/100\n|-damage|p1a: Palkia|46\/100|[from] Spikes\n|-ability|p1a: Palkia|Pressure\n|turn|17\n|inactive|IrishPenguin has 270 seconds left.\n|\n|t:|1697488092\n|switch|p2a: Ogerpon|Ogerpon-Wellspring, F|21\/100\n|move|p1a: Palkia|Fire Blast|p2a: Ogerpon\n|-damage|p2a: Ogerpon|0 fnt\n|faint|p2a: Ogerpon\n|\n|upkeep\n|\n|t:|1697488108\n|switch|p2a: Shaymin|Shaymin-Sky, shiny|76\/100\n|turn|18\n|\n|t:|1697488116\n|move|p2a: Shaymin|Substitute|p2a: Shaymin\n|-start|p2a: Shaymin|Substitute\n|-damage|p2a: Shaymin|51\/100\n|move|p1a: Palkia|Fire Blast|p2a: Shaymin\n|-supereffective|p2a: Shaymin\n|-end|p2a: Shaymin|Substitute\n|\n|upkeep\n|turn|19\n|\n|t:|1697488123\n|move|p2a: Shaymin|Substitute|p2a: Shaymin\n|-start|p2a: Shaymin|Substitute\n|-damage|p2a: Shaymin|26\/100\n|move|p1a: Palkia|Thunderbolt|p2a: Shaymin\n|-crit|p2a: Shaymin\n|-end|p2a: Shaymin|Substitute\n|\n|upkeep\n|turn|20\n|\n|t:|1697488127\n|move|p2a: Shaymin|Substitute|p2a: Shaymin\n|-start|p2a: Shaymin|Substitute\n|-damage|p2a: Shaymin|1\/100\n|move|p1a: Palkia|Hydro Pump|p2a: Shaymin\n|-resisted|p2a: Shaymin\n|-end|p2a: Shaymin|Substitute\n|\n|-sideend|p1: Sirbelgrave|Reflect\n|upkeep\n|turn|21\n|\n|t:|1697488131\n|move|p2a: Shaymin|Air Slash|p1a: Palkia\n|-damage|p1a: Palkia|29\/100\n|cant|p1a: Palkia|flinch\n|\n|-sideend|p1: Sirbelgrave|move: Light Screen\n|upkeep\n|turn|22\n|\n|t:|1697488144\n|move|p2a: Shaymin|Seed Flare|p1a: Palkia\n|-damage|p1a: Palkia|0 fnt\n|faint|p1a: Palkia\n|\n|upkeep\n|\n|t:|1697488147\n|switch|p1a: Grimmsnarl|Grimmsnarl, M|20\/100 par\n|-damage|p1a: Grimmsnarl|8\/100 par|[from] Spikes\n|turn|23\n|\n|t:|1697488151\n|move|p1a: Grimmsnarl|Light Screen|p1a: Grimmsnarl\n|-sidestart|p1: Sirbelgrave|move: Light Screen\n|move|p2a: Shaymin|Air Slash|p1a: Grimmsnarl\n|-crit|p1a: Grimmsnarl\n|-damage|p1a: Grimmsnarl|0 fnt\n|faint|p1a: Grimmsnarl\n|\n|upkeep\n|\n|t:|1697488166\n|switch|p1a: Magearna|Magearna|94\/100\n|-damage|p1a: Magearna|82\/100|[from] Spikes\n|turn|24\n|\n|t:|1697488169\n|move|p2a: Shaymin|Leech Seed|p1a: Magearna\n|-start|p1a: Magearna|move: Leech Seed\n|move|p1a: Magearna|Shift Gear|p1a: Magearna\n|-boost|p1a: Magearna|spe|2\n|-boost|p1a: Magearna|atk|1\n|\n|-heal|p1a: Magearna|88\/100|[from] item: Leftovers\n|-damage|p1a: Magearna|75\/100|[from] Leech Seed|[of] p2a: Shaymin\n|-heal|p2a: Shaymin|14\/100|[silent]\n|upkeep\n|turn|25\n|\n|t:|1697488176\n|move|p2a: Shaymin|Seed Flare|p1a: Magearna\n|-resisted|p1a: Magearna\n|-damage|p1a: Magearna|64\/100\n|-unboost|p1a: Magearna|spd|2\n|move|p1a: Magearna|Calm Mind|p1a: Magearna\n|-boost|p1a: Magearna|spa|1\n|-boost|p1a: Magearna|spd|1\n|\n|-heal|p1a: Magearna|70\/100|[from] item: Leftovers\n|-damage|p1a: Magearna|58\/100|[from] Leech Seed|[of] p2a: Shaymin\n|-heal|p2a: Shaymin|27\/100|[silent]\n|upkeep\n|turn|26\n|\n|t:|1697488187\n|move|p2a: Shaymin|Air Slash|p1a: Magearna\n|-resisted|p1a: Magearna\n|-damage|p1a: Magearna|46\/100\n|move|p1a: Magearna|Draining Kiss|p2a: Shaymin\n|-damage|p2a: Shaymin|0 fnt\n|-heal|p1a: Magearna|65\/100|[from] drain|[of] p2a: Shaymin\n|faint|p2a: Shaymin\n|-ability|p1a: Magearna|Soul-Heart|boost\n|-boost|p1a: Magearna|spa|1\n|\n|-heal|p1a: Magearna|71\/100|[from] item: Leftovers\n|upkeep\n|\n|t:|1697488197\n|switch|p2a: Gholdengo|Gholdengo|100\/100\n|-item|p2a: Gholdengo|Air Balloon\n|turn|27\n|\n|t:|1697488204\n|move|p1a: Magearna|Calm Mind|p1a: Magearna\n|-boost|p1a: Magearna|spa|1\n|-boost|p1a: Magearna|spd|1\n|move|p2a: Gholdengo|Thunder Wave|p1a: Magearna\n|-status|p1a: Magearna|par\n|\n|-heal|p1a: Magearna|77\/100 par|[from] item: Leftovers\n|-damage|p1a: Magearna|64\/100 par|[from] Leech Seed|[of] p2a: Gholdengo\n|upkeep\n|turn|28\n|\n|t:|1697488208\n|move|p2a: Gholdengo|Make It Rain|p1a: Magearna\n|-damage|p1a: Magearna|40\/100 par\n|-unboost|p2a: Gholdengo|spa|1\n|cant|p1a: Magearna|par\n|\n|-heal|p1a: Magearna|46\/100 par|[from] item: Leftovers\n|-damage|p1a: Magearna|34\/100 par|[from] Leech Seed|[of] p2a: Gholdengo\n|upkeep\n|turn|29\n|\n|t:|1697488217\n|move|p2a: Gholdengo|Shadow Ball|p1a: Magearna\n|-damage|p1a: Magearna|24\/100 par\n|-unboost|p1a: Magearna|spd|1\n|move|p1a: Magearna|Draining Kiss|p2a: Gholdengo\n|-resisted|p2a: Gholdengo\n|-damage|p2a: Gholdengo|81\/100\n|-heal|p1a: Magearna|39\/100 par|[from] drain|[of] p2a: Gholdengo\n|-enditem|p2a: Gholdengo|Air Balloon\n|\n|-heal|p1a: Magearna|45\/100 par|[from] item: Leftovers\n|-damage|p1a: Magearna|33\/100 par|[from] Leech Seed|[of] p2a: Gholdengo\n|-heal|p2a: Gholdengo|93\/100|[silent]\n|upkeep\n|turn|30\n|\n|t:|1697488228\n|switch|p2a: Magearna|Magearna|64\/100\n|move|p1a: Magearna|Stored Power|p2a: Magearna\n|-resisted|p2a: Magearna\n|-damage|p2a: Magearna|24\/100\n|\n|-heal|p1a: Magearna|39\/100 par|[from] item: Leftovers\n|-damage|p1a: Magearna|27\/100 par|[from] Leech Seed|[of] p2a: Magearna\n|-heal|p2a: Magearna|37\/100|[silent]\n|-sideend|p1: Sirbelgrave|move: Light Screen\n|upkeep\n|turn|31\n|\n|t:|1697488232\n|move|p2a: Magearna|Flash Cannon|p1a: Magearna\n|-crit|p1a: Magearna\n|-damage|p1a: Magearna|0 fnt\n|faint|p1a: Magearna\n|-ability|p2a: Magearna|Soul-Heart|boost\n|-boost|p2a: Magearna|spa|1\n|\n|upkeep\n|\n|t:|1697488234\n|switch|p1a: Zacian|Zacian|100\/100\n|-ability|p1a: Zacian|Intrepid Sword|boost\n|-boost|p1a: Zacian|atk|1\n|turn|32\n|\n|t:|1697488245\n|-terastallize|p1a: Zacian|Steel\n|move|p1a: Zacian|Swords Dance|p1a: Zacian\n|-boost|p1a: Zacian|atk|2\n|move|p2a: Magearna|Draining Kiss|p1a: Zacian\n|-resisted|p1a: Zacian\n|-damage|p1a: Zacian|84\/100\n|-heal|p2a: Magearna|48\/100|[from] drain|[of] p1a: Zacian\n|\n|upkeep\n|turn|33\n|\n|t:|1697488259\n|switch|p2a: Gholdengo|Gholdengo|93\/100\n|move|p1a: Zacian|Wild Charge|p2a: Gholdengo\n|-damage|p2a: Gholdengo|26\/100\n|-damage|p1a: Zacian|65\/100|[from] Recoil\n|\n|upkeep\n|turn|34\n|\n|t:|1697488262\n|move|p1a: Zacian|Play Rough|p2a: Gholdengo\n|-resisted|p2a: Gholdengo\n|-damage|p2a: Gholdengo|0 fnt\n|faint|p2a: Gholdengo\n|\n|upkeep\n|\n|t:|1697488265\n|switch|p2a: Zacian|Zacian, shiny, tera:Fire|100\/100\n|turn|35\n|\n|t:|1697488270\n|move|p2a: Zacian|Tera Blast|p1a: Zacian|[anim] Tera Blast Fire\n|-supereffective|p1a: Zacian\n|-damage|p1a: Zacian|0 fnt\n|faint|p1a: Zacian\n|\n|win|IrishPenguin\n|c|\u2606Sirbelgrave|gg\n|c|\u2606IrishPenguin|Gg wp\n","uploadtime":1697488280,"views":5,"p1id":"sirbelgrave","p2id":"irishpenguin","formatid":"gen9ubers","rating":0,"private":0,"password":""}