{"id":"gen9ubers-1978414707","p1":"Laslous08","p2":"Snorlax Chef","format":"[Gen 9] Ubers","log":"|j|\u2606Laslous08\n|j|\u2606Snorlax Chef\n|t:|1698535954\n|gametype|singles\n|player|p1|Laslous08|cress|1400\n|player|p2|Snorlax Chef|sailor|1511\n|teamsize|p1|6\n|teamsize|p2|6\n|gen|9\n|tier|[Gen 9] Ubers\n|rated|\n|rule|Sleep Clause Mod: Limit one foe put to sleep\n|rule|Species Clause: Limit one of each Pok\u00e9mon\n|rule|OHKO Clause: OHKO moves are banned\n|rule|Evasion Items Clause: Evasion items are banned\n|rule|Evasion Moves Clause: Evasion moves are banned\n|rule|Endless Battle Clause: Forcing endless battles is banned\n|rule|HP Percentage Mod: HP is shown in percentages\n|clearpoke\n|poke|p1|Arceus-Ground|\n|poke|p1|Annihilape, F|\n|poke|p1|Zacian-*|\n|poke|p1|Miraidon|\n|poke|p1|Koraidon|\n|poke|p1|Rayquaza|\n|poke|p2|Dondozo, F|\n|poke|p2|Moltres|\n|poke|p2|Corviknight, F|\n|poke|p2|Blissey, F|\n|poke|p2|Clodsire, F|\n|poke|p2|Ditto|\n|teampreview\n|inactive|Battle timer is ON: inactive players will automatically lose when time's up. (requested by Snorlax Chef)\n|\n|t:|1698535965\n|start\n|switch|p1a: Annihilape|Annihilape, F|100\/100\n|switch|p2a: Ditto|Ditto|100\/100\n|-transform|p2a: Ditto|p1a: Annihilape|[from] ability: Imposter\n|turn|1\n|\n|t:|1698535977\n|move|p2a: Ditto|Stealth Rock|p1a: Annihilape\n|-sidestart|p1: Laslous08|move: Stealth Rock\n|move|p1a: Annihilape|Taunt|p2a: Ditto\n|-start|p2a: Ditto|move: Taunt\n|\n|upkeep\n|turn|2\n|\n|t:|1698535988\n|move|p1a: Annihilape|Stealth Rock|p2a: Ditto\n|-sidestart|p2: Snorlax Chef|move: Stealth Rock\n|move|p2a: Ditto|Rage Fist|p1a: Annihilape\n|-supereffective|p1a: Annihilape\n|-damage|p1a: Annihilape|59\/100\n|\n|upkeep\n|turn|3\n|\n|t:|1698535994\n|move|p1a: Annihilape|Rage Fist|p2a: Ditto\n|-supereffective|p2a: Ditto\n|-damage|p2a: Ditto|2\/100\n|move|p2a: Ditto|Rage Fist|p1a: Annihilape\n|-supereffective|p1a: Annihilape\n|-damage|p1a: Annihilape|0 fnt\n|faint|p1a: Annihilape\n|\n|upkeep\n|\n|t:|1698536013\n|switch|p1a: Miraidon|Miraidon|100\/100\n|-damage|p1a: Miraidon|88\/100|[from] Stealth Rock\n|-fieldstart|move: Electric Terrain|[from] ability: Hadron Engine|[of] p1a: Miraidon\n|turn|4\n|\n|t:|1698536017\n|switch|p2a: Blissey|Blissey, F|100\/100\n|move|p1a: Miraidon|Electro Drift|p2a: Blissey\n|-damage|p2a: Blissey|77\/100\n|\n|upkeep\n|turn|5\n|\n|t:|1698536021\n|switch|p1a: Koraidon|Koraidon|100\/100\n|-damage|p1a: Koraidon|94\/100|[from] Stealth Rock\n|-weather|SunnyDay|[from] ability: Orichalcum Pulse|[of] p1a: Koraidon\n|-activate|p1a: Koraidon|Orichalcum Pulse|[source]\n|move|p2a: Blissey|Soft-Boiled|p2a: Blissey\n|-heal|p2a: Blissey|100\/100\n|\n|-weather|SunnyDay|[upkeep]\n|-heal|p1a: Koraidon|100\/100|[from] item: Leftovers\n|upkeep\n|turn|6\n|\n|t:|1698536033\n|switch|p2a: Moltres|Moltres|100\/100\n|move|p1a: Koraidon|Swords Dance|p1a: Koraidon\n|-boost|p1a: Koraidon|atk|2\n|\n|-weather|SunnyDay|[upkeep]\n|upkeep\n|turn|7\n|\n|t:|1698536037\n|move|p1a: Koraidon|Dragon Claw|p2a: Moltres\n|-damage|p2a: Moltres|20\/100\n|-status|p1a: Koraidon|brn|[from] ability: Flame Body|[of] p2a: Moltres\n|move|p2a: Moltres|Will-O-Wisp|p1a: Koraidon\n|-fail|p1a: Koraidon|brn\n|\n|-weather|SunnyDay|[upkeep]\n|-damage|p1a: Koraidon|94\/100 brn|[from] brn\n|upkeep\n|turn|8\n|\n|t:|1698536045\n|switch|p2a: Dondozo|Dondozo, F|100\/100\n|move|p1a: Koraidon|Dragon Claw|p2a: Dondozo\n|-damage|p2a: Dondozo|89\/100\n|\n|-weather|SunnyDay|[upkeep]\n|-heal|p1a: Koraidon|100\/100 brn|[from] item: Leftovers\n|-damage|p1a: Koraidon|94\/100 brn|[from] brn\n|-fieldend|move: Electric Terrain\n|upkeep\n|turn|9\n|\n|t:|1698536052\n|switch|p1a: Miraidon|Miraidon|88\/100\n|-damage|p1a: Miraidon|76\/100|[from] Stealth Rock\n|-fieldstart|move: Electric Terrain|[from] ability: Hadron Engine|[of] p1a: Miraidon\n|move|p2a: Dondozo|Liquidation|p1a: Miraidon\n|-resisted|p1a: Miraidon\n|-damage|p1a: Miraidon|69\/100\n|\n|-weather|none\n|upkeep\n|turn|10\n|\n|t:|1698536059\n|switch|p2a: Blissey|Blissey, F|100\/100\n|move|p1a: Miraidon|Draco Meteor|p2a: Blissey\n|-damage|p2a: Blissey|76\/100\n|-unboost|p1a: Miraidon|spa|2\n|\n|upkeep\n|turn|11\n|\n|t:|1698536065\n|switch|p1a: Koraidon|Koraidon|94\/100 brn\n|-damage|p1a: Koraidon|88\/100 brn|[from] Stealth Rock\n|-weather|SunnyDay|[from] ability: Orichalcum Pulse|[of] p1a: Koraidon\n|-activate|p1a: Koraidon|Orichalcum Pulse|[source]\n|move|p2a: Blissey|Seismic Toss|p1a: Koraidon\n|-damage|p1a: Koraidon|59\/100 brn\n|\n|-weather|SunnyDay|[upkeep]\n|-heal|p1a: Koraidon|65\/100 brn|[from] item: Leftovers\n|-damage|p1a: Koraidon|59\/100 brn|[from] brn\n|upkeep\n|turn|12\n|\n|t:|1698536072\n|switch|p2a: Corviknight|Corviknight, F|100\/100\n|-damage|p2a: Corviknight|88\/100|[from] Stealth Rock\n|-ability|p2a: Corviknight|Pressure\n|move|p1a: Koraidon|Collision Course|p2a: Corviknight\n|-damage|p2a: Corviknight|68\/100\n|\n|-weather|SunnyDay|[upkeep]\n|-heal|p1a: Koraidon|65\/100 brn|[from] item: Leftovers\n|-heal|p2a: Corviknight|75\/100|[from] item: Leftovers\n|-damage|p1a: Koraidon|59\/100 brn|[from] brn\n|upkeep\n|turn|13\n|\n|t:|1698536075\n|move|p1a: Koraidon|Swords Dance|p1a: Koraidon\n|-boost|p1a: Koraidon|atk|2\n|move|p2a: Corviknight|Roost|p2a: Corviknight\n|-heal|p2a: Corviknight|100\/100\n|-singleturn|p2a: Corviknight|move: Roost\n|\n|-weather|SunnyDay|[upkeep]\n|-heal|p1a: Koraidon|65\/100 brn|[from] item: Leftovers\n|-damage|p1a: Koraidon|59\/100 brn|[from] brn\n|-fieldend|move: Electric Terrain\n|upkeep\n|turn|14\n|\n|t:|1698536078\n|switch|p2a: Dondozo|Dondozo, F|89\/100\n|move|p1a: Koraidon|Swords Dance|p1a: Koraidon\n|-boost|p1a: Koraidon|atk|2\n|\n|-weather|SunnyDay|[upkeep]\n|-heal|p1a: Koraidon|65\/100 brn|[from] item: Leftovers\n|-damage|p1a: Koraidon|59\/100 brn|[from] brn\n|upkeep\n|turn|15\n|\n|t:|1698536085\n|switch|p1a: Miraidon|Miraidon|69\/100\n|-damage|p1a: Miraidon|57\/100|[from] Stealth Rock\n|-fieldstart|move: Electric Terrain|[from] ability: Hadron Engine|[of] p1a: Miraidon\n|move|p2a: Dondozo|Curse|p2a: Dondozo\n|-unboost|p2a: Dondozo|spe|1\n|-boost|p2a: Dondozo|atk|1\n|-boost|p2a: Dondozo|def|1\n|\n|-weather|none\n|upkeep\n|turn|16\n|\n|t:|1698536092\n|switch|p2a: Blissey|Blissey, F|76\/100\n|move|p1a: Miraidon|Electro Drift|p2a: Blissey\n|-damage|p2a: Blissey|51\/100\n|\n|upkeep\n|turn|17\n|\n|t:|1698536098\n|switch|p1a: Koraidon|Koraidon|59\/100 brn\n|-damage|p1a: Koraidon|53\/100 brn|[from] Stealth Rock\n|-weather|SunnyDay|[from] ability: Orichalcum Pulse|[of] p1a: Koraidon\n|-activate|p1a: Koraidon|Orichalcum Pulse|[source]\n|move|p2a: Blissey|Soft-Boiled|p2a: Blissey\n|-heal|p2a: Blissey|100\/100\n|\n|-weather|SunnyDay|[upkeep]\n|-heal|p1a: Koraidon|59\/100 brn|[from] item: Leftovers\n|-damage|p1a: Koraidon|53\/100 brn|[from] brn\n|upkeep\n|turn|18\n|\n|t:|1698536104\n|switch|p2a: Corviknight|Corviknight, F|100\/100\n|-damage|p2a: Corviknight|88\/100|[from] Stealth Rock\n|-ability|p2a: Corviknight|Pressure\n|move|p1a: Koraidon|Swords Dance|p1a: Koraidon\n|-boost|p1a: Koraidon|atk|2\n|\n|-weather|SunnyDay|[upkeep]\n|-heal|p1a: Koraidon|59\/100 brn|[from] item: Leftovers\n|-heal|p2a: Corviknight|94\/100|[from] item: Leftovers\n|-damage|p1a: Koraidon|53\/100 brn|[from] brn\n|upkeep\n|turn|19\n|\n|t:|1698536107\n|switch|p2a: Dondozo|Dondozo, F|89\/100\n|-terastallize|p1a: Koraidon|Fire\n|move|p1a: Koraidon|Flame Charge|p2a: Dondozo\n|-resisted|p2a: Dondozo\n|-damage|p2a: Dondozo|81\/100\n|-boost|p1a: Koraidon|spe|1\n|\n|-weather|SunnyDay|[upkeep]\n|-heal|p1a: Koraidon|59\/100 brn|[from] item: Leftovers\n|-damage|p1a: Koraidon|53\/100 brn|[from] brn\n|-fieldend|move: Electric Terrain\n|upkeep\n|turn|20\n|\n|t:|1698536116\n|switch|p1a: Zacian|Zacian-Crowned|100\/100\n|-damage|p1a: Zacian|94\/100|[from] Stealth Rock\n|-ability|p1a: Zacian|Intrepid Sword|boost\n|-boost|p1a: Zacian|atk|1\n|move|p2a: Dondozo|Liquidation|p1a: Zacian\n|-damage|p1a: Zacian|82\/100\n|\n|-weather|SunnyDay|[upkeep]\n|upkeep\n|turn|21\n|\n|t:|1698536120\n|move|p1a: Zacian|Trailblaze|p2a: Dondozo\n|-supereffective|p2a: Dondozo\n|-damage|p2a: Dondozo|66\/100\n|-boost|p1a: Zacian|spe|1\n|move|p2a: Dondozo|Curse|p2a: Dondozo\n|-unboost|p2a: Dondozo|spe|1\n|-boost|p2a: Dondozo|atk|1\n|-boost|p2a: Dondozo|def|1\n|\n|-weather|none\n|upkeep\n|turn|22\n|inactive|Laslous08 has 120 seconds left.\n|inactive|Laslous08 has 90 seconds left.\n|\n|t:|1698536186\n|switch|p1a: Miraidon|Miraidon|57\/100\n|-damage|p1a: Miraidon|44\/100|[from] Stealth Rock\n|-fieldstart|move: Electric Terrain|[from] ability: Hadron Engine|[of] p1a: Miraidon\n|move|p2a: Dondozo|Liquidation|p1a: Miraidon\n|-resisted|p1a: Miraidon\n|-damage|p1a: Miraidon|22\/100\n|\n|upkeep\n|turn|23\n|inactive|Laslous08 has 90 seconds left.\n|\n|t:|1698536201\n|switch|p2a: Blissey|Blissey, F|100\/100\n|move|p1a: Miraidon|Electro Drift|p2a: Blissey\n|-damage|p2a: Blissey|72\/100\n|\n|upkeep\n|turn|24\n|\n|t:|1698536208\n|switch|p1a: Koraidon|Koraidon, tera:Fire|53\/100 brn\n|-damage|p1a: Koraidon|28\/100 brn|[from] Stealth Rock\n|-weather|SunnyDay|[from] ability: Orichalcum Pulse|[of] p1a: Koraidon\n|-activate|p1a: Koraidon|Orichalcum Pulse|[source]\n|move|p2a: Blissey|Soft-Boiled|p2a: Blissey\n|-heal|p2a: Blissey|100\/100\n|\n|-weather|SunnyDay|[upkeep]\n|-heal|p1a: Koraidon|34\/100 brn|[from] item: Leftovers\n|-damage|p1a: Koraidon|28\/100 brn|[from] brn\n|upkeep\n|turn|25\n|\n|t:|1698536214\n|switch|p1a: Miraidon|Miraidon|22\/100\n|-damage|p1a: Miraidon|10\/100|[from] Stealth Rock\n|-activate|p1a: Miraidon|ability: Hadron Engine\n|switch|p2a: Corviknight|Corviknight, F|94\/100\n|-damage|p2a: Corviknight|82\/100|[from] Stealth Rock\n|-ability|p2a: Corviknight|Pressure\n|\n|-weather|SunnyDay|[upkeep]\n|-heal|p2a: Corviknight|88\/100|[from] item: Leftovers\n|upkeep\n|turn|26\n|\n|t:|1698536241\n|switch|p2a: Blissey|Blissey, F|100\/100\n|move|p1a: Miraidon|Draco Meteor|p2a: Blissey|[miss]\n|-miss|p1a: Miraidon|p2a: Blissey\n|\n|-weather|SunnyDay|[upkeep]\n|-fieldend|move: Electric Terrain\n|upkeep\n|turn|27\n|\n|t:|1698536252\n|switch|p1a: Rayquaza|Rayquaza|100\/100\n|-damage|p1a: Rayquaza|76\/100|[from] Stealth Rock\n|-ability|p1a: Rayquaza|Air Lock\n|move|p2a: Blissey|Seismic Toss|p1a: Rayquaza\n|-damage|p1a: Rayquaza|47\/100\n|\n|-weather|SunnyDay|[upkeep]\n|upkeep\n|turn|28\n|c|\u2606Laslous08|just get a dad\n|j| dunsam\n|c|\u2606Laslous08|all the stall player have to got a life\n|inactive|Laslous08 has 90 seconds left.\n|\n|t:|1698536287\n|switch|p2a: Moltres|Moltres|20\/100\n|move|p1a: Rayquaza|Dragon Ascent|p2a: Moltres\n|-damage|p2a: Moltres|0 fnt\n|-unboost|p1a: Rayquaza|def|1\n|-unboost|p1a: Rayquaza|spd|1\n|-status|p1a: Rayquaza|brn|[from] ability: Flame Body|[of] p2a: Moltres\n|faint|p2a: Moltres\n|\n|-weather|none\n|-damage|p1a: Rayquaza|41\/100 brn|[from] brn\n|upkeep\n|c|\u2606Snorlax Chef|U suck so stfu\n|\n|t:|1698536303\n|switch|p2a: Dondozo|Dondozo, F|66\/100\n|turn|29\n|inactive|Laslous08 has 90 seconds left.\n|c|\u2606Laslous08|bro you are just a noob who can't grind with out stall\n|\n|t:|1698536320\n|move|p1a: Rayquaza|Dragon Ascent|p2a: Dondozo\n|-damage|p2a: Dondozo|49\/100\n|-unboost|p1a: Rayquaza|def|1\n|-unboost|p1a: Rayquaza|spd|1\n|move|p2a: Dondozo|Curse|p2a: Dondozo\n|-unboost|p2a: Dondozo|spe|1\n|-boost|p2a: Dondozo|atk|1\n|-boost|p2a: Dondozo|def|1\n|\n|-damage|p1a: Rayquaza|35\/100 brn|[from] brn\n|upkeep\n|turn|30\n|inactive|Laslous08 has 90 seconds left.\n|\n|t:|1698536327\n|move|p1a: Rayquaza|Dragon Ascent|p2a: Dondozo\n|-damage|p2a: Dondozo|39\/100\n|-unboost|p1a: Rayquaza|def|1\n|-unboost|p1a: Rayquaza|spd|1\n|move|p2a: Dondozo|Rest|p2a: Dondozo\n|-status|p2a: Dondozo|slp|[from] move: Rest\n|-heal|p2a: Dondozo|100\/100 slp|[silent]\n|\n|-damage|p1a: Rayquaza|29\/100 brn|[from] brn\n|upkeep\n|turn|31\n|\n|t:|1698536332\n|switch|p1a: Zacian|Zacian-Crowned|82\/100\n|-damage|p1a: Zacian|76\/100|[from] Stealth Rock\n|cant|p2a: Dondozo|slp\n|move|p2a: Dondozo|Sleep Talk|p2a: Dondozo\n|move|p2a: Dondozo|Curse|p2a: Dondozo|[from]move: Sleep Talk\n|-unboost|p2a: Dondozo|spe|1\n|-boost|p2a: Dondozo|atk|1\n|-boost|p2a: Dondozo|def|1\n|\n|upkeep\n|turn|32\n|\n|t:|1698536344\n|move|p1a: Zacian|Trailblaze|p2a: Dondozo\n|-supereffective|p2a: Dondozo\n|-damage|p2a: Dondozo|92\/100 slp\n|-boost|p1a: Zacian|spe|1\n|cant|p2a: Dondozo|slp\n|move|p2a: Dondozo|Sleep Talk|p2a: Dondozo\n|move|p2a: Dondozo|Rest||[from]move: Sleep Talk|[still]\n|-fail|p2a: Dondozo\n|\n|upkeep\n|turn|33\n|\n|t:|1698536353\n|move|p1a: Zacian|Trailblaze|p2a: Dondozo\n|-supereffective|p2a: Dondozo\n|-damage|p2a: Dondozo|83\/100 slp\n|-boost|p1a: Zacian|spe|1\n|-curestatus|p2a: Dondozo|slp|[msg]\n|move|p2a: Dondozo|Liquidation|p1a: Zacian\n|-damage|p1a: Zacian|20\/100\n|-unboost|p1a: Zacian|def|1\n|\n|upkeep\n|turn|34\n|\n|t:|1698536360\n|move|p1a: Zacian|Behemoth Blade|p2a: Dondozo\n|-resisted|p2a: Dondozo\n|-damage|p2a: Dondozo|76\/100\n|move|p2a: Dondozo|Curse|p2a: Dondozo\n|-unboost|p2a: Dondozo|spe|1\n|-boost|p2a: Dondozo|atk|1\n|-boost|p2a: Dondozo|def|1\n|\n|upkeep\n|turn|35\n|inactive|Laslous08 has 120 seconds left.\n|\n|t:|1698536365\n|move|p1a: Zacian|Play Rough|p2a: Dondozo\n|-damage|p2a: Dondozo|68\/100\n|move|p2a: Dondozo|Rest|p2a: Dondozo\n|-status|p2a: Dondozo|slp|[from] move: Rest\n|-heal|p2a: Dondozo|100\/100 slp|[silent]\n|\n|upkeep\n|turn|36\n|j| Dregone\n|-message|Laslous08 forfeited.\n|\n|win|Snorlax Chef\n|raw|Laslous08's rating: 1400 &rarr; <strong>1386<\/strong><br \/>(-14 for losing)\n|raw|Snorlax Chef's rating: 1511 &rarr; <strong>1525<\/strong><br \/>(+14 for winning)\n|l|\u2606Laslous08\n","uploadtime":1698536296,"views":13,"p1id":"laslous08","p2id":"snorlaxchef","formatid":"gen9ubers","rating":1386,"private":0,"password":""}