{"id":"gen9ubers-1994542120","p1":"eddyallenpwnd","p2":"ToeFungus47!","format":"[Gen 9] Ubers","log":"|j|\u2606eddyallenpwnd\n|j|\u2606ToeFungus47!\n|t:|1700457003\n|gametype|singles\n|player|p1|eddyallenpwnd|clown|1157\n|player|p2|ToeFungus47!|plasmagrunt|1055\n|teamsize|p1|6\n|teamsize|p2|6\n|gen|9\n|tier|[Gen 9] Ubers\n|rated|\n|rule|Sleep Clause Mod: Limit one foe put to sleep\n|rule|Species Clause: Limit one of each Pok\u00e9mon\n|rule|OHKO Clause: OHKO moves are banned\n|rule|Evasion Items Clause: Evasion items are banned\n|rule|Evasion Moves Clause: Evasion moves are banned\n|rule|Endless Battle Clause: Forcing endless battles is banned\n|rule|HP Percentage Mod: HP is shown in percentages\n|clearpoke\n|poke|p1|Gliscor, M|\n|poke|p1|Clodsire, M|\n|poke|p1|Groudon|\n|poke|p1|Arceus-Water|\n|poke|p1|Zacian-*|\n|poke|p1|Giratina-Origin|\n|poke|p2|Arbok, M|\n|poke|p2|Rayquaza|\n|poke|p2|Palafin, M|\n|poke|p2|Inteleon, M|\n|poke|p2|Darkrai|\n|poke|p2|Samurott-Hisui, M|\n|teampreview\n|\n|t:|1700457012\n|start\n|switch|p1a: Gliscor|Gliscor, M|100\/100\n|switch|p2a: Death 13|Darkrai|100\/100\n|turn|1\n|\n|t:|1700457018\n|move|p1a: Gliscor|Protect|p1a: Gliscor\n|-singleturn|p1a: Gliscor|Protect\n|move|p2a: Death 13|Hypnosis|p1a: Gliscor\n|-activate|p1a: Gliscor|move: Protect\n|\n|-status|p1a: Gliscor|tox|[from] item: Toxic Orb\n|upkeep\n|turn|2\n|\n|t:|1700457025\n|move|p2a: Death 13|Hypnosis|p1a: Gliscor|[miss]\n|-miss|p2a: Death 13|p1a: Gliscor\n|-enditem|p2a: Death 13|Blunder Policy\n|-boost|p2a: Death 13|spe|2\n|move|p1a: Gliscor|Toxic|p2a: Death 13\n|-status|p2a: Death 13|tox\n|\n|-damage|p2a: Death 13|94\/100 tox|[from] psn\n|upkeep\n|turn|3\n|\n|t:|1700457035\n|move|p2a: Death 13|Dark Pulse|p1a: Gliscor\n|-damage|p1a: Gliscor|45\/100 tox\n|move|p1a: Gliscor|Taunt|p2a: Death 13\n|-start|p2a: Death 13|move: Taunt\n|\n|-damage|p2a: Death 13|82\/100 tox|[from] psn\n|-heal|p1a: Gliscor|57\/100 tox|[from] ability: Poison Heal\n|upkeep\n|turn|4\n|\n|t:|1700457043\n|move|p1a: Gliscor|Protect|p1a: Gliscor\n|-singleturn|p1a: Gliscor|Protect\n|move|p2a: Death 13|Dark Pulse|p1a: Gliscor\n|-activate|p1a: Gliscor|move: Protect\n|\n|-damage|p2a: Death 13|64\/100 tox|[from] psn\n|-heal|p1a: Gliscor|69\/100 tox|[from] ability: Poison Heal\n|upkeep\n|turn|5\n|\n|t:|1700457056\n|switch|p1a: Clodsire|Clodsire, M|100\/100\n|move|p2a: Death 13|Dark Pulse|p1a: Clodsire\n|-damage|p1a: Clodsire|79\/100\n|\n|-damage|p2a: Death 13|40\/100 tox|[from] psn\n|upkeep\n|turn|6\n|\n|t:|1700457064\n|move|p2a: Death 13|Dark Pulse|p1a: Clodsire\n|-damage|p1a: Clodsire|55\/100\n|move|p1a: Clodsire|Spikes|p2a: Death 13\n|-sidestart|p2: ToeFungus47!|Spikes\n|\n|-damage|p2a: Death 13|10\/100 tox|[from] psn\n|-end|p2a: Death 13|move: Taunt\n|upkeep\n|turn|7\n|\n|t:|1700457071\n|move|p2a: Death 13|Hypnosis|p1a: Clodsire|[miss]\n|-miss|p2a: Death 13|p1a: Clodsire\n|move|p1a: Clodsire|Recover|p1a: Clodsire\n|-heal|p1a: Clodsire|100\/100\n|\n|-damage|p2a: Death 13|0 fnt|[from] psn\n|faint|p2a: Death 13\n|upkeep\n|\n|t:|1700457079\n|switch|p2a: Star Platinum|Palafin, M, shiny|100\/100\n|-damage|p2a: Star Platinum|88\/100|[from] Spikes\n|turn|8\n|\n|t:|1700457085\n|move|p2a: Star Platinum|Ice Punch|p1a: Clodsire\n|-supereffective|p1a: Clodsire\n|-damage|p1a: Clodsire|44\/100\n|move|p1a: Clodsire|Toxic|p2a: Star Platinum\n|-status|p2a: Star Platinum|tox\n|\n|-damage|p2a: Star Platinum|82\/100 tox|[from] psn\n|upkeep\n|turn|9\n|\n|t:|1700457098\n|switch|p1a: Zacian|Zacian-Crowned|100\/100\n|-ability|p1a: Zacian|Intrepid Sword|boost\n|-boost|p1a: Zacian|atk|1\n|move|p2a: Star Platinum|Ice Punch|p1a: Zacian\n|-resisted|p1a: Zacian\n|-damage|p1a: Zacian|88\/100\n|\n|-damage|p2a: Star Platinum|70\/100 tox|[from] psn\n|upkeep\n|turn|10\n|\n|t:|1700457107\n|detailschange|p2a: Star Platinum|Palafin-Hero, M, shiny\n|switch|p2a: Hermit Purple|Arbok, M|100\/100\n|-damage|p2a: Hermit Purple|88\/100|[from] Spikes\n|-ability|p2a: Hermit Purple|Intimidate|boost\n|-unboost|p1a: Zacian|atk|1\n|move|p1a: Zacian|Wild Charge|p2a: Hermit Purple\n|-damage|p2a: Hermit Purple|30\/100\n|-damage|p1a: Zacian|76\/100|[from] Recoil\n|-enditem|p2a: Hermit Purple|Eject Button\n|\n|t:|1700457126\n|switch|p2a: Emperor|Inteleon, M|100\/100\n|-damage|p2a: Emperor|88\/100|[from] Spikes\n|\n|upkeep\n|turn|11\n|\n|t:|1700457134\n|move|p1a: Zacian|Wild Charge|p2a: Emperor\n|-supereffective|p2a: Emperor\n|-damage|p2a: Emperor|0 fnt\n|faint|p2a: Emperor\n|-damage|p1a: Zacian|57\/100|[from] Recoil\n|\n|upkeep\n|\n|t:|1700457143\n|switch|p2a: Star Platinum|Palafin-Hero, M, shiny|70\/100 tox\n|-damage|p2a: Star Platinum|57\/100 tox|[from] Spikes\n|-activate|p2a: Star Platinum|ability: Zero to Hero\n|turn|12\n|\n|t:|1700457156\n|switch|p1a: Clodsire|Clodsire, M|44\/100\n|move|p2a: Star Platinum|Jet Punch|p1a: Clodsire\n|-heal|p1a: Clodsire|69\/100|[from] ability: Water Absorb|[of] p2a: Star Platinum\n|\n|-damage|p2a: Star Platinum|51\/100 tox|[from] psn\n|upkeep\n|turn|13\n|\n|t:|1700457169\n|switch|p2a: Hermit Purple|Arbok, M|30\/100\n|-damage|p2a: Hermit Purple|18\/100|[from] Spikes\n|-ability|p2a: Hermit Purple|Intimidate|boost\n|-unboost|p1a: Clodsire|atk|1\n|move|p1a: Clodsire|Spikes|p2a: Hermit Purple\n|-sidestart|p2: ToeFungus47!|Spikes\n|\n|upkeep\n|turn|14\n|\n|t:|1700457179\n|move|p2a: Hermit Purple|Glare|p1a: Clodsire\n|-status|p1a: Clodsire|par\n|cant|p1a: Clodsire|par\n|\n|upkeep\n|turn|15\n|\n|t:|1700457185\n|move|p2a: Hermit Purple|Coil|p2a: Hermit Purple\n|-boost|p2a: Hermit Purple|atk|1\n|-boost|p2a: Hermit Purple|def|1\n|-boost|p2a: Hermit Purple|accuracy|1\n|move|p1a: Clodsire|Recover|p1a: Clodsire\n|-heal|p1a: Clodsire|100\/100 par\n|\n|upkeep\n|turn|16\n|\n|t:|1700457193\n|move|p2a: Hermit Purple|Sucker Punch|p1a: Clodsire\n|-damage|p1a: Clodsire|67\/100 par\n|move|p1a: Clodsire|Earthquake|p2a: Hermit Purple\n|-supereffective|p2a: Hermit Purple\n|-damage|p2a: Hermit Purple|0 fnt\n|faint|p2a: Hermit Purple\n|\n|upkeep\n|\n|t:|1700457202\n|switch|p2a: Hierophant Green|Rayquaza|100\/100\n|-ability|p2a: Hierophant Green|Air Lock\n|turn|17\n|\n|t:|1700457210\n|switch|p1a: Gliscor|Gliscor, M|69\/100 tox\n|move|p2a: Hierophant Green|Dragon Ascent|p1a: Gliscor\n|-damage|p1a: Gliscor|25\/100 tox\n|-unboost|p2a: Hierophant Green|def|1\n|-unboost|p2a: Hierophant Green|spd|1\n|\n|-heal|p1a: Gliscor|38\/100 tox|[from] ability: Poison Heal\n|upkeep\n|turn|18\n|\n|t:|1700457219\n|move|p1a: Gliscor|Protect|p1a: Gliscor\n|-singleturn|p1a: Gliscor|Protect\n|move|p2a: Hierophant Green|Extreme Speed|p1a: Gliscor\n|-activate|p1a: Gliscor|move: Protect\n|\n|-heal|p1a: Gliscor|50\/100 tox|[from] ability: Poison Heal\n|upkeep\n|turn|19\n|\n|t:|1700457227\n|move|p2a: Hierophant Green|Dragon Ascent|p1a: Gliscor\n|-damage|p1a: Gliscor|6\/100 tox\n|-unboost|p2a: Hierophant Green|def|1\n|-unboost|p2a: Hierophant Green|spd|1\n|move|p1a: Gliscor|Toxic|p2a: Hierophant Green\n|-status|p2a: Hierophant Green|tox\n|\n|-damage|p2a: Hierophant Green|95\/100 tox|[from] psn\n|-heal|p1a: Gliscor|19\/100 tox|[from] ability: Poison Heal\n|upkeep\n|turn|20\n|\n|t:|1700457242\n|move|p1a: Gliscor|Protect|p1a: Gliscor\n|-singleturn|p1a: Gliscor|Protect\n|move|p2a: Hierophant Green|Extreme Speed|p1a: Gliscor\n|-activate|p1a: Gliscor|move: Protect\n|\n|-damage|p2a: Hierophant Green|83\/100 tox|[from] psn\n|-heal|p1a: Gliscor|31\/100 tox|[from] ability: Poison Heal\n|upkeep\n|turn|21\n|\n|t:|1700457250\n|switch|p1a: Zacian|Zacian-Crowned|57\/100\n|move|p2a: Hierophant Green|Dragon Claw|p1a: Zacian\n|-immune|p1a: Zacian\n|\n|-damage|p2a: Hierophant Green|65\/100 tox|[from] psn\n|upkeep\n|turn|22\n|\n|t:|1700457263\n|switch|p2a: Silver Chariot|Samurott-Hisui, M, shiny|100\/100\n|-damage|p2a: Silver Chariot|84\/100|[from] Spikes\n|move|p1a: Zacian|Play Rough|p2a: Silver Chariot\n|-supereffective|p2a: Silver Chariot\n|-crit|p2a: Silver Chariot\n|-damage|p2a: Silver Chariot|0 fnt\n|faint|p2a: Silver Chariot\n|\n|upkeep\n|\n|t:|1700457273\n|switch|p2a: Star Platinum|Palafin-Hero, M, shiny|51\/100 tox\n|-damage|p2a: Star Platinum|35\/100 tox|[from] Spikes\n|turn|23\n|\n|t:|1700457283\n|switch|p1a: Clodsire|Clodsire, M|67\/100 par\n|-terastallize|p2a: Star Platinum|Water\n|move|p2a: Star Platinum|Jet Punch|p1a: Clodsire\n|-heal|p1a: Clodsire|92\/100 par|[from] ability: Water Absorb|[of] p2a: Star Platinum\n|\n|-damage|p2a: Star Platinum|29\/100 tox|[from] psn\n|upkeep\n|turn|24\n|-message|ToeFungus47! forfeited.\n|\n|win|eddyallenpwnd\n|raw|eddyallenpwnd's rating: 1157 &rarr; <strong>1175<\/strong><br \/>(+18 for winning)\n|raw|ToeFungus47!'s rating: 1055 &rarr; <strong>1042<\/strong><br \/>(-13 for losing)\n|l|\u2606ToeFungus47!\n|l|\u2606eddyallenpwnd\n|j|\u2606eddyallenpwnd\n|player|p1|eddyallenpwnd|clown\n","uploadtime":1700457336,"views":4,"p1id":"eddyallenpwnd","p2id":"toefungus47","formatid":"gen9ubers","rating":1042,"private":0,"password":""}