{"id":"gen9ubers-1970628199","p1":"GenericEdgeLrd","p2":"MeteorAsh15","format":"[Gen 9] Ubers","log":"|j|\u2606GenericEdgeLrd\n|j|\u2606MeteorAsh15\n|t:|1697653594\n|gametype|singles\n|player|p1|GenericEdgeLrd|giovanni|1085\n|player|p2|MeteorAsh15|nate|1161\n|teamsize|p1|6\n|teamsize|p2|6\n|gen|9\n|tier|[Gen 9] Ubers\n|rated|\n|rule|Sleep Clause Mod: Limit one foe put to sleep\n|rule|Species Clause: Limit one of each Pok\u00e9mon\n|rule|OHKO Clause: OHKO moves are banned\n|rule|Evasion Items Clause: Evasion items are banned\n|rule|Evasion Moves Clause: Evasion moves are banned\n|rule|Endless Battle Clause: Forcing endless battles is banned\n|rule|HP Percentage Mod: HP is shown in percentages\n|clearpoke\n|poke|p1|Groudon|\n|poke|p1|Typhlosion-Hisui, F|\n|poke|p1|Walking Wake|\n|poke|p1|Ogerpon-Hearthflame, F|\n|poke|p1|Volcarona, F|\n|poke|p1|Chi-Yu|\n|poke|p2|Baxcalibur, F|\n|poke|p2|Ninetales-Alola, F|\n|poke|p2|Kyogre|\n|poke|p2|Koraidon|\n|poke|p2|Zacian-*|\n|poke|p2|Tornadus, M|\n|teampreview\n|inactive|Battle timer is ON: inactive players will automatically lose when time's up. (requested by GenericEdgeLrd)\n|\n|t:|1697653603\n|start\n|switch|p1a: Volcarona|Volcarona, F|100\/100\n|switch|p2a: Koraidon|Koraidon|100\/100\n|-weather|SunnyDay|[from] ability: Orichalcum Pulse|[of] p2a: Koraidon\n|-activate|p2a: Koraidon|Orichalcum Pulse|[source]\n|turn|1\n|\n|t:|1697653619\n|move|p2a: Koraidon|Flare Blitz|p1a: Volcarona\n|-damage|p1a: Volcarona|0 fnt\n|faint|p1a: Volcarona\n|-damage|p2a: Koraidon|70\/100|[from] Recoil\n|\n|-weather|SunnyDay|[upkeep]\n|upkeep\n|\n|t:|1697653622\n|switch|p1a: Groudon|Groudon|100\/100\n|turn|2\n|\n|t:|1697653628\n|move|p2a: Koraidon|Collision Course|p1a: Groudon\n|-damage|p1a: Groudon|54\/100\n|move|p1a: Groudon|Will-O-Wisp|p2a: Koraidon\n|-status|p2a: Koraidon|brn\n|\n|-weather|SunnyDay|[upkeep]\n|-damage|p2a: Koraidon|64\/100 brn|[from] brn\n|upkeep\n|turn|3\n|\n|t:|1697653639\n|move|p2a: Koraidon|Collision Course|p1a: Groudon\n|-damage|p1a: Groudon|33\/100\n|-enditem|p1a: Groudon|Sitrus Berry|[eat]\n|-heal|p1a: Groudon|58\/100|[from] item: Sitrus Berry\n|move|p1a: Groudon|Precipice Blades|p2a: Koraidon\n|-damage|p2a: Koraidon|0 fnt\n|faint|p2a: Koraidon\n|\n|-weather|SunnyDay|[upkeep]\n|upkeep\n|\n|t:|1697653658\n|switch|p2a: Kyogre|Kyogre|100\/100\n|-weather|RainDance|[from] ability: Drizzle|[of] p2a: Kyogre\n|turn|4\n|\n|t:|1697653669\n|switch|p1a: Ogerpon|Ogerpon-Hearthflame, F|100\/100\n|-ability|p1a: Ogerpon|Mold Breaker\n|move|p2a: Kyogre|Water Spout|p1a: Ogerpon\n|-damage|p1a: Ogerpon|0 fnt\n|faint|p1a: Ogerpon\n|\n|-weather|RainDance|[upkeep]\n|upkeep\n|\n|t:|1697653679\n|switch|p1a: Walking Wake|Walking Wake|100\/100\n|turn|5\n|\n|t:|1697653689\n|switch|p2a: Zacian|Zacian-Crowned, shiny|100\/100\n|-ability|p2a: Zacian|Intrepid Sword|boost\n|-boost|p2a: Zacian|atk|1\n|move|p1a: Walking Wake|Draco Meteor|p2a: Zacian\n|-immune|p2a: Zacian\n|\n|-weather|RainDance|[upkeep]\n|upkeep\n|turn|6\n|\n|t:|1697653713\n|-terastallize|p1a: Walking Wake|Steel\n|move|p2a: Zacian|Play Rough|p1a: Walking Wake\n|-resisted|p1a: Walking Wake\n|-damage|p1a: Walking Wake|54\/100\n|move|p1a: Walking Wake|Weather Ball|p2a: Zacian\n|-damage|p2a: Zacian|8\/100\n|\n|-weather|RainDance|[upkeep]\n|upkeep\n|turn|7\n|\n|t:|1697653725\n|move|p2a: Zacian|Sacred Sword|p1a: Walking Wake\n|-supereffective|p1a: Walking Wake\n|-damage|p1a: Walking Wake|0 fnt\n|faint|p1a: Walking Wake\n|-end|p1a: Walking Wake|Protosynthesis|[silent]\n|\n|-weather|RainDance|[upkeep]\n|upkeep\n|\n|t:|1697653733\n|switch|p1a: Groudon|Groudon|58\/100\n|-weather|SunnyDay|[from] ability: Drought|[of] p1a: Groudon\n|turn|8\n|\n|t:|1697653738\n|move|p2a: Zacian|Play Rough|p1a: Groudon\n|-damage|p1a: Groudon|12\/100\n|move|p1a: Groudon|Earthquake|p2a: Zacian\n|-supereffective|p2a: Zacian\n|-damage|p2a: Zacian|0 fnt\n|faint|p2a: Zacian\n|\n|-weather|SunnyDay|[upkeep]\n|upkeep\n|\n|t:|1697653748\n|switch|p2a: Kyogre|Kyogre|100\/100\n|-weather|RainDance|[from] ability: Drizzle|[of] p2a: Kyogre\n|turn|9\n|\n|t:|1697653752\n|move|p2a: Kyogre|Water Spout|p1a: Groudon\n|-supereffective|p1a: Groudon\n|-crit|p1a: Groudon\n|-damage|p1a: Groudon|0 fnt\n|faint|p1a: Groudon\n|\n|-weather|RainDance|[upkeep]\n|upkeep\n|\n|t:|1697653757\n|switch|p1a: Typhlosion|Typhlosion-Hisui, F, shiny|100\/100\n|turn|10\n|\n|t:|1697653762\n|switch|p2a: Ninetales|Ninetales-Alola, F|100\/100\n|-weather|Snow|[from] ability: Snow Warning|[of] p2a: Ninetales\n|move|p1a: Typhlosion|Solar Beam||[still]\n|-prepare|p1a: Typhlosion|Solar Beam\n|\n|-weather|Snow|[upkeep]\n|upkeep\n|turn|11\n|\n|t:|1697653770\n|move|p2a: Ninetales|Aurora Veil|p2a: Ninetales\n|-sidestart|p2: MeteorAsh15|move: Aurora Veil\n|move|p1a: Typhlosion|Solar Beam|p2a: Ninetales|[from]lockedmove\n|-damage|p2a: Ninetales|89\/100\n|\n|-weather|Snow|[upkeep]\n|upkeep\n|turn|12\n|\n|t:|1697653778\n|move|p2a: Ninetales|Encore|p1a: Typhlosion\n|-start|p1a: Typhlosion|Encore\n|move|p1a: Typhlosion|Solar Beam||[still]\n|-prepare|p1a: Typhlosion|Solar Beam\n|\n|-weather|Snow|[upkeep]\n|upkeep\n|turn|13\n|\n|t:|1697653785\n|move|p2a: Ninetales|Hypnosis|p1a: Typhlosion\n|-status|p1a: Typhlosion|slp|[from] move: Hypnosis\n|cant|p1a: Typhlosion|slp\n|\n|-weather|Snow|[upkeep]\n|upkeep\n|turn|14\n|\n|t:|1697653793\n|switch|p2a: Baxcalibur|Baxcalibur, F|100\/100\n|switch|p1a: Chi-Yu|Chi-Yu|100\/100\n|-ability|p1a: Chi-Yu|Beads of Ruin\n|\n|-weather|none\n|upkeep\n|turn|15\n|\n|t:|1697653804\n|move|p1a: Chi-Yu|Overheat|p2a: Baxcalibur|[miss]\n|-miss|p1a: Chi-Yu|p2a: Baxcalibur\n|move|p2a: Baxcalibur|Swords Dance|p2a: Baxcalibur\n|-boost|p2a: Baxcalibur|atk|2\n|\n|upkeep\n|turn|16\n|\n|t:|1697653812\n|-terastallize|p2a: Baxcalibur|Ground\n|move|p1a: Chi-Yu|Overheat|p2a: Baxcalibur\n|-damage|p2a: Baxcalibur|24\/100\n|-unboost|p1a: Chi-Yu|spa|2\n|-ability|p2a: Baxcalibur|Thermal Exchange|boost\n|-boost|p2a: Baxcalibur|atk|1\n|move|p2a: Baxcalibur|Earthquake|p1a: Chi-Yu\n|-supereffective|p1a: Chi-Yu\n|-damage|p1a: Chi-Yu|0 fnt\n|faint|p1a: Chi-Yu\n|\n|upkeep\n|\n|t:|1697653821\n|switch|p1a: Typhlosion|Typhlosion-Hisui, F, shiny|100\/100 slp\n|turn|17\n|\n|t:|1697653828\n|-curestatus|p1a: Typhlosion|slp|[msg]\n|move|p1a: Typhlosion|Eruption|p2a: Baxcalibur\n|-damage|p2a: Baxcalibur|0 fnt\n|faint|p2a: Baxcalibur\n|\n|upkeep\n|\n|t:|1697653837\n|switch|p2a: Ninetales|Ninetales-Alola, F|89\/100\n|-weather|Snow|[from] ability: Snow Warning|[of] p2a: Ninetales\n|turn|18\n|\n|t:|1697653845\n|move|p2a: Ninetales|Hypnosis|p1a: Typhlosion\n|-status|p1a: Typhlosion|slp|[from] move: Hypnosis\n|cant|p1a: Typhlosion|slp\n|\n|-weather|Snow|[upkeep]\n|-sideend|p2: MeteorAsh15|move: Aurora Veil\n|upkeep\n|turn|19\n|\n|t:|1697653853\n|switch|p2a: Kyogre|Kyogre|100\/100\n|-weather|RainDance|[from] ability: Drizzle|[of] p2a: Kyogre\n|cant|p1a: Typhlosion|slp\n|\n|-weather|RainDance|[upkeep]\n|upkeep\n|turn|20\n|\n|t:|1697653862\n|move|p2a: Kyogre|Water Spout|p1a: Typhlosion\n|-supereffective|p1a: Typhlosion\n|-damage|p1a: Typhlosion|0 fnt\n|faint|p1a: Typhlosion\n|\n|win|MeteorAsh15\n|raw|GenericEdgeLrd's rating: 1085 &rarr; <strong>1067<\/strong><br \/>(-18 for losing)\n|raw|MeteorAsh15's rating: 1161 &rarr; <strong>1181<\/strong><br \/>(+20 for winning)\n|l|\u2606GenericEdgeLrd\n","uploadtime":1697653875,"views":9,"p1id":"genericedgelrd","p2id":"meteorash15","formatid":"gen9ubers","rating":1067,"private":0,"password":""}