{"id":"gen9ubers-1984319362","p1":"Charbotron","p2":"gottagonotsofast","format":"[Gen 9] Ubers","log":"|j|\u2606Charbotron\n|j|\u2606gottagonotsofast\n|t:|1699243196\n|gametype|singles\n|player|p1|Charbotron|170|\n|player|p2|gottagonotsofast|2|\n|teamsize|p1|6\n|teamsize|p2|6\n|gen|9\n|tier|[Gen 9] Ubers\n|rule|Sleep Clause Mod: Limit one foe put to sleep\n|rule|Species Clause: Limit one of each Pok\u00e9mon\n|rule|OHKO Clause: OHKO moves are banned\n|rule|Evasion Items Clause: Evasion items are banned\n|rule|Evasion Moves Clause: Evasion moves are banned\n|rule|Endless Battle Clause: Forcing endless battles is banned\n|rule|HP Percentage Mod: HP is shown in percentages\n|clearpoke\n|poke|p1|Slither Wing|\n|poke|p1|Corviknight, F|\n|poke|p1|Torkoal, M|\n|poke|p1|Walking Wake|\n|poke|p1|Great Tusk|\n|poke|p1|Iron Moth|\n|poke|p2|Kingambit, F|\n|poke|p2|Ribombee, F|\n|poke|p2|Moltres|\n|poke|p2|Ogerpon-Wellspring, F|\n|poke|p2|Poliwrath, F|\n|poke|p2|Landorus, M|\n|teampreview\n|j| rustygoomba\n|\n|t:|1699243213\n|start\n|switch|p1a: Slither Wing|Slither Wing|100\/100\n|switch|p2a: Landorus|Landorus, M|100\/100\n|-enditem|p1a: Slither Wing|Booster Energy\n|-activate|p1a: Slither Wing|ability: Protosynthesis|[fromitem]\n|-start|p1a: Slither Wing|protosynthesisatk\n|turn|1\n|\n|t:|1699243276\n|switch|p2a: Moltres|Moltres|100\/100\n|-end|p1a: Slither Wing|Protosynthesis|[silent]\n|switch|p1a: Corviknight|Corviknight, F|100\/100\n|\n|upkeep\n|turn|2\n|\n|t:|1699243331\n|switch|p1a: Torkoal|Torkoal, M|100\/100\n|-weather|SunnyDay|[from] ability: Drought|[of] p1a: Torkoal\n|move|p2a: Moltres|Flamethrower|p1a: Torkoal\n|-resisted|p1a: Torkoal\n|-damage|p1a: Torkoal|58\/100\n|\n|-weather|SunnyDay|[upkeep]\n|upkeep\n|turn|3\n|\n|t:|1699243375\n|switch|p1a: Iron Moth|Iron Moth|100\/100\n|move|p2a: Moltres|Flamethrower|p1a: Iron Moth\n|-resisted|p1a: Iron Moth\n|-damage|p1a: Iron Moth|68\/100\n|\n|-weather|SunnyDay|[upkeep]\n|upkeep\n|turn|4\n|\n|t:|1699243399\n|switch|p2a: Landorus|Landorus, M|100\/100\n|move|p1a: Iron Moth|Discharge|p2a: Landorus\n|-immune|p2a: Landorus\n|\n|-weather|SunnyDay|[upkeep]\n|upkeep\n|turn|5\n|\n|t:|1699243421\n|-end|p1a: Iron Moth|Quark Drive|[silent]\n|switch|p1a: Great Tusk|Great Tusk|100\/100\n|-activate|p1a: Great Tusk|ability: Protosynthesis\n|-start|p1a: Great Tusk|protosynthesisatk\n|switch|p2a: Moltres|Moltres|100\/100\n|\n|-weather|SunnyDay|[upkeep]\n|upkeep\n|turn|6\n|\n|t:|1699243439\n|switch|p2a: Poliwrath|Poliwrath, F|100\/100\n|move|p1a: Great Tusk|Rock Slide|p2a: Poliwrath\n|-resisted|p2a: Poliwrath\n|-damage|p2a: Poliwrath|81\/100\n|-enditem|p2a: Poliwrath|Red Card|[of] p1a: Great Tusk\n|-end|p1a: Great Tusk|Protosynthesis|[silent]\n|drag|p1a: Slither Wing|Slither Wing|100\/100\n|-activate|p1a: Slither Wing|ability: Protosynthesis\n|-start|p1a: Slither Wing|protosynthesisatk\n|\n|-weather|SunnyDay|[upkeep]\n|upkeep\n|turn|7\n|\n|t:|1699243454\n|switch|p2a: Moltres|Moltres|100\/100\n|move|p1a: Slither Wing|Close Combat|p2a: Moltres\n|-resisted|p2a: Moltres\n|-damage|p2a: Moltres|59\/100\n|-unboost|p1a: Slither Wing|def|1\n|-unboost|p1a: Slither Wing|spd|1\n|-status|p1a: Slither Wing|brn|[from] ability: Flame Body|[of] p2a: Moltres\n|\n|-weather|SunnyDay|[upkeep]\n|-damage|p1a: Slither Wing|94\/100 brn|[from] brn\n|upkeep\n|turn|8\n|j| ChungleWungle\n|\n|t:|1699243494\n|-end|p1a: Slither Wing|Protosynthesis|[silent]\n|switch|p1a: Iron Moth|Iron Moth|68\/100\n|move|p2a: Moltres|Roost|p2a: Moltres\n|-heal|p2a: Moltres|100\/100\n|-singleturn|p2a: Moltres|move: Roost\n|\n|-weather|SunnyDay|[upkeep]\n|upkeep\n|turn|9\n|\n|t:|1699243520\n|switch|p2a: Landorus|Landorus, M|100\/100\n|move|p1a: Iron Moth|Discharge|p2a: Landorus\n|-immune|p2a: Landorus\n|\n|-weather|none\n|upkeep\n|turn|10\n|\n|t:|1699243539\n|-end|p1a: Iron Moth|Quark Drive|[silent]\n|switch|p1a: Torkoal|Torkoal, M|58\/100\n|-weather|SunnyDay|[from] ability: Drought|[of] p1a: Torkoal\n|move|p2a: Landorus|Psychic|p1a: Torkoal\n|-damage|p1a: Torkoal|0 fnt\n|faint|p1a: Torkoal\n|\n|-weather|SunnyDay|[upkeep]\n|upkeep\n|\n|t:|1699243583\n|switch|p1a: Great Tusk|Great Tusk|100\/100\n|-activate|p1a: Great Tusk|ability: Protosynthesis\n|-start|p1a: Great Tusk|protosynthesisatk\n|turn|11\n|\n|t:|1699243615\n|switch|p2a: Poliwrath|Poliwrath, F|81\/100\n|move|p1a: Great Tusk|Ice Spinner|p2a: Poliwrath\n|-resisted|p2a: Poliwrath\n|-damage|p2a: Poliwrath|62\/100\n|\n|-weather|SunnyDay|[upkeep]\n|upkeep\n|turn|12\n|j| Nyamonya\n|\n|t:|1699243633\n|move|p2a: Poliwrath|Rain Dance|p2a: Poliwrath\n|-weather|RainDance\n|-end|p1a: Great Tusk|Protosynthesis\n|move|p1a: Great Tusk|Close Combat|p2a: Poliwrath\n|-damage|p2a: Poliwrath|0 fnt\n|-unboost|p1a: Great Tusk|def|1\n|-unboost|p1a: Great Tusk|spd|1\n|faint|p2a: Poliwrath\n|\n|-weather|RainDance|[upkeep]\n|upkeep\n|\n|t:|1699243652\n|switch|p2a: Ribombee|Ribombee, F|100\/100\n|turn|13\n|\n|t:|1699243679\n|move|p2a: Ribombee|Moonblast|p1a: Great Tusk\n|-supereffective|p1a: Great Tusk\n|-damage|p1a: Great Tusk|16\/100\n|-unboost|p1a: Great Tusk|spa|1\n|move|p1a: Great Tusk|Rock Slide|p2a: Ribombee\n|-supereffective|p2a: Ribombee\n|-enditem|p2a: Ribombee|Focus Sash\n|-damage|p2a: Ribombee|1\/100\n|\n|-weather|RainDance|[upkeep]\n|upkeep\n|turn|14\n|c| Nyamonya|calc dex is a lying piece of shit\n|c|\u2606gottagonotsofast|^^^\n|c|\u2606gottagonotsofast|radical red wattrel calc looking-ass\n|\n|t:|1699243732\n|move|p2a: Ribombee|Sticky Web|p1a: Great Tusk\n|-sidestart|p1: Charbotron|move: Sticky Web\n|move|p1a: Great Tusk|Rock Slide|p2a: Ribombee\n|-supereffective|p2a: Ribombee\n|-damage|p2a: Ribombee|0 fnt\n|faint|p2a: Ribombee\n|\n|-weather|RainDance|[upkeep]\n|upkeep\n|\n|t:|1699243740\n|switch|p2a: Ogerpon|Ogerpon-Wellspring, F|100\/100\n|turn|15\n|\n|t:|1699243759\n|move|p2a: Ogerpon|Ivy Cudgel|p1a: Great Tusk\n|-supereffective|p1a: Great Tusk\n|-damage|p1a: Great Tusk|0 fnt\n|faint|p1a: Great Tusk\n|-end|p1a: Great Tusk|Protosynthesis|[silent]\n|\n|-weather|RainDance|[upkeep]\n|upkeep\n|c| rustygoomba|when calcdex assumes the set that it isnt\n|\n|t:|1699243800\n|switch|p1a: Corviknight|Corviknight, F|100\/100\n|turn|16\n|\n|t:|1699243811\n|move|p2a: Ogerpon|Knock Off|p1a: Corviknight\n|-damage|p1a: Corviknight|70\/100\n|-enditem|p1a: Corviknight|Leftovers|[from] move: Knock Off|[of] p2a: Ogerpon\n|move|p1a: Corviknight|Defog|p2a: Ogerpon\n|-unboost|p2a: Ogerpon|evasion|1\n|-sideend|p1: Charbotron|Sticky Web|[from] move: Defog|[of] p1a: Corviknight\n|\n|-weather|none\n|upkeep\n|turn|17\n|\n|t:|1699243836\n|move|p2a: Ogerpon|Swords Dance|p2a: Ogerpon\n|-boost|p2a: Ogerpon|atk|2\n|move|p1a: Corviknight|Iron Defense|p1a: Corviknight\n|-boost|p1a: Corviknight|def|2\n|\n|upkeep\n|turn|18\n|\n|t:|1699243854\n|move|p2a: Ogerpon|Ivy Cudgel|p1a: Corviknight\n|-damage|p1a: Corviknight|21\/100\n|move|p1a: Corviknight|Roost|p1a: Corviknight\n|-heal|p1a: Corviknight|71\/100\n|-singleturn|p1a: Corviknight|move: Roost\n|\n|upkeep\n|turn|19\n|c| Nyamonya|great wattrel reference\n|\n|t:|1699243909\n|switch|p1a: Walking Wake|Walking Wake|100\/100\n|move|p2a: Ogerpon|Ivy Cudgel|p1a: Walking Wake\n|-resisted|p1a: Walking Wake\n|-damage|p1a: Walking Wake|69\/100\n|\n|upkeep\n|turn|20\n|\n|t:|1699243927\n|move|p2a: Ogerpon|Play Rough|p1a: Walking Wake\n|-supereffective|p1a: Walking Wake\n|-damage|p1a: Walking Wake|0 fnt\n|faint|p1a: Walking Wake\n|-end|p1a: Walking Wake|Protosynthesis|[silent]\n|\n|upkeep\n|\n|t:|1699243941\n|switch|p1a: Iron Moth|Iron Moth|68\/100\n|turn|21\n|\n|t:|1699243945\n|switch|p2a: Kingambit|Kingambit, F|100\/100\n|-activate|p2a: Kingambit|ability: Supreme Overlord\n|-start|p2a: Kingambit|fallen2|[silent]\n|move|p1a: Iron Moth|Sludge Wave|p2a: Kingambit\n|-immune|p2a: Kingambit\n|\n|upkeep\n|turn|22\n|l| Nyamonya\n|\n|t:|1699243963\n|-end|p1a: Iron Moth|Quark Drive|[silent]\n|switch|p1a: Slither Wing|Slither Wing|94\/100 brn\n|move|p2a: Kingambit|Kowtow Cleave|p1a: Slither Wing\n|-resisted|p1a: Slither Wing\n|-damage|p1a: Slither Wing|52\/100 brn\n|\n|-damage|p1a: Slither Wing|46\/100 brn|[from] brn\n|upkeep\n|turn|23\n|\n|t:|1699243992\n|-end|p2a: Kingambit|fallen2|[silent]\n|switch|p2a: Moltres|Moltres|100\/100\n|move|p1a: Slither Wing|Close Combat|p2a: Moltres\n|-resisted|p2a: Moltres\n|-damage|p2a: Moltres|83\/100\n|-unboost|p1a: Slither Wing|def|1\n|-unboost|p1a: Slither Wing|spd|1\n|\n|-damage|p1a: Slither Wing|40\/100 brn|[from] brn\n|upkeep\n|turn|24\n|\n|t:|1699244008\n|-end|p1a: Slither Wing|Protosynthesis|[silent]\n|switch|p1a: Iron Moth|Iron Moth|68\/100\n|move|p2a: Moltres|Flamethrower|p1a: Iron Moth\n|-resisted|p1a: Iron Moth\n|-damage|p1a: Iron Moth|47\/100\n|\n|upkeep\n|turn|25\n|\n|t:|1699244039\n|switch|p2a: Landorus|Landorus, M|100\/100\n|-terastallize|p1a: Iron Moth|Fairy\n|move|p1a: Iron Moth|Discharge|p2a: Landorus\n|-immune|p2a: Landorus\n|\n|upkeep\n|turn|26\n|\n|t:|1699244080\n|-end|p1a: Iron Moth|Quark Drive|[silent]\n|switch|p1a: Corviknight|Corviknight, F|71\/100\n|move|p2a: Landorus|Psychic|p1a: Corviknight\n|-resisted|p1a: Corviknight\n|-damage|p1a: Corviknight|56\/100\n|\n|upkeep\n|turn|27\n|\n|t:|1699244096\n|switch|p2a: Moltres|Moltres|83\/100\n|move|p1a: Corviknight|Iron Defense|p1a: Corviknight\n|-boost|p1a: Corviknight|def|2\n|\n|upkeep\n|turn|28\n|j| Nyamonya\n|\n|t:|1699244135\n|switch|p1a: Iron Moth|Iron Moth, tera:Fairy|47\/100\n|move|p2a: Moltres|Flamethrower|p1a: Iron Moth\n|-damage|p1a: Iron Moth|3\/100\n|-status|p1a: Iron Moth|brn\n|\n|-damage|p1a: Iron Moth|0 fnt|[from] brn\n|faint|p1a: Iron Moth\n|-end|p1a: Iron Moth|Quark Drive|[silent]\n|upkeep\n|\n|t:|1699244145\n|switch|p1a: Slither Wing|Slither Wing|40\/100 brn\n|turn|29\n|\n|t:|1699244150\n|move|p1a: Slither Wing|Flame Charge|p2a: Moltres\n|-resisted|p2a: Moltres\n|-damage|p2a: Moltres|79\/100\n|-boost|p1a: Slither Wing|spe|1\n|move|p2a: Moltres|Flamethrower|p1a: Slither Wing\n|-supereffective|p1a: Slither Wing\n|-damage|p1a: Slither Wing|0 fnt\n|faint|p1a: Slither Wing\n|-end|p1a: Slither Wing|Protosynthesis|[silent]\n|\n|upkeep\n|\n|t:|1699244159\n|switch|p1a: Corviknight|Corviknight, F|56\/100\n|turn|30\n|\n|t:|1699244162\n|move|p2a: Moltres|Flamethrower|p1a: Corviknight\n|-supereffective|p1a: Corviknight\n|-damage|p1a: Corviknight|0 fnt\n|faint|p1a: Corviknight\n|\n|win|gottagonotsofast\n","uploadtime":1699244170,"views":6,"p1id":"charbotron","p2id":"gottagonotsofast","formatid":"gen9ubers","rating":0,"private":0,"password":""}