{"id":"gen9ubers-1969760034","p1":"Ligoleyens","p2":"HaxEnigma","format":"[Gen 9] Ubers","log":"|j|\u2606Ligoleyens\n|j|\u2606HaxEnigma\n|t:|1697563295\n|gametype|singles\n|player|p1|Ligoleyens|170|\n|player|p2|HaxEnigma|265|\n|teamsize|p1|6\n|teamsize|p2|6\n|gen|9\n|tier|[Gen 9] Ubers\n|rule|Sleep Clause Mod: Limit one foe put to sleep\n|rule|Species Clause: Limit one of each Pok\u00e9mon\n|rule|OHKO Clause: OHKO moves are banned\n|rule|Evasion Items Clause: Evasion items are banned\n|rule|Evasion Moves Clause: Evasion moves are banned\n|rule|Endless Battle Clause: Forcing endless battles is banned\n|rule|HP Percentage Mod: HP is shown in percentages\n|clearpoke\n|poke|p1|Amoonguss, M|\n|poke|p1|Ogerpon-Cornerstone, F|\n|poke|p1|Rillaboom, M|\n|poke|p1|Brambleghast, M|\n|poke|p1|Sinistcha-Masterpiece|\n|poke|p1|Meowscarada, F|\n|poke|p2|Ogerpon-Hearthflame, F|\n|poke|p2|Torkoal, F|\n|poke|p2|Cinderace, F|\n|poke|p2|Volcanion|\n|poke|p2|Volcarona, M|\n|poke|p2|Rotom-Heat|\n|teampreview\n|inactive|Battle timer is ON: inactive players will automatically lose when time's up. (requested by Ligoleyens)\n|inactive|HaxEnigma also wants the timer to be on.\n|c|\u2606HaxEnigma|Suerte\n|\n|t:|1697563310\n|start\n|switch|p1a: Ogerpon|Ogerpon-Cornerstone, F|100\/100\n|switch|p2a: Torkoal|Torkoal, F|100\/100\n|-weather|SunnyDay|[from] ability: Drought|[of] p2a: Torkoal\n|turn|1\n|\n|t:|1697563320\n|move|p1a: Ogerpon|Ivy Cudgel|p2a: Torkoal\n|-supereffective|p2a: Torkoal\n|-damage|p2a: Torkoal|13\/100\n|move|p2a: Torkoal|Will-O-Wisp|p1a: Ogerpon|[miss]\n|-miss|p2a: Torkoal|p1a: Ogerpon\n|\n|-weather|SunnyDay|[upkeep]\n|upkeep\n|turn|2\n|\n|t:|1697563337\n|switch|p2a: Volcanion|Volcanion|100\/100\n|-item|p2a: Volcanion|Air Balloon\n|move|p1a: Ogerpon|Ivy Cudgel|p2a: Volcanion\n|-supereffective|p2a: Volcanion\n|-damage|p2a: Volcanion|10\/100\n|-enditem|p2a: Volcanion|Air Balloon\n|\n|-weather|SunnyDay|[upkeep]\n|upkeep\n|turn|3\n|\n|t:|1697563343\n|move|p1a: Ogerpon|Trailblaze|p2a: Volcanion\n|-crit|p2a: Volcanion\n|-damage|p2a: Volcanion|0 fnt\n|-boost|p1a: Ogerpon|spe|1\n|faint|p2a: Volcanion\n|\n|-weather|SunnyDay|[upkeep]\n|upkeep\n|\n|t:|1697563346\n|switch|p2a: Rotom|Rotom-Heat|100\/100\n|turn|4\n|\n|t:|1697563352\n|move|p1a: Ogerpon|Ivy Cudgel|p2a: Rotom\n|-supereffective|p2a: Rotom\n|-damage|p2a: Rotom|0 fnt\n|faint|p2a: Rotom\n|\n|-weather|SunnyDay|[upkeep]\n|upkeep\n|\n|t:|1697563360\n|switch|p2a: Cinderace|Cinderace, F|100\/100\n|turn|5\n|\n|t:|1697563366\n|move|p1a: Ogerpon|Ivy Cudgel|p2a: Cinderace\n|-supereffective|p2a: Cinderace\n|-damage|p2a: Cinderace|0 fnt\n|faint|p2a: Cinderace\n|\n|-weather|SunnyDay|[upkeep]\n|upkeep\n|\n|t:|1697563370\n|switch|p2a: Ogerpon|Ogerpon-Hearthflame, F|100\/100\n|-ability|p2a: Ogerpon|Mold Breaker\n|turn|6\n|\n|t:|1697563375\n|-terastallize|p2a: Ogerpon|Fire\n|detailschange|p2a: Ogerpon|Ogerpon-Hearthflame-Tera, F, tera:Fire\n|-ability|p2a: Ogerpon|Embody Aspect (Hearthflame)|boost\n|-boost|p2a: Ogerpon|atk|1\n|move|p1a: Ogerpon|Ivy Cudgel|p2a: Ogerpon\n|-supereffective|p2a: Ogerpon\n|-damage|p2a: Ogerpon|0 fnt\n|faint|p2a: Ogerpon\n|\n|-weather|SunnyDay|[upkeep]\n|upkeep\n|c|\u2606HaxEnigma|F\n|c|\u2606HaxEnigma|Gg\n|\n|t:|1697563387\n|switch|p2a: Volcarona|Volcarona, M|100\/100\n|turn|7\n|c|\u2606Ligoleyens|Alv\n|\n|t:|1697563391\n|move|p1a: Ogerpon|Ivy Cudgel|p2a: Volcarona\n|-supereffective|p2a: Volcarona\n|-damage|p2a: Volcarona|0 fnt\n|faint|p2a: Volcarona\n|\n|-weather|SunnyDay|[upkeep]\n|upkeep\n|c|\u2606HaxEnigma|Ten\u00eda que fallar ptm\n|\n|t:|1697563398\n|switch|p2a: Torkoal|Torkoal, F|13\/100\n|turn|8\n|\n|t:|1697563402\n|move|p1a: Ogerpon|Knock Off|p2a: Torkoal\n|-damage|p2a: Torkoal|0 fnt\n|-enditem|p2a: Torkoal|Heat Rock|[from] move: Knock Off|[of] p1a: Ogerpon\n|faint|p2a: Torkoal\n|\n|win|Ligoleyens\n|c|\u2606Ligoleyens|Gg bro\n","uploadtime":1697563416,"views":10,"p1id":"ligoleyens","p2id":"haxenigma","formatid":"gen9ubers","rating":0,"private":0,"password":""}