{"id":"gen9ubers-1987941114","p1":"sire clod","p2":"abcsopq","format":"[Gen 9] Ubers","log":"|j|\u2606sire clod\n|j|\u2606abcsopq\n|t:|1699651366\n|gametype|singles\n|player|p1|sire clod|cynthia-gen4|1216\n|player|p2|abcsopq|102|1298\n|teamsize|p1|6\n|teamsize|p2|6\n|gen|9\n|tier|[Gen 9] Ubers\n|rated|\n|rule|Sleep Clause Mod: Limit one foe put to sleep\n|rule|Species Clause: Limit one of each Pok\u00e9mon\n|rule|OHKO Clause: OHKO moves are banned\n|rule|Evasion Items Clause: Evasion items are banned\n|rule|Evasion Moves Clause: Evasion moves are banned\n|rule|Endless Battle Clause: Forcing endless battles is banned\n|rule|HP Percentage Mod: HP is shown in percentages\n|clearpoke\n|poke|p1|Kyogre|\n|poke|p1|Ribombee, M|\n|poke|p1|Koraidon|\n|poke|p1|Regieleki|\n|poke|p1|Toxapex, F|\n|poke|p1|Landorus, M|\n|poke|p2|Mewtwo|\n|poke|p2|Skeledirge, F|\n|poke|p2|Koraidon|\n|poke|p2|Zacian-*|\n|poke|p2|Flutter Mane|\n|poke|p2|Arceus-Fairy|\n|teampreview\n|\n|t:|1699651372\n|start\n|switch|p1a: Ribombee|Ribombee, M|100\/100\n|switch|p2a: Koraidon|Koraidon|100\/100\n|-weather|SunnyDay|[from] ability: Orichalcum Pulse|[of] p2a: Koraidon\n|-activate|p2a: Koraidon|Orichalcum Pulse|[source]\n|turn|1\n|inactive|Battle timer is ON: inactive players will automatically lose when time's up. (requested by sire clod)\n|\n|t:|1699651381\n|switch|p1a: Toxapex|Toxapex, F|100\/100\n|move|p2a: Koraidon|Dual Wingbeat|p1a: Toxapex\n|-damage|p1a: Toxapex|81\/100\n|-damage|p1a: Toxapex|61\/100\n|-hitcount|p1a: Toxapex|2\n|-damage|p2a: Koraidon|91\/100|[from] item: Life Orb\n|\n|-weather|SunnyDay|[upkeep]\n|-heal|p1a: Toxapex|67\/100|[from] item: Leftovers\n|upkeep\n|turn|2\n|\n|t:|1699651394\n|move|p2a: Koraidon|Dragon Claw|p1a: Toxapex\n|-damage|p1a: Toxapex|10\/100\n|-damage|p2a: Koraidon|81\/100|[from] item: Life Orb\n|move|p1a: Toxapex|Toxic|p2a: Koraidon\n|-status|p2a: Koraidon|tox\n|\n|-weather|SunnyDay|[upkeep]\n|-heal|p1a: Toxapex|17\/100|[from] item: Leftovers\n|-damage|p2a: Koraidon|74\/100 tox|[from] psn\n|upkeep\n|turn|3\n|\n|t:|1699651407\n|switch|p1a: Ribombee|Ribombee, M|100\/100\n|move|p2a: Koraidon|Dragon Claw|p1a: Ribombee\n|-immune|p1a: Ribombee\n|\n|-weather|SunnyDay|[upkeep]\n|-damage|p2a: Koraidon|62\/100 tox|[from] psn\n|upkeep\n|turn|4\n|\n|t:|1699651416\n|switch|p1a: Toxapex|Toxapex, F|50\/100\n|move|p2a: Koraidon|Dual Wingbeat|p1a: Toxapex\n|-damage|p1a: Toxapex|30\/100\n|-damage|p1a: Toxapex|12\/100\n|-hitcount|p1a: Toxapex|2\n|-damage|p2a: Koraidon|52\/100 tox|[from] item: Life Orb\n|\n|-weather|SunnyDay|[upkeep]\n|-heal|p1a: Toxapex|18\/100|[from] item: Leftovers\n|-damage|p2a: Koraidon|34\/100 tox|[from] psn\n|upkeep\n|turn|5\n|\n|t:|1699651428\n|move|p2a: Koraidon|Dual Wingbeat|p1a: Toxapex\n|-damage|p1a: Toxapex|0 fnt\n|faint|p1a: Toxapex\n|-hitcount|p1: Toxapex|1\n|-damage|p2a: Koraidon|24\/100 tox|[from] item: Life Orb\n|\n|-weather|none\n|-damage|p2a: Koraidon|0 fnt|[from] psn\n|faint|p2a: Koraidon\n|upkeep\n|\n|t:|1699651442\n|switch|p2a: Skeledirge|Skeledirge, F|100\/100\n|switch|p1a: Ribombee|Ribombee, M|100\/100\n|turn|6\n|\n|t:|1699651449\n|move|p1a: Ribombee|Sticky Web|p2a: Skeledirge\n|-sidestart|p2: abcsopq|move: Sticky Web\n|move|p2a: Skeledirge|Torch Song|p1a: Ribombee\n|-supereffective|p1a: Ribombee\n|-damage|p1a: Ribombee|19\/100\n|-boost|p2a: Skeledirge|spa|1\n|\n|upkeep\n|turn|7\n|\n|t:|1699651457\n|move|p1a: Ribombee|Stun Spore|p2a: Skeledirge|[miss]\n|-miss|p1a: Ribombee|p2a: Skeledirge\n|move|p2a: Skeledirge|Torch Song|p1a: Ribombee\n|-supereffective|p1a: Ribombee\n|-damage|p1a: Ribombee|0 fnt\n|-boost|p2a: Skeledirge|spa|1\n|faint|p1a: Ribombee\n|\n|upkeep\n|\n|t:|1699651460\n|switch|p1a: Kyogre|Kyogre|100\/100\n|-weather|RainDance|[from] ability: Drizzle|[of] p1a: Kyogre\n|turn|8\n|\n|t:|1699651470\n|move|p1a: Kyogre|Water Spout|p2a: Skeledirge\n|-supereffective|p2a: Skeledirge\n|-damage|p2a: Skeledirge|0 fnt\n|faint|p2a: Skeledirge\n|\n|-weather|RainDance|[upkeep]\n|upkeep\n|\n|t:|1699651483\n|switch|p2a: Arceus|Arceus-Fairy|100\/100\n|-activate|p2a: Arceus|move: Sticky Web\n|-unboost|p2a: Arceus|spe|1\n|turn|9\n|\n|t:|1699651489\n|move|p1a: Kyogre|Water Spout|p2a: Arceus\n|-damage|p2a: Arceus|0 fnt\n|faint|p2a: Arceus\n|\n|-weather|RainDance|[upkeep]\n|upkeep\n|\n|t:|1699651500\n|switch|p2a: Flutter Mane|Flutter Mane|100\/100\n|-activate|p2a: Flutter Mane|move: Sticky Web\n|-unboost|p2a: Flutter Mane|spe|1\n|turn|10\n|\n|t:|1699651505\n|move|p2a: Flutter Mane|Energy Ball|p1a: Kyogre\n|-supereffective|p1a: Kyogre\n|-damage|p1a: Kyogre|47\/100\n|move|p1a: Kyogre|Water Spout|p2a: Flutter Mane\n|-damage|p2a: Flutter Mane|0 fnt\n|faint|p2a: Flutter Mane\n|-end|p2a: Flutter Mane|Protosynthesis|[silent]\n|\n|-weather|RainDance|[upkeep]\n|upkeep\n|\n|t:|1699651516\n|switch|p2a: Mewtwo|Mewtwo|100\/100\n|-activate|p2a: Mewtwo|move: Sticky Web\n|-unboost|p2a: Mewtwo|spe|1\n|-ability|p2a: Mewtwo|Pressure\n|turn|11\n|\n|t:|1699651527\n|-terastallize|p1a: Kyogre|Water\n|move|p1a: Kyogre|Water Spout|p2a: Mewtwo\n|-damage|p2a: Mewtwo|0 fnt\n|faint|p2a: Mewtwo\n|\n|-weather|RainDance|[upkeep]\n|upkeep\n|c|\u2606sire clod|god damn\n|c|\u2606sire clod|this is a very funny tier\n|\n|t:|1699651537\n|switch|p2a: Zacian|Zacian-Crowned|100\/100\n|-activate|p2a: Zacian|move: Sticky Web\n|-unboost|p2a: Zacian|spe|1\n|-ability|p2a: Zacian|Intrepid Sword|boost\n|-boost|p2a: Zacian|atk|1\n|turn|12\n|\n|t:|1699651542\n|move|p1a: Kyogre|Water Spout|p2a: Zacian\n|-damage|p2a: Zacian|0 fnt\n|faint|p2a: Zacian\n|\n|win|sire clod\n|raw|sire clod's rating: 1216 &rarr; <strong>1247<\/strong><br \/>(+31 for winning)\n|raw|abcsopq's rating: 1298 &rarr; <strong>1267<\/strong><br \/>(-31 for losing)\n|l|\u2606abcsopq\n","uploadtime":1699651550,"views":5,"p1id":"sireclod","p2id":"abcsopq","formatid":"gen9ubers","rating":1247,"private":0,"password":""}