{"id":"gen9ubers-1987376497","p1":"Anne Frankkkk","p2":"crashlouko","format":"[Gen 9] Ubers","log":"|j|\u2606Anne Frankkkk\n|j|\u2606crashlouko\n|t:|1699583568\n|gametype|singles\n|player|p1|Anne Frankkkk|hilbert|1191\n|player|p2|crashlouko|red|1175\n|teamsize|p1|6\n|teamsize|p2|6\n|gen|9\n|tier|[Gen 9] Ubers\n|rated|\n|rule|Sleep Clause Mod: Limit one foe put to sleep\n|rule|Species Clause: Limit one of each Pok\u00e9mon\n|rule|OHKO Clause: OHKO moves are banned\n|rule|Evasion Items Clause: Evasion items are banned\n|rule|Evasion Moves Clause: Evasion moves are banned\n|rule|Endless Battle Clause: Forcing endless battles is banned\n|rule|HP Percentage Mod: HP is shown in percentages\n|clearpoke\n|poke|p1|Iron Hands|\n|poke|p1|Kyogre|\n|poke|p1|Chien-Pao|\n|poke|p1|Ribombee, F|\n|poke|p1|Miraidon|\n|poke|p1|Flutter Mane|\n|poke|p2|Mewtwo|\n|poke|p2|Eternatus|\n|poke|p2|Rayquaza|\n|poke|p2|Infernape, F|\n|poke|p2|Vivillon-Fancy, M|\n|poke|p2|Miraidon|\n|teampreview\n|inactive|Battle timer is ON: inactive players will automatically lose when time's up. (requested by crashlouko)\n|\n|t:|1699583580\n|start\n|switch|p1a: Moonblast|Ribombee, F, shiny|100\/100\n|switch|p2a: Vivillon|Vivillon-Fancy, M|100\/100\n|turn|1\n|\n|t:|1699583586\n|move|p1a: Moonblast|Sticky Web|p2a: Vivillon\n|-sidestart|p2: crashlouko|move: Sticky Web\n|move|p2a: Vivillon|Sleep Powder|p1a: Moonblast\n|-status|p1a: Moonblast|slp|[from] move: Sleep Powder\n|\n|upkeep\n|turn|2\n|\n|t:|1699583592\n|switch|p1a: Big Boy|Iron Hands, shiny|100\/100\n|move|p2a: Vivillon|Quiver Dance|p2a: Vivillon\n|-boost|p2a: Vivillon|spa|1\n|-boost|p2a: Vivillon|spd|1\n|-boost|p2a: Vivillon|spe|1\n|\n|upkeep\n|turn|3\n|\n|t:|1699583597\n|move|p1a: Big Boy|Fake Out|p2a: Vivillon\n|-damage|p2a: Vivillon|68\/100\n|cant|p2a: Vivillon|flinch\n|\n|-heal|p2a: Vivillon|74\/100|[from] item: Leftovers\n|upkeep\n|turn|4\n|\n|t:|1699583599\n|move|p2a: Vivillon|Psychic|p1a: Big Boy\n|-supereffective|p1a: Big Boy\n|-damage|p1a: Big Boy|57\/100\n|move|p1a: Big Boy|Wild Charge|p2a: Vivillon\n|-supereffective|p2a: Vivillon\n|-damage|p2a: Vivillon|0 fnt\n|faint|p2a: Vivillon\n|-damage|p1a: Big Boy|47\/100|[from] Recoil\n|\n|upkeep\n|\n|t:|1699583610\n|switch|p2a: Mewtwo|Mewtwo|100\/100\n|-activate|p2a: Mewtwo|move: Sticky Web\n|-unboost|p2a: Mewtwo|spe|1\n|-ability|p2a: Mewtwo|Pressure\n|turn|5\n|\n|t:|1699583618\n|move|p2a: Mewtwo|Nasty Plot|p2a: Mewtwo\n|-boost|p2a: Mewtwo|spa|2\n|move|p1a: Big Boy|Wild Charge|p2a: Mewtwo\n|-damage|p2a: Mewtwo|39\/100\n|-damage|p1a: Big Boy|36\/100|[from] Recoil\n|\n|upkeep\n|turn|6\n|\n|t:|1699583627\n|move|p2a: Mewtwo|Recover|p2a: Mewtwo\n|-heal|p2a: Mewtwo|89\/100\n|move|p1a: Big Boy|Wild Charge|p2a: Mewtwo\n|-damage|p2a: Mewtwo|31\/100\n|-damage|p1a: Big Boy|26\/100|[from] Recoil\n|\n|upkeep\n|turn|7\n|\n|t:|1699583631\n|move|p2a: Mewtwo|Recover|p2a: Mewtwo\n|-heal|p2a: Mewtwo|81\/100\n|move|p1a: Big Boy|Wild Charge|p2a: Mewtwo\n|-damage|p2a: Mewtwo|22\/100\n|-damage|p1a: Big Boy|16\/100|[from] Recoil\n|\n|upkeep\n|turn|8\n|\n|t:|1699583636\n|move|p2a: Mewtwo|Recover|p2a: Mewtwo\n|-heal|p2a: Mewtwo|72\/100\n|move|p1a: Big Boy|Wild Charge|p2a: Mewtwo\n|-damage|p2a: Mewtwo|12\/100\n|-damage|p1a: Big Boy|5\/100|[from] Recoil\n|\n|upkeep\n|turn|9\n|\n|t:|1699583641\n|move|p2a: Mewtwo|Recover|p2a: Mewtwo\n|-heal|p2a: Mewtwo|62\/100\n|move|p1a: Big Boy|Wild Charge|p2a: Mewtwo\n|-damage|p2a: Mewtwo|0 fnt\n|faint|p2a: Mewtwo\n|-damage|p1a: Big Boy|0 fnt|[from] Recoil\n|faint|p1a: Big Boy\n|-end|p1a: Big Boy|Quark Drive|[silent]\n|\n|upkeep\n|\n|t:|1699583650\n|switch|p2a: Baile de Favela|Rayquaza, shiny|100\/100\n|switch|p1a: Ice Cat|Chien-Pao|100\/100\n|-ability|p1a: Ice Cat|Sword of Ruin\n|-ability|p2a: Baile de Favela|Air Lock\n|turn|10\n|\n|t:|1699583673\n|-terastallize|p2a: Baile de Favela|Steel\n|move|p1a: Ice Cat|Ice Spinner|p2a: Baile de Favela\n|-resisted|p2a: Baile de Favela\n|-damage|p2a: Baile de Favela|71\/100\n|move|p2a: Baile de Favela|Dragon Dance|p2a: Baile de Favela\n|-boost|p2a: Baile de Favela|atk|1\n|-boost|p2a: Baile de Favela|spe|1\n|\n|upkeep\n|turn|11\n|\n|t:|1699583682\n|move|p2a: Baile de Favela|Earthquake|p1a: Ice Cat\n|-enditem|p1a: Ice Cat|Focus Sash\n|-damage|p1a: Ice Cat|1\/100\n|-damage|p2a: Baile de Favela|61\/100|[from] item: Life Orb\n|move|p1a: Ice Cat|Sacred Sword|p2a: Baile de Favela\n|-supereffective|p2a: Baile de Favela\n|-damage|p2a: Baile de Favela|0 fnt\n|faint|p2a: Baile de Favela\n|\n|upkeep\n|\n|t:|1699583692\n|switch|p2a: Infernape|Infernape, F|100\/100\n|-activate|p2a: Infernape|move: Sticky Web\n|-unboost|p2a: Infernape|spe|1\n|turn|12\n|\n|t:|1699583697\n|switch|p1a: Moonblast|Ribombee, F, shiny|100\/100 slp\n|move|p2a: Infernape|Drain Punch|p1a: Moonblast\n|-resisted|p1a: Moonblast\n|-crit|p1a: Moonblast\n|-damage|p1a: Moonblast|64\/100 slp\n|-damage|p2a: Infernape|91\/100|[from] item: Life Orb\n|\n|upkeep\n|turn|13\n|\n|t:|1699583704\n|cant|p1a: Moonblast|slp\n|move|p2a: Infernape|Raging Fury|p1a: Moonblast\n|-supereffective|p1a: Moonblast\n|-damage|p1a: Moonblast|0 fnt\n|faint|p1a: Moonblast\n|-damage|p2a: Infernape|81\/100|[from] item: Life Orb\n|\n|upkeep\n|\n|t:|1699583712\n|switch|p1a: Misdreavius|Flutter Mane, shiny|100\/100\n|-enditem|p1a: Misdreavius|Booster Energy\n|-activate|p1a: Misdreavius|ability: Protosynthesis|[fromitem]\n|-start|p1a: Misdreavius|protosynthesisspe\n|turn|14\n|\n|t:|1699583715\n|move|p1a: Misdreavius|Moonblast|p2a: Infernape\n|-damage|p2a: Infernape|1\/100\n|move|p2a: Infernape|Raging Fury|p1a: Misdreavius|[from]lockedmove\n|-damage|p1a: Misdreavius|0 fnt\n|faint|p1a: Misdreavius\n|-end|p1a: Misdreavius|Protosynthesis|[silent]\n|-damage|p2a: Infernape|0 fnt|[from] item: Life Orb\n|faint|p2a: Infernape\n|\n|upkeep\n|\n|t:|1699583733\n|switch|p1a: Ice Cat|Chien-Pao|1\/100\n|switch|p2a: Eternatus|Eternatus|100\/100\n|-activate|p2a: Eternatus|move: Sticky Web\n|-unboost|p2a: Eternatus|spe|1\n|-ability|p2a: Eternatus|Pressure\n|-ability|p1a: Ice Cat|Sword of Ruin\n|turn|15\n|\n|t:|1699583738\n|move|p1a: Ice Cat|Ice Spinner|p2a: Eternatus\n|-supereffective|p2a: Eternatus\n|-crit|p2a: Eternatus\n|-damage|p2a: Eternatus|0 fnt\n|faint|p2a: Eternatus\n|\n|upkeep\n|\n|t:|1699583740\n|switch|p2a: Miraidon|Miraidon|100\/100\n|-fieldstart|move: Electric Terrain|[from] ability: Hadron Engine|[of] p2a: Miraidon\n|turn|16\n|\n|t:|1699583749\n|move|p1a: Ice Cat|Sucker Punch|p2a: Miraidon\n|-damage|p2a: Miraidon|49\/100\n|move|p2a: Miraidon|Electro Drift|p1a: Ice Cat\n|-damage|p1a: Ice Cat|0 fnt\n|faint|p1a: Ice Cat\n|\n|upkeep\n|\n|t:|1699583753\n|switch|p1a: Cyber Lizard|Miraidon|100\/100\n|-activate|p1a: Cyber Lizard|ability: Hadron Engine\n|-item|p1a: Cyber Lizard|Air Balloon\n|turn|17\n|\n|t:|1699583758\n|-terastallize|p1a: Cyber Lizard|Fairy\n|move|p2a: Miraidon|Draco Meteor|p1a: Cyber Lizard\n|-immune|p1a: Cyber Lizard\n|move|p1a: Cyber Lizard|Dragon Pulse|p2a: Miraidon\n|-supereffective|p2a: Miraidon\n|-damage|p2a: Miraidon|0 fnt\n|faint|p2a: Miraidon\n|\n|win|Anne Frankkkk\n|raw|Anne Frankkkk's rating: 1191 &rarr; <strong>1215<\/strong><br \/>(+24 for winning)\n|raw|crashlouko's rating: 1175 &rarr; <strong>1151<\/strong><br \/>(-24 for losing)\n|l|\u2606crashlouko\n","uploadtime":1699583770,"views":4,"p1id":"annefrankkkk","p2id":"crashlouko","formatid":"gen9ubers","rating":1151,"private":0,"password":""}