{"id":"gen9ubers-1970540893","p1":"gianbesozio","p2":"Kodiak3b","format":"[Gen 9] Ubers","log":"|j|\u2606gianbesozio\n|j|\u2606Kodiak3b\n|t:|1697646917\n|gametype|singles\n|player|p1|gianbesozio|n|\n|player|p2|Kodiak3b|iono|\n|teamsize|p1|6\n|teamsize|p2|6\n|gen|9\n|tier|[Gen 9] Ubers\n|rule|Sleep Clause Mod: Limit one foe put to sleep\n|rule|Species Clause: Limit one of each Pok\u00e9mon\n|rule|OHKO Clause: OHKO moves are banned\n|rule|Evasion Items Clause: Evasion items are banned\n|rule|Evasion Moves Clause: Evasion moves are banned\n|rule|Endless Battle Clause: Forcing endless battles is banned\n|rule|HP Percentage Mod: HP is shown in percentages\n|clearpoke\n|poke|p1|Pelipper, F|\n|poke|p1|Magearna|\n|poke|p1|Palkia-Origin|\n|poke|p1|Zapdos|\n|poke|p1|Urshifu-*, F|\n|poke|p1|Basculegion-F, F|\n|poke|p2|Zacian-*|\n|poke|p2|Magearna|\n|poke|p2|Dugtrio, M|\n|poke|p2|Arceus-Fire|\n|poke|p2|Zamazenta-*|\n|poke|p2|Shaymin-Sky|\n|teampreview\n|inactive|Battle timer is ON: inactive players will automatically lose when time's up. (requested by Kodiak3b)\n|\n|t:|1697646948\n|start\n|switch|p1a: Pelipper|Pelipper, F|100\/100\n|switch|p2a: Zamazenta|Zamazenta-Crowned, shiny|100\/100\n|-ability|p2a: Zamazenta|Dauntless Shield|boost\n|-boost|p2a: Zamazenta|def|1\n|-weather|RainDance|[from] ability: Drizzle|[of] p1a: Pelipper\n|turn|1\n|\n|t:|1697646960\n|move|p2a: Zamazenta|Stone Edge|p1a: Pelipper|[miss]\n|-miss|p2a: Zamazenta|p1a: Pelipper\n|move|p1a: Pelipper|U-turn|p2a: Zamazenta\n|-resisted|p2a: Zamazenta\n|-crit|p2a: Zamazenta\n|-damage|p2a: Zamazenta|98\/100\n|\n|t:|1697646972\n|switch|p1a: Urshifu|Urshifu-Rapid-Strike, F|100\/100|[from] U-turn\n|\n|-weather|RainDance|[upkeep]\n|upkeep\n|turn|2\n|\n|t:|1697646994\n|switch|p2a: Magearna|Magearna|100\/100\n|move|p1a: Urshifu|Close Combat|p2a: Magearna\n|-damage|p2a: Magearna|45\/100\n|-unboost|p1a: Urshifu|def|1\n|-unboost|p1a: Urshifu|spd|1\n|\n|-weather|RainDance|[upkeep]\n|upkeep\n|turn|3\n|\n|t:|1697647005\n|-terastallize|p2a: Magearna|Psychic\n|move|p1a: Urshifu|Close Combat|p2a: Magearna\n|-resisted|p2a: Magearna\n|-damage|p2a: Magearna|17\/100\n|-unboost|p1a: Urshifu|def|1\n|-unboost|p1a: Urshifu|spd|1\n|move|p2a: Magearna|Draining Kiss|p1a: Urshifu\n|-supereffective|p1a: Urshifu\n|-damage|p1a: Urshifu|0 fnt\n|-heal|p2a: Magearna|89\/100|[from] drain|[of] p1a: Urshifu\n|faint|p1a: Urshifu\n|-ability|p2a: Magearna|Soul-Heart|boost\n|-boost|p2a: Magearna|spa|1\n|\n|-weather|RainDance|[upkeep]\n|upkeep\n|\n|t:|1697647023\n|switch|p1a: Magearna|Magearna|100\/100\n|turn|4\n|\n|t:|1697647030\n|switch|p2a: Dugtrio|Dugtrio, M, shiny|100\/100\n|move|p1a: Magearna|Thunder Wave|p2a: Dugtrio\n|-immune|p2a: Dugtrio\n|\n|-weather|RainDance|[upkeep]\n|upkeep\n|turn|5\n|\n|t:|1697647040\n|move|p2a: Dugtrio|Earthquake|p1a: Magearna\n|-supereffective|p1a: Magearna\n|-damage|p1a: Magearna|0 fnt\n|faint|p1a: Magearna\n|\n|-weather|none\n|upkeep\n|\n|t:|1697647045\n|switch|p1a: Zapdos|Zapdos|100\/100\n|-ability|p1a: Zapdos|Pressure\n|turn|6\n|\n|t:|1697647051\n|switch|p2a: Magearna|Magearna, tera:Psychic|89\/100\n|switch|p1a: Pelipper|Pelipper, F|100\/100\n|-weather|RainDance|[from] ability: Drizzle|[of] p1a: Pelipper\n|\n|-weather|RainDance|[upkeep]\n|upkeep\n|turn|7\n|\n|t:|1697647060\n|move|p1a: Pelipper|Hydro Pump|p2a: Magearna\n|-damage|p2a: Magearna|47\/100\n|move|p2a: Magearna|Shift Gear|p2a: Magearna\n|-boost|p2a: Magearna|spe|2\n|-boost|p2a: Magearna|atk|1\n|\n|-weather|RainDance|[upkeep]\n|upkeep\n|turn|8\n|\n|t:|1697647067\n|move|p2a: Magearna|Draining Kiss|p1a: Pelipper\n|-damage|p1a: Pelipper|64\/100\n|-heal|p2a: Magearna|72\/100|[from] drain|[of] p1a: Pelipper\n|move|p1a: Pelipper|Hydro Pump|p2a: Magearna\n|-damage|p2a: Magearna|33\/100\n|\n|-weather|RainDance|[upkeep]\n|upkeep\n|turn|9\n|\n|t:|1697647075\n|move|p2a: Magearna|Draining Kiss|p1a: Pelipper\n|-damage|p1a: Pelipper|29\/100\n|-heal|p2a: Magearna|57\/100|[from] drain|[of] p1a: Pelipper\n|move|p1a: Pelipper|Roost|p1a: Pelipper\n|-heal|p1a: Pelipper|79\/100\n|-singleturn|p1a: Pelipper|move: Roost\n|\n|-weather|RainDance|[upkeep]\n|upkeep\n|turn|10\n|\n|t:|1697647087\n|move|p2a: Magearna|Ice Beam|p1a: Pelipper\n|-damage|p1a: Pelipper|36\/100\n|-status|p1a: Pelipper|frz\n|cant|p1a: Pelipper|frz\n|\n|-weather|none\n|upkeep\n|turn|11\n|\n|t:|1697647094\n|move|p2a: Magearna|Shift Gear|p2a: Magearna\n|-boost|p2a: Magearna|spe|2\n|-boost|p2a: Magearna|atk|1\n|cant|p1a: Pelipper|frz\n|\n|upkeep\n|turn|12\n|\n|t:|1697647101\n|switch|p1a: Palkia|Palkia-Origin|100\/100\n|-ability|p1a: Palkia|Pressure\n|move|p2a: Magearna|Draining Kiss|p1a: Palkia\n|-supereffective|p1a: Palkia\n|-damage|p1a: Palkia|56\/100\n|-heal|p2a: Magearna|87\/100|[from] drain|[of] p1a: Palkia\n|\n|upkeep\n|turn|13\n|\n|t:|1697647112\n|move|p2a: Magearna|Stored Power|p1a: Palkia\n|-damage|p1a: Palkia|0 fnt\n|faint|p1a: Palkia\n|-ability|p2a: Magearna|Soul-Heart|boost\n|-boost|p2a: Magearna|spa|1\n|\n|upkeep\n|\n|t:|1697647117\n|switch|p1a: Zapdos|Zapdos|100\/100\n|-ability|p1a: Zapdos|Pressure\n|turn|14\n|\n|t:|1697647132\n|move|p2a: Magearna|Shift Gear|p2a: Magearna\n|-boost|p2a: Magearna|spe|2\n|-boost|p2a: Magearna|atk|1\n|move|p1a: Zapdos|Thunder|p2a: Magearna\n|-damage|p2a: Magearna|47\/100\n|\n|upkeep\n|turn|15\n|\n|t:|1697647144\n|move|p2a: Magearna|Stored Power|p1a: Zapdos\n|-damage|p1a: Zapdos|0 fnt\n|faint|p1a: Zapdos\n|-ability|p2a: Magearna|Soul-Heart|boost\n|-boost|p2a: Magearna|spa|1\n|\n|upkeep\n|\n|t:|1697647152\n|switch|p1a: Pelipper|Pelipper, F|36\/100 frz\n|-weather|RainDance|[from] ability: Drizzle|[of] p1a: Pelipper\n|turn|16\n|\n|t:|1697647159\n|move|p2a: Magearna|Stored Power|p1a: Pelipper\n|-damage|p1a: Pelipper|0 fnt\n|faint|p1a: Pelipper\n|-ability|p2a: Magearna|Soul-Heart|boost\n|-boost|p2a: Magearna|spa|1\n|\n|-weather|RainDance|[upkeep]\n|upkeep\n|\n|t:|1697647165\n|switch|p1a: Basculegion|Basculegion-F, F|100\/100\n|turn|17\n|\n|t:|1697647169\n|move|p2a: Magearna|Stored Power|p1a: Basculegion\n|-damage|p1a: Basculegion|0 fnt\n|faint|p1a: Basculegion\n|\n|win|Kodiak3b\n","uploadtime":1697647175,"views":28,"p1id":"gianbesozio","p2id":"kodiak3b","formatid":"gen9ubers","rating":0,"private":0,"password":""}