{"id":"gen9ubers-1996966269","p1":"Kai dragneel","p2":"PagZon214","format":"[Gen 9] Ubers","log":"|j|\u2606Kai dragneel\n|j|\u2606PagZon214\n|t:|1700750550\n|gametype|singles\n|player|p1|Kai dragneel|101|1271\n|player|p2|PagZon214|ghetsis|1251\n|teamsize|p1|6\n|teamsize|p2|6\n|gen|9\n|tier|[Gen 9] Ubers\n|rated|\n|rule|Sleep Clause Mod: Limit one foe put to sleep\n|rule|Species Clause: Limit one of each Pok\u00e9mon\n|rule|OHKO Clause: OHKO moves are banned\n|rule|Evasion Items Clause: Evasion items are banned\n|rule|Evasion Moves Clause: Evasion moves are banned\n|rule|Endless Battle Clause: Forcing endless battles is banned\n|rule|HP Percentage Mod: HP is shown in percentages\n|clearpoke\n|poke|p1|Decidueye-Hisui, M|\n|poke|p1|Arcanine-Hisui, M|\n|poke|p1|Basculegion, M|\n|poke|p1|Ursaluna, M|\n|poke|p1|Braviary-Hisui, M|\n|poke|p1|Goodra-Hisui, M|\n|poke|p2|Miraidon|\n|poke|p2|Raichu-Alola, F|\n|poke|p2|Zacian-*|\n|poke|p2|Shaymin-Sky|\n|poke|p2|Koraidon|\n|poke|p2|Zamazenta-*|\n|teampreview\n|\n|t:|1700750566\n|start\n|switch|p1a: Arcanine|Arcanine-Hisui, M|100\/100\n|switch|p2a: Miraidon|Miraidon|100\/100\n|-fieldstart|move: Electric Terrain|[from] ability: Hadron Engine|[of] p2a: Miraidon\n|turn|1\n|\n|t:|1700750576\n|move|p2a: Miraidon|Calm Mind|p2a: Miraidon\n|-boost|p2a: Miraidon|spa|1\n|-boost|p2a: Miraidon|spd|1\n|move|p1a: Arcanine|Head Smash|p2a: Miraidon\n|-damage|p2a: Miraidon|0 fnt\n|faint|p2a: Miraidon\n|\n|upkeep\n|\n|t:|1700750586\n|switch|p2a: Raichu|Raichu-Alola, F|100\/100\n|turn|2\n|\n|t:|1700750592\n|switch|p1a: Ursaluna|Ursaluna, M|100\/100\n|move|p2a: Raichu|Nasty Plot|p2a: Raichu\n|-boost|p2a: Raichu|spa|2\n|\n|-status|p1a: Ursaluna|brn|[from] item: Flame Orb\n|upkeep\n|turn|3\n|\n|t:|1700750601\n|switch|p1a: Goodra|Goodra-Hisui, M|100\/100\n|move|p2a: Raichu|Surf|p1a: Goodra\n|-resisted|p1a: Goodra\n|-damage|p1a: Goodra|89\/100\n|\n|upkeep\n|turn|4\n|\n|t:|1700750611\n|move|p2a: Raichu|Nasty Plot|p2a: Raichu\n|-boost|p2a: Raichu|spa|2\n|move|p1a: Goodra|Draco Meteor|p2a: Raichu\n|-damage|p2a: Raichu|3\/100\n|-unboost|p1a: Goodra|spa|2\n|\n|upkeep\n|turn|5\n|\n|t:|1700750619\n|move|p2a: Raichu|Psychic|p1a: Goodra\n|-resisted|p1a: Goodra\n|-damage|p1a: Goodra|61\/100\n|move|p1a: Goodra|Flamethrower|p2a: Raichu\n|-damage|p2a: Raichu|0 fnt\n|faint|p2a: Raichu\n|\n|upkeep\n|\n|t:|1700750627\n|switch|p2a: Koraidon|Koraidon|100\/100\n|-weather|SunnyDay|[from] ability: Orichalcum Pulse|[of] p2a: Koraidon\n|-activate|p2a: Koraidon|Orichalcum Pulse|[source]\n|turn|6\n|\n|t:|1700750634\n|switch|p1a: Basculegion|Basculegion, M|100\/100\n|move|p2a: Koraidon|Collision Course|p1a: Basculegion\n|-immune|p1a: Basculegion\n|\n|-weather|SunnyDay|[upkeep]\n|upkeep\n|turn|7\n|\n|t:|1700750643\n|switch|p2a: Shaymin|Shaymin-Sky|100\/100\n|move|p1a: Basculegion|Psychic Fangs|p2a: Shaymin\n|-damage|p2a: Shaymin|70\/100\n|\n|-weather|SunnyDay|[upkeep]\n|upkeep\n|turn|8\n|inactive|Battle timer is ON: inactive players will automatically lose when time's up. (requested by PagZon214)\n|\n|t:|1700750651\n|switch|p1a: Goodra|Goodra-Hisui, M|61\/100\n|move|p2a: Shaymin|Earth Power|p1a: Goodra\n|-supereffective|p1a: Goodra\n|-damage|p1a: Goodra|21\/100\n|\n|-weather|SunnyDay|[upkeep]\n|-fieldend|move: Electric Terrain\n|upkeep\n|turn|9\n|\n|t:|1700750661\n|move|p2a: Shaymin|Earth Power|p1a: Goodra\n|-supereffective|p1a: Goodra\n|-damage|p1a: Goodra|0 fnt\n|faint|p1a: Goodra\n|\n|-weather|SunnyDay|[upkeep]\n|upkeep\n|\n|t:|1700750671\n|switch|p1a: Basculegion|Basculegion, M|100\/100\n|turn|10\n|\n|t:|1700750686\n|move|p1a: Basculegion|Last Respects|p2a: Shaymin\n|-damage|p2a: Shaymin|0 fnt\n|faint|p2a: Shaymin\n|\n|-weather|none\n|upkeep\n|\n|t:|1700750694\n|switch|p2a: Koraidon|Koraidon|100\/100\n|-weather|SunnyDay|[from] ability: Orichalcum Pulse|[of] p2a: Koraidon\n|-activate|p2a: Koraidon|Orichalcum Pulse|[source]\n|turn|11\n|\n|t:|1700750702\n|switch|p1a: Braviary|Braviary-Hisui, M|100\/100\n|move|p2a: Koraidon|Swords Dance|p2a: Koraidon\n|-boost|p2a: Koraidon|atk|2\n|\n|-weather|SunnyDay|[upkeep]\n|upkeep\n|turn|12\n|\n|t:|1700750712\n|move|p2a: Koraidon|Flare Blitz|p1a: Braviary\n|-damage|p1a: Braviary|0 fnt\n|faint|p1a: Braviary\n|-damage|p2a: Koraidon|63\/100|[from] Recoil\n|-damage|p2a: Koraidon|53\/100|[from] item: Life Orb\n|\n|-weather|SunnyDay|[upkeep]\n|upkeep\n|\n|t:|1700750721\n|switch|p1a: Decidueye|Decidueye-Hisui, M|100\/100\n|turn|13\n|\n|t:|1700750729\n|move|p1a: Decidueye|Sucker Punch|p2a: Koraidon\n|-resisted|p2a: Koraidon\n|-damage|p2a: Koraidon|38\/100\n|-damage|p1a: Decidueye|91\/100|[from] item: Life Orb\n|move|p2a: Koraidon|Zen Headbutt|p1a: Decidueye\n|-supereffective|p1a: Decidueye\n|-damage|p1a: Decidueye|0 fnt\n|faint|p1a: Decidueye\n|-damage|p2a: Koraidon|28\/100|[from] item: Life Orb\n|\n|-weather|SunnyDay|[upkeep]\n|upkeep\n|\n|t:|1700750743\n|switch|p1a: Arcanine|Arcanine-Hisui, M|100\/100\n|turn|14\n|\n|t:|1700750749\n|move|p1a: Arcanine|Extreme Speed|p2a: Koraidon\n|-damage|p2a: Koraidon|0 fnt\n|faint|p2a: Koraidon\n|\n|-weather|SunnyDay|[upkeep]\n|upkeep\n|\n|t:|1700750754\n|switch|p2a: Zamazenta|Zamazenta|100\/100\n|-ability|p2a: Zamazenta|Dauntless Shield|boost\n|-boost|p2a: Zamazenta|def|1\n|turn|15\n|\n|t:|1700750761\n|switch|p1a: Basculegion|Basculegion, M|100\/100\n|move|p2a: Zamazenta|Iron Defense|p2a: Zamazenta\n|-boost|p2a: Zamazenta|def|2\n|\n|-weather|none\n|upkeep\n|turn|16\n|\n|t:|1700750778\n|move|p1a: Basculegion|Last Respects|p2a: Zamazenta\n|-damage|p2a: Zamazenta|62\/100\n|move|p2a: Zamazenta|Substitute|p2a: Zamazenta\n|-start|p2a: Zamazenta|Substitute\n|-damage|p2a: Zamazenta|37\/100\n|\n|-heal|p2a: Zamazenta|43\/100|[from] item: Leftovers\n|upkeep\n|turn|17\n|\n|t:|1700750787\n|move|p1a: Basculegion|Last Respects|p2a: Zamazenta\n|-end|p2a: Zamazenta|Substitute\n|move|p2a: Zamazenta|Iron Defense|p2a: Zamazenta\n|-boost|p2a: Zamazenta|def|2\n|\n|-heal|p2a: Zamazenta|49\/100|[from] item: Leftovers\n|upkeep\n|turn|18\n|\n|t:|1700750796\n|move|p1a: Basculegion|Last Respects|p2a: Zamazenta\n|-damage|p2a: Zamazenta|24\/100\n|move|p2a: Zamazenta|Crunch|p1a: Basculegion\n|-supereffective|p1a: Basculegion\n|-damage|p1a: Basculegion|49\/100\n|\n|-heal|p2a: Zamazenta|30\/100|[from] item: Leftovers\n|upkeep\n|turn|19\n|\n|t:|1700750805\n|move|p1a: Basculegion|Last Respects|p2a: Zamazenta\n|-damage|p2a: Zamazenta|0 fnt\n|faint|p2a: Zamazenta\n|\n|upkeep\n|\n|t:|1700750809\n|switch|p2a: Zacian|Zacian-Crowned|100\/100\n|-ability|p2a: Zacian|Intrepid Sword|boost\n|-boost|p2a: Zacian|atk|1\n|turn|20\n|\n|t:|1700750815\n|move|p2a: Zacian|Swords Dance|p2a: Zacian\n|-boost|p2a: Zacian|atk|2\n|move|p1a: Basculegion|Last Respects|p2a: Zacian\n|-damage|p2a: Zacian|0 fnt\n|faint|p2a: Zacian\n|\n|win|Kai dragneel\n|raw|Kai dragneel's rating: 1271 &rarr; <strong>1295<\/strong><br \/>(+24 for winning)\n|raw|PagZon214's rating: 1251 &rarr; <strong>1227<\/strong><br \/>(-24 for losing)\n|l|\u2606PagZon214\n","uploadtime":1700750826,"views":0,"p1id":"kaidragneel","p2id":"pagzon214","formatid":"gen9ubers","rating":1227,"private":0,"password":""}