{"id":"gen9ubers-1981930505","p1":"bowsori","p2":"sword over shield","format":"[Gen 9] Ubers","log":"|j|\u2606bowsori\n|j|\u2606sword over shield\n|t:|1698952611\n|gametype|singles\n|player|p1|bowsori|ruinmaniac|\n|player|p2|sword over shield|169|\n|teamsize|p1|6\n|teamsize|p2|6\n|gen|9\n|tier|[Gen 9] Ubers\n|rule|Sleep Clause Mod: Limit one foe put to sleep\n|rule|Species Clause: Limit one of each Pok\u00e9mon\n|rule|OHKO Clause: OHKO moves are banned\n|rule|Evasion Items Clause: Evasion items are banned\n|rule|Evasion Moves Clause: Evasion moves are banned\n|rule|Endless Battle Clause: Forcing endless battles is banned\n|rule|HP Percentage Mod: HP is shown in percentages\n|clearpoke\n|poke|p1|Landorus, M|\n|poke|p1|Houndstone, F|\n|poke|p1|Magearna|\n|poke|p1|Tyranitar, F|\n|poke|p1|Zacian-*|\n|poke|p1|Arceus-Bug|\n|poke|p2|Arceus-Poison|\n|poke|p2|Magearna|\n|poke|p2|Dragapult, F|\n|poke|p2|Zacian-*|\n|poke|p2|Gliscor, M|\n|poke|p2|Palkia-Origin|\n|teampreview\n|j| Laprasrules12\n|c| Laprasrules12|Take 2\n|c|\u2606bowsori|isnt gliscor banned\n|c| Laprasrules12|Not yet\n|c|\u2606sword over shield|for week 3 and beyond\n|c|\u2606bowsori|oh ok\n|\n|t:|1698952686\n|start\n|switch|p1a: Tyranitar|Tyranitar, F|100\/100\n|switch|p2a: Palkia|Palkia-Origin|100\/100\n|-ability|p2a: Palkia|Pressure\n|-weather|Sandstorm|[from] ability: Sand Stream|[of] p1a: Tyranitar\n|turn|1\n|c| Laprasrules12|Yooo Penis Dragon\n|\n|t:|1698952702\n|move|p2a: Palkia|Hydro Pump|p1a: Tyranitar|[miss]\n|-miss|p2a: Palkia|p1a: Tyranitar\n|move|p1a: Tyranitar|Stealth Rock|p2a: Palkia\n|-sidestart|p2: sword over shield|move: Stealth Rock\n|\n|-weather|Sandstorm|[upkeep]\n|-damage|p2a: Palkia|94\/100|[from] Sandstorm\n|upkeep\n|turn|2\n|\n|t:|1698952711\n|switch|p1a: Magearna|Magearna|100\/100\n|move|p2a: Palkia|Hydro Pump|p1a: Magearna|[miss]\n|-miss|p2a: Palkia|p1a: Magearna\n|\n|-weather|Sandstorm|[upkeep]\n|-damage|p2a: Palkia|88\/100|[from] Sandstorm\n|upkeep\n|turn|3\n|c| Laprasrules12|Again\n|\n|t:|1698952727\n|switch|p2a: Magearna|Magearna|100\/100\n|-damage|p2a: Magearna|94\/100|[from] Stealth Rock\n|move|p1a: Magearna|Thunder Wave|p2a: Magearna\n|-status|p2a: Magearna|par\n|\n|-weather|Sandstorm|[upkeep]\n|-heal|p2a: Magearna|100\/100 par|[from] item: Leftovers\n|upkeep\n|turn|4\n|c|\u2606bowsori|that was me round 1\n|\n|t:|1698952740\n|move|p1a: Magearna|Volt Switch|p2a: Magearna\n|-damage|p2a: Magearna|87\/100 par\n|\n|t:|1698952743\n|switch|p1a: Landorus|Landorus, M|100\/100|[from] Volt Switch\n|move|p2a: Magearna|Thunder Wave|p1a: Landorus\n|-immune|p1a: Landorus\n|\n|-weather|Sandstorm|[upkeep]\n|-heal|p2a: Magearna|93\/100 par|[from] item: Leftovers\n|upkeep\n|turn|5\n|\n|t:|1698952757\n|switch|p2a: Gliscor|Gliscor, M|100\/100\n|-damage|p2a: Gliscor|88\/100|[from] Stealth Rock\n|move|p1a: Landorus|Taunt|p2a: Gliscor\n|-start|p2a: Gliscor|move: Taunt\n|\n|-weather|Sandstorm|[upkeep]\n|-status|p2a: Gliscor|tox|[from] item: Toxic Orb\n|upkeep\n|turn|6\n|\n|t:|1698952784\n|switch|p1a: Arceus Grass|Arceus-Bug|100\/100\n|move|p2a: Gliscor|Earthquake|p1a: Arceus Grass\n|-resisted|p1a: Arceus Grass\n|-damage|p1a: Arceus Grass|93\/100\n|\n|-weather|Sandstorm|[upkeep]\n|-damage|p1a: Arceus Grass|87\/100|[from] Sandstorm\n|-heal|p2a: Gliscor|100\/100 tox|[from] ability: Poison Heal\n|upkeep\n|turn|7\n|\n|t:|1698952810\n|switch|p2a: Arceus|Arceus-Poison|100\/100\n|-damage|p2a: Arceus|88\/100|[from] Stealth Rock\n|move|p1a: Arceus Grass|Calm Mind|p1a: Arceus Grass\n|-boost|p1a: Arceus Grass|spa|1\n|-boost|p1a: Arceus Grass|spd|1\n|\n|-weather|Sandstorm|[upkeep]\n|-damage|p1a: Arceus Grass|81\/100|[from] Sandstorm\n|-damage|p2a: Arceus|82\/100|[from] Sandstorm\n|upkeep\n|turn|8\n|\n|t:|1698952821\n|move|p1a: Arceus Grass|Calm Mind|p1a: Arceus Grass\n|-boost|p1a: Arceus Grass|spa|1\n|-boost|p1a: Arceus Grass|spd|1\n|move|p2a: Arceus|Swords Dance|p2a: Arceus\n|-boost|p2a: Arceus|atk|2\n|\n|-weather|none\n|upkeep\n|turn|9\n|\n|t:|1698952868\n|move|p1a: Arceus Grass|Ice Beam|p2a: Arceus\n|-damage|p2a: Arceus|48\/100\n|move|p2a: Arceus|Swords Dance|p2a: Arceus\n|-boost|p2a: Arceus|atk|2\n|\n|upkeep\n|turn|10\n|\n|t:|1698952892\n|move|p2a: Arceus|Recover|p2a: Arceus\n|-heal|p2a: Arceus|98\/100\n|move|p1a: Arceus Grass|Earth Power|p2a: Arceus\n|-supereffective|p2a: Arceus\n|-damage|p2a: Arceus|33\/100\n|\n|upkeep\n|turn|11\n|\n|t:|1698952902\n|-terastallize|p2a: Arceus|Normal\n|move|p1a: Arceus Grass|Earth Power|p2a: Arceus\n|-damage|p2a: Arceus|2\/100\n|move|p2a: Arceus|Recover|p2a: Arceus\n|-heal|p2a: Arceus|52\/100\n|\n|upkeep\n|turn|12\n|c| Laprasrules12|DAMN\n|\n|t:|1698952912\n|-terastallize|p1a: Arceus Grass|Ground\n|move|p2a: Arceus|Recover|p2a: Arceus\n|-heal|p2a: Arceus|100\/100\n|move|p1a: Arceus Grass|Earth Power|p2a: Arceus\n|-damage|p2a: Arceus|50\/100\n|\n|upkeep\n|turn|13\n|\n|t:|1698952919\n|move|p2a: Arceus|Extreme Speed|p1a: Arceus Grass\n|-damage|p1a: Arceus Grass|22\/100\n|move|p1a: Arceus Grass|Earth Power|p2a: Arceus\n|-damage|p2a: Arceus|4\/100\n|\n|upkeep\n|turn|14\n|\n|t:|1698952931\n|move|p2a: Arceus|Extreme Speed|p1a: Arceus Grass\n|-damage|p1a: Arceus Grass|0 fnt\n|faint|p1a: Arceus Grass\n|\n|upkeep\n|\n|t:|1698952942\n|switch|p1a: Houndstone|Houndstone, F|100\/100\n|turn|15\n|\n|t:|1698952949\n|move|p2a: Arceus|Recover|p2a: Arceus\n|-heal|p2a: Arceus|54\/100\n|move|p1a: Houndstone|Play Rough|p2a: Arceus\n|-damage|p2a: Arceus|25\/100\n|\n|upkeep\n|turn|16\n|\n|t:|1698952962\n|switch|p1a: Landorus|Landorus, M|100\/100\n|move|p2a: Arceus|Recover|p2a: Arceus\n|-heal|p2a: Arceus|75\/100\n|\n|upkeep\n|turn|17\n|\n|t:|1698952968\n|move|p2a: Arceus|Extreme Speed|p1a: Landorus\n|-damage|p1a: Landorus|0 fnt\n|faint|p1a: Landorus\n|\n|upkeep\n|\n|t:|1698952973\n|switch|p1a: Tyranitar|Tyranitar, F|100\/100\n|-weather|Sandstorm|[from] ability: Sand Stream|[of] p1a: Tyranitar\n|turn|18\n|c| Laprasrules12|That may be a GG maybe\n|\n|t:|1698952985\n|switch|p1a: Magearna|Magearna|100\/100\n|move|p2a: Arceus|Earthquake|p1a: Magearna\n|-supereffective|p1a: Magearna\n|-damage|p1a: Magearna|0 fnt\n|faint|p1a: Magearna\n|\n|-weather|Sandstorm|[upkeep]\n|-damage|p2a: Arceus|69\/100|[from] Sandstorm\n|upkeep\n|c| Laprasrules12|Yup\n|\n|t:|1698952993\n|switch|p1a: Houndstone|Houndstone, F|100\/100\n|turn|19\n|\n|t:|1698952997\n|move|p1a: Houndstone|Body Press|p2a: Arceus\n|-supereffective|p2a: Arceus\n|-damage|p2a: Arceus|32\/100\n|move|p2a: Arceus|Earthquake|p1a: Houndstone\n|-damage|p1a: Houndstone|0 fnt\n|faint|p1a: Houndstone\n|\n|-weather|Sandstorm|[upkeep]\n|-damage|p2a: Arceus|26\/100|[from] Sandstorm\n|upkeep\n|\n|t:|1698953005\n|switch|p1a: Zacian|Zacian, shiny|100\/100\n|-ability|p1a: Zacian|Intrepid Sword|boost\n|-boost|p1a: Zacian|atk|1\n|turn|20\n|\n|t:|1698953010\n|move|p2a: Arceus|Extreme Speed|p1a: Zacian\n|-damage|p1a: Zacian|0 fnt\n|faint|p1a: Zacian\n|\n|-weather|Sandstorm|[upkeep]\n|-damage|p2a: Arceus|20\/100|[from] Sandstorm\n|upkeep\n|\n|t:|1698953016\n|switch|p1a: Tyranitar|Tyranitar, F|100\/100\n|turn|21\n|c|\u2606bowsori|gg\n|\n|t:|1698953020\n|move|p2a: Arceus|Earthquake|p1a: Tyranitar\n|-supereffective|p1a: Tyranitar\n|-damage|p1a: Tyranitar|0 fnt\n|faint|p1a: Tyranitar\n|\n|win|sword over shield\n|c|\u2606sword over shield|gg\n|l| Laprasrules12\n","uploadtime":1698953026,"views":20,"p1id":"bowsori","p2id":"swordovershield","formatid":"gen9ubers","rating":0,"private":0,"password":""}