{"id":"gen9ubers-1991746680","p1":"PyroLancer69","p2":"game18","format":"[Gen 9] Ubers","log":"|j|\u2606PyroLancer69\n|j|\u2606game18\n|t:|1700110321\n|gametype|singles\n|player|p1|PyroLancer69|flannery|\n|player|p2|game18|ghetsis|\n|teamsize|p1|6\n|teamsize|p2|6\n|gen|9\n|tier|[Gen 9] Ubers\n|rated|Tournament battle\n|rule|Sleep Clause Mod: Limit one foe put to sleep\n|rule|Species Clause: Limit one of each Pok\u00e9mon\n|rule|OHKO Clause: OHKO moves are banned\n|rule|Evasion Items Clause: Evasion items are banned\n|rule|Evasion Moves Clause: Evasion moves are banned\n|rule|Endless Battle Clause: Forcing endless battles is banned\n|rule|HP Percentage Mod: HP is shown in percentages\n|clearpoke\n|poke|p1|Rayquaza|\n|poke|p1|Regieleki|\n|poke|p1|Mewtwo|\n|poke|p1|Volcarona, F|\n|poke|p1|Flutter Mane|\n|poke|p1|Koraidon|\n|poke|p2|Kyogre|\n|poke|p2|Toxapex, F|\n|poke|p2|Miraidon|\n|poke|p2|Koraidon|\n|poke|p2|Ting-Lu|\n|poke|p2|Arceus-Fairy|\n|teampreview\n|\n|t:|1700110335\n|start\n|switch|p1a: Flutter Mane|Flutter Mane|100\/100\n|switch|p2a: Arceus|Arceus-Fairy|100\/100\n|-enditem|p1a: Flutter Mane|Booster Energy\n|-activate|p1a: Flutter Mane|ability: Protosynthesis|[fromitem]\n|-start|p1a: Flutter Mane|protosynthesisspe\n|turn|1\n|\n|t:|1700110348\n|switch|p2a: Ting-Lu|Ting-Lu|100\/100\n|-ability|p2a: Ting-Lu|Vessel of Ruin\n|move|p1a: Flutter Mane|Calm Mind|p1a: Flutter Mane\n|-boost|p1a: Flutter Mane|spa|1\n|-boost|p1a: Flutter Mane|spd|1\n|\n|upkeep\n|turn|2\n|\n|t:|1700110368\n|move|p1a: Flutter Mane|Moonblast|p2a: Ting-Lu\n|-supereffective|p2a: Ting-Lu\n|-damage|p2a: Ting-Lu|42\/100\n|-unboost|p2a: Ting-Lu|spa|1\n|move|p2a: Ting-Lu|Whirlwind|p1a: Flutter Mane\n|-end|p1a: Flutter Mane|Protosynthesis|[silent]\n|drag|p1a: Mewtwo|Mewtwo|100\/100\n|-ability|p1a: Mewtwo|Pressure\n|\n|-heal|p2a: Ting-Lu|48\/100|[from] item: Leftovers\n|upkeep\n|turn|3\n|inactive|Battle timer is ON: inactive players will automatically lose when time's up. (requested by PyroLancer69)\n|\n|t:|1700110404\n|move|p1a: Mewtwo|Nasty Plot|p1a: Mewtwo\n|-boost|p1a: Mewtwo|spa|2\n|move|p2a: Ting-Lu|Ruination|p1a: Mewtwo\n|-damage|p1a: Mewtwo|50\/100\n|\n|-heal|p2a: Ting-Lu|54\/100|[from] item: Leftovers\n|upkeep\n|turn|4\n|\n|t:|1700110417\n|move|p1a: Mewtwo|Aura Sphere|p2a: Ting-Lu\n|-supereffective|p2a: Ting-Lu\n|-damage|p2a: Ting-Lu|0 fnt\n|faint|p2a: Ting-Lu\n|-damage|p1a: Mewtwo|41\/100|[from] item: Life Orb\n|\n|upkeep\n|\n|t:|1700110421\n|switch|p2a: Kyogre|Kyogre|100\/100\n|-weather|RainDance|[from] ability: Drizzle|[of] p2a: Kyogre\n|turn|5\n|\n|t:|1700110430\n|move|p2a: Kyogre|Water Spout|p1a: Mewtwo\n|-damage|p1a: Mewtwo|0 fnt\n|faint|p1a: Mewtwo\n|\n|-weather|RainDance|[upkeep]\n|upkeep\n|c|\u2606PyroLancer69|tf\n|\n|t:|1700110437\n|switch|p1a: Regieleki|Regieleki|100\/100\n|turn|6\n|\n|t:|1700110453\n|switch|p2a: Miraidon|Miraidon|100\/100\n|-fieldstart|move: Electric Terrain|[from] ability: Hadron Engine|[of] p2a: Miraidon\n|move|p1a: Regieleki|Thunder|p2a: Miraidon\n|-resisted|p2a: Miraidon\n|-damage|p2a: Miraidon|78\/100\n|-damage|p1a: Regieleki|91\/100|[from] item: Life Orb\n|\n|-weather|RainDance|[upkeep]\n|upkeep\n|turn|7\n|\n|t:|1700110469\n|move|p1a: Regieleki|Ancient Power|p2a: Miraidon\n|-damage|p2a: Miraidon|59\/100\n|-damage|p1a: Regieleki|81\/100|[from] item: Life Orb\n|move|p2a: Miraidon|U-turn|p1a: Regieleki\n|-damage|p1a: Regieleki|55\/100\n|inactive|game18 has 120 seconds left.\n|\n|t:|1700110485\n|switch|p2a: Koraidon|Koraidon|100\/100|[from] U-turn\n|-weather|SunnyDay|[from] ability: Orichalcum Pulse|[of] p2a: Koraidon\n|-activate|p2a: Koraidon|Orichalcum Pulse|[source]\n|\n|-weather|SunnyDay|[upkeep]\n|upkeep\n|turn|8\n|\n|t:|1700110508\n|switch|p1a: Flutter Mane|Flutter Mane|100\/100\n|-activate|p1a: Flutter Mane|ability: Protosynthesis\n|-start|p1a: Flutter Mane|protosynthesisspe\n|move|p2a: Koraidon|Scale Shot|p1a: Flutter Mane\n|-immune|p1a: Flutter Mane\n|\n|-weather|SunnyDay|[upkeep]\n|upkeep\n|turn|9\n|\n|t:|1700110518\n|-terastallize|p2a: Koraidon|Fire\n|move|p1a: Flutter Mane|Moonblast|p2a: Koraidon\n|-resisted|p2a: Koraidon\n|-crit|p2a: Koraidon\n|-damage|p2a: Koraidon|61\/100\n|move|p2a: Koraidon|Flare Blitz|p1a: Flutter Mane\n|-damage|p1a: Flutter Mane|0 fnt\n|faint|p1a: Flutter Mane\n|-end|p1a: Flutter Mane|Protosynthesis|[silent]\n|-damage|p2a: Koraidon|37\/100|[from] Recoil\n|\n|-weather|SunnyDay|[upkeep]\n|upkeep\n|\n|t:|1700110536\n|switch|p1a: Rayquaza|Rayquaza, shiny|100\/100\n|-ability|p1a: Rayquaza|Air Lock\n|turn|10\n|\n|t:|1700110545\n|switch|p2a: Arceus|Arceus-Fairy|100\/100\n|move|p1a: Rayquaza|Earthquake|p2a: Arceus\n|-damage|p2a: Arceus|78\/100\n|\n|-weather|SunnyDay|[upkeep]\n|-fieldend|move: Electric Terrain\n|upkeep\n|turn|11\n|\n|t:|1700110554\n|move|p2a: Arceus|Judgment|p1a: Rayquaza\n|-supereffective|p1a: Rayquaza\n|-damage|p1a: Rayquaza|0 fnt\n|faint|p1a: Rayquaza\n|\n|-weather|none\n|upkeep\n|\n|t:|1700110562\n|switch|p1a: Volcarona|Volcarona, F, shiny|100\/100\n|turn|12\n|\n|t:|1700110566\n|move|p2a: Arceus|Taunt|p1a: Volcarona\n|-start|p1a: Volcarona|move: Taunt\n|cant|p1a: Volcarona|move: Taunt|Quiver Dance\n|\n|upkeep\n|turn|13\n|\n|t:|1700110574\n|switch|p2a: Kyogre|Kyogre|100\/100\n|-weather|RainDance|[from] ability: Drizzle|[of] p2a: Kyogre\n|move|p1a: Volcarona|Fiery Dance|p2a: Kyogre\n|-resisted|p2a: Kyogre\n|-crit|p2a: Kyogre\n|-damage|p2a: Kyogre|87\/100\n|\n|-weather|RainDance|[upkeep]\n|upkeep\n|turn|14\n|\n|t:|1700110585\n|-terastallize|p1a: Volcarona|Grass\n|move|p2a: Kyogre|Water Spout|p1a: Volcarona\n|-resisted|p1a: Volcarona\n|-damage|p1a: Volcarona|46\/100\n|move|p1a: Volcarona|Giga Drain|p2a: Kyogre\n|-supereffective|p2a: Kyogre\n|-damage|p2a: Kyogre|23\/100\n|-heal|p1a: Volcarona|82\/100|[from] drain|[of] p2a: Kyogre\n|\n|-weather|RainDance|[upkeep]\n|-end|p1a: Volcarona|move: Taunt\n|upkeep\n|turn|15\n|\n|t:|1700110602\n|switch|p2a: Arceus|Arceus-Fairy|78\/100\n|move|p1a: Volcarona|Quiver Dance|p1a: Volcarona\n|-boost|p1a: Volcarona|spa|1\n|-boost|p1a: Volcarona|spd|1\n|-boost|p1a: Volcarona|spe|1\n|\n|-weather|RainDance|[upkeep]\n|upkeep\n|turn|16\n|\n|t:|1700110616\n|move|p1a: Volcarona|Fiery Dance|p2a: Arceus\n|-damage|p2a: Arceus|54\/100\n|move|p2a: Arceus|Taunt|p1a: Volcarona\n|-start|p1a: Volcarona|move: Taunt\n|\n|-weather|RainDance|[upkeep]\n|upkeep\n|turn|17\n|j| FireWolf89\n|l| FireWolf89\n|inactive|PyroLancer69 has 120 seconds left.\n|\n|t:|1700110667\n|switch|p2a: Toxapex|Toxapex, F|100\/100\n|move|p1a: Volcarona|Giga Drain|p2a: Toxapex\n|-damage|p2a: Toxapex|47\/100\n|-heal|p1a: Volcarona|100\/100|[from] drain|[of] p2a: Toxapex\n|\n|-weather|none\n|upkeep\n|turn|18\n|inactive|PyroLancer69 has 90 seconds left.\n|\n|t:|1700110689\n|move|p1a: Volcarona|Giga Drain|p2a: Toxapex\n|-damage|p2a: Toxapex|0 fnt\n|faint|p2a: Toxapex\n|\n|upkeep\n|inactive|game18 has 120 seconds left.\n|\n|t:|1700110700\n|switch|p2a: Koraidon|Koraidon, tera:Fire|37\/100\n|-weather|SunnyDay|[from] ability: Orichalcum Pulse|[of] p2a: Koraidon\n|-activate|p2a: Koraidon|Orichalcum Pulse|[source]\n|turn|19\n|\n|t:|1700110714\n|move|p1a: Volcarona|Fiery Dance|p2a: Koraidon\n|-resisted|p2a: Koraidon\n|-damage|p2a: Koraidon|0 fnt\n|-boost|p1a: Volcarona|spa|1\n|faint|p2a: Koraidon\n|\n|-weather|SunnyDay|[upkeep]\n|-end|p1a: Volcarona|move: Taunt\n|upkeep\n|-message|game18 forfeited.\n|\n|win|PyroLancer69\n|n|\u2606PyroLancer69|pyrolancer69\n|n|\u2606game18|game18\n","uploadtime":1700110719,"views":5,"p1id":"pyrolancer69","p2id":"game18","formatid":"gen9ubers","rating":0,"private":0,"password":""}