{"id":"gen9ubers-1997448854","p1":"jdpapa23","p2":"sankeerthzx","format":"[Gen 9] Ubers","log":"|j|\u2606jdpapa23\n|j|\u2606sankeerthzx\n|t:|1700807099\n|gametype|singles\n|player|p1|jdpapa23|169|\n|player|p2|sankeerthzx|benga|\n|teamsize|p1|6\n|teamsize|p2|6\n|gen|9\n|tier|[Gen 9] Ubers\n|rule|Sleep Clause Mod: Limit one foe put to sleep\n|rule|Species Clause: Limit one of each Pok\u00e9mon\n|rule|OHKO Clause: OHKO moves are banned\n|rule|Evasion Items Clause: Evasion items are banned\n|rule|Evasion Moves Clause: Evasion moves are banned\n|rule|Endless Battle Clause: Forcing endless battles is banned\n|rule|HP Percentage Mod: HP is shown in percentages\n|clearpoke\n|poke|p1|Shaymin-Sky|\n|poke|p1|Cinderace, M|\n|poke|p1|Mimikyu, M|\n|poke|p1|Diancie|\n|poke|p1|Cyclizar, F|\n|poke|p1|Groudon|\n|poke|p2|Annihilape, M|\n|poke|p2|Rayquaza|\n|poke|p2|Zacian-*|\n|poke|p2|Kingambit, F|\n|poke|p2|Arceus-Ground|\n|poke|p2|Ursaluna-Bloodmoon, M|\n|teampreview\n|\n|t:|1700807105\n|start\n|switch|p1a: Cyclizar|Cyclizar, F|100\/100\n|switch|p2a: Annihilape|Annihilape, M|100\/100\n|turn|1\n|\n|t:|1700807122\n|move|p1a: Cyclizar|Shed Tail|p1a: Cyclizar\n|-start|p1a: Cyclizar|Substitute|[from] move: Shed Tail\n|-damage|p1a: Cyclizar|50\/100\n|\n|t:|1700807127\n|switch|p1a: Mimikyu|Mimikyu, M|100\/100|[from] Shed Tail\n|move|p2a: Annihilape|Metronome|p2a: Annihilape\n|move|p2a: Annihilape|Sweet Scent||[from]move: Metronome|[still]\n|-fail|p2a: Annihilape\n|\n|upkeep\n|turn|2\n|\n|t:|1700807137\n|move|p1a: Mimikyu|Swords Dance|p1a: Mimikyu\n|-boost|p1a: Mimikyu|atk|2\n|move|p2a: Annihilape|Rage Fist|p1a: Mimikyu\n|-supereffective|p1a: Mimikyu\n|-end|p1a: Mimikyu|Substitute\n|\n|upkeep\n|turn|3\n|\n|t:|1700807145\n|move|p1a: Mimikyu|Shadow Claw|p2a: Annihilape\n|-supereffective|p2a: Annihilape\n|-damage|p2a: Annihilape|0 fnt\n|faint|p2a: Annihilape\n|\n|upkeep\n|\n|t:|1700807154\n|switch|p2a: Ursaluna|Ursaluna-Bloodmoon, M|100\/100\n|turn|4\n|\n|t:|1700807161\n|move|p1a: Mimikyu|Play Rough|p2a: Ursaluna\n|-damage|p2a: Ursaluna|43\/100\n|move|p2a: Ursaluna|Blood Moon|p1a: Mimikyu\n|-activate|p1a: Mimikyu|ability: Disguise\n|-damage|p1a: Mimikyu|100\/100\n|detailschange|p1a: Mimikyu|Mimikyu-Busted, M\n|-damage|p1a: Mimikyu|88\/100|[from] pokemon: Mimikyu-Busted\n|\n|upkeep\n|turn|5\n|\n|t:|1700807176\n|move|p1a: Mimikyu|Play Rough|p2a: Ursaluna\n|-damage|p2a: Ursaluna|0 fnt\n|faint|p2a: Ursaluna\n|\n|upkeep\n|\n|t:|1700807180\n|switch|p2a: Kingambit|Kingambit, F, shiny|100\/100\n|-activate|p2a: Kingambit|ability: Supreme Overlord\n|-start|p2a: Kingambit|fallen2|[silent]\n|turn|6\n|\n|t:|1700807192\n|-terastallize|p1a: Mimikyu|Ghost\n|move|p1a: Mimikyu|Play Rough|p2a: Kingambit\n|-damage|p2a: Kingambit|38\/100\n|move|p2a: Kingambit|Swords Dance|p2a: Kingambit\n|-boost|p2a: Kingambit|atk|2\n|\n|upkeep\n|turn|7\n|\n|t:|1700807200\n|move|p1a: Mimikyu|Shadow Sneak|p2a: Kingambit\n|-resisted|p2a: Kingambit\n|-damage|p2a: Kingambit|18\/100\n|move|p2a: Kingambit|Sucker Punch||[still]\n|-fail|p2a: Kingambit\n|\n|upkeep\n|turn|8\n|\n|t:|1700807208\n|move|p2a: Kingambit|Sucker Punch|p1a: Mimikyu\n|-supereffective|p1a: Mimikyu\n|-damage|p1a: Mimikyu|0 fnt\n|faint|p1a: Mimikyu\n|\n|upkeep\n|\n|t:|1700807215\n|switch|p1a: Cyclizar|Cyclizar, F|84\/100\n|turn|9\n|\n|t:|1700807219\n|move|p1a: Cyclizar|Shed Tail|p1a: Cyclizar\n|-start|p1a: Cyclizar|Substitute|[from] move: Shed Tail\n|-damage|p1a: Cyclizar|34\/100\n|\n|t:|1700807226\n|switch|p1a: Shaymin|Shaymin-Sky|100\/100|[from] Shed Tail\n|move|p2a: Kingambit|Kowtow Cleave|p1a: Shaymin\n|-end|p1a: Shaymin|Substitute\n|\n|upkeep\n|turn|10\n|\n|t:|1700807234\n|move|p1a: Shaymin|Air Slash|p2a: Kingambit\n|-resisted|p2a: Kingambit\n|-damage|p2a: Kingambit|0 fnt\n|faint|p2a: Kingambit\n|-end|p2a: Kingambit|fallen2|[silent]\n|\n|upkeep\n|\n|t:|1700807247\n|switch|p2a: Zacian|Zacian-Crowned|100\/100\n|-ability|p2a: Zacian|Intrepid Sword|boost\n|-boost|p2a: Zacian|atk|1\n|turn|11\n|\n|t:|1700807254\n|switch|p1a: Diancie|Diancie|100\/100\n|move|p2a: Zacian|Behemoth Blade|p1a: Diancie\n|-supereffective|p1a: Diancie\n|-damage|p1a: Diancie|0 fnt\n|faint|p1a: Diancie\n|\n|upkeep\n|\n|t:|1700807262\n|switch|p1a: Cyclizar|Cyclizar, F|67\/100\n|turn|12\n|\n|t:|1700807266\n|move|p1a: Cyclizar|Shed Tail|p1a: Cyclizar\n|-start|p1a: Cyclizar|Substitute|[from] move: Shed Tail\n|-damage|p1a: Cyclizar|17\/100\n|\n|t:|1700807275\n|switch|p1a: Cinderace|Cinderace, M|100\/100|[from] Shed Tail\n|move|p2a: Zacian|Behemoth Blade|p1a: Cinderace\n|-resisted|p1a: Cinderace\n|-end|p1a: Cinderace|Substitute\n|\n|upkeep\n|turn|13\n|\n|t:|1700807289\n|switch|p2a: Arceus|Arceus-Ground|100\/100\n|move|p1a: Cinderace|Pyro Ball|p2a: Arceus|[miss]\n|-miss|p1a: Cinderace|p2a: Arceus\n|\n|upkeep\n|turn|14\n|\n|t:|1700807297\n|move|p1a: Cinderace|Taunt|p2a: Arceus\n|-start|p1a: Cinderace|typechange|Dark|[from] ability: Libero\n|-start|p2a: Arceus|move: Taunt\n|move|p2a: Arceus|Judgment|p1a: Cinderace\n|-damage|p1a: Cinderace|32\/100\n|\n|upkeep\n|turn|15\n|\n|t:|1700807305\n|move|p1a: Cinderace|Taunt||[still]\n|-fail|p1a: Cinderace\n|move|p2a: Arceus|Dragon Claw|p1a: Cinderace\n|-damage|p1a: Cinderace|0 fnt\n|faint|p1a: Cinderace\n|\n|upkeep\n|c|\u2606jdpapa23|what\n|\n|t:|1700807317\n|switch|p1a: Cyclizar|Cyclizar, F|50\/100\n|turn|16\n|c|\u2606sankeerthzx|what are you even doing\n|c|\u2606sankeerthzx|should i let you win?\n|c|\u2606jdpapa23|i didnt press that\n|\n|t:|1700807330\n|move|p1a: Cyclizar|Shed Tail|p1a: Cyclizar\n|-fail|p1a: Cyclizar|move: Shed Tail|[weak]\n|move|p2a: Arceus|Dragon Claw|p1a: Cyclizar\n|-supereffective|p1a: Cyclizar\n|-damage|p1a: Cyclizar|0 fnt\n|faint|p1a: Cyclizar\n|\n|-end|p2a: Arceus|move: Taunt\n|upkeep\n|c|\u2606sankeerthzx|yeha yeah\n|c|\u2606sankeerthzx|noob\n|\n|t:|1700807339\n|switch|p1a: Groudon|Groudon, shiny|100\/100\n|-weather|SunnyDay|[from] ability: Drought|[of] p1a: Groudon\n|turn|17\n|c|\u2606sankeerthzx|i went easy on you\n|c|\u2606jdpapa23|lol lies\n|c|\u2606sankeerthzx|tru\n|\n|t:|1700807357\n|move|p2a: Arceus|Swords Dance|p2a: Arceus\n|-boost|p2a: Arceus|atk|2\n|move|p1a: Groudon|Precipice Blades|p2a: Arceus\n|-damage|p2a: Arceus|48\/100\n|\n|-weather|SunnyDay|[upkeep]\n|upkeep\n|turn|18\n|c|\u2606sankeerthzx|you still bottled it\n|\n|t:|1700807369\n|move|p2a: Arceus|Extreme Speed|p1a: Groudon\n|-damage|p1a: Groudon|66\/100\n|move|p1a: Groudon|Precipice Blades|p2a: Arceus|[miss]\n|-miss|p1a: Groudon|p2a: Arceus\n|\n|-weather|SunnyDay|[upkeep]\n|-heal|p1a: Groudon|72\/100|[from] item: Leftovers\n|upkeep\n|turn|19\n|\n|t:|1700807378\n|move|p2a: Arceus|Judgment|p1a: Groudon\n|-damage|p1a: Groudon|24\/100\n|move|p1a: Groudon|Precipice Blades|p2a: Arceus\n|-damage|p2a: Arceus|0 fnt\n|faint|p2a: Arceus\n|\n|-weather|SunnyDay|[upkeep]\n|-heal|p1a: Groudon|30\/100|[from] item: Leftovers\n|upkeep\n|\n|t:|1700807383\n|switch|p2a: Zacian|Zacian-Crowned|100\/100\n|turn|20\n|\n|t:|1700807390\n|move|p2a: Zacian|Behemoth Blade|p1a: Groudon\n|-damage|p1a: Groudon|0 fnt\n|faint|p1a: Groudon\n|\n|-weather|SunnyDay|[upkeep]\n|upkeep\n|\n|t:|1700807397\n|switch|p1a: Shaymin|Shaymin-Sky|100\/100\n|turn|21\n|c|\u2606sankeerthzx|have some shame atleast\n|c|\u2606jdpapa23|nope\n|c|\u2606sankeerthzx|whenn asking for a rematch\n|c|\u2606sankeerthzx|lmao\n|\n|t:|1700807410\n|move|p2a: Zacian|Behemoth Blade|p1a: Shaymin\n|-damage|p1a: Shaymin|27\/100\n|move|p1a: Shaymin|Seed Flare|p2a: Zacian\n|-resisted|p2a: Zacian\n|-damage|p2a: Zacian|72\/100\n|-unboost|p2a: Zacian|spd|2\n|\n|-weather|none\n|upkeep\n|turn|22\n|c|\u2606sankeerthzx|ez bro\n|\n|t:|1700807420\n|move|p2a: Zacian|Behemoth Blade|p1a: Shaymin\n|-damage|p1a: Shaymin|0 fnt\n|faint|p1a: Shaymin\n|\n|win|sankeerthzx\n|c|\u2606sankeerthzx|too ez\n|l|\u2606jdpapa23\n|c|\u2606sankeerthzx|go home\n|l|\u2606sankeerthzx\n|j|\u2606sankeerthzx\n|player|p2|sankeerthzx|benga\n","uploadtime":1700807788,"views":6,"p1id":"jdpapa23","p2id":"sankeerthzx","formatid":"gen9ubers","rating":0,"private":0,"password":""}