{"id":"gen9ubers-1981350960","p1":"nimjaishot","p2":"la viuda alegre","format":"[Gen 9] Ubers","log":"|j|\u2606nimjaishot\n|j|\u2606la viuda alegre\n|t:|1698886437\n|gametype|singles\n|player|p1|nimjaishot|winona-gen6|1222\n|player|p2|la viuda alegre|teacher|1087\n|teamsize|p1|6\n|teamsize|p2|6\n|gen|9\n|tier|[Gen 9] Ubers\n|rated|\n|rule|Sleep Clause Mod: Limit one foe put to sleep\n|rule|Species Clause: Limit one of each Pok\u00e9mon\n|rule|OHKO Clause: OHKO moves are banned\n|rule|Evasion Items Clause: Evasion items are banned\n|rule|Evasion Moves Clause: Evasion moves are banned\n|rule|Endless Battle Clause: Forcing endless battles is banned\n|rule|HP Percentage Mod: HP is shown in percentages\n|clearpoke\n|poke|p1|Flutter Mane|\n|poke|p1|Zacian-*|\n|poke|p1|Ribombee, M|\n|poke|p1|Koraidon|\n|poke|p1|Chi-Yu|\n|poke|p1|Shaymin-Sky|\n|poke|p2|Flutter Mane|\n|poke|p2|Grimmsnarl, M|\n|poke|p2|Arceus|\n|poke|p2|Miraidon|\n|poke|p2|Hatterene, F|\n|poke|p2|Quagsire, F|\n|teampreview\n|inactive|Battle timer is ON: inactive players will automatically lose when time's up. (requested by la viuda alegre)\n|\n|t:|1698886449\n|start\n|switch|p1a: Ribombee|Ribombee, M|100\/100\n|switch|p2a: rebotitos|Hatterene, F, shiny|100\/100\n|turn|1\n|\n|t:|1698886456\n|switch|p1a: Zacian|Zacian-Crowned|100\/100\n|-ability|p1a: Zacian|Intrepid Sword|boost\n|-boost|p1a: Zacian|atk|1\n|move|p2a: rebotitos|Trick||[still]\n|-fail|p2a: rebotitos\n|\n|upkeep\n|turn|2\n|\n|t:|1698886464\n|switch|p2a: bicho pel\u00f3n|Quagsire, F|100\/100\n|move|p1a: Zacian|Swords Dance|p1a: Zacian\n|-boost|p1a: Zacian|atk|2\n|\n|upkeep\n|turn|3\n|\n|t:|1698886471\n|switch|p1a: Ribombee|Ribombee, M|100\/100\n|move|p2a: bicho pel\u00f3n|Counter||[still]\n|-fail|p2a: bicho pel\u00f3n\n|\n|upkeep\n|turn|4\n|\n|t:|1698886477\n|switch|p1a: Shaymin|Shaymin-Sky|100\/100\n|switch|p2a: rebotitos|Hatterene, F, shiny|100\/100\n|\n|upkeep\n|turn|5\n|\n|t:|1698886483\n|move|p1a: Shaymin|Seed Flare|p2a: rebotitos\n|-damage|p2a: rebotitos|11\/100\n|-unboost|p2a: rebotitos|spd|2\n|move|p2a: rebotitos|Mystical Fire|p1a: Shaymin\n|-supereffective|p1a: Shaymin\n|-damage|p1a: Shaymin|43\/100\n|-unboost|p1a: Shaymin|spa|1\n|\n|upkeep\n|turn|6\n|\n|t:|1698886492\n|move|p1a: Shaymin|Seed Flare|p2a: rebotitos\n|-damage|p2a: rebotitos|0 fnt\n|faint|p2a: rebotitos\n|\n|upkeep\n|\n|t:|1698886497\n|switch|p2a: no lo dejes crecer|Arceus|100\/100\n|turn|7\n|\n|t:|1698886501\n|move|p2a: no lo dejes crecer|Extreme Speed|p1a: Shaymin\n|-damage|p1a: Shaymin|0 fnt\n|faint|p1a: Shaymin\n|\n|upkeep\n|\n|t:|1698886504\n|switch|p1a: Ribombee|Ribombee, M|100\/100\n|turn|8\n|\n|t:|1698886511\n|move|p1a: Ribombee|Sticky Web|p2a: no lo dejes crecer\n|-sidestart|p2: la viuda alegre|move: Sticky Web\n|move|p2a: no lo dejes crecer|Cosmic Power|p2a: no lo dejes crecer\n|-boost|p2a: no lo dejes crecer|def|1\n|-boost|p2a: no lo dejes crecer|spd|1\n|\n|upkeep\n|turn|9\n|\n|t:|1698886516\n|move|p1a: Ribombee|Stun Spore|p2a: no lo dejes crecer\n|-status|p2a: no lo dejes crecer|par\n|move|p2a: no lo dejes crecer|Cosmic Power|p2a: no lo dejes crecer\n|-boost|p2a: no lo dejes crecer|def|1\n|-boost|p2a: no lo dejes crecer|spd|1\n|\n|upkeep\n|turn|10\n|\n|t:|1698886526\n|switch|p1a: Koraidon|Koraidon|100\/100\n|-weather|SunnyDay|[from] ability: Orichalcum Pulse|[of] p1a: Koraidon\n|-activate|p1a: Koraidon|Orichalcum Pulse|[source]\n|cant|p2a: no lo dejes crecer|par\n|\n|-weather|SunnyDay|[upkeep]\n|upkeep\n|turn|11\n|\n|t:|1698886534\n|move|p1a: Koraidon|Swords Dance|p1a: Koraidon\n|-boost|p1a: Koraidon|atk|2\n|move|p2a: no lo dejes crecer|Stored Power|p1a: Koraidon\n|-supereffective|p1a: Koraidon\n|-damage|p1a: Koraidon|53\/100\n|\n|-weather|SunnyDay|[upkeep]\n|upkeep\n|turn|12\n|\n|t:|1698886542\n|-terastallize|p2a: no lo dejes crecer|Poison\n|move|p1a: Koraidon|Low Kick|p2a: no lo dejes crecer\n|-resisted|p2a: no lo dejes crecer\n|-damage|p2a: no lo dejes crecer|70\/100 par\n|move|p2a: no lo dejes crecer|Stored Power|p1a: Koraidon\n|-supereffective|p1a: Koraidon\n|-damage|p1a: Koraidon|5\/100\n|\n|-weather|SunnyDay|[upkeep]\n|upkeep\n|turn|13\n|\n|t:|1698886555\n|move|p2a: no lo dejes crecer|Extreme Speed|p1a: Koraidon\n|-damage|p1a: Koraidon|0 fnt\n|faint|p1a: Koraidon\n|\n|-weather|SunnyDay|[upkeep]\n|upkeep\n|\n|t:|1698886560\n|switch|p1a: Flutter Mane|Flutter Mane|100\/100\n|-activate|p1a: Flutter Mane|ability: Protosynthesis\n|-start|p1a: Flutter Mane|protosynthesisspe\n|turn|14\n|\n|t:|1698886566\n|move|p1a: Flutter Mane|Psyshock|p2a: no lo dejes crecer\n|-supereffective|p2a: no lo dejes crecer\n|-damage|p2a: no lo dejes crecer|36\/100 par\n|-enditem|p2a: no lo dejes crecer|Weakness Policy\n|-boost|p2a: no lo dejes crecer|atk|2|[from] item: Weakness Policy\n|-boost|p2a: no lo dejes crecer|spa|2|[from] item: Weakness Policy\n|move|p2a: no lo dejes crecer|Recover|p2a: no lo dejes crecer\n|-heal|p2a: no lo dejes crecer|86\/100 par\n|\n|-weather|none\n|-end|p1a: Flutter Mane|Protosynthesis\n|upkeep\n|turn|15\n|-message|nimjaishot forfeited.\n|\n|win|la viuda alegre\n|raw|nimjaishot's rating: 1222 &rarr; <strong>1188<\/strong><br \/>(-34 for losing)\n|raw|la viuda alegre's rating: 1087 &rarr; <strong>1124<\/strong><br \/>(+37 for winning)\n|l|\u2606nimjaishot\n","uploadtime":1698886587,"views":6,"p1id":"nimjaishot","p2id":"laviudaalegre","formatid":"gen9ubers","rating":1124,"private":0,"password":""}