{"id":"gen9ubers-1975280994","p1":"Blake-Mamba","p2":"SadaShidz\ufe0f","format":"[Gen 9] Ubers","log":"|j|\u2606Blake-Mamba\n|j|\u2606SadaShidz\ufe0f\n|t:|1698176180\n|gametype|singles\n|player|p1|Blake-Mamba|juan|1232\n|player|p2|SadaShidz\ufe0f|sada-ai|1214\n|teamsize|p1|6\n|teamsize|p2|6\n|gen|9\n|tier|[Gen 9] Ubers\n|rated|\n|rule|Sleep Clause Mod: Limit one foe put to sleep\n|rule|Species Clause: Limit one of each Pok\u00e9mon\n|rule|OHKO Clause: OHKO moves are banned\n|rule|Evasion Items Clause: Evasion items are banned\n|rule|Evasion Moves Clause: Evasion moves are banned\n|rule|Endless Battle Clause: Forcing endless battles is banned\n|rule|HP Percentage Mod: HP is shown in percentages\n|clearpoke\n|poke|p1|Ogerpon-Hearthflame, F|\n|poke|p1|Vikavolt, F|\n|poke|p1|Kommo-o, M|\n|poke|p1|Ursaluna-Bloodmoon, M|\n|poke|p1|Yanmega, F|\n|poke|p1|Chandelure, F|\n|poke|p2|Ribombee, F|\n|poke|p2|Arceus-Ghost|\n|poke|p2|Ogerpon-Hearthflame, F|\n|poke|p2|Sinistcha-Masterpiece|\n|poke|p2|Ursaluna-Bloodmoon, M|\n|poke|p2|Flutter Mane|\n|teampreview\n|inactive|Battle timer is ON: inactive players will automatically lose when time's up. (requested by SadaShidz\ufe0f)\n|\n|t:|1698176193\n|start\n|switch|p1a: Vikavolt|Vikavolt, F|100\/100\n|switch|p2a: Mighty Bee|Ribombee, F, shiny|100\/100\n|turn|1\n|\n|t:|1698176199\n|move|p2a: Mighty Bee|Sticky Web|p1a: Vikavolt\n|-sidestart|p1: Blake-Mamba|move: Sticky Web\n|move|p1a: Vikavolt|Thunder|p2a: Mighty Bee\n|-damage|p2a: Mighty Bee|10\/100\n|\n|upkeep\n|turn|2\n|\n|t:|1698176208\n|move|p2a: Mighty Bee|Moonblast|p1a: Vikavolt\n|-damage|p1a: Vikavolt|62\/100\n|-unboost|p1a: Vikavolt|spa|1\n|move|p1a: Vikavolt|Sticky Web|p2a: Mighty Bee\n|-sidestart|p2: SadaShidz\ufe0f|move: Sticky Web\n|\n|upkeep\n|turn|3\n|\n|t:|1698176219\n|move|p2a: Mighty Bee|Moonblast|p1a: Vikavolt\n|-damage|p1a: Vikavolt|21\/100\n|-unboost|p1a: Vikavolt|spa|1\n|move|p1a: Vikavolt|Bug Buzz|p2a: Mighty Bee\n|-resisted|p2a: Mighty Bee\n|-damage|p2a: Mighty Bee|0 fnt\n|faint|p2a: Mighty Bee\n|\n|upkeep\n|\n|t:|1698176226\n|switch|p2a: Yamz|Arceus-Ghost, shiny|100\/100\n|-activate|p2a: Yamz|move: Sticky Web\n|-unboost|p2a: Yamz|spe|1\n|turn|4\n|\n|t:|1698176234\n|move|p2a: Yamz|Calm Mind|p2a: Yamz\n|-boost|p2a: Yamz|spa|1\n|-boost|p2a: Yamz|spd|1\n|move|p1a: Vikavolt|Thunder|p2a: Yamz\n|-damage|p2a: Yamz|86\/100\n|\n|upkeep\n|turn|5\n|\n|t:|1698176245\n|move|p2a: Yamz|Calm Mind|p2a: Yamz\n|-boost|p2a: Yamz|spa|1\n|-boost|p2a: Yamz|spd|1\n|move|p1a: Vikavolt|Thunder|p2a: Yamz|[miss]\n|-miss|p1a: Vikavolt|p2a: Yamz\n|\n|upkeep\n|turn|6\n|\n|t:|1698176252\n|move|p2a: Yamz|Judgment|p1a: Vikavolt\n|-damage|p1a: Vikavolt|0 fnt\n|faint|p1a: Vikavolt\n|\n|upkeep\n|\n|t:|1698176257\n|switch|p1a: Ursaluna|Ursaluna-Bloodmoon, M|100\/100\n|-activate|p1a: Ursaluna|move: Sticky Web\n|-unboost|p1a: Ursaluna|spe|1\n|turn|7\n|\n|t:|1698176262\n|move|p2a: Yamz|Focus Blast|p1a: Ursaluna|[miss]\n|-miss|p2a: Yamz|p1a: Ursaluna\n|move|p1a: Ursaluna|Calm Mind|p1a: Ursaluna\n|-boost|p1a: Ursaluna|spa|1\n|-boost|p1a: Ursaluna|spd|1\n|\n|upkeep\n|turn|8\n|\n|t:|1698176271\n|move|p2a: Yamz|Focus Blast|p1a: Ursaluna|[miss]\n|-miss|p2a: Yamz|p1a: Ursaluna\n|move|p1a: Ursaluna|Earth Power|p2a: Yamz\n|-damage|p2a: Yamz|62\/100\n|\n|upkeep\n|turn|9\n|c|\u2606SadaShidz\ufe0f|Lmao\n|\n|t:|1698176281\n|switch|p1a: Chandelure|Chandelure, F|100\/100\n|-activate|p1a: Chandelure|move: Sticky Web\n|-unboost|p1a: Chandelure|spe|1\n|move|p2a: Yamz|Focus Blast|p1a: Chandelure\n|-immune|p1a: Chandelure\n|\n|upkeep\n|turn|10\n|\n|t:|1698176290\n|move|p1a: Chandelure|Shadow Ball|p2a: Yamz\n|-supereffective|p2a: Yamz\n|-damage|p2a: Yamz|29\/100\n|move|p2a: Yamz|Judgment|p1a: Chandelure\n|-supereffective|p1a: Chandelure\n|-damage|p1a: Chandelure|0 fnt\n|faint|p1a: Chandelure\n|\n|upkeep\n|\n|t:|1698176298\n|switch|p1a: Ogerpon|Ogerpon-Hearthflame, F|100\/100\n|-activate|p1a: Ogerpon|move: Sticky Web\n|-unboost|p1a: Ogerpon|spe|1\n|-ability|p1a: Ogerpon|Mold Breaker\n|turn|11\n|\n|t:|1698176304\n|move|p2a: Yamz|Recover|p2a: Yamz\n|-heal|p2a: Yamz|79\/100\n|move|p1a: Ogerpon|Trailblaze|p2a: Yamz\n|-damage|p2a: Yamz|56\/100\n|-boost|p1a: Ogerpon|spe|1\n|\n|upkeep\n|turn|12\n|\n|t:|1698176313\n|-terastallize|p1a: Ogerpon|Fire\n|detailschange|p1a: Ogerpon|Ogerpon-Hearthflame-Tera, F, tera:Fire\n|-ability|p1a: Ogerpon|Embody Aspect (Hearthflame)|boost\n|-boost|p1a: Ogerpon|atk|1\n|move|p1a: Ogerpon|Ivy Cudgel|p2a: Yamz\n|-damage|p2a: Yamz|0 fnt\n|faint|p2a: Yamz\n|\n|upkeep\n|\n|t:|1698176320\n|switch|p2a: Ice Spice|Flutter Mane|100\/100\n|-activate|p2a: Ice Spice|move: Sticky Web\n|-unboost|p2a: Ice Spice|spe|1\n|turn|13\n|\n|t:|1698176325\n|move|p1a: Ogerpon|Ivy Cudgel|p2a: Ice Spice\n|-enditem|p2a: Ice Spice|Focus Sash\n|-damage|p2a: Ice Spice|1\/100\n|move|p2a: Ice Spice|Thunder Wave|p1a: Ogerpon\n|-status|p1a: Ogerpon|par\n|\n|upkeep\n|turn|14\n|\n|t:|1698176332\n|move|p2a: Ice Spice|Pain Split|p1a: Ogerpon\n|-sethp|p1a: Ogerpon|50\/100 par|[from] move: Pain Split|[silent]\n|-sethp|p2a: Ice Spice|61\/100|[from] move: Pain Split\n|move|p1a: Ogerpon|Trailblaze|p2a: Ice Spice\n|-damage|p2a: Ice Spice|0 fnt\n|-boost|p1a: Ogerpon|spe|1\n|faint|p2a: Ice Spice\n|-end|p2a: Ice Spice|Protosynthesis|[silent]\n|\n|upkeep\n|\n|t:|1698176345\n|switch|p2a: Fioni|Ogerpon-Hearthflame, F|100\/100\n|-activate|p2a: Fioni|move: Sticky Web\n|-unboost|p2a: Fioni|spe|1\n|-ability|p2a: Fioni|Mold Breaker\n|turn|15\n|\n|t:|1698176359\n|-terastallize|p2a: Fioni|Fire\n|detailschange|p2a: Fioni|Ogerpon-Hearthflame-Tera, F, tera:Fire\n|-ability|p2a: Fioni|Embody Aspect (Hearthflame)|boost\n|-boost|p2a: Fioni|atk|1\n|cant|p1a: Ogerpon|par\n|move|p2a: Fioni|Swords Dance|p2a: Fioni\n|-boost|p2a: Fioni|atk|2\n|\n|upkeep\n|turn|16\n|\n|t:|1698176369\n|move|p1a: Ogerpon|Ivy Cudgel|p2a: Fioni\n|-resisted|p2a: Fioni\n|-crit|p2a: Fioni\n|-damage|p2a: Fioni|0 fnt\n|faint|p2a: Fioni\n|\n|upkeep\n|c|\u2606SadaShidz\ufe0f|No way\n|\n|t:|1698176385\n|switch|p2a: Undead|Ursaluna-Bloodmoon, M|100\/100\n|-activate|p2a: Undead|move: Sticky Web\n|-unboost|p2a: Undead|spe|1\n|turn|17\n|\n|t:|1698176390\n|cant|p1a: Ogerpon|par\n|move|p2a: Undead|Blood Moon|p1a: Ogerpon\n|-damage|p1a: Ogerpon|0 fnt\n|faint|p1a: Ogerpon\n|\n|upkeep\n|\n|t:|1698176399\n|switch|p1a: Ursaluna|Ursaluna-Bloodmoon, M|100\/100\n|-activate|p1a: Ursaluna|move: Sticky Web\n|-unboost|p1a: Ursaluna|spe|1\n|turn|18\n|c|\u2606SadaShidz\ufe0f|I hate game\n|c|\u2606SadaShidz\ufe0f|This*\n|\n|t:|1698176413\n|switch|p2a: Sippin Green|Sinistcha-Masterpiece, shiny|100\/100\n|-activate|p2a: Sippin Green|move: Sticky Web\n|-unboost|p2a: Sippin Green|spe|1\n|move|p1a: Ursaluna|Calm Mind|p1a: Ursaluna\n|-boost|p1a: Ursaluna|spa|1\n|-boost|p1a: Ursaluna|spd|1\n|\n|upkeep\n|turn|19\n|\n|t:|1698176421\n|switch|p1a: Yanmega|Yanmega, F, shiny|100\/100\n|move|p2a: Sippin Green|Matcha Gotcha|p1a: Yanmega\n|-resisted|p1a: Yanmega\n|-damage|p1a: Yanmega|83\/100\n|-status|p1a: Yanmega|brn\n|\n|-damage|p1a: Yanmega|77\/100 brn|[from] brn\n|upkeep\n|turn|20\n|\n|t:|1698176431\n|move|p1a: Yanmega|Bug Buzz|p2a: Sippin Green\n|-damage|p2a: Sippin Green|46\/100\n|-enditem|p1a: Yanmega|Throat Spray\n|-boost|p1a: Yanmega|spa|1|[from] item: Throat Spray\n|move|p2a: Sippin Green|Shadow Ball|p1a: Yanmega\n|-damage|p1a: Yanmega|0 fnt\n|faint|p1a: Yanmega\n|\n|-heal|p2a: Sippin Green|52\/100|[from] item: Leftovers\n|upkeep\n|\n|t:|1698176442\n|switch|p1a: Kommo-o|Kommo-o, M|100\/100\n|-activate|p1a: Kommo-o|move: Sticky Web\n|-unboost|p1a: Kommo-o|spe|1\n|turn|21\n|\n|t:|1698176447\n|move|p1a: Kommo-o|Clangorous Soul|p1a: Kommo-o\n|-boost|p1a: Kommo-o|atk|1\n|-boost|p1a: Kommo-o|def|1\n|-boost|p1a: Kommo-o|spa|1\n|-boost|p1a: Kommo-o|spd|1\n|-boost|p1a: Kommo-o|spe|1\n|-damage|p1a: Kommo-o|68\/100\n|move|p2a: Sippin Green|Strength Sap|p1a: Kommo-o\n|-unboost|p1a: Kommo-o|atk|1\n|-heal|p2a: Sippin Green|100\/100\n|\n|-heal|p1a: Kommo-o|74\/100|[from] item: Leftovers\n|upkeep\n|turn|22\n|\n|t:|1698176461\n|move|p1a: Kommo-o|Outrage|p2a: Sippin Green\n|-damage|p2a: Sippin Green|41\/100\n|move|p2a: Sippin Green|Strength Sap|p1a: Kommo-o\n|-unboost|p1a: Kommo-o|atk|1\n|-heal|p2a: Sippin Green|100\/100\n|\n|-heal|p1a: Kommo-o|80\/100|[from] item: Leftovers\n|upkeep\n|turn|23\n|\n|t:|1698176471\n|move|p1a: Kommo-o|Outrage|p2a: Sippin Green|[from]lockedmove\n|-damage|p2a: Sippin Green|65\/100\n|-start|p1a: Kommo-o|confusion|[fatigue]\n|move|p2a: Sippin Green|Strength Sap|p1a: Kommo-o\n|-unboost|p1a: Kommo-o|atk|1\n|-heal|p2a: Sippin Green|100\/100\n|\n|-heal|p1a: Kommo-o|86\/100|[from] item: Leftovers\n|upkeep\n|turn|24\n|\n|t:|1698176484\n|-activate|p1a: Kommo-o|confusion\n|move|p1a: Kommo-o|Clangorous Soul|p1a: Kommo-o\n|-boost|p1a: Kommo-o|atk|1\n|-boost|p1a: Kommo-o|def|1\n|-boost|p1a: Kommo-o|spa|1\n|-boost|p1a: Kommo-o|spd|1\n|-boost|p1a: Kommo-o|spe|1\n|-damage|p1a: Kommo-o|54\/100\n|move|p2a: Sippin Green|Calm Mind|p2a: Sippin Green\n|-boost|p2a: Sippin Green|spa|1\n|-boost|p2a: Sippin Green|spd|1\n|\n|-heal|p1a: Kommo-o|60\/100|[from] item: Leftovers\n|upkeep\n|turn|25\n|\n|t:|1698176495\n|-activate|p1a: Kommo-o|confusion\n|-damage|p1a: Kommo-o|56\/100|[from] confusion\n|move|p2a: Sippin Green|Matcha Gotcha|p1a: Kommo-o|[miss]\n|-miss|p2a: Sippin Green|p1a: Kommo-o\n|\n|-heal|p1a: Kommo-o|62\/100|[from] item: Leftovers\n|upkeep\n|turn|26\n|\n|t:|1698176503\n|-activate|p1a: Kommo-o|confusion\n|move|p1a: Kommo-o|Iron Head|p2a: Sippin Green\n|-damage|p2a: Sippin Green|83\/100\n|move|p2a: Sippin Green|Matcha Gotcha|p1a: Kommo-o\n|-resisted|p1a: Kommo-o\n|-damage|p1a: Kommo-o|47\/100\n|-heal|p2a: Sippin Green|91\/100|[from] drain|[of] p1a: Kommo-o\n|\n|-heal|p1a: Kommo-o|54\/100|[from] item: Leftovers\n|-heal|p2a: Sippin Green|97\/100|[from] item: Leftovers\n|upkeep\n|turn|27\n|\n|t:|1698176513\n|-end|p1a: Kommo-o|confusion\n|move|p1a: Kommo-o|Iron Head|p2a: Sippin Green\n|-damage|p2a: Sippin Green|81\/100\n|cant|p2a: Sippin Green|flinch\n|\n|-heal|p1a: Kommo-o|60\/100|[from] item: Leftovers\n|-heal|p2a: Sippin Green|87\/100|[from] item: Leftovers\n|upkeep\n|turn|28\n|\n|t:|1698176528\n|switch|p1a: Ursaluna|Ursaluna-Bloodmoon, M|100\/100\n|-activate|p1a: Ursaluna|move: Sticky Web\n|-unboost|p1a: Ursaluna|spe|1\n|move|p2a: Sippin Green|Calm Mind|p2a: Sippin Green\n|-boost|p2a: Sippin Green|spa|1\n|-boost|p2a: Sippin Green|spd|1\n|\n|-heal|p2a: Sippin Green|94\/100|[from] item: Leftovers\n|upkeep\n|turn|29\n|\n|t:|1698176537\n|move|p2a: Sippin Green|Matcha Gotcha|p1a: Ursaluna|[miss]\n|-miss|p2a: Sippin Green|p1a: Ursaluna\n|move|p1a: Ursaluna|Calm Mind|p1a: Ursaluna\n|-boost|p1a: Ursaluna|spa|1\n|-boost|p1a: Ursaluna|spd|1\n|\n|-heal|p2a: Sippin Green|99\/100|[from] item: Leftovers\n|upkeep\n|turn|30\n|c|\u2606SadaShidz\ufe0f|Omg\n|\n|t:|1698176546\n|move|p2a: Sippin Green|Matcha Gotcha|p1a: Ursaluna\n|-supereffective|p1a: Ursaluna\n|-damage|p1a: Ursaluna|0 fnt\n|-heal|p2a: Sippin Green|100\/100|[from] drain|[of] p1a: Ursaluna\n|faint|p1a: Ursaluna\n|\n|upkeep\n|-message|Blake-Mamba forfeited.\n|\n|win|SadaShidz\ufe0f\n|raw|Blake-Mamba's rating: 1232 &rarr; <strong>1206<\/strong><br \/>(-26 for losing)\n|raw|SadaShidz\ufe0f's rating: 1214 &rarr; <strong>1240<\/strong><br \/>(+26 for winning)\n|l|\u2606Blake-Mamba\n","uploadtime":1698176554,"views":12,"p1id":"blakemamba","p2id":"sadashidz","formatid":"gen9ubers","rating":1206,"private":0,"password":""}