{"id":"gen9ubers-1997659198","p1":"Erick sebas","p2":"abxxx","format":"[Gen 9] Ubers","log":"|j|\u2606Erick sebas\n|j|\u2606abxxx\n|t:|1700838630\n|gametype|singles\n|player|p1|Erick sebas|palmer|1086\n|player|p2|abxxx|101|1000\n|teamsize|p1|6\n|teamsize|p2|6\n|gen|9\n|tier|[Gen 9] Ubers\n|rated|\n|rule|Sleep Clause Mod: Limit one foe put to sleep\n|rule|Species Clause: Limit one of each Pok\u00e9mon\n|rule|OHKO Clause: OHKO moves are banned\n|rule|Evasion Items Clause: Evasion items are banned\n|rule|Evasion Moves Clause: Evasion moves are banned\n|rule|Endless Battle Clause: Forcing endless battles is banned\n|rule|HP Percentage Mod: HP is shown in percentages\n|clearpoke\n|poke|p1|Skeledirge, M|\n|poke|p1|Oinkologne, M|\n|poke|p1|Cetitan, M|\n|poke|p1|Kingambit, M|\n|poke|p1|Iron Thorns|\n|poke|p1|Cyclizar, F|\n|poke|p2|Miraidon|\n|poke|p2|Sneasler, F|\n|poke|p2|Great Tusk|\n|poke|p2|Clefable, M|\n|poke|p2|Palafin, F|\n|poke|p2|Ceruledge, M|\n|teampreview\n|\n|t:|1700838638\n|start\n|switch|p1a: Cyclizar|Cyclizar, F|100\/100\n|switch|p2a: Clefable|Clefable, M|100\/100\n|turn|1\n|\n|t:|1700838646\n|move|p1a: Cyclizar|Taunt|p2a: Clefable\n|-start|p2a: Clefable|move: Taunt\n|cant|p2a: Clefable|move: Taunt|Stealth Rock\n|\n|upkeep\n|turn|2\n|\n|t:|1700838657\n|switch|p2a: Palafin|Palafin, F|100\/100\n|move|p1a: Cyclizar|Knock Off|p2a: Palafin\n|-damage|p2a: Palafin|70\/100\n|-enditem|p2a: Palafin|Mystic Water|[from] move: Knock Off|[of] p1a: Cyclizar\n|\n|upkeep\n|turn|3\n|\n|t:|1700838667\n|move|p1a: Cyclizar|Rapid Spin|p2a: Palafin\n|-damage|p2a: Palafin|47\/100\n|-boost|p1a: Cyclizar|spe|1\n|move|p2a: Palafin|Flip Turn|p1a: Cyclizar\n|-resisted|p1a: Cyclizar\n|-damage|p1a: Cyclizar|87\/100\n|\n|t:|1700838679\n|detailschange|p2a: Palafin|Palafin-Hero, F\n|switch|p2a: Sneasler|Sneasler, F|100\/100|[from] Flip Turn\n|\n|upkeep\n|turn|4\n|\n|t:|1700838689\n|move|p1a: Cyclizar|Knock Off|p2a: Sneasler\n|-resisted|p2a: Sneasler\n|-damage|p2a: Sneasler|80\/100\n|-enditem|p2a: Sneasler|Focus Sash|[from] move: Knock Off|[of] p1a: Cyclizar\n|move|p2a: Sneasler|Swords Dance|p2a: Sneasler\n|-boost|p2a: Sneasler|atk|2\n|\n|upkeep\n|turn|5\n|\n|t:|1700838718\n|move|p2a: Sneasler|Dire Claw|p1a: Cyclizar\n|-damage|p1a: Cyclizar|0 fnt\n|faint|p1a: Cyclizar\n|\n|upkeep\n|\n|t:|1700838723\n|switch|p1a: Skeledirge|Skeledirge, M|100\/100\n|turn|6\n|\n|t:|1700838730\n|move|p2a: Sneasler|Dire Claw|p1a: Skeledirge\n|-resisted|p1a: Skeledirge\n|-damage|p1a: Skeledirge|81\/100\n|-status|p1a: Skeledirge|par\n|cant|p1a: Skeledirge|par\n|\n|upkeep\n|turn|7\n|\n|t:|1700838748\n|switch|p2a: Clefable|Clefable, M|100\/100\n|cant|p1a: Skeledirge|par\n|\n|upkeep\n|turn|8\n|\n|t:|1700838754\n|move|p2a: Clefable|Stealth Rock|p1a: Skeledirge\n|-sidestart|p1: Erick sebas|move: Stealth Rock\n|move|p1a: Skeledirge|Torch Song|p2a: Clefable\n|-damage|p2a: Clefable|74\/100\n|-boost|p1a: Skeledirge|spa|1\n|-enditem|p1a: Skeledirge|Throat Spray\n|-boost|p1a: Skeledirge|spa|1|[from] item: Throat Spray\n|\n|upkeep\n|turn|9\n|\n|t:|1700838783\n|move|p2a: Clefable|Moonblast|p1a: Skeledirge\n|-resisted|p1a: Skeledirge\n|-crit|p1a: Skeledirge\n|-damage|p1a: Skeledirge|57\/100 par\n|move|p1a: Skeledirge|Torch Song|p2a: Clefable\n|-damage|p2a: Clefable|48\/100\n|-boost|p1a: Skeledirge|spa|1\n|\n|upkeep\n|turn|10\n|\n|t:|1700838792\n|move|p2a: Clefable|Moonlight|p2a: Clefable\n|-heal|p2a: Clefable|98\/100\n|move|p1a: Skeledirge|Torch Song|p2a: Clefable\n|-damage|p2a: Clefable|71\/100\n|-boost|p1a: Skeledirge|spa|1\n|\n|upkeep\n|turn|11\n|\n|t:|1700838801\n|move|p2a: Clefable|Moonblast|p1a: Skeledirge\n|-resisted|p1a: Skeledirge\n|-damage|p1a: Skeledirge|41\/100 par\n|-unboost|p1a: Skeledirge|spa|1\n|move|p1a: Skeledirge|Torch Song|p2a: Clefable\n|-damage|p2a: Clefable|46\/100\n|-boost|p1a: Skeledirge|spa|1\n|\n|upkeep\n|turn|12\n|\n|t:|1700838814\n|move|p2a: Clefable|Moonlight|p2a: Clefable\n|-heal|p2a: Clefable|96\/100\n|cant|p1a: Skeledirge|par\n|\n|upkeep\n|turn|13\n|\n|t:|1700838819\n|move|p2a: Clefable|Moonblast|p1a: Skeledirge\n|-resisted|p1a: Skeledirge\n|-damage|p1a: Skeledirge|23\/100 par\n|move|p1a: Skeledirge|Shadow Ball|p2a: Clefable\n|-damage|p2a: Clefable|69\/100\n|-unboost|p2a: Clefable|spd|1\n|\n|upkeep\n|turn|14\n|\n|t:|1700838831\n|move|p2a: Clefable|Moonblast|p1a: Skeledirge\n|-resisted|p1a: Skeledirge\n|-damage|p1a: Skeledirge|7\/100 par\n|move|p1a: Skeledirge|Slack Off|p1a: Skeledirge\n|-heal|p1a: Skeledirge|57\/100 par\n|\n|upkeep\n|turn|15\n|\n|t:|1700838839\n|move|p2a: Clefable|Moonlight|p2a: Clefable\n|-heal|p2a: Clefable|100\/100\n|move|p1a: Skeledirge|Torch Song|p2a: Clefable\n|-crit|p2a: Clefable\n|-damage|p2a: Clefable|62\/100\n|-boost|p1a: Skeledirge|spa|1\n|\n|upkeep\n|turn|16\n|\n|t:|1700838848\n|move|p2a: Clefable|Moonblast|p1a: Skeledirge\n|-resisted|p1a: Skeledirge\n|-damage|p1a: Skeledirge|42\/100 par\n|move|p1a: Skeledirge|Shadow Ball|p2a: Clefable\n|-damage|p2a: Clefable|37\/100\n|-unboost|p2a: Clefable|spd|1\n|\n|upkeep\n|turn|17\n|\n|t:|1700838859\n|move|p2a: Clefable|Moonlight|p2a: Clefable\n|-heal|p2a: Clefable|87\/100\n|move|p1a: Skeledirge|Slack Off|p1a: Skeledirge\n|-heal|p1a: Skeledirge|92\/100 par\n|\n|upkeep\n|turn|18\n|\n|t:|1700838867\n|move|p2a: Clefable|Moonblast|p1a: Skeledirge\n|-resisted|p1a: Skeledirge\n|-damage|p1a: Skeledirge|77\/100 par\n|cant|p1a: Skeledirge|par\n|\n|upkeep\n|turn|19\n|\n|t:|1700838874\n|move|p2a: Clefable|Moonblast|p1a: Skeledirge\n|-resisted|p1a: Skeledirge\n|-damage|p1a: Skeledirge|61\/100 par\n|move|p1a: Skeledirge|Torch Song|p2a: Clefable\n|-damage|p2a: Clefable|62\/100\n|-boost|p1a: Skeledirge|spa|1\n|\n|upkeep\n|turn|20\n|\n|t:|1700838884\n|move|p2a: Clefable|Moonblast|p1a: Skeledirge\n|-resisted|p1a: Skeledirge\n|-damage|p1a: Skeledirge|44\/100 par\n|cant|p1a: Skeledirge|par\n|\n|upkeep\n|turn|21\n|\n|t:|1700838893\n|switch|p2a: Great Tusk|Great Tusk|100\/100\n|move|p1a: Skeledirge|Shadow Ball|p2a: Great Tusk\n|-damage|p2a: Great Tusk|0 fnt\n|faint|p2a: Great Tusk\n|-end|p2a: Great Tusk|Protosynthesis|[silent]\n|\n|upkeep\n|\n|t:|1700838902\n|switch|p2a: Palafin|Palafin-Hero, F|47\/100\n|-activate|p2a: Palafin|ability: Zero to Hero\n|turn|22\n|\n|t:|1700838909\n|move|p2a: Palafin|Flip Turn|p1a: Skeledirge\n|-supereffective|p1a: Skeledirge\n|-damage|p1a: Skeledirge|0 fnt\n|faint|p1a: Skeledirge\n|\n|t:|1700838918\n|switch|p2a: Sneasler|Sneasler, F|80\/100|[from] Flip Turn\n|\n|upkeep\n|\n|t:|1700838930\n|switch|p1a: Iron Thorns|Iron Thorns|100\/100\n|-damage|p1a: Iron Thorns|88\/100|[from] Stealth Rock\n|-enditem|p1a: Iron Thorns|Booster Energy\n|-activate|p1a: Iron Thorns|ability: Quark Drive|[fromitem]\n|-start|p1a: Iron Thorns|quarkdriveatk\n|turn|23\n|\n|t:|1700838956\n|-terastallize|p1a: Iron Thorns|Flying\n|move|p2a: Sneasler|Close Combat|p1a: Iron Thorns\n|-resisted|p1a: Iron Thorns\n|-damage|p1a: Iron Thorns|65\/100\n|-unboost|p2a: Sneasler|def|1\n|-unboost|p2a: Sneasler|spd|1\n|move|p1a: Iron Thorns|Thunder Punch|p2a: Sneasler\n|-damage|p2a: Sneasler|0 fnt\n|faint|p2a: Sneasler\n|\n|upkeep\n|\n|t:|1700838967\n|switch|p2a: Miraidon|Miraidon|100\/100\n|-fieldstart|move: Electric Terrain|[from] ability: Hadron Engine|[of] p2a: Miraidon\n|turn|24\n|\n|t:|1700838978\n|move|p2a: Miraidon|Electro Drift|p1a: Iron Thorns\n|-supereffective|p1a: Iron Thorns\n|-damage|p1a: Iron Thorns|0 fnt\n|faint|p1a: Iron Thorns\n|-end|p1a: Iron Thorns|Quark Drive|[silent]\n|\n|upkeep\n|\n|t:|1700838984\n|switch|p1a: Cetitan|Cetitan, M|100\/100\n|turn|25\n|\n|t:|1700838991\n|switch|p2a: Clefable|Clefable, M|62\/100\n|move|p1a: Cetitan|Icicle Crash|p2a: Clefable\n|-damage|p2a: Clefable|5\/100\n|\n|upkeep\n|turn|26\n|\n|t:|1700839004\n|switch|p2a: Ceruledge|Ceruledge, M|100\/100\n|-enditem|p2a: Ceruledge|Electric Seed\n|-boost|p2a: Ceruledge|def|1|[from] item: Electric Seed\n|move|p1a: Cetitan|Icicle Crash|p2a: Ceruledge\n|-resisted|p2a: Ceruledge\n|-damage|p2a: Ceruledge|74\/100\n|-ability|p2a: Ceruledge|Weak Armor|boost\n|-unboost|p2a: Ceruledge|def|1\n|-boost|p2a: Ceruledge|spe|2\n|\n|upkeep\n|turn|27\n|\n|t:|1700839016\n|move|p2a: Ceruledge|Bitter Blade|p1a: Cetitan\n|-supereffective|p1a: Cetitan\n|-damage|p1a: Cetitan|12\/100\n|-heal|p2a: Ceruledge|100\/100|[from] drain|[of] p1a: Cetitan\n|move|p1a: Cetitan|Earthquake|p2a: Ceruledge\n|-supereffective|p2a: Ceruledge\n|-damage|p2a: Ceruledge|6\/100\n|-ability|p2a: Ceruledge|Weak Armor|boost\n|-unboost|p2a: Ceruledge|def|1\n|-boost|p2a: Ceruledge|spe|2\n|\n|upkeep\n|turn|28\n|\n|t:|1700839027\n|move|p2a: Ceruledge|Bitter Blade|p1a: Cetitan\n|-supereffective|p1a: Cetitan\n|-damage|p1a: Cetitan|0 fnt\n|-heal|p2a: Ceruledge|15\/100|[from] drain|[of] p1a: Cetitan\n|faint|p1a: Cetitan\n|\n|-fieldend|move: Electric Terrain\n|upkeep\n|\n|t:|1700839034\n|switch|p1a: puerkisimochancho|Oinkologne, M|100\/100\n|-damage|p1a: puerkisimochancho|88\/100|[from] Stealth Rock\n|turn|29\n|\n|t:|1700839041\n|move|p2a: Ceruledge|Destiny Bond|p2a: Ceruledge\n|-singlemove|p2a: Ceruledge|Destiny Bond\n|move|p1a: puerkisimochancho|Play Rough|p2a: Ceruledge\n|-resisted|p2a: Ceruledge\n|-damage|p2a: Ceruledge|0 fnt\n|faint|p2a: Ceruledge\n|-activate|p2a: Ceruledge|move: Destiny Bond\n|faint|p1a: puerkisimochancho\n|\n|upkeep\n|\n|t:|1700839067\n|switch|p2a: Clefable|Clefable, M|5\/100\n|switch|p1a: Kingambit|Kingambit, M|100\/100\n|-damage|p1a: Kingambit|94\/100|[from] Stealth Rock\n|-activate|p1a: Kingambit|ability: Supreme Overlord\n|-start|p1a: Kingambit|fallen5|[silent]\n|turn|30\n|\n|t:|1700839074\n|move|p2a: Clefable|Healing Wish|p2a: Clefable\n|faint|p2a: Clefable\n|move|p1a: Kingambit|Iron Head|p2: Clefable|[notarget]\n|-fail|p1a: Kingambit\n|\n|upkeep\n|\n|t:|1700839079\n|switch|p2a: Palafin|Palafin-Hero, F|47\/100\n|-heal|p2a: Palafin|100\/100|[from] move: Healing Wish\n|turn|31\n|\n|t:|1700839085\n|move|p1a: Kingambit|Sucker Punch|p2a: Palafin\n|-damage|p2a: Palafin|34\/100\n|move|p2a: Palafin|Close Combat|p1a: Kingambit\n|-supereffective|p1a: Kingambit\n|-damage|p1a: Kingambit|0 fnt\n|-unboost|p2a: Palafin|def|1\n|-unboost|p2a: Palafin|spd|1\n|faint|p1a: Kingambit\n|-end|p1a: Kingambit|fallen5|[silent]\n|\n|win|abxxx\n|raw|Erick sebas's rating: 1086 &rarr; <strong>1058<\/strong><br \/>(-28 for losing)\n|raw|abxxx's rating: 1000 &rarr; <strong>1050<\/strong><br \/>(+50 for winning)\n|l|\u2606Erick sebas\n","uploadtime":1700839099,"views":14,"p1id":"ericksebas","p2id":"abxxx","formatid":"gen9ubers","rating":1050,"private":0,"password":""}