{"id":"gen9ubers-1991723780","p1":"Pie Smells Good","p2":"skimmythegod","format":"[Gen 9] Ubers","log":"|j|\u2606Pie Smells Good\n|j|\u2606skimmythegod\n|t:|1700107178\n|gametype|singles\n|player|p1|Pie Smells Good|170|\n|player|p2|skimmythegod|#uplximelmetal|\n|teamsize|p1|6\n|teamsize|p2|6\n|gen|9\n|tier|[Gen 9] Ubers\n|rated|Tournament battle\n|rule|Sleep Clause Mod: Limit one foe put to sleep\n|rule|Species Clause: Limit one of each Pok\u00e9mon\n|rule|OHKO Clause: OHKO moves are banned\n|rule|Evasion Items Clause: Evasion items are banned\n|rule|Evasion Moves Clause: Evasion moves are banned\n|rule|Endless Battle Clause: Forcing endless battles is banned\n|rule|HP Percentage Mod: HP is shown in percentages\n|clearpoke\n|poke|p1|Iron Treads|\n|poke|p1|Giratina|\n|poke|p1|Volcanion|\n|poke|p1|Koraidon|\n|poke|p1|Landorus, M|\n|poke|p1|Zacian-*|\n|poke|p2|Kyogre|\n|poke|p2|Zacian-*|\n|poke|p2|Ting-Lu|\n|poke|p2|Giratina-Origin|\n|poke|p2|Arceus-Ground|\n|poke|p2|Miraidon|\n|teampreview\n|inactive|Battle timer is ON: inactive players will automatically lose when time's up. (requested by skimmythegod)\n|c|\u2606Pie Smells Good|glhf\n|\n|t:|1700107186\n|start\n|switch|p1a: Taco Bell|Volcanion|100\/100\n|switch|p2a: Kyogre|Kyogre|100\/100\n|-weather|RainDance|[from] ability: Drizzle|[of] p2a: Kyogre\n|turn|1\n|\n|t:|1700107197\n|-terastallize|p1a: Taco Bell|Ground\n|move|p2a: Kyogre|Thunder|p1a: Taco Bell\n|-immune|p1a: Taco Bell\n|move|p1a: Taco Bell|Will-O-Wisp|p2a: Kyogre\n|-status|p2a: Kyogre|brn\n|\n|-weather|RainDance|[upkeep]\n|-damage|p2a: Kyogre|94\/100 brn|[from] brn\n|upkeep\n|turn|2\n|j| Ban Miraidon\n|inactive|skimmythegod has 120 seconds left.\n|\n|t:|1700107244\n|switch|p2a: Miraidon|Miraidon|100\/100\n|-fieldstart|move: Electric Terrain|[from] ability: Hadron Engine|[of] p2a: Miraidon\n|switch|p1a: Elon Tusk|Iron Treads, shiny|100\/100\n|-activate|p1a: Elon Tusk|ability: Quark Drive\n|-start|p1a: Elon Tusk|quarkdrivespe\n|\n|-weather|RainDance|[upkeep]\n|upkeep\n|turn|3\n|\n|t:|1700107263\n|switch|p2a: Giratina|Giratina-Origin|100\/100\n|move|p1a: Elon Tusk|Knock Off|p2a: Giratina\n|-supereffective|p2a: Giratina\n|-damage|p2a: Giratina|81\/100\n|\n|-weather|RainDance|[upkeep]\n|upkeep\n|turn|4\n|\n|t:|1700107271\n|move|p1a: Elon Tusk|Stealth Rock|p2a: Giratina\n|-sidestart|p2: skimmythegod|move: Stealth Rock\n|move|p2a: Giratina|Will-O-Wisp|p1a: Elon Tusk\n|-status|p1a: Elon Tusk|brn\n|\n|-weather|RainDance|[upkeep]\n|-damage|p1a: Elon Tusk|94\/100 brn|[from] brn\n|upkeep\n|turn|5\n|\n|t:|1700107280\n|move|p1a: Elon Tusk|Volt Switch|p2a: Giratina\n|-resisted|p2a: Giratina\n|-damage|p2a: Giratina|76\/100\n|\n|t:|1700107286\n|-end|p1a: Elon Tusk|Quark Drive|[silent]\n|switch|p1a: Taco Bell|Volcanion, tera:Ground|100\/100|[from] Volt Switch\n|move|p2a: Giratina|Defog|p1a: Taco Bell\n|-unboost|p1a: Taco Bell|evasion|1\n|-sideend|p2: skimmythegod|Stealth Rock|[from] move: Defog|[of] p2a: Giratina\n|-fieldend|move: Electric Terrain\n|\n|-weather|none\n|upkeep\n|turn|6\n|\n|t:|1700107296\n|move|p2a: Giratina|Will-O-Wisp|p1a: Taco Bell\n|-status|p1a: Taco Bell|brn\n|move|p1a: Taco Bell|Will-O-Wisp|p2a: Giratina\n|-status|p2a: Giratina|brn\n|\n|-damage|p2a: Giratina|70\/100 brn|[from] brn\n|-damage|p1a: Taco Bell|94\/100 brn|[from] brn\n|upkeep\n|turn|7\n|\n|t:|1700107311\n|move|p2a: Giratina|Hex|p1a: Taco Bell\n|-damage|p1a: Taco Bell|37\/100 brn\n|move|p1a: Taco Bell|Taunt|p2a: Giratina\n|-start|p2a: Giratina|move: Taunt\n|\n|-damage|p2a: Giratina|64\/100 brn|[from] brn\n|-damage|p1a: Taco Bell|31\/100 brn|[from] brn\n|upkeep\n|turn|8\n|j| Henri's Imouto\n|\n|t:|1700107330\n|switch|p1a: Koraidon|Koraidon|100\/100\n|-weather|SunnyDay|[from] ability: Orichalcum Pulse|[of] p1a: Koraidon\n|-activate|p1a: Koraidon|Orichalcum Pulse|[source]\n|move|p2a: Giratina|Hex|p1a: Koraidon\n|-damage|p1a: Koraidon|66\/100\n|\n|-weather|SunnyDay|[upkeep]\n|-damage|p2a: Giratina|58\/100 brn|[from] brn\n|upkeep\n|turn|9\n|c| Ban Miraidon|great BO team skimmythegod\n|inactive|skimmythegod has 120 seconds left.\n|c|\u2606skimmythegod|wheres my korai switch bro\n|\n|t:|1700107362\n|switch|p2a: Arceus|Arceus-Ground|100\/100\n|move|p1a: Koraidon|Flare Blitz|p2a: Arceus\n|-damage|p2a: Arceus|56\/100\n|-damage|p1a: Koraidon|47\/100|[from] Recoil\n|\n|-weather|SunnyDay|[upkeep]\n|upkeep\n|turn|10\n|c|\u2606skimmythegod|atleast this isnt 2hkod\n|\n|t:|1700107372\n|switch|p1a: Landorus|Landorus, M|100\/100\n|move|p2a: Arceus|Recover|p2a: Arceus\n|-heal|p2a: Arceus|100\/100\n|\n|-weather|SunnyDay|[upkeep]\n|upkeep\n|turn|11\n|\n|t:|1700107379\n|move|p1a: Landorus|Grass Knot|p2a: Arceus\n|-supereffective|p2a: Arceus\n|-damage|p2a: Arceus|31\/100\n|-damage|p1a: Landorus|91\/100|[from] item: Life Orb\n|move|p2a: Arceus|Ice Beam|p1a: Landorus\n|-supereffective|p1a: Landorus\n|-damage|p1a: Landorus|0 fnt\n|faint|p1a: Landorus\n|\n|-weather|SunnyDay|[upkeep]\n|upkeep\n|c|\u2606skimmythegod|ok ggs\n|\n|t:|1700107396\n|switch|p1a: Zacian|Zacian-Crowned|100\/100\n|-ability|p1a: Zacian|Intrepid Sword|boost\n|-boost|p1a: Zacian|atk|1\n|turn|12\n|\n|t:|1700107408\n|switch|p2a: Ting-Lu|Ting-Lu|100\/100\n|-ability|p2a: Ting-Lu|Vessel of Ruin\n|move|p1a: Zacian|Play Rough|p2a: Ting-Lu\n|-supereffective|p2a: Ting-Lu\n|-damage|p2a: Ting-Lu|21\/100\n|\n|-weather|none\n|-heal|p2a: Ting-Lu|27\/100|[from] item: Leftovers\n|upkeep\n|turn|13\n|\n|t:|1700107418\n|move|p1a: Zacian|Play Rough|p2a: Ting-Lu\n|-supereffective|p2a: Ting-Lu\n|-damage|p2a: Ting-Lu|0 fnt\n|faint|p2a: Ting-Lu\n|\n|upkeep\n|j|%Taka\n|\n|t:|1700107422\n|switch|p2a: Kyogre|Kyogre|94\/100 brn\n|-weather|RainDance|[from] ability: Drizzle|[of] p2a: Kyogre\n|turn|14\n|\n|t:|1700107427\n|switch|p1a: Taco Bell|Volcanion, tera:Ground|31\/100 brn\n|move|p2a: Kyogre|Water Spout|p1a: Taco Bell\n|-heal|p1a: Taco Bell|56\/100 brn|[from] ability: Water Absorb|[of] p2a: Kyogre\n|\n|-weather|RainDance|[upkeep]\n|-damage|p2a: Kyogre|88\/100 brn|[from] brn\n|-damage|p1a: Taco Bell|50\/100 brn|[from] brn\n|upkeep\n|turn|15\n|c| Ban Miraidon|i can't believe i lost to someone who had no arc's tho\n|\n|t:|1700107437\n|switch|p2a: Giratina|Giratina-Origin|58\/100 brn\n|move|p1a: Taco Bell|Steam Eruption|p2a: Giratina\n|-resisted|p2a: Giratina\n|-damage|p2a: Giratina|33\/100 brn\n|\n|-weather|RainDance|[upkeep]\n|-damage|p2a: Giratina|27\/100 brn|[from] brn\n|-damage|p1a: Taco Bell|44\/100 brn|[from] brn\n|upkeep\n|turn|16\n|\n|t:|1700107445\n|move|p2a: Giratina|Hex|p1a: Taco Bell\n|-damage|p1a: Taco Bell|0 fnt\n|faint|p1a: Taco Bell\n|\n|-weather|RainDance|[upkeep]\n|-damage|p2a: Giratina|21\/100 brn|[from] brn\n|upkeep\n|\n|t:|1700107451\n|switch|p1a: Zacian|Zacian-Crowned|100\/100\n|turn|17\n|\n|t:|1700107460\n|move|p1a: Zacian|Play Rough|p2a: Giratina\n|-supereffective|p2a: Giratina\n|-damage|p2a: Giratina|0 fnt\n|faint|p2a: Giratina\n|\n|-weather|RainDance|[upkeep]\n|upkeep\n|\n|t:|1700107466\n|switch|p2a: Zacian|Zacian-Crowned, shiny|100\/100\n|-ability|p2a: Zacian|Intrepid Sword|boost\n|-boost|p2a: Zacian|atk|1\n|turn|18\n|\n|t:|1700107475\n|switch|p1a: Red Eye|Giratina|100\/100\n|-ability|p1a: Red Eye|Pressure\n|move|p2a: Zacian|Behemoth Blade|p1a: Red Eye\n|-damage|p1a: Red Eye|52\/100\n|\n|-weather|none\n|-heal|p1a: Red Eye|58\/100|[from] item: Leftovers\n|upkeep\n|turn|19\n|\n|t:|1700107484\n|move|p2a: Zacian|Play Rough|p1a: Red Eye\n|-supereffective|p1a: Red Eye\n|-damage|p1a: Red Eye|0 fnt\n|faint|p1a: Red Eye\n|\n|upkeep\n|\n|t:|1700107489\n|switch|p1a: Koraidon|Koraidon|47\/100\n|-weather|SunnyDay|[from] ability: Orichalcum Pulse|[of] p1a: Koraidon\n|-activate|p1a: Koraidon|Orichalcum Pulse|[source]\n|turn|20\n|\n|t:|1700107495\n|move|p1a: Koraidon|Flare Blitz|p2a: Zacian\n|-supereffective|p2a: Zacian\n|-damage|p2a: Zacian|0 fnt\n|faint|p2a: Zacian\n|-damage|p1a: Koraidon|16\/100|[from] Recoil\n|\n|-weather|SunnyDay|[upkeep]\n|upkeep\n|\n|t:|1700107498\n|switch|p2a: Kyogre|Kyogre|88\/100 brn\n|-weather|RainDance|[from] ability: Drizzle|[of] p2a: Kyogre\n|turn|21\n|\n|t:|1700107509\n|switch|p1a: Elon Tusk|Iron Treads, shiny|94\/100 brn\n|switch|p2a: Arceus|Arceus-Ground|31\/100\n|\n|-weather|RainDance|[upkeep]\n|-damage|p1a: Elon Tusk|88\/100 brn|[from] brn\n|upkeep\n|turn|22\n|\n|t:|1700107520\n|move|p1a: Elon Tusk|Knock Off|p2a: Arceus\n|-damage|p2a: Arceus|26\/100\n|move|p2a: Arceus|Recover|p2a: Arceus\n|-heal|p2a: Arceus|76\/100\n|\n|-weather|RainDance|[upkeep]\n|-damage|p1a: Elon Tusk|82\/100 brn|[from] brn\n|upkeep\n|turn|23\n|\n|t:|1700107527\n|move|p1a: Elon Tusk|Stealth Rock|p2a: Arceus\n|-sidestart|p2: skimmythegod|move: Stealth Rock\n|move|p2a: Arceus|Recover|p2a: Arceus\n|-heal|p2a: Arceus|100\/100\n|\n|-weather|RainDance|[upkeep]\n|-damage|p1a: Elon Tusk|75\/100 brn|[from] brn\n|upkeep\n|turn|24\n|\n|t:|1700107533\n|move|p1a: Elon Tusk|Knock Off|p2a: Arceus\n|-damage|p2a: Arceus|96\/100\n|move|p2a: Arceus|Stealth Rock|p1a: Elon Tusk\n|-sidestart|p1: Pie Smells Good|move: Stealth Rock\n|\n|-weather|RainDance|[upkeep]\n|-damage|p1a: Elon Tusk|69\/100 brn|[from] brn\n|upkeep\n|turn|25\n|\n|t:|1700107540\n|move|p1a: Elon Tusk|Rapid Spin|p2a: Arceus\n|-damage|p2a: Arceus|93\/100\n|-boost|p1a: Elon Tusk|spe|1\n|-sideend|p1: Pie Smells Good|Stealth Rock|[from] move: Rapid Spin|[of] p1a: Elon Tusk\n|move|p2a: Arceus|Judgment|p1a: Elon Tusk\n|-supereffective|p1a: Elon Tusk\n|-damage|p1a: Elon Tusk|0 fnt\n|faint|p1a: Elon Tusk\n|-end|p1a: Elon Tusk|Quark Drive|[silent]\n|\n|-weather|none\n|upkeep\n|c|\u2606Pie Smells Good|gg\n|\n|t:|1700107551\n|switch|p1a: Koraidon|Koraidon|16\/100\n|-weather|SunnyDay|[from] ability: Orichalcum Pulse|[of] p1a: Koraidon\n|-activate|p1a: Koraidon|Orichalcum Pulse|[source]\n|turn|26\n|\n|t:|1700107561\n|move|p1a: Koraidon|Collision Course|p2a: Arceus\n|-damage|p2a: Arceus|59\/100\n|move|p2a: Arceus|Recover|p2a: Arceus\n|-heal|p2a: Arceus|100\/100\n|\n|-weather|SunnyDay|[upkeep]\n|upkeep\n|turn|27\n|\n|t:|1700107568\n|move|p1a: Koraidon|Collision Course|p2a: Arceus\n|-damage|p2a: Arceus|65\/100\n|move|p2a: Arceus|Judgment|p1a: Koraidon\n|-damage|p1a: Koraidon|0 fnt\n|faint|p1a: Koraidon\n|\n|-weather|SunnyDay|[upkeep]\n|upkeep\n|c|\u2606skimmythegod|gg\n|\n|t:|1700107575\n|switch|p1a: Zacian|Zacian-Crowned|100\/100\n|turn|28\n|\n|t:|1700107578\n|move|p1a: Zacian|Play Rough|p2a: Arceus\n|-damage|p2a: Arceus|41\/100\n|move|p2a: Arceus|Judgment|p1a: Zacian\n|-supereffective|p1a: Zacian\n|-damage|p1a: Zacian|6\/100\n|\n|-weather|SunnyDay|[upkeep]\n|upkeep\n|turn|29\n|\n|t:|1700107586\n|move|p1a: Zacian|Tera Blast|p2a: Arceus\n|-damage|p2a: Arceus|31\/100\n|move|p2a: Arceus|Judgment|p1a: Zacian\n|-supereffective|p1a: Zacian\n|-damage|p1a: Zacian|0 fnt\n|faint|p1a: Zacian\n|\n|win|skimmythegod\n|n|\u2606Pie Smells Good|piesmellsgood\n|n|\u2606skimmythegod|skimmythegod\n|n| Ban Miraidon|banmiraidon\n|n| Henri's Imouto|henrisimouto\n|n| Taka|taka\n","uploadtime":1700107586,"views":6,"p1id":"piesmellsgood","p2id":"skimmythegod","formatid":"gen9ubers","rating":0,"private":0,"password":""}