{"id":"gen9ubers-1988855037","p1":"king0fallkarp","p2":"RyRy01","format":"[Gen 9] Ubers","log":"|j|\u2606king0fallkarp\n|j|\u2606RyRy01\n|t:|1699774568\n|gametype|singles\n|player|p1|king0fallkarp|1|1099\n|player|p2|RyRy01|cyrus|1122\n|teamsize|p1|6\n|teamsize|p2|6\n|gen|9\n|tier|[Gen 9] Ubers\n|rated|\n|rule|Sleep Clause Mod: Limit one foe put to sleep\n|rule|Species Clause: Limit one of each Pok\u00e9mon\n|rule|OHKO Clause: OHKO moves are banned\n|rule|Evasion Items Clause: Evasion items are banned\n|rule|Evasion Moves Clause: Evasion moves are banned\n|rule|Endless Battle Clause: Forcing endless battles is banned\n|rule|HP Percentage Mod: HP is shown in percentages\n|clearpoke\n|poke|p1|Shaymin-Sky|\n|poke|p1|Jirachi|\n|poke|p1|Sawsbuck-Winter, M|\n|poke|p1|Deerling-Winter, F|\n|poke|p1|Blissey, F|\n|poke|p1|Dudunsparce-*, M|\n|poke|p2|Hatterene, F|\n|poke|p2|Ninetales-Alola, F|\n|poke|p2|Kingambit, F|\n|poke|p2|Baxcalibur, F|\n|poke|p2|Calyrex-Ice|\n|poke|p2|Ribombee, F|\n|teampreview\n|\n|t:|1699774577\n|start\n|switch|p1a: Jirachi|Jirachi|100\/100\n|switch|p2a: bzzz|Ribombee, F, shiny|100\/100\n|turn|1\n|\n|t:|1699774589\n|move|p1a: Jirachi|Iron Head|p2a: bzzz\n|-supereffective|p2a: bzzz\n|-enditem|p2a: bzzz|Focus Sash\n|-damage|p2a: bzzz|1\/100\n|cant|p2a: bzzz|flinch\n|\n|upkeep\n|turn|2\n|\n|t:|1699774598\n|move|p1a: Jirachi|Iron Head|p2a: bzzz\n|-supereffective|p2a: bzzz\n|-damage|p2a: bzzz|0 fnt\n|faint|p2a: bzzz\n|\n|upkeep\n|\n|t:|1699774600\n|switch|p2a: Ninetales|Ninetales-Alola, F|100\/100\n|-weather|Snow|[from] ability: Snow Warning|[of] p2a: Ninetales\n|turn|3\n|\n|t:|1699774605\n|move|p1a: Jirachi|Iron Head|p2a: Ninetales\n|-supereffective|p2a: Ninetales\n|-damage|p2a: Ninetales|0 fnt\n|faint|p2a: Ninetales\n|\n|-weather|Snow|[upkeep]\n|upkeep\n|\n|t:|1699774620\n|switch|p2a: Hatterene|Hatterene, F|100\/100\n|turn|4\n|\n|t:|1699774623\n|move|p1a: Jirachi|Iron Head|p2a: Hatterene\n|-supereffective|p2a: Hatterene\n|-damage|p2a: Hatterene|39\/100\n|move|p2a: Hatterene|Trick Room|p2a: Hatterene\n|-fieldstart|move: Trick Room|[of] p2a: Hatterene\n|\n|-weather|Snow|[upkeep]\n|-heal|p2a: Hatterene|45\/100|[from] item: Leftovers\n|upkeep\n|turn|5\n|\n|t:|1699774632\n|switch|p1a: Dudunsparce|Dudunsparce-Three-Segment, M|100\/100\n|move|p2a: Hatterene|Mystical Fire|p1a: Dudunsparce\n|-damage|p1a: Dudunsparce|85\/100\n|-unboost|p1a: Dudunsparce|spa|1\n|\n|-weather|Snow|[upkeep]\n|-heal|p2a: Hatterene|51\/100|[from] item: Leftovers\n|upkeep\n|turn|6\n|\n|t:|1699774650\n|move|p2a: Hatterene|Calm Mind|p2a: Hatterene\n|-boost|p2a: Hatterene|spa|1\n|-boost|p2a: Hatterene|spd|1\n|move|p1a: Dudunsparce|Poison Jab|p2a: Hatterene\n|-supereffective|p2a: Hatterene\n|-damage|p2a: Hatterene|21\/100\n|-status|p2a: Hatterene|psn\n|\n|-weather|Snow|[upkeep]\n|-heal|p2a: Hatterene|27\/100 psn|[from] item: Leftovers\n|-damage|p2a: Hatterene|14\/100 psn|[from] psn\n|upkeep\n|turn|7\n|\n|t:|1699774663\n|move|p2a: Hatterene|Draining Kiss|p1a: Dudunsparce\n|-damage|p1a: Dudunsparce|65\/100\n|-heal|p2a: Hatterene|36\/100 psn|[from] drain|[of] p1a: Dudunsparce\n|move|p1a: Dudunsparce|Headbutt|p2a: Hatterene\n|-crit|p2a: Hatterene\n|-damage|p2a: Hatterene|4\/100 psn\n|\n|-weather|none\n|-heal|p2a: Hatterene|10\/100 psn|[from] item: Leftovers\n|-damage|p2a: Hatterene|0 fnt|[from] psn\n|faint|p2a: Hatterene\n|upkeep\n|\n|t:|1699774679\n|switch|p2a: Calyrex|Calyrex-Ice|100\/100\n|-ability|p2a: Calyrex|As One\n|-ability|p2a: Calyrex|Unnerve\n|turn|8\n|\n|t:|1699774686\n|move|p2a: Calyrex|Swords Dance|p2a: Calyrex\n|-boost|p2a: Calyrex|atk|2\n|move|p1a: Dudunsparce|Body Slam|p2a: Calyrex\n|-damage|p2a: Calyrex|82\/100\n|-status|p2a: Calyrex|par\n|\n|-fieldend|move: Trick Room\n|upkeep\n|turn|9\n|\n|t:|1699774698\n|move|p1a: Dudunsparce|Headbutt|p2a: Calyrex\n|-damage|p2a: Calyrex|66\/100 par\n|cant|p2a: Calyrex|flinch\n|\n|upkeep\n|turn|10\n|\n|t:|1699774709\n|move|p1a: Dudunsparce|Headbutt|p2a: Calyrex\n|-damage|p2a: Calyrex|51\/100 par\n|move|p2a: Calyrex|Swords Dance|p2a: Calyrex\n|-boost|p2a: Calyrex|atk|2\n|\n|upkeep\n|turn|11\n|\n|t:|1699774720\n|move|p1a: Dudunsparce|Headbutt|p2a: Calyrex\n|-damage|p2a: Calyrex|36\/100 par\n|cant|p2a: Calyrex|flinch\n|\n|upkeep\n|turn|12\n|\n|t:|1699774739\n|move|p1a: Dudunsparce|Headbutt|p2a: Calyrex\n|-damage|p2a: Calyrex|22\/100 par\n|cant|p2a: Calyrex|flinch\n|\n|upkeep\n|turn|13\n|inactive|Battle timer is ON: inactive players will automatically lose when time's up. (requested by king0fallkarp)\n|\n|t:|1699774746\n|move|p1a: Dudunsparce|Headbutt|p2a: Calyrex\n|-damage|p2a: Calyrex|8\/100 par\n|cant|p2a: Calyrex|flinch\n|\n|upkeep\n|turn|14\n|\n|t:|1699774751\n|move|p1a: Dudunsparce|Headbutt|p2a: Calyrex\n|-damage|p2a: Calyrex|0 fnt\n|faint|p2a: Calyrex\n|\n|upkeep\n|\n|t:|1699774754\n|switch|p2a: Baxcalibur|Baxcalibur, F|100\/100\n|turn|15\n|\n|t:|1699774758\n|move|p2a: Baxcalibur|Dragon Dance|p2a: Baxcalibur\n|-boost|p2a: Baxcalibur|atk|1\n|-boost|p2a: Baxcalibur|spe|1\n|move|p1a: Dudunsparce|Body Slam|p2a: Baxcalibur\n|-damage|p2a: Baxcalibur|69\/100\n|\n|upkeep\n|turn|16\n|\n|t:|1699774768\n|move|p2a: Baxcalibur|Dragon Dance|p2a: Baxcalibur\n|-boost|p2a: Baxcalibur|atk|1\n|-boost|p2a: Baxcalibur|spe|1\n|move|p1a: Dudunsparce|Body Slam|p2a: Baxcalibur\n|-crit|p2a: Baxcalibur\n|-damage|p2a: Baxcalibur|27\/100\n|-status|p2a: Baxcalibur|par\n|\n|upkeep\n|turn|17\n|\n|t:|1699774776\n|move|p2a: Baxcalibur|Glaive Rush|p1a: Dudunsparce\n|-damage|p1a: Dudunsparce|0 fnt\n|-singlemove|p2a: Baxcalibur|Glaive Rush|[silent]\n|faint|p1a: Dudunsparce\n|\n|upkeep\n|\n|t:|1699774786\n|switch|p1a: Jirachi|Jirachi|100\/100\n|turn|18\n|inactive|RyRy01 has 120 seconds left.\n|inactive|RyRy01 has 90 seconds left.\n|inactive|RyRy01 has 60 seconds left.\n|inactive|RyRy01 has 30 seconds left.\n|inactive|RyRy01 has 20 seconds left.\n|inactive|RyRy01 has 15 seconds left.\n|inactive|RyRy01 has 10 seconds left.\n|\n|t:|1699774930\n|move|p1a: Jirachi|Iron Head|p2a: Baxcalibur\n|-supereffective|p2a: Baxcalibur\n|-damage|p2a: Baxcalibur|0 fnt\n|faint|p2a: Baxcalibur\n|\n|upkeep\n|inactive|RyRy01 has 15 seconds left this turn.\n|\n|t:|1699774932\n|switch|p2a: Kingambit|Kingambit, F|100\/100\n|-activate|p2a: Kingambit|ability: Supreme Overlord\n|-start|p2a: Kingambit|fallen5|[silent]\n|turn|19\n|inactive|RyRy01 has 25 seconds left this turn.\n|\n|t:|1699774943\n|move|p1a: Jirachi|Iron Head|p2a: Kingambit\n|-resisted|p2a: Kingambit\n|-damage|p2a: Kingambit|88\/100\n|cant|p2a: Kingambit|flinch\n|\n|upkeep\n|turn|20\n|\n|t:|1699774953\n|move|p1a: Jirachi|Iron Head|p2a: Kingambit\n|-resisted|p2a: Kingambit\n|-damage|p2a: Kingambit|75\/100\n|move|p2a: Kingambit|Swords Dance|p2a: Kingambit\n|-boost|p2a: Kingambit|atk|2\n|\n|upkeep\n|turn|21\n|\n|t:|1699774959\n|move|p1a: Jirachi|Iron Head|p2a: Kingambit\n|-resisted|p2a: Kingambit\n|-damage|p2a: Kingambit|60\/100\n|cant|p2a: Kingambit|flinch\n|\n|upkeep\n|turn|22\n|\n|t:|1699774964\n|move|p1a: Jirachi|Iron Head|p2a: Kingambit\n|-resisted|p2a: Kingambit\n|-damage|p2a: Kingambit|46\/100\n|cant|p2a: Kingambit|flinch\n|\n|upkeep\n|turn|23\n|\n|t:|1699774969\n|move|p1a: Jirachi|Iron Head|p2a: Kingambit\n|-resisted|p2a: Kingambit\n|-damage|p2a: Kingambit|33\/100\n|cant|p2a: Kingambit|flinch\n|\n|upkeep\n|turn|24\n|\n|t:|1699774978\n|move|p1a: Jirachi|Iron Head|p2a: Kingambit\n|-resisted|p2a: Kingambit\n|-damage|p2a: Kingambit|18\/100\n|cant|p2a: Kingambit|flinch\n|\n|upkeep\n|turn|25\n|c|\u2606RyRy01|this is ridiculous\n|\n|t:|1699774985\n|-terastallize|p1a: Jirachi|Steel\n|-terastallize|p2a: Kingambit|Dark\n|move|p2a: Kingambit|Sucker Punch|p1a: Jirachi\n|-damage|p1a: Jirachi|0 fnt\n|faint|p1a: Jirachi\n|\n|upkeep\n|\n|t:|1699775000\n|switch|p1a: Deerling|Deerling-Winter, F|100\/100\n|turn|26\n|\n|t:|1699775004\n|move|p2a: Kingambit|Sucker Punch|p1a: Deerling\n|-damage|p1a: Deerling|0 fnt\n|faint|p1a: Deerling\n|\n|upkeep\n|\n|t:|1699775013\n|switch|p1a: Blissey|Blissey, F|100\/100\n|turn|27\n|-message|king0fallkarp forfeited.\n|\n|win|RyRy01\n|raw|king0fallkarp's rating: 1099 &rarr; <strong>1076<\/strong><br \/>(-23 for losing)\n|raw|RyRy01's rating: 1122 &rarr; <strong>1145<\/strong><br \/>(+23 for winning)\n|l|\u2606king0fallkarp\n","uploadtime":1699775024,"views":13,"p1id":"king0fallkarp","p2id":"ryry01","formatid":"gen9ubers","rating":1076,"private":0,"password":""}