{"id":"gen9ubers-1975405932","p1":"Leo Justice","p2":"2474wawa","format":"[Gen 9] Ubers","log":"|j|\u2606Leo Justice\n|j|\u26062474wawa\n|t:|1698187806\n|gametype|singles\n|player|p1|Leo Justice|carmine|\n|player|p2|2474wawa|2|\n|teamsize|p1|6\n|teamsize|p2|6\n|gen|9\n|tier|[Gen 9] Ubers\n|rule|Sleep Clause Mod: Limit one foe put to sleep\n|rule|Species Clause: Limit one of each Pok\u00e9mon\n|rule|OHKO Clause: OHKO moves are banned\n|rule|Evasion Items Clause: Evasion items are banned\n|rule|Evasion Moves Clause: Evasion moves are banned\n|rule|Endless Battle Clause: Forcing endless battles is banned\n|rule|HP Percentage Mod: HP is shown in percentages\n|clearpoke\n|poke|p1|Sneasler, F|\n|poke|p1|Magearna|\n|poke|p1|Palafin, F|\n|poke|p1|Zacian-*|\n|poke|p1|Palkia-Origin|\n|poke|p1|Giratina|\n|poke|p2|Masquerain, F|\n|poke|p2|Arceus-Fighting|\n|poke|p2|Roaring Moon|\n|poke|p2|Palkia-Origin|\n|poke|p2|Gholdengo|\n|poke|p2|Dragapult, M|\n|teampreview\n|c|\u26062474wawa|glhf\n|c|\u2606Leo Justice|Gl\n|\n|t:|1698187837\n|start\n|switch|p1a: Sneasler|Sneasler, F|100\/100\n|switch|p2a: Masquerain|Masquerain, F, shiny|100\/100\n|-ability|p2a: Masquerain|Intimidate|boost\n|-unboost|p1a: Sneasler|atk|1\n|turn|1\n|\n|t:|1698187846\n|move|p1a: Sneasler|Dire Claw|p2a: Masquerain\n|-damage|p2a: Masquerain|57\/100\n|-status|p2a: Masquerain|slp\n|cant|p2a: Masquerain|slp\n|\n|upkeep\n|turn|2\n|\n|t:|1698187852\n|move|p1a: Sneasler|Dire Claw|p2a: Masquerain\n|-damage|p2a: Masquerain|16\/100 slp\n|-curestatus|p2a: Masquerain|slp|[msg]\n|move|p2a: Masquerain|Sticky Web|p1a: Sneasler\n|-sidestart|p1: Leo Justice|move: Sticky Web\n|\n|upkeep\n|turn|3\n|\n|t:|1698187861\n|move|p1a: Sneasler|Dire Claw|p2a: Masquerain\n|-damage|p2a: Masquerain|0 fnt\n|faint|p2a: Masquerain\n|\n|upkeep\n|\n|t:|1698187878\n|switch|p2a: Gholdengo|Gholdengo|100\/100\n|-item|p2a: Gholdengo|Air Balloon\n|turn|4\n|\n|t:|1698187885\n|switch|p1a: Giratina|Giratina|100\/100\n|-ability|p1a: Giratina|Pressure\n|move|p2a: Gholdengo|Thunder Wave|p1a: Giratina\n|-status|p1a: Giratina|par\n|\n|upkeep\n|turn|5\n|\n|t:|1698187897\n|move|p2a: Gholdengo|Shadow Ball|p1a: Giratina\n|-supereffective|p1a: Giratina\n|-damage|p1a: Giratina|67\/100 par\n|move|p1a: Giratina|Shadow Ball|p2a: Gholdengo\n|-supereffective|p2a: Gholdengo\n|-damage|p2a: Gholdengo|43\/100\n|-unboost|p2a: Gholdengo|spd|1\n|-enditem|p2a: Gholdengo|Air Balloon\n|\n|upkeep\n|turn|6\n|\n|t:|1698187910\n|switch|p2a: Roaring Moon|Roaring Moon|100\/100\n|-enditem|p2a: Roaring Moon|Booster Energy\n|-activate|p2a: Roaring Moon|ability: Protosynthesis|[fromitem]\n|-start|p2a: Roaring Moon|protosynthesisatk\n|cant|p1a: Giratina|par\n|\n|upkeep\n|turn|7\n|\n|t:|1698187919\n|move|p2a: Roaring Moon|Knock Off|p1a: Giratina\n|-supereffective|p1a: Giratina\n|-damage|p1a: Giratina|0 fnt\n|-enditem|p1a: Giratina|Heavy-Duty Boots|[from] move: Knock Off|[of] p2a: Roaring Moon\n|faint|p1a: Giratina\n|\n|upkeep\n|\n|t:|1698187931\n|switch|p1a: Zacian|Zacian|100\/100\n|-activate|p1a: Zacian|move: Sticky Web\n|-unboost|p1a: Zacian|spe|1\n|-ability|p1a: Zacian|Intrepid Sword|boost\n|-boost|p1a: Zacian|atk|1\n|turn|8\n|\n|t:|1698187940\n|-terastallize|p2a: Roaring Moon|Poison\n|move|p2a: Roaring Moon|Dragon Dance|p2a: Roaring Moon\n|-boost|p2a: Roaring Moon|atk|1\n|-boost|p2a: Roaring Moon|spe|1\n|move|p1a: Zacian|Play Rough|p2a: Roaring Moon\n|-resisted|p2a: Roaring Moon\n|-damage|p2a: Roaring Moon|38\/100\n|\n|upkeep\n|turn|9\n|\n|t:|1698187951\n|move|p2a: Roaring Moon|Acrobatics|p1a: Zacian\n|-damage|p1a: Zacian|17\/100\n|move|p1a: Zacian|Play Rough|p2a: Roaring Moon\n|-resisted|p2a: Roaring Moon\n|-damage|p2a: Roaring Moon|0 fnt\n|faint|p2a: Roaring Moon\n|-end|p2a: Roaring Moon|Protosynthesis|[silent]\n|\n|upkeep\n|\n|t:|1698187960\n|switch|p2a: Dragapult|Dragapult, M|100\/100\n|turn|10\n|\n|t:|1698187967\n|switch|p1a: Magearna|Magearna|100\/100\n|-activate|p1a: Magearna|move: Sticky Web\n|-unboost|p1a: Magearna|spe|1\n|move|p2a: Dragapult|Shadow Ball|p1a: Magearna\n|-damage|p1a: Magearna|59\/100\n|\n|-heal|p1a: Magearna|65\/100|[from] item: Leftovers\n|upkeep\n|turn|11\n|\n|t:|1698187980\n|move|p2a: Dragapult|Shadow Ball|p1a: Magearna\n|-damage|p1a: Magearna|19\/100\n|move|p1a: Magearna|Thunder Wave|p2a: Dragapult\n|-status|p2a: Dragapult|par\n|\n|-heal|p1a: Magearna|25\/100|[from] item: Leftovers\n|upkeep\n|turn|12\n|\n|t:|1698187987\n|cant|p2a: Dragapult|par\n|move|p1a: Magearna|Fleur Cannon|p2a: Dragapult\n|-supereffective|p2a: Dragapult\n|-damage|p2a: Dragapult|0 fnt\n|-unboost|p1a: Magearna|spa|2\n|faint|p2a: Dragapult\n|-ability|p1a: Magearna|Soul-Heart|boost\n|-boost|p1a: Magearna|spa|1\n|\n|-heal|p1a: Magearna|31\/100|[from] item: Leftovers\n|upkeep\n|\n|t:|1698188002\n|switch|p2a: Palkia|Palkia-Origin|100\/100\n|-ability|p2a: Palkia|Pressure\n|turn|13\n|\n|t:|1698188013\n|move|p2a: Palkia|Earth Power|p1a: Magearna\n|-supereffective|p1a: Magearna\n|-damage|p1a: Magearna|0 fnt\n|faint|p1a: Magearna\n|\n|upkeep\n|\n|t:|1698188034\n|switch|p1a: Palkia|Palkia-Origin|100\/100\n|-activate|p1a: Palkia|move: Sticky Web\n|-unboost|p1a: Palkia|spe|1\n|-ability|p1a: Palkia|Pressure\n|turn|14\n|\n|t:|1698188044\n|-terastallize|p1a: Palkia|Water\n|move|p2a: Palkia|Draco Meteor|p1a: Palkia\n|-damage|p1a: Palkia|32\/100\n|-unboost|p2a: Palkia|spa|2\n|move|p1a: Palkia|Spacial Rend|p2a: Palkia\n|-supereffective|p2a: Palkia\n|-damage|p2a: Palkia|0 fnt\n|faint|p2a: Palkia\n|\n|upkeep\n|\n|t:|1698188057\n|switch|p2a: Arceus|Arceus-Fighting|100\/100\n|turn|15\n|\n|t:|1698188062\n|move|p2a: Arceus|Calm Mind|p2a: Arceus\n|-boost|p2a: Arceus|spa|1\n|-boost|p2a: Arceus|spd|1\n|move|p1a: Palkia|Hydro Pump|p2a: Arceus\n|-damage|p2a: Arceus|55\/100\n|\n|upkeep\n|turn|16\n|\n|t:|1698188073\n|move|p2a: Arceus|Shadow Ball|p1a: Palkia\n|-damage|p1a: Palkia|5\/100\n|move|p1a: Palkia|Spacial Rend|p2a: Arceus\n|-damage|p2a: Arceus|25\/100\n|\n|upkeep\n|turn|17\n|\n|t:|1698188079\n|move|p2a: Arceus|Recover|p2a: Arceus\n|-heal|p2a: Arceus|75\/100\n|move|p1a: Palkia|Spacial Rend|p2a: Arceus\n|-damage|p2a: Arceus|43\/100\n|\n|upkeep\n|turn|18\n|\n|t:|1698188084\n|move|p2a: Arceus|Recover|p2a: Arceus\n|-heal|p2a: Arceus|93\/100\n|move|p1a: Palkia|Spacial Rend|p2a: Arceus\n|-damage|p2a: Arceus|64\/100\n|\n|upkeep\n|turn|19\n|\n|t:|1698188093\n|move|p2a: Arceus|Judgment|p1a: Palkia\n|-damage|p1a: Palkia|0 fnt\n|faint|p1a: Palkia\n|\n|upkeep\n|\n|t:|1698188099\n|switch|p1a: Zacian|Zacian|17\/100\n|-activate|p1a: Zacian|move: Sticky Web\n|-unboost|p1a: Zacian|spe|1\n|turn|20\n|\n|t:|1698188104\n|move|p2a: Arceus|Shadow Ball|p1a: Zacian\n|-damage|p1a: Zacian|0 fnt\n|faint|p1a: Zacian\n|\n|upkeep\n|\n|t:|1698188113\n|switch|p1a: Palafin|Palafin, F|100\/100\n|-activate|p1a: Palafin|move: Sticky Web\n|-unboost|p1a: Palafin|spe|1\n|turn|21\n|c|\u2606Leo Justice|gg\n|\n|t:|1698188119\n|move|p1a: Palafin|Jet Punch|p2a: Arceus\n|-damage|p2a: Arceus|40\/100\n|move|p2a: Arceus|Judgment|p1a: Palafin\n|-damage|p1a: Palafin|17\/100\n|\n|upkeep\n|turn|22\n|\n|t:|1698188124\n|detailschange|p1a: Palafin|Palafin-Hero, F\n|switch|p1a: Sneasler|Sneasler, F|100\/100\n|-activate|p1a: Sneasler|move: Sticky Web\n|-unboost|p1a: Sneasler|spe|1\n|move|p2a: Arceus|Shadow Ball|p1a: Sneasler\n|-damage|p1a: Sneasler|53\/100\n|\n|upkeep\n|turn|23\n|\n|t:|1698188134\n|move|p2a: Arceus|Recover|p2a: Arceus\n|-heal|p2a: Arceus|90\/100\n|move|p1a: Sneasler|Dire Claw|p2a: Arceus\n|-damage|p2a: Arceus|60\/100\n|-status|p2a: Arceus|slp\n|\n|upkeep\n|turn|24\n|\n|t:|1698188141\n|cant|p2a: Arceus|slp\n|move|p1a: Sneasler|Dire Claw|p2a: Arceus\n|-damage|p2a: Arceus|32\/100 slp\n|\n|upkeep\n|turn|25\n|\n|t:|1698188146\n|-curestatus|p2a: Arceus|slp|[msg]\n|move|p2a: Arceus|Recover|p2a: Arceus\n|-heal|p2a: Arceus|82\/100\n|move|p1a: Sneasler|Dire Claw|p2a: Arceus\n|-damage|p2a: Arceus|53\/100\n|-status|p2a: Arceus|psn\n|\n|-damage|p2a: Arceus|40\/100 psn|[from] psn\n|upkeep\n|turn|26\n|\n|t:|1698188160\n|move|p2a: Arceus|Recover|p2a: Arceus\n|-heal|p2a: Arceus|90\/100 psn\n|move|p1a: Sneasler|Dire Claw|p2a: Arceus\n|-damage|p2a: Arceus|61\/100 psn\n|\n|-damage|p2a: Arceus|48\/100 psn|[from] psn\n|upkeep\n|turn|27\n|\n|t:|1698188167\n|move|p2a: Arceus|Shadow Ball|p1a: Sneasler\n|-damage|p1a: Sneasler|6\/100\n|move|p1a: Sneasler|Dire Claw|p2a: Arceus\n|-damage|p2a: Arceus|20\/100 psn\n|\n|-damage|p2a: Arceus|7\/100 psn|[from] psn\n|upkeep\n|turn|28\n|\n|t:|1698188175\n|move|p2a: Arceus|Recover|p2a: Arceus\n|-heal|p2a: Arceus|57\/100 psn\n|move|p1a: Sneasler|Dire Claw|p2a: Arceus\n|-damage|p2a: Arceus|28\/100 psn\n|\n|-damage|p2a: Arceus|15\/100 psn|[from] psn\n|upkeep\n|turn|29\n|c|\u2606Leo Justice|Or is it\n|c|\u2606Leo Justice|Oh no\n|\n|t:|1698188185\n|move|p2a: Arceus|Recover|p2a: Arceus\n|-heal|p2a: Arceus|65\/100 psn\n|move|p1a: Sneasler|Dire Claw|p2a: Arceus\n|-damage|p2a: Arceus|36\/100 psn\n|\n|-damage|p2a: Arceus|23\/100 psn|[from] psn\n|upkeep\n|turn|30\n|\n|t:|1698188194\n|switch|p2a: Gholdengo|Gholdengo|43\/100\n|move|p1a: Sneasler|Dire Claw|p2a: Gholdengo\n|-immune|p2a: Gholdengo\n|\n|upkeep\n|turn|31\n|\n|t:|1698188203\n|move|p1a: Sneasler|Dire Claw|p2a: Gholdengo\n|-immune|p2a: Gholdengo\n|move|p2a: Gholdengo|Recover|p2a: Gholdengo\n|-heal|p2a: Gholdengo|93\/100\n|\n|upkeep\n|turn|32\n|\n|t:|1698188211\n|move|p1a: Sneasler|Dire Claw|p2a: Gholdengo\n|-immune|p2a: Gholdengo\n|move|p2a: Gholdengo|Shadow Ball|p1a: Sneasler\n|-damage|p1a: Sneasler|0 fnt\n|faint|p1a: Sneasler\n|\n|upkeep\n|\n|t:|1698188216\n|switch|p1a: Palafin|Palafin-Hero, F|17\/100\n|-activate|p1a: Palafin|move: Sticky Web\n|-unboost|p1a: Palafin|spe|1\n|-activate|p1a: Palafin|ability: Zero to Hero\n|turn|33\n|\n|t:|1698188222\n|move|p1a: Palafin|Jet Punch|p2a: Gholdengo\n|-crit|p2a: Gholdengo\n|-damage|p2a: Gholdengo|0 fnt\n|faint|p2a: Gholdengo\n|\n|upkeep\n|\n|t:|1698188226\n|switch|p2a: Arceus|Arceus-Fighting|23\/100 psn\n|turn|34\n|c|\u26062474wawa|realky\n|\n|t:|1698188231\n|move|p1a: Palafin|Jet Punch|p2a: Arceus\n|-damage|p2a: Arceus|0 fnt\n|faint|p2a: Arceus\n|\n|win|Leo Justice\n|c|\u2606Leo Justice|I was bound to crit eventually\n|c|\u2606Leo Justice|tbf\n|j| Dinonbk\n|c| Dinonbk|Wow\n|c|\u26062474wawa|ok\n|c|\u26062474wawa|1 of 3\n|c|\u2606Leo Justice|Yeah\n|l|\u26062474wawa\n|j| uubers account\n|l| uubers account\n","uploadtime":1698188246,"views":37,"p1id":"leojustice","p2id":"2474wawa","formatid":"gen9ubers","rating":0,"private":0,"password":""}