{"id":"gen9ubers-1996397572","p1":"chtullord","p2":"Waynner","format":"[Gen 9] Ubers","log":"|j|\u2606chtullord\n|j|\u2606Waynner\n|t:|1700678167\n|gametype|singles\n|player|p1|chtullord|caitlin|1126\n|player|p2|Waynner|102|1265\n|teamsize|p1|6\n|teamsize|p2|6\n|gen|9\n|tier|[Gen 9] Ubers\n|rated|\n|rule|Sleep Clause Mod: Limit one foe put to sleep\n|rule|Species Clause: Limit one of each Pok\u00e9mon\n|rule|OHKO Clause: OHKO moves are banned\n|rule|Evasion Items Clause: Evasion items are banned\n|rule|Evasion Moves Clause: Evasion moves are banned\n|rule|Endless Battle Clause: Forcing endless battles is banned\n|rule|HP Percentage Mod: HP is shown in percentages\n|clearpoke\n|poke|p1|Arceus-Steel|\n|poke|p1|Kyogre|\n|poke|p1|Urshifu-*, F|\n|poke|p1|Eternatus|\n|poke|p1|Magearna|\n|poke|p1|Ogerpon-Hearthflame, F|\n|poke|p2|Arceus|\n|poke|p2|Flutter Mane|\n|poke|p2|Glimmora, F|\n|poke|p2|Zacian-*|\n|poke|p2|Koraidon|\n|poke|p2|Iron Moth|\n|teampreview\n|inactive|Battle timer is ON: inactive players will automatically lose when time's up. (requested by chtullord)\n|\n|t:|1700678189\n|start\n|switch|p1a: Arceus|Arceus-Steel|100\/100\n|switch|p2a: Iron Moth|Iron Moth|100\/100\n|-enditem|p2a: Iron Moth|Booster Energy\n|-activate|p2a: Iron Moth|ability: Quark Drive|[fromitem]\n|-start|p2a: Iron Moth|quarkdrivespe\n|turn|1\n|\n|t:|1700678202\n|switch|p1a: Kyogre|Kyogre|100\/100\n|-weather|RainDance|[from] ability: Drizzle|[of] p1a: Kyogre\n|move|p2a: Iron Moth|Fiery Dance|p1a: Kyogre\n|-resisted|p1a: Kyogre\n|-damage|p1a: Kyogre|94\/100\n|\n|-weather|RainDance|[upkeep]\n|-heal|p1a: Kyogre|99\/100|[from] item: Leftovers\n|upkeep\n|turn|2\n|\n|t:|1700678209\n|-end|p2a: Iron Moth|Quark Drive|[silent]\n|switch|p2a: Koraidon|Koraidon|100\/100\n|-weather|SunnyDay|[from] ability: Orichalcum Pulse|[of] p2a: Koraidon\n|-activate|p2a: Koraidon|Orichalcum Pulse|[source]\n|move|p1a: Kyogre|Substitute|p1a: Kyogre\n|-start|p1a: Kyogre|Substitute\n|-damage|p1a: Kyogre|75\/100\n|\n|-weather|SunnyDay|[upkeep]\n|-heal|p1a: Kyogre|81\/100|[from] item: Leftovers\n|upkeep\n|turn|3\n|\n|t:|1700678222\n|switch|p2a: Flutter Mane|Flutter Mane|100\/100\n|-activate|p2a: Flutter Mane|ability: Protosynthesis\n|-start|p2a: Flutter Mane|protosynthesisspe\n|move|p1a: Kyogre|Thunder Wave|p2a: Flutter Mane\n|-status|p2a: Flutter Mane|par\n|\n|-weather|SunnyDay|[upkeep]\n|-heal|p1a: Kyogre|87\/100|[from] item: Leftovers\n|upkeep\n|turn|4\n|\n|t:|1700678232\n|move|p2a: Flutter Mane|Draining Kiss|p1a: Kyogre\n|-activate|p1a: Kyogre|move: Substitute|[damage]\n|move|p1a: Kyogre|Calm Mind|p1a: Kyogre\n|-boost|p1a: Kyogre|spa|1\n|-boost|p1a: Kyogre|spd|1\n|\n|-weather|SunnyDay|[upkeep]\n|-heal|p1a: Kyogre|93\/100|[from] item: Leftovers\n|upkeep\n|turn|5\n|\n|t:|1700678243\n|move|p2a: Flutter Mane|Shadow Ball|p1a: Kyogre\n|-end|p1a: Kyogre|Substitute\n|move|p1a: Kyogre|Calm Mind|p1a: Kyogre\n|-boost|p1a: Kyogre|spa|1\n|-boost|p1a: Kyogre|spd|1\n|\n|-weather|SunnyDay|[upkeep]\n|-heal|p1a: Kyogre|99\/100|[from] item: Leftovers\n|upkeep\n|turn|6\n|\n|t:|1700678251\n|-end|p2a: Flutter Mane|Protosynthesis|[silent]\n|switch|p2a: Arceus|Arceus|100\/100\n|move|p1a: Kyogre|Substitute|p1a: Kyogre\n|-start|p1a: Kyogre|Substitute\n|-damage|p1a: Kyogre|75\/100\n|\n|-weather|none\n|-heal|p1a: Kyogre|81\/100|[from] item: Leftovers\n|upkeep\n|turn|7\n|\n|t:|1700678259\n|move|p2a: Arceus|Extreme Speed|p1a: Kyogre\n|-end|p1a: Kyogre|Substitute\n|move|p1a: Kyogre|Thunder Wave|p2a: Arceus\n|-status|p2a: Arceus|par\n|\n|-heal|p1a: Kyogre|87\/100|[from] item: Leftovers\n|upkeep\n|turn|8\n|\n|t:|1700678267\n|move|p2a: Arceus|Extreme Speed|p1a: Kyogre\n|-damage|p1a: Kyogre|30\/100\n|move|p1a: Kyogre|Substitute|p1a: Kyogre\n|-start|p1a: Kyogre|Substitute\n|-damage|p1a: Kyogre|5\/100\n|\n|-heal|p1a: Kyogre|11\/100|[from] item: Leftovers\n|upkeep\n|turn|9\n|\n|t:|1700678272\n|move|p2a: Arceus|Extreme Speed|p1a: Kyogre\n|-end|p1a: Kyogre|Substitute\n|move|p1a: Kyogre|Surf|p2a: Arceus\n|-damage|p2a: Arceus|29\/100 par\n|\n|-heal|p1a: Kyogre|17\/100|[from] item: Leftovers\n|upkeep\n|turn|10\n|\n|t:|1700678282\n|move|p2a: Arceus|Extreme Speed|p1a: Kyogre\n|-damage|p1a: Kyogre|0 fnt\n|faint|p1a: Kyogre\n|\n|upkeep\n|\n|t:|1700678294\n|switch|p1a: Urshifu|Urshifu, F|100\/100\n|turn|11\n|\n|t:|1700678303\n|move|p2a: Arceus|Extreme Speed|p1a: Urshifu\n|-damage|p1a: Urshifu|30\/100\n|move|p1a: Urshifu|Wicked Blow|p2a: Arceus\n|-crit|p2a: Arceus\n|-damage|p2a: Arceus|0 fnt\n|faint|p2a: Arceus\n|\n|upkeep\n|\n|t:|1700678312\n|switch|p2a: Glimmora|Glimmora, F|100\/100\n|turn|12\n|c|\u2606chtullord|mother fouker\n|\n|t:|1700678320\n|move|p1a: Urshifu|Wicked Blow|p2a: Glimmora\n|-crit|p2a: Glimmora\n|-damage|p2a: Glimmora|35\/100\n|-activate|p2a: Glimmora|ability: Toxic Debris\n|-sidestart|p1: chtullord|move: Toxic Spikes\n|move|p2a: Glimmora|Stealth Rock|p1a: Urshifu\n|-sidestart|p1: chtullord|move: Stealth Rock\n|\n|-heal|p2a: Glimmora|42\/100|[from] item: Black Sludge\n|upkeep\n|turn|13\n|\n|t:|1700678328\n|move|p1a: Urshifu|Wicked Blow|p2a: Glimmora\n|-crit|p2a: Glimmora\n|-damage|p2a: Glimmora|0 fnt\n|-activate|p2a: Glimmora|ability: Toxic Debris\n|-sidestart|p1: chtullord|move: Toxic Spikes\n|faint|p2a: Glimmora\n|\n|upkeep\n|\n|t:|1700678341\n|switch|p2a: Koraidon|Koraidon|100\/100\n|-weather|SunnyDay|[from] ability: Orichalcum Pulse|[of] p2a: Koraidon\n|-activate|p2a: Koraidon|Orichalcum Pulse|[source]\n|turn|14\n|\n|t:|1700678346\n|move|p2a: Koraidon|Swords Dance|p2a: Koraidon\n|-boost|p2a: Koraidon|atk|2\n|move|p1a: Urshifu|Wicked Blow|p2a: Koraidon\n|-resisted|p2a: Koraidon\n|-crit|p2a: Koraidon\n|-damage|p2a: Koraidon|54\/100\n|\n|-weather|SunnyDay|[upkeep]\n|-heal|p2a: Koraidon|60\/100|[from] item: Leftovers\n|upkeep\n|turn|15\n|\n|t:|1700678351\n|move|p2a: Koraidon|Flame Charge|p1a: Urshifu\n|-damage|p1a: Urshifu|0 fnt\n|-boost|p2a: Koraidon|spe|1\n|faint|p1a: Urshifu\n|\n|-weather|SunnyDay|[upkeep]\n|-heal|p2a: Koraidon|66\/100|[from] item: Leftovers\n|upkeep\n|\n|t:|1700678355\n|switch|p1a: Magearna|Magearna|100\/100\n|-damage|p1a: Magearna|94\/100|[from] Stealth Rock\n|-item|p1a: Magearna|Air Balloon\n|turn|16\n|\n|t:|1700678362\n|-terastallize|p1a: Magearna|Water\n|move|p2a: Koraidon|Flame Charge|p1a: Magearna\n|-resisted|p1a: Magearna\n|-damage|p1a: Magearna|72\/100\n|-boost|p2a: Koraidon|spe|1\n|-enditem|p1a: Magearna|Air Balloon\n|move|p1a: Magearna|Fleur Cannon|p2a: Koraidon\n|-supereffective|p2a: Koraidon\n|-damage|p2a: Koraidon|0 fnt\n|-unboost|p1a: Magearna|spa|2\n|faint|p2a: Koraidon\n|-ability|p1a: Magearna|Soul-Heart|boost\n|-boost|p1a: Magearna|spa|1\n|\n|-weather|SunnyDay|[upkeep]\n|upkeep\n|\n|t:|1700678369\n|switch|p2a: Flutter Mane|Flutter Mane|100\/100 par\n|-activate|p2a: Flutter Mane|ability: Protosynthesis\n|-start|p2a: Flutter Mane|protosynthesisspe\n|turn|17\n|\n|t:|1700678389\n|cant|p2a: Flutter Mane|par\n|move|p1a: Magearna|Encore||[still]\n|-fail|p1a: Magearna\n|\n|-weather|SunnyDay|[upkeep]\n|upkeep\n|turn|18\n|\n|t:|1700678394\n|move|p2a: Flutter Mane|Moonblast|p1a: Magearna\n|-damage|p1a: Magearna|33\/100\n|move|p1a: Magearna|Encore|p2a: Flutter Mane\n|-start|p2a: Flutter Mane|Encore\n|\n|-weather|none\n|-end|p2a: Flutter Mane|Protosynthesis\n|upkeep\n|turn|19\n|\n|t:|1700678402\n|switch|p1a: Arceus|Arceus-Steel|100\/100\n|-damage|p1a: Arceus|94\/100|[from] Stealth Rock\n|cant|p2a: Flutter Mane|par\n|\n|upkeep\n|turn|20\n|\n|t:|1700678410\n|move|p1a: Arceus|Stealth Rock|p2a: Flutter Mane\n|-sidestart|p2: Waynner|move: Stealth Rock\n|move|p2a: Flutter Mane|Moonblast|p1a: Arceus\n|-resisted|p1a: Arceus\n|-damage|p1a: Arceus|82\/100\n|\n|upkeep\n|turn|21\n|\n|t:|1700678423\n|move|p1a: Arceus|Judgment|p2a: Flutter Mane\n|-supereffective|p2a: Flutter Mane\n|-damage|p2a: Flutter Mane|33\/100 par\n|cant|p2a: Flutter Mane|par\n|\n|-end|p2a: Flutter Mane|Encore\n|upkeep\n|turn|22\n|\n|t:|1700678427\n|move|p1a: Arceus|Judgment|p2a: Flutter Mane\n|-supereffective|p2a: Flutter Mane\n|-damage|p2a: Flutter Mane|0 fnt\n|faint|p2a: Flutter Mane\n|-end|p2a: Flutter Mane|Protosynthesis|[silent]\n|\n|upkeep\n|\n|t:|1700678435\n|switch|p2a: Zacian|Zacian-Crowned|100\/100\n|-damage|p2a: Zacian|94\/100|[from] Stealth Rock\n|-ability|p2a: Zacian|Intrepid Sword|boost\n|-boost|p2a: Zacian|atk|1\n|turn|23\n|\n|t:|1700678441\n|move|p2a: Zacian|Swords Dance|p2a: Zacian\n|-boost|p2a: Zacian|atk|2\n|move|p1a: Arceus|Thunder Wave|p2a: Zacian\n|-status|p2a: Zacian|par\n|\n|upkeep\n|turn|24\n|\n|t:|1700678448\n|move|p1a: Arceus|Judgment|p2a: Zacian\n|-damage|p2a: Zacian|48\/100 par\n|move|p2a: Zacian|Behemoth Blade|p1a: Arceus\n|-resisted|p1a: Arceus\n|-damage|p1a: Arceus|31\/100\n|\n|upkeep\n|turn|25\n|\n|t:|1700678455\n|move|p1a: Arceus|Judgment|p2a: Zacian\n|-damage|p2a: Zacian|7\/100 par\n|move|p2a: Zacian|Behemoth Blade|p1a: Arceus\n|-resisted|p1a: Arceus\n|-damage|p1a: Arceus|0 fnt\n|faint|p1a: Arceus\n|\n|upkeep\n|\n|t:|1700678464\n|switch|p1a: Eternatus|Eternatus|100\/100\n|-sideend|p1: chtullord|move: Toxic Spikes|[of] p1a: Eternatus\n|-ability|p1a: Eternatus|Pressure\n|turn|26\n|\n|t:|1700678468\n|move|p1a: Eternatus|Flamethrower|p2a: Zacian\n|-supereffective|p2a: Zacian\n|-damage|p2a: Zacian|0 fnt\n|faint|p2a: Zacian\n|\n|upkeep\n|\n|t:|1700678470\n|switch|p2a: Iron Moth|Iron Moth|100\/100\n|-damage|p2a: Iron Moth|76\/100|[from] Stealth Rock\n|turn|27\n|\n|t:|1700678486\n|move|p2a: Iron Moth|Psychic|p1a: Eternatus\n|-supereffective|p1a: Eternatus\n|-damage|p1a: Eternatus|66\/100\n|move|p1a: Eternatus|Dynamax Cannon|p2a: Iron Moth\n|-damage|p2a: Iron Moth|30\/100\n|\n|upkeep\n|turn|28\n|\n|t:|1700678489\n|move|p1a: Eternatus|Dynamax Cannon|p2a: Iron Moth\n|-damage|p2a: Iron Moth|0 fnt\n|faint|p2a: Iron Moth\n|-end|p2a: Iron Moth|Quark Drive|[silent]\n|\n|win|chtullord\n|raw|chtullord's rating: 1126 &rarr; <strong>1161<\/strong><br \/>(+35 for winning)\n|raw|Waynner's rating: 1265 &rarr; <strong>1230<\/strong><br \/>(-35 for losing)\n","uploadtime":1700678318,"views":2,"p1id":"chtullord","p2id":"waynner","formatid":"gen9ubers","rating":1161,"private":0,"password":""}