{"id":"gen9ubers-1982224339","p1":"Henri's Imouto","p2":"ZowwyCafe\u2764","format":"[Gen 9] Ubers","log":"|j|\u2606Henri's Imouto\n|j|\u2606ZowwyCafe\u2764\n|t:|1698981228\n|gametype|singles\n|player|p1|Henri's Imouto|lucas|\n|player|p2|ZowwyCafe\u2764|marnie|\n|teamsize|p1|6\n|teamsize|p2|6\n|gen|9\n|tier|[Gen 9] Ubers\n|rated|Tournament battle\n|rule|Sleep Clause Mod: Limit one foe put to sleep\n|rule|Species Clause: Limit one of each Pok\u00e9mon\n|rule|OHKO Clause: OHKO moves are banned\n|rule|Evasion Items Clause: Evasion items are banned\n|rule|Evasion Moves Clause: Evasion moves are banned\n|rule|Endless Battle Clause: Forcing endless battles is banned\n|rule|HP Percentage Mod: HP is shown in percentages\n|clearpoke\n|poke|p1|Arceus-Fairy|\n|poke|p1|Miraidon|\n|poke|p1|Giratina-Origin|\n|poke|p1|Zacian-*|\n|poke|p1|Kyogre|\n|poke|p1|Landorus-Therian, M|\n|poke|p2|Ribombee, F|\n|poke|p2|Rayquaza|\n|poke|p2|Koraidon|\n|poke|p2|Arceus-Ground|\n|poke|p2|Miraidon|\n|poke|p2|Basculegion, M|\n|teampreview\n|inactive|Battle timer is ON: inactive players will automatically lose when time's up. (requested by ZowwyCafe\u2764)\n|j| FireWolf89\n|\n|t:|1698981249\n|start\n|switch|p1a: Kyogre|Kyogre|100\/100\n|switch|p2a: Arceus|Arceus-Ground, shiny|100\/100\n|-weather|RainDance|[from] ability: Drizzle|[of] p1a: Kyogre\n|turn|1\n|j| Hydeosan\n|\n|t:|1698981259\n|switch|p2a: Koraidon|Koraidon|100\/100\n|-weather|SunnyDay|[from] ability: Orichalcum Pulse|[of] p2a: Koraidon\n|-activate|p2a: Koraidon|Orichalcum Pulse|[source]\n|move|p1a: Kyogre|Water Spout|p2a: Koraidon\n|-resisted|p2a: Koraidon\n|-damage|p2a: Koraidon|81\/100\n|\n|-weather|SunnyDay|[upkeep]\n|upkeep\n|turn|2\n|\n|t:|1698981272\n|switch|p1a: Landorus|Landorus-Therian, M|100\/100\n|-ability|p1a: Landorus|Intimidate|boost\n|-unboost|p2a: Koraidon|atk|1\n|switch|p2a: Arceus|Arceus-Ground, shiny|100\/100\n|\n|-weather|SunnyDay|[upkeep]\n|upkeep\n|turn|3\n|\n|t:|1698981293\n|move|p2a: Arceus|Taunt|p1a: Landorus\n|-start|p1a: Landorus|move: Taunt\n|cant|p1a: Landorus|move: Taunt|Stealth Rock\n|\n|-weather|SunnyDay|[upkeep]\n|upkeep\n|turn|4\n|\n|t:|1698981301\n|move|p2a: Arceus|Ice Beam|p1a: Landorus\n|-supereffective|p1a: Landorus\n|-damage|p1a: Landorus|0 fnt\n|faint|p1a: Landorus\n|\n|-weather|SunnyDay|[upkeep]\n|upkeep\n|\n|t:|1698981325\n|switch|p1a: Kyogre|Kyogre|100\/100\n|-weather|RainDance|[from] ability: Drizzle|[of] p1a: Kyogre\n|turn|5\n|\n|t:|1698981340\n|move|p1a: Kyogre|Ice Beam|p2a: Arceus\n|-supereffective|p2a: Arceus\n|-damage|p2a: Arceus|55\/100\n|move|p2a: Arceus|Stealth Rock|p1a: Kyogre\n|-sidestart|p1: Henri's Imouto|move: Stealth Rock\n|\n|-weather|RainDance|[upkeep]\n|upkeep\n|turn|6\n|\n|t:|1698981347\n|move|p1a: Kyogre|Ice Beam|p2a: Arceus\n|-supereffective|p2a: Arceus\n|-damage|p2a: Arceus|9\/100\n|move|p2a: Arceus|Judgment|p1a: Kyogre\n|-damage|p1a: Kyogre|67\/100\n|\n|-weather|RainDance|[upkeep]\n|upkeep\n|turn|7\n|j| omoeirf\n|inactive|Henri's Imouto has 120 seconds left.\n|l| FireWolf89\n|inactive|Henri's Imouto has 90 seconds left.\n|\n|t:|1698981403\n|switch|p1a: Arceus|Arceus-Fairy|100\/100\n|-damage|p1a: Arceus|88\/100|[from] Stealth Rock\n|move|p2a: Arceus|Judgment|p1a: Arceus\n|-damage|p1a: Arceus|57\/100\n|\n|-weather|RainDance|[upkeep]\n|upkeep\n|turn|8\n|inactive|Henri's Imouto has 90 seconds left.\n|\n|t:|1698981424\n|move|p2a: Arceus|Taunt|p1a: Arceus\n|-start|p1a: Arceus|move: Taunt\n|move|p1a: Arceus|Judgment|p2a: Arceus\n|-damage|p2a: Arceus|0 fnt\n|faint|p2a: Arceus\n|\n|-weather|RainDance|[upkeep]\n|upkeep\n|\n|t:|1698981429\n|switch|p2a: Ribombee|Ribombee, F, shiny|100\/100\n|turn|9\n|\n|t:|1698981437\n|move|p2a: Ribombee|Sticky Web|p1a: Arceus\n|-sidestart|p1: Henri's Imouto|move: Sticky Web\n|move|p1a: Arceus|Judgment|p2a: Ribombee\n|-damage|p2a: Ribombee|10\/100\n|\n|-weather|none\n|upkeep\n|turn|10\n|inactive|Henri's Imouto has 90 seconds left.\n|\n|t:|1698981443\n|move|p2a: Ribombee|Moonblast|p1a: Arceus\n|-damage|p1a: Arceus|31\/100\n|-unboost|p1a: Arceus|spa|1\n|move|p1a: Arceus|Judgment|p2a: Ribombee\n|-damage|p2a: Ribombee|0 fnt\n|faint|p2a: Ribombee\n|\n|-end|p1a: Arceus|move: Taunt\n|upkeep\n|l| Hydeosan\n|\n|t:|1698981465\n|switch|p2a: Miraidon|Miraidon|100\/100\n|-fieldstart|move: Electric Terrain|[from] ability: Hadron Engine|[of] p2a: Miraidon\n|turn|11\n|j| L Caly\n|inactive|Henri's Imouto has 90 seconds left.\n|inactive|Henri's Imouto has 60 seconds left.\n|\n|t:|1698981521\n|switch|p1a: Giratina|Giratina-Origin|100\/100\n|-damage|p1a: Giratina|88\/100|[from] Stealth Rock\n|move|p2a: Miraidon|Parabolic Charge|p1a: Giratina\n|-resisted|p1a: Giratina\n|-damage|p1a: Giratina|61\/100\n|-damage|p2a: Miraidon|91\/100|[from] item: Life Orb\n|\n|upkeep\n|turn|12\n|\n|t:|1698981529\n|-terastallize|p1a: Giratina|Steel\n|move|p2a: Miraidon|Taunt|p1a: Giratina\n|-start|p1a: Giratina|move: Taunt\n|cant|p1a: Giratina|move: Taunt|Defog\n|\n|upkeep\n|turn|13\n|inactive|Henri's Imouto has 60 seconds left.\n|\n|t:|1698981541\n|move|p2a: Miraidon|Parabolic Charge|p1a: Giratina\n|-damage|p1a: Giratina|9\/100\n|-heal|p2a: Miraidon|100\/100|[from] drain|[of] p1a: Giratina\n|-damage|p2a: Miraidon|91\/100|[from] item: Life Orb\n|move|p1a: Giratina|Earthquake|p2a: Miraidon\n|-supereffective|p2a: Miraidon\n|-damage|p2a: Miraidon|33\/100\n|\n|upkeep\n|turn|14\n|inactive|Henri's Imouto has 60 seconds left.\n|\n|t:|1698981557\n|move|p2a: Miraidon|Dragon Pulse|p1a: Giratina\n|-resisted|p1a: Giratina\n|-damage|p1a: Giratina|0 fnt\n|faint|p1a: Giratina\n|-damage|p2a: Miraidon|23\/100|[from] item: Life Orb\n|\n|upkeep\n|inactive|Henri's Imouto has 30 seconds left.\n|\n|t:|1698981584\n|switch|p1a: Zacian|Zacian-Crowned|100\/100\n|-damage|p1a: Zacian|94\/100|[from] Stealth Rock\n|-activate|p1a: Zacian|move: Sticky Web\n|-unboost|p1a: Zacian|spe|1\n|-ability|p1a: Zacian|Intrepid Sword|boost\n|-boost|p1a: Zacian|atk|1\n|turn|15\n|\n|t:|1698981597\n|move|p2a: Miraidon|Parabolic Charge|p1a: Zacian\n|-damage|p1a: Zacian|18\/100\n|-heal|p2a: Miraidon|59\/100|[from] drain|[of] p1a: Zacian\n|-damage|p2a: Miraidon|49\/100|[from] item: Life Orb\n|move|p1a: Zacian|Play Rough|p2a: Miraidon\n|-supereffective|p2a: Miraidon\n|-damage|p2a: Miraidon|0 fnt\n|faint|p2a: Miraidon\n|\n|-fieldend|move: Electric Terrain\n|upkeep\n|j| FireWolf89\n|\n|t:|1698981603\n|switch|p2a: Rayquaza|Rayquaza, shiny|100\/100\n|-ability|p2a: Rayquaza|Air Lock\n|turn|16\n|\n|t:|1698981612\n|move|p2a: Rayquaza|Dragon Ascent|p1a: Zacian\n|-resisted|p1a: Zacian\n|-damage|p1a: Zacian|0 fnt\n|-unboost|p2a: Rayquaza|def|1\n|-unboost|p2a: Rayquaza|spd|1\n|faint|p1a: Zacian\n|-damage|p2a: Rayquaza|91\/100|[from] item: Life Orb\n|\n|upkeep\n|\n|t:|1698981620\n|switch|p1a: Miraidon|Miraidon|100\/100\n|-damage|p1a: Miraidon|88\/100|[from] Stealth Rock\n|-activate|p1a: Miraidon|move: Sticky Web\n|-unboost|p1a: Miraidon|spe|1\n|-fieldstart|move: Electric Terrain|[from] ability: Hadron Engine|[of] p1a: Miraidon\n|turn|17\n|\n|t:|1698981628\n|move|p2a: Rayquaza|Earthquake|p1a: Miraidon\n|-supereffective|p1a: Miraidon\n|-damage|p1a: Miraidon|0 fnt\n|faint|p1a: Miraidon\n|-damage|p2a: Rayquaza|81\/100|[from] item: Life Orb\n|\n|upkeep\n|-message|Henri's Imouto forfeited.\n|\n|win|ZowwyCafe\u2764\n|n|\u2606Henri's Imouto|henrisimouto\n|n|\u2606ZowwyCafe\u2764|zowwycafe\n|n| omoeirf|omoeirf\n|n| L Caly|lcaly\n|n| FireWolf89|firewolf89\n","uploadtime":1698981635,"views":33,"p1id":"henrisimouto","p2id":"zowwycafe","formatid":"gen9ubers","rating":0,"private":0,"password":""}