{"id":"gen9ubers-1969098558","p1":"Reposti","p2":"dingusmkyeetus","format":"[Gen 9] Ubers","log":"|j|\u2606Reposti\n|j|\u203ddingusmkyeetus\n|t:|1697489859\n|gametype|singles\n|player|p1|Reposti|gentleman-gen4|\n|player|p2|dingusmkyeetus|acetrainerf-gen4dp|\n|teamsize|p1|6\n|teamsize|p2|6\n|gen|9\n|tier|[Gen 9] Ubers\n|rule|Sleep Clause Mod: Limit one foe put to sleep\n|rule|Species Clause: Limit one of each Pok\u00e9mon\n|rule|OHKO Clause: OHKO moves are banned\n|rule|Evasion Items Clause: Evasion items are banned\n|rule|Evasion Moves Clause: Evasion moves are banned\n|rule|Endless Battle Clause: Forcing endless battles is banned\n|rule|HP Percentage Mod: HP is shown in percentages\n|clearpoke\n|poke|p1|Regidrago|\n|poke|p1|Zacian-*|\n|poke|p1|Masquerain, F|\n|poke|p1|Urshifu-*, F|\n|poke|p1|Arceus-Ground|\n|poke|p1|Grimmsnarl, M|\n|poke|p2|Sneasler, F|\n|poke|p2|Palkia-Origin|\n|poke|p2|Gliscor, F|\n|poke|p2|Arceus-Fire|\n|poke|p2|Grimmsnarl, M|\n|poke|p2|Cyclizar, F|\n|teampreview\n|inactive|Battle timer is ON: inactive players will automatically lose when time's up. (requested by dingusmkyeetus)\n|c|\u2606Reposti|Glhf\n|\n|t:|1697489876\n|start\n|switch|p1a: Regidrago|Regidrago|100\/100\n|switch|p2a: Gliscor|Gliscor, F|100\/100\n|turn|1\n|\n|t:|1697489886\n|move|p1a: Regidrago|Dragon Energy|p2a: Gliscor\n|-damage|p2a: Gliscor|0 fnt\n|faint|p2a: Gliscor\n|\n|upkeep\n|\n|t:|1697489892\n|switch|p2a: Grimmsnarl|Grimmsnarl, M, shiny|100\/100\n|turn|2\n|\n|t:|1697489919\n|switch|p1a: Grimmsnarl|Grimmsnarl, M|100\/100\n|move|p2a: Grimmsnarl|Light Screen|p2a: Grimmsnarl\n|-sidestart|p2: dingusmkyeetus|move: Light Screen\n|\n|upkeep\n|turn|3\n|\n|t:|1697489926\n|move|p1a: Grimmsnarl|Reflect|p1a: Grimmsnarl\n|-sidestart|p1: Reposti|Reflect\n|move|p2a: Grimmsnarl|Reflect|p2a: Grimmsnarl\n|-sidestart|p2: dingusmkyeetus|Reflect\n|\n|upkeep\n|turn|4\n|\n|t:|1697489930\n|move|p2a: Grimmsnarl|Parting Shot|p1a: Grimmsnarl\n|-hint|Since gen 7, Dark is immune to Prankster moves.\n|-immune|p1a: Grimmsnarl\n|move|p1a: Grimmsnarl|Light Screen|p1a: Grimmsnarl\n|-sidestart|p1: Reposti|move: Light Screen\n|\n|upkeep\n|turn|5\n|\n|t:|1697489940\n|switch|p2a: Cyclizar|Cyclizar, F|100\/100\n|move|p1a: Grimmsnarl|Thunder Wave|p2a: Cyclizar\n|-status|p2a: Cyclizar|par\n|\n|upkeep\n|turn|6\n|\n|t:|1697489949\n|move|p1a: Grimmsnarl|Parting Shot|p2a: Cyclizar\n|-unboost|p2a: Cyclizar|atk|1\n|-unboost|p2a: Cyclizar|spa|1\n|\n|t:|1697489954\n|switch|p1a: Arceus|Arceus-Ground|100\/100|[from] Parting Shot\n|move|p2a: Cyclizar|Shed Tail|p2a: Cyclizar\n|-start|p2a: Cyclizar|Substitute|[from] move: Shed Tail\n|-damage|p2a: Cyclizar|50\/100 par\n|-enditem|p2a: Cyclizar|Sitrus Berry|[eat]\n|-heal|p2a: Cyclizar|75\/100 par|[from] item: Sitrus Berry\n|\n|t:|1697489963\n|switch|p2a: Palkia|Palkia-Origin, shiny|100\/100|[from] Shed Tail\n|-ability|p2a: Palkia|Pressure\n|\n|upkeep\n|turn|7\n|\n|t:|1697489970\n|move|p2a: Palkia|Surf|p1a: Arceus\n|-supereffective|p1a: Arceus\n|-damage|p1a: Arceus|48\/100\n|move|p1a: Arceus|Swords Dance|p1a: Arceus\n|-boost|p1a: Arceus|atk|2\n|\n|upkeep\n|turn|8\n|\n|t:|1697489978\n|-terastallize|p1a: Arceus|Normal\n|move|p2a: Palkia|Surf|p1a: Arceus\n|-damage|p1a: Arceus|22\/100\n|move|p1a: Arceus|Earthquake|p2a: Palkia\n|-end|p2a: Palkia|Substitute\n|\n|upkeep\n|turn|9\n|\n|t:|1697489989\n|move|p1a: Arceus|Extreme Speed|p2a: Palkia\n|-damage|p2a: Palkia|52\/100\n|move|p2a: Palkia|Surf|p1a: Arceus\n|-damage|p1a: Arceus|0 fnt\n|faint|p1a: Arceus\n|\n|-sideend|p2: dingusmkyeetus|move: Light Screen\n|upkeep\n|\n|t:|1697490000\n|switch|p1a: Regidrago|Regidrago|100\/100\n|turn|10\n|\n|t:|1697490007\n|move|p1a: Regidrago|Dragon Energy|p2a: Palkia\n|-supereffective|p2a: Palkia\n|-damage|p2a: Palkia|0 fnt\n|faint|p2a: Palkia\n|\n|-sideend|p2: dingusmkyeetus|Reflect\n|-sideend|p1: Reposti|Reflect\n|upkeep\n|\n|t:|1697490019\n|switch|p2a: Sneasler|Sneasler, F|100\/100\n|turn|11\n|\n|t:|1697490026\n|move|p2a: Sneasler|Protect|p2a: Sneasler\n|-singleturn|p2a: Sneasler|Protect\n|move|p1a: Regidrago|Dragon Energy|p2a: Sneasler\n|-activate|p2a: Sneasler|move: Protect\n|\n|-sideend|p1: Reposti|move: Light Screen\n|upkeep\n|turn|12\n|\n|t:|1697490038\n|switch|p2a: Grimmsnarl|Grimmsnarl, M, shiny|100\/100\n|move|p1a: Regidrago|Dragon Energy|p2a: Grimmsnarl\n|-immune|p2a: Grimmsnarl\n|\n|upkeep\n|turn|13\n|\n|t:|1697490046\n|switch|p1a: Grimmsnarl|Grimmsnarl, M|100\/100\n|move|p2a: Grimmsnarl|Light Screen|p2a: Grimmsnarl\n|-sidestart|p2: dingusmkyeetus|move: Light Screen\n|\n|upkeep\n|turn|14\n|\n|t:|1697490053\n|move|p2a: Grimmsnarl|Reflect|p2a: Grimmsnarl\n|-sidestart|p2: dingusmkyeetus|Reflect\n|move|p1a: Grimmsnarl|Light Screen|p1a: Grimmsnarl\n|-sidestart|p1: Reposti|move: Light Screen\n|\n|upkeep\n|turn|15\n|\n|t:|1697490059\n|switch|p2a: Cyclizar|Cyclizar, F|100\/100 par\n|move|p1a: Grimmsnarl|Reflect|p1a: Grimmsnarl\n|-sidestart|p1: Reposti|Reflect\n|\n|upkeep\n|turn|16\n|\n|t:|1697490066\n|move|p1a: Grimmsnarl|Parting Shot|p2a: Cyclizar\n|-unboost|p2a: Cyclizar|atk|1\n|-unboost|p2a: Cyclizar|spa|1\n|\n|t:|1697490069\n|switch|p1a: Urshifu|Urshifu-Rapid-Strike, F|100\/100|[from] Parting Shot\n|move|p2a: Cyclizar|Shed Tail|p2a: Cyclizar\n|-start|p2a: Cyclizar|Substitute|[from] move: Shed Tail\n|-damage|p2a: Cyclizar|50\/100 par\n|\n|t:|1697490078\n|switch|p2a: Sneasler|Sneasler, F|100\/100|[from] Shed Tail\n|\n|upkeep\n|turn|17\n|\n|t:|1697490084\n|move|p2a: Sneasler|Close Combat|p1a: Urshifu\n|-damage|p1a: Urshifu|67\/100\n|-unboost|p2a: Sneasler|def|1\n|-unboost|p2a: Sneasler|spd|1\n|-enditem|p2a: Sneasler|White Herb\n|-clearnegativeboost|p2a: Sneasler|[silent]\n|move|p1a: Urshifu|Surging Strikes|p2a: Sneasler\n|-crit|p2a: Sneasler\n|-end|p2a: Sneasler|Substitute\n|-crit|p2a: Sneasler\n|-damage|p2a: Sneasler|54\/100\n|-crit|p2a: Sneasler\n|-damage|p2a: Sneasler|6\/100\n|-hitcount|p2a: Sneasler|3\n|\n|upkeep\n|turn|18\n|\n|t:|1697490099\n|move|p2a: Sneasler|Acrobatics|p1a: Urshifu\n|-supereffective|p1a: Urshifu\n|-damage|p1a: Urshifu|28\/100\n|move|p1a: Urshifu|Surging Strikes|p2a: Sneasler\n|-crit|p2a: Sneasler\n|-damage|p2a: Sneasler|0 fnt\n|faint|p2a: Sneasler\n|-hitcount|p2: Sneasler|1\n|\n|upkeep\n|\n|t:|1697490112\n|switch|p2a: Cyclizar|Cyclizar, F|83\/100 par\n|turn|19\n|\n|t:|1697490116\n|move|p1a: Urshifu|Surging Strikes|p2a: Cyclizar\n|-resisted|p2a: Cyclizar\n|-crit|p2a: Cyclizar\n|-damage|p2a: Cyclizar|59\/100 par\n|-resisted|p2a: Cyclizar\n|-crit|p2a: Cyclizar\n|-damage|p2a: Cyclizar|31\/100 par\n|-resisted|p2a: Cyclizar\n|-crit|p2a: Cyclizar\n|-damage|p2a: Cyclizar|7\/100 par\n|-hitcount|p2a: Cyclizar|3\n|move|p2a: Cyclizar|Knock Off|p1a: Urshifu\n|-resisted|p1a: Urshifu\n|-damage|p1a: Urshifu|22\/100\n|-enditem|p1a: Urshifu|Choice Band|[from] move: Knock Off|[of] p2a: Cyclizar\n|\n|upkeep\n|turn|20\n|\n|t:|1697490133\n|move|p1a: Urshifu|Aqua Jet|p2a: Cyclizar\n|-resisted|p2a: Cyclizar\n|-damage|p2a: Cyclizar|0 fnt\n|faint|p2a: Cyclizar\n|\n|-sideend|p2: dingusmkyeetus|move: Light Screen\n|upkeep\n|\n|t:|1697490138\n|switch|p2a: Arceus|Arceus-Fire|100\/100\n|turn|21\n|\n|t:|1697490148\n|move|p2a: Arceus|Surf|p1a: Urshifu\n|-resisted|p1a: Urshifu\n|-damage|p1a: Urshifu|12\/100\n|move|p1a: Urshifu|Surging Strikes|p2a: Arceus\n|-supereffective|p2a: Arceus\n|-crit|p2a: Arceus\n|-damage|p2a: Arceus|70\/100\n|-supereffective|p2a: Arceus\n|-crit|p2a: Arceus\n|-damage|p2a: Arceus|41\/100\n|-supereffective|p2a: Arceus\n|-crit|p2a: Arceus\n|-damage|p2a: Arceus|10\/100\n|-hitcount|p2a: Arceus|3\n|\n|-sideend|p2: dingusmkyeetus|Reflect\n|-sideend|p1: Reposti|move: Light Screen\n|upkeep\n|turn|22\n|\n|t:|1697490166\n|move|p1a: Urshifu|Aqua Jet|p2a: Arceus\n|-supereffective|p2a: Arceus\n|-damage|p2a: Arceus|0 fnt\n|faint|p2a: Arceus\n|\n|-sideend|p1: Reposti|Reflect\n|upkeep\n|\n|t:|1697490177\n|switch|p2a: Grimmsnarl|Grimmsnarl, M, shiny|100\/100\n|turn|23\n|\n|t:|1697490180\n|move|p1a: Urshifu|Poison Jab|p2a: Grimmsnarl\n|-supereffective|p2a: Grimmsnarl\n|-damage|p2a: Grimmsnarl|28\/100\n|-status|p2a: Grimmsnarl|psn\n|move|p2a: Grimmsnarl|Foul Play|p1a: Urshifu\n|-resisted|p1a: Urshifu\n|-damage|p1a: Urshifu|0 fnt\n|faint|p1a: Urshifu\n|\n|-damage|p2a: Grimmsnarl|15\/100 psn|[from] psn\n|upkeep\n|\n|t:|1697490191\n|switch|p1a: Masquerain|Masquerain, F|100\/100\n|-ability|p1a: Masquerain|Intimidate|boost\n|-unboost|p2a: Grimmsnarl|atk|1\n|turn|24\n|\n|t:|1697490196\n|move|p1a: Masquerain|Bug Buzz|p2a: Grimmsnarl\n|-damage|p2a: Grimmsnarl|0 fnt\n|faint|p2a: Grimmsnarl\n|\n|win|Reposti\n|c|\u2606Reposti|Gg\n","uploadtime":1697490206,"views":28,"p1id":"reposti","p2id":"dingusmkyeetus","formatid":"gen9ubers","rating":0,"private":0,"password":""}