{"id":"gen9ubers-1993313685","p1":"fresh yes","p2":"MubuntuMaster","format":"[Gen 9] Ubers","log":"|j|\u2606fresh yes\n|j|\u2606MubuntuMaster\n|t:|1700296218\n|gametype|singles\n|player|p1|fresh yes|shauntal|1067\n|player|p2|MubuntuMaster|cynthia-gen4|1205\n|teamsize|p1|6\n|teamsize|p2|6\n|gen|9\n|tier|[Gen 9] Ubers\n|rated|\n|rule|Sleep Clause Mod: Limit one foe put to sleep\n|rule|Species Clause: Limit one of each Pok\u00e9mon\n|rule|OHKO Clause: OHKO moves are banned\n|rule|Evasion Items Clause: Evasion items are banned\n|rule|Evasion Moves Clause: Evasion moves are banned\n|rule|Endless Battle Clause: Forcing endless battles is banned\n|rule|HP Percentage Mod: HP is shown in percentages\n|clearpoke\n|poke|p1|Giratina|\n|poke|p1|Flutter Mane|\n|poke|p1|Ceruledge, M|\n|poke|p1|Gengar, F|\n|poke|p1|Annihilape, M|\n|poke|p1|Zoroark-Hisui, F|\n|poke|p2|Arceus|\n|poke|p2|Kyogre|\n|poke|p2|Miraidon|\n|poke|p2|Koraidon|\n|poke|p2|Giratina|\n|poke|p2|Zacian-*|\n|teampreview\n|inactive|Battle timer is ON: inactive players will automatically lose when time's up. (requested by fresh yes)\n|c|\u2606MubuntuMaster|why do so many ppl hate on legendaries in ubers?\n|\n|t:|1700296242\n|start\n|switch|p1a: ANGERY|Annihilape, M|100\/100\n|switch|p2a: Kyogre|Kyogre|100\/100\n|-weather|RainDance|[from] ability: Drizzle|[of] p2a: Kyogre\n|turn|1\n|\n|t:|1700296254\n|move|p2a: Kyogre|Water Spout|p1a: ANGERY\n|-damage|p1a: ANGERY|0 fnt\n|faint|p1a: ANGERY\n|\n|-weather|RainDance|[upkeep]\n|upkeep\n|\n|t:|1700296256\n|switch|p1a: Ld. Renegade|Giratina|100\/100\n|-ability|p1a: Ld. Renegade|Pressure\n|turn|2\n|\n|t:|1700296263\n|switch|p2a: Giratina|Giratina|100\/100\n|-ability|p2a: Giratina|Pressure\n|move|p1a: Ld. Renegade|Thunder Wave|p2a: Giratina\n|-status|p2a: Giratina|par\n|\n|-weather|RainDance|[upkeep]\n|upkeep\n|turn|3\n|\n|t:|1700296273\n|move|p1a: Ld. Renegade|Hex|p2a: Giratina\n|-supereffective|p2a: Giratina\n|-damage|p2a: Giratina|45\/100 par\n|move|p2a: Giratina|Thunder Wave|p1a: Ld. Renegade\n|-status|p1a: Ld. Renegade|par\n|\n|-weather|RainDance|[upkeep]\n|-heal|p2a: Giratina|51\/100 par|[from] item: Leftovers\n|upkeep\n|turn|4\n|\n|t:|1700296282\n|switch|p2a: Arceus|Arceus, shiny|100\/100\n|move|p1a: Ld. Renegade|Calm Mind|p1a: Ld. Renegade\n|-boost|p1a: Ld. Renegade|spa|1\n|-boost|p1a: Ld. Renegade|spd|1\n|\n|-weather|RainDance|[upkeep]\n|upkeep\n|turn|5\n|\n|t:|1700296286\n|move|p2a: Arceus|Swords Dance|p2a: Arceus\n|-boost|p2a: Arceus|atk|2\n|move|p1a: Ld. Renegade|Thunder Wave|p2a: Arceus\n|-status|p2a: Arceus|par\n|\n|-weather|none\n|upkeep\n|turn|6\n|\n|t:|1700296292\n|move|p2a: Arceus|Swords Dance|p2a: Arceus\n|-boost|p2a: Arceus|atk|2\n|move|p1a: Ld. Renegade|Hex|p2a: Arceus\n|-immune|p2a: Arceus\n|\n|upkeep\n|turn|7\n|\n|t:|1700296300\n|move|p2a: Arceus|Shadow Claw|p1a: Ld. Renegade\n|-supereffective|p1a: Ld. Renegade\n|-damage|p1a: Ld. Renegade|16\/100 par\n|cant|p1a: Ld. Renegade|par\n|\n|-heal|p1a: Ld. Renegade|22\/100 par|[from] item: Leftovers\n|upkeep\n|turn|8\n|c|\u2606fresh yes|no idea\n|\n|t:|1700296315\n|move|p2a: Arceus|Shadow Claw|p1a: Ld. Renegade\n|-supereffective|p1a: Ld. Renegade\n|-damage|p1a: Ld. Renegade|0 fnt\n|faint|p1a: Ld. Renegade\n|\n|upkeep\n|\n|t:|1700296320\n|switch|p1a: gar|Gengar, F|100\/100\n|turn|9\n|\n|t:|1700296323\n|move|p1a: gar|Clear Smog|p2a: Arceus\n|-damage|p2a: Arceus|83\/100 par\n|-clearboost|p2a: Arceus\n|move|p2a: Arceus|Shadow Claw|p1a: gar\n|-supereffective|p1a: gar\n|-damage|p1a: gar|0 fnt\n|faint|p1a: gar\n|\n|upkeep\n|\n|t:|1700296330\n|switch|p1a: blades|Ceruledge, M|100\/100\n|turn|10\n|\n|t:|1700296335\n|move|p1a: blades|Bulk Up|p1a: blades\n|-boost|p1a: blades|atk|1\n|-boost|p1a: blades|def|1\n|cant|p2a: Arceus|par\n|\n|upkeep\n|turn|11\n|\n|t:|1700296342\n|move|p1a: blades|Bulk Up|p1a: blades\n|-boost|p1a: blades|atk|1\n|-boost|p1a: blades|def|1\n|move|p2a: Arceus|Earthquake|p1a: blades\n|-supereffective|p1a: blades\n|-damage|p1a: blades|60\/100\n|-ability|p1a: blades|Weak Armor|boost\n|-unboost|p1a: blades|def|1\n|-boost|p1a: blades|spe|2\n|\n|upkeep\n|turn|12\n|\n|t:|1700296352\n|move|p1a: blades|Bulk Up|p1a: blades\n|-boost|p1a: blades|atk|1\n|-boost|p1a: blades|def|1\n|cant|p2a: Arceus|par\n|\n|upkeep\n|turn|13\n|\n|t:|1700296359\n|move|p1a: blades|Bulk Up|p1a: blades\n|-boost|p1a: blades|atk|1\n|-boost|p1a: blades|def|1\n|move|p2a: Arceus|Earthquake|p1a: blades\n|-supereffective|p1a: blades\n|-damage|p1a: blades|26\/100\n|-ability|p1a: blades|Weak Armor|boost\n|-unboost|p1a: blades|def|1\n|-boost|p1a: blades|spe|2\n|\n|upkeep\n|turn|14\n|\n|t:|1700296367\n|move|p1a: blades|Bitter Blade|p2a: Arceus\n|-damage|p2a: Arceus|0 fnt\n|-heal|p1a: blades|89\/100|[from] drain|[of] p2a: Arceus\n|faint|p2a: Arceus\n|\n|upkeep\n|-message|MubuntuMaster forfeited.\n|\n|win|fresh yes\n|raw|fresh yes's rating: 1067 &rarr; <strong>1108<\/strong><br \/>(+41 for winning)\n|raw|MubuntuMaster's rating: 1205 &rarr; <strong>1171<\/strong><br \/>(-34 for losing)\n|l|\u2606MubuntuMaster\n","uploadtime":1700296384,"views":5,"p1id":"freshyes","p2id":"mubuntumaster","formatid":"gen9ubers","rating":1108,"private":0,"password":""}