{"id":"gen9ubers-1976264711","p1":"ataz","p2":"Dropadracofan211","format":"[Gen 9] Ubers","log":"|j|\u2606ataz\n|j|\u2606Dropadracofan211\n|t:|1698280052\n|gametype|singles\n|player|p1|ataz|ghetsis-gen5bw|1073\n|player|p2|Dropadracofan211|koga|1027\n|teamsize|p1|6\n|teamsize|p2|6\n|gen|9\n|tier|[Gen 9] Ubers\n|rated|\n|rule|Sleep Clause Mod: Limit one foe put to sleep\n|rule|Species Clause: Limit one of each Pok\u00e9mon\n|rule|OHKO Clause: OHKO moves are banned\n|rule|Evasion Items Clause: Evasion items are banned\n|rule|Evasion Moves Clause: Evasion moves are banned\n|rule|Endless Battle Clause: Forcing endless battles is banned\n|rule|HP Percentage Mod: HP is shown in percentages\n|clearpoke\n|poke|p1|Ogerpon-Hearthflame, F|\n|poke|p1|Magearna|\n|poke|p1|Kyogre|\n|poke|p1|Urshifu-*, M|\n|poke|p1|Baxcalibur, F|\n|poke|p1|Flutter Mane|\n|poke|p2|Pikachu, M|\n|poke|p2|Baxcalibur, M|\n|poke|p2|Sandy Shocks|\n|poke|p2|Greninja-*, M|\n|poke|p2|Dragapult, F|\n|poke|p2|Veluza, M|\n|teampreview\n|inactive|Battle timer is ON: inactive players will automatically lose when time's up. (requested by ataz)\n|c|\u2606Dropadracofan211|Das a lot\n|c|\u2606Dropadracofan211|Of legends\n|c|\u2606ataz|hey\n|c|\u2606ataz|if it works\n|c|\u2606ataz|it works\n|inactive|Dropadracofan211 has 120 seconds left.\n|\n|t:|1698280084\n|start\n|switch|p1a: Baxcalibur|Baxcalibur, F|100\/100\n|switch|p2a: Dragapult|Dragapult, F|100\/100\n|turn|1\n|\n|t:|1698280096\n|switch|p1a: Magearna|Magearna|100\/100\n|move|p2a: Dragapult|Reflect|p2a: Dragapult\n|-sidestart|p2: Dropadracofan211|Reflect\n|\n|upkeep\n|turn|2\n|\n|t:|1698280107\n|move|p2a: Dragapult|Will-O-Wisp|p1a: Magearna\n|-status|p1a: Magearna|brn\n|move|p1a: Magearna|Agility|p1a: Magearna\n|-boost|p1a: Magearna|spe|2\n|\n|-damage|p1a: Magearna|94\/100 brn|[from] brn\n|upkeep\n|turn|3\n|\n|t:|1698280118\n|move|p2a: Dragapult|U-turn|p1a: Magearna\n|-resisted|p1a: Magearna\n|-damage|p1a: Magearna|90\/100 brn\n|\n|t:|1698280122\n|switch|p2a: Sandy Shocks|Sandy Shocks|100\/100|[from] U-turn\n|move|p1a: Magearna|Dazzling Gleam|p2a: Sandy Shocks\n|-damage|p2a: Sandy Shocks|28\/100\n|-damage|p1a: Magearna|80\/100 brn|[from] item: Life Orb\n|\n|-damage|p1a: Magearna|74\/100 brn|[from] brn\n|upkeep\n|turn|4\n|\n|t:|1698280133\n|move|p1a: Magearna|Dazzling Gleam|p2a: Sandy Shocks\n|-damage|p2a: Sandy Shocks|0 fnt\n|faint|p2a: Sandy Shocks\n|-ability|p1a: Magearna|Soul-Heart|boost\n|-boost|p1a: Magearna|spa|1\n|-end|p2a: Sandy Shocks|Protosynthesis|[silent]\n|-damage|p1a: Magearna|64\/100 brn|[from] item: Life Orb\n|\n|-damage|p1a: Magearna|58\/100 brn|[from] brn\n|upkeep\n|\n|t:|1698280159\n|switch|p2a: Pikachu|Pikachu, M|100\/100\n|turn|5\n|\n|t:|1698280169\n|move|p2a: Pikachu|Fake Out|p1a: Magearna\n|-resisted|p1a: Magearna\n|-damage|p1a: Magearna|49\/100 brn\n|cant|p1a: Magearna|flinch\n|\n|-damage|p1a: Magearna|43\/100 brn|[from] brn\n|upkeep\n|turn|6\n|\n|t:|1698280177\n|move|p1a: Magearna|Flash Cannon|p2a: Pikachu\n|-resisted|p2a: Pikachu\n|-damage|p2a: Pikachu|0 fnt\n|faint|p2a: Pikachu\n|-ability|p1a: Magearna|Soul-Heart|boost\n|-boost|p1a: Magearna|spa|1\n|-damage|p1a: Magearna|33\/100 brn|[from] item: Life Orb\n|\n|-damage|p1a: Magearna|27\/100 brn|[from] brn\n|upkeep\n|\n|t:|1698280185\n|switch|p2a: Dragapult|Dragapult, F|100\/100\n|turn|7\n|\n|t:|1698280192\n|move|p2a: Dragapult|Dragon Darts|p1a: Magearna\n|-immune|p1a: Magearna\n|move|p1a: Magearna|Dazzling Gleam|p2a: Dragapult\n|-supereffective|p2a: Dragapult\n|-damage|p2a: Dragapult|0 fnt\n|faint|p2a: Dragapult\n|-ability|p1a: Magearna|Soul-Heart|boost\n|-boost|p1a: Magearna|spa|1\n|-damage|p1a: Magearna|17\/100 brn|[from] item: Life Orb\n|\n|-damage|p1a: Magearna|11\/100 brn|[from] brn\n|upkeep\n|c|\u2606ataz|xd\n|c|\u2606ataz|not the dragon darts\n|c|\u2606Dropadracofan211|I'm stalling\ud83d\ude00\n|\n|t:|1698280221\n|switch|p2a: Greninja|Greninja, M|100\/100\n|turn|8\n|\n|t:|1698280227\n|move|p1a: Magearna|Fleur Cannon|p2a: Greninja\n|-supereffective|p2a: Greninja\n|-damage|p2a: Greninja|0 fnt\n|-unboost|p1a: Magearna|spa|2\n|faint|p2a: Greninja\n|-ability|p1a: Magearna|Soul-Heart|boost\n|-boost|p1a: Magearna|spa|1\n|-damage|p1a: Magearna|1\/100 brn|[from] item: Life Orb\n|\n|-damage|p1a: Magearna|0 fnt|[from] brn\n|faint|p1a: Magearna\n|-sideend|p2: Dropadracofan211|Reflect\n|upkeep\n|\n|t:|1698280237\n|switch|p2a: Veluza|Veluza, M|100\/100\n|switch|p1a: Baxcalibur|Baxcalibur, F|100\/100\n|turn|9\n|c|\u2606ataz|erm actually im not throwing im stalling\n|\n|t:|1698280255\n|move|p1a: Baxcalibur|Scale Shot|p2a: Veluza\n|-damage|p2a: Veluza|81\/100\n|-damage|p2a: Veluza|63\/100\n|-damage|p2a: Veluza|44\/100\n|-enditem|p2a: Veluza|Sitrus Berry|[eat]\n|-heal|p2a: Veluza|69\/100|[from] item: Sitrus Berry\n|-damage|p2a: Veluza|50\/100\n|-hitcount|p2a: Veluza|4\n|-unboost|p1a: Baxcalibur|def|1\n|-boost|p1a: Baxcalibur|spe|1\n|move|p2a: Veluza|Fillet Away||[still]\n|-fail|p2a: Veluza\n|\n|upkeep\n|turn|10\n|c|\u2606Dropadracofan211|Oof\n|\n|t:|1698280277\n|move|p1a: Baxcalibur|Scale Shot|p2a: Veluza\n|-damage|p2a: Veluza|30\/100\n|-damage|p2a: Veluza|12\/100\n|-damage|p2a: Veluza|0 fnt\n|faint|p2a: Veluza\n|-hitcount|p2: Veluza|3\n|-unboost|p1a: Baxcalibur|def|1\n|-boost|p1a: Baxcalibur|spe|1\n|\n|upkeep\n|\n|t:|1698280285\n|switch|p2a: Baxcalibur|Baxcalibur, M, shiny|100\/100\n|turn|11\n|c|\u2606ataz|wonder how this is going to go\n|\n|t:|1698280307\n|-terastallize|p2a: Baxcalibur|Fire\n|move|p1a: Baxcalibur|Scale Shot|p2a: Baxcalibur\n|-damage|p2a: Baxcalibur|86\/100\n|-damage|p2a: Baxcalibur|72\/100\n|-crit|p2a: Baxcalibur\n|-damage|p2a: Baxcalibur|50\/100\n|-damage|p2a: Baxcalibur|36\/100\n|-hitcount|p2a: Baxcalibur|4\n|-unboost|p1a: Baxcalibur|def|1\n|-boost|p1a: Baxcalibur|spe|1\n|move|p2a: Baxcalibur|Iron Head|p1a: Baxcalibur\n|-supereffective|p1a: Baxcalibur\n|-damage|p1a: Baxcalibur|0 fnt\n|faint|p1a: Baxcalibur\n|\n|upkeep\n|c|\u2606Dropadracofan211|Not how you think\n|\n|t:|1698280317\n|switch|p1a: Kyogre|Kyogre|100\/100\n|-weather|RainDance|[from] ability: Drizzle|[of] p1a: Kyogre\n|turn|12\n|\n|t:|1698280325\n|move|p2a: Baxcalibur|Icicle Spear|p1a: Kyogre\n|-resisted|p1a: Kyogre\n|-crit|p1a: Kyogre\n|-damage|p1a: Kyogre|90\/100\n|-resisted|p1a: Kyogre\n|-damage|p1a: Kyogre|84\/100\n|-resisted|p1a: Kyogre\n|-damage|p1a: Kyogre|78\/100\n|-resisted|p1a: Kyogre\n|-damage|p1a: Kyogre|72\/100\n|-hitcount|p1a: Kyogre|4\n|move|p1a: Kyogre|Origin Pulse|p2a: Baxcalibur\n|-supereffective|p2a: Baxcalibur\n|-damage|p2a: Baxcalibur|0 fnt\n|faint|p2a: Baxcalibur\n|\n|win|ataz\n|raw|ataz's rating: 1073 &rarr; <strong>1098<\/strong><br \/>(+25 for winning)\n|raw|Dropadracofan211's rating: 1027 &rarr; <strong>1015<\/strong><br \/>(-12 for losing)\n|c|\u2606ataz|how i think is you get fucked\n|c|\u2606Dropadracofan211|Oof\n","uploadtime":1698280349,"views":10,"p1id":"ataz","p2id":"dropadracofan211","formatid":"gen9ubers","rating":1015,"private":0,"password":""}