{"id":"gen9ubers-1970114107","p1":"Laprasrules12","p2":"TubeKnight","format":"[Gen 9] Ubers","log":"|j|\u2606Laprasrules12\n|j|\u2606TubeKnight\n|t:|1697595695\n|gametype|singles\n|player|p1|Laprasrules12|lusamine-nihilego|\n|player|p2|TubeKnight|265|\n|teamsize|p1|6\n|teamsize|p2|6\n|gen|9\n|tier|[Gen 9] Ubers\n|rule|Sleep Clause Mod: Limit one foe put to sleep\n|rule|Species Clause: Limit one of each Pok\u00e9mon\n|rule|OHKO Clause: OHKO moves are banned\n|rule|Evasion Items Clause: Evasion items are banned\n|rule|Evasion Moves Clause: Evasion moves are banned\n|rule|Endless Battle Clause: Forcing endless battles is banned\n|rule|HP Percentage Mod: HP is shown in percentages\n|clearpoke\n|poke|p1|Arceus-Fighting|\n|poke|p1|Espathra, M|\n|poke|p1|Zacian-*|\n|poke|p1|Palkia-Origin|\n|poke|p1|Cyclizar, M|\n|poke|p1|Magearna-Original|\n|poke|p2|Torterra, M|\n|poke|p2|Cyclizar, M|\n|poke|p2|Shaymin-Sky|\n|poke|p2|Dondozo, F|\n|poke|p2|Arceus-Poison|\n|poke|p2|Gholdengo|\n|teampreview\n|inactive|Battle timer is ON: inactive players will automatically lose when time's up. (requested by Laprasrules12)\n|inactive|TubeKnight has 270 seconds left.\n|\n|t:|1697595728\n|start\n|switch|p1a: The Horse|Palkia-Origin, shiny|100\/100\n|switch|p2a: Cyclizar|Cyclizar, M, shiny|100\/100\n|-ability|p1a: The Horse|Pressure\n|turn|1\n|\n|t:|1697595733\n|move|p2a: Cyclizar|Shed Tail|p2a: Cyclizar\n|-start|p2a: Cyclizar|Substitute|[from] move: Shed Tail\n|-damage|p2a: Cyclizar|50\/100\n|\n|t:|1697595738\n|switch|p2a: Torterra|Torterra, M, shiny|100\/100|[from] Shed Tail\n|move|p1a: The Horse|Substitute|p1a: The Horse\n|-start|p1a: The Horse|Substitute\n|-damage|p1a: The Horse|76\/100\n|\n|upkeep\n|turn|2\n|\n|t:|1697595743\n|move|p1a: The Horse|Spacial Rend|p2a: Torterra\n|-end|p2a: Torterra|Substitute\n|move|p2a: Torterra|Shell Smash|p2a: Torterra\n|-unboost|p2a: Torterra|def|1\n|-unboost|p2a: Torterra|spd|1\n|-boost|p2a: Torterra|atk|2\n|-boost|p2a: Torterra|spa|2\n|-boost|p2a: Torterra|spe|2\n|\n|upkeep\n|turn|3\n|\n|t:|1697595748\n|move|p2a: Torterra|Bullet Seed|p1a: The Horse\n|-activate|p1a: The Horse|move: Substitute|[damage]\n|-end|p1a: The Horse|Substitute\n|-damage|p1a: The Horse|49\/100\n|-damage|p1a: The Horse|25\/100\n|-damage|p1a: The Horse|0 fnt\n|faint|p1a: The Horse\n|-hitcount|p1: The Horse|5\n|\n|upkeep\n|\n|t:|1697595756\n|switch|p1a: Say Gex|Cyclizar, M, shiny|100\/100\n|turn|4\n|c|\u2606TubeKnight|holy poop\n|\n|t:|1697595763\n|move|p1a: Say Gex|Shed Tail|p1a: Say Gex\n|-start|p1a: Say Gex|Substitute|[from] move: Shed Tail\n|-damage|p1a: Say Gex|50\/100\n|\n|t:|1697595768\n|switch|p1a: Kratos|Arceus-Fighting, shiny|100\/100|[from] Shed Tail\n|move|p2a: Torterra|Bullet Seed|p1a: Kratos\n|-activate|p1a: Kratos|move: Substitute|[damage]\n|-end|p1a: Kratos|Substitute\n|-damage|p1a: Kratos|88\/100\n|-damage|p1a: Kratos|75\/100\n|-hitcount|p1a: Kratos|4\n|\n|upkeep\n|turn|5\n|\n|t:|1697595785\n|-terastallize|p1a: Kratos|Poison\n|move|p2a: Torterra|Headlong Rush|p1a: Kratos\n|-supereffective|p1a: Kratos\n|-damage|p1a: Kratos|0 fnt\n|-unboost|p2a: Torterra|def|1\n|-unboost|p2a: Torterra|spd|1\n|faint|p1a: Kratos\n|\n|upkeep\n|c|\u2606TubeKnight|oh ty\n|c|\u2606Laprasrules12|Burh\n|\n|t:|1697595795\n|switch|p1a: Sif|Zacian, shiny|100\/100\n|-ability|p1a: Sif|Intrepid Sword|boost\n|-boost|p1a: Sif|atk|1\n|turn|6\n|c|\u2606TubeKnight|ive done the same dw\n|\n|t:|1697595807\n|move|p2a: Torterra|Headlong Rush|p1a: Sif\n|-crit|p1a: Sif\n|-damage|p1a: Sif|0 fnt\n|-unboost|p2a: Torterra|def|1\n|-unboost|p2a: Torterra|spd|1\n|faint|p1a: Sif\n|\n|upkeep\n|\n|t:|1697595812\n|switch|p1a: Say Gex|Cyclizar, M, shiny|84\/100\n|turn|7\n|\n|t:|1697595815\n|move|p1a: Say Gex|Shed Tail|p1a: Say Gex\n|-start|p1a: Say Gex|Substitute|[from] move: Shed Tail\n|-damage|p1a: Say Gex|34\/100\n|\n|t:|1697595817\n|switch|p1a: Pok\u00e9ball|Magearna-Original|100\/100|[from] Shed Tail\n|move|p2a: Torterra|Headlong Rush|p1a: Pok\u00e9ball\n|-supereffective|p1a: Pok\u00e9ball\n|-end|p1a: Pok\u00e9ball|Substitute\n|-unboost|p2a: Torterra|def|1\n|-unboost|p2a: Torterra|spd|1\n|\n|upkeep\n|turn|8\n|\n|t:|1697595823\n|move|p2a: Torterra|Headlong Rush|p1a: Pok\u00e9ball\n|-supereffective|p1a: Pok\u00e9ball\n|-damage|p1a: Pok\u00e9ball|0 fnt\n|-unboost|p2a: Torterra|def|1\n|-unboost|p2a: Torterra|spd|1\n|faint|p1a: Pok\u00e9ball\n|\n|upkeep\n|\n|t:|1697595825\n|switch|p1a: Cleopatra|Espathra, M, shiny|100\/100\n|turn|9\n|\n|t:|1697595834\n|move|p1a: Cleopatra|Protect|p1a: Cleopatra\n|-singleturn|p1a: Cleopatra|Protect\n|move|p2a: Torterra|Bullet Seed|p1a: Cleopatra\n|-activate|p1a: Cleopatra|move: Protect\n|\n|-ability|p1a: Cleopatra|Speed Boost|boost\n|-boost|p1a: Cleopatra|spe|1\n|upkeep\n|turn|10\n|\n|t:|1697595853\n|switch|p2a: Gholdengo|Gholdengo|100\/100\n|move|p1a: Cleopatra|Tera Blast|p2a: Gholdengo\n|-immune|p2a: Gholdengo\n|\n|-ability|p1a: Cleopatra|Speed Boost|boost\n|-boost|p1a: Cleopatra|spe|1\n|upkeep\n|turn|11\n|c|\u2606TubeKnight|thing is i have three pivots for this thing\n|\n|t:|1697595876\n|move|p1a: Cleopatra|Protect|p1a: Cleopatra\n|-singleturn|p1a: Cleopatra|Protect\n|move|p2a: Gholdengo|Shadow Ball|p1a: Cleopatra\n|-activate|p1a: Cleopatra|move: Protect\n|\n|-ability|p1a: Cleopatra|Speed Boost|boost\n|-boost|p1a: Cleopatra|spe|1\n|upkeep\n|turn|12\n|\n|t:|1697595881\n|move|p1a: Cleopatra|Calm Mind|p1a: Cleopatra\n|-boost|p1a: Cleopatra|spa|1\n|-boost|p1a: Cleopatra|spd|1\n|move|p2a: Gholdengo|Shadow Ball|p1a: Cleopatra\n|-supereffective|p1a: Cleopatra\n|-damage|p1a: Cleopatra|24\/100\n|\n|-heal|p1a: Cleopatra|30\/100|[from] item: Leftovers\n|-ability|p1a: Cleopatra|Speed Boost|boost\n|-boost|p1a: Cleopatra|spe|1\n|upkeep\n|turn|13\n|j| Mileage\n|\n|t:|1697595886\n|switch|p1a: Say Gex|Cyclizar, M, shiny|67\/100\n|move|p2a: Gholdengo|Shadow Ball|p1a: Say Gex\n|-immune|p1a: Say Gex\n|\n|upkeep\n|turn|14\n|\n|t:|1697595892\n|switch|p2a: Shaymin|Shaymin-Sky, shiny|100\/100\n|move|p1a: Say Gex|Shed Tail|p1a: Say Gex\n|-start|p1a: Say Gex|Substitute|[from] move: Shed Tail\n|-damage|p1a: Say Gex|17\/100\n|\n|t:|1697595895\n|switch|p1a: Cleopatra|Espathra, M, shiny|30\/100|[from] Shed Tail\n|\n|-heal|p1a: Cleopatra|36\/100|[from] item: Leftovers\n|upkeep\n|turn|15\n|\n|t:|1697595897\n|move|p1a: Cleopatra|Protect|p1a: Cleopatra\n|-singleturn|p1a: Cleopatra|Protect\n|move|p2a: Shaymin|Seed Flare|p1a: Cleopatra\n|-activate|p1a: Cleopatra|move: Protect\n|\n|-heal|p1a: Cleopatra|42\/100|[from] item: Leftovers\n|-ability|p1a: Cleopatra|Speed Boost|boost\n|-boost|p1a: Cleopatra|spe|1\n|upkeep\n|turn|16\n|\n|t:|1697595899\n|move|p1a: Cleopatra|Calm Mind|p1a: Cleopatra\n|-boost|p1a: Cleopatra|spa|1\n|-boost|p1a: Cleopatra|spd|1\n|move|p2a: Shaymin|Seed Flare|p1a: Cleopatra\n|-end|p1a: Cleopatra|Substitute\n|\n|-heal|p1a: Cleopatra|48\/100|[from] item: Leftovers\n|-ability|p1a: Cleopatra|Speed Boost|boost\n|-boost|p1a: Cleopatra|spe|1\n|upkeep\n|turn|17\n|\n|t:|1697595902\n|move|p1a: Cleopatra|Protect|p1a: Cleopatra\n|-singleturn|p1a: Cleopatra|Protect\n|move|p2a: Shaymin|Seed Flare|p1a: Cleopatra\n|-activate|p1a: Cleopatra|move: Protect\n|\n|-heal|p1a: Cleopatra|54\/100|[from] item: Leftovers\n|-ability|p1a: Cleopatra|Speed Boost|boost\n|-boost|p1a: Cleopatra|spe|1\n|upkeep\n|turn|18\n|\n|t:|1697595905\n|move|p1a: Cleopatra|Stored Power|p2a: Shaymin\n|-damage|p2a: Shaymin|0 fnt\n|faint|p2a: Shaymin\n|\n|-heal|p1a: Cleopatra|60\/100|[from] item: Leftovers\n|-ability|p1a: Cleopatra|Speed Boost|boost\n|-boost|p1a: Cleopatra|spe|1\n|upkeep\n|\n|t:|1697595908\n|switch|p2a: Gholdengo|Gholdengo|100\/100\n|turn|19\n|\n|t:|1697595910\n|move|p1a: Cleopatra|Protect|p1a: Cleopatra\n|-singleturn|p1a: Cleopatra|Protect\n|move|p2a: Gholdengo|Shadow Ball|p1a: Cleopatra\n|-activate|p1a: Cleopatra|move: Protect\n|\n|-heal|p1a: Cleopatra|66\/100|[from] item: Leftovers\n|-ability|p1a: Cleopatra|Speed Boost|boost\n|-boost|p1a: Cleopatra|spe|1\n|upkeep\n|turn|20\n|\n|t:|1697595913\n|move|p1a: Cleopatra|Calm Mind|p1a: Cleopatra\n|-boost|p1a: Cleopatra|spa|1\n|-boost|p1a: Cleopatra|spd|1\n|move|p2a: Gholdengo|Shadow Ball|p1a: Cleopatra\n|-supereffective|p1a: Cleopatra\n|-damage|p1a: Cleopatra|7\/100\n|\n|-heal|p1a: Cleopatra|13\/100|[from] item: Leftovers\n|-ability|p1a: Cleopatra|Speed Boost|boost\n|-boost|p1a: Cleopatra|spe|1\n|upkeep\n|turn|21\n|\n|t:|1697595918\n|move|p1a: Cleopatra|Protect|p1a: Cleopatra\n|-singleturn|p1a: Cleopatra|Protect\n|move|p2a: Gholdengo|Shadow Ball|p1a: Cleopatra\n|-activate|p1a: Cleopatra|move: Protect\n|\n|-heal|p1a: Cleopatra|19\/100|[from] item: Leftovers\n|upkeep\n|turn|22\n|\n|t:|1697595923\n|move|p1a: Cleopatra|Stored Power|p2a: Gholdengo\n|-resisted|p2a: Gholdengo\n|-damage|p2a: Gholdengo|0 fnt\n|faint|p2a: Gholdengo\n|\n|-heal|p1a: Cleopatra|25\/100|[from] item: Leftovers\n|upkeep\n|\n|t:|1697595928\n|switch|p2a: Dondozo|Dondozo, F, shiny|100\/100\n|turn|23\n|\n|t:|1697595938\n|-terastallize|p2a: Dondozo|Steel\n|move|p1a: Cleopatra|Protect|p1a: Cleopatra\n|-singleturn|p1a: Cleopatra|Protect\n|move|p2a: Dondozo|Yawn|p1a: Cleopatra\n|-activate|p1a: Cleopatra|move: Protect\n|\n|-heal|p1a: Cleopatra|31\/100|[from] item: Leftovers\n|upkeep\n|turn|24\n|\n|t:|1697595942\n|move|p1a: Cleopatra|Stored Power|p2a: Dondozo\n|-resisted|p2a: Dondozo\n|-damage|p2a: Dondozo|46\/100\n|move|p2a: Dondozo|Yawn|p1a: Cleopatra\n|-start|p1a: Cleopatra|move: Yawn|[of] p2a: Dondozo\n|\n|-heal|p1a: Cleopatra|37\/100|[from] item: Leftovers\n|-heal|p2a: Dondozo|52\/100|[from] item: Leftovers\n|upkeep\n|turn|25\n|\n|t:|1697595954\n|move|p1a: Cleopatra|Stored Power|p2a: Dondozo\n|-resisted|p2a: Dondozo\n|-damage|p2a: Dondozo|0 fnt\n|faint|p2a: Dondozo\n|\n|-heal|p1a: Cleopatra|43\/100|[from] item: Leftovers\n|-end|p1a: Cleopatra|move: Yawn|[silent]\n|-status|p1a: Cleopatra|slp\n|upkeep\n|\n|t:|1697595958\n|switch|p2a: Torterra|Torterra, M, shiny|100\/100\n|turn|26\n|c|\u2606Laprasrules12|Well i tried\n|\n|t:|1697595963\n|cant|p1a: Cleopatra|slp\n|move|p2a: Torterra|Shell Smash|p2a: Torterra\n|-unboost|p2a: Torterra|def|1\n|-unboost|p2a: Torterra|spd|1\n|-boost|p2a: Torterra|atk|2\n|-boost|p2a: Torterra|spa|2\n|-boost|p2a: Torterra|spe|2\n|\n|-heal|p1a: Cleopatra|49\/100 slp|[from] item: Leftovers\n|upkeep\n|turn|27\n|\n|t:|1697595971\n|-curestatus|p1a: Cleopatra|slp|[msg]\n|move|p1a: Cleopatra|Protect|p1a: Cleopatra\n|-singleturn|p1a: Cleopatra|Protect\n|move|p2a: Torterra|Bullet Seed|p1a: Cleopatra\n|-activate|p1a: Cleopatra|move: Protect\n|\n|-heal|p1a: Cleopatra|55\/100|[from] item: Leftovers\n|upkeep\n|turn|28\n|\n|t:|1697595976\n|move|p1a: Cleopatra|Stored Power|p2a: Torterra\n|-damage|p2a: Torterra|0 fnt\n|faint|p2a: Torterra\n|\n|-heal|p1a: Cleopatra|61\/100|[from] item: Leftovers\n|upkeep\n|c|\u2606Laprasrules12|Wow\n|c|\u2606TubeKnight|crepes\n|\n|t:|1697595984\n|switch|p2a: Cyclizar|Cyclizar, M, shiny|84\/100\n|turn|29\n|\n|t:|1697595986\n|move|p1a: Cleopatra|Stored Power|p2a: Cyclizar\n|-damage|p2a: Cyclizar|0 fnt\n|faint|p2a: Cyclizar\n|\n|-heal|p1a: Cleopatra|68\/100|[from] item: Leftovers\n|upkeep\n|c|\u2606TubeKnight|welp im ded\n|\n|t:|1697595991\n|switch|p2a: Arceus|Arceus-Poison, shiny|100\/100\n|turn|30\n|\n|t:|1697595994\n|move|p1a: Cleopatra|Stored Power|p2a: Arceus\n|-supereffective|p2a: Arceus\n|-damage|p2a: Arceus|0 fnt\n|faint|p2a: Arceus\n|\n|win|Laprasrules12\n|c|\u2606TubeKnight|ggs\n|c|\u2606TubeKnight|i was stupid trying to setup\n|c|\u2606Laprasrules12|GG\n|c|\u2606Laprasrules12|yeah\n|c|\u2606Laprasrules12|Make sup for last round\n|c|\u2606TubeKnight|i shoulda just protected on dozo\n","uploadtime":1697595997,"views":33,"p1id":"laprasrules12","p2id":"tubeknight","formatid":"gen9ubers","rating":0,"private":0,"password":""}