{"id":"gen9ubers-1978986574","p1":"Anne Frankkkk","p2":"raskolnikofff","format":"[Gen 9] Ubers","log":"|j|\u2606Anne Frankkkk\n|j|\u2606raskolnikofff\n|t:|1698617901\n|gametype|singles\n|player|p1|Anne Frankkkk|hilbert|1181\n|player|p2|raskolnikofff|170|1257\n|teamsize|p1|6\n|teamsize|p2|6\n|gen|9\n|tier|[Gen 9] Ubers\n|rated|\n|rule|Sleep Clause Mod: Limit one foe put to sleep\n|rule|Species Clause: Limit one of each Pok\u00e9mon\n|rule|OHKO Clause: OHKO moves are banned\n|rule|Evasion Items Clause: Evasion items are banned\n|rule|Evasion Moves Clause: Evasion moves are banned\n|rule|Endless Battle Clause: Forcing endless battles is banned\n|rule|HP Percentage Mod: HP is shown in percentages\n|clearpoke\n|poke|p1|Iron Hands|\n|poke|p1|Kyogre|\n|poke|p1|Chien-Pao|\n|poke|p1|Ribombee, F|\n|poke|p1|Miraidon|\n|poke|p1|Flutter Mane|\n|poke|p2|Pelipper, M|\n|poke|p2|Basculegion, M|\n|poke|p2|Zapdos|\n|poke|p2|Qwilfish-Hisui, F|\n|poke|p2|Manaphy|\n|poke|p2|Kyogre|\n|teampreview\n|inactive|Battle timer is ON: inactive players will automatically lose when time's up. (requested by Anne Frankkkk)\n|\n|t:|1698617916\n|start\n|switch|p1a: Moonblast|Ribombee, F, shiny|100\/100\n|switch|p2a: Pelipper|Pelipper, M|100\/100\n|-weather|RainDance|[from] ability: Drizzle|[of] p2a: Pelipper\n|turn|1\n|\n|t:|1698617924\n|move|p1a: Moonblast|Sticky Web|p2a: Pelipper\n|-sidestart|p2: raskolnikofff|move: Sticky Web\n|move|p2a: Pelipper|Hurricane|p1a: Moonblast\n|-supereffective|p1a: Moonblast\n|-enditem|p1a: Moonblast|Focus Sash\n|-damage|p1a: Moonblast|1\/100\n|\n|-weather|RainDance|[upkeep]\n|upkeep\n|turn|2\n|\n|t:|1698617931\n|move|p1a: Moonblast|Moonblast|p2a: Pelipper\n|-crit|p2a: Pelipper\n|-damage|p2a: Pelipper|18\/100\n|-unboost|p2a: Pelipper|spa|1\n|move|p2a: Pelipper|U-turn|p1a: Moonblast\n|-resisted|p1a: Moonblast\n|-damage|p1a: Moonblast|0 fnt\n|faint|p1a: Moonblast\n|\n|t:|1698617942\n|switch|p2a: Zapdos|Zapdos|100\/100|[from] U-turn\n|\n|-weather|RainDance|[upkeep]\n|upkeep\n|\n|t:|1698617951\n|switch|p1a: Ice Cat|Chien-Pao|100\/100\n|-ability|p1a: Ice Cat|Sword of Ruin\n|turn|3\n|inactive|raskolnikofff has 120 seconds left.\n|\n|t:|1698617985\n|move|p1a: Ice Cat|Ice Spinner|p2a: Zapdos\n|-supereffective|p2a: Zapdos\n|-damage|p2a: Zapdos|0 fnt\n|faint|p2a: Zapdos\n|-damage|p1a: Ice Cat|91\/100|[from] item: Life Orb\n|\n|-weather|RainDance|[upkeep]\n|upkeep\n|inactive|raskolnikofff has 120 seconds left.\n|\n|t:|1698617990\n|switch|p2a: Manaphy|Manaphy|100\/100\n|-activate|p2a: Manaphy|move: Sticky Web\n|-unboost|p2a: Manaphy|spe|1\n|turn|4\n|\n|t:|1698617995\n|move|p1a: Ice Cat|Ice Spinner|p2a: Manaphy\n|-resisted|p2a: Manaphy\n|-damage|p2a: Manaphy|64\/100\n|-damage|p1a: Ice Cat|81\/100|[from] item: Life Orb\n|move|p2a: Manaphy|Tail Glow|p2a: Manaphy\n|-boost|p2a: Manaphy|spa|3\n|\n|-weather|RainDance|[upkeep]\n|upkeep\n|turn|5\n|\n|t:|1698618000\n|move|p1a: Ice Cat|Sucker Punch|p2a: Manaphy\n|-damage|p2a: Manaphy|5\/100\n|-enditem|p2a: Manaphy|Salac Berry|[eat]\n|-boost|p2a: Manaphy|spe|1|[from] item: Salac Berry\n|-damage|p1a: Ice Cat|71\/100|[from] item: Life Orb\n|move|p2a: Manaphy|Scald|p1a: Ice Cat\n|-damage|p1a: Ice Cat|0 fnt\n|faint|p1a: Ice Cat\n|\n|-weather|RainDance|[upkeep]\n|upkeep\n|\n|t:|1698618004\n|switch|p1a: Big Boy|Iron Hands, shiny|100\/100\n|turn|6\n|\n|t:|1698618008\n|move|p1a: Big Boy|Fake Out|p2a: Manaphy\n|-damage|p2a: Manaphy|0 fnt\n|faint|p2a: Manaphy\n|\n|-weather|RainDance|[upkeep]\n|upkeep\n|\n|t:|1698618014\n|switch|p2a: Qwilfish|Qwilfish-Hisui, F|100\/100\n|-activate|p2a: Qwilfish|move: Sticky Web\n|-unboost|p2a: Qwilfish|spe|1\n|turn|7\n|\n|t:|1698618018\n|move|p2a: Qwilfish|Taunt|p1a: Big Boy\n|-start|p1a: Big Boy|move: Taunt\n|move|p1a: Big Boy|Drain Punch|p2a: Qwilfish\n|-damage|p2a: Qwilfish|57\/100\n|\n|-weather|RainDance|[upkeep]\n|upkeep\n|turn|8\n|\n|t:|1698618026\n|-end|p1a: Big Boy|Quark Drive|[silent]\n|switch|p1a: Cyber Lizard|Miraidon|100\/100\n|-fieldstart|move: Electric Terrain|[from] ability: Hadron Engine|[of] p1a: Cyber Lizard\n|-item|p1a: Cyber Lizard|Air Balloon\n|move|p2a: Qwilfish|Barb Barrage|p1a: Cyber Lizard\n|-damage|p1a: Cyber Lizard|75\/100\n|-status|p1a: Cyber Lizard|psn\n|-enditem|p1a: Cyber Lizard|Air Balloon\n|\n|-weather|none\n|-damage|p1a: Cyber Lizard|63\/100 psn|[from] psn\n|upkeep\n|turn|9\n|\n|t:|1698618046\n|move|p1a: Cyber Lizard|Electro Drift|p2a: Qwilfish\n|-damage|p2a: Qwilfish|0 fnt\n|faint|p2a: Qwilfish\n|\n|-damage|p1a: Cyber Lizard|50\/100 psn|[from] psn\n|upkeep\n|\n|t:|1698618052\n|switch|p2a: Kyogre|Kyogre|100\/100\n|-activate|p2a: Kyogre|move: Sticky Web\n|-unboost|p2a: Kyogre|spe|1\n|-weather|RainDance|[from] ability: Drizzle|[of] p2a: Kyogre\n|turn|10\n|\n|t:|1698618068\n|move|p1a: Cyber Lizard|Electro Drift|p2a: Kyogre\n|-supereffective|p2a: Kyogre\n|-damage|p2a: Kyogre|0 fnt\n|faint|p2a: Kyogre\n|\n|-weather|RainDance|[upkeep]\n|-damage|p1a: Cyber Lizard|38\/100 psn|[from] psn\n|upkeep\n|\n|t:|1698618073\n|switch|p2a: Pelipper|Pelipper, M|18\/100\n|turn|11\n|\n|t:|1698618081\n|move|p1a: Cyber Lizard|Electro Drift|p2a: Pelipper\n|-supereffective|p2a: Pelipper\n|-crit|p2a: Pelipper\n|-damage|p2a: Pelipper|0 fnt\n|faint|p2a: Pelipper\n|\n|-weather|RainDance|[upkeep]\n|-damage|p1a: Cyber Lizard|26\/100 psn|[from] psn\n|upkeep\n|\n|t:|1698618083\n|switch|p2a: Basculegion|Basculegion, M|100\/100\n|-activate|p2a: Basculegion|move: Sticky Web\n|-unboost|p2a: Basculegion|spe|1\n|turn|12\n|\n|t:|1698618090\n|move|p1a: Cyber Lizard|Protect|p1a: Cyber Lizard\n|-singleturn|p1a: Cyber Lizard|Protect\n|move|p2a: Basculegion|Last Respects|p1a: Cyber Lizard\n|-activate|p1a: Cyber Lizard|move: Protect\n|\n|-weather|RainDance|[upkeep]\n|-damage|p1a: Cyber Lizard|13\/100 psn|[from] psn\n|-fieldend|move: Electric Terrain\n|upkeep\n|turn|13\n|\n|t:|1698618094\n|move|p1a: Cyber Lizard|Electro Drift|p2a: Basculegion\n|-supereffective|p2a: Basculegion\n|-damage|p2a: Basculegion|0 fnt\n|faint|p2a: Basculegion\n|\n|win|Anne Frankkkk\n|raw|Anne Frankkkk's rating: 1181 &rarr; <strong>1211<\/strong><br \/>(+30 for winning)\n|raw|raskolnikofff's rating: 1257 &rarr; <strong>1227<\/strong><br \/>(-30 for losing)\n|l|\u2606raskolnikofff\n","uploadtime":1698618105,"views":9,"p1id":"annefrankkkk","p2id":"raskolnikofff","formatid":"gen9ubers","rating":1211,"private":0,"password":""}