{"id":"gen9ubers-1986673743","p1":"S4sakiK0j1ro","p2":"Amnesia2004","format":"[Gen 9] Ubers","log":"|j|\u2606S4sakiK0j1ro\n|j|\u2606Amnesia2004\n|t:|1699505740\n|gametype|singles\n|player|p1|S4sakiK0j1ro|steven|1146\n|player|p2|Amnesia2004|102|1227\n|teamsize|p1|6\n|teamsize|p2|6\n|gen|9\n|tier|[Gen 9] Ubers\n|rated|\n|rule|Sleep Clause Mod: Limit one foe put to sleep\n|rule|Species Clause: Limit one of each Pok\u00e9mon\n|rule|OHKO Clause: OHKO moves are banned\n|rule|Evasion Items Clause: Evasion items are banned\n|rule|Evasion Moves Clause: Evasion moves are banned\n|rule|Endless Battle Clause: Forcing endless battles is banned\n|rule|HP Percentage Mod: HP is shown in percentages\n|clearpoke\n|poke|p1|Gengar, F|\n|poke|p1|Iron Hands|\n|poke|p1|Gardevoir, F|\n|poke|p1|Miraidon|\n|poke|p1|Iron Bundle|\n|poke|p1|Ceruledge, M|\n|poke|p2|Staraptor, M|\n|poke|p2|Azumarill, F|\n|poke|p2|Iron Bundle|\n|poke|p2|Gastrodon-East, M|\n|poke|p2|Corviknight, F|\n|poke|p2|Grimmsnarl, M|\n|teampreview\n|inactive|Battle timer is ON: inactive players will automatically lose when time's up. (requested by Amnesia2004)\n|c|\u2606S4sakiK0j1ro|ok\n|c|\u2606S4sakiK0j1ro|trickroom\n|\n|t:|1699505757\n|start\n|switch|p1a: Gengar|Gengar, F|100\/100\n|switch|p2a: Staraptor|Staraptor, M|100\/100\n|turn|1\n|c|\u2606S4sakiK0j1ro|looks like\n|\n|t:|1699505767\n|move|p1a: Gengar|Sucker Punch|p2a: Staraptor\n|-damage|p2a: Staraptor|85\/100\n|move|p2a: Staraptor|U-turn|p1a: Gengar\n|-resisted|p1a: Gengar\n|-damage|p1a: Gengar|90\/100\n|\n|t:|1699505770\n|switch|p2a: Corviknight|Corviknight, F|100\/100|[from] U-turn\n|-ability|p2a: Corviknight|Pressure\n|\n|upkeep\n|turn|2\n|\n|t:|1699505773\n|move|p1a: Gengar|Hypnosis|p2a: Corviknight\n|-status|p2a: Corviknight|slp|[from] move: Hypnosis\n|cant|p2a: Corviknight|slp\n|\n|upkeep\n|turn|3\n|\n|t:|1699505778\n|move|p1a: Gengar|Dream Eater|p2a: Corviknight\n|-resisted|p2a: Corviknight\n|-damage|p2a: Corviknight|88\/100 slp\n|-heal|p1a: Gengar|98\/100|[from] drain|[of] p2a: Corviknight\n|-curestatus|p2a: Corviknight|slp|[msg]\n|move|p2a: Corviknight|Taunt|p1a: Gengar\n|-start|p1a: Gengar|move: Taunt\n|\n|upkeep\n|turn|4\n|\n|t:|1699505785\n|move|p1a: Gengar|Sucker Punch|p2a: Corviknight\n|-damage|p2a: Corviknight|80\/100\n|-damage|p1a: Gengar|82\/100|[from] item: Rocky Helmet|[of] p2a: Corviknight\n|move|p2a: Corviknight|U-turn|p1a: Gengar\n|-resisted|p1a: Gengar\n|-damage|p1a: Gengar|76\/100\n|\n|t:|1699505792\n|switch|p2a: Gastrodon|Gastrodon-East, M|100\/100|[from] U-turn\n|\n|upkeep\n|turn|5\n|c|\u2606S4sakiK0j1ro|tanky boy\n|\n|t:|1699505801\n|move|p1a: Gengar|Sucker Punch|p2a: Gastrodon\n|-damage|p2a: Gastrodon|89\/100\n|move|p2a: Gastrodon|Earth Power|p1a: Gengar\n|-supereffective|p1a: Gengar\n|-damage|p1a: Gengar|0 fnt\n|-start|p2a: Gastrodon|Disable|Earth Power|[from] ability: Cursed Body|[of] p1a: Gengar\n|faint|p1a: Gengar\n|\n|-heal|p2a: Gastrodon|95\/100|[from] item: Leftovers\n|upkeep\n|\n|t:|1699505807\n|switch|p1a: Iron Bundle|Iron Bundle|100\/100\n|turn|6\n|\n|t:|1699505815\n|-terastallize|p2a: Gastrodon|Steel\n|move|p1a: Iron Bundle|Freeze-Dry|p2a: Gastrodon\n|-resisted|p2a: Gastrodon\n|-damage|p2a: Gastrodon|80\/100\n|move|p2a: Gastrodon|Stealth Rock|p1a: Iron Bundle\n|-sidestart|p1: S4sakiK0j1ro|move: Stealth Rock\n|\n|-heal|p2a: Gastrodon|86\/100|[from] item: Leftovers\n|upkeep\n|turn|7\n|c|\u2606S4sakiK0j1ro|I almost terrad\n|\n|t:|1699505822\n|switch|p2a: Corviknight|Corviknight, F|80\/100\n|-ability|p2a: Corviknight|Pressure\n|move|p1a: Iron Bundle|Freeze-Dry|p2a: Corviknight\n|-damage|p2a: Corviknight|54\/100\n|\n|upkeep\n|turn|8\n|c|\u2606S4sakiK0j1ro|why\n|\n|t:|1699505828\n|move|p1a: Iron Bundle|Freeze-Dry|p2a: Corviknight\n|-damage|p2a: Corviknight|28\/100\n|-status|p2a: Corviknight|frz\n|-curestatus|p2a: Corviknight|frz|[msg]\n|move|p2a: Corviknight|U-turn|p1a: Iron Bundle\n|-damage|p1a: Iron Bundle|86\/100\n|\n|t:|1699505834\n|switch|p2a: Staraptor|Staraptor, M|85\/100|[from] U-turn\n|\n|upkeep\n|turn|9\n|c|\u2606S4sakiK0j1ro|same turn thaw\n|\n|t:|1699505841\n|move|p1a: Iron Bundle|Freeze-Dry|p2a: Staraptor\n|-supereffective|p2a: Staraptor\n|-damage|p2a: Staraptor|0 fnt\n|faint|p2a: Staraptor\n|\n|upkeep\n|c|\u2606S4sakiK0j1ro|bye\n|\n|t:|1699505847\n|switch|p2a: Gastrodon|Gastrodon-East, M, tera:Steel|86\/100\n|turn|10\n|\n|t:|1699505851\n|move|p1a: Iron Bundle|Freeze-Dry|p2a: Gastrodon\n|-resisted|p2a: Gastrodon\n|-damage|p2a: Gastrodon|73\/100\n|move|p2a: Gastrodon|Earth Power|p1a: Iron Bundle\n|-damage|p1a: Iron Bundle|6\/100\n|\n|-heal|p2a: Gastrodon|79\/100|[from] item: Leftovers\n|upkeep\n|turn|11\n|\n|t:|1699505856\n|move|p1a: Iron Bundle|Freeze-Dry|p2a: Gastrodon\n|-resisted|p2a: Gastrodon\n|-damage|p2a: Gastrodon|65\/100\n|move|p2a: Gastrodon|Recover|p2a: Gastrodon\n|-heal|p2a: Gastrodon|100\/100\n|\n|upkeep\n|turn|12\n|c|\u2606S4sakiK0j1ro|bro\n|\n|t:|1699505864\n|move|p1a: Iron Bundle|Freeze-Dry|p2a: Gastrodon\n|-resisted|p2a: Gastrodon\n|-damage|p2a: Gastrodon|87\/100\n|-status|p2a: Gastrodon|frz\n|cant|p2a: Gastrodon|frz\n|\n|-heal|p2a: Gastrodon|93\/100 frz|[from] item: Leftovers\n|upkeep\n|turn|13\n|c|\u2606S4sakiK0j1ro|yes\n|\n|t:|1699505874\n|move|p1a: Iron Bundle|Freeze-Dry|p2a: Gastrodon\n|-resisted|p2a: Gastrodon\n|-damage|p2a: Gastrodon|78\/100 frz\n|-curestatus|p2a: Gastrodon|frz|[msg]\n|move|p2a: Gastrodon|Earth Power|p1a: Iron Bundle\n|-damage|p1a: Iron Bundle|0 fnt\n|faint|p1a: Iron Bundle\n|-end|p1a: Iron Bundle|Quark Drive|[silent]\n|\n|-heal|p2a: Gastrodon|84\/100|[from] item: Leftovers\n|upkeep\n|c|\u2606Amnesia2004|dude shut the fuck up\n|c|\u2606Amnesia2004|just play the fucking game\n|c|\u2606S4sakiK0j1ro|screw you\n|c|\u2606Amnesia2004|god\n|\n|t:|1699505896\n|switch|p1a: Iron Hands|Iron Hands|100\/100\n|-damage|p1a: Iron Hands|94\/100|[from] Stealth Rock\n|-enditem|p1a: Iron Hands|Booster Energy\n|-activate|p1a: Iron Hands|ability: Quark Drive|[fromitem]\n|-start|p1a: Iron Hands|quarkdriveatk\n|turn|14\n|\n|t:|1699505901\n|move|p1a: Iron Hands|Drain Punch|p2a: Gastrodon\n|-supereffective|p2a: Gastrodon\n|-damage|p2a: Gastrodon|0 fnt\n|-heal|p1a: Iron Hands|100\/100|[from] drain|[of] p2a: Gastrodon\n|faint|p2a: Gastrodon\n|\n|upkeep\n|c|\u2606S4sakiK0j1ro|get bent\n|\n|t:|1699505906\n|switch|p2a: Grimmsnarl|Grimmsnarl, M|100\/100\n|turn|15\n|\n|t:|1699505913\n|move|p2a: Grimmsnarl|Reflect|p2a: Grimmsnarl\n|-sidestart|p2: Amnesia2004|Reflect\n|move|p1a: Iron Hands|Belly Drum|p1a: Iron Hands\n|-damage|p1a: Iron Hands|50\/100\n|-setboost|p1a: Iron Hands|atk|6|[from] move: Belly Drum\n|\n|upkeep\n|turn|16\n|\n|t:|1699505916\n|move|p2a: Grimmsnarl|Spirit Break|p1a: Iron Hands\n|-supereffective|p1a: Iron Hands\n|-damage|p1a: Iron Hands|13\/100\n|-unboost|p1a: Iron Hands|spa|1\n|move|p1a: Iron Hands|Drain Punch|p2a: Grimmsnarl\n|-damage|p2a: Grimmsnarl|11\/100\n|-heal|p1a: Iron Hands|47\/100|[from] drain|[of] p2a: Grimmsnarl\n|\n|upkeep\n|turn|17\n|\n|t:|1699505930\n|move|p2a: Grimmsnarl|Spirit Break|p1a: Iron Hands\n|-supereffective|p1a: Iron Hands\n|-damage|p1a: Iron Hands|15\/100\n|-unboost|p1a: Iron Hands|spa|1\n|move|p1a: Iron Hands|Drain Punch|p2a: Grimmsnarl\n|-damage|p2a: Grimmsnarl|0 fnt\n|-heal|p1a: Iron Hands|19\/100|[from] drain|[of] p2a: Grimmsnarl\n|faint|p2a: Grimmsnarl\n|\n|upkeep\n|\n|t:|1699505933\n|switch|p2a: Azumarill|Azumarill, F|100\/100\n|turn|18\n|\n|t:|1699505937\n|move|p1a: Iron Hands|Detect|p1a: Iron Hands\n|-singleturn|p1a: Iron Hands|Protect\n|move|p2a: Azumarill|Play Rough|p1a: Iron Hands\n|-activate|p1a: Iron Hands|move: Protect\n|\n|upkeep\n|turn|19\n|\n|t:|1699505941\n|move|p2a: Azumarill|Aqua Jet|p1a: Iron Hands\n|-damage|p1a: Iron Hands|5\/100\n|move|p1a: Iron Hands|Thunder Punch|p2a: Azumarill\n|-supereffective|p2a: Azumarill\n|-damage|p2a: Azumarill|0 fnt\n|faint|p2a: Azumarill\n|\n|upkeep\n|-message|Amnesia2004 forfeited.\n|\n|win|S4sakiK0j1ro\n|raw|S4sakiK0j1ro's rating: 1146 &rarr; <strong>1177<\/strong><br \/>(+31 for winning)\n|raw|Amnesia2004's rating: 1227 &rarr; <strong>1196<\/strong><br \/>(-31 for losing)\n","uploadtime":1699505882,"views":4,"p1id":"s4sakik0j1ro","p2id":"amnesia2004","formatid":"gen9ubers","rating":1177,"private":0,"password":""}