{"id":"gen9ubers-1977479974","p1":"Pedrindomal","p2":"cartoon daiquerx","format":"[Gen 9] Ubers","log":"|j|\u2606Pedrindomal\n|j|\u2606cartoon daiquerx\n|t:|1698420637\n|gametype|singles\n|player|p1|Pedrindomal|169|1000\n|player|p2|cartoon daiquerx|red|1000\n|teamsize|p1|6\n|teamsize|p2|6\n|gen|9\n|tier|[Gen 9] Ubers\n|rated|\n|rule|Sleep Clause Mod: Limit one foe put to sleep\n|rule|Species Clause: Limit one of each Pok\u00e9mon\n|rule|OHKO Clause: OHKO moves are banned\n|rule|Evasion Items Clause: Evasion items are banned\n|rule|Evasion Moves Clause: Evasion moves are banned\n|rule|Endless Battle Clause: Forcing endless battles is banned\n|rule|HP Percentage Mod: HP is shown in percentages\n|clearpoke\n|poke|p1|Pelipper, F|\n|poke|p1|Barraskewda, M|\n|poke|p1|Crawdaunt, F|\n|poke|p1|Kyogre|\n|poke|p1|Vikavolt, M|\n|poke|p1|Vivillon-Elegant, M|\n|poke|p2|Cinderace, M|\n|poke|p2|Charizard, F|\n|poke|p2|Arctibax, M|\n|poke|p2|Gardevoir, F|\n|poke|p2|Gengar, F|\n|poke|p2|Lucario, F|\n|teampreview\n|\n|t:|1698420648\n|start\n|switch|p1a: Vikavolt|Vikavolt, M, shiny|100\/100\n|switch|p2a: Cinderace|Cinderace, M, shiny|100\/100\n|turn|1\n|inactive|Battle timer is ON: inactive players will automatically lose when time's up. (requested by cartoon daiquerx)\n|\n|t:|1698420671\n|move|p2a: Cinderace|Pyro Ball|p1a: Vikavolt\n|-supereffective|p1a: Vikavolt\n|-damage|p1a: Vikavolt|1\/100\n|move|p1a: Vikavolt|Thunder Wave|p2a: Cinderace\n|-status|p2a: Cinderace|par\n|\n|upkeep\n|turn|2\n|\n|t:|1698420678\n|move|p2a: Cinderace|Pyro Ball|p1a: Vikavolt\n|-supereffective|p1a: Vikavolt\n|-damage|p1a: Vikavolt|0 fnt\n|faint|p1a: Vikavolt\n|\n|upkeep\n|\n|t:|1698420681\n|switch|p1a: Pelipper|Pelipper, F|100\/100\n|-weather|RainDance|[from] ability: Drizzle|[of] p1a: Pelipper\n|turn|3\n|\n|t:|1698420687\n|move|p1a: Pelipper|Knock Off|p2a: Cinderace\n|-damage|p2a: Cinderace|85\/100 par\n|-damage|p1a: Pelipper|84\/100|[from] item: Rocky Helmet|[of] p2a: Cinderace\n|-enditem|p2a: Cinderace|Rocky Helmet|[from] move: Knock Off|[of] p1a: Pelipper\n|move|p2a: Cinderace|Electro Ball|p1a: Pelipper\n|-start|p2a: Cinderace|typechange|Electric|[from] ability: Libero\n|-supereffective|p1a: Pelipper\n|-damage|p1a: Pelipper|21\/100\n|\n|-weather|RainDance|[upkeep]\n|upkeep\n|turn|4\n|\n|t:|1698420700\n|move|p1a: Pelipper|Knock Off|p2a: Cinderace\n|-damage|p2a: Cinderace|74\/100 par\n|cant|p2a: Cinderace|par\n|\n|-weather|RainDance|[upkeep]\n|upkeep\n|turn|5\n|\n|t:|1698420705\n|move|p1a: Pelipper|Roost|p1a: Pelipper\n|-heal|p1a: Pelipper|71\/100\n|-singleturn|p1a: Pelipper|move: Roost\n|cant|p2a: Cinderace|par\n|\n|-weather|RainDance|[upkeep]\n|upkeep\n|turn|6\n|\n|t:|1698420709\n|move|p1a: Pelipper|U-turn|p2a: Cinderace\n|-damage|p2a: Cinderace|63\/100 par\n|\n|t:|1698420716\n|switch|p1a: Crawdaunt|Crawdaunt, F, shiny|100\/100|[from] U-turn\n|move|p2a: Cinderace|Electro Ball|p1a: Crawdaunt\n|-supereffective|p1a: Crawdaunt\n|-damage|p1a: Crawdaunt|57\/100\n|\n|-weather|RainDance|[upkeep]\n|upkeep\n|turn|7\n|\n|t:|1698420724\n|move|p1a: Crawdaunt|Aqua Jet|p2a: Cinderace\n|-damage|p2a: Cinderace|0 fnt\n|faint|p2a: Cinderace\n|\n|-weather|RainDance|[upkeep]\n|upkeep\n|\n|t:|1698420729\n|switch|p2a: Arctibax|Arctibax, M, shiny|100\/100\n|turn|8\n|\n|t:|1698420735\n|move|p1a: Crawdaunt|Aqua Jet|p2a: Arctibax\n|-resisted|p2a: Arctibax\n|-damage|p2a: Arctibax|58\/100\n|move|p2a: Arctibax|Icicle Spear|p1a: Crawdaunt\n|-resisted|p1a: Crawdaunt\n|-crit|p1a: Crawdaunt\n|-damage|p1a: Crawdaunt|43\/100\n|-resisted|p1a: Crawdaunt\n|-damage|p1a: Crawdaunt|34\/100\n|-hitcount|p1a: Crawdaunt|2\n|-damage|p2a: Arctibax|48\/100|[from] item: Life Orb\n|\n|-weather|RainDance|[upkeep]\n|upkeep\n|turn|9\n|\n|t:|1698420739\n|move|p1a: Crawdaunt|Aqua Jet|p2a: Arctibax\n|-resisted|p2a: Arctibax\n|-damage|p2a: Arctibax|10\/100\n|move|p2a: Arctibax|Icicle Spear|p1a: Crawdaunt\n|-resisted|p1a: Crawdaunt\n|-damage|p1a: Crawdaunt|25\/100\n|-resisted|p1a: Crawdaunt\n|-damage|p1a: Crawdaunt|17\/100\n|-resisted|p1a: Crawdaunt\n|-damage|p1a: Crawdaunt|8\/100\n|-hitcount|p1a: Crawdaunt|3\n|-damage|p2a: Arctibax|0 fnt|[from] item: Life Orb\n|faint|p2a: Arctibax\n|\n|-weather|RainDance|[upkeep]\n|upkeep\n|\n|t:|1698420743\n|switch|p2a: Gengar|Gengar, F, shiny|100\/100\n|turn|10\n|\n|t:|1698420748\n|move|p1a: Crawdaunt|Aqua Jet|p2a: Gengar\n|-damage|p2a: Gengar|0 fnt\n|faint|p2a: Gengar\n|\n|-weather|none\n|upkeep\n|\n|t:|1698420754\n|switch|p2a: Gardevoir|Gardevoir, F, shiny|100\/100\n|turn|11\n|\n|t:|1698420761\n|move|p1a: Crawdaunt|Aqua Jet|p2a: Gardevoir\n|-damage|p2a: Gardevoir|42\/100\n|move|p2a: Gardevoir|Moonblast|p1a: Crawdaunt\n|-supereffective|p1a: Crawdaunt\n|-damage|p1a: Crawdaunt|0 fnt\n|faint|p1a: Crawdaunt\n|\n|upkeep\n|\n|t:|1698420766\n|switch|p1a: Kyogre|Kyogre, shiny|100\/100\n|-weather|RainDance|[from] ability: Drizzle|[of] p1a: Kyogre\n|turn|12\n|\n|t:|1698420770\n|move|p1a: Kyogre|Ice Beam|p2a: Gardevoir\n|-damage|p2a: Gardevoir|8\/100\n|move|p2a: Gardevoir|Hypnosis|p1a: Kyogre\n|-status|p1a: Kyogre|slp|[from] move: Hypnosis\n|\n|-weather|RainDance|[upkeep]\n|upkeep\n|turn|13\n|\n|t:|1698420777\n|cant|p1a: Kyogre|slp\n|move|p2a: Gardevoir|Moonblast|p1a: Kyogre\n|-damage|p1a: Kyogre|71\/100 slp\n|\n|-weather|RainDance|[upkeep]\n|upkeep\n|turn|14\n|\n|t:|1698420786\n|cant|p1a: Kyogre|slp\n|move|p2a: Gardevoir|Draining Kiss|p1a: Kyogre\n|-damage|p1a: Kyogre|55\/100 slp\n|-heal|p2a: Gardevoir|23\/100|[from] drain|[of] p1a: Kyogre\n|\n|-weather|RainDance|[upkeep]\n|upkeep\n|turn|15\n|\n|t:|1698420791\n|cant|p1a: Kyogre|slp\n|move|p2a: Gardevoir|Draining Kiss|p1a: Kyogre\n|-damage|p1a: Kyogre|42\/100 slp\n|-heal|p2a: Gardevoir|36\/100|[from] drain|[of] p1a: Kyogre\n|\n|-weather|RainDance|[upkeep]\n|upkeep\n|turn|16\n|\n|t:|1698420795\n|-curestatus|p1a: Kyogre|slp|[msg]\n|move|p1a: Kyogre|Protect|p1a: Kyogre\n|-singleturn|p1a: Kyogre|Protect\n|move|p2a: Gardevoir|Draining Kiss|p1a: Kyogre\n|-activate|p1a: Kyogre|move: Protect\n|\n|-weather|RainDance|[upkeep]\n|upkeep\n|turn|17\n|\n|t:|1698420804\n|move|p1a: Kyogre|Thunder|p2a: Gardevoir\n|-damage|p2a: Gardevoir|0 fnt\n|faint|p2a: Gardevoir\n|\n|-weather|RainDance|[upkeep]\n|upkeep\n|\n|t:|1698420808\n|switch|p2a: Lucario|Lucario, F, shiny|100\/100\n|turn|18\n|\n|t:|1698420816\n|move|p2a: Lucario|Force Palm|p1a: Kyogre\n|-damage|p1a: Kyogre|18\/100\n|move|p1a: Kyogre|Thunder|p2a: Lucario\n|-damage|p2a: Lucario|33\/100\n|\n|-weather|RainDance|[upkeep]\n|upkeep\n|turn|19\n|\n|t:|1698420822\n|move|p2a: Lucario|Aura Sphere|p1a: Kyogre\n|-damage|p1a: Kyogre|0 fnt\n|faint|p1a: Kyogre\n|\n|-weather|none\n|upkeep\n|\n|t:|1698420827\n|switch|p1a: Pelipper|Pelipper, F|71\/100\n|-weather|RainDance|[from] ability: Drizzle|[of] p1a: Pelipper\n|turn|20\n|\n|t:|1698420834\n|move|p2a: Lucario|Aura Sphere|p1a: Pelipper\n|-resisted|p1a: Pelipper\n|-damage|p1a: Pelipper|48\/100\n|move|p1a: Pelipper|Knock Off|p2a: Lucario\n|-resisted|p2a: Lucario\n|-damage|p2a: Lucario|25\/100\n|-enditem|p2a: Lucario|Focus Band|[from] move: Knock Off|[of] p1a: Pelipper\n|\n|-weather|RainDance|[upkeep]\n|upkeep\n|turn|21\n|\n|t:|1698420841\n|move|p2a: Lucario|Extreme Speed|p1a: Pelipper\n|-damage|p1a: Pelipper|30\/100\n|move|p1a: Pelipper|Knock Off|p2a: Lucario\n|-resisted|p2a: Lucario\n|-damage|p2a: Lucario|19\/100\n|\n|-weather|RainDance|[upkeep]\n|upkeep\n|turn|22\n|\n|t:|1698420845\n|move|p2a: Lucario|Force Palm|p1a: Pelipper\n|-resisted|p1a: Pelipper\n|-damage|p1a: Pelipper|21\/100\n|move|p1a: Pelipper|Knock Off|p2a: Lucario\n|-resisted|p2a: Lucario\n|-damage|p2a: Lucario|13\/100\n|\n|-weather|RainDance|[upkeep]\n|upkeep\n|turn|23\n|\n|t:|1698420851\n|move|p2a: Lucario|Aura Sphere|p1a: Pelipper\n|-resisted|p1a: Pelipper\n|-damage|p1a: Pelipper|0 fnt\n|faint|p1a: Pelipper\n|\n|-weather|RainDance|[upkeep]\n|upkeep\n|\n|t:|1698420855\n|switch|p1a: Barraskewda|Barraskewda, M, shiny|100\/100\n|turn|24\n|\n|t:|1698420864\n|move|p1a: Barraskewda|Flip Turn|p2a: Lucario\n|-damage|p2a: Lucario|0 fnt\n|faint|p2a: Lucario\n|\n|t:|1698420866\n|switch|p1a: Vivillon|Vivillon-Elegant, M, shiny|100\/100|[from] Flip Turn\n|\n|-weather|RainDance|[upkeep]\n|upkeep\n|\n|t:|1698420868\n|switch|p2a: Charizard|Charizard, F, shiny|100\/100\n|turn|25\n|\n|t:|1698420876\n|-terastallize|p2a: Charizard|Fire\n|move|p1a: Vivillon|Sleep Powder|p2a: Charizard\n|-status|p2a: Charizard|slp|[from] move: Sleep Powder\n|cant|p2a: Charizard|slp\n|\n|-weather|RainDance|[upkeep]\n|upkeep\n|turn|26\n|\n|t:|1698420880\n|move|p1a: Vivillon|Substitute|p1a: Vivillon\n|-start|p1a: Vivillon|Substitute\n|-damage|p1a: Vivillon|76\/100\n|cant|p2a: Charizard|slp\n|\n|-weather|RainDance|[upkeep]\n|-heal|p1a: Vivillon|82\/100|[from] item: Leftovers\n|upkeep\n|turn|27\n|\n|t:|1698420890\n|move|p1a: Vivillon|Quiver Dance|p1a: Vivillon\n|-boost|p1a: Vivillon|spa|1\n|-boost|p1a: Vivillon|spd|1\n|-boost|p1a: Vivillon|spe|1\n|cant|p2a: Charizard|slp\n|\n|-weather|none\n|-heal|p1a: Vivillon|88\/100|[from] item: Leftovers\n|upkeep\n|turn|28\n|\n|t:|1698420894\n|move|p1a: Vivillon|Quiver Dance|p1a: Vivillon\n|-boost|p1a: Vivillon|spa|1\n|-boost|p1a: Vivillon|spd|1\n|-boost|p1a: Vivillon|spe|1\n|-curestatus|p2a: Charizard|slp|[msg]\n|move|p2a: Charizard|Inferno|p1a: Vivillon\n|-supereffective|p1a: Vivillon\n|-end|p1a: Vivillon|Substitute\n|\n|-heal|p1a: Vivillon|94\/100|[from] item: Leftovers\n|upkeep\n|turn|29\n|\n|t:|1698420899\n|move|p1a: Vivillon|Sleep Powder|p2a: Charizard\n|-status|p2a: Charizard|slp|[from] move: Sleep Powder\n|cant|p2a: Charizard|slp\n|\n|-heal|p1a: Vivillon|99\/100|[from] item: Leftovers\n|upkeep\n|turn|30\n|\n|t:|1698420904\n|move|p1a: Vivillon|Substitute|p1a: Vivillon\n|-start|p1a: Vivillon|Substitute\n|-damage|p1a: Vivillon|75\/100\n|cant|p2a: Charizard|slp\n|\n|-heal|p1a: Vivillon|81\/100|[from] item: Leftovers\n|upkeep\n|turn|31\n|\n|t:|1698420908\n|move|p1a: Vivillon|Quiver Dance|p1a: Vivillon\n|-boost|p1a: Vivillon|spa|1\n|-boost|p1a: Vivillon|spd|1\n|-boost|p1a: Vivillon|spe|1\n|cant|p2a: Charizard|slp\n|\n|-heal|p1a: Vivillon|87\/100|[from] item: Leftovers\n|upkeep\n|turn|32\n|\n|t:|1698420914\n|move|p1a: Vivillon|Quiver Dance|p1a: Vivillon\n|-boost|p1a: Vivillon|spa|1\n|-boost|p1a: Vivillon|spd|1\n|-boost|p1a: Vivillon|spe|1\n|-curestatus|p2a: Charizard|slp|[msg]\n|move|p2a: Charizard|Flame Charge|p1a: Vivillon\n|-supereffective|p1a: Vivillon\n|-end|p1a: Vivillon|Substitute\n|-boost|p2a: Charizard|spe|1\n|\n|-heal|p1a: Vivillon|93\/100|[from] item: Leftovers\n|upkeep\n|turn|33\n|\n|t:|1698420925\n|move|p1a: Vivillon|Sleep Powder|p2a: Charizard\n|-status|p2a: Charizard|slp|[from] move: Sleep Powder\n|cant|p2a: Charizard|slp\n|\n|-heal|p1a: Vivillon|99\/100|[from] item: Leftovers\n|upkeep\n|turn|34\n|\n|t:|1698420930\n|move|p1a: Vivillon|Sleep Powder|p2a: Charizard\n|-fail|p2a: Charizard|slp\n|-curestatus|p2a: Charizard|slp|[msg]\n|move|p2a: Charizard|Flame Charge|p1a: Vivillon\n|-supereffective|p1a: Vivillon\n|-damage|p1a: Vivillon|0 fnt\n|-boost|p2a: Charizard|spe|1\n|faint|p1a: Vivillon\n|\n|upkeep\n|\n|t:|1698420934\n|switch|p1a: Barraskewda|Barraskewda, M, shiny|100\/100\n|turn|35\n|\n|t:|1698420941\n|move|p2a: Charizard|Inferno|p1a: Barraskewda\n|-resisted|p1a: Barraskewda\n|-damage|p1a: Barraskewda|46\/100\n|-status|p1a: Barraskewda|brn\n|move|p1a: Barraskewda|Liquidation|p2a: Charizard\n|-supereffective|p2a: Charizard\n|-damage|p2a: Charizard|26\/100\n|-unboost|p2a: Charizard|def|1\n|\n|-damage|p1a: Barraskewda|40\/100 brn|[from] brn\n|upkeep\n|turn|36\n|\n|t:|1698420950\n|-terastallize|p1a: Barraskewda|Water\n|move|p2a: Charizard|Air Slash|p1a: Barraskewda\n|-damage|p1a: Barraskewda|0 fnt\n|faint|p1a: Barraskewda\n|\n|win|cartoon daiquerx\n|raw|Pedrindomal's rating: 1000 &rarr; <strong>1000<\/strong><br \/>(+0 for losing)\n|raw|cartoon daiquerx's rating: 1000 &rarr; <strong>1040<\/strong><br \/>(+40 for winning)\n","uploadtime":1698420955,"views":12,"p1id":"pedrindomal","p2id":"cartoondaiquerx","formatid":"gen9ubers","rating":1000,"private":0,"password":""}