{"id":"gen9ubers-1994448672","p1":"Shylizard","p2":"cartoon cat 44","format":"[Gen 9] Ubers","log":"|j|\u2606Shylizard\n|j|\u2606cartoon cat 44\n|t:|1700445128\n|gametype|singles\n|player|p1|Shylizard|veteran|1000\n|player|p2|cartoon cat 44|red|1009\n|teamsize|p1|6\n|teamsize|p2|6\n|gen|9\n|tier|[Gen 9] Ubers\n|rated|\n|rule|Sleep Clause Mod: Limit one foe put to sleep\n|rule|Species Clause: Limit one of each Pok\u00e9mon\n|rule|OHKO Clause: OHKO moves are banned\n|rule|Evasion Items Clause: Evasion items are banned\n|rule|Evasion Moves Clause: Evasion moves are banned\n|rule|Endless Battle Clause: Forcing endless battles is banned\n|rule|HP Percentage Mod: HP is shown in percentages\n|clearpoke\n|poke|p1|Charizard, F|\n|poke|p1|Torkoal, F|\n|poke|p1|Krookodile, F|\n|poke|p1|Poliwrath, F|\n|poke|p1|Torterra, M|\n|poke|p1|Slither Wing|\n|poke|p2|Koraidon|\n|poke|p2|Miraidon|\n|poke|p2|Palkia|\n|poke|p2|Giratina-Origin|\n|poke|p2|Charizard, F|\n|poke|p2|Gardevoir, F|\n|teampreview\n|\n|t:|1700445145\n|start\n|switch|p1a: Torkoal|Torkoal, F|100\/100\n|switch|p2a: Charizard|Charizard, F, shiny|100\/100\n|-weather|SunnyDay|[from] ability: Drought|[of] p1a: Torkoal\n|turn|1\n|inactive|Battle timer is ON: inactive players will automatically lose when time's up. (requested by cartoon cat 44)\n|inactive|Shylizard has 120 seconds left.\n|\n|t:|1700445178\n|switch|p1a: Poliwrath|Poliwrath, F|100\/100\n|move|p2a: Charizard|Dragon Dance|p2a: Charizard\n|-boost|p2a: Charizard|atk|1\n|-boost|p2a: Charizard|spe|1\n|\n|-weather|SunnyDay|[upkeep]\n|-damage|p2a: Charizard|88\/100|[from] ability: Solar Power|[of] p2a: Charizard\n|upkeep\n|turn|2\n|\n|t:|1700445202\n|move|p1a: Poliwrath|Liquidation|p2a: Charizard\n|-supereffective|p2a: Charizard\n|-damage|p2a: Charizard|43\/100\n|-damage|p1a: Poliwrath|84\/100|[from] item: Rocky Helmet|[of] p2a: Charizard\n|move|p2a: Charizard|Dragon Claw|p1a: Poliwrath\n|-damage|p1a: Poliwrath|58\/100\n|\n|-weather|SunnyDay|[upkeep]\n|-damage|p2a: Charizard|31\/100|[from] ability: Solar Power|[of] p2a: Charizard\n|upkeep\n|turn|3\n|\n|t:|1700445216\n|move|p1a: Poliwrath|Liquidation|p2a: Charizard\n|-supereffective|p2a: Charizard\n|-damage|p2a: Charizard|0 fnt\n|-damage|p1a: Poliwrath|41\/100|[from] item: Rocky Helmet|[of] p2a: Charizard\n|faint|p2a: Charizard\n|\n|-weather|SunnyDay|[upkeep]\n|upkeep\n|\n|t:|1700445221\n|switch|p2a: Gardevoir|Gardevoir, F|100\/100\n|-ability|p2a: Gardevoir|Water Absorb|[from] ability: Trace|[of] p1a: Poliwrath\n|turn|4\n|c|\u2606cartoon cat 44|Oi\n|\n|t:|1700445235\n|switch|p1a: Krookodile|Krookodile, F|100\/100\n|move|p2a: Gardevoir|Psychic Terrain|p2a: Gardevoir\n|-fieldstart|move: Psychic Terrain\n|\n|-weather|SunnyDay|[upkeep]\n|upkeep\n|turn|5\n|c|\u2606cartoon cat 44|Vc e bom viu\n|\n|t:|1700445252\n|move|p1a: Krookodile|Foul Play|p2a: Gardevoir\n|-damage|p2a: Gardevoir|53\/100\n|-damage|p1a: Krookodile|84\/100|[from] item: Rocky Helmet|[of] p2a: Gardevoir\n|move|p2a: Gardevoir|Psyshock|p1a: Krookodile\n|-immune|p1a: Krookodile\n|\n|-weather|none\n|upkeep\n|turn|6\n|\n|t:|1700445264\n|move|p1a: Krookodile|Foul Play|p2a: Gardevoir\n|-damage|p2a: Gardevoir|5\/100\n|-damage|p1a: Krookodile|67\/100|[from] item: Rocky Helmet|[of] p2a: Gardevoir\n|move|p2a: Gardevoir|Misty Explosion|p1a: Krookodile\n|-supereffective|p1a: Krookodile\n|-damage|p1a: Krookodile|0 fnt\n|faint|p2a: Gardevoir\n|faint|p1a: Krookodile\n|\n|upkeep\n|\n|t:|1700445276\n|switch|p1a: Torkoal|Torkoal, F|100\/100\n|switch|p2a: Palkia|Palkia|100\/100\n|-weather|SunnyDay|[from] ability: Drought|[of] p1a: Torkoal\n|turn|7\n|inactive|Shylizard has 120 seconds left.\n|\n|t:|1700445296\n|switch|p1a: Torterra|Torterra, M|100\/100\n|move|p2a: Palkia|Dragon Pulse|p1a: Torterra\n|-damage|p1a: Torterra|62\/100\n|\n|-weather|SunnyDay|[upkeep]\n|upkeep\n|turn|8\n|inactive|Shylizard has 120 seconds left.\n|\n|t:|1700445322\n|move|p2a: Palkia|Draco Meteor|p1a: Torterra\n|-damage|p1a: Torterra|0 fnt\n|-unboost|p2a: Palkia|spa|2\n|faint|p1a: Torterra\n|\n|-weather|SunnyDay|[upkeep]\n|-fieldend|move: Psychic Terrain\n|upkeep\n|\n|t:|1700445340\n|switch|p1a: Slither Wing|Slither Wing|100\/100\n|-activate|p1a: Slither Wing|ability: Protosynthesis\n|-start|p1a: Slither Wing|protosynthesisatk\n|turn|9\n|\n|t:|1700445349\n|-terastallize|p1a: Slither Wing|Bug\n|move|p1a: Slither Wing|First Impression|p2a: Palkia\n|-damage|p2a: Palkia|4\/100\n|-damage|p1a: Slither Wing|91\/100|[from] item: Life Orb\n|move|p2a: Palkia|Draco Meteor|p1a: Slither Wing\n|-crit|p1a: Slither Wing\n|-damage|p1a: Slither Wing|0 fnt\n|-unboost|p2a: Palkia|spa|2\n|faint|p1a: Slither Wing\n|-end|p1a: Slither Wing|Protosynthesis|[silent]\n|\n|-weather|SunnyDay|[upkeep]\n|upkeep\n|\n|t:|1700445364\n|switch|p1a: Poliwrath|Poliwrath, F|41\/100\n|turn|10\n|\n|t:|1700445368\n|move|p1a: Poliwrath|Liquidation|p2a: Palkia\n|-resisted|p2a: Palkia\n|-damage|p2a: Palkia|0 fnt\n|faint|p2a: Palkia\n|\n|-weather|SunnyDay|[upkeep]\n|upkeep\n|\n|t:|1700445374\n|switch|p2a: Miraidon|Miraidon|100\/100\n|-fieldstart|move: Electric Terrain|[from] ability: Hadron Engine|[of] p2a: Miraidon\n|turn|11\n|\n|t:|1700445389\n|switch|p1a: Torkoal|Torkoal, F|100\/100\n|move|p2a: Miraidon|Electro Drift|p1a: Torkoal\n|-damage|p1a: Torkoal|9\/100\n|\n|-weather|none\n|-heal|p1a: Torkoal|15\/100|[from] item: Leftovers\n|upkeep\n|turn|12\n|\n|t:|1700445414\n|move|p2a: Miraidon|Draco Meteor|p1a: Torkoal\n|-damage|p1a: Torkoal|0 fnt\n|-unboost|p2a: Miraidon|spa|2\n|faint|p1a: Torkoal\n|\n|upkeep\n|\n|t:|1700445421\n|switch|p1a: Charizard|Charizard, F, shiny|100\/100\n|turn|13\n|inactive|Shylizard has 90 seconds left.\n|\n|t:|1700445436\n|move|p1a: Charizard|Fire Blast|p2a: Miraidon\n|-resisted|p2a: Miraidon\n|-damage|p2a: Miraidon|71\/100\n|move|p2a: Miraidon|Swords Dance|p2a: Miraidon\n|-boost|p2a: Miraidon|atk|2\n|\n|upkeep\n|turn|14\n|-message|Shylizard forfeited.\n|\n|win|cartoon cat 44\n|raw|Shylizard's rating: 1000 &rarr; <strong>1000<\/strong><br \/>(+0 for losing)\n|raw|cartoon cat 44's rating: 1009 &rarr; <strong>1047<\/strong><br \/>(+38 for winning)\n|l|\u2606Shylizard\n","uploadtime":1700445451,"views":5,"p1id":"shylizard","p2id":"cartooncat44","formatid":"gen9ubers","rating":1000,"private":0,"password":""}