{"id":"gen9ubers-1989176945","p1":"Dread Hades 0","p2":"KeshBa45","format":"[Gen 9] Ubers","log":"|j|\u2606Dread Hades 0\n|j|\u2606KeshBa45\n|t:|1699820331\n|gametype|singles\n|player|p1|Dread Hades 0|guzma|\n|player|p2|KeshBa45|red|\n|teamsize|p1|6\n|teamsize|p2|6\n|gen|9\n|tier|[Gen 9] Ubers\n|rated|Tournament battle\n|rule|Sleep Clause Mod: Limit one foe put to sleep\n|rule|Species Clause: Limit one of each Pok\u00e9mon\n|rule|OHKO Clause: OHKO moves are banned\n|rule|Evasion Items Clause: Evasion items are banned\n|rule|Evasion Moves Clause: Evasion moves are banned\n|rule|Endless Battle Clause: Forcing endless battles is banned\n|rule|HP Percentage Mod: HP is shown in percentages\n|clearpoke\n|poke|p1|Arceus|\n|poke|p1|Polteageist-Antique|\n|poke|p1|Zacian-*|\n|poke|p1|Eternatus|\n|poke|p1|Baxcalibur, F|\n|poke|p1|Koraidon|\n|poke|p2|Calyrex-Ice|\n|poke|p2|Koraidon|\n|poke|p2|Toxapex, F|\n|poke|p2|Ting-Lu|\n|poke|p2|Arceus|\n|poke|p2|Miraidon|\n|teampreview\n|inactive|Battle timer is ON: inactive players will automatically lose when time's up. (requested by Dread Hades 0)\n|c|\u2606KeshBa45|Glgl\n|c|\u2606Dread Hades 0|im just gonna prob loose this\n|c|\u2606Dread Hades 0|seing your ting lu and toxi is already making me wanna forfeit\n|inactive|Dread Hades 0 has 120 seconds left.\n|\n|t:|1699820377\n|start\n|switch|p1a: Drole|Baxcalibur, F|100\/100\n|switch|p2a: Koraidon|Koraidon|100\/100\n|-weather|SunnyDay|[from] ability: Orichalcum Pulse|[of] p2a: Koraidon\n|-activate|p2a: Koraidon|Orichalcum Pulse|[source]\n|turn|1\n|inactive|KeshBa45 has 120 seconds left.\n|\n|t:|1699820415\n|-terastallize|p1a: Drole|Ground\n|move|p2a: Koraidon|Low Kick|p1a: Drole\n|-damage|p1a: Drole|16\/100\n|move|p1a: Drole|Dragon Dance|p1a: Drole\n|-boost|p1a: Drole|atk|1\n|-boost|p1a: Drole|spe|1\n|\n|-weather|SunnyDay|[upkeep]\n|upkeep\n|turn|2\n|\n|t:|1699820421\n|move|p2a: Koraidon|Low Kick|p1a: Drole\n|-damage|p1a: Drole|0 fnt\n|faint|p1a: Drole\n|\n|-weather|SunnyDay|[upkeep]\n|upkeep\n|c|\u2606Dread Hades 0|shit\n|c|\u2606Dread Hades 0|its fast\n|inactive|Dread Hades 0 has 120 seconds left.\n|\n|t:|1699820453\n|switch|p1a: Grayroad|Polteageist-Antique|100\/100\n|turn|3\n|inactive|KeshBa45 has 120 seconds left.\n|inactive|KeshBa45 has 90 seconds left.\n|\n|t:|1699820520\n|switch|p2a: Ting-Lu|Ting-Lu|100\/100\n|-ability|p2a: Ting-Lu|Vessel of Ruin\n|move|p1a: Grayroad|Shell Smash|p1a: Grayroad\n|-unboost|p1a: Grayroad|def|1\n|-unboost|p1a: Grayroad|spd|1\n|-boost|p1a: Grayroad|atk|2\n|-boost|p1a: Grayroad|spa|2\n|-boost|p1a: Grayroad|spe|2\n|\n|-weather|SunnyDay|[upkeep]\n|upkeep\n|turn|4\n|inactive|Dread Hades 0 has 120 seconds left.\n|\n|t:|1699820567\n|move|p1a: Grayroad|Giga Drain|p2a: Ting-Lu\n|-supereffective|p2a: Ting-Lu\n|-damage|p2a: Ting-Lu|56\/100\n|move|p2a: Ting-Lu|Whirlwind|p1a: Grayroad\n|drag|p1a: zeldris|Zacian-Crowned|100\/100\n|-ability|p1a: zeldris|Intrepid Sword|boost\n|-boost|p1a: zeldris|atk|1\n|\n|-weather|SunnyDay|[upkeep]\n|-heal|p2a: Ting-Lu|62\/100|[from] item: Leftovers\n|upkeep\n|turn|5\n|inactive|KeshBa45 has 90 seconds left.\n|c|\u2606Dread Hades 0|nooo wat did u do\n|inactive|Dread Hades 0 has 90 seconds left.\n|\n|t:|1699820584\n|switch|p2a: Toxapex|Toxapex, F|100\/100\n|move|p1a: zeldris|Play Rough|p2a: Toxapex\n|-resisted|p2a: Toxapex\n|-damage|p2a: Toxapex|77\/100\n|-damage|p1a: zeldris|84\/100|[from] item: Rocky Helmet|[of] p2a: Toxapex\n|\n|-weather|none\n|upkeep\n|turn|6\n|inactive|KeshBa45 has 90 seconds left.\n|inactive|Dread Hades 0 has 90 seconds left.\n|\n|t:|1699820596\n|switch|p1a: Grayroad|Polteageist-Antique|100\/100\n|move|p2a: Toxapex|Haze|p2a: Toxapex\n|-clearallboost\n|\n|upkeep\n|turn|7\n|inactive|KeshBa45 has 90 seconds left.\n|inactive|KeshBa45 has 60 seconds left.\n|\n|t:|1699820642\n|move|p1a: Grayroad|Shell Smash|p1a: Grayroad\n|-unboost|p1a: Grayroad|def|1\n|-unboost|p1a: Grayroad|spd|1\n|-boost|p1a: Grayroad|atk|2\n|-boost|p1a: Grayroad|spa|2\n|-boost|p1a: Grayroad|spe|2\n|move|p2a: Toxapex|Toxic|p1a: Grayroad\n|-status|p1a: Grayroad|tox\n|\n|-damage|p1a: Grayroad|94\/100 tox|[from] psn\n|upkeep\n|turn|8\n|inactive|KeshBa45 has 60 seconds left.\n|inactive|Dread Hades 0 has 90 seconds left.\n|\n|t:|1699820689\n|move|p1a: Grayroad|Psychic|p2a: Toxapex\n|-supereffective|p2a: Toxapex\n|-damage|p2a: Toxapex|0 fnt\n|faint|p2a: Toxapex\n|\n|-damage|p1a: Grayroad|82\/100 tox|[from] psn\n|upkeep\n|inactive|KeshBa45 has 60 seconds left.\n|\n|t:|1699820695\n|switch|p2a: Koraidon|Koraidon|100\/100\n|-weather|SunnyDay|[from] ability: Orichalcum Pulse|[of] p2a: Koraidon\n|-activate|p2a: Koraidon|Orichalcum Pulse|[source]\n|turn|9\n|\n|t:|1699820712\n|move|p2a: Koraidon|Flare Blitz|p1a: Grayroad\n|-damage|p1a: Grayroad|0 fnt\n|faint|p1a: Grayroad\n|-damage|p2a: Koraidon|80\/100|[from] Recoil\n|\n|-weather|SunnyDay|[upkeep]\n|upkeep\n|inactive|Dread Hades 0 has 60 seconds left.\n|c|\u2606Dread Hades 0|how is that koraidon so fast\n|\n|t:|1699820732\n|switch|p1a: Demon king|Eternatus|100\/100\n|-ability|p1a: Demon king|Pressure\n|turn|10\n|\n|t:|1699820742\n|switch|p2a: Ting-Lu|Ting-Lu|62\/100\n|-ability|p2a: Ting-Lu|Vessel of Ruin\n|move|p1a: Demon king|Dynamax Cannon|p2a: Ting-Lu\n|-damage|p2a: Ting-Lu|41\/100\n|\n|-weather|SunnyDay|[upkeep]\n|-heal|p2a: Ting-Lu|47\/100|[from] item: Leftovers\n|upkeep\n|turn|11\n|\n|t:|1699820749\n|switch|p1a: meliodas|Arceus|100\/100\n|move|p2a: Ting-Lu|Spikes|p1a: meliodas\n|-sidestart|p1: Dread Hades 0|Spikes\n|\n|-weather|SunnyDay|[upkeep]\n|-heal|p2a: Ting-Lu|53\/100|[from] item: Leftovers\n|upkeep\n|turn|12\n|inactive|KeshBa45 has 90 seconds left.\n|\n|t:|1699820760\n|switch|p2a: Koraidon|Koraidon|80\/100\n|-activate|p2a: Koraidon|ability: Orichalcum Pulse\n|move|p1a: meliodas|Dragon Dance|p1a: meliodas\n|-boost|p1a: meliodas|atk|1\n|-boost|p1a: meliodas|spe|1\n|\n|-weather|SunnyDay|[upkeep]\n|upkeep\n|turn|13\n|inactive|Dread Hades 0 has 60 seconds left.\n|\n|t:|1699820797\n|move|p1a: meliodas|Extreme Speed|p2a: Koraidon\n|-damage|p2a: Koraidon|8\/100\n|move|p2a: Koraidon|Low Kick|p1a: meliodas\n|-supereffective|p1a: meliodas\n|-damage|p1a: meliodas|0 fnt\n|faint|p1a: meliodas\n|\n|-weather|none\n|upkeep\n|\n|t:|1699820804\n|switch|p1a: zeldris|Zacian-Crowned|84\/100\n|-damage|p1a: zeldris|72\/100|[from] Spikes\n|turn|14\n|\n|t:|1699820812\n|switch|p2a: Arceus|Arceus|100\/100\n|move|p1a: zeldris|Behemoth Blade|p2a: Arceus\n|-damage|p2a: Arceus|57\/100\n|\n|upkeep\n|turn|15\n|\n|t:|1699820817\n|move|p1a: zeldris|Sacred Sword|p2a: Arceus\n|-supereffective|p2a: Arceus\n|-damage|p2a: Arceus|11\/100\n|move|p2a: Arceus|Shadow Claw|p1a: zeldris\n|-damage|p1a: zeldris|46\/100\n|\n|upkeep\n|turn|16\n|\n|t:|1699820821\n|move|p2a: Arceus|Extreme Speed|p1a: zeldris\n|-resisted|p1a: zeldris\n|-damage|p1a: zeldris|21\/100\n|move|p1a: zeldris|Sacred Sword|p2a: Arceus\n|-supereffective|p2a: Arceus\n|-damage|p2a: Arceus|0 fnt\n|faint|p2a: Arceus\n|\n|upkeep\n|c|\u2606KeshBa45|Gg\n|\n|t:|1699820828\n|switch|p2a: Calyrex|Calyrex-Ice|100\/100\n|-ability|p2a: Calyrex|As One\n|-ability|p2a: Calyrex|Unnerve\n|turn|17\n|c|\u2606Dread Hades 0|yh i know u win\n|inactive|Dread Hades 0 has 90 seconds left.\n|\n|t:|1699820836\n|-terastallize|p2a: Calyrex|Fire\n|move|p1a: zeldris|Behemoth Blade|p2a: Calyrex\n|-resisted|p2a: Calyrex\n|-damage|p2a: Calyrex|85\/100\n|move|p2a: Calyrex|Swords Dance|p2a: Calyrex\n|-boost|p2a: Calyrex|atk|2\n|\n|upkeep\n|turn|18\n|\n|t:|1699820842\n|move|p1a: zeldris|Play Rough|p2a: Calyrex\n|-resisted|p2a: Calyrex\n|-damage|p2a: Calyrex|70\/100\n|-unboost|p2a: Calyrex|atk|1\n|move|p2a: Calyrex|Trick Room|p2a: Calyrex\n|-fieldstart|move: Trick Room|[of] p2a: Calyrex\n|\n|upkeep\n|turn|19\n|-message|Dread Hades 0 forfeited.\n|\n|win|KeshBa45\n|n|\u2606Dread Hades 0|dreadhades0\n|n|\u2606KeshBa45|keshba45\n","uploadtime":1699820855,"views":27,"p1id":"dreadhades0","p2id":"keshba45","formatid":"gen9ubers","rating":0,"private":0,"password":""}