{"id":"gen9ubers-1978673200","p1":"hashw12","p2":"Jonwill","format":"[Gen 9] Ubers","log":"|j|\u2606hashw12\n|j|\u2606Jonwill\n|t:|1698579098\n|gametype|singles\n|player|p1|hashw12|1|1000\n|player|p2|Jonwill|265|1000\n|teamsize|p1|6\n|teamsize|p2|6\n|gen|9\n|tier|[Gen 9] Ubers\n|rated|\n|rule|Sleep Clause Mod: Limit one foe put to sleep\n|rule|Species Clause: Limit one of each Pok\u00e9mon\n|rule|OHKO Clause: OHKO moves are banned\n|rule|Evasion Items Clause: Evasion items are banned\n|rule|Evasion Moves Clause: Evasion moves are banned\n|rule|Endless Battle Clause: Forcing endless battles is banned\n|rule|HP Percentage Mod: HP is shown in percentages\n|clearpoke\n|poke|p1|Kingambit, M|\n|poke|p1|Miraidon|\n|poke|p1|Iron Bundle|\n|poke|p1|Ting-Lu|\n|poke|p1|Skeledirge, F|\n|poke|p1|Corviknight, F|\n|poke|p2|Greninja-*, M|\n|poke|p2|Rayquaza|\n|poke|p2|Charizard, F|\n|poke|p2|Gengar, F|\n|poke|p2|Zapdos|\n|poke|p2|Zacian-*|\n|teampreview\n|\n|t:|1698579106\n|start\n|switch|p1a: Ting-Lu|Ting-Lu|100\/100\n|switch|p2a: Rayquaza|Rayquaza|100\/100\n|-ability|p2a: Rayquaza|Air Lock\n|-ability|p1a: Ting-Lu|Vessel of Ruin\n|turn|1\n|inactive|Battle timer is ON: inactive players will automatically lose when time's up. (requested by hashw12)\n|\n|t:|1698579116\n|move|p2a: Rayquaza|Dragon Dance|p2a: Rayquaza\n|-boost|p2a: Rayquaza|atk|1\n|-boost|p2a: Rayquaza|spe|1\n|move|p1a: Ting-Lu|Stealth Rock|p2a: Rayquaza\n|-sidestart|p2: Jonwill|move: Stealth Rock\n|\n|upkeep\n|turn|2\n|\n|t:|1698579122\n|move|p2a: Rayquaza|Dragon Dance|p2a: Rayquaza\n|-boost|p2a: Rayquaza|atk|1\n|-boost|p2a: Rayquaza|spe|1\n|move|p1a: Ting-Lu|Spikes|p2a: Rayquaza\n|-sidestart|p2: Jonwill|Spikes\n|\n|upkeep\n|turn|3\n|\n|t:|1698579130\n|move|p2a: Rayquaza|Dragon Dance|p2a: Rayquaza\n|-boost|p2a: Rayquaza|atk|1\n|-boost|p2a: Rayquaza|spe|1\n|move|p1a: Ting-Lu|Whirlwind|p2a: Rayquaza\n|drag|p2a: Gengar|Gengar, F|100\/100\n|-damage|p2a: Gengar|88\/100|[from] Stealth Rock\n|-damage|p2a: Gengar|76\/100|[from] Spikes\n|\n|upkeep\n|turn|4\n|\n|t:|1698579142\n|-terastallize|p2a: Gengar|Ghost\n|move|p2a: Gengar|Thief|p1a: Ting-Lu\n|-resisted|p1a: Ting-Lu\n|-damage|p1a: Ting-Lu|97\/100\n|move|p1a: Ting-Lu|Earthquake|p2a: Gengar\n|-damage|p2a: Gengar|26\/100\n|\n|-heal|p1a: Ting-Lu|100\/100|[from] item: Leftovers\n|upkeep\n|turn|5\n|\n|t:|1698579151\n|move|p2a: Gengar|Protect|p2a: Gengar\n|-singleturn|p2a: Gengar|Protect\n|move|p1a: Ting-Lu|Spikes|p2a: Gengar\n|-sidestart|p2: Jonwill|Spikes\n|\n|upkeep\n|turn|6\n|\n|t:|1698579157\n|move|p2a: Gengar|Night Shade|p1a: Ting-Lu\n|-damage|p1a: Ting-Lu|81\/100\n|move|p1a: Ting-Lu|Earthquake|p2a: Gengar\n|-damage|p2a: Gengar|0 fnt\n|faint|p2a: Gengar\n|\n|-heal|p1a: Ting-Lu|87\/100|[from] item: Leftovers\n|upkeep\n|\n|t:|1698579167\n|switch|p2a: Rayquaza|Rayquaza|100\/100\n|-damage|p2a: Rayquaza|76\/100|[from] Stealth Rock\n|-ability|p2a: Rayquaza|Air Lock\n|turn|7\n|\n|t:|1698579173\n|move|p2a: Rayquaza|Dragon Dance|p2a: Rayquaza\n|-boost|p2a: Rayquaza|atk|1\n|-boost|p2a: Rayquaza|spe|1\n|move|p1a: Ting-Lu|Spikes|p2a: Rayquaza\n|-sidestart|p2: Jonwill|Spikes\n|\n|-heal|p1a: Ting-Lu|93\/100|[from] item: Leftovers\n|upkeep\n|turn|8\n|\n|t:|1698579180\n|move|p2a: Rayquaza|Dragon Dance|p2a: Rayquaza\n|-boost|p2a: Rayquaza|atk|1\n|-boost|p2a: Rayquaza|spe|1\n|move|p1a: Ting-Lu|Whirlwind|p2a: Rayquaza\n|drag|p2a: Charizard|Charizard, F|100\/100\n|-damage|p2a: Charizard|51\/100|[from] Stealth Rock\n|\n|-heal|p1a: Ting-Lu|99\/100|[from] item: Leftovers\n|upkeep\n|turn|9\n|\n|t:|1698579190\n|move|p2a: Charizard|Dragon Tail|p1a: Ting-Lu\n|-damage|p1a: Ting-Lu|91\/100\n|drag|p1a: Kingambit|Kingambit, M|100\/100\n|\n|upkeep\n|turn|10\n|\n|t:|1698579198\n|-end|p1a: Kingambit|fallenundefined|[silent]\n|switch|p1a: Ting-Lu|Ting-Lu|91\/100\n|-ability|p1a: Ting-Lu|Vessel of Ruin\n|move|p2a: Charizard|Flame Charge|p1a: Ting-Lu\n|-damage|p1a: Ting-Lu|81\/100\n|-boost|p2a: Charizard|spe|1\n|\n|-heal|p1a: Ting-Lu|87\/100|[from] item: Leftovers\n|upkeep\n|turn|11\n|\n|t:|1698579215\n|switch|p2a: Greninja|Greninja, M|100\/100\n|-damage|p2a: Greninja|88\/100|[from] Stealth Rock\n|-damage|p2a: Greninja|63\/100|[from] Spikes\n|move|p1a: Ting-Lu|Whirlwind|p2a: Greninja\n|drag|p2a: Rayquaza|Rayquaza|76\/100\n|-damage|p2a: Rayquaza|51\/100|[from] Stealth Rock\n|-ability|p2a: Rayquaza|Air Lock\n|\n|-heal|p1a: Ting-Lu|93\/100|[from] item: Leftovers\n|upkeep\n|turn|12\n|\n|t:|1698579227\n|move|p2a: Rayquaza|Extreme Speed|p1a: Ting-Lu\n|-damage|p1a: Ting-Lu|79\/100\n|move|p1a: Ting-Lu|Whirlwind|p2a: Rayquaza\n|drag|p2a: Zacian|Zacian|100\/100\n|-damage|p2a: Zacian|88\/100|[from] Stealth Rock\n|-damage|p2a: Zacian|63\/100|[from] Spikes\n|-ability|p2a: Zacian|Intrepid Sword|boost\n|-boost|p2a: Zacian|atk|1\n|\n|-heal|p1a: Ting-Lu|85\/100|[from] item: Leftovers\n|upkeep\n|turn|13\n|\n|t:|1698579241\n|-terastallize|p1a: Ting-Lu|Ghost\n|move|p2a: Zacian|Iron Defense|p2a: Zacian\n|-boost|p2a: Zacian|def|2\n|move|p1a: Ting-Lu|Whirlwind|p2a: Zacian\n|drag|p2a: Rayquaza|Rayquaza|51\/100\n|-damage|p2a: Rayquaza|26\/100|[from] Stealth Rock\n|-ability|p2a: Rayquaza|Air Lock\n|\n|-heal|p1a: Ting-Lu|92\/100|[from] item: Leftovers\n|upkeep\n|turn|14\n|\n|t:|1698579255\n|move|p2a: Rayquaza|Draco Meteor|p1a: Ting-Lu\n|-damage|p1a: Ting-Lu|65\/100\n|-unboost|p2a: Rayquaza|spa|2\n|move|p1a: Ting-Lu|Whirlwind|p2a: Rayquaza\n|drag|p2a: Greninja|Greninja, M|63\/100\n|-damage|p2a: Greninja|51\/100|[from] Stealth Rock\n|-damage|p2a: Greninja|26\/100|[from] Spikes\n|\n|-heal|p1a: Ting-Lu|72\/100|[from] item: Leftovers\n|upkeep\n|turn|15\n|\n|t:|1698579266\n|move|p2a: Greninja|Blizzard|p1a: Ting-Lu|[miss]\n|-miss|p2a: Greninja|p1a: Ting-Lu\n|move|p1a: Ting-Lu|Whirlwind|p2a: Greninja\n|drag|p2a: Rayquaza|Rayquaza|26\/100\n|-damage|p2a: Rayquaza|1\/100|[from] Stealth Rock\n|-ability|p2a: Rayquaza|Air Lock\n|\n|-heal|p1a: Ting-Lu|78\/100|[from] item: Leftovers\n|upkeep\n|turn|16\n|\n|t:|1698579275\n|switch|p2a: Zapdos|Zapdos|100\/100\n|-damage|p2a: Zapdos|76\/100|[from] Stealth Rock\n|move|p1a: Ting-Lu|Whirlwind|p2a: Zapdos\n|drag|p2a: Greninja|Greninja, M|26\/100\n|-damage|p2a: Greninja|14\/100|[from] Stealth Rock\n|-damage|p2a: Greninja|0 fnt|[from] Spikes\n|faint|p2a: Greninja\n|\n|-heal|p1a: Ting-Lu|84\/100|[from] item: Leftovers\n|upkeep\n|\n|t:|1698579289\n|switch|p2a: Zapdos|Zapdos|76\/100\n|-damage|p2a: Zapdos|51\/100|[from] Stealth Rock\n|turn|17\n|\n|t:|1698579293\n|move|p2a: Zapdos|Zap Cannon|p1a: Ting-Lu\n|-damage|p1a: Ting-Lu|65\/100\n|-status|p1a: Ting-Lu|par\n|move|p1a: Ting-Lu|Whirlwind|p2a: Zapdos\n|drag|p2a: Zacian|Zacian|63\/100\n|-damage|p2a: Zacian|51\/100|[from] Stealth Rock\n|-damage|p2a: Zacian|26\/100|[from] Spikes\n|\n|-heal|p1a: Ting-Lu|71\/100 par|[from] item: Leftovers\n|upkeep\n|turn|18\n|\n|t:|1698579305\n|move|p2a: Zacian|Play Rough|p1a: Ting-Lu\n|-damage|p1a: Ting-Lu|50\/100 par\n|-unboost|p1a: Ting-Lu|atk|1\n|cant|p1a: Ting-Lu|par\n|\n|-heal|p1a: Ting-Lu|56\/100 par|[from] item: Leftovers\n|upkeep\n|turn|19\n|\n|t:|1698579314\n|move|p2a: Zacian|Play Rough|p1a: Ting-Lu\n|-damage|p1a: Ting-Lu|38\/100 par\n|move|p1a: Ting-Lu|Whirlwind|p2a: Zacian\n|drag|p2a: Charizard|Charizard, F|51\/100\n|-damage|p2a: Charizard|1\/100|[from] Stealth Rock\n|\n|-heal|p1a: Ting-Lu|44\/100 par|[from] item: Leftovers\n|upkeep\n|turn|20\n|\n|t:|1698579331\n|move|p2a: Charizard|Dragon Tail|p1a: Ting-Lu\n|-damage|p1a: Ting-Lu|37\/100 par\n|drag|p1a: Corviknight|Corviknight, F|100\/100\n|-ability|p1a: Corviknight|Pressure\n|\n|upkeep\n|turn|21\n|\n|t:|1698579340\n|move|p2a: Charizard|Flame Charge|p1a: Corviknight\n|-supereffective|p1a: Corviknight\n|-damage|p1a: Corviknight|74\/100\n|-boost|p2a: Charizard|spe|1\n|move|p1a: Corviknight|U-turn|p2a: Charizard\n|-resisted|p2a: Charizard\n|-damage|p2a: Charizard|0 fnt\n|faint|p2a: Charizard\n|\n|t:|1698579348\n|switch|p1a: Ting-Lu|Ting-Lu, tera:Ghost|37\/100 par|[from] U-turn\n|-ability|p1a: Ting-Lu|Vessel of Ruin\n|\n|-heal|p1a: Ting-Lu|43\/100 par|[from] item: Leftovers\n|upkeep\n|\n|t:|1698579350\n|switch|p2a: Zapdos|Zapdos|51\/100\n|-damage|p2a: Zapdos|26\/100|[from] Stealth Rock\n|turn|22\n|\n|t:|1698579356\n|move|p2a: Zapdos|Zap Cannon|p1a: Ting-Lu|[miss]\n|-miss|p2a: Zapdos|p1a: Ting-Lu\n|move|p1a: Ting-Lu|Whirlwind|p2a: Zapdos\n|drag|p2a: Zacian|Zacian|26\/100\n|-damage|p2a: Zacian|13\/100|[from] Stealth Rock\n|-damage|p2a: Zacian|0 fnt|[from] Spikes\n|faint|p2a: Zacian\n|\n|-heal|p1a: Ting-Lu|49\/100 par|[from] item: Leftovers\n|upkeep\n|\n|t:|1698579365\n|switch|p2a: Zapdos|Zapdos|26\/100\n|-damage|p2a: Zapdos|1\/100|[from] Stealth Rock\n|-enditem|p2a: Zapdos|Wiki Berry|[eat]\n|-heal|p2a: Zapdos|34\/100|[from] item: Wiki Berry\n|turn|23\n|c|\u2606hashw12|this battle is peak\n|\n|t:|1698579371\n|move|p2a: Zapdos|Thunderbolt|p1a: Ting-Lu\n|-damage|p1a: Ting-Lu|35\/100 par\n|move|p1a: Ting-Lu|Whirlwind|p2a: Zapdos\n|drag|p2a: Rayquaza|Rayquaza|1\/100\n|-damage|p2a: Rayquaza|0 fnt|[from] Stealth Rock\n|faint|p2a: Rayquaza\n|\n|-heal|p1a: Ting-Lu|41\/100 par|[from] item: Leftovers\n|upkeep\n|\n|t:|1698579379\n|switch|p2a: Zapdos|Zapdos|34\/100\n|-damage|p2a: Zapdos|9\/100|[from] Stealth Rock\n|turn|24\n|c|\u2606hashw12|dang i cant get that final hit with it\n|\n|t:|1698579395\n|switch|p1a: Corviknight|Corviknight, F|74\/100\n|-ability|p1a: Corviknight|Pressure\n|move|p2a: Zapdos|Thunder Wave|p1a: Corviknight\n|-status|p1a: Corviknight|par\n|\n|-heal|p1a: Corviknight|81\/100 par|[from] item: Leftovers\n|upkeep\n|turn|25\n|\n|t:|1698579406\n|move|p2a: Zapdos|Thunderbolt|p1a: Corviknight\n|-supereffective|p1a: Corviknight\n|-damage|p1a: Corviknight|19\/100 par\n|move|p1a: Corviknight|Body Press|p2a: Zapdos\n|-resisted|p2a: Zapdos\n|-damage|p2a: Zapdos|0 fnt\n|faint|p2a: Zapdos\n|\n|win|hashw12\n|raw|hashw12's rating: 1000 &rarr; <strong>1040<\/strong><br \/>(+40 for winning)\n|raw|Jonwill's rating: 1000 &rarr; <strong>1000<\/strong><br \/>(+0 for losing)\n|c|\u2606hashw12|gg\n|l|\u2606Jonwill\n","uploadtime":1698579417,"views":17,"p1id":"hashw12","p2id":"jonwill","formatid":"gen9ubers","rating":1000,"private":0,"password":""}