{"id":"gen9ubers-1984319325","p1":"the tr4sh man","p2":"Kinesquared","format":"[Gen 9] Ubers","log":"|j|\u2606the tr4sh man\n|j|\u2606Kinesquared\n|t:|1699243191\n|gametype|singles\n|player|p1|the tr4sh man|xerosic|\n|player|p2|Kinesquared|scientist-gen4dp|\n|teamsize|p1|6\n|teamsize|p2|6\n|gen|9\n|tier|[Gen 9] Ubers\n|rule|Sleep Clause Mod: Limit one foe put to sleep\n|rule|Species Clause: Limit one of each Pok\u00e9mon\n|rule|OHKO Clause: OHKO moves are banned\n|rule|Evasion Items Clause: Evasion items are banned\n|rule|Evasion Moves Clause: Evasion moves are banned\n|rule|Endless Battle Clause: Forcing endless battles is banned\n|rule|HP Percentage Mod: HP is shown in percentages\n|clearpoke\n|poke|p1|Masquerain, M|\n|poke|p1|Polteageist|\n|poke|p1|Donphan, M|\n|poke|p1|Zacian-*|\n|poke|p1|Arceus-Poison|\n|poke|p1|Gothitelle, F|\n|poke|p2|Iron Moth|\n|poke|p2|Arceus-Ghost|\n|poke|p2|Garchomp, F|\n|poke|p2|Dialga|\n|poke|p2|Cyclizar, F|\n|poke|p2|Urshifu-*, M|\n|teampreview\n|c|\u2606Kinesquared|yo\n|c|\u2606the tr4sh man|hello\n|\n|t:|1699243209\n|start\n|switch|p1a: Masquerain|Masquerain, M|100\/100\n|switch|p2a: Cyclizar|Cyclizar, F|100\/100\n|-ability|p1a: Masquerain|Intimidate|boost\n|-unboost|p2a: Cyclizar|atk|1\n|turn|1\n|\n|t:|1699243223\n|move|p2a: Cyclizar|Taunt|p1a: Masquerain\n|-start|p1a: Masquerain|move: Taunt\n|move|p1a: Masquerain|Icy Wind|p2a: Cyclizar\n|-supereffective|p2a: Cyclizar\n|-damage|p2a: Cyclizar|59\/100\n|-unboost|p2a: Cyclizar|spe|1\n|\n|upkeep\n|turn|2\n|\n|t:|1699243252\n|move|p1a: Masquerain|Icy Wind|p2a: Cyclizar\n|-supereffective|p2a: Cyclizar\n|-damage|p2a: Cyclizar|15\/100\n|-unboost|p2a: Cyclizar|spe|1\n|move|p2a: Cyclizar|Knock Off|p1a: Masquerain\n|-damage|p1a: Masquerain|74\/100\n|-enditem|p1a: Masquerain|Focus Sash|[from] move: Knock Off|[of] p2a: Cyclizar\n|\n|upkeep\n|turn|3\n|\n|t:|1699243267\n|switch|p2a: Iron Moth|Iron Moth|100\/100\n|-enditem|p2a: Iron Moth|Booster Energy\n|-activate|p2a: Iron Moth|ability: Quark Drive|[fromitem]\n|-start|p2a: Iron Moth|quarkdrivespe\n|move|p1a: Masquerain|Icy Wind|p2a: Iron Moth|[miss]\n|-miss|p1a: Masquerain|p2a: Iron Moth\n|\n|-end|p1a: Masquerain|move: Taunt\n|upkeep\n|turn|4\n|\n|t:|1699243281\n|switch|p1a: Gothitelle|Gothitelle, F|100\/100\n|move|p2a: Iron Moth|Fiery Dance|p1a: Gothitelle\n|-damage|p1a: Gothitelle|52\/100\n|-boost|p2a: Iron Moth|spa|1\n|\n|upkeep\n|turn|5\n|\n|t:|1699243291\n|move|p2a: Iron Moth|Fiery Dance|p1a: Gothitelle\n|-damage|p1a: Gothitelle|0 fnt\n|-boost|p2a: Iron Moth|spa|1\n|faint|p1a: Gothitelle\n|\n|upkeep\n|\n|t:|1699243295\n|switch|p1a: Donphan|Donphan, M|100\/100\n|turn|6\n|\n|t:|1699243304\n|move|p2a: Iron Moth|Toxic Spikes|p1a: Donphan\n|-sidestart|p1: the tr4sh man|move: Toxic Spikes\n|move|p1a: Donphan|Earthquake|p2a: Iron Moth\n|-supereffective|p2a: Iron Moth\n|-damage|p2a: Iron Moth|0 fnt\n|faint|p2a: Iron Moth\n|-end|p2a: Iron Moth|Quark Drive|[silent]\n|\n|upkeep\n|j| Laprasrules12\n|\n|t:|1699243321\n|switch|p2a: Arceus|Arceus-Ghost|100\/100\n|turn|7\n|\n|t:|1699243326\n|switch|p1a: Masquerain|Masquerain, M|74\/100\n|-ability|p1a: Masquerain|Intimidate|boost\n|-unboost|p2a: Arceus|atk|1\n|move|p2a: Arceus|Will-O-Wisp|p1a: Masquerain\n|-status|p1a: Masquerain|brn\n|\n|-damage|p1a: Masquerain|68\/100 brn|[from] brn\n|upkeep\n|turn|8\n|\n|t:|1699243335\n|switch|p1a: Arceus|Arceus-Poison|100\/100\n|-sideend|p1: the tr4sh man|move: Toxic Spikes|[of] p1a: Arceus\n|move|p2a: Arceus|Hex|p1a: Arceus\n|-damage|p1a: Arceus|75\/100\n|\n|upkeep\n|turn|9\n|\n|t:|1699243341\n|switch|p1a: Masquerain|Masquerain, M|68\/100 brn\n|-ability|p1a: Masquerain|Intimidate|boost\n|-unboost|p2a: Arceus|atk|1\n|move|p2a: Arceus|Will-O-Wisp|p1a: Masquerain\n|-fail|p1a: Masquerain|brn\n|\n|-damage|p1a: Masquerain|62\/100 brn|[from] brn\n|upkeep\n|turn|10\n|\n|t:|1699243351\n|move|p1a: Masquerain|Stun Spore|p2a: Arceus|[miss]\n|-miss|p1a: Masquerain|p2a: Arceus\n|move|p2a: Arceus|Hex|p1a: Masquerain\n|-crit|p1a: Masquerain\n|-damage|p1a: Masquerain|0 fnt\n|faint|p1a: Masquerain\n|\n|upkeep\n|\n|t:|1699243360\n|switch|p1a: Arceus|Arceus-Poison|75\/100\n|turn|11\n|\n|t:|1699243365\n|move|p1a: Arceus|Poison Jab|p2a: Arceus\n|-resisted|p2a: Arceus\n|-damage|p2a: Arceus|89\/100\n|move|p2a: Arceus|Hex|p1a: Arceus\n|-damage|p1a: Arceus|52\/100\n|\n|upkeep\n|turn|12\n|\n|t:|1699243372\n|move|p1a: Arceus|Poison Jab|p2a: Arceus\n|-resisted|p2a: Arceus\n|-damage|p2a: Arceus|77\/100\n|move|p2a: Arceus|Will-O-Wisp|p1a: Arceus\n|-status|p1a: Arceus|brn\n|\n|-damage|p1a: Arceus|46\/100 brn|[from] brn\n|upkeep\n|turn|13\n|\n|t:|1699243380\n|switch|p2a: Dialga|Dialga|100\/100\n|-ability|p2a: Dialga|Pressure\n|move|p1a: Arceus|Poison Jab|p2a: Dialga\n|-immune|p2a: Dialga\n|\n|-damage|p1a: Arceus|40\/100 brn|[from] brn\n|upkeep\n|turn|14\n|\n|t:|1699243392\n|move|p1a: Arceus|Earthquake|p2a: Dialga\n|-supereffective|p2a: Dialga\n|-damage|p2a: Dialga|75\/100\n|move|p2a: Dialga|Flash Cannon|p1a: Arceus\n|-damage|p1a: Arceus|7\/100 brn\n|\n|-heal|p2a: Dialga|81\/100|[from] item: Leftovers\n|-damage|p1a: Arceus|1\/100 brn|[from] brn\n|upkeep\n|turn|15\n|\n|t:|1699243408\n|move|p1a: Arceus|Earthquake|p2a: Dialga\n|-supereffective|p2a: Dialga\n|-damage|p2a: Dialga|58\/100\n|move|p2a: Dialga|Stealth Rock|p1a: Arceus\n|-sidestart|p1: the tr4sh man|move: Stealth Rock\n|\n|-heal|p2a: Dialga|64\/100|[from] item: Leftovers\n|-damage|p1a: Arceus|0 fnt|[from] brn\n|faint|p1a: Arceus\n|upkeep\n|\n|t:|1699243411\n|switch|p1a: Donphan|Donphan, M|100\/100\n|turn|16\n|\n|t:|1699243420\n|move|p2a: Dialga|Draco Meteor|p1a: Donphan\n|-damage|p1a: Donphan|23\/100\n|-unboost|p2a: Dialga|spa|2\n|move|p1a: Donphan|Earthquake|p2a: Dialga\n|-supereffective|p2a: Dialga\n|-damage|p2a: Dialga|0 fnt\n|faint|p2a: Dialga\n|\n|upkeep\n|\n|t:|1699243433\n|switch|p2a: Garchomp|Garchomp, F|100\/100\n|turn|17\n|\n|t:|1699243435\n|move|p1a: Donphan|Ice Shard|p2a: Garchomp\n|-supereffective|p2a: Garchomp\n|-damage|p2a: Garchomp|42\/100\n|move|p2a: Garchomp|Scale Shot|p1a: Donphan\n|-damage|p1a: Donphan|12\/100\n|-damage|p1a: Donphan|1\/100\n|-damage|p1a: Donphan|0 fnt\n|faint|p1a: Donphan\n|-hitcount|p1: Donphan|3\n|-unboost|p2a: Garchomp|def|1\n|-boost|p2a: Garchomp|spe|1\n|\n|upkeep\n|\n|t:|1699243439\n|switch|p1a: Zacian|Zacian|100\/100\n|-ability|p1a: Zacian|Intrepid Sword|boost\n|-boost|p1a: Zacian|atk|1\n|turn|18\n|\n|t:|1699243451\n|move|p2a: Garchomp|Iron Head|p1a: Zacian\n|-supereffective|p1a: Zacian\n|-damage|p1a: Zacian|40\/100\n|move|p1a: Zacian|Crunch|p2a: Garchomp\n|-damage|p2a: Garchomp|0 fnt\n|-damage|p1a: Zacian|27\/100|[from] ability: Rough Skin|[of] p2a: Garchomp\n|faint|p2a: Garchomp\n|\n|upkeep\n|\n|t:|1699243468\n|switch|p2a: Arceus|Arceus-Ghost|77\/100\n|turn|19\n|\n|t:|1699243471\n|-terastallize|p1a: Zacian|Dark\n|move|p1a: Zacian|Crunch|p2a: Arceus\n|-supereffective|p2a: Arceus\n|-damage|p2a: Arceus|20\/100\n|move|p2a: Arceus|Hex|p1a: Zacian\n|-resisted|p1a: Zacian\n|-damage|p1a: Zacian|13\/100\n|\n|upkeep\n|turn|20\n|\n|t:|1699243481\n|switch|p2a: Urshifu|Urshifu, M|100\/100\n|move|p1a: Zacian|Crunch|p2a: Urshifu\n|-resisted|p2a: Urshifu\n|-damage|p2a: Urshifu|85\/100\n|\n|upkeep\n|turn|21\n|\n|t:|1699243487\n|move|p2a: Urshifu|Sucker Punch||[still]\n|-fail|p2a: Urshifu\n|move|p1a: Zacian|Swords Dance|p1a: Zacian\n|-boost|p1a: Zacian|atk|2\n|\n|upkeep\n|turn|22\n|\n|t:|1699243492\n|move|p2a: Urshifu|Sucker Punch||[still]\n|-fail|p2a: Urshifu\n|move|p1a: Zacian|Swords Dance|p1a: Zacian\n|-boost|p1a: Zacian|atk|2\n|\n|upkeep\n|turn|23\n|\n|t:|1699243497\n|move|p2a: Urshifu|Sucker Punch||[still]\n|-fail|p2a: Urshifu\n|move|p1a: Zacian|Swords Dance|p1a: Zacian\n|-boost|p1a: Zacian|atk|1\n|\n|upkeep\n|turn|24\n|\n|t:|1699243502\n|move|p2a: Urshifu|Sucker Punch||[still]\n|-fail|p2a: Urshifu\n|move|p1a: Zacian|Swords Dance|p1a: Zacian\n|-boost|p1a: Zacian|atk|0\n|\n|upkeep\n|turn|25\n|\n|t:|1699243513\n|move|p2a: Urshifu|Sucker Punch||[still]\n|-fail|p2a: Urshifu\n|move|p1a: Zacian|Swords Dance|p1a: Zacian\n|-boost|p1a: Zacian|atk|0\n|\n|upkeep\n|turn|26\n|\n|t:|1699243519\n|switch|p2a: Cyclizar|Cyclizar, F|48\/100\n|move|p1a: Zacian|Swords Dance|p1a: Zacian\n|-boost|p1a: Zacian|atk|0\n|\n|upkeep\n|turn|27\n|\n|t:|1699243544\n|-terastallize|p2a: Cyclizar|Ghost\n|move|p1a: Zacian|Crunch|p2a: Cyclizar\n|-supereffective|p2a: Cyclizar\n|-damage|p2a: Cyclizar|0 fnt\n|faint|p2a: Cyclizar\n|\n|upkeep\n|\n|t:|1699243551\n|switch|p2a: Urshifu|Urshifu, M|85\/100\n|turn|28\n|c| Laprasrules12|Rip\n|\n|t:|1699243556\n|switch|p1a: Polteageist|Polteageist|100\/100\n|-damage|p1a: Polteageist|88\/100|[from] Stealth Rock\n|move|p2a: Urshifu|Sucker Punch||[still]\n|-fail|p2a: Urshifu\n|\n|upkeep\n|turn|29\n|\n|t:|1699243562\n|switch|p2a: Arceus|Arceus-Ghost|20\/100\n|move|p1a: Polteageist|Shell Smash|p1a: Polteageist\n|-unboost|p1a: Polteageist|def|1\n|-unboost|p1a: Polteageist|spd|1\n|-boost|p1a: Polteageist|atk|2\n|-boost|p1a: Polteageist|spa|2\n|-boost|p1a: Polteageist|spe|2\n|\n|upkeep\n|turn|30\n|\n|t:|1699243571\n|move|p1a: Polteageist|Shadow Ball|p2a: Arceus\n|-supereffective|p2a: Arceus\n|-damage|p2a: Arceus|0 fnt\n|faint|p2a: Arceus\n|\n|upkeep\n|\n|t:|1699243583\n|switch|p2a: Urshifu|Urshifu, M|85\/100\n|turn|31\n|\n|t:|1699243597\n|move|p1a: Polteageist|Shell Smash|p1a: Polteageist\n|-unboost|p1a: Polteageist|def|1\n|-unboost|p1a: Polteageist|spd|1\n|-boost|p1a: Polteageist|atk|2\n|-boost|p1a: Polteageist|spa|2\n|-boost|p1a: Polteageist|spe|2\n|move|p2a: Urshifu|Wicked Blow|p1a: Polteageist\n|-supereffective|p1a: Polteageist\n|-crit|p1a: Polteageist\n|-damage|p1a: Polteageist|0 fnt\n|faint|p1a: Polteageist\n|\n|upkeep\n|\n|t:|1699243601\n|switch|p1a: Zacian|Zacian, tera:Dark|13\/100\n|turn|32\n|c|\u2606Kinesquared|gg\n|\n|t:|1699243608\n|move|p1a: Zacian|Close Combat|p2a: Urshifu\n|-supereffective|p2a: Urshifu\n|-crit|p2a: Urshifu\n|-damage|p2a: Urshifu|0 fnt\n|-unboost|p1a: Zacian|def|1\n|-unboost|p1a: Zacian|spd|1\n|faint|p2a: Urshifu\n|\n|win|the tr4sh man\n|c|\u2606the tr4sh man|gg\n|l|\u2606Kinesquared\n|l| Laprasrules12\n","uploadtime":1699243642,"views":4,"p1id":"thetr4shman","p2id":"kinesquared","formatid":"gen9ubers","rating":0,"private":0,"password":""}