{"id":"gen9ubers-1989742552","p1":"PTKmoekyuun","p2":"Bka Onon","format":"[Gen 9] Ubers","log":"|j|\u2606PTKmoekyuun\n|j|\u2606Bka Onon\n|t:|1699891902\n|gametype|singles\n|player|p1|PTKmoekyuun|102|\n|player|p2|Bka Onon|amelia-shuffle|\n|teamsize|p1|6\n|teamsize|p2|6\n|gen|9\n|tier|[Gen 9] Ubers\n|rule|Sleep Clause Mod: Limit one foe put to sleep\n|rule|Species Clause: Limit one of each Pok\u00e9mon\n|rule|OHKO Clause: OHKO moves are banned\n|rule|Evasion Items Clause: Evasion items are banned\n|rule|Evasion Moves Clause: Evasion moves are banned\n|rule|Endless Battle Clause: Forcing endless battles is banned\n|rule|HP Percentage Mod: HP is shown in percentages\n|clearpoke\n|poke|p1|Arceus-Poison|\n|poke|p1|Iron Thorns|\n|poke|p1|Gholdengo|\n|poke|p1|Moltres|\n|poke|p1|Palafin, F|\n|poke|p1|Dragapult, M|\n|poke|p2|Espathra, F|\n|poke|p2|Arceus-Dragon|\n|poke|p2|Palkia-Origin|\n|poke|p2|Ursaluna-Bloodmoon, M|\n|poke|p2|Cyclizar, F|\n|poke|p2|Klefki, F|\n|teampreview\n|c|\u2606Bka Onon|hf\n|\n|t:|1699891918\n|start\n|switch|p1a: Tusk come back pls|Iron Thorns|100\/100\n|switch|p2a: Klefki|Klefki, F|100\/100\n|-enditem|p1a: Tusk come back pls|Booster Energy\n|-activate|p1a: Tusk come back pls|ability: Quark Drive|[fromitem]\n|-start|p1a: Tusk come back pls|quarkdrivespe\n|turn|1\n|\n|t:|1699891925\n|move|p2a: Klefki|Reflect|p2a: Klefki\n|-sidestart|p2: Bka Onon|Reflect\n|move|p1a: Tusk come back pls|Stealth Rock|p2a: Klefki\n|-sidestart|p2: Bka Onon|move: Stealth Rock\n|\n|upkeep\n|turn|2\n|\n|t:|1699891931\n|move|p2a: Klefki|Light Screen|p2a: Klefki\n|-sidestart|p2: Bka Onon|move: Light Screen\n|move|p1a: Tusk come back pls|Spikes|p2a: Klefki\n|-sidestart|p2: Bka Onon|Spikes\n|\n|upkeep\n|turn|3\n|\n|t:|1699891945\n|switch|p2a: Ursaluna|Ursaluna-Bloodmoon, M|100\/100\n|-damage|p2a: Ursaluna|94\/100|[from] Stealth Rock\n|-damage|p2a: Ursaluna|82\/100|[from] Spikes\n|move|p1a: Tusk come back pls|Spikes|p2a: Ursaluna\n|-sidestart|p2: Bka Onon|Spikes\n|\n|-heal|p2a: Ursaluna|88\/100|[from] item: Leftovers\n|upkeep\n|turn|4\n|\n|t:|1699891955\n|move|p1a: Tusk come back pls|Taunt|p2a: Ursaluna\n|-start|p2a: Ursaluna|move: Taunt\n|move|p2a: Ursaluna|Earth Power|p1a: Tusk come back pls\n|-supereffective|p1a: Tusk come back pls\n|-damage|p1a: Tusk come back pls|0 fnt\n|faint|p1a: Tusk come back pls\n|-end|p1a: Tusk come back pls|Quark Drive|[silent]\n|\n|-heal|p2a: Ursaluna|94\/100|[from] item: Leftovers\n|upkeep\n|j| Astro nation y\n|\n|t:|1699891970\n|switch|p1a: Fapalin|Palafin, F|100\/100\n|turn|5\n|\n|t:|1699891976\n|move|p1a: Fapalin|Flip Turn|p2a: Ursaluna\n|-supereffective|p2a: Ursaluna\n|-damage|p2a: Ursaluna|71\/100\n|\n|t:|1699891980\n|detailschange|p1a: Fapalin|Palafin-Hero, F\n|switch|p1a: Fuegothree|Moltres|100\/100|[from] Flip Turn\n|move|p2a: Ursaluna|Earth Power|p1a: Fuegothree\n|-immune|p1a: Fuegothree\n|\n|-heal|p2a: Ursaluna|78\/100|[from] item: Leftovers\n|upkeep\n|turn|6\n|\n|t:|1699891983\n|move|p1a: Fuegothree|Flamethrower|p2a: Ursaluna\n|-damage|p2a: Ursaluna|56\/100\n|move|p2a: Ursaluna|Blood Moon|p1a: Fuegothree\n|-damage|p1a: Fuegothree|22\/100\n|\n|-heal|p2a: Ursaluna|62\/100|[from] item: Leftovers\n|-end|p2a: Ursaluna|move: Taunt\n|upkeep\n|turn|7\n|j| SNAK30PRA\n|\n|t:|1699891991\n|move|p1a: Fuegothree|Flamethrower|p2a: Ursaluna\n|-damage|p2a: Ursaluna|41\/100\n|-status|p2a: Ursaluna|brn\n|move|p2a: Ursaluna|Calm Mind|p2a: Ursaluna\n|-boost|p2a: Ursaluna|spa|1\n|-boost|p2a: Ursaluna|spd|1\n|\n|-heal|p2a: Ursaluna|47\/100 brn|[from] item: Leftovers\n|-damage|p2a: Ursaluna|41\/100 brn|[from] brn\n|upkeep\n|turn|8\n|\n|t:|1699892006\n|move|p1a: Fuegothree|Flamethrower|p2a: Ursaluna\n|-damage|p2a: Ursaluna|26\/100 brn\n|move|p2a: Ursaluna|Blood Moon|p1a: Fuegothree\n|-crit|p1a: Fuegothree\n|-damage|p1a: Fuegothree|0 fnt\n|faint|p1a: Fuegothree\n|\n|-heal|p2a: Ursaluna|32\/100 brn|[from] item: Leftovers\n|-damage|p2a: Ursaluna|26\/100 brn|[from] brn\n|-sideend|p2: Bka Onon|Reflect\n|upkeep\n|\n|t:|1699892008\n|switch|p1a: Fapalin|Palafin-Hero, F|100\/100\n|-activate|p1a: Fapalin|ability: Zero to Hero\n|turn|9\n|\n|t:|1699892014\n|move|p2a: Ursaluna|Vacuum Wave|p1a: Fapalin\n|-damage|p1a: Fapalin|77\/100\n|move|p1a: Fapalin|Flip Turn|p2a: Ursaluna\n|-supereffective|p2a: Ursaluna\n|-damage|p2a: Ursaluna|0 fnt\n|faint|p2a: Ursaluna\n|\n|t:|1699892023\n|switch|p1a: Dragapout|Dragapult, M|100\/100|[from] Flip Turn\n|\n|-sideend|p2: Bka Onon|move: Light Screen\n|upkeep\n|\n|t:|1699892031\n|switch|p2a: Klefki|Klefki, F|100\/100\n|-damage|p2a: Klefki|95\/100|[from] Stealth Rock\n|-damage|p2a: Klefki|78\/100|[from] Spikes\n|turn|10\n|\n|t:|1699892035\n|switch|p1a: Compro oro|Gholdengo|100\/100\n|move|p2a: Klefki|Thunder Wave|p1a: Compro oro\n|-immune|p1a: Compro oro|[from] ability: Good as Gold\n|\n|upkeep\n|turn|11\n|\n|t:|1699892039\n|move|p2a: Klefki|Light Screen|p2a: Klefki\n|-sidestart|p2: Bka Onon|move: Light Screen\n|move|p1a: Compro oro|Nasty Plot|p1a: Compro oro\n|-boost|p1a: Compro oro|spa|2\n|\n|upkeep\n|turn|12\n|\n|t:|1699892043\n|move|p2a: Klefki|Spikes|p1a: Compro oro\n|-sidestart|p1: PTKmoekyuun|Spikes\n|move|p1a: Compro oro|Nasty Plot|p1a: Compro oro\n|-boost|p1a: Compro oro|spa|2\n|\n|upkeep\n|turn|13\n|\n|t:|1699892049\n|move|p2a: Klefki|Spikes|p1a: Compro oro\n|-sidestart|p1: PTKmoekyuun|Spikes\n|move|p1a: Compro oro|Thunder Wave|p2a: Klefki|[miss]\n|-miss|p1a: Compro oro|p2a: Klefki\n|\n|upkeep\n|turn|14\n|\n|t:|1699892053\n|move|p2a: Klefki|Spikes|p1a: Compro oro\n|-sidestart|p1: PTKmoekyuun|Spikes\n|move|p1a: Compro oro|Thunder Wave|p2a: Klefki|[miss]\n|-miss|p1a: Compro oro|p2a: Klefki\n|\n|upkeep\n|turn|15\n|\n|t:|1699892059\n|move|p2a: Klefki|Reflect|p2a: Klefki\n|-sidestart|p2: Bka Onon|Reflect\n|move|p1a: Compro oro|Thunder Wave|p2a: Klefki\n|-status|p2a: Klefki|par\n|\n|upkeep\n|turn|16\n|\n|t:|1699892064\n|move|p2a: Klefki|Light Screen||[still]\n|-fail|p2a: Klefki\n|move|p1a: Compro oro|Nasty Plot|p1a: Compro oro\n|-boost|p1a: Compro oro|spa|2\n|\n|upkeep\n|turn|17\n|\n|t:|1699892071\n|move|p2a: Klefki|Light Screen||[still]\n|-fail|p2a: Klefki\n|move|p1a: Compro oro|Psyshock|p2a: Klefki\n|-resisted|p2a: Klefki\n|-damage|p2a: Klefki|50\/100 par\n|\n|upkeep\n|turn|18\n|\n|t:|1699892075\n|move|p2a: Klefki|Light Screen||[still]\n|-fail|p2a: Klefki\n|move|p1a: Compro oro|Hex|p2a: Klefki\n|-damage|p2a: Klefki|0 fnt\n|faint|p2a: Klefki\n|\n|-sideend|p2: Bka Onon|move: Light Screen\n|upkeep\n|\n|t:|1699892080\n|switch|p2a: Palkia|Palkia-Origin, shiny|100\/100\n|-damage|p2a: Palkia|88\/100|[from] Stealth Rock\n|-damage|p2a: Palkia|72\/100|[from] Spikes\n|-ability|p2a: Palkia|Pressure\n|turn|19\n|\n|t:|1699892090\n|-terastallize|p1a: Compro oro|Water\n|move|p2a: Palkia|Substitute|p2a: Palkia\n|-start|p2a: Palkia|Substitute\n|-damage|p2a: Palkia|47\/100\n|move|p1a: Compro oro|Hex|p2a: Palkia\n|-end|p2a: Palkia|Substitute\n|\n|upkeep\n|turn|20\n|\n|t:|1699892098\n|move|p2a: Palkia|Spacial Rend|p1a: Compro oro\n|-damage|p1a: Compro oro|15\/100\n|move|p1a: Compro oro|Psyshock|p2a: Palkia\n|-crit|p2a: Palkia\n|-damage|p2a: Palkia|0 fnt\n|faint|p2a: Palkia\n|\n|-heal|p1a: Compro oro|21\/100|[from] item: Leftovers\n|upkeep\n|\n|t:|1699892122\n|switch|p2a: Arceus|Arceus-Dragon|100\/100\n|-damage|p2a: Arceus|88\/100|[from] Stealth Rock\n|-damage|p2a: Arceus|71\/100|[from] Spikes\n|turn|21\n|\n|t:|1699892137\n|move|p2a: Arceus|Dragon Claw|p1a: Compro oro\n|-damage|p1a: Compro oro|0 fnt\n|faint|p1a: Compro oro\n|\n|upkeep\n|\n|t:|1699892143\n|switch|p1a: Arceus Psychic|Arceus-Poison|100\/100\n|-damage|p1a: Arceus Psychic|75\/100|[from] Spikes\n|turn|22\n|\n|t:|1699892149\n|move|p2a: Arceus|Bulk Up|p2a: Arceus\n|-boost|p2a: Arceus|atk|1\n|-boost|p2a: Arceus|def|1\n|move|p1a: Arceus Psychic|Recover|p1a: Arceus Psychic\n|-heal|p1a: Arceus Psychic|100\/100\n|\n|-sideend|p2: Bka Onon|Reflect\n|upkeep\n|turn|23\n|\n|t:|1699892153\n|move|p2a: Arceus|Earthquake|p1a: Arceus Psychic\n|-supereffective|p1a: Arceus Psychic\n|-damage|p1a: Arceus Psychic|48\/100\n|move|p1a: Arceus Psychic|Roar|p2a: Arceus\n|drag|p2a: Cyclizar|Cyclizar, F|100\/100\n|-damage|p2a: Cyclizar|88\/100|[from] Stealth Rock\n|-damage|p2a: Cyclizar|72\/100|[from] Spikes\n|\n|upkeep\n|turn|24\n|c|\u2606Bka Onon|psychic\n|\n|t:|1699892162\n|move|p2a: Cyclizar|Rapid Spin|p1a: Arceus Psychic\n|-damage|p1a: Arceus Psychic|38\/100\n|-boost|p2a: Cyclizar|spe|1\n|-sideend|p2: Bka Onon|Spikes|[from] move: Rapid Spin|[of] p2a: Cyclizar\n|-sideend|p2: Bka Onon|Stealth Rock|[from] move: Rapid Spin|[of] p2a: Cyclizar\n|move|p1a: Arceus Psychic|Recover|p1a: Arceus Psychic\n|-heal|p1a: Arceus Psychic|88\/100\n|\n|upkeep\n|turn|25\n|\n|t:|1699892168\n|switch|p2a: Arceus|Arceus-Dragon|71\/100\n|move|p1a: Arceus Psychic|Judgment|p2a: Arceus\n|-damage|p2a: Arceus|42\/100\n|\n|upkeep\n|turn|26\n|\n|t:|1699892181\n|move|p2a: Arceus|Recover|p2a: Arceus\n|-heal|p2a: Arceus|92\/100\n|move|p1a: Arceus Psychic|Judgment|p2a: Arceus\n|-damage|p2a: Arceus|64\/100\n|\n|upkeep\n|turn|27\n|\n|t:|1699892186\n|move|p2a: Arceus|Bulk Up|p2a: Arceus\n|-boost|p2a: Arceus|atk|1\n|-boost|p2a: Arceus|def|1\n|move|p1a: Arceus Psychic|Roar|p2a: Arceus\n|drag|p2a: Espathra|Espathra, F|100\/100\n|\n|upkeep\n|turn|28\n|\n|t:|1699892192\n|move|p1a: Arceus Psychic|Judgment|p2a: Espathra\n|-damage|p2a: Espathra|39\/100\n|move|p2a: Espathra|Calm Mind|p2a: Espathra\n|-boost|p2a: Espathra|spa|1\n|-boost|p2a: Espathra|spd|1\n|\n|-ability|p2a: Espathra|Speed Boost|boost\n|-boost|p2a: Espathra|spe|1\n|upkeep\n|turn|29\n|\n|t:|1699892225\n|move|p2a: Espathra|Roost|p2a: Espathra\n|-heal|p2a: Espathra|89\/100\n|-singleturn|p2a: Espathra|move: Roost\n|move|p1a: Arceus Psychic|Roar|p2a: Espathra\n|drag|p2a: Arceus|Arceus-Dragon|64\/100\n|\n|upkeep\n|turn|30\n|\n|t:|1699892244\n|move|p2a: Arceus|Bulk Up|p2a: Arceus\n|-boost|p2a: Arceus|atk|1\n|-boost|p2a: Arceus|def|1\n|move|p1a: Arceus Psychic|Judgment|p2a: Arceus\n|-damage|p2a: Arceus|35\/100\n|\n|upkeep\n|turn|31\n|\n|t:|1699892248\n|move|p2a: Arceus|Earthquake|p1a: Arceus Psychic\n|-supereffective|p1a: Arceus Psychic\n|-damage|p1a: Arceus Psychic|30\/100\n|move|p1a: Arceus Psychic|Roar|p2a: Arceus\n|drag|p2a: Cyclizar|Cyclizar, F|100\/100\n|\n|upkeep\n|turn|32\n|\n|t:|1699892255\n|switch|p2a: Arceus|Arceus-Dragon|35\/100\n|move|p1a: Arceus Psychic|Recover|p1a: Arceus Psychic\n|-heal|p1a: Arceus Psychic|80\/100\n|\n|upkeep\n|turn|33\n|\n|t:|1699892258\n|move|p2a: Arceus|Recover|p2a: Arceus\n|-heal|p2a: Arceus|85\/100\n|move|p1a: Arceus Psychic|Judgment|p2a: Arceus\n|-damage|p2a: Arceus|55\/100\n|\n|upkeep\n|turn|34\n|\n|t:|1699892261\n|move|p2a: Arceus|Earthquake|p1a: Arceus Psychic\n|-supereffective|p1a: Arceus Psychic\n|-damage|p1a: Arceus Psychic|44\/100\n|move|p1a: Arceus Psychic|Judgment|p2a: Arceus\n|-damage|p2a: Arceus|22\/100\n|\n|upkeep\n|turn|35\n|\n|t:|1699892275\n|move|p2a: Arceus|Recover|p2a: Arceus\n|-heal|p2a: Arceus|72\/100\n|move|p1a: Arceus Psychic|Judgment|p2a: Arceus\n|-damage|p2a: Arceus|39\/100\n|\n|upkeep\n|turn|36\n|l| Astro nation y\n|\n|t:|1699892281\n|move|p2a: Arceus|Earthquake|p1a: Arceus Psychic\n|-supereffective|p1a: Arceus Psychic\n|-damage|p1a: Arceus Psychic|10\/100\n|move|p1a: Arceus Psychic|Recover|p1a: Arceus Psychic\n|-heal|p1a: Arceus Psychic|60\/100\n|\n|upkeep\n|turn|37\n|\n|t:|1699892284\n|move|p2a: Arceus|Bulk Up|p2a: Arceus\n|-boost|p2a: Arceus|atk|1\n|-boost|p2a: Arceus|def|1\n|move|p1a: Arceus Psychic|Judgment|p2a: Arceus\n|-damage|p2a: Arceus|7\/100\n|\n|upkeep\n|turn|38\n|\n|t:|1699892288\n|move|p2a: Arceus|Recover|p2a: Arceus\n|-heal|p2a: Arceus|57\/100\n|move|p1a: Arceus Psychic|Roar|p2a: Arceus\n|drag|p2a: Cyclizar|Cyclizar, F|100\/100\n|\n|upkeep\n|turn|39\n|\n|t:|1699892295\n|move|p2a: Cyclizar|Shed Tail|p2a: Cyclizar\n|-start|p2a: Cyclizar|Substitute|[from] move: Shed Tail\n|-damage|p2a: Cyclizar|50\/100\n|\n|t:|1699892298\n|switch|p2a: Arceus|Arceus-Dragon|57\/100|[from] Shed Tail\n|move|p1a: Arceus Psychic|Recover|p1a: Arceus Psychic\n|-heal|p1a: Arceus Psychic|100\/100\n|\n|upkeep\n|turn|40\n|\n|t:|1699892302\n|move|p2a: Arceus|Earthquake|p1a: Arceus Psychic\n|-supereffective|p1a: Arceus Psychic\n|-damage|p1a: Arceus Psychic|63\/100\n|move|p1a: Arceus Psychic|Roar|p2a: Arceus\n|drag|p2a: Espathra|Espathra, F|89\/100\n|\n|upkeep\n|turn|41\n|\n|t:|1699892306\n|move|p1a: Arceus Psychic|Judgment|p2a: Espathra\n|-damage|p2a: Espathra|26\/100\n|move|p2a: Espathra|Calm Mind|p2a: Espathra\n|-boost|p2a: Espathra|spa|1\n|-boost|p2a: Espathra|spd|1\n|\n|-ability|p2a: Espathra|Speed Boost|boost\n|-boost|p2a: Espathra|spe|1\n|upkeep\n|turn|42\n|\n|t:|1699892312\n|move|p2a: Espathra|Stored Power|p1a: Arceus Psychic\n|-supereffective|p1a: Arceus Psychic\n|-damage|p1a: Arceus Psychic|20\/100\n|move|p1a: Arceus Psychic|Roar|p2a: Espathra\n|drag|p2a: Arceus|Arceus-Dragon|57\/100\n|\n|upkeep\n|turn|43\n|\n|t:|1699892316\n|move|p2a: Arceus|Earthquake|p1a: Arceus Psychic\n|-supereffective|p1a: Arceus Psychic\n|-damage|p1a: Arceus Psychic|0 fnt\n|faint|p1a: Arceus Psychic\n|\n|upkeep\n|\n|t:|1699892318\n|switch|p1a: Dragapout|Dragapult, M|100\/100\n|-damage|p1a: Dragapout|76\/100|[from] Spikes\n|turn|44\n|\n|t:|1699892324\n|switch|p2a: Espathra|Espathra, F|26\/100\n|move|p1a: Dragapout|U-turn|p2a: Espathra\n|-supereffective|p2a: Espathra\n|-damage|p2a: Espathra|0 fnt\n|faint|p2a: Espathra\n|\n|t:|1699892327\n|switch|p1a: Fapalin|Palafin-Hero, F|77\/100|[from] U-turn\n|-damage|p1a: Fapalin|52\/100|[from] Spikes\n|\n|upkeep\n|\n|t:|1699892333\n|switch|p2a: Cyclizar|Cyclizar, F|84\/100\n|turn|45\n|c|\u2606Bka Onon|Applin\n|\n|t:|1699892363\n|move|p2a: Cyclizar|Knock Off|p1a: Fapalin\n|-damage|p1a: Fapalin|32\/100\n|-enditem|p1a: Fapalin|Choice Band|[from] move: Knock Off|[of] p2a: Cyclizar\n|move|p1a: Fapalin|Outrage|p2a: Cyclizar\n|-supereffective|p2a: Cyclizar\n|-damage|p2a: Cyclizar|0 fnt\n|faint|p2a: Cyclizar\n|\n|upkeep\n|\n|t:|1699892367\n|switch|p2a: Arceus|Arceus-Dragon|57\/100\n|turn|46\n|\n|t:|1699892372\n|move|p2a: Arceus|Dragon Claw|p1a: Fapalin\n|-damage|p1a: Fapalin|0 fnt\n|faint|p1a: Fapalin\n|\n|upkeep\n|\n|t:|1699892376\n|switch|p1a: Dragapout|Dragapult, M|76\/100\n|-damage|p1a: Dragapout|51\/100|[from] Spikes\n|turn|47\n|\n|t:|1699892379\n|-terastallize|p2a: Arceus|Poison\n|move|p1a: Dragapout|Dragon Darts|p2a: Arceus\n|-damage|p2a: Arceus|32\/100\n|-anim|p1a: Dragapout|Dragon Darts|p2a: Arceus\n|-damage|p2a: Arceus|7\/100\n|move|p2a: Arceus|Dragon Claw|p1a: Dragapout\n|-supereffective|p1a: Dragapout\n|-damage|p1a: Dragapout|0 fnt\n|faint|p1a: Dragapout\n|\n|win|Bka Onon\n|c|\u2606Bka Onon|gg1\n|c|\u2606PTKmoekyuun|gg\n","uploadtime":1699892399,"views":38,"p1id":"ptkmoekyuun","p2id":"bkaonon","formatid":"gen9ubers","rating":0,"private":0,"password":""}