{"id":"gen9ubers-1999800964","p1":"deer tamer","p2":"Dirty Dilbert","format":"[Gen 9] Ubers","log":"|j|\u2606deer tamer\n|j|\u2606Dirty Dilbert\n|t:|1701117919\n|gametype|singles\n|player|p1|deer tamer|swimmer-gen4|\n|player|p2|Dirty Dilbert|artist-gen4|\n|teamsize|p1|6\n|teamsize|p2|6\n|gen|9\n|tier|[Gen 9] Ubers\n|rule|Sleep Clause Mod: Limit one foe put to sleep\n|rule|Species Clause: Limit one of each Pok\u00e9mon\n|rule|OHKO Clause: OHKO moves are banned\n|rule|Evasion Items Clause: Evasion items are banned\n|rule|Evasion Moves Clause: Evasion moves are banned\n|rule|Endless Battle Clause: Forcing endless battles is banned\n|rule|HP Percentage Mod: HP is shown in percentages\n|clearpoke\n|poke|p1|Great Tusk|\n|poke|p1|Skeledirge, F|\n|poke|p1|Clefable, F|\n|poke|p1|Gastrodon, M|\n|poke|p1|Eiscue, M|\n|poke|p1|Darkrai|\n|poke|p2|Regieleki|\n|poke|p2|Amoonguss, M|\n|poke|p2|Orthworm, M|\n|poke|p2|Armarouge, M|\n|poke|p2|Noivern, M|\n|poke|p2|Iron Hands|\n|teampreview\n|c|\u2606deer tamer|hi dilbert\n|c|\u2606deer tamer|we are so locked in rn\n|c|\u2606Dirty Dilbert|lets get this shit\n|c|\u2606deer tamer|good luck\n|c|\u2606Dirty Dilbert|RAAAAAAAAHHHHHHHHHH\n|c|\u2606deer tamer|have fun\n|\n|t:|1701117971\n|start\n|switch|p1a: Gilbert Tilbert|Great Tusk|100\/100\n|switch|p2a: Regieleki|Regieleki, shiny|100\/100\n|turn|1\n|c|\u2606Dirty Dilbert|GLHF to you as well\n|\n|t:|1701117982\n|move|p2a: Regieleki|Volt Switch|p1a: Gilbert Tilbert\n|-immune|p1a: Gilbert Tilbert\n|move|p1a: Gilbert Tilbert|Knock Off|p2a: Regieleki\n|-damage|p2a: Regieleki|20\/100\n|-enditem|p2a: Regieleki|Light Clay|[from] move: Knock Off|[of] p1a: Gilbert Tilbert\n|\n|upkeep\n|turn|2\n|c|\u2606deer tamer|dilber\n|c|\u2606Dirty Dilbert|Idk\n|c|\u2606deer tamer|i am a ground type\n|c|\u2606Dirty Dilbert|ignore that\n|\n|t:|1701118023\n|switch|p2a: W O R M|Orthworm, M, shiny|100\/100\n|move|p1a: Gilbert Tilbert|Rapid Spin|p2a: W O R M\n|-resisted|p2a: W O R M\n|-damage|p2a: W O R M|95\/100\n|-boost|p1a: Gilbert Tilbert|spe|1\n|\n|-heal|p2a: W O R M|100\/100|[from] item: Leftovers\n|upkeep\n|turn|3\n|\n|t:|1701118039\n|-terastallize|p2a: W O R M|Fairy\n|move|p1a: Gilbert Tilbert|Headlong Rush|p2a: W O R M\n|-immune|p2a: W O R M|[from] ability: Earth Eater\n|move|p2a: W O R M|Iron Defense|p2a: W O R M\n|-boost|p2a: W O R M|def|2\n|\n|upkeep\n|turn|4\n|j| Sl3kii\n|c|\u2606deer tamer|i might've\n|c|\u2606deer tamer|forgot\n|c|\u2606Dirty Dilbert|talking about me\n|\n|t:|1701118060\n|-end|p1a: Gilbert Tilbert|Protosynthesis|[silent]\n|switch|p1a: Cilbert|Clefable, F|100\/100\n|move|p2a: W O R M|Stealth Rock|p1a: Cilbert\n|-sidestart|p1: deer tamer|move: Stealth Rock\n|\n|upkeep\n|turn|5\n|\n|t:|1701118066\n|move|p2a: W O R M|Body Press|p1a: Cilbert\n|-resisted|p1a: Cilbert\n|-damage|p1a: Cilbert|83\/100\n|move|p1a: Cilbert|Thunder Wave|p2a: W O R M\n|-status|p2a: W O R M|par\n|\n|-heal|p1a: Cilbert|89\/100|[from] item: Leftovers\n|upkeep\n|turn|6\n|\n|t:|1701118070\n|move|p1a: Cilbert|Stealth Rock|p2a: W O R M\n|-sidestart|p2: Dirty Dilbert|move: Stealth Rock\n|move|p2a: W O R M|Iron Head|p1a: Cilbert\n|-supereffective|p1a: Cilbert\n|-damage|p1a: Cilbert|38\/100\n|\n|-heal|p1a: Cilbert|44\/100|[from] item: Leftovers\n|upkeep\n|turn|7\n|c| Sl3kii|Mf volt switched on a ground type\n|c|\u2606Dirty Dilbert|womp womp\n|\n|t:|1701118082\n|move|p1a: Cilbert|Moonlight|p1a: Cilbert\n|-heal|p1a: Cilbert|94\/100\n|move|p2a: W O R M|Iron Head|p1a: Cilbert\n|-supereffective|p1a: Cilbert\n|-damage|p1a: Cilbert|43\/100\n|\n|-heal|p1a: Cilbert|49\/100|[from] item: Leftovers\n|upkeep\n|turn|8\n|c|\u2606Dirty Dilbert|wheve\n|\n|t:|1701118087\n|move|p1a: Cilbert|Moonlight|p1a: Cilbert\n|-heal|p1a: Cilbert|99\/100\n|move|p2a: W O R M|Iron Head|p1a: Cilbert\n|-supereffective|p1a: Cilbert\n|-damage|p1a: Cilbert|48\/100\n|\n|-heal|p1a: Cilbert|55\/100|[from] item: Leftovers\n|upkeep\n|turn|9\n|\n|t:|1701118092\n|move|p1a: Cilbert|Moonlight|p1a: Cilbert\n|-heal|p1a: Cilbert|100\/100\n|move|p2a: W O R M|Iron Head|p1a: Cilbert\n|-supereffective|p1a: Cilbert\n|-damage|p1a: Cilbert|46\/100\n|\n|-heal|p1a: Cilbert|52\/100|[from] item: Leftovers\n|upkeep\n|turn|10\n|\n|t:|1701118095\n|move|p1a: Cilbert|Moonlight|p1a: Cilbert\n|-heal|p1a: Cilbert|100\/100\n|cant|p2a: W O R M|par\n|\n|upkeep\n|turn|11\n|\n|t:|1701118097\n|switch|p1a: Silbert|Skeledirge, F|100\/100\n|move|p2a: W O R M|Iron Defense|p2a: W O R M\n|-boost|p2a: W O R M|def|2\n|\n|upkeep\n|turn|12\n|\n|t:|1701118112\n|switch|p2a: Noivern|Noivern, M, shiny|100\/100\n|-damage|p2a: Noivern|76\/100|[from] Stealth Rock\n|move|p1a: Silbert|Torch Song|p2a: Noivern\n|-resisted|p2a: Noivern\n|-damage|p2a: Noivern|60\/100\n|-boost|p1a: Silbert|spa|1\n|\n|upkeep\n|turn|13\n|\n|t:|1701118129\n|move|p2a: Noivern|Draco Meteor|p1a: Silbert\n|-damage|p1a: Silbert|29\/100\n|-unboost|p2a: Noivern|spa|2\n|move|p1a: Silbert|Shadow Ball|p2a: Noivern\n|-damage|p2a: Noivern|8\/100\n|\n|upkeep\n|turn|14\n|\n|t:|1701118139\n|switch|p1a: Cilbert|Clefable, F|100\/100\n|-damage|p1a: Cilbert|88\/100|[from] Stealth Rock\n|move|p2a: Noivern|Draco Meteor|p1a: Cilbert\n|-immune|p1a: Cilbert\n|\n|-heal|p1a: Cilbert|94\/100|[from] item: Leftovers\n|upkeep\n|turn|15\n|\n|t:|1701118147\n|switch|p1a: Dilbert|Darkrai|100\/100\n|-damage|p1a: Dilbert|88\/100|[from] Stealth Rock\n|move|p2a: Noivern|Draco Meteor|p1a: Dilbert\n|-damage|p1a: Dilbert|23\/100\n|-unboost|p2a: Noivern|spa|2\n|\n|upkeep\n|turn|16\n|c|\u2606deer tamer|DILB\n|c|\u2606Dirty Dilbert|yes?\n|c|\u2606deer tamer|why did you click it again S\n|c|\u2606deer tamer|sobbing rn\n|\n|t:|1701118176\n|move|p1a: Dilbert|Dark Pulse|p2a: Noivern\n|-damage|p2a: Noivern|0 fnt\n|faint|p2a: Noivern\n|\n|upkeep\n|c|\u2606Dirty Dilbert|im choice\n|c|\u2606Dirty Dilbert|lmao\n|c|\u2606deer tamer|i was on clefable\n|c|\u2606deer tamer|a fairy\n|c|\u2606deer tamer|:(\n|c|\u2606Dirty Dilbert|im choice\n|c|\u2606Dirty Dilbert|i can't do anything else\n|c|\u2606deer tamer|i predicted you would switch\n|c|\u2606deer tamer|i goofed and took big damage\n|\n|t:|1701118224\n|switch|p2a: Regieleki|Regieleki, shiny|20\/100\n|-damage|p2a: Regieleki|8\/100|[from] Stealth Rock\n|turn|17\n|\n|t:|1701118233\n|move|p1a: Dilbert|Dark Pulse|p2a: Regieleki\n|-damage|p2a: Regieleki|0 fnt\n|faint|p2a: Regieleki\n|\n|upkeep\n|\n|t:|1701118252\n|switch|p2a: Iron Hands|Iron Hands, shiny|100\/100\n|-damage|p2a: Iron Hands|94\/100|[from] Stealth Rock\n|turn|18\n|\n|t:|1701118259\n|switch|p1a: Gilbert|Gastrodon, M|100\/100\n|-damage|p1a: Gilbert|94\/100|[from] Stealth Rock\n|move|p2a: Iron Hands|Ice Punch|p1a: Gilbert\n|-damage|p1a: Gilbert|63\/100\n|\n|-heal|p2a: Iron Hands|100\/100|[from] item: Leftovers\n|-heal|p1a: Gilbert|69\/100|[from] item: Leftovers\n|upkeep\n|turn|19\n|c| Sl3kii|Is darkrai choice scarf\n|c|\u2606deer tamer|..\n|c|\u2606deer tamer|no\n|\n|t:|1701118274\n|-end|p2a: Iron Hands|Quark Drive|[silent]\n|switch|p2a: Amogus|Amoonguss, M, shiny|100\/100\n|-damage|p2a: Amogus|88\/100|[from] Stealth Rock\n|move|p1a: Gilbert|Ice Beam|p2a: Amogus\n|-supereffective|p2a: Amogus\n|-damage|p2a: Amogus|65\/100\n|\n|-heal|p1a: Gilbert|75\/100|[from] item: Leftovers\n|upkeep\n|turn|20\n|\n|t:|1701118288\n|switch|p1a: Silbert|Skeledirge, F|29\/100\n|move|p2a: Amogus|Toxic|p1a: Silbert\n|-status|p1a: Silbert|tox\n|\n|-damage|p1a: Silbert|23\/100 tox|[from] psn\n|upkeep\n|turn|21\n|\n|t:|1701118329\n|move|p2a: Amogus|Protect|p2a: Amogus\n|-singleturn|p2a: Amogus|Protect\n|move|p1a: Silbert|Slack Off|p1a: Silbert\n|-heal|p1a: Silbert|73\/100 tox\n|\n|-damage|p1a: Silbert|61\/100 tox|[from] psn\n|upkeep\n|turn|22\n|\n|t:|1701118350\n|switch|p2a: W O R M|Orthworm, M, shiny, tera:Fairy|100\/100 par\n|-damage|p2a: W O R M|88\/100 par|[from] Stealth Rock\n|move|p1a: Silbert|Torch Song|p2a: W O R M\n|-damage|p2a: W O R M|42\/100 par\n|-boost|p1a: Silbert|spa|1\n|\n|-heal|p2a: W O R M|48\/100 par|[from] item: Leftovers\n|-damage|p1a: Silbert|42\/100 tox|[from] psn\n|upkeep\n|turn|23\n|\n|t:|1701118362\n|move|p1a: Silbert|Shadow Ball|p2a: W O R M\n|-damage|p2a: W O R M|0 fnt\n|faint|p2a: W O R M\n|\n|-damage|p1a: Silbert|18\/100 tox|[from] psn\n|upkeep\n|c|\u2606Dirty Dilbert|idk\n|\n|t:|1701118371\n|switch|p2a: Armarouge|Armarouge, M, shiny|100\/100\n|-damage|p2a: Armarouge|76\/100|[from] Stealth Rock\n|turn|24\n|\n|t:|1701118376\n|switch|p1a: Gilbert|Gastrodon, M|75\/100\n|-damage|p1a: Gilbert|69\/100|[from] Stealth Rock\n|move|p2a: Armarouge|Dark Pulse|p1a: Gilbert\n|-damage|p1a: Gilbert|50\/100\n|\n|-heal|p2a: Armarouge|82\/100|[from] item: Leftovers\n|-heal|p1a: Gilbert|56\/100|[from] item: Leftovers\n|upkeep\n|turn|25\n|\n|t:|1701118387\n|switch|p2a: Amogus|Amoonguss, M, shiny|98\/100\n|-damage|p2a: Amogus|85\/100|[from] Stealth Rock\n|move|p1a: Gilbert|Recover|p1a: Gilbert\n|-heal|p1a: Gilbert|100\/100\n|\n|upkeep\n|turn|26\n|c| Sl3kii|I like how kite\u2019s mons are 5 berts and eiscue\n|c|\u2606deer tamer|dw\n|c|\u2606deer tamer|eiscue has a dilb name too\n|\n|t:|1701118407\n|switch|p1a: Silbert|Skeledirge, F|18\/100 tox\n|move|p2a: Amogus|Giga Drain|p1a: Silbert\n|-resisted|p1a: Silbert\n|-damage|p1a: Silbert|10\/100 tox\n|-heal|p2a: Amogus|90\/100|[from] drain|[of] p1a: Silbert\n|\n|-damage|p1a: Silbert|3\/100 tox|[from] psn\n|upkeep\n|turn|27\n|\n|t:|1701118426\n|move|p2a: Amogus|Protect|p2a: Amogus\n|-singleturn|p2a: Amogus|Protect\n|move|p1a: Silbert|Shadow Ball|p2a: Amogus\n|-activate|p2a: Amogus|move: Protect\n|\n|-damage|p1a: Silbert|0 fnt|[from] psn\n|faint|p1a: Silbert\n|upkeep\n|\n|t:|1701118441\n|switch|p1a: Eilbert|Eiscue, M|100\/100\n|-damage|p1a: Eilbert|75\/100|[from] Stealth Rock\n|turn|28\n|c| Sl3kii|Ok at least it\u2019s not 6-0\n|\n|t:|1701118456\n|switch|p2a: Armarouge|Armarouge, M, shiny|82\/100\n|-damage|p2a: Armarouge|57\/100|[from] Stealth Rock\n|move|p1a: Eilbert|Substitute|p1a: Eilbert\n|-start|p1a: Eilbert|Substitute\n|-damage|p1a: Eilbert|50\/100\n|\n|-heal|p2a: Armarouge|63\/100|[from] item: Leftovers\n|upkeep\n|turn|29\n|\n|t:|1701118471\n|move|p1a: Eilbert|Belly Drum||[still]\n|-fail|p1a: Eilbert\n|move|p2a: Armarouge|Dark Pulse|p1a: Eilbert\n|-end|p1a: Eilbert|Substitute\n|\n|-heal|p2a: Armarouge|69\/100|[from] item: Leftovers\n|upkeep\n|turn|30\n|c|\u2606deer tamer|FUCK\n|c|\u2606deer tamer|I DIDN'T HAVE A UNEVEN HP\n|c|\u2606Dirty Dilbert|lol\n|c| Sl3kii|Unfortunate \ud83d\udc80\n|c|\u2606deer tamer|dilbert don't look at me sob\n|c|\u2606deer tamer|if i ev'd right\n|c|\u2606deer tamer|i would've gotten it off\n|\n|t:|1701118514\n|move|p1a: Eilbert|Ice Spinner|p2a: Armarouge\n|-resisted|p2a: Armarouge\n|-damage|p2a: Armarouge|56\/100\n|-ability|p2a: Armarouge|Weak Armor|boost\n|-unboost|p2a: Armarouge|def|1\n|-boost|p2a: Armarouge|spe|2\n|move|p2a: Armarouge|Armor Cannon|p1a: Eilbert\n|-supereffective|p1a: Eilbert\n|-damage|p1a: Eilbert|0 fnt\n|-unboost|p2a: Armarouge|def|1\n|-unboost|p2a: Armarouge|spd|1\n|faint|p1a: Eilbert\n|\n|-heal|p2a: Armarouge|63\/100|[from] item: Leftovers\n|upkeep\n|\n|t:|1701118521\n|switch|p1a: Dilbert|Darkrai|23\/100\n|-damage|p1a: Dilbert|10\/100|[from] Stealth Rock\n|turn|31\n|\n|t:|1701118540\n|switch|p2a: Amogus|Amoonguss, M, shiny|100\/100\n|-damage|p2a: Amogus|88\/100|[from] Stealth Rock\n|move|p1a: Dilbert|Dark Pulse|p2a: Amogus\n|-damage|p2a: Amogus|59\/100\n|\n|upkeep\n|turn|32\n|\n|t:|1701118554\n|move|p1a: Dilbert|Dark Pulse|p2a: Amogus\n|-damage|p2a: Amogus|31\/100\n|move|p2a: Amogus|Giga Drain|p1a: Dilbert\n|-damage|p1a: Dilbert|0 fnt\n|-heal|p2a: Amogus|34\/100|[from] drain|[of] p1a: Dilbert\n|faint|p1a: Dilbert\n|\n|upkeep\n|c|\u2606deer tamer|dilber\n|c|\u2606deer tamer|the match is getting scarily close\n|\n|t:|1701118567\n|switch|p1a: Gilbert Tilbert|Great Tusk|100\/100\n|-damage|p1a: Gilbert Tilbert|98\/100|[from] Stealth Rock\n|turn|33\n|\n|t:|1701118597\n|-terastallize|p1a: Gilbert Tilbert|Ground\n|move|p2a: Amogus|Protect|p2a: Amogus\n|-singleturn|p2a: Amogus|Protect\n|move|p1a: Gilbert Tilbert|Headlong Rush|p2a: Amogus\n|-activate|p2a: Amogus|move: Protect\n|\n|-heal|p1a: Gilbert Tilbert|100\/100|[from] item: Leftovers\n|upkeep\n|turn|34\n|\n|t:|1701118612\n|move|p1a: Gilbert Tilbert|Headlong Rush|p2a: Amogus\n|-damage|p2a: Amogus|0 fnt\n|-unboost|p1a: Gilbert Tilbert|def|1\n|-unboost|p1a: Gilbert Tilbert|spd|1\n|-damage|p1a: Gilbert Tilbert|84\/100|[from] item: Rocky Helmet|[of] p2a: Amogus\n|faint|p2a: Amogus\n|\n|-heal|p1a: Gilbert Tilbert|90\/100|[from] item: Leftovers\n|upkeep\n|\n|t:|1701118615\n|switch|p2a: Iron Hands|Iron Hands, shiny|100\/100\n|-damage|p2a: Iron Hands|94\/100|[from] Stealth Rock\n|turn|35\n|\n|t:|1701118621\n|move|p1a: Gilbert Tilbert|Headlong Rush|p2a: Iron Hands\n|-supereffective|p2a: Iron Hands\n|-damage|p2a: Iron Hands|0 fnt\n|-unboost|p1a: Gilbert Tilbert|def|1\n|-unboost|p1a: Gilbert Tilbert|spd|1\n|faint|p2a: Iron Hands\n|-end|p2a: Iron Hands|Quark Drive|[silent]\n|\n|-heal|p1a: Gilbert Tilbert|96\/100|[from] item: Leftovers\n|upkeep\n|\n|t:|1701118624\n|switch|p2a: Armarouge|Armarouge, M, shiny|63\/100\n|-damage|p2a: Armarouge|38\/100|[from] Stealth Rock\n|turn|36\n|c|\u2606Dirty Dilbert|DAMN I MISSPLAYED\n|c|\u2606Dirty Dilbert|FUCK\n|\n|t:|1701118639\n|move|p1a: Gilbert Tilbert|Headlong Rush|p2a: Armarouge\n|-supereffective|p2a: Armarouge\n|-damage|p2a: Armarouge|0 fnt\n|-unboost|p1a: Gilbert Tilbert|def|1\n|-unboost|p1a: Gilbert Tilbert|spd|1\n|faint|p2a: Armarouge\n|\n|win|deer tamer\n|c|\u2606deer tamer|gg\n|c|\u2606Dirty Dilbert|GG\n|c|\u2606deer tamer|WHAT went wrong\n|c|\u2606deer tamer|what happened dilb\n|c| Sl3kii|That was a lot closer than I thought\n|c|\u2606Dirty Dilbert|I just realized that I brought the wrong amoung us\n|c|\u2606deer tamer|SHIT\n|c|\u2606deer tamer|dilbert stand proud\n|c|\u2606deer tamer|you are strong\n|l| Sl3kii\n","uploadtime":1701118727,"views":3,"p1id":"deertamer","p2id":"dirtydilbert","formatid":"gen9ubers","rating":0,"private":0,"password":""}