{"id":"gen9ubers-1979573091","p1":"XpokVEVO","p2":"Fireblitz15","format":"[Gen 9] Ubers","log":"|j|\u2606XpokVEVO\n|j|\u2606Fireblitz15\n|t:|1698693381\n|gametype|singles\n|player|p1|XpokVEVO|mustard|\n|player|p2|Fireblitz15|ingo|\n|teamsize|p1|6\n|teamsize|p2|6\n|gen|9\n|tier|[Gen 9] Ubers\n|rule|Sleep Clause Mod: Limit one foe put to sleep\n|rule|Species Clause: Limit one of each Pok\u00e9mon\n|rule|OHKO Clause: OHKO moves are banned\n|rule|Evasion Items Clause: Evasion items are banned\n|rule|Evasion Moves Clause: Evasion moves are banned\n|rule|Endless Battle Clause: Forcing endless battles is banned\n|rule|HP Percentage Mod: HP is shown in percentages\n|clearpoke\n|poke|p1|Arceus-Fire|\n|poke|p1|Cyclizar, F|\n|poke|p1|Espathra, F|\n|poke|p1|Magearna|\n|poke|p1|Zacian-*|\n|poke|p1|Ursaluna-Bloodmoon, M|\n|poke|p2|Pelipper, M|\n|poke|p2|Basculegion-F, F|\n|poke|p2|Arceus-Grass|\n|poke|p2|Thundurus-Therian, M|\n|poke|p2|Cyclizar, M|\n|poke|p2|Iron Valiant|\n|teampreview\n|inactive|Battle timer is ON: inactive players will automatically lose when time's up. (requested by XpokVEVO)\n|j| samticidae\n|inactive|XpokVEVO has 270 seconds left.\n|l| samticidae\n|j| samticidae\n|inactive|XpokVEVO has 240 seconds left.\n|\n|t:|1698693444\n|start\n|switch|p1a: Akira|Cyclizar, F|100\/100\n|switch|p2a: Pelipper|Pelipper, M|100\/100\n|-weather|RainDance|[from] ability: Drizzle|[of] p2a: Pelipper\n|turn|1\n|\n|t:|1698693454\n|move|p1a: Akira|Shed Tail|p1a: Akira\n|-start|p1a: Akira|Substitute|[from] move: Shed Tail\n|-damage|p1a: Akira|50\/100\n|inactive|XpokVEVO has 270 seconds left.\n|l| samticidae\n|j| samticidae\n|inactive|XpokVEVO has 240 seconds left.\n|l| samticidae\n|j| samticidae\n|inactive|XpokVEVO has 210 seconds left.\n|j| Leo Justice\n|c| Leo Justice|Send the link in live battles\n|inactive|XpokVEVO has 180 seconds left.\n|c| Leo Justice|Also disgusting Basc user\n|c|\u2606Fireblitz15|got it\n|c| Leo Justice|smh smh\n|c| samticidae|LOL\n|inactive|XpokVEVO has 150 seconds left.\n|\n|t:|1698693601\n|switch|p1a: Freddy Fazbear|Ursaluna-Bloodmoon, M|100\/100|[from] Shed Tail\n|move|p2a: Pelipper|U-turn|p1a: Freddy Fazbear\n|-activate|p1a: Freddy Fazbear|move: Substitute|[damage]\n|\n|t:|1698693621\n|switch|p2a: Basculegion|Basculegion-F, F|100\/100|[from] U-turn\n|\n|-weather|RainDance|[upkeep]\n|upkeep\n|turn|2\n|c| Leo Justice|Minds eye\n|inactive|XpokVEVO has 150 seconds left.\n|\n|t:|1698693639\n|move|p2a: Basculegion|Flip Turn|p1a: Freddy Fazbear\n|-supereffective|p1a: Freddy Fazbear\n|-end|p1a: Freddy Fazbear|Substitute\n|c| Leo Justice|wait no\n|c| Leo Justice|yeah i forgot flip turn was a thing\n|c|\u2606XpokVEVO|yes\n|\n|t:|1698693659\n|switch|p2a: Arceus|Arceus-Grass|100\/100|[from] Flip Turn\n|move|p1a: Freddy Fazbear|Blood Moon|p2a: Arceus\n|-damage|p2a: Arceus|51\/100\n|\n|-weather|RainDance|[upkeep]\n|upkeep\n|turn|3\n|c|\u2606XpokVEVO|but now theres an unresisted blood moon incoming\n|inactive|XpokVEVO has 150 seconds left.\n|inactive|Fireblitz15 has 270 seconds left.\n|\n|t:|1698693680\n|switch|p2a: Basculegion|Basculegion-F, F|100\/100\n|switch|p1a: Arceus-Fight\u0131ng|Arceus-Fire, shiny|100\/100\n|\n|-weather|RainDance|[upkeep]\n|upkeep\n|turn|4\n|c| Leo Justice|The read\n|inactive|XpokVEVO has 150 seconds left.\n|\n|t:|1698693706\n|switch|p1a: Aunt Fanny|Magearna|100\/100\n|move|p2a: Basculegion|Wave Crash|p1a: Aunt Fanny\n|-damage|p1a: Aunt Fanny|0 fnt\n|faint|p1a: Aunt Fanny\n|-damage|p2a: Basculegion|75\/100|[from] Recoil\n|\n|-weather|RainDance|[upkeep]\n|upkeep\n|\n|t:|1698693717\n|switch|p1a: Emu War|Espathra, F|100\/100\n|turn|5\n|\n|t:|1698693721\n|move|p1a: Emu War|Protect|p1a: Emu War\n|-singleturn|p1a: Emu War|Protect\n|move|p2a: Basculegion|Wave Crash|p1a: Emu War\n|-activate|p1a: Emu War|move: Protect\n|\n|-weather|RainDance|[upkeep]\n|-ability|p1a: Emu War|Speed Boost|boost\n|-boost|p1a: Emu War|spe|1\n|upkeep\n|turn|6\n|\n|t:|1698693728\n|move|p2a: Basculegion|Wave Crash|p1a: Emu War\n|-enditem|p1a: Emu War|Focus Sash\n|-damage|p1a: Emu War|1\/100\n|-damage|p2a: Basculegion|43\/100|[from] Recoil\n|move|p1a: Emu War|Calm Mind|p1a: Emu War\n|-boost|p1a: Emu War|spa|1\n|-boost|p1a: Emu War|spd|1\n|\n|-weather|RainDance|[upkeep]\n|-ability|p1a: Emu War|Speed Boost|boost\n|-boost|p1a: Emu War|spe|1\n|upkeep\n|turn|7\n|\n|t:|1698693739\n|switch|p2a: Cyclizar|Cyclizar, M|100\/100\n|move|p1a: Emu War|Protect||[still]\n|-fail|p1a: Emu War\n|\n|-weather|RainDance|[upkeep]\n|-ability|p1a: Emu War|Speed Boost|boost\n|-boost|p1a: Emu War|spe|1\n|upkeep\n|turn|8\n|inactive|XpokVEVO has 150 seconds left.\n|\n|t:|1698693760\n|-terastallize|p1a: Emu War|Fairy\n|move|p1a: Emu War|Dazzling Gleam|p2a: Cyclizar\n|-supereffective|p2a: Cyclizar\n|-damage|p2a: Cyclizar|0 fnt\n|faint|p2a: Cyclizar\n|\n|-weather|none\n|-ability|p1a: Emu War|Speed Boost|boost\n|-boost|p1a: Emu War|spe|1\n|upkeep\n|\n|t:|1698693768\n|switch|p2a: Basculegion|Basculegion-F, F|43\/100\n|turn|9\n|\n|t:|1698693772\n|move|p2a: Basculegion|Aqua Jet|p1a: Emu War\n|-damage|p1a: Emu War|0 fnt\n|faint|p1a: Emu War\n|\n|upkeep\n|\n|t:|1698693776\n|switch|p1a: Akira|Cyclizar, F|84\/100\n|turn|10\n|inactive|Fireblitz15 has 270 seconds left.\n|c|\u2606XpokVEVO|hurry up\n|l| samticidae\n|inactive|Fireblitz15 has 240 seconds left.\n|inactive|Fireblitz15 has 210 seconds left.\n|\n|t:|1698693878\n|-terastallize|p2a: Basculegion|Water\n|move|p2a: Basculegion|Aqua Jet|p1a: Akira\n|-resisted|p1a: Akira\n|-damage|p1a: Akira|56\/100\n|move|p1a: Akira|Knock Off|p2a: Basculegion\n|-damage|p2a: Basculegion|18\/100\n|-enditem|p2a: Basculegion|Choice Band|[from] move: Knock Off|[of] p1a: Akira\n|\n|upkeep\n|turn|11\n|inactive|Fireblitz15 has 210 seconds left.\n|c|\u2606XpokVEVO|damn thats ballsy\n|c|\u2606XpokVEVO|i respect\n|c|\u2606XpokVEVO|i was about to kill with knockoff otherwise\n|inactive|XpokVEVO has 150 seconds left.\n|\n|t:|1698693917\n|switch|p2a: Iron Valiant|Iron Valiant|100\/100\n|-enditem|p2a: Iron Valiant|Booster Energy\n|-activate|p2a: Iron Valiant|ability: Quark Drive|[fromitem]\n|-start|p2a: Iron Valiant|quarkdrivespe\n|move|p1a: Akira|Rapid Spin|p2a: Iron Valiant\n|-damage|p2a: Iron Valiant|81\/100\n|-boost|p1a: Akira|spe|1\n|\n|upkeep\n|turn|12\n|c|\u2606XpokVEVO|YESSS\n|\n|t:|1698693929\n|move|p1a: Akira|Shed Tail|p1a: Akira\n|-start|p1a: Akira|Substitute|[from] move: Shed Tail\n|-damage|p1a: Akira|5\/100\n|\n|t:|1698693940\n|switch|p1a: Arceus-Fight\u0131ng|Arceus-Fire, shiny|100\/100|[from] Shed Tail\n|move|p2a: Iron Valiant|Moonblast|p1a: Arceus-Fight\u0131ng\n|-resisted|p1a: Arceus-Fight\u0131ng\n|-activate|p1a: Arceus-Fight\u0131ng|move: Substitute|[damage]\n|\n|upkeep\n|turn|13\n|inactive|Fireblitz15 has 210 seconds left.\n|c|\u2606XpokVEVO|YUUUUHHH\n|\n|t:|1698693957\n|move|p2a: Iron Valiant|Destiny Bond|p2a: Iron Valiant\n|-singlemove|p2a: Iron Valiant|Destiny Bond\n|move|p1a: Arceus-Fight\u0131ng|Flare Blitz|p2a: Iron Valiant\n|-damage|p2a: Iron Valiant|0 fnt\n|faint|p2a: Iron Valiant\n|-activate|p2a: Iron Valiant|move: Destiny Bond\n|-end|p2a: Iron Valiant|Quark Drive|[silent]\n|faint|p1a: Arceus-Fight\u0131ng\n|\n|upkeep\n|c|\u2606XpokVEVO|YOU MONSTER\n|inactive|Fireblitz15 has 210 seconds left.\n|\n|t:|1698693977\n|switch|p2a: Pelipper|Pelipper, M|100\/100\n|switch|p1a: Princess|Zacian, shiny|100\/100\n|-ability|p1a: Princess|Intrepid Sword|boost\n|-boost|p1a: Princess|atk|1\n|-weather|RainDance|[from] ability: Drizzle|[of] p2a: Pelipper\n|turn|14\n|inactive|Fireblitz15 has 210 seconds left.\n|\n|t:|1698693990\n|move|p1a: Princess|Swords Dance|p1a: Princess\n|-boost|p1a: Princess|atk|2\n|move|p2a: Pelipper|Hurricane|p1a: Princess\n|-damage|p1a: Princess|66\/100\n|\n|-weather|RainDance|[upkeep]\n|upkeep\n|turn|15\n|\n|t:|1698693997\n|move|p1a: Princess|Play Rough|p2a: Pelipper\n|-damage|p2a: Pelipper|0 fnt\n|faint|p2a: Pelipper\n|-damage|p1a: Princess|57\/100|[from] item: Life Orb\n|\n|-weather|RainDance|[upkeep]\n|upkeep\n|\n|t:|1698694003\n|switch|p2a: Basculegion|Basculegion-F, F, tera:Water|18\/100\n|turn|16\n|inactive|XpokVEVO has 150 seconds left.\n|\n|t:|1698694018\n|move|p2a: Basculegion|Flip Turn|p1a: Princess\n|-damage|p1a: Princess|13\/100\n|\n|t:|1698694022\n|switch|p2a: Arceus|Arceus-Grass|51\/100|[from] Flip Turn\n|move|p1a: Princess|Psychic Fangs|p2a: Arceus\n|-damage|p2a: Arceus|0 fnt\n|faint|p2a: Arceus\n|-damage|p1a: Princess|3\/100|[from] item: Life Orb\n|\n|-weather|RainDance|[upkeep]\n|upkeep\n|\n|t:|1698694030\n|switch|p2a: Basculegion|Basculegion-F, F, tera:Water|18\/100\n|turn|17\n|\n|t:|1698694047\n|switch|p1a: Akira|Cyclizar, F|39\/100\n|move|p2a: Basculegion|Flip Turn|p1a: Akira\n|-resisted|p1a: Akira\n|-damage|p1a: Akira|0 fnt\n|faint|p1a: Akira\n|\n|t:|1698694053\n|switch|p2a: Thundurus|Thundurus-Therian, M|100\/100|[from] Flip Turn\n|\n|-weather|RainDance|[upkeep]\n|upkeep\n|\n|t:|1698694058\n|switch|p1a: Princess|Zacian, shiny|3\/100\n|turn|18\n|\n|t:|1698694063\n|move|p1a: Princess|Play Rough|p2a: Thundurus|[miss]\n|-miss|p1a: Princess|p2a: Thundurus\n|move|p2a: Thundurus|Volt Switch|p1a: Princess\n|-damage|p1a: Princess|0 fnt\n|faint|p1a: Princess\n|c|\u2606Fireblitz15|gg\n|\n|t:|1698694069\n|switch|p2a: Basculegion|Basculegion-F, F, tera:Water|18\/100|[from] Volt Switch\n|\n|-weather|RainDance|[upkeep]\n|upkeep\n|c|\u2606XpokVEVO|WHAT IS THIS GAMEEE\n|\n|t:|1698694073\n|switch|p1a: Freddy Fazbear|Ursaluna-Bloodmoon, M|100\/100\n|turn|19\n|\n|t:|1698694078\n|move|p2a: Basculegion|Wave Crash|p1a: Freddy Fazbear\n|-supereffective|p1a: Freddy Fazbear\n|-damage|p1a: Freddy Fazbear|0 fnt\n|faint|p1a: Freddy Fazbear\n|-damage|p2a: Basculegion|0 fnt|[from] Recoil\n|faint|p2a: Basculegion\n|\n|win|Fireblitz15\n|c|\u2606XpokVEVO|would i have won\n|c|\u2606XpokVEVO|no\n|c| Leo Justice|u wouldn't have\n|c| Leo Justice|yeah\n|c| Leo Justice|Wave crash just\n|c| Leo Justice|ohkos\n|player|p1|XpokVEVO|mustard\n|c| Leo Justice|252 Atk Basculegion-F Wave Crash vs. 0 HP \/ 4 Def Ursaluna-Bloodmoon in Rain: 396-468 (107.9 - 127.5%) -- guaranteed OHKO\n|c| Leo Justice|and the recoil wouldn't have mattered\n|l| Leo Justice\n","uploadtime":1698694090,"views":59,"p1id":"xpokvevo","p2id":"fireblitz15","formatid":"gen9ubers","rating":0,"private":0,"password":""}