{"id":"gen9ubers-1980531968","p1":"Opalduck","p2":"Jrmoore896","format":"[Gen 9] Ubers","log":"|j|\u2606Opalduck\n|j|\u2606Jrmoore896\n|t:|1698794267\n|gametype|singles\n|player|p1|Opalduck|101|1157\n|player|p2|Jrmoore896|lucas-gen4pt|1273\n|teamsize|p1|6\n|teamsize|p2|6\n|gen|9\n|tier|[Gen 9] Ubers\n|rated|\n|rule|Sleep Clause Mod: Limit one foe put to sleep\n|rule|Species Clause: Limit one of each Pok\u00e9mon\n|rule|OHKO Clause: OHKO moves are banned\n|rule|Evasion Items Clause: Evasion items are banned\n|rule|Evasion Moves Clause: Evasion moves are banned\n|rule|Endless Battle Clause: Forcing endless battles is banned\n|rule|HP Percentage Mod: HP is shown in percentages\n|clearpoke\n|poke|p1|Annihilape, F|\n|poke|p1|Kyogre|\n|poke|p1|Basculegion, M|\n|poke|p1|Arceus-Ground|\n|poke|p1|Zacian-*|\n|poke|p1|Miraidon|\n|poke|p2|Ninetales-Alola, M|\n|poke|p2|Baxcalibur, M|\n|poke|p2|Mienshao, M|\n|poke|p2|Chandelure, M|\n|poke|p2|Cinderace, M|\n|poke|p2|Clefable, M|\n|teampreview\n|inactive|Battle timer is ON: inactive players will automatically lose when time's up. (requested by Jrmoore896)\n|\n|t:|1698794282\n|start\n|switch|p1a: Annihilape|Annihilape, F|100\/100\n|switch|p2a: Ninetales|Ninetales-Alola, M|100\/100\n|-weather|Snow|[from] ability: Snow Warning|[of] p2a: Ninetales\n|turn|1\n|\n|t:|1698794298\n|move|p2a: Ninetales|Aurora Veil|p2a: Ninetales\n|-sidestart|p2: Jrmoore896|move: Aurora Veil\n|move|p1a: Annihilape|Stealth Rock|p2a: Ninetales\n|-sidestart|p2: Jrmoore896|move: Stealth Rock\n|\n|-weather|Snow|[upkeep]\n|upkeep\n|turn|2\n|\n|t:|1698794304\n|move|p2a: Ninetales|Encore|p1a: Annihilape\n|-start|p1a: Annihilape|Encore\n|move|p1a: Annihilape|Stealth Rock||[still]\n|-fail|p1a: Annihilape\n|\n|-weather|Snow|[upkeep]\n|upkeep\n|turn|3\n|\n|t:|1698794320\n|switch|p2a: Mienshao|Mienshao, M|100\/100\n|-damage|p2a: Mienshao|94\/100|[from] Stealth Rock\n|switch|p1a: Zacian|Zacian-Crowned|100\/100\n|-ability|p1a: Zacian|Intrepid Sword|boost\n|-boost|p1a: Zacian|atk|1\n|\n|-weather|Snow|[upkeep]\n|upkeep\n|turn|4\n|\n|t:|1698794335\n|move|p2a: Mienshao|Close Combat|p1a: Zacian\n|-damage|p1a: Zacian|34\/100\n|-unboost|p2a: Mienshao|def|1\n|-unboost|p2a: Mienshao|spd|1\n|move|p1a: Zacian|Swords Dance|p1a: Zacian\n|-boost|p1a: Zacian|atk|2\n|\n|-weather|Snow|[upkeep]\n|upkeep\n|turn|5\n|\n|t:|1698794351\n|switch|p2a: Chandelure|Chandelure, M|100\/100\n|-damage|p2a: Chandelure|76\/100|[from] Stealth Rock\n|switch|p1a: Basculegion|Basculegion, M|100\/100\n|\n|-weather|none\n|upkeep\n|turn|6\n|inactive|Opalduck has 120 seconds left.\n|\n|t:|1698794380\n|move|p2a: Chandelure|Shadow Ball|p1a: Basculegion\n|-supereffective|p1a: Basculegion\n|-damage|p1a: Basculegion|0 fnt\n|faint|p1a: Basculegion\n|\n|upkeep\n|inactive|Opalduck has 120 seconds left.\n|\n|t:|1698794387\n|switch|p1a: Annihilape|Annihilape, F|100\/100\n|turn|7\n|\n|t:|1698794392\n|move|p2a: Chandelure|Shadow Ball|p1a: Annihilape\n|-supereffective|p1a: Annihilape\n|-damage|p1a: Annihilape|24\/100\n|move|p1a: Annihilape|Rage Fist|p2a: Chandelure\n|-supereffective|p2a: Chandelure\n|-crit|p2a: Chandelure\n|-damage|p2a: Chandelure|0 fnt\n|faint|p2a: Chandelure\n|\n|upkeep\n|\n|t:|1698794408\n|switch|p2a: Cinderace|Cinderace, M|100\/100\n|turn|8\n|\n|t:|1698794417\n|move|p2a: Cinderace|Court Change|p2a: Cinderace\n|-start|p2a: Cinderace|typechange|Normal|[from] ability: Libero\n|-swapsideconditions\n|-activate|p2a: Cinderace|move: Court Change\n|move|p1a: Annihilape|Final Gambit|p2a: Cinderace\n|-damage|p2a: Cinderace|74\/100\n|faint|p1a: Annihilape\n|\n|-sideend|p1: Opalduck|move: Aurora Veil\n|upkeep\n|\n|t:|1698794434\n|switch|p1a: Miraidon|Miraidon|100\/100\n|-damage|p1a: Miraidon|88\/100|[from] Stealth Rock\n|-fieldstart|move: Electric Terrain|[from] ability: Hadron Engine|[of] p1a: Miraidon\n|turn|9\n|\n|t:|1698794447\n|switch|p2a: Ninetales|Ninetales-Alola, M|100\/100\n|-weather|Snow|[from] ability: Snow Warning|[of] p2a: Ninetales\n|move|p1a: Miraidon|Substitute|p1a: Miraidon\n|-start|p1a: Miraidon|Substitute\n|-damage|p1a: Miraidon|63\/100\n|\n|-weather|Snow|[upkeep]\n|upkeep\n|turn|10\n|\n|t:|1698794457\n|move|p1a: Miraidon|Parabolic Charge|p2a: Ninetales\n|-damage|p2a: Ninetales|28\/100\n|-heal|p1a: Miraidon|100\/100|[from] drain|[of] p2a: Ninetales\n|-damage|p1a: Miraidon|91\/100|[from] item: Life Orb\n|move|p2a: Ninetales|Aurora Veil|p2a: Ninetales\n|-sidestart|p2: Jrmoore896|move: Aurora Veil\n|\n|-weather|Snow|[upkeep]\n|upkeep\n|turn|11\n|\n|t:|1698794470\n|move|p1a: Miraidon|Calm Mind|p1a: Miraidon\n|-boost|p1a: Miraidon|spa|1\n|-boost|p1a: Miraidon|spd|1\n|move|p2a: Ninetales|Freeze-Dry|p1a: Miraidon\n|-supereffective|p1a: Miraidon\n|-end|p1a: Miraidon|Substitute\n|\n|-weather|Snow|[upkeep]\n|upkeep\n|turn|12\n|\n|t:|1698794480\n|move|p1a: Miraidon|Parabolic Charge|p2a: Ninetales\n|-damage|p2a: Ninetales|0 fnt\n|-heal|p1a: Miraidon|100\/100|[from] drain|[of] p2a: Ninetales\n|faint|p2a: Ninetales\n|-damage|p1a: Miraidon|91\/100|[from] item: Life Orb\n|\n|-weather|Snow|[upkeep]\n|upkeep\n|\n|t:|1698794489\n|switch|p2a: Baxcalibur|Baxcalibur, M, shiny|100\/100\n|turn|13\n|\n|t:|1698794496\n|-terastallize|p2a: Baxcalibur|Fairy\n|move|p1a: Miraidon|Draco Meteor|p2a: Baxcalibur\n|-immune|p2a: Baxcalibur\n|move|p2a: Baxcalibur|Scale Shot|p1a: Miraidon\n|-supereffective|p1a: Miraidon\n|-damage|p1a: Miraidon|64\/100\n|-supereffective|p1a: Miraidon\n|-damage|p1a: Miraidon|33\/100\n|-supereffective|p1a: Miraidon\n|-damage|p1a: Miraidon|3\/100\n|-supereffective|p1a: Miraidon\n|-damage|p1a: Miraidon|0 fnt\n|faint|p1a: Miraidon\n|-hitcount|p1: Miraidon|4\n|-unboost|p2a: Baxcalibur|def|1\n|-boost|p2a: Baxcalibur|spe|1\n|\n|-weather|none\n|-fieldend|move: Electric Terrain\n|upkeep\n|\n|t:|1698794514\n|switch|p1a: Zacian|Zacian-Crowned|34\/100\n|-damage|p1a: Zacian|28\/100|[from] Stealth Rock\n|turn|14\n|\n|t:|1698794519\n|move|p2a: Baxcalibur|Earthquake|p1a: Zacian\n|-supereffective|p1a: Zacian\n|-damage|p1a: Zacian|0 fnt\n|faint|p1a: Zacian\n|\n|upkeep\n|\n|t:|1698794530\n|switch|p1a: Kyogre|Kyogre|100\/100\n|-damage|p1a: Kyogre|88\/100|[from] Stealth Rock\n|-weather|RainDance|[from] ability: Drizzle|[of] p1a: Kyogre\n|turn|15\n|\n|t:|1698794542\n|-terastallize|p1a: Kyogre|Water\n|move|p1a: Kyogre|Water Spout|p2a: Baxcalibur\n|-damage|p2a: Baxcalibur|23\/100\n|move|p2a: Baxcalibur|Swords Dance|p2a: Baxcalibur\n|-boost|p2a: Baxcalibur|atk|2\n|\n|-weather|RainDance|[upkeep]\n|upkeep\n|turn|16\n|\n|t:|1698794557\n|move|p1a: Kyogre|Water Spout|p2a: Baxcalibur\n|-crit|p2a: Baxcalibur\n|-damage|p2a: Baxcalibur|0 fnt\n|faint|p2a: Baxcalibur\n|\n|-weather|RainDance|[upkeep]\n|upkeep\n|\n|t:|1698794567\n|switch|p2a: Mienshao|Mienshao, M|100\/100\n|turn|17\n|\n|t:|1698794576\n|move|p2a: Mienshao|Close Combat|p1a: Kyogre\n|-damage|p1a: Kyogre|17\/100\n|-unboost|p2a: Mienshao|def|1\n|-unboost|p2a: Mienshao|spd|1\n|move|p1a: Kyogre|Water Spout|p2a: Mienshao\n|-damage|p2a: Mienshao|58\/100\n|\n|-weather|RainDance|[upkeep]\n|-sideend|p2: Jrmoore896|move: Aurora Veil\n|upkeep\n|turn|18\n|inactive|Opalduck has 120 seconds left.\n|\n|t:|1698794616\n|switch|p1a: Arceus|Arceus-Ground|100\/100\n|-damage|p1a: Arceus|94\/100|[from] Stealth Rock\n|move|p2a: Mienshao|Close Combat|p1a: Arceus\n|-damage|p1a: Arceus|41\/100\n|-unboost|p2a: Mienshao|def|1\n|-unboost|p2a: Mienshao|spd|1\n|\n|-weather|RainDance|[upkeep]\n|upkeep\n|turn|19\n|\n|t:|1698794632\n|move|p2a: Mienshao|Close Combat|p1a: Arceus\n|-damage|p1a: Arceus|0 fnt\n|-unboost|p2a: Mienshao|def|1\n|-unboost|p2a: Mienshao|spd|1\n|faint|p1a: Arceus\n|\n|-weather|none\n|upkeep\n|\n|t:|1698794635\n|switch|p1a: Kyogre|Kyogre, tera:Water|17\/100\n|-damage|p1a: Kyogre|5\/100|[from] Stealth Rock\n|-weather|RainDance|[from] ability: Drizzle|[of] p1a: Kyogre\n|turn|20\n|\n|t:|1698794645\n|move|p2a: Mienshao|Close Combat|p1a: Kyogre\n|-damage|p1a: Kyogre|0 fnt\n|-unboost|p2a: Mienshao|def|1\n|-unboost|p2a: Mienshao|spd|1\n|faint|p1a: Kyogre\n|\n|win|Jrmoore896\n|raw|Opalduck's rating: 1157 &rarr; <strong>1138<\/strong><br \/>(-19 for losing)\n|raw|Jrmoore896's rating: 1246 &rarr; <strong>1265<\/strong><br \/>(+19 for winning)\n|l|\u2606Jrmoore896\n|j|\u2606Jrmoore896\n|player|p2|Jrmoore896|lucas-gen4pt\n","uploadtime":1698794662,"views":11,"p1id":"opalduck","p2id":"jrmoore896","formatid":"gen9ubers","rating":1138,"private":0,"password":""}