{"id":"gen9ubers-1968109119","p1":"Laprasrules12","p2":"PTKmoekyuun","format":"[Gen 9] Ubers","log":"|j|\u2606Laprasrules12\n|j|\u2606PTKmoekyuun\n|t:|1697385229\n|gametype|singles\n|player|p1|Laprasrules12|lusamine-nihilego|\n|player|p2|PTKmoekyuun|1|\n|teamsize|p1|6\n|teamsize|p2|6\n|gen|9\n|tier|[Gen 9] Ubers\n|rule|Sleep Clause Mod: Limit one foe put to sleep\n|rule|Species Clause: Limit one of each Pok\u00e9mon\n|rule|OHKO Clause: OHKO moves are banned\n|rule|Evasion Items Clause: Evasion items are banned\n|rule|Evasion Moves Clause: Evasion moves are banned\n|rule|Endless Battle Clause: Forcing endless battles is banned\n|rule|HP Percentage Mod: HP is shown in percentages\n|clearpoke\n|poke|p1|Arceus-Fighting|\n|poke|p1|Espathra, F|\n|poke|p1|Zacian-*|\n|poke|p1|Palkia-Origin|\n|poke|p1|Cyclizar, F|\n|poke|p1|Magearna-Original|\n|poke|p2|Ursaluna-Bloodmoon, M|\n|poke|p2|Slowking, M|\n|poke|p2|Volcarona, M|\n|poke|p2|Conkeldurr, M|\n|poke|p2|Gholdengo|\n|poke|p2|Quagsire, M|\n|teampreview\n|inactive|Battle timer is ON: inactive players will automatically lose when time's up. (requested by Laprasrules12)\n|\n|t:|1697385246\n|start\n|switch|p1a: Say Gex|Cyclizar, F, shiny|100\/100\n|switch|p2a: Quagsire|Quagsire, M|100\/100\n|turn|1\n|\n|t:|1697385250\n|move|p1a: Say Gex|Shed Tail|p1a: Say Gex\n|-start|p1a: Say Gex|Substitute|[from] move: Shed Tail\n|-damage|p1a: Say Gex|50\/100\n|\n|t:|1697385254\n|switch|p1a: Cleopatra|Espathra, F, shiny|100\/100|[from] Shed Tail\n|move|p2a: Quagsire|Toxic Spikes|p1a: Cleopatra\n|-sidestart|p1: Laprasrules12|move: Toxic Spikes\n|\n|upkeep\n|turn|2\n|\n|t:|1697385257\n|switch|p2a: Volcarona|Volcarona, M|100\/100\n|move|p1a: Cleopatra|Calm Mind|p1a: Cleopatra\n|-boost|p1a: Cleopatra|spa|1\n|-boost|p1a: Cleopatra|spd|1\n|\n|-ability|p1a: Cleopatra|Speed Boost|boost\n|-boost|p1a: Cleopatra|spe|1\n|upkeep\n|turn|3\n|\n|t:|1697385264\n|-terastallize|p1a: Cleopatra|Fighting\n|move|p1a: Cleopatra|Calm Mind|p1a: Cleopatra\n|-boost|p1a: Cleopatra|spa|1\n|-boost|p1a: Cleopatra|spd|1\n|move|p2a: Volcarona|Whirlwind|p1a: Cleopatra\n|drag|p1a: Sif|Zacian, shiny|100\/100\n|-status|p1a: Sif|psn\n|-ability|p1a: Sif|Intrepid Sword|boost\n|-boost|p1a: Sif|atk|1\n|\n|-damage|p1a: Sif|88\/100 psn|[from] psn\n|upkeep\n|turn|4\n|c|\u2606Laprasrules12|I didnt know that gets whirlwind\n|\n|t:|1697385282\n|switch|p1a: Pok\u00e9ball|Magearna-Original|100\/100\n|switch|p2a: Quagsire|Quagsire, M|100\/100\n|\n|upkeep\n|turn|5\n|\n|t:|1697385295\n|switch|p2a: Slowking|Slowking, M|100\/100\n|move|p1a: Pok\u00e9ball|Spikes|p2a: Slowking\n|-sidestart|p2: PTKmoekyuun|Spikes\n|\n|upkeep\n|turn|6\n|\n|t:|1697385298\n|move|p1a: Pok\u00e9ball|Thunder Wave|p2a: Slowking\n|-status|p2a: Slowking|par\n|move|p2a: Slowking|Thunder Wave|p1a: Pok\u00e9ball\n|-status|p1a: Pok\u00e9ball|par\n|\n|upkeep\n|turn|7\n|\n|t:|1697385301\n|move|p1a: Pok\u00e9ball|Volt Switch|p2a: Slowking\n|-supereffective|p2a: Slowking\n|-crit|p2a: Slowking\n|-damage|p2a: Slowking|65\/100 par\n|\n|t:|1697385310\n|switch|p1a: The Horse|Palkia-Origin, shiny|100\/100|[from] Volt Switch\n|-status|p1a: The Horse|psn\n|-ability|p1a: The Horse|Pressure\n|move|p2a: Slowking|Chilly Reception|p2a: Slowking\n|-weather|Snow\n|\n|t:|1697385322\n|switch|p2a: Volcarona|Volcarona, M|100\/100|[from] Chilly Reception\n|\n|-weather|Snow|[upkeep]\n|-damage|p1a: The Horse|88\/100 psn|[from] psn\n|upkeep\n|turn|8\n|\n|t:|1697385326\n|switch|p2a: Slowking|Slowking, M|99\/100 par\n|move|p1a: The Horse|Hydro Pump|p2a: Slowking\n|-resisted|p2a: Slowking\n|-damage|p2a: Slowking|76\/100 par\n|\n|-weather|Snow|[upkeep]\n|-damage|p1a: The Horse|76\/100 psn|[from] psn\n|upkeep\n|turn|9\n|\n|t:|1697385331\n|move|p1a: The Horse|Substitute|p1a: The Horse\n|-start|p1a: The Horse|Substitute\n|-damage|p1a: The Horse|51\/100 psn\n|move|p2a: Slowking|Chilly Reception|p2a: Slowking\n|\n|t:|1697385337\n|switch|p2a: Volcarona|Volcarona, M|100\/100|[from] Chilly Reception\n|\n|-weather|Snow|[upkeep]\n|-damage|p1a: The Horse|38\/100 psn|[from] psn\n|upkeep\n|turn|10\n|\n|t:|1697385341\n|switch|p2a: Slowking|Slowking, M|100\/100 par\n|move|p1a: The Horse|Spacial Rend|p2a: Slowking\n|-damage|p2a: Slowking|62\/100 par\n|\n|-weather|Snow|[upkeep]\n|-damage|p1a: The Horse|26\/100 psn|[from] psn\n|upkeep\n|turn|11\n|\n|t:|1697385349\n|switch|p2a: Gholdengo|Gholdengo|100\/100\n|-damage|p2a: Gholdengo|88\/100|[from] Spikes\n|move|p1a: The Horse|Spacial Rend|p2a: Gholdengo\n|-resisted|p2a: Gholdengo\n|-crit|p2a: Gholdengo\n|-damage|p2a: Gholdengo|35\/100\n|\n|-weather|none\n|-damage|p1a: The Horse|13\/100 psn|[from] psn\n|upkeep\n|turn|12\n|\n|t:|1697385355\n|switch|p2a: Slowking|Slowking, M|95\/100 par\n|move|p1a: The Horse|Spacial Rend|p2a: Slowking\n|-damage|p2a: Slowking|57\/100 par\n|\n|-damage|p1a: The Horse|1\/100 psn|[from] psn\n|upkeep\n|turn|13\n|\n|t:|1697385360\n|move|p1a: The Horse|Spacial Rend|p2a: Slowking\n|-damage|p2a: Slowking|15\/100 par\n|move|p2a: Slowking|Chilly Reception|p2a: Slowking\n|-weather|Snow\n|\n|t:|1697385377\n|switch|p2a: Conkeldurr|Conkeldurr, M|100\/100|[from] Chilly Reception\n|-damage|p2a: Conkeldurr|88\/100|[from] Spikes\n|\n|-weather|Snow|[upkeep]\n|-damage|p1a: The Horse|0 fnt|[from] psn\n|faint|p1a: The Horse\n|-status|p2a: Conkeldurr|brn|[from] item: Flame Orb\n|upkeep\n|\n|t:|1697385381\n|switch|p1a: Say Gex|Cyclizar, F, shiny|84\/100\n|-status|p1a: Say Gex|psn\n|turn|14\n|\n|t:|1697385384\n|move|p2a: Conkeldurr|Mach Punch|p1a: Say Gex\n|-supereffective|p1a: Say Gex\n|-damage|p1a: Say Gex|0 fnt\n|faint|p1a: Say Gex\n|\n|-weather|Snow|[upkeep]\n|-damage|p2a: Conkeldurr|82\/100 brn|[from] brn\n|upkeep\n|\n|t:|1697385387\n|switch|p1a: Kratos|Arceus-Fighting, shiny|100\/100\n|-status|p1a: Kratos|psn\n|turn|15\n|\n|t:|1697385392\n|move|p1a: Kratos|Cosmic Power|p1a: Kratos\n|-boost|p1a: Kratos|def|1\n|-boost|p1a: Kratos|spd|1\n|move|p2a: Conkeldurr|Close Combat|p1a: Kratos\n|-damage|p1a: Kratos|65\/100 psn\n|-unboost|p2a: Conkeldurr|def|1\n|-unboost|p2a: Conkeldurr|spd|1\n|\n|-weather|Snow|[upkeep]\n|-damage|p1a: Kratos|53\/100 psn|[from] psn\n|-damage|p2a: Conkeldurr|76\/100 brn|[from] brn\n|upkeep\n|turn|16\n|\n|t:|1697385404\n|switch|p2a: Volcarona|Volcarona, M|100\/100\n|move|p1a: Kratos|Cosmic Power|p1a: Kratos\n|-boost|p1a: Kratos|def|1\n|-boost|p1a: Kratos|spd|1\n|\n|-weather|Snow|[upkeep]\n|-damage|p1a: Kratos|41\/100 psn|[from] psn\n|upkeep\n|turn|17\n|\n|t:|1697385406\n|move|p1a: Kratos|Stored Power|p2a: Volcarona\n|-damage|p2a: Volcarona|78\/100\n|move|p2a: Volcarona|Whirlwind|p1a: Kratos\n|drag|p1a: Cleopatra|Espathra, F, shiny, tera:Fighting|100\/100\n|-status|p1a: Cleopatra|psn\n|\n|-weather|none\n|-damage|p1a: Cleopatra|88\/100 psn|[from] psn\n|upkeep\n|turn|18\n|\n|t:|1697385411\n|move|p1a: Cleopatra|Calm Mind|p1a: Cleopatra\n|-boost|p1a: Cleopatra|spa|1\n|-boost|p1a: Cleopatra|spd|1\n|move|p2a: Volcarona|Quiver Dance|p2a: Volcarona\n|-boost|p2a: Volcarona|spa|1\n|-boost|p2a: Volcarona|spd|1\n|-boost|p2a: Volcarona|spe|1\n|\n|-heal|p1a: Cleopatra|94\/100 psn|[from] item: Leftovers\n|-damage|p1a: Cleopatra|82\/100 psn|[from] psn\n|-ability|p1a: Cleopatra|Speed Boost|boost\n|-boost|p1a: Cleopatra|spe|1\n|upkeep\n|turn|19\n|\n|t:|1697385413\n|move|p1a: Cleopatra|Protect|p1a: Cleopatra\n|-singleturn|p1a: Cleopatra|Protect\n|move|p2a: Volcarona|Whirlwind|p1a: Cleopatra\n|drag|p1a: Kratos|Arceus-Fighting, shiny|41\/100 psn\n|\n|-damage|p1a: Kratos|28\/100 psn|[from] psn\n|upkeep\n|turn|20\n|\n|t:|1697385423\n|move|p2a: Volcarona|Quiver Dance|p2a: Volcarona\n|-boost|p2a: Volcarona|spa|1\n|-boost|p2a: Volcarona|spd|1\n|-boost|p2a: Volcarona|spe|1\n|move|p1a: Kratos|Body Press|p2a: Volcarona\n|-resisted|p2a: Volcarona\n|-damage|p2a: Volcarona|45\/100\n|\n|-damage|p1a: Kratos|16\/100 psn|[from] psn\n|upkeep\n|turn|21\n|\n|t:|1697385428\n|move|p2a: Volcarona|Tera Blast|p1a: Kratos\n|-damage|p1a: Kratos|0 fnt\n|faint|p1a: Kratos\n|\n|upkeep\n|\n|t:|1697385429\n|switch|p1a: Cleopatra|Espathra, F, shiny, tera:Fighting|82\/100 psn\n|turn|22\n|\n|t:|1697385436\n|move|p2a: Volcarona|Quiver Dance|p2a: Volcarona\n|-boost|p2a: Volcarona|spa|1\n|-boost|p2a: Volcarona|spd|1\n|-boost|p2a: Volcarona|spe|1\n|move|p1a: Cleopatra|Calm Mind|p1a: Cleopatra\n|-boost|p1a: Cleopatra|spa|1\n|-boost|p1a: Cleopatra|spd|1\n|\n|-heal|p1a: Cleopatra|88\/100 psn|[from] item: Leftovers\n|-damage|p1a: Cleopatra|75\/100 psn|[from] psn\n|-ability|p1a: Cleopatra|Speed Boost|boost\n|-boost|p1a: Cleopatra|spe|1\n|upkeep\n|turn|23\n|\n|t:|1697385439\n|move|p1a: Cleopatra|Protect|p1a: Cleopatra\n|-singleturn|p1a: Cleopatra|Protect\n|move|p2a: Volcarona|Fire Blast|p1a: Cleopatra\n|-activate|p1a: Cleopatra|move: Protect\n|\n|-heal|p1a: Cleopatra|82\/100 psn|[from] item: Leftovers\n|-damage|p1a: Cleopatra|69\/100 psn|[from] psn\n|-ability|p1a: Cleopatra|Speed Boost|boost\n|-boost|p1a: Cleopatra|spe|1\n|upkeep\n|turn|24\n|\n|t:|1697385443\n|move|p2a: Volcarona|Fire Blast|p1a: Cleopatra\n|-damage|p1a: Cleopatra|0 fnt\n|faint|p1a: Cleopatra\n|\n|upkeep\n|\n|t:|1697385446\n|switch|p1a: Sif|Zacian, shiny|88\/100 psn\n|turn|25\n|\n|t:|1697385452\n|-terastallize|p2a: Volcarona|Ice\n|move|p2a: Volcarona|Tera Blast|p1a: Sif|[anim] Tera Blast Ice\n|-damage|p1a: Sif|0 fnt\n|faint|p1a: Sif\n|\n|upkeep\n|c|\u2606Laprasrules12|Well damn ive been doing awful\n|\n|t:|1697385477\n|switch|p1a: Pok\u00e9ball|Magearna-Original|100\/100 par\n|turn|26\n|c|\u2606PTKmoekyuun|:C\n|\n|t:|1697385481\n|move|p2a: Volcarona|Fire Blast|p1a: Pok\u00e9ball\n|-supereffective|p1a: Pok\u00e9ball\n|-damage|p1a: Pok\u00e9ball|0 fnt\n|faint|p1a: Pok\u00e9ball\n|\n|win|PTKmoekyuun\n|c|\u2606Laprasrules12|I dont know whats wrong with what im doing\n","uploadtime":1697385486,"views":35,"p1id":"laprasrules12","p2id":"ptkmoekyuun","formatid":"gen9ubers","rating":0,"private":0,"password":""}