{"id":"gen9ubers-1971846586","p1":"bunjinn","p2":"Munano42","format":"[Gen 9] Ubers","log":"|j|\u2606bunjinn\n|j|\u2606Munano42\n|t:|1697780617\n|gametype|singles\n|player|p1|bunjinn|nate|\n|player|p2|Munano42|brycenman|\n|teamsize|p1|6\n|teamsize|p2|6\n|gen|9\n|tier|[Gen 9] Ubers\n|rule|Sleep Clause Mod: Limit one foe put to sleep\n|rule|Species Clause: Limit one of each Pok\u00e9mon\n|rule|OHKO Clause: OHKO moves are banned\n|rule|Evasion Items Clause: Evasion items are banned\n|rule|Evasion Moves Clause: Evasion moves are banned\n|rule|Endless Battle Clause: Forcing endless battles is banned\n|rule|HP Percentage Mod: HP is shown in percentages\n|clearpoke\n|poke|p1|Hippowdon, F|\n|poke|p1|Baxcalibur, M|\n|poke|p1|Volcarona, M|\n|poke|p1|Great Tusk|\n|poke|p1|Lycanroc, M|\n|poke|p1|Staraptor, F|\n|poke|p2|Torkoal, M|\n|poke|p2|Quagsire, F|\n|poke|p2|Meowscarada, F|\n|poke|p2|Lilligant-Hisui, F|\n|poke|p2|Sandy Shocks|\n|poke|p2|Typhlosion-Hisui, M|\n|teampreview\n|j| Bidy\n|\n|t:|1697780688\n|start\n|switch|p1a: Isshin|Baxcalibur, M, shiny|100\/100\n|switch|p2a: jEjUbItH|Meowscarada, F, shiny|100\/100\n|turn|1\n|\n|t:|1697780720\n|move|p1a: Isshin|Ice Shard|p2a: jEjUbItH\n|-supereffective|p2a: jEjUbItH\n|-damage|p2a: jEjUbItH|0 fnt\n|faint|p2a: jEjUbItH\n|\n|upkeep\n|\n|t:|1697780729\n|switch|p2a: G-Money|Torkoal, M|100\/100\n|-weather|SunnyDay|[from] ability: Drought|[of] p2a: G-Money\n|turn|2\n|\n|t:|1697780742\n|switch|p1a: Smough|Hippowdon, F|100\/100\n|-weather|Sandstorm|[from] ability: Sand Stream|[of] p1a: Smough\n|move|p2a: G-Money|Stealth Rock|p1a: Smough\n|-sidestart|p1: bunjinn|move: Stealth Rock\n|\n|-weather|Sandstorm|[upkeep]\n|-damage|p2a: G-Money|94\/100|[from] Sandstorm\n|upkeep\n|turn|3\n|\n|t:|1697780756\n|switch|p2a: Patricia|Quagsire, F, shiny|100\/100\n|move|p1a: Smough|Stealth Rock|p2a: Patricia\n|-sidestart|p2: Munano42|move: Stealth Rock\n|\n|-weather|Sandstorm|[upkeep]\n|upkeep\n|turn|4\n|\n|t:|1697780778\n|move|p1a: Smough|Yawn|p2a: Patricia\n|-start|p2a: Patricia|move: Yawn|[of] p1a: Smough\n|move|p2a: Patricia|Trailblaze|p1a: Smough\n|-supereffective|p1a: Smough\n|-damage|p1a: Smough|80\/100\n|-boost|p2a: Patricia|spe|1\n|\n|-weather|Sandstorm|[upkeep]\n|upkeep\n|turn|5\n|\n|t:|1697780806\n|switch|p1a: Isshin|Baxcalibur, M, shiny|100\/100\n|-damage|p1a: Isshin|76\/100|[from] Stealth Rock\n|move|p2a: Patricia|Toxic|p1a: Isshin\n|-status|p1a: Isshin|tox\n|\n|-weather|Sandstorm|[upkeep]\n|-damage|p1a: Isshin|70\/100 tox|[from] Sandstorm\n|-damage|p1a: Isshin|63\/100 tox|[from] psn\n|-end|p2a: Patricia|move: Yawn|[silent]\n|-status|p2a: Patricia|slp\n|upkeep\n|turn|6\n|\n|t:|1697780815\n|switch|p2a: G-Money|Torkoal, M|94\/100\n|-weather|SunnyDay|[from] ability: Drought|[of] p2a: G-Money\n|move|p1a: Isshin|Glaive Rush|p2a: G-Money\n|-damage|p2a: G-Money|34\/100\n|-singlemove|p1a: Isshin|Glaive Rush|[silent]\n|\n|-weather|SunnyDay|[upkeep]\n|-damage|p1a: Isshin|51\/100 tox|[from] psn\n|upkeep\n|turn|7\n|\n|t:|1697780829\n|move|p1a: Isshin|Glaive Rush|p2a: G-Money\n|-damage|p2a: G-Money|0 fnt\n|-singlemove|p1a: Isshin|Glaive Rush|[silent]\n|faint|p2a: G-Money\n|\n|-weather|SunnyDay|[upkeep]\n|-damage|p1a: Isshin|32\/100 tox|[from] psn\n|upkeep\n|\n|t:|1697780846\n|switch|p2a: Femboy Chrissy|Lilligant-Hisui, F, shiny|100\/100\n|-damage|p2a: Femboy Chrissy|94\/100|[from] Stealth Rock\n|turn|8\n|\n|t:|1697780862\n|move|p2a: Femboy Chrissy|Victory Dance|p2a: Femboy Chrissy\n|-boost|p2a: Femboy Chrissy|atk|1\n|-boost|p2a: Femboy Chrissy|def|1\n|-boost|p2a: Femboy Chrissy|spe|1\n|move|p1a: Isshin|Glaive Rush|p2a: Femboy Chrissy\n|-damage|p2a: Femboy Chrissy|0 fnt\n|-singlemove|p1a: Isshin|Glaive Rush|[silent]\n|faint|p2a: Femboy Chrissy\n|\n|-weather|SunnyDay|[upkeep]\n|-damage|p1a: Isshin|8\/100 tox|[from] psn\n|upkeep\n|\n|t:|1697780882\n|switch|p2a: DaBaby|Sandy Shocks|100\/100\n|-damage|p2a: DaBaby|94\/100|[from] Stealth Rock\n|-activate|p2a: DaBaby|ability: Protosynthesis\n|-start|p2a: DaBaby|protosynthesisspe\n|turn|9\n|\n|t:|1697780892\n|move|p2a: DaBaby|Power Gem|p1a: Isshin\n|-supereffective|p1a: Isshin\n|-damage|p1a: Isshin|0 fnt\n|faint|p1a: Isshin\n|\n|-weather|SunnyDay|[upkeep]\n|upkeep\n|\n|t:|1697780953\n|switch|p1a: Smough|Hippowdon, F|80\/100\n|-damage|p1a: Smough|74\/100|[from] Stealth Rock\n|-weather|Sandstorm|[from] ability: Sand Stream|[of] p1a: Smough\n|-end|p2a: DaBaby|Protosynthesis\n|turn|10\n|\n|t:|1697780961\n|-end|p2a: DaBaby|Protosynthesis|[silent]\n|switch|p2a: Patricia|Quagsire, F, shiny|100\/100 slp\n|-damage|p2a: Patricia|94\/100 slp|[from] Stealth Rock\n|move|p1a: Smough|Earthquake|p2a: Patricia\n|-damage|p2a: Patricia|58\/100 slp\n|\n|-weather|Sandstorm|[upkeep]\n|-heal|p2a: Patricia|64\/100 slp|[from] item: Leftovers\n|upkeep\n|turn|11\n|\n|t:|1697780971\n|switch|p1a: Vordt|Great Tusk|100\/100\n|-damage|p1a: Vordt|98\/100|[from] Stealth Rock\n|cant|p2a: Patricia|slp\n|\n|-weather|Sandstorm|[upkeep]\n|-heal|p2a: Patricia|71\/100 slp|[from] item: Leftovers\n|upkeep\n|turn|12\n|\n|t:|1697780980\n|move|p1a: Vordt|Headlong Rush|p2a: Patricia\n|-damage|p2a: Patricia|0 fnt\n|-unboost|p1a: Vordt|def|1\n|-unboost|p1a: Vordt|spd|1\n|faint|p2a: Patricia\n|\n|-weather|Sandstorm|[upkeep]\n|upkeep\n|\n|t:|1697780986\n|switch|p2a: JAY BOMBA|Typhlosion-Hisui, M, shiny|100\/100\n|-damage|p2a: JAY BOMBA|76\/100|[from] Stealth Rock\n|turn|13\n|\n|t:|1697780995\n|-end|p1a: Vordt|Protosynthesis|[silent]\n|switch|p1a: Smough|Hippowdon, F|74\/100\n|-damage|p1a: Smough|68\/100|[from] Stealth Rock\n|-terastallize|p2a: JAY BOMBA|Water\n|move|p2a: JAY BOMBA|Tera Blast|p1a: Smough|[anim] Tera Blast Water\n|-supereffective|p1a: Smough\n|-damage|p1a: Smough|10\/100\n|\n|-weather|Sandstorm|[upkeep]\n|-damage|p2a: JAY BOMBA|70\/100|[from] Sandstorm\n|upkeep\n|turn|14\n|\n|t:|1697781005\n|move|p2a: JAY BOMBA|Tera Blast|p1a: Smough|[anim] Tera Blast Water\n|-supereffective|p1a: Smough\n|-damage|p1a: Smough|0 fnt\n|faint|p1a: Smough\n|\n|-weather|Sandstorm|[upkeep]\n|-damage|p2a: JAY BOMBA|64\/100|[from] Sandstorm\n|upkeep\n|c|\u2606Munano42|north has a gun to my head forcing me to lose please help i\u2019m scared\n|\n|t:|1697781061\n|switch|p1a: Manus|Staraptor, F|100\/100\n|-damage|p1a: Manus|76\/100|[from] Stealth Rock\n|turn|15\n|\n|t:|1697781076\n|move|p1a: Manus|Double-Edge|p2a: JAY BOMBA\n|-damage|p2a: JAY BOMBA|0 fnt\n|faint|p2a: JAY BOMBA\n|-damage|p1a: Manus|56\/100|[from] Recoil\n|\n|-weather|Sandstorm|[upkeep]\n|-damage|p1a: Manus|50\/100|[from] Sandstorm\n|upkeep\n|\n|t:|1697781079\n|switch|p2a: DaBaby|Sandy Shocks|94\/100\n|-damage|p2a: DaBaby|88\/100|[from] Stealth Rock\n|turn|16\n|\n|t:|1697781088\n|move|p1a: Manus|Double-Edge|p2a: DaBaby\n|-damage|p2a: DaBaby|13\/100\n|-damage|p1a: Manus|25\/100|[from] Recoil\n|move|p2a: DaBaby|Power Gem|p1a: Manus\n|-supereffective|p1a: Manus\n|-damage|p1a: Manus|0 fnt\n|faint|p1a: Manus\n|\n|-weather|Sandstorm|[upkeep]\n|upkeep\n|\n|t:|1697781105\n|switch|p1a: Vordt|Great Tusk|98\/100\n|-damage|p1a: Vordt|95\/100|[from] Stealth Rock\n|turn|17\n|\n|t:|1697781122\n|move|p2a: DaBaby|Flash Cannon|p1a: Vordt\n|-damage|p1a: Vordt|52\/100\n|move|p1a: Vordt|Headlong Rush|p2a: DaBaby\n|-supereffective|p2a: DaBaby\n|-damage|p2a: DaBaby|0 fnt\n|-unboost|p1a: Vordt|def|1\n|-unboost|p1a: Vordt|spd|1\n|faint|p2a: DaBaby\n|-end|p2a: DaBaby|Protosynthesis|[silent]\n|\n|win|bunjinn\n|l|\u2606Munano42\n","uploadtime":1697781137,"views":17,"p1id":"bunjinn","p2id":"munano42","formatid":"gen9ubers","rating":0,"private":0,"password":""}