{"id":"gen9ubers-1979895689","p1":"Lil Tzatziki Sauce","p2":"leonissenbaum","format":"[Gen 9] Ubers","log":"|j|\u2606Lil Tzatziki Sauce\n|j|\u2606leonissenbaum\n|t:|1698725666\n|gametype|singles\n|player|p1|Lil Tzatziki Sauce|grimsley|\n|player|p2|leonissenbaum|leon|\n|teamsize|p1|6\n|teamsize|p2|6\n|gen|9\n|tier|[Gen 9] Ubers\n|rule|Sleep Clause Mod: Limit one foe put to sleep\n|rule|Species Clause: Limit one of each Pok\u00e9mon\n|rule|OHKO Clause: OHKO moves are banned\n|rule|Evasion Items Clause: Evasion items are banned\n|rule|Evasion Moves Clause: Evasion moves are banned\n|rule|Endless Battle Clause: Forcing endless battles is banned\n|rule|HP Percentage Mod: HP is shown in percentages\n|clearpoke\n|poke|p1|Garganacl, F|\n|poke|p1|Shaymin-Sky|\n|poke|p1|Palafin, F|\n|poke|p1|Dialga|\n|poke|p1|Magearna|\n|poke|p1|Giratina|\n|poke|p2|Giratina|\n|poke|p2|Gliscor, F|\n|poke|p2|Blissey, F|\n|poke|p2|Dondozo, F|\n|poke|p2|Clefable, F|\n|poke|p2|Espeon, M|\n|teampreview\n|c|\u2606leonissenbaum|gl!\n|c|\u2606Lil Tzatziki Sauce|u2\n|\n|t:|1698725703\n|start\n|switch|p1a: Nifalap|Palafin, F|100\/100\n|switch|p2a: Gliscor|Gliscor, F|100\/100\n|turn|1\n|\n|t:|1698725707\n|move|p2a: Gliscor|Protect|p2a: Gliscor\n|-singleturn|p2a: Gliscor|Protect\n|move|p1a: Nifalap|Flip Turn|p2a: Gliscor\n|-activate|p2a: Gliscor|move: Protect\n|\n|-status|p2a: Gliscor|tox|[from] item: Toxic Orb\n|upkeep\n|turn|2\n|\n|t:|1698725721\n|move|p1a: Nifalap|Flip Turn|p2a: Gliscor\n|-supereffective|p2a: Gliscor\n|-damage|p2a: Gliscor|49\/100 tox\n|\n|t:|1698725724\n|detailschange|p1a: Nifalap|Palafin-Hero, F\n|switch|p1a: TR on switchin|Dialga|100\/100|[from] Flip Turn\n|-ability|p1a: TR on switchin|Pressure\n|move|p2a: Gliscor|Toxic Spikes|p1a: TR on switchin\n|-sidestart|p1: Lil Tzatziki Sauce|move: Toxic Spikes\n|\n|-heal|p2a: Gliscor|62\/100 tox|[from] ability: Poison Heal\n|upkeep\n|turn|3\n|\n|t:|1698725742\n|switch|p2a: Espeon|Espeon, M|100\/100\n|switch|p1a: Super Fly|Shaymin-Sky|100\/100\n|\n|upkeep\n|turn|4\n|\n|t:|1698725754\n|switch|p2a: Blissey|Blissey, F|100\/100\n|move|p1a: Super Fly|Air Slash|p2a: Blissey\n|-damage|p2a: Blissey|92\/100\n|\n|-heal|p2a: Blissey|98\/100|[from] item: Leftovers\n|upkeep\n|turn|5\n|\n|t:|1698725757\n|move|p1a: Super Fly|Substitute|p1a: Super Fly\n|-start|p1a: Super Fly|Substitute\n|-damage|p1a: Super Fly|76\/100\n|move|p2a: Blissey|Stealth Rock|p1a: Super Fly\n|-sidestart|p1: Lil Tzatziki Sauce|move: Stealth Rock\n|\n|-heal|p2a: Blissey|100\/100|[from] item: Leftovers\n|upkeep\n|turn|6\n|\n|t:|1698725759\n|move|p1a: Super Fly|Leech Seed|p2a: Blissey\n|-start|p2a: Blissey|move: Leech Seed\n|move|p2a: Blissey|Seismic Toss|p1a: Super Fly\n|-end|p1a: Super Fly|Substitute\n|\n|-damage|p2a: Blissey|88\/100|[from] Leech Seed|[of] p1a: Super Fly\n|-heal|p1a: Super Fly|96\/100|[silent]\n|upkeep\n|turn|7\n|\n|t:|1698725764\n|switch|p2a: Giratina|Giratina, shiny|100\/100\n|-ability|p2a: Giratina|Pressure\n|move|p1a: Super Fly|Substitute|p1a: Super Fly\n|-start|p1a: Super Fly|Substitute\n|-damage|p1a: Super Fly|71\/100\n|\n|upkeep\n|turn|8\n|c|\u2606leonissenbaum|cool set\n|\n|t:|1698725772\n|move|p1a: Super Fly|Leech Seed|p2a: Giratina\n|-start|p2a: Giratina|move: Leech Seed\n|move|p2a: Giratina|Roar|p1a: Super Fly\n|drag|p1a: Fair and Balanced|Magearna|100\/100\n|-damage|p1a: Fair and Balanced|94\/100|[from] Stealth Rock\n|\n|-heal|p1a: Fair and Balanced|100\/100|[from] item: Leftovers\n|-damage|p2a: Giratina|88\/100|[from] Leech Seed|[of] p1a: Fair and Balanced\n|upkeep\n|turn|9\n|\n|t:|1698725777\n|switch|p2a: Espeon|Espeon, M|100\/100\n|move|p1a: Fair and Balanced|Spikes|p2a: Espeon\n|move|p2a: Espeon|Spikes|p1a: Fair and Balanced|[from]ability: Magic Bounce\n|-sidestart|p1: Lil Tzatziki Sauce|Spikes\n|\n|upkeep\n|turn|10\n|\n|t:|1698725782\n|move|p2a: Espeon|Trick|p1a: Fair and Balanced\n|-activate|p2a: Espeon|move: Trick|[of] p1a: Fair and Balanced\n|-item|p1a: Fair and Balanced|Choice Scarf|[from] move: Trick\n|-item|p2a: Espeon|Leftovers|[from] move: Trick\n|move|p1a: Fair and Balanced|Fleur Cannon|p2a: Espeon\n|-damage|p2a: Espeon|58\/100\n|-unboost|p1a: Fair and Balanced|spa|2\n|\n|-heal|p2a: Espeon|64\/100|[from] item: Leftovers\n|upkeep\n|turn|11\n|\n|t:|1698725792\n|switch|p1a: Salty TearsUrTeam|Garganacl, F|100\/100\n|-damage|p1a: Salty TearsUrTeam|88\/100|[from] Stealth Rock\n|-damage|p1a: Salty TearsUrTeam|76\/100|[from] Spikes\n|move|p2a: Espeon|Morning Sun|p2a: Espeon\n|-heal|p2a: Espeon|100\/100\n|\n|-heal|p1a: Salty TearsUrTeam|82\/100|[from] item: Leftovers\n|upkeep\n|turn|12\n|\n|t:|1698725815\n|switch|p2a: Giratina|Giratina, shiny|88\/100\n|-ability|p2a: Giratina|Pressure\n|move|p1a: Salty TearsUrTeam|Salt Cure|p2a: Giratina\n|-damage|p2a: Giratina|80\/100\n|-start|p2a: Giratina|Salt Cure\n|\n|-heal|p2a: Giratina|87\/100|[from] item: Leftovers\n|-heal|p1a: Salty TearsUrTeam|88\/100|[from] item: Leftovers\n|-damage|p2a: Giratina|74\/100|[from] Salt Cure\n|upkeep\n|turn|13\n|\n|t:|1698725823\n|switch|p2a: Clefable|Clefable, F|100\/100\n|move|p1a: Salty TearsUrTeam|Earthquake|p2a: Clefable\n|-damage|p2a: Clefable|74\/100\n|\n|-heal|p2a: Clefable|80\/100|[from] item: Leftovers\n|-heal|p1a: Salty TearsUrTeam|94\/100|[from] item: Leftovers\n|upkeep\n|turn|14\n|\n|t:|1698725827\n|move|p2a: Clefable|Protect|p2a: Clefable\n|-singleturn|p2a: Clefable|Protect\n|move|p1a: Salty TearsUrTeam|Salt Cure|p2a: Clefable\n|-activate|p2a: Clefable|move: Protect\n|\n|-heal|p2a: Clefable|86\/100|[from] item: Leftovers\n|-heal|p1a: Salty TearsUrTeam|100\/100|[from] item: Leftovers\n|upkeep\n|turn|15\n|\n|t:|1698725836\n|move|p2a: Clefable|Moonblast|p1a: Salty TearsUrTeam\n|-damage|p1a: Salty TearsUrTeam|81\/100\n|-unboost|p1a: Salty TearsUrTeam|spa|1\n|move|p1a: Salty TearsUrTeam|Salt Cure|p2a: Clefable\n|-damage|p2a: Clefable|70\/100\n|-start|p2a: Clefable|Salt Cure\n|\n|-heal|p2a: Clefable|76\/100|[from] item: Leftovers\n|-heal|p1a: Salty TearsUrTeam|87\/100|[from] item: Leftovers\n|-damage|p2a: Clefable|64\/100|[from] Salt Cure\n|upkeep\n|turn|16\n|\n|t:|1698725846\n|switch|p2a: Gliscor|Gliscor, F|62\/100 tox\n|switch|p1a: Fair and Balanced|Magearna|100\/100\n|-damage|p1a: Fair and Balanced|94\/100|[from] Stealth Rock\n|-damage|p1a: Fair and Balanced|82\/100|[from] Spikes\n|\n|-heal|p2a: Gliscor|74\/100 tox|[from] ability: Poison Heal\n|upkeep\n|turn|17\n|\n|t:|1698725851\n|switch|p2a: Espeon|Espeon, M|100\/100\n|move|p1a: Fair and Balanced|Fleur Cannon|p2a: Espeon\n|-damage|p2a: Espeon|58\/100\n|-unboost|p1a: Fair and Balanced|spa|2\n|\n|-heal|p2a: Espeon|64\/100|[from] item: Leftovers\n|upkeep\n|turn|18\n|\n|t:|1698725857\n|switch|p1a: opium_00pium|Giratina|100\/100\n|-ability|p1a: opium_00pium|Pressure\n|move|p2a: Espeon|Morning Sun|p2a: Espeon\n|-heal|p2a: Espeon|100\/100\n|\n|upkeep\n|turn|19\n|\n|t:|1698725869\n|switch|p2a: Gliscor|Gliscor, F|74\/100 tox\n|move|p1a: opium_00pium|Defog|p2a: Gliscor\n|-unboost|p2a: Gliscor|evasion|1\n|-sideend|p1: Lil Tzatziki Sauce|Spikes|[from] move: Defog|[of] p1a: opium_00pium\n|-sideend|p1: Lil Tzatziki Sauce|Toxic Spikes|[from] move: Defog|[of] p1a: opium_00pium\n|-sideend|p1: Lil Tzatziki Sauce|Stealth Rock|[from] move: Defog|[of] p1a: opium_00pium\n|\n|-heal|p2a: Gliscor|86\/100 tox|[from] ability: Poison Heal\n|upkeep\n|turn|20\n|\n|t:|1698725872\n|move|p2a: Gliscor|Knock Off|p1a: opium_00pium\n|-supereffective|p1a: opium_00pium\n|-damage|p1a: opium_00pium|77\/100\n|-enditem|p1a: opium_00pium|Heavy-Duty Boots|[from] move: Knock Off|[of] p2a: Gliscor\n|move|p1a: opium_00pium|Hex|p2a: Gliscor\n|-damage|p2a: Gliscor|51\/100 tox\n|\n|-heal|p2a: Gliscor|63\/100 tox|[from] ability: Poison Heal\n|upkeep\n|turn|21\n|\n|t:|1698725880\n|move|p2a: Gliscor|Protect|p2a: Gliscor\n|-singleturn|p2a: Gliscor|Protect\n|move|p1a: opium_00pium|Will-O-Wisp|p2a: Gliscor\n|-activate|p2a: Gliscor|move: Protect\n|\n|-heal|p2a: Gliscor|76\/100 tox|[from] ability: Poison Heal\n|upkeep\n|turn|22\n|\n|t:|1698725890\n|move|p2a: Gliscor|Toxic Spikes|p1a: opium_00pium\n|-sidestart|p1: Lil Tzatziki Sauce|move: Toxic Spikes\n|move|p1a: opium_00pium|Hex|p2a: Gliscor\n|-damage|p2a: Gliscor|36\/100 tox\n|\n|-heal|p2a: Gliscor|48\/100 tox|[from] ability: Poison Heal\n|upkeep\n|turn|23\n|inactive|Battle timer is ON: inactive players will automatically lose when time's up. (requested by Lil Tzatziki Sauce)\n|\n|t:|1698725895\n|move|p2a: Gliscor|Protect|p2a: Gliscor\n|-singleturn|p2a: Gliscor|Protect\n|move|p1a: opium_00pium|Hex|p2a: Gliscor\n|-activate|p2a: Gliscor|move: Protect\n|\n|-heal|p2a: Gliscor|61\/100 tox|[from] ability: Poison Heal\n|upkeep\n|turn|24\n|\n|t:|1698725898\n|switch|p2a: Blissey|Blissey, F|88\/100\n|move|p1a: opium_00pium|Hex|p2a: Blissey\n|-immune|p2a: Blissey\n|\n|-heal|p2a: Blissey|94\/100|[from] item: Leftovers\n|upkeep\n|turn|25\n|\n|t:|1698725901\n|move|p1a: opium_00pium|Defog|p2a: Blissey\n|-unboost|p2a: Blissey|evasion|1\n|-sideend|p1: Lil Tzatziki Sauce|Toxic Spikes|[from] move: Defog|[of] p1a: opium_00pium\n|move|p2a: Blissey|Shadow Ball|p1a: opium_00pium\n|-supereffective|p1a: opium_00pium\n|-damage|p1a: opium_00pium|64\/100\n|-unboost|p1a: opium_00pium|spd|1\n|\n|-heal|p2a: Blissey|99\/100|[from] item: Leftovers\n|upkeep\n|turn|26\n|\n|t:|1698725909\n|switch|p1a: Super Fly|Shaymin-Sky|71\/100\n|move|p2a: Blissey|Stealth Rock|p1a: Super Fly\n|-sidestart|p1: Lil Tzatziki Sauce|move: Stealth Rock\n|\n|-heal|p2a: Blissey|100\/100|[from] item: Leftovers\n|upkeep\n|turn|27\n|\n|t:|1698725915\n|move|p1a: Super Fly|Air Slash|p2a: Blissey\n|-crit|p2a: Blissey\n|-damage|p2a: Blissey|87\/100\n|move|p2a: Blissey|Seismic Toss|p1a: Super Fly\n|-damage|p1a: Super Fly|46\/100\n|\n|-heal|p2a: Blissey|93\/100|[from] item: Leftovers\n|upkeep\n|turn|28\n|\n|t:|1698725919\n|move|p1a: Super Fly|Substitute|p1a: Super Fly\n|-start|p1a: Super Fly|Substitute\n|-damage|p1a: Super Fly|21\/100\n|move|p2a: Blissey|Seismic Toss|p1a: Super Fly\n|-end|p1a: Super Fly|Substitute\n|\n|-heal|p2a: Blissey|99\/100|[from] item: Leftovers\n|upkeep\n|turn|29\n|\n|t:|1698725935\n|move|p1a: Super Fly|Air Slash|p2a: Blissey\n|-damage|p2a: Blissey|90\/100\n|cant|p2a: Blissey|flinch\n|\n|-heal|p2a: Blissey|96\/100|[from] item: Leftovers\n|upkeep\n|turn|30\n|\n|t:|1698725941\n|switch|p1a: TR on switchin|Dialga|100\/100\n|-damage|p1a: TR on switchin|94\/100|[from] Stealth Rock\n|-ability|p1a: TR on switchin|Pressure\n|move|p2a: Blissey|Seismic Toss|p1a: TR on switchin\n|-damage|p1a: TR on switchin|70\/100\n|\n|-heal|p1a: TR on switchin|76\/100|[from] item: Leftovers\n|-heal|p2a: Blissey|100\/100|[from] item: Leftovers\n|upkeep\n|turn|31\n|\n|t:|1698725953\n|switch|p2a: Espeon|Espeon, M|100\/100\n|move|p1a: TR on switchin|Draco Meteor|p2a: Espeon\n|-damage|p2a: Espeon|35\/100\n|-unboost|p1a: TR on switchin|spa|2\n|\n|-heal|p2a: Espeon|41\/100|[from] item: Leftovers\n|-heal|p1a: TR on switchin|82\/100|[from] item: Leftovers\n|upkeep\n|turn|32\n|\n|t:|1698725959\n|move|p2a: Espeon|Morning Sun|p2a: Espeon\n|-heal|p2a: Espeon|91\/100\n|move|p1a: TR on switchin|Draco Meteor|p2a: Espeon\n|-damage|p2a: Espeon|57\/100\n|-unboost|p1a: TR on switchin|spa|2\n|\n|-heal|p2a: Espeon|63\/100|[from] item: Leftovers\n|-heal|p1a: TR on switchin|88\/100|[from] item: Leftovers\n|upkeep\n|turn|33\n|\n|t:|1698725964\n|move|p2a: Espeon|Thunder Wave|p1a: TR on switchin\n|-status|p1a: TR on switchin|par\n|move|p1a: TR on switchin|Roar|p2a: Espeon\n|move|p2a: Espeon|Roar|p1a: TR on switchin|[from]ability: Magic Bounce\n|drag|p1a: Nifalap|Palafin-Hero, F|100\/100\n|-damage|p1a: Nifalap|88\/100|[from] Stealth Rock\n|-activate|p1a: Nifalap|ability: Zero to Hero\n|\n|-heal|p2a: Espeon|69\/100|[from] item: Leftovers\n|upkeep\n|turn|34\n|\n|t:|1698725970\n|switch|p2a: Dondozo|Dondozo, F|100\/100\n|move|p1a: Nifalap|Flip Turn|p2a: Dondozo\n|-resisted|p2a: Dondozo\n|-damage|p2a: Dondozo|88\/100\n|-damage|p1a: Nifalap|72\/100|[from] item: Rocky Helmet|[of] p2a: Dondozo\n|\n|t:|1698725973\n|switch|p1a: Salty TearsUrTeam|Garganacl, F|87\/100|[from] Flip Turn\n|-damage|p1a: Salty TearsUrTeam|75\/100|[from] Stealth Rock\n|\n|-heal|p1a: Salty TearsUrTeam|81\/100|[from] item: Leftovers\n|upkeep\n|turn|35\n|\n|t:|1698725985\n|switch|p2a: Gliscor|Gliscor, F|61\/100 tox\n|move|p1a: Salty TearsUrTeam|Salt Cure|p2a: Gliscor\n|-damage|p2a: Gliscor|50\/100 tox\n|-start|p2a: Gliscor|Salt Cure\n|\n|-heal|p1a: Salty TearsUrTeam|87\/100|[from] item: Leftovers\n|-heal|p2a: Gliscor|63\/100 tox|[from] ability: Poison Heal\n|-damage|p2a: Gliscor|50\/100 tox|[from] Salt Cure\n|upkeep\n|turn|36\n|\n|t:|1698725992\n|switch|p1a: opium_00pium|Giratina|64\/100\n|-damage|p1a: opium_00pium|52\/100|[from] Stealth Rock\n|-ability|p1a: opium_00pium|Pressure\n|move|p2a: Gliscor|Knock Off|p1a: opium_00pium\n|-supereffective|p1a: opium_00pium\n|-damage|p1a: opium_00pium|36\/100\n|\n|-heal|p2a: Gliscor|63\/100 tox|[from] ability: Poison Heal\n|-damage|p2a: Gliscor|50\/100 tox|[from] Salt Cure\n|upkeep\n|turn|37\n|\n|t:|1698726002\n|switch|p2a: Blissey|Blissey, F|100\/100\n|move|p1a: opium_00pium|Defog|p2a: Blissey\n|-unboost|p2a: Blissey|evasion|1\n|-sideend|p1: Lil Tzatziki Sauce|Stealth Rock|[from] move: Defog|[of] p1a: opium_00pium\n|\n|upkeep\n|turn|38\n|\n|t:|1698726005\n|move|p1a: opium_00pium|Rest|p1a: opium_00pium\n|-status|p1a: opium_00pium|slp|[from] move: Rest\n|-heal|p1a: opium_00pium|100\/100 slp|[silent]\n|move|p2a: Blissey|Stealth Rock|p1a: opium_00pium\n|-sidestart|p1: Lil Tzatziki Sauce|move: Stealth Rock\n|\n|upkeep\n|turn|39\n|\n|t:|1698726011\n|switch|p1a: Fair and Balanced|Magearna|82\/100\n|-damage|p1a: Fair and Balanced|76\/100|[from] Stealth Rock\n|move|p2a: Blissey|Shadow Ball|p1a: Fair and Balanced\n|-damage|p1a: Fair and Balanced|65\/100\n|\n|upkeep\n|turn|40\n|\n|t:|1698726021\n|move|p1a: Fair and Balanced|Spikes|p2a: Blissey\n|-sidestart|p2: leonissenbaum|Spikes\n|move|p2a: Blissey|Seismic Toss|p1a: Fair and Balanced\n|-damage|p1a: Fair and Balanced|37\/100\n|\n|upkeep\n|turn|41\n|\n|t:|1698726035\n|switch|p1a: Nifalap|Palafin-Hero, F|72\/100\n|-damage|p1a: Nifalap|59\/100|[from] Stealth Rock\n|switch|p2a: Espeon|Espeon, M|69\/100\n|-damage|p2a: Espeon|57\/100|[from] Spikes\n|\n|-heal|p2a: Espeon|63\/100|[from] item: Leftovers\n|upkeep\n|turn|42\n|\n|t:|1698726039\n|switch|p2a: Dondozo|Dondozo, F|88\/100\n|-damage|p2a: Dondozo|75\/100|[from] Spikes\n|move|p1a: Nifalap|Flip Turn|p2a: Dondozo\n|-resisted|p2a: Dondozo\n|-damage|p2a: Dondozo|63\/100\n|-damage|p1a: Nifalap|43\/100|[from] item: Rocky Helmet|[of] p2a: Dondozo\n|\n|t:|1698726043\n|switch|p1a: Salty TearsUrTeam|Garganacl, F|87\/100|[from] Flip Turn\n|-damage|p1a: Salty TearsUrTeam|75\/100|[from] Stealth Rock\n|\n|-heal|p1a: Salty TearsUrTeam|81\/100|[from] item: Leftovers\n|upkeep\n|turn|43\n|\n|t:|1698726051\n|switch|p2a: Blissey|Blissey, F|100\/100\n|-damage|p2a: Blissey|88\/100|[from] Spikes\n|move|p1a: Salty TearsUrTeam|Salt Cure|p2a: Blissey\n|-damage|p2a: Blissey|73\/100\n|-start|p2a: Blissey|Salt Cure\n|\n|-heal|p2a: Blissey|79\/100|[from] item: Leftovers\n|-heal|p1a: Salty TearsUrTeam|87\/100|[from] item: Leftovers\n|-damage|p2a: Blissey|66\/100|[from] Salt Cure\n|upkeep\n|turn|44\n|\n|t:|1698726055\n|switch|p2a: Gliscor|Gliscor, F|50\/100 tox\n|move|p1a: Salty TearsUrTeam|Curse|p1a: Salty TearsUrTeam\n|-unboost|p1a: Salty TearsUrTeam|spe|1\n|-boost|p1a: Salty TearsUrTeam|atk|1\n|-boost|p1a: Salty TearsUrTeam|def|1\n|\n|-heal|p1a: Salty TearsUrTeam|94\/100|[from] item: Leftovers\n|-heal|p2a: Gliscor|63\/100 tox|[from] ability: Poison Heal\n|upkeep\n|turn|45\n|\n|t:|1698726065\n|move|p2a: Gliscor|Toxic Spikes|p1a: Salty TearsUrTeam\n|-sidestart|p1: Lil Tzatziki Sauce|move: Toxic Spikes\n|move|p1a: Salty TearsUrTeam|Salt Cure|p2a: Gliscor\n|-damage|p2a: Gliscor|46\/100 tox\n|-start|p2a: Gliscor|Salt Cure\n|\n|-heal|p1a: Salty TearsUrTeam|99\/100|[from] item: Leftovers\n|-heal|p2a: Gliscor|59\/100 tox|[from] ability: Poison Heal\n|-damage|p2a: Gliscor|46\/100 tox|[from] Salt Cure\n|upkeep\n|turn|46\n|\n|t:|1698726069\n|move|p2a: Gliscor|Knock Off|p1a: Salty TearsUrTeam\n|-damage|p1a: Salty TearsUrTeam|90\/100\n|-enditem|p1a: Salty TearsUrTeam|Leftovers|[from] move: Knock Off|[of] p2a: Gliscor\n|move|p1a: Salty TearsUrTeam|Salt Cure|p2a: Gliscor\n|-damage|p2a: Gliscor|31\/100 tox\n|\n|-heal|p2a: Gliscor|43\/100 tox|[from] ability: Poison Heal\n|-damage|p2a: Gliscor|31\/100 tox|[from] Salt Cure\n|upkeep\n|turn|47\n|\n|t:|1698726079\n|switch|p2a: Giratina|Giratina, shiny|74\/100\n|-damage|p2a: Giratina|62\/100|[from] Spikes\n|-ability|p2a: Giratina|Pressure\n|move|p1a: Salty TearsUrTeam|Earthquake|p2a: Giratina\n|-damage|p2a: Giratina|42\/100\n|\n|-heal|p2a: Giratina|48\/100|[from] item: Leftovers\n|upkeep\n|turn|48\n|\n|t:|1698726084\n|move|p1a: Salty TearsUrTeam|Salt Cure|p2a: Giratina\n|-damage|p2a: Giratina|36\/100\n|-start|p2a: Giratina|Salt Cure\n|move|p2a: Giratina|Roar|p1a: Salty TearsUrTeam\n|drag|p1a: opium_00pium|Giratina|100\/100 slp\n|-damage|p1a: opium_00pium|88\/100 slp|[from] Stealth Rock\n|-ability|p1a: opium_00pium|Pressure\n|\n|-heal|p2a: Giratina|42\/100|[from] item: Leftovers\n|-damage|p2a: Giratina|30\/100|[from] Salt Cure\n|upkeep\n|turn|49\n|\n|t:|1698726095\n|switch|p2a: Blissey|Blissey, F|66\/100\n|-damage|p2a: Blissey|54\/100|[from] Spikes\n|switch|p1a: Super Fly|Shaymin-Sky|21\/100\n|\n|-heal|p2a: Blissey|60\/100|[from] item: Leftovers\n|upkeep\n|turn|50\n|\n|t:|1698726099\n|move|p1a: Super Fly|Leech Seed|p2a: Blissey\n|-start|p2a: Blissey|move: Leech Seed\n|move|p2a: Blissey|Seismic Toss|p1a: Super Fly\n|-damage|p1a: Super Fly|0 fnt\n|faint|p1a: Super Fly\n|\n|-heal|p2a: Blissey|66\/100|[from] item: Leftovers\n|upkeep\n|\n|t:|1698726102\n|switch|p1a: Salty TearsUrTeam|Garganacl, F|90\/100\n|-damage|p1a: Salty TearsUrTeam|78\/100|[from] Stealth Rock\n|turn|51\n|\n|t:|1698726121\n|move|p2a: Blissey|Soft-Boiled|p2a: Blissey\n|-heal|p2a: Blissey|100\/100\n|move|p1a: Salty TearsUrTeam|Salt Cure|p2a: Blissey\n|-damage|p2a: Blissey|87\/100\n|-start|p2a: Blissey|Salt Cure\n|\n|-heal|p2a: Blissey|93\/100|[from] item: Leftovers\n|-damage|p2a: Blissey|81\/100|[from] Leech Seed|[of] p1a: Salty TearsUrTeam\n|-heal|p1a: Salty TearsUrTeam|98\/100|[silent]\n|-damage|p2a: Blissey|68\/100|[from] Salt Cure\n|upkeep\n|turn|52\n|\n|t:|1698726131\n|switch|p2a: Clefable|Clefable, F|64\/100\n|-damage|p2a: Clefable|52\/100|[from] Spikes\n|move|p1a: Salty TearsUrTeam|Salt Cure|p2a: Clefable\n|-damage|p2a: Clefable|36\/100\n|-start|p2a: Clefable|Salt Cure\n|\n|-heal|p2a: Clefable|42\/100|[from] item: Leftovers\n|-damage|p2a: Clefable|29\/100|[from] Salt Cure\n|upkeep\n|turn|53\n|\n|t:|1698726142\n|move|p2a: Clefable|Wish|p2a: Clefable\n|move|p1a: Salty TearsUrTeam|Curse|p1a: Salty TearsUrTeam\n|-unboost|p1a: Salty TearsUrTeam|spe|1\n|-boost|p1a: Salty TearsUrTeam|atk|1\n|-boost|p1a: Salty TearsUrTeam|def|1\n|\n|-heal|p2a: Clefable|35\/100|[from] item: Leftovers\n|-damage|p2a: Clefable|23\/100|[from] Salt Cure\n|upkeep\n|turn|54\n|\n|t:|1698726150\n|move|p2a: Clefable|Protect|p2a: Clefable\n|-singleturn|p2a: Clefable|Protect\n|move|p1a: Salty TearsUrTeam|Salt Cure|p2a: Clefable\n|-activate|p2a: Clefable|move: Protect\n|\n|-heal|p2a: Clefable|73\/100|[from] move: Wish|[wisher] Clefable\n|-heal|p2a: Clefable|79\/100|[from] item: Leftovers\n|-damage|p2a: Clefable|66\/100|[from] Salt Cure\n|upkeep\n|turn|55\n|\n|t:|1698726154\n|move|p2a: Clefable|Wish|p2a: Clefable\n|move|p1a: Salty TearsUrTeam|Curse|p1a: Salty TearsUrTeam\n|-unboost|p1a: Salty TearsUrTeam|spe|1\n|-boost|p1a: Salty TearsUrTeam|atk|1\n|-boost|p1a: Salty TearsUrTeam|def|1\n|\n|-heal|p2a: Clefable|73\/100|[from] item: Leftovers\n|-damage|p2a: Clefable|60\/100|[from] Salt Cure\n|upkeep\n|turn|56\n|\n|t:|1698726157\n|move|p2a: Clefable|Calm Mind|p2a: Clefable\n|-boost|p2a: Clefable|spa|1\n|-boost|p2a: Clefable|spd|1\n|move|p1a: Salty TearsUrTeam|Earthquake|p2a: Clefable\n|-damage|p2a: Clefable|35\/100\n|\n|-heal|p2a: Clefable|85\/100|[from] move: Wish|[wisher] Clefable\n|-heal|p2a: Clefable|91\/100|[from] item: Leftovers\n|-damage|p2a: Clefable|79\/100|[from] Salt Cure\n|upkeep\n|turn|57\n|\n|t:|1698726160\n|move|p2a: Clefable|Wish|p2a: Clefable\n|move|p1a: Salty TearsUrTeam|Earthquake|p2a: Clefable\n|-damage|p2a: Clefable|55\/100\n|\n|-heal|p2a: Clefable|61\/100|[from] item: Leftovers\n|-damage|p2a: Clefable|48\/100|[from] Salt Cure\n|upkeep\n|turn|58\n|\n|t:|1698726165\n|move|p2a: Clefable|Moonblast|p1a: Salty TearsUrTeam\n|-damage|p1a: Salty TearsUrTeam|66\/100\n|move|p1a: Salty TearsUrTeam|Earthquake|p2a: Clefable\n|-damage|p2a: Clefable|24\/100\n|\n|-heal|p2a: Clefable|74\/100|[from] move: Wish|[wisher] Clefable\n|-heal|p2a: Clefable|80\/100|[from] item: Leftovers\n|-damage|p2a: Clefable|68\/100|[from] Salt Cure\n|upkeep\n|turn|59\n|\n|t:|1698726174\n|move|p2a: Clefable|Wish|p2a: Clefable\n|move|p1a: Salty TearsUrTeam|Salt Cure|p2a: Clefable\n|-damage|p2a: Clefable|53\/100\n|\n|-heal|p2a: Clefable|59\/100|[from] item: Leftovers\n|-damage|p2a: Clefable|47\/100|[from] Salt Cure\n|upkeep\n|turn|60\n|\n|t:|1698726181\n|move|p2a: Clefable|Calm Mind|p2a: Clefable\n|-boost|p2a: Clefable|spa|1\n|-boost|p2a: Clefable|spd|1\n|move|p1a: Salty TearsUrTeam|Earthquake|p2a: Clefable\n|-damage|p2a: Clefable|22\/100\n|\n|-heal|p2a: Clefable|72\/100|[from] move: Wish|[wisher] Clefable\n|-heal|p2a: Clefable|78\/100|[from] item: Leftovers\n|-damage|p2a: Clefable|65\/100|[from] Salt Cure\n|upkeep\n|turn|61\n|\n|t:|1698726184\n|switch|p1a: Fair and Balanced|Magearna|37\/100\n|-damage|p1a: Fair and Balanced|31\/100|[from] Stealth Rock\n|move|p2a: Clefable|Wish|p2a: Clefable\n|\n|-heal|p2a: Clefable|71\/100|[from] item: Leftovers\n|-damage|p2a: Clefable|59\/100|[from] Salt Cure\n|upkeep\n|turn|62\n|\n|t:|1698726193\n|switch|p2a: Espeon|Espeon, M|63\/100\n|-damage|p2a: Espeon|50\/100|[from] Spikes\n|move|p1a: Fair and Balanced|Flash Cannon|p2a: Espeon\n|-damage|p2a: Espeon|25\/100\n|\n|-heal|p2a: Espeon|84\/100|[from] move: Wish|[wisher] Clefable\n|-heal|p2a: Espeon|90\/100|[from] item: Leftovers\n|upkeep\n|turn|63\n|\n|t:|1698726199\n|move|p2a: Espeon|Thunder Wave|p1a: Fair and Balanced\n|-status|p1a: Fair and Balanced|par\n|move|p1a: Fair and Balanced|Flash Cannon|p2a: Espeon\n|-damage|p2a: Espeon|65\/100\n|\n|-heal|p2a: Espeon|71\/100|[from] item: Leftovers\n|upkeep\n|turn|64\n|\n|t:|1698726207\n|move|p2a: Espeon|Psyshock|p1a: Fair and Balanced\n|-resisted|p1a: Fair and Balanced\n|-damage|p1a: Fair and Balanced|21\/100 par\n|move|p1a: Fair and Balanced|Flash Cannon|p2a: Espeon\n|-damage|p2a: Espeon|47\/100\n|\n|-heal|p2a: Espeon|53\/100|[from] item: Leftovers\n|upkeep\n|turn|65\n|\n|t:|1698726209\n|move|p2a: Espeon|Morning Sun|p2a: Espeon\n|-heal|p2a: Espeon|100\/100\n|move|p1a: Fair and Balanced|Flash Cannon|p2a: Espeon\n|-damage|p2a: Espeon|72\/100\n|\n|-heal|p2a: Espeon|78\/100|[from] item: Leftovers\n|upkeep\n|turn|66\n|\n|t:|1698726212\n|move|p2a: Espeon|Psyshock|p1a: Fair and Balanced\n|-resisted|p1a: Fair and Balanced\n|-damage|p1a: Fair and Balanced|9\/100 par\n|move|p1a: Fair and Balanced|Flash Cannon|p2a: Espeon\n|-damage|p2a: Espeon|51\/100\n|\n|-heal|p2a: Espeon|57\/100|[from] item: Leftovers\n|upkeep\n|turn|67\n|\n|t:|1698726215\n|move|p2a: Espeon|Psyshock|p1a: Fair and Balanced\n|-resisted|p1a: Fair and Balanced\n|-damage|p1a: Fair and Balanced|0 fnt\n|faint|p1a: Fair and Balanced\n|\n|-heal|p2a: Espeon|63\/100|[from] item: Leftovers\n|upkeep\n|\n|t:|1698726231\n|switch|p1a: Nifalap|Palafin-Hero, F|43\/100\n|-damage|p1a: Nifalap|30\/100|[from] Stealth Rock\n|-status|p1a: Nifalap|psn\n|turn|68\n|\n|t:|1698726239\n|switch|p2a: Dondozo|Dondozo, F|63\/100\n|-damage|p2a: Dondozo|50\/100|[from] Spikes\n|move|p1a: Nifalap|Wave Crash|p2a: Dondozo\n|-resisted|p2a: Dondozo\n|-damage|p2a: Dondozo|23\/100\n|-damage|p1a: Nifalap|14\/100 psn|[from] item: Rocky Helmet|[of] p2a: Dondozo\n|-damage|p1a: Nifalap|2\/100 psn|[from] Recoil\n|\n|-damage|p1a: Nifalap|0 fnt|[from] psn\n|faint|p1a: Nifalap\n|upkeep\n|\n|t:|1698726244\n|switch|p1a: TR on switchin|Dialga|88\/100 par\n|-damage|p1a: TR on switchin|82\/100 par|[from] Stealth Rock\n|-ability|p1a: TR on switchin|Pressure\n|turn|69\n|\n|t:|1698726249\n|move|p1a: TR on switchin|Draco Meteor|p2a: Dondozo\n|-damage|p2a: Dondozo|0 fnt\n|-unboost|p1a: TR on switchin|spa|2\n|faint|p2a: Dondozo\n|\n|-heal|p1a: TR on switchin|88\/100 par|[from] item: Leftovers\n|upkeep\n|\n|t:|1698726261\n|switch|p2a: Gliscor|Gliscor, F|31\/100 tox\n|turn|70\n|\n|t:|1698726265\n|move|p2a: Gliscor|Protect|p2a: Gliscor\n|-singleturn|p2a: Gliscor|Protect\n|move|p1a: TR on switchin|Roar|p2a: Gliscor\n|drag|p2a: Espeon|Espeon, M|63\/100\n|-damage|p2a: Espeon|51\/100|[from] Spikes\n|\n|-heal|p2a: Espeon|57\/100|[from] item: Leftovers\n|-heal|p1a: TR on switchin|94\/100 par|[from] item: Leftovers\n|upkeep\n|turn|71\n|\n|t:|1698726273\n|switch|p1a: opium_00pium|Giratina|88\/100 slp\n|-damage|p1a: opium_00pium|75\/100 slp|[from] Stealth Rock\n|-ability|p1a: opium_00pium|Pressure\n|move|p2a: Espeon|Morning Sun|p2a: Espeon\n|-heal|p2a: Espeon|100\/100\n|\n|upkeep\n|turn|72\n|\n|t:|1698726290\n|switch|p2a: Giratina|Giratina, shiny|30\/100\n|-damage|p2a: Giratina|18\/100|[from] Spikes\n|-ability|p2a: Giratina|Pressure\n|cant|p1a: opium_00pium|slp\n|\n|-heal|p2a: Giratina|24\/100|[from] item: Leftovers\n|upkeep\n|turn|73\n|\n|t:|1698726294\n|move|p2a: Giratina|Rest|p2a: Giratina\n|-status|p2a: Giratina|slp|[from] move: Rest\n|-heal|p2a: Giratina|100\/100 slp|[silent]\n|cant|p1a: opium_00pium|slp\n|\n|upkeep\n|turn|74\n|\n|t:|1698726305\n|switch|p2a: Blissey|Blissey, F|68\/100\n|-damage|p2a: Blissey|56\/100|[from] Spikes\n|-curestatus|p1a: opium_00pium|slp|[msg]\n|move|p1a: opium_00pium|Hex|p2a: Blissey\n|-immune|p2a: Blissey\n|\n|-heal|p2a: Blissey|62\/100|[from] item: Leftovers\n|upkeep\n|turn|75\n|\n|t:|1698726313\n|switch|p1a: Salty TearsUrTeam|Garganacl, F|66\/100\n|-damage|p1a: Salty TearsUrTeam|53\/100|[from] Stealth Rock\n|move|p2a: Blissey|Soft-Boiled|p2a: Blissey\n|-heal|p2a: Blissey|100\/100\n|\n|upkeep\n|turn|76\n|\n|t:|1698726319\n|move|p2a: Blissey|Seismic Toss|p1a: Salty TearsUrTeam\n|-damage|p1a: Salty TearsUrTeam|29\/100\n|move|p1a: Salty TearsUrTeam|Salt Cure|p2a: Blissey\n|-damage|p2a: Blissey|87\/100\n|-start|p2a: Blissey|Salt Cure\n|\n|-heal|p2a: Blissey|93\/100|[from] item: Leftovers\n|-damage|p2a: Blissey|80\/100|[from] Salt Cure\n|upkeep\n|turn|77\n|\n|t:|1698726323\n|move|p2a: Blissey|Seismic Toss|p1a: Salty TearsUrTeam\n|-damage|p1a: Salty TearsUrTeam|4\/100\n|move|p1a: Salty TearsUrTeam|Recover|p1a: Salty TearsUrTeam\n|-heal|p1a: Salty TearsUrTeam|54\/100\n|\n|-heal|p2a: Blissey|87\/100|[from] item: Leftovers\n|-damage|p2a: Blissey|74\/100|[from] Salt Cure\n|upkeep\n|turn|78\n|\n|t:|1698726329\n|move|p2a: Blissey|Seismic Toss|p1a: Salty TearsUrTeam\n|-damage|p1a: Salty TearsUrTeam|29\/100\n|move|p1a: Salty TearsUrTeam|Recover|p1a: Salty TearsUrTeam\n|-heal|p1a: Salty TearsUrTeam|79\/100\n|\n|-heal|p2a: Blissey|80\/100|[from] item: Leftovers\n|-damage|p2a: Blissey|68\/100|[from] Salt Cure\n|upkeep\n|turn|79\n|\n|t:|1698726336\n|move|p2a: Blissey|Seismic Toss|p1a: Salty TearsUrTeam\n|-damage|p1a: Salty TearsUrTeam|54\/100\n|move|p1a: Salty TearsUrTeam|Earthquake|p2a: Blissey\n|-damage|p2a: Blissey|45\/100\n|\n|-heal|p2a: Blissey|51\/100|[from] item: Leftovers\n|-damage|p2a: Blissey|38\/100|[from] Salt Cure\n|upkeep\n|turn|80\n|\n|t:|1698726359\n|move|p2a: Blissey|Soft-Boiled|p2a: Blissey\n|-heal|p2a: Blissey|88\/100\n|move|p1a: Salty TearsUrTeam|Earthquake|p2a: Blissey\n|-damage|p2a: Blissey|66\/100\n|\n|-heal|p2a: Blissey|72\/100|[from] item: Leftovers\n|-damage|p2a: Blissey|59\/100|[from] Salt Cure\n|upkeep\n|turn|81\n|\n|t:|1698726365\n|move|p2a: Blissey|Seismic Toss|p1a: Salty TearsUrTeam\n|-damage|p1a: Salty TearsUrTeam|30\/100\n|move|p1a: Salty TearsUrTeam|Curse|p1a: Salty TearsUrTeam\n|-unboost|p1a: Salty TearsUrTeam|spe|1\n|-boost|p1a: Salty TearsUrTeam|atk|1\n|-boost|p1a: Salty TearsUrTeam|def|1\n|\n|-heal|p2a: Blissey|66\/100|[from] item: Leftovers\n|-damage|p2a: Blissey|53\/100|[from] Salt Cure\n|upkeep\n|turn|82\n|\n|t:|1698726393\n|switch|p2a: Gliscor|Gliscor, F|31\/100 tox\n|move|p1a: Salty TearsUrTeam|Recover|p1a: Salty TearsUrTeam\n|-heal|p1a: Salty TearsUrTeam|80\/100\n|\n|-heal|p2a: Gliscor|43\/100 tox|[from] ability: Poison Heal\n|upkeep\n|turn|83\n|\n|t:|1698726399\n|move|p2a: Gliscor|Protect|p2a: Gliscor\n|-singleturn|p2a: Gliscor|Protect\n|move|p1a: Salty TearsUrTeam|Salt Cure|p2a: Gliscor\n|-activate|p2a: Gliscor|move: Protect\n|\n|-heal|p2a: Gliscor|56\/100 tox|[from] ability: Poison Heal\n|upkeep\n|turn|84\n|\n|t:|1698726408\n|-terastallize|p1a: Salty TearsUrTeam|Water\n|move|p2a: Gliscor|Toxic Spikes|p1a: Salty TearsUrTeam\n|-sidestart|p1: Lil Tzatziki Sauce|move: Toxic Spikes\n|move|p1a: Salty TearsUrTeam|Salt Cure|p2a: Gliscor\n|-damage|p2a: Gliscor|38\/100 tox\n|-start|p2a: Gliscor|Salt Cure\n|\n|-heal|p2a: Gliscor|51\/100 tox|[from] ability: Poison Heal\n|-damage|p2a: Gliscor|38\/100 tox|[from] Salt Cure\n|upkeep\n|turn|85\n|\n|t:|1698726419\n|switch|p2a: Clefable|Clefable, F|59\/100\n|-damage|p2a: Clefable|46\/100|[from] Spikes\n|move|p1a: Salty TearsUrTeam|Curse|p1a: Salty TearsUrTeam\n|-unboost|p1a: Salty TearsUrTeam|spe|1\n|-boost|p1a: Salty TearsUrTeam|atk|1\n|-boost|p1a: Salty TearsUrTeam|def|1\n|\n|-heal|p2a: Clefable|53\/100|[from] item: Leftovers\n|upkeep\n|turn|86\n|\n|t:|1698726422\n|move|p2a: Clefable|Wish|p2a: Clefable\n|move|p1a: Salty TearsUrTeam|Salt Cure|p2a: Clefable\n|-damage|p2a: Clefable|38\/100\n|-start|p2a: Clefable|Salt Cure\n|\n|-heal|p2a: Clefable|44\/100|[from] item: Leftovers\n|-damage|p2a: Clefable|32\/100|[from] Salt Cure\n|upkeep\n|turn|87\n|c|\u2606Lil Tzatziki Sauce|the stall matchup isnt good\n|c|\u2606Lil Tzatziki Sauce|noted\n|\n|t:|1698726437\n|move|p2a: Clefable|Protect|p2a: Clefable\n|-singleturn|p2a: Clefable|Protect\n|move|p1a: Salty TearsUrTeam|Earthquake|p2a: Clefable\n|-activate|p2a: Clefable|move: Protect\n|\n|-heal|p2a: Clefable|82\/100|[from] move: Wish|[wisher] Clefable\n|-heal|p2a: Clefable|88\/100|[from] item: Leftovers\n|-damage|p2a: Clefable|75\/100|[from] Salt Cure\n|upkeep\n|turn|88\n|\n|t:|1698726442\n|move|p2a: Clefable|Wish|p2a: Clefable\n|move|p1a: Salty TearsUrTeam|Curse|p1a: Salty TearsUrTeam\n|-unboost|p1a: Salty TearsUrTeam|spe|1\n|-boost|p1a: Salty TearsUrTeam|atk|1\n|-boost|p1a: Salty TearsUrTeam|def|1\n|\n|-heal|p2a: Clefable|81\/100|[from] item: Leftovers\n|-damage|p2a: Clefable|69\/100|[from] Salt Cure\n|upkeep\n|turn|89\n|\n|t:|1698726456\n|move|p2a: Clefable|Calm Mind|p2a: Clefable\n|-boost|p2a: Clefable|spa|1\n|-boost|p2a: Clefable|spd|1\n|move|p1a: Salty TearsUrTeam|Earthquake|p2a: Clefable\n|-damage|p2a: Clefable|45\/100\n|\n|-heal|p2a: Clefable|95\/100|[from] move: Wish|[wisher] Clefable\n|-heal|p2a: Clefable|100\/100|[from] item: Leftovers\n|-damage|p2a: Clefable|88\/100|[from] Salt Cure\n|upkeep\n|turn|90\n|inactive|Lil Tzatziki Sauce has 270 seconds left.\n|\n|t:|1698726500\n|move|p2a: Clefable|Calm Mind|p2a: Clefable\n|-boost|p2a: Clefable|spa|1\n|-boost|p2a: Clefable|spd|1\n|move|p1a: Salty TearsUrTeam|Earthquake|p2a: Clefable\n|-damage|p2a: Clefable|61\/100\n|\n|-heal|p2a: Clefable|67\/100|[from] item: Leftovers\n|-damage|p2a: Clefable|55\/100|[from] Salt Cure\n|upkeep\n|turn|91\n|\n|t:|1698726506\n|move|p2a: Clefable|Wish|p2a: Clefable\n|move|p1a: Salty TearsUrTeam|Earthquake|p2a: Clefable\n|-damage|p2a: Clefable|30\/100\n|\n|-heal|p2a: Clefable|37\/100|[from] item: Leftovers\n|-damage|p2a: Clefable|24\/100|[from] Salt Cure\n|upkeep\n|turn|92\n|\n|t:|1698726511\n|move|p2a: Clefable|Protect|p2a: Clefable\n|-singleturn|p2a: Clefable|Protect\n|move|p1a: Salty TearsUrTeam|Curse|p1a: Salty TearsUrTeam\n|-unboost|p1a: Salty TearsUrTeam|spe|1\n|-boost|p1a: Salty TearsUrTeam|atk|1\n|-boost|p1a: Salty TearsUrTeam|def|1\n|\n|-heal|p2a: Clefable|74\/100|[from] move: Wish|[wisher] Clefable\n|-heal|p2a: Clefable|80\/100|[from] item: Leftovers\n|-damage|p2a: Clefable|68\/100|[from] Salt Cure\n|upkeep\n|turn|93\n|c|\u2606Lil Tzatziki Sauce|gg\n|c|\u2606leonissenbaum|gg\n|-message|Lil Tzatziki Sauce forfeited.\n|\n|win|leonissenbaum\n|l|\u2606Lil Tzatziki Sauce\n","uploadtime":1698726524,"views":25,"p1id":"liltzatzikisauce","p2id":"leonissenbaum","formatid":"gen9ubers","rating":0,"private":0,"password":""}