{"id":"gen9ubers-1971713615","p1":"Electricratman","p2":"mklgd","format":"[Gen 9] Ubers","log":"|j|\u2606Electricratman\n|j|\u2606mklgd\n|t:|1697763993\n|gametype|singles\n|player|p1|Electricratman|102|\n|player|p2|mklgd|tabitha-gen3|\n|teamsize|p1|6\n|teamsize|p2|6\n|gen|9\n|tier|[Gen 9] Ubers\n|rule|Sleep Clause Mod: Limit one foe put to sleep\n|rule|Species Clause: Limit one of each Pok\u00e9mon\n|rule|OHKO Clause: OHKO moves are banned\n|rule|Evasion Items Clause: Evasion items are banned\n|rule|Evasion Moves Clause: Evasion moves are banned\n|rule|Endless Battle Clause: Forcing endless battles is banned\n|rule|HP Percentage Mod: HP is shown in percentages\n|clearpoke\n|poke|p1|Weezing-Galar, M|\n|poke|p1|Rillaboom, M|\n|poke|p1|Greninja-*, M|\n|poke|p1|Magearna|\n|poke|p1|Hawlucha, M|\n|poke|p1|Thundurus-Therian, M|\n|poke|p2|Mesprit|\n|poke|p2|Forretress, M|\n|poke|p2|Volcanion|\n|poke|p2|Tyranitar, F|\n|poke|p2|Ogerpon-Cornerstone, F|\n|poke|p2|Gengar, M|\n|teampreview\n|j| Judgieiscool\n|j| ampharosaunt11\n|j| Lillyrosethedemon\n|j| kingkush216\n|j| Willish6634\n|c| kingkush216|Yo\n|c| Judgieiscool|hurry it up-Slim Jim Johnson\n|c| Willish6634|We burning the house down with these sets\ud83d\udd25\ud83c\udfe0\ud83d\udd25\n|j| Smoocheh\n|c| kingkush216|who won g1\n|l|\u2606Electricratman\n|player|p1|\n|c| kingkush216|wat he doin\n|j|\u2606Electricratman\n|player|p1|Electricratman|102\n|c| Smoocheh|king kush in here lmao\n|\n|t:|1697764157\n|start\n|switch|p1a: Thundurus|Thundurus-Therian, M|100\/100\n|switch|p2a: Gengar|Gengar, M|100\/100\n|turn|1\n|j| BlackAceX19\n|c| Smoocheh|mikey won g1\n|\n|t:|1697764176\n|-terastallize|p2a: Gengar|Ghost\n|move|p2a: Gengar|Shadow Ball|p1a: Thundurus\n|-damage|p1a: Thundurus|0 fnt\n|faint|p1a: Thundurus\n|\n|upkeep\n|c| Judgieiscool|SWEET CHIN MIKEY\n|c| kingkush216|wat that mean\n|\n|t:|1697764210\n|switch|p1a: Greninja|Greninja, M, shiny|100\/100\n|turn|2\n|c| Judgieiscool|hi krow wink\n|\n|t:|1697764234\n|switch|p2a: Volcanion|Volcanion|100\/100\n|move|p1a: Greninja|Night Slash|p2a: Volcanion\n|-start|p1a: Greninja|typechange|Dark|[from] ability: Protean\n|-damage|p2a: Volcanion|73\/100\n|\n|-heal|p2a: Volcanion|79\/100|[from] item: Leftovers\n|upkeep\n|turn|3\n|\n|t:|1697764248\n|move|p1a: Greninja|U-turn|p2a: Volcanion\n|-resisted|p2a: Volcanion\n|-damage|p2a: Volcanion|70\/100\n|c| Willish6634|AND THE CROWD GOES MILD\ud83d\udca7\ud83d\udca7\ud83d\udca7\n|\n|t:|1697764269\n|switch|p1a: Rillaboom|Rillaboom, M|100\/100|[from] U-turn\n|-fieldstart|move: Grassy Terrain|[from] ability: Grassy Surge|[of] p1a: Rillaboom\n|move|p2a: Volcanion|Will-O-Wisp|p1a: Rillaboom\n|-status|p1a: Rillaboom|brn\n|\n|-heal|p2a: Volcanion|76\/100|[from] Grassy Terrain\n|-heal|p2a: Volcanion|82\/100|[from] item: Leftovers\n|-damage|p1a: Rillaboom|94\/100 brn|[from] brn\n|upkeep\n|turn|4\n|\n|t:|1697764287\n|switch|p2a: Forretress|Forretress, M|100\/100\n|move|p1a: Rillaboom|High Horsepower|p2a: Forretress\n|-damage|p2a: Forretress|88\/100\n|\n|-heal|p1a: Rillaboom|100\/100 brn|[from] Grassy Terrain\n|-heal|p2a: Forretress|94\/100|[from] Grassy Terrain\n|-heal|p2a: Forretress|99\/100|[from] item: Leftovers\n|-damage|p1a: Rillaboom|94\/100 brn|[from] brn\n|upkeep\n|turn|5\n|c| Judgieiscool|gg\n|\n|t:|1697764318\n|switch|p1a: Hawlucha|Hawlucha, M, shiny|100\/100\n|-enditem|p1a: Hawlucha|Grassy Seed\n|-boost|p1a: Hawlucha|def|1|[from] item: Grassy Seed\n|move|p2a: Forretress|Spikes|p1a: Hawlucha\n|-sidestart|p1: Electricratman|Spikes\n|\n|-heal|p2a: Forretress|100\/100|[from] Grassy Terrain\n|upkeep\n|turn|6\n|c| kingkush216|wat the fuk he doin\n|\n|t:|1697764335\n|move|p1a: Hawlucha|Swords Dance|p1a: Hawlucha\n|-boost|p1a: Hawlucha|atk|2\n|move|p2a: Forretress|Ice Spinner|p1a: Hawlucha\n|-supereffective|p1a: Hawlucha\n|-crit|p1a: Hawlucha\n|-damage|p1a: Hawlucha|43\/100\n|-fieldend|move: Grassy Terrain\n|\n|upkeep\n|turn|7\n|c| Judgieiscool|FINALLY\n|c| kingkush216|hax yo\n|j| LentLicker\n|\n|t:|1697764369\n|move|p1a: Hawlucha|Close Combat|p2a: Forretress\n|-damage|p2a: Forretress|45\/100\n|-unboost|p1a: Hawlucha|def|1\n|-unboost|p1a: Hawlucha|spd|1\n|move|p2a: Forretress|Volt Switch|p1a: Hawlucha\n|-supereffective|p1a: Hawlucha\n|-damage|p1a: Hawlucha|0 fnt\n|faint|p1a: Hawlucha\n|\n|t:|1697764378\n|switch|p2a: Volcanion|Volcanion|82\/100|[from] Volt Switch\n|\n|-heal|p2a: Volcanion|88\/100|[from] item: Leftovers\n|upkeep\n|c| kingkush216|yo wrd is bond the rat dude strugglin\n|l| Willish6634\n|\n|t:|1697764437\n|switch|p1a: Weezing|Weezing-Galar, M|100\/100\n|-ability|p1a: Weezing|Neutralizing Gas\n|turn|8\n|\n|t:|1697764447\n|switch|p2a: Tyranitar|Tyranitar, F|100\/100\n|move|p1a: Weezing|Defog|p2a: Tyranitar\n|-unboost|p2a: Tyranitar|evasion|1\n|-sideend|p1: Electricratman|Spikes|[from] move: Defog|[of] p1a: Weezing\n|\n|upkeep\n|turn|9\n|j| Willish6634\n|\n|t:|1697764454\n|move|p2a: Tyranitar|Earthquake|p1a: Weezing\n|-supereffective|p1a: Weezing\n|-damage|p1a: Weezing|37\/100\n|move|p1a: Weezing|Strange Steam|p2a: Tyranitar\n|-supereffective|p2a: Tyranitar\n|-damage|p2a: Tyranitar|41\/100\n|\n|upkeep\n|turn|10\n|\n|t:|1697764465\n|-end|p1a: Weezing|ability: Neutralizing Gas\n|-weather|Sandstorm|[from] ability: Sand Stream|[of] p2a: Tyranitar\n|switch|p1a: Rillaboom|Rillaboom, M|94\/100 brn\n|-fieldstart|move: Grassy Terrain|[from] ability: Grassy Surge|[of] p1a: Rillaboom\n|move|p2a: Tyranitar|Earthquake|p1a: Rillaboom\n|-resisted|p1a: Rillaboom\n|-damage|p1a: Rillaboom|84\/100 brn\n|\n|-weather|Sandstorm|[upkeep]\n|-damage|p1a: Rillaboom|78\/100 brn|[from] Sandstorm\n|-heal|p1a: Rillaboom|84\/100 brn|[from] Grassy Terrain\n|-heal|p2a: Tyranitar|47\/100|[from] Grassy Terrain\n|-damage|p1a: Rillaboom|78\/100 brn|[from] brn\n|upkeep\n|turn|11\n|\n|t:|1697764485\n|switch|p2a: Forretress|Forretress, M|45\/100\n|move|p1a: Rillaboom|Grassy Glide|p2a: Forretress\n|-resisted|p2a: Forretress\n|-damage|p2a: Forretress|41\/100\n|\n|-weather|Sandstorm|[upkeep]\n|-damage|p1a: Rillaboom|71\/100 brn|[from] Sandstorm\n|-heal|p1a: Rillaboom|78\/100 brn|[from] Grassy Terrain\n|-heal|p2a: Forretress|47\/100|[from] Grassy Terrain\n|-heal|p2a: Forretress|53\/100|[from] item: Leftovers\n|-damage|p1a: Rillaboom|71\/100 brn|[from] brn\n|upkeep\n|turn|12\n|l| Smoocheh\n|\n|t:|1697764522\n|switch|p1a: Magearna|Magearna|100\/100\n|move|p2a: Forretress|Spikes|p1a: Magearna\n|-sidestart|p1: Electricratman|Spikes\n|\n|-weather|Sandstorm|[upkeep]\n|-heal|p2a: Forretress|59\/100|[from] Grassy Terrain\n|-heal|p2a: Forretress|65\/100|[from] item: Leftovers\n|upkeep\n|turn|13\n|\n|t:|1697764535\n|move|p1a: Magearna|Shift Gear|p1a: Magearna\n|-boost|p1a: Magearna|spe|2\n|-boost|p1a: Magearna|atk|1\n|move|p2a: Forretress|Volt Switch|p1a: Magearna\n|-crit|p1a: Magearna\n|-damage|p1a: Magearna|88\/100\n|\n|t:|1697764537\n|switch|p2a: Volcanion|Volcanion|88\/100|[from] Volt Switch\n|\n|-weather|Sandstorm|[upkeep]\n|-damage|p2a: Volcanion|82\/100|[from] Sandstorm\n|-heal|p1a: Magearna|94\/100|[from] Grassy Terrain\n|-heal|p1a: Magearna|99\/100|[from] item: Leftovers\n|-heal|p2a: Volcanion|88\/100|[from] Grassy Terrain\n|-heal|p2a: Volcanion|94\/100|[from] item: Leftovers\n|upkeep\n|turn|14\n|\n|t:|1697764558\n|-terastallize|p1a: Magearna|Electric\n|move|p1a: Magearna|Tera Blast|p2a: Volcanion|[anim] Tera Blast Electric\n|-supereffective|p2a: Volcanion\n|-damage|p2a: Volcanion|26\/100\n|move|p2a: Volcanion|Haze|p2a: Volcanion\n|-clearallboost\n|\n|-weather|none\n|-heal|p2a: Volcanion|32\/100|[from] Grassy Terrain\n|-heal|p2a: Volcanion|38\/100|[from] item: Leftovers\n|-heal|p1a: Magearna|100\/100|[from] Grassy Terrain\n|-fieldend|move: Grassy Terrain\n|upkeep\n|turn|15\n|\n|t:|1697764572\n|switch|p2a: Mesprit|Mesprit|100\/100\n|move|p1a: Magearna|Tera Blast|p2a: Mesprit|[anim] Tera Blast Electric\n|-damage|p2a: Mesprit|80\/100\n|\n|upkeep\n|turn|16\n|\n|t:|1697764579\n|move|p2a: Mesprit|Future Sight|p1a: Magearna\n|-start|p2a: Mesprit|move: Future Sight\n|move|p1a: Magearna|Shift Gear|p1a: Magearna\n|-boost|p1a: Magearna|spe|2\n|-boost|p1a: Magearna|atk|1\n|\n|upkeep\n|turn|17\n|\n|t:|1697764586\n|move|p1a: Magearna|Calm Mind|p1a: Magearna\n|-boost|p1a: Magearna|spa|1\n|-boost|p1a: Magearna|spd|1\n|move|p2a: Mesprit|U-turn|p1a: Magearna\n|-damage|p1a: Magearna|88\/100\n|\n|t:|1697764588\n|switch|p2a: Ogerpon|Ogerpon-Cornerstone, F|100\/100|[from] U-turn\n|\n|-heal|p1a: Magearna|94\/100|[from] item: Leftovers\n|upkeep\n|turn|18\n|c| kingkush216|HERE COMES RATMAN\n|\n|t:|1697764628\n|move|p2a: Ogerpon|Trailblaze|p1a: Magearna\n|-damage|p1a: Magearna|67\/100\n|-boost|p2a: Ogerpon|spe|1\n|move|p1a: Magearna|Shift Gear|p1a: Magearna\n|-boost|p1a: Magearna|spe|2\n|-boost|p1a: Magearna|atk|1\n|\n|-end|p1a: Magearna|move: Future Sight\n|-damage|p1a: Magearna|42\/100\n|-heal|p1a: Magearna|48\/100|[from] item: Leftovers\n|upkeep\n|turn|19\n|\n|t:|1697764640\n|move|p2a: Ogerpon|Ivy Cudgel|p1a: Magearna\n|-damage|p1a: Magearna|0 fnt\n|faint|p1a: Magearna\n|\n|upkeep\n|c| kingkush216|yo wat the FUK\n|c| kingkush216|he DOIN\n|c| Judgieiscool|womp womp\n|\n|t:|1697764688\n|switch|p1a: Weezing|Weezing-Galar, M|37\/100\n|-ability|p1a: Weezing|Neutralizing Gas\n|turn|20\n|\n|t:|1697764699\n|move|p2a: Ogerpon|Ivy Cudgel|p1a: Weezing\n|-crit|p1a: Weezing\n|-damage|p1a: Weezing|0 fnt\n|faint|p1a: Weezing\n|-end|p1a: Weezing|ability: Neutralizing Gas\n|\n|upkeep\n|\n|t:|1697764707\n|switch|p1a: Rillaboom|Rillaboom, M|71\/100 brn\n|-damage|p1a: Rillaboom|59\/100 brn|[from] Spikes\n|-fieldstart|move: Grassy Terrain|[from] ability: Grassy Surge|[of] p1a: Rillaboom\n|turn|21\n|\n|t:|1697764715\n|move|p2a: Ogerpon|Swords Dance|p2a: Ogerpon\n|-boost|p2a: Ogerpon|atk|2\n|move|p1a: Rillaboom|Drain Punch|p2a: Ogerpon\n|-supereffective|p2a: Ogerpon\n|-damage|p2a: Ogerpon|48\/100\n|-heal|p1a: Rillaboom|82\/100 brn|[from] drain|[of] p2a: Ogerpon\n|\n|-heal|p2a: Ogerpon|54\/100|[from] Grassy Terrain\n|-heal|p1a: Rillaboom|88\/100 brn|[from] Grassy Terrain\n|-damage|p1a: Rillaboom|82\/100 brn|[from] brn\n|upkeep\n|turn|22\n|\n|t:|1697764728\n|move|p2a: Ogerpon|Ivy Cudgel|p1a: Rillaboom\n|-damage|p1a: Rillaboom|0 fnt\n|faint|p1a: Rillaboom\n|\n|-heal|p2a: Ogerpon|60\/100|[from] Grassy Terrain\n|upkeep\n|l| Lillyrosethedemon\n|\n|t:|1697764739\n|switch|p1a: Greninja|Greninja, M, shiny|100\/100\n|-damage|p1a: Greninja|88\/100|[from] Spikes\n|turn|23\n|j| Lillyrosethedemon\n|\n|t:|1697764744\n|move|p2a: Ogerpon|Ivy Cudgel|p1a: Greninja\n|-crit|p1a: Greninja\n|-damage|p1a: Greninja|0 fnt\n|faint|p1a: Greninja\n|\n|win|mklgd\n|l| Lillyrosethedemon\n|c|\u2606mklgd|ggs buddy!\n|c|\u2606Electricratman|Gg\n|l| LentLicker\n|l|\u2606Electricratman\n","uploadtime":1697764751,"views":23,"p1id":"electricratman","p2id":"mklgd","formatid":"gen9ubers","rating":0,"private":0,"password":""}