{"id":"gen9ubers-1992338197","p1":"S3PP1","p2":"ArbysDealer23","format":"[Gen 9] Ubers","log":"|j|\u2606S3PP1\n|j|\u2606ArbysDealer23\n|t:|1700176211\n|gametype|singles\n|player|p1|S3PP1|chuck|\n|player|p2|ArbysDealer23|clair|\n|teamsize|p1|6\n|teamsize|p2|6\n|gen|9\n|tier|[Gen 9] Ubers\n|rule|Sleep Clause Mod: Limit one foe put to sleep\n|rule|Species Clause: Limit one of each Pok\u00e9mon\n|rule|OHKO Clause: OHKO moves are banned\n|rule|Evasion Items Clause: Evasion items are banned\n|rule|Evasion Moves Clause: Evasion moves are banned\n|rule|Endless Battle Clause: Forcing endless battles is banned\n|rule|HP Percentage Mod: HP is shown in percentages\n|clearpoke\n|poke|p1|Rillaboom, M|\n|poke|p1|Zamazenta-*|\n|poke|p1|Sneasler, F|\n|poke|p1|Great Tusk|\n|poke|p1|Breloom, M|\n|poke|p1|Iron Valiant|\n|poke|p2|Breloom, M|\n|poke|p2|Jirachi|\n|poke|p2|Palafin, F|\n|poke|p2|Glimmora, F|\n|poke|p2|Talonflame, F|\n|poke|p2|Mudsdale, F|\n|teampreview\n|inactive|Battle timer is ON: inactive players will automatically lose when time's up. (requested by S3PP1)\n|\n|t:|1700176221\n|start\n|switch|p1a: Breloom|Breloom, M|100\/100\n|switch|p2a: Palafin|Palafin, F|100\/100\n|turn|1\n|\n|t:|1700176229\n|move|p2a: Palafin|Flip Turn|p1a: Breloom\n|-resisted|p1a: Breloom\n|-damage|p1a: Breloom|77\/100\n|\n|t:|1700176239\n|detailschange|p2a: Palafin|Palafin-Hero, F\n|switch|p2a: Jirachi|Jirachi|100\/100|[from] Flip Turn\n|move|p1a: Breloom|Spore|p2a: Jirachi\n|-status|p2a: Jirachi|slp|[from] move: Spore\n|\n|upkeep\n|turn|2\n|\n|t:|1700176252\n|cant|p2a: Jirachi|slp\n|move|p1a: Breloom|Substitute|p1a: Breloom\n|-start|p1a: Breloom|Substitute\n|-damage|p1a: Breloom|52\/100\n|\n|upkeep\n|turn|3\n|\n|t:|1700176259\n|cant|p2a: Jirachi|slp\n|move|p1a: Breloom|Bullet Seed|p2a: Jirachi\n|-resisted|p2a: Jirachi\n|-damage|p2a: Jirachi|92\/100 slp\n|-resisted|p2a: Jirachi\n|-damage|p2a: Jirachi|83\/100 slp\n|-resisted|p2a: Jirachi\n|-damage|p2a: Jirachi|75\/100 slp\n|-resisted|p2a: Jirachi\n|-damage|p2a: Jirachi|67\/100 slp\n|-hitcount|p2a: Jirachi|4\n|\n|upkeep\n|turn|4\n|\n|t:|1700176272\n|-singleturn|p1a: Breloom|move: Focus Punch\n|-curestatus|p2a: Jirachi|slp|[msg]\n|move|p2a: Jirachi|Psychic|p1a: Breloom\n|-supereffective|p1a: Breloom\n|-end|p1a: Breloom|Substitute\n|move|p1a: Breloom|Focus Punch|p2a: Jirachi\n|-damage|p2a: Jirachi|0 fnt\n|faint|p2a: Jirachi\n|\n|upkeep\n|\n|t:|1700176286\n|switch|p2a: Palafin|Palafin-Hero, F|100\/100\n|-activate|p2a: Palafin|ability: Zero to Hero\n|turn|5\n|\n|t:|1700176293\n|move|p2a: Palafin|Ice Punch|p1a: Breloom\n|-supereffective|p1a: Breloom\n|-damage|p1a: Breloom|0 fnt\n|faint|p1a: Breloom\n|\n|upkeep\n|\n|t:|1700176297\n|switch|p1a: Rillaboom|Rillaboom, M|100\/100\n|-fieldstart|move: Grassy Terrain|[from] ability: Grassy Surge|[of] p1a: Rillaboom\n|turn|6\n|\n|t:|1700176304\n|switch|p2a: Talonflame|Talonflame, F|100\/100\n|switch|p1a: Zamazenta|Zamazenta|100\/100\n|-ability|p1a: Zamazenta|Dauntless Shield|boost\n|-boost|p1a: Zamazenta|def|1\n|-enditem|p1a: Zamazenta|Grassy Seed\n|-boost|p1a: Zamazenta|def|1|[from] item: Grassy Seed\n|\n|upkeep\n|turn|7\n|\n|t:|1700176320\n|move|p2a: Talonflame|Brave Bird|p1a: Zamazenta\n|-supereffective|p1a: Zamazenta\n|-damage|p1a: Zamazenta|52\/100\n|-damage|p2a: Talonflame|83\/100|[from] Recoil\n|move|p1a: Zamazenta|Trailblaze|p2a: Talonflame\n|-resisted|p2a: Talonflame\n|-damage|p2a: Talonflame|74\/100\n|-boost|p1a: Zamazenta|spe|1\n|\n|-heal|p1a: Zamazenta|58\/100|[from] Grassy Terrain\n|upkeep\n|turn|8\n|\n|t:|1700176331\n|move|p1a: Zamazenta|Body Press|p2a: Talonflame\n|-resisted|p2a: Talonflame\n|-damage|p2a: Talonflame|29\/100\n|move|p2a: Talonflame|Brave Bird|p1a: Zamazenta\n|-supereffective|p1a: Zamazenta\n|-damage|p1a: Zamazenta|15\/100\n|-damage|p2a: Talonflame|13\/100|[from] Recoil\n|\n|-heal|p1a: Zamazenta|21\/100|[from] Grassy Terrain\n|upkeep\n|turn|9\n|inactive|ArbysDealer23 has 270 seconds left.\n|\n|t:|1700176356\n|switch|p2a: Glimmora|Glimmora, F|100\/100\n|move|p1a: Zamazenta|Body Press|p2a: Glimmora\n|-damage|p2a: Glimmora|42\/100\n|-activate|p2a: Glimmora|ability: Toxic Debris\n|-sidestart|p1: S3PP1|move: Toxic Spikes\n|\n|-heal|p1a: Zamazenta|27\/100|[from] Grassy Terrain\n|-heal|p2a: Glimmora|48\/100|[from] Grassy Terrain\n|upkeep\n|turn|10\n|inactive|ArbysDealer23 has 270 seconds left.\n|\n|t:|1700176377\n|move|p1a: Zamazenta|Body Press|p2a: Glimmora\n|-damage|p2a: Glimmora|0 fnt\n|-activate|p2a: Glimmora|ability: Toxic Debris\n|-sidestart|p1: S3PP1|move: Toxic Spikes\n|faint|p2a: Glimmora\n|\n|-heal|p1a: Zamazenta|34\/100|[from] Grassy Terrain\n|-fieldend|move: Grassy Terrain\n|upkeep\n|\n|t:|1700176387\n|switch|p2a: Palafin|Palafin-Hero, F|100\/100\n|turn|11\n|\n|t:|1700176394\n|move|p1a: Zamazenta|Body Press|p2a: Palafin\n|-damage|p2a: Palafin|42\/100\n|move|p2a: Palafin|Close Combat|p1a: Zamazenta\n|-damage|p1a: Zamazenta|0 fnt\n|-unboost|p2a: Palafin|def|1\n|-unboost|p2a: Palafin|spd|1\n|faint|p1a: Zamazenta\n|\n|upkeep\n|\n|t:|1700176403\n|switch|p1a: Great Tusk|Great Tusk|100\/100\n|-status|p1a: Great Tusk|tox\n|-enditem|p1a: Great Tusk|Booster Energy\n|-activate|p1a: Great Tusk|ability: Protosynthesis|[fromitem]\n|-start|p1a: Great Tusk|protosynthesisatk\n|turn|12\n|\n|t:|1700176409\n|switch|p2a: Mudsdale|Mudsdale, F|100\/100\n|move|p1a: Great Tusk|Rapid Spin|p2a: Mudsdale\n|-damage|p2a: Mudsdale|79\/100\n|-boost|p1a: Great Tusk|spe|1\n|-ability|p2a: Mudsdale|Stamina|boost\n|-boost|p2a: Mudsdale|def|1\n|-sideend|p1: S3PP1|Toxic Spikes|[from] move: Rapid Spin|[of] p1a: Great Tusk\n|\n|-damage|p1a: Great Tusk|94\/100 tox|[from] psn\n|upkeep\n|turn|13\n|inactive|ArbysDealer23 has 270 seconds left.\n|\n|t:|1700176424\n|move|p1a: Great Tusk|Ice Spinner|p2a: Mudsdale\n|-supereffective|p2a: Mudsdale\n|-damage|p2a: Mudsdale|37\/100\n|-ability|p2a: Mudsdale|Stamina|boost\n|-boost|p2a: Mudsdale|def|1\n|move|p2a: Mudsdale|Body Press|p1a: Great Tusk\n|-damage|p1a: Great Tusk|72\/100 tox\n|\n|-damage|p1a: Great Tusk|60\/100 tox|[from] psn\n|upkeep\n|turn|14\n|\n|t:|1700176434\n|move|p1a: Great Tusk|Ice Spinner|p2a: Mudsdale\n|-supereffective|p2a: Mudsdale\n|-damage|p2a: Mudsdale|0 fnt\n|faint|p2a: Mudsdale\n|\n|-damage|p1a: Great Tusk|41\/100 tox|[from] psn\n|upkeep\n|\n|t:|1700176443\n|switch|p2a: Palafin|Palafin-Hero, F|42\/100\n|turn|15\n|\n|t:|1700176454\n|move|p1a: Great Tusk|Close Combat|p2a: Palafin\n|-damage|p2a: Palafin|0 fnt\n|-unboost|p1a: Great Tusk|def|1\n|-unboost|p1a: Great Tusk|spd|1\n|faint|p2a: Palafin\n|\n|-damage|p1a: Great Tusk|16\/100 tox|[from] psn\n|upkeep\n|\n|t:|1700176464\n|switch|p2a: Breloom|Breloom, M|100\/100\n|turn|16\n|\n|t:|1700176475\n|-terastallize|p2a: Breloom|Rock\n|move|p1a: Great Tusk|Ice Spinner|p2a: Breloom\n|-damage|p2a: Breloom|55\/100\n|move|p2a: Breloom|Leech Seed|p1a: Great Tusk\n|-start|p1a: Great Tusk|move: Leech Seed\n|\n|-damage|p1a: Great Tusk|4\/100 tox|[from] Leech Seed|[of] p2a: Breloom\n|-heal|p2a: Breloom|71\/100|[silent]\n|-damage|p1a: Great Tusk|0 fnt|[from] psn\n|faint|p1a: Great Tusk\n|-end|p1a: Great Tusk|Protosynthesis|[silent]\n|-status|p2a: Breloom|tox|[from] item: Toxic Orb\n|upkeep\n|\n|t:|1700176482\n|switch|p1a: Rillaboom|Rillaboom, M|100\/100\n|-fieldstart|move: Grassy Terrain|[from] ability: Grassy Surge|[of] p1a: Rillaboom\n|turn|17\n|\n|t:|1700176497\n|move|p1a: Rillaboom|U-turn|p2a: Breloom\n|-damage|p2a: Breloom|43\/100 tox\n|\n|t:|1700176500\n|switch|p1a: Sneasler|Sneasler, F|100\/100|[from] U-turn\n|-enditem|p1a: Sneasler|Grassy Seed\n|-boost|p1a: Sneasler|def|1|[from] item: Grassy Seed\n|move|p2a: Breloom|Facade|p1a: Sneasler\n|-damage|p1a: Sneasler|58\/100\n|\n|-heal|p1a: Sneasler|64\/100|[from] Grassy Terrain\n|-heal|p2a: Breloom|49\/100 tox|[from] Grassy Terrain\n|-heal|p2a: Breloom|62\/100 tox|[from] ability: Poison Heal\n|upkeep\n|turn|18\n|\n|t:|1700176511\n|move|p1a: Sneasler|Swords Dance|p1a: Sneasler\n|-boost|p1a: Sneasler|atk|2\n|move|p2a: Breloom|Spore|p1a: Sneasler\n|-status|p1a: Sneasler|slp|[from] move: Spore\n|\n|-heal|p1a: Sneasler|70\/100 slp|[from] Grassy Terrain\n|-heal|p2a: Breloom|68\/100 tox|[from] Grassy Terrain\n|-heal|p2a: Breloom|80\/100 tox|[from] ability: Poison Heal\n|upkeep\n|turn|19\n|\n|t:|1700176521\n|cant|p1a: Sneasler|slp\n|move|p2a: Breloom|Facade|p1a: Sneasler\n|-damage|p1a: Sneasler|24\/100 slp\n|\n|-heal|p1a: Sneasler|30\/100 slp|[from] Grassy Terrain\n|-heal|p2a: Breloom|86\/100 tox|[from] Grassy Terrain\n|-heal|p2a: Breloom|99\/100 tox|[from] ability: Poison Heal\n|upkeep\n|turn|20\n|\n|t:|1700176529\n|cant|p1a: Sneasler|slp\n|move|p2a: Breloom|Facade|p1a: Sneasler\n|-damage|p1a: Sneasler|0 fnt\n|faint|p1a: Sneasler\n|\n|-heal|p2a: Breloom|100\/100 tox|[from] Grassy Terrain\n|upkeep\n|\n|t:|1700176532\n|switch|p1a: Rillaboom|Rillaboom, M|100\/100\n|turn|21\n|\n|t:|1700176540\n|move|p1a: Rillaboom|Drum Beating|p2a: Breloom\n|-supereffective|p2a: Breloom\n|-damage|p2a: Breloom|0 fnt\n|faint|p2a: Breloom\n|\n|-fieldend|move: Grassy Terrain\n|upkeep\n|\n|t:|1700176545\n|switch|p2a: Talonflame|Talonflame, F|13\/100\n|turn|22\n|\n|t:|1700176550\n|move|p2a: Talonflame|Roost|p2a: Talonflame\n|-heal|p2a: Talonflame|63\/100\n|-singleturn|p2a: Talonflame|move: Roost\n|move|p1a: Rillaboom|Drain Punch|p2a: Talonflame\n|-damage|p2a: Talonflame|21\/100\n|\n|upkeep\n|turn|23\n|\n|t:|1700176558\n|move|p2a: Talonflame|Overheat|p1a: Rillaboom\n|-supereffective|p1a: Rillaboom\n|-damage|p1a: Rillaboom|50\/100\n|-unboost|p2a: Talonflame|spa|2\n|move|p1a: Rillaboom|Drain Punch|p2a: Talonflame\n|-resisted|p2a: Talonflame\n|-damage|p2a: Talonflame|0 fnt\n|-heal|p1a: Rillaboom|57\/100|[from] drain|[of] p2a: Talonflame\n|faint|p2a: Talonflame\n|\n|win|S3PP1\n|l|\u2606ArbysDealer23\n","uploadtime":1700176640,"views":9,"p1id":"s3pp1","p2id":"arbysdealer23","formatid":"gen9ubers","rating":0,"private":0,"password":""}