{"id":"gen9ubers-1997792799","p1":"Carzie","p2":"ImhoPitit","format":"[Gen 9] Ubers","log":"|j|\u2606Carzie\n|j|\u2606ImhoPitit\n|t:|1700853245\n|gametype|singles\n|player|p1|Carzie|acetrainerf|1051\n|player|p2|ImhoPitit|lucas|1160\n|teamsize|p1|6\n|teamsize|p2|6\n|gen|9\n|tier|[Gen 9] Ubers\n|rated|\n|rule|Sleep Clause Mod: Limit one foe put to sleep\n|rule|Species Clause: Limit one of each Pok\u00e9mon\n|rule|OHKO Clause: OHKO moves are banned\n|rule|Evasion Items Clause: Evasion items are banned\n|rule|Evasion Moves Clause: Evasion moves are banned\n|rule|Endless Battle Clause: Forcing endless battles is banned\n|rule|HP Percentage Mod: HP is shown in percentages\n|clearpoke\n|poke|p1|Volcarona, M|\n|poke|p1|Milotic, F|\n|poke|p1|Samurott, M|\n|poke|p1|Decidueye, M|\n|poke|p1|Vaporeon, M|\n|poke|p1|Frosmoth, F|\n|poke|p2|Enamorus, F|\n|poke|p2|Dragonite, F|\n|poke|p2|Skeledirge, M|\n|poke|p2|Gliscor, M|\n|poke|p2|Iron Valiant|\n|poke|p2|Dragapult, F|\n|teampreview\n|inactive|Battle timer is ON: inactive players will automatically lose when time's up. (requested by ImhoPitit)\n|\n|t:|1700853259\n|start\n|switch|p1a: Samurott|Samurott, M|100\/100\n|switch|p2a: Vion ?|Dragapult, F|100\/100\n|turn|1\n|\n|t:|1700853266\n|move|p2a: Vion ?|Dragon Darts|p1a: Samurott\n|-damage|p1a: Samurott|68\/100\n|-anim|p2a: Vion ?|Dragon Darts|p1a: Samurott\n|-damage|p1a: Samurott|34\/100\n|move|p1a: Samurott|Swords Dance|p1a: Samurott\n|-boost|p1a: Samurott|atk|2\n|\n|-heal|p1a: Samurott|41\/100|[from] item: Leftovers\n|upkeep\n|turn|2\n|\n|t:|1700853277\n|move|p2a: Vion ?|Dragon Darts|p1a: Samurott\n|-damage|p1a: Samurott|4\/100\n|-anim|p2a: Vion ?|Dragon Darts|p1a: Samurott\n|-damage|p1a: Samurott|0 fnt\n|faint|p1a: Samurott\n|\n|upkeep\n|\n|t:|1700853284\n|switch|p1a: Milotic|Milotic, F|100\/100\n|turn|3\n|\n|t:|1700853291\n|switch|p2a: Alucard|Gliscor, M|100\/100\n|move|p1a: Milotic|Dragon Tail|p2a: Alucard\n|-damage|p2a: Alucard|95\/100\n|drag|p2a: Trop mang\u00e9|Dragonite, F|100\/100\n|\n|upkeep\n|turn|4\n|\n|t:|1700853300\n|switch|p2a: Alucard|Gliscor, M|95\/100\n|move|p1a: Milotic|Dragon Pulse|p2a: Alucard\n|-damage|p2a: Alucard|72\/100\n|\n|-status|p2a: Alucard|tox|[from] item: Toxic Orb\n|upkeep\n|turn|5\n|\n|t:|1700853308\n|move|p2a: Alucard|Spikes|p1a: Milotic\n|-sidestart|p1: Carzie|Spikes\n|move|p1a: Milotic|Dragon Tail|p2a: Alucard\n|-damage|p2a: Alucard|66\/100 tox\n|drag|p2a: Vion ?|Dragapult, F|100\/100\n|\n|upkeep\n|turn|6\n|\n|t:|1700853317\n|move|p2a: Vion ?|U-turn|p1a: Milotic\n|-damage|p1a: Milotic|73\/100\n|\n|t:|1700853320\n|switch|p2a: Alucard|Gliscor, M|66\/100 tox|[from] U-turn\n|move|p1a: Milotic|Dragon Pulse|p2a: Alucard\n|-damage|p2a: Alucard|44\/100 tox\n|\n|-heal|p1a: Milotic|79\/100|[from] item: Leftovers\n|-heal|p2a: Alucard|56\/100 tox|[from] ability: Poison Heal\n|upkeep\n|turn|7\n|\n|t:|1700853330\n|move|p2a: Alucard|Protect|p2a: Alucard\n|-singleturn|p2a: Alucard|Protect\n|move|p1a: Milotic|Scald|p2a: Alucard\n|-activate|p2a: Alucard|move: Protect\n|\n|-heal|p1a: Milotic|85\/100|[from] item: Leftovers\n|-heal|p2a: Alucard|69\/100 tox|[from] ability: Poison Heal\n|upkeep\n|turn|8\n|\n|t:|1700853340\n|move|p2a: Alucard|Toxic|p1a: Milotic\n|-status|p1a: Milotic|tox\n|move|p1a: Milotic|Dragon Pulse|p2a: Alucard\n|-damage|p2a: Alucard|45\/100 tox\n|\n|-heal|p1a: Milotic|91\/100 tox|[from] item: Leftovers\n|-heal|p2a: Alucard|58\/100 tox|[from] ability: Poison Heal\n|-damage|p1a: Milotic|85\/100 tox|[from] psn\n|upkeep\n|turn|9\n|\n|t:|1700853351\n|move|p2a: Alucard|Protect|p2a: Alucard\n|-singleturn|p2a: Alucard|Protect\n|move|p1a: Milotic|Scald|p2a: Alucard\n|-activate|p2a: Alucard|move: Protect\n|\n|-heal|p1a: Milotic|91\/100 tox|[from] item: Leftovers\n|-heal|p2a: Alucard|70\/100 tox|[from] ability: Poison Heal\n|-damage|p1a: Milotic|79\/100 tox|[from] psn\n|upkeep\n|turn|10\n|\n|t:|1700853362\n|move|p2a: Alucard|Spikes|p1a: Milotic\n|-sidestart|p1: Carzie|Spikes\n|move|p1a: Milotic|Dragon Tail|p2a: Alucard\n|-damage|p2a: Alucard|64\/100 tox\n|drag|p2a: Trop mang\u00e9|Dragonite, F|100\/100\n|\n|-heal|p1a: Milotic|85\/100 tox|[from] item: Leftovers\n|-damage|p1a: Milotic|67\/100 tox|[from] psn\n|upkeep\n|turn|11\n|\n|t:|1700853377\n|switch|p2a: Alucard|Gliscor, M|64\/100 tox\n|switch|p1a: Frosmoth|Frosmoth, F|100\/100\n|-damage|p1a: Frosmoth|84\/100|[from] Spikes\n|\n|-heal|p2a: Alucard|77\/100 tox|[from] ability: Poison Heal\n|upkeep\n|turn|12\n|\n|t:|1700853388\n|-terastallize|p2a: Alucard|Water\n|move|p2a: Alucard|Toxic|p1a: Frosmoth\n|-status|p1a: Frosmoth|tox\n|move|p1a: Frosmoth|Ice Beam|p2a: Alucard\n|-resisted|p2a: Alucard\n|-damage|p2a: Alucard|48\/100 tox\n|\n|-heal|p2a: Alucard|60\/100 tox|[from] ability: Poison Heal\n|-damage|p1a: Frosmoth|78\/100 tox|[from] psn\n|upkeep\n|turn|13\n|\n|t:|1700853400\n|move|p2a: Alucard|Protect|p2a: Alucard\n|-singleturn|p2a: Alucard|Protect\n|move|p1a: Frosmoth|Giga Drain|p2a: Alucard\n|-activate|p2a: Alucard|move: Protect\n|\n|-heal|p2a: Alucard|73\/100 tox|[from] ability: Poison Heal\n|-damage|p1a: Frosmoth|66\/100 tox|[from] psn\n|upkeep\n|turn|14\n|\n|t:|1700853411\n|switch|p2a: Hisashiburi dana|Skeledirge, M|100\/100\n|move|p1a: Frosmoth|Ice Beam|p2a: Hisashiburi dana\n|-resisted|p2a: Hisashiburi dana\n|-damage|p2a: Hisashiburi dana|85\/100\n|\n|-damage|p1a: Frosmoth|48\/100 tox|[from] psn\n|upkeep\n|turn|15\n|\n|t:|1700853421\n|-terastallize|p1a: Frosmoth|Ground\n|move|p1a: Frosmoth|Tera Blast|p2a: Hisashiburi dana|[anim] Tera Blast Ground\n|-supereffective|p2a: Hisashiburi dana\n|-damage|p2a: Hisashiburi dana|27\/100\n|move|p2a: Hisashiburi dana|Torch Song|p1a: Frosmoth\n|-damage|p1a: Frosmoth|31\/100 tox\n|-boost|p2a: Hisashiburi dana|spa|1\n|-enditem|p2a: Hisashiburi dana|Throat Spray\n|-boost|p2a: Hisashiburi dana|spa|1|[from] item: Throat Spray\n|\n|-damage|p1a: Frosmoth|7\/100 tox|[from] psn\n|upkeep\n|turn|16\n|\n|t:|1700853436\n|switch|p2a: Alucard|Gliscor, M, tera:Water|73\/100 tox\n|move|p1a: Frosmoth|Ice Beam|p2a: Alucard\n|-resisted|p2a: Alucard\n|-damage|p2a: Alucard|44\/100 tox\n|\n|-heal|p2a: Alucard|57\/100 tox|[from] ability: Poison Heal\n|-damage|p1a: Frosmoth|0 fnt|[from] psn\n|faint|p1a: Frosmoth\n|upkeep\n|\n|t:|1700853441\n|switch|p1a: Milotic|Milotic, F|67\/100 tox\n|-damage|p1a: Milotic|50\/100 tox|[from] Spikes\n|turn|17\n|\n|t:|1700853450\n|move|p2a: Alucard|Protect|p2a: Alucard\n|-singleturn|p2a: Alucard|Protect\n|move|p1a: Milotic|Recover|p1a: Milotic\n|-heal|p1a: Milotic|100\/100 tox\n|\n|-heal|p2a: Alucard|69\/100 tox|[from] ability: Poison Heal\n|-damage|p1a: Milotic|94\/100 tox|[from] psn\n|upkeep\n|turn|18\n|\n|t:|1700853461\n|switch|p1a: Volcarona|Volcarona, M|100\/100\n|-damage|p1a: Volcarona|84\/100|[from] Spikes\n|move|p2a: Alucard|Spikes|p1a: Volcarona\n|-sidestart|p1: Carzie|Spikes\n|\n|-heal|p2a: Alucard|82\/100 tox|[from] ability: Poison Heal\n|upkeep\n|turn|19\n|\n|t:|1700853470\n|move|p1a: Volcarona|Quiver Dance|p1a: Volcarona\n|-boost|p1a: Volcarona|spa|1\n|-boost|p1a: Volcarona|spd|1\n|-boost|p1a: Volcarona|spe|1\n|move|p2a: Alucard|Toxic|p1a: Volcarona|[miss]\n|-miss|p2a: Alucard|p1a: Volcarona\n|\n|-heal|p2a: Alucard|94\/100 tox|[from] ability: Poison Heal\n|upkeep\n|turn|20\n|c|\u2606ImhoPitit|-.-\n|c|\u2606ImhoPitit|Ce miss\n|\n|t:|1700853491\n|move|p1a: Volcarona|Quiver Dance|p1a: Volcarona\n|-boost|p1a: Volcarona|spa|1\n|-boost|p1a: Volcarona|spd|1\n|-boost|p1a: Volcarona|spe|1\n|move|p2a: Alucard|Toxic|p1a: Volcarona\n|-status|p1a: Volcarona|tox\n|\n|-damage|p1a: Volcarona|78\/100 tox|[from] psn\n|-heal|p2a: Alucard|100\/100 tox|[from] ability: Poison Heal\n|upkeep\n|turn|21\n|\n|t:|1700853502\n|move|p2a: Alucard|Protect|p2a: Alucard\n|-singleturn|p2a: Alucard|Protect\n|move|p1a: Volcarona|Fiery Dance|p2a: Alucard\n|-activate|p2a: Alucard|move: Protect\n|\n|-damage|p1a: Volcarona|66\/100 tox|[from] psn\n|upkeep\n|turn|22\n|\n|t:|1700853511\n|switch|p2a: Hisashiburi dana|Skeledirge, M|27\/100\n|move|p1a: Volcarona|Giga Drain|p2a: Hisashiburi dana\n|-resisted|p2a: Hisashiburi dana\n|-damage|p2a: Hisashiburi dana|18\/100\n|-heal|p1a: Volcarona|72\/100 tox|[from] drain|[of] p2a: Hisashiburi dana\n|\n|-damage|p1a: Volcarona|54\/100 tox|[from] psn\n|upkeep\n|turn|23\n|\n|t:|1700853521\n|move|p1a: Volcarona|Fiery Dance|p2a: Hisashiburi dana\n|-resisted|p2a: Hisashiburi dana\n|-damage|p2a: Hisashiburi dana|3\/100\n|-boost|p1a: Volcarona|spa|1\n|move|p2a: Hisashiburi dana|Slack Off|p2a: Hisashiburi dana\n|-heal|p2a: Hisashiburi dana|54\/100\n|\n|-damage|p1a: Volcarona|29\/100 tox|[from] psn\n|upkeep\n|turn|24\n|\n|t:|1700853530\n|switch|p1a: Milotic|Milotic, F|94\/100 tox\n|-damage|p1a: Milotic|69\/100 tox|[from] Spikes\n|move|p2a: Hisashiburi dana|Slack Off|p2a: Hisashiburi dana\n|-heal|p2a: Hisashiburi dana|100\/100\n|\n|-heal|p1a: Milotic|75\/100 tox|[from] item: Leftovers\n|-damage|p1a: Milotic|69\/100 tox|[from] psn\n|upkeep\n|turn|25\n|\n|t:|1700853541\n|switch|p2a: Alucard|Gliscor, M, tera:Water|100\/100 tox\n|move|p1a: Milotic|Scald|p2a: Alucard\n|-resisted|p2a: Alucard\n|-damage|p2a: Alucard|83\/100 tox\n|\n|-heal|p1a: Milotic|75\/100 tox|[from] item: Leftovers\n|-heal|p2a: Alucard|96\/100 tox|[from] ability: Poison Heal\n|-damage|p1a: Milotic|63\/100 tox|[from] psn\n|upkeep\n|turn|26\n|\n|t:|1700853552\n|move|p2a: Alucard|Earthquake|p1a: Milotic\n|-damage|p1a: Milotic|47\/100 tox\n|move|p1a: Milotic|Dragon Tail|p2a: Alucard\n|-damage|p2a: Alucard|89\/100 tox\n|drag|p2a: Trop mang\u00e9|Dragonite, F|100\/100\n|\n|-heal|p1a: Milotic|53\/100 tox|[from] item: Leftovers\n|-damage|p1a: Milotic|35\/100 tox|[from] psn\n|upkeep\n|turn|27\n|\n|t:|1700853564\n|switch|p2a: Alucard|Gliscor, M, tera:Water|89\/100 tox\n|move|p1a: Milotic|Recover|p1a: Milotic\n|-heal|p1a: Milotic|85\/100 tox\n|\n|-heal|p1a: Milotic|91\/100 tox|[from] item: Leftovers\n|-heal|p2a: Alucard|100\/100 tox|[from] ability: Poison Heal\n|-damage|p1a: Milotic|67\/100 tox|[from] psn\n|upkeep\n|turn|28\n|\n|t:|1700853576\n|switch|p1a: Decidueye|Decidueye, M|100\/100\n|-damage|p1a: Decidueye|75\/100|[from] Spikes\n|move|p2a: Alucard|Earthquake|p1a: Decidueye\n|-resisted|p1a: Decidueye\n|-damage|p1a: Decidueye|60\/100\n|\n|upkeep\n|turn|29\n|\n|t:|1700853592\n|move|p2a: Alucard|Protect|p2a: Alucard\n|-singleturn|p2a: Alucard|Protect\n|move|p1a: Decidueye|Defog|p2a: Alucard\n|-activate|p2a: Alucard|move: Protect\n|\n|upkeep\n|turn|30\n|\n|t:|1700853599\n|move|p2a: Alucard|Toxic|p1a: Decidueye\n|-status|p1a: Decidueye|tox\n|move|p1a: Decidueye|Poltergeist|p2a: Alucard\n|-activate|p2a: Alucard|move: Poltergeist|Toxic Orb\n|-damage|p2a: Alucard|62\/100 tox\n|-damage|p1a: Decidueye|50\/100 tox|[from] item: Life Orb\n|\n|-heal|p2a: Alucard|74\/100 tox|[from] ability: Poison Heal\n|-damage|p1a: Decidueye|44\/100 tox|[from] psn\n|upkeep\n|turn|31\n|\n|t:|1700853611\n|move|p2a: Alucard|Protect|p2a: Alucard\n|-singleturn|p2a: Alucard|Protect\n|move|p1a: Decidueye|Leaf Blade|p2a: Alucard\n|-activate|p2a: Alucard|move: Protect\n|\n|-heal|p2a: Alucard|86\/100 tox|[from] ability: Poison Heal\n|-damage|p1a: Decidueye|32\/100 tox|[from] psn\n|upkeep\n|turn|32\n|\n|t:|1700853622\n|switch|p2a: Hisashiburi dana|Skeledirge, M|100\/100\n|move|p1a: Decidueye|Defog|p2a: Hisashiburi dana\n|-unboost|p2a: Hisashiburi dana|evasion|1\n|-sideend|p1: Carzie|Spikes|[from] move: Defog|[of] p1a: Decidueye\n|\n|-damage|p1a: Decidueye|14\/100 tox|[from] psn\n|upkeep\n|turn|33\n|\n|t:|1700853632\n|move|p2a: Hisashiburi dana|Slack Off||[still]\n|-fail|p2a: Hisashiburi dana|heal\n|move|p1a: Decidueye|Poltergeist||[still]\n|-fail|p1a: Decidueye\n|\n|-damage|p1a: Decidueye|0 fnt|[from] psn\n|faint|p1a: Decidueye\n|upkeep\n|\n|t:|1700853646\n|switch|p1a: Milotic|Milotic, F|67\/100 tox\n|turn|34\n|\n|t:|1700853650\n|switch|p2a: Alucard|Gliscor, M, tera:Water|86\/100 tox\n|move|p1a: Milotic|Scald|p2a: Alucard\n|-resisted|p2a: Alucard\n|-damage|p2a: Alucard|70\/100 tox\n|\n|-heal|p1a: Milotic|73\/100 tox|[from] item: Leftovers\n|-heal|p2a: Alucard|82\/100 tox|[from] ability: Poison Heal\n|-damage|p1a: Milotic|67\/100 tox|[from] psn\n|upkeep\n|turn|35\n|\n|t:|1700853661\n|switch|p1a: Volcarona|Volcarona, M|29\/100 tox\n|move|p2a: Alucard|Spikes|p1a: Volcarona\n|-sidestart|p1: Carzie|Spikes\n|\n|-damage|p1a: Volcarona|23\/100 tox|[from] psn\n|-heal|p2a: Alucard|95\/100 tox|[from] ability: Poison Heal\n|upkeep\n|turn|36\n|\n|t:|1700853670\n|switch|p2a: Hisashiburi dana|Skeledirge, M|100\/100\n|move|p1a: Volcarona|Giga Drain|p2a: Hisashiburi dana\n|-resisted|p2a: Hisashiburi dana\n|-damage|p2a: Hisashiburi dana|90\/100\n|-heal|p1a: Volcarona|30\/100 tox|[from] drain|[of] p2a: Hisashiburi dana\n|\n|-damage|p1a: Volcarona|18\/100 tox|[from] psn\n|upkeep\n|turn|37\n|-message|Carzie forfeited.\n|\n|win|ImhoPitit\n|raw|Carzie's rating: 1051 &rarr; <strong>1039<\/strong><br \/>(-12 for losing)\n|raw|ImhoPitit's rating: 1160 &rarr; <strong>1177<\/strong><br \/>(+17 for winning)\n|l|\u2606Carzie\n|c|\u2606ImhoPitit|Ez\n","uploadtime":1700853686,"views":7,"p1id":"carzie","p2id":"imhopitit","formatid":"gen9ubers","rating":1039,"private":0,"password":""}