{"id":"gen9ubers-1984524255","p1":"Skotchaud","p2":"jimcf","format":"[Gen 9] Ubers","log":"|j|\u2606Skotchaud\n|j|\u2606jimcf\n|t:|1699276032\n|gametype|singles\n|player|p1|Skotchaud|noland|\n|player|p2|jimcf|170|\n|teamsize|p1|6\n|teamsize|p2|6\n|gen|9\n|tier|[Gen 9] Ubers\n|rule|Sleep Clause Mod: Limit one foe put to sleep\n|rule|Species Clause: Limit one of each Pok\u00e9mon\n|rule|OHKO Clause: OHKO moves are banned\n|rule|Evasion Items Clause: Evasion items are banned\n|rule|Evasion Moves Clause: Evasion moves are banned\n|rule|Endless Battle Clause: Forcing endless battles is banned\n|rule|HP Percentage Mod: HP is shown in percentages\n|clearpoke\n|poke|p1|Leafeon, M|\n|poke|p1|Roaring Moon|\n|poke|p1|Dondozo, F|\n|poke|p1|Torkoal, M|\n|poke|p1|Walking Wake|\n|poke|p1|Slowking-Galar, M|\n|poke|p2|Sinistcha-Masterpiece|\n|poke|p2|Jirachi|\n|poke|p2|Roaring Moon|\n|poke|p2|Greninja-*, M|\n|poke|p2|Conkeldurr, F|\n|poke|p2|Clodsire, M|\n|teampreview\n|\n|t:|1699276070\n|start\n|switch|p1a: Le m\u00e9chant|Roaring Moon, shiny|100\/100\n|switch|p2a: Clodsire|Clodsire, M|100\/100\n|-enditem|p1a: Le m\u00e9chant|Booster Energy\n|-activate|p1a: Le m\u00e9chant|ability: Protosynthesis|[fromitem]\n|-start|p1a: Le m\u00e9chant|protosynthesisspe\n|turn|1\n|\n|t:|1699276081\n|move|p1a: Le m\u00e9chant|Dragon Dance|p1a: Le m\u00e9chant\n|-boost|p1a: Le m\u00e9chant|atk|1\n|-boost|p1a: Le m\u00e9chant|spe|1\n|move|p2a: Clodsire|Poison Jab|p1a: Le m\u00e9chant\n|-damage|p1a: Le m\u00e9chant|75\/100\n|\n|upkeep\n|turn|2\n|\n|t:|1699276094\n|switch|p2a: Jirachi|Jirachi|100\/100\n|move|p1a: Le m\u00e9chant|Earthquake|p2a: Jirachi\n|-supereffective|p2a: Jirachi\n|-damage|p2a: Jirachi|0 fnt\n|faint|p2a: Jirachi\n|\n|upkeep\n|\n|t:|1699276107\n|switch|p2a: Sinistcha|Sinistcha-Masterpiece|100\/100\n|turn|3\n|\n|t:|1699276115\n|-terastallize|p2a: Sinistcha|Fairy\n|move|p1a: Le m\u00e9chant|Knock Off|p2a: Sinistcha\n|-resisted|p2a: Sinistcha\n|-damage|p2a: Sinistcha|71\/100\n|-enditem|p2a: Sinistcha|Leftovers|[from] move: Knock Off|[of] p1a: Le m\u00e9chant\n|move|p2a: Sinistcha|Strength Sap|p1a: Le m\u00e9chant\n|-unboost|p1a: Le m\u00e9chant|atk|1\n|-heal|p2a: Sinistcha|100\/100\n|\n|upkeep\n|turn|4\n|j| AyanYuli\n|\n|t:|1699276130\n|move|p1a: Le m\u00e9chant|Acrobatics|p2a: Sinistcha\n|-damage|p2a: Sinistcha|72\/100\n|move|p2a: Sinistcha|Calm Mind|p2a: Sinistcha\n|-boost|p2a: Sinistcha|spa|1\n|-boost|p2a: Sinistcha|spd|1\n|\n|upkeep\n|turn|5\n|\n|t:|1699276144\n|-end|p1a: Le m\u00e9chant|Protosynthesis|[silent]\n|switch|p1a: Chuis Chaud!|Torkoal, M|100\/100\n|-weather|SunnyDay|[from] ability: Drought|[of] p1a: Chuis Chaud!\n|move|p2a: Sinistcha|Strength Sap|p1a: Chuis Chaud!\n|-unboost|p1a: Chuis Chaud!|atk|1\n|-heal|p2a: Sinistcha|100\/100\n|\n|-weather|SunnyDay|[upkeep]\n|upkeep\n|turn|6\n|\n|t:|1699276156\n|move|p2a: Sinistcha|Calm Mind|p2a: Sinistcha\n|-boost|p2a: Sinistcha|spa|1\n|-boost|p2a: Sinistcha|spd|1\n|move|p1a: Chuis Chaud!|Yawn|p2a: Sinistcha\n|-start|p2a: Sinistcha|move: Yawn|[of] p1a: Chuis Chaud!\n|\n|-weather|SunnyDay|[upkeep]\n|upkeep\n|turn|7\n|\n|t:|1699276171\n|move|p2a: Sinistcha|Shadow Ball|p1a: Chuis Chaud!\n|-damage|p1a: Chuis Chaud!|15\/100\n|-unboost|p1a: Chuis Chaud!|spd|1\n|move|p1a: Chuis Chaud!|Yawn||[still]\n|-fail|p1a: Chuis Chaud!\n|\n|-weather|SunnyDay|[upkeep]\n|-end|p2a: Sinistcha|move: Yawn|[silent]\n|-status|p2a: Sinistcha|slp\n|upkeep\n|turn|8\n|\n|t:|1699276181\n|switch|p1a: Du hachich|Leafeon, M, shiny|100\/100\n|cant|p2a: Sinistcha|slp\n|\n|-weather|SunnyDay|[upkeep]\n|upkeep\n|turn|9\n|\n|t:|1699276188\n|move|p1a: Du hachich|Solar Blade||[still]\n|-prepare|p1a: Du hachich|Solar Blade\n|-anim|p1a: Du hachich|Solar Blade|p2a: Sinistcha\n|-damage|p2a: Sinistcha|37\/100 slp\n|cant|p2a: Sinistcha|slp\n|\n|-weather|SunnyDay|[upkeep]\n|upkeep\n|turn|10\n|\n|t:|1699276205\n|switch|p2a: Clodsire|Clodsire, M|100\/100\n|-terastallize|p1a: Du hachich|Grass\n|move|p1a: Du hachich|Solar Blade||[still]\n|-prepare|p1a: Du hachich|Solar Blade\n|-anim|p1a: Du hachich|Solar Blade|p2a: Clodsire\n|-damage|p2a: Clodsire|0 fnt\n|faint|p2a: Clodsire\n|\n|-weather|SunnyDay|[upkeep]\n|upkeep\n|\n|t:|1699276230\n|switch|p2a: Conkeldurr|Conkeldurr, F|100\/100\n|turn|11\n|\n|t:|1699276239\n|move|p1a: Du hachich|Solar Blade||[still]\n|-prepare|p1a: Du hachich|Solar Blade\n|-anim|p1a: Du hachich|Solar Blade|p2a: Conkeldurr\n|-damage|p2a: Conkeldurr|0 fnt\n|faint|p2a: Conkeldurr\n|\n|-weather|SunnyDay|[upkeep]\n|upkeep\n|\n|t:|1699276249\n|switch|p2a: Roaring Moon|Roaring Moon|100\/100\n|-activate|p2a: Roaring Moon|ability: Protosynthesis\n|-start|p2a: Roaring Moon|protosynthesisatk\n|turn|12\n|\n|t:|1699276259\n|switch|p1a: On baizz?|Dondozo, F|100\/100\n|move|p2a: Roaring Moon|Acrobatics|p1a: On baizz?\n|-damage|p1a: On baizz?|89\/100\n|\n|-weather|none\n|-end|p2a: Roaring Moon|Protosynthesis\n|-heal|p1a: On baizz?|95\/100|[from] item: Leftovers\n|upkeep\n|-enditem|p2a: Roaring Moon|Booster Energy\n|-activate|p2a: Roaring Moon|ability: Protosynthesis|[fromitem]\n|-start|p2a: Roaring Moon|protosynthesisatk\n|turn|13\n|\n|t:|1699276271\n|move|p2a: Roaring Moon|Dragon Dance|p2a: Roaring Moon\n|-boost|p2a: Roaring Moon|atk|1\n|-boost|p2a: Roaring Moon|spe|1\n|move|p1a: On baizz?|Liquidation|p2a: Roaring Moon\n|-resisted|p2a: Roaring Moon\n|-damage|p2a: Roaring Moon|82\/100\n|\n|-heal|p1a: On baizz?|100\/100|[from] item: Leftovers\n|upkeep\n|turn|14\n|j| Frenchtinman\n|\n|t:|1699276280\n|move|p2a: Roaring Moon|Dragon Dance|p2a: Roaring Moon\n|-boost|p2a: Roaring Moon|atk|1\n|-boost|p2a: Roaring Moon|spe|1\n|move|p1a: On baizz?|Curse|p1a: On baizz?\n|-unboost|p1a: On baizz?|spe|1\n|-boost|p1a: On baizz?|atk|1\n|-boost|p1a: On baizz?|def|1\n|\n|upkeep\n|turn|15\n|\n|t:|1699276289\n|move|p1a: On baizz?|Body Press|p2a: Roaring Moon\n|-supereffective|p2a: Roaring Moon\n|-crit|p2a: Roaring Moon\n|-damage|p2a: Roaring Moon|0 fnt\n|faint|p2a: Roaring Moon\n|-end|p2a: Roaring Moon|Protosynthesis|[silent]\n|\n|upkeep\n|\n|t:|1699276312\n|switch|p2a: Greninja|Greninja, M|100\/100\n|turn|16\n|\n|t:|1699276317\n|move|p2a: Greninja|Grass Knot|p1a: On baizz?\n|-supereffective|p1a: On baizz?\n|-damage|p1a: On baizz?|11\/100\n|move|p1a: On baizz?|Body Press|p2a: Greninja\n|-supereffective|p2a: Greninja\n|-damage|p2a: Greninja|0 fnt\n|faint|p2a: Greninja\n|\n|-heal|p1a: On baizz?|18\/100|[from] item: Leftovers\n|upkeep\n|-message|jimcf forfeited.\n|\n|win|Skotchaud\n|l|\u2606jimcf\n","uploadtime":1699276331,"views":4,"p1id":"skotchaud","p2id":"jimcf","formatid":"gen9ubers","rating":0,"private":0,"password":""}