{"id":"gen9ubers-1976329606","p1":"kiemoe","p2":"Meekmillee","format":"[Gen 9] Ubers","log":"|j|\u2606kiemoe\n|j|\u2606Meekmillee\n|t:|1698287345\n|gametype|singles\n|player|p1|kiemoe|169|\n|player|p2|Meekmillee|pokemonranger-gen4|\n|teamsize|p1|6\n|teamsize|p2|6\n|gen|9\n|tier|[Gen 9] Ubers\n|rule|Sleep Clause Mod: Limit one foe put to sleep\n|rule|Species Clause: Limit one of each Pok\u00e9mon\n|rule|OHKO Clause: OHKO moves are banned\n|rule|Evasion Items Clause: Evasion items are banned\n|rule|Evasion Moves Clause: Evasion moves are banned\n|rule|Endless Battle Clause: Forcing endless battles is banned\n|rule|HP Percentage Mod: HP is shown in percentages\n|clearpoke\n|poke|p1|Landorus-Therian, M|\n|poke|p1|Gholdengo|\n|poke|p1|Houndstone, F|\n|poke|p1|Hippowdon, M|\n|poke|p1|Garchomp, F|\n|poke|p1|Grimmsnarl, M|\n|poke|p2|Chansey, F|\n|poke|p2|Cinderace, F|\n|poke|p2|Samurott-Hisui, F|\n|poke|p2|Mewtwo|\n|poke|p2|Goodra-Hisui, M|\n|poke|p2|Rillaboom, F|\n|teampreview\n|inactive|Battle timer is ON: inactive players will automatically lose when time's up. (requested by Meekmillee)\n|inactiveoff|Battle timer is now OFF.\n|j| Du-Gi-Oh\n|j| Haymaker92\n|c| Haymaker92|gl gl\n|j| seanbonjoviii\n|c|\u2606Meekmillee|Gl gl\n|c|\u2606kiemoe|glgl\n|c|\u2606Meekmillee|Stream gang we good?\n|c| Du-Gi-Oh|we good commence\n|c|\u2606Meekmillee|Dope dope\n|\n|t:|1698287424\n|start\n|switch|p1a: Grimmsnarl|Grimmsnarl, M|100\/100\n|switch|p2a: Goodra|Goodra-Hisui, M, shiny|100\/100\n|turn|1\n|\n|t:|1698287453\n|move|p1a: Grimmsnarl|Spirit Break|p2a: Goodra\n|-damage|p2a: Goodra|73\/100\n|-unboost|p2a: Goodra|spa|1\n|-ability|p2a: Goodra|Gooey\n|-unboost|p1a: Grimmsnarl|spe|1\n|move|p2a: Goodra|Acid Armor|p2a: Goodra\n|-boost|p2a: Goodra|def|2\n|\n|-heal|p2a: Goodra|79\/100|[from] item: Leftovers\n|upkeep\n|turn|2\n|\n|t:|1698287470\n|move|p1a: Grimmsnarl|Parting Shot|p2a: Goodra\n|-unboost|p2a: Goodra|atk|1\n|-unboost|p2a: Goodra|spa|1\n|\n|t:|1698287474\n|switch|p1a: Landorus|Landorus-Therian, M|100\/100|[from] Parting Shot\n|-ability|p1a: Landorus|Intimidate|boost\n|-unboost|p2a: Goodra|atk|1\n|move|p2a: Goodra|Acid Armor|p2a: Goodra\n|-boost|p2a: Goodra|def|2\n|\n|-heal|p2a: Goodra|85\/100|[from] item: Leftovers\n|upkeep\n|turn|3\n|\n|t:|1698287486\n|move|p1a: Landorus|Earthquake|p2a: Goodra\n|-supereffective|p2a: Goodra\n|-damage|p2a: Goodra|46\/100\n|move|p2a: Goodra|Body Press|p1a: Landorus\n|-resisted|p1a: Landorus\n|-damage|p1a: Landorus|70\/100\n|\n|-heal|p2a: Goodra|52\/100|[from] item: Leftovers\n|upkeep\n|turn|4\n|\n|t:|1698287518\n|move|p1a: Landorus|Earthquake|p2a: Goodra\n|-supereffective|p2a: Goodra\n|-damage|p2a: Goodra|9\/100\n|move|p2a: Goodra|Iron Head|p1a: Landorus\n|-damage|p1a: Landorus|47\/100\n|\n|-heal|p2a: Goodra|15\/100|[from] item: Leftovers\n|upkeep\n|turn|5\n|\n|t:|1698287527\n|move|p1a: Landorus|Earthquake|p2a: Goodra\n|-supereffective|p2a: Goodra\n|-damage|p2a: Goodra|0 fnt\n|faint|p2a: Goodra\n|\n|upkeep\n|\n|t:|1698287537\n|switch|p2a: Rillaboom|Rillaboom, F|100\/100\n|-fieldstart|move: Grassy Terrain|[from] ability: Grassy Surge|[of] p2a: Rillaboom\n|-enditem|p2a: Rillaboom|Grassy Seed\n|-boost|p2a: Rillaboom|def|1|[from] item: Grassy Seed\n|turn|6\n|\n|t:|1698287573\n|switch|p1a: Grimmsnarl|Grimmsnarl, M|100\/100\n|move|p2a: Rillaboom|Knock Off|p1a: Grimmsnarl\n|-resisted|p1a: Grimmsnarl\n|-damage|p1a: Grimmsnarl|90\/100\n|-enditem|p1a: Grimmsnarl|Light Clay|[from] move: Knock Off|[of] p2a: Rillaboom\n|\n|-heal|p1a: Grimmsnarl|96\/100|[from] Grassy Terrain\n|upkeep\n|turn|7\n|\n|t:|1698287584\n|move|p1a: Grimmsnarl|Reflect|p1a: Grimmsnarl\n|-sidestart|p1: kiemoe|Reflect\n|move|p2a: Rillaboom|Drum Beating|p1a: Grimmsnarl\n|-crit|p1a: Grimmsnarl\n|-damage|p1a: Grimmsnarl|0 fnt\n|faint|p1a: Grimmsnarl\n|\n|upkeep\n|\n|t:|1698287637\n|switch|p1a: Landorus|Landorus-Therian, M|47\/100\n|-ability|p1a: Landorus|Intimidate|boost\n|-unboost|p2a: Rillaboom|atk|1\n|turn|8\n|\n|t:|1698287643\n|switch|p2a: Samurott|Samurott-Hisui, F, shiny|100\/100\n|-terastallize|p1a: Landorus|Flying\n|move|p1a: Landorus|Tera Blast|p2a: Samurott|[anim] Tera Blast Flying\n|-damage|p2a: Samurott|16\/100\n|\n|-heal|p2a: Samurott|22\/100|[from] Grassy Terrain\n|upkeep\n|turn|9\n|\n|t:|1698287658\n|switch|p2a: Chansey|Chansey, F, shiny|100\/100\n|move|p1a: Landorus|Tera Blast|p2a: Chansey|[anim] Tera Blast Flying\n|-damage|p2a: Chansey|57\/100\n|\n|-heal|p2a: Chansey|63\/100|[from] Grassy Terrain\n|upkeep\n|turn|10\n|\n|t:|1698287665\n|move|p1a: Landorus|Tera Blast|p2a: Chansey|[anim] Tera Blast Flying\n|-damage|p2a: Chansey|23\/100\n|move|p2a: Chansey|Stealth Rock|p1a: Landorus\n|-sidestart|p1: kiemoe|move: Stealth Rock\n|\n|-heal|p2a: Chansey|29\/100|[from] Grassy Terrain\n|-fieldend|move: Grassy Terrain\n|upkeep\n|turn|11\n|\n|t:|1698287671\n|move|p1a: Landorus|Tera Blast|p2a: Chansey|[anim] Tera Blast Flying\n|-damage|p2a: Chansey|0 fnt\n|faint|p2a: Chansey\n|\n|-sideend|p1: kiemoe|Reflect\n|upkeep\n|\n|t:|1698287676\n|switch|p2a: Cinderace|Cinderace, F, shiny|100\/100\n|turn|12\n|\n|t:|1698287698\n|switch|p1a: Garchomp|Garchomp, F|100\/100\n|-damage|p1a: Garchomp|94\/100|[from] Stealth Rock\n|move|p2a: Cinderace|U-turn|p1a: Garchomp\n|-start|p2a: Cinderace|typechange|Bug|[from] ability: Libero\n|-damage|p1a: Garchomp|51\/100\n|-damage|p2a: Cinderace|88\/100|[from] ability: Rough Skin|[of] p1a: Garchomp\n|\n|t:|1698287709\n|switch|p2a: Mewtwo|Mewtwo, shiny|100\/100|[from] U-turn\n|-ability|p2a: Mewtwo|Pressure\n|\n|upkeep\n|turn|13\n|\n|t:|1698287762\n|switch|p1a: Gholdengo|Gholdengo|100\/100\n|-damage|p1a: Gholdengo|94\/100|[from] Stealth Rock\n|move|p2a: Mewtwo|Psystrike|p1a: Gholdengo\n|-resisted|p1a: Gholdengo\n|-damage|p1a: Gholdengo|66\/100\n|\n|upkeep\n|turn|14\n|\n|t:|1698287809\n|switch|p2a: Rillaboom|Rillaboom, F|100\/100\n|-fieldstart|move: Grassy Terrain|[from] ability: Grassy Surge|[of] p2a: Rillaboom\n|move|p1a: Gholdengo|Recover|p1a: Gholdengo\n|-heal|p1a: Gholdengo|100\/100\n|\n|upkeep\n|turn|15\n|\n|t:|1698287849\n|move|p2a: Rillaboom|Knock Off|p1a: Gholdengo\n|-supereffective|p1a: Gholdengo\n|-crit|p1a: Gholdengo\n|-damage|p1a: Gholdengo|1\/100\n|-enditem|p1a: Gholdengo|White Herb|[from] move: Knock Off|[of] p2a: Rillaboom\n|move|p1a: Gholdengo|Make It Rain|p2a: Rillaboom\n|-damage|p2a: Rillaboom|0 fnt\n|-unboost|p1a: Gholdengo|spa|1\n|faint|p2a: Rillaboom\n|\n|-heal|p1a: Gholdengo|7\/100|[from] Grassy Terrain\n|upkeep\n|\n|t:|1698287873\n|switch|p2a: Samurott|Samurott-Hisui, F, shiny|22\/100\n|turn|16\n|\n|t:|1698287887\n|move|p2a: Samurott|Ceaseless Edge|p1a: Gholdengo\n|-supereffective|p1a: Gholdengo\n|-damage|p1a: Gholdengo|0 fnt\n|-sidestart|p1: kiemoe|Spikes\n|faint|p1a: Gholdengo\n|\n|-heal|p2a: Samurott|28\/100|[from] Grassy Terrain\n|upkeep\n|\n|t:|1698287896\n|switch|p1a: Landorus|Landorus-Therian, M, tera:Flying|47\/100\n|-damage|p1a: Landorus|22\/100|[from] Stealth Rock\n|-ability|p1a: Landorus|Intimidate|boost\n|-unboost|p2a: Samurott|atk|1\n|turn|17\n|\n|t:|1698287948\n|move|p1a: Landorus|Tera Blast|p2a: Samurott|[anim] Tera Blast Flying\n|-damage|p2a: Samurott|0 fnt\n|faint|p2a: Samurott\n|\n|upkeep\n|\n|t:|1698287957\n|switch|p2a: Cinderace|Cinderace, F, shiny|88\/100\n|turn|18\n|\n|t:|1698287962\n|move|p1a: Landorus|Tera Blast|p2a: Cinderace|[anim] Tera Blast Flying\n|-damage|p2a: Cinderace|0 fnt\n|faint|p2a: Cinderace\n|\n|-fieldend|move: Grassy Terrain\n|upkeep\n|\n|t:|1698287965\n|switch|p2a: Mewtwo|Mewtwo, shiny|100\/100\n|-ability|p2a: Mewtwo|Pressure\n|turn|19\n|\n|t:|1698287970\n|move|p2a: Mewtwo|Psystrike|p1a: Landorus\n|-damage|p1a: Landorus|0 fnt\n|faint|p1a: Landorus\n|\n|upkeep\n|\n|t:|1698287983\n|switch|p1a: Hippowdon|Hippowdon, M|100\/100\n|-damage|p1a: Hippowdon|94\/100|[from] Stealth Rock\n|-damage|p1a: Hippowdon|82\/100|[from] Spikes\n|-weather|Sandstorm|[from] ability: Sand Stream|[of] p1a: Hippowdon\n|turn|20\n|\n|t:|1698288036\n|-terastallize|p2a: Mewtwo|Normal\n|move|p2a: Mewtwo|Psychic|p1a: Hippowdon\n|-damage|p1a: Hippowdon|30\/100\n|move|p1a: Hippowdon|Earthquake|p2a: Mewtwo\n|-damage|p2a: Mewtwo|57\/100\n|\n|-weather|Sandstorm|[upkeep]\n|-damage|p2a: Mewtwo|51\/100|[from] Sandstorm\n|upkeep\n|turn|21\n|\n|t:|1698288049\n|move|p2a: Mewtwo|Ice Beam|p1a: Hippowdon\n|-supereffective|p1a: Hippowdon\n|-damage|p1a: Hippowdon|0 fnt\n|faint|p1a: Hippowdon\n|\n|-weather|Sandstorm|[upkeep]\n|-damage|p2a: Mewtwo|44\/100|[from] Sandstorm\n|upkeep\n|\n|t:|1698288057\n|switch|p1a: Garchomp|Garchomp, F|51\/100\n|-damage|p1a: Garchomp|45\/100|[from] Stealth Rock\n|-damage|p1a: Garchomp|33\/100|[from] Spikes\n|turn|22\n|\n|t:|1698288068\n|move|p2a: Mewtwo|Ice Beam|p1a: Garchomp\n|-supereffective|p1a: Garchomp\n|-damage|p1a: Garchomp|0 fnt\n|faint|p1a: Garchomp\n|\n|-weather|Sandstorm|[upkeep]\n|-damage|p2a: Mewtwo|38\/100|[from] Sandstorm\n|upkeep\n|\n|t:|1698288075\n|switch|p1a: Houndstone|Houndstone, F|100\/100\n|-damage|p1a: Houndstone|88\/100|[from] Stealth Rock\n|-damage|p1a: Houndstone|76\/100|[from] Spikes\n|turn|23\n|\n|t:|1698288110\n|move|p1a: Houndstone|Body Press|p2a: Mewtwo\n|-supereffective|p2a: Mewtwo\n|-damage|p2a: Mewtwo|0 fnt\n|faint|p2a: Mewtwo\n|\n|win|kiemoe\n|c|\u2606Meekmillee|Ggs\n|c|\u2606kiemoe|ggwp\n|c| Haymaker92|ggs\n","uploadtime":1698288126,"views":17,"p1id":"kiemoe","p2id":"meekmillee","formatid":"gen9ubers","rating":0,"private":0,"password":""}