{"id":"gen9ubers-1981593384","p1":"Ciscork","p2":"aloktheloser","format":"[Gen 9] Ubers","log":"|j|\u2606Ciscork\n|j|\u2606aloktheloser\n|t:|1698923477\n|gametype|singles\n|player|p1|Ciscork|169|1057\n|player|p2|aloktheloser|swimmer-gen4dp|1000\n|teamsize|p1|6\n|teamsize|p2|6\n|gen|9\n|tier|[Gen 9] Ubers\n|rated|\n|rule|Sleep Clause Mod: Limit one foe put to sleep\n|rule|Species Clause: Limit one of each Pok\u00e9mon\n|rule|OHKO Clause: OHKO moves are banned\n|rule|Evasion Items Clause: Evasion items are banned\n|rule|Evasion Moves Clause: Evasion moves are banned\n|rule|Endless Battle Clause: Forcing endless battles is banned\n|rule|HP Percentage Mod: HP is shown in percentages\n|clearpoke\n|poke|p1|Sneasler, F|\n|poke|p1|Dragapult, M|\n|poke|p1|Quaquaval, F|\n|poke|p1|Glimmora, M|\n|poke|p1|Roaring Moon|\n|poke|p1|Gholdengo|\n|poke|p2|Corviknight, M|\n|poke|p2|Ting-Lu|\n|poke|p2|Dachsbun, M|\n|poke|p2|Iron Treads|\n|poke|p2|Miraidon|\n|poke|p2|Palafin, M|\n|teampreview\n|\n|t:|1698923480\n|start\n|switch|p1a: Sneasler|Sneasler, F, shiny|100\/100\n|switch|p2a: TIM ALLEN|Palafin, M|100\/100\n|turn|1\n|\n|t:|1698923492\n|move|p1a: Sneasler|U-turn|p2a: TIM ALLEN\n|-damage|p2a: TIM ALLEN|53\/100\n|\n|t:|1698923495\n|switch|p1a: Glimmora|Glimmora, M, shiny|100\/100|[from] U-turn\n|move|p2a: TIM ALLEN|Zen Headbutt|p1a: Glimmora\n|-supereffective|p1a: Glimmora\n|-damage|p1a: Glimmora|31\/100\n|-activate|p1a: Glimmora|ability: Toxic Debris\n|-sidestart|p2: aloktheloser|move: Toxic Spikes\n|\n|upkeep\n|turn|2\n|\n|t:|1698923509\n|move|p2a: TIM ALLEN|Zen Headbutt|p1a: Glimmora\n|-supereffective|p1a: Glimmora\n|-damage|p1a: Glimmora|0 fnt\n|-activate|p1a: Glimmora|ability: Toxic Debris\n|-sidestart|p2: aloktheloser|move: Toxic Spikes\n|faint|p1a: Glimmora\n|\n|upkeep\n|\n|t:|1698923520\n|switch|p1a: Sneasler|Sneasler, F, shiny|100\/100\n|turn|3\n|\n|t:|1698923531\n|detailschange|p2a: TIM ALLEN|Palafin-Hero, M\n|switch|p2a: Iron Treads|Iron Treads|100\/100\n|move|p1a: Sneasler|U-turn|p2a: Iron Treads\n|-resisted|p2a: Iron Treads\n|-damage|p2a: Iron Treads|86\/100\n|\n|t:|1698923541\n|switch|p1a: Quaquaval|Quaquaval, F, shiny|100\/100|[from] U-turn\n|\n|-heal|p2a: Iron Treads|92\/100|[from] item: Leftovers\n|upkeep\n|turn|4\n|\n|t:|1698923549\n|move|p1a: Quaquaval|Aqua Step|p2a: Iron Treads\n|-supereffective|p2a: Iron Treads\n|-damage|p2a: Iron Treads|27\/100\n|-boost|p1a: Quaquaval|spe|1\n|move|p2a: Iron Treads|Rapid Spin|p1a: Quaquaval\n|-damage|p1a: Quaquaval|83\/100\n|-boost|p2a: Iron Treads|spe|1\n|-sideend|p2: aloktheloser|Toxic Spikes|[from] move: Rapid Spin|[of] p2a: Iron Treads\n|\n|-heal|p2a: Iron Treads|33\/100|[from] item: Leftovers\n|upkeep\n|turn|5\n|\n|t:|1698923565\n|move|p1a: Quaquaval|Aqua Step|p2a: Iron Treads\n|-supereffective|p2a: Iron Treads\n|-damage|p2a: Iron Treads|0 fnt\n|-boost|p1a: Quaquaval|spe|1\n|faint|p2a: Iron Treads\n|-end|p2a: Iron Treads|Quark Drive|[silent]\n|-ability|p1a: Quaquaval|Moxie|boost\n|-boost|p1a: Quaquaval|atk|1\n|\n|upkeep\n|\n|t:|1698923579\n|switch|p2a: TIM ALLEN|Palafin-Hero, M|53\/100\n|-activate|p2a: TIM ALLEN|ability: Zero to Hero\n|turn|6\n|\n|t:|1698923586\n|-terastallize|p1a: Quaquaval|Electric\n|move|p1a: Quaquaval|Tera Blast|p2a: TIM ALLEN|[anim] Tera Blast Electric\n|-supereffective|p2a: TIM ALLEN\n|-damage|p2a: TIM ALLEN|0 fnt\n|faint|p2a: TIM ALLEN\n|-ability|p1a: Quaquaval|Moxie|boost\n|-boost|p1a: Quaquaval|atk|1\n|\n|upkeep\n|\n|t:|1698923599\n|switch|p2a: Corviknight|Corviknight, M|100\/100\n|turn|7\n|\n|t:|1698923607\n|move|p1a: Quaquaval|Tera Blast|p2a: Corviknight|[anim] Tera Blast Electric\n|-supereffective|p2a: Corviknight\n|-damage|p2a: Corviknight|0 fnt\n|faint|p2a: Corviknight\n|-ability|p1a: Quaquaval|Moxie|boost\n|-boost|p1a: Quaquaval|atk|1\n|\n|upkeep\n|-message|aloktheloser forfeited.\n|\n|win|Ciscork\n|raw|Ciscork's rating: 1057 &rarr; <strong>1083<\/strong><br \/>(+26 for winning)\n|raw|aloktheloser's rating: 1000 &rarr; <strong>1000<\/strong><br \/>(+0 for losing)\n|l|\u2606aloktheloser\n","uploadtime":1698923620,"views":8,"p1id":"ciscork","p2id":"aloktheloser","formatid":"gen9ubers","rating":1000,"private":0,"password":""}