{"id":"gen9ubers-1989855228","p1":"Kuarnir","p2":"Lidianimel","format":"[Gen 9] Ubers","log":"|j|\u2606Kuarnir\n|j|\u2606Lidianimel\n|t:|1699901349\n|gametype|singles\n|player|p1|Kuarnir|gentleman-gen4dp|1079\n|player|p2|Lidianimel|169|1024\n|teamsize|p1|6\n|teamsize|p2|6\n|gen|9\n|tier|[Gen 9] Ubers\n|rated|\n|rule|Sleep Clause Mod: Limit one foe put to sleep\n|rule|Species Clause: Limit one of each Pok\u00e9mon\n|rule|OHKO Clause: OHKO moves are banned\n|rule|Evasion Items Clause: Evasion items are banned\n|rule|Evasion Moves Clause: Evasion moves are banned\n|rule|Endless Battle Clause: Forcing endless battles is banned\n|rule|HP Percentage Mod: HP is shown in percentages\n|clearpoke\n|poke|p1|Mightyena, M|\n|poke|p1|Bronzong|\n|poke|p1|Golem-Alola, F|\n|poke|p1|Arcanine-Hisui, M|\n|poke|p1|Breloom, M|\n|poke|p1|Azumarill, F|\n|poke|p2|Arceus-Ice|\n|poke|p2|Sneasler, M|\n|poke|p2|Espathra, M|\n|poke|p2|Greninja-*, F|\n|poke|p2|Camerupt, F|\n|poke|p2|Avalugg-Hisui, F|\n|teampreview\n|\n|t:|1699901356\n|start\n|switch|p1a: Azumarill|Azumarill, F|100\/100\n|switch|p2a: Espathra|Espathra, M|100\/100\n|turn|1\n|\n|t:|1699901373\n|switch|p2a: Sneasler|Sneasler, M|100\/100\n|move|p1a: Azumarill|Belly Drum|p1a: Azumarill\n|-damage|p1a: Azumarill|50\/100\n|-setboost|p1a: Azumarill|atk|6|[from] move: Belly Drum\n|-enditem|p1a: Azumarill|Sitrus Berry|[eat]\n|-heal|p1a: Azumarill|75\/100|[from] item: Sitrus Berry\n|\n|upkeep\n|turn|2\n|\n|t:|1699901384\n|move|p2a: Sneasler|Poison Jab|p1a: Azumarill\n|-supereffective|p1a: Azumarill\n|-damage|p1a: Azumarill|0 fnt\n|faint|p1a: Azumarill\n|\n|upkeep\n|\n|t:|1699901393\n|switch|p1a: Bronzong|Bronzong, shiny|100\/100\n|turn|3\n|\n|t:|1699901397\n|-singleturn|p2a: Sneasler|move: Focus Punch\n|move|p1a: Bronzong|Future Sight|p2a: Sneasler\n|-start|p1a: Bronzong|move: Future Sight\n|move|p2a: Sneasler|Focus Punch|p1a: Bronzong\n|-crit|p1a: Bronzong\n|-damage|p1a: Bronzong|0 fnt\n|faint|p1a: Bronzong\n|\n|upkeep\n|\n|t:|1699901416\n|switch|p1a: Breloom|Breloom, M|100\/100\n|turn|4\n|\n|t:|1699901420\n|move|p2a: Sneasler|Poison Jab|p1a: Breloom\n|-supereffective|p1a: Breloom\n|-damage|p1a: Breloom|28\/100\n|-status|p1a: Breloom|psn\n|move|p1a: Breloom|Bulk Up|p1a: Breloom\n|-boost|p1a: Breloom|atk|1\n|-boost|p1a: Breloom|def|1\n|\n|-heal|p1a: Breloom|41\/100 psn|[from] ability: Poison Heal\n|upkeep\n|turn|5\n|\n|t:|1699901436\n|move|p2a: Sneasler|Poison Jab|p1a: Breloom\n|-supereffective|p1a: Breloom\n|-damage|p1a: Breloom|0 fnt\n|faint|p1a: Breloom\n|\n|-end|p2a: Sneasler|move: Future Sight\n|-supereffective|p2a: Sneasler\n|-damage|p2a: Sneasler|0 fnt\n|faint|p2a: Sneasler\n|upkeep\n|\n|t:|1699901452\n|switch|p2a: Espathra|Espathra, M|100\/100\n|switch|p1a: Arcanine|Arcanine-Hisui, M|100\/100\n|turn|6\n|\n|t:|1699901465\n|switch|p2a: Greninja|Greninja, F|100\/100\n|move|p1a: Arcanine|Head Smash|p2a: Greninja\n|-damage|p2a: Greninja|0 fnt\n|faint|p2a: Greninja\n|\n|upkeep\n|\n|t:|1699901472\n|switch|p2a: Camerupt|Camerupt, F|100\/100\n|turn|7\n|\n|t:|1699901495\n|-terastallize|p1a: Arcanine|Ghost\n|move|p1a: Arcanine|Head Smash|p2a: Camerupt\n|-damage|p2a: Camerupt|0 fnt\n|faint|p2a: Camerupt\n|\n|upkeep\n|\n|t:|1699901507\n|switch|p2a: Arceus|Arceus-Ice|100\/100\n|turn|8\n|\n|t:|1699901514\n|move|p2a: Arceus|Extreme Speed|p1a: Arcanine\n|-immune|p1a: Arcanine\n|move|p1a: Arcanine|Flare Blitz|p2a: Arceus\n|-supereffective|p2a: Arceus\n|-damage|p2a: Arceus|19\/100\n|\n|upkeep\n|turn|9\n|c|\u2606Lidianimel|...\n|c|\u2606Lidianimel|Did not just misscklick that.\n|c|\u2606Lidianimel|Please tell me that didn\u2019t happen.\n|c|\u2606Lidianimel|Please tell me I didn\u2019t missclick.\n|c|\u2606Lidianimel|...\n|c|\u2606Lidianimel|God, of course I did.\n|\n|t:|1699901562\n|move|p1a: Arcanine|Extreme Speed|p2a: Arceus\n|-damage|p2a: Arceus|1\/100\n|move|p2a: Arceus|Ice Beam|p1a: Arcanine\n|-damage|p1a: Arcanine|33\/100\n|\n|upkeep\n|turn|10\n|\n|t:|1699901571\n|move|p1a: Arcanine|Extreme Speed|p2a: Arceus\n|-damage|p2a: Arceus|0 fnt\n|faint|p2a: Arceus\n|\n|upkeep\n|\n|t:|1699901577\n|switch|p2a: Espathra|Espathra, M|100\/100\n|turn|11\n|\n|t:|1699901581\n|move|p2a: Espathra|Light Screen|p2a: Espathra\n|-sidestart|p2: Lidianimel|move: Light Screen\n|move|p1a: Arcanine|Head Smash|p2a: Espathra|[miss]\n|-miss|p1a: Arcanine|p2a: Espathra\n|\n|-ability|p2a: Espathra|Speed Boost|boost\n|-boost|p2a: Espathra|spe|1\n|upkeep\n|turn|12\n|\n|t:|1699901592\n|move|p2a: Espathra|Brave Bird|p1a: Arcanine\n|-damage|p1a: Arcanine|0 fnt\n|faint|p1a: Arcanine\n|-damage|p2a: Espathra|90\/100|[from] Recoil\n|\n|-ability|p2a: Espathra|Speed Boost|boost\n|-boost|p2a: Espathra|spe|1\n|upkeep\n|\n|t:|1699901602\n|switch|p1a: Mightyena|Mightyena, M|100\/100\n|turn|13\n|\n|t:|1699901606\n|move|p2a: Espathra|Pounce|p1a: Mightyena\n|-supereffective|p1a: Mightyena\n|-damage|p1a: Mightyena|60\/100\n|-unboost|p1a: Mightyena|spe|1\n|move|p1a: Mightyena|Taunt|p2a: Espathra\n|-start|p2a: Espathra|move: Taunt\n|\n|-ability|p2a: Espathra|Speed Boost|boost\n|-boost|p2a: Espathra|spe|1\n|upkeep\n|turn|14\n|\n|t:|1699901617\n|move|p1a: Mightyena|Sucker Punch|p2a: Espathra\n|-supereffective|p2a: Espathra\n|-damage|p2a: Espathra|0 fnt\n|faint|p2a: Espathra\n|-ability|p1a: Mightyena|Moxie|boost\n|-boost|p1a: Mightyena|atk|1\n|\n|upkeep\n|\n|t:|1699901623\n|switch|p2a: Avalugg|Avalugg-Hisui, F|100\/100\n|turn|15\n|\n|t:|1699901641\n|move|p2a: Avalugg|Protect|p2a: Avalugg\n|-singleturn|p2a: Avalugg|Protect\n|move|p1a: Mightyena|Foul Play|p2a: Avalugg\n|-activate|p2a: Avalugg|move: Protect\n|\n|-sideend|p2: Lidianimel|move: Light Screen\n|upkeep\n|turn|16\n|\n|t:|1699901655\n|move|p1a: Mightyena|Foul Play|p2a: Avalugg\n|-damage|p2a: Avalugg|81\/100\n|move|p2a: Avalugg|Avalanche|p1a: Mightyena\n|-damage|p1a: Mightyena|0 fnt\n|faint|p1a: Mightyena\n|\n|upkeep\n|\n|t:|1699901663\n|switch|p1a: Golem|Golem-Alola, F, shiny|100\/100\n|turn|17\n|\n|t:|1699901666\n|move|p2a: Avalugg|Protect|p2a: Avalugg\n|-singleturn|p2a: Avalugg|Protect\n|move|p1a: Golem|Brick Break|p2a: Avalugg\n|-activate|p2a: Avalugg|move: Protect\n|\n|upkeep\n|turn|18\n|\n|t:|1699901677\n|-terastallize|p2a: Avalugg|Psychic\n|move|p1a: Golem|Brick Break|p2a: Avalugg\n|-resisted|p2a: Avalugg\n|-damage|p2a: Avalugg|74\/100\n|move|p2a: Avalugg|Avalanche|p1a: Golem\n|-damage|p1a: Golem|59\/100\n|\n|upkeep\n|turn|19\n|\n|t:|1699901686\n|move|p2a: Avalugg|Protect|p2a: Avalugg\n|-singleturn|p2a: Avalugg|Protect\n|move|p1a: Golem|Stone Edge|p2a: Avalugg\n|-activate|p2a: Avalugg|move: Protect\n|\n|upkeep\n|turn|20\n|\n|t:|1699901693\n|move|p1a: Golem|Stone Edge|p2a: Avalugg\n|-damage|p2a: Avalugg|47\/100\n|-enditem|p2a: Avalugg|Sitrus Berry|[eat]\n|-heal|p2a: Avalugg|72\/100|[from] item: Sitrus Berry\n|move|p2a: Avalugg|Avalanche|p1a: Golem\n|-damage|p1a: Golem|18\/100\n|\n|upkeep\n|turn|21\n|\n|t:|1699901702\n|move|p2a: Avalugg|Protect|p2a: Avalugg\n|-singleturn|p2a: Avalugg|Protect\n|move|p1a: Golem|Explosion|p2a: Avalugg\n|-activate|p2a: Avalugg|move: Protect\n|faint|p1a: Golem\n|\n|win|Lidianimel\n|raw|Kuarnir's rating: 1079 &rarr; <strong>1054<\/strong><br \/>(-25 for losing)\n|raw|Lidianimel's rating: 1024 &rarr; <strong>1066<\/strong><br \/>(+42 for winning)\n","uploadtime":1699901712,"views":13,"p1id":"kuarnir","p2id":"lidianimel","formatid":"gen9ubers","rating":1054,"private":0,"password":""}