{"id":"gen9ubers-1971660193","p1":"Bikey5600","p2":"Sea_Anenome33","format":"[Gen 9] Ubers","log":"|j|\u2606Bikey5600\n|j|\u2606Sea_Anenome33\n|t:|1697758264\n|gametype|singles\n|player|p1|Bikey5600|backpacker|\n|player|p2|Sea_Anenome33|102|\n|teamsize|p1|6\n|teamsize|p2|6\n|gen|9\n|tier|[Gen 9] Ubers\n|rule|Sleep Clause Mod: Limit one foe put to sleep\n|rule|Species Clause: Limit one of each Pok\u00e9mon\n|rule|OHKO Clause: OHKO moves are banned\n|rule|Evasion Items Clause: Evasion items are banned\n|rule|Evasion Moves Clause: Evasion moves are banned\n|rule|Endless Battle Clause: Forcing endless battles is banned\n|rule|HP Percentage Mod: HP is shown in percentages\n|clearpoke\n|poke|p1|Rayquaza|\n|poke|p1|Clodsire, M|\n|poke|p1|Gliscor, M|\n|poke|p1|Chandelure, F|\n|poke|p1|Great Tusk|\n|poke|p1|Diancie|\n|poke|p2|Scyther, M|\n|poke|p2|Vikavolt, M|\n|poke|p2|Volcarona, F|\n|poke|p2|Forretress, F|\n|poke|p2|Masquerain, F|\n|poke|p2|Lokix, F|\n|teampreview\n|\n|t:|1697758282\n|start\n|switch|p1a: scoprion|Gliscor, M|100\/100\n|switch|p2a: Scyther|Scyther, M, shiny|100\/100\n|turn|1\n|\n|t:|1697758291\n|move|p2a: Scyther|Tailwind|p2a: Scyther\n|-sidestart|p2: Sea_Anenome33|move: Tailwind\n|move|p1a: scoprion|Stealth Rock|p2a: Scyther\n|-sidestart|p2: Sea_Anenome33|move: Stealth Rock\n|\n|-status|p1a: scoprion|tox|[from] item: Toxic Orb\n|upkeep\n|turn|2\n|\n|t:|1697758316\n|move|p2a: Scyther|Swords Dance|p2a: Scyther\n|-boost|p2a: Scyther|atk|2\n|move|p1a: scoprion|Rock Slide|p2a: Scyther\n|-supereffective|p2a: Scyther\n|-damage|p2a: Scyther|35\/100\n|\n|upkeep\n|turn|3\n|\n|t:|1697758322\n|move|p2a: Scyther|U-turn|p1a: scoprion\n|-resisted|p1a: scoprion\n|-damage|p1a: scoprion|80\/100 tox\n|\n|t:|1697758326\n|switch|p2a: Forretress|Forretress, F|100\/100|[from] U-turn\n|-damage|p2a: Forretress|88\/100|[from] Stealth Rock\n|move|p1a: scoprion|Rock Slide|p2a: Forretress\n|-damage|p2a: Forretress|74\/100\n|\n|-heal|p2a: Forretress|80\/100|[from] item: Leftovers\n|-heal|p1a: scoprion|92\/100 tox|[from] ability: Poison Heal\n|upkeep\n|turn|4\n|\n|t:|1697758343\n|move|p2a: Forretress|Spikes|p1a: scoprion\n|-sidestart|p1: Bikey5600|Spikes\n|move|p1a: scoprion|Fire Fang|p2a: Forretress\n|-supereffective|p2a: Forretress\n|-damage|p2a: Forretress|27\/100\n|\n|-heal|p2a: Forretress|33\/100|[from] item: Leftovers\n|-heal|p1a: scoprion|100\/100 tox|[from] ability: Poison Heal\n|-sideend|p2: Sea_Anenome33|move: Tailwind\n|upkeep\n|turn|5\n|\n|t:|1697758357\n|move|p1a: scoprion|Fire Fang|p2a: Forretress\n|-supereffective|p2a: Forretress\n|-damage|p2a: Forretress|0 fnt\n|faint|p2a: Forretress\n|\n|upkeep\n|\n|t:|1697758370\n|switch|p2a: Masquerain|Masquerain, F|100\/100\n|-damage|p2a: Masquerain|50\/100|[from] Stealth Rock\n|-ability|p2a: Masquerain|Intimidate|boost\n|-unboost|p1a: scoprion|atk|1\n|turn|6\n|\n|t:|1697758381\n|move|p2a: Masquerain|Chilling Water|p1a: scoprion\n|-supereffective|p1a: scoprion\n|-damage|p1a: scoprion|72\/100 tox\n|-unboost|p1a: scoprion|atk|1\n|move|p1a: scoprion|Dual Wingbeat|p2a: Masquerain\n|-supereffective|p2a: Masquerain\n|-crit|p2a: Masquerain\n|-damage|p2a: Masquerain|0 fnt\n|faint|p2a: Masquerain\n|-hitcount|p2: Masquerain|1\n|\n|-heal|p1a: scoprion|84\/100 tox|[from] ability: Poison Heal\n|upkeep\n|\n|t:|1697758392\n|switch|p2a: Lokix|Lokix, F|100\/100\n|-damage|p2a: Lokix|76\/100|[from] Stealth Rock\n|turn|7\n|\n|t:|1697758406\n|move|p2a: Lokix|Leech Life|p1a: scoprion\n|-resisted|p1a: scoprion\n|-damage|p1a: scoprion|58\/100 tox\n|-heal|p2a: Lokix|91\/100|[from] drain|[of] p1a: scoprion\n|move|p1a: scoprion|Dual Wingbeat|p2a: Lokix|[miss]\n|-miss|p1a: scoprion|p2a: Lokix\n|\n|-heal|p1a: scoprion|70\/100 tox|[from] ability: Poison Heal\n|upkeep\n|turn|8\n|\n|t:|1697758441\n|move|p2a: Lokix|U-turn|p1a: scoprion\n|-resisted|p1a: scoprion\n|-damage|p1a: scoprion|48\/100 tox\n|\n|t:|1697758445\n|switch|p2a: Vikavolt|Vikavolt, M|100\/100|[from] U-turn\n|move|p1a: scoprion|Dual Wingbeat|p2a: Vikavolt\n|-damage|p2a: Vikavolt|93\/100\n|-damage|p2a: Vikavolt|86\/100\n|-hitcount|p2a: Vikavolt|2\n|\n|-heal|p1a: scoprion|60\/100 tox|[from] ability: Poison Heal\n|upkeep\n|turn|9\n|\n|t:|1697758459\n|move|p1a: scoprion|Rock Slide|p2a: Vikavolt\n|-supereffective|p2a: Vikavolt\n|-damage|p2a: Vikavolt|65\/100\n|move|p2a: Vikavolt|Bug Buzz|p1a: scoprion\n|-resisted|p1a: scoprion\n|-damage|p1a: scoprion|34\/100 tox\n|\n|-heal|p1a: scoprion|46\/100 tox|[from] ability: Poison Heal\n|upkeep\n|turn|10\n|\n|t:|1697758471\n|switch|p1a: spooky|Chandelure, F|100\/100\n|-damage|p1a: spooky|88\/100|[from] Spikes\n|move|p2a: Vikavolt|Bug Buzz|p1a: spooky\n|-resisted|p1a: spooky\n|-damage|p1a: spooky|72\/100\n|\n|upkeep\n|turn|11\n|\n|t:|1697758478\n|move|p1a: spooky|Overheat|p2a: Vikavolt\n|-supereffective|p2a: Vikavolt\n|-damage|p2a: Vikavolt|0 fnt\n|-unboost|p1a: spooky|spa|2\n|faint|p2a: Vikavolt\n|\n|upkeep\n|\n|t:|1697758495\n|switch|p2a: Volcarona|Volcarona, F|100\/100\n|-damage|p2a: Volcarona|51\/100|[from] Stealth Rock\n|turn|12\n|\n|t:|1697758520\n|switch|p1a: cosmic brownie|Clodsire, M|100\/100\n|-damage|p1a: cosmic brownie|88\/100|[from] Spikes\n|move|p2a: Volcarona|Air Slash|p1a: cosmic brownie\n|-damage|p1a: cosmic brownie|75\/100\n|\n|-heal|p1a: cosmic brownie|82\/100|[from] item: Black Sludge\n|upkeep\n|turn|13\n|\n|t:|1697758534\n|move|p2a: Volcarona|Leech Life|p1a: cosmic brownie\n|-resisted|p1a: cosmic brownie\n|-damage|p1a: cosmic brownie|69\/100\n|-heal|p2a: Volcarona|59\/100|[from] drain|[of] p1a: cosmic brownie\n|move|p1a: cosmic brownie|Toxic|p2a: Volcarona\n|-status|p2a: Volcarona|tox\n|\n|-heal|p1a: cosmic brownie|76\/100|[from] item: Black Sludge\n|-damage|p2a: Volcarona|53\/100 tox|[from] psn\n|upkeep\n|turn|14\n|\n|t:|1697758544\n|switch|p2a: Lokix|Lokix, F|91\/100\n|-damage|p2a: Lokix|66\/100|[from] Stealth Rock\n|move|p1a: cosmic brownie|Ancient Power|p2a: Lokix\n|-supereffective|p2a: Lokix\n|-damage|p2a: Lokix|39\/100\n|\n|-heal|p1a: cosmic brownie|82\/100|[from] item: Black Sludge\n|upkeep\n|turn|15\n|\n|t:|1697758555\n|move|p2a: Lokix|Lash Out|p1a: cosmic brownie\n|-damage|p1a: cosmic brownie|44\/100\n|move|p1a: cosmic brownie|Recover|p1a: cosmic brownie\n|-heal|p1a: cosmic brownie|94\/100\n|\n|-heal|p1a: cosmic brownie|99\/100|[from] item: Black Sludge\n|upkeep\n|turn|16\n|\n|t:|1697758565\n|move|p2a: Lokix|Lash Out|p1a: cosmic brownie\n|-damage|p1a: cosmic brownie|64\/100\n|move|p1a: cosmic brownie|Ancient Power|p2a: Lokix\n|-supereffective|p2a: Lokix\n|-damage|p2a: Lokix|10\/100\n|\n|-heal|p1a: cosmic brownie|70\/100|[from] item: Black Sludge\n|upkeep\n|turn|17\n|\n|t:|1697758578\n|move|p2a: Lokix|U-turn|p1a: cosmic brownie\n|-resisted|p1a: cosmic brownie\n|-damage|p1a: cosmic brownie|37\/100\n|\n|t:|1697758582\n|switch|p2a: Scyther|Scyther, M, shiny|35\/100|[from] U-turn\n|-damage|p2a: Scyther|0 fnt|[from] Stealth Rock\n|faint|p2a: Scyther\n|move|p1a: cosmic brownie|Ancient Power|p2: Scyther|[notarget]\n|-fail|p1a: cosmic brownie\n|\n|-heal|p1a: cosmic brownie|43\/100|[from] item: Black Sludge\n|upkeep\n|\n|t:|1697758591\n|switch|p2a: Volcarona|Volcarona, F|53\/100 tox\n|-damage|p2a: Volcarona|3\/100 tox|[from] Stealth Rock\n|turn|18\n|\n|t:|1697758599\n|move|p2a: Volcarona|Air Slash|p1a: cosmic brownie\n|-damage|p1a: cosmic brownie|28\/100\n|move|p1a: cosmic brownie|Ancient Power|p2a: Volcarona\n|-supereffective|p2a: Volcarona\n|-damage|p2a: Volcarona|0 fnt\n|faint|p2a: Volcarona\n|\n|-heal|p1a: cosmic brownie|34\/100|[from] item: Black Sludge\n|upkeep\n|\n|t:|1697758606\n|switch|p2a: Lokix|Lokix, F|10\/100\n|-damage|p2a: Lokix|0 fnt|[from] Stealth Rock\n|faint|p2a: Lokix\n|\n|win|Bikey5600\n|l|\u2606Sea_Anenome33\n","uploadtime":1697758619,"views":9,"p1id":"bikey5600","p2id":"seaanenome33","formatid":"gen9ubers","rating":0,"private":0,"password":""}