{"id":"gen9ubers-1984310820","p1":"lolgz","p2":"PinkScourge","format":"[Gen 9] Ubers","log":"|j|\u2606lolgz\n|j|\u2606PinkScourge\n|t:|1699242099\n|gametype|singles\n|player|p1|lolgz|170|\n|player|p2|PinkScourge|bede-leader|\n|teamsize|p1|6\n|teamsize|p2|6\n|gen|9\n|tier|[Gen 9] Ubers\n|rule|Sleep Clause Mod: Limit one foe put to sleep\n|rule|Species Clause: Limit one of each Pok\u00e9mon\n|rule|OHKO Clause: OHKO moves are banned\n|rule|Evasion Items Clause: Evasion items are banned\n|rule|Evasion Moves Clause: Evasion moves are banned\n|rule|Endless Battle Clause: Forcing endless battles is banned\n|rule|HP Percentage Mod: HP is shown in percentages\n|clearpoke\n|poke|p1|Magearna|\n|poke|p1|Zacian-*|\n|poke|p1|Cyclizar, M|\n|poke|p1|Roaring Moon|\n|poke|p1|Dialga|\n|poke|p1|Volcarona, M|\n|poke|p2|Gothitelle, M|\n|poke|p2|Arceus-Poison|\n|poke|p2|Palkia|\n|poke|p2|Alomomola, F|\n|poke|p2|Mandibuzz, F|\n|poke|p2|Slowking-Galar, F|\n|teampreview\n|inactive|Battle timer is ON: inactive players will automatically lose when time's up. (requested by lolgz)\n|inactive|PinkScourge also wants the timer to be on.\n|\n|t:|1699242105\n|start\n|switch|p1a: Magearna|Magearna|100\/100\n|switch|p2a: Arceus|Arceus-Poison|100\/100\n|turn|1\n|\n|t:|1699242129\n|move|p2a: Arceus|Future Sight|p1a: Magearna\n|-start|p2a: Arceus|move: Future Sight\n|move|p1a: Magearna|Shift Gear|p1a: Magearna\n|-boost|p1a: Magearna|spe|2\n|-boost|p1a: Magearna|atk|1\n|\n|upkeep\n|turn|2\n|\n|t:|1699242135\n|move|p1a: Magearna|Calm Mind|p1a: Magearna\n|-boost|p1a: Magearna|spa|1\n|-boost|p1a: Magearna|spd|1\n|move|p2a: Arceus|Perish Song|p2a: Arceus\n|-start|p1a: Magearna|perish3|[silent]\n|-start|p2a: Arceus|perish3|[silent]\n|-fieldactivate|move: Perish Song\n|\n|-start|p1a: Magearna|perish3\n|-start|p2a: Arceus|perish3\n|upkeep\n|turn|3\n|\n|t:|1699242143\n|switch|p2a: Gothitelle|Gothitelle, M|100\/100\n|move|p1a: Magearna|Stored Power|p2a: Gothitelle\n|-resisted|p2a: Gothitelle\n|-damage|p2a: Gothitelle|80\/100\n|\n|-end|p1a: Magearna|move: Future Sight\n|-resisted|p1a: Magearna\n|-damage|p1a: Magearna|91\/100\n|-heal|p1a: Magearna|97\/100|[from] item: Leftovers\n|-start|p1a: Magearna|perish2\n|upkeep\n|turn|4\n|\n|t:|1699242153\n|move|p2a: Gothitelle|Protect|p2a: Gothitelle\n|-singleturn|p2a: Gothitelle|Protect\n|move|p1a: Magearna|Draining Kiss|p2a: Gothitelle\n|-activate|p2a: Gothitelle|move: Protect\n|\n|-heal|p1a: Magearna|100\/100|[from] item: Leftovers\n|-start|p1a: Magearna|perish1\n|upkeep\n|turn|5\n|\n|t:|1699242158\n|switch|p2a: Slowking|Slowking-Galar, F|100\/100\n|move|p1a: Magearna|Draining Kiss|p2a: Slowking\n|-resisted|p2a: Slowking\n|-damage|p2a: Slowking|91\/100\n|\n|-start|p1a: Magearna|perish0\n|upkeep\n|faint|p1a: Magearna\n|\n|t:|1699242165\n|switch|p1a: Roaring Moon|Roaring Moon|100\/100\n|-enditem|p1a: Roaring Moon|Booster Energy\n|-activate|p1a: Roaring Moon|ability: Protosynthesis|[fromitem]\n|-start|p1a: Roaring Moon|protosynthesisatk\n|turn|6\n|\n|t:|1699242175\n|move|p1a: Roaring Moon|Dragon Dance|p1a: Roaring Moon\n|-boost|p1a: Roaring Moon|atk|1\n|-boost|p1a: Roaring Moon|spe|1\n|move|p2a: Slowking|Trick Room|p2a: Slowking\n|-fieldstart|move: Trick Room|[of] p2a: Slowking\n|\n|upkeep\n|turn|7\n|\n|t:|1699242180\n|move|p2a: Slowking|Sludge Bomb|p1a: Roaring Moon\n|-damage|p1a: Roaring Moon|65\/100\n|-status|p1a: Roaring Moon|psn\n|move|p1a: Roaring Moon|Dragon Dance|p1a: Roaring Moon\n|-boost|p1a: Roaring Moon|atk|1\n|-boost|p1a: Roaring Moon|spe|1\n|\n|-damage|p1a: Roaring Moon|53\/100 psn|[from] psn\n|upkeep\n|turn|8\n|\n|t:|1699242191\n|move|p2a: Slowking|Sludge Bomb|p1a: Roaring Moon\n|-damage|p1a: Roaring Moon|20\/100 psn\n|move|p1a: Roaring Moon|Knock Off|p2a: Slowking\n|-supereffective|p2a: Slowking\n|-damage|p2a: Slowking|0 fnt\n|-enditem|p2a: Slowking|Heavy-Duty Boots|[from] move: Knock Off|[of] p1a: Roaring Moon\n|faint|p2a: Slowking\n|\n|-damage|p1a: Roaring Moon|8\/100 psn|[from] psn\n|upkeep\n|\n|t:|1699242206\n|switch|p2a: Gothitelle|Gothitelle, M|80\/100\n|turn|9\n|\n|t:|1699242209\n|move|p2a: Gothitelle|Protect|p2a: Gothitelle\n|-singleturn|p2a: Gothitelle|Protect\n|move|p1a: Roaring Moon|Knock Off|p2a: Gothitelle\n|-activate|p2a: Gothitelle|move: Protect\n|\n|-damage|p1a: Roaring Moon|0 fnt|[from] psn\n|faint|p1a: Roaring Moon\n|-end|p1a: Roaring Moon|Protosynthesis|[silent]\n|upkeep\n|\n|t:|1699242215\n|switch|p1a: Zacian|Zacian|100\/100\n|-ability|p1a: Zacian|Intrepid Sword|boost\n|-boost|p1a: Zacian|atk|1\n|turn|10\n|\n|t:|1699242227\n|switch|p2a: Arceus|Arceus-Poison|100\/100\n|move|p1a: Zacian|Swords Dance|p1a: Zacian\n|-boost|p1a: Zacian|atk|2\n|\n|-fieldend|move: Trick Room\n|upkeep\n|turn|11\n|\n|t:|1699242231\n|-terastallize|p1a: Zacian|Steel\n|move|p1a: Zacian|Iron Head|p2a: Arceus\n|-damage|p2a: Arceus|35\/100\n|move|p2a: Arceus|Perish Song|p2a: Arceus\n|-start|p1a: Zacian|perish3|[silent]\n|-start|p2a: Arceus|perish3|[silent]\n|-fieldactivate|move: Perish Song\n|\n|-start|p1a: Zacian|perish3\n|-start|p2a: Arceus|perish3\n|upkeep\n|turn|12\n|\n|t:|1699242239\n|switch|p2a: Alomomola|Alomomola, F|100\/100\n|move|p1a: Zacian|Iron Head|p2a: Alomomola\n|-resisted|p2a: Alomomola\n|-damage|p2a: Alomomola|73\/100\n|-damage|p1a: Zacian|84\/100|[from] item: Rocky Helmet|[of] p2a: Alomomola\n|\n|-start|p1a: Zacian|perish2\n|upkeep\n|turn|13\n|\n|t:|1699242245\n|switch|p1a: Volcarona|Volcarona, M|100\/100\n|move|p2a: Alomomola|Wish|p2a: Alomomola\n|\n|upkeep\n|turn|14\n|\n|t:|1699242247\n|move|p1a: Volcarona|Quiver Dance|p1a: Volcarona\n|-boost|p1a: Volcarona|spa|1\n|-boost|p1a: Volcarona|spd|1\n|-boost|p1a: Volcarona|spe|1\n|move|p2a: Alomomola|Flip Turn|p1a: Volcarona\n|-supereffective|p1a: Volcarona\n|-damage|p1a: Volcarona|52\/100\n|-status|p2a: Alomomola|brn|[from] ability: Flame Body|[of] p1a: Volcarona\n|\n|t:|1699242250\n|switch|p2a: Arceus|Arceus-Poison|35\/100|[from] Flip Turn\n|\n|-heal|p2a: Arceus|91\/100|[from] move: Wish|[wisher] Alomomola\n|upkeep\n|turn|15\n|\n|t:|1699242254\n|move|p1a: Volcarona|Quiver Dance|p1a: Volcarona\n|-boost|p1a: Volcarona|spa|1\n|-boost|p1a: Volcarona|spd|1\n|-boost|p1a: Volcarona|spe|1\n|move|p2a: Arceus|Perish Song|p2a: Arceus\n|-start|p1a: Volcarona|perish3|[silent]\n|-start|p2a: Arceus|perish3|[silent]\n|-fieldactivate|move: Perish Song\n|\n|-start|p1a: Volcarona|perish3\n|-start|p2a: Arceus|perish3\n|upkeep\n|turn|16\n|\n|t:|1699242257\n|move|p1a: Volcarona|Fiery Dance|p2a: Arceus\n|-damage|p2a: Arceus|53\/100\n|-boost|p1a: Volcarona|spa|1\n|move|p2a: Arceus|Future Sight|p1a: Volcarona\n|-start|p2a: Arceus|move: Future Sight\n|\n|-start|p1a: Volcarona|perish2\n|-start|p2a: Arceus|perish2\n|upkeep\n|turn|17\n|\n|t:|1699242276\n|switch|p2a: Mandibuzz|Mandibuzz, F|100\/100\n|move|p1a: Volcarona|Fiery Dance|p2a: Mandibuzz\n|-damage|p2a: Mandibuzz|33\/100\n|\n|-start|p1a: Volcarona|perish1\n|upkeep\n|turn|18\n|\n|t:|1699242285\n|switch|p1a: Zacian|Zacian, tera:Steel|84\/100\n|move|p2a: Mandibuzz|Roost|p2a: Mandibuzz\n|-heal|p2a: Mandibuzz|83\/100\n|-singleturn|p2a: Mandibuzz|move: Roost\n|\n|-end|p1a: Zacian|move: Future Sight\n|-resisted|p1a: Zacian\n|-damage|p1a: Zacian|69\/100\n|upkeep\n|turn|19\n|\n|t:|1699242293\n|move|p1a: Zacian|Play Rough|p2a: Mandibuzz\n|-supereffective|p2a: Mandibuzz\n|-damage|p2a: Mandibuzz|17\/100\n|move|p2a: Mandibuzz|Foul Play|p1a: Zacian\n|-damage|p1a: Zacian|24\/100\n|\n|upkeep\n|turn|20\n|\n|t:|1699242300\n|switch|p2a: Alomomola|Alomomola, F|100\/100 brn\n|move|p1a: Zacian|Play Rough|p2a: Alomomola\n|-damage|p2a: Alomomola|73\/100 brn\n|-damage|p1a: Zacian|7\/100|[from] item: Rocky Helmet|[of] p2a: Alomomola\n|\n|-damage|p2a: Alomomola|67\/100 brn|[from] brn\n|upkeep\n|turn|21\n|\n|t:|1699242305\n|switch|p1a: Dialga|Dialga|100\/100\n|-ability|p1a: Dialga|Pressure\n|move|p2a: Alomomola|Flip Turn|p1a: Dialga\n|-resisted|p1a: Dialga\n|-damage|p1a: Dialga|97\/100\n|\n|t:|1699242311\n|switch|p2a: Arceus|Arceus-Poison|53\/100|[from] Flip Turn\n|\n|upkeep\n|turn|22\n|\n|t:|1699242320\n|move|p1a: Dialga|Draco Meteor|p2a: Arceus\n|-damage|p2a: Arceus|13\/100\n|-unboost|p1a: Dialga|spa|2\n|move|p2a: Arceus|Recover|p2a: Arceus\n|-heal|p2a: Arceus|63\/100\n|\n|upkeep\n|turn|23\n|\n|t:|1699242326\n|switch|p1a: Cyclizar|Cyclizar, M|100\/100\n|move|p2a: Arceus|Future Sight|p1a: Cyclizar\n|-start|p2a: Arceus|move: Future Sight\n|\n|upkeep\n|turn|24\n|\n|t:|1699242331\n|move|p1a: Cyclizar|Draco Meteor|p2a: Arceus\n|-crit|p2a: Arceus\n|-damage|p2a: Arceus|33\/100\n|-unboost|p1a: Cyclizar|spa|2\n|move|p2a: Arceus|Perish Song|p2a: Arceus\n|-start|p1a: Cyclizar|perish3|[silent]\n|-start|p2a: Arceus|perish3|[silent]\n|-fieldactivate|move: Perish Song\n|\n|-start|p1a: Cyclizar|perish3\n|-start|p2a: Arceus|perish3\n|upkeep\n|turn|25\n|\n|t:|1699242336\n|switch|p1a: Dialga|Dialga|97\/100\n|-ability|p1a: Dialga|Pressure\n|move|p2a: Arceus|Recover|p2a: Arceus\n|-heal|p2a: Arceus|83\/100\n|\n|-end|p1a: Dialga|move: Future Sight\n|-resisted|p1a: Dialga\n|-damage|p1a: Dialga|82\/100\n|-start|p2a: Arceus|perish2\n|upkeep\n|turn|26\n|-message|lolgz forfeited.\n|\n|win|PinkScourge\n|l|\u2606lolgz\n","uploadtime":1699242343,"views":20,"p1id":"lolgz","p2id":"pinkscourge","formatid":"gen9ubers","rating":0,"private":0,"password":""}