{"id":"gen9ubers-2000542941","p1":"AtomicWaffle69","p2":"PokemonJavarRegion","format":"[Gen 9] Ubers","log":"|j|\u2606AtomicWaffle69\n|j|\u2606PokemonJavarRegion\n|t:|1701203817\n|gametype|singles\n|player|p1|AtomicWaffle69|veteran|1103\n|player|p2|PokemonJavarRegion|265|1018\n|teamsize|p1|6\n|teamsize|p2|6\n|gen|9\n|tier|[Gen 9] Ubers\n|rated|\n|rule|Sleep Clause Mod: Limit one foe put to sleep\n|rule|Species Clause: Limit one of each Pok\u00e9mon\n|rule|OHKO Clause: OHKO moves are banned\n|rule|Evasion Items Clause: Evasion items are banned\n|rule|Evasion Moves Clause: Evasion moves are banned\n|rule|Endless Battle Clause: Forcing endless battles is banned\n|rule|HP Percentage Mod: HP is shown in percentages\n|clearpoke\n|poke|p1|Iron Bundle|\n|poke|p1|Hatterene, F|\n|poke|p1|Dragonite, M|\n|poke|p1|Ursaluna-Bloodmoon, M|\n|poke|p1|Volcarona, F|\n|poke|p1|Cresselia, F|\n|poke|p2|Moltres|\n|poke|p2|Charmeleon, M|\n|poke|p2|Leafeon, M|\n|poke|p2|Zapdos|\n|poke|p2|Arcanine, F|\n|poke|p2|Gyarados, F|\n|teampreview\n|\n|t:|1701203834\n|start\n|switch|p1a: Cresselia|Cresselia, F, shiny|100\/100\n|switch|p2a: Zapdos|Zapdos, shiny|100\/100\n|-ability|p2a: Zapdos|Pressure\n|turn|1\n|inactive|Battle timer is ON: inactive players will automatically lose when time's up. (requested by AtomicWaffle69)\n|\n|t:|1701203866\n|-terastallize|p1a: Cresselia|Electric\n|move|p2a: Zapdos|Thunder|p1a: Cresselia\n|-resisted|p1a: Cresselia\n|-damage|p1a: Cresselia|82\/100\n|move|p1a: Cresselia|Calm Mind|p1a: Cresselia\n|-boost|p1a: Cresselia|spa|1\n|-boost|p1a: Cresselia|spd|1\n|\n|-heal|p1a: Cresselia|88\/100|[from] item: Leftovers\n|upkeep\n|turn|2\n|\n|t:|1701203876\n|switch|p2a: Gyarados|Gyarados, F, shiny|100\/100\n|move|p1a: Cresselia|Calm Mind|p1a: Cresselia\n|-boost|p1a: Cresselia|spa|1\n|-boost|p1a: Cresselia|spd|1\n|\n|-heal|p1a: Cresselia|94\/100|[from] item: Leftovers\n|upkeep\n|turn|3\n|\n|t:|1701203894\n|-terastallize|p2a: Gyarados|Ghost\n|move|p2a: Gyarados|Earthquake|p1a: Cresselia\n|-immune|p1a: Cresselia|[from] ability: Levitate\n|move|p1a: Cresselia|Calm Mind|p1a: Cresselia\n|-boost|p1a: Cresselia|spa|1\n|-boost|p1a: Cresselia|spd|1\n|\n|-heal|p1a: Cresselia|99\/100|[from] item: Leftovers\n|upkeep\n|turn|4\n|\n|t:|1701203909\n|move|p2a: Gyarados|Blizzard|p1a: Cresselia|[miss]\n|-miss|p2a: Gyarados|p1a: Cresselia\n|move|p1a: Cresselia|Calm Mind|p1a: Cresselia\n|-boost|p1a: Cresselia|spa|1\n|-boost|p1a: Cresselia|spd|1\n|\n|-heal|p1a: Cresselia|100\/100|[from] item: Leftovers\n|upkeep\n|turn|5\n|\n|t:|1701203923\n|move|p2a: Gyarados|Fire Blast|p1a: Cresselia\n|-damage|p1a: Cresselia|95\/100\n|-damage|p2a: Gyarados|91\/100|[from] item: Life Orb\n|move|p1a: Cresselia|Calm Mind|p1a: Cresselia\n|-boost|p1a: Cresselia|spa|1\n|-boost|p1a: Cresselia|spd|1\n|\n|-heal|p1a: Cresselia|100\/100|[from] item: Leftovers\n|upkeep\n|turn|6\n|\n|t:|1701203935\n|move|p2a: Gyarados|Hydro Pump|p1a: Cresselia|[miss]\n|-miss|p2a: Gyarados|p1a: Cresselia\n|move|p1a: Cresselia|Calm Mind|p1a: Cresselia\n|-boost|p1a: Cresselia|spa|1\n|-boost|p1a: Cresselia|spd|1\n|\n|upkeep\n|turn|7\n|\n|t:|1701203943\n|move|p2a: Gyarados|Earthquake|p1a: Cresselia\n|-immune|p1a: Cresselia|[from] ability: Levitate\n|move|p1a: Cresselia|Stored Power|p2a: Gyarados\n|-damage|p2a: Gyarados|0 fnt\n|faint|p2a: Gyarados\n|\n|upkeep\n|\n|t:|1701203953\n|switch|p2a: Zapdos|Zapdos, shiny|100\/100\n|-ability|p2a: Zapdos|Pressure\n|turn|8\n|\n|t:|1701203961\n|move|p2a: Zapdos|Thunder|p1a: Cresselia|[miss]\n|-miss|p2a: Zapdos|p1a: Cresselia\n|move|p1a: Cresselia|Stored Power|p2a: Zapdos\n|-damage|p2a: Zapdos|0 fnt\n|faint|p2a: Zapdos\n|\n|upkeep\n|\n|t:|1701203969\n|switch|p2a: Moltres|Moltres|100\/100\n|turn|9\n|\n|t:|1701203979\n|move|p2a: Moltres|Ancient Power|p1a: Cresselia\n|-damage|p1a: Cresselia|97\/100\n|move|p1a: Cresselia|Stored Power|p2a: Moltres\n|-damage|p2a: Moltres|0 fnt\n|faint|p2a: Moltres\n|\n|-heal|p1a: Cresselia|100\/100|[from] item: Leftovers\n|upkeep\n|\n|t:|1701203989\n|switch|p2a: Arcanine|Arcanine, F|100\/100\n|turn|10\n|\n|t:|1701203997\n|move|p2a: Arcanine|Overheat|p1a: Cresselia\n|-damage|p1a: Cresselia|94\/100\n|-unboost|p2a: Arcanine|spa|2\n|move|p1a: Cresselia|Stored Power|p2a: Arcanine\n|-damage|p2a: Arcanine|0 fnt\n|faint|p2a: Arcanine\n|\n|-heal|p1a: Cresselia|99\/100|[from] item: Leftovers\n|upkeep\n|\n|t:|1701204006\n|switch|p2a: Leafeon|Leafeon, M|100\/100\n|turn|11\n|\n|t:|1701204013\n|move|p2a: Leafeon|Leaf Storm|p1a: Cresselia\n|-damage|p1a: Cresselia|96\/100\n|-unboost|p2a: Leafeon|spa|2\n|move|p1a: Cresselia|Stored Power|p2a: Leafeon\n|-damage|p2a: Leafeon|0 fnt\n|faint|p2a: Leafeon\n|\n|-heal|p1a: Cresselia|100\/100|[from] item: Leftovers\n|upkeep\n|\n|t:|1701204022\n|switch|p2a: Charmeleon|Charmeleon, M|100\/100\n|turn|12\n|\n|t:|1701204030\n|move|p2a: Charmeleon|Iron Tail|p1a: Cresselia\n|-resisted|p1a: Cresselia\n|-damage|p1a: Cresselia|96\/100\n|move|p1a: Cresselia|Stored Power|p2a: Charmeleon\n|-damage|p2a: Charmeleon|0 fnt\n|faint|p2a: Charmeleon\n|\n|win|AtomicWaffle69\n|raw|AtomicWaffle69's rating: 1103 &rarr; <strong>1122<\/strong><br \/>(+19 for winning)\n|raw|PokemonJavarRegion's rating: 1018 &rarr; <strong>1008<\/strong><br \/>(-10 for losing)\n","uploadtime":1701204042,"views":0,"p1id":"atomicwaffle69","p2id":"pokemonjavarregion","formatid":"gen9ubers","rating":1008,"private":0,"password":""}