{"id":"gen9ubers-1999353959","p1":"Pickedman","p2":"Pennys No.1 Fan","format":"[Gen 9] Ubers","log":"|j|\u2606Pickedman\n|j|\u2606Pennys No.1 Fan\n|t:|1701065423\n|gametype|singles\n|player|p1|Pickedman|zinnia|\n|player|p2|Pennys No.1 Fan|1|\n|teamsize|p1|6\n|teamsize|p2|6\n|gen|9\n|tier|[Gen 9] Ubers\n|rule|Sleep Clause Mod: Limit one foe put to sleep\n|rule|Species Clause: Limit one of each Pok\u00e9mon\n|rule|OHKO Clause: OHKO moves are banned\n|rule|Evasion Items Clause: Evasion items are banned\n|rule|Evasion Moves Clause: Evasion moves are banned\n|rule|Endless Battle Clause: Forcing endless battles is banned\n|rule|HP Percentage Mod: HP is shown in percentages\n|clearpoke\n|poke|p1|Camerupt, M|\n|poke|p1|Torkoal, M|\n|poke|p1|Slowking-Galar, F|\n|poke|p1|Hatterene, F|\n|poke|p1|Ursaluna-Bloodmoon, M|\n|poke|p1|Toedscruel, M|\n|poke|p2|Hatterene, F|\n|poke|p2|Slowking-Galar, F|\n|poke|p2|Alomomola, F|\n|poke|p2|Calyrex-Ice|\n|poke|p2|Weezing-Galar, M|\n|poke|p2|Zoroark-Hisui, F|\n|teampreview\n|inactive|Battle timer is ON: inactive players will automatically lose when time's up. (requested by Pennys No.1 Fan)\n|c|\u2606Pennys No.1 Fan|what are you cooking\n|c|\u2606Pickedman|sunroom\n|\n|t:|1701065449\n|start\n|switch|p1a: Slowking|Slowking-Galar, F|100\/100\n|switch|p2a: Ol' Geezer|Weezing-Galar, M|100\/100\n|turn|1\n|\n|t:|1701065458\n|move|p2a: Ol' Geezer|Strange Steam|p1a: Slowking\n|-resisted|p1a: Slowking\n|-damage|p1a: Slowking|92\/100\n|move|p1a: Slowking|Trick Room|p1a: Slowking\n|-fieldstart|move: Trick Room|[of] p1a: Slowking\n|\n|upkeep\n|turn|2\n|\n|t:|1701065478\n|move|p1a: Slowking|Chilly Reception|p1a: Slowking\n|-weather|Snow\n|c|\u2606Pennys No.1 Fan|oh god\n|\n|t:|1701065495\n|switch|p1a: Torkoal|Torkoal, M|100\/100|[from] Chilly Reception\n|-weather|SunnyDay|[from] ability: Drought|[of] p1a: Torkoal\n|move|p2a: Ol' Geezer|Will-O-Wisp|p1a: Torkoal\n|-immune|p1a: Torkoal\n|\n|-weather|SunnyDay|[upkeep]\n|upkeep\n|turn|3\n|\n|t:|1701065510\n|switch|p2a: Alolololololo|Alomomola, F|100\/100\n|-terastallize|p1a: Torkoal|Fire\n|move|p1a: Torkoal|Eruption|p2a: Alolololololo\n|-resisted|p2a: Alolololololo\n|-damage|p2a: Alolololololo|0 fnt\n|faint|p2a: Alolololololo\n|\n|-weather|SunnyDay|[upkeep]\n|upkeep\n|c|\u2606Pickedman|holy mackarel\n|\n|t:|1701065524\n|switch|p2a: THE META|Slowking-Galar, F, shiny|100\/100\n|turn|4\n|\n|t:|1701065527\n|move|p1a: Torkoal|Eruption|p2a: THE META\n|-damage|p2a: THE META|0 fnt\n|faint|p2a: THE META\n|\n|-weather|SunnyDay|[upkeep]\n|upkeep\n|c|\u2606Pennys No.1 Fan|i hate torkoal SO MUCH\n|c|\u2606Pennys No.1 Fan|i understand VGC players\n|c|\u2606Pickedman|this is not a real pokemon wtf\n|inactive|Pennys No.1 Fan has 270 seconds left.\n|\n|t:|1701065548\n|switch|p2a: Ol' Geezer|Weezing-Galar, M|100\/100\n|turn|5\n|\n|t:|1701065553\n|move|p1a: Torkoal|Eruption|p2a: Ol' Geezer\n|-damage|p2a: Ol' Geezer|0 fnt\n|faint|p2a: Ol' Geezer\n|\n|-weather|SunnyDay|[upkeep]\n|-fieldend|move: Trick Room\n|upkeep\n|\n|t:|1701065560\n|switch|p2a: The better SD user|Hatterene, F, shiny|100\/100\n|turn|6\n|\n|t:|1701065567\n|-terastallize|p2a: The better SD user|Water\n|move|p2a: The better SD user|Swords Dance|p2a: The better SD user\n|-boost|p2a: The better SD user|atk|2\n|move|p1a: Torkoal|Eruption|p2a: The better SD user\n|-resisted|p2a: The better SD user\n|-damage|p2a: The better SD user|4\/100\n|\n|-weather|none\n|upkeep\n|turn|7\n|\n|t:|1701065576\n|move|p2a: The better SD user|Shadow Claw|p1a: Torkoal\n|-damage|p1a: Torkoal|60\/100\n|-damage|p2a: The better SD user|0 fnt|[from] item: Life Orb\n|faint|p2a: The better SD user\n|move|p1a: Torkoal|Eruption|p2: The better SD user|[notarget]\n|-fail|p1a: Torkoal\n|\n|upkeep\n|c|\u2606Pennys No.1 Fan|this pokemon isnt real\n|-message|Pennys No.1 Fan forfeited.\n|\n|win|Pickedman\n|l|\u2606Pennys No.1 Fan\n","uploadtime":1701065589,"views":22,"p1id":"pickedman","p2id":"pennysno1fan","formatid":"gen9ubers","rating":0,"private":0,"password":""}