{"id":"gen9ubers-1980715579","p1":"ogerused","p2":"TRaSHiNSeCT","format":"[Gen 9] Ubers","log":"|j|\u2606ogerused\n|j|\u2606TRaSHiNSeCT\n|t:|1698818056\n|gametype|singles\n|player|p1|ogerused|bianca|\n|player|p2|TRaSHiNSeCT|workerice|\n|teamsize|p1|6\n|teamsize|p2|6\n|gen|9\n|tier|[Gen 9] Ubers\n|rule|Sleep Clause Mod: Limit one foe put to sleep\n|rule|Species Clause: Limit one of each Pok\u00e9mon\n|rule|OHKO Clause: OHKO moves are banned\n|rule|Evasion Items Clause: Evasion items are banned\n|rule|Evasion Moves Clause: Evasion moves are banned\n|rule|Endless Battle Clause: Forcing endless battles is banned\n|rule|HP Percentage Mod: HP is shown in percentages\n|clearpoke\n|poke|p1|Pincurchin, F|\n|poke|p1|Azelf|\n|poke|p1|Landorus-Therian, M|\n|poke|p1|Greninja-*, F|\n|poke|p1|Thundurus, M|\n|poke|p1|Empoleon, M|\n|poke|p2|Slowking-Galar, M|\n|poke|p2|Torkoal, F|\n|poke|p2|Amoonguss, M|\n|poke|p2|Toedscruel, M|\n|poke|p2|Greninja-*, F|\n|poke|p2|Infernape, M|\n|teampreview\n|\n|t:|1698818087\n|start\n|switch|p1a: Wake Me Up|Pincurchin, F|100\/100\n|switch|p2a: Infernape|Infernape, M|100\/100\n|-fieldstart|move: Electric Terrain|[from] ability: Electric Surge|[of] p1a: Wake Me Up\n|turn|1\n|\n|t:|1698818094\n|switch|p1a: Strawberry Milk|Landorus-Therian, M|100\/100\n|-ability|p1a: Strawberry Milk|Intimidate|boost\n|-unboost|p2a: Infernape|atk|1\n|-enditem|p1a: Strawberry Milk|Electric Seed\n|-boost|p1a: Strawberry Milk|def|1|[from] item: Electric Seed\n|move|p2a: Infernape|Flare Blitz|p1a: Strawberry Milk\n|-damage|p1a: Strawberry Milk|66\/100\n|-damage|p2a: Infernape|85\/100|[from] Recoil\n|\n|upkeep\n|turn|2\n|inactive|Battle timer is ON: inactive players will automatically lose when time's up. (requested by ogerused)\n|\n|t:|1698818110\n|switch|p2a: Greninja|Greninja, F|100\/100\n|move|p1a: Strawberry Milk|Calm Mind|p1a: Strawberry Milk\n|-boost|p1a: Strawberry Milk|spa|1\n|-boost|p1a: Strawberry Milk|spd|1\n|\n|upkeep\n|turn|3\n|inactive|ogerused has 270 seconds left.\n|\n|t:|1698818141\n|-terastallize|p1a: Strawberry Milk|Water\n|move|p2a: Greninja|Liquidation|p1a: Strawberry Milk\n|-resisted|p1a: Strawberry Milk\n|-damage|p1a: Strawberry Milk|54\/100\n|move|p1a: Strawberry Milk|Earth Power|p2a: Greninja\n|-damage|p2a: Greninja|17\/100\n|\n|upkeep\n|turn|4\n|inactive|ogerused has 270 seconds left.\n|\n|t:|1698818152\n|move|p2a: Greninja|Night Slash|p1a: Strawberry Milk\n|-damage|p1a: Strawberry Milk|35\/100\n|move|p1a: Strawberry Milk|Earth Power|p2a: Greninja\n|-damage|p2a: Greninja|0 fnt\n|faint|p2a: Greninja\n|\n|upkeep\n|\n|t:|1698818159\n|switch|p2a: Infernape|Infernape, M|85\/100\n|turn|5\n|\n|t:|1698818165\n|move|p2a: Infernape|Earthquake|p1a: Strawberry Milk\n|-damage|p1a: Strawberry Milk|7\/100\n|move|p1a: Strawberry Milk|Earth Power|p2a: Infernape\n|-supereffective|p2a: Infernape\n|-damage|p2a: Infernape|0 fnt\n|faint|p2a: Infernape\n|\n|upkeep\n|\n|t:|1698818173\n|switch|p2a: Toedscruel|Toedscruel, M|100\/100\n|turn|6\n|\n|t:|1698818178\n|move|p1a: Strawberry Milk|Tera Blast|p2a: Toedscruel|[anim] Tera Blast Water\n|-damage|p2a: Toedscruel|77\/100\n|move|p2a: Toedscruel|Knock Off|p1a: Strawberry Milk\n|-damage|p1a: Strawberry Milk|0 fnt\n|faint|p1a: Strawberry Milk\n|\n|-heal|p2a: Toedscruel|83\/100|[from] item: Leftovers\n|upkeep\n|c|\u2606ogerused|Oops\n|c|\u2606ogerused|Wrong ivs\n|inactive|ogerused has 270 seconds left.\n|\n|t:|1698818209\n|switch|p1a: Nascar|Thundurus, M|100\/100\n|-enditem|p1a: Nascar|Electric Seed\n|-boost|p1a: Nascar|def|1|[from] item: Electric Seed\n|turn|7\n|\n|t:|1698818213\n|move|p1a: Nascar|Acrobatics|p2a: Toedscruel\n|-supereffective|p2a: Toedscruel\n|-damage|p2a: Toedscruel|0 fnt\n|faint|p2a: Toedscruel\n|\n|upkeep\n|\n|t:|1698818221\n|switch|p2a: Slowking|Slowking-Galar, M|100\/100\n|turn|8\n|\n|t:|1698818228\n|move|p1a: Nascar|Wild Charge|p2a: Slowking\n|-damage|p2a: Slowking|52\/100\n|-damage|p1a: Nascar|84\/100|[from] Recoil\n|move|p2a: Slowking|Trick Room|p2a: Slowking\n|-fieldstart|move: Trick Room|[of] p2a: Slowking\n|\n|-fieldend|move: Electric Terrain\n|upkeep\n|turn|9\n|\n|t:|1698818235\n|move|p1a: Nascar|Thunder Wave|p2a: Slowking\n|-status|p2a: Slowking|par\n|cant|p2a: Slowking|par\n|\n|upkeep\n|turn|10\n|\n|t:|1698818241\n|move|p1a: Nascar|Bulk Up|p1a: Nascar\n|-boost|p1a: Nascar|atk|1\n|-boost|p1a: Nascar|def|1\n|move|p2a: Slowking|Toxic|p1a: Nascar\n|-status|p1a: Nascar|tox\n|\n|-damage|p1a: Nascar|78\/100 tox|[from] psn\n|upkeep\n|turn|11\n|\n|t:|1698818250\n|move|p1a: Nascar|Acrobatics|p2a: Slowking\n|-damage|p2a: Slowking|0 fnt\n|faint|p2a: Slowking\n|\n|-damage|p1a: Nascar|66\/100 tox|[from] psn\n|upkeep\n|\n|t:|1698818257\n|switch|p2a: Torkoal|Torkoal, F|100\/100\n|-weather|SunnyDay|[from] ability: Drought|[of] p2a: Torkoal\n|turn|12\n|\n|t:|1698818262\n|move|p2a: Torkoal|Eruption|p1a: Nascar\n|-damage|p1a: Nascar|0 fnt\n|faint|p1a: Nascar\n|\n|-weather|SunnyDay|[upkeep]\n|-fieldend|move: Trick Room\n|upkeep\n|\n|t:|1698818280\n|switch|p1a: Wake Me Up|Pincurchin, F|100\/100\n|-fieldstart|move: Electric Terrain|[from] ability: Electric Surge|[of] p1a: Wake Me Up\n|turn|13\n|\n|t:|1698818285\n|move|p1a: Wake Me Up|Thunderbolt|p2a: Torkoal\n|-damage|p2a: Torkoal|48\/100\n|move|p2a: Torkoal|Eruption|p1a: Wake Me Up\n|-damage|p1a: Wake Me Up|11\/100\n|\n|-weather|SunnyDay|[upkeep]\n|upkeep\n|turn|14\n|\n|t:|1698818291\n|switch|p2a: Amoonguss|Amoonguss, M|100\/100\n|move|p1a: Wake Me Up|Thunderbolt|p2a: Amoonguss\n|-resisted|p2a: Amoonguss\n|-damage|p2a: Amoonguss|82\/100\n|\n|-weather|SunnyDay|[upkeep]\n|upkeep\n|turn|15\n|\n|t:|1698818300\n|switch|p1a: Monster|Empoleon, M|100\/100\n|-enditem|p1a: Monster|Electric Seed\n|-boost|p1a: Monster|def|1|[from] item: Electric Seed\n|move|p2a: Amoonguss|Clear Smog|p1a: Monster\n|-immune|p1a: Monster\n|\n|-weather|SunnyDay|[upkeep]\n|upkeep\n|turn|16\n|\n|t:|1698818314\n|move|p1a: Monster|Swords Dance|p1a: Monster\n|-boost|p1a: Monster|atk|2\n|move|p2a: Amoonguss|Synthesis|p2a: Amoonguss\n|-heal|p2a: Amoonguss|100\/100\n|\n|-weather|none\n|upkeep\n|turn|17\n|\n|t:|1698818322\n|move|p1a: Monster|Swords Dance|p1a: Monster\n|-boost|p1a: Monster|atk|2\n|move|p2a: Amoonguss|Hex|p1a: Monster\n|-damage|p1a: Monster|91\/100\n|\n|upkeep\n|turn|18\n|c|\u2606TRaSHiNSeCT|gg wp\n|c|\u2606ogerused|gg\n|\n|t:|1698818343\n|-terastallize|p2a: Amoonguss|Water\n|move|p1a: Monster|Swords Dance|p1a: Monster\n|-boost|p1a: Monster|atk|2\n|move|p2a: Amoonguss|Hex|p1a: Monster\n|-damage|p1a: Monster|82\/100\n|\n|upkeep\n|turn|19\n|\n|t:|1698818350\n|move|p1a: Monster|Power Trip|p2a: Amoonguss\n|-damage|p2a: Amoonguss|1\/100\n|move|p2a: Amoonguss|Hex|p1a: Monster\n|-damage|p1a: Monster|72\/100\n|\n|upkeep\n|turn|20\n|\n|t:|1698818357\n|move|p1a: Monster|Power Trip|p2a: Amoonguss\n|-damage|p2a: Amoonguss|0 fnt\n|faint|p2a: Amoonguss\n|\n|-fieldend|move: Electric Terrain\n|upkeep\n|\n|t:|1698818362\n|switch|p2a: Torkoal|Torkoal, F|48\/100\n|-weather|SunnyDay|[from] ability: Drought|[of] p2a: Torkoal\n|turn|21\n|c|\u2606ogerused|Want to see my third move\n|\n|t:|1698818372\n|move|p1a: Monster|Agility|p1a: Monster\n|-boost|p1a: Monster|spe|2\n|move|p2a: Torkoal|Weather Ball|p1a: Monster\n|-damage|p1a: Monster|4\/100\n|\n|-weather|SunnyDay|[upkeep]\n|upkeep\n|turn|22\n|\n|t:|1698818380\n|move|p1a: Monster|Power Trip|p2a: Torkoal\n|-damage|p2a: Torkoal|0 fnt\n|faint|p2a: Torkoal\n|\n|win|ogerused\n","uploadtime":1698818389,"views":26,"p1id":"ogerused","p2id":"trashinsect","formatid":"gen9ubers","rating":0,"private":0,"password":""}