{"id":"gen9ubers-1992284921","p1":"IspamObjection","p2":"SwordIsBored","format":"[Gen 9] Ubers","log":"|j|\u2606IspamObjection\n|j|\u2606SwordIsBored\n|t:|1700170889\n|gametype|singles\n|player|p1|IspamObjection|lance-gen2|\n|player|p2|SwordIsBored|irida|\n|teamsize|p1|6\n|teamsize|p2|6\n|gen|9\n|tier|[Gen 9] Ubers\n|rule|Sleep Clause Mod: Limit one foe put to sleep\n|rule|Species Clause: Limit one of each Pok\u00e9mon\n|rule|OHKO Clause: OHKO moves are banned\n|rule|Evasion Items Clause: Evasion items are banned\n|rule|Evasion Moves Clause: Evasion moves are banned\n|rule|Endless Battle Clause: Forcing endless battles is banned\n|rule|HP Percentage Mod: HP is shown in percentages\n|clearpoke\n|poke|p1|Garchomp, F|\n|poke|p1|Espathra, F|\n|poke|p1|Cyclizar, M|\n|poke|p1|Chi-Yu|\n|poke|p1|Zacian-*|\n|poke|p1|Masquerain, F|\n|poke|p2|Tyranitar, M|\n|poke|p2|Palkia-Origin|\n|poke|p2|Magearna|\n|poke|p2|Houndstone, F|\n|poke|p2|Landorus, M|\n|poke|p2|Zacian-*|\n|teampreview\n|\n|t:|1700170908\n|start\n|switch|p1a: Cyclizar|Cyclizar, M|100\/100\n|switch|p2a: Landorus|Landorus, M|100\/100\n|turn|1\n|\n|t:|1700170940\n|move|p1a: Cyclizar|U-turn|p2a: Landorus\n|-resisted|p2a: Landorus\n|-crit|p2a: Landorus\n|-damage|p2a: Landorus|89\/100\n|\n|t:|1700170942\n|switch|p1a: Masquerain|Masquerain, F|100\/100|[from] U-turn\n|-ability|p1a: Masquerain|Intimidate|boost\n|-unboost|p2a: Landorus|atk|1\n|move|p2a: Landorus|U-turn|p1a: Masquerain\n|-resisted|p1a: Masquerain\n|-damage|p1a: Masquerain|85\/100\n|\n|t:|1700170947\n|switch|p2a: Palkia|Palkia-Origin|100\/100|[from] U-turn\n|-ability|p2a: Palkia|Pressure\n|\n|upkeep\n|turn|2\n|\n|t:|1700170952\n|move|p2a: Palkia|Fire Blast|p1a: Masquerain\n|-supereffective|p1a: Masquerain\n|-damage|p1a: Masquerain|0 fnt\n|faint|p1a: Masquerain\n|\n|upkeep\n|\n|t:|1700170968\n|switch|p1a: Garchover|Garchomp, F|100\/100\n|turn|3\n|\n|t:|1700170977\n|switch|p2a: Zacian|Zacian|100\/100\n|-ability|p2a: Zacian|Intrepid Sword|boost\n|-boost|p2a: Zacian|atk|1\n|move|p1a: Garchover|Stealth Rock|p2a: Zacian\n|-sidestart|p2: SwordIsBored|move: Stealth Rock\n|\n|upkeep\n|turn|4\n|\n|t:|1700170992\n|move|p2a: Zacian|Trailblaze|p1a: Garchover\n|-damage|p1a: Garchover|74\/100\n|-boost|p2a: Zacian|spe|1\n|-damage|p2a: Zacian|88\/100|[from] ability: Rough Skin|[of] p1a: Garchover\n|move|p1a: Garchover|Earthquake|p2a: Zacian\n|-damage|p2a: Zacian|41\/100\n|\n|upkeep\n|turn|5\n|\n|t:|1700171010\n|move|p2a: Zacian|Play Rough|p1a: Garchover\n|-supereffective|p1a: Garchover\n|-damage|p1a: Garchover|0 fnt\n|-damage|p2a: Zacian|29\/100|[from] ability: Rough Skin|[of] p1a: Garchover\n|faint|p1a: Garchover\n|\n|upkeep\n|\n|t:|1700171022\n|switch|p1a: Chi-Yu|Chi-Yu|100\/100\n|-ability|p1a: Chi-Yu|Beads of Ruin\n|turn|6\n|\n|t:|1700171034\n|move|p2a: Zacian|Play Rough|p1a: Chi-Yu\n|-damage|p1a: Chi-Yu|0 fnt\n|faint|p1a: Chi-Yu\n|\n|upkeep\n|\n|t:|1700171040\n|switch|p1a: Cyclizar|Cyclizar, M|100\/100\n|turn|7\n|\n|t:|1700171043\n|move|p2a: Zacian|Play Rough|p1a: Cyclizar\n|-supereffective|p1a: Cyclizar\n|-damage|p1a: Cyclizar|0 fnt\n|faint|p1a: Cyclizar\n|\n|upkeep\n|\n|t:|1700171047\n|switch|p1a: Zacian|Zacian|100\/100\n|-ability|p1a: Zacian|Intrepid Sword|boost\n|-boost|p1a: Zacian|atk|1\n|turn|8\n|\n|t:|1700171055\n|move|p2a: Zacian|Play Rough|p1a: Zacian\n|-damage|p1a: Zacian|44\/100\n|move|p1a: Zacian|Play Rough|p2a: Zacian\n|-damage|p2a: Zacian|0 fnt\n|faint|p2a: Zacian\n|\n|upkeep\n|\n|t:|1700171069\n|switch|p2a: Landorus|Landorus, M|89\/100\n|-damage|p2a: Landorus|76\/100|[from] Stealth Rock\n|turn|9\n|\n|t:|1700171079\n|move|p2a: Landorus|Earthquake|p1a: Zacian\n|-damage|p1a: Zacian|0 fnt\n|faint|p1a: Zacian\n|\n|upkeep\n|\n|t:|1700171081\n|switch|p1a: Espathra|Espathra, F|100\/100\n|turn|10\n|\n|t:|1700171087\n|switch|p2a: Tyranitar|Tyranitar, M|100\/100\n|-damage|p2a: Tyranitar|88\/100|[from] Stealth Rock\n|-weather|Sandstorm|[from] ability: Sand Stream|[of] p2a: Tyranitar\n|move|p1a: Espathra|Calm Mind|p1a: Espathra\n|-boost|p1a: Espathra|spa|1\n|-boost|p1a: Espathra|spd|1\n|\n|-weather|Sandstorm|[upkeep]\n|-damage|p1a: Espathra|94\/100|[from] Sandstorm\n|-heal|p1a: Espathra|100\/100|[from] item: Leftovers\n|-ability|p1a: Espathra|Speed Boost|boost\n|-boost|p1a: Espathra|spe|1\n|upkeep\n|turn|11\n|\n|t:|1700171102\n|-terastallize|p1a: Espathra|Fairy\n|move|p1a: Espathra|Calm Mind|p1a: Espathra\n|-boost|p1a: Espathra|spa|1\n|-boost|p1a: Espathra|spd|1\n|move|p2a: Tyranitar|Knock Off|p1a: Espathra\n|-resisted|p1a: Espathra\n|-damage|p1a: Espathra|75\/100\n|-enditem|p1a: Espathra|Leftovers|[from] move: Knock Off|[of] p2a: Tyranitar\n|\n|-weather|Sandstorm|[upkeep]\n|-damage|p1a: Espathra|69\/100|[from] Sandstorm\n|-ability|p1a: Espathra|Speed Boost|boost\n|-boost|p1a: Espathra|spe|1\n|upkeep\n|turn|12\n|\n|t:|1700171133\n|move|p1a: Espathra|Calm Mind|p1a: Espathra\n|-boost|p1a: Espathra|spa|1\n|-boost|p1a: Espathra|spd|1\n|move|p2a: Tyranitar|Thunder Wave|p1a: Espathra\n|-status|p1a: Espathra|par\n|\n|-weather|Sandstorm|[upkeep]\n|-damage|p1a: Espathra|63\/100 par|[from] Sandstorm\n|-ability|p1a: Espathra|Speed Boost|boost\n|-boost|p1a: Espathra|spe|1\n|upkeep\n|turn|13\n|\n|t:|1700171140\n|cant|p1a: Espathra|par\n|move|p2a: Tyranitar|Stone Edge|p1a: Espathra\n|-damage|p1a: Espathra|6\/100 par\n|\n|-weather|Sandstorm|[upkeep]\n|-damage|p1a: Espathra|0 fnt|[from] Sandstorm\n|faint|p1a: Espathra\n|\n|win|SwordIsBored\n|upkeep\n|c|\u2606SwordIsBored|gg\n|c|\u2606IspamObjection|gg\n","uploadtime":1700171146,"views":27,"p1id":"ispamobjection","p2id":"swordisbored","formatid":"gen9ubers","rating":0,"private":0,"password":""}