{"id":"gen9ubers-1975166827","p1":"Disconnect542","p2":"Zorua9469","format":"[Gen 9] Ubers","log":"|j|\u2606Disconnect542\n|j|\u2606Zorua9469\n|t:|1698167072\n|gametype|singles\n|player|p1|Disconnect542|veteran|\n|player|p2|Zorua9469|evelyn|\n|teamsize|p1|6\n|teamsize|p2|6\n|gen|9\n|tier|[Gen 9] Ubers\n|rule|Sleep Clause Mod: Limit one foe put to sleep\n|rule|Species Clause: Limit one of each Pok\u00e9mon\n|rule|OHKO Clause: OHKO moves are banned\n|rule|Evasion Items Clause: Evasion items are banned\n|rule|Evasion Moves Clause: Evasion moves are banned\n|rule|Endless Battle Clause: Forcing endless battles is banned\n|rule|HP Percentage Mod: HP is shown in percentages\n|clearpoke\n|poke|p1|Pelipper, M|\n|poke|p1|Milotic, F|\n|poke|p1|Empoleon, M|\n|poke|p1|Ludicolo, F|\n|poke|p1|Poliwrath, M|\n|poke|p1|Basculegion, M|\n|poke|p2|Annihilape, F|\n|poke|p2|Landorus-Therian, M|\n|poke|p2|Gliscor, F|\n|poke|p2|Glimmora, M|\n|poke|p2|Dipplin, M|\n|poke|p2|Gholdengo|\n|teampreview\n|\n|t:|1698167118\n|start\n|switch|p1a: Bird|Pelipper, M|100\/100\n|switch|p2a: Glimmora|Glimmora, M|100\/100\n|-weather|RainDance|[from] ability: Drizzle|[of] p1a: Bird\n|turn|1\n|\n|t:|1698167129\n|-terastallize|p2a: Glimmora|Poison\n|move|p2a: Glimmora|Spiky Shield|p2a: Glimmora\n|-singleturn|p2a: Glimmora|move: Protect\n|move|p1a: Bird|Tailwind|p1a: Bird\n|-sidestart|p1: Disconnect542|move: Tailwind\n|\n|-weather|RainDance|[upkeep]\n|upkeep\n|turn|2\n|\n|t:|1698167139\n|move|p1a: Bird|Knock Off|p2a: Glimmora\n|-damage|p2a: Glimmora|85\/100\n|-damage|p1a: Bird|84\/100|[from] item: Rocky Helmet|[of] p2a: Glimmora\n|-activate|p2a: Glimmora|ability: Toxic Debris\n|-sidestart|p1: Disconnect542|move: Toxic Spikes\n|-enditem|p2a: Glimmora|Rocky Helmet|[from] move: Knock Off|[of] p1a: Bird\n|move|p2a: Glimmora|Gunk Shot|p1a: Bird|[miss]\n|-miss|p2a: Glimmora|p1a: Bird\n|\n|-weather|RainDance|[upkeep]\n|upkeep\n|turn|3\n|\n|t:|1698167151\n|move|p1a: Bird|Liquidation|p2a: Glimmora\n|-damage|p2a: Glimmora|57\/100\n|-activate|p2a: Glimmora|ability: Toxic Debris\n|-sidestart|p1: Disconnect542|move: Toxic Spikes\n|move|p2a: Glimmora|Gunk Shot|p1a: Bird\n|-damage|p1a: Bird|44\/100\n|-status|p1a: Bird|psn\n|\n|-weather|RainDance|[upkeep]\n|-damage|p1a: Bird|32\/100 psn|[from] psn\n|upkeep\n|turn|4\n|\n|t:|1698167163\n|move|p1a: Bird|Protect|p1a: Bird\n|-singleturn|p1a: Bird|Protect\n|move|p2a: Glimmora|Acid Armor|p2a: Glimmora\n|-boost|p2a: Glimmora|def|2\n|\n|-weather|RainDance|[upkeep]\n|-damage|p1a: Bird|20\/100 psn|[from] psn\n|-sideend|p1: Disconnect542|move: Tailwind\n|upkeep\n|turn|5\n|\n|t:|1698167172\n|move|p2a: Glimmora|Spiky Shield|p2a: Glimmora\n|-singleturn|p2a: Glimmora|move: Protect\n|move|p1a: Bird|Tailwind|p1a: Bird\n|-sidestart|p1: Disconnect542|move: Tailwind\n|\n|-weather|none\n|-damage|p1a: Bird|7\/100 psn|[from] psn\n|upkeep\n|turn|6\n|\n|t:|1698167189\n|switch|p1a: Neptune|Empoleon, M|100\/100\n|move|p2a: Glimmora|Acid Armor|p2a: Glimmora\n|-boost|p2a: Glimmora|def|2\n|\n|upkeep\n|turn|7\n|\n|t:|1698167196\n|move|p1a: Neptune|Flip Turn|p2a: Glimmora\n|-damage|p2a: Glimmora|43\/100\n|-damage|p1a: Neptune|91\/100|[from] item: Life Orb\n|\n|t:|1698167201\n|switch|p1a: Bird|Pelipper, M|7\/100 psn|[from] Flip Turn\n|-weather|RainDance|[from] ability: Drizzle|[of] p1a: Bird\n|move|p2a: Glimmora|Ancient Power|p1a: Bird\n|-supereffective|p1a: Bird\n|-damage|p1a: Bird|0 fnt\n|faint|p1a: Bird\n|\n|-weather|RainDance|[upkeep]\n|upkeep\n|\n|t:|1698167210\n|switch|p1a: Fish\ud83d\udc20|Basculegion, M|100\/100\n|-status|p1a: Fish\ud83d\udc20|tox\n|turn|8\n|\n|t:|1698167218\n|move|p2a: Glimmora|Spiky Shield|p2a: Glimmora\n|-singleturn|p2a: Glimmora|move: Protect\n|move|p1a: Fish\ud83d\udc20|Phantom Force||[still]\n|-prepare|p1a: Fish\ud83d\udc20|Phantom Force\n|\n|-weather|RainDance|[upkeep]\n|-damage|p1a: Fish\ud83d\udc20|94\/100 tox|[from] psn\n|-sideend|p1: Disconnect542|move: Tailwind\n|upkeep\n|turn|9\n|\n|t:|1698167227\n|move|p2a: Glimmora|Acid Armor|p2a: Glimmora\n|-boost|p2a: Glimmora|def|2\n|move|p1a: Fish\ud83d\udc20|Phantom Force|p2a: Glimmora|[from]lockedmove\n|-damage|p2a: Glimmora|26\/100\n|\n|-weather|RainDance|[upkeep]\n|-damage|p1a: Fish\ud83d\udc20|82\/100 tox|[from] psn\n|upkeep\n|turn|10\n|\n|t:|1698167237\n|move|p2a: Glimmora|Ancient Power|p1a: Fish\ud83d\udc20\n|-damage|p1a: Fish\ud83d\udc20|52\/100 tox\n|move|p1a: Fish\ud83d\udc20|Flip Turn|p2a: Glimmora\n|-damage|p2a: Glimmora|5\/100\n|\n|t:|1698167244\n|switch|p1a: Kano|Milotic, F, shiny|100\/100|[from] Flip Turn\n|-status|p1a: Kano|tox\n|\n|-weather|RainDance|[upkeep]\n|-damage|p1a: Kano|94\/100 tox|[from] psn\n|upkeep\n|turn|11\n|\n|t:|1698167258\n|move|p2a: Glimmora|Ancient Power|p1a: Kano\n|-damage|p1a: Kano|74\/100 tox\n|move|p1a: Kano|Ice Beam|p2a: Glimmora\n|-damage|p2a: Glimmora|0 fnt\n|faint|p2a: Glimmora\n|\n|-weather|none\n|-heal|p1a: Kano|80\/100 tox|[from] item: Leftovers\n|-damage|p1a: Kano|68\/100 tox|[from] psn\n|upkeep\n|\n|t:|1698167274\n|switch|p2a: Gholdengo|Gholdengo|100\/100\n|turn|12\n|\n|t:|1698167298\n|switch|p1a: Co-co|Ludicolo, F|100\/100\n|-status|p1a: Co-co|tox\n|move|p2a: Gholdengo|Poltergeist|p1a: Co-co\n|-activate|p1a: Co-co|move: Poltergeist|Assault Vest\n|-damage|p1a: Co-co|36\/100 tox\n|\n|-damage|p1a: Co-co|30\/100 tox|[from] psn\n|upkeep\n|turn|13\n|\n|t:|1698167311\n|move|p1a: Co-co|Fake Out|p2a: Gholdengo\n|-immune|p2a: Gholdengo\n|move|p2a: Gholdengo|Dazzling Gleam|p1a: Co-co\n|-damage|p1a: Co-co|7\/100 tox\n|\n|-damage|p1a: Co-co|0 fnt|[from] psn\n|faint|p1a: Co-co\n|upkeep\n|\n|t:|1698167319\n|switch|p1a: Venox|Poliwrath, M|100\/100\n|-status|p1a: Venox|tox\n|turn|14\n|\n|t:|1698167329\n|move|p1a: Venox|Protect|p1a: Venox\n|-singleturn|p1a: Venox|Protect\n|move|p2a: Gholdengo|Dazzling Gleam|p1a: Venox\n|-activate|p1a: Venox|move: Protect\n|\n|-damage|p1a: Venox|94\/100 tox|[from] psn\n|upkeep\n|turn|15\n|\n|t:|1698167342\n|move|p2a: Gholdengo|Dazzling Gleam|p1a: Venox\n|-supereffective|p1a: Venox\n|-damage|p1a: Venox|35\/100 tox\n|move|p1a: Venox|Drain Punch|p2a: Gholdengo\n|-immune|p2a: Gholdengo\n|\n|-damage|p1a: Venox|22\/100 tox|[from] psn\n|upkeep\n|turn|16\n|\n|t:|1698167352\n|move|p2a: Gholdengo|Make It Rain|p1a: Venox\n|-resisted|p1a: Venox\n|-damage|p1a: Venox|0 fnt\n|-unboost|p2a: Gholdengo|spa|1\n|faint|p1a: Venox\n|\n|upkeep\n|\n|t:|1698167359\n|switch|p1a: Fish\ud83d\udc20|Basculegion, M|52\/100 tox\n|turn|17\n|\n|t:|1698167366\n|move|p2a: Gholdengo|Shadow Ball|p1a: Fish\ud83d\udc20\n|-supereffective|p1a: Fish\ud83d\udc20\n|-crit|p1a: Fish\ud83d\udc20\n|-damage|p1a: Fish\ud83d\udc20|0 fnt\n|faint|p1a: Fish\ud83d\udc20\n|\n|upkeep\n|\n|t:|1698167371\n|switch|p1a: Neptune|Empoleon, M|91\/100\n|turn|18\n|\n|t:|1698167383\n|move|p1a: Neptune|Aqua Jet|p2a: Gholdengo\n|-damage|p2a: Gholdengo|79\/100\n|-damage|p1a: Neptune|81\/100|[from] item: Life Orb\n|move|p2a: Gholdengo|Dazzling Gleam|p1a: Neptune\n|-resisted|p1a: Neptune\n|-damage|p1a: Neptune|73\/100\n|\n|upkeep\n|turn|19\n|\n|t:|1698167394\n|move|p1a: Neptune|Aqua Jet|p2a: Gholdengo\n|-damage|p2a: Gholdengo|56\/100\n|-damage|p1a: Neptune|63\/100|[from] item: Life Orb\n|move|p2a: Gholdengo|Poltergeist|p1a: Neptune\n|-activate|p1a: Neptune|move: Poltergeist|Life Orb\n|-damage|p1a: Neptune|25\/100\n|\n|upkeep\n|turn|20\n|\n|t:|1698167406\n|move|p2a: Gholdengo|Poltergeist|p1a: Neptune\n|-activate|p1a: Neptune|move: Poltergeist|Life Orb\n|-damage|p1a: Neptune|0 fnt\n|faint|p1a: Neptune\n|\n|upkeep\n|\n|t:|1698167412\n|switch|p1a: Kano|Milotic, F, shiny|68\/100 tox\n|turn|21\n|\n|t:|1698167418\n|move|p2a: Gholdengo|Poltergeist|p1a: Kano\n|-activate|p1a: Kano|move: Poltergeist|Leftovers\n|-damage|p1a: Kano|51\/100 tox\n|move|p1a: Kano|Scald|p2a: Gholdengo\n|-damage|p2a: Gholdengo|25\/100\n|\n|-heal|p1a: Kano|57\/100 tox|[from] item: Leftovers\n|-damage|p1a: Kano|51\/100 tox|[from] psn\n|upkeep\n|turn|22\n|\n|t:|1698167440\n|move|p2a: Gholdengo|Make It Rain|p1a: Kano\n|-resisted|p1a: Kano\n|-damage|p1a: Kano|38\/100 tox\n|-unboost|p2a: Gholdengo|spa|1\n|move|p1a: Kano|Recover|p1a: Kano\n|-heal|p1a: Kano|88\/100 tox\n|\n|-heal|p1a: Kano|94\/100 tox|[from] item: Leftovers\n|-damage|p1a: Kano|82\/100 tox|[from] psn\n|upkeep\n|turn|23\n|\n|t:|1698167453\n|move|p2a: Gholdengo|Shadow Ball|p1a: Kano\n|-damage|p1a: Kano|69\/100 tox\n|-unboost|p1a: Kano|spd|1\n|move|p1a: Kano|Scald|p2a: Gholdengo\n|-damage|p2a: Gholdengo|0 fnt\n|faint|p2a: Gholdengo\n|\n|-heal|p1a: Kano|75\/100 tox|[from] item: Leftovers\n|-damage|p1a: Kano|57\/100 tox|[from] psn\n|upkeep\n|\n|t:|1698167465\n|switch|p2a: Annihilape|Annihilape, F|100\/100\n|turn|24\n|\n|t:|1698167475\n|move|p1a: Kano|Scald|p2a: Annihilape\n|-damage|p2a: Annihilape|73\/100\n|move|p2a: Annihilape|Cross Chop|p1a: Kano\n|-damage|p1a: Kano|29\/100 tox\n|\n|-heal|p1a: Kano|35\/100 tox|[from] item: Leftovers\n|-heal|p2a: Annihilape|79\/100|[from] item: Leftovers\n|-damage|p1a: Kano|11\/100 tox|[from] psn\n|upkeep\n|turn|25\n|\n|t:|1698167486\n|move|p1a: Kano|Recover|p1a: Kano\n|-heal|p1a: Kano|61\/100 tox\n|move|p2a: Annihilape|Drain Punch|p1a: Kano\n|-damage|p1a: Kano|42\/100 tox\n|-heal|p2a: Annihilape|90\/100|[from] drain|[of] p1a: Kano\n|\n|-heal|p1a: Kano|48\/100 tox|[from] item: Leftovers\n|-heal|p2a: Annihilape|96\/100|[from] item: Leftovers\n|-damage|p1a: Kano|17\/100 tox|[from] psn\n|upkeep\n|turn|26\n|\n|t:|1698167498\n|-terastallize|p1a: Kano|Ice\n|move|p1a: Kano|Ice Beam|p2a: Annihilape\n|-damage|p2a: Annihilape|63\/100\n|move|p2a: Annihilape|Rage Fist|p1a: Kano\n|-damage|p1a: Kano|0 fnt\n|faint|p1a: Kano\n|\n|win|Zorua9469\n|l|\u2606Disconnect542\n","uploadtime":1698167510,"views":13,"p1id":"disconnect542","p2id":"zorua9469","formatid":"gen9ubers","rating":0,"private":0,"password":""}