{"id":"gen9ubers-1976332017","p1":"Anne Frankkkk","p2":"arthurtang","format":"[Gen 9] Ubers","log":"|j|\u2606Anne Frankkkk\n|j|\u2606arthurtang\n|t:|1698287633\n|gametype|singles\n|player|p1|Anne Frankkkk|hilbert|1052\n|player|p2|arthurtang|red|1055\n|teamsize|p1|6\n|teamsize|p2|6\n|gen|9\n|tier|[Gen 9] Ubers\n|rated|\n|rule|Sleep Clause Mod: Limit one foe put to sleep\n|rule|Species Clause: Limit one of each Pok\u00e9mon\n|rule|OHKO Clause: OHKO moves are banned\n|rule|Evasion Items Clause: Evasion items are banned\n|rule|Evasion Moves Clause: Evasion moves are banned\n|rule|Endless Battle Clause: Forcing endless battles is banned\n|rule|HP Percentage Mod: HP is shown in percentages\n|clearpoke\n|poke|p1|Iron Hands|\n|poke|p1|Kyogre|\n|poke|p1|Chien-Pao|\n|poke|p1|Ribombee, F|\n|poke|p1|Miraidon|\n|poke|p1|Flutter Mane|\n|poke|p2|Regieleki|\n|poke|p2|Gliscor, F|\n|poke|p2|Dragapult, M|\n|poke|p2|Annihilape, M|\n|poke|p2|Delphox, M|\n|poke|p2|Hariyama, F|\n|teampreview\n|inactive|Battle timer is ON: inactive players will automatically lose when time's up. (requested by Anne Frankkkk)\n|\n|t:|1698287643\n|start\n|switch|p1a: Moonblast|Ribombee, F, shiny|100\/100\n|switch|p2a: Gliscor|Gliscor, F|100\/100\n|turn|1\n|\n|t:|1698287650\n|move|p1a: Moonblast|Sticky Web|p2a: Gliscor\n|-sidestart|p2: arthurtang|move: Sticky Web\n|move|p2a: Gliscor|Stealth Rock|p1a: Moonblast\n|-sidestart|p1: Anne Frankkkk|move: Stealth Rock\n|\n|upkeep\n|turn|2\n|\n|t:|1698287653\n|move|p1a: Moonblast|Moonblast|p2a: Gliscor\n|-damage|p2a: Gliscor|53\/100\n|move|p2a: Gliscor|Spikes|p1a: Moonblast\n|-sidestart|p1: Anne Frankkkk|Spikes\n|\n|upkeep\n|turn|3\n|\n|t:|1698287657\n|move|p1a: Moonblast|Moonblast|p2a: Gliscor\n|-damage|p2a: Gliscor|4\/100\n|-unboost|p2a: Gliscor|spa|1\n|-enditem|p2a: Gliscor|Aguav Berry|[eat]\n|-heal|p2a: Gliscor|38\/100|[from] item: Aguav Berry\n|move|p2a: Gliscor|Spikes|p1a: Moonblast\n|-sidestart|p1: Anne Frankkkk|Spikes\n|\n|upkeep\n|turn|4\n|\n|t:|1698287662\n|move|p1a: Moonblast|Moonblast|p2a: Gliscor\n|-damage|p2a: Gliscor|0 fnt\n|faint|p2a: Gliscor\n|\n|upkeep\n|\n|t:|1698287670\n|switch|p2a: Delphox|Delphox, M|100\/100\n|-activate|p2a: Delphox|move: Sticky Web\n|-unboost|p2a: Delphox|spe|1\n|turn|5\n|\n|t:|1698287686\n|switch|p1a: Big Boy|Iron Hands, shiny|100\/100\n|-damage|p1a: Big Boy|94\/100|[from] Stealth Rock\n|-damage|p1a: Big Boy|78\/100|[from] Spikes\n|move|p2a: Delphox|Flamethrower|p1a: Big Boy\n|-damage|p1a: Big Boy|51\/100\n|-status|p1a: Big Boy|brn\n|-damage|p2a: Delphox|91\/100|[from] item: Life Orb\n|\n|-damage|p1a: Big Boy|45\/100 brn|[from] brn\n|upkeep\n|turn|6\n|\n|t:|1698287690\n|move|p1a: Big Boy|Fake Out|p2a: Delphox\n|-damage|p2a: Delphox|80\/100\n|cant|p2a: Delphox|flinch\n|\n|-damage|p1a: Big Boy|39\/100 brn|[from] brn\n|upkeep\n|turn|7\n|\n|t:|1698287693\n|move|p2a: Delphox|Psychic|p1a: Big Boy\n|-supereffective|p1a: Big Boy\n|-damage|p1a: Big Boy|0 fnt\n|faint|p1a: Big Boy\n|-end|p1a: Big Boy|Quark Drive|[silent]\n|-damage|p2a: Delphox|70\/100|[from] item: Life Orb\n|\n|upkeep\n|\n|t:|1698287699\n|switch|p1a: Ice Cat|Chien-Pao|100\/100\n|-damage|p1a: Ice Cat|76\/100|[from] Stealth Rock\n|-damage|p1a: Ice Cat|59\/100|[from] Spikes\n|-ability|p1a: Ice Cat|Sword of Ruin\n|turn|8\n|\n|t:|1698287704\n|move|p1a: Ice Cat|Sucker Punch|p2a: Delphox\n|-supereffective|p2a: Delphox\n|-damage|p2a: Delphox|0 fnt\n|faint|p2a: Delphox\n|-damage|p1a: Ice Cat|49\/100|[from] item: Life Orb\n|\n|upkeep\n|\n|t:|1698287710\n|switch|p2a: Hariyama|Hariyama, F|100\/100\n|-activate|p2a: Hariyama|move: Sticky Web\n|-unboost|p2a: Hariyama|spe|1\n|turn|9\n|\n|t:|1698287718\n|move|p1a: Ice Cat|Sacred Sword|p2a: Hariyama\n|-damage|p2a: Hariyama|39\/100\n|-damage|p1a: Ice Cat|39\/100|[from] item: Life Orb\n|move|p2a: Hariyama|Knock Off|p1a: Ice Cat\n|-resisted|p1a: Ice Cat\n|-damage|p1a: Ice Cat|18\/100\n|-enditem|p1a: Ice Cat|Life Orb|[from] move: Knock Off|[of] p2a: Hariyama\n|\n|-status|p2a: Hariyama|brn|[from] item: Flame Orb\n|upkeep\n|turn|10\n|\n|t:|1698287724\n|move|p1a: Ice Cat|Sacred Sword|p2a: Hariyama\n|-damage|p2a: Hariyama|0 fnt\n|faint|p2a: Hariyama\n|\n|upkeep\n|\n|t:|1698287728\n|switch|p2a: Regieleki|Regieleki|100\/100\n|-item|p2a: Regieleki|Air Balloon\n|turn|11\n|\n|t:|1698287734\n|switch|p1a: Misdreavius|Flutter Mane, shiny|100\/100\n|-damage|p1a: Misdreavius|88\/100|[from] Stealth Rock\n|-damage|p1a: Misdreavius|72\/100|[from] Spikes\n|-enditem|p1a: Misdreavius|Booster Energy\n|-activate|p1a: Misdreavius|ability: Protosynthesis|[fromitem]\n|-start|p1a: Misdreavius|protosynthesisspe\n|move|p2a: Regieleki|Volt Switch|p1a: Misdreavius\n|-damage|p1a: Misdreavius|25\/100\n|\n|t:|1698287740\n|switch|p2a: Dragapult|Dragapult, M|100\/100|[from] Volt Switch\n|-activate|p2a: Dragapult|move: Sticky Web\n|-unboost|p2a: Dragapult|spe|1\n|\n|upkeep\n|turn|12\n|\n|t:|1698287745\n|move|p1a: Misdreavius|Moonblast|p2a: Dragapult\n|-supereffective|p2a: Dragapult\n|-damage|p2a: Dragapult|0 fnt\n|faint|p2a: Dragapult\n|\n|upkeep\n|\n|t:|1698287747\n|switch|p2a: Annihilape|Annihilape, M|100\/100\n|-activate|p2a: Annihilape|move: Sticky Web\n|-unboost|p2a: Annihilape|spe|1\n|-ability|p2a: Annihilape|Defiant|boost\n|-boost|p2a: Annihilape|atk|2\n|turn|13\n|\n|t:|1698287750\n|move|p1a: Misdreavius|Moonblast|p2a: Annihilape\n|-supereffective|p2a: Annihilape\n|-damage|p2a: Annihilape|37\/100\n|move|p2a: Annihilape|Rage Fist|p1a: Misdreavius\n|-supereffective|p1a: Misdreavius\n|-damage|p1a: Misdreavius|0 fnt\n|faint|p1a: Misdreavius\n|-end|p1a: Misdreavius|Protosynthesis|[silent]\n|-damage|p2a: Annihilape|27\/100|[from] item: Life Orb\n|\n|upkeep\n|\n|t:|1698287758\n|switch|p1a: Ice Cat|Chien-Pao|18\/100\n|-damage|p1a: Ice Cat|0 fnt|[from] Stealth Rock\n|faint|p1a: Ice Cat\n|\n|t:|1698287762\n|switch|p1a: The Flood|Kyogre|100\/100\n|-damage|p1a: The Flood|88\/100|[from] Stealth Rock\n|-damage|p1a: The Flood|72\/100|[from] Spikes\n|-weather|RainDance|[from] ability: Drizzle|[of] p1a: The Flood\n|turn|14\n|\n|t:|1698287768\n|move|p1a: The Flood|Water Spout|p2a: Annihilape\n|-damage|p2a: Annihilape|0 fnt\n|faint|p2a: Annihilape\n|\n|-weather|RainDance|[upkeep]\n|upkeep\n|\n|t:|1698287770\n|switch|p2a: Regieleki|Regieleki|100\/100\n|-item|p2a: Regieleki|Air Balloon\n|turn|15\n|\n|t:|1698287773\n|move|p2a: Regieleki|Thunder Cage|p1a: The Flood\n|-supereffective|p1a: The Flood\n|-damage|p1a: The Flood|0 fnt\n|faint|p1a: The Flood\n|\n|-weather|RainDance|[upkeep]\n|upkeep\n|\n|t:|1698287775\n|switch|p1a: Cyber Lizard|Miraidon|100\/100\n|-damage|p1a: Cyber Lizard|88\/100|[from] Stealth Rock\n|-fieldstart|move: Electric Terrain|[from] ability: Hadron Engine|[of] p1a: Cyber Lizard\n|-item|p1a: Cyber Lizard|Air Balloon\n|turn|16\n|\n|t:|1698287780\n|move|p2a: Regieleki|Substitute|p2a: Regieleki\n|-start|p2a: Regieleki|Substitute\n|-damage|p2a: Regieleki|75\/100\n|move|p1a: Cyber Lizard|Calm Mind|p1a: Cyber Lizard\n|-boost|p1a: Cyber Lizard|spa|1\n|-boost|p1a: Cyber Lizard|spd|1\n|\n|-weather|RainDance|[upkeep]\n|upkeep\n|turn|17\n|\n|t:|1698287785\n|move|p2a: Regieleki|Thunder Cage|p1a: Cyber Lizard\n|-resisted|p1a: Cyber Lizard\n|-damage|p1a: Cyber Lizard|81\/100\n|-activate|p1a: Cyber Lizard|move: Thunder Cage|[of] p2a: Regieleki\n|-enditem|p1a: Cyber Lizard|Air Balloon\n|move|p1a: Cyber Lizard|Dragon Pulse|p2a: Regieleki\n|-end|p2a: Regieleki|Substitute\n|-enditem|p2a: Regieleki|Air Balloon\n|\n|-weather|RainDance|[upkeep]\n|-damage|p1a: Cyber Lizard|68\/100|[from] move: Thunder Cage|[partiallytrapped]\n|upkeep\n|turn|18\n|\n|t:|1698287789\n|move|p2a: Regieleki|Volt Switch|p1a: Cyber Lizard\n|-resisted|p1a: Cyber Lizard\n|-damage|p1a: Cyber Lizard|61\/100\n|move|p1a: Cyber Lizard|Dragon Pulse|p2a: Regieleki\n|-damage|p2a: Regieleki|0 fnt\n|faint|p2a: Regieleki\n|\n|win|Anne Frankkkk\n|raw|Anne Frankkkk's rating: 1052 &rarr; <strong>1084<\/strong><br \/>(+32 for winning)\n|raw|arthurtang's rating: 1055 &rarr; <strong>1037<\/strong><br \/>(-18 for losing)\n|l|\u2606arthurtang\n","uploadtime":1698287801,"views":12,"p1id":"annefrankkkk","p2id":"arthurtang","formatid":"gen9ubers","rating":1037,"private":0,"password":""}