{"id":"gen9ubers-1990327947","p1":"RubenPaCe","p2":"Steven Stone 007","format":"[Gen 9] Ubers","log":"|j|\u2606RubenPaCe\n|j|\u2606Steven Stone 007\n|t:|1699957414\n|gametype|singles\n|player|p1|RubenPaCe|camper|\n|player|p2|Steven Stone 007|steven|\n|teamsize|p1|6\n|teamsize|p2|6\n|gen|9\n|tier|[Gen 9] Ubers\n|rule|Sleep Clause Mod: Limit one foe put to sleep\n|rule|Species Clause: Limit one of each Pok\u00e9mon\n|rule|OHKO Clause: OHKO moves are banned\n|rule|Evasion Items Clause: Evasion items are banned\n|rule|Evasion Moves Clause: Evasion moves are banned\n|rule|Endless Battle Clause: Forcing endless battles is banned\n|rule|HP Percentage Mod: HP is shown in percentages\n|clearpoke\n|poke|p1|Pelipper, F|\n|poke|p1|Magearna|\n|poke|p1|Palkia-Origin|\n|poke|p1|Palafin, M|\n|poke|p1|Arceus-Grass|\n|poke|p1|Cyclizar, F|\n|poke|p2|Ninetales-Alola, F|\n|poke|p2|Baxcalibur, F|\n|poke|p2|Cyclizar, M|\n|poke|p2|Magearna|\n|poke|p2|Arceus-Poison|\n|poke|p2|Zacian-*|\n|teampreview\n|c|\u2606Steven Stone 007|One sec\n|\n|t:|1699957447\n|start\n|switch|p1a: Palafin|Palafin, M|100\/100\n|switch|p2a: Cyclizar|Cyclizar, M|100\/100\n|turn|1\n|\n|t:|1699957452\n|detailschange|p1a: Palafin|Palafin-Hero, M\n|switch|p1a: Magearna|Magearna|100\/100\n|move|p2a: Cyclizar|Shed Tail|p2a: Cyclizar\n|-start|p2a: Cyclizar|Substitute|[from] move: Shed Tail\n|-damage|p2a: Cyclizar|50\/100\n|\n|t:|1699957471\n|switch|p2a: Arceus|Arceus-Poison|100\/100|[from] Shed Tail\n|\n|upkeep\n|turn|2\n|\n|t:|1699957475\n|move|p2a: Arceus|Calm Mind|p2a: Arceus\n|-boost|p2a: Arceus|spa|1\n|-boost|p2a: Arceus|spd|1\n|move|p1a: Magearna|Volt Switch|p2a: Arceus\n|-activate|p2a: Arceus|move: Substitute|[damage]\n|\n|t:|1699957491\n|switch|p1a: Arceus|Arceus-Grass|100\/100|[from] Volt Switch\n|\n|upkeep\n|turn|3\n|\n|t:|1699957503\n|-terastallize|p1a: Arceus|Ground\n|move|p1a: Arceus|Calm Mind|p1a: Arceus\n|-boost|p1a: Arceus|spa|1\n|-boost|p1a: Arceus|spd|1\n|move|p2a: Arceus|Calm Mind|p2a: Arceus\n|-boost|p2a: Arceus|spa|1\n|-boost|p2a: Arceus|spd|1\n|\n|upkeep\n|turn|4\n|\n|t:|1699957509\n|move|p1a: Arceus|Calm Mind|p1a: Arceus\n|-boost|p1a: Arceus|spa|1\n|-boost|p1a: Arceus|spd|1\n|move|p2a: Arceus|Calm Mind|p2a: Arceus\n|-boost|p2a: Arceus|spa|1\n|-boost|p2a: Arceus|spd|1\n|\n|upkeep\n|turn|5\n|\n|t:|1699957511\n|move|p1a: Arceus|Earth Power|p2a: Arceus\n|-supereffective|p2a: Arceus\n|-end|p2a: Arceus|Substitute\n|move|p2a: Arceus|Calm Mind|p2a: Arceus\n|-boost|p2a: Arceus|spa|1\n|-boost|p2a: Arceus|spd|1\n|\n|upkeep\n|turn|6\n|\n|t:|1699957516\n|move|p1a: Arceus|Calm Mind|p1a: Arceus\n|-boost|p1a: Arceus|spa|1\n|-boost|p1a: Arceus|spd|1\n|move|p2a: Arceus|Giga Drain|p1a: Arceus\n|-supereffective|p1a: Arceus\n|-damage|p1a: Arceus|69\/100\n|\n|upkeep\n|turn|7\n|\n|t:|1699957520\n|move|p1a: Arceus|Earth Power|p2a: Arceus\n|-supereffective|p2a: Arceus\n|-damage|p2a: Arceus|66\/100\n|move|p2a: Arceus|Giga Drain|p1a: Arceus\n|-supereffective|p1a: Arceus\n|-damage|p1a: Arceus|34\/100\n|-heal|p2a: Arceus|84\/100|[from] drain|[of] p1a: Arceus\n|\n|upkeep\n|turn|8\n|\n|t:|1699957525\n|move|p1a: Arceus|Recover|p1a: Arceus\n|-heal|p1a: Arceus|84\/100\n|move|p2a: Arceus|Giga Drain|p1a: Arceus\n|-supereffective|p1a: Arceus\n|-damage|p1a: Arceus|51\/100\n|-heal|p2a: Arceus|99\/100|[from] drain|[of] p1a: Arceus\n|\n|upkeep\n|turn|9\n|\n|t:|1699957529\n|move|p1a: Arceus|Calm Mind|p1a: Arceus\n|-boost|p1a: Arceus|spa|1\n|-boost|p1a: Arceus|spd|1\n|move|p2a: Arceus|Calm Mind|p2a: Arceus\n|-boost|p2a: Arceus|spa|1\n|-boost|p2a: Arceus|spd|1\n|\n|upkeep\n|turn|10\n|\n|t:|1699957534\n|move|p1a: Arceus|Calm Mind|p1a: Arceus\n|-boost|p1a: Arceus|spa|1\n|-boost|p1a: Arceus|spd|1\n|move|p2a: Arceus|Giga Drain|p1a: Arceus\n|-supereffective|p1a: Arceus\n|-damage|p1a: Arceus|24\/100\n|-heal|p2a: Arceus|100\/100|[from] drain|[of] p1a: Arceus\n|\n|upkeep\n|turn|11\n|\n|t:|1699957539\n|move|p1a: Arceus|Recover|p1a: Arceus\n|-heal|p1a: Arceus|74\/100\n|move|p2a: Arceus|Calm Mind|p2a: Arceus\n|-boost|p2a: Arceus|spa|1\n|-boost|p2a: Arceus|spd|1\n|\n|upkeep\n|turn|12\n|\n|t:|1699957542\n|move|p1a: Arceus|Calm Mind|p1a: Arceus\n|-boost|p1a: Arceus|spa|1\n|-boost|p1a: Arceus|spd|1\n|move|p2a: Arceus|Giga Drain|p1a: Arceus\n|-supereffective|p1a: Arceus\n|-damage|p1a: Arceus|50\/100\n|\n|upkeep\n|turn|13\n|\n|t:|1699957544\n|move|p1a: Arceus|Recover|p1a: Arceus\n|-heal|p1a: Arceus|99\/100\n|move|p2a: Arceus|Giga Drain|p1a: Arceus\n|-supereffective|p1a: Arceus\n|-damage|p1a: Arceus|75\/100\n|\n|upkeep\n|turn|14\n|\n|t:|1699957547\n|move|p1a: Arceus|Earth Power|p2a: Arceus\n|-supereffective|p2a: Arceus\n|-damage|p2a: Arceus|56\/100\n|move|p2a: Arceus|Giga Drain|p1a: Arceus\n|-supereffective|p1a: Arceus\n|-damage|p1a: Arceus|47\/100\n|-heal|p2a: Arceus|70\/100|[from] drain|[of] p1a: Arceus\n|\n|upkeep\n|turn|15\n|\n|t:|1699957551\n|move|p1a: Arceus|Earth Power|p2a: Arceus\n|-supereffective|p2a: Arceus\n|-damage|p2a: Arceus|29\/100\n|move|p2a: Arceus|Giga Drain|p1a: Arceus\n|-supereffective|p1a: Arceus\n|-damage|p1a: Arceus|22\/100\n|-heal|p2a: Arceus|41\/100|[from] drain|[of] p1a: Arceus\n|\n|upkeep\n|turn|16\n|\n|t:|1699957554\n|move|p1a: Arceus|Earth Power|p2a: Arceus\n|-supereffective|p2a: Arceus\n|-damage|p2a: Arceus|0 fnt\n|faint|p2a: Arceus\n|\n|upkeep\n|\n|t:|1699957562\n|switch|p2a: Zacian|Zacian|100\/100\n|-ability|p2a: Zacian|Intrepid Sword|boost\n|-boost|p2a: Zacian|atk|1\n|turn|17\n|\n|t:|1699957566\n|move|p2a: Zacian|Close Combat|p1a: Arceus\n|-damage|p1a: Arceus|0 fnt\n|-unboost|p2a: Zacian|def|1\n|-unboost|p2a: Zacian|spd|1\n|faint|p1a: Arceus\n|\n|upkeep\n|\n|t:|1699957568\n|switch|p1a: Pelipper|Pelipper, F|100\/100\n|-weather|RainDance|[from] ability: Drizzle|[of] p1a: Pelipper\n|turn|18\n|\n|t:|1699957571\n|move|p2a: Zacian|Play Rough|p1a: Pelipper\n|-damage|p1a: Pelipper|51\/100\n|move|p1a: Pelipper|U-turn|p2a: Zacian\n|-resisted|p2a: Zacian\n|-damage|p2a: Zacian|94\/100\n|\n|t:|1699957574\n|switch|p1a: Palafin|Palafin-Hero, M|100\/100|[from] U-turn\n|-activate|p1a: Palafin|ability: Zero to Hero\n|\n|-weather|RainDance|[upkeep]\n|upkeep\n|turn|19\n|\n|t:|1699957577\n|switch|p2a: Ninetales|Ninetales-Alola, F|100\/100\n|-weather|Snow|[from] ability: Snow Warning|[of] p2a: Ninetales\n|move|p1a: Palafin|Bulk Up|p1a: Palafin\n|-boost|p1a: Palafin|atk|1\n|-boost|p1a: Palafin|def|1\n|\n|-weather|Snow|[upkeep]\n|upkeep\n|turn|20\n|\n|t:|1699957583\n|switch|p1a: Pelipper|Pelipper, F|51\/100\n|-weather|RainDance|[from] ability: Drizzle|[of] p1a: Pelipper\n|move|p2a: Ninetales|Encore||[still]\n|-fail|p2a: Ninetales\n|\n|-weather|RainDance|[upkeep]\n|upkeep\n|turn|21\n|\n|t:|1699957588\n|switch|p1a: Magearna|Magearna|100\/100\n|move|p2a: Ninetales|Freeze-Dry|p1a: Magearna\n|-resisted|p1a: Magearna\n|-damage|p1a: Magearna|94\/100\n|\n|-weather|RainDance|[upkeep]\n|-heal|p1a: Magearna|100\/100|[from] item: Leftovers\n|upkeep\n|turn|22\n|\n|t:|1699957596\n|switch|p2a: Magearna|Magearna|100\/100\n|move|p1a: Magearna|Thunder Wave|p2a: Magearna\n|-status|p2a: Magearna|par\n|\n|-weather|RainDance|[upkeep]\n|upkeep\n|turn|23\n|\n|t:|1699957604\n|move|p1a: Magearna|Spikes|p2a: Magearna\n|-sidestart|p2: Steven Stone 007|Spikes\n|move|p2a: Magearna|Thunder Wave|p1a: Magearna\n|-status|p1a: Magearna|par\n|\n|-weather|RainDance|[upkeep]\n|upkeep\n|turn|24\n|\n|t:|1699957609\n|switch|p2a: Cyclizar|Cyclizar, M|84\/100\n|-damage|p2a: Cyclizar|71\/100|[from] Spikes\n|move|p1a: Magearna|Spikes|p2a: Cyclizar\n|-sidestart|p2: Steven Stone 007|Spikes\n|\n|-weather|RainDance|[upkeep]\n|upkeep\n|turn|25\n|\n|t:|1699957615\n|move|p2a: Cyclizar|Shed Tail|p2a: Cyclizar\n|-start|p2a: Cyclizar|Substitute|[from] move: Shed Tail\n|-damage|p2a: Cyclizar|21\/100\n|\n|t:|1699957618\n|switch|p2a: Baxcalibur|Baxcalibur, F|100\/100|[from] Shed Tail\n|-damage|p2a: Baxcalibur|84\/100|[from] Spikes\n|cant|p1a: Magearna|par\n|\n|-weather|RainDance|[upkeep]\n|upkeep\n|turn|26\n|\n|t:|1699957628\n|move|p2a: Baxcalibur|Swords Dance|p2a: Baxcalibur\n|-boost|p2a: Baxcalibur|atk|2\n|move|p1a: Magearna|Fleur Cannon|p2a: Baxcalibur\n|-supereffective|p2a: Baxcalibur\n|-end|p2a: Baxcalibur|Substitute\n|-unboost|p1a: Magearna|spa|2\n|\n|-weather|RainDance|[upkeep]\n|upkeep\n|turn|27\n|\n|t:|1699957635\n|move|p2a: Baxcalibur|Earthquake|p1a: Magearna\n|-supereffective|p1a: Magearna\n|-damage|p1a: Magearna|0 fnt\n|faint|p1a: Magearna\n|\n|-weather|none\n|upkeep\n|\n|t:|1699957637\n|switch|p1a: Palkia|Palkia-Origin|100\/100\n|-ability|p1a: Palkia|Pressure\n|turn|28\n|\n|t:|1699957645\n|-terastallize|p2a: Baxcalibur|Fairy\n|move|p1a: Palkia|Hydro Pump|p2a: Baxcalibur|[miss]\n|-miss|p1a: Palkia|p2a: Baxcalibur\n|move|p2a: Baxcalibur|Scale Shot|p1a: Palkia|[miss]\n|-miss|p2a: Baxcalibur|p1a: Palkia\n|\n|upkeep\n|turn|29\n|\n|t:|1699957649\n|move|p1a: Palkia|Hydro Pump|p2a: Baxcalibur\n|-damage|p2a: Baxcalibur|8\/100\n|move|p2a: Baxcalibur|Scale Shot|p1a: Palkia\n|-supereffective|p1a: Palkia\n|-damage|p1a: Palkia|42\/100\n|-supereffective|p1a: Palkia\n|-damage|p1a: Palkia|0 fnt\n|faint|p1a: Palkia\n|-hitcount|p1: Palkia|2\n|-unboost|p2a: Baxcalibur|def|1\n|-boost|p2a: Baxcalibur|spe|1\n|\n|upkeep\n|\n|t:|1699957653\n|switch|p1a: Palafin|Palafin-Hero, M|100\/100\n|turn|30\n|\n|t:|1699957656\n|move|p1a: Palafin|Jet Punch|p2a: Baxcalibur\n|-damage|p2a: Baxcalibur|0 fnt\n|faint|p2a: Baxcalibur\n|\n|upkeep\n|\n|t:|1699957658\n|switch|p2a: Ninetales|Ninetales-Alola, F|100\/100\n|-damage|p2a: Ninetales|84\/100|[from] Spikes\n|-weather|Snow|[from] ability: Snow Warning|[of] p2a: Ninetales\n|turn|31\n|\n|t:|1699957671\n|switch|p1a: Pelipper|Pelipper, F|51\/100\n|-weather|RainDance|[from] ability: Drizzle|[of] p1a: Pelipper\n|move|p2a: Ninetales|Freeze-Dry|p1a: Pelipper\n|-supereffective|p1a: Pelipper\n|-damage|p1a: Pelipper|0 fnt\n|faint|p1a: Pelipper\n|\n|-weather|RainDance|[upkeep]\n|upkeep\n|\n|t:|1699957673\n|switch|p1a: Palafin|Palafin-Hero, M|100\/100\n|turn|32\n|\n|t:|1699957680\n|switch|p2a: Magearna|Magearna|100\/100 par\n|-damage|p2a: Magearna|84\/100 par|[from] Spikes\n|move|p1a: Palafin|Jet Punch|p2a: Magearna\n|-damage|p2a: Magearna|37\/100 par\n|\n|-weather|RainDance|[upkeep]\n|-heal|p2a: Magearna|43\/100 par|[from] item: Leftovers\n|upkeep\n|turn|33\n|\n|t:|1699957683\n|move|p1a: Palafin|Jet Punch|p2a: Magearna\n|-damage|p2a: Magearna|0 fnt\n|faint|p2a: Magearna\n|\n|-weather|RainDance|[upkeep]\n|upkeep\n|\n|t:|1699957685\n|switch|p2a: Ninetales|Ninetales-Alola, F|84\/100\n|-damage|p2a: Ninetales|67\/100|[from] Spikes\n|-weather|Snow|[from] ability: Snow Warning|[of] p2a: Ninetales\n|turn|34\n|\n|t:|1699957693\n|move|p2a: Ninetales|Aurora Veil|p2a: Ninetales\n|-sidestart|p2: Steven Stone 007|move: Aurora Veil\n|move|p1a: Palafin|Bulk Up|p1a: Palafin\n|-boost|p1a: Palafin|atk|1\n|-boost|p1a: Palafin|def|1\n|\n|-weather|Snow|[upkeep]\n|upkeep\n|turn|35\n|\n|t:|1699957696\n|move|p1a: Palafin|Jet Punch|p2a: Ninetales\n|-damage|p2a: Ninetales|43\/100\n|move|p2a: Ninetales|Encore|p1a: Palafin\n|-start|p1a: Palafin|Encore\n|\n|-weather|Snow|[upkeep]\n|upkeep\n|turn|36\n|\n|t:|1699957699\n|move|p1a: Palafin|Jet Punch|p2a: Ninetales\n|-damage|p2a: Ninetales|17\/100\n|move|p2a: Ninetales|Freeze-Dry|p1a: Palafin\n|-supereffective|p1a: Palafin\n|-crit|p1a: Palafin\n|-damage|p1a: Palafin|41\/100\n|\n|-weather|Snow|[upkeep]\n|upkeep\n|turn|37\n|\n|t:|1699957705\n|move|p1a: Palafin|Jet Punch|p2a: Ninetales\n|-damage|p2a: Ninetales|0 fnt\n|faint|p2a: Ninetales\n|\n|-weather|Snow|[upkeep]\n|upkeep\n|\n|t:|1699957706\n|switch|p2a: Cyclizar|Cyclizar, M|54\/100\n|-damage|p2a: Cyclizar|38\/100|[from] Spikes\n|turn|38\n|\n|t:|1699957710\n|move|p1a: Palafin|Jet Punch|p2a: Cyclizar\n|-resisted|p2a: Cyclizar\n|-damage|p2a: Cyclizar|19\/100\n|move|p2a: Cyclizar|Draco Meteor|p1a: Palafin|[miss]\n|-miss|p2a: Cyclizar|p1a: Palafin\n|\n|-weather|none\n|-end|p1a: Palafin|Encore\n|upkeep\n|turn|39\n|\n|t:|1699957717\n|move|p1a: Palafin|Jet Punch|p2a: Cyclizar\n|-resisted|p2a: Cyclizar\n|-damage|p2a: Cyclizar|0 fnt\n|faint|p2a: Cyclizar\n|\n|upkeep\n|\n|t:|1699957721\n|switch|p2a: Zacian|Zacian|94\/100\n|turn|40\n|\n|t:|1699957734\n|move|p2a: Zacian|Swords Dance|p2a: Zacian\n|-boost|p2a: Zacian|atk|2\n|move|p1a: Palafin|Flip Turn|p2a: Zacian\n|-damage|p2a: Zacian|60\/100\n|\n|t:|1699957735\n|switch|p1a: Cyclizar|Cyclizar, F|100\/100|[from] Flip Turn\n|\n|upkeep\n|turn|41\n|\n|t:|1699957741\n|move|p2a: Zacian|Play Rough|p1a: Cyclizar\n|-supereffective|p1a: Cyclizar\n|-damage|p1a: Cyclizar|0 fnt\n|faint|p1a: Cyclizar\n|\n|-sideend|p2: Steven Stone 007|move: Aurora Veil\n|upkeep\n|\n|t:|1699957743\n|switch|p1a: Palafin|Palafin-Hero, M|41\/100\n|turn|42\n|\n|t:|1699957744\n|move|p1a: Palafin|Jet Punch|p2a: Zacian\n|-damage|p2a: Zacian|21\/100\n|move|p2a: Zacian|Close Combat|p1a: Palafin\n|-damage|p1a: Palafin|0 fnt\n|-unboost|p2a: Zacian|def|1\n|-unboost|p2a: Zacian|spd|1\n|faint|p1a: Palafin\n|\n|win|Steven Stone 007\n|c|\u2606RubenPaCe|gg\n|c|\u2606RubenPaCe|no band makes it so fucking weak\n","uploadtime":1699957750,"views":11,"p1id":"rubenpace","p2id":"stevenstone007","formatid":"gen9ubers","rating":0,"private":0,"password":""}