{"id":"gen9ubers-1994409800","p1":"wsjlyr","p2":"Itsmeheats","format":"[Gen 9] Ubers","log":"|j|\u2606wsjlyr\n|j|\u2606Itsmeheats\n|t:|1700440726\n|gametype|singles\n|player|p1|wsjlyr|lucas|1333\n|player|p2|Itsmeheats|ghetsis|1324\n|teamsize|p1|6\n|teamsize|p2|6\n|gen|9\n|tier|[Gen 9] Ubers\n|rated|\n|rule|Sleep Clause Mod: Limit one foe put to sleep\n|rule|Species Clause: Limit one of each Pok\u00e9mon\n|rule|OHKO Clause: OHKO moves are banned\n|rule|Evasion Items Clause: Evasion items are banned\n|rule|Evasion Moves Clause: Evasion moves are banned\n|rule|Endless Battle Clause: Forcing endless battles is banned\n|rule|HP Percentage Mod: HP is shown in percentages\n|clearpoke\n|poke|p1|Chien-Pao|\n|poke|p1|Flutter Mane|\n|poke|p1|Koraidon|\n|poke|p1|Zacian-*|\n|poke|p1|Arceus-Water|\n|poke|p1|Ditto|\n|poke|p2|Iron Bundle|\n|poke|p2|Miraidon|\n|poke|p2|Kyogre|\n|poke|p2|Grimmsnarl, M|\n|poke|p2|Flutter Mane|\n|poke|p2|Groudon|\n|teampreview\n|inactive|Battle timer is ON: inactive players will automatically lose when time's up. (requested by wsjlyr)\n|\n|t:|1700440742\n|start\n|switch|p1a: Ditto|Ditto|100\/100\n|switch|p2a: Grimmsnarl|Grimmsnarl, M|100\/100\n|-transform|p1a: Ditto|p2a: Grimmsnarl|[from] ability: Imposter\n|turn|1\n|\n|t:|1700440759\n|move|p1a: Ditto|Light Screen|p1a: Ditto\n|-sidestart|p1: wsjlyr|move: Light Screen\n|move|p2a: Grimmsnarl|Reflect|p2a: Grimmsnarl\n|-sidestart|p2: Itsmeheats|Reflect\n|\n|upkeep\n|turn|2\n|\n|t:|1700440766\n|switch|p1a: Chien-Pao|Chien-Pao|100\/100\n|-ability|p1a: Chien-Pao|Sword of Ruin\n|move|p2a: Grimmsnarl|Light Screen|p2a: Grimmsnarl\n|-sidestart|p2: Itsmeheats|move: Light Screen\n|\n|upkeep\n|turn|3\n|\n|t:|1700440783\n|switch|p2a: Groudon|Groudon|100\/100\n|-weather|SunnyDay|[from] ability: Drought|[of] p2a: Groudon\n|move|p1a: Chien-Pao|Icicle Crash|p2a: Groudon\n|-supereffective|p2a: Groudon\n|-damage|p2a: Groudon|61\/100\n|\n|-weather|SunnyDay|[upkeep]\n|-heal|p2a: Groudon|68\/100|[from] item: Leftovers\n|upkeep\n|turn|4\n|\n|t:|1700440787\n|move|p1a: Chien-Pao|Icicle Crash|p2a: Groudon\n|-supereffective|p2a: Groudon\n|-damage|p2a: Groudon|27\/100\n|move|p2a: Groudon|Fire Punch|p1a: Chien-Pao\n|-supereffective|p1a: Chien-Pao\n|-damage|p1a: Chien-Pao|0 fnt\n|faint|p1a: Chien-Pao\n|\n|-weather|SunnyDay|[upkeep]\n|-heal|p2a: Groudon|33\/100|[from] item: Leftovers\n|upkeep\n|\n|t:|1700440799\n|switch|p1a: Koraidon|Koraidon|100\/100\n|-activate|p1a: Koraidon|ability: Orichalcum Pulse\n|turn|5\n|\n|t:|1700440804\n|move|p1a: Koraidon|Flare Blitz|p2a: Groudon\n|-damage|p2a: Groudon|4\/100\n|-damage|p1a: Koraidon|90\/100|[from] Recoil\n|move|p2a: Groudon|Earthquake|p1a: Koraidon\n|-damage|p1a: Koraidon|37\/100\n|\n|-weather|SunnyDay|[upkeep]\n|-heal|p2a: Groudon|10\/100|[from] item: Leftovers\n|-sideend|p1: wsjlyr|move: Light Screen\n|upkeep\n|turn|6\n|\n|t:|1700440812\n|move|p1a: Koraidon|Flare Blitz|p2a: Groudon\n|-damage|p2a: Groudon|0 fnt\n|faint|p2a: Groudon\n|-damage|p1a: Koraidon|33\/100|[from] Recoil\n|\n|-weather|SunnyDay|[upkeep]\n|upkeep\n|\n|t:|1700440814\n|switch|p2a: Flutter Mane|Flutter Mane|100\/100\n|-activate|p2a: Flutter Mane|ability: Protosynthesis\n|-start|p2a: Flutter Mane|protosynthesisspe\n|turn|7\n|\n|t:|1700440826\n|move|p2a: Flutter Mane|Moonblast|p1a: Koraidon\n|-supereffective|p1a: Koraidon\n|-damage|p1a: Koraidon|0 fnt\n|faint|p1a: Koraidon\n|\n|-weather|none\n|-end|p2a: Flutter Mane|Protosynthesis\n|upkeep\n|\n|t:|1700440834\n|switch|p1a: Arceus|Arceus-Water|100\/100\n|turn|8\n|\n|t:|1700440845\n|move|p2a: Flutter Mane|Thunderbolt|p1a: Arceus\n|-supereffective|p1a: Arceus\n|-damage|p1a: Arceus|65\/100\n|move|p1a: Arceus|Thunder Wave|p2a: Flutter Mane\n|-status|p2a: Flutter Mane|par\n|\n|-sideend|p2: Itsmeheats|Reflect\n|upkeep\n|turn|9\n|\n|t:|1700440849\n|move|p1a: Arceus|Judgment|p2a: Flutter Mane\n|-damage|p2a: Flutter Mane|80\/100 par\n|move|p2a: Flutter Mane|Thunderbolt|p1a: Arceus\n|-supereffective|p1a: Arceus\n|-damage|p1a: Arceus|29\/100\n|\n|-sideend|p2: Itsmeheats|move: Light Screen\n|upkeep\n|turn|10\n|\n|t:|1700440853\n|move|p1a: Arceus|Recover|p1a: Arceus\n|-heal|p1a: Arceus|79\/100\n|move|p2a: Flutter Mane|Thunderbolt|p1a: Arceus\n|-supereffective|p1a: Arceus\n|-damage|p1a: Arceus|44\/100\n|\n|upkeep\n|turn|11\n|\n|t:|1700440862\n|-end|p2a: Flutter Mane|Protosynthesis|[silent]\n|switch|p2a: Iron Bundle|Iron Bundle|100\/100\n|move|p1a: Arceus|Recover|p1a: Arceus\n|-heal|p1a: Arceus|94\/100\n|\n|upkeep\n|turn|12\n|\n|t:|1700440867\n|-terastallize|p2a: Iron Bundle|Ice\n|move|p2a: Iron Bundle|Freeze-Dry|p1a: Arceus\n|-supereffective|p1a: Arceus\n|-damage|p1a: Arceus|27\/100\n|-damage|p2a: Iron Bundle|91\/100|[from] item: Life Orb\n|move|p1a: Arceus|Thunder Wave|p2a: Iron Bundle|[miss]\n|-miss|p1a: Arceus|p2a: Iron Bundle\n|\n|upkeep\n|turn|13\n|\n|t:|1700440877\n|move|p2a: Iron Bundle|Freeze-Dry|p1a: Arceus\n|-supereffective|p1a: Arceus\n|-damage|p1a: Arceus|0 fnt\n|faint|p1a: Arceus\n|-damage|p2a: Iron Bundle|81\/100|[from] item: Life Orb\n|\n|upkeep\n|\n|t:|1700440881\n|switch|p1a: Zacian|Zacian-Crowned|100\/100\n|-ability|p1a: Zacian|Intrepid Sword|boost\n|-boost|p1a: Zacian|atk|1\n|turn|14\n|\n|t:|1700440891\n|-end|p2a: Iron Bundle|Quark Drive|[silent]\n|switch|p2a: Flutter Mane|Flutter Mane|80\/100 par\n|move|p1a: Zacian|Trailblaze|p2a: Flutter Mane\n|-damage|p2a: Flutter Mane|18\/100 par\n|-boost|p1a: Zacian|spe|1\n|\n|upkeep\n|turn|15\n|\n|t:|1700440899\n|move|p1a: Zacian|Trailblaze|p2a: Flutter Mane\n|-damage|p2a: Flutter Mane|0 fnt\n|-boost|p1a: Zacian|spe|1\n|faint|p2a: Flutter Mane\n|-end|p2a: Flutter Mane|Protosynthesis|[silent]\n|\n|upkeep\n|\n|t:|1700440902\n|switch|p2a: Grimmsnarl|Grimmsnarl, M|100\/100\n|turn|16\n|\n|t:|1700440908\n|move|p2a: Grimmsnarl|Reflect|p2a: Grimmsnarl\n|-sidestart|p2: Itsmeheats|Reflect\n|move|p1a: Zacian|Behemoth Blade|p2a: Grimmsnarl\n|-supereffective|p2a: Grimmsnarl\n|-damage|p2a: Grimmsnarl|0 fnt\n|faint|p2a: Grimmsnarl\n|\n|upkeep\n|\n|t:|1700440922\n|switch|p2a: Miraidon|Miraidon|100\/100\n|-fieldstart|move: Electric Terrain|[from] ability: Hadron Engine|[of] p2a: Miraidon\n|turn|17\n|\n|t:|1700440927\n|move|p1a: Zacian|Behemoth Blade|p2a: Miraidon\n|-resisted|p2a: Miraidon\n|-damage|p2a: Miraidon|78\/100\n|move|p2a: Miraidon|Electro Drift|p1a: Zacian\n|-damage|p1a: Zacian|16\/100\n|\n|upkeep\n|turn|18\n|\n|t:|1700440935\n|move|p1a: Zacian|Play Rough|p2a: Miraidon\n|-supereffective|p2a: Miraidon\n|-damage|p2a: Miraidon|0 fnt\n|faint|p2a: Miraidon\n|\n|upkeep\n|\n|t:|1700440942\n|switch|p2a: Kyogre|Kyogre|100\/100\n|-weather|RainDance|[from] ability: Drizzle|[of] p2a: Kyogre\n|turn|19\n|\n|t:|1700440946\n|move|p1a: Zacian|Wild Charge|p2a: Kyogre\n|-supereffective|p2a: Kyogre\n|-damage|p2a: Kyogre|27\/100\n|-damage|p1a: Zacian|0 fnt|[from] Recoil\n|faint|p1a: Zacian\n|move|p2a: Kyogre|Water Spout|p1: Zacian|[notarget]\n|-fail|p2a: Kyogre\n|\n|-weather|RainDance|[upkeep]\n|upkeep\n|\n|t:|1700440950\n|switch|p1a: Ditto|Ditto|100\/100\n|-transform|p1a: Ditto|p2a: Kyogre|[from] ability: Imposter\n|turn|20\n|\n|t:|1700440953\n|move|p2a: Kyogre|Water Spout|p1a: Ditto\n|-resisted|p1a: Ditto\n|-damage|p1a: Ditto|86\/100\n|move|p1a: Ditto|Thunder|p2a: Kyogre\n|-supereffective|p2a: Kyogre\n|-damage|p2a: Kyogre|0 fnt\n|faint|p2a: Kyogre\n|\n|-weather|RainDance|[upkeep]\n|upkeep\n|\n|t:|1700440957\n|switch|p2a: Iron Bundle|Iron Bundle, tera:Ice|81\/100\n|-activate|p2a: Iron Bundle|ability: Quark Drive\n|-start|p2a: Iron Bundle|quarkdrivespe\n|turn|21\n|\n|t:|1700440959\n|move|p2a: Iron Bundle|Freeze-Dry|p1a: Ditto\n|-supereffective|p1a: Ditto\n|-damage|p1a: Ditto|0 fnt\n|faint|p1a: Ditto\n|-damage|p2a: Iron Bundle|71\/100|[from] item: Life Orb\n|\n|-weather|RainDance|[upkeep]\n|-fieldend|move: Electric Terrain\n|-end|p2a: Iron Bundle|Quark Drive\n|upkeep\n|\n|t:|1700440963\n|switch|p1a: Flutter Mane|Flutter Mane|100\/100\n|turn|22\n|\n|t:|1700440969\n|-terastallize|p1a: Flutter Mane|Fairy\n|move|p2a: Iron Bundle|Hydro Pump|p1a: Flutter Mane\n|-damage|p1a: Flutter Mane|0 fnt\n|faint|p1a: Flutter Mane\n|-end|p1a: Flutter Mane|Protosynthesis|[silent]\n|-damage|p2a: Iron Bundle|61\/100|[from] item: Life Orb\n|\n|win|Itsmeheats\n|raw|wsjlyr's rating: 1333 &rarr; <strong>1312<\/strong><br \/>(-21 for losing)\n|raw|Itsmeheats's rating: 1324 &rarr; <strong>1345<\/strong><br \/>(+21 for winning)\n|l|\u2606wsjlyr\n|c|\u2606Itsmeheats|gg\n","uploadtime":1700440986,"views":10,"p1id":"wsjlyr","p2id":"itsmeheats","formatid":"gen9ubers","rating":1312,"private":0,"password":""}