{"id":"gen9ubers-1970816542","p1":"1844man","p2":"Oomaester1234","format":"[Gen 9] Ubers","log":"|j|\u26061844man\n|j|\u2606Oomaester1234\n|t:|1697670065\n|gametype|singles\n|player|p1|1844man|2|1022\n|player|p2|Oomaester1234|teamrocket|1191\n|teamsize|p1|6\n|teamsize|p2|6\n|gen|9\n|tier|[Gen 9] Ubers\n|rated|\n|rule|Sleep Clause Mod: Limit one foe put to sleep\n|rule|Species Clause: Limit one of each Pok\u00e9mon\n|rule|OHKO Clause: OHKO moves are banned\n|rule|Evasion Items Clause: Evasion items are banned\n|rule|Evasion Moves Clause: Evasion moves are banned\n|rule|Endless Battle Clause: Forcing endless battles is banned\n|rule|HP Percentage Mod: HP is shown in percentages\n|clearpoke\n|poke|p1|Chi-Yu|\n|poke|p1|Okidogi, M|\n|poke|p1|Regieleki|\n|poke|p1|Baxcalibur, M|\n|poke|p1|Espathra, F|\n|poke|p1|Ursaluna, M|\n|poke|p2|Groudon|\n|poke|p2|Miraidon|\n|poke|p2|Iron Valiant|\n|poke|p2|Regieleki|\n|poke|p2|Leavanny, M|\n|poke|p2|Skeledirge, F|\n|teampreview\n|inactive|Battle timer is ON: inactive players will automatically lose when time's up. (requested by Oomaester1234)\n|\n|t:|1697670077\n|start\n|switch|p1a: Regieleki|Regieleki, shiny|100\/100\n|switch|p2a: Groudon|Groudon|100\/100\n|-weather|SunnyDay|[from] ability: Drought|[of] p2a: Groudon\n|turn|1\n|\n|t:|1697670082\n|move|p1a: Regieleki|Reflect|p1a: Regieleki\n|-sidestart|p1: 1844man|Reflect\n|move|p2a: Groudon|Stealth Rock|p1a: Regieleki\n|-sidestart|p1: 1844man|move: Stealth Rock\n|\n|-weather|SunnyDay|[upkeep]\n|upkeep\n|turn|2\n|\n|t:|1697670088\n|move|p1a: Regieleki|Light Screen|p1a: Regieleki\n|-sidestart|p1: 1844man|move: Light Screen\n|move|p2a: Groudon|Precipice Blades|p1a: Regieleki\n|-supereffective|p1a: Regieleki\n|-damage|p1a: Regieleki|2\/100\n|\n|-weather|SunnyDay|[upkeep]\n|upkeep\n|turn|3\n|\n|t:|1697670094\n|move|p2a: Groudon|Protect|p2a: Groudon\n|-singleturn|p2a: Groudon|Protect\n|move|p1a: Regieleki|Rapid Spin|p2a: Groudon\n|-activate|p2a: Groudon|move: Protect\n|\n|-weather|SunnyDay|[upkeep]\n|upkeep\n|turn|4\n|\n|t:|1697670105\n|switch|p2a: Skeledirge|Skeledirge, F|100\/100\n|move|p1a: Regieleki|Rapid Spin|p2a: Skeledirge\n|-immune|p2a: Skeledirge\n|\n|-weather|SunnyDay|[upkeep]\n|upkeep\n|turn|5\n|\n|t:|1697670108\n|move|p1a: Regieleki|Thunderbolt|p2a: Skeledirge\n|-damage|p2a: Skeledirge|66\/100\n|move|p2a: Skeledirge|Torch Song|p1a: Regieleki\n|-crit|p1a: Regieleki\n|-damage|p1a: Regieleki|0 fnt\n|-boost|p2a: Skeledirge|spa|1\n|faint|p1a: Regieleki\n|\n|-weather|none\n|-heal|p2a: Skeledirge|72\/100|[from] item: Leftovers\n|upkeep\n|\n|t:|1697670120\n|switch|p1a: Baxcalibur|Baxcalibur, M, shiny|100\/100\n|-damage|p1a: Baxcalibur|76\/100|[from] Stealth Rock\n|turn|6\n|\n|t:|1697670139\n|switch|p2a: Miraidon|Miraidon|100\/100\n|-fieldstart|move: Electric Terrain|[from] ability: Hadron Engine|[of] p2a: Miraidon\n|-terastallize|p1a: Baxcalibur|Dragon\n|move|p1a: Baxcalibur|Dragon Dance|p1a: Baxcalibur\n|-boost|p1a: Baxcalibur|atk|1\n|-boost|p1a: Baxcalibur|spe|1\n|\n|upkeep\n|turn|7\n|\n|t:|1697670144\n|switch|p2a: Iron Valiant|Iron Valiant|100\/100\n|-activate|p2a: Iron Valiant|ability: Quark Drive\n|-start|p2a: Iron Valiant|quarkdrivespe\n|move|p1a: Baxcalibur|Scale Shot|p2a: Iron Valiant\n|-immune|p2a: Iron Valiant\n|\n|upkeep\n|turn|8\n|\n|t:|1697670151\n|move|p2a: Iron Valiant|Encore|p1a: Baxcalibur\n|-start|p1a: Baxcalibur|Encore\n|move|p1a: Baxcalibur|Scale Shot|p2a: Iron Valiant\n|-immune|p2a: Iron Valiant\n|\n|-sideend|p1: 1844man|Reflect\n|upkeep\n|turn|9\n|\n|t:|1697670160\n|switch|p1a: Okidogi|Okidogi, M|100\/100\n|-damage|p1a: Okidogi|95\/100|[from] Stealth Rock\n|move|p2a: Iron Valiant|Knock Off|p1a: Okidogi\n|-resisted|p1a: Okidogi\n|-damage|p1a: Okidogi|75\/100\n|-enditem|p1a: Okidogi|Black Sludge|[from] move: Knock Off|[of] p2a: Iron Valiant\n|-damage|p2a: Iron Valiant|91\/100|[from] item: Life Orb\n|\n|-sideend|p1: 1844man|move: Light Screen\n|upkeep\n|turn|10\n|\n|t:|1697670170\n|-end|p2a: Iron Valiant|Quark Drive|[silent]\n|switch|p2a: Leavanny|Leavanny, M, shiny|100\/100\n|move|p1a: Okidogi|Gunk Shot|p2a: Leavanny|[miss]\n|-miss|p1a: Okidogi|p2a: Leavanny\n|\n|-fieldend|move: Electric Terrain\n|upkeep\n|turn|11\n|\n|t:|1697670177\n|move|p2a: Leavanny|Sticky Web|p1a: Okidogi\n|-sidestart|p1: 1844man|move: Sticky Web\n|move|p1a: Okidogi|Gunk Shot|p2a: Leavanny\n|-supereffective|p2a: Leavanny\n|-enditem|p2a: Leavanny|Focus Sash\n|-damage|p2a: Leavanny|1\/100\n|\n|upkeep\n|turn|12\n|\n|t:|1697670183\n|move|p2a: Leavanny|Leaf Blade|p1a: Okidogi\n|-resisted|p1a: Okidogi\n|-damage|p1a: Okidogi|57\/100\n|move|p1a: Okidogi|Bulk Up|p1a: Okidogi\n|-boost|p1a: Okidogi|atk|1\n|-boost|p1a: Okidogi|def|1\n|\n|upkeep\n|turn|13\n|\n|t:|1697670187\n|move|p2a: Leavanny|Leaf Blade|p1a: Okidogi\n|-resisted|p1a: Okidogi\n|-damage|p1a: Okidogi|43\/100\n|move|p1a: Okidogi|Bulk Up|p1a: Okidogi\n|-boost|p1a: Okidogi|atk|1\n|-boost|p1a: Okidogi|def|1\n|\n|upkeep\n|turn|14\n|\n|t:|1697670193\n|switch|p2a: Iron Valiant|Iron Valiant|91\/100\n|move|p1a: Okidogi|Ice Punch|p2a: Iron Valiant\n|-damage|p2a: Iron Valiant|22\/100\n|\n|upkeep\n|turn|15\n|\n|t:|1697670198\n|move|p2a: Iron Valiant|Moonblast|p1a: Okidogi\n|-damage|p1a: Okidogi|0 fnt\n|faint|p1a: Okidogi\n|-damage|p2a: Iron Valiant|12\/100|[from] item: Life Orb\n|\n|upkeep\n|-message|1844man forfeited.\n|\n|win|Oomaester1234\n|raw|1844man's rating: 1022 &rarr; <strong>1015<\/strong><br \/>(-7 for losing)\n|raw|Oomaester1234's rating: 1191 &rarr; <strong>1205<\/strong><br \/>(+14 for winning)\n|l|\u26061844man\n","uploadtime":1697670213,"views":17,"p1id":"1844man","p2id":"oomaester1234","formatid":"gen9ubers","rating":1015,"private":0,"password":""}