{"id":"gen9ubers-1989203238","p1":"Pajoomas!","p2":"IDaHAN","format":"[Gen 9] Ubers","log":"|j|\u2606Pajoomas!\n|j|\u2606IDaHAN\n|t:|1699823026\n|gametype|singles\n|player|p1|Pajoomas!|hilbert-wonderlauncher|\n|player|p2|IDaHAN|ethan|\n|teamsize|p1|6\n|teamsize|p2|6\n|gen|9\n|tier|[Gen 9] Ubers\n|rule|Sleep Clause Mod: Limit one foe put to sleep\n|rule|Species Clause: Limit one of each Pok\u00e9mon\n|rule|OHKO Clause: OHKO moves are banned\n|rule|Evasion Items Clause: Evasion items are banned\n|rule|Evasion Moves Clause: Evasion moves are banned\n|rule|Endless Battle Clause: Forcing endless battles is banned\n|rule|HP Percentage Mod: HP is shown in percentages\n|clearpoke\n|poke|p1|Arceus-Grass|\n|poke|p1|Pelipper, M|\n|poke|p1|Overqwil, F|\n|poke|p1|Jirachi|\n|poke|p1|Cyclizar, F|\n|poke|p1|Palkia-Origin|\n|poke|p2|Houndstone, M|\n|poke|p2|Arceus-Poison|\n|poke|p2|Zacian-*|\n|poke|p2|Cyclizar, M|\n|poke|p2|Magearna|\n|poke|p2|Dialga|\n|teampreview\n|inactive|Battle timer is ON: inactive players will automatically lose when time's up. (requested by IDaHAN)\n|j| showdownmobileuser\n|c|\u2606Pajoomas!|Can you post the link\n|c|\u2606Pajoomas!|I cant\n|inactive|Pajoomas! has 270 seconds left.\n|c|\u2606IDaHAN|ok\n|\n|t:|1699823069\n|start\n|switch|p1a: Pelipper|Pelipper, M|100\/100\n|switch|p2a: Dialga|Dialga|100\/100\n|-ability|p2a: Dialga|Pressure\n|-weather|RainDance|[from] ability: Drizzle|[of] p1a: Pelipper\n|turn|1\n|j| Kinesquared\n|j| mann_treads\n|j| GreenCatKid\n|j| wiibass\n|c| mann_treads|LETSGOOO\n|\n|t:|1699823102\n|switch|p1a: Cyclizar|Cyclizar, F|100\/100\n|move|p2a: Dialga|Stealth Rock|p1a: Cyclizar\n|-sidestart|p1: Pajoomas!|move: Stealth Rock\n|\n|-weather|RainDance|[upkeep]\n|upkeep\n|turn|2\n|j| Uubers account\n|j| fishyroads\n|j| 1P1o1s1h1e1\n|j| ItsaMeLuigiHere\n|\n|t:|1699823107\n|move|p1a: Cyclizar|Taunt|p2a: Dialga\n|-start|p2a: Dialga|move: Taunt\n|cant|p2a: Dialga|move: Taunt|Roar\n|\n|-weather|RainDance|[upkeep]\n|upkeep\n|turn|3\n|c| ItsaMeLuigiHere|WAIT ROUND 2!?\n|\n|t:|1699823114\n|move|p1a: Cyclizar|Shed Tail|p1a: Cyclizar\n|-start|p1a: Cyclizar|Substitute|[from] move: Shed Tail\n|-damage|p1a: Cyclizar|50\/100\n|c| ItsaMeLuigiHere|OH SNAP\n|\n|t:|1699823118\n|switch|p1a: Arceus|Arceus-Grass|100\/100|[from] Shed Tail\n|-damage|p1a: Arceus|88\/100|[from] Stealth Rock\n|move|p2a: Dialga|Draco Meteor|p1a: Arceus|[miss]\n|-miss|p2a: Dialga|p1a: Arceus\n|\n|-weather|RainDance|[upkeep]\n|upkeep\n|turn|4\n|c| fishyroads|yea\n|c| Kinesquared|best of 3\n|\n|t:|1699823125\n|move|p1a: Arceus|Dragon Dance|p1a: Arceus\n|-boost|p1a: Arceus|atk|1\n|-boost|p1a: Arceus|spe|1\n|move|p2a: Dialga|Draco Meteor|p1a: Arceus\n|-end|p1a: Arceus|Substitute\n|-unboost|p2a: Dialga|spa|2\n|\n|-weather|RainDance|[upkeep]\n|-end|p2a: Dialga|move: Taunt\n|upkeep\n|turn|5\n|c| ItsaMeLuigiHere|I didnt know LETSA GO THEN\n|c| mann_treads|the draco miss is huge\n|c| ItsaMeLuigiHere|HERE IT COMES\n|\n|t:|1699823131\n|switch|p2a: Houndstone|Houndstone, M|100\/100\n|move|p1a: Arceus|Earthquake|p2a: Houndstone\n|-damage|p2a: Houndstone|62\/100\n|\n|-weather|RainDance|[upkeep]\n|-heal|p2a: Houndstone|68\/100|[from] item: Leftovers\n|upkeep\n|turn|6\n|c| fishyroads|poor idahan\n|c| fishyroads|everybody is rooting for pajoo\n|c| ItsaMeLuigiHere|Bro Ddance Bullet Seed is nuts honestly\n|c|\u2606IDaHAN|i feel attacked\n|c| ItsaMeLuigiHere|I cant help but respect it\n|c| showdownmobileuser|DD Bullet Seed Grass Arc is giga brain\n|\n|t:|1699823155\n|move|p1a: Arceus|Dragon Dance|p1a: Arceus\n|-boost|p1a: Arceus|atk|1\n|-boost|p1a: Arceus|spe|1\n|move|p2a: Houndstone|Will-O-Wisp|p1a: Arceus\n|-status|p1a: Arceus|brn\n|\n|-weather|RainDance|[upkeep]\n|-heal|p2a: Houndstone|74\/100|[from] item: Leftovers\n|-damage|p1a: Arceus|82\/100 brn|[from] brn\n|upkeep\n|turn|7\n|c| Kinesquared|i wanna see the big dog show pajoomas some respect\n|\n|t:|1699823162\n|move|p1a: Arceus|Dragon Dance|p1a: Arceus\n|-boost|p1a: Arceus|atk|1\n|-boost|p1a: Arceus|spe|1\n|move|p2a: Houndstone|Body Press|p1a: Arceus\n|-damage|p1a: Arceus|64\/100 brn\n|\n|-weather|RainDance|[upkeep]\n|-heal|p2a: Houndstone|80\/100|[from] item: Leftovers\n|-damage|p1a: Arceus|58\/100 brn|[from] brn\n|upkeep\n|turn|8\n|c| 1P1o1s1h1e1|aw hell nah the wisp dog\n|c| fishyroads|its honestly a w\n|c| mann_treads|the greed\n|c| ItsaMeLuigiHere|The Will-o-wisp hitting is huge but mans SETTING THE HELL UP\n|\n|t:|1699823173\n|switch|p2a: Arceus|Arceus-Poison|100\/100\n|move|p1a: Arceus|Dragon Dance|p1a: Arceus\n|-boost|p1a: Arceus|atk|1\n|-boost|p1a: Arceus|spe|1\n|\n|-weather|none\n|-damage|p1a: Arceus|52\/100 brn|[from] brn\n|upkeep\n|turn|9\n|\n|t:|1699823176\n|-terastallize|p1a: Arceus|Ground\n|move|p1a: Arceus|Earthquake|p2a: Arceus\n|-supereffective|p2a: Arceus\n|-damage|p2a: Arceus|0 fnt\n|faint|p2a: Arceus\n|\n|-damage|p1a: Arceus|46\/100 brn|[from] brn\n|upkeep\n|c| fishyroads|i prefer yawn dog\n|c| mann_treads|yeah hes setting up allll over him\n|c| 1P1o1s1h1e1|nah arc poison eats for days\n|c| ItsaMeLuigiHere|Thats not living an equake\n|c| 1P1o1s1h1e1|nvm\n|c| ItsaMeLuigiHere|OH MY GOODNESSS\n|c| mann_treads|cant do nothin\n|j| SaintSavant\n|c| mann_treads|bro is going CRAAZY\n|c| ItsaMeLuigiHere|Bro corviknight walls this frickin menace\n|inactive|IDaHAN has 270 seconds left.\n|c| mann_treads|good thing corv is banned\n|c| SaintSavant|Im rooting for the Houndstone player  lel\n|c| ItsaMeLuigiHere|I dont see how IDaHAN is winning against the abolute bullsh8t that is Bullet Seed Arceus\n|inactive|IDaHAN has 240 seconds left.\n|c| fishyroads|idahan, cmon g3 for the epic\n|\n|t:|1699823243\n|switch|p2a: Magearna|Magearna|100\/100\n|turn|10\n|c| mann_treads|paj setting up on houndstone like that even through burn is huge\n|\n|t:|1699823248\n|-terastallize|p2a: Magearna|Ground\n|move|p1a: Arceus|Earthquake|p2a: Magearna\n|-damage|p2a: Magearna|29\/100\n|move|p2a: Magearna|Trick Room|p2a: Magearna\n|-fieldstart|move: Trick Room|[of] p2a: Magearna\n|\n|-damage|p1a: Arceus|40\/100 brn|[from] brn\n|upkeep\n|turn|11\n|c| ItsaMeLuigiHere|HEART SWAP RN\n|c| showdownmobileuser|HOLY\n|\n|t:|1699823258\n|move|p2a: Magearna|Dazzling Gleam|p1a: Arceus\n|-damage|p1a: Arceus|3\/100 brn\n|move|p1a: Arceus|Earthquake|p2a: Magearna\n|-damage|p2a: Magearna|0 fnt\n|faint|p2a: Magearna\n|\n|-damage|p1a: Arceus|0 fnt|[from] brn\n|faint|p1a: Arceus\n|upkeep\n|c| ItsaMeLuigiHere|TRICK ROOMS COOL TOO\n|c| ItsaMeLuigiHere|BUT IT LIVES\n|c| ItsaMeLuigiHere|WHAT THE\n|c| mann_treads|the trade\n|c| SaintSavant|B)\n|c|\u2606IDaHAN|SO CLOSE\n|j| leonissenbaum\n|c| mann_treads|that was a roll methinks\n|\n|t:|1699823277\n|switch|p2a: Dialga|Dialga|100\/100\n|switch|p1a: Pelipper|Pelipper, M|100\/100\n|-damage|p1a: Pelipper|76\/100|[from] Stealth Rock\n|-weather|RainDance|[from] ability: Drizzle|[of] p1a: Pelipper\n|-ability|p2a: Dialga|Pressure\n|turn|12\n|c| ItsaMeLuigiHere|I wouldve loved to see heart swap lmfao\n|\n|t:|1699823284\n|move|p1a: Pelipper|U-turn|p2a: Dialga\n|-resisted|p2a: Dialga\n|-damage|p2a: Dialga|97\/100\n|c| fishyroads|pajoo wins (?)\n|\n|t:|1699823287\n|switch|p1a: Jirachi|Jirachi|100\/100|[from] U-turn\n|-damage|p1a: Jirachi|94\/100|[from] Stealth Rock\n|move|p2a: Dialga|Draco Meteor|p1a: Jirachi|[miss]\n|-miss|p2a: Dialga|p1a: Jirachi\n|\n|-weather|RainDance|[upkeep]\n|-heal|p2a: Dialga|100\/100|[from] item: Leftovers\n|upkeep\n|turn|13\n|c|\u2606IDaHAN|ilose probably\n|c| fishyroads|yea\n|c| mann_treads|i think pajoo wins yeah\n|c| ItsaMeLuigiHere|The Draco Miss\n|c| mann_treads|the second draco miss oml\n|c| Kinesquared|its not over till its over\n|c| mann_treads|this dialga has the worst luck\n|\n|t:|1699823303\n|move|p2a: Dialga|Thunder Wave|p1a: Jirachi\n|-status|p1a: Jirachi|par\n|move|p1a: Jirachi|Trick|p2a: Dialga\n|-activate|p1a: Jirachi|move: Trick|[of] p2a: Dialga\n|-item|p2a: Dialga|Choice Scarf|[from] move: Trick\n|-item|p1a: Jirachi|Leftovers|[from] move: Trick\n|\n|-weather|RainDance|[upkeep]\n|-heal|p1a: Jirachi|100\/100 par|[from] item: Leftovers\n|upkeep\n|turn|14\n|c| ItsaMeLuigiHere|Unfortunate doesn't even begin to descri- *Gets Shot*\n|c| 1P1o1s1h1e1|Tech against pajoomas- 90% moves never hit so dont click them\n|\n|t:|1699823315\n|move|p1a: Jirachi|Thunder|p2a: Dialga\n|-resisted|p2a: Dialga\n|-damage|p2a: Dialga|90\/100\n|move|p2a: Dialga|Draco Meteor|p1a: Jirachi|[miss]\n|-miss|p2a: Dialga|p1a: Jirachi\n|\n|-weather|RainDance|[upkeep]\n|-fieldend|move: Trick Room\n|upkeep\n|turn|15\n|c| mann_treads|THE TRICK IS CRAZY\n|c| ItsaMeLuigiHere|AGAIN\n|c| ItsaMeLuigiHere|BRO\n|c| Kinesquared|OH MAN\n|c| ItsaMeLuigiHere|THIS DIALGA\n|\n|t:|1699823324\n|switch|p2a: Houndstone|Houndstone, M|80\/100\n|move|p1a: Jirachi|Thunder|p2a: Houndstone\n|-damage|p2a: Houndstone|57\/100\n|-status|p2a: Houndstone|par\n|\n|-weather|RainDance|[upkeep]\n|-heal|p2a: Houndstone|63\/100 par|[from] item: Leftovers\n|upkeep\n|turn|16\n|l| Uubers account\n|c| leonissenbaum|insane\n|c| ItsaMeLuigiHere|IS GETTING VIOLATED\n|j| Uubers account\n|c| fishyroads|fortunate begins to describe my match\n|\n|t:|1699823331\n|move|p1a: Jirachi|Iron Head|p2a: Houndstone\n|-damage|p2a: Houndstone|50\/100 par\n|move|p2a: Houndstone|Last Respects|p1a: Jirachi\n|-supereffective|p1a: Jirachi\n|-damage|p1a: Jirachi|0 fnt\n|faint|p1a: Jirachi\n|\n|-weather|RainDance|[upkeep]\n|-heal|p2a: Houndstone|57\/100 par|[from] item: Leftovers\n|upkeep\n|c| mann_treads|i dont think this fucking dragon has hit a single meteor\n|\n|t:|1699823338\n|switch|p1a: Overqwil|Overqwil, F|100\/100\n|turn|17\n|\n|t:|1699823340\n|move|p1a: Overqwil|Crunch|p2a: Houndstone\n|-supereffective|p2a: Houndstone\n|-damage|p2a: Houndstone|31\/100 par\n|move|p2a: Houndstone|Will-O-Wisp|p1a: Overqwil\n|-status|p1a: Overqwil|brn\n|\n|-weather|RainDance|[upkeep]\n|-heal|p2a: Houndstone|37\/100 par|[from] item: Leftovers\n|-damage|p1a: Overqwil|94\/100 brn|[from] brn\n|upkeep\n|turn|18\n|c| ItsaMeLuigiHere|Last Respects claims one\n|\n|t:|1699823345\n|move|p1a: Overqwil|Swords Dance|p1a: Overqwil\n|-boost|p1a: Overqwil|atk|2\n|move|p2a: Houndstone|Rest|p2a: Houndstone\n|-status|p2a: Houndstone|slp|[from] move: Rest\n|-heal|p2a: Houndstone|100\/100 slp|[silent]\n|\n|-weather|RainDance|[upkeep]\n|-damage|p1a: Overqwil|88\/100 brn|[from] brn\n|upkeep\n|turn|19\n|c| ItsaMeLuigiHere|CRUNCH DOES NOTHIN\n|c| ItsaMeLuigiHere|ITS BURNT\n|c| showdownmobileuser|Houndstone never done\n|\n|t:|1699823350\n|move|p1a: Overqwil|Swords Dance|p1a: Overqwil\n|-boost|p1a: Overqwil|atk|2\n|cant|p2a: Houndstone|slp\n|\n|-weather|none\n|-damage|p1a: Overqwil|82\/100 brn|[from] brn\n|upkeep\n|turn|20\n|\n|t:|1699823352\n|switch|p2a: Zacian|Zacian|100\/100\n|-ability|p2a: Zacian|Intrepid Sword|boost\n|-boost|p2a: Zacian|atk|1\n|move|p1a: Overqwil|Crunch|p2a: Zacian\n|-resisted|p2a: Zacian\n|-damage|p2a: Zacian|76\/100\n|\n|-damage|p1a: Overqwil|76\/100 brn|[from] brn\n|upkeep\n|turn|21\n|c| ItsaMeLuigiHere|THE REST?!\n|\n|t:|1699823355\n|switch|p1a: Pelipper|Pelipper, M|76\/100\n|-damage|p1a: Pelipper|51\/100|[from] Stealth Rock\n|-weather|RainDance|[from] ability: Drizzle|[of] p1a: Pelipper\n|move|p2a: Zacian|Play Rough|p1a: Pelipper\n|-damage|p1a: Pelipper|0 fnt\n|faint|p1a: Pelipper\n|\n|-weather|RainDance|[upkeep]\n|upkeep\n|c| 1P1o1s1h1e1|AYO REST\n|c| Kinesquared|YOO\n|c| fishyroads|wo\n|c| mann_treads|RESTTALK DOG?!?!?!\n|\n|t:|1699823361\n|switch|p1a: Overqwil|Overqwil, F|76\/100 brn\n|turn|22\n|c| fishyroads|YO?\n|c| mann_treads|no talk\n|\n|t:|1699823363\n|move|p1a: Overqwil|Gunk Shot|p2a: Zacian\n|-supereffective|p2a: Zacian\n|-damage|p2a: Zacian|22\/100\n|move|p2a: Zacian|Play Rough|p1a: Overqwil\n|-damage|p1a: Overqwil|0 fnt\n|faint|p1a: Overqwil\n|\n|-weather|RainDance|[upkeep]\n|upkeep\n|c| mann_treads|just rest\n|c| ItsaMeLuigiHere|THIS IS INSANITY\n|c| fishyroads|still\n|c| 1P1o1s1h1e1|bro talk sounds shiest though\n|c| showdownmobileuser|What the.dog doin\n|c|\u2606IDaHAN|YES\n|c| 1P1o1s1h1e1|I might try that\n|\n|t:|1699823375\n|switch|p1a: Palkia|Palkia-Origin|100\/100\n|-damage|p1a: Palkia|88\/100|[from] Stealth Rock\n|-ability|p1a: Palkia|Pressure\n|turn|23\n|c| mann_treads|thats one of the sets ever\n|c| fishyroads|bulky houndstone\n|\n|t:|1699823378\n|move|p2a: Zacian|Play Rough|p1a: Palkia\n|-supereffective|p1a: Palkia\n|-damage|p1a: Palkia|0 fnt\n|faint|p1a: Palkia\n|\n|-weather|RainDance|[upkeep]\n|upkeep\n|c| ItsaMeLuigiHere|ZACIAN COMIN IN WIT DAT BORK BORK MF\n|\n|t:|1699823380\n|switch|p1a: Cyclizar|Cyclizar, F|50\/100\n|turn|24\n|c| Kinesquared|who said it was over\n|\n|t:|1699823385\n|move|p2a: Zacian|Play Rough|p1a: Cyclizar\n|-supereffective|p1a: Cyclizar\n|-damage|p1a: Cyclizar|0 fnt\n|faint|p1a: Cyclizar\n|\n|win|IDaHAN\n|c| mann_treads|OH SHIT\n|c| mann_treads|the comeback\n|c| ItsaMeLuigiHere|THE REVERSE THREAT BEGINS HIS TERROR\n|c| fishyroads|i thoguht\n|c| ItsaMeLuigiHere|WE GOIN TO GAME THREE FOLKS\n|l|uubersaccount\n|c| mann_treads|GAME THREE GOING FUCKING CRAAAAZY\n|c| Kinesquared|WE GOT A G3\n|c| fishyroads|LETS GO EPIC G3\n|j| Ohnvff\n|l| ItsaMeLuigiHere\n|c| mann_treads|plot twist paj threw on purpose for suspense\n|c| Kinesquared|for prime content\n|c| fishyroads|yea he cookin\n|l| SaintSavant\n|l| Ohnvff\n|c| showdownmobileuser|Shed Skin lizar\n|c|\u2606IDaHAN|battle-gen9ubers-1989206878\n|c| showdownmobileuser|Cook\n|c| fishyroads|paj gon say \"and that is 10% of my power\"\n|c| Kinesquared|https:\/\/play.pokemonshowdown.com\/battle-gen9ubers-1989206878\n|j| Thingmaster\n|c|\u2606IDaHAN|thanks\n|l| fishyroads\n|l| Kinesquared\n|l| leonissenbaum\n|l| Thingmaster\n|l| wiibass\n|l| GreenCatKid\n|j| MerciArsene\n|l|\u2606IDaHAN\n|j|\u2606IDaHAN\n|player|p2|IDaHAN|ethan\n|l| MerciArsene\n","uploadtime":1699824056,"views":48,"p1id":"pajoomas","p2id":"idahan","formatid":"gen9ubers","rating":0,"private":0,"password":""}