{"id":"gen9ubers-1993693120","p1":"stampydog","p2":"DangerLeaderLizana","format":"[Gen 9] Ubers","log":"|j|\u2606stampydog\n|j|\u2606DangerLeaderLizana\n|t:|1700346246\n|gametype|singles\n|player|p1|stampydog|ethan|\n|player|p2|DangerLeaderLizana|170|\n|teamsize|p1|6\n|teamsize|p2|6\n|gen|9\n|tier|[Gen 9] Ubers\n|rule|Sleep Clause Mod: Limit one foe put to sleep\n|rule|Species Clause: Limit one of each Pok\u00e9mon\n|rule|OHKO Clause: OHKO moves are banned\n|rule|Evasion Items Clause: Evasion items are banned\n|rule|Evasion Moves Clause: Evasion moves are banned\n|rule|Endless Battle Clause: Forcing endless battles is banned\n|rule|HP Percentage Mod: HP is shown in percentages\n|clearpoke\n|poke|p1|Rillaboom, M|\n|poke|p1|Sneasler, M|\n|poke|p1|Espathra, M|\n|poke|p1|Magearna|\n|poke|p1|Arceus-Fire|\n|poke|p1|Palafin, M|\n|poke|p2|Roaring Moon|\n|poke|p2|Zacian-*|\n|poke|p2|Zamazenta-*|\n|poke|p2|Cyclizar, M|\n|poke|p2|Palkia-Origin|\n|poke|p2|Ursaluna-Bloodmoon, M|\n|teampreview\n|inactive|Battle timer is ON: inactive players will automatically lose when time's up. (requested by DangerLeaderLizana)\n|c|\u2606DangerLeaderLizana|GLHF\n|\n|t:|1700346277\n|start\n|switch|p1a: Harambe|Rillaboom, M|100\/100\n|switch|p2a: Palkia|Palkia-Origin|100\/100\n|-ability|p2a: Palkia|Pressure\n|-fieldstart|move: Grassy Terrain|[from] ability: Grassy Surge|[of] p1a: Harambe\n|turn|1\n|\n|t:|1700346288\n|move|p2a: Palkia|Flamethrower|p1a: Harambe\n|-supereffective|p1a: Harambe\n|-damage|p1a: Harambe|2\/100\n|-status|p1a: Harambe|brn\n|move|p1a: Harambe|U-turn|p2a: Palkia\n|-damage|p2a: Palkia|81\/100\n|\n|t:|1700346308\n|switch|p1a: The Ostrich|Espathra, M, shiny|100\/100|[from] U-turn\n|-enditem|p1a: The Ostrich|Grassy Seed\n|-boost|p1a: The Ostrich|def|1|[from] item: Grassy Seed\n|\n|-heal|p2a: Palkia|87\/100|[from] Grassy Terrain\n|upkeep\n|turn|2\n|\n|t:|1700346314\n|move|p2a: Palkia|Substitute|p2a: Palkia\n|-start|p2a: Palkia|Substitute\n|-damage|p2a: Palkia|62\/100\n|move|p1a: The Ostrich|Calm Mind|p1a: The Ostrich\n|-boost|p1a: The Ostrich|spa|1\n|-boost|p1a: The Ostrich|spd|1\n|\n|-heal|p2a: Palkia|68\/100|[from] Grassy Terrain\n|-ability|p1a: The Ostrich|Speed Boost|boost\n|-boost|p1a: The Ostrich|spe|1\n|upkeep\n|turn|3\n|\n|t:|1700346328\n|move|p1a: The Ostrich|Stored Power|p2a: Palkia\n|-end|p2a: Palkia|Substitute\n|move|p2a: Palkia|Spacial Rend|p1a: The Ostrich\n|-damage|p1a: The Ostrich|35\/100\n|\n|-heal|p1a: The Ostrich|41\/100|[from] Grassy Terrain\n|-heal|p2a: Palkia|75\/100|[from] Grassy Terrain\n|-ability|p1a: The Ostrich|Speed Boost|boost\n|-boost|p1a: The Ostrich|spe|1\n|upkeep\n|turn|4\n|\n|t:|1700346337\n|move|p1a: The Ostrich|Stored Power|p2a: Palkia\n|-damage|p2a: Palkia|0 fnt\n|faint|p2a: Palkia\n|\n|-heal|p1a: The Ostrich|47\/100|[from] Grassy Terrain\n|-ability|p1a: The Ostrich|Speed Boost|boost\n|-boost|p1a: The Ostrich|spe|1\n|upkeep\n|\n|t:|1700346346\n|switch|p2a: Zacian|Zacian|100\/100\n|-ability|p2a: Zacian|Intrepid Sword|boost\n|-boost|p2a: Zacian|atk|1\n|turn|5\n|\n|t:|1700346353\n|-terastallize|p2a: Zacian|Dark\n|move|p1a: The Ostrich|Protect|p1a: The Ostrich\n|-singleturn|p1a: The Ostrich|Protect\n|move|p2a: Zacian|Crunch|p1a: The Ostrich\n|-activate|p1a: The Ostrich|move: Protect\n|\n|-heal|p1a: The Ostrich|53\/100|[from] Grassy Terrain\n|-fieldend|move: Grassy Terrain\n|-ability|p1a: The Ostrich|Speed Boost|boost\n|-boost|p1a: The Ostrich|spe|1\n|upkeep\n|turn|6\n|\n|t:|1700346368\n|-terastallize|p1a: The Ostrich|Fighting\n|move|p1a: The Ostrich|Tera Blast|p2a: Zacian|[anim] Tera Blast Fighting\n|-supereffective|p2a: Zacian\n|-damage|p2a: Zacian|0 fnt\n|faint|p2a: Zacian\n|\n|-ability|p1a: The Ostrich|Speed Boost|boost\n|-boost|p1a: The Ostrich|spe|1\n|upkeep\n|\n|t:|1700346374\n|switch|p2a: Zamazenta|Zamazenta|100\/100\n|-ability|p2a: Zamazenta|Dauntless Shield|boost\n|-boost|p2a: Zamazenta|def|1\n|turn|7\n|\n|t:|1700346378\n|move|p1a: The Ostrich|Stored Power|p2a: Zamazenta\n|-supereffective|p2a: Zamazenta\n|-crit|p2a: Zamazenta\n|-damage|p2a: Zamazenta|0 fnt\n|faint|p2a: Zamazenta\n|\n|-ability|p1a: The Ostrich|Speed Boost|boost\n|-boost|p1a: The Ostrich|spe|1\n|upkeep\n|c|\u2606DangerLeaderLizana|Dammit\n|\n|t:|1700346383\n|switch|p2a: Ursaluna|Ursaluna-Bloodmoon, M|100\/100\n|turn|8\n|\n|t:|1700346386\n|move|p1a: The Ostrich|Stored Power|p2a: Ursaluna\n|-damage|p2a: Ursaluna|0 fnt\n|faint|p2a: Ursaluna\n|\n|upkeep\n|\n|t:|1700346389\n|switch|p2a: Cyclizar|Cyclizar, M|100\/100\n|turn|9\n|\n|t:|1700346392\n|move|p1a: The Ostrich|Stored Power|p2a: Cyclizar\n|-damage|p2a: Cyclizar|0 fnt\n|faint|p2a: Cyclizar\n|\n|upkeep\n|\n|t:|1700346394\n|switch|p2a: Roaring Moon|Roaring Moon|100\/100\n|-enditem|p2a: Roaring Moon|Booster Energy\n|-activate|p2a: Roaring Moon|ability: Protosynthesis|[fromitem]\n|-start|p2a: Roaring Moon|protosynthesisatk\n|turn|10\n|\n|t:|1700346399\n|move|p1a: The Ostrich|Tera Blast|p2a: Roaring Moon|[anim] Tera Blast Fighting\n|-supereffective|p2a: Roaring Moon\n|-damage|p2a: Roaring Moon|0 fnt\n|faint|p2a: Roaring Moon\n|-end|p2a: Roaring Moon|Protosynthesis|[silent]\n|\n|win|stampydog\n|l|\u2606DangerLeaderLizana\n","uploadtime":1700347110,"views":28,"p1id":"stampydog","p2id":"dangerleaderlizana","formatid":"gen9ubers","rating":0,"private":0,"password":""}