{"id":"gen9ubers-1990127999","p1":"leonissenbaum","p2":"1P1o1s1h1e1","format":"[Gen 9] Ubers","log":"|j|\u2606leonissenbaum\n|j|\u26061P1o1s1h1e1\n|t:|1699927560\n|gametype|singles\n|player|p1|leonissenbaum|leon|\n|player|p2|1P1o1s1h1e1|170|\n|teamsize|p1|6\n|teamsize|p2|6\n|gen|9\n|tier|[Gen 9] Ubers\n|rule|Sleep Clause Mod: Limit one foe put to sleep\n|rule|Species Clause: Limit one of each Pok\u00e9mon\n|rule|OHKO Clause: OHKO moves are banned\n|rule|Evasion Items Clause: Evasion items are banned\n|rule|Evasion Moves Clause: Evasion moves are banned\n|rule|Endless Battle Clause: Forcing endless battles is banned\n|rule|HP Percentage Mod: HP is shown in percentages\n|clearpoke\n|poke|p1|Crocalor, F|\n|poke|p1|Amoonguss, M|\n|poke|p1|Orthworm, M|\n|poke|p1|Clefable, M|\n|poke|p1|Blissey, F|\n|poke|p1|Oricorio-Pom-Pom, M|\n|poke|p2|Slowking-Galar, F|\n|poke|p2|Blissey, F|\n|poke|p2|Cyclizar, F|\n|poke|p2|Quagsire, F|\n|poke|p2|Gholdengo|\n|poke|p2|Tyranitar, M|\n|teampreview\n|c|\u2606leonissenbaum|gl!\n|c|\u26061P1o1s1h1e1|glhf\n|\n|t:|1699927582\n|start\n|switch|p1a: Orthworm|Orthworm, M|100\/100\n|switch|p2a: Slowking|Slowking-Galar, F|100\/100\n|turn|1\n|\n|t:|1699927591\n|move|p1a: Orthworm|Spikes|p2a: Slowking\n|-sidestart|p2: 1P1o1s1h1e1|Spikes\n|move|p2a: Slowking|Toxic Spikes|p1a: Orthworm\n|-sidestart|p1: leonissenbaum|move: Toxic Spikes\n|\n|upkeep\n|turn|2\n|\n|t:|1699927599\n|switch|p1a: Oricorio|Oricorio-Pom-Pom, M|100\/100\n|move|p2a: Slowking|Future Sight|p1a: Oricorio\n|-start|p2a: Slowking|move: Future Sight\n|\n|upkeep\n|turn|3\n|\n|t:|1699927606\n|move|p1a: Oricorio|Quiver Dance|p1a: Oricorio\n|-boost|p1a: Oricorio|spa|1\n|-boost|p1a: Oricorio|spd|1\n|-boost|p1a: Oricorio|spe|1\n|move|p2a: Slowking|Chilly Reception|p2a: Slowking\n|-weather|Snow\n|\n|t:|1699927612\n|switch|p2a: Tyranitar|Tyranitar, M|100\/100|[from] Chilly Reception\n|-damage|p2a: Tyranitar|88\/100|[from] Spikes\n|-weather|Sandstorm|[from] ability: Sand Stream|[of] p2a: Tyranitar\n|\n|-weather|Sandstorm|[upkeep]\n|-damage|p1a: Oricorio|94\/100|[from] Sandstorm\n|-heal|p2a: Tyranitar|94\/100|[from] item: Leftovers\n|upkeep\n|turn|4\n|\n|t:|1699927622\n|move|p1a: Oricorio|Defog|p2a: Tyranitar\n|-unboost|p2a: Tyranitar|evasion|1\n|-sideend|p2: 1P1o1s1h1e1|Spikes|[from] move: Defog|[of] p1a: Oricorio\n|-sideend|p1: leonissenbaum|Toxic Spikes|[from] move: Defog|[of] p1a: Oricorio\n|move|p2a: Tyranitar|Knock Off|p1a: Oricorio\n|-damage|p1a: Oricorio|30\/100\n|-enditem|p1a: Oricorio|Heavy-Duty Boots|[from] move: Knock Off|[of] p2a: Tyranitar\n|\n|-weather|Sandstorm|[upkeep]\n|-damage|p1a: Oricorio|24\/100|[from] Sandstorm\n|-end|p1a: Oricorio|move: Future Sight\n|-damage|p1a: Oricorio|0 fnt\n|faint|p1a: Oricorio\n|-heal|p2a: Tyranitar|100\/100|[from] item: Leftovers\n|upkeep\n|\n|t:|1699927637\n|switch|p1a: Orthworm|Orthworm, M|100\/100\n|turn|5\n|\n|t:|1699927642\n|move|p1a: Orthworm|Body Press|p2a: Tyranitar\n|-supereffective|p2a: Tyranitar\n|-damage|p2a: Tyranitar|0 fnt\n|faint|p2a: Tyranitar\n|\n|-weather|Sandstorm|[upkeep]\n|upkeep\n|c|\u26061P1o1s1h1e1|lol\n|c|\u26061P1o1s1h1e1|Fair\n|\n|t:|1699927658\n|switch|p2a: Quagsire|Quagsire, F|100\/100\n|turn|6\n|l|\u2606leonissenbaum\n|player|p1|\n|j|\u2606leonissenbaum\n|player|p1|leonissenbaum|leon\n|\n|t:|1699927705\n|move|p1a: Orthworm|Spikes|p2a: Quagsire\n|-sidestart|p2: 1P1o1s1h1e1|Spikes\n|move|p2a: Quagsire|Spikes|p1a: Orthworm\n|-sidestart|p1: leonissenbaum|Spikes\n|\n|-weather|Sandstorm|[upkeep]\n|upkeep\n|turn|7\n|\n|t:|1699927716\n|move|p1a: Orthworm|Spikes|p2a: Quagsire\n|-sidestart|p2: 1P1o1s1h1e1|Spikes\n|move|p2a: Quagsire|Spikes|p1a: Orthworm\n|-sidestart|p1: leonissenbaum|Spikes\n|\n|-weather|none\n|upkeep\n|turn|8\n|\n|t:|1699927722\n|move|p1a: Orthworm|Spikes|p2a: Quagsire\n|-sidestart|p2: 1P1o1s1h1e1|Spikes\n|move|p2a: Quagsire|Spikes|p1a: Orthworm\n|-sidestart|p1: leonissenbaum|Spikes\n|\n|upkeep\n|turn|9\n|\n|t:|1699927727\n|move|p1a: Orthworm|Stealth Rock|p2a: Quagsire\n|-sidestart|p2: 1P1o1s1h1e1|move: Stealth Rock\n|move|p2a: Quagsire|Curse|p2a: Quagsire\n|-unboost|p2a: Quagsire|spe|1\n|-boost|p2a: Quagsire|atk|1\n|-boost|p2a: Quagsire|def|1\n|\n|upkeep\n|turn|10\n|\n|t:|1699927740\n|switch|p1a: Amoonguss|Amoonguss, M|100\/100\n|-damage|p1a: Amoonguss|75\/100|[from] Spikes\n|move|p2a: Quagsire|Curse|p2a: Quagsire\n|-unboost|p2a: Quagsire|spe|1\n|-boost|p2a: Quagsire|atk|1\n|-boost|p2a: Quagsire|def|1\n|\n|upkeep\n|turn|11\n|\n|t:|1699927757\n|switch|p2a: Cyclizar|Cyclizar, F|100\/100\n|move|p1a: Amoonguss|Giga Drain|p2a: Cyclizar\n|-resisted|p2a: Cyclizar\n|-damage|p2a: Cyclizar|84\/100\n|-heal|p1a: Amoonguss|82\/100|[from] drain|[of] p2a: Cyclizar\n|\n|upkeep\n|turn|12\n|\n|t:|1699927765\n|move|p2a: Cyclizar|Rapid Spin|p1a: Amoonguss\n|-damage|p1a: Amoonguss|70\/100\n|-boost|p2a: Cyclizar|spe|1\n|-damage|p2a: Cyclizar|68\/100|[from] item: Rocky Helmet|[of] p1a: Amoonguss\n|-sideend|p2: 1P1o1s1h1e1|Spikes|[from] move: Rapid Spin|[of] p2a: Cyclizar\n|-sideend|p2: 1P1o1s1h1e1|Stealth Rock|[from] move: Rapid Spin|[of] p2a: Cyclizar\n|move|p1a: Amoonguss|Spore|p2a: Cyclizar\n|-status|p2a: Cyclizar|slp|[from] move: Spore\n|\n|upkeep\n|turn|13\n|\n|t:|1699927774\n|switch|p2a: Gholdengo|Gholdengo|100\/100\n|switch|p1a: Orthworm|Orthworm, M|100\/100\n|-damage|p1a: Orthworm|75\/100|[from] Spikes\n|\n|-heal|p1a: Orthworm|82\/100|[from] item: Leftovers\n|upkeep\n|turn|14\n|\n|t:|1699927787\n|move|p2a: Gholdengo|Nasty Plot|p2a: Gholdengo\n|-boost|p2a: Gholdengo|spa|2\n|move|p1a: Orthworm|Spikes|p2a: Gholdengo\n|-sidestart|p2: 1P1o1s1h1e1|Spikes\n|\n|-heal|p1a: Orthworm|88\/100|[from] item: Leftovers\n|upkeep\n|turn|15\n|\n|t:|1699927794\n|move|p2a: Gholdengo|Shadow Ball|p1a: Orthworm\n|-damage|p1a: Orthworm|0 fnt\n|faint|p1a: Orthworm\n|\n|upkeep\n|\n|t:|1699927796\n|switch|p1a: Clefable|Clefable, M|100\/100\n|-damage|p1a: Clefable|76\/100|[from] Spikes\n|turn|16\n|\n|t:|1699927805\n|-terastallize|p1a: Clefable|Dark\n|move|p2a: Gholdengo|Make It Rain|p1a: Clefable\n|-damage|p1a: Clefable|39\/100\n|-unboost|p2a: Gholdengo|spa|1\n|move|p1a: Clefable|Wish|p1a: Clefable\n|\n|-heal|p1a: Clefable|46\/100|[from] item: Leftovers\n|upkeep\n|turn|17\n|\n|t:|1699927845\n|switch|p2a: Slowking|Slowking-Galar, F|100\/100\n|-damage|p2a: Slowking|88\/100|[from] Spikes\n|move|p1a: Clefable|Calm Mind|p1a: Clefable\n|-boost|p1a: Clefable|spa|1\n|-boost|p1a: Clefable|spd|1\n|\n|-heal|p1a: Clefable|95\/100|[from] move: Wish|[wisher] Clefable\n|-heal|p1a: Clefable|100\/100|[from] item: Leftovers\n|upkeep\n|turn|18\n|\n|t:|1699927853\n|move|p1a: Clefable|Protect|p1a: Clefable\n|-singleturn|p1a: Clefable|Protect\n|move|p2a: Slowking|Toxic Spikes|p1a: Clefable\n|-sidestart|p1: leonissenbaum|move: Toxic Spikes\n|\n|upkeep\n|turn|19\n|\n|t:|1699927859\n|move|p1a: Clefable|Calm Mind|p1a: Clefable\n|-boost|p1a: Clefable|spa|1\n|-boost|p1a: Clefable|spd|1\n|move|p2a: Slowking|Sludge Bomb|p1a: Clefable\n|-damage|p1a: Clefable|89\/100\n|-status|p1a: Clefable|psn\n|\n|-heal|p1a: Clefable|95\/100 psn|[from] item: Leftovers\n|-damage|p1a: Clefable|82\/100 psn|[from] psn\n|upkeep\n|turn|20\n|\n|t:|1699927871\n|switch|p2a: Blissey|Blissey, F|100\/100\n|move|p1a: Clefable|Calm Mind|p1a: Clefable\n|-boost|p1a: Clefable|spa|1\n|-boost|p1a: Clefable|spd|1\n|\n|-heal|p1a: Clefable|89\/100 psn|[from] item: Leftovers\n|-damage|p1a: Clefable|76\/100 psn|[from] psn\n|upkeep\n|turn|21\n|\n|t:|1699927879\n|move|p1a: Clefable|Wish|p1a: Clefable\n|move|p2a: Blissey|Calm Mind|p2a: Blissey\n|-boost|p2a: Blissey|spa|1\n|-boost|p2a: Blissey|spd|1\n|\n|-heal|p1a: Clefable|82\/100 psn|[from] item: Leftovers\n|-damage|p1a: Clefable|70\/100 psn|[from] psn\n|upkeep\n|turn|22\n|\n|t:|1699927888\n|move|p1a: Clefable|Calm Mind|p1a: Clefable\n|-boost|p1a: Clefable|spa|1\n|-boost|p1a: Clefable|spd|1\n|move|p2a: Blissey|Calm Mind|p2a: Blissey\n|-boost|p2a: Blissey|spa|1\n|-boost|p2a: Blissey|spd|1\n|\n|-heal|p1a: Clefable|100\/100 psn|[from] move: Wish|[wisher] Clefable\n|-damage|p1a: Clefable|88\/100 psn|[from] psn\n|upkeep\n|turn|23\n|\n|t:|1699927896\n|-terastallize|p2a: Blissey|Dark\n|move|p1a: Clefable|Calm Mind|p1a: Clefable\n|-boost|p1a: Clefable|spa|1\n|-boost|p1a: Clefable|spd|1\n|move|p2a: Blissey|Seismic Toss|p1a: Clefable\n|-damage|p1a: Clefable|63\/100 psn\n|\n|-heal|p1a: Clefable|69\/100 psn|[from] item: Leftovers\n|-damage|p1a: Clefable|56\/100 psn|[from] psn\n|upkeep\n|turn|24\n|\n|t:|1699927905\n|move|p1a: Clefable|Wish|p1a: Clefable\n|move|p2a: Blissey|Seismic Toss|p1a: Clefable\n|-damage|p1a: Clefable|31\/100 psn\n|\n|-heal|p1a: Clefable|37\/100 psn|[from] item: Leftovers\n|-damage|p1a: Clefable|24\/100 psn|[from] psn\n|upkeep\n|turn|25\n|\n|t:|1699927912\n|move|p1a: Clefable|Protect|p1a: Clefable\n|-singleturn|p1a: Clefable|Protect\n|move|p2a: Blissey|Seismic Toss|p1a: Clefable\n|-activate|p1a: Clefable|move: Protect\n|\n|-heal|p1a: Clefable|74\/100 psn|[from] move: Wish|[wisher] Clefable\n|-heal|p1a: Clefable|80\/100 psn|[from] item: Leftovers\n|-damage|p1a: Clefable|68\/100 psn|[from] psn\n|upkeep\n|turn|26\n|\n|t:|1699927915\n|move|p1a: Clefable|Wish|p1a: Clefable\n|move|p2a: Blissey|Seismic Toss|p1a: Clefable\n|-damage|p1a: Clefable|42\/100 psn\n|\n|-heal|p1a: Clefable|49\/100 psn|[from] item: Leftovers\n|-damage|p1a: Clefable|36\/100 psn|[from] psn\n|upkeep\n|turn|27\n|\n|t:|1699927923\n|move|p1a: Clefable|Protect|p1a: Clefable\n|-singleturn|p1a: Clefable|Protect\n|move|p2a: Blissey|Seismic Toss|p1a: Clefable\n|-activate|p1a: Clefable|move: Protect\n|\n|-heal|p1a: Clefable|86\/100 psn|[from] move: Wish|[wisher] Clefable\n|-heal|p1a: Clefable|92\/100 psn|[from] item: Leftovers\n|-damage|p1a: Clefable|80\/100 psn|[from] psn\n|upkeep\n|turn|28\n|\n|t:|1699927925\n|move|p1a: Clefable|Wish|p1a: Clefable\n|move|p2a: Blissey|Seismic Toss|p1a: Clefable\n|-damage|p1a: Clefable|54\/100 psn\n|\n|-heal|p1a: Clefable|60\/100 psn|[from] item: Leftovers\n|-damage|p1a: Clefable|48\/100 psn|[from] psn\n|upkeep\n|turn|29\n|\n|t:|1699927930\n|move|p1a: Clefable|Calm Mind|p1a: Clefable\n|-boost|p1a: Clefable|spa|1\n|-boost|p1a: Clefable|spd|1\n|move|p2a: Blissey|Calm Mind|p2a: Blissey\n|-boost|p2a: Blissey|spa|1\n|-boost|p2a: Blissey|spd|1\n|\n|-heal|p1a: Clefable|98\/100 psn|[from] move: Wish|[wisher] Clefable\n|-heal|p1a: Clefable|100\/100 psn|[from] item: Leftovers\n|-damage|p1a: Clefable|88\/100 psn|[from] psn\n|upkeep\n|turn|30\n|\n|t:|1699927933\n|move|p1a: Clefable|Moonblast|p2a: Blissey\n|-supereffective|p2a: Blissey\n|-damage|p2a: Blissey|11\/100\n|move|p2a: Blissey|Seismic Toss|p1a: Clefable\n|-damage|p1a: Clefable|63\/100 psn\n|\n|-heal|p1a: Clefable|69\/100 psn|[from] item: Leftovers\n|-damage|p1a: Clefable|56\/100 psn|[from] psn\n|upkeep\n|turn|31\n|\n|t:|1699927946\n|move|p1a: Clefable|Moonblast|p2a: Blissey\n|-supereffective|p2a: Blissey\n|-damage|p2a: Blissey|0 fnt\n|faint|p2a: Blissey\n|\n|-heal|p1a: Clefable|62\/100 psn|[from] item: Leftovers\n|-damage|p1a: Clefable|50\/100 psn|[from] psn\n|upkeep\n|\n|t:|1699927960\n|switch|p2a: Cyclizar|Cyclizar, F|100\/100 slp\n|turn|32\n|\n|t:|1699927964\n|cant|p2a: Cyclizar|slp\n|move|p1a: Clefable|Wish|p1a: Clefable\n|\n|-heal|p1a: Clefable|56\/100 psn|[from] item: Leftovers\n|-damage|p1a: Clefable|44\/100 psn|[from] psn\n|upkeep\n|turn|33\n|\n|t:|1699927966\n|cant|p2a: Cyclizar|slp\n|move|p1a: Clefable|Moonblast|p2a: Cyclizar\n|-supereffective|p2a: Cyclizar\n|-damage|p2a: Cyclizar|0 fnt\n|faint|p2a: Cyclizar\n|\n|-heal|p1a: Clefable|93\/100 psn|[from] move: Wish|[wisher] Clefable\n|-heal|p1a: Clefable|99\/100 psn|[from] item: Leftovers\n|-damage|p1a: Clefable|87\/100 psn|[from] psn\n|upkeep\n|c|\u26061P1o1s1h1e1|Hmm gg\n|c|\u2606leonissenbaum|gg\n|c|\u26061P1o1s1h1e1|I need a better clef answer\n|-message|1P1o1s1h1e1 forfeited.\n|\n|win|leonissenbaum\n","uploadtime":1699927989,"views":30,"p1id":"leonissenbaum","p2id":"1p1o1s1h1e1","formatid":"gen9ubers","rating":0,"private":0,"password":""}