{"id":"gen9ubers-1993586502","p1":"Dianamando","p2":"Smokingtoad","format":"[Gen 9] Ubers","log":"|j|\u2606Dianamando\n|j|\u2606Smokingtoad\n|t:|1700334656\n|gametype|singles\n|player|p1|Dianamando|lady|1040\n|player|p2|Smokingtoad|170|1000\n|teamsize|p1|6\n|teamsize|p2|6\n|gen|9\n|tier|[Gen 9] Ubers\n|rated|\n|rule|Sleep Clause Mod: Limit one foe put to sleep\n|rule|Species Clause: Limit one of each Pok\u00e9mon\n|rule|OHKO Clause: OHKO moves are banned\n|rule|Evasion Items Clause: Evasion items are banned\n|rule|Evasion Moves Clause: Evasion moves are banned\n|rule|Endless Battle Clause: Forcing endless battles is banned\n|rule|HP Percentage Mod: HP is shown in percentages\n|clearpoke\n|poke|p1|Glimmora, F|\n|poke|p1|Veluza, F|\n|poke|p1|Gogoat, M|\n|poke|p1|Avalugg, M|\n|poke|p1|Espathra, M|\n|poke|p1|Kingambit, F|\n|poke|p2|Arceus|\n|poke|p2|Gliscor, M|\n|poke|p2|Ting-Lu|\n|poke|p2|Koraidon|\n|poke|p2|Clodsire, M|\n|poke|p2|Zacian-*|\n|teampreview\n|inactive|Battle timer is ON: inactive players will automatically lose when time's up. (requested by Dianamando)\n|\n|t:|1700334669\n|start\n|switch|p1a: Glimmora|Glimmora, F|100\/100\n|switch|p2a: Gliscor|Gliscor, M|100\/100\n|turn|1\n|c|\u2606Dianamando|I don't know why I'm doing this but here we are\n|c|\u2606Smokingtoad|Lol ok\n|inactive|Dianamando has 120 seconds left.\n|\n|t:|1700334704\n|switch|p1a: Avalugg|Avalugg, M|100\/100\n|move|p2a: Gliscor|Earthquake|p1a: Avalugg\n|-damage|p1a: Avalugg|88\/100\n|\n|-heal|p1a: Avalugg|94\/100|[from] item: Leftovers\n|-status|p2a: Gliscor|tox|[from] item: Toxic Orb\n|upkeep\n|turn|2\n|inactive|Dianamando has 120 seconds left.\n|\n|t:|1700334722\n|switch|p2a: Zacian|Zacian-Crowned|100\/100\n|-ability|p2a: Zacian|Intrepid Sword|boost\n|-boost|p2a: Zacian|atk|1\n|move|p1a: Avalugg|Curse|p1a: Avalugg\n|-unboost|p1a: Avalugg|spe|1\n|-boost|p1a: Avalugg|atk|1\n|-boost|p1a: Avalugg|def|1\n|\n|-heal|p1a: Avalugg|99\/100|[from] item: Leftovers\n|upkeep\n|turn|3\n|inactive|Dianamando has 120 seconds left.\n|\n|t:|1700334738\n|-terastallize|p1a: Avalugg|Steel\n|move|p2a: Zacian|Behemoth Blade|p1a: Avalugg\n|-resisted|p1a: Avalugg\n|-damage|p1a: Avalugg|89\/100\n|move|p1a: Avalugg|Iron Head|p2a: Zacian\n|-damage|p2a: Zacian|55\/100\n|\n|-heal|p1a: Avalugg|95\/100|[from] item: Leftovers\n|upkeep\n|turn|4\n|\n|t:|1700334756\n|switch|p2a: Clodsire|Clodsire, M|100\/100\n|move|p1a: Avalugg|Body Press|p2a: Clodsire\n|-resisted|p2a: Clodsire\n|-damage|p2a: Clodsire|66\/100\n|\n|-heal|p1a: Avalugg|100\/100|[from] item: Leftovers\n|upkeep\n|turn|5\n|\n|t:|1700334768\n|move|p2a: Clodsire|Earthquake|p1a: Avalugg\n|-supereffective|p1a: Avalugg\n|-damage|p1a: Avalugg|86\/100\n|move|p1a: Avalugg|Ice Spinner|p2a: Clodsire\n|-supereffective|p2a: Clodsire\n|-damage|p2a: Clodsire|0 fnt\n|faint|p2a: Clodsire\n|\n|-heal|p1a: Avalugg|92\/100|[from] item: Leftovers\n|upkeep\n|\n|t:|1700334780\n|switch|p2a: Koraidon|Koraidon|100\/100\n|-weather|SunnyDay|[from] ability: Orichalcum Pulse|[of] p2a: Koraidon\n|-activate|p2a: Koraidon|Orichalcum Pulse|[source]\n|turn|6\n|inactive|Dianamando has 120 seconds left.\n|\n|t:|1700334786\n|-terastallize|p2a: Koraidon|Fire\n|move|p2a: Koraidon|Flare Blitz|p1a: Avalugg\n|-supereffective|p1a: Avalugg\n|-damage|p1a: Avalugg|17\/100\n|-damage|p2a: Koraidon|72\/100|[from] Recoil\n|move|p1a: Avalugg|Ice Spinner|p2a: Koraidon\n|-resisted|p2a: Koraidon\n|-damage|p2a: Koraidon|51\/100\n|\n|-weather|SunnyDay|[upkeep]\n|-heal|p1a: Avalugg|23\/100|[from] item: Leftovers\n|upkeep\n|turn|7\n|inactive|Dianamando has 120 seconds left.\n|\n|t:|1700334811\n|switch|p2a: Arceus|Arceus|100\/100\n|move|p1a: Avalugg|Body Press|p2a: Arceus\n|-supereffective|p2a: Arceus\n|-crit|p2a: Arceus\n|-damage|p2a: Arceus|0 fnt\n|faint|p2a: Arceus\n|\n|-weather|SunnyDay|[upkeep]\n|-heal|p1a: Avalugg|29\/100|[from] item: Leftovers\n|upkeep\n|\n|t:|1700334816\n|switch|p2a: Koraidon|Koraidon, tera:Fire|51\/100\n|-activate|p2a: Koraidon|ability: Orichalcum Pulse\n|turn|8\n|inactive|Dianamando has 120 seconds left.\n|\n|t:|1700334825\n|move|p2a: Koraidon|Low Kick|p1a: Avalugg\n|-supereffective|p1a: Avalugg\n|-damage|p1a: Avalugg|0 fnt\n|faint|p1a: Avalugg\n|\n|-weather|SunnyDay|[upkeep]\n|upkeep\n|inactive|Dianamando has 120 seconds left.\n|\n|t:|1700334834\n|switch|p1a: Veluza|Veluza, F|100\/100\n|turn|9\n|\n|t:|1700334848\n|switch|p2a: Ting-Lu|Ting-Lu|100\/100\n|-ability|p2a: Ting-Lu|Vessel of Ruin\n|move|p1a: Veluza|Fillet Away|p1a: Veluza\n|-boost|p1a: Veluza|atk|2\n|-boost|p1a: Veluza|spa|2\n|-boost|p1a: Veluza|spe|2\n|-damage|p1a: Veluza|51\/100\n|\n|-weather|SunnyDay|[upkeep]\n|upkeep\n|turn|10\n|\n|t:|1700334862\n|move|p1a: Veluza|Aqua Cutter|p2a: Ting-Lu\n|-supereffective|p2a: Ting-Lu\n|-damage|p2a: Ting-Lu|55\/100\n|move|p2a: Ting-Lu|Whirlwind|p1a: Veluza\n|drag|p1a: Glimmora|Glimmora, F|100\/100\n|\n|-weather|none\n|-heal|p2a: Ting-Lu|61\/100|[from] item: Leftovers\n|upkeep\n|turn|11\n|\n|t:|1700334881\n|move|p1a: Glimmora|Mortal Spin|p2a: Ting-Lu\n|-resisted|p2a: Ting-Lu\n|-damage|p2a: Ting-Lu|59\/100\n|-status|p2a: Ting-Lu|psn\n|move|p2a: Ting-Lu|Ruination|p1a: Glimmora\n|-damage|p1a: Glimmora|50\/100\n|\n|-heal|p2a: Ting-Lu|65\/100 psn|[from] item: Leftovers\n|-damage|p2a: Ting-Lu|53\/100 psn|[from] psn\n|upkeep\n|turn|12\n|inactive|Dianamando has 120 seconds left.\n|\n|t:|1700334897\n|move|p1a: Glimmora|Explosion|p2a: Ting-Lu\n|-crit|p2a: Ting-Lu\n|-damage|p2a: Ting-Lu|23\/100 psn\n|faint|p1a: Glimmora\n|move|p2a: Ting-Lu|Stealth Rock|p1: Glimmora\n|-sidestart|p1: Dianamando|move: Stealth Rock\n|\n|-heal|p2a: Ting-Lu|29\/100 psn|[from] item: Leftovers\n|-damage|p2a: Ting-Lu|17\/100 psn|[from] psn\n|upkeep\n|inactive|Dianamando has 120 seconds left.\n|\n|t:|1700334909\n|switch|p1a: Veluza|Veluza, F|51\/100\n|-damage|p1a: Veluza|38\/100|[from] Stealth Rock\n|turn|13\n|inactive|Dianamando has 120 seconds left.\n|\n|t:|1700334916\n|move|p1a: Veluza|Aqua Cutter|p2a: Ting-Lu\n|-supereffective|p2a: Ting-Lu\n|-damage|p2a: Ting-Lu|0 fnt\n|faint|p2a: Ting-Lu\n|\n|upkeep\n|\n|t:|1700334923\n|switch|p2a: Zacian|Zacian-Crowned|55\/100\n|turn|14\n|\n|t:|1700334936\n|move|p2a: Zacian|Wild Charge|p1a: Veluza\n|-supereffective|p1a: Veluza\n|-damage|p1a: Veluza|0 fnt\n|faint|p1a: Veluza\n|-damage|p2a: Zacian|46\/100|[from] Recoil\n|\n|upkeep\n|inactive|Dianamando has 120 seconds left.\n|\n|t:|1700334960\n|switch|p1a: Kingambit|Kingambit, F|100\/100\n|-damage|p1a: Kingambit|94\/100|[from] Stealth Rock\n|turn|15\n|\n|t:|1700334967\n|move|p2a: Zacian|Wild Charge|p1a: Kingambit\n|-damage|p1a: Kingambit|69\/100\n|-damage|p2a: Zacian|38\/100|[from] Recoil\n|move|p1a: Kingambit|Iron Head|p2a: Zacian\n|-damage|p2a: Zacian|0 fnt\n|faint|p2a: Zacian\n|-damage|p1a: Kingambit|59\/100|[from] item: Life Orb\n|\n|upkeep\n|\n|t:|1700334973\n|switch|p2a: Koraidon|Koraidon, tera:Fire|51\/100\n|-weather|SunnyDay|[from] ability: Orichalcum Pulse|[of] p2a: Koraidon\n|-activate|p2a: Koraidon|Orichalcum Pulse|[source]\n|turn|16\n|\n|t:|1700334981\n|move|p1a: Kingambit|Sucker Punch|p2a: Koraidon\n|-damage|p2a: Koraidon|1\/100\n|-damage|p1a: Kingambit|49\/100|[from] item: Life Orb\n|move|p2a: Koraidon|Flare Blitz|p1a: Kingambit\n|-supereffective|p1a: Kingambit\n|-damage|p1a: Kingambit|0 fnt\n|faint|p1a: Kingambit\n|-damage|p2a: Koraidon|0 fnt|[from] Recoil\n|faint|p2a: Koraidon\n|\n|-weather|SunnyDay|[upkeep]\n|upkeep\n|\n|t:|1700334997\n|switch|p2a: Gliscor|Gliscor, M|100\/100 tox\n|switch|p1a: Espathra|Espathra, M|100\/100\n|-damage|p1a: Espathra|88\/100|[from] Stealth Rock\n|turn|17\n|\n|t:|1700335003\n|move|p1a: Espathra|Protect|p1a: Espathra\n|-singleturn|p1a: Espathra|Protect\n|move|p2a: Gliscor|Toxic|p1a: Espathra\n|-activate|p1a: Espathra|move: Protect\n|\n|-weather|SunnyDay|[upkeep]\n|-ability|p1a: Espathra|Speed Boost|boost\n|-boost|p1a: Espathra|spe|1\n|upkeep\n|turn|18\n|\n|t:|1700335013\n|move|p1a: Espathra|Calm Mind|p1a: Espathra\n|-boost|p1a: Espathra|spa|1\n|-boost|p1a: Espathra|spd|1\n|move|p2a: Gliscor|Toxic|p1a: Espathra\n|-status|p1a: Espathra|tox\n|\n|-weather|SunnyDay|[upkeep]\n|-damage|p1a: Espathra|82\/100 tox|[from] psn\n|-ability|p1a: Espathra|Speed Boost|boost\n|-boost|p1a: Espathra|spe|1\n|upkeep\n|turn|19\n|\n|t:|1700335025\n|move|p1a: Espathra|Protect|p1a: Espathra\n|-singleturn|p1a: Espathra|Protect\n|move|p2a: Gliscor|Earthquake|p1a: Espathra\n|-activate|p1a: Espathra|move: Protect\n|\n|-weather|SunnyDay|[upkeep]\n|-damage|p1a: Espathra|70\/100 tox|[from] psn\n|-ability|p1a: Espathra|Speed Boost|boost\n|-boost|p1a: Espathra|spe|1\n|upkeep\n|turn|20\n|\n|t:|1700335037\n|move|p2a: Gliscor|Protect|p2a: Gliscor\n|-singleturn|p2a: Gliscor|Protect\n|move|p1a: Espathra|Stored Power|p2a: Gliscor\n|-activate|p2a: Gliscor|move: Protect\n|\n|-weather|none\n|-damage|p1a: Espathra|52\/100 tox|[from] psn\n|-ability|p1a: Espathra|Speed Boost|boost\n|-boost|p1a: Espathra|spe|1\n|upkeep\n|turn|21\n|\n|t:|1700335049\n|move|p1a: Espathra|Stored Power|p2a: Gliscor\n|-damage|p2a: Gliscor|0 fnt\n|faint|p2a: Gliscor\n|\n|win|Dianamando\n|raw|Dianamando's rating: 1040 &rarr; <strong>1070<\/strong><br \/>(+30 for winning)\n|raw|Smokingtoad's rating: 1000 &rarr; <strong>1000<\/strong><br \/>(+0 for losing)\n|l|\u2606Smokingtoad\n|l|\u2606Dianamando\n|j|\u2606Dianamando\n|player|p1|Dianamando|lady\n","uploadtime":1700335367,"views":11,"p1id":"dianamando","p2id":"smokingtoad","formatid":"gen9ubers","rating":1000,"private":0,"password":""}