{"id":"gen9ubers-1983492887","p1":"natorsa","p2":"matorsa","format":"[Gen 9] Ubers","log":"|j|\u2606natorsa\n|j|\u2606matorsa\n|t:|1699136013\n|gametype|singles\n|player|p1|natorsa|1|\n|player|p2|matorsa|102|\n|teamsize|p1|6\n|teamsize|p2|6\n|gen|9\n|tier|[Gen 9] Ubers\n|rule|Sleep Clause Mod: Limit one foe put to sleep\n|rule|Species Clause: Limit one of each Pok\u00e9mon\n|rule|OHKO Clause: OHKO moves are banned\n|rule|Evasion Items Clause: Evasion items are banned\n|rule|Evasion Moves Clause: Evasion moves are banned\n|rule|Endless Battle Clause: Forcing endless battles is banned\n|rule|HP Percentage Mod: HP is shown in percentages\n|clearpoke\n|poke|p1|Dipplin, F|\n|poke|p1|Vikavolt, F|\n|poke|p1|Poliwrath, F|\n|poke|p1|Arcanine, M|\n|poke|p1|Golem, F|\n|poke|p1|Staraptor, M|\n|poke|p2|Skeledirge, M|\n|poke|p2|Tinkaton, F|\n|poke|p2|Toedscruel, M|\n|poke|p2|Dondozo, M|\n|poke|p2|Bellibolt, F|\n|poke|p2|Flamigo, M|\n|teampreview\n|\n|t:|1699136022\n|start\n|switch|p1a: Vikavolt|Vikavolt, F|100\/100\n|switch|p2a: Dondozo|Dondozo, M|100\/100\n|turn|1\n|\n|t:|1699136032\n|switch|p2a: Skeledirge|Skeledirge, M|100\/100\n|move|p1a: Vikavolt|Bug Buzz|p2a: Skeledirge\n|-resisted|p2a: Skeledirge\n|-damage|p2a: Skeledirge|84\/100\n|-damage|p1a: Vikavolt|91\/100|[from] item: Life Orb\n|\n|upkeep\n|turn|2\n|\n|t:|1699136038\n|move|p2a: Skeledirge|Torch Song|p1a: Vikavolt\n|-supereffective|p1a: Vikavolt\n|-damage|p1a: Vikavolt|0 fnt\n|-boost|p2a: Skeledirge|spa|1\n|faint|p1a: Vikavolt\n|-damage|p2a: Skeledirge|74\/100|[from] item: Life Orb\n|\n|upkeep\n|\n|t:|1699136042\n|switch|p1a: Poliwrath|Poliwrath, F|100\/100\n|turn|3\n|\n|t:|1699136047\n|move|p1a: Poliwrath|Liquidation|p2a: Skeledirge\n|-supereffective|p2a: Skeledirge\n|-damage|p2a: Skeledirge|14\/100\n|move|p2a: Skeledirge|Will-O-Wisp|p1a: Poliwrath\n|-status|p1a: Poliwrath|brn\n|\n|-damage|p1a: Poliwrath|94\/100 brn|[from] brn\n|upkeep\n|turn|4\n|\n|t:|1699136055\n|move|p1a: Poliwrath|Earthquake|p2a: Skeledirge\n|-supereffective|p2a: Skeledirge\n|-damage|p2a: Skeledirge|0 fnt\n|faint|p2a: Skeledirge\n|\n|-damage|p1a: Poliwrath|88\/100 brn|[from] brn\n|upkeep\n|\n|t:|1699136059\n|switch|p2a: Toedscruel|Toedscruel, M|100\/100\n|turn|5\n|\n|t:|1699136065\n|move|p2a: Toedscruel|Energy Ball|p1a: Poliwrath\n|-supereffective|p1a: Poliwrath\n|-damage|p1a: Poliwrath|7\/100 brn\n|-unboost|p1a: Poliwrath|spd|1\n|-enditem|p1a: Poliwrath|Sitrus Berry|[eat]\n|-heal|p1a: Poliwrath|32\/100 brn|[from] item: Sitrus Berry\n|-damage|p2a: Toedscruel|91\/100|[from] item: Life Orb\n|move|p1a: Poliwrath|Close Combat|p2a: Toedscruel\n|-damage|p2a: Toedscruel|52\/100\n|-unboost|p1a: Poliwrath|def|1\n|-unboost|p1a: Poliwrath|spd|1\n|\n|-damage|p1a: Poliwrath|25\/100 brn|[from] brn\n|upkeep\n|turn|6\n|\n|t:|1699136087\n|switch|p1a: Dipplin|Dipplin, F|100\/100\n|move|p2a: Toedscruel|Dazzling Gleam|p1a: Dipplin\n|-supereffective|p1a: Dipplin\n|-damage|p1a: Dipplin|38\/100\n|-damage|p2a: Toedscruel|42\/100|[from] item: Life Orb\n|\n|-heal|p1a: Dipplin|44\/100|[from] item: Leftovers\n|upkeep\n|turn|7\n|\n|t:|1699136096\n|switch|p1a: Arcanine|Arcanine, M|100\/100\n|-ability|p1a: Arcanine|Intimidate|boost\n|-unboost|p2a: Toedscruel|atk|1\n|move|p2a: Toedscruel|Earth Power|p1a: Arcanine\n|-supereffective|p1a: Arcanine\n|-damage|p1a: Arcanine|0 fnt\n|faint|p1a: Arcanine\n|-damage|p2a: Toedscruel|32\/100|[from] item: Life Orb\n|\n|upkeep\n|\n|t:|1699136100\n|switch|p1a: Staraptor|Staraptor, M|100\/100\n|turn|8\n|\n|t:|1699136110\n|switch|p2a: Bellibolt|Bellibolt, F|100\/100\n|move|p1a: Staraptor|Double-Edge|p2a: Bellibolt\n|-damage|p2a: Bellibolt|13\/100\n|-start|p2a: Bellibolt|Charge|Double-Edge|[from] ability: Electromorphosis\n|-enditem|p2a: Bellibolt|Sitrus Berry|[eat]\n|-heal|p2a: Bellibolt|38\/100|[from] item: Sitrus Berry\n|-damage|p1a: Staraptor|61\/100|[from] Recoil\n|-damage|p1a: Staraptor|51\/100|[from] item: Life Orb\n|\n|upkeep\n|turn|9\n|\n|t:|1699136121\n|switch|p1a: Golem|Golem, F|100\/100\n|switch|p2a: Dondozo|Dondozo, M|100\/100\n|\n|upkeep\n|turn|10\n|\n|t:|1699136129\n|switch|p1a: Dipplin|Dipplin, F|44\/100\n|move|p2a: Dondozo|Avalanche|p1a: Dipplin\n|-supereffective|p1a: Dipplin\n|-damage|p1a: Dipplin|0 fnt\n|faint|p1a: Dipplin\n|\n|upkeep\n|\n|t:|1699136136\n|switch|p1a: Staraptor|Staraptor, M|51\/100\n|turn|11\n|\n|t:|1699136139\n|move|p1a: Staraptor|Brave Bird|p2a: Dondozo\n|-damage|p2a: Dondozo|49\/100\n|-damage|p1a: Staraptor|24\/100|[from] Recoil\n|-damage|p1a: Staraptor|14\/100|[from] item: Life Orb\n|move|p2a: Dondozo|Avalanche|p1a: Staraptor\n|-supereffective|p1a: Staraptor\n|-damage|p1a: Staraptor|0 fnt\n|faint|p1a: Staraptor\n|\n|upkeep\n|\n|t:|1699136143\n|switch|p1a: Golem|Golem, F|100\/100\n|turn|12\n|\n|t:|1699136150\n|move|p1a: Golem|Thunder Punch|p2a: Dondozo\n|-supereffective|p2a: Dondozo\n|-damage|p2a: Dondozo|17\/100\n|move|p2a: Dondozo|Wave Crash|p1a: Golem\n|-supereffective|p1a: Golem\n|-crit|p1a: Golem\n|-ability|p1a: Golem|Sturdy\n|-damage|p1a: Golem|1\/100\n|-damage|p2a: Dondozo|0 fnt|[from] Recoil\n|faint|p2a: Dondozo\n|\n|-heal|p1a: Golem|7\/100|[from] item: Leftovers\n|upkeep\n|\n|t:|1699136155\n|switch|p2a: Flamigo|Flamigo, M|100\/100\n|turn|13\n|\n|t:|1699136161\n|move|p2a: Flamigo|Liquidation|p1a: Golem\n|-supereffective|p1a: Golem\n|-crit|p1a: Golem\n|-damage|p1a: Golem|0 fnt\n|faint|p1a: Golem\n|\n|upkeep\n|\n|t:|1699136165\n|switch|p1a: Poliwrath|Poliwrath, F|25\/100 brn\n|turn|14\n|\n|t:|1699136174\n|move|p2a: Flamigo|Brave Bird|p1a: Poliwrath\n|-supereffective|p1a: Poliwrath\n|-damage|p1a: Poliwrath|0 fnt\n|faint|p1a: Poliwrath\n|-damage|p2a: Flamigo|90\/100|[from] Recoil\n|\n|win|matorsa\n","uploadtime":1699136182,"views":8,"p1id":"natorsa","p2id":"matorsa","formatid":"gen9ubers","rating":0,"private":0,"password":""}