{"id":"gen9ubers-1979732247","p1":"RichieF","p2":"Lamegazelle","format":"[Gen 9] Ubers","log":"|j|\u2606RichieF\n|j|\u2606Lamegazelle\n|t:|1698707583\n|gametype|singles\n|player|p1|RichieF|rocketgrunt|1467\n|player|p2|Lamegazelle|266|1358\n|teamsize|p1|6\n|teamsize|p2|6\n|gen|9\n|tier|[Gen 9] Ubers\n|rated|\n|rule|Sleep Clause Mod: Limit one foe put to sleep\n|rule|Species Clause: Limit one of each Pok\u00e9mon\n|rule|OHKO Clause: OHKO moves are banned\n|rule|Evasion Items Clause: Evasion items are banned\n|rule|Evasion Moves Clause: Evasion moves are banned\n|rule|Endless Battle Clause: Forcing endless battles is banned\n|rule|HP Percentage Mod: HP is shown in percentages\n|clearpoke\n|poke|p1|Rayquaza|\n|poke|p1|Zacian-*|\n|poke|p1|Glimmora, F|\n|poke|p1|Giratina-Origin|\n|poke|p1|Arceus-Water|\n|poke|p1|Dialga-Origin|\n|poke|p2|Shaymin-Sky|\n|poke|p2|Kyogre|\n|poke|p2|Giratina|\n|poke|p2|Arceus-Steel|\n|poke|p2|Miraidon|\n|poke|p2|Zacian-*|\n|teampreview\n|inactive|Battle timer is ON: inactive players will automatically lose when time's up. (requested by RichieF)\n|j| ZowwyCafe\u2764\n|\n|t:|1698707594\n|start\n|switch|p1a: Iron Clock|Dialga-Origin, shiny|100\/100\n|switch|p2a: Giratina|Giratina|100\/100\n|-ability|p1a: Iron Clock|Pressure\n|-ability|p2a: Giratina|Pressure\n|turn|1\n|c|\u2606RichieF|Hey Zowwy!\n|\n|t:|1698707602\n|move|p1a: Iron Clock|Dragon Pulse|p2a: Giratina\n|-supereffective|p2a: Giratina\n|-damage|p2a: Giratina|46\/100\n|move|p2a: Giratina|Thunder Wave|p1a: Iron Clock\n|-status|p1a: Iron Clock|par\n|\n|-heal|p2a: Giratina|52\/100|[from] item: Leftovers\n|upkeep\n|turn|2\n|c|\u2606RichieF|Good to see you again... again!\n|\n|t:|1698707611\n|move|p1a: Iron Clock|Dragon Pulse|p2a: Giratina\n|-supereffective|p2a: Giratina\n|-damage|p2a: Giratina|0 fnt\n|faint|p2a: Giratina\n|\n|upkeep\n|\n|t:|1698707620\n|switch|p2a: Zacian|Zacian-Crowned|100\/100\n|-ability|p2a: Zacian|Intrepid Sword|boost\n|-boost|p2a: Zacian|atk|1\n|turn|3\n|\n|t:|1698707625\n|move|p2a: Zacian|Swords Dance|p2a: Zacian\n|-boost|p2a: Zacian|atk|2\n|move|p1a: Iron Clock|Thunder Wave|p2a: Zacian\n|-status|p2a: Zacian|par\n|\n|upkeep\n|turn|4\n|\n|t:|1698707632\n|move|p2a: Zacian|Trailblaze|p1a: Iron Clock\n|-resisted|p1a: Iron Clock\n|-damage|p1a: Iron Clock|91\/100 par\n|-boost|p2a: Zacian|spe|1\n|cant|p1a: Iron Clock|par\n|\n|upkeep\n|turn|5\n|\n|t:|1698707639\n|move|p2a: Zacian|Trailblaze|p1a: Iron Clock\n|-resisted|p1a: Iron Clock\n|-damage|p1a: Iron Clock|81\/100 par\n|-boost|p2a: Zacian|spe|1\n|move|p1a: Iron Clock|Earth Power|p2a: Zacian\n|-supereffective|p2a: Zacian\n|-damage|p2a: Zacian|33\/100 par\n|\n|upkeep\n|turn|6\n|\n|t:|1698707648\n|move|p2a: Zacian|Play Rough|p1a: Iron Clock\n|-damage|p1a: Iron Clock|0 fnt\n|faint|p1a: Iron Clock\n|\n|upkeep\n|\n|t:|1698707656\n|switch|p1a: greg|Arceus-Water, shiny|100\/100\n|turn|7\n|\n|t:|1698707660\n|cant|p2a: Zacian|par\n|move|p1a: greg|Earth Power|p2a: Zacian\n|-supereffective|p2a: Zacian\n|-damage|p2a: Zacian|0 fnt\n|faint|p2a: Zacian\n|\n|upkeep\n|\n|t:|1698707668\n|switch|p2a: Miraidon|Miraidon|100\/100\n|-fieldstart|move: Electric Terrain|[from] ability: Hadron Engine|[of] p2a: Miraidon\n|turn|8\n|\n|t:|1698707673\n|-terastallize|p1a: greg|Ground\n|move|p2a: Miraidon|Agility|p2a: Miraidon\n|-boost|p2a: Miraidon|spe|2\n|move|p1a: greg|Earth Power|p2a: Miraidon\n|-supereffective|p2a: Miraidon\n|-damage|p2a: Miraidon|27\/100\n|-enditem|p2a: Miraidon|Weakness Policy\n|-boost|p2a: Miraidon|atk|2|[from] item: Weakness Policy\n|-boost|p2a: Miraidon|spa|2|[from] item: Weakness Policy\n|\n|upkeep\n|turn|9\n|c|\u2606RichieF|YIKES\n|\n|t:|1698707685\n|move|p2a: Miraidon|Draco Meteor|p1a: greg\n|-damage|p1a: greg|0 fnt\n|-unboost|p2a: Miraidon|spa|2\n|faint|p1a: greg\n|\n|upkeep\n|c|\u2606RichieF|That did not work out for me\n|\n|t:|1698707692\n|switch|p1a: Sinning Centipede|Giratina-Origin, shiny|100\/100\n|turn|10\n|\n|t:|1698707697\n|move|p1a: Sinning Centipede|Shadow Sneak|p2a: Miraidon\n|-damage|p2a: Miraidon|6\/100\n|move|p2a: Miraidon|Draco Meteor|p1a: Sinning Centipede\n|-supereffective|p1a: Sinning Centipede\n|-damage|p1a: Sinning Centipede|0 fnt\n|-unboost|p2a: Miraidon|spa|2\n|faint|p1a: Sinning Centipede\n|\n|upkeep\n|c|\u2606RichieF|Lot of variety in Mirai sets\n|\n|t:|1698707704\n|switch|p1a: Poisoning Petal|Glimmora, F, shiny|100\/100\n|turn|11\n|\n|t:|1698707709\n|move|p2a: Miraidon|Electro Drift|p1a: Poisoning Petal\n|-damage|p1a: Poisoning Petal|47\/100\n|move|p1a: Poisoning Petal|Stealth Rock|p2a: Miraidon\n|-sidestart|p2: Lamegazelle|move: Stealth Rock\n|\n|upkeep\n|turn|12\n|\n|t:|1698707715\n|move|p2a: Miraidon|Electro Drift|p1a: Poisoning Petal\n|-crit|p1a: Poisoning Petal\n|-damage|p1a: Poisoning Petal|0 fnt\n|faint|p1a: Poisoning Petal\n|\n|-fieldend|move: Electric Terrain\n|upkeep\n|\n|t:|1698707724\n|switch|p1a: Soaring Screech|Rayquaza, shiny|100\/100\n|-ability|p1a: Soaring Screech|Air Lock\n|turn|13\n|j| click_hax_win\n|\n|t:|1698707729\n|move|p1a: Soaring Screech|Extreme Speed|p2a: Miraidon\n|-crit|p2a: Miraidon\n|-damage|p2a: Miraidon|0 fnt\n|faint|p2a: Miraidon\n|\n|upkeep\n|l| click_hax_win\n|c|\u2606RichieF|Oh wow, we have got a squad here\n|c|\u2606RichieF|Ah\n|\n|t:|1698707746\n|switch|p2a: Shaymin|Shaymin-Sky|100\/100\n|-damage|p2a: Shaymin|76\/100|[from] Stealth Rock\n|turn|14\n|\n|t:|1698707751\n|move|p2a: Shaymin|Air Slash|p1a: Soaring Screech\n|-damage|p1a: Soaring Screech|61\/100\n|move|p1a: Soaring Screech|Dragon Dance|p1a: Soaring Screech\n|-boost|p1a: Soaring Screech|atk|1\n|-boost|p1a: Soaring Screech|spe|1\n|\n|upkeep\n|turn|15\n|l| ZowwyCafe\u2764\n|\n|t:|1698707758\n|move|p2a: Shaymin|Air Slash|p1a: Soaring Screech\n|-damage|p1a: Soaring Screech|15\/100\n|cant|p1a: Soaring Screech|flinch\n|\n|upkeep\n|turn|16\n|\n|t:|1698707763\n|move|p1a: Soaring Screech|Extreme Speed|p2a: Shaymin\n|-damage|p2a: Shaymin|20\/100\n|move|p2a: Shaymin|Air Slash|p1a: Soaring Screech\n|-damage|p1a: Soaring Screech|0 fnt\n|faint|p1a: Soaring Screech\n|\n|upkeep\n|\n|t:|1698707770\n|switch|p1a: Iron Canine|Zacian-Crowned|100\/100\n|-ability|p1a: Iron Canine|Intrepid Sword|boost\n|-boost|p1a: Iron Canine|atk|1\n|turn|17\n|\n|t:|1698707776\n|move|p2a: Shaymin|Air Slash|p1a: Iron Canine\n|-resisted|p1a: Iron Canine\n|-damage|p1a: Iron Canine|81\/100\n|cant|p1a: Iron Canine|flinch\n|\n|upkeep\n|turn|18\n|\n|t:|1698707781\n|move|p2a: Shaymin|Air Slash|p1a: Iron Canine\n|-resisted|p1a: Iron Canine\n|-damage|p1a: Iron Canine|63\/100\n|cant|p1a: Iron Canine|flinch\n|\n|upkeep\n|turn|19\n|\n|t:|1698707788\n|move|p2a: Shaymin|Air Slash|p1a: Iron Canine\n|-resisted|p1a: Iron Canine\n|-damage|p1a: Iron Canine|45\/100\n|cant|p1a: Iron Canine|flinch\n|\n|upkeep\n|turn|20\n|\n|t:|1698707793\n|move|p2a: Shaymin|Air Slash|p1a: Iron Canine\n|-resisted|p1a: Iron Canine\n|-damage|p1a: Iron Canine|26\/100\n|cant|p1a: Iron Canine|flinch\n|\n|upkeep\n|turn|21\n|c|\u2606RichieF|brutal lol\n|\n|t:|1698707799\n|move|p2a: Shaymin|Air Slash|p1a: Iron Canine\n|-resisted|p1a: Iron Canine\n|-damage|p1a: Iron Canine|8\/100\n|cant|p1a: Iron Canine|flinch\n|\n|upkeep\n|turn|22\n|\n|t:|1698707805\n|move|p2a: Shaymin|Air Slash|p1a: Iron Canine\n|-resisted|p1a: Iron Canine\n|-damage|p1a: Iron Canine|0 fnt\n|faint|p1a: Iron Canine\n|\n|win|Lamegazelle\n|raw|RichieF's rating: 1467 &rarr; <strong>1441<\/strong><br \/>(-26 for losing)\n|raw|Lamegazelle's rating: 1358 &rarr; <strong>1384<\/strong><br \/>(+26 for winning)\n|l|\u2606RichieF\n|c|\u2606Lamegazelle|Wow\n|c|\u2606Lamegazelle|sorry\n","uploadtime":1698707948,"views":25,"p1id":"richief","p2id":"lamegazelle","formatid":"gen9ubers","rating":1384,"private":0,"password":""}