{"id":"gen9ubers-1984200927","p1":"So Threatening","p2":"Ampharoside","format":"[Gen 9] Ubers","log":"|j|\u2606So Threatening\n|j|\u2606Ampharoside\n|t:|1699229477\n|gametype|singles\n|player|p1|So Threatening|iris-gen5bw2|\n|player|p2|Ampharoside|101|\n|teamsize|p1|6\n|teamsize|p2|6\n|gen|9\n|tier|[Gen 9] Ubers\n|rule|Sleep Clause Mod: Limit one foe put to sleep\n|rule|Species Clause: Limit one of each Pok\u00e9mon\n|rule|OHKO Clause: OHKO moves are banned\n|rule|Evasion Items Clause: Evasion items are banned\n|rule|Evasion Moves Clause: Evasion moves are banned\n|rule|Endless Battle Clause: Forcing endless battles is banned\n|rule|HP Percentage Mod: HP is shown in percentages\n|clearpoke\n|poke|p1|Zamazenta-*|\n|poke|p1|Snorlax, F|\n|poke|p1|Alomomola, M|\n|poke|p1|Sandy Shocks|\n|poke|p1|Avalugg, M|\n|poke|p1|Rotom|\n|poke|p2|Camerupt, M|\n|poke|p2|Baxcalibur, M|\n|poke|p2|Slowking-Galar, F|\n|poke|p2|Enamorus-Therian, F|\n|poke|p2|Quaquaval, M|\n|poke|p2|Rotom-Fan|\n|teampreview\n|\n|t:|1699229489\n|start\n|switch|p1a: me irl|Snorlax, F|100\/100\n|switch|p2a: Baxcalibur|Baxcalibur, M|100\/100\n|turn|1\n|\n|t:|1699229493\n|switch|p1a: Luggma|Avalugg, M|100\/100\n|move|p2a: Baxcalibur|Dragon Dance|p2a: Baxcalibur\n|-boost|p2a: Baxcalibur|atk|1\n|-boost|p2a: Baxcalibur|spe|1\n|\n|upkeep\n|turn|2\n|\n|t:|1699229512\n|move|p1a: Luggma|Body Press|p2a: Baxcalibur\n|-supereffective|p2a: Baxcalibur\n|-damage|p2a: Baxcalibur|23\/100\n|move|p2a: Baxcalibur|Dragon Tail|p1a: Luggma\n|-damage|p1a: Luggma|78\/100\n|drag|p1a: me irl|Snorlax, F|100\/100\n|\n|upkeep\n|turn|3\n|\n|t:|1699229518\n|switch|p1a: Luggma|Avalugg, M|78\/100\n|move|p2a: Baxcalibur|Scale Shot|p1a: Luggma\n|-damage|p1a: Luggma|69\/100\n|-damage|p1a: Luggma|59\/100\n|-damage|p1a: Luggma|50\/100\n|-damage|p1a: Luggma|41\/100\n|-hitcount|p1a: Luggma|4\n|-unboost|p2a: Baxcalibur|def|1\n|-boost|p2a: Baxcalibur|spe|1\n|\n|upkeep\n|turn|4\n|\n|t:|1699229542\n|move|p2a: Baxcalibur|Scale Shot|p1a: Luggma\n|-damage|p1a: Luggma|31\/100\n|-damage|p1a: Luggma|21\/100\n|-damage|p1a: Luggma|11\/100\n|-damage|p1a: Luggma|1\/100\n|-hitcount|p1a: Luggma|4\n|-unboost|p2a: Baxcalibur|def|1\n|-boost|p2a: Baxcalibur|spe|1\n|move|p1a: Luggma|Body Press|p2a: Baxcalibur\n|-supereffective|p2a: Baxcalibur\n|-damage|p2a: Baxcalibur|0 fnt\n|faint|p2a: Baxcalibur\n|\n|upkeep\n|\n|t:|1699229559\n|switch|p2a: Quaquaval|Quaquaval, M|100\/100\n|turn|5\n|\n|t:|1699229562\n|switch|p1a: Aloe Vera|Alomomola, M|100\/100\n|move|p2a: Quaquaval|Swords Dance|p2a: Quaquaval\n|-boost|p2a: Quaquaval|atk|2\n|\n|upkeep\n|turn|6\n|\n|t:|1699229568\n|move|p2a: Quaquaval|Taunt|p1a: Aloe Vera\n|-start|p1a: Aloe Vera|move: Taunt\n|move|p1a: Aloe Vera|Play Rough|p2a: Quaquaval\n|-supereffective|p2a: Quaquaval\n|-damage|p2a: Quaquaval|60\/100\n|\n|-heal|p2a: Quaquaval|66\/100|[from] item: Leftovers\n|upkeep\n|turn|7\n|\n|t:|1699229574\n|move|p2a: Quaquaval|Close Combat|p1a: Aloe Vera\n|-damage|p1a: Aloe Vera|34\/100\n|-unboost|p2a: Quaquaval|def|1\n|-unboost|p2a: Quaquaval|spd|1\n|-damage|p2a: Quaquaval|49\/100|[from] item: Rocky Helmet|[of] p1a: Aloe Vera\n|move|p1a: Aloe Vera|Scald|p2a: Quaquaval\n|-resisted|p2a: Quaquaval\n|-damage|p2a: Quaquaval|35\/100\n|\n|-heal|p2a: Quaquaval|41\/100|[from] item: Leftovers\n|upkeep\n|turn|8\n|\n|t:|1699229589\n|switch|p1a: Luggma|Avalugg, M|1\/100\n|move|p2a: Quaquaval|Aqua Step|p1a: Luggma\n|-damage|p1a: Luggma|0 fnt\n|-boost|p2a: Quaquaval|spe|1\n|faint|p1a: Luggma\n|-ability|p2a: Quaquaval|Moxie|boost\n|-boost|p2a: Quaquaval|atk|1\n|\n|-heal|p2a: Quaquaval|47\/100|[from] item: Leftovers\n|upkeep\n|\n|t:|1699229590\n|switch|p1a: SANDY CROCS|Sandy Shocks|100\/100\n|turn|9\n|\n|t:|1699229594\n|move|p2a: Quaquaval|Aqua Step|p1a: SANDY CROCS\n|-supereffective|p1a: SANDY CROCS\n|-enditem|p1a: SANDY CROCS|Focus Sash\n|-damage|p1a: SANDY CROCS|1\/100\n|-boost|p2a: Quaquaval|spe|1\n|move|p1a: SANDY CROCS|Volt Switch|p2a: Quaquaval\n|-supereffective|p2a: Quaquaval\n|-damage|p2a: Quaquaval|0 fnt\n|faint|p2a: Quaquaval\n|\n|t:|1699229600\n|-end|p1a: SANDY CROCS|Protosynthesis|[silent]\n|switch|p1a: Aloe Vera|Alomomola, M|68\/100|[from] Volt Switch\n|\n|upkeep\n|\n|t:|1699229616\n|switch|p2a: Rotom|Rotom-Fan|100\/100\n|turn|10\n|\n|t:|1699229624\n|switch|p1a: me irl|Snorlax, F|100\/100\n|move|p2a: Rotom|Nasty Plot|p2a: Rotom\n|-boost|p2a: Rotom|spa|2\n|\n|upkeep\n|turn|11\n|\n|t:|1699229630\n|move|p2a: Rotom|Nasty Plot|p2a: Rotom\n|-boost|p2a: Rotom|spa|2\n|move|p1a: me irl|Body Slam|p2a: Rotom\n|-damage|p2a: Rotom|49\/100\n|\n|upkeep\n|turn|12\n|\n|t:|1699229634\n|move|p2a: Rotom|Air Slash|p1a: me irl\n|-damage|p1a: me irl|37\/100\n|move|p1a: me irl|Body Slam|p2a: Rotom\n|-damage|p2a: Rotom|0 fnt\n|faint|p2a: Rotom\n|\n|-heal|p1a: me irl|43\/100|[from] item: Leftovers\n|upkeep\n|\n|t:|1699229639\n|switch|p2a: Enamorus|Enamorus-Therian, F|100\/100\n|turn|13\n|\n|t:|1699229643\n|move|p2a: Enamorus|Superpower|p1a: me irl\n|-supereffective|p1a: me irl\n|-damage|p1a: me irl|0 fnt\n|-unboost|p2a: Enamorus|atk|1\n|-unboost|p2a: Enamorus|def|1\n|faint|p1a: me irl\n|\n|upkeep\n|\n|t:|1699229646\n|switch|p1a: No Ghosts?|Zamazenta-Crowned|100\/100\n|-ability|p1a: No Ghosts?|Dauntless Shield|boost\n|-boost|p1a: No Ghosts?|def|1\n|turn|14\n|\n|t:|1699229653\n|move|p1a: No Ghosts?|Heavy Slam|p2a: Enamorus\n|-supereffective|p2a: Enamorus\n|-damage|p2a: Enamorus|0 fnt\n|faint|p2a: Enamorus\n|\n|upkeep\n|\n|t:|1699229659\n|switch|p2a: Camerupt|Camerupt, M|100\/100\n|turn|15\n|\n|t:|1699229662\n|move|p1a: No Ghosts?|Body Press|p2a: Camerupt\n|-damage|p2a: Camerupt|6\/100\n|move|p2a: Camerupt|Fire Blast|p1a: No Ghosts?\n|-supereffective|p1a: No Ghosts?\n|-damage|p1a: No Ghosts?|18\/100\n|\n|upkeep\n|turn|16\n|\n|t:|1699229668\n|move|p1a: No Ghosts?|Heavy Slam|p2a: Camerupt\n|-resisted|p2a: Camerupt\n|-damage|p2a: Camerupt|0 fnt\n|faint|p2a: Camerupt\n|\n|upkeep\n|\n|t:|1699229669\n|switch|p2a: Slowking|Slowking-Galar, F|100\/100\n|turn|17\n|\n|t:|1699229674\n|switch|p1a: Scrotom-Base|Rotom|100\/100\n|move|p2a: Slowking|Iron Defense|p2a: Slowking\n|-boost|p2a: Slowking|def|2\n|\n|upkeep\n|turn|18\n|\n|t:|1699229680\n|move|p1a: Scrotom-Base|Thunder Wave|p2a: Slowking|[miss]\n|-miss|p1a: Scrotom-Base|p2a: Slowking\n|move|p2a: Slowking|Iron Defense|p2a: Slowking\n|-boost|p2a: Slowking|def|2\n|\n|upkeep\n|turn|19\n|\n|t:|1699229682\n|move|p1a: Scrotom-Base|Thunder Wave|p2a: Slowking|[miss]\n|-miss|p1a: Scrotom-Base|p2a: Slowking\n|move|p2a: Slowking|Stored Power|p1a: Scrotom-Base\n|-damage|p1a: Scrotom-Base|59\/100\n|\n|upkeep\n|turn|20\n|\n|t:|1699229684\n|move|p1a: Scrotom-Base|Thunder Wave|p2a: Slowking\n|-status|p2a: Slowking|par\n|move|p2a: Slowking|Stored Power|p1a: Scrotom-Base\n|-damage|p1a: Scrotom-Base|21\/100\n|\n|upkeep\n|turn|21\n|\n|t:|1699229688\n|move|p1a: Scrotom-Base|Hex|p2a: Slowking\n|-supereffective|p2a: Slowking\n|-damage|p2a: Slowking|30\/100 par\n|move|p2a: Slowking|Stored Power|p1a: Scrotom-Base\n|-damage|p1a: Scrotom-Base|0 fnt\n|faint|p1a: Scrotom-Base\n|\n|-heal|p2a: Slowking|36\/100 par|[from] item: Black Sludge\n|upkeep\n|\n|t:|1699229691\n|switch|p1a: SANDY CROCS|Sandy Shocks|1\/100\n|turn|22\n|\n|t:|1699229693\n|move|p1a: SANDY CROCS|Earth Power|p2a: Slowking\n|-supereffective|p2a: Slowking\n|-damage|p2a: Slowking|0 fnt\n|faint|p2a: Slowking\n|\n|win|So Threatening\n|c|\u2606So Threatening|ff\n|c|\u2606So Threatening|gg\n|c|\u2606Ampharoside|gg\n","uploadtime":1699229699,"views":33,"p1id":"sothreatening","p2id":"ampharoside","formatid":"gen9ubers","rating":0,"private":0,"password":""}