{"id":"gen9ubers-1987346954","p1":"wsjlyr","p2":"PantheonAristocrat","format":"[Gen 9] Ubers","log":"|j|\u2606wsjlyr\n|j|\u2606PantheonAristocrat\n|t:|1699580167\n|gametype|singles\n|player|p1|wsjlyr|lucas|1353\n|player|p2|PantheonAristocrat|sage|1248\n|teamsize|p1|6\n|teamsize|p2|6\n|gen|9\n|tier|[Gen 9] Ubers\n|rated|\n|rule|Sleep Clause Mod: Limit one foe put to sleep\n|rule|Species Clause: Limit one of each Pok\u00e9mon\n|rule|OHKO Clause: OHKO moves are banned\n|rule|Evasion Items Clause: Evasion items are banned\n|rule|Evasion Moves Clause: Evasion moves are banned\n|rule|Endless Battle Clause: Forcing endless battles is banned\n|rule|HP Percentage Mod: HP is shown in percentages\n|clearpoke\n|poke|p1|Chien-Pao|\n|poke|p1|Flutter Mane|\n|poke|p1|Koraidon|\n|poke|p1|Zacian-*|\n|poke|p1|Arceus-Water|\n|poke|p1|Roaring Moon|\n|poke|p2|Koraidon|\n|poke|p2|Walking Wake|\n|poke|p2|Ogerpon-Hearthflame, F|\n|poke|p2|Great Tusk|\n|poke|p2|Flutter Mane|\n|poke|p2|Iron Bundle|\n|teampreview\n|inactive|Battle timer is ON: inactive players will automatically lose when time's up. (requested by PantheonAristocrat)\n|inactive|wsjlyr also wants the timer to be on.\n|\n|t:|1699580180\n|start\n|switch|p1a: Arceus|Arceus-Water|100\/100\n|switch|p2a: Thoth|Iron Bundle|100\/100\n|-enditem|p2a: Thoth|Booster Energy\n|-activate|p2a: Thoth|ability: Quark Drive|[fromitem]\n|-start|p2a: Thoth|quarkdrivespe\n|turn|1\n|\n|t:|1699580185\n|move|p2a: Thoth|Freeze-Dry|p1a: Arceus\n|-supereffective|p1a: Arceus\n|-crit|p1a: Arceus\n|-damage|p1a: Arceus|29\/100\n|move|p1a: Arceus|Thunder Wave|p2a: Thoth\n|-status|p2a: Thoth|par\n|\n|upkeep\n|turn|2\n|\n|t:|1699580191\n|cant|p2a: Thoth|par\n|move|p1a: Arceus|Recover|p1a: Arceus\n|-heal|p1a: Arceus|79\/100\n|\n|upkeep\n|turn|3\n|\n|t:|1699580200\n|switch|p1a: Zacian|Zacian-Crowned|100\/100\n|-ability|p1a: Zacian|Intrepid Sword|boost\n|-boost|p1a: Zacian|atk|1\n|move|p2a: Thoth|Freeze-Dry|p1a: Zacian\n|-resisted|p1a: Zacian\n|-damage|p1a: Zacian|82\/100\n|\n|upkeep\n|turn|4\n|\n|t:|1699580206\n|move|p2a: Thoth|Protect|p2a: Thoth\n|-singleturn|p2a: Thoth|Protect\n|move|p1a: Zacian|Trailblaze|p2a: Thoth\n|-activate|p2a: Thoth|move: Protect\n|\n|upkeep\n|turn|5\n|\n|t:|1699580211\n|move|p1a: Zacian|Trailblaze|p2a: Thoth\n|-supereffective|p2a: Thoth\n|-damage|p2a: Thoth|37\/100 par\n|-boost|p1a: Zacian|spe|1\n|cant|p2a: Thoth|par\n|\n|upkeep\n|turn|6\n|\n|t:|1699580214\n|move|p1a: Zacian|Trailblaze|p2a: Thoth\n|-supereffective|p2a: Thoth\n|-damage|p2a: Thoth|0 fnt\n|-boost|p1a: Zacian|spe|1\n|faint|p2a: Thoth\n|-end|p2a: Thoth|Quark Drive|[silent]\n|\n|upkeep\n|\n|t:|1699580216\n|switch|p2a: Ra|Koraidon|100\/100\n|-weather|SunnyDay|[from] ability: Orichalcum Pulse|[of] p2a: Ra\n|-activate|p2a: Ra|Orichalcum Pulse|[source]\n|turn|7\n|\n|t:|1699580230\n|switch|p2a: Sekhmet|Ogerpon-Hearthflame, F|100\/100\n|-ability|p2a: Sekhmet|Mold Breaker\n|-terastallize|p1a: Zacian|Electric\n|move|p1a: Zacian|Wild Charge|p2a: Sekhmet\n|-resisted|p2a: Sekhmet\n|-damage|p2a: Sekhmet|50\/100\n|-damage|p1a: Zacian|71\/100|[from] Recoil\n|\n|-weather|SunnyDay|[upkeep]\n|upkeep\n|turn|8\n|\n|t:|1699580247\n|move|p1a: Zacian|Behemoth Blade|p2a: Sekhmet\n|-resisted|p2a: Sekhmet\n|-damage|p2a: Sekhmet|0 fnt\n|faint|p2a: Sekhmet\n|\n|-weather|SunnyDay|[upkeep]\n|upkeep\n|\n|t:|1699580258\n|switch|p2a: Sobek|Walking Wake|100\/100\n|-activate|p2a: Sobek|ability: Protosynthesis\n|-start|p2a: Sobek|protosynthesisspe\n|turn|9\n|\n|t:|1699580262\n|move|p1a: Zacian|Play Rough|p2a: Sobek\n|-supereffective|p2a: Sobek\n|-damage|p2a: Sobek|0 fnt\n|faint|p2a: Sobek\n|-end|p2a: Sobek|Protosynthesis|[silent]\n|\n|-weather|SunnyDay|[upkeep]\n|upkeep\n|-message|PantheonAristocrat forfeited.\n|\n|win|wsjlyr\n|raw|wsjlyr's rating: 1353 &rarr; <strong>1367<\/strong><br \/>(+14 for winning)\n|raw|PantheonAristocrat's rating: 1248 &rarr; <strong>1230<\/strong><br \/>(-18 for losing)\n|l|\u2606PantheonAristocrat\n","uploadtime":1699580273,"views":6,"p1id":"wsjlyr","p2id":"pantheonaristocrat","formatid":"gen9ubers","rating":1230,"private":0,"password":""}