{"id":"gen9ubers-1983652526","p1":"MythicSword","p2":"dumpy lump","format":"[Gen 9] Ubers","log":"|j|\u2606MythicSword\n|j|\u2606dumpy lump\n|t:|1699154252\n|gametype|singles\n|player|p1|MythicSword|cynthia-gen4|\n|player|p2|dumpy lump|volo|\n|teamsize|p1|6\n|teamsize|p2|6\n|gen|9\n|tier|[Gen 9] Ubers\n|rule|Sleep Clause Mod: Limit one foe put to sleep\n|rule|Species Clause: Limit one of each Pok\u00e9mon\n|rule|OHKO Clause: OHKO moves are banned\n|rule|Evasion Items Clause: Evasion items are banned\n|rule|Evasion Moves Clause: Evasion moves are banned\n|rule|Endless Battle Clause: Forcing endless battles is banned\n|rule|HP Percentage Mod: HP is shown in percentages\n|clearpoke\n|poke|p1|Torkoal, F|\n|poke|p1|Walking Wake|\n|poke|p1|Chi-Yu|\n|poke|p1|Arceus-Grass|\n|poke|p1|Zacian-*|\n|poke|p1|Magearna-Original|\n|poke|p2|Dialga-Origin|\n|poke|p2|Chi-Yu|\n|poke|p2|Magearna|\n|poke|p2|Ursaluna, F|\n|poke|p2|Cresselia, F|\n|poke|p2|Azumarill, F|\n|teampreview\n|\n|t:|1699154261\n|start\n|switch|p1a: Torkoal|Torkoal, F|100\/100\n|switch|p2a: Magearna|Magearna|100\/100\n|-weather|SunnyDay|[from] ability: Drought|[of] p1a: Torkoal\n|turn|1\n|\n|t:|1699154273\n|move|p1a: Torkoal|Stealth Rock|p2a: Magearna\n|-sidestart|p2: dumpy lump|move: Stealth Rock\n|move|p2a: Magearna|Trick Room|p2a: Magearna\n|-fieldstart|move: Trick Room|[of] p2a: Magearna\n|\n|-weather|SunnyDay|[upkeep]\n|upkeep\n|turn|2\n|\n|t:|1699154286\n|move|p1a: Torkoal|Lava Plume|p2a: Magearna\n|-supereffective|p2a: Magearna\n|-damage|p2a: Magearna|51\/100\n|move|p2a: Magearna|Encore|p1a: Torkoal\n|-start|p1a: Torkoal|Encore\n|\n|-weather|SunnyDay|[upkeep]\n|-heal|p2a: Magearna|57\/100|[from] item: Leftovers\n|upkeep\n|turn|3\n|\n|t:|1699154298\n|switch|p1a: Magearna|Magearna-Original|100\/100\n|move|p2a: Magearna|Volt Switch|p1a: Magearna\n|-damage|p1a: Magearna|87\/100\n|\n|t:|1699154305\n|switch|p2a: Ursaluna|Ursaluna, F|100\/100|[from] Volt Switch\n|-damage|p2a: Ursaluna|94\/100|[from] Stealth Rock\n|\n|-weather|SunnyDay|[upkeep]\n|-heal|p1a: Magearna|93\/100|[from] item: Leftovers\n|-status|p2a: Ursaluna|brn|[from] item: Flame Orb\n|upkeep\n|turn|4\n|\n|t:|1699154322\n|switch|p1a: Arceus|Arceus-Grass|100\/100\n|move|p2a: Ursaluna|Swords Dance|p2a: Ursaluna\n|-boost|p2a: Ursaluna|atk|2\n|\n|-weather|SunnyDay|[upkeep]\n|-damage|p2a: Ursaluna|88\/100 brn|[from] brn\n|upkeep\n|turn|5\n|\n|t:|1699154353\n|switch|p1a: Magearna|Magearna-Original|93\/100\n|move|p2a: Ursaluna|Facade|p1a: Magearna\n|-resisted|p1a: Magearna\n|-damage|p1a: Magearna|0 fnt\n|faint|p1a: Magearna\n|\n|-weather|SunnyDay|[upkeep]\n|-damage|p2a: Ursaluna|82\/100 brn|[from] brn\n|-fieldend|move: Trick Room\n|upkeep\n|\n|t:|1699154360\n|switch|p1a: Walking Wake|Walking Wake|100\/100\n|-activate|p1a: Walking Wake|ability: Protosynthesis\n|-start|p1a: Walking Wake|protosynthesisspe\n|turn|6\n|\n|t:|1699154406\n|switch|p2a: Magearna|Magearna|57\/100\n|-damage|p2a: Magearna|51\/100|[from] Stealth Rock\n|move|p1a: Walking Wake|Hydro Steam|p2a: Magearna\n|-damage|p2a: Magearna|0 fnt\n|faint|p2a: Magearna\n|\n|-weather|SunnyDay|[upkeep]\n|upkeep\n|\n|t:|1699154409\n|switch|p2a: Azumarill|Azumarill, F, shiny|100\/100\n|-damage|p2a: Azumarill|88\/100|[from] Stealth Rock\n|turn|7\n|\n|t:|1699154441\n|-end|p1a: Walking Wake|Protosynthesis|[silent]\n|switch|p1a: Arceus|Arceus-Grass|100\/100\n|move|p2a: Azumarill|Belly Drum|p2a: Azumarill\n|-damage|p2a: Azumarill|38\/100\n|-setboost|p2a: Azumarill|atk|6|[from] move: Belly Drum\n|-enditem|p2a: Azumarill|Sitrus Berry|[eat]\n|-heal|p2a: Azumarill|63\/100|[from] item: Sitrus Berry\n|\n|-weather|SunnyDay|[upkeep]\n|upkeep\n|turn|8\n|\n|t:|1699154473\n|move|p1a: Arceus|Judgment|p2a: Azumarill\n|-supereffective|p2a: Azumarill\n|-damage|p2a: Azumarill|0 fnt\n|faint|p2a: Azumarill\n|\n|-weather|none\n|upkeep\n|\n|t:|1699154489\n|switch|p2a: Chi-Yu|Chi-Yu|100\/100\n|-damage|p2a: Chi-Yu|76\/100|[from] Stealth Rock\n|-ability|p2a: Chi-Yu|Beads of Ruin\n|turn|9\n|\n|t:|1699154518\n|move|p1a: Arceus|Judgment|p2a: Chi-Yu\n|-resisted|p2a: Chi-Yu\n|-damage|p2a: Chi-Yu|52\/100\n|move|p2a: Chi-Yu|Overheat|p1a: Arceus|[miss]\n|-miss|p2a: Chi-Yu|p1a: Arceus\n|\n|upkeep\n|turn|10\n|\n|t:|1699154527\n|move|p1a: Arceus|Judgment|p2a: Chi-Yu\n|-resisted|p2a: Chi-Yu\n|-damage|p2a: Chi-Yu|29\/100\n|move|p2a: Chi-Yu|Overheat|p1a: Arceus\n|-supereffective|p1a: Arceus\n|-damage|p1a: Arceus|0 fnt\n|-unboost|p2a: Chi-Yu|spa|2\n|faint|p1a: Arceus\n|\n|upkeep\n|\n|t:|1699154556\n|switch|p1a: Chi-Yu|Chi-Yu|100\/100\n|-ability|p1a: Chi-Yu|Beads of Ruin\n|turn|11\n|\n|t:|1699154564\n|move|p1a: Chi-Yu|Flamethrower|p2a: Chi-Yu\n|-resisted|p2a: Chi-Yu\n|-damage|p2a: Chi-Yu|4\/100\n|move|p2a: Chi-Yu|Overheat|p1a: Chi-Yu\n|-resisted|p1a: Chi-Yu\n|-damage|p1a: Chi-Yu|66\/100\n|-unboost|p2a: Chi-Yu|spa|2\n|\n|upkeep\n|turn|12\n|\n|t:|1699154570\n|move|p1a: Chi-Yu|Flamethrower|p2a: Chi-Yu\n|-resisted|p2a: Chi-Yu\n|-damage|p2a: Chi-Yu|0 fnt\n|faint|p2a: Chi-Yu\n|\n|upkeep\n|\n|t:|1699154581\n|switch|p2a: Dialga|Dialga-Origin|100\/100\n|-damage|p2a: Dialga|94\/100|[from] Stealth Rock\n|-ability|p2a: Dialga|Pressure\n|turn|13\n|\n|t:|1699154588\n|move|p1a: Chi-Yu|Flamethrower|p2a: Dialga\n|-damage|p2a: Dialga|47\/100\n|move|p2a: Dialga|Trick Room|p2a: Dialga\n|-fieldstart|move: Trick Room|[of] p2a: Dialga\n|\n|upkeep\n|turn|14\n|\n|t:|1699154594\n|move|p2a: Dialga|Dragon Pulse|p1a: Chi-Yu\n|-damage|p1a: Chi-Yu|0 fnt\n|faint|p1a: Chi-Yu\n|\n|upkeep\n|\n|t:|1699154604\n|switch|p1a: Torkoal|Torkoal, F|100\/100\n|-weather|SunnyDay|[from] ability: Drought|[of] p1a: Torkoal\n|turn|15\n|\n|t:|1699154619\n|move|p1a: Torkoal|Lava Plume|p2a: Dialga\n|-damage|p2a: Dialga|21\/100\n|-status|p2a: Dialga|brn\n|move|p2a: Dialga|Dragon Pulse|p1a: Torkoal\n|-damage|p1a: Torkoal|16\/100\n|\n|-weather|SunnyDay|[upkeep]\n|-damage|p2a: Dialga|15\/100 brn|[from] brn\n|upkeep\n|turn|16\n|\n|t:|1699154630\n|move|p1a: Torkoal|Lava Plume|p2a: Dialga\n|-damage|p2a: Dialga|0 fnt\n|faint|p2a: Dialga\n|\n|-weather|SunnyDay|[upkeep]\n|upkeep\n|\n|t:|1699154635\n|switch|p2a: Cresselia|Cresselia, F, shiny|100\/100\n|-damage|p2a: Cresselia|88\/100|[from] Stealth Rock\n|turn|17\n|\n|t:|1699154642\n|move|p1a: Torkoal|Lava Plume|p2a: Cresselia\n|-damage|p2a: Cresselia|72\/100\n|move|p2a: Cresselia|Light Screen|p2a: Cresselia\n|-sidestart|p2: dumpy lump|move: Light Screen\n|\n|-weather|SunnyDay|[upkeep]\n|-fieldend|move: Trick Room\n|upkeep\n|turn|18\n|\n|t:|1699154649\n|move|p2a: Cresselia|Reflect|p2a: Cresselia\n|-sidestart|p2: dumpy lump|Reflect\n|move|p1a: Torkoal|Will-O-Wisp|p2a: Cresselia\n|-status|p2a: Cresselia|brn\n|\n|-weather|SunnyDay|[upkeep]\n|-damage|p2a: Cresselia|66\/100 brn|[from] brn\n|upkeep\n|turn|19\n|\n|t:|1699154701\n|move|p1a: Torkoal|Lava Plume|p2a: Cresselia\n|-damage|p2a: Cresselia|57\/100 brn\n|move|p2a: Cresselia|Trick Room|p2a: Cresselia\n|-fieldstart|move: Trick Room|[of] p2a: Cresselia\n|\n|-weather|SunnyDay|[upkeep]\n|-damage|p2a: Cresselia|51\/100 brn|[from] brn\n|upkeep\n|turn|20\n|\n|t:|1699154714\n|switch|p1a: Walking Wake|Walking Wake|100\/100\n|-activate|p1a: Walking Wake|ability: Protosynthesis\n|-start|p1a: Walking Wake|protosynthesisspe\n|move|p2a: Cresselia|Lunar Dance|p2a: Cresselia\n|faint|p2a: Cresselia\n|\n|-weather|SunnyDay|[upkeep]\n|upkeep\n|\n|t:|1699154717\n|switch|p2a: Ursaluna|Ursaluna, F|82\/100 brn\n|-heal|p2a: Ursaluna|100\/100|[from] move: Lunar Dance\n|-damage|p2a: Ursaluna|94\/100|[from] Stealth Rock\n|turn|21\n|\n|t:|1699154733\n|-terastallize|p2a: Ursaluna|Normal\n|-terastallize|p1a: Walking Wake|Water\n|move|p2a: Ursaluna|Swords Dance|p2a: Ursaluna\n|-boost|p2a: Ursaluna|atk|2\n|move|p1a: Walking Wake|Hydro Steam|p2a: Ursaluna\n|-damage|p2a: Ursaluna|39\/100\n|\n|-weather|SunnyDay|[upkeep]\n|-sideend|p2: dumpy lump|move: Light Screen\n|-status|p2a: Ursaluna|brn|[from] item: Flame Orb\n|upkeep\n|turn|22\n|\n|t:|1699154746\n|move|p2a: Ursaluna|Facade|p1a: Walking Wake\n|-damage|p1a: Walking Wake|0 fnt\n|faint|p1a: Walking Wake\n|-end|p1a: Walking Wake|Protosynthesis|[silent]\n|\n|-weather|none\n|-damage|p2a: Ursaluna|33\/100 brn|[from] brn\n|-sideend|p2: dumpy lump|Reflect\n|upkeep\n|\n|t:|1699154750\n|switch|p1a: Torkoal|Torkoal, F|16\/100\n|-weather|SunnyDay|[from] ability: Drought|[of] p1a: Torkoal\n|turn|23\n|\n|t:|1699154756\n|move|p1a: Torkoal|Lava Plume|p2a: Ursaluna\n|-damage|p2a: Ursaluna|3\/100 brn\n|move|p2a: Ursaluna|Facade|p1a: Torkoal\n|-damage|p1a: Torkoal|0 fnt\n|faint|p1a: Torkoal\n|\n|-weather|SunnyDay|[upkeep]\n|-damage|p2a: Ursaluna|0 fnt|[from] brn\n|faint|p2a: Ursaluna\n|\n|win|MythicSword\n|upkeep\n|c|\u2606dumpy lump|gg\n|c|\u2606MythicSword|gg\n","uploadtime":1699154769,"views":17,"p1id":"mythicsword","p2id":"dumpylump","formatid":"gen9ubers","rating":0,"private":0,"password":""}