{"id":"gen9ubers-1971114128","p1":"Notvibin","p2":"ZacEditsYT","format":"[Gen 9] Ubers","log":"|j|\u2606Notvibin\n|j|\u203dZacEditsYT\n|t:|1697708237\n|gametype|singles\n|player|p1|Notvibin|theroyal|1324\n|player|p2|ZacEditsYT|cynthia-masters|1189\n|teamsize|p1|6\n|teamsize|p2|6\n|gen|9\n|tier|[Gen 9] Ubers\n|rated|\n|rule|Sleep Clause Mod: Limit one foe put to sleep\n|rule|Species Clause: Limit one of each Pok\u00e9mon\n|rule|OHKO Clause: OHKO moves are banned\n|rule|Evasion Items Clause: Evasion items are banned\n|rule|Evasion Moves Clause: Evasion moves are banned\n|rule|Endless Battle Clause: Forcing endless battles is banned\n|rule|HP Percentage Mod: HP is shown in percentages\n|clearpoke\n|poke|p1|Arceus-Ground|\n|poke|p1|Miraidon|\n|poke|p1|Zacian-*|\n|poke|p1|Kyogre|\n|poke|p1|Giratina-Origin|\n|poke|p1|Skeledirge, F|\n|poke|p2|Giratina|\n|poke|p2|Regieleki|\n|poke|p2|Landorus-Therian, M|\n|poke|p2|Volcarona, F|\n|poke|p2|Flutter Mane|\n|poke|p2|Blissey, F|\n|teampreview\n|inactive|Battle timer is ON: inactive players will automatically lose when time's up. (requested by Notvibin)\n|inactive|ZacEditsYT also wants the timer to be on.\n|\n|t:|1697708263\n|start\n|switch|p1a: Arceus|Arceus-Ground|100\/100\n|switch|p2a: Landorus|Landorus-Therian, M|100\/100\n|-ability|p2a: Landorus|Intimidate|boost\n|-unboost|p1a: Arceus|atk|1\n|turn|1\n|inactive|ZacEditsYT has 120 seconds left.\n|\n|t:|1697708296\n|switch|p1a: Kyogre|Kyogre|100\/100\n|-weather|RainDance|[from] ability: Drizzle|[of] p1a: Kyogre\n|move|p2a: Landorus|U-turn|p1a: Kyogre\n|-damage|p1a: Kyogre|83\/100\n|inactive|ZacEditsYT has 120 seconds left.\n|\n|t:|1697708303\n|switch|p2a: Blissey|Blissey, F|100\/100|[from] U-turn\n|\n|-weather|RainDance|[upkeep]\n|-heal|p1a: Kyogre|90\/100|[from] item: Leftovers\n|upkeep\n|turn|2\n|\n|t:|1697708311\n|move|p1a: Kyogre|Substitute|p1a: Kyogre\n|-start|p1a: Kyogre|Substitute\n|-damage|p1a: Kyogre|65\/100\n|move|p2a: Blissey|Thunder Wave||[still]\n|-fail|p2a: Blissey\n|\n|-weather|RainDance|[upkeep]\n|-heal|p1a: Kyogre|71\/100|[from] item: Leftovers\n|upkeep\n|turn|3\n|\n|t:|1697708317\n|move|p1a: Kyogre|Calm Mind|p1a: Kyogre\n|-boost|p1a: Kyogre|spa|1\n|-boost|p1a: Kyogre|spd|1\n|move|p2a: Blissey|Stealth Rock|p1a: Kyogre\n|-sidestart|p1: Notvibin|move: Stealth Rock\n|\n|-weather|RainDance|[upkeep]\n|-heal|p1a: Kyogre|77\/100|[from] item: Leftovers\n|upkeep\n|turn|4\n|\n|t:|1697708324\n|move|p1a: Kyogre|Calm Mind|p1a: Kyogre\n|-boost|p1a: Kyogre|spa|1\n|-boost|p1a: Kyogre|spd|1\n|move|p2a: Blissey|Seismic Toss|p1a: Kyogre\n|-end|p1a: Kyogre|Substitute\n|\n|-weather|RainDance|[upkeep]\n|-heal|p1a: Kyogre|83\/100|[from] item: Leftovers\n|upkeep\n|turn|5\n|\n|t:|1697708344\n|move|p1a: Kyogre|Surf|p2a: Blissey\n|-damage|p2a: Blissey|57\/100\n|move|p2a: Blissey|Seismic Toss|p1a: Kyogre\n|-damage|p1a: Kyogre|58\/100\n|\n|-weather|none\n|-heal|p1a: Kyogre|65\/100|[from] item: Leftovers\n|upkeep\n|turn|6\n|\n|t:|1697708355\n|move|p1a: Kyogre|Substitute|p1a: Kyogre\n|-start|p1a: Kyogre|Substitute\n|-damage|p1a: Kyogre|40\/100\n|move|p2a: Blissey|Thunder Wave|p1a: Kyogre|[miss]\n|-miss|p2a: Blissey|p1a: Kyogre\n|\n|-heal|p1a: Kyogre|46\/100|[from] item: Leftovers\n|upkeep\n|turn|7\n|\n|t:|1697708361\n|move|p1a: Kyogre|Calm Mind|p1a: Kyogre\n|-boost|p1a: Kyogre|spa|1\n|-boost|p1a: Kyogre|spd|1\n|move|p2a: Blissey|Seismic Toss|p1a: Kyogre\n|-end|p1a: Kyogre|Substitute\n|\n|-heal|p1a: Kyogre|52\/100|[from] item: Leftovers\n|upkeep\n|turn|8\n|\n|t:|1697708372\n|move|p1a: Kyogre|Substitute|p1a: Kyogre\n|-start|p1a: Kyogre|Substitute\n|-damage|p1a: Kyogre|27\/100\n|move|p2a: Blissey|Soft-Boiled|p2a: Blissey\n|-heal|p2a: Blissey|100\/100\n|\n|-heal|p1a: Kyogre|33\/100|[from] item: Leftovers\n|upkeep\n|turn|9\n|\n|t:|1697708388\n|move|p1a: Kyogre|Surf|p2a: Blissey\n|-damage|p2a: Blissey|66\/100\n|move|p2a: Blissey|Seismic Toss|p1a: Kyogre\n|-end|p1a: Kyogre|Substitute\n|\n|-heal|p1a: Kyogre|40\/100|[from] item: Leftovers\n|upkeep\n|turn|10\n|\n|t:|1697708403\n|move|p1a: Kyogre|Surf|p2a: Blissey\n|-damage|p2a: Blissey|31\/100\n|move|p2a: Blissey|Seismic Toss|p1a: Kyogre\n|-damage|p1a: Kyogre|15\/100\n|\n|-heal|p1a: Kyogre|21\/100|[from] item: Leftovers\n|upkeep\n|turn|11\n|\n|t:|1697708411\n|move|p1a: Kyogre|Surf|p2a: Blissey\n|-damage|p2a: Blissey|0 fnt\n|faint|p2a: Blissey\n|\n|-heal|p1a: Kyogre|27\/100|[from] item: Leftovers\n|upkeep\n|\n|t:|1697708424\n|switch|p2a: Flutter Mane|Flutter Mane|100\/100\n|-enditem|p2a: Flutter Mane|Booster Energy\n|-activate|p2a: Flutter Mane|ability: Protosynthesis|[fromitem]\n|-start|p2a: Flutter Mane|protosynthesisspe\n|turn|12\n|\n|t:|1697708429\n|move|p2a: Flutter Mane|Psyshock|p1a: Kyogre\n|-damage|p1a: Kyogre|9\/100\n|move|p1a: Kyogre|Surf|p2a: Flutter Mane\n|-damage|p2a: Flutter Mane|0 fnt\n|faint|p2a: Flutter Mane\n|-end|p2a: Flutter Mane|Protosynthesis|[silent]\n|\n|-heal|p1a: Kyogre|15\/100|[from] item: Leftovers\n|upkeep\n|\n|t:|1697708441\n|switch|p2a: Landorus|Landorus-Therian, M|100\/100\n|-ability|p2a: Landorus|Intimidate|boost\n|-unboost|p1a: Kyogre|atk|1\n|turn|13\n|\n|t:|1697708447\n|move|p2a: Landorus|U-turn|p1a: Kyogre\n|-damage|p1a: Kyogre|0 fnt\n|faint|p1a: Kyogre\n|\n|t:|1697708456\n|switch|p2a: Volcarona|Volcarona, F|100\/100|[from] U-turn\n|\n|upkeep\n|\n|t:|1697708466\n|switch|p1a: Skeledirge|Skeledirge, F|100\/100\n|turn|14\n|\n|t:|1697708475\n|switch|p2a: Regieleki|Regieleki|100\/100\n|move|p1a: Skeledirge|Torch Song|p2a: Regieleki\n|-damage|p2a: Regieleki|51\/100\n|-boost|p1a: Skeledirge|spa|1\n|\n|upkeep\n|turn|15\n|\n|t:|1697708482\n|move|p2a: Regieleki|Light Screen|p2a: Regieleki\n|-sidestart|p2: ZacEditsYT|move: Light Screen\n|move|p1a: Skeledirge|Torch Song|p2a: Regieleki\n|-damage|p2a: Regieleki|11\/100\n|-boost|p1a: Skeledirge|spa|1\n|\n|upkeep\n|turn|16\n|\n|t:|1697708490\n|move|p2a: Regieleki|Reflect|p2a: Regieleki\n|-sidestart|p2: ZacEditsYT|Reflect\n|move|p1a: Skeledirge|Torch Song|p2a: Regieleki\n|-damage|p2a: Regieleki|0 fnt\n|-boost|p1a: Skeledirge|spa|1\n|faint|p2a: Regieleki\n|\n|upkeep\n|\n|t:|1697708497\n|switch|p2a: Landorus|Landorus-Therian, M|100\/100\n|-ability|p2a: Landorus|Intimidate|boost\n|-unboost|p1a: Skeledirge|atk|1\n|turn|17\n|\n|t:|1697708503\n|move|p2a: Landorus|Stone Edge|p1a: Skeledirge\n|-supereffective|p1a: Skeledirge\n|-damage|p1a: Skeledirge|56\/100\n|move|p1a: Skeledirge|Will-O-Wisp|p2a: Landorus\n|-status|p2a: Landorus|brn\n|\n|-damage|p2a: Landorus|95\/100 brn|[from] brn\n|upkeep\n|turn|18\n|\n|t:|1697708512\n|switch|p2a: Giratina|Giratina|100\/100\n|-ability|p2a: Giratina|Pressure\n|move|p1a: Skeledirge|Slack Off|p1a: Skeledirge\n|-heal|p1a: Skeledirge|100\/100\n|\n|upkeep\n|turn|19\n|\n|t:|1697708523\n|move|p1a: Skeledirge|Will-O-Wisp|p2a: Giratina\n|-status|p2a: Giratina|brn\n|move|p2a: Giratina|Dragon Tail|p1a: Skeledirge\n|-damage|p1a: Skeledirge|94\/100\n|drag|p1a: Miraidon|Miraidon|100\/100\n|-damage|p1a: Miraidon|88\/100|[from] Stealth Rock\n|-fieldstart|move: Electric Terrain|[from] ability: Hadron Engine|[of] p1a: Miraidon\n|\n|-damage|p2a: Giratina|94\/100 brn|[from] brn\n|upkeep\n|turn|20\n|\n|t:|1697708535\n|-terastallize|p2a: Giratina|Fairy\n|move|p1a: Miraidon|Draco Meteor|p2a: Giratina\n|-immune|p2a: Giratina\n|move|p2a: Giratina|Rest||[still]\n|-activate|p2a: Giratina|move: Electric Terrain\n|-fail|p2a: Giratina\n|\n|-damage|p2a: Giratina|88\/100 brn|[from] brn\n|upkeep\n|turn|21\n|\n|t:|1697708546\n|switch|p1a: Zacian|Zacian-Crowned|100\/100\n|-damage|p1a: Zacian|94\/100|[from] Stealth Rock\n|-ability|p1a: Zacian|Intrepid Sword|boost\n|-boost|p1a: Zacian|atk|1\n|switch|p2a: Landorus|Landorus-Therian, M|95\/100 brn\n|-ability|p2a: Landorus|Intimidate|boost\n|-unboost|p1a: Zacian|atk|1\n|\n|-damage|p2a: Landorus|89\/100 brn|[from] brn\n|upkeep\n|turn|22\n|\n|t:|1697708562\n|move|p2a: Landorus|Earthquake|p1a: Zacian\n|-supereffective|p1a: Zacian\n|-damage|p1a: Zacian|33\/100\n|move|p1a: Zacian|Swords Dance|p1a: Zacian\n|-boost|p1a: Zacian|atk|2\n|\n|-damage|p2a: Landorus|83\/100 brn|[from] brn\n|-sideend|p2: ZacEditsYT|move: Light Screen\n|upkeep\n|turn|23\n|\n|t:|1697708582\n|-terastallize|p1a: Zacian|Water\n|move|p2a: Landorus|Earthquake|p1a: Zacian\n|-damage|p1a: Zacian|6\/100\n|move|p1a: Zacian|Tera Blast|p2a: Landorus|[anim] Tera Blast Water\n|-supereffective|p2a: Landorus\n|-damage|p2a: Landorus|0 fnt\n|faint|p2a: Landorus\n|\n|-sideend|p2: ZacEditsYT|Reflect\n|-fieldend|move: Electric Terrain\n|upkeep\n|\n|t:|1697708592\n|switch|p2a: Giratina|Giratina, tera:Fairy|88\/100 brn\n|-ability|p2a: Giratina|Pressure\n|turn|24\n|\n|t:|1697708597\n|move|p1a: Zacian|Behemoth Blade|p2a: Giratina\n|-supereffective|p2a: Giratina\n|-damage|p2a: Giratina|0 fnt\n|faint|p2a: Giratina\n|\n|upkeep\n|\n|t:|1697708602\n|switch|p2a: Volcarona|Volcarona, F|100\/100\n|turn|25\n|c|\u2606Notvibin|gg\n|\n|t:|1697708607\n|move|p1a: Zacian|Tera Blast|p2a: Volcarona|[anim] Tera Blast Water\n|-supereffective|p2a: Volcarona\n|-damage|p2a: Volcarona|0 fnt\n|faint|p2a: Volcarona\n|\n|win|Notvibin\n|raw|Notvibin's rating: 1324 &rarr; <strong>1337<\/strong><br \/>(+13 for winning)\n|raw|ZacEditsYT's rating: 1189 &rarr; <strong>1173<\/strong><br \/>(-16 for losing)\n|l|\u203dZacEditsYT\n","uploadtime":1697708618,"views":16,"p1id":"notvibin","p2id":"zaceditsyt","formatid":"gen9ubers","rating":1173,"private":0,"password":""}