{"id":"gen9ubers-1976395262","p1":"iceberg149","p2":"justinrockin","format":"[Gen 9] Ubers","log":"|j|\u2606iceberg149\n|j|\u2606justinrockin\n|t:|1698296047\n|gametype|singles\n|player|p1|iceberg149|ethan|\n|player|p2|justinrockin|1|\n|teamsize|p1|6\n|teamsize|p2|6\n|gen|9\n|tier|[Gen 9] Ubers\n|rule|Sleep Clause Mod: Limit one foe put to sleep\n|rule|Species Clause: Limit one of each Pok\u00e9mon\n|rule|OHKO Clause: OHKO moves are banned\n|rule|Evasion Items Clause: Evasion items are banned\n|rule|Evasion Moves Clause: Evasion moves are banned\n|rule|Endless Battle Clause: Forcing endless battles is banned\n|rule|HP Percentage Mod: HP is shown in percentages\n|clearpoke\n|poke|p1|Mew|\n|poke|p1|Ogerpon-Cornerstone, F|\n|poke|p1|Ursaluna-Bloodmoon, M|\n|poke|p1|Sneasler, F|\n|poke|p1|Gastrodon-East, F|\n|poke|p1|Kilowattrel, F|\n|poke|p2|Volcarona, M|\n|poke|p2|Greninja-*, M|\n|poke|p2|Landorus-Therian, M|\n|poke|p2|Lycanroc-Dusk, F|\n|poke|p2|Regieleki|\n|poke|p2|Zapdos-Galar|\n|teampreview\n|j| KaoVT\n|j| Superison\n|j| curtisthecacnea\n|c|\u2606iceberg149|hfhf\n|\n|t:|1698296217\n|start\n|switch|p1a: A Slug -David 2023|Gastrodon-East, F|100\/100\n|switch|p2a: Landorus|Landorus-Therian, M|100\/100\n|-ability|p2a: Landorus|Intimidate|boost\n|-unboost|p1a: A Slug -David 2023|atk|1\n|turn|1\n|\n|t:|1698296267\n|move|p2a: Landorus|U-turn|p1a: A Slug -David 2023\n|-damage|p1a: A Slug -David 2023|76\/100\n|\n|t:|1698296288\n|switch|p2a: Lycanroc|Lycanroc-Dusk, F|100\/100|[from] U-turn\n|move|p1a: A Slug -David 2023|Stealth Rock|p2a: Lycanroc\n|-sidestart|p2: justinrockin|move: Stealth Rock\n|\n|upkeep\n|turn|2\n|\n|t:|1698296395\n|switch|p1a: Swiper|Sneasler, F|100\/100\n|move|p2a: Lycanroc|Stealth Rock|p1a: Swiper\n|-sidestart|p1: iceberg149|move: Stealth Rock\n|\n|upkeep\n|turn|3\n|\n|t:|1698296421\n|switch|p2a: Landorus|Landorus-Therian, M|100\/100\n|-damage|p2a: Landorus|88\/100|[from] Stealth Rock\n|-ability|p2a: Landorus|Intimidate|boost\n|-unboost|p1a: Swiper|atk|1\n|move|p1a: Swiper|Close Combat|p2a: Landorus\n|-resisted|p2a: Landorus\n|-damage|p2a: Landorus|63\/100\n|-unboost|p1a: Swiper|def|1\n|-unboost|p1a: Swiper|spd|1\n|\n|upkeep\n|turn|4\n|\n|t:|1698296458\n|switch|p1a: Nyoom|Kilowattrel, F, shiny|100\/100\n|move|p2a: Landorus|Stone Edge|p1a: Nyoom\n|-supereffective|p1a: Nyoom\n|-damage|p1a: Nyoom|0 fnt\n|faint|p1a: Nyoom\n|\n|upkeep\n|\n|t:|1698296499\n|switch|p1a: Scary Feet!|Ursaluna-Bloodmoon, M|100\/100\n|-damage|p1a: Scary Feet!|94\/100|[from] Stealth Rock\n|turn|5\n|\n|t:|1698296509\n|switch|p2a: Lycanroc|Lycanroc-Dusk, F|100\/100\n|-damage|p2a: Lycanroc|88\/100|[from] Stealth Rock\n|move|p1a: Scary Feet!|Blood Moon|p2a: Lycanroc\n|-resisted|p2a: Lycanroc\n|-damage|p2a: Lycanroc|9\/100\n|\n|upkeep\n|turn|6\n|\n|t:|1698296517\n|move|p1a: Scary Feet!|Vacuum Wave|p2a: Lycanroc\n|-supereffective|p2a: Lycanroc\n|-damage|p2a: Lycanroc|0 fnt\n|faint|p2a: Lycanroc\n|\n|upkeep\n|\n|t:|1698296520\n|switch|p2a: Regieleki|Regieleki|100\/100\n|-damage|p2a: Regieleki|88\/100|[from] Stealth Rock\n|turn|7\n|\n|t:|1698296561\n|move|p2a: Regieleki|Light Screen|p2a: Regieleki\n|-sidestart|p2: justinrockin|move: Light Screen\n|move|p1a: Scary Feet!|Earth Power|p2a: Regieleki\n|-supereffective|p2a: Regieleki\n|-damage|p2a: Regieleki|0 fnt\n|faint|p2a: Regieleki\n|\n|upkeep\n|\n|t:|1698296567\n|switch|p2a: Zapdos|Zapdos-Galar|100\/100\n|-damage|p2a: Zapdos|88\/100|[from] Stealth Rock\n|turn|8\n|\n|t:|1698296664\n|switch|p1a: A Slug -David 2023|Gastrodon-East, F|76\/100\n|-damage|p1a: A Slug -David 2023|70\/100|[from] Stealth Rock\n|move|p2a: Zapdos|Agility|p2a: Zapdos\n|-boost|p2a: Zapdos|spe|2\n|\n|-heal|p2a: Zapdos|94\/100|[from] item: Leftovers\n|upkeep\n|turn|9\n|\n|t:|1698296710\n|move|p2a: Zapdos|Bulk Up|p2a: Zapdos\n|-boost|p2a: Zapdos|atk|1\n|-boost|p2a: Zapdos|def|1\n|move|p1a: A Slug -David 2023|Recover|p1a: A Slug -David 2023\n|-heal|p1a: A Slug -David 2023|100\/100\n|\n|-heal|p2a: Zapdos|100\/100|[from] item: Leftovers\n|upkeep\n|turn|10\n|\n|t:|1698296718\n|switch|p1a: Swiper|Sneasler, F|100\/100\n|-damage|p1a: Swiper|95\/100|[from] Stealth Rock\n|move|p2a: Zapdos|Bulk Up|p2a: Zapdos\n|-boost|p2a: Zapdos|atk|1\n|-boost|p2a: Zapdos|def|1\n|-enditem|p1a: Swiper|Mirror Herb\n|-boost|p1a: Swiper|atk|1|[from] item: Mirror Herb\n|-boost|p1a: Swiper|def|1|[from] item: Mirror Herb\n|\n|upkeep\n|turn|11\n|\n|t:|1698296789\n|move|p1a: Swiper|Dire Claw|p2a: Zapdos\n|-damage|p2a: Zapdos|65\/100\n|-status|p2a: Zapdos|par\n|cant|p2a: Zapdos|par\n|\n|-heal|p2a: Zapdos|71\/100 par|[from] item: Leftovers\n|upkeep\n|turn|12\n|\n|t:|1698296815\n|move|p1a: Swiper|Dire Claw|p2a: Zapdos\n|-damage|p2a: Zapdos|37\/100 par\n|move|p2a: Zapdos|Brave Bird|p1a: Swiper\n|-supereffective|p1a: Swiper\n|-damage|p1a: Swiper|0 fnt\n|faint|p1a: Swiper\n|-damage|p2a: Zapdos|8\/100 par|[from] Recoil\n|\n|-heal|p2a: Zapdos|14\/100 par|[from] item: Leftovers\n|upkeep\n|\n|t:|1698296822\n|switch|p1a: Bingus|Mew, shiny|100\/100\n|-damage|p1a: Bingus|88\/100|[from] Stealth Rock\n|turn|13\n|\n|t:|1698296833\n|move|p1a: Bingus|Dazzling Gleam|p2a: Zapdos\n|-supereffective|p2a: Zapdos\n|-damage|p2a: Zapdos|0 fnt\n|faint|p2a: Zapdos\n|\n|upkeep\n|\n|t:|1698296837\n|switch|p2a: Landorus|Landorus-Therian, M|63\/100\n|-damage|p2a: Landorus|51\/100|[from] Stealth Rock\n|-ability|p2a: Landorus|Intimidate|boost\n|-unboost|p1a: Bingus|atk|1\n|turn|14\n|\n|t:|1698296933\n|move|p1a: Bingus|Dazzling Gleam|p2a: Landorus\n|-damage|p2a: Landorus|36\/100\n|move|p2a: Landorus|U-turn|p1a: Bingus\n|-supereffective|p1a: Bingus\n|-damage|p1a: Bingus|36\/100\n|\n|t:|1698296937\n|switch|p2a: Volcarona|Volcarona, M|100\/100|[from] U-turn\n|\n|-sideend|p2: justinrockin|move: Light Screen\n|upkeep\n|turn|15\n|\n|t:|1698296993\n|switch|p1a: A Slug -David 2023|Gastrodon-East, F|100\/100\n|-damage|p1a: A Slug -David 2023|94\/100|[from] Stealth Rock\n|move|p2a: Volcarona|Quiver Dance|p2a: Volcarona\n|-boost|p2a: Volcarona|spa|1\n|-boost|p2a: Volcarona|spd|1\n|-boost|p2a: Volcarona|spe|1\n|\n|upkeep\n|turn|16\n|\n|t:|1698297081\n|switch|p1a: Geologist|Ogerpon-Cornerstone, F|100\/100\n|-damage|p1a: Geologist|88\/100|[from] Stealth Rock\n|move|p2a: Volcarona|Quiver Dance|p2a: Volcarona\n|-boost|p2a: Volcarona|spa|1\n|-boost|p2a: Volcarona|spd|1\n|-boost|p2a: Volcarona|spe|1\n|\n|upkeep\n|turn|17\n|\n|t:|1698297109\n|move|p1a: Geologist|Spiky Shield|p1a: Geologist\n|-singleturn|p1a: Geologist|move: Protect\n|move|p2a: Volcarona|Bug Buzz|p1a: Geologist\n|-activate|p1a: Geologist|move: Protect\n|\n|upkeep\n|turn|18\n|\n|t:|1698297140\n|move|p2a: Volcarona|Bug Buzz|p1a: Geologist\n|-supereffective|p1a: Geologist\n|-damage|p1a: Geologist|0 fnt\n|faint|p1a: Geologist\n|\n|upkeep\n|\n|t:|1698297227\n|switch|p1a: A Slug -David 2023|Gastrodon-East, F|94\/100\n|-damage|p1a: A Slug -David 2023|88\/100|[from] Stealth Rock\n|turn|19\n|\n|t:|1698297231\n|move|p2a: Volcarona|Psychic|p1a: A Slug -David 2023\n|-damage|p1a: A Slug -David 2023|44\/100\n|-unboost|p1a: A Slug -David 2023|spd|1\n|move|p1a: A Slug -David 2023|Hydro Pump|p2a: Volcarona\n|-supereffective|p2a: Volcarona\n|-damage|p2a: Volcarona|54\/100\n|\n|upkeep\n|turn|20\n|\n|t:|1698297255\n|move|p2a: Volcarona|Bug Buzz|p1a: A Slug -David 2023\n|-damage|p1a: A Slug -David 2023|0 fnt\n|faint|p1a: A Slug -David 2023\n|\n|upkeep\n|\n|t:|1698297264\n|switch|p1a: Scary Feet!|Ursaluna-Bloodmoon, M|94\/100\n|-damage|p1a: Scary Feet!|88\/100|[from] Stealth Rock\n|turn|21\n|\n|t:|1698297282\n|move|p2a: Volcarona|Fiery Dance|p1a: Scary Feet!\n|-damage|p1a: Scary Feet!|0 fnt\n|faint|p1a: Scary Feet!\n|\n|upkeep\n|\n|t:|1698297302\n|switch|p1a: Bingus|Mew, shiny|36\/100\n|-damage|p1a: Bingus|24\/100|[from] Stealth Rock\n|turn|22\n|\n|t:|1698297308\n|move|p2a: Volcarona|Bug Buzz|p1a: Bingus\n|-supereffective|p1a: Bingus\n|-damage|p1a: Bingus|0 fnt\n|faint|p1a: Bingus\n|\n|win|justinrockin\n|c|\u2606iceberg149|ggs\n|c|\u2606justinrockin|ggs\n|l| KaoVT\n|c|\u2606iceberg149|can i see volc set\n|c|\u2606justinrockin|in match spoilers\n|l|\u2606justinrockin\n|l| curtisthecacnea\n|l|\u2606iceberg149\n|j| KaoVT\n","uploadtime":1698297314,"views":44,"p1id":"iceberg149","p2id":"justinrockin","formatid":"gen9ubers","rating":0,"private":0,"password":""}