{"id":"gen9ubers-1979716751","p1":"Nitro524","p2":"CrackLordGBLN","format":"[Gen 9] Ubers","log":"|j|\u2606Nitro524\n|j|\u2606CrackLordGBLN\n|t:|1698706075\n|gametype|singles\n|player|p1|Nitro524|hilbert|\n|player|p2|CrackLordGBLN|ghetsis|\n|teamsize|p1|6\n|teamsize|p2|6\n|gen|9\n|tier|[Gen 9] Ubers\n|rule|Sleep Clause Mod: Limit one foe put to sleep\n|rule|Species Clause: Limit one of each Pok\u00e9mon\n|rule|OHKO Clause: OHKO moves are banned\n|rule|Evasion Items Clause: Evasion items are banned\n|rule|Evasion Moves Clause: Evasion moves are banned\n|rule|Endless Battle Clause: Forcing endless battles is banned\n|rule|HP Percentage Mod: HP is shown in percentages\n|clearpoke\n|poke|p1|Meowscarada, M|\n|poke|p1|Grimmsnarl, M|\n|poke|p1|Zacian-*|\n|poke|p1|Arceus-Poison|\n|poke|p1|Magearna|\n|poke|p1|Basculegion-F, F|\n|poke|p2|Magearna|\n|poke|p2|Ursaluna-Bloodmoon, M|\n|poke|p2|Zacian-*|\n|poke|p2|Roaring Moon|\n|poke|p2|Rabsca, F|\n|poke|p2|Iron Hands|\n|teampreview\n|c|\u2606Nitro524|glhf\n|\n|t:|1698706096\n|start\n|switch|p1a: Meowscarada|Meowscarada, M|100\/100\n|switch|p2a: Literal Bot|Magearna|100\/100\n|turn|1\n|\n|t:|1698706104\n|move|p1a: Meowscarada|Spikes|p2a: Literal Bot\n|-start|p1a: Meowscarada|typechange|Ground|[from] ability: Protean\n|-sidestart|p2: CrackLordGBLN|Spikes\n|move|p2a: Literal Bot|Fleur Cannon|p1a: Meowscarada|[miss]\n|-miss|p2a: Literal Bot|p1a: Meowscarada\n|\n|upkeep\n|turn|2\n|\n|t:|1698706118\n|move|p1a: Meowscarada|Spikes|p2a: Literal Bot\n|-sidestart|p2: CrackLordGBLN|Spikes\n|move|p2a: Literal Bot|Trick Room|p2a: Literal Bot\n|-fieldstart|move: Trick Room|[of] p2a: Literal Bot\n|\n|upkeep\n|turn|3\n|\n|t:|1698706131\n|switch|p2a: Roaring Mid|Roaring Moon|100\/100\n|-damage|p2a: Roaring Mid|84\/100|[from] Spikes\n|move|p1a: Meowscarada|Knock Off|p2a: Roaring Mid\n|-resisted|p2a: Roaring Mid\n|-damage|p2a: Roaring Mid|72\/100\n|-enditem|p2a: Roaring Mid|Leftovers|[from] move: Knock Off|[of] p1a: Meowscarada\n|\n|upkeep\n|turn|4\n|\n|t:|1698706146\n|move|p2a: Roaring Mid|Jaw Lock|p1a: Meowscarada\n|-damage|p1a: Meowscarada|45\/100\n|-activate|p2a: Roaring Mid|trapped\n|-activate|p1a: Meowscarada|trapped\n|move|p1a: Meowscarada|Taunt|p2a: Roaring Mid\n|-start|p2a: Roaring Mid|move: Taunt\n|\n|upkeep\n|turn|5\n|\n|t:|1698706158\n|move|p2a: Roaring Mid|Jaw Lock|p1a: Meowscarada\n|-damage|p1a: Meowscarada|0 fnt\n|faint|p1a: Meowscarada\n|\n|upkeep\n|\n|t:|1698706171\n|switch|p1a: Magearna|Magearna|100\/100\n|turn|6\n|\n|t:|1698706182\n|-terastallize|p2a: Roaring Mid|Fire\n|move|p1a: Magearna|Draining Kiss|p2a: Roaring Mid\n|-resisted|p2a: Roaring Mid\n|-damage|p2a: Roaring Mid|63\/100\n|move|p2a: Roaring Mid|Jaw Lock|p1a: Magearna\n|-resisted|p1a: Magearna\n|-damage|p1a: Magearna|88\/100\n|-activate|p2a: Roaring Mid|trapped\n|-activate|p1a: Magearna|trapped\n|\n|-heal|p1a: Magearna|94\/100|[from] item: Leftovers\n|-fieldend|move: Trick Room\n|upkeep\n|turn|7\n|\n|t:|1698706193\n|move|p2a: Roaring Mid|Jaw Lock|p1a: Magearna\n|-resisted|p1a: Magearna\n|-damage|p1a: Magearna|83\/100\n|move|p1a: Magearna|Shift Gear|p1a: Magearna\n|-boost|p1a: Magearna|spe|2\n|-boost|p1a: Magearna|atk|1\n|\n|-heal|p1a: Magearna|89\/100|[from] item: Leftovers\n|-end|p2a: Roaring Mid|move: Taunt\n|upkeep\n|turn|8\n|\n|t:|1698706211\n|move|p1a: Magearna|Calm Mind|p1a: Magearna\n|-boost|p1a: Magearna|spa|1\n|-boost|p1a: Magearna|spd|1\n|move|p2a: Roaring Mid|Dragon Dance|p2a: Roaring Mid\n|-boost|p2a: Roaring Mid|atk|1\n|-boost|p2a: Roaring Mid|spe|1\n|\n|-heal|p1a: Magearna|95\/100|[from] item: Leftovers\n|upkeep\n|turn|9\n|\n|t:|1698706224\n|move|p2a: Roaring Mid|Taunt|p1a: Magearna\n|-start|p1a: Magearna|move: Taunt\n|move|p1a: Magearna|Stored Power|p2a: Roaring Mid\n|-damage|p2a: Roaring Mid|21\/100\n|\n|-heal|p1a: Magearna|100\/100|[from] item: Leftovers\n|upkeep\n|turn|10\n|\n|t:|1698706234\n|move|p2a: Roaring Mid|Jaw Lock|p1a: Magearna\n|-resisted|p1a: Magearna\n|-damage|p1a: Magearna|85\/100\n|move|p1a: Magearna|Stored Power|p2a: Roaring Mid\n|-damage|p2a: Roaring Mid|0 fnt\n|faint|p2a: Roaring Mid\n|-ability|p1a: Magearna|Soul-Heart|boost\n|-boost|p1a: Magearna|spa|1\n|-end|p2a: Roaring Mid|Protosynthesis|[silent]\n|\n|-heal|p1a: Magearna|91\/100|[from] item: Leftovers\n|upkeep\n|\n|t:|1698706256\n|switch|p2a: Ban me already|Zacian|100\/100\n|-ability|p2a: Ban me already|Intrepid Sword|boost\n|-boost|p2a: Ban me already|atk|1\n|turn|11\n|\n|t:|1698706285\n|move|p2a: Ban me already|Swords Dance|p2a: Ban me already\n|-boost|p2a: Ban me already|atk|2\n|move|p1a: Magearna|Draining Kiss|p2a: Ban me already\n|-damage|p2a: Ban me already|60\/100\n|-heal|p1a: Magearna|100\/100|[from] drain|[of] p2a: Ban me already\n|\n|-end|p1a: Magearna|move: Taunt\n|upkeep\n|turn|12\n|\n|t:|1698706299\n|move|p2a: Ban me already|Close Combat|p1a: Magearna\n|-damage|p1a: Magearna|38\/100\n|-unboost|p2a: Ban me already|def|1\n|-unboost|p2a: Ban me already|spd|1\n|move|p1a: Magearna|Stored Power|p2a: Ban me already\n|-damage|p2a: Ban me already|0 fnt\n|faint|p2a: Ban me already\n|-ability|p1a: Magearna|Soul-Heart|boost\n|-boost|p1a: Magearna|spa|1\n|\n|-heal|p1a: Magearna|44\/100|[from] item: Leftovers\n|upkeep\n|j| sword over shield\n|\n|t:|1698706336\n|switch|p2a: Brian Hands|Iron Hands|100\/100\n|-damage|p2a: Brian Hands|84\/100|[from] Spikes\n|turn|13\n|\n|t:|1698706360\n|move|p1a: Magearna|Draining Kiss|p2a: Brian Hands\n|-supereffective|p2a: Brian Hands\n|-damage|p2a: Brian Hands|14\/100\n|-heal|p1a: Magearna|100\/100|[from] drain|[of] p2a: Brian Hands\n|move|p2a: Brian Hands|Drain Punch|p1a: Magearna\n|-damage|p1a: Magearna|70\/100\n|-heal|p2a: Brian Hands|25\/100|[from] drain|[of] p1a: Magearna\n|\n|-heal|p1a: Magearna|76\/100|[from] item: Leftovers\n|upkeep\n|turn|14\n|\n|t:|1698706372\n|move|p1a: Magearna|Draining Kiss|p2a: Brian Hands\n|-supereffective|p2a: Brian Hands\n|-damage|p2a: Brian Hands|0 fnt\n|-heal|p1a: Magearna|100\/100|[from] drain|[of] p2a: Brian Hands\n|faint|p2a: Brian Hands\n|-ability|p1a: Magearna|Soul-Heart|boost\n|-boost|p1a: Magearna|spa|1\n|-end|p2a: Brian Hands|Quark Drive|[silent]\n|\n|upkeep\n|-message|CrackLordGBLN forfeited.\n|\n|win|Nitro524\n|l|\u2606CrackLordGBLN\n","uploadtime":1698706395,"views":8,"p1id":"nitro524","p2id":"cracklordgbln","formatid":"gen9ubers","rating":0,"private":0,"password":""}