{"id":"gen9ubers-1979787933","p1":"Cthulhe","p2":"NassBug","format":"[Gen 9] Ubers","log":"|j|\u2606Cthulhe\n|j|\u2606NassBug\n|t:|1698713289\n|gametype|singles\n|player|p1|Cthulhe|hooligans|1000\n|player|p2|NassBug|may-masters3|1118\n|teamsize|p1|6\n|teamsize|p2|6\n|gen|9\n|tier|[Gen 9] Ubers\n|rated|\n|rule|Sleep Clause Mod: Limit one foe put to sleep\n|rule|Species Clause: Limit one of each Pok\u00e9mon\n|rule|OHKO Clause: OHKO moves are banned\n|rule|Evasion Items Clause: Evasion items are banned\n|rule|Evasion Moves Clause: Evasion moves are banned\n|rule|Endless Battle Clause: Forcing endless battles is banned\n|rule|HP Percentage Mod: HP is shown in percentages\n|clearpoke\n|poke|p1|Arceus|\n|poke|p1|Kyogre|\n|poke|p1|Espathra, F|\n|poke|p1|Annihilape, M|\n|poke|p1|Iron Bundle|\n|poke|p1|Kingambit, M|\n|poke|p2|Ribombee, F|\n|poke|p2|Tyranitar, M|\n|poke|p2|Houndstone, M|\n|poke|p2|Hippowdon, F|\n|poke|p2|Gastrodon, M|\n|poke|p2|Lycanroc, M|\n|teampreview\n|inactive|Battle timer is ON: inactive players will automatically lose when time's up. (requested by Cthulhe)\n|\n|t:|1698713308\n|start\n|switch|p1a: Arceus|Arceus|100\/100\n|switch|p2a: ^^ Girls Day|Ribombee, F, shiny|100\/100\n|turn|1\n|\n|t:|1698713317\n|move|p2a: ^^ Girls Day|Sticky Web|p1a: Arceus\n|-sidestart|p1: Cthulhe|move: Sticky Web\n|move|p1a: Arceus|Dragon Dance|p1a: Arceus\n|-boost|p1a: Arceus|atk|1\n|-boost|p1a: Arceus|spe|1\n|\n|upkeep\n|turn|2\n|\n|t:|1698713324\n|move|p1a: Arceus|Extreme Speed|p2a: ^^ Girls Day\n|-enditem|p2a: ^^ Girls Day|Focus Sash\n|-damage|p2a: ^^ Girls Day|1\/100\n|move|p2a: ^^ Girls Day|Stun Spore|p1a: Arceus\n|-status|p1a: Arceus|par\n|\n|upkeep\n|turn|3\n|\n|t:|1698713329\n|move|p2a: ^^ Girls Day|Reflect|p2a: ^^ Girls Day\n|-sidestart|p2: NassBug|Reflect\n|move|p1a: Arceus|Dragon Dance|p1a: Arceus\n|-boost|p1a: Arceus|atk|1\n|-boost|p1a: Arceus|spe|1\n|\n|upkeep\n|turn|4\n|\n|t:|1698713333\n|move|p2a: ^^ Girls Day|Moonblast|p1a: Arceus\n|-damage|p1a: Arceus|68\/100 par\n|move|p1a: Arceus|Dragon Dance|p1a: Arceus\n|-boost|p1a: Arceus|atk|1\n|-boost|p1a: Arceus|spe|1\n|\n|-heal|p1a: Arceus|74\/100 par|[from] item: Leftovers\n|upkeep\n|turn|5\n|\n|t:|1698713337\n|cant|p1a: Arceus|par\n|move|p2a: ^^ Girls Day|Moonblast|p1a: Arceus\n|-damage|p1a: Arceus|45\/100 par\n|\n|-heal|p1a: Arceus|51\/100 par|[from] item: Leftovers\n|upkeep\n|turn|6\n|\n|t:|1698713340\n|move|p1a: Arceus|Extreme Speed|p2a: ^^ Girls Day\n|-damage|p2a: ^^ Girls Day|0 fnt\n|faint|p2a: ^^ Girls Day\n|\n|-heal|p1a: Arceus|57\/100 par|[from] item: Leftovers\n|upkeep\n|\n|t:|1698713347\n|switch|p2a: \ud83d\udc04?|Hippowdon, F, shiny|100\/100\n|-weather|Sandstorm|[from] ability: Sand Stream|[of] p2a: \ud83d\udc04?\n|turn|7\n|\n|t:|1698713354\n|move|p1a: Arceus|Dragon Dance|p1a: Arceus\n|-boost|p1a: Arceus|atk|1\n|-boost|p1a: Arceus|spe|1\n|move|p2a: \ud83d\udc04?|Stealth Rock|p1a: Arceus\n|-sidestart|p1: Cthulhe|move: Stealth Rock\n|\n|-weather|Sandstorm|[upkeep]\n|-damage|p1a: Arceus|51\/100 par|[from] Sandstorm\n|-heal|p1a: Arceus|57\/100 par|[from] item: Leftovers\n|-sideend|p2: NassBug|Reflect\n|upkeep\n|turn|8\n|\n|t:|1698713365\n|move|p1a: Arceus|Dragon Dance|p1a: Arceus\n|-boost|p1a: Arceus|atk|1\n|-boost|p1a: Arceus|spe|1\n|move|p2a: \ud83d\udc04?|Earthquake|p1a: Arceus\n|-damage|p1a: Arceus|13\/100 par\n|\n|-weather|Sandstorm|[upkeep]\n|-damage|p1a: Arceus|7\/100 par|[from] Sandstorm\n|-heal|p1a: Arceus|13\/100 par|[from] item: Leftovers\n|upkeep\n|turn|9\n|\n|t:|1698713377\n|-terastallize|p1a: Arceus|Normal\n|move|p1a: Arceus|Extreme Speed|p2a: \ud83d\udc04?\n|-damage|p2a: \ud83d\udc04?|0 fnt\n|faint|p2a: \ud83d\udc04?\n|\n|-weather|Sandstorm|[upkeep]\n|-damage|p1a: Arceus|7\/100 par|[from] Sandstorm\n|-heal|p1a: Arceus|13\/100 par|[from] item: Leftovers\n|upkeep\n|\n|t:|1698713388\n|switch|p2a: AUAUAUAU|Lycanroc, M, shiny|100\/100\n|turn|10\n|\n|t:|1698713392\n|move|p1a: Arceus|Extreme Speed|p2a: AUAUAUAU\n|-resisted|p2a: AUAUAUAU\n|-damage|p2a: AUAUAUAU|0 fnt\n|faint|p2a: AUAUAUAU\n|\n|-weather|Sandstorm|[upkeep]\n|-damage|p1a: Arceus|7\/100 par|[from] Sandstorm\n|-heal|p1a: Arceus|13\/100 par|[from] item: Leftovers\n|upkeep\n|\n|t:|1698713398\n|switch|p2a: \ud83c\udfa0|Tyranitar, M, shiny|100\/100\n|turn|11\n|\n|t:|1698713401\n|switch|p2a: Slow power\ud83d\udd31|Gastrodon, M, shiny|100\/100\n|move|p1a: Arceus|Earthquake|p2a: Slow power\ud83d\udd31\n|-damage|p2a: Slow power\ud83d\udd31|0 fnt\n|faint|p2a: Slow power\ud83d\udd31\n|\n|-weather|Sandstorm|[upkeep]\n|-damage|p1a: Arceus|7\/100 par|[from] Sandstorm\n|-heal|p1a: Arceus|13\/100 par|[from] item: Leftovers\n|upkeep\n|\n|t:|1698713404\n|switch|p2a: \ud83c\udfa0|Tyranitar, M, shiny|100\/100\n|turn|12\n|\n|t:|1698713411\n|move|p1a: Arceus|Earthquake|p2a: \ud83c\udfa0\n|-supereffective|p2a: \ud83c\udfa0\n|-damage|p2a: \ud83c\udfa0|0 fnt\n|faint|p2a: \ud83c\udfa0\n|\n|-weather|Sandstorm|[upkeep]\n|-damage|p1a: Arceus|7\/100 par|[from] Sandstorm\n|-heal|p1a: Arceus|13\/100 par|[from] item: Leftovers\n|upkeep\n|\n|t:|1698713415\n|switch|p2a: YOU DIE|Houndstone, M, shiny|100\/100\n|turn|13\n|c|\u2606NassBug|'-'\n|c|\u2606NassBug|Game?\n|\n|t:|1698713427\n|cant|p1a: Arceus|par\n|move|p2a: YOU DIE|Last Respects|p1a: Arceus\n|-immune|p1a: Arceus\n|\n|-weather|Sandstorm|[upkeep]\n|-damage|p1a: Arceus|7\/100 par|[from] Sandstorm\n|-heal|p1a: Arceus|13\/100 par|[from] item: Leftovers\n|upkeep\n|turn|14\n|c|\u2606Cthulhe|Game!\n|-message|NassBug forfeited.\n|\n|win|Cthulhe\n|raw|Cthulhe's rating: 1000 &rarr; <strong>1053<\/strong><br \/>(+53 for winning)\n|raw|NassBug's rating: 1118 &rarr; <strong>1085<\/strong><br \/>(-33 for losing)\n|l|\u2606NassBug\n","uploadtime":1698713447,"views":10,"p1id":"cthulhe","p2id":"nassbug","formatid":"gen9ubers","rating":1053,"private":0,"password":""}