{"id":"gen9ubers-1977463068","p1":"tryinggen9random","p2":"SlattKingCole","format":"[Gen 9] Ubers","log":"|j|\u2606tryinggen9random\n|j|\u2606SlattKingCole\n|t:|1698419213\n|gametype|singles\n|player|p1|tryinggen9random|170|1080\n|player|p2|SlattKingCole|102|1158\n|teamsize|p1|4\n|teamsize|p2|6\n|gen|9\n|tier|[Gen 9] Ubers\n|rated|\n|rule|Sleep Clause Mod: Limit one foe put to sleep\n|rule|Species Clause: Limit one of each Pok\u00e9mon\n|rule|OHKO Clause: OHKO moves are banned\n|rule|Evasion Items Clause: Evasion items are banned\n|rule|Evasion Moves Clause: Evasion moves are banned\n|rule|Endless Battle Clause: Forcing endless battles is banned\n|rule|HP Percentage Mod: HP is shown in percentages\n|clearpoke\n|poke|p1|Torkoal, M|\n|poke|p1|Ribombee, M|\n|poke|p1|Leavanny, F|\n|poke|p1|Cyclizar, F|\n|poke|p2|Regieleki|\n|poke|p2|Orthworm, M|\n|poke|p2|Volcarona, M|\n|poke|p2|Koraidon|\n|poke|p2|Arceus|\n|poke|p2|Zacian-*|\n|teampreview\n|inactive|Battle timer is ON: inactive players will automatically lose when time's up. (requested by tryinggen9random)\n|\n|t:|1698419223\n|start\n|switch|p1a: Ribombee|Ribombee, M|100\/100\n|switch|p2a: Arceus|Arceus|100\/100\n|turn|1\n|\n|t:|1698419226\n|move|p1a: Ribombee|Sticky Web|p2a: Arceus\n|-sidestart|p2: SlattKingCole|move: Sticky Web\n|move|p2a: Arceus|Taunt|p1a: Ribombee\n|-start|p1a: Ribombee|move: Taunt\n|-enditem|p1a: Ribombee|Mental Herb\n|-end|p1a: Ribombee|move: Taunt\n|\n|upkeep\n|turn|2\n|\n|t:|1698419235\n|move|p1a: Ribombee|Reflect|p1a: Ribombee\n|-sidestart|p1: tryinggen9random|Reflect\n|move|p2a: Arceus|Swords Dance|p2a: Arceus\n|-boost|p2a: Arceus|atk|2\n|\n|upkeep\n|turn|3\n|\n|t:|1698419240\n|move|p1a: Ribombee|U-turn|p2a: Arceus\n|-damage|p2a: Arceus|88\/100\n|\n|t:|1698419243\n|switch|p1a: Torkoal|Torkoal, M|100\/100|[from] U-turn\n|-weather|SunnyDay|[from] ability: Drought|[of] p1a: Torkoal\n|move|p2a: Arceus|Taunt|p1a: Torkoal\n|-start|p1a: Torkoal|move: Taunt\n|\n|-weather|SunnyDay|[upkeep]\n|upkeep\n|turn|4\n|\n|t:|1698419251\n|move|p2a: Arceus|Shadow Claw|p1a: Torkoal\n|-damage|p1a: Torkoal|85\/100\n|move|p1a: Torkoal|Clear Smog|p2a: Arceus\n|-damage|p2a: Arceus|80\/100\n|-clearboost|p2a: Arceus\n|\n|-weather|SunnyDay|[upkeep]\n|upkeep\n|turn|5\n|\n|t:|1698419268\n|switch|p1a: Cyclizar|Cyclizar, F|100\/100\n|move|p2a: Arceus|Extreme Speed|p1a: Cyclizar\n|-damage|p1a: Cyclizar|52\/100\n|\n|-weather|SunnyDay|[upkeep]\n|-heal|p1a: Cyclizar|59\/100|[from] item: Leftovers\n|upkeep\n|turn|6\n|\n|t:|1698419275\n|move|p2a: Arceus|Extreme Speed|p1a: Cyclizar\n|-crit|p1a: Cyclizar\n|-damage|p1a: Cyclizar|0 fnt\n|faint|p1a: Cyclizar\n|\n|-weather|SunnyDay|[upkeep]\n|-sideend|p1: tryinggen9random|Reflect\n|upkeep\n|\n|t:|1698419292\n|switch|p1a: Ribombee|Ribombee, M|100\/100\n|turn|7\n|\n|t:|1698419300\n|move|p2a: Arceus|Extreme Speed|p1a: Ribombee\n|-damage|p1a: Ribombee|11\/100\n|move|p1a: Ribombee|Reflect|p1a: Ribombee\n|-sidestart|p1: tryinggen9random|Reflect\n|\n|-weather|SunnyDay|[upkeep]\n|upkeep\n|turn|8\n|\n|t:|1698419304\n|move|p2a: Arceus|Extreme Speed|p1a: Ribombee\n|-damage|p1a: Ribombee|0 fnt\n|faint|p1a: Ribombee\n|\n|-weather|SunnyDay|[upkeep]\n|upkeep\n|\n|t:|1698419326\n|switch|p1a: Leavanny|Leavanny, F|100\/100\n|turn|9\n|\n|t:|1698419333\n|-terastallize|p2a: Arceus|Normal\n|move|p2a: Arceus|Extreme Speed|p1a: Leavanny\n|-damage|p1a: Leavanny|54\/100\n|move|p1a: Leavanny|Swords Dance|p1a: Leavanny\n|-boost|p1a: Leavanny|atk|2\n|\n|-weather|SunnyDay|[upkeep]\n|upkeep\n|turn|10\n|\n|t:|1698419348\n|-terastallize|p1a: Leavanny|Fire\n|move|p1a: Leavanny|Tera Blast|p2a: Arceus|[anim] Tera Blast Fire\n|-damage|p2a: Arceus|0 fnt\n|faint|p2a: Arceus\n|-damage|p1a: Leavanny|44\/100|[from] item: Life Orb\n|\n|-weather|none\n|upkeep\n|\n|t:|1698419355\n|switch|p2a: Koraidon|Koraidon|100\/100\n|-activate|p2a: Koraidon|move: Sticky Web\n|-unboost|p2a: Koraidon|spe|1\n|-weather|SunnyDay|[from] ability: Orichalcum Pulse|[of] p2a: Koraidon\n|-activate|p2a: Koraidon|Orichalcum Pulse|[source]\n|turn|11\n|\n|t:|1698419366\n|move|p1a: Leavanny|Tera Blast|p2a: Koraidon|[anim] Tera Blast Fire\n|-resisted|p2a: Koraidon\n|-damage|p2a: Koraidon|30\/100\n|-damage|p1a: Leavanny|34\/100|[from] item: Life Orb\n|move|p2a: Koraidon|Swords Dance|p2a: Koraidon\n|-boost|p2a: Koraidon|atk|2\n|\n|-weather|SunnyDay|[upkeep]\n|-sideend|p1: tryinggen9random|Reflect\n|upkeep\n|turn|12\n|\n|t:|1698419374\n|move|p1a: Leavanny|Tera Blast|p2a: Koraidon|[anim] Tera Blast Fire\n|-resisted|p2a: Koraidon\n|-damage|p2a: Koraidon|0 fnt\n|faint|p2a: Koraidon\n|-damage|p1a: Leavanny|24\/100|[from] item: Life Orb\n|\n|-weather|SunnyDay|[upkeep]\n|upkeep\n|\n|t:|1698419379\n|switch|p2a: Regieleki|Regieleki|100\/100\n|-activate|p2a: Regieleki|move: Sticky Web\n|-unboost|p2a: Regieleki|spe|1\n|turn|13\n|\n|t:|1698419389\n|move|p1a: Leavanny|Tera Blast|p2a: Regieleki|[anim] Tera Blast Fire\n|-damage|p2a: Regieleki|0 fnt\n|faint|p2a: Regieleki\n|-damage|p1a: Leavanny|14\/100|[from] item: Life Orb\n|\n|-weather|SunnyDay|[upkeep]\n|upkeep\n|c|\u2606SlattKingCole|?\n|\n|t:|1698419400\n|switch|p2a: Zacian|Zacian-Crowned|100\/100\n|-activate|p2a: Zacian|move: Sticky Web\n|-unboost|p2a: Zacian|spe|1\n|-ability|p2a: Zacian|Intrepid Sword|boost\n|-boost|p2a: Zacian|atk|1\n|turn|14\n|\n|t:|1698419410\n|move|p1a: Leavanny|Tera Blast|p2a: Zacian|[anim] Tera Blast Fire\n|-supereffective|p2a: Zacian\n|-damage|p2a: Zacian|0 fnt\n|faint|p2a: Zacian\n|-damage|p1a: Leavanny|4\/100|[from] item: Life Orb\n|\n|-weather|SunnyDay|[upkeep]\n|upkeep\n|\n|t:|1698419413\n|switch|p2a: Orthworm|Orthworm, M|100\/100\n|-activate|p2a: Orthworm|move: Sticky Web\n|-unboost|p2a: Orthworm|spe|1\n|turn|15\n|\n|t:|1698419417\n|move|p1a: Leavanny|Tera Blast|p2a: Orthworm|[anim] Tera Blast Fire\n|-supereffective|p2a: Orthworm\n|-damage|p2a: Orthworm|0 fnt\n|faint|p2a: Orthworm\n|-damage|p1a: Leavanny|0 fnt|[from] item: Life Orb\n|faint|p1a: Leavanny\n|\n|-weather|none\n|upkeep\n|\n|t:|1698419420\n|switch|p1a: Torkoal|Torkoal, M|85\/100\n|switch|p2a: Volcarona|Volcarona, M|100\/100\n|-weather|SunnyDay|[from] ability: Drought|[of] p1a: Torkoal\n|turn|16\n|\n|t:|1698419425\n|move|p2a: Volcarona|Quiver Dance|p2a: Volcarona\n|-boost|p2a: Volcarona|spa|1\n|-boost|p2a: Volcarona|spd|1\n|-boost|p2a: Volcarona|spe|1\n|move|p1a: Torkoal|Yawn|p2a: Volcarona\n|-start|p2a: Volcarona|move: Yawn|[of] p1a: Torkoal\n|\n|-weather|SunnyDay|[upkeep]\n|upkeep\n|turn|17\n|\n|t:|1698419434\n|move|p2a: Volcarona|Tera Blast|p1a: Torkoal\n|-damage|p1a: Torkoal|17\/100\n|move|p1a: Torkoal|Clear Smog|p2a: Volcarona\n|-damage|p2a: Volcarona|93\/100\n|-clearboost|p2a: Volcarona\n|\n|-weather|SunnyDay|[upkeep]\n|-end|p2a: Volcarona|move: Yawn|[silent]\n|-status|p2a: Volcarona|slp\n|upkeep\n|turn|18\n|c|\u2606tryinggen9random|almost.\n|\n|t:|1698419441\n|cant|p2a: Volcarona|slp\n|move|p1a: Torkoal|Rapid Spin|p2a: Volcarona\n|-damage|p2a: Volcarona|76\/100 slp\n|-boost|p1a: Torkoal|spe|1\n|\n|-weather|SunnyDay|[upkeep]\n|upkeep\n|turn|19\n|\n|t:|1698419446\n|-curestatus|p2a: Volcarona|slp|[msg]\n|move|p2a: Volcarona|Quiver Dance|p2a: Volcarona\n|-boost|p2a: Volcarona|spa|1\n|-boost|p2a: Volcarona|spd|1\n|-boost|p2a: Volcarona|spe|1\n|move|p1a: Torkoal|Rapid Spin|p2a: Volcarona\n|-damage|p2a: Volcarona|62\/100\n|-boost|p1a: Torkoal|spe|1\n|\n|-weather|SunnyDay|[upkeep]\n|upkeep\n|turn|20\n|\n|t:|1698419458\n|move|p2a: Volcarona|Tera Blast|p1a: Torkoal\n|-damage|p1a: Torkoal|0 fnt\n|faint|p1a: Torkoal\n|\n|win|SlattKingCole\n|raw|tryinggen9random's rating: 1080 &rarr; <strong>1063<\/strong><br \/>(-17 for losing)\n|raw|SlattKingCole's rating: 1158 &rarr; <strong>1177<\/strong><br \/>(+19 for winning)\n","uploadtime":1698419481,"views":8,"p1id":"tryinggen9random","p2id":"slattkingcole","formatid":"gen9ubers","rating":1063,"private":0,"password":""}