{"id":"gen9ubers-1976092696","p1":"Fragments","p2":"Solstorm5","format":"[Gen 9] Ubers","log":"|j|\u2606Fragments\n|j|\u2606Solstorm5\n|inactive|Battle timer is ON: inactive players will automatically lose when time's up.\n|t:|1698263032\n|gametype|singles\n|player|p1|Fragments|#omplxisolgaleos|\n|player|p2|Solstorm5|marnie-masters3|\n|teamsize|p1|6\n|teamsize|p2|6\n|gen|9\n|tier|[Gen 9] Ubers\n|rated|Tournament battle\n|rule|Sleep Clause Mod: Limit one foe put to sleep\n|rule|Species Clause: Limit one of each Pok\u00e9mon\n|rule|OHKO Clause: OHKO moves are banned\n|rule|Evasion Items Clause: Evasion items are banned\n|rule|Evasion Moves Clause: Evasion moves are banned\n|rule|Endless Battle Clause: Forcing endless battles is banned\n|rule|HP Percentage Mod: HP is shown in percentages\n|clearpoke\n|poke|p1|Calyrex-Ice|\n|poke|p1|Hatterene, F|\n|poke|p1|Arceus|\n|poke|p1|Kyogre|\n|poke|p1|Cresselia, F|\n|poke|p1|Kingambit, M|\n|poke|p2|Miraidon|\n|poke|p2|Koraidon|\n|poke|p2|Groudon|\n|poke|p2|Skeledirge, M|\n|poke|p2|Zacian-*|\n|poke|p2|Arceus-Ground|\n|teampreview\n|j|*Lady Monita \u263d\n|c|\u2606Solstorm5|glhf! :)\n|c|\u2606Fragments|u2\n|\n|t:|1698263048\n|start\n|switch|p1a: Hatterene|Hatterene, F|100\/100\n|switch|p2a: Groudon|Groudon|100\/100\n|-weather|SunnyDay|[from] ability: Drought|[of] p2a: Groudon\n|turn|1\n|\n|t:|1698263052\n|move|p2a: Groudon|Precipice Blades|p1a: Hatterene|[miss]\n|-miss|p2a: Groudon|p1a: Hatterene\n|move|p1a: Hatterene|Trick Room|p1a: Hatterene\n|-fieldstart|move: Trick Room|[of] p1a: Hatterene\n|\n|-weather|SunnyDay|[upkeep]\n|upkeep\n|turn|2\n|\n|t:|1698263056\n|move|p1a: Hatterene|Psychic|p2a: Groudon\n|-damage|p2a: Groudon|55\/100\n|move|p2a: Groudon|Precipice Blades|p1a: Hatterene\n|-damage|p1a: Hatterene|31\/100\n|\n|-weather|SunnyDay|[upkeep]\n|-heal|p2a: Groudon|61\/100|[from] item: Leftovers\n|upkeep\n|turn|3\n|\n|t:|1698263062\n|move|p1a: Hatterene|Healing Wish|p1a: Hatterene\n|faint|p1a: Hatterene\n|move|p2a: Groudon|Precipice Blades|p1: Hatterene|[notarget]\n|-fail|p2a: Groudon\n|\n|-weather|SunnyDay|[upkeep]\n|-heal|p2a: Groudon|67\/100|[from] item: Leftovers\n|upkeep\n|\n|t:|1698263065\n|switch|p1a: Kyogre|Kyogre|100\/100\n|-weather|RainDance|[from] ability: Drizzle|[of] p1a: Kyogre\n|turn|4\n|\n|t:|1698263070\n|switch|p2a: Koraidon|Koraidon|100\/100\n|-weather|SunnyDay|[from] ability: Orichalcum Pulse|[of] p2a: Koraidon\n|-activate|p2a: Koraidon|Orichalcum Pulse|[source]\n|move|p1a: Kyogre|Water Spout|p2a: Koraidon\n|-resisted|p2a: Koraidon\n|-damage|p2a: Koraidon|64\/100\n|\n|-weather|SunnyDay|[upkeep]\n|upkeep\n|turn|5\n|\n|t:|1698263079\n|switch|p1a: Calyrex|Calyrex-Ice|100\/100\n|-ability|p1a: Calyrex|As One\n|-ability|p1a: Calyrex|Unnerve\n|move|p2a: Koraidon|Close Combat|p1a: Calyrex\n|-damage|p1a: Calyrex|27\/100\n|-unboost|p2a: Koraidon|def|1\n|-unboost|p2a: Koraidon|spd|1\n|\n|-weather|SunnyDay|[upkeep]\n|-fieldend|move: Trick Room\n|upkeep\n|turn|6\n|\n|t:|1698263085\n|switch|p1a: Cresselia|Cresselia, F|100\/100\n|move|p2a: Koraidon|Close Combat|p1a: Cresselia\n|-resisted|p1a: Cresselia\n|-damage|p1a: Cresselia|52\/100\n|-unboost|p2a: Koraidon|def|1\n|-unboost|p2a: Koraidon|spd|1\n|\n|-weather|SunnyDay|[upkeep]\n|upkeep\n|turn|7\n|\n|t:|1698263097\n|switch|p2a: Miraidon|Miraidon|100\/100\n|-fieldstart|move: Electric Terrain|[from] ability: Hadron Engine|[of] p2a: Miraidon\n|move|p1a: Cresselia|Trick Room|p1a: Cresselia\n|-fieldstart|move: Trick Room|[of] p1a: Cresselia\n|\n|-weather|SunnyDay|[upkeep]\n|upkeep\n|turn|8\n|\n|t:|1698263103\n|switch|p1a: Calyrex|Calyrex-Ice|27\/100\n|-ability|p1a: Calyrex|As One\n|-ability|p1a: Calyrex|Unnerve\n|-heal|p1a: Calyrex|100\/100|[from] move: Healing Wish\n|move|p2a: Miraidon|Electro Drift|p1a: Calyrex\n|-damage|p1a: Calyrex|35\/100\n|\n|-weather|none\n|upkeep\n|turn|9\n|\n|t:|1698263111\n|move|p1a: Calyrex|High Horsepower|p2a: Miraidon\n|-supereffective|p2a: Miraidon\n|-damage|p2a: Miraidon|15\/100\n|move|p2a: Miraidon|Electro Drift|p1a: Calyrex\n|-damage|p1a: Calyrex|0 fnt\n|faint|p1a: Calyrex\n|\n|upkeep\n|\n|t:|1698263134\n|switch|p1a: Arceus|Arceus|100\/100\n|turn|10\n|\n|t:|1698263141\n|switch|p2a: Skeledirge|Skeledirge, M|100\/100\n|move|p1a: Arceus|Swords Dance|p1a: Arceus\n|-boost|p1a: Arceus|atk|2\n|\n|upkeep\n|turn|11\n|\n|t:|1698263145\n|-terastallize|p1a: Arceus|Ghost\n|move|p2a: Skeledirge|Will-O-Wisp|p1a: Arceus\n|-status|p1a: Arceus|brn\n|-enditem|p1a: Arceus|Lum Berry|[eat]\n|-curestatus|p1a: Arceus|brn|[msg]\n|move|p1a: Arceus|Shadow Claw|p2a: Skeledirge\n|-supereffective|p2a: Skeledirge\n|-damage|p2a: Skeledirge|55\/100\n|\n|-fieldend|move: Trick Room\n|-fieldend|move: Electric Terrain\n|upkeep\n|turn|12\n|\n|t:|1698263155\n|move|p1a: Arceus|Shadow Claw|p2a: Skeledirge\n|-supereffective|p2a: Skeledirge\n|-damage|p2a: Skeledirge|12\/100\n|move|p2a: Skeledirge|Will-O-Wisp|p1a: Arceus\n|-status|p1a: Arceus|brn\n|\n|-damage|p1a: Arceus|94\/100 brn|[from] brn\n|upkeep\n|turn|13\n|\n|t:|1698263163\n|switch|p2a: Groudon|Groudon|67\/100\n|-weather|SunnyDay|[from] ability: Drought|[of] p2a: Groudon\n|move|p1a: Arceus|Shadow Claw|p2a: Groudon\n|-crit|p2a: Groudon\n|-damage|p2a: Groudon|40\/100\n|\n|-weather|SunnyDay|[upkeep]\n|-heal|p2a: Groudon|46\/100|[from] item: Leftovers\n|-damage|p1a: Arceus|88\/100 brn|[from] brn\n|upkeep\n|turn|14\n|\n|t:|1698263165\n|move|p2a: Groudon|Precipice Blades|p1a: Arceus\n|-damage|p1a: Arceus|48\/100 brn\n|move|p1a: Arceus|Trick Room|p1a: Arceus\n|-fieldstart|move: Trick Room|[of] p1a: Arceus\n|\n|-weather|SunnyDay|[upkeep]\n|-heal|p2a: Groudon|53\/100|[from] item: Leftovers\n|-damage|p1a: Arceus|42\/100 brn|[from] brn\n|upkeep\n|turn|15\n|\n|t:|1698263173\n|switch|p1a: Cresselia|Cresselia, F|52\/100\n|move|p2a: Groudon|Roar|p1a: Cresselia\n|drag|p1a: Kingambit|Kingambit, M|100\/100\n|-activate|p1a: Kingambit|ability: Supreme Overlord\n|-start|p1a: Kingambit|fallen2|[silent]\n|\n|-weather|SunnyDay|[upkeep]\n|-heal|p2a: Groudon|59\/100|[from] item: Leftovers\n|upkeep\n|turn|16\n|\n|t:|1698263177\n|-end|p1a: Kingambit|fallen2|[silent]\n|switch|p1a: Cresselia|Cresselia, F|52\/100\n|move|p2a: Groudon|Will-O-Wisp|p1a: Cresselia\n|-status|p1a: Cresselia|brn\n|\n|-weather|SunnyDay|[upkeep]\n|-heal|p2a: Groudon|65\/100|[from] item: Leftovers\n|-damage|p1a: Cresselia|46\/100 brn|[from] brn\n|upkeep\n|turn|17\n|\n|t:|1698263183\n|switch|p2a: Skeledirge|Skeledirge, M|12\/100\n|move|p1a: Cresselia|Lunar Dance|p1a: Cresselia\n|faint|p1a: Cresselia\n|\n|-weather|none\n|upkeep\n|\n|t:|1698263189\n|switch|p1a: Kingambit|Kingambit, M|100\/100\n|-activate|p1a: Kingambit|ability: Supreme Overlord\n|-start|p1a: Kingambit|fallen3|[silent]\n|turn|18\n|c|\u2606Solstorm5|This team seems fun to use\n|\n|t:|1698263196\n|move|p1a: Kingambit|Iron Head|p2a: Skeledirge\n|-resisted|p2a: Skeledirge\n|-damage|p2a: Skeledirge|0 fnt\n|faint|p2a: Skeledirge\n|\n|-fieldend|move: Trick Room\n|upkeep\n|\n|t:|1698263205\n|switch|p2a: Zacian|Zacian-Crowned|100\/100\n|-ability|p2a: Zacian|Intrepid Sword|boost\n|-boost|p2a: Zacian|atk|1\n|turn|19\n|c|\u2606Fragments|Yea but I fucked up really hard early\n|c|\u2606Fragments|Idk why I water spouted\n|\n|t:|1698263219\n|-end|p1a: Kingambit|fallen3|[silent]\n|switch|p1a: Kyogre|Kyogre|100\/100\n|-heal|p1a: Kyogre|100\/100|[from] move: Lunar Dance\n|-weather|RainDance|[from] ability: Drizzle|[of] p1a: Kyogre\n|move|p2a: Zacian|Close Combat|p1a: Kyogre\n|-damage|p1a: Kyogre|35\/100\n|-unboost|p2a: Zacian|def|1\n|-unboost|p2a: Zacian|spd|1\n|\n|-weather|RainDance|[upkeep]\n|upkeep\n|turn|20\n|\n|t:|1698263227\n|move|p2a: Zacian|Close Combat|p1a: Kyogre\n|-damage|p1a: Kyogre|0 fnt\n|-unboost|p2a: Zacian|def|1\n|-unboost|p2a: Zacian|spd|1\n|faint|p1a: Kyogre\n|\n|-weather|RainDance|[upkeep]\n|upkeep\n|\n|t:|1698263230\n|switch|p1a: Arceus|Arceus, tera:Ghost|42\/100 brn\n|turn|21\n|c|\u2606Fragments|Oh did I not lunar dance\n|c|\u2606Fragments|Fuck\n|\n|t:|1698263241\n|switch|p2a: Groudon|Groudon|65\/100\n|-weather|SunnyDay|[from] ability: Drought|[of] p2a: Groudon\n|move|p1a: Arceus|Trick Room|p1a: Arceus\n|-fieldstart|move: Trick Room|[of] p1a: Arceus\n|\n|-weather|SunnyDay|[upkeep]\n|-heal|p2a: Groudon|71\/100|[from] item: Leftovers\n|-damage|p1a: Arceus|36\/100 brn|[from] brn\n|upkeep\n|turn|22\n|c|\u2606Solstorm5|You did lunar dance\n|c|\u2606Solstorm5|Kyogre ate it\n|\n|t:|1698263254\n|move|p2a: Groudon|Precipice Blades|p1a: Arceus\n|-damage|p1a: Arceus|0 fnt\n|faint|p1a: Arceus\n|\n|-weather|SunnyDay|[upkeep]\n|-heal|p2a: Groudon|78\/100|[from] item: Leftovers\n|upkeep\n|c|\u2606Fragments|Oh I didnt realize I wasnt at full\n|c|\u2606Fragments|Ok yea I really fucked up then\n|\n|t:|1698263266\n|switch|p1a: Kingambit|Kingambit, M|100\/100\n|-activate|p1a: Kingambit|ability: Supreme Overlord\n|-start|p1a: Kingambit|fallen5|[silent]\n|turn|23\n|\n|t:|1698263269\n|move|p1a: Kingambit|Swords Dance|p1a: Kingambit\n|-boost|p1a: Kingambit|atk|2\n|move|p2a: Groudon|Will-O-Wisp|p1a: Kingambit\n|-status|p1a: Kingambit|brn\n|-enditem|p1a: Kingambit|Lum Berry|[eat]\n|-curestatus|p1a: Kingambit|brn|[msg]\n|\n|-weather|SunnyDay|[upkeep]\n|-heal|p2a: Groudon|84\/100|[from] item: Leftovers\n|upkeep\n|turn|24\n|\n|t:|1698263274\n|move|p1a: Kingambit|Kowtow Cleave|p2a: Groudon\n|-damage|p2a: Groudon|6\/100\n|move|p2a: Groudon|Will-O-Wisp|p1a: Kingambit\n|-status|p1a: Kingambit|brn\n|\n|-weather|SunnyDay|[upkeep]\n|-heal|p2a: Groudon|12\/100|[from] item: Leftovers\n|-damage|p1a: Kingambit|94\/100 brn|[from] brn\n|upkeep\n|turn|25\n|c|\u2606Solstorm5|Or maybe i did\n|\n|t:|1698263280\n|move|p1a: Kingambit|Swords Dance|p1a: Kingambit\n|-boost|p1a: Kingambit|atk|2\n|move|p2a: Groudon|Precipice Blades|p1a: Kingambit|[miss]\n|-miss|p2a: Groudon|p1a: Kingambit\n|\n|-weather|none\n|-heal|p2a: Groudon|18\/100|[from] item: Leftovers\n|-damage|p1a: Kingambit|88\/100 brn|[from] brn\n|-fieldend|move: Trick Room\n|upkeep\n|turn|26\n|\n|t:|1698263283\n|move|p1a: Kingambit|Sucker Punch|p2a: Groudon\n|-damage|p2a: Groudon|0 fnt\n|faint|p2a: Groudon\n|\n|-damage|p1a: Kingambit|82\/100 brn|[from] brn\n|upkeep\n|\n|t:|1698263285\n|switch|p2a: Zacian|Zacian-Crowned|100\/100\n|turn|27\n|\n|t:|1698263287\n|move|p1a: Kingambit|Sucker Punch|p2a: Zacian\n|-resisted|p2a: Zacian\n|-damage|p2a: Zacian|59\/100\n|move|p2a: Zacian|Close Combat|p1a: Kingambit\n|-supereffective|p1a: Kingambit\n|-damage|p1a: Kingambit|0 fnt\n|-unboost|p2a: Zacian|def|1\n|-unboost|p2a: Zacian|spd|1\n|faint|p1a: Kingambit\n|-end|p1a: Kingambit|fallen5|[silent]\n|\n|win|Solstorm5\n|n|\u2606Fragments|fragments\n|n|\u2606Solstorm5|solstorm5\n|n|*Lady Monita \u263d|ladymonita\n|l|*Lady Monita \u263d\n|c|\u2606Solstorm5|ggwp\n|c|\u2606Fragments|gg\n|l|\u2606Fragments\n|c|\u2606Solstorm5|except for like the 2 mess up\n","uploadtime":1698263303,"views":8,"p1id":"fragments","p2id":"solstorm5","formatid":"gen9ubers","rating":0,"private":0,"password":""}