{"id":"gen9ubers-1989058008","p1":"billychily","p2":"scarlet sun","format":"[Gen 9] Ubers","log":"|j|\u2606billychily\n|j|\u2606scarlet sun\n|t:|1699807519\n|gametype|singles\n|player|p1|billychily|ghetsis|\n|player|p2|scarlet sun|170|\n|teamsize|p1|6\n|teamsize|p2|6\n|gen|9\n|tier|[Gen 9] Ubers\n|rule|Sleep Clause Mod: Limit one foe put to sleep\n|rule|Species Clause: Limit one of each Pok\u00e9mon\n|rule|OHKO Clause: OHKO moves are banned\n|rule|Evasion Items Clause: Evasion items are banned\n|rule|Evasion Moves Clause: Evasion moves are banned\n|rule|Endless Battle Clause: Forcing endless battles is banned\n|rule|HP Percentage Mod: HP is shown in percentages\n|clearpoke\n|poke|p1|Samurott-Hisui, F|\n|poke|p1|Kingambit, F|\n|poke|p1|Dragapult, M|\n|poke|p1|Empoleon, M|\n|poke|p1|Landorus-Therian, M|\n|poke|p1|Ogerpon-Cornerstone, F|\n|poke|p2|Cinderace, M|\n|poke|p2|Kingambit, M|\n|poke|p2|Landorus-Therian, M|\n|poke|p2|Dragapult, M|\n|poke|p2|Azumarill, M|\n|poke|p2|Slowking-Galar, M|\n|teampreview\n|l|\u2606billychily\n|player|p1|\n|j|\u2606billychily\n|player|p1|billychily|ghetsis\n|inactive|Battle timer is ON: inactive players will automatically lose when time's up. (requested by billychily)\n|inactive|scarlet sun has 270 seconds left.\n|\n|t:|1699807574\n|start\n|switch|p1a: Landorus|Landorus-Therian, M|100\/100\n|switch|p2a: Azumarill|Azumarill, M|100\/100\n|-ability|p1a: Landorus|Intimidate|boost\n|-unboost|p2a: Azumarill|atk|1\n|turn|1\n|\n|t:|1699807583\n|switch|p2a: Landorus|Landorus-Therian, M|100\/100\n|-ability|p2a: Landorus|Intimidate|boost\n|-unboost|p1a: Landorus|atk|1\n|move|p1a: Landorus|Earthquake|p2a: Landorus\n|-immune|p2a: Landorus\n|\n|upkeep\n|turn|2\n|\n|t:|1699807595\n|switch|p1a: Samurott|Samurott-Hisui, F|100\/100\n|move|p2a: Landorus|U-turn|p1a: Samurott\n|-supereffective|p1a: Samurott\n|-damage|p1a: Samurott|49\/100\n|\n|t:|1699807601\n|switch|p2a: Azumarill|Azumarill, M|100\/100|[from] U-turn\n|\n|upkeep\n|turn|3\n|inactive|billychily has 270 seconds left.\n|\n|t:|1699807633\n|move|p1a: Samurott|Aqua Cutter|p2a: Azumarill\n|-resisted|p2a: Azumarill\n|-damage|p2a: Azumarill|72\/100\n|move|p2a: Azumarill|Play Rough|p1a: Samurott\n|-supereffective|p1a: Samurott\n|-damage|p1a: Samurott|0 fnt\n|faint|p1a: Samurott\n|\n|upkeep\n|\n|t:|1699807638\n|switch|p1a: Ogerpon|Ogerpon-Cornerstone, F|100\/100\n|turn|4\n|j| Orgismenos ellinas\n|l| Orgismenos ellinas\n|inactive|scarlet sun has 270 seconds left.\n|l|\u2606billychily\n|inactive|billychily disconnected and has 300 seconds to reconnect!\n|player|p1|\n|inactive|scarlet sun has 240 seconds left.\n|\n|t:|1699807702\n|switch|p2a: Landorus|Landorus-Therian, M|100\/100\n|-ability|p2a: Landorus|Intimidate|boost\n|-unboost|p1a: Ogerpon|atk|1\n|move|p1a: Ogerpon|Swords Dance|p1a: Ogerpon\n|-boost|p1a: Ogerpon|atk|2\n|\n|upkeep\n|turn|5\n|j|\u2606billychily\n|inactive|billychily reconnected and has 295 seconds left.\n|player|p1|billychily|ghetsis\n|inactiveoff|Battle timer is now OFF.\n|\n|t:|1699807746\n|move|p1a: Ogerpon|Horn Leech|p2a: Landorus\n|-damage|p2a: Landorus|55\/100\n|-damage|p1a: Ogerpon|84\/100|[from] item: Rocky Helmet|[of] p2a: Landorus\n|move|p2a: Landorus|U-turn|p1a: Ogerpon\n|-supereffective|p1a: Ogerpon\n|-damage|p1a: Ogerpon|31\/100\n|\n|t:|1699807760\n|switch|p2a: Dragapult|Dragapult, M|100\/100|[from] U-turn\n|\n|upkeep\n|turn|6\n|\n|t:|1699807778\n|-terastallize|p1a: Ogerpon|Rock\n|detailschange|p1a: Ogerpon|Ogerpon-Cornerstone-Tera, F, tera:Rock\n|-ability|p1a: Ogerpon|Embody Aspect (Cornerstone)|boost\n|-boost|p1a: Ogerpon|def|1\n|move|p2a: Dragapult|U-turn|p1a: Ogerpon\n|-damage|p1a: Ogerpon|16\/100\n|c|\u2606scarlet sun|krataotimer off gt vlepo exei merika theamtakia me net\n|\n|t:|1699807793\n|switch|p2a: Landorus|Landorus-Therian, M|55\/100|[from] U-turn\n|-ability|p2a: Landorus|Intimidate|boost\n|-unboost|p1a: Ogerpon|atk|1\n|move|p1a: Ogerpon|Horn Leech|p2a: Landorus\n|-crit|p2a: Landorus\n|-damage|p2a: Landorus|7\/100\n|-heal|p1a: Ogerpon|46\/100|[from] drain|[of] p2a: Landorus\n|-damage|p1a: Ogerpon|30\/100|[from] item: Rocky Helmet|[of] p2a: Landorus\n|\n|upkeep\n|turn|7\n|j| Orgismenos ellinas\n|\n|t:|1699807801\n|move|p1a: Ogerpon|Horn Leech|p2a: Landorus\n|-damage|p2a: Landorus|0 fnt\n|-heal|p1a: Ogerpon|34\/100|[from] drain|[of] p2a: Landorus\n|-damage|p1a: Ogerpon|17\/100|[from] item: Rocky Helmet|[of] p2a: Landorus\n|faint|p2a: Landorus\n|\n|upkeep\n|\n|t:|1699807821\n|switch|p2a: Dragapult|Dragapult, M|100\/100\n|turn|8\n|\n|t:|1699807826\n|move|p2a: Dragapult|Shadow Ball|p1a: Ogerpon\n|-damage|p1a: Ogerpon|0 fnt\n|faint|p1a: Ogerpon\n|\n|upkeep\n|\n|t:|1699807839\n|switch|p1a: Kingambit|Kingambit, F|100\/100\n|-activate|p1a: Kingambit|ability: Supreme Overlord\n|-start|p1a: Kingambit|fallen2|[silent]\n|turn|9\n|\n|t:|1699807842\n|switch|p2a: Azumarill|Azumarill, M|72\/100\n|move|p1a: Kingambit|Sucker Punch||[still]\n|-fail|p1a: Kingambit\n|\n|upkeep\n|turn|10\n|inactive|Battle timer is ON: inactive players will automatically lose when time's up. (requested by billychily)\n|\n|t:|1699807850\n|-end|p1a: Kingambit|fallen2|[silent]\n|switch|p1a: Empoleon|Empoleon, M, shiny|100\/100\n|move|p2a: Azumarill|Play Rough|p1a: Empoleon\n|-resisted|p1a: Empoleon\n|-damage|p1a: Empoleon|57\/100\n|\n|upkeep\n|turn|11\n|c|\u2606billychily|trollarw heavy\n|\n|t:|1699807871\n|switch|p2a: Slowking|Slowking-Galar, M|100\/100\n|move|p1a: Empoleon|Ice Beam|p2a: Slowking\n|-damage|p2a: Slowking|82\/100\n|\n|upkeep\n|turn|12\n|\n|t:|1699807878\n|move|p1a: Empoleon|Flash Cannon|p2a: Slowking\n|-damage|p2a: Slowking|56\/100\n|move|p2a: Slowking|Chilly Reception|p2a: Slowking\n|-weather|Snow\n|l| Orgismenos ellinas\n|inactive|scarlet sun has 270 seconds left.\n|\n|t:|1699807898\n|switch|p2a: Kingambit|Kingambit, M|100\/100|[from] Chilly Reception\n|-activate|p2a: Kingambit|ability: Supreme Overlord\n|-start|p2a: Kingambit|fallen1|[silent]\n|\n|-weather|Snow|[upkeep]\n|upkeep\n|turn|13\n|\n|t:|1699807906\n|switch|p1a: Landorus|Landorus-Therian, M|100\/100\n|-ability|p1a: Landorus|Intimidate|boost\n|-unboost|p2a: Kingambit|atk|1\n|move|p2a: Kingambit|Kowtow Cleave|p1a: Landorus\n|-damage|p1a: Landorus|57\/100\n|\n|-weather|Snow|[upkeep]\n|upkeep\n|turn|14\n|inactive|scarlet sun has 270 seconds left.\n|\n|t:|1699807931\n|-terastallize|p2a: Kingambit|Fairy\n|move|p1a: Landorus|Earthquake|p2a: Kingambit\n|-damage|p2a: Kingambit|61\/100\n|move|p2a: Kingambit|Swords Dance|p2a: Kingambit\n|-boost|p2a: Kingambit|atk|2\n|\n|-weather|Snow|[upkeep]\n|-heal|p2a: Kingambit|67\/100|[from] item: Leftovers\n|upkeep\n|turn|15\n|\n|t:|1699807946\n|switch|p1a: Empoleon|Empoleon, M, shiny|57\/100\n|move|p2a: Kingambit|Sucker Punch||[still]\n|-fail|p2a: Kingambit\n|\n|-weather|Snow|[upkeep]\n|-heal|p2a: Kingambit|73\/100|[from] item: Leftovers\n|upkeep\n|turn|16\n|\n|t:|1699807949\n|move|p2a: Kingambit|Sucker Punch|p1a: Empoleon\n|-damage|p1a: Empoleon|0 fnt\n|faint|p1a: Empoleon\n|\n|-weather|none\n|-heal|p2a: Kingambit|79\/100|[from] item: Leftovers\n|upkeep\n|\n|t:|1699807955\n|switch|p1a: Landorus|Landorus-Therian, M|57\/100\n|-ability|p1a: Landorus|Intimidate|boost\n|-unboost|p2a: Kingambit|atk|1\n|turn|17\n|\n|t:|1699807959\n|move|p1a: Landorus|Earthquake|p2a: Kingambit\n|-damage|p2a: Kingambit|36\/100\n|move|p2a: Kingambit|Swords Dance|p2a: Kingambit\n|-boost|p2a: Kingambit|atk|2\n|\n|-heal|p2a: Kingambit|42\/100|[from] item: Leftovers\n|upkeep\n|turn|18\n|\n|t:|1699807967\n|move|p2a: Kingambit|Sucker Punch|p1a: Landorus\n|-damage|p1a: Landorus|0 fnt\n|faint|p1a: Landorus\n|\n|-heal|p2a: Kingambit|48\/100|[from] item: Leftovers\n|upkeep\n|\n|t:|1699807971\n|switch|p1a: Dragapult|Dragapult, M, shiny|100\/100\n|turn|19\n|\n|t:|1699807976\n|move|p2a: Kingambit|Sucker Punch|p1a: Dragapult\n|-supereffective|p1a: Dragapult\n|-damage|p1a: Dragapult|0 fnt\n|faint|p1a: Dragapult\n|\n|-heal|p2a: Kingambit|54\/100|[from] item: Leftovers\n|upkeep\n|-message|billychily forfeited.\n|\n|win|scarlet sun\n|l|\u2606billychily\n","uploadtime":1699807986,"views":8,"p1id":"billychily","p2id":"scarletsun","formatid":"gen9ubers","rating":0,"private":0,"password":""}