{"id":"gen9ubers-1994479952","p1":"Sol CPU","p2":"Squirshawott","format":"[Gen 9] Ubers","log":"|j|\u2606Sol CPU\n|j|\u2606Squirshawott\n|t:|1700448781\n|gametype|singles\n|player|p1|Sol CPU|ethan|\n|player|p2|Squirshawott|266|\n|teamsize|p1|6\n|teamsize|p2|6\n|gen|9\n|tier|[Gen 9] Ubers\n|rule|Sleep Clause Mod: Limit one foe put to sleep\n|rule|Species Clause: Limit one of each Pok\u00e9mon\n|rule|OHKO Clause: OHKO moves are banned\n|rule|Evasion Items Clause: Evasion items are banned\n|rule|Evasion Moves Clause: Evasion moves are banned\n|rule|Endless Battle Clause: Forcing endless battles is banned\n|rule|HP Percentage Mod: HP is shown in percentages\n|clearpoke\n|poke|p1|Tauros-Paldea-Aqua, M|\n|poke|p1|Thundurus, M|\n|poke|p1|Muk-Alola, M|\n|poke|p1|Volcarona, F|\n|poke|p1|Lycanroc-Dusk, M|\n|poke|p1|Articuno|\n|poke|p2|Oricorio, M|\n|poke|p2|Talonflame, F|\n|poke|p2|Pelipper, F|\n|poke|p2|Greninja-*, M|\n|poke|p2|Landorus-Therian, M|\n|poke|p2|Tinkaton, F|\n|teampreview\n|j| pkpowers310\n|j| Astyr.Pygos\n|j| slugmaaa\n|\n|t:|1700448833\n|start\n|switch|p1a: Mr. Genie Man|Thundurus, M|100\/100\n|switch|p2a: Greninja|Greninja, M|100\/100\n|turn|1\n|\n|t:|1700448839\n|move|p1a: Mr. Genie Man|Thunder Wave|p2a: Greninja\n|-hint|Since gen 7, Dark is immune to Prankster moves.\n|-immune|p2a: Greninja\n|move|p2a: Greninja|Ice Beam|p1a: Mr. Genie Man\n|-start|p2a: Greninja|typechange|Ice|[from] ability: Protean\n|-supereffective|p1a: Mr. Genie Man\n|-damage|p1a: Mr. Genie Man|0 fnt\n|faint|p1a: Mr. Genie Man\n|-damage|p2a: Greninja|91\/100|[from] item: Life Orb\n|\n|upkeep\n|\n|t:|1700448862\n|switch|p1a: An Actual Bull|Tauros-Paldea-Aqua, M|100\/100\n|-ability|p1a: An Actual Bull|Intimidate|boost\n|-unboost|p2a: Greninja|atk|1\n|turn|2\n|\n|t:|1700448888\n|switch|p2a: Talonflame|Talonflame, F|100\/100\n|move|p1a: An Actual Bull|Close Combat|p2a: Talonflame\n|-resisted|p2a: Talonflame\n|-damage|p2a: Talonflame|70\/100\n|-unboost|p1a: An Actual Bull|def|1\n|-unboost|p1a: An Actual Bull|spd|1\n|\n|upkeep\n|turn|3\n|\n|t:|1700448898\n|move|p1a: An Actual Bull|Aqua Jet|p2a: Talonflame\n|-supereffective|p2a: Talonflame\n|-damage|p2a: Talonflame|30\/100\n|move|p2a: Talonflame|Will-O-Wisp|p1a: An Actual Bull\n|-status|p1a: An Actual Bull|brn\n|\n|-damage|p1a: An Actual Bull|94\/100 brn|[from] brn\n|upkeep\n|turn|4\n|\n|t:|1700448914\n|switch|p2a: Pelipper|Pelipper, F|100\/100\n|-weather|RainDance|[from] ability: Drizzle|[of] p2a: Pelipper\n|move|p1a: An Actual Bull|Aqua Jet|p2a: Pelipper\n|-resisted|p2a: Pelipper\n|-damage|p2a: Pelipper|95\/100\n|\n|-weather|RainDance|[upkeep]\n|-damage|p1a: An Actual Bull|88\/100 brn|[from] brn\n|upkeep\n|turn|5\n|\n|t:|1700448936\n|switch|p1a: Cave Loiterer|Articuno|100\/100\n|-ability|p1a: Cave Loiterer|Pressure\n|move|p2a: Pelipper|Surf|p1a: Cave Loiterer\n|-damage|p1a: Cave Loiterer|70\/100\n|\n|-weather|RainDance|[upkeep]\n|upkeep\n|turn|6\n|\n|t:|1700448945\n|switch|p2a: Tinkaton|Tinkaton, F|100\/100\n|-item|p2a: Tinkaton|Air Balloon\n|move|p1a: Cave Loiterer|Freeze-Dry|p2a: Tinkaton\n|-resisted|p2a: Tinkaton\n|-damage|p2a: Tinkaton|93\/100\n|-enditem|p2a: Tinkaton|Air Balloon\n|\n|-weather|RainDance|[upkeep]\n|upkeep\n|turn|7\n|\n|t:|1700448960\n|switch|p1a: An Actual Bull|Tauros-Paldea-Aqua, M|88\/100 brn\n|-ability|p1a: An Actual Bull|Intimidate|boost\n|-unboost|p2a: Tinkaton|atk|1\n|move|p2a: Tinkaton|Gigaton Hammer|p1a: An Actual Bull\n|-resisted|p1a: An Actual Bull\n|-damage|p1a: An Actual Bull|70\/100 brn\n|\n|-weather|RainDance|[upkeep]\n|-damage|p1a: An Actual Bull|64\/100 brn|[from] brn\n|upkeep\n|turn|8\n|\n|t:|1700448976\n|switch|p2a: Pelipper|Pelipper, F|95\/100\n|move|p1a: An Actual Bull|Raging Bull|p2a: Pelipper\n|-resisted|p2a: Pelipper\n|-damage|p2a: Pelipper|83\/100\n|\n|-weather|RainDance|[upkeep]\n|-damage|p1a: An Actual Bull|58\/100 brn|[from] brn\n|upkeep\n|turn|9\n|\n|t:|1700448989\n|move|p1a: An Actual Bull|Close Combat|p2a: Pelipper\n|-resisted|p2a: Pelipper\n|-damage|p2a: Pelipper|72\/100\n|-unboost|p1a: An Actual Bull|def|1\n|-unboost|p1a: An Actual Bull|spd|1\n|move|p2a: Pelipper|U-turn|p1a: An Actual Bull\n|-resisted|p1a: An Actual Bull\n|-damage|p1a: An Actual Bull|51\/100 brn\n|\n|t:|1700449008\n|switch|p2a: Tinkaton|Tinkaton, F|93\/100|[from] U-turn\n|\n|-weather|RainDance|[upkeep]\n|-damage|p1a: An Actual Bull|44\/100 brn|[from] brn\n|upkeep\n|turn|10\n|\n|t:|1700449023\n|move|p1a: An Actual Bull|Earthquake|p2a: Tinkaton\n|-supereffective|p2a: Tinkaton\n|-damage|p2a: Tinkaton|59\/100\n|move|p2a: Tinkaton|Stealth Rock|p1a: An Actual Bull\n|-sidestart|p1: Sol CPU|move: Stealth Rock\n|\n|-weather|RainDance|[upkeep]\n|-damage|p1a: An Actual Bull|38\/100 brn|[from] brn\n|upkeep\n|turn|11\n|\n|t:|1700449036\n|switch|p2a: Pelipper|Pelipper, F|72\/100\n|move|p1a: An Actual Bull|Raging Bull|p2a: Pelipper\n|-resisted|p2a: Pelipper\n|-damage|p2a: Pelipper|60\/100\n|\n|-weather|none\n|-damage|p1a: An Actual Bull|32\/100 brn|[from] brn\n|upkeep\n|turn|12\n|\n|t:|1700449051\n|switch|p1a: Cave Loiterer|Articuno|70\/100\n|-damage|p1a: Cave Loiterer|20\/100|[from] Stealth Rock\n|-ability|p1a: Cave Loiterer|Pressure\n|-enditem|p1a: Cave Loiterer|Aguav Berry|[eat]\n|-heal|p1a: Cave Loiterer|53\/100|[from] item: Aguav Berry\n|move|p2a: Pelipper|Roost|p2a: Pelipper\n|-heal|p2a: Pelipper|100\/100\n|-singleturn|p2a: Pelipper|move: Roost\n|\n|upkeep\n|turn|13\n|\n|t:|1700449062\n|move|p1a: Cave Loiterer|Freeze-Dry|p2a: Pelipper\n|-supereffective|p2a: Pelipper\n|-damage|p2a: Pelipper|0 fnt\n|faint|p2a: Pelipper\n|\n|upkeep\n|\n|t:|1700449092\n|switch|p2a: Tinkaton|Tinkaton, F|59\/100\n|turn|14\n|\n|t:|1700449097\n|move|p2a: Tinkaton|Gigaton Hammer|p1a: Cave Loiterer\n|-supereffective|p1a: Cave Loiterer\n|-damage|p1a: Cave Loiterer|0 fnt\n|faint|p1a: Cave Loiterer\n|\n|upkeep\n|\n|t:|1700449102\n|switch|p1a: Time for Ice Cream|Lycanroc-Dusk, M|100\/100\n|-damage|p1a: Time for Ice Cream|88\/100|[from] Stealth Rock\n|turn|15\n|\n|t:|1700449115\n|switch|p2a: Landorus|Landorus-Therian, M|100\/100\n|-ability|p2a: Landorus|Intimidate|boost\n|-unboost|p1a: Time for Ice Cream|atk|1\n|move|p1a: Time for Ice Cream|Stealth Rock|p2a: Landorus\n|-sidestart|p2: Squirshawott|move: Stealth Rock\n|\n|upkeep\n|turn|16\n|\n|t:|1700449124\n|switch|p1a: An Actual Bull|Tauros-Paldea-Aqua, M|32\/100 brn\n|-damage|p1a: An Actual Bull|26\/100 brn|[from] Stealth Rock\n|-ability|p1a: An Actual Bull|Intimidate|boost\n|-unboost|p2a: Landorus|atk|1\n|move|p2a: Landorus|Earthquake|p1a: An Actual Bull\n|-damage|p1a: An Actual Bull|0 fnt\n|faint|p1a: An Actual Bull\n|\n|upkeep\n|\n|t:|1700449138\n|switch|p1a: M O T H|Volcarona, F|100\/100\n|-damage|p1a: M O T H|50\/100|[from] Stealth Rock\n|turn|17\n|\n|t:|1700449146\n|switch|p2a: Oricorio|Oricorio, M|100\/100\n|-damage|p2a: Oricorio|51\/100|[from] Stealth Rock\n|move|p1a: M O T H|Bug Buzz|p2a: Oricorio\n|-resisted|p2a: Oricorio\n|-damage|p2a: Oricorio|32\/100\n|-enditem|p2a: Oricorio|Sitrus Berry|[eat]\n|-heal|p2a: Oricorio|57\/100|[from] item: Sitrus Berry\n|\n|-heal|p1a: M O T H|57\/100|[from] item: Leftovers\n|upkeep\n|turn|18\n|\n|t:|1700449161\n|move|p1a: M O T H|Giga Drain|p2a: Oricorio\n|-resisted|p2a: Oricorio\n|-damage|p2a: Oricorio|47\/100\n|-heal|p1a: M O T H|62\/100|[from] drain|[of] p2a: Oricorio\n|move|p2a: Oricorio|Hurricane|p1a: M O T H\n|-supereffective|p1a: M O T H\n|-damage|p1a: M O T H|0 fnt\n|faint|p1a: M O T H\n|\n|upkeep\n|\n|t:|1700449169\n|switch|p1a: Time for Ice Cream|Lycanroc-Dusk, M|88\/100\n|-damage|p1a: Time for Ice Cream|76\/100|[from] Stealth Rock\n|turn|19\n|\n|t:|1700449182\n|switch|p2a: Landorus|Landorus-Therian, M|100\/100\n|-damage|p2a: Landorus|88\/100|[from] Stealth Rock\n|-ability|p2a: Landorus|Intimidate|boost\n|-unboost|p1a: Time for Ice Cream|atk|1\n|move|p1a: Time for Ice Cream|Accelerock|p2a: Landorus\n|-crit|p2a: Landorus\n|-damage|p2a: Landorus|27\/100\n|-damage|p1a: Time for Ice Cream|66\/100|[from] item: Life Orb\n|\n|-heal|p2a: Landorus|34\/100|[from] item: Leftovers\n|upkeep\n|turn|20\n|\n|t:|1700449199\n|move|p1a: Time for Ice Cream|Accelerock|p2a: Landorus\n|-damage|p2a: Landorus|9\/100\n|-damage|p1a: Time for Ice Cream|56\/100|[from] item: Life Orb\n|move|p2a: Landorus|Earthquake|p1a: Time for Ice Cream\n|-supereffective|p1a: Time for Ice Cream\n|-damage|p1a: Time for Ice Cream|0 fnt\n|faint|p1a: Time for Ice Cream\n|\n|-heal|p2a: Landorus|15\/100|[from] item: Leftovers\n|upkeep\n|\n|t:|1700449208\n|switch|p1a: The Cooler Muk|Muk-Alola, M|100\/100\n|-damage|p1a: The Cooler Muk|88\/100|[from] Stealth Rock\n|turn|21\n|\n|t:|1700449213\n|move|p1a: The Cooler Muk|Shadow Sneak|p2a: Landorus\n|-damage|p2a: Landorus|2\/100\n|move|p2a: Landorus|Earthquake|p1a: The Cooler Muk\n|-supereffective|p1a: The Cooler Muk\n|-damage|p1a: The Cooler Muk|0 fnt\n|faint|p1a: The Cooler Muk\n|\n|win|Squirshawott\n","uploadtime":1700449220,"views":4,"p1id":"solcpu","p2id":"squirshawott","formatid":"gen9ubers","rating":0,"private":0,"password":""}