{"id":"gen9ubers-1968888536","p1":"Bokobl1","p2":"Bonya999","format":"[Gen 9] Ubers","log":"|j|\u2606Bokobl1\n|j|\u2606Bonya999\n|t:|1697473029\n|gametype|singles\n|player|p1|Bokobl1|169|1047\n|player|p2|Bonya999|brycen|1045\n|teamsize|p1|6\n|teamsize|p2|6\n|gen|9\n|tier|[Gen 9] Ubers\n|rated|\n|rule|Sleep Clause Mod: Limit one foe put to sleep\n|rule|Species Clause: Limit one of each Pok\u00e9mon\n|rule|OHKO Clause: OHKO moves are banned\n|rule|Evasion Items Clause: Evasion items are banned\n|rule|Evasion Moves Clause: Evasion moves are banned\n|rule|Endless Battle Clause: Forcing endless battles is banned\n|rule|HP Percentage Mod: HP is shown in percentages\n|clearpoke\n|poke|p1|Iron Hands|\n|poke|p1|Ninetales-Alola, F|\n|poke|p1|Cresselia, F|\n|poke|p1|Ogerpon-Hearthflame, F|\n|poke|p1|Ursaluna-Bloodmoon, M|\n|poke|p1|Landorus-Therian, M|\n|poke|p2|Quaquaval, M|\n|poke|p2|Volcarona, M|\n|poke|p2|Forretress, F|\n|poke|p2|Umbreon, M|\n|poke|p2|Dragapult, M|\n|poke|p2|Sandy Shocks|\n|teampreview\n|\n|t:|1697473048\n|start\n|switch|p1a: Paume de Fer|Iron Hands, shiny|100\/100\n|switch|p2a: Dragapult|Dragapult, M|100\/100\n|turn|1\n|\n|t:|1697473065\n|-end|p1a: Paume de Fer|Quark Drive|[silent]\n|switch|p1a: Cresselia|Cresselia, F, shiny|100\/100\n|move|p2a: Dragapult|U-turn|p1a: Cresselia\n|-supereffective|p1a: Cresselia\n|-damage|p1a: Cresselia|82\/100\n|-damage|p2a: Dragapult|84\/100|[from] item: Rocky Helmet|[of] p1a: Cresselia\n|\n|t:|1697473073\n|switch|p2a: Umbreon|Umbreon, M|100\/100|[from] U-turn\n|\n|upkeep\n|turn|2\n|\n|t:|1697473087\n|move|p1a: Cresselia|Moonblast|p2a: Umbreon\n|-supereffective|p2a: Umbreon\n|-damage|p2a: Umbreon|84\/100\n|move|p2a: Umbreon|Toxic|p1a: Cresselia\n|-status|p1a: Cresselia|tox\n|\n|-heal|p2a: Umbreon|90\/100|[from] item: Leftovers\n|-damage|p1a: Cresselia|75\/100 tox|[from] psn\n|upkeep\n|turn|3\n|\n|t:|1697473101\n|move|p2a: Umbreon|Foul Play|p1a: Cresselia\n|-supereffective|p1a: Cresselia\n|-damage|p1a: Cresselia|55\/100 tox\n|-damage|p2a: Umbreon|73\/100|[from] item: Rocky Helmet|[of] p1a: Cresselia\n|move|p1a: Cresselia|Trick Room|p1a: Cresselia\n|-fieldstart|move: Trick Room|[of] p1a: Cresselia\n|\n|-heal|p2a: Umbreon|79\/100|[from] item: Leftovers\n|-damage|p1a: Cresselia|43\/100 tox|[from] psn\n|upkeep\n|turn|4\n|\n|t:|1697473117\n|move|p2a: Umbreon|Foul Play|p1a: Cresselia\n|-supereffective|p1a: Cresselia\n|-crit|p1a: Cresselia\n|-damage|p1a: Cresselia|13\/100 tox\n|-damage|p2a: Umbreon|63\/100|[from] item: Rocky Helmet|[of] p1a: Cresselia\n|move|p1a: Cresselia|Moonblast|p2a: Umbreon\n|-supereffective|p2a: Umbreon\n|-crit|p2a: Umbreon\n|-damage|p2a: Umbreon|37\/100\n|-unboost|p2a: Umbreon|spa|1\n|\n|-heal|p2a: Umbreon|43\/100|[from] item: Leftovers\n|-damage|p1a: Cresselia|0 fnt|[from] psn\n|faint|p1a: Cresselia\n|upkeep\n|\n|t:|1697473130\n|switch|p1a: Paume de Fer|Iron Hands, shiny|100\/100\n|turn|5\n|\n|t:|1697473152\n|move|p1a: Paume de Fer|Heavy Slam|p2a: Umbreon\n|-damage|p2a: Umbreon|11\/100\n|move|p2a: Umbreon|Moonlight|p2a: Umbreon\n|-heal|p2a: Umbreon|61\/100\n|\n|-heal|p2a: Umbreon|67\/100|[from] item: Leftovers\n|upkeep\n|turn|6\n|\n|t:|1697473161\n|move|p1a: Paume de Fer|Drain Punch|p2a: Umbreon\n|-supereffective|p2a: Umbreon\n|-damage|p2a: Umbreon|3\/100\n|move|p2a: Umbreon|Moonlight|p2a: Umbreon\n|-heal|p2a: Umbreon|53\/100\n|\n|-heal|p2a: Umbreon|59\/100|[from] item: Leftovers\n|upkeep\n|turn|7\n|\n|t:|1697473176\n|move|p1a: Paume de Fer|Drain Punch|p2a: Umbreon\n|-supereffective|p2a: Umbreon\n|-damage|p2a: Umbreon|0 fnt\n|faint|p2a: Umbreon\n|\n|-fieldend|move: Trick Room\n|upkeep\n|\n|t:|1697473183\n|switch|p2a: Sandy Cheeks|Sandy Shocks|100\/100\n|-enditem|p2a: Sandy Cheeks|Booster Energy\n|-activate|p2a: Sandy Cheeks|ability: Protosynthesis|[fromitem]\n|-start|p2a: Sandy Cheeks|protosynthesisspe\n|turn|8\n|\n|t:|1697473208\n|move|p2a: Sandy Cheeks|Thunderbolt|p1a: Paume de Fer\n|-resisted|p1a: Paume de Fer\n|-damage|p1a: Paume de Fer|91\/100\n|move|p1a: Paume de Fer|Drain Punch|p2a: Sandy Cheeks\n|-damage|p2a: Sandy Cheeks|58\/100\n|-heal|p1a: Paume de Fer|100\/100|[from] drain|[of] p2a: Sandy Cheeks\n|\n|upkeep\n|turn|9\n|\n|t:|1697473216\n|move|p2a: Sandy Cheeks|Earth Power|p1a: Paume de Fer\n|-supereffective|p1a: Paume de Fer\n|-damage|p1a: Paume de Fer|62\/100\n|-unboost|p1a: Paume de Fer|spd|1\n|move|p1a: Paume de Fer|Drain Punch|p2a: Sandy Cheeks\n|-damage|p2a: Sandy Cheeks|20\/100\n|-heal|p1a: Paume de Fer|75\/100|[from] drain|[of] p2a: Sandy Cheeks\n|\n|upkeep\n|turn|10\n|\n|t:|1697473228\n|-end|p1a: Paume de Fer|Quark Drive|[silent]\n|switch|p1a: D\u00e9m\u00e9t\u00e9ros|Landorus-Therian, M, shiny|100\/100\n|-ability|p1a: D\u00e9m\u00e9t\u00e9ros|Intimidate|boost\n|-unboost|p2a: Sandy Cheeks|atk|1\n|move|p2a: Sandy Cheeks|Earth Power|p1a: D\u00e9m\u00e9t\u00e9ros\n|-immune|p1a: D\u00e9m\u00e9t\u00e9ros\n|\n|upkeep\n|turn|11\n|\n|t:|1697473253\n|-terastallize|p2a: Sandy Cheeks|Ice\n|-terastallize|p1a: D\u00e9m\u00e9t\u00e9ros|Flying\n|move|p2a: Sandy Cheeks|Tera Blast|p1a: D\u00e9m\u00e9t\u00e9ros|[anim] Tera Blast Ice\n|-supereffective|p1a: D\u00e9m\u00e9t\u00e9ros\n|-damage|p1a: D\u00e9m\u00e9t\u00e9ros|1\/100\n|move|p1a: D\u00e9m\u00e9t\u00e9ros|Tera Blast|p2a: Sandy Cheeks|[anim] Tera Blast Flying\n|-damage|p2a: Sandy Cheeks|0 fnt\n|faint|p2a: Sandy Cheeks\n|-end|p2a: Sandy Cheeks|Protosynthesis|[silent]\n|\n|upkeep\n|\n|t:|1697473268\n|switch|p2a: Forretress|Forretress, F|100\/100\n|turn|12\n|\n|t:|1697473275\n|move|p1a: D\u00e9m\u00e9t\u00e9ros|Tera Blast|p2a: Forretress|[anim] Tera Blast Flying\n|-damage|p2a: Forretress|66\/100\n|move|p2a: Forretress|Gyro Ball|p1a: D\u00e9m\u00e9t\u00e9ros\n|-damage|p1a: D\u00e9m\u00e9t\u00e9ros|0 fnt\n|faint|p1a: D\u00e9m\u00e9t\u00e9ros\n|\n|-heal|p2a: Forretress|72\/100|[from] item: Leftovers\n|upkeep\n|\n|t:|1697473283\n|switch|p1a: Feunard|Ninetales-Alola, F, shiny|100\/100\n|-weather|Snow|[from] ability: Snow Warning|[of] p1a: Feunard\n|turn|13\n|\n|t:|1697473293\n|move|p1a: Feunard|Aurora Veil|p1a: Feunard\n|-sidestart|p1: Bokobl1|move: Aurora Veil\n|move|p2a: Forretress|Gyro Ball|p1a: Feunard\n|-supereffective|p1a: Feunard\n|-damage|p1a: Feunard|57\/100\n|\n|-weather|Snow|[upkeep]\n|-heal|p2a: Forretress|78\/100|[from] item: Leftovers\n|upkeep\n|turn|14\n|\n|t:|1697473302\n|move|p1a: Feunard|Hypnosis|p2a: Forretress\n|-status|p2a: Forretress|slp|[from] move: Hypnosis\n|cant|p2a: Forretress|slp\n|\n|-weather|Snow|[upkeep]\n|-heal|p2a: Forretress|85\/100 slp|[from] item: Leftovers\n|upkeep\n|turn|15\n|\n|t:|1697473310\n|switch|p1a: Ogerpon|Ogerpon-Hearthflame, F|100\/100\n|-ability|p1a: Ogerpon|Mold Breaker\n|cant|p2a: Forretress|slp\n|\n|-weather|Snow|[upkeep]\n|-heal|p2a: Forretress|91\/100 slp|[from] item: Leftovers\n|upkeep\n|turn|16\n|\n|t:|1697473332\n|switch|p2a: \u0411\u043e\u043d\u044f|Quaquaval, M|100\/100\n|move|p1a: Ogerpon|Ivy Cudgel|p2a: \u0411\u043e\u043d\u044f\n|-resisted|p2a: \u0411\u043e\u043d\u044f\n|-damage|p2a: \u0411\u043e\u043d\u044f|63\/100\n|\n|-weather|Snow|[upkeep]\n|upkeep\n|turn|17\n|\n|t:|1697473340\n|move|p2a: \u0411\u043e\u043d\u044f|Aqua Step|p1a: Ogerpon\n|-damage|p1a: Ogerpon|80\/100\n|-boost|p2a: \u0411\u043e\u043d\u044f|spe|1\n|move|p1a: Ogerpon|Horn Leech|p2a: \u0411\u043e\u043d\u044f\n|-supereffective|p2a: \u0411\u043e\u043d\u044f\n|-damage|p2a: \u0411\u043e\u043d\u044f|0 fnt\n|-heal|p1a: Ogerpon|100\/100|[from] drain|[of] p2a: \u0411\u043e\u043d\u044f\n|faint|p2a: \u0411\u043e\u043d\u044f\n|\n|-weather|none\n|upkeep\n|\n|t:|1697473353\n|switch|p2a: Dragapult|Dragapult, M|84\/100\n|turn|18\n|\n|t:|1697473362\n|move|p2a: Dragapult|Draco Meteor|p1a: Ogerpon\n|-damage|p1a: Ogerpon|3\/100\n|-unboost|p2a: Dragapult|spa|2\n|move|p1a: Ogerpon|Swords Dance|p1a: Ogerpon\n|-boost|p1a: Ogerpon|atk|2\n|\n|upkeep\n|turn|19\n|\n|t:|1697473370\n|move|p1a: Ogerpon|Spiky Shield|p1a: Ogerpon\n|-singleturn|p1a: Ogerpon|move: Protect\n|move|p2a: Dragapult|Draco Meteor|p1a: Ogerpon\n|-activate|p1a: Ogerpon|move: Protect\n|\n|upkeep\n|turn|20\n|\n|t:|1697473380\n|switch|p1a: Feunard|Ninetales-Alola, F, shiny|57\/100\n|-weather|Snow|[from] ability: Snow Warning|[of] p1a: Feunard\n|move|p2a: Dragapult|Draco Meteor|p1a: Feunard\n|-immune|p1a: Feunard\n|\n|-weather|Snow|[upkeep]\n|-sideend|p1: Bokobl1|move: Aurora Veil\n|upkeep\n|turn|21\n|\n|t:|1697473392\n|switch|p2a: Volcarona|Volcarona, M|100\/100\n|move|p1a: Feunard|Aurora Veil|p1a: Feunard\n|-sidestart|p1: Bokobl1|move: Aurora Veil\n|\n|-weather|Snow|[upkeep]\n|upkeep\n|turn|22\n|\n|t:|1697473403\n|move|p1a: Feunard|Protect|p1a: Feunard\n|-singleturn|p1a: Feunard|Protect\n|move|p2a: Volcarona|Quiver Dance|p2a: Volcarona\n|-boost|p2a: Volcarona|spa|1\n|-boost|p2a: Volcarona|spd|1\n|-boost|p2a: Volcarona|spe|1\n|\n|-weather|Snow|[upkeep]\n|upkeep\n|turn|23\n|\n|t:|1697473415\n|move|p2a: Volcarona|Quiver Dance|p2a: Volcarona\n|-boost|p2a: Volcarona|spa|1\n|-boost|p2a: Volcarona|spd|1\n|-boost|p2a: Volcarona|spe|1\n|move|p1a: Feunard|Hypnosis|p2a: Volcarona\n|-message|Sleep Clause Mod activated.\n|-hint|Sleep Clause Mod prevents players from putting more than one of their opponent's Pok\u00e9mon to sleep at a time\n|\n|-weather|Snow|[upkeep]\n|upkeep\n|turn|24\n|\n|t:|1697473423\n|move|p2a: Volcarona|Flamethrower|p1a: Feunard\n|-supereffective|p1a: Feunard\n|-damage|p1a: Feunard|0 fnt\n|faint|p1a: Feunard\n|\n|-weather|none\n|upkeep\n|\n|t:|1697473442\n|switch|p1a: Ursaking|Ursaluna-Bloodmoon, M|100\/100\n|turn|25\n|\n|t:|1697473469\n|switch|p2a: Dragapult|Dragapult, M|84\/100\n|move|p1a: Ursaking|Blood Moon|p2a: Dragapult\n|-damage|p2a: Dragapult|0 fnt\n|faint|p2a: Dragapult\n|\n|upkeep\n|\n|t:|1697473497\n|switch|p2a: Forretress|Forretress, F|91\/100 slp\n|turn|26\n|\n|t:|1697473504\n|move|p1a: Ursaking|Hyper Voice|p2a: Forretress\n|-resisted|p2a: Forretress\n|-damage|p2a: Forretress|59\/100 slp\n|-enditem|p1a: Ursaking|Throat Spray\n|-boost|p1a: Ursaking|spa|1|[from] item: Throat Spray\n|-curestatus|p2a: Forretress|slp|[msg]\n|move|p2a: Forretress|Body Press|p1a: Ursaking\n|-supereffective|p1a: Ursaking\n|-damage|p1a: Ursaking|78\/100\n|\n|-heal|p2a: Forretress|65\/100|[from] item: Leftovers\n|upkeep\n|turn|27\n|\n|t:|1697473516\n|move|p1a: Ursaking|Blood Moon|p2a: Forretress\n|-resisted|p2a: Forretress\n|-damage|p2a: Forretress|0 fnt\n|faint|p2a: Forretress\n|\n|upkeep\n|\n|t:|1697473521\n|switch|p2a: Volcarona|Volcarona, M|100\/100\n|turn|28\n|\n|t:|1697473559\n|move|p2a: Volcarona|Quiver Dance|p2a: Volcarona\n|-boost|p2a: Volcarona|spa|1\n|-boost|p2a: Volcarona|spd|1\n|-boost|p2a: Volcarona|spe|1\n|move|p1a: Ursaking|Hyper Voice|p2a: Volcarona\n|-damage|p2a: Volcarona|57\/100\n|\n|-sideend|p1: Bokobl1|move: Aurora Veil\n|upkeep\n|turn|29\n|\n|t:|1697473568\n|move|p2a: Volcarona|Morning Sun|p2a: Volcarona\n|-heal|p2a: Volcarona|100\/100\n|move|p1a: Ursaking|Blood Moon|p2a: Volcarona\n|-damage|p2a: Volcarona|32\/100\n|\n|upkeep\n|turn|30\n|\n|t:|1697473579\n|move|p2a: Volcarona|Tera Blast|p1a: Ursaking\n|-damage|p1a: Ursaking|49\/100\n|move|p1a: Ursaking|Hyper Voice|p2a: Volcarona\n|-damage|p2a: Volcarona|0 fnt\n|faint|p2a: Volcarona\n|\n|win|Bokobl1\n|raw|Bokobl1's rating: 1047 &rarr; <strong>1080<\/strong><br \/>(+33 for winning)\n|raw|Bonya999's rating: 1045 &rarr; <strong>1028<\/strong><br \/>(-17 for losing)\n|l|\u2606Bonya999\n","uploadtime":1697473607,"views":10,"p1id":"bokobl1","p2id":"bonya999","formatid":"gen9ubers","rating":1028,"private":0,"password":""}