{"id":"gen9ubers-1989365102","p1":"gerrychu29","p2":"Blanched","format":"[Gen 9] Ubers","log":"|j|\u2606gerrychu29\n|j|\u203dBlanched\n|t:|1699841190\n|gametype|singles\n|player|p1|gerrychu29|red|\n|player|p2|Blanched|cynthia-masters|\n|teamsize|p1|6\n|teamsize|p2|6\n|gen|9\n|tier|[Gen 9] Ubers\n|rule|Sleep Clause Mod: Limit one foe put to sleep\n|rule|Species Clause: Limit one of each Pok\u00e9mon\n|rule|OHKO Clause: OHKO moves are banned\n|rule|Evasion Items Clause: Evasion items are banned\n|rule|Evasion Moves Clause: Evasion moves are banned\n|rule|Endless Battle Clause: Forcing endless battles is banned\n|rule|HP Percentage Mod: HP is shown in percentages\n|clearpoke\n|poke|p1|Palafin, M|\n|poke|p1|Shaymin-Sky|\n|poke|p1|Zacian-*|\n|poke|p1|Arceus-Fire|\n|poke|p1|Blissey, F|\n|poke|p1|Alomomola, F|\n|poke|p2|Arceus-Ghost|\n|poke|p2|Cyclizar, M|\n|poke|p2|Gholdengo|\n|poke|p2|Zacian-*|\n|poke|p2|Magearna|\n|poke|p2|Palkia-Origin|\n|teampreview\n|inactive|Battle timer is ON: inactive players will automatically lose when time's up. (requested by gerrychu29)\n|inactive|Blanched has 270 seconds left.\n|\n|t:|1699841280\n|start\n|switch|p1a: Palafin|Palafin, M|100\/100\n|switch|p2a: Cyclizar|Cyclizar, M|100\/100\n|turn|1\n|\n|t:|1699841307\n|detailschange|p1a: Palafin|Palafin-Hero, M\n|switch|p1a: Arceus|Arceus-Fire|100\/100\n|move|p2a: Cyclizar|Knock Off|p1a: Arceus\n|-damage|p1a: Arceus|92\/100\n|\n|upkeep\n|turn|2\n|inactive|gerrychu29 has 270 seconds left.\n|inactive|Blanched has 270 seconds left.\n|\n|t:|1699841353\n|move|p2a: Cyclizar|Shed Tail|p2a: Cyclizar\n|-start|p2a: Cyclizar|Substitute|[from] move: Shed Tail\n|-damage|p2a: Cyclizar|50\/100\n|inactive|Blanched has 240 seconds left.\n|inactive|Blanched has 210 seconds left.\n|\n|t:|1699841420\n|switch|p2a: Palkia|Palkia-Origin|100\/100|[from] Shed Tail\n|-ability|p2a: Palkia|Pressure\n|move|p1a: Arceus|Judgment|p2a: Palkia\n|-resisted|p2a: Palkia\n|-activate|p2a: Palkia|move: Substitute|[damage]\n|\n|upkeep\n|turn|3\n|inactive|gerrychu29 has 240 seconds left.\n|inactive|gerrychu29 has 210 seconds left.\n|inactive|gerrychu29 has 180 seconds left.\n|\n|t:|1699841531\n|move|p2a: Palkia|Hydro Pump|p1a: Arceus|[miss]\n|-miss|p2a: Palkia|p1a: Arceus\n|move|p1a: Arceus|Thunderbolt|p2a: Palkia\n|-end|p2a: Palkia|Substitute\n|\n|upkeep\n|turn|4\n|\n|t:|1699841546\n|switch|p1a: Blissey|Blissey, F|100\/100\n|move|p2a: Palkia|Hydro Pump|p1a: Blissey|[miss]\n|-miss|p2a: Palkia|p1a: Blissey\n|\n|upkeep\n|turn|5\n|\n|t:|1699841562\n|switch|p2a: Gholdengo|Gholdengo|100\/100\n|move|p1a: Blissey|Thunder Wave|p2a: Gholdengo\n|-immune|p2a: Gholdengo|[from] ability: Good as Gold\n|\n|upkeep\n|turn|6\n|inactive|gerrychu29 has 150 seconds left.\n|inactive|Blanched has 180 seconds left.\n|\n|t:|1699841602\n|switch|p1a: Arceus|Arceus-Fire|92\/100\n|move|p2a: Gholdengo|Trick||[still]\n|-fail|p2a: Gholdengo\n|\n|upkeep\n|turn|7\n|inactive|gerrychu29 has 150 seconds left.\n|\n|t:|1699841637\n|switch|p2a: Palkia|Palkia-Origin|100\/100\n|-ability|p2a: Palkia|Pressure\n|move|p1a: Arceus|Calm Mind|p1a: Arceus\n|-boost|p1a: Arceus|spa|1\n|-boost|p1a: Arceus|spd|1\n|\n|upkeep\n|turn|8\n|inactive|Blanched has 180 seconds left.\n|inactive|gerrychu29 has 120 seconds left.\n|inactive|Blanched has 150 seconds left.\n|\n|t:|1699841699\n|move|p1a: Arceus|Thunderbolt|p2a: Palkia\n|-damage|p2a: Palkia|68\/100\n|move|p2a: Palkia|Flamethrower|p1a: Arceus\n|-resisted|p1a: Arceus\n|-damage|p1a: Arceus|85\/100\n|\n|upkeep\n|turn|9\n|\n|t:|1699841717\n|move|p2a: Palkia|Hydro Pump|p1a: Arceus|[miss]\n|-miss|p2a: Palkia|p1a: Arceus\n|move|p1a: Arceus|Thunderbolt|p2a: Palkia\n|-damage|p2a: Palkia|35\/100\n|-status|p2a: Palkia|par\n|\n|upkeep\n|turn|10\n|inactive|gerrychu29 has 90 seconds left.\n|\n|t:|1699841735\n|move|p1a: Arceus|Thunderbolt|p2a: Palkia\n|-damage|p2a: Palkia|4\/100 par\n|cant|p2a: Palkia|par\n|\n|upkeep\n|turn|11\n|inactive|Blanched has 150 seconds left.\n|inactive|gerrychu29 has 90 seconds left.\n|\n|t:|1699841756\n|move|p1a: Arceus|Thunderbolt|p2a: Palkia\n|-damage|p2a: Palkia|0 fnt\n|faint|p2a: Palkia\n|\n|upkeep\n|inactive|Blanched has 120 seconds left.\n|\n|t:|1699841786\n|switch|p2a: Arceus|Arceus-Ghost|100\/100\n|turn|12\n|\n|t:|1699841795\n|move|p2a: Arceus|Swords Dance|p2a: Arceus\n|-boost|p2a: Arceus|atk|2\n|move|p1a: Arceus|Judgment|p2a: Arceus\n|-damage|p2a: Arceus|47\/100\n|\n|upkeep\n|turn|13\n|inactive|Blanched has 120 seconds left.\n|inactive|gerrychu29 has 90 seconds left.\n|\n|t:|1699841818\n|move|p2a: Arceus|Shadow Claw|p1a: Arceus\n|-crit|p1a: Arceus\n|-damage|p1a: Arceus|0 fnt\n|faint|p1a: Arceus\n|\n|upkeep\n|inactive|gerrychu29 has 90 seconds left.\n|inactive|gerrychu29 has 60 seconds left.\n|\n|t:|1699841859\n|switch|p1a: Zacian|Zacian|100\/100\n|-ability|p1a: Zacian|Intrepid Sword|boost\n|-boost|p1a: Zacian|atk|1\n|turn|14\n|inactive|gerrychu29 has 60 seconds left.\n|inactive|Blanched has 120 seconds left.\n|\n|t:|1699841886\n|switch|p2a: Gholdengo|Gholdengo|100\/100\n|move|p1a: Zacian|Play Rough|p2a: Gholdengo\n|-resisted|p2a: Gholdengo\n|-damage|p2a: Gholdengo|66\/100\n|\n|upkeep\n|turn|15\n|inactive|gerrychu29 has 60 seconds left.\n|\n|t:|1699841924\n|switch|p1a: Blissey|Blissey, F|100\/100\n|move|p2a: Gholdengo|Make It Rain|p1a: Blissey\n|-damage|p1a: Blissey|82\/100\n|-unboost|p2a: Gholdengo|spa|1\n|\n|upkeep\n|turn|16\n|inactive|gerrychu29 has 30 seconds left.\n|\n|t:|1699841939\n|switch|p2a: Magearna|Magearna|100\/100\n|move|p1a: Blissey|Thunder Wave|p2a: Magearna\n|-status|p2a: Magearna|par\n|\n|upkeep\n|turn|17\n|inactive|gerrychu29 has 30 seconds left.\n|\n|t:|1699841950\n|move|p1a: Blissey|Stealth Rock|p2a: Magearna\n|-sidestart|p2: Blanched|move: Stealth Rock\n|move|p2a: Magearna|Volt Switch|p1a: Blissey\n|-damage|p1a: Blissey|75\/100\n|\n|t:|1699841956\n|switch|p2a: Cyclizar|Cyclizar, M|84\/100|[from] Volt Switch\n|\n|upkeep\n|turn|18\n|inactive|gerrychu29 has 30 seconds left.\n|inactive|gerrychu29 has 20 seconds left.\n|\n|t:|1699841985\n|switch|p1a: Zacian|Zacian|100\/100\n|move|p2a: Cyclizar|Shed Tail|p2a: Cyclizar\n|-start|p2a: Cyclizar|Substitute|[from] move: Shed Tail\n|-damage|p2a: Cyclizar|34\/100\n|inactive|gerrychu29 has 25 seconds left this turn.\n|\n|t:|1699842014\n|switch|p2a: Gholdengo|Gholdengo|66\/100|[from] Shed Tail\n|-damage|p2a: Gholdengo|60\/100|[from] Stealth Rock\n|\n|upkeep\n|turn|19\n|inactive|gerrychu29 has 30 seconds left.\n|\n|t:|1699842023\n|switch|p1a: Blissey|Blissey, F|75\/100\n|move|p2a: Gholdengo|Trick|p1a: Blissey\n|-activate|p2a: Gholdengo|move: Trick|[of] p1a: Blissey\n|-item|p1a: Blissey|Choice Scarf|[from] move: Trick\n|-item|p2a: Gholdengo|Heavy-Duty Boots|[from] move: Trick\n|\n|upkeep\n|turn|20\n|inactive|gerrychu29 has 30 seconds left.\n|inactive|gerrychu29 has 20 seconds left.\n|\n|t:|1699842047\n|move|p2a: Gholdengo|Shadow Ball|p1a: Blissey\n|-immune|p1a: Blissey\n|move|p1a: Blissey|Soft-Boiled|p1a: Blissey\n|-heal|p1a: Blissey|100\/100\n|\n|upkeep\n|turn|21\n|inactive|gerrychu29 has 30 seconds left this turn.\n|inactive|gerrychu29 has 20 seconds left.\n|\n|t:|1699842058\n|switch|p1a: Shaymin|Shaymin-Sky|100\/100\n|move|p2a: Gholdengo|Shadow Ball|p1a: Shaymin\n|-damage|p1a: Shaymin|47\/100\n|\n|upkeep\n|turn|22\n|inactive|gerrychu29 has 30 seconds left this turn.\n|inactive|gerrychu29 has 20 seconds left.\n|inactive|gerrychu29 has 15 seconds left.\n|\n|t:|1699842074\n|move|p1a: Shaymin|Earth Power|p2a: Gholdengo\n|-supereffective|p2a: Gholdengo\n|-end|p2a: Gholdengo|Substitute\n|move|p2a: Gholdengo|Shadow Ball|p1a: Shaymin\n|-damage|p1a: Shaymin|0 fnt\n|faint|p1a: Shaymin\n|\n|upkeep\n|inactive|gerrychu29 has 20 seconds left this turn.\n|inactive|gerrychu29 has 15 seconds left.\n|inactive|gerrychu29 has 10 seconds left.\n|\n|t:|1699842086\n|switch|p1a: Palafin|Palafin-Hero, M|100\/100\n|-activate|p1a: Palafin|ability: Zero to Hero\n|turn|23\n|inactive|gerrychu29 has 20 seconds left this turn.\n|inactive|gerrychu29 has 15 seconds left.\n|\n|t:|1699842096\n|switch|p2a: Magearna|Magearna|100\/100 par\n|-damage|p2a: Magearna|94\/100 par|[from] Stealth Rock\n|move|p1a: Palafin|Wave Crash|p2a: Magearna\n|-damage|p2a: Magearna|3\/100 par\n|-damage|p1a: Palafin|68\/100|[from] Recoil\n|\n|-heal|p2a: Magearna|9\/100 par|[from] item: Leftovers\n|upkeep\n|turn|24\n|inactive|gerrychu29 has 25 seconds left this turn.\n|inactive|gerrychu29 has 20 seconds left.\n|inactive|gerrychu29 has 15 seconds left.\n|\n|t:|1699842116\n|move|p1a: Palafin|Wave Crash|p2a: Magearna\n|-damage|p2a: Magearna|0 fnt\n|faint|p2a: Magearna\n|-damage|p1a: Palafin|65\/100|[from] Recoil\n|\n|upkeep\n|inactive|gerrychu29 has 20 seconds left this turn.\n|inactive|Blanched has 120 seconds left.\n|\n|t:|1699842153\n|switch|p2a: Zacian|Zacian|100\/100\n|-damage|p2a: Zacian|88\/100|[from] Stealth Rock\n|-ability|p2a: Zacian|Intrepid Sword|boost\n|-boost|p2a: Zacian|atk|1\n|turn|25\n|inactive|gerrychu29 has 30 seconds left this turn.\n|\n|t:|1699842162\n|switch|p1a: Alomomola|Alomomola, F|100\/100\n|move|p2a: Zacian|Play Rough|p1a: Alomomola\n|-damage|p1a: Alomomola|56\/100\n|-damage|p2a: Zacian|72\/100|[from] item: Rocky Helmet|[of] p1a: Alomomola\n|-damage|p2a: Zacian|62\/100|[from] item: Life Orb\n|\n|upkeep\n|turn|26\n|inactive|gerrychu29 has 30 seconds left.\n|inactive|gerrychu29 has 20 seconds left.\n|inactive|Blanched has 90 seconds left.\n|\n|t:|1699842200\n|move|p2a: Zacian|Swords Dance|p2a: Zacian\n|-boost|p2a: Zacian|atk|2\n|move|p1a: Alomomola|Flip Turn|p2a: Zacian\n|-damage|p2a: Zacian|47\/100\n|inactive|gerrychu29 has 25 seconds left this turn.\n|inactive|gerrychu29 has 20 seconds left.\n|inactive|gerrychu29 has 15 seconds left.\n|inactive|gerrychu29 has 10 seconds left.\n|\n|t:|1699842218\n|switch|p1a: Zacian|Zacian|100\/100|[from] Flip Turn\n|\n|upkeep\n|turn|27\n|inactive|gerrychu29 has 20 seconds left this turn.\n|inactive|gerrychu29 has 15 seconds left.\n|inactive|Blanched has 90 seconds left.\n|inactive|gerrychu29 has 10 seconds left.\n|inactive|gerrychu29 has 5 seconds left.\n|\n|t:|1699842235\n|switch|p1a: Alomomola|Alomomola, F|90\/100\n|move|p2a: Zacian|Play Rough|p1a: Alomomola\n|-damage|p1a: Alomomola|12\/100\n|-damage|p2a: Zacian|30\/100|[from] item: Rocky Helmet|[of] p1a: Alomomola\n|-damage|p2a: Zacian|20\/100|[from] item: Life Orb\n|\n|upkeep\n|turn|28\n|inactive|gerrychu29 has 15 seconds left this turn.\n|inactive|gerrychu29 has 10 seconds left.\n|inactive|Blanched has 90 seconds left.\n|\n|t:|1699842250\n|move|p2a: Zacian|Tera Blast|p1a: Alomomola\n|-damage|p1a: Alomomola|0 fnt\n|faint|p1a: Alomomola\n|-damage|p2a: Zacian|11\/100|[from] item: Life Orb\n|\n|upkeep\n|inactive|gerrychu29 has 15 seconds left this turn.\n|inactive|gerrychu29 has 10 seconds left.\n|\n|t:|1699842257\n|switch|p1a: Palafin|Palafin-Hero, M|65\/100\n|turn|29\n|inactive|gerrychu29 has 20 seconds left this turn.\n|\n|t:|1699842264\n|move|p1a: Palafin|Jet Punch|p2a: Zacian\n|-damage|p2a: Zacian|0 fnt\n|faint|p2a: Zacian\n|\n|upkeep\n|inactive|gerrychu29 has 25 seconds left this turn.\n|inactive|Blanched has 90 seconds left.\n|\n|t:|1699842289\n|switch|p2a: Cyclizar|Cyclizar, M|67\/100\n|turn|30\n|inactive|gerrychu29 has 30 seconds left.\n|inactive|Blanched has 60 seconds left.\n|\n|t:|1699842326\n|switch|p1a: Zacian|Zacian|100\/100\n|move|p2a: Cyclizar|Knock Off|p1a: Zacian\n|-resisted|p1a: Zacian\n|-damage|p1a: Zacian|92\/100\n|-enditem|p1a: Zacian|Heavy-Duty Boots|[from] move: Knock Off|[of] p2a: Cyclizar\n|\n|upkeep\n|turn|31\n|inactive|gerrychu29 has 30 seconds left.\n|inactive|Blanched has 60 seconds left.\n|inactive|Blanched has 30 seconds left.\n|inactive|Blanched has 20 seconds left.\n|inactive|Blanched has 15 seconds left.\n|inactive|Blanched has 10 seconds left.\n|\n|t:|1699842382\n|switch|p2a: Gholdengo|Gholdengo|60\/100\n|move|p1a: Zacian|Play Rough|p2a: Gholdengo\n|-resisted|p2a: Gholdengo\n|-damage|p2a: Gholdengo|35\/100\n|\n|upkeep\n|turn|32\n|inactive|Blanched has 20 seconds left this turn.\n|inactive|gerrychu29 has 30 seconds left.\n|inactive|Blanched has 15 seconds left.\n|inactive|Blanched has 10 seconds left.\n|\n|t:|1699842397\n|-terastallize|p1a: Zacian|Fire\n|move|p1a: Zacian|Fire Fang|p2a: Gholdengo\n|-supereffective|p2a: Gholdengo\n|-crit|p2a: Gholdengo\n|-damage|p2a: Gholdengo|0 fnt\n|faint|p2a: Gholdengo\n|\n|upkeep\n|inactive|gerrychu29 has 30 seconds left this turn.\n|inactive|Blanched has 15 seconds left this turn.\n|inactive|Blanched has 10 seconds left.\n|inactive|Blanched has 5 seconds left.\n|\n|t:|1699842408\n|switch|p2a: Arceus|Arceus-Ghost|47\/100\n|-damage|p2a: Arceus|35\/100|[from] Stealth Rock\n|turn|33\n|inactive|Blanched has 15 seconds left this turn.\n|inactive|Blanched has 10 seconds left.\n|\n|t:|1699842414\n|move|p1a: Zacian|Play Rough|p2a: Arceus\n|-damage|p2a: Arceus|2\/100\n|move|p2a: Arceus|Recover|p2a: Arceus\n|-heal|p2a: Arceus|52\/100\n|\n|upkeep\n|turn|34\n|inactive|Blanched has 20 seconds left this turn.\n|inactive|Blanched has 15 seconds left.\n|\n|t:|1699842422\n|move|p1a: Zacian|Swords Dance|p1a: Zacian\n|-boost|p1a: Zacian|atk|2\n|move|p2a: Arceus|Recover|p2a: Arceus\n|-heal|p2a: Arceus|100\/100\n|\n|upkeep\n|turn|35\n|inactive|Blanched has 25 seconds left this turn.\n|inactive|Blanched has 20 seconds left.\n|inactive|Blanched has 15 seconds left.\n|\n|t:|1699842434\n|move|p1a: Zacian|Play Rough|p2a: Arceus\n|-damage|p2a: Arceus|32\/100\n|move|p2a: Arceus|Swords Dance|p2a: Arceus\n|-boost|p2a: Arceus|atk|2\n|\n|upkeep\n|turn|36\n|inactive|Blanched has 25 seconds left this turn.\n|inactive|Blanched has 20 seconds left.\n|inactive|Blanched has 15 seconds left.\n|\n|t:|1699842448\n|-terastallize|p2a: Arceus|Normal\n|move|p2a: Arceus|Extreme Speed|p1a: Zacian\n|-damage|p1a: Zacian|24\/100\n|move|p1a: Zacian|Play Rough|p2a: Arceus\n|-damage|p2a: Arceus|0 fnt\n|faint|p2a: Arceus\n|\n|upkeep\n|inactive|Blanched has 20 seconds left this turn.\n|inactive|Blanched has 15 seconds left.\n|\n|t:|1699842455\n|switch|p2a: Cyclizar|Cyclizar, M|99\/100\n|turn|37\n|inactive|Blanched has 25 seconds left this turn.\n|\n|t:|1699842460\n|move|p1a: Zacian|Play Rough|p2a: Cyclizar\n|-supereffective|p2a: Cyclizar\n|-damage|p2a: Cyclizar|0 fnt\n|faint|p2a: Cyclizar\n|\n|win|gerrychu29\n|inactive|Blanched has 30 seconds left this turn.\n","uploadtime":1699842469,"views":16,"p1id":"gerrychu29","p2id":"blanched","formatid":"gen9ubers","rating":0,"private":0,"password":""}