{"id":"gen9ubers-1982172426","p1":"Kudiroola","p2":"Sakuduro","format":"[Gen 9] Ubers","log":"|j|\u2606Kudiroola\n|j|\u2606Sakuduro\n|t:|1698975396\n|gametype|singles\n|player|p1|Kudiroola|blue|\n|player|p2|Sakuduro|266|\n|teamsize|p1|6\n|teamsize|p2|6\n|gen|9\n|tier|[Gen 9] Ubers\n|rule|Sleep Clause Mod: Limit one foe put to sleep\n|rule|Species Clause: Limit one of each Pok\u00e9mon\n|rule|OHKO Clause: OHKO moves are banned\n|rule|Evasion Items Clause: Evasion items are banned\n|rule|Evasion Moves Clause: Evasion moves are banned\n|rule|Endless Battle Clause: Forcing endless battles is banned\n|rule|HP Percentage Mod: HP is shown in percentages\n|clearpoke\n|poke|p1|Volcarona, F|\n|poke|p1|Ursaluna, F|\n|poke|p1|Sandy Shocks|\n|poke|p1|Gengar, M|\n|poke|p1|Bisharp, M|\n|poke|p1|Iron Valiant|\n|poke|p2|Garchomp, M|\n|poke|p2|Victreebel, M|\n|poke|p2|Moltres-Galar|\n|poke|p2|Lucario, F|\n|poke|p2|Vulpix-Alola, F|\n|poke|p2|Zweilous, M|\n|teampreview\n|\n|t:|1698975448\n|start\n|switch|p1a: Sandy Shocks|Sandy Shocks|100\/100\n|switch|p2a: Garchomp|Garchomp, M|100\/100\n|-enditem|p1a: Sandy Shocks|Booster Energy\n|-activate|p1a: Sandy Shocks|ability: Protosynthesis|[fromitem]\n|-start|p1a: Sandy Shocks|protosynthesisspe\n|turn|1\n|\n|t:|1698975464\n|switch|p2a: Victreebel|Victreebel, M|100\/100\n|move|p1a: Sandy Shocks|Stealth Rock|p2a: Victreebel\n|-sidestart|p2: Sakuduro|move: Stealth Rock\n|\n|upkeep\n|turn|2\n|\n|t:|1698975483\n|-end|p1a: Sandy Shocks|Protosynthesis|[silent]\n|switch|p1a: Bisharp|Bisharp, M, shiny|100\/100\n|move|p2a: Victreebel|Strength Sap|p1a: Bisharp\n|-unboost|p1a: Bisharp|atk|1\n|-ability|p1a: Bisharp|Defiant|boost\n|-boost|p1a: Bisharp|atk|2\n|\n|upkeep\n|turn|3\n|\n|t:|1698975499\n|move|p1a: Bisharp|Swords Dance|p1a: Bisharp\n|-boost|p1a: Bisharp|atk|2\n|move|p2a: Victreebel|Sludge Bomb|p1a: Bisharp\n|-immune|p1a: Bisharp\n|\n|upkeep\n|turn|4\n|\n|t:|1698975511\n|switch|p2a: Lucario|Lucario, F|100\/100\n|-damage|p2a: Lucario|98\/100|[from] Stealth Rock\n|move|p1a: Bisharp|Iron Head|p2a: Lucario\n|-resisted|p2a: Lucario\n|-damage|p2a: Lucario|20\/100\n|-enditem|p2a: Lucario|Aguav Berry|[eat]\n|-heal|p2a: Lucario|53\/100|[from] item: Aguav Berry\n|\n|upkeep\n|turn|5\n|\n|t:|1698975527\n|move|p1a: Bisharp|Sucker Punch|p2a: Lucario\n|-resisted|p2a: Lucario\n|-damage|p2a: Lucario|0 fnt\n|faint|p2a: Lucario\n|\n|upkeep\n|\n|t:|1698975542\n|switch|p2a: Garchomp|Garchomp, M|100\/100\n|-damage|p2a: Garchomp|94\/100|[from] Stealth Rock\n|turn|6\n|\n|t:|1698975554\n|move|p2a: Garchomp|Draco Meteor|p1a: Bisharp\n|-resisted|p1a: Bisharp\n|-damage|p1a: Bisharp|78\/100\n|-unboost|p2a: Garchomp|spa|2\n|move|p1a: Bisharp|Night Slash|p2a: Garchomp\n|-damage|p2a: Garchomp|0 fnt\n|-damage|p1a: Bisharp|66\/100|[from] ability: Rough Skin|[of] p2a: Garchomp\n|faint|p2a: Garchomp\n|\n|upkeep\n|\n|t:|1698975564\n|switch|p2a: Moltres|Moltres-Galar|100\/100\n|-damage|p2a: Moltres|76\/100|[from] Stealth Rock\n|turn|7\n|\n|t:|1698975571\n|move|p2a: Moltres|Brave Bird|p1a: Bisharp\n|-resisted|p1a: Bisharp\n|-damage|p1a: Bisharp|47\/100\n|-damage|p2a: Moltres|70\/100|[from] Recoil\n|move|p1a: Bisharp|Iron Head|p2a: Moltres\n|-damage|p2a: Moltres|0 fnt\n|faint|p2a: Moltres\n|\n|upkeep\n|\n|t:|1698975590\n|switch|p2a: Vulpix|Vulpix-Alola, F|100\/100\n|-damage|p2a: Vulpix|75\/100|[from] Stealth Rock\n|-weather|Snow|[from] ability: Snow Warning|[of] p2a: Vulpix\n|turn|8\n|\n|t:|1698975599\n|move|p1a: Bisharp|Iron Head|p2a: Vulpix\n|-supereffective|p2a: Vulpix\n|-damage|p2a: Vulpix|0 fnt\n|faint|p2a: Vulpix\n|\n|-weather|Snow|[upkeep]\n|upkeep\n|\n|t:|1698975614\n|switch|p2a: Zweilous|Zweilous, M|100\/100\n|-damage|p2a: Zweilous|88\/100|[from] Stealth Rock\n|turn|9\n|\n|t:|1698975622\n|move|p1a: Bisharp|Sucker Punch||[still]\n|-fail|p1a: Bisharp\n|move|p2a: Zweilous|Roar|p1a: Bisharp\n|drag|p1a: Iron Valiant|Iron Valiant|100\/100\n|-enditem|p1a: Iron Valiant|Booster Energy\n|-activate|p1a: Iron Valiant|ability: Quark Drive|[fromitem]\n|-start|p1a: Iron Valiant|quarkdrivespe\n|\n|-weather|Snow|[upkeep]\n|upkeep\n|turn|10\n|\n|t:|1698975634\n|move|p1a: Iron Valiant|Spirit Break|p2a: Zweilous\n|-supereffective|p2a: Zweilous\n|-damage|p2a: Zweilous|0 fnt\n|faint|p2a: Zweilous\n|\n|-weather|Snow|[upkeep]\n|upkeep\n|\n|t:|1698975670\n|switch|p2a: Victreebel|Victreebel, M|100\/100\n|-damage|p2a: Victreebel|88\/100|[from] Stealth Rock\n|turn|11\n|\n|t:|1698975705\n|move|p1a: Iron Valiant|Close Combat|p2a: Victreebel\n|-resisted|p2a: Victreebel\n|-damage|p2a: Victreebel|41\/100\n|-unboost|p1a: Iron Valiant|def|1\n|-unboost|p1a: Iron Valiant|spd|1\n|move|p2a: Victreebel|Sludge Bomb|p1a: Iron Valiant\n|-supereffective|p1a: Iron Valiant\n|-damage|p1a: Iron Valiant|0 fnt\n|faint|p1a: Iron Valiant\n|-end|p1a: Iron Valiant|Quark Drive|[silent]\n|\n|-weather|Snow|[upkeep]\n|upkeep\n|\n|t:|1698975720\n|switch|p1a: Volcarona|Volcarona, F|100\/100\n|turn|12\n|\n|t:|1698975728\n|move|p1a: Volcarona|Quiver Dance|p1a: Volcarona\n|-boost|p1a: Volcarona|spa|1\n|-boost|p1a: Volcarona|spd|1\n|-boost|p1a: Volcarona|spe|1\n|move|p2a: Victreebel|Sludge Bomb|p1a: Volcarona\n|-damage|p1a: Volcarona|76\/100\n|\n|-weather|none\n|upkeep\n|turn|13\n|\n|t:|1698975741\n|move|p1a: Volcarona|Flamethrower|p2a: Victreebel\n|-supereffective|p2a: Victreebel\n|-damage|p2a: Victreebel|0 fnt\n|faint|p2a: Victreebel\n|\n|win|Kudiroola\n","uploadtime":1698975752,"views":9,"p1id":"kudiroola","p2id":"sakuduro","formatid":"gen9ubers","rating":0,"private":0,"password":""}