{"id":"gen9ubers-1980740805","p1":"Tg3loading","p2":"Supraxd","format":"[Gen 9] Ubers","log":"|j|\u2606Tg3loading\n|j|\u2606Supraxd\n|t:|1698823504\n|gametype|singles\n|player|p1|Tg3loading|dancer|1223\n|player|p2|Supraxd|steven|1175\n|teamsize|p1|6\n|teamsize|p2|6\n|gen|9\n|tier|[Gen 9] Ubers\n|rated|\n|rule|Sleep Clause Mod: Limit one foe put to sleep\n|rule|Species Clause: Limit one of each Pok\u00e9mon\n|rule|OHKO Clause: OHKO moves are banned\n|rule|Evasion Items Clause: Evasion items are banned\n|rule|Evasion Moves Clause: Evasion moves are banned\n|rule|Endless Battle Clause: Forcing endless battles is banned\n|rule|HP Percentage Mod: HP is shown in percentages\n|clearpoke\n|poke|p1|Kyogre|\n|poke|p1|Palafin, M|\n|poke|p1|Basculegion, M|\n|poke|p1|Pelipper, M|\n|poke|p1|Iron Treads|\n|poke|p1|Flutter Mane|\n|poke|p2|Scyther, F|\n|poke|p2|Lokix, F|\n|poke|p2|Ribombee, F|\n|poke|p2|Kleavor, M|\n|poke|p2|Volcarona, M|\n|poke|p2|Slither Wing|\n|teampreview\n|\n|t:|1698823510\n|start\n|switch|p1a: Palafin|Palafin, M|100\/100\n|switch|p2a: Ribombee|Ribombee, F|100\/100\n|turn|1\n|\n|t:|1698823516\n|move|p1a: Palafin|Jet Punch|p2a: Ribombee\n|-damage|p2a: Ribombee|35\/100\n|move|p2a: Ribombee|Stun Spore|p1a: Palafin\n|-status|p1a: Palafin|par\n|\n|upkeep\n|turn|2\n|\n|t:|1698823521\n|move|p1a: Palafin|Jet Punch|p2a: Ribombee\n|-damage|p2a: Ribombee|0 fnt\n|faint|p2a: Ribombee\n|\n|upkeep\n|\n|t:|1698823526\n|switch|p2a: Kleavor|Kleavor, M|100\/100\n|turn|3\n|\n|t:|1698823532\n|detailschange|p1a: Palafin|Palafin-Hero, M\n|switch|p1a: Iron Treads|Iron Treads|100\/100\n|-terastallize|p2a: Kleavor|Grass\n|move|p2a: Kleavor|Swords Dance|p2a: Kleavor\n|-boost|p2a: Kleavor|atk|2\n|\n|upkeep\n|turn|4\n|\n|t:|1698823549\n|move|p2a: Kleavor|Trailblaze|p1a: Iron Treads\n|-damage|p1a: Iron Treads|45\/100\n|-boost|p2a: Kleavor|spe|1\n|move|p1a: Iron Treads|Knock Off|p2a: Kleavor\n|-damage|p2a: Kleavor|68\/100\n|-enditem|p2a: Kleavor|Focus Sash|[from] move: Knock Off|[of] p1a: Iron Treads\n|\n|upkeep\n|turn|5\n|\n|t:|1698823558\n|move|p2a: Kleavor|Trailblaze|p1a: Iron Treads\n|-damage|p1a: Iron Treads|0 fnt\n|-boost|p2a: Kleavor|spe|1\n|faint|p1a: Iron Treads\n|-end|p1a: Iron Treads|Quark Drive|[silent]\n|\n|upkeep\n|\n|t:|1698823562\n|switch|p1a: Pelipper|Pelipper, M|100\/100\n|-weather|RainDance|[from] ability: Drizzle|[of] p1a: Pelipper\n|turn|6\n|\n|t:|1698823565\n|move|p2a: Kleavor|Stone Axe|p1a: Pelipper\n|-supereffective|p1a: Pelipper\n|-damage|p1a: Pelipper|0 fnt\n|-sidestart|p1: Tg3loading|move: Stealth Rock\n|faint|p1a: Pelipper\n|\n|-weather|RainDance|[upkeep]\n|upkeep\n|\n|t:|1698823571\n|switch|p1a: Palafin|Palafin-Hero, M|100\/100 par\n|-damage|p1a: Palafin|88\/100 par|[from] Stealth Rock\n|-activate|p1a: Palafin|ability: Zero to Hero\n|turn|7\n|\n|t:|1698823575\n|-terastallize|p1a: Palafin|Water\n|cant|p1a: Palafin|par\n|move|p2a: Kleavor|Trailblaze|p1a: Palafin\n|-supereffective|p1a: Palafin\n|-damage|p1a: Palafin|0 fnt\n|-boost|p2a: Kleavor|spe|1\n|faint|p1a: Palafin\n|\n|-weather|RainDance|[upkeep]\n|upkeep\n|\n|t:|1698823581\n|switch|p1a: Basculegion|Basculegion, M|100\/100\n|-damage|p1a: Basculegion|88\/100|[from] Stealth Rock\n|turn|8\n|\n|t:|1698823586\n|move|p2a: Kleavor|Trailblaze|p1a: Basculegion\n|-supereffective|p1a: Basculegion\n|-damage|p1a: Basculegion|0 fnt\n|-boost|p2a: Kleavor|spe|1\n|faint|p1a: Basculegion\n|\n|-weather|RainDance|[upkeep]\n|upkeep\n|-message|Tg3loading forfeited.\n|\n|win|Supraxd\n|raw|Tg3loading's rating: 1223 &rarr; <strong>1195<\/strong><br \/>(-28 for losing)\n|raw|Supraxd's rating: 1175 &rarr; <strong>1203<\/strong><br \/>(+28 for winning)\n|l|\u2606Tg3loading\n","uploadtime":1698823604,"views":11,"p1id":"tg3loading","p2id":"supraxd","formatid":"gen9ubers","rating":1195,"private":0,"password":""}