{"id":"gen9ubers-1970823461","p1":"SamBam99","p2":"didact_re","format":"[Gen 9] Ubers","log":"|j|\u2606SamBam99\n|j|\u2606didact_re\n|t:|1697670779\n|gametype|singles\n|player|p1|SamBam99|170|1000\n|player|p2|didact_re|morty-masters|1069\n|teamsize|p1|6\n|teamsize|p2|6\n|gen|9\n|tier|[Gen 9] Ubers\n|rated|\n|rule|Sleep Clause Mod: Limit one foe put to sleep\n|rule|Species Clause: Limit one of each Pok\u00e9mon\n|rule|OHKO Clause: OHKO moves are banned\n|rule|Evasion Items Clause: Evasion items are banned\n|rule|Evasion Moves Clause: Evasion moves are banned\n|rule|Endless Battle Clause: Forcing endless battles is banned\n|rule|HP Percentage Mod: HP is shown in percentages\n|clearpoke\n|poke|p1|Koraidon|\n|poke|p1|Groudon|\n|poke|p1|Ogerpon-Hearthflame, F|\n|poke|p1|Regieleki|\n|poke|p1|Landorus-Therian, M|\n|poke|p1|Chi-Yu|\n|poke|p2|Glimmora, M|\n|poke|p2|Annihilape, M|\n|poke|p2|Mimikyu, F|\n|poke|p2|Typhlosion-Hisui, M|\n|poke|p2|Hoopa-Unbound|\n|poke|p2|Gengar, F|\n|teampreview\n|\n|t:|1697670788\n|start\n|switch|p1a: Chi-Yu|Chi-Yu|100\/100\n|switch|p2a: Glimmora|Glimmora, M|100\/100\n|-ability|p1a: Chi-Yu|Beads of Ruin\n|-item|p2a: Glimmora|Air Balloon\n|turn|1\n|\n|t:|1697670820\n|move|p1a: Chi-Yu|Psychic|p2a: Glimmora\n|-supereffective|p2a: Glimmora\n|-damage|p2a: Glimmora|0 fnt\n|-enditem|p2a: Glimmora|Air Balloon\n|faint|p2a: Glimmora\n|\n|upkeep\n|inactive|Battle timer is ON: inactive players will automatically lose when time's up. (requested by didact_re)\n|\n|t:|1697670830\n|switch|p2a: Mimikyu|Mimikyu, F|100\/100\n|turn|2\n|inactive|SamBam99 has 120 seconds left.\n|\n|t:|1697670861\n|switch|p1a: Landorus|Landorus-Therian, M, shiny|100\/100\n|-ability|p1a: Landorus|Intimidate|boost\n|-unboost|p2a: Mimikyu|atk|1\n|move|p2a: Mimikyu|Swords Dance|p2a: Mimikyu\n|-boost|p2a: Mimikyu|atk|2\n|\n|upkeep\n|turn|3\n|inactive|SamBam99 has 120 seconds left.\n|\n|t:|1697670881\n|move|p2a: Mimikyu|Swords Dance|p2a: Mimikyu\n|-boost|p2a: Mimikyu|atk|2\n|move|p1a: Landorus|Taunt|p2a: Mimikyu\n|-start|p2a: Mimikyu|move: Taunt\n|\n|upkeep\n|turn|4\n|inactive|SamBam99 has 120 seconds left.\n|\n|t:|1697670890\n|move|p2a: Mimikyu|Play Rough|p1a: Landorus\n|-crit|p1a: Landorus\n|-damage|p1a: Landorus|0 fnt\n|faint|p1a: Landorus\n|-damage|p2a: Mimikyu|91\/100|[from] item: Life Orb\n|\n|upkeep\n|inactive|SamBam99 has 120 seconds left.\n|inactive|SamBam99 has 90 seconds left.\n|\n|t:|1697670930\n|switch|p1a: Regieleki|Regieleki, shiny|100\/100\n|turn|5\n|inactive|SamBam99 has 90 seconds left.\n|\n|t:|1697670938\n|move|p1a: Regieleki|Volt Switch|p2a: Mimikyu\n|-activate|p2a: Mimikyu|ability: Disguise\n|-damage|p2a: Mimikyu|91\/100\n|detailschange|p2a: Mimikyu|Mimikyu-Busted, F\n|-damage|p2a: Mimikyu|78\/100|[from] pokemon: Mimikyu-Busted\n|inactive|SamBam99 has 90 seconds left.\n|\n|t:|1697670947\n|switch|p1a: Groudon|Groudon, shiny|100\/100|[from] Volt Switch\n|-weather|SunnyDay|[from] ability: Drought|[of] p1a: Groudon\n|move|p2a: Mimikyu|Play Rough|p1a: Groudon\n|-damage|p1a: Groudon|35\/100\n|-damage|p2a: Mimikyu|68\/100|[from] item: Life Orb\n|\n|-weather|SunnyDay|[upkeep]\n|upkeep\n|turn|6\n|inactive|SamBam99 has 90 seconds left.\n|\n|t:|1697670964\n|move|p2a: Mimikyu|Play Rough|p1a: Groudon\n|-damage|p1a: Groudon|0 fnt\n|faint|p1a: Groudon\n|-damage|p2a: Mimikyu|58\/100|[from] item: Life Orb\n|\n|-weather|SunnyDay|[upkeep]\n|-end|p2a: Mimikyu|move: Taunt\n|upkeep\n|\n|t:|1697670987\n|switch|p1a: Ogerpon|Ogerpon-Hearthflame, F|100\/100\n|-ability|p1a: Ogerpon|Mold Breaker\n|turn|7\n|\n|t:|1697670994\n|move|p2a: Mimikyu|Drain Punch|p1a: Ogerpon\n|-damage|p1a: Ogerpon|20\/100\n|-heal|p2a: Mimikyu|100\/100|[from] drain|[of] p1a: Ogerpon\n|-damage|p2a: Mimikyu|91\/100|[from] item: Life Orb\n|move|p1a: Ogerpon|Ivy Cudgel|p2a: Mimikyu\n|-damage|p2a: Mimikyu|0 fnt\n|faint|p2a: Mimikyu\n|\n|-weather|SunnyDay|[upkeep]\n|upkeep\n|\n|t:|1697671005\n|switch|p2a: Typhlosion|Typhlosion-Hisui, M|100\/100\n|turn|8\n|\n|t:|1697671014\n|-terastallize|p2a: Typhlosion|Fire\n|move|p2a: Typhlosion|Eruption|p1a: Ogerpon\n|-damage|p1a: Ogerpon|0 fnt\n|faint|p1a: Ogerpon\n|\n|-weather|SunnyDay|[upkeep]\n|upkeep\n|\n|t:|1697671022\n|switch|p1a: Koraidon|Koraidon|100\/100\n|-activate|p1a: Koraidon|ability: Orichalcum Pulse\n|turn|9\n|inactive|SamBam99 has 90 seconds left.\n|\n|t:|1697671034\n|move|p2a: Typhlosion|Eruption|p1a: Koraidon\n|-resisted|p1a: Koraidon\n|-damage|p1a: Koraidon|40\/100\n|move|p1a: Koraidon|Dragon Claw|p2a: Typhlosion\n|-damage|p2a: Typhlosion|11\/100\n|\n|-weather|SunnyDay|[upkeep]\n|upkeep\n|turn|10\n|inactive|SamBam99 has 90 seconds left.\n|\n|t:|1697671045\n|move|p2a: Typhlosion|Eruption|p1a: Koraidon\n|-resisted|p1a: Koraidon\n|-damage|p1a: Koraidon|30\/100\n|move|p1a: Koraidon|Dragon Claw|p2a: Typhlosion\n|-crit|p2a: Typhlosion\n|-damage|p2a: Typhlosion|0 fnt\n|faint|p2a: Typhlosion\n|\n|-weather|SunnyDay|[upkeep]\n|upkeep\n|\n|t:|1697671054\n|switch|p2a: Gengar|Gengar, F|100\/100\n|turn|11\n|\n|t:|1697671060\n|move|p2a: Gengar|Shadow Ball|p1a: Koraidon\n|-damage|p1a: Koraidon|0 fnt\n|faint|p1a: Koraidon\n|\n|-weather|SunnyDay|[upkeep]\n|upkeep\n|\n|t:|1697671065\n|switch|p1a: Chi-Yu|Chi-Yu|100\/100\n|-ability|p1a: Chi-Yu|Beads of Ruin\n|turn|12\n|\n|t:|1697671072\n|switch|p2a: Hoopa|Hoopa-Unbound|100\/100\n|move|p1a: Chi-Yu|Dark Pulse|p2a: Hoopa\n|-damage|p2a: Hoopa|68\/100\n|\n|-weather|none\n|upkeep\n|turn|13\n|\n|t:|1697671085\n|switch|p1a: Regieleki|Regieleki, shiny|100\/100\n|move|p2a: Hoopa|Knock Off|p1a: Regieleki\n|-enditem|p1a: Regieleki|Focus Sash\n|-damage|p1a: Regieleki|1\/100\n|\n|upkeep\n|turn|14\n|\n|t:|1697671094\n|move|p1a: Regieleki|Thunderbolt|p2a: Hoopa\n|-damage|p2a: Hoopa|45\/100\n|move|p2a: Hoopa|Drain Punch|p1a: Regieleki\n|-damage|p1a: Regieleki|0 fnt\n|-heal|p2a: Hoopa|45\/100|[from] drain|[of] p1a: Regieleki\n|faint|p1a: Regieleki\n|\n|upkeep\n|\n|t:|1697671102\n|switch|p1a: Chi-Yu|Chi-Yu|100\/100\n|-ability|p1a: Chi-Yu|Beads of Ruin\n|turn|15\n|inactive|SamBam99 has 120 seconds left.\n|\n|t:|1697671110\n|-terastallize|p1a: Chi-Yu|Water\n|move|p1a: Chi-Yu|Dark Pulse|p2a: Hoopa\n|-damage|p2a: Hoopa|12\/100\n|move|p2a: Hoopa|Drain Punch|p1a: Chi-Yu\n|-damage|p1a: Chi-Yu|59\/100\n|-heal|p2a: Hoopa|28\/100|[from] drain|[of] p1a: Chi-Yu\n|\n|upkeep\n|turn|16\n|\n|t:|1697671122\n|move|p1a: Chi-Yu|Dark Pulse|p2a: Hoopa\n|-damage|p2a: Hoopa|0 fnt\n|faint|p2a: Hoopa\n|\n|upkeep\n|\n|t:|1697671127\n|switch|p2a: Gengar|Gengar, F|100\/100\n|turn|17\n|\n|t:|1697671131\n|move|p2a: Gengar|Energy Ball|p1a: Chi-Yu\n|-supereffective|p1a: Chi-Yu\n|-damage|p1a: Chi-Yu|0 fnt\n|faint|p1a: Chi-Yu\n|\n|win|didact_re\n|raw|SamBam99's rating: 1048 &rarr; <strong>1032<\/strong><br \/>(-16 for losing)\n|raw|didact_re's rating: 1069 &rarr; <strong>1097<\/strong><br \/>(+28 for winning)\n|l|\u2606SamBam99\n|c|\u2606didact_re|gg\n","uploadtime":1697671147,"views":13,"p1id":"sambam99","p2id":"didactre","formatid":"gen9ubers","rating":1032,"private":0,"password":""}