{"id":"gen9ubers-1972410177","p1":"SiG_GM","p2":"BananaXD","format":"[Gen 9] Ubers","log":"|j|\u2606SiG_GM\n|j|\u2606BananaXD\n|t:|1697839784\n|gametype|singles\n|player|p1|SiG_GM|265|\n|player|p2|BananaXD|skyla|\n|teamsize|p1|6\n|teamsize|p2|6\n|gen|9\n|tier|[Gen 9] Ubers\n|rule|Sleep Clause Mod: Limit one foe put to sleep\n|rule|Species Clause: Limit one of each Pok\u00e9mon\n|rule|OHKO Clause: OHKO moves are banned\n|rule|Evasion Items Clause: Evasion items are banned\n|rule|Evasion Moves Clause: Evasion moves are banned\n|rule|Endless Battle Clause: Forcing endless battles is banned\n|rule|HP Percentage Mod: HP is shown in percentages\n|clearpoke\n|poke|p1|Meowscarada, M|\n|poke|p1|Empoleon, M|\n|poke|p1|Armarouge, F|\n|poke|p1|Garchomp, F|\n|poke|p1|Gengar, F|\n|poke|p1|Iron Hands|\n|poke|p2|Landorus-Therian, M|\n|poke|p2|Clefable, F|\n|poke|p2|Scizor, F|\n|poke|p2|Noivern, M|\n|poke|p2|Vaporeon, F|\n|poke|p2|Kilowattrel, M|\n|teampreview\n|c|\u2606BananaXD|glhf\n|c|\u2606SiG_GM|Gl!\n|j| Bogaes\n|\n|t:|1697839956\n|start\n|switch|p1a: Meowscarada|Meowscarada, M|100\/100\n|switch|p2a: Whitebeard|Landorus-Therian, M|100\/100\n|-ability|p2a: Whitebeard|Intimidate|boost\n|-unboost|p1a: Meowscarada|atk|1\n|turn|1\n|\n|t:|1697840000\n|move|p2a: Whitebeard|U-turn|p1a: Meowscarada\n|-supereffective|p1a: Meowscarada\n|-damage|p1a: Meowscarada|0 fnt\n|faint|p1a: Meowscarada\n|\n|t:|1697840036\n|switch|p2a: Enel|Kilowattrel, M|100\/100|[from] U-turn\n|\n|upkeep\n|j| kayjulers\n|j| Chazl Dazl\n|\n|t:|1697840108\n|switch|p1a: Empoleon|Empoleon, M|100\/100\n|turn|2\n|\n|t:|1697840127\n|move|p2a: Enel|Volt Switch|p1a: Empoleon\n|-supereffective|p1a: Empoleon\n|-damage|p1a: Empoleon|54\/100\n|\n|t:|1697840136\n|switch|p2a: Shirahoshi|Vaporeon, F|100\/100|[from] Volt Switch\n|move|p1a: Empoleon|Ice Beam|p2a: Shirahoshi\n|-resisted|p2a: Shirahoshi\n|-damage|p2a: Shirahoshi|90\/100\n|\n|-heal|p1a: Empoleon|60\/100|[from] item: Leftovers\n|upkeep\n|turn|3\n|\n|t:|1697840151\n|move|p1a: Empoleon|Stealth Rock|p2a: Shirahoshi\n|-sidestart|p2: BananaXD|move: Stealth Rock\n|move|p2a: Shirahoshi|Wish|p2a: Shirahoshi\n|\n|-heal|p1a: Empoleon|66\/100|[from] item: Leftovers\n|upkeep\n|turn|4\n|\n|t:|1697840161\n|move|p1a: Empoleon|Roost|p1a: Empoleon\n|-heal|p1a: Empoleon|100\/100\n|-singleturn|p1a: Empoleon|move: Roost\n|move|p2a: Shirahoshi|Flip Turn|p1a: Empoleon\n|-resisted|p1a: Empoleon\n|-damage|p1a: Empoleon|93\/100\n|j| Venom65656\n|c| Venom65656|Go banana go\n|\n|t:|1697840180\n|switch|p2a: Enel|Kilowattrel, M|100\/100|[from] Flip Turn\n|\n|-heal|p1a: Empoleon|99\/100|[from] item: Leftovers\n|upkeep\n|turn|5\n|l| Venom65656\n|c| Chazl Dazl|no banana no\n|c| kayjulers|Whomst art thou, venom65656?\n|c| kayjulers|Come backeth\n|\n|t:|1697840235\n|move|p2a: Enel|Volt Switch|p1a: Empoleon\n|-supereffective|p1a: Empoleon\n|-damage|p1a: Empoleon|55\/100\n|\n|t:|1697840239\n|switch|p2a: Shirahoshi|Vaporeon, F|90\/100|[from] Volt Switch\n|-damage|p2a: Shirahoshi|78\/100|[from] Stealth Rock\n|move|p1a: Empoleon|Ice Beam|p2a: Shirahoshi\n|-resisted|p2a: Shirahoshi\n|-crit|p2a: Shirahoshi\n|-damage|p2a: Shirahoshi|62\/100\n|\n|-heal|p1a: Empoleon|62\/100|[from] item: Leftovers\n|upkeep\n|turn|6\n|\n|t:|1697840256\n|move|p1a: Empoleon|Surf|p2a: Shirahoshi\n|-heal|p2a: Shirahoshi|87\/100|[from] ability: Water Absorb|[of] p1a: Empoleon\n|move|p2a: Shirahoshi|Wish|p2a: Shirahoshi\n|\n|-heal|p1a: Empoleon|68\/100|[from] item: Leftovers\n|upkeep\n|turn|7\n|c|\u2606BananaXD|friend of mine I play dnd with\n|\n|t:|1697840265\n|move|p1a: Empoleon|Ice Beam|p2a: Shirahoshi\n|-resisted|p2a: Shirahoshi\n|-damage|p2a: Shirahoshi|78\/100\n|move|p2a: Shirahoshi|Scald|p1a: Empoleon\n|-resisted|p1a: Empoleon\n|-damage|p1a: Empoleon|57\/100\n|\n|-heal|p2a: Shirahoshi|100\/100|[from] move: Wish|[wisher] Shirahoshi\n|-heal|p1a: Empoleon|63\/100|[from] item: Leftovers\n|upkeep\n|turn|8\n|\n|t:|1697840298\n|switch|p1a: Iron Hands|Iron Hands|100\/100\n|-enditem|p1a: Iron Hands|Booster Energy\n|-activate|p1a: Iron Hands|ability: Quark Drive|[fromitem]\n|-start|p1a: Iron Hands|quarkdriveatk\n|move|p2a: Shirahoshi|Scald|p1a: Iron Hands\n|-crit|p1a: Iron Hands\n|-damage|p1a: Iron Hands|63\/100\n|-status|p1a: Iron Hands|brn\n|\n|-damage|p1a: Iron Hands|57\/100 brn|[from] brn\n|upkeep\n|turn|9\n|c|\u2606SiG_GM|Siiiiiiiiiiiiiiiiiiiigh\n|c| Chazl Dazl|i see you brother.\n|c|\u2606SiG_GM|Looks like it's my turn on Mr. RNG's wild ride\n|\n|t:|1697840367\n|switch|p2a: Enel|Kilowattrel, M|100\/100\n|move|p1a: Iron Hands|Ice Punch|p2a: Enel\n|-supereffective|p2a: Enel\n|-damage|p2a: Enel|28\/100\n|\n|-damage|p1a: Iron Hands|50\/100 brn|[from] brn\n|upkeep\n|turn|10\n|\n|t:|1697840444\n|move|p2a: Enel|Roost|p2a: Enel\n|-heal|p2a: Enel|78\/100\n|-singleturn|p2a: Enel|move: Roost\n|move|p1a: Iron Hands|Thunder Punch|p2a: Enel\n|-heal|p2a: Enel|100\/100|[from] ability: Volt Absorb|[of] p1a: Iron Hands\n|\n|-damage|p1a: Iron Hands|44\/100 brn|[from] brn\n|upkeep\n|turn|11\n|\n|t:|1697840461\n|move|p2a: Enel|Air Slash|p1a: Iron Hands\n|-damage|p1a: Iron Hands|13\/100 brn\n|move|p1a: Iron Hands|Ice Punch|p2a: Enel\n|-supereffective|p2a: Enel\n|-damage|p2a: Enel|28\/100\n|\n|-damage|p1a: Iron Hands|7\/100 brn|[from] brn\n|upkeep\n|turn|12\n|\n|t:|1697840469\n|move|p2a: Enel|Roost|p2a: Enel\n|-heal|p2a: Enel|78\/100\n|-singleturn|p2a: Enel|move: Roost\n|move|p1a: Iron Hands|Ice Punch|p2a: Enel\n|-damage|p2a: Enel|44\/100\n|\n|-damage|p1a: Iron Hands|0 fnt|[from] brn\n|faint|p1a: Iron Hands\n|-end|p1a: Iron Hands|Quark Drive|[silent]\n|upkeep\n|\n|t:|1697840506\n|switch|p1a: Armarouge|Armarouge, F|100\/100\n|turn|13\n|\n|t:|1697840535\n|move|p2a: Enel|Volt Switch|p1a: Armarouge\n|-crit|p1a: Armarouge\n|-damage|p1a: Armarouge|49\/100\n|\n|t:|1697840540\n|switch|p2a: Shirahoshi|Vaporeon, F|100\/100|[from] Volt Switch\n|-damage|p2a: Shirahoshi|88\/100|[from] Stealth Rock\n|move|p1a: Armarouge|Calm Mind|p1a: Armarouge\n|-boost|p1a: Armarouge|spa|1\n|-boost|p1a: Armarouge|spd|1\n|\n|upkeep\n|turn|14\n|\n|t:|1697840550\n|move|p1a: Armarouge|Energy Ball|p2a: Shirahoshi\n|-supereffective|p2a: Shirahoshi\n|-damage|p2a: Shirahoshi|6\/100\n|move|p2a: Shirahoshi|Flip Turn|p1a: Armarouge\n|-supereffective|p1a: Armarouge\n|-damage|p1a: Armarouge|22\/100\n|-ability|p1a: Armarouge|Weak Armor|boost\n|-unboost|p1a: Armarouge|def|1\n|-boost|p1a: Armarouge|spe|2\n|-enditem|p1a: Armarouge|Weakness Policy\n|-boost|p1a: Armarouge|atk|2|[from] item: Weakness Policy\n|-boost|p1a: Armarouge|spa|2|[from] item: Weakness Policy\n|\n|t:|1697840600\n|switch|p2a: Kidd|Scizor, F|100\/100|[from] Flip Turn\n|\n|upkeep\n|turn|15\n|\n|t:|1697840632\n|move|p2a: Kidd|Bullet Punch|p1a: Armarouge\n|-resisted|p1a: Armarouge\n|-damage|p1a: Armarouge|0 fnt\n|faint|p1a: Armarouge\n|\n|upkeep\n|\n|t:|1697840644\n|switch|p1a: Garchomp|Garchomp, F|100\/100\n|turn|16\n|\n|t:|1697840655\n|switch|p2a: Whitebeard|Landorus-Therian, M|100\/100\n|-damage|p2a: Whitebeard|88\/100|[from] Stealth Rock\n|-ability|p2a: Whitebeard|Intimidate|boost\n|-unboost|p1a: Garchomp|atk|1\n|move|p1a: Garchomp|Crunch|p2a: Whitebeard\n|-damage|p2a: Whitebeard|59\/100\n|\n|upkeep\n|turn|17\n|\n|t:|1697840711\n|switch|p1a: Gengar|Gengar, F|100\/100\n|-item|p1a: Gengar|Air Balloon\n|move|p2a: Whitebeard|Earthquake|p1a: Gengar\n|-immune|p1a: Gengar\n|\n|upkeep\n|turn|18\n|\n|t:|1697840725\n|switch|p2a: Shirahoshi|Vaporeon, F|6\/100\n|-damage|p2a: Shirahoshi|0 fnt|[from] Stealth Rock\n|faint|p2a: Shirahoshi\n|move|p1a: Gengar|Will-O-Wisp|p2: Shirahoshi|[notarget]\n|-fail|p1a: Gengar\n|\n|upkeep\n|\n|t:|1697840758\n|switch|p2a: Scratchman|Noivern, M|100\/100\n|-damage|p2a: Scratchman|76\/100|[from] Stealth Rock\n|-item|p1a: Gengar|Air Balloon|[from] ability: Frisk|[of] p2a: Scratchman|[identify]\n|turn|19\n|\n|t:|1697840773\n|move|p1a: Gengar|Protect|p1a: Gengar\n|-singleturn|p1a: Gengar|Protect\n|move|p2a: Scratchman|Shadow Ball|p1a: Gengar\n|-activate|p1a: Gengar|move: Protect\n|\n|upkeep\n|turn|20\n|\n|t:|1697840797\n|move|p2a: Scratchman|Shadow Ball|p1a: Gengar\n|-supereffective|p1a: Gengar\n|-crit|p1a: Gengar\n|-damage|p1a: Gengar|12\/100\n|-enditem|p1a: Gengar|Air Balloon\n|move|p1a: Gengar|Sludge Bomb|p2a: Scratchman\n|-damage|p2a: Scratchman|25\/100\n|-status|p2a: Scratchman|psn\n|\n|-damage|p2a: Scratchman|12\/100 psn|[from] psn\n|upkeep\n|turn|21\n|\n|t:|1697840814\n|move|p1a: Gengar|Protect|p1a: Gengar\n|-singleturn|p1a: Gengar|Protect\n|move|p2a: Scratchman|Shadow Ball|p1a: Gengar\n|-activate|p1a: Gengar|move: Protect\n|\n|-damage|p2a: Scratchman|0 fnt|[from] psn\n|faint|p2a: Scratchman\n|upkeep\n|\n|t:|1697840825\n|switch|p2a: Whitebeard|Landorus-Therian, M|59\/100\n|-damage|p2a: Whitebeard|47\/100|[from] Stealth Rock\n|-ability|p2a: Whitebeard|Intimidate|boost\n|-unboost|p1a: Gengar|atk|1\n|turn|22\n|\n|t:|1697840874\n|move|p1a: Gengar|Protect||[still]\n|-fail|p1a: Gengar\n|move|p2a: Whitebeard|U-turn|p1a: Gengar\n|-resisted|p1a: Gengar\n|-damage|p1a: Gengar|0 fnt\n|faint|p1a: Gengar\n|\n|t:|1697840888\n|switch|p2a: Enel|Kilowattrel, M|44\/100|[from] U-turn\n|\n|upkeep\n|\n|t:|1697840902\n|switch|p1a: Empoleon|Empoleon, M|63\/100\n|turn|23\n|\n|t:|1697840959\n|move|p2a: Enel|Roost|p2a: Enel\n|-heal|p2a: Enel|94\/100\n|-singleturn|p2a: Enel|move: Roost\n|move|p1a: Empoleon|Roost|p1a: Empoleon\n|-heal|p1a: Empoleon|100\/100\n|-singleturn|p1a: Empoleon|move: Roost\n|\n|upkeep\n|turn|24\n|\n|t:|1697840972\n|move|p2a: Enel|Volt Switch|p1a: Empoleon\n|-supereffective|p1a: Empoleon\n|-damage|p1a: Empoleon|53\/100\n|\n|t:|1697840983\n|switch|p2a: Big Mom|Clefable, F|100\/100|[from] Volt Switch\n|move|p1a: Empoleon|Ice Beam|p2a: Big Mom\n|-damage|p2a: Big Mom|77\/100\n|\n|-heal|p2a: Big Mom|83\/100|[from] item: Leftovers\n|-heal|p1a: Empoleon|59\/100|[from] item: Leftovers\n|upkeep\n|turn|25\n|\n|t:|1697840998\n|move|p1a: Empoleon|Surf|p2a: Big Mom\n|-damage|p2a: Big Mom|48\/100\n|move|p2a: Big Mom|Cosmic Power|p2a: Big Mom\n|-boost|p2a: Big Mom|def|1\n|-boost|p2a: Big Mom|spd|1\n|\n|-heal|p1a: Empoleon|66\/100|[from] item: Leftovers\n|-heal|p2a: Big Mom|55\/100|[from] item: Leftovers\n|upkeep\n|turn|26\n|\n|t:|1697841018\n|move|p1a: Empoleon|Surf|p2a: Big Mom\n|-damage|p2a: Big Mom|33\/100\n|move|p2a: Big Mom|Cosmic Power|p2a: Big Mom\n|-boost|p2a: Big Mom|def|1\n|-boost|p2a: Big Mom|spd|1\n|\n|-heal|p2a: Big Mom|39\/100|[from] item: Leftovers\n|-heal|p1a: Empoleon|72\/100|[from] item: Leftovers\n|upkeep\n|turn|27\n|\n|t:|1697841027\n|move|p1a: Empoleon|Ice Beam|p2a: Big Mom\n|-damage|p2a: Big Mom|27\/100\n|move|p2a: Big Mom|Moonlight|p2a: Big Mom\n|-heal|p2a: Big Mom|77\/100\n|\n|-heal|p1a: Empoleon|78\/100|[from] item: Leftovers\n|-heal|p2a: Big Mom|83\/100|[from] item: Leftovers\n|upkeep\n|turn|28\n|\n|t:|1697841068\n|move|p2a: Big Mom|Cosmic Power|p2a: Big Mom\n|-boost|p2a: Big Mom|def|1\n|-boost|p2a: Big Mom|spd|1\n|move|p1a: Empoleon|Ice Beam|p2a: Big Mom\n|-damage|p2a: Big Mom|75\/100\n|\n|-heal|p2a: Big Mom|81\/100|[from] item: Leftovers\n|-heal|p1a: Empoleon|84\/100|[from] item: Leftovers\n|upkeep\n|turn|29\n|\n|t:|1697841077\n|move|p1a: Empoleon|Ice Beam|p2a: Big Mom\n|-damage|p2a: Big Mom|73\/100\n|move|p2a: Big Mom|Cosmic Power|p2a: Big Mom\n|-boost|p2a: Big Mom|def|1\n|-boost|p2a: Big Mom|spd|1\n|\n|-heal|p2a: Big Mom|79\/100|[from] item: Leftovers\n|-heal|p1a: Empoleon|90\/100|[from] item: Leftovers\n|upkeep\n|turn|30\n|\n|t:|1697841086\n|move|p2a: Big Mom|Stored Power|p1a: Empoleon\n|-resisted|p1a: Empoleon\n|-damage|p1a: Empoleon|75\/100\n|move|p1a: Empoleon|Ice Beam|p2a: Big Mom\n|-damage|p2a: Big Mom|71\/100\n|\n|-heal|p2a: Big Mom|77\/100|[from] item: Leftovers\n|-heal|p1a: Empoleon|82\/100|[from] item: Leftovers\n|upkeep\n|turn|31\n|\n|t:|1697841107\n|move|p1a: Empoleon|Ice Beam|p2a: Big Mom\n|-damage|p2a: Big Mom|70\/100\n|move|p2a: Big Mom|Cosmic Power|p2a: Big Mom\n|-boost|p2a: Big Mom|def|1\n|-boost|p2a: Big Mom|spd|1\n|\n|-heal|p2a: Big Mom|76\/100|[from] item: Leftovers\n|-heal|p1a: Empoleon|88\/100|[from] item: Leftovers\n|upkeep\n|turn|32\n|\n|t:|1697841119\n|move|p2a: Big Mom|Cosmic Power|p2a: Big Mom\n|-boost|p2a: Big Mom|def|1\n|-boost|p2a: Big Mom|spd|1\n|move|p1a: Empoleon|Ice Beam|p2a: Big Mom\n|-damage|p2a: Big Mom|71\/100\n|\n|-heal|p1a: Empoleon|94\/100|[from] item: Leftovers\n|-heal|p2a: Big Mom|77\/100|[from] item: Leftovers\n|upkeep\n|turn|33\n|\n|t:|1697841132\n|move|p1a: Empoleon|Ice Beam|p2a: Big Mom\n|-damage|p2a: Big Mom|71\/100\n|move|p2a: Big Mom|Stored Power|p1a: Empoleon\n|-resisted|p1a: Empoleon\n|-damage|p1a: Empoleon|73\/100\n|\n|-heal|p1a: Empoleon|79\/100|[from] item: Leftovers\n|-heal|p2a: Big Mom|77\/100|[from] item: Leftovers\n|upkeep\n|turn|34\n|\n|t:|1697841142\n|move|p1a: Empoleon|Ice Beam|p2a: Big Mom\n|-damage|p2a: Big Mom|72\/100\n|move|p2a: Big Mom|Moonblast|p1a: Empoleon\n|-resisted|p1a: Empoleon\n|-damage|p1a: Empoleon|68\/100\n|-unboost|p1a: Empoleon|spa|1\n|-ability|p1a: Empoleon|Competitive|boost\n|-boost|p1a: Empoleon|spa|2\n|\n|-heal|p1a: Empoleon|74\/100|[from] item: Leftovers\n|-heal|p2a: Big Mom|78\/100|[from] item: Leftovers\n|upkeep\n|turn|35\n|c|\u2606BananaXD|oh shit forgot about competetive\n|\n|t:|1697841162\n|move|p1a: Empoleon|Ice Beam|p2a: Big Mom\n|-damage|p2a: Big Mom|70\/100\n|move|p2a: Big Mom|Stored Power|p1a: Empoleon\n|-resisted|p1a: Empoleon\n|-damage|p1a: Empoleon|52\/100\n|\n|-heal|p1a: Empoleon|59\/100|[from] item: Leftovers\n|-heal|p2a: Big Mom|76\/100|[from] item: Leftovers\n|upkeep\n|turn|36\n|\n|t:|1697841174\n|move|p1a: Empoleon|Ice Beam|p2a: Big Mom\n|-damage|p2a: Big Mom|68\/100\n|move|p2a: Big Mom|Moonlight|p2a: Big Mom\n|-heal|p2a: Big Mom|100\/100\n|\n|-heal|p1a: Empoleon|65\/100|[from] item: Leftovers\n|upkeep\n|turn|37\n|\n|t:|1697841193\n|move|p1a: Empoleon|Ice Beam|p2a: Big Mom\n|-damage|p2a: Big Mom|92\/100\n|move|p2a: Big Mom|Stored Power|p1a: Empoleon\n|-resisted|p1a: Empoleon\n|-damage|p1a: Empoleon|43\/100\n|\n|-heal|p1a: Empoleon|49\/100|[from] item: Leftovers\n|-heal|p2a: Big Mom|98\/100|[from] item: Leftovers\n|upkeep\n|turn|38\n|\n|t:|1697841212\n|switch|p2a: Enel|Kilowattrel, M|94\/100\n|move|p1a: Empoleon|Roost|p1a: Empoleon\n|-heal|p1a: Empoleon|99\/100\n|-singleturn|p1a: Empoleon|move: Roost\n|\n|-heal|p1a: Empoleon|100\/100|[from] item: Leftovers\n|upkeep\n|turn|39\n|\n|t:|1697841226\n|move|p2a: Enel|Volt Switch|p1a: Empoleon\n|-supereffective|p1a: Empoleon\n|-damage|p1a: Empoleon|54\/100\n|\n|t:|1697841230\n|switch|p2a: Kidd|Scizor, F|100\/100|[from] Volt Switch\n|move|p1a: Empoleon|Ice Beam|p2a: Kidd\n|-resisted|p2a: Kidd\n|-damage|p2a: Kidd|79\/100\n|\n|-heal|p1a: Empoleon|60\/100|[from] item: Leftovers\n|upkeep\n|turn|40\n|\n|t:|1697841276\n|move|p2a: Kidd|Swords Dance|p2a: Kidd\n|-boost|p2a: Kidd|atk|2\n|move|p1a: Empoleon|Surf|p2a: Kidd\n|-damage|p2a: Kidd|7\/100\n|\n|-heal|p1a: Empoleon|66\/100|[from] item: Leftovers\n|upkeep\n|turn|41\n|\n|t:|1697841290\n|move|p2a: Kidd|U-turn|p1a: Empoleon\n|-resisted|p1a: Empoleon\n|-damage|p1a: Empoleon|23\/100\n|\n|t:|1697841294\n|switch|p2a: Enel|Kilowattrel, M|94\/100|[from] U-turn\n|move|p1a: Empoleon|Surf|p2a: Enel\n|-damage|p2a: Enel|0 fnt\n|faint|p2a: Enel\n|\n|-heal|p1a: Empoleon|29\/100|[from] item: Leftovers\n|upkeep\n|\n|t:|1697841298\n|switch|p2a: Whitebeard|Landorus-Therian, M|47\/100\n|-damage|p2a: Whitebeard|35\/100|[from] Stealth Rock\n|-ability|p2a: Whitebeard|Intimidate|boost\n|-unboost|p1a: Empoleon|atk|1\n|-ability|p1a: Empoleon|Competitive|boost\n|-boost|p1a: Empoleon|spa|2\n|turn|42\n|\n|t:|1697841366\n|switch|p1a: Garchomp|Garchomp, F|100\/100\n|move|p2a: Whitebeard|Earthquake|p1a: Garchomp\n|-damage|p1a: Garchomp|41\/100\n|\n|upkeep\n|turn|43\n|\n|t:|1697841390\n|move|p2a: Whitebeard|Earthquake|p1a: Garchomp\n|-damage|p1a: Garchomp|0 fnt\n|faint|p1a: Garchomp\n|\n|upkeep\n|c|\u2606BananaXD|gg\n|\n|t:|1697841395\n|switch|p1a: Empoleon|Empoleon, M|29\/100\n|turn|44\n|\n|t:|1697841399\n|move|p2a: Whitebeard|Earthquake|p1a: Empoleon\n|-supereffective|p1a: Empoleon\n|-crit|p1a: Empoleon\n|-damage|p1a: Empoleon|0 fnt\n|faint|p1a: Empoleon\n|\n|win|BananaXD\n|c|\u2606SiG_GM|Gg\n","uploadtime":1697841405,"views":23,"p1id":"siggm","p2id":"bananaxd","formatid":"gen9ubers","rating":0,"private":0,"password":""}