{"id":"gen9ubers-1977972188","p1":"jaineel","p2":"Blake-Mamba","format":"[Gen 9] Ubers","log":"|j|\u2606jaineel\n|j|\u2606Blake-Mamba\n|t:|1698475899\n|gametype|singles\n|player|p1|jaineel|265|1171\n|player|p2|Blake-Mamba|juan|1314\n|teamsize|p1|6\n|teamsize|p2|6\n|gen|9\n|tier|[Gen 9] Ubers\n|rated|\n|rule|Sleep Clause Mod: Limit one foe put to sleep\n|rule|Species Clause: Limit one of each Pok\u00e9mon\n|rule|OHKO Clause: OHKO moves are banned\n|rule|Evasion Items Clause: Evasion items are banned\n|rule|Evasion Moves Clause: Evasion moves are banned\n|rule|Endless Battle Clause: Forcing endless battles is banned\n|rule|HP Percentage Mod: HP is shown in percentages\n|clearpoke\n|poke|p1|Chien-Pao|\n|poke|p1|Mewtwo|\n|poke|p1|Ribombee, M|\n|poke|p1|Arceus-Ground|\n|poke|p1|Zacian-*|\n|poke|p1|Regieleki|\n|poke|p2|Ogerpon-Hearthflame, F|\n|poke|p2|Vikavolt, F|\n|poke|p2|Kommo-o, F|\n|poke|p2|Ursaluna-Bloodmoon, M|\n|poke|p2|Yanmega, F|\n|poke|p2|Chandelure, M|\n|teampreview\n|inactive|Battle timer is ON: inactive players will automatically lose when time's up. (requested by Blake-Mamba)\n|\n|t:|1698475907\n|start\n|switch|p1a: Chien-Pao|Chien-Pao|100\/100\n|switch|p2a: Vikavolt|Vikavolt, F|100\/100\n|-ability|p1a: Chien-Pao|Sword of Ruin\n|turn|1\n|\n|t:|1698475916\n|move|p1a: Chien-Pao|Ice Spinner|p2a: Vikavolt\n|-damage|p2a: Vikavolt|34\/100\n|-damage|p1a: Chien-Pao|91\/100|[from] item: Life Orb\n|move|p2a: Vikavolt|Sticky Web|p1a: Chien-Pao\n|-sidestart|p1: jaineel|move: Sticky Web\n|\n|upkeep\n|turn|2\n|\n|t:|1698475928\n|switch|p2a: Chandelure|Chandelure, M|100\/100\n|move|p1a: Chien-Pao|Ice Spinner|p2a: Chandelure\n|-resisted|p2a: Chandelure\n|-damage|p2a: Chandelure|52\/100\n|-damage|p1a: Chien-Pao|81\/100|[from] item: Life Orb\n|\n|upkeep\n|turn|3\n|\n|t:|1698475938\n|move|p1a: Chien-Pao|Crunch|p2a: Chandelure\n|-supereffective|p2a: Chandelure\n|-damage|p2a: Chandelure|0 fnt\n|faint|p2a: Chandelure\n|-damage|p1a: Chien-Pao|71\/100|[from] item: Life Orb\n|\n|upkeep\n|\n|t:|1698475944\n|switch|p2a: Kommo-o|Kommo-o, F|100\/100\n|turn|4\n|\n|t:|1698475949\n|-terastallize|p2a: Kommo-o|Steel\n|move|p1a: Chien-Pao|Ice Spinner|p2a: Kommo-o\n|-resisted|p2a: Kommo-o\n|-damage|p2a: Kommo-o|76\/100\n|-damage|p1a: Chien-Pao|61\/100|[from] item: Life Orb\n|move|p2a: Kommo-o|Clangorous Soul|p2a: Kommo-o\n|-boost|p2a: Kommo-o|atk|1\n|-boost|p2a: Kommo-o|def|1\n|-boost|p2a: Kommo-o|spa|1\n|-boost|p2a: Kommo-o|spd|1\n|-boost|p2a: Kommo-o|spe|1\n|-damage|p2a: Kommo-o|43\/100\n|\n|-heal|p2a: Kommo-o|49\/100|[from] item: Leftovers\n|upkeep\n|turn|5\n|\n|t:|1698475963\n|move|p1a: Chien-Pao|Sacred Sword|p2a: Kommo-o\n|-supereffective|p2a: Kommo-o\n|-damage|p2a: Kommo-o|0 fnt\n|faint|p2a: Kommo-o\n|-damage|p1a: Chien-Pao|51\/100|[from] item: Life Orb\n|\n|upkeep\n|\n|t:|1698475970\n|switch|p2a: Yanmega|Yanmega, F, shiny|100\/100\n|turn|6\n|\n|t:|1698475978\n|switch|p1a: Ribombee|Ribombee, M|100\/100\n|-activate|p1a: Ribombee|move: Sticky Web\n|-unboost|p1a: Ribombee|spe|1\n|move|p2a: Yanmega|Protect||[still]\n|-fail|p2a: Yanmega\n|\n|-ability|p2a: Yanmega|Speed Boost|boost\n|-boost|p2a: Yanmega|spe|1\n|upkeep\n|turn|7\n|\n|t:|1698475987\n|move|p2a: Yanmega|Air Slash|p1a: Ribombee|[miss]\n|-miss|p2a: Yanmega|p1a: Ribombee\n|move|p1a: Ribombee|Stun Spore|p2a: Yanmega\n|-status|p2a: Yanmega|par\n|\n|-ability|p2a: Yanmega|Speed Boost|boost\n|-boost|p2a: Yanmega|spe|1\n|upkeep\n|turn|8\n|\n|t:|1698475995\n|move|p2a: Yanmega|Air Slash|p1a: Ribombee\n|-supereffective|p1a: Ribombee\n|-enditem|p1a: Ribombee|Focus Sash\n|-damage|p1a: Ribombee|1\/100\n|move|p1a: Ribombee|Moonblast|p2a: Yanmega\n|-damage|p2a: Yanmega|28\/100 par\n|-unboost|p2a: Yanmega|spa|1\n|\n|-ability|p2a: Yanmega|Speed Boost|boost\n|-boost|p2a: Yanmega|spe|1\n|upkeep\n|turn|9\n|\n|t:|1698476006\n|move|p2a: Yanmega|Bug Buzz|p1a: Ribombee\n|-resisted|p1a: Ribombee\n|-damage|p1a: Ribombee|0 fnt\n|faint|p1a: Ribombee\n|-enditem|p2a: Yanmega|Throat Spray\n|-boost|p2a: Yanmega|spa|1|[from] item: Throat Spray\n|\n|-ability|p2a: Yanmega|Speed Boost|boost\n|-boost|p2a: Yanmega|spe|1\n|upkeep\n|\n|t:|1698476010\n|switch|p1a: Regieleki|Regieleki|100\/100\n|-activate|p1a: Regieleki|move: Sticky Web\n|-unboost|p1a: Regieleki|spe|1\n|turn|10\n|\n|t:|1698476019\n|move|p1a: Regieleki|Extreme Speed|p2a: Yanmega\n|-damage|p2a: Yanmega|6\/100 par\n|move|p2a: Yanmega|Bug Buzz|p1a: Regieleki\n|-crit|p1a: Regieleki\n|-enditem|p1a: Regieleki|Focus Sash\n|-damage|p1a: Regieleki|1\/100\n|-unboost|p1a: Regieleki|spd|1\n|\n|-ability|p2a: Yanmega|Speed Boost|boost\n|-boost|p2a: Yanmega|spe|1\n|upkeep\n|turn|11\n|\n|t:|1698476031\n|move|p1a: Regieleki|Extreme Speed|p2a: Yanmega\n|-damage|p2a: Yanmega|0 fnt\n|faint|p2a: Yanmega\n|\n|upkeep\n|\n|t:|1698476038\n|switch|p2a: Ogerpon|Ogerpon-Hearthflame, F|100\/100\n|-ability|p2a: Ogerpon|Mold Breaker\n|turn|12\n|\n|t:|1698476045\n|-terastallize|p1a: Regieleki|Ice\n|move|p1a: Regieleki|Tera Blast|p2a: Ogerpon|[anim] Tera Blast Ice\n|-damage|p2a: Ogerpon|60\/100\n|move|p2a: Ogerpon|Trailblaze|p1a: Regieleki\n|-damage|p1a: Regieleki|0 fnt\n|-boost|p2a: Ogerpon|spe|1\n|faint|p1a: Regieleki\n|\n|upkeep\n|\n|t:|1698476054\n|switch|p1a: Arceus|Arceus-Ground|100\/100\n|-activate|p1a: Arceus|move: Sticky Web\n|-unboost|p1a: Arceus|spe|1\n|turn|13\n|\n|t:|1698476061\n|move|p1a: Arceus|Extreme Speed|p2a: Ogerpon\n|-damage|p2a: Ogerpon|19\/100\n|move|p2a: Ogerpon|Horn Leech|p1a: Arceus\n|-supereffective|p1a: Arceus\n|-damage|p1a: Arceus|25\/100\n|-heal|p2a: Ogerpon|66\/100|[from] drain|[of] p1a: Arceus\n|\n|upkeep\n|turn|14\n|\n|t:|1698476070\n|move|p2a: Ogerpon|Horn Leech|p1a: Arceus\n|-supereffective|p1a: Arceus\n|-damage|p1a: Arceus|0 fnt\n|-heal|p2a: Ogerpon|82\/100|[from] drain|[of] p1a: Arceus\n|faint|p1a: Arceus\n|\n|upkeep\n|\n|t:|1698476082\n|switch|p1a: Zacian|Zacian-Crowned|100\/100\n|-activate|p1a: Zacian|move: Sticky Web\n|-unboost|p1a: Zacian|spe|1\n|-ability|p1a: Zacian|Intrepid Sword|boost\n|-boost|p1a: Zacian|atk|1\n|turn|15\n|\n|t:|1698476097\n|move|p2a: Ogerpon|Ivy Cudgel|p1a: Zacian\n|-supereffective|p1a: Zacian\n|-damage|p1a: Zacian|0 fnt\n|faint|p1a: Zacian\n|\n|upkeep\n|\n|t:|1698476102\n|switch|p1a: Mewtwo|Mewtwo|100\/100\n|-activate|p1a: Mewtwo|move: Sticky Web\n|-unboost|p1a: Mewtwo|spe|1\n|-ability|p1a: Mewtwo|Pressure\n|turn|16\n|\n|t:|1698476113\n|move|p2a: Ogerpon|Ivy Cudgel|p1a: Mewtwo\n|-damage|p1a: Mewtwo|31\/100\n|move|p1a: Mewtwo|Hurricane|p2a: Ogerpon|[miss]\n|-miss|p1a: Mewtwo|p2a: Ogerpon\n|\n|upkeep\n|turn|17\n|\n|t:|1698476120\n|move|p2a: Ogerpon|Horn Leech|p1a: Mewtwo\n|-damage|p1a: Mewtwo|0 fnt\n|-heal|p2a: Ogerpon|99\/100|[from] drain|[of] p1a: Mewtwo\n|faint|p1a: Mewtwo\n|\n|upkeep\n|-message|jaineel forfeited.\n|\n|win|Blake-Mamba\n|raw|jaineel's rating: 1171 &rarr; <strong>1156<\/strong><br \/>(-15 for losing)\n|raw|Blake-Mamba's rating: 1314 &rarr; <strong>1326<\/strong><br \/>(+12 for winning)\n|l|\u2606jaineel\n","uploadtime":1698476131,"views":17,"p1id":"jaineel","p2id":"blakemamba","formatid":"gen9ubers","rating":1156,"private":0,"password":""}