{"id":"gen9ubers-1983335636","p1":"1P1o1s1h1e1","p2":"JohnLongGone","format":"[Gen 9] Ubers","log":"|j|\u26061P1o1s1h1e1\n|j|\u2606JohnLongGone\n|t:|1699119441\n|gametype|singles\n|player|p1|1P1o1s1h1e1|265|\n|player|p2|JohnLongGone|caitlin|\n|teamsize|p1|6\n|teamsize|p2|6\n|gen|9\n|tier|[Gen 9] Ubers\n|rule|Sleep Clause Mod: Limit one foe put to sleep\n|rule|Species Clause: Limit one of each Pok\u00e9mon\n|rule|OHKO Clause: OHKO moves are banned\n|rule|Evasion Items Clause: Evasion items are banned\n|rule|Evasion Moves Clause: Evasion moves are banned\n|rule|Endless Battle Clause: Forcing endless battles is banned\n|rule|HP Percentage Mod: HP is shown in percentages\n|clearpoke\n|poke|p1|Arceus-Ghost|\n|poke|p1|Magearna|\n|poke|p1|Garganacl, F|\n|poke|p1|Sneasler, M|\n|poke|p1|Cyclizar, M|\n|poke|p1|Gyarados, F|\n|poke|p2|Garchomp, M|\n|poke|p2|Houndstone, F|\n|poke|p2|Hippowdon, F|\n|poke|p2|Magearna|\n|poke|p2|Garganacl, M|\n|poke|p2|Arceus-Grass|\n|teampreview\n|c|\u26061P1o1s1h1e1|ooh nice\n|c|\u26061P1o1s1h1e1|cool variant of sand\n|c|\u26061P1o1s1h1e1|a lot like mine\n|c|\u26061P1o1s1h1e1|gl\n|\n|t:|1699119474\n|start\n|switch|p1a: Sneasler|Sneasler, M|100\/100\n|switch|p2a: Hippowdon|Hippowdon, F|100\/100\n|-weather|Sandstorm|[from] ability: Sand Stream|[of] p2a: Hippowdon\n|turn|1\n|\n|t:|1699119480\n|move|p1a: Sneasler|U-turn|p2a: Hippowdon\n|-damage|p2a: Hippowdon|86\/100\n|\n|t:|1699119487\n|switch|p1a: Cyclizar|Cyclizar, M|100\/100|[from] U-turn\n|move|p2a: Hippowdon|Earthquake|p1a: Cyclizar\n|-damage|p1a: Cyclizar|50\/100\n|\n|-weather|Sandstorm|[upkeep]\n|-damage|p1a: Cyclizar|44\/100|[from] Sandstorm\n|-heal|p2a: Hippowdon|92\/100|[from] item: Leftovers\n|upkeep\n|turn|2\n|inactive|Battle timer is ON: inactive players will automatically lose when time's up. (requested by JohnLongGone)\n|\n|t:|1699119502\n|move|p1a: Cyclizar|Knock Off|p2a: Hippowdon\n|-damage|p2a: Hippowdon|79\/100\n|-enditem|p2a: Hippowdon|Leftovers|[from] move: Knock Off|[of] p1a: Cyclizar\n|move|p2a: Hippowdon|Stealth Rock|p1a: Cyclizar\n|-sidestart|p1: 1P1o1s1h1e1|move: Stealth Rock\n|\n|-weather|Sandstorm|[upkeep]\n|-damage|p1a: Cyclizar|38\/100|[from] Sandstorm\n|upkeep\n|turn|3\n|\n|t:|1699119521\n|switch|p1a: Gyarados|Gyarados, F|100\/100\n|-ability|p1a: Gyarados|Intimidate|boost\n|-unboost|p2a: Hippowdon|atk|1\n|switch|p2a: Garchomp|Garchomp, M|100\/100\n|\n|-weather|Sandstorm|[upkeep]\n|-damage|p1a: Gyarados|94\/100|[from] Sandstorm\n|upkeep\n|turn|4\n|\n|t:|1699119543\n|move|p2a: Garchomp|Swords Dance|p2a: Garchomp\n|-boost|p2a: Garchomp|atk|2\n|move|p1a: Gyarados|Dragon Dance|p1a: Gyarados\n|-boost|p1a: Gyarados|atk|1\n|-boost|p1a: Gyarados|spe|1\n|\n|-weather|Sandstorm|[upkeep]\n|-damage|p1a: Gyarados|88\/100|[from] Sandstorm\n|upkeep\n|turn|5\n|\n|t:|1699119555\n|move|p1a: Gyarados|Waterfall|p2a: Garchomp\n|-damage|p2a: Garchomp|51\/100\n|move|p2a: Garchomp|Scale Shot|p1a: Gyarados\n|-damage|p1a: Gyarados|58\/100\n|-damage|p1a: Gyarados|32\/100\n|-crit|p1a: Gyarados\n|-damage|p1a: Gyarados|0 fnt\n|faint|p1a: Gyarados\n|-hitcount|p1: Gyarados|3\n|-unboost|p2a: Garchomp|def|1\n|-boost|p2a: Garchomp|spe|1\n|\n|-weather|none\n|upkeep\n|\n|t:|1699119560\n|switch|p1a: Sneasler|Sneasler, M|100\/100\n|-damage|p1a: Sneasler|95\/100|[from] Stealth Rock\n|turn|6\n|\n|t:|1699119564\n|move|p1a: Sneasler|Close Combat|p2a: Garchomp\n|-damage|p2a: Garchomp|0 fnt\n|-unboost|p1a: Sneasler|def|1\n|-unboost|p1a: Sneasler|spd|1\n|faint|p2a: Garchomp\n|\n|upkeep\n|\n|t:|1699119570\n|switch|p2a: Hippowdon|Hippowdon, F|79\/100\n|-weather|Sandstorm|[from] ability: Sand Stream|[of] p2a: Hippowdon\n|turn|7\n|\n|t:|1699119583\n|switch|p1a: Garganacl|Garganacl, F|100\/100\n|-damage|p1a: Garganacl|88\/100|[from] Stealth Rock\n|move|p2a: Hippowdon|Earthquake|p1a: Garganacl\n|-supereffective|p1a: Garganacl\n|-damage|p1a: Garganacl|44\/100\n|\n|-weather|Sandstorm|[upkeep]\n|-heal|p1a: Garganacl|50\/100|[from] item: Leftovers\n|upkeep\n|turn|8\n|\n|t:|1699119593\n|switch|p2a: Arceus|Arceus-Grass|100\/100\n|-terastallize|p1a: Garganacl|Ghost\n|move|p1a: Garganacl|Block|p2a: Arceus\n|-activate|p2a: Arceus|trapped\n|\n|-weather|Sandstorm|[upkeep]\n|-damage|p2a: Arceus|94\/100|[from] Sandstorm\n|-damage|p1a: Garganacl|44\/100|[from] Sandstorm\n|-heal|p1a: Garganacl|50\/100|[from] item: Leftovers\n|upkeep\n|turn|9\n|\n|t:|1699119599\n|move|p2a: Arceus|Calm Mind|p2a: Arceus\n|-boost|p2a: Arceus|spa|1\n|-boost|p2a: Arceus|spd|1\n|move|p1a: Garganacl|Recover|p1a: Garganacl\n|-heal|p1a: Garganacl|99\/100\n|\n|-weather|Sandstorm|[upkeep]\n|-damage|p2a: Arceus|88\/100|[from] Sandstorm\n|-damage|p1a: Garganacl|94\/100|[from] Sandstorm\n|-heal|p1a: Garganacl|99\/100|[from] item: Leftovers\n|upkeep\n|turn|10\n|\n|t:|1699119603\n|move|p2a: Arceus|Calm Mind|p2a: Arceus\n|-boost|p2a: Arceus|spa|1\n|-boost|p2a: Arceus|spd|1\n|move|p1a: Garganacl|Curse|p2a: Arceus\n|-start|p2a: Arceus|Curse|[of] p1a: Garganacl\n|-damage|p1a: Garganacl|50\/100\n|\n|-weather|Sandstorm|[upkeep]\n|-damage|p2a: Arceus|82\/100|[from] Sandstorm\n|-damage|p1a: Garganacl|44\/100|[from] Sandstorm\n|-heal|p1a: Garganacl|50\/100|[from] item: Leftovers\n|-damage|p2a: Arceus|57\/100|[from] Curse\n|upkeep\n|turn|11\n|\n|t:|1699119611\n|move|p2a: Arceus|Stored Power|p1a: Garganacl\n|-damage|p1a: Garganacl|2\/100\n|move|p1a: Garganacl|Recover|p1a: Garganacl\n|-heal|p1a: Garganacl|52\/100\n|\n|-weather|none\n|-heal|p1a: Garganacl|59\/100|[from] item: Leftovers\n|-damage|p2a: Arceus|32\/100|[from] Curse\n|upkeep\n|turn|12\n|\n|t:|1699119619\n|move|p2a: Arceus|Recover|p2a: Arceus\n|-heal|p2a: Arceus|82\/100\n|move|p1a: Garganacl|Salt Cure|p2a: Arceus\n|-damage|p2a: Arceus|75\/100\n|-start|p2a: Arceus|Salt Cure\n|\n|-heal|p1a: Garganacl|65\/100|[from] item: Leftovers\n|-damage|p2a: Arceus|50\/100|[from] Curse\n|-damage|p2a: Arceus|38\/100|[from] Salt Cure\n|upkeep\n|turn|13\n|\n|t:|1699119629\n|move|p2a: Arceus|Calm Mind|p2a: Arceus\n|-boost|p2a: Arceus|spa|1\n|-boost|p2a: Arceus|spd|1\n|move|p1a: Garganacl|Recover|p1a: Garganacl\n|-heal|p1a: Garganacl|100\/100\n|\n|-damage|p2a: Arceus|13\/100|[from] Curse\n|-damage|p2a: Arceus|1\/100|[from] Salt Cure\n|upkeep\n|turn|14\n|\n|t:|1699119632\n|move|p2a: Arceus|Stored Power|p1a: Garganacl\n|-damage|p1a: Garganacl|30\/100\n|move|p1a: Garganacl|Salt Cure|p2a: Arceus\n|-damage|p2a: Arceus|0 fnt\n|faint|p2a: Arceus\n|\n|-heal|p1a: Garganacl|37\/100|[from] item: Leftovers\n|upkeep\n|\n|t:|1699119636\n|switch|p2a: Houndstone|Houndstone, F|100\/100\n|turn|15\n|c|\u26061P1o1s1h1e1|holy hell he did it\n|\n|t:|1699119643\n|switch|p1a: Cyclizar|Cyclizar, M|71\/100\n|move|p2a: Houndstone|Last Respects|p1a: Cyclizar\n|-immune|p1a: Cyclizar\n|\n|upkeep\n|turn|16\n|\n|t:|1699119650\n|switch|p2a: Hippowdon|Hippowdon, F|79\/100\n|-weather|Sandstorm|[from] ability: Sand Stream|[of] p2a: Hippowdon\n|move|p1a: Cyclizar|Rapid Spin|p2a: Hippowdon\n|-damage|p2a: Hippowdon|70\/100\n|-boost|p1a: Cyclizar|spe|1\n|-sideend|p1: 1P1o1s1h1e1|Stealth Rock|[from] move: Rapid Spin|[of] p1a: Cyclizar\n|\n|-weather|Sandstorm|[upkeep]\n|-damage|p1a: Cyclizar|65\/100|[from] Sandstorm\n|upkeep\n|turn|17\n|\n|t:|1699119658\n|move|p1a: Cyclizar|Shed Tail|p1a: Cyclizar\n|-start|p1a: Cyclizar|Substitute|[from] move: Shed Tail\n|-damage|p1a: Cyclizar|15\/100\n|\n|t:|1699119663\n|switch|p1a: Garganacl|Garganacl, F, tera:Ghost|37\/100|[from] Shed Tail\n|move|p2a: Hippowdon|Whirlwind|p1a: Garganacl\n|drag|p1a: Arceus|Arceus-Ghost|100\/100\n|\n|-weather|Sandstorm|[upkeep]\n|-damage|p1a: Arceus|94\/100|[from] Sandstorm\n|upkeep\n|turn|18\n|\n|t:|1699119669\n|switch|p2a: Garganacl|Garganacl, M|100\/100\n|move|p1a: Arceus|Roar|p2a: Garganacl\n|drag|p2a: Hippowdon|Hippowdon, F|70\/100\n|\n|-weather|Sandstorm|[upkeep]\n|-damage|p1a: Arceus|88\/100|[from] Sandstorm\n|upkeep\n|turn|19\n|\n|t:|1699119682\n|switch|p1a: Magearna|Magearna|100\/100\n|move|p2a: Hippowdon|Whirlwind|p1a: Magearna\n|drag|p1a: Cyclizar|Cyclizar, M|48\/100\n|\n|-weather|Sandstorm|[upkeep]\n|-damage|p1a: Cyclizar|42\/100|[from] Sandstorm\n|upkeep\n|turn|20\n|\n|t:|1699119699\n|switch|p1a: Arceus|Arceus-Ghost|88\/100\n|switch|p2a: Garganacl|Garganacl, M|100\/100\n|\n|-weather|none\n|upkeep\n|turn|21\n|\n|t:|1699119706\n|move|p2a: Garganacl|Salt Cure|p1a: Arceus\n|-damage|p1a: Arceus|80\/100\n|-start|p1a: Arceus|Salt Cure\n|move|p1a: Arceus|Roar|p2a: Garganacl\n|drag|p2a: Hippowdon|Hippowdon, F|70\/100\n|-weather|Sandstorm|[from] ability: Sand Stream|[of] p2a: Hippowdon\n|\n|-weather|Sandstorm|[upkeep]\n|-damage|p1a: Arceus|73\/100|[from] Sandstorm\n|-damage|p1a: Arceus|61\/100|[from] Salt Cure\n|upkeep\n|turn|22\n|\n|t:|1699119720\n|move|p2a: Hippowdon|Stealth Rock|p1a: Arceus\n|-sidestart|p1: 1P1o1s1h1e1|move: Stealth Rock\n|move|p1a: Arceus|Roar|p2a: Hippowdon\n|drag|p2a: Houndstone|Houndstone, F|100\/100\n|\n|-weather|Sandstorm|[upkeep]\n|-damage|p1a: Arceus|55\/100|[from] Sandstorm\n|-damage|p1a: Arceus|43\/100|[from] Salt Cure\n|upkeep\n|turn|23\n|\n|t:|1699119737\n|move|p2a: Houndstone|Last Respects|p1a: Arceus\n|-supereffective|p1a: Arceus\n|-damage|p1a: Arceus|0 fnt\n|faint|p1a: Arceus\n|\n|-weather|Sandstorm|[upkeep]\n|upkeep\n|\n|t:|1699119742\n|switch|p1a: Cyclizar|Cyclizar, M|75\/100\n|turn|24\n|\n|t:|1699119749\n|switch|p2a: Garganacl|Garganacl, M|100\/100\n|move|p1a: Cyclizar|Shed Tail|p1a: Cyclizar\n|-start|p1a: Cyclizar|Substitute|[from] move: Shed Tail\n|-damage|p1a: Cyclizar|25\/100\n|\n|t:|1699119750\n|switch|p1a: Garganacl|Garganacl, F, tera:Ghost|37\/100|[from] Shed Tail\n|-damage|p1a: Garganacl|24\/100|[from] Stealth Rock\n|\n|-weather|Sandstorm|[upkeep]\n|-damage|p1a: Garganacl|18\/100|[from] Sandstorm\n|-heal|p1a: Garganacl|24\/100|[from] item: Leftovers\n|upkeep\n|turn|25\n|\n|t:|1699119755\n|move|p1a: Garganacl|Recover|p1a: Garganacl\n|-heal|p1a: Garganacl|74\/100\n|move|p2a: Garganacl|Salt Cure|p1a: Garganacl\n|-activate|p1a: Garganacl|move: Substitute|[damage]\n|\n|-weather|none\n|-heal|p1a: Garganacl|80\/100|[from] item: Leftovers\n|upkeep\n|turn|26\n|\n|t:|1699119761\n|move|p1a: Garganacl|Block|p2a: Garganacl\n|-activate|p2a: Garganacl|trapped\n|move|p2a: Garganacl|Salt Cure|p1a: Garganacl\n|-activate|p1a: Garganacl|move: Substitute|[damage]\n|\n|-heal|p1a: Garganacl|87\/100|[from] item: Leftovers\n|upkeep\n|turn|27\n|\n|t:|1699119769\n|move|p2a: Garganacl|Iron Defense|p2a: Garganacl\n|-boost|p2a: Garganacl|def|2\n|move|p1a: Garganacl|Curse|p2a: Garganacl\n|-start|p2a: Garganacl|Curse|[of] p1a: Garganacl\n|-damage|p1a: Garganacl|37\/100\n|\n|-heal|p1a: Garganacl|43\/100|[from] item: Leftovers\n|-damage|p2a: Garganacl|75\/100|[from] Curse\n|upkeep\n|turn|28\n|\n|t:|1699119772\n|move|p1a: Garganacl|Recover|p1a: Garganacl\n|-heal|p1a: Garganacl|93\/100\n|move|p2a: Garganacl|Salt Cure|p1a: Garganacl\n|-end|p1a: Garganacl|Substitute\n|\n|-heal|p1a: Garganacl|99\/100|[from] item: Leftovers\n|-heal|p2a: Garganacl|82\/100|[from] item: Leftovers\n|-damage|p2a: Garganacl|57\/100|[from] Curse\n|upkeep\n|turn|29\n|\n|t:|1699119778\n|move|p1a: Garganacl|Salt Cure|p2a: Garganacl\n|-damage|p2a: Garganacl|53\/100\n|-start|p2a: Garganacl|Salt Cure\n|move|p2a: Garganacl|Salt Cure|p1a: Garganacl\n|-damage|p1a: Garganacl|91\/100\n|-start|p1a: Garganacl|Salt Cure\n|\n|-heal|p1a: Garganacl|97\/100|[from] item: Leftovers\n|-heal|p2a: Garganacl|59\/100|[from] item: Leftovers\n|-damage|p2a: Garganacl|34\/100|[from] Curse\n|-damage|p1a: Garganacl|85\/100|[from] Salt Cure\n|-damage|p2a: Garganacl|22\/100|[from] Salt Cure\n|upkeep\n|turn|30\n|\n|t:|1699119786\n|move|p2a: Garganacl|Recover|p2a: Garganacl\n|-heal|p2a: Garganacl|72\/100\n|move|p1a: Garganacl|Recover|p1a: Garganacl\n|-heal|p1a: Garganacl|100\/100\n|\n|-heal|p2a: Garganacl|78\/100|[from] item: Leftovers\n|-damage|p2a: Garganacl|53\/100|[from] Curse\n|-damage|p1a: Garganacl|88\/100|[from] Salt Cure\n|-damage|p2a: Garganacl|40\/100|[from] Salt Cure\n|upkeep\n|turn|31\n|\n|t:|1699119792\n|move|p1a: Garganacl|Salt Cure|p2a: Garganacl\n|-damage|p2a: Garganacl|36\/100\n|move|p2a: Garganacl|Recover|p2a: Garganacl\n|-heal|p2a: Garganacl|86\/100\n|\n|-heal|p2a: Garganacl|93\/100|[from] item: Leftovers\n|-heal|p1a: Garganacl|94\/100|[from] item: Leftovers\n|-damage|p2a: Garganacl|68\/100|[from] Curse\n|-damage|p1a: Garganacl|82\/100|[from] Salt Cure\n|-damage|p2a: Garganacl|55\/100|[from] Salt Cure\n|upkeep\n|turn|32\n|\n|t:|1699119802\n|move|p1a: Garganacl|Salt Cure|p2a: Garganacl\n|-damage|p2a: Garganacl|51\/100\n|move|p2a: Garganacl|Salt Cure|p1a: Garganacl\n|-damage|p1a: Garganacl|74\/100\n|\n|-heal|p2a: Garganacl|58\/100|[from] item: Leftovers\n|-heal|p1a: Garganacl|80\/100|[from] item: Leftovers\n|-damage|p2a: Garganacl|33\/100|[from] Curse\n|-damage|p2a: Garganacl|20\/100|[from] Salt Cure\n|-damage|p1a: Garganacl|68\/100|[from] Salt Cure\n|upkeep\n|turn|33\n|\n|t:|1699119809\n|move|p2a: Garganacl|Recover|p2a: Garganacl\n|-heal|p2a: Garganacl|70\/100\n|move|p1a: Garganacl|Salt Cure|p2a: Garganacl\n|-damage|p2a: Garganacl|67\/100\n|\n|-heal|p2a: Garganacl|73\/100|[from] item: Leftovers\n|-heal|p1a: Garganacl|74\/100|[from] item: Leftovers\n|-damage|p2a: Garganacl|48\/100|[from] Curse\n|-damage|p1a: Garganacl|61\/100|[from] Salt Cure\n|-damage|p2a: Garganacl|35\/100|[from] Salt Cure\n|upkeep\n|turn|34\n|\n|t:|1699119816\n|move|p1a: Garganacl|Salt Cure|p2a: Garganacl\n|-damage|p2a: Garganacl|32\/100\n|move|p2a: Garganacl|Salt Cure|p1a: Garganacl\n|-damage|p1a: Garganacl|54\/100\n|\n|-heal|p1a: Garganacl|61\/100|[from] item: Leftovers\n|-heal|p2a: Garganacl|38\/100|[from] item: Leftovers\n|-damage|p2a: Garganacl|13\/100|[from] Curse\n|-damage|p1a: Garganacl|48\/100|[from] Salt Cure\n|-damage|p2a: Garganacl|0 fnt|[from] Salt Cure\n|faint|p2a: Garganacl\n|upkeep\n|\n|t:|1699119822\n|switch|p2a: Houndstone|Houndstone, F|100\/100\n|turn|35\n|\n|t:|1699119834\n|switch|p1a: Magearna|Magearna|100\/100\n|-damage|p1a: Magearna|94\/100|[from] Stealth Rock\n|move|p2a: Houndstone|Body Press|p1a: Magearna\n|-damage|p1a: Magearna|72\/100\n|\n|-heal|p1a: Magearna|79\/100|[from] item: Leftovers\n|upkeep\n|turn|36\n|\n|t:|1699119845\n|switch|p2a: Magearna|Magearna|100\/100\n|move|p1a: Magearna|Spikes|p2a: Magearna\n|-sidestart|p2: JohnLongGone|Spikes\n|\n|-heal|p1a: Magearna|85\/100|[from] item: Leftovers\n|upkeep\n|turn|37\n|\n|t:|1699119850\n|move|p2a: Magearna|Spikes|p1a: Magearna\n|-sidestart|p1: 1P1o1s1h1e1|Spikes\n|move|p1a: Magearna|Spikes|p2a: Magearna\n|-sidestart|p2: JohnLongGone|Spikes\n|\n|-heal|p1a: Magearna|91\/100|[from] item: Leftovers\n|upkeep\n|turn|38\n|\n|t:|1699119856\n|move|p1a: Magearna|Encore|p2a: Magearna\n|-start|p2a: Magearna|Encore\n|move|p2a: Magearna|Spikes|p1a: Magearna\n|-sidestart|p1: 1P1o1s1h1e1|Spikes\n|\n|-heal|p1a: Magearna|97\/100|[from] item: Leftovers\n|upkeep\n|turn|39\n|\n|t:|1699119861\n|switch|p1a: Cyclizar|Cyclizar, M|59\/100\n|move|p2a: Magearna|Spikes|p1a: Cyclizar\n|-sidestart|p1: 1P1o1s1h1e1|Spikes\n|\n|upkeep\n|turn|40\n|\n|t:|1699119876\n|move|p1a: Cyclizar|Rapid Spin|p2a: Magearna\n|-resisted|p2a: Magearna\n|-damage|p2a: Magearna|93\/100\n|-boost|p1a: Cyclizar|spe|1\n|-sideend|p1: 1P1o1s1h1e1|Spikes|[from] move: Rapid Spin|[of] p1a: Cyclizar\n|-sideend|p1: 1P1o1s1h1e1|Stealth Rock|[from] move: Rapid Spin|[of] p1a: Cyclizar\n|move|p2a: Magearna|Spikes|p1a: Cyclizar\n|-sidestart|p1: 1P1o1s1h1e1|Spikes\n|\n|-heal|p2a: Magearna|99\/100|[from] item: Leftovers\n|-end|p2a: Magearna|Encore\n|upkeep\n|turn|41\n|\n|t:|1699119900\n|move|p1a: Cyclizar|Shed Tail|p1a: Cyclizar\n|-start|p1a: Cyclizar|Substitute|[from] move: Shed Tail\n|-damage|p1a: Cyclizar|8\/100\n|\n|t:|1699119901\n|switch|p1a: Magearna|Magearna|97\/100|[from] Shed Tail\n|-damage|p1a: Magearna|84\/100|[from] Spikes\n|move|p2a: Magearna|Fleur Cannon|p1a: Magearna\n|-resisted|p1a: Magearna\n|-activate|p1a: Magearna|move: Substitute|[damage]\n|-unboost|p2a: Magearna|spa|2\n|\n|-heal|p1a: Magearna|90\/100|[from] item: Leftovers\n|-heal|p2a: Magearna|100\/100|[from] item: Leftovers\n|upkeep\n|turn|42\n|\n|t:|1699119910\n|move|p2a: Magearna|Spikes|p1a: Magearna\n|-sidestart|p1: 1P1o1s1h1e1|Spikes\n|move|p1a: Magearna|Spikes|p2a: Magearna\n|-sidestart|p2: JohnLongGone|Spikes\n|\n|-heal|p1a: Magearna|96\/100|[from] item: Leftovers\n|upkeep\n|turn|43\n|\n|t:|1699119916\n|move|p1a: Magearna|Encore|p2a: Magearna\n|-start|p2a: Magearna|Encore\n|move|p2a: Magearna|Spikes|p1a: Magearna\n|-sidestart|p1: 1P1o1s1h1e1|Spikes\n|\n|-heal|p1a: Magearna|100\/100|[from] item: Leftovers\n|upkeep\n|turn|44\n|\n|t:|1699119923\n|switch|p2a: Hippowdon|Hippowdon, F|70\/100\n|-damage|p2a: Hippowdon|45\/100|[from] Spikes\n|-weather|Sandstorm|[from] ability: Sand Stream|[of] p2a: Hippowdon\n|move|p1a: Magearna|Fleur Cannon|p2a: Hippowdon\n|-damage|p2a: Hippowdon|0 fnt\n|-unboost|p1a: Magearna|spa|2\n|faint|p2a: Hippowdon\n|-ability|p1a: Magearna|Soul-Heart|boost\n|-boost|p1a: Magearna|spa|1\n|\n|-weather|Sandstorm|[upkeep]\n|upkeep\n|\n|t:|1699119934\n|switch|p2a: Magearna|Magearna|100\/100\n|-damage|p2a: Magearna|75\/100|[from] Spikes\n|turn|45\n|\n|t:|1699119940\n|move|p2a: Magearna|Volt Switch|p1a: Magearna\n|-end|p1a: Magearna|Substitute\n|\n|t:|1699119943\n|switch|p2a: Houndstone|Houndstone, F|100\/100|[from] Volt Switch\n|-damage|p2a: Houndstone|76\/100|[from] Spikes\n|move|p1a: Magearna|Fleur Cannon|p2a: Houndstone\n|-damage|p2a: Houndstone|28\/100\n|-unboost|p1a: Magearna|spa|2\n|\n|-weather|Sandstorm|[upkeep]\n|upkeep\n|turn|46\n|c|\u26061P1o1s1h1e1|ooh\n|\n|t:|1699119953\n|move|p2a: Houndstone|Last Respects|p1a: Magearna\n|-damage|p1a: Magearna|0 fnt\n|faint|p1a: Magearna\n|\n|-weather|Sandstorm|[upkeep]\n|upkeep\n|\n|t:|1699119958\n|switch|p1a: Cyclizar|Cyclizar, M|42\/100\n|turn|47\n|\n|t:|1699119961\n|switch|p2a: Magearna|Magearna|75\/100\n|-damage|p2a: Magearna|50\/100|[from] Spikes\n|move|p1a: Cyclizar|Knock Off|p2a: Magearna\n|-resisted|p2a: Magearna\n|-damage|p2a: Magearna|41\/100\n|-enditem|p2a: Magearna|Leftovers|[from] move: Knock Off|[of] p1a: Cyclizar\n|\n|-weather|Sandstorm|[upkeep]\n|-damage|p1a: Cyclizar|35\/100|[from] Sandstorm\n|upkeep\n|turn|48\n|\n|t:|1699119978\n|move|p1a: Cyclizar|Rapid Spin|p2a: Magearna\n|-resisted|p2a: Magearna\n|-damage|p2a: Magearna|34\/100\n|-boost|p1a: Cyclizar|spe|1\n|-sideend|p1: 1P1o1s1h1e1|Spikes|[from] move: Rapid Spin|[of] p1a: Cyclizar\n|move|p2a: Magearna|Fleur Cannon|p1a: Cyclizar\n|-supereffective|p1a: Cyclizar\n|-damage|p1a: Cyclizar|0 fnt\n|-unboost|p2a: Magearna|spa|2\n|faint|p1a: Cyclizar\n|-ability|p2a: Magearna|Soul-Heart|boost\n|-boost|p2a: Magearna|spa|1\n|\n|-weather|none\n|upkeep\n|\n|t:|1699119984\n|switch|p1a: Sneasler|Sneasler, M|95\/100\n|turn|49\n|\n|t:|1699119990\n|move|p1a: Sneasler|U-turn|p2a: Magearna\n|-resisted|p2a: Magearna\n|-damage|p2a: Magearna|29\/100\n|\n|t:|1699119993\n|switch|p1a: Garganacl|Garganacl, F, tera:Ghost|48\/100|[from] U-turn\n|move|p2a: Magearna|Encore||[still]\n|-fail|p2a: Magearna\n|\n|-heal|p1a: Garganacl|54\/100|[from] item: Leftovers\n|upkeep\n|turn|50\n|\n|t:|1699120004\n|move|p2a: Magearna|Spikes|p1a: Garganacl\n|-sidestart|p1: 1P1o1s1h1e1|Spikes\n|move|p1a: Garganacl|Curse|p2a: Magearna\n|-start|p2a: Magearna|Curse|[of] p1a: Garganacl\n|-damage|p1a: Garganacl|4\/100\n|\n|-heal|p1a: Garganacl|11\/100|[from] item: Leftovers\n|-damage|p2a: Magearna|4\/100|[from] Curse\n|upkeep\n|turn|51\n|\n|t:|1699120014\n|move|p2a: Magearna|Encore|p1a: Garganacl\n|-start|p1a: Garganacl|Encore\n|move|p1a: Garganacl|Curse||[still]\n|-fail|p1a: Garganacl\n|\n|-heal|p1a: Garganacl|17\/100|[from] item: Leftovers\n|-damage|p2a: Magearna|0 fnt|[from] Curse\n|faint|p2a: Magearna\n|upkeep\n|\n|t:|1699120018\n|switch|p2a: Houndstone|Houndstone, F|28\/100\n|-damage|p2a: Houndstone|3\/100|[from] Spikes\n|turn|52\n|\n|t:|1699120023\n|-terastallize|p2a: Houndstone|Ghost\n|move|p2a: Houndstone|Shadow Sneak|p1a: Garganacl\n|-supereffective|p1a: Garganacl\n|-damage|p1a: Garganacl|0 fnt\n|faint|p1a: Garganacl\n|\n|upkeep\n|\n|t:|1699120025\n|switch|p1a: Sneasler|Sneasler, M|95\/100\n|-damage|p1a: Sneasler|82\/100|[from] Spikes\n|turn|53\n|\n|t:|1699120029\n|move|p2a: Houndstone|Shadow Sneak|p1a: Sneasler\n|-damage|p1a: Sneasler|20\/100\n|move|p1a: Sneasler|Lash Out|p2a: Houndstone\n|-supereffective|p2a: Houndstone\n|-damage|p2a: Houndstone|0 fnt\n|faint|p2a: Houndstone\n|\n|win|1P1o1s1h1e1\n|c|\u26061P1o1s1h1e1|gg\n|c|\u26061P1o1s1h1e1|that was a good game!\n|c|\u2606JohnLongGone|gg\n","uploadtime":1699120038,"views":21,"p1id":"1p1o1s1h1e1","p2id":"johnlonggone","formatid":"gen9ubers","rating":0,"private":0,"password":""}