{"id":"gen9ubers-1990524846","p1":"777the man$","p2":"Velocitar32","format":"[Gen 9] Ubers","log":"|j|\u2606777the man$\n|j|\u2606Velocitar32\n|t:|1699978588\n|gametype|singles\n|player|p1|777the man$|volkner|1260\n|player|p2|Velocitar32|silver-masters|1385\n|teamsize|p1|6\n|teamsize|p2|6\n|gen|9\n|tier|[Gen 9] Ubers\n|rated|\n|rule|Sleep Clause Mod: Limit one foe put to sleep\n|rule|Species Clause: Limit one of each Pok\u00e9mon\n|rule|OHKO Clause: OHKO moves are banned\n|rule|Evasion Items Clause: Evasion items are banned\n|rule|Evasion Moves Clause: Evasion moves are banned\n|rule|Endless Battle Clause: Forcing endless battles is banned\n|rule|HP Percentage Mod: HP is shown in percentages\n|clearpoke\n|poke|p1|Miraidon|\n|poke|p1|Basculegion, M|\n|poke|p1|Kyogre|\n|poke|p1|Zacian-*|\n|poke|p1|Baxcalibur, M|\n|poke|p1|Iron Bundle|\n|poke|p2|Arceus-Ground|\n|poke|p2|Annihilape, F|\n|poke|p2|Zacian-*|\n|poke|p2|Miraidon|\n|poke|p2|Koraidon|\n|poke|p2|Rayquaza|\n|teampreview\n|\n|t:|1699978597\n|start\n|switch|p1a: Baxcalibur|Baxcalibur, M|100\/100\n|switch|p2a: Kong|Annihilape, F, shiny|100\/100\n|turn|1\n|\n|t:|1699978604\n|move|p2a: Kong|Taunt|p1a: Baxcalibur\n|-start|p1a: Baxcalibur|move: Taunt\n|cant|p1a: Baxcalibur|move: Taunt|Dragon Dance\n|\n|upkeep\n|turn|2\n|\n|t:|1699978609\n|move|p2a: Kong|Stealth Rock|p1a: Baxcalibur\n|-sidestart|p1: 777the man$|move: Stealth Rock\n|move|p1a: Baxcalibur|Icicle Spear|p2a: Kong\n|-damage|p2a: Kong|84\/100\n|-damage|p2a: Kong|69\/100\n|-damage|p2a: Kong|55\/100\n|-damage|p2a: Kong|40\/100\n|-damage|p2a: Kong|24\/100\n|-hitcount|p2a: Kong|5\n|\n|upkeep\n|turn|3\n|\n|t:|1699978619\n|move|p1a: Baxcalibur|Ice Shard|p2a: Kong\n|-damage|p2a: Kong|0 fnt\n|faint|p2a: Kong\n|\n|-end|p1a: Baxcalibur|move: Taunt\n|upkeep\n|\n|t:|1699978627\n|switch|p2a: Salamander|Koraidon|100\/100\n|-weather|SunnyDay|[from] ability: Orichalcum Pulse|[of] p2a: Salamander\n|-activate|p2a: Salamander|Orichalcum Pulse|[source]\n|turn|4\n|\n|t:|1699978638\n|-terastallize|p2a: Salamander|Fire\n|move|p1a: Baxcalibur|Ice Shard|p2a: Salamander\n|-resisted|p2a: Salamander\n|-damage|p2a: Salamander|89\/100\n|move|p2a: Salamander|Collision Course|p1a: Baxcalibur\n|-supereffective|p1a: Baxcalibur\n|-damage|p1a: Baxcalibur|0 fnt\n|faint|p1a: Baxcalibur\n|\n|-weather|SunnyDay|[upkeep]\n|-heal|p2a: Salamander|96\/100|[from] item: Leftovers\n|upkeep\n|\n|t:|1699978646\n|switch|p1a: Basculegion|Basculegion, M|100\/100\n|-damage|p1a: Basculegion|88\/100|[from] Stealth Rock\n|turn|5\n|\n|t:|1699978655\n|switch|p2a: Laxus|Miraidon|100\/100\n|-fieldstart|move: Electric Terrain|[from] ability: Hadron Engine|[of] p2a: Laxus\n|move|p1a: Basculegion|Wave Crash|p2a: Laxus\n|-resisted|p2a: Laxus\n|-damage|p2a: Laxus|80\/100\n|-damage|p1a: Basculegion|82\/100|[from] Recoil\n|\n|-weather|SunnyDay|[upkeep]\n|upkeep\n|turn|6\n|\n|t:|1699978665\n|switch|p1a: Iron Bundle|Iron Bundle|100\/100\n|-damage|p1a: Iron Bundle|76\/100|[from] Stealth Rock\n|-activate|p1a: Iron Bundle|ability: Quark Drive\n|-start|p1a: Iron Bundle|quarkdrivespe\n|move|p2a: Laxus|Electro Drift|p1a: Iron Bundle\n|-supereffective|p1a: Iron Bundle\n|-damage|p1a: Iron Bundle|0 fnt\n|faint|p1a: Iron Bundle\n|-end|p1a: Iron Bundle|Quark Drive|[silent]\n|\n|-weather|SunnyDay|[upkeep]\n|upkeep\n|\n|t:|1699978669\n|switch|p1a: Miraidon|Miraidon|100\/100\n|-damage|p1a: Miraidon|88\/100|[from] Stealth Rock\n|-activate|p1a: Miraidon|ability: Hadron Engine\n|turn|7\n|\n|t:|1699978683\n|switch|p2a: Dieux|Arceus-Ground, shiny|100\/100\n|move|p1a: Miraidon|Draco Meteor|p2a: Dieux\n|-damage|p2a: Dieux|26\/100\n|-unboost|p1a: Miraidon|spa|2\n|\n|-weather|SunnyDay|[upkeep]\n|upkeep\n|turn|8\n|\n|t:|1699978692\n|move|p1a: Miraidon|Draco Meteor|p2a: Dieux\n|-damage|p2a: Dieux|0 fnt\n|-unboost|p1a: Miraidon|spa|2\n|faint|p2a: Dieux\n|\n|-weather|none\n|upkeep\n|\n|t:|1699978703\n|switch|p2a: Z-sword|Zacian-Crowned, shiny|100\/100\n|-ability|p2a: Z-sword|Intrepid Sword|boost\n|-boost|p2a: Z-sword|atk|1\n|turn|9\n|\n|t:|1699978711\n|switch|p1a: Kyogre|Kyogre|100\/100\n|-damage|p1a: Kyogre|88\/100|[from] Stealth Rock\n|-weather|RainDance|[from] ability: Drizzle|[of] p1a: Kyogre\n|move|p2a: Z-sword|Play Rough|p1a: Kyogre\n|-damage|p1a: Kyogre|15\/100\n|\n|-weather|RainDance|[upkeep]\n|-fieldend|move: Electric Terrain\n|upkeep\n|turn|10\n|\n|t:|1699978721\n|move|p2a: Z-sword|Trailblaze|p1a: Kyogre\n|-supereffective|p1a: Kyogre\n|-damage|p1a: Kyogre|0 fnt\n|-boost|p2a: Z-sword|spe|1\n|faint|p1a: Kyogre\n|\n|-weather|RainDance|[upkeep]\n|upkeep\n|\n|t:|1699978723\n|switch|p1a: Zacian|Zacian-Crowned|100\/100\n|-damage|p1a: Zacian|94\/100|[from] Stealth Rock\n|-ability|p1a: Zacian|Intrepid Sword|boost\n|-boost|p1a: Zacian|atk|1\n|turn|11\n|\n|t:|1699978736\n|move|p2a: Z-sword|Behemoth Blade|p1a: Zacian\n|-damage|p1a: Zacian|18\/100\n|move|p1a: Zacian|Play Rough|p2a: Z-sword\n|-resisted|p2a: Z-sword\n|-damage|p2a: Z-sword|65\/100\n|\n|-weather|RainDance|[upkeep]\n|upkeep\n|turn|12\n|\n|t:|1699978745\n|move|p2a: Z-sword|Behemoth Blade|p1a: Zacian\n|-damage|p1a: Zacian|0 fnt\n|faint|p1a: Zacian\n|\n|-weather|RainDance|[upkeep]\n|upkeep\n|\n|t:|1699978748\n|switch|p1a: Miraidon|Miraidon|88\/100\n|-damage|p1a: Miraidon|76\/100|[from] Stealth Rock\n|-fieldstart|move: Electric Terrain|[from] ability: Hadron Engine|[of] p1a: Miraidon\n|turn|13\n|\n|t:|1699978754\n|move|p2a: Z-sword|Play Rough|p1a: Miraidon\n|-supereffective|p1a: Miraidon\n|-damage|p1a: Miraidon|0 fnt\n|faint|p1a: Miraidon\n|\n|-weather|RainDance|[upkeep]\n|upkeep\n|\n|t:|1699978757\n|switch|p1a: Basculegion|Basculegion, M|82\/100\n|-damage|p1a: Basculegion|70\/100|[from] Stealth Rock\n|turn|14\n|-message|777the man$ forfeited.\n|\n|win|Velocitar32\n|raw|777the man$'s rating: 1260 &rarr; <strong>1244<\/strong><br \/>(-16 for losing)\n|raw|Velocitar32's rating: 1385 &rarr; <strong>1398<\/strong><br \/>(+13 for winning)\n|l|\u2606777the man$\n","uploadtime":1699978802,"views":5,"p1id":"777theman","p2id":"velocitar32","formatid":"gen9ubers","rating":1244,"private":0,"password":""}