{"id":"gen9ubers-1990342216","p1":"eternatus_is_op","p2":"XpokVEVO","format":"[Gen 9] Ubers","log":"|j|\u2606eternatus_is_op\n|j|\u2606XpokVEVO\n|t:|1699959496\n|gametype|singles\n|player|p1|eternatus_is_op|leaf-masters|\n|player|p2|XpokVEVO|rika|\n|teamsize|p1|6\n|teamsize|p2|6\n|gen|9\n|tier|[Gen 9] Ubers\n|rule|Sleep Clause Mod: Limit one foe put to sleep\n|rule|Species Clause: Limit one of each Pok\u00e9mon\n|rule|OHKO Clause: OHKO moves are banned\n|rule|Evasion Items Clause: Evasion items are banned\n|rule|Evasion Moves Clause: Evasion moves are banned\n|rule|Endless Battle Clause: Forcing endless battles is banned\n|rule|HP Percentage Mod: HP is shown in percentages\n|clearpoke\n|poke|p1|Cyclizar, F|\n|poke|p1|Espathra, F|\n|poke|p1|Zacian-*|\n|poke|p1|Roaring Moon|\n|poke|p1|Arceus-Fire|\n|poke|p1|Magearna|\n|poke|p2|Cyclizar, M|\n|poke|p2|Espathra, M|\n|poke|p2|Zacian-*|\n|poke|p2|Arceus-Fire|\n|poke|p2|Magearna|\n|poke|p2|Palafin, F|\n|teampreview\n|inactive|Battle timer is ON: inactive players will automatically lose when time's up. (requested by eternatus_is_op)\n|\n|t:|1699959506\n|start\n|switch|p1a: Vroom Vroom|Cyclizar, F|100\/100\n|switch|p2a: Palafin|Palafin, F|100\/100\n|turn|1\n|\n|t:|1699959518\n|move|p1a: Vroom Vroom|Shed Tail|p1a: Vroom Vroom\n|-start|p1a: Vroom Vroom|Substitute|[from] move: Shed Tail\n|-damage|p1a: Vroom Vroom|50\/100\n|\n|t:|1699959522\n|switch|p1a: Howling Sun|Roaring Moon|100\/100|[from] Shed Tail\n|-enditem|p1a: Howling Sun|Booster Energy\n|-activate|p1a: Howling Sun|ability: Protosynthesis|[fromitem]\n|-start|p1a: Howling Sun|protosynthesisspe\n|move|p2a: Palafin|Flip Turn|p1a: Howling Sun\n|-resisted|p1a: Howling Sun\n|-activate|p1a: Howling Sun|move: Substitute|[damage]\n|inactive|XpokVEVO has 270 seconds left.\n|\n|t:|1699959566\n|detailschange|p2a: Palafin|Palafin-Hero, F\n|switch|p2a: Princess|Zacian, shiny|100\/100|[from] Flip Turn\n|-ability|p2a: Princess|Intrepid Sword|boost\n|-boost|p2a: Princess|atk|1\n|\n|upkeep\n|turn|2\n|\n|t:|1699959574\n|move|p1a: Howling Sun|Dragon Dance|p1a: Howling Sun\n|-boost|p1a: Howling Sun|atk|1\n|-boost|p1a: Howling Sun|spe|1\n|move|p2a: Princess|Play Rough|p1a: Howling Sun\n|-supereffective|p1a: Howling Sun\n|-end|p1a: Howling Sun|Substitute\n|\n|upkeep\n|turn|3\n|inactive|XpokVEVO has 270 seconds left.\n|\n|t:|1699959586\n|-terastallize|p1a: Howling Sun|Flying\n|move|p1a: Howling Sun|Acrobatics|p2a: Princess\n|-damage|p2a: Princess|25\/100\n|move|p2a: Princess|Play Rough|p1a: Howling Sun\n|-damage|p1a: Howling Sun|0 fnt\n|faint|p1a: Howling Sun\n|-end|p1a: Howling Sun|Protosynthesis|[silent]\n|\n|upkeep\n|\n|t:|1699959597\n|switch|p1a: Slay Queen|Zacian, shiny|100\/100\n|-ability|p1a: Slay Queen|Intrepid Sword|boost\n|-boost|p1a: Slay Queen|atk|1\n|turn|4\n|\n|t:|1699959610\n|switch|p2a: Aunt Fanny|Magearna|100\/100\n|move|p1a: Slay Queen|Play Rough|p2a: Aunt Fanny\n|-resisted|p2a: Aunt Fanny\n|-damage|p2a: Aunt Fanny|54\/100\n|-unboost|p2a: Aunt Fanny|atk|1\n|-enditem|p2a: Aunt Fanny|Eject Pack\n|\n|t:|1699959614\n|switch|p2a: Ar\u0441eus-Fighting|Arceus-Fire, shiny|100\/100\n|\n|upkeep\n|turn|5\n|\n|t:|1699959620\n|move|p1a: Slay Queen|Play Rough|p2a: Ar\u0441eus-Fighting\n|-resisted|p2a: Ar\u0441eus-Fighting\n|-damage|p2a: Ar\u0441eus-Fighting|70\/100\n|-unboost|p2a: Ar\u0441eus-Fighting|atk|1\n|move|p2a: Ar\u0441eus-Fighting|Dragon Dance|p2a: Ar\u0441eus-Fighting\n|-boost|p2a: Ar\u0441eus-Fighting|atk|1\n|-boost|p2a: Ar\u0441eus-Fighting|spe|1\n|\n|upkeep\n|turn|6\n|c|\u2606XpokVEVO|WAIT THIS IS JUST MY TEAM\n|c|\u2606eternatus_is_op|Yup\n|c|\u2606eternatus_is_op|Sample teams\n|\n|t:|1699959638\n|switch|p1a: Vroom Vroom|Cyclizar, F|84\/100\n|move|p2a: Ar\u0441eus-Fighting|Dragon Dance|p2a: Ar\u0441eus-Fighting\n|-boost|p2a: Ar\u0441eus-Fighting|atk|1\n|-boost|p2a: Ar\u0441eus-Fighting|spe|1\n|\n|upkeep\n|turn|7\n|\n|t:|1699959644\n|-terastallize|p2a: Ar\u0441eus-Fighting|Fairy\n|move|p2a: Ar\u0441eus-Fighting|Tera Blast|p1a: Vroom Vroom|[anim] Tera Blast Fairy\n|-supereffective|p1a: Vroom Vroom\n|-damage|p1a: Vroom Vroom|0 fnt\n|faint|p1a: Vroom Vroom\n|\n|upkeep\n|\n|t:|1699959650\n|switch|p1a: Ar\u0441eus-Fighting|Arceus-Fire, shiny|100\/100\n|turn|8\n|\n|t:|1699959654\n|move|p2a: Ar\u0441eus-Fighting|Flare Blitz|p1a: Ar\u0441eus-Fighting\n|-resisted|p1a: Ar\u0441eus-Fighting\n|-damage|p1a: Ar\u0441eus-Fighting|64\/100\n|-damage|p2a: Ar\u0441eus-Fighting|58\/100|[from] Recoil\n|move|p1a: Ar\u0441eus-Fighting|Dragon Dance|p1a: Ar\u0441eus-Fighting\n|-boost|p1a: Ar\u0441eus-Fighting|atk|1\n|-boost|p1a: Ar\u0441eus-Fighting|spe|1\n|\n|upkeep\n|turn|9\n|\n|t:|1699959666\n|move|p2a: Ar\u0441eus-Fighting|Dragon Dance|p2a: Ar\u0441eus-Fighting\n|-boost|p2a: Ar\u0441eus-Fighting|atk|1\n|-boost|p2a: Ar\u0441eus-Fighting|spe|1\n|move|p1a: Ar\u0441eus-Fighting|Dragon Dance|p1a: Ar\u0441eus-Fighting\n|-boost|p1a: Ar\u0441eus-Fighting|atk|1\n|-boost|p1a: Ar\u0441eus-Fighting|spe|1\n|\n|upkeep\n|turn|10\n|\n|t:|1699959674\n|move|p2a: Ar\u0441eus-Fighting|Flare Blitz|p1a: Ar\u0441eus-Fighting\n|-resisted|p1a: Ar\u0441eus-Fighting\n|-damage|p1a: Ar\u0441eus-Fighting|11\/100\n|-damage|p2a: Ar\u0441eus-Fighting|40\/100|[from] Recoil\n|move|p1a: Ar\u0441eus-Fighting|Flare Blitz|p2a: Ar\u0441eus-Fighting\n|-damage|p2a: Ar\u0441eus-Fighting|0 fnt\n|faint|p2a: Ar\u0441eus-Fighting\n|-damage|p1a: Ar\u0441eus-Fighting|0 fnt|[from] Recoil\n|faint|p1a: Ar\u0441eus-Fighting\n|\n|upkeep\n|\n|t:|1699959687\n|switch|p1a: Magearn-A|Magearna|100\/100\n|switch|p2a: Palafin|Palafin-Hero, F|100\/100\n|-activate|p2a: Palafin|ability: Zero to Hero\n|turn|11\n|\n|t:|1699959695\n|move|p2a: Palafin|Wave Crash|p1a: Magearn-A\n|-damage|p1a: Magearn-A|0 fnt\n|faint|p1a: Magearn-A\n|-damage|p2a: Palafin|71\/100|[from] Recoil\n|\n|upkeep\n|\n|t:|1699959699\n|switch|p1a: Slay Queen|Zacian, shiny|100\/100\n|turn|12\n|\n|t:|1699959705\n|switch|p2a: Emu War|Espathra, M|100\/100\n|move|p1a: Slay Queen|Play Rough|p2a: Emu War\n|-crit|p2a: Emu War\n|-damage|p2a: Emu War|0 fnt\n|faint|p2a: Emu War\n|\n|upkeep\n|\n|t:|1699959710\n|switch|p2a: Aunt Fanny|Magearna|54\/100\n|turn|13\n|c|\u2606eternatus_is_op|Don't think Crit mattered\n|\n|t:|1699959726\n|switch|p1a: Ostrich thing|Espathra, F|100\/100\n|move|p2a: Aunt Fanny|Volt Switch|p1a: Ostrich thing\n|-damage|p1a: Ostrich thing|63\/100\n|\n|t:|1699959735\n|switch|p2a: Palafin|Palafin-Hero, F|71\/100|[from] Volt Switch\n|\n|-heal|p1a: Ostrich thing|69\/100|[from] item: Leftovers\n|upkeep\n|turn|14\n|\n|t:|1699959741\n|move|p1a: Ostrich thing|Protect|p1a: Ostrich thing\n|-singleturn|p1a: Ostrich thing|Protect\n|move|p2a: Palafin|Jet Punch|p1a: Ostrich thing\n|-activate|p1a: Ostrich thing|move: Protect\n|\n|-heal|p1a: Ostrich thing|75\/100|[from] item: Leftovers\n|-ability|p1a: Ostrich thing|Speed Boost|boost\n|-boost|p1a: Ostrich thing|spe|1\n|upkeep\n|turn|15\n|\n|t:|1699959748\n|move|p2a: Palafin|Jet Punch|p1a: Ostrich thing\n|-damage|p1a: Ostrich thing|21\/100\n|move|p1a: Ostrich thing|Calm Mind|p1a: Ostrich thing\n|-boost|p1a: Ostrich thing|spa|1\n|-boost|p1a: Ostrich thing|spd|1\n|\n|-heal|p1a: Ostrich thing|27\/100|[from] item: Leftovers\n|-ability|p1a: Ostrich thing|Speed Boost|boost\n|-boost|p1a: Ostrich thing|spe|1\n|upkeep\n|turn|16\n|\n|t:|1699959751\n|move|p1a: Ostrich thing|Protect|p1a: Ostrich thing\n|-singleturn|p1a: Ostrich thing|Protect\n|move|p2a: Palafin|Jet Punch|p1a: Ostrich thing\n|-activate|p1a: Ostrich thing|move: Protect\n|\n|-heal|p1a: Ostrich thing|33\/100|[from] item: Leftovers\n|-ability|p1a: Ostrich thing|Speed Boost|boost\n|-boost|p1a: Ostrich thing|spe|1\n|upkeep\n|turn|17\n|\n|t:|1699959756\n|move|p2a: Palafin|Jet Punch|p1a: Ostrich thing\n|-damage|p1a: Ostrich thing|0 fnt\n|faint|p1a: Ostrich thing\n|\n|upkeep\n|\n|t:|1699959758\n|switch|p1a: Slay Queen|Zacian, shiny|100\/100\n|turn|18\n|\n|t:|1699959763\n|move|p2a: Palafin|Jet Punch|p1a: Slay Queen\n|-damage|p1a: Slay Queen|51\/100\n|move|p1a: Slay Queen|Play Rough|p2a: Palafin\n|-damage|p2a: Palafin|15\/100\n|\n|upkeep\n|turn|19\n|\n|t:|1699959765\n|move|p2a: Palafin|Jet Punch|p1a: Slay Queen\n|-damage|p1a: Slay Queen|2\/100\n|move|p1a: Slay Queen|Play Rough|p2a: Palafin\n|-damage|p2a: Palafin|0 fnt\n|faint|p2a: Palafin\n|\n|upkeep\n|c|\u2606XpokVEVO|Gg\n|\n|t:|1699959772\n|switch|p2a: Aunt Fanny|Magearna|54\/100\n|turn|20\n|c|\u2606eternatus_is_op|Gg WP\n|\n|t:|1699959778\n|move|p1a: Slay Queen|Play Rough|p2a: Aunt Fanny\n|-resisted|p2a: Aunt Fanny\n|-damage|p2a: Aunt Fanny|19\/100\n|move|p2a: Aunt Fanny|Volt Switch|p1a: Slay Queen\n|-damage|p1a: Slay Queen|0 fnt\n|faint|p1a: Slay Queen\n|\n|win|XpokVEVO\n","uploadtime":1699959783,"views":14,"p1id":"eternatusisop","p2id":"xpokvevo","formatid":"gen9ubers","rating":0,"private":0,"password":""}