{"id":"gen9ubers-1986098050","p1":"Shadow2054","p2":"ThePuzzler13","format":"[Gen 9] Ubers","log":"|j|\u2606Shadow2054\n|j|\u2606ThePuzzler13\n|t:|1699449841\n|gametype|singles\n|player|p1|Shadow2054|ninjaboy|\n|player|p2|ThePuzzler13|1|\n|teamsize|p1|6\n|teamsize|p2|6\n|gen|9\n|tier|[Gen 9] Ubers\n|rule|Sleep Clause Mod: Limit one foe put to sleep\n|rule|Species Clause: Limit one of each Pok\u00e9mon\n|rule|OHKO Clause: OHKO moves are banned\n|rule|Evasion Items Clause: Evasion items are banned\n|rule|Evasion Moves Clause: Evasion moves are banned\n|rule|Endless Battle Clause: Forcing endless battles is banned\n|rule|HP Percentage Mod: HP is shown in percentages\n|clearpoke\n|poke|p1|Azelf|\n|poke|p1|Espathra, F|\n|poke|p1|Zacian-*|\n|poke|p1|Roaring Moon|\n|poke|p1|Scizor, M|\n|poke|p1|Ursaluna-Bloodmoon, M|\n|poke|p2|Masquerain, F|\n|poke|p2|Arceus-Ice|\n|poke|p2|Gholdengo|\n|poke|p2|Palafin, M|\n|poke|p2|Chi-Yu|\n|poke|p2|Zamazenta-*|\n|teampreview\n|inactive|Battle timer is ON: inactive players will automatically lose when time's up. (requested by ThePuzzler13)\n|c|\u2606Shadow2054|glhf\n|inactive|Shadow2054 has 270 seconds left.\n|\n|t:|1699449878\n|start\n|switch|p1a: Azelf|Azelf|100\/100\n|switch|p2a: Masquerain|Masquerain, F|100\/100\n|-ability|p2a: Masquerain|Intimidate|boost\n|-unboost|p1a: Azelf|atk|1\n|turn|1\n|\n|t:|1699449893\n|move|p1a: Azelf|Taunt|p2a: Masquerain\n|-start|p2a: Masquerain|move: Taunt\n|cant|p2a: Masquerain|move: Taunt|Sticky Web\n|\n|upkeep\n|turn|2\n|\n|t:|1699449898\n|move|p1a: Azelf|Stealth Rock|p2a: Masquerain\n|-sidestart|p2: ThePuzzler13|move: Stealth Rock\n|move|p2a: Masquerain|Bug Buzz|p1a: Azelf\n|-supereffective|p1a: Azelf\n|-enditem|p1a: Azelf|Focus Sash\n|-damage|p1a: Azelf|1\/100\n|\n|upkeep\n|turn|3\n|\n|t:|1699449906\n|move|p1a: Azelf|Knock Off|p2a: Masquerain\n|-damage|p2a: Masquerain|59\/100\n|-enditem|p2a: Masquerain|Focus Sash|[from] move: Knock Off|[of] p1a: Azelf\n|move|p2a: Masquerain|Bug Buzz|p1a: Azelf\n|-supereffective|p1a: Azelf\n|-damage|p1a: Azelf|0 fnt\n|faint|p1a: Azelf\n|\n|-end|p2a: Masquerain|move: Taunt\n|upkeep\n|\n|t:|1699449936\n|switch|p1a: Roaring Moon|Roaring Moon|100\/100\n|-enditem|p1a: Roaring Moon|Booster Energy\n|-activate|p1a: Roaring Moon|ability: Protosynthesis|[fromitem]\n|-start|p1a: Roaring Moon|protosynthesisatk\n|turn|4\n|\n|t:|1699449940\n|-terastallize|p1a: Roaring Moon|Flying\n|move|p1a: Roaring Moon|Substitute|p1a: Roaring Moon\n|-start|p1a: Roaring Moon|Substitute\n|-damage|p1a: Roaring Moon|76\/100\n|move|p2a: Masquerain|Sticky Web|p1a: Roaring Moon\n|-sidestart|p1: Shadow2054|move: Sticky Web\n|\n|upkeep\n|turn|5\n|\n|t:|1699449953\n|move|p1a: Roaring Moon|Dragon Dance|p1a: Roaring Moon\n|-boost|p1a: Roaring Moon|atk|1\n|-boost|p1a: Roaring Moon|spe|1\n|move|p2a: Masquerain|Bug Buzz|p1a: Roaring Moon\n|-resisted|p1a: Roaring Moon\n|-crit|p1a: Roaring Moon\n|-damage|p1a: Roaring Moon|46\/100\n|\n|upkeep\n|turn|6\n|\n|t:|1699449975\n|move|p1a: Roaring Moon|Acrobatics|p2a: Masquerain\n|-supereffective|p2a: Masquerain\n|-damage|p2a: Masquerain|0 fnt\n|faint|p2a: Masquerain\n|\n|upkeep\n|\n|t:|1699449980\n|switch|p2a: Palafin|Palafin, M|100\/100\n|-damage|p2a: Palafin|88\/100|[from] Stealth Rock\n|turn|7\n|\n|t:|1699449984\n|move|p1a: Roaring Moon|Knock Off|p2a: Palafin\n|-damage|p2a: Palafin|0 fnt\n|-enditem|p2a: Palafin|Choice Band|[from] move: Knock Off|[of] p1a: Roaring Moon\n|faint|p2a: Palafin\n|\n|upkeep\n|\n|t:|1699449994\n|switch|p2a: Gholdengo|Gholdengo|100\/100\n|-damage|p2a: Gholdengo|94\/100|[from] Stealth Rock\n|turn|8\n|\n|t:|1699449998\n|move|p1a: Roaring Moon|Knock Off|p2a: Gholdengo\n|-supereffective|p2a: Gholdengo\n|-damage|p2a: Gholdengo|0 fnt\n|-enditem|p2a: Gholdengo|Choice Scarf|[from] move: Knock Off|[of] p1a: Roaring Moon\n|faint|p2a: Gholdengo\n|\n|upkeep\n|\n|t:|1699450002\n|switch|p2a: Arceus|Arceus-Ice|100\/100\n|-damage|p2a: Arceus|76\/100|[from] Stealth Rock\n|turn|9\n|\n|t:|1699450007\n|move|p1a: Roaring Moon|Acrobatics|p2a: Arceus\n|-damage|p2a: Arceus|0 fnt\n|faint|p2a: Arceus\n|\n|upkeep\n|\n|t:|1699450010\n|switch|p2a: Chi-Yu|Chi-Yu|100\/100\n|-damage|p2a: Chi-Yu|76\/100|[from] Stealth Rock\n|-ability|p2a: Chi-Yu|Beads of Ruin\n|turn|10\n|\n|t:|1699450015\n|move|p1a: Roaring Moon|Acrobatics|p2a: Chi-Yu\n|-damage|p2a: Chi-Yu|0 fnt\n|faint|p2a: Chi-Yu\n|\n|upkeep\n|\n|t:|1699450017\n|switch|p2a: Zamazenta|Zamazenta-Crowned|100\/100\n|-damage|p2a: Zamazenta|97\/100|[from] Stealth Rock\n|-ability|p2a: Zamazenta|Dauntless Shield|boost\n|-boost|p2a: Zamazenta|def|1\n|turn|11\n|\n|t:|1699450027\n|move|p1a: Roaring Moon|Acrobatics|p2a: Zamazenta\n|-damage|p2a: Zamazenta|56\/100\n|move|p2a: Zamazenta|Substitute|p2a: Zamazenta\n|-start|p2a: Zamazenta|Substitute\n|-damage|p2a: Zamazenta|31\/100\n|\n|upkeep\n|turn|12\n|\n|t:|1699450034\n|move|p1a: Roaring Moon|Acrobatics|p2a: Zamazenta\n|-end|p2a: Zamazenta|Substitute\n|move|p2a: Zamazenta|Iron Defense|p2a: Zamazenta\n|-boost|p2a: Zamazenta|def|2\n|\n|upkeep\n|turn|13\n|\n|t:|1699450045\n|move|p1a: Roaring Moon|Acrobatics|p2a: Zamazenta\n|-damage|p2a: Zamazenta|9\/100\n|move|p2a: Zamazenta|Body Press|p1a: Roaring Moon\n|-resisted|p1a: Roaring Moon\n|-end|p1a: Roaring Moon|Substitute\n|\n|upkeep\n|turn|14\n|\n|t:|1699450052\n|move|p1a: Roaring Moon|Acrobatics|p2a: Zamazenta\n|-damage|p2a: Zamazenta|0 fnt\n|faint|p2a: Zamazenta\n|\n|win|Shadow2054\n|c|\u2606ThePuzzler13|gg\n|c|\u2606Shadow2054|gg\n|c|\u2606ThePuzzler13|winner uploads replays\n|c|\u2606Shadow2054|yup\n|c|\u2606ThePuzzler13|rematch?\n|c|\u2606ThePuzzler13|round2\n|l|\u2606ThePuzzler13\n","uploadtime":1699450057,"views":60,"p1id":"shadow2054","p2id":"thepuzzler13","formatid":"gen9ubers","rating":0,"private":0,"password":""}