{"id":"gen9ubers-1999271666","p1":"ositogg99","p2":"Cindebol","format":"[Gen 9] Ubers","log":"|j|\u2606ositogg99\n|j|\u2606Cindebol\n|t:|1701053369\n|gametype|singles\n|player|p1|ositogg99|pokekid|\n|player|p2|Cindebol|calem-masters|\n|teamsize|p1|6\n|teamsize|p2|6\n|gen|9\n|tier|[Gen 9] Ubers\n|rule|Sleep Clause Mod: Limit one foe put to sleep\n|rule|Species Clause: Limit one of each Pok\u00e9mon\n|rule|OHKO Clause: OHKO moves are banned\n|rule|Evasion Items Clause: Evasion items are banned\n|rule|Evasion Moves Clause: Evasion moves are banned\n|rule|Endless Battle Clause: Forcing endless battles is banned\n|rule|HP Percentage Mod: HP is shown in percentages\n|clearpoke\n|poke|p1|Iron Bundle|\n|poke|p1|Volcarona, F|\n|poke|p1|Ogerpon-Wellspring, F|\n|poke|p1|Clodsire, F|\n|poke|p1|Kingambit, F|\n|poke|p1|Chien-Pao|\n|poke|p2|Annihilape, M|\n|poke|p2|Flutter Mane|\n|poke|p2|Chi-Yu|\n|poke|p2|Clodsire, F|\n|poke|p2|Tinkaton, F|\n|poke|p2|Ogerpon-Wellspring, F|\n|teampreview\n|c|\u2606ositogg99|Mucha suerte\n|c|\u2606Cindebol|igual a ti\n|c|\u2606ositogg99|esperamos a joan verdad ?\n|c|\u2606Cindebol|sicat\n|c|\u2606ositogg99|Me esperas olvide poner a BlUwU en shiny\n|c|\u2606ositogg99|oh bueno dejalo\n|c|\u2606ositogg99|dios perdon es que ando jodido de nervios\n|j| Spem53\n|c| Spem53|Suerte a ambos\n|c| Spem53|Veamos quien aprendio mejor\n|c| Spem53|Les toca\n|c| Spem53|Suerte a ambos\n|c|\u2606Cindebol|a darle\n|\n|t:|1701053775\n|start\n|switch|p1a: El Diego|Chien-Pao|100\/100\n|switch|p2a: Bluwu|Clodsire, F|100\/100\n|-ability|p1a: El Diego|Sword of Ruin\n|turn|1\n|\n|t:|1701053823\n|switch|p2a: Chara|Tinkaton, F|100\/100\n|-ability|p2a: Chara|Mold Breaker\n|move|p1a: El Diego|Taunt|p2a: Chara\n|-start|p2a: Chara|move: Taunt\n|\n|upkeep\n|turn|2\n|\n|t:|1701053832\n|switch|p1a: BlUwU GOD|Clodsire, F|100\/100\n|move|p2a: Chara|Gigaton Hammer|p1a: BlUwU GOD\n|-damage|p1a: BlUwU GOD|42\/100\n|\n|-heal|p1a: BlUwU GOD|49\/100|[from] item: Leftovers\n|upkeep\n|turn|3\n|\n|t:|1701053842\n|move|p2a: Chara|Knock Off|p1a: BlUwU GOD\n|-damage|p1a: BlUwU GOD|27\/100\n|-enditem|p1a: BlUwU GOD|Leftovers|[from] move: Knock Off|[of] p2a: Chara\n|move|p1a: BlUwU GOD|Recover|p1a: BlUwU GOD\n|-heal|p1a: BlUwU GOD|77\/100\n|\n|-end|p2a: Chara|move: Taunt\n|upkeep\n|turn|4\n|\n|t:|1701053893\n|move|p2a: Chara|Gigaton Hammer|p1a: BlUwU GOD\n|-damage|p1a: BlUwU GOD|25\/100\n|move|p1a: BlUwU GOD|Stealth Rock|p2a: Chara\n|-sidestart|p2: Cindebol|move: Stealth Rock\n|\n|upkeep\n|turn|5\n|\n|t:|1701053901\n|move|p2a: Chara|Knock Off|p1a: BlUwU GOD\n|-damage|p1a: BlUwU GOD|11\/100\n|move|p1a: BlUwU GOD|Recover|p1a: BlUwU GOD\n|-heal|p1a: BlUwU GOD|61\/100\n|\n|upkeep\n|turn|6\n|\n|t:|1701053909\n|move|p2a: Chara|Gigaton Hammer|p1a: BlUwU GOD\n|-damage|p1a: BlUwU GOD|5\/100\n|move|p1a: BlUwU GOD|Recover|p1a: BlUwU GOD\n|-heal|p1a: BlUwU GOD|55\/100\n|\n|upkeep\n|turn|7\n|\n|t:|1701053928\n|switch|p2a: Bluwu|Clodsire, F|100\/100\n|-damage|p2a: Bluwu|94\/100|[from] Stealth Rock\n|switch|p1a: Volcabrona|Volcarona, F|100\/100\n|\n|-heal|p2a: Bluwu|100\/100|[from] item: Black Sludge\n|upkeep\n|turn|8\n|\n|t:|1701053939\n|move|p1a: Volcabrona|Quiver Dance|p1a: Volcabrona\n|-boost|p1a: Volcabrona|spa|1\n|-boost|p1a: Volcabrona|spd|1\n|-boost|p1a: Volcabrona|spe|1\n|move|p2a: Bluwu|Yawn|p1a: Volcabrona\n|-start|p1a: Volcabrona|move: Yawn|[of] p2a: Bluwu\n|\n|upkeep\n|turn|9\n|\n|t:|1701053968\n|switch|p1a: El Diego|Chien-Pao|100\/100\n|-ability|p1a: El Diego|Sword of Ruin\n|move|p2a: Bluwu|Earthquake|p1a: El Diego\n|-damage|p1a: El Diego|60\/100\n|\n|upkeep\n|turn|10\n|j| MemoG15\n|\n|t:|1701054016\n|switch|p2a: Chara|Tinkaton, F|100\/100\n|-damage|p2a: Chara|95\/100|[from] Stealth Rock\n|-ability|p2a: Chara|Mold Breaker\n|move|p1a: El Diego|Sacred Sword|p2a: Chara\n|-damage|p2a: Chara|59\/100\n|\n|-heal|p2a: Chara|65\/100|[from] item: Leftovers\n|upkeep\n|turn|11\n|\n|t:|1701054028\n|switch|p1a: BlUwU GOD|Clodsire, F|55\/100\n|move|p2a: Chara|Gigaton Hammer|p1a: BlUwU GOD\n|-damage|p1a: BlUwU GOD|0 fnt\n|faint|p1a: BlUwU GOD\n|\n|-heal|p2a: Chara|71\/100|[from] item: Leftovers\n|upkeep\n|\n|t:|1701054034\n|switch|p1a: Volcabrona|Volcarona, F|100\/100\n|turn|12\n|\n|t:|1701054080\n|switch|p2a: Bluwu|Clodsire, F|100\/100\n|-damage|p2a: Bluwu|94\/100|[from] Stealth Rock\n|move|p1a: Volcabrona|Quiver Dance|p1a: Volcabrona\n|-boost|p1a: Volcabrona|spa|1\n|-boost|p1a: Volcabrona|spd|1\n|-boost|p1a: Volcabrona|spe|1\n|\n|-heal|p2a: Bluwu|100\/100|[from] item: Black Sludge\n|upkeep\n|turn|13\n|\n|t:|1701054094\n|move|p1a: Volcabrona|Giga Drain|p2a: Bluwu\n|-damage|p2a: Bluwu|75\/100\n|move|p2a: Bluwu|Yawn|p1a: Volcabrona\n|-start|p1a: Volcabrona|move: Yawn|[of] p2a: Bluwu\n|\n|-heal|p2a: Bluwu|81\/100|[from] item: Black Sludge\n|upkeep\n|turn|14\n|\n|t:|1701054104\n|switch|p1a: SherkdeAliexpress|Ogerpon-Wellspring, F|100\/100\n|move|p2a: Bluwu|Earthquake|p1a: SherkdeAliexpress\n|-resisted|p1a: SherkdeAliexpress\n|-damage|p1a: SherkdeAliexpress|83\/100\n|\n|-heal|p2a: Bluwu|88\/100|[from] item: Black Sludge\n|upkeep\n|turn|15\n|\n|t:|1701054122\n|move|p1a: SherkdeAliexpress|Swords Dance|p1a: SherkdeAliexpress\n|-boost|p1a: SherkdeAliexpress|atk|2\n|move|p2a: Bluwu|Yawn|p1a: SherkdeAliexpress\n|-start|p1a: SherkdeAliexpress|move: Yawn|[of] p2a: Bluwu\n|\n|-heal|p2a: Bluwu|94\/100|[from] item: Black Sludge\n|upkeep\n|turn|16\n|\n|t:|1701054144\n|switch|p2a: Chara|Tinkaton, F|71\/100\n|-damage|p2a: Chara|65\/100|[from] Stealth Rock\n|-ability|p2a: Chara|Mold Breaker\n|move|p1a: SherkdeAliexpress|Horn Leech|p2a: Chara\n|-resisted|p2a: Chara\n|-damage|p2a: Chara|30\/100\n|-heal|p1a: SherkdeAliexpress|100\/100|[from] drain|[of] p2a: Chara\n|\n|-heal|p2a: Chara|36\/100|[from] item: Leftovers\n|-end|p1a: SherkdeAliexpress|move: Yawn|[silent]\n|-status|p1a: SherkdeAliexpress|slp\n|upkeep\n|turn|17\n|\n|t:|1701054165\n|cant|p1a: SherkdeAliexpress|slp\n|move|p2a: Chara|Thunder Wave||[still]\n|-fail|p2a: Chara\n|\n|-heal|p2a: Chara|42\/100|[from] item: Leftovers\n|upkeep\n|turn|18\n|\n|t:|1701054178\n|cant|p1a: SherkdeAliexpress|slp\n|move|p2a: Chara|Thunder Wave||[still]\n|-fail|p2a: Chara\n|\n|-heal|p2a: Chara|48\/100|[from] item: Leftovers\n|upkeep\n|turn|19\n|j| Lmanco\n|\n|t:|1701054220\n|-curestatus|p1a: SherkdeAliexpress|slp|[msg]\n|move|p1a: SherkdeAliexpress|Horn Leech|p2a: Chara\n|-resisted|p2a: Chara\n|-damage|p2a: Chara|9\/100\n|move|p2a: Chara|Thunder Wave|p1a: SherkdeAliexpress\n|-status|p1a: SherkdeAliexpress|par\n|\n|-heal|p2a: Chara|15\/100|[from] item: Leftovers\n|upkeep\n|turn|20\n|\n|t:|1701054231\n|move|p2a: Chara|Gigaton Hammer|p1a: SherkdeAliexpress\n|-resisted|p1a: SherkdeAliexpress\n|-damage|p1a: SherkdeAliexpress|70\/100 par\n|move|p1a: SherkdeAliexpress|Horn Leech|p2a: Chara\n|-resisted|p2a: Chara\n|-damage|p2a: Chara|0 fnt\n|-heal|p1a: SherkdeAliexpress|78\/100 par|[from] drain|[of] p2a: Chara\n|faint|p2a: Chara\n|\n|upkeep\n|l| MemoG15\n|inactive|Battle timer is ON: inactive players will automatically lose when time's up. (requested by ositogg99)\n|c|\u2606Cindebol|esperaaa\n|c|\u2606Cindebol|dejame pensar\n|\n|t:|1701054282\n|switch|p2a: ESENCIA|Annihilape, M|100\/100\n|-damage|p2a: ESENCIA|94\/100|[from] Stealth Rock\n|turn|21\n|\n|t:|1701054289\n|-terastallize|p2a: ESENCIA|Grass\n|move|p2a: ESENCIA|Bulk Up|p2a: ESENCIA\n|-boost|p2a: ESENCIA|atk|1\n|-boost|p2a: ESENCIA|def|1\n|move|p1a: SherkdeAliexpress|Play Rough|p2a: ESENCIA\n|-damage|p2a: ESENCIA|55\/100\n|\n|upkeep\n|turn|22\n|\n|t:|1701054307\n|move|p2a: ESENCIA|Drain Punch|p1a: SherkdeAliexpress\n|-damage|p1a: SherkdeAliexpress|13\/100 par\n|-heal|p2a: ESENCIA|78\/100|[from] drain|[of] p1a: SherkdeAliexpress\n|move|p1a: SherkdeAliexpress|Play Rough|p2a: ESENCIA\n|-damage|p2a: ESENCIA|37\/100\n|-enditem|p2a: ESENCIA|Sitrus Berry|[eat]\n|-heal|p2a: ESENCIA|62\/100|[from] item: Sitrus Berry\n|\n|upkeep\n|turn|23\n|\n|t:|1701054317\n|move|p2a: ESENCIA|Drain Punch|p1a: SherkdeAliexpress\n|-damage|p1a: SherkdeAliexpress|0 fnt\n|-heal|p2a: ESENCIA|67\/100|[from] drain|[of] p1a: SherkdeAliexpress\n|faint|p1a: SherkdeAliexpress\n|\n|upkeep\n|\n|t:|1701054326\n|switch|p1a: Santa Bird|Iron Bundle|100\/100\n|-enditem|p1a: Santa Bird|Booster Energy\n|-activate|p1a: Santa Bird|ability: Quark Drive|[fromitem]\n|-start|p1a: Santa Bird|quarkdrivespe\n|turn|24\n|\n|t:|1701054351\n|move|p1a: Santa Bird|Freeze-Dry|p2a: ESENCIA\n|-supereffective|p2a: ESENCIA\n|-damage|p2a: ESENCIA|8\/100\n|move|p2a: ESENCIA|Drain Punch|p1a: Santa Bird\n|-supereffective|p1a: Santa Bird\n|-damage|p1a: Santa Bird|0 fnt\n|-heal|p2a: ESENCIA|38\/100|[from] drain|[of] p1a: Santa Bird\n|faint|p1a: Santa Bird\n|-end|p1a: Santa Bird|Quark Drive|[silent]\n|\n|upkeep\n|\n|t:|1701054361\n|switch|p1a: El Diego|Chien-Pao|60\/100\n|-ability|p1a: El Diego|Sword of Ruin\n|turn|25\n|\n|t:|1701054380\n|move|p1a: El Diego|Icicle Crash|p2a: ESENCIA\n|-supereffective|p2a: ESENCIA\n|-damage|p2a: ESENCIA|0 fnt\n|faint|p2a: ESENCIA\n|\n|upkeep\n|\n|t:|1701054389\n|switch|p2a: Darnell|Chi-Yu|100\/100\n|-damage|p2a: Darnell|76\/100|[from] Stealth Rock\n|-ability|p2a: Darnell|Beads of Ruin\n|turn|26\n|\n|t:|1701054411\n|move|p2a: Darnell|Flamethrower|p1a: El Diego\n|-supereffective|p1a: El Diego\n|-damage|p1a: El Diego|0 fnt\n|faint|p1a: El Diego\n|\n|upkeep\n|\n|t:|1701054416\n|switch|p1a: Volcabrona|Volcarona, F|100\/100\n|turn|27\n|\n|t:|1701054434\n|switch|p2a: Bluwu|Clodsire, F|94\/100\n|-damage|p2a: Bluwu|88\/100|[from] Stealth Rock\n|move|p1a: Volcabrona|Bug Buzz|p2a: Bluwu\n|-resisted|p2a: Bluwu\n|-damage|p2a: Bluwu|73\/100\n|\n|-heal|p2a: Bluwu|79\/100|[from] item: Black Sludge\n|upkeep\n|turn|28\n|\n|t:|1701054446\n|move|p1a: Volcabrona|Fiery Dance|p2a: Bluwu\n|-damage|p2a: Bluwu|54\/100\n|-boost|p1a: Volcabrona|spa|1\n|move|p2a: Bluwu|Yawn|p1a: Volcabrona\n|-start|p1a: Volcabrona|move: Yawn|[of] p2a: Bluwu\n|\n|-heal|p2a: Bluwu|60\/100|[from] item: Black Sludge\n|upkeep\n|turn|29\n|\n|t:|1701054455\n|move|p1a: Volcabrona|Fiery Dance|p2a: Bluwu\n|-damage|p2a: Bluwu|24\/100\n|move|p2a: Bluwu|Recover|p2a: Bluwu\n|-heal|p2a: Bluwu|74\/100\n|\n|-heal|p2a: Bluwu|80\/100|[from] item: Black Sludge\n|-end|p1a: Volcabrona|move: Yawn|[silent]\n|-status|p1a: Volcabrona|slp\n|upkeep\n|turn|30\n|\n|t:|1701054468\n|cant|p1a: Volcabrona|slp\n|move|p2a: Bluwu|Earthquake|p1a: Volcabrona\n|-damage|p1a: Volcabrona|55\/100 slp\n|\n|-heal|p2a: Bluwu|87\/100|[from] item: Black Sludge\n|upkeep\n|turn|31\n|\n|t:|1701054480\n|cant|p1a: Volcabrona|slp\n|move|p2a: Bluwu|Haze|p2a: Bluwu\n|-clearallboost\n|\n|-heal|p2a: Bluwu|93\/100|[from] item: Black Sludge\n|upkeep\n|turn|32\n|\n|t:|1701054487\n|-curestatus|p1a: Volcabrona|slp|[msg]\n|move|p1a: Volcabrona|Fiery Dance|p2a: Bluwu\n|-damage|p2a: Bluwu|69\/100\n|move|p2a: Bluwu|Earthquake|p1a: Volcabrona\n|-damage|p1a: Volcabrona|13\/100\n|\n|-heal|p2a: Bluwu|76\/100|[from] item: Black Sludge\n|upkeep\n|turn|33\n|\n|t:|1701054505\n|move|p1a: Volcabrona|Fiery Dance|p2a: Bluwu\n|-damage|p2a: Bluwu|52\/100\n|-boost|p1a: Volcabrona|spa|1\n|move|p2a: Bluwu|Earthquake|p1a: Volcabrona\n|-crit|p1a: Volcabrona\n|-damage|p1a: Volcabrona|0 fnt\n|faint|p1a: Volcabrona\n|\n|-heal|p2a: Bluwu|58\/100|[from] item: Black Sludge\n|upkeep\n|\n|t:|1701054514\n|switch|p1a: Hacke|Kingambit, F|100\/100\n|-activate|p1a: Hacke|ability: Supreme Overlord\n|-start|p1a: Hacke|fallen5|[silent]\n|turn|34\n|\n|t:|1701054538\n|-terastallize|p1a: Hacke|Dark\n|move|p1a: Hacke|Kowtow Cleave|p2a: Bluwu\n|-damage|p2a: Bluwu|0 fnt\n|faint|p2a: Bluwu\n|-damage|p1a: Hacke|91\/100|[from] item: Life Orb\n|\n|upkeep\n|\n|t:|1701054550\n|switch|p2a: phanterlina|Flutter Mane|100\/100\n|-damage|p2a: phanterlina|88\/100|[from] Stealth Rock\n|-enditem|p2a: phanterlina|Booster Energy\n|-activate|p2a: phanterlina|ability: Protosynthesis|[fromitem]\n|-start|p2a: phanterlina|protosynthesisspe\n|turn|35\n|c|\u2606ositogg99|no llevo sucker punch\n|\n|t:|1701054559\n|move|p1a: Hacke|Sucker Punch|p2a: phanterlina\n|-damage|p2a: phanterlina|0 fnt\n|faint|p2a: phanterlina\n|-end|p2a: phanterlina|Protosynthesis|[silent]\n|-damage|p1a: Hacke|81\/100|[from] item: Life Orb\n|\n|upkeep\n|c|\u2606Cindebol|me barres\n|c|\u2606ositogg99|quien sabe\n|c|\u2606Cindebol|no me bromees\n|inactive|Cindebol has 270 seconds left.\n|c|\u2606Cindebol|es evidente\n|\n|t:|1701054589\n|switch|p2a: Darnell|Chi-Yu|76\/100\n|-damage|p2a: Darnell|51\/100|[from] Stealth Rock\n|-ability|p2a: Darnell|Beads of Ruin\n|turn|36\n|\n|t:|1701054597\n|switch|p2a: Cintianya|Ogerpon-Wellspring, F|100\/100\n|-damage|p2a: Cintianya|88\/100|[from] Stealth Rock\n|move|p1a: Hacke|Sucker Punch||[still]\n|-fail|p1a: Hacke\n|\n|upkeep\n|turn|37\n|\n|t:|1701054605\n|move|p2a: Cintianya|Taunt|p1a: Hacke\n|-start|p1a: Hacke|move: Taunt\n|move|p1a: Hacke|X-Scissor|p2a: Cintianya\n|-supereffective|p2a: Cintianya\n|-damage|p2a: Cintianya|0 fnt\n|faint|p2a: Cintianya\n|-damage|p1a: Hacke|71\/100|[from] item: Life Orb\n|\n|upkeep\n|c|\u2606ositogg99|noooo cabron\n|c|\u2606Cindebol|que mala miaaaaaaaaaa\n|c|\u2606ositogg99|todo a un turno\n|\n|t:|1701054620\n|switch|p2a: Darnell|Chi-Yu|51\/100\n|-damage|p2a: Darnell|26\/100|[from] Stealth Rock\n|-ability|p2a: Darnell|Beads of Ruin\n|turn|38\n|\n|t:|1701054629\n|move|p1a: Hacke|Sucker Punch|p2a: Darnell\n|-resisted|p2a: Darnell\n|-damage|p2a: Darnell|0 fnt\n|faint|p2a: Darnell\n|-damage|p1a: Hacke|61\/100|[from] item: Life Orb\n|\n|win|ositogg99\n|c| Spem53|Ambos lo hicieron bien\n","uploadtime":1701054691,"views":9,"p1id":"ositogg99","p2id":"cindebol","formatid":"gen9ubers","rating":0,"private":0,"password":""}