{"id":"gen9ubers-1969747584","p1":"curtisthecacnea","p2":"jaekling","format":"[Gen 9] Ubers","log":"|j|\u2606curtisthecacnea\n|j|\u2606jaekling\n|t:|1697562337\n|gametype|singles\n|player|p1|curtisthecacnea|unknown|\n|player|p2|jaekling|swimmerf|\n|teamsize|p1|6\n|teamsize|p2|6\n|gen|9\n|tier|[Gen 9] Ubers\n|rule|Sleep Clause Mod: Limit one foe put to sleep\n|rule|Species Clause: Limit one of each Pok\u00e9mon\n|rule|OHKO Clause: OHKO moves are banned\n|rule|Evasion Items Clause: Evasion items are banned\n|rule|Evasion Moves Clause: Evasion moves are banned\n|rule|Endless Battle Clause: Forcing endless battles is banned\n|rule|HP Percentage Mod: HP is shown in percentages\n|clearpoke\n|poke|p1|Espathra, F|\n|poke|p1|Ursaluna-Bloodmoon, M|\n|poke|p1|Ogerpon-Hearthflame, F|\n|poke|p1|Corviknight, F|\n|poke|p1|Tauros-Paldea-Combat, M|\n|poke|p1|Greninja-*, F|\n|poke|p2|Great Tusk|\n|poke|p2|Ogerpon-Wellspring, F|\n|poke|p2|Shaymin|\n|poke|p2|Cinderace, M|\n|poke|p2|Kommo-o, F|\n|poke|p2|Sylveon, M|\n|teampreview\n|j| HateV2\n|j| Aaron_Naps\n|\n|t:|1697562383\n|start\n|switch|p1a: Espathra|Espathra, F|100\/100\n|switch|p2a: 18|Great Tusk|100\/100\n|-enditem|p2a: 18|Booster Energy\n|-activate|p2a: 18|ability: Protosynthesis|[fromitem]\n|-start|p2a: 18|protosynthesisspe\n|turn|1\n|l| HateV2\n|\n|t:|1697562436\n|move|p1a: Espathra|Protect|p1a: Espathra\n|-singleturn|p1a: Espathra|Protect\n|move|p2a: 18|Earthquake|p1a: Espathra\n|-activate|p1a: Espathra|move: Protect\n|\n|-ability|p1a: Espathra|Speed Boost|boost\n|-boost|p1a: Espathra|spe|1\n|upkeep\n|turn|2\n|\n|t:|1697562492\n|-end|p2a: 18|Protosynthesis|[silent]\n|switch|p2a: 14|Ogerpon-Wellspring, F|100\/100\n|move|p1a: Espathra|Lumina Crash|p2a: 14\n|-damage|p2a: 14|45\/100\n|-unboost|p2a: 14|spd|2\n|-damage|p1a: Espathra|91\/100|[from] item: Life Orb\n|\n|-ability|p1a: Espathra|Speed Boost|boost\n|-boost|p1a: Espathra|spe|1\n|upkeep\n|turn|3\n|\n|t:|1697562502\n|move|p1a: Espathra|Lumina Crash|p2a: 14\n|-damage|p2a: 14|0 fnt\n|faint|p2a: 14\n|-damage|p1a: Espathra|81\/100|[from] item: Life Orb\n|\n|-ability|p1a: Espathra|Speed Boost|boost\n|-boost|p1a: Espathra|spe|1\n|upkeep\n|\n|t:|1697562511\n|switch|p2a: 17|Cinderace, M|100\/100\n|turn|4\n|\n|t:|1697562518\n|move|p1a: Espathra|Protect|p1a: Espathra\n|-singleturn|p1a: Espathra|Protect\n|move|p2a: 17|U-turn|p1a: Espathra\n|-start|p2a: 17|typechange|Bug|[from] ability: Libero\n|-activate|p1a: Espathra|move: Protect\n|\n|-ability|p1a: Espathra|Speed Boost|boost\n|-boost|p1a: Espathra|spe|1\n|upkeep\n|turn|5\n|\n|t:|1697562529\n|switch|p1a: Corviknight|Corviknight, F|100\/100\n|-ability|p1a: Corviknight|Pressure\n|move|p2a: 17|U-turn|p1a: Corviknight\n|-resisted|p1a: Corviknight\n|-damage|p1a: Corviknight|96\/100\n|\n|t:|1697562550\n|switch|p2a: 16|Kommo-o, F, shiny|100\/100|[from] U-turn\n|\n|upkeep\n|turn|6\n|\n|t:|1697562571\n|switch|p1a: Tauros|Tauros-Paldea-Combat, M|100\/100\n|-ability|p1a: Tauros|Intimidate|boost\n|-unboost|p2a: 16|atk|1\n|move|p2a: 16|Dragon Claw|p1a: Tauros\n|-crit|p1a: Tauros\n|-damage|p1a: Tauros|36\/100\n|\n|-heal|p1a: Tauros|42\/100|[from] item: Leftovers\n|upkeep\n|turn|7\n|\n|t:|1697562602\n|-terastallize|p1a: Tauros|Fairy\n|move|p1a: Tauros|Tera Blast|p2a: 16|[anim] Tera Blast Fairy\n|-supereffective|p2a: 16\n|-damage|p2a: 16|0 fnt\n|faint|p2a: 16\n|\n|-heal|p1a: Tauros|48\/100|[from] item: Leftovers\n|upkeep\n|\n|t:|1697562624\n|switch|p2a: 17|Cinderace, M|100\/100\n|turn|8\n|\n|t:|1697562639\n|move|p2a: 17|Pyro Ball|p1a: Tauros\n|-damage|p1a: Tauros|0 fnt\n|faint|p1a: Tauros\n|\n|upkeep\n|\n|t:|1697562644\n|switch|p1a: Greninja|Greninja, F|100\/100\n|turn|9\n|\n|t:|1697562665\n|move|p1a: Greninja|Water Shuriken|p2a: 17\n|-start|p1a: Greninja|typechange|Water|[from] ability: Protean\n|-supereffective|p2a: 17\n|-damage|p2a: 17|82\/100\n|-supereffective|p2a: 17\n|-damage|p2a: 17|65\/100\n|-supereffective|p2a: 17\n|-damage|p2a: 17|48\/100\n|-supereffective|p2a: 17\n|-damage|p2a: 17|29\/100\n|-hitcount|p2a: 17|4\n|move|p2a: 17|U-turn|p1a: Greninja\n|-start|p2a: 17|typechange|Bug|[from] ability: Libero\n|-damage|p1a: Greninja|45\/100\n|\n|t:|1697562684\n|switch|p2a: 9|Shaymin, shiny|100\/100|[from] U-turn\n|\n|upkeep\n|turn|10\n|\n|t:|1697562693\n|move|p1a: Greninja|U-turn|p2a: 9\n|-supereffective|p2a: 9\n|-damage|p2a: 9|70\/100\n|\n|t:|1697562695\n|switch|p1a: Corviknight|Corviknight, F|96\/100|[from] U-turn\n|-ability|p1a: Corviknight|Pressure\n|move|p2a: 9|Leech Seed|p1a: Corviknight\n|-start|p1a: Corviknight|move: Leech Seed\n|\n|-heal|p2a: 9|76\/100|[from] item: Leftovers\n|-damage|p1a: Corviknight|83\/100|[from] Leech Seed|[of] p2a: 9\n|-heal|p2a: 9|91\/100|[silent]\n|upkeep\n|turn|11\n|\n|t:|1697562712\n|switch|p1a: Ogerpon|Ogerpon-Hearthflame, F|100\/100\n|-ability|p1a: Ogerpon|Mold Breaker\n|-terastallize|p2a: 9|Water\n|move|p2a: 9|Protect||[still]\n|-fail|p2a: 9\n|\n|-heal|p2a: 9|97\/100|[from] item: Leftovers\n|upkeep\n|turn|12\n|\n|t:|1697562739\n|move|p1a: Ogerpon|Swords Dance|p1a: Ogerpon\n|-boost|p1a: Ogerpon|atk|2\n|move|p2a: 9|Seed Flare|p1a: Ogerpon|[miss]\n|-miss|p2a: 9|p1a: Ogerpon\n|\n|-heal|p2a: 9|100\/100|[from] item: Leftovers\n|upkeep\n|turn|13\n|\n|t:|1697562747\n|move|p1a: Ogerpon|Horn Leech|p2a: 9\n|-supereffective|p2a: 9\n|-damage|p2a: 9|0 fnt\n|faint|p2a: 9\n|\n|upkeep\n|\n|t:|1697562754\n|switch|p2a: 17|Cinderace, M|29\/100\n|turn|14\n|\n|t:|1697562761\n|move|p2a: 17|Pyro Ball|p1a: Ogerpon\n|-damage|p1a: Ogerpon|26\/100\n|move|p1a: Ogerpon|Trailblaze|p2a: 17\n|-resisted|p2a: 17\n|-damage|p2a: 17|0 fnt\n|-boost|p1a: Ogerpon|spe|1\n|faint|p2a: 17\n|\n|upkeep\n|\n|t:|1697562769\n|switch|p2a: 18|Great Tusk|100\/100\n|turn|15\n|\n|t:|1697562774\n|move|p1a: Ogerpon|Horn Leech|p2a: 18\n|-supereffective|p2a: 18\n|-damage|p2a: 18|0 fnt\n|-heal|p1a: Ogerpon|98\/100|[from] drain|[of] p2a: 18\n|faint|p2a: 18\n|-end|p2a: 18|Protosynthesis|[silent]\n|\n|upkeep\n|\n|t:|1697562780\n|switch|p2a: 12|Sylveon, M|100\/100\n|turn|16\n|\n|t:|1697562783\n|move|p2a: 12|Protect|p2a: 12\n|-singleturn|p2a: 12|Protect\n|move|p1a: Ogerpon|Ivy Cudgel|p2a: 12\n|-activate|p2a: 12|move: Protect\n|\n|upkeep\n|turn|17\n|\n|t:|1697562790\n|move|p1a: Ogerpon|Ivy Cudgel|p2a: 12\n|-damage|p2a: 12|8\/100\n|move|p2a: 12|Yawn|p1a: Ogerpon\n|-start|p1a: Ogerpon|move: Yawn|[of] p2a: 12\n|\n|-heal|p2a: 12|14\/100|[from] item: Leftovers\n|upkeep\n|turn|18\n|\n|t:|1697562799\n|switch|p1a: Corviknight|Corviknight, F|83\/100\n|-ability|p1a: Corviknight|Pressure\n|move|p2a: 12|Protect||[still]\n|-fail|p2a: 12\n|\n|-heal|p2a: 12|20\/100|[from] item: Leftovers\n|upkeep\n|turn|19\n|\n|t:|1697562810\n|move|p1a: Corviknight|Iron Defense|p1a: Corviknight\n|-boost|p1a: Corviknight|def|2\n|move|p2a: 12|Yawn|p1a: Corviknight\n|-start|p1a: Corviknight|move: Yawn|[of] p2a: 12\n|\n|-heal|p2a: 12|26\/100|[from] item: Leftovers\n|upkeep\n|turn|20\n|\n|t:|1697562818\n|move|p2a: 12|Protect|p2a: 12\n|-singleturn|p2a: 12|Protect\n|move|p1a: Corviknight|Body Press|p2a: 12\n|-activate|p2a: 12|move: Protect\n|\n|-heal|p2a: 12|32\/100|[from] item: Leftovers\n|-end|p1a: Corviknight|move: Yawn|[silent]\n|-status|p1a: Corviknight|slp\n|upkeep\n|turn|21\n|\n|t:|1697562826\n|switch|p1a: Greninja|Greninja, F|45\/100\n|move|p2a: 12|Wish|p2a: 12\n|\n|-heal|p2a: 12|39\/100|[from] item: Leftovers\n|upkeep\n|turn|22\n|\n|t:|1697562833\n|move|p2a: 12|Protect|p2a: 12\n|-singleturn|p2a: 12|Protect\n|move|p1a: Greninja|Gunk Shot|p2a: 12\n|-start|p1a: Greninja|typechange|Poison|[from] ability: Protean\n|-activate|p2a: 12|move: Protect\n|\n|-heal|p2a: 12|89\/100|[from] move: Wish|[wisher] 12\n|-heal|p2a: 12|95\/100|[from] item: Leftovers\n|upkeep\n|turn|23\n|\n|t:|1697562844\n|move|p1a: Greninja|Gunk Shot|p2a: 12\n|-supereffective|p2a: 12\n|-damage|p2a: 12|29\/100\n|move|p2a: 12|Hyper Voice|p1a: Greninja\n|-resisted|p1a: Greninja\n|-damage|p1a: Greninja|13\/100\n|\n|-heal|p2a: 12|35\/100|[from] item: Leftovers\n|upkeep\n|turn|24\n|\n|t:|1697562857\n|move|p1a: Greninja|Water Shuriken|p2a: 12\n|-damage|p2a: 12|32\/100\n|-damage|p2a: 12|29\/100\n|-damage|p2a: 12|25\/100\n|-damage|p2a: 12|22\/100\n|-hitcount|p2a: 12|4\n|move|p2a: 12|Yawn|p1a: Greninja\n|-start|p1a: Greninja|move: Yawn|[of] p2a: 12\n|\n|-heal|p2a: 12|28\/100|[from] item: Leftovers\n|upkeep\n|turn|25\n|\n|t:|1697562869\n|move|p1a: Greninja|Gunk Shot|p2a: 12\n|-supereffective|p2a: 12\n|-damage|p2a: 12|0 fnt\n|faint|p2a: 12\n|\n|win|curtisthecacnea\n|l| Aaron_Naps\n|l|\u2606jaekling\n|j|\u2606jaekling\n|player|p2|jaekling|swimmerf\n","uploadtime":1697562883,"views":32,"p1id":"curtisthecacnea","p2id":"jaekling","formatid":"gen9ubers","rating":0,"private":0,"password":""}