{"id":"gen9ubers-1969304555","p1":"efwin2763","p2":"ThePuzzler13","format":"[Gen 9] Ubers","log":"|j|\u2606efwin2763\n|j|\u2606ThePuzzler13\n|t:|1697511904\n|gametype|singles\n|player|p1|efwin2763|ghetsis-gen5bw|\n|player|p2|ThePuzzler13|102|\n|teamsize|p1|6\n|teamsize|p2|6\n|gen|9\n|tier|[Gen 9] Ubers\n|rule|Sleep Clause Mod: Limit one foe put to sleep\n|rule|Species Clause: Limit one of each Pok\u00e9mon\n|rule|OHKO Clause: OHKO moves are banned\n|rule|Evasion Items Clause: Evasion items are banned\n|rule|Evasion Moves Clause: Evasion moves are banned\n|rule|Endless Battle Clause: Forcing endless battles is banned\n|rule|HP Percentage Mod: HP is shown in percentages\n|clearpoke\n|poke|p1|Palkia-Origin|\n|poke|p1|Chi-Yu|\n|poke|p1|Alomomola, F|\n|poke|p1|Giratina|\n|poke|p1|Heatran, M|\n|poke|p1|Zamazenta-*|\n|poke|p2|Masquerain, F|\n|poke|p2|Arceus-Ice|\n|poke|p2|Gholdengo|\n|poke|p2|Palafin, M|\n|poke|p2|Chi-Yu|\n|poke|p2|Zamazenta-*|\n|teampreview\n|inactive|Battle timer is ON: inactive players will automatically lose when time's up. (requested by efwin2763)\n|inactive|ThePuzzler13 also wants the timer to be on.\n|\n|t:|1697511913\n|start\n|switch|p1a: Heatran|Heatran, M|100\/100\n|switch|p2a: Masquerain|Masquerain, F|100\/100\n|-ability|p2a: Masquerain|Intimidate|boost\n|-unboost|p1a: Heatran|atk|1\n|turn|1\n|\n|t:|1697511920\n|move|p2a: Masquerain|Sticky Web|p1a: Heatran\n|-sidestart|p1: efwin2763|move: Sticky Web\n|move|p1a: Heatran|Stealth Rock|p2a: Masquerain\n|-sidestart|p2: ThePuzzler13|move: Stealth Rock\n|\n|upkeep\n|turn|2\n|j| Mileage\n|c|\u2606efwin2763|masquerain is, in fact, very intimidating\n|c|\u2606ThePuzzler13|agreed\n|\n|t:|1697511946\n|move|p2a: Masquerain|Stun Spore|p1a: Heatran\n|-status|p1a: Heatran|par\n|cant|p1a: Heatran|par\n|\n|upkeep\n|turn|3\n|\n|t:|1697511954\n|cant|p1a: Heatran|par\n|move|p2a: Masquerain|Whirlwind|p1a: Heatran\n|drag|p1a: Zamazenta|Zamazenta-Crowned|100\/100\n|-activate|p1a: Zamazenta|move: Sticky Web\n|-unboost|p1a: Zamazenta|spe|1\n|-ability|p1a: Zamazenta|Dauntless Shield|boost\n|-boost|p1a: Zamazenta|def|1\n|\n|upkeep\n|turn|4\n|\n|t:|1697511963\n|move|p2a: Masquerain|Stun Spore|p1a: Zamazenta\n|-status|p1a: Zamazenta|par\n|move|p1a: Zamazenta|Iron Defense|p1a: Zamazenta\n|-boost|p1a: Zamazenta|def|2\n|\n|upkeep\n|turn|5\n|\n|t:|1697511968\n|move|p1a: Zamazenta|Behemoth Bash|p2a: Masquerain\n|-crit|p2a: Masquerain\n|-enditem|p2a: Masquerain|Focus Sash\n|-damage|p2a: Masquerain|1\/100\n|move|p2a: Masquerain|Whirlwind|p1a: Zamazenta\n|drag|p1a: Chi-Yu|Chi-Yu|100\/100\n|-activate|p1a: Chi-Yu|move: Sticky Web\n|-unboost|p1a: Chi-Yu|spe|1\n|-ability|p1a: Chi-Yu|Beads of Ruin\n|\n|upkeep\n|turn|6\n|c|\u2606efwin2763|my whole team will be para'd lol\n|c|\u2606ThePuzzler13|that's the strat\n|c|\u2606efwin2763|oh lol\n|inactive|efwin2763 has 270 seconds left.\n|\n|t:|1697512005\n|move|p2a: Masquerain|Stun Spore|p1a: Chi-Yu\n|-status|p1a: Chi-Yu|par\n|move|p1a: Chi-Yu|Flamethrower|p2a: Masquerain\n|-supereffective|p2a: Masquerain\n|-damage|p2a: Masquerain|0 fnt\n|faint|p2a: Masquerain\n|\n|upkeep\n|c|\u2606ThePuzzler13|also dauntless shield can't activate anymore\n|c|\u2606ThePuzzler13|no more free defense boost\n|c|\u2606efwin2763|true\n|\n|t:|1697512018\n|switch|p2a: Palafin|Palafin, M|100\/100\n|-damage|p2a: Palafin|88\/100|[from] Stealth Rock\n|turn|7\n|\n|t:|1697512025\n|switch|p1a: Zamazenta|Zamazenta-Crowned|100\/100 par\n|-activate|p1a: Zamazenta|move: Sticky Web\n|-unboost|p1a: Zamazenta|spe|1\n|move|p2a: Palafin|Flip Turn|p1a: Zamazenta\n|-damage|p1a: Zamazenta|79\/100 par\n|c|\u2606efwin2763|this will end\n|c|\u2606efwin2763|me\n|\n|t:|1697512040\n|detailschange|p2a: Palafin|Palafin-Hero, M\n|switch|p2a: Gholdengo|Gholdengo|100\/100|[from] Flip Turn\n|-damage|p2a: Gholdengo|94\/100|[from] Stealth Rock\n|\n|upkeep\n|turn|8\n|\n|t:|1697512052\n|move|p2a: Gholdengo|Focus Blast|p1a: Zamazenta\n|-supereffective|p1a: Zamazenta\n|-damage|p1a: Zamazenta|12\/100 par\n|move|p1a: Zamazenta|Iron Defense|p1a: Zamazenta\n|-boost|p1a: Zamazenta|def|2\n|\n|upkeep\n|turn|9\n|\n|t:|1697512058\n|move|p2a: Gholdengo|Focus Blast|p1a: Zamazenta\n|-supereffective|p1a: Zamazenta\n|-damage|p1a: Zamazenta|0 fnt\n|faint|p1a: Zamazenta\n|\n|upkeep\n|c|\u2606efwin2763|damnit\n|\n|t:|1697512071\n|switch|p1a: Giratina|Giratina|100\/100\n|-activate|p1a: Giratina|move: Sticky Web\n|-unboost|p1a: Giratina|spe|1\n|-ability|p1a: Giratina|Pressure\n|turn|10\n|c|\u2606ThePuzzler13|focus miss, more like focus hit\n|c|\u2606efwin2763|fr\n|\n|t:|1697512081\n|switch|p2a: Chi-Yu|Chi-Yu|100\/100\n|-damage|p2a: Chi-Yu|76\/100|[from] Stealth Rock\n|-ability|p2a: Chi-Yu|Beads of Ruin\n|move|p1a: Giratina|Defog|p2a: Chi-Yu\n|-unboost|p2a: Chi-Yu|evasion|1\n|-sideend|p2: ThePuzzler13|Stealth Rock|[from] move: Defog|[of] p1a: Giratina\n|-sideend|p1: efwin2763|Sticky Web|[from] move: Defog|[of] p1a: Giratina\n|\n|upkeep\n|turn|11\n|c|\u2606ThePuzzler13|thanks for clearing up my rocks\n|c|\u2606efwin2763|true\n|\n|t:|1697512107\n|switch|p1a: Heatran|Heatran, M|100\/100 par\n|move|p2a: Chi-Yu|Dark Pulse|p1a: Heatran\n|-damage|p1a: Heatran|31\/100 par\n|\n|-heal|p1a: Heatran|38\/100 par|[from] item: Leftovers\n|upkeep\n|turn|12\n|\n|t:|1697512116\n|move|p2a: Chi-Yu|Dark Pulse|p1a: Heatran\n|-damage|p1a: Heatran|0 fnt\n|faint|p1a: Heatran\n|\n|upkeep\n|\n|t:|1697512123\n|switch|p1a: Palkia|Palkia-Origin|100\/100\n|-ability|p1a: Palkia|Pressure\n|turn|13\n|\n|t:|1697512134\n|move|p1a: Palkia|Spacial Rend|p2a: Chi-Yu\n|-crit|p2a: Chi-Yu\n|-damage|p2a: Chi-Yu|0 fnt\n|faint|p2a: Chi-Yu\n|\n|upkeep\n|\n|t:|1697512140\n|switch|p2a: Arceus|Arceus-Ice|100\/100\n|turn|14\n|\n|t:|1697512153\n|move|p1a: Palkia|Fire Blast|p2a: Arceus\n|-supereffective|p2a: Arceus\n|-damage|p2a: Arceus|37\/100\n|move|p2a: Arceus|Judgment|p1a: Palkia\n|-damage|p1a: Palkia|37\/100\n|\n|upkeep\n|turn|15\n|\n|t:|1697512164\n|move|p1a: Palkia|Fire Blast|p2a: Arceus\n|-supereffective|p2a: Arceus\n|-damage|p2a: Arceus|0 fnt\n|faint|p2a: Arceus\n|\n|upkeep\n|\n|t:|1697512173\n|switch|p2a: Palafin|Palafin-Hero, M|88\/100\n|-activate|p2a: Palafin|ability: Zero to Hero\n|turn|16\n|\n|t:|1697512178\n|move|p1a: Palkia|Spacial Rend|p2a: Palafin\n|-damage|p2a: Palafin|11\/100\n|move|p2a: Palafin|Close Combat|p1a: Palkia\n|-damage|p1a: Palkia|0 fnt\n|-unboost|p2a: Palafin|def|1\n|-unboost|p2a: Palafin|spd|1\n|faint|p1a: Palkia\n|\n|upkeep\n|c|\u2606efwin2763|palkia went crazy\n|\n|t:|1697512193\n|switch|p1a: Giratina|Giratina|100\/100\n|-ability|p1a: Giratina|Pressure\n|turn|17\n|c|\u2606ThePuzzler13|real\n|\n|t:|1697512199\n|switch|p2a: Gholdengo|Gholdengo|94\/100\n|move|p1a: Giratina|Hex|p2a: Gholdengo\n|-supereffective|p2a: Gholdengo\n|-crit|p2a: Gholdengo\n|-damage|p2a: Gholdengo|13\/100\n|\n|upkeep\n|turn|18\n|\n|t:|1697512211\n|switch|p1a: Chi-Yu|Chi-Yu|100\/100 par\n|-ability|p1a: Chi-Yu|Beads of Ruin\n|move|p2a: Gholdengo|Trick|p1a: Chi-Yu\n|-activate|p2a: Gholdengo|move: Trick|[of] p1a: Chi-Yu\n|-item|p1a: Chi-Yu|Choice Scarf|[from] move: Trick\n|-item|p2a: Gholdengo|Choice Scarf|[from] move: Trick\n|\n|upkeep\n|turn|19\n|c|\u2606ThePuzzler13|welp\n|c|\u2606efwin2763|best trick of all time\n|\n|t:|1697512233\n|move|p2a: Gholdengo|Focus Blast|p1a: Chi-Yu\n|-supereffective|p1a: Chi-Yu\n|-damage|p1a: Chi-Yu|2\/100 par\n|move|p1a: Chi-Yu|Dark Pulse|p2a: Gholdengo\n|-supereffective|p2a: Gholdengo\n|-damage|p2a: Gholdengo|0 fnt\n|faint|p2a: Gholdengo\n|\n|upkeep\n|\n|t:|1697512240\n|switch|p2a: Palafin|Palafin-Hero, M|11\/100\n|turn|20\n|c|\u2606efwin2763|damn focus miss actually htting\n|\n|t:|1697512247\n|move|p2a: Palafin|Jet Punch|p1a: Chi-Yu\n|-supereffective|p1a: Chi-Yu\n|-damage|p1a: Chi-Yu|0 fnt\n|faint|p1a: Chi-Yu\n|\n|upkeep\n|\n|t:|1697512249\n|switch|p1a: Giratina|Giratina|100\/100\n|-ability|p1a: Giratina|Pressure\n|turn|21\n|\n|t:|1697512253\n|move|p2a: Palafin|Jet Punch|p1a: Giratina\n|-resisted|p1a: Giratina\n|-damage|p1a: Giratina|83\/100\n|move|p1a: Giratina|Thunder Wave|p2a: Palafin\n|-status|p2a: Palafin|par\n|\n|-heal|p1a: Giratina|89\/100|[from] item: Leftovers\n|upkeep\n|turn|22\n|\n|t:|1697512257\n|move|p2a: Palafin|Jet Punch|p1a: Giratina\n|-resisted|p1a: Giratina\n|-damage|p1a: Giratina|71\/100\n|move|p1a: Giratina|Roar|p2a: Palafin\n|drag|p2a: Zamazenta|Zamazenta-Crowned|100\/100\n|-ability|p2a: Zamazenta|Dauntless Shield|boost\n|-boost|p2a: Zamazenta|def|1\n|\n|-heal|p1a: Giratina|77\/100|[from] item: Leftovers\n|upkeep\n|turn|23\n|l| Mileage\n|\n|t:|1697512266\n|move|p2a: Zamazenta|Crunch|p1a: Giratina\n|-supereffective|p1a: Giratina\n|-damage|p1a: Giratina|52\/100\n|move|p1a: Giratina|Thunder Wave|p2a: Zamazenta\n|-status|p2a: Zamazenta|par\n|\n|-heal|p1a: Giratina|58\/100|[from] item: Leftovers\n|upkeep\n|turn|24\n|\n|t:|1697512273\n|move|p2a: Zamazenta|Substitute|p2a: Zamazenta\n|-start|p2a: Zamazenta|Substitute\n|-damage|p2a: Zamazenta|75\/100 par\n|move|p1a: Giratina|Roar|p2a: Zamazenta\n|drag|p2a: Palafin|Palafin-Hero, M|11\/100 par\n|\n|-heal|p1a: Giratina|64\/100|[from] item: Leftovers\n|upkeep\n|turn|25\n|\n|t:|1697512281\n|move|p1a: Giratina|Hex|p2a: Palafin\n|-damage|p2a: Palafin|0 fnt\n|faint|p2a: Palafin\n|\n|-heal|p1a: Giratina|70\/100|[from] item: Leftovers\n|upkeep\n|\n|t:|1697512283\n|switch|p2a: Zamazenta|Zamazenta-Crowned|75\/100 par\n|turn|26\n|c|\u2606efwin2763|roar works on sub?\n|c|\u2606ThePuzzler13|apparently\n|\n|t:|1697512293\n|move|p1a: Giratina|Hex|p2a: Zamazenta\n|-damage|p2a: Zamazenta|48\/100 par\n|move|p2a: Zamazenta|Substitute|p2a: Zamazenta\n|-start|p2a: Zamazenta|Substitute\n|-damage|p2a: Zamazenta|23\/100 par\n|\n|-heal|p1a: Giratina|76\/100|[from] item: Leftovers\n|upkeep\n|turn|27\n|c|\u2606efwin2763|cool\n|\n|t:|1697512301\n|move|p1a: Giratina|Hex|p2a: Zamazenta\n|-end|p2a: Zamazenta|Substitute\n|move|p2a: Zamazenta|Crunch|p1a: Giratina\n|-supereffective|p1a: Giratina\n|-damage|p1a: Giratina|51\/100\n|\n|-heal|p1a: Giratina|57\/100|[from] item: Leftovers\n|upkeep\n|turn|28\n|c|\u2606ThePuzzler13|gg\n|\n|t:|1697512312\n|move|p1a: Giratina|Hex|p2a: Zamazenta\n|-damage|p2a: Zamazenta|0 fnt\n|faint|p2a: Zamazenta\n|\n|win|efwin2763\n|c|\u2606efwin2763|gg\n|c|\u2606ThePuzzler13|ill upload the replay\n","uploadtime":1697512319,"views":26,"p1id":"efwin2763","p2id":"thepuzzler13","formatid":"gen9ubers","rating":0,"private":0,"password":""}