{"id":"gen9ubers-1998845759","p1":"Dogattacks","p2":"pralain","format":"[Gen 9] Ubers","log":"|j|\u2606Dogattacks\n|j|\u2606pralain\n|t:|1701002190\n|gametype|singles\n|player|p1|Dogattacks|koga|1065\n|player|p2|pralain|lance|1125\n|teamsize|p1|6\n|teamsize|p2|6\n|gen|9\n|tier|[Gen 9] Ubers\n|rated|\n|rule|Sleep Clause Mod: Limit one foe put to sleep\n|rule|Species Clause: Limit one of each Pok\u00e9mon\n|rule|OHKO Clause: OHKO moves are banned\n|rule|Evasion Items Clause: Evasion items are banned\n|rule|Evasion Moves Clause: Evasion moves are banned\n|rule|Endless Battle Clause: Forcing endless battles is banned\n|rule|HP Percentage Mod: HP is shown in percentages\n|clearpoke\n|poke|p1|Koraidon|\n|poke|p1|Great Tusk|\n|poke|p1|Baxcalibur, M|\n|poke|p1|Arceus-Ghost|\n|poke|p1|Zacian-*|\n|poke|p1|Ribombee, M|\n|poke|p2|Gliscor, F|\n|poke|p2|Regieleki|\n|poke|p2|Arceus-Fire|\n|poke|p2|Groudon|\n|poke|p2|Koraidon|\n|poke|p2|Blissey, F|\n|teampreview\n|\n|t:|1701002205\n|start\n|switch|p1a: Ribombee|Ribombee, M|100\/100\n|switch|p2a: Regieleki|Regieleki|100\/100\n|turn|1\n|inactive|Battle timer is ON: inactive players will automatically lose when time's up. (requested by pralain)\n|\n|t:|1701002211\n|move|p2a: Regieleki|Thunderbolt|p1a: Ribombee\n|-damage|p1a: Ribombee|2\/100\n|move|p1a: Ribombee|Sticky Web|p2a: Regieleki\n|-sidestart|p2: pralain|move: Sticky Web\n|\n|upkeep\n|turn|2\n|\n|t:|1701002216\n|-terastallize|p1a: Ribombee|Ghost\n|move|p2a: Regieleki|Extreme Speed|p1a: Ribombee\n|-immune|p1a: Ribombee\n|move|p1a: Ribombee|Tailwind|p1a: Ribombee\n|-sidestart|p1: Dogattacks|move: Tailwind\n|\n|upkeep\n|turn|3\n|\n|t:|1701002223\n|move|p1a: Ribombee|Moonblast|p2a: Regieleki\n|-damage|p2a: Regieleki|52\/100\n|-unboost|p2a: Regieleki|spa|1\n|move|p2a: Regieleki|Thunderbolt|p1a: Ribombee\n|-damage|p1a: Ribombee|0 fnt\n|faint|p1a: Ribombee\n|\n|upkeep\n|\n|t:|1701002233\n|switch|p1a: Baxcalibur|Baxcalibur, M|100\/100\n|turn|4\n|\n|t:|1701002238\n|move|p1a: Baxcalibur|Scale Shot|p2a: Regieleki\n|-damage|p2a: Regieleki|24\/100\n|-damage|p2a: Regieleki|0 fnt\n|faint|p2a: Regieleki\n|-hitcount|p2: Regieleki|2\n|-unboost|p1a: Baxcalibur|def|1\n|-boost|p1a: Baxcalibur|spe|1\n|\n|upkeep\n|\n|t:|1701002250\n|switch|p2a: Koraidon|Koraidon|100\/100\n|-activate|p2a: Koraidon|move: Sticky Web\n|-unboost|p2a: Koraidon|spe|1\n|-weather|SunnyDay|[from] ability: Orichalcum Pulse|[of] p2a: Koraidon\n|-activate|p2a: Koraidon|Orichalcum Pulse|[source]\n|turn|5\n|\n|t:|1701002261\n|-terastallize|p2a: Koraidon|Fire\n|move|p1a: Baxcalibur|Scale Shot|p2a: Koraidon\n|-damage|p2a: Koraidon|88\/100\n|-damage|p2a: Koraidon|74\/100\n|-damage|p2a: Koraidon|60\/100\n|-damage|p2a: Koraidon|48\/100\n|-damage|p2a: Koraidon|34\/100\n|-hitcount|p2a: Koraidon|5\n|-unboost|p1a: Baxcalibur|def|1\n|-boost|p1a: Baxcalibur|spe|1\n|move|p2a: Koraidon|Collision Course|p1a: Baxcalibur\n|-supereffective|p1a: Baxcalibur\n|-damage|p1a: Baxcalibur|0 fnt\n|faint|p1a: Baxcalibur\n|\n|-weather|SunnyDay|[upkeep]\n|-heal|p2a: Koraidon|40\/100|[from] item: Leftovers\n|-sideend|p1: Dogattacks|move: Tailwind\n|upkeep\n|\n|t:|1701002271\n|switch|p1a: Koraidon|Koraidon|100\/100\n|-activate|p1a: Koraidon|ability: Orichalcum Pulse\n|turn|6\n|\n|t:|1701002282\n|move|p1a: Koraidon|Scale Shot|p2a: Koraidon\n|-damage|p2a: Koraidon|24\/100\n|-damage|p2a: Koraidon|7\/100\n|-damage|p2a: Koraidon|0 fnt\n|faint|p2a: Koraidon\n|-hitcount|p2: Koraidon|3\n|-unboost|p1a: Koraidon|def|1\n|-boost|p1a: Koraidon|spe|1\n|\n|-weather|SunnyDay|[upkeep]\n|upkeep\n|\n|t:|1701002291\n|switch|p2a: Gliscor|Gliscor, F|100\/100\n|turn|7\n|\n|t:|1701002298\n|move|p1a: Koraidon|Flare Blitz|p2a: Gliscor\n|-damage|p2a: Gliscor|44\/100\n|-damage|p1a: Koraidon|81\/100|[from] Recoil\n|move|p2a: Gliscor|Knock Off|p1a: Koraidon\n|-resisted|p1a: Koraidon\n|-damage|p1a: Koraidon|66\/100\n|-enditem|p1a: Koraidon|Loaded Dice|[from] move: Knock Off|[of] p2a: Gliscor\n|\n|-weather|SunnyDay|[upkeep]\n|-status|p2a: Gliscor|tox|[from] item: Toxic Orb\n|upkeep\n|turn|8\n|\n|t:|1701002311\n|move|p2a: Gliscor|Protect|p2a: Gliscor\n|-singleturn|p2a: Gliscor|Protect\n|move|p1a: Koraidon|Flare Blitz|p2a: Gliscor\n|-activate|p2a: Gliscor|move: Protect\n|\n|-weather|SunnyDay|[upkeep]\n|-heal|p2a: Gliscor|56\/100 tox|[from] ability: Poison Heal\n|upkeep\n|turn|9\n|\n|t:|1701002324\n|switch|p2a: Groudon|Groudon|100\/100\n|-activate|p2a: Groudon|move: Sticky Web\n|-unboost|p2a: Groudon|spe|1\n|move|p1a: Koraidon|Flare Blitz|p2a: Groudon\n|-damage|p2a: Groudon|62\/100\n|-damage|p1a: Koraidon|51\/100|[from] Recoil\n|\n|-weather|none\n|-heal|p2a: Groudon|68\/100|[from] item: Leftovers\n|upkeep\n|turn|10\n|\n|t:|1701002335\n|move|p1a: Koraidon|Low Kick|p2a: Groudon\n|-damage|p2a: Groudon|35\/100\n|move|p2a: Groudon|Earthquake|p1a: Koraidon\n|-damage|p1a: Koraidon|0 fnt\n|faint|p1a: Koraidon\n|\n|-heal|p2a: Groudon|41\/100|[from] item: Leftovers\n|upkeep\n|\n|t:|1701002346\n|switch|p1a: Zacian|Zacian-Crowned|100\/100\n|-ability|p1a: Zacian|Intrepid Sword|boost\n|-boost|p1a: Zacian|atk|1\n|turn|11\n|\n|t:|1701002350\n|move|p1a: Zacian|Behemoth Blade|p2a: Groudon\n|-damage|p2a: Groudon|0 fnt\n|faint|p2a: Groudon\n|\n|upkeep\n|\n|t:|1701002357\n|switch|p2a: Arceus|Arceus-Fire|100\/100\n|-activate|p2a: Arceus|move: Sticky Web\n|-unboost|p2a: Arceus|spe|1\n|turn|12\n|\n|t:|1701002362\n|switch|p1a: Great Tusk|Great Tusk|100\/100\n|move|p2a: Arceus|Will-O-Wisp|p1a: Great Tusk\n|-status|p1a: Great Tusk|brn\n|\n|-damage|p1a: Great Tusk|94\/100 brn|[from] brn\n|upkeep\n|turn|13\n|\n|t:|1701002376\n|-end|p1a: Great Tusk|Protosynthesis|[silent]\n|switch|p1a: Arceus|Arceus-Ghost|100\/100\n|switch|p2a: Gliscor|Gliscor, F|56\/100 tox\n|\n|-heal|p2a: Gliscor|69\/100 tox|[from] ability: Poison Heal\n|upkeep\n|turn|14\n|\n|t:|1701002386\n|move|p1a: Arceus|Taunt|p2a: Gliscor\n|-start|p2a: Gliscor|move: Taunt\n|move|p2a: Gliscor|Knock Off|p1a: Arceus\n|-supereffective|p1a: Arceus\n|-damage|p1a: Arceus|86\/100\n|\n|-heal|p2a: Gliscor|81\/100 tox|[from] ability: Poison Heal\n|upkeep\n|turn|15\n|\n|t:|1701002396\n|move|p1a: Arceus|Judgment|p2a: Gliscor\n|-crit|p2a: Gliscor\n|-damage|p2a: Gliscor|0 fnt\n|faint|p2a: Gliscor\n|\n|upkeep\n|\n|t:|1701002401\n|switch|p2a: Blissey|Blissey, F|100\/100\n|-activate|p2a: Blissey|move: Sticky Web\n|-unboost|p2a: Blissey|spe|1\n|turn|16\n|\n|t:|1701002407\n|move|p1a: Arceus|Taunt|p2a: Blissey\n|-start|p2a: Blissey|move: Taunt\n|move|p2a: Blissey|Ice Beam|p1a: Arceus\n|-damage|p1a: Arceus|76\/100\n|\n|upkeep\n|turn|17\n|\n|t:|1701002412\n|move|p1a: Arceus|Will-O-Wisp|p2a: Blissey\n|-status|p2a: Blissey|brn\n|move|p2a: Blissey|Ice Beam|p1a: Arceus\n|-damage|p1a: Arceus|65\/100\n|\n|-damage|p2a: Blissey|94\/100 brn|[from] brn\n|upkeep\n|turn|18\n|\n|t:|1701002419\n|switch|p1a: Zacian|Zacian-Crowned|100\/100\n|move|p2a: Blissey|Ice Beam|p1a: Zacian\n|-resisted|p1a: Zacian\n|-damage|p1a: Zacian|93\/100\n|\n|-heal|p2a: Blissey|100\/100 brn|[from] item: Leftovers\n|-damage|p2a: Blissey|94\/100 brn|[from] brn\n|-end|p2a: Blissey|move: Taunt\n|upkeep\n|turn|19\n|\n|t:|1701002429\n|-curestatus|p2a: Blissey|brn|[from] ability: Natural Cure\n|switch|p2a: Arceus|Arceus-Fire|100\/100\n|-activate|p2a: Arceus|move: Sticky Web\n|-unboost|p2a: Arceus|spe|1\n|move|p1a: Zacian|Swords Dance|p1a: Zacian\n|-boost|p1a: Zacian|atk|2\n|\n|upkeep\n|turn|20\n|\n|t:|1701002437\n|move|p1a: Zacian|Wild Charge|p2a: Arceus\n|-damage|p2a: Arceus|55\/100\n|-damage|p1a: Zacian|78\/100|[from] Recoil\n|move|p2a: Arceus|Will-O-Wisp|p1a: Zacian|[miss]\n|-miss|p2a: Arceus|p1a: Zacian\n|\n|upkeep\n|turn|21\n|\n|t:|1701002444\n|move|p1a: Zacian|Wild Charge|p2a: Arceus\n|-damage|p2a: Arceus|6\/100\n|-damage|p1a: Zacian|61\/100|[from] Recoil\n|move|p2a: Arceus|Will-O-Wisp|p1a: Zacian\n|-status|p1a: Zacian|brn\n|\n|-damage|p1a: Zacian|55\/100 brn|[from] brn\n|upkeep\n|turn|22\n|\n|t:|1701002455\n|move|p1a: Zacian|Wild Charge|p2a: Arceus\n|-damage|p2a: Arceus|0 fnt\n|faint|p2a: Arceus\n|-damage|p1a: Zacian|53\/100 brn|[from] Recoil\n|\n|-damage|p1a: Zacian|47\/100 brn|[from] brn\n|upkeep\n|\n|t:|1701002461\n|switch|p2a: Blissey|Blissey, F|94\/100\n|-activate|p2a: Blissey|move: Sticky Web\n|-unboost|p2a: Blissey|spe|1\n|turn|23\n|\n|t:|1701002468\n|move|p1a: Zacian|Behemoth Blade|p2a: Blissey\n|-damage|p2a: Blissey|0 fnt\n|faint|p2a: Blissey\n|\n|win|Dogattacks\n|raw|Dogattacks's rating: 1065 &rarr; <strong>1100<\/strong><br \/>(+35 for winning)\n|raw|pralain's rating: 1125 &rarr; <strong>1096<\/strong><br \/>(-29 for losing)\n|l|\u2606pralain\n","uploadtime":1701002475,"views":1,"p1id":"dogattacks","p2id":"pralain","formatid":"gen9ubers","rating":1096,"private":0,"password":""}