{"id":"gen9ubers-1969597031","p1":"Compton Crobats","p2":"Mattattac","format":"[Gen 9] Ubers","log":"|j|\u2606Compton Crobats\n|j|\u2606Mattattac\n|t:|1697550586\n|gametype|singles\n|player|p1|Compton Crobats|2|1168\n|player|p2|Mattattac|nate|1134\n|teamsize|p1|6\n|teamsize|p2|6\n|gen|9\n|tier|[Gen 9] Ubers\n|rated|\n|rule|Sleep Clause Mod: Limit one foe put to sleep\n|rule|Species Clause: Limit one of each Pok\u00e9mon\n|rule|OHKO Clause: OHKO moves are banned\n|rule|Evasion Items Clause: Evasion items are banned\n|rule|Evasion Moves Clause: Evasion moves are banned\n|rule|Endless Battle Clause: Forcing endless battles is banned\n|rule|HP Percentage Mod: HP is shown in percentages\n|clearpoke\n|poke|p1|Dragapult, F|\n|poke|p1|Heatran, F|\n|poke|p1|Palafin, F|\n|poke|p1|Scream Tail|\n|poke|p1|Slowking-Galar, M|\n|poke|p1|Iron Treads|\n|poke|p2|Flutter Mane|\n|poke|p2|Ursaluna-Bloodmoon, M|\n|poke|p2|Chien-Pao|\n|poke|p2|Iron Bundle|\n|poke|p2|Annihilape, M|\n|poke|p2|Kyogre|\n|teampreview\n|inactive|Battle timer is ON: inactive players will automatically lose when time's up. (requested by Mattattac)\n|c|\u2606Mattattac|yo\n|\n|t:|1697550606\n|start\n|switch|p1a: Dragapult|Dragapult, F|100\/100\n|switch|p2a: Kyogre|Kyogre|100\/100\n|-weather|RainDance|[from] ability: Drizzle|[of] p2a: Kyogre\n|turn|1\n|\n|t:|1697550614\n|switch|p1a: Heatran|Heatran, F|100\/100\n|move|p2a: Kyogre|Ice Beam|p1a: Heatran\n|-resisted|p1a: Heatran\n|-damage|p1a: Heatran|93\/100\n|\n|-weather|RainDance|[upkeep]\n|upkeep\n|turn|2\n|\n|t:|1697550623\n|switch|p2a: Ursaluna|Ursaluna-Bloodmoon, M|100\/100\n|switch|p1a: Slowking|Slowking-Galar, M|100\/100\n|\n|-weather|RainDance|[upkeep]\n|upkeep\n|turn|3\n|\n|t:|1697550638\n|switch|p1a: Iron Treads|Iron Treads|100\/100\n|move|p2a: Ursaluna|Earth Power|p1a: Iron Treads\n|-supereffective|p1a: Iron Treads\n|-enditem|p1a: Iron Treads|Shuca Berry|[eat]\n|-enditem|p1a: Iron Treads|Shuca Berry|[weaken]\n|-damage|p1a: Iron Treads|2\/100\n|\n|-weather|RainDance|[upkeep]\n|upkeep\n|turn|4\n|\n|t:|1697550647\n|move|p2a: Ursaluna|Vacuum Wave|p1a: Iron Treads\n|-supereffective|p1a: Iron Treads\n|-damage|p1a: Iron Treads|0 fnt\n|faint|p1a: Iron Treads\n|-end|p1a: Iron Treads|Quark Drive|[silent]\n|\n|-weather|RainDance|[upkeep]\n|upkeep\n|c|\u2606Mattattac|:)\n|\n|t:|1697550653\n|switch|p1a: Palafin|Palafin, F|100\/100\n|turn|5\n|\n|t:|1697550658\n|switch|p2a: Iron Bundle|Iron Bundle, shiny|100\/100\n|move|p1a: Palafin|Flip Turn|p2a: Iron Bundle\n|-resisted|p2a: Iron Bundle\n|-damage|p2a: Iron Bundle|72\/100\n|\n|t:|1697550667\n|detailschange|p1a: Palafin|Palafin-Hero, F\n|switch|p1a: Scream Tail|Scream Tail|100\/100|[from] Flip Turn\n|\n|-weather|none\n|upkeep\n|turn|6\n|\n|t:|1697550673\n|move|p2a: Iron Bundle|Taunt|p1a: Scream Tail\n|-start|p1a: Scream Tail|move: Taunt\n|cant|p1a: Scream Tail|move: Taunt|Reflect\n|\n|upkeep\n|turn|7\n|\n|t:|1697550678\n|move|p2a: Iron Bundle|Hydro Pump|p1a: Scream Tail\n|-damage|p1a: Scream Tail|69\/100\n|move|p1a: Scream Tail|Ice Beam|p2a: Iron Bundle\n|-resisted|p2a: Iron Bundle\n|-damage|p2a: Iron Bundle|63\/100\n|\n|upkeep\n|turn|8\n|\n|t:|1697550687\n|-end|p1a: Scream Tail|Protosynthesis|[silent]\n|switch|p1a: Palafin|Palafin-Hero, F|100\/100\n|-activate|p1a: Palafin|ability: Zero to Hero\n|move|p2a: Iron Bundle|Hydro Pump|p1a: Palafin\n|-resisted|p1a: Palafin\n|-damage|p1a: Palafin|75\/100\n|\n|upkeep\n|turn|9\n|\n|t:|1697550700\n|move|p2a: Iron Bundle|Freeze-Dry|p1a: Palafin\n|-supereffective|p1a: Palafin\n|-damage|p1a: Palafin|11\/100\n|move|p1a: Palafin|Flip Turn|p2a: Iron Bundle\n|-resisted|p2a: Iron Bundle\n|-damage|p2a: Iron Bundle|28\/100\n|\n|t:|1697550708\n|switch|p1a: Slowking|Slowking-Galar, M|100\/100|[from] Flip Turn\n|\n|upkeep\n|turn|10\n|\n|t:|1697550716\n|move|p2a: Iron Bundle|Taunt|p1a: Slowking\n|-start|p1a: Slowking|move: Taunt\n|move|p1a: Slowking|Future Sight|p2a: Iron Bundle\n|-start|p1a: Slowking|move: Future Sight\n|\n|upkeep\n|turn|11\n|\n|t:|1697550721\n|move|p2a: Iron Bundle|Freeze-Dry|p1a: Slowking\n|-damage|p1a: Slowking|86\/100\n|move|p1a: Slowking|Sludge Bomb|p2a: Iron Bundle\n|-damage|p2a: Iron Bundle|0 fnt\n|faint|p2a: Iron Bundle\n|-end|p2a: Iron Bundle|Quark Drive|[silent]\n|\n|upkeep\n|\n|t:|1697550738\n|switch|p2a: Kyogre|Kyogre|100\/100\n|-weather|RainDance|[from] ability: Drizzle|[of] p2a: Kyogre\n|turn|12\n|\n|t:|1697550758\n|move|p2a: Kyogre|Water Spout|p1a: Slowking\n|-damage|p1a: Slowking|34\/100\n|move|p1a: Slowking|Sludge Bomb|p2a: Kyogre\n|-damage|p2a: Kyogre|72\/100\n|-status|p2a: Kyogre|psn\n|\n|-weather|RainDance|[upkeep]\n|-end|p2a: Kyogre|move: Future Sight\n|-damage|p2a: Kyogre|34\/100 psn\n|-damage|p2a: Kyogre|21\/100 psn|[from] psn\n|-end|p1a: Slowking|move: Taunt\n|upkeep\n|turn|13\n|\n|t:|1697550776\n|switch|p1a: Scream Tail|Scream Tail|69\/100\n|move|p2a: Kyogre|Water Spout|p1a: Scream Tail\n|-damage|p1a: Scream Tail|51\/100\n|\n|-weather|RainDance|[upkeep]\n|-damage|p2a: Kyogre|9\/100 psn|[from] psn\n|upkeep\n|turn|14\n|\n|t:|1697550790\n|move|p2a: Kyogre|Water Spout|p1a: Scream Tail\n|-damage|p1a: Scream Tail|45\/100\n|move|p1a: Scream Tail|Wish|p1a: Scream Tail\n|\n|-weather|RainDance|[upkeep]\n|-damage|p2a: Kyogre|0 fnt|[from] psn\n|faint|p2a: Kyogre\n|upkeep\n|\n|t:|1697550793\n|switch|p2a: Flutter Mane|Flutter Mane, shiny|100\/100\n|turn|15\n|\n|t:|1697550800\n|-end|p1a: Scream Tail|Protosynthesis|[silent]\n|switch|p1a: Heatran|Heatran, F|93\/100\n|move|p2a: Flutter Mane|Shadow Ball|p1a: Heatran\n|-damage|p1a: Heatran|39\/100\n|-unboost|p1a: Heatran|spd|1\n|\n|-weather|RainDance|[upkeep]\n|-heal|p1a: Heatran|97\/100|[from] move: Wish|[wisher] Scream Tail\n|upkeep\n|turn|16\n|\n|t:|1697550811\n|move|p2a: Flutter Mane|Shadow Ball|p1a: Heatran\n|-damage|p1a: Heatran|14\/100\n|-unboost|p1a: Heatran|spd|1\n|move|p1a: Heatran|Flash Cannon|p2a: Flutter Mane\n|-supereffective|p2a: Flutter Mane\n|-damage|p2a: Flutter Mane|26\/100\n|\n|-weather|none\n|upkeep\n|turn|17\n|\n|t:|1697550829\n|move|p2a: Flutter Mane|Shadow Ball|p1a: Heatran\n|-damage|p1a: Heatran|0 fnt\n|faint|p1a: Heatran\n|\n|upkeep\n|\n|t:|1697550835\n|switch|p1a: Palafin|Palafin-Hero, F|11\/100\n|turn|18\n|\n|t:|1697550838\n|move|p1a: Palafin|Jet Punch|p2a: Flutter Mane\n|-damage|p2a: Flutter Mane|0 fnt\n|faint|p2a: Flutter Mane\n|-end|p2a: Flutter Mane|Protosynthesis|[silent]\n|\n|upkeep\n|\n|t:|1697550843\n|switch|p2a: Chien-Pao|Chien-Pao|100\/100\n|-ability|p2a: Chien-Pao|Sword of Ruin\n|turn|19\n|\n|t:|1697550853\n|switch|p1a: Slowking|Slowking-Galar, M|67\/100\n|move|p2a: Chien-Pao|Sucker Punch||[still]\n|-fail|p2a: Chien-Pao\n|\n|upkeep\n|turn|20\n|\n|t:|1697550860\n|move|p2a: Chien-Pao|Crunch|p1a: Slowking\n|-supereffective|p1a: Slowking\n|-damage|p1a: Slowking|0 fnt\n|faint|p1a: Slowking\n|\n|upkeep\n|\n|t:|1697550865\n|switch|p1a: Scream Tail|Scream Tail|45\/100\n|turn|21\n|\n|t:|1697550870\n|move|p2a: Chien-Pao|Crunch|p1a: Scream Tail\n|-damage|p1a: Scream Tail|0 fnt\n|faint|p1a: Scream Tail\n|-end|p1a: Scream Tail|Protosynthesis|[silent]\n|\n|upkeep\n|\n|t:|1697550876\n|switch|p1a: Palafin|Palafin-Hero, F|11\/100\n|turn|22\n|\n|t:|1697550882\n|move|p2a: Chien-Pao|Sucker Punch|p1a: Palafin\n|-damage|p1a: Palafin|0 fnt\n|faint|p1a: Palafin\n|\n|upkeep\n|\n|t:|1697550887\n|switch|p1a: Dragapult|Dragapult, F|100\/100\n|turn|23\n|\n|t:|1697550892\n|-terastallize|p1a: Dragapult|Steel\n|move|p2a: Chien-Pao|Crunch|p1a: Dragapult\n|-crit|p1a: Dragapult\n|-damage|p1a: Dragapult|0 fnt\n|faint|p1a: Dragapult\n|\n|win|Mattattac\n|raw|Compton Crobats's rating: 1168 &rarr; <strong>1141<\/strong><br \/>(-27 for losing)\n|raw|Mattattac's rating: 1134 &rarr; <strong>1161<\/strong><br \/>(+27 for winning)\n|l|\u2606Compton Crobats\n|c|\u2606Mattattac|damn\n|c|\u2606Mattattac|gg\n","uploadtime":1697550900,"views":8,"p1id":"comptoncrobats","p2id":"mattattac","formatid":"gen9ubers","rating":1141,"private":0,"password":""}