{"id":"gen9ubers-1973823569","p1":"Undead_Redhead","p2":"thavage","format":"[Gen 9] Ubers","log":"|j|\u2606Undead_Redhead\n|j|\u2606thavage\n|t:|1698017415\n|gametype|singles\n|player|p1|Undead_Redhead|flannery|\n|player|p2|thavage|170|\n|teamsize|p1|6\n|teamsize|p2|6\n|gen|9\n|tier|[Gen 9] Ubers\n|rule|Sleep Clause Mod: Limit one foe put to sleep\n|rule|Species Clause: Limit one of each Pok\u00e9mon\n|rule|OHKO Clause: OHKO moves are banned\n|rule|Evasion Items Clause: Evasion items are banned\n|rule|Evasion Moves Clause: Evasion moves are banned\n|rule|Endless Battle Clause: Forcing endless battles is banned\n|rule|HP Percentage Mod: HP is shown in percentages\n|clearpoke\n|poke|p1|Landorus-Therian, M|\n|poke|p1|Volcanion|\n|poke|p1|Clefable, F|\n|poke|p1|Meowscarada, M|\n|poke|p1|Trevenant, F|\n|poke|p1|Luxray, F|\n|poke|p2|Cinderace, F|\n|poke|p2|Munkidori, M|\n|poke|p2|Kingambit, F|\n|poke|p2|Kleavor, M|\n|poke|p2|Thundurus-Therian, M|\n|poke|p2|Annihilape, F|\n|teampreview\n|j| justinrockin\n|c|\u2606Undead_Redhead|Good luck!\n|j| KaoVT\n|j| Lass Starling\n|\n|t:|1698017464\n|start\n|switch|p1a: Landorus|Landorus-Therian, M|100\/100\n|switch|p2a: Make like a tree|Kleavor, M|100\/100\n|-ability|p1a: Landorus|Intimidate|boost\n|-unboost|p2a: Make like a tree|atk|1\n|turn|1\n|j| Oliverpup\n|j| ThatGuyAltro\n|\n|t:|1698017475\n|move|p1a: Landorus|Stealth Rock|p2a: Make like a tree\n|-sidestart|p2: thavage|move: Stealth Rock\n|move|p2a: Make like a tree|Stone Axe|p1a: Landorus\n|-damage|p1a: Landorus|61\/100\n|-damage|p2a: Make like a tree|84\/100|[from] item: Rocky Helmet|[of] p1a: Landorus\n|-sidestart|p1: Undead_Redhead|move: Stealth Rock\n|\n|upkeep\n|turn|2\n|l|oliverpup\n|j| DivogoJota\n|\n|t:|1698017498\n|move|p1a: Landorus|U-turn|p2a: Make like a tree\n|-damage|p2a: Make like a tree|50\/100\n|j| curtisthecacnea\n|\n|t:|1698017527\n|switch|p1a: Trevenant|Trevenant, F|100\/100|[from] U-turn\n|-damage|p1a: Trevenant|88\/100|[from] Stealth Rock\n|move|p2a: Make like a tree|Close Combat|p1a: Trevenant\n|-immune|p1a: Trevenant\n|\n|upkeep\n|turn|3\n|\n|t:|1698017541\n|move|p2a: Make like a tree|X-Scissor|p1a: Trevenant\n|-damage|p1a: Trevenant|37\/100\n|-enditem|p1a: Trevenant|Sitrus Berry|[eat]\n|-heal|p1a: Trevenant|62\/100|[from] item: Sitrus Berry\n|move|p1a: Trevenant|Substitute|p1a: Trevenant\n|-start|p1a: Trevenant|Substitute\n|-damage|p1a: Trevenant|37\/100\n|\n|-item|p1a: Trevenant|Sitrus Berry|[from] ability: Harvest\n|upkeep\n|-enditem|p1a: Trevenant|Sitrus Berry|[eat]\n|-heal|p1a: Trevenant|62\/100|[from] item: Sitrus Berry\n|turn|4\n|\n|t:|1698017556\n|move|p2a: Make like a tree|X-Scissor|p1a: Trevenant\n|-end|p1a: Trevenant|Substitute\n|move|p1a: Trevenant|Leech Seed|p2a: Make like a tree\n|-start|p2a: Make like a tree|move: Leech Seed\n|\n|-damage|p2a: Make like a tree|38\/100|[from] Leech Seed|[of] p1a: Trevenant\n|-heal|p1a: Trevenant|72\/100|[silent]\n|upkeep\n|turn|5\n|\n|t:|1698017567\n|move|p1a: Trevenant|Protect|p1a: Trevenant\n|-singleturn|p1a: Trevenant|Protect\n|move|p2a: Make like a tree|X-Scissor|p1a: Trevenant\n|-activate|p1a: Trevenant|move: Protect\n|\n|-damage|p2a: Make like a tree|25\/100|[from] Leech Seed|[of] p1a: Trevenant\n|-heal|p1a: Trevenant|81\/100|[silent]\n|-item|p1a: Trevenant|Sitrus Berry|[from] ability: Harvest\n|upkeep\n|turn|6\n|\n|t:|1698017582\n|move|p2a: Make like a tree|U-turn|p1a: Trevenant\n|-damage|p1a: Trevenant|53\/100\n|\n|t:|1698017590\n|switch|p2a: Gingerface|Cinderace, F|100\/100|[from] U-turn\n|move|p1a: Trevenant|Substitute|p1a: Trevenant\n|-start|p1a: Trevenant|Substitute\n|-damage|p1a: Trevenant|28\/100\n|-enditem|p1a: Trevenant|Sitrus Berry|[eat]\n|-heal|p1a: Trevenant|53\/100|[from] item: Sitrus Berry\n|\n|-item|p1a: Trevenant|Sitrus Berry|[from] ability: Harvest\n|upkeep\n|turn|7\n|\n|t:|1698017618\n|-terastallize|p1a: Trevenant|Water\n|move|p2a: Gingerface|Pyro Ball|p1a: Trevenant\n|-resisted|p1a: Trevenant\n|-end|p1a: Trevenant|Substitute\n|move|p1a: Trevenant|Leech Seed|p2a: Gingerface\n|-start|p2a: Gingerface|move: Leech Seed\n|\n|-damage|p2a: Gingerface|88\/100|[from] Leech Seed|[of] p1a: Trevenant\n|-heal|p1a: Trevenant|63\/100|[silent]\n|upkeep\n|turn|8\n|\n|t:|1698017651\n|move|p1a: Trevenant|Protect|p1a: Trevenant\n|-singleturn|p1a: Trevenant|Protect\n|move|p2a: Gingerface|U-turn|p1a: Trevenant\n|-start|p2a: Gingerface|typechange|Bug|[from] ability: Libero\n|-activate|p1a: Trevenant|move: Protect\n|\n|-damage|p2a: Gingerface|76\/100|[from] Leech Seed|[of] p1a: Trevenant\n|-heal|p1a: Trevenant|73\/100|[silent]\n|upkeep\n|turn|9\n|\n|t:|1698017671\n|switch|p2a: Dingalingambit|Kingambit, F|100\/100\n|-damage|p2a: Dingalingambit|94\/100|[from] Stealth Rock\n|move|p1a: Trevenant|Substitute|p1a: Trevenant\n|-start|p1a: Trevenant|Substitute\n|-damage|p1a: Trevenant|48\/100\n|-enditem|p1a: Trevenant|Sitrus Berry|[eat]\n|-heal|p1a: Trevenant|73\/100|[from] item: Sitrus Berry\n|\n|upkeep\n|turn|10\n|\n|t:|1698017681\n|move|p1a: Trevenant|Leech Seed|p2a: Dingalingambit\n|-start|p2a: Dingalingambit|move: Leech Seed\n|move|p2a: Dingalingambit|Swords Dance|p2a: Dingalingambit\n|-boost|p2a: Dingalingambit|atk|2\n|\n|-damage|p2a: Dingalingambit|82\/100|[from] Leech Seed|[of] p1a: Trevenant\n|-heal|p1a: Trevenant|86\/100|[silent]\n|upkeep\n|turn|11\n|\n|t:|1698017691\n|move|p1a: Trevenant|Protect|p1a: Trevenant\n|-singleturn|p1a: Trevenant|Protect\n|move|p2a: Dingalingambit|Swords Dance|p2a: Dingalingambit\n|-boost|p2a: Dingalingambit|atk|2\n|\n|-damage|p2a: Dingalingambit|70\/100|[from] Leech Seed|[of] p1a: Trevenant\n|-heal|p1a: Trevenant|99\/100|[silent]\n|-item|p1a: Trevenant|Sitrus Berry|[from] ability: Harvest\n|upkeep\n|turn|12\n|\n|t:|1698017701\n|move|p1a: Trevenant|Horn Leech|p2a: Dingalingambit\n|-resisted|p2a: Dingalingambit\n|-damage|p2a: Dingalingambit|60\/100\n|-heal|p1a: Trevenant|100\/100|[from] drain|[of] p2a: Dingalingambit\n|move|p2a: Dingalingambit|Kowtow Cleave|p1a: Trevenant\n|-end|p1a: Trevenant|Substitute\n|\n|-damage|p2a: Dingalingambit|48\/100|[from] Leech Seed|[of] p1a: Trevenant\n|upkeep\n|turn|13\n|\n|t:|1698017721\n|switch|p1a: Landorus|Landorus-Therian, M|61\/100\n|-damage|p1a: Landorus|49\/100|[from] Stealth Rock\n|-ability|p1a: Landorus|Intimidate|boost\n|-unboost|p2a: Dingalingambit|atk|1\n|move|p2a: Dingalingambit|Kowtow Cleave|p1a: Landorus\n|-damage|p1a: Landorus|0 fnt\n|-damage|p2a: Dingalingambit|31\/100|[from] item: Rocky Helmet|[of] p1a: Landorus\n|faint|p1a: Landorus\n|\n|upkeep\n|c| Lass Starling|is this another Trevenant sweep\n|c| Lass Starling|ok\n|c| Lass Starling|thank god\n|c| justinrockin|man\n|\n|t:|1698017743\n|switch|p1a: Luxray|Luxray, F|100\/100\n|-damage|p1a: Luxray|88\/100|[from] Stealth Rock\n|turn|14\n|c|\u2606thavage|scheduling my chemo now\n|\n|t:|1698017754\n|move|p2a: Dingalingambit|Sucker Punch|p1a: Luxray\n|-damage|p1a: Luxray|0 fnt\n|faint|p1a: Luxray\n|\n|upkeep\n|\n|t:|1698017773\n|switch|p1a: Trevenant|Trevenant, F, tera:Water|100\/100\n|-damage|p1a: Trevenant|88\/100|[from] Stealth Rock\n|turn|15\n|\n|t:|1698017781\n|move|p1a: Trevenant|Protect|p1a: Trevenant\n|-singleturn|p1a: Trevenant|Protect\n|move|p2a: Dingalingambit|Sucker Punch||[still]\n|-fail|p2a: Dingalingambit\n|\n|-damage|p2a: Dingalingambit|19\/100|[from] Leech Seed|[of] p1a: Trevenant\n|-heal|p1a: Trevenant|100\/100|[silent]\n|upkeep\n|turn|16\n|\n|t:|1698017808\n|move|p1a: Trevenant|Substitute|p1a: Trevenant\n|-start|p1a: Trevenant|Substitute\n|-damage|p1a: Trevenant|75\/100\n|move|p2a: Dingalingambit|Iron Head|p1a: Trevenant\n|-resisted|p1a: Trevenant\n|-end|p1a: Trevenant|Substitute\n|\n|-damage|p2a: Dingalingambit|6\/100|[from] Leech Seed|[of] p1a: Trevenant\n|-heal|p1a: Trevenant|89\/100|[silent]\n|upkeep\n|turn|17\n|\n|t:|1698017819\n|move|p1a: Trevenant|Protect|p1a: Trevenant\n|-singleturn|p1a: Trevenant|Protect\n|move|p2a: Dingalingambit|Sucker Punch||[still]\n|-fail|p2a: Dingalingambit\n|\n|-damage|p2a: Dingalingambit|0 fnt|[from] Leech Seed|[of] p1a: Trevenant\n|-heal|p1a: Trevenant|95\/100|[silent]\n|faint|p2a: Dingalingambit\n|-end|p2a: Dingalingambit|fallenundefined|[silent]\n|upkeep\n|c|\u2606Undead_Redhead|Oh thank God i got rid of that\n|\n|t:|1698017847\n|switch|p2a: Liverking|Annihilape, F|100\/100\n|-damage|p2a: Liverking|94\/100|[from] Stealth Rock\n|turn|18\n|c|\u2606Undead_Redhead|This is what happens when you mess with mother nature\n|c|\u2606Undead_Redhead|Booooooo\n|\n|t:|1698017867\n|move|p2a: Liverking|Taunt|p1a: Trevenant\n|-start|p1a: Trevenant|move: Taunt\n|cant|p1a: Trevenant|move: Taunt|Leech Seed\n|\n|-heal|p2a: Liverking|100\/100|[from] item: Leftovers\n|upkeep\n|turn|19\n|\n|t:|1698017889\n|switch|p1a: Volcanion|Volcanion|100\/100\n|-damage|p1a: Volcanion|76\/100|[from] Stealth Rock\n|move|p2a: Liverking|Rage Fist|p1a: Volcanion\n|-damage|p1a: Volcanion|60\/100\n|\n|upkeep\n|turn|20\n|\n|t:|1698017898\n|move|p2a: Liverking|Bulk Up|p2a: Liverking\n|-boost|p2a: Liverking|atk|1\n|-boost|p2a: Liverking|def|1\n|move|p1a: Volcanion|Steam Eruption|p2a: Liverking\n|-damage|p2a: Liverking|62\/100\n|-status|p2a: Liverking|brn\n|\n|-heal|p2a: Liverking|68\/100 brn|[from] item: Leftovers\n|-damage|p2a: Liverking|62\/100 brn|[from] brn\n|upkeep\n|turn|21\n|\n|t:|1698017914\n|move|p2a: Liverking|Drain Punch|p1a: Volcanion\n|-damage|p1a: Volcanion|42\/100\n|-heal|p2a: Liverking|69\/100 brn|[from] drain|[of] p1a: Volcanion\n|move|p1a: Volcanion|Steam Eruption|p2a: Liverking\n|-damage|p2a: Liverking|31\/100 brn\n|\n|-heal|p2a: Liverking|37\/100 brn|[from] item: Leftovers\n|-damage|p2a: Liverking|31\/100 brn|[from] brn\n|upkeep\n|turn|22\n|\n|t:|1698017935\n|move|p2a: Liverking|Drain Punch|p1a: Volcanion\n|-damage|p1a: Volcanion|25\/100\n|-heal|p2a: Liverking|38\/100 brn|[from] drain|[of] p1a: Volcanion\n|move|p1a: Volcanion|Steam Eruption|p2a: Liverking\n|-damage|p2a: Liverking|0 fnt\n|faint|p2a: Liverking\n|\n|upkeep\n|\n|t:|1698017966\n|switch|p2a: Thunturdus-Pee|Thundurus-Therian, M|100\/100\n|turn|23\n|\n|t:|1698017978\n|move|p2a: Thunturdus-Pee|Nasty Plot|p2a: Thunturdus-Pee\n|-boost|p2a: Thunturdus-Pee|spa|2\n|move|p1a: Volcanion|Steam Eruption|p2a: Thunturdus-Pee\n|-damage|p2a: Thunturdus-Pee|18\/100\n|\n|upkeep\n|turn|24\n|\n|t:|1698017991\n|move|p2a: Thunturdus-Pee|Thunderbolt|p1a: Volcanion\n|-supereffective|p1a: Volcanion\n|-damage|p1a: Volcanion|0 fnt\n|faint|p1a: Volcanion\n|\n|upkeep\n|\n|t:|1698017997\n|switch|p1a: Meowscarada|Meowscarada, M|100\/100\n|-damage|p1a: Meowscarada|88\/100|[from] Stealth Rock\n|turn|25\n|\n|t:|1698018030\n|switch|p2a: Dope ascetic|Munkidori, M|100\/100\n|-damage|p2a: Dope ascetic|88\/100|[from] Stealth Rock\n|move|p1a: Meowscarada|Flower Trick|p2a: Dope ascetic\n|-start|p1a: Meowscarada|typechange|Grass|[from] ability: Protean\n|-resisted|p2a: Dope ascetic\n|-crit|p2a: Dope ascetic\n|-damage|p2a: Dope ascetic|51\/100\n|\n|upkeep\n|turn|26\n|\n|t:|1698018047\n|switch|p1a: Clefable|Clefable, F|100\/100\n|move|p2a: Dope ascetic|Sludge Wave|p1a: Clefable\n|-supereffective|p1a: Clefable\n|-damage|p1a: Clefable|30\/100\n|\n|-heal|p1a: Clefable|36\/100|[from] item: Leftovers\n|upkeep\n|turn|27\n|\n|t:|1698018061\n|move|p2a: Dope ascetic|Sludge Wave|p1a: Clefable\n|-supereffective|p1a: Clefable\n|-damage|p1a: Clefable|0 fnt\n|faint|p1a: Clefable\n|\n|upkeep\n|\n|t:|1698018070\n|switch|p1a: Meowscarada|Meowscarada, M|88\/100\n|-damage|p1a: Meowscarada|76\/100|[from] Stealth Rock\n|turn|28\n|\n|t:|1698018074\n|move|p1a: Meowscarada|Knock Off|p2a: Dope ascetic\n|-start|p1a: Meowscarada|typechange|Dark|[from] ability: Protean\n|-supereffective|p2a: Dope ascetic\n|-damage|p2a: Dope ascetic|0 fnt\n|-enditem|p2a: Dope ascetic|Choice Scarf|[from] move: Knock Off|[of] p1a: Meowscarada\n|faint|p2a: Dope ascetic\n|\n|upkeep\n|\n|t:|1698018091\n|switch|p2a: Gingerface|Cinderace, F|76\/100\n|turn|29\n|\n|t:|1698018101\n|move|p1a: Meowscarada|Knock Off|p2a: Gingerface\n|-damage|p2a: Gingerface|16\/100\n|-enditem|p2a: Gingerface|Heavy-Duty Boots|[from] move: Knock Off|[of] p1a: Meowscarada\n|move|p2a: Gingerface|Pyro Ball|p1a: Meowscarada\n|-damage|p1a: Meowscarada|0 fnt\n|faint|p1a: Meowscarada\n|\n|upkeep\n|\n|t:|1698018115\n|switch|p1a: Trevenant|Trevenant, F, tera:Water|95\/100\n|-damage|p1a: Trevenant|83\/100|[from] Stealth Rock\n|turn|30\n|\n|t:|1698018136\n|move|p2a: Gingerface|Pyro Ball|p1a: Trevenant\n|-resisted|p1a: Trevenant\n|-damage|p1a: Trevenant|48\/100\n|-enditem|p1a: Trevenant|Sitrus Berry|[eat]\n|-heal|p1a: Trevenant|73\/100|[from] item: Sitrus Berry\n|move|p1a: Trevenant|Leech Seed|p2a: Gingerface\n|-start|p2a: Gingerface|move: Leech Seed\n|\n|-damage|p2a: Gingerface|3\/100|[from] Leech Seed|[of] p1a: Trevenant\n|-heal|p1a: Trevenant|82\/100|[silent]\n|-item|p1a: Trevenant|Sitrus Berry|[from] ability: Harvest\n|upkeep\n|turn|31\n|c| justinrockin|the tree.\n|\n|t:|1698018170\n|move|p1a: Trevenant|Protect|p1a: Trevenant\n|-singleturn|p1a: Trevenant|Protect\n|move|p2a: Gingerface|U-turn|p1a: Trevenant\n|-start|p2a: Gingerface|typechange|Bug|[from] ability: Libero\n|-activate|p1a: Trevenant|move: Protect\n|\n|-damage|p2a: Gingerface|0 fnt|[from] Leech Seed|[of] p1a: Trevenant\n|-heal|p1a: Trevenant|85\/100|[silent]\n|faint|p2a: Gingerface\n|upkeep\n|c|\u2606Undead_Redhead|Yes, it's MY tree\n|c| justinrockin|nvm\n|\n|t:|1698018185\n|switch|p2a: Thunturdus-Pee|Thundurus-Therian, M|18\/100\n|turn|32\n|\n|t:|1698018196\n|move|p2a: Thunturdus-Pee|Thunderbolt|p1a: Trevenant\n|-supereffective|p1a: Trevenant\n|-damage|p1a: Trevenant|15\/100\n|-enditem|p1a: Trevenant|Sitrus Berry|[eat]\n|-heal|p1a: Trevenant|40\/100|[from] item: Sitrus Berry\n|move|p1a: Trevenant|Leech Seed|p2a: Thunturdus-Pee\n|-start|p2a: Thunturdus-Pee|move: Leech Seed\n|\n|-damage|p2a: Thunturdus-Pee|6\/100|[from] Leech Seed|[of] p1a: Trevenant\n|-heal|p1a: Trevenant|50\/100|[silent]\n|upkeep\n|turn|33\n|j| Superison\n|\n|t:|1698018206\n|move|p1a: Trevenant|Protect|p1a: Trevenant\n|-singleturn|p1a: Trevenant|Protect\n|move|p2a: Thunturdus-Pee|Thunderbolt|p1a: Trevenant\n|-activate|p1a: Trevenant|move: Protect\n|\n|-damage|p2a: Thunturdus-Pee|0 fnt|[from] Leech Seed|[of] p1a: Trevenant\n|-heal|p1a: Trevenant|54\/100|[silent]\n|faint|p2a: Thunturdus-Pee\n|upkeep\n|\n|t:|1698018213\n|switch|p2a: Make like a tree|Kleavor, M|25\/100\n|-damage|p2a: Make like a tree|0 fnt|[from] Stealth Rock\n|faint|p2a: Make like a tree\n|\n|win|Undead_Redhead\n|c|\u2606Undead_Redhead|SUPER HIII\n|c|\u2606thavage|gg\n|l|\u2606thavage\n|c|\u2606Undead_Redhead|GG <3\n","uploadtime":1698018229,"views":44,"p1id":"undeadredhead","p2id":"thavage","formatid":"gen9ubers","rating":0,"private":0,"password":""}