{"id":"gen9ubers-1995707741","p1":"Nitro524","p2":"guess the memes","format":"[Gen 9] Ubers","log":"|j|\u2606Nitro524\n|j|\u2606guess the memes\n|t:|1700595770\n|gametype|singles\n|player|p1|Nitro524|hilbert|\n|player|p2|guess the memes|clair|\n|teamsize|p1|6\n|teamsize|p2|6\n|gen|9\n|tier|[Gen 9] Ubers\n|rule|Sleep Clause Mod: Limit one foe put to sleep\n|rule|Species Clause: Limit one of each Pok\u00e9mon\n|rule|OHKO Clause: OHKO moves are banned\n|rule|Evasion Items Clause: Evasion items are banned\n|rule|Evasion Moves Clause: Evasion moves are banned\n|rule|Endless Battle Clause: Forcing endless battles is banned\n|rule|HP Percentage Mod: HP is shown in percentages\n|clearpoke\n|poke|p1|Torkoal, F|\n|poke|p1|Chi-Yu|\n|poke|p1|Maushold|\n|poke|p1|Arceus-Poison|\n|poke|p1|Roaring Moon|\n|poke|p1|Walking Wake|\n|poke|p2|Magearna|\n|poke|p2|Cyclizar, M|\n|poke|p2|Zacian-*|\n|poke|p2|Arceus-Poison|\n|poke|p2|Staraptor, M|\n|poke|p2|Golduck, M|\n|teampreview\n|inactive|Battle timer is ON: inactive players will automatically lose when time's up. (requested by Nitro524)\n|j| Incredibleking\n|j| VloneVictini\n|\n|t:|1700595792\n|start\n|switch|p1a: Chi-Yu|Chi-Yu|100\/100\n|switch|p2a: Golduck|Golduck, M|100\/100\n|-ability|p1a: Chi-Yu|Beads of Ruin\n|-ability|p2a: Golduck|Cloud Nine\n|turn|1\n|\n|t:|1700595808\n|switch|p1a: Torkoal|Torkoal, F|100\/100\n|-weather|SunnyDay|[from] ability: Drought|[of] p1a: Torkoal\n|move|p2a: Golduck|Flip Turn|p1a: Torkoal\n|-supereffective|p1a: Torkoal\n|-damage|p1a: Torkoal|83\/100\n|\n|t:|1700595814\n|switch|p2a: Arceus|Arceus-Poison|100\/100|[from] Flip Turn\n|\n|-weather|SunnyDay|[upkeep]\n|upkeep\n|turn|2\n|\n|t:|1700595828\n|switch|p2a: Staraptor|Staraptor, M|100\/100\n|-ability|p2a: Staraptor|Intimidate|boost\n|-unboost|p1a: Torkoal|atk|1\n|move|p1a: Torkoal|Yawn|p2a: Staraptor\n|-start|p2a: Staraptor|move: Yawn|[of] p1a: Torkoal\n|\n|-weather|SunnyDay|[upkeep]\n|upkeep\n|turn|3\n|\n|t:|1700595839\n|switch|p1a: Arceus|Arceus-Poison|100\/100\n|move|p2a: Staraptor|Final Gambit|p1a: Arceus\n|-damage|p1a: Arceus|16\/100\n|faint|p2a: Staraptor\n|\n|-weather|SunnyDay|[upkeep]\n|upkeep\n|\n|t:|1700595845\n|switch|p2a: Arceus|Arceus-Poison|100\/100\n|turn|4\n|inactive|Nitro524 has 270 seconds left.\n|\n|t:|1700595886\n|switch|p1a: Roaring Moon|Roaring Moon|100\/100\n|-activate|p1a: Roaring Moon|ability: Protosynthesis\n|-start|p1a: Roaring Moon|protosynthesisspe\n|move|p2a: Arceus|Dragon Dance|p2a: Arceus\n|-boost|p2a: Arceus|atk|1\n|-boost|p2a: Arceus|spe|1\n|\n|-weather|SunnyDay|[upkeep]\n|upkeep\n|turn|5\n|\n|t:|1700595901\n|move|p1a: Roaring Moon|Earthquake|p2a: Arceus\n|-supereffective|p2a: Arceus\n|-damage|p2a: Arceus|27\/100\n|move|p2a: Arceus|Poison Jab|p1a: Roaring Moon\n|-damage|p1a: Roaring Moon|28\/100\n|\n|-weather|SunnyDay|[upkeep]\n|upkeep\n|turn|6\n|\n|t:|1700595910\n|move|p2a: Arceus|Extreme Speed|p1a: Roaring Moon\n|-damage|p1a: Roaring Moon|0 fnt\n|faint|p1a: Roaring Moon\n|-end|p1a: Roaring Moon|Protosynthesis|[silent]\n|\n|-weather|SunnyDay|[upkeep]\n|upkeep\n|\n|t:|1700595919\n|switch|p1a: Walking Wake|Walking Wake|100\/100\n|-activate|p1a: Walking Wake|ability: Protosynthesis\n|-start|p1a: Walking Wake|protosynthesisspe\n|turn|7\n|\n|t:|1700595929\n|move|p2a: Arceus|Extreme Speed|p1a: Walking Wake\n|-damage|p1a: Walking Wake|65\/100\n|move|p1a: Walking Wake|Hydro Steam|p2a: Arceus\n|-damage|p2a: Arceus|0 fnt\n|faint|p2a: Arceus\n|\n|-weather|SunnyDay|[upkeep]\n|upkeep\n|\n|t:|1700595936\n|switch|p2a: Golduck|Golduck, M|100\/100\n|-ability|p2a: Golduck|Cloud Nine\n|-end|p1a: Walking Wake|Protosynthesis\n|turn|8\n|\n|t:|1700595953\n|-end|p1a: Walking Wake|Protosynthesis|[silent]\n|switch|p1a: Torkoal|Torkoal, F|83\/100\n|move|p2a: Golduck|Blizzard|p1a: Torkoal\n|-resisted|p1a: Torkoal\n|-damage|p1a: Torkoal|54\/100\n|\n|-weather|none\n|upkeep\n|turn|9\n|inactive|Nitro524 has 270 seconds left.\n|inactive|Nitro524 has 240 seconds left.\n|inactive|Nitro524 has 210 seconds left.\n|\n|t:|1700596045\n|switch|p2a: Cyclizar|Cyclizar, M|100\/100\n|switch|p1a: Arceus|Arceus-Poison|16\/100\n|\n|upkeep\n|turn|10\n|\n|t:|1700596050\n|move|p1a: Arceus|Extreme Speed|p2a: Cyclizar\n|-crit|p2a: Cyclizar\n|-damage|p2a: Cyclizar|28\/100\n|move|p2a: Cyclizar|Shed Tail|p2a: Cyclizar\n|-fail|p2a: Cyclizar|move: Shed Tail|[weak]\n|\n|upkeep\n|turn|11\n|\n|t:|1700596056\n|switch|p2a: Golduck|Golduck, M|100\/100\n|-ability|p2a: Golduck|Cloud Nine\n|move|p1a: Arceus|Extreme Speed|p2a: Golduck\n|-damage|p2a: Golduck|60\/100\n|\n|upkeep\n|turn|12\n|\n|t:|1700596063\n|move|p1a: Arceus|Extreme Speed|p2a: Golduck\n|-damage|p2a: Golduck|21\/100\n|move|p2a: Golduck|Flip Turn|p1a: Arceus\n|-damage|p1a: Arceus|6\/100\n|\n|t:|1700596070\n|switch|p2a: Magearna|Magearna|100\/100|[from] Flip Turn\n|\n|upkeep\n|turn|13\n|\n|t:|1700596076\n|-terastallize|p2a: Magearna|Water\n|move|p1a: Arceus|Taunt|p2a: Magearna\n|-start|p2a: Magearna|move: Taunt\n|cant|p2a: Magearna|move: Taunt|Iron Defense\n|\n|upkeep\n|turn|14\n|\n|t:|1700596080\n|move|p1a: Arceus|Extreme Speed|p2a: Magearna\n|-damage|p2a: Magearna|79\/100\n|move|p2a: Magearna|Stored Power|p1a: Arceus\n|-supereffective|p1a: Arceus\n|-damage|p1a: Arceus|0 fnt\n|faint|p1a: Arceus\n|-ability|p2a: Magearna|Soul-Heart|boost\n|-boost|p2a: Magearna|spa|1\n|\n|-heal|p2a: Magearna|85\/100|[from] item: Leftovers\n|upkeep\n|inactive|Nitro524 has 240 seconds left.\n|\n|t:|1700596086\n|switch|p1a: Maushold|Maushold|100\/100\n|turn|15\n|inactive|Nitro524 has 240 seconds left.\n|\n|t:|1700596100\n|move|p1a: Maushold|Tidy Up|p1a: Maushold\n|-boost|p1a: Maushold|atk|1\n|-boost|p1a: Maushold|spe|1\n|move|p2a: Magearna|Draining Kiss|p1a: Maushold\n|-damage|p1a: Maushold|53\/100\n|-heal|p2a: Magearna|100\/100|[from] drain|[of] p1a: Maushold\n|\n|-end|p2a: Magearna|move: Taunt\n|upkeep\n|turn|16\n|\n|t:|1700596107\n|move|p1a: Maushold|Population Bomb|p2a: Magearna\n|-damage|p2a: Magearna|89\/100\n|-damage|p2a: Magearna|77\/100\n|-damage|p2a: Magearna|65\/100\n|-damage|p2a: Magearna|55\/100\n|-damage|p2a: Magearna|43\/100\n|-damage|p2a: Magearna|33\/100\n|-crit|p2a: Magearna\n|-damage|p2a: Magearna|15\/100\n|-damage|p2a: Magearna|3\/100\n|-damage|p2a: Magearna|0 fnt\n|faint|p2a: Magearna\n|-hitcount|p2: Magearna|9\n|\n|upkeep\n|\n|t:|1700596110\n|switch|p2a: Zacian|Zacian|100\/100\n|-ability|p2a: Zacian|Intrepid Sword|boost\n|-boost|p2a: Zacian|atk|1\n|turn|17\n|\n|t:|1700596115\n|move|p1a: Maushold|Population Bomb|p2a: Zacian\n|-damage|p2a: Zacian|87\/100\n|-damage|p2a: Zacian|74\/100\n|-damage|p2a: Zacian|61\/100\n|-damage|p2a: Zacian|48\/100\n|-damage|p2a: Zacian|35\/100\n|-damage|p2a: Zacian|21\/100\n|-damage|p2a: Zacian|7\/100\n|-damage|p2a: Zacian|0 fnt\n|faint|p2a: Zacian\n|-hitcount|p2: Zacian|8\n|\n|upkeep\n|\n|t:|1700596119\n|switch|p2a: Cyclizar|Cyclizar, M|61\/100\n|turn|18\n|-message|guess the memes forfeited.\n|\n|win|Nitro524\n|l|\u2606guess the memes\n|c|\u2606Nitro524|gg\n|c| VloneVictini|LETS GOOOOOOOO\n","uploadtime":1700596126,"views":14,"p1id":"nitro524","p2id":"guessthememes","formatid":"gen9ubers","rating":0,"private":0,"password":""}