{"id":"gen9ubers-1983470256","p1":"ttkilla","p2":"HinaKagiyama1","format":"[Gen 9] Ubers","log":"|j|\u2606ttkilla\n|j|\u2606HinaKagiyama1\n|t:|1699133548\n|gametype|singles\n|player|p1|ttkilla|cameraman|\n|player|p2|HinaKagiyama1|2|\n|teamsize|p1|6\n|teamsize|p2|6\n|gen|9\n|tier|[Gen 9] Ubers\n|rule|Sleep Clause Mod: Limit one foe put to sleep\n|rule|Species Clause: Limit one of each Pok\u00e9mon\n|rule|OHKO Clause: OHKO moves are banned\n|rule|Evasion Items Clause: Evasion items are banned\n|rule|Evasion Moves Clause: Evasion moves are banned\n|rule|Endless Battle Clause: Forcing endless battles is banned\n|rule|HP Percentage Mod: HP is shown in percentages\n|clearpoke\n|poke|p1|Zacian-*|\n|poke|p1|Chi-Yu|\n|poke|p1|Cyclizar, M|\n|poke|p1|Arceus-Ghost|\n|poke|p1|Baxcalibur, F|\n|poke|p1|Ogerpon-Wellspring, F|\n|poke|p2|Tyranitar, M|\n|poke|p2|Arceus-Rock|\n|poke|p2|Garchomp, F|\n|poke|p2|Donphan, M|\n|poke|p2|Magearna|\n|poke|p2|Houndstone, M|\n|teampreview\n|\n|t:|1699133574\n|start\n|switch|p1a: Arceus|Arceus-Ghost|100\/100\n|switch|p2a: DREAM ON|Tyranitar, M|100\/100\n|-weather|Sandstorm|[from] ability: Sand Stream|[of] p2a: DREAM ON\n|turn|1\n|\n|t:|1699133579\n|move|p1a: Arceus|Earth Power|p2a: DREAM ON\n|-supereffective|p2a: DREAM ON\n|-damage|p2a: DREAM ON|72\/100\n|move|p2a: DREAM ON|Knock Off|p1a: Arceus\n|-supereffective|p1a: Arceus\n|-damage|p1a: Arceus|53\/100\n|\n|-weather|Sandstorm|[upkeep]\n|-damage|p1a: Arceus|47\/100|[from] Sandstorm\n|upkeep\n|turn|2\n|\n|t:|1699133591\n|switch|p1a: Ogerpon|Ogerpon-Wellspring, F|100\/100\n|move|p2a: DREAM ON|Knock Off|p1a: Ogerpon\n|-damage|p1a: Ogerpon|54\/100\n|\n|-weather|Sandstorm|[upkeep]\n|-damage|p1a: Ogerpon|48\/100|[from] Sandstorm\n|upkeep\n|turn|3\n|c|\u2606HinaKagiyama1|Bro this thing is what people complain about?\n|c|\u2606HinaKagiyama1|Wow\n|\n|t:|1699133607\n|switch|p2a: Uwu orb|Magearna|100\/100\n|move|p1a: Ogerpon|Horn Leech|p2a: Uwu orb\n|-resisted|p2a: Uwu orb\n|-damage|p2a: Uwu orb|83\/100\n|-heal|p1a: Ogerpon|59\/100|[from] drain|[of] p2a: Uwu orb\n|\n|-weather|Sandstorm|[upkeep]\n|-damage|p1a: Ogerpon|53\/100|[from] Sandstorm\n|-heal|p2a: Uwu orb|89\/100|[from] item: Leftovers\n|upkeep\n|turn|4\n|\n|t:|1699133618\n|switch|p1a: Arceus|Arceus-Ghost|47\/100\n|move|p2a: Uwu orb|Fleur Cannon|p1a: Arceus\n|-damage|p1a: Arceus|0 fnt\n|-unboost|p2a: Uwu orb|spa|2\n|faint|p1a: Arceus\n|-ability|p2a: Uwu orb|Soul-Heart|boost\n|-boost|p2a: Uwu orb|spa|1\n|\n|-weather|Sandstorm|[upkeep]\n|-heal|p2a: Uwu orb|95\/100|[from] item: Leftovers\n|upkeep\n|\n|t:|1699133624\n|switch|p1a: Cyclizar|Cyclizar, M|100\/100\n|turn|5\n|\n|t:|1699133629\n|move|p1a: Cyclizar|Shed Tail|p1a: Cyclizar\n|-start|p1a: Cyclizar|Substitute|[from] move: Shed Tail\n|-damage|p1a: Cyclizar|50\/100\n|\n|t:|1699133634\n|switch|p1a: Ogerpon|Ogerpon-Wellspring, F|53\/100|[from] Shed Tail\n|move|p2a: Uwu orb|Volt Switch|p1a: Ogerpon\n|-activate|p1a: Ogerpon|move: Substitute|[damage]\n|\n|t:|1699133644\n|switch|p2a: Cynthia DREAM ON|Garchomp, F|100\/100|[from] Volt Switch\n|\n|-weather|Sandstorm|[upkeep]\n|-damage|p1a: Ogerpon|47\/100|[from] Sandstorm\n|upkeep\n|turn|6\n|\n|t:|1699133676\n|-terastallize|p1a: Ogerpon|Water\n|detailschange|p1a: Ogerpon|Ogerpon-Wellspring-Tera, F, tera:Water\n|-ability|p1a: Ogerpon|Embody Aspect (Wellspring)|boost\n|-boost|p1a: Ogerpon|spd|1\n|move|p1a: Ogerpon|Ivy Cudgel|p2a: Cynthia DREAM ON|[miss]\n|-miss|p1a: Ogerpon|p2a: Cynthia DREAM ON\n|move|p2a: Cynthia DREAM ON|Scale Shot|p1a: Ogerpon\n|-end|p1a: Ogerpon|Substitute\n|-damage|p1a: Ogerpon|29\/100\n|-damage|p1a: Ogerpon|13\/100\n|-damage|p1a: Ogerpon|0 fnt\n|faint|p1a: Ogerpon\n|-hitcount|p1: Ogerpon|4\n|-unboost|p2a: Cynthia DREAM ON|def|1\n|-boost|p2a: Cynthia DREAM ON|spe|1\n|\n|-weather|Sandstorm|[upkeep]\n|upkeep\n|c|\u2606ttkilla|m8\n|c|\u2606HinaKagiyama1|:D\n|c|\u2606ttkilla|sand veil and evasion items r bannded\n|c|\u2606HinaKagiyama1|Blame the owner\n|c|\u2606HinaKagiyama1|Hold on\n|\n|t:|1699133732\n|switch|p1a: Chi-Yu|Chi-Yu|100\/100\n|-ability|p1a: Chi-Yu|Beads of Ruin\n|turn|7\n|c|\u2606HinaKagiyama1|Whats your dis?\n|\n|t:|1699133769\n|move|p2a: Cynthia DREAM ON|Earthquake|p1a: Chi-Yu\n|-supereffective|p1a: Chi-Yu\n|-damage|p1a: Chi-Yu|0 fnt\n|faint|p1a: Chi-Yu\n|\n|-weather|Sandstorm|[upkeep]\n|upkeep\n|c|\u2606ttkilla|playpex\n|\n|t:|1699133775\n|switch|p1a: Baxcalibur|Baxcalibur, F|100\/100\n|turn|8\n|\n|t:|1699133804\n|move|p2a: Cynthia DREAM ON|Scale Shot|p1a: Baxcalibur|[miss]\n|-miss|p2a: Cynthia DREAM ON|p1a: Baxcalibur\n|move|p1a: Baxcalibur|Scale Shot|p2a: Cynthia DREAM ON\n|-supereffective|p2a: Cynthia DREAM ON\n|-damage|p2a: Cynthia DREAM ON|55\/100\n|-supereffective|p2a: Cynthia DREAM ON\n|-crit|p2a: Cynthia DREAM ON\n|-damage|p2a: Cynthia DREAM ON|0 fnt\n|faint|p2a: Cynthia DREAM ON\n|-hitcount|p2: Cynthia DREAM ON|2\n|-unboost|p1a: Baxcalibur|def|1\n|-boost|p1a: Baxcalibur|spe|1\n|\n|-weather|none\n|upkeep\n|c|\u2606HinaKagiyama1|God\n|\n|t:|1699133808\n|switch|p2a: Donphozo|Donphan, M|100\/100\n|turn|9\n|\n|t:|1699133815\n|move|p1a: Baxcalibur|Swords Dance|p1a: Baxcalibur\n|-boost|p1a: Baxcalibur|atk|2\n|move|p2a: Donphozo|Earthquake|p1a: Baxcalibur\n|-damage|p1a: Baxcalibur|16\/100\n|\n|upkeep\n|turn|10\n|\n|t:|1699133817\n|move|p2a: Donphozo|Ice Shard|p1a: Baxcalibur\n|-damage|p1a: Baxcalibur|0 fnt\n|faint|p1a: Baxcalibur\n|\n|upkeep\n|\n|t:|1699133823\n|switch|p1a: Cyclizar|Cyclizar, M|84\/100\n|turn|11\n|\n|t:|1699133855\n|move|p2a: Donphozo|Ice Shard|p1a: Cyclizar\n|-supereffective|p1a: Cyclizar\n|-damage|p1a: Cyclizar|46\/100\n|move|p1a: Cyclizar|Shed Tail|p1a: Cyclizar\n|-fail|p1a: Cyclizar|move: Shed Tail|[weak]\n|\n|upkeep\n|turn|12\n|c|\u2606HinaKagiyama1|Don\u2019t you love ice shard\n|\n|t:|1699133867\n|move|p1a: Cyclizar|Draco Meteor|p2a: Donphozo\n|-damage|p2a: Donphozo|47\/100\n|-unboost|p1a: Cyclizar|spa|2\n|move|p2a: Donphozo|Knock Off|p1a: Cyclizar\n|-damage|p1a: Cyclizar|0 fnt\n|-enditem|p1a: Cyclizar|Heavy-Duty Boots|[from] move: Knock Off|[of] p2a: Donphozo\n|faint|p1a: Cyclizar\n|\n|upkeep\n|\n|t:|1699133869\n|switch|p1a: Zacian|Zacian|100\/100\n|-ability|p1a: Zacian|Intrepid Sword|boost\n|-boost|p1a: Zacian|atk|1\n|turn|13\n|\n|t:|1699133875\n|switch|p2a: DREAM ON|Tyranitar, M|72\/100\n|-weather|Sandstorm|[from] ability: Sand Stream|[of] p2a: DREAM ON\n|move|p1a: Zacian|Swords Dance|p1a: Zacian\n|-boost|p1a: Zacian|atk|2\n|\n|-weather|Sandstorm|[upkeep]\n|-damage|p1a: Zacian|94\/100|[from] Sandstorm\n|-heal|p1a: Zacian|100\/100|[from] item: Leftovers\n|upkeep\n|turn|14\n|\n|t:|1699133882\n|move|p1a: Zacian|Play Rough|p2a: DREAM ON\n|-supereffective|p2a: DREAM ON\n|-damage|p2a: DREAM ON|0 fnt\n|faint|p2a: DREAM ON\n|\n|-weather|Sandstorm|[upkeep]\n|-damage|p1a: Zacian|94\/100|[from] Sandstorm\n|-heal|p1a: Zacian|100\/100|[from] item: Leftovers\n|upkeep\n|\n|t:|1699133888\n|switch|p2a: Uwu orb|Magearna|95\/100\n|turn|15\n|\n|t:|1699133890\n|move|p1a: Zacian|Iron Head|p2a: Uwu orb\n|-damage|p2a: Uwu orb|38\/100\n|move|p2a: Uwu orb|Thunder Wave|p1a: Zacian|[miss]\n|-miss|p2a: Uwu orb|p1a: Zacian\n|\n|-weather|Sandstorm|[upkeep]\n|-damage|p1a: Zacian|94\/100|[from] Sandstorm\n|-heal|p1a: Zacian|100\/100|[from] item: Leftovers\n|-heal|p2a: Uwu orb|44\/100|[from] item: Leftovers\n|upkeep\n|turn|16\n|\n|t:|1699133895\n|move|p1a: Zacian|Iron Head|p2a: Uwu orb\n|-damage|p2a: Uwu orb|0 fnt\n|faint|p2a: Uwu orb\n|\n|-weather|Sandstorm|[upkeep]\n|-damage|p1a: Zacian|94\/100|[from] Sandstorm\n|-heal|p1a: Zacian|100\/100|[from] item: Leftovers\n|upkeep\n|\n|t:|1699133897\n|switch|p2a: Donphozo|Donphan, M|47\/100\n|turn|17\n|\n|t:|1699133904\n|move|p1a: Zacian|Play Rough|p2a: Donphozo\n|-damage|p2a: Donphozo|0 fnt\n|faint|p2a: Donphozo\n|\n|-weather|Sandstorm|[upkeep]\n|-damage|p1a: Zacian|94\/100|[from] Sandstorm\n|-heal|p1a: Zacian|100\/100|[from] item: Leftovers\n|upkeep\n|\n|t:|1699133907\n|switch|p2a: Arc the rock eus|Arceus-Rock|100\/100\n|turn|18\n|\n|t:|1699133910\n|move|p1a: Zacian|Swords Dance|p1a: Zacian\n|-boost|p1a: Zacian|atk|2\n|move|p2a: Arc the rock eus|Judgment|p1a: Zacian\n|-damage|p1a: Zacian|59\/100\n|\n|-weather|Sandstorm|[upkeep]\n|-damage|p1a: Zacian|53\/100|[from] Sandstorm\n|-heal|p1a: Zacian|59\/100|[from] item: Leftovers\n|upkeep\n|turn|19\n|\n|t:|1699133915\n|move|p1a: Zacian|Swords Dance|p1a: Zacian\n|-boost|p1a: Zacian|atk|1\n|move|p2a: Arc the rock eus|Judgment|p1a: Zacian\n|-damage|p1a: Zacian|14\/100\n|\n|-weather|Sandstorm|[upkeep]\n|-damage|p1a: Zacian|8\/100|[from] Sandstorm\n|-heal|p1a: Zacian|14\/100|[from] item: Leftovers\n|upkeep\n|turn|20\n|\n|t:|1699133920\n|-terastallize|p2a: Arc the rock eus|Flying\n|move|p1a: Zacian|Iron Head|p2a: Arc the rock eus\n|-damage|p2a: Arc the rock eus|34\/100\n|cant|p2a: Arc the rock eus|flinch\n|\n|-weather|none\n|-heal|p1a: Zacian|20\/100|[from] item: Leftovers\n|upkeep\n|turn|21\n|\n|t:|1699133926\n|move|p1a: Zacian|Iron Head|p2a: Arc the rock eus\n|-damage|p2a: Arc the rock eus|0 fnt\n|faint|p2a: Arc the rock eus\n|\n|-heal|p1a: Zacian|26\/100|[from] item: Leftovers\n|upkeep\n|c|\u2606HinaKagiyama1|NNNNOOOOOO\n|\n|t:|1699133931\n|switch|p2a: Rockless|Houndstone, M|100\/100\n|turn|22\n|\n|t:|1699133933\n|move|p2a: Rockless|Shadow Sneak|p1a: Zacian\n|-damage|p1a: Zacian|4\/100\n|move|p1a: Zacian|Play Rough|p2a: Rockless\n|-crit|p2a: Rockless\n|-damage|p2a: Rockless|0 fnt\n|faint|p2a: Rockless\n|\n|win|ttkilla\n|c|\u2606ttkilla|gg\n|c|\u2606HinaKagiyama1|Crap\n|c|\u2606HinaKagiyama1|gg\n|c|\u2606HinaKagiyama1|As bad as that miss was\n|c|\u2606HinaKagiyama1|luck was on your side there xD\n|l|\u2606ttkilla\n|l|\u2606HinaKagiyama1\n|j|\u2606ttkilla\n|player|p1|ttkilla|cameraman\n","uploadtime":1699134056,"views":10,"p1id":"ttkilla","p2id":"hinakagiyama1","formatid":"gen9ubers","rating":0,"private":0,"password":""}