{"id":"gen9ubers-1976072419","p1":"Nitro524","p2":"Windflowerplains","format":"[Gen 9] Ubers","log":"|j|\u2606Nitro524\n|j|\u2606Windflowerplains\n|t:|1698261313\n|gametype|singles\n|player|p1|Nitro524|hilbert-wonderlauncher|\n|player|p2|Windflowerplains|caitlin-masters|\n|teamsize|p1|6\n|teamsize|p2|6\n|gen|9\n|tier|[Gen 9] Ubers\n|rule|Sleep Clause Mod: Limit one foe put to sleep\n|rule|Species Clause: Limit one of each Pok\u00e9mon\n|rule|OHKO Clause: OHKO moves are banned\n|rule|Evasion Items Clause: Evasion items are banned\n|rule|Evasion Moves Clause: Evasion moves are banned\n|rule|Endless Battle Clause: Forcing endless battles is banned\n|rule|HP Percentage Mod: HP is shown in percentages\n|clearpoke\n|poke|p1|Torkoal, M|\n|poke|p1|Chi-Yu|\n|poke|p1|Cyclizar, M|\n|poke|p1|Magearna|\n|poke|p1|Roaring Moon|\n|poke|p1|Walking Wake|\n|poke|p2|Gliscor, F|\n|poke|p2|Giratina|\n|poke|p2|Arceus-Poison|\n|poke|p2|Tyranitar, F|\n|poke|p2|Zacian-*|\n|poke|p2|Palkia-Origin|\n|teampreview\n|c|\u2606Nitro524|gl\n|c|\u2606Windflowerplains|u2\n|\n|t:|1698261333\n|start\n|switch|p1a: Chi-Yu|Chi-Yu|100\/100\n|switch|p2a: Zacian|Zacian|100\/100\n|-ability|p1a: Chi-Yu|Beads of Ruin\n|-ability|p2a: Zacian|Intrepid Sword|boost\n|-boost|p2a: Zacian|atk|1\n|turn|1\n|\n|t:|1698261346\n|switch|p1a: Magearna|Magearna|100\/100\n|switch|p2a: Tyranitar|Tyranitar, F|100\/100\n|-weather|Sandstorm|[from] ability: Sand Stream|[of] p2a: Tyranitar\n|\n|-weather|Sandstorm|[upkeep]\n|upkeep\n|turn|2\n|\n|t:|1698261367\n|switch|p2a: Arceus|Arceus-Poison|100\/100\n|move|p1a: Magearna|Shift Gear|p1a: Magearna\n|-boost|p1a: Magearna|spe|2\n|-boost|p1a: Magearna|atk|1\n|\n|-weather|Sandstorm|[upkeep]\n|-damage|p2a: Arceus|94\/100|[from] Sandstorm\n|upkeep\n|turn|3\n|\n|t:|1698261395\n|move|p1a: Magearna|Calm Mind|p1a: Magearna\n|-boost|p1a: Magearna|spa|1\n|-boost|p1a: Magearna|spd|1\n|move|p2a: Arceus|Roar|p1a: Magearna\n|drag|p1a: Torkoal|Torkoal, M|100\/100\n|-weather|SunnyDay|[from] ability: Drought|[of] p1a: Torkoal\n|\n|-weather|SunnyDay|[upkeep]\n|upkeep\n|turn|4\n|\n|t:|1698261409\n|move|p1a: Torkoal|Stealth Rock|p2a: Arceus\n|-sidestart|p2: Windflowerplains|move: Stealth Rock\n|move|p2a: Arceus|Roar|p1a: Torkoal\n|drag|p1a: Magearna|Magearna|100\/100\n|\n|-weather|SunnyDay|[upkeep]\n|upkeep\n|turn|5\n|\n|t:|1698261420\n|move|p1a: Magearna|Stored Power|p2a: Arceus\n|-supereffective|p2a: Arceus\n|-damage|p2a: Arceus|86\/100\n|move|p2a: Arceus|Roar|p1a: Magearna\n|drag|p1a: Cyclizar|Cyclizar, M|100\/100\n|\n|-weather|SunnyDay|[upkeep]\n|upkeep\n|turn|6\n|\n|t:|1698261431\n|move|p2a: Arceus|Extreme Speed|p1a: Cyclizar\n|-damage|p1a: Cyclizar|73\/100\n|move|p1a: Cyclizar|Taunt|p2a: Arceus\n|-start|p2a: Arceus|move: Taunt\n|\n|-weather|SunnyDay|[upkeep]\n|upkeep\n|turn|7\n|\n|t:|1698261437\n|switch|p1a: Magearna|Magearna|100\/100\n|move|p2a: Arceus|Extreme Speed|p1a: Magearna\n|-resisted|p1a: Magearna\n|-damage|p1a: Magearna|93\/100\n|\n|-weather|SunnyDay|[upkeep]\n|-heal|p1a: Magearna|99\/100|[from] item: Leftovers\n|upkeep\n|turn|8\n|\n|t:|1698261453\n|switch|p2a: Tyranitar|Tyranitar, F|100\/100\n|-damage|p2a: Tyranitar|88\/100|[from] Stealth Rock\n|-weather|Sandstorm|[from] ability: Sand Stream|[of] p2a: Tyranitar\n|move|p1a: Magearna|Calm Mind|p1a: Magearna\n|-boost|p1a: Magearna|spa|1\n|-boost|p1a: Magearna|spd|1\n|\n|-weather|Sandstorm|[upkeep]\n|-heal|p1a: Magearna|100\/100|[from] item: Leftovers\n|-heal|p2a: Tyranitar|94\/100|[from] item: Leftovers\n|upkeep\n|turn|9\n|\n|t:|1698261469\n|-terastallize|p2a: Tyranitar|Fairy\n|move|p1a: Magearna|Shift Gear|p1a: Magearna\n|-boost|p1a: Magearna|spe|2\n|-boost|p1a: Magearna|atk|1\n|move|p2a: Tyranitar|Thunder Wave|p1a: Magearna\n|-status|p1a: Magearna|par\n|\n|-weather|Sandstorm|[upkeep]\n|-damage|p2a: Tyranitar|88\/100|[from] Sandstorm\n|-heal|p2a: Tyranitar|94\/100|[from] item: Leftovers\n|upkeep\n|turn|10\n|\n|t:|1698261479\n|cant|p1a: Magearna|par\n|move|p2a: Tyranitar|Earthquake|p1a: Magearna\n|-supereffective|p1a: Magearna\n|-damage|p1a: Magearna|55\/100 par\n|\n|-weather|Sandstorm|[upkeep]\n|-damage|p2a: Tyranitar|88\/100|[from] Sandstorm\n|-heal|p1a: Magearna|61\/100 par|[from] item: Leftovers\n|-heal|p2a: Tyranitar|94\/100|[from] item: Leftovers\n|upkeep\n|turn|11\n|\n|t:|1698261498\n|move|p1a: Magearna|Draining Kiss|p2a: Tyranitar\n|-damage|p2a: Tyranitar|74\/100\n|-heal|p1a: Magearna|78\/100 par|[from] drain|[of] p2a: Tyranitar\n|move|p2a: Tyranitar|Earthquake|p1a: Magearna\n|-supereffective|p1a: Magearna\n|-damage|p1a: Magearna|30\/100 par\n|\n|-weather|Sandstorm|[upkeep]\n|-damage|p2a: Tyranitar|68\/100|[from] Sandstorm\n|-heal|p1a: Magearna|36\/100 par|[from] item: Leftovers\n|-heal|p2a: Tyranitar|74\/100|[from] item: Leftovers\n|upkeep\n|turn|12\n|\n|t:|1698261520\n|switch|p1a: Torkoal|Torkoal, M|100\/100\n|-weather|SunnyDay|[from] ability: Drought|[of] p1a: Torkoal\n|move|p2a: Tyranitar|Earthquake|p1a: Torkoal\n|-supereffective|p1a: Torkoal\n|-damage|p1a: Torkoal|68\/100\n|\n|-weather|SunnyDay|[upkeep]\n|-heal|p2a: Tyranitar|80\/100|[from] item: Leftovers\n|upkeep\n|turn|13\n|\n|t:|1698261531\n|switch|p2a: Gliscor|Gliscor, F|100\/100\n|-damage|p2a: Gliscor|88\/100|[from] Stealth Rock\n|move|p1a: Torkoal|Overheat|p2a: Gliscor\n|-damage|p2a: Gliscor|14\/100\n|-unboost|p1a: Torkoal|spa|2\n|\n|-weather|SunnyDay|[upkeep]\n|-status|p2a: Gliscor|tox|[from] item: Toxic Orb\n|upkeep\n|turn|14\n|\n|t:|1698261544\n|switch|p1a: Magearna|Magearna|36\/100 par\n|move|p2a: Gliscor|Toxic Spikes|p1a: Magearna\n|-sidestart|p1: Nitro524|move: Toxic Spikes\n|\n|-weather|SunnyDay|[upkeep]\n|-heal|p1a: Magearna|42\/100 par|[from] item: Leftovers\n|-heal|p2a: Gliscor|27\/100 tox|[from] ability: Poison Heal\n|upkeep\n|turn|15\n|\n|t:|1698261551\n|move|p2a: Gliscor|Toxic Spikes|p1a: Magearna\n|-sidestart|p1: Nitro524|move: Toxic Spikes\n|move|p1a: Magearna|Draining Kiss|p2a: Gliscor\n|-damage|p2a: Gliscor|0 fnt\n|-heal|p1a: Magearna|61\/100 par|[from] drain|[of] p2a: Gliscor\n|faint|p2a: Gliscor\n|-ability|p1a: Magearna|Soul-Heart|boost\n|-boost|p1a: Magearna|spa|1\n|\n|-weather|SunnyDay|[upkeep]\n|-heal|p1a: Magearna|67\/100 par|[from] item: Leftovers\n|upkeep\n|\n|t:|1698261567\n|switch|p2a: Palkia|Palkia-Origin|100\/100\n|-damage|p2a: Palkia|88\/100|[from] Stealth Rock\n|-ability|p2a: Palkia|Pressure\n|turn|16\n|\n|t:|1698261577\n|move|p2a: Palkia|Fire Blast|p1a: Magearna\n|-supereffective|p1a: Magearna\n|-damage|p1a: Magearna|0 fnt\n|faint|p1a: Magearna\n|\n|-weather|SunnyDay|[upkeep]\n|upkeep\n|\n|t:|1698261582\n|switch|p1a: Cyclizar|Cyclizar, M|100\/100\n|turn|17\n|\n|t:|1698261586\n|switch|p2a: Giratina|Giratina, shiny|100\/100\n|-ability|p2a: Giratina|Pressure\n|move|p1a: Cyclizar|Rapid Spin|p2a: Giratina\n|-immune|p2a: Giratina\n|\n|-weather|SunnyDay|[upkeep]\n|upkeep\n|turn|18\n|\n|t:|1698261599\n|move|p2a: Giratina|Dragon Claw|p1a: Cyclizar\n|-supereffective|p1a: Cyclizar\n|-damage|p1a: Cyclizar|0 fnt\n|faint|p1a: Cyclizar\n|\n|-weather|SunnyDay|[upkeep]\n|upkeep\n|\n|t:|1698261606\n|switch|p1a: Chi-Yu|Chi-Yu|100\/100\n|-status|p1a: Chi-Yu|tox\n|-ability|p1a: Chi-Yu|Beads of Ruin\n|turn|19\n|\n|t:|1698261626\n|switch|p2a: Tyranitar|Tyranitar, F, tera:Fairy|80\/100\n|-damage|p2a: Tyranitar|68\/100|[from] Stealth Rock\n|-weather|Sandstorm|[from] ability: Sand Stream|[of] p2a: Tyranitar\n|move|p1a: Chi-Yu|Dark Pulse|p2a: Tyranitar\n|-resisted|p2a: Tyranitar\n|-damage|p2a: Tyranitar|48\/100\n|\n|-weather|Sandstorm|[upkeep]\n|-damage|p1a: Chi-Yu|95\/100 tox|[from] Sandstorm\n|-damage|p2a: Tyranitar|42\/100|[from] Sandstorm\n|-heal|p2a: Tyranitar|48\/100|[from] item: Leftovers\n|-damage|p1a: Chi-Yu|89\/100 tox|[from] psn\n|upkeep\n|turn|20\n|\n|t:|1698261648\n|switch|p1a: Torkoal|Torkoal, M|68\/100\n|-status|p1a: Torkoal|tox\n|-weather|SunnyDay|[from] ability: Drought|[of] p1a: Torkoal\n|move|p2a: Tyranitar|Thunder Wave||[still]\n|-fail|p2a: Tyranitar\n|\n|-weather|SunnyDay|[upkeep]\n|-heal|p2a: Tyranitar|54\/100|[from] item: Leftovers\n|-damage|p1a: Torkoal|62\/100 tox|[from] psn\n|upkeep\n|turn|21\n|\n|t:|1698261659\n|move|p2a: Tyranitar|Earthquake|p1a: Torkoal\n|-supereffective|p1a: Torkoal\n|-damage|p1a: Torkoal|30\/100 tox\n|move|p1a: Torkoal|Overheat|p2a: Tyranitar|[miss]\n|-miss|p1a: Torkoal|p2a: Tyranitar\n|\n|-weather|SunnyDay|[upkeep]\n|-heal|p2a: Tyranitar|60\/100|[from] item: Leftovers\n|-damage|p1a: Torkoal|17\/100 tox|[from] psn\n|upkeep\n|turn|22\n|\n|t:|1698261671\n|switch|p2a: Giratina|Giratina, shiny|100\/100\n|-ability|p2a: Giratina|Pressure\n|switch|p1a: Roaring Moon|Roaring Moon|100\/100\n|-status|p1a: Roaring Moon|tox\n|-activate|p1a: Roaring Moon|ability: Protosynthesis\n|-start|p1a: Roaring Moon|protosynthesisspe\n|\n|-weather|SunnyDay|[upkeep]\n|-damage|p1a: Roaring Moon|95\/100 tox|[from] psn\n|upkeep\n|turn|23\n|\n|t:|1698261683\n|switch|p2a: Tyranitar|Tyranitar, F, tera:Fairy|60\/100\n|-damage|p2a: Tyranitar|48\/100|[from] Stealth Rock\n|-weather|Sandstorm|[from] ability: Sand Stream|[of] p2a: Tyranitar\n|-end|p1a: Roaring Moon|Protosynthesis\n|-enditem|p1a: Roaring Moon|Booster Energy\n|-activate|p1a: Roaring Moon|ability: Protosynthesis|[fromitem]\n|-start|p1a: Roaring Moon|protosynthesisspe\n|move|p1a: Roaring Moon|Knock Off|p2a: Tyranitar\n|-resisted|p2a: Tyranitar\n|-damage|p2a: Tyranitar|28\/100\n|-enditem|p2a: Tyranitar|Leftovers|[from] move: Knock Off|[of] p1a: Roaring Moon\n|\n|-weather|Sandstorm|[upkeep]\n|-damage|p1a: Roaring Moon|89\/100 tox|[from] Sandstorm\n|-damage|p2a: Tyranitar|22\/100|[from] Sandstorm\n|-damage|p1a: Roaring Moon|77\/100 tox|[from] psn\n|upkeep\n|turn|24\n|\n|t:|1698261702\n|switch|p2a: Arceus|Arceus-Poison|86\/100\n|-damage|p2a: Arceus|74\/100|[from] Stealth Rock\n|move|p1a: Roaring Moon|Earthquake|p2a: Arceus\n|-supereffective|p2a: Arceus\n|-damage|p2a: Arceus|23\/100\n|\n|-weather|Sandstorm|[upkeep]\n|-damage|p1a: Roaring Moon|71\/100 tox|[from] Sandstorm\n|-damage|p2a: Arceus|16\/100|[from] Sandstorm\n|-damage|p1a: Roaring Moon|53\/100 tox|[from] psn\n|upkeep\n|turn|25\n|\n|t:|1698261715\n|move|p2a: Arceus|Extreme Speed|p1a: Roaring Moon\n|-damage|p1a: Roaring Moon|22\/100 tox\n|move|p1a: Roaring Moon|Earthquake|p2a: Arceus\n|-supereffective|p2a: Arceus\n|-damage|p2a: Arceus|0 fnt\n|faint|p2a: Arceus\n|\n|-weather|Sandstorm|[upkeep]\n|-damage|p1a: Roaring Moon|16\/100 tox|[from] Sandstorm\n|-damage|p1a: Roaring Moon|0 fnt|[from] psn\n|faint|p1a: Roaring Moon\n|-end|p1a: Roaring Moon|Protosynthesis|[silent]\n|upkeep\n|\n|t:|1698261740\n|switch|p2a: Palkia|Palkia-Origin|88\/100\n|switch|p1a: Chi-Yu|Chi-Yu|89\/100 tox\n|-ability|p1a: Chi-Yu|Beads of Ruin\n|-damage|p2a: Palkia|76\/100|[from] Stealth Rock\n|-ability|p2a: Palkia|Pressure\n|turn|26\n|\n|t:|1698261768\n|switch|p2a: Zacian|Zacian|100\/100\n|-damage|p2a: Zacian|88\/100|[from] Stealth Rock\n|move|p1a: Chi-Yu|Dark Pulse|p2a: Zacian\n|-resisted|p2a: Zacian\n|-damage|p2a: Zacian|58\/100\n|\n|-weather|Sandstorm|[upkeep]\n|-damage|p1a: Chi-Yu|83\/100 tox|[from] Sandstorm\n|-damage|p2a: Zacian|52\/100|[from] Sandstorm\n|-damage|p1a: Chi-Yu|77\/100 tox|[from] psn\n|upkeep\n|turn|27\n|\n|t:|1698261818\n|switch|p1a: Torkoal|Torkoal, M|17\/100 tox\n|-weather|SunnyDay|[from] ability: Drought|[of] p1a: Torkoal\n|move|p2a: Zacian|Play Rough|p1a: Torkoal\n|-resisted|p1a: Torkoal\n|-damage|p1a: Torkoal|0 fnt\n|faint|p1a: Torkoal\n|\n|-weather|SunnyDay|[upkeep]\n|upkeep\n|\n|t:|1698261821\n|switch|p1a: Walking Wake|Walking Wake|100\/100\n|-status|p1a: Walking Wake|tox\n|-activate|p1a: Walking Wake|ability: Protosynthesis\n|-start|p1a: Walking Wake|protosynthesisspe\n|turn|28\n|\n|t:|1698261834\n|switch|p2a: Tyranitar|Tyranitar, F, tera:Fairy|22\/100\n|-damage|p2a: Tyranitar|9\/100|[from] Stealth Rock\n|-weather|Sandstorm|[from] ability: Sand Stream|[of] p2a: Tyranitar\n|-end|p1a: Walking Wake|Protosynthesis\n|-terastallize|p1a: Walking Wake|Fairy\n|move|p1a: Walking Wake|Tera Blast|p2a: Tyranitar|[anim] Tera Blast Fairy\n|-damage|p2a: Tyranitar|0 fnt\n|faint|p2a: Tyranitar\n|\n|-weather|Sandstorm|[upkeep]\n|-damage|p1a: Walking Wake|94\/100 tox|[from] Sandstorm\n|-damage|p1a: Walking Wake|88\/100 tox|[from] psn\n|upkeep\n|\n|t:|1698261855\n|switch|p2a: Zacian|Zacian|52\/100\n|-damage|p2a: Zacian|39\/100|[from] Stealth Rock\n|turn|29\n|\n|t:|1698261868\n|move|p2a: Zacian|Iron Head|p1a: Walking Wake\n|-supereffective|p1a: Walking Wake\n|-damage|p1a: Walking Wake|1\/100 tox\n|cant|p1a: Walking Wake|flinch\n|\n|-weather|Sandstorm|[upkeep]\n|-damage|p2a: Zacian|33\/100|[from] Sandstorm\n|-damage|p1a: Walking Wake|0 fnt|[from] Sandstorm\n|faint|p1a: Walking Wake\n|-end|p1a: Walking Wake|Protosynthesis|[silent]\n|upkeep\n|\n|t:|1698261871\n|switch|p1a: Chi-Yu|Chi-Yu|77\/100 tox\n|-ability|p1a: Chi-Yu|Beads of Ruin\n|turn|30\n|\n|t:|1698261882\n|move|p1a: Chi-Yu|Psychic|p2a: Zacian\n|-damage|p2a: Zacian|0 fnt\n|faint|p2a: Zacian\n|\n|-weather|Sandstorm|[upkeep]\n|-damage|p1a: Chi-Yu|71\/100 tox|[from] Sandstorm\n|-damage|p1a: Chi-Yu|65\/100 tox|[from] psn\n|upkeep\n|c|\u2606Nitro524|gg\n|c|\u2606Windflowerplains|gg\n|\n|t:|1698261898\n|switch|p2a: Giratina|Giratina, shiny|100\/100\n|-ability|p2a: Giratina|Pressure\n|turn|31\n|\n|t:|1698261909\n|move|p1a: Chi-Yu|Psychic|p2a: Giratina\n|-damage|p2a: Giratina|75\/100\n|move|p2a: Giratina|Dragon Claw|p1a: Chi-Yu\n|-damage|p1a: Chi-Yu|4\/100 tox\n|\n|-weather|Sandstorm|[upkeep]\n|-damage|p1a: Chi-Yu|0 fnt|[from] Sandstorm\n|-damage|p2a: Giratina|69\/100|[from] Sandstorm\n|faint|p1a: Chi-Yu\n|\n|win|Windflowerplains\n|upkeep\n|c|\u2606Windflowerplains|think dark pulse might have swept\n|c|\u2606Nitro524|dark pulse wouldn't have ko'd zac\n|c|\u2606Windflowerplains|k\n|c|\u2606Nitro524|ggs tho!\n|c|\u2606Nitro524|wp\n|c|\u2606Windflowerplains|u2\n|c|\u2606Nitro524|gtg but yeah take care\n|c|\u2606Nitro524|see ya aroun\n|c|\u2606Nitro524|d\n|c|\u2606Windflowerplains|yeah take care\n","uploadtime":1698261939,"views":8,"p1id":"nitro524","p2id":"windflowerplains","formatid":"gen9ubers","rating":0,"private":0,"password":""}