{"id":"gen9ubers-1977252952","p1":"Eeveemon133","p2":"WommyHgyes","format":"[Gen 9] Ubers","log":"|j|\u2606Eeveemon133\n|j|\u2606WommyHgyes\n|t:|1698394356\n|gametype|singles\n|player|p1|Eeveemon133|1|1044\n|player|p2|WommyHgyes|cheryl|1118\n|teamsize|p1|6\n|teamsize|p2|6\n|gen|9\n|tier|[Gen 9] Ubers\n|rated|\n|rule|Sleep Clause Mod: Limit one foe put to sleep\n|rule|Species Clause: Limit one of each Pok\u00e9mon\n|rule|OHKO Clause: OHKO moves are banned\n|rule|Evasion Items Clause: Evasion items are banned\n|rule|Evasion Moves Clause: Evasion moves are banned\n|rule|Endless Battle Clause: Forcing endless battles is banned\n|rule|HP Percentage Mod: HP is shown in percentages\n|clearpoke\n|poke|p1|Darkrai|\n|poke|p1|Ogerpon-Hearthflame, F|\n|poke|p1|Dialga|\n|poke|p1|Palkia-Origin|\n|poke|p1|Koraidon|\n|poke|p1|Baxcalibur, M|\n|poke|p2|Heatran, F|\n|poke|p2|Ursaluna-Bloodmoon, M|\n|poke|p2|Groudon|\n|poke|p2|Urshifu-*, M|\n|poke|p2|Flutter Mane|\n|poke|p2|Arceus-Fighting|\n|teampreview\n|inactive|Battle timer is ON: inactive players will automatically lose when time's up. (requested by Eeveemon133)\n|\n|t:|1698394382\n|start\n|switch|p1a: Dialga|Dialga|100\/100\n|switch|p2a: Death Fist|Urshifu, M|100\/100\n|-ability|p1a: Dialga|Pressure\n|turn|1\n|\n|t:|1698394391\n|move|p2a: Death Fist|Close Combat|p1a: Dialga\n|-supereffective|p1a: Dialga\n|-damage|p1a: Dialga|0 fnt\n|-unboost|p2a: Death Fist|def|1\n|-unboost|p2a: Death Fist|spd|1\n|faint|p1a: Dialga\n|\n|upkeep\n|\n|t:|1698394395\n|switch|p1a: Palkia|Palkia-Origin|100\/100\n|-ability|p1a: Palkia|Pressure\n|turn|2\n|\n|t:|1698394405\n|switch|p2a: Unscare|Flutter Mane|100\/100\n|move|p1a: Palkia|Spacial Rend|p2a: Unscare\n|-immune|p2a: Unscare\n|\n|upkeep\n|turn|3\n|\n|t:|1698394416\n|-terastallize|p1a: Palkia|Water\n|move|p2a: Unscare|Shadow Ball|p1a: Palkia\n|-damage|p1a: Palkia|42\/100\n|move|p1a: Palkia|Thunder Wave|p2a: Unscare|[miss]\n|-miss|p1a: Palkia|p2a: Unscare\n|\n|upkeep\n|turn|4\n|\n|t:|1698394426\n|-end|p2a: Unscare|Protosynthesis|[silent]\n|switch|p2a: DREAD|Ursaluna-Bloodmoon, M|100\/100\n|switch|p1a: Darkrai|Darkrai|100\/100\n|\n|upkeep\n|turn|5\n|\n|t:|1698394434\n|move|p1a: Darkrai|Hypnosis|p2a: DREAD|[miss]\n|-miss|p1a: Darkrai|p2a: DREAD\n|-enditem|p1a: Darkrai|Blunder Policy\n|-boost|p1a: Darkrai|spe|2\n|move|p2a: DREAD|Blood Moon|p1a: Darkrai\n|-damage|p1a: Darkrai|0 fnt\n|faint|p1a: Darkrai\n|\n|upkeep\n|\n|t:|1698394436\n|switch|p1a: Palkia|Palkia-Origin, tera:Water|42\/100\n|-ability|p1a: Palkia|Pressure\n|turn|6\n|\n|t:|1698394445\n|move|p1a: Palkia|Hydro Pump|p2a: DREAD\n|-supereffective|p2a: DREAD\n|-damage|p2a: DREAD|0 fnt\n|faint|p2a: DREAD\n|\n|upkeep\n|\n|t:|1698394453\n|switch|p2a: Death Fist|Urshifu, M|100\/100\n|turn|7\n|inactive|Eeveemon133 has 120 seconds left.\n|\n|t:|1698394492\n|move|p1a: Palkia|Thunder Wave|p2a: Death Fist\n|-status|p2a: Death Fist|par\n|move|p2a: Death Fist|Wicked Blow|p1a: Palkia\n|-crit|p1a: Palkia\n|-damage|p1a: Palkia|0 fnt\n|faint|p1a: Palkia\n|\n|upkeep\n|\n|t:|1698394496\n|switch|p1a: Baxcalibur|Baxcalibur, M|100\/100\n|turn|8\n|\n|t:|1698394508\n|switch|p2a: Sharp!|Groudon, shiny|100\/100\n|-weather|SunnyDay|[from] ability: Drought|[of] p2a: Sharp!\n|move|p1a: Baxcalibur|Substitute|p1a: Baxcalibur\n|-start|p1a: Baxcalibur|Substitute\n|-damage|p1a: Baxcalibur|76\/100\n|\n|-weather|SunnyDay|[upkeep]\n|upkeep\n|turn|9\n|\n|t:|1698394528\n|move|p1a: Baxcalibur|Scale Shot|p2a: Sharp!\n|-damage|p2a: Sharp!|91\/100\n|-damage|p2a: Sharp!|82\/100\n|-damage|p2a: Sharp!|73\/100\n|-damage|p2a: Sharp!|64\/100\n|-hitcount|p2a: Sharp!|4\n|-unboost|p1a: Baxcalibur|def|1\n|-boost|p1a: Baxcalibur|spe|1\n|move|p2a: Sharp!|Precipice Blades|p1a: Baxcalibur\n|-end|p1a: Baxcalibur|Substitute\n|\n|-weather|SunnyDay|[upkeep]\n|upkeep\n|turn|10\n|\n|t:|1698394547\n|-terastallize|p2a: Sharp!|Fire\n|move|p1a: Baxcalibur|Icicle Spear|p2a: Sharp!\n|-resisted|p2a: Sharp!\n|-damage|p2a: Sharp!|59\/100\n|-resisted|p2a: Sharp!\n|-damage|p2a: Sharp!|54\/100\n|-resisted|p2a: Sharp!\n|-damage|p2a: Sharp!|50\/100\n|-resisted|p2a: Sharp!\n|-damage|p2a: Sharp!|46\/100\n|-hitcount|p2a: Sharp!|4\n|move|p2a: Sharp!|Fire Punch|p1a: Baxcalibur\n|-crit|p1a: Baxcalibur\n|-damage|p1a: Baxcalibur|0 fnt\n|faint|p1a: Baxcalibur\n|\n|-weather|SunnyDay|[upkeep]\n|upkeep\n|\n|t:|1698394555\n|switch|p1a: Ogerpon|Ogerpon-Hearthflame, F|100\/100\n|-ability|p1a: Ogerpon|Mold Breaker\n|turn|11\n|\n|t:|1698394563\n|switch|p2a: I'M NOT AFRAID|Heatran, F|100\/100\n|move|p1a: Ogerpon|Ivy Cudgel|p2a: I'M NOT AFRAID\n|-start|p2a: I'M NOT AFRAID|ability: Flash Fire\n|\n|-weather|SunnyDay|[upkeep]\n|upkeep\n|turn|12\n|\n|t:|1698394570\n|switch|p1a: Koraidon|Koraidon|100\/100\n|-activate|p1a: Koraidon|ability: Orichalcum Pulse\n|move|p2a: I'M NOT AFRAID|Magma Storm|p1a: Koraidon\n|-resisted|p1a: Koraidon\n|-damage|p1a: Koraidon|52\/100\n|-activate|p1a: Koraidon|move: Magma Storm|[of] p2a: I'M NOT AFRAID\n|\n|-weather|none\n|-heal|p1a: Koraidon|58\/100|[from] item: Leftovers\n|-damage|p1a: Koraidon|46\/100|[from] move: Magma Storm|[partiallytrapped]\n|upkeep\n|turn|13\n|\n|t:|1698394582\n|move|p1a: Koraidon|Low Kick|p2a: I'M NOT AFRAID\n|-supereffective|p2a: I'M NOT AFRAID\n|-damage|p2a: I'M NOT AFRAID|8\/100\n|move|p2a: I'M NOT AFRAID|Iron Defense|p2a: I'M NOT AFRAID\n|-boost|p2a: I'M NOT AFRAID|def|2\n|\n|-heal|p1a: Koraidon|52\/100|[from] item: Leftovers\n|-damage|p1a: Koraidon|40\/100|[from] move: Magma Storm|[partiallytrapped]\n|upkeep\n|turn|14\n|inactive|Eeveemon133 has 120 seconds left.\n|\n|t:|1698394622\n|move|p1a: Koraidon|Low Kick|p2a: I'M NOT AFRAID\n|-supereffective|p2a: I'M NOT AFRAID\n|-damage|p2a: I'M NOT AFRAID|0 fnt\n|faint|p2a: I'M NOT AFRAID\n|\n|-heal|p1a: Koraidon|46\/100|[from] item: Leftovers\n|-end|p1a: Koraidon|Magma Storm|[partiallytrapped]|[silent]\n|upkeep\n|\n|t:|1698394633\n|switch|p2a: Unigod|Arceus-Fighting|100\/100\n|turn|15\n|inactive|Eeveemon133 has 120 seconds left.\n|\n|t:|1698394644\n|switch|p1a: Ogerpon|Ogerpon-Hearthflame, F|100\/100\n|-ability|p1a: Ogerpon|Mold Breaker\n|move|p2a: Unigod|Cosmic Power|p2a: Unigod\n|-boost|p2a: Unigod|def|1\n|-boost|p2a: Unigod|spd|1\n|\n|upkeep\n|turn|16\n|\n|t:|1698394653\n|switch|p1a: Koraidon|Koraidon|46\/100\n|-weather|SunnyDay|[from] ability: Orichalcum Pulse|[of] p1a: Koraidon\n|-activate|p1a: Koraidon|Orichalcum Pulse|[source]\n|move|p2a: Unigod|Body Press|p1a: Koraidon\n|-damage|p1a: Koraidon|0 fnt\n|faint|p1a: Koraidon\n|\n|-weather|SunnyDay|[upkeep]\n|upkeep\n|\n|t:|1698394657\n|switch|p1a: Ogerpon|Ogerpon-Hearthflame, F|100\/100\n|-ability|p1a: Ogerpon|Mold Breaker\n|turn|17\n|\n|t:|1698394665\n|move|p1a: Ogerpon|Trailblaze|p2a: Unigod\n|-damage|p2a: Unigod|90\/100\n|-boost|p1a: Ogerpon|spe|1\n|move|p2a: Unigod|Cosmic Power|p2a: Unigod\n|-boost|p2a: Unigod|def|1\n|-boost|p2a: Unigod|spd|1\n|\n|-weather|SunnyDay|[upkeep]\n|upkeep\n|turn|18\n|inactive|Eeveemon133 has 120 seconds left.\n|inactive|Eeveemon133 has 90 seconds left.\n|\n|t:|1698394730\n|move|p1a: Ogerpon|Swords Dance|p1a: Ogerpon\n|-boost|p1a: Ogerpon|atk|2\n|move|p2a: Unigod|Body Press|p1a: Ogerpon\n|-damage|p1a: Ogerpon|0 fnt\n|faint|p1a: Ogerpon\n|\n|win|WommyHgyes\n|raw|Eeveemon133's rating: 1044 &rarr; <strong>1031<\/strong><br \/>(-13 for losing)\n|raw|WommyHgyes's rating: 1118 &rarr; <strong>1138<\/strong><br \/>(+20 for winning)\n|l|\u2606Eeveemon133\n","uploadtime":1698394743,"views":19,"p1id":"eeveemon133","p2id":"wommyhgyes","formatid":"gen9ubers","rating":1031,"private":0,"password":""}