{"id":"gen9ubers-1980777802","p1":"CloudClynx","p2":"Ethan Vover","format":"[Gen 9] Ubers","log":"|j|\u2606CloudClynx\n|j|\u2606Ethan Vover\n|t:|1698831294\n|gametype|singles\n|player|p1|CloudClynx|266|1000\n|player|p2|Ethan Vover|2|1163\n|teamsize|p1|6\n|teamsize|p2|6\n|gen|9\n|tier|[Gen 9] Ubers\n|rated|\n|rule|Sleep Clause Mod: Limit one foe put to sleep\n|rule|Species Clause: Limit one of each Pok\u00e9mon\n|rule|OHKO Clause: OHKO moves are banned\n|rule|Evasion Items Clause: Evasion items are banned\n|rule|Evasion Moves Clause: Evasion moves are banned\n|rule|Endless Battle Clause: Forcing endless battles is banned\n|rule|HP Percentage Mod: HP is shown in percentages\n|clearpoke\n|poke|p1|Arceus|\n|poke|p1|Palkia|\n|poke|p1|Darkrai|\n|poke|p1|Rayquaza|\n|poke|p1|Zacian-*|\n|poke|p1|Zamazenta-*|\n|poke|p2|Torterra, M|\n|poke|p2|Zoroark-Hisui, M|\n|poke|p2|Goodra-Hisui, F|\n|poke|p2|Gliscor, M|\n|poke|p2|Palkia-Origin|\n|poke|p2|Cinderace, M|\n|teampreview\n|\n|t:|1698831311\n|start\n|switch|p1a: Zamazenta|Zamazenta-Crowned|100\/100\n|switch|p2a: Torterra|Torterra, M|100\/100\n|-ability|p1a: Zamazenta|Dauntless Shield|boost\n|-boost|p1a: Zamazenta|def|1\n|turn|1\n|\n|t:|1698831321\n|move|p1a: Zamazenta|Crunch|p2a: Torterra\n|-damage|p2a: Torterra|77\/100\n|move|p2a: Torterra|Shell Smash|p2a: Torterra\n|-unboost|p2a: Torterra|def|1\n|-unboost|p2a: Torterra|spd|1\n|-boost|p2a: Torterra|atk|2\n|-boost|p2a: Torterra|spa|2\n|-boost|p2a: Torterra|spe|2\n|-enditem|p2a: Torterra|White Herb\n|-clearnegativeboost|p2a: Torterra|[silent]\n|\n|upkeep\n|turn|2\n|\n|t:|1698831332\n|move|p2a: Torterra|Earthquake|p1a: Zamazenta\n|-supereffective|p1a: Zamazenta\n|-damage|p1a: Zamazenta|1\/100\n|move|p1a: Zamazenta|Moonblast|p2a: Torterra\n|-damage|p2a: Torterra|52\/100\n|\n|upkeep\n|turn|3\n|\n|t:|1698831361\n|move|p2a: Torterra|Earthquake|p1a: Zamazenta\n|-supereffective|p1a: Zamazenta\n|-damage|p1a: Zamazenta|0 fnt\n|faint|p1a: Zamazenta\n|\n|upkeep\n|\n|t:|1698831367\n|switch|p1a: Palkia|Palkia|100\/100\n|-ability|p1a: Palkia|Pressure\n|turn|4\n|\n|t:|1698831394\n|move|p2a: Torterra|Wood Hammer|p1a: Palkia\n|-damage|p1a: Palkia|0 fnt\n|faint|p1a: Palkia\n|-damage|p2a: Torterra|19\/100|[from] Recoil\n|\n|upkeep\n|c|\u2606CloudClynx|Hi\n|\n|t:|1698831407\n|switch|p1a: Rayquaza|Rayquaza|100\/100\n|-ability|p1a: Rayquaza|Air Lock\n|turn|5\n|\n|t:|1698831415\n|move|p2a: Torterra|Crunch|p1a: Rayquaza\n|-damage|p1a: Rayquaza|48\/100\n|move|p1a: Rayquaza|Ancient Power|p2a: Torterra\n|-resisted|p2a: Torterra\n|-damage|p2a: Torterra|7\/100\n|-boost|p1a: Rayquaza|atk|1\n|-boost|p1a: Rayquaza|def|1\n|-boost|p1a: Rayquaza|spa|1\n|-boost|p1a: Rayquaza|spd|1\n|-boost|p1a: Rayquaza|spe|1\n|\n|upkeep\n|turn|6\n|\n|t:|1698831424\n|move|p2a: Torterra|Crunch|p1a: Rayquaza\n|-damage|p1a: Rayquaza|15\/100\n|-enditem|p1a: Rayquaza|Aguav Berry|[eat]\n|-heal|p1a: Rayquaza|48\/100|[from] item: Aguav Berry\n|move|p1a: Rayquaza|Hydro Pump|p2a: Torterra\n|-damage|p2a: Torterra|0 fnt\n|faint|p2a: Torterra\n|\n|upkeep\n|\n|t:|1698831439\n|switch|p2a: Goodra|Goodra-Hisui, F|100\/100\n|turn|7\n|n|!CloudClynx|cloudclynx\n|\n|t:|1698831456\n|move|p1a: Rayquaza|Energy Ball|p2a: Goodra\n|-damage|p2a: Goodra|6\/100\n|replace|p2a: Zoroark|Zoroark-Hisui, M\n|-end|p2a: Zoroark|Illusion\n|-enditem|p2a: Zoroark|Aguav Berry|[eat]\n|-heal|p2a: Zoroark|40\/100|[from] item: Aguav Berry\n|move|p2a: Zoroark|Hyper Voice|p1a: Rayquaza\n|-damage|p1a: Rayquaza|17\/100\n|\n|upkeep\n|turn|8\n|\n|t:|1698831466\n|move|p1a: Rayquaza|Ancient Power|p2a: Zoroark\n|-damage|p2a: Zoroark|0 fnt\n|faint|p2a: Zoroark\n|\n|upkeep\n|\n|t:|1698831470\n|switch|p2a: Goodra|Goodra-Hisui, F|100\/100\n|turn|9\n|\n|t:|1698831474\n|move|p1a: Rayquaza|Energy Ball|p2a: Goodra\n|-resisted|p2a: Goodra\n|-damage|p2a: Goodra|93\/100\n|move|p2a: Goodra|Flash Cannon|p1a: Rayquaza\n|-damage|p1a: Rayquaza|0 fnt\n|faint|p1a: Rayquaza\n|\n|-heal|p2a: Goodra|99\/100|[from] item: Leftovers\n|upkeep\n|\n|t:|1698831484\n|switch|p1a: Zacian|Zacian-Crowned|100\/100\n|-ability|p1a: Zacian|Intrepid Sword|boost\n|-boost|p1a: Zacian|atk|1\n|turn|10\n|\n|t:|1698831505\n|move|p1a: Zacian|Crunch|p2a: Goodra\n|-damage|p2a: Goodra|52\/100\n|move|p2a: Goodra|Acid Armor|p2a: Goodra\n|-boost|p2a: Goodra|def|2\n|\n|-heal|p2a: Goodra|58\/100|[from] item: Leftovers\n|upkeep\n|turn|11\n|\n|t:|1698831518\n|move|p1a: Zacian|Flash Cannon|p2a: Goodra\n|-resisted|p2a: Goodra\n|-damage|p2a: Goodra|50\/100\n|move|p2a: Goodra|Acid Armor|p2a: Goodra\n|-boost|p2a: Goodra|def|2\n|\n|-heal|p2a: Goodra|55\/100|[from] item: Leftovers\n|upkeep\n|turn|12\n|\n|t:|1698831546\n|move|p1a: Zacian|Air Slash|p2a: Goodra|[miss]\n|-miss|p1a: Zacian|p2a: Goodra\n|move|p2a: Goodra|Acid Armor|p2a: Goodra\n|-boost|p2a: Goodra|def|2\n|\n|-heal|p2a: Goodra|61\/100|[from] item: Leftovers\n|upkeep\n|turn|13\n|\n|t:|1698831555\n|-terastallize|p1a: Zacian|Fairy\n|move|p1a: Zacian|Air Slash|p2a: Goodra\n|-resisted|p2a: Goodra\n|-damage|p2a: Goodra|56\/100\n|cant|p2a: Goodra|flinch\n|\n|-heal|p2a: Goodra|62\/100|[from] item: Leftovers\n|upkeep\n|turn|14\n|\n|t:|1698831570\n|move|p1a: Zacian|Crunch|p2a: Goodra\n|-damage|p2a: Goodra|50\/100\n|move|p2a: Goodra|Flash Cannon|p1a: Zacian\n|-supereffective|p1a: Zacian\n|-damage|p1a: Zacian|37\/100\n|\n|-heal|p2a: Goodra|56\/100|[from] item: Leftovers\n|upkeep\n|turn|15\n|\n|t:|1698831579\n|move|p1a: Zacian|Protect|p1a: Zacian\n|-singleturn|p1a: Zacian|Protect\n|move|p2a: Goodra|Flash Cannon|p1a: Zacian\n|-activate|p1a: Zacian|move: Protect\n|\n|-heal|p2a: Goodra|62\/100|[from] item: Leftovers\n|upkeep\n|turn|16\n|\n|t:|1698831589\n|switch|p1a: Darkrai|Darkrai|100\/100\n|move|p2a: Goodra|Flash Cannon|p1a: Darkrai\n|-damage|p1a: Darkrai|53\/100\n|\n|-heal|p2a: Goodra|68\/100|[from] item: Leftovers\n|upkeep\n|turn|17\n|\n|t:|1698831603\n|move|p1a: Darkrai|Dark Pulse|p2a: Goodra\n|-damage|p2a: Goodra|43\/100\n|move|p2a: Goodra|Flash Cannon|p1a: Darkrai\n|-damage|p1a: Darkrai|3\/100\n|-enditem|p1a: Darkrai|Aguav Berry|[eat]\n|-heal|p1a: Darkrai|36\/100|[from] item: Aguav Berry\n|\n|-heal|p2a: Goodra|49\/100|[from] item: Leftovers\n|upkeep\n|turn|18\n|inactive|Battle timer is ON: inactive players will automatically lose when time's up. (requested by CloudClynx)\n|\n|t:|1698831627\n|move|p1a: Darkrai|Hypnosis|p2a: Goodra|[miss]\n|-miss|p1a: Darkrai|p2a: Goodra\n|move|p2a: Goodra|Flash Cannon|p1a: Darkrai\n|-damage|p1a: Darkrai|0 fnt\n|faint|p1a: Darkrai\n|\n|-heal|p2a: Goodra|55\/100|[from] item: Leftovers\n|upkeep\n|\n|t:|1698831635\n|switch|p1a: Zacian|Zacian-Crowned, tera:Fairy|37\/100\n|turn|19\n|\n|t:|1698831639\n|move|p1a: Zacian|Air Slash|p2a: Goodra\n|-resisted|p2a: Goodra\n|-damage|p2a: Goodra|49\/100\n|move|p2a: Goodra|Flash Cannon|p1a: Zacian\n|-supereffective|p1a: Zacian\n|-damage|p1a: Zacian|0 fnt\n|faint|p1a: Zacian\n|\n|-heal|p2a: Goodra|55\/100|[from] item: Leftovers\n|upkeep\n|\n|t:|1698831648\n|switch|p1a: Arceus|Arceus|100\/100\n|turn|20\n|\n|t:|1698831659\n|move|p1a: Arceus|Outrage|p2a: Goodra\n|-damage|p2a: Goodra|45\/100\n|move|p2a: Goodra|Flash Cannon|p1a: Arceus\n|-damage|p1a: Arceus|74\/100\n|\n|-heal|p2a: Goodra|51\/100|[from] item: Leftovers\n|upkeep\n|turn|21\n|\n|t:|1698831668\n|move|p1a: Arceus|Outrage|p2a: Goodra|[from]lockedmove\n|-damage|p2a: Goodra|40\/100\n|move|p2a: Goodra|Flash Cannon|p1a: Arceus\n|-damage|p1a: Arceus|45\/100\n|\n|-heal|p2a: Goodra|46\/100|[from] item: Leftovers\n|upkeep\n|turn|22\n|\n|t:|1698831679\n|move|p1a: Arceus|Outrage|p2a: Goodra|[from]lockedmove\n|-damage|p2a: Goodra|36\/100\n|-start|p1a: Arceus|confusion|[fatigue]\n|move|p2a: Goodra|Flash Cannon|p1a: Arceus\n|-damage|p1a: Arceus|18\/100\n|-enditem|p1a: Arceus|Aguav Berry|[eat]\n|-heal|p1a: Arceus|51\/100|[from] item: Aguav Berry\n|\n|-heal|p2a: Goodra|42\/100|[from] item: Leftovers\n|upkeep\n|turn|23\n|\n|t:|1698831692\n|-activate|p1a: Arceus|confusion\n|-damage|p1a: Arceus|43\/100|[from] confusion\n|move|p2a: Goodra|Flash Cannon|p1a: Arceus\n|-damage|p1a: Arceus|17\/100\n|\n|-heal|p2a: Goodra|48\/100|[from] item: Leftovers\n|upkeep\n|turn|24\n|\n|t:|1698831699\n|-activate|p1a: Arceus|confusion\n|-damage|p1a: Arceus|9\/100|[from] confusion\n|move|p2a: Goodra|Flash Cannon|p1a: Arceus\n|-damage|p1a: Arceus|0 fnt\n|faint|p1a: Arceus\n|\n|win|Ethan Vover\n|raw|CloudClynx's rating: 1000 &rarr; <strong>1000<\/strong><br \/>(+0 for losing)\n|raw|Ethan Vover's rating: 1163 &rarr; <strong>1177<\/strong><br \/>(+14 for winning)\n","uploadtime":1698831444,"views":12,"p1id":"cloudclynx","p2id":"ethanvover","formatid":"gen9ubers","rating":1000,"private":0,"password":""}