{"id":"gen9ubers-1978279959","p1":"Vilja RPPLF","p2":"Aurorecristal","format":"[Gen 9] Ubers","log":"|j|\u2606Vilja RPPLF\n|j|\u2606Aurorecristal\n|t:|1698520321\n|gametype|singles\n|player|p1|Vilja RPPLF|n-masters3|\n|player|p2|Aurorecristal|lady|\n|teamsize|p1|6\n|teamsize|p2|6\n|gen|9\n|tier|[Gen 9] Ubers\n|rule|Sleep Clause Mod: Limit one foe put to sleep\n|rule|Species Clause: Limit one of each Pok\u00e9mon\n|rule|OHKO Clause: OHKO moves are banned\n|rule|Evasion Items Clause: Evasion items are banned\n|rule|Evasion Moves Clause: Evasion moves are banned\n|rule|Endless Battle Clause: Forcing endless battles is banned\n|rule|HP Percentage Mod: HP is shown in percentages\n|clearpoke\n|poke|p1|Dragapult, F|\n|poke|p1|Greninja-*, M|\n|poke|p1|Moltres|\n|poke|p1|Clodsire, F|\n|poke|p1|Cresselia, F|\n|poke|p1|Conkeldurr, F|\n|poke|p2|Ludicolo, F|\n|poke|p2|Breloom, M|\n|poke|p2|Ogerpon-Wellspring, F|\n|poke|p2|Electrode-Hisui|\n|poke|p2|Brambleghast, F|\n|poke|p2|Volcanion|\n|teampreview\n|inactive|Battle timer is ON: inactive players will automatically lose when time's up. (requested by Vilja RPPLF)\n|inactiveoff|Battle timer is now OFF.\n|c|\u2606Vilja RPPLF|glhf encore\n|c|\u2606Aurorecristal|Yess glhf\n|\n|t:|1698520367\n|start\n|switch|p1a: Dragapult|Dragapult, F, shiny|100\/100\n|switch|p2a: Poor baby|Volcanion|100\/100\n|turn|1\n|\n|t:|1698520378\n|move|p2a: Poor baby|Flash Cannon|p1a: Dragapult\n|-damage|p1a: Dragapult|60\/100\n|-unboost|p1a: Dragapult|spd|1\n|move|p1a: Dragapult|Dragon Darts|p2a: Poor baby\n|-damage|p2a: Poor baby|60\/100\n|-anim|p1a: Dragapult|Dragon Darts|p2a: Poor baby\n|-damage|p2a: Poor baby|20\/100\n|\n|upkeep\n|turn|2\n|\n|t:|1698520386\n|switch|p1a: Clodsire|Clodsire, F, shiny|100\/100\n|move|p2a: Poor baby|Flash Cannon|p1a: Clodsire\n|-damage|p1a: Clodsire|85\/100\n|\n|-heal|p1a: Clodsire|91\/100|[from] item: Black Sludge\n|upkeep\n|turn|3\n|\n|t:|1698520400\n|switch|p2a: Desert queen|Brambleghast, F|100\/100\n|switch|p1a: Dragapult|Dragapult, F, shiny|60\/100\n|\n|upkeep\n|turn|4\n|\n|t:|1698520415\n|move|p1a: Dragapult|Dragon Darts|p2a: Desert queen\n|-damage|p2a: Desert queen|37\/100\n|-anim|p1a: Dragapult|Dragon Darts|p2a: Desert queen\n|-damage|p2a: Desert queen|0 fnt\n|faint|p2a: Desert queen\n|\n|upkeep\n|\n|t:|1698520419\n|switch|p2a: Poor baby|Volcanion|20\/100\n|turn|5\n|\n|t:|1698520424\n|switch|p1a: Clodsire|Clodsire, F, shiny|91\/100\n|move|p2a: Poor baby|Steam Eruption|p1a: Clodsire\n|-heal|p1a: Clodsire|100\/100|[from] ability: Water Absorb|[of] p2a: Poor baby\n|\n|upkeep\n|turn|6\n|c|\u2606Aurorecristal|Chiant \u00e7a\n|c|\u2606Vilja RPPLF|Ui\n|\n|t:|1698520448\n|switch|p1a: Conkeldurr|Conkeldurr, F|100\/100\n|move|p2a: Poor baby|Steam Eruption|p1a: Conkeldurr|[miss]\n|-miss|p2a: Poor baby|p1a: Conkeldurr\n|\n|-status|p1a: Conkeldurr|brn|[from] item: Flame Orb\n|upkeep\n|turn|7\n|c|\u2606Aurorecristal|\u00c7a aussi\n|\n|t:|1698520458\n|move|p1a: Conkeldurr|Mach Punch|p2a: Poor baby\n|-damage|p2a: Poor baby|0 fnt\n|faint|p2a: Poor baby\n|\n|-damage|p1a: Conkeldurr|94\/100 brn|[from] brn\n|upkeep\n|\n|t:|1698520474\n|switch|p2a: Wrecking ball|Electrode-Hisui|100\/100\n|turn|8\n|\n|t:|1698520481\n|move|p2a: Wrecking ball|Electro Ball|p1a: Conkeldurr\n|-damage|p1a: Conkeldurr|40\/100 brn\n|move|p1a: Conkeldurr|Facade|p2a: Wrecking ball\n|-damage|p2a: Wrecking ball|0 fnt\n|-damage|p1a: Conkeldurr|15\/100 brn|[from] ability: Aftermath|[of] p2a: Wrecking ball\n|faint|p2a: Wrecking ball\n|\n|-damage|p1a: Conkeldurr|9\/100 brn|[from] brn\n|upkeep\n|\n|t:|1698520488\n|switch|p2a: Shroomy|Breloom, M|100\/100\n|turn|9\n|\n|t:|1698520492\n|switch|p1a: Moltres|Moltres|100\/100\n|move|p2a: Shroomy|Mach Punch|p1a: Moltres\n|-resisted|p1a: Moltres\n|-damage|p1a: Moltres|89\/100\n|\n|upkeep\n|turn|10\n|\n|t:|1698520499\n|move|p2a: Shroomy|Spore|p1a: Moltres\n|-status|p1a: Moltres|slp|[from] move: Spore\n|cant|p1a: Moltres|slp\n|\n|upkeep\n|turn|11\n|\n|t:|1698520502\n|move|p2a: Shroomy|Bullet Seed|p1a: Moltres\n|-resisted|p1a: Moltres\n|-damage|p1a: Moltres|85\/100 slp\n|-resisted|p1a: Moltres\n|-damage|p1a: Moltres|82\/100 slp\n|-hitcount|p1a: Moltres|2\n|cant|p1a: Moltres|slp\n|\n|upkeep\n|turn|12\n|\n|t:|1698520506\n|switch|p2a: Sad kid|Ogerpon-Wellspring, F|100\/100\n|cant|p1a: Moltres|slp\n|\n|upkeep\n|turn|13\n|\n|t:|1698520511\n|-terastallize|p1a: Moltres|Fairy\n|move|p2a: Sad kid|Substitute|p2a: Sad kid\n|-start|p2a: Sad kid|Substitute\n|-damage|p2a: Sad kid|76\/100\n|-curestatus|p1a: Moltres|slp|[msg]\n|move|p1a: Moltres|U-turn|p2a: Sad kid\n|-supereffective|p2a: Sad kid\n|-end|p2a: Sad kid|Substitute\n|\n|t:|1698520519\n|switch|p1a: Dragapult|Dragapult, F, shiny|60\/100|[from] U-turn\n|\n|upkeep\n|turn|14\n|\n|t:|1698520525\n|move|p1a: Dragapult|Dragon Darts|p2a: Sad kid\n|-damage|p2a: Sad kid|20\/100\n|-anim|p1a: Dragapult|Dragon Darts|p2a: Sad kid\n|-damage|p2a: Sad kid|0 fnt\n|faint|p2a: Sad kid\n|\n|upkeep\n|\n|t:|1698520528\n|switch|p2a: Just dance|Ludicolo, F|100\/100\n|turn|15\n|\n|t:|1698520532\n|-terastallize|p2a: Just dance|Ice\n|move|p1a: Dragapult|Dragon Darts|p2a: Just dance\n|-damage|p2a: Just dance|44\/100\n|-anim|p1a: Dragapult|Dragon Darts|p2a: Just dance\n|-damage|p2a: Just dance|0 fnt\n|faint|p2a: Just dance\n|\n|upkeep\n|c|\u2606Aurorecristal|Gg\n|c|\u2606Vilja RPPLF|GG\n|c|\u2606Aurorecristal|C'est un peu trop fort draga band\n|\n|t:|1698520548\n|switch|p2a: Shroomy|Breloom, M|100\/100\n|turn|16\n|c|\u2606Aurorecristal|;-;\n|c|\u2606Vilja RPPLF|ces deux sets choice\n|c|\u2606Vilja RPPLF|sont abus\u00e9s oui\n|\n|t:|1698520563\n|move|p1a: Dragapult|Dragon Darts|p2a: Shroomy\n|-damage|p2a: Shroomy|36\/100\n|-anim|p1a: Dragapult|Dragon Darts|p2a: Shroomy\n|-damage|p2a: Shroomy|0 fnt\n|faint|p2a: Shroomy\n|\n|win|Vilja RPPLF\n|c|\u2606Vilja RPPLF|merci \u00e0 toi pour ces matchs\n|c|\u2606Aurorecristal|Tu peux juste regarder la game\n|c|\u2606Aurorecristal|Gg\n","uploadtime":1698520579,"views":19,"p1id":"viljarpplf","p2id":"aurorecristal","formatid":"gen9ubers","rating":0,"private":0,"password":""}