{"id":"gen9ubers-1984821082","p1":"smite nite","p2":"Fraudulent One","format":"[Gen 9] Ubers","log":"|j|\u2606smite nite\n|j|\u2606Fraudulent One\n|t:|1699301817\n|gametype|singles\n|player|p1|smite nite|pokefan-gen4|1473\n|player|p2|Fraudulent One|hilbert-masters2|1491\n|teamsize|p1|6\n|teamsize|p2|6\n|gen|9\n|tier|[Gen 9] Ubers\n|rated|\n|rule|Sleep Clause Mod: Limit one foe put to sleep\n|rule|Species Clause: Limit one of each Pok\u00e9mon\n|rule|OHKO Clause: OHKO moves are banned\n|rule|Evasion Items Clause: Evasion items are banned\n|rule|Evasion Moves Clause: Evasion moves are banned\n|rule|Endless Battle Clause: Forcing endless battles is banned\n|rule|HP Percentage Mod: HP is shown in percentages\n|clearpoke\n|poke|p1|Koraidon|\n|poke|p1|Kyogre|\n|poke|p1|Arceus|\n|poke|p1|Great Tusk|\n|poke|p1|Miraidon|\n|poke|p1|Skeledirge, F|\n|poke|p2|Rayquaza|\n|poke|p2|Arceus|\n|poke|p2|Zacian-*|\n|poke|p2|Eternatus|\n|poke|p2|Miraidon|\n|poke|p2|Koraidon|\n|teampreview\n|inactive|Battle timer is ON: inactive players will automatically lose when time's up. (requested by smite nite)\n|\n|t:|1699301825\n|start\n|switch|p1a: Koraidon|Koraidon|100\/100\n|switch|p2a: Rayquaza|Rayquaza, shiny|100\/100\n|-weather|SunnyDay|[from] ability: Orichalcum Pulse|[of] p1a: Koraidon\n|-activate|p1a: Koraidon|Orichalcum Pulse|[source]\n|-ability|p2a: Rayquaza|Air Lock\n|turn|1\n|\n|t:|1699301830\n|switch|p2a: Zacian|Zacian-Crowned, shiny|100\/100\n|-ability|p2a: Zacian|Intrepid Sword|boost\n|-boost|p2a: Zacian|atk|1\n|move|p1a: Koraidon|Scale Shot|p2a: Zacian\n|-immune|p2a: Zacian\n|\n|-weather|SunnyDay|[upkeep]\n|upkeep\n|turn|2\n|\n|t:|1699301837\n|switch|p2a: Miraidon|Miraidon|100\/100\n|-fieldstart|move: Electric Terrain|[from] ability: Hadron Engine|[of] p2a: Miraidon\n|switch|p1a: Skeledirge|Skeledirge, F|100\/100\n|\n|-weather|SunnyDay|[upkeep]\n|upkeep\n|turn|3\n|\n|t:|1699301847\n|switch|p1a: Kyogre|Kyogre|100\/100\n|-weather|RainDance|[from] ability: Drizzle|[of] p1a: Kyogre\n|move|p2a: Miraidon|Draco Meteor|p1a: Kyogre\n|-crit|p1a: Kyogre\n|-damage|p1a: Kyogre|0 fnt\n|-unboost|p2a: Miraidon|spa|2\n|faint|p1a: Kyogre\n|-damage|p2a: Miraidon|91\/100|[from] item: Life Orb\n|\n|-weather|RainDance|[upkeep]\n|upkeep\n|\n|t:|1699301851\n|switch|p1a: Miraidon|Miraidon|100\/100\n|-activate|p1a: Miraidon|ability: Hadron Engine\n|turn|4\n|\n|t:|1699301862\n|move|p1a: Miraidon|U-turn|p2a: Miraidon\n|-damage|p2a: Miraidon|78\/100\n|\n|t:|1699301866\n|switch|p1a: Great Tusk|Great Tusk|100\/100|[from] U-turn\n|move|p2a: Miraidon|Draco Meteor|p1a: Great Tusk\n|-damage|p1a: Great Tusk|8\/100\n|-unboost|p2a: Miraidon|spa|2\n|-damage|p2a: Miraidon|68\/100|[from] item: Life Orb\n|\n|-weather|RainDance|[upkeep]\n|upkeep\n|turn|5\n|\n|t:|1699301870\n|move|p1a: Great Tusk|Headlong Rush|p2a: Miraidon\n|-supereffective|p2a: Miraidon\n|-damage|p2a: Miraidon|0 fnt\n|-unboost|p1a: Great Tusk|def|1\n|-unboost|p1a: Great Tusk|spd|1\n|faint|p2a: Miraidon\n|\n|-weather|RainDance|[upkeep]\n|upkeep\n|\n|t:|1699301876\n|switch|p2a: Rayquaza|Rayquaza, shiny|100\/100\n|-ability|p2a: Rayquaza|Air Lock\n|turn|6\n|\n|t:|1699301879\n|-end|p1a: Great Tusk|Protosynthesis|[silent]\n|switch|p1a: Skeledirge|Skeledirge, F|100\/100\n|move|p2a: Rayquaza|Stealth Rock|p1a: Skeledirge\n|-sidestart|p1: smite nite|move: Stealth Rock\n|\n|-weather|RainDance|[upkeep]\n|-fieldend|move: Electric Terrain\n|upkeep\n|turn|7\n|\n|t:|1699301882\n|move|p2a: Rayquaza|Draco Meteor|p1a: Skeledirge\n|-damage|p1a: Skeledirge|18\/100\n|-unboost|p2a: Rayquaza|spa|2\n|move|p1a: Skeledirge|Will-O-Wisp|p2a: Rayquaza\n|-status|p2a: Rayquaza|brn\n|\n|-weather|none\n|-damage|p2a: Rayquaza|95\/100 brn|[from] brn\n|upkeep\n|turn|8\n|\n|t:|1699301898\n|move|p2a: Rayquaza|Draco Meteor|p1a: Skeledirge\n|-damage|p1a: Skeledirge|0 fnt\n|-unboost|p2a: Rayquaza|spa|2\n|faint|p1a: Skeledirge\n|\n|-damage|p2a: Rayquaza|89\/100 brn|[from] brn\n|upkeep\n|\n|t:|1699301901\n|switch|p1a: Arceus|Arceus, shiny|100\/100\n|-damage|p1a: Arceus|88\/100|[from] Stealth Rock\n|turn|9\n|\n|t:|1699301905\n|move|p2a: Rayquaza|Icy Wind|p1a: Arceus|[miss]\n|-miss|p2a: Rayquaza|p1a: Arceus\n|move|p1a: Arceus|Swords Dance|p1a: Arceus\n|-boost|p1a: Arceus|atk|2\n|\n|-damage|p2a: Rayquaza|83\/100 brn|[from] brn\n|upkeep\n|turn|10\n|\n|t:|1699301912\n|move|p1a: Arceus|Extreme Speed|p2a: Rayquaza\n|-damage|p2a: Rayquaza|0 fnt\n|faint|p2a: Rayquaza\n|-damage|p1a: Arceus|78\/100|[from] item: Life Orb\n|\n|upkeep\n|\n|t:|1699301920\n|switch|p2a: Arceus|Arceus|100\/100\n|turn|11\n|\n|t:|1699301927\n|-terastallize|p2a: Arceus|Ghost\n|move|p2a: Arceus|Extreme Speed|p1a: Arceus\n|-crit|p1a: Arceus\n|-damage|p1a: Arceus|24\/100\n|move|p1a: Arceus|Extreme Speed|p2a: Arceus\n|-immune|p2a: Arceus\n|\n|upkeep\n|turn|12\n|\n|t:|1699301935\n|move|p2a: Arceus|Extreme Speed|p1a: Arceus\n|-damage|p1a: Arceus|0 fnt\n|faint|p1a: Arceus\n|\n|upkeep\n|\n|t:|1699301940\n|switch|p1a: Koraidon|Koraidon|100\/100\n|-damage|p1a: Koraidon|94\/100|[from] Stealth Rock\n|-weather|SunnyDay|[from] ability: Orichalcum Pulse|[of] p1a: Koraidon\n|-activate|p1a: Koraidon|Orichalcum Pulse|[source]\n|turn|13\n|\n|t:|1699301943\n|move|p1a: Koraidon|Flame Charge|p2a: Arceus\n|-damage|p2a: Arceus|74\/100\n|-boost|p1a: Koraidon|spe|1\n|move|p2a: Arceus|Swords Dance|p2a: Arceus\n|-boost|p2a: Arceus|atk|2\n|\n|-weather|SunnyDay|[upkeep]\n|upkeep\n|turn|14\n|\n|t:|1699301949\n|move|p2a: Arceus|Extreme Speed|p1a: Koraidon\n|-damage|p1a: Koraidon|8\/100\n|move|p1a: Koraidon|Scale Shot|p2a: Arceus\n|-damage|p2a: Arceus|61\/100\n|-damage|p2a: Arceus|46\/100\n|-damage|p2a: Arceus|32\/100\n|-damage|p2a: Arceus|19\/100\n|-hitcount|p2a: Arceus|4\n|-unboost|p1a: Koraidon|def|1\n|-boost|p1a: Koraidon|spe|1\n|\n|-weather|SunnyDay|[upkeep]\n|upkeep\n|turn|15\n|\n|t:|1699301952\n|move|p2a: Arceus|Extreme Speed|p1a: Koraidon\n|-damage|p1a: Koraidon|0 fnt\n|faint|p1a: Koraidon\n|\n|-weather|SunnyDay|[upkeep]\n|upkeep\n|\n|t:|1699301955\n|switch|p1a: Miraidon|Miraidon|100\/100\n|-damage|p1a: Miraidon|88\/100|[from] Stealth Rock\n|-fieldstart|move: Electric Terrain|[from] ability: Hadron Engine|[of] p1a: Miraidon\n|turn|16\n|\n|t:|1699301959\n|move|p2a: Arceus|Extreme Speed|p1a: Miraidon\n|-damage|p1a: Miraidon|0 fnt\n|faint|p1a: Miraidon\n|\n|-weather|SunnyDay|[upkeep]\n|upkeep\n|\n|t:|1699301965\n|switch|p1a: Great Tusk|Great Tusk|8\/100\n|-damage|p1a: Great Tusk|5\/100|[from] Stealth Rock\n|-activate|p1a: Great Tusk|ability: Protosynthesis\n|-start|p1a: Great Tusk|protosynthesisatk\n|turn|17\n|\n|t:|1699301967\n|move|p2a: Arceus|Extreme Speed|p1a: Great Tusk\n|-crit|p1a: Great Tusk\n|-damage|p1a: Great Tusk|0 fnt\n|faint|p1a: Great Tusk\n|-end|p1a: Great Tusk|Protosynthesis|[silent]\n|\n|win|Fraudulent One\n|raw|smite nite's rating: 1473 &rarr; <strong>1454<\/strong><br \/>(-19 for losing)\n|raw|Fraudulent One's rating: 1491 &rarr; <strong>1510<\/strong><br \/>(+19 for winning)\n|l|\u2606Fraudulent One\n|j|\u2606Fraudulent One\n|player|p2|Fraudulent One|hilbert-masters2\n","uploadtime":1699301971,"views":7,"p1id":"smitenite","p2id":"fraudulentone","formatid":"gen9ubers","rating":1454,"private":0,"password":""}