{"id":"gen9ubers-1996642076","p1":"Morgo12345789","p2":"Tinen","format":"[Gen 9] Ubers","log":"|j|\u2606Morgo12345789\n|j|\u2606Tinen\n|t:|1700704179\n|gametype|singles\n|player|p1|Morgo12345789|1|1101\n|player|p2|Tinen|dancer|1027\n|teamsize|p1|6\n|teamsize|p2|6\n|gen|9\n|tier|[Gen 9] Ubers\n|rated|\n|rule|Sleep Clause Mod: Limit one foe put to sleep\n|rule|Species Clause: Limit one of each Pok\u00e9mon\n|rule|OHKO Clause: OHKO moves are banned\n|rule|Evasion Items Clause: Evasion items are banned\n|rule|Evasion Moves Clause: Evasion moves are banned\n|rule|Endless Battle Clause: Forcing endless battles is banned\n|rule|HP Percentage Mod: HP is shown in percentages\n|clearpoke\n|poke|p1|Sneasler, M|\n|poke|p1|Giratina|\n|poke|p1|Roaring Moon|\n|poke|p1|Koraidon|\n|poke|p1|Volcarona, F|\n|poke|p1|Scizor, M|\n|poke|p2|Gliscor, F|\n|poke|p2|Sneasler, M|\n|poke|p2|Ursaluna-Bloodmoon, M|\n|poke|p2|Ogerpon-Hearthflame, F|\n|poke|p2|Baxcalibur, M|\n|poke|p2|Annihilape, F|\n|teampreview\n|c|\u2606Tinen|scizor my beloved\n|\n|t:|1700704209\n|start\n|switch|p1a: Giratina|Giratina|100\/100\n|switch|p2a: Ogerpon|Ogerpon-Hearthflame, F|100\/100\n|-ability|p2a: Ogerpon|Mold Breaker\n|-ability|p1a: Giratina|Pressure\n|turn|1\n|\n|t:|1700704219\n|switch|p2a: Gliscor|Gliscor, F|100\/100\n|move|p1a: Giratina|Thunder Wave|p2a: Gliscor\n|-immune|p2a: Gliscor\n|\n|-status|p2a: Gliscor|tox|[from] item: Toxic Orb\n|upkeep\n|turn|2\n|\n|t:|1700704237\n|switch|p1a: Volcarona|Volcarona, F, shiny|100\/100\n|move|p2a: Gliscor|Taunt|p1a: Volcarona\n|-start|p1a: Volcarona|move: Taunt\n|\n|upkeep\n|turn|3\n|\n|t:|1700704243\n|move|p1a: Volcarona|Fiery Dance|p2a: Gliscor\n|-damage|p2a: Gliscor|42\/100 tox\n|-boost|p1a: Volcarona|spa|1\n|move|p2a: Gliscor|Toxic|p1a: Volcarona\n|-status|p1a: Volcarona|tox\n|\n|-damage|p1a: Volcarona|94\/100 tox|[from] psn\n|-heal|p2a: Gliscor|54\/100 tox|[from] ability: Poison Heal\n|upkeep\n|turn|4\n|\n|t:|1700704253\n|move|p2a: Gliscor|Protect|p2a: Gliscor\n|-singleturn|p2a: Gliscor|Protect\n|move|p1a: Volcarona|Fiery Dance|p2a: Gliscor\n|-activate|p2a: Gliscor|move: Protect\n|\n|-heal|p1a: Volcarona|100\/100 tox|[from] item: Leftovers\n|-damage|p1a: Volcarona|88\/100 tox|[from] psn\n|-heal|p2a: Gliscor|67\/100 tox|[from] ability: Poison Heal\n|-end|p1a: Volcarona|move: Taunt\n|upkeep\n|turn|5\n|\n|t:|1700704267\n|-terastallize|p2a: Gliscor|Water\n|move|p1a: Volcarona|Quiver Dance|p1a: Volcarona\n|-boost|p1a: Volcarona|spa|1\n|-boost|p1a: Volcarona|spd|1\n|-boost|p1a: Volcarona|spe|1\n|move|p2a: Gliscor|Earthquake|p1a: Volcarona\n|-damage|p1a: Volcarona|40\/100 tox\n|\n|-heal|p1a: Volcarona|46\/100 tox|[from] item: Leftovers\n|-damage|p1a: Volcarona|28\/100 tox|[from] psn\n|-heal|p2a: Gliscor|79\/100 tox|[from] ability: Poison Heal\n|upkeep\n|turn|6\n|\n|t:|1700704278\n|move|p2a: Gliscor|Protect|p2a: Gliscor\n|-singleturn|p2a: Gliscor|Protect\n|move|p1a: Volcarona|Giga Drain|p2a: Gliscor\n|-activate|p2a: Gliscor|move: Protect\n|\n|-heal|p1a: Volcarona|34\/100 tox|[from] item: Leftovers\n|-damage|p1a: Volcarona|10\/100 tox|[from] psn\n|-heal|p2a: Gliscor|91\/100 tox|[from] ability: Poison Heal\n|upkeep\n|turn|7\n|\n|t:|1700704295\n|switch|p2a: Ogerpon|Ogerpon-Hearthflame, F|100\/100\n|-ability|p2a: Ogerpon|Mold Breaker\n|move|p1a: Volcarona|Giga Drain|p2a: Ogerpon\n|-resisted|p2a: Ogerpon\n|-damage|p2a: Ogerpon|83\/100\n|-heal|p1a: Volcarona|18\/100 tox|[from] drain|[of] p2a: Ogerpon\n|\n|-heal|p1a: Volcarona|24\/100 tox|[from] item: Leftovers\n|-damage|p1a: Volcarona|0 fnt|[from] psn\n|faint|p1a: Volcarona\n|upkeep\n|\n|t:|1700704318\n|switch|p1a: Sneasler|Sneasler, M|100\/100\n|turn|8\n|\n|t:|1700704325\n|switch|p2a: Annihilape|Annihilape, F|100\/100\n|move|p1a: Sneasler|Dire Claw|p2a: Annihilape\n|-resisted|p2a: Annihilape\n|-damage|p2a: Annihilape|73\/100\n|\n|-heal|p2a: Annihilape|79\/100|[from] item: Leftovers\n|upkeep\n|turn|9\n|\n|t:|1700704352\n|move|p1a: Sneasler|Endure|p1a: Sneasler\n|-singleturn|p1a: Sneasler|move: Endure\n|move|p2a: Annihilape|Bulk Up|p2a: Annihilape\n|-boost|p2a: Annihilape|atk|1\n|-boost|p2a: Annihilape|def|1\n|\n|-heal|p2a: Annihilape|85\/100|[from] item: Leftovers\n|upkeep\n|turn|10\n|\n|t:|1700704366\n|move|p1a: Sneasler|Dire Claw|p2a: Annihilape\n|-resisted|p2a: Annihilape\n|-damage|p2a: Annihilape|67\/100\n|-status|p2a: Annihilape|psn\n|move|p2a: Annihilape|Rage Fist|p1a: Sneasler\n|-damage|p1a: Sneasler|0 fnt\n|faint|p1a: Sneasler\n|\n|-heal|p2a: Annihilape|73\/100 psn|[from] item: Leftovers\n|-damage|p2a: Annihilape|61\/100 psn|[from] psn\n|upkeep\n|\n|t:|1700704377\n|switch|p1a: Scizor|Scizor, M|100\/100\n|turn|11\n|\n|t:|1700704387\n|move|p2a: Annihilape|Drain Punch|p1a: Scizor\n|-damage|p1a: Scizor|47\/100\n|-heal|p2a: Annihilape|86\/100 psn|[from] drain|[of] p1a: Scizor\n|move|p1a: Scizor|Dual Wingbeat|p2a: Annihilape|[miss]\n|-miss|p1a: Scizor|p2a: Annihilape\n|\n|-heal|p2a: Annihilape|92\/100 psn|[from] item: Leftovers\n|-damage|p2a: Annihilape|80\/100 psn|[from] psn\n|upkeep\n|turn|12\n|\n|t:|1700704402\n|move|p2a: Annihilape|Drain Punch|p1a: Scizor\n|-damage|p1a: Scizor|0 fnt\n|-heal|p2a: Annihilape|100\/100 psn|[from] drain|[of] p1a: Scizor\n|faint|p1a: Scizor\n|\n|-damage|p2a: Annihilape|88\/100 psn|[from] psn\n|upkeep\n|\n|t:|1700704421\n|switch|p1a: Koraidon|Koraidon|100\/100\n|-weather|SunnyDay|[from] ability: Orichalcum Pulse|[of] p1a: Koraidon\n|-activate|p1a: Koraidon|Orichalcum Pulse|[source]\n|turn|13\n|\n|t:|1700704432\n|move|p1a: Koraidon|Swords Dance|p1a: Koraidon\n|-boost|p1a: Koraidon|atk|2\n|move|p2a: Annihilape|Rage Fist|p1a: Koraidon\n|-damage|p1a: Koraidon|2\/100\n|\n|-weather|SunnyDay|[upkeep]\n|-heal|p2a: Annihilape|94\/100 psn|[from] item: Leftovers\n|-damage|p2a: Annihilape|82\/100 psn|[from] psn\n|upkeep\n|turn|14\n|\n|t:|1700704442\n|move|p1a: Koraidon|Dragon Claw|p2a: Annihilape\n|-damage|p2a: Annihilape|0 fnt\n|faint|p2a: Annihilape\n|\n|-weather|SunnyDay|[upkeep]\n|upkeep\n|\n|t:|1700704448\n|switch|p2a: Sneasler|Sneasler, M|100\/100\n|turn|15\n|\n|t:|1700704454\n|move|p2a: Sneasler|Fake Out|p1a: Koraidon\n|-damage|p1a: Koraidon|0 fnt\n|faint|p1a: Koraidon\n|\n|-weather|SunnyDay|[upkeep]\n|upkeep\n|\n|t:|1700704460\n|switch|p1a: Giratina|Giratina|100\/100\n|-ability|p1a: Giratina|Pressure\n|turn|16\n|\n|t:|1700704467\n|move|p2a: Sneasler|Dire Claw|p1a: Giratina\n|-resisted|p1a: Giratina\n|-damage|p1a: Giratina|88\/100\n|-status|p1a: Giratina|slp\n|cant|p1a: Giratina|slp\n|\n|-weather|SunnyDay|[upkeep]\n|-heal|p1a: Giratina|94\/100 slp|[from] item: Leftovers\n|upkeep\n|turn|17\n|\n|t:|1700704475\n|move|p2a: Sneasler|Dire Claw|p1a: Giratina\n|-resisted|p1a: Giratina\n|-damage|p1a: Giratina|81\/100 slp\n|-curestatus|p1a: Giratina|slp|[msg]\n|move|p1a: Giratina|Will-O-Wisp|p2a: Sneasler\n|-status|p2a: Sneasler|brn\n|\n|-weather|SunnyDay|[upkeep]\n|-heal|p1a: Giratina|87\/100|[from] item: Leftovers\n|-damage|p2a: Sneasler|95\/100 brn|[from] brn\n|upkeep\n|turn|18\n|\n|t:|1700704488\n|switch|p2a: Ursaluna|Ursaluna-Bloodmoon, M|100\/100\n|move|p1a: Giratina|Defog|p2a: Ursaluna\n|-unboost|p2a: Ursaluna|evasion|1\n|\n|-weather|SunnyDay|[upkeep]\n|-heal|p1a: Giratina|94\/100|[from] item: Leftovers\n|upkeep\n|turn|19\n|\n|t:|1700704497\n|move|p1a: Giratina|Will-O-Wisp|p2a: Ursaluna\n|-status|p2a: Ursaluna|brn\n|move|p2a: Ursaluna|Moonblast|p1a: Giratina\n|-supereffective|p1a: Giratina\n|-damage|p1a: Giratina|63\/100\n|\n|-weather|SunnyDay|[upkeep]\n|-heal|p1a: Giratina|70\/100|[from] item: Leftovers\n|-damage|p2a: Ursaluna|94\/100 brn|[from] brn\n|upkeep\n|turn|20\n|\n|t:|1700704505\n|move|p1a: Giratina|Pain Split|p2a: Ursaluna\n|-sethp|p2a: Ursaluna|88\/100 brn|[from] move: Pain Split|[silent]\n|-sethp|p1a: Giratina|75\/100|[from] move: Pain Split\n|move|p2a: Ursaluna|Calm Mind|p2a: Ursaluna\n|-boost|p2a: Ursaluna|spa|1\n|-boost|p2a: Ursaluna|spd|1\n|\n|-weather|none\n|-heal|p1a: Giratina|81\/100|[from] item: Leftovers\n|-heal|p2a: Ursaluna|94\/100 brn|[from] item: Leftovers\n|-damage|p2a: Ursaluna|88\/100 brn|[from] brn\n|upkeep\n|turn|21\n|\n|t:|1700704537\n|move|p1a: Giratina|Defog|p2a: Ursaluna\n|-unboost|p2a: Ursaluna|evasion|1\n|move|p2a: Ursaluna|Moonblast|p1a: Giratina\n|-supereffective|p1a: Giratina\n|-damage|p1a: Giratina|32\/100\n|\n|-heal|p1a: Giratina|38\/100|[from] item: Leftovers\n|-heal|p2a: Ursaluna|94\/100 brn|[from] item: Leftovers\n|-damage|p2a: Ursaluna|88\/100 brn|[from] brn\n|upkeep\n|turn|22\n|\n|t:|1700704547\n|move|p1a: Giratina|Defog|p2a: Ursaluna\n|-unboost|p2a: Ursaluna|evasion|1\n|move|p2a: Ursaluna|Moonblast|p1a: Giratina\n|-supereffective|p1a: Giratina\n|-damage|p1a: Giratina|0 fnt\n|faint|p1a: Giratina\n|\n|-heal|p2a: Ursaluna|94\/100 brn|[from] item: Leftovers\n|-damage|p2a: Ursaluna|88\/100 brn|[from] brn\n|upkeep\n|\n|t:|1700704560\n|switch|p1a: Roaring Moon|Roaring Moon|100\/100\n|turn|23\n|\n|t:|1700704577\n|-terastallize|p1a: Roaring Moon|Fire\n|move|p1a: Roaring Moon|Crunch|p2a: Ursaluna\n|-damage|p2a: Ursaluna|42\/100 brn\n|move|p2a: Ursaluna|Moonblast|p1a: Roaring Moon\n|-resisted|p1a: Roaring Moon\n|-damage|p1a: Roaring Moon|76\/100\n|-unboost|p1a: Roaring Moon|spa|1\n|\n|-heal|p2a: Ursaluna|48\/100 brn|[from] item: Leftovers\n|-damage|p2a: Ursaluna|42\/100 brn|[from] brn\n|upkeep\n|turn|24\n|\n|t:|1700704588\n|move|p1a: Roaring Moon|Crunch|p2a: Ursaluna\n|-damage|p2a: Ursaluna|0 fnt\n|faint|p2a: Ursaluna\n|\n|upkeep\n|\n|t:|1700704595\n|switch|p2a: Gliscor|Gliscor, F, tera:Water|91\/100 tox\n|turn|25\n|\n|t:|1700704599\n|move|p1a: Roaring Moon|Crunch|p2a: Gliscor\n|-damage|p2a: Gliscor|53\/100 tox\n|-unboost|p2a: Gliscor|def|1\n|move|p2a: Gliscor|Toxic|p1a: Roaring Moon\n|-status|p1a: Roaring Moon|tox\n|\n|-damage|p1a: Roaring Moon|70\/100 tox|[from] psn\n|-heal|p2a: Gliscor|65\/100 tox|[from] ability: Poison Heal\n|upkeep\n|turn|26\n|\n|t:|1700704607\n|move|p2a: Gliscor|Protect|p2a: Gliscor\n|-singleturn|p2a: Gliscor|Protect\n|move|p1a: Roaring Moon|Crunch|p2a: Gliscor\n|-activate|p2a: Gliscor|move: Protect\n|\n|-damage|p1a: Roaring Moon|58\/100 tox|[from] psn\n|-heal|p2a: Gliscor|78\/100 tox|[from] ability: Poison Heal\n|upkeep\n|turn|27\n|\n|t:|1700704618\n|move|p1a: Roaring Moon|Crunch|p2a: Gliscor\n|-damage|p2a: Gliscor|15\/100 tox\n|move|p2a: Gliscor|Earthquake|p1a: Roaring Moon\n|-supereffective|p1a: Roaring Moon\n|-damage|p1a: Roaring Moon|0 fnt\n|faint|p1a: Roaring Moon\n|-end|p1a: Roaring Moon|Protosynthesis|[silent]\n|\n|win|Tinen\n|raw|Morgo12345789's rating: 1101 &rarr; <strong>1071<\/strong><br \/>(-30 for losing)\n|raw|Tinen's rating: 1027 &rarr; <strong>1070<\/strong><br \/>(+43 for winning)\n","uploadtime":1700704624,"views":2,"p1id":"morgo12345789","p2id":"tinen","formatid":"gen9ubers","rating":1070,"private":0,"password":""}