{"id":"gen9ubers-1983462809","p1":"Finchely","p2":"Akro Agency","format":"[Gen 9] Ubers","log":"|j|\u2606Finchely\n|j|\u2606Akro Agency\n|t:|1699132752\n|gametype|singles\n|player|p1|Finchely|acetrainerf|\n|player|p2|Akro Agency|caitlin|\n|teamsize|p1|6\n|teamsize|p2|6\n|gen|9\n|tier|[Gen 9] Ubers\n|rule|Sleep Clause Mod: Limit one foe put to sleep\n|rule|Species Clause: Limit one of each Pok\u00e9mon\n|rule|OHKO Clause: OHKO moves are banned\n|rule|Evasion Items Clause: Evasion items are banned\n|rule|Evasion Moves Clause: Evasion moves are banned\n|rule|Endless Battle Clause: Forcing endless battles is banned\n|rule|HP Percentage Mod: HP is shown in percentages\n|clearpoke\n|poke|p1|Slowking-Galar, F|\n|poke|p1|Sneasler, M|\n|poke|p1|Clefable, F|\n|poke|p1|Azumarill, F|\n|poke|p1|Magearna-Original|\n|poke|p1|Cyclizar, M|\n|poke|p2|Ninetales-Alola, M|\n|poke|p2|Baxcalibur, F|\n|poke|p2|Cyclizar, F|\n|poke|p2|Chi-Yu|\n|poke|p2|Brambleghast, M|\n|poke|p2|Magearna|\n|teampreview\n|l|\u2606Finchely\n|player|p1|\n|j|\u2606Finchely\n|player|p1|Finchely|acetrainerf\n|\n|t:|1699132806\n|start\n|switch|p1a: Cyclizar|Cyclizar, M|100\/100\n|switch|p2a: veil bot|Ninetales-Alola, M, shiny|100\/100\n|-weather|Snow|[from] ability: Snow Warning|[of] p2a: veil bot\n|turn|1\n|\n|t:|1699132819\n|move|p1a: Cyclizar|Knock Off|p2a: veil bot\n|-resisted|p2a: veil bot\n|-damage|p2a: veil bot|91\/100\n|-enditem|p2a: veil bot|Light Clay|[from] move: Knock Off|[of] p1a: Cyclizar\n|move|p2a: veil bot|Freeze-Dry|p1a: Cyclizar\n|-supereffective|p1a: Cyclizar\n|-damage|p1a: Cyclizar|41\/100\n|\n|-weather|Snow|[upkeep]\n|upkeep\n|turn|2\n|\n|t:|1699132831\n|switch|p1a: Magearna|Magearna-Original|100\/100\n|move|p2a: veil bot|Encore||[still]\n|-fail|p2a: veil bot\n|\n|-weather|Snow|[upkeep]\n|upkeep\n|turn|3\n|\n|t:|1699132841\n|switch|p2a: Funni feesh|Chi-Yu|100\/100\n|-ability|p2a: Funni feesh|Beads of Ruin\n|move|p1a: Magearna|Volt Switch|p2a: Funni feesh\n|-damage|p2a: Funni feesh|76\/100\n|\n|t:|1699132845\n|switch|p1a: Azumarill|Azumarill, F, shiny|100\/100|[from] Volt Switch\n|\n|-weather|Snow|[upkeep]\n|upkeep\n|turn|4\n|\n|t:|1699132858\n|switch|p2a: MyDadIn2018|Brambleghast, M|100\/100\n|move|p1a: Azumarill|Knock Off|p2a: MyDadIn2018\n|-supereffective|p2a: MyDadIn2018\n|-damage|p2a: MyDadIn2018|0 fnt\n|-enditem|p2a: MyDadIn2018|Life Orb|[from] move: Knock Off|[of] p1a: Azumarill\n|faint|p2a: MyDadIn2018\n|\n|-weather|Snow|[upkeep]\n|upkeep\n|\n|t:|1699132885\n|switch|p2a: shed tail bot|Cyclizar, F|100\/100\n|turn|5\n|\n|t:|1699132897\n|switch|p1a: Magearna|Magearna-Original|100\/100\n|move|p2a: shed tail bot|Shed Tail|p2a: shed tail bot\n|-start|p2a: shed tail bot|Substitute|[from] move: Shed Tail\n|-damage|p2a: shed tail bot|50\/100\n|\n|t:|1699132902\n|switch|p2a: literal bot|Magearna|100\/100|[from] Shed Tail\n|\n|-weather|none\n|upkeep\n|turn|6\n|\n|t:|1699132909\n|move|p2a: literal bot|Shift Gear|p2a: literal bot\n|-boost|p2a: literal bot|spe|2\n|-boost|p2a: literal bot|atk|1\n|move|p1a: Magearna|Volt Switch|p2a: literal bot\n|-activate|p2a: literal bot|move: Substitute|[damage]\n|\n|t:|1699132911\n|switch|p1a: Clefable|Clefable, F|100\/100|[from] Volt Switch\n|\n|upkeep\n|turn|7\n|\n|t:|1699132928\n|move|p2a: literal bot|Calm Mind|p2a: literal bot\n|-boost|p2a: literal bot|spa|1\n|-boost|p2a: literal bot|spd|1\n|move|p1a: Clefable|Calm Mind|p1a: Clefable\n|-boost|p1a: Clefable|spa|1\n|-boost|p1a: Clefable|spd|1\n|\n|upkeep\n|turn|8\n|\n|t:|1699132937\n|move|p2a: literal bot|Shift Gear|p2a: literal bot\n|-boost|p2a: literal bot|spe|2\n|-boost|p2a: literal bot|atk|1\n|move|p1a: Clefable|Calm Mind|p1a: Clefable\n|-boost|p1a: Clefable|spa|1\n|-boost|p1a: Clefable|spd|1\n|\n|upkeep\n|turn|9\n|j| incredibleking\n|\n|t:|1699132966\n|-terastallize|p1a: Clefable|Dark\n|move|p2a: literal bot|Stored Power|p1a: Clefable\n|-immune|p1a: Clefable\n|move|p1a: Clefable|Calm Mind|p1a: Clefable\n|-boost|p1a: Clefable|spa|1\n|-boost|p1a: Clefable|spd|1\n|\n|upkeep\n|turn|10\n|\n|t:|1699132978\n|move|p2a: literal bot|Draining Kiss|p1a: Clefable\n|-supereffective|p1a: Clefable\n|-damage|p1a: Clefable|79\/100\n|move|p1a: Clefable|Wish|p1a: Clefable\n|\n|upkeep\n|turn|11\n|\n|t:|1699132991\n|switch|p2a: Funni feesh|Chi-Yu|76\/100\n|-ability|p2a: Funni feesh|Beads of Ruin\n|move|p1a: Clefable|Moonblast|p2a: Funni feesh\n|-damage|p2a: Funni feesh|0 fnt\n|faint|p2a: Funni feesh\n|\n|-heal|p1a: Clefable|100\/100|[from] move: Wish|[wisher] Clefable\n|upkeep\n|c|\u2606Finchely|Lmao don\u2019t let it end like this\n|\n|t:|1699133012\n|switch|p2a: Baxcalibur|Baxcalibur, F|100\/100\n|turn|12\n|\n|t:|1699133022\n|-terastallize|p2a: Baxcalibur|Ground\n|move|p2a: Baxcalibur|Scale Shot|p1a: Clefable\n|-damage|p1a: Clefable|90\/100\n|-damage|p1a: Clefable|78\/100\n|-crit|p1a: Clefable\n|-damage|p1a: Clefable|62\/100\n|-damage|p1a: Clefable|52\/100\n|-hitcount|p1a: Clefable|4\n|-unboost|p2a: Baxcalibur|def|1\n|-boost|p2a: Baxcalibur|spe|1\n|move|p1a: Clefable|Moonblast|p2a: Baxcalibur\n|-damage|p2a: Baxcalibur|25\/100\n|\n|upkeep\n|turn|13\n|\n|t:|1699133046\n|switch|p1a: Azumarill|Azumarill, F, shiny|100\/100\n|move|p2a: Baxcalibur|Earthquake|p1a: Azumarill\n|-damage|p1a: Azumarill|45\/100\n|\n|upkeep\n|turn|14\n|\n|t:|1699133053\n|move|p1a: Azumarill|Aqua Jet|p2a: Baxcalibur\n|-supereffective|p2a: Baxcalibur\n|-damage|p2a: Baxcalibur|0 fnt\n|faint|p2a: Baxcalibur\n|\n|upkeep\n|\n|t:|1699133062\n|switch|p2a: shed tail bot|Cyclizar, F|84\/100\n|turn|15\n|\n|t:|1699133071\n|move|p2a: shed tail bot|Shed Tail|p2a: shed tail bot\n|-start|p2a: shed tail bot|Substitute|[from] move: Shed Tail\n|-damage|p2a: shed tail bot|33\/100\n|\n|t:|1699133074\n|switch|p2a: veil bot|Ninetales-Alola, M, shiny|91\/100|[from] Shed Tail\n|-weather|Snow|[from] ability: Snow Warning|[of] p2a: veil bot\n|move|p1a: Azumarill|Liquidation|p2a: veil bot\n|-end|p2a: veil bot|Substitute\n|\n|-weather|Snow|[upkeep]\n|upkeep\n|turn|16\n|\n|t:|1699133085\n|switch|p1a: Clefable|Clefable, F, tera:Dark|52\/100\n|move|p2a: veil bot|Freeze-Dry|p1a: Clefable\n|-damage|p1a: Clefable|33\/100\n|\n|-weather|Snow|[upkeep]\n|upkeep\n|turn|17\n|\n|t:|1699133093\n|move|p2a: veil bot|Moonblast|p1a: Clefable\n|-supereffective|p1a: Clefable\n|-damage|p1a: Clefable|0 fnt\n|faint|p1a: Clefable\n|\n|-weather|Snow|[upkeep]\n|upkeep\n|\n|t:|1699133102\n|switch|p1a: Sneasler|Sneasler, M, shiny|100\/100\n|turn|18\n|\n|t:|1699133114\n|move|p1a: Sneasler|U-turn|p2a: veil bot\n|-resisted|p2a: veil bot\n|-damage|p2a: veil bot|80\/100\n|-status|p2a: veil bot|psn|[from] ability: Poison Touch|[of] p1a: Sneasler\n|\n|t:|1699133118\n|switch|p1a: Slowking|Slowking-Galar, F, shiny|100\/100|[from] U-turn\n|move|p2a: veil bot|Moonblast|p1a: Slowking\n|-resisted|p1a: Slowking\n|-damage|p1a: Slowking|93\/100\n|\n|-weather|Snow|[upkeep]\n|-damage|p2a: veil bot|68\/100 psn|[from] psn\n|upkeep\n|turn|19\n|\n|t:|1699133143\n|move|p2a: veil bot|Freeze-Dry|p1a: Slowking\n|-damage|p1a: Slowking|82\/100\n|move|p1a: Slowking|Future Sight|p2a: veil bot\n|-start|p1a: Slowking|move: Future Sight\n|\n|-weather|none\n|-damage|p2a: veil bot|56\/100 psn|[from] psn\n|upkeep\n|turn|20\n|-message|Akro Agency forfeited.\n|\n|win|Finchely\n|l|\u2606Akro Agency\n|c|\u2606Finchely|Gg\n|l|\u2606Finchely\n|l| incredibleking\n|j|\u2606Finchely\n|player|p1|Finchely|acetrainerf\n","uploadtime":1699133243,"views":9,"p1id":"finchely","p2id":"akroagency","formatid":"gen9ubers","rating":0,"private":0,"password":""}