{"id":"gen9ubers-1982101761","p1":"Kinesquared","p2":"NotAnHacker","format":"[Gen 9] Ubers","log":"|j|\u2606Kinesquared\n|j|\u2606NotAnHacker\n|t:|1698968000\n|gametype|singles\n|player|p1|Kinesquared|scientist-gen4dp|\n|player|p2|NotAnHacker|volkner|\n|teamsize|p1|6\n|teamsize|p2|6\n|gen|9\n|tier|[Gen 9] Ubers\n|rule|Sleep Clause Mod: Limit one foe put to sleep\n|rule|Species Clause: Limit one of each Pok\u00e9mon\n|rule|OHKO Clause: OHKO moves are banned\n|rule|Evasion Items Clause: Evasion items are banned\n|rule|Evasion Moves Clause: Evasion moves are banned\n|rule|Endless Battle Clause: Forcing endless battles is banned\n|rule|HP Percentage Mod: HP is shown in percentages\n|clearpoke\n|poke|p1|Arceus-Dark|\n|poke|p1|Gliscor, F|\n|poke|p1|Blissey, F|\n|poke|p1|Dondozo, F|\n|poke|p1|Giratina|\n|poke|p1|Garganacl, F|\n|poke|p2|Vikavolt, M|\n|poke|p2|Ursaluna-Bloodmoon, M|\n|poke|p2|Shaymin-Sky|\n|poke|p2|Urshifu-*, M|\n|poke|p2|Diancie|\n|poke|p2|Grimmsnarl, M|\n|teampreview\n|j| uubers account\n|c|\u2606Kinesquared|the current score is 1-0 me\n|c|\u2606Kinesquared|gl\n|c| uubers account|Stall?\n|\n|t:|1698968045\n|start\n|switch|p1a: Gliscor|Gliscor, F|100\/100\n|switch|p2a: Grimmsnarl|Grimmsnarl, M|100\/100\n|turn|1\n|\n|t:|1698968055\n|move|p1a: Gliscor|Knock Off|p2a: Grimmsnarl\n|-resisted|p2a: Grimmsnarl\n|-damage|p2a: Grimmsnarl|94\/100\n|-enditem|p2a: Grimmsnarl|Choice Band|[from] move: Knock Off|[of] p1a: Gliscor\n|move|p2a: Grimmsnarl|Play Rough|p1a: Gliscor\n|-damage|p1a: Gliscor|71\/100\n|\n|-status|p1a: Gliscor|tox|[from] item: Toxic Orb\n|upkeep\n|turn|2\n|\n|t:|1698968070\n|move|p1a: Gliscor|Spikes|p2a: Grimmsnarl\n|-sidestart|p2: NotAnHacker|Spikes\n|move|p2a: Grimmsnarl|Crunch|p1a: Gliscor\n|-damage|p1a: Gliscor|43\/100 tox\n|-unboost|p1a: Gliscor|def|1\n|\n|-heal|p1a: Gliscor|56\/100 tox|[from] ability: Poison Heal\n|upkeep\n|turn|3\n|\n|t:|1698968078\n|move|p1a: Gliscor|Protect|p1a: Gliscor\n|-singleturn|p1a: Gliscor|Protect\n|move|p2a: Grimmsnarl|Play Rough|p1a: Gliscor\n|-activate|p1a: Gliscor|move: Protect\n|\n|-heal|p1a: Gliscor|68\/100 tox|[from] ability: Poison Heal\n|upkeep\n|turn|4\n|j| Leo Justice\n|\n|t:|1698968089\n|move|p1a: Gliscor|Spikes|p2a: Grimmsnarl\n|-sidestart|p2: NotAnHacker|Spikes\n|move|p2a: Grimmsnarl|Play Rough|p1a: Gliscor\n|-damage|p1a: Gliscor|28\/100 tox\n|\n|-heal|p1a: Gliscor|41\/100 tox|[from] ability: Poison Heal\n|upkeep\n|turn|5\n|c| Leo Justice|Stall\n|\n|t:|1698968104\n|switch|p2a: Shaymin|Shaymin-Sky|100\/100\n|move|p1a: Gliscor|Protect||[still]\n|-fail|p1a: Gliscor\n|\n|-heal|p1a: Gliscor|53\/100 tox|[from] ability: Poison Heal\n|upkeep\n|turn|6\n|\n|t:|1698968118\n|switch|p1a: Blissey|Blissey, F|100\/100\n|move|p2a: Shaymin|Seed Flare|p1a: Blissey\n|-damage|p1a: Blissey|78\/100\n|-unboost|p1a: Blissey|spd|2\n|\n|upkeep\n|turn|7\n|l| Leo Justice\n|\n|t:|1698968125\n|move|p2a: Shaymin|Air Slash|p1a: Blissey\n|-damage|p1a: Blissey|53\/100\n|move|p1a: Blissey|Flamethrower|p2a: Shaymin\n|-supereffective|p2a: Shaymin\n|-damage|p2a: Shaymin|62\/100\n|\n|upkeep\n|turn|8\n|j| Leo Justice\n|\n|t:|1698968139\n|switch|p1a: Garganacl|Garganacl, F|100\/100\n|move|p2a: Shaymin|Air Slash|p1a: Garganacl\n|-resisted|p1a: Garganacl\n|-damage|p1a: Garganacl|89\/100\n|\n|-heal|p1a: Garganacl|96\/100|[from] item: Leftovers\n|upkeep\n|turn|9\n|\n|t:|1698968156\n|switch|p1a: Giratina|Giratina|100\/100\n|-ability|p1a: Giratina|Pressure\n|move|p2a: Shaymin|Seed Flare|p1a: Giratina\n|-resisted|p1a: Giratina\n|-damage|p1a: Giratina|88\/100\n|-unboost|p1a: Giratina|spd|2\n|\n|upkeep\n|turn|10\n|\n|t:|1698968167\n|move|p2a: Shaymin|Synthesis|p2a: Shaymin\n|-heal|p2a: Shaymin|100\/100\n|move|p1a: Giratina|Hex|p2a: Shaymin\n|-damage|p2a: Shaymin|71\/100\n|\n|upkeep\n|turn|11\n|\n|t:|1698968173\n|move|p2a: Shaymin|Air Slash|p1a: Giratina\n|-damage|p1a: Giratina|56\/100\n|cant|p1a: Giratina|flinch\n|\n|upkeep\n|turn|12\n|\n|t:|1698968180\n|move|p2a: Shaymin|Air Slash|p1a: Giratina\n|-damage|p1a: Giratina|26\/100\n|cant|p1a: Giratina|flinch\n|\n|upkeep\n|turn|13\n|c| uubers account|XD\n|\n|t:|1698968191\n|switch|p1a: Arceus|Arceus-Dark|100\/100\n|move|p2a: Shaymin|Air Slash|p1a: Arceus\n|-damage|p1a: Arceus|75\/100\n|\n|upkeep\n|turn|14\n|c| Leo Justice|Lol\n|\n|t:|1698968199\n|switch|p2a: Grimmsnarl|Grimmsnarl, M|94\/100\n|-damage|p2a: Grimmsnarl|78\/100|[from] Spikes\n|move|p1a: Arceus|Judgment|p2a: Grimmsnarl\n|-resisted|p2a: Grimmsnarl\n|-damage|p2a: Grimmsnarl|65\/100\n|\n|upkeep\n|turn|15\n|c| uubers account|skymin is fair guys\n|\n|t:|1698968207\n|switch|p1a: Gliscor|Gliscor, F|53\/100 tox\n|move|p2a: Grimmsnarl|Play Rough|p1a: Gliscor\n|-damage|p1a: Gliscor|24\/100 tox\n|\n|-heal|p1a: Gliscor|36\/100 tox|[from] ability: Poison Heal\n|upkeep\n|turn|16\n|l| Leo Justice\n|\n|t:|1698968229\n|switch|p2a: Diancie|Diancie|100\/100\n|-damage|p2a: Diancie|84\/100|[from] Spikes\n|move|p1a: Gliscor|Toxic|p2a: Diancie\n|-status|p2a: Diancie|tox\n|\n|-heal|p1a: Gliscor|49\/100 tox|[from] ability: Poison Heal\n|-damage|p2a: Diancie|78\/100 tox|[from] psn\n|upkeep\n|turn|17\n|\n|t:|1698968240\n|move|p1a: Gliscor|Protect|p1a: Gliscor\n|-singleturn|p1a: Gliscor|Protect\n|move|p2a: Diancie|Diamond Storm|p1a: Gliscor\n|-activate|p1a: Gliscor|move: Protect\n|\n|-heal|p1a: Gliscor|61\/100 tox|[from] ability: Poison Heal\n|-damage|p2a: Diancie|66\/100 tox|[from] psn\n|upkeep\n|turn|18\n|j| Leo Justice\n|\n|t:|1698968258\n|switch|p1a: Garganacl|Garganacl, F|96\/100\n|move|p2a: Diancie|Diamond Storm|p1a: Garganacl\n|-damage|p1a: Garganacl|65\/100\n|\n|-heal|p1a: Garganacl|71\/100|[from] item: Leftovers\n|-damage|p2a: Diancie|48\/100 tox|[from] psn\n|upkeep\n|turn|19\n|\n|t:|1698968266\n|move|p2a: Diancie|Body Press|p1a: Garganacl\n|-supereffective|p1a: Garganacl\n|-damage|p1a: Garganacl|36\/100\n|move|p1a: Garganacl|Salt Cure|p2a: Diancie\n|-damage|p2a: Diancie|37\/100 tox\n|-start|p2a: Diancie|Salt Cure\n|\n|-heal|p1a: Garganacl|43\/100|[from] item: Leftovers\n|-damage|p2a: Diancie|14\/100 tox|[from] psn\n|-damage|p2a: Diancie|1\/100 tox|[from] Salt Cure\n|upkeep\n|turn|20\n|\n|t:|1698968278\n|move|p2a: Diancie|Diamond Storm|p1a: Garganacl\n|-damage|p1a: Garganacl|9\/100\n|move|p1a: Garganacl|Recover|p1a: Garganacl\n|-heal|p1a: Garganacl|59\/100\n|\n|-heal|p1a: Garganacl|65\/100|[from] item: Leftovers\n|-damage|p2a: Diancie|0 fnt|[from] psn\n|faint|p2a: Diancie\n|upkeep\n|\n|t:|1698968292\n|switch|p2a: Urshifu|Urshifu, M|100\/100\n|-damage|p2a: Urshifu|84\/100|[from] Spikes\n|turn|21\n|\n|t:|1698968301\n|switch|p1a: Dondozo|Dondozo, F|100\/100\n|move|p2a: Urshifu|Wicked Blow|p1a: Dondozo\n|-crit|p1a: Dondozo\n|-damage|p1a: Dondozo|72\/100\n|-damage|p2a: Urshifu|68\/100|[from] item: Rocky Helmet|[of] p1a: Dondozo\n|\n|upkeep\n|turn|22\n|\n|t:|1698968308\n|move|p2a: Urshifu|Thunder Punch|p1a: Dondozo\n|-supereffective|p1a: Dondozo\n|-damage|p1a: Dondozo|44\/100\n|-damage|p2a: Urshifu|51\/100|[from] item: Rocky Helmet|[of] p1a: Dondozo\n|move|p1a: Dondozo|Avalanche|p2a: Urshifu\n|-damage|p2a: Urshifu|23\/100\n|\n|upkeep\n|turn|23\n|\n|t:|1698968332\n|move|p2a: Urshifu|Thunder Punch|p1a: Dondozo\n|-supereffective|p1a: Dondozo\n|-damage|p1a: Dondozo|18\/100\n|-damage|p2a: Urshifu|6\/100|[from] item: Rocky Helmet|[of] p1a: Dondozo\n|move|p1a: Dondozo|Rest|p1a: Dondozo\n|-status|p1a: Dondozo|slp|[from] move: Rest\n|-heal|p1a: Dondozo|100\/100 slp|[silent]\n|\n|upkeep\n|turn|24\n|\n|t:|1698968343\n|move|p2a: Urshifu|Wicked Blow|p1a: Dondozo\n|-crit|p1a: Dondozo\n|-damage|p1a: Dondozo|75\/100 slp\n|-damage|p2a: Urshifu|0 fnt|[from] item: Rocky Helmet|[of] p1a: Dondozo\n|faint|p2a: Urshifu\n|cant|p1a: Dondozo|slp\n|move|p1a: Dondozo|Sleep Talk|p1a: Dondozo\n|move|p1a: Dondozo|Avalanche|p2: Urshifu|[from]move: Sleep Talk|[notarget]\n|-fail|p1a: Dondozo\n|\n|upkeep\n|\n|t:|1698968358\n|switch|p2a: Vikavolt|Vikavolt, M|100\/100\n|turn|25\n|\n|t:|1698968371\n|switch|p2a: Ursaluna|Ursaluna-Bloodmoon, M|100\/100\n|-damage|p2a: Ursaluna|84\/100|[from] Spikes\n|switch|p1a: Blissey|Blissey, F|53\/100\n|\n|upkeep\n|turn|26\n|\n|t:|1698968386\n|move|p1a: Blissey|Soft-Boiled|p1a: Blissey\n|-heal|p1a: Blissey|100\/100\n|move|p2a: Ursaluna|Focus Blast|p1a: Blissey\n|-supereffective|p1a: Blissey\n|-damage|p1a: Blissey|65\/100\n|\n|upkeep\n|turn|27\n|\n|t:|1698968395\n|switch|p2a: Grimmsnarl|Grimmsnarl, M|65\/100\n|-damage|p2a: Grimmsnarl|49\/100|[from] Spikes\n|move|p1a: Blissey|Calm Mind|p1a: Blissey\n|-boost|p1a: Blissey|spa|1\n|-boost|p1a: Blissey|spd|1\n|\n|upkeep\n|turn|28\n|l| Leo Justice\n|\n|t:|1698968403\n|switch|p1a: Dondozo|Dondozo, F|75\/100 slp\n|move|p2a: Grimmsnarl|Drain Punch|p1a: Dondozo\n|-damage|p1a: Dondozo|64\/100 slp\n|-heal|p2a: Grimmsnarl|57\/100|[from] drain|[of] p1a: Dondozo\n|-damage|p2a: Grimmsnarl|40\/100|[from] item: Rocky Helmet|[of] p1a: Dondozo\n|\n|upkeep\n|turn|29\n|j| Leo Justice\n|\n|t:|1698968410\n|switch|p2a: Shaymin|Shaymin-Sky|71\/100\n|cant|p1a: Dondozo|slp\n|move|p1a: Dondozo|Sleep Talk|p1a: Dondozo\n|move|p1a: Dondozo|Rest||[from]move: Sleep Talk|[still]\n|-fail|p1a: Dondozo\n|\n|upkeep\n|turn|30\n|\n|t:|1698968431\n|switch|p1a: Giratina|Giratina|26\/100\n|-ability|p1a: Giratina|Pressure\n|move|p2a: Shaymin|Seed Flare|p1a: Giratina\n|-resisted|p1a: Giratina\n|-damage|p1a: Giratina|13\/100\n|\n|upkeep\n|turn|31\n|\n|t:|1698968440\n|move|p2a: Shaymin|Air Slash|p1a: Giratina\n|-crit|p1a: Giratina\n|-damage|p1a: Giratina|0 fnt\n|faint|p1a: Giratina\n|\n|upkeep\n|\n|t:|1698968445\n|switch|p1a: Blissey|Blissey, F|65\/100\n|turn|32\n|\n|t:|1698968456\n|switch|p2a: Vikavolt|Vikavolt, M|100\/100\n|move|p1a: Blissey|Flamethrower|p2a: Vikavolt\n|-supereffective|p2a: Vikavolt\n|-damage|p2a: Vikavolt|61\/100\n|-status|p2a: Vikavolt|brn\n|\n|-damage|p2a: Vikavolt|55\/100 brn|[from] brn\n|upkeep\n|turn|33\n|\n|t:|1698968472\n|move|p1a: Blissey|Stealth Rock|p2a: Vikavolt\n|-sidestart|p2: NotAnHacker|move: Stealth Rock\n|move|p2a: Vikavolt|Bug Buzz|p1a: Blissey\n|-damage|p1a: Blissey|43\/100\n|\n|-damage|p2a: Vikavolt|49\/100 brn|[from] brn\n|upkeep\n|turn|34\n|\n|t:|1698968485\n|move|p1a: Blissey|Soft-Boiled|p1a: Blissey\n|-heal|p1a: Blissey|93\/100\n|move|p2a: Vikavolt|Volt Switch|p1a: Blissey\n|-damage|p1a: Blissey|78\/100\n|\n|t:|1698968487\n|switch|p2a: Grimmsnarl|Grimmsnarl, M|40\/100|[from] Volt Switch\n|-damage|p2a: Grimmsnarl|24\/100|[from] Spikes\n|-damage|p2a: Grimmsnarl|11\/100|[from] Stealth Rock\n|\n|upkeep\n|turn|35\n|\n|t:|1698968498\n|switch|p1a: Dondozo|Dondozo, F|64\/100 slp\n|move|p2a: Grimmsnarl|Play Rough|p1a: Dondozo\n|-damage|p1a: Dondozo|44\/100 slp\n|-damage|p2a: Grimmsnarl|0 fnt|[from] item: Rocky Helmet|[of] p1a: Dondozo\n|faint|p2a: Grimmsnarl\n|\n|upkeep\n|\n|t:|1698968501\n|switch|p2a: Shaymin|Shaymin-Sky|71\/100\n|-damage|p2a: Shaymin|47\/100|[from] Stealth Rock\n|turn|36\n|\n|t:|1698968508\n|move|p2a: Shaymin|Seed Flare|p1a: Dondozo\n|-supereffective|p1a: Dondozo\n|-damage|p1a: Dondozo|0 fnt\n|faint|p1a: Dondozo\n|\n|upkeep\n|\n|t:|1698968516\n|switch|p1a: Blissey|Blissey, F|78\/100\n|turn|37\n|\n|t:|1698968532\n|-terastallize|p2a: Shaymin|Water\n|move|p2a: Shaymin|Seed Flare|p1a: Blissey\n|-damage|p1a: Blissey|57\/100\n|-unboost|p1a: Blissey|spd|2\n|move|p1a: Blissey|Flamethrower|p2a: Shaymin\n|-resisted|p2a: Shaymin\n|-damage|p2a: Shaymin|37\/100\n|\n|upkeep\n|turn|38\n|\n|t:|1698968559\n|switch|p1a: Gliscor|Gliscor, F|61\/100 tox\n|move|p2a: Shaymin|Air Slash|p1a: Gliscor\n|-damage|p1a: Gliscor|17\/100 tox\n|\n|-heal|p1a: Gliscor|29\/100 tox|[from] ability: Poison Heal\n|upkeep\n|turn|39\n|\n|t:|1698968568\n|move|p2a: Shaymin|Air Slash|p1a: Gliscor\n|-damage|p1a: Gliscor|0 fnt\n|faint|p1a: Gliscor\n|\n|upkeep\n|c| Leo Justice|Don\u2019t throw this kine\n|\n|t:|1698968572\n|switch|p1a: Arceus|Arceus-Dark|75\/100\n|turn|40\n|c| uubers account|it would be funny tho\n|\n|t:|1698968596\n|switch|p2a: Vikavolt|Vikavolt, M|49\/100 brn\n|move|p1a: Arceus|Judgment|p2a: Vikavolt\n|-damage|p2a: Vikavolt|0 fnt\n|faint|p2a: Vikavolt\n|\n|upkeep\n|\n|t:|1698968598\n|switch|p2a: Ursaluna|Ursaluna-Bloodmoon, M|84\/100\n|-damage|p2a: Ursaluna|67\/100|[from] Spikes\n|-damage|p2a: Ursaluna|61\/100|[from] Stealth Rock\n|turn|41\n|\n|t:|1698968616\n|move|p1a: Arceus|Judgment|p2a: Ursaluna\n|-damage|p2a: Ursaluna|23\/100\n|move|p2a: Ursaluna|Focus Blast|p1a: Arceus\n|-supereffective|p1a: Arceus\n|-damage|p1a: Arceus|11\/100\n|\n|upkeep\n|turn|42\n|\n|t:|1698968652\n|-terastallize|p1a: Arceus|Poison\n|move|p1a: Arceus|Recover|p1a: Arceus\n|-heal|p1a: Arceus|61\/100\n|move|p2a: Ursaluna|Blood Moon|p1a: Arceus\n|-damage|p1a: Arceus|5\/100\n|\n|upkeep\n|turn|43\n|\n|t:|1698968664\n|move|p1a: Arceus|Judgment|p2a: Ursaluna\n|-damage|p2a: Ursaluna|0 fnt\n|faint|p2a: Ursaluna\n|\n|upkeep\n|\n|t:|1698968666\n|switch|p2a: Shaymin|Shaymin-Sky, tera:Water|37\/100\n|-damage|p2a: Shaymin|20\/100|[from] Spikes\n|-damage|p2a: Shaymin|8\/100|[from] Stealth Rock\n|turn|44\n|\n|t:|1698968680\n|move|p2a: Shaymin|Earth Power|p1a: Arceus\n|-supereffective|p1a: Arceus\n|-damage|p1a: Arceus|0 fnt\n|faint|p1a: Arceus\n|\n|upkeep\n|c| uubers account|omg\n|\n|t:|1698968686\n|switch|p1a: Blissey|Blissey, F|57\/100\n|turn|45\n|c| uubers account|no way\n|c| Leo Justice|Mine c\u2019mon\n|c| Leo Justice|Kine\n|c|\u2606NotAnHacker|I think I still lose unless I play perfectlyy\n|\n|t:|1698968722\n|move|p2a: Shaymin|Synthesis|p2a: Shaymin\n|-heal|p2a: Shaymin|58\/100\n|move|p1a: Blissey|Flamethrower|p2a: Shaymin\n|-resisted|p2a: Shaymin\n|-damage|p2a: Shaymin|48\/100\n|\n|upkeep\n|turn|46\n|c| Leo Justice|Wrong move oh no\n|\n|t:|1698968746\n|move|p2a: Shaymin|Air Slash|p1a: Blissey\n|-damage|p1a: Blissey|44\/100\n|move|p1a: Blissey|Calm Mind|p1a: Blissey\n|-boost|p1a: Blissey|spa|1\n|-boost|p1a: Blissey|spd|1\n|\n|upkeep\n|turn|47\n|\n|t:|1698968762\n|move|p2a: Shaymin|Air Slash|p1a: Blissey\n|-damage|p1a: Blissey|34\/100\n|cant|p1a: Blissey|flinch\n|\n|upkeep\n|turn|48\n|\n|t:|1698968766\n|move|p2a: Shaymin|Air Slash|p1a: Blissey\n|-damage|p1a: Blissey|25\/100\n|move|p1a: Blissey|Soft-Boiled|p1a: Blissey\n|-heal|p1a: Blissey|75\/100\n|\n|upkeep\n|turn|49\n|c| Leo Justice|It\u2019s over\n|\n|t:|1698968786\n|move|p2a: Shaymin|Seed Flare|p1a: Blissey\n|-damage|p1a: Blissey|60\/100\n|-unboost|p1a: Blissey|spd|2\n|move|p1a: Blissey|Calm Mind|p1a: Blissey\n|-boost|p1a: Blissey|spa|1\n|-boost|p1a: Blissey|spd|1\n|\n|upkeep\n|turn|50\n|c| uubers account|gg\n|\n|t:|1698968794\n|move|p2a: Shaymin|Air Slash|p1a: Blissey\n|-damage|p1a: Blissey|45\/100\n|move|p1a: Blissey|Calm Mind|p1a: Blissey\n|-boost|p1a: Blissey|spa|1\n|-boost|p1a: Blissey|spd|1\n|\n|upkeep\n|turn|51\n|c| uubers account|I believe\n|\n|t:|1698968800\n|move|p2a: Shaymin|Air Slash|p1a: Blissey\n|-damage|p1a: Blissey|36\/100\n|cant|p1a: Blissey|flinch\n|\n|upkeep\n|turn|52\n|\n|t:|1698968805\n|move|p2a: Shaymin|Air Slash|p1a: Blissey\n|-damage|p1a: Blissey|27\/100\n|cant|p1a: Blissey|flinch\n|\n|upkeep\n|turn|53\n|\n|t:|1698968809\n|move|p2a: Shaymin|Air Slash|p1a: Blissey\n|-damage|p1a: Blissey|18\/100\n|move|p1a: Blissey|Soft-Boiled|p1a: Blissey\n|-heal|p1a: Blissey|68\/100\n|\n|upkeep\n|turn|54\n|c| uubers account|8 fucking flinches?\n|c|\u2606NotAnHacker|Dang\n|c|\u2606NotAnHacker|gg\n|\n|t:|1698968822\n|move|p2a: Shaymin|Synthesis|p2a: Shaymin\n|-heal|p2a: Shaymin|98\/100\n|move|p1a: Blissey|Calm Mind|p1a: Blissey\n|-boost|p1a: Blissey|spa|1\n|-boost|p1a: Blissey|spd|1\n|\n|upkeep\n|turn|55\n|\n|t:|1698968829\n|move|p2a: Shaymin|Earth Power|p1a: Blissey\n|-damage|p1a: Blissey|62\/100\n|move|p1a: Blissey|Calm Mind|p1a: Blissey\n|-boost|p1a: Blissey|spa|1\n|-boost|p1a: Blissey|spd|1\n|\n|upkeep\n|turn|56\n|\n|t:|1698968836\n|move|p2a: Shaymin|Earth Power|p1a: Blissey\n|-damage|p1a: Blissey|58\/100\n|-unboost|p1a: Blissey|spd|1\n|move|p1a: Blissey|Calm Mind|p1a: Blissey\n|-boost|p1a: Blissey|spa|1\n|-boost|p1a: Blissey|spd|1\n|\n|upkeep\n|turn|57\n|c| Leo Justice|Classic Shaymid L\n|\n|t:|1698968843\n|move|p2a: Shaymin|Earth Power|p1a: Blissey\n|-crit|p1a: Blissey\n|-damage|p1a: Blissey|41\/100\n|move|p1a: Blissey|Flamethrower|p2a: Shaymin\n|-resisted|p2a: Shaymin\n|-damage|p2a: Shaymin|60\/100\n|\n|upkeep\n|turn|58\n|\n|t:|1698968851\n|move|p2a: Shaymin|Air Slash|p1a: Blissey\n|-damage|p1a: Blissey|36\/100\n|cant|p1a: Blissey|flinch\n|\n|upkeep\n|turn|59\n|\n|t:|1698968855\n|move|p2a: Shaymin|Air Slash|p1a: Blissey\n|-damage|p1a: Blissey|30\/100\n|cant|p1a: Blissey|flinch\n|\n|upkeep\n|turn|60\n|c| uubers account|skymin just killed most of kines team\n|\n|t:|1698968860\n|move|p2a: Shaymin|Air Slash|p1a: Blissey\n|-damage|p1a: Blissey|25\/100\n|cant|p1a: Blissey|flinch\n|\n|upkeep\n|turn|61\n|c| uubers account|crit?\n|\n|t:|1698968872\n|move|p2a: Shaymin|Air Slash|p1a: Blissey\n|-damage|p1a: Blissey|19\/100\n|cant|p1a: Blissey|flinch\n|\n|upkeep\n|turn|62\n|c|\u2606Kinesquared|qb praying on my downfall lmao\n|c| uubers account|XD\n|c| uubers account|yes\n|\n|t:|1698968883\n|move|p2a: Shaymin|Air Slash|p1a: Blissey\n|-damage|p1a: Blissey|14\/100\n|cant|p1a: Blissey|flinch\n|\n|upkeep\n|turn|63\n|c| uubers account|XD\n|\n|t:|1698968888\n|move|p2a: Shaymin|Air Slash|p1a: Blissey\n|-damage|p1a: Blissey|8\/100\n|cant|p1a: Blissey|flinch\n|\n|upkeep\n|turn|64\n|c| uubers account|XD\n|c|\u2606NotAnHacker|Wow\n|c| uubers account|crit\n|c| uubers account|crit\n|c| uubers account|crit\n|c|\u2606NotAnHacker|im so skilled\n|c| uubers account|crit\n|c| uubers account|crit\n|\n|t:|1698968902\n|move|p2a: Shaymin|Earth Power|p1a: Blissey\n|-damage|p1a: Blissey|4\/100\n|-unboost|p1a: Blissey|spd|1\n|move|p1a: Blissey|Soft-Boiled|p1a: Blissey\n|-heal|p1a: Blissey|54\/100\n|\n|upkeep\n|turn|65\n|c| uubers account|F\n|c|\u2606NotAnHacker|Wide lens put in work\n|\n|t:|1698968917\n|move|p2a: Shaymin|Earth Power|p1a: Blissey\n|-damage|p1a: Blissey|49\/100\n|-unboost|p1a: Blissey|spd|1\n|move|p1a: Blissey|Flamethrower|p2a: Shaymin\n|-resisted|p2a: Shaymin\n|-damage|p2a: Shaymin|21\/100\n|\n|upkeep\n|turn|66\n|c|\u2606Kinesquared|ah so that was ur item\n|c| uubers account|I was wonder what it was\n|\n|t:|1698968933\n|move|p2a: Shaymin|Earth Power|p1a: Blissey\n|-damage|p1a: Blissey|42\/100\n|move|p1a: Blissey|Flamethrower|p2a: Shaymin\n|-resisted|p2a: Shaymin\n|-damage|p2a: Shaymin|0 fnt\n|faint|p2a: Shaymin\n|\n|win|Kinesquared\n|c| Leo Justice|Yeah\n|c|\u2606Kinesquared|gg\n|c| Leo Justice|ggs\n|l| Leo Justice\n|c|\u2606NotAnHacker|gg\n","uploadtime":1698968947,"views":25,"p1id":"kinesquared","p2id":"notanhacker","formatid":"gen9ubers","rating":0,"private":0,"password":""}