{"id":"gen9ubers-1980566673","p1":"WARIOROFLIBERATION","p2":"Inkthelegend","format":"[Gen 9] Ubers","log":"|j|\u2606WARIOROFLIBERATION\n|j|\u2606Inkthelegend\n|t:|1698798135\n|gametype|singles\n|player|p1|WARIOROFLIBERATION|red-gen2|1229\n|player|p2|Inkthelegend|skierf|1405\n|teamsize|p1|6\n|teamsize|p2|6\n|gen|9\n|tier|[Gen 9] Ubers\n|rated|\n|rule|Sleep Clause Mod: Limit one foe put to sleep\n|rule|Species Clause: Limit one of each Pok\u00e9mon\n|rule|OHKO Clause: OHKO moves are banned\n|rule|Evasion Items Clause: Evasion items are banned\n|rule|Evasion Moves Clause: Evasion moves are banned\n|rule|Endless Battle Clause: Forcing endless battles is banned\n|rule|HP Percentage Mod: HP is shown in percentages\n|clearpoke\n|poke|p1|Ursaluna, M|\n|poke|p1|Calyrex-Ice|\n|poke|p1|Magearna|\n|poke|p1|Basculegion, M|\n|poke|p1|Hatterene, F|\n|poke|p1|Dialga-Origin|\n|poke|p2|Roaring Moon|\n|poke|p2|Arceus-Ground|\n|poke|p2|Regieleki|\n|poke|p2|Toxapex, F|\n|poke|p2|Zacian-*|\n|poke|p2|Volcarona, M|\n|teampreview\n|inactive|Battle timer is ON: inactive players will automatically lose when time's up. (requested by Inkthelegend)\n|inactive|WARIOROFLIBERATION has 120 seconds left.\n|\n|t:|1698798168\n|start\n|switch|p1a: BAJRANGAAAAA GUN\ud83d\udd2b|Hatterene, F|100\/100\n|switch|p2a: Toxapex|Toxapex, F, shiny|100\/100\n|turn|1\n|\n|t:|1698798178\n|move|p2a: Toxapex|Sludge Bomb|p1a: BAJRANGAAAAA GUN\ud83d\udd2b\n|-supereffective|p1a: BAJRANGAAAAA GUN\ud83d\udd2b\n|-damage|p1a: BAJRANGAAAAA GUN\ud83d\udd2b|50\/100\n|-status|p1a: BAJRANGAAAAA GUN\ud83d\udd2b|psn\n|move|p1a: BAJRANGAAAAA GUN\ud83d\udd2b|Trick Room|p1a: BAJRANGAAAAA GUN\ud83d\udd2b\n|-fieldstart|move: Trick Room|[of] p1a: BAJRANGAAAAA GUN\ud83d\udd2b\n|\n|-damage|p1a: BAJRANGAAAAA GUN\ud83d\udd2b|37\/100 psn|[from] psn\n|upkeep\n|turn|2\n|\n|t:|1698798189\n|move|p1a: BAJRANGAAAAA GUN\ud83d\udd2b|Healing Wish|p1a: BAJRANGAAAAA GUN\ud83d\udd2b\n|faint|p1a: BAJRANGAAAAA GUN\ud83d\udd2b\n|move|p2a: Toxapex|Surf|p1: BAJRANGAAAAA GUN\ud83d\udd2b|[notarget]\n|-fail|p2a: Toxapex\n|\n|upkeep\n|\n|t:|1698798195\n|switch|p1a: BAJRANGA GUN\ud83d\udd2b|Ursaluna, M, shiny|100\/100\n|turn|3\n|\n|t:|1698798205\n|move|p1a: BAJRANGA GUN\ud83d\udd2b|Headlong Rush|p2a: Toxapex\n|-supereffective|p2a: Toxapex\n|-damage|p2a: Toxapex|0 fnt\n|-unboost|p1a: BAJRANGA GUN\ud83d\udd2b|def|1\n|-unboost|p1a: BAJRANGA GUN\ud83d\udd2b|spd|1\n|faint|p2a: Toxapex\n|\n|-status|p1a: BAJRANGA GUN\ud83d\udd2b|brn|[from] item: Flame Orb\n|upkeep\n|\n|t:|1698798211\n|switch|p2a: Arceus|Arceus-Ground|100\/100\n|turn|4\n|\n|t:|1698798220\n|move|p1a: BAJRANGA GUN\ud83d\udd2b|Fling|p2a: Arceus\n|-damage|p2a: Arceus|87\/100\n|-status|p2a: Arceus|brn\n|-enditem|p1a: BAJRANGA GUN\ud83d\udd2b|Flame Orb|[from] move: Fling\n|move|p2a: Arceus|Earthquake|p1a: BAJRANGA GUN\ud83d\udd2b\n|-damage|p1a: BAJRANGA GUN\ud83d\udd2b|65\/100 brn\n|\n|-damage|p1a: BAJRANGA GUN\ud83d\udd2b|58\/100 brn|[from] brn\n|-damage|p2a: Arceus|81\/100 brn|[from] brn\n|upkeep\n|turn|5\n|\n|t:|1698798235\n|move|p1a: BAJRANGA GUN\ud83d\udd2b|Headlong Rush|p2a: Arceus\n|-damage|p2a: Arceus|10\/100 brn\n|-unboost|p1a: BAJRANGA GUN\ud83d\udd2b|def|1\n|-unboost|p1a: BAJRANGA GUN\ud83d\udd2b|spd|1\n|move|p2a: Arceus|Swords Dance|p2a: Arceus\n|-boost|p2a: Arceus|atk|2\n|\n|-damage|p1a: BAJRANGA GUN\ud83d\udd2b|52\/100 brn|[from] brn\n|-damage|p2a: Arceus|4\/100 brn|[from] brn\n|-fieldend|move: Trick Room\n|upkeep\n|turn|6\n|inactive|WARIOROFLIBERATION has 120 seconds left.\n|\n|t:|1698798270\n|switch|p1a: BAJRANGAA GUN\ud83d\udd2b|Calyrex-Ice|100\/100\n|-ability|p1a: BAJRANGAA GUN\ud83d\udd2b|As One\n|-ability|p1a: BAJRANGAA GUN\ud83d\udd2b|Unnerve\n|move|p2a: Arceus|Earthquake|p1a: BAJRANGAA GUN\ud83d\udd2b\n|-damage|p1a: BAJRANGAA GUN\ud83d\udd2b|64\/100\n|\n|-damage|p2a: Arceus|0 fnt|[from] brn\n|faint|p2a: Arceus\n|upkeep\n|\n|t:|1698798276\n|switch|p2a: Zacian|Zacian-Crowned|100\/100\n|-ability|p2a: Zacian|Intrepid Sword|boost\n|-boost|p2a: Zacian|atk|1\n|turn|7\n|\n|t:|1698798283\n|-terastallize|p1a: BAJRANGAA GUN\ud83d\udd2b|Fire\n|move|p2a: Zacian|Behemoth Blade|p1a: BAJRANGAA GUN\ud83d\udd2b\n|-resisted|p1a: BAJRANGAA GUN\ud83d\udd2b\n|-damage|p1a: BAJRANGAA GUN\ud83d\udd2b|37\/100\n|move|p1a: BAJRANGAA GUN\ud83d\udd2b|Trick Room|p1a: BAJRANGAA GUN\ud83d\udd2b\n|-fieldstart|move: Trick Room|[of] p1a: BAJRANGAA GUN\ud83d\udd2b\n|\n|upkeep\n|turn|8\n|inactive|WARIOROFLIBERATION has 120 seconds left.\n|\n|t:|1698798299\n|move|p1a: BAJRANGAA GUN\ud83d\udd2b|Stomping Tantrum|p2a: Zacian\n|-supereffective|p2a: Zacian\n|-damage|p2a: Zacian|13\/100\n|-damage|p1a: BAJRANGAA GUN\ud83d\udd2b|27\/100|[from] item: Life Orb\n|move|p2a: Zacian|Behemoth Blade|p1a: BAJRANGAA GUN\ud83d\udd2b\n|-resisted|p1a: BAJRANGAA GUN\ud83d\udd2b\n|-damage|p1a: BAJRANGAA GUN\ud83d\udd2b|3\/100\n|\n|upkeep\n|turn|9\n|\n|t:|1698798309\n|move|p1a: BAJRANGAA GUN\ud83d\udd2b|Glacial Lance|p2a: Zacian\n|-resisted|p2a: Zacian\n|-damage|p2a: Zacian|0 fnt\n|faint|p2a: Zacian\n|-ability|p1a: BAJRANGAA GUN\ud83d\udd2b|Chilling Neigh|boost\n|-boost|p1a: BAJRANGAA GUN\ud83d\udd2b|atk|1\n|-damage|p1a: BAJRANGAA GUN\ud83d\udd2b|0 fnt|[from] item: Life Orb\n|faint|p1a: BAJRANGAA GUN\ud83d\udd2b\n|\n|upkeep\n|\n|t:|1698798317\n|switch|p1a: BAJRANGAAAA GUN\ud83d\udd2b|Basculegion, M, shiny|100\/100\n|switch|p2a: Volcarona|Volcarona, M|100\/100\n|turn|10\n|\n|t:|1698798322\n|move|p1a: BAJRANGAAAA GUN\ud83d\udd2b|Last Respects|p2a: Volcarona\n|-damage|p2a: Volcarona|0 fnt\n|faint|p2a: Volcarona\n|\n|upkeep\n|\n|t:|1698798325\n|switch|p2a: Regieleki|Regieleki|100\/100\n|turn|11\n|\n|t:|1698798338\n|move|p1a: BAJRANGAAAA GUN\ud83d\udd2b|Last Respects|p2a: Regieleki\n|-damage|p2a: Regieleki|0 fnt\n|faint|p2a: Regieleki\n|\n|-fieldend|move: Trick Room\n|upkeep\n|\n|t:|1698798340\n|switch|p2a: Roaring Moon|Roaring Moon|100\/100\n|-enditem|p2a: Roaring Moon|Booster Energy\n|-activate|p2a: Roaring Moon|ability: Protosynthesis|[fromitem]\n|-start|p2a: Roaring Moon|protosynthesisatk\n|turn|12\n|\n|t:|1698798351\n|move|p2a: Roaring Moon|Dragon Dance|p2a: Roaring Moon\n|-boost|p2a: Roaring Moon|atk|1\n|-boost|p2a: Roaring Moon|spe|1\n|move|p1a: BAJRANGAAAA GUN\ud83d\udd2b|Last Respects|p2a: Roaring Moon\n|-resisted|p2a: Roaring Moon\n|-damage|p2a: Roaring Moon|3\/100\n|\n|upkeep\n|turn|13\n|\n|t:|1698798358\n|switch|p1a: BAJRANGA GUN\ud83d\udd2b|Ursaluna, M, shiny|52\/100 brn\n|-heal|p1a: BAJRANGA GUN\ud83d\udd2b|100\/100|[from] move: Healing Wish\n|move|p2a: Roaring Moon|Crunch|p1a: BAJRANGA GUN\ud83d\udd2b\n|-damage|p1a: BAJRANGA GUN\ud83d\udd2b|43\/100\n|-unboost|p1a: BAJRANGA GUN\ud83d\udd2b|def|1\n|\n|upkeep\n|turn|14\n|\n|t:|1698798365\n|move|p2a: Roaring Moon|Crunch|p1a: BAJRANGA GUN\ud83d\udd2b\n|-damage|p1a: BAJRANGA GUN\ud83d\udd2b|0 fnt\n|faint|p1a: BAJRANGA GUN\ud83d\udd2b\n|\n|upkeep\n|\n|t:|1698798370\n|switch|p1a: BAJRANGAAAA GUN\ud83d\udd2b|Basculegion, M, shiny|100\/100\n|turn|15\n|\n|t:|1698798379\n|move|p1a: BAJRANGAAAA GUN\ud83d\udd2b|Aqua Jet|p2a: Roaring Moon\n|-resisted|p2a: Roaring Moon\n|-damage|p2a: Roaring Moon|0 fnt\n|faint|p2a: Roaring Moon\n|-end|p2a: Roaring Moon|Protosynthesis|[silent]\n|\n|win|WARIOROFLIBERATION\n|raw|WARIOROFLIBERATION's rating: 1229 &rarr; <strong>1266<\/strong><br \/>(+37 for winning)\n|raw|Inkthelegend's rating: 1405 &rarr; <strong>1376<\/strong><br \/>(-29 for losing)\n|l|\u2606Inkthelegend\n","uploadtime":1698798386,"views":7,"p1id":"wariorofliberation","p2id":"inkthelegend","formatid":"gen9ubers","rating":1266,"private":0,"password":""}