{"id":"gen9ubers-1985697477","p1":"aDestructive","p2":"JoyBoy0606","format":"[Gen 9] Ubers","log":"|j|\u2606aDestructive\n|j|\u2606JoyBoy0606\n|t:|1699396801\n|gametype|singles\n|player|p1|aDestructive|unknownf|1188\n|player|p2|JoyBoy0606|102|1040\n|teamsize|p1|6\n|teamsize|p2|6\n|gen|9\n|tier|[Gen 9] Ubers\n|rated|\n|rule|Sleep Clause Mod: Limit one foe put to sleep\n|rule|Species Clause: Limit one of each Pok\u00e9mon\n|rule|OHKO Clause: OHKO moves are banned\n|rule|Evasion Items Clause: Evasion items are banned\n|rule|Evasion Moves Clause: Evasion moves are banned\n|rule|Endless Battle Clause: Forcing endless battles is banned\n|rule|HP Percentage Mod: HP is shown in percentages\n|clearpoke\n|poke|p1|Koraidon|\n|poke|p1|Iron Moth|\n|poke|p1|Brute Bonnet|\n|poke|p1|Landorus, M|\n|poke|p1|Annihilape, F|\n|poke|p1|Ribombee, F|\n|poke|p2|Regieleki|\n|poke|p2|Armarouge, F|\n|poke|p2|Amoonguss, F|\n|poke|p2|Baxcalibur, F|\n|poke|p2|Urshifu-*, M|\n|poke|p2|Flutter Mane|\n|teampreview\n|\n|t:|1699396813\n|start\n|switch|p1a: Iron Moth|Iron Moth, shiny|100\/100\n|switch|p2a: Shrooms|Amoonguss, F|100\/100\n|-enditem|p1a: Iron Moth|Booster Energy\n|-activate|p1a: Iron Moth|ability: Quark Drive|[fromitem]\n|-start|p1a: Iron Moth|quarkdrivespe\n|turn|1\n|\n|t:|1699396825\n|move|p1a: Iron Moth|Substitute|p1a: Iron Moth\n|-start|p1a: Iron Moth|Substitute\n|-damage|p1a: Iron Moth|76\/100\n|move|p2a: Shrooms|Substitute|p2a: Shrooms\n|-start|p2a: Shrooms|Substitute\n|-damage|p2a: Shrooms|75\/100\n|\n|upkeep\n|turn|2\n|\n|t:|1699396835\n|move|p2a: Shrooms|Sludge Bomb|p1a: Iron Moth\n|-resisted|p1a: Iron Moth\n|-activate|p1a: Iron Moth|move: Substitute|[damage]\n|move|p1a: Iron Moth|Whirlwind|p2a: Shrooms\n|drag|p2a: Enel|Regieleki|100\/100\n|\n|upkeep\n|turn|3\n|\n|t:|1699396847\n|move|p2a: Enel|Volt Switch|p1a: Iron Moth\n|-end|p1a: Iron Moth|Substitute\n|\n|t:|1699396853\n|switch|p2a: Endeavour|Armarouge, F|100\/100|[from] Volt Switch\n|move|p1a: Iron Moth|Whirlwind|p2a: Endeavour\n|drag|p2a: Akuma|Urshifu, M|100\/100\n|\n|upkeep\n|turn|4\n|\n|t:|1699396867\n|move|p1a: Iron Moth|Fiery Dance|p2a: Akuma\n|-damage|p2a: Akuma|34\/100\n|-enditem|p2a: Akuma|Sitrus Berry|[eat]\n|-heal|p2a: Akuma|59\/100|[from] item: Sitrus Berry\n|move|p2a: Akuma|Wicked Blow|p1a: Iron Moth\n|-crit|p1a: Iron Moth\n|-damage|p1a: Iron Moth|0 fnt\n|faint|p1a: Iron Moth\n|-end|p1a: Iron Moth|Quark Drive|[silent]\n|\n|upkeep\n|\n|t:|1699396892\n|switch|p1a: Landorus|Landorus, M, shiny|100\/100\n|turn|5\n|\n|t:|1699396897\n|move|p1a: Landorus|Earth Power|p2a: Akuma\n|-damage|p2a: Akuma|0 fnt\n|faint|p2a: Akuma\n|\n|upkeep\n|\n|t:|1699396903\n|switch|p2a: Shrooms|Amoonguss, F|75\/100\n|turn|6\n|\n|t:|1699396909\n|switch|p1a: Ribombee|Ribombee, F, shiny|100\/100\n|move|p2a: Shrooms|Giga Drain|p1a: Ribombee\n|-resisted|p1a: Ribombee\n|-damage|p1a: Ribombee|80\/100\n|-heal|p2a: Shrooms|82\/100|[from] drain|[of] p1a: Ribombee\n|\n|upkeep\n|turn|7\n|\n|t:|1699396916\n|move|p1a: Ribombee|Sticky Web|p2a: Shrooms\n|-sidestart|p2: JoyBoy0606|move: Sticky Web\n|move|p2a: Shrooms|Toxic|p1a: Ribombee\n|-status|p1a: Ribombee|tox\n|\n|-damage|p1a: Ribombee|74\/100 tox|[from] psn\n|upkeep\n|turn|8\n|\n|t:|1699396974\n|switch|p1a: Annihilape|Annihilape, F, shiny|100\/100\n|move|p2a: Shrooms|Sludge Bomb|p1a: Annihilape\n|-resisted|p1a: Annihilape\n|-damage|p1a: Annihilape|87\/100\n|-status|p1a: Annihilape|psn\n|\n|-damage|p1a: Annihilape|75\/100 psn|[from] psn\n|upkeep\n|turn|9\n|\n|t:|1699396994\n|move|p1a: Annihilape|Ice Punch|p2a: Shrooms\n|-supereffective|p2a: Shrooms\n|-damage|p2a: Shrooms|30\/100\n|-enditem|p2a: Shrooms|Sitrus Berry|[eat]\n|-heal|p2a: Shrooms|55\/100|[from] item: Sitrus Berry\n|move|p2a: Shrooms|Giga Drain|p1a: Annihilape\n|-damage|p1a: Annihilape|52\/100 psn\n|-heal|p2a: Shrooms|65\/100|[from] drain|[of] p1a: Annihilape\n|\n|-damage|p1a: Annihilape|40\/100 psn|[from] psn\n|upkeep\n|turn|10\n|\n|t:|1699397005\n|-terastallize|p1a: Annihilape|Ice\n|move|p1a: Annihilape|Ice Punch|p2a: Shrooms\n|-supereffective|p2a: Shrooms\n|-damage|p2a: Shrooms|0 fnt\n|faint|p2a: Shrooms\n|\n|-damage|p1a: Annihilape|27\/100 psn|[from] psn\n|upkeep\n|\n|t:|1699397017\n|switch|p2a: Beads|Flutter Mane|100\/100\n|-activate|p2a: Beads|move: Sticky Web\n|-unboost|p2a: Beads|spe|1\n|-enditem|p2a: Beads|Booster Energy\n|-activate|p2a: Beads|ability: Protosynthesis|[fromitem]\n|-start|p2a: Beads|protosynthesisspa\n|turn|11\n|\n|t:|1699397028\n|move|p1a: Annihilape|Rage Fist|p2a: Beads\n|-supereffective|p2a: Beads\n|-damage|p2a: Beads|0 fnt\n|faint|p2a: Beads\n|-end|p2a: Beads|Protosynthesis|[silent]\n|\n|-damage|p1a: Annihilape|15\/100 psn|[from] psn\n|upkeep\n|-enditem|p1a: Annihilape|Figy Berry|[eat]\n|-heal|p1a: Annihilape|48\/100 psn|[from] item: Figy Berry\n|\n|t:|1699397040\n|switch|p2a: Enel|Regieleki|100\/100\n|-activate|p2a: Enel|move: Sticky Web\n|-unboost|p2a: Enel|spe|1\n|turn|12\n|\n|t:|1699397046\n|move|p2a: Enel|Thunderbolt|p1a: Annihilape\n|-damage|p1a: Annihilape|0 fnt\n|faint|p1a: Annihilape\n|\n|upkeep\n|\n|t:|1699397050\n|switch|p1a: Landorus|Landorus, M, shiny|100\/100\n|turn|13\n|\n|t:|1699397054\n|move|p1a: Landorus|Earth Power|p2a: Enel\n|-supereffective|p2a: Enel\n|-damage|p2a: Enel|0 fnt\n|faint|p2a: Enel\n|\n|upkeep\n|\n|t:|1699397062\n|switch|p2a: Velkhana|Baxcalibur, F, shiny|100\/100\n|-activate|p2a: Velkhana|move: Sticky Web\n|-unboost|p2a: Velkhana|spe|1\n|turn|14\n|\n|t:|1699397072\n|switch|p1a: Ribombee|Ribombee, F, shiny|74\/100 tox\n|move|p2a: Velkhana|Ice Fang|p1a: Ribombee\n|-crit|p1a: Ribombee\n|-damage|p1a: Ribombee|0 fnt\n|faint|p1a: Ribombee\n|\n|upkeep\n|\n|t:|1699397076\n|switch|p1a: Koraidon|Koraidon|100\/100\n|-weather|SunnyDay|[from] ability: Orichalcum Pulse|[of] p1a: Koraidon\n|-activate|p1a: Koraidon|Orichalcum Pulse|[source]\n|turn|15\n|\n|t:|1699397088\n|move|p1a: Koraidon|Dragon Claw|p2a: Velkhana\n|-supereffective|p2a: Velkhana\n|-damage|p2a: Velkhana|12\/100\n|-enditem|p2a: Velkhana|Sitrus Berry|[eat]\n|-heal|p2a: Velkhana|36\/100|[from] item: Sitrus Berry\n|move|p2a: Velkhana|Dragon Tail|p1a: Koraidon\n|-supereffective|p1a: Koraidon\n|-damage|p1a: Koraidon|32\/100\n|-enditem|p1a: Koraidon|Weakness Policy\n|-boost|p1a: Koraidon|atk|2|[from] item: Weakness Policy\n|-boost|p1a: Koraidon|spa|2|[from] item: Weakness Policy\n|drag|p1a: Landorus|Landorus, M, shiny|100\/100\n|\n|-weather|SunnyDay|[upkeep]\n|upkeep\n|turn|16\n|\n|t:|1699397103\n|move|p1a: Landorus|Earth Power|p2a: Velkhana\n|-damage|p2a: Velkhana|0 fnt\n|faint|p2a: Velkhana\n|\n|-weather|SunnyDay|[upkeep]\n|upkeep\n|\n|t:|1699397108\n|switch|p2a: Endeavour|Armarouge, F|100\/100\n|-activate|p2a: Endeavour|move: Sticky Web\n|-unboost|p2a: Endeavour|spe|1\n|turn|17\n|\n|t:|1699397115\n|move|p1a: Landorus|Earth Power|p2a: Endeavour\n|-supereffective|p2a: Endeavour\n|-damage|p2a: Endeavour|17\/100\n|move|p2a: Endeavour|Flamethrower|p1a: Landorus\n|-damage|p1a: Landorus|0 fnt\n|faint|p1a: Landorus\n|\n|-weather|SunnyDay|[upkeep]\n|upkeep\n|\n|t:|1699397124\n|switch|p1a: Koraidon|Koraidon|32\/100\n|-activate|p1a: Koraidon|ability: Orichalcum Pulse\n|turn|18\n|\n|t:|1699397132\n|move|p1a: Koraidon|Collision Course|p2a: Endeavour\n|-resisted|p2a: Endeavour\n|-damage|p2a: Endeavour|0 fnt\n|faint|p2a: Endeavour\n|\n|win|aDestructive\n|raw|aDestructive's rating: 1188 &rarr; <strong>1203<\/strong><br \/>(+15 for winning)\n|raw|JoyBoy0606's rating: 1040 &rarr; <strong>1030<\/strong><br \/>(-10 for losing)\n|c|\u2606aDestructive|gg\n","uploadtime":1699397143,"views":6,"p1id":"adestructive","p2id":"joyboy0606","formatid":"gen9ubers","rating":1030,"private":0,"password":""}