{"id":"gen9ubers-1978311611","p1":"gerrychu29","p2":"Jyho Blackbird","format":"[Gen 9] Ubers","log":"|j|\u2606gerrychu29\n|j|\u2606Jyho Blackbird\n|t:|1698523799\n|gametype|singles\n|player|p1|gerrychu29|red|\n|player|p2|Jyho Blackbird|hilbert-wonderlauncher|\n|teamsize|p1|6\n|teamsize|p2|6\n|gen|9\n|tier|[Gen 9] Ubers\n|rule|Sleep Clause Mod: Limit one foe put to sleep\n|rule|Species Clause: Limit one of each Pok\u00e9mon\n|rule|OHKO Clause: OHKO moves are banned\n|rule|Evasion Items Clause: Evasion items are banned\n|rule|Evasion Moves Clause: Evasion moves are banned\n|rule|Endless Battle Clause: Forcing endless battles is banned\n|rule|HP Percentage Mod: HP is shown in percentages\n|clearpoke\n|poke|p1|Palafin, M|\n|poke|p1|Shaymin-Sky|\n|poke|p1|Zacian-*|\n|poke|p1|Arceus-Fire|\n|poke|p1|Blissey, F|\n|poke|p1|Giratina|\n|poke|p2|Volcarona, M|\n|poke|p2|Quagsire, F|\n|poke|p2|Iron Valiant|\n|poke|p2|Dialga|\n|poke|p2|Shaymin-Sky|\n|poke|p2|Giratina|\n|teampreview\n|\n|t:|1698523849\n|start\n|switch|p1a: Palafin|Palafin, M|100\/100\n|switch|p2a: Iron Valiant|Iron Valiant|100\/100\n|-enditem|p2a: Iron Valiant|Booster Energy\n|-activate|p2a: Iron Valiant|ability: Quark Drive|[fromitem]\n|-start|p2a: Iron Valiant|quarkdrivespe\n|turn|1\n|\n|t:|1698523895\n|detailschange|p1a: Palafin|Palafin-Hero, M\n|switch|p1a: Arceus|Arceus-Fire|100\/100\n|move|p2a: Iron Valiant|Swords Dance|p2a: Iron Valiant\n|-boost|p2a: Iron Valiant|atk|2\n|\n|upkeep\n|turn|2\n|\n|t:|1698523909\n|-terastallize|p2a: Iron Valiant|Fighting\n|move|p2a: Iron Valiant|Close Combat|p1a: Arceus\n|-damage|p1a: Arceus|0 fnt\n|-unboost|p2a: Iron Valiant|def|1\n|-unboost|p2a: Iron Valiant|spd|1\n|faint|p1a: Arceus\n|\n|upkeep\n|\n|t:|1698524025\n|switch|p1a: Palafin|Palafin-Hero, M|100\/100\n|-activate|p1a: Palafin|ability: Zero to Hero\n|turn|3\n|\n|t:|1698524050\n|-terastallize|p1a: Palafin|Water\n|move|p1a: Palafin|Jet Punch|p2a: Iron Valiant\n|-damage|p2a: Iron Valiant|0 fnt\n|faint|p2a: Iron Valiant\n|-end|p2a: Iron Valiant|Quark Drive|[silent]\n|\n|upkeep\n|\n|t:|1698524059\n|switch|p2a: Giratina|Giratina|100\/100\n|-ability|p2a: Giratina|Pressure\n|turn|4\n|\n|t:|1698524070\n|switch|p1a: Blissey|Blissey, F|100\/100\n|move|p2a: Giratina|Dragon Tail|p1a: Blissey\n|-damage|p1a: Blissey|78\/100\n|drag|p1a: Palafin|Palafin-Hero, M, tera:Water|100\/100\n|\n|upkeep\n|turn|5\n|\n|t:|1698524087\n|move|p1a: Palafin|Flip Turn|p2a: Giratina\n|-resisted|p2a: Giratina\n|-damage|p2a: Giratina|79\/100\n|-damage|p1a: Palafin|84\/100|[from] item: Rocky Helmet|[of] p2a: Giratina\n|\n|t:|1698524107\n|switch|p1a: Blissey|Blissey, F|78\/100|[from] Flip Turn\n|move|p2a: Giratina|Dragon Tail|p1a: Blissey\n|-damage|p1a: Blissey|55\/100\n|drag|p1a: Zacian|Zacian|100\/100\n|-ability|p1a: Zacian|Intrepid Sword|boost\n|-boost|p1a: Zacian|atk|1\n|\n|upkeep\n|turn|6\n|\n|t:|1698524124\n|switch|p2a: Quagsire|Quagsire, F|100\/100\n|move|p1a: Zacian|Play Rough|p2a: Quagsire\n|-damage|p2a: Quagsire|69\/100\n|\n|-heal|p2a: Quagsire|75\/100|[from] item: Leftovers\n|upkeep\n|turn|7\n|\n|t:|1698524149\n|switch|p1a: Shaymin|Shaymin-Sky|100\/100\n|move|p2a: Quagsire|Toxic Spikes|p1a: Shaymin\n|-sidestart|p1: gerrychu29|move: Toxic Spikes\n|\n|-heal|p2a: Quagsire|81\/100|[from] item: Leftovers\n|upkeep\n|turn|8\n|\n|t:|1698524160\n|switch|p2a: Volcarona|Volcarona, M|100\/100\n|move|p1a: Shaymin|Seed Flare|p2a: Volcarona\n|-resisted|p2a: Volcarona\n|-damage|p2a: Volcarona|84\/100\n|-unboost|p2a: Volcarona|spd|2\n|\n|upkeep\n|turn|9\n|\n|t:|1698524174\n|move|p1a: Shaymin|Air Slash|p2a: Volcarona\n|-supereffective|p2a: Volcarona\n|-damage|p2a: Volcarona|0 fnt\n|faint|p2a: Volcarona\n|\n|upkeep\n|\n|t:|1698524179\n|switch|p2a: Shaymin|Shaymin-Sky|100\/100\n|turn|10\n|\n|t:|1698524241\n|switch|p1a: Giratina|Giratina|100\/100\n|-ability|p1a: Giratina|Pressure\n|move|p2a: Shaymin|Air Slash|p1a: Giratina\n|-damage|p1a: Giratina|80\/100\n|\n|upkeep\n|turn|11\n|\n|t:|1698524267\n|switch|p2a: Quagsire|Quagsire, F|81\/100\n|move|p1a: Giratina|Dragon Tail|p2a: Quagsire\n|-damage|p2a: Quagsire|67\/100\n|drag|p2a: Dialga|Dialga|100\/100\n|-ability|p2a: Dialga|Pressure\n|\n|upkeep\n|turn|12\n|\n|t:|1698524280\n|switch|p1a: Blissey|Blissey, F|55\/100\n|move|p2a: Dialga|Draco Meteor|p1a: Blissey|[miss]\n|-miss|p2a: Dialga|p1a: Blissey\n|\n|upkeep\n|turn|13\n|\n|t:|1698524297\n|switch|p2a: Quagsire|Quagsire, F|67\/100\n|move|p1a: Blissey|Stealth Rock|p2a: Quagsire\n|-sidestart|p2: Jyho Blackbird|move: Stealth Rock\n|\n|-heal|p2a: Quagsire|73\/100|[from] item: Leftovers\n|upkeep\n|turn|14\n|\n|t:|1698524306\n|move|p1a: Blissey|Seismic Toss|p2a: Quagsire\n|-damage|p2a: Quagsire|48\/100\n|move|p2a: Quagsire|Toxic Spikes|p1a: Blissey\n|-sidestart|p1: gerrychu29|move: Toxic Spikes\n|\n|-heal|p2a: Quagsire|54\/100|[from] item: Leftovers\n|upkeep\n|turn|15\n|\n|t:|1698524314\n|move|p1a: Blissey|Seismic Toss|p2a: Quagsire\n|-damage|p2a: Quagsire|29\/100\n|move|p2a: Quagsire|Stealth Rock|p1a: Blissey\n|-sidestart|p1: gerrychu29|move: Stealth Rock\n|\n|-heal|p2a: Quagsire|35\/100|[from] item: Leftovers\n|upkeep\n|turn|16\n|\n|t:|1698524328\n|switch|p2a: Giratina|Giratina|79\/100\n|-damage|p2a: Giratina|66\/100|[from] Stealth Rock\n|-ability|p2a: Giratina|Pressure\n|move|p1a: Blissey|Soft-Boiled|p1a: Blissey\n|-heal|p1a: Blissey|100\/100\n|\n|upkeep\n|turn|17\n|\n|t:|1698524341\n|move|p1a: Blissey|Thunder Wave|p2a: Giratina\n|-status|p2a: Giratina|par\n|move|p2a: Giratina|Dragon Tail|p1a: Blissey\n|-damage|p1a: Blissey|78\/100\n|drag|p1a: Shaymin|Shaymin-Sky|100\/100\n|\n|upkeep\n|turn|18\n|\n|t:|1698524369\n|move|p1a: Shaymin|Air Slash|p2a: Giratina\n|-damage|p2a: Giratina|50\/100 par\n|cant|p2a: Giratina|flinch\n|\n|upkeep\n|turn|19\n|\n|t:|1698524375\n|move|p1a: Shaymin|Air Slash|p2a: Giratina\n|-damage|p2a: Giratina|34\/100 par\n|move|p2a: Giratina|Rest|p2a: Giratina\n|-status|p2a: Giratina|slp|[from] move: Rest\n|-heal|p2a: Giratina|100\/100 slp|[silent]\n|\n|upkeep\n|turn|20\n|\n|t:|1698524399\n|switch|p1a: Zacian|Zacian|100\/100\n|cant|p2a: Giratina|slp\n|move|p2a: Giratina|Sleep Talk|p2a: Giratina\n|move|p2a: Giratina|Dragon Tail|p1a: Zacian|[from]move: Sleep Talk\n|-immune|p1a: Zacian\n|\n|upkeep\n|turn|21\n|\n|t:|1698524411\n|switch|p2a: Dialga|Dialga|100\/100\n|-damage|p2a: Dialga|94\/100|[from] Stealth Rock\n|-ability|p2a: Dialga|Pressure\n|move|p1a: Zacian|Play Rough|p2a: Dialga\n|-damage|p2a: Dialga|62\/100\n|\n|upkeep\n|turn|22\n|\n|t:|1698524548\n|switch|p1a: Blissey|Blissey, F|78\/100\n|move|p2a: Dialga|Flash Cannon|p1a: Blissey\n|-damage|p1a: Blissey|63\/100\n|-unboost|p1a: Blissey|spd|1\n|\n|upkeep\n|turn|23\n|\n|t:|1698524578\n|move|p2a: Dialga|Draco Meteor|p1a: Blissey\n|-damage|p1a: Blissey|26\/100\n|-unboost|p2a: Dialga|spa|2\n|move|p1a: Blissey|Soft-Boiled|p1a: Blissey\n|-heal|p1a: Blissey|76\/100\n|\n|upkeep\n|turn|24\n|\n|t:|1698524606\n|switch|p2a: Giratina|Giratina|100\/100 slp\n|-damage|p2a: Giratina|88\/100 slp|[from] Stealth Rock\n|-ability|p2a: Giratina|Pressure\n|move|p1a: Blissey|Seismic Toss|p2a: Giratina\n|-immune|p2a: Giratina\n|\n|upkeep\n|turn|25\n|\n|t:|1698524634\n|switch|p1a: Shaymin|Shaymin-Sky|100\/100\n|cant|p2a: Giratina|slp\n|move|p2a: Giratina|Sleep Talk|p2a: Giratina\n|move|p2a: Giratina|Dragon Tail|p1a: Shaymin|[from]move: Sleep Talk\n|-damage|p1a: Shaymin|74\/100\n|drag|p1a: Giratina|Giratina|80\/100\n|-ability|p1a: Giratina|Pressure\n|\n|upkeep\n|turn|26\n|\n|t:|1698524676\n|-curestatus|p2a: Giratina|slp|[msg]\n|move|p2a: Giratina|Hex|p1a: Giratina\n|-supereffective|p1a: Giratina\n|-crit|p1a: Giratina\n|-damage|p1a: Giratina|44\/100\n|move|p1a: Giratina|Dragon Tail|p2a: Giratina\n|-supereffective|p2a: Giratina\n|-damage|p2a: Giratina|66\/100\n|-damage|p1a: Giratina|27\/100|[from] item: Rocky Helmet|[of] p2a: Giratina\n|drag|p2a: Shaymin|Shaymin-Sky|100\/100\n|-damage|p2a: Shaymin|76\/100|[from] Stealth Rock\n|\n|upkeep\n|turn|27\n|\n|t:|1698524693\n|move|p2a: Shaymin|Air Slash|p1a: Giratina\n|-damage|p1a: Giratina|7\/100\n|move|p1a: Giratina|Rest|p1a: Giratina\n|-status|p1a: Giratina|slp|[from] move: Rest\n|-heal|p1a: Giratina|100\/100 slp|[silent]\n|\n|upkeep\n|turn|28\n|\n|t:|1698524768\n|switch|p2a: Dialga|Dialga|62\/100\n|-damage|p2a: Dialga|56\/100|[from] Stealth Rock\n|-ability|p2a: Dialga|Pressure\n|cant|p1a: Giratina|slp\n|\n|upkeep\n|turn|29\n|\n|t:|1698524783\n|switch|p1a: Blissey|Blissey, F|76\/100\n|move|p2a: Dialga|Dragon Tail|p1a: Blissey|[miss]\n|-miss|p2a: Dialga|p1a: Blissey\n|\n|upkeep\n|turn|30\n|\n|t:|1698524833\n|move|p1a: Blissey|Seismic Toss|p2a: Dialga\n|-damage|p2a: Dialga|31\/100\n|move|p2a: Dialga|Dragon Tail|p1a: Blissey\n|-damage|p1a: Blissey|52\/100\n|drag|p1a: Shaymin|Shaymin-Sky|74\/100\n|\n|upkeep\n|turn|31\n|\n|t:|1698524852\n|move|p1a: Shaymin|Earth Power|p2a: Dialga\n|-supereffective|p2a: Dialga\n|-damage|p2a: Dialga|0 fnt\n|faint|p2a: Dialga\n|\n|upkeep\n|\n|t:|1698524858\n|switch|p2a: Shaymin|Shaymin-Sky|76\/100\n|-damage|p2a: Shaymin|51\/100|[from] Stealth Rock\n|turn|32\n|\n|t:|1698524868\n|move|p2a: Shaymin|Air Slash|p1a: Shaymin\n|-supereffective|p1a: Shaymin\n|-damage|p1a: Shaymin|0 fnt\n|faint|p1a: Shaymin\n|\n|upkeep\n|\n|t:|1698524890\n|switch|p1a: Zacian|Zacian|100\/100\n|turn|33\n|\n|t:|1698524910\n|move|p2a: Shaymin|Air Slash|p1a: Zacian\n|-damage|p1a: Zacian|66\/100\n|move|p1a: Zacian|Fire Fang|p2a: Shaymin\n|-supereffective|p2a: Shaymin\n|-damage|p2a: Shaymin|0 fnt\n|faint|p2a: Shaymin\n|\n|upkeep\n|\n|t:|1698524918\n|switch|p2a: Giratina|Giratina|66\/100\n|-damage|p2a: Giratina|54\/100|[from] Stealth Rock\n|-ability|p2a: Giratina|Pressure\n|turn|34\n|\n|t:|1698524927\n|move|p1a: Zacian|Play Rough|p2a: Giratina\n|-supereffective|p2a: Giratina\n|-damage|p2a: Giratina|1\/100\n|-damage|p1a: Zacian|49\/100|[from] item: Rocky Helmet|[of] p2a: Giratina\n|move|p2a: Giratina|Rest|p2a: Giratina\n|-status|p2a: Giratina|slp|[from] move: Rest\n|-heal|p2a: Giratina|100\/100 slp|[silent]\n|\n|upkeep\n|turn|35\n|\n|t:|1698524936\n|move|p1a: Zacian|Swords Dance|p1a: Zacian\n|-boost|p1a: Zacian|atk|2\n|cant|p2a: Giratina|slp\n|move|p2a: Giratina|Sleep Talk|p2a: Giratina\n|move|p2a: Giratina|Hex|p1a: Zacian|[from]move: Sleep Talk\n|-damage|p1a: Zacian|30\/100\n|\n|upkeep\n|turn|36\n|\n|t:|1698524953\n|move|p1a: Zacian|Play Rough|p2a: Giratina\n|-supereffective|p2a: Giratina\n|-damage|p2a: Giratina|3\/100 slp\n|-damage|p1a: Zacian|13\/100|[from] item: Rocky Helmet|[of] p2a: Giratina\n|cant|p2a: Giratina|slp\n|move|p2a: Giratina|Sleep Talk|p2a: Giratina\n|move|p2a: Giratina|Rest||[from]move: Sleep Talk|[still]\n|-fail|p2a: Giratina\n|\n|upkeep\n|turn|37\n|\n|t:|1698524974\n|move|p1a: Zacian|Play Rough|p2a: Giratina\n|-supereffective|p2a: Giratina\n|-crit|p2a: Giratina\n|-damage|p2a: Giratina|0 fnt\n|-damage|p1a: Zacian|0 fnt|[from] item: Rocky Helmet|[of] p2a: Giratina\n|faint|p2a: Giratina\n|faint|p1a: Zacian\n|\n|upkeep\n|\n|t:|1698524982\n|switch|p1a: Palafin|Palafin-Hero, M, tera:Water|84\/100\n|switch|p2a: Quagsire|Quagsire, F|35\/100\n|-status|p1a: Palafin|tox\n|-damage|p1a: Palafin|72\/100 tox|[from] Stealth Rock\n|-damage|p2a: Quagsire|29\/100|[from] Stealth Rock\n|turn|38\n|\n|t:|1698524997\n|move|p1a: Palafin|Wave Crash|p2a: Quagsire\n|-damage|p2a: Quagsire|0 fnt\n|faint|p2a: Quagsire\n|-damage|p1a: Palafin|61\/100 tox|[from] Recoil\n|\n|win|gerrychu29\n|c|\u2606Jyho Blackbird|gg\n|c|\u2606gerrychu29|gg\n","uploadtime":1698525010,"views":16,"p1id":"gerrychu29","p2id":"jyhoblackbird","formatid":"gen9ubers","rating":0,"private":0,"password":""}