{"id":"gen9ubers-1973845036","p1":"thegroomsmen","p2":"GROOMS_654321","format":"[Gen 9] Ubers","log":"|j|\u2606thegroomsmen\n|j|\u2606GROOMS_654321\n|t:|1698019808\n|gametype|singles\n|player|p1|thegroomsmen|cynthia-gen4|\n|player|p2|GROOMS_654321|ethan|\n|teamsize|p1|6\n|teamsize|p2|6\n|gen|9\n|tier|[Gen 9] Ubers\n|rule|Sleep Clause Mod: Limit one foe put to sleep\n|rule|Species Clause: Limit one of each Pok\u00e9mon\n|rule|OHKO Clause: OHKO moves are banned\n|rule|Evasion Items Clause: Evasion items are banned\n|rule|Evasion Moves Clause: Evasion moves are banned\n|rule|Endless Battle Clause: Forcing endless battles is banned\n|rule|HP Percentage Mod: HP is shown in percentages\n|clearpoke\n|poke|p1|Baxcalibur, M|\n|poke|p1|Rillaboom, F|\n|poke|p1|Spiritomb, M|\n|poke|p1|Iron Treads|\n|poke|p1|Talonflame, F|\n|poke|p1|Greninja-*, F|\n|poke|p2|Slowking, M|\n|poke|p2|Samurott-Hisui, M|\n|poke|p2|Goodra-Hisui, F|\n|poke|p2|Tauros-Paldea-Combat, M|\n|poke|p2|Slaking, M|\n|poke|p2|Typhlosion-Hisui, M|\n|teampreview\n|j| KingRenegade\n|c| KingRenegade|Prepare for battle!!!!\n|\n|t:|1698019823\n|start\n|switch|p1a: Rillaboom|Rillaboom, F|100\/100\n|switch|p2a: Slaking|Slaking, M|100\/100\n|-fieldstart|move: Grassy Terrain|[from] ability: Grassy Surge|[of] p1a: Rillaboom\n|turn|1\n|\n|t:|1698019839\n|switch|p2a: Goodra|Goodra-Hisui, F|100\/100\n|switch|p1a: Iron Treads|Iron Treads|100\/100\n|\n|upkeep\n|turn|2\n|\n|t:|1698019859\n|move|p1a: Iron Treads|Earthquake|p2a: Goodra\n|-supereffective|p2a: Goodra\n|-damage|p2a: Goodra|74\/100\n|move|p2a: Goodra|Flamethrower|p1a: Iron Treads\n|-supereffective|p1a: Iron Treads\n|-damage|p1a: Iron Treads|45\/100\n|\n|-heal|p1a: Iron Treads|52\/100|[from] Grassy Terrain\n|-heal|p2a: Goodra|80\/100|[from] Grassy Terrain\n|upkeep\n|turn|3\n|\n|t:|1698019884\n|-end|p1a: Iron Treads|Quark Drive|[silent]\n|switch|p1a: Spiritomb|Spiritomb, M|100\/100\n|-ability|p1a: Spiritomb|Pressure\n|move|p2a: Goodra|Thunderbolt|p1a: Spiritomb\n|-damage|p1a: Spiritomb|83\/100\n|\n|-heal|p2a: Goodra|86\/100|[from] Grassy Terrain\n|-heal|p1a: Spiritomb|89\/100|[from] Grassy Terrain\n|-heal|p1a: Spiritomb|95\/100|[from] item: Leftovers\n|upkeep\n|turn|4\n|\n|t:|1698019903\n|switch|p2a: Samurott|Samurott-Hisui, M|100\/100\n|move|p1a: Spiritomb|Will-O-Wisp|p2a: Samurott|[miss]\n|-miss|p1a: Spiritomb|p2a: Samurott\n|\n|-heal|p1a: Spiritomb|100\/100|[from] Grassy Terrain\n|upkeep\n|turn|5\n|\n|t:|1698019914\n|move|p2a: Samurott|Ceaseless Edge|p1a: Spiritomb\n|-damage|p1a: Spiritomb|53\/100\n|-sidestart|p1: thegroomsmen|Spikes\n|move|p1a: Spiritomb|Will-O-Wisp|p2a: Samurott\n|-status|p2a: Samurott|brn\n|\n|-heal|p1a: Spiritomb|59\/100|[from] Grassy Terrain\n|-heal|p1a: Spiritomb|65\/100|[from] item: Leftovers\n|-damage|p2a: Samurott|94\/100 brn|[from] brn\n|-fieldend|move: Grassy Terrain\n|upkeep\n|turn|6\n|\n|t:|1698019926\n|switch|p1a: Rillaboom|Rillaboom, F|100\/100\n|-damage|p1a: Rillaboom|88\/100|[from] Spikes\n|-fieldstart|move: Grassy Terrain|[from] ability: Grassy Surge|[of] p1a: Rillaboom\n|move|p2a: Samurott|Ceaseless Edge|p1a: Rillaboom\n|-damage|p1a: Rillaboom|68\/100\n|-sidestart|p1: thegroomsmen|Spikes\n|\n|-heal|p2a: Samurott|100\/100 brn|[from] Grassy Terrain\n|-heal|p1a: Rillaboom|74\/100|[from] Grassy Terrain\n|-heal|p1a: Rillaboom|80\/100|[from] item: Leftovers\n|-damage|p2a: Samurott|94\/100 brn|[from] brn\n|upkeep\n|turn|7\n|\n|t:|1698019941\n|switch|p2a: Typhlosion|Typhlosion-Hisui, M|100\/100\n|move|p1a: Rillaboom|Drain Punch|p2a: Typhlosion\n|-immune|p2a: Typhlosion\n|\n|-heal|p1a: Rillaboom|86\/100|[from] Grassy Terrain\n|-heal|p1a: Rillaboom|92\/100|[from] item: Leftovers\n|upkeep\n|turn|8\n|\n|t:|1698019978\n|switch|p1a: Spiritomb|Spiritomb, M|65\/100\n|-damage|p1a: Spiritomb|48\/100|[from] Spikes\n|-ability|p1a: Spiritomb|Pressure\n|move|p2a: Typhlosion|Focus Blast|p1a: Spiritomb\n|-immune|p1a: Spiritomb\n|\n|-heal|p1a: Spiritomb|54\/100|[from] Grassy Terrain\n|-heal|p1a: Spiritomb|60\/100|[from] item: Leftovers\n|upkeep\n|turn|9\n|\n|t:|1698019992\n|switch|p2a: Samurott|Samurott-Hisui, M|94\/100 brn\n|move|p1a: Spiritomb|Pain Split|p2a: Samurott\n|-sethp|p2a: Samurott|74\/100 brn|[from] move: Pain Split|[silent]\n|-sethp|p1a: Spiritomb|83\/100|[from] move: Pain Split\n|\n|-heal|p2a: Samurott|80\/100 brn|[from] Grassy Terrain\n|-heal|p1a: Spiritomb|89\/100|[from] Grassy Terrain\n|-heal|p1a: Spiritomb|95\/100|[from] item: Leftovers\n|-damage|p2a: Samurott|74\/100 brn|[from] brn\n|upkeep\n|turn|10\n|\n|t:|1698020009\n|switch|p1a: Rillaboom|Rillaboom, F|92\/100\n|-damage|p1a: Rillaboom|76\/100|[from] Spikes\n|move|p2a: Samurott|Ceaseless Edge|p1a: Rillaboom\n|-damage|p1a: Rillaboom|55\/100\n|-sidestart|p1: thegroomsmen|Spikes\n|\n|-heal|p2a: Samurott|80\/100 brn|[from] Grassy Terrain\n|-heal|p1a: Rillaboom|61\/100|[from] Grassy Terrain\n|-heal|p1a: Rillaboom|68\/100|[from] item: Leftovers\n|-damage|p2a: Samurott|74\/100 brn|[from] brn\n|-fieldend|move: Grassy Terrain\n|upkeep\n|turn|11\n|\n|t:|1698020026\n|switch|p2a: Slowking|Slowking, M|100\/100\n|move|p1a: Rillaboom|Drum Beating|p2a: Slowking\n|-supereffective|p2a: Slowking\n|-damage|p2a: Slowking|15\/100\n|-unboost|p2a: Slowking|spe|1\n|\n|-heal|p1a: Rillaboom|74\/100|[from] item: Leftovers\n|-heal|p2a: Slowking|21\/100|[from] item: Leftovers\n|upkeep\n|turn|12\n|j| hutch8989\n|\n|t:|1698020044\n|switch|p2a: Goodra|Goodra-Hisui, F|86\/100\n|move|p1a: Rillaboom|Knock Off|p2a: Goodra\n|-damage|p2a: Goodra|64\/100\n|-enditem|p2a: Goodra|Assault Vest|[from] move: Knock Off|[of] p1a: Rillaboom\n|\n|-heal|p1a: Rillaboom|80\/100|[from] item: Leftovers\n|upkeep\n|turn|13\n|\n|t:|1698020055\n|move|p1a: Rillaboom|Drain Punch|p2a: Goodra\n|-supereffective|p2a: Goodra\n|-damage|p2a: Goodra|30\/100\n|-heal|p1a: Rillaboom|95\/100|[from] drain|[of] p2a: Goodra\n|move|p2a: Goodra|Draco Meteor|p1a: Rillaboom\n|-damage|p1a: Rillaboom|41\/100\n|-unboost|p2a: Goodra|spa|2\n|\n|-heal|p1a: Rillaboom|47\/100|[from] item: Leftovers\n|upkeep\n|turn|14\n|\n|t:|1698020077\n|switch|p2a: Typhlosion|Typhlosion-Hisui, M|100\/100\n|move|p1a: Rillaboom|U-turn|p2a: Typhlosion\n|-resisted|p2a: Typhlosion\n|-damage|p2a: Typhlosion|92\/100\n|\n|t:|1698020083\n|switch|p1a: Greninja|Greninja, F|100\/100|[from] U-turn\n|-damage|p1a: Greninja|76\/100|[from] Spikes\n|\n|upkeep\n|turn|15\n|\n|t:|1698020097\n|switch|p2a: Samurott|Samurott-Hisui, M|74\/100 brn\n|move|p1a: Greninja|Surf|p2a: Samurott\n|-start|p1a: Greninja|typechange|Water|[from] ability: Protean\n|-resisted|p2a: Samurott\n|-damage|p2a: Samurott|46\/100 brn\n|\n|-damage|p2a: Samurott|40\/100 brn|[from] brn\n|upkeep\n|turn|16\n|\n|t:|1698020112\n|switch|p1a: Iron Treads|Iron Treads|52\/100\n|move|p2a: Samurott|Aqua Jet|p1a: Iron Treads\n|-supereffective|p1a: Iron Treads\n|-damage|p1a: Iron Treads|39\/100\n|\n|-damage|p2a: Samurott|34\/100 brn|[from] brn\n|upkeep\n|turn|17\n|\n|t:|1698020123\n|switch|p2a: Tauros|Tauros-Paldea-Combat, M|100\/100\n|-ability|p2a: Tauros|Intimidate|boost\n|-unboost|p1a: Iron Treads|atk|1\n|move|p1a: Iron Treads|Earthquake|p2a: Tauros\n|-damage|p2a: Tauros|84\/100\n|\n|-heal|p2a: Tauros|90\/100|[from] item: Leftovers\n|upkeep\n|turn|18\n|\n|t:|1698020136\n|-end|p1a: Iron Treads|Quark Drive|[silent]\n|switch|p1a: Spiritomb|Spiritomb, M|95\/100\n|-damage|p1a: Spiritomb|70\/100|[from] Spikes\n|-ability|p1a: Spiritomb|Pressure\n|move|p2a: Tauros|Stone Edge|p1a: Spiritomb\n|-damage|p1a: Spiritomb|42\/100\n|\n|-heal|p2a: Tauros|97\/100|[from] item: Leftovers\n|-heal|p1a: Spiritomb|48\/100|[from] item: Leftovers\n|upkeep\n|turn|19\n|\n|t:|1698020154\n|move|p2a: Tauros|Stone Edge|p1a: Spiritomb\n|-damage|p1a: Spiritomb|19\/100\n|move|p1a: Spiritomb|Pain Split|p2a: Tauros\n|-sethp|p2a: Tauros|56\/100|[from] move: Pain Split|[silent]\n|-sethp|p1a: Spiritomb|66\/100|[from] move: Pain Split\n|\n|-heal|p2a: Tauros|63\/100|[from] item: Leftovers\n|-heal|p1a: Spiritomb|72\/100|[from] item: Leftovers\n|upkeep\n|turn|20\n|\n|t:|1698020165\n|switch|p2a: Slaking|Slaking, M|100\/100\n|move|p1a: Spiritomb|Will-O-Wisp|p2a: Slaking\n|-status|p2a: Slaking|brn\n|\n|-heal|p1a: Spiritomb|78\/100|[from] item: Leftovers\n|-damage|p2a: Slaking|94\/100 brn|[from] brn\n|upkeep\n|turn|21\n|\n|t:|1698020176\n|move|p2a: Slaking|Play Rough|p1a: Spiritomb\n|-supereffective|p1a: Spiritomb\n|-damage|p1a: Spiritomb|18\/100\n|move|p1a: Spiritomb|Icy Wind|p2a: Slaking\n|-crit|p2a: Slaking\n|-damage|p2a: Slaking|76\/100 brn\n|-unboost|p2a: Slaking|spe|1\n|\n|-heal|p1a: Spiritomb|24\/100|[from] item: Leftovers\n|-damage|p2a: Slaking|70\/100 brn|[from] brn\n|upkeep\n|turn|22\n|\n|t:|1698020199\n|switch|p2a: Samurott|Samurott-Hisui, M|34\/100 brn\n|switch|p1a: Iron Treads|Iron Treads|39\/100\n|\n|-damage|p2a: Samurott|28\/100 brn|[from] brn\n|upkeep\n|turn|23\n|\n|t:|1698020209\n|move|p2a: Samurott|Razor Shell|p1a: Iron Treads\n|-supereffective|p1a: Iron Treads\n|-damage|p1a: Iron Treads|5\/100\n|-unboost|p1a: Iron Treads|def|1\n|move|p1a: Iron Treads|Rapid Spin|p2a: Samurott\n|-damage|p2a: Samurott|12\/100 brn\n|-boost|p1a: Iron Treads|spe|1\n|-sideend|p1: thegroomsmen|Spikes|[from] move: Rapid Spin|[of] p1a: Iron Treads\n|\n|-damage|p2a: Samurott|6\/100 brn|[from] brn\n|upkeep\n|turn|24\n|\n|t:|1698020223\n|move|p2a: Samurott|Razor Shell|p1a: Iron Treads\n|-supereffective|p1a: Iron Treads\n|-damage|p1a: Iron Treads|0 fnt\n|faint|p1a: Iron Treads\n|-end|p1a: Iron Treads|Quark Drive|[silent]\n|\n|-damage|p2a: Samurott|0 fnt|[from] brn\n|faint|p2a: Samurott\n|upkeep\n|\n|t:|1698020234\n|switch|p2a: Typhlosion|Typhlosion-Hisui, M|92\/100\n|switch|p1a: Baxcalibur|Baxcalibur, M|100\/100\n|turn|25\n|\n|t:|1698020280\n|switch|p2a: Tauros|Tauros-Paldea-Combat, M|63\/100\n|-ability|p2a: Tauros|Intimidate|boost\n|-unboost|p1a: Baxcalibur|atk|1\n|switch|p1a: Spiritomb|Spiritomb, M|24\/100\n|-ability|p1a: Spiritomb|Pressure\n|\n|-heal|p2a: Tauros|69\/100|[from] item: Leftovers\n|-heal|p1a: Spiritomb|30\/100|[from] item: Leftovers\n|upkeep\n|turn|26\n|\n|t:|1698020302\n|move|p2a: Tauros|Stone Edge|p1a: Spiritomb\n|-damage|p1a: Spiritomb|1\/100\n|move|p1a: Spiritomb|Pain Split|p2a: Tauros\n|-sethp|p2a: Tauros|35\/100|[from] move: Pain Split|[silent]\n|-sethp|p1a: Spiritomb|40\/100|[from] move: Pain Split\n|\n|-heal|p2a: Tauros|41\/100|[from] item: Leftovers\n|-heal|p1a: Spiritomb|46\/100|[from] item: Leftovers\n|upkeep\n|turn|27\n|\n|t:|1698020314\n|switch|p2a: Slaking|Slaking, M|70\/100 brn\n|move|p1a: Spiritomb|Will-O-Wisp|p2a: Slaking|[miss]\n|-miss|p1a: Spiritomb|p2a: Slaking\n|\n|-heal|p1a: Spiritomb|52\/100|[from] item: Leftovers\n|-damage|p2a: Slaking|64\/100 brn|[from] brn\n|upkeep\n|turn|28\n|\n|t:|1698020327\n|move|p2a: Slaking|Play Rough|p1a: Spiritomb\n|-supereffective|p1a: Spiritomb\n|-crit|p1a: Spiritomb\n|-damage|p1a: Spiritomb|0 fnt\n|faint|p1a: Spiritomb\n|\n|-damage|p2a: Slaking|57\/100 brn|[from] brn\n|upkeep\n|\n|t:|1698020337\n|switch|p1a: Baxcalibur|Baxcalibur, M|100\/100\n|turn|29\n|\n|t:|1698020343\n|switch|p2a: Tauros|Tauros-Paldea-Combat, M|41\/100\n|-ability|p2a: Tauros|Intimidate|boost\n|-unboost|p1a: Baxcalibur|atk|1\n|move|p1a: Baxcalibur|Dragon Dance|p1a: Baxcalibur\n|-boost|p1a: Baxcalibur|atk|1\n|-boost|p1a: Baxcalibur|spe|1\n|\n|-heal|p2a: Tauros|47\/100|[from] item: Leftovers\n|upkeep\n|turn|30\n|\n|t:|1698020352\n|move|p1a: Baxcalibur|Dragon Dance|p1a: Baxcalibur\n|-boost|p1a: Baxcalibur|atk|1\n|-boost|p1a: Baxcalibur|spe|1\n|move|p2a: Tauros|Stone Edge|p1a: Baxcalibur\n|-supereffective|p1a: Baxcalibur\n|-damage|p1a: Baxcalibur|59\/100\n|\n|-heal|p2a: Tauros|53\/100|[from] item: Leftovers\n|upkeep\n|turn|31\n|\n|t:|1698020365\n|move|p1a: Baxcalibur|Glaive Rush|p2a: Tauros\n|-damage|p2a: Tauros|0 fnt\n|-singlemove|p1a: Baxcalibur|Glaive Rush|[silent]\n|faint|p2a: Tauros\n|\n|upkeep\n|\n|t:|1698020395\n|switch|p2a: Slaking|Slaking, M|57\/100 brn\n|turn|32\n|\n|t:|1698020399\n|move|p1a: Baxcalibur|Glaive Rush|p2a: Slaking\n|-damage|p2a: Slaking|0 fnt\n|-singlemove|p1a: Baxcalibur|Glaive Rush|[silent]\n|faint|p2a: Slaking\n|\n|upkeep\n|\n|t:|1698020405\n|switch|p2a: Goodra|Goodra-Hisui, F|30\/100\n|turn|33\n|\n|t:|1698020409\n|move|p1a: Baxcalibur|Earthquake|p2a: Goodra\n|-supereffective|p2a: Goodra\n|-damage|p2a: Goodra|0 fnt\n|faint|p2a: Goodra\n|\n|upkeep\n|\n|t:|1698020415\n|switch|p2a: Slowking|Slowking, M|55\/100\n|turn|34\n|\n|t:|1698020422\n|move|p1a: Baxcalibur|Glaive Rush|p2a: Slowking\n|-damage|p2a: Slowking|0 fnt\n|-singlemove|p1a: Baxcalibur|Glaive Rush|[silent]\n|faint|p2a: Slowking\n|\n|upkeep\n|\n|t:|1698020426\n|switch|p2a: Typhlosion|Typhlosion-Hisui, M|92\/100\n|turn|35\n|\n|t:|1698020431\n|move|p1a: Baxcalibur|Glaive Rush|p2a: Typhlosion\n|-damage|p2a: Typhlosion|0 fnt\n|-singlemove|p1a: Baxcalibur|Glaive Rush|[silent]\n|faint|p2a: Typhlosion\n|\n|win|thegroomsmen\n","uploadtime":1698020455,"views":18,"p1id":"thegroomsmen","p2id":"grooms654321","formatid":"gen9ubers","rating":0,"private":0,"password":""}