{"id":"gen9ubers-1979834242","p1":"yoursoccermom","p2":"Hell Presidente","format":"[Gen 9] Ubers","log":"|j|\u2606yoursoccermom\n|j|\u2606Hell Presidente\n|t:|1698718120\n|gametype|singles\n|player|p1|yoursoccermom|265|\n|player|p2|Hell Presidente|ltsurge|\n|teamsize|p1|6\n|teamsize|p2|6\n|gen|9\n|tier|[Gen 9] Ubers\n|rule|Sleep Clause Mod: Limit one foe put to sleep\n|rule|Species Clause: Limit one of each Pok\u00e9mon\n|rule|OHKO Clause: OHKO moves are banned\n|rule|Evasion Items Clause: Evasion items are banned\n|rule|Evasion Moves Clause: Evasion moves are banned\n|rule|Endless Battle Clause: Forcing endless battles is banned\n|rule|HP Percentage Mod: HP is shown in percentages\n|clearpoke\n|poke|p1|Hydreigon, F|\n|poke|p1|Bisharp, F|\n|poke|p1|Dudunsparce-*, M|\n|poke|p1|Quagsire, F|\n|poke|p1|Thundurus-Therian, M|\n|poke|p1|Dragapult, M|\n|poke|p2|Pelipper, M|\n|poke|p2|Iron Bundle|\n|poke|p2|Okidogi, M|\n|poke|p2|Glimmora, F|\n|poke|p2|Overqwil, F|\n|poke|p2|Floatzel, M|\n|teampreview\n|c|\u2606Hell Presidente|R e e e e e e e\n|c|\u2606Hell Presidente|Gggf\n|c|\u2606yoursoccermom|gl hffff\n|\n|t:|1698718180\n|start\n|switch|p1a: Dragapult|Dragapult, M|100\/100\n|switch|p2a: CoachMcGuirk|Pelipper, M|100\/100\n|-weather|RainDance|[from] ability: Drizzle|[of] p2a: CoachMcGuirk\n|turn|1\n|\n|t:|1698718227\n|switch|p2a: Crimm|Glimmora, F|100\/100\n|move|p1a: Dragapult|Light Screen|p1a: Dragapult\n|-sidestart|p1: yoursoccermom|move: Light Screen\n|\n|-weather|RainDance|[upkeep]\n|upkeep\n|turn|2\n|\n|t:|1698718247\n|move|p1a: Dragapult|Thunder Wave|p2a: Crimm\n|-status|p2a: Crimm|par\n|move|p2a: Crimm|Sludge Wave|p1a: Dragapult\n|-resisted|p1a: Dragapult\n|-damage|p1a: Dragapult|86\/100\n|\n|-weather|RainDance|[upkeep]\n|upkeep\n|turn|3\n|\n|t:|1698718260\n|move|p1a: Dragapult|Reflect|p1a: Dragapult\n|-sidestart|p1: yoursoccermom|Reflect\n|move|p2a: Crimm|Sludge Wave|p1a: Dragapult\n|-resisted|p1a: Dragapult\n|-damage|p1a: Dragapult|71\/100\n|\n|-weather|RainDance|[upkeep]\n|upkeep\n|turn|4\n|\n|t:|1698718270\n|switch|p1a: Bisharp|Bisharp, F|100\/100\n|move|p2a: Crimm|Sludge Wave|p1a: Bisharp\n|-immune|p1a: Bisharp\n|\n|-weather|RainDance|[upkeep]\n|upkeep\n|turn|5\n|\n|t:|1698718283\n|move|p1a: Bisharp|Swords Dance|p1a: Bisharp\n|-boost|p1a: Bisharp|atk|2\n|move|p2a: Crimm|Earth Power|p1a: Bisharp\n|-supereffective|p1a: Bisharp\n|-damage|p1a: Bisharp|71\/100\n|\n|-weather|none\n|upkeep\n|turn|6\n|\n|t:|1698718293\n|move|p1a: Bisharp|Swords Dance|p1a: Bisharp\n|-boost|p1a: Bisharp|atk|2\n|cant|p2a: Crimm|par\n|\n|upkeep\n|turn|7\n|\n|t:|1698718323\n|move|p1a: Bisharp|Sucker Punch|p2a: Crimm\n|-damage|p2a: Crimm|2\/100 par\n|-activate|p2a: Crimm|ability: Toxic Debris\n|-sidestart|p1: yoursoccermom|move: Toxic Spikes\n|-enditem|p2a: Crimm|Eject Button\n|\n|t:|1698718358\n|switch|p2a: GurtMode|Overqwil, F|100\/100\n|\n|upkeep\n|turn|8\n|\n|t:|1698718373\n|move|p2a: GurtMode|Swords Dance|p2a: GurtMode\n|-boost|p2a: GurtMode|atk|2\n|move|p1a: Bisharp|X-Scissor|p2a: GurtMode\n|-damage|p2a: GurtMode|24\/100\n|\n|-sideend|p1: yoursoccermom|move: Light Screen\n|upkeep\n|turn|9\n|\n|t:|1698718412\n|switch|p2a: CHAMPAHOLICS|Okidogi, M|100\/100\n|move|p1a: Bisharp|Sucker Punch||[still]\n|-fail|p1a: Bisharp\n|\n|upkeep\n|turn|10\n|\n|t:|1698718442\n|switch|p1a: Quagsire|Quagsire, F|100\/100\n|-status|p1a: Quagsire|psn\n|move|p2a: CHAMPAHOLICS|Knock Off|p1a: Quagsire\n|-damage|p1a: Quagsire|92\/100 psn\n|-damage|p2a: CHAMPAHOLICS|84\/100|[from] item: Rocky Helmet|[of] p1a: Quagsire\n|-enditem|p1a: Quagsire|Rocky Helmet|[from] move: Knock Off|[of] p2a: CHAMPAHOLICS\n|\n|-damage|p1a: Quagsire|79\/100 psn|[from] psn\n|-sideend|p1: yoursoccermom|Reflect\n|upkeep\n|turn|11\n|\n|t:|1698718515\n|move|p2a: CHAMPAHOLICS|Gunk Shot|p1a: Quagsire\n|-resisted|p1a: Quagsire\n|-damage|p1a: Quagsire|60\/100 psn\n|move|p1a: Quagsire|Yawn|p2a: CHAMPAHOLICS\n|-start|p2a: CHAMPAHOLICS|move: Yawn|[of] p1a: Quagsire\n|\n|-damage|p1a: Quagsire|48\/100 psn|[from] psn\n|upkeep\n|turn|12\n|\n|t:|1698718524\n|switch|p2a: Crimm|Glimmora, F|2\/100 par\n|move|p1a: Quagsire|Recover|p1a: Quagsire\n|-heal|p1a: Quagsire|98\/100 psn\n|\n|-damage|p1a: Quagsire|85\/100 psn|[from] psn\n|upkeep\n|turn|13\n|\n|t:|1698718539\n|switch|p1a: Dragapult|Dragapult, M|71\/100\n|-status|p1a: Dragapult|psn\n|move|p2a: Crimm|Energy Ball|p1a: Dragapult\n|-resisted|p1a: Dragapult\n|-damage|p1a: Dragapult|54\/100 psn\n|\n|-damage|p1a: Dragapult|42\/100 psn|[from] psn\n|upkeep\n|turn|14\n|\n|t:|1698718559\n|move|p1a: Dragapult|Light Screen|p1a: Dragapult\n|-sidestart|p1: yoursoccermom|move: Light Screen\n|move|p2a: Crimm|Earth Power|p1a: Dragapult\n|-damage|p1a: Dragapult|23\/100 psn\n|-start|p2a: Crimm|Disable|Earth Power|[from] ability: Cursed Body|[of] p1a: Dragapult\n|\n|-damage|p1a: Dragapult|11\/100 psn|[from] psn\n|upkeep\n|turn|15\n|j| Taka\n|l| Taka\n|\n|t:|1698718670\n|move|p1a: Dragapult|Reflect|p1a: Dragapult\n|-sidestart|p1: yoursoccermom|Reflect\n|cant|p2a: Crimm|par\n|\n|-damage|p1a: Dragapult|0 fnt|[from] psn\n|faint|p1a: Dragapult\n|upkeep\n|\n|t:|1698718685\n|switch|p1a: Dudunsparce|Dudunsparce, M|100\/100\n|-status|p1a: Dudunsparce|psn\n|turn|16\n|\n|t:|1698718698\n|cant|p2a: Crimm|par\n|move|p1a: Dudunsparce|Calm Mind|p1a: Dudunsparce\n|-boost|p1a: Dudunsparce|spa|1\n|-boost|p1a: Dudunsparce|spd|1\n|\n|-damage|p1a: Dudunsparce|88\/100 psn|[from] psn\n|upkeep\n|turn|17\n|\n|t:|1698718705\n|move|p2a: Crimm|Sludge Wave|p1a: Dudunsparce\n|-damage|p1a: Dudunsparce|72\/100 psn\n|move|p1a: Dudunsparce|Calm Mind|p1a: Dudunsparce\n|-boost|p1a: Dudunsparce|spa|1\n|-boost|p1a: Dudunsparce|spd|1\n|\n|-damage|p1a: Dudunsparce|59\/100 psn|[from] psn\n|-end|p2a: Crimm|Disable\n|upkeep\n|turn|18\n|\n|t:|1698718715\n|move|p2a: Crimm|Sludge Wave|p1a: Dudunsparce\n|-damage|p1a: Dudunsparce|47\/100 psn\n|-enditem|p1a: Dudunsparce|Sitrus Berry|[eat]\n|-heal|p1a: Dudunsparce|72\/100 psn|[from] item: Sitrus Berry\n|move|p1a: Dudunsparce|Roost|p1a: Dudunsparce\n|-heal|p1a: Dudunsparce|100\/100 psn\n|-singleturn|p1a: Dudunsparce|move: Roost\n|\n|-damage|p1a: Dudunsparce|88\/100 psn|[from] psn\n|upkeep\n|turn|19\n|\n|t:|1698718726\n|move|p2a: Crimm|Sludge Wave|p1a: Dudunsparce\n|-damage|p1a: Dudunsparce|75\/100 psn\n|move|p1a: Dudunsparce|Earth Power|p2a: Crimm\n|-supereffective|p2a: Crimm\n|-damage|p2a: Crimm|0 fnt\n|faint|p2a: Crimm\n|\n|-damage|p1a: Dudunsparce|63\/100 psn|[from] psn\n|upkeep\n|\n|t:|1698718751\n|switch|p2a: CHAMPAHOLICS|Okidogi, M|84\/100\n|turn|20\n|\n|t:|1698718758\n|-terastallize|p1a: Dudunsparce|Electric\n|move|p2a: CHAMPAHOLICS|Drain Punch|p1a: Dudunsparce\n|-damage|p1a: Dudunsparce|52\/100 psn\n|-heal|p2a: CHAMPAHOLICS|90\/100|[from] drain|[of] p1a: Dudunsparce\n|move|p1a: Dudunsparce|Earth Power|p2a: CHAMPAHOLICS\n|-supereffective|p2a: CHAMPAHOLICS\n|-damage|p2a: CHAMPAHOLICS|43\/100\n|\n|-damage|p1a: Dudunsparce|40\/100 psn|[from] psn\n|upkeep\n|turn|21\n|\n|t:|1698718775\n|move|p2a: CHAMPAHOLICS|Body Press|p1a: Dudunsparce\n|-damage|p1a: Dudunsparce|27\/100 psn\n|move|p1a: Dudunsparce|Roost|p1a: Dudunsparce\n|-heal|p1a: Dudunsparce|77\/100 psn\n|\n|-damage|p1a: Dudunsparce|65\/100 psn|[from] psn\n|-sideend|p1: yoursoccermom|move: Light Screen\n|upkeep\n|turn|22\n|\n|t:|1698718790\n|move|p2a: CHAMPAHOLICS|Body Press|p1a: Dudunsparce\n|-damage|p1a: Dudunsparce|53\/100 psn\n|move|p1a: Dudunsparce|Earth Power|p2a: CHAMPAHOLICS\n|-supereffective|p2a: CHAMPAHOLICS\n|-damage|p2a: CHAMPAHOLICS|0 fnt\n|faint|p2a: CHAMPAHOLICS\n|\n|-damage|p1a: Dudunsparce|41\/100 psn|[from] psn\n|-sideend|p1: yoursoccermom|Reflect\n|upkeep\n|\n|t:|1698718832\n|switch|p2a: GurtMode|Overqwil, F|24\/100\n|turn|23\n|\n|t:|1698718837\n|move|p2a: GurtMode|Crunch|p1a: Dudunsparce\n|-damage|p1a: Dudunsparce|12\/100 psn\n|move|p1a: Dudunsparce|Earth Power|p2a: GurtMode\n|-supereffective|p2a: GurtMode\n|-damage|p2a: GurtMode|0 fnt\n|faint|p2a: GurtMode\n|\n|-damage|p1a: Dudunsparce|0 fnt|[from] psn\n|faint|p1a: Dudunsparce\n|upkeep\n|\n|t:|1698718868\n|switch|p2a: CoachMcGuirk|Pelipper, M|100\/100\n|switch|p1a: Hydreigon|Hydreigon, F|100\/100\n|-weather|RainDance|[from] ability: Drizzle|[of] p2a: CoachMcGuirk\n|turn|24\n|\n|t:|1698718893\n|-terastallize|p2a: CoachMcGuirk|Grass\n|move|p2a: CoachMcGuirk|Ice Beam|p1a: Hydreigon\n|-supereffective|p1a: Hydreigon\n|-damage|p1a: Hydreigon|47\/100\n|move|p1a: Hydreigon|Dragon Dance|p1a: Hydreigon\n|-boost|p1a: Hydreigon|atk|1\n|-boost|p1a: Hydreigon|spe|1\n|\n|-weather|RainDance|[upkeep]\n|upkeep\n|turn|25\n|\n|t:|1698718931\n|switch|p1a: Bisharp|Bisharp, F|71\/100\n|switch|p2a: GOATzel|Floatzel, M|100\/100\n|\n|-weather|RainDance|[upkeep]\n|upkeep\n|turn|26\n|\n|t:|1698718955\n|switch|p2a: El Raton|Iron Bundle|100\/100\n|-enditem|p2a: El Raton|Booster Energy\n|-activate|p2a: El Raton|ability: Quark Drive|[fromitem]\n|-start|p2a: El Raton|quarkdrivespe\n|move|p1a: Bisharp|Sucker Punch||[still]\n|-fail|p1a: Bisharp\n|\n|-weather|RainDance|[upkeep]\n|upkeep\n|turn|27\n|\n|t:|1698718966\n|move|p2a: El Raton|Substitute|p2a: El Raton\n|-start|p2a: El Raton|Substitute\n|-damage|p2a: El Raton|76\/100\n|move|p1a: Bisharp|Swords Dance|p1a: Bisharp\n|-boost|p1a: Bisharp|atk|2\n|\n|-weather|RainDance|[upkeep]\n|upkeep\n|turn|28\n|\n|t:|1698718974\n|move|p1a: Bisharp|Sucker Punch|p2a: El Raton\n|-end|p2a: El Raton|Substitute\n|move|p2a: El Raton|Hydro Pump|p1a: Bisharp\n|-damage|p1a: Bisharp|0 fnt\n|faint|p1a: Bisharp\n|\n|-weather|none\n|upkeep\n|\n|t:|1698718986\n|switch|p1a: Thundurus|Thundurus-Therian, M|100\/100\n|turn|29\n|\n|t:|1698719018\n|move|p2a: El Raton|Ice Beam|p1a: Thundurus\n|-supereffective|p1a: Thundurus\n|-damage|p1a: Thundurus|34\/100\n|move|p1a: Thundurus|Wildbolt Storm|p2a: El Raton\n|-supereffective|p2a: El Raton\n|-damage|p2a: El Raton|0 fnt\n|faint|p2a: El Raton\n|-end|p2a: El Raton|Quark Drive|[silent]\n|\n|upkeep\n|\n|t:|1698719036\n|switch|p2a: CoachMcGuirk|Pelipper, M, tera:Grass|100\/100\n|-weather|RainDance|[from] ability: Drizzle|[of] p2a: CoachMcGuirk\n|turn|30\n|\n|t:|1698719049\n|move|p2a: CoachMcGuirk|Ice Beam|p1a: Thundurus\n|-supereffective|p1a: Thundurus\n|-damage|p1a: Thundurus|0 fnt\n|faint|p1a: Thundurus\n|\n|-weather|RainDance|[upkeep]\n|upkeep\n|\n|t:|1698719054\n|switch|p1a: Quagsire|Quagsire, F|85\/100 psn\n|turn|31\n|\n|t:|1698719059\n|switch|p2a: GOATzel|Floatzel, M|100\/100\n|move|p1a: Quagsire|Yawn|p2a: GOATzel\n|-start|p2a: GOATzel|move: Yawn|[of] p1a: Quagsire\n|\n|-weather|RainDance|[upkeep]\n|-damage|p1a: Quagsire|73\/100 psn|[from] psn\n|upkeep\n|turn|32\n|\n|t:|1698719082\n|switch|p2a: CoachMcGuirk|Pelipper, M, tera:Grass|100\/100\n|move|p1a: Quagsire|Avalanche|p2a: CoachMcGuirk\n|-supereffective|p2a: CoachMcGuirk\n|-damage|p2a: CoachMcGuirk|65\/100\n|\n|-weather|RainDance|[upkeep]\n|-damage|p1a: Quagsire|60\/100 psn|[from] psn\n|upkeep\n|turn|33\n|\n|t:|1698719116\n|switch|p1a: Hydreigon|Hydreigon, F|47\/100\n|move|p2a: CoachMcGuirk|Ice Beam|p1a: Hydreigon\n|-supereffective|p1a: Hydreigon\n|-damage|p1a: Hydreigon|0 fnt\n|faint|p1a: Hydreigon\n|\n|-weather|RainDance|[upkeep]\n|upkeep\n|\n|t:|1698719123\n|switch|p1a: Quagsire|Quagsire, F|60\/100 psn\n|turn|34\n|\n|t:|1698719128\n|switch|p2a: GOATzel|Floatzel, M|100\/100\n|move|p1a: Quagsire|Avalanche|p2a: GOATzel\n|-resisted|p2a: GOATzel\n|-damage|p2a: GOATzel|90\/100\n|\n|-weather|none\n|-damage|p1a: Quagsire|48\/100 psn|[from] psn\n|upkeep\n|turn|35\n|c|\u2606yoursoccermom|ggs\n|\n|t:|1698719141\n|move|p2a: GOATzel|Ice Spinner|p1a: Quagsire\n|-damage|p1a: Quagsire|24\/100 psn\n|-damage|p2a: GOATzel|80\/100|[from] item: Life Orb\n|move|p1a: Quagsire|Avalanche|p2a: GOATzel\n|-resisted|p2a: GOATzel\n|-damage|p2a: GOATzel|58\/100\n|\n|-damage|p1a: Quagsire|11\/100 psn|[from] psn\n|upkeep\n|turn|36\n|\n|t:|1698719151\n|move|p2a: GOATzel|Ice Spinner|p1a: Quagsire\n|-damage|p1a: Quagsire|0 fnt\n|faint|p1a: Quagsire\n|-damage|p2a: GOATzel|48\/100|[from] item: Life Orb\n|\n|win|Hell Presidente\n|c|\u2606Hell Presidente|Ggs\n|l|\u2606Hell Presidente\n|c|\u2606yoursoccermom|did pelliper have tera blast\n","uploadtime":1698719165,"views":34,"p1id":"yoursoccermom","p2id":"hellpresidente","formatid":"gen9ubers","rating":0,"private":0,"password":""}