{"id":"gen9ubers-1971445237","p1":"slakish","p2":"Anne Frankkkk","format":"[Gen 9] Ubers","log":"|j|\u2606slakish\n|j|\u2606Anne Frankkkk\n|t:|1697739044\n|gametype|singles\n|player|p1|slakish|102|1242\n|player|p2|Anne Frankkkk|hilbert|1143\n|teamsize|p1|6\n|teamsize|p2|6\n|gen|9\n|tier|[Gen 9] Ubers\n|rated|\n|rule|Sleep Clause Mod: Limit one foe put to sleep\n|rule|Species Clause: Limit one of each Pok\u00e9mon\n|rule|OHKO Clause: OHKO moves are banned\n|rule|Evasion Items Clause: Evasion items are banned\n|rule|Evasion Moves Clause: Evasion moves are banned\n|rule|Endless Battle Clause: Forcing endless battles is banned\n|rule|HP Percentage Mod: HP is shown in percentages\n|clearpoke\n|poke|p1|Miraidon|\n|poke|p1|Mewtwo|\n|poke|p1|Groudon|\n|poke|p1|Zacian-*|\n|poke|p1|Regieleki|\n|poke|p1|Volcarona, M|\n|poke|p2|Iron Hands|\n|poke|p2|Kyogre|\n|poke|p2|Chien-Pao|\n|poke|p2|Donphan, F|\n|poke|p2|Miraidon|\n|poke|p2|Iron Moth|\n|teampreview\n|c|\u2606slakish|glhf\n|inactive|Battle timer is ON: inactive players will automatically lose when time's up. (requested by Anne Frankkkk)\n|\n|t:|1697739065\n|start\n|switch|p1a: Mewtwo|Mewtwo|100\/100\n|switch|p2a: Iron Hands|Iron Hands, shiny|100\/100\n|-ability|p1a: Mewtwo|Pressure\n|turn|1\n|c|\u2606slakish|i dont have proper groudon set\n|\n|t:|1697739071\n|move|p2a: Iron Hands|Fake Out|p1a: Mewtwo\n|-damage|p1a: Mewtwo|83\/100\n|cant|p1a: Mewtwo|flinch\n|\n|upkeep\n|turn|2\n|\n|t:|1697739077\n|-end|p2a: Iron Hands|Quark Drive|[silent]\n|switch|p2a: Chien-Pao|Chien-Pao|100\/100\n|-ability|p2a: Chien-Pao|Sword of Ruin\n|move|p1a: Mewtwo|Nasty Plot|p1a: Mewtwo\n|-boost|p1a: Mewtwo|spa|2\n|\n|upkeep\n|turn|3\n|\n|t:|1697739088\n|switch|p1a: Groudon|Groudon|100\/100\n|-weather|SunnyDay|[from] ability: Drought|[of] p1a: Groudon\n|move|p2a: Chien-Pao|Crunch|p1a: Groudon\n|-damage|p1a: Groudon|57\/100\n|-unboost|p1a: Groudon|def|1\n|-damage|p2a: Chien-Pao|84\/100|[from] item: Rocky Helmet|[of] p1a: Groudon\n|-damage|p2a: Chien-Pao|74\/100|[from] item: Life Orb\n|\n|-weather|SunnyDay|[upkeep]\n|upkeep\n|turn|4\n|c|\u2606slakish|no\n|c|\u2606slakish|why\n|\n|t:|1697739096\n|move|p2a: Chien-Pao|Icicle Crash|p1a: Groudon\n|-supereffective|p1a: Groudon\n|-crit|p1a: Groudon\n|-damage|p1a: Groudon|0 fnt\n|faint|p1a: Groudon\n|-damage|p2a: Chien-Pao|64\/100|[from] item: Life Orb\n|\n|-weather|SunnyDay|[upkeep]\n|upkeep\n|\n|t:|1697739101\n|switch|p1a: Zacian|Zacian-Crowned|100\/100\n|-ability|p1a: Zacian|Intrepid Sword|boost\n|-boost|p1a: Zacian|atk|1\n|turn|5\n|\n|t:|1697739114\n|switch|p2a: Miraidon|Miraidon|100\/100\n|-fieldstart|move: Electric Terrain|[from] ability: Hadron Engine|[of] p2a: Miraidon\n|-item|p2a: Miraidon|Air Balloon\n|move|p1a: Zacian|Swords Dance|p1a: Zacian\n|-boost|p1a: Zacian|atk|2\n|\n|-weather|SunnyDay|[upkeep]\n|upkeep\n|turn|6\n|\n|t:|1697739122\n|move|p1a: Zacian|Play Rough|p2a: Miraidon\n|-supereffective|p2a: Miraidon\n|-damage|p2a: Miraidon|0 fnt\n|-enditem|p2a: Miraidon|Air Balloon\n|faint|p2a: Miraidon\n|\n|-weather|SunnyDay|[upkeep]\n|upkeep\n|\n|t:|1697739124\n|switch|p2a: Iron Moth|Iron Moth, shiny|100\/100\n|-activate|p2a: Iron Moth|ability: Quark Drive\n|-start|p2a: Iron Moth|quarkdrivespe\n|turn|7\n|\n|t:|1697739129\n|-terastallize|p1a: Zacian|Fairy\n|move|p2a: Iron Moth|Fiery Dance|p1a: Zacian\n|-damage|p1a: Zacian|22\/100\n|-damage|p2a: Iron Moth|91\/100|[from] item: Life Orb\n|move|p1a: Zacian|Crunch|p2a: Iron Moth\n|-damage|p2a: Iron Moth|0 fnt\n|faint|p2a: Iron Moth\n|-end|p2a: Iron Moth|Quark Drive|[silent]\n|\n|-weather|none\n|upkeep\n|\n|t:|1697739140\n|switch|p2a: Chien-Pao|Chien-Pao|64\/100\n|-ability|p2a: Chien-Pao|Sword of Ruin\n|turn|8\n|\n|t:|1697739145\n|move|p2a: Chien-Pao|Sucker Punch|p1a: Zacian\n|-resisted|p1a: Zacian\n|-damage|p1a: Zacian|0 fnt\n|faint|p1a: Zacian\n|-damage|p2a: Chien-Pao|54\/100|[from] item: Life Orb\n|\n|upkeep\n|c|\u2606slakish|oh\n|c|\u2606slakish|nice\n|\n|t:|1697739157\n|switch|p1a: Regieleki|Regieleki|100\/100\n|turn|9\n|\n|t:|1697739164\n|-terastallize|p2a: Chien-Pao|Dark\n|move|p2a: Chien-Pao|Sucker Punch|p1a: Regieleki\n|-damage|p1a: Regieleki|0 fnt\n|faint|p1a: Regieleki\n|-damage|p2a: Chien-Pao|44\/100|[from] item: Life Orb\n|\n|-fieldend|move: Electric Terrain\n|upkeep\n|\n|t:|1697739173\n|switch|p1a: Volcarona|Volcarona, M|100\/100\n|turn|10\n|c|\u2606slakish|wait\n|\n|t:|1697739179\n|move|p2a: Chien-Pao|Crunch|p1a: Volcarona\n|-damage|p1a: Volcarona|0 fnt\n|-status|p2a: Chien-Pao|brn|[from] ability: Flame Body|[of] p1a: Volcarona\n|faint|p1a: Volcarona\n|-damage|p2a: Chien-Pao|34\/100 brn|[from] item: Life Orb\n|\n|-damage|p2a: Chien-Pao|28\/100 brn|[from] brn\n|upkeep\n|c|\u2606slakish|uh oh\n|\n|t:|1697739184\n|switch|p1a: Miraidon|Miraidon|100\/100\n|-fieldstart|move: Electric Terrain|[from] ability: Hadron Engine|[of] p1a: Miraidon\n|-item|p1a: Miraidon|Air Balloon\n|turn|11\n|\n|t:|1697739189\n|move|p2a: Chien-Pao|Icicle Crash|p1a: Miraidon\n|-supereffective|p1a: Miraidon\n|-damage|p1a: Miraidon|23\/100\n|-enditem|p1a: Miraidon|Air Balloon\n|-damage|p2a: Chien-Pao|18\/100 brn|[from] item: Life Orb\n|cant|p1a: Miraidon|flinch\n|\n|-damage|p2a: Chien-Pao|12\/100 brn|[from] brn\n|upkeep\n|turn|12\n|inactive|slakish has 120 seconds left.\n|inactive|slakish has 90 seconds left.\n|\n|t:|1697739251\n|move|p1a: Miraidon|Dazzling Gleam|p2a: Chien-Pao\n|-supereffective|p2a: Chien-Pao\n|-damage|p2a: Chien-Pao|0 fnt\n|faint|p2a: Chien-Pao\n|\n|upkeep\n|c|\u2606slakish|nah\n|\n|t:|1697739257\n|switch|p2a: Kyogre|Kyogre|100\/100\n|-weather|RainDance|[from] ability: Drizzle|[of] p2a: Kyogre\n|turn|13\n|\n|t:|1697739261\n|move|p2a: Kyogre|Water Spout|p1a: Miraidon\n|-resisted|p1a: Miraidon\n|-damage|p1a: Miraidon|0 fnt\n|faint|p1a: Miraidon\n|\n|-weather|RainDance|[upkeep]\n|upkeep\n|c|\u2606slakish|gg\n|\n|t:|1697739264\n|switch|p1a: Mewtwo|Mewtwo|83\/100\n|-ability|p1a: Mewtwo|Pressure\n|turn|14\n|\n|t:|1697739275\n|move|p2a: Kyogre|Water Spout|p1a: Mewtwo\n|-damage|p1a: Mewtwo|0 fnt\n|faint|p1a: Mewtwo\n|\n|win|Anne Frankkkk\n|raw|slakish's rating: 1242 &rarr; <strong>1210<\/strong><br \/>(-32 for losing)\n|raw|Anne Frankkkk's rating: 1143 &rarr; <strong>1175<\/strong><br \/>(+32 for winning)\n|c|\u2606slakish|wp\n","uploadtime":1697739281,"views":5,"p1id":"slakish","p2id":"annefrankkkk","formatid":"gen9ubers","rating":1175,"private":0,"password":""}