{"id":"gen9ubers-1978171357","p1":"Hoieess","p2":"trialteam98","format":"[Gen 9] Ubers","log":"|j|\u2606Hoieess\n|j|\u2606trialteam98\n|t:|1698507789\n|gametype|singles\n|player|p1|Hoieess|1|1034\n|player|p2|trialteam98|lady-gen4|1088\n|teamsize|p1|6\n|teamsize|p2|6\n|gen|9\n|tier|[Gen 9] Ubers\n|rated|\n|rule|Sleep Clause Mod: Limit one foe put to sleep\n|rule|Species Clause: Limit one of each Pok\u00e9mon\n|rule|OHKO Clause: OHKO moves are banned\n|rule|Evasion Items Clause: Evasion items are banned\n|rule|Evasion Moves Clause: Evasion moves are banned\n|rule|Endless Battle Clause: Forcing endless battles is banned\n|rule|HP Percentage Mod: HP is shown in percentages\n|clearpoke\n|poke|p1|Gliscor, F|\n|poke|p1|Lurantis, M|\n|poke|p1|Alomomola, M|\n|poke|p1|Mimikyu, F|\n|poke|p1|Cloyster, F|\n|poke|p1|Garganacl, F|\n|poke|p2|Flutter Mane|\n|poke|p2|Misdreavus, F|\n|poke|p2|Mismagius, F|\n|poke|p2|Gardevoir, F|\n|poke|p2|Gallade, M|\n|poke|p2|Iron Valiant|\n|teampreview\n|\n|t:|1698507794\n|start\n|switch|p1a: Garganacl|Garganacl, F|100\/100\n|switch|p2a: Mismagius|Mismagius, F|100\/100\n|turn|1\n|\n|t:|1698507800\n|move|p2a: Mismagius|Thunder Wave|p1a: Garganacl\n|-immune|p1a: Garganacl|[from] ability: Purifying Salt\n|move|p1a: Garganacl|Salt Cure|p2a: Mismagius\n|-damage|p2a: Mismagius|75\/100\n|-start|p2a: Mismagius|Salt Cure\n|\n|-damage|p2a: Mismagius|63\/100|[from] Salt Cure\n|upkeep\n|turn|2\n|\n|t:|1698507814\n|move|p2a: Mismagius|Taunt|p1a: Garganacl\n|-start|p1a: Garganacl|move: Taunt\n|cant|p1a: Garganacl|move: Taunt|Iron Defense\n|\n|-damage|p2a: Mismagius|50\/100|[from] Salt Cure\n|upkeep\n|turn|3\n|\n|t:|1698507834\n|switch|p2a: Iron Valiant|Iron Valiant|100\/100\n|-enditem|p2a: Iron Valiant|Booster Energy\n|-activate|p2a: Iron Valiant|ability: Quark Drive|[fromitem]\n|-start|p2a: Iron Valiant|quarkdrivespe\n|switch|p1a: Alomomola|Alomomola, M|100\/100\n|\n|upkeep\n|turn|4\n|\n|t:|1698507844\n|move|p2a: Iron Valiant|Swords Dance|p2a: Iron Valiant\n|-boost|p2a: Iron Valiant|atk|2\n|move|p1a: Alomomola|Scald|p2a: Iron Valiant\n|-damage|p2a: Iron Valiant|71\/100\n|\n|upkeep\n|turn|5\n|\n|t:|1698507861\n|move|p2a: Iron Valiant|Swords Dance|p2a: Iron Valiant\n|-boost|p2a: Iron Valiant|atk|2\n|move|p1a: Alomomola|Psychic|p2a: Iron Valiant\n|-supereffective|p2a: Iron Valiant\n|-damage|p2a: Iron Valiant|31\/100\n|-unboost|p2a: Iron Valiant|spd|1\n|\n|upkeep\n|turn|6\n|\n|t:|1698507868\n|-terastallize|p2a: Iron Valiant|Steel\n|move|p2a: Iron Valiant|Drain Punch|p1a: Alomomola\n|-damage|p1a: Alomomola|33\/100\n|-heal|p2a: Iron Valiant|88\/100|[from] drain|[of] p1a: Alomomola\n|move|p1a: Alomomola|Psychic|p2a: Iron Valiant\n|-resisted|p2a: Iron Valiant\n|-damage|p2a: Iron Valiant|73\/100\n|\n|-heal|p1a: Alomomola|39\/100|[from] item: Leftovers\n|upkeep\n|turn|7\n|\n|t:|1698507880\n|move|p2a: Iron Valiant|Tera Blast|p1a: Alomomola|[anim] Tera Blast Steel\n|-resisted|p1a: Alomomola\n|-damage|p1a: Alomomola|2\/100\n|move|p1a: Alomomola|Wish|p1a: Alomomola\n|\n|-heal|p1a: Alomomola|8\/100|[from] item: Leftovers\n|upkeep\n|turn|8\n|\n|t:|1698507885\n|move|p1a: Alomomola|Protect|p1a: Alomomola\n|-singleturn|p1a: Alomomola|Protect\n|move|p2a: Iron Valiant|Ice Punch|p1a: Alomomola\n|-activate|p1a: Alomomola|move: Protect\n|\n|-heal|p1a: Alomomola|58\/100|[from] move: Wish|[wisher] Alomomola\n|-heal|p1a: Alomomola|64\/100|[from] item: Leftovers\n|upkeep\n|turn|9\n|\n|t:|1698507896\n|move|p2a: Iron Valiant|Drain Punch|p1a: Alomomola\n|-damage|p1a: Alomomola|0 fnt\n|-heal|p2a: Iron Valiant|100\/100|[from] drain|[of] p1a: Alomomola\n|faint|p1a: Alomomola\n|\n|upkeep\n|\n|t:|1698507900\n|switch|p1a: Cloyster|Cloyster, F|100\/100\n|turn|10\n|\n|t:|1698507907\n|move|p2a: Iron Valiant|Drain Punch|p1a: Cloyster\n|-supereffective|p1a: Cloyster\n|-enditem|p1a: Cloyster|Focus Sash\n|-damage|p1a: Cloyster|1\/100\n|move|p1a: Cloyster|Shell Smash|p1a: Cloyster\n|-unboost|p1a: Cloyster|def|1\n|-unboost|p1a: Cloyster|spd|1\n|-boost|p1a: Cloyster|atk|2\n|-boost|p1a: Cloyster|spa|2\n|-boost|p1a: Cloyster|spe|2\n|\n|upkeep\n|turn|11\n|\n|t:|1698507919\n|move|p2a: Iron Valiant|Drain Punch|p1a: Cloyster\n|-supereffective|p1a: Cloyster\n|-damage|p1a: Cloyster|0 fnt\n|faint|p1a: Cloyster\n|\n|upkeep\n|\n|t:|1698507924\n|switch|p1a: Lurantis|Lurantis, M|100\/100\n|turn|12\n|\n|t:|1698507928\n|move|p2a: Iron Valiant|Ice Punch|p1a: Lurantis\n|-supereffective|p1a: Lurantis\n|-damage|p1a: Lurantis|0 fnt\n|faint|p1a: Lurantis\n|\n|upkeep\n|\n|t:|1698507934\n|switch|p1a: Gliscor|Gliscor, F|100\/100\n|turn|13\n|\n|t:|1698507937\n|move|p2a: Iron Valiant|Ice Punch|p1a: Gliscor\n|-supereffective|p1a: Gliscor\n|-damage|p1a: Gliscor|0 fnt\n|faint|p1a: Gliscor\n|\n|upkeep\n|\n|t:|1698507940\n|switch|p1a: Garganacl|Garganacl, F|100\/100\n|turn|14\n|\n|t:|1698507943\n|move|p2a: Iron Valiant|Tera Blast|p1a: Garganacl|[anim] Tera Blast Steel\n|-supereffective|p1a: Garganacl\n|-damage|p1a: Garganacl|0 fnt\n|faint|p1a: Garganacl\n|\n|upkeep\n|\n|t:|1698507945\n|switch|p1a: Mimikyu|Mimikyu, F|100\/100\n|turn|15\n|\n|t:|1698507949\n|move|p2a: Iron Valiant|Tera Blast|p1a: Mimikyu|[anim] Tera Blast Steel\n|-activate|p1a: Mimikyu|ability: Disguise\n|-damage|p1a: Mimikyu|100\/100\n|detailschange|p1a: Mimikyu|Mimikyu-Busted, F\n|-damage|p1a: Mimikyu|88\/100|[from] pokemon: Mimikyu-Busted\n|move|p1a: Mimikyu|Swords Dance|p1a: Mimikyu\n|-boost|p1a: Mimikyu|atk|2\n|\n|upkeep\n|turn|16\n|\n|t:|1698507953\n|-terastallize|p1a: Mimikyu|Ghost\n|move|p1a: Mimikyu|Shadow Sneak|p2a: Iron Valiant\n|-damage|p2a: Iron Valiant|32\/100\n|-damage|p1a: Mimikyu|78\/100|[from] item: Life Orb\n|move|p2a: Iron Valiant|Tera Blast|p1a: Mimikyu|[anim] Tera Blast Steel\n|-damage|p1a: Mimikyu|0 fnt\n|faint|p1a: Mimikyu\n|\n|win|trialteam98\n|raw|Hoieess's rating: 1034 &rarr; <strong>1021<\/strong><br \/>(-13 for losing)\n|raw|trialteam98's rating: 1088 &rarr; <strong>1111<\/strong><br \/>(+23 for winning)\n|l|\u2606Hoieess\n","uploadtime":1698507960,"views":5,"p1id":"hoieess","p2id":"trialteam98","formatid":"gen9ubers","rating":1021,"private":0,"password":""}