{"id":"gen9ubers-1992530175","p1":"Ol'DirtyCasual","p2":"die4ry","format":"[Gen 9] Ubers","log":"|j|\u2606Ol'DirtyCasual\n|j|\u2606die4ry\n|t:|1700200388\n|gametype|singles\n|player|p1|Ol'DirtyCasual|larry|\n|player|p2|die4ry|hugh|\n|teamsize|p1|6\n|teamsize|p2|6\n|gen|9\n|tier|[Gen 9] Ubers\n|rule|Sleep Clause Mod: Limit one foe put to sleep\n|rule|Species Clause: Limit one of each Pok\u00e9mon\n|rule|OHKO Clause: OHKO moves are banned\n|rule|Evasion Items Clause: Evasion items are banned\n|rule|Evasion Moves Clause: Evasion moves are banned\n|rule|Endless Battle Clause: Forcing endless battles is banned\n|rule|HP Percentage Mod: HP is shown in percentages\n|clearpoke\n|poke|p1|Koraidon|\n|poke|p1|Chi-Yu|\n|poke|p1|Ribombee, F|\n|poke|p1|Roaring Moon|\n|poke|p1|Gholdengo|\n|poke|p1|Flutter Mane|\n|poke|p2|Roaring Moon|\n|poke|p2|Flutter Mane|\n|poke|p2|Regieleki|\n|poke|p2|Shaymin-Sky|\n|poke|p2|Zacian-*|\n|poke|p2|Eternatus|\n|teampreview\n|j| standin on bidness\n|\n|t:|1700200400\n|start\n|switch|p1a: Ribombee|Ribombee, F|100\/100\n|switch|p2a: Regieleki|Regieleki|100\/100\n|turn|1\n|\n|t:|1700200411\n|move|p2a: Regieleki|Thunder Cage|p1a: Ribombee\n|-damage|p1a: Ribombee|44\/100\n|-activate|p1a: Ribombee|move: Thunder Cage|[of] p2a: Regieleki\n|move|p1a: Ribombee|Sticky Web|p2a: Regieleki\n|-sidestart|p2: die4ry|move: Sticky Web\n|\n|-damage|p1a: Ribombee|32\/100|[from] move: Thunder Cage|[partiallytrapped]\n|upkeep\n|turn|2\n|\n|t:|1700200425\n|move|p2a: Regieleki|Reflect|p2a: Regieleki\n|-sidestart|p2: die4ry|Reflect\n|move|p1a: Ribombee|Moonblast|p2a: Regieleki\n|-damage|p2a: Regieleki|52\/100\n|\n|-damage|p1a: Ribombee|20\/100|[from] move: Thunder Cage|[partiallytrapped]\n|upkeep\n|turn|3\n|\n|t:|1700200430\n|move|p2a: Regieleki|Light Screen|p2a: Regieleki\n|-sidestart|p2: die4ry|move: Light Screen\n|move|p1a: Ribombee|Sticky Web||[still]\n|-fail|p1a: Ribombee\n|\n|-damage|p1a: Ribombee|7\/100|[from] move: Thunder Cage|[partiallytrapped]\n|upkeep\n|turn|4\n|\n|t:|1700200433\n|move|p2a: Regieleki|Rapid Spin|p1a: Ribombee\n|-damage|p1a: Ribombee|0 fnt\n|-boost|p2a: Regieleki|spe|1\n|-sideend|p2: die4ry|Sticky Web|[from] move: Rapid Spin|[of] p2a: Regieleki\n|faint|p1a: Ribombee\n|\n|upkeep\n|\n|t:|1700200478\n|switch|p1a: Roaring Moon|Roaring Moon|100\/100\n|-enditem|p1a: Roaring Moon|Booster Energy\n|-activate|p1a: Roaring Moon|ability: Protosynthesis|[fromitem]\n|-start|p1a: Roaring Moon|protosynthesisatk\n|turn|5\n|\n|t:|1700200492\n|switch|p2a: Eternatus|Eternatus|100\/100\n|-ability|p2a: Eternatus|Pressure\n|move|p1a: Roaring Moon|Dragon Dance|p1a: Roaring Moon\n|-boost|p1a: Roaring Moon|atk|1\n|-boost|p1a: Roaring Moon|spe|1\n|\n|upkeep\n|turn|6\n|\n|t:|1700200500\n|-terastallize|p1a: Roaring Moon|Flying\n|move|p1a: Roaring Moon|Knock Off|p2a: Eternatus\n|-damage|p2a: Eternatus|48\/100\n|-enditem|p2a: Eternatus|Focus Sash|[from] move: Knock Off|[of] p1a: Roaring Moon\n|move|p2a: Eternatus|Dragon Tail|p1a: Roaring Moon\n|-damage|p1a: Roaring Moon|76\/100\n|-end|p1a: Roaring Moon|Protosynthesis|[silent]\n|drag|p1a: Gholdengo|Gholdengo|100\/100\n|-item|p1a: Gholdengo|Air Balloon\n|\n|upkeep\n|turn|7\n|\n|t:|1700200504\n|move|p2a: Eternatus|Flamethrower|p1a: Gholdengo\n|-supereffective|p1a: Gholdengo\n|-damage|p1a: Gholdengo|26\/100\n|-enditem|p1a: Gholdengo|Air Balloon\n|move|p1a: Gholdengo|Nasty Plot|p1a: Gholdengo\n|-boost|p1a: Gholdengo|spa|2\n|\n|upkeep\n|turn|8\n|\n|t:|1700200512\n|move|p2a: Eternatus|Flamethrower|p1a: Gholdengo\n|-supereffective|p1a: Gholdengo\n|-damage|p1a: Gholdengo|0 fnt\n|faint|p1a: Gholdengo\n|\n|upkeep\n|\n|t:|1700200527\n|switch|p1a: Flutter Mane|Flutter Mane|100\/100\n|turn|9\n|\n|t:|1700200530\n|move|p1a: Flutter Mane|Calm Mind|p1a: Flutter Mane\n|-boost|p1a: Flutter Mane|spa|1\n|-boost|p1a: Flutter Mane|spd|1\n|move|p2a: Eternatus|Flash Cannon|p1a: Flutter Mane\n|-supereffective|p1a: Flutter Mane\n|-damage|p1a: Flutter Mane|65\/100\n|\n|-sideend|p2: die4ry|Reflect\n|upkeep\n|turn|10\n|\n|t:|1700200533\n|move|p1a: Flutter Mane|Shadow Ball|p2a: Eternatus\n|-damage|p2a: Eternatus|20\/100\n|-damage|p1a: Flutter Mane|55\/100|[from] item: Life Orb\n|move|p2a: Eternatus|Toxic|p1a: Flutter Mane\n|-status|p1a: Flutter Mane|tox\n|\n|-damage|p1a: Flutter Mane|50\/100 tox|[from] psn\n|-sideend|p2: die4ry|move: Light Screen\n|upkeep\n|turn|11\n|\n|t:|1700200542\n|move|p1a: Flutter Mane|Moonblast|p2a: Eternatus\n|-damage|p2a: Eternatus|0 fnt\n|faint|p2a: Eternatus\n|-damage|p1a: Flutter Mane|40\/100 tox|[from] item: Life Orb\n|\n|-damage|p1a: Flutter Mane|28\/100 tox|[from] psn\n|upkeep\n|\n|t:|1700200546\n|switch|p2a: Regieleki|Regieleki|52\/100\n|turn|12\n|\n|t:|1700200549\n|move|p2a: Regieleki|Light Screen|p2a: Regieleki\n|-sidestart|p2: die4ry|move: Light Screen\n|move|p1a: Flutter Mane|Moonblast|p2a: Regieleki\n|-damage|p2a: Regieleki|0 fnt\n|faint|p2a: Regieleki\n|-damage|p1a: Flutter Mane|18\/100 tox|[from] item: Life Orb\n|\n|-damage|p1a: Flutter Mane|0 fnt|[from] psn\n|faint|p1a: Flutter Mane\n|-end|p1a: Flutter Mane|Protosynthesis|[silent]\n|upkeep\n|\n|t:|1700200560\n|switch|p2a: Zacian|Zacian-Crowned|100\/100\n|switch|p1a: Koraidon|Koraidon|100\/100\n|-ability|p2a: Zacian|Intrepid Sword|boost\n|-boost|p2a: Zacian|atk|1\n|-weather|SunnyDay|[from] ability: Orichalcum Pulse|[of] p1a: Koraidon\n|-activate|p1a: Koraidon|Orichalcum Pulse|[source]\n|turn|13\n|\n|t:|1700200582\n|move|p2a: Zacian|Play Rough|p1a: Koraidon\n|-supereffective|p1a: Koraidon\n|-damage|p1a: Koraidon|0 fnt\n|faint|p1a: Koraidon\n|\n|-weather|SunnyDay|[upkeep]\n|upkeep\n|\n|t:|1700200583\n|switch|p1a: Chi-Yu|Chi-Yu|100\/100\n|-ability|p1a: Chi-Yu|Beads of Ruin\n|turn|14\n|\n|t:|1700200588\n|move|p2a: Zacian|Play Rough|p1a: Chi-Yu\n|-damage|p1a: Chi-Yu|0 fnt\n|faint|p1a: Chi-Yu\n|\n|-weather|SunnyDay|[upkeep]\n|upkeep\n|\n|t:|1700200590\n|switch|p1a: Roaring Moon|Roaring Moon, tera:Flying|76\/100\n|-activate|p1a: Roaring Moon|ability: Protosynthesis\n|-start|p1a: Roaring Moon|protosynthesisatk\n|turn|15\n|\n|t:|1700200599\n|move|p2a: Zacian|Behemoth Blade|p1a: Roaring Moon\n|-damage|p1a: Roaring Moon|0 fnt\n|faint|p1a: Roaring Moon\n|-end|p1a: Roaring Moon|Protosynthesis|[silent]\n|\n|win|die4ry\n|l| standin on bidness\n|l|\u2606Ol'DirtyCasual\n","uploadtime":1700200643,"views":30,"p1id":"oldirtycasual","p2id":"die4ry","formatid":"gen9ubers","rating":0,"private":0,"password":""}