{"id":"gen9ubers-1968623805","p1":"PokeScientist101","p2":"FanMan_jpg","format":"[Gen 9] Ubers","log":"|j|\u2606PokeScientist101\n|j|\u2606FanMan_jpg\n|t:|1697444101\n|gametype|singles\n|player|p1|PokeScientist101|scientist-gen4|1145\n|player|p2|FanMan_jpg|lucas|1215\n|teamsize|p1|6\n|teamsize|p2|6\n|gen|9\n|tier|[Gen 9] Ubers\n|rated|\n|rule|Sleep Clause Mod: Limit one foe put to sleep\n|rule|Species Clause: Limit one of each Pok\u00e9mon\n|rule|OHKO Clause: OHKO moves are banned\n|rule|Evasion Items Clause: Evasion items are banned\n|rule|Evasion Moves Clause: Evasion moves are banned\n|rule|Endless Battle Clause: Forcing endless battles is banned\n|rule|HP Percentage Mod: HP is shown in percentages\n|clearpoke\n|poke|p1|Kyogre|\n|poke|p1|Basculegion, M|\n|poke|p1|Miraidon|\n|poke|p1|Iron Treads|\n|poke|p1|Iron Valiant|\n|poke|p1|Iron Jugulis|\n|poke|p2|Gliscor, M|\n|poke|p2|Iron Bundle|\n|poke|p2|Annihilape, F|\n|poke|p2|Skeledirge, F|\n|poke|p2|Miraidon|\n|poke|p2|Grafaiai, M|\n|teampreview\n|inactive|Battle timer is ON: inactive players will automatically lose when time's up. (requested by FanMan_jpg)\n|\n|t:|1697444110\n|start\n|switch|p1a: Kyogre|Kyogre|100\/100\n|switch|p2a: Gliscor|Gliscor, M|100\/100\n|-weather|RainDance|[from] ability: Drizzle|[of] p1a: Kyogre\n|turn|1\n|\n|t:|1697444119\n|move|p2a: Gliscor|Protect|p2a: Gliscor\n|-singleturn|p2a: Gliscor|Protect\n|move|p1a: Kyogre|Ice Beam|p2a: Gliscor\n|-activate|p2a: Gliscor|move: Protect\n|\n|-weather|RainDance|[upkeep]\n|-status|p2a: Gliscor|tox|[from] item: Toxic Orb\n|upkeep\n|turn|2\n|\n|t:|1697444138\n|switch|p2a: Grafaiai|Grafaiai, M|100\/100\n|move|p1a: Kyogre|Ice Beam|p2a: Grafaiai\n|-damage|p2a: Grafaiai|63\/100\n|\n|-weather|RainDance|[upkeep]\n|-heal|p2a: Grafaiai|69\/100|[from] item: Black Sludge\n|upkeep\n|turn|3\n|\n|t:|1697444145\n|move|p2a: Grafaiai|Switcheroo|p1a: Kyogre\n|-activate|p2a: Grafaiai|move: Trick|[of] p1a: Kyogre\n|-item|p1a: Kyogre|Black Sludge|[from] move: Switcheroo\n|-item|p2a: Grafaiai|Damp Rock|[from] move: Switcheroo\n|move|p1a: Kyogre|Thunder Wave|p2a: Grafaiai\n|-status|p2a: Grafaiai|par\n|\n|-weather|RainDance|[upkeep]\n|-damage|p1a: Kyogre|88\/100|[from] item: Black Sludge\n|upkeep\n|turn|4\n|\n|t:|1697444158\n|cant|p2a: Grafaiai|par\n|move|p1a: Kyogre|Surf|p2a: Grafaiai\n|-damage|p2a: Grafaiai|0 fnt\n|faint|p2a: Grafaiai\n|\n|-weather|RainDance|[upkeep]\n|-damage|p1a: Kyogre|76\/100|[from] item: Black Sludge\n|upkeep\n|\n|t:|1697444173\n|switch|p2a: Miraidon|Miraidon|100\/100\n|-fieldstart|move: Electric Terrain|[from] ability: Hadron Engine|[of] p2a: Miraidon\n|turn|5\n|\n|t:|1697444181\n|switch|p1a: Iron Treads|Iron Treads|100\/100\n|-activate|p1a: Iron Treads|ability: Quark Drive\n|-start|p1a: Iron Treads|quarkdrivespe\n|move|p2a: Miraidon|Parabolic Charge|p1a: Iron Treads\n|-immune|p1a: Iron Treads\n|\n|-weather|RainDance|[upkeep]\n|upkeep\n|turn|6\n|\n|t:|1697444193\n|switch|p2a: Gliscor|Gliscor, M|100\/100 tox\n|move|p1a: Iron Treads|Knock Off|p2a: Gliscor\n|-damage|p2a: Gliscor|75\/100 tox\n|-enditem|p2a: Gliscor|Toxic Orb|[from] move: Knock Off|[of] p1a: Iron Treads\n|\n|-weather|RainDance|[upkeep]\n|-heal|p2a: Gliscor|88\/100 tox|[from] ability: Poison Heal\n|upkeep\n|turn|7\n|\n|t:|1697444206\n|-end|p1a: Iron Treads|Quark Drive|[silent]\n|switch|p1a: Kyogre|Kyogre|76\/100\n|move|p2a: Gliscor|Earthquake|p1a: Kyogre\n|-damage|p1a: Kyogre|50\/100\n|\n|-weather|RainDance|[upkeep]\n|-damage|p1a: Kyogre|38\/100|[from] item: Black Sludge\n|-heal|p2a: Gliscor|99\/100 tox|[from] ability: Poison Heal\n|upkeep\n|turn|8\n|\n|t:|1697444218\n|move|p2a: Gliscor|Protect|p2a: Gliscor\n|-singleturn|p2a: Gliscor|Protect\n|move|p1a: Kyogre|Surf|p2a: Gliscor\n|-activate|p2a: Gliscor|move: Protect\n|\n|-weather|none\n|-damage|p1a: Kyogre|25\/100|[from] item: Black Sludge\n|-heal|p2a: Gliscor|100\/100 tox|[from] ability: Poison Heal\n|upkeep\n|turn|9\n|\n|t:|1697444237\n|move|p2a: Gliscor|Protect|p2a: Gliscor\n|-singleturn|p2a: Gliscor|Protect\n|move|p1a: Kyogre|Surf|p2a: Gliscor\n|-activate|p2a: Gliscor|move: Protect\n|\n|-damage|p1a: Kyogre|13\/100|[from] item: Black Sludge\n|-fieldend|move: Electric Terrain\n|upkeep\n|turn|10\n|\n|t:|1697444246\n|move|p2a: Gliscor|Protect|p2a: Gliscor\n|-singleturn|p2a: Gliscor|Protect\n|move|p1a: Kyogre|Surf|p2a: Gliscor\n|-activate|p2a: Gliscor|move: Protect\n|\n|-damage|p1a: Kyogre|1\/100|[from] item: Black Sludge\n|upkeep\n|turn|11\n|\n|t:|1697444253\n|move|p2a: Gliscor|Gunk Shot|p1a: Kyogre\n|-damage|p1a: Kyogre|0 fnt\n|faint|p1a: Kyogre\n|\n|upkeep\n|\n|t:|1697444275\n|switch|p1a: Miraidon|Miraidon|100\/100\n|-fieldstart|move: Electric Terrain|[from] ability: Hadron Engine|[of] p1a: Miraidon\n|turn|12\n|\n|t:|1697444284\n|move|p1a: Miraidon|Draco Meteor|p2a: Gliscor\n|-damage|p2a: Gliscor|0 fnt\n|-unboost|p1a: Miraidon|spa|2\n|faint|p2a: Gliscor\n|-damage|p1a: Miraidon|91\/100|[from] item: Life Orb\n|\n|upkeep\n|\n|t:|1697444294\n|switch|p2a: Iron Bundle|Iron Bundle|100\/100\n|-activate|p2a: Iron Bundle|ability: Quark Drive\n|-start|p2a: Iron Bundle|quarkdrivespe\n|turn|13\n|\n|t:|1697444300\n|move|p2a: Iron Bundle|Ice Beam|p1a: Miraidon\n|-supereffective|p1a: Miraidon\n|-damage|p1a: Miraidon|5\/100\n|move|p1a: Miraidon|Electro Drift|p2a: Iron Bundle\n|-supereffective|p2a: Iron Bundle\n|-damage|p2a: Iron Bundle|0 fnt\n|faint|p2a: Iron Bundle\n|-end|p2a: Iron Bundle|Quark Drive|[silent]\n|-damage|p1a: Miraidon|0 fnt|[from] item: Life Orb\n|faint|p1a: Miraidon\n|\n|upkeep\n|\n|t:|1697444320\n|switch|p2a: Annihilape|Annihilape, F|100\/100\n|switch|p1a: Iron Jugulis|Iron Jugulis|100\/100\n|-activate|p1a: Iron Jugulis|ability: Quark Drive\n|-start|p1a: Iron Jugulis|quarkdrivespe\n|turn|14\n|\n|t:|1697444332\n|-terastallize|p2a: Annihilape|Fairy\n|move|p1a: Iron Jugulis|Hurricane|p2a: Annihilape|[miss]\n|-miss|p1a: Iron Jugulis|p2a: Annihilape\n|move|p2a: Annihilape|Ice Punch|p1a: Iron Jugulis\n|-supereffective|p1a: Iron Jugulis\n|-damage|p1a: Iron Jugulis|40\/100\n|\n|upkeep\n|turn|15\n|\n|t:|1697444340\n|move|p1a: Iron Jugulis|Hurricane|p2a: Annihilape|[miss]\n|-miss|p1a: Iron Jugulis|p2a: Annihilape\n|move|p2a: Annihilape|Ice Punch|p1a: Iron Jugulis\n|-supereffective|p1a: Iron Jugulis\n|-damage|p1a: Iron Jugulis|0 fnt\n|faint|p1a: Iron Jugulis\n|-end|p1a: Iron Jugulis|Quark Drive|[silent]\n|\n|upkeep\n|\n|t:|1697444347\n|switch|p1a: Iron Treads|Iron Treads|100\/100\n|-activate|p1a: Iron Treads|ability: Quark Drive\n|-start|p1a: Iron Treads|quarkdrivespe\n|turn|16\n|\n|t:|1697444362\n|switch|p2a: Skeledirge|Skeledirge, F|100\/100\n|move|p1a: Iron Treads|Iron Head|p2a: Skeledirge\n|-resisted|p2a: Skeledirge\n|-damage|p2a: Skeledirge|90\/100\n|\n|-fieldend|move: Electric Terrain\n|-end|p1a: Iron Treads|Quark Drive\n|upkeep\n|turn|17\n|\n|t:|1697444374\n|switch|p2a: Annihilape|Annihilape, F, tera:Fairy|100\/100\n|-terastallize|p1a: Iron Treads|Ground\n|move|p1a: Iron Treads|Earthquake|p2a: Annihilape\n|-damage|p2a: Annihilape|26\/100\n|\n|-heal|p2a: Annihilape|33\/100|[from] item: Leftovers\n|upkeep\n|turn|18\n|\n|t:|1697444391\n|-end|p1a: Iron Treads|Quark Drive|[silent]\n|switch|p1a: Basculegion|Basculegion, M|100\/100\n|move|p2a: Annihilape|Ice Punch|p1a: Basculegion\n|-resisted|p1a: Basculegion\n|-damage|p1a: Basculegion|85\/100\n|\n|-heal|p1a: Basculegion|91\/100|[from] item: Leftovers\n|-heal|p2a: Annihilape|39\/100|[from] item: Leftovers\n|upkeep\n|turn|19\n|\n|t:|1697444402\n|move|p1a: Basculegion|Last Respects|p2a: Annihilape\n|-damage|p2a: Annihilape|0 fnt\n|faint|p2a: Annihilape\n|\n|-heal|p1a: Basculegion|97\/100|[from] item: Leftovers\n|upkeep\n|\n|t:|1697444408\n|switch|p2a: Miraidon|Miraidon|100\/100\n|-fieldstart|move: Electric Terrain|[from] ability: Hadron Engine|[of] p2a: Miraidon\n|turn|20\n|\n|t:|1697444413\n|switch|p1a: Iron Treads|Iron Treads, tera:Ground|100\/100\n|-activate|p1a: Iron Treads|ability: Quark Drive\n|-start|p1a: Iron Treads|quarkdrivespe\n|move|p2a: Miraidon|Calm Mind|p2a: Miraidon\n|-boost|p2a: Miraidon|spa|1\n|-boost|p2a: Miraidon|spd|1\n|\n|upkeep\n|turn|21\n|\n|t:|1697444420\n|move|p1a: Iron Treads|Earthquake|p2a: Miraidon\n|-supereffective|p2a: Miraidon\n|-damage|p2a: Miraidon|0 fnt\n|faint|p2a: Miraidon\n|\n|upkeep\n|\n|t:|1697444423\n|switch|p2a: Skeledirge|Skeledirge, F|90\/100\n|turn|22\n|\n|t:|1697444426\n|move|p1a: Iron Treads|Earthquake|p2a: Skeledirge\n|-supereffective|p2a: Skeledirge\n|-damage|p2a: Skeledirge|14\/100\n|move|p2a: Skeledirge|Torch Song|p1a: Iron Treads\n|-damage|p1a: Iron Treads|61\/100\n|-boost|p2a: Skeledirge|spa|1\n|\n|upkeep\n|turn|23\n|-message|FanMan_jpg forfeited.\n|\n|win|PokeScientist101\n|raw|PokeScientist101's rating: 1145 &rarr; <strong>1175<\/strong><br \/>(+30 for winning)\n|raw|FanMan_jpg's rating: 1215 &rarr; <strong>1185<\/strong><br \/>(-30 for losing)\n|l|\u2606FanMan_jpg\n","uploadtime":1697444437,"views":10,"p1id":"pokescientist101","p2id":"fanmanjpg","formatid":"gen9ubers","rating":1175,"private":0,"password":""}