{"id":"gen9ubers-1982439076","p1":"Classic frisk","p2":"Helixer153","format":"[Gen 9] Ubers","log":"|j|\u2606Classic frisk\n|j|\u2606Helixer153\n|inactive|Battle timer is ON: inactive players will automatically lose when time's up.\n|t:|1699014759\n|gametype|singles\n|player|p1|Classic frisk|lady|\n|player|p2|Helixer153|acerola-masters|\n|teamsize|p1|6\n|teamsize|p2|6\n|gen|9\n|tier|[Gen 9] Ubers\n|rated|Tournament battle\n|rule|Sleep Clause Mod: Limit one foe put to sleep\n|rule|Species Clause: Limit one of each Pok\u00e9mon\n|rule|OHKO Clause: OHKO moves are banned\n|rule|Evasion Items Clause: Evasion items are banned\n|rule|Evasion Moves Clause: Evasion moves are banned\n|rule|Endless Battle Clause: Forcing endless battles is banned\n|rule|HP Percentage Mod: HP is shown in percentages\n|rule|Inverse Mod: Weaknesses become resistances, while resistances and immunities become weaknesses.\n|clearpoke\n|poke|p1|Zacian-*|\n|poke|p1|Chien-Pao|\n|poke|p1|Rayquaza|\n|poke|p1|Arceus-Ghost|\n|poke|p1|Manaphy|\n|poke|p1|Regieleki|\n|poke|p2|Kingambit, F|\n|poke|p2|Miraidon|\n|poke|p2|Iron Bundle|\n|poke|p2|Ting-Lu|\n|poke|p2|Skeledirge, F|\n|poke|p2|Corviknight, M|\n|teampreview\n|j|*Lady Monita \u263d\n|inactive|Classic frisk also wants the timer to be on.\n|c|\u2606Classic frisk|huh\n|c|\u2606Classic frisk|I just saw this exact team-\n|\n|t:|1699014770\n|start\n|switch|p1a: RAHHH|Rayquaza|100\/100\n|switch|p2a: Ting-Lu|Ting-Lu|100\/100\n|-ability|p1a: RAHHH|Air Lock\n|-ability|p2a: Ting-Lu|Vessel of Ruin\n|turn|1\n|\n|t:|1699014776\n|move|p1a: RAHHH|Dragon Dance|p1a: RAHHH\n|-boost|p1a: RAHHH|atk|1\n|-boost|p1a: RAHHH|spe|1\n|move|p2a: Ting-Lu|Stealth Rock|p1a: RAHHH\n|-sidestart|p1: Classic frisk|move: Stealth Rock\n|\n|upkeep\n|turn|2\n|\n|t:|1699014779\n|move|p1a: RAHHH|Dragon Dance|p1a: RAHHH\n|-boost|p1a: RAHHH|atk|1\n|-boost|p1a: RAHHH|spe|1\n|move|p2a: Ting-Lu|Whirlwind|p1a: RAHHH\n|drag|p1a: Bork|Zacian-Crowned|100\/100\n|-damage|p1a: Bork|76\/100|[from] Stealth Rock\n|-ability|p1a: Bork|Intrepid Sword|boost\n|-boost|p1a: Bork|atk|1\n|\n|upkeep\n|turn|3\n|\n|t:|1699014786\n|move|p1a: Bork|Behemoth Blade|p2a: Ting-Lu\n|-damage|p2a: Ting-Lu|51\/100\n|move|p2a: Ting-Lu|Whirlwind|p1a: Bork\n|drag|p1a: Mana :D|Manaphy|100\/100\n|-damage|p1a: Mana :D|88\/100|[from] Stealth Rock\n|\n|-heal|p2a: Ting-Lu|58\/100|[from] item: Leftovers\n|upkeep\n|turn|4\n|\n|t:|1699014791\n|move|p1a: Mana :D|Dazzling Gleam|p2a: Ting-Lu\n|-resisted|p2a: Ting-Lu\n|-damage|p2a: Ting-Lu|53\/100\n|move|p2a: Ting-Lu|Spikes|p1a: Mana :D\n|-sidestart|p1: Classic frisk|Spikes\n|\n|-heal|p2a: Ting-Lu|59\/100|[from] item: Leftovers\n|upkeep\n|turn|5\n|\n|t:|1699014796\n|switch|p1a: Not Un Un Un|Regieleki|100\/100\n|-damage|p1a: Not Un Un Un|88\/100|[from] Stealth Rock\n|-damage|p1a: Not Un Un Un|76\/100|[from] Spikes\n|move|p2a: Ting-Lu|Spikes|p1a: Not Un Un Un\n|-sidestart|p1: Classic frisk|Spikes\n|\n|-heal|p2a: Ting-Lu|65\/100|[from] item: Leftovers\n|upkeep\n|turn|6\n|\n|t:|1699014800\n|move|p1a: Not Un Un Un|Rapid Spin|p2a: Ting-Lu\n|-damage|p2a: Ting-Lu|60\/100\n|-boost|p1a: Not Un Un Un|spe|1\n|-sideend|p1: Classic frisk|Spikes|[from] move: Rapid Spin|[of] p1a: Not Un Un Un\n|-sideend|p1: Classic frisk|Stealth Rock|[from] move: Rapid Spin|[of] p1a: Not Un Un Un\n|move|p2a: Ting-Lu|Spikes|p1a: Not Un Un Un\n|-sidestart|p1: Classic frisk|Spikes\n|\n|-heal|p2a: Ting-Lu|66\/100|[from] item: Leftovers\n|upkeep\n|turn|7\n|\n|t:|1699014804\n|move|p1a: Not Un Un Un|Thunderbolt|p2a: Ting-Lu\n|-supereffective|p2a: Ting-Lu\n|-damage|p2a: Ting-Lu|20\/100\n|move|p2a: Ting-Lu|Whirlwind|p1a: Not Un Un Un\n|drag|p1a: RAHHH|Rayquaza|100\/100\n|-ability|p1a: RAHHH|Air Lock\n|\n|-heal|p2a: Ting-Lu|26\/100|[from] item: Leftovers\n|upkeep\n|turn|8\n|\n|t:|1699014808\n|move|p1a: RAHHH|Extreme Speed|p2a: Ting-Lu\n|-damage|p2a: Ting-Lu|0 fnt\n|faint|p2a: Ting-Lu\n|-damage|p1a: RAHHH|91\/100|[from] item: Life Orb\n|\n|upkeep\n|\n|t:|1699014812\n|switch|p2a: Skeledirge|Skeledirge, F|100\/100\n|turn|9\n|\n|t:|1699014815\n|move|p1a: RAHHH|Extreme Speed|p2a: Skeledirge\n|-supereffective|p2a: Skeledirge\n|-damage|p2a: Skeledirge|47\/100\n|-damage|p1a: RAHHH|81\/100|[from] item: Life Orb\n|move|p2a: Skeledirge|Torch Song|p1a: RAHHH\n|-supereffective|p1a: RAHHH\n|-damage|p1a: RAHHH|17\/100\n|-boost|p2a: Skeledirge|spa|1\n|\n|upkeep\n|turn|10\n|\n|t:|1699014821\n|move|p1a: RAHHH|Extreme Speed|p2a: Skeledirge\n|-supereffective|p2a: Skeledirge\n|-damage|p2a: Skeledirge|0 fnt\n|faint|p2a: Skeledirge\n|-damage|p1a: RAHHH|7\/100|[from] item: Life Orb\n|\n|upkeep\n|\n|t:|1699014828\n|switch|p2a: Iron Bundle|Iron Bundle|100\/100\n|turn|11\n|\n|t:|1699014832\n|move|p1a: RAHHH|Extreme Speed|p2a: Iron Bundle\n|-damage|p2a: Iron Bundle|46\/100\n|-damage|p1a: RAHHH|0 fnt|[from] item: Life Orb\n|faint|p1a: RAHHH\n|move|p2a: Iron Bundle|Ice Beam|p1: RAHHH|[notarget]\n|-fail|p2a: Iron Bundle\n|\n|upkeep\n|\n|t:|1699014840\n|switch|p1a: Pao|Chien-Pao|100\/100\n|-damage|p1a: Pao|88\/100|[from] Spikes\n|-ability|p1a: Pao|Sword of Ruin\n|turn|12\n|\n|t:|1699014845\n|move|p2a: Iron Bundle|Ice Beam|p1a: Pao\n|-supereffective|p1a: Pao\n|-damage|p1a: Pao|0 fnt\n|faint|p1a: Pao\n|\n|upkeep\n|\n|t:|1699014849\n|switch|p1a: Not Un Un Un|Regieleki|76\/100\n|-damage|p1a: Not Un Un Un|64\/100|[from] Spikes\n|turn|13\n|\n|t:|1699014853\n|-terastallize|p1a: Not Un Un Un|Ice\n|move|p1a: Not Un Un Un|Tera Blast|p2a: Iron Bundle|[anim] Tera Blast Ice\n|-supereffective|p2a: Iron Bundle\n|-crit|p2a: Iron Bundle\n|-damage|p2a: Iron Bundle|0 fnt\n|faint|p2a: Iron Bundle\n|-end|p2a: Iron Bundle|Quark Drive|[silent]\n|\n|upkeep\n|\n|t:|1699014865\n|switch|p2a: Miraidon|Miraidon|100\/100\n|-fieldstart|move: Electric Terrain|[from] ability: Hadron Engine|[of] p2a: Miraidon\n|turn|14\n|\n|t:|1699014870\n|move|p1a: Not Un Un Un|Volt Switch|p2a: Miraidon\n|-supereffective|p2a: Miraidon\n|-damage|p2a: Miraidon|0 fnt\n|faint|p2a: Miraidon\n|\n|t:|1699014872\n|switch|p1a: Mana :D|Manaphy|88\/100|[from] Volt Switch\n|-damage|p1a: Mana :D|76\/100|[from] Spikes\n|\n|upkeep\n|\n|t:|1699014875\n|switch|p2a: Corviknight|Corviknight, M|100\/100\n|-ability|p2a: Corviknight|Pressure\n|turn|15\n|\n|t:|1699014879\n|move|p1a: Mana :D|Dazzling Gleam|p2a: Corviknight\n|-supereffective|p2a: Corviknight\n|-damage|p2a: Corviknight|56\/100\n|move|p2a: Corviknight|Body Press|p1a: Mana :D\n|-damage|p1a: Mana :D|52\/100\n|\n|-heal|p2a: Corviknight|62\/100|[from] item: Leftovers\n|upkeep\n|turn|16\n|\n|t:|1699014884\n|move|p1a: Mana :D|Dazzling Gleam|p2a: Corviknight\n|-supereffective|p2a: Corviknight\n|-damage|p2a: Corviknight|23\/100\n|move|p2a: Corviknight|Body Press|p1a: Mana :D\n|-damage|p1a: Mana :D|30\/100\n|\n|-heal|p2a: Corviknight|29\/100|[from] item: Leftovers\n|upkeep\n|turn|17\n|\n|t:|1699014887\n|move|p1a: Mana :D|Dazzling Gleam|p2a: Corviknight\n|-supereffective|p2a: Corviknight\n|-damage|p2a: Corviknight|0 fnt\n|faint|p2a: Corviknight\n|\n|upkeep\n|\n|t:|1699014890\n|switch|p2a: Kingambit|Kingambit, F|100\/100\n|-activate|p2a: Kingambit|ability: Supreme Overlord\n|-start|p2a: Kingambit|fallen5|[silent]\n|turn|18\n|\n|t:|1699014895\n|-terastallize|p2a: Kingambit|Dark\n|move|p1a: Mana :D|Energy Ball|p2a: Kingambit\n|-damage|p2a: Kingambit|74\/100\n|move|p2a: Kingambit|Swords Dance|p2a: Kingambit\n|-boost|p2a: Kingambit|atk|2\n|\n|-fieldend|move: Electric Terrain\n|upkeep\n|turn|19\n|\n|t:|1699014900\n|move|p2a: Kingambit|Sucker Punch|p1a: Mana :D\n|-damage|p1a: Mana :D|0 fnt\n|faint|p1a: Mana :D\n|\n|upkeep\n|\n|t:|1699014904\n|switch|p1a: God Himself|Arceus-Ghost|100\/100\n|-damage|p1a: God Himself|88\/100|[from] Spikes\n|turn|20\n|\n|t:|1699014909\n|move|p1a: God Himself|Shadow Ball|p2a: Kingambit\n|-supereffective|p2a: Kingambit\n|-damage|p2a: Kingambit|0 fnt\n|faint|p2a: Kingambit\n|-end|p2a: Kingambit|fallen5|[silent]\n|\n|win|Classic frisk\n|n|\u2606Classic frisk|classicfrisk\n|n|\u2606Helixer153|helixer153\n|n|*Lady Monita \u263d|ladymonita\n","uploadtime":1699014911,"views":12,"p1id":"classicfrisk","p2id":"helixer153","formatid":"gen9ubers","rating":0,"private":0,"password":""}