{"id":"gen9ubers-1986519258","p1":"KamiGami03","p2":"TaranBoska","format":"[Gen 9] Ubers","log":"|j|\u2606KamiGami03\n|j|\u2606TaranBoska\n|t:|1699487442\n|gametype|singles\n|player|p1|KamiGami03|1|1000\n|player|p2|TaranBoska|1|1101\n|teamsize|p1|6\n|teamsize|p2|6\n|gen|9\n|tier|[Gen 9] Ubers\n|rated|\n|rule|Sleep Clause Mod: Limit one foe put to sleep\n|rule|Species Clause: Limit one of each Pok\u00e9mon\n|rule|OHKO Clause: OHKO moves are banned\n|rule|Evasion Items Clause: Evasion items are banned\n|rule|Evasion Moves Clause: Evasion moves are banned\n|rule|Endless Battle Clause: Forcing endless battles is banned\n|rule|HP Percentage Mod: HP is shown in percentages\n|clearpoke\n|poke|p1|Vaporeon, F|\n|poke|p1|Sylveon, M|\n|poke|p1|Zoroark-Hisui, F|\n|poke|p1|Wo-Chien|\n|poke|p1|Fezandipiti, M|\n|poke|p1|Slither Wing|\n|poke|p2|Annihilape, M|\n|poke|p2|Regieleki|\n|poke|p2|Calyrex-Ice|\n|poke|p2|Chien-Pao|\n|poke|p2|Urshifu-*, F|\n|poke|p2|Grimmsnarl, M|\n|teampreview\n|inactive|Battle timer is ON: inactive players will automatically lose when time's up. (requested by KamiGami03)\n|\n|t:|1699487467\n|start\n|switch|p1a: Slither Wing|Slither Wing|100\/100\n|switch|p2a: Calyrex|Calyrex-Ice|100\/100\n|-ability|p2a: Calyrex|As One\n|-ability|p2a: Calyrex|Unnerve\n|turn|1\n|\n|t:|1699487483\n|move|p1a: Slither Wing|First Impression|p2a: Calyrex\n|-supereffective|p2a: Calyrex\n|-damage|p2a: Calyrex|0 fnt\n|faint|p2a: Calyrex\n|\n|upkeep\n|\n|t:|1699487491\n|switch|p2a: Annihilape|Annihilape, M|100\/100\n|turn|2\n|\n|t:|1699487502\n|-end|p1a: Slither Wing|Protosynthesis|[silent]\n|switch|p1a: Vaporeon|Vaporeon, F|100\/100\n|move|p2a: Annihilape|Bulk Up|p2a: Annihilape\n|-boost|p2a: Annihilape|atk|1\n|-boost|p2a: Annihilape|def|1\n|\n|upkeep\n|turn|3\n|\n|t:|1699487509\n|move|p1a: Vaporeon|Shadow Ball|p2a: Annihilape\n|-supereffective|p2a: Annihilape\n|-damage|p2a: Annihilape|0 fnt\n|faint|p2a: Annihilape\n|\n|upkeep\n|\n|t:|1699487527\n|switch|p2a: Grimmsnarl|Grimmsnarl, M, shiny|100\/100\n|turn|4\n|\n|t:|1699487540\n|switch|p1a: Fezandipiti|Fezandipiti, M|100\/100\n|move|p2a: Grimmsnarl|Parting Shot|p1a: Fezandipiti\n|-unboost|p1a: Fezandipiti|atk|1\n|-unboost|p1a: Fezandipiti|spa|1\n|\n|t:|1699487550\n|switch|p2a: Urshifu|Urshifu-Rapid-Strike, F|100\/100|[from] Parting Shot\n|\n|upkeep\n|turn|5\n|\n|t:|1699487567\n|move|p2a: Urshifu|Surging Strikes|p1a: Fezandipiti\n|-crit|p1a: Fezandipiti\n|-damage|p1a: Fezandipiti|80\/100\n|-crit|p1a: Fezandipiti\n|-damage|p1a: Fezandipiti|60\/100\n|-crit|p1a: Fezandipiti\n|-damage|p1a: Fezandipiti|37\/100\n|-hitcount|p1a: Fezandipiti|3\n|move|p1a: Fezandipiti|Play Rough|p2a: Urshifu\n|-supereffective|p2a: Urshifu\n|-damage|p2a: Urshifu|61\/100\n|-status|p2a: Urshifu|tox|[from] ability: Toxic Chain|[of] p1a: Fezandipiti\n|\n|-heal|p1a: Fezandipiti|43\/100|[from] item: Black Sludge\n|-damage|p2a: Urshifu|55\/100 tox|[from] psn\n|upkeep\n|turn|6\n|\n|t:|1699487578\n|switch|p1a: Vaporeon|Vaporeon, F|100\/100\n|move|p2a: Urshifu|Surging Strikes|p1a: Vaporeon\n|-immune|p1a: Vaporeon|[from] ability: Water Absorb\n|\n|-damage|p2a: Urshifu|43\/100 tox|[from] psn\n|upkeep\n|turn|7\n|\n|t:|1699487584\n|switch|p2a: Grimmsnarl|Grimmsnarl, M, shiny|100\/100\n|move|p1a: Vaporeon|Wish|p1a: Vaporeon\n|\n|upkeep\n|turn|8\n|\n|t:|1699487588\n|move|p2a: Grimmsnarl|Thunder Wave|p1a: Vaporeon\n|-status|p1a: Vaporeon|par\n|cant|p1a: Vaporeon|par\n|\n|upkeep\n|turn|9\n|\n|t:|1699487594\n|move|p2a: Grimmsnarl|Spirit Break|p1a: Vaporeon\n|-damage|p1a: Vaporeon|68\/100 par\n|-unboost|p1a: Vaporeon|spa|1\n|move|p1a: Vaporeon|Flip Turn|p2a: Grimmsnarl\n|-damage|p2a: Grimmsnarl|84\/100\n|\n|t:|1699487602\n|switch|p1a: Fezandipiti|Fezandipiti, M|43\/100|[from] Flip Turn\n|\n|-heal|p1a: Fezandipiti|49\/100|[from] item: Black Sludge\n|-heal|p2a: Grimmsnarl|90\/100|[from] item: Leftovers\n|upkeep\n|turn|10\n|\n|t:|1699487613\n|move|p2a: Grimmsnarl|Thunder Wave|p1a: Fezandipiti\n|-status|p1a: Fezandipiti|par\n|move|p1a: Fezandipiti|Toxic|p2a: Grimmsnarl\n|-status|p2a: Grimmsnarl|tox\n|\n|-heal|p2a: Grimmsnarl|96\/100 tox|[from] item: Leftovers\n|-heal|p1a: Fezandipiti|56\/100 par|[from] item: Black Sludge\n|-damage|p2a: Grimmsnarl|90\/100 tox|[from] psn\n|upkeep\n|turn|11\n|\n|t:|1699487621\n|move|p2a: Grimmsnarl|Parting Shot|p1a: Fezandipiti\n|-unboost|p1a: Fezandipiti|atk|1\n|-unboost|p1a: Fezandipiti|spa|1\n|\n|t:|1699487625\n|switch|p2a: Chien-Pao|Chien-Pao|100\/100|[from] Parting Shot\n|-ability|p2a: Chien-Pao|Sword of Ruin\n|move|p1a: Fezandipiti|U-turn|p2a: Chien-Pao\n|-supereffective|p2a: Chien-Pao\n|-damage|p2a: Chien-Pao|73\/100\n|\n|t:|1699487637\n|switch|p1a: Slither Wing|Slither Wing|100\/100|[from] U-turn\n|\n|upkeep\n|turn|12\n|\n|t:|1699487649\n|switch|p2a: Regieleki|Regieleki|100\/100\n|move|p1a: Slither Wing|First Impression|p2a: Regieleki\n|-enditem|p2a: Regieleki|Focus Sash\n|-damage|p2a: Regieleki|1\/100\n|\n|upkeep\n|turn|13\n|\n|t:|1699487656\n|-end|p1a: Slither Wing|Protosynthesis|[silent]\n|switch|p1a: Wo-Chien|Wo-Chien|100\/100\n|-ability|p1a: Wo-Chien|Tablets of Ruin\n|move|p2a: Regieleki|Thunder Wave|p1a: Wo-Chien\n|-status|p1a: Wo-Chien|par\n|\n|upkeep\n|turn|14\n|\n|t:|1699487671\n|move|p2a: Regieleki|Thunder Cage|p1a: Wo-Chien\n|-resisted|p1a: Wo-Chien\n|-damage|p1a: Wo-Chien|90\/100 par\n|-activate|p1a: Wo-Chien|move: Thunder Cage|[of] p2a: Regieleki\n|move|p1a: Wo-Chien|Foul Play|p2a: Regieleki\n|-damage|p2a: Regieleki|0 fnt\n|faint|p2a: Regieleki\n|\n|-heal|p1a: Wo-Chien|96\/100 par|[from] item: Leftovers\n|-end|p1a: Wo-Chien|Thunder Cage|[partiallytrapped]|[silent]\n|upkeep\n|\n|t:|1699487685\n|switch|p2a: Urshifu|Urshifu-Rapid-Strike, F|43\/100 tox\n|turn|15\n|\n|t:|1699487690\n|switch|p1a: Vaporeon|Vaporeon, F|68\/100 par\n|move|p2a: Urshifu|Drain Punch|p1a: Vaporeon\n|-damage|p1a: Vaporeon|6\/100 par\n|-heal|p2a: Urshifu|85\/100 tox|[from] drain|[of] p1a: Vaporeon\n|\n|-heal|p1a: Vaporeon|12\/100 par|[from] item: Leftovers\n|-damage|p2a: Urshifu|79\/100 tox|[from] psn\n|upkeep\n|turn|16\n|\n|t:|1699487700\n|switch|p1a: Fezandipiti|Fezandipiti, M|56\/100 par\n|move|p2a: Urshifu|Drain Punch|p1a: Fezandipiti\n|-resisted|p1a: Fezandipiti\n|-damage|p1a: Fezandipiti|45\/100 par\n|-heal|p2a: Urshifu|84\/100 tox|[from] drain|[of] p1a: Fezandipiti\n|\n|-heal|p1a: Fezandipiti|51\/100 par|[from] item: Black Sludge\n|-damage|p2a: Urshifu|72\/100 tox|[from] psn\n|upkeep\n|turn|17\n|\n|t:|1699487708\n|switch|p2a: Grimmsnarl|Grimmsnarl, M, shiny|90\/100 tox\n|move|p1a: Fezandipiti|U-turn|p2a: Grimmsnarl\n|-damage|p2a: Grimmsnarl|73\/100 tox\n|\n|t:|1699487712\n|switch|p1a: Slither Wing|Slither Wing|100\/100|[from] U-turn\n|\n|-heal|p2a: Grimmsnarl|79\/100 tox|[from] item: Leftovers\n|-damage|p2a: Grimmsnarl|73\/100 tox|[from] psn\n|upkeep\n|turn|18\n|\n|t:|1699487718\n|move|p2a: Grimmsnarl|Thunder Wave|p1a: Slither Wing\n|-status|p1a: Slither Wing|par\n|move|p1a: Slither Wing|U-turn|p2a: Grimmsnarl\n|-damage|p2a: Grimmsnarl|6\/100 tox\n|inactive|KamiGami03 has 120 seconds left.\n|\n|t:|1699487750\n|-end|p1a: Slither Wing|Protosynthesis|[silent]\n|switch|p1a: Sylveon|Sylveon, M|100\/100|[from] U-turn\n|\n|-heal|p2a: Grimmsnarl|12\/100 tox|[from] item: Leftovers\n|-damage|p2a: Grimmsnarl|0 fnt|[from] psn\n|faint|p2a: Grimmsnarl\n|upkeep\n|\n|t:|1699487757\n|switch|p2a: Chien-Pao|Chien-Pao|73\/100\n|-ability|p2a: Chien-Pao|Sword of Ruin\n|turn|19\n|\n|t:|1699487769\n|-terastallize|p1a: Sylveon|Steel\n|move|p2a: Chien-Pao|Icicle Crash|p1a: Sylveon\n|-resisted|p1a: Sylveon\n|-damage|p1a: Sylveon|68\/100\n|move|p1a: Sylveon|Hyper Voice|p2a: Chien-Pao\n|-supereffective|p2a: Chien-Pao\n|-damage|p2a: Chien-Pao|0 fnt\n|faint|p2a: Chien-Pao\n|\n|upkeep\n|\n|t:|1699487774\n|switch|p2a: Urshifu|Urshifu-Rapid-Strike, F|72\/100 tox\n|turn|20\n|\n|t:|1699487789\n|switch|p1a: Wo-Chien|Wo-Chien|100\/100\n|-terastallize|p2a: Urshifu|Water\n|move|p2a: Urshifu|Surging Strikes|p1a: Wo-Chien\n|-crit|p1a: Wo-Chien\n|-damage|p1a: Wo-Chien|12\/100\n|replace|p1a: Zoroark|Zoroark-Hisui, F\n|-end|p1a: Zoroark|Illusion\n|-crit|p1a: Zoroark\n|-damage|p1a: Zoroark|0 fnt\n|faint|p1a: Zoroark\n|-hitcount|p1: Zoroark|2\n|\n|-damage|p2a: Urshifu|66\/100 tox|[from] psn\n|upkeep\n|\n|t:|1699487794\n|switch|p1a: Vaporeon|Vaporeon, F|12\/100 par\n|turn|21\n|\n|t:|1699487798\n|move|p2a: Urshifu|Surging Strikes|p1a: Vaporeon\n|-heal|p1a: Vaporeon|37\/100 par|[from] ability: Water Absorb|[of] p2a: Urshifu\n|move|p1a: Vaporeon|Wish|p1a: Vaporeon\n|\n|-heal|p1a: Vaporeon|43\/100 par|[from] item: Leftovers\n|-damage|p2a: Urshifu|54\/100 tox|[from] psn\n|upkeep\n|turn|22\n|c|\u2606TaranBoska|oh\n|c|\u2606TaranBoska|gg\n|-message|TaranBoska forfeited.\n|\n|win|KamiGami03\n|raw|KamiGami03's rating: 1000 &rarr; <strong>1051<\/strong><br \/>(+51 for winning)\n|raw|TaranBoska's rating: 1101 &rarr; <strong>1069<\/strong><br \/>(-32 for losing)\n|c|\u2606KamiGami03|gg\n|l|\u2606TaranBoska\n","uploadtime":1699487813,"views":15,"p1id":"kamigami03","p2id":"taranboska","formatid":"gen9ubers","rating":1051,"private":0,"password":""}