{"id":"gen9ubers-1984813165","p1":"Toxic6655","p2":"sanner889","format":"[Gen 9] Ubers","log":"|j|\u2606Toxic6655\n|j|\u2606sanner889\n|t:|1699301134\n|gametype|singles\n|player|p1|Toxic6655|266|1013\n|player|p2|sanner889|169|1044\n|teamsize|p1|6\n|teamsize|p2|6\n|gen|9\n|tier|[Gen 9] Ubers\n|rated|\n|rule|Sleep Clause Mod: Limit one foe put to sleep\n|rule|Species Clause: Limit one of each Pok\u00e9mon\n|rule|OHKO Clause: OHKO moves are banned\n|rule|Evasion Items Clause: Evasion items are banned\n|rule|Evasion Moves Clause: Evasion moves are banned\n|rule|Endless Battle Clause: Forcing endless battles is banned\n|rule|HP Percentage Mod: HP is shown in percentages\n|clearpoke\n|poke|p1|Kingambit, M|\n|poke|p1|Annihilape, M|\n|poke|p1|Kyogre|\n|poke|p1|Qwilfish-Hisui, F|\n|poke|p1|Gyarados, F|\n|poke|p1|Urshifu-*, M|\n|poke|p2|Baxcalibur, F|\n|poke|p2|Toxapex, M|\n|poke|p2|Toxicroak, M|\n|poke|p2|Arceus-Dark|\n|poke|p2|Brambleghast, M|\n|poke|p2|Tinkaton, F|\n|teampreview\n|\n|t:|1699301154\n|start\n|switch|p1a: Qwilfish|Qwilfish-Hisui, F|100\/100\n|switch|p2a: Tinkaton|Tinkaton, F|100\/100\n|-ability|p2a: Tinkaton|Mold Breaker\n|turn|1\n|\n|t:|1699301170\n|move|p1a: Qwilfish|Toxic Spikes|p2a: Tinkaton\n|-sidestart|p2: sanner889|move: Toxic Spikes\n|move|p2a: Tinkaton|Reflect|p2a: Tinkaton\n|-sidestart|p2: sanner889|Reflect\n|\n|upkeep\n|turn|2\n|\n|t:|1699301175\n|move|p1a: Qwilfish|Toxic Spikes|p2a: Tinkaton\n|-sidestart|p2: sanner889|move: Toxic Spikes\n|move|p2a: Tinkaton|Light Screen|p2a: Tinkaton\n|-sidestart|p2: sanner889|move: Light Screen\n|\n|upkeep\n|turn|3\n|\n|t:|1699301181\n|switch|p2a: Brambleghast|Brambleghast, M|100\/100\n|-status|p2a: Brambleghast|tox\n|move|p1a: Qwilfish|Substitute|p1a: Qwilfish\n|-start|p1a: Qwilfish|Substitute\n|-damage|p1a: Qwilfish|76\/100\n|\n|-damage|p2a: Brambleghast|94\/100 tox|[from] psn\n|upkeep\n|turn|4\n|\n|t:|1699301192\n|move|p1a: Qwilfish|Aqua Jet|p2a: Brambleghast\n|-resisted|p2a: Brambleghast\n|-damage|p2a: Brambleghast|91\/100 tox\n|move|p2a: Brambleghast|Rapid Spin|p1a: Qwilfish\n|-damage|p1a: Qwilfish|60\/100\n|-boost|p2a: Brambleghast|spe|1\n|-sideend|p2: sanner889|Toxic Spikes|[from] move: Rapid Spin|[of] p2a: Brambleghast\n|\n|-heal|p2a: Brambleghast|97\/100 tox|[from] item: Leftovers\n|-damage|p2a: Brambleghast|85\/100 tox|[from] psn\n|upkeep\n|turn|5\n|\n|t:|1699301208\n|switch|p2a: Baxcalibur|Baxcalibur, F|100\/100\n|move|p1a: Qwilfish|Toxic Spikes|p2a: Baxcalibur\n|-sidestart|p2: sanner889|move: Toxic Spikes\n|\n|-sideend|p2: sanner889|Reflect\n|upkeep\n|turn|6\n|\n|t:|1699301217\n|move|p1a: Qwilfish|Toxic Spikes|p2a: Baxcalibur\n|-sidestart|p2: sanner889|move: Toxic Spikes\n|move|p2a: Baxcalibur|Dragon Dance|p2a: Baxcalibur\n|-boost|p2a: Baxcalibur|atk|1\n|-boost|p2a: Baxcalibur|spe|1\n|\n|-sideend|p2: sanner889|move: Light Screen\n|upkeep\n|turn|7\n|\n|t:|1699301235\n|move|p1a: Qwilfish|Aqua Jet|p2a: Baxcalibur\n|-resisted|p2a: Baxcalibur\n|-damage|p2a: Baxcalibur|96\/100\n|move|p2a: Baxcalibur|Icicle Spear|p1a: Qwilfish\n|-end|p1a: Qwilfish|Substitute\n|-damage|p1a: Qwilfish|36\/100\n|-damage|p1a: Qwilfish|12\/100\n|-damage|p1a: Qwilfish|0 fnt\n|faint|p1a: Qwilfish\n|-hitcount|p1: Qwilfish|4\n|\n|upkeep\n|\n|t:|1699301247\n|switch|p1a: Annihilape|Annihilape, M|100\/100\n|turn|8\n|\n|t:|1699301264\n|switch|p2a: Toxapex|Toxapex, M|100\/100\n|-sideend|p2: sanner889|move: Toxic Spikes|[of] p2a: Toxapex\n|move|p1a: Annihilape|Cross Chop|p2a: Toxapex\n|-resisted|p2a: Toxapex\n|-crit|p2a: Toxapex\n|-damage|p2a: Toxapex|72\/100\n|-damage|p1a: Annihilape|84\/100|[from] item: Rocky Helmet|[of] p2a: Toxapex\n|\n|upkeep\n|turn|9\n|\n|t:|1699301274\n|move|p1a: Annihilape|Bulk Up|p1a: Annihilape\n|-boost|p1a: Annihilape|atk|1\n|-boost|p1a: Annihilape|def|1\n|move|p2a: Toxapex|Toxic|p1a: Annihilape\n|-status|p1a: Annihilape|tox\n|\n|-damage|p1a: Annihilape|78\/100 tox|[from] psn\n|upkeep\n|turn|10\n|\n|t:|1699301292\n|move|p1a: Annihilape|Cross Chop|p2a: Toxapex\n|-resisted|p2a: Toxapex\n|-crit|p2a: Toxapex\n|-damage|p2a: Toxapex|30\/100\n|-damage|p1a: Annihilape|61\/100 tox|[from] item: Rocky Helmet|[of] p2a: Toxapex\n|move|p2a: Toxapex|Haze|p2a: Toxapex\n|-clearallboost\n|\n|-damage|p1a: Annihilape|49\/100 tox|[from] psn\n|upkeep\n|turn|11\n|\n|t:|1699301304\n|switch|p2a: Brambleghast|Brambleghast, M|85\/100 tox\n|move|p1a: Annihilape|Cross Chop|p2a: Brambleghast\n|-immune|p2a: Brambleghast\n|\n|-heal|p2a: Brambleghast|91\/100 tox|[from] item: Leftovers\n|-damage|p2a: Brambleghast|85\/100 tox|[from] psn\n|-damage|p1a: Annihilape|31\/100 tox|[from] psn\n|upkeep\n|turn|12\n|\n|t:|1699301314\n|move|p2a: Brambleghast|Rapid Spin|p1a: Annihilape\n|-immune|p1a: Annihilape\n|move|p1a: Annihilape|Close Combat|p2a: Brambleghast\n|-immune|p2a: Brambleghast\n|\n|-heal|p2a: Brambleghast|91\/100 tox|[from] item: Leftovers\n|-damage|p2a: Brambleghast|79\/100 tox|[from] psn\n|-damage|p1a: Annihilape|7\/100 tox|[from] psn\n|upkeep\n|turn|13\n|\n|t:|1699301330\n|switch|p1a: Kyogre|Kyogre, shiny|100\/100\n|-weather|RainDance|[from] ability: Drizzle|[of] p1a: Kyogre\n|move|p2a: Brambleghast|Leech Seed|p1a: Kyogre\n|-start|p1a: Kyogre|move: Leech Seed\n|\n|-weather|RainDance|[upkeep]\n|-heal|p2a: Brambleghast|85\/100 tox|[from] item: Leftovers\n|-damage|p1a: Kyogre|88\/100|[from] Leech Seed|[of] p2a: Brambleghast\n|-heal|p2a: Brambleghast|99\/100 tox|[silent]\n|-damage|p2a: Brambleghast|81\/100 tox|[from] psn\n|upkeep\n|turn|14\n|\n|t:|1699301344\n|move|p2a: Brambleghast|Leech Seed||[still]\n|-fail|p2a: Brambleghast\n|move|p1a: Kyogre|Thunder|p2a: Brambleghast\n|-resisted|p2a: Brambleghast\n|-damage|p2a: Brambleghast|53\/100 tox\n|\n|-weather|RainDance|[upkeep]\n|-heal|p2a: Brambleghast|59\/100 tox|[from] item: Leftovers\n|-damage|p1a: Kyogre|76\/100|[from] Leech Seed|[of] p2a: Brambleghast\n|-heal|p2a: Brambleghast|73\/100 tox|[silent]\n|-damage|p2a: Brambleghast|49\/100 tox|[from] psn\n|upkeep\n|turn|15\n|\n|t:|1699301366\n|switch|p2a: Tinkaton|Tinkaton, F|100\/100\n|-ability|p2a: Tinkaton|Mold Breaker\n|move|p1a: Kyogre|Thunder|p2a: Tinkaton\n|-damage|p2a: Tinkaton|57\/100\n|\n|-weather|RainDance|[upkeep]\n|-heal|p2a: Tinkaton|63\/100|[from] item: Leftovers\n|-damage|p1a: Kyogre|64\/100|[from] Leech Seed|[of] p2a: Tinkaton\n|-heal|p2a: Tinkaton|77\/100|[silent]\n|upkeep\n|turn|16\n|\n|t:|1699301383\n|move|p2a: Tinkaton|Light Screen|p2a: Tinkaton\n|-sidestart|p2: sanner889|move: Light Screen\n|move|p1a: Kyogre|Scary Face|p2a: Tinkaton\n|-unboost|p2a: Tinkaton|spe|2\n|\n|-weather|RainDance|[upkeep]\n|-heal|p2a: Tinkaton|83\/100|[from] item: Leftovers\n|-damage|p1a: Kyogre|51\/100|[from] Leech Seed|[of] p2a: Tinkaton\n|-heal|p2a: Tinkaton|97\/100|[silent]\n|upkeep\n|turn|17\n|\n|t:|1699301392\n|move|p1a: Kyogre|Scary Face|p2a: Tinkaton\n|-unboost|p2a: Tinkaton|spe|2\n|move|p2a: Tinkaton|Reflect|p2a: Tinkaton\n|-sidestart|p2: sanner889|Reflect\n|\n|-weather|none\n|-heal|p2a: Tinkaton|100\/100|[from] item: Leftovers\n|-damage|p1a: Kyogre|39\/100|[from] Leech Seed|[of] p2a: Tinkaton\n|upkeep\n|turn|18\n|\n|t:|1699301402\n|switch|p2a: Baxcalibur|Baxcalibur, F|96\/100\n|move|p1a: Kyogre|Ancient Power|p2a: Baxcalibur\n|-supereffective|p2a: Baxcalibur\n|-damage|p2a: Baxcalibur|71\/100\n|\n|-damage|p1a: Kyogre|27\/100|[from] Leech Seed|[of] p2a: Baxcalibur\n|-heal|p2a: Baxcalibur|84\/100|[silent]\n|upkeep\n|turn|19\n|\n|t:|1699301411\n|move|p2a: Baxcalibur|Dragon Dance|p2a: Baxcalibur\n|-boost|p2a: Baxcalibur|atk|1\n|-boost|p2a: Baxcalibur|spe|1\n|move|p1a: Kyogre|Thunder|p2a: Baxcalibur\n|-resisted|p2a: Baxcalibur\n|-damage|p2a: Baxcalibur|72\/100\n|\n|-damage|p1a: Kyogre|14\/100|[from] Leech Seed|[of] p2a: Baxcalibur\n|-heal|p2a: Baxcalibur|85\/100|[silent]\n|upkeep\n|turn|20\n|\n|t:|1699301424\n|move|p2a: Baxcalibur|Scale Shot|p1a: Kyogre|[miss]\n|-miss|p2a: Baxcalibur|p1a: Kyogre\n|move|p1a: Kyogre|Ancient Power|p2a: Baxcalibur\n|-supereffective|p2a: Baxcalibur\n|-damage|p2a: Baxcalibur|62\/100\n|\n|-damage|p1a: Kyogre|2\/100|[from] Leech Seed|[of] p2a: Baxcalibur\n|-heal|p2a: Baxcalibur|74\/100|[silent]\n|-sideend|p2: sanner889|move: Light Screen\n|upkeep\n|turn|21\n|\n|t:|1699301436\n|move|p2a: Baxcalibur|Scale Shot|p1a: Kyogre|[miss]\n|-miss|p2a: Baxcalibur|p1a: Kyogre\n|move|p1a: Kyogre|Scary Face|p2a: Baxcalibur\n|-unboost|p2a: Baxcalibur|spe|2\n|\n|-damage|p1a: Kyogre|0 fnt|[from] Leech Seed|[of] p2a: Baxcalibur\n|-heal|p2a: Baxcalibur|76\/100|[silent]\n|faint|p1a: Kyogre\n|-sideend|p2: sanner889|Reflect\n|upkeep\n|\n|t:|1699301445\n|switch|p1a: Annihilape|Annihilape, M|7\/100 tox\n|turn|22\n|\n|t:|1699301458\n|switch|p2a: Tinkaton|Tinkaton, F|100\/100\n|-ability|p2a: Tinkaton|Mold Breaker\n|move|p1a: Annihilape|Close Combat|p2a: Tinkaton\n|-damage|p2a: Tinkaton|35\/100\n|-unboost|p1a: Annihilape|def|1\n|-unboost|p1a: Annihilape|spd|1\n|\n|-heal|p2a: Tinkaton|41\/100|[from] item: Leftovers\n|-damage|p1a: Annihilape|1\/100 tox|[from] psn\n|upkeep\n|turn|23\n|\n|t:|1699301484\n|move|p2a: Tinkaton|Draining Kiss|p1a: Annihilape\n|-supereffective|p1a: Annihilape\n|-damage|p1a: Annihilape|0 fnt\n|-heal|p2a: Tinkaton|41\/100|[from] drain|[of] p1a: Annihilape\n|faint|p1a: Annihilape\n|\n|-heal|p2a: Tinkaton|47\/100|[from] item: Leftovers\n|upkeep\n|\n|t:|1699301491\n|switch|p1a: Gyarados|Gyarados, F, shiny|100\/100\n|turn|24\n|\n|t:|1699301496\n|switch|p2a: Brambleghast|Brambleghast, M|49\/100 tox\n|move|p1a: Gyarados|Earthquake|p2a: Brambleghast\n|-resisted|p2a: Brambleghast\n|-damage|p2a: Brambleghast|31\/100 tox\n|\n|-heal|p2a: Brambleghast|37\/100 tox|[from] item: Leftovers\n|-damage|p2a: Brambleghast|31\/100 tox|[from] psn\n|upkeep\n|turn|25\n|\n|t:|1699301508\n|move|p2a: Brambleghast|Leech Seed|p1a: Gyarados\n|-start|p1a: Gyarados|move: Leech Seed\n|move|p1a: Gyarados|Hurricane|p2a: Brambleghast|[miss]\n|-miss|p1a: Gyarados|p2a: Brambleghast\n|\n|-heal|p2a: Brambleghast|37\/100 tox|[from] item: Leftovers\n|-damage|p1a: Gyarados|88\/100|[from] Leech Seed|[of] p2a: Brambleghast\n|-heal|p2a: Brambleghast|51\/100 tox|[silent]\n|-damage|p2a: Brambleghast|39\/100 tox|[from] psn\n|upkeep\n|turn|26\n|\n|t:|1699301533\n|switch|p2a: Tinkaton|Tinkaton, F|47\/100\n|-ability|p2a: Tinkaton|Mold Breaker\n|move|p1a: Gyarados|Hurricane|p2a: Tinkaton\n|-resisted|p2a: Tinkaton\n|-damage|p2a: Tinkaton|30\/100\n|\n|-heal|p2a: Tinkaton|36\/100|[from] item: Leftovers\n|-damage|p1a: Gyarados|76\/100|[from] Leech Seed|[of] p2a: Tinkaton\n|-heal|p2a: Tinkaton|50\/100|[silent]\n|upkeep\n|turn|27\n|\n|t:|1699301547\n|-terastallize|p1a: Gyarados|Water\n|move|p2a: Tinkaton|Draining Kiss|p1a: Gyarados\n|-damage|p1a: Gyarados|61\/100\n|-heal|p2a: Tinkaton|63\/100|[from] drain|[of] p1a: Gyarados\n|move|p1a: Gyarados|Tera Blast|p2a: Tinkaton|[anim] Tera Blast Water\n|-damage|p2a: Tinkaton|14\/100\n|\n|-heal|p2a: Tinkaton|20\/100|[from] item: Leftovers\n|-damage|p1a: Gyarados|49\/100|[from] Leech Seed|[of] p2a: Tinkaton\n|-heal|p2a: Tinkaton|34\/100|[silent]\n|upkeep\n|turn|28\n|\n|t:|1699301567\n|switch|p2a: Toxapex|Toxapex, M|63\/100\n|move|p1a: Gyarados|Tera Blast|p2a: Toxapex|[anim] Tera Blast Water\n|-resisted|p2a: Toxapex\n|-damage|p2a: Toxapex|49\/100\n|\n|-damage|p1a: Gyarados|36\/100|[from] Leech Seed|[of] p2a: Toxapex\n|-heal|p2a: Toxapex|63\/100|[silent]\n|upkeep\n|turn|29\n|\n|t:|1699301577\n|move|p1a: Gyarados|Hurricane|p2a: Toxapex\n|-damage|p2a: Toxapex|39\/100\n|-start|p2a: Toxapex|confusion\n|-activate|p2a: Toxapex|confusion\n|-damage|p2a: Toxapex|34\/100|[from] confusion\n|\n|-damage|p1a: Gyarados|24\/100|[from] Leech Seed|[of] p2a: Toxapex\n|-heal|p2a: Toxapex|49\/100|[silent]\n|upkeep\n|turn|30\n|\n|t:|1699301594\n|switch|p2a: Arceus|Arceus-Dark|100\/100\n|move|p1a: Gyarados|Dragon Dance|p1a: Gyarados\n|-boost|p1a: Gyarados|atk|1\n|-boost|p1a: Gyarados|spe|1\n|\n|-damage|p1a: Gyarados|11\/100|[from] Leech Seed|[of] p2a: Arceus\n|upkeep\n|turn|31\n|\n|t:|1699301606\n|move|p2a: Arceus|Extreme Speed|p1a: Gyarados\n|-damage|p1a: Gyarados|0 fnt\n|faint|p1a: Gyarados\n|\n|upkeep\n|\n|t:|1699301611\n|switch|p1a: Urshifu|Urshifu, M|100\/100\n|turn|32\n|\n|t:|1699301632\n|switch|p2a: Toxicroak|Toxicroak, M|100\/100\n|move|p1a: Urshifu|Iron Defense|p1a: Urshifu\n|-boost|p1a: Urshifu|def|2\n|\n|upkeep\n|turn|33\n|\n|t:|1699301644\n|move|p1a: Urshifu|Body Press|p2a: Toxicroak\n|-resisted|p2a: Toxicroak\n|-damage|p2a: Toxicroak|60\/100\n|move|p2a: Toxicroak|Swords Dance|p2a: Toxicroak\n|-boost|p2a: Toxicroak|atk|2\n|\n|upkeep\n|turn|34\n|\n|t:|1699301663\n|move|p1a: Urshifu|Body Press|p2a: Toxicroak\n|-resisted|p2a: Toxicroak\n|-damage|p2a: Toxicroak|16\/100\n|move|p2a: Toxicroak|Drain Punch|p1a: Urshifu\n|-supereffective|p1a: Urshifu\n|-damage|p1a: Urshifu|42\/100\n|-heal|p2a: Toxicroak|44\/100|[from] drain|[of] p1a: Urshifu\n|\n|upkeep\n|turn|35\n|\n|t:|1699301685\n|switch|p2a: Toxapex|Toxapex, M|82\/100\n|move|p1a: Urshifu|Drain Punch|p2a: Toxapex\n|-resisted|p2a: Toxapex\n|-damage|p2a: Toxapex|67\/100\n|-heal|p1a: Urshifu|49\/100|[from] drain|[of] p2a: Toxapex\n|-damage|p1a: Urshifu|33\/100|[from] item: Rocky Helmet|[of] p2a: Toxapex\n|\n|upkeep\n|turn|36\n|\n|t:|1699301694\n|move|p1a: Urshifu|Body Press|p2a: Toxapex\n|-resisted|p2a: Toxapex\n|-damage|p2a: Toxapex|39\/100\n|-damage|p1a: Urshifu|17\/100|[from] item: Rocky Helmet|[of] p2a: Toxapex\n|move|p2a: Toxapex|Toxic|p1a: Urshifu\n|-status|p1a: Urshifu|tox\n|\n|-damage|p1a: Urshifu|10\/100 tox|[from] psn\n|upkeep\n|turn|37\n|\n|t:|1699301708\n|switch|p2a: Arceus|Arceus-Dark|100\/100\n|move|p1a: Urshifu|Body Press|p2a: Arceus\n|-supereffective|p2a: Arceus\n|-crit|p2a: Arceus\n|-damage|p2a: Arceus|0 fnt\n|faint|p2a: Arceus\n|\n|-damage|p1a: Urshifu|0 fnt|[from] psn\n|faint|p1a: Urshifu\n|upkeep\n|\n|t:|1699301722\n|switch|p2a: Baxcalibur|Baxcalibur, F|76\/100\n|switch|p1a: Kingambit|Kingambit, M, shiny|100\/100\n|-activate|p1a: Kingambit|ability: Supreme Overlord\n|-start|p1a: Kingambit|fallen5|[silent]\n|turn|38\n|-activate|p1a: Kingambit|item: Quick Claw\n|\n|t:|1699301730\n|move|p1a: Kingambit|Sucker Punch||[still]\n|-fail|p1a: Kingambit\n|move|p2a: Baxcalibur|Dragon Dance|p2a: Baxcalibur\n|-boost|p2a: Baxcalibur|atk|1\n|-boost|p2a: Baxcalibur|spe|1\n|\n|upkeep\n|turn|39\n|\n|t:|1699301746\n|move|p1a: Kingambit|Sucker Punch|p2a: Baxcalibur\n|-damage|p2a: Baxcalibur|25\/100\n|move|p2a: Baxcalibur|Earthquake|p1a: Kingambit\n|-supereffective|p1a: Kingambit\n|-damage|p1a: Kingambit|22\/100\n|\n|upkeep\n|turn|40\n|\n|t:|1699301772\n|move|p1a: Kingambit|Sucker Punch|p2a: Baxcalibur\n|-damage|p2a: Baxcalibur|0 fnt\n|faint|p2a: Baxcalibur\n|\n|upkeep\n|\n|t:|1699301777\n|switch|p2a: Toxicroak|Toxicroak, M|44\/100\n|turn|41\n|\n|t:|1699301782\n|move|p2a: Toxicroak|Drain Punch|p1a: Kingambit\n|-supereffective|p1a: Kingambit\n|-damage|p1a: Kingambit|0 fnt\n|-heal|p2a: Toxicroak|56\/100|[from] drain|[of] p1a: Kingambit\n|faint|p1a: Kingambit\n|-end|p1a: Kingambit|fallen5|[silent]\n|\n|win|sanner889\n|raw|Toxic6655's rating: 1013 &rarr; <strong>1002<\/strong><br \/>(-11 for losing)\n|raw|sanner889's rating: 1044 &rarr; <strong>1074<\/strong><br \/>(+30 for winning)\n|c|\u2606Toxic6655|gg\n|l|\u2606Toxic6655\n","uploadtime":1699301794,"views":8,"p1id":"toxic6655","p2id":"sanner889","formatid":"gen9ubers","rating":1002,"private":0,"password":""}