{"id":"gen9ubers-1983695576","p1":"SadaShidz\ufe0f","p2":"Deepbluesee","format":"[Gen 9] Ubers","log":"|j|\u2606SadaShidz\ufe0f\n|j|\u2606Deepbluesee\n|t:|1699162408\n|gametype|singles\n|player|p1|SadaShidz\ufe0f|sada-ai|1170\n|player|p2|Deepbluesee|marnie|1293\n|teamsize|p1|6\n|teamsize|p2|6\n|gen|9\n|tier|[Gen 9] Ubers\n|rated|\n|rule|Sleep Clause Mod: Limit one foe put to sleep\n|rule|Species Clause: Limit one of each Pok\u00e9mon\n|rule|OHKO Clause: OHKO moves are banned\n|rule|Evasion Items Clause: Evasion items are banned\n|rule|Evasion Moves Clause: Evasion moves are banned\n|rule|Endless Battle Clause: Forcing endless battles is banned\n|rule|HP Percentage Mod: HP is shown in percentages\n|clearpoke\n|poke|p1|Chien-Pao|\n|poke|p1|Ogerpon-Hearthflame, F|\n|poke|p1|Arceus-Ghost|\n|poke|p1|Iron Valiant|\n|poke|p1|Great Tusk|\n|poke|p1|Koraidon|\n|poke|p2|Kyogre|\n|poke|p2|Arceus|\n|poke|p2|Koraidon|\n|poke|p2|Shaymin-Sky|\n|poke|p2|Espathra, F|\n|poke|p2|Magearna|\n|teampreview\n|inactive|Battle timer is ON: inactive players will automatically lose when time's up. (requested by Deepbluesee)\n|\n|t:|1699162417\n|start\n|switch|p1a: Yamz|Arceus-Ghost, shiny|100\/100\n|switch|p2a: Koraidon|Koraidon|100\/100\n|-weather|SunnyDay|[from] ability: Orichalcum Pulse|[of] p2a: Koraidon\n|-activate|p2a: Koraidon|Orichalcum Pulse|[source]\n|turn|1\n|\n|t:|1699162421\n|move|p2a: Koraidon|U-turn|p1a: Yamz\n|-resisted|p1a: Yamz\n|-damage|p1a: Yamz|90\/100\n|\n|t:|1699162427\n|switch|p2a: Shaymin|Shaymin-Sky|100\/100|[from] U-turn\n|move|p1a: Yamz|Judgment|p2a: Shaymin\n|-damage|p2a: Shaymin|41\/100\n|\n|-weather|SunnyDay|[upkeep]\n|upkeep\n|turn|2\n|\n|t:|1699162436\n|move|p2a: Shaymin|Air Slash|p1a: Yamz\n|-crit|p1a: Yamz\n|-damage|p1a: Yamz|54\/100\n|cant|p1a: Yamz|flinch\n|\n|-weather|SunnyDay|[upkeep]\n|upkeep\n|turn|3\n|\n|t:|1699162441\n|move|p2a: Shaymin|Air Slash|p1a: Yamz\n|-damage|p1a: Yamz|29\/100\n|move|p1a: Yamz|Judgment|p2a: Shaymin\n|-damage|p2a: Shaymin|0 fnt\n|faint|p2a: Shaymin\n|\n|-weather|SunnyDay|[upkeep]\n|upkeep\n|\n|t:|1699162447\n|switch|p2a: Magearna|Magearna|100\/100\n|turn|4\n|\n|t:|1699162451\n|move|p1a: Yamz|Calm Mind|p1a: Yamz\n|-boost|p1a: Yamz|spa|1\n|-boost|p1a: Yamz|spd|1\n|move|p2a: Magearna|Shift Gear|p2a: Magearna\n|-boost|p2a: Magearna|spe|2\n|-boost|p2a: Magearna|atk|1\n|\n|-weather|SunnyDay|[upkeep]\n|upkeep\n|turn|5\n|\n|t:|1699162454\n|move|p1a: Yamz|Recover|p1a: Yamz\n|-heal|p1a: Yamz|79\/100\n|move|p2a: Magearna|Shift Gear|p2a: Magearna\n|-boost|p2a: Magearna|spe|2\n|-boost|p2a: Magearna|atk|1\n|\n|-weather|none\n|upkeep\n|turn|6\n|\n|t:|1699162456\n|move|p2a: Magearna|Calm Mind|p2a: Magearna\n|-boost|p2a: Magearna|spa|1\n|-boost|p2a: Magearna|spd|1\n|move|p1a: Yamz|Calm Mind|p1a: Yamz\n|-boost|p1a: Yamz|spa|1\n|-boost|p1a: Yamz|spd|1\n|\n|upkeep\n|turn|7\n|\n|t:|1699162461\n|move|p2a: Magearna|Calm Mind|p2a: Magearna\n|-boost|p2a: Magearna|spa|1\n|-boost|p2a: Magearna|spd|1\n|move|p1a: Yamz|Judgment|p2a: Magearna\n|-damage|p2a: Magearna|59\/100\n|\n|-heal|p2a: Magearna|65\/100|[from] item: Leftovers\n|upkeep\n|turn|8\n|\n|t:|1699162463\n|move|p2a: Magearna|Stored Power|p1a: Yamz\n|-damage|p1a: Yamz|28\/100\n|move|p1a: Yamz|Judgment|p2a: Magearna\n|-damage|p2a: Magearna|23\/100\n|\n|-heal|p2a: Magearna|29\/100|[from] item: Leftovers\n|upkeep\n|turn|9\n|\n|t:|1699162467\n|move|p2a: Magearna|Stored Power|p1a: Yamz\n|-damage|p1a: Yamz|0 fnt\n|faint|p1a: Yamz\n|-ability|p2a: Magearna|Soul-Heart|boost\n|-boost|p2a: Magearna|spa|1\n|\n|-heal|p2a: Magearna|35\/100|[from] item: Leftovers\n|upkeep\n|\n|t:|1699162480\n|switch|p1a: XJ9|Iron Valiant|100\/100\n|-enditem|p1a: XJ9|Booster Energy\n|-activate|p1a: XJ9|ability: Quark Drive|[fromitem]\n|-start|p1a: XJ9|quarkdrivespe\n|turn|10\n|\n|t:|1699162485\n|move|p1a: XJ9|Destiny Bond|p1a: XJ9\n|-singlemove|p1a: XJ9|Destiny Bond\n|move|p2a: Magearna|Stored Power|p1a: XJ9\n|-supereffective|p1a: XJ9\n|-damage|p1a: XJ9|0 fnt\n|faint|p1a: XJ9\n|-ability|p2a: Magearna|Soul-Heart|boost\n|-boost|p2a: Magearna|spa|1\n|-activate|p1a: XJ9|move: Destiny Bond\n|-end|p1a: XJ9|Quark Drive|[silent]\n|faint|p2a: Magearna\n|\n|upkeep\n|\n|t:|1699162496\n|switch|p1a: Tai Long|Chien-Pao|100\/100\n|switch|p2a: Arceus|Arceus, shiny|100\/100\n|-ability|p1a: Tai Long|Sword of Ruin\n|turn|11\n|\n|t:|1699162505\n|move|p1a: Tai Long|Sacred Sword|p2a: Arceus\n|-supereffective|p2a: Arceus\n|-damage|p2a: Arceus|47\/100\n|move|p2a: Arceus|Swords Dance|p2a: Arceus\n|-boost|p2a: Arceus|atk|2\n|\n|-heal|p2a: Arceus|53\/100|[from] item: Leftovers\n|upkeep\n|turn|12\n|\n|t:|1699162517\n|-terastallize|p1a: Tai Long|Ghost\n|move|p2a: Arceus|Extreme Speed|p1a: Tai Long\n|-immune|p1a: Tai Long\n|move|p1a: Tai Long|Sacred Sword|p2a: Arceus\n|-supereffective|p2a: Arceus\n|-damage|p2a: Arceus|6\/100\n|\n|-heal|p2a: Arceus|12\/100|[from] item: Leftovers\n|upkeep\n|turn|13\n|\n|t:|1699162524\n|-terastallize|p2a: Arceus|Ghost\n|move|p1a: Tai Long|Ice Shard|p2a: Arceus\n|-damage|p2a: Arceus|0 fnt\n|faint|p2a: Arceus\n|\n|upkeep\n|\n|t:|1699162532\n|switch|p2a: Kyogre|Kyogre|100\/100\n|-weather|RainDance|[from] ability: Drizzle|[of] p2a: Kyogre\n|turn|14\n|\n|t:|1699162537\n|switch|p1a: Type Bike|Koraidon|100\/100\n|-weather|SunnyDay|[from] ability: Orichalcum Pulse|[of] p1a: Type Bike\n|-activate|p1a: Type Bike|Orichalcum Pulse|[source]\n|move|p2a: Kyogre|Water Spout|p1a: Type Bike\n|-resisted|p1a: Type Bike\n|-damage|p1a: Type Bike|79\/100\n|\n|-weather|SunnyDay|[upkeep]\n|upkeep\n|turn|15\n|\n|t:|1699162547\n|switch|p2a: Koraidon|Koraidon|100\/100\n|-activate|p2a: Koraidon|ability: Orichalcum Pulse\n|move|p1a: Type Bike|Flame Charge|p2a: Koraidon\n|-resisted|p2a: Koraidon\n|-damage|p2a: Koraidon|85\/100\n|-boost|p1a: Type Bike|spe|1\n|\n|-weather|SunnyDay|[upkeep]\n|upkeep\n|turn|16\n|\n|t:|1699162551\n|move|p1a: Type Bike|Scale Shot|p2a: Koraidon\n|-supereffective|p2a: Koraidon\n|-damage|p2a: Koraidon|54\/100\n|-supereffective|p2a: Koraidon\n|-damage|p2a: Koraidon|24\/100\n|-supereffective|p2a: Koraidon\n|-damage|p2a: Koraidon|0 fnt\n|faint|p2a: Koraidon\n|-hitcount|p2: Koraidon|3\n|-unboost|p1a: Type Bike|def|1\n|-boost|p1a: Type Bike|spe|1\n|\n|-weather|SunnyDay|[upkeep]\n|upkeep\n|\n|t:|1699162556\n|switch|p2a: Espathra|Espathra, F|100\/100\n|turn|17\n|\n|t:|1699162564\n|move|p2a: Espathra|Protect|p2a: Espathra\n|-singleturn|p2a: Espathra|Protect\n|move|p1a: Type Bike|Scale Shot|p2a: Espathra\n|-activate|p2a: Espathra|move: Protect\n|\n|-weather|SunnyDay|[upkeep]\n|-ability|p2a: Espathra|Speed Boost|boost\n|-boost|p2a: Espathra|spe|1\n|upkeep\n|turn|18\n|\n|t:|1699162568\n|move|p1a: Type Bike|Scale Shot|p2a: Espathra\n|-damage|p2a: Espathra|71\/100\n|-damage|p2a: Espathra|46\/100\n|-damage|p2a: Espathra|16\/100\n|-damage|p2a: Espathra|0 fnt\n|faint|p2a: Espathra\n|-hitcount|p2: Espathra|4\n|-unboost|p1a: Type Bike|def|1\n|-boost|p1a: Type Bike|spe|1\n|\n|-weather|none\n|upkeep\n|\n|t:|1699162571\n|switch|p2a: Kyogre|Kyogre|100\/100\n|-weather|RainDance|[from] ability: Drizzle|[of] p2a: Kyogre\n|turn|19\n|\n|t:|1699162578\n|switch|p1a: BigFatBone|Great Tusk|100\/100\n|-enditem|p1a: BigFatBone|Booster Energy\n|-activate|p1a: BigFatBone|ability: Protosynthesis|[fromitem]\n|-start|p1a: BigFatBone|protosynthesisatk\n|move|p2a: Kyogre|Ice Beam|p1a: BigFatBone\n|-supereffective|p1a: BigFatBone\n|-damage|p1a: BigFatBone|0 fnt\n|faint|p1a: BigFatBone\n|-end|p1a: BigFatBone|Protosynthesis|[silent]\n|\n|-weather|RainDance|[upkeep]\n|upkeep\n|\n|t:|1699162579\n|switch|p1a: Type Bike|Koraidon|79\/100\n|-weather|SunnyDay|[from] ability: Orichalcum Pulse|[of] p1a: Type Bike\n|-activate|p1a: Type Bike|Orichalcum Pulse|[source]\n|turn|20\n|\n|t:|1699162585\n|move|p2a: Kyogre|Ice Beam|p1a: Type Bike\n|-supereffective|p1a: Type Bike\n|-damage|p1a: Type Bike|15\/100\n|move|p1a: Type Bike|Collision Course|p2a: Kyogre\n|-damage|p2a: Kyogre|26\/100\n|\n|-weather|SunnyDay|[upkeep]\n|upkeep\n|turn|21\n|\n|t:|1699162593\n|move|p2a: Kyogre|Ice Beam|p1a: Type Bike\n|-supereffective|p1a: Type Bike\n|-damage|p1a: Type Bike|0 fnt\n|faint|p1a: Type Bike\n|\n|-weather|SunnyDay|[upkeep]\n|upkeep\n|\n|t:|1699162594\n|switch|p1a: Fioni|Ogerpon-Hearthflame, F|100\/100\n|-ability|p1a: Fioni|Mold Breaker\n|turn|22\n|\n|t:|1699162598\n|move|p2a: Kyogre|Ice Beam|p1a: Fioni\n|-damage|p1a: Fioni|60\/100\n|move|p1a: Fioni|Ivy Cudgel|p2a: Kyogre\n|-resisted|p2a: Kyogre\n|-damage|p2a: Kyogre|0 fnt\n|faint|p2a: Kyogre\n|\n|win|SadaShidz\ufe0f\n|raw|SadaShidz\ufe0f's rating: 1170 &rarr; <strong>1203<\/strong><br \/>(+33 for winning)\n|raw|Deepbluesee's rating: 1293 &rarr; <strong>1260<\/strong><br \/>(-33 for losing)\n|l|\u2606Deepbluesee\n|c|\u2606SadaShidz\ufe0f|Gg\n","uploadtime":1699162612,"views":9,"p1id":"sadashidz","p2id":"deepbluesee","formatid":"gen9ubers","rating":1203,"private":0,"password":""}