{"id":"gen9ubers-1996434309","p1":"Nugget O Silver","p2":"Rei_darkness","format":"[Gen 9] Ubers","log":"|j|\u2606Nugget O Silver\n|j|\u2606Rei_darkness\n|t:|1700681650\n|gametype|singles\n|player|p1|Nugget O Silver|colress|\n|player|p2|Rei_darkness|drayden|\n|teamsize|p1|6\n|teamsize|p2|6\n|gen|9\n|tier|[Gen 9] Ubers\n|rule|Sleep Clause Mod: Limit one foe put to sleep\n|rule|Species Clause: Limit one of each Pok\u00e9mon\n|rule|OHKO Clause: OHKO moves are banned\n|rule|Evasion Items Clause: Evasion items are banned\n|rule|Evasion Moves Clause: Evasion moves are banned\n|rule|Endless Battle Clause: Forcing endless battles is banned\n|rule|HP Percentage Mod: HP is shown in percentages\n|clearpoke\n|poke|p1|Slowking-Galar, F|\n|poke|p1|Medicham, F|\n|poke|p1|Mesprit|\n|poke|p1|Slowbro-Galar, F|\n|poke|p1|Eelektross, F|\n|poke|p1|Hatterene, F|\n|poke|p2|Ribombee, M|\n|poke|p2|Iron Jugulis|\n|poke|p2|Weezing-Galar, M|\n|poke|p2|Thundurus, M|\n|poke|p2|Slowking-Galar, M|\n|poke|p2|Palafin, F|\n|teampreview\n|c|\u2606Nugget O Silver|glhf\n|\n|t:|1700681675\n|start\n|switch|p1a: Eelektross|Eelektross, F|100\/100\n|switch|p2a: Palafin|Palafin, F|100\/100\n|turn|1\n|\n|t:|1700681685\n|detailschange|p2a: Palafin|Palafin-Hero, F\n|switch|p2a: Ribombee|Ribombee, M|100\/100\n|move|p1a: Eelektross|Volt Switch|p2a: Ribombee\n|-damage|p2a: Ribombee|37\/100\n|\n|t:|1700681699\n|switch|p1a: Slowking|Slowking-Galar, F|100\/100|[from] Volt Switch\n|\n|upkeep\n|turn|2\n|\n|t:|1700681704\n|move|p2a: Ribombee|U-turn|p1a: Slowking\n|-damage|p1a: Slowking|79\/100\n|\n|t:|1700681706\n|switch|p2a: Slowking|Slowking-Galar, M|100\/100|[from] U-turn\n|move|p1a: Slowking|Trick Room|p1a: Slowking\n|-fieldstart|move: Trick Room|[of] p1a: Slowking\n|\n|upkeep\n|turn|3\n|\n|t:|1700681711\n|move|p1a: Slowking|Chilly Reception|p1a: Slowking\n|-weather|Snow\n|\n|t:|1700681721\n|switch|p1a: Eelektross|Eelektross, F|100\/100|[from] Chilly Reception\n|move|p2a: Slowking|Taunt|p1a: Eelektross\n|-start|p1a: Eelektross|move: Taunt\n|\n|-weather|Snow|[upkeep]\n|upkeep\n|turn|4\n|\n|t:|1700681730\n|move|p1a: Eelektross|Discharge|p2a: Slowking\n|-damage|p2a: Slowking|79\/100\n|move|p2a: Slowking|Slack Off|p2a: Slowking\n|-heal|p2a: Slowking|100\/100\n|\n|-weather|Snow|[upkeep]\n|upkeep\n|turn|5\n|\n|t:|1700681742\n|move|p1a: Eelektross|Acid Spray|p2a: Slowking\n|-resisted|p2a: Slowking\n|-damage|p2a: Slowking|96\/100\n|-unboost|p2a: Slowking|spd|2\n|move|p2a: Slowking|Foul Play|p1a: Eelektross\n|-damage|p1a: Eelektross|78\/100\n|\n|-weather|Snow|[upkeep]\n|-end|p1a: Eelektross|move: Taunt\n|upkeep\n|turn|6\n|\n|t:|1700681748\n|move|p1a: Eelektross|Volt Switch|p2a: Slowking\n|-damage|p2a: Slowking|58\/100\n|\n|t:|1700681755\n|switch|p1a: Hatterene|Hatterene, F|100\/100|[from] Volt Switch\n|move|p2a: Slowking|Chilly Reception|p2a: Slowking\n|\n|t:|1700681779\n|switch|p2a: Palafin|Palafin-Hero, F|100\/100|[from] Chilly Reception\n|-activate|p2a: Palafin|ability: Zero to Hero\n|\n|-weather|Snow|[upkeep]\n|-fieldend|move: Trick Room\n|upkeep\n|turn|7\n|\n|t:|1700681791\n|-terastallize|p2a: Palafin|Normal\n|move|p2a: Palafin|Boomburst|p1a: Hatterene\n|-damage|p1a: Hatterene|0 fnt\n|faint|p1a: Hatterene\n|\n|-weather|none\n|upkeep\n|\n|t:|1700681798\n|switch|p1a: Eelektross|Eelektross, F|78\/100\n|turn|8\n|\n|t:|1700681804\n|move|p2a: Palafin|Boomburst|p1a: Eelektross\n|-damage|p1a: Eelektross|5\/100\n|move|p1a: Eelektross|Volt Switch|p2a: Palafin\n|-damage|p2a: Palafin|58\/100\n|\n|t:|1700681811\n|switch|p1a: Slowking|Slowking-Galar, F|100\/100|[from] Volt Switch\n|\n|upkeep\n|turn|9\n|\n|t:|1700681814\n|move|p2a: Palafin|Boomburst|p1a: Slowking\n|-damage|p1a: Slowking|40\/100\n|move|p1a: Slowking|Trick Room|p1a: Slowking\n|-fieldstart|move: Trick Room|[of] p1a: Slowking\n|\n|upkeep\n|turn|10\n|\n|t:|1700681817\n|switch|p2a: Slowking|Slowking-Galar, M|91\/100\n|move|p1a: Slowking|Foul Play|p2a: Slowking\n|-supereffective|p2a: Slowking\n|-crit|p2a: Slowking\n|-damage|p2a: Slowking|58\/100\n|\n|upkeep\n|turn|11\n|\n|t:|1700681820\n|move|p1a: Slowking|Slack Off|p1a: Slowking\n|-heal|p1a: Slowking|90\/100\n|move|p2a: Slowking|Slack Off|p2a: Slowking\n|-heal|p2a: Slowking|100\/100\n|\n|upkeep\n|turn|12\n|\n|t:|1700681823\n|move|p1a: Slowking|Chilly Reception|p1a: Slowking\n|-weather|Snow\n|\n|t:|1700681828\n|switch|p1a: Medicham|Medicham, F|100\/100|[from] Chilly Reception\n|move|p2a: Slowking|Taunt|p1a: Medicham\n|-start|p1a: Medicham|move: Taunt\n|\n|-weather|Snow|[upkeep]\n|upkeep\n|turn|13\n|\n|t:|1700681846\n|move|p2a: Slowking|Chilly Reception|p2a: Slowking\n|\n|t:|1700681850\n|switch|p2a: Ribombee|Ribombee, M|37\/100|[from] Chilly Reception\n|move|p1a: Medicham|Psycho Cut|p2a: Ribombee\n|-damage|p2a: Ribombee|0 fnt\n|faint|p2a: Ribombee\n|\n|-weather|Snow|[upkeep]\n|-fieldend|move: Trick Room\n|upkeep\n|\n|t:|1700681858\n|switch|p2a: Palafin|Palafin-Hero, F, tera:Normal|58\/100\n|turn|14\n|\n|t:|1700681862\n|switch|p1a: Eelektross|Eelektross, F|5\/100\n|move|p2a: Palafin|Boomburst|p1a: Eelektross\n|-damage|p1a: Eelektross|0 fnt\n|faint|p1a: Eelektross\n|\n|-weather|Snow|[upkeep]\n|upkeep\n|\n|t:|1700681865\n|switch|p1a: Slowking|Slowking-Galar, F|100\/100\n|turn|15\n|\n|t:|1700681867\n|move|p2a: Palafin|Boomburst|p1a: Slowking\n|-damage|p1a: Slowking|36\/100\n|move|p1a: Slowking|Trick Room|p1a: Slowking\n|-fieldstart|move: Trick Room|[of] p1a: Slowking\n|\n|-weather|Snow|[upkeep]\n|upkeep\n|turn|16\n|\n|t:|1700681873\n|-terastallize|p1a: Slowking|Ghost\n|move|p1a: Slowking|Foul Play|p2a: Palafin\n|-damage|p2a: Palafin|32\/100\n|move|p2a: Palafin|Boomburst|p1a: Slowking\n|-immune|p1a: Slowking\n|\n|-weather|none\n|upkeep\n|turn|17\n|\n|t:|1700681880\n|switch|p2a: Slowking|Slowking-Galar, M|100\/100\n|move|p1a: Slowking|Chilly Reception|p1a: Slowking\n|-weather|Snow\n|\n|t:|1700681884\n|switch|p1a: Mesprit|Mesprit|100\/100|[from] Chilly Reception\n|\n|-weather|Snow|[upkeep]\n|upkeep\n|turn|18\n|\n|t:|1700681889\n|move|p2a: Slowking|Taunt|p1a: Mesprit\n|-start|p1a: Mesprit|move: Taunt\n|move|p1a: Mesprit|Mystical Power|p2a: Slowking\n|-damage|p2a: Slowking|82\/100\n|-boost|p1a: Mesprit|spa|1\n|\n|-weather|Snow|[upkeep]\n|upkeep\n|turn|19\n|\n|t:|1700681897\n|move|p2a: Slowking|Chilly Reception|p2a: Slowking\n|\n|t:|1700681900\n|switch|p2a: Iron Jugulis|Iron Jugulis|100\/100|[from] Chilly Reception\n|-enditem|p2a: Iron Jugulis|Booster Energy\n|-activate|p2a: Iron Jugulis|ability: Quark Drive|[fromitem]\n|-start|p2a: Iron Jugulis|quarkdriveatk\n|move|p1a: Mesprit|Mystical Power|p2a: Iron Jugulis\n|-immune|p2a: Iron Jugulis\n|\n|-weather|Snow|[upkeep]\n|-fieldend|move: Trick Room\n|upkeep\n|turn|20\n|\n|t:|1700681905\n|move|p2a: Iron Jugulis|Knock Off|p1a: Mesprit\n|-supereffective|p1a: Mesprit\n|-damage|p1a: Mesprit|11\/100\n|-enditem|p1a: Mesprit|Expert Belt|[from] move: Knock Off|[of] p2a: Iron Jugulis\n|move|p1a: Mesprit|Draining Kiss|p2a: Iron Jugulis\n|-supereffective|p2a: Iron Jugulis\n|-damage|p2a: Iron Jugulis|41\/100\n|-heal|p1a: Mesprit|55\/100|[from] drain|[of] p2a: Iron Jugulis\n|\n|-weather|Snow|[upkeep]\n|-end|p1a: Mesprit|move: Taunt\n|upkeep\n|turn|21\n|\n|t:|1700681913\n|move|p2a: Iron Jugulis|Knock Off|p1a: Mesprit\n|-supereffective|p1a: Mesprit\n|-damage|p1a: Mesprit|0 fnt\n|faint|p1a: Mesprit\n|\n|-weather|none\n|upkeep\n|\n|t:|1700681921\n|switch|p1a: Slowbro|Slowbro-Galar, F|100\/100\n|turn|22\n|c|\u2606Rei_darkness|I believe in glowbro\n|\n|t:|1700681929\n|move|p2a: Iron Jugulis|Knock Off|p1a: Slowbro\n|-supereffective|p1a: Slowbro\n|-damage|p1a: Slowbro|0 fnt\n|-enditem|p1a: Slowbro|Choice Specs|[from] move: Knock Off|[of] p2a: Iron Jugulis\n|faint|p1a: Slowbro\n|\n|upkeep\n|c|\u2606Rei_darkness|CRINGE\n|c|\u2606Rei_darkness|CRINGE\n|\n|t:|1700681935\n|switch|p1a: Slowking|Slowking-Galar, F, tera:Ghost|69\/100\n|turn|23\n|c|\u2606Rei_darkness|NO DRAW CLAW\n|c|\u2606Nugget O Silver|oof\n|c|\u2606Nugget O Silver|gg\n|c|\u2606Rei_darkness|draw claw law\n|\n|t:|1700681950\n|move|p2a: Iron Jugulis|Knock Off|p1a: Slowking\n|-supereffective|p1a: Slowking\n|-damage|p1a: Slowking|0 fnt\n|-enditem|p1a: Slowking|Heavy-Duty Boots|[from] move: Knock Off|[of] p2a: Iron Jugulis\n|faint|p1a: Slowking\n|\n|upkeep\n|\n|t:|1700681953\n|switch|p1a: Medicham|Medicham, F|100\/100\n|turn|24\n|\n|t:|1700681957\n|move|p2a: Iron Jugulis|Acrobatics|p1a: Medicham\n|-supereffective|p1a: Medicham\n|-damage|p1a: Medicham|0 fnt\n|faint|p1a: Medicham\n|\n|win|Rei_darkness\n","uploadtime":1700681960,"views":13,"p1id":"nuggetosilver","p2id":"reidarkness","formatid":"gen9ubers","rating":0,"private":0,"password":""}