{"id":"gen9ubers-2000076902","p1":"Oliver9001","p2":"rosescope","format":"[Gen 9] Ubers","log":"|j|\u2606Oliver9001\n|j|\u2606rosescope\n|t:|1701150459\n|gametype|singles\n|player|p1|Oliver9001|red|1232\n|player|p2|rosescope|burglar|1233\n|teamsize|p1|6\n|teamsize|p2|6\n|gen|9\n|tier|[Gen 9] Ubers\n|rated|\n|rule|Sleep Clause Mod: Limit one foe put to sleep\n|rule|Species Clause: Limit one of each Pok\u00e9mon\n|rule|OHKO Clause: OHKO moves are banned\n|rule|Evasion Items Clause: Evasion items are banned\n|rule|Evasion Moves Clause: Evasion moves are banned\n|rule|Endless Battle Clause: Forcing endless battles is banned\n|rule|HP Percentage Mod: HP is shown in percentages\n|clearpoke\n|poke|p1|Flutter Mane|\n|poke|p1|Heatran, F|\n|poke|p1|Roaring Moon|\n|poke|p1|Annihilape, F|\n|poke|p1|Rillaboom, F|\n|poke|p1|Chien-Pao|\n|poke|p2|Kingambit, F|\n|poke|p2|Iron Bundle|\n|poke|p2|Glimmora, M|\n|poke|p2|Meowscarada, M|\n|poke|p2|Iron Treads|\n|poke|p2|Chi-Yu|\n|teampreview\n|inactive|Battle timer is ON: inactive players will automatically lose when time's up. (requested by Oliver9001)\n|c|\u2606Oliver9001|Hello glhf\n|inactive|Oliver9001 has 120 seconds left.\n|\n|t:|1701150493\n|start\n|switch|p1a: Roaring Moon|Roaring Moon|100\/100\n|switch|p2a: Glimmora|Glimmora, M|100\/100\n|-enditem|p1a: Roaring Moon|Booster Energy\n|-activate|p1a: Roaring Moon|ability: Protosynthesis|[fromitem]\n|-start|p1a: Roaring Moon|protosynthesisatk\n|turn|1\n|c|\u2606rosescope|gargantuan ligaments hallucinate ferociously?\n|inactive|Oliver9001 has 120 seconds left.\n|c|\u2606Oliver9001|Oh i get it im playing against a psycho from borderlands lmao\n|\n|t:|1701150543\n|move|p1a: Roaring Moon|Dragon Dance|p1a: Roaring Moon\n|-boost|p1a: Roaring Moon|atk|1\n|-boost|p1a: Roaring Moon|spe|1\n|move|p2a: Glimmora|Stealth Rock|p1a: Roaring Moon\n|-sidestart|p1: Oliver9001|move: Stealth Rock\n|\n|upkeep\n|turn|2\n|\n|t:|1701150558\n|move|p1a: Roaring Moon|Earthquake|p2a: Glimmora\n|-supereffective|p2a: Glimmora\n|-enditem|p2a: Glimmora|Focus Sash\n|-damage|p2a: Glimmora|1\/100\n|-activate|p2a: Glimmora|ability: Toxic Debris\n|-sidestart|p1: Oliver9001|move: Toxic Spikes\n|move|p2a: Glimmora|Power Gem|p1a: Roaring Moon\n|-damage|p1a: Roaring Moon|59\/100\n|\n|upkeep\n|turn|3\n|\n|t:|1701150569\n|move|p1a: Roaring Moon|Earthquake|p2a: Glimmora\n|-supereffective|p2a: Glimmora\n|-damage|p2a: Glimmora|0 fnt\n|-activate|p2a: Glimmora|ability: Toxic Debris\n|-sidestart|p1: Oliver9001|move: Toxic Spikes\n|faint|p2a: Glimmora\n|\n|upkeep\n|\n|t:|1701150576\n|switch|p2a: Meowscarada|Meowscarada, M|100\/100\n|turn|4\n|\n|t:|1701150581\n|move|p1a: Roaring Moon|Acrobatics|p2a: Meowscarada\n|-supereffective|p2a: Meowscarada\n|-damage|p2a: Meowscarada|0 fnt\n|faint|p2a: Meowscarada\n|\n|upkeep\n|\n|t:|1701150606\n|switch|p2a: Kingambit|Kingambit, F|100\/100\n|-activate|p2a: Kingambit|ability: Supreme Overlord\n|-start|p2a: Kingambit|fallen2|[silent]\n|turn|5\n|\n|t:|1701150614\n|-terastallize|p2a: Kingambit|Dark\n|move|p1a: Roaring Moon|Knock Off|p2a: Kingambit\n|-resisted|p2a: Kingambit\n|-damage|p2a: Kingambit|61\/100\n|-enditem|p2a: Kingambit|Black Glasses|[from] move: Knock Off|[of] p1a: Roaring Moon\n|move|p2a: Kingambit|Swords Dance|p2a: Kingambit\n|-boost|p2a: Kingambit|atk|2\n|\n|upkeep\n|turn|6\n|inactive|Oliver9001 has 120 seconds left.\n|\n|t:|1701150630\n|move|p2a: Kingambit|Sucker Punch|p1a: Roaring Moon\n|-resisted|p1a: Roaring Moon\n|-damage|p1a: Roaring Moon|0 fnt\n|faint|p1a: Roaring Moon\n|-end|p1a: Roaring Moon|Protosynthesis|[silent]\n|\n|upkeep\n|inactive|Oliver9001 has 120 seconds left.\n|\n|t:|1701150650\n|switch|p1a: Annihilape|Annihilape, F|100\/100\n|-damage|p1a: Annihilape|94\/100|[from] Stealth Rock\n|-status|p1a: Annihilape|tox\n|turn|7\n|\n|t:|1701150658\n|-terastallize|p1a: Annihilape|Fire\n|move|p1a: Annihilape|Drain Punch|p2a: Kingambit\n|-supereffective|p2a: Kingambit\n|-damage|p2a: Kingambit|17\/100\n|-heal|p1a: Annihilape|100\/100 tox|[from] drain|[of] p2a: Kingambit\n|move|p2a: Kingambit|Kowtow Cleave|p1a: Annihilape\n|-damage|p1a: Annihilape|0 fnt\n|faint|p1a: Annihilape\n|\n|upkeep\n|\n|t:|1701150670\n|switch|p1a: Rillaboom|Rillaboom, F|100\/100\n|-damage|p1a: Rillaboom|88\/100|[from] Stealth Rock\n|-status|p1a: Rillaboom|tox\n|-fieldstart|move: Grassy Terrain|[from] ability: Grassy Surge|[of] p1a: Rillaboom\n|turn|8\n|\n|t:|1701150676\n|move|p1a: Rillaboom|Grassy Glide|p2a: Kingambit\n|-damage|p2a: Kingambit|0 fnt\n|faint|p2a: Kingambit\n|-end|p2a: Kingambit|fallen2|[silent]\n|\n|-heal|p1a: Rillaboom|94\/100 tox|[from] Grassy Terrain\n|-damage|p1a: Rillaboom|88\/100 tox|[from] psn\n|upkeep\n|\n|t:|1701150685\n|switch|p2a: Chi-Yu|Chi-Yu|100\/100\n|-ability|p2a: Chi-Yu|Beads of Ruin\n|turn|9\n|\n|t:|1701150691\n|switch|p1a: Heatran|Heatran, F|100\/100\n|-damage|p1a: Heatran|88\/100|[from] Stealth Rock\n|move|p2a: Chi-Yu|Dark Pulse|p1a: Heatran\n|-damage|p1a: Heatran|51\/100\n|\n|-heal|p1a: Heatran|57\/100|[from] Grassy Terrain\n|upkeep\n|turn|10\n|\n|t:|1701150701\n|move|p2a: Chi-Yu|Dark Pulse|p1a: Heatran\n|-damage|p1a: Heatran|19\/100\n|cant|p1a: Heatran|flinch\n|\n|-heal|p1a: Heatran|25\/100|[from] Grassy Terrain\n|upkeep\n|turn|11\n|inactive|rosescope has 120 seconds left.\n|inactive|rosescope has 90 seconds left.\n|c|\u2606rosescope|Finite Losers Integrate Nigerian Cougars Hence Every Death\n|\n|t:|1701150766\n|move|p2a: Chi-Yu|Dark Pulse|p1a: Heatran\n|-damage|p1a: Heatran|0 fnt\n|faint|p1a: Heatran\n|\n|upkeep\n|\n|t:|1701150774\n|switch|p1a: Chien-Pao|Chien-Pao|100\/100\n|-damage|p1a: Chien-Pao|76\/100|[from] Stealth Rock\n|-status|p1a: Chien-Pao|tox\n|-ability|p1a: Chien-Pao|Sword of Ruin\n|turn|12\n|\n|t:|1701150785\n|move|p2a: Chi-Yu|Dark Pulse|p1a: Chien-Pao\n|-resisted|p1a: Chien-Pao\n|-damage|p1a: Chien-Pao|28\/100 tox\n|move|p1a: Chien-Pao|Sacred Sword|p2a: Chi-Yu\n|-supereffective|p2a: Chi-Yu\n|-damage|p2a: Chi-Yu|0 fnt\n|faint|p2a: Chi-Yu\n|\n|-heal|p1a: Chien-Pao|34\/100 tox|[from] Grassy Terrain\n|-damage|p1a: Chien-Pao|28\/100 tox|[from] psn\n|-fieldend|move: Grassy Terrain\n|upkeep\n|\n|t:|1701150795\n|switch|p2a: Iron Bundle|Iron Bundle|100\/100\n|turn|13\n|\n|t:|1701150803\n|move|p2a: Iron Bundle|Protect|p2a: Iron Bundle\n|-singleturn|p2a: Iron Bundle|Protect\n|move|p1a: Chien-Pao|Sucker Punch||[still]\n|-fail|p1a: Chien-Pao\n|\n|-damage|p1a: Chien-Pao|16\/100 tox|[from] psn\n|upkeep\n|turn|14\n|\n|t:|1701150812\n|move|p2a: Iron Bundle|Protect||[still]\n|-fail|p2a: Iron Bundle\n|move|p1a: Chien-Pao|Sucker Punch||[still]\n|-fail|p1a: Chien-Pao\n|\n|-damage|p1a: Chien-Pao|0 fnt|[from] psn\n|faint|p1a: Chien-Pao\n|upkeep\n|\n|t:|1701150820\n|switch|p1a: Rillaboom|Rillaboom, F|88\/100 tox\n|-damage|p1a: Rillaboom|76\/100 tox|[from] Stealth Rock\n|-fieldstart|move: Grassy Terrain|[from] ability: Grassy Surge|[of] p1a: Rillaboom\n|turn|15\n|inactive|rosescope has 120 seconds left.\n|c|\u2606rosescope|Pretty Rigorous Oni-Chans Technically Execute Crying Toddlers\n|inactive|rosescope has 90 seconds left.\n|\n|t:|1701150858\n|move|p1a: Rillaboom|Grassy Glide|p2a: Iron Bundle\n|-supereffective|p2a: Iron Bundle\n|-damage|p2a: Iron Bundle|0 fnt\n|faint|p2a: Iron Bundle\n|-end|p2a: Iron Bundle|Quark Drive|[silent]\n|\n|-heal|p1a: Rillaboom|82\/100 tox|[from] Grassy Terrain\n|-damage|p1a: Rillaboom|76\/100 tox|[from] psn\n|upkeep\n|inactive|rosescope has 90 seconds left.\n|\n|t:|1701150866\n|switch|p2a: Iron Treads|Iron Treads|100\/100\n|turn|16\n|\n|t:|1701150875\n|switch|p1a: Flutter Mane|Flutter Mane|100\/100\n|-damage|p1a: Flutter Mane|88\/100|[from] Stealth Rock\n|-status|p1a: Flutter Mane|tox\n|move|p2a: Iron Treads|Heavy Slam|p1a: Flutter Mane\n|-supereffective|p1a: Flutter Mane\n|-damage|p1a: Flutter Mane|0 fnt\n|faint|p1a: Flutter Mane\n|-end|p1a: Flutter Mane|Protosynthesis|[silent]\n|\n|upkeep\n|\n|t:|1701150885\n|switch|p1a: Rillaboom|Rillaboom, F|76\/100 tox\n|-damage|p1a: Rillaboom|63\/100 tox|[from] Stealth Rock\n|turn|17\n|\n|t:|1701150894\n|move|p2a: Iron Treads|Heavy Slam|p1a: Rillaboom\n|-damage|p1a: Rillaboom|35\/100 tox\n|move|p1a: Rillaboom|High Horsepower|p2a: Iron Treads\n|-supereffective|p2a: Iron Treads\n|-damage|p2a: Iron Treads|6\/100\n|\n|-heal|p2a: Iron Treads|12\/100|[from] Grassy Terrain\n|-heal|p1a: Rillaboom|41\/100 tox|[from] Grassy Terrain\n|-damage|p1a: Rillaboom|35\/100 tox|[from] psn\n|upkeep\n|turn|18\n|\n|t:|1701150905\n|move|p2a: Iron Treads|Heavy Slam|p1a: Rillaboom\n|-damage|p1a: Rillaboom|8\/100 tox\n|move|p1a: Rillaboom|High Horsepower|p2a: Iron Treads\n|-supereffective|p2a: Iron Treads\n|-damage|p2a: Iron Treads|0 fnt\n|faint|p2a: Iron Treads\n|-end|p2a: Iron Treads|Quark Drive|[silent]\n|\n|win|Oliver9001\n|raw|Oliver9001's rating: 1232 &rarr; <strong>1257<\/strong><br \/>(+25 for winning)\n|raw|rosescope's rating: 1233 &rarr; <strong>1208<\/strong><br \/>(-25 for losing)\n|c|\u2606rosescope|gg\n|c|\u2606rosescope|Good Girl.\n|c|\u2606Oliver9001|Gg psycho hope you get the girl in the end\n|l|\u2606Oliver9001\n","uploadtime":1701150934,"views":1,"p1id":"oliver9001","p2id":"rosescope","formatid":"gen9ubers","rating":1208,"private":0,"password":""}