{"id":"gen9ubers-1995679475","p1":"h4v0ckn1ght","p2":"Skyiewxz","format":"[Gen 9] Ubers","log":"|j|\u2606h4v0ckn1ght\n|j|\u2606Skyiewxz\n|t:|1700593309\n|gametype|singles\n|player|p1|h4v0ckn1ght|lyra|1495\n|player|p2|Skyiewxz|dawn|1608\n|teamsize|p1|6\n|teamsize|p2|6\n|gen|9\n|tier|[Gen 9] Ubers\n|rated|\n|rule|Sleep Clause Mod: Limit one foe put to sleep\n|rule|Species Clause: Limit one of each Pok\u00e9mon\n|rule|OHKO Clause: OHKO moves are banned\n|rule|Evasion Items Clause: Evasion items are banned\n|rule|Evasion Moves Clause: Evasion moves are banned\n|rule|Endless Battle Clause: Forcing endless battles is banned\n|rule|HP Percentage Mod: HP is shown in percentages\n|clearpoke\n|poke|p1|Arceus|\n|poke|p1|Gliscor, M|\n|poke|p1|Kyogre|\n|poke|p1|Iron Treads|\n|poke|p1|Zacian-*|\n|poke|p1|Skeledirge, F|\n|poke|p2|Koraidon|\n|poke|p2|Flutter Mane|\n|poke|p2|Arceus|\n|poke|p2|Miraidon|\n|poke|p2|Ditto|\n|poke|p2|Grimmsnarl, M|\n|teampreview\n|inactive|Battle timer is ON: inactive players will automatically lose when time's up. (requested by h4v0ckn1ght)\n|inactive|h4v0ckn1ght has 120 seconds left.\n|inactive|Skyiewxz has 120 seconds left.\n|\n|t:|1700593360\n|start\n|switch|p1a: Zacian|Zacian-Crowned|100\/100\n|switch|p2a: Koraidon|Koraidon|100\/100\n|-ability|p1a: Zacian|Intrepid Sword|boost\n|-boost|p1a: Zacian|atk|1\n|-weather|SunnyDay|[from] ability: Orichalcum Pulse|[of] p2a: Koraidon\n|-activate|p2a: Koraidon|Orichalcum Pulse|[source]\n|turn|1\n|\n|t:|1700593377\n|switch|p1a: Skeledirge|Skeledirge, F|100\/100\n|switch|p2a: Ditto|Ditto|100\/100\n|-transform|p2a: Ditto|p1a: Skeledirge|[from] ability: Imposter\n|\n|-weather|SunnyDay|[upkeep]\n|upkeep\n|turn|2\n|\n|t:|1700593387\n|switch|p2a: Grimmsnarl|Grimmsnarl, M|100\/100\n|move|p1a: Skeledirge|Earth Power|p2a: Grimmsnarl\n|-crit|p2a: Grimmsnarl\n|-damage|p2a: Grimmsnarl|74\/100\n|\n|-weather|SunnyDay|[upkeep]\n|upkeep\n|turn|3\n|\n|t:|1700593392\n|move|p2a: Grimmsnarl|Light Screen|p2a: Grimmsnarl\n|-sidestart|p2: Skyiewxz|move: Light Screen\n|move|p1a: Skeledirge|Torch Song|p2a: Grimmsnarl\n|-damage|p2a: Grimmsnarl|57\/100\n|-boost|p1a: Skeledirge|spa|1\n|\n|-weather|SunnyDay|[upkeep]\n|upkeep\n|turn|4\n|\n|t:|1700593394\n|move|p2a: Grimmsnarl|Reflect|p2a: Grimmsnarl\n|-sidestart|p2: Skyiewxz|Reflect\n|move|p1a: Skeledirge|Torch Song|p2a: Grimmsnarl\n|-damage|p2a: Grimmsnarl|32\/100\n|-boost|p1a: Skeledirge|spa|1\n|\n|-weather|SunnyDay|[upkeep]\n|upkeep\n|turn|5\n|\n|t:|1700593405\n|switch|p2a: Flutter Mane|Flutter Mane|100\/100\n|-activate|p2a: Flutter Mane|ability: Protosynthesis\n|-start|p2a: Flutter Mane|protosynthesisspe\n|move|p1a: Skeledirge|Torch Song|p2a: Flutter Mane\n|-damage|p2a: Flutter Mane|57\/100\n|-boost|p1a: Skeledirge|spa|1\n|\n|-weather|none\n|-end|p2a: Flutter Mane|Protosynthesis\n|upkeep\n|turn|6\n|\n|t:|1700593435\n|switch|p1a: Zacian|Zacian-Crowned|100\/100\n|move|p2a: Flutter Mane|Calm Mind|p2a: Flutter Mane\n|-boost|p2a: Flutter Mane|spa|1\n|-boost|p2a: Flutter Mane|spd|1\n|\n|upkeep\n|turn|7\n|\n|t:|1700593450\n|-end|p2a: Flutter Mane|Protosynthesis|[silent]\n|switch|p2a: Arceus|Arceus|100\/100\n|move|p1a: Zacian|Behemoth Blade|p2a: Arceus\n|-damage|p2a: Arceus|81\/100\n|\n|upkeep\n|turn|8\n|\n|t:|1700593461\n|switch|p2a: Miraidon|Miraidon|100\/100\n|-fieldstart|move: Electric Terrain|[from] ability: Hadron Engine|[of] p2a: Miraidon\n|move|p1a: Zacian|Swords Dance|p1a: Zacian\n|-boost|p1a: Zacian|atk|2\n|\n|upkeep\n|turn|9\n|\n|t:|1700593469\n|switch|p2a: Ditto|Ditto|100\/100\n|-transform|p2a: Ditto|p1a: Zacian|[from] ability: Imposter\n|-ability|p2a: Ditto|Intrepid Sword|boost\n|-boost|p2a: Ditto|atk|1\n|move|p1a: Zacian|Play Rough|p2a: Ditto|[miss]\n|-miss|p1a: Zacian|p2a: Ditto\n|\n|upkeep\n|turn|10\n|\n|t:|1700593477\n|switch|p2a: Flutter Mane|Flutter Mane|57\/100\n|switch|p1a: Skeledirge|Skeledirge, F|100\/100\n|\n|-sideend|p2: Skyiewxz|move: Light Screen\n|upkeep\n|turn|11\n|\n|t:|1700593481\n|switch|p1a: Arceus|Arceus|100\/100\n|move|p2a: Flutter Mane|Shadow Ball|p1a: Arceus\n|-immune|p1a: Arceus\n|\n|-sideend|p2: Skyiewxz|Reflect\n|upkeep\n|turn|12\n|\n|t:|1700593489\n|-end|p2a: Flutter Mane|Protosynthesis|[silent]\n|switch|p2a: Koraidon|Koraidon|100\/100\n|-weather|SunnyDay|[from] ability: Orichalcum Pulse|[of] p2a: Koraidon\n|-activate|p2a: Koraidon|Orichalcum Pulse|[source]\n|move|p1a: Arceus|Swords Dance|p1a: Arceus\n|-boost|p1a: Arceus|atk|2\n|\n|-weather|SunnyDay|[upkeep]\n|-fieldend|move: Electric Terrain\n|upkeep\n|turn|13\n|inactive|h4v0ckn1ght has 120 seconds left.\n|j| Too Many Caps\n|\n|t:|1700593543\n|-terastallize|p1a: Arceus|Normal\n|move|p1a: Arceus|Extreme Speed|p2a: Koraidon\n|-damage|p2a: Koraidon|0 fnt\n|faint|p2a: Koraidon\n|\n|-weather|SunnyDay|[upkeep]\n|upkeep\n|inactive|Skyiewxz has 120 seconds left.\n|\n|t:|1700593581\n|switch|p2a: Miraidon|Miraidon|100\/100\n|-fieldstart|move: Electric Terrain|[from] ability: Hadron Engine|[of] p2a: Miraidon\n|turn|14\n|\n|t:|1700593585\n|switch|p2a: Flutter Mane|Flutter Mane|57\/100\n|-activate|p2a: Flutter Mane|ability: Protosynthesis\n|-start|p2a: Flutter Mane|protosynthesisspe\n|move|p1a: Arceus|Extreme Speed|p2a: Flutter Mane\n|-immune|p2a: Flutter Mane\n|\n|-weather|SunnyDay|[upkeep]\n|upkeep\n|turn|15\n|\n|t:|1700593589\n|move|p2a: Flutter Mane|Moonblast|p1a: Arceus\n|-damage|p1a: Arceus|52\/100\n|-damage|p2a: Flutter Mane|48\/100|[from] item: Life Orb\n|move|p1a: Arceus|Shadow Claw|p2a: Flutter Mane\n|-supereffective|p2a: Flutter Mane\n|-damage|p2a: Flutter Mane|0 fnt\n|faint|p2a: Flutter Mane\n|-end|p2a: Flutter Mane|Protosynthesis|[silent]\n|\n|-weather|SunnyDay|[upkeep]\n|upkeep\n|\n|t:|1700593592\n|switch|p2a: Ditto|Ditto|100\/100\n|-transform|p2a: Ditto|p1a: Arceus|[from] ability: Imposter\n|turn|16\n|\n|t:|1700593597\n|switch|p1a: Skeledirge|Skeledirge, F|100\/100\n|move|p2a: Ditto|Extreme Speed|p1a: Skeledirge\n|-immune|p1a: Skeledirge\n|\n|-weather|none\n|upkeep\n|turn|17\n|\n|t:|1700593602\n|switch|p2a: Grimmsnarl|Grimmsnarl, M|32\/100\n|move|p1a: Skeledirge|Will-O-Wisp|p2a: Grimmsnarl\n|-status|p2a: Grimmsnarl|brn\n|\n|-damage|p2a: Grimmsnarl|26\/100 brn|[from] brn\n|upkeep\n|turn|18\n|\n|t:|1700593604\n|move|p2a: Grimmsnarl|Light Screen|p2a: Grimmsnarl\n|-sidestart|p2: Skyiewxz|move: Light Screen\n|move|p1a: Skeledirge|Torch Song|p2a: Grimmsnarl\n|-damage|p2a: Grimmsnarl|14\/100 brn\n|-boost|p1a: Skeledirge|spa|1\n|\n|-damage|p2a: Grimmsnarl|8\/100 brn|[from] brn\n|-fieldend|move: Electric Terrain\n|upkeep\n|turn|19\n|\n|t:|1700593606\n|move|p2a: Grimmsnarl|Reflect|p2a: Grimmsnarl\n|-sidestart|p2: Skyiewxz|Reflect\n|move|p1a: Skeledirge|Torch Song|p2a: Grimmsnarl\n|-damage|p2a: Grimmsnarl|0 fnt\n|-boost|p1a: Skeledirge|spa|1\n|faint|p2a: Grimmsnarl\n|\n|upkeep\n|\n|t:|1700593608\n|switch|p2a: Miraidon|Miraidon|100\/100\n|-fieldstart|move: Electric Terrain|[from] ability: Hadron Engine|[of] p2a: Miraidon\n|turn|20\n|\n|t:|1700593620\n|switch|p1a: Zacian|Zacian-Crowned|100\/100\n|move|p2a: Miraidon|Calm Mind|p2a: Miraidon\n|-boost|p2a: Miraidon|spa|1\n|-boost|p2a: Miraidon|spd|1\n|\n|upkeep\n|turn|21\n|\n|t:|1700593623\n|move|p1a: Zacian|Play Rough|p2a: Miraidon|[miss]\n|-miss|p1a: Zacian|p2a: Miraidon\n|move|p2a: Miraidon|Agility|p2a: Miraidon\n|-boost|p2a: Miraidon|spe|2\n|\n|upkeep\n|turn|22\n|\n|t:|1700593625\n|move|p2a: Miraidon|Calm Mind|p2a: Miraidon\n|-boost|p2a: Miraidon|spa|1\n|-boost|p2a: Miraidon|spd|1\n|move|p1a: Zacian|Play Rough|p2a: Miraidon\n|-supereffective|p2a: Miraidon\n|-damage|p2a: Miraidon|56\/100\n|-enditem|p2a: Miraidon|Weakness Policy\n|-boost|p2a: Miraidon|atk|2|[from] item: Weakness Policy\n|-boost|p2a: Miraidon|spa|2|[from] item: Weakness Policy\n|\n|upkeep\n|turn|23\n|\n|t:|1700593628\n|move|p2a: Miraidon|Parabolic Charge|p1a: Zacian\n|-damage|p1a: Zacian|0 fnt\n|-heal|p2a: Miraidon|97\/100|[from] drain|[of] p1a: Zacian\n|faint|p1a: Zacian\n|\n|upkeep\n|\n|t:|1700593634\n|switch|p1a: Gliscor|Gliscor, M|100\/100\n|turn|24\n|\n|t:|1700593636\n|move|p2a: Miraidon|Dragon Pulse|p1a: Gliscor\n|-damage|p1a: Gliscor|0 fnt\n|faint|p1a: Gliscor\n|\n|-fieldend|move: Electric Terrain\n|upkeep\n|\n|t:|1700593650\n|switch|p1a: Kyogre|Kyogre|100\/100\n|-weather|RainDance|[from] ability: Drizzle|[of] p1a: Kyogre\n|turn|25\n|\n|t:|1700593662\n|switch|p1a: Iron Treads|Iron Treads|100\/100\n|-terastallize|p2a: Miraidon|Electric\n|move|p2a: Miraidon|Parabolic Charge|p1a: Iron Treads\n|-immune|p1a: Iron Treads\n|\n|-weather|RainDance|[upkeep]\n|-sideend|p2: Skyiewxz|move: Light Screen\n|upkeep\n|turn|26\n|\n|t:|1700593671\n|move|p2a: Miraidon|Dragon Pulse|p1a: Iron Treads\n|-resisted|p1a: Iron Treads\n|-damage|p1a: Iron Treads|0 fnt\n|faint|p1a: Iron Treads\n|-end|p1a: Iron Treads|Quark Drive|[silent]\n|\n|-weather|RainDance|[upkeep]\n|-sideend|p2: Skyiewxz|Reflect\n|upkeep\n|\n|t:|1700593675\n|switch|p1a: Arceus|Arceus, tera:Normal|52\/100\n|turn|27\n|\n|t:|1700593678\n|move|p1a: Arceus|Extreme Speed|p2a: Miraidon\n|-damage|p2a: Miraidon|32\/100\n|move|p2a: Miraidon|Parabolic Charge|p1a: Arceus\n|-damage|p1a: Arceus|0 fnt\n|-heal|p2a: Miraidon|60\/100|[from] drain|[of] p1a: Arceus\n|faint|p1a: Arceus\n|\n|-weather|RainDance|[upkeep]\n|upkeep\n|\n|t:|1700593681\n|switch|p1a: Skeledirge|Skeledirge, F|100\/100\n|turn|28\n|\n|t:|1700593684\n|move|p2a: Miraidon|Dragon Pulse|p1a: Skeledirge\n|-damage|p1a: Skeledirge|46\/100\n|move|p1a: Skeledirge|Earth Power|p2a: Miraidon\n|-supereffective|p2a: Miraidon\n|-damage|p2a: Miraidon|27\/100\n|-unboost|p2a: Miraidon|spd|1\n|\n|-weather|RainDance|[upkeep]\n|upkeep\n|turn|29\n|\n|t:|1700593693\n|move|p2a: Miraidon|Parabolic Charge|p1a: Skeledirge\n|-crit|p1a: Skeledirge\n|-damage|p1a: Skeledirge|0 fnt\n|-heal|p2a: Miraidon|51\/100|[from] drain|[of] p1a: Skeledirge\n|faint|p1a: Skeledirge\n|\n|-weather|none\n|upkeep\n|\n|t:|1700593695\n|switch|p1a: Kyogre|Kyogre|100\/100\n|-weather|RainDance|[from] ability: Drizzle|[of] p1a: Kyogre\n|turn|30\n|\n|t:|1700593698\n|move|p2a: Miraidon|Parabolic Charge|p1a: Kyogre\n|-supereffective|p1a: Kyogre\n|-damage|p1a: Kyogre|0 fnt\n|-heal|p2a: Miraidon|95\/100|[from] drain|[of] p1a: Kyogre\n|faint|p1a: Kyogre\n|\n|win|Skyiewxz\n|raw|h4v0ckn1ght's rating: 1495 &rarr; <strong>1481<\/strong><br \/>(-14 for losing)\n|raw|Skyiewxz's rating: 1608 &rarr; <strong>1622<\/strong><br \/>(+14 for winning)\n|c|\u2606Skyiewxz|gg\n|c|\u2606h4v0ckn1ght|wp\n|l|\u2606h4v0ckn1ght\n|l|\u2606Skyiewxz\n|l| Too Many Caps\n|j|\u2606Skyiewxz\n|player|p2|Skyiewxz|dawn\n","uploadtime":1700593985,"views":0,"p1id":"h4v0ckn1ght","p2id":"skyiewxz","formatid":"gen9ubers","rating":1481,"private":0,"password":""}