{"id":"gen9ubers-1998468007","p1":"dragonex129","p2":"RodentCollector","format":"[Gen 9] Ubers","log":"|j|\u2606dragonex129\n|j|\u2606RodentCollector\n|t:|1700945669\n|gametype|singles\n|player|p1|dragonex129|1|\n|player|p2|RodentCollector|roark|\n|teamsize|p1|6\n|teamsize|p2|6\n|gen|9\n|tier|[Gen 9] Ubers\n|rule|Sleep Clause Mod: Limit one foe put to sleep\n|rule|Species Clause: Limit one of each Pok\u00e9mon\n|rule|OHKO Clause: OHKO moves are banned\n|rule|Evasion Items Clause: Evasion items are banned\n|rule|Evasion Moves Clause: Evasion moves are banned\n|rule|Endless Battle Clause: Forcing endless battles is banned\n|rule|HP Percentage Mod: HP is shown in percentages\n|clearpoke\n|poke|p1|Rotom|\n|poke|p1|Donphan, M|\n|poke|p1|Meowscarada, F|\n|poke|p1|Gengar, M|\n|poke|p1|Scizor, M|\n|poke|p1|Walking Wake|\n|poke|p2|Shiftry, F|\n|poke|p2|Lucario, F|\n|poke|p2|Great Tusk|\n|poke|p2|Jolteon, F|\n|poke|p2|Slowking-Galar, F|\n|poke|p2|Quaquaval, F|\n|teampreview\n|j| KhaoticIntent\n|j| SegoeScript\n|\n|t:|1700945764\n|start\n|switch|p1a: Clover|Meowscarada, F|100\/100\n|switch|p2a: Formal Kraken|Slowking-Galar, F|100\/100\n|turn|1\n|\n|t:|1700945781\n|move|p1a: Clover|Taunt|p2a: Formal Kraken\n|-start|p1a: Clover|typechange|Dark|[from] ability: Protean\n|-start|p2a: Formal Kraken|move: Taunt\n|cant|p2a: Formal Kraken|move: Taunt|Thunder Wave\n|\n|upkeep\n|turn|2\n|\n|t:|1700945794\n|move|p1a: Clover|Dark Pulse|p2a: Formal Kraken\n|-supereffective|p2a: Formal Kraken\n|-enditem|p2a: Formal Kraken|Colbur Berry|[eat]\n|-enditem|p2a: Formal Kraken|Colbur Berry|[weaken]\n|-damage|p2a: Formal Kraken|66\/100\n|-damage|p1a: Clover|91\/100|[from] item: Life Orb\n|move|p2a: Formal Kraken|Sludge Bomb|p1a: Clover\n|-damage|p1a: Clover|36\/100\n|\n|upkeep\n|turn|3\n|\n|t:|1700945824\n|switch|p2a: Steel Will|Lucario, F|100\/100\n|move|p1a: Clover|Dark Pulse|p2a: Steel Will\n|-resisted|p2a: Steel Will\n|-damage|p2a: Steel Will|66\/100\n|-ability|p2a: Steel Will|Justified|boost\n|-boost|p2a: Steel Will|atk|1\n|-damage|p1a: Clover|26\/100|[from] item: Life Orb\n|\n|upkeep\n|turn|4\n|\n|t:|1700945835\n|move|p1a: Clover|Taunt|p2a: Steel Will\n|-start|p2a: Steel Will|move: Taunt\n|move|p2a: Steel Will|Earthquake|p1a: Clover\n|-damage|p1a: Clover|0 fnt\n|faint|p1a: Clover\n|\n|upkeep\n|\n|t:|1700945884\n|switch|p1a: Sparky|Rotom|100\/100\n|turn|5\n|\n|t:|1700945907\n|switch|p2a: Dubious Plant|Shiftry, F|100\/100\n|move|p1a: Sparky|Will-O-Wisp|p2a: Dubious Plant\n|-status|p2a: Dubious Plant|brn\n|\n|-damage|p2a: Dubious Plant|94\/100 brn|[from] brn\n|upkeep\n|turn|6\n|j| Jektrooper\n|\n|t:|1700945927\n|switch|p1a: Donnie|Donphan, M|100\/100\n|move|p2a: Dubious Plant|Tailwind|p2a: Dubious Plant\n|-sidestart|p2: RodentCollector|move: Tailwind\n|-ability|p2a: Dubious Plant|Wind Rider|boost\n|-boost|p2a: Dubious Plant|atk|1\n|\n|-damage|p2a: Dubious Plant|88\/100 brn|[from] brn\n|upkeep\n|turn|7\n|\n|t:|1700945939\n|move|p2a: Dubious Plant|Explosion|p1a: Donnie\n|-damage|p1a: Donnie|54\/100\n|faint|p2a: Dubious Plant\n|move|p1a: Donnie|Play Rough|p2: Dubious Plant|[notarget]\n|-fail|p1a: Donnie\n|\n|upkeep\n|\n|t:|1700945953\n|switch|p2a: Gay Duck|Quaquaval, F|100\/100\n|turn|8\n|\n|t:|1700945973\n|move|p2a: Gay Duck|Swords Dance|p2a: Gay Duck\n|-boost|p2a: Gay Duck|atk|2\n|move|p1a: Donnie|Counter||[still]\n|-fail|p1a: Donnie\n|\n|upkeep\n|turn|9\n|c|\u2606dragonex129|FUCK\n|c| Jektrooper|the gay duck is coming\n|\n|t:|1700945999\n|move|p2a: Gay Duck|Aqua Step|p1a: Donnie\n|-supereffective|p1a: Donnie\n|-damage|p1a: Donnie|0 fnt\n|-boost|p2a: Gay Duck|spe|1\n|faint|p1a: Donnie\n|-ability|p2a: Gay Duck|Moxie|boost\n|-boost|p2a: Gay Duck|atk|1\n|\n|-sideend|p2: RodentCollector|move: Tailwind\n|upkeep\n|c| KhaoticIntent|the homesexual agenda\n|c| SegoeScript|what da hell... pato lesbiana\n|\n|t:|1700946076\n|switch|p1a: Sue|Walking Wake|100\/100\n|-enditem|p1a: Sue|Booster Energy\n|-activate|p1a: Sue|ability: Protosynthesis|[fromitem]\n|-start|p1a: Sue|protosynthesisspe\n|turn|10\n|\n|t:|1700946085\n|move|p1a: Sue|Dragon Pulse|p2a: Gay Duck\n|-damage|p2a: Gay Duck|45\/100\n|move|p2a: Gay Duck|Close Combat|p1a: Sue\n|-damage|p1a: Sue|0 fnt\n|-unboost|p2a: Gay Duck|def|1\n|-unboost|p2a: Gay Duck|spd|1\n|faint|p1a: Sue\n|-end|p1a: Sue|Protosynthesis|[silent]\n|-ability|p2a: Gay Duck|Moxie|boost\n|-boost|p2a: Gay Duck|atk|1\n|\n|-heal|p2a: Gay Duck|51\/100|[from] item: Leftovers\n|upkeep\n|\n|t:|1700946097\n|switch|p1a: Crimson|Scizor, M|100\/100\n|turn|11\n|\n|t:|1700946104\n|move|p1a: Crimson|Bullet Punch|p2a: Gay Duck\n|-resisted|p2a: Gay Duck\n|-damage|p2a: Gay Duck|5\/100\n|-damage|p1a: Crimson|91\/100|[from] item: Life Orb\n|move|p2a: Gay Duck|Close Combat|p1a: Crimson\n|-damage|p1a: Crimson|0 fnt\n|-unboost|p2a: Gay Duck|def|1\n|-unboost|p2a: Gay Duck|spd|1\n|faint|p1a: Crimson\n|-ability|p2a: Gay Duck|Moxie|boost\n|-boost|p2a: Gay Duck|atk|1\n|\n|-heal|p2a: Gay Duck|11\/100|[from] item: Leftovers\n|upkeep\n|c|\u2606dragonex129|gg\n|\n|t:|1700946119\n|switch|p1a: Sparky|Rotom|100\/100\n|turn|12\n|\n|t:|1700946130\n|move|p2a: Gay Duck|Aqua Step|p1a: Sparky\n|-damage|p1a: Sparky|0 fnt\n|-boost|p2a: Gay Duck|spe|1\n|faint|p1a: Sparky\n|-ability|p2a: Gay Duck|Moxie|boost\n|-boost|p2a: Gay Duck|atk|1\n|\n|-heal|p2a: Gay Duck|17\/100|[from] item: Leftovers\n|upkeep\n|\n|t:|1700946137\n|switch|p1a: Shadow|Gengar, M|100\/100\n|turn|13\n|\n|t:|1700946139\n|move|p2a: Gay Duck|Aqua Step|p1a: Shadow\n|-damage|p1a: Shadow|0 fnt\n|-boost|p2a: Gay Duck|spe|1\n|-start|p2a: Gay Duck|Disable|Aqua Step|[from] ability: Cursed Body|[of] p1a: Shadow\n|faint|p1a: Shadow\n|\n|win|RodentCollector\n|c|\u2606dragonex129|gg\n|c|\u2606RodentCollector|gg\n|l| SegoeScript\n|c|\u2606RodentCollector|I swords danced there expecting you to go right into wake\n|l| KhaoticIntent\n","uploadtime":1700946195,"views":12,"p1id":"dragonex129","p2id":"rodentcollector","formatid":"gen9ubers","rating":0,"private":0,"password":""}