{"id":"gen9ubers-1974641323","p1":"Leterte18","p2":"Sonad~","format":"[Gen 9] Ubers","log":"|j|\u2606Leterte18\n|j|\u2606Sonad~\n|t:|1698105620\n|gametype|singles\n|player|p1|Leterte18|1|\n|player|p2|Sonad~|zinnia|\n|teamsize|p1|6\n|teamsize|p2|6\n|gen|9\n|tier|[Gen 9] Ubers\n|rule|Sleep Clause Mod: Limit one foe put to sleep\n|rule|Species Clause: Limit one of each Pok\u00e9mon\n|rule|OHKO Clause: OHKO moves are banned\n|rule|Evasion Items Clause: Evasion items are banned\n|rule|Evasion Moves Clause: Evasion moves are banned\n|rule|Endless Battle Clause: Forcing endless battles is banned\n|rule|HP Percentage Mod: HP is shown in percentages\n|clearpoke\n|poke|p1|Dialga-Origin|\n|poke|p1|Palkia-Origin|\n|poke|p1|Giratina-Origin|\n|poke|p1|Arceus|\n|poke|p1|Groudon|\n|poke|p1|Eternatus|\n|poke|p2|Ursaluna-Bloodmoon, M|\n|poke|p2|Miraidon|\n|poke|p2|Shaymin-Sky|\n|poke|p2|Urshifu-*, F|\n|poke|p2|Chi-Yu|\n|poke|p2|Zacian-*|\n|teampreview\n|j| Hand0fD00m\n|c|\u2606Leterte18|Gg\u2019s good luck\n|c| Hand0fD00m|gl guys!\n|\n|t:|1698105668\n|start\n|switch|p1a: Eternatus|Eternatus|100\/100\n|switch|p2a: Urshifu|Urshifu-Rapid-Strike, F|100\/100\n|-ability|p1a: Eternatus|Pressure\n|turn|1\n|c|\u2606Sonad~|back at cha\\\n|\n|t:|1698105696\n|switch|p1a: Giratina|Giratina-Origin, shiny|100\/100\n|move|p2a: Urshifu|U-turn|p1a: Giratina\n|-resisted|p1a: Giratina\n|-damage|p1a: Giratina|91\/100\n|\n|t:|1698105722\n|switch|p2a: Miraidon|Miraidon|100\/100|[from] U-turn\n|-fieldstart|move: Electric Terrain|[from] ability: Hadron Engine|[of] p2a: Miraidon\n|\n|upkeep\n|turn|2\n|\n|t:|1698105731\n|-terastallize|p1a: Giratina|Ghost\n|move|p2a: Miraidon|Dazzling Gleam|p1a: Giratina\n|-damage|p1a: Giratina|44\/100\n|move|p1a: Giratina|Draco Meteor|p2a: Miraidon\n|-supereffective|p2a: Miraidon\n|-damage|p2a: Miraidon|0 fnt\n|-unboost|p1a: Giratina|spa|2\n|faint|p2a: Miraidon\n|\n|upkeep\n|c|\u2606Sonad~|and i almost tera'd that turn too\n|\n|t:|1698105769\n|switch|p2a: Chi-Yu|Chi-Yu|100\/100\n|-ability|p2a: Chi-Yu|Beads of Ruin\n|turn|3\n|\n|t:|1698105781\n|move|p1a: Giratina|Shadow Sneak|p2a: Chi-Yu\n|-resisted|p2a: Chi-Yu\n|-damage|p2a: Chi-Yu|76\/100\n|move|p2a: Chi-Yu|Flamethrower|p1a: Giratina\n|-damage|p1a: Giratina|0 fnt\n|faint|p1a: Giratina\n|\n|upkeep\n|\n|t:|1698105792\n|switch|p1a: Palkia|Palkia-Origin|100\/100\n|-ability|p1a: Palkia|Pressure\n|turn|4\n|\n|t:|1698105820\n|move|p1a: Palkia|Hydro Pump|p2a: Chi-Yu|[miss]\n|-miss|p1a: Palkia|p2a: Chi-Yu\n|move|p2a: Chi-Yu|Dark Pulse|p1a: Palkia\n|-damage|p1a: Palkia|50\/100\n|\n|upkeep\n|turn|5\n|\n|t:|1698105835\n|switch|p2a: Urshifu|Urshifu-Rapid-Strike, F|100\/100\n|move|p1a: Palkia|Hydro Pump|p2a: Urshifu\n|-resisted|p2a: Urshifu\n|-damage|p2a: Urshifu|41\/100\n|\n|-fieldend|move: Electric Terrain\n|upkeep\n|turn|6\n|c|\u2606Sonad~|ow\n|c| Hand0fD00m|revenge for the miss\n|\n|t:|1698105856\n|move|p1a: Palkia|Thunder Wave|p2a: Urshifu\n|-status|p2a: Urshifu|par\n|move|p2a: Urshifu|Surging Strikes|p1a: Palkia\n|-resisted|p1a: Palkia\n|-crit|p1a: Palkia\n|-damage|p1a: Palkia|45\/100\n|-resisted|p1a: Palkia\n|-crit|p1a: Palkia\n|-damage|p1a: Palkia|40\/100\n|-resisted|p1a: Palkia\n|-crit|p1a: Palkia\n|-damage|p1a: Palkia|35\/100\n|-hitcount|p1a: Palkia|3\n|\n|upkeep\n|turn|7\n|c|\u2606Sonad~|i thought urshifu resisted it\n|c|\u2606Sonad~|weird\n|c|\u2606Sonad~|urshifu kinda bad tbh. this is like my first time using it\n|c| Hand0fD00m|it does lol\n|c|\u2606Sonad~|it does, just doesnt seem like it lol\n|\n|t:|1698105889\n|move|p1a: Palkia|Spacial Rend|p2a: Urshifu\n|-crit|p2a: Urshifu\n|-damage|p2a: Urshifu|0 fnt\n|faint|p2a: Urshifu\n|\n|upkeep\n|\n|t:|1698105903\n|switch|p2a: Zacian|Zacian-Crowned|100\/100\n|-ability|p2a: Zacian|Intrepid Sword|boost\n|-boost|p2a: Zacian|atk|1\n|turn|8\n|c| Hand0fD00m|yeah urshifu may be uubers material\n|\n|t:|1698105912\n|move|p2a: Zacian|Play Rough|p1a: Palkia\n|-supereffective|p1a: Palkia\n|-damage|p1a: Palkia|0 fnt\n|faint|p1a: Palkia\n|\n|upkeep\n|\n|t:|1698105920\n|switch|p1a: Groudon|Groudon|100\/100\n|-weather|SunnyDay|[from] ability: Drought|[of] p1a: Groudon\n|turn|9\n|\n|t:|1698105936\n|switch|p2a: Chi-Yu|Chi-Yu|76\/100\n|-ability|p2a: Chi-Yu|Beads of Ruin\n|move|p1a: Groudon|Will-O-Wisp|p2a: Chi-Yu\n|-immune|p2a: Chi-Yu\n|\n|-weather|SunnyDay|[upkeep]\n|upkeep\n|turn|10\n|\n|t:|1698105944\n|move|p2a: Chi-Yu|Will-O-Wisp|p1a: Groudon\n|-status|p1a: Groudon|brn\n|move|p1a: Groudon|Precipice Blades|p2a: Chi-Yu\n|-supereffective|p2a: Chi-Yu\n|-damage|p2a: Chi-Yu|0 fnt\n|faint|p2a: Chi-Yu\n|\n|-weather|SunnyDay|[upkeep]\n|-damage|p1a: Groudon|94\/100 brn|[from] brn\n|upkeep\n|c|\u2606Sonad~|uno reversal\n|j| andrewondampbi\n|\n|t:|1698105972\n|switch|p2a: Shaymin|Shaymin-Sky|100\/100\n|turn|11\n|\n|t:|1698106013\n|move|p2a: Shaymin|Earth Power|p1a: Groudon\n|-damage|p1a: Groudon|75\/100 brn\n|-unboost|p1a: Groudon|spd|1\n|move|p1a: Groudon|Will-O-Wisp|p2a: Shaymin\n|-status|p2a: Shaymin|brn\n|\n|-weather|SunnyDay|[upkeep]\n|-heal|p1a: Groudon|82\/100 brn|[from] item: Leftovers\n|-damage|p2a: Shaymin|94\/100 brn|[from] brn\n|-damage|p1a: Groudon|75\/100 brn|[from] brn\n|upkeep\n|turn|12\n|j| darkmoju\n|\n|t:|1698106031\n|switch|p1a: Dialga|Dialga-Origin|100\/100\n|-ability|p1a: Dialga|Pressure\n|move|p2a: Shaymin|Earth Power|p1a: Dialga\n|-supereffective|p1a: Dialga\n|-damage|p1a: Dialga|47\/100\n|-unboost|p1a: Dialga|spd|1\n|\n|-weather|SunnyDay|[upkeep]\n|-damage|p2a: Shaymin|88\/100 brn|[from] brn\n|upkeep\n|turn|13\n|\n|t:|1698106055\n|move|p2a: Shaymin|Earth Power|p1a: Dialga\n|-supereffective|p1a: Dialga\n|-damage|p1a: Dialga|0 fnt\n|faint|p1a: Dialga\n|\n|-weather|none\n|-damage|p2a: Shaymin|82\/100 brn|[from] brn\n|upkeep\n|\n|t:|1698106067\n|switch|p1a: Arceus|Arceus, shiny|100\/100\n|turn|14\n|\n|t:|1698106083\n|switch|p2a: Zacian|Zacian-Crowned|100\/100\n|move|p1a: Arceus|Extreme Speed|p2a: Zacian\n|-resisted|p2a: Zacian\n|-damage|p2a: Zacian|76\/100\n|\n|upkeep\n|turn|15\n|\n|t:|1698106170\n|switch|p1a: Groudon|Groudon|75\/100 brn\n|-weather|SunnyDay|[from] ability: Drought|[of] p1a: Groudon\n|move|p2a: Zacian|Play Rough|p1a: Groudon\n|-damage|p1a: Groudon|41\/100 brn\n|\n|-weather|SunnyDay|[upkeep]\n|-heal|p1a: Groudon|48\/100 brn|[from] item: Leftovers\n|-damage|p1a: Groudon|41\/100 brn|[from] brn\n|upkeep\n|turn|16\n|\n|t:|1698106190\n|move|p2a: Zacian|Behemoth Blade|p1a: Groudon\n|-damage|p1a: Groudon|4\/100 brn\n|move|p1a: Groudon|Will-O-Wisp|p2a: Zacian\n|-status|p2a: Zacian|brn\n|\n|-weather|SunnyDay|[upkeep]\n|-heal|p1a: Groudon|11\/100 brn|[from] item: Leftovers\n|-damage|p2a: Zacian|69\/100 brn|[from] brn\n|-damage|p1a: Groudon|4\/100 brn|[from] brn\n|upkeep\n|turn|17\n|\n|t:|1698106204\n|move|p1a: Groudon|Protect|p1a: Groudon\n|-singleturn|p1a: Groudon|Protect\n|move|p2a: Zacian|Trailblaze|p1a: Groudon\n|-activate|p1a: Groudon|move: Protect\n|\n|-weather|SunnyDay|[upkeep]\n|-heal|p1a: Groudon|11\/100 brn|[from] item: Leftovers\n|-damage|p2a: Zacian|63\/100 brn|[from] brn\n|-damage|p1a: Groudon|4\/100 brn|[from] brn\n|upkeep\n|turn|18\n|c|\u2606Sonad~|\ud83d\ude44\n|\n|t:|1698106220\n|move|p1a: Groudon|Protect||[still]\n|-fail|p1a: Groudon\n|move|p2a: Zacian|Trailblaze|p1a: Groudon\n|-supereffective|p1a: Groudon\n|-damage|p1a: Groudon|0 fnt\n|-boost|p2a: Zacian|spe|1\n|faint|p1a: Groudon\n|\n|-weather|SunnyDay|[upkeep]\n|-damage|p2a: Zacian|57\/100 brn|[from] brn\n|upkeep\n|c| Hand0fD00m|trying a Mar strat eh\n|\n|t:|1698106232\n|switch|p1a: Eternatus|Eternatus|100\/100\n|-ability|p1a: Eternatus|Pressure\n|turn|19\n|\n|t:|1698106243\n|move|p2a: Zacian|Play Rough|p1a: Eternatus\n|-damage|p1a: Eternatus|79\/100\n|move|p1a: Eternatus|Fire Blast|p2a: Zacian\n|-supereffective|p2a: Zacian\n|-damage|p2a: Zacian|0 fnt\n|faint|p2a: Zacian\n|\n|-weather|none\n|upkeep\n|\n|t:|1698106271\n|switch|p2a: Shaymin|Shaymin-Sky|82\/100 brn\n|turn|20\n|j| Rival Andrew\n|l| andrewondampbi\n|\n|t:|1698106282\n|move|p2a: Shaymin|Earth Power|p1a: Eternatus\n|-supereffective|p1a: Eternatus\n|-damage|p1a: Eternatus|32\/100\n|move|p1a: Eternatus|Fire Blast|p2a: Shaymin|[miss]\n|-miss|p1a: Eternatus|p2a: Shaymin\n|\n|-damage|p2a: Shaymin|76\/100 brn|[from] brn\n|upkeep\n|turn|21\n|c|\u2606Sonad~|ouch\n|c|\u2606Leterte18|Can\u2019t catch a. Break\n|\n|t:|1698106316\n|move|p2a: Shaymin|Earth Power|p1a: Eternatus\n|-supereffective|p1a: Eternatus\n|-damage|p1a: Eternatus|0 fnt\n|faint|p1a: Eternatus\n|\n|-damage|p2a: Shaymin|70\/100 brn|[from] brn\n|upkeep\n|\n|t:|1698106318\n|switch|p1a: Arceus|Arceus, shiny|100\/100\n|turn|22\n|\n|t:|1698106337\n|move|p2a: Shaymin|Earth Power|p1a: Arceus\n|-damage|p1a: Arceus|78\/100\n|move|p1a: Arceus|Swords Dance|p1a: Arceus\n|-boost|p1a: Arceus|atk|2\n|\n|-damage|p2a: Shaymin|64\/100 brn|[from] brn\n|upkeep\n|turn|23\n|\n|t:|1698106350\n|move|p2a: Shaymin|Earth Power|p1a: Arceus\n|-damage|p1a: Arceus|56\/100\n|move|p1a: Arceus|Swords Dance|p1a: Arceus\n|-boost|p1a: Arceus|atk|2\n|\n|-damage|p2a: Shaymin|57\/100 brn|[from] brn\n|upkeep\n|turn|24\n|\n|t:|1698106355\n|move|p1a: Arceus|Extreme Speed|p2a: Shaymin\n|-damage|p2a: Shaymin|0 fnt\n|faint|p2a: Shaymin\n|\n|upkeep\n|c|\u2606Sonad~|uh oh\n|\n|t:|1698106360\n|switch|p2a: Ursaluna|Ursaluna-Bloodmoon, M|100\/100\n|turn|25\n|\n|t:|1698106365\n|-terastallize|p2a: Ursaluna|Ghost\n|move|p1a: Arceus|Extreme Speed|p2a: Ursaluna\n|-immune|p2a: Ursaluna\n|move|p2a: Ursaluna|Blood Moon|p1a: Arceus\n|-damage|p1a: Arceus|0 fnt\n|faint|p1a: Arceus\n|-damage|p2a: Ursaluna|90\/100|[from] item: Life Orb\n|\n|win|Sonad~\n|c|\u2606Sonad~|gg\n|c| Hand0fD00m|nice\n|c|\u2606Leterte18|Gg\n|c| Rival Andrew|gg\n|c|\u2606Sonad~|i thought you had me there bro\n|c| Hand0fD00m|ggs both of you!\n|c|\u2606Sonad~|good stuff\n","uploadtime":1698106388,"views":10,"p1id":"leterte18","p2id":"sonad","formatid":"gen9ubers","rating":0,"private":0,"password":""}