{"id":"gen9ubers-1981517232","p1":"ShanmanT","p2":"Rival Gary Oak","format":"[Gen 9] Ubers","log":"|j|\u2606ShanmanT\n|j|\u2606Rival Gary Oak\n|t:|1698910802\n|gametype|singles\n|player|p1|ShanmanT|169|\n|player|p2|Rival Gary Oak|blue|\n|teamsize|p1|6\n|teamsize|p2|6\n|gen|9\n|tier|[Gen 9] Ubers\n|rule|Sleep Clause Mod: Limit one foe put to sleep\n|rule|Species Clause: Limit one of each Pok\u00e9mon\n|rule|OHKO Clause: OHKO moves are banned\n|rule|Evasion Items Clause: Evasion items are banned\n|rule|Evasion Moves Clause: Evasion moves are banned\n|rule|Endless Battle Clause: Forcing endless battles is banned\n|rule|HP Percentage Mod: HP is shown in percentages\n|clearpoke\n|poke|p1|Breloom, F|\n|poke|p1|Diancie|\n|poke|p1|Garganacl, M|\n|poke|p1|Armarouge, F|\n|poke|p1|Decidueye, F|\n|poke|p1|Munkidori, M|\n|poke|p2|Dragapult, F|\n|poke|p2|Ogerpon, F|\n|poke|p2|Goodra-Hisui, M|\n|poke|p2|Cloyster, F|\n|poke|p2|Articuno-Galar|\n|poke|p2|Regieleki|\n|teampreview\n|\n|t:|1698910881\n|start\n|switch|p1a: Breloom|Breloom, F|100\/100\n|switch|p2a: Dragapult|Dragapult, F|100\/100\n|turn|1\n|j| currys\n|j| mysticalcheese\n|\n|t:|1698910910\n|switch|p1a: Diancie|Diancie|100\/100\n|move|p2a: Dragapult|U-turn|p1a: Diancie\n|-resisted|p1a: Diancie\n|-damage|p1a: Diancie|94\/100\n|\n|t:|1698910920\n|switch|p2a: Goodra|Goodra-Hisui, M|100\/100|[from] U-turn\n|\n|upkeep\n|turn|2\n|\n|t:|1698910957\n|move|p2a: Goodra|Knock Off|p1a: Diancie\n|-resisted|p1a: Diancie\n|-damage|p1a: Diancie|86\/100\n|-enditem|p1a: Diancie|Assault Vest|[from] move: Knock Off|[of] p2a: Goodra\n|move|p1a: Diancie|Body Press|p2a: Goodra\n|-supereffective|p2a: Goodra\n|-enditem|p2a: Goodra|Chople Berry|[eat]\n|-enditem|p2a: Goodra|Chople Berry|[weaken]\n|-damage|p2a: Goodra|76\/100\n|\n|upkeep\n|turn|3\n|\n|t:|1698910983\n|switch|p2a: Ogerpon|Ogerpon, F|100\/100\n|switch|p1a: Armarouge|Armarouge, F|100\/100\n|\n|upkeep\n|turn|4\n|\n|t:|1698910999\n|move|p2a: Ogerpon|U-turn|p1a: Armarouge\n|-damage|p1a: Armarouge|78\/100\n|\n|t:|1698911018\n|switch|p2a: Dragapult|Dragapult, F|100\/100|[from] U-turn\n|move|p1a: Armarouge|Armor Cannon|p2a: Dragapult\n|-resisted|p2a: Dragapult\n|-damage|p2a: Dragapult|65\/100\n|-unboost|p1a: Armarouge|def|1\n|-unboost|p1a: Armarouge|spd|1\n|\n|upkeep\n|turn|5\n|\n|t:|1698911033\n|switch|p1a: Diancie|Diancie|86\/100\n|move|p2a: Dragapult|Shadow Ball|p1a: Diancie\n|-damage|p1a: Diancie|38\/100\n|\n|upkeep\n|turn|6\n|\n|t:|1698911059\n|move|p2a: Dragapult|Shadow Ball|p1a: Diancie\n|-damage|p1a: Diancie|0 fnt\n|faint|p1a: Diancie\n|\n|upkeep\n|\n|t:|1698911064\n|switch|p1a: Munkidori|Munkidori, M|100\/100\n|turn|7\n|\n|t:|1698911076\n|switch|p2a: Goodra|Goodra-Hisui, M|76\/100\n|move|p1a: Munkidori|Shadow Ball|p2a: Goodra\n|-damage|p2a: Goodra|57\/100\n|-unboost|p2a: Goodra|spd|1\n|\n|upkeep\n|turn|8\n|\n|t:|1698911097\n|switch|p1a: Armarouge|Armarouge, F|78\/100\n|move|p2a: Goodra|Knock Off|p1a: Armarouge\n|-supereffective|p1a: Armarouge\n|-damage|p1a: Armarouge|43\/100\n|-enditem|p1a: Armarouge|Light Clay|[from] move: Knock Off|[of] p2a: Goodra\n|\n|upkeep\n|turn|9\n|\n|t:|1698911112\n|move|p1a: Armarouge|Light Screen|p1a: Armarouge\n|-sidestart|p1: ShanmanT|move: Light Screen\n|move|p2a: Goodra|Knock Off|p1a: Armarouge\n|-supereffective|p1a: Armarouge\n|-damage|p1a: Armarouge|20\/100\n|\n|upkeep\n|turn|10\n|\n|t:|1698911132\n|move|p1a: Armarouge|Reflect|p1a: Armarouge\n|-sidestart|p1: ShanmanT|Reflect\n|move|p2a: Goodra|Knock Off|p1a: Armarouge\n|-supereffective|p1a: Armarouge\n|-damage|p1a: Armarouge|7\/100\n|\n|upkeep\n|turn|11\n|\n|t:|1698911149\n|switch|p2a: Articuno|Articuno-Galar, shiny|100\/100\n|move|p1a: Armarouge|Armor Cannon|p2a: Articuno\n|-damage|p2a: Articuno|44\/100\n|-unboost|p1a: Armarouge|def|1\n|-unboost|p1a: Armarouge|spd|1\n|\n|upkeep\n|turn|12\n|\n|t:|1698911182\n|move|p2a: Articuno|Air Slash|p1a: Armarouge\n|-damage|p1a: Armarouge|0 fnt\n|faint|p1a: Armarouge\n|\n|upkeep\n|\n|t:|1698911188\n|switch|p1a: Munkidori|Munkidori, M|100\/100\n|turn|13\n|\n|t:|1698911198\n|move|p1a: Munkidori|Shadow Ball|p2a: Articuno\n|-supereffective|p2a: Articuno\n|-damage|p2a: Articuno|0 fnt\n|faint|p2a: Articuno\n|\n|-sideend|p1: ShanmanT|move: Light Screen\n|upkeep\n|\n|t:|1698911204\n|switch|p2a: Goodra|Goodra-Hisui, M|57\/100\n|turn|14\n|\n|t:|1698911216\n|switch|p1a: Garganacl|Garganacl, M|100\/100\n|move|p2a: Goodra|Knock Off|p1a: Garganacl\n|-damage|p1a: Garganacl|95\/100\n|-enditem|p1a: Garganacl|Leftovers|[from] move: Knock Off|[of] p2a: Goodra\n|\n|-sideend|p1: ShanmanT|Reflect\n|upkeep\n|turn|15\n|\n|t:|1698911238\n|move|p2a: Goodra|Draco Meteor|p1a: Garganacl\n|-damage|p1a: Garganacl|36\/100\n|-unboost|p2a: Goodra|spa|2\n|move|p1a: Garganacl|Salt Cure|p2a: Goodra\n|-resisted|p2a: Goodra\n|-damage|p2a: Goodra|50\/100\n|-start|p2a: Goodra|Salt Cure\n|\n|-damage|p2a: Goodra|25\/100|[from] Salt Cure\n|upkeep\n|turn|16\n|\n|t:|1698911254\n|switch|p2a: Ogerpon|Ogerpon, F|100\/100\n|move|p1a: Garganacl|Recover|p1a: Garganacl\n|-heal|p1a: Garganacl|86\/100\n|\n|upkeep\n|turn|17\n|\n|t:|1698911280\n|switch|p1a: Munkidori|Munkidori, M|100\/100\n|move|p2a: Ogerpon|Ivy Cudgel|p1a: Munkidori\n|-resisted|p1a: Munkidori\n|-damage|p1a: Munkidori|66\/100\n|\n|upkeep\n|turn|18\n|\n|t:|1698911288\n|switch|p2a: Goodra|Goodra-Hisui, M|25\/100\n|move|p1a: Munkidori|Shadow Ball|p2a: Goodra\n|-damage|p2a: Goodra|7\/100\n|\n|upkeep\n|turn|19\n|\n|t:|1698911310\n|move|p1a: Munkidori|Shadow Ball|p2a: Goodra\n|-damage|p2a: Goodra|0 fnt\n|faint|p2a: Goodra\n|\n|upkeep\n|\n|t:|1698911318\n|switch|p2a: Regieleki|Regieleki, shiny|100\/100\n|turn|20\n|\n|t:|1698911342\n|switch|p1a: Decidueye|Decidueye, F|100\/100\n|move|p2a: Regieleki|Volt Switch|p1a: Decidueye\n|-resisted|p1a: Decidueye\n|-damage|p1a: Decidueye|80\/100\n|\n|t:|1698911395\n|switch|p2a: Ogerpon|Ogerpon, F|100\/100|[from] Volt Switch\n|\n|upkeep\n|turn|21\n|\n|t:|1698911445\n|move|p2a: Ogerpon|Knock Off|p1a: Decidueye\n|-supereffective|p1a: Decidueye\n|-damage|p1a: Decidueye|1\/100\n|-enditem|p1a: Decidueye|Life Orb|[from] move: Knock Off|[of] p2a: Ogerpon\n|move|p1a: Decidueye|Nasty Plot|p1a: Decidueye\n|-boost|p1a: Decidueye|spa|2\n|\n|upkeep\n|turn|22\n|\n|t:|1698911463\n|move|p2a: Ogerpon|U-turn|p1a: Decidueye\n|-damage|p1a: Decidueye|0 fnt\n|faint|p1a: Decidueye\n|\n|t:|1698911470\n|switch|p2a: Regieleki|Regieleki, shiny|100\/100|[from] U-turn\n|\n|upkeep\n|\n|t:|1698911473\n|switch|p1a: Breloom|Breloom, F|100\/100\n|turn|23\n|\n|t:|1698911478\n|move|p2a: Regieleki|Volt Switch|p1a: Breloom\n|-resisted|p1a: Breloom\n|-damage|p1a: Breloom|65\/100\n|\n|t:|1698911482\n|switch|p2a: Ogerpon|Ogerpon, F|100\/100|[from] Volt Switch\n|move|p1a: Breloom|Bulldoze|p2a: Ogerpon\n|-resisted|p2a: Ogerpon\n|-damage|p2a: Ogerpon|66\/100\n|-unboost|p2a: Ogerpon|spe|1\n|-ability|p2a: Ogerpon|Defiant|boost\n|-boost|p2a: Ogerpon|atk|2\n|\n|-heal|p2a: Ogerpon|72\/100|[from] item: Leftovers\n|upkeep\n|turn|24\n|\n|t:|1698911513\n|switch|p1a: Munkidori|Munkidori, M|66\/100\n|move|p2a: Ogerpon|Ivy Cudgel|p1a: Munkidori\n|-resisted|p1a: Munkidori\n|-damage|p1a: Munkidori|0 fnt\n|faint|p1a: Munkidori\n|\n|-heal|p2a: Ogerpon|78\/100|[from] item: Leftovers\n|upkeep\n|\n|t:|1698911521\n|switch|p1a: Garganacl|Garganacl, M|86\/100\n|turn|25\n|\n|t:|1698911525\n|move|p2a: Ogerpon|Ivy Cudgel|p1a: Garganacl\n|-supereffective|p1a: Garganacl\n|-damage|p1a: Garganacl|0 fnt\n|faint|p1a: Garganacl\n|\n|-heal|p2a: Ogerpon|84\/100|[from] item: Leftovers\n|upkeep\n|\n|t:|1698911530\n|switch|p1a: Breloom|Breloom, F|65\/100\n|turn|26\n|\n|t:|1698911547\n|move|p1a: Breloom|Mach Punch|p2a: Ogerpon\n|-damage|p2a: Ogerpon|19\/100\n|move|p2a: Ogerpon|U-turn|p1a: Breloom\n|-damage|p1a: Breloom|4\/100\n|\n|t:|1698911554\n|switch|p2a: Dragapult|Dragapult, F|65\/100|[from] U-turn\n|\n|upkeep\n|turn|27\n|\n|t:|1698911597\n|move|p1a: Breloom|Mach Punch|p2a: Dragapult\n|-immune|p2a: Dragapult\n|move|p2a: Dragapult|Flamethrower|p1a: Breloom\n|-supereffective|p1a: Breloom\n|-damage|p1a: Breloom|0 fnt\n|faint|p1a: Breloom\n|\n|win|Rival Gary Oak\n","uploadtime":1698911610,"views":19,"p1id":"shanmant","p2id":"rivalgaryoak","formatid":"gen9ubers","rating":0,"private":0,"password":""}