{"id":"gen9ubers-1978849628","p1":"Blueninja658","p2":"mobmaster21","format":"[Gen 9] Ubers","log":"|j|\u2606Blueninja658\n|j|\u2606mobmaster21\n|t:|1698602478\n|gametype|singles\n|player|p1|Blueninja658|101|\n|player|p2|mobmaster21|riley|\n|teamsize|p1|6\n|teamsize|p2|6\n|gen|9\n|tier|[Gen 9] Ubers\n|rule|Sleep Clause Mod: Limit one foe put to sleep\n|rule|Species Clause: Limit one of each Pok\u00e9mon\n|rule|OHKO Clause: OHKO moves are banned\n|rule|Evasion Items Clause: Evasion items are banned\n|rule|Evasion Moves Clause: Evasion moves are banned\n|rule|Endless Battle Clause: Forcing endless battles is banned\n|rule|HP Percentage Mod: HP is shown in percentages\n|clearpoke\n|poke|p1|Enamorus-Therian, F|\n|poke|p1|Kilowattrel, F|\n|poke|p1|Mew|\n|poke|p1|Dragonite, M|\n|poke|p1|Tauros-Paldea-Aqua, M|\n|poke|p1|Ting-Lu|\n|poke|p2|Roaring Moon|\n|poke|p2|Quaquaval, M|\n|poke|p2|Zapdos|\n|poke|p2|Greninja-*, M|\n|poke|p2|Rillaboom, M|\n|poke|p2|Staraptor, F|\n|teampreview\n|\n|t:|1698602495\n|start\n|switch|p1a: City Wok|Ting-Lu|100\/100\n|switch|p2a: Greninja|Greninja, M, shiny|100\/100\n|-ability|p1a: City Wok|Vessel of Ruin\n|turn|1\n|c|\u2606Blueninja658|gl,hf\n|c|\u2606mobmaster21|U2\n|\n|t:|1698602544\n|switch|p1a: Sirloin|Tauros-Paldea-Aqua, M|100\/100\n|-ability|p1a: Sirloin|Intimidate|boost\n|-unboost|p2a: Greninja|atk|1\n|move|p2a: Greninja|Switcheroo|p1a: Sirloin\n|-start|p2a: Greninja|typechange|Dark|[from] ability: Protean\n|-activate|p2a: Greninja|move: Trick|[of] p1a: Sirloin\n|-item|p1a: Sirloin|Choice Specs|[from] move: Switcheroo\n|-item|p2a: Greninja|Rindo Berry|[from] move: Switcheroo\n|\n|upkeep\n|turn|2\n|\n|t:|1698602572\n|switch|p2a: Zapdos|Zapdos|100\/100\n|-ability|p2a: Zapdos|Pressure\n|move|p1a: Sirloin|Close Combat|p2a: Zapdos\n|-resisted|p2a: Zapdos\n|-damage|p2a: Zapdos|81\/100\n|-unboost|p1a: Sirloin|def|1\n|-unboost|p1a: Sirloin|spd|1\n|-damage|p1a: Sirloin|84\/100|[from] item: Rocky Helmet|[of] p2a: Zapdos\n|\n|upkeep\n|turn|3\n|\n|t:|1698602589\n|switch|p1a: City Wok|Ting-Lu|100\/100\n|-ability|p1a: City Wok|Vessel of Ruin\n|move|p2a: Zapdos|Thunder Wave|p1a: City Wok\n|-immune|p1a: City Wok\n|\n|upkeep\n|turn|4\n|\n|t:|1698602597\n|move|p2a: Zapdos|Heat Wave|p1a: City Wok\n|-damage|p1a: City Wok|81\/100\n|move|p1a: City Wok|Stealth Rock|p2a: Zapdos\n|-sidestart|p2: mobmaster21|move: Stealth Rock\n|\n|-heal|p1a: City Wok|87\/100|[from] item: Leftovers\n|upkeep\n|turn|5\n|\n|t:|1698602608\n|switch|p2a: Rillaboom|Rillaboom, M|100\/100\n|-damage|p2a: Rillaboom|88\/100|[from] Stealth Rock\n|-fieldstart|move: Grassy Terrain|[from] ability: Grassy Surge|[of] p2a: Rillaboom\n|move|p1a: City Wok|Ruination|p2a: Rillaboom|[miss]\n|-miss|p1a: City Wok|p2a: Rillaboom\n|\n|-heal|p2a: Rillaboom|94\/100|[from] Grassy Terrain\n|-heal|p1a: City Wok|93\/100|[from] Grassy Terrain\n|-heal|p1a: City Wok|99\/100|[from] item: Leftovers\n|upkeep\n|turn|6\n|\n|t:|1698602661\n|switch|p1a: You've Got Mail|Dragonite, M|100\/100\n|move|p2a: Rillaboom|U-turn|p1a: You've Got Mail\n|-resisted|p1a: You've Got Mail\n|-damage|p1a: You've Got Mail|92\/100\n|\n|t:|1698602668\n|switch|p2a: Greninja|Greninja, M, shiny|100\/100|[from] U-turn\n|-damage|p2a: Greninja|88\/100|[from] Stealth Rock\n|\n|-heal|p2a: Greninja|94\/100|[from] Grassy Terrain\n|upkeep\n|turn|7\n|\n|t:|1698602683\n|switch|p1a: Sirloin|Tauros-Paldea-Aqua, M|84\/100\n|-ability|p1a: Sirloin|Intimidate|boost\n|-unboost|p2a: Greninja|atk|1\n|move|p2a: Greninja|Ice Beam|p1a: Sirloin\n|-start|p2a: Greninja|typechange|Ice|[from] ability: Protean\n|-resisted|p1a: Sirloin\n|-damage|p1a: Sirloin|66\/100\n|\n|-heal|p2a: Greninja|99\/100|[from] Grassy Terrain\n|-heal|p1a: Sirloin|72\/100|[from] Grassy Terrain\n|upkeep\n|turn|8\n|\n|t:|1698602709\n|switch|p2a: Zapdos|Zapdos|81\/100\n|-damage|p2a: Zapdos|56\/100|[from] Stealth Rock\n|-ability|p2a: Zapdos|Pressure\n|move|p1a: Sirloin|Stone Edge|p2a: Zapdos|[miss]\n|-miss|p1a: Sirloin|p2a: Zapdos\n|\n|-heal|p1a: Sirloin|78\/100|[from] Grassy Terrain\n|upkeep\n|turn|9\n|\n|t:|1698602721\n|switch|p1a: City Wok|Ting-Lu|99\/100\n|-ability|p1a: City Wok|Vessel of Ruin\n|move|p2a: Zapdos|Roost|p2a: Zapdos\n|-heal|p2a: Zapdos|100\/100\n|-singleturn|p2a: Zapdos|move: Roost\n|\n|-heal|p1a: City Wok|100\/100|[from] Grassy Terrain\n|-fieldend|move: Grassy Terrain\n|upkeep\n|turn|10\n|\n|t:|1698602737\n|switch|p2a: Quaquaval|Quaquaval, M|100\/100\n|-damage|p2a: Quaquaval|94\/100|[from] Stealth Rock\n|move|p1a: City Wok|Ruination|p2a: Quaquaval\n|-damage|p2a: Quaquaval|47\/100\n|\n|upkeep\n|turn|11\n|\n|t:|1698602752\n|switch|p1a: Sirloin|Tauros-Paldea-Aqua, M|78\/100\n|-ability|p1a: Sirloin|Intimidate|boost\n|-unboost|p2a: Quaquaval|atk|1\n|move|p2a: Quaquaval|Aqua Step|p1a: Sirloin\n|-resisted|p1a: Sirloin\n|-damage|p1a: Sirloin|66\/100\n|-boost|p2a: Quaquaval|spe|1\n|\n|upkeep\n|turn|12\n|\n|t:|1698602801\n|switch|p1a: Rufus|Mew|100\/100\n|move|p2a: Quaquaval|Brave Bird|p1a: Rufus\n|-damage|p1a: Rufus|76\/100\n|-damage|p2a: Quaquaval|37\/100|[from] Recoil\n|\n|upkeep\n|turn|13\n|\n|t:|1698602813\n|move|p2a: Quaquaval|U-turn|p1a: Rufus\n|-supereffective|p1a: Rufus\n|-damage|p1a: Rufus|52\/100\n|\n|t:|1698602818\n|switch|p2a: Greninja|Greninja, M, shiny|99\/100|[from] U-turn\n|-damage|p2a: Greninja|88\/100|[from] Stealth Rock\n|move|p1a: Rufus|Will-O-Wisp|p2a: Greninja\n|-status|p2a: Greninja|brn\n|\n|-damage|p2a: Greninja|82\/100 brn|[from] brn\n|upkeep\n|turn|14\n|\n|t:|1698602834\n|switch|p1a: Sirloin|Tauros-Paldea-Aqua, M|66\/100\n|-ability|p1a: Sirloin|Intimidate|boost\n|-unboost|p2a: Greninja|atk|1\n|move|p2a: Greninja|Extrasensory|p1a: Sirloin\n|-start|p2a: Greninja|typechange|Psychic|[from] ability: Protean\n|-supereffective|p1a: Sirloin\n|-damage|p1a: Sirloin|4\/100\n|\n|-damage|p2a: Greninja|76\/100 brn|[from] brn\n|upkeep\n|turn|15\n|\n|t:|1698602856\n|move|p1a: Sirloin|Aqua Jet|p2a: Greninja\n|-damage|p2a: Greninja|50\/100 brn\n|move|p2a: Greninja|Surf|p1a: Sirloin\n|-resisted|p1a: Sirloin\n|-damage|p1a: Sirloin|0 fnt\n|faint|p1a: Sirloin\n|\n|-damage|p2a: Greninja|44\/100 brn|[from] brn\n|upkeep\n|\n|t:|1698602914\n|switch|p1a: You've Got Mail|Dragonite, M|92\/100\n|turn|16\n|\n|t:|1698602921\n|move|p1a: You've Got Mail|Extreme Speed|p2a: Greninja\n|-damage|p2a: Greninja|0 fnt\n|faint|p2a: Greninja\n|\n|upkeep\n|\n|t:|1698602930\n|switch|p2a: Staraptor|Staraptor, F|100\/100\n|-damage|p2a: Staraptor|76\/100|[from] Stealth Rock\n|-ability|p2a: Staraptor|Intimidate|boost\n|-unboost|p1a: You've Got Mail|atk|1\n|turn|17\n|\n|t:|1698602956\n|move|p2a: Staraptor|Final Gambit|p1a: You've Got Mail\n|-damage|p1a: You've Got Mail|31\/100\n|faint|p2a: Staraptor\n|move|p1a: You've Got Mail|Roost|p1a: You've Got Mail\n|-heal|p1a: You've Got Mail|81\/100\n|-singleturn|p1a: You've Got Mail|move: Roost\n|\n|upkeep\n|\n|t:|1698602974\n|switch|p2a: Roaring Moon|Roaring Moon|100\/100\n|-damage|p2a: Roaring Moon|88\/100|[from] Stealth Rock\n|-enditem|p2a: Roaring Moon|Booster Energy\n|-activate|p2a: Roaring Moon|ability: Protosynthesis|[fromitem]\n|-start|p2a: Roaring Moon|protosynthesisatk\n|turn|18\n|\n|t:|1698603011\n|switch|p1a: Lust|Enamorus-Therian, F|100\/100\n|-terastallize|p2a: Roaring Moon|Flying\n|move|p2a: Roaring Moon|Acrobatics|p1a: Lust\n|-damage|p1a: Lust|44\/100\n|\n|-heal|p1a: Lust|50\/100|[from] item: Leftovers\n|upkeep\n|turn|19\n|c|\u2606Blueninja658|Didn't you draft Roaring Moon Fairy?\n|c|\u2606mobmaster21|You're right my fault i completely forgot we had types drafted too\n|-message|mobmaster21 forfeited.\n|\n|win|Blueninja658\n|c|\u2606Blueninja658|That's rough man.\n|l|\u2606mobmaster21\n","uploadtime":1698603248,"views":13,"p1id":"blueninja658","p2id":"mobmaster21","formatid":"gen9ubers","rating":0,"private":0,"password":""}