{"id":"gen9ubers-1995992000","p1":"Skyiewxz","p2":"starvinrizleschild","format":"[Gen 9] Ubers","log":"|j|\u2606Skyiewxz\n|j|\u2606starvinrizleschild\n|t:|1700626357\n|gametype|singles\n|player|p1|Skyiewxz|dawn|1656\n|player|p2|starvinrizleschild|zinzolin|1536\n|teamsize|p1|6\n|teamsize|p2|6\n|gen|9\n|tier|[Gen 9] Ubers\n|rated|\n|rule|Sleep Clause Mod: Limit one foe put to sleep\n|rule|Species Clause: Limit one of each Pok\u00e9mon\n|rule|OHKO Clause: OHKO moves are banned\n|rule|Evasion Items Clause: Evasion items are banned\n|rule|Evasion Moves Clause: Evasion moves are banned\n|rule|Endless Battle Clause: Forcing endless battles is banned\n|rule|HP Percentage Mod: HP is shown in percentages\n|clearpoke\n|poke|p1|Koraidon|\n|poke|p1|Flutter Mane|\n|poke|p1|Arceus|\n|poke|p1|Miraidon|\n|poke|p1|Ditto|\n|poke|p1|Grimmsnarl, M|\n|poke|p2|Gholdengo|\n|poke|p2|Arceus|\n|poke|p2|Mewtwo|\n|poke|p2|Ribombee, F|\n|poke|p2|Groudon|\n|poke|p2|Koraidon|\n|teampreview\n|inactive|Battle timer is ON: inactive players will automatically lose when time's up. (requested by starvinrizleschild)\n|\n|t:|1700626372\n|start\n|switch|p1a: Grimmsnarl|Grimmsnarl, M|100\/100\n|switch|p2a: Ribombee|Ribombee, F|100\/100\n|turn|1\n|\n|t:|1700626375\n|move|p1a: Grimmsnarl|Taunt|p2a: Ribombee\n|-start|p2a: Ribombee|move: Taunt\n|cant|p2a: Ribombee|move: Taunt|Sticky Web\n|\n|upkeep\n|turn|2\n|\n|t:|1700626385\n|switch|p2a: Mewtwo|Mewtwo, shiny|100\/100\n|-ability|p2a: Mewtwo|Pressure\n|move|p1a: Grimmsnarl|Light Screen|p1a: Grimmsnarl\n|-sidestart|p1: Skyiewxz|move: Light Screen\n|\n|upkeep\n|turn|3\n|\n|t:|1700626387\n|move|p1a: Grimmsnarl|Reflect|p1a: Grimmsnarl\n|-sidestart|p1: Skyiewxz|Reflect\n|move|p2a: Mewtwo|Nasty Plot|p2a: Mewtwo\n|-boost|p2a: Mewtwo|spa|2\n|\n|upkeep\n|turn|4\n|\n|t:|1700626391\n|move|p2a: Mewtwo|Psystrike|p1a: Grimmsnarl\n|-immune|p1a: Grimmsnarl\n|move|p1a: Grimmsnarl|Spirit Break|p2a: Mewtwo\n|-damage|p2a: Mewtwo|69\/100\n|-unboost|p2a: Mewtwo|spa|1\n|\n|upkeep\n|turn|5\n|\n|t:|1700626398\n|switch|p2a: Ribombee|Ribombee, F|100\/100\n|move|p1a: Grimmsnarl|Spirit Break|p2a: Ribombee\n|-damage|p2a: Ribombee|43\/100\n|\n|upkeep\n|turn|6\n|\n|t:|1700626405\n|switch|p2a: Groudon|Groudon|100\/100\n|-weather|SunnyDay|[from] ability: Drought|[of] p2a: Groudon\n|move|p1a: Grimmsnarl|Taunt|p2a: Groudon\n|-start|p2a: Groudon|move: Taunt\n|\n|-weather|SunnyDay|[upkeep]\n|upkeep\n|turn|7\n|\n|t:|1700626414\n|switch|p1a: Koraidon|Koraidon|100\/100\n|-activate|p1a: Koraidon|ability: Orichalcum Pulse\n|move|p2a: Groudon|Earthquake|p1a: Koraidon\n|-damage|p1a: Koraidon|81\/100\n|\n|-weather|SunnyDay|[upkeep]\n|upkeep\n|turn|8\n|\n|t:|1700626425\n|move|p1a: Koraidon|Flare Blitz|p2a: Groudon\n|-damage|p2a: Groudon|57\/100\n|-damage|p1a: Koraidon|64\/100|[from] Recoil\n|move|p2a: Groudon|Earthquake|p1a: Koraidon\n|-damage|p1a: Koraidon|42\/100\n|\n|-weather|SunnyDay|[upkeep]\n|-heal|p2a: Groudon|64\/100|[from] item: Leftovers\n|-end|p2a: Groudon|move: Taunt\n|upkeep\n|turn|9\n|\n|t:|1700626435\n|move|p1a: Koraidon|Scale Shot|p2a: Groudon\n|-damage|p2a: Groudon|53\/100\n|-damage|p2a: Groudon|43\/100\n|-damage|p2a: Groudon|34\/100\n|-damage|p2a: Groudon|24\/100\n|-damage|p2a: Groudon|13\/100\n|-hitcount|p2a: Groudon|5\n|-unboost|p1a: Koraidon|def|1\n|-boost|p1a: Koraidon|spe|1\n|move|p2a: Groudon|Stealth Rock|p1a: Koraidon\n|-sidestart|p1: Skyiewxz|move: Stealth Rock\n|\n|-weather|SunnyDay|[upkeep]\n|-heal|p2a: Groudon|19\/100|[from] item: Leftovers\n|-sideend|p1: Skyiewxz|move: Light Screen\n|upkeep\n|turn|10\n|\n|t:|1700626440\n|move|p2a: Groudon|Protect|p2a: Groudon\n|-singleturn|p2a: Groudon|Protect\n|move|p1a: Koraidon|Scale Shot|p2a: Groudon\n|-activate|p2a: Groudon|move: Protect\n|\n|-weather|none\n|-heal|p2a: Groudon|26\/100|[from] item: Leftovers\n|-sideend|p1: Skyiewxz|Reflect\n|upkeep\n|turn|11\n|\n|t:|1700626460\n|move|p1a: Koraidon|Collision Course|p2a: Groudon\n|-damage|p2a: Groudon|0 fnt\n|faint|p2a: Groudon\n|\n|upkeep\n|\n|t:|1700626470\n|switch|p2a: Arceus|Arceus|100\/100\n|turn|12\n|\n|t:|1700626476\n|move|p1a: Koraidon|Collision Course|p2a: Arceus\n|-supereffective|p2a: Arceus\n|-damage|p2a: Arceus|0 fnt\n|faint|p2a: Arceus\n|\n|upkeep\n|c|\u2606starvinrizleschild|???\n|\n|t:|1700626483\n|switch|p2a: Koraidon|Koraidon|100\/100\n|-weather|SunnyDay|[from] ability: Orichalcum Pulse|[of] p2a: Koraidon\n|-activate|p2a: Koraidon|Orichalcum Pulse|[source]\n|turn|13\n|j| Bro\u2605taro\n|\n|t:|1700626484\n|move|p2a: Koraidon|Dragon Claw|p1a: Koraidon\n|-supereffective|p1a: Koraidon\n|-damage|p1a: Koraidon|0 fnt\n|faint|p1a: Koraidon\n|\n|-weather|SunnyDay|[upkeep]\n|upkeep\n|\n|t:|1700626489\n|switch|p1a: Flutter Mane|Flutter Mane|100\/100\n|-damage|p1a: Flutter Mane|88\/100|[from] Stealth Rock\n|-activate|p1a: Flutter Mane|ability: Protosynthesis\n|-start|p1a: Flutter Mane|protosynthesisspe\n|turn|14\n|\n|t:|1700626491\n|switch|p2a: Ribombee|Ribombee, F|43\/100\n|move|p1a: Flutter Mane|Mystical Fire|p2a: Ribombee\n|-supereffective|p2a: Ribombee\n|-damage|p2a: Ribombee|0 fnt\n|faint|p2a: Ribombee\n|-damage|p1a: Flutter Mane|78\/100|[from] item: Life Orb\n|\n|-weather|SunnyDay|[upkeep]\n|upkeep\n|\n|t:|1700626495\n|switch|p2a: Gholdengo|Gholdengo|100\/100\n|-item|p2a: Gholdengo|Air Balloon\n|turn|15\n|l| Bro\u2605taro\n|\n|t:|1700626502\n|-terastallize|p2a: Gholdengo|Fairy\n|move|p1a: Flutter Mane|Mystical Fire|p2a: Gholdengo\n|-crit|p2a: Gholdengo\n|-damage|p2a: Gholdengo|6\/100\n|-unboost|p2a: Gholdengo|spa|1\n|-enditem|p2a: Gholdengo|Air Balloon\n|-damage|p1a: Flutter Mane|68\/100|[from] item: Life Orb\n|move|p2a: Gholdengo|Make It Rain|p1a: Flutter Mane\n|-supereffective|p1a: Flutter Mane\n|-damage|p1a: Flutter Mane|0 fnt\n|-unboost|p2a: Gholdengo|spa|1\n|faint|p1a: Flutter Mane\n|-end|p1a: Flutter Mane|Protosynthesis|[silent]\n|\n|-weather|SunnyDay|[upkeep]\n|upkeep\n|\n|t:|1700626510\n|switch|p1a: Arceus|Arceus|100\/100\n|-damage|p1a: Arceus|88\/100|[from] Stealth Rock\n|turn|16\n|\n|t:|1700626514\n|switch|p2a: Koraidon|Koraidon|100\/100\n|-activate|p2a: Koraidon|ability: Orichalcum Pulse\n|move|p1a: Arceus|Swords Dance|p1a: Arceus\n|-boost|p1a: Arceus|atk|2\n|\n|-weather|SunnyDay|[upkeep]\n|upkeep\n|turn|17\n|\n|t:|1700626518\n|-terastallize|p1a: Arceus|Fire\n|move|p2a: Koraidon|Low Kick|p1a: Arceus\n|-damage|p1a: Arceus|32\/100\n|move|p1a: Arceus|Swords Dance|p1a: Arceus\n|-boost|p1a: Arceus|atk|2\n|\n|-weather|none\n|upkeep\n|turn|18\n|\n|t:|1700626524\n|switch|p2a: Gholdengo|Gholdengo, tera:Fairy|6\/100\n|move|p1a: Arceus|Extreme Speed|p2a: Gholdengo\n|-damage|p2a: Gholdengo|0 fnt\n|faint|p2a: Gholdengo\n|\n|upkeep\n|c|\u2606Skyiewxz|ggwp\n|c|\u2606starvinrizleschild|bruh\n|c|\u2606starvinrizleschild|you threw at got lucky\n|c|\u2606starvinrizleschild|and*\n|inactive|starvinrizleschild has 120 seconds left.\n|\n|t:|1700626554\n|switch|p2a: Koraidon|Koraidon|100\/100\n|-weather|SunnyDay|[from] ability: Orichalcum Pulse|[of] p2a: Koraidon\n|-activate|p2a: Koraidon|Orichalcum Pulse|[source]\n|turn|19\n|c|\u2606Skyiewxz|where was my luck?\n|c|\u2606Skyiewxz|cry\n|\n|t:|1700626568\n|move|p1a: Arceus|Extreme Speed|p2a: Koraidon\n|-damage|p2a: Koraidon|0 fnt\n|faint|p2a: Koraidon\n|\n|-weather|SunnyDay|[upkeep]\n|upkeep\n|c|\u2606starvinrizleschild|i am crying\n|\n|t:|1700626572\n|switch|p2a: Mewtwo|Mewtwo, shiny|69\/100\n|-ability|p2a: Mewtwo|Pressure\n|turn|20\n|\n|t:|1700626576\n|move|p1a: Arceus|Extreme Speed|p2a: Mewtwo\n|-damage|p2a: Mewtwo|0 fnt\n|faint|p2a: Mewtwo\n|\n|win|Skyiewxz\n|raw|Skyiewxz's rating: 1656 &rarr; <strong>1669<\/strong><br \/>(+13 for winning)\n|raw|starvinrizleschild's rating: 1536 &rarr; <strong>1523<\/strong><br \/>(-13 for losing)\n|l|\u2606starvinrizleschild\n|l|\u2606Skyiewxz\n|j|\u2606Skyiewxz\n|player|p1|Skyiewxz|dawn\n|l|\u2606Skyiewxz\n|player|p1|\n|j|\u2606Skyiewxz\n|player|p1|Skyiewxz|dawn\n","uploadtime":1700626682,"views":2,"p1id":"skyiewxz","p2id":"starvinrizleschild","formatid":"gen9ubers","rating":1523,"private":0,"password":""}