{"id":"gen9ubers-1973994968","p1":"Nuttyr","p2":"RiddleDog","format":"[Gen 9] Ubers","log":"|j|\u2606Nuttyr\n|j|\u2606RiddleDog\n|t:|1698038527\n|gametype|singles\n|player|p1|Nuttyr|lucas|\n|player|p2|RiddleDog|dawn-gen4pt|\n|teamsize|p1|6\n|teamsize|p2|6\n|gen|9\n|tier|[Gen 9] Ubers\n|rule|Sleep Clause Mod: Limit one foe put to sleep\n|rule|Species Clause: Limit one of each Pok\u00e9mon\n|rule|OHKO Clause: OHKO moves are banned\n|rule|Evasion Items Clause: Evasion items are banned\n|rule|Evasion Moves Clause: Evasion moves are banned\n|rule|Endless Battle Clause: Forcing endless battles is banned\n|rule|HP Percentage Mod: HP is shown in percentages\n|clearpoke\n|poke|p1|Dipplin, F|\n|poke|p1|Ninetales-Alola, F|\n|poke|p1|Garganacl, F|\n|poke|p1|Samurott-Hisui, F|\n|poke|p1|Gholdengo|\n|poke|p1|Quaquaval, F|\n|poke|p2|Chi-Yu|\n|poke|p2|Meowscarada, M|\n|poke|p2|Iron Treads|\n|poke|p2|Zoroark-Hisui, M|\n|poke|p2|Kleavor, M|\n|poke|p2|Appletun, M|\n|teampreview\n|inactive|Battle timer is ON: inactive players will automatically lose when time's up. (requested by Nuttyr)\n|inactive|Nuttyr has 270 seconds left.\n|inactive|RiddleDog has 270 seconds left.\n|\n|t:|1698038565\n|start\n|switch|p1a: Samurott|Samurott-Hisui, F|100\/100\n|switch|p2a: DA CLEAVAH|Kleavor, M|100\/100\n|turn|1\n|j| ChungleWungle\n|\n|t:|1698038585\n|move|p1a: Samurott|Aqua Cutter|p2a: DA CLEAVAH\n|-supereffective|p2a: DA CLEAVAH\n|-damage|p2a: DA CLEAVAH|0 fnt\n|faint|p2a: DA CLEAVAH\n|\n|upkeep\n|inactive|RiddleDog has 270 seconds left.\n|\n|t:|1698038612\n|switch|p2a: Morgana|Meowscarada, M, shiny|100\/100\n|turn|2\n|inactive|RiddleDog has 270 seconds left.\n|\n|t:|1698038637\n|switch|p1a: Dipplin|Dipplin, F|100\/100\n|move|p2a: Morgana|Knock Off|p1a: Dipplin\n|-start|p2a: Morgana|typechange|Dark|[from] ability: Protean\n|-damage|p1a: Dipplin|73\/100\n|-activate|p1a: Dipplin|ability: Sticky Hold\n|\n|upkeep\n|turn|3\n|inactive|RiddleDog has 240 seconds left.\n|\n|t:|1698038668\n|switch|p2a: Honeycrisp|Appletun, M|100\/100\n|move|p1a: Dipplin|Recover|p1a: Dipplin\n|-heal|p1a: Dipplin|100\/100\n|\n|upkeep\n|turn|4\n|inactive|RiddleDog has 240 seconds left.\n|\n|t:|1698038681\n|move|p2a: Honeycrisp|Draco Meteor|p1a: Dipplin\n|-supereffective|p1a: Dipplin\n|-damage|p1a: Dipplin|36\/100\n|-unboost|p2a: Honeycrisp|spa|2\n|move|p1a: Dipplin|Dragon Tail|p2a: Honeycrisp\n|-supereffective|p2a: Honeycrisp\n|-damage|p2a: Honeycrisp|76\/100\n|drag|p2a: Matthew|Chi-Yu|100\/100\n|\n|upkeep\n|turn|5\n|inactive|RiddleDog has 240 seconds left.\n|inactive|Nuttyr has 270 seconds left.\n|inactive|RiddleDog has 210 seconds left.\n|\n|t:|1698038727\n|switch|p1a: Samurott|Samurott-Hisui, F|100\/100\n|move|p2a: Matthew|Focus Blast|p1a: Samurott\n|-supereffective|p1a: Samurott\n|-damage|p1a: Samurott|0 fnt\n|faint|p1a: Samurott\n|\n|upkeep\n|\n|t:|1698038752\n|switch|p1a: Ninetales|Ninetales-Alola, F|100\/100\n|-weather|Snow|[from] ability: Snow Warning|[of] p1a: Ninetales\n|turn|6\n|inactive|RiddleDog has 210 seconds left.\n|\n|t:|1698038764\n|move|p2a: Matthew|Flamethrower|p1a: Ninetales\n|-supereffective|p1a: Ninetales\n|-damage|p1a: Ninetales|52\/100\n|move|p1a: Ninetales|Aurora Veil|p1a: Ninetales\n|-sidestart|p1: Nuttyr|move: Aurora Veil\n|\n|-weather|Snow|[upkeep]\n|upkeep\n|turn|7\n|inactive|RiddleDog has 210 seconds left.\n|\n|t:|1698038795\n|switch|p1a: Garganacl|Garganacl, F|100\/100\n|move|p2a: Matthew|Flamethrower|p1a: Garganacl\n|-resisted|p1a: Garganacl\n|-damage|p1a: Garganacl|96\/100\n|\n|-weather|Snow|[upkeep]\n|-heal|p1a: Garganacl|100\/100|[from] item: Leftovers\n|upkeep\n|turn|8\n|\n|t:|1698038809\n|switch|p2a: Morgana|Meowscarada, M, shiny|100\/100\n|move|p1a: Garganacl|Salt Cure|p2a: Morgana\n|-damage|p2a: Morgana|79\/100\n|-start|p2a: Morgana|Salt Cure\n|\n|-weather|Snow|[upkeep]\n|-damage|p2a: Morgana|66\/100|[from] Salt Cure\n|upkeep\n|turn|9\n|\n|t:|1698038817\n|move|p1a: Garganacl|Protect|p1a: Garganacl\n|-singleturn|p1a: Garganacl|Protect\n|move|p2a: Morgana|Flower Trick|p1a: Garganacl\n|-start|p2a: Morgana|typechange|Grass|[from] ability: Protean\n|-activate|p1a: Garganacl|move: Protect\n|\n|-weather|Snow|[upkeep]\n|-damage|p2a: Morgana|54\/100|[from] Salt Cure\n|upkeep\n|turn|10\n|inactive|Nuttyr has 240 seconds left.\n|\n|t:|1698038844\n|switch|p2a: Honeycrisp|Appletun, M|76\/100\n|switch|p1a: Dipplin|Dipplin, F|36\/100\n|\n|-weather|none\n|-heal|p2a: Honeycrisp|82\/100|[from] item: Leftovers\n|upkeep\n|turn|11\n|\n|t:|1698038849\n|move|p2a: Honeycrisp|Draco Meteor|p1a: Dipplin\n|-supereffective|p1a: Dipplin\n|-damage|p1a: Dipplin|4\/100\n|-unboost|p2a: Honeycrisp|spa|2\n|move|p1a: Dipplin|Recover|p1a: Dipplin\n|-heal|p1a: Dipplin|54\/100\n|\n|-heal|p2a: Honeycrisp|88\/100|[from] item: Leftovers\n|upkeep\n|turn|12\n|inactive|RiddleDog has 210 seconds left.\n|\n|t:|1698038866\n|switch|p2a: Ralph|Iron Treads|100\/100\n|-enditem|p2a: Ralph|Booster Energy\n|-activate|p2a: Ralph|ability: Quark Drive|[fromitem]\n|-start|p2a: Ralph|quarkdrivespe\n|move|p1a: Dipplin|Recover|p1a: Dipplin\n|-heal|p1a: Dipplin|100\/100\n|\n|upkeep\n|turn|13\n|inactive|RiddleDog has 180 seconds left.\n|\n|t:|1698038910\n|move|p2a: Ralph|Knock Off|p1a: Dipplin\n|-damage|p1a: Dipplin|94\/100\n|-activate|p1a: Dipplin|ability: Sticky Hold\n|move|p1a: Dipplin|Dragon Tail|p2a: Ralph\n|-resisted|p2a: Ralph\n|-crit|p2a: Ralph\n|-damage|p2a: Ralph|89\/100\n|-end|p2a: Ralph|Quark Drive|[silent]\n|drag|p2a: Morgana|Meowscarada, M, shiny|54\/100\n|\n|-sideend|p1: Nuttyr|move: Aurora Veil\n|upkeep\n|turn|14\n|\n|t:|1698038936\n|move|p2a: Morgana|U-turn|p1a: Dipplin\n|-start|p2a: Morgana|typechange|Bug|[from] ability: Protean\n|-supereffective|p1a: Dipplin\n|-damage|p1a: Dipplin|50\/100\n|\n|t:|1698038941\n|switch|p2a: Ralph|Iron Treads|89\/100|[from] U-turn\n|move|p1a: Dipplin|Dragon Tail|p2a: Ralph\n|-resisted|p2a: Ralph\n|-damage|p2a: Ralph|81\/100\n|-end|p2a: Ralph|Quark Drive|[silent]\n|drag|p2a: Matthew|Chi-Yu|100\/100\n|\n|upkeep\n|turn|15\n|inactive|RiddleDog has 150 seconds left.\n|\n|t:|1698038960\n|move|p2a: Matthew|Shadow Ball|p1a: Dipplin\n|-damage|p1a: Dipplin|19\/100\n|move|p1a: Dipplin|Recover|p1a: Dipplin\n|-heal|p1a: Dipplin|69\/100\n|\n|upkeep\n|turn|16\n|\n|t:|1698038970\n|move|p2a: Matthew|Shadow Ball|p1a: Dipplin\n|-damage|p1a: Dipplin|40\/100\n|move|p1a: Dipplin|Giga Drain|p2a: Matthew\n|-damage|p2a: Matthew|49\/100\n|-heal|p1a: Dipplin|58\/100|[from] drain|[of] p2a: Matthew\n|replace|p2a: Henri|Zoroark-Hisui, M\n|-end|p2a: Henri|Illusion\n|\n|upkeep\n|turn|17\n|inactive|RiddleDog has 150 seconds left.\n|\n|t:|1698038987\n|switch|p2a: Matthew|Chi-Yu|100\/100\n|-ability|p2a: Matthew|Beads of Ruin\n|move|p1a: Dipplin|Recover|p1a: Dipplin\n|-heal|p1a: Dipplin|100\/100\n|\n|upkeep\n|turn|18\n|inactive|RiddleDog has 150 seconds left.\n|\n|t:|1698039004\n|move|p2a: Matthew|Fire Blast|p1a: Dipplin\n|-damage|p1a: Dipplin|43\/100\n|move|p1a: Dipplin|Dragon Tail|p2a: Matthew\n|-damage|p2a: Matthew|73\/100\n|drag|p2a: Honeycrisp|Appletun, M|88\/100\n|\n|-heal|p2a: Honeycrisp|94\/100|[from] item: Leftovers\n|upkeep\n|turn|19\n|inactive|RiddleDog has 150 seconds left.\n|\n|t:|1698039013\n|switch|p1a: Ninetales|Ninetales-Alola, F|52\/100\n|-weather|Snow|[from] ability: Snow Warning|[of] p1a: Ninetales\n|move|p2a: Honeycrisp|Draco Meteor|p1a: Ninetales\n|-immune|p1a: Ninetales\n|\n|-weather|Snow|[upkeep]\n|-heal|p2a: Honeycrisp|100\/100|[from] item: Leftovers\n|upkeep\n|turn|20\n|\n|t:|1698039028\n|move|p1a: Ninetales|Aurora Veil|p1a: Ninetales\n|-sidestart|p1: Nuttyr|move: Aurora Veil\n|move|p2a: Honeycrisp|Apple Acid|p1a: Ninetales\n|-damage|p1a: Ninetales|41\/100\n|-unboost|p1a: Ninetales|spd|1\n|\n|-weather|Snow|[upkeep]\n|upkeep\n|turn|21\n|inactive|RiddleDog has 150 seconds left.\n|\n|t:|1698039047\n|switch|p1a: Garganacl|Garganacl, F|100\/100\n|move|p2a: Honeycrisp|Apple Acid|p1a: Garganacl\n|-supereffective|p1a: Garganacl\n|-damage|p1a: Garganacl|82\/100\n|-unboost|p1a: Garganacl|spd|1\n|\n|-weather|Snow|[upkeep]\n|-heal|p1a: Garganacl|88\/100|[from] item: Leftovers\n|upkeep\n|turn|22\n|\n|t:|1698039052\n|move|p2a: Honeycrisp|Apple Acid|p1a: Garganacl\n|-supereffective|p1a: Garganacl\n|-damage|p1a: Garganacl|63\/100\n|-unboost|p1a: Garganacl|spd|1\n|move|p1a: Garganacl|Salt Cure|p2a: Honeycrisp\n|-damage|p2a: Honeycrisp|91\/100\n|-start|p2a: Honeycrisp|Salt Cure\n|\n|-weather|Snow|[upkeep]\n|-heal|p2a: Honeycrisp|97\/100|[from] item: Leftovers\n|-heal|p1a: Garganacl|69\/100|[from] item: Leftovers\n|-damage|p2a: Honeycrisp|84\/100|[from] Salt Cure\n|upkeep\n|turn|23\n|\n|t:|1698039071\n|switch|p1a: Gholdengo|Gholdengo|100\/100\n|-item|p1a: Gholdengo|Air Balloon\n|move|p2a: Honeycrisp|Apple Acid|p1a: Gholdengo\n|-resisted|p1a: Gholdengo\n|-damage|p1a: Gholdengo|93\/100\n|-unboost|p1a: Gholdengo|spd|1\n|-enditem|p1a: Gholdengo|Air Balloon\n|\n|-weather|none\n|-heal|p2a: Honeycrisp|91\/100|[from] item: Leftovers\n|-damage|p2a: Honeycrisp|78\/100|[from] Salt Cure\n|upkeep\n|turn|24\n|inactive|RiddleDog has 150 seconds left.\n|\n|t:|1698039113\n|switch|p2a: Matthew|Chi-Yu|73\/100\n|-ability|p2a: Matthew|Beads of Ruin\n|move|p1a: Gholdengo|Thunder Wave|p2a: Matthew\n|-status|p2a: Matthew|par\n|\n|upkeep\n|turn|25\n|inactive|Nuttyr has 240 seconds left.\n|\n|t:|1698039144\n|switch|p2a: Morgana|Meowscarada, M, shiny|54\/100\n|switch|p1a: Quaquaval|Quaquaval, F|100\/100\n|\n|upkeep\n|turn|26\n|inactive|RiddleDog has 120 seconds left.\n|\n|t:|1698039167\n|switch|p1a: Dipplin|Dipplin, F|43\/100\n|move|p2a: Morgana|Flower Trick|p1a: Dipplin\n|-start|p2a: Morgana|typechange|Grass|[from] ability: Protean\n|-resisted|p1a: Dipplin\n|-crit|p1a: Dipplin\n|-damage|p1a: Dipplin|35\/100\n|\n|upkeep\n|turn|27\n|inactive|RiddleDog has 120 seconds left.\n|\n|t:|1698039185\n|move|p2a: Morgana|Flower Trick|p1a: Dipplin\n|-resisted|p1a: Dipplin\n|-crit|p1a: Dipplin\n|-damage|p1a: Dipplin|28\/100\n|move|p1a: Dipplin|Recover|p1a: Dipplin\n|-heal|p1a: Dipplin|78\/100\n|\n|-sideend|p1: Nuttyr|move: Aurora Veil\n|upkeep\n|turn|28\n|inactive|RiddleDog has 120 seconds left.\n|\n|t:|1698039194\n|switch|p2a: Honeycrisp|Appletun, M|78\/100\n|move|p1a: Dipplin|Recover|p1a: Dipplin\n|-heal|p1a: Dipplin|100\/100\n|\n|-heal|p2a: Honeycrisp|84\/100|[from] item: Leftovers\n|upkeep\n|turn|29\n|inactive|RiddleDog has 120 seconds left.\n|\n|t:|1698039214\n|switch|p2a: Honeycrisp|Appletun, M|49\/100\n|switch|p1a: Ninetales|Ninetales-Alola, F|41\/100\n|-weather|Snow|[from] ability: Snow Warning|[of] p1a: Ninetales\n|\n|-weather|Snow|[upkeep]\n|upkeep\n|turn|30\n|\n|t:|1698039230\n|switch|p1a: Dipplin|Dipplin, F|100\/100\n|move|p2a: Honeycrisp|Flamethrower|p1a: Dipplin\n|-damage|p1a: Dipplin|79\/100\n|\n|-weather|Snow|[upkeep]\n|upkeep\n|turn|31\n|\n|t:|1698039254\n|switch|p2a: Morgana|Meowscarada, M, shiny|54\/100\n|move|p1a: Dipplin|Dragon Tail|p2a: Morgana\n|-damage|p2a: Morgana|26\/100\n|drag|p2a: Honeycrisp|Appletun, M|49\/100\n|\n|-weather|Snow|[upkeep]\n|upkeep\n|turn|32\n|inactive|RiddleDog has 90 seconds left.\n|\n|t:|1698039280\n|move|p2a: Honeycrisp|Flamethrower|p1a: Dipplin\n|-damage|p1a: Dipplin|55\/100\n|-status|p1a: Dipplin|brn\n|move|p1a: Dipplin|Dragon Tail|p2a: Honeycrisp\n|-damage|p2a: Honeycrisp|30\/100\n|replace|p2a: Henri|Zoroark-Hisui, M\n|-end|p2a: Henri|Illusion\n|drag|p2a: Ralph|Iron Treads|81\/100\n|\n|-weather|Snow|[upkeep]\n|-damage|p1a: Dipplin|49\/100 brn|[from] brn\n|upkeep\n|turn|33\n|inactive|RiddleDog has 90 seconds left.\n|\n|t:|1698039292\n|move|p2a: Ralph|Knock Off|p1a: Dipplin\n|-damage|p1a: Dipplin|37\/100 brn\n|-activate|p1a: Dipplin|ability: Sticky Hold\n|move|p1a: Dipplin|Recover|p1a: Dipplin\n|-heal|p1a: Dipplin|87\/100 brn\n|\n|-weather|none\n|-damage|p1a: Dipplin|81\/100 brn|[from] brn\n|upkeep\n|turn|34\n|inactive|RiddleDog has 90 seconds left.\n|\n|t:|1698039305\n|-end|p2a: Ralph|Quark Drive|[silent]\n|switch|p2a: Honeycrisp|Appletun, M|84\/100\n|move|p1a: Dipplin|Giga Drain|p2a: Honeycrisp\n|-resisted|p2a: Honeycrisp\n|-damage|p2a: Honeycrisp|78\/100\n|-heal|p1a: Dipplin|85\/100 brn|[from] drain|[of] p2a: Honeycrisp\n|\n|-heal|p2a: Honeycrisp|84\/100|[from] item: Leftovers\n|-damage|p1a: Dipplin|79\/100 brn|[from] brn\n|upkeep\n|turn|35\n|inactive|RiddleDog has 90 seconds left.\n|\n|t:|1698039313\n|switch|p1a: Ninetales|Ninetales-Alola, F|41\/100\n|-weather|Snow|[from] ability: Snow Warning|[of] p1a: Ninetales\n|move|p2a: Honeycrisp|Draco Meteor|p1a: Ninetales\n|-immune|p1a: Ninetales\n|\n|-weather|Snow|[upkeep]\n|-heal|p2a: Honeycrisp|91\/100|[from] item: Leftovers\n|upkeep\n|turn|36\n|inactive|RiddleDog has 90 seconds left.\n|\n|t:|1698039325\n|move|p1a: Ninetales|Blizzard|p2a: Honeycrisp\n|-supereffective|p2a: Honeycrisp\n|-damage|p2a: Honeycrisp|24\/100\n|move|p2a: Honeycrisp|Apple Acid|p1a: Ninetales\n|-damage|p1a: Ninetales|17\/100\n|-unboost|p1a: Ninetales|spd|1\n|\n|-weather|Snow|[upkeep]\n|-heal|p2a: Honeycrisp|31\/100|[from] item: Leftovers\n|upkeep\n|turn|37\n|inactive|RiddleDog has 90 seconds left.\n|\n|t:|1698039348\n|switch|p2a: Matthew|Chi-Yu|73\/100 par\n|-ability|p2a: Matthew|Beads of Ruin\n|move|p1a: Ninetales|Aurora Veil|p1a: Ninetales\n|-sidestart|p1: Nuttyr|move: Aurora Veil\n|\n|-weather|Snow|[upkeep]\n|upkeep\n|turn|38\n|\n|t:|1698039377\n|move|p1a: Ninetales|Moonblast|p2a: Matthew\n|-damage|p2a: Matthew|42\/100 par\n|move|p2a: Matthew|Dark Pulse|p1a: Ninetales\n|-resisted|p1a: Ninetales\n|-damage|p1a: Ninetales|1\/100\n|\n|-weather|Snow|[upkeep]\n|upkeep\n|turn|39\n|inactive|RiddleDog has 60 seconds left.\n|\n|t:|1698039412\n|-terastallize|p2a: Matthew|Grass\n|move|p1a: Ninetales|Moonblast|p2a: Matthew\n|-damage|p2a: Matthew|11\/100 par\n|move|p2a: Matthew|Dark Pulse|p1a: Ninetales\n|-resisted|p1a: Ninetales\n|-damage|p1a: Ninetales|0 fnt\n|faint|p1a: Ninetales\n|\n|-weather|none\n|upkeep\n|\n|t:|1698039426\n|switch|p1a: Quaquaval|Quaquaval, F|100\/100\n|turn|40\n|\n|t:|1698039448\n|switch|p2a: Morgana|Meowscarada, M, shiny|26\/100\n|move|p1a: Quaquaval|Aqua Step|p2a: Morgana\n|-resisted|p2a: Morgana\n|-damage|p2a: Morgana|0 fnt\n|-boost|p1a: Quaquaval|spe|1\n|faint|p2a: Morgana\n|-ability|p1a: Quaquaval|Moxie|boost\n|-boost|p1a: Quaquaval|atk|1\n|\n|upkeep\n|\n|t:|1698039453\n|switch|p2a: Honeycrisp|Appletun, M|31\/100\n|turn|41\n|\n|t:|1698039463\n|move|p1a: Quaquaval|Close Combat|p2a: Honeycrisp\n|-damage|p2a: Honeycrisp|0 fnt\n|-unboost|p1a: Quaquaval|def|1\n|-unboost|p1a: Quaquaval|spd|1\n|faint|p2a: Honeycrisp\n|-ability|p1a: Quaquaval|Moxie|boost\n|-boost|p1a: Quaquaval|atk|1\n|\n|upkeep\n|\n|t:|1698039470\n|switch|p2a: Ralph|Iron Treads|81\/100\n|turn|42\n|\n|t:|1698039475\n|move|p1a: Quaquaval|Aqua Step|p2a: Ralph\n|-supereffective|p2a: Ralph\n|-damage|p2a: Ralph|0 fnt\n|-boost|p1a: Quaquaval|spe|1\n|faint|p2a: Ralph\n|-end|p2a: Ralph|Quark Drive|[silent]\n|-ability|p1a: Quaquaval|Moxie|boost\n|-boost|p1a: Quaquaval|atk|1\n|\n|upkeep\n|\n|t:|1698039478\n|switch|p2a: Matthew|Chi-Yu, tera:Grass|11\/100 par\n|-ability|p2a: Matthew|Beads of Ruin\n|turn|43\n|\n|t:|1698039487\n|move|p1a: Quaquaval|Aqua Step|p2a: Matthew\n|-resisted|p2a: Matthew\n|-damage|p2a: Matthew|0 fnt\n|-boost|p1a: Quaquaval|spe|1\n|faint|p2a: Matthew\n|-ability|p1a: Quaquaval|Moxie|boost\n|-boost|p1a: Quaquaval|atk|1\n|\n|upkeep\n|\n|t:|1698039489\n|switch|p2a: Henri|Zoroark-Hisui, M|30\/100\n|turn|44\n|\n|t:|1698039495\n|move|p1a: Quaquaval|Aqua Step|p2a: Henri\n|-damage|p2a: Henri|0 fnt\n|-boost|p1a: Quaquaval|spe|1\n|faint|p2a: Henri\n|\n|win|Nuttyr\n","uploadtime":1698039505,"views":17,"p1id":"nuttyr","p2id":"riddledog","formatid":"gen9ubers","rating":0,"private":0,"password":""}