{"id":"gen9ubers-1998338908","p1":"lynakumi8","p2":"Anne Frankkkk","format":"[Gen 9] Ubers","log":"|j|\u2606lynakumi8\n|j|\u2606Anne Frankkkk\n|t:|1700931205\n|gametype|singles\n|player|p1|lynakumi8|dawn|1075\n|player|p2|Anne Frankkkk|hilbert|1168\n|teamsize|p1|6\n|teamsize|p2|6\n|gen|9\n|tier|[Gen 9] Ubers\n|rated|\n|rule|Sleep Clause Mod: Limit one foe put to sleep\n|rule|Species Clause: Limit one of each Pok\u00e9mon\n|rule|OHKO Clause: OHKO moves are banned\n|rule|Evasion Items Clause: Evasion items are banned\n|rule|Evasion Moves Clause: Evasion moves are banned\n|rule|Endless Battle Clause: Forcing endless battles is banned\n|rule|HP Percentage Mod: HP is shown in percentages\n|clearpoke\n|poke|p1|Koraidon|\n|poke|p1|Zacian-*|\n|poke|p1|Miraidon|\n|poke|p1|Ribombee, F|\n|poke|p1|Glimmora, M|\n|poke|p1|Arceus|\n|poke|p2|Regieleki|\n|poke|p2|Kyogre|\n|poke|p2|Chien-Pao|\n|poke|p2|Ribombee, M|\n|poke|p2|Miraidon|\n|poke|p2|Flutter Mane|\n|teampreview\n|inactive|Battle timer is ON: inactive players will automatically lose when time's up. (requested by Anne Frankkkk)\n|\n|t:|1700931214\n|start\n|switch|p1a: Miraidon|Miraidon|100\/100\n|switch|p2a: Bzzzzt|Regieleki, shiny|100\/100\n|-fieldstart|move: Electric Terrain|[from] ability: Hadron Engine|[of] p1a: Miraidon\n|turn|1\n|\n|t:|1700931225\n|move|p2a: Bzzzzt|Volt Switch|p1a: Miraidon\n|-resisted|p1a: Miraidon\n|-damage|p1a: Miraidon|86\/100\n|\n|t:|1700931229\n|switch|p2a: Misdreavius|Flutter Mane, shiny|100\/100|[from] Volt Switch\n|-enditem|p2a: Misdreavius|Booster Energy\n|-activate|p2a: Misdreavius|ability: Protosynthesis|[fromitem]\n|-start|p2a: Misdreavius|protosynthesisspe\n|move|p1a: Miraidon|Taunt|p2a: Misdreavius\n|-start|p2a: Misdreavius|move: Taunt\n|\n|-heal|p1a: Miraidon|92\/100|[from] item: Leftovers\n|upkeep\n|turn|2\n|\n|t:|1700931246\n|switch|p1a: Ribombee|Ribombee, F|100\/100\n|move|p2a: Misdreavius|Moonblast|p1a: Ribombee\n|-damage|p1a: Ribombee|10\/100\n|\n|upkeep\n|turn|3\n|\n|t:|1700931258\n|move|p2a: Misdreavius|Moonblast|p1a: Ribombee\n|-damage|p1a: Ribombee|0 fnt\n|faint|p1a: Ribombee\n|\n|-end|p2a: Misdreavius|move: Taunt\n|upkeep\n|\n|t:|1700931267\n|switch|p1a: Glimmora|Glimmora, M|100\/100\n|turn|4\n|\n|t:|1700931278\n|move|p2a: Misdreavius|Moonblast|p1a: Glimmora\n|-resisted|p1a: Glimmora\n|-damage|p1a: Glimmora|69\/100\n|-unboost|p1a: Glimmora|spa|1\n|move|p1a: Glimmora|Mortal Spin|p2a: Misdreavius\n|-damage|p2a: Misdreavius|89\/100\n|-status|p2a: Misdreavius|psn\n|\n|-damage|p2a: Misdreavius|76\/100 psn|[from] psn\n|upkeep\n|turn|5\n|\n|t:|1700931288\n|move|p2a: Misdreavius|Shadow Ball|p1a: Glimmora\n|-damage|p1a: Glimmora|14\/100\n|move|p1a: Glimmora|Stealth Rock|p2a: Misdreavius\n|-sidestart|p2: Anne Frankkkk|move: Stealth Rock\n|\n|-damage|p2a: Misdreavius|64\/100 psn|[from] psn\n|-fieldend|move: Electric Terrain\n|upkeep\n|turn|6\n|\n|t:|1700931293\n|move|p2a: Misdreavius|Shadow Ball|p1a: Glimmora\n|-damage|p1a: Glimmora|0 fnt\n|faint|p1a: Glimmora\n|\n|-damage|p2a: Misdreavius|51\/100 psn|[from] psn\n|upkeep\n|\n|t:|1700931301\n|switch|p1a: Zacian|Zacian-Crowned|100\/100\n|-ability|p1a: Zacian|Intrepid Sword|boost\n|-boost|p1a: Zacian|atk|1\n|turn|7\n|\n|t:|1700931309\n|move|p2a: Misdreavius|Shadow Ball|p1a: Zacian\n|-damage|p1a: Zacian|61\/100\n|-unboost|p1a: Zacian|spd|1\n|move|p1a: Zacian|Swords Dance|p1a: Zacian\n|-boost|p1a: Zacian|atk|2\n|\n|-damage|p2a: Misdreavius|39\/100 psn|[from] psn\n|upkeep\n|turn|8\n|\n|t:|1700931314\n|move|p2a: Misdreavius|Shadow Ball|p1a: Zacian\n|-damage|p1a: Zacian|0 fnt\n|faint|p1a: Zacian\n|\n|-damage|p2a: Misdreavius|27\/100 psn|[from] psn\n|upkeep\n|\n|t:|1700931328\n|switch|p1a: Koraidon|Koraidon|100\/100\n|-weather|SunnyDay|[from] ability: Orichalcum Pulse|[of] p1a: Koraidon\n|-activate|p1a: Koraidon|Orichalcum Pulse|[source]\n|turn|9\n|\n|t:|1700931333\n|move|p2a: Misdreavius|Moonblast|p1a: Koraidon\n|-supereffective|p1a: Koraidon\n|-damage|p1a: Koraidon|0 fnt\n|faint|p1a: Koraidon\n|\n|-weather|SunnyDay|[upkeep]\n|-damage|p2a: Misdreavius|14\/100 psn|[from] psn\n|upkeep\n|-message|lynakumi8 forfeited.\n|\n|win|Anne Frankkkk\n|raw|lynakumi8's rating: 1075 &rarr; <strong>1059<\/strong><br \/>(-16 for losing)\n|raw|Anne Frankkkk's rating: 1168 &rarr; <strong>1186<\/strong><br \/>(+18 for winning)\n|l|\u2606lynakumi8\n","uploadtime":1700931341,"views":0,"p1id":"lynakumi8","p2id":"annefrankkkk","formatid":"gen9ubers","rating":1059,"private":0,"password":""}