{"id":"gen9ubers-1971632993","p1":"Ligoleyens","p2":"Pachal123","format":"[Gen 9] Ubers","log":"|j|\u2606Ligoleyens\n|j|\u2606Pachal123\n|t:|1697755409\n|gametype|singles\n|player|p1|Ligoleyens|101|\n|player|p2|Pachal123|dragontamer|\n|teamsize|p1|6\n|teamsize|p2|6\n|gen|9\n|tier|[Gen 9] Ubers\n|rule|Sleep Clause Mod: Limit one foe put to sleep\n|rule|Species Clause: Limit one of each Pok\u00e9mon\n|rule|OHKO Clause: OHKO moves are banned\n|rule|Evasion Items Clause: Evasion items are banned\n|rule|Evasion Moves Clause: Evasion moves are banned\n|rule|Endless Battle Clause: Forcing endless battles is banned\n|rule|HP Percentage Mod: HP is shown in percentages\n|clearpoke\n|poke|p1|Gliscor, F|\n|poke|p1|Corviknight, F|\n|poke|p1|Dragonite, M|\n|poke|p1|Tornadus-Therian, M|\n|poke|p1|Thundurus-Therian, M|\n|poke|p1|Landorus, M|\n|poke|p2|Zapdos|\n|poke|p2|Glimmora, F|\n|poke|p2|Greninja-*, M|\n|poke|p2|Great Tusk|\n|poke|p2|Clefable, F|\n|poke|p2|Mamoswine, M|\n|teampreview\n|inactive|Battle timer is ON: inactive players will automatically lose when time's up. (requested by Ligoleyens)\n|\n|t:|1697755433\n|start\n|switch|p1a: Thundurus|Thundurus-Therian, M|100\/100\n|switch|p2a: Greninja|Greninja, M|100\/100\n|turn|1\n|\n|t:|1697755449\n|move|p1a: Thundurus|Grass Knot|p2a: Greninja\n|-supereffective|p2a: Greninja\n|-damage|p2a: Greninja|28\/100\n|move|p2a: Greninja|Ice Beam|p1a: Thundurus\n|-start|p2a: Greninja|typechange|Ice|[from] ability: Protean\n|-supereffective|p1a: Thundurus\n|-damage|p1a: Thundurus|0 fnt\n|faint|p1a: Thundurus\n|\n|upkeep\n|\n|t:|1697755468\n|switch|p1a: Dragonite|Dragonite, M|100\/100\n|turn|2\n|\n|t:|1697755475\n|switch|p2a: Mamoswine|Mamoswine, M|100\/100\n|move|p1a: Dragonite|Dragon Dance|p1a: Dragonite\n|-boost|p1a: Dragonite|atk|1\n|-boost|p1a: Dragonite|spe|1\n|\n|upkeep\n|turn|3\n|\n|t:|1697755488\n|move|p1a: Dragonite|Earthquake|p2a: Mamoswine\n|-crit|p2a: Mamoswine\n|-damage|p2a: Mamoswine|2\/100\n|move|p2a: Mamoswine|Haze|p2a: Mamoswine\n|-clearallboost\n|\n|upkeep\n|turn|4\n|\n|t:|1697755505\n|move|p1a: Dragonite|Extreme Speed|p2a: Mamoswine\n|-damage|p2a: Mamoswine|0 fnt\n|faint|p2a: Mamoswine\n|\n|upkeep\n|\n|t:|1697755511\n|switch|p2a: Glimmora|Glimmora, F|100\/100\n|turn|5\n|\n|t:|1697755521\n|move|p2a: Glimmora|Stealth Rock|p1a: Dragonite\n|-sidestart|p1: Ligoleyens|move: Stealth Rock\n|move|p1a: Dragonite|Earthquake|p2a: Glimmora\n|-supereffective|p2a: Glimmora\n|-damage|p2a: Glimmora|0 fnt\n|-activate|p2a: Glimmora|ability: Toxic Debris\n|-sidestart|p1: Ligoleyens|move: Toxic Spikes\n|faint|p2a: Glimmora\n|\n|upkeep\n|\n|t:|1697755542\n|switch|p2a: Zapdos|Zapdos|100\/100\n|turn|6\n|\n|t:|1697755553\n|switch|p1a: Gliscor|Gliscor, F|100\/100\n|-damage|p1a: Gliscor|88\/100|[from] Stealth Rock\n|move|p2a: Zapdos|Heat Wave|p1a: Gliscor\n|-damage|p1a: Gliscor|54\/100\n|\n|-status|p1a: Gliscor|tox|[from] item: Toxic Orb\n|upkeep\n|turn|7\n|\n|t:|1697755565\n|move|p1a: Gliscor|Toxic|p2a: Zapdos\n|-status|p2a: Zapdos|tox\n|move|p2a: Zapdos|Heat Wave|p1a: Gliscor\n|-damage|p1a: Gliscor|20\/100 tox\n|\n|-heal|p1a: Gliscor|33\/100 tox|[from] ability: Poison Heal\n|-damage|p2a: Zapdos|94\/100 tox|[from] psn\n|upkeep\n|turn|8\n|\n|t:|1697755577\n|switch|p2a: Clefable|Clefable, F|100\/100\n|move|p1a: Gliscor|Protect||[still]\n|-fail|p1a: Gliscor\n|\n|-heal|p1a: Gliscor|45\/100 tox|[from] ability: Poison Heal\n|upkeep\n|turn|9\n|\n|t:|1697755587\n|switch|p1a: Corviknight|Corviknight, F|100\/100\n|-damage|p1a: Corviknight|88\/100|[from] Stealth Rock\n|-ability|p1a: Corviknight|Pressure\n|move|p2a: Clefable|Calm Mind|p2a: Clefable\n|-boost|p2a: Clefable|spa|1\n|-boost|p2a: Clefable|spd|1\n|\n|-heal|p1a: Corviknight|94\/100|[from] item: Leftovers\n|upkeep\n|turn|10\n|\n|t:|1697755614\n|move|p1a: Corviknight|Defog|p2a: Clefable\n|-unboost|p2a: Clefable|evasion|1\n|-sideend|p1: Ligoleyens|Toxic Spikes|[from] move: Defog|[of] p1a: Corviknight\n|-sideend|p1: Ligoleyens|Stealth Rock|[from] move: Defog|[of] p1a: Corviknight\n|move|p2a: Clefable|Calm Mind|p2a: Clefable\n|-boost|p2a: Clefable|spa|1\n|-boost|p2a: Clefable|spd|1\n|\n|-heal|p1a: Corviknight|100\/100|[from] item: Leftovers\n|upkeep\n|turn|11\n|inactive|Pachal123 has 270 seconds left.\n|\n|t:|1697755631\n|move|p1a: Corviknight|Brave Bird|p2a: Clefable\n|-damage|p2a: Clefable|74\/100\n|-damage|p1a: Corviknight|92\/100|[from] Recoil\n|move|p2a: Clefable|Thunderbolt|p1a: Corviknight\n|-supereffective|p1a: Corviknight\n|-damage|p1a: Corviknight|0 fnt\n|faint|p1a: Corviknight\n|\n|upkeep\n|\n|t:|1697755640\n|switch|p1a: Landorus|Landorus, M|100\/100\n|turn|12\n|inactive|Pachal123 has 270 seconds left.\n|\n|t:|1697755670\n|move|p1a: Landorus|Sludge Bomb|p2a: Clefable\n|-supereffective|p2a: Clefable\n|-damage|p2a: Clefable|25\/100\n|move|p2a: Clefable|Flamethrower|p1a: Landorus\n|-damage|p1a: Landorus|33\/100\n|-status|p1a: Landorus|brn\n|\n|-damage|p1a: Landorus|27\/100 brn|[from] brn\n|upkeep\n|turn|13\n|\n|t:|1697755687\n|move|p1a: Landorus|Sludge Bomb|p2a: Clefable\n|-supereffective|p2a: Clefable\n|-damage|p2a: Clefable|0 fnt\n|faint|p2a: Clefable\n|\n|-damage|p1a: Landorus|22\/100 brn|[from] brn\n|upkeep\n|inactive|Pachal123 has 240 seconds left.\n|\n|t:|1697755711\n|switch|p2a: Great Tusk|Great Tusk|100\/100\n|turn|14\n|inactive|Pachal123 has 240 seconds left.\n|\n|t:|1697755729\n|move|p1a: Landorus|Grass Knot|p2a: Great Tusk\n|-supereffective|p2a: Great Tusk\n|-damage|p2a: Great Tusk|0 fnt\n|faint|p2a: Great Tusk\n|-end|p2a: Great Tusk|Protosynthesis|[silent]\n|-damage|p1a: Landorus|12\/100 brn|[from] item: Life Orb\n|\n|-damage|p1a: Landorus|6\/100 brn|[from] brn\n|upkeep\n|\n|t:|1697755740\n|switch|p2a: Greninja|Greninja, M|28\/100\n|turn|15\n|\n|t:|1697755748\n|move|p2a: Greninja|U-turn|p1a: Landorus\n|-start|p2a: Greninja|typechange|Bug|[from] ability: Protean\n|-resisted|p1a: Landorus\n|-damage|p1a: Landorus|0 fnt\n|faint|p1a: Landorus\n|\n|t:|1697755754\n|switch|p2a: Zapdos|Zapdos|94\/100 tox|[from] U-turn\n|\n|-damage|p2a: Zapdos|88\/100 tox|[from] psn\n|upkeep\n|\n|t:|1697755756\n|switch|p1a: Gliscor|Gliscor, F|45\/100 tox\n|turn|16\n|inactive|Pachal123 has 240 seconds left.\n|\n|t:|1697755770\n|move|p1a: Gliscor|Knock Off|p2a: Zapdos\n|-damage|p2a: Zapdos|73\/100 tox\n|-damage|p1a: Gliscor|28\/100 tox|[from] item: Rocky Helmet|[of] p2a: Zapdos\n|-enditem|p2a: Zapdos|Rocky Helmet|[from] move: Knock Off|[of] p1a: Gliscor\n|move|p2a: Zapdos|Roost|p2a: Zapdos\n|-heal|p2a: Zapdos|100\/100 tox\n|-singleturn|p2a: Zapdos|move: Roost\n|\n|-heal|p1a: Gliscor|41\/100 tox|[from] ability: Poison Heal\n|-damage|p2a: Zapdos|88\/100 tox|[from] psn\n|upkeep\n|turn|17\n|inactive|Pachal123 has 240 seconds left.\n|\n|t:|1697755784\n|move|p1a: Gliscor|Stealth Rock|p2a: Zapdos\n|-sidestart|p2: Pachal123|move: Stealth Rock\n|move|p2a: Zapdos|Heat Wave|p1a: Gliscor\n|-damage|p1a: Gliscor|10\/100 tox\n|\n|-heal|p1a: Gliscor|23\/100 tox|[from] ability: Poison Heal\n|-damage|p2a: Zapdos|70\/100 tox|[from] psn\n|upkeep\n|turn|18\n|inactive|Pachal123 has 240 seconds left.\n|\n|t:|1697755794\n|move|p1a: Gliscor|Protect|p1a: Gliscor\n|-singleturn|p1a: Gliscor|Protect\n|move|p2a: Zapdos|Heat Wave|p1a: Gliscor\n|-activate|p1a: Gliscor|move: Protect\n|\n|-heal|p1a: Gliscor|35\/100 tox|[from] ability: Poison Heal\n|-damage|p2a: Zapdos|46\/100 tox|[from] psn\n|upkeep\n|turn|19\n|\n|t:|1697755804\n|move|p1a: Gliscor|Knock Off|p2a: Zapdos\n|-damage|p2a: Zapdos|36\/100 tox\n|move|p2a: Zapdos|Heat Wave|p1a: Gliscor\n|-damage|p1a: Gliscor|5\/100 tox\n|\n|-heal|p1a: Gliscor|17\/100 tox|[from] ability: Poison Heal\n|-damage|p2a: Zapdos|6\/100 tox|[from] psn\n|upkeep\n|turn|20\n|\n|t:|1697755813\n|move|p1a: Gliscor|Knock Off|p2a: Zapdos\n|-damage|p2a: Zapdos|0 fnt\n|faint|p2a: Zapdos\n|\n|-heal|p1a: Gliscor|30\/100 tox|[from] ability: Poison Heal\n|upkeep\n|\n|t:|1697755821\n|switch|p2a: Greninja|Greninja, M|28\/100\n|-damage|p2a: Greninja|16\/100|[from] Stealth Rock\n|turn|21\n|\n|t:|1697755830\n|switch|p1a: Dragonite|Dragonite, M|100\/100\n|move|p2a: Greninja|Ice Beam|p1a: Dragonite\n|-start|p2a: Greninja|typechange|Ice|[from] ability: Protean\n|-supereffective|p1a: Dragonite\n|-damage|p1a: Dragonite|0 fnt\n|faint|p1a: Dragonite\n|\n|upkeep\n|\n|t:|1697755833\n|switch|p1a: Tornadus|Tornadus-Therian, M|100\/100\n|turn|22\n|\n|t:|1697755843\n|move|p2a: Greninja|Ice Beam|p1a: Tornadus\n|-supereffective|p1a: Tornadus\n|-damage|p1a: Tornadus|24\/100\n|move|p1a: Tornadus|Knock Off|p2a: Greninja\n|-damage|p2a: Greninja|0 fnt\n|-enditem|p2a: Greninja|Choice Specs|[from] move: Knock Off|[of] p1a: Tornadus\n|faint|p2a: Greninja\n|\n|win|Ligoleyens\n|c|\u2606Ligoleyens|Ggwp\n|l|\u2606Ligoleyens\n","uploadtime":1697755863,"views":12,"p1id":"ligoleyens","p2id":"pachal123","formatid":"gen9ubers","rating":0,"private":0,"password":""}