{"id":"gen9ubers-1993670334","p1":"Sushiman810","p2":"EuropaLover","format":"[Gen 9] Ubers","log":"|j|\u2606Sushiman810\n|j|\u2606EuropaLover\n|t:|1700343749\n|gametype|singles\n|player|p1|Sushiman810|hugh|\n|player|p2|EuropaLover|giovanni|\n|teamsize|p1|6\n|teamsize|p2|6\n|gen|9\n|tier|[Gen 9] Ubers\n|rule|Sleep Clause Mod: Limit one foe put to sleep\n|rule|Species Clause: Limit one of each Pok\u00e9mon\n|rule|OHKO Clause: OHKO moves are banned\n|rule|Evasion Items Clause: Evasion items are banned\n|rule|Evasion Moves Clause: Evasion moves are banned\n|rule|Endless Battle Clause: Forcing endless battles is banned\n|rule|HP Percentage Mod: HP is shown in percentages\n|clearpoke\n|poke|p1|Ogerpon-Wellspring, F|\n|poke|p1|Kingambit, M|\n|poke|p1|Iron Moth|\n|poke|p1|Landorus-Therian, M|\n|poke|p1|Iron Valiant|\n|poke|p1|Samurott-Hisui, M|\n|poke|p2|Palafin, F|\n|poke|p2|Miraidon|\n|poke|p2|Zacian-*|\n|poke|p2|Rayquaza|\n|poke|p2|Chien-Pao|\n|poke|p2|Arceus-Water|\n|teampreview\n|c|\u2606Sushiman810|Um rayquaz\n|c|\u2606Sushiman810|Bro\n|\n|t:|1700343776\n|start\n|switch|p1a: Tadakatsu Honda|Iron Valiant|100\/100\n|switch|p2a: Rayquaza|Rayquaza|100\/100\n|-ability|p2a: Rayquaza|Air Lock\n|-enditem|p1a: Tadakatsu Honda|Booster Energy\n|-activate|p1a: Tadakatsu Honda|ability: Quark Drive|[fromitem]\n|-start|p1a: Tadakatsu Honda|quarkdrivespe\n|turn|1\n|c|\u2606EuropaLover|Acho q coloquei aquele ataque\n|\n|t:|1700343787\n|move|p1a: Tadakatsu Honda|Moonblast|p2a: Rayquaza\n|-supereffective|p2a: Rayquaza\n|-damage|p2a: Rayquaza|29\/100\n|move|p2a: Rayquaza|Dragon Ascent|p1a: Tadakatsu Honda\n|-supereffective|p1a: Tadakatsu Honda\n|-damage|p1a: Tadakatsu Honda|0 fnt\n|-unboost|p2a: Rayquaza|def|1\n|-unboost|p2a: Rayquaza|spd|1\n|faint|p1a: Tadakatsu Honda\n|-end|p1a: Tadakatsu Honda|Quark Drive|[silent]\n|\n|upkeep\n|\n|t:|1700343803\n|switch|p1a: Tokugawa Ieyasu|Iron Moth|100\/100\n|-enditem|p1a: Tokugawa Ieyasu|Booster Energy\n|-activate|p1a: Tokugawa Ieyasu|ability: Quark Drive|[fromitem]\n|-start|p1a: Tokugawa Ieyasu|quarkdrivespe\n|turn|2\n|\n|t:|1700343811\n|move|p2a: Rayquaza|Extreme Speed|p1a: Tokugawa Ieyasu\n|-damage|p1a: Tokugawa Ieyasu|52\/100\n|move|p1a: Tokugawa Ieyasu|Dazzling Gleam|p2a: Rayquaza\n|-supereffective|p2a: Rayquaza\n|-damage|p2a: Rayquaza|0 fnt\n|faint|p2a: Rayquaza\n|\n|upkeep\n|\n|t:|1700343814\n|switch|p2a: Chien-Pao|Chien-Pao|100\/100\n|-ability|p2a: Chien-Pao|Sword of Ruin\n|turn|3\n|\n|t:|1700343825\n|move|p2a: Chien-Pao|Sacred Sword|p1a: Tokugawa Ieyasu\n|-resisted|p1a: Tokugawa Ieyasu\n|-damage|p1a: Tokugawa Ieyasu|21\/100\n|move|p1a: Tokugawa Ieyasu|Fiery Dance|p2a: Chien-Pao\n|-supereffective|p2a: Chien-Pao\n|-damage|p2a: Chien-Pao|0 fnt\n|-boost|p1a: Tokugawa Ieyasu|spa|1\n|faint|p2a: Chien-Pao\n|\n|upkeep\n|\n|t:|1700343833\n|switch|p2a: Zacian|Zacian-Crowned|100\/100\n|-ability|p2a: Zacian|Intrepid Sword|boost\n|-boost|p2a: Zacian|atk|1\n|turn|4\n|\n|t:|1700343836\n|move|p1a: Tokugawa Ieyasu|Fiery Dance|p2a: Zacian\n|-supereffective|p2a: Zacian\n|-damage|p2a: Zacian|0 fnt\n|faint|p2a: Zacian\n|\n|upkeep\n|\n|t:|1700343838\n|switch|p2a: Miraidon|Miraidon|100\/100\n|-fieldstart|move: Electric Terrain|[from] ability: Hadron Engine|[of] p2a: Miraidon\n|turn|5\n|\n|t:|1700343840\n|move|p1a: Tokugawa Ieyasu|Dazzling Gleam|p2a: Miraidon\n|-supereffective|p2a: Miraidon\n|-damage|p2a: Miraidon|32\/100\n|move|p2a: Miraidon|Volt Switch|p1a: Tokugawa Ieyasu\n|-damage|p1a: Tokugawa Ieyasu|0 fnt\n|faint|p1a: Tokugawa Ieyasu\n|-end|p1a: Tokugawa Ieyasu|Quark Drive|[silent]\n|\n|t:|1700343842\n|switch|p2a: Palafin|Palafin, F|100\/100|[from] Volt Switch\n|\n|upkeep\n|\n|t:|1700343851\n|switch|p1a: Kenshin|Ogerpon-Wellspring, F|100\/100\n|turn|6\n|\n|t:|1700343857\n|move|p1a: Kenshin|Play Rough|p2a: Palafin\n|-crit|p2a: Palafin\n|-damage|p2a: Palafin|39\/100\n|move|p2a: Palafin|Flip Turn|p1a: Kenshin\n|-immune|p1a: Kenshin|[from] ability: Water Absorb\n|\n|upkeep\n|turn|7\n|\n|t:|1700343867\n|detailschange|p2a: Palafin|Palafin-Hero, F\n|switch|p2a: Arceus|Arceus-Water|100\/100\n|move|p1a: Kenshin|Play Rough|p2a: Arceus\n|-damage|p2a: Arceus|72\/100\n|\n|upkeep\n|turn|8\n|\n|t:|1700343874\n|move|p2a: Arceus|Heat Wave|p1a: Kenshin\n|-damage|p1a: Kenshin|61\/100\n|move|p1a: Kenshin|Horn Leech|p2a: Arceus\n|-supereffective|p2a: Arceus\n|-damage|p2a: Arceus|6\/100\n|-heal|p1a: Kenshin|100\/100|[from] drain|[of] p2a: Arceus\n|\n|upkeep\n|turn|9\n|\n|t:|1700343882\n|move|p2a: Arceus|Judgment|p1a: Kenshin\n|-immune|p1a: Kenshin|[from] ability: Water Absorb\n|move|p1a: Kenshin|Horn Leech|p2a: Arceus\n|-supereffective|p2a: Arceus\n|-damage|p2a: Arceus|0 fnt\n|faint|p2a: Arceus\n|\n|-fieldend|move: Electric Terrain\n|upkeep\n|\n|t:|1700343888\n|switch|p2a: Miraidon|Miraidon|32\/100\n|-fieldstart|move: Electric Terrain|[from] ability: Hadron Engine|[of] p2a: Miraidon\n|turn|10\n|\n|t:|1700343895\n|switch|p1a: Takeda Shingen|Landorus-Therian, M|100\/100\n|-ability|p1a: Takeda Shingen|Intimidate|boost\n|-unboost|p2a: Miraidon|atk|1\n|move|p2a: Miraidon|Dragon Pulse|p1a: Takeda Shingen\n|-damage|p1a: Takeda Shingen|0 fnt\n|faint|p1a: Takeda Shingen\n|\n|upkeep\n|c|\u2606Sushiman810|:(\n|\n|t:|1700343912\n|switch|p1a: Mitsuhide Akechi|Samurott-Hisui, M|100\/100\n|turn|11\n|c|\u2606EuropaLover|E olha q eu t\u00f4 fazendo spedrun\n|c|\u2606EuropaLover|Jogando em um segundo\n|\n|t:|1700343931\n|move|p1a: Mitsuhide Akechi|Sucker Punch|p2a: Miraidon\n|-damage|p2a: Miraidon|0 fnt\n|faint|p2a: Miraidon\n|\n|upkeep\n|\n|t:|1700343933\n|switch|p2a: Palafin|Palafin-Hero, F|39\/100\n|-activate|p2a: Palafin|ability: Zero to Hero\n|turn|12\n|\n|t:|1700343938\n|-terastallize|p2a: Palafin|Water\n|move|p2a: Palafin|Jet Punch|p1a: Mitsuhide Akechi\n|-resisted|p1a: Mitsuhide Akechi\n|-damage|p1a: Mitsuhide Akechi|57\/100\n|move|p1a: Mitsuhide Akechi|Ceaseless Edge|p2a: Palafin\n|-damage|p2a: Palafin|0 fnt\n|-sidestart|p2: EuropaLover|Spikes\n|faint|p2a: Palafin\n|\n|win|Sushiman810\n","uploadtime":1700343940,"views":13,"p1id":"sushiman810","p2id":"europalover","formatid":"gen9ubers","rating":0,"private":0,"password":""}