{"id":"gen9ubers-1985436432","p1":"Leo Justice","p2":"XpokVEVO","format":"[Gen 9] Ubers","log":"|j|\u2606Leo Justice\n|j|\u2606XpokVEVO\n|t:|1699374561\n|gametype|singles\n|player|p1|Leo Justice|carmine|\n|player|p2|XpokVEVO|rika|\n|teamsize|p1|6\n|teamsize|p2|6\n|gen|9\n|tier|[Gen 9] Ubers\n|rule|Sleep Clause Mod: Limit one foe put to sleep\n|rule|Species Clause: Limit one of each Pok\u00e9mon\n|rule|OHKO Clause: OHKO moves are banned\n|rule|Evasion Items Clause: Evasion items are banned\n|rule|Evasion Moves Clause: Evasion moves are banned\n|rule|Endless Battle Clause: Forcing endless battles is banned\n|rule|HP Percentage Mod: HP is shown in percentages\n|clearpoke\n|poke|p1|Meowscarada, M|\n|poke|p1|Dialga|\n|poke|p1|Zacian-*|\n|poke|p1|Magearna|\n|poke|p1|Cyclizar, M|\n|poke|p1|Arceus-Ghost|\n|poke|p2|Cyclizar, F|\n|poke|p2|Espathra, F|\n|poke|p2|Zacian-*|\n|poke|p2|Roaring Moon|\n|poke|p2|Arceus-Fire|\n|poke|p2|Magearna|\n|teampreview\n|\n|t:|1699374566\n|start\n|switch|p1a: Meowscarada|Meowscarada, M|100\/100\n|switch|p2a: Akira|Cyclizar, F|100\/100\n|turn|1\n|\n|t:|1699374615\n|move|p1a: Meowscarada|Toxic Spikes|p2a: Akira\n|-sidestart|p2: XpokVEVO|move: Toxic Spikes\n|move|p2a: Akira|Shed Tail|p2a: Akira\n|-start|p2a: Akira|Substitute|[from] move: Shed Tail\n|-damage|p2a: Akira|50\/100\n|\n|t:|1699374658\n|switch|p2a: Aunt Fanny|Magearna|100\/100|[from] Shed Tail\n|\n|upkeep\n|turn|2\n|\n|t:|1699374664\n|move|p1a: Meowscarada|Taunt|p2a: Aunt Fanny\n|-start|p2a: Aunt Fanny|move: Taunt\n|move|p2a: Aunt Fanny|Fleur Cannon|p1a: Meowscarada\n|-supereffective|p1a: Meowscarada\n|-enditem|p1a: Meowscarada|Focus Sash\n|-damage|p1a: Meowscarada|1\/100\n|-unboost|p2a: Aunt Fanny|spa|2\n|-enditem|p2a: Aunt Fanny|Eject Pack\n|\n|t:|1699374667\n|switch|p2a: Akira|Cyclizar, F|84\/100\n|\n|upkeep\n|turn|3\n|\n|t:|1699374676\n|switch|p1a: Arceus|Arceus-Ghost|100\/100\n|move|p2a: Akira|Rapid Spin|p1a: Arceus\n|-immune|p1a: Arceus\n|\n|upkeep\n|turn|4\n|c|\u2606XpokVEVO|FUUUCL\n|\n|t:|1699374693\n|move|p2a: Akira|Taunt|p1a: Arceus\n|-start|p1a: Arceus|move: Taunt\n|cant|p1a: Arceus|move: Taunt|Swords Dance\n|\n|upkeep\n|turn|5\n|\n|t:|1699374702\n|move|p1a: Arceus|Extreme Speed|p2a: Akira\n|-damage|p2a: Akira|43\/100\n|move|p2a: Akira|Shed Tail|p2a: Akira\n|-fail|p2a: Akira|move: Shed Tail|[weak]\n|\n|upkeep\n|turn|6\n|\n|t:|1699374717\n|switch|p2a: Aunt Fanny|Magearna|100\/100\n|move|p1a: Arceus|Extreme Speed|p2a: Aunt Fanny\n|-resisted|p2a: Aunt Fanny\n|-damage|p2a: Aunt Fanny|85\/100\n|\n|-end|p1a: Arceus|move: Taunt\n|upkeep\n|turn|7\n|\n|t:|1699374735\n|switch|p1a: Meowscarada|Meowscarada, M|1\/100\n|move|p2a: Aunt Fanny|Spikes|p1a: Meowscarada\n|-sidestart|p1: Leo Justice|Spikes\n|\n|upkeep\n|turn|8\n|\n|t:|1699374743\n|move|p1a: Meowscarada|Spikes|p2a: Aunt Fanny\n|-sidestart|p2: XpokVEVO|Spikes\n|move|p2a: Aunt Fanny|Spikes|p1a: Meowscarada\n|-sidestart|p1: Leo Justice|Spikes\n|\n|upkeep\n|turn|9\n|\n|t:|1699374750\n|move|p1a: Meowscarada|Toxic Spikes|p2a: Aunt Fanny\n|-sidestart|p2: XpokVEVO|move: Toxic Spikes\n|move|p2a: Aunt Fanny|Encore|p1a: Meowscarada\n|-start|p1a: Meowscarada|Encore\n|\n|upkeep\n|turn|10\n|\n|t:|1699374755\n|switch|p1a: Cyclizar|Cyclizar, M|100\/100\n|move|p2a: Aunt Fanny|Spikes|p1a: Cyclizar\n|-sidestart|p1: Leo Justice|Spikes\n|\n|upkeep\n|turn|11\n|\n|t:|1699374777\n|switch|p2a: Princess|Zacian, shiny|100\/100\n|-status|p2a: Princess|tox\n|-damage|p2a: Princess|88\/100 tox|[from] Spikes\n|-ability|p2a: Princess|Intrepid Sword|boost\n|-boost|p2a: Princess|atk|1\n|move|p1a: Cyclizar|Shed Tail|p1a: Cyclizar\n|-start|p1a: Cyclizar|Substitute|[from] move: Shed Tail\n|-damage|p1a: Cyclizar|50\/100\n|\n|t:|1699374793\n|switch|p1a: Dialga|Dialga|100\/100|[from] Shed Tail\n|-damage|p1a: Dialga|75\/100|[from] Spikes\n|-ability|p1a: Dialga|Pressure\n|\n|-heal|p1a: Dialga|82\/100|[from] item: Leftovers\n|-damage|p2a: Princess|82\/100 tox|[from] psn\n|upkeep\n|turn|12\n|\n|t:|1699374797\n|move|p2a: Princess|Play Rough|p1a: Dialga\n|-crit|p1a: Dialga\n|-end|p1a: Dialga|Substitute\n|-damage|p2a: Princess|72\/100 tox|[from] item: Life Orb\n|move|p1a: Dialga|Roar|p2a: Princess\n|drag|p2a: Emu War|Espathra, F|100\/100\n|-status|p2a: Emu War|tox\n|-damage|p2a: Emu War|88\/100 tox|[from] Spikes\n|\n|-heal|p1a: Dialga|88\/100|[from] item: Leftovers\n|-damage|p2a: Emu War|82\/100 tox|[from] psn\n|upkeep\n|turn|13\n|\n|t:|1699374808\n|move|p2a: Emu War|Calm Mind|p2a: Emu War\n|-boost|p2a: Emu War|spa|1\n|-boost|p2a: Emu War|spd|1\n|move|p1a: Dialga|Stealth Rock|p2a: Emu War\n|-sidestart|p2: XpokVEVO|move: Stealth Rock\n|\n|-heal|p1a: Dialga|94\/100|[from] item: Leftovers\n|-damage|p2a: Emu War|70\/100 tox|[from] psn\n|-ability|p2a: Emu War|Speed Boost|boost\n|-boost|p2a: Emu War|spe|1\n|upkeep\n|turn|14\n|\n|t:|1699374843\n|move|p2a: Emu War|Dazzling Gleam|p1a: Dialga\n|-damage|p1a: Dialga|72\/100\n|move|p1a: Dialga|Roar|p2a: Emu War\n|drag|p2a: Ar\u0441eus-Fighting|Arceus-Fire, shiny|100\/100\n|-status|p2a: Ar\u0441eus-Fighting|tox\n|-damage|p2a: Ar\u0441eus-Fighting|88\/100 tox|[from] Spikes\n|-damage|p2a: Ar\u0441eus-Fighting|63\/100 tox|[from] Stealth Rock\n|\n|-heal|p1a: Dialga|78\/100|[from] item: Leftovers\n|-damage|p2a: Ar\u0441eus-Fighting|57\/100 tox|[from] psn\n|upkeep\n|turn|15\n|\n|t:|1699374854\n|move|p2a: Ar\u0441eus-Fighting|Flare Blitz|p1a: Dialga\n|-damage|p1a: Dialga|20\/100\n|-damage|p2a: Ar\u0441eus-Fighting|40\/100 tox|[from] Recoil\n|move|p1a: Dialga|Roar|p2a: Ar\u0441eus-Fighting\n|drag|p2a: Akira|Cyclizar, F|76\/100\n|\n|-heal|p1a: Dialga|26\/100|[from] item: Leftovers\n|upkeep\n|turn|16\n|\n|t:|1699374892\n|switch|p1a: Meowscarada|Meowscarada, M|1\/100\n|-damage|p1a: Meowscarada|0 fnt|[from] Spikes\n|faint|p1a: Meowscarada\n|move|p2a: Akira|Shed Tail|p2a: Akira\n|-start|p2a: Akira|Substitute|[from] move: Shed Tail\n|-damage|p2a: Akira|26\/100\n|\n|t:|1699374896\n|switch|p2a: Aunt Fanny|Magearna|85\/100|[from] Shed Tail\n|-damage|p2a: Aunt Fanny|73\/100|[from] Spikes\n|-damage|p2a: Aunt Fanny|67\/100|[from] Stealth Rock\n|\n|upkeep\n|\n|t:|1699374907\n|switch|p1a: Magearna|Magearna|100\/100\n|-damage|p1a: Magearna|75\/100|[from] Spikes\n|turn|17\n|\n|t:|1699374936\n|move|p1a: Magearna|Spikes|p2a: Aunt Fanny\n|-sidestart|p2: XpokVEVO|Spikes\n|move|p2a: Aunt Fanny|Encore|p1a: Magearna\n|-start|p1a: Magearna|Encore\n|\n|-heal|p1a: Magearna|82\/100|[from] item: Leftovers\n|upkeep\n|turn|18\n|\n|t:|1699374952\n|move|p1a: Magearna|Spikes|p2a: Aunt Fanny\n|-sidestart|p2: XpokVEVO|Spikes\n|move|p2a: Aunt Fanny|Volt Switch|p1a: Magearna\n|-damage|p1a: Magearna|61\/100\n|\n|t:|1699374963\n|switch|p2a: Akira|Cyclizar, F|59\/100|[from] Volt Switch\n|\n|-heal|p1a: Magearna|67\/100|[from] item: Leftovers\n|upkeep\n|turn|19\n|\n|t:|1699374971\n|switch|p2a: Princess|Zacian, shiny|72\/100 tox\n|-damage|p2a: Princess|47\/100 tox|[from] Spikes\n|-damage|p2a: Princess|35\/100 tox|[from] Stealth Rock\n|switch|p1a: Arceus|Arceus-Ghost|100\/100\n|-damage|p1a: Arceus|75\/100|[from] Spikes\n|\n|-damage|p2a: Princess|29\/100 tox|[from] psn\n|upkeep\n|turn|20\n|\n|t:|1699374984\n|move|p1a: Arceus|Extreme Speed|p2a: Princess\n|-damage|p2a: Princess|2\/100 tox\n|move|p2a: Princess|Close Combat|p1a: Arceus\n|-immune|p1a: Arceus\n|\n|-damage|p2a: Princess|0 fnt|[from] psn\n|faint|p2a: Princess\n|upkeep\n|-message|XpokVEVO forfeited.\n|\n|win|Leo Justice\n|l|\u2606XpokVEVO\n","uploadtime":1699374997,"views":4,"p1id":"leojustice","p2id":"xpokvevo","formatid":"gen9ubers","rating":0,"private":0,"password":""}