{"id":"gen9ubers-1987371516","p1":"IDAHAN","p2":"harmony6","format":"[Gen 9] Ubers","log":"|j|\u2606IDAHAN\n|j|\u2606harmony6\n|t:|1699582977\n|gametype|singles\n|player|p1|IDAHAN|ethan|\n|player|p2|harmony6|lass-gen4dp|\n|teamsize|p1|6\n|teamsize|p2|6\n|gen|9\n|tier|[Gen 9] Ubers\n|rule|Sleep Clause Mod: Limit one foe put to sleep\n|rule|Species Clause: Limit one of each Pok\u00e9mon\n|rule|OHKO Clause: OHKO moves are banned\n|rule|Evasion Items Clause: Evasion items are banned\n|rule|Evasion Moves Clause: Evasion moves are banned\n|rule|Endless Battle Clause: Forcing endless battles is banned\n|rule|HP Percentage Mod: HP is shown in percentages\n|clearpoke\n|poke|p1|Magearna|\n|poke|p1|Arceus-Poison|\n|poke|p1|Zacian-*|\n|poke|p1|Houndstone, F|\n|poke|p1|Palkia-Origin|\n|poke|p1|Espathra, F|\n|poke|p2|Magearna|\n|poke|p2|Ursaluna, F|\n|poke|p2|Arceus-Ghost|\n|poke|p2|Zacian-*|\n|poke|p2|Palkia-Origin|\n|poke|p2|Cyclizar, F|\n|teampreview\n|inactive|Battle timer is ON: inactive players will automatically lose when time's up. (requested by IDAHAN)\n|c|\u2606IDAHAN|oh shit same team?\n|c|\u2606harmony6|Lol\n|c|\u2606harmony6|gl\n|\n|t:|1699582999\n|start\n|switch|p1a: Zacian|Zacian|100\/100\n|switch|p2a: Arceus|Arceus-Ghost|100\/100\n|-ability|p1a: Zacian|Intrepid Sword|boost\n|-boost|p1a: Zacian|atk|1\n|turn|1\n|\n|t:|1699583010\n|-terastallize|p2a: Arceus|Normal\n|move|p1a: Zacian|Play Rough|p2a: Arceus\n|-damage|p2a: Arceus|35\/100\n|move|p2a: Arceus|Swords Dance|p2a: Arceus\n|-boost|p2a: Arceus|atk|2\n|\n|upkeep\n|turn|2\n|\n|t:|1699583019\n|switch|p1a: Houndstone|Houndstone, F|100\/100\n|move|p2a: Arceus|Extreme Speed|p1a: Houndstone\n|-immune|p1a: Houndstone\n|\n|upkeep\n|turn|3\n|\n|t:|1699583025\n|move|p2a: Arceus|Recover|p2a: Arceus\n|-heal|p2a: Arceus|85\/100\n|move|p1a: Houndstone|Body Press|p2a: Arceus\n|-supereffective|p2a: Arceus\n|-crit|p2a: Arceus\n|-damage|p2a: Arceus|35\/100\n|\n|upkeep\n|turn|4\n|\n|t:|1699583030\n|move|p2a: Arceus|Recover|p2a: Arceus\n|-heal|p2a: Arceus|85\/100\n|move|p1a: Houndstone|Will-O-Wisp|p2a: Arceus\n|-status|p2a: Arceus|brn\n|\n|-damage|p2a: Arceus|79\/100 brn|[from] brn\n|upkeep\n|turn|5\n|\n|t:|1699583033\n|move|p2a: Arceus|Swords Dance|p2a: Arceus\n|-boost|p2a: Arceus|atk|2\n|move|p1a: Houndstone|Body Press|p2a: Arceus\n|-supereffective|p2a: Arceus\n|-damage|p2a: Arceus|45\/100 brn\n|\n|-damage|p2a: Arceus|39\/100 brn|[from] brn\n|upkeep\n|turn|6\n|\n|t:|1699583042\n|switch|p1a: Magearna|Magearna|100\/100\n|move|p2a: Arceus|Recover|p2a: Arceus\n|-heal|p2a: Arceus|89\/100 brn\n|\n|-damage|p2a: Arceus|83\/100 brn|[from] brn\n|upkeep\n|turn|7\n|\n|t:|1699583047\n|move|p2a: Arceus|Shadow Claw|p1a: Magearna\n|-damage|p1a: Magearna|45\/100\n|move|p1a: Magearna|Calm Mind|p1a: Magearna\n|-boost|p1a: Magearna|spa|1\n|-boost|p1a: Magearna|spd|1\n|\n|-damage|p2a: Arceus|77\/100 brn|[from] brn\n|upkeep\n|turn|8\n|\n|t:|1699583055\n|switch|p1a: Palkia|Palkia-Origin|100\/100\n|-ability|p1a: Palkia|Pressure\n|move|p2a: Arceus|Shadow Claw|p1a: Palkia\n|-damage|p1a: Palkia|26\/100\n|\n|-damage|p2a: Arceus|70\/100 brn|[from] brn\n|upkeep\n|turn|9\n|\n|t:|1699583060\n|move|p2a: Arceus|Extreme Speed|p1a: Palkia\n|-damage|p1a: Palkia|0 fnt\n|faint|p1a: Palkia\n|\n|-damage|p2a: Arceus|64\/100 brn|[from] brn\n|upkeep\n|\n|t:|1699583070\n|switch|p1a: Arceus|Arceus-Poison|100\/100\n|turn|10\n|\n|t:|1699583077\n|move|p1a: Arceus|Poison Jab|p2a: Arceus\n|-damage|p2a: Arceus|34\/100 brn\n|move|p2a: Arceus|Swords Dance|p2a: Arceus\n|-boost|p2a: Arceus|atk|2\n|\n|-damage|p2a: Arceus|28\/100 brn|[from] brn\n|upkeep\n|turn|11\n|\n|t:|1699583081\n|move|p2a: Arceus|Extreme Speed|p1a: Arceus\n|-damage|p1a: Arceus|47\/100\n|move|p1a: Arceus|Poison Jab|p2a: Arceus\n|-damage|p2a: Arceus|0 fnt\n|faint|p2a: Arceus\n|\n|upkeep\n|\n|t:|1699583085\n|switch|p2a: Palkia|Palkia-Origin|100\/100\n|-ability|p2a: Palkia|Pressure\n|turn|12\n|\n|t:|1699583088\n|move|p2a: Palkia|Earth Power|p1a: Arceus\n|-supereffective|p1a: Arceus\n|-damage|p1a: Arceus|0 fnt\n|faint|p1a: Arceus\n|\n|upkeep\n|\n|t:|1699583091\n|switch|p1a: Zacian|Zacian|100\/100\n|turn|13\n|\n|t:|1699583096\n|switch|p2a: Magearna|Magearna|100\/100\n|move|p1a: Zacian|Close Combat|p2a: Magearna\n|-damage|p2a: Magearna|67\/100\n|-unboost|p1a: Zacian|def|1\n|-unboost|p1a: Zacian|spd|1\n|\n|-heal|p2a: Magearna|73\/100|[from] item: Leftovers\n|upkeep\n|turn|14\n|\n|t:|1699583108\n|switch|p1a: Magearna|Magearna|45\/100\n|move|p2a: Magearna|Fleur Cannon|p1a: Magearna\n|-resisted|p1a: Magearna\n|-damage|p1a: Magearna|20\/100\n|-unboost|p2a: Magearna|spa|2\n|\n|-heal|p2a: Magearna|79\/100|[from] item: Leftovers\n|upkeep\n|turn|15\n|\n|t:|1699583117\n|-terastallize|p1a: Magearna|Ground\n|move|p1a: Magearna|Tera Blast|p2a: Magearna|[anim] Tera Blast Ground\n|-supereffective|p2a: Magearna\n|-damage|p2a: Magearna|0 fnt\n|faint|p2a: Magearna\n|-ability|p1a: Magearna|Soul-Heart|boost\n|-boost|p1a: Magearna|spa|1\n|\n|upkeep\n|c|\u2606harmony6|Wow\n|\n|t:|1699583135\n|switch|p2a: Zacian|Zacian|100\/100\n|-ability|p2a: Zacian|Intrepid Sword|boost\n|-boost|p2a: Zacian|atk|1\n|turn|16\n|\n|t:|1699583140\n|switch|p1a: Houndstone|Houndstone, F|100\/100\n|move|p2a: Zacian|Crunch|p1a: Houndstone\n|-supereffective|p1a: Houndstone\n|-damage|p1a: Houndstone|69\/100\n|\n|-heal|p1a: Houndstone|75\/100|[from] item: Leftovers\n|upkeep\n|turn|17\n|\n|t:|1699583147\n|switch|p2a: Ursaluna|Ursaluna, F|100\/100\n|move|p1a: Houndstone|Will-O-Wisp|p2a: Ursaluna\n|-status|p2a: Ursaluna|brn\n|\n|-heal|p1a: Houndstone|81\/100|[from] item: Leftovers\n|-damage|p2a: Ursaluna|94\/100 brn|[from] brn\n|upkeep\n|turn|18\n|\n|t:|1699583152\n|move|p1a: Houndstone|Body Press|p2a: Ursaluna\n|-supereffective|p2a: Ursaluna\n|-damage|p2a: Ursaluna|55\/100 brn\n|move|p2a: Ursaluna|Substitute|p2a: Ursaluna\n|-start|p2a: Ursaluna|Substitute\n|-damage|p2a: Ursaluna|30\/100 brn\n|\n|-heal|p1a: Houndstone|87\/100|[from] item: Leftovers\n|-damage|p2a: Ursaluna|24\/100 brn|[from] brn\n|upkeep\n|turn|19\n|\n|t:|1699583157\n|move|p1a: Houndstone|Body Press|p2a: Ursaluna\n|-supereffective|p2a: Ursaluna\n|-end|p2a: Ursaluna|Substitute\n|move|p2a: Ursaluna|Earthquake|p1a: Houndstone\n|-damage|p1a: Houndstone|28\/100\n|\n|-heal|p1a: Houndstone|34\/100|[from] item: Leftovers\n|-damage|p2a: Ursaluna|18\/100 brn|[from] brn\n|upkeep\n|turn|20\n|\n|t:|1699583160\n|move|p1a: Houndstone|Body Press|p2a: Ursaluna\n|-supereffective|p2a: Ursaluna\n|-damage|p2a: Ursaluna|0 fnt\n|faint|p2a: Ursaluna\n|\n|-heal|p1a: Houndstone|40\/100|[from] item: Leftovers\n|upkeep\n|\n|t:|1699583161\n|switch|p2a: Palkia|Palkia-Origin|100\/100\n|-ability|p2a: Palkia|Pressure\n|turn|21\n|\n|t:|1699583168\n|switch|p1a: Magearna|Magearna, tera:Ground|20\/100\n|move|p2a: Palkia|Substitute|p2a: Palkia\n|-start|p2a: Palkia|Substitute\n|-damage|p2a: Palkia|76\/100\n|\n|upkeep\n|turn|22\n|\n|t:|1699583170\n|move|p2a: Palkia|Spacial Rend|p1a: Magearna\n|-damage|p1a: Magearna|0 fnt\n|faint|p1a: Magearna\n|\n|upkeep\n|\n|t:|1699583176\n|switch|p1a: Zacian|Zacian|100\/100\n|turn|23\n|\n|t:|1699583179\n|move|p1a: Zacian|Play Rough|p2a: Palkia\n|-supereffective|p2a: Palkia\n|-end|p2a: Palkia|Substitute\n|move|p2a: Palkia|Hydro Pump|p1a: Zacian|[miss]\n|-miss|p2a: Palkia|p1a: Zacian\n|\n|upkeep\n|turn|24\n|\n|t:|1699583184\n|move|p1a: Zacian|Play Rough|p2a: Palkia\n|-supereffective|p2a: Palkia\n|-damage|p2a: Palkia|0 fnt\n|faint|p2a: Palkia\n|\n|upkeep\n|c|\u2606harmony6|Ggs lol\n|\n|t:|1699583193\n|switch|p2a: Zacian|Zacian|100\/100\n|turn|25\n|\n|t:|1699583196\n|move|p1a: Zacian|Play Rough|p2a: Zacian\n|-damage|p2a: Zacian|36\/100\n|move|p2a: Zacian|Swords Dance|p2a: Zacian\n|-boost|p2a: Zacian|atk|2\n|\n|upkeep\n|turn|26\n|\n|t:|1699583200\n|move|p1a: Zacian|Play Rough|p2a: Zacian\n|-damage|p2a: Zacian|0 fnt\n|faint|p2a: Zacian\n|\n|upkeep\n|\n|t:|1699583202\n|switch|p2a: Cyclizar|Cyclizar, F|100\/100\n|turn|27\n|c|\u2606IDAHAN|im sorry\n|c|\u2606IDAHAN|i got lucky\n|c|\u2606harmony6|Happens lol\n|c|\u2606IDAHAN|but gg, you played really well\n|c|\u2606harmony6|Thanks\n|c|\u2606harmony6|u2\n|\n|t:|1699583223\n|move|p1a: Zacian|Play Rough|p2a: Cyclizar\n|-supereffective|p2a: Cyclizar\n|-damage|p2a: Cyclizar|0 fnt\n|faint|p2a: Cyclizar\n|\n|win|IDAHAN\n|c|\u2606IDAHAN|I wish you the best of luck in the rest of the tour!\n","uploadtime":1699583231,"views":52,"p1id":"idahan","p2id":"harmony6","formatid":"gen9ubers","rating":0,"private":0,"password":""}