{"id":"gen9ubers-1992686858","p1":"Br0stopHacKingME","p2":"Ethan Vover","format":"[Gen 9] Ubers","log":"|j|\u2606Br0stopHacKingME\n|j|\u2606Ethan Vover\n|t:|1700225250\n|gametype|singles\n|player|p1|Br0stopHacKingME|psychic|1134\n|player|p2|Ethan Vover|1|1216\n|teamsize|p1|6\n|teamsize|p2|6\n|gen|9\n|tier|[Gen 9] Ubers\n|rated|\n|rule|Sleep Clause Mod: Limit one foe put to sleep\n|rule|Species Clause: Limit one of each Pok\u00e9mon\n|rule|OHKO Clause: OHKO moves are banned\n|rule|Evasion Items Clause: Evasion items are banned\n|rule|Evasion Moves Clause: Evasion moves are banned\n|rule|Endless Battle Clause: Forcing endless battles is banned\n|rule|HP Percentage Mod: HP is shown in percentages\n|clearpoke\n|poke|p1|Magearna|\n|poke|p1|Spectrier|\n|poke|p1|Grimmsnarl, M|\n|poke|p1|Koraidon|\n|poke|p1|Hatterene, F|\n|poke|p1|Kyogre|\n|poke|p2|Ursaluna-Bloodmoon, M|\n|poke|p2|Ceruledge, F|\n|poke|p2|Ninetales-Alola, F|\n|poke|p2|Arcanine-Hisui, M|\n|poke|p2|Corviknight, M|\n|poke|p2|Sneasler, F|\n|teampreview\n|\n|t:|1700225271\n|start\n|switch|p1a: DaddyChill|Grimmsnarl, M|100\/100\n|switch|p2a: Arcanine|Arcanine-Hisui, M|100\/100\n|turn|1\n|c|\u2606Br0stopHacKingME|No legendaries? I will sweep\n|\n|t:|1700225288\n|move|p1a: DaddyChill|Taunt|p2a: Arcanine\n|-start|p2a: Arcanine|move: Taunt\n|move|p2a: Arcanine|Flare Blitz|p1a: DaddyChill\n|-damage|p1a: DaddyChill|23\/100\n|\n|upkeep\n|turn|2\n|\n|t:|1700225292\n|move|p1a: DaddyChill|Reflect|p1a: DaddyChill\n|-sidestart|p1: Br0stopHacKingME|Reflect\n|move|p2a: Arcanine|Flare Blitz|p1a: DaddyChill\n|-damage|p1a: DaddyChill|0 fnt\n|faint|p1a: DaddyChill\n|\n|upkeep\n|\n|t:|1700225297\n|switch|p1a: Kai The Ogre|Kyogre, shiny|100\/100\n|-weather|RainDance|[from] ability: Drizzle|[of] p1a: Kai The Ogre\n|turn|3\n|\n|t:|1700225305\n|switch|p2a: Ninetales|Ninetales-Alola, F|100\/100\n|-weather|Snow|[from] ability: Snow Warning|[of] p2a: Ninetales\n|move|p1a: Kai The Ogre|Water Spout|p2a: Ninetales\n|-damage|p2a: Ninetales|0 fnt\n|faint|p2a: Ninetales\n|\n|-weather|Snow|[upkeep]\n|upkeep\n|c|\u2606Br0stopHacKingME|To ez\n|\n|t:|1700225329\n|switch|p2a: Sneasler|Sneasler, F|100\/100\n|turn|4\n|\n|t:|1700225337\n|move|p2a: Sneasler|Endure|p2a: Sneasler\n|-singleturn|p2a: Sneasler|move: Endure\n|move|p1a: Kai The Ogre|Water Spout|p2a: Sneasler\n|-activate|p2a: Sneasler|move: Endure\n|-damage|p2a: Sneasler|1\/100\n|-enditem|p2a: Sneasler|Liechi Berry|[eat]\n|-boost|p2a: Sneasler|atk|1|[from] item: Liechi Berry\n|\n|-weather|Snow|[upkeep]\n|upkeep\n|turn|5\n|\n|t:|1700225343\n|move|p2a: Sneasler|Dire Claw|p1a: Kai The Ogre\n|-damage|p1a: Kai The Ogre|61\/100\n|move|p1a: Kai The Ogre|Water Spout|p2a: Sneasler\n|-damage|p2a: Sneasler|0 fnt\n|faint|p2a: Sneasler\n|\n|-weather|Snow|[upkeep]\n|upkeep\n|\n|t:|1700225352\n|switch|p2a: Arcanine|Arcanine-Hisui, M|100\/100\n|turn|6\n|c|\u2606Br0stopHacKingME|Like I said\n|\n|t:|1700225357\n|move|p2a: Arcanine|Wild Charge|p1a: Kai The Ogre\n|-supereffective|p1a: Kai The Ogre\n|-damage|p1a: Kai The Ogre|24\/100\n|move|p1a: Kai The Ogre|Water Spout|p2a: Arcanine\n|-supereffective|p2a: Arcanine\n|-damage|p2a: Arcanine|0 fnt\n|faint|p2a: Arcanine\n|\n|-weather|Snow|[upkeep]\n|upkeep\n|c|\u2606Br0stopHacKingME|to e\n|c|\u2606Br0stopHacKingME|z\n|\n|t:|1700225377\n|switch|p2a: Ursaluna|Ursaluna-Bloodmoon, M|100\/100\n|turn|7\n|\n|t:|1700225380\n|-terastallize|p1a: Kai The Ogre|Water\n|move|p1a: Kai The Ogre|Water Spout|p2a: Ursaluna\n|-supereffective|p2a: Ursaluna\n|-damage|p2a: Ursaluna|0 fnt\n|faint|p2a: Ursaluna\n|\n|-weather|none\n|upkeep\n|\n|t:|1700225387\n|switch|p2a: Corviknight|Corviknight, M|100\/100\n|turn|8\n|\n|t:|1700225390\n|move|p1a: Kai The Ogre|Water Spout|p2a: Corviknight\n|-damage|p2a: Corviknight|57\/100\n|move|p2a: Corviknight|Brave Bird|p1a: Kai The Ogre\n|-damage|p1a: Kai The Ogre|5\/100\n|-damage|p2a: Corviknight|52\/100|[from] Recoil\n|\n|-heal|p2a: Corviknight|58\/100|[from] item: Leftovers\n|upkeep\n|turn|9\n|c|\u2606Ethan Vover|Why are you being like that\n|\n|t:|1700225409\n|move|p1a: Kai The Ogre|Water Spout|p2a: Corviknight\n|-damage|p2a: Corviknight|49\/100\n|move|p2a: Corviknight|Body Press|p1a: Kai The Ogre\n|-damage|p1a: Kai The Ogre|0 fnt\n|faint|p1a: Kai The Ogre\n|\n|-heal|p2a: Corviknight|56\/100|[from] item: Leftovers\n|-sideend|p1: Br0stopHacKingME|Reflect\n|upkeep\n|c|\u2606Br0stopHacKingME|Because\n|c|\u2606Br0stopHacKingME|I am toxic\n|\n|t:|1700225422\n|switch|p1a: Mommy|Hatterene, F|100\/100\n|turn|10\n|c|\u2606Ethan Vover|Welp\n|c|\u2606Ethan Vover|This'll be easy for the mods\n|c|\u2606Br0stopHacKingME|Ye\n|c|\u2606Br0stopHacKingME|I don't mind being banned\n|\n|t:|1700225471\n|move|p2a: Corviknight|Brave Bird|p1a: Mommy\n|-damage|p1a: Mommy|72\/100\n|-damage|p2a: Corviknight|48\/100|[from] Recoil\n|move|p1a: Mommy|Mystical Fire|p2a: Corviknight\n|-supereffective|p2a: Corviknight\n|-damage|p2a: Corviknight|3\/100\n|-ability|p2a: Corviknight|Mirror Armor\n|-unboost|p1a: Mommy|spa|1\n|\n|-heal|p2a: Corviknight|9\/100|[from] item: Leftovers\n|-heal|p1a: Mommy|78\/100|[from] item: Leftovers\n|upkeep\n|turn|11\n|\n|t:|1700225477\n|move|p2a: Corviknight|Brave Bird|p1a: Mommy\n|-damage|p1a: Mommy|46\/100\n|-damage|p2a: Corviknight|1\/100|[from] Recoil\n|move|p1a: Mommy|Mystical Fire|p2a: Corviknight\n|-supereffective|p2a: Corviknight\n|-damage|p2a: Corviknight|0 fnt\n|faint|p2a: Corviknight\n|\n|-heal|p1a: Mommy|52\/100|[from] item: Leftovers\n|upkeep\n|\n|t:|1700225480\n|switch|p2a: Ceruledge|Ceruledge, F|100\/100\n|turn|12\n|\n|t:|1700225487\n|move|p2a: Ceruledge|Shadow Claw|p1a: Mommy\n|-supereffective|p1a: Mommy\n|-damage|p1a: Mommy|0 fnt\n|faint|p1a: Mommy\n|\n|upkeep\n|\n|t:|1700225492\n|switch|p1a: Specter|Spectrier|100\/100\n|turn|13\n|\n|t:|1700225496\n|move|p1a: Specter|Shadow Ball|p2a: Ceruledge\n|-supereffective|p2a: Ceruledge\n|-enditem|p2a: Ceruledge|Focus Sash\n|-damage|p2a: Ceruledge|1\/100\n|-unboost|p2a: Ceruledge|spd|1\n|move|p2a: Ceruledge|Swords Dance|p2a: Ceruledge\n|-boost|p2a: Ceruledge|atk|2\n|\n|upkeep\n|turn|14\n|inactive|Battle timer is ON: inactive players will automatically lose when time's up. (requested by Ethan Vover)\n|l|\u2606Br0stopHacKingME\n|inactive|Br0stopHacKingME disconnected and has a minute to reconnect!\n|player|p1|\n|inactive|Br0stopHacKingME has 30 seconds to reconnect!\n|inactive|Br0stopHacKingME has 20 seconds to reconnect!\n|inactive|Br0stopHacKingME has 15 seconds to reconnect!\n|inactive|Br0stopHacKingME has 10 seconds to reconnect!\n|inactive|Br0stopHacKingME has 5 seconds to reconnect!\n|-message|Br0stopHacKingME lost due to inactivity.\n|\n|win|Ethan Vover\n|raw|Br0stopHacKingME's rating: 1134 &rarr; <strong>1115<\/strong><br \/>(-19 for losing)\n|raw|Ethan Vover's rating: 1216 &rarr; <strong>1235<\/strong><br \/>(+19 for winning)\n","uploadtime":1700225464,"views":5,"p1id":"br0stophackingme","p2id":"ethanvover","formatid":"gen9ubers","rating":1115,"private":0,"password":""}