{"id":"gen9ubers-1979843672","p1":"thebestevertroy","p2":"ShriveledMonkey","format":"[Gen 9] Ubers","log":"|j|\u2606thebestevertroy\n|j|\u2606ShriveledMonkey\n|t:|1698719158\n|gametype|singles\n|player|p1|thebestevertroy|red|1069\n|player|p2|ShriveledMonkey|2|1093\n|teamsize|p1|6\n|teamsize|p2|6\n|gen|9\n|tier|[Gen 9] Ubers\n|rated|\n|rule|Sleep Clause Mod: Limit one foe put to sleep\n|rule|Species Clause: Limit one of each Pok\u00e9mon\n|rule|OHKO Clause: OHKO moves are banned\n|rule|Evasion Items Clause: Evasion items are banned\n|rule|Evasion Moves Clause: Evasion moves are banned\n|rule|Endless Battle Clause: Forcing endless battles is banned\n|rule|HP Percentage Mod: HP is shown in percentages\n|clearpoke\n|poke|p1|Cinderace, M|\n|poke|p1|Empoleon, M|\n|poke|p1|Flareon, M|\n|poke|p1|Tyranitar, F|\n|poke|p1|Forretress, M|\n|poke|p1|Grimmsnarl, M|\n|poke|p2|Miraidon|\n|poke|p2|Weavile, M|\n|poke|p2|Grafaiai, F|\n|poke|p2|Spectrier|\n|poke|p2|Sandslash-Alola, M|\n|poke|p2|Crawdaunt, F|\n|teampreview\n|\n|t:|1698719170\n|start\n|switch|p1a: Forretress|Forretress, M, shiny|100\/100\n|switch|p2a: Sandslash|Sandslash-Alola, M|100\/100\n|turn|1\n|\n|t:|1698719185\n|move|p2a: Sandslash|Swords Dance|p2a: Sandslash\n|-boost|p2a: Sandslash|atk|2\n|move|p1a: Forretress|Curse|p1a: Forretress\n|-unboost|p1a: Forretress|spe|1\n|-boost|p1a: Forretress|atk|1\n|-boost|p1a: Forretress|def|1\n|\n|upkeep\n|turn|2\n|\n|t:|1698719194\n|move|p2a: Sandslash|Knock Off|p1a: Forretress\n|-damage|p1a: Forretress|64\/100\n|-enditem|p1a: Forretress|Big Nugget|[from] move: Knock Off|[of] p2a: Sandslash\n|move|p1a: Forretress|Gyro Ball|p2a: Sandslash\n|-damage|p2a: Sandslash|33\/100\n|\n|upkeep\n|turn|3\n|\n|t:|1698719204\n|move|p2a: Sandslash|Earthquake|p1a: Forretress\n|-damage|p1a: Forretress|25\/100\n|move|p1a: Forretress|Gyro Ball|p2a: Sandslash\n|-damage|p2a: Sandslash|0 fnt\n|faint|p2a: Sandslash\n|\n|upkeep\n|\n|t:|1698719211\n|switch|p2a: Miraidon|Miraidon|100\/100\n|-fieldstart|move: Electric Terrain|[from] ability: Hadron Engine|[of] p2a: Miraidon\n|turn|4\n|\n|t:|1698719221\n|move|p2a: Miraidon|Overheat|p1a: Forretress\n|-supereffective|p1a: Forretress\n|-damage|p1a: Forretress|0 fnt\n|-unboost|p2a: Miraidon|spa|2\n|faint|p1a: Forretress\n|\n|upkeep\n|inactive|Battle timer is ON: inactive players will automatically lose when time's up. (requested by ShriveledMonkey)\n|\n|t:|1698719245\n|switch|p1a: Tyranitar|Tyranitar, F|100\/100\n|-ability|p1a: Tyranitar|Unnerve\n|turn|5\n|\n|t:|1698719259\n|switch|p2a: Crawdaunt|Crawdaunt, F|100\/100\n|move|p1a: Tyranitar|Earthquake|p2a: Crawdaunt\n|-damage|p2a: Crawdaunt|50\/100\n|\n|upkeep\n|turn|6\n|\n|t:|1698719275\n|switch|p1a: Grimmsnarl|Grimmsnarl, M|100\/100\n|-terastallize|p2a: Crawdaunt|Fighting\n|move|p2a: Crawdaunt|Close Combat|p1a: Grimmsnarl\n|-damage|p1a: Grimmsnarl|0 fnt\n|-unboost|p2a: Crawdaunt|def|1\n|-unboost|p2a: Crawdaunt|spd|1\n|faint|p1a: Grimmsnarl\n|\n|upkeep\n|inactive|thebestevertroy has 120 seconds left.\n|\n|t:|1698719310\n|switch|p1a: Empoleon|Empoleon, M|100\/100\n|turn|7\n|\n|t:|1698719318\n|move|p2a: Crawdaunt|Close Combat|p1a: Empoleon\n|-supereffective|p1a: Empoleon\n|-damage|p1a: Empoleon|0 fnt\n|-unboost|p2a: Crawdaunt|def|1\n|-unboost|p2a: Crawdaunt|spd|1\n|faint|p1a: Empoleon\n|\n|upkeep\n|\n|t:|1698719327\n|switch|p1a: Tyranitar|Tyranitar, F|100\/100\n|-ability|p1a: Tyranitar|Unnerve\n|turn|8\n|\n|t:|1698719338\n|-terastallize|p1a: Tyranitar|Ghost\n|move|p2a: Crawdaunt|Aqua Jet|p1a: Tyranitar\n|-damage|p1a: Tyranitar|82\/100\n|move|p1a: Tyranitar|Shadow Claw|p2a: Crawdaunt\n|-crit|p2a: Crawdaunt\n|-damage|p2a: Crawdaunt|0 fnt\n|faint|p2a: Crawdaunt\n|\n|-fieldend|move: Electric Terrain\n|upkeep\n|\n|t:|1698719352\n|switch|p2a: Weavile|Weavile, M|100\/100\n|-ability|p2a: Weavile|Pressure\n|turn|9\n|inactive|thebestevertroy has 120 seconds left.\n|\n|t:|1698719365\n|switch|p1a: Cinderace|Cinderace, M|100\/100\n|move|p2a: Weavile|Knock Off|p1a: Cinderace\n|-damage|p1a: Cinderace|33\/100\n|-enditem|p1a: Cinderace|Heavy-Duty Boots|[from] move: Knock Off|[of] p2a: Weavile\n|-damage|p2a: Weavile|91\/100|[from] item: Life Orb\n|\n|upkeep\n|turn|10\n|inactive|thebestevertroy has 120 seconds left.\n|\n|t:|1698719377\n|move|p2a: Weavile|Poison Jab|p1a: Cinderace\n|-damage|p1a: Cinderace|0 fnt\n|faint|p1a: Cinderace\n|-damage|p2a: Weavile|81\/100|[from] item: Life Orb\n|\n|upkeep\n|\n|t:|1698719386\n|switch|p1a: Flareon|Flareon, M|100\/100\n|turn|11\n|inactive|thebestevertroy has 120 seconds left.\n|\n|t:|1698719397\n|move|p2a: Weavile|Knock Off|p1a: Flareon\n|-damage|p1a: Flareon|11\/100\n|-enditem|p1a: Flareon|Charcoal|[from] move: Knock Off|[of] p2a: Weavile\n|-damage|p2a: Weavile|71\/100|[from] item: Life Orb\n|move|p1a: Flareon|Flame Charge|p2a: Weavile\n|-supereffective|p2a: Weavile\n|-damage|p2a: Weavile|0 fnt\n|-boost|p1a: Flareon|spe|1\n|faint|p2a: Weavile\n|\n|upkeep\n|\n|t:|1698719414\n|switch|p2a: Grafaiai|Grafaiai, F|100\/100\n|turn|12\n|inactive|thebestevertroy has 120 seconds left.\n|\n|t:|1698719428\n|move|p2a: Grafaiai|Gunk Shot|p1a: Flareon\n|-damage|p1a: Flareon|0 fnt\n|faint|p1a: Flareon\n|\n|upkeep\n|inactive|thebestevertroy has 120 seconds left.\n|\n|t:|1698719434\n|switch|p1a: Tyranitar|Tyranitar, F, tera:Ghost|82\/100\n|-ability|p1a: Tyranitar|Unnerve\n|turn|13\n|\n|t:|1698719443\n|move|p2a: Grafaiai|Toxic|p1a: Tyranitar\n|-status|p1a: Tyranitar|tox\n|move|p1a: Tyranitar|Earthquake|p2a: Grafaiai\n|-supereffective|p2a: Grafaiai\n|-damage|p2a: Grafaiai|0 fnt\n|faint|p2a: Grafaiai\n|\n|-damage|p1a: Tyranitar|76\/100 tox|[from] psn\n|upkeep\n|\n|t:|1698719451\n|switch|p2a: Spectrier|Spectrier|100\/100\n|turn|14\n|\n|t:|1698719456\n|move|p2a: Spectrier|Shadow Ball|p1a: Tyranitar\n|-supereffective|p1a: Tyranitar\n|-damage|p1a: Tyranitar|4\/100 tox\n|-damage|p2a: Spectrier|91\/100|[from] item: Life Orb\n|move|p1a: Tyranitar|Shadow Claw|p2a: Spectrier\n|-supereffective|p2a: Spectrier\n|-damage|p2a: Spectrier|0 fnt\n|faint|p2a: Spectrier\n|\n|-damage|p1a: Tyranitar|0 fnt|[from] psn\n|faint|p1a: Tyranitar\n|\n|win|ShriveledMonkey\n|upkeep\n|raw|thebestevertroy's rating: 1069 &rarr; <strong>1050<\/strong><br \/>(-19 for losing)\n|raw|ShriveledMonkey's rating: 1093 &rarr; <strong>1117<\/strong><br \/>(+24 for winning)\n","uploadtime":1698719472,"views":10,"p1id":"thebestevertroy","p2id":"shriveledmonkey","formatid":"gen9ubers","rating":1050,"private":0,"password":""}