{"id":"gen9ubers-1973833864","p1":"Hand0fD00m","p2":"Yangsta","format":"[Gen 9] Ubers","log":"|j|\u2606Hand0fD00m\n|j|\u2606Yangsta\n|t:|1698018584\n|gametype|singles\n|player|p1|Hand0fD00m|pokefan-gen4|\n|player|p2|Yangsta|waiter|\n|teamsize|p1|6\n|teamsize|p2|6\n|gen|9\n|tier|[Gen 9] Ubers\n|rule|Sleep Clause Mod: Limit one foe put to sleep\n|rule|Species Clause: Limit one of each Pok\u00e9mon\n|rule|OHKO Clause: OHKO moves are banned\n|rule|Evasion Items Clause: Evasion items are banned\n|rule|Evasion Moves Clause: Evasion moves are banned\n|rule|Endless Battle Clause: Forcing endless battles is banned\n|rule|HP Percentage Mod: HP is shown in percentages\n|clearpoke\n|poke|p1|Arceus|\n|poke|p1|Koraidon|\n|poke|p1|Zacian-*|\n|poke|p1|Miraidon|\n|poke|p1|Landorus-Therian, M|\n|poke|p1|Walking Wake|\n|poke|p2|Arceus|\n|poke|p2|Zacian-*|\n|poke|p2|Regieleki|\n|poke|p2|Koraidon|\n|poke|p2|Volcarona, M|\n|poke|p2|Flutter Mane|\n|teampreview\n|c|\u2606Yangsta|gl hf!\n|j| TooQuickGrim\n|c| TooQuickGrim|Dont fumble the bag yall gl gents\n|c|\u2606Hand0fD00m|gl hoss! winners finals lets make it dope\n|\n|t:|1698018662\n|start\n|switch|p1a: Calrissian|Landorus-Therian, M|100\/100\n|switch|p2a: Arceus|Arceus|100\/100\n|-ability|p1a: Calrissian|Intimidate|boost\n|-unboost|p2a: Arceus|atk|1\n|turn|1\n|\n|t:|1698018668\n|move|p2a: Arceus|Stealth Rock|p1a: Calrissian\n|-sidestart|p1: Hand0fD00m|move: Stealth Rock\n|move|p1a: Calrissian|Taunt|p2a: Arceus\n|-start|p2a: Arceus|move: Taunt\n|\n|upkeep\n|turn|2\n|\n|t:|1698018703\n|switch|p2a: Volcarona|Volcarona, M|100\/100\n|move|p1a: Calrissian|Stealth Rock|p2a: Volcarona\n|-sidestart|p2: Yangsta|move: Stealth Rock\n|\n|upkeep\n|turn|3\n|\n|t:|1698018717\n|-terastallize|p2a: Volcarona|Grass\n|move|p2a: Volcarona|Quiver Dance|p2a: Volcarona\n|-boost|p2a: Volcarona|spa|1\n|-boost|p2a: Volcarona|spd|1\n|-boost|p2a: Volcarona|spe|1\n|move|p1a: Calrissian|U-turn|p2a: Volcarona\n|-supereffective|p2a: Volcarona\n|-damage|p2a: Volcarona|35\/100\n|-status|p1a: Calrissian|brn|[from] ability: Flame Body|[of] p2a: Volcarona\n|c|\u2606Yangsta|nooooooooo\n|c|\u2606Yangsta|shit tera\n|c|\u2606Yangsta|why no rock slide\n|c|\u2606Yangsta|ugh\n|c|\u2606Yangsta|im actually livid atm lol\n|\n|t:|1698018746\n|switch|p1a: Godjesus|Arceus|100\/100|[from] U-turn\n|-damage|p1a: Godjesus|88\/100|[from] Stealth Rock\n|\n|-heal|p1a: Godjesus|94\/100|[from] item: Leftovers\n|upkeep\n|turn|4\n|\n|t:|1698018769\n|move|p1a: Godjesus|Extreme Speed|p2a: Volcarona\n|-damage|p2a: Volcarona|0 fnt\n|-status|p1a: Godjesus|brn|[from] ability: Flame Body|[of] p2a: Volcarona\n|faint|p2a: Volcarona\n|\n|-heal|p1a: Godjesus|99\/100 brn|[from] item: Leftovers\n|-damage|p1a: Godjesus|94\/100 brn|[from] brn\n|upkeep\n|c|\u2606Hand0fD00m|ah the burns though\n|\n|t:|1698018779\n|switch|p2a: Koraidon|Koraidon|100\/100\n|-damage|p2a: Koraidon|94\/100|[from] Stealth Rock\n|-weather|SunnyDay|[from] ability: Orichalcum Pulse|[of] p2a: Koraidon\n|-activate|p2a: Koraidon|Orichalcum Pulse|[source]\n|turn|5\n|c|\u2606Yangsta|lol yeah\n|c|\u2606Yangsta|I feel blessed for those\n|\n|t:|1698018792\n|move|p1a: Godjesus|Extreme Speed|p2a: Koraidon\n|-damage|p2a: Koraidon|75\/100\n|move|p2a: Koraidon|Collision Course|p1a: Godjesus\n|-supereffective|p1a: Godjesus\n|-damage|p1a: Godjesus|0 fnt\n|faint|p1a: Godjesus\n|\n|-weather|SunnyDay|[upkeep]\n|upkeep\n|c|\u2606Yangsta|korai mannn lol\n|\n|t:|1698018813\n|switch|p1a: Strolling Storm|Walking Wake|100\/100\n|-damage|p1a: Strolling Storm|88\/100|[from] Stealth Rock\n|-activate|p1a: Strolling Storm|ability: Protosynthesis\n|-start|p1a: Strolling Storm|protosynthesisspe\n|turn|6\n|\n|t:|1698018829\n|switch|p2a: Zacian|Zacian-Crowned|100\/100\n|-damage|p2a: Zacian|94\/100|[from] Stealth Rock\n|-ability|p2a: Zacian|Intrepid Sword|boost\n|-boost|p2a: Zacian|atk|1\n|move|p1a: Strolling Storm|Hydro Steam|p2a: Zacian\n|-damage|p2a: Zacian|36\/100\n|\n|-weather|SunnyDay|[upkeep]\n|upkeep\n|turn|7\n|\n|t:|1698018839\n|move|p1a: Strolling Storm|Hydro Steam|p2a: Zacian\n|-damage|p2a: Zacian|0 fnt\n|faint|p2a: Zacian\n|\n|-weather|SunnyDay|[upkeep]\n|upkeep\n|\n|t:|1698018845\n|switch|p2a: Flutter Mane|Flutter Mane|100\/100\n|-damage|p2a: Flutter Mane|88\/100|[from] Stealth Rock\n|-activate|p2a: Flutter Mane|ability: Protosynthesis\n|-start|p2a: Flutter Mane|protosynthesisspe\n|turn|8\n|c| TooQuickGrim|Hydrostream so broken\n|c|\u2606Yangsta|nah I made the wrong call\n|\n|t:|1698018858\n|-terastallize|p1a: Strolling Storm|Steel\n|move|p2a: Flutter Mane|Dazzling Gleam|p1a: Strolling Storm\n|-resisted|p1a: Strolling Storm\n|-damage|p1a: Strolling Storm|62\/100\n|move|p1a: Strolling Storm|Hydro Steam|p2a: Flutter Mane\n|-damage|p2a: Flutter Mane|46\/100\n|\n|-weather|SunnyDay|[upkeep]\n|upkeep\n|turn|9\n|c|\u2606Yangsta|this was the play\n|c| TooQuickGrim|steam*\n|\n|t:|1698018872\n|move|p2a: Flutter Mane|Mystical Fire|p1a: Strolling Storm\n|-supereffective|p1a: Strolling Storm\n|-damage|p1a: Strolling Storm|0 fnt\n|faint|p1a: Strolling Storm\n|-end|p1a: Strolling Storm|Protosynthesis|[silent]\n|\n|-weather|none\n|-end|p2a: Flutter Mane|Protosynthesis\n|upkeep\n|\n|t:|1698018901\n|switch|p1a: Zorro|Zacian-Crowned, shiny|100\/100\n|-damage|p1a: Zorro|94\/100|[from] Stealth Rock\n|-ability|p1a: Zorro|Intrepid Sword|boost\n|-boost|p1a: Zorro|atk|1\n|turn|10\n|c|\u2606Yangsta|why didnt my moves save ffs\n|c|\u2606Yangsta|I switched it with moonblast\n|\n|t:|1698018933\n|-end|p2a: Flutter Mane|Protosynthesis|[silent]\n|switch|p2a: Koraidon|Koraidon|75\/100\n|-damage|p2a: Koraidon|69\/100|[from] Stealth Rock\n|-weather|SunnyDay|[from] ability: Orichalcum Pulse|[of] p2a: Koraidon\n|-activate|p2a: Koraidon|Orichalcum Pulse|[source]\n|move|p1a: Zorro|Play Rough|p2a: Koraidon\n|-supereffective|p2a: Koraidon\n|-damage|p2a: Koraidon|0 fnt\n|faint|p2a: Koraidon\n|\n|-weather|SunnyDay|[upkeep]\n|upkeep\n|\n|t:|1698018943\n|switch|p2a: Flutter Mane|Flutter Mane|46\/100\n|-damage|p2a: Flutter Mane|34\/100|[from] Stealth Rock\n|-activate|p2a: Flutter Mane|ability: Protosynthesis\n|-start|p2a: Flutter Mane|protosynthesisspe\n|turn|11\n|\n|t:|1698018957\n|move|p2a: Flutter Mane|Mystical Fire|p1a: Zorro\n|-supereffective|p1a: Zorro\n|-damage|p1a: Zorro|19\/100\n|-unboost|p1a: Zorro|spa|1\n|move|p1a: Zorro|Behemoth Blade|p2a: Flutter Mane\n|-supereffective|p2a: Flutter Mane\n|-damage|p2a: Flutter Mane|0 fnt\n|faint|p2a: Flutter Mane\n|-end|p2a: Flutter Mane|Protosynthesis|[silent]\n|\n|-weather|SunnyDay|[upkeep]\n|upkeep\n|\n|t:|1698018967\n|switch|p2a: Regieleki|Regieleki|100\/100\n|-damage|p2a: Regieleki|88\/100|[from] Stealth Rock\n|turn|12\n|\n|t:|1698018972\n|move|p2a: Regieleki|Thunder Cage|p1a: Zorro|[miss]\n|-miss|p2a: Regieleki|p1a: Zorro\n|move|p1a: Zorro|Play Rough|p2a: Regieleki\n|-damage|p2a: Regieleki|0 fnt\n|faint|p2a: Regieleki\n|\n|-weather|SunnyDay|[upkeep]\n|upkeep\n|\n|t:|1698018979\n|switch|p2a: Arceus|Arceus|100\/100\n|-damage|p2a: Arceus|88\/100|[from] Stealth Rock\n|turn|13\n|c|\u2606Hand0fD00m|thunder miss\n|\n|t:|1698018987\n|move|p1a: Zorro|Behemoth Blade|p2a: Arceus\n|-damage|p2a: Arceus|27\/100\n|move|p2a: Arceus|Cosmic Power|p2a: Arceus\n|-boost|p2a: Arceus|def|1\n|-boost|p2a: Arceus|spd|1\n|\n|-weather|SunnyDay|[upkeep]\n|-heal|p2a: Arceus|33\/100|[from] item: Leftovers\n|upkeep\n|turn|14\n|\n|t:|1698018995\n|move|p1a: Zorro|Behemoth Blade|p2a: Arceus\n|-damage|p2a: Arceus|0 fnt\n|faint|p2a: Arceus\n|\n|win|Hand0fD00m\n|c|\u2606Yangsta|gg\n|c|\u2606Hand0fD00m|gg\n|c| TooQuickGrim|Gg\n","uploadtime":1698019004,"views":17,"p1id":"hand0fd00m","p2id":"yangsta","formatid":"gen9ubers","rating":0,"private":0,"password":""}