{"id":"gen9ubers-1983621108","p1":"1P1o1s1h1e1","p2":"TubeKnight","format":"[Gen 9] Ubers","log":"|j|\u26061P1o1s1h1e1\n|j|\u2606TubeKnight\n|t:|1699150413\n|gametype|singles\n|player|p1|1P1o1s1h1e1|265|\n|player|p2|TubeKnight|veteran|\n|teamsize|p1|6\n|teamsize|p2|6\n|gen|9\n|tier|[Gen 9] Ubers\n|rule|Sleep Clause Mod: Limit one foe put to sleep\n|rule|Species Clause: Limit one of each Pok\u00e9mon\n|rule|OHKO Clause: OHKO moves are banned\n|rule|Evasion Items Clause: Evasion items are banned\n|rule|Evasion Moves Clause: Evasion moves are banned\n|rule|Endless Battle Clause: Forcing endless battles is banned\n|rule|HP Percentage Mod: HP is shown in percentages\n|clearpoke\n|poke|p1|Arceus-Ghost|\n|poke|p1|Magearna|\n|poke|p1|Garganacl, M|\n|poke|p1|Sneasler, M|\n|poke|p1|Cyclizar, M|\n|poke|p1|Gyarados, F|\n|poke|p2|Alomomola, M|\n|poke|p2|Chi-Yu|\n|poke|p2|Baxcalibur, F|\n|poke|p2|Magearna|\n|poke|p2|Cyclizar, F|\n|poke|p2|Arceus-Ghost|\n|teampreview\n|inactive|Battle timer is ON: inactive players will automatically lose when time's up. (requested by TubeKnight)\n|c|\u2606TubeKnight|glhf\n|c|\u26061P1o1s1h1e1|u2\n|\n|t:|1699150424\n|start\n|switch|p1a: Sneasler|Sneasler, M|100\/100\n|switch|p2a: Cyclizar|Cyclizar, F|100\/100\n|turn|1\n|\n|t:|1699150432\n|switch|p2a: Arceus|Arceus-Ghost, shiny|100\/100\n|move|p1a: Sneasler|U-turn|p2a: Arceus\n|-resisted|p2a: Arceus\n|-damage|p2a: Arceus|92\/100\n|\n|t:|1699150437\n|switch|p1a: Salt Circle|Garganacl, M|100\/100|[from] U-turn\n|\n|upkeep\n|turn|2\n|inactive|TubeKnight has 270 seconds left.\n|\n|t:|1699150473\n|switch|p2a: Cyclizar|Cyclizar, F|100\/100\n|move|p1a: Salt Circle|Block|p2a: Cyclizar\n|-activate|p2a: Cyclizar|trapped\n|\n|upkeep\n|turn|3\n|\n|t:|1699150483\n|move|p2a: Cyclizar|Knock Off|p1a: Salt Circle\n|-damage|p1a: Salt Circle|88\/100\n|-enditem|p1a: Salt Circle|Leftovers|[from] move: Knock Off|[of] p2a: Cyclizar\n|move|p1a: Salt Circle|Salt Cure|p2a: Cyclizar\n|-damage|p2a: Cyclizar|82\/100\n|-start|p2a: Cyclizar|Salt Cure\n|\n|-damage|p2a: Cyclizar|70\/100|[from] Salt Cure\n|upkeep\n|turn|4\n|\n|t:|1699150490\n|move|p2a: Cyclizar|Shed Tail|p2a: Cyclizar\n|-start|p2a: Cyclizar|Substitute|[from] move: Shed Tail\n|-damage|p2a: Cyclizar|20\/100\n|inactive|TubeKnight has 270 seconds left.\n|\n|t:|1699150513\n|switch|p2a: Baxcalibur|Baxcalibur, F, shiny|100\/100|[from] Shed Tail\n|move|p1a: Salt Circle|Curse|p1a: Salt Circle\n|-unboost|p1a: Salt Circle|spe|1\n|-boost|p1a: Salt Circle|atk|1\n|-boost|p1a: Salt Circle|def|1\n|\n|upkeep\n|turn|5\n|\n|t:|1699150523\n|move|p2a: Baxcalibur|Swords Dance|p2a: Baxcalibur\n|-boost|p2a: Baxcalibur|atk|2\n|move|p1a: Salt Circle|Salt Cure|p2a: Baxcalibur\n|-supereffective|p2a: Baxcalibur\n|-end|p2a: Baxcalibur|Substitute\n|\n|upkeep\n|turn|6\n|\n|t:|1699150551\n|move|p2a: Baxcalibur|Scale Shot|p1a: Salt Circle\n|-damage|p1a: Salt Circle|77\/100\n|-damage|p1a: Salt Circle|67\/100\n|-damage|p1a: Salt Circle|56\/100\n|-damage|p1a: Salt Circle|45\/100\n|-hitcount|p1a: Salt Circle|4\n|-unboost|p2a: Baxcalibur|def|1\n|-boost|p2a: Baxcalibur|spe|1\n|move|p1a: Salt Circle|Salt Cure|p2a: Baxcalibur\n|-supereffective|p2a: Baxcalibur\n|-damage|p2a: Baxcalibur|43\/100\n|-start|p2a: Baxcalibur|Salt Cure\n|\n|-damage|p2a: Baxcalibur|31\/100|[from] Salt Cure\n|upkeep\n|turn|7\n|inactive|1P1o1s1h1e1 has 270 seconds left.\n|\n|t:|1699150579\n|switch|p1a: Gyarados|Gyarados, F|100\/100\n|-ability|p1a: Gyarados|Intimidate|boost\n|-unboost|p2a: Baxcalibur|atk|1\n|move|p2a: Baxcalibur|Scale Shot|p1a: Gyarados\n|-damage|p1a: Gyarados|77\/100\n|-damage|p1a: Gyarados|56\/100\n|-damage|p1a: Gyarados|34\/100\n|-damage|p1a: Gyarados|12\/100\n|-hitcount|p1a: Gyarados|4\n|-unboost|p2a: Baxcalibur|def|1\n|-boost|p2a: Baxcalibur|spe|1\n|\n|-damage|p2a: Baxcalibur|19\/100|[from] Salt Cure\n|upkeep\n|turn|8\n|inactive|1P1o1s1h1e1 has 270 seconds left.\n|inactive|TubeKnight has 270 seconds left.\n|\n|t:|1699150603\n|move|p2a: Baxcalibur|Icicle Spear|p1a: Gyarados\n|-damage|p1a: Gyarados|0 fnt\n|faint|p1a: Gyarados\n|-hitcount|p1: Gyarados|1\n|\n|-damage|p2a: Baxcalibur|6\/100|[from] Salt Cure\n|upkeep\n|\n|t:|1699150613\n|switch|p1a: Arceus|Arceus-Ghost|100\/100\n|turn|9\n|\n|t:|1699150620\n|switch|p2a: Magearna|Magearna|100\/100\n|move|p1a: Arceus|Recover||[still]\n|-fail|p1a: Arceus|heal\n|\n|upkeep\n|turn|10\n|\n|t:|1699150623\n|move|p1a: Arceus|Thunder Wave|p2a: Magearna\n|-status|p2a: Magearna|par\n|cant|p2a: Magearna|par\n|\n|upkeep\n|turn|11\n|\n|t:|1699150627\n|move|p1a: Arceus|Hex|p2a: Magearna\n|-damage|p2a: Magearna|55\/100 par\n|move|p2a: Magearna|Thunder Wave|p1a: Arceus\n|-status|p1a: Arceus|par\n|\n|-heal|p2a: Magearna|61\/100 par|[from] item: Leftovers\n|upkeep\n|turn|12\n|\n|t:|1699150635\n|switch|p2a: Cyclizar|Cyclizar, F|53\/100\n|cant|p1a: Arceus|par\n|\n|upkeep\n|turn|13\n|c|\u26061P1o1s1h1e1|aw\n|c|\u26061P1o1s1h1e1|i clicked twave\n|c|\u26061P1o1s1h1e1|sad\n|c|\u2606TubeKnight|damn\n|\n|t:|1699150648\n|switch|p2a: Alomomola|Alomomola, M|100\/100\n|cant|p1a: Arceus|par\n|\n|upkeep\n|turn|14\n|c|\u2606TubeKnight|im actually shed skin cyclizar fr fr\n|\n|t:|1699150656\n|move|p1a: Arceus|Thunder Wave|p2a: Alomomola\n|-status|p2a: Alomomola|par\n|move|p2a: Alomomola|Wish|p2a: Alomomola\n|\n|upkeep\n|turn|15\n|\n|t:|1699150662\n|move|p2a: Alomomola|Flip Turn|p1a: Arceus\n|-damage|p1a: Arceus|91\/100 par\n|\n|t:|1699150673\n|switch|p2a: Magearna|Magearna|61\/100 par|[from] Flip Turn\n|cant|p1a: Arceus|par\n|\n|-heal|p2a: Magearna|100\/100 par|[from] move: Wish|[wisher] Alomomola\n|upkeep\n|turn|16\n|\n|t:|1699150681\n|move|p1a: Arceus|Hex|p2a: Magearna\n|-damage|p2a: Magearna|56\/100 par\n|move|p2a: Magearna|Spikes|p1a: Arceus\n|-sidestart|p1: 1P1o1s1h1e1|Spikes\n|\n|-heal|p2a: Magearna|62\/100 par|[from] item: Leftovers\n|upkeep\n|turn|17\n|\n|t:|1699150706\n|move|p1a: Arceus|Thunder Wave|p2a: Magearna\n|-fail|p2a: Magearna|par\n|move|p2a: Magearna|Spikes|p1a: Arceus\n|-sidestart|p1: 1P1o1s1h1e1|Spikes\n|\n|-heal|p2a: Magearna|68\/100 par|[from] item: Leftovers\n|upkeep\n|turn|18\n|\n|t:|1699150713\n|move|p1a: Arceus|Hex|p2a: Magearna\n|-damage|p2a: Magearna|27\/100 par\n|move|p2a: Magearna|Spikes|p1a: Arceus\n|-sidestart|p1: 1P1o1s1h1e1|Spikes\n|\n|-heal|p2a: Magearna|33\/100 par|[from] item: Leftovers\n|upkeep\n|turn|19\n|\n|t:|1699150723\n|switch|p1a: Cyclizar|Cyclizar, M|100\/100\n|switch|p2a: Alomomola|Alomomola, M|100\/100 par\n|\n|upkeep\n|turn|20\n|\n|t:|1699150731\n|move|p1a: Cyclizar|Taunt|p2a: Alomomola\n|-start|p2a: Alomomola|move: Taunt\n|cant|p2a: Alomomola|move: Taunt|Wish\n|\n|upkeep\n|turn|21\n|\n|t:|1699150735\n|move|p1a: Cyclizar|Rapid Spin|p2a: Alomomola\n|-damage|p2a: Alomomola|92\/100 par\n|-boost|p1a: Cyclizar|spe|1\n|-sideend|p1: 1P1o1s1h1e1|Spikes|[from] move: Rapid Spin|[of] p1a: Cyclizar\n|move|p2a: Alomomola|Flip Turn|p1a: Cyclizar\n|-resisted|p1a: Cyclizar\n|-damage|p1a: Cyclizar|90\/100\n|\n|t:|1699150745\n|switch|p2a: Chi-Yu|Chi-Yu|100\/100|[from] Flip Turn\n|-ability|p2a: Chi-Yu|Beads of Ruin\n|\n|upkeep\n|turn|22\n|inactive|1P1o1s1h1e1 has 270 seconds left.\n|\n|t:|1699150786\n|move|p1a: Cyclizar|Shed Tail|p1a: Cyclizar\n|-start|p1a: Cyclizar|Substitute|[from] move: Shed Tail\n|-damage|p1a: Cyclizar|40\/100\n|\n|t:|1699150789\n|switch|p1a: Sneasler|Sneasler, M|100\/100|[from] Shed Tail\n|move|p2a: Chi-Yu|Flamethrower|p1a: Sneasler\n|-end|p1a: Sneasler|Substitute\n|\n|upkeep\n|turn|23\n|inactive|1P1o1s1h1e1 has 270 seconds left.\n|\n|t:|1699150800\n|move|p1a: Sneasler|U-turn|p2a: Chi-Yu\n|-damage|p2a: Chi-Yu|63\/100\n|-status|p2a: Chi-Yu|psn|[from] ability: Poison Touch|[of] p1a: Sneasler\n|\n|t:|1699150809\n|switch|p1a: Salt Circle|Garganacl, M|45\/100|[from] U-turn\n|move|p2a: Chi-Yu|Flamethrower|p1a: Salt Circle\n|-resisted|p1a: Salt Circle\n|-damage|p1a: Salt Circle|19\/100\n|\n|-damage|p2a: Chi-Yu|51\/100 psn|[from] psn\n|upkeep\n|turn|24\n|inactive|1P1o1s1h1e1 has 270 seconds left.\n|\n|t:|1699150814\n|move|p2a: Chi-Yu|Flamethrower|p1a: Salt Circle\n|-resisted|p1a: Salt Circle\n|-damage|p1a: Salt Circle|0 fnt\n|faint|p1a: Salt Circle\n|\n|-damage|p2a: Chi-Yu|39\/100 psn|[from] psn\n|upkeep\n|inactive|1P1o1s1h1e1 has 270 seconds left.\n|\n|t:|1699150821\n|switch|p1a: Sneasler|Sneasler, M|100\/100\n|turn|25\n|\n|t:|1699150831\n|switch|p2a: Arceus|Arceus-Ghost, shiny|92\/100\n|move|p1a: Sneasler|Dire Claw|p2a: Arceus\n|-resisted|p2a: Arceus\n|-damage|p2a: Arceus|79\/100\n|-status|p2a: Arceus|psn\n|\n|-damage|p2a: Arceus|67\/100 psn|[from] psn\n|upkeep\n|turn|26\n|\n|t:|1699150842\n|switch|p1a: Magearna|Magearna|100\/100\n|move|p2a: Arceus|Swords Dance|p2a: Arceus\n|-boost|p2a: Arceus|atk|2\n|\n|-damage|p2a: Arceus|54\/100 psn|[from] psn\n|upkeep\n|turn|27\n|\n|t:|1699150862\n|-terastallize|p1a: Magearna|Dark\n|move|p2a: Arceus|Recover|p2a: Arceus\n|-heal|p2a: Arceus|100\/100 psn\n|move|p1a: Magearna|Encore|p2a: Arceus\n|-start|p2a: Arceus|Encore\n|\n|-damage|p2a: Arceus|88\/100 psn|[from] psn\n|upkeep\n|turn|28\n|\n|t:|1699150868\n|move|p2a: Arceus|Recover|p2a: Arceus\n|-heal|p2a: Arceus|100\/100 psn\n|move|p1a: Magearna|Spikes|p2a: Arceus\n|-sidestart|p2: TubeKnight|Spikes\n|\n|-damage|p2a: Arceus|88\/100 psn|[from] psn\n|upkeep\n|turn|29\n|\n|t:|1699150871\n|move|p2a: Arceus|Recover|p2a: Arceus\n|-heal|p2a: Arceus|100\/100 psn\n|move|p1a: Magearna|Spikes|p2a: Arceus\n|-sidestart|p2: TubeKnight|Spikes\n|\n|-damage|p2a: Arceus|88\/100 psn|[from] psn\n|upkeep\n|turn|30\n|\n|t:|1699150873\n|move|p2a: Arceus|Recover|p2a: Arceus\n|-heal|p2a: Arceus|100\/100 psn\n|move|p1a: Magearna|Spikes|p2a: Arceus\n|-sidestart|p2: TubeKnight|Spikes\n|\n|-damage|p2a: Arceus|88\/100 psn|[from] psn\n|-end|p2a: Arceus|Encore\n|upkeep\n|turn|31\n|\n|t:|1699150890\n|switch|p1a: Arceus|Arceus-Ghost|91\/100 par\n|move|p2a: Arceus|Extreme Speed|p1a: Arceus\n|-immune|p1a: Arceus\n|\n|-damage|p2a: Arceus|76\/100 psn|[from] psn\n|upkeep\n|turn|32\n|j| Crokadilla\n|inactive|1P1o1s1h1e1 has 270 seconds left.\n|l| Crokadilla\n|\n|t:|1699150938\n|move|p2a: Arceus|Swords Dance|p2a: Arceus\n|-boost|p2a: Arceus|atk|2\n|move|p1a: Arceus|Hex|p2a: Arceus\n|-supereffective|p2a: Arceus\n|-damage|p2a: Arceus|0 fnt\n|faint|p2a: Arceus\n|\n|upkeep\n|c|\u2606TubeKnight|oh\n|\n|t:|1699150946\n|switch|p2a: Cyclizar|Cyclizar, F|86\/100\n|turn|33\n|\n|t:|1699150952\n|move|p2a: Cyclizar|Shed Tail|p2a: Cyclizar\n|-start|p2a: Cyclizar|Substitute|[from] move: Shed Tail\n|-damage|p2a: Cyclizar|36\/100\n|\n|t:|1699150956\n|switch|p2a: Alomomola|Alomomola, M|100\/100 par|[from] Shed Tail\n|move|p1a: Arceus|Roar|p2a: Alomomola\n|drag|p2a: Magearna|Magearna|33\/100 par\n|-damage|p2a: Magearna|8\/100 par|[from] Spikes\n|\n|-heal|p2a: Magearna|14\/100 par|[from] item: Leftovers\n|upkeep\n|turn|34\n|inactive|1P1o1s1h1e1 has 270 seconds left.\n|\n|t:|1699150967\n|switch|p2a: Alomomola|Alomomola, M|100\/100 par\n|move|p1a: Arceus|Hex|p2a: Alomomola\n|-damage|p2a: Alomomola|25\/100 par\n|\n|upkeep\n|turn|35\n|\n|t:|1699150978\n|move|p2a: Alomomola|Protect|p2a: Alomomola\n|-singleturn|p2a: Alomomola|Protect\n|move|p1a: Arceus|Hex|p2a: Alomomola\n|-activate|p2a: Alomomola|move: Protect\n|\n|upkeep\n|turn|36\n|\n|t:|1699150985\n|switch|p1a: Sneasler|Sneasler, M|100\/100\n|switch|p2a: Cyclizar|Cyclizar, F|69\/100\n|\n|upkeep\n|turn|37\n|c|\u2606TubeKnight|dammit\n|c|\u2606TubeKnight|forgot to do tera\n|\n|t:|1699151001\n|move|p1a: Sneasler|Dire Claw|p2a: Cyclizar\n|-damage|p2a: Cyclizar|13\/100\n|-status|p2a: Cyclizar|par\n|move|p2a: Cyclizar|Rapid Spin|p1a: Sneasler\n|-damage|p1a: Sneasler|71\/100\n|-boost|p2a: Cyclizar|spe|1\n|-sideend|p2: TubeKnight|Spikes|[from] move: Rapid Spin|[of] p2a: Cyclizar\n|\n|upkeep\n|turn|38\n|\n|t:|1699151010\n|switch|p2a: Baxcalibur|Baxcalibur, F, shiny|6\/100\n|move|p1a: Sneasler|Dire Claw|p2a: Baxcalibur\n|-damage|p2a: Baxcalibur|0 fnt\n|faint|p2a: Baxcalibur\n|\n|upkeep\n|\n|t:|1699151015\n|switch|p2a: Chi-Yu|Chi-Yu|39\/100 psn\n|-ability|p2a: Chi-Yu|Beads of Ruin\n|turn|39\n|\n|t:|1699151021\n|move|p1a: Sneasler|Dire Claw|p2a: Chi-Yu\n|-damage|p2a: Chi-Yu|0 fnt\n|faint|p2a: Chi-Yu\n|\n|upkeep\n|\n|t:|1699151028\n|switch|p2a: Magearna|Magearna|14\/100 par\n|turn|40\n|\n|t:|1699151032\n|switch|p1a: Magearna|Magearna, tera:Dark|100\/100\n|move|p2a: Magearna|Fleur Cannon|p1a: Magearna\n|-supereffective|p1a: Magearna\n|-damage|p1a: Magearna|37\/100\n|-unboost|p2a: Magearna|spa|2\n|\n|-heal|p1a: Magearna|43\/100|[from] item: Leftovers\n|-heal|p2a: Magearna|20\/100 par|[from] item: Leftovers\n|upkeep\n|turn|41\n|\n|t:|1699151038\n|move|p1a: Magearna|Fleur Cannon|p2a: Magearna\n|-resisted|p2a: Magearna\n|-damage|p2a: Magearna|1\/100 par\n|-unboost|p1a: Magearna|spa|2\n|move|p2a: Magearna|Fleur Cannon|p1a: Magearna\n|-supereffective|p1a: Magearna\n|-damage|p1a: Magearna|10\/100\n|-unboost|p2a: Magearna|spa|2\n|\n|-heal|p1a: Magearna|16\/100|[from] item: Leftovers\n|-heal|p2a: Magearna|7\/100 par|[from] item: Leftovers\n|upkeep\n|turn|42\n|\n|t:|1699151043\n|move|p1a: Magearna|Volt Switch|p2a: Magearna\n|-damage|p2a: Magearna|1\/100 par\n|\n|t:|1699151047\n|switch|p1a: Arceus|Arceus-Ghost|91\/100 par|[from] Volt Switch\n|move|p2a: Magearna|Thunder Wave|p1a: Arceus\n|-fail|p1a: Arceus|par\n|\n|-heal|p2a: Magearna|7\/100 par|[from] item: Leftovers\n|upkeep\n|turn|43\n|c|\u2606TubeKnight|bruh\n|\n|t:|1699151059\n|switch|p2a: Alomomola|Alomomola, M|58\/100 par\n|cant|p1a: Arceus|par\n|\n|upkeep\n|turn|44\n|\n|t:|1699151061\n|move|p1a: Arceus|Hex|p2a: Alomomola\n|-damage|p2a: Alomomola|0 fnt\n|faint|p2a: Alomomola\n|\n|upkeep\n|\n|t:|1699151064\n|switch|p2a: Cyclizar|Cyclizar, F|46\/100 par\n|turn|45\n|\n|t:|1699151069\n|move|p2a: Cyclizar|Knock Off|p1a: Arceus\n|-supereffective|p1a: Arceus\n|-damage|p1a: Arceus|73\/100 par\n|cant|p1a: Arceus|par\n|\n|upkeep\n|turn|46\n|\n|t:|1699151073\n|cant|p2a: Cyclizar|par\n|move|p1a: Arceus|Roar|p2a: Cyclizar\n|drag|p2a: Magearna|Magearna|7\/100 par\n|\n|-heal|p2a: Magearna|13\/100 par|[from] item: Leftovers\n|upkeep\n|turn|47\n|\n|t:|1699151076\n|move|p1a: Arceus|Hex|p2a: Magearna\n|-damage|p2a: Magearna|0 fnt\n|faint|p2a: Magearna\n|\n|upkeep\n|\n|t:|1699151078\n|switch|p2a: Cyclizar|Cyclizar, F|80\/100 par\n|turn|48\n|c|\u26061P1o1s1h1e1|gg\n|c|\u2606TubeKnight|gg\n|\n|t:|1699151084\n|switch|p1a: Magearna|Magearna, tera:Dark|16\/100\n|cant|p2a: Cyclizar|par\n|\n|-heal|p1a: Magearna|22\/100|[from] item: Leftovers\n|upkeep\n|turn|49\n|\n|t:|1699151094\n|-terastallize|p2a: Cyclizar|Dragon\n|move|p2a: Cyclizar|Rapid Spin|p1a: Magearna\n|-damage|p1a: Magearna|9\/100\n|-boost|p2a: Cyclizar|spe|1\n|move|p1a: Magearna|Fleur Cannon|p2a: Cyclizar\n|-supereffective|p2a: Cyclizar\n|-damage|p2a: Cyclizar|0 fnt\n|-unboost|p1a: Magearna|spa|2\n|faint|p2a: Cyclizar\n|\n|win|1P1o1s1h1e1\n|c|\u2606TubeKnight|gg\n|c|\u26061P1o1s1h1e1|gg\n","uploadtime":1699151105,"views":13,"p1id":"1p1o1s1h1e1","p2id":"tubeknight","formatid":"gen9ubers","rating":0,"private":0,"password":""}