{"id":"gen9ubers-1975399725","p1":"BarbantBear","p2":"xyVikashZ","format":"[Gen 9] Ubers","log":"|j|\u2606BarbantBear\n|j|\u2606xyVikashZ\n|t:|1698187154\n|gametype|singles\n|player|p1|BarbantBear|266|1090\n|player|p2|xyVikashZ|102|1072\n|teamsize|p1|6\n|teamsize|p2|6\n|gen|9\n|tier|[Gen 9] Ubers\n|rated|\n|rule|Sleep Clause Mod: Limit one foe put to sleep\n|rule|Species Clause: Limit one of each Pok\u00e9mon\n|rule|OHKO Clause: OHKO moves are banned\n|rule|Evasion Items Clause: Evasion items are banned\n|rule|Evasion Moves Clause: Evasion moves are banned\n|rule|Endless Battle Clause: Forcing endless battles is banned\n|rule|HP Percentage Mod: HP is shown in percentages\n|clearpoke\n|poke|p1|Koraidon|\n|poke|p1|Cyclizar, M|\n|poke|p1|Zacian-*|\n|poke|p1|Chien-Pao|\n|poke|p1|Ogerpon-Hearthflame, F|\n|poke|p1|Palafin, M|\n|poke|p2|Palafin, M|\n|poke|p2|Landorus-Therian, M|\n|poke|p2|Iron Hands|\n|poke|p2|Kingambit, F|\n|poke|p2|Flutter Mane|\n|poke|p2|Arcanine, M|\n|teampreview\n|\n|t:|1698187166\n|start\n|switch|p1a: Cyclizar|Cyclizar, M|100\/100\n|switch|p2a: Flutter Mane|Flutter Mane|100\/100\n|-enditem|p2a: Flutter Mane|Booster Energy\n|-activate|p2a: Flutter Mane|ability: Protosynthesis|[fromitem]\n|-start|p2a: Flutter Mane|protosynthesisspa\n|turn|1\n|\n|t:|1698187180\n|move|p2a: Flutter Mane|Moonblast|p1a: Cyclizar\n|-supereffective|p1a: Cyclizar\n|-damage|p1a: Cyclizar|0 fnt\n|faint|p1a: Cyclizar\n|\n|upkeep\n|\n|t:|1698187189\n|switch|p1a: Zacian|Zacian-Crowned|100\/100\n|-ability|p1a: Zacian|Intrepid Sword|boost\n|-boost|p1a: Zacian|atk|1\n|turn|2\n|\n|t:|1698187194\n|-end|p2a: Flutter Mane|Protosynthesis|[silent]\n|switch|p2a: Arcanine|Arcanine, M, shiny|100\/100\n|-ability|p2a: Arcanine|Intimidate|boost\n|-unboost|p1a: Zacian|atk|1\n|move|p1a: Zacian|Behemoth Blade|p2a: Arcanine\n|-resisted|p2a: Arcanine\n|-damage|p2a: Arcanine|68\/100\n|\n|upkeep\n|turn|3\n|\n|t:|1698187205\n|switch|p1a: Palafin|Palafin, M|100\/100\n|move|p2a: Arcanine|Flamethrower|p1a: Palafin\n|-resisted|p1a: Palafin\n|-damage|p1a: Palafin|79\/100\n|\n|upkeep\n|turn|4\n|\n|t:|1698187216\n|switch|p2a: Iron Hands|Iron Hands|100\/100\n|-enditem|p2a: Iron Hands|Booster Energy\n|-activate|p2a: Iron Hands|ability: Quark Drive|[fromitem]\n|-start|p2a: Iron Hands|quarkdriveatk\n|move|p1a: Palafin|Flip Turn|p2a: Iron Hands\n|-damage|p2a: Iron Hands|91\/100\n|\n|t:|1698187226\n|detailschange|p1a: Palafin|Palafin-Hero, M\n|switch|p1a: Koraidon|Koraidon|100\/100|[from] Flip Turn\n|-weather|SunnyDay|[from] ability: Orichalcum Pulse|[of] p1a: Koraidon\n|-activate|p1a: Koraidon|Orichalcum Pulse|[source]\n|\n|-weather|SunnyDay|[upkeep]\n|upkeep\n|turn|5\n|\n|t:|1698187255\n|move|p1a: Koraidon|Collision Course|p2a: Iron Hands\n|-damage|p2a: Iron Hands|54\/100\n|move|p2a: Iron Hands|Close Combat|p1a: Koraidon\n|-damage|p1a: Koraidon|25\/100\n|-unboost|p2a: Iron Hands|def|1\n|-unboost|p2a: Iron Hands|spd|1\n|\n|-weather|SunnyDay|[upkeep]\n|upkeep\n|turn|6\n|\n|t:|1698187274\n|switch|p1a: Ogerpon|Ogerpon-Hearthflame, F|100\/100\n|-ability|p1a: Ogerpon|Mold Breaker\n|move|p2a: Iron Hands|Close Combat|p1a: Ogerpon\n|-damage|p1a: Ogerpon|0 fnt\n|-unboost|p2a: Iron Hands|def|1\n|-unboost|p2a: Iron Hands|spd|1\n|faint|p1a: Ogerpon\n|\n|-weather|SunnyDay|[upkeep]\n|upkeep\n|\n|t:|1698187290\n|switch|p1a: Zacian|Zacian-Crowned|100\/100\n|turn|7\n|\n|t:|1698187295\n|move|p1a: Zacian|Brick Break|p2a: Iron Hands\n|-damage|p2a: Iron Hands|26\/100\n|move|p2a: Iron Hands|Earthquake|p1a: Zacian\n|-supereffective|p1a: Zacian\n|-damage|p1a: Zacian|36\/100\n|\n|-weather|SunnyDay|[upkeep]\n|upkeep\n|turn|8\n|\n|t:|1698187302\n|move|p1a: Zacian|Play Rough|p2a: Iron Hands\n|-supereffective|p2a: Iron Hands\n|-damage|p2a: Iron Hands|0 fnt\n|faint|p2a: Iron Hands\n|-end|p2a: Iron Hands|Quark Drive|[silent]\n|\n|-weather|none\n|upkeep\n|\n|t:|1698187309\n|switch|p2a: Arcanine|Arcanine, M, shiny|68\/100\n|-ability|p2a: Arcanine|Intimidate|boost\n|-unboost|p1a: Zacian|atk|1\n|turn|9\n|\n|t:|1698187320\n|-terastallize|p1a: Zacian|Fairy\n|move|p1a: Zacian|Play Rough|p2a: Arcanine\n|-resisted|p2a: Arcanine\n|-damage|p2a: Arcanine|42\/100\n|move|p2a: Arcanine|Close Combat|p1a: Zacian\n|-resisted|p1a: Zacian\n|-damage|p1a: Zacian|16\/100\n|-unboost|p2a: Arcanine|def|1\n|-unboost|p2a: Arcanine|spd|1\n|\n|upkeep\n|turn|10\n|\n|t:|1698187334\n|switch|p2a: Landorus|Landorus-Therian, M|100\/100\n|-ability|p2a: Landorus|Intimidate|boost\n|-unboost|p1a: Zacian|atk|1\n|move|p1a: Zacian|Play Rough|p2a: Landorus\n|-damage|p2a: Landorus|65\/100\n|\n|upkeep\n|turn|11\n|\n|t:|1698187349\n|switch|p1a: Chien-Pao|Chien-Pao|100\/100\n|-ability|p1a: Chien-Pao|Sword of Ruin\n|move|p2a: Landorus|Earthquake|p1a: Chien-Pao\n|-damage|p1a: Chien-Pao|46\/100\n|\n|-heal|p1a: Chien-Pao|52\/100|[from] item: Leftovers\n|upkeep\n|turn|12\n|\n|t:|1698187373\n|move|p1a: Chien-Pao|Ice Spinner|p2a: Landorus\n|-supereffective|p2a: Landorus\n|-damage|p2a: Landorus|0 fnt\n|faint|p2a: Landorus\n|\n|-heal|p1a: Chien-Pao|58\/100|[from] item: Leftovers\n|upkeep\n|\n|t:|1698187383\n|switch|p2a: Arcanine|Arcanine, M, shiny|42\/100\n|-ability|p2a: Arcanine|Intimidate|boost\n|-unboost|p1a: Chien-Pao|atk|1\n|turn|13\n|\n|t:|1698187391\n|switch|p1a: Palafin|Palafin-Hero, M|79\/100\n|-activate|p1a: Palafin|ability: Zero to Hero\n|move|p2a: Arcanine|Close Combat|p1a: Palafin\n|-damage|p1a: Palafin|35\/100\n|-unboost|p2a: Arcanine|def|1\n|-unboost|p2a: Arcanine|spd|1\n|\n|upkeep\n|turn|14\n|\n|t:|1698187402\n|switch|p2a: Flutter Mane|Flutter Mane|100\/100\n|move|p1a: Palafin|Jet Punch|p2a: Flutter Mane\n|-damage|p2a: Flutter Mane|30\/100\n|\n|upkeep\n|turn|15\n|\n|t:|1698187409\n|move|p1a: Palafin|Jet Punch|p2a: Flutter Mane\n|-damage|p2a: Flutter Mane|0 fnt\n|faint|p2a: Flutter Mane\n|-end|p2a: Flutter Mane|Protosynthesis|[silent]\n|\n|upkeep\n|\n|t:|1698187414\n|switch|p2a: Kingambit|Kingambit, F|100\/100\n|-activate|p2a: Kingambit|ability: Supreme Overlord\n|-start|p2a: Kingambit|fallen3|[silent]\n|turn|16\n|\n|t:|1698187422\n|-singleturn|p1a: Palafin|move: Focus Punch\n|move|p2a: Kingambit|Kowtow Cleave|p1a: Palafin\n|-damage|p1a: Palafin|0 fnt\n|faint|p1a: Palafin\n|\n|upkeep\n|\n|t:|1698187430\n|switch|p1a: Koraidon|Koraidon|25\/100\n|-weather|SunnyDay|[from] ability: Orichalcum Pulse|[of] p1a: Koraidon\n|-activate|p1a: Koraidon|Orichalcum Pulse|[source]\n|turn|17\n|\n|t:|1698187436\n|move|p1a: Koraidon|Collision Course|p2a: Kingambit\n|-supereffective|p2a: Kingambit\n|-damage|p2a: Kingambit|0 fnt\n|faint|p2a: Kingambit\n|-end|p2a: Kingambit|fallen3|[silent]\n|\n|-weather|SunnyDay|[upkeep]\n|upkeep\n|\n|t:|1698187442\n|switch|p2a: Palafin|Palafin, M|100\/100\n|turn|18\n|\n|t:|1698187448\n|move|p1a: Koraidon|Collision Course|p2a: Palafin\n|-crit|p2a: Palafin\n|-damage|p2a: Palafin|0 fnt\n|faint|p2a: Palafin\n|\n|-weather|SunnyDay|[upkeep]\n|upkeep\n|\n|t:|1698187468\n|switch|p2a: Arcanine|Arcanine, M, shiny|42\/100\n|-ability|p2a: Arcanine|Intimidate|boost\n|-unboost|p1a: Koraidon|atk|1\n|turn|19\n|\n|t:|1698187504\n|move|p2a: Arcanine|Extreme Speed|p1a: Koraidon\n|-damage|p1a: Koraidon|0 fnt\n|faint|p1a: Koraidon\n|\n|-weather|SunnyDay|[upkeep]\n|upkeep\n|\n|t:|1698187510\n|switch|p1a: Zacian|Zacian-Crowned, tera:Fairy|16\/100\n|turn|20\n|\n|t:|1698187519\n|move|p2a: Arcanine|Extreme Speed|p1a: Zacian\n|-damage|p1a: Zacian|0 fnt\n|faint|p1a: Zacian\n|\n|-weather|SunnyDay|[upkeep]\n|upkeep\n|\n|t:|1698187525\n|switch|p1a: Chien-Pao|Chien-Pao|58\/100\n|-ability|p1a: Chien-Pao|Sword of Ruin\n|turn|21\n|\n|t:|1698187532\n|move|p2a: Arcanine|Extreme Speed|p1a: Chien-Pao\n|-damage|p1a: Chien-Pao|20\/100\n|move|p1a: Chien-Pao|Sacred Sword|p2a: Arcanine\n|-damage|p2a: Arcanine|0 fnt\n|faint|p2a: Arcanine\n|\n|win|BarbantBear\n|raw|BarbantBear's rating: 1090 &rarr; <strong>1115<\/strong><br \/>(+25 for winning)\n|raw|xyVikashZ's rating: 1072 &rarr; <strong>1052<\/strong><br \/>(-20 for losing)\n|l|\u2606xyVikashZ\n","uploadtime":1698187546,"views":11,"p1id":"barbantbear","p2id":"xyvikashz","formatid":"gen9ubers","rating":1052,"private":0,"password":""}