{"id":"gen9ubers-1968218444","p1":"Leo Justice","p2":"XpokVEVO","format":"[Gen 9] Ubers","log":"|j|\u2606Leo Justice\n|j|\u2606XpokVEVO\n|t:|1697395964\n|gametype|singles\n|player|p1|Leo Justice|carmine|\n|player|p2|XpokVEVO|marshal|\n|teamsize|p1|6\n|teamsize|p2|6\n|gen|9\n|tier|[Gen 9] Ubers\n|rule|Sleep Clause Mod: Limit one foe put to sleep\n|rule|Species Clause: Limit one of each Pok\u00e9mon\n|rule|OHKO Clause: OHKO moves are banned\n|rule|Evasion Items Clause: Evasion items are banned\n|rule|Evasion Moves Clause: Evasion moves are banned\n|rule|Endless Battle Clause: Forcing endless battles is banned\n|rule|HP Percentage Mod: HP is shown in percentages\n|clearpoke\n|poke|p1|Dondozo, F|\n|poke|p1|Magearna|\n|poke|p1|Giratina|\n|poke|p1|Arceus-Poison|\n|poke|p1|Blissey, F|\n|poke|p1|Garganacl, F|\n|poke|p2|Arceus-Fire|\n|poke|p2|Shaymin-Sky|\n|poke|p2|Palkia-Origin|\n|poke|p2|Cyclizar, F|\n|poke|p2|Espathra, F|\n|poke|p2|Samurott-Hisui, F|\n|teampreview\n|\n|t:|1697395977\n|start\n|switch|p1a: Arceus|Arceus-Poison|100\/100\n|switch|p2a: Samurott|Samurott-Hisui, F|100\/100\n|turn|1\n|\n|t:|1697396016\n|move|p1a: Arceus|Judgment|p2a: Samurott\n|-damage|p2a: Samurott|31\/100\n|move|p2a: Samurott|Ceaseless Edge|p1a: Arceus\n|-damage|p1a: Arceus|72\/100\n|-sidestart|p1: Leo Justice|Spikes\n|\n|upkeep\n|turn|2\n|\n|t:|1697396021\n|move|p1a: Arceus|Judgment|p2a: Samurott\n|-damage|p2a: Samurott|0 fnt\n|faint|p2a: Samurott\n|\n|upkeep\n|\n|t:|1697396041\n|switch|p2a: Cyclizar|Cyclizar, F|100\/100\n|turn|3\n|c|\u2606XpokVEVO|Yo\n|c|\u2606Leo Justice|Yo?\n|c|\u2606XpokVEVO|Do i die to judgement\n|c|\u2606XpokVEVO|Only one way to see\n|\n|t:|1697396075\n|move|p2a: Cyclizar|Shed Tail|p2a: Cyclizar\n|-start|p2a: Cyclizar|Substitute|[from] move: Shed Tail\n|-damage|p2a: Cyclizar|50\/100\n|c|\u2606Leo Justice|I don't think so\n|c|\u2606XpokVEVO|Oh\n|c|\u2606XpokVEVO|I outspeed anyways\n|c|\u2606Leo Justice|U outspeed anyways yeah\n|\n|t:|1697396091\n|switch|p2a: Espathra|Espathra, F|100\/100|[from] Shed Tail\n|move|p1a: Arceus|Calm Mind|p1a: Arceus\n|-boost|p1a: Arceus|spa|1\n|-boost|p1a: Arceus|spd|1\n|\n|upkeep\n|turn|4\n|\n|t:|1697396098\n|move|p1a: Arceus|Imprison|p1a: Arceus\n|-start|p1a: Arceus|move: Imprison\n|cant|p2a: Espathra|move: Imprison|Calm Mind\n|\n|-ability|p2a: Espathra|Speed Boost|boost\n|-boost|p2a: Espathra|spe|1\n|upkeep\n|turn|5\n|\n|t:|1697396114\n|move|p2a: Espathra|Stored Power|p1a: Arceus\n|-supereffective|p1a: Arceus\n|-damage|p1a: Arceus|54\/100\n|move|p1a: Arceus|Judgment|p2a: Espathra\n|-end|p2a: Espathra|Substitute\n|\n|-ability|p2a: Espathra|Speed Boost|boost\n|-boost|p2a: Espathra|spe|1\n|upkeep\n|turn|6\n|\n|t:|1697396124\n|move|p2a: Espathra|Protect|p2a: Espathra\n|-singleturn|p2a: Espathra|Protect\n|move|p1a: Arceus|Judgment|p2a: Espathra\n|-activate|p2a: Espathra|move: Protect\n|\n|-ability|p2a: Espathra|Speed Boost|boost\n|-boost|p2a: Espathra|spe|1\n|upkeep\n|turn|7\n|\n|t:|1697396130\n|move|p2a: Espathra|Stored Power|p1a: Arceus\n|-supereffective|p1a: Arceus\n|-damage|p1a: Arceus|21\/100\n|move|p1a: Arceus|Calm Mind|p1a: Arceus\n|-boost|p1a: Arceus|spa|1\n|-boost|p1a: Arceus|spd|1\n|\n|-ability|p2a: Espathra|Speed Boost|boost\n|-boost|p2a: Espathra|spe|1\n|upkeep\n|turn|8\n|\n|t:|1697396142\n|-terastallize|p1a: Arceus|Dark\n|move|p2a: Espathra|Stored Power|p1a: Arceus\n|-immune|p1a: Arceus\n|move|p1a: Arceus|Recover|p1a: Arceus\n|-heal|p1a: Arceus|71\/100\n|\n|-ability|p2a: Espathra|Speed Boost|boost\n|-boost|p2a: Espathra|spe|1\n|upkeep\n|turn|9\n|\n|t:|1697396150\n|-terastallize|p2a: Espathra|Fairy\n|move|p2a: Espathra|Dazzling Gleam|p1a: Arceus\n|-supereffective|p1a: Arceus\n|-damage|p1a: Arceus|44\/100\n|move|p1a: Arceus|Judgment|p2a: Espathra\n|-supereffective|p2a: Espathra\n|-enditem|p2a: Espathra|Focus Sash\n|-damage|p2a: Espathra|1\/100\n|\n|-ability|p2a: Espathra|Speed Boost|boost\n|-boost|p2a: Espathra|spe|1\n|upkeep\n|turn|10\n|c|\u2606XpokVEVO|Youre actually evil\n|\n|t:|1697396159\n|move|p2a: Espathra|Dazzling Gleam|p1a: Arceus\n|-supereffective|p1a: Arceus\n|-damage|p1a: Arceus|20\/100\n|move|p1a: Arceus|Recover|p1a: Arceus\n|-heal|p1a: Arceus|70\/100\n|\n|upkeep\n|turn|11\n|\n|t:|1697396164\n|move|p2a: Espathra|Dazzling Gleam|p1a: Arceus\n|-supereffective|p1a: Arceus\n|-damage|p1a: Arceus|43\/100\n|move|p1a: Arceus|Judgment|p2a: Espathra\n|-supereffective|p2a: Espathra\n|-damage|p2a: Espathra|0 fnt\n|faint|p2a: Espathra\n|\n|upkeep\n|\n|t:|1697396194\n|switch|p2a: Arceus-Fight\u0131ng|Arceus-Fire, shiny|100\/100\n|turn|12\n|\n|t:|1697396204\n|move|p1a: Arceus|Recover|p1a: Arceus\n|-heal|p1a: Arceus|93\/100\n|move|p2a: Arceus-Fight\u0131ng|Flare Blitz|p1a: Arceus\n|-damage|p1a: Arceus|49\/100\n|-status|p1a: Arceus|brn\n|-damage|p2a: Arceus-Fight\u0131ng|84\/100|[from] Recoil\n|\n|-damage|p1a: Arceus|43\/100 brn|[from] brn\n|upkeep\n|turn|13\n|\n|t:|1697396225\n|move|p1a: Arceus|Judgment|p2a: Arceus-Fight\u0131ng\n|-damage|p2a: Arceus-Fight\u0131ng|14\/100\n|move|p2a: Arceus-Fight\u0131ng|Dragon Dance|p2a: Arceus-Fight\u0131ng\n|-boost|p2a: Arceus-Fight\u0131ng|atk|1\n|-boost|p2a: Arceus-Fight\u0131ng|spe|1\n|\n|-damage|p1a: Arceus|37\/100 brn|[from] brn\n|upkeep\n|turn|14\n|\n|t:|1697396233\n|switch|p1a: Dondozo|Dondozo, F|100\/100\n|move|p2a: Arceus-Fight\u0131ng|Flare Blitz|p1a: Dondozo\n|-resisted|p1a: Dondozo\n|-damage|p1a: Dondozo|84\/100\n|-damage|p2a: Arceus-Fight\u0131ng|7\/100|[from] Recoil\n|\n|upkeep\n|turn|15\n|\n|t:|1697396264\n|switch|p2a: Shaymin|Shaymin-Sky, shiny|100\/100\n|move|p1a: Dondozo|Liquidation|p2a: Shaymin\n|-resisted|p2a: Shaymin\n|-damage|p2a: Shaymin|82\/100\n|\n|upkeep\n|turn|16\n|\n|t:|1697396276\n|switch|p1a: Magearna|Magearna|100\/100\n|-damage|p1a: Magearna|88\/100|[from] Spikes\n|move|p2a: Shaymin|Seed Flare|p1a: Magearna\n|-resisted|p1a: Magearna\n|-crit|p1a: Magearna\n|-damage|p1a: Magearna|54\/100\n|-damage|p2a: Shaymin|72\/100|[from] item: Life Orb\n|\n|-heal|p1a: Magearna|60\/100|[from] item: Leftovers\n|upkeep\n|turn|17\n|\n|t:|1697396280\n|move|p2a: Shaymin|Earth Power|p1a: Magearna\n|-supereffective|p1a: Magearna\n|-damage|p1a: Magearna|13\/100\n|-damage|p2a: Shaymin|62\/100|[from] item: Life Orb\n|move|p1a: Magearna|Ice Beam|p2a: Shaymin\n|-supereffective|p2a: Shaymin\n|-damage|p2a: Shaymin|0 fnt\n|faint|p2a: Shaymin\n|-ability|p1a: Magearna|Soul-Heart|boost\n|-boost|p1a: Magearna|spa|1\n|\n|-heal|p1a: Magearna|19\/100|[from] item: Leftovers\n|upkeep\n|\n|t:|1697396287\n|switch|p2a: Palkia|Palkia-Origin|100\/100\n|-ability|p2a: Palkia|Pressure\n|turn|18\n|\n|t:|1697396293\n|move|p2a: Palkia|Hydro Pump|p1a: Magearna\n|-damage|p1a: Magearna|0 fnt\n|faint|p1a: Magearna\n|\n|upkeep\n|\n|t:|1697396298\n|switch|p1a: Blissey|Blissey, F|100\/100\n|turn|19\n|\n|t:|1697396301\n|switch|p2a: Cyclizar|Cyclizar, F|84\/100\n|move|p1a: Blissey|Seismic Toss|p2a: Cyclizar\n|-damage|p2a: Cyclizar|55\/100\n|\n|upkeep\n|turn|20\n|\n|t:|1697396321\n|move|p2a: Cyclizar|Shed Tail|p2a: Cyclizar\n|-start|p2a: Cyclizar|Substitute|[from] move: Shed Tail\n|-damage|p2a: Cyclizar|5\/100\n|-enditem|p2a: Cyclizar|Aguav Berry|[eat]\n|-heal|p2a: Cyclizar|38\/100|[from] item: Aguav Berry\n|\n|t:|1697396336\n|switch|p2a: Arceus-Fight\u0131ng|Arceus-Fire, shiny|7\/100|[from] Shed Tail\n|move|p1a: Blissey|Seismic Toss|p2a: Arceus-Fight\u0131ng\n|-end|p2a: Arceus-Fight\u0131ng|Substitute\n|\n|upkeep\n|turn|21\n|c|\u2606XpokVEVO|Realistically wtf should i have done\n|c|\u2606XpokVEVO|Protect taunt\n|c|\u2606XpokVEVO|??\n|c|\u2606Leo Justice|With espathra?\n|c|\u2606XpokVEVO|Yes\n|c|\u2606XpokVEVO|Oh i know\n|c|\u2606XpokVEVO|Nvm\n|c|\u2606XpokVEVO|Mental herb does not work\n|c|\u2606Leo Justice|Uhhh\n|c|\u2606Leo Justice|It's Just that ur team doesn't have a good way of dealing with Arceus\n|\n|t:|1697396450\n|switch|p2a: Cyclizar|Cyclizar, F|71\/100\n|switch|p1a: Dondozo|Dondozo, F|84\/100\n|\n|upkeep\n|turn|22\n|c|\u2606XpokVEVO|What do I do then\n|c|\u2606Leo Justice|I noticed it and I allowed myself the opportunity to set up on you\n|c|\u2606Leo Justice|It's just a flaw of HO tbh\n|c|\u2606Leo Justice|You'd need like\n|c|\u2606Leo Justice|A steel type\n|c|\u2606XpokVEVO|I used to have magearna\n|c|\u2606Leo Justice|But none except mag fit\n|c|\u2606XpokVEVO|What should i swap out for magearna\n|c|\u2606Leo Justice|But mag is kinda eh on HO\n|c|\u2606XpokVEVO|Shisui?\n|c|\u2606Leo Justice|Plus if i was just Arceus dark from the startv\n|c|\u2606Leo Justice|It wouldn't matter\n|c|\u2606XpokVEVO|How?\n|c|\u2606Leo Justice|Because i outdamage ur mag\n|c|\u2606Leo Justice|U can't use calm mind\n|c|\u2606Leo Justice|And I can\n|c|\u2606XpokVEVO|Dont need to oneshot arc\n|c|\u2606Leo Justice|So eventually I'll do enough with not very effective judgements\n|c|\u2606XpokVEVO|Rematch\n|-message|XpokVEVO forfeited.\n|\n|win|Leo Justice\n","uploadtime":1697396604,"views":25,"p1id":"leojustice","p2id":"xpokvevo","formatid":"gen9ubers","rating":0,"private":0,"password":""}