{"id":"gen9ubers-1996629803","p1":"Dang Rope Fan","p2":"BagMan187","format":"[Gen 9] Ubers","log":"|j|\u2606Dang Rope Fan\n|j|\u2606BagMan187\n|t:|1700702661\n|gametype|singles\n|player|p1|Dang Rope Fan|evelyn|\n|player|p2|BagMan187|ash-kalos|\n|teamsize|p1|6\n|teamsize|p2|6\n|gen|9\n|tier|[Gen 9] Ubers\n|rule|Sleep Clause Mod: Limit one foe put to sleep\n|rule|Species Clause: Limit one of each Pok\u00e9mon\n|rule|OHKO Clause: OHKO moves are banned\n|rule|Evasion Items Clause: Evasion items are banned\n|rule|Evasion Moves Clause: Evasion moves are banned\n|rule|Endless Battle Clause: Forcing endless battles is banned\n|rule|HP Percentage Mod: HP is shown in percentages\n|clearpoke\n|poke|p1|Samurott, F|\n|poke|p1|Eelektross, M|\n|poke|p1|Moltres|\n|poke|p1|Zoroark-Hisui, M|\n|poke|p1|Darkrai|\n|poke|p1|Slowbro-Galar, M|\n|poke|p2|Greninja-*, M|\n|poke|p2|Slowking-Galar, F|\n|poke|p2|Blissey, F|\n|poke|p2|Talonflame, M|\n|poke|p2|Salazzle, F|\n|poke|p2|Ursaluna-Bloodmoon, M|\n|teampreview\n|inactive|Battle timer is ON: inactive players will automatically lose when time's up. (requested by BagMan187)\n|inactive|Dang Rope Fan also wants the timer to be on.\n|c|\u2606Dang Rope Fan|i got the other game saved up so dw about that\n|c|\u2606BagMan187|i did too\n|c|\u2606BagMan187|glhf\n|\n|t:|1700702678\n|start\n|switch|p1a: Samurott|Samurott, F|100\/100\n|switch|p2a: Ursaluna|Ursaluna-Bloodmoon, M|100\/100\n|turn|1\n|c|\u2606Dang Rope Fan|yt\n|\n|t:|1700702708\n|switch|p2a: Slowking|Slowking-Galar, F|100\/100\n|move|p1a: Samurott|Razor Shell|p2a: Slowking\n|-damage|p2a: Slowking|75\/100\n|\n|upkeep\n|turn|2\n|\n|t:|1700702719\n|move|p1a: Samurott|Taunt|p2a: Slowking\n|-start|p2a: Slowking|move: Taunt\n|cant|p2a: Slowking|move: Taunt|Chilly Reception\n|\n|upkeep\n|turn|3\n|\n|t:|1700702722\n|move|p1a: Samurott|Knock Off|p2a: Slowking\n|-supereffective|p2a: Slowking\n|-damage|p2a: Slowking|34\/100\n|-enditem|p2a: Slowking|Heavy-Duty Boots|[from] move: Knock Off|[of] p1a: Samurott\n|move|p2a: Slowking|Foul Play|p1a: Samurott\n|-damage|p1a: Samurott|69\/100\n|\n|upkeep\n|turn|4\n|\n|t:|1700702736\n|switch|p2a: Greninja|Greninja, M, shiny|100\/100\n|move|p1a: Samurott|Flip Turn|p2a: Greninja\n|-resisted|p2a: Greninja\n|-damage|p2a: Greninja|76\/100\n|\n|t:|1700702740\n|switch|p1a: Eelektross|Eelektross, M|100\/100|[from] Flip Turn\n|\n|upkeep\n|turn|5\n|\n|t:|1700702747\n|move|p2a: Greninja|U-turn|p1a: Eelektross\n|-start|p2a: Greninja|typechange|Bug|[from] ability: Protean\n|-damage|p1a: Eelektross|54\/100\n|\n|t:|1700702759\n|switch|p2a: Blissey|Blissey, F|100\/100|[from] U-turn\n|move|p1a: Eelektross|Giga Drain|p2a: Blissey\n|-damage|p2a: Blissey|91\/100\n|-heal|p1a: Eelektross|64\/100|[from] drain|[of] p2a: Blissey\n|\n|-heal|p2a: Blissey|97\/100|[from] item: Leftovers\n|-heal|p1a: Eelektross|70\/100|[from] item: Leftovers\n|upkeep\n|turn|6\n|\n|t:|1700702761\n|move|p2a: Blissey|Stealth Rock|p1a: Eelektross\n|-sidestart|p1: Dang Rope Fan|move: Stealth Rock\n|move|p1a: Eelektross|Volt Switch|p2a: Blissey\n|-damage|p2a: Blissey|84\/100\n|\n|t:|1700702767\n|switch|p1a: Moltres|Moltres|100\/100|[from] Volt Switch\n|\n|-heal|p2a: Blissey|90\/100|[from] item: Leftovers\n|upkeep\n|turn|7\n|\n|t:|1700702783\n|switch|p2a: Salazzle|Salazzle, F|100\/100\n|move|p1a: Moltres|U-turn|p2a: Salazzle\n|-resisted|p2a: Salazzle\n|-damage|p2a: Salazzle|93\/100\n|\n|t:|1700702787\n|switch|p1a: Samurott|Samurott, F|69\/100|[from] U-turn\n|\n|-heal|p2a: Salazzle|99\/100|[from] item: Black Sludge\n|upkeep\n|turn|8\n|\n|t:|1700702793\n|move|p2a: Salazzle|Toxic|p1a: Samurott\n|-status|p1a: Samurott|tox\n|move|p1a: Samurott|Flip Turn|p2a: Salazzle\n|-supereffective|p2a: Salazzle\n|-damage|p2a: Salazzle|7\/100\n|\n|t:|1700702799\n|switch|p1a: Darkrai|Darkrai|100\/100|[from] Flip Turn\n|\n|-heal|p2a: Salazzle|13\/100|[from] item: Black Sludge\n|upkeep\n|turn|9\n|\n|t:|1700702805\n|move|p1a: Darkrai|Knock Off|p2a: Salazzle\n|-damage|p2a: Salazzle|0 fnt\n|-enditem|p2a: Salazzle|Black Sludge|[from] move: Knock Off|[of] p1a: Darkrai\n|faint|p2a: Salazzle\n|\n|upkeep\n|\n|t:|1700702807\n|switch|p2a: Talonflame|Talonflame, M|100\/100\n|turn|10\n|\n|t:|1700702816\n|switch|p2a: Greninja|Greninja, M, shiny|76\/100\n|switch|p1a: Moltres|Moltres|100\/100\n|\n|upkeep\n|turn|11\n|\n|t:|1700702820\n|move|p2a: Greninja|Liquidation|p1a: Moltres\n|-start|p2a: Greninja|typechange|Water|[from] ability: Protean\n|-supereffective|p1a: Moltres\n|-damage|p1a: Moltres|4\/100\n|-unboost|p1a: Moltres|def|1\n|move|p1a: Moltres|U-turn|p2a: Greninja\n|-damage|p2a: Greninja|42\/100\n|\n|t:|1700702831\n|switch|p1a: Darkrai|Darkrai|100\/100|[from] U-turn\n|\n|upkeep\n|turn|12\n|\n|t:|1700702836\n|switch|p2a: Talonflame|Talonflame, M|100\/100\n|move|p1a: Darkrai|Knock Off|p2a: Talonflame\n|-damage|p2a: Talonflame|50\/100\n|-enditem|p2a: Talonflame|Heavy-Duty Boots|[from] move: Knock Off|[of] p1a: Darkrai\n|\n|upkeep\n|turn|13\n|\n|t:|1700702840\n|switch|p1a: Samurott|Samurott, F|69\/100 tox\n|move|p2a: Talonflame|Will-O-Wisp||[still]\n|-fail|p2a: Talonflame\n|\n|-damage|p1a: Samurott|63\/100 tox|[from] psn\n|upkeep\n|turn|14\n|\n|t:|1700702844\n|switch|p2a: Slowking|Slowking-Galar, F|68\/100\n|move|p1a: Samurott|Flip Turn|p2a: Slowking\n|-damage|p2a: Slowking|48\/100\n|\n|t:|1700702847\n|switch|p1a: Moltres|Moltres|4\/100|[from] Flip Turn\n|\n|upkeep\n|turn|15\n|\n|t:|1700702850\n|move|p1a: Moltres|Roost|p1a: Moltres\n|-heal|p1a: Moltres|55\/100\n|-singleturn|p1a: Moltres|move: Roost\n|move|p2a: Slowking|Toxic|p1a: Moltres\n|-status|p1a: Moltres|tox\n|\n|-damage|p1a: Moltres|49\/100 tox|[from] psn\n|upkeep\n|turn|16\n|\n|t:|1700702853\n|move|p1a: Moltres|U-turn|p2a: Slowking\n|-damage|p2a: Slowking|32\/100\n|\n|t:|1700702857\n|switch|p1a: Slowbro|Slowbro-Galar, M|100\/100|[from] U-turn\n|move|p2a: Slowking|Slack Off|p2a: Slowking\n|-heal|p2a: Slowking|82\/100\n|\n|upkeep\n|turn|17\n|\n|t:|1700702863\n|move|p1a: Slowbro|Psyshock|p2a: Slowking\n|-damage|p2a: Slowking|53\/100\n|move|p2a: Slowking|Foul Play|p1a: Slowbro\n|-supereffective|p1a: Slowbro\n|-damage|p1a: Slowbro|69\/100\n|\n|upkeep\n|turn|18\n|\n|t:|1700702869\n|move|p1a: Slowbro|Psyshock|p2a: Slowking\n|-damage|p2a: Slowking|26\/100\n|move|p2a: Slowking|Chilly Reception|p2a: Slowking\n|-weather|Snow\n|\n|t:|1700702873\n|switch|p2a: Greninja|Greninja, M, shiny|42\/100|[from] Chilly Reception\n|\n|-weather|Snow|[upkeep]\n|upkeep\n|turn|19\n|\n|t:|1700702877\n|switch|p1a: Moltres|Moltres|49\/100 tox\n|move|p2a: Greninja|Night Slash|p1a: Moltres\n|-start|p2a: Greninja|typechange|Dark|[from] ability: Protean\n|-damage|p1a: Moltres|5\/100 tox\n|\n|-weather|Snow|[upkeep]\n|-damage|p1a: Moltres|0 fnt|[from] psn\n|faint|p1a: Moltres\n|upkeep\n|\n|t:|1700702881\n|switch|p1a: Darkrai|Darkrai|100\/100\n|turn|20\n|\n|t:|1700702886\n|switch|p2a: Talonflame|Talonflame, M|50\/100\n|move|p1a: Darkrai|Swords Dance|p1a: Darkrai\n|-boost|p1a: Darkrai|atk|2\n|\n|-weather|Snow|[upkeep]\n|upkeep\n|turn|21\n|\n|t:|1700702889\n|-terastallize|p1a: Darkrai|Fire\n|move|p2a: Talonflame|Will-O-Wisp|p1a: Darkrai\n|-immune|p1a: Darkrai\n|move|p1a: Darkrai|Knock Off|p2a: Talonflame\n|-damage|p2a: Talonflame|0 fnt\n|faint|p2a: Talonflame\n|\n|-weather|Snow|[upkeep]\n|upkeep\n|\n|t:|1700702895\n|switch|p2a: Ursaluna|Ursaluna-Bloodmoon, M|100\/100\n|turn|22\n|\n|t:|1700702899\n|switch|p1a: Eelektross|Eelektross, M|70\/100\n|-damage|p1a: Eelektross|57\/100|[from] Stealth Rock\n|-terastallize|p2a: Ursaluna|Ground\n|move|p2a: Ursaluna|Headlong Rush|p1a: Eelektross\n|-immune|p1a: Eelektross|[from] ability: Levitate\n|\n|-weather|none\n|-heal|p1a: Eelektross|64\/100|[from] item: Leftovers\n|upkeep\n|turn|23\n|\n|t:|1700702911\n|switch|p2a: Blissey|Blissey, F|90\/100\n|move|p1a: Eelektross|Volt Switch|p2a: Blissey\n|-damage|p2a: Blissey|77\/100\n|\n|t:|1700702915\n|switch|p1a: Darkrai|Darkrai, tera:Fire|100\/100|[from] Volt Switch\n|\n|-heal|p2a: Blissey|83\/100|[from] item: Leftovers\n|upkeep\n|turn|24\n|\n|t:|1700702927\n|switch|p2a: Slowking|Slowking-Galar, F|59\/100\n|move|p1a: Darkrai|Knock Off|p2a: Slowking\n|-supereffective|p2a: Slowking\n|-damage|p2a: Slowking|21\/100\n|\n|upkeep\n|turn|25\n|\n|t:|1700702929\n|move|p1a: Darkrai|Knock Off|p2a: Slowking\n|-supereffective|p2a: Slowking\n|-damage|p2a: Slowking|0 fnt\n|faint|p2a: Slowking\n|\n|upkeep\n|\n|t:|1700702933\n|switch|p2a: Ursaluna|Ursaluna-Bloodmoon, M, tera:Ground|100\/100\n|turn|26\n|\n|t:|1700702942\n|switch|p1a: Slowbro|Slowbro-Galar, M|100\/100\n|move|p2a: Ursaluna|Double-Edge|p1a: Slowbro\n|-damage|p1a: Slowbro|35\/100\n|-damage|p2a: Ursaluna|81\/100|[from] Recoil\n|\n|upkeep\n|turn|27\n|\n|t:|1700702946\n|move|p2a: Ursaluna|Double-Edge|p1a: Slowbro\n|-damage|p1a: Slowbro|0 fnt\n|faint|p1a: Slowbro\n|-damage|p2a: Ursaluna|70\/100|[from] Recoil\n|\n|upkeep\n|\n|t:|1700702948\n|switch|p1a: Samurott|Samurott, F|63\/100 tox\n|turn|28\n|\n|t:|1700702953\n|switch|p2a: Blissey|Blissey, F|83\/100\n|move|p1a: Samurott|Razor Shell|p2a: Blissey\n|-damage|p2a: Blissey|53\/100\n|\n|-heal|p2a: Blissey|59\/100|[from] item: Leftovers\n|-damage|p1a: Samurott|57\/100 tox|[from] psn\n|upkeep\n|turn|29\n|\n|t:|1700702959\n|move|p1a: Samurott|Taunt|p2a: Blissey\n|-start|p2a: Blissey|move: Taunt\n|cant|p2a: Blissey|move: Taunt|Soft-Boiled\n|\n|-heal|p2a: Blissey|65\/100|[from] item: Leftovers\n|-damage|p1a: Samurott|45\/100 tox|[from] psn\n|upkeep\n|turn|30\n|\n|t:|1700702961\n|move|p1a: Samurott|Knock Off|p2a: Blissey\n|-damage|p2a: Blissey|39\/100\n|-enditem|p2a: Blissey|Leftovers|[from] move: Knock Off|[of] p1a: Samurott\n|move|p2a: Blissey|Seismic Toss|p1a: Samurott\n|-damage|p1a: Samurott|20\/100 tox\n|\n|-damage|p1a: Samurott|1\/100 tox|[from] psn\n|upkeep\n|turn|31\n|\n|t:|1700702965\n|move|p1a: Samurott|Razor Shell|p2a: Blissey\n|-damage|p2a: Blissey|0 fnt\n|faint|p2a: Blissey\n|\n|-damage|p1a: Samurott|0 fnt|[from] psn\n|faint|p1a: Samurott\n|upkeep\n|\n|t:|1700702972\n|switch|p1a: Eelektross|Eelektross, M|64\/100\n|switch|p2a: Greninja|Greninja, M, shiny|42\/100\n|-damage|p1a: Eelektross|51\/100|[from] Stealth Rock\n|turn|32\n|\n|t:|1700702978\n|move|p2a: Greninja|Liquidation|p1a: Eelektross\n|-start|p2a: Greninja|typechange|Water|[from] ability: Protean\n|-damage|p1a: Eelektross|0 fnt\n|faint|p1a: Eelektross\n|\n|upkeep\n|\n|t:|1700702984\n|switch|p1a: Darkrai|Darkrai, tera:Fire|100\/100\n|turn|33\n|\n|t:|1700702986\n|move|p1a: Darkrai|Knock Off|p2a: Greninja\n|-damage|p2a: Greninja|0 fnt\n|-enditem|p2a: Greninja|Choice Band|[from] move: Knock Off|[of] p1a: Darkrai\n|faint|p2a: Greninja\n|\n|upkeep\n|\n|t:|1700702989\n|switch|p2a: Ursaluna|Ursaluna-Bloodmoon, M, tera:Ground|70\/100\n|turn|34\n|inactive|Dang Rope Fan has 270 seconds left.\n|inactive|Dang Rope Fan has 240 seconds left.\n|\n|t:|1700703057\n|move|p1a: Darkrai|Knock Off|p2a: Ursaluna\n|-damage|p2a: Ursaluna|46\/100\n|-enditem|p2a: Ursaluna|Choice Band|[from] move: Knock Off|[of] p1a: Darkrai\n|move|p2a: Ursaluna|Double-Edge|p1a: Darkrai\n|-damage|p1a: Darkrai|39\/100\n|-damage|p2a: Ursaluna|32\/100|[from] Recoil\n|\n|upkeep\n|turn|35\n|inactive|Dang Rope Fan has 240 seconds left.\n|\n|t:|1700703083\n|move|p1a: Darkrai|Sucker Punch|p2a: Ursaluna\n|-damage|p2a: Ursaluna|15\/100\n|move|p2a: Ursaluna|Double-Edge|p1a: Darkrai\n|-damage|p1a: Darkrai|0 fnt\n|faint|p1a: Darkrai\n|-damage|p2a: Ursaluna|6\/100|[from] Recoil\n|\n|upkeep\n|inactive|Dang Rope Fan has 240 seconds left.\n|\n|t:|1700703093\n|switch|p1a: Zoroark|Zoroark-Hisui, M|100\/100\n|turn|36\n|-message|BagMan187 forfeited.\n|\n|win|Dang Rope Fan\n|c|\u2606Dang Rope Fan|gg\n","uploadtime":1700703102,"views":17,"p1id":"dangropefan","p2id":"bagman187","formatid":"gen9ubers","rating":0,"private":0,"password":""}