{"id":"gen9ubers-1986603255","p1":"MegaBrownie","p2":"sffeep","format":"[Gen 9] Ubers","log":"|j|\u2606MegaBrownie\n|j|\u2606sffeep\n|t:|1699496818\n|gametype|singles\n|player|p1|MegaBrownie|2|1234\n|player|p2|sffeep|tulip|1330\n|teamsize|p1|6\n|teamsize|p2|6\n|gen|9\n|tier|[Gen 9] Ubers\n|rated|\n|rule|Sleep Clause Mod: Limit one foe put to sleep\n|rule|Species Clause: Limit one of each Pok\u00e9mon\n|rule|OHKO Clause: OHKO moves are banned\n|rule|Evasion Items Clause: Evasion items are banned\n|rule|Evasion Moves Clause: Evasion moves are banned\n|rule|Endless Battle Clause: Forcing endless battles is banned\n|rule|HP Percentage Mod: HP is shown in percentages\n|clearpoke\n|poke|p1|Cinderace, M|\n|poke|p1|Corviknight, F|\n|poke|p1|Arceus-Fighting|\n|poke|p1|Palkia-Origin|\n|poke|p1|Zoroark-Hisui, M|\n|poke|p1|Ribombee, M|\n|poke|p2|Koraidon|\n|poke|p2|Arceus|\n|poke|p2|Miraidon|\n|poke|p2|Kyogre|\n|poke|p2|Landorus-Therian, M|\n|poke|p2|Ting-Lu|\n|teampreview\n|c|\u2606sffeep|HORSE\n|c|\u2606MegaBrownie|Nice team\n|c|\u2606sffeep|HORSE\n|\n|t:|1699496863\n|start\n|switch|p1a: Ribombee|Ribombee, M|100\/100\n|switch|p2a: Kyogre|Kyogre|100\/100\n|-weather|RainDance|[from] ability: Drizzle|[of] p2a: Kyogre\n|turn|1\n|\n|t:|1699496874\n|move|p1a: Ribombee|Stun Spore|p2a: Kyogre\n|-status|p2a: Kyogre|par\n|move|p2a: Kyogre|Calm Mind|p2a: Kyogre\n|-boost|p2a: Kyogre|spa|1\n|-boost|p2a: Kyogre|spd|1\n|\n|-weather|RainDance|[upkeep]\n|upkeep\n|turn|2\n|\n|t:|1699496890\n|move|p1a: Ribombee|Moonblast|p2a: Kyogre\n|-damage|p2a: Kyogre|82\/100 par\n|cant|p2a: Kyogre|par\n|\n|-weather|RainDance|[upkeep]\n|upkeep\n|turn|3\n|\n|t:|1699496899\n|move|p1a: Ribombee|Sticky Web|p2a: Kyogre\n|-sidestart|p2: sffeep|move: Sticky Web\n|move|p2a: Kyogre|Surf|p1a: Ribombee\n|-enditem|p1a: Ribombee|Focus Sash\n|-damage|p1a: Ribombee|1\/100\n|\n|-weather|RainDance|[upkeep]\n|upkeep\n|turn|4\n|\n|t:|1699496906\n|move|p1a: Ribombee|Psychic|p2a: Kyogre\n|-crit|p2a: Kyogre\n|-damage|p2a: Kyogre|58\/100 par\n|cant|p2a: Kyogre|par\n|\n|-weather|RainDance|[upkeep]\n|upkeep\n|turn|5\n|\n|t:|1699496927\n|switch|p1a: Palkia|Palkia-Origin|100\/100\n|-ability|p1a: Palkia|Pressure\n|move|p2a: Kyogre|Ice Beam|p1a: Palkia\n|-damage|p1a: Palkia|59\/100\n|\n|-weather|none\n|upkeep\n|turn|6\n|\n|t:|1699496958\n|move|p1a: Palkia|Substitute|p1a: Palkia\n|-start|p1a: Palkia|Substitute\n|-damage|p1a: Palkia|34\/100\n|move|p2a: Kyogre|Thunder Wave||[still]\n|-fail|p2a: Kyogre\n|\n|upkeep\n|turn|7\n|\n|t:|1699496971\n|switch|p2a: Ting-Lu|Ting-Lu|100\/100\n|-activate|p2a: Ting-Lu|move: Sticky Web\n|-unboost|p2a: Ting-Lu|spe|1\n|-ability|p2a: Ting-Lu|Vessel of Ruin\n|move|p1a: Palkia|Spacial Rend|p2a: Ting-Lu\n|-damage|p2a: Ting-Lu|71\/100\n|\n|-heal|p2a: Ting-Lu|77\/100|[from] item: Leftovers\n|upkeep\n|turn|8\n|\n|t:|1699496985\n|move|p1a: Palkia|Hydro Pump|p2a: Ting-Lu\n|-supereffective|p2a: Ting-Lu\n|-damage|p2a: Ting-Lu|17\/100\n|move|p2a: Ting-Lu|Whirlwind|p1a: Palkia\n|drag|p1a: Determination|Arceus-Fighting|100\/100\n|\n|-heal|p2a: Ting-Lu|24\/100|[from] item: Leftovers\n|upkeep\n|turn|9\n|\n|t:|1699496995\n|move|p1a: Determination|Swords Dance|p1a: Determination\n|-boost|p1a: Determination|atk|2\n|move|p2a: Ting-Lu|Spikes|p1a: Determination\n|-sidestart|p1: MegaBrownie|Spikes\n|\n|-heal|p2a: Ting-Lu|30\/100|[from] item: Leftovers\n|upkeep\n|turn|10\n|\n|t:|1699497006\n|move|p1a: Determination|Brick Break|p2a: Ting-Lu\n|-supereffective|p2a: Ting-Lu\n|-damage|p2a: Ting-Lu|0 fnt\n|faint|p2a: Ting-Lu\n|\n|upkeep\n|\n|t:|1699497025\n|switch|p2a: Miraidon|Miraidon|100\/100\n|-fieldstart|move: Electric Terrain|[from] ability: Hadron Engine|[of] p2a: Miraidon\n|turn|11\n|\n|t:|1699497046\n|-terastallize|p2a: Miraidon|Fairy\n|move|p2a: Miraidon|Calm Mind|p2a: Miraidon\n|-boost|p2a: Miraidon|spa|1\n|-boost|p2a: Miraidon|spd|1\n|move|p1a: Determination|Earthquake|p2a: Miraidon\n|-damage|p2a: Miraidon|38\/100\n|\n|upkeep\n|turn|12\n|\n|t:|1699497058\n|move|p1a: Determination|Extreme Speed|p2a: Miraidon\n|-damage|p2a: Miraidon|0 fnt\n|faint|p2a: Miraidon\n|\n|upkeep\n|\n|t:|1699497068\n|switch|p2a: Koraidon|Koraidon|100\/100\n|-activate|p2a: Koraidon|move: Sticky Web\n|-unboost|p2a: Koraidon|spe|1\n|-weather|SunnyDay|[from] ability: Orichalcum Pulse|[of] p2a: Koraidon\n|-activate|p2a: Koraidon|Orichalcum Pulse|[source]\n|turn|13\n|\n|t:|1699497080\n|move|p1a: Determination|Brick Break|p2a: Koraidon\n|-damage|p2a: Koraidon|19\/100\n|move|p2a: Koraidon|Scale Shot|p1a: Determination\n|-damage|p1a: Determination|87\/100\n|-damage|p1a: Determination|73\/100\n|-damage|p1a: Determination|60\/100\n|-damage|p1a: Determination|46\/100\n|-hitcount|p1a: Determination|4\n|-unboost|p2a: Koraidon|def|1\n|-boost|p2a: Koraidon|spe|1\n|\n|-weather|SunnyDay|[upkeep]\n|upkeep\n|turn|14\n|\n|t:|1699497097\n|move|p1a: Determination|Extreme Speed|p2a: Koraidon\n|-damage|p2a: Koraidon|0 fnt\n|faint|p2a: Koraidon\n|\n|-weather|SunnyDay|[upkeep]\n|upkeep\n|\n|t:|1699497100\n|switch|p2a: Arceus|Arceus|100\/100\n|turn|15\n|\n|t:|1699497107\n|move|p2a: Arceus|Extreme Speed|p1a: Determination\n|-damage|p1a: Determination|12\/100\n|move|p1a: Determination|Brick Break|p2a: Arceus\n|-supereffective|p2a: Arceus\n|-damage|p2a: Arceus|0 fnt\n|faint|p2a: Arceus\n|\n|-weather|SunnyDay|[upkeep]\n|-fieldend|move: Electric Terrain\n|upkeep\n|-message|sffeep forfeited.\n|\n|win|MegaBrownie\n|raw|MegaBrownie's rating: 1234 &rarr; <strong>1266<\/strong><br \/>(+32 for winning)\n|raw|sffeep's rating: 1330 &rarr; <strong>1305<\/strong><br \/>(-25 for losing)\n|l|\u2606sffeep\n|l|\u2606MegaBrownie\n|j|\u2606MegaBrownie\n|player|p1|MegaBrownie|2\n","uploadtime":1699497255,"views":14,"p1id":"megabrownie","p2id":"sffeep","formatid":"gen9ubers","rating":1266,"private":0,"password":""}