{"id":"gen9ubers-1978394344","p1":"Kinesquared","p2":"RubenPaCe","format":"[Gen 9] Ubers","log":"|j|\u2606Kinesquared\n|j|\u2606RubenPaCe\n|t:|1698533320\n|gametype|singles\n|player|p1|Kinesquared|scientist-gen4dp|\n|player|p2|RubenPaCe|2|\n|teamsize|p1|6\n|teamsize|p2|6\n|gen|9\n|tier|[Gen 9] Ubers\n|rule|Sleep Clause Mod: Limit one foe put to sleep\n|rule|Species Clause: Limit one of each Pok\u00e9mon\n|rule|OHKO Clause: OHKO moves are banned\n|rule|Evasion Items Clause: Evasion items are banned\n|rule|Evasion Moves Clause: Evasion moves are banned\n|rule|Endless Battle Clause: Forcing endless battles is banned\n|rule|HP Percentage Mod: HP is shown in percentages\n|clearpoke\n|poke|p1|Magearna|\n|poke|p1|Ursaluna, F|\n|poke|p1|Dialga|\n|poke|p1|Hoopa-Unbound|\n|poke|p1|Cinderace, M|\n|poke|p1|Arceus-Poison|\n|poke|p2|Pelipper, M|\n|poke|p2|Palafin, M|\n|poke|p2|Basculegion-F, F|\n|poke|p2|Magearna|\n|poke|p2|Arceus-Poison|\n|poke|p2|Dialga|\n|teampreview\n|c|\u2606RubenPaCe|let's hope this goes well\n|c|\u2606RubenPaCe|hf\n|c|\u2606Kinesquared|gl\n|\n|t:|1698533341\n|start\n|switch|p1a: Magearna|Magearna|100\/100\n|switch|p2a: Arceus|Arceus-Poison|100\/100\n|turn|1\n|\n|t:|1698533346\n|move|p2a: Arceus|Taunt|p1a: Magearna\n|-start|p1a: Magearna|move: Taunt\n|cant|p1a: Magearna|move: Taunt|Trick Room\n|\n|upkeep\n|turn|2\n|j| Pajoomas!\n|\n|t:|1698533356\n|switch|p1a: Dialga|Dialga|100\/100\n|-ability|p1a: Dialga|Pressure\n|move|p2a: Arceus|Calm Mind|p2a: Arceus\n|-boost|p2a: Arceus|spa|1\n|-boost|p2a: Arceus|spd|1\n|\n|upkeep\n|turn|3\n|\n|t:|1698533364\n|move|p2a: Arceus|Taunt|p1a: Dialga\n|-start|p1a: Dialga|move: Taunt\n|cant|p1a: Dialga|move: Taunt|Trick Room\n|\n|upkeep\n|turn|4\n|\n|t:|1698533368\n|switch|p1a: Hoopa|Hoopa-Unbound|100\/100\n|move|p2a: Arceus|Earth Power|p1a: Hoopa\n|-damage|p1a: Hoopa|81\/100\n|\n|upkeep\n|turn|5\n|\n|t:|1698533385\n|move|p2a: Arceus|Judgment|p1a: Hoopa\n|-damage|p1a: Hoopa|44\/100\n|move|p1a: Hoopa|Knock Off|p2a: Arceus\n|-damage|p2a: Arceus|70\/100\n|\n|upkeep\n|turn|6\n|\n|t:|1698533392\n|switch|p1a: Magearna|Magearna|100\/100\n|move|p2a: Arceus|Taunt|p1a: Magearna\n|-start|p1a: Magearna|move: Taunt\n|\n|upkeep\n|turn|7\n|\n|t:|1698533401\n|switch|p1a: Dialga|Dialga|100\/100\n|-ability|p1a: Dialga|Pressure\n|move|p2a: Arceus|Earth Power|p1a: Dialga\n|-supereffective|p1a: Dialga\n|-damage|p1a: Dialga|41\/100\n|\n|upkeep\n|turn|8\n|\n|t:|1698533413\n|-terastallize|p1a: Dialga|Flying\n|move|p2a: Arceus|Taunt|p1a: Dialga\n|-start|p1a: Dialga|move: Taunt\n|move|p1a: Dialga|Earth Power|p2a: Arceus\n|-supereffective|p2a: Arceus\n|-damage|p2a: Arceus|34\/100\n|\n|upkeep\n|turn|9\n|\n|t:|1698533424\n|move|p2a: Arceus|Judgment|p1a: Dialga\n|-damage|p1a: Dialga|0 fnt\n|faint|p1a: Dialga\n|\n|upkeep\n|c|\u2606Kinesquared|you don't have recover?\n|c|\u2606Kinesquared|madlad\n|\n|t:|1698533438\n|switch|p1a: Hoopa|Hoopa-Unbound|44\/100\n|turn|10\n|c|\u2606RubenPaCe|well this is a more offensive team so\n|c|\u2606Kinesquared|i guess so\n|c|\u2606RubenPaCe|what even is the point\n|c|\u2606RubenPaCe|also more dead mons = better basculegion\n|\n|t:|1698533460\n|move|p2a: Arceus|Taunt|p1a: Hoopa\n|-start|p1a: Hoopa|move: Taunt\n|move|p1a: Hoopa|Knock Off|p2a: Arceus\n|-damage|p2a: Arceus|4\/100\n|\n|upkeep\n|turn|11\n|\n|t:|1698533467\n|move|p2a: Arceus|Judgment|p1a: Hoopa\n|-damage|p1a: Hoopa|10\/100\n|move|p1a: Hoopa|Knock Off|p2a: Arceus\n|-damage|p2a: Arceus|0 fnt\n|faint|p2a: Arceus\n|\n|upkeep\n|\n|t:|1698533471\n|switch|p2a: Palafin|Palafin, M|100\/100\n|turn|12\n|\n|t:|1698533477\n|move|p2a: Palafin|Flip Turn|p1a: Hoopa\n|-damage|p1a: Hoopa|0 fnt\n|faint|p1a: Hoopa\n|\n|t:|1698533485\n|detailschange|p2a: Palafin|Palafin-Hero, M\n|switch|p2a: Basculegion|Basculegion-F, F|100\/100|[from] Flip Turn\n|\n|upkeep\n|\n|t:|1698533488\n|switch|p1a: Magearna|Magearna|100\/100\n|turn|13\n|\n|t:|1698533493\n|switch|p2a: Magearna|Magearna|100\/100\n|move|p1a: Magearna|Trick Room|p1a: Magearna\n|-fieldstart|move: Trick Room|[of] p1a: Magearna\n|\n|upkeep\n|turn|14\n|\n|t:|1698533499\n|move|p1a: Magearna|Volt Switch|p2a: Magearna\n|-damage|p2a: Magearna|84\/100\n|\n|t:|1698533502\n|switch|p1a: Ursaluna|Ursaluna, F|100\/100|[from] Volt Switch\n|move|p2a: Magearna|Fleur Cannon|p1a: Ursaluna\n|-damage|p1a: Ursaluna|50\/100\n|-unboost|p2a: Magearna|spa|2\n|\n|-heal|p2a: Magearna|90\/100|[from] item: Leftovers\n|-status|p1a: Ursaluna|brn|[from] item: Flame Orb\n|upkeep\n|turn|15\n|\n|t:|1698533520\n|move|p1a: Ursaluna|Facade|p2a: Magearna\n|-resisted|p2a: Magearna\n|-damage|p2a: Magearna|47\/100\n|move|p2a: Magearna|Spikes|p1a: Ursaluna\n|-sidestart|p1: Kinesquared|Spikes\n|\n|-heal|p2a: Magearna|53\/100|[from] item: Leftovers\n|-damage|p1a: Ursaluna|44\/100 brn|[from] brn\n|upkeep\n|turn|16\n|\n|t:|1698533528\n|move|p1a: Ursaluna|Headlong Rush|p2a: Magearna\n|-supereffective|p2a: Magearna\n|-damage|p2a: Magearna|0 fnt\n|-unboost|p1a: Ursaluna|def|1\n|-unboost|p1a: Ursaluna|spd|1\n|faint|p2a: Magearna\n|\n|-damage|p1a: Ursaluna|38\/100 brn|[from] brn\n|upkeep\n|\n|t:|1698533530\n|switch|p2a: Palafin|Palafin-Hero, M|100\/100\n|-activate|p2a: Palafin|ability: Zero to Hero\n|turn|17\n|c|\u2606Kinesquared|i played myself gd\n|\n|t:|1698533540\n|switch|p1a: Arceus|Arceus-Poison|100\/100\n|-damage|p1a: Arceus|88\/100|[from] Spikes\n|move|p2a: Palafin|Jet Punch|p1a: Arceus\n|-damage|p1a: Arceus|47\/100\n|\n|-fieldend|move: Trick Room\n|upkeep\n|turn|18\n|\n|t:|1698533547\n|-terastallize|p2a: Palafin|Water\n|move|p2a: Palafin|Jet Punch|p1a: Arceus\n|-damage|p1a: Arceus|0 fnt\n|faint|p1a: Arceus\n|\n|upkeep\n|\n|t:|1698533553\n|switch|p1a: Magearna|Magearna|100\/100\n|-damage|p1a: Magearna|88\/100|[from] Spikes\n|turn|19\n|\n|t:|1698533557\n|switch|p2a: Pelipper|Pelipper, M|100\/100\n|-weather|RainDance|[from] ability: Drizzle|[of] p2a: Pelipper\n|move|p1a: Magearna|Volt Switch|p2a: Pelipper\n|-supereffective|p2a: Pelipper\n|-damage|p2a: Pelipper|0 fnt\n|faint|p2a: Pelipper\n|-ability|p1a: Magearna|Soul-Heart|boost\n|-boost|p1a: Magearna|spa|1\n|\n|t:|1698533566\n|switch|p1a: Ursaluna|Ursaluna, F|38\/100 brn|[from] Volt Switch\n|-damage|p1a: Ursaluna|26\/100 brn|[from] Spikes\n|\n|-weather|RainDance|[upkeep]\n|-damage|p1a: Ursaluna|20\/100 brn|[from] brn\n|upkeep\n|\n|t:|1698533569\n|switch|p2a: Palafin|Palafin-Hero, M, tera:Water|100\/100\n|turn|20\n|\n|t:|1698533577\n|switch|p1a: Cinderace|Cinderace, M|100\/100\n|move|p2a: Palafin|Jet Punch|p1a: Cinderace\n|-supereffective|p1a: Cinderace\n|-damage|p1a: Cinderace|0 fnt\n|faint|p1a: Cinderace\n|\n|-weather|RainDance|[upkeep]\n|upkeep\n|\n|t:|1698533583\n|switch|p1a: Magearna|Magearna|88\/100\n|-damage|p1a: Magearna|76\/100|[from] Spikes\n|turn|21\n|c|\u2606RubenPaCe|no way it lives right?\n|\n|t:|1698533590\n|move|p2a: Palafin|Jet Punch|p1a: Magearna\n|-damage|p1a: Magearna|0 fnt\n|faint|p1a: Magearna\n|\n|-weather|RainDance|[upkeep]\n|upkeep\n|c|\u2606RubenPaCe|okay thank god\n|c|\u2606Kinesquared|gg\n|\n|t:|1698533596\n|switch|p1a: Ursaluna|Ursaluna, F|20\/100 brn\n|-damage|p1a: Ursaluna|8\/100 brn|[from] Spikes\n|turn|22\n|c|\u2606RubenPaCe|gg\n|c|\u2606Kinesquared|i think my arc is the weak part of the team surprisingly\n|\n|t:|1698533611\n|move|p2a: Palafin|Jet Punch|p1a: Ursaluna\n|-supereffective|p1a: Ursaluna\n|-damage|p1a: Ursaluna|0 fnt\n|faint|p1a: Ursaluna\n|\n|win|RubenPaCe\n|l|\u2606Kinesquared\n|c|\u2606RubenPaCe|I have to say, it's very weird to have a cinderace on a trick room team\n|l| Pajoomas!\n|l|\u2606RubenPaCe\n|j| leonissenbaum\n|l| leonissenbaum\n|j|\u2606Kinesquared\n|player|p1|Kinesquared|scientist-gen4dp\n","uploadtime":1698533632,"views":11,"p1id":"kinesquared","p2id":"rubenpace","formatid":"gen9ubers","rating":0,"private":0,"password":""}