{"id":"gen9ubers-1983293726","p1":"Truky","p2":"sisyphus17","format":"[Gen 9] Ubers","log":"|j|\u2606Truky\n|j|\u2606sisyphus17\n|t:|1699115070\n|gametype|singles\n|player|p1|Truky|2|1023\n|player|p2|sisyphus17|265|1138\n|teamsize|p1|6\n|teamsize|p2|6\n|gen|9\n|tier|[Gen 9] Ubers\n|rated|\n|rule|Sleep Clause Mod: Limit one foe put to sleep\n|rule|Species Clause: Limit one of each Pok\u00e9mon\n|rule|OHKO Clause: OHKO moves are banned\n|rule|Evasion Items Clause: Evasion items are banned\n|rule|Evasion Moves Clause: Evasion moves are banned\n|rule|Endless Battle Clause: Forcing endless battles is banned\n|rule|HP Percentage Mod: HP is shown in percentages\n|clearpoke\n|poke|p1|Ninetales-Alola, F|\n|poke|p1|Ogerpon-Hearthflame, F|\n|poke|p1|Ursaluna-Bloodmoon, M|\n|poke|p1|Roaring Moon|\n|poke|p1|Dragonite, M|\n|poke|p1|Urshifu-*, M|\n|poke|p2|Chi-Yu|\n|poke|p2|Baxcalibur, F|\n|poke|p2|Ogerpon-Hearthflame, F|\n|poke|p2|Kyogre|\n|poke|p2|Urshifu-*, F|\n|poke|p2|Koraidon|\n|teampreview\n|\n|t:|1699115091\n|start\n|switch|p1a: Ninetales|Ninetales-Alola, F|100\/100\n|switch|p2a: Baxcalibur|Baxcalibur, F|100\/100\n|-weather|Snow|[from] ability: Snow Warning|[of] p1a: Ninetales\n|turn|1\n|\n|t:|1699115097\n|move|p1a: Ninetales|Aurora Veil|p1a: Ninetales\n|-sidestart|p1: Truky|move: Aurora Veil\n|move|p2a: Baxcalibur|Dragon Dance|p2a: Baxcalibur\n|-boost|p2a: Baxcalibur|atk|1\n|-boost|p2a: Baxcalibur|spe|1\n|\n|-weather|Snow|[upkeep]\n|upkeep\n|turn|2\n|\n|t:|1699115104\n|move|p2a: Baxcalibur|Earthquake|p1a: Ninetales\n|-damage|p1a: Ninetales|68\/100\n|move|p1a: Ninetales|Blizzard|p2a: Baxcalibur\n|-damage|p2a: Baxcalibur|57\/100\n|\n|-weather|Snow|[upkeep]\n|upkeep\n|turn|3\n|\n|t:|1699115108\n|move|p2a: Baxcalibur|Earthquake|p1a: Ninetales\n|-damage|p1a: Ninetales|35\/100\n|move|p1a: Ninetales|Blizzard|p2a: Baxcalibur\n|-damage|p2a: Baxcalibur|15\/100\n|\n|-weather|Snow|[upkeep]\n|upkeep\n|turn|4\n|\n|t:|1699115112\n|move|p2a: Baxcalibur|Earthquake|p1a: Ninetales\n|-damage|p1a: Ninetales|5\/100\n|move|p1a: Ninetales|Blizzard|p2a: Baxcalibur\n|-damage|p2a: Baxcalibur|0 fnt\n|faint|p2a: Baxcalibur\n|\n|-weather|Snow|[upkeep]\n|upkeep\n|\n|t:|1699115116\n|switch|p2a: Kyogre|Kyogre|100\/100\n|-weather|RainDance|[from] ability: Drizzle|[of] p2a: Kyogre\n|turn|5\n|l|\u2606Truky\n|player|p1|\n|j|\u2606Truky\n|player|p1|Truky|2\n|inactive|Battle timer is ON: inactive players will automatically lose when time's up. (requested by sisyphus17)\n|\n|t:|1699115169\n|switch|p1a: Ogerpon|Ogerpon-Hearthflame, F|100\/100\n|-ability|p1a: Ogerpon|Mold Breaker\n|move|p2a: Kyogre|Water Spout|p1a: Ogerpon\n|-damage|p1a: Ogerpon|0 fnt\n|faint|p1a: Ogerpon\n|\n|-weather|RainDance|[upkeep]\n|upkeep\n|\n|t:|1699115177\n|switch|p1a: Roaring Moon|Roaring Moon|100\/100\n|-enditem|p1a: Roaring Moon|Booster Energy\n|-activate|p1a: Roaring Moon|ability: Protosynthesis|[fromitem]\n|-start|p1a: Roaring Moon|protosynthesisatk\n|turn|6\n|\n|t:|1699115180\n|move|p1a: Roaring Moon|Knock Off|p2a: Kyogre\n|-damage|p2a: Kyogre|28\/100\n|-enditem|p2a: Kyogre|Choice Specs|[from] move: Knock Off|[of] p1a: Roaring Moon\n|move|p2a: Kyogre|Water Spout|p1a: Roaring Moon\n|-resisted|p1a: Roaring Moon\n|-damage|p1a: Roaring Moon|91\/100\n|\n|-weather|RainDance|[upkeep]\n|upkeep\n|turn|7\n|\n|t:|1699115186\n|move|p1a: Roaring Moon|Dragon Dance|p1a: Roaring Moon\n|-boost|p1a: Roaring Moon|atk|1\n|-boost|p1a: Roaring Moon|spe|1\n|move|p2a: Kyogre|Ice Beam|p1a: Roaring Moon\n|-supereffective|p1a: Roaring Moon\n|-damage|p1a: Roaring Moon|52\/100\n|\n|-weather|RainDance|[upkeep]\n|upkeep\n|turn|8\n|\n|t:|1699115190\n|move|p1a: Roaring Moon|Knock Off|p2a: Kyogre\n|-damage|p2a: Kyogre|0 fnt\n|faint|p2a: Kyogre\n|\n|-weather|RainDance|[upkeep]\n|-sideend|p1: Truky|move: Aurora Veil\n|upkeep\n|\n|t:|1699115196\n|switch|p2a: Urshifu|Urshifu-Rapid-Strike, F|100\/100\n|turn|9\n|\n|t:|1699115208\n|-terastallize|p1a: Roaring Moon|Fairy\n|move|p1a: Roaring Moon|Tera Blast|p2a: Urshifu|[anim] Tera Blast Fairy\n|-supereffective|p2a: Urshifu\n|-damage|p2a: Urshifu|0 fnt\n|faint|p2a: Urshifu\n|\n|-weather|none\n|upkeep\n|\n|t:|1699115212\n|switch|p2a: Ogerpon|Ogerpon-Hearthflame, F|100\/100\n|-ability|p2a: Ogerpon|Mold Breaker\n|turn|10\n|\n|t:|1699115218\n|-terastallize|p2a: Ogerpon|Fire\n|detailschange|p2a: Ogerpon|Ogerpon-Hearthflame-Tera, F, tera:Fire\n|-ability|p2a: Ogerpon|Embody Aspect (Hearthflame)|boost\n|-boost|p2a: Ogerpon|atk|1\n|move|p1a: Roaring Moon|Earthquake|p2a: Ogerpon\n|-supereffective|p2a: Ogerpon\n|-damage|p2a: Ogerpon|0 fnt\n|faint|p2a: Ogerpon\n|\n|upkeep\n|\n|t:|1699115220\n|switch|p2a: Koraidon|Koraidon|100\/100\n|-weather|SunnyDay|[from] ability: Orichalcum Pulse|[of] p2a: Koraidon\n|-activate|p2a: Koraidon|Orichalcum Pulse|[source]\n|turn|11\n|\n|t:|1699115226\n|move|p1a: Roaring Moon|Tera Blast|p2a: Koraidon|[anim] Tera Blast Fairy\n|-supereffective|p2a: Koraidon\n|-damage|p2a: Koraidon|0 fnt\n|faint|p2a: Koraidon\n|\n|-weather|SunnyDay|[upkeep]\n|upkeep\n|\n|t:|1699115228\n|switch|p2a: Chi-Yu|Chi-Yu|100\/100\n|-ability|p2a: Chi-Yu|Beads of Ruin\n|turn|12\n|\n|t:|1699115233\n|move|p1a: Roaring Moon|Earthquake|p2a: Chi-Yu\n|-supereffective|p2a: Chi-Yu\n|-damage|p2a: Chi-Yu|0 fnt\n|faint|p2a: Chi-Yu\n|\n|win|Truky\n|raw|Truky's rating: 1023 &rarr; <strong>1071<\/strong><br \/>(+48 for winning)\n|raw|sisyphus17's rating: 1138 &rarr; <strong>1105<\/strong><br \/>(-33 for losing)\n|l|\u2606sisyphus17\n","uploadtime":1699115269,"views":10,"p1id":"truky","p2id":"sisyphus17","formatid":"gen9ubers","rating":1071,"private":0,"password":""}