{"id":"gen9ubers-1993454907","p1":"Miebaso11","p2":"SeventhGod77","format":"[Gen 9] Ubers","log":"|j|\u2606Miebaso11\n|j|\u2606SeventhGod77\n|t:|1700319979\n|gametype|singles\n|player|p1|Miebaso11|hilda-wonderlauncher|\n|player|p2|SeventhGod77|bugcatcher-gen4dp|\n|teamsize|p1|6\n|teamsize|p2|6\n|gen|9\n|tier|[Gen 9] Ubers\n|rule|Sleep Clause Mod: Limit one foe put to sleep\n|rule|Species Clause: Limit one of each Pok\u00e9mon\n|rule|OHKO Clause: OHKO moves are banned\n|rule|Evasion Items Clause: Evasion items are banned\n|rule|Evasion Moves Clause: Evasion moves are banned\n|rule|Endless Battle Clause: Forcing endless battles is banned\n|rule|HP Percentage Mod: HP is shown in percentages\n|clearpoke\n|poke|p1|Walking Wake|\n|poke|p1|Garchomp, F|\n|poke|p1|Meowscarada, M|\n|poke|p1|Masquerain, M|\n|poke|p1|Arceus-Poison|\n|poke|p1|Ursaluna-Bloodmoon, M|\n|poke|p2|Gholdengo|\n|poke|p2|Chi-Yu|\n|poke|p2|Ursaluna-Bloodmoon, M|\n|poke|p2|Iron Valiant|\n|poke|p2|Cyclizar, M|\n|poke|p2|Moltres|\n|teampreview\n|inactive|Battle timer is ON: inactive players will automatically lose when time's up. (requested by Miebaso11)\n|\n|t:|1700320008\n|start\n|switch|p1a: Masquerain|Masquerain, M|100\/100\n|switch|p2a: Cyclizar|Cyclizar, M|100\/100\n|-ability|p1a: Masquerain|Intimidate|boost\n|-unboost|p2a: Cyclizar|atk|1\n|turn|1\n|\n|t:|1700320017\n|move|p2a: Cyclizar|Overheat|p1a: Masquerain\n|-supereffective|p1a: Masquerain\n|-damage|p1a: Masquerain|11\/100\n|-unboost|p2a: Cyclizar|spa|2\n|move|p1a: Masquerain|Sticky Web|p2a: Cyclizar\n|-sidestart|p2: SeventhGod77|move: Sticky Web\n|\n|upkeep\n|turn|2\n|\n|t:|1700320027\n|move|p2a: Cyclizar|Rapid Spin|p1a: Masquerain\n|-damage|p1a: Masquerain|0 fnt\n|-boost|p2a: Cyclizar|spe|1\n|-sideend|p2: SeventhGod77|Sticky Web|[from] move: Rapid Spin|[of] p2a: Cyclizar\n|faint|p1a: Masquerain\n|\n|upkeep\n|\n|t:|1700320047\n|switch|p1a: Arceus|Arceus-Poison|100\/100\n|turn|3\n|\n|t:|1700320055\n|move|p2a: Cyclizar|U-turn|p1a: Arceus\n|-resisted|p1a: Arceus\n|-damage|p1a: Arceus|97\/100\n|\n|t:|1700320058\n|switch|p2a: Gholdengo|Gholdengo|100\/100|[from] U-turn\n|-item|p2a: Gholdengo|Air Balloon\n|move|p1a: Arceus|Swords Dance|p1a: Arceus\n|-boost|p1a: Arceus|atk|2\n|\n|upkeep\n|turn|4\n|\n|t:|1700320072\n|switch|p1a: Walking Wake|Walking Wake|100\/100\n|move|p2a: Gholdengo|Nasty Plot|p2a: Gholdengo\n|-boost|p2a: Gholdengo|spa|2\n|\n|upkeep\n|turn|5\n|inactive|SeventhGod77 has 270 seconds left.\n|\n|t:|1700320112\n|move|p1a: Walking Wake|Flamethrower|p2a: Gholdengo\n|-supereffective|p2a: Gholdengo\n|-damage|p2a: Gholdengo|18\/100\n|-enditem|p2a: Gholdengo|Air Balloon\n|move|p2a: Gholdengo|Shadow Ball|p1a: Walking Wake\n|-damage|p1a: Walking Wake|4\/100\n|\n|upkeep\n|turn|6\n|\n|t:|1700320128\n|move|p1a: Walking Wake|Flamethrower|p2a: Gholdengo\n|-supereffective|p2a: Gholdengo\n|-damage|p2a: Gholdengo|0 fnt\n|faint|p2a: Gholdengo\n|\n|upkeep\n|\n|t:|1700320130\n|switch|p2a: Ursaluna|Ursaluna-Bloodmoon, M|100\/100\n|turn|7\n|\n|t:|1700320144\n|move|p2a: Ursaluna|Vacuum Wave|p1a: Walking Wake\n|-damage|p1a: Walking Wake|0 fnt\n|faint|p1a: Walking Wake\n|-end|p1a: Walking Wake|Protosynthesis|[silent]\n|\n|upkeep\n|\n|t:|1700320155\n|switch|p1a: Arceus|Arceus-Poison|97\/100\n|turn|8\n|inactive|SeventhGod77 has 270 seconds left.\n|\n|t:|1700320163\n|move|p1a: Arceus|Swords Dance|p1a: Arceus\n|-boost|p1a: Arceus|atk|2\n|move|p2a: Ursaluna|Calm Mind|p2a: Ursaluna\n|-boost|p2a: Ursaluna|spa|1\n|-boost|p2a: Ursaluna|spd|1\n|\n|upkeep\n|turn|9\n|\n|t:|1700320171\n|move|p1a: Arceus|Swords Dance|p1a: Arceus\n|-boost|p1a: Arceus|atk|2\n|move|p2a: Ursaluna|Blood Moon|p1a: Arceus\n|-damage|p1a: Arceus|0 fnt\n|faint|p1a: Arceus\n|\n|upkeep\n|\n|t:|1700320188\n|switch|p1a: Garchomp|Garchomp, F|100\/100\n|turn|10\n|\n|t:|1700320202\n|move|p1a: Garchomp|Swords Dance|p1a: Garchomp\n|-boost|p1a: Garchomp|atk|2\n|move|p2a: Ursaluna|Calm Mind|p2a: Ursaluna\n|-boost|p2a: Ursaluna|spa|1\n|-boost|p2a: Ursaluna|spd|1\n|\n|upkeep\n|turn|11\n|inactive|Miebaso11 has 270 seconds left.\n|\n|t:|1700320238\n|-terastallize|p1a: Garchomp|Steel\n|move|p1a: Garchomp|Scale Shot|p2a: Ursaluna\n|-damage|p2a: Ursaluna|82\/100\n|-damage|p2a: Ursaluna|65\/100\n|-damage|p2a: Ursaluna|49\/100\n|-damage|p2a: Ursaluna|30\/100\n|-hitcount|p2a: Ursaluna|4\n|-unboost|p1a: Garchomp|def|1\n|-boost|p1a: Garchomp|spe|1\n|move|p2a: Ursaluna|Blood Moon|p1a: Garchomp\n|-resisted|p1a: Garchomp\n|-damage|p1a: Garchomp|9\/100\n|\n|upkeep\n|turn|12\n|\n|t:|1700320257\n|move|p2a: Ursaluna|Vacuum Wave|p1a: Garchomp\n|-supereffective|p1a: Garchomp\n|-damage|p1a: Garchomp|0 fnt\n|faint|p1a: Garchomp\n|\n|upkeep\n|\n|t:|1700320259\n|switch|p1a: Meowscarada|Meowscarada, M|100\/100\n|turn|13\n|inactive|Miebaso11 has 240 seconds left.\n|\n|t:|1700320290\n|-terastallize|p2a: Ursaluna|Fighting\n|move|p2a: Ursaluna|Vacuum Wave|p1a: Meowscarada\n|-supereffective|p1a: Meowscarada\n|-damage|p1a: Meowscarada|0 fnt\n|faint|p1a: Meowscarada\n|\n|upkeep\n|\n|t:|1700320294\n|switch|p1a: Ursaluna|Ursaluna-Bloodmoon, M|100\/100\n|turn|14\n|\n|t:|1700320302\n|move|p2a: Ursaluna|Vacuum Wave|p1a: Ursaluna\n|-supereffective|p1a: Ursaluna\n|-damage|p1a: Ursaluna|0 fnt\n|faint|p1a: Ursaluna\n|\n|win|SeventhGod77\n|l|\u2606Miebaso11\n|c|\u2606SeventhGod77|Ggwp\n","uploadtime":1700320317,"views":28,"p1id":"miebaso11","p2id":"seventhgod77","formatid":"gen9ubers","rating":0,"private":0,"password":""}