{"id":"gen9ubers-1974958244","p1":"AmGeiii","p2":"RUMYMOME","format":"[Gen 9] Ubers","log":"|j|\u2606AmGeiii\n|j|\u2606RUMYMOME\n|inactive|Battle timer is ON: inactive players will automatically lose when time's up.\n|t:|1698149429\n|gametype|singles\n|player|p1|AmGeiii|265|\n|player|p2|RUMYMOME|marshal|\n|teamsize|p1|6\n|teamsize|p2|6\n|gen|9\n|tier|[Gen 9] Ubers\n|rated|Tournament battle\n|rule|Sleep Clause Mod: Limit one foe put to sleep\n|rule|Species Clause: Limit one of each Pok\u00e9mon\n|rule|OHKO Clause: OHKO moves are banned\n|rule|Evasion Items Clause: Evasion items are banned\n|rule|Evasion Moves Clause: Evasion moves are banned\n|rule|Endless Battle Clause: Forcing endless battles is banned\n|rule|HP Percentage Mod: HP is shown in percentages\n|clearpoke\n|poke|p1|Landorus, M|\n|poke|p1|Ribombee, M|\n|poke|p1|Gholdengo|\n|poke|p1|Chien-Pao|\n|poke|p1|Mewtwo|\n|poke|p1|Ting-Lu|\n|poke|p2|Walking Wake|\n|poke|p2|Flutter Mane|\n|poke|p2|Roaring Moon|\n|poke|p2|Chien-Pao|\n|poke|p2|Torkoal, M|\n|poke|p2|Chi-Yu|\n|teampreview\n|j|*Lady Monita \u263d\n|\n|t:|1698149434\n|start\n|switch|p1a: Ribombee|Ribombee, M|100\/100\n|switch|p2a: Chien-Pao|Chien-Pao|100\/100\n|-ability|p2a: Chien-Pao|Sword of Ruin\n|turn|1\n|\n|t:|1698149437\n|move|p2a: Chien-Pao|Icicle Crash|p1a: Ribombee\n|-enditem|p1a: Ribombee|Focus Sash\n|-damage|p1a: Ribombee|1\/100\n|move|p1a: Ribombee|Sticky Web|p2a: Chien-Pao\n|-sidestart|p2: RUMYMOME|move: Sticky Web\n|\n|upkeep\n|turn|2\n|\n|t:|1698149444\n|move|p2a: Chien-Pao|Icicle Crash|p1a: Ribombee\n|-damage|p1a: Ribombee|0 fnt\n|faint|p1a: Ribombee\n|\n|upkeep\n|\n|t:|1698149447\n|switch|p1a: Gholdengo|Gholdengo|100\/100\n|turn|3\n|\n|t:|1698149449\n|move|p1a: Gholdengo|Make It Rain|p2a: Chien-Pao\n|-supereffective|p2a: Chien-Pao\n|-enditem|p2a: Chien-Pao|Focus Sash\n|-damage|p2a: Chien-Pao|1\/100\n|-unboost|p1a: Gholdengo|spa|1\n|move|p2a: Chien-Pao|Crunch|p1a: Gholdengo\n|-supereffective|p1a: Gholdengo\n|-damage|p1a: Gholdengo|0 fnt\n|faint|p1a: Gholdengo\n|\n|upkeep\n|\n|t:|1698149457\n|switch|p1a: Chien-Pao|Chien-Pao|100\/100\n|-ability|p1a: Chien-Pao|Sword of Ruin\n|turn|4\n|\n|t:|1698149462\n|move|p1a: Chien-Pao|Sucker Punch|p2a: Chien-Pao\n|-resisted|p2a: Chien-Pao\n|-damage|p2a: Chien-Pao|0 fnt\n|faint|p2a: Chien-Pao\n|\n|upkeep\n|\n|t:|1698149465\n|switch|p2a: Torkoal|Torkoal, M|100\/100\n|-activate|p2a: Torkoal|move: Sticky Web\n|-unboost|p2a: Torkoal|spe|1\n|-weather|SunnyDay|[from] ability: Drought|[of] p2a: Torkoal\n|turn|5\n|\n|t:|1698149470\n|move|p1a: Chien-Pao|Swords Dance|p1a: Chien-Pao\n|-boost|p1a: Chien-Pao|atk|2\n|move|p2a: Torkoal|Rapid Spin|p1a: Chien-Pao\n|-damage|p1a: Chien-Pao|87\/100\n|-boost|p2a: Torkoal|spe|1\n|-sideend|p2: RUMYMOME|Sticky Web|[from] move: Rapid Spin|[of] p2a: Torkoal\n|\n|-weather|SunnyDay|[upkeep]\n|upkeep\n|turn|6\n|\n|t:|1698149474\n|move|p1a: Chien-Pao|Crunch|p2a: Torkoal\n|-damage|p2a: Torkoal|21\/100\n|-unboost|p2a: Torkoal|def|1\n|move|p2a: Torkoal|Fire Blast|p1a: Chien-Pao\n|-supereffective|p1a: Chien-Pao\n|-damage|p1a: Chien-Pao|0 fnt\n|faint|p1a: Chien-Pao\n|\n|-weather|SunnyDay|[upkeep]\n|upkeep\n|\n|t:|1698149487\n|switch|p1a: Ting-Lu|Ting-Lu|100\/100\n|-ability|p1a: Ting-Lu|Vessel of Ruin\n|turn|7\n|\n|t:|1698149489\n|move|p1a: Ting-Lu|Stealth Rock|p2a: Torkoal\n|-sidestart|p2: RUMYMOME|move: Stealth Rock\n|move|p2a: Torkoal|Solar Beam||[still]\n|-prepare|p2a: Torkoal|Solar Beam\n|-anim|p2a: Torkoal|Solar Beam|p1a: Ting-Lu\n|-supereffective|p1a: Ting-Lu\n|-damage|p1a: Ting-Lu|73\/100\n|\n|-weather|SunnyDay|[upkeep]\n|upkeep\n|turn|8\n|\n|t:|1698149491\n|move|p1a: Ting-Lu|Spikes|p2a: Torkoal\n|-sidestart|p2: RUMYMOME|Spikes\n|move|p2a: Torkoal|Rapid Spin|p1a: Ting-Lu\n|-damage|p1a: Ting-Lu|67\/100\n|-boost|p2a: Torkoal|spe|1\n|-sideend|p2: RUMYMOME|Spikes|[from] move: Rapid Spin|[of] p2a: Torkoal\n|-sideend|p2: RUMYMOME|Stealth Rock|[from] move: Rapid Spin|[of] p2a: Torkoal\n|\n|-weather|SunnyDay|[upkeep]\n|upkeep\n|turn|9\n|\n|t:|1698149494\n|switch|p2a: Walking Wake|Walking Wake|100\/100\n|-activate|p2a: Walking Wake|ability: Protosynthesis\n|-start|p2a: Walking Wake|protosynthesisspe\n|move|p1a: Ting-Lu|Stealth Rock|p2a: Walking Wake\n|-sidestart|p2: RUMYMOME|move: Stealth Rock\n|\n|-weather|SunnyDay|[upkeep]\n|upkeep\n|turn|10\n|\n|t:|1698149498\n|move|p2a: Walking Wake|Hydro Steam|p1a: Ting-Lu\n|-supereffective|p1a: Ting-Lu\n|-damage|p1a: Ting-Lu|7\/100\n|-damage|p2a: Walking Wake|91\/100|[from] item: Life Orb\n|move|p1a: Ting-Lu|Whirlwind|p2a: Walking Wake\n|-end|p2a: Walking Wake|Protosynthesis|[silent]\n|drag|p2a: Roaring Moon|Roaring Moon|100\/100\n|-damage|p2a: Roaring Moon|88\/100|[from] Stealth Rock\n|-activate|p2a: Roaring Moon|ability: Protosynthesis\n|-start|p2a: Roaring Moon|protosynthesisatk\n|\n|-weather|SunnyDay|[upkeep]\n|upkeep\n|turn|11\n|\n|t:|1698149505\n|move|p2a: Roaring Moon|Iron Head|p1a: Ting-Lu\n|-damage|p1a: Ting-Lu|0 fnt\n|faint|p1a: Ting-Lu\n|\n|-weather|SunnyDay|[upkeep]\n|upkeep\n|\n|t:|1698149510\n|switch|p1a: Landorus|Landorus, M|100\/100\n|turn|12\n|\n|t:|1698149515\n|move|p2a: Roaring Moon|Scale Shot|p1a: Landorus\n|-damage|p1a: Landorus|79\/100\n|-damage|p1a: Landorus|56\/100\n|-damage|p1a: Landorus|34\/100\n|-damage|p1a: Landorus|13\/100\n|-hitcount|p1a: Landorus|4\n|-unboost|p2a: Roaring Moon|def|1\n|-boost|p2a: Roaring Moon|spe|1\n|move|p1a: Landorus|Earth Power|p2a: Roaring Moon\n|-damage|p2a: Roaring Moon|15\/100\n|\n|-weather|none\n|-end|p2a: Roaring Moon|Protosynthesis\n|upkeep\n|turn|13\n|\n|t:|1698149518\n|move|p2a: Roaring Moon|Scale Shot|p1a: Landorus\n|-damage|p1a: Landorus|0 fnt\n|faint|p1a: Landorus\n|-hitcount|p1: Landorus|1\n|-unboost|p2a: Roaring Moon|def|1\n|-boost|p2a: Roaring Moon|spe|1\n|\n|upkeep\n|\n|t:|1698149519\n|switch|p1a: Mewtwo|Mewtwo|100\/100\n|-ability|p1a: Mewtwo|Unnerve\n|turn|14\n|\n|t:|1698149522\n|-terastallize|p1a: Mewtwo|Fire\n|move|p2a: Roaring Moon|Scale Shot|p1a: Mewtwo\n|-damage|p1a: Mewtwo|85\/100\n|-damage|p1a: Mewtwo|70\/100\n|-damage|p1a: Mewtwo|56\/100\n|-damage|p1a: Mewtwo|41\/100\n|-damage|p1a: Mewtwo|26\/100\n|-hitcount|p1a: Mewtwo|5\n|-unboost|p2a: Roaring Moon|def|1\n|-boost|p2a: Roaring Moon|spe|1\n|move|p1a: Mewtwo|Flamethrower|p2a: Roaring Moon\n|-resisted|p2a: Roaring Moon\n|-damage|p2a: Roaring Moon|0 fnt\n|faint|p2a: Roaring Moon\n|-end|p2a: Roaring Moon|Protosynthesis|[silent]\n|\n|upkeep\n|c|\u2606AmGeiii|gg\n|\n|t:|1698149528\n|switch|p2a: Flutter Mane|Flutter Mane|100\/100\n|-damage|p2a: Flutter Mane|88\/100|[from] Stealth Rock\n|turn|15\n|inactive|AmGeiii has 120 seconds left.\n|j| ShionShadows\n|inactive|AmGeiii has 90 seconds left.\n|j| MrDrainPunch\n|\n|t:|1698149614\n|move|p2a: Flutter Mane|Shadow Ball|p1a: Mewtwo\n|-damage|p1a: Mewtwo|0 fnt\n|faint|p1a: Mewtwo\n|\n|win|RUMYMOME\n|n|\u2606AmGeiii|amgeiii\n|n|\u2606RUMYMOME|rumymome\n|n|*Lady Monita \u263d|ladymonita\n|n| ShionShadows|shionshadows\n|n| MrDrainPunch|mrdrainpunch\n","uploadtime":1698149615,"views":8,"p1id":"amgeiii","p2id":"rumymome","formatid":"gen9ubers","rating":0,"private":0,"password":""}