{"id":"gen9ubers-1995946301","p1":"ghiran","p2":"Redagus2002","format":"[Gen 9] Ubers","log":"|j|\u2606ghiran\n|j|\u203dRedagus2002\n|t:|1700620582\n|gametype|singles\n|player|p1|ghiran|101|1069\n|player|p2|Redagus2002|psychicf-gen4|1099\n|teamsize|p1|6\n|teamsize|p2|6\n|gen|9\n|tier|[Gen 9] Ubers\n|rated|\n|rule|Sleep Clause Mod: Limit one foe put to sleep\n|rule|Species Clause: Limit one of each Pok\u00e9mon\n|rule|OHKO Clause: OHKO moves are banned\n|rule|Evasion Items Clause: Evasion items are banned\n|rule|Evasion Moves Clause: Evasion moves are banned\n|rule|Endless Battle Clause: Forcing endless battles is banned\n|rule|HP Percentage Mod: HP is shown in percentages\n|clearpoke\n|poke|p1|Flutter Mane|\n|poke|p1|Zacian-*|\n|poke|p1|Arcanine-Hisui, M|\n|poke|p1|Koraidon|\n|poke|p1|Ariados, M|\n|poke|p1|Baxcalibur, M|\n|poke|p2|Volcarona, M|\n|poke|p2|Annihilape, M|\n|poke|p2|Spidops, M|\n|poke|p2|Flutter Mane|\n|poke|p2|Quaquaval, M|\n|poke|p2|Meowscarada, F|\n|teampreview\n|\n|t:|1700620610\n|start\n|switch|p1a: Ariados|Ariados, M, shiny|100\/100\n|switch|p2a: Flutter Mane|Flutter Mane, shiny|100\/100\n|-enditem|p2a: Flutter Mane|Booster Energy\n|-activate|p2a: Flutter Mane|ability: Protosynthesis|[fromitem]\n|-start|p2a: Flutter Mane|protosynthesisspe\n|turn|1\n|\n|t:|1700620620\n|move|p2a: Flutter Mane|Psyshock|p1a: Ariados\n|-supereffective|p1a: Ariados\n|-damage|p1a: Ariados|13\/100\n|move|p1a: Ariados|Sticky Web|p2a: Flutter Mane\n|-sidestart|p2: Redagus2002|move: Sticky Web\n|\n|upkeep\n|turn|2\n|\n|t:|1700620627\n|move|p1a: Ariados|Sucker Punch|p2a: Flutter Mane\n|-damage|p2a: Flutter Mane|56\/100\n|move|p2a: Flutter Mane|Psyshock|p1a: Ariados\n|-supereffective|p1a: Ariados\n|-damage|p1a: Ariados|0 fnt\n|faint|p1a: Ariados\n|\n|upkeep\n|\n|t:|1700620643\n|switch|p1a: Arcanine|Arcanine-Hisui, M, shiny|100\/100\n|turn|3\n|\n|t:|1700620654\n|move|p2a: Flutter Mane|Shadow Ball|p1a: Arcanine\n|-damage|p1a: Arcanine|45\/100\n|move|p1a: Arcanine|Head Smash|p2a: Flutter Mane\n|-damage|p2a: Flutter Mane|0 fnt\n|faint|p2a: Flutter Mane\n|-end|p2a: Flutter Mane|Protosynthesis|[silent]\n|-damage|p1a: Arcanine|35\/100|[from] item: Life Orb\n|\n|upkeep\n|\n|t:|1700620673\n|switch|p2a: Quaquaval|Quaquaval, M|100\/100\n|-activate|p2a: Quaquaval|move: Sticky Web\n|-unboost|p2a: Quaquaval|spe|1\n|turn|4\n|\n|t:|1700620679\n|move|p1a: Arcanine|Close Combat|p2a: Quaquaval\n|-damage|p2a: Quaquaval|34\/100\n|-unboost|p1a: Arcanine|def|1\n|-unboost|p1a: Arcanine|spd|1\n|-damage|p1a: Arcanine|25\/100|[from] item: Life Orb\n|move|p2a: Quaquaval|Aqua Step|p1a: Arcanine\n|-supereffective|p1a: Arcanine\n|-damage|p1a: Arcanine|0 fnt\n|-boost|p2a: Quaquaval|spe|1\n|faint|p1a: Arcanine\n|-ability|p2a: Quaquaval|Moxie|boost\n|-boost|p2a: Quaquaval|atk|1\n|\n|upkeep\n|\n|t:|1700620684\n|switch|p1a: Baxcalibur|Baxcalibur, M|100\/100\n|turn|5\n|\n|t:|1700620695\n|move|p1a: Baxcalibur|Dragon Dance|p1a: Baxcalibur\n|-boost|p1a: Baxcalibur|atk|1\n|-boost|p1a: Baxcalibur|spe|1\n|-enditem|p2a: Quaquaval|Mirror Herb\n|-boost|p2a: Quaquaval|atk|1|[from] item: Mirror Herb\n|-boost|p2a: Quaquaval|spe|1|[from] item: Mirror Herb\n|move|p2a: Quaquaval|Close Combat|p1a: Baxcalibur\n|-supereffective|p1a: Baxcalibur\n|-damage|p1a: Baxcalibur|0 fnt\n|-unboost|p2a: Quaquaval|def|1\n|-unboost|p2a: Quaquaval|spd|1\n|faint|p1a: Baxcalibur\n|-ability|p2a: Quaquaval|Moxie|boost\n|-boost|p2a: Quaquaval|atk|1\n|\n|upkeep\n|\n|t:|1700620701\n|switch|p1a: Flutter Mane|Flutter Mane|100\/100\n|-enditem|p1a: Flutter Mane|Booster Energy\n|-activate|p1a: Flutter Mane|ability: Protosynthesis|[fromitem]\n|-start|p1a: Flutter Mane|protosynthesisspe\n|turn|6\n|\n|t:|1700620714\n|move|p1a: Flutter Mane|Moonblast|p2a: Quaquaval\n|-supereffective|p2a: Quaquaval\n|-damage|p2a: Quaquaval|0 fnt\n|faint|p2a: Quaquaval\n|\n|upkeep\n|\n|t:|1700620726\n|switch|p2a: Spidops|Spidops, M, shiny|100\/100\n|-activate|p2a: Spidops|move: Sticky Web\n|-unboost|p2a: Spidops|spe|1\n|turn|7\n|\n|t:|1700620733\n|move|p1a: Flutter Mane|Shadow Ball|p2a: Spidops\n|-damage|p2a: Spidops|52\/100\n|-unboost|p2a: Spidops|spd|1\n|move|p2a: Spidops|Sticky Web|p1a: Flutter Mane\n|-sidestart|p1: ghiran|move: Sticky Web\n|\n|upkeep\n|turn|8\n|\n|t:|1700620741\n|move|p1a: Flutter Mane|Shadow Ball|p2a: Spidops\n|-damage|p2a: Spidops|0 fnt\n|faint|p2a: Spidops\n|\n|upkeep\n|\n|t:|1700620750\n|switch|p2a: Volcarona|Volcarona, M|100\/100\n|turn|9\n|\n|t:|1700620758\n|move|p1a: Flutter Mane|Shadow Ball|p2a: Volcarona\n|-damage|p2a: Volcarona|54\/100\n|move|p2a: Volcarona|Fiery Dance|p1a: Flutter Mane\n|-damage|p1a: Flutter Mane|55\/100\n|-boost|p2a: Volcarona|spa|1\n|\n|upkeep\n|turn|10\n|\n|t:|1700620768\n|move|p1a: Flutter Mane|Shadow Ball|p2a: Volcarona\n|-damage|p2a: Volcarona|8\/100\n|move|p2a: Volcarona|Fiery Dance|p1a: Flutter Mane\n|-damage|p1a: Flutter Mane|0 fnt\n|faint|p1a: Flutter Mane\n|-end|p1a: Flutter Mane|Protosynthesis|[silent]\n|\n|upkeep\n|\n|t:|1700620771\n|switch|p1a: Zacian|Zacian-Crowned|100\/100\n|-activate|p1a: Zacian|move: Sticky Web\n|-unboost|p1a: Zacian|spe|1\n|-ability|p1a: Zacian|Intrepid Sword|boost\n|-boost|p1a: Zacian|atk|1\n|turn|11\n|\n|t:|1700620782\n|move|p2a: Volcarona|Fiery Dance|p1a: Zacian\n|-supereffective|p1a: Zacian\n|-damage|p1a: Zacian|0 fnt\n|-boost|p2a: Volcarona|spa|1\n|faint|p1a: Zacian\n|\n|upkeep\n|\n|t:|1700620785\n|switch|p1a: Koraidon|Koraidon|100\/100\n|-activate|p1a: Koraidon|move: Sticky Web\n|-unboost|p1a: Koraidon|spe|1\n|-weather|SunnyDay|[from] ability: Orichalcum Pulse|[of] p1a: Koraidon\n|-activate|p1a: Koraidon|Orichalcum Pulse|[source]\n|turn|12\n|\n|t:|1700620795\n|move|p2a: Volcarona|Fiery Dance|p1a: Koraidon\n|-resisted|p1a: Koraidon\n|-damage|p1a: Koraidon|38\/100\n|-boost|p2a: Volcarona|spa|1\n|move|p1a: Koraidon|Flame Charge|p2a: Volcarona\n|-damage|p2a: Volcarona|0 fnt\n|-boost|p1a: Koraidon|spe|1\n|faint|p2a: Volcarona\n|-damage|p1a: Koraidon|28\/100|[from] item: Life Orb\n|\n|-weather|SunnyDay|[upkeep]\n|upkeep\n|\n|t:|1700620808\n|switch|p2a: Meowscarada|Meowscarada, F|100\/100\n|-activate|p2a: Meowscarada|move: Sticky Web\n|-unboost|p2a: Meowscarada|spe|1\n|turn|13\n|\n|t:|1700620819\n|-terastallize|p2a: Meowscarada|Fire\n|move|p1a: Koraidon|Collision Course|p2a: Meowscarada\n|-damage|p2a: Meowscarada|0 fnt\n|faint|p2a: Meowscarada\n|-damage|p1a: Koraidon|18\/100|[from] item: Life Orb\n|\n|-weather|SunnyDay|[upkeep]\n|upkeep\n|\n|t:|1700620829\n|switch|p2a: Annihilape|Annihilape, M, shiny|100\/100\n|-activate|p2a: Annihilape|move: Sticky Web\n|-unboost|p2a: Annihilape|spe|1\n|-ability|p2a: Annihilape|Defiant|boost\n|-boost|p2a: Annihilape|atk|2\n|turn|14\n|\n|t:|1700620838\n|move|p1a: Koraidon|Flare Blitz|p2a: Annihilape\n|-damage|p2a: Annihilape|1\/100\n|-damage|p1a: Koraidon|0 fnt|[from] Recoil\n|faint|p1a: Koraidon\n|\n|win|Redagus2002\n|raw|ghiran's rating: 1069 &rarr; <strong>1050<\/strong><br \/>(-19 for losing)\n|raw|Redagus2002's rating: 1099 &rarr; <strong>1122<\/strong><br \/>(+23 for winning)\n|l|\u2606ghiran\n","uploadtime":1700621005,"views":1,"p1id":"ghiran","p2id":"redagus2002","formatid":"gen9ubers","rating":1050,"private":0,"password":""}