{"id":"gen9ubers-1978888274","p1":"TheSilvySilv","p2":"smithdvan","format":"[Gen 9] Ubers","log":"|j|\u2606TheSilvySilv\n|j|\u2606smithdvan\n|t:|1698606781\n|gametype|singles\n|player|p1|TheSilvySilv|ghetsis|\n|player|p2|smithdvan|266|\n|teamsize|p1|6\n|teamsize|p2|6\n|gen|9\n|tier|[Gen 9] Ubers\n|rule|Sleep Clause Mod: Limit one foe put to sleep\n|rule|Species Clause: Limit one of each Pok\u00e9mon\n|rule|OHKO Clause: OHKO moves are banned\n|rule|Evasion Items Clause: Evasion items are banned\n|rule|Evasion Moves Clause: Evasion moves are banned\n|rule|Endless Battle Clause: Forcing endless battles is banned\n|rule|HP Percentage Mod: HP is shown in percentages\n|clearpoke\n|poke|p1|Chi-Yu|\n|poke|p1|Slowking-Galar, F|\n|poke|p1|Arceus-Dragon|\n|poke|p1|Palafin, F|\n|poke|p1|Magearna|\n|poke|p1|Cyclizar, F|\n|poke|p2|Heatran, F|\n|poke|p2|Cyclizar, M|\n|poke|p2|Espathra, M|\n|poke|p2|Volcarona, F|\n|poke|p2|Houndstone, F|\n|poke|p2|Shaymin-Sky|\n|teampreview\n|inactive|Battle timer is ON: inactive players will automatically lose when time's up. (requested by smithdvan)\n|\n|t:|1698606798\n|start\n|switch|p1a: Cyclizar|Cyclizar, F|100\/100\n|switch|p2a: Heatran|Heatran, F|100\/100\n|-item|p2a: Heatran|Air Balloon\n|turn|1\n|\n|t:|1698606820\n|move|p1a: Cyclizar|Shed Tail|p1a: Cyclizar\n|-start|p1a: Cyclizar|Substitute|[from] move: Shed Tail\n|-damage|p1a: Cyclizar|50\/100\n|\n|t:|1698606822\n|switch|p1a: Chi-Yu|Chi-Yu|100\/100|[from] Shed Tail\n|-ability|p1a: Chi-Yu|Beads of Ruin\n|move|p2a: Heatran|Stealth Rock|p1a: Chi-Yu\n|-sidestart|p1: TheSilvySilv|move: Stealth Rock\n|\n|upkeep\n|turn|2\n|inactive|smithdvan has 270 seconds left.\n|\n|t:|1698606849\n|move|p1a: Chi-Yu|Dark Pulse|p2a: Heatran\n|-damage|p2a: Heatran|51\/100\n|-enditem|p2a: Heatran|Air Balloon\n|move|p2a: Heatran|Power Gem|p1a: Chi-Yu\n|-supereffective|p1a: Chi-Yu\n|-crit|p1a: Chi-Yu\n|-end|p1a: Chi-Yu|Substitute\n|\n|upkeep\n|turn|3\n|inactive|smithdvan has 270 seconds left.\n|\n|t:|1698606860\n|move|p1a: Chi-Yu|Dark Pulse|p2a: Heatran\n|-damage|p2a: Heatran|2\/100\n|move|p2a: Heatran|Power Gem|p1a: Chi-Yu\n|-supereffective|p1a: Chi-Yu\n|-damage|p1a: Chi-Yu|33\/100\n|\n|upkeep\n|turn|4\n|inactive|smithdvan has 270 seconds left.\n|\n|t:|1698606871\n|move|p1a: Chi-Yu|Dark Pulse|p2a: Heatran\n|-damage|p2a: Heatran|0 fnt\n|faint|p2a: Heatran\n|\n|upkeep\n|inactive|smithdvan has 270 seconds left.\n|\n|t:|1698606892\n|switch|p2a: Espathra|Espathra, M|100\/100\n|turn|5\n|\n|t:|1698606896\n|move|p2a: Espathra|Protect|p2a: Espathra\n|-singleturn|p2a: Espathra|Protect\n|move|p1a: Chi-Yu|Dark Pulse|p2a: Espathra\n|-activate|p2a: Espathra|move: Protect\n|\n|-ability|p2a: Espathra|Speed Boost|boost\n|-boost|p2a: Espathra|spe|1\n|upkeep\n|turn|6\n|inactive|smithdvan has 270 seconds left.\n|\n|t:|1698606909\n|move|p1a: Chi-Yu|Dark Pulse|p2a: Espathra\n|-supereffective|p2a: Espathra\n|-damage|p2a: Espathra|0 fnt\n|faint|p2a: Espathra\n|\n|upkeep\n|\n|t:|1698606913\n|switch|p2a: Volcarona|Volcarona, F|100\/100\n|turn|7\n|\n|t:|1698606920\n|move|p1a: Chi-Yu|Dark Pulse|p2a: Volcarona\n|-damage|p2a: Volcarona|38\/100\n|cant|p2a: Volcarona|flinch\n|\n|upkeep\n|turn|8\n|c|\u2606smithdvan|unfortunate\n|c|\u2606TheSilvySilv|indeed\n|\n|t:|1698606933\n|move|p1a: Chi-Yu|Dark Pulse|p2a: Volcarona\n|-damage|p2a: Volcarona|0 fnt\n|faint|p2a: Volcarona\n|\n|upkeep\n|\n|t:|1698606934\n|switch|p2a: Shaymin|Shaymin-Sky|100\/100\n|turn|9\n|\n|t:|1698606943\n|move|p1a: Chi-Yu|Dark Pulse|p2a: Shaymin\n|-damage|p2a: Shaymin|29\/100\n|move|p2a: Shaymin|Air Slash|p1a: Chi-Yu\n|-damage|p1a: Chi-Yu|0 fnt\n|faint|p1a: Chi-Yu\n|\n|-heal|p2a: Shaymin|35\/100|[from] item: Leftovers\n|upkeep\n|\n|t:|1698606951\n|switch|p1a: Magearna|Magearna|100\/100\n|-damage|p1a: Magearna|94\/100|[from] Stealth Rock\n|turn|10\n|\n|t:|1698606970\n|move|p2a: Shaymin|Air Slash|p1a: Magearna\n|-resisted|p1a: Magearna\n|-damage|p1a: Magearna|78\/100\n|move|p1a: Magearna|Flash Cannon|p2a: Shaymin\n|-damage|p2a: Shaymin|0 fnt\n|faint|p2a: Shaymin\n|-ability|p1a: Magearna|Soul-Heart|boost\n|-boost|p1a: Magearna|spa|1\n|\n|-heal|p1a: Magearna|84\/100|[from] item: Leftovers\n|upkeep\n|\n|t:|1698606978\n|switch|p2a: Cyclizar|Cyclizar, M|100\/100\n|turn|11\n|\n|t:|1698606981\n|move|p2a: Cyclizar|Shed Tail|p2a: Cyclizar\n|-start|p2a: Cyclizar|Substitute|[from] move: Shed Tail\n|-damage|p2a: Cyclizar|50\/100\n|-enditem|p2a: Cyclizar|Sitrus Berry|[eat]\n|-heal|p2a: Cyclizar|75\/100|[from] item: Sitrus Berry\n|\n|t:|1698606983\n|switch|p2a: Houndstone|Houndstone, F|100\/100|[from] Shed Tail\n|move|p1a: Magearna|Fleur Cannon|p2a: Houndstone\n|-end|p2a: Houndstone|Substitute\n|-unboost|p1a: Magearna|spa|2\n|\n|-heal|p1a: Magearna|90\/100|[from] item: Leftovers\n|upkeep\n|turn|12\n|\n|t:|1698606996\n|switch|p1a: Slowking|Slowking-Galar, F|100\/100\n|-terastallize|p2a: Houndstone|Ghost\n|move|p2a: Houndstone|Last Respects|p1a: Slowking\n|-supereffective|p1a: Slowking\n|-crit|p1a: Slowking\n|-damage|p1a: Slowking|0 fnt\n|faint|p1a: Slowking\n|\n|upkeep\n|\n|t:|1698607010\n|switch|p1a: Cyclizar|Cyclizar, F|84\/100\n|turn|13\n|\n|t:|1698607018\n|switch|p2a: Cyclizar|Cyclizar, M|100\/100\n|move|p1a: Cyclizar|Shed Tail|p1a: Cyclizar\n|-start|p1a: Cyclizar|Substitute|[from] move: Shed Tail\n|-damage|p1a: Cyclizar|33\/100\n|\n|t:|1698607025\n|switch|p1a: Magearna|Magearna|90\/100|[from] Shed Tail\n|-damage|p1a: Magearna|84\/100|[from] Stealth Rock\n|\n|-heal|p1a: Magearna|90\/100|[from] item: Leftovers\n|upkeep\n|turn|14\n|\n|t:|1698607034\n|move|p2a: Cyclizar|Shed Tail|p2a: Cyclizar\n|-start|p2a: Cyclizar|Substitute|[from] move: Shed Tail\n|-damage|p2a: Cyclizar|50\/100\n|\n|t:|1698607037\n|switch|p2a: Houndstone|Houndstone, F, tera:Ghost|100\/100|[from] Shed Tail\n|move|p1a: Magearna|Flash Cannon|p2a: Houndstone\n|-end|p2a: Houndstone|Substitute\n|\n|-heal|p1a: Magearna|96\/100|[from] item: Leftovers\n|upkeep\n|turn|15\n|inactive|smithdvan has 270 seconds left.\n|\n|t:|1698607074\n|move|p2a: Houndstone|Body Press|p1a: Magearna\n|-activate|p1a: Magearna|move: Substitute|[damage]\n|move|p1a: Magearna|Fleur Cannon|p2a: Houndstone\n|-damage|p2a: Houndstone|16\/100\n|-unboost|p1a: Magearna|spa|2\n|\n|-heal|p1a: Magearna|100\/100|[from] item: Leftovers\n|upkeep\n|turn|16\n|\n|t:|1698607083\n|move|p2a: Houndstone|Body Press|p1a: Magearna\n|-end|p1a: Magearna|Substitute\n|move|p1a: Magearna|Volt Switch|p2a: Houndstone\n|-damage|p2a: Houndstone|0 fnt\n|faint|p2a: Houndstone\n|-ability|p1a: Magearna|Soul-Heart|boost\n|-boost|p1a: Magearna|spa|1\n|\n|t:|1698607087\n|switch|p1a: Cyclizar|Cyclizar, F|67\/100|[from] Volt Switch\n|\n|upkeep\n|\n|t:|1698607089\n|switch|p2a: Cyclizar|Cyclizar, M|84\/100\n|turn|17\n|\n|t:|1698607093\n|move|p2a: Cyclizar|Draco Meteor|p1a: Cyclizar\n|-supereffective|p1a: Cyclizar\n|-damage|p1a: Cyclizar|0 fnt\n|-unboost|p2a: Cyclizar|spa|2\n|faint|p1a: Cyclizar\n|\n|upkeep\n|\n|t:|1698607098\n|switch|p1a: Magearna|Magearna|100\/100\n|-damage|p1a: Magearna|94\/100|[from] Stealth Rock\n|turn|18\n|\n|t:|1698607101\n|move|p2a: Cyclizar|Crunch|p1a: Magearna\n|-resisted|p1a: Magearna\n|-damage|p1a: Magearna|88\/100\n|move|p1a: Magearna|Fleur Cannon|p2a: Cyclizar\n|-supereffective|p2a: Cyclizar\n|-damage|p2a: Cyclizar|0 fnt\n|-unboost|p1a: Magearna|spa|2\n|faint|p2a: Cyclizar\n|\n|win|TheSilvySilv\n|c|\u2606TheSilvySilv|gg wp\n|c|\u2606smithdvan|gg wp\n","uploadtime":1698607107,"views":19,"p1id":"thesilvysilv","p2id":"smithdvan","formatid":"gen9ubers","rating":0,"private":0,"password":""}