{"id":"gen9ubers-1985027635","p1":"sed10day","p2":"anonymints","format":"[Gen 9] Ubers","log":"|j|\u2606sed10day\n|j|\u2606anonymints\n|t:|1699322247\n|gametype|singles\n|player|p1|sed10day|steven|1004\n|player|p2|anonymints|geeta|1000\n|teamsize|p1|6\n|teamsize|p2|6\n|gen|9\n|tier|[Gen 9] Ubers\n|rated|\n|rule|Sleep Clause Mod: Limit one foe put to sleep\n|rule|Species Clause: Limit one of each Pok\u00e9mon\n|rule|OHKO Clause: OHKO moves are banned\n|rule|Evasion Items Clause: Evasion items are banned\n|rule|Evasion Moves Clause: Evasion moves are banned\n|rule|Endless Battle Clause: Forcing endless battles is banned\n|rule|HP Percentage Mod: HP is shown in percentages\n|clearpoke\n|poke|p1|Greninja-*, F|\n|poke|p1|Milotic, F|\n|poke|p1|Eternatus|\n|poke|p1|Sinistcha-Masterpiece|\n|poke|p1|Ursaluna-Bloodmoon, M|\n|poke|p1|Goodra-Hisui, F|\n|poke|p2|Glimmora, F|\n|poke|p2|Kingambit, F|\n|poke|p2|Gogoat, M|\n|poke|p2|Avalugg, M|\n|poke|p2|Espathra, F|\n|poke|p2|Veluza, F|\n|teampreview\n|\n|t:|1699322254\n|start\n|switch|p1a: Goodra|Goodra-Hisui, F|100\/100\n|switch|p2a: Glimmora|Glimmora, F|100\/100\n|turn|1\n|\n|t:|1699322266\n|-terastallize|p2a: Glimmora|Rock\n|move|p2a: Glimmora|Stealth Rock|p1a: Goodra\n|-sidestart|p1: sed10day|move: Stealth Rock\n|move|p1a: Goodra|Iron Head|p2a: Glimmora\n|-supereffective|p2a: Glimmora\n|-damage|p2a: Glimmora|4\/100\n|-activate|p2a: Glimmora|ability: Toxic Debris\n|-sidestart|p1: sed10day|move: Toxic Spikes\n|\n|upkeep\n|turn|2\n|\n|t:|1699322276\n|move|p2a: Glimmora|Power Gem|p1a: Goodra\n|-resisted|p1a: Goodra\n|-damage|p1a: Goodra|82\/100\n|move|p1a: Goodra|Iron Head|p2a: Glimmora\n|-supereffective|p2a: Glimmora\n|-damage|p2a: Glimmora|0 fnt\n|-activate|p2a: Glimmora|ability: Toxic Debris\n|-sidestart|p1: sed10day|move: Toxic Spikes\n|faint|p2a: Glimmora\n|\n|upkeep\n|\n|t:|1699322283\n|switch|p2a: Espathra|Espathra, F|100\/100\n|turn|3\n|\n|t:|1699322291\n|move|p2a: Espathra|Calm Mind|p2a: Espathra\n|-boost|p2a: Espathra|spa|1\n|-boost|p2a: Espathra|spd|1\n|move|p1a: Goodra|Iron Head|p2a: Espathra\n|-damage|p2a: Espathra|67\/100\n|\n|-heal|p2a: Espathra|73\/100|[from] item: Leftovers\n|-ability|p2a: Espathra|Speed Boost|boost\n|-boost|p2a: Espathra|spe|1\n|upkeep\n|turn|4\n|\n|t:|1699322296\n|move|p2a: Espathra|Calm Mind|p2a: Espathra\n|-boost|p2a: Espathra|spa|1\n|-boost|p2a: Espathra|spd|1\n|move|p1a: Goodra|Dragon Claw|p2a: Espathra\n|-damage|p2a: Espathra|37\/100\n|\n|-heal|p2a: Espathra|44\/100|[from] item: Leftovers\n|-ability|p2a: Espathra|Speed Boost|boost\n|-boost|p2a: Espathra|spe|1\n|upkeep\n|turn|5\n|\n|t:|1699322299\n|move|p2a: Espathra|Dazzling Gleam|p1a: Goodra\n|-damage|p1a: Goodra|55\/100\n|move|p1a: Goodra|Dragon Claw|p2a: Espathra\n|-damage|p2a: Espathra|9\/100\n|\n|-heal|p2a: Espathra|15\/100|[from] item: Leftovers\n|-ability|p2a: Espathra|Speed Boost|boost\n|-boost|p2a: Espathra|spe|1\n|upkeep\n|turn|6\n|\n|t:|1699322303\n|move|p2a: Espathra|Roost|p2a: Espathra\n|-heal|p2a: Espathra|65\/100\n|-singleturn|p2a: Espathra|move: Roost\n|move|p1a: Goodra|Iron Head|p2a: Espathra\n|-damage|p2a: Espathra|32\/100\n|\n|-heal|p2a: Espathra|38\/100|[from] item: Leftovers\n|-ability|p2a: Espathra|Speed Boost|boost\n|-boost|p2a: Espathra|spe|1\n|upkeep\n|turn|7\n|\n|t:|1699322309\n|move|p2a: Espathra|Roost|p2a: Espathra\n|-heal|p2a: Espathra|89\/100\n|-singleturn|p2a: Espathra|move: Roost\n|move|p1a: Goodra|Iron Head|p2a: Espathra\n|-damage|p2a: Espathra|56\/100\n|\n|-heal|p2a: Espathra|62\/100|[from] item: Leftovers\n|-ability|p2a: Espathra|Speed Boost|boost\n|-boost|p2a: Espathra|spe|1\n|upkeep\n|turn|8\n|\n|t:|1699322322\n|move|p2a: Espathra|Calm Mind|p2a: Espathra\n|-boost|p2a: Espathra|spa|1\n|-boost|p2a: Espathra|spd|1\n|move|p1a: Goodra|Ice Spinner|p2a: Espathra\n|-damage|p2a: Espathra|38\/100\n|\n|-heal|p2a: Espathra|44\/100|[from] item: Leftovers\n|-ability|p2a: Espathra|Speed Boost|boost\n|-boost|p2a: Espathra|spe|1\n|upkeep\n|turn|9\n|\n|t:|1699322329\n|move|p2a: Espathra|Roost|p2a: Espathra\n|-heal|p2a: Espathra|94\/100\n|-singleturn|p2a: Espathra|move: Roost\n|move|p1a: Goodra|Rock Slide|p2a: Espathra\n|-damage|p2a: Espathra|73\/100\n|\n|-heal|p2a: Espathra|79\/100|[from] item: Leftovers\n|upkeep\n|turn|10\n|\n|t:|1699322334\n|move|p2a: Espathra|Dazzling Gleam|p1a: Goodra\n|-crit|p1a: Goodra\n|-damage|p1a: Goodra|6\/100\n|move|p1a: Goodra|Iron Head|p2a: Espathra\n|-damage|p2a: Espathra|44\/100\n|\n|-heal|p2a: Espathra|50\/100|[from] item: Leftovers\n|upkeep\n|turn|11\n|\n|t:|1699322338\n|move|p2a: Espathra|Stored Power|p1a: Goodra\n|-resisted|p1a: Goodra\n|-damage|p1a: Goodra|0 fnt\n|faint|p1a: Goodra\n|\n|-heal|p2a: Espathra|56\/100|[from] item: Leftovers\n|upkeep\n|\n|t:|1699322344\n|switch|p1a: Eternatus|Eternatus|100\/100\n|-damage|p1a: Eternatus|88\/100|[from] Stealth Rock\n|-sideend|p1: sed10day|move: Toxic Spikes|[of] p1a: Eternatus\n|-ability|p1a: Eternatus|Pressure\n|turn|12\n|\n|t:|1699322348\n|move|p2a: Espathra|Stored Power|p1a: Eternatus\n|-supereffective|p1a: Eternatus\n|-crit|p1a: Eternatus\n|-damage|p1a: Eternatus|0 fnt\n|faint|p1a: Eternatus\n|\n|-heal|p2a: Espathra|62\/100|[from] item: Leftovers\n|upkeep\n|\n|t:|1699322351\n|switch|p1a: Milotic|Milotic, F|100\/100\n|-damage|p1a: Milotic|88\/100|[from] Stealth Rock\n|turn|13\n|\n|t:|1699322356\n|move|p2a: Espathra|Stored Power|p1a: Milotic\n|-damage|p1a: Milotic|0 fnt\n|faint|p1a: Milotic\n|\n|-heal|p2a: Espathra|68\/100|[from] item: Leftovers\n|upkeep\n|\n|t:|1699322361\n|switch|p1a: Greninja|Greninja, F|100\/100\n|-damage|p1a: Greninja|88\/100|[from] Stealth Rock\n|turn|14\n|\n|t:|1699322368\n|move|p2a: Espathra|Dazzling Gleam|p1a: Greninja\n|-supereffective|p1a: Greninja\n|-damage|p1a: Greninja|0 fnt\n|faint|p1a: Greninja\n|\n|-heal|p2a: Espathra|75\/100|[from] item: Leftovers\n|upkeep\n|\n|t:|1699322380\n|switch|p1a: Sinistcha|Sinistcha-Masterpiece|100\/100\n|-damage|p1a: Sinistcha|88\/100|[from] Stealth Rock\n|turn|15\n|\n|t:|1699322386\n|move|p2a: Espathra|Dazzling Gleam|p1a: Sinistcha\n|-damage|p1a: Sinistcha|31\/100\n|move|p1a: Sinistcha|Matcha Gotcha|p2a: Espathra\n|-damage|p2a: Espathra|57\/100\n|-heal|p1a: Sinistcha|44\/100|[from] drain|[of] p2a: Espathra\n|\n|-heal|p2a: Espathra|64\/100|[from] item: Leftovers\n|upkeep\n|turn|16\n|\n|t:|1699322391\n|move|p2a: Espathra|Stored Power|p1a: Sinistcha\n|-damage|p1a: Sinistcha|0 fnt\n|faint|p1a: Sinistcha\n|\n|-heal|p2a: Espathra|70\/100|[from] item: Leftovers\n|upkeep\n|\n|t:|1699322401\n|switch|p1a: Ursaluna|Ursaluna-Bloodmoon, M|100\/100\n|-damage|p1a: Ursaluna|95\/100|[from] Stealth Rock\n|turn|17\n|\n|t:|1699322421\n|-terastallize|p1a: Ursaluna|Ground\n|move|p2a: Espathra|Stored Power|p1a: Ursaluna\n|-damage|p1a: Ursaluna|0 fnt\n|faint|p1a: Ursaluna\n|\n|win|anonymints\n|raw|sed10day's rating: 1004 &rarr; <strong>1000<\/strong><br \/>(-4 for losing)\n|raw|anonymints's rating: 1000 &rarr; <strong>1040<\/strong><br \/>(+40 for winning)\n|l|\u2606sed10day\n|c|\u2606anonymints|ggs\n","uploadtime":1699322430,"views":7,"p1id":"sed10day","p2id":"anonymints","formatid":"gen9ubers","rating":1000,"private":0,"password":""}