{"id":"gen9ubers-1988888620","p1":"399186330qqcom","p2":"Darabbitking","format":"[Gen 9] Ubers","log":"|j|\u2606399186330qqcom\n|j|\u2606Darabbitking\n|t:|1699781702\n|gametype|singles\n|player|p1|399186330qqcom|102|1000\n|player|p2|Darabbitking|169|1051\n|teamsize|p1|6\n|teamsize|p2|6\n|gen|9\n|tier|[Gen 9] Ubers\n|rated|\n|rule|Sleep Clause Mod: Limit one foe put to sleep\n|rule|Species Clause: Limit one of each Pok\u00e9mon\n|rule|OHKO Clause: OHKO moves are banned\n|rule|Evasion Items Clause: Evasion items are banned\n|rule|Evasion Moves Clause: Evasion moves are banned\n|rule|Endless Battle Clause: Forcing endless battles is banned\n|rule|HP Percentage Mod: HP is shown in percentages\n|clearpoke\n|poke|p1|Zacian-*|\n|poke|p1|Volcanion|\n|poke|p1|Calyrex-Ice|\n|poke|p1|Toxapex, F|\n|poke|p1|Eternatus|\n|poke|p1|Sneasler, F|\n|poke|p2|Cinderace, M|\n|poke|p2|Urshifu-*, F|\n|poke|p2|Garchomp, M|\n|poke|p2|Rayquaza|\n|poke|p2|Groudon|\n|poke|p2|Kyogre|\n|teampreview\n|\n|t:|1699781718\n|start\n|switch|p1a: Toxapex|Toxapex, F|100\/100\n|switch|p2a: Chomp|Garchomp, M|100\/100\n|turn|1\n|\n|t:|1699781730\n|move|p1a: Toxapex|Baneful Bunker|p1a: Toxapex\n|-singleturn|p1a: Toxapex|move: Protect\n|move|p2a: Chomp|Scale Shot|p1a: Toxapex\n|-activate|p1a: Toxapex|move: Protect\n|\n|upkeep\n|turn|2\n|\n|t:|1699781747\n|-terastallize|p1a: Toxapex|Flying\n|move|p2a: Chomp|Scale Shot|p1a: Toxapex\n|-damage|p1a: Toxapex|94\/100\n|-damage|p1a: Toxapex|87\/100\n|-hitcount|p1a: Toxapex|2\n|-unboost|p2a: Chomp|def|1\n|-boost|p2a: Chomp|spe|1\n|move|p1a: Toxapex|Tera Blast|p2a: Chomp|[anim] Tera Blast Flying\n|-damage|p2a: Chomp|81\/100\n|\n|-heal|p1a: Toxapex|93\/100|[from] item: Leftovers\n|upkeep\n|turn|3\n|\n|t:|1699781772\n|move|p1a: Toxapex|Baneful Bunker|p1a: Toxapex\n|-singleturn|p1a: Toxapex|move: Protect\n|move|p2a: Chomp|Earthquake|p1a: Toxapex\n|-activate|p1a: Toxapex|move: Protect\n|\n|-heal|p1a: Toxapex|99\/100|[from] item: Leftovers\n|upkeep\n|turn|4\n|\n|t:|1699781788\n|move|p2a: Chomp|Earthquake|p1a: Toxapex\n|-immune|p1a: Toxapex\n|move|p1a: Toxapex|Toxic Spikes|p2a: Chomp\n|-sidestart|p2: Darabbitking|move: Toxic Spikes\n|\n|-heal|p1a: Toxapex|100\/100|[from] item: Leftovers\n|upkeep\n|turn|5\n|\n|t:|1699781799\n|move|p2a: Chomp|Draco Meteor|p1a: Toxapex|[miss]\n|-miss|p2a: Chomp|p1a: Toxapex\n|move|p1a: Toxapex|Toxic Spikes|p2a: Chomp\n|-sidestart|p2: Darabbitking|move: Toxic Spikes\n|\n|upkeep\n|turn|6\n|\n|t:|1699781810\n|move|p2a: Chomp|Draco Meteor|p1a: Toxapex\n|-damage|p1a: Toxapex|71\/100\n|-unboost|p2a: Chomp|spa|2\n|move|p1a: Toxapex|Tera Blast|p2a: Chomp|[anim] Tera Blast Flying\n|-damage|p2a: Chomp|59\/100\n|\n|-heal|p1a: Toxapex|77\/100|[from] item: Leftovers\n|upkeep\n|turn|7\n|\n|t:|1699781824\n|switch|p2a: Groudon|Groudon, shiny|100\/100\n|-status|p2a: Groudon|tox\n|-weather|SunnyDay|[from] ability: Drought|[of] p2a: Groudon\n|move|p1a: Toxapex|Baneful Bunker||[still]\n|-fail|p1a: Toxapex\n|\n|-weather|SunnyDay|[upkeep]\n|-heal|p1a: Toxapex|83\/100|[from] item: Leftovers\n|-damage|p2a: Groudon|94\/100 tox|[from] psn\n|upkeep\n|turn|8\n|inactive|Battle timer is ON: inactive players will automatically lose when time's up. (requested by 399186330qqcom)\n|inactive|Darabbitking has 120 seconds left.\n|inactive|Darabbitking has 90 seconds left.\n|inactive|Darabbitking has 60 seconds left.\n|inactive|Darabbitking has 30 seconds left.\n|inactive|Darabbitking has 20 seconds left.\n|inactive|Darabbitking has 15 seconds left.\n|inactive|Darabbitking has 10 seconds left.\n|inactive|Darabbitking has 5 seconds left.\n|-message|Darabbitking lost due to inactivity.\n|\n|win|399186330qqcom\n|raw|399186330qqcom's rating: 1000 &rarr; <strong>1046<\/strong><br \/>(+46 for winning)\n|raw|Darabbitking's rating: 1051 &rarr; <strong>1031<\/strong><br \/>(-20 for losing)\n","uploadtime":1699782026,"views":7,"p1id":"399186330qqcom","p2id":"darabbitking","formatid":"gen9ubers","rating":1031,"private":0,"password":""}