{"id":"gen9ubers-1984261441","p1":"IlyHaveAGoodDay","p2":"JadenDraft1","format":"[Gen 9] Ubers","log":"|j|\u2606IlyHaveAGoodDay\n|j|\u2606JadenDraft1\n|t:|1699236234\n|gametype|singles\n|player|p1|IlyHaveAGoodDay|flannery|\n|player|p2|JadenDraft1|pokemonranger|\n|teamsize|p1|6\n|teamsize|p2|6\n|gen|9\n|tier|[Gen 9] Ubers\n|rule|Sleep Clause Mod: Limit one foe put to sleep\n|rule|Species Clause: Limit one of each Pok\u00e9mon\n|rule|OHKO Clause: OHKO moves are banned\n|rule|Evasion Items Clause: Evasion items are banned\n|rule|Evasion Moves Clause: Evasion moves are banned\n|rule|Endless Battle Clause: Forcing endless battles is banned\n|rule|HP Percentage Mod: HP is shown in percentages\n|clearpoke\n|poke|p1|Abomasnow, M|\n|poke|p1|Glaceon, M|\n|poke|p1|Houndstone, F|\n|poke|p1|Clodsire, F|\n|poke|p1|Cinderace, F|\n|poke|p1|Gholdengo|\n|poke|p2|Urshifu-*, M|\n|poke|p2|Heatran, F|\n|poke|p2|Enamorus-Therian, F|\n|poke|p2|Flamigo, F|\n|poke|p2|Lokix, F|\n|poke|p2|Magnezone|\n|teampreview\n|inactive|Battle timer is ON: inactive players will automatically lose when time's up. (requested by IlyHaveAGoodDay)\n|\n|t:|1699236249\n|start\n|switch|p1a: Cinderace|Cinderace, F|100\/100\n|switch|p2a: Urshifu|Urshifu-Rapid-Strike, M|100\/100\n|turn|1\n|\n|t:|1699236256\n|switch|p1a: Houndstone|Houndstone, F|100\/100\n|move|p2a: Urshifu|U-turn|p1a: Houndstone\n|-resisted|p1a: Houndstone\n|-damage|p1a: Houndstone|96\/100\n|-damage|p2a: Urshifu|84\/100|[from] item: Rocky Helmet|[of] p1a: Houndstone\n|\n|t:|1699236262\n|switch|p2a: Lokix|Lokix, F|100\/100|[from] U-turn\n|\n|upkeep\n|turn|2\n|inactive|IlyHaveAGoodDay has 270 seconds left.\n|\n|t:|1699236315\n|switch|p1a: Glaceon|Glaceon, M|100\/100\n|move|p2a: Lokix|Knock Off|p1a: Glaceon\n|-crit|p1a: Glaceon\n|-damage|p1a: Glaceon|28\/100\n|-enditem|p1a: Glaceon|Heavy-Duty Boots|[from] move: Knock Off|[of] p2a: Lokix\n|\n|upkeep\n|turn|3\n|inactive|JadenDraft1 has 270 seconds left.\n|c|\u2606IlyHaveAGoodDay|That sucks\n|c|\u2606JadenDraft1|yeah sorry about that\n|\n|t:|1699236371\n|switch|p1a: Abomasnow|Abomasnow, M|100\/100\n|-weather|Snow|[from] ability: Snow Warning|[of] p1a: Abomasnow\n|move|p2a: Lokix|Knock Off|p1a: Abomasnow\n|-damage|p1a: Abomasnow|49\/100\n|-enditem|p1a: Abomasnow|Light Clay|[from] move: Knock Off|[of] p2a: Lokix\n|\n|-weather|Snow|[upkeep]\n|upkeep\n|turn|4\n|inactive|JadenDraft1 has 240 seconds left.\n|\n|t:|1699236402\n|switch|p2a: Magnezone|Magnezone|100\/100\n|move|p1a: Abomasnow|Aurora Veil|p1a: Abomasnow\n|-sidestart|p1: IlyHaveAGoodDay|move: Aurora Veil\n|\n|-weather|Snow|[upkeep]\n|upkeep\n|turn|5\n|inactive|JadenDraft1 has 210 seconds left.\n|\n|t:|1699236431\n|switch|p2a: Lokix|Lokix, F|100\/100\n|switch|p1a: Cinderace|Cinderace, F|100\/100\n|\n|-weather|Snow|[upkeep]\n|upkeep\n|turn|6\n|\n|t:|1699236438\n|switch|p2a: Heatran|Heatran, F|100\/100\n|move|p1a: Cinderace|Swords Dance|p1a: Cinderace\n|-boost|p1a: Cinderace|atk|2\n|\n|-weather|Snow|[upkeep]\n|upkeep\n|turn|7\n|\n|t:|1699236443\n|move|p1a: Cinderace|Low Kick|p2a: Heatran\n|-supereffective|p2a: Heatran\n|-damage|p2a: Heatran|0 fnt\n|faint|p2a: Heatran\n|\n|-weather|none\n|upkeep\n|\n|t:|1699236448\n|switch|p2a: Urshifu|Urshifu-Rapid-Strike, M|84\/100\n|turn|8\n|inactive|IlyHaveAGoodDay has 270 seconds left.\n|\n|t:|1699236466\n|switch|p1a: Houndstone|Houndstone, F|96\/100\n|move|p2a: Urshifu|Surging Strikes|p1a: Houndstone\n|-crit|p1a: Houndstone\n|-damage|p1a: Houndstone|90\/100\n|-damage|p2a: Urshifu|67\/100|[from] item: Rocky Helmet|[of] p1a: Houndstone\n|-crit|p1a: Houndstone\n|-damage|p1a: Houndstone|84\/100\n|-damage|p2a: Urshifu|50\/100|[from] item: Rocky Helmet|[of] p1a: Houndstone\n|-crit|p1a: Houndstone\n|-damage|p1a: Houndstone|77\/100\n|-damage|p2a: Urshifu|34\/100|[from] item: Rocky Helmet|[of] p1a: Houndstone\n|-hitcount|p1a: Houndstone|3\n|\n|-sideend|p1: IlyHaveAGoodDay|move: Aurora Veil\n|upkeep\n|turn|9\n|\n|t:|1699236484\n|switch|p2a: Magnezone|Magnezone|100\/100\n|move|p1a: Houndstone|Will-O-Wisp|p2a: Magnezone\n|-status|p2a: Magnezone|brn\n|\n|-damage|p2a: Magnezone|94\/100 brn|[from] brn\n|upkeep\n|turn|10\n|\n|t:|1699236490\n|switch|p1a: Clodsire|Clodsire, F|100\/100\n|move|p2a: Magnezone|Flash Cannon|p1a: Clodsire\n|-damage|p1a: Clodsire|65\/100\n|\n|-heal|p1a: Clodsire|71\/100|[from] item: Black Sludge\n|-damage|p2a: Magnezone|88\/100 brn|[from] brn\n|upkeep\n|turn|11\n|inactive|JadenDraft1 has 210 seconds left.\n|\n|t:|1699236516\n|switch|p2a: Lokix|Lokix, F|100\/100\n|move|p1a: Clodsire|Recover|p1a: Clodsire\n|-heal|p1a: Clodsire|100\/100\n|\n|upkeep\n|turn|12\n|\n|t:|1699236522\n|move|p2a: Lokix|Knock Off|p1a: Clodsire\n|-damage|p1a: Clodsire|20\/100\n|-enditem|p1a: Clodsire|Black Sludge|[from] move: Knock Off|[of] p2a: Lokix\n|move|p1a: Clodsire|Stealth Rock|p2a: Lokix\n|-sidestart|p2: JadenDraft1|move: Stealth Rock\n|\n|upkeep\n|turn|13\n|\n|t:|1699236529\n|switch|p1a: Abomasnow|Abomasnow, M|49\/100\n|-weather|Snow|[from] ability: Snow Warning|[of] p1a: Abomasnow\n|move|p2a: Lokix|Knock Off|p1a: Abomasnow\n|-damage|p1a: Abomasnow|10\/100\n|\n|-weather|Snow|[upkeep]\n|upkeep\n|turn|14\n|\n|t:|1699236538\n|move|p1a: Abomasnow|Ice Shard|p2a: Lokix\n|-damage|p2a: Lokix|82\/100\n|move|p2a: Lokix|Knock Off|p1a: Abomasnow\n|-damage|p1a: Abomasnow|0 fnt\n|faint|p1a: Abomasnow\n|\n|-weather|Snow|[upkeep]\n|upkeep\n|\n|t:|1699236542\n|switch|p1a: Glaceon|Glaceon, M|28\/100\n|turn|15\n|inactive|JadenDraft1 has 240 seconds left.\n|inactive|JadenDraft1 has 210 seconds left.\n|\n|t:|1699236587\n|switch|p2a: Magnezone|Magnezone|88\/100 brn\n|-damage|p2a: Magnezone|82\/100 brn|[from] Stealth Rock\n|move|p1a: Glaceon|Wish|p1a: Glaceon\n|\n|-weather|Snow|[upkeep]\n|-heal|p1a: Glaceon|34\/100|[from] ability: Ice Body\n|-damage|p2a: Magnezone|76\/100 brn|[from] brn\n|upkeep\n|turn|16\n|inactive|JadenDraft1 has 210 seconds left.\n|\n|t:|1699236596\n|move|p1a: Glaceon|Protect|p1a: Glaceon\n|-singleturn|p1a: Glaceon|Protect\n|move|p2a: Magnezone|Flash Cannon|p1a: Glaceon\n|-activate|p1a: Glaceon|move: Protect\n|\n|-weather|Snow|[upkeep]\n|-heal|p1a: Glaceon|40\/100|[from] ability: Ice Body\n|-heal|p1a: Glaceon|90\/100|[from] move: Wish|[wisher] Glaceon\n|-damage|p2a: Magnezone|69\/100 brn|[from] brn\n|upkeep\n|turn|17\n|inactive|JadenDraft1 has 210 seconds left.\n|\n|t:|1699236619\n|switch|p1a: Clodsire|Clodsire, F|20\/100\n|move|p2a: Magnezone|Flash Cannon|p1a: Clodsire\n|-damage|p1a: Clodsire|0 fnt\n|faint|p1a: Clodsire\n|\n|-weather|none\n|-damage|p2a: Magnezone|63\/100 brn|[from] brn\n|upkeep\n|\n|t:|1699236624\n|switch|p1a: Cinderace|Cinderace, F|100\/100\n|turn|18\n|inactive|JadenDraft1 has 210 seconds left.\n|\n|t:|1699236638\n|move|p1a: Cinderace|Pyro Ball|p2a: Magnezone|[miss]\n|-miss|p1a: Cinderace|p2a: Magnezone\n|move|p2a: Magnezone|Flash Cannon|p1a: Cinderace\n|-resisted|p1a: Cinderace\n|-damage|p1a: Cinderace|53\/100\n|\n|-damage|p2a: Magnezone|57\/100 brn|[from] brn\n|upkeep\n|turn|19\n|c|\u2606JadenDraft1|NAH\n|c|\u2606JadenDraft1|IM  SORRY\n|\n|t:|1699236645\n|move|p1a: Cinderace|Pyro Ball|p2a: Magnezone\n|-supereffective|p2a: Magnezone\n|-damage|p2a: Magnezone|0 fnt\n|faint|p2a: Magnezone\n|\n|upkeep\n|c|\u2606IlyHaveAGoodDay|Bro\n|\n|t:|1699236652\n|switch|p2a: Flamigo|Flamigo, F|100\/100\n|-damage|p2a: Flamigo|88\/100|[from] Stealth Rock\n|turn|20\n|c|\u2606IlyHaveAGoodDay|This has been happening every game\n|c|\u2606IlyHaveAGoodDay|I swear to you\n|inactive|JadenDraft1 has 210 seconds left.\n|\n|t:|1699236667\n|switch|p1a: Houndstone|Houndstone, F|77\/100\n|move|p2a: Flamigo|Close Combat|p1a: Houndstone\n|-damage|p1a: Houndstone|57\/100\n|-unboost|p2a: Flamigo|def|1\n|-unboost|p2a: Flamigo|spd|1\n|-damage|p2a: Flamigo|72\/100|[from] item: Rocky Helmet|[of] p1a: Houndstone\n|\n|upkeep\n|turn|21\n|\n|t:|1699236676\n|switch|p2a: Enamorus|Enamorus-Therian, F|100\/100\n|-damage|p2a: Enamorus|75\/100|[from] Stealth Rock\n|move|p1a: Houndstone|Will-O-Wisp|p2a: Enamorus|[miss]\n|-miss|p1a: Houndstone|p2a: Enamorus\n|\n|upkeep\n|turn|22\n|c|\u2606JadenDraft1|DUDE\n|\n|t:|1699236690\n|switch|p1a: Glaceon|Glaceon, M|90\/100\n|move|p2a: Enamorus|Moonblast|p1a: Glaceon\n|-damage|p1a: Glaceon|47\/100\n|-unboost|p1a: Glaceon|spa|1\n|\n|upkeep\n|turn|23\n|c|\u2606JadenDraft1|i cant play this game anymore\n|\n|t:|1699236702\n|move|p1a: Glaceon|Wish|p1a: Glaceon\n|move|p2a: Enamorus|Mystical Fire|p1a: Glaceon\n|-supereffective|p1a: Glaceon\n|-damage|p1a: Glaceon|0 fnt\n|faint|p1a: Glaceon\n|\n|upkeep\n|\n|t:|1699236708\n|switch|p1a: Cinderace|Cinderace, F|53\/100\n|turn|24\n|\n|t:|1699236711\n|move|p1a: Cinderace|Pyro Ball|p2a: Enamorus\n|-damage|p2a: Enamorus|25\/100\n|move|p2a: Enamorus|Earth Power|p1a: Cinderace\n|-supereffective|p1a: Cinderace\n|-damage|p1a: Cinderace|0 fnt\n|faint|p1a: Cinderace\n|\n|upkeep\n|\n|t:|1699236716\n|switch|p1a: Gholdengo|Gholdengo|100\/100\n|turn|25\n|\n|t:|1699236719\n|move|p1a: Gholdengo|Shadow Ball|p2a: Enamorus\n|-damage|p2a: Enamorus|4\/100\n|move|p2a: Enamorus|Earth Power|p1a: Gholdengo\n|-supereffective|p1a: Gholdengo\n|-crit|p1a: Gholdengo\n|-damage|p1a: Gholdengo|17\/100\n|\n|-heal|p1a: Gholdengo|23\/100|[from] item: Leftovers\n|upkeep\n|turn|26\n|\n|t:|1699236723\n|move|p1a: Gholdengo|Shadow Ball|p2a: Enamorus\n|-damage|p2a: Enamorus|0 fnt\n|faint|p2a: Enamorus\n|\n|-heal|p1a: Gholdengo|29\/100|[from] item: Leftovers\n|upkeep\n|inactive|JadenDraft1 has 240 seconds left.\n|\n|t:|1699236744\n|switch|p2a: Flamigo|Flamigo, F|72\/100\n|-damage|p2a: Flamigo|59\/100|[from] Stealth Rock\n|turn|27\n|\n|t:|1699236753\n|move|p2a: Flamigo|Throat Chop|p1a: Gholdengo\n|-supereffective|p1a: Gholdengo\n|-damage|p1a: Gholdengo|0 fnt\n|faint|p1a: Gholdengo\n|\n|upkeep\n|\n|t:|1699236755\n|switch|p1a: Houndstone|Houndstone, F|57\/100\n|turn|28\n|\n|t:|1699236757\n|move|p2a: Flamigo|Throat Chop|p1a: Houndstone\n|-supereffective|p1a: Houndstone\n|-damage|p1a: Houndstone|38\/100\n|-start|p1a: Houndstone|Throat Chop|[silent]\n|-damage|p2a: Flamigo|43\/100|[from] item: Rocky Helmet|[of] p1a: Houndstone\n|move|p1a: Houndstone|Poltergeist|p2a: Flamigo\n|-activate|p2a: Flamigo|move: Poltergeist|Choice Scarf\n|-damage|p2a: Flamigo|0 fnt\n|faint|p2a: Flamigo\n|\n|upkeep\n|\n|t:|1699236768\n|switch|p2a: Lokix|Lokix, F|82\/100\n|-damage|p2a: Lokix|57\/100|[from] Stealth Rock\n|turn|29\n|\n|t:|1699236771\n|move|p2a: Lokix|Knock Off|p1a: Houndstone\n|-supereffective|p1a: Houndstone\n|-damage|p1a: Houndstone|0 fnt\n|-damage|p2a: Lokix|40\/100|[from] item: Rocky Helmet|[of] p1a: Houndstone\n|-enditem|p1a: Houndstone|Rocky Helmet|[from] move: Knock Off|[of] p2a: Lokix\n|faint|p1a: Houndstone\n|\n|win|JadenDraft1\n|c|\u2606IlyHaveAGoodDay|Man\n|c|\u2606JadenDraft1|gg sorry for the unluckiness\n|c|\u2606IlyHaveAGoodDay|Ggs\n|c|\u2606IlyHaveAGoodDay|Nah it's cool\n|c|\u2606JadenDraft1|alr u have a nice day\n|c|\u2606IlyHaveAGoodDay|u 2 <3\n","uploadtime":1699236792,"views":10,"p1id":"ilyhaveagoodday","p2id":"jadendraft1","formatid":"gen9ubers","rating":0,"private":0,"password":""}