{"id":"gen9ubers-1993029379","p1":"Bouttatakeashower","p2":"Raiozin","format":"[Gen 9] Ubers","log":"|j|\u2606Bouttatakeashower\n|j|\u2606Raiozin\n|t:|1700257074\n|gametype|singles\n|player|p1|Bouttatakeashower|wattson|1050\n|player|p2|Raiozin|gambler|1049\n|teamsize|p1|6\n|teamsize|p2|6\n|gen|9\n|tier|[Gen 9] Ubers\n|rated|\n|rule|Sleep Clause Mod: Limit one foe put to sleep\n|rule|Species Clause: Limit one of each Pok\u00e9mon\n|rule|OHKO Clause: OHKO moves are banned\n|rule|Evasion Items Clause: Evasion items are banned\n|rule|Evasion Moves Clause: Evasion moves are banned\n|rule|Endless Battle Clause: Forcing endless battles is banned\n|rule|HP Percentage Mod: HP is shown in percentages\n|clearpoke\n|poke|p1|Zacian-*|\n|poke|p1|Flutter Mane|\n|poke|p1|Groudon|\n|poke|p1|Kyogre|\n|poke|p1|Toxapex, F|\n|poke|p1|Koraidon|\n|poke|p2|Kommo-o, M|\n|poke|p2|Chien-Pao|\n|poke|p2|Basculegion, M|\n|poke|p2|Espathra, F|\n|poke|p2|Lucario, M|\n|poke|p2|Kyogre|\n|teampreview\n|\n|t:|1700257081\n|start\n|switch|p1a: Kyogre|Kyogre|100\/100\n|switch|p2a: Kyogre|Kyogre|100\/100\n|-weather|RainDance|[from] ability: Drizzle|[of] p2a: Kyogre\n|turn|1\n|\n|t:|1700257087\n|move|p2a: Kyogre|Thunder|p1a: Kyogre\n|-supereffective|p1a: Kyogre\n|-damage|p1a: Kyogre|29\/100\n|-status|p1a: Kyogre|par\n|cant|p1a: Kyogre|par\n|\n|-weather|RainDance|[upkeep]\n|upkeep\n|turn|2\n|\n|t:|1700257095\n|switch|p1a: Groudon|Groudon|100\/100\n|-weather|SunnyDay|[from] ability: Drought|[of] p1a: Groudon\n|move|p2a: Kyogre|Thunder|p1a: Groudon\n|-immune|p1a: Groudon\n|\n|-weather|SunnyDay|[upkeep]\n|upkeep\n|turn|3\n|inactive|Battle timer is ON: inactive players will automatically lose when time's up. (requested by Bouttatakeashower)\n|\n|t:|1700257115\n|switch|p2a: Chien-Pao|Chien-Pao|100\/100\n|-ability|p2a: Chien-Pao|Sword of Ruin\n|move|p1a: Groudon|Spikes|p2a: Chien-Pao\n|-sidestart|p2: Raiozin|Spikes\n|\n|-weather|SunnyDay|[upkeep]\n|upkeep\n|turn|4\n|\n|t:|1700257122\n|move|p2a: Chien-Pao|Icicle Crash|p1a: Groudon\n|-supereffective|p1a: Groudon\n|-damage|p1a: Groudon|29\/100\n|-damage|p2a: Chien-Pao|91\/100|[from] item: Life Orb\n|move|p1a: Groudon|Will-O-Wisp|p2a: Chien-Pao\n|-status|p2a: Chien-Pao|brn\n|\n|-weather|SunnyDay|[upkeep]\n|-damage|p2a: Chien-Pao|85\/100 brn|[from] brn\n|upkeep\n|turn|5\n|\n|t:|1700257135\n|move|p2a: Chien-Pao|Ice Shard|p1a: Groudon\n|-supereffective|p1a: Groudon\n|-damage|p1a: Groudon|12\/100\n|-damage|p2a: Chien-Pao|75\/100 brn|[from] item: Life Orb\n|move|p1a: Groudon|Spikes|p2a: Chien-Pao\n|-sidestart|p2: Raiozin|Spikes\n|\n|-weather|SunnyDay|[upkeep]\n|-damage|p2a: Chien-Pao|69\/100 brn|[from] brn\n|upkeep\n|turn|6\n|\n|t:|1700257143\n|move|p2a: Chien-Pao|Ice Shard|p1a: Groudon\n|-supereffective|p1a: Groudon\n|-damage|p1a: Groudon|0 fnt\n|faint|p1a: Groudon\n|-damage|p2a: Chien-Pao|59\/100 brn|[from] item: Life Orb\n|\n|-weather|none\n|-damage|p2a: Chien-Pao|53\/100 brn|[from] brn\n|upkeep\n|\n|t:|1700257146\n|switch|p1a: Kyogre|Kyogre|29\/100 par\n|-weather|RainDance|[from] ability: Drizzle|[of] p1a: Kyogre\n|turn|7\n|\n|t:|1700257155\n|move|p2a: Chien-Pao|Icicle Crash|p1a: Kyogre\n|-resisted|p1a: Kyogre\n|-damage|p1a: Kyogre|10\/100 par\n|-damage|p2a: Chien-Pao|43\/100 brn|[from] item: Life Orb\n|cant|p1a: Kyogre|par\n|\n|-weather|RainDance|[upkeep]\n|-damage|p2a: Chien-Pao|37\/100 brn|[from] brn\n|upkeep\n|turn|8\n|\n|t:|1700257166\n|move|p2a: Chien-Pao|Crunch|p1a: Kyogre\n|-damage|p1a: Kyogre|0 fnt\n|faint|p1a: Kyogre\n|-damage|p2a: Chien-Pao|27\/100 brn|[from] item: Life Orb\n|\n|-weather|RainDance|[upkeep]\n|-damage|p2a: Chien-Pao|21\/100 brn|[from] brn\n|upkeep\n|\n|t:|1700257169\n|switch|p1a: Koraidon|Koraidon|100\/100\n|-weather|SunnyDay|[from] ability: Orichalcum Pulse|[of] p1a: Koraidon\n|-activate|p1a: Koraidon|Orichalcum Pulse|[source]\n|turn|9\n|\n|t:|1700257182\n|-terastallize|p2a: Chien-Pao|Fairy\n|move|p1a: Koraidon|U-turn|p2a: Chien-Pao\n|-resisted|p2a: Chien-Pao\n|-damage|p2a: Chien-Pao|0 fnt\n|faint|p2a: Chien-Pao\n|\n|t:|1700257188\n|switch|p1a: Toxapex|Toxapex, F|100\/100|[from] U-turn\n|\n|-weather|SunnyDay|[upkeep]\n|upkeep\n|\n|t:|1700257200\n|switch|p2a: Kommo-o|Kommo-o, M|100\/100\n|-damage|p2a: Kommo-o|84\/100|[from] Spikes\n|turn|10\n|\n|t:|1700257205\n|move|p2a: Kommo-o|Substitute|p2a: Kommo-o\n|-start|p2a: Kommo-o|Substitute\n|-damage|p2a: Kommo-o|59\/100\n|move|p1a: Toxapex|Haze|p1a: Toxapex\n|-clearallboost\n|\n|-weather|SunnyDay|[upkeep]\n|upkeep\n|turn|11\n|\n|t:|1700257212\n|move|p2a: Kommo-o|Belly Drum|p2a: Kommo-o\n|-damage|p2a: Kommo-o|9\/100\n|-setboost|p2a: Kommo-o|atk|6|[from] move: Belly Drum\n|-enditem|p2a: Kommo-o|Salac Berry|[eat]\n|-boost|p2a: Kommo-o|spe|1|[from] item: Salac Berry\n|move|p1a: Toxapex|Haze|p1a: Toxapex\n|-clearallboost\n|\n|-weather|SunnyDay|[upkeep]\n|upkeep\n|turn|12\n|\n|t:|1700257222\n|move|p2a: Kommo-o|Drain Punch|p1a: Toxapex\n|-resisted|p1a: Toxapex\n|-damage|p1a: Toxapex|91\/100\n|-heal|p2a: Kommo-o|14\/100|[from] drain|[of] p1a: Toxapex\n|move|p1a: Toxapex|Toxic Spikes|p2a: Kommo-o\n|-sidestart|p2: Raiozin|move: Toxic Spikes\n|\n|-weather|SunnyDay|[upkeep]\n|upkeep\n|turn|13\n|\n|t:|1700257230\n|move|p2a: Kommo-o|Thunder Punch|p1a: Toxapex\n|-supereffective|p1a: Toxapex\n|-damage|p1a: Toxapex|64\/100\n|move|p1a: Toxapex|Toxic Spikes|p2a: Kommo-o\n|-sidestart|p2: Raiozin|move: Toxic Spikes\n|\n|-weather|none\n|upkeep\n|turn|14\n|\n|t:|1700257237\n|switch|p1a: Flutter Mane|Flutter Mane|100\/100\n|move|p2a: Kommo-o|Thunder Punch|p1a: Flutter Mane\n|-damage|p1a: Flutter Mane|46\/100\n|\n|upkeep\n|turn|15\n|\n|t:|1700257243\n|move|p1a: Flutter Mane|Moonblast|p2a: Kommo-o\n|-supereffective|p2a: Kommo-o\n|-end|p2a: Kommo-o|Substitute\n|move|p2a: Kommo-o|Thunder Punch|p1a: Flutter Mane\n|-crit|p1a: Flutter Mane\n|-damage|p1a: Flutter Mane|0 fnt\n|faint|p1a: Flutter Mane\n|-end|p1a: Flutter Mane|Protosynthesis|[silent]\n|\n|upkeep\n|\n|t:|1700257245\n|switch|p1a: Koraidon|Koraidon|100\/100\n|-weather|SunnyDay|[from] ability: Orichalcum Pulse|[of] p1a: Koraidon\n|-activate|p1a: Koraidon|Orichalcum Pulse|[source]\n|turn|16\n|\n|t:|1700257255\n|move|p1a: Koraidon|Low Kick|p2a: Kommo-o\n|-damage|p2a: Kommo-o|0 fnt\n|faint|p2a: Kommo-o\n|\n|-weather|SunnyDay|[upkeep]\n|upkeep\n|\n|t:|1700257263\n|switch|p2a: Lucario|Lucario, M|100\/100\n|-damage|p2a: Lucario|84\/100|[from] Spikes\n|turn|17\n|\n|t:|1700257271\n|move|p1a: Koraidon|Low Kick|p2a: Lucario\n|-supereffective|p2a: Lucario\n|-damage|p2a: Lucario|0 fnt\n|faint|p2a: Lucario\n|\n|-weather|SunnyDay|[upkeep]\n|upkeep\n|\n|t:|1700257277\n|switch|p2a: Kyogre|Kyogre|100\/100\n|-damage|p2a: Kyogre|84\/100|[from] Spikes\n|-status|p2a: Kyogre|tox\n|-weather|RainDance|[from] ability: Drizzle|[of] p2a: Kyogre\n|turn|18\n|\n|t:|1700257286\n|switch|p1a: Toxapex|Toxapex, F|97\/100\n|move|p2a: Kyogre|Water Spout|p1a: Toxapex\n|-resisted|p1a: Toxapex\n|-damage|p1a: Toxapex|51\/100\n|\n|-weather|RainDance|[upkeep]\n|-damage|p2a: Kyogre|78\/100 tox|[from] psn\n|upkeep\n|turn|19\n|\n|t:|1700257297\n|move|p2a: Kyogre|Water Spout|p1a: Toxapex\n|-resisted|p1a: Toxapex\n|-damage|p1a: Toxapex|2\/100\n|move|p1a: Toxapex|Recover|p1a: Toxapex\n|-heal|p1a: Toxapex|52\/100\n|\n|-weather|RainDance|[upkeep]\n|-damage|p2a: Kyogre|66\/100 tox|[from] psn\n|upkeep\n|turn|20\n|\n|t:|1700257306\n|switch|p2a: Basculegion|Basculegion, M|100\/100\n|-damage|p2a: Basculegion|84\/100|[from] Spikes\n|-status|p2a: Basculegion|tox\n|move|p1a: Toxapex|Recover|p1a: Toxapex\n|-heal|p1a: Toxapex|100\/100\n|\n|-weather|RainDance|[upkeep]\n|-damage|p2a: Basculegion|78\/100 tox|[from] psn\n|upkeep\n|turn|21\n|\n|t:|1700257315\n|move|p2a: Basculegion|Last Respects|p1a: Toxapex\n|-damage|p1a: Toxapex|19\/100\n|move|p1a: Toxapex|Infestation|p2a: Basculegion\n|-resisted|p2a: Basculegion\n|-damage|p2a: Basculegion|76\/100 tox\n|-activate|p2a: Basculegion|move: Infestation|[of] p1a: Toxapex\n|\n|-weather|RainDance|[upkeep]\n|-damage|p2a: Basculegion|64\/100 tox|[from] psn\n|-damage|p2a: Basculegion|52\/100 tox|[from] move: Infestation|[partiallytrapped]\n|upkeep\n|turn|22\n|\n|t:|1700257329\n|move|p2a: Basculegion|Last Respects|p1a: Toxapex\n|-damage|p1a: Toxapex|0 fnt\n|faint|p1a: Toxapex\n|\n|-weather|none\n|-damage|p2a: Basculegion|34\/100 tox|[from] psn\n|-end|p2a: Basculegion|Infestation|[partiallytrapped]|[silent]\n|upkeep\n|\n|t:|1700257337\n|switch|p1a: Koraidon|Koraidon|100\/100\n|-weather|SunnyDay|[from] ability: Orichalcum Pulse|[of] p1a: Koraidon\n|-activate|p1a: Koraidon|Orichalcum Pulse|[source]\n|turn|23\n|\n|t:|1700257343\n|move|p1a: Koraidon|Dragon Claw|p2a: Basculegion\n|-damage|p2a: Basculegion|0 fnt\n|faint|p2a: Basculegion\n|\n|-weather|SunnyDay|[upkeep]\n|upkeep\n|\n|t:|1700257350\n|switch|p2a: Kyogre|Kyogre|66\/100 tox\n|-damage|p2a: Kyogre|49\/100 tox|[from] Spikes\n|-weather|RainDance|[from] ability: Drizzle|[of] p2a: Kyogre\n|turn|24\n|\n|t:|1700257359\n|move|p1a: Koraidon|Dragon Claw|p2a: Kyogre\n|-damage|p2a: Kyogre|5\/100 tox\n|move|p2a: Kyogre|Water Spout|p1a: Koraidon\n|-resisted|p1a: Koraidon\n|-crit|p1a: Koraidon\n|-damage|p1a: Koraidon|95\/100\n|\n|-weather|RainDance|[upkeep]\n|-damage|p2a: Kyogre|0 fnt|[from] psn\n|faint|p2a: Kyogre\n|upkeep\n|\n|t:|1700257368\n|switch|p2a: Espathra|Espathra, F|100\/100\n|-damage|p2a: Espathra|84\/100|[from] Spikes\n|-status|p2a: Espathra|tox\n|turn|25\n|\n|t:|1700257375\n|move|p2a: Espathra|Protect|p2a: Espathra\n|-singleturn|p2a: Espathra|Protect\n|move|p1a: Koraidon|Dragon Claw|p2a: Espathra\n|-activate|p2a: Espathra|move: Protect\n|\n|-weather|RainDance|[upkeep]\n|-damage|p2a: Espathra|78\/100 tox|[from] psn\n|-ability|p2a: Espathra|Speed Boost|boost\n|-boost|p2a: Espathra|spe|1\n|upkeep\n|turn|26\n|\n|t:|1700257384\n|-terastallize|p1a: Koraidon|Fire\n|move|p1a: Koraidon|Dragon Claw|p2a: Espathra\n|-damage|p2a: Espathra|16\/100 tox\n|move|p2a: Espathra|Calm Mind|p2a: Espathra\n|-boost|p2a: Espathra|spa|1\n|-boost|p2a: Espathra|spd|1\n|\n|-weather|RainDance|[upkeep]\n|-damage|p2a: Espathra|4\/100 tox|[from] psn\n|-ability|p2a: Espathra|Speed Boost|boost\n|-boost|p2a: Espathra|spe|1\n|upkeep\n|turn|27\n|\n|t:|1700257396\n|move|p2a: Espathra|Stored Power|p1a: Koraidon\n|-damage|p1a: Koraidon|26\/100\n|move|p1a: Koraidon|Dragon Claw|p2a: Espathra\n|-damage|p2a: Espathra|0 fnt\n|faint|p2a: Espathra\n|\n|win|Bouttatakeashower\n|raw|Bouttatakeashower's rating: 1050 &rarr; <strong>1082<\/strong><br \/>(+32 for winning)\n|raw|Raiozin's rating: 1049 &rarr; <strong>1032<\/strong><br \/>(-17 for losing)\n|l|\u2606Raiozin\n","uploadtime":1700257411,"views":9,"p1id":"bouttatakeashower","p2id":"raiozin","formatid":"gen9ubers","rating":1032,"private":0,"password":""}