{"id":"gen9ubers-1968996450","p1":"Dhdjdjd","p2":"Acetraineraegis","format":"[Gen 9] Ubers","log":"|j|\u2606Dhdjdjd\n|j|\u2606Acetraineraegis\n|t:|1697481465\n|gametype|singles\n|player|p1|Dhdjdjd|2|\n|player|p2|Acetraineraegis|skierf-gen4dp|\n|teamsize|p1|6\n|teamsize|p2|6\n|gen|9\n|tier|[Gen 9] Ubers\n|rule|Sleep Clause Mod: Limit one foe put to sleep\n|rule|Species Clause: Limit one of each Pok\u00e9mon\n|rule|OHKO Clause: OHKO moves are banned\n|rule|Evasion Items Clause: Evasion items are banned\n|rule|Evasion Moves Clause: Evasion moves are banned\n|rule|Endless Battle Clause: Forcing endless battles is banned\n|rule|HP Percentage Mod: HP is shown in percentages\n|clearpoke\n|poke|p1|Shaymin-Sky|\n|poke|p1|Arceus-Dark|\n|poke|p1|Chi-Yu|\n|poke|p1|Urshifu-*, F|\n|poke|p1|Palkia-Origin|\n|poke|p1|Zacian-*|\n|poke|p2|Gholdengo|\n|poke|p2|Arceus-Dark|\n|poke|p2|Garganacl, F|\n|poke|p2|Magearna|\n|poke|p2|Slowking-Galar, M|\n|poke|p2|Giratina|\n|teampreview\n|\n|t:|1697481472\n|start\n|switch|p1a: Shaymin|Shaymin-Sky|100\/100\n|switch|p2a: Magearna|Magearna|100\/100\n|turn|1\n|c|\u2606Acetraineraegis|Glhf\n|\n|t:|1697481482\n|move|p1a: Shaymin|Seed Flare|p2a: Magearna\n|-resisted|p2a: Magearna\n|-damage|p2a: Magearna|74\/100\n|-damage|p1a: Shaymin|91\/100|[from] item: Life Orb\n|move|p2a: Magearna|Thunder Wave|p1a: Shaymin\n|-status|p1a: Shaymin|par\n|\n|-heal|p2a: Magearna|80\/100|[from] item: Leftovers\n|upkeep\n|turn|2\n|\n|t:|1697481494\n|move|p1a: Shaymin|Seed Flare|p2a: Magearna\n|-resisted|p2a: Magearna\n|-damage|p2a: Magearna|54\/100\n|-unboost|p2a: Magearna|spd|2\n|-damage|p1a: Shaymin|81\/100 par|[from] item: Life Orb\n|move|p2a: Magearna|Spikes|p1a: Shaymin\n|-sidestart|p1: Dhdjdjd|Spikes\n|\n|-heal|p2a: Magearna|61\/100|[from] item: Leftovers\n|upkeep\n|turn|3\n|\n|t:|1697481511\n|switch|p2a: Slowking|Slowking-Galar, M|100\/100\n|move|p1a: Shaymin|Air Slash|p2a: Slowking\n|-damage|p2a: Slowking|68\/100\n|-damage|p1a: Shaymin|71\/100 par|[from] item: Life Orb\n|\n|upkeep\n|turn|4\n|\n|t:|1697481519\n|move|p1a: Shaymin|Air Slash|p2a: Slowking\n|-damage|p2a: Slowking|37\/100\n|-damage|p1a: Shaymin|61\/100 par|[from] item: Life Orb\n|cant|p2a: Slowking|flinch\n|\n|upkeep\n|turn|5\n|\n|t:|1697481533\n|switch|p2a: Gholdengo|Gholdengo|100\/100\n|move|p1a: Shaymin|Air Slash|p2a: Gholdengo\n|-resisted|p2a: Gholdengo\n|-damage|p2a: Gholdengo|73\/100\n|-damage|p1a: Shaymin|51\/100 par|[from] item: Life Orb\n|\n|upkeep\n|turn|6\n|\n|t:|1697481541\n|move|p2a: Gholdengo|Make It Rain|p1a: Shaymin\n|-damage|p1a: Shaymin|0 fnt\n|-unboost|p2a: Gholdengo|spa|1\n|faint|p1a: Shaymin\n|\n|upkeep\n|\n|t:|1697481560\n|switch|p1a: Palkia|Palkia-Origin|100\/100\n|-damage|p1a: Palkia|88\/100|[from] Spikes\n|-ability|p1a: Palkia|Pressure\n|turn|7\n|\n|t:|1697481575\n|switch|p2a: Magearna|Magearna|61\/100\n|move|p1a: Palkia|Surf|p2a: Magearna\n|-damage|p2a: Magearna|17\/100\n|\n|-heal|p2a: Magearna|23\/100|[from] item: Leftovers\n|upkeep\n|turn|8\n|\n|t:|1697481584\n|switch|p2a: Giratina|Giratina|100\/100\n|-ability|p2a: Giratina|Pressure\n|move|p1a: Palkia|Surf|p2a: Giratina\n|-resisted|p2a: Giratina\n|-damage|p2a: Giratina|84\/100\n|\n|upkeep\n|turn|9\n|\n|t:|1697481594\n|move|p1a: Palkia|Spacial Rend|p2a: Giratina\n|-supereffective|p2a: Giratina\n|-crit|p2a: Giratina\n|-damage|p2a: Giratina|0 fnt\n|faint|p2a: Giratina\n|\n|upkeep\n|\n|t:|1697481599\n|switch|p2a: Arceus|Arceus-Dark|100\/100\n|turn|10\n|\n|t:|1697481606\n|move|p1a: Palkia|Spacial Rend|p2a: Arceus\n|-damage|p2a: Arceus|58\/100\n|move|p2a: Arceus|Calm Mind|p2a: Arceus\n|-boost|p2a: Arceus|spa|1\n|-boost|p2a: Arceus|spd|1\n|\n|upkeep\n|turn|11\n|\n|t:|1697481615\n|switch|p1a: Zacian|Zacian|100\/100\n|-damage|p1a: Zacian|88\/100|[from] Spikes\n|-ability|p1a: Zacian|Intrepid Sword|boost\n|-boost|p1a: Zacian|atk|1\n|move|p2a: Arceus|Recover|p2a: Arceus\n|-heal|p2a: Arceus|100\/100\n|\n|upkeep\n|turn|12\n|\n|t:|1697481632\n|switch|p2a: Magearna|Magearna|23\/100\n|move|p1a: Zacian|Play Rough|p2a: Magearna\n|-resisted|p2a: Magearna\n|-damage|p2a: Magearna|0 fnt\n|faint|p2a: Magearna\n|\n|upkeep\n|\n|t:|1697481642\n|switch|p2a: Slowking|Slowking-Galar, M|70\/100\n|turn|13\n|\n|t:|1697481650\n|switch|p1a: Arceus|Arceus-Dark|100\/100\n|-damage|p1a: Arceus|88\/100|[from] Spikes\n|move|p2a: Slowking|Sludge Bomb|p1a: Arceus\n|-damage|p1a: Arceus|66\/100\n|\n|upkeep\n|turn|14\n|\n|t:|1697481658\n|move|p1a: Arceus|Foul Play|p2a: Slowking\n|-supereffective|p2a: Slowking\n|-damage|p2a: Slowking|34\/100\n|move|p2a: Slowking|Toxic|p1a: Arceus\n|-status|p1a: Arceus|tox\n|\n|-damage|p1a: Arceus|60\/100 tox|[from] psn\n|upkeep\n|turn|15\n|\n|t:|1697481667\n|switch|p2a: Arceus|Arceus-Dark|100\/100\n|move|p1a: Arceus|Foul Play|p2a: Arceus\n|-resisted|p2a: Arceus\n|-damage|p2a: Arceus|89\/100\n|\n|-damage|p1a: Arceus|48\/100 tox|[from] psn\n|upkeep\n|turn|16\n|\n|t:|1697481676\n|move|p1a: Arceus|Taunt|p2a: Arceus\n|-start|p2a: Arceus|move: Taunt\n|cant|p2a: Arceus|move: Taunt|Calm Mind\n|\n|-damage|p1a: Arceus|29\/100 tox|[from] psn\n|upkeep\n|turn|17\n|\n|t:|1697481684\n|switch|p2a: Garganacl|Garganacl, F|100\/100\n|move|p1a: Arceus|Thunder Wave|p2a: Garganacl\n|-immune|p2a: Garganacl|[from] ability: Purifying Salt\n|\n|-damage|p1a: Arceus|5\/100 tox|[from] psn\n|upkeep\n|turn|18\n|\n|t:|1697481693\n|move|p1a: Arceus|Foul Play|p2a: Garganacl\n|-damage|p2a: Garganacl|79\/100\n|move|p2a: Garganacl|Stealth Rock|p1a: Arceus\n|-sidestart|p1: Dhdjdjd|move: Stealth Rock\n|\n|-heal|p2a: Garganacl|85\/100|[from] item: Leftovers\n|-damage|p1a: Arceus|0 fnt|[from] psn\n|faint|p1a: Arceus\n|upkeep\n|\n|t:|1697481706\n|switch|p1a: Palkia|Palkia-Origin|88\/100\n|-damage|p1a: Palkia|76\/100|[from] Spikes\n|-damage|p1a: Palkia|63\/100|[from] Stealth Rock\n|-ability|p1a: Palkia|Pressure\n|turn|19\n|\n|t:|1697481715\n|move|p1a: Palkia|Surf|p2a: Garganacl\n|-supereffective|p2a: Garganacl\n|-damage|p2a: Garganacl|0 fnt\n|faint|p2a: Garganacl\n|\n|upkeep\n|c|\u2606Acetraineraegis|Forgot to set my teras lol\n|\n|t:|1697481731\n|switch|p2a: Slowking|Slowking-Galar, M|67\/100\n|turn|20\n|\n|t:|1697481735\n|move|p1a: Palkia|Spacial Rend|p2a: Slowking\n|-damage|p2a: Slowking|22\/100\n|move|p2a: Slowking|Toxic|p1a: Palkia\n|-status|p1a: Palkia|tox\n|\n|-damage|p1a: Palkia|57\/100 tox|[from] psn\n|upkeep\n|turn|21\n|\n|t:|1697481743\n|switch|p2a: Gholdengo|Gholdengo|73\/100\n|move|p1a: Palkia|Spacial Rend|p2a: Gholdengo\n|-resisted|p2a: Gholdengo\n|-damage|p2a: Gholdengo|30\/100\n|\n|-damage|p1a: Palkia|44\/100 tox|[from] psn\n|upkeep\n|turn|22\n|\n|t:|1697481758\n|switch|p1a: Chi-Yu|Chi-Yu|100\/100\n|-damage|p1a: Chi-Yu|88\/100|[from] Spikes\n|-damage|p1a: Chi-Yu|63\/100|[from] Stealth Rock\n|-ability|p1a: Chi-Yu|Beads of Ruin\n|move|p2a: Gholdengo|Dazzling Gleam|p1a: Chi-Yu\n|-damage|p1a: Chi-Yu|26\/100\n|\n|upkeep\n|turn|23\n|\n|t:|1697481771\n|switch|p2a: Arceus|Arceus-Dark|89\/100\n|move|p1a: Chi-Yu|Dark Pulse|p2a: Arceus\n|-resisted|p2a: Arceus\n|-damage|p2a: Arceus|72\/100\n|\n|upkeep\n|turn|24\n|\n|t:|1697481779\n|move|p1a: Chi-Yu|Dark Pulse|p2a: Arceus\n|-resisted|p2a: Arceus\n|-damage|p2a: Arceus|55\/100\n|move|p2a: Arceus|Calm Mind|p2a: Arceus\n|-boost|p2a: Arceus|spa|1\n|-boost|p2a: Arceus|spd|1\n|\n|upkeep\n|turn|25\n|\n|t:|1697481790\n|move|p1a: Chi-Yu|Dark Pulse|p2a: Arceus\n|-resisted|p2a: Arceus\n|-damage|p2a: Arceus|43\/100\n|move|p2a: Arceus|Recover|p2a: Arceus\n|-heal|p2a: Arceus|93\/100\n|\n|upkeep\n|turn|26\n|\n|t:|1697481799\n|switch|p1a: Urshifu|Urshifu, F|100\/100\n|-damage|p1a: Urshifu|88\/100|[from] Spikes\n|-damage|p1a: Urshifu|82\/100|[from] Stealth Rock\n|move|p2a: Arceus|Calm Mind|p2a: Arceus\n|-boost|p2a: Arceus|spa|1\n|-boost|p2a: Arceus|spd|1\n|\n|upkeep\n|turn|27\n|\n|t:|1697481819\n|move|p1a: Urshifu|Wicked Blow|p2a: Arceus\n|-resisted|p2a: Arceus\n|-crit|p2a: Arceus\n|-damage|p2a: Arceus|76\/100\n|move|p2a: Arceus|Roar|p1a: Urshifu\n|drag|p1a: Palkia|Palkia-Origin|44\/100 tox\n|-damage|p1a: Palkia|32\/100 tox|[from] Spikes\n|-damage|p1a: Palkia|20\/100 tox|[from] Stealth Rock\n|-ability|p1a: Palkia|Pressure\n|\n|-damage|p1a: Palkia|13\/100 tox|[from] psn\n|upkeep\n|turn|28\n|\n|t:|1697481834\n|move|p1a: Palkia|Spacial Rend|p2a: Arceus\n|-damage|p2a: Arceus|56\/100\n|move|p2a: Arceus|Dark Pulse|p1a: Palkia\n|-damage|p1a: Palkia|0 fnt\n|faint|p1a: Palkia\n|\n|upkeep\n|\n|t:|1697481842\n|switch|p1a: Zacian|Zacian|88\/100\n|-damage|p1a: Zacian|76\/100|[from] Spikes\n|-damage|p1a: Zacian|64\/100|[from] Stealth Rock\n|turn|29\n|\n|t:|1697481863\n|-terastallize|p1a: Zacian|Fairy\n|move|p1a: Zacian|Play Rough|p2a: Arceus\n|-supereffective|p2a: Arceus\n|-damage|p2a: Arceus|0 fnt\n|faint|p2a: Arceus\n|\n|upkeep\n|\n|t:|1697481873\n|switch|p2a: Gholdengo|Gholdengo|30\/100\n|turn|30\n|\n|t:|1697481876\n|switch|p2a: Slowking|Slowking-Galar, M|55\/100\n|move|p1a: Zacian|Play Rough|p2a: Slowking\n|-resisted|p2a: Slowking\n|-damage|p2a: Slowking|11\/100\n|\n|upkeep\n|turn|31\n|\n|t:|1697481885\n|move|p1a: Zacian|Play Rough|p2a: Slowking\n|-resisted|p2a: Slowking\n|-damage|p2a: Slowking|0 fnt\n|faint|p2a: Slowking\n|\n|upkeep\n|\n|t:|1697481886\n|switch|p2a: Gholdengo|Gholdengo|30\/100\n|turn|32\n|\n|t:|1697481894\n|-terastallize|p2a: Gholdengo|Steel\n|move|p1a: Zacian|Play Rough|p2a: Gholdengo\n|-resisted|p2a: Gholdengo\n|-damage|p2a: Gholdengo|0 fnt\n|faint|p2a: Gholdengo\n|\n|win|Dhdjdjd\n|c|\u2606Acetraineraegis|Gg\n|l|\u2606Dhdjdjd\n|l|\u2606Acetraineraegis\n|j|\u2606Dhdjdjd\n|player|p1|Dhdjdjd|2\n","uploadtime":1697481911,"views":49,"p1id":"dhdjdjd","p2id":"acetraineraegis","formatid":"gen9ubers","rating":0,"private":0,"password":""}