{"id":"gen9ubers-1978542459","p1":"PinkScourge","p2":"Laprasrules12","format":"[Gen 9] Ubers","log":"|j|\u2606PinkScourge\n|j|\u2606Laprasrules12\n|t:|1698553156\n|gametype|singles\n|player|p1|PinkScourge|bede-leader|\n|player|p2|Laprasrules12|lusamine-nihilego|\n|teamsize|p1|6\n|teamsize|p2|6\n|gen|9\n|tier|[Gen 9] Ubers\n|rule|Sleep Clause Mod: Limit one foe put to sleep\n|rule|Species Clause: Limit one of each Pok\u00e9mon\n|rule|OHKO Clause: OHKO moves are banned\n|rule|Evasion Items Clause: Evasion items are banned\n|rule|Evasion Moves Clause: Evasion moves are banned\n|rule|Endless Battle Clause: Forcing endless battles is banned\n|rule|HP Percentage Mod: HP is shown in percentages\n|clearpoke\n|poke|p1|Indeedee-F, F|\n|poke|p1|Arceus-Psychic|\n|poke|p1|Magearna|\n|poke|p1|Alomomola, F|\n|poke|p1|Mandibuzz, F|\n|poke|p1|Slowking-Galar, F|\n|poke|p2|Arceus-Fighting|\n|poke|p2|Espathra, F|\n|poke|p2|Zacian-*|\n|poke|p2|Palkia-Origin|\n|poke|p2|Cyclizar, F|\n|poke|p2|Magearna-Original|\n|teampreview\n|inactive|Battle timer is ON: inactive players will automatically lose when time's up. (requested by PinkScourge)\n|inactive|Laprasrules12 also wants the timer to be on.\n|\n|t:|1698553166\n|start\n|switch|p1a: Arceus|Arceus-Psychic|100\/100\n|switch|p2a: Say Gex|Cyclizar, F, shiny|100\/100\n|turn|1\n|\n|t:|1698553169\n|move|p2a: Say Gex|Shed Tail|p2a: Say Gex\n|-start|p2a: Say Gex|Substitute|[from] move: Shed Tail\n|-damage|p2a: Say Gex|50\/100\n|\n|t:|1698553174\n|switch|p2a: Cleopatra|Espathra, F, shiny|100\/100|[from] Shed Tail\n|move|p1a: Arceus|Future Sight|p2a: Cleopatra\n|-start|p1a: Arceus|move: Future Sight\n|\n|upkeep\n|turn|2\n|\n|t:|1698553178\n|move|p2a: Cleopatra|Calm Mind|p2a: Cleopatra\n|-boost|p2a: Cleopatra|spa|1\n|-boost|p2a: Cleopatra|spd|1\n|move|p1a: Arceus|Perish Song|p1a: Arceus\n|-start|p1a: Arceus|perish3|[silent]\n|-start|p2a: Cleopatra|perish3|[silent]\n|-fieldactivate|move: Perish Song\n|\n|-start|p2a: Cleopatra|perish3\n|-start|p1a: Arceus|perish3\n|-ability|p2a: Cleopatra|Speed Boost|boost\n|-boost|p2a: Cleopatra|spe|1\n|upkeep\n|turn|3\n|\n|t:|1698553181\n|switch|p1a: Indeedee|Indeedee-F, F|100\/100\n|-fieldstart|move: Psychic Terrain|[from] ability: Psychic Surge|[of] p1a: Indeedee\n|move|p2a: Cleopatra|Tera Blast|p1a: Indeedee\n|-damage|p1a: Indeedee|62\/100\n|\n|-end|p2a: Cleopatra|move: Future Sight\n|-resisted|p2a: Cleopatra\n|-end|p2a: Cleopatra|Substitute\n|-start|p2a: Cleopatra|perish2\n|-ability|p2a: Cleopatra|Speed Boost|boost\n|-boost|p2a: Cleopatra|spe|1\n|upkeep\n|turn|4\n|c|\u2606Laprasrules12|I forgot about thay fucj\n|\n|t:|1698553196\n|switch|p1a: Magearna|Magearna|100\/100\n|move|p2a: Cleopatra|Stored Power|p1a: Magearna\n|-resisted|p1a: Magearna\n|-damage|p1a: Magearna|59\/100\n|\n|-heal|p1a: Magearna|65\/100|[from] item: Leftovers\n|-start|p2a: Cleopatra|perish1\n|-ability|p2a: Cleopatra|Speed Boost|boost\n|-boost|p2a: Cleopatra|spe|1\n|upkeep\n|turn|5\n|\n|t:|1698553211\n|switch|p2a: Pok\u00e9ball|Magearna-Original|100\/100\n|move|p1a: Magearna|Volt Switch|p2a: Pok\u00e9ball\n|-damage|p2a: Pok\u00e9ball|83\/100\n|\n|t:|1698553216\n|switch|p1a: Arceus|Arceus-Psychic|100\/100|[from] Volt Switch\n|\n|-heal|p2a: Pok\u00e9ball|90\/100|[from] item: Leftovers\n|upkeep\n|turn|6\n|\n|t:|1698553219\n|move|p1a: Arceus|Future Sight|p2a: Pok\u00e9ball\n|-start|p1a: Arceus|move: Future Sight\n|move|p2a: Pok\u00e9ball|Thunder Wave|p1a: Arceus\n|-status|p1a: Arceus|par\n|\n|-heal|p2a: Pok\u00e9ball|96\/100|[from] item: Leftovers\n|upkeep\n|turn|7\n|\n|t:|1698553228\n|move|p2a: Pok\u00e9ball|Spikes|p1a: Arceus\n|-sidestart|p1: PinkScourge|Spikes\n|cant|p1a: Arceus|par\n|\n|-heal|p2a: Pok\u00e9ball|100\/100|[from] item: Leftovers\n|upkeep\n|turn|8\n|\n|t:|1698553235\n|move|p2a: Pok\u00e9ball|Fleur Cannon|p1a: Arceus\n|-damage|p1a: Arceus|65\/100 par\n|-unboost|p2a: Pok\u00e9ball|spa|2\n|move|p1a: Arceus|Body Press|p2a: Pok\u00e9ball\n|-damage|p2a: Pok\u00e9ball|82\/100\n|\n|-end|p2a: Pok\u00e9ball|move: Future Sight\n|-resisted|p2a: Pok\u00e9ball\n|-damage|p2a: Pok\u00e9ball|52\/100\n|-heal|p2a: Pok\u00e9ball|58\/100|[from] item: Leftovers\n|upkeep\n|turn|9\n|\n|t:|1698553243\n|move|p2a: Pok\u00e9ball|Volt Switch|p1a: Arceus\n|-damage|p1a: Arceus|59\/100 par\n|\n|t:|1698553246\n|switch|p2a: Cleopatra|Espathra, F, shiny|100\/100|[from] Volt Switch\n|cant|p1a: Arceus|par\n|\n|upkeep\n|turn|10\n|\n|t:|1698553251\n|move|p2a: Cleopatra|Calm Mind|p2a: Cleopatra\n|-boost|p2a: Cleopatra|spa|1\n|-boost|p2a: Cleopatra|spd|1\n|move|p1a: Arceus|Perish Song|p1a: Arceus\n|-start|p1a: Arceus|perish3|[silent]\n|-start|p2a: Cleopatra|perish3|[silent]\n|-fieldactivate|move: Perish Song\n|\n|-start|p2a: Cleopatra|perish3\n|-start|p1a: Arceus|perish3\n|-fieldend|move: Psychic Terrain\n|-ability|p2a: Cleopatra|Speed Boost|boost\n|-boost|p2a: Cleopatra|spe|1\n|upkeep\n|turn|11\n|\n|t:|1698553262\n|switch|p1a: Slowking|Slowking-Galar, F|100\/100\n|move|p2a: Cleopatra|Tera Blast|p1a: Slowking\n|-damage|p1a: Slowking|78\/100\n|\n|-start|p2a: Cleopatra|perish2\n|-ability|p2a: Cleopatra|Speed Boost|boost\n|-boost|p2a: Cleopatra|spe|1\n|upkeep\n|turn|12\n|\n|t:|1698553270\n|move|p2a: Cleopatra|Stored Power|p1a: Slowking\n|-damage|p1a: Slowking|31\/100\n|move|p1a: Slowking|Future Sight|p2a: Cleopatra\n|-start|p1a: Slowking|move: Future Sight\n|\n|-start|p2a: Cleopatra|perish1\n|-ability|p2a: Cleopatra|Speed Boost|boost\n|-boost|p2a: Cleopatra|spe|1\n|upkeep\n|turn|13\n|\n|t:|1698553277\n|switch|p2a: Kratos|Arceus-Fighting, shiny|100\/100\n|move|p1a: Slowking|Fire Blast|p2a: Kratos|[miss]\n|-miss|p1a: Slowking|p2a: Kratos\n|\n|upkeep\n|turn|14\n|\n|t:|1698553283\n|move|p2a: Kratos|Cosmic Power|p2a: Kratos\n|-boost|p2a: Kratos|def|1\n|-boost|p2a: Kratos|spd|1\n|move|p1a: Slowking|Chilly Reception|p1a: Slowking\n|-weather|Snow\n|\n|t:|1698553292\n|switch|p1a: Indeedee|Indeedee-F, F|62\/100|[from] Chilly Reception\n|-damage|p1a: Indeedee|49\/100|[from] Spikes\n|-fieldstart|move: Psychic Terrain|[from] ability: Psychic Surge|[of] p1a: Indeedee\n|\n|-weather|Snow|[upkeep]\n|-end|p2a: Kratos|move: Future Sight\n|-supereffective|p2a: Kratos\n|-damage|p2a: Kratos|45\/100\n|upkeep\n|turn|15\n|\n|t:|1698553302\n|move|p2a: Kratos|Body Press|p1a: Indeedee\n|-damage|p1a: Indeedee|0 fnt\n|faint|p1a: Indeedee\n|\n|-weather|Snow|[upkeep]\n|upkeep\n|c|\u2606PinkScourge|Sadge\n|c|\u2606Laprasrules12|I got a kill lets go\n|\n|t:|1698553314\n|switch|p1a: Arceus|Arceus-Psychic|59\/100 par\n|-damage|p1a: Arceus|46\/100 par|[from] Spikes\n|turn|16\n|\n|t:|1698553319\n|move|p2a: Kratos|Body Press|p1a: Arceus\n|-resisted|p1a: Arceus\n|-damage|p1a: Arceus|22\/100 par\n|move|p1a: Arceus|Future Sight|p2a: Kratos\n|-start|p1a: Arceus|move: Future Sight\n|\n|-weather|Snow|[upkeep]\n|upkeep\n|turn|17\n|\n|t:|1698553325\n|switch|p1a: Alomomola|Alomomola, F|100\/100\n|-damage|p1a: Alomomola|88\/100|[from] Spikes\n|move|p2a: Kratos|Body Press|p1a: Alomomola\n|-damage|p1a: Alomomola|41\/100\n|-damage|p2a: Kratos|28\/100|[from] item: Rocky Helmet|[of] p1a: Alomomola\n|\n|-weather|Snow|[upkeep]\n|upkeep\n|turn|18\n|\n|t:|1698553337\n|move|p2a: Kratos|Body Press|p1a: Alomomola\n|-damage|p1a: Alomomola|2\/100\n|-damage|p2a: Kratos|12\/100|[from] item: Rocky Helmet|[of] p1a: Alomomola\n|move|p1a: Alomomola|Wish|p1a: Alomomola\n|\n|-weather|none\n|-end|p2a: Kratos|move: Future Sight\n|-supereffective|p2a: Kratos\n|-damage|p2a: Kratos|0 fnt\n|faint|p2a: Kratos\n|upkeep\n|\n|t:|1698553341\n|switch|p2a: Cleopatra|Espathra, F, shiny|100\/100\n|turn|19\n|c|\u2606Laprasrules12|Damn\n|\n|t:|1698553348\n|switch|p1a: Arceus|Arceus-Psychic|22\/100 par\n|-damage|p1a: Arceus|9\/100 par|[from] Spikes\n|move|p2a: Cleopatra|Calm Mind|p2a: Cleopatra\n|-boost|p2a: Cleopatra|spa|1\n|-boost|p2a: Cleopatra|spd|1\n|\n|-heal|p1a: Arceus|63\/100 par|[from] move: Wish|[wisher] Alomomola\n|-ability|p2a: Cleopatra|Speed Boost|boost\n|-boost|p2a: Cleopatra|spe|1\n|upkeep\n|turn|20\n|\n|t:|1698553356\n|move|p2a: Cleopatra|Calm Mind|p2a: Cleopatra\n|-boost|p2a: Cleopatra|spa|1\n|-boost|p2a: Cleopatra|spd|1\n|move|p1a: Arceus|Perish Song|p1a: Arceus\n|-start|p1a: Arceus|perish3|[silent]\n|-start|p2a: Cleopatra|perish3|[silent]\n|-fieldactivate|move: Perish Song\n|\n|-start|p2a: Cleopatra|perish3\n|-start|p1a: Arceus|perish3\n|-ability|p2a: Cleopatra|Speed Boost|boost\n|-boost|p2a: Cleopatra|spe|1\n|upkeep\n|turn|21\n|\n|t:|1698553362\n|switch|p1a: Mandibuzz|Mandibuzz, F|100\/100\n|move|p2a: Cleopatra|Stored Power|p1a: Mandibuzz\n|-immune|p1a: Mandibuzz\n|\n|-start|p2a: Cleopatra|perish2\n|-fieldend|move: Psychic Terrain\n|-ability|p2a: Cleopatra|Speed Boost|boost\n|-boost|p2a: Cleopatra|spe|1\n|upkeep\n|turn|22\n|\n|t:|1698553371\n|-terastallize|p2a: Cleopatra|Fighting\n|move|p2a: Cleopatra|Tera Blast|p1a: Mandibuzz|[anim] Tera Blast Fighting\n|-damage|p1a: Mandibuzz|53\/100\n|move|p1a: Mandibuzz|U-turn|p2a: Cleopatra\n|-resisted|p2a: Cleopatra\n|-damage|p2a: Cleopatra|92\/100\n|\n|t:|1698553381\n|switch|p1a: Slowking|Slowking-Galar, F|64\/100|[from] U-turn\n|\n|-heal|p2a: Cleopatra|98\/100|[from] item: Leftovers\n|-start|p2a: Cleopatra|perish1\n|-ability|p2a: Cleopatra|Speed Boost|boost\n|-boost|p2a: Cleopatra|spe|1\n|upkeep\n|turn|23\n|\n|t:|1698553384\n|switch|p2a: Pok\u00e9ball|Magearna-Original|58\/100\n|move|p1a: Slowking|Future Sight|p2a: Pok\u00e9ball\n|-start|p1a: Slowking|move: Future Sight\n|\n|-heal|p2a: Pok\u00e9ball|64\/100|[from] item: Leftovers\n|upkeep\n|turn|24\n|\n|t:|1698553390\n|move|p2a: Pok\u00e9ball|Thunder Wave|p1a: Slowking\n|-status|p1a: Slowking|par\n|move|p1a: Slowking|Fire Blast|p2a: Pok\u00e9ball|[miss]\n|-miss|p1a: Slowking|p2a: Pok\u00e9ball\n|\n|-heal|p2a: Pok\u00e9ball|70\/100|[from] item: Leftovers\n|upkeep\n|turn|25\n|\n|t:|1698553395\n|move|p2a: Pok\u00e9ball|Volt Switch|p1a: Slowking\n|-damage|p1a: Slowking|52\/100 par\n|\n|t:|1698553400\n|switch|p2a: Cleopatra|Espathra, F, shiny, tera:Fighting|98\/100|[from] Volt Switch\n|move|p1a: Slowking|Chilly Reception|p1a: Slowking\n|-weather|Snow\n|\n|t:|1698553406\n|switch|p1a: Magearna|Magearna|65\/100|[from] Chilly Reception\n|-damage|p1a: Magearna|53\/100|[from] Spikes\n|\n|-weather|Snow|[upkeep]\n|-end|p2a: Cleopatra|move: Future Sight\n|-supereffective|p2a: Cleopatra\n|-crit|p2a: Cleopatra\n|-damage|p2a: Cleopatra|0 fnt\n|faint|p2a: Cleopatra\n|-ability|p1a: Magearna|Soul-Heart|boost\n|-boost|p1a: Magearna|spa|1\n|-heal|p1a: Magearna|59\/100|[from] item: Leftovers\n|upkeep\n|c|\u2606Laprasrules12|I forgot about thay damn\n|\n|t:|1698553424\n|switch|p2a: The Horse|Palkia-Origin, shiny|100\/100\n|-ability|p2a: The Horse|Pressure\n|turn|26\n|\n|t:|1698553432\n|move|p2a: The Horse|Substitute|p2a: The Horse\n|-start|p2a: The Horse|Substitute\n|-damage|p2a: The Horse|76\/100\n|move|p1a: Magearna|Fleur Cannon|p2a: The Horse\n|-supereffective|p2a: The Horse\n|-end|p2a: The Horse|Substitute\n|-unboost|p1a: Magearna|spa|2\n|\n|-weather|Snow|[upkeep]\n|-heal|p1a: Magearna|65\/100|[from] item: Leftovers\n|upkeep\n|turn|27\n|\n|t:|1698553438\n|move|p2a: The Horse|Substitute|p2a: The Horse\n|-start|p2a: The Horse|Substitute\n|-damage|p2a: The Horse|51\/100\n|move|p1a: Magearna|Volt Switch|p2a: The Horse\n|-activate|p2a: The Horse|move: Substitute|[damage]\n|\n|t:|1698553445\n|switch|p1a: Alomomola|Alomomola, F|35\/100|[from] Volt Switch\n|-damage|p1a: Alomomola|23\/100|[from] Spikes\n|\n|-weather|Snow|[upkeep]\n|upkeep\n|turn|28\n|\n|t:|1698553451\n|switch|p1a: Slowking|Slowking-Galar, F|85\/100 par\n|move|p2a: The Horse|Hydro Pump|p1a: Slowking\n|-damage|p1a: Slowking|37\/100 par\n|\n|-weather|Snow|[upkeep]\n|upkeep\n|turn|29\n|\n|t:|1698553463\n|switch|p1a: Alomomola|Alomomola, F|56\/100\n|-damage|p1a: Alomomola|43\/100|[from] Spikes\n|move|p2a: The Horse|Spacial Rend|p1a: Alomomola\n|-damage|p1a: Alomomola|0 fnt\n|faint|p1a: Alomomola\n|\n|-weather|none\n|upkeep\n|\n|t:|1698553480\n|switch|p1a: Slowking|Slowking-Galar, F|71\/100 par\n|turn|30\n|\n|t:|1698553484\n|move|p2a: The Horse|Hydro Pump|p1a: Slowking\n|-damage|p1a: Slowking|24\/100 par\n|move|p1a: Slowking|Future Sight|p2a: The Horse\n|-start|p1a: Slowking|move: Future Sight\n|\n|upkeep\n|turn|31\n|\n|t:|1698553498\n|switch|p1a: Mandibuzz|Mandibuzz, F|53\/100\n|move|p2a: The Horse|Spacial Rend|p1a: Mandibuzz\n|-crit|p1a: Mandibuzz\n|-damage|p1a: Mandibuzz|0 fnt\n|faint|p1a: Mandibuzz\n|\n|upkeep\n|\n|t:|1698553504\n|switch|p1a: Magearna|Magearna|65\/100\n|-damage|p1a: Magearna|52\/100|[from] Spikes\n|turn|32\n|\n|t:|1698553509\n|move|p2a: The Horse|Flamethrower|p1a: Magearna\n|-supereffective|p1a: Magearna\n|-damage|p1a: Magearna|0 fnt\n|faint|p1a: Magearna\n|\n|-end|p2a: The Horse|move: Future Sight\n|-end|p2a: The Horse|Substitute\n|upkeep\n|c|\u2606PinkScourge|Daaaamn\n|\n|t:|1698553521\n|switch|p1a: Arceus|Arceus-Psychic|63\/100 par\n|-damage|p1a: Arceus|51\/100 par|[from] Spikes\n|turn|33\n|\n|t:|1698553526\n|move|p2a: The Horse|Hydro Pump|p1a: Arceus\n|-damage|p1a: Arceus|5\/100 par\n|cant|p1a: Arceus|par\n|\n|upkeep\n|turn|34\n|\n|t:|1698553531\n|move|p2a: The Horse|Flamethrower|p1a: Arceus\n|-damage|p1a: Arceus|0 fnt\n|faint|p1a: Arceus\n|\n|upkeep\n|c|\u2606Laprasrules12|GG\n|c|\u2606PinkScourge|GG\n|\n|t:|1698553536\n|switch|p1a: Slowking|Slowking-Galar, F|57\/100 par\n|turn|35\n|\n|t:|1698553542\n|move|p2a: The Horse|Hydro Pump|p1a: Slowking\n|-damage|p1a: Slowking|8\/100 par\n|move|p1a: Slowking|Future Sight|p2a: The Horse\n|-start|p1a: Slowking|move: Future Sight\n|\n|upkeep\n|turn|36\n|\n|t:|1698553551\n|move|p2a: The Horse|Flamethrower|p1a: Slowking\n|-damage|p1a: Slowking|0 fnt\n|faint|p1a: Slowking\n|\n|win|Laprasrules12\n|c|\u2606PinkScourge|Palkia hurts this team lol\n|c|\u2606PinkScourge|My other team walls this one\n|c|\u2606Laprasrules12|Opp\n","uploadtime":1698553554,"views":16,"p1id":"pinkscourge","p2id":"laprasrules12","formatid":"gen9ubers","rating":0,"private":0,"password":""}