{"id":"gen9ubers-1986457642","p1":"termofservice","p2":"LadyMaria-Blue","format":"[Gen 9] Ubers","log":"|j|\u2606termofservice\n|j|\u2606LadyMaria-Blue\n|t:|1699481081\n|gametype|singles\n|player|p1|termofservice|cynthia-masters|\n|player|p2|LadyMaria-Blue|cynthia|\n|teamsize|p1|6\n|teamsize|p2|6\n|gen|9\n|tier|[Gen 9] Ubers\n|rule|Sleep Clause Mod: Limit one foe put to sleep\n|rule|Species Clause: Limit one of each Pok\u00e9mon\n|rule|OHKO Clause: OHKO moves are banned\n|rule|Evasion Items Clause: Evasion items are banned\n|rule|Evasion Moves Clause: Evasion moves are banned\n|rule|Endless Battle Clause: Forcing endless battles is banned\n|rule|HP Percentage Mod: HP is shown in percentages\n|clearpoke\n|poke|p1|Indeedee-F, F|\n|poke|p1|Espathra, F|\n|poke|p1|Veluza, M|\n|poke|p1|Zacian-*|\n|poke|p1|Palkia-Origin|\n|poke|p1|Armarouge, F|\n|poke|p2|Baxcalibur, F|\n|poke|p2|Milotic, F|\n|poke|p2|Zacian-*|\n|poke|p2|Mandibuzz, F|\n|poke|p2|Arceus-Poison|\n|poke|p2|Magearna|\n|teampreview\n|\n|t:|1699481090\n|start\n|switch|p1a: Indeedee|Indeedee-F, F|100\/100\n|switch|p2a: Magearna|Magearna|100\/100\n|-fieldstart|move: Psychic Terrain|[from] ability: Psychic Surge|[of] p1a: Indeedee\n|turn|1\n|\n|t:|1699481098\n|switch|p1a: Armarouge|Armarouge, F|100\/100\n|move|p2a: Magearna|Volt Switch|p1a: Armarouge\n|-damage|p1a: Armarouge|73\/100\n|\n|t:|1699481103\n|switch|p2a: Milotic|Milotic, F, shiny|100\/100|[from] Volt Switch\n|\n|upkeep\n|turn|2\n|\n|t:|1699481112\n|move|p1a: Armarouge|Expanding Force|p2a: Milotic\n|-damage|p2a: Milotic|39\/100\n|-damage|p1a: Armarouge|63\/100|[from] item: Life Orb\n|move|p2a: Milotic|Scald|p1a: Armarouge\n|-supereffective|p1a: Armarouge\n|-damage|p1a: Armarouge|0 fnt\n|faint|p1a: Armarouge\n|\n|-heal|p2a: Milotic|45\/100|[from] item: Leftovers\n|upkeep\n|\n|t:|1699481123\n|switch|p1a: Espathra|Espathra, F|100\/100\n|turn|3\n|\n|t:|1699481126\n|move|p1a: Espathra|Calm Mind|p1a: Espathra\n|-boost|p1a: Espathra|spa|1\n|-boost|p1a: Espathra|spd|1\n|move|p2a: Milotic|Recover|p2a: Milotic\n|-heal|p2a: Milotic|95\/100\n|\n|-heal|p2a: Milotic|100\/100|[from] item: Leftovers\n|-ability|p1a: Espathra|Speed Boost|boost\n|-boost|p1a: Espathra|spe|1\n|upkeep\n|turn|4\n|\n|t:|1699481128\n|move|p1a: Espathra|Calm Mind|p1a: Espathra\n|-boost|p1a: Espathra|spa|1\n|-boost|p1a: Espathra|spd|1\n|move|p2a: Milotic|Haze|p2a: Milotic\n|-clearallboost\n|\n|-ability|p1a: Espathra|Speed Boost|boost\n|-boost|p1a: Espathra|spe|1\n|upkeep\n|turn|5\n|\n|t:|1699481135\n|move|p1a: Espathra|Calm Mind|p1a: Espathra\n|-boost|p1a: Espathra|spa|1\n|-boost|p1a: Espathra|spd|1\n|move|p2a: Milotic|Scald|p1a: Espathra\n|-damage|p1a: Espathra|69\/100\n|\n|-fieldend|move: Psychic Terrain\n|-ability|p1a: Espathra|Speed Boost|boost\n|-boost|p1a: Espathra|spe|1\n|upkeep\n|turn|6\n|\n|t:|1699481143\n|move|p1a: Espathra|Stored Power|p2a: Milotic\n|-damage|p2a: Milotic|59\/100\n|move|p2a: Milotic|Haze|p2a: Milotic\n|-clearallboost\n|\n|-heal|p2a: Milotic|65\/100|[from] item: Leftovers\n|-ability|p1a: Espathra|Speed Boost|boost\n|-boost|p1a: Espathra|spe|1\n|upkeep\n|turn|7\n|\n|t:|1699481146\n|move|p1a: Espathra|Psychic Terrain|p1a: Espathra\n|-fieldstart|move: Psychic Terrain\n|move|p2a: Milotic|Scald|p1a: Espathra\n|-damage|p1a: Espathra|30\/100\n|\n|-heal|p2a: Milotic|71\/100|[from] item: Leftovers\n|-ability|p1a: Espathra|Speed Boost|boost\n|-boost|p1a: Espathra|spe|1\n|upkeep\n|turn|8\n|\n|t:|1699481153\n|move|p1a: Espathra|U-turn|p2a: Milotic\n|-damage|p2a: Milotic|61\/100\n|\n|t:|1699481157\n|switch|p1a: Palkia|Palkia-Origin|100\/100|[from] U-turn\n|-ability|p1a: Palkia|Pressure\n|move|p2a: Milotic|Scald|p1a: Palkia\n|-resisted|p1a: Palkia\n|-damage|p1a: Palkia|95\/100\n|\n|-heal|p2a: Milotic|67\/100|[from] item: Leftovers\n|upkeep\n|turn|9\n|\n|t:|1699481162\n|move|p1a: Palkia|Hydro Pump|p2a: Milotic\n|-resisted|p2a: Milotic\n|-damage|p2a: Milotic|44\/100\n|move|p2a: Milotic|Flip Turn|p1a: Palkia\n|-resisted|p1a: Palkia\n|-damage|p1a: Palkia|91\/100\n|\n|t:|1699481178\n|switch|p2a: Magearna|Magearna|100\/100|[from] Flip Turn\n|\n|upkeep\n|turn|10\n|\n|t:|1699481181\n|move|p1a: Palkia|Fire Blast|p2a: Magearna\n|-supereffective|p2a: Magearna\n|-damage|p2a: Magearna|47\/100\n|move|p2a: Magearna|Spikes|p1a: Palkia\n|-sidestart|p1: termofservice|Spikes\n|\n|-heal|p2a: Magearna|53\/100|[from] item: Leftovers\n|upkeep\n|turn|11\n|\n|t:|1699481188\n|move|p1a: Palkia|Fire Blast|p2a: Magearna\n|-supereffective|p2a: Magearna\n|-damage|p2a: Magearna|4\/100\n|move|p2a: Magearna|Fleur Cannon|p1a: Palkia|[miss]\n|-miss|p2a: Magearna|p1a: Palkia\n|\n|-heal|p2a: Magearna|10\/100|[from] item: Leftovers\n|upkeep\n|turn|12\n|c|\u2606termofservice|Bruh\n|c|\u2606termofservice|OH\n|c|\u2606termofservice|HEAT\n|\n|t:|1699481202\n|move|p1a: Palkia|Ice Beam|p2a: Magearna\n|-resisted|p2a: Magearna\n|-damage|p2a: Magearna|0 fnt\n|faint|p2a: Magearna\n|\n|upkeep\n|c|\u2606LadyMaria-Blue|fuck lmao\n|\n|t:|1699481212\n|switch|p2a: Zacian|Zacian|100\/100\n|-ability|p2a: Zacian|Intrepid Sword|boost\n|-boost|p2a: Zacian|atk|1\n|turn|13\n|c|\u2606termofservice|I take back the bruh ily palkia\n|\n|t:|1699481220\n|-terastallize|p1a: Palkia|Water\n|move|p2a: Zacian|Play Rough|p1a: Palkia\n|-damage|p1a: Palkia|0 fnt\n|faint|p1a: Palkia\n|\n|upkeep\n|c|\u2606termofservice|oh\n|\n|t:|1699481244\n|switch|p1a: Zacian|Zacian, shiny|100\/100\n|-damage|p1a: Zacian|88\/100|[from] Spikes\n|-ability|p1a: Zacian|Intrepid Sword|boost\n|-boost|p1a: Zacian|atk|1\n|turn|14\n|\n|t:|1699481250\n|move|p2a: Zacian|Play Rough|p1a: Zacian\n|-damage|p1a: Zacian|0 fnt\n|faint|p1a: Zacian\n|\n|-fieldend|move: Psychic Terrain\n|upkeep\n|c|\u2606termofservice|Is this banded???\n|\n|t:|1699481260\n|switch|p1a: Indeedee|Indeedee-F, F|100\/100\n|-damage|p1a: Indeedee|88\/100|[from] Spikes\n|-fieldstart|move: Psychic Terrain|[from] ability: Psychic Surge|[of] p1a: Indeedee\n|turn|15\n|c|\u2606LadyMaria-Blue|mayhaps\n|\n|t:|1699481264\n|move|p2a: Zacian|Play Rough|p1a: Indeedee\n|-crit|p1a: Indeedee\n|-damage|p1a: Indeedee|0 fnt\n|faint|p1a: Indeedee\n|\n|upkeep\n|c|\u2606termofservice|Well shit\n|c|\u2606termofservice|GG\n|-message|termofservice forfeited.\n|\n|win|LadyMaria-Blue\n|c|\u2606LadyMaria-Blue|ggs\n","uploadtime":1699481275,"views":20,"p1id":"termofservice","p2id":"ladymariablue","formatid":"gen9ubers","rating":0,"private":0,"password":""}