{"id":"gen9ubers-1988795554","p1":"StinkinPark","p2":"susex","format":"[Gen 9] Ubers","log":"|j|\u2606StinkinPark\n|j|\u2606susex\n|t:|1699764289\n|gametype|singles\n|player|p1|StinkinPark|1|1083\n|player|p2|susex|gambler|1126\n|teamsize|p1|6\n|teamsize|p2|6\n|gen|9\n|tier|[Gen 9] Ubers\n|rated|\n|rule|Sleep Clause Mod: Limit one foe put to sleep\n|rule|Species Clause: Limit one of each Pok\u00e9mon\n|rule|OHKO Clause: OHKO moves are banned\n|rule|Evasion Items Clause: Evasion items are banned\n|rule|Evasion Moves Clause: Evasion moves are banned\n|rule|Endless Battle Clause: Forcing endless battles is banned\n|rule|HP Percentage Mod: HP is shown in percentages\n|clearpoke\n|poke|p1|Gliscor, F|\n|poke|p1|Baxcalibur, M|\n|poke|p1|Ninetales-Alola, M|\n|poke|p1|Mewtwo|\n|poke|p1|Great Tusk|\n|poke|p1|Ogerpon-Hearthflame, F|\n|poke|p2|Arceus-Psychic|\n|poke|p2|Flutter Mane|\n|poke|p2|Zacian-*|\n|poke|p2|Cinderace, M|\n|poke|p2|Kyogre|\n|poke|p2|Garchomp, M|\n|teampreview\n|\n|t:|1699764293\n|start\n|switch|p1a: Ninetales|Ninetales-Alola, M|100\/100\n|switch|p2a: Kyogre|Kyogre|100\/100\n|-weather|RainDance|[from] ability: Drizzle|[of] p2a: Kyogre\n|-weather|Snow|[from] ability: Snow Warning|[of] p1a: Ninetales\n|turn|1\n|\n|t:|1699764299\n|move|p2a: Kyogre|Heavy Slam|p1a: Ninetales\n|-supereffective|p1a: Ninetales\n|-damage|p1a: Ninetales|0 fnt\n|faint|p1a: Ninetales\n|\n|-weather|Snow|[upkeep]\n|upkeep\n|\n|t:|1699764309\n|switch|p1a: Baxcalibur|Baxcalibur, M|100\/100\n|turn|2\n|\n|t:|1699764316\n|switch|p2a: Cinderace|Cinderace, M|100\/100\n|move|p1a: Baxcalibur|Dragon Dance|p1a: Baxcalibur\n|-boost|p1a: Baxcalibur|atk|1\n|-boost|p1a: Baxcalibur|spe|1\n|\n|-weather|Snow|[upkeep]\n|upkeep\n|turn|3\n|\n|t:|1699764325\n|move|p1a: Baxcalibur|Earthquake|p2a: Cinderace\n|-supereffective|p2a: Cinderace\n|-damage|p2a: Cinderace|0 fnt\n|faint|p2a: Cinderace\n|\n|-weather|Snow|[upkeep]\n|upkeep\n|\n|t:|1699764333\n|switch|p2a: Kyogre|Kyogre|100\/100\n|-weather|RainDance|[from] ability: Drizzle|[of] p2a: Kyogre\n|turn|4\n|inactive|Battle timer is ON: inactive players will automatically lose when time's up. (requested by StinkinPark)\n|\n|t:|1699764340\n|move|p2a: Kyogre|Water Spout|p1a: Baxcalibur\n|-resisted|p1a: Baxcalibur\n|-damage|p1a: Baxcalibur|44\/100\n|move|p1a: Baxcalibur|Glaive Rush|p2a: Kyogre\n|-damage|p2a: Kyogre|0 fnt\n|-singlemove|p1a: Baxcalibur|Glaive Rush|[silent]\n|faint|p2a: Kyogre\n|\n|-weather|RainDance|[upkeep]\n|upkeep\n|\n|t:|1699764353\n|switch|p2a: Zacian|Zacian-Crowned|100\/100\n|-ability|p2a: Zacian|Intrepid Sword|boost\n|-boost|p2a: Zacian|atk|1\n|turn|5\n|\n|t:|1699764364\n|switch|p1a: Great Tusk|Great Tusk|100\/100\n|move|p2a: Zacian|Dazzling Gleam|p1a: Great Tusk\n|-supereffective|p1a: Great Tusk\n|-damage|p1a: Great Tusk|32\/100\n|\n|-weather|RainDance|[upkeep]\n|upkeep\n|turn|6\n|\n|t:|1699764375\n|move|p2a: Zacian|Dazzling Gleam|p1a: Great Tusk\n|-supereffective|p1a: Great Tusk\n|-damage|p1a: Great Tusk|0 fnt\n|faint|p1a: Great Tusk\n|-end|p1a: Great Tusk|Protosynthesis|[silent]\n|\n|-weather|RainDance|[upkeep]\n|upkeep\n|\n|t:|1699764384\n|switch|p1a: Gliscor|Gliscor, F|100\/100\n|turn|7\n|\n|t:|1699764395\n|switch|p2a: Arceus|Arceus-Psychic|100\/100\n|move|p1a: Gliscor|Swords Dance|p1a: Gliscor\n|-boost|p1a: Gliscor|atk|2\n|\n|-weather|RainDance|[upkeep]\n|-status|p1a: Gliscor|tox|[from] item: Toxic Orb\n|upkeep\n|turn|8\n|\n|t:|1699764411\n|move|p2a: Arceus|Swords Dance|p2a: Arceus\n|-boost|p2a: Arceus|atk|2\n|move|p1a: Gliscor|Fling|p2a: Arceus\n|-supereffective|p2a: Arceus\n|-damage|p2a: Arceus|81\/100\n|-status|p2a: Arceus|tox\n|-enditem|p1a: Gliscor|Toxic Orb|[from] move: Fling\n|\n|-weather|none\n|-damage|p2a: Arceus|75\/100 tox|[from] psn\n|upkeep\n|turn|9\n|\n|t:|1699764424\n|move|p2a: Arceus|Judgment|p1a: Gliscor\n|-damage|p1a: Gliscor|56\/100 tox\n|move|p1a: Gliscor|Acrobatics|p2a: Arceus\n|-damage|p2a: Arceus|20\/100 tox\n|\n|-damage|p2a: Arceus|8\/100 tox|[from] psn\n|-heal|p1a: Gliscor|69\/100 tox|[from] ability: Poison Heal\n|upkeep\n|turn|10\n|\n|t:|1699764438\n|move|p2a: Arceus|Extreme Speed|p1a: Gliscor\n|-damage|p1a: Gliscor|32\/100 tox\n|move|p1a: Gliscor|Acrobatics|p2a: Arceus\n|-damage|p2a: Arceus|0 fnt\n|faint|p2a: Arceus\n|\n|-heal|p1a: Gliscor|45\/100 tox|[from] ability: Poison Heal\n|upkeep\n|inactive|susex has 120 seconds left.\n|\n|t:|1699764464\n|switch|p2a: Flutter Mane|Flutter Mane|100\/100\n|turn|11\n|\n|t:|1699764472\n|move|p2a: Flutter Mane|Moonblast|p1a: Gliscor\n|-crit|p1a: Gliscor\n|-damage|p1a: Gliscor|0 fnt\n|faint|p1a: Gliscor\n|\n|upkeep\n|\n|t:|1699764479\n|switch|p1a: Mewtwo|Mewtwo|100\/100\n|-ability|p1a: Mewtwo|Pressure\n|turn|12\n|\n|t:|1699764489\n|-terastallize|p2a: Flutter Mane|Normal\n|move|p2a: Flutter Mane|Poltergeist|p1a: Mewtwo\n|-activate|p1a: Mewtwo|move: Poltergeist|Choice Specs\n|-supereffective|p1a: Mewtwo\n|-damage|p1a: Mewtwo|51\/100\n|move|p1a: Mewtwo|Psystrike|p2a: Flutter Mane\n|-crit|p2a: Flutter Mane\n|-damage|p2a: Flutter Mane|0 fnt\n|faint|p2a: Flutter Mane\n|-end|p2a: Flutter Mane|Protosynthesis|[silent]\n|\n|upkeep\n|\n|t:|1699764498\n|switch|p2a: Zacian|Zacian-Crowned|100\/100\n|turn|13\n|\n|t:|1699764506\n|switch|p1a: Ogerpon|Ogerpon-Hearthflame, F|100\/100\n|-ability|p1a: Ogerpon|Mold Breaker\n|move|p2a: Zacian|Behemoth Blade|p1a: Ogerpon\n|-resisted|p1a: Ogerpon\n|-damage|p1a: Ogerpon|71\/100\n|\n|upkeep\n|turn|14\n|\n|t:|1699764520\n|move|p2a: Zacian|Dazzling Gleam|p1a: Ogerpon\n|-resisted|p1a: Ogerpon\n|-damage|p1a: Ogerpon|57\/100\n|move|p1a: Ogerpon|Trailblaze|p2a: Zacian\n|-resisted|p2a: Zacian\n|-damage|p2a: Zacian|87\/100\n|-boost|p1a: Ogerpon|spe|1\n|\n|upkeep\n|turn|15\n|\n|t:|1699764526\n|-terastallize|p1a: Ogerpon|Fire\n|detailschange|p1a: Ogerpon|Ogerpon-Hearthflame-Tera, F, tera:Fire\n|-ability|p1a: Ogerpon|Embody Aspect (Hearthflame)|boost\n|-boost|p1a: Ogerpon|atk|1\n|move|p1a: Ogerpon|Ivy Cudgel|p2a: Zacian\n|-supereffective|p2a: Zacian\n|-damage|p2a: Zacian|0 fnt\n|faint|p2a: Zacian\n|\n|upkeep\n|\n|t:|1699764533\n|switch|p2a: Garchomp|Garchomp, M|100\/100\n|turn|16\n|\n|t:|1699764541\n|move|p1a: Ogerpon|Power Whip|p2a: Garchomp\n|-damage|p2a: Garchomp|3\/100\n|-damage|p1a: Ogerpon|44\/100|[from] ability: Rough Skin|[of] p2a: Garchomp\n|move|p2a: Garchomp|Earthquake|p1a: Ogerpon\n|-supereffective|p1a: Ogerpon\n|-damage|p1a: Ogerpon|0 fnt\n|faint|p1a: Ogerpon\n|\n|upkeep\n|\n|t:|1699764548\n|switch|p1a: Mewtwo|Mewtwo|51\/100\n|-ability|p1a: Mewtwo|Pressure\n|turn|17\n|\n|t:|1699764555\n|move|p2a: Garchomp|Earthquake|p1a: Mewtwo\n|-damage|p1a: Mewtwo|4\/100\n|move|p1a: Mewtwo|Grass Knot|p2a: Garchomp\n|-damage|p2a: Garchomp|0 fnt\n|-damage|p1a: Mewtwo|0 fnt|[from] ability: Rough Skin|[of] p2a: Garchomp\n|faint|p2a: Garchomp\n|faint|p1a: Mewtwo\n|\n|win|StinkinPark\n|raw|StinkinPark's rating: 1083 &rarr; <strong>1114<\/strong><br \/>(+31 for winning)\n|raw|susex's rating: 1126 &rarr; <strong>1098<\/strong><br \/>(-28 for losing)\n|l|\u2606susex\n|c|\u2606StinkinPark|gg\n","uploadtime":1699764577,"views":18,"p1id":"stinkinpark","p2id":"susex","formatid":"gen9ubers","rating":1098,"private":0,"password":""}