{"id":"gen9ubers-1972136759","p1":"Owl In Daylight","p2":"pinkfluffystar","format":"[Gen 9] Ubers","log":"|j|\u2606Owl In Daylight\n|j|\u203dpinkfluffystar\n|t:|1697815841\n|gametype|singles\n|player|p1|Owl In Daylight|102|1681\n|player|p2|pinkfluffystar|101|1614\n|teamsize|p1|6\n|teamsize|p2|6\n|gen|9\n|tier|[Gen 9] Ubers\n|rated|\n|rule|Sleep Clause Mod: Limit one foe put to sleep\n|rule|Species Clause: Limit one of each Pok\u00e9mon\n|rule|OHKO Clause: OHKO moves are banned\n|rule|Evasion Items Clause: Evasion items are banned\n|rule|Evasion Moves Clause: Evasion moves are banned\n|rule|Endless Battle Clause: Forcing endless battles is banned\n|rule|HP Percentage Mod: HP is shown in percentages\n|clearpoke\n|poke|p1|Amoonguss, M|\n|poke|p1|Miraidon|\n|poke|p1|Kyogre|\n|poke|p1|Giratina-Origin|\n|poke|p1|Arceus-Fairy|\n|poke|p1|Landorus-Therian, M|\n|poke|p2|Koraidon|\n|poke|p2|Kyogre|\n|poke|p2|Arceus|\n|poke|p2|Ting-Lu|\n|poke|p2|Miraidon|\n|poke|p2|Eternatus|\n|teampreview\n|inactive|Battle timer is ON: inactive players will automatically lose when time's up. (requested by Owl In Daylight)\n|inactive|pinkfluffystar has 120 seconds left.\n|\n|t:|1697815909\n|start\n|switch|p1a: Arceus|Arceus-Fairy|100\/100\n|switch|p2a: Ting-Lu|Ting-Lu|100\/100\n|-ability|p2a: Ting-Lu|Vessel of Ruin\n|turn|1\n|\n|t:|1697815915\n|move|p1a: Arceus|Judgment|p2a: Ting-Lu\n|-supereffective|p2a: Ting-Lu\n|-damage|p2a: Ting-Lu|60\/100\n|move|p2a: Ting-Lu|Spikes|p1a: Arceus\n|-sidestart|p1: Owl In Daylight|Spikes\n|\n|-heal|p2a: Ting-Lu|66\/100|[from] item: Leftovers\n|upkeep\n|turn|2\n|\n|t:|1697815922\n|switch|p2a: Kyogre|Kyogre|100\/100\n|-weather|RainDance|[from] ability: Drizzle|[of] p2a: Kyogre\n|move|p1a: Arceus|Taunt|p2a: Kyogre\n|-start|p2a: Kyogre|move: Taunt\n|\n|-weather|RainDance|[upkeep]\n|upkeep\n|turn|3\n|\n|t:|1697815924\n|switch|p1a: Amoonguss|Amoonguss, M|100\/100\n|-damage|p1a: Amoonguss|88\/100|[from] Spikes\n|move|p2a: Kyogre|Surf|p1a: Amoonguss\n|-resisted|p1a: Amoonguss\n|-crit|p1a: Amoonguss\n|-damage|p1a: Amoonguss|66\/100\n|\n|-weather|RainDance|[upkeep]\n|upkeep\n|turn|4\n|\n|t:|1697815930\n|switch|p2a: Miraidon|Miraidon|100\/100\n|-fieldstart|move: Electric Terrain|[from] ability: Hadron Engine|[of] p2a: Miraidon\n|move|p1a: Amoonguss|Body Slam|p2a: Miraidon\n|-damage|p2a: Miraidon|86\/100\n|\n|-weather|RainDance|[upkeep]\n|upkeep\n|turn|5\n|\n|t:|1697815941\n|move|p2a: Miraidon|U-turn|p1a: Amoonguss\n|-damage|p1a: Amoonguss|53\/100\n|\n|t:|1697815949\n|switch|p2a: Eternatus|Eternatus|100\/100|[from] U-turn\n|-ability|p2a: Eternatus|Pressure\n|move|p1a: Amoonguss|Sludge Bomb|p2a: Eternatus\n|-resisted|p2a: Eternatus\n|-crit|p2a: Eternatus\n|-damage|p2a: Eternatus|83\/100\n|\n|-weather|RainDance|[upkeep]\n|upkeep\n|turn|6\n|\n|t:|1697815954\n|move|p2a: Eternatus|Dynamax Cannon|p1a: Amoonguss\n|-crit|p1a: Amoonguss\n|-damage|p1a: Amoonguss|2\/100\n|-damage|p2a: Eternatus|73\/100|[from] item: Life Orb\n|move|p1a: Amoonguss|Body Slam|p2a: Eternatus\n|-damage|p2a: Eternatus|61\/100\n|\n|-weather|none\n|upkeep\n|turn|7\n|inactive|Owl In Daylight has 120 seconds left.\n|\n|t:|1697815987\n|switch|p1a: Landorus|Landorus-Therian, M|100\/100\n|-ability|p1a: Landorus|Intimidate|boost\n|-unboost|p2a: Eternatus|atk|1\n|move|p2a: Eternatus|Flamethrower|p1a: Landorus\n|-damage|p1a: Landorus|56\/100\n|-damage|p2a: Eternatus|51\/100|[from] item: Life Orb\n|\n|upkeep\n|turn|8\n|\n|t:|1697815999\n|switch|p2a: Kyogre|Kyogre|100\/100\n|-weather|RainDance|[from] ability: Drizzle|[of] p2a: Kyogre\n|switch|p1a: Arceus|Arceus-Fairy|100\/100\n|-damage|p1a: Arceus|88\/100|[from] Spikes\n|\n|-weather|RainDance|[upkeep]\n|-fieldend|move: Electric Terrain\n|upkeep\n|turn|9\n|\n|t:|1697816010\n|switch|p1a: Kyogre|Kyogre|100\/100\n|-damage|p1a: Kyogre|88\/100|[from] Spikes\n|move|p2a: Kyogre|Calm Mind|p2a: Kyogre\n|-boost|p2a: Kyogre|spa|1\n|-boost|p2a: Kyogre|spd|1\n|\n|-weather|RainDance|[upkeep]\n|upkeep\n|turn|10\n|\n|t:|1697816015\n|move|p2a: Kyogre|Surf|p1a: Kyogre\n|-resisted|p1a: Kyogre\n|-damage|p1a: Kyogre|54\/100\n|move|p1a: Kyogre|Thunder|p2a: Kyogre\n|-supereffective|p2a: Kyogre\n|-damage|p2a: Kyogre|38\/100\n|\n|-weather|RainDance|[upkeep]\n|-heal|p2a: Kyogre|44\/100|[from] item: Leftovers\n|upkeep\n|turn|11\n|\n|t:|1697816023\n|switch|p2a: Koraidon|Koraidon|100\/100\n|-weather|SunnyDay|[from] ability: Orichalcum Pulse|[of] p2a: Koraidon\n|-activate|p2a: Koraidon|Orichalcum Pulse|[source]\n|move|p1a: Kyogre|Thunder|p2a: Koraidon|[miss]\n|-miss|p1a: Kyogre|p2a: Koraidon\n|\n|-weather|SunnyDay|[upkeep]\n|upkeep\n|turn|12\n|\n|t:|1697816039\n|switch|p1a: Landorus|Landorus-Therian, M|56\/100\n|-ability|p1a: Landorus|Intimidate|boost\n|-unboost|p2a: Koraidon|atk|1\n|move|p2a: Koraidon|Close Combat|p1a: Landorus\n|-resisted|p1a: Landorus\n|-damage|p1a: Landorus|26\/100\n|-unboost|p2a: Koraidon|def|1\n|-unboost|p2a: Koraidon|spd|1\n|-damage|p2a: Koraidon|84\/100|[from] item: Rocky Helmet|[of] p1a: Landorus\n|\n|-weather|SunnyDay|[upkeep]\n|upkeep\n|turn|13\n|\n|t:|1697816045\n|switch|p1a: Giratina|Giratina-Origin|100\/100\n|move|p2a: Koraidon|Close Combat|p1a: Giratina\n|-immune|p1a: Giratina\n|\n|-weather|SunnyDay|[upkeep]\n|upkeep\n|turn|14\n|\n|t:|1697816052\n|switch|p2a: Kyogre|Kyogre|44\/100\n|-weather|RainDance|[from] ability: Drizzle|[of] p2a: Kyogre\n|move|p1a: Giratina|Defog|p2a: Kyogre\n|-unboost|p2a: Kyogre|evasion|1\n|-sideend|p1: Owl In Daylight|Spikes|[from] move: Defog|[of] p1a: Giratina\n|\n|-weather|RainDance|[upkeep]\n|-heal|p2a: Kyogre|50\/100|[from] item: Leftovers\n|upkeep\n|turn|15\n|\n|t:|1697816060\n|switch|p1a: Amoonguss|Amoonguss, M|35\/100\n|move|p2a: Kyogre|Ice Beam|p1a: Amoonguss\n|-supereffective|p1a: Amoonguss\n|-damage|p1a: Amoonguss|7\/100\n|\n|-weather|RainDance|[upkeep]\n|-heal|p2a: Kyogre|57\/100|[from] item: Leftovers\n|upkeep\n|turn|16\n|\n|t:|1697816066\n|switch|p1a: Kyogre|Kyogre|54\/100\n|move|p2a: Kyogre|Ice Beam|p1a: Kyogre\n|-resisted|p1a: Kyogre\n|-damage|p1a: Kyogre|44\/100\n|\n|-weather|RainDance|[upkeep]\n|-heal|p2a: Kyogre|63\/100|[from] item: Leftovers\n|upkeep\n|turn|17\n|\n|t:|1697816071\n|switch|p2a: Ting-Lu|Ting-Lu|66\/100\n|-ability|p2a: Ting-Lu|Vessel of Ruin\n|move|p1a: Kyogre|Origin Pulse|p2a: Ting-Lu\n|-supereffective|p2a: Ting-Lu\n|-crit|p2a: Ting-Lu\n|-damage|p2a: Ting-Lu|0 fnt\n|faint|p2a: Ting-Lu\n|\n|-weather|RainDance|[upkeep]\n|upkeep\n|\n|t:|1697816097\n|switch|p2a: Arceus|Arceus|100\/100\n|turn|18\n|\n|t:|1697816099\n|move|p2a: Arceus|Swords Dance|p2a: Arceus\n|-boost|p2a: Arceus|atk|2\n|move|p1a: Kyogre|Origin Pulse|p2a: Arceus\n|-damage|p2a: Arceus|0 fnt\n|faint|p2a: Arceus\n|\n|-weather|none\n|upkeep\n|\n|t:|1697816108\n|switch|p2a: Koraidon|Koraidon|84\/100\n|-weather|SunnyDay|[from] ability: Orichalcum Pulse|[of] p2a: Koraidon\n|-activate|p2a: Koraidon|Orichalcum Pulse|[source]\n|turn|19\n|\n|t:|1697816111\n|switch|p1a: Landorus|Landorus-Therian, M|26\/100\n|-ability|p1a: Landorus|Intimidate|boost\n|-unboost|p2a: Koraidon|atk|1\n|move|p2a: Koraidon|Flare Blitz|p1a: Landorus\n|-damage|p1a: Landorus|0 fnt\n|-damage|p2a: Koraidon|68\/100|[from] item: Rocky Helmet|[of] p1a: Landorus\n|faint|p1a: Landorus\n|-damage|p2a: Koraidon|58\/100|[from] Recoil\n|\n|-weather|SunnyDay|[upkeep]\n|upkeep\n|\n|t:|1697816114\n|switch|p1a: Miraidon|Miraidon|100\/100\n|-fieldstart|move: Electric Terrain|[from] ability: Hadron Engine|[of] p1a: Miraidon\n|turn|20\n|\n|t:|1697816118\n|switch|p2a: Kyogre|Kyogre|63\/100\n|-weather|RainDance|[from] ability: Drizzle|[of] p2a: Kyogre\n|move|p1a: Miraidon|Dragon Pulse|p2a: Kyogre\n|-damage|p2a: Kyogre|23\/100\n|\n|-weather|RainDance|[upkeep]\n|-heal|p2a: Kyogre|29\/100|[from] item: Leftovers\n|upkeep\n|turn|21\n|\n|t:|1697816127\n|-terastallize|p2a: Kyogre|Fairy\n|move|p1a: Miraidon|Dragon Pulse|p2a: Kyogre\n|-immune|p2a: Kyogre\n|move|p2a: Kyogre|Substitute|p2a: Kyogre\n|-start|p2a: Kyogre|Substitute\n|-damage|p2a: Kyogre|4\/100\n|\n|-weather|RainDance|[upkeep]\n|-heal|p2a: Kyogre|11\/100|[from] item: Leftovers\n|upkeep\n|turn|22\n|\n|t:|1697816133\n|switch|p1a: Amoonguss|Amoonguss, M|41\/100\n|move|p2a: Kyogre|Calm Mind|p2a: Kyogre\n|-boost|p2a: Kyogre|spa|1\n|-boost|p2a: Kyogre|spd|1\n|\n|-weather|RainDance|[upkeep]\n|-heal|p2a: Kyogre|17\/100|[from] item: Leftovers\n|upkeep\n|turn|23\n|\n|t:|1697816136\n|move|p2a: Kyogre|Ice Beam|p1a: Amoonguss\n|-supereffective|p1a: Amoonguss\n|-damage|p1a: Amoonguss|0 fnt\n|faint|p1a: Amoonguss\n|\n|-weather|RainDance|[upkeep]\n|-heal|p2a: Kyogre|23\/100|[from] item: Leftovers\n|upkeep\n|\n|t:|1697816139\n|switch|p1a: Kyogre|Kyogre|44\/100\n|turn|24\n|\n|t:|1697816142\n|move|p2a: Kyogre|Surf|p1a: Kyogre\n|-resisted|p1a: Kyogre\n|-damage|p1a: Kyogre|10\/100\n|move|p1a: Kyogre|Origin Pulse|p2a: Kyogre|[miss]\n|-miss|p1a: Kyogre|p2a: Kyogre\n|\n|-weather|none\n|-heal|p2a: Kyogre|29\/100|[from] item: Leftovers\n|-fieldend|move: Electric Terrain\n|upkeep\n|turn|25\n|\n|t:|1697816147\n|move|p2a: Kyogre|Surf|p1a: Kyogre\n|-resisted|p1a: Kyogre\n|-damage|p1a: Kyogre|0 fnt\n|faint|p1a: Kyogre\n|\n|-heal|p2a: Kyogre|35\/100|[from] item: Leftovers\n|upkeep\n|\n|t:|1697816148\n|switch|p1a: Arceus|Arceus-Fairy|88\/100\n|turn|26\n|\n|t:|1697816152\n|move|p1a: Arceus|Calm Mind|p1a: Arceus\n|-boost|p1a: Arceus|spa|1\n|-boost|p1a: Arceus|spd|1\n|move|p2a: Kyogre|Surf|p1a: Arceus\n|-damage|p1a: Arceus|57\/100\n|\n|-heal|p2a: Kyogre|42\/100|[from] item: Leftovers\n|upkeep\n|turn|27\n|\n|t:|1697816155\n|move|p1a: Arceus|Taunt|p2a: Kyogre\n|-start|p2a: Kyogre|move: Taunt\n|move|p2a: Kyogre|Surf|p1a: Arceus\n|-damage|p1a: Arceus|30\/100\n|\n|-heal|p2a: Kyogre|48\/100|[from] item: Leftovers\n|upkeep\n|turn|28\n|\n|t:|1697816158\n|switch|p2a: Koraidon|Koraidon|58\/100\n|-weather|SunnyDay|[from] ability: Orichalcum Pulse|[of] p2a: Koraidon\n|-activate|p2a: Koraidon|Orichalcum Pulse|[source]\n|move|p1a: Arceus|Recover|p1a: Arceus\n|-heal|p1a: Arceus|80\/100\n|\n|-weather|SunnyDay|[upkeep]\n|upkeep\n|turn|29\n|\n|t:|1697816168\n|switch|p1a: Giratina|Giratina-Origin|100\/100\n|move|p2a: Koraidon|Flare Blitz|p1a: Giratina\n|-resisted|p1a: Giratina\n|-damage|p1a: Giratina|60\/100\n|-damage|p2a: Koraidon|39\/100|[from] Recoil\n|\n|-weather|SunnyDay|[upkeep]\n|upkeep\n|turn|30\n|\n|t:|1697816176\n|switch|p2a: Kyogre|Kyogre, tera:Fairy|48\/100\n|-weather|RainDance|[from] ability: Drizzle|[of] p2a: Kyogre\n|move|p1a: Giratina|Hex|p2a: Kyogre\n|-damage|p2a: Kyogre|23\/100\n|\n|-weather|RainDance|[upkeep]\n|-heal|p2a: Kyogre|29\/100|[from] item: Leftovers\n|upkeep\n|turn|31\n|\n|t:|1697816179\n|move|p2a: Kyogre|Ice Beam|p1a: Giratina\n|-supereffective|p1a: Giratina\n|-damage|p1a: Giratina|21\/100\n|move|p1a: Giratina|Hex|p2a: Kyogre\n|-damage|p2a: Kyogre|6\/100\n|\n|-weather|RainDance|[upkeep]\n|-heal|p2a: Kyogre|12\/100|[from] item: Leftovers\n|upkeep\n|turn|32\n|\n|t:|1697816185\n|move|p2a: Kyogre|Ice Beam|p1a: Giratina\n|-supereffective|p1a: Giratina\n|-damage|p1a: Giratina|0 fnt\n|faint|p1a: Giratina\n|\n|-weather|RainDance|[upkeep]\n|-heal|p2a: Kyogre|19\/100|[from] item: Leftovers\n|upkeep\n|\n|t:|1697816187\n|switch|p1a: Miraidon|Miraidon|100\/100\n|-fieldstart|move: Electric Terrain|[from] ability: Hadron Engine|[of] p1a: Miraidon\n|turn|33\n|inactive|pinkfluffystar has 120 seconds left.\n|inactive|pinkfluffystar has 90 seconds left.\n|\n|t:|1697816248\n|switch|p2a: Eternatus|Eternatus|51\/100\n|-ability|p2a: Eternatus|Pressure\n|move|p1a: Miraidon|Electro Drift|p2a: Eternatus\n|-resisted|p2a: Eternatus\n|-damage|p2a: Eternatus|15\/100\n|\n|-weather|RainDance|[upkeep]\n|upkeep\n|turn|34\n|\n|t:|1697816253\n|switch|p2a: Miraidon|Miraidon|86\/100\n|-activate|p2a: Miraidon|ability: Hadron Engine\n|move|p1a: Miraidon|Electro Drift|p2a: Miraidon\n|-resisted|p2a: Miraidon\n|-damage|p2a: Miraidon|66\/100\n|\n|-weather|none\n|upkeep\n|turn|35\n|\n|t:|1697816258\n|move|p1a: Miraidon|Electro Drift|p2a: Miraidon\n|-resisted|p2a: Miraidon\n|-damage|p2a: Miraidon|46\/100\n|move|p2a: Miraidon|Electro Drift|p1a: Miraidon\n|-resisted|p1a: Miraidon\n|-damage|p1a: Miraidon|81\/100\n|\n|upkeep\n|turn|36\n|\n|t:|1697816262\n|move|p1a: Miraidon|Electro Drift|p2a: Miraidon\n|-resisted|p2a: Miraidon\n|-damage|p2a: Miraidon|27\/100\n|move|p2a: Miraidon|Draco Meteor|p1a: Miraidon\n|-supereffective|p1a: Miraidon\n|-damage|p1a: Miraidon|0 fnt\n|-unboost|p2a: Miraidon|spa|2\n|faint|p1a: Miraidon\n|\n|upkeep\n|\n|t:|1697816265\n|switch|p1a: Arceus|Arceus-Fairy|80\/100\n|turn|37\n|\n|t:|1697816270\n|move|p2a: Miraidon|U-turn|p1a: Arceus\n|-resisted|p1a: Arceus\n|-damage|p1a: Arceus|76\/100\n|\n|t:|1697816274\n|switch|p2a: Eternatus|Eternatus|15\/100|[from] U-turn\n|-ability|p2a: Eternatus|Pressure\n|move|p1a: Arceus|Calm Mind|p1a: Arceus\n|-boost|p1a: Arceus|spa|1\n|-boost|p1a: Arceus|spd|1\n|\n|-fieldend|move: Electric Terrain\n|upkeep\n|turn|38\n|\n|t:|1697816276\n|move|p2a: Eternatus|Sludge Bomb|p1a: Arceus\n|-supereffective|p1a: Arceus\n|-damage|p1a: Arceus|21\/100\n|-status|p1a: Arceus|psn\n|-damage|p2a: Eternatus|5\/100|[from] item: Life Orb\n|move|p1a: Arceus|Recover|p1a: Arceus\n|-heal|p1a: Arceus|71\/100 psn\n|\n|-damage|p1a: Arceus|59\/100 psn|[from] psn\n|upkeep\n|turn|39\n|j| Ultramanball1\n|-message|Owl In Daylight forfeited.\n|\n|win|pinkfluffystar\n|raw|Owl In Daylight's rating: 1681 &rarr; <strong>1657<\/strong><br \/>(-24 for losing)\n|raw|pinkfluffystar's rating: 1614 &rarr; <strong>1638<\/strong><br \/>(+24 for winning)\n|l|\u2606Owl In Daylight\n|l|\u203dpinkfluffystar\n","uploadtime":1697816351,"views":15,"p1id":"owlindaylight","p2id":"pinkfluffystar","formatid":"gen9ubers","rating":1638,"private":0,"password":""}