{"id":"gen9ubers-1976333701","p1":"RoamingDia","p2":"slugmaaa","format":"[Gen 9] Ubers","log":"|j|\u2606RoamingDia\n|j|\u2606slugmaaa\n|t:|1698287839\n|gametype|singles\n|player|p1|RoamingDia|pokemaniac|\n|player|p2|slugmaaa|harlequin|\n|teamsize|p1|6\n|teamsize|p2|6\n|gen|9\n|tier|[Gen 9] Ubers\n|rule|Sleep Clause Mod: Limit one foe put to sleep\n|rule|Species Clause: Limit one of each Pok\u00e9mon\n|rule|OHKO Clause: OHKO moves are banned\n|rule|Evasion Items Clause: Evasion items are banned\n|rule|Evasion Moves Clause: Evasion moves are banned\n|rule|Endless Battle Clause: Forcing endless battles is banned\n|rule|HP Percentage Mod: HP is shown in percentages\n|clearpoke\n|poke|p1|Sneasler, M|\n|poke|p1|Roaring Moon|\n|poke|p1|Walking Wake|\n|poke|p1|Lilligant-Hisui, F|\n|poke|p1|Torkoal, F|\n|poke|p1|Brute Bonnet|\n|poke|p2|Iron Bundle|\n|poke|p2|Iron Hands|\n|poke|p2|Cresselia, F|\n|poke|p2|Hippowdon, M|\n|poke|p2|Zapdos|\n|poke|p2|Kleavor, M|\n|teampreview\n|j| Squirshawott\n|j| pkpowers310\n|j| Sol CPU\n|j| BLACK METAL 3\n|\n|t:|1698287884\n|start\n|switch|p1a: Noriaki Kakyoin|Roaring Moon, shiny|100\/100\n|switch|p2a: hippo dangerous|Hippowdon, M|100\/100\n|-weather|Sandstorm|[from] ability: Sand Stream|[of] p2a: hippo dangerous\n|-enditem|p1a: Noriaki Kakyoin|Booster Energy\n|-activate|p1a: Noriaki Kakyoin|ability: Protosynthesis|[fromitem]\n|-start|p1a: Noriaki Kakyoin|protosynthesisatk\n|turn|1\n|\n|t:|1698287896\n|move|p1a: Noriaki Kakyoin|Knock Off|p2a: hippo dangerous\n|-damage|p2a: hippo dangerous|64\/100\n|-enditem|p2a: hippo dangerous|Sitrus Berry|[from] move: Knock Off|[of] p1a: Noriaki Kakyoin\n|move|p2a: hippo dangerous|Stealth Rock|p1a: Noriaki Kakyoin\n|-sidestart|p1: RoamingDia|move: Stealth Rock\n|\n|-weather|Sandstorm|[upkeep]\n|-damage|p1a: Noriaki Kakyoin|95\/100|[from] Sandstorm\n|upkeep\n|turn|2\n|\n|t:|1698287906\n|move|p1a: Noriaki Kakyoin|Taunt|p2a: hippo dangerous\n|-start|p2a: hippo dangerous|move: Taunt\n|cant|p2a: hippo dangerous|move: Taunt|Whirlwind\n|\n|-weather|Sandstorm|[upkeep]\n|-damage|p1a: Noriaki Kakyoin|89\/100|[from] Sandstorm\n|upkeep\n|turn|3\n|\n|t:|1698287935\n|switch|p2a: bitch slap|Iron Hands, shiny|100\/100\n|move|p1a: Noriaki Kakyoin|Dragon Dance|p1a: Noriaki Kakyoin\n|-boost|p1a: Noriaki Kakyoin|atk|1\n|-boost|p1a: Noriaki Kakyoin|spe|1\n|\n|-weather|Sandstorm|[upkeep]\n|-damage|p1a: Noriaki Kakyoin|83\/100|[from] Sandstorm\n|-damage|p2a: bitch slap|94\/100|[from] Sandstorm\n|upkeep\n|turn|4\n|\n|t:|1698287944\n|move|p1a: Noriaki Kakyoin|Knock Off|p2a: bitch slap\n|-resisted|p2a: bitch slap\n|-damage|p2a: bitch slap|64\/100\n|-enditem|p2a: bitch slap|Assault Vest|[from] move: Knock Off|[of] p1a: Noriaki Kakyoin\n|move|p2a: bitch slap|Drain Punch|p1a: Noriaki Kakyoin\n|-supereffective|p1a: Noriaki Kakyoin\n|-damage|p1a: Noriaki Kakyoin|0 fnt\n|-heal|p2a: bitch slap|92\/100|[from] drain|[of] p1a: Noriaki Kakyoin\n|faint|p1a: Noriaki Kakyoin\n|-end|p1a: Noriaki Kakyoin|Protosynthesis|[silent]\n|\n|-weather|Sandstorm|[upkeep]\n|-damage|p2a: bitch slap|85\/100|[from] Sandstorm\n|upkeep\n|\n|t:|1698287966\n|switch|p1a: Bently|Torkoal, F|100\/100\n|-damage|p1a: Bently|76\/100|[from] Stealth Rock\n|-weather|SunnyDay|[from] ability: Drought|[of] p1a: Bently\n|turn|5\n|\n|t:|1698287978\n|-end|p2a: bitch slap|Quark Drive|[silent]\n|switch|p2a: hippo dangerous|Hippowdon, M|64\/100\n|-weather|Sandstorm|[from] ability: Sand Stream|[of] p2a: hippo dangerous\n|move|p1a: Bently|Will-O-Wisp|p2a: hippo dangerous\n|-status|p2a: hippo dangerous|brn\n|\n|-weather|Sandstorm|[upkeep]\n|-damage|p1a: Bently|70\/100|[from] Sandstorm\n|-damage|p2a: hippo dangerous|58\/100 brn|[from] brn\n|upkeep\n|turn|6\n|l| Sol CPU\n|\n|t:|1698287989\n|move|p2a: hippo dangerous|Slack Off|p2a: hippo dangerous\n|-heal|p2a: hippo dangerous|100\/100 brn\n|move|p1a: Bently|Rapid Spin|p2a: hippo dangerous\n|-damage|p2a: hippo dangerous|95\/100 brn\n|-boost|p1a: Bently|spe|1\n|-sideend|p1: RoamingDia|Stealth Rock|[from] move: Rapid Spin|[of] p1a: Bently\n|\n|-weather|Sandstorm|[upkeep]\n|-damage|p1a: Bently|63\/100|[from] Sandstorm\n|-damage|p2a: hippo dangerous|89\/100 brn|[from] brn\n|upkeep\n|turn|7\n|\n|t:|1698288003\n|switch|p1a: Okuyasu Nijimura|Walking Wake|100\/100\n|move|p2a: hippo dangerous|Whirlwind|p1a: Okuyasu Nijimura\n|-end|p1a: Okuyasu Nijimura|Protosynthesis|[silent]\n|drag|p1a: Bently|Torkoal, F|63\/100\n|-weather|SunnyDay|[from] ability: Drought|[of] p1a: Bently\n|\n|-weather|SunnyDay|[upkeep]\n|-damage|p2a: hippo dangerous|83\/100 brn|[from] brn\n|upkeep\n|turn|8\n|\n|t:|1698288016\n|move|p2a: hippo dangerous|Stealth Rock|p1a: Bently\n|-sidestart|p1: RoamingDia|move: Stealth Rock\n|move|p1a: Bently|Lava Plume|p2a: hippo dangerous\n|-damage|p2a: hippo dangerous|47\/100 brn\n|\n|-weather|SunnyDay|[upkeep]\n|-damage|p2a: hippo dangerous|40\/100 brn|[from] brn\n|upkeep\n|turn|9\n|\n|t:|1698288028\n|move|p2a: hippo dangerous|Slack Off|p2a: hippo dangerous\n|-heal|p2a: hippo dangerous|90\/100 brn\n|move|p1a: Bently|Rapid Spin|p2a: hippo dangerous\n|-damage|p2a: hippo dangerous|86\/100 brn\n|-boost|p1a: Bently|spe|1\n|-sideend|p1: RoamingDia|Stealth Rock|[from] move: Rapid Spin|[of] p1a: Bently\n|\n|-weather|SunnyDay|[upkeep]\n|-damage|p2a: hippo dangerous|80\/100 brn|[from] brn\n|upkeep\n|turn|10\n|\n|t:|1698288064\n|switch|p1a: Gazoontite|Sneasler, M|100\/100\n|move|p2a: hippo dangerous|Whirlwind|p1a: Gazoontite\n|drag|p1a: Bently|Torkoal, F|63\/100\n|\n|-weather|SunnyDay|[upkeep]\n|-damage|p2a: hippo dangerous|74\/100 brn|[from] brn\n|upkeep\n|turn|11\n|\n|t:|1698288079\n|move|p2a: hippo dangerous|Earthquake|p1a: Bently\n|-supereffective|p1a: Bently\n|-damage|p1a: Bently|39\/100\n|move|p1a: Bently|Stealth Rock|p2a: hippo dangerous\n|-sidestart|p2: slugmaaa|move: Stealth Rock\n|\n|-weather|SunnyDay|[upkeep]\n|-damage|p2a: hippo dangerous|67\/100 brn|[from] brn\n|upkeep\n|turn|12\n|\n|t:|1698288092\n|switch|p1a: Okuyasu Nijimura|Walking Wake|100\/100\n|-activate|p1a: Okuyasu Nijimura|ability: Protosynthesis\n|-start|p1a: Okuyasu Nijimura|protosynthesisspa\n|move|p2a: hippo dangerous|Stealth Rock|p1a: Okuyasu Nijimura\n|-sidestart|p1: RoamingDia|move: Stealth Rock\n|\n|-weather|SunnyDay|[upkeep]\n|-damage|p2a: hippo dangerous|61\/100 brn|[from] brn\n|upkeep\n|turn|13\n|\n|t:|1698288113\n|switch|p2a: bitch slap|Iron Hands, shiny|85\/100\n|-damage|p2a: bitch slap|79\/100|[from] Stealth Rock\n|move|p1a: Okuyasu Nijimura|Hydro Steam|p2a: bitch slap\n|-damage|p2a: bitch slap|9\/100\n|\n|-weather|SunnyDay|[upkeep]\n|upkeep\n|turn|14\n|\n|t:|1698288127\n|move|p1a: Okuyasu Nijimura|Dragon Pulse|p2a: bitch slap\n|-damage|p2a: bitch slap|0 fnt\n|faint|p2a: bitch slap\n|-end|p2a: bitch slap|Quark Drive|[silent]\n|\n|-weather|none\n|-end|p1a: Okuyasu Nijimura|Protosynthesis\n|upkeep\n|\n|t:|1698288140\n|switch|p2a: hippo dangerous|Hippowdon, M|61\/100 brn\n|-damage|p2a: hippo dangerous|55\/100 brn|[from] Stealth Rock\n|-weather|Sandstorm|[from] ability: Sand Stream|[of] p2a: hippo dangerous\n|turn|15\n|\n|t:|1698288146\n|move|p1a: Okuyasu Nijimura|Substitute|p1a: Okuyasu Nijimura\n|-start|p1a: Okuyasu Nijimura|Substitute\n|-damage|p1a: Okuyasu Nijimura|76\/100\n|move|p2a: hippo dangerous|Stealth Rock||[still]\n|-fail|p2a: hippo dangerous\n|\n|-weather|Sandstorm|[upkeep]\n|-damage|p1a: Okuyasu Nijimura|70\/100|[from] Sandstorm\n|-heal|p1a: Okuyasu Nijimura|76\/100|[from] item: Leftovers\n|-damage|p2a: hippo dangerous|49\/100 brn|[from] brn\n|upkeep\n|turn|16\n|\n|t:|1698288154\n|move|p1a: Okuyasu Nijimura|Hydro Steam|p2a: hippo dangerous\n|-supereffective|p2a: hippo dangerous\n|-damage|p2a: hippo dangerous|0 fnt\n|faint|p2a: hippo dangerous\n|\n|-weather|Sandstorm|[upkeep]\n|-damage|p1a: Okuyasu Nijimura|70\/100|[from] Sandstorm\n|-heal|p1a: Okuyasu Nijimura|76\/100|[from] item: Leftovers\n|upkeep\n|j| Sol CPU\n|\n|t:|1698288164\n|switch|p2a: twilight lmao|Cresselia, F|100\/100\n|-damage|p2a: twilight lmao|88\/100|[from] Stealth Rock\n|turn|17\n|\n|t:|1698288170\n|move|p1a: Okuyasu Nijimura|Flamethrower|p2a: twilight lmao\n|-damage|p2a: twilight lmao|69\/100\n|move|p2a: twilight lmao|Calm Mind|p2a: twilight lmao\n|-boost|p2a: twilight lmao|spa|1\n|-boost|p2a: twilight lmao|spd|1\n|\n|-weather|Sandstorm|[upkeep]\n|-damage|p1a: Okuyasu Nijimura|70\/100|[from] Sandstorm\n|-damage|p2a: twilight lmao|63\/100|[from] Sandstorm\n|-heal|p1a: Okuyasu Nijimura|76\/100|[from] item: Leftovers\n|-heal|p2a: twilight lmao|69\/100|[from] item: Leftovers\n|upkeep\n|turn|18\n|\n|t:|1698288191\n|-end|p1a: Okuyasu Nijimura|Protosynthesis|[silent]\n|switch|p1a: Pamela Isley|Brute Bonnet|100\/100\n|-damage|p1a: Pamela Isley|88\/100|[from] Stealth Rock\n|move|p2a: twilight lmao|Calm Mind|p2a: twilight lmao\n|-boost|p2a: twilight lmao|spa|1\n|-boost|p2a: twilight lmao|spd|1\n|\n|-weather|Sandstorm|[upkeep]\n|-damage|p2a: twilight lmao|63\/100|[from] Sandstorm\n|-damage|p1a: Pamela Isley|82\/100|[from] Sandstorm\n|-heal|p2a: twilight lmao|69\/100|[from] item: Leftovers\n|upkeep\n|turn|19\n|\n|t:|1698288200\n|move|p2a: twilight lmao|Moonblast|p1a: Pamela Isley\n|-supereffective|p1a: Pamela Isley\n|-damage|p1a: Pamela Isley|23\/100\n|-unboost|p1a: Pamela Isley|spa|1\n|move|p1a: Pamela Isley|Spore|p2a: twilight lmao\n|-status|p2a: twilight lmao|slp|[from] move: Spore\n|\n|-weather|none\n|-heal|p2a: twilight lmao|75\/100 slp|[from] item: Leftovers\n|upkeep\n|turn|20\n|\n|t:|1698288221\n|switch|p2a: im gone nxt week 2|Kleavor, M|100\/100\n|-damage|p2a: im gone nxt week 2|76\/100|[from] Stealth Rock\n|move|p1a: Pamela Isley|Bullet Seed|p2a: im gone nxt week 2\n|-damage|p2a: im gone nxt week 2|58\/100\n|-damage|p2a: im gone nxt week 2|40\/100\n|-damage|p2a: im gone nxt week 2|22\/100\n|-crit|p2a: im gone nxt week 2\n|-damage|p2a: im gone nxt week 2|0 fnt\n|faint|p2a: im gone nxt week 2\n|-hitcount|p2: im gone nxt week 2|4\n|\n|upkeep\n|\n|t:|1698288238\n|switch|p2a: Iron Bundle|Iron Bundle, shiny|100\/100\n|-damage|p2a: Iron Bundle|76\/100|[from] Stealth Rock\n|turn|21\n|\n|t:|1698288243\n|move|p2a: Iron Bundle|Freeze-Dry|p1a: Pamela Isley\n|-supereffective|p1a: Pamela Isley\n|-damage|p1a: Pamela Isley|0 fnt\n|faint|p1a: Pamela Isley\n|-end|p1a: Pamela Isley|Protosynthesis|[silent]\n|-damage|p2a: Iron Bundle|66\/100|[from] item: Life Orb\n|\n|upkeep\n|\n|t:|1698288252\n|switch|p1a: Gazoontite|Sneasler, M|100\/100\n|-damage|p1a: Gazoontite|95\/100|[from] Stealth Rock\n|turn|22\n|\n|t:|1698288266\n|move|p1a: Gazoontite|Fake Out|p2a: Iron Bundle\n|-damage|p2a: Iron Bundle|50\/100\n|cant|p2a: Iron Bundle|flinch\n|\n|upkeep\n|turn|23\n|\n|t:|1698288274\n|move|p1a: Gazoontite|Dire Claw|p2a: Iron Bundle\n|-damage|p2a: Iron Bundle|0 fnt\n|faint|p2a: Iron Bundle\n|-end|p2a: Iron Bundle|Quark Drive|[silent]\n|\n|upkeep\n|\n|t:|1698288282\n|switch|p2a: twilight lmao|Cresselia, F|75\/100 slp\n|-damage|p2a: twilight lmao|63\/100 slp|[from] Stealth Rock\n|turn|24\n|\n|t:|1698288296\n|move|p1a: Gazoontite|U-turn|p2a: twilight lmao\n|-supereffective|p2a: twilight lmao\n|-damage|p2a: twilight lmao|39\/100 slp\n|\n|t:|1698288300\n|switch|p1a: Pea Shooter|Lilligant-Hisui, F, shiny|100\/100|[from] U-turn\n|-damage|p1a: Pea Shooter|94\/100|[from] Stealth Rock\n|cant|p2a: twilight lmao|slp\n|\n|-heal|p2a: twilight lmao|45\/100 slp|[from] item: Leftovers\n|upkeep\n|turn|25\n|\n|t:|1698288312\n|move|p1a: Pea Shooter|Victory Dance|p1a: Pea Shooter\n|-boost|p1a: Pea Shooter|atk|1\n|-boost|p1a: Pea Shooter|def|1\n|-boost|p1a: Pea Shooter|spe|1\n|cant|p2a: twilight lmao|slp\n|\n|-heal|p2a: twilight lmao|51\/100 slp|[from] item: Leftovers\n|upkeep\n|turn|26\n|\n|t:|1698288319\n|move|p1a: Pea Shooter|Victory Dance|p1a: Pea Shooter\n|-boost|p1a: Pea Shooter|atk|1\n|-boost|p1a: Pea Shooter|def|1\n|-boost|p1a: Pea Shooter|spe|1\n|cant|p2a: twilight lmao|slp\n|\n|-heal|p2a: twilight lmao|57\/100 slp|[from] item: Leftovers\n|upkeep\n|turn|27\n|\n|t:|1698288327\n|move|p1a: Pea Shooter|Close Combat|p2a: twilight lmao\n|-resisted|p2a: twilight lmao\n|-damage|p2a: twilight lmao|21\/100 slp\n|-unboost|p1a: Pea Shooter|def|1\n|-unboost|p1a: Pea Shooter|spd|1\n|-damage|p1a: Pea Shooter|84\/100|[from] item: Life Orb\n|-curestatus|p2a: twilight lmao|slp|[msg]\n|move|p2a: twilight lmao|Psychic|p1a: Pea Shooter\n|-supereffective|p1a: Pea Shooter\n|-damage|p1a: Pea Shooter|0 fnt\n|faint|p1a: Pea Shooter\n|\n|-heal|p2a: twilight lmao|27\/100|[from] item: Leftovers\n|upkeep\n|\n|t:|1698288343\n|switch|p1a: Okuyasu Nijimura|Walking Wake|76\/100\n|-damage|p1a: Okuyasu Nijimura|63\/100|[from] Stealth Rock\n|turn|28\n|\n|t:|1698288354\n|move|p1a: Okuyasu Nijimura|Flamethrower|p2a: twilight lmao\n|-damage|p2a: twilight lmao|6\/100\n|move|p2a: twilight lmao|Moonblast|p1a: Okuyasu Nijimura\n|-supereffective|p1a: Okuyasu Nijimura\n|-damage|p1a: Okuyasu Nijimura|26\/100\n|\n|-heal|p1a: Okuyasu Nijimura|32\/100|[from] item: Leftovers\n|-heal|p2a: twilight lmao|12\/100|[from] item: Leftovers\n|upkeep\n|turn|29\n|\n|t:|1698288362\n|move|p1a: Okuyasu Nijimura|Dragon Pulse|p2a: twilight lmao\n|-damage|p2a: twilight lmao|0 fnt\n|faint|p2a: twilight lmao\n|\n|-heal|p1a: Okuyasu Nijimura|39\/100|[from] item: Leftovers\n|upkeep\n|\n|t:|1698288364\n|switch|p2a: im gone nxt week|Zapdos|100\/100\n|-damage|p2a: im gone nxt week|75\/100|[from] Stealth Rock\n|turn|30\n|\n|t:|1698288377\n|move|p1a: Okuyasu Nijimura|Substitute|p1a: Okuyasu Nijimura\n|-start|p1a: Okuyasu Nijimura|Substitute\n|-damage|p1a: Okuyasu Nijimura|14\/100\n|move|p2a: im gone nxt week|Thunderbolt|p1a: Okuyasu Nijimura\n|-end|p1a: Okuyasu Nijimura|Substitute\n|\n|-heal|p1a: Okuyasu Nijimura|20\/100|[from] item: Leftovers\n|upkeep\n|turn|31\n|\n|t:|1698288392\n|move|p1a: Okuyasu Nijimura|Flamethrower|p2a: im gone nxt week\n|-damage|p2a: im gone nxt week|46\/100\n|-status|p2a: im gone nxt week|brn\n|move|p2a: im gone nxt week|Thunderbolt|p1a: Okuyasu Nijimura\n|-damage|p1a: Okuyasu Nijimura|0 fnt\n|faint|p1a: Okuyasu Nijimura\n|-end|p1a: Okuyasu Nijimura|Protosynthesis|[silent]\n|\n|-damage|p2a: im gone nxt week|39\/100 brn|[from] brn\n|upkeep\n|\n|t:|1698288401\n|switch|p1a: Gazoontite|Sneasler, M|95\/100\n|-damage|p1a: Gazoontite|89\/100|[from] Stealth Rock\n|turn|32\n|\n|t:|1698288407\n|move|p1a: Gazoontite|Fake Out|p2a: im gone nxt week\n|-damage|p2a: im gone nxt week|25\/100 brn\n|cant|p2a: im gone nxt week|flinch\n|\n|-damage|p2a: im gone nxt week|19\/100 brn|[from] brn\n|upkeep\n|turn|33\n|\n|t:|1698288424\n|move|p1a: Gazoontite|U-turn|p2a: im gone nxt week\n|-resisted|p2a: im gone nxt week\n|-damage|p2a: im gone nxt week|7\/100 brn\n|\n|t:|1698288426\n|switch|p1a: Bently|Torkoal, F|39\/100|[from] U-turn\n|-damage|p1a: Bently|14\/100|[from] Stealth Rock\n|-weather|SunnyDay|[from] ability: Drought|[of] p1a: Bently\n|move|p2a: im gone nxt week|Thunderbolt|p1a: Bently\n|-damage|p1a: Bently|0 fnt\n|faint|p1a: Bently\n|\n|-weather|SunnyDay|[upkeep]\n|-damage|p2a: im gone nxt week|1\/100 brn|[from] brn\n|upkeep\n|\n|t:|1698288436\n|switch|p1a: Gazoontite|Sneasler, M|89\/100\n|-damage|p1a: Gazoontite|83\/100|[from] Stealth Rock\n|turn|34\n|\n|t:|1698288452\n|move|p1a: Gazoontite|U-turn|p2a: im gone nxt week\n|-resisted|p2a: im gone nxt week\n|-damage|p2a: im gone nxt week|0 fnt\n|faint|p2a: im gone nxt week\n|\n|win|RoamingDia\n|l|\u2606slugmaaa\n|l| Sol CPU\n|l|\u2606RoamingDia\n|l| pkpowers310\n","uploadtime":1698288499,"views":18,"p1id":"roamingdia","p2id":"slugmaaa","formatid":"gen9ubers","rating":0,"private":0,"password":""}