{"id":"gen9ubers-1981388867","p1":"Kabunger","p2":"blookinator","format":"[Gen 9] Ubers","log":"|j|\u2606Kabunger\n|j|\u2606blookinator\n|t:|1698890395\n|gametype|singles\n|player|p1|Kabunger|hilda-wonderlauncher|\n|player|p2|blookinator|eusine|\n|teamsize|p1|6\n|teamsize|p2|6\n|gen|9\n|tier|[Gen 9] Ubers\n|rule|Sleep Clause Mod: Limit one foe put to sleep\n|rule|Species Clause: Limit one of each Pok\u00e9mon\n|rule|OHKO Clause: OHKO moves are banned\n|rule|Evasion Items Clause: Evasion items are banned\n|rule|Evasion Moves Clause: Evasion moves are banned\n|rule|Endless Battle Clause: Forcing endless battles is banned\n|rule|HP Percentage Mod: HP is shown in percentages\n|clearpoke\n|poke|p1|Torkoal, M|\n|poke|p1|Walking Wake|\n|poke|p1|Grafaiai, M|\n|poke|p1|Zacian-*|\n|poke|p1|Chi-Yu|\n|poke|p1|Cyclizar, M|\n|poke|p2|Arceus-Poison|\n|poke|p2|Shaymin-Sky|\n|poke|p2|Gliscor, M|\n|poke|p2|Zamazenta-*|\n|poke|p2|Cyclizar, F|\n|poke|p2|Giratina|\n|teampreview\n|c|\u2606Kabunger|posting this in live\n|c|\u2606blookinator|sounds good\n|inactive|Battle timer is ON: inactive players will automatically lose when time's up. (requested by Kabunger)\n|\n|t:|1698890449\n|start\n|switch|p1a: Chi-Yu|Chi-Yu|100\/100\n|switch|p2a: Giratina|Giratina|100\/100\n|-ability|p1a: Chi-Yu|Beads of Ruin\n|-ability|p2a: Giratina|Pressure\n|turn|1\n|inactive|blookinator has 270 seconds left.\n|\n|t:|1698890486\n|move|p1a: Chi-Yu|Flamethrower|p2a: Giratina\n|-resisted|p2a: Giratina\n|-damage|p2a: Giratina|87\/100\n|move|p2a: Giratina|Aura Sphere|p1a: Chi-Yu\n|-supereffective|p1a: Chi-Yu\n|-damage|p1a: Chi-Yu|56\/100\n|\n|-heal|p2a: Giratina|93\/100|[from] item: Leftovers\n|upkeep\n|turn|2\n|inactive|blookinator has 270 seconds left.\n|\n|t:|1698890509\n|switch|p1a: Torkoal|Torkoal, M|100\/100\n|-weather|SunnyDay|[from] ability: Drought|[of] p1a: Torkoal\n|move|p2a: Giratina|Will-O-Wisp|p1a: Torkoal\n|-immune|p1a: Torkoal\n|\n|-weather|SunnyDay|[upkeep]\n|-heal|p2a: Giratina|99\/100|[from] item: Leftovers\n|upkeep\n|turn|3\n|\n|t:|1698890520\n|move|p2a: Giratina|Aura Sphere|p1a: Torkoal\n|-damage|p1a: Torkoal|77\/100\n|move|p1a: Torkoal|Will-O-Wisp|p2a: Giratina\n|-status|p2a: Giratina|brn\n|\n|-weather|SunnyDay|[upkeep]\n|-heal|p2a: Giratina|100\/100 brn|[from] item: Leftovers\n|-damage|p2a: Giratina|94\/100 brn|[from] brn\n|upkeep\n|turn|4\n|\n|t:|1698890526\n|switch|p1a: Walking Wake|Walking Wake|100\/100\n|-activate|p1a: Walking Wake|ability: Protosynthesis\n|-start|p1a: Walking Wake|protosynthesisspe\n|move|p2a: Giratina|Aura Sphere|p1a: Walking Wake\n|-damage|p1a: Walking Wake|81\/100\n|\n|-weather|SunnyDay|[upkeep]\n|-heal|p2a: Giratina|100\/100 brn|[from] item: Leftovers\n|-damage|p2a: Giratina|94\/100 brn|[from] brn\n|upkeep\n|turn|5\n|inactive|blookinator has 270 seconds left.\n|\n|t:|1698890551\n|switch|p2a: Arceus|Arceus-Poison|100\/100\n|move|p1a: Walking Wake|Flip Turn|p2a: Arceus\n|-damage|p2a: Arceus|96\/100\n|\n|t:|1698890554\n|-end|p1a: Walking Wake|Protosynthesis|[silent]\n|switch|p1a: Chi-Yu|Chi-Yu|56\/100|[from] Flip Turn\n|-ability|p1a: Chi-Yu|Beads of Ruin\n|\n|-weather|SunnyDay|[upkeep]\n|upkeep\n|turn|6\n|\n|t:|1698890569\n|move|p1a: Chi-Yu|Overheat|p2a: Arceus\n|-damage|p2a: Arceus|2\/100\n|-unboost|p1a: Chi-Yu|spa|2\n|move|p2a: Arceus|Cosmic Power|p2a: Arceus\n|-boost|p2a: Arceus|def|1\n|-boost|p2a: Arceus|spd|1\n|\n|-weather|none\n|upkeep\n|turn|7\n|inactive|blookinator has 240 seconds left.\n|\n|t:|1698890602\n|switch|p2a: Gliscor|Gliscor, M|100\/100\n|move|p1a: Chi-Yu|Overheat|p2a: Gliscor\n|-damage|p2a: Gliscor|46\/100\n|-unboost|p1a: Chi-Yu|spa|2\n|\n|-status|p2a: Gliscor|tox|[from] item: Toxic Orb\n|upkeep\n|turn|8\n|inactive|blookinator has 240 seconds left.\n|\n|t:|1698890615\n|switch|p1a: Cyclizar|Cyclizar, M|100\/100\n|move|p2a: Gliscor|Earthquake|p1a: Cyclizar\n|-damage|p1a: Cyclizar|42\/100\n|\n|-heal|p2a: Gliscor|59\/100 tox|[from] ability: Poison Heal\n|upkeep\n|turn|9\n|inactive|blookinator has 240 seconds left.\n|\n|t:|1698890630\n|switch|p1a: Walking Wake|Walking Wake|81\/100\n|move|p2a: Gliscor|Earthquake|p1a: Walking Wake\n|-damage|p1a: Walking Wake|40\/100\n|\n|-heal|p2a: Gliscor|71\/100 tox|[from] ability: Poison Heal\n|upkeep\n|turn|10\n|inactive|blookinator has 240 seconds left.\n|\n|t:|1698890643\n|switch|p2a: Arceus|Arceus-Poison|2\/100\n|move|p1a: Walking Wake|Draco Meteor|p2a: Arceus\n|-crit|p2a: Arceus\n|-damage|p2a: Arceus|0 fnt\n|-unboost|p1a: Walking Wake|spa|2\n|faint|p2a: Arceus\n|\n|upkeep\n|\n|t:|1698890656\n|switch|p2a: Gliscor|Gliscor, M|71\/100 tox\n|turn|11\n|\n|t:|1698890678\n|-end|p1a: Walking Wake|Protosynthesis|[silent]\n|switch|p1a: Cyclizar|Cyclizar, M|75\/100\n|move|p2a: Gliscor|Toxic Spikes|p1a: Cyclizar\n|-sidestart|p1: Kabunger|move: Toxic Spikes\n|\n|-heal|p2a: Gliscor|83\/100 tox|[from] ability: Poison Heal\n|upkeep\n|turn|12\n|inactive|blookinator has 240 seconds left.\n|\n|t:|1698890684\n|move|p1a: Cyclizar|Rapid Spin|p2a: Gliscor\n|-damage|p2a: Gliscor|69\/100 tox\n|-boost|p1a: Cyclizar|spe|1\n|-sideend|p1: Kabunger|Toxic Spikes|[from] move: Rapid Spin|[of] p1a: Cyclizar\n|move|p2a: Gliscor|Knock Off|p1a: Cyclizar\n|-damage|p1a: Cyclizar|36\/100\n|-enditem|p1a: Cyclizar|Heavy-Duty Boots|[from] move: Knock Off|[of] p2a: Gliscor\n|\n|-heal|p2a: Gliscor|82\/100 tox|[from] ability: Poison Heal\n|upkeep\n|turn|13\n|inactive|blookinator has 240 seconds left.\n|\n|t:|1698890697\n|move|p1a: Cyclizar|Taunt|p2a: Gliscor\n|-start|p2a: Gliscor|move: Taunt\n|move|p2a: Gliscor|Earthquake|p1a: Cyclizar\n|-damage|p1a: Cyclizar|0 fnt\n|faint|p1a: Cyclizar\n|\n|-heal|p2a: Gliscor|94\/100 tox|[from] ability: Poison Heal\n|upkeep\n|\n|t:|1698890700\n|switch|p1a: Walking Wake|Walking Wake|40\/100\n|turn|14\n|inactive|blookinator has 240 seconds left.\n|\n|t:|1698890720\n|-terastallize|p1a: Walking Wake|Water\n|move|p1a: Walking Wake|Hydro Steam|p2a: Gliscor\n|-supereffective|p2a: Gliscor\n|-damage|p2a: Gliscor|0 fnt\n|faint|p2a: Gliscor\n|\n|upkeep\n|inactive|blookinator has 240 seconds left.\n|\n|t:|1698890733\n|switch|p2a: Shaymin|Shaymin-Sky|100\/100\n|turn|15\n|inactive|blookinator has 240 seconds left.\n|\n|t:|1698890743\n|-end|p1a: Walking Wake|Protosynthesis|[silent]\n|switch|p1a: Torkoal|Torkoal, M|77\/100\n|-weather|SunnyDay|[from] ability: Drought|[of] p1a: Torkoal\n|move|p2a: Shaymin|Seed Flare|p1a: Torkoal\n|-resisted|p1a: Torkoal\n|-damage|p1a: Torkoal|28\/100\n|-unboost|p1a: Torkoal|spd|2\n|-enditem|p1a: Torkoal|Eject Pack\n|-damage|p2a: Shaymin|91\/100|[from] item: Life Orb\n|\n|t:|1698890751\n|switch|p1a: Walking Wake|Walking Wake, tera:Water|40\/100\n|-activate|p1a: Walking Wake|ability: Protosynthesis\n|-start|p1a: Walking Wake|protosynthesisspe\n|\n|-weather|SunnyDay|[upkeep]\n|upkeep\n|turn|16\n|inactive|blookinator has 240 seconds left.\n|inactive|blookinator has 210 seconds left.\n|\n|t:|1698890800\n|switch|p2a: Zamazenta|Zamazenta-Crowned|100\/100\n|-ability|p2a: Zamazenta|Dauntless Shield|boost\n|-boost|p2a: Zamazenta|def|1\n|move|p1a: Walking Wake|Draco Meteor|p2a: Zamazenta\n|-resisted|p2a: Zamazenta\n|-damage|p2a: Zamazenta|66\/100\n|-unboost|p1a: Walking Wake|spa|2\n|\n|-weather|SunnyDay|[upkeep]\n|upkeep\n|turn|17\n|inactive|blookinator has 210 seconds left.\n|\n|t:|1698890811\n|-end|p1a: Walking Wake|Protosynthesis|[silent]\n|switch|p1a: Torkoal|Torkoal, M|28\/100\n|move|p2a: Zamazenta|Iron Defense|p2a: Zamazenta\n|-boost|p2a: Zamazenta|def|2\n|\n|-weather|SunnyDay|[upkeep]\n|upkeep\n|turn|18\n|inactive|blookinator has 210 seconds left.\n|\n|t:|1698890823\n|switch|p1a: AIYAH GG'S|Grafaiai, M|100\/100\n|move|p2a: Zamazenta|Play Rough|p1a: AIYAH GG'S\n|-resisted|p1a: AIYAH GG'S\n|-damage|p1a: AIYAH GG'S|72\/100\n|\n|-weather|SunnyDay|[upkeep]\n|upkeep\n|turn|19\n|inactive|blookinator has 210 seconds left.\n|\n|t:|1698890829\n|move|p1a: AIYAH GG'S|Encore|p2a: Zamazenta\n|-start|p2a: Zamazenta|Encore\n|move|p2a: Zamazenta|Play Rough|p1a: AIYAH GG'S|[miss]\n|-miss|p2a: Zamazenta|p1a: AIYAH GG'S\n|\n|-weather|none\n|upkeep\n|turn|20\n|inactive|blookinator has 210 seconds left.\n|\n|t:|1698890849\n|switch|p2a: Cyclizar|Cyclizar, F|100\/100\n|switch|p1a: Torkoal|Torkoal, M|28\/100\n|-weather|SunnyDay|[from] ability: Drought|[of] p1a: Torkoal\n|\n|-weather|SunnyDay|[upkeep]\n|upkeep\n|turn|21\n|\n|t:|1698890854\n|move|p2a: Cyclizar|Shed Tail|p2a: Cyclizar\n|-start|p2a: Cyclizar|Substitute|[from] move: Shed Tail\n|-damage|p2a: Cyclizar|50\/100\n|\n|t:|1698890858\n|switch|p2a: Giratina|Giratina|94\/100 brn|[from] Shed Tail\n|-ability|p2a: Giratina|Pressure\n|move|p1a: Torkoal|Lava Plume|p2a: Giratina\n|-resisted|p2a: Giratina\n|-activate|p2a: Giratina|move: Substitute|[damage]\n|\n|-weather|SunnyDay|[upkeep]\n|-heal|p2a: Giratina|100\/100 brn|[from] item: Leftovers\n|-damage|p2a: Giratina|94\/100 brn|[from] brn\n|upkeep\n|turn|22\n|\n|t:|1698890872\n|move|p2a: Giratina|Aura Sphere|p1a: Torkoal\n|-damage|p1a: Torkoal|5\/100\n|move|p1a: Torkoal|Lava Plume|p2a: Giratina\n|-resisted|p2a: Giratina\n|-activate|p2a: Giratina|move: Substitute|[damage]\n|\n|-weather|SunnyDay|[upkeep]\n|-heal|p2a: Giratina|100\/100 brn|[from] item: Leftovers\n|-damage|p2a: Giratina|94\/100 brn|[from] brn\n|upkeep\n|turn|23\n|\n|t:|1698890883\n|switch|p1a: AIYAH GG'S|Grafaiai, M|72\/100\n|move|p2a: Giratina|Aura Sphere|p1a: AIYAH GG'S\n|-damage|p1a: AIYAH GG'S|40\/100\n|\n|-weather|SunnyDay|[upkeep]\n|-heal|p2a: Giratina|100\/100 brn|[from] item: Leftovers\n|-damage|p2a: Giratina|94\/100 brn|[from] brn\n|upkeep\n|turn|24\n|\n|t:|1698890895\n|move|p1a: AIYAH GG'S|Poison Jab|p2a: Giratina\n|-resisted|p2a: Giratina\n|-end|p2a: Giratina|Substitute\n|move|p2a: Giratina|Aura Sphere|p1a: AIYAH GG'S\n|-damage|p1a: AIYAH GG'S|11\/100\n|\n|-weather|none\n|-heal|p2a: Giratina|100\/100 brn|[from] item: Leftovers\n|-damage|p2a: Giratina|94\/100 brn|[from] brn\n|upkeep\n|turn|25\n|\n|t:|1698890902\n|switch|p1a: Zacian|Zacian|100\/100\n|-ability|p1a: Zacian|Intrepid Sword|boost\n|-boost|p1a: Zacian|atk|1\n|move|p2a: Giratina|Aura Sphere|p1a: Zacian\n|-resisted|p1a: Zacian\n|-damage|p1a: Zacian|92\/100\n|\n|-heal|p2a: Giratina|100\/100 brn|[from] item: Leftovers\n|-damage|p2a: Giratina|94\/100 brn|[from] brn\n|upkeep\n|turn|26\n|\n|t:|1698890922\n|switch|p1a: Torkoal|Torkoal, M|5\/100\n|-weather|SunnyDay|[from] ability: Drought|[of] p1a: Torkoal\n|-terastallize|p2a: Giratina|Ghost\n|move|p2a: Giratina|Will-O-Wisp|p1a: Torkoal\n|-immune|p1a: Torkoal\n|\n|-weather|SunnyDay|[upkeep]\n|-heal|p2a: Giratina|100\/100 brn|[from] item: Leftovers\n|-damage|p2a: Giratina|94\/100 brn|[from] brn\n|upkeep\n|turn|27\n|\n|t:|1698890926\n|move|p2a: Giratina|Aura Sphere|p1a: Torkoal\n|-damage|p1a: Torkoal|0 fnt\n|faint|p1a: Torkoal\n|\n|-weather|SunnyDay|[upkeep]\n|-heal|p2a: Giratina|100\/100 brn|[from] item: Leftovers\n|-damage|p2a: Giratina|94\/100 brn|[from] brn\n|upkeep\n|\n|t:|1698890932\n|switch|p1a: Chi-Yu|Chi-Yu|56\/100\n|-ability|p1a: Chi-Yu|Beads of Ruin\n|turn|28\n|inactive|blookinator has 240 seconds left.\n|\n|t:|1698890966\n|switch|p2a: Zamazenta|Zamazenta-Crowned|66\/100\n|move|p1a: Chi-Yu|Overheat|p2a: Zamazenta\n|-supereffective|p2a: Zamazenta\n|-damage|p2a: Zamazenta|0 fnt\n|-unboost|p1a: Chi-Yu|spa|2\n|faint|p2a: Zamazenta\n|\n|-weather|SunnyDay|[upkeep]\n|upkeep\n|\n|t:|1698890971\n|switch|p2a: Cyclizar|Cyclizar, F|84\/100\n|turn|29\n|\n|t:|1698890977\n|move|p1a: Chi-Yu|Overheat|p2a: Cyclizar\n|-resisted|p2a: Cyclizar\n|-damage|p2a: Cyclizar|29\/100\n|-unboost|p1a: Chi-Yu|spa|2\n|move|p2a: Cyclizar|Shed Tail|p2a: Cyclizar\n|-fail|p2a: Cyclizar|move: Shed Tail|[weak]\n|\n|-weather|SunnyDay|[upkeep]\n|upkeep\n|turn|30\n|\n|t:|1698890982\n|switch|p2a: Giratina|Giratina, tera:Ghost|94\/100 brn\n|-ability|p2a: Giratina|Pressure\n|move|p1a: Chi-Yu|Overheat|p2a: Giratina\n|-damage|p2a: Giratina|73\/100 brn\n|-unboost|p1a: Chi-Yu|spa|2\n|\n|-weather|none\n|-heal|p2a: Giratina|79\/100 brn|[from] item: Leftovers\n|-damage|p2a: Giratina|73\/100 brn|[from] brn\n|upkeep\n|turn|31\n|\n|t:|1698890989\n|switch|p1a: AIYAH GG'S|Grafaiai, M|11\/100\n|move|p2a: Giratina|Aura Sphere|p1a: AIYAH GG'S\n|-damage|p1a: AIYAH GG'S|0 fnt\n|faint|p1a: AIYAH GG'S\n|\n|-heal|p2a: Giratina|79\/100 brn|[from] item: Leftovers\n|-damage|p2a: Giratina|73\/100 brn|[from] brn\n|upkeep\n|\n|t:|1698890993\n|switch|p1a: Chi-Yu|Chi-Yu|56\/100\n|-ability|p1a: Chi-Yu|Beads of Ruin\n|turn|32\n|\n|t:|1698891010\n|move|p1a: Chi-Yu|Dark Pulse|p2a: Giratina\n|-supereffective|p2a: Giratina\n|-damage|p2a: Giratina|15\/100 brn\n|move|p2a: Giratina|Aura Sphere|p1a: Chi-Yu\n|-supereffective|p1a: Chi-Yu\n|-damage|p1a: Chi-Yu|16\/100\n|\n|-heal|p2a: Giratina|21\/100 brn|[from] item: Leftovers\n|-damage|p2a: Giratina|15\/100 brn|[from] brn\n|upkeep\n|turn|33\n|inactive|blookinator has 240 seconds left.\n|\n|t:|1698891041\n|move|p1a: Chi-Yu|Dark Pulse|p2a: Giratina\n|-supereffective|p2a: Giratina\n|-damage|p2a: Giratina|0 fnt\n|faint|p2a: Giratina\n|\n|upkeep\n|\n|t:|1698891046\n|switch|p2a: Shaymin|Shaymin-Sky|91\/100\n|turn|34\n|\n|t:|1698891054\n|switch|p1a: Walking Wake|Walking Wake, tera:Water|40\/100\n|move|p2a: Shaymin|Air Slash|p1a: Walking Wake|[miss]\n|-miss|p2a: Shaymin|p1a: Walking Wake\n|\n|upkeep\n|turn|35\n|\n|t:|1698891061\n|move|p2a: Shaymin|Seed Flare|p1a: Walking Wake\n|-supereffective|p1a: Walking Wake\n|-damage|p1a: Walking Wake|0 fnt\n|faint|p1a: Walking Wake\n|-end|p1a: Walking Wake|Protosynthesis|[silent]\n|-damage|p2a: Shaymin|81\/100|[from] item: Life Orb\n|\n|upkeep\n|\n|t:|1698891063\n|switch|p1a: Chi-Yu|Chi-Yu|16\/100\n|-ability|p1a: Chi-Yu|Beads of Ruin\n|turn|36\n|\n|t:|1698891068\n|move|p1a: Chi-Yu|Flamethrower|p2a: Shaymin\n|-supereffective|p2a: Shaymin\n|-damage|p2a: Shaymin|0 fnt\n|faint|p2a: Shaymin\n|\n|upkeep\n|\n|t:|1698891073\n|switch|p2a: Cyclizar|Cyclizar, F|62\/100\n|turn|37\n|\n|t:|1698891080\n|move|p1a: Chi-Yu|Flamethrower|p2a: Cyclizar\n|-resisted|p2a: Cyclizar\n|-damage|p2a: Cyclizar|11\/100\n|move|p2a: Cyclizar|Rapid Spin|p1a: Chi-Yu\n|-damage|p1a: Chi-Yu|0 fnt\n|-boost|p2a: Cyclizar|spe|1\n|faint|p1a: Chi-Yu\n|\n|upkeep\n|\n|t:|1698891083\n|switch|p1a: Zacian|Zacian|92\/100\n|turn|38\n|\n|t:|1698891087\n|move|p2a: Cyclizar|Knock Off|p1a: Zacian\n|-resisted|p1a: Zacian\n|-damage|p1a: Zacian|82\/100\n|-enditem|p1a: Zacian|Heavy-Duty Boots|[from] move: Knock Off|[of] p2a: Cyclizar\n|move|p1a: Zacian|Tera Blast|p2a: Cyclizar\n|-damage|p2a: Cyclizar|0 fnt\n|faint|p2a: Cyclizar\n|\n|win|Kabunger\n|c|\u2606Kabunger|gg\n|c|\u2606blookinator|gg\n|l|\u2606blookinator\n","uploadtime":1698891093,"views":23,"p1id":"kabunger","p2id":"blookinator","formatid":"gen9ubers","rating":0,"private":0,"password":""}