{"id":"gen9ubers-1987162151","p1":"ioria890","p2":"Gym Leader Sohniya","format":"[Gen 9] Ubers","log":"|j|\u2606ioria890\n|j|\u2606Gym Leader Sohniya\n|t:|1699561267\n|gametype|singles\n|player|p1|ioria890|lucas|1000\n|player|p2|Gym Leader Sohniya|colress|1055\n|teamsize|p1|6\n|teamsize|p2|6\n|gen|9\n|tier|[Gen 9] Ubers\n|rated|\n|rule|Sleep Clause Mod: Limit one foe put to sleep\n|rule|Species Clause: Limit one of each Pok\u00e9mon\n|rule|OHKO Clause: OHKO moves are banned\n|rule|Evasion Items Clause: Evasion items are banned\n|rule|Evasion Moves Clause: Evasion moves are banned\n|rule|Endless Battle Clause: Forcing endless battles is banned\n|rule|HP Percentage Mod: HP is shown in percentages\n|clearpoke\n|poke|p1|Charizard, M|\n|poke|p1|Gliscor, M|\n|poke|p1|Lucario, F|\n|poke|p1|Greninja-*, M|\n|poke|p1|Raichu-Alola, M|\n|poke|p1|Golem, F|\n|poke|p2|Dragonite, M|\n|poke|p2|Hydreigon, M|\n|poke|p2|Garchomp, M|\n|poke|p2|Roaring Moon|\n|poke|p2|Dragapult, M|\n|poke|p2|Charizard, M|\n|teampreview\n|\n|t:|1699561272\n|start\n|switch|p1a: Raichu|Raichu-Alola, M|100\/100\n|switch|p2a: Dragonite|Dragonite, M|100\/100\n|turn|1\n|inactive|Battle timer is ON: inactive players will automatically lose when time's up. (requested by Gym Leader Sohniya)\n|\n|t:|1699561279\n|move|p1a: Raichu|Light Screen|p1a: Raichu\n|-sidestart|p1: ioria890|move: Light Screen\n|move|p2a: Dragonite|Dragon Dance|p2a: Dragonite\n|-boost|p2a: Dragonite|atk|1\n|-boost|p2a: Dragonite|spe|1\n|\n|upkeep\n|turn|2\n|\n|t:|1699561285\n|move|p1a: Raichu|Reflect|p1a: Raichu\n|-sidestart|p1: ioria890|Reflect\n|move|p2a: Dragonite|Dragon Dance|p2a: Dragonite\n|-boost|p2a: Dragonite|atk|1\n|-boost|p2a: Dragonite|spe|1\n|\n|upkeep\n|turn|3\n|\n|t:|1699561290\n|move|p2a: Dragonite|Dragon Dance|p2a: Dragonite\n|-boost|p2a: Dragonite|atk|1\n|-boost|p2a: Dragonite|spe|1\n|move|p1a: Raichu|Psychic|p2a: Dragonite\n|-damage|p2a: Dragonite|85\/100\n|\n|upkeep\n|turn|4\n|\n|t:|1699561297\n|move|p2a: Dragonite|Dragon Dance|p2a: Dragonite\n|-boost|p2a: Dragonite|atk|1\n|-boost|p2a: Dragonite|spe|1\n|move|p1a: Raichu|Thunderbolt|p2a: Dragonite\n|-damage|p2a: Dragonite|53\/100\n|\n|upkeep\n|turn|5\n|\n|t:|1699561304\n|move|p2a: Dragonite|Dragon Dance|p2a: Dragonite\n|-boost|p2a: Dragonite|atk|1\n|-boost|p2a: Dragonite|spe|1\n|move|p1a: Raichu|Thunderbolt|p2a: Dragonite\n|-damage|p2a: Dragonite|18\/100\n|\n|-sideend|p1: ioria890|move: Light Screen\n|upkeep\n|turn|6\n|\n|t:|1699561314\n|-terastallize|p2a: Dragonite|Normal\n|move|p2a: Dragonite|Extreme Speed|p1a: Raichu\n|-damage|p1a: Raichu|0 fnt\n|faint|p1a: Raichu\n|\n|-sideend|p1: ioria890|Reflect\n|upkeep\n|\n|t:|1699561325\n|switch|p1a: Golem|Golem, F|100\/100\n|turn|7\n|\n|t:|1699561330\n|move|p2a: Dragonite|Extreme Speed|p1a: Golem\n|-resisted|p1a: Golem\n|-damage|p1a: Golem|39\/100\n|move|p1a: Golem|Rest|p1a: Golem\n|-status|p1a: Golem|slp|[from] move: Rest\n|-heal|p1a: Golem|100\/100 slp|[silent]\n|\n|upkeep\n|turn|8\n|\n|t:|1699561338\n|move|p2a: Dragonite|Encore|p1a: Golem\n|-start|p1a: Golem|Encore\n|cant|p1a: Golem|slp\n|\n|upkeep\n|turn|9\n|\n|t:|1699561343\n|move|p2a: Dragonite|Extreme Speed|p1a: Golem\n|-resisted|p1a: Golem\n|-damage|p1a: Golem|31\/100 slp\n|cant|p1a: Golem|slp\n|\n|-heal|p1a: Golem|37\/100 slp|[from] item: Leftovers\n|upkeep\n|turn|10\n|\n|t:|1699561353\n|switch|p1a: Lucario|Lucario, F|100\/100\n|move|p2a: Dragonite|Extreme Speed|p1a: Lucario\n|-resisted|p1a: Lucario\n|-damage|p1a: Lucario|0 fnt\n|faint|p1a: Lucario\n|\n|upkeep\n|\n|t:|1699561361\n|switch|p1a: Greninja|Greninja, M|100\/100\n|turn|11\n|\n|t:|1699561364\n|move|p2a: Dragonite|Extreme Speed|p1a: Greninja\n|-damage|p1a: Greninja|0 fnt\n|faint|p1a: Greninja\n|\n|upkeep\n|\n|t:|1699561371\n|switch|p1a: Charizard|Charizard, M|100\/100\n|turn|12\n|\n|t:|1699561376\n|move|p2a: Dragonite|Extreme Speed|p1a: Charizard\n|-damage|p1a: Charizard|0 fnt\n|faint|p1a: Charizard\n|\n|upkeep\n|\n|t:|1699561380\n|switch|p1a: Gliscor|Gliscor, M|100\/100\n|turn|13\n|\n|t:|1699561384\n|move|p2a: Dragonite|Extreme Speed|p1a: Gliscor\n|-damage|p1a: Gliscor|0 fnt\n|faint|p1a: Gliscor\n|\n|upkeep\n|\n|t:|1699561388\n|switch|p1a: Golem|Golem, F|37\/100 slp\n|turn|14\n|\n|t:|1699561395\n|move|p2a: Dragonite|Extreme Speed|p1a: Golem\n|-resisted|p1a: Golem\n|-damage|p1a: Golem|0 fnt\n|faint|p1a: Golem\n|\n|win|Gym Leader Sohniya\n|raw|ioria890's rating: 1000 &rarr; <strong>1000<\/strong><br \/>(+0 for losing)\n|raw|Gym Leader Sohniya's rating: 1055 &rarr; <strong>1082<\/strong><br \/>(+27 for winning)\n|l|\u2606ioria890\n","uploadtime":1699561403,"views":10,"p1id":"ioria890","p2id":"gymleadersohniya","formatid":"gen9ubers","rating":1000,"private":0,"password":""}