{"id":"gen9ubers-1987283665","p1":"CrazyBrownGuy","p2":"Fergder","format":"[Gen 9] Ubers","log":"|j|\u2606CrazyBrownGuy\n|j|\u2606Fergder\n|t:|1699573001\n|gametype|singles\n|player|p1|CrazyBrownGuy|veteran|\n|player|p2|Fergder|266|\n|teamsize|p1|6\n|teamsize|p2|6\n|gen|9\n|tier|[Gen 9] Ubers\n|rule|Sleep Clause Mod: Limit one foe put to sleep\n|rule|Species Clause: Limit one of each Pok\u00e9mon\n|rule|OHKO Clause: OHKO moves are banned\n|rule|Evasion Items Clause: Evasion items are banned\n|rule|Evasion Moves Clause: Evasion moves are banned\n|rule|Endless Battle Clause: Forcing endless battles is banned\n|rule|HP Percentage Mod: HP is shown in percentages\n|clearpoke\n|poke|p1|Pincurchin, F|\n|poke|p1|Gastrodon-East, M|\n|poke|p1|Bisharp, F|\n|poke|p1|Urshifu-*, M|\n|poke|p1|Cryogonal|\n|poke|p1|Iron Hands|\n|poke|p2|Shaymin-Sky|\n|poke|p2|Sandaconda, F|\n|poke|p2|Illumise, F|\n|poke|p2|Golem-Alola, M|\n|poke|p2|Brambleghast, F|\n|poke|p2|Empoleon, F|\n|teampreview\n|\n|t:|1699573022\n|start\n|switch|p1a: Red Ranger|Bisharp, F|100\/100\n|switch|p2a: Empoleon|Empoleon, F|100\/100\n|turn|1\n|\n|t:|1699573034\n|move|p1a: Red Ranger|Iron Defense|p1a: Red Ranger\n|-boost|p1a: Red Ranger|def|2\n|move|p2a: Empoleon|Air Slash|p1a: Red Ranger\n|-resisted|p1a: Red Ranger\n|-damage|p1a: Red Ranger|90\/100\n|\n|upkeep\n|turn|2\n|\n|t:|1699573039\n|switch|p2a: Sandaconda|Sandaconda, F|100\/100\n|move|p1a: Red Ranger|Swords Dance|p1a: Red Ranger\n|-boost|p1a: Red Ranger|atk|2\n|\n|upkeep\n|turn|3\n|\n|t:|1699573047\n|move|p2a: Sandaconda|Coil|p2a: Sandaconda\n|-boost|p2a: Sandaconda|atk|1\n|-boost|p2a: Sandaconda|def|1\n|-boost|p2a: Sandaconda|accuracy|1\n|move|p1a: Red Ranger|Iron Head|p2a: Sandaconda\n|-damage|p2a: Sandaconda|66\/100\n|\n|upkeep\n|turn|4\n|\n|t:|1699573057\n|switch|p1a: Sluggy|Gastrodon-East, M|100\/100\n|move|p2a: Sandaconda|Earthquake|p1a: Sluggy\n|-damage|p1a: Sluggy|25\/100\n|\n|-heal|p1a: Sluggy|31\/100|[from] item: Leftovers\n|upkeep\n|turn|5\n|\n|t:|1699573067\n|move|p2a: Sandaconda|Rock Blast|p1a: Sluggy\n|-resisted|p1a: Sluggy\n|-damage|p1a: Sluggy|24\/100\n|-resisted|p1a: Sluggy\n|-damage|p1a: Sluggy|17\/100\n|-resisted|p1a: Sluggy\n|-damage|p1a: Sluggy|11\/100\n|-resisted|p1a: Sluggy\n|-damage|p1a: Sluggy|4\/100\n|-hitcount|p1a: Sluggy|4\n|move|p1a: Sluggy|Chilling Water|p2a: Sandaconda\n|-supereffective|p2a: Sandaconda\n|-damage|p2a: Sandaconda|17\/100\n|-unboost|p2a: Sandaconda|atk|1\n|\n|-heal|p1a: Sluggy|11\/100|[from] item: Leftovers\n|upkeep\n|turn|6\n|\n|t:|1699573082\n|move|p2a: Sandaconda|Earthquake|p1a: Sluggy\n|-damage|p1a: Sluggy|0 fnt\n|faint|p1a: Sluggy\n|\n|upkeep\n|\n|t:|1699573087\n|switch|p1a: SWEEP THE FEET|Urshifu-Rapid-Strike, M|100\/100\n|turn|7\n|\n|t:|1699573104\n|move|p1a: SWEEP THE FEET|U-turn|p2a: Sandaconda\n|-damage|p2a: Sandaconda|4\/100\n|\n|t:|1699573114\n|switch|p1a: Red Ranger|Bisharp, F|90\/100|[from] U-turn\n|move|p2a: Sandaconda|Scale Shot|p1a: Red Ranger\n|-resisted|p1a: Red Ranger\n|-damage|p1a: Red Ranger|88\/100\n|-resisted|p1a: Red Ranger\n|-damage|p1a: Red Ranger|86\/100\n|-resisted|p1a: Red Ranger\n|-damage|p1a: Red Ranger|84\/100\n|-resisted|p1a: Red Ranger\n|-crit|p1a: Red Ranger\n|-damage|p1a: Red Ranger|80\/100\n|-hitcount|p1a: Red Ranger|4\n|-unboost|p2a: Sandaconda|def|1\n|-boost|p2a: Sandaconda|spe|1\n|\n|upkeep\n|turn|8\n|\n|t:|1699573128\n|move|p1a: Red Ranger|Sucker Punch|p2a: Sandaconda\n|-damage|p2a: Sandaconda|0 fnt\n|faint|p2a: Sandaconda\n|\n|upkeep\n|\n|t:|1699573134\n|switch|p2a: Golem|Golem-Alola, M|100\/100\n|turn|9\n|\n|t:|1699573149\n|switch|p1a: Buttface|Pincurchin, F|100\/100\n|-fieldstart|move: Electric Terrain|[from] ability: Electric Surge|[of] p1a: Buttface\n|move|p2a: Golem|Earthquake|p1a: Buttface\n|-supereffective|p1a: Buttface\n|-damage|p1a: Buttface|34\/100\n|\n|upkeep\n|turn|10\n|\n|t:|1699573162\n|move|p2a: Golem|Earthquake|p1a: Buttface\n|-supereffective|p1a: Buttface\n|-damage|p1a: Buttface|0 fnt\n|faint|p1a: Buttface\n|\n|upkeep\n|\n|t:|1699573180\n|switch|p1a: Square Up|Iron Hands|100\/100\n|-activate|p1a: Square Up|ability: Quark Drive\n|-start|p1a: Square Up|quarkdriveatk\n|turn|11\n|\n|t:|1699573186\n|move|p1a: Square Up|Drain Punch|p2a: Golem\n|-supereffective|p2a: Golem\n|-damage|p2a: Golem|20\/100\n|move|p2a: Golem|Earthquake|p1a: Square Up\n|-supereffective|p1a: Square Up\n|-damage|p1a: Square Up|64\/100\n|\n|upkeep\n|turn|12\n|-enditem|p2a: Golem|Custap Berry|[eat]\n|-activate|p2a: Golem|item: Custap Berry|[consumed]\n|\n|t:|1699573195\n|move|p2a: Golem|Explosion|p1a: Square Up\n|-resisted|p1a: Square Up\n|-damage|p1a: Square Up|4\/100\n|faint|p2a: Golem\n|move|p1a: Square Up|Swords Dance|p1a: Square Up\n|-boost|p1a: Square Up|atk|2\n|\n|upkeep\n|\n|t:|1699573203\n|switch|p2a: Brambleghast|Brambleghast, F|100\/100\n|turn|13\n|\n|t:|1699573207\n|move|p2a: Brambleghast|Shadow Sneak|p1a: Square Up\n|-damage|p1a: Square Up|0 fnt\n|faint|p1a: Square Up\n|-end|p1a: Square Up|Quark Drive|[silent]\n|\n|upkeep\n|\n|t:|1699573211\n|switch|p1a: Red Ranger|Bisharp, F|80\/100\n|turn|14\n|\n|t:|1699573220\n|switch|p2a: Illumise|Illumise, F|100\/100\n|move|p1a: Red Ranger|Swords Dance|p1a: Red Ranger\n|-boost|p1a: Red Ranger|atk|2\n|\n|upkeep\n|turn|15\n|\n|t:|1699573226\n|move|p1a: Red Ranger|Sucker Punch|p2a: Illumise\n|-damage|p2a: Illumise|19\/100\n|-damage|p1a: Red Ranger|64\/100|[from] item: Rocky Helmet|[of] p2a: Illumise\n|move|p2a: Illumise|Bug Buzz|p1a: Red Ranger\n|-damage|p1a: Red Ranger|44\/100\n|\n|upkeep\n|turn|16\n|\n|t:|1699573237\n|move|p2a: Illumise|Roost|p2a: Illumise\n|-heal|p2a: Illumise|69\/100\n|-singleturn|p2a: Illumise|move: Roost\n|move|p1a: Red Ranger|Iron Head|p2a: Illumise\n|-damage|p2a: Illumise|0 fnt\n|-damage|p1a: Red Ranger|27\/100|[from] item: Rocky Helmet|[of] p2a: Illumise\n|faint|p2a: Illumise\n|\n|-fieldend|move: Electric Terrain\n|upkeep\n|\n|t:|1699573242\n|switch|p2a: Shaymin|Shaymin-Sky|100\/100\n|turn|17\n|\n|t:|1699573248\n|switch|p1a: Spicy Ice|Cryogonal|100\/100\n|move|p2a: Shaymin|Seed Flare|p1a: Spicy Ice\n|-damage|p1a: Spicy Ice|61\/100\n|-unboost|p1a: Spicy Ice|spd|2\n|\n|upkeep\n|turn|18\n|\n|t:|1699573259\n|switch|p2a: Empoleon|Empoleon, F|100\/100\n|-terastallize|p1a: Spicy Ice|Ice\n|move|p1a: Spicy Ice|Freeze-Dry|p2a: Empoleon\n|-crit|p2a: Empoleon\n|-damage|p2a: Empoleon|55\/100\n|\n|upkeep\n|turn|19\n|-activate|p2a: Empoleon|item: Quick Claw\n|\n|t:|1699573274\n|move|p2a: Empoleon|Air Slash|p1a: Spicy Ice\n|-damage|p1a: Spicy Ice|28\/100\n|move|p1a: Spicy Ice|Freeze-Dry|p2a: Empoleon\n|-damage|p2a: Empoleon|27\/100\n|\n|upkeep\n|turn|20\n|-activate|p2a: Empoleon|item: Quick Claw\n|\n|t:|1699573280\n|move|p2a: Empoleon|Air Slash|p1a: Spicy Ice\n|-damage|p1a: Spicy Ice|0 fnt\n|faint|p1a: Spicy Ice\n|\n|upkeep\n|\n|t:|1699573285\n|switch|p1a: SWEEP THE FEET|Urshifu-Rapid-Strike, M|100\/100\n|turn|21\n|\n|t:|1699573298\n|move|p1a: SWEEP THE FEET|Surging Strikes|p2a: Empoleon\n|-resisted|p2a: Empoleon\n|-crit|p2a: Empoleon\n|-damage|p2a: Empoleon|16\/100\n|-resisted|p2a: Empoleon\n|-crit|p2a: Empoleon\n|-damage|p2a: Empoleon|5\/100\n|-resisted|p2a: Empoleon\n|-crit|p2a: Empoleon\n|-damage|p2a: Empoleon|0 fnt\n|faint|p2a: Empoleon\n|-hitcount|p2: Empoleon|3\n|\n|upkeep\n|\n|t:|1699573301\n|switch|p2a: Shaymin|Shaymin-Sky|100\/100\n|turn|22\n|\n|t:|1699573308\n|move|p2a: Shaymin|Seed Flare|p1a: SWEEP THE FEET\n|-supereffective|p1a: SWEEP THE FEET\n|-damage|p1a: SWEEP THE FEET|0 fnt\n|faint|p1a: SWEEP THE FEET\n|\n|upkeep\n|\n|t:|1699573312\n|switch|p1a: Red Ranger|Bisharp, F|27\/100\n|turn|23\n|\n|t:|1699573316\n|move|p1a: Red Ranger|Sucker Punch|p2a: Shaymin\n|-damage|p2a: Shaymin|65\/100\n|move|p2a: Shaymin|Seed Flare|p1a: Red Ranger\n|-resisted|p1a: Red Ranger\n|-damage|p1a: Red Ranger|3\/100\n|-unboost|p1a: Red Ranger|spd|2\n|-ability|p1a: Red Ranger|Defiant|boost\n|-boost|p1a: Red Ranger|atk|2\n|\n|upkeep\n|turn|24\n|\n|t:|1699573324\n|move|p1a: Red Ranger|Sucker Punch|p2a: Shaymin\n|-damage|p2a: Shaymin|0 fnt\n|faint|p2a: Shaymin\n|\n|upkeep\n|\n|t:|1699573327\n|switch|p2a: Brambleghast|Brambleghast, F|100\/100\n|turn|25\n|\n|t:|1699573330\n|move|p2a: Brambleghast|Shadow Sneak|p1a: Red Ranger\n|-resisted|p1a: Red Ranger\n|-damage|p1a: Red Ranger|0 fnt\n|faint|p1a: Red Ranger\n|\n|win|Fergder\n|c|\u2606Fergder|Gg\n","uploadtime":1699573342,"views":46,"p1id":"crazybrownguy","p2id":"fergder","formatid":"gen9ubers","rating":0,"private":0,"password":""}