{"id":"gen9ubers-1984299479","p1":"kinqidiot","p2":"Minimimik","format":"[Gen 9] Ubers","log":"|j|\u2606kinqidiot\n|j|\u2606Minimimik\n|t:|1699240696\n|gametype|singles\n|player|p1|kinqidiot|n|\n|player|p2|Minimimik|n|\n|teamsize|p1|6\n|teamsize|p2|6\n|gen|9\n|tier|[Gen 9] Ubers\n|rule|Sleep Clause Mod: Limit one foe put to sleep\n|rule|Species Clause: Limit one of each Pok\u00e9mon\n|rule|OHKO Clause: OHKO moves are banned\n|rule|Evasion Items Clause: Evasion items are banned\n|rule|Evasion Moves Clause: Evasion moves are banned\n|rule|Endless Battle Clause: Forcing endless battles is banned\n|rule|HP Percentage Mod: HP is shown in percentages\n|clearpoke\n|poke|p1|Meowscarada, F|\n|poke|p1|Ambipom, F|\n|poke|p1|Clodsire, F|\n|poke|p1|Iron Treads|\n|poke|p1|Mimikyu, M|\n|poke|p1|Naclstack, F|\n|poke|p2|Dondozo, M|\n|poke|p2|Blissey, F|\n|poke|p2|Gliscor, F|\n|poke|p2|Toxapex, F|\n|poke|p2|Corviknight, M|\n|poke|p2|Kingambit, M|\n|teampreview\n|\n|t:|1699240705\n|start\n|switch|p1a: Clodsire|Clodsire, F|100\/100\n|switch|p2a: Gliscor|Gliscor, F|100\/100\n|turn|1\n|\n|t:|1699240747\n|move|p2a: Gliscor|Spikes|p1a: Clodsire\n|-sidestart|p1: kinqidiot|Spikes\n|move|p1a: Clodsire|Spikes|p2a: Gliscor\n|-sidestart|p2: Minimimik|Spikes\n|\n|-status|p2a: Gliscor|tox|[from] item: Toxic Orb\n|upkeep\n|turn|2\n|\n|t:|1699240755\n|move|p2a: Gliscor|Spikes|p1a: Clodsire\n|-sidestart|p1: kinqidiot|Spikes\n|move|p1a: Clodsire|Spikes|p2a: Gliscor\n|-sidestart|p2: Minimimik|Spikes\n|\n|upkeep\n|turn|3\n|\n|t:|1699240761\n|move|p2a: Gliscor|Spikes|p1a: Clodsire\n|-sidestart|p1: kinqidiot|Spikes\n|move|p1a: Clodsire|Spikes|p2a: Gliscor\n|-sidestart|p2: Minimimik|Spikes\n|\n|upkeep\n|turn|4\n|\n|t:|1699240768\n|switch|p1a: Iron Treads|Iron Treads|100\/100\n|-damage|p1a: Iron Treads|76\/100|[from] Spikes\n|-enditem|p1a: Iron Treads|Booster Energy\n|-activate|p1a: Iron Treads|ability: Quark Drive|[fromitem]\n|-start|p1a: Iron Treads|quarkdrivespe\n|move|p2a: Gliscor|Earthquake|p1a: Iron Treads\n|-supereffective|p1a: Iron Treads\n|-damage|p1a: Iron Treads|13\/100\n|\n|upkeep\n|turn|5\n|\n|t:|1699240792\n|move|p2a: Gliscor|Protect|p2a: Gliscor\n|-singleturn|p2a: Gliscor|Protect\n|move|p1a: Iron Treads|Ice Spinner|p2a: Gliscor\n|-activate|p2a: Gliscor|move: Protect\n|\n|upkeep\n|turn|6\n|\n|t:|1699240800\n|switch|p2a: Dondozo|Dondozo, M|100\/100\n|move|p1a: Iron Treads|Ice Spinner|p2a: Dondozo\n|-resisted|p2a: Dondozo\n|-damage|p2a: Dondozo|95\/100\n|\n|upkeep\n|turn|7\n|\n|t:|1699240808\n|move|p1a: Iron Treads|Rapid Spin|p2a: Dondozo\n|-damage|p2a: Dondozo|88\/100\n|-boost|p1a: Iron Treads|spe|1\n|-sideend|p1: kinqidiot|Spikes|[from] move: Rapid Spin|[of] p1a: Iron Treads\n|move|p2a: Dondozo|Waterfall|p1a: Iron Treads\n|-supereffective|p1a: Iron Treads\n|-damage|p1a: Iron Treads|0 fnt\n|faint|p1a: Iron Treads\n|-end|p1a: Iron Treads|Quark Drive|[silent]\n|\n|upkeep\n|\n|t:|1699240817\n|switch|p1a: Meowscarada|Meowscarada, F|100\/100\n|turn|8\n|\n|t:|1699240822\n|switch|p2a: Gliscor|Gliscor, F|100\/100 tox\n|move|p1a: Meowscarada|Flower Trick|p2a: Gliscor\n|-crit|p2a: Gliscor\n|-damage|p2a: Gliscor|60\/100 tox\n|\n|-heal|p2a: Gliscor|72\/100 tox|[from] ability: Poison Heal\n|upkeep\n|turn|9\n|\n|t:|1699240832\n|switch|p1a: Ambipom|Ambipom, F|100\/100\n|move|p2a: Gliscor|Toxic|p1a: Ambipom\n|-status|p1a: Ambipom|tox\n|\n|-damage|p1a: Ambipom|94\/100 tox|[from] psn\n|-heal|p2a: Gliscor|84\/100 tox|[from] ability: Poison Heal\n|upkeep\n|turn|10\n|\n|t:|1699240845\n|-terastallize|p1a: Ambipom|Normal\n|move|p2a: Gliscor|Protect|p2a: Gliscor\n|-singleturn|p2a: Gliscor|Protect\n|move|p1a: Ambipom|Fake Out|p2a: Gliscor\n|-activate|p2a: Gliscor|move: Protect\n|\n|-damage|p1a: Ambipom|82\/100 tox|[from] psn\n|-heal|p2a: Gliscor|97\/100 tox|[from] ability: Poison Heal\n|upkeep\n|turn|11\n|\n|t:|1699240857\n|switch|p2a: Corviknight|Corviknight, M|100\/100\n|-ability|p2a: Corviknight|Pressure\n|move|p1a: Ambipom|Last Resort|p2a: Corviknight\n|-resisted|p2a: Corviknight\n|-damage|p2a: Corviknight|72\/100\n|\n|-damage|p1a: Ambipom|63\/100 tox|[from] psn\n|upkeep\n|turn|12\n|\n|t:|1699240874\n|switch|p1a: Naclstack|Naclstack, F|100\/100\n|move|p2a: Corviknight|Iron Defense|p2a: Corviknight\n|-boost|p2a: Corviknight|def|2\n|\n|upkeep\n|turn|13\n|\n|t:|1699240881\n|move|p2a: Corviknight|Iron Defense|p2a: Corviknight\n|-boost|p2a: Corviknight|def|2\n|move|p1a: Naclstack|Salt Cure|p2a: Corviknight\n|-damage|p2a: Corviknight|70\/100\n|\n|upkeep\n|turn|14\n|c|\u2606Minimimik|Yuh\n|\n|t:|1699240895\n|move|p2a: Corviknight|Body Press|p1a: Naclstack\n|-supereffective|p1a: Naclstack\n|-crit|p1a: Naclstack\n|-damage|p1a: Naclstack|0 fnt\n|faint|p1a: Naclstack\n|\n|upkeep\n|\n|t:|1699240907\n|switch|p1a: Mimikyu|Mimikyu, M|100\/100\n|turn|15\n|\n|t:|1699240919\n|move|p1a: Mimikyu|Swords Dance|p1a: Mimikyu\n|-boost|p1a: Mimikyu|atk|2\n|move|p2a: Corviknight|Iron Head|p1a: Mimikyu\n|-activate|p1a: Mimikyu|ability: Disguise\n|-damage|p1a: Mimikyu|100\/100\n|detailschange|p1a: Mimikyu|Mimikyu-Busted, M\n|-damage|p1a: Mimikyu|88\/100|[from] pokemon: Mimikyu-Busted\n|\n|upkeep\n|turn|16\n|\n|t:|1699240930\n|move|p1a: Mimikyu|Play Rough|p2a: Corviknight\n|-resisted|p2a: Corviknight\n|-damage|p2a: Corviknight|63\/100\n|move|p2a: Corviknight|Iron Defense|p2a: Corviknight\n|-boost|p2a: Corviknight|def|2\n|\n|upkeep\n|turn|17\n|\n|t:|1699240937\n|move|p1a: Mimikyu|Shadow Sneak|p2a: Corviknight\n|-damage|p2a: Corviknight|57\/100\n|move|p2a: Corviknight|Roost|p2a: Corviknight\n|-heal|p2a: Corviknight|100\/100\n|-singleturn|p2a: Corviknight|move: Roost\n|\n|upkeep\n|turn|18\n|\n|t:|1699240949\n|move|p1a: Mimikyu|Drain Punch|p2a: Corviknight\n|-damage|p2a: Corviknight|95\/100\n|-heal|p1a: Mimikyu|93\/100|[from] drain|[of] p2a: Corviknight\n|move|p2a: Corviknight|Iron Head|p1a: Mimikyu\n|-supereffective|p1a: Mimikyu\n|-damage|p1a: Mimikyu|7\/100\n|\n|upkeep\n|turn|19\n|\n|t:|1699240957\n|move|p1a: Mimikyu|Drain Punch|p2a: Corviknight\n|-crit|p2a: Corviknight\n|-damage|p2a: Corviknight|57\/100\n|-heal|p1a: Mimikyu|37\/100|[from] drain|[of] p2a: Corviknight\n|move|p2a: Corviknight|Iron Head|p1a: Mimikyu\n|-supereffective|p1a: Mimikyu\n|-damage|p1a: Mimikyu|0 fnt\n|faint|p1a: Mimikyu\n|\n|upkeep\n|\n|t:|1699240969\n|switch|p1a: Ambipom|Ambipom, F, tera:Normal|63\/100 tox\n|turn|20\n|\n|t:|1699240974\n|move|p1a: Ambipom|Fake Out|p2a: Corviknight\n|-resisted|p2a: Corviknight\n|-damage|p2a: Corviknight|53\/100\n|move|p2a: Corviknight|Roost|p2a: Corviknight\n|-heal|p2a: Corviknight|100\/100\n|-singleturn|p2a: Corviknight|move: Roost\n|\n|-damage|p1a: Ambipom|57\/100 tox|[from] psn\n|upkeep\n|turn|21\n|\n|t:|1699240985\n|move|p1a: Ambipom|Last Resort|p2a: Corviknight\n|-resisted|p2a: Corviknight\n|-damage|p2a: Corviknight|93\/100\n|move|p2a: Corviknight|Body Press|p1a: Ambipom\n|-supereffective|p1a: Ambipom\n|-damage|p1a: Ambipom|0 fnt\n|faint|p1a: Ambipom\n|\n|upkeep\n|\n|t:|1699240993\n|switch|p1a: Meowscarada|Meowscarada, F|100\/100\n|turn|22\n|\n|t:|1699241003\n|move|p1a: Meowscarada|Knock Off|p2a: Corviknight\n|-crit|p2a: Corviknight\n|-damage|p2a: Corviknight|37\/100\n|-enditem|p2a: Corviknight|Covert Cloak|[from] move: Knock Off|[of] p1a: Meowscarada\n|move|p2a: Corviknight|Body Press|p1a: Meowscarada\n|-supereffective|p1a: Meowscarada\n|-damage|p1a: Meowscarada|0 fnt\n|faint|p1a: Meowscarada\n|\n|upkeep\n|l|\u2606Minimimik\n|player|p2|\n|\n|t:|1699241012\n|switch|p1a: Clodsire|Clodsire, F|100\/100\n|turn|23\n|j|\u2606Minimimik\n|player|p2|Minimimik|n\n|\n|t:|1699241018\n|move|p2a: Corviknight|Roost|p2a: Corviknight\n|-heal|p2a: Corviknight|87\/100\n|-singleturn|p2a: Corviknight|move: Roost\n|move|p1a: Clodsire|Earthquake|p2a: Corviknight\n|-supereffective|p2a: Corviknight\n|-damage|p2a: Corviknight|49\/100\n|\n|upkeep\n|turn|24\n|\n|t:|1699241026\n|move|p2a: Corviknight|Roost|p2a: Corviknight\n|-heal|p2a: Corviknight|99\/100\n|-singleturn|p2a: Corviknight|move: Roost\n|move|p1a: Clodsire|Earthquake|p2a: Corviknight\n|-supereffective|p2a: Corviknight\n|-damage|p2a: Corviknight|63\/100\n|\n|upkeep\n|turn|25\n|\n|t:|1699241035\n|move|p2a: Corviknight|Iron Head|p1a: Clodsire\n|-damage|p1a: Clodsire|75\/100\n|move|p1a: Clodsire|Earthquake|p2a: Corviknight\n|-immune|p2a: Corviknight\n|\n|-heal|p1a: Clodsire|82\/100|[from] item: Black Sludge\n|upkeep\n|turn|26\n|\n|t:|1699241043\n|move|p2a: Corviknight|Iron Head|p1a: Clodsire\n|-damage|p1a: Clodsire|57\/100\n|move|p1a: Clodsire|Earthquake|p2a: Corviknight\n|-immune|p2a: Corviknight\n|\n|-heal|p1a: Clodsire|63\/100|[from] item: Black Sludge\n|upkeep\n|turn|27\n|\n|t:|1699241052\n|move|p2a: Corviknight|Iron Head|p1a: Clodsire\n|-crit|p1a: Clodsire\n|-damage|p1a: Clodsire|28\/100\n|cant|p1a: Clodsire|flinch\n|\n|-heal|p1a: Clodsire|35\/100|[from] item: Black Sludge\n|upkeep\n|turn|28\n|\n|t:|1699241061\n|move|p2a: Corviknight|Iron Head|p1a: Clodsire\n|-damage|p1a: Clodsire|9\/100\n|move|p1a: Clodsire|Toxic Spikes|p2a: Corviknight\n|-sidestart|p2: Minimimik|move: Toxic Spikes\n|\n|-heal|p1a: Clodsire|15\/100|[from] item: Black Sludge\n|upkeep\n|turn|29\n|\n|t:|1699241069\n|move|p1a: Clodsire|Protect|p1a: Clodsire\n|-singleturn|p1a: Clodsire|Protect\n|move|p2a: Corviknight|Iron Head|p1a: Clodsire\n|-activate|p1a: Clodsire|move: Protect\n|\n|-heal|p1a: Clodsire|21\/100|[from] item: Black Sludge\n|upkeep\n|turn|30\n|c|\u2606Minimimik|No recover on that?\n|\n|t:|1699241080\n|move|p2a: Corviknight|Iron Head|p1a: Clodsire\n|-damage|p1a: Clodsire|0 fnt\n|faint|p1a: Clodsire\n|\n|win|Minimimik\n|c|\u2606Minimimik|Gg\n","uploadtime":1699241095,"views":10,"p1id":"kinqidiot","p2id":"minimimik","formatid":"gen9ubers","rating":0,"private":0,"password":""}