{"id":"gen9ubers-1999330622","p1":"snakeydookey","p2":"VTPooks","format":"[Gen 9] Ubers","log":"|j|\u2606snakeydookey\n|j|\u2606VTPooks\n|t:|1701061438\n|gametype|singles\n|player|p1|snakeydookey|dawn-gen4pt|\n|player|p2|VTPooks|blue|\n|teamsize|p1|6\n|teamsize|p2|6\n|gen|9\n|tier|[Gen 9] Ubers\n|rule|Sleep Clause Mod: Limit one foe put to sleep\n|rule|Species Clause: Limit one of each Pok\u00e9mon\n|rule|OHKO Clause: OHKO moves are banned\n|rule|Evasion Items Clause: Evasion items are banned\n|rule|Evasion Moves Clause: Evasion moves are banned\n|rule|Endless Battle Clause: Forcing endless battles is banned\n|rule|HP Percentage Mod: HP is shown in percentages\n|clearpoke\n|poke|p1|Shaymin|\n|poke|p1|Weavile, F|\n|poke|p1|Gliscor, M|\n|poke|p1|Kommo-o, F|\n|poke|p1|Ceruledge, M|\n|poke|p1|Sneasler, M|\n|poke|p2|Jirachi|\n|poke|p2|Landorus-Therian, M|\n|poke|p2|Sandslash-Alola, M|\n|poke|p2|Ninetales-Alola, M|\n|poke|p2|Hoopa|\n|poke|p2|Goodra-Hisui, M|\n|teampreview\n|c|\u2606VTPooks|gl hf\n|c|\u2606snakeydookey|u2\n|inactive|Battle timer is ON: inactive players will automatically lose when time's up. (requested by snakeydookey)\n|c|\u2606VTPooks|wait bro has ubers\n|c|\u2606VTPooks|cheat xDDD\n|\n|t:|1701061475\n|start\n|switch|p1a: Gliscor|Gliscor, M, shiny|100\/100\n|switch|p2a: Jirachi|Jirachi|100\/100\n|turn|1\n|\n|t:|1701061498\n|switch|p1a: Ceruledge|Ceruledge, M, shiny|100\/100\n|move|p2a: Jirachi|Trick|p1a: Ceruledge\n|-activate|p2a: Jirachi|move: Trick|[of] p1a: Ceruledge\n|-item|p1a: Ceruledge|Choice Scarf|[from] move: Trick\n|-item|p2a: Jirachi|Focus Sash|[from] move: Trick\n|\n|upkeep\n|turn|2\n|\n|t:|1701061513\n|move|p1a: Ceruledge|Bitter Blade|p2a: Jirachi\n|-supereffective|p2a: Jirachi\n|-damage|p2a: Jirachi|50\/100\n|move|p2a: Jirachi|U-turn|p1a: Ceruledge\n|-resisted|p1a: Ceruledge\n|-damage|p1a: Ceruledge|95\/100\n|-ability|p1a: Ceruledge|Weak Armor|boost\n|-unboost|p1a: Ceruledge|def|1\n|-boost|p1a: Ceruledge|spe|2\n|\n|t:|1701061530\n|switch|p2a: Landorus|Landorus-Therian, M|100\/100|[from] U-turn\n|-ability|p2a: Landorus|Intimidate|boost\n|-unboost|p1a: Ceruledge|atk|1\n|\n|upkeep\n|turn|3\n|\n|t:|1701061538\n|switch|p1a: Gliscor|Gliscor, M, shiny|100\/100\n|move|p2a: Landorus|Earthquake|p1a: Gliscor\n|-immune|p1a: Gliscor\n|\n|-status|p1a: Gliscor|tox|[from] item: Toxic Orb\n|upkeep\n|turn|4\n|\n|t:|1701061544\n|move|p1a: Gliscor|Ice Fang|p2a: Landorus\n|-supereffective|p2a: Landorus\n|-enditem|p2a: Landorus|Yache Berry|[eat]\n|-enditem|p2a: Landorus|Yache Berry|[weaken]\n|-damage|p2a: Landorus|76\/100\n|move|p2a: Landorus|Stealth Rock|p1a: Gliscor\n|-sidestart|p1: snakeydookey|move: Stealth Rock\n|\n|upkeep\n|turn|5\n|\n|t:|1701061555\n|switch|p2a: Goodra|Goodra-Hisui, M|100\/100\n|move|p1a: Gliscor|Swords Dance|p1a: Gliscor\n|-boost|p1a: Gliscor|atk|2\n|\n|upkeep\n|turn|6\n|\n|t:|1701061559\n|move|p1a: Gliscor|Earthquake|p2a: Goodra\n|-supereffective|p2a: Goodra\n|-damage|p2a: Goodra|0 fnt\n|faint|p2a: Goodra\n|\n|upkeep\n|\n|t:|1701061563\n|switch|p2a: Landorus|Landorus-Therian, M|76\/100\n|-ability|p2a: Landorus|Intimidate|boost\n|-unboost|p1a: Gliscor|atk|1\n|turn|7\n|\n|t:|1701061573\n|switch|p2a: Jirachi|Jirachi|50\/100\n|move|p1a: Gliscor|Ice Fang|p2a: Jirachi\n|-resisted|p2a: Jirachi\n|-damage|p2a: Jirachi|41\/100\n|\n|upkeep\n|turn|8\n|\n|t:|1701061579\n|move|p1a: Gliscor|Earthquake|p2a: Jirachi\n|-supereffective|p2a: Jirachi\n|-damage|p2a: Jirachi|0 fnt\n|faint|p2a: Jirachi\n|\n|upkeep\n|\n|t:|1701061581\n|switch|p2a: Landorus|Landorus-Therian, M|76\/100\n|-ability|p2a: Landorus|Intimidate|boost\n|-unboost|p1a: Gliscor|atk|1\n|turn|9\n|\n|t:|1701061585\n|move|p1a: Gliscor|Swords Dance|p1a: Gliscor\n|-boost|p1a: Gliscor|atk|2\n|move|p2a: Landorus|U-turn|p1a: Gliscor\n|-resisted|p1a: Gliscor\n|-damage|p1a: Gliscor|91\/100 tox\n|\n|t:|1701061590\n|switch|p2a: Ninetales|Ninetales-Alola, M|100\/100|[from] U-turn\n|-weather|Snow|[from] ability: Snow Warning|[of] p2a: Ninetales\n|\n|-weather|Snow|[upkeep]\n|-heal|p1a: Gliscor|100\/100 tox|[from] ability: Poison Heal\n|upkeep\n|turn|10\n|\n|t:|1701061594\n|-terastallize|p1a: Gliscor|Steel\n|move|p2a: Ninetales|Blizzard|p1a: Gliscor\n|-resisted|p1a: Gliscor\n|-damage|p1a: Gliscor|68\/100 tox\n|move|p1a: Gliscor|Tera Blast|p2a: Ninetales|[anim] Tera Blast Steel\n|-supereffective|p2a: Ninetales\n|-damage|p2a: Ninetales|0 fnt\n|faint|p2a: Ninetales\n|\n|-weather|Snow|[upkeep]\n|-heal|p1a: Gliscor|80\/100 tox|[from] ability: Poison Heal\n|upkeep\n|\n|t:|1701061601\n|switch|p2a: Landorus|Landorus-Therian, M|76\/100\n|-ability|p2a: Landorus|Intimidate|boost\n|-unboost|p1a: Gliscor|atk|1\n|turn|11\n|\n|t:|1701061607\n|-terastallize|p2a: Landorus|Flying\n|move|p1a: Gliscor|Ice Fang|p2a: Landorus\n|-supereffective|p2a: Landorus\n|-damage|p2a: Landorus|38\/100\n|move|p2a: Landorus|Earthquake|p1a: Gliscor\n|-supereffective|p1a: Gliscor\n|-damage|p1a: Gliscor|0 fnt\n|faint|p1a: Gliscor\n|\n|-weather|Snow|[upkeep]\n|upkeep\n|\n|t:|1701061621\n|switch|p1a: Weavile|Weavile, F, shiny|100\/100\n|-ability|p1a: Weavile|Pressure\n|turn|12\n|\n|t:|1701061626\n|move|p1a: Weavile|Ice Spinner|p2a: Landorus\n|-supereffective|p2a: Landorus\n|-damage|p2a: Landorus|0 fnt\n|faint|p2a: Landorus\n|\n|-weather|Snow|[upkeep]\n|upkeep\n|\n|t:|1701061630\n|switch|p2a: Sandslash|Sandslash-Alola, M|100\/100\n|turn|13\n|\n|t:|1701061636\n|switch|p1a: Ceruledge|Ceruledge, M, shiny|95\/100\n|-damage|p1a: Ceruledge|70\/100|[from] Stealth Rock\n|move|p2a: Sandslash|Knock Off|p1a: Ceruledge\n|-supereffective|p1a: Ceruledge\n|-damage|p1a: Ceruledge|0 fnt\n|-enditem|p1a: Ceruledge|Choice Scarf|[from] move: Knock Off|[of] p2a: Sandslash\n|faint|p1a: Ceruledge\n|\n|-weather|none\n|upkeep\n|\n|t:|1701061644\n|switch|p1a: Sneasler|Sneasler, M, shiny|100\/100\n|-damage|p1a: Sneasler|94\/100|[from] Stealth Rock\n|turn|14\n|\n|t:|1701061651\n|move|p1a: Sneasler|Close Combat|p2a: Sandslash\n|-supereffective|p2a: Sandslash\n|-damage|p2a: Sandslash|0 fnt\n|-unboost|p1a: Sneasler|def|1\n|-unboost|p1a: Sneasler|spd|1\n|faint|p2a: Sandslash\n|\n|upkeep\n|\n|t:|1701061654\n|switch|p2a: Hoopa|Hoopa|100\/100\n|turn|15\n|\n|t:|1701061657\n|move|p1a: Sneasler|U-turn|p2a: Hoopa\n|-damage|p2a: Hoopa|65\/100\n|\n|t:|1701061661\n|switch|p1a: Shaymin|Shaymin, shiny|100\/100|[from] U-turn\n|-damage|p1a: Shaymin|88\/100|[from] Stealth Rock\n|move|p2a: Hoopa|Trick Room|p2a: Hoopa\n|-fieldstart|move: Trick Room|[of] p2a: Hoopa\n|-enditem|p2a: Hoopa|Room Service\n|-unboost|p2a: Hoopa|spe|1|[from] item: Room Service\n|\n|-heal|p1a: Shaymin|94\/100|[from] item: Leftovers\n|upkeep\n|turn|16\n|\n|t:|1701061667\n|move|p2a: Hoopa|Psyshock|p1a: Shaymin\n|-damage|p1a: Shaymin|49\/100\n|-item|p2a: Hoopa|Leftovers|[from] ability: Magician|[of] p1a: Shaymin\n|move|p1a: Shaymin|Seed Flare|p2a: Hoopa\n|-crit|p2a: Hoopa\n|-damage|p2a: Hoopa|11\/100\n|-unboost|p2a: Hoopa|spd|2\n|\n|-heal|p2a: Hoopa|17\/100|[from] item: Leftovers\n|upkeep\n|turn|17\n|c|\u2606VTPooks|gg\n|\n|t:|1701061674\n|move|p2a: Hoopa|Psyshock|p1a: Shaymin\n|-crit|p1a: Shaymin\n|-damage|p1a: Shaymin|0 fnt\n|faint|p1a: Shaymin\n|\n|-heal|p2a: Hoopa|23\/100|[from] item: Leftovers\n|upkeep\n|c|\u2606VTPooks|can u get replay\n|c|\u2606snakeydookey|gg\n|\n|t:|1701061690\n|switch|p1a: Weavile|Weavile, F, shiny|100\/100\n|-ability|p1a: Weavile|Pressure\n|turn|18\n|\n|t:|1701061695\n|switch|p1a: Kommo-o|Kommo-o, F, shiny|100\/100\n|-damage|p1a: Kommo-o|94\/100|[from] Stealth Rock\n|move|p2a: Hoopa|Shadow Ball|p1a: Kommo-o\n|-immune|p1a: Kommo-o|[from] ability: Bulletproof\n|\n|-heal|p2a: Hoopa|29\/100|[from] item: Leftovers\n|upkeep\n|turn|19\n|\n|t:|1701061702\n|move|p2a: Hoopa|Psyshock|p1a: Kommo-o\n|-supereffective|p1a: Kommo-o\n|-damage|p1a: Kommo-o|12\/100\n|move|p1a: Kommo-o|Clanging Scales|p2a: Hoopa\n|-damage|p2a: Hoopa|0 fnt\n|faint|p2a: Hoopa\n|\n|win|snakeydookey\n|l|\u2606VTPooks\n","uploadtime":1701061714,"views":6,"p1id":"snakeydookey","p2id":"vtpooks","formatid":"gen9ubers","rating":0,"private":0,"password":""}