{"id":"gen9ubers-1986476831","p1":"TerrarianSkeleton","p2":"bitenchleur","format":"[Gen 9] Ubers","log":"|j|\u2606TerrarianSkeleton\n|j|\u2606bitenchleur\n|t:|1699482996\n|gametype|singles\n|player|p1|TerrarianSkeleton|koga|1160\n|player|p2|bitenchleur|102|1032\n|teamsize|p1|6\n|teamsize|p2|6\n|gen|9\n|tier|[Gen 9] Ubers\n|rated|\n|rule|Sleep Clause Mod: Limit one foe put to sleep\n|rule|Species Clause: Limit one of each Pok\u00e9mon\n|rule|OHKO Clause: OHKO moves are banned\n|rule|Evasion Items Clause: Evasion items are banned\n|rule|Evasion Moves Clause: Evasion moves are banned\n|rule|Endless Battle Clause: Forcing endless battles is banned\n|rule|HP Percentage Mod: HP is shown in percentages\n|clearpoke\n|poke|p1|Regieleki|\n|poke|p1|Enamorus, F|\n|poke|p1|Glimmora, F|\n|poke|p1|Golem-Alola, M|\n|poke|p1|Tyranitar, F|\n|poke|p1|Houndstone, F|\n|poke|p2|Blissey, F|\n|poke|p2|Clodsire, M|\n|poke|p2|Gholdengo|\n|poke|p2|Great Tusk|\n|poke|p2|Toxapex, F|\n|poke|p2|Garchomp, M|\n|teampreview\n|inactive|Battle timer is ON: inactive players will automatically lose when time's up. (requested by TerrarianSkeleton)\n|\n|t:|1699483000\n|start\n|switch|p1a: Glimmora|Glimmora, F|100\/100\n|switch|p2a: Toxapex|Toxapex, F|100\/100\n|turn|1\n|\n|t:|1699483013\n|move|p1a: Glimmora|Stealth Rock|p2a: Toxapex\n|-sidestart|p2: bitenchleur|move: Stealth Rock\n|move|p2a: Toxapex|Toxic Spikes|p1a: Glimmora\n|-sidestart|p1: TerrarianSkeleton|move: Toxic Spikes\n|\n|upkeep\n|turn|2\n|\n|t:|1699483020\n|switch|p2a: Great Tusk|Great Tusk|100\/100\n|-damage|p2a: Great Tusk|98\/100|[from] Stealth Rock\n|move|p1a: Glimmora|Spikes|p2a: Great Tusk\n|-sidestart|p2: bitenchleur|Spikes\n|\n|-heal|p2a: Great Tusk|100\/100|[from] item: Leftovers\n|upkeep\n|turn|3\n|\n|t:|1699483034\n|move|p1a: Glimmora|Explosion|p2a: Great Tusk\n|-damage|p2a: Great Tusk|83\/100\n|faint|p1a: Glimmora\n|move|p2a: Great Tusk|Rapid Spin|p1: Glimmora|[notarget]\n|-fail|p2a: Great Tusk\n|\n|-heal|p2a: Great Tusk|89\/100|[from] item: Leftovers\n|upkeep\n|\n|t:|1699483042\n|switch|p1a: Enamorus|Enamorus, F|100\/100\n|turn|4\n|\n|t:|1699483049\n|move|p1a: Enamorus|Misty Explosion|p2a: Great Tusk\n|-supereffective|p2a: Great Tusk\n|-damage|p2a: Great Tusk|0 fnt\n|faint|p1a: Enamorus\n|faint|p2a: Great Tusk\n|-end|p2a: Great Tusk|Protosynthesis|[silent]\n|\n|upkeep\n|c|\u2606bitenchleur|suicide lead? xd\n|\n|t:|1699483067\n|switch|p1a: Golem|Golem-Alola, M|100\/100\n|switch|p2a: Gholdengo|Gholdengo|100\/100\n|-damage|p2a: Gholdengo|94\/100|[from] Stealth Rock\n|-damage|p2a: Gholdengo|82\/100|[from] Spikes\n|-status|p1a: Golem|psn\n|turn|5\n|\n|t:|1699483075\n|move|p2a: Gholdengo|Make It Rain|p1a: Golem\n|-damage|p1a: Golem|21\/100 psn\n|-unboost|p2a: Gholdengo|spa|1\n|move|p1a: Golem|Explosion|p2a: Gholdengo\n|-damage|p2a: Gholdengo|0 fnt\n|faint|p1a: Golem\n|faint|p2a: Gholdengo\n|\n|upkeep\n|c|\u2606bitenchleur|lol\n|c|\u2606TerrarianSkeleton|so close\n|\n|t:|1699483088\n|switch|p2a: Blissey|Blissey, F|100\/100\n|switch|p1a: Regieleki|Regieleki|100\/100\n|-status|p1a: Regieleki|psn\n|turn|6\n|c|\u2606bitenchleur|hahha yeah\n|\n|t:|1699483095\n|move|p1a: Regieleki|Rapid Spin|p2a: Blissey\n|-damage|p2a: Blissey|87\/100\n|-boost|p1a: Regieleki|spe|1\n|-sideend|p1: TerrarianSkeleton|Toxic Spikes|[from] move: Rapid Spin|[of] p1a: Regieleki\n|move|p2a: Blissey|Seismic Toss|p1a: Regieleki\n|-damage|p1a: Regieleki|67\/100 psn\n|\n|-damage|p1a: Regieleki|55\/100 psn|[from] psn\n|upkeep\n|turn|7\n|\n|t:|1699483106\n|move|p1a: Regieleki|Reflect|p1a: Regieleki\n|-sidestart|p1: TerrarianSkeleton|Reflect\n|move|p2a: Blissey|Seismic Toss|p1a: Regieleki\n|-damage|p1a: Regieleki|22\/100 psn\n|\n|-damage|p1a: Regieleki|9\/100 psn|[from] psn\n|upkeep\n|turn|8\n|c|\u2606bitenchleur|let my toxik :\/\n|\n|t:|1699483118\n|move|p1a: Regieleki|Explosion|p2a: Blissey\n|-damage|p2a: Blissey|24\/100\n|faint|p1a: Regieleki\n|move|p2a: Blissey|Shadow Ball|p1: Regieleki|[notarget]\n|-fail|p2a: Blissey\n|\n|upkeep\n|c|\u2606bitenchleur|hahahha close\n|\n|t:|1699483124\n|switch|p1a: Tyranitar|Tyranitar, F, shiny|100\/100\n|-weather|Sandstorm|[from] ability: Sand Stream|[of] p1a: Tyranitar\n|turn|9\n|\n|t:|1699483130\n|switch|p1a: Houndstone|Houndstone, F|100\/100\n|switch|p2a: Clodsire|Clodsire, M|100\/100\n|-damage|p2a: Clodsire|94\/100|[from] Stealth Rock\n|-damage|p2a: Clodsire|82\/100|[from] Spikes\n|\n|-weather|Sandstorm|[upkeep]\n|-heal|p2a: Clodsire|88\/100|[from] item: Leftovers\n|upkeep\n|turn|10\n|c|\u2606bitenchleur|NO WAY!!\n|c|\u2606TerrarianSkeleton|guess what happens next\n|c|\u2606bitenchleur|please dont kill me\n|\n|t:|1699483149\n|move|p1a: Houndstone|Last Respects|p2a: Clodsire\n|-damage|p2a: Clodsire|0 fnt\n|faint|p2a: Clodsire\n|\n|-weather|Sandstorm|[upkeep]\n|upkeep\n|c|\u2606TerrarianSkeleton|sorry\n|c|\u2606bitenchleur|i have 2 womens\n|c|\u2606bitenchleur|5 kids\n|\n|t:|1699483168\n|switch|p2a: Toxapex|Toxapex, F|100\/100\n|-damage|p2a: Toxapex|88\/100|[from] Stealth Rock\n|-damage|p2a: Toxapex|75\/100|[from] Spikes\n|turn|11\n|c|\u2606bitenchleur|let me live\n|\n|t:|1699483174\n|move|p1a: Houndstone|Last Respects|p2a: Toxapex\n|-damage|p2a: Toxapex|0 fnt\n|faint|p2a: Toxapex\n|\n|-weather|Sandstorm|[upkeep]\n|upkeep\n|\n|t:|1699483179\n|switch|p2a: Garchomp|Garchomp, M|100\/100\n|-damage|p2a: Garchomp|94\/100|[from] Stealth Rock\n|-damage|p2a: Garchomp|82\/100|[from] Spikes\n|turn|12\n|\n|t:|1699483187\n|-terastallize|p2a: Garchomp|Fairy\n|move|p1a: Houndstone|Last Respects|p2a: Garchomp\n|-damage|p2a: Garchomp|0 fnt\n|faint|p2a: Garchomp\n|\n|-weather|Sandstorm|[upkeep]\n|upkeep\n|c|\u2606bitenchleur|idkgg ig\n|\n|t:|1699483199\n|switch|p2a: Blissey|Blissey, F|24\/100\n|turn|13\n|\n|t:|1699483204\n|switch|p1a: Tyranitar|Tyranitar, F, shiny|100\/100\n|move|p2a: Blissey|Shadow Ball|p1a: Tyranitar\n|-resisted|p1a: Tyranitar\n|-damage|p1a: Tyranitar|96\/100\n|\n|-weather|Sandstorm|[upkeep]\n|-damage|p2a: Blissey|18\/100|[from] Sandstorm\n|upkeep\n|turn|14\n|c|\u2606bitenchleur|gg\n|\n|t:|1699483215\n|move|p1a: Tyranitar|Earthquake|p2a: Blissey\n|-damage|p2a: Blissey|0 fnt\n|faint|p2a: Blissey\n|\n|win|TerrarianSkeleton\n|raw|TerrarianSkeleton's rating: 1160 &rarr; <strong>1176<\/strong><br \/>(+16 for winning)\n|raw|bitenchleur's rating: 1032 &rarr; <strong>1022<\/strong><br \/>(-10 for losing)\n|l|\u2606bitenchleur\n|c|\u2606TerrarianSkeleton|gg\n","uploadtime":1699483224,"views":6,"p1id":"terrarianskeleton","p2id":"bitenchleur","formatid":"gen9ubers","rating":1022,"private":0,"password":""}