{"id":"gen9ubers-1981035684","p1":"Alan0423","p2":"aDestructive","format":"[Gen 9] Ubers","log":"|j|\u2606Alan0423\n|j|\u2606aDestructive\n|t:|1698858509\n|gametype|singles\n|player|p1|Alan0423|hilbert|1000\n|player|p2|aDestructive|169|1076\n|teamsize|p1|6\n|teamsize|p2|6\n|gen|9\n|tier|[Gen 9] Ubers\n|rated|\n|rule|Sleep Clause Mod: Limit one foe put to sleep\n|rule|Species Clause: Limit one of each Pok\u00e9mon\n|rule|OHKO Clause: OHKO moves are banned\n|rule|Evasion Items Clause: Evasion items are banned\n|rule|Evasion Moves Clause: Evasion moves are banned\n|rule|Endless Battle Clause: Forcing endless battles is banned\n|rule|HP Percentage Mod: HP is shown in percentages\n|clearpoke\n|poke|p1|Dragapult, F|\n|poke|p1|Miraidon|\n|poke|p1|Corviknight, M|\n|poke|p1|Garchomp, M|\n|poke|p1|Empoleon, M|\n|poke|p1|Haxorus, M|\n|poke|p2|Brute Bonnet|\n|poke|p2|Ribombee, F|\n|poke|p2|Koraidon|\n|poke|p2|Annihilape, F|\n|poke|p2|Iron Moth|\n|poke|p2|Landorus, M|\n|teampreview\n|\n|t:|1698858525\n|start\n|switch|p1a: Dragapult|Dragapult, F|100\/100\n|switch|p2a: Tifa|Ribombee, F|100\/100\n|turn|1\n|\n|t:|1698858543\n|-terastallize|p1a: Dragapult|Fairy\n|move|p2a: Tifa|Sticky Web|p1a: Dragapult\n|-sidestart|p1: Alan0423|move: Sticky Web\n|move|p1a: Dragapult|Acrobatics|p2a: Tifa\n|-supereffective|p2a: Tifa\n|-enditem|p2a: Tifa|Focus Sash\n|-damage|p2a: Tifa|1\/100\n|\n|upkeep\n|turn|2\n|\n|t:|1698858555\n|move|p2a: Tifa|Stun Spore|p1a: Dragapult\n|-status|p1a: Dragapult|par\n|move|p1a: Dragapult|Acrobatics|p2a: Tifa\n|-supereffective|p2a: Tifa\n|-damage|p2a: Tifa|0 fnt\n|faint|p2a: Tifa\n|\n|upkeep\n|\n|t:|1698858564\n|switch|p2a: Adolf|Iron Moth|100\/100\n|turn|3\n|\n|t:|1698858574\n|switch|p1a: Garchomp|Garchomp, M|100\/100\n|-activate|p1a: Garchomp|move: Sticky Web\n|-unboost|p1a: Garchomp|spe|1\n|move|p2a: Adolf|Fiery Dance|p1a: Garchomp\n|-resisted|p1a: Garchomp\n|-damage|p1a: Garchomp|79\/100\n|-boost|p2a: Adolf|spa|1\n|\n|upkeep\n|turn|4\n|\n|t:|1698858592\n|-end|p2a: Adolf|Quark Drive|[silent]\n|switch|p2a: Brute Bonnie|Brute Bonnet|100\/100\n|move|p1a: Garchomp|Draco Meteor|p2a: Brute Bonnie\n|-damage|p2a: Brute Bonnie|68\/100\n|-unboost|p1a: Garchomp|spa|2\n|\n|upkeep\n|turn|5\n|\n|t:|1698858602\n|move|p2a: Brute Bonnie|Spore|p1a: Garchomp\n|-status|p1a: Garchomp|slp|[from] move: Spore\n|cant|p1a: Garchomp|slp\n|\n|upkeep\n|turn|6\n|\n|t:|1698858611\n|switch|p1a: Corviknight|Corviknight, M|100\/100\n|-ability|p1a: Corviknight|Pressure\n|move|p2a: Brute Bonnie|Energy Ball|p1a: Corviknight\n|-resisted|p1a: Corviknight\n|-damage|p1a: Corviknight|90\/100\n|\n|upkeep\n|turn|7\n|\n|t:|1698858623\n|-end|p2a: Brute Bonnie|Protosynthesis|[silent]\n|switch|p2a: Angry Man|Landorus, M|100\/100\n|move|p1a: Corviknight|Hurricane|p2a: Angry Man\n|-damage|p2a: Angry Man|67\/100\n|\n|upkeep\n|turn|8\n|\n|t:|1698858631\n|move|p2a: Angry Man|Taunt|p1a: Corviknight\n|-start|p1a: Corviknight|move: Taunt\n|move|p1a: Corviknight|Hurricane|p2a: Angry Man\n|-damage|p2a: Angry Man|34\/100\n|-start|p2a: Angry Man|confusion\n|\n|upkeep\n|turn|9\n|\n|t:|1698858641\n|switch|p2a: Adolf|Iron Moth|100\/100\n|move|p1a: Corviknight|Hurricane|p2a: Adolf\n|-damage|p2a: Adolf|75\/100\n|-start|p2a: Adolf|confusion\n|\n|-heal|p2a: Adolf|81\/100|[from] item: Black Sludge\n|upkeep\n|turn|10\n|\n|t:|1698858654\n|switch|p1a: Haxorus|Haxorus, M|100\/100\n|-activate|p1a: Haxorus|move: Sticky Web\n|-unboost|p1a: Haxorus|spe|1\n|-activate|p2a: Adolf|confusion\n|move|p2a: Adolf|Fiery Dance|p1a: Haxorus\n|-resisted|p1a: Haxorus\n|-damage|p1a: Haxorus|69\/100\n|-boost|p2a: Adolf|spa|1\n|\n|-heal|p2a: Adolf|87\/100|[from] item: Black Sludge\n|upkeep\n|turn|11\n|\n|t:|1698858669\n|-end|p2a: Adolf|Quark Drive|[silent]\n|switch|p2a: Dragon Deez|Koraidon|100\/100\n|-weather|SunnyDay|[from] ability: Orichalcum Pulse|[of] p2a: Dragon Deez\n|-activate|p2a: Dragon Deez|Orichalcum Pulse|[source]\n|move|p1a: Haxorus|Dragon Dance|p1a: Haxorus\n|-boost|p1a: Haxorus|atk|1\n|-boost|p1a: Haxorus|spe|1\n|\n|-weather|SunnyDay|[upkeep]\n|upkeep\n|turn|12\n|\n|t:|1698858683\n|move|p2a: Dragon Deez|Dragon Claw|p1a: Haxorus\n|-supereffective|p1a: Haxorus\n|-damage|p1a: Haxorus|0 fnt\n|faint|p1a: Haxorus\n|\n|-weather|SunnyDay|[upkeep]\n|upkeep\n|\n|t:|1698858693\n|switch|p1a: Miraidon|Miraidon|100\/100\n|-activate|p1a: Miraidon|move: Sticky Web\n|-unboost|p1a: Miraidon|spe|1\n|-fieldstart|move: Electric Terrain|[from] ability: Hadron Engine|[of] p1a: Miraidon\n|turn|13\n|\n|t:|1698858703\n|move|p2a: Dragon Deez|Dragon Claw|p1a: Miraidon\n|-supereffective|p1a: Miraidon\n|-damage|p1a: Miraidon|16\/100\n|move|p1a: Miraidon|Draco Meteor|p2a: Dragon Deez\n|-supereffective|p2a: Dragon Deez\n|-damage|p2a: Dragon Deez|0 fnt\n|-unboost|p1a: Miraidon|spa|2\n|faint|p2a: Dragon Deez\n|\n|-weather|SunnyDay|[upkeep]\n|upkeep\n|\n|t:|1698858718\n|switch|p2a: Big Fist|Annihilape, F|100\/100\n|turn|14\n|\n|t:|1698858726\n|move|p2a: Big Fist|Phantom Force||[still]\n|-prepare|p2a: Big Fist|Phantom Force\n|move|p1a: Miraidon|Agility|p1a: Miraidon\n|-boost|p1a: Miraidon|spe|2\n|\n|-weather|SunnyDay|[upkeep]\n|upkeep\n|turn|15\n|\n|t:|1698858736\n|move|p1a: Miraidon|Heavy Slam|p2a: Big Fist|[miss]\n|-miss|p1a: Miraidon|p2a: Big Fist\n|move|p2a: Big Fist|Phantom Force|p1a: Miraidon|[from]lockedmove\n|-damage|p1a: Miraidon|0 fnt\n|faint|p1a: Miraidon\n|\n|-weather|none\n|upkeep\n|\n|t:|1698858748\n|switch|p1a: Empoleon|Empoleon, M|100\/100\n|-activate|p1a: Empoleon|move: Sticky Web\n|-unboost|p1a: Empoleon|spe|1\n|turn|16\n|\n|t:|1698858758\n|move|p1a: Empoleon|Aqua Jet|p2a: Big Fist\n|-damage|p2a: Big Fist|74\/100\n|move|p2a: Big Fist|Phantom Force||[still]\n|-prepare|p2a: Big Fist|Phantom Force\n|\n|upkeep\n|turn|17\n|\n|t:|1698858765\n|move|p1a: Empoleon|Aqua Jet|p2a: Big Fist|[miss]\n|-miss|p1a: Empoleon|p2a: Big Fist\n|move|p2a: Big Fist|Phantom Force|p1a: Empoleon|[from]lockedmove\n|-damage|p1a: Empoleon|57\/100\n|\n|-fieldend|move: Electric Terrain\n|upkeep\n|turn|18\n|\n|t:|1698858777\n|switch|p1a: Dragapult|Dragapult, F, tera:Fairy|100\/100 par\n|-activate|p1a: Dragapult|move: Sticky Web\n|-fail|p1a: Dragapult|unboost|[from] ability: Clear Body|[of] p1a: Dragapult\n|move|p2a: Big Fist|Rage Fist|p1a: Dragapult\n|-damage|p1a: Dragapult|45\/100 par\n|\n|upkeep\n|turn|19\n|\n|t:|1698858788\n|move|p2a: Big Fist|Rage Fist|p1a: Dragapult\n|-damage|p1a: Dragapult|0 fnt\n|faint|p1a: Dragapult\n|\n|upkeep\n|\n|t:|1698858798\n|switch|p1a: Garchomp|Garchomp, M|79\/100 slp\n|-activate|p1a: Garchomp|move: Sticky Web\n|-unboost|p1a: Garchomp|spe|1\n|turn|20\n|\n|t:|1698858806\n|switch|p1a: Corviknight|Corviknight, M|90\/100\n|-ability|p1a: Corviknight|Pressure\n|move|p2a: Big Fist|Ice Punch|p1a: Corviknight\n|-damage|p1a: Corviknight|65\/100\n|\n|upkeep\n|turn|21\n|\n|t:|1698858817\n|move|p1a: Corviknight|Brave Bird|p2a: Big Fist\n|-supereffective|p2a: Big Fist\n|-damage|p2a: Big Fist|0 fnt\n|faint|p2a: Big Fist\n|-damage|p1a: Corviknight|39\/100|[from] Recoil\n|\n|upkeep\n|\n|t:|1698858822\n|switch|p2a: Adolf|Iron Moth|87\/100\n|turn|22\n|\n|t:|1698858827\n|move|p2a: Adolf|Fiery Dance|p1a: Corviknight\n|-supereffective|p1a: Corviknight\n|-damage|p1a: Corviknight|0 fnt\n|faint|p1a: Corviknight\n|\n|-heal|p2a: Adolf|93\/100|[from] item: Black Sludge\n|upkeep\n|\n|t:|1698858837\n|switch|p1a: Empoleon|Empoleon, M|57\/100\n|-activate|p1a: Empoleon|move: Sticky Web\n|-unboost|p1a: Empoleon|spe|1\n|turn|23\n|\n|t:|1698858843\n|move|p1a: Empoleon|Aqua Jet|p2a: Adolf\n|-supereffective|p2a: Adolf\n|-damage|p2a: Adolf|12\/100\n|move|p2a: Adolf|Whirlwind|p1a: Empoleon\n|drag|p1a: Garchomp|Garchomp, M|79\/100 slp\n|-activate|p1a: Garchomp|move: Sticky Web\n|-unboost|p1a: Garchomp|spe|1\n|\n|-heal|p2a: Adolf|18\/100|[from] item: Black Sludge\n|upkeep\n|turn|24\n|\n|t:|1698858857\n|move|p2a: Adolf|Fiery Dance|p1a: Garchomp\n|-resisted|p1a: Garchomp\n|-damage|p1a: Garchomp|57\/100 slp\n|-boost|p2a: Adolf|spa|1\n|-curestatus|p1a: Garchomp|slp|[msg]\n|move|p1a: Garchomp|Fire Fang|p2a: Adolf\n|-resisted|p2a: Adolf\n|-damage|p2a: Adolf|0 fnt\n|faint|p2a: Adolf\n|-end|p2a: Adolf|Quark Drive|[silent]\n|\n|upkeep\n|\n|t:|1698858860\n|switch|p2a: Brute Bonnie|Brute Bonnet|68\/100\n|turn|25\n|\n|t:|1698858875\n|move|p2a: Brute Bonnie|Spore|p1a: Garchomp\n|-status|p1a: Garchomp|slp|[from] move: Spore\n|cant|p1a: Garchomp|slp\n|\n|upkeep\n|turn|26\n|\n|t:|1698858882\n|move|p2a: Brute Bonnie|Energy Ball|p1a: Garchomp\n|-damage|p1a: Garchomp|24\/100 slp\n|cant|p1a: Garchomp|slp\n|\n|upkeep\n|turn|27\n|\n|t:|1698858890\n|move|p2a: Brute Bonnie|Energy Ball|p1a: Garchomp\n|-damage|p1a: Garchomp|0 fnt\n|faint|p1a: Garchomp\n|\n|upkeep\n|\n|t:|1698858897\n|switch|p1a: Empoleon|Empoleon, M|57\/100\n|-activate|p1a: Empoleon|move: Sticky Web\n|-unboost|p1a: Empoleon|spe|1\n|turn|28\n|\n|t:|1698858904\n|move|p2a: Brute Bonnie|Energy Ball|p1a: Empoleon\n|-damage|p1a: Empoleon|19\/100\n|-unboost|p1a: Empoleon|spd|1\n|move|p1a: Empoleon|Ice Spinner|p2a: Brute Bonnie\n|-supereffective|p2a: Brute Bonnie\n|-damage|p2a: Brute Bonnie|10\/100\n|-enditem|p2a: Brute Bonnie|Wiki Berry|[eat]\n|-heal|p2a: Brute Bonnie|43\/100|[from] item: Wiki Berry\n|\n|upkeep\n|turn|29\n|\n|t:|1698858915\n|move|p2a: Brute Bonnie|Energy Ball|p1a: Empoleon\n|-damage|p1a: Empoleon|0 fnt\n|faint|p1a: Empoleon\n|\n|win|aDestructive\n|raw|Alan0423's rating: 1000 &rarr; <strong>1000<\/strong><br \/>(+0 for losing)\n|raw|aDestructive's rating: 1076 &rarr; <strong>1098<\/strong><br \/>(+22 for winning)\n","uploadtime":1698858921,"views":16,"p1id":"alan0423","p2id":"adestructive","formatid":"gen9ubers","rating":1000,"private":0,"password":""}