{"id":"gen9ubers-1971970077","p1":"WJ (\u00b0\u2200\u00b0)*kill me","p2":"cartoon cat 4455","format":"[Gen 9] Ubers","log":"|j|\u2606WJ (\u00b0\u2200\u00b0)*kill me\n|j|\u2606cartoon cat 4455\n|t:|1697799430\n|gametype|singles\n|player|p1|WJ (\u00b0\u2200\u00b0)*kill me|medium|1098\n|player|p2|cartoon cat 4455|red|1000\n|teamsize|p1|6\n|teamsize|p2|6\n|gen|9\n|tier|[Gen 9] Ubers\n|rated|\n|rule|Sleep Clause Mod: Limit one foe put to sleep\n|rule|Species Clause: Limit one of each Pok\u00e9mon\n|rule|OHKO Clause: OHKO moves are banned\n|rule|Evasion Items Clause: Evasion items are banned\n|rule|Evasion Moves Clause: Evasion moves are banned\n|rule|Endless Battle Clause: Forcing endless battles is banned\n|rule|HP Percentage Mod: HP is shown in percentages\n|clearpoke\n|poke|p1|Palafin, M|\n|poke|p1|Zacian-*|\n|poke|p1|Corviknight, M|\n|poke|p1|Kyogre|\n|poke|p1|Miraidon|\n|poke|p1|Arceus|\n|poke|p2|Arcanine, M|\n|poke|p2|Arctibax, F|\n|poke|p2|Palkia|\n|poke|p2|Torkoal, M|\n|poke|p2|Armarouge, M|\n|poke|p2|Arceus|\n|teampreview\n|inactive|Battle timer is ON: inactive players will automatically lose when time's up. (requested by WJ (\u00b0\u2200\u00b0)*kill me)\n|\n|t:|1697799437\n|start\n|switch|p1a: Palafin|Palafin, M|100\/100\n|switch|p2a: Arceus|Arceus|100\/100\n|turn|1\n|\n|t:|1697799449\n|detailschange|p1a: Palafin|Palafin-Hero, M\n|switch|p1a: Zacian|Zacian-Crowned|100\/100\n|-ability|p1a: Zacian|Intrepid Sword|boost\n|-boost|p1a: Zacian|atk|1\n|move|p2a: Arceus|Judgment|p1a: Zacian\n|-resisted|p1a: Zacian\n|-damage|p1a: Zacian|79\/100\n|\n|upkeep\n|turn|2\n|\n|t:|1697799460\n|move|p1a: Zacian|Sacred Sword|p2a: Arceus\n|-supereffective|p2a: Arceus\n|-crit|p2a: Arceus\n|-damage|p2a: Arceus|0 fnt\n|faint|p2a: Arceus\n|\n|upkeep\n|\n|t:|1697799463\n|switch|p2a: Arctibax|Arctibax, F, shiny|100\/100\n|turn|3\n|\n|t:|1697799469\n|move|p1a: Zacian|Sacred Sword|p2a: Arctibax\n|-supereffective|p2a: Arctibax\n|-damage|p2a: Arctibax|0 fnt\n|faint|p2a: Arctibax\n|\n|upkeep\n|\n|t:|1697799473\n|switch|p2a: Torkoal|Torkoal, M|100\/100\n|turn|4\n|\n|t:|1697799482\n|move|p1a: Zacian|Play Rough|p2a: Torkoal\n|-resisted|p2a: Torkoal\n|-damage|p2a: Torkoal|68\/100\n|move|p2a: Torkoal|Overheat|p1a: Zacian\n|-supereffective|p1a: Zacian\n|-damage|p1a: Zacian|0 fnt\n|-unboost|p2a: Torkoal|spa|2\n|faint|p1a: Zacian\n|\n|upkeep\n|\n|t:|1697799491\n|switch|p1a: Palafin|Palafin-Hero, M|100\/100\n|-activate|p1a: Palafin|ability: Zero to Hero\n|turn|5\n|\n|t:|1697799501\n|switch|p2a: Palkia|Palkia|100\/100\n|-ability|p2a: Palkia|Pressure\n|move|p1a: Palafin|Bulk Up|p1a: Palafin\n|-boost|p1a: Palafin|atk|1\n|-boost|p1a: Palafin|def|1\n|\n|upkeep\n|turn|6\n|\n|t:|1697799510\n|move|p2a: Palkia|Draco Meteor|p1a: Palafin\n|-damage|p1a: Palafin|27\/100\n|-unboost|p2a: Palkia|spa|2\n|move|p1a: Palafin|Drain Punch|p2a: Palkia\n|-damage|p2a: Palkia|56\/100\n|-heal|p1a: Palafin|46\/100|[from] drain|[of] p2a: Palkia\n|\n|upkeep\n|turn|7\n|\n|t:|1697799519\n|move|p2a: Palkia|Dual Wingbeat|p1a: Palafin\n|-damage|p1a: Palafin|39\/100\n|-damage|p1a: Palafin|33\/100\n|-hitcount|p1a: Palafin|2\n|move|p1a: Palafin|Drain Punch|p2a: Palkia\n|-damage|p2a: Palkia|12\/100\n|-heal|p1a: Palafin|52\/100|[from] drain|[of] p2a: Palkia\n|\n|upkeep\n|turn|8\n|\n|t:|1697799528\n|move|p2a: Palkia|Draco Meteor|p1a: Palafin\n|-damage|p1a: Palafin|11\/100\n|-unboost|p2a: Palkia|spa|2\n|move|p1a: Palafin|Drain Punch|p2a: Palkia\n|-damage|p2a: Palkia|0 fnt\n|-heal|p1a: Palafin|16\/100|[from] drain|[of] p2a: Palkia\n|faint|p2a: Palkia\n|\n|upkeep\n|\n|t:|1697799538\n|switch|p2a: Arcanine|Arcanine, M, shiny|100\/100\n|turn|9\n|\n|t:|1697799542\n|-terastallize|p1a: Palafin|Water\n|move|p2a: Arcanine|Extreme Speed|p1a: Palafin\n|-damage|p1a: Palafin|4\/100\n|move|p1a: Palafin|Jet Punch|p2a: Arcanine\n|-supereffective|p2a: Arcanine\n|-damage|p2a: Arcanine|0 fnt\n|faint|p2a: Arcanine\n|\n|upkeep\n|\n|t:|1697799545\n|switch|p2a: Armarouge|Armarouge, M|100\/100\n|turn|10\n|\n|t:|1697799552\n|move|p1a: Palafin|Jet Punch|p2a: Armarouge\n|-supereffective|p2a: Armarouge\n|-damage|p2a: Armarouge|0 fnt\n|faint|p2a: Armarouge\n|\n|upkeep\n|\n|t:|1697799554\n|switch|p2a: Torkoal|Torkoal, M|68\/100\n|turn|11\n|\n|t:|1697799558\n|move|p1a: Palafin|Jet Punch|p2a: Torkoal\n|-supereffective|p2a: Torkoal\n|-damage|p2a: Torkoal|0 fnt\n|faint|p2a: Torkoal\n|\n|win|WJ (\u00b0\u2200\u00b0)*kill me\n|raw|WJ (\u00b0\u2200\u00b0)*kill me's rating: 1098 &rarr; <strong>1116<\/strong><br \/>(+18 for winning)\n|raw|cartoon cat 4455's rating: 1000 &rarr; <strong>1000<\/strong><br \/>(+0 for losing)\n","uploadtime":1697799562,"views":11,"p1id":"wjkillme","p2id":"cartooncat4455","formatid":"gen9ubers","rating":1000,"private":0,"password":""}