{"id":"gen9ubers-1971627338","p1":"yodguts","p2":"smileysss)))))))))","format":"[Gen 9] Ubers","log":"|j|\u2606yodguts\n|j|\u2606smileysss)))))))))\n|t:|1697754841\n|gametype|singles\n|player|p1|yodguts|170|1000\n|player|p2|smileysss)))))))))|flannery|1040\n|teamsize|p1|6\n|teamsize|p2|6\n|gen|9\n|tier|[Gen 9] Ubers\n|rated|\n|rule|Sleep Clause Mod: Limit one foe put to sleep\n|rule|Species Clause: Limit one of each Pok\u00e9mon\n|rule|OHKO Clause: OHKO moves are banned\n|rule|Evasion Items Clause: Evasion items are banned\n|rule|Evasion Moves Clause: Evasion moves are banned\n|rule|Endless Battle Clause: Forcing endless battles is banned\n|rule|HP Percentage Mod: HP is shown in percentages\n|clearpoke\n|poke|p1|Grimmsnarl, M|\n|poke|p1|Flutter Mane|\n|poke|p1|Zacian-*|\n|poke|p1|Koraidon|\n|poke|p1|Glimmora, F|\n|poke|p1|Miraidon|\n|poke|p2|Espeon, M|\n|poke|p2|Clefable, M|\n|poke|p2|Ninetales-Alola, M|\n|poke|p2|Rabsca, F|\n|poke|p2|Palafin, F|\n|poke|p2|Zacian-*|\n|teampreview\n|\n|t:|1697754847\n|start\n|switch|p1a: Grimmsnarl|Grimmsnarl, M|100\/100\n|switch|p2a: dolphin|Palafin, F, shiny|100\/100\n|turn|1\n|\n|t:|1697754856\n|move|p1a: Grimmsnarl|Reflect|p1a: Grimmsnarl\n|-sidestart|p1: yodguts|Reflect\n|move|p2a: dolphin|Flip Turn|p1a: Grimmsnarl\n|-damage|p1a: Grimmsnarl|87\/100\n|\n|t:|1697754861\n|detailschange|p2a: dolphin|Palafin-Hero, F, shiny\n|switch|p2a: alien|Clefable, M, shiny|100\/100|[from] Flip Turn\n|\n|upkeep\n|turn|2\n|\n|t:|1697754874\n|move|p1a: Grimmsnarl|Taunt|p2a: alien\n|-start|p2a: alien|move: Taunt\n|cant|p2a: alien|move: Taunt|Reflect\n|\n|upkeep\n|turn|3\n|\n|t:|1697754880\n|move|p1a: Grimmsnarl|Light Screen|p1a: Grimmsnarl\n|-sidestart|p1: yodguts|move: Light Screen\n|move|p2a: alien|Moonblast|p1a: Grimmsnarl\n|-supereffective|p1a: Grimmsnarl\n|-damage|p1a: Grimmsnarl|65\/100\n|\n|upkeep\n|turn|4\n|\n|t:|1697754893\n|switch|p1a: Zacian|Zacian-Crowned|100\/100\n|-ability|p1a: Zacian|Intrepid Sword|boost\n|-boost|p1a: Zacian|atk|1\n|move|p2a: alien|Moonblast|p1a: Zacian\n|-resisted|p1a: Zacian\n|-damage|p1a: Zacian|93\/100\n|\n|-end|p2a: alien|move: Taunt\n|upkeep\n|turn|5\n|\n|t:|1697754905\n|move|p1a: Zacian|Substitute|p1a: Zacian\n|-start|p1a: Zacian|Substitute\n|-damage|p1a: Zacian|68\/100\n|move|p2a: alien|Reflect|p2a: alien\n|-sidestart|p2: smileysss)))))))))|Reflect\n|\n|upkeep\n|turn|6\n|\n|t:|1697754914\n|move|p1a: Zacian|Swords Dance|p1a: Zacian\n|-boost|p1a: Zacian|atk|2\n|move|p2a: alien|Light Screen|p2a: alien\n|-sidestart|p2: smileysss)))))))))|move: Light Screen\n|\n|upkeep\n|turn|7\n|\n|t:|1697754923\n|switch|p2a: dolphin|Palafin-Hero, F, shiny|100\/100\n|-activate|p2a: dolphin|ability: Zero to Hero\n|move|p1a: Zacian|Behemoth Blade|p2a: dolphin\n|-resisted|p2a: dolphin\n|-damage|p2a: dolphin|67\/100\n|\n|upkeep\n|turn|8\n|\n|t:|1697754938\n|move|p1a: Zacian|Swords Dance|p1a: Zacian\n|-boost|p1a: Zacian|atk|2\n|move|p2a: dolphin|Bulk Up|p2a: dolphin\n|-boost|p2a: dolphin|atk|1\n|-boost|p2a: dolphin|def|1\n|\n|-sideend|p1: yodguts|Reflect\n|upkeep\n|turn|9\n|\n|t:|1697754950\n|-terastallize|p2a: dolphin|Fighting\n|move|p1a: Zacian|Play Rough|p2a: dolphin\n|-supereffective|p2a: dolphin\n|-damage|p2a: dolphin|0 fnt\n|faint|p2a: dolphin\n|\n|-sideend|p2: smileysss)))))))))|Reflect\n|upkeep\n|\n|t:|1697754960\n|switch|p2a: snow|Ninetales-Alola, M, shiny|100\/100\n|turn|10\n|\n|t:|1697754970\n|move|p1a: Zacian|Behemoth Blade|p2a: snow\n|-supereffective|p2a: snow\n|-damage|p2a: snow|0 fnt\n|faint|p2a: snow\n|\n|-sideend|p1: yodguts|move: Light Screen\n|-sideend|p2: smileysss)))))))))|move: Light Screen\n|upkeep\n|\n|t:|1697754984\n|switch|p2a: ruh roh|Zacian-Crowned, shiny|100\/100\n|-ability|p2a: ruh roh|Intrepid Sword|boost\n|-boost|p2a: ruh roh|atk|1\n|turn|11\n|\n|t:|1697754989\n|move|p2a: ruh roh|Substitute|p2a: ruh roh\n|-start|p2a: ruh roh|Substitute\n|-damage|p2a: ruh roh|76\/100\n|move|p1a: Zacian|Behemoth Blade|p2a: ruh roh\n|-end|p2a: ruh roh|Substitute\n|\n|upkeep\n|turn|12\n|\n|t:|1697754998\n|move|p2a: ruh roh|Sacred Sword|p1a: Zacian\n|-end|p1a: Zacian|Substitute\n|move|p1a: Zacian|Behemoth Blade|p2a: ruh roh\n|-damage|p2a: ruh roh|0 fnt\n|faint|p2a: ruh roh\n|\n|upkeep\n|\n|t:|1697755009\n|switch|p2a: heath|Rabsca, F|100\/100\n|turn|13\n|\n|t:|1697755014\n|move|p1a: Zacian|Behemoth Blade|p2a: heath\n|-enditem|p2a: heath|Focus Sash\n|-damage|p2a: heath|1\/100\n|move|p2a: heath|Revival Blessing|p2a: heath\n|\n|t:|1697755021\n|-heal|p2: ruh roh|50\/100|[from] move: Revival Blessing\n|\n|upkeep\n|turn|14\n|\n|t:|1697755028\n|move|p1a: Zacian|Substitute|p1a: Zacian\n|-start|p1a: Zacian|Substitute\n|-damage|p1a: Zacian|43\/100\n|move|p2a: heath|Poltergeist|p1a: Zacian|[miss]\n|-miss|p2a: heath|p1a: Zacian\n|\n|upkeep\n|turn|15\n|\n|t:|1697755037\n|move|p1a: Zacian|Behemoth Blade|p2a: heath\n|-damage|p2a: heath|0 fnt\n|faint|p2a: heath\n|\n|upkeep\n|\n|t:|1697755045\n|switch|p2a: alien|Clefable, M, shiny|100\/100\n|turn|16\n|\n|t:|1697755048\n|move|p1a: Zacian|Behemoth Blade|p2a: alien\n|-supereffective|p2a: alien\n|-damage|p2a: alien|0 fnt\n|faint|p2a: alien\n|\n|upkeep\n|\n|t:|1697755055\n|switch|p2a: what the dog doin?|Espeon, M, shiny|100\/100\n|turn|17\n|\n|t:|1697755060\n|move|p1a: Zacian|Behemoth Blade|p2a: what the dog doin?\n|-damage|p2a: what the dog doin?|0 fnt\n|faint|p2a: what the dog doin?\n|\n|upkeep\n|\n|t:|1697755066\n|switch|p2a: ruh roh|Zacian-Crowned, shiny|50\/100\n|turn|18\n|\n|t:|1697755073\n|move|p1a: Zacian|Play Rough|p2a: ruh roh\n|-resisted|p2a: ruh roh\n|-damage|p2a: ruh roh|0 fnt\n|faint|p2a: ruh roh\n|\n|win|yodguts\n|raw|yodguts's rating: 1000 &rarr; <strong>1045<\/strong><br \/>(+45 for winning)\n|raw|smileysss)))))))))'s rating: 1040 &rarr; <strong>1022<\/strong><br \/>(-18 for losing)\n|l|\u2606smileysss)))))))))\n","uploadtime":1697755084,"views":13,"p1id":"yodguts","p2id":"smileysss","formatid":"gen9ubers","rating":1022,"private":0,"password":""}