{"id":"gen9ubers-1998731139","p1":"ImATrollAtThisGame","p2":"tuggin","format":"[Gen 9] Ubers","log":"|j|\u2606ImATrollAtThisGame\n|j|\u2606tuggin\n|t:|1700979447\n|gametype|singles\n|player|p1|ImATrollAtThisGame|101|1119\n|player|p2|tuggin|lucas|1257\n|teamsize|p1|6\n|teamsize|p2|6\n|gen|9\n|tier|[Gen 9] Ubers\n|rated|\n|rule|Sleep Clause Mod: Limit one foe put to sleep\n|rule|Species Clause: Limit one of each Pok\u00e9mon\n|rule|OHKO Clause: OHKO moves are banned\n|rule|Evasion Items Clause: Evasion items are banned\n|rule|Evasion Moves Clause: Evasion moves are banned\n|rule|Endless Battle Clause: Forcing endless battles is banned\n|rule|HP Percentage Mod: HP is shown in percentages\n|clearpoke\n|poke|p1|Tropius, M|\n|poke|p1|Gliscor, M|\n|poke|p1|Flutter Mane|\n|poke|p1|Zacian-*|\n|poke|p1|Calyrex-Ice|\n|poke|p1|Hatterene, F|\n|poke|p2|Glimmora, M|\n|poke|p2|Rayquaza|\n|poke|p2|Miraidon|\n|poke|p2|Arceus|\n|poke|p2|Calyrex-Ice|\n|poke|p2|Koraidon|\n|teampreview\n|inactive|Battle timer is ON: inactive players will automatically lose when time's up. (requested by ImATrollAtThisGame)\n|\n|t:|1700979454\n|start\n|switch|p1a: Hatterene|Hatterene, F|100\/100\n|switch|p2a: Glimmora|Glimmora, M|100\/100\n|turn|1\n|\n|t:|1700979464\n|move|p2a: Glimmora|Mortal Spin|p1a: Hatterene\n|-supereffective|p1a: Hatterene\n|-damage|p1a: Hatterene|85\/100\n|-status|p1a: Hatterene|psn\n|move|p1a: Hatterene|Trick Room|p1a: Hatterene\n|-fieldstart|move: Trick Room|[of] p1a: Hatterene\n|\n|-damage|p1a: Hatterene|73\/100 psn|[from] psn\n|upkeep\n|turn|2\n|\n|t:|1700979469\n|switch|p2a: Calyrex|Calyrex-Ice|100\/100\n|-ability|p2a: Calyrex|As One\n|-ability|p2a: Calyrex|Unnerve\n|move|p1a: Hatterene|Light Screen|p1a: Hatterene\n|-sidestart|p1: ImATrollAtThisGame|move: Light Screen\n|\n|-damage|p1a: Hatterene|60\/100 psn|[from] psn\n|upkeep\n|turn|3\n|\n|t:|1700979477\n|move|p1a: Hatterene|Reflect|p1a: Hatterene\n|-sidestart|p1: ImATrollAtThisGame|Reflect\n|move|p2a: Calyrex|Swords Dance|p2a: Calyrex\n|-boost|p2a: Calyrex|atk|2\n|\n|-damage|p1a: Hatterene|48\/100 psn|[from] psn\n|upkeep\n|turn|4\n|\n|t:|1700979480\n|switch|p1a: Calyrex|Calyrex-Ice|100\/100\n|-ability|p1a: Calyrex|As One\n|-ability|p1a: Calyrex|Unnerve\n|move|p2a: Calyrex|Glacial Lance|p1a: Calyrex\n|-resisted|p1a: Calyrex\n|-damage|p1a: Calyrex|74\/100\n|\n|upkeep\n|turn|5\n|\n|t:|1700979490\n|switch|p2a: Glimmora|Glimmora, M|100\/100\n|move|p1a: Calyrex|Close Combat|p2a: Glimmora\n|-damage|p2a: Glimmora|39\/100\n|-unboost|p1a: Calyrex|def|1\n|-unboost|p1a: Calyrex|spd|1\n|-activate|p2a: Glimmora|ability: Toxic Debris\n|-sidestart|p1: ImATrollAtThisGame|move: Toxic Spikes\n|\n|-fieldend|move: Trick Room\n|upkeep\n|turn|6\n|\n|t:|1700979494\n|move|p2a: Glimmora|Mortal Spin|p1a: Calyrex\n|-damage|p1a: Calyrex|71\/100\n|-status|p1a: Calyrex|psn\n|move|p1a: Calyrex|Trick Room|p1a: Calyrex\n|-fieldstart|move: Trick Room|[of] p1a: Calyrex\n|\n|-damage|p1a: Calyrex|59\/100 psn|[from] psn\n|upkeep\n|turn|7\n|\n|t:|1700979497\n|switch|p2a: Calyrex|Calyrex-Ice|100\/100\n|-ability|p2a: Calyrex|As One\n|-ability|p2a: Calyrex|Unnerve\n|move|p1a: Calyrex|Close Combat|p2a: Calyrex\n|-damage|p2a: Calyrex|70\/100\n|-unboost|p1a: Calyrex|def|1\n|-unboost|p1a: Calyrex|spd|1\n|\n|-damage|p1a: Calyrex|46\/100 psn|[from] psn\n|upkeep\n|turn|8\n|\n|t:|1700979504\n|move|p1a: Calyrex|Close Combat|p2a: Calyrex\n|-damage|p2a: Calyrex|39\/100\n|-unboost|p1a: Calyrex|def|1\n|-unboost|p1a: Calyrex|spd|1\n|move|p2a: Calyrex|Swords Dance|p2a: Calyrex\n|-boost|p2a: Calyrex|atk|2\n|\n|-damage|p1a: Calyrex|34\/100 psn|[from] psn\n|upkeep\n|turn|9\n|\n|t:|1700979511\n|move|p2a: Calyrex|High Horsepower|p1a: Calyrex\n|-damage|p1a: Calyrex|0 fnt\n|faint|p1a: Calyrex\n|-ability|p2a: Calyrex|Chilling Neigh|boost\n|-boost|p2a: Calyrex|atk|1\n|\n|-sideend|p1: ImATrollAtThisGame|move: Light Screen\n|upkeep\n|\n|t:|1700979516\n|switch|p1a: Hatterene|Hatterene, F|48\/100 psn\n|turn|10\n|\n|t:|1700979525\n|move|p1a: Hatterene|Light Screen|p1a: Hatterene\n|-sidestart|p1: ImATrollAtThisGame|move: Light Screen\n|move|p2a: Calyrex|Glacial Lance|p1a: Hatterene\n|-damage|p1a: Hatterene|0 fnt\n|faint|p1a: Hatterene\n|-ability|p2a: Calyrex|Chilling Neigh|boost\n|-boost|p2a: Calyrex|atk|1\n|\n|-sideend|p1: ImATrollAtThisGame|Reflect\n|-fieldend|move: Trick Room\n|upkeep\n|\n|t:|1700979529\n|switch|p1a: Zacian|Zacian-Crowned|100\/100\n|-ability|p1a: Zacian|Intrepid Sword|boost\n|-boost|p1a: Zacian|atk|1\n|turn|11\n|\n|t:|1700979532\n|-terastallize|p2a: Calyrex|Fire\n|move|p1a: Zacian|Behemoth Blade|p2a: Calyrex\n|-resisted|p2a: Calyrex\n|-damage|p2a: Calyrex|13\/100\n|move|p2a: Calyrex|Trick Room|p2a: Calyrex\n|-fieldstart|move: Trick Room|[of] p2a: Calyrex\n|\n|upkeep\n|turn|12\n|\n|t:|1700979543\n|move|p2a: Calyrex|High Horsepower|p1a: Zacian\n|-supereffective|p1a: Zacian\n|-damage|p1a: Zacian|0 fnt\n|faint|p1a: Zacian\n|-ability|p2a: Calyrex|Chilling Neigh|boost\n|-boost|p2a: Calyrex|atk|1\n|\n|upkeep\n|\n|t:|1700979547\n|switch|p1a: Gliscor|Gliscor, M|100\/100\n|turn|13\n|\n|t:|1700979551\n|move|p1a: Gliscor|Protect|p1a: Gliscor\n|-singleturn|p1a: Gliscor|Protect\n|move|p2a: Calyrex|Glacial Lance|p1a: Gliscor\n|-activate|p1a: Gliscor|move: Protect\n|\n|-status|p1a: Gliscor|tox|[from] item: Toxic Orb\n|upkeep\n|turn|14\n|\n|t:|1700979561\n|switch|p1a: Tropius|Tropius, M|100\/100\n|move|p2a: Calyrex|Glacial Lance|p1a: Tropius\n|-supereffective|p1a: Tropius\n|-crit|p1a: Tropius\n|-damage|p1a: Tropius|0 fnt\n|faint|p1a: Tropius\n|-ability|p2a: Calyrex|Chilling Neigh|boost\n|-boost|p2a: Calyrex|atk|1\n|\n|upkeep\n|\n|t:|1700979567\n|switch|p1a: Gliscor|Gliscor, M|100\/100 tox\n|turn|15\n|\n|t:|1700979570\n|switch|p2a: Miraidon|Miraidon|100\/100\n|-fieldstart|move: Electric Terrain|[from] ability: Hadron Engine|[of] p2a: Miraidon\n|move|p1a: Gliscor|Protect||[still]\n|-fail|p1a: Gliscor\n|\n|-fieldend|move: Trick Room\n|upkeep\n|turn|16\n|\n|t:|1700979573\n|move|p2a: Miraidon|Substitute|p2a: Miraidon\n|-start|p2a: Miraidon|Substitute\n|-damage|p2a: Miraidon|76\/100\n|move|p1a: Gliscor|Toxic||[still]\n|-fail|p1a: Gliscor\n|\n|upkeep\n|turn|17\n|-message|ImATrollAtThisGame forfeited.\n|\n|win|tuggin\n|raw|ImATrollAtThisGame's rating: 1119 &rarr; <strong>1103<\/strong><br \/>(-16 for losing)\n|raw|tuggin's rating: 1257 &rarr; <strong>1273<\/strong><br \/>(+16 for winning)\n|l|\u2606ImATrollAtThisGame\n","uploadtime":1700979583,"views":1,"p1id":"imatrollatthisgame","p2id":"tuggin","formatid":"gen9ubers","rating":1103,"private":0,"password":""}