{"id":"gen9ubers-1980423970","p1":"RUMYMOME","p2":"whaud","format":"[Gen 9] Ubers","log":"|j|\u2606RUMYMOME\n|j|\u2606whaud\n|inactive|Battle timer is ON: inactive players will automatically lose when time's up.\n|t:|1698783691\n|gametype|singles\n|player|p1|RUMYMOME|marshal|\n|player|p2|whaud|alain|\n|teamsize|p1|6\n|teamsize|p2|6\n|gen|9\n|tier|[Gen 9] Ubers\n|rated|Tournament battle\n|rule|Sleep Clause Mod: Limit one foe put to sleep\n|rule|Species Clause: Limit one of each Pok\u00e9mon\n|rule|OHKO Clause: OHKO moves are banned\n|rule|Evasion Items Clause: Evasion items are banned\n|rule|Evasion Moves Clause: Evasion moves are banned\n|rule|Endless Battle Clause: Forcing endless battles is banned\n|rule|HP Percentage Mod: HP is shown in percentages\n|clearpoke\n|poke|p1|Walking Wake|\n|poke|p1|Flutter Mane|\n|poke|p1|Roaring Moon|\n|poke|p1|Chien-Pao|\n|poke|p1|Torkoal, M|\n|poke|p1|Chi-Yu|\n|poke|p2|Eternatus|\n|poke|p2|Flutter Mane|\n|poke|p2|Calyrex-Ice|\n|poke|p2|Iron Bundle|\n|poke|p2|Mewtwo|\n|poke|p2|Chi-Yu|\n|teampreview\n|j|*Lady Monita \u263d\n|\n|t:|1698783715\n|start\n|switch|p1a: Chien-Pao|Chien-Pao|100\/100\n|switch|p2a: Calyrex|Calyrex-Ice|100\/100\n|-ability|p2a: Calyrex|As One\n|-ability|p2a: Calyrex|Unnerve\n|-ability|p1a: Chien-Pao|Sword of Ruin\n|turn|1\n|\n|t:|1698783720\n|move|p1a: Chien-Pao|Crunch|p2a: Calyrex\n|-supereffective|p2a: Calyrex\n|-damage|p2a: Calyrex|25\/100\n|-unboost|p2a: Calyrex|def|1\n|-enditem|p2a: Calyrex|Weakness Policy\n|-boost|p2a: Calyrex|atk|2|[from] item: Weakness Policy\n|-boost|p2a: Calyrex|spa|2|[from] item: Weakness Policy\n|move|p2a: Calyrex|Agility|p2a: Calyrex\n|-boost|p2a: Calyrex|spe|2\n|\n|upkeep\n|turn|2\n|\n|t:|1698783724\n|move|p1a: Chien-Pao|Sucker Punch|p2a: Calyrex\n|-supereffective|p2a: Calyrex\n|-damage|p2a: Calyrex|0 fnt\n|faint|p2a: Calyrex\n|\n|upkeep\n|\n|t:|1698783727\n|switch|p2a: Chi-Yu|Chi-Yu|100\/100\n|-ability|p2a: Chi-Yu|Beads of Ruin\n|turn|3\n|\n|t:|1698783733\n|move|p1a: Chien-Pao|Sacred Sword|p2a: Chi-Yu\n|-supereffective|p2a: Chi-Yu\n|-damage|p2a: Chi-Yu|0 fnt\n|faint|p2a: Chi-Yu\n|\n|upkeep\n|inactive|whaud has 120 seconds left.\n|\n|t:|1698783772\n|switch|p2a: Iron Bundle|Iron Bundle|100\/100\n|turn|4\n|\n|t:|1698783777\n|move|p2a: Iron Bundle|Hydro Pump|p1a: Chien-Pao\n|-damage|p1a: Chien-Pao|9\/100\n|move|p1a: Chien-Pao|Sacred Sword|p2a: Iron Bundle\n|-supereffective|p2a: Iron Bundle\n|-damage|p2a: Iron Bundle|13\/100\n|\n|upkeep\n|turn|5\n|\n|t:|1698783784\n|move|p1a: Chien-Pao|Sucker Punch|p2a: Iron Bundle\n|-damage|p2a: Iron Bundle|0 fnt\n|faint|p2a: Iron Bundle\n|-end|p2a: Iron Bundle|Quark Drive|[silent]\n|\n|upkeep\n|\n|t:|1698783793\n|switch|p2a: Eternatus|Eternatus|100\/100\n|-ability|p2a: Eternatus|Pressure\n|turn|6\n|\n|t:|1698783795\n|move|p1a: Chien-Pao|Icicle Crash|p2a: Eternatus\n|-supereffective|p2a: Eternatus\n|-damage|p2a: Eternatus|2\/100\n|move|p2a: Eternatus|Flamethrower|p1a: Chien-Pao\n|-supereffective|p1a: Chien-Pao\n|-damage|p1a: Chien-Pao|0 fnt\n|faint|p1a: Chien-Pao\n|-damage|p2a: Eternatus|0 fnt|[from] item: Life Orb\n|faint|p2a: Eternatus\n|\n|upkeep\n|\n|t:|1698783816\n|switch|p1a: Flutter Mane|Flutter Mane|100\/100\n|switch|p2a: Mewtwo|Mewtwo|100\/100\n|-ability|p2a: Mewtwo|Pressure\n|turn|7\n|\n|t:|1698783824\n|move|p1a: Flutter Mane|Shadow Ball|p2a: Mewtwo\n|-supereffective|p2a: Mewtwo\n|-damage|p2a: Mewtwo|17\/100\n|move|p2a: Mewtwo|Psystrike|p1a: Flutter Mane\n|-enditem|p1a: Flutter Mane|Focus Sash\n|-damage|p1a: Flutter Mane|1\/100\n|\n|upkeep\n|turn|8\n|j| AtariAlex\n|inactive|whaud has 120 seconds left.\n|\n|t:|1698783873\n|move|p1a: Flutter Mane|Shadow Ball|p2a: Mewtwo\n|-supereffective|p2a: Mewtwo\n|-damage|p2a: Mewtwo|0 fnt\n|faint|p2a: Mewtwo\n|\n|upkeep\n|\n|t:|1698783875\n|switch|p2a: Flutter Mane|Flutter Mane|100\/100\n|turn|9\n|\n|t:|1698783880\n|-terastallize|p1a: Flutter Mane|Normal\n|move|p1a: Flutter Mane|Shadow Ball|p2a: Flutter Mane\n|-supereffective|p2a: Flutter Mane\n|-damage|p2a: Flutter Mane|17\/100\n|move|p2a: Flutter Mane|Moonblast|p1a: Flutter Mane\n|-damage|p1a: Flutter Mane|0 fnt\n|faint|p1a: Flutter Mane\n|-end|p1a: Flutter Mane|Protosynthesis|[silent]\n|\n|upkeep\n|\n|t:|1698783886\n|switch|p1a: Roaring Moon|Roaring Moon|100\/100\n|turn|10\n|inactive|whaud has 120 seconds left.\n|inactive|whaud has 90 seconds left.\n|\n|t:|1698783921\n|move|p2a: Flutter Mane|Moonblast|p1a: Roaring Moon\n|-supereffective|p1a: Roaring Moon\n|-damage|p1a: Roaring Moon|0 fnt\n|faint|p1a: Roaring Moon\n|-end|p1a: Roaring Moon|Protosynthesis|[silent]\n|\n|upkeep\n|\n|t:|1698783923\n|switch|p1a: Chi-Yu|Chi-Yu|100\/100\n|-ability|p1a: Chi-Yu|Beads of Ruin\n|turn|11\n|\n|t:|1698783930\n|-terastallize|p2a: Flutter Mane|Fairy\n|move|p1a: Chi-Yu|Dark Pulse|p2a: Flutter Mane\n|-resisted|p2a: Flutter Mane\n|-damage|p2a: Flutter Mane|0 fnt\n|faint|p2a: Flutter Mane\n|-end|p2a: Flutter Mane|Protosynthesis|[silent]\n|\n|win|RUMYMOME\n|n|\u2606RUMYMOME|rumymome\n|n|\u2606whaud|whaud\n|n|*Lady Monita \u263d|ladymonita\n|n| AtariAlex|atarialex\n","uploadtime":1698783931,"views":11,"p1id":"rumymome","p2id":"whaud","formatid":"gen9ubers","rating":0,"private":0,"password":""}