{"id":"gen9ubers-1997596530","p1":"bruc3wi11is","p2":"A Onorigineel Name","format":"[Gen 9] Ubers","log":"|j|\u2606bruc3wi11is\n|j|\u203dA Onorigineel Name\n|t:|1700830814\n|gametype|singles\n|player|p1|bruc3wi11is|red|1211\n|player|p2|A Onorigineel Name|acetrainer-gen4dp|1249\n|teamsize|p1|6\n|teamsize|p2|6\n|gen|9\n|tier|[Gen 9] Ubers\n|rated|\n|rule|Sleep Clause Mod: Limit one foe put to sleep\n|rule|Species Clause: Limit one of each Pok\u00e9mon\n|rule|OHKO Clause: OHKO moves are banned\n|rule|Evasion Items Clause: Evasion items are banned\n|rule|Evasion Moves Clause: Evasion moves are banned\n|rule|Endless Battle Clause: Forcing endless battles is banned\n|rule|HP Percentage Mod: HP is shown in percentages\n|clearpoke\n|poke|p1|Annihilape, M|\n|poke|p1|Amoonguss, F|\n|poke|p1|Zacian-*|\n|poke|p1|Mewtwo|\n|poke|p1|Rayquaza|\n|poke|p1|Kyogre|\n|poke|p2|Chien-Pao|\n|poke|p2|Palafin, F|\n|poke|p2|Clodsire, M|\n|poke|p2|Espathra, M|\n|poke|p2|Iron Treads|\n|poke|p2|Miraidon|\n|teampreview\n|inactive|Battle timer is ON: inactive players will automatically lose when time's up. (requested by bruc3wi11is)\n|\n|t:|1700830828\n|start\n|switch|p1a: Rayquaza|Rayquaza|100\/100\n|switch|p2a: Palafin|Palafin, F|100\/100\n|-ability|p1a: Rayquaza|Air Lock\n|turn|1\n|\n|t:|1700830832\n|detailschange|p2a: Palafin|Palafin-Hero, F\n|switch|p2a: Clodsire|Clodsire, M|100\/100\n|move|p1a: Rayquaza|Dragon Dance|p1a: Rayquaza\n|-boost|p1a: Rayquaza|atk|1\n|-boost|p1a: Rayquaza|spe|1\n|\n|upkeep\n|turn|2\n|\n|t:|1700830835\n|move|p1a: Rayquaza|Earthquake|p2a: Clodsire\n|-supereffective|p2a: Clodsire\n|-damage|p2a: Clodsire|0 fnt\n|faint|p2a: Clodsire\n|\n|upkeep\n|\n|t:|1700830844\n|switch|p2a: Iron Treads|Iron Treads|100\/100\n|turn|3\n|\n|t:|1700830847\n|move|p1a: Rayquaza|Earthquake|p2a: Iron Treads\n|-supereffective|p2a: Iron Treads\n|-crit|p2a: Iron Treads\n|-damage|p2a: Iron Treads|0 fnt\n|faint|p2a: Iron Treads\n|-end|p2a: Iron Treads|Quark Drive|[silent]\n|\n|upkeep\n|\n|t:|1700830854\n|switch|p2a: Palafin|Palafin-Hero, F|100\/100\n|-activate|p2a: Palafin|ability: Zero to Hero\n|turn|4\n|\n|t:|1700830858\n|move|p2a: Palafin|Jet Punch|p1a: Rayquaza\n|-resisted|p1a: Rayquaza\n|-damage|p1a: Rayquaza|70\/100\n|move|p1a: Rayquaza|Dragon Ascent|p2a: Palafin\n|-damage|p2a: Palafin|0 fnt\n|-unboost|p1a: Rayquaza|def|1\n|-unboost|p1a: Rayquaza|spd|1\n|faint|p2a: Palafin\n|\n|upkeep\n|\n|t:|1700830867\n|switch|p2a: Chien-Pao|Chien-Pao|100\/100\n|-ability|p2a: Chien-Pao|Sword of Ruin\n|turn|5\n|\n|t:|1700830870\n|-terastallize|p1a: Rayquaza|Fire\n|move|p1a: Rayquaza|Dragon Ascent|p2a: Chien-Pao\n|-damage|p2a: Chien-Pao|0 fnt\n|-unboost|p1a: Rayquaza|def|1\n|-unboost|p1a: Rayquaza|spd|1\n|faint|p2a: Chien-Pao\n|\n|upkeep\n|\n|t:|1700830874\n|switch|p2a: Espathra|Espathra, M|100\/100\n|turn|6\n|\n|t:|1700830880\n|move|p1a: Rayquaza|Dragon Ascent|p2a: Espathra\n|-damage|p2a: Espathra|0 fnt\n|-unboost|p1a: Rayquaza|def|1\n|-unboost|p1a: Rayquaza|spd|1\n|faint|p2a: Espathra\n|\n|upkeep\n|\n|t:|1700830882\n|switch|p2a: Miraidon|Miraidon|100\/100\n|-fieldstart|move: Electric Terrain|[from] ability: Hadron Engine|[of] p2a: Miraidon\n|turn|7\n|\n|t:|1700830886\n|move|p1a: Rayquaza|Dragon Ascent|p2a: Miraidon\n|-resisted|p2a: Miraidon\n|-damage|p2a: Miraidon|48\/100\n|-unboost|p1a: Rayquaza|def|1\n|-unboost|p1a: Rayquaza|spd|1\n|move|p2a: Miraidon|Electro Drift|p1a: Rayquaza\n|-damage|p1a: Rayquaza|0 fnt\n|faint|p1a: Rayquaza\n|\n|upkeep\n|\n|t:|1700830893\n|switch|p1a: Kyogre|Kyogre|100\/100\n|-weather|RainDance|[from] ability: Drizzle|[of] p1a: Kyogre\n|turn|8\n|\n|t:|1700830896\n|move|p1a: Kyogre|Water Spout|p2a: Miraidon\n|-resisted|p2a: Miraidon\n|-damage|p2a: Miraidon|0 fnt\n|faint|p2a: Miraidon\n|\n|win|bruc3wi11is\n|raw|bruc3wi11is's rating: 1211 &rarr; <strong>1239<\/strong><br \/>(+28 for winning)\n|raw|A Onorigineel Name's rating: 1249 &rarr; <strong>1221<\/strong><br \/>(-28 for losing)\n|l|\u203dA Onorigineel Name\n","uploadtime":1700830907,"views":13,"p1id":"bruc3wi11is","p2id":"aonorigineelname","formatid":"gen9ubers","rating":1221,"private":0,"password":""}