{"id":"gen9ubers-1980325916","p1":"Rev832","p2":"angello1605","format":"[Gen 9] Ubers","log":"|j|\u2606Rev832\n|j|\u2606angello1605\n|t:|1698775521\n|gametype|singles\n|player|p1|Rev832|will|1201\n|player|p2|angello1605|hilbert|1200\n|teamsize|p1|6\n|teamsize|p2|6\n|gen|9\n|tier|[Gen 9] Ubers\n|rated|\n|rule|Sleep Clause Mod: Limit one foe put to sleep\n|rule|Species Clause: Limit one of each Pok\u00e9mon\n|rule|OHKO Clause: OHKO moves are banned\n|rule|Evasion Items Clause: Evasion items are banned\n|rule|Evasion Moves Clause: Evasion moves are banned\n|rule|Endless Battle Clause: Forcing endless battles is banned\n|rule|HP Percentage Mod: HP is shown in percentages\n|clearpoke\n|poke|p1|Koraidon|\n|poke|p1|Flutter Mane|\n|poke|p1|Great Tusk|\n|poke|p1|Miraidon|\n|poke|p1|Iron Bundle|\n|poke|p1|Iron Valiant|\n|poke|p2|Cyclizar, F|\n|poke|p2|Zoroark-Hisui, F|\n|poke|p2|Ursaring, F|\n|poke|p2|Maushold-Four|\n|poke|p2|Ursaluna-Bloodmoon, M|\n|poke|p2|Arceus|\n|teampreview\n|inactive|Battle timer is ON: inactive players will automatically lose when time's up. (requested by Rev832)\n|\n|t:|1698775532\n|start\n|switch|p1a: Iron Bundle|Iron Bundle|100\/100\n|switch|p2a: Cyclizar|Cyclizar, F|100\/100\n|turn|1\n|\n|t:|1698775536\n|move|p1a: Iron Bundle|Ice Beam|p2a: Cyclizar\n|-supereffective|p2a: Cyclizar\n|-damage|p2a: Cyclizar|0 fnt\n|faint|p2a: Cyclizar\n|\n|upkeep\n|\n|t:|1698775542\n|switch|p2a: Maushold|Maushold-Four|100\/100\n|turn|2\n|\n|t:|1698775548\n|move|p1a: Iron Bundle|Ice Beam|p2a: Maushold\n|-damage|p2a: Maushold|28\/100\n|move|p2a: Maushold|Tidy Up|p2a: Maushold\n|-boost|p2a: Maushold|atk|1\n|-boost|p2a: Maushold|spe|1\n|\n|upkeep\n|turn|3\n|\n|t:|1698775554\n|move|p2a: Maushold|Bullet Seed|p1a: Iron Bundle\n|-supereffective|p1a: Iron Bundle\n|-crit|p1a: Iron Bundle\n|-damage|p1a: Iron Bundle|55\/100\n|-supereffective|p1a: Iron Bundle\n|-damage|p1a: Iron Bundle|24\/100\n|-supereffective|p1a: Iron Bundle\n|-damage|p1a: Iron Bundle|0 fnt\n|faint|p1a: Iron Bundle\n|-end|p1a: Iron Bundle|Quark Drive|[silent]\n|-hitcount|p1: Iron Bundle|3\n|\n|upkeep\n|\n|t:|1698775559\n|switch|p1a: Flutter Mane|Flutter Mane|100\/100\n|turn|4\n|\n|t:|1698775562\n|move|p2a: Maushold|Bullet Seed|p1a: Flutter Mane\n|-damage|p1a: Flutter Mane|72\/100\n|-damage|p1a: Flutter Mane|42\/100\n|-damage|p1a: Flutter Mane|11\/100\n|-damage|p1a: Flutter Mane|0 fnt\n|faint|p1a: Flutter Mane\n|-end|p1a: Flutter Mane|Protosynthesis|[silent]\n|-hitcount|p1: Flutter Mane|4\n|\n|upkeep\n|\n|t:|1698775565\n|switch|p1a: Koraidon|Koraidon|100\/100\n|-weather|SunnyDay|[from] ability: Orichalcum Pulse|[of] p1a: Koraidon\n|-activate|p1a: Koraidon|Orichalcum Pulse|[source]\n|turn|5\n|\n|t:|1698775572\n|move|p2a: Maushold|Population Bomb|p1a: Koraidon\n|-damage|p1a: Koraidon|85\/100\n|-damage|p1a: Koraidon|72\/100\n|-damage|p1a: Koraidon|57\/100\n|-crit|p1a: Koraidon\n|-damage|p1a: Koraidon|35\/100\n|-damage|p1a: Koraidon|20\/100\n|-damage|p1a: Koraidon|4\/100\n|-damage|p1a: Koraidon|0 fnt\n|faint|p1a: Koraidon\n|-hitcount|p1: Koraidon|7\n|\n|-weather|SunnyDay|[upkeep]\n|upkeep\n|c|\u2606angello1605|bro\n|\n|t:|1698775590\n|switch|p1a: Great Tusk|Great Tusk|100\/100\n|-activate|p1a: Great Tusk|ability: Protosynthesis\n|-start|p1a: Great Tusk|protosynthesisatk\n|turn|6\n|\n|t:|1698775595\n|move|p2a: Maushold|Bullet Seed|p1a: Great Tusk\n|-supereffective|p1a: Great Tusk\n|-damage|p1a: Great Tusk|82\/100\n|-supereffective|p1a: Great Tusk\n|-damage|p1a: Great Tusk|63\/100\n|-supereffective|p1a: Great Tusk\n|-damage|p1a: Great Tusk|44\/100\n|-supereffective|p1a: Great Tusk\n|-damage|p1a: Great Tusk|26\/100\n|-supereffective|p1a: Great Tusk\n|-damage|p1a: Great Tusk|5\/100\n|-hitcount|p1a: Great Tusk|5\n|move|p1a: Great Tusk|Body Press|p2a: Maushold\n|-supereffective|p2a: Maushold\n|-damage|p2a: Maushold|0 fnt\n|faint|p2a: Maushold\n|\n|-weather|SunnyDay|[upkeep]\n|-heal|p1a: Great Tusk|11\/100|[from] item: Leftovers\n|upkeep\n|\n|t:|1698775611\n|switch|p2a: Arceus|Arceus|100\/100\n|turn|7\n|\n|t:|1698775614\n|move|p2a: Arceus|Hyper Voice|p1a: Great Tusk\n|-crit|p1a: Great Tusk\n|-damage|p1a: Great Tusk|0 fnt\n|faint|p1a: Great Tusk\n|-end|p1a: Great Tusk|Protosynthesis|[silent]\n|\n|-weather|SunnyDay|[upkeep]\n|upkeep\n|\n|t:|1698775618\n|switch|p1a: Miraidon|Miraidon|100\/100\n|-fieldstart|move: Electric Terrain|[from] ability: Hadron Engine|[of] p1a: Miraidon\n|turn|8\n|\n|t:|1698775625\n|-terastallize|p2a: Arceus|Ghost\n|move|p2a: Arceus|Shadow Ball|p1a: Miraidon\n|-damage|p1a: Miraidon|59\/100\n|move|p1a: Miraidon|Calm Mind|p1a: Miraidon\n|-boost|p1a: Miraidon|spa|1\n|-boost|p1a: Miraidon|spd|1\n|\n|-weather|SunnyDay|[upkeep]\n|-heal|p1a: Miraidon|65\/100|[from] item: Leftovers\n|upkeep\n|turn|9\n|\n|t:|1698775647\n|move|p2a: Arceus|Shadow Ball|p1a: Miraidon\n|-damage|p1a: Miraidon|35\/100\n|-unboost|p1a: Miraidon|spd|1\n|move|p1a: Miraidon|Electro Drift|p2a: Arceus\n|-enditem|p2a: Arceus|Focus Sash\n|-damage|p2a: Arceus|1\/100\n|replace|p2a: Zoroark|Zoroark-Hisui, F, shiny\n|-end|p2a: Zoroark|Illusion\n|\n|-weather|none\n|-heal|p1a: Miraidon|41\/100|[from] item: Leftovers\n|upkeep\n|turn|10\n|\n|t:|1698775654\n|move|p2a: Zoroark|Shadow Ball|p1a: Miraidon\n|-damage|p1a: Miraidon|0 fnt\n|faint|p1a: Miraidon\n|\n|upkeep\n|\n|t:|1698775657\n|switch|p1a: Iron Valiant|Iron Valiant|100\/100\n|-activate|p1a: Iron Valiant|ability: Quark Drive\n|-start|p1a: Iron Valiant|quarkdrivespe\n|turn|11\n|\n|t:|1698775660\n|move|p1a: Iron Valiant|Knock Off|p2a: Zoroark\n|-supereffective|p2a: Zoroark\n|-damage|p2a: Zoroark|0 fnt\n|faint|p2a: Zoroark\n|-damage|p1a: Iron Valiant|91\/100|[from] item: Life Orb\n|\n|upkeep\n|\n|t:|1698775667\n|switch|p2a: Ursaring|Ursaring, F|100\/100\n|turn|12\n|\n|t:|1698775690\n|move|p1a: Iron Valiant|Close Combat|p2a: Ursaring\n|-supereffective|p2a: Ursaring\n|-damage|p2a: Ursaring|0 fnt\n|-unboost|p1a: Iron Valiant|def|1\n|-unboost|p1a: Iron Valiant|spd|1\n|faint|p2a: Ursaring\n|-damage|p1a: Iron Valiant|81\/100|[from] item: Life Orb\n|\n|-fieldend|move: Electric Terrain\n|-end|p1a: Iron Valiant|Quark Drive\n|upkeep\n|\n|t:|1698775695\n|switch|p2a: Ursaluna|Ursaluna-Bloodmoon, M|100\/100\n|turn|13\n|\n|t:|1698775699\n|move|p1a: Iron Valiant|Close Combat|p2a: Ursaluna\n|-supereffective|p2a: Ursaluna\n|-damage|p2a: Ursaluna|0 fnt\n|-unboost|p1a: Iron Valiant|def|1\n|-unboost|p1a: Iron Valiant|spd|1\n|faint|p2a: Ursaluna\n|-damage|p1a: Iron Valiant|71\/100|[from] item: Life Orb\n|\n|upkeep\n|\n|t:|1698775702\n|switch|p2a: Arceus|Arceus|100\/100\n|turn|14\n|\n|t:|1698775706\n|move|p2a: Arceus|Extreme Speed|p1a: Iron Valiant\n|-damage|p1a: Iron Valiant|0 fnt\n|faint|p1a: Iron Valiant\n|-end|p1a: Iron Valiant|Quark Drive|[silent]\n|\n|win|angello1605\n|raw|Rev832's rating: 1201 &rarr; <strong>1176<\/strong><br \/>(-25 for losing)\n|raw|angello1605's rating: 1200 &rarr; <strong>1225<\/strong><br \/>(+25 for winning)\n|l|\u2606Rev832\n|c|\u2606angello1605|gg\n","uploadtime":1698775719,"views":8,"p1id":"rev832","p2id":"angello1605","formatid":"gen9ubers","rating":1176,"private":0,"password":""}