{"id":"gen9ubers-1997851744","p1":"MSandsV","p2":"Jubstron","format":"[Gen 9] Ubers","log":"|j|\u2606MSandsV\n|j|\u2606Jubstron\n|t:|1700859753\n|gametype|singles\n|player|p1|MSandsV|cyclist-gen4|\n|player|p2|Jubstron|wattson|\n|teamsize|p1|6\n|teamsize|p2|6\n|gen|9\n|tier|[Gen 9] Ubers\n|rule|Sleep Clause Mod: Limit one foe put to sleep\n|rule|Species Clause: Limit one of each Pok\u00e9mon\n|rule|OHKO Clause: OHKO moves are banned\n|rule|Evasion Items Clause: Evasion items are banned\n|rule|Evasion Moves Clause: Evasion moves are banned\n|rule|Endless Battle Clause: Forcing endless battles is banned\n|rule|HP Percentage Mod: HP is shown in percentages\n|clearpoke\n|poke|p1|Gholdengo|\n|poke|p1|Enamorus, F|\n|poke|p1|Weavile, F|\n|poke|p1|Hoopa-Unbound|\n|poke|p1|Dudunsparce-*, F|\n|poke|p1|Dugtrio, M|\n|poke|p2|Ursaluna, M|\n|poke|p2|Gardevoir, F|\n|poke|p2|Tornadus-Therian, M|\n|poke|p2|Roaring Moon|\n|poke|p2|Grafaiai, F|\n|poke|p2|Uxie|\n|teampreview\n|j| Jamsfield\n|j| mdufont\n|c|\u2606Jubstron|Yoyoyoyo\n|c| mdufont|let's get ready 2 rumble\n|c|\u2606Jubstron|My timbers are shivered\n|c|\u2606Jubstron|Should we give it a min?\n|l| Jamsfield\n|c|\u2606MSandsV|sure, but only one\n|c|\u2606MSandsV|it's all my nerves can take\n|c|\u2606Jubstron|Lol I don't know if the little hand shake I just had is because my room is freezing or nerves\n|c|\u2606Jubstron|Finna miclick out here\n|j| Crunning\n|c|\u2606Jubstron|Aight I say we get in there\n|c|\u2606MSandsV|alright, let's roll\n|\n|t:|1700859929\n|start\n|switch|p1a: Lucas Lee|Dudunsparce, F|100\/100\n|switch|p2a: Give Me Novacaine|Uxie|100\/100\n|turn|1\n|c| mdufont|hell yeah\n|c| mdufont|make the little freaks fight\n|\n|t:|1700859959\n|-terastallize|p2a: Give Me Novacaine|Poison\n|move|p2a: Give Me Novacaine|Stealth Rock|p1a: Lucas Lee\n|-sidestart|p1: MSandsV|move: Stealth Rock\n|move|p1a: Lucas Lee|Stealth Rock|p2a: Give Me Novacaine\n|-sidestart|p2: Jubstron|move: Stealth Rock\n|\n|upkeep\n|turn|2\n|c| mdufont|just throwin rocks at each other, A+\n|\n|t:|1700860015\n|move|p2a: Give Me Novacaine|Knock Off|p1a: Lucas Lee\n|-damage|p1a: Lucas Lee|89\/100\n|-enditem|p1a: Lucas Lee|Leftovers|[from] move: Knock Off|[of] p2a: Give Me Novacaine\n|move|p1a: Lucas Lee|Body Slam|p2a: Give Me Novacaine\n|-damage|p2a: Give Me Novacaine|80\/100\n|-status|p2a: Give Me Novacaine|par\n|\n|-heal|p2a: Give Me Novacaine|86\/100 par|[from] item: Leftovers\n|upkeep\n|turn|3\n|\n|t:|1700860030\n|move|p1a: Lucas Lee|Roost|p1a: Lucas Lee\n|-heal|p1a: Lucas Lee|100\/100\n|-singleturn|p1a: Lucas Lee|move: Roost\n|move|p2a: Give Me Novacaine|U-turn|p1a: Lucas Lee\n|-damage|p1a: Lucas Lee|93\/100\n|\n|t:|1700860035\n|switch|p2a: Extraordinary Girl|Gardevoir, F, shiny|100\/100|[from] U-turn\n|-damage|p2a: Extraordinary Girl|88\/100|[from] Stealth Rock\n|\n|-heal|p2a: Extraordinary Girl|94\/100|[from] item: Leftovers\n|upkeep\n|turn|4\n|\n|t:|1700860091\n|move|p2a: Extraordinary Girl|Encore|p1a: Lucas Lee\n|-start|p1a: Lucas Lee|Encore\n|move|p1a: Lucas Lee|Roost|p1a: Lucas Lee\n|-heal|p1a: Lucas Lee|100\/100\n|-singleturn|p1a: Lucas Lee|move: Roost\n|\n|-heal|p2a: Extraordinary Girl|100\/100|[from] item: Leftovers\n|upkeep\n|turn|5\n|\n|t:|1700860105\n|switch|p2a: Letterbomb|Grafaiai, F, shiny|100\/100\n|-damage|p2a: Letterbomb|88\/100|[from] Stealth Rock\n|switch|p1a: The Twins|Dugtrio, M|100\/100\n|-damage|p1a: The Twins|94\/100|[from] Stealth Rock\n|\n|upkeep\n|turn|6\n|\n|t:|1700860127\n|switch|p2a: Give Me Novacaine|Uxie, tera:Poison|86\/100 par\n|-damage|p2a: Give Me Novacaine|73\/100 par|[from] Stealth Rock\n|move|p1a: The Twins|Stone Edge|p2a: Give Me Novacaine\n|-damage|p2a: Give Me Novacaine|54\/100 par\n|\n|-heal|p2a: Give Me Novacaine|60\/100 par|[from] item: Leftovers\n|upkeep\n|turn|7\n|\n|t:|1700860142\n|switch|p1a: Matthew Patel|Hoopa-Unbound|100\/100\n|-damage|p1a: Matthew Patel|88\/100|[from] Stealth Rock\n|move|p2a: Give Me Novacaine|Knock Off|p1a: Matthew Patel\n|-damage|p1a: Matthew Patel|67\/100\n|-enditem|p1a: Matthew Patel|Assault Vest|[from] move: Knock Off|[of] p2a: Give Me Novacaine\n|\n|-heal|p2a: Give Me Novacaine|66\/100 par|[from] item: Leftovers\n|upkeep\n|turn|8\n|\n|t:|1700860151\n|move|p1a: Matthew Patel|Knock Off|p2a: Give Me Novacaine\n|-damage|p2a: Give Me Novacaine|22\/100 par\n|-enditem|p2a: Give Me Novacaine|Leftovers|[from] move: Knock Off|[of] p1a: Matthew Patel\n|cant|p2a: Give Me Novacaine|par\n|\n|upkeep\n|turn|9\n|c|\u2606Jubstron|I am retiring\n|c|\u2606MSandsV|lolol\n|c|\u2606Jubstron|This game just isn't for me I think\n|c|\u2606MSandsV|rule 1 v justin\n|j| Jamsfield\n|c|\u2606MSandsV|bring hax\n|c| Jamsfield|Huge para\n|\n|t:|1700860184\n|move|p1a: Matthew Patel|Knock Off|p2a: Give Me Novacaine\n|-damage|p2a: Give Me Novacaine|0 fnt\n|faint|p2a: Give Me Novacaine\n|\n|upkeep\n|c|\u2606Jubstron|That U-Turn would've been so cathartic\n|\n|t:|1700860213\n|switch|p2a: Homecoming|Tornadus-Therian, M|100\/100\n|-damage|p2a: Homecoming|76\/100|[from] Stealth Rock\n|turn|10\n|c| Jamsfield|Googling \u201cis u-turn a good move to use against Hoopa Unbound\u201d\n|c| mdufont|he he he he\n|\n|t:|1700860238\n|switch|p1a: The Twins|Dugtrio, M|94\/100\n|-damage|p1a: The Twins|88\/100|[from] Stealth Rock\n|move|p2a: Homecoming|U-turn|p1a: The Twins\n|-damage|p1a: The Twins|45\/100\n|c| Jamsfield|where is dugtrio\u2019s hat?\n|\n|t:|1700860280\n|switch|p2a: American Idiot|Ursaluna, M, shiny|100\/100|[from] U-turn\n|-damage|p2a: American Idiot|94\/100|[from] Stealth Rock\n|\n|upkeep\n|turn|11\n|c| mdufont|pretty f*cked up he doesn't have a hat when it's this cold\n|\n|t:|1700860307\n|switch|p1a: Todd Ingram|Gholdengo|100\/100\n|-damage|p1a: Todd Ingram|94\/100|[from] Stealth Rock\n|-item|p1a: Todd Ingram|Air Balloon\n|move|p2a: American Idiot|Crunch|p1a: Todd Ingram\n|-supereffective|p1a: Todd Ingram\n|-damage|p1a: Todd Ingram|55\/100\n|-enditem|p1a: Todd Ingram|Air Balloon\n|\n|upkeep\n|turn|12\n|c| Jamsfield|if you\u2019re cold they\u2019re cold\n|c|\u2606MSandsV|oh no\n|c|\u2606Jubstron|monch\n|c| Jamsfield|hongry bear\n|\n|t:|1700860353\n|move|p1a: Todd Ingram|Recover|p1a: Todd Ingram\n|-heal|p1a: Todd Ingram|100\/100\n|move|p2a: American Idiot|Crunch|p1a: Todd Ingram\n|-supereffective|p1a: Todd Ingram\n|-damage|p1a: Todd Ingram|67\/100\n|-unboost|p1a: Todd Ingram|def|1\n|\n|upkeep\n|turn|13\n|c| mdufont|cronch\n|c| Jamsfield|tactical defense drop\n|\n|t:|1700860378\n|switch|p1a: Lucas Lee|Dudunsparce, F|100\/100\n|-damage|p1a: Lucas Lee|88\/100|[from] Stealth Rock\n|move|p2a: American Idiot|Crunch|p1a: Lucas Lee\n|-damage|p1a: Lucas Lee|72\/100\n|\n|upkeep\n|turn|14\n|c|\u2606Jubstron|monch\n|c|\u2606MSandsV|he's not on fire i'm scared\n|\n|t:|1700860411\n|move|p1a: Lucas Lee|Body Slam|p2a: American Idiot\n|-damage|p2a: American Idiot|75\/100\n|-status|p2a: American Idiot|par\n|move|p2a: American Idiot|Crunch|p1a: Lucas Lee\n|-damage|p1a: Lucas Lee|53\/100\n|\n|upkeep\n|turn|15\n|c|\u2606Jubstron|:o\n|\n|t:|1700860424\n|move|p1a: Lucas Lee|Body Slam|p2a: American Idiot\n|-damage|p2a: American Idiot|53\/100 par\n|move|p2a: American Idiot|Facade|p1a: Lucas Lee\n|-damage|p1a: Lucas Lee|10\/100\n|\n|upkeep\n|turn|16\n|c| mdufont|:o :O\n|\n|t:|1700860459\n|-terastallize|p1a: Lucas Lee|Ghost\n|move|p1a: Lucas Lee|Roost|p1a: Lucas Lee\n|-heal|p1a: Lucas Lee|60\/100\n|cant|p2a: American Idiot|par\n|\n|upkeep\n|turn|17\n|c| mdufont|oop\n|c|\u2606Jubstron|I wanted to MONCH :\/\n|\n|t:|1700860479\n|move|p1a: Lucas Lee|Roost|p1a: Lucas Lee\n|-heal|p1a: Lucas Lee|100\/100\n|move|p2a: American Idiot|Crunch|p1a: Lucas Lee\n|-supereffective|p1a: Lucas Lee\n|-damage|p1a: Lucas Lee|67\/100\n|\n|upkeep\n|turn|18\n|c|\u2606Jubstron|I'm gonna eat you eventually\n|\n|t:|1700860498\n|switch|p2a: Extraordinary Girl|Gardevoir, F, shiny|100\/100\n|-damage|p2a: Extraordinary Girl|88\/100|[from] Stealth Rock\n|move|p1a: Lucas Lee|Body Slam|p2a: Extraordinary Girl\n|-damage|p2a: Extraordinary Girl|56\/100\n|-status|p2a: Extraordinary Girl|par\n|-activate|p2a: Extraordinary Girl|ability: Synchronize\n|-status|p1a: Lucas Lee|par\n|\n|-heal|p2a: Extraordinary Girl|63\/100 par|[from] item: Leftovers\n|upkeep\n|turn|19\n|c|\u2606MSandsV|perhaps\n|c|\u2606Jubstron|ehehe\n|c|\u2606MSandsV|lmao\n|c| Jamsfield|It\u2019s like trace but status\n|\n|t:|1700860522\n|move|p2a: Extraordinary Girl|Wish|p2a: Extraordinary Girl\n|move|p1a: Lucas Lee|Body Slam|p2a: Extraordinary Girl\n|-crit|p2a: Extraordinary Girl\n|-damage|p2a: Extraordinary Girl|18\/100 par\n|\n|-heal|p2a: Extraordinary Girl|25\/100 par|[from] item: Leftovers\n|upkeep\n|turn|20\n|c| mdufont|if you're cold (paralyzed), they're cold (paralyzed)\n|c|\u2606Jubstron|>:(\n|c| Jamsfield|I don\u2019t always crit, but when I do, I\u2019m playing justin\n|\n|t:|1700860575\n|switch|p2a: American Idiot|Ursaluna, M, shiny|53\/100 par\n|-damage|p2a: American Idiot|47\/100 par|[from] Stealth Rock\n|switch|p1a: Matthew Patel|Hoopa-Unbound|67\/100\n|-damage|p1a: Matthew Patel|54\/100|[from] Stealth Rock\n|\n|-heal|p2a: American Idiot|83\/100 par|[from] move: Wish|[wisher] Extraordinary Girl\n|upkeep\n|turn|21\n|\n|t:|1700860622\n|move|p1a: Matthew Patel|Knock Off|p2a: American Idiot\n|-damage|p2a: American Idiot|43\/100 par\n|-enditem|p2a: American Idiot|Assault Vest|[from] move: Knock Off|[of] p1a: Matthew Patel\n|cant|p2a: American Idiot|par\n|\n|upkeep\n|turn|22\n|c|\u2606MSandsV|huge\n|c|\u2606Jubstron|Now it's just getting sad\n|\n|t:|1700860642\n|move|p1a: Matthew Patel|Drain Punch|p2a: American Idiot\n|-supereffective|p2a: American Idiot\n|-damage|p2a: American Idiot|0 fnt\n|-heal|p1a: Matthew Patel|81\/100|[from] drain|[of] p2a: American Idiot\n|faint|p2a: American Idiot\n|\n|upkeep\n|c|\u2606Jubstron|I'm, like, actually bummed out by this match\n|\n|t:|1700860658\n|switch|p2a: St. Jimmy|Roaring Moon|100\/100\n|-damage|p2a: St. Jimmy|88\/100|[from] Stealth Rock\n|-enditem|p2a: St. Jimmy|Booster Energy\n|-activate|p2a: St. Jimmy|ability: Protosynthesis|[fromitem]\n|-start|p2a: St. Jimmy|protosynthesisspe\n|turn|23\n|c| Jamsfield|Flashbacks\n|c| Jamsfield|like sticking a fork in a socket\n|c|\u2606Jubstron|The crits and paras are just so lame\n|c|\u2606MSandsV|yea, it's pretty rough even given your usual luck\n|c|\u2606MSandsV|but whatchagonnado\n|c|\u2606Jubstron|It's pretty fun for the lore but so lame\n|\n|t:|1700860707\n|move|p2a: St. Jimmy|Knock Off|p1a: Matthew Patel\n|-damage|p1a: Matthew Patel|38\/100\n|move|p1a: Matthew Patel|Ice Punch|p2a: St. Jimmy\n|-supereffective|p2a: St. Jimmy\n|-damage|p2a: St. Jimmy|14\/100\n|\n|upkeep\n|turn|24\n|\n|t:|1700860743\n|move|p2a: St. Jimmy|Knock Off|p1a: Matthew Patel\n|-damage|p1a: Matthew Patel|0 fnt\n|faint|p1a: Matthew Patel\n|\n|upkeep\n|c| mdufont|rip\n|\n|t:|1700860757\n|switch|p1a: Gideon Graves|Weavile, F|100\/100\n|-damage|p1a: Gideon Graves|76\/100|[from] Stealth Rock\n|-ability|p1a: Gideon Graves|Pressure\n|turn|25\n|\n|t:|1700860766\n|move|p1a: Gideon Graves|Ice Shard|p2a: St. Jimmy\n|-supereffective|p2a: St. Jimmy\n|-damage|p2a: St. Jimmy|0 fnt\n|faint|p2a: St. Jimmy\n|-end|p2a: St. Jimmy|Protosynthesis|[silent]\n|\n|upkeep\n|c| mdufont|if course you'd make weavile gideon\n|c|\u2606MSandsV|>:)\n|c| Jamsfield|Huge Jason schwartzman vibes\n|c|\u2606MSandsV|could also work for knives, but I was just going w\/ exs\n|\n|t:|1700860816\n|switch|p2a: Extraordinary Girl|Gardevoir, F, shiny|25\/100 par\n|-damage|p2a: Extraordinary Girl|12\/100 par|[from] Stealth Rock\n|turn|26\n|c| mdufont|gotta look out for those rocks\n|\n|t:|1700860835\n|move|p1a: Gideon Graves|Ice Shard|p2a: Extraordinary Girl\n|-damage|p2a: Extraordinary Girl|0 fnt\n|faint|p2a: Extraordinary Girl\n|\n|upkeep\n|\n|t:|1700860843\n|switch|p2a: Homecoming|Tornadus-Therian, M|100\/100\n|-damage|p2a: Homecoming|76\/100|[from] Stealth Rock\n|turn|27\n|\n|t:|1700860864\n|move|p1a: Gideon Graves|Ice Shard|p2a: Homecoming\n|-supereffective|p2a: Homecoming\n|-damage|p2a: Homecoming|24\/100\n|move|p2a: Homecoming|Heat Wave|p1a: Gideon Graves\n|-supereffective|p1a: Gideon Graves\n|-damage|p1a: Gideon Graves|0 fnt\n|faint|p1a: Gideon Graves\n|\n|upkeep\n|\n|t:|1700860889\n|switch|p1a: Lucas Lee|Dudunsparce, F, tera:Ghost|67\/100 par\n|-damage|p1a: Lucas Lee|54\/100 par|[from] Stealth Rock\n|turn|28\n|\n|t:|1700860904\n|move|p2a: Homecoming|Sludge Bomb|p1a: Lucas Lee\n|-resisted|p1a: Lucas Lee\n|-damage|p1a: Lucas Lee|43\/100 par\n|move|p1a: Lucas Lee|Body Slam|p2a: Homecoming\n|-damage|p2a: Homecoming|0 fnt\n|faint|p2a: Homecoming\n|\n|upkeep\n|\n|t:|1700860911\n|switch|p2a: Letterbomb|Grafaiai, F, shiny|88\/100\n|-damage|p2a: Letterbomb|76\/100|[from] Stealth Rock\n|turn|29\n|\n|t:|1700860916\n|move|p2a: Letterbomb|Swagger|p1a: Lucas Lee\n|-boost|p1a: Lucas Lee|atk|2\n|-enditem|p2a: Letterbomb|Mirror Herb\n|-boost|p2a: Letterbomb|atk|2|[from] item: Mirror Herb\n|-start|p1a: Lucas Lee|confusion\n|-activate|p1a: Lucas Lee|confusion\n|cant|p1a: Lucas Lee|par\n|\n|upkeep\n|turn|30\n|c| mdufont|pardon to that turkey, he fought well\n|c| Jamsfield|parafusion here we go\n|\n|t:|1700860932\n|move|p2a: Letterbomb|Knock Off|p1a: Lucas Lee\n|-supereffective|p1a: Lucas Lee\n|-damage|p1a: Lucas Lee|0 fnt\n|faint|p1a: Lucas Lee\n|\n|upkeep\n|\n|t:|1700860939\n|switch|p1a: The Twins|Dugtrio, M|45\/100\n|-damage|p1a: The Twins|39\/100|[from] Stealth Rock\n|turn|31\n|c| Jamsfield|eyeball emoji\n|c| Jamsfield|\ud83d\udc40\n|\n|t:|1700860956\n|move|p2a: Letterbomb|Knock Off|p1a: The Twins\n|-damage|p1a: The Twins|0 fnt\n|-enditem|p1a: The Twins|Choice Scarf|[from] move: Knock Off|[of] p2a: Letterbomb\n|faint|p1a: The Twins\n|\n|upkeep\n|c| mdufont|OOP\n|c| Jamsfield|OOP\n|c| mdufont|ladies and gents, he's back in\n|c|\u2606MSandsV|oh snap, unburden oops\n|\n|t:|1700860984\n|switch|p1a: Roxie Richter|Enamorus, F|100\/100\n|turn|32\n|\n|t:|1700860987\n|move|p2a: Letterbomb|Poison Jab|p1a: Roxie Richter\n|-supereffective|p1a: Roxie Richter\n|-damage|p1a: Roxie Richter|0 fnt\n|faint|p1a: Roxie Richter\n|\n|upkeep\n|c|\u2606MSandsV|gg\n|c| Jamsfield|classic Justin hustle\n|\n|t:|1700860995\n|switch|p1a: Todd Ingram|Gholdengo|67\/100\n|-damage|p1a: Todd Ingram|61\/100|[from] Stealth Rock\n|turn|33\n|\n|t:|1700861002\n|move|p2a: Letterbomb|Knock Off|p1a: Todd Ingram\n|-supereffective|p1a: Todd Ingram\n|-damage|p1a: Todd Ingram|10\/100\n|move|p1a: Todd Ingram|Make It Rain|p2a: Letterbomb\n|-damage|p2a: Letterbomb|0 fnt\n|-unboost|p1a: Todd Ingram|spa|1\n|faint|p2a: Letterbomb\n|\n|win|MSandsV\n|c| Jamsfield|You really had me fooled there justin\n|c| mdufont|god the gholdengo noise is terrible\n|c| mdufont|gg\n|c|\u2606MSandsV|whoa\n|c| Jamsfield|WHAT\n|c|\u2606Jubstron|lol gg\n|c| Jamsfield|PHYS DEF GHOLDY\n|c|\u2606MSandsV|I genuinely didn't think I'd live that\n|c| Crunning|GG!\n|c| Jamsfield|That\u2019s insane\n|c| mdufont|merry turkey day everyone, that was fun\n|l| Crunning\n|c|\u2606MSandsV|sorry justin\n|c|\u2606MSandsV|but gg as always\n|c|\u2606Jubstron|Fuck this whole game, but at least I got to try my cool Grafaiai set\n|l| Jamsfield\n|c|\u2606Jubstron|gg\n|l| mdufont\n","uploadtime":1700861057,"views":24,"p1id":"msandsv","p2id":"jubstron","formatid":"gen9ubers","rating":0,"private":0,"password":""}