{"id":"gen9ubers-1989896314","p1":"Kionjg8","p2":"55thAlpaca","format":"[Gen 9] Ubers","log":"|j|\u2606Kionjg8\n|j|\u260655thAlpaca\n|t:|1699904766\n|gametype|singles\n|player|p1|Kionjg8|marnie|\n|player|p2|55thAlpaca|2|\n|teamsize|p1|6\n|teamsize|p2|6\n|gen|9\n|tier|[Gen 9] Ubers\n|rule|Sleep Clause Mod: Limit one foe put to sleep\n|rule|Species Clause: Limit one of each Pok\u00e9mon\n|rule|OHKO Clause: OHKO moves are banned\n|rule|Evasion Items Clause: Evasion items are banned\n|rule|Evasion Moves Clause: Evasion moves are banned\n|rule|Endless Battle Clause: Forcing endless battles is banned\n|rule|HP Percentage Mod: HP is shown in percentages\n|clearpoke\n|poke|p1|Maushold|\n|poke|p1|Umbreon, F|\n|poke|p1|Azelf|\n|poke|p1|Cloyster, F|\n|poke|p1|Muk-Alola, M|\n|poke|p1|Magnezone|\n|poke|p2|Corviknight, M|\n|poke|p2|Ogerpon-Wellspring, F|\n|poke|p2|Volcarona, M|\n|poke|p2|Iron Valiant|\n|poke|p2|Samurott-Hisui, M|\n|poke|p2|Chien-Pao|\n|teampreview\n|\n|t:|1699904883\n|start\n|switch|p1a: \u30ea\u30e0\u30eb\u30a0\u30c6\u30f3\u30da\u30b9\u30c8|Muk-Alola, M|100\/100\n|switch|p2a: Frost Knight|Chien-Pao|100\/100\n|-ability|p2a: Frost Knight|Sword of Ruin\n|turn|1\n|\n|t:|1699904896\n|move|p2a: Frost Knight|Ice Spinner|p1a: \u30ea\u30e0\u30eb\u30a0\u30c6\u30f3\u30da\u30b9\u30c8\n|-damage|p1a: \u30ea\u30e0\u30eb\u30a0\u30c6\u30f3\u30da\u30b9\u30c8|49\/100\n|move|p1a: \u30ea\u30e0\u30eb\u30a0\u30c6\u30f3\u30da\u30b9\u30c8|Drain Punch|p2a: Frost Knight\n|-supereffective|p2a: Frost Knight\n|-enditem|p2a: Frost Knight|Focus Sash\n|-damage|p2a: Frost Knight|1\/100\n|-heal|p1a: \u30ea\u30e0\u30eb\u30a0\u30c6\u30f3\u30da\u30b9\u30c8|85\/100|[from] drain|[of] p2a: Frost Knight\n|\n|-heal|p1a: \u30ea\u30e0\u30eb\u30a0\u30c6\u30f3\u30da\u30b9\u30c8|91\/100|[from] item: Black Sludge\n|upkeep\n|turn|2\n|c|\u2606Kionjg8|!dt sword of ruin\n|raw|<ul class=\"utilichart\"><li class=\"result\"><span class=\"col namecol\"><a href=\"https:\/\/dex.pokemonshowdown.com\/abilities\/swordofruin\">Sword of Ruin<\/a><\/span> <span class=\"col abilitydesccol\">Active Pokemon without this Ability have their Defense multiplied by 0.75.<\/span> <\/li><li style=\"clear:both\"><\/li><\/ul>\n|raw|<font size=\"1\"><font color=\"#686868\">Gen:<\/font> 9<\/font>\n\n|\n|t:|1699904960\n|move|p2a: Frost Knight|Ice Spinner|p1a: \u30ea\u30e0\u30eb\u30a0\u30c6\u30f3\u30da\u30b9\u30c8\n|-damage|p1a: \u30ea\u30e0\u30eb\u30a0\u30c6\u30f3\u30da\u30b9\u30c8|36\/100\n|move|p1a: \u30ea\u30e0\u30eb\u30a0\u30c6\u30f3\u30da\u30b9\u30c8|Poison Jab|p2a: Frost Knight\n|-damage|p2a: Frost Knight|0 fnt\n|faint|p2a: Frost Knight\n|\n|-heal|p1a: \u30ea\u30e0\u30eb\u30a0\u30c6\u30f3\u30da\u30b9\u30c8|42\/100|[from] item: Black Sludge\n|upkeep\n|\n|t:|1699904987\n|switch|p2a: Laterne|Volcarona, M, shiny|100\/100\n|turn|3\n|\n|t:|1699904996\n|move|p2a: Laterne|Fiery Dance|p1a: \u30ea\u30e0\u30eb\u30a0\u30c6\u30f3\u30da\u30b9\u30c8\n|-damage|p1a: \u30ea\u30e0\u30eb\u30a0\u30c6\u30f3\u30da\u30b9\u30c8|0 fnt\n|-boost|p2a: Laterne|spa|1\n|faint|p1a: \u30ea\u30e0\u30eb\u30a0\u30c6\u30f3\u30da\u30b9\u30c8\n|-damage|p2a: Laterne|91\/100|[from] item: Life Orb\n|\n|upkeep\n|\n|t:|1699905001\n|switch|p1a: \u30ec\u30e0|Azelf, shiny|100\/100\n|turn|4\n|\n|t:|1699905007\n|move|p1a: \u30ec\u30e0|Stealth Rock|p2a: Laterne\n|-sidestart|p2: 55thAlpaca|move: Stealth Rock\n|move|p2a: Laterne|Bug Buzz|p1a: \u30ec\u30e0\n|-supereffective|p1a: \u30ec\u30e0\n|-damage|p1a: \u30ec\u30e0|0 fnt\n|faint|p1a: \u30ec\u30e0\n|-damage|p2a: Laterne|81\/100|[from] item: Life Orb\n|\n|upkeep\n|\n|t:|1699905024\n|switch|p1a: \u9752\u3044 \u5149|Umbreon, F, shiny|100\/100\n|turn|5\n|\n|t:|1699905037\n|-terastallize|p1a: \u9752\u3044 \u5149|Ghost\n|move|p2a: Laterne|Fiery Dance|p1a: \u9752\u3044 \u5149\n|-crit|p1a: \u9752\u3044 \u5149\n|-damage|p1a: \u9752\u3044 \u5149|29\/100\n|-boost|p2a: Laterne|spa|1\n|-damage|p2a: Laterne|71\/100|[from] item: Life Orb\n|move|p1a: \u9752\u3044 \u5149|Toxic|p2a: Laterne\n|-status|p2a: Laterne|tox\n|\n|-heal|p1a: \u9752\u3044 \u5149|35\/100|[from] item: Leftovers\n|-damage|p2a: Laterne|64\/100 tox|[from] psn\n|upkeep\n|turn|6\n|\n|t:|1699905051\n|move|p1a: \u9752\u3044 \u5149|Protect|p1a: \u9752\u3044 \u5149\n|-singleturn|p1a: \u9752\u3044 \u5149|Protect\n|move|p2a: Laterne|Fire Blast|p1a: \u9752\u3044 \u5149\n|-activate|p1a: \u9752\u3044 \u5149|move: Protect\n|\n|-heal|p1a: \u9752\u3044 \u5149|41\/100|[from] item: Leftovers\n|-damage|p2a: Laterne|52\/100 tox|[from] psn\n|upkeep\n|turn|7\n|\n|t:|1699905062\n|switch|p1a: \u865a\u821f \u3046\u3064\u308d\u821f|Magnezone, shiny|100\/100\n|-item|p1a: \u865a\u821f \u3046\u3064\u308d\u821f|Air Balloon\n|move|p2a: Laterne|Bug Buzz|p1a: \u865a\u821f \u3046\u3064\u308d\u821f\n|-resisted|p1a: \u865a\u821f \u3046\u3064\u308d\u821f\n|-damage|p1a: \u865a\u821f \u3046\u3064\u308d\u821f|28\/100\n|-unboost|p1a: \u865a\u821f \u3046\u3064\u308d\u821f|spd|1\n|-enditem|p1a: \u865a\u821f \u3046\u3064\u308d\u821f|Air Balloon\n|-damage|p2a: Laterne|42\/100 tox|[from] item: Life Orb\n|\n|-damage|p2a: Laterne|24\/100 tox|[from] psn\n|upkeep\n|turn|8\n|\n|t:|1699905081\n|move|p2a: Laterne|Bug Buzz|p1a: \u865a\u821f \u3046\u3064\u308d\u821f\n|-resisted|p1a: \u865a\u821f \u3046\u3064\u308d\u821f\n|-damage|p1a: \u865a\u821f \u3046\u3064\u308d\u821f|0 fnt\n|faint|p1a: \u865a\u821f \u3046\u3064\u308d\u821f\n|-damage|p2a: Laterne|14\/100 tox|[from] item: Life Orb\n|\n|-damage|p2a: Laterne|0 fnt|[from] psn\n|faint|p2a: Laterne\n|upkeep\n|\n|t:|1699905096\n|switch|p2a: Robin (the bird)|Corviknight, M, shiny|100\/100\n|switch|p1a: \u30ab\u30ad|Cloyster, F, shiny|100\/100\n|-damage|p2a: Robin (the bird)|88\/100|[from] Stealth Rock\n|turn|9\n|\n|t:|1699905114\n|-terastallize|p2a: Robin (the bird)|Ghost\n|move|p1a: \u30ab\u30ad|Shell Smash|p1a: \u30ab\u30ad\n|-unboost|p1a: \u30ab\u30ad|def|1\n|-unboost|p1a: \u30ab\u30ad|spd|1\n|-boost|p1a: \u30ab\u30ad|atk|2\n|-boost|p1a: \u30ab\u30ad|spa|2\n|-boost|p1a: \u30ab\u30ad|spe|2\n|-enditem|p1a: \u30ab\u30ad|White Herb\n|-clearnegativeboost|p1a: \u30ab\u30ad|[silent]\n|move|p2a: Robin (the bird)|Defog|p1a: \u30ab\u30ad\n|-unboost|p1a: \u30ab\u30ad|evasion|1\n|-sideend|p2: 55thAlpaca|Stealth Rock|[from] move: Defog|[of] p2a: Robin (the bird)\n|\n|upkeep\n|turn|10\n|\n|t:|1699905128\n|move|p1a: \u30ab\u30ad|Icicle Spear|p2a: Robin (the bird)\n|-damage|p2a: Robin (the bird)|73\/100\n|-damage|p2a: Robin (the bird)|59\/100\n|-damage|p2a: Robin (the bird)|46\/100\n|-damage|p2a: Robin (the bird)|31\/100\n|-damage|p2a: Robin (the bird)|18\/100\n|-hitcount|p2a: Robin (the bird)|5\n|move|p2a: Robin (the bird)|Roost|p2a: Robin (the bird)\n|-heal|p2a: Robin (the bird)|68\/100\n|\n|upkeep\n|turn|11\n|\n|t:|1699905152\n|move|p1a: \u30ab\u30ad|Icicle Spear|p2a: Robin (the bird)\n|-damage|p2a: Robin (the bird)|54\/100\n|-damage|p2a: Robin (the bird)|42\/100\n|-damage|p2a: Robin (the bird)|27\/100\n|-damage|p2a: Robin (the bird)|13\/100\n|-damage|p2a: Robin (the bird)|0 fnt\n|faint|p2a: Robin (the bird)\n|-hitcount|p2: Robin (the bird)|5\n|\n|upkeep\n|\n|t:|1699905171\n|switch|p2a: Boreal Outrider|Samurott-Hisui, M, shiny|100\/100\n|turn|12\n|\n|t:|1699905178\n|move|p2a: Boreal Outrider|Protect|p2a: Boreal Outrider\n|-singleturn|p2a: Boreal Outrider|Protect\n|move|p1a: \u30ab\u30ad|Rock Blast|p2a: Boreal Outrider\n|-activate|p2a: Boreal Outrider|move: Protect\n|\n|upkeep\n|turn|13\n|\n|t:|1699905202\n|move|p1a: \u30ab\u30ad|Rock Blast|p2a: Boreal Outrider\n|-damage|p2a: Boreal Outrider|83\/100\n|-damage|p2a: Boreal Outrider|65\/100\n|-damage|p2a: Boreal Outrider|49\/100\n|-damage|p2a: Boreal Outrider|33\/100\n|-damage|p2a: Boreal Outrider|17\/100\n|-hitcount|p2a: Boreal Outrider|5\n|move|p2a: Boreal Outrider|Ceaseless Edge|p1a: \u30ab\u30ad\n|-damage|p1a: \u30ab\u30ad|64\/100\n|-sidestart|p1: Kionjg8|Spikes\n|\n|upkeep\n|turn|14\n|\n|t:|1699905223\n|move|p2a: Boreal Outrider|Protect|p2a: Boreal Outrider\n|-singleturn|p2a: Boreal Outrider|Protect\n|move|p1a: \u30ab\u30ad|Icicle Spear|p2a: Boreal Outrider\n|-activate|p2a: Boreal Outrider|move: Protect\n|\n|upkeep\n|turn|15\n|\n|t:|1699905229\n|move|p1a: \u30ab\u30ad|Icicle Spear|p2a: Boreal Outrider\n|-resisted|p2a: Boreal Outrider\n|-damage|p2a: Boreal Outrider|4\/100\n|-resisted|p2a: Boreal Outrider\n|-damage|p2a: Boreal Outrider|0 fnt\n|faint|p2a: Boreal Outrider\n|-hitcount|p2: Boreal Outrider|2\n|\n|upkeep\n|\n|t:|1699905235\n|switch|p2a: Anna|Iron Valiant, shiny|100\/100\n|-enditem|p2a: Anna|Booster Energy\n|-activate|p2a: Anna|ability: Quark Drive|[fromitem]\n|-start|p2a: Anna|quarkdrivespa\n|turn|16\n|\n|t:|1699905246\n|move|p1a: \u30ab\u30ad|Icicle Spear|p2a: Anna\n|-crit|p2a: Anna\n|-damage|p2a: Anna|56\/100\n|-damage|p2a: Anna|26\/100\n|-damage|p2a: Anna|0 fnt\n|faint|p2a: Anna\n|-end|p2a: Anna|Quark Drive|[silent]\n|-hitcount|p2: Anna|3\n|\n|upkeep\n|\n|t:|1699905257\n|switch|p2a: Elsa|Ogerpon-Wellspring, F|100\/100\n|turn|17\n|\n|t:|1699905263\n|move|p2a: Elsa|Spiky Shield|p2a: Elsa\n|-singleturn|p2a: Elsa|move: Protect\n|move|p1a: \u30ab\u30ad|Icicle Spear|p2a: Elsa\n|-activate|p2a: Elsa|move: Protect\n|\n|upkeep\n|turn|18\n|\n|t:|1699905269\n|move|p1a: \u30ab\u30ad|Icicle Spear|p2a: Elsa\n|-damage|p2a: Elsa|76\/100\n|-crit|p2a: Elsa\n|-damage|p2a: Elsa|36\/100\n|-damage|p2a: Elsa|11\/100\n|-damage|p2a: Elsa|0 fnt\n|faint|p2a: Elsa\n|-hitcount|p2: Elsa|4\n|\n|win|Kionjg8\n|l|\u260655thAlpaca\n","uploadtime":1699905597,"views":16,"p1id":"kionjg8","p2id":"55thalpaca","formatid":"gen9ubers","rating":0,"private":0,"password":""}