{"id":"gen9ubers-1981977634","p1":"ouvt veti","p2":"Dragon Master Rosa","format":"[Gen 9] Ubers","log":"|j|\u2606ouvt veti\n|j|\u2606Dragon Master Rosa\n|t:|1698956540\n|gametype|singles\n|player|p1|ouvt veti|bianca|\n|player|p2|Dragon Master Rosa|rosa|\n|teamsize|p1|6\n|teamsize|p2|6\n|gen|9\n|tier|[Gen 9] Ubers\n|rule|Sleep Clause Mod: Limit one foe put to sleep\n|rule|Species Clause: Limit one of each Pok\u00e9mon\n|rule|OHKO Clause: OHKO moves are banned\n|rule|Evasion Items Clause: Evasion items are banned\n|rule|Evasion Moves Clause: Evasion moves are banned\n|rule|Endless Battle Clause: Forcing endless battles is banned\n|rule|HP Percentage Mod: HP is shown in percentages\n|clearpoke\n|poke|p1|Pincurchin, F|\n|poke|p1|Azelf|\n|poke|p1|Landorus-Therian, M|\n|poke|p1|Greninja-*, F|\n|poke|p1|Thundurus, M|\n|poke|p1|Empoleon, M|\n|poke|p2|Amoonguss, M|\n|poke|p2|Iron Jugulis|\n|poke|p2|Slowking-Galar, L99, M|\n|poke|p2|Toedscruel, M|\n|poke|p2|Zoroark-Hisui, F|\n|poke|p2|Landorus-Therian, M|\n|teampreview\n|c|\u2606Dragon Master Rosa|lemme get usage stats rq...\n|\n|t:|1698956638\n|start\n|switch|p1a: Wake Me Up|Pincurchin, F|100\/100\n|switch|p2a: Amoonguss|Amoonguss, M|100\/100\n|-fieldstart|move: Electric Terrain|[from] ability: Electric Surge|[of] p1a: Wake Me Up\n|turn|1\n|\n|t:|1698956653\n|move|p2a: Amoonguss|Trick|p1a: Wake Me Up\n|-activate|p2a: Amoonguss|move: Trick|[of] p1a: Wake Me Up\n|-item|p1a: Wake Me Up|Choice Band|[from] move: Trick\n|-item|p2a: Amoonguss|Terrain Extender|[from] move: Trick\n|move|p1a: Wake Me Up|Spikes|p2a: Amoonguss\n|-sidestart|p2: Dragon Master Rosa|Spikes\n|\n|upkeep\n|turn|2\n|\n|t:|1698956667\n|switch|p1a: Think I Like U|Greninja, F|100\/100\n|-enditem|p1a: Think I Like U|Electric Seed\n|-boost|p1a: Think I Like U|def|1|[from] item: Electric Seed\n|move|p2a: Amoonguss|U-turn|p1a: Think I Like U\n|-supereffective|p1a: Think I Like U\n|-damage|p1a: Think I Like U|53\/100\n|\n|t:|1698956676\n|switch|p2a: Landorus|Landorus-Therian, M|100\/100|[from] U-turn\n|-ability|p2a: Landorus|Intimidate|boost\n|-unboost|p1a: Think I Like U|atk|1\n|\n|upkeep\n|turn|3\n|\n|t:|1698956689\n|move|p1a: Think I Like U|Waterfall|p2a: Landorus\n|-supereffective|p2a: Landorus\n|-crit|p2a: Landorus\n|-damage|p2a: Landorus|0 fnt\n|faint|p2a: Landorus\n|\n|upkeep\n|c|\u2606Dragon Master Rosa|bruh\n|\n|t:|1698956697\n|switch|p2a: Amoonguss|Amoonguss, M|100\/100\n|-damage|p2a: Amoonguss|88\/100|[from] Spikes\n|turn|4\n|\n|t:|1698956701\n|move|p1a: Think I Like U|Acrobatics|p2a: Amoonguss\n|-supereffective|p2a: Amoonguss\n|-damage|p2a: Amoonguss|45\/100\n|-damage|p1a: Think I Like U|36\/100|[from] item: Rocky Helmet|[of] p2a: Amoonguss\n|move|p2a: Amoonguss|Giga Drain|p1a: Think I Like U\n|-supereffective|p1a: Think I Like U\n|-damage|p1a: Think I Like U|0 fnt\n|-heal|p2a: Amoonguss|56\/100|[from] drain|[of] p1a: Think I Like U\n|faint|p1a: Think I Like U\n|\n|upkeep\n|\n|t:|1698956719\n|switch|p1a: Strawberry Milk|Landorus-Therian, M|100\/100\n|-ability|p1a: Strawberry Milk|Intimidate|boost\n|-unboost|p2a: Amoonguss|atk|1\n|-enditem|p1a: Strawberry Milk|Electric Seed\n|-boost|p1a: Strawberry Milk|def|1|[from] item: Electric Seed\n|turn|5\n|\n|t:|1698956726\n|move|p1a: Strawberry Milk|Substitute|p1a: Strawberry Milk\n|-start|p1a: Strawberry Milk|Substitute\n|-damage|p1a: Strawberry Milk|76\/100\n|move|p2a: Amoonguss|Synthesis|p2a: Amoonguss\n|-heal|p2a: Amoonguss|100\/100\n|\n|upkeep\n|turn|6\n|\n|t:|1698956730\n|move|p1a: Strawberry Milk|Calm Mind|p1a: Strawberry Milk\n|-boost|p1a: Strawberry Milk|spa|1\n|-boost|p1a: Strawberry Milk|spd|1\n|move|p2a: Amoonguss|Giga Drain|p1a: Strawberry Milk\n|-activate|p1a: Strawberry Milk|move: Substitute|[damage]\n|\n|upkeep\n|turn|7\n|\n|t:|1698956753\n|switch|p2a: Toedscruel|Toedscruel, M|100\/100\n|-damage|p2a: Toedscruel|88\/100|[from] Spikes\n|move|p1a: Strawberry Milk|Calm Mind|p1a: Strawberry Milk\n|-boost|p1a: Strawberry Milk|spa|1\n|-boost|p1a: Strawberry Milk|spd|1\n|\n|upkeep\n|turn|8\n|\n|t:|1698956763\n|move|p2a: Toedscruel|Poltergeist||[still]\n|-fail|p2a: Toedscruel\n|move|p1a: Strawberry Milk|Calm Mind|p1a: Strawberry Milk\n|-boost|p1a: Strawberry Milk|spa|1\n|-boost|p1a: Strawberry Milk|spd|1\n|\n|-fieldend|move: Electric Terrain\n|upkeep\n|turn|9\n|\n|t:|1698956772\n|move|p2a: Toedscruel|Crunch|p1a: Strawberry Milk\n|-end|p1a: Strawberry Milk|Substitute\n|move|p1a: Strawberry Milk|Tera Blast|p2a: Toedscruel\n|-immune|p2a: Toedscruel\n|\n|upkeep\n|turn|10\n|\n|t:|1698956782\n|move|p2a: Toedscruel|Crunch|p1a: Strawberry Milk\n|-damage|p1a: Strawberry Milk|58\/100\n|-unboost|p1a: Strawberry Milk|def|1\n|move|p1a: Strawberry Milk|Earth Power|p2a: Toedscruel\n|-damage|p2a: Toedscruel|0 fnt\n|replace|p2a: Zoroark|Zoroark-Hisui, F\n|-end|p2a: Zoroark|Illusion\n|faint|p2a: Zoroark\n|\n|upkeep\n|\n|t:|1698956790\n|switch|p2a: Iron Jugulis|Iron Jugulis|100\/100\n|-enditem|p2a: Iron Jugulis|Booster Energy\n|-activate|p2a: Iron Jugulis|ability: Quark Drive|[fromitem]\n|-start|p2a: Iron Jugulis|quarkdrivespe\n|turn|11\n|\n|t:|1698956794\n|-terastallize|p2a: Iron Jugulis|Flying\n|move|p2a: Iron Jugulis|Acrobatics|p1a: Strawberry Milk\n|-damage|p1a: Strawberry Milk|4\/100\n|move|p1a: Strawberry Milk|Tera Blast|p2a: Iron Jugulis\n|-damage|p2a: Iron Jugulis|35\/100\n|\n|upkeep\n|turn|12\n|\n|t:|1698956803\n|move|p2a: Iron Jugulis|Knock Off|p1a: Strawberry Milk\n|-damage|p1a: Strawberry Milk|0 fnt\n|faint|p1a: Strawberry Milk\n|\n|upkeep\n|c|\u2606Dragon Master Rosa|my fucking goat\n|c|\u2606Dragon Master Rosa|iron goatulis\n|\n|t:|1698956816\n|switch|p1a: Wake Me Up|Pincurchin, F|100\/100\n|-fieldstart|move: Electric Terrain|[from] ability: Electric Surge|[of] p1a: Wake Me Up\n|turn|13\n|\n|t:|1698956822\n|move|p2a: Iron Jugulis|Taunt|p1a: Wake Me Up\n|-start|p1a: Wake Me Up|move: Taunt\n|cant|p1a: Wake Me Up|move: Taunt|Memento\n|\n|upkeep\n|turn|14\n|\n|t:|1698956832\n|move|p2a: Iron Jugulis|Work Up|p2a: Iron Jugulis\n|-boost|p2a: Iron Jugulis|atk|1\n|-boost|p2a: Iron Jugulis|spa|1\n|move|p1a: Wake Me Up|Thunderbolt|p2a: Iron Jugulis\n|-supereffective|p2a: Iron Jugulis\n|-damage|p2a: Iron Jugulis|0 fnt\n|faint|p2a: Iron Jugulis\n|-end|p2a: Iron Jugulis|Quark Drive|[silent]\n|\n|upkeep\n|\n|t:|1698956840\n|switch|p2a: Toedscruel|Toedscruel, M|100\/100\n|-damage|p2a: Toedscruel|88\/100|[from] Spikes\n|turn|15\n|\n|t:|1698956846\n|switch|p1a: Monster|Empoleon, M|100\/100\n|-enditem|p1a: Monster|Electric Seed\n|-boost|p1a: Monster|def|1|[from] item: Electric Seed\n|move|p2a: Toedscruel|Rapid Spin|p1a: Monster\n|-resisted|p1a: Monster\n|-damage|p1a: Monster|98\/100\n|-boost|p2a: Toedscruel|spe|1\n|-sideend|p2: Dragon Master Rosa|Spikes|[from] move: Rapid Spin|[of] p2a: Toedscruel\n|\n|-heal|p2a: Toedscruel|94\/100|[from] item: Leftovers\n|upkeep\n|turn|16\n|\n|t:|1698956859\n|move|p1a: Monster|Swords Dance|p1a: Monster\n|-boost|p1a: Monster|atk|2\n|move|p2a: Toedscruel|Leech Seed|p1a: Monster\n|-start|p1a: Monster|move: Leech Seed\n|\n|-heal|p2a: Toedscruel|99\/100|[from] item: Leftovers\n|-damage|p1a: Monster|85\/100|[from] Leech Seed|[of] p2a: Toedscruel\n|-heal|p2a: Toedscruel|100\/100|[silent]\n|upkeep\n|turn|17\n|\n|t:|1698956865\n|switch|p2a: Amoonguss|Amoonguss, M|100\/100\n|move|p1a: Monster|Agility|p1a: Monster\n|-boost|p1a: Monster|spe|2\n|\n|-damage|p1a: Monster|73\/100|[from] Leech Seed|[of] p2a: Amoonguss\n|-fieldend|move: Electric Terrain\n|upkeep\n|turn|18\n|\n|t:|1698956872\n|move|p1a: Monster|Power Trip|p2a: Amoonguss\n|-damage|p2a: Amoonguss|50\/100\n|-damage|p1a: Monster|56\/100|[from] item: Rocky Helmet|[of] p2a: Amoonguss\n|move|p2a: Amoonguss|Spore|p1a: Monster\n|-status|p1a: Monster|slp|[from] move: Spore\n|\n|-damage|p1a: Monster|44\/100 slp|[from] Leech Seed|[of] p2a: Amoonguss\n|-heal|p2a: Amoonguss|60\/100|[silent]\n|upkeep\n|turn|19\n|\n|t:|1698956881\n|switch|p1a: Nascar|Thundurus, M|100\/100\n|switch|p2a: Slowking|Slowking-Galar, L99, M|100\/100\n|\n|upkeep\n|turn|20\n|\n|t:|1698956886\n|switch|p1a: Wake Me Up|Pincurchin, F|100\/100\n|-fieldstart|move: Electric Terrain|[from] ability: Electric Surge|[of] p1a: Wake Me Up\n|move|p2a: Slowking|Toxic|p1a: Wake Me Up\n|-status|p1a: Wake Me Up|tox\n|\n|-damage|p1a: Wake Me Up|94\/100 tox|[from] psn\n|upkeep\n|turn|21\n|\n|t:|1698956889\n|move|p1a: Wake Me Up|Memento|p2a: Slowking\n|-unboost|p2a: Slowking|atk|2\n|-unboost|p2a: Slowking|spa|2\n|faint|p1a: Wake Me Up\n|move|p2a: Slowking|Chilly Reception|p2a: Slowking\n|-weather|Snow\n|\n|t:|1698956894\n|switch|p2a: Amoonguss|Amoonguss, M|93\/100|[from] Chilly Reception\n|\n|-weather|Snow|[upkeep]\n|upkeep\n|\n|t:|1698956896\n|switch|p1a: Sadness Overwhelms|Azelf|100\/100\n|-enditem|p1a: Sadness Overwhelms|Electric Seed\n|-boost|p1a: Sadness Overwhelms|def|1|[from] item: Electric Seed\n|turn|22\n|\n|t:|1698956911\n|move|p1a: Sadness Overwhelms|Calm Mind|p1a: Sadness Overwhelms\n|-boost|p1a: Sadness Overwhelms|spa|1\n|-boost|p1a: Sadness Overwhelms|spd|1\n|move|p2a: Amoonguss|Clear Smog|p1a: Sadness Overwhelms\n|-damage|p1a: Sadness Overwhelms|88\/100\n|-clearboost|p1a: Sadness Overwhelms\n|\n|-weather|Snow|[upkeep]\n|upkeep\n|turn|23\n|\n|t:|1698956918\n|move|p1a: Sadness Overwhelms|Substitute|p1a: Sadness Overwhelms\n|-start|p1a: Sadness Overwhelms|Substitute\n|-damage|p1a: Sadness Overwhelms|63\/100\n|move|p2a: Amoonguss|Giga Drain|p1a: Sadness Overwhelms\n|-end|p1a: Sadness Overwhelms|Substitute\n|-heal|p2a: Amoonguss|100\/100|[from] drain|[of] p1a: Sadness Overwhelms\n|\n|-weather|Snow|[upkeep]\n|upkeep\n|turn|24\n|\n|t:|1698956923\n|move|p1a: Sadness Overwhelms|Calm Mind|p1a: Sadness Overwhelms\n|-boost|p1a: Sadness Overwhelms|spa|1\n|-boost|p1a: Sadness Overwhelms|spd|1\n|move|p2a: Amoonguss|Giga Drain|p1a: Sadness Overwhelms\n|-damage|p1a: Sadness Overwhelms|43\/100\n|\n|-weather|Snow|[upkeep]\n|-fieldend|move: Electric Terrain\n|upkeep\n|turn|25\n|\n|t:|1698956924\n|move|p1a: Sadness Overwhelms|Substitute|p1a: Sadness Overwhelms\n|-start|p1a: Sadness Overwhelms|Substitute\n|-damage|p1a: Sadness Overwhelms|18\/100\n|move|p2a: Amoonguss|Clear Smog|p1a: Sadness Overwhelms\n|-activate|p1a: Sadness Overwhelms|move: Substitute|[damage]\n|\n|-weather|none\n|upkeep\n|turn|26\n|\n|t:|1698956927\n|move|p1a: Sadness Overwhelms|Calm Mind|p1a: Sadness Overwhelms\n|-boost|p1a: Sadness Overwhelms|spa|1\n|-boost|p1a: Sadness Overwhelms|spd|1\n|move|p2a: Amoonguss|Clear Smog|p1a: Sadness Overwhelms\n|-activate|p1a: Sadness Overwhelms|move: Substitute|[damage]\n|\n|upkeep\n|turn|27\n|\n|t:|1698956933\n|move|p1a: Sadness Overwhelms|Calm Mind|p1a: Sadness Overwhelms\n|-boost|p1a: Sadness Overwhelms|spa|1\n|-boost|p1a: Sadness Overwhelms|spd|1\n|move|p2a: Amoonguss|Giga Drain|p1a: Sadness Overwhelms\n|-end|p1a: Sadness Overwhelms|Substitute\n|\n|upkeep\n|turn|28\n|\n|t:|1698956940\n|move|p1a: Sadness Overwhelms|Stored Power|p2a: Amoonguss\n|-supereffective|p2a: Amoonguss\n|-damage|p2a: Amoonguss|0 fnt\n|faint|p2a: Amoonguss\n|\n|upkeep\n|\n|t:|1698956942\n|switch|p2a: Toedscruel|Toedscruel, M|100\/100\n|turn|29\n|\n|t:|1698956946\n|move|p1a: Sadness Overwhelms|Stored Power|p2a: Toedscruel\n|-damage|p2a: Toedscruel|7\/100\n|move|p2a: Toedscruel|Knock Off|p1a: Sadness Overwhelms\n|-supereffective|p1a: Sadness Overwhelms\n|-damage|p1a: Sadness Overwhelms|0 fnt\n|faint|p1a: Sadness Overwhelms\n|\n|-heal|p2a: Toedscruel|13\/100|[from] item: Leftovers\n|upkeep\n|\n|t:|1698956952\n|switch|p1a: Nascar|Thundurus, M|100\/100\n|turn|30\n|\n|t:|1698956960\n|move|p1a: Nascar|Acrobatics|p2a: Toedscruel\n|-supereffective|p2a: Toedscruel\n|-damage|p2a: Toedscruel|0 fnt\n|faint|p2a: Toedscruel\n|\n|upkeep\n|\n|t:|1698956962\n|switch|p2a: Slowking|Slowking-Galar, L99, M|100\/100\n|turn|31\n|\n|t:|1698956967\n|move|p1a: Nascar|Bulk Up|p1a: Nascar\n|-boost|p1a: Nascar|atk|1\n|-boost|p1a: Nascar|def|1\n|move|p2a: Slowking|Toxic|p1a: Nascar\n|-status|p1a: Nascar|tox\n|\n|-damage|p1a: Nascar|94\/100 tox|[from] psn\n|upkeep\n|turn|32\n|\n|t:|1698956975\n|move|p1a: Nascar|Wild Charge|p2a: Slowking\n|-damage|p2a: Slowking|53\/100\n|-damage|p1a: Nascar|79\/100 tox|[from] Recoil\n|move|p2a: Slowking|Foul Play|p1a: Nascar\n|-damage|p1a: Nascar|34\/100 tox\n|\n|-heal|p2a: Slowking|59\/100|[from] item: Leftovers\n|-damage|p1a: Nascar|22\/100 tox|[from] psn\n|upkeep\n|turn|33\n|\n|t:|1698956978\n|move|p1a: Nascar|Wild Charge|p2a: Slowking\n|-damage|p2a: Slowking|13\/100\n|-damage|p1a: Nascar|7\/100 tox|[from] Recoil\n|move|p2a: Slowking|Slack Off|p2a: Slowking\n|-heal|p2a: Slowking|63\/100\n|\n|-heal|p2a: Slowking|69\/100|[from] item: Leftovers\n|-damage|p1a: Nascar|0 fnt|[from] psn\n|faint|p1a: Nascar\n|upkeep\n|\n|t:|1698956980\n|switch|p1a: Monster|Empoleon, M|44\/100 slp\n|turn|34\n|\n|t:|1698956983\n|cant|p1a: Monster|slp\n|move|p2a: Slowking|Foul Play|p1a: Monster\n|-damage|p1a: Monster|23\/100 slp\n|\n|-heal|p2a: Slowking|75\/100|[from] item: Leftovers\n|upkeep\n|turn|35\n|\n|t:|1698956985\n|cant|p1a: Monster|slp\n|move|p2a: Slowking|Foul Play|p1a: Monster\n|-damage|p1a: Monster|1\/100 slp\n|\n|-heal|p2a: Slowking|81\/100|[from] item: Leftovers\n|upkeep\n|turn|36\n|\n|t:|1698956987\n|cant|p1a: Monster|slp\n|move|p2a: Slowking|Foul Play|p1a: Monster\n|-damage|p1a: Monster|0 fnt\n|faint|p1a: Monster\n|\n|win|Dragon Master Rosa\n|c|\u2606Dragon Master Rosa|IM SO GOATED\n|c|\u2606Dragon Master Rosa|HOLY SHIT\n|c|\u2606ouvt veti|I had roost...\n|c|\u2606Dragon Master Rosa|ggwp\n","uploadtime":1698957003,"views":9,"p1id":"ouvtveti","p2id":"dragonmasterrosa","formatid":"gen9ubers","rating":0,"private":0,"password":""}