{"id":"gen9ubers-1992816956","p1":"Raiozin","p2":"RandomTrashPerson","format":"[Gen 9] Ubers","log":"|j|\u2606Raiozin\n|j|\u2606RandomTrashPerson\n|t:|1700238000\n|gametype|singles\n|player|p1|Raiozin|gambler|1119\n|player|p2|RandomTrashPerson|n|1056\n|teamsize|p1|6\n|teamsize|p2|6\n|gen|9\n|tier|[Gen 9] Ubers\n|rated|\n|rule|Sleep Clause Mod: Limit one foe put to sleep\n|rule|Species Clause: Limit one of each Pok\u00e9mon\n|rule|OHKO Clause: OHKO moves are banned\n|rule|Evasion Items Clause: Evasion items are banned\n|rule|Evasion Moves Clause: Evasion moves are banned\n|rule|Endless Battle Clause: Forcing endless battles is banned\n|rule|HP Percentage Mod: HP is shown in percentages\n|clearpoke\n|poke|p1|Kommo-o, F|\n|poke|p1|Chien-Pao|\n|poke|p1|Basculegion, M|\n|poke|p1|Espathra, M|\n|poke|p1|Lucario, M|\n|poke|p1|Kyogre|\n|poke|p2|Skeledirge, F|\n|poke|p2|Toxapex, M|\n|poke|p2|Gliscor, M|\n|poke|p2|Zamazenta-*|\n|poke|p2|Iron Hands|\n|poke|p2|Glimmora, F|\n|teampreview\n|inactive|Battle timer is ON: inactive players will automatically lose when time's up. (requested by RandomTrashPerson)\n|\n|t:|1700238010\n|start\n|switch|p1a: Kyogre|Kyogre|100\/100\n|switch|p2a: Glimmora|Glimmora, F|100\/100\n|-weather|RainDance|[from] ability: Drizzle|[of] p1a: Kyogre\n|turn|1\n|\n|t:|1700238032\n|move|p1a: Kyogre|Ice Beam|p2a: Glimmora\n|-damage|p2a: Glimmora|64\/100\n|move|p2a: Glimmora|Mortal Spin|p1a: Kyogre\n|-damage|p1a: Kyogre|93\/100\n|-status|p1a: Kyogre|psn\n|\n|-weather|RainDance|[upkeep]\n|-damage|p1a: Kyogre|81\/100 psn|[from] psn\n|upkeep\n|turn|2\n|\n|t:|1700238048\n|switch|p1a: Chien-Pao|Chien-Pao|100\/100\n|-ability|p1a: Chien-Pao|Sword of Ruin\n|move|p2a: Glimmora|Spiky Shield||[still]\n|-fail|p2a: Glimmora\n|\n|-weather|RainDance|[upkeep]\n|upkeep\n|turn|3\n|\n|t:|1700238055\n|move|p1a: Chien-Pao|Sacred Sword|p2a: Glimmora\n|-damage|p2a: Glimmora|14\/100\n|-activate|p2a: Glimmora|ability: Toxic Debris\n|-sidestart|p1: Raiozin|move: Toxic Spikes\n|-damage|p1a: Chien-Pao|91\/100|[from] item: Life Orb\n|move|p2a: Glimmora|Stealth Rock|p1a: Chien-Pao\n|-sidestart|p1: Raiozin|move: Stealth Rock\n|\n|-weather|RainDance|[upkeep]\n|upkeep\n|turn|4\n|\n|t:|1700238067\n|move|p2a: Glimmora|Spiky Shield|p2a: Glimmora\n|-singleturn|p2a: Glimmora|move: Protect\n|move|p1a: Chien-Pao|Ice Shard|p2a: Glimmora\n|-activate|p2a: Glimmora|move: Protect\n|\n|-weather|RainDance|[upkeep]\n|upkeep\n|turn|5\n|\n|t:|1700238076\n|move|p1a: Chien-Pao|Crunch|p2a: Glimmora\n|-damage|p2a: Glimmora|0 fnt\n|-activate|p2a: Glimmora|ability: Toxic Debris\n|-sidestart|p1: Raiozin|move: Toxic Spikes\n|faint|p2a: Glimmora\n|-damage|p1a: Chien-Pao|81\/100|[from] item: Life Orb\n|\n|-weather|none\n|upkeep\n|\n|t:|1700238081\n|switch|p2a: Toxapex|Toxapex, M|100\/100\n|turn|6\n|\n|t:|1700238088\n|move|p1a: Chien-Pao|Crunch|p2a: Toxapex\n|-damage|p2a: Toxapex|48\/100\n|-damage|p1a: Chien-Pao|71\/100|[from] item: Life Orb\n|move|p2a: Toxapex|Toxic|p1a: Chien-Pao\n|-status|p1a: Chien-Pao|tox\n|\n|-heal|p2a: Toxapex|54\/100|[from] item: Leftovers\n|-damage|p1a: Chien-Pao|65\/100 tox|[from] psn\n|upkeep\n|turn|7\n|\n|t:|1700238100\n|move|p2a: Toxapex|Baneful Bunker|p2a: Toxapex\n|-singleturn|p2a: Toxapex|move: Protect\n|move|p1a: Chien-Pao|Crunch|p2a: Toxapex\n|-activate|p2a: Toxapex|move: Protect\n|\n|-heal|p2a: Toxapex|60\/100|[from] item: Leftovers\n|-damage|p1a: Chien-Pao|53\/100 tox|[from] psn\n|upkeep\n|turn|8\n|\n|t:|1700238109\n|move|p1a: Chien-Pao|Crunch|p2a: Toxapex\n|-crit|p2a: Toxapex\n|-damage|p2a: Toxapex|0 fnt\n|faint|p2a: Toxapex\n|-damage|p1a: Chien-Pao|43\/100 tox|[from] item: Life Orb\n|\n|-damage|p1a: Chien-Pao|25\/100 tox|[from] psn\n|upkeep\n|c|\u2606RandomTrashPerson|noooooooooooooo\n|\n|t:|1700238119\n|switch|p2a: Zamazenta|Zamazenta-Crowned|100\/100\n|-ability|p2a: Zamazenta|Dauntless Shield|boost\n|-boost|p2a: Zamazenta|def|1\n|turn|9\n|\n|t:|1700238135\n|move|p1a: Chien-Pao|Sacred Sword|p2a: Zamazenta\n|-supereffective|p2a: Zamazenta\n|-damage|p2a: Zamazenta|41\/100\n|-damage|p1a: Chien-Pao|15\/100 tox|[from] item: Life Orb\n|move|p2a: Zamazenta|Iron Defense|p2a: Zamazenta\n|-boost|p2a: Zamazenta|def|2\n|\n|-damage|p1a: Chien-Pao|0 fnt|[from] psn\n|faint|p1a: Chien-Pao\n|upkeep\n|\n|t:|1700238153\n|switch|p1a: Kyogre|Kyogre|81\/100 psn\n|-damage|p1a: Kyogre|69\/100 psn|[from] Stealth Rock\n|-weather|RainDance|[from] ability: Drizzle|[of] p1a: Kyogre\n|turn|10\n|\n|t:|1700238181\n|-terastallize|p1a: Kyogre|Ground\n|move|p1a: Kyogre|Tera Blast|p2a: Zamazenta|[anim] Tera Blast Ground\n|-supereffective|p2a: Zamazenta\n|-damage|p2a: Zamazenta|0 fnt\n|faint|p2a: Zamazenta\n|\n|-weather|RainDance|[upkeep]\n|-damage|p1a: Kyogre|57\/100 psn|[from] psn\n|upkeep\n|\n|t:|1700238185\n|switch|p2a: Gliscor|Gliscor, M|100\/100\n|turn|11\n|\n|t:|1700238196\n|switch|p1a: Basculegion|Basculegion, M|100\/100\n|-status|p1a: Basculegion|tox\n|-damage|p1a: Basculegion|88\/100 tox|[from] Stealth Rock\n|switch|p2a: Skeledirge|Skeledirge, F|100\/100\n|\n|-weather|RainDance|[upkeep]\n|-damage|p1a: Basculegion|82\/100 tox|[from] psn\n|upkeep\n|turn|12\n|\n|t:|1700238207\n|move|p1a: Basculegion|Liquidation|p2a: Skeledirge\n|-supereffective|p2a: Skeledirge\n|-damage|p2a: Skeledirge|0 fnt\n|faint|p2a: Skeledirge\n|\n|-weather|RainDance|[upkeep]\n|-damage|p1a: Basculegion|70\/100 tox|[from] psn\n|upkeep\n|-message|RandomTrashPerson forfeited.\n|\n|win|Raiozin\n|raw|Raiozin's rating: 1119 &rarr; <strong>1140<\/strong><br \/>(+21 for winning)\n|raw|RandomTrashPerson's rating: 1056 &rarr; <strong>1041<\/strong><br \/>(-15 for losing)\n|l|\u2606RandomTrashPerson\n","uploadtime":1700238219,"views":9,"p1id":"raiozin","p2id":"randomtrashperson","formatid":"gen9ubers","rating":1041,"private":0,"password":""}