{"id":"gen9ubers-1978564755","p1":"godiamsosorry","p2":"Dragon Master Rosa","format":"[Gen 9] Ubers","log":"|j|\u2606godiamsosorry\n|j|\u2606Dragon Master Rosa\n|t:|1698556876\n|gametype|singles\n|player|p1|godiamsosorry|scientistf|\n|player|p2|Dragon Master Rosa|rosa|\n|teamsize|p1|6\n|teamsize|p2|6\n|gen|9\n|tier|[Gen 9] Ubers\n|rule|Sleep Clause Mod: Limit one foe put to sleep\n|rule|Species Clause: Limit one of each Pok\u00e9mon\n|rule|OHKO Clause: OHKO moves are banned\n|rule|Evasion Items Clause: Evasion items are banned\n|rule|Evasion Moves Clause: Evasion moves are banned\n|rule|Endless Battle Clause: Forcing endless battles is banned\n|rule|HP Percentage Mod: HP is shown in percentages\n|clearpoke\n|poke|p1|Slowking-Galar, F|\n|poke|p1|Darkrai|\n|poke|p1|Medicham, F|\n|poke|p1|Eelektross, F|\n|poke|p1|Alomomola, M|\n|poke|p1|Decidueye, M|\n|poke|p2|Shaymin-Sky|\n|poke|p2|Landorus-Therian, M|\n|poke|p2|Palafin, M|\n|poke|p2|Slowking-Galar, M|\n|poke|p2|Toedscruel, F|\n|poke|p2|Empoleon, M|\n|teampreview\n|c|\u2606godiamsosorry|Can I assume you\u00b4re going zen headbutt lorb Skymin?\n|c|\u2606godiamsosorry|If so heat,,,\n|\n|t:|1698556906\n|start\n|switch|p1a: Alomomola|Alomomola, M|100\/100\n|switch|p2a: Palafin|Palafin, M|100\/100\n|turn|1\n|\n|t:|1698556919\n|detailschange|p2a: Palafin|Palafin-Hero, M\n|switch|p2a: Shaymin|Shaymin-Sky|100\/100\n|move|p1a: Alomomola|Whirlpool|p2a: Shaymin\n|-resisted|p2a: Shaymin\n|-damage|p2a: Shaymin|96\/100\n|-activate|p2a: Shaymin|move: Whirlpool|[of] p1a: Alomomola\n|\n|-damage|p2a: Shaymin|84\/100|[from] move: Whirlpool|[partiallytrapped]\n|upkeep\n|turn|2\n|\n|t:|1698556924\n|-terastallize|p2a: Shaymin|Grass\n|move|p2a: Shaymin|Seed Bomb|p1a: Alomomola\n|-supereffective|p1a: Alomomola\n|-damage|p1a: Alomomola|37\/100\n|-damage|p2a: Shaymin|74\/100|[from] item: Life Orb\n|move|p1a: Alomomola|Scald|p2a: Shaymin\n|-resisted|p2a: Shaymin\n|-damage|p2a: Shaymin|65\/100\n|\n|-damage|p2a: Shaymin|53\/100|[from] move: Whirlpool|[partiallytrapped]\n|upkeep\n|turn|3\n|\n|t:|1698556938\n|switch|p1a: Eelektross|Eelektross, F|100\/100\n|move|p2a: Shaymin|Swords Dance|p2a: Shaymin\n|-boost|p2a: Shaymin|atk|2\n|\n|-end|p2a: Shaymin|Whirlpool|[partiallytrapped]|[silent]\n|upkeep\n|turn|4\n|\n|t:|1698556943\n|move|p2a: Shaymin|Seed Bomb|p1a: Eelektross\n|-damage|p1a: Eelektross|0 fnt\n|faint|p1a: Eelektross\n|-damage|p2a: Shaymin|43\/100|[from] item: Life Orb\n|\n|upkeep\n|\n|t:|1698556953\n|switch|p1a: Decidueye|Decidueye, M|100\/100\n|turn|5\n|\n|t:|1698556958\n|move|p2a: Shaymin|Zen Headbutt|p1a: Decidueye\n|-damage|p1a: Decidueye|23\/100\n|-damage|p2a: Shaymin|33\/100|[from] item: Life Orb\n|move|p1a: Decidueye|Shadow Ball|p2a: Shaymin\n|-damage|p2a: Shaymin|0 fnt\n|faint|p2a: Shaymin\n|\n|upkeep\n|\n|t:|1698556971\n|switch|p2a: Palafin|Palafin-Hero, M|100\/100\n|-activate|p2a: Palafin|ability: Zero to Hero\n|turn|6\n|\n|t:|1698556978\n|switch|p1a: Slowking|Slowking-Galar, F|100\/100\n|move|p2a: Palafin|Surf|p1a: Slowking\n|-damage|p1a: Slowking|54\/100\n|\n|upkeep\n|turn|7\n|\n|t:|1698556982\n|move|p2a: Palafin|Surf|p1a: Slowking\n|-damage|p1a: Slowking|7\/100\n|move|p1a: Slowking|Thunder Wave|p2a: Palafin\n|-status|p2a: Palafin|par\n|\n|upkeep\n|turn|8\n|\n|t:|1698556986\n|switch|p1a: Alomomola|Alomomola, M|71\/100\n|cant|p2a: Palafin|par\n|\n|upkeep\n|turn|9\n|\n|t:|1698556999\n|switch|p2a: Toedscruel|Toedscruel, F|100\/100\n|move|p1a: Alomomola|Whirlpool|p2a: Toedscruel\n|-damage|p2a: Toedscruel|97\/100\n|-activate|p2a: Toedscruel|move: Whirlpool|[of] p1a: Alomomola\n|\n|-heal|p2a: Toedscruel|100\/100|[from] item: Leftovers\n|-damage|p2a: Toedscruel|88\/100|[from] move: Whirlpool|[partiallytrapped]\n|upkeep\n|turn|10\n|\n|t:|1698557003\n|move|p1a: Alomomola|Wish|p1a: Alomomola\n|move|p2a: Toedscruel|Leech Seed|p1a: Alomomola\n|-start|p1a: Alomomola|move: Leech Seed\n|\n|-heal|p2a: Toedscruel|94\/100|[from] item: Leftovers\n|-damage|p1a: Alomomola|58\/100|[from] Leech Seed|[of] p2a: Toedscruel\n|-heal|p2a: Toedscruel|100\/100|[silent]\n|-damage|p2a: Toedscruel|88\/100|[from] move: Whirlpool|[partiallytrapped]\n|upkeep\n|turn|11\n|\n|t:|1698557007\n|switch|p1a: Decidueye|Decidueye, M|23\/100\n|move|p2a: Toedscruel|Spikes|p1a: Decidueye\n|-sidestart|p1: godiamsosorry|Spikes\n|\n|-heal|p1a: Decidueye|98\/100|[from] move: Wish|[wisher] Alomomola\n|-heal|p2a: Toedscruel|94\/100|[from] item: Leftovers\n|-end|p2a: Toedscruel|Whirlpool|[partiallytrapped]|[silent]\n|upkeep\n|turn|12\n|\n|t:|1698557018\n|move|p2a: Toedscruel|Knock Off|p1a: Decidueye\n|-supereffective|p1a: Decidueye\n|-damage|p1a: Decidueye|54\/100\n|-enditem|p1a: Decidueye|Heavy-Duty Boots|[from] move: Knock Off|[of] p2a: Toedscruel\n|move|p1a: Decidueye|Defog|p2a: Toedscruel\n|-unboost|p2a: Toedscruel|evasion|1\n|-sideend|p1: godiamsosorry|Spikes|[from] move: Defog|[of] p1a: Decidueye\n|\n|-heal|p2a: Toedscruel|99\/100|[from] item: Leftovers\n|upkeep\n|turn|13\n|\n|t:|1698557022\n|switch|p1a: Medicham|Medicham, F|100\/100\n|move|p2a: Toedscruel|Spikes|p1a: Medicham\n|-sidestart|p1: godiamsosorry|Spikes\n|\n|-heal|p2a: Toedscruel|100\/100|[from] item: Leftovers\n|upkeep\n|turn|14\n|\n|t:|1698557032\n|switch|p2a: Slowking|Slowking-Galar, M|100\/100\n|move|p1a: Medicham|Close Combat|p2a: Slowking\n|-resisted|p2a: Slowking\n|-damage|p2a: Slowking|86\/100\n|-unboost|p1a: Medicham|def|1\n|-unboost|p1a: Medicham|spd|1\n|\n|upkeep\n|turn|15\n|\n|t:|1698557039\n|switch|p1a: Slowking|Slowking-Galar, F|40\/100\n|move|p2a: Slowking|Chilly Reception|p2a: Slowking\n|-weather|Snow\n|\n|t:|1698557041\n|switch|p2a: Landorus|Landorus-Therian, M|100\/100|[from] Chilly Reception\n|-ability|p2a: Landorus|Intimidate|boost\n|-unboost|p1a: Slowking|atk|1\n|\n|-weather|Snow|[upkeep]\n|upkeep\n|turn|16\n|\n|t:|1698557045\n|move|p2a: Landorus|Substitute|p2a: Landorus\n|-start|p2a: Landorus|Substitute\n|-damage|p2a: Landorus|76\/100\n|move|p1a: Slowking|Foul Play|p2a: Landorus\n|-activate|p2a: Landorus|move: Substitute|[damage]\n|\n|-weather|Snow|[upkeep]\n|-heal|p2a: Landorus|82\/100|[from] item: Leftovers\n|upkeep\n|turn|17\n|\n|t:|1698557052\n|move|p2a: Landorus|Nasty Plot|p2a: Landorus\n|-boost|p2a: Landorus|spa|2\n|move|p1a: Slowking|Foul Play|p2a: Landorus\n|-end|p2a: Landorus|Substitute\n|\n|-weather|Snow|[upkeep]\n|-heal|p2a: Landorus|88\/100|[from] item: Leftovers\n|upkeep\n|turn|18\n|\n|t:|1698557055\n|move|p2a: Landorus|Substitute|p2a: Landorus\n|-start|p2a: Landorus|Substitute\n|-damage|p2a: Landorus|63\/100\n|move|p1a: Slowking|Foul Play|p2a: Landorus\n|-activate|p2a: Landorus|move: Substitute|[damage]\n|\n|-weather|Snow|[upkeep]\n|-heal|p2a: Landorus|69\/100|[from] item: Leftovers\n|upkeep\n|turn|19\n|\n|t:|1698557059\n|move|p2a: Landorus|Earth Power|p1a: Slowking\n|-supereffective|p1a: Slowking\n|-damage|p1a: Slowking|0 fnt\n|faint|p1a: Slowking\n|\n|-weather|none\n|-heal|p2a: Landorus|75\/100|[from] item: Leftovers\n|upkeep\n|\n|t:|1698557061\n|switch|p1a: Darkrai|Darkrai|100\/100\n|-damage|p1a: Darkrai|88\/100|[from] Spikes\n|turn|20\n|\n|t:|1698557066\n|move|p1a: Darkrai|Knock Off|p2a: Landorus\n|-end|p2a: Landorus|Substitute\n|-damage|p1a: Darkrai|78\/100|[from] item: Life Orb\n|move|p2a: Landorus|Earth Power|p1a: Darkrai\n|-damage|p1a: Darkrai|0 fnt\n|faint|p1a: Darkrai\n|\n|-heal|p2a: Landorus|81\/100|[from] item: Leftovers\n|upkeep\n|\n|t:|1698557068\n|switch|p1a: Medicham|Medicham, F|100\/100\n|-damage|p1a: Medicham|88\/100|[from] Spikes\n|turn|21\n|\n|t:|1698557072\n|switch|p2a: Slowking|Slowking-Galar, M|100\/100\n|move|p1a: Medicham|Ice Punch|p2a: Slowking\n|-crit|p2a: Slowking\n|-damage|p2a: Slowking|65\/100\n|\n|upkeep\n|turn|22\n|\n|t:|1698557079\n|switch|p1a: Decidueye|Decidueye, M|54\/100\n|-damage|p1a: Decidueye|42\/100|[from] Spikes\n|move|p2a: Slowking|Chilly Reception|p2a: Slowking\n|-weather|Snow\n|\n|t:|1698557087\n|switch|p2a: Palafin|Palafin-Hero, M|100\/100 par|[from] Chilly Reception\n|\n|-weather|Snow|[upkeep]\n|upkeep\n|turn|23\n|\n|t:|1698557093\n|move|p1a: Decidueye|Roost|p1a: Decidueye\n|-heal|p1a: Decidueye|92\/100\n|-singleturn|p1a: Decidueye|move: Roost\n|move|p2a: Palafin|Draining Kiss|p1a: Decidueye\n|-damage|p1a: Decidueye|77\/100\n|\n|-weather|Snow|[upkeep]\n|upkeep\n|turn|24\n|\n|t:|1698557098\n|switch|p2a: Slowking|Slowking-Galar, M|98\/100\n|move|p1a: Decidueye|Giga Drain|p2a: Slowking\n|-resisted|p2a: Slowking\n|-damage|p2a: Slowking|89\/100\n|-heal|p1a: Decidueye|82\/100|[from] drain|[of] p2a: Slowking\n|\n|-weather|Snow|[upkeep]\n|upkeep\n|turn|25\n|l|\u2606godiamsosorry\n|player|p1|\n|j|\u2606godiamsosorry\n|player|p1|godiamsosorry|scientistf\n|c|\u2606godiamsosorry|Sorry wifi,,,\n|\n|t:|1698557125\n|move|p1a: Decidueye|Shadow Ball|p2a: Slowking\n|-supereffective|p2a: Slowking\n|-damage|p2a: Slowking|45\/100\n|-unboost|p2a: Slowking|spd|1\n|move|p2a: Slowking|Toxic|p1a: Decidueye\n|-status|p1a: Decidueye|tox\n|\n|-weather|Snow|[upkeep]\n|-damage|p1a: Decidueye|76\/100 tox|[from] psn\n|upkeep\n|turn|26\n|\n|t:|1698557131\n|switch|p2a: Toedscruel|Toedscruel, F|100\/100\n|move|p1a: Decidueye|Shadow Ball|p2a: Toedscruel\n|-damage|p2a: Toedscruel|85\/100\n|\n|-weather|none\n|-heal|p2a: Toedscruel|91\/100|[from] item: Leftovers\n|-damage|p1a: Decidueye|64\/100 tox|[from] psn\n|upkeep\n|turn|27\n|\n|t:|1698557139\n|switch|p1a: Alomomola|Alomomola, M|92\/100\n|move|p2a: Toedscruel|Knock Off|p1a: Alomomola\n|-damage|p1a: Alomomola|83\/100\n|-enditem|p1a: Alomomola|Heavy-Duty Boots|[from] move: Knock Off|[of] p2a: Toedscruel\n|\n|-heal|p2a: Toedscruel|97\/100|[from] item: Leftovers\n|upkeep\n|turn|28\n|\n|t:|1698557142\n|move|p1a: Alomomola|Whirlpool|p2a: Toedscruel\n|-damage|p2a: Toedscruel|93\/100\n|-activate|p2a: Toedscruel|move: Whirlpool|[of] p1a: Alomomola\n|move|p2a: Toedscruel|Leech Seed|p1a: Alomomola\n|-start|p1a: Alomomola|move: Leech Seed\n|\n|-heal|p2a: Toedscruel|99\/100|[from] item: Leftovers\n|-damage|p1a: Alomomola|71\/100|[from] Leech Seed|[of] p2a: Toedscruel\n|-heal|p2a: Toedscruel|100\/100|[silent]\n|-damage|p2a: Toedscruel|88\/100|[from] move: Whirlpool|[partiallytrapped]\n|upkeep\n|turn|29\n|\n|t:|1698557147\n|move|p2a: Toedscruel|Rapid Spin|p1a: Alomomola\n|-damage|p1a: Alomomola|66\/100\n|-boost|p2a: Toedscruel|spe|1\n|-end|p2a: Toedscruel|Whirlpool|[partiallytrapped]\n|move|p1a: Alomomola|Wish|p1a: Alomomola\n|\n|-heal|p2a: Toedscruel|94\/100|[from] item: Leftovers\n|-damage|p1a: Alomomola|54\/100|[from] Leech Seed|[of] p2a: Toedscruel\n|-heal|p2a: Toedscruel|100\/100|[silent]\n|upkeep\n|turn|30\n|c|\u2606godiamsosorry|Gg,,,\n|\n|t:|1698557169\n|switch|p1a: Decidueye|Decidueye, M|64\/100 tox\n|-damage|p1a: Decidueye|52\/100 tox|[from] Spikes\n|move|p2a: Toedscruel|Spikes|p1a: Decidueye\n|-sidestart|p1: godiamsosorry|Spikes\n|\n|-heal|p1a: Decidueye|100\/100 tox|[from] move: Wish|[wisher] Alomomola\n|-damage|p1a: Decidueye|94\/100 tox|[from] psn\n|upkeep\n|turn|31\n|c|\u2606godiamsosorry|I do not win this endgame I don\u00b4t think.\n|\n|t:|1698557183\n|move|p2a: Toedscruel|Knock Off|p1a: Decidueye\n|-supereffective|p1a: Decidueye\n|-damage|p1a: Decidueye|69\/100 tox\n|move|p1a: Decidueye|Defog|p2a: Toedscruel\n|-unboost|p2a: Toedscruel|evasion|1\n|-sideend|p1: godiamsosorry|Spikes|[from] move: Defog|[of] p1a: Decidueye\n|\n|-damage|p1a: Decidueye|57\/100 tox|[from] psn\n|upkeep\n|turn|32\n|\n|t:|1698557187\n|move|p2a: Toedscruel|Knock Off|p1a: Decidueye\n|-supereffective|p1a: Decidueye\n|-damage|p1a: Decidueye|32\/100 tox\n|move|p1a: Decidueye|Shadow Ball|p2a: Toedscruel\n|-damage|p2a: Toedscruel|84\/100\n|\n|-heal|p2a: Toedscruel|90\/100|[from] item: Leftovers\n|-damage|p1a: Decidueye|14\/100 tox|[from] psn\n|upkeep\n|turn|33\n|\n|t:|1698557192\n|move|p1a: Decidueye|Shadow Ball|p2a: Toedscruel\n|-damage|p2a: Toedscruel|72\/100\n|move|p2a: Toedscruel|Leech Seed|p1a: Decidueye\n|-immune|p1a: Decidueye\n|\n|-heal|p2a: Toedscruel|79\/100|[from] item: Leftovers\n|-damage|p1a: Decidueye|0 fnt|[from] psn\n|faint|p1a: Decidueye\n|upkeep\n|\n|t:|1698557195\n|switch|p1a: Medicham|Medicham, F|88\/100\n|turn|34\n|\n|t:|1698557200\n|switch|p2a: Empoleon|Empoleon, M|100\/100\n|move|p1a: Medicham|Psycho Cut|p2a: Empoleon\n|-resisted|p2a: Empoleon\n|-damage|p2a: Empoleon|79\/100\n|\n|-heal|p2a: Empoleon|85\/100|[from] item: Leftovers\n|upkeep\n|turn|35\n|c|\u2606godiamsosorry|Yeah gg,,,\n|\n|t:|1698557211\n|switch|p1a: Alomomola|Alomomola, M|87\/100\n|move|p2a: Empoleon|Flip Turn|p1a: Alomomola\n|-resisted|p1a: Alomomola\n|-damage|p1a: Alomomola|82\/100\n|\n|t:|1698557219\n|switch|p2a: Palafin|Palafin-Hero, M|100\/100 par|[from] Flip Turn\n|\n|upkeep\n|turn|36\n|\n|t:|1698557223\n|move|p1a: Alomomola|Whirlpool|p2a: Palafin|[miss]\n|-miss|p1a: Alomomola|p2a: Palafin\n|move|p2a: Palafin|Boomburst|p1a: Alomomola\n|-damage|p1a: Alomomola|10\/100\n|\n|upkeep\n|turn|37\n|\n|t:|1698557226\n|move|p1a: Alomomola|Whirlpool|p2a: Palafin|[miss]\n|-miss|p1a: Alomomola|p2a: Palafin\n|cant|p2a: Palafin|par\n|\n|upkeep\n|turn|38\n|\n|t:|1698557228\n|move|p1a: Alomomola|Whirlpool|p2a: Palafin\n|-resisted|p2a: Palafin\n|-damage|p2a: Palafin|97\/100 par\n|-activate|p2a: Palafin|move: Whirlpool|[of] p1a: Alomomola\n|move|p2a: Palafin|Boomburst|p1a: Alomomola\n|-damage|p1a: Alomomola|0 fnt\n|faint|p1a: Alomomola\n|\n|-end|p2a: Palafin|Whirlpool|[partiallytrapped]|[silent]\n|upkeep\n|\n|t:|1698557231\n|switch|p1a: Medicham|Medicham, F|88\/100\n|turn|39\n|\n|t:|1698557239\n|-terastallize|p1a: Medicham|Fighting\n|move|p1a: Medicham|Close Combat|p2a: Palafin\n|-damage|p2a: Palafin|0 fnt\n|-unboost|p1a: Medicham|def|1\n|-unboost|p1a: Medicham|spd|1\n|faint|p2a: Palafin\n|\n|upkeep\n|\n|t:|1698557242\n|switch|p2a: Landorus|Landorus-Therian, M|81\/100\n|-ability|p2a: Landorus|Intimidate|boost\n|-unboost|p1a: Medicham|atk|1\n|turn|40\n|\n|t:|1698557245\n|switch|p2a: Empoleon|Empoleon, M|85\/100\n|move|p1a: Medicham|Close Combat|p2a: Empoleon\n|-supereffective|p2a: Empoleon\n|-damage|p2a: Empoleon|0 fnt\n|-unboost|p1a: Medicham|def|1\n|-unboost|p1a: Medicham|spd|1\n|faint|p2a: Empoleon\n|\n|upkeep\n|\n|t:|1698557247\n|switch|p2a: Landorus|Landorus-Therian, M|81\/100\n|-ability|p2a: Landorus|Intimidate|boost\n|-unboost|p1a: Medicham|atk|1\n|turn|41\n|\n|t:|1698557252\n|switch|p2a: Slowking|Slowking-Galar, M|78\/100\n|move|p1a: Medicham|Close Combat|p2a: Slowking\n|-resisted|p2a: Slowking\n|-damage|p2a: Slowking|68\/100\n|-unboost|p1a: Medicham|def|1\n|-unboost|p1a: Medicham|spd|1\n|\n|upkeep\n|turn|42\n|c|\u2606godiamsosorry|Crit incoming...\n|\n|t:|1698557257\n|move|p1a: Medicham|Close Combat|p2a: Slowking\n|-resisted|p2a: Slowking\n|-damage|p2a: Slowking|59\/100\n|-unboost|p1a: Medicham|def|1\n|-unboost|p1a: Medicham|spd|1\n|move|p2a: Slowking|Toxic|p1a: Medicham\n|-status|p1a: Medicham|tox\n|\n|-damage|p1a: Medicham|82\/100 tox|[from] psn\n|upkeep\n|turn|43\n|\n|t:|1698557262\n|move|p1a: Medicham|Close Combat|p2a: Slowking\n|-resisted|p2a: Slowking\n|-damage|p2a: Slowking|50\/100\n|-unboost|p1a: Medicham|def|1\n|-unboost|p1a: Medicham|spd|1\n|move|p2a: Slowking|Chilly Reception|p2a: Slowking\n|-weather|Snow\n|\n|t:|1698557264\n|switch|p2a: Landorus|Landorus-Therian, M|81\/100|[from] Chilly Reception\n|-ability|p2a: Landorus|Intimidate|boost\n|-unboost|p1a: Medicham|atk|1\n|\n|-weather|Snow|[upkeep]\n|-heal|p2a: Landorus|87\/100|[from] item: Leftovers\n|-damage|p1a: Medicham|70\/100 tox|[from] psn\n|upkeep\n|turn|44\n|\n|t:|1698557266\n|move|p1a: Medicham|Close Combat|p2a: Landorus\n|-resisted|p2a: Landorus\n|-damage|p2a: Landorus|68\/100\n|-unboost|p1a: Medicham|def|1\n|-unboost|p1a: Medicham|spd|1\n|move|p2a: Landorus|Earth Power|p1a: Medicham\n|-damage|p1a: Medicham|0 fnt\n|faint|p1a: Medicham\n|\n|win|Dragon Master Rosa\n|c|\u2606godiamsosorry|Gg!\n","uploadtime":1698557273,"views":14,"p1id":"godiamsosorry","p2id":"dragonmasterrosa","formatid":"gen9ubers","rating":0,"private":0,"password":""}