{"id":"gen9ubers-1990830856","p1":"GordonH40","p2":"Turtleboys","format":"[Gen 9] Ubers","log":"|j|\u2606GordonH40\n|j|\u2606Turtleboys\n|t:|1700005306\n|gametype|singles\n|player|p1|GordonH40|workerice|\n|player|p2|Turtleboys|firebreather|\n|teamsize|p1|6\n|teamsize|p2|6\n|gen|9\n|tier|[Gen 9] Ubers\n|rule|Sleep Clause Mod: Limit one foe put to sleep\n|rule|Species Clause: Limit one of each Pok\u00e9mon\n|rule|OHKO Clause: OHKO moves are banned\n|rule|Evasion Items Clause: Evasion items are banned\n|rule|Evasion Moves Clause: Evasion moves are banned\n|rule|Endless Battle Clause: Forcing endless battles is banned\n|rule|HP Percentage Mod: HP is shown in percentages\n|clearpoke\n|poke|p1|Ting-Lu|\n|poke|p1|Ninetales-Alola, M|\n|poke|p1|Dragapult, F|\n|poke|p1|Corviknight, M|\n|poke|p1|Zapdos-Galar|\n|poke|p1|Ogerpon-Wellspring, F|\n|poke|p2|Ribombee, M|\n|poke|p2|Ditto|\n|poke|p2|Quaquaval, M|\n|poke|p2|Cloyster, M|\n|poke|p2|Iron Bundle|\n|poke|p2|Blissey, F|\n|teampreview\n|inactive|Battle timer is ON: inactive players will automatically lose when time's up. (requested by GordonH40)\n|\n|t:|1700005326\n|start\n|switch|p1a: Zapdos|Zapdos-Galar|100\/100\n|switch|p2a: Ribombee|Ribombee, M|100\/100\n|turn|1\n|\n|t:|1700005333\n|move|p2a: Ribombee|Sticky Web|p1a: Zapdos\n|-sidestart|p1: GordonH40|move: Sticky Web\n|move|p1a: Zapdos|U-turn|p2a: Ribombee\n|-resisted|p2a: Ribombee\n|-damage|p2a: Ribombee|74\/100\n|\n|t:|1700005337\n|switch|p1a: Corviknight|Corviknight, M|100\/100|[from] U-turn\n|-ability|p1a: Corviknight|Pressure\n|\n|upkeep\n|turn|2\n|\n|t:|1700005346\n|move|p2a: Ribombee|U-turn|p1a: Corviknight\n|-resisted|p1a: Corviknight\n|-damage|p1a: Corviknight|98\/100\n|\n|t:|1700005352\n|switch|p2a: Blissey|Blissey, F|100\/100|[from] U-turn\n|move|p1a: Corviknight|Iron Head|p2a: Blissey\n|-damage|p2a: Blissey|78\/100\n|\n|-heal|p1a: Corviknight|100\/100|[from] item: Leftovers\n|-heal|p2a: Blissey|84\/100|[from] item: Leftovers\n|upkeep\n|turn|3\n|\n|t:|1700005361\n|move|p1a: Corviknight|Defog|p2a: Blissey\n|-unboost|p2a: Blissey|evasion|1\n|-sideend|p1: GordonH40|Sticky Web|[from] move: Defog|[of] p1a: Corviknight\n|move|p2a: Blissey|Thunder Wave|p1a: Corviknight\n|-status|p1a: Corviknight|par\n|\n|-heal|p2a: Blissey|91\/100|[from] item: Leftovers\n|upkeep\n|turn|4\n|\n|t:|1700005386\n|switch|p2a: Cloyster|Cloyster, M|100\/100\n|switch|p1a: Ting-Lu|Ting-Lu|100\/100\n|-ability|p1a: Ting-Lu|Vessel of Ruin\n|\n|upkeep\n|turn|5\n|\n|t:|1700005394\n|switch|p1a: Ninetales|Ninetales-Alola, M|100\/100\n|-weather|Snow|[from] ability: Snow Warning|[of] p1a: Ninetales\n|move|p2a: Cloyster|Icicle Spear|p1a: Ninetales\n|-resisted|p1a: Ninetales\n|-damage|p1a: Ninetales|96\/100\n|-resisted|p1a: Ninetales\n|-damage|p1a: Ninetales|92\/100\n|-resisted|p1a: Ninetales\n|-damage|p1a: Ninetales|87\/100\n|-resisted|p1a: Ninetales\n|-damage|p1a: Ninetales|83\/100\n|-resisted|p1a: Ninetales\n|-damage|p1a: Ninetales|78\/100\n|-hitcount|p1a: Ninetales|5\n|\n|-weather|Snow|[upkeep]\n|upkeep\n|turn|6\n|\n|t:|1700005408\n|move|p1a: Ninetales|Aurora Veil|p1a: Ninetales\n|-sidestart|p1: GordonH40|move: Aurora Veil\n|move|p2a: Cloyster|Shell Smash|p2a: Cloyster\n|-unboost|p2a: Cloyster|def|1\n|-unboost|p2a: Cloyster|spd|1\n|-boost|p2a: Cloyster|atk|2\n|-boost|p2a: Cloyster|spa|2\n|-boost|p2a: Cloyster|spe|2\n|-enditem|p2a: Cloyster|White Herb\n|-clearnegativeboost|p2a: Cloyster|[silent]\n|\n|-weather|Snow|[upkeep]\n|upkeep\n|turn|7\n|\n|t:|1700005417\n|move|p2a: Cloyster|Shell Smash|p2a: Cloyster\n|-unboost|p2a: Cloyster|def|1\n|-unboost|p2a: Cloyster|spd|1\n|-boost|p2a: Cloyster|atk|2\n|-boost|p2a: Cloyster|spa|2\n|-boost|p2a: Cloyster|spe|2\n|move|p1a: Ninetales|Freeze-Dry|p2a: Cloyster\n|-damage|p2a: Cloyster|15\/100\n|\n|-weather|Snow|[upkeep]\n|upkeep\n|turn|8\n|\n|t:|1700005428\n|move|p2a: Cloyster|Rock Blast|p1a: Ninetales\n|-supereffective|p1a: Ninetales\n|-damage|p1a: Ninetales|62\/100\n|-supereffective|p1a: Ninetales\n|-damage|p1a: Ninetales|45\/100\n|-supereffective|p1a: Ninetales\n|-damage|p1a: Ninetales|26\/100\n|-supereffective|p1a: Ninetales\n|-damage|p1a: Ninetales|6\/100\n|-supereffective|p1a: Ninetales\n|-damage|p1a: Ninetales|0 fnt\n|faint|p1a: Ninetales\n|-hitcount|p1: Ninetales|5\n|\n|-weather|Snow|[upkeep]\n|upkeep\n|\n|t:|1700005435\n|switch|p1a: Corviknight|Corviknight, M|100\/100 par\n|-ability|p1a: Corviknight|Pressure\n|turn|9\n|\n|t:|1700005443\n|move|p2a: Cloyster|Icicle Spear|p1a: Corviknight\n|-damage|p1a: Corviknight|91\/100 par\n|-damage|p1a: Corviknight|80\/100 par\n|-crit|p1a: Corviknight\n|-damage|p1a: Corviknight|50\/100 par\n|-damage|p1a: Corviknight|40\/100 par\n|-damage|p1a: Corviknight|31\/100 par\n|-hitcount|p1a: Corviknight|5\n|move|p1a: Corviknight|Iron Head|p2a: Cloyster\n|-damage|p2a: Cloyster|0 fnt\n|faint|p2a: Cloyster\n|\n|-weather|none\n|-heal|p1a: Corviknight|37\/100 par|[from] item: Leftovers\n|upkeep\n|\n|t:|1700005456\n|switch|p2a: Quaquaval|Quaquaval, M|100\/100\n|turn|10\n|\n|t:|1700005464\n|switch|p1a: Ting-Lu|Ting-Lu|100\/100\n|-ability|p1a: Ting-Lu|Vessel of Ruin\n|move|p2a: Quaquaval|Aqua Step|p1a: Ting-Lu\n|-supereffective|p1a: Ting-Lu\n|-damage|p1a: Ting-Lu|74\/100\n|-boost|p2a: Quaquaval|spe|1\n|-damage|p2a: Quaquaval|91\/100|[from] item: Life Orb\n|\n|-heal|p1a: Ting-Lu|80\/100|[from] item: Leftovers\n|upkeep\n|turn|11\n|\n|t:|1700005474\n|move|p2a: Quaquaval|Aqua Step|p1a: Ting-Lu\n|-supereffective|p1a: Ting-Lu\n|-damage|p1a: Ting-Lu|50\/100\n|-boost|p2a: Quaquaval|spe|1\n|-damage|p2a: Quaquaval|81\/100|[from] item: Life Orb\n|move|p1a: Ting-Lu|Whirlwind|p2a: Quaquaval\n|drag|p2a: Ribombee|Ribombee, M|74\/100\n|\n|-heal|p1a: Ting-Lu|56\/100|[from] item: Leftovers\n|upkeep\n|turn|12\n|\n|t:|1700005491\n|switch|p1a: Ogerpon|Ogerpon-Wellspring, F|100\/100\n|move|p2a: Ribombee|Sticky Web|p1a: Ogerpon\n|-sidestart|p1: GordonH40|move: Sticky Web\n|\n|upkeep\n|turn|13\n|\n|t:|1700005497\n|move|p1a: Ogerpon|Swords Dance|p1a: Ogerpon\n|-boost|p1a: Ogerpon|atk|2\n|move|p2a: Ribombee|Draining Kiss|p1a: Ogerpon\n|-damage|p1a: Ogerpon|91\/100\n|-heal|p2a: Ribombee|82\/100|[from] drain|[of] p1a: Ogerpon\n|\n|-sideend|p1: GordonH40|move: Aurora Veil\n|upkeep\n|turn|14\n|\n|t:|1700005505\n|move|p1a: Ogerpon|Trailblaze|p2a: Ribombee\n|-resisted|p2a: Ribombee\n|-damage|p2a: Ribombee|33\/100\n|-boost|p1a: Ogerpon|spe|1\n|move|p2a: Ribombee|Bug Buzz|p1a: Ogerpon\n|-supereffective|p1a: Ogerpon\n|-damage|p1a: Ogerpon|27\/100\n|-unboost|p1a: Ogerpon|spd|1\n|\n|upkeep\n|turn|15\n|\n|t:|1700005515\n|move|p1a: Ogerpon|Trailblaze|p2a: Ribombee\n|-resisted|p2a: Ribombee\n|-damage|p2a: Ribombee|0 fnt\n|-boost|p1a: Ogerpon|spe|1\n|faint|p2a: Ribombee\n|\n|upkeep\n|\n|t:|1700005517\n|switch|p2a: Iron Bundle|Iron Bundle|100\/100\n|-enditem|p2a: Iron Bundle|Booster Energy\n|-activate|p2a: Iron Bundle|ability: Quark Drive|[fromitem]\n|-start|p2a: Iron Bundle|quarkdrivespe\n|turn|16\n|\n|t:|1700005530\n|move|p1a: Ogerpon|Brick Break|p2a: Iron Bundle\n|-supereffective|p2a: Iron Bundle\n|-damage|p2a: Iron Bundle|0 fnt\n|faint|p2a: Iron Bundle\n|-end|p2a: Iron Bundle|Quark Drive|[silent]\n|\n|upkeep\n|c|\u2606Turtleboys|me when i missed something in teambuilder\n|c|\u2606Turtleboys|no ice shard\n|\n|t:|1700005547\n|switch|p2a: Ditto|Ditto|100\/100\n|-transform|p2a: Ditto|p1a: Ogerpon|[from] ability: Imposter\n|turn|17\n|c|\u2606GordonH40|good priority moves are lame\n|inactive|Turtleboys has 270 seconds left.\n|inactive|GordonH40 has 270 seconds left.\n|\n|t:|1700005599\n|move|p2a: Ditto|Trailblaze|p1a: Ogerpon\n|-damage|p1a: Ogerpon|0 fnt\n|-boost|p2a: Ditto|spe|1\n|faint|p1a: Ogerpon\n|\n|upkeep\n|\n|t:|1700005613\n|switch|p1a: Zapdos|Zapdos-Galar|100\/100\n|turn|18\n|\n|t:|1700005619\n|move|p2a: Ditto|Trailblaze|p1a: Zapdos\n|-resisted|p1a: Zapdos\n|-damage|p1a: Zapdos|70\/100\n|-boost|p2a: Ditto|spe|1\n|move|p1a: Zapdos|Brave Bird|p2a: Ditto\n|-supereffective|p2a: Ditto\n|-damage|p2a: Ditto|0 fnt\n|faint|p2a: Ditto\n|-damage|p1a: Zapdos|39\/100|[from] Recoil\n|\n|upkeep\n|\n|t:|1700005627\n|switch|p2a: Quaquaval|Quaquaval, M|81\/100\n|turn|19\n|c|\u2606Turtleboys|one sec\n|inactive|Turtleboys has 270 seconds left.\n|inactive|GordonH40 has 240 seconds left.\n|l|\u2606GordonH40\n|inactive|GordonH40 disconnected and has 300 seconds to reconnect!\n|player|p1|\n|j|\u2606GordonH40\n|inactive|GordonH40 reconnected and has 240 seconds left.\n|player|p1|GordonH40|workerice\n|inactive|Turtleboys has 240 seconds left.\n|inactive|Turtleboys has 210 seconds left.\n|inactive|GordonH40 has 210 seconds left.\n|\n|t:|1700005739\n|move|p1a: Zapdos|Brave Bird|p2a: Quaquaval\n|-supereffective|p2a: Quaquaval\n|-damage|p2a: Quaquaval|0 fnt\n|faint|p2a: Quaquaval\n|-damage|p1a: Zapdos|14\/100|[from] Recoil\n|\n|upkeep\n|\n|t:|1700005744\n|switch|p2a: Blissey|Blissey, F|91\/100\n|turn|20\n|\n|t:|1700005754\n|switch|p1a: Corviknight|Corviknight, M|37\/100 par\n|-ability|p1a: Corviknight|Pressure\n|move|p2a: Blissey|Seismic Toss|p1a: Corviknight\n|-damage|p1a: Corviknight|12\/100 par\n|\n|-heal|p2a: Blissey|97\/100|[from] item: Leftovers\n|-heal|p1a: Corviknight|18\/100 par|[from] item: Leftovers\n|upkeep\n|turn|21\n|inactive|GordonH40 has 180 seconds left.\n|\n|t:|1700005780\n|move|p2a: Blissey|Seismic Toss|p1a: Corviknight\n|-damage|p1a: Corviknight|0 fnt\n|faint|p1a: Corviknight\n|\n|-heal|p2a: Blissey|100\/100|[from] item: Leftovers\n|upkeep\n|inactive|GordonH40 has 180 seconds left.\n|\n|t:|1700005787\n|switch|p1a: Zapdos|Zapdos-Galar|14\/100\n|turn|22\n|\n|t:|1700005793\n|move|p1a: Zapdos|Close Combat|p2a: Blissey\n|-supereffective|p2a: Blissey\n|-damage|p2a: Blissey|0 fnt\n|-unboost|p1a: Zapdos|def|1\n|-unboost|p1a: Zapdos|spd|1\n|faint|p2a: Blissey\n|\n|win|GordonH40\n|c|\u2606Turtleboys|gg\n|c|\u2606GordonH40|gg\n","uploadtime":1700005801,"views":13,"p1id":"gordonh40","p2id":"turtleboys","formatid":"gen9ubers","rating":0,"private":0,"password":""}