{"id":"gen9ubers-1990233634","p1":"1P1o1s1h1e1","p2":"Steven Stone 007","format":"[Gen 9] Ubers","log":"|j|\u26061P1o1s1h1e1\n|j|\u2606Steven Stone 007\n|t:|1699941629\n|gametype|singles\n|player|p1|1P1o1s1h1e1|170|\n|player|p2|Steven Stone 007|steven|\n|teamsize|p1|6\n|teamsize|p2|6\n|gen|9\n|tier|[Gen 9] Ubers\n|rule|Sleep Clause Mod: Limit one foe put to sleep\n|rule|Species Clause: Limit one of each Pok\u00e9mon\n|rule|OHKO Clause: OHKO moves are banned\n|rule|Evasion Items Clause: Evasion items are banned\n|rule|Evasion Moves Clause: Evasion moves are banned\n|rule|Endless Battle Clause: Forcing endless battles is banned\n|rule|HP Percentage Mod: HP is shown in percentages\n|clearpoke\n|poke|p1|Slowking-Galar, F|\n|poke|p1|Blissey, F|\n|poke|p1|Cyclizar, M|\n|poke|p1|Quagsire, M|\n|poke|p1|Gholdengo|\n|poke|p1|Tyranitar, M|\n|poke|p2|Ninetales-Alola, M|\n|poke|p2|Baxcalibur, M|\n|poke|p2|Cyclizar, F|\n|poke|p2|Magearna|\n|poke|p2|Zacian-*|\n|poke|p2|Arceus-Poison|\n|teampreview\n|\n|t:|1699941697\n|start\n|switch|p1a: Slowking|Slowking-Galar, F|100\/100\n|switch|p2a: Cyclizar|Cyclizar, F|100\/100\n|turn|1\n|\n|t:|1699941706\n|move|p2a: Cyclizar|U-turn|p1a: Slowking\n|-damage|p1a: Slowking|91\/100\n|-damage|p2a: Cyclizar|84\/100|[from] item: Rocky Helmet|[of] p1a: Slowking\n|\n|t:|1699941711\n|switch|p2a: Magearna|Magearna|100\/100|[from] U-turn\n|move|p1a: Slowking|Sludge Bomb|p2a: Magearna\n|-immune|p2a: Magearna\n|\n|upkeep\n|turn|2\n|\n|t:|1699941721\n|switch|p1a: Blissey|Blissey, F|100\/100\n|move|p2a: Magearna|Spikes|p1a: Blissey\n|-sidestart|p1: 1P1o1s1h1e1|Spikes\n|\n|upkeep\n|turn|3\n|\n|t:|1699941729\n|move|p2a: Magearna|Spikes|p1a: Blissey\n|-sidestart|p1: 1P1o1s1h1e1|Spikes\n|move|p1a: Blissey|Seismic Toss|p2a: Magearna\n|-damage|p2a: Magearna|73\/100\n|\n|-heal|p2a: Magearna|79\/100|[from] item: Leftovers\n|upkeep\n|turn|4\n|c|\u2606Steven Stone 007|u did not havwe hazard remover\n|\n|t:|1699941742\n|move|p2a: Magearna|Spikes|p1a: Blissey\n|-sidestart|p1: 1P1o1s1h1e1|Spikes\n|move|p1a: Blissey|Seismic Toss|p2a: Magearna\n|-damage|p2a: Magearna|52\/100\n|\n|-heal|p2a: Magearna|58\/100|[from] item: Leftovers\n|upkeep\n|turn|5\n|c|\u2606Steven Stone 007|excpet lizard\n|\n|t:|1699941755\n|switch|p2a: Cyclizar|Cyclizar, F|100\/100\n|move|p1a: Blissey|Seismic Toss|p2a: Cyclizar\n|-damage|p2a: Cyclizar|71\/100\n|\n|upkeep\n|turn|6\n|\n|t:|1699941762\n|move|p2a: Cyclizar|Shed Tail|p2a: Cyclizar\n|-start|p2a: Cyclizar|Substitute|[from] move: Shed Tail\n|-damage|p2a: Cyclizar|21\/100\n|\n|t:|1699941764\n|switch|p2a: Zacian|Zacian|100\/100|[from] Shed Tail\n|-ability|p2a: Zacian|Intrepid Sword|boost\n|-boost|p2a: Zacian|atk|1\n|move|p1a: Blissey|Seismic Toss|p2a: Zacian\n|-end|p2a: Zacian|Substitute\n|\n|upkeep\n|turn|7\n|\n|t:|1699941772\n|switch|p1a: Quagsire|Quagsire, M|100\/100\n|move|p2a: Zacian|Swords Dance|p2a: Zacian\n|-boost|p2a: Zacian|atk|2\n|\n|upkeep\n|turn|8\n|\n|t:|1699941778\n|-terastallize|p2a: Zacian|Grass\n|move|p2a: Zacian|Tera Blast|p1a: Quagsire|[anim] Tera Blast Grass\n|-supereffective|p1a: Quagsire\n|-damage|p1a: Quagsire|0 fnt\n|faint|p1a: Quagsire\n|\n|upkeep\n|\n|t:|1699941786\n|switch|p1a: Slowking|Slowking-Galar, F|100\/100\n|-damage|p1a: Slowking|76\/100|[from] Spikes\n|turn|9\n|\n|t:|1699941795\n|move|p2a: Zacian|Tera Blast|p1a: Slowking|[anim] Tera Blast Grass\n|-resisted|p1a: Slowking\n|-damage|p1a: Slowking|39\/100\n|move|p1a: Slowking|Toxic Spikes|p2a: Zacian\n|-sidestart|p2: Steven Stone 007|move: Toxic Spikes\n|\n|upkeep\n|turn|10\n|\n|t:|1699941802\n|move|p2a: Zacian|Tera Blast|p1a: Slowking|[anim] Tera Blast Grass\n|-resisted|p1a: Slowking\n|-damage|p1a: Slowking|1\/100\n|move|p1a: Slowking|Slack Off|p1a: Slowking\n|-heal|p1a: Slowking|51\/100\n|\n|upkeep\n|turn|11\n|\n|t:|1699941806\n|move|p2a: Zacian|Swords Dance|p2a: Zacian\n|-boost|p2a: Zacian|atk|2\n|move|p1a: Slowking|Sludge Bomb|p2a: Zacian\n|-supereffective|p2a: Zacian\n|-damage|p2a: Zacian|33\/100\n|\n|upkeep\n|turn|12\n|\n|t:|1699941830\n|switch|p1a: Tyranitar|Tyranitar, M|100\/100\n|-damage|p1a: Tyranitar|75\/100|[from] Spikes\n|-weather|Sandstorm|[from] ability: Sand Stream|[of] p1a: Tyranitar\n|move|p2a: Zacian|Tera Blast|p1a: Tyranitar|[anim] Tera Blast Grass\n|-supereffective|p1a: Tyranitar\n|-damage|p1a: Tyranitar|0 fnt\n|faint|p1a: Tyranitar\n|\n|-weather|Sandstorm|[upkeep]\n|-damage|p2a: Zacian|27\/100|[from] Sandstorm\n|upkeep\n|\n|t:|1699941881\n|switch|p1a: Gholdengo|Gholdengo|100\/100\n|-damage|p1a: Gholdengo|76\/100|[from] Spikes\n|turn|13\n|\n|t:|1699941901\n|move|p2a: Zacian|Play Rough|p1a: Gholdengo\n|-resisted|p1a: Gholdengo\n|-damage|p1a: Gholdengo|0 fnt\n|faint|p1a: Gholdengo\n|\n|-weather|Sandstorm|[upkeep]\n|-damage|p2a: Zacian|21\/100|[from] Sandstorm\n|upkeep\n|\n|t:|1699941907\n|switch|p1a: Slowking|Slowking-Galar, F|84\/100\n|-damage|p1a: Slowking|59\/100|[from] Spikes\n|turn|14\n|\n|t:|1699941912\n|move|p2a: Zacian|Tera Blast|p1a: Slowking|[anim] Tera Blast Grass\n|-resisted|p1a: Slowking\n|-damage|p1a: Slowking|12\/100\n|move|p1a: Slowking|Sludge Bomb|p2a: Zacian\n|-supereffective|p2a: Zacian\n|-damage|p2a: Zacian|0 fnt\n|faint|p2a: Zacian\n|\n|-weather|Sandstorm|[upkeep]\n|-damage|p1a: Slowking|6\/100|[from] Sandstorm\n|upkeep\n|\n|t:|1699941918\n|switch|p2a: Cyclizar|Cyclizar, F|55\/100\n|-status|p2a: Cyclizar|psn\n|turn|15\n|\n|t:|1699941925\n|switch|p1a: Cyclizar|Cyclizar, M|100\/100\n|move|p2a: Cyclizar|Rapid Spin|p1a: Cyclizar\n|-damage|p1a: Cyclizar|81\/100\n|-boost|p2a: Cyclizar|spe|1\n|-sideend|p2: Steven Stone 007|Toxic Spikes|[from] move: Rapid Spin|[of] p2a: Cyclizar\n|\n|-weather|Sandstorm|[upkeep]\n|-damage|p2a: Cyclizar|48\/100 psn|[from] Sandstorm\n|-damage|p1a: Cyclizar|75\/100|[from] Sandstorm\n|-damage|p2a: Cyclizar|36\/100 psn|[from] psn\n|upkeep\n|turn|16\n|\n|t:|1699941930\n|switch|p2a: Magearna|Magearna|58\/100\n|move|p1a: Cyclizar|Rapid Spin|p2a: Magearna\n|-resisted|p2a: Magearna\n|-damage|p2a: Magearna|51\/100\n|-boost|p1a: Cyclizar|spe|1\n|-sideend|p1: 1P1o1s1h1e1|Spikes|[from] move: Rapid Spin|[of] p1a: Cyclizar\n|\n|-weather|none\n|-heal|p2a: Magearna|57\/100|[from] item: Leftovers\n|upkeep\n|turn|17\n|\n|t:|1699941935\n|move|p1a: Cyclizar|Shed Tail|p1a: Cyclizar\n|-start|p1a: Cyclizar|Substitute|[from] move: Shed Tail\n|-damage|p1a: Cyclizar|25\/100\n|\n|t:|1699941942\n|switch|p1a: Slowking|Slowking-Galar, F|39\/100|[from] Shed Tail\n|move|p2a: Magearna|Thunder Wave||[still]\n|-fail|p2a: Magearna\n|\n|-heal|p2a: Magearna|63\/100|[from] item: Leftovers\n|upkeep\n|turn|18\n|\n|t:|1699941947\n|move|p2a: Magearna|Fleur Cannon|p1a: Slowking|[miss]\n|-miss|p2a: Magearna|p1a: Slowking\n|move|p1a: Slowking|Slack Off|p1a: Slowking\n|-heal|p1a: Slowking|89\/100\n|\n|-heal|p2a: Magearna|69\/100|[from] item: Leftovers\n|upkeep\n|turn|19\n|\n|t:|1699941954\n|move|p2a: Magearna|Encore|p1a: Slowking\n|-start|p1a: Slowking|Encore\n|move|p1a: Slowking|Slack Off|p1a: Slowking\n|-heal|p1a: Slowking|100\/100\n|\n|-heal|p2a: Magearna|75\/100|[from] item: Leftovers\n|upkeep\n|turn|20\n|\n|t:|1699941959\n|switch|p2a: Baxcalibur|Baxcalibur, M|100\/100\n|switch|p1a: Blissey|Blissey, F|100\/100\n|\n|upkeep\n|turn|21\n|\n|t:|1699941964\n|move|p2a: Baxcalibur|Scale Shot|p1a: Blissey\n|-damage|p1a: Blissey|86\/100\n|-damage|p1a: Blissey|74\/100\n|-damage|p1a: Blissey|60\/100\n|-damage|p1a: Blissey|47\/100\n|-hitcount|p1a: Blissey|4\n|-unboost|p2a: Baxcalibur|def|1\n|-boost|p2a: Baxcalibur|spe|1\n|move|p1a: Blissey|Seismic Toss|p2a: Baxcalibur\n|-damage|p2a: Baxcalibur|74\/100\n|\n|upkeep\n|turn|22\n|\n|t:|1699941968\n|switch|p1a: Slowking|Slowking-Galar, F|100\/100\n|move|p2a: Baxcalibur|Swords Dance|p2a: Baxcalibur\n|-boost|p2a: Baxcalibur|atk|2\n|\n|upkeep\n|turn|23\n|\n|t:|1699941974\n|-terastallize|p1a: Slowking|Water\n|move|p2a: Baxcalibur|Earthquake|p1a: Slowking\n|-damage|p1a: Slowking|46\/100\n|move|p1a: Slowking|Sludge Bomb|p2a: Baxcalibur\n|-damage|p2a: Baxcalibur|41\/100\n|\n|upkeep\n|turn|24\n|c|\u2606Steven Stone 007|GG\n|\n|t:|1699941985\n|switch|p1a: Blissey|Blissey, F|47\/100\n|move|p2a: Baxcalibur|Scale Shot|p1a: Blissey\n|-damage|p1a: Blissey|20\/100\n|-damage|p1a: Blissey|0 fnt\n|faint|p1a: Blissey\n|-hitcount|p1: Blissey|2\n|-unboost|p2a: Baxcalibur|def|1\n|-boost|p2a: Baxcalibur|spe|1\n|\n|upkeep\n|\n|t:|1699941987\n|switch|p1a: Slowking|Slowking-Galar, F, tera:Water|80\/100\n|turn|25\n|\n|t:|1699941991\n|move|p2a: Baxcalibur|Scale Shot|p1a: Slowking|[miss]\n|-miss|p2a: Baxcalibur|p1a: Slowking\n|move|p1a: Slowking|Sludge Bomb|p2a: Baxcalibur\n|-damage|p2a: Baxcalibur|6\/100\n|\n|upkeep\n|turn|26\n|\n|t:|1699941998\n|move|p2a: Baxcalibur|Scale Shot|p1a: Slowking\n|-damage|p1a: Slowking|58\/100\n|-damage|p1a: Slowking|36\/100\n|-damage|p1a: Slowking|15\/100\n|-damage|p1a: Slowking|0 fnt\n|faint|p1a: Slowking\n|-hitcount|p1: Slowking|4\n|-unboost|p2a: Baxcalibur|def|1\n|-boost|p2a: Baxcalibur|spe|1\n|\n|upkeep\n|c|\u2606Steven Stone 007|GG\n|-message|1P1o1s1h1e1 forfeited.\n|\n|win|Steven Stone 007\n|l|\u26061P1o1s1h1e1\n","uploadtime":1699942006,"views":21,"p1id":"1p1o1s1h1e1","p2id":"stevenstone007","formatid":"gen9ubers","rating":0,"private":0,"password":""}