{"id":"gen9ubers-1987906691","p1":"something482","p2":"MichaeltheMink","format":"[Gen 9] Ubers","log":"|j|\u2606something482\n|j|\u2606MichaeltheMink\n|t:|1699647921\n|gametype|singles\n|player|p1|something482|victor|\n|player|p2|MichaeltheMink|hilbert-wonderlauncher|\n|teamsize|p1|6\n|teamsize|p2|6\n|gen|9\n|tier|[Gen 9] Ubers\n|rule|Sleep Clause Mod: Limit one foe put to sleep\n|rule|Species Clause: Limit one of each Pok\u00e9mon\n|rule|OHKO Clause: OHKO moves are banned\n|rule|Evasion Items Clause: Evasion items are banned\n|rule|Evasion Moves Clause: Evasion moves are banned\n|rule|Endless Battle Clause: Forcing endless battles is banned\n|rule|HP Percentage Mod: HP is shown in percentages\n|clearpoke\n|poke|p1|Empoleon, M|\n|poke|p1|Dragapult, M|\n|poke|p1|Cinderace, M|\n|poke|p1|Gholdengo|\n|poke|p1|Chien-Pao|\n|poke|p1|Glimmora, M|\n|poke|p2|Orthworm, F|\n|poke|p2|Slither Wing|\n|poke|p2|Azumarill, F|\n|poke|p2|Donphan, F|\n|poke|p2|Garchomp, M|\n|poke|p2|Gyarados, M|\n|teampreview\n|c|\u2606something482|gl hf\n|\n|t:|1699647986\n|start\n|switch|p1a: Neeeeyoom|Dragapult, M, shiny|100\/100\n|switch|p2a: Gyarados|Gyarados, M|100\/100\n|-ability|p2a: Gyarados|Intimidate|boost\n|-unboost|p1a: Neeeeyoom|atk|1\n|turn|1\n|\n|t:|1699647999\n|move|p1a: Neeeeyoom|Thunderbolt|p2a: Gyarados\n|-supereffective|p2a: Gyarados\n|-damage|p2a: Gyarados|0 fnt\n|faint|p2a: Gyarados\n|-damage|p1a: Neeeeyoom|91\/100|[from] item: Life Orb\n|\n|upkeep\n|\n|t:|1699648006\n|switch|p2a: Garchomp|Garchomp, M|100\/100\n|turn|2\n|\n|t:|1699648019\n|switch|p1a: Rawk|Glimmora, M|100\/100\n|-terastallize|p2a: Garchomp|Fairy\n|move|p2a: Garchomp|Swords Dance|p2a: Garchomp\n|-boost|p2a: Garchomp|atk|2\n|\n|upkeep\n|turn|3\n|\n|t:|1699648090\n|move|p2a: Garchomp|Rock Slide|p1a: Rawk\n|-damage|p1a: Rawk|17\/100\n|-activate|p1a: Rawk|ability: Toxic Debris\n|-sidestart|p2: MichaeltheMink|move: Toxic Spikes\n|-damage|p2a: Garchomp|91\/100|[from] item: Life Orb\n|move|p1a: Rawk|Sludge Wave|p2a: Garchomp\n|-supereffective|p2a: Garchomp\n|-damage|p2a: Garchomp|0 fnt\n|faint|p2a: Garchomp\n|\n|upkeep\n|\n|t:|1699648100\n|switch|p2a: Donphan|Donphan, F|100\/100\n|-status|p2a: Donphan|psn\n|turn|4\n|\n|t:|1699648105\n|switch|p1a: DaveNBusters|Gholdengo|100\/100\n|move|p2a: Donphan|Rapid Spin|p1a: DaveNBusters\n|-immune|p1a: DaveNBusters\n|\n|-damage|p2a: Donphan|88\/100 psn|[from] psn\n|upkeep\n|turn|5\n|\n|t:|1699648128\n|switch|p2a: Orthworm|Orthworm, F|100\/100\n|-terastallize|p1a: DaveNBusters|Water\n|move|p1a: DaveNBusters|Psychic|p2a: Orthworm\n|-resisted|p2a: Orthworm\n|-crit|p2a: Orthworm\n|-damage|p2a: Orthworm|57\/100\n|\n|-heal|p2a: Orthworm|63\/100|[from] item: Leftovers\n|upkeep\n|turn|6\n|\n|t:|1699648147\n|move|p1a: DaveNBusters|Psychic|p2a: Orthworm\n|-resisted|p2a: Orthworm\n|-damage|p2a: Orthworm|34\/100\n|move|p2a: Orthworm|Stealth Rock|p1a: DaveNBusters\n|-sidestart|p1: something482|move: Stealth Rock\n|\n|-heal|p2a: Orthworm|40\/100|[from] item: Leftovers\n|upkeep\n|turn|7\n|\n|t:|1699648210\n|switch|p2a: Donphan|Donphan, F|88\/100 psn\n|move|p1a: DaveNBusters|Nasty Plot|p1a: DaveNBusters\n|-boost|p1a: DaveNBusters|spa|2\n|\n|-damage|p2a: Donphan|75\/100 psn|[from] psn\n|upkeep\n|turn|8\n|\n|t:|1699648220\n|move|p1a: DaveNBusters|Psychic|p2a: Donphan\n|-damage|p2a: Donphan|21\/100 psn\n|move|p2a: Donphan|Rapid Spin|p1a: DaveNBusters\n|-damage|p1a: DaveNBusters|86\/100\n|-boost|p2a: Donphan|spe|1\n|-sideend|p2: MichaeltheMink|Toxic Spikes|[from] move: Rapid Spin|[of] p2a: Donphan\n|\n|-heal|p1a: DaveNBusters|92\/100|[from] item: Leftovers\n|-damage|p2a: Donphan|8\/100 psn|[from] psn\n|upkeep\n|turn|9\n|\n|t:|1699648231\n|switch|p2a: Orthworm|Orthworm, F|40\/100\n|switch|p1a: Rawk|Glimmora, M|17\/100\n|-damage|p1a: Rawk|5\/100|[from] Stealth Rock\n|\n|-heal|p2a: Orthworm|46\/100|[from] item: Leftovers\n|upkeep\n|turn|10\n|\n|t:|1699648252\n|switch|p2a: Slither Wing|Slither Wing|100\/100\n|move|p1a: Rawk|Energy Ball|p2a: Slither Wing\n|-resisted|p2a: Slither Wing\n|-damage|p2a: Slither Wing|84\/100\n|\n|upkeep\n|turn|11\n|\n|t:|1699648259\n|move|p1a: Rawk|Mortal Spin|p2a: Slither Wing\n|-damage|p2a: Slither Wing|75\/100\n|-status|p2a: Slither Wing|psn\n|-sideend|p1: something482|Stealth Rock|[from] move: Mortal Spin|[of] p1a: Rawk\n|move|p2a: Slither Wing|U-turn|p1a: Rawk\n|-resisted|p1a: Rawk\n|-crit|p1a: Rawk\n|-damage|p1a: Rawk|0 fnt\n|-activate|p1a: Rawk|ability: Toxic Debris\n|-sidestart|p2: MichaeltheMink|move: Toxic Spikes\n|faint|p1a: Rawk\n|\n|t:|1699648272\n|-end|p2a: Slither Wing|Protosynthesis|[silent]\n|switch|p2a: Orthworm|Orthworm, F|46\/100|[from] U-turn\n|\n|-heal|p2a: Orthworm|52\/100|[from] item: Leftovers\n|upkeep\n|\n|t:|1699648279\n|switch|p1a: Neeeeyoom|Dragapult, M, shiny|91\/100\n|turn|12\n|\n|t:|1699648310\n|switch|p2a: Slither Wing|Slither Wing|75\/100 psn\n|move|p1a: Neeeeyoom|Flamethrower|p2a: Slither Wing\n|-supereffective|p2a: Slither Wing\n|-damage|p2a: Slither Wing|6\/100 psn\n|-damage|p1a: Neeeeyoom|81\/100|[from] item: Life Orb\n|\n|-damage|p2a: Slither Wing|0 fnt|[from] psn\n|faint|p2a: Slither Wing\n|-end|p2a: Slither Wing|Protosynthesis|[silent]\n|upkeep\n|\n|t:|1699648320\n|switch|p2a: Orthworm|Orthworm, F|52\/100\n|turn|13\n|\n|t:|1699648327\n|move|p1a: Neeeeyoom|Flamethrower|p2a: Orthworm\n|-supereffective|p2a: Orthworm\n|-damage|p2a: Orthworm|0 fnt\n|faint|p2a: Orthworm\n|-damage|p1a: Neeeeyoom|71\/100|[from] item: Life Orb\n|\n|upkeep\n|\n|t:|1699648335\n|switch|p2a: Donphan|Donphan, F|8\/100 psn\n|turn|14\n|\n|t:|1699648343\n|switch|p2a: Azumarill|Azumarill, F|100\/100\n|-status|p2a: Azumarill|psn\n|move|p1a: Neeeeyoom|Flamethrower|p2a: Azumarill\n|-resisted|p2a: Azumarill\n|-damage|p2a: Azumarill|84\/100 psn\n|-damage|p1a: Neeeeyoom|61\/100|[from] item: Life Orb\n|\n|-damage|p2a: Azumarill|71\/100 psn|[from] psn\n|upkeep\n|turn|15\n|\n|t:|1699648357\n|move|p1a: Neeeeyoom|Flamethrower|p2a: Azumarill\n|-resisted|p2a: Azumarill\n|-damage|p2a: Azumarill|54\/100 psn\n|-damage|p1a: Neeeeyoom|52\/100|[from] item: Life Orb\n|move|p2a: Azumarill|Play Rough|p1a: Neeeeyoom\n|-supereffective|p1a: Neeeeyoom\n|-damage|p1a: Neeeeyoom|0 fnt\n|faint|p1a: Neeeeyoom\n|\n|-damage|p2a: Azumarill|42\/100 psn|[from] psn\n|upkeep\n|-enditem|p2a: Azumarill|Sitrus Berry|[eat]\n|-heal|p2a: Azumarill|67\/100 psn|[from] item: Sitrus Berry\n|\n|t:|1699648372\n|switch|p1a: DaveNBusters|Gholdengo, tera:Water|92\/100\n|turn|16\n|\n|t:|1699648377\n|move|p1a: DaveNBusters|Make It Rain|p2a: Azumarill\n|-damage|p2a: Azumarill|0 fnt\n|-unboost|p1a: DaveNBusters|spa|1\n|faint|p2a: Azumarill\n|\n|-heal|p1a: DaveNBusters|98\/100|[from] item: Leftovers\n|upkeep\n|\n|t:|1699648385\n|switch|p2a: Donphan|Donphan, F|8\/100 psn\n|turn|17\n|\n|t:|1699648389\n|move|p1a: DaveNBusters|Psychic|p2a: Donphan\n|-damage|p2a: Donphan|0 fnt\n|faint|p2a: Donphan\n|\n|win|something482\n|c|\u2606something482|gg\n|l|\u2606MichaeltheMink\n","uploadtime":1699648399,"views":30,"p1id":"something482","p2id":"michaelthemink","formatid":"gen9ubers","rating":0,"private":0,"password":""}