{"id":"gen9ubers-1983474254","p1":"the tr4sh man","p2":"Bestmaindragonite","format":"[Gen 9] Ubers","log":"|j|\u2606the tr4sh man\n|j|\u2606Bestmaindragonite\n|t:|1699133986\n|gametype|singles\n|player|p1|the tr4sh man|xerosic|\n|player|p2|Bestmaindragonite|lillie|\n|teamsize|p1|6\n|teamsize|p2|6\n|gen|9\n|tier|[Gen 9] Ubers\n|rule|Sleep Clause Mod: Limit one foe put to sleep\n|rule|Species Clause: Limit one of each Pok\u00e9mon\n|rule|OHKO Clause: OHKO moves are banned\n|rule|Evasion Items Clause: Evasion items are banned\n|rule|Evasion Moves Clause: Evasion moves are banned\n|rule|Endless Battle Clause: Forcing endless battles is banned\n|rule|HP Percentage Mod: HP is shown in percentages\n|clearpoke\n|poke|p1|Lycanroc-Dusk, M|\n|poke|p1|Houndstone, F|\n|poke|p1|Zamazenta-*|\n|poke|p1|Zacian-*|\n|poke|p1|Dachsbun, M|\n|poke|p1|Mabosstiff, M|\n|poke|p2|Zacian-*|\n|poke|p2|Donphan, F|\n|poke|p2|Baxcalibur, M|\n|poke|p2|Arceus-Ghost|\n|poke|p2|Magearna|\n|poke|p2|Landorus, M|\n|teampreview\n|\n|t:|1699134028\n|start\n|switch|p1a: Mabosstiff|Mabosstiff, M|100\/100\n|switch|p2a: Donphan|Donphan, F|100\/100\n|turn|1\n|\n|t:|1699134033\n|switch|p2a: Magearna|Magearna|100\/100\n|move|p1a: Mabosstiff|Crunch|p2a: Magearna\n|-resisted|p2a: Magearna\n|-damage|p2a: Magearna|48\/100\n|-unboost|p2a: Magearna|def|1\n|\n|-heal|p2a: Magearna|54\/100|[from] item: Leftovers\n|upkeep\n|turn|2\n|\n|t:|1699134042\n|move|p1a: Mabosstiff|Crunch|p2a: Magearna\n|-resisted|p2a: Magearna\n|-damage|p2a: Magearna|14\/100\n|move|p2a: Magearna|Draining Kiss|p1a: Mabosstiff\n|-supereffective|p1a: Mabosstiff\n|-damage|p1a: Mabosstiff|15\/100\n|-heal|p2a: Magearna|68\/100|[from] drain|[of] p1a: Mabosstiff\n|\n|-heal|p2a: Magearna|74\/100|[from] item: Leftovers\n|upkeep\n|turn|3\n|\n|t:|1699134058\n|move|p1a: Mabosstiff|Crunch|p2a: Magearna\n|-resisted|p2a: Magearna\n|-damage|p2a: Magearna|32\/100\n|move|p2a: Magearna|Draining Kiss|p1a: Mabosstiff\n|-supereffective|p1a: Mabosstiff\n|-damage|p1a: Mabosstiff|0 fnt\n|-heal|p2a: Magearna|41\/100|[from] drain|[of] p1a: Mabosstiff\n|faint|p1a: Mabosstiff\n|-ability|p2a: Magearna|Soul-Heart|boost\n|-boost|p2a: Magearna|spa|1\n|\n|-heal|p2a: Magearna|47\/100|[from] item: Leftovers\n|upkeep\n|\n|t:|1699134070\n|switch|p1a: Lycanroc|Lycanroc-Dusk, M|100\/100\n|turn|4\n|\n|t:|1699134077\n|move|p1a: Lycanroc|Stealth Rock|p2a: Magearna\n|-sidestart|p2: Bestmaindragonite|move: Stealth Rock\n|move|p2a: Magearna|Draining Kiss|p1a: Lycanroc\n|-damage|p1a: Lycanroc|31\/100\n|-heal|p2a: Magearna|88\/100|[from] drain|[of] p1a: Lycanroc\n|\n|-heal|p2a: Magearna|94\/100|[from] item: Leftovers\n|upkeep\n|turn|5\n|\n|t:|1699134084\n|move|p1a: Lycanroc|Endeavor|p2a: Magearna\n|-damage|p2a: Magearna|25\/100\n|move|p2a: Magearna|Draining Kiss|p1a: Lycanroc\n|-damage|p1a: Lycanroc|0 fnt\n|-heal|p2a: Magearna|44\/100|[from] drain|[of] p1a: Lycanroc\n|faint|p1a: Lycanroc\n|-ability|p2a: Magearna|Soul-Heart|boost\n|-boost|p2a: Magearna|spa|1\n|\n|-heal|p2a: Magearna|50\/100|[from] item: Leftovers\n|upkeep\n|\n|t:|1699134094\n|switch|p1a: Zamazenta|Zamazenta|100\/100\n|-ability|p1a: Zamazenta|Dauntless Shield|boost\n|-boost|p1a: Zamazenta|def|1\n|turn|6\n|\n|t:|1699134101\n|move|p1a: Zamazenta|Body Press|p2a: Magearna\n|-damage|p2a: Magearna|0 fnt\n|faint|p2a: Magearna\n|\n|upkeep\n|\n|t:|1699134106\n|switch|p2a: Donphan|Donphan, F|100\/100\n|turn|7\n|\n|t:|1699134111\n|switch|p1a: Houndstone|Houndstone, F|100\/100\n|move|p2a: Donphan|Rapid Spin|p1a: Houndstone\n|-immune|p1a: Houndstone\n|\n|upkeep\n|turn|8\n|\n|t:|1699134123\n|switch|p2a: Baxcalibur|Baxcalibur, M|100\/100\n|-damage|p2a: Baxcalibur|76\/100|[from] Stealth Rock\n|move|p1a: Houndstone|Last Respects|p2a: Baxcalibur\n|-damage|p2a: Baxcalibur|22\/100\n|\n|upkeep\n|turn|9\n|\n|t:|1699134131\n|move|p2a: Baxcalibur|Icicle Spear|p1a: Houndstone\n|-damage|p1a: Houndstone|90\/100\n|-damage|p1a: Houndstone|79\/100\n|-damage|p1a: Houndstone|70\/100\n|-damage|p1a: Houndstone|60\/100\n|-hitcount|p1a: Houndstone|4\n|move|p1a: Houndstone|Last Respects|p2a: Baxcalibur\n|-damage|p2a: Baxcalibur|0 fnt\n|faint|p2a: Baxcalibur\n|\n|upkeep\n|\n|t:|1699134155\n|switch|p2a: Zacian|Zacian|100\/100\n|-ability|p2a: Zacian|Intrepid Sword|boost\n|-boost|p2a: Zacian|atk|1\n|turn|10\n|\n|t:|1699134159\n|move|p2a: Zacian|Trailblaze|p1a: Houndstone\n|-damage|p1a: Houndstone|50\/100\n|-boost|p2a: Zacian|spe|1\n|-damage|p2a: Zacian|84\/100|[from] item: Rocky Helmet|[of] p1a: Houndstone\n|move|p1a: Houndstone|Rest|p1a: Houndstone\n|-status|p1a: Houndstone|slp|[from] move: Rest\n|-heal|p1a: Houndstone|100\/100 slp|[silent]\n|\n|upkeep\n|turn|11\n|\n|t:|1699134167\n|-terastallize|p2a: Zacian|Fairy\n|move|p2a: Zacian|Play Rough|p1a: Houndstone|[miss]\n|-miss|p2a: Zacian|p1a: Houndstone\n|cant|p1a: Houndstone|slp\n|move|p1a: Houndstone|Sleep Talk|p1a: Houndstone\n|move|p1a: Houndstone|Last Respects|p2a: Zacian|[from]move: Sleep Talk\n|-damage|p2a: Zacian|34\/100\n|\n|upkeep\n|turn|12\n|\n|t:|1699134171\n|move|p2a: Zacian|Play Rough|p1a: Houndstone\n|-damage|p1a: Houndstone|67\/100 slp\n|-damage|p2a: Zacian|17\/100|[from] item: Rocky Helmet|[of] p1a: Houndstone\n|cant|p1a: Houndstone|slp\n|move|p1a: Houndstone|Sleep Talk|p1a: Houndstone\n|move|p1a: Houndstone|Rest||[from]move: Sleep Talk|[still]\n|-fail|p1a: Houndstone\n|\n|upkeep\n|turn|13\n|\n|t:|1699134175\n|move|p2a: Zacian|Play Rough|p1a: Houndstone|[miss]\n|-miss|p2a: Zacian|p1a: Houndstone\n|-curestatus|p1a: Houndstone|slp|[msg]\n|move|p1a: Houndstone|Rest|p1a: Houndstone\n|-status|p1a: Houndstone|slp|[from] move: Rest\n|-heal|p1a: Houndstone|100\/100 slp|[silent]\n|\n|upkeep\n|turn|14\n|\n|t:|1699134177\n|move|p2a: Zacian|Play Rough|p1a: Houndstone\n|-damage|p1a: Houndstone|71\/100 slp\n|-damage|p2a: Zacian|0 fnt|[from] item: Rocky Helmet|[of] p1a: Houndstone\n|faint|p2a: Zacian\n|cant|p1a: Houndstone|slp\n|move|p1a: Houndstone|Sleep Talk|p1a: Houndstone\n|move|p1a: Houndstone|Last Respects|p2: Zacian|[from]move: Sleep Talk|[notarget]\n|-fail|p1a: Houndstone\n|\n|upkeep\n|\n|t:|1699134183\n|switch|p2a: Landorus|Landorus, M|100\/100\n|-damage|p2a: Landorus|88\/100|[from] Stealth Rock\n|turn|15\n|\n|t:|1699134190\n|move|p2a: Landorus|Earth Power|p1a: Houndstone\n|-damage|p1a: Houndstone|28\/100 slp\n|cant|p1a: Houndstone|slp\n|move|p1a: Houndstone|Sleep Talk|p1a: Houndstone\n|move|p1a: Houndstone|Last Respects|p2a: Landorus|[from]move: Sleep Talk\n|-damage|p2a: Landorus|32\/100\n|\n|upkeep\n|turn|16\n|\n|t:|1699134193\n|switch|p1a: Dachsbun|Dachsbun, M|100\/100\n|move|p2a: Landorus|Earth Power|p1a: Dachsbun\n|-damage|p1a: Dachsbun|64\/100\n|\n|-heal|p1a: Dachsbun|70\/100|[from] item: Leftovers\n|upkeep\n|turn|17\n|\n|t:|1699134205\n|switch|p2a: Arceus|Arceus-Ghost|100\/100\n|-damage|p2a: Arceus|88\/100|[from] Stealth Rock\n|move|p1a: Dachsbun|Wish|p1a: Dachsbun\n|\n|-heal|p1a: Dachsbun|76\/100|[from] item: Leftovers\n|upkeep\n|turn|18\n|\n|t:|1699134211\n|switch|p1a: Houndstone|Houndstone, F|28\/100 slp\n|move|p2a: Arceus|Taunt|p1a: Houndstone\n|-start|p1a: Houndstone|move: Taunt\n|\n|-heal|p1a: Houndstone|74\/100 slp|[from] move: Wish|[wisher] Dachsbun\n|upkeep\n|turn|19\n|\n|t:|1699134217\n|move|p2a: Arceus|Judgment|p1a: Houndstone\n|-supereffective|p1a: Houndstone\n|-damage|p1a: Houndstone|0 fnt\n|faint|p1a: Houndstone\n|\n|upkeep\n|\n|t:|1699134221\n|switch|p1a: Zacian|Zacian|100\/100\n|-ability|p1a: Zacian|Intrepid Sword|boost\n|-boost|p1a: Zacian|atk|1\n|turn|20\n|\n|t:|1699134224\n|move|p1a: Zacian|Swords Dance|p1a: Zacian\n|-boost|p1a: Zacian|atk|2\n|move|p2a: Arceus|Roar|p1a: Zacian\n|drag|p1a: Dachsbun|Dachsbun, M|76\/100\n|\n|-heal|p1a: Dachsbun|82\/100|[from] item: Leftovers\n|upkeep\n|turn|21\n|\n|t:|1699134232\n|move|p2a: Arceus|Taunt|p1a: Dachsbun\n|-start|p1a: Dachsbun|move: Taunt\n|cant|p1a: Dachsbun|move: Taunt|Wish\n|\n|-heal|p1a: Dachsbun|88\/100|[from] item: Leftovers\n|upkeep\n|turn|22\n|\n|t:|1699134237\n|move|p2a: Arceus|Judgment|p1a: Dachsbun\n|-damage|p1a: Dachsbun|42\/100\n|move|p1a: Dachsbun|Body Press|p2a: Arceus\n|-immune|p2a: Arceus\n|\n|-heal|p1a: Dachsbun|48\/100|[from] item: Leftovers\n|upkeep\n|turn|23\n|\n|t:|1699134243\n|move|p2a: Arceus|Judgment|p1a: Dachsbun\n|-damage|p1a: Dachsbun|5\/100\n|move|p1a: Dachsbun|Body Press|p2a: Arceus\n|-immune|p2a: Arceus\n|\n|-heal|p1a: Dachsbun|11\/100|[from] item: Leftovers\n|-end|p1a: Dachsbun|move: Taunt\n|upkeep\n|turn|24\n|\n|t:|1699134249\n|move|p1a: Dachsbun|Protect|p1a: Dachsbun\n|-singleturn|p1a: Dachsbun|Protect\n|move|p2a: Arceus|Judgment|p1a: Dachsbun\n|-activate|p1a: Dachsbun|move: Protect\n|\n|-heal|p1a: Dachsbun|17\/100|[from] item: Leftovers\n|upkeep\n|turn|25\n|\n|t:|1699134255\n|move|p2a: Arceus|Judgment|p1a: Dachsbun\n|-damage|p1a: Dachsbun|0 fnt\n|faint|p1a: Dachsbun\n|\n|upkeep\n|\n|t:|1699134259\n|switch|p1a: Zacian|Zacian|100\/100\n|turn|26\n|\n|t:|1699134276\n|switch|p1a: Zamazenta|Zamazenta|100\/100\n|move|p2a: Arceus|Judgment|p1a: Zamazenta\n|-damage|p1a: Zamazenta|57\/100\n|\n|-heal|p1a: Zamazenta|63\/100|[from] item: Leftovers\n|upkeep\n|turn|27\n|\n|t:|1699134282\n|move|p1a: Zamazenta|Protect|p1a: Zamazenta\n|-singleturn|p1a: Zamazenta|Protect\n|move|p2a: Arceus|Roar|p1a: Zamazenta\n|drag|p1a: Zacian|Zacian|100\/100\n|\n|upkeep\n|turn|28\n|\n|t:|1699134286\n|move|p1a: Zacian|Play Rough|p2a: Arceus|[miss]\n|-miss|p1a: Zacian|p2a: Arceus\n|move|p2a: Arceus|Judgment|p1a: Zacian\n|-damage|p1a: Zacian|55\/100\n|\n|upkeep\n|turn|29\n|\n|t:|1699134295\n|move|p1a: Zacian|Play Rough|p2a: Arceus|[miss]\n|-miss|p1a: Zacian|p2a: Arceus\n|move|p2a: Arceus|Judgment|p1a: Zacian\n|-damage|p1a: Zacian|8\/100\n|\n|upkeep\n|turn|30\n|c|\u2606the tr4sh man|gg\n|-message|the tr4sh man forfeited.\n|\n|win|Bestmaindragonite\n|c|\u2606Bestmaindragonite|gg\n","uploadtime":1699134315,"views":4,"p1id":"thetr4shman","p2id":"bestmaindragonite","formatid":"gen9ubers","rating":0,"private":0,"password":""}