{"id":"gen9ubers-1985884022","p1":"rooster45","p2":"S3OLY","format":"[Gen 9] Ubers","log":"|j|\u2606rooster45\n|j|\u2606S3OLY\n|t:|1699417314\n|gametype|singles\n|player|p1|rooster45|266|1058\n|player|p2|S3OLY|unknownf|1173\n|teamsize|p1|6\n|teamsize|p2|6\n|gen|9\n|tier|[Gen 9] Ubers\n|rated|\n|rule|Sleep Clause Mod: Limit one foe put to sleep\n|rule|Species Clause: Limit one of each Pok\u00e9mon\n|rule|OHKO Clause: OHKO moves are banned\n|rule|Evasion Items Clause: Evasion items are banned\n|rule|Evasion Moves Clause: Evasion moves are banned\n|rule|Endless Battle Clause: Forcing endless battles is banned\n|rule|HP Percentage Mod: HP is shown in percentages\n|clearpoke\n|poke|p1|Magearna|\n|poke|p1|Toxapex, M|\n|poke|p1|Dragapult, F|\n|poke|p1|Iron Moth|\n|poke|p1|Ogerpon-Wellspring, F|\n|poke|p1|Iron Bundle|\n|poke|p2|Eternatus|\n|poke|p2|Skeledirge, F|\n|poke|p2|Arceus-Ground|\n|poke|p2|Zacian-*|\n|poke|p2|Koraidon|\n|poke|p2|Kyogre|\n|teampreview\n|\n|t:|1699417331\n|start\n|switch|p1a: Iron Moth|Iron Moth|100\/100\n|switch|p2a: Eternatus|Eternatus|100\/100\n|-ability|p2a: Eternatus|Pressure\n|turn|1\n|\n|t:|1699417342\n|move|p2a: Eternatus|Dynamax Cannon|p1a: Iron Moth\n|-damage|p1a: Iron Moth|67\/100\n|move|p1a: Iron Moth|Fiery Dance|p2a: Eternatus\n|-resisted|p2a: Eternatus\n|-damage|p2a: Eternatus|87\/100\n|\n|upkeep\n|turn|2\n|\n|t:|1699417349\n|switch|p2a: Arceus|Arceus-Ground, shiny|100\/100\n|move|p1a: Iron Moth|Fiery Dance|p2a: Arceus\n|-damage|p2a: Arceus|66\/100\n|\n|upkeep\n|turn|3\n|\n|t:|1699417357\n|-terastallize|p1a: Iron Moth|Grass\n|move|p2a: Arceus|Judgment|p1a: Iron Moth\n|-resisted|p1a: Iron Moth\n|-damage|p1a: Iron Moth|45\/100\n|move|p1a: Iron Moth|Energy Ball|p2a: Arceus\n|-supereffective|p2a: Arceus\n|-damage|p2a: Arceus|0 fnt\n|faint|p2a: Arceus\n|\n|upkeep\n|\n|t:|1699417364\n|switch|p2a: Skeledirge|Skeledirge, F|100\/100\n|turn|4\n|\n|t:|1699417375\n|-end|p1a: Iron Moth|Quark Drive|[silent]\n|switch|p1a: Ogerpon|Ogerpon-Wellspring, F|100\/100\n|move|p2a: Skeledirge|Torch Song|p1a: Ogerpon\n|-damage|p1a: Ogerpon|62\/100\n|-boost|p2a: Skeledirge|spa|1\n|\n|upkeep\n|turn|5\n|\n|t:|1699417383\n|move|p1a: Ogerpon|Ivy Cudgel|p2a: Skeledirge\n|-supereffective|p2a: Skeledirge\n|-damage|p2a: Skeledirge|30\/100\n|move|p2a: Skeledirge|Will-O-Wisp|p1a: Ogerpon\n|-status|p1a: Ogerpon|brn\n|\n|-damage|p1a: Ogerpon|56\/100 brn|[from] brn\n|upkeep\n|turn|6\n|\n|t:|1699417409\n|move|p1a: Ogerpon|Knock Off|p2a: Skeledirge\n|-supereffective|p2a: Skeledirge\n|-damage|p2a: Skeledirge|9\/100\n|-enditem|p2a: Skeledirge|Heavy-Duty Boots|[from] move: Knock Off|[of] p1a: Ogerpon\n|move|p2a: Skeledirge|Slack Off|p2a: Skeledirge\n|-heal|p2a: Skeledirge|59\/100\n|\n|-damage|p1a: Ogerpon|50\/100 brn|[from] brn\n|upkeep\n|turn|7\n|\n|t:|1699417418\n|move|p1a: Ogerpon|Ivy Cudgel|p2a: Skeledirge\n|-supereffective|p2a: Skeledirge\n|-damage|p2a: Skeledirge|26\/100\n|move|p2a: Skeledirge|Slack Off|p2a: Skeledirge\n|-heal|p2a: Skeledirge|76\/100\n|\n|-damage|p1a: Ogerpon|45\/100 brn|[from] brn\n|upkeep\n|turn|8\n|\n|t:|1699417427\n|move|p1a: Ogerpon|Ivy Cudgel|p2a: Skeledirge\n|-supereffective|p2a: Skeledirge\n|-damage|p2a: Skeledirge|40\/100\n|move|p2a: Skeledirge|Hex|p1a: Ogerpon\n|-damage|p1a: Ogerpon|0 fnt\n|faint|p1a: Ogerpon\n|\n|upkeep\n|\n|t:|1699417435\n|switch|p1a: Iron Bundle|Iron Bundle|100\/100\n|-enditem|p1a: Iron Bundle|Booster Energy\n|-activate|p1a: Iron Bundle|ability: Quark Drive|[fromitem]\n|-start|p1a: Iron Bundle|quarkdrivespa\n|turn|9\n|\n|t:|1699417440\n|move|p1a: Iron Bundle|Chilling Water|p2a: Skeledirge\n|-supereffective|p2a: Skeledirge\n|-damage|p2a: Skeledirge|0 fnt\n|faint|p2a: Skeledirge\n|\n|upkeep\n|\n|t:|1699417450\n|switch|p2a: Kyogre|Kyogre|100\/100\n|-weather|RainDance|[from] ability: Drizzle|[of] p2a: Kyogre\n|turn|10\n|\n|t:|1699417457\n|move|p1a: Iron Bundle|Freeze-Dry|p2a: Kyogre\n|-supereffective|p2a: Kyogre\n|-damage|p2a: Kyogre|36\/100\n|move|p2a: Kyogre|Surf|p1a: Iron Bundle\n|-resisted|p1a: Iron Bundle\n|-damage|p1a: Iron Bundle|34\/100\n|\n|-weather|RainDance|[upkeep]\n|-heal|p2a: Kyogre|42\/100|[from] item: Leftovers\n|upkeep\n|turn|11\n|\n|t:|1699417467\n|move|p1a: Iron Bundle|Freeze-Dry|p2a: Kyogre\n|-supereffective|p2a: Kyogre\n|-damage|p2a: Kyogre|0 fnt\n|faint|p2a: Kyogre\n|\n|-weather|RainDance|[upkeep]\n|upkeep\n|\n|t:|1699417471\n|switch|p2a: Zacian|Zacian-Crowned|100\/100\n|-ability|p2a: Zacian|Intrepid Sword|boost\n|-boost|p2a: Zacian|atk|1\n|turn|12\n|\n|t:|1699417477\n|move|p2a: Zacian|Play Rough|p1a: Iron Bundle\n|-damage|p1a: Iron Bundle|0 fnt\n|faint|p1a: Iron Bundle\n|-end|p1a: Iron Bundle|Quark Drive|[silent]\n|\n|-weather|RainDance|[upkeep]\n|upkeep\n|\n|t:|1699417486\n|switch|p1a: Magearna|Magearna|100\/100\n|turn|13\n|\n|t:|1699417490\n|move|p2a: Zacian|Swords Dance|p2a: Zacian\n|-boost|p2a: Zacian|atk|2\n|move|p1a: Magearna|Trick Room|p1a: Magearna\n|-fieldstart|move: Trick Room|[of] p1a: Magearna\n|\n|-weather|RainDance|[upkeep]\n|upkeep\n|turn|14\n|\n|t:|1699417497\n|move|p1a: Magearna|Calm Mind|p1a: Magearna\n|-boost|p1a: Magearna|spa|1\n|-boost|p1a: Magearna|spd|1\n|move|p2a: Zacian|Behemoth Blade|p1a: Magearna\n|-damage|p1a: Magearna|1\/100\n|\n|-weather|none\n|upkeep\n|turn|15\n|\n|t:|1699417505\n|move|p1a: Magearna|Draining Kiss|p2a: Zacian\n|-resisted|p2a: Zacian\n|-damage|p2a: Zacian|87\/100\n|-heal|p1a: Magearna|12\/100|[from] drain|[of] p2a: Zacian\n|move|p2a: Zacian|Tera Blast|p1a: Magearna\n|-resisted|p1a: Magearna\n|-damage|p1a: Magearna|8\/100\n|\n|upkeep\n|turn|16\n|\n|t:|1699417515\n|move|p1a: Magearna|Draining Kiss|p2a: Zacian\n|-resisted|p2a: Zacian\n|-crit|p2a: Zacian\n|-damage|p2a: Zacian|63\/100\n|-heal|p1a: Magearna|28\/100|[from] drain|[of] p2a: Zacian\n|move|p2a: Zacian|Behemoth Blade|p1a: Magearna\n|-damage|p1a: Magearna|0 fnt\n|faint|p1a: Magearna\n|\n|upkeep\n|\n|t:|1699417525\n|switch|p1a: Iron Moth|Iron Moth, tera:Grass|45\/100\n|turn|17\n|\n|t:|1699417535\n|-terastallize|p2a: Zacian|Fire\n|move|p1a: Iron Moth|Fiery Dance|p2a: Zacian\n|-resisted|p2a: Zacian\n|-damage|p2a: Zacian|43\/100\n|-boost|p1a: Iron Moth|spa|1\n|move|p2a: Zacian|Behemoth Blade|p1a: Iron Moth\n|-damage|p1a: Iron Moth|0 fnt\n|faint|p1a: Iron Moth\n|-end|p1a: Iron Moth|Quark Drive|[silent]\n|\n|-fieldend|move: Trick Room\n|upkeep\n|c|\u2606rooster45|Lol\n|\n|t:|1699417551\n|switch|p1a: Toxapex|Toxapex, M|100\/100\n|turn|18\n|\n|t:|1699417574\n|move|p2a: Zacian|Behemoth Blade|p1a: Toxapex\n|-resisted|p1a: Toxapex\n|-damage|p1a: Toxapex|37\/100\n|move|p1a: Toxapex|Infestation|p2a: Zacian\n|-resisted|p2a: Zacian\n|-crit|p2a: Zacian\n|-damage|p2a: Zacian|41\/100\n|-activate|p2a: Zacian|move: Infestation|[of] p1a: Toxapex\n|\n|-heal|p1a: Toxapex|43\/100|[from] item: Black Sludge\n|-damage|p2a: Zacian|29\/100|[from] move: Infestation|[partiallytrapped]\n|upkeep\n|turn|19\n|\n|t:|1699417585\n|move|p1a: Toxapex|Baneful Bunker|p1a: Toxapex\n|-singleturn|p1a: Toxapex|move: Protect\n|move|p2a: Zacian|Behemoth Blade|p1a: Toxapex\n|-activate|p1a: Toxapex|move: Protect\n|-status|p2a: Zacian|psn\n|\n|-heal|p1a: Toxapex|49\/100|[from] item: Black Sludge\n|-damage|p2a: Zacian|17\/100 psn|[from] psn\n|-damage|p2a: Zacian|4\/100 psn|[from] move: Infestation|[partiallytrapped]\n|upkeep\n|turn|20\n|\n|t:|1699417598\n|move|p1a: Toxapex|Baneful Bunker||[still]\n|-fail|p1a: Toxapex\n|move|p2a: Zacian|Behemoth Blade|p1a: Toxapex\n|-resisted|p1a: Toxapex\n|-damage|p1a: Toxapex|0 fnt\n|faint|p1a: Toxapex\n|\n|-damage|p2a: Zacian|0 fnt|[from] psn\n|faint|p2a: Zacian\n|upkeep\n|\n|t:|1699417610\n|switch|p2a: Eternatus|Eternatus|87\/100\n|switch|p1a: Dragapult|Dragapult, F|100\/100\n|-ability|p2a: Eternatus|Pressure\n|turn|21\n|\n|t:|1699417620\n|move|p1a: Dragapult|Dragon Darts|p2a: Eternatus\n|-supereffective|p2a: Eternatus\n|-damage|p2a: Eternatus|45\/100\n|-anim|p1a: Dragapult|Dragon Darts|p2a: Eternatus\n|-supereffective|p2a: Eternatus\n|-damage|p2a: Eternatus|0 fnt\n|faint|p2a: Eternatus\n|\n|upkeep\n|\n|t:|1699417622\n|switch|p2a: Koraidon|Koraidon|100\/100\n|-weather|SunnyDay|[from] ability: Orichalcum Pulse|[of] p2a: Koraidon\n|-activate|p2a: Koraidon|Orichalcum Pulse|[source]\n|turn|22\n|\n|t:|1699417630\n|move|p2a: Koraidon|Dragon Claw|p1a: Dragapult\n|-supereffective|p1a: Dragapult\n|-enditem|p1a: Dragapult|Focus Sash\n|-damage|p1a: Dragapult|1\/100\n|move|p1a: Dragapult|Dragon Darts|p2a: Koraidon\n|-supereffective|p2a: Koraidon\n|-damage|p2a: Koraidon|52\/100\n|-anim|p1a: Dragapult|Dragon Darts|p2a: Koraidon\n|-supereffective|p2a: Koraidon\n|-damage|p2a: Koraidon|1\/100\n|\n|-weather|SunnyDay|[upkeep]\n|upkeep\n|turn|23\n|\n|t:|1699417642\n|move|p1a: Dragapult|Sucker Punch|p2a: Koraidon\n|-resisted|p2a: Koraidon\n|-damage|p2a: Koraidon|0 fnt\n|faint|p2a: Koraidon\n|\n|win|rooster45\n|raw|rooster45's rating: 1058 &rarr; <strong>1099<\/strong><br \/>(+41 for winning)\n|raw|S3OLY's rating: 1173 &rarr; <strong>1140<\/strong><br \/>(-33 for losing)\n|c|\u2606rooster45|Gg\n|c|\u2606S3OLY|sucker punch\n|c|\u2606S3OLY|is crazy\n|l|\u2606S3OLY\n|c|\u2606rooster45|That was wild\n","uploadtime":1699417661,"views":11,"p1id":"rooster45","p2id":"s3oly","formatid":"gen9ubers","rating":1099,"private":0,"password":""}