{"id":"gen9ubers-1988772645","p1":"the tr4sh man","p2":"VigilanteVigoroth","format":"[Gen 9] Ubers","log":"|j|\u2606the tr4sh man\n|j|\u2606VigilanteVigoroth\n|t:|1699761183\n|gametype|singles\n|player|p1|the tr4sh man|xerosic|\n|player|p2|VigilanteVigoroth|#teamvictini|\n|teamsize|p1|6\n|teamsize|p2|6\n|gen|9\n|tier|[Gen 9] Ubers\n|rule|Sleep Clause Mod: Limit one foe put to sleep\n|rule|Species Clause: Limit one of each Pok\u00e9mon\n|rule|OHKO Clause: OHKO moves are banned\n|rule|Evasion Items Clause: Evasion items are banned\n|rule|Evasion Moves Clause: Evasion moves are banned\n|rule|Endless Battle Clause: Forcing endless battles is banned\n|rule|HP Percentage Mod: HP is shown in percentages\n|clearpoke\n|poke|p1|Maushold|\n|poke|p1|Gardevoir, F|\n|poke|p1|Cetitan, M|\n|poke|p1|Squawkabilly-White, F|\n|poke|p1|Arceus-Poison|\n|poke|p1|Wyrdeer, M|\n|poke|p2|Basculin-White-Striped, F|\n|poke|p2|Politoed, M|\n|poke|p2|Tornadus-Therian, M|\n|poke|p2|Cyclizar, M|\n|poke|p2|Dragapult, F|\n|poke|p2|Rillaboom, F|\n|teampreview\n|c|\u2606VigilanteVigoroth|gl\n|c|\u2606the tr4sh man|u2\n|\n|t:|1699761220\n|start\n|switch|p1a: Squawkabilly|Squawkabilly-White, F|100\/100\n|switch|p2a: Tornadus|Tornadus-Therian, M|100\/100\n|-ability|p1a: Squawkabilly|Intimidate|boost\n|-unboost|p2a: Tornadus|atk|1\n|turn|1\n|\n|t:|1699761241\n|move|p1a: Squawkabilly|Final Gambit|p2a: Tornadus\n|-damage|p2a: Tornadus|0 fnt\n|faint|p1a: Squawkabilly\n|faint|p2a: Tornadus\n|\n|upkeep\n|c|\u2606VigilanteVigoroth|o\n|\n|t:|1699761257\n|switch|p1a: Maushold|Maushold|100\/100\n|switch|p2a: Rillaboom|Rillaboom, F|100\/100\n|-fieldstart|move: Grassy Terrain|[from] ability: Grassy Surge|[of] p2a: Rillaboom\n|turn|2\n|\n|t:|1699761273\n|switch|p1a: Wyrdeer|Wyrdeer, M|100\/100\n|-ability|p1a: Wyrdeer|Intimidate|boost\n|-unboost|p2a: Rillaboom|atk|1\n|move|p2a: Rillaboom|U-turn|p1a: Wyrdeer\n|-supereffective|p1a: Wyrdeer\n|-damage|p1a: Wyrdeer|56\/100\n|-enditem|p1a: Wyrdeer|Weakness Policy\n|-boost|p1a: Wyrdeer|atk|2|[from] item: Weakness Policy\n|-boost|p1a: Wyrdeer|spa|2|[from] item: Weakness Policy\n|\n|t:|1699761286\n|switch|p2a: Cyclizar|Cyclizar, M|100\/100|[from] U-turn\n|\n|-heal|p1a: Wyrdeer|62\/100|[from] Grassy Terrain\n|upkeep\n|turn|3\n|\n|t:|1699761295\n|move|p2a: Cyclizar|Draco Meteor|p1a: Wyrdeer\n|-crit|p1a: Wyrdeer\n|-damage|p1a: Wyrdeer|13\/100\n|-unboost|p2a: Cyclizar|spa|2\n|move|p1a: Wyrdeer|Stored Power|p2a: Cyclizar\n|-damage|p2a: Cyclizar|3\/100\n|\n|-heal|p2a: Cyclizar|10\/100|[from] Grassy Terrain\n|-heal|p1a: Wyrdeer|19\/100|[from] Grassy Terrain\n|upkeep\n|turn|4\n|\n|t:|1699761301\n|move|p2a: Cyclizar|Knock Off|p1a: Wyrdeer\n|-supereffective|p1a: Wyrdeer\n|-damage|p1a: Wyrdeer|0 fnt\n|faint|p1a: Wyrdeer\n|\n|-heal|p2a: Cyclizar|16\/100|[from] Grassy Terrain\n|upkeep\n|\n|t:|1699761314\n|switch|p1a: Cetitan|Cetitan, M|100\/100\n|turn|5\n|\n|t:|1699761325\n|switch|p2a: Politoed|Politoed, M|100\/100\n|-weather|RainDance|[from] ability: Drizzle|[of] p2a: Politoed\n|move|p1a: Cetitan|Ice Shard|p2a: Politoed\n|-resisted|p2a: Politoed\n|-damage|p2a: Politoed|90\/100\n|\n|-weather|RainDance|[upkeep]\n|-heal|p2a: Politoed|96\/100|[from] Grassy Terrain\n|upkeep\n|turn|6\n|\n|t:|1699761332\n|switch|p1a: Gardevoir|Gardevoir, F|100\/100\n|move|p2a: Politoed|Surf|p1a: Gardevoir\n|-damage|p1a: Gardevoir|50\/100\n|\n|-weather|RainDance|[upkeep]\n|-heal|p1a: Gardevoir|56\/100|[from] Grassy Terrain\n|-heal|p2a: Politoed|100\/100|[from] Grassy Terrain\n|-fieldend|move: Grassy Terrain\n|upkeep\n|turn|7\n|j| GratedsShtickface\n|j| Pajoomas!\n|\n|t:|1699761343\n|move|p1a: Gardevoir|Wish|p1a: Gardevoir\n|move|p2a: Politoed|Surf|p1a: Gardevoir\n|-crit|p1a: Gardevoir\n|-damage|p1a: Gardevoir|0 fnt\n|faint|p1a: Gardevoir\n|\n|-weather|RainDance|[upkeep]\n|upkeep\n|\n|t:|1699761349\n|switch|p1a: Maushold|Maushold|100\/100\n|turn|8\n|\n|t:|1699761355\n|switch|p2a: Dragapult|Dragapult, F, shiny|100\/100\n|move|p1a: Maushold|Tidy Up|p1a: Maushold\n|-boost|p1a: Maushold|atk|1\n|-boost|p1a: Maushold|spe|1\n|\n|-weather|RainDance|[upkeep]\n|upkeep\n|turn|9\n|l| GratedsShtickface\n|\n|t:|1699761362\n|move|p1a: Maushold|Bite|p2a: Dragapult\n|-supereffective|p2a: Dragapult\n|-damage|p2a: Dragapult|0 fnt\n|faint|p2a: Dragapult\n|\n|-weather|RainDance|[upkeep]\n|upkeep\n|\n|t:|1699761372\n|switch|p2a: Rillaboom|Rillaboom, F|100\/100\n|-fieldstart|move: Grassy Terrain|[from] ability: Grassy Surge|[of] p2a: Rillaboom\n|turn|10\n|\n|t:|1699761378\n|switch|p1a: Arceus|Arceus-Poison|100\/100\n|-terastallize|p2a: Rillaboom|Grass\n|move|p2a: Rillaboom|Grassy Glide|p1a: Arceus\n|-resisted|p1a: Arceus\n|-damage|p1a: Arceus|73\/100\n|\n|-weather|RainDance|[upkeep]\n|-heal|p1a: Arceus|79\/100|[from] Grassy Terrain\n|upkeep\n|turn|11\n|\n|t:|1699761388\n|switch|p2a: Basculin|Basculin-White-Striped, F|100\/100\n|move|p1a: Arceus|Poison Jab|p2a: Basculin\n|-damage|p2a: Basculin|4\/100\n|\n|-weather|RainDance|[upkeep]\n|-heal|p2a: Basculin|10\/100|[from] Grassy Terrain\n|-heal|p1a: Arceus|85\/100|[from] Grassy Terrain\n|upkeep\n|turn|12\n|\n|t:|1699761397\n|move|p1a: Arceus|Extreme Speed|p2a: Basculin\n|-damage|p2a: Basculin|0 fnt\n|faint|p2a: Basculin\n|\n|-weather|none\n|-heal|p1a: Arceus|91\/100|[from] Grassy Terrain\n|upkeep\n|\n|t:|1699761408\n|switch|p2a: Politoed|Politoed, M|100\/100\n|-weather|RainDance|[from] ability: Drizzle|[of] p2a: Politoed\n|turn|13\n|\n|t:|1699761417\n|switch|p1a: Cetitan|Cetitan, M|100\/100\n|move|p2a: Politoed|Surf|p1a: Cetitan\n|-damage|p1a: Cetitan|27\/100\n|-enditem|p1a: Cetitan|Sitrus Berry|[eat]\n|-heal|p1a: Cetitan|52\/100|[from] item: Sitrus Berry\n|\n|-weather|RainDance|[upkeep]\n|-heal|p1a: Cetitan|58\/100|[from] Grassy Terrain\n|upkeep\n|turn|14\n|\n|t:|1699761421\n|move|p2a: Politoed|Surf|p1a: Cetitan\n|-damage|p1a: Cetitan|0 fnt\n|faint|p1a: Cetitan\n|\n|-weather|RainDance|[upkeep]\n|-fieldend|move: Grassy Terrain\n|upkeep\n|\n|t:|1699761424\n|switch|p1a: Maushold|Maushold|100\/100\n|turn|15\n|\n|t:|1699761428\n|move|p1a: Maushold|Population Bomb|p2a: Politoed\n|-damage|p2a: Politoed|89\/100\n|-damage|p2a: Politoed|76\/100\n|-damage|p2a: Politoed|64\/100\n|-damage|p2a: Politoed|52\/100\n|-crit|p2a: Politoed\n|-damage|p2a: Politoed|34\/100\n|-damage|p2a: Politoed|21\/100\n|-damage|p2a: Politoed|9\/100\n|-damage|p2a: Politoed|0 fnt\n|faint|p2a: Politoed\n|-hitcount|p2: Politoed|8\n|\n|-weather|RainDance|[upkeep]\n|upkeep\n|\n|t:|1699761441\n|switch|p2a: Cyclizar|Cyclizar, M|49\/100\n|turn|16\n|\n|t:|1699761446\n|move|p2a: Cyclizar|Knock Off|p1a: Maushold\n|-damage|p1a: Maushold|65\/100\n|-enditem|p1a: Maushold|Wide Lens|[from] move: Knock Off|[of] p2a: Cyclizar\n|move|p1a: Maushold|Population Bomb|p2a: Cyclizar\n|-crit|p2a: Cyclizar\n|-damage|p2a: Cyclizar|24\/100\n|-hitcount|p2a: Cyclizar|1\n|\n|-weather|RainDance|[upkeep]\n|upkeep\n|turn|17\n|\n|t:|1699761459\n|move|p2a: Cyclizar|Draco Meteor|p1a: Maushold\n|-damage|p1a: Maushold|3\/100\n|-unboost|p2a: Cyclizar|spa|2\n|move|p1a: Maushold|Population Bomb|p2a: Cyclizar\n|-damage|p2a: Cyclizar|7\/100\n|-damage|p2a: Cyclizar|0 fnt\n|faint|p2a: Cyclizar\n|-hitcount|p2: Cyclizar|2\n|\n|-weather|RainDance|[upkeep]\n|upkeep\n|c|\u2606the tr4sh man|that was the best turn of all time\n|\n|t:|1699761462\n|switch|p2a: Rillaboom|Rillaboom, F, tera:Grass|100\/100\n|-fieldstart|move: Grassy Terrain|[from] ability: Grassy Surge|[of] p2a: Rillaboom\n|turn|18\n|\n|t:|1699761467\n|move|p1a: Maushold|Population Bomb|p2a: Rillaboom\n|-damage|p2a: Rillaboom|87\/100\n|-damage|p2a: Rillaboom|74\/100\n|-damage|p2a: Rillaboom|61\/100\n|-damage|p2a: Rillaboom|48\/100\n|-hitcount|p2a: Rillaboom|4\n|move|p2a: Rillaboom|Wood Hammer|p1a: Maushold\n|-damage|p1a: Maushold|0 fnt\n|faint|p1a: Maushold\n|-damage|p2a: Rillaboom|48\/100|[from] Recoil\n|\n|-weather|RainDance|[upkeep]\n|-heal|p2a: Rillaboom|54\/100|[from] Grassy Terrain\n|upkeep\n|\n|t:|1699761469\n|switch|p1a: Arceus|Arceus-Poison|91\/100\n|turn|19\n|\n|t:|1699761470\n|move|p1a: Arceus|Poison Jab|p2a: Rillaboom\n|-supereffective|p2a: Rillaboom\n|-damage|p2a: Rillaboom|0 fnt\n|faint|p2a: Rillaboom\n|\n|win|the tr4sh man\n|c|\u2606the tr4sh man|gg\n|c|\u2606VigilanteVigoroth|gg\n|l|\u2606VigilanteVigoroth\n","uploadtime":1699761476,"views":5,"p1id":"thetr4shman","p2id":"vigilantevigoroth","formatid":"gen9ubers","rating":0,"private":0,"password":""}