{"id":"gen9ubers-1996627536","p1":"BagMan187","p2":"Dang Rope Fan","format":"[Gen 9] Ubers","log":"|j|\u2606BagMan187\n|j|\u2606Dang Rope Fan\n|t:|1700702388\n|gametype|singles\n|player|p1|BagMan187|ash-kalos|\n|player|p2|Dang Rope Fan|evelyn|\n|teamsize|p1|6\n|teamsize|p2|6\n|gen|9\n|tier|[Gen 9] Ubers\n|rule|Sleep Clause Mod: Limit one foe put to sleep\n|rule|Species Clause: Limit one of each Pok\u00e9mon\n|rule|OHKO Clause: OHKO moves are banned\n|rule|Evasion Items Clause: Evasion items are banned\n|rule|Evasion Moves Clause: Evasion moves are banned\n|rule|Endless Battle Clause: Forcing endless battles is banned\n|rule|HP Percentage Mod: HP is shown in percentages\n|clearpoke\n|poke|p1|Greninja-*, F|\n|poke|p1|Slowking-Galar, M|\n|poke|p1|Blissey, F|\n|poke|p1|Talonflame, F|\n|poke|p1|Salazzle, F|\n|poke|p1|Ursaluna-Bloodmoon, M|\n|poke|p2|Uxie|\n|poke|p2|Palafin, M|\n|poke|p2|Shaymin|\n|poke|p2|Magearna|\n|poke|p2|Slowbro-Galar, M|\n|poke|p2|Darkrai|\n|teampreview\n|inactive|Battle timer is ON: inactive players will automatically lose when time's up. (requested by BagMan187)\n|inactive|Dang Rope Fan also wants the timer to be on.\n|c|\u2606BagMan187|glhf\n|c|\u2606Dang Rope Fan|yt\n|\n|t:|1700702412\n|start\n|switch|p1a: Salazzle|Salazzle, F|100\/100\n|switch|p2a: Palafin|Palafin, M|100\/100\n|turn|1\n|\n|t:|1700702426\n|detailschange|p2a: Palafin|Palafin-Hero, M\n|switch|p2a: Uxie|Uxie|100\/100\n|move|p1a: Salazzle|Toxic|p2a: Uxie\n|-status|p2a: Uxie|tox\n|\n|-damage|p2a: Uxie|94\/100 tox|[from] psn\n|upkeep\n|turn|2\n|\n|t:|1700702448\n|move|p1a: Salazzle|Substitute|p1a: Salazzle\n|-start|p1a: Salazzle|Substitute\n|-damage|p1a: Salazzle|76\/100\n|move|p2a: Uxie|Encore|p1a: Salazzle\n|-start|p1a: Salazzle|Encore\n|\n|-heal|p1a: Salazzle|82\/100|[from] item: Black Sludge\n|-damage|p2a: Uxie|82\/100 tox|[from] psn\n|upkeep\n|turn|3\n|\n|t:|1700702454\n|move|p1a: Salazzle|Substitute|p1a: Salazzle\n|-fail|p1a: Salazzle|move: Substitute\n|move|p2a: Uxie|Light Screen|p2a: Uxie\n|-sidestart|p2: Dang Rope Fan|move: Light Screen\n|\n|-heal|p1a: Salazzle|88\/100|[from] item: Black Sludge\n|-damage|p2a: Uxie|63\/100 tox|[from] psn\n|upkeep\n|turn|4\n|\n|t:|1700702462\n|switch|p1a: Blissey|Blissey, F|100\/100\n|move|p2a: Uxie|Reflect|p2a: Uxie\n|-sidestart|p2: Dang Rope Fan|Reflect\n|\n|-damage|p2a: Uxie|38\/100 tox|[from] psn\n|upkeep\n|turn|5\n|\n|t:|1700702465\n|move|p2a: Uxie|Memento|p1a: Blissey\n|-unboost|p1a: Blissey|atk|2\n|-unboost|p1a: Blissey|spa|2\n|faint|p2a: Uxie\n|move|p1a: Blissey|Stealth Rock|p2: Uxie\n|-sidestart|p2: Dang Rope Fan|move: Stealth Rock\n|\n|upkeep\n|\n|t:|1700702470\n|switch|p2a: Slowbro|Slowbro-Galar, M|100\/100\n|-damage|p2a: Slowbro|88\/100|[from] Stealth Rock\n|turn|6\n|\n|t:|1700702475\n|switch|p1a: Slowking|Slowking-Galar, M|100\/100\n|move|p2a: Slowbro|Belly Drum|p2a: Slowbro\n|-damage|p2a: Slowbro|38\/100\n|-setboost|p2a: Slowbro|atk|6|[from] move: Belly Drum\n|\n|upkeep\n|turn|7\n|\n|t:|1700702481\n|-terastallize|p1a: Slowking|Dark\n|move|p2a: Slowbro|Zen Headbutt|p1a: Slowking\n|-immune|p1a: Slowking\n|move|p1a: Slowking|Foul Play|p2a: Slowbro\n|-supereffective|p2a: Slowbro\n|-damage|p2a: Slowbro|0 fnt\n|faint|p2a: Slowbro\n|\n|upkeep\n|\n|t:|1700702488\n|switch|p2a: Magearna|Magearna|100\/100\n|turn|8\n|\n|t:|1700702494\n|move|p2a: Magearna|Substitute|p2a: Magearna\n|-start|p2a: Magearna|Substitute\n|-damage|p2a: Magearna|76\/100\n|move|p1a: Slowking|Chilly Reception|p1a: Slowking\n|-weather|Snow\n|\n|t:|1700702504\n|switch|p1a: Ursaluna|Ursaluna-Bloodmoon, M|100\/100|[from] Chilly Reception\n|\n|-weather|Snow|[upkeep]\n|upkeep\n|turn|9\n|\n|t:|1700702508\n|move|p2a: Magearna|Shift Gear|p2a: Magearna\n|-boost|p2a: Magearna|spe|2\n|-boost|p2a: Magearna|atk|1\n|move|p1a: Ursaluna|Headlong Rush|p2a: Magearna\n|-supereffective|p2a: Magearna\n|-end|p2a: Magearna|Substitute\n|-unboost|p1a: Ursaluna|def|1\n|-unboost|p1a: Ursaluna|spd|1\n|\n|-weather|Snow|[upkeep]\n|upkeep\n|turn|10\n|\n|t:|1700702511\n|move|p2a: Magearna|Substitute|p2a: Magearna\n|-start|p2a: Magearna|Substitute\n|-damage|p2a: Magearna|51\/100\n|move|p1a: Ursaluna|Headlong Rush|p2a: Magearna\n|-supereffective|p2a: Magearna\n|-end|p2a: Magearna|Substitute\n|-unboost|p1a: Ursaluna|def|1\n|-unboost|p1a: Ursaluna|spd|1\n|\n|-weather|Snow|[upkeep]\n|-sideend|p2: Dang Rope Fan|move: Light Screen\n|upkeep\n|turn|11\n|\n|t:|1700702515\n|switch|p1a: Talonflame|Talonflame, F|100\/100\n|move|p2a: Magearna|Iron Head|p1a: Talonflame\n|-resisted|p1a: Talonflame\n|-damage|p1a: Talonflame|70\/100\n|-status|p2a: Magearna|brn|[from] ability: Flame Body|[of] p1a: Talonflame\n|\n|-weather|Snow|[upkeep]\n|-damage|p2a: Magearna|45\/100 brn|[from] brn\n|-sideend|p2: Dang Rope Fan|Reflect\n|upkeep\n|turn|12\n|\n|t:|1700702519\n|move|p2a: Magearna|Zen Headbutt|p1a: Talonflame\n|-damage|p1a: Talonflame|48\/100\n|move|p1a: Talonflame|Flamethrower|p2a: Magearna\n|-supereffective|p2a: Magearna\n|-damage|p2a: Magearna|0 fnt\n|faint|p2a: Magearna\n|\n|-weather|none\n|upkeep\n|\n|t:|1700702524\n|switch|p2a: Palafin|Palafin-Hero, M|100\/100\n|-damage|p2a: Palafin|88\/100|[from] Stealth Rock\n|-activate|p2a: Palafin|ability: Zero to Hero\n|turn|13\n|\n|t:|1700702527\n|switch|p1a: Blissey|Blissey, F|100\/100\n|move|p2a: Palafin|Surf|p1a: Blissey\n|-damage|p1a: Blissey|86\/100\n|\n|-heal|p1a: Blissey|92\/100|[from] item: Leftovers\n|upkeep\n|turn|14\n|\n|t:|1700702532\n|move|p2a: Palafin|Taunt|p1a: Blissey\n|-start|p1a: Blissey|move: Taunt\n|move|p1a: Blissey|Seismic Toss|p2a: Palafin\n|-damage|p2a: Palafin|59\/100\n|\n|-heal|p1a: Blissey|98\/100|[from] item: Leftovers\n|upkeep\n|turn|15\n|\n|t:|1700702536\n|-terastallize|p2a: Palafin|Ghost\n|move|p2a: Palafin|Boomburst|p1a: Blissey\n|-damage|p1a: Blissey|82\/100\n|-enditem|p2a: Palafin|Throat Spray\n|-boost|p2a: Palafin|spa|1|[from] item: Throat Spray\n|move|p1a: Blissey|Seismic Toss|p2a: Palafin\n|-immune|p2a: Palafin\n|\n|-heal|p1a: Blissey|88\/100|[from] item: Leftovers\n|upkeep\n|turn|16\n|\n|t:|1700702544\n|switch|p1a: Slowking|Slowking-Galar, M, tera:Dark|100\/100\n|move|p2a: Palafin|Focus Blast|p1a: Slowking\n|-supereffective|p1a: Slowking\n|-crit|p1a: Slowking\n|-damage|p1a: Slowking|0 fnt\n|faint|p1a: Slowking\n|\n|upkeep\n|\n|t:|1700702548\n|switch|p1a: Salazzle|Salazzle, F|88\/100\n|turn|17\n|\n|t:|1700702549\n|move|p1a: Salazzle|Toxic|p2a: Palafin\n|-status|p2a: Palafin|tox\n|move|p2a: Palafin|Surf|p1a: Salazzle\n|-supereffective|p1a: Salazzle\n|-crit|p1a: Salazzle\n|-damage|p1a: Salazzle|0 fnt\n|faint|p1a: Salazzle\n|\n|-damage|p2a: Palafin|53\/100 tox|[from] psn\n|upkeep\n|\n|t:|1700702553\n|switch|p1a: Blissey|Blissey, F|88\/100\n|turn|18\n|\n|t:|1700702556\n|move|p2a: Palafin|Taunt|p1a: Blissey\n|-start|p1a: Blissey|move: Taunt\n|move|p1a: Blissey|Seismic Toss|p2a: Palafin\n|-immune|p2a: Palafin\n|\n|-heal|p1a: Blissey|94\/100|[from] item: Leftovers\n|-damage|p2a: Palafin|40\/100 tox|[from] psn\n|upkeep\n|turn|19\n|\n|t:|1700702558\n|move|p2a: Palafin|Focus Blast|p1a: Blissey\n|-supereffective|p1a: Blissey\n|-damage|p1a: Blissey|52\/100\n|-unboost|p1a: Blissey|spd|1\n|move|p1a: Blissey|Seismic Toss|p2a: Palafin\n|-immune|p2a: Palafin\n|\n|-heal|p1a: Blissey|58\/100|[from] item: Leftovers\n|-damage|p2a: Palafin|22\/100 tox|[from] psn\n|upkeep\n|turn|20\n|\n|t:|1700702562\n|move|p2a: Palafin|Boomburst|p1a: Blissey\n|-damage|p1a: Blissey|26\/100\n|move|p1a: Blissey|Seismic Toss|p2a: Palafin\n|-immune|p2a: Palafin\n|\n|-heal|p1a: Blissey|32\/100|[from] item: Leftovers\n|-damage|p2a: Palafin|0 fnt|[from] psn\n|faint|p2a: Palafin\n|-end|p1a: Blissey|move: Taunt\n|upkeep\n|\n|t:|1700702567\n|switch|p2a: Darkrai|Darkrai|100\/100\n|-damage|p2a: Darkrai|88\/100|[from] Stealth Rock\n|turn|21\n|\n|t:|1700702570\n|move|p2a: Darkrai|Knock Off|p1a: Blissey\n|-damage|p1a: Blissey|0 fnt\n|-enditem|p1a: Blissey|Leftovers|[from] move: Knock Off|[of] p2a: Darkrai\n|faint|p1a: Blissey\n|-damage|p2a: Darkrai|78\/100|[from] item: Life Orb\n|\n|upkeep\n|\n|t:|1700702572\n|switch|p1a: Talonflame|Talonflame, F|48\/100\n|turn|22\n|\n|t:|1700702574\n|move|p2a: Darkrai|Sucker Punch||[still]\n|-fail|p2a: Darkrai\n|move|p1a: Talonflame|Will-O-Wisp|p2a: Darkrai\n|-status|p2a: Darkrai|brn\n|\n|-damage|p2a: Darkrai|72\/100 brn|[from] brn\n|upkeep\n|turn|23\n|\n|t:|1700702577\n|move|p1a: Talonflame|Roost|p1a: Talonflame\n|-heal|p1a: Talonflame|98\/100\n|-singleturn|p1a: Talonflame|move: Roost\n|move|p2a: Darkrai|Swords Dance|p2a: Darkrai\n|-boost|p2a: Darkrai|atk|2\n|\n|-damage|p2a: Darkrai|66\/100 brn|[from] brn\n|upkeep\n|turn|24\n|\n|t:|1700702579\n|move|p1a: Talonflame|Flamethrower|p2a: Darkrai\n|-damage|p2a: Darkrai|32\/100 brn\n|move|p2a: Darkrai|Knock Off|p1a: Talonflame\n|-damage|p1a: Talonflame|32\/100\n|-enditem|p1a: Talonflame|Heavy-Duty Boots|[from] move: Knock Off|[of] p2a: Darkrai\n|-damage|p2a: Darkrai|22\/100 brn|[from] item: Life Orb\n|\n|-damage|p2a: Darkrai|16\/100 brn|[from] brn\n|upkeep\n|turn|25\n|\n|t:|1700702582\n|move|p1a: Talonflame|Roost|p1a: Talonflame\n|-heal|p1a: Talonflame|82\/100\n|-singleturn|p1a: Talonflame|move: Roost\n|move|p2a: Darkrai|Knock Off|p1a: Talonflame\n|-damage|p1a: Talonflame|35\/100\n|-damage|p2a: Darkrai|6\/100 brn|[from] item: Life Orb\n|\n|-damage|p2a: Darkrai|0 fnt|[from] brn\n|faint|p2a: Darkrai\n|upkeep\n|\n|t:|1700702587\n|switch|p2a: Shaymin|Shaymin|100\/100\n|-damage|p2a: Shaymin|88\/100|[from] Stealth Rock\n|turn|26\n|\n|t:|1700702592\n|move|p2a: Shaymin|Seed Flare|p1a: Talonflame\n|-resisted|p1a: Talonflame\n|-damage|p1a: Talonflame|18\/100\n|move|p1a: Talonflame|Will-O-Wisp|p2a: Shaymin\n|-status|p2a: Shaymin|brn\n|\n|-damage|p2a: Shaymin|82\/100 brn|[from] brn\n|upkeep\n|turn|27\n|\n|t:|1700702596\n|move|p2a: Shaymin|Seed Flare|p1a: Talonflame\n|-resisted|p1a: Talonflame\n|-damage|p1a: Talonflame|2\/100\n|move|p1a: Talonflame|Roost|p1a: Talonflame\n|-heal|p1a: Talonflame|52\/100\n|-singleturn|p1a: Talonflame|move: Roost\n|\n|-damage|p2a: Shaymin|76\/100 brn|[from] brn\n|upkeep\n|turn|28\n|\n|t:|1700702599\n|move|p2a: Shaymin|Seed Flare|p1a: Talonflame\n|-resisted|p1a: Talonflame\n|-damage|p1a: Talonflame|36\/100\n|move|p1a: Talonflame|Roost|p1a: Talonflame\n|-heal|p1a: Talonflame|86\/100\n|-singleturn|p1a: Talonflame|move: Roost\n|\n|-damage|p2a: Shaymin|70\/100 brn|[from] brn\n|upkeep\n|turn|29\n|\n|t:|1700702604\n|move|p2a: Shaymin|Seed Flare|p1a: Talonflame\n|-resisted|p1a: Talonflame\n|-damage|p1a: Talonflame|69\/100\n|-unboost|p1a: Talonflame|spd|2\n|move|p1a: Talonflame|Roost|p1a: Talonflame\n|-heal|p1a: Talonflame|100\/100\n|-singleturn|p1a: Talonflame|move: Roost\n|\n|-damage|p2a: Shaymin|64\/100 brn|[from] brn\n|upkeep\n|turn|30\n|\n|t:|1700702611\n|switch|p1a: Ursaluna|Ursaluna-Bloodmoon, M|100\/100\n|move|p2a: Shaymin|Seed Flare|p1a: Ursaluna\n|-supereffective|p1a: Ursaluna\n|-damage|p1a: Ursaluna|0 fnt\n|faint|p1a: Ursaluna\n|\n|-damage|p2a: Shaymin|57\/100 brn|[from] brn\n|upkeep\n|\n|t:|1700702613\n|switch|p1a: Talonflame|Talonflame, F|100\/100\n|turn|31\n|\n|t:|1700702616\n|move|p2a: Shaymin|Seed Flare|p1a: Talonflame|[miss]\n|-miss|p2a: Shaymin|p1a: Talonflame\n|move|p1a: Talonflame|Flamethrower|p2a: Shaymin\n|-supereffective|p2a: Shaymin\n|-damage|p2a: Shaymin|8\/100 brn\n|\n|-damage|p2a: Shaymin|1\/100 brn|[from] brn\n|upkeep\n|turn|32\n|c|\u2606Dang Rope Fan|that 40% fake as hell\n|c|\u2606Dang Rope Fan|gg\n|\n|t:|1700702624\n|move|p2a: Shaymin|Seed Flare|p1a: Talonflame\n|-resisted|p1a: Talonflame\n|-damage|p1a: Talonflame|82\/100\n|move|p1a: Talonflame|Flamethrower|p2a: Shaymin\n|-supereffective|p2a: Shaymin\n|-damage|p2a: Shaymin|0 fnt\n|faint|p2a: Shaymin\n|\n|win|BagMan187\n|l|\u2606Dang Rope Fan\n|c|\u2606BagMan187|gg\n|j|\u2606Dang Rope Fan\n|player|p2|Dang Rope Fan|evelyn\n","uploadtime":1700702634,"views":19,"p1id":"bagman187","p2id":"dangropefan","formatid":"gen9ubers","rating":0,"private":0,"password":""}