{"id":"gen9ubers-1999626638","p1":"rohnox37","p2":"XAKERSolo","format":"[Gen 9] Ubers","log":"|j|\u2606rohnox37\n|j|\u2606XAKERSolo\n|t:|1701102446\n|gametype|singles\n|player|p1|rohnox37|giovanni|\n|player|p2|XAKERSolo|dawn|\n|teamsize|p1|6\n|teamsize|p2|6\n|gen|9\n|tier|[Gen 9] Ubers\n|rule|Sleep Clause Mod: Limit one foe put to sleep\n|rule|Species Clause: Limit one of each Pok\u00e9mon\n|rule|OHKO Clause: OHKO moves are banned\n|rule|Evasion Items Clause: Evasion items are banned\n|rule|Evasion Moves Clause: Evasion moves are banned\n|rule|Endless Battle Clause: Forcing endless battles is banned\n|rule|HP Percentage Mod: HP is shown in percentages\n|clearpoke\n|poke|p1|Zacian-*|\n|poke|p1|Landorus-Therian, M|\n|poke|p1|Skeledirge, F|\n|poke|p1|Kyogre|\n|poke|p1|Miraidon|\n|poke|p1|Ogerpon, F|\n|poke|p2|Volcarona, M|\n|poke|p2|Annihilape, M|\n|poke|p2|Gliscor, M|\n|poke|p2|Kingambit, M|\n|poke|p2|Flutter Mane|\n|poke|p2|Ogerpon-Hearthflame, F|\n|teampreview\n|\n|t:|1701102481\n|start\n|switch|p1a: Landorus|Landorus-Therian, M|100\/100\n|switch|p2a: Flutter Mane|Flutter Mane|100\/100\n|-ability|p1a: Landorus|Intimidate|boost\n|-unboost|p2a: Flutter Mane|atk|1\n|-enditem|p2a: Flutter Mane|Booster Energy\n|-activate|p2a: Flutter Mane|ability: Protosynthesis|[fromitem]\n|-start|p2a: Flutter Mane|protosynthesisspe\n|turn|1\n|\n|t:|1701102494\n|move|p2a: Flutter Mane|Moonblast|p1a: Landorus\n|-damage|p1a: Landorus|36\/100\n|move|p1a: Landorus|Earthquake|p2a: Flutter Mane\n|-damage|p2a: Flutter Mane|0 fnt\n|faint|p2a: Flutter Mane\n|-end|p2a: Flutter Mane|Protosynthesis|[silent]\n|\n|upkeep\n|\n|t:|1701102504\n|switch|p2a: Gliscor|Gliscor, M|100\/100\n|turn|2\n|\n|t:|1701102517\n|switch|p1a: Kyogre|Kyogre|100\/100\n|-weather|RainDance|[from] ability: Drizzle|[of] p1a: Kyogre\n|move|p2a: Gliscor|Dual Wingbeat|p1a: Kyogre\n|-crit|p1a: Kyogre\n|-damage|p1a: Kyogre|77\/100\n|-damage|p1a: Kyogre|62\/100\n|-hitcount|p1a: Kyogre|2\n|\n|-weather|RainDance|[upkeep]\n|-status|p2a: Gliscor|tox|[from] item: Toxic Orb\n|upkeep\n|turn|3\n|\n|t:|1701102537\n|-terastallize|p2a: Gliscor|Water\n|move|p1a: Kyogre|Ice Beam|p2a: Gliscor\n|-resisted|p2a: Gliscor\n|-damage|p2a: Gliscor|75\/100 tox\n|move|p2a: Gliscor|Dual Wingbeat|p1a: Kyogre\n|-damage|p1a: Kyogre|47\/100\n|-damage|p1a: Kyogre|31\/100\n|-hitcount|p1a: Kyogre|2\n|\n|-weather|RainDance|[upkeep]\n|-heal|p2a: Gliscor|87\/100 tox|[from] ability: Poison Heal\n|upkeep\n|turn|4\n|\n|t:|1701102558\n|switch|p1a: Landorus|Landorus-Therian, M|36\/100\n|-ability|p1a: Landorus|Intimidate|boost\n|-unboost|p2a: Gliscor|atk|1\n|move|p2a: Gliscor|Dual Wingbeat|p1a: Landorus\n|-damage|p1a: Landorus|25\/100\n|-damage|p1a: Landorus|14\/100\n|-hitcount|p1a: Landorus|2\n|\n|-weather|RainDance|[upkeep]\n|-heal|p2a: Gliscor|99\/100 tox|[from] ability: Poison Heal\n|upkeep\n|turn|5\n|\n|t:|1701102574\n|move|p1a: Landorus|Earthquake|p2a: Gliscor\n|-damage|p2a: Gliscor|55\/100 tox\n|move|p2a: Gliscor|Spikes|p1a: Landorus\n|-sidestart|p1: rohnox37|Spikes\n|\n|-weather|RainDance|[upkeep]\n|-heal|p2a: Gliscor|67\/100 tox|[from] ability: Poison Heal\n|upkeep\n|turn|6\n|\n|t:|1701102583\n|move|p1a: Landorus|U-turn|p2a: Gliscor\n|-damage|p2a: Gliscor|47\/100 tox\n|\n|t:|1701102586\n|switch|p1a: Kyogre|Kyogre|31\/100|[from] U-turn\n|-damage|p1a: Kyogre|19\/100|[from] Spikes\n|move|p2a: Gliscor|Dual Wingbeat|p1a: Kyogre\n|-damage|p1a: Kyogre|8\/100\n|-damage|p1a: Kyogre|0 fnt\n|faint|p1a: Kyogre\n|-hitcount|p1: Kyogre|2\n|\n|-weather|none\n|-heal|p2a: Gliscor|60\/100 tox|[from] ability: Poison Heal\n|upkeep\n|\n|t:|1701102589\n|switch|p1a: Ogerpon|Ogerpon, F|100\/100\n|-damage|p1a: Ogerpon|88\/100|[from] Spikes\n|turn|7\n|\n|t:|1701102606\n|switch|p2a: Volcarona|Volcarona, M|100\/100\n|move|p1a: Ogerpon|Trailblaze|p2a: Volcarona\n|-resisted|p2a: Volcarona\n|-damage|p2a: Volcarona|94\/100\n|-boost|p1a: Ogerpon|spe|1\n|-status|p1a: Ogerpon|brn|[from] ability: Flame Body|[of] p2a: Volcarona\n|\n|-damage|p1a: Ogerpon|82\/100 brn|[from] brn\n|upkeep\n|turn|8\n|\n|t:|1701102620\n|move|p1a: Ogerpon|U-turn|p2a: Volcarona\n|-resisted|p2a: Volcarona\n|-damage|p2a: Volcarona|88\/100\n|\n|t:|1701102629\n|switch|p1a: Landorus|Landorus-Therian, M|14\/100|[from] U-turn\n|-ability|p1a: Landorus|Intimidate|boost\n|-unboost|p2a: Volcarona|atk|1\n|move|p2a: Volcarona|Quiver Dance|p2a: Volcarona\n|-boost|p2a: Volcarona|spa|1\n|-boost|p2a: Volcarona|spd|1\n|-boost|p2a: Volcarona|spe|1\n|\n|upkeep\n|turn|9\n|\n|t:|1701102638\n|move|p2a: Volcarona|Flamethrower|p1a: Landorus\n|-damage|p1a: Landorus|0 fnt\n|faint|p1a: Landorus\n|\n|upkeep\n|\n|t:|1701102645\n|switch|p1a: Skeledirge|Skeledirge, F|100\/100\n|-damage|p1a: Skeledirge|88\/100|[from] Spikes\n|turn|10\n|\n|t:|1701102657\n|switch|p2a: Gliscor|Gliscor, M, tera:Water|60\/100 tox\n|move|p1a: Skeledirge|Flame Charge|p2a: Gliscor\n|-resisted|p2a: Gliscor\n|-damage|p2a: Gliscor|55\/100 tox\n|-boost|p1a: Skeledirge|spe|1\n|\n|-heal|p2a: Gliscor|67\/100 tox|[from] ability: Poison Heal\n|upkeep\n|turn|11\n|\n|t:|1701102672\n|move|p2a: Gliscor|Dual Wingbeat|p1a: Skeledirge\n|-damage|p1a: Skeledirge|77\/100\n|-damage|p1a: Skeledirge|66\/100\n|-hitcount|p1a: Skeledirge|2\n|move|p1a: Skeledirge|Torch Song|p2a: Gliscor\n|-resisted|p2a: Gliscor\n|-damage|p2a: Gliscor|52\/100 tox\n|-boost|p1a: Skeledirge|spa|1\n|\n|-heal|p2a: Gliscor|65\/100 tox|[from] ability: Poison Heal\n|upkeep\n|turn|12\n|\n|t:|1701102681\n|move|p2a: Gliscor|Earthquake|p1a: Skeledirge\n|-supereffective|p1a: Skeledirge\n|-damage|p1a: Skeledirge|6\/100\n|-enditem|p1a: Skeledirge|Sitrus Berry|[eat]\n|-heal|p1a: Skeledirge|31\/100|[from] item: Sitrus Berry\n|move|p1a: Skeledirge|Torch Song|p2a: Gliscor\n|-resisted|p2a: Gliscor\n|-damage|p2a: Gliscor|42\/100 tox\n|-boost|p1a: Skeledirge|spa|1\n|\n|-heal|p2a: Gliscor|54\/100 tox|[from] ability: Poison Heal\n|upkeep\n|turn|13\n|\n|t:|1701102691\n|switch|p1a: Ogerpon|Ogerpon, F|82\/100 brn\n|-damage|p1a: Ogerpon|70\/100 brn|[from] Spikes\n|move|p2a: Gliscor|Earthquake|p1a: Ogerpon\n|-resisted|p1a: Ogerpon\n|-damage|p1a: Ogerpon|50\/100 brn\n|\n|-heal|p2a: Gliscor|67\/100 tox|[from] ability: Poison Heal\n|-damage|p1a: Ogerpon|44\/100 brn|[from] brn\n|upkeep\n|turn|14\n|\n|t:|1701102700\n|move|p2a: Gliscor|Protect|p2a: Gliscor\n|-singleturn|p2a: Gliscor|Protect\n|move|p1a: Ogerpon|Stomping Tantrum|p2a: Gliscor\n|-activate|p2a: Gliscor|move: Protect\n|\n|-heal|p2a: Gliscor|79\/100 tox|[from] ability: Poison Heal\n|-damage|p1a: Ogerpon|38\/100 brn|[from] brn\n|upkeep\n|turn|15\n|\n|t:|1701102708\n|switch|p2a: Volcarona|Volcarona, M|88\/100\n|move|p1a: Ogerpon|Stomping Tantrum|p2a: Volcarona\n|-damage|p2a: Volcarona|75\/100\n|\n|-damage|p1a: Ogerpon|32\/100 brn|[from] brn\n|upkeep\n|turn|16\n|\n|t:|1701102716\n|switch|p1a: Miraidon|Miraidon|100\/100\n|-damage|p1a: Miraidon|88\/100|[from] Spikes\n|-fieldstart|move: Electric Terrain|[from] ability: Hadron Engine|[of] p1a: Miraidon\n|move|p2a: Volcarona|Flamethrower|p1a: Miraidon\n|-resisted|p1a: Miraidon\n|-damage|p1a: Miraidon|72\/100\n|\n|upkeep\n|turn|17\n|\n|t:|1701102728\n|move|p1a: Miraidon|Electro Drift|p2a: Volcarona\n|-damage|p2a: Volcarona|0 fnt\n|faint|p2a: Volcarona\n|\n|upkeep\n|\n|t:|1701102742\n|switch|p2a: Annihilape|Annihilape, M|100\/100\n|turn|18\n|\n|t:|1701102785\n|switch|p1a: Zacian|Zacian-Crowned|100\/100\n|-damage|p1a: Zacian|88\/100|[from] Spikes\n|-ability|p1a: Zacian|Intrepid Sword|boost\n|-boost|p1a: Zacian|atk|1\n|move|p2a: Annihilape|Drain Punch|p1a: Zacian\n|-damage|p1a: Zacian|62\/100\n|\n|upkeep\n|turn|19\n|\n|t:|1701102804\n|switch|p2a: Gliscor|Gliscor, M, tera:Water|79\/100 tox\n|move|p1a: Zacian|Play Rough|p2a: Gliscor\n|-damage|p2a: Gliscor|19\/100 tox\n|\n|-heal|p2a: Gliscor|32\/100 tox|[from] ability: Poison Heal\n|upkeep\n|turn|20\n|\n|t:|1701102813\n|move|p2a: Gliscor|Protect|p2a: Gliscor\n|-singleturn|p2a: Gliscor|Protect\n|move|p1a: Zacian|Play Rough|p2a: Gliscor\n|-activate|p2a: Gliscor|move: Protect\n|\n|-heal|p2a: Gliscor|44\/100 tox|[from] ability: Poison Heal\n|-fieldend|move: Electric Terrain\n|upkeep\n|turn|21\n|\n|t:|1701102820\n|move|p1a: Zacian|Play Rough|p2a: Gliscor|[miss]\n|-miss|p1a: Zacian|p2a: Gliscor\n|move|p2a: Gliscor|Earthquake|p1a: Zacian\n|-supereffective|p1a: Zacian\n|-damage|p1a: Zacian|3\/100\n|\n|-heal|p2a: Gliscor|57\/100 tox|[from] ability: Poison Heal\n|upkeep\n|turn|22\n|\n|t:|1701102832\n|move|p2a: Gliscor|Protect|p2a: Gliscor\n|-singleturn|p2a: Gliscor|Protect\n|move|p1a: Zacian|Play Rough|p2a: Gliscor\n|-activate|p2a: Gliscor|move: Protect\n|\n|-heal|p2a: Gliscor|69\/100 tox|[from] ability: Poison Heal\n|upkeep\n|turn|23\n|\n|t:|1701102845\n|move|p1a: Zacian|Behemoth Blade|p2a: Gliscor\n|-resisted|p2a: Gliscor\n|-damage|p2a: Gliscor|38\/100 tox\n|move|p2a: Gliscor|Earthquake|p1a: Zacian\n|-supereffective|p1a: Zacian\n|-damage|p1a: Zacian|0 fnt\n|faint|p1a: Zacian\n|\n|-heal|p2a: Gliscor|51\/100 tox|[from] ability: Poison Heal\n|upkeep\n|\n|t:|1701102849\n|switch|p1a: Miraidon|Miraidon|72\/100\n|-damage|p1a: Miraidon|60\/100|[from] Spikes\n|-fieldstart|move: Electric Terrain|[from] ability: Hadron Engine|[of] p1a: Miraidon\n|turn|24\n|\n|t:|1701102864\n|move|p2a: Gliscor|Protect|p2a: Gliscor\n|-singleturn|p2a: Gliscor|Protect\n|move|p1a: Miraidon|Electro Drift|p2a: Gliscor\n|-activate|p2a: Gliscor|move: Protect\n|\n|-heal|p2a: Gliscor|63\/100 tox|[from] ability: Poison Heal\n|upkeep\n|turn|25\n|\n|t:|1701102871\n|move|p1a: Miraidon|Electro Drift|p2a: Gliscor\n|-supereffective|p2a: Gliscor\n|-damage|p2a: Gliscor|0 fnt\n|faint|p2a: Gliscor\n|\n|upkeep\n|\n|t:|1701102879\n|switch|p2a: Annihilape|Annihilape, M|100\/100\n|turn|26\n|\n|t:|1701102882\n|move|p1a: Miraidon|Electro Drift|p2a: Annihilape\n|-damage|p2a: Annihilape|13\/100\n|move|p2a: Annihilape|Drain Punch|p1a: Miraidon\n|-crit|p1a: Miraidon\n|-damage|p1a: Miraidon|14\/100\n|-heal|p2a: Annihilape|31\/100|[from] drain|[of] p1a: Miraidon\n|\n|-heal|p2a: Annihilape|38\/100|[from] item: Leftovers\n|upkeep\n|turn|27\n|\n|t:|1701102901\n|move|p1a: Miraidon|Electro Drift|p2a: Annihilape\n|-damage|p2a: Annihilape|0 fnt\n|faint|p2a: Annihilape\n|\n|upkeep\n|\n|t:|1701102904\n|switch|p2a: Ogerpon|Ogerpon-Hearthflame, F|100\/100\n|-ability|p2a: Ogerpon|Mold Breaker\n|turn|28\n|\n|t:|1701102909\n|move|p1a: Miraidon|Electro Drift|p2a: Ogerpon\n|-resisted|p2a: Ogerpon\n|-crit|p2a: Ogerpon\n|-damage|p2a: Ogerpon|0 fnt\n|faint|p2a: Ogerpon\n|\n|-fieldend|move: Electric Terrain\n|upkeep\n|\n|t:|1701102913\n|switch|p2a: Kingambit|Kingambit, M|100\/100\n|-activate|p2a: Kingambit|ability: Supreme Overlord\n|-start|p2a: Kingambit|fallen5|[silent]\n|turn|29\n|\n|t:|1701102917\n|move|p2a: Kingambit|Sucker Punch|p1a: Miraidon\n|-damage|p1a: Miraidon|0 fnt\n|faint|p1a: Miraidon\n|\n|upkeep\n|\n|t:|1701102919\n|switch|p1a: Ogerpon|Ogerpon, F|32\/100 brn\n|-damage|p1a: Ogerpon|19\/100 brn|[from] Spikes\n|turn|30\n|\n|t:|1701102935\n|move|p1a: Ogerpon|Stomping Tantrum|p2a: Kingambit\n|-supereffective|p2a: Kingambit\n|-damage|p2a: Kingambit|80\/100\n|move|p2a: Kingambit|Kowtow Cleave|p1a: Ogerpon\n|-damage|p1a: Ogerpon|0 fnt\n|faint|p1a: Ogerpon\n|\n|upkeep\n|\n|t:|1701102938\n|switch|p1a: Skeledirge|Skeledirge, F|31\/100\n|-damage|p1a: Skeledirge|19\/100|[from] Spikes\n|turn|31\n|\n|t:|1701102948\n|-terastallize|p1a: Skeledirge|Fire\n|move|p1a: Skeledirge|Protect|p1a: Skeledirge\n|-singleturn|p1a: Skeledirge|Protect\n|move|p2a: Kingambit|Sucker Punch||[still]\n|-fail|p2a: Kingambit\n|\n|upkeep\n|turn|32\n|\n|t:|1701102963\n|move|p2a: Kingambit|Kowtow Cleave|p1a: Skeledirge\n|-damage|p1a: Skeledirge|0 fnt\n|faint|p1a: Skeledirge\n|\n|win|XAKERSolo\n","uploadtime":1701102967,"views":5,"p1id":"rohnox37","p2id":"xakersolo","formatid":"gen9ubers","rating":0,"private":0,"password":""}