{"id":"gen9ubers-1982993021","p1":"rooster45","p2":"5343l","format":"[Gen 9] Ubers","log":"|j|\u2606rooster45\n|j|\u26065343l\n|t:|1699067368\n|gametype|singles\n|player|p1|rooster45|burglar|1077\n|player|p2|5343l|cynthia|1000\n|teamsize|p1|6\n|teamsize|p2|6\n|gen|9\n|tier|[Gen 9] Ubers\n|rated|\n|rule|Sleep Clause Mod: Limit one foe put to sleep\n|rule|Species Clause: Limit one of each Pok\u00e9mon\n|rule|OHKO Clause: OHKO moves are banned\n|rule|Evasion Items Clause: Evasion items are banned\n|rule|Evasion Moves Clause: Evasion moves are banned\n|rule|Endless Battle Clause: Forcing endless battles is banned\n|rule|HP Percentage Mod: HP is shown in percentages\n|clearpoke\n|poke|p1|Iron Moth|\n|poke|p1|Iron Bundle|\n|poke|p1|Magearna|\n|poke|p1|Toxapex, F|\n|poke|p1|Dragapult, M|\n|poke|p1|Ogerpon-Wellspring, F|\n|poke|p2|Gholdengo|\n|poke|p2|Chi-Yu|\n|poke|p2|Dragonite, F|\n|poke|p2|Sandy Shocks|\n|poke|p2|Mimikyu, M|\n|poke|p2|Basculegion, M|\n|teampreview\n|\n|t:|1699067378\n|start\n|switch|p1a: Iron Moth|Iron Moth|100\/100\n|switch|p2a: Dragonite|Dragonite, F|100\/100\n|-enditem|p1a: Iron Moth|Booster Energy\n|-activate|p1a: Iron Moth|ability: Quark Drive|[fromitem]\n|-start|p1a: Iron Moth|quarkdrivespa\n|turn|1\n|inactive|Battle timer is ON: inactive players will automatically lose when time's up. (requested by rooster45)\n|\n|t:|1699067399\n|move|p1a: Iron Moth|Dazzling Gleam|p2a: Dragonite\n|-supereffective|p2a: Dragonite\n|-damage|p2a: Dragonite|64\/100\n|move|p2a: Dragonite|Iron Head|p1a: Iron Moth\n|-resisted|p1a: Iron Moth\n|-damage|p1a: Iron Moth|80\/100\n|\n|upkeep\n|turn|2\n|\n|t:|1699067420\n|switch|p2a: Gholdengo|Gholdengo|100\/100\n|move|p1a: Iron Moth|Dazzling Gleam|p2a: Gholdengo\n|-resisted|p2a: Gholdengo\n|-damage|p2a: Gholdengo|80\/100\n|\n|upkeep\n|turn|3\n|\n|t:|1699067434\n|move|p1a: Iron Moth|Fiery Dance|p2a: Gholdengo\n|-supereffective|p2a: Gholdengo\n|-damage|p2a: Gholdengo|0 fnt\n|-boost|p1a: Iron Moth|spa|1\n|faint|p2a: Gholdengo\n|\n|upkeep\n|\n|t:|1699067440\n|switch|p2a: Sandy Shocks|Sandy Shocks, shiny|100\/100\n|-enditem|p2a: Sandy Shocks|Booster Energy\n|-activate|p2a: Sandy Shocks|ability: Protosynthesis|[fromitem]\n|-start|p2a: Sandy Shocks|protosynthesisspe\n|turn|4\n|\n|t:|1699067451\n|-terastallize|p1a: Iron Moth|Grass\n|move|p2a: Sandy Shocks|Substitute|p2a: Sandy Shocks\n|-start|p2a: Sandy Shocks|Substitute\n|-damage|p2a: Sandy Shocks|75\/100\n|move|p1a: Iron Moth|Energy Ball|p2a: Sandy Shocks\n|-supereffective|p2a: Sandy Shocks\n|-end|p2a: Sandy Shocks|Substitute\n|\n|upkeep\n|turn|5\n|\n|t:|1699067460\n|-terastallize|p2a: Sandy Shocks|Ice\n|move|p2a: Sandy Shocks|Tera Blast|p1a: Iron Moth|[anim] Tera Blast Ice\n|-supereffective|p1a: Iron Moth\n|-damage|p1a: Iron Moth|4\/100\n|move|p1a: Iron Moth|Energy Ball|p2a: Sandy Shocks\n|-damage|p2a: Sandy Shocks|0 fnt\n|faint|p2a: Sandy Shocks\n|-end|p2a: Sandy Shocks|Protosynthesis|[silent]\n|\n|upkeep\n|\n|t:|1699067470\n|switch|p2a: Mimikyu|Mimikyu, M, shiny|100\/100\n|turn|6\n|\n|t:|1699067475\n|move|p2a: Mimikyu|Shadow Sneak|p1a: Iron Moth\n|-damage|p1a: Iron Moth|0 fnt\n|faint|p1a: Iron Moth\n|-end|p1a: Iron Moth|Quark Drive|[silent]\n|\n|upkeep\n|\n|t:|1699067483\n|switch|p1a: Toxapex|Toxapex, F|100\/100\n|turn|7\n|\n|t:|1699067491\n|move|p1a: Toxapex|Baneful Bunker|p1a: Toxapex\n|-singleturn|p1a: Toxapex|move: Protect\n|move|p2a: Mimikyu|Swords Dance|p2a: Mimikyu\n|-boost|p2a: Mimikyu|atk|2\n|\n|upkeep\n|turn|8\n|\n|t:|1699067503\n|move|p2a: Mimikyu|Shadow Sneak|p1a: Toxapex\n|-damage|p1a: Toxapex|72\/100\n|move|p1a: Toxapex|Toxic|p2a: Mimikyu\n|-status|p2a: Mimikyu|tox\n|\n|-heal|p1a: Toxapex|78\/100|[from] item: Black Sludge\n|-damage|p2a: Mimikyu|94\/100 tox|[from] psn\n|upkeep\n|turn|9\n|\n|t:|1699067515\n|move|p1a: Toxapex|Baneful Bunker|p1a: Toxapex\n|-singleturn|p1a: Toxapex|move: Protect\n|move|p2a: Mimikyu|Swords Dance|p2a: Mimikyu\n|-boost|p2a: Mimikyu|atk|2\n|\n|-heal|p1a: Toxapex|84\/100|[from] item: Black Sludge\n|-damage|p2a: Mimikyu|82\/100 tox|[from] psn\n|upkeep\n|turn|10\n|\n|t:|1699067523\n|move|p2a: Mimikyu|Swords Dance|p2a: Mimikyu\n|-boost|p2a: Mimikyu|atk|2\n|move|p1a: Toxapex|Recover|p1a: Toxapex\n|-heal|p1a: Toxapex|100\/100\n|\n|-damage|p2a: Mimikyu|64\/100 tox|[from] psn\n|upkeep\n|turn|11\n|\n|t:|1699067533\n|move|p1a: Toxapex|Protect|p1a: Toxapex\n|-singleturn|p1a: Toxapex|Protect\n|move|p2a: Mimikyu|Shadow Sneak|p1a: Toxapex\n|-activate|p1a: Toxapex|move: Protect\n|\n|-damage|p2a: Mimikyu|40\/100 tox|[from] psn\n|upkeep\n|turn|12\n|\n|t:|1699067544\n|move|p2a: Mimikyu|Shadow Sneak|p1a: Toxapex\n|-damage|p1a: Toxapex|37\/100\n|move|p1a: Toxapex|Recover|p1a: Toxapex\n|-heal|p1a: Toxapex|87\/100\n|\n|-heal|p1a: Toxapex|93\/100|[from] item: Black Sludge\n|-damage|p2a: Mimikyu|10\/100 tox|[from] psn\n|upkeep\n|turn|13\n|\n|t:|1699067556\n|move|p1a: Toxapex|Toxic|p2a: Mimikyu\n|-fail|p2a: Mimikyu|tox\n|move|p2a: Mimikyu|Trick Room|p2a: Mimikyu\n|-fieldstart|move: Trick Room|[of] p2a: Mimikyu\n|\n|-heal|p1a: Toxapex|99\/100|[from] item: Black Sludge\n|-damage|p2a: Mimikyu|0 fnt|[from] psn\n|faint|p2a: Mimikyu\n|upkeep\n|\n|t:|1699067565\n|switch|p2a: Basculegion|Basculegion, M, shiny|100\/100\n|turn|14\n|\n|t:|1699067572\n|move|p1a: Toxapex|Toxic|p2a: Basculegion\n|-status|p2a: Basculegion|tox\n|move|p2a: Basculegion|Last Respects|p1a: Toxapex\n|-damage|p1a: Toxapex|0 fnt\n|faint|p1a: Toxapex\n|\n|-damage|p2a: Basculegion|94\/100 tox|[from] psn\n|upkeep\n|\n|t:|1699067587\n|switch|p1a: Iron Bundle|Iron Bundle|100\/100\n|-enditem|p1a: Iron Bundle|Booster Energy\n|-activate|p1a: Iron Bundle|ability: Quark Drive|[fromitem]\n|-start|p1a: Iron Bundle|quarkdrivespa\n|turn|15\n|\n|t:|1699067593\n|move|p2a: Basculegion|Last Respects|p1a: Iron Bundle\n|-damage|p1a: Iron Bundle|0 fnt\n|faint|p1a: Iron Bundle\n|-end|p1a: Iron Bundle|Quark Drive|[silent]\n|\n|-damage|p2a: Basculegion|82\/100 tox|[from] psn\n|upkeep\n|c|\u2606rooster45|Oh hell lol just realized it was last respects\n|c|\u2606rooster45|Gg\n|inactive|rooster45 has 120 seconds left.\n|\n|t:|1699067623\n|switch|p1a: Dragapult|Dragapult, M|100\/100\n|turn|16\n|\n|t:|1699067627\n|move|p1a: Dragapult|Sucker Punch|p2a: Basculegion\n|-supereffective|p2a: Basculegion\n|-damage|p2a: Basculegion|39\/100 tox\n|move|p2a: Basculegion|Last Respects|p1a: Dragapult\n|-supereffective|p1a: Dragapult\n|-enditem|p1a: Dragapult|Focus Sash\n|-damage|p1a: Dragapult|1\/100\n|\n|-damage|p2a: Basculegion|21\/100 tox|[from] psn\n|upkeep\n|turn|17\n|\n|t:|1699067640\n|switch|p2a: Dragonite|Dragonite, F|64\/100\n|move|p1a: Dragapult|Sucker Punch||[still]\n|-fail|p1a: Dragapult\n|\n|-fieldend|move: Trick Room\n|upkeep\n|turn|18\n|\n|t:|1699067646\n|move|p2a: Dragonite|Aqua Jet|p1a: Dragapult\n|-resisted|p1a: Dragapult\n|-damage|p1a: Dragapult|0 fnt\n|faint|p1a: Dragapult\n|\n|upkeep\n|\n|t:|1699067655\n|switch|p1a: Magearna|Magearna|100\/100\n|turn|19\n|\n|t:|1699067661\n|switch|p2a: Chi-Yu|Chi-Yu|100\/100\n|-ability|p2a: Chi-Yu|Beads of Ruin\n|move|p1a: Magearna|Trick Room|p1a: Magearna\n|-fieldstart|move: Trick Room|[of] p1a: Magearna\n|\n|upkeep\n|turn|20\n|\n|t:|1699067681\n|move|p1a: Magearna|Calm Mind|p1a: Magearna\n|-boost|p1a: Magearna|spa|1\n|-boost|p1a: Magearna|spd|1\n|move|p2a: Chi-Yu|Dark Pulse|p1a: Magearna\n|-resisted|p1a: Magearna\n|-damage|p1a: Magearna|76\/100\n|\n|upkeep\n|turn|21\n|\n|t:|1699067690\n|move|p1a: Magearna|Draining Kiss|p2a: Chi-Yu\n|-damage|p2a: Chi-Yu|70\/100\n|-heal|p1a: Magearna|99\/100|[from] drain|[of] p2a: Chi-Yu\n|move|p2a: Chi-Yu|Dark Pulse|p1a: Magearna\n|-resisted|p1a: Magearna\n|-damage|p1a: Magearna|73\/100\n|\n|upkeep\n|turn|22\n|\n|t:|1699067699\n|switch|p2a: Dragonite|Dragonite, F|64\/100\n|move|p1a: Magearna|Calm Mind|p1a: Magearna\n|-boost|p1a: Magearna|spa|1\n|-boost|p1a: Magearna|spd|1\n|\n|upkeep\n|turn|23\n|\n|t:|1699067705\n|move|p1a: Magearna|Draining Kiss|p2a: Dragonite\n|-supereffective|p2a: Dragonite\n|-damage|p2a: Dragonite|0 fnt\n|-heal|p1a: Magearna|100\/100|[from] drain|[of] p2a: Dragonite\n|faint|p2a: Dragonite\n|-ability|p1a: Magearna|Soul-Heart|boost\n|-boost|p1a: Magearna|spa|1\n|\n|-fieldend|move: Trick Room\n|upkeep\n|\n|t:|1699067714\n|switch|p2a: Chi-Yu|Chi-Yu|70\/100\n|-ability|p2a: Chi-Yu|Beads of Ruin\n|turn|24\n|\n|t:|1699067724\n|move|p2a: Chi-Yu|Overheat|p1a: Magearna\n|-supereffective|p1a: Magearna\n|-damage|p1a: Magearna|0 fnt\n|-unboost|p2a: Chi-Yu|spa|2\n|faint|p1a: Magearna\n|\n|upkeep\n|\n|t:|1699067731\n|switch|p1a: Ogerpon|Ogerpon-Wellspring, F|100\/100\n|turn|25\n|\n|t:|1699067735\n|move|p1a: Ogerpon|Ivy Cudgel|p2a: Chi-Yu\n|-supereffective|p2a: Chi-Yu\n|-damage|p2a: Chi-Yu|0 fnt\n|faint|p2a: Chi-Yu\n|\n|upkeep\n|\n|t:|1699067739\n|switch|p2a: Basculegion|Basculegion, M, shiny|21\/100 tox\n|turn|26\n|\n|t:|1699067744\n|move|p1a: Ogerpon|Horn Leech|p2a: Basculegion\n|-supereffective|p2a: Basculegion\n|-damage|p2a: Basculegion|0 fnt\n|faint|p2a: Basculegion\n|\n|win|rooster45\n|raw|rooster45's rating: 1077 &rarr; <strong>1099<\/strong><br \/>(+22 for winning)\n|raw|5343l's rating: 1000 &rarr; <strong>1000<\/strong><br \/>(+0 for losing)\n|c|\u2606rooster45|Oh snap\n|l|\u26065343l\n|c|\u2606rooster45|Didnt expect that\n","uploadtime":1699067769,"views":10,"p1id":"rooster45","p2id":"5343l","formatid":"gen9ubers","rating":1000,"private":0,"password":""}