{"id":"gen9ubers-1978903313","p1":"Rei_darkness","p2":"TRaSHiNSeCT","format":"[Gen 9] Ubers","log":"|j|\u2606Rei_darkness\n|j|\u2606TRaSHiNSeCT\n|t:|1698608436\n|gametype|singles\n|player|p1|Rei_darkness|drayden|\n|player|p2|TRaSHiNSeCT|workerice|\n|teamsize|p1|6\n|teamsize|p2|6\n|gen|9\n|tier|[Gen 9] Ubers\n|rule|Sleep Clause Mod: Limit one foe put to sleep\n|rule|Species Clause: Limit one of each Pok\u00e9mon\n|rule|OHKO Clause: OHKO moves are banned\n|rule|Evasion Items Clause: Evasion items are banned\n|rule|Evasion Moves Clause: Evasion moves are banned\n|rule|Endless Battle Clause: Forcing endless battles is banned\n|rule|HP Percentage Mod: HP is shown in percentages\n|clearpoke\n|poke|p1|Slowbro-Galar, F|\n|poke|p1|Klefki, F|\n|poke|p1|Arcanine, F|\n|poke|p1|Victreebel, F|\n|poke|p1|Scovillain, F|\n|poke|p1|Koraidon|\n|poke|p2|Basculegion, M|\n|poke|p2|Slowking-Galar, M|\n|poke|p2|Weezing-Galar, F|\n|poke|p2|Medicham, F|\n|poke|p2|Toedscruel, F|\n|poke|p2|Eelektross, M|\n|teampreview\n|\n|t:|1698608457\n|start\n|switch|p1a: I die now|Klefki, F|100\/100\n|switch|p2a: Toedscruel|Toedscruel, F|100\/100\n|turn|1\n|\n|t:|1698608468\n|move|p1a: I die now|Sunny Day|p1a: I die now\n|-weather|SunnyDay\n|move|p2a: Toedscruel|Spore|p1a: I die now\n|-status|p1a: I die now|slp|[from] move: Spore\n|\n|-weather|SunnyDay|[upkeep]\n|upkeep\n|turn|2\n|\n|t:|1698608476\n|switch|p1a: gen9shitmon|Scovillain, F|100\/100\n|move|p2a: Toedscruel|Spikes|p1a: gen9shitmon\n|-sidestart|p1: Rei_darkness|Spikes\n|\n|-weather|SunnyDay|[upkeep]\n|upkeep\n|turn|3\n|\n|t:|1698608482\n|switch|p2a: Slowking|Slowking-Galar, M|100\/100\n|move|p1a: gen9shitmon|Growth|p1a: gen9shitmon\n|-boost|p1a: gen9shitmon|atk|2\n|-boost|p1a: gen9shitmon|spa|2\n|\n|-weather|SunnyDay|[upkeep]\n|upkeep\n|turn|4\n|\n|t:|1698608490\n|move|p1a: gen9shitmon|Lash Out|p2a: Slowking\n|-supereffective|p2a: Slowking\n|-damage|p2a: Slowking|24\/100\n|move|p2a: Slowking|Chilly Reception|p2a: Slowking\n|-weather|Snow\n|\n|t:|1698608496\n|switch|p2a: Medicham|Medicham, F|100\/100|[from] Chilly Reception\n|\n|-weather|Snow|[upkeep]\n|upkeep\n|turn|5\n|\n|t:|1698608503\n|move|p2a: Medicham|Close Combat|p1a: gen9shitmon\n|-enditem|p1a: gen9shitmon|Focus Sash\n|-damage|p1a: gen9shitmon|1\/100\n|-unboost|p2a: Medicham|def|1\n|-unboost|p2a: Medicham|spd|1\n|move|p1a: gen9shitmon|Seed Bomb|p2a: Medicham\n|-damage|p2a: Medicham|0 fnt\n|faint|p2a: Medicham\n|\n|-weather|Snow|[upkeep]\n|upkeep\n|c|\u2606TRaSHiNSeCT|fuck i forgot\n|\n|t:|1698608519\n|switch|p2a: Weezing|Weezing-Galar, F|100\/100\n|turn|6\n|\n|t:|1698608527\n|move|p1a: gen9shitmon|Fire Fang|p2a: Weezing\n|-damage|p2a: Weezing|54\/100\n|cant|p2a: Weezing|flinch\n|\n|-weather|Snow|[upkeep]\n|-heal|p2a: Weezing|60\/100|[from] item: Leftovers\n|upkeep\n|turn|7\n|\n|t:|1698608535\n|move|p1a: gen9shitmon|Fire Fang|p2a: Weezing\n|-damage|p2a: Weezing|18\/100\n|move|p2a: Weezing|Strange Steam|p1a: gen9shitmon\n|-resisted|p1a: gen9shitmon\n|-damage|p1a: gen9shitmon|0 fnt\n|faint|p1a: gen9shitmon\n|\n|-weather|Snow|[upkeep]\n|-heal|p2a: Weezing|24\/100|[from] item: Leftovers\n|upkeep\n|\n|t:|1698608543\n|switch|p1a: I die now|Klefki, F|100\/100 slp\n|-damage|p1a: I die now|88\/100 slp|[from] Spikes\n|turn|8\n|c|\u2606Rei_darkness|i love shitmons\n|\n|t:|1698608554\n|switch|p2a: Basculegion|Basculegion, M|100\/100\n|cant|p1a: I die now|slp\n|\n|-weather|none\n|upkeep\n|turn|9\n|\n|t:|1698608564\n|cant|p1a: I die now|slp\n|move|p2a: Basculegion|Shadow Ball|p1a: I die now\n|-damage|p1a: I die now|1\/100 slp\n|\n|upkeep\n|turn|10\n|\n|t:|1698608570\n|cant|p1a: I die now|slp\n|move|p2a: Basculegion|Shadow Ball|p1a: I die now\n|-crit|p1a: I die now\n|-damage|p1a: I die now|0 fnt\n|faint|p1a: I die now\n|\n|upkeep\n|\n|t:|1698608572\n|switch|p1a: actualboxleg|Koraidon|100\/100\n|-damage|p1a: actualboxleg|88\/100|[from] Spikes\n|-weather|SunnyDay|[from] ability: Orichalcum Pulse|[of] p1a: actualboxleg\n|-activate|p1a: actualboxleg|Orichalcum Pulse|[source]\n|turn|11\n|\n|t:|1698608582\n|move|p1a: actualboxleg|Fire Spin|p2a: Basculegion\n|-resisted|p2a: Basculegion\n|-damage|p2a: Basculegion|94\/100\n|-activate|p2a: Basculegion|move: Fire Spin|[of] p1a: actualboxleg\n|move|p2a: Basculegion|Shadow Ball|p1a: actualboxleg\n|-damage|p1a: actualboxleg|25\/100\n|\n|-weather|SunnyDay|[upkeep]\n|-damage|p2a: Basculegion|81\/100|[from] move: Fire Spin|[partiallytrapped]\n|upkeep\n|turn|12\n|\n|t:|1698608591\n|move|p1a: actualboxleg|Solar Beam||[still]\n|-prepare|p1a: actualboxleg|Solar Beam\n|-anim|p1a: actualboxleg|Solar Beam|p2a: Basculegion\n|-supereffective|p2a: Basculegion\n|-damage|p2a: Basculegion|23\/100\n|move|p2a: Basculegion|Shadow Ball|p1a: actualboxleg\n|-damage|p1a: actualboxleg|0 fnt\n|faint|p1a: actualboxleg\n|\n|-weather|SunnyDay|[upkeep]\n|-end|p2a: Basculegion|Fire Spin|[partiallytrapped]|[silent]\n|upkeep\n|\n|t:|1698608599\n|switch|p1a: gen1shitmon|Victreebel, F|100\/100\n|-damage|p1a: gen1shitmon|88\/100|[from] Spikes\n|turn|13\n|\n|t:|1698608610\n|switch|p2a: Eelektross|Eelektross, M, shiny|100\/100\n|move|p1a: gen1shitmon|Growth|p1a: gen1shitmon\n|-boost|p1a: gen1shitmon|atk|2\n|-boost|p1a: gen1shitmon|spa|2\n|\n|-weather|SunnyDay|[upkeep]\n|upkeep\n|turn|14\n|\n|t:|1698608632\n|-terastallize|p1a: gen1shitmon|Grass\n|-terastallize|p2a: Eelektross|Steel\n|move|p1a: gen1shitmon|Solar Beam||[still]\n|-prepare|p1a: gen1shitmon|Solar Beam\n|-anim|p1a: gen1shitmon|Solar Beam|p2a: Eelektross\n|-resisted|p2a: Eelektross\n|-damage|p2a: Eelektross|56\/100\n|move|p2a: Eelektross|Acid Spray|p1a: gen1shitmon\n|-supereffective|p1a: gen1shitmon\n|-damage|p1a: gen1shitmon|54\/100\n|-unboost|p1a: gen1shitmon|spd|2\n|\n|-weather|SunnyDay|[upkeep]\n|upkeep\n|turn|15\n|c|\u2606Rei_darkness|i love equal attck + spattck shitmons with chlorophyll\n|\n|t:|1698608650\n|switch|p2a: Toedscruel|Toedscruel, F|100\/100\n|move|p1a: gen1shitmon|Weather Ball|p2a: Toedscruel\n|-supereffective|p2a: Toedscruel\n|-damage|p2a: Toedscruel|0 fnt\n|faint|p2a: Toedscruel\n|\n|-weather|SunnyDay|[upkeep]\n|upkeep\n|\n|t:|1698608672\n|switch|p2a: Slowking|Slowking-Galar, M|58\/100\n|turn|16\n|\n|t:|1698608685\n|move|p1a: gen1shitmon|Weather Ball|p2a: Slowking\n|-damage|p2a: Slowking|0 fnt\n|faint|p2a: Slowking\n|\n|-weather|SunnyDay|[upkeep]\n|upkeep\n|\n|t:|1698608693\n|switch|p2a: Eelektross|Eelektross, M, shiny, tera:Steel|56\/100\n|turn|17\n|\n|t:|1698608698\n|move|p1a: gen1shitmon|Weather Ball|p2a: Eelektross\n|-supereffective|p2a: Eelektross\n|-damage|p2a: Eelektross|0 fnt\n|faint|p2a: Eelektross\n|\n|-weather|SunnyDay|[upkeep]\n|upkeep\n|\n|t:|1698608706\n|switch|p2a: Weezing|Weezing-Galar, F|24\/100\n|turn|18\n|\n|t:|1698608712\n|move|p1a: gen1shitmon|Weather Ball|p2a: Weezing\n|-damage|p2a: Weezing|0 fnt\n|faint|p2a: Weezing\n|\n|-weather|none\n|upkeep\n|c|\u2606TRaSHiNSeCT|think that's ggs\n|c|\u2606TRaSHiNSeCT|wp\n|\n|t:|1698608722\n|switch|p2a: Basculegion|Basculegion, M|23\/100\n|turn|19\n|\n|t:|1698608725\n|move|p1a: gen1shitmon|Solar Beam||[still]\n|-prepare|p1a: gen1shitmon|Solar Beam\n|move|p2a: Basculegion|Shadow Ball|p1a: gen1shitmon\n|-damage|p1a: gen1shitmon|0 fnt\n|faint|p1a: gen1shitmon\n|\n|upkeep\n|\n|t:|1698608730\n|switch|p1a: Cowgurl|Slowbro-Galar, F|100\/100\n|-damage|p1a: Cowgurl|88\/100|[from] Spikes\n|turn|20\n|-activate|p1a: Cowgurl|item: Quick Claw\n|\n|t:|1698608735\n|move|p1a: Cowgurl|Psyshock|p2a: Basculegion\n|-damage|p2a: Basculegion|0 fnt\n|faint|p2a: Basculegion\n|\n|win|Rei_darkness\n","uploadtime":1698608739,"views":14,"p1id":"reidarkness","p2id":"trashinsect","formatid":"gen9ubers","rating":0,"private":0,"password":""}