{"id":"gen9ubers-1975977227","p1":"hannah_xyz","p2":"Nitro524","format":"[Gen 9] Ubers","log":"|j|\u2606hannah_xyz\n|j|\u2606Nitro524\n|t:|1698253726\n|gametype|singles\n|player|p1|hannah_xyz|steven|\n|player|p2|Nitro524|hilbert-wonderlauncher|\n|teamsize|p1|6\n|teamsize|p2|6\n|gen|9\n|tier|[Gen 9] Ubers\n|rule|Sleep Clause Mod: Limit one foe put to sleep\n|rule|Species Clause: Limit one of each Pok\u00e9mon\n|rule|OHKO Clause: OHKO moves are banned\n|rule|Evasion Items Clause: Evasion items are banned\n|rule|Evasion Moves Clause: Evasion moves are banned\n|rule|Endless Battle Clause: Forcing endless battles is banned\n|rule|HP Percentage Mod: HP is shown in percentages\n|clearpoke\n|poke|p1|Zacian-*|\n|poke|p1|Dugtrio, F|\n|poke|p1|Chi-Yu|\n|poke|p1|Gholdengo|\n|poke|p1|Quaquaval, M|\n|poke|p1|Cutiefly, M|\n|poke|p2|Torkoal, F|\n|poke|p2|Chi-Yu|\n|poke|p2|Cyclizar, M|\n|poke|p2|Volcarona, F|\n|poke|p2|Roaring Moon|\n|poke|p2|Walking Wake|\n|teampreview\n|c|\u2606Nitro524|gl!\n|c|\u2606Nitro524|i'll bring my other team next match\n|c|\u2606hannah_xyz|u2\n|c|\u2606hannah_xyz|alright\n|\n|t:|1698253753\n|start\n|switch|p1a: Cutiefly|Cutiefly, M, shiny|100\/100\n|switch|p2a: Cyclizar|Cyclizar, M|100\/100\n|turn|1\n|c|\u2606Nitro524|the fly\n|\n|t:|1698253770\n|move|p2a: Cyclizar|Taunt|p1a: Cutiefly\n|-start|p1a: Cutiefly|move: Taunt\n|cant|p1a: Cutiefly|move: Taunt|Stun Spore\n|\n|upkeep\n|turn|2\n|\n|t:|1698253774\n|switch|p2a: Torkoal|Torkoal, F|100\/100\n|-weather|SunnyDay|[from] ability: Drought|[of] p2a: Torkoal\n|move|p1a: Cutiefly|Moonblast|p2a: Torkoal\n|-resisted|p2a: Torkoal\n|-damage|p2a: Torkoal|83\/100\n|-unboost|p2a: Torkoal|spa|1\n|\n|-weather|SunnyDay|[upkeep]\n|upkeep\n|turn|3\n|\n|t:|1698253787\n|switch|p1a: Quaquaval|Quaquaval, M|100\/100\n|move|p2a: Torkoal|Stealth Rock|p1a: Quaquaval\n|-sidestart|p1: hannah_xyz|move: Stealth Rock\n|\n|-weather|SunnyDay|[upkeep]\n|upkeep\n|turn|4\n|\n|t:|1698253799\n|move|p1a: Quaquaval|Rapid Spin|p2a: Torkoal\n|-damage|p2a: Torkoal|75\/100\n|-boost|p1a: Quaquaval|spe|1\n|-sideend|p1: hannah_xyz|Stealth Rock|[from] move: Rapid Spin|[of] p1a: Quaquaval\n|move|p2a: Torkoal|Solar Beam||[still]\n|-prepare|p2a: Torkoal|Solar Beam\n|-anim|p2a: Torkoal|Solar Beam|p1a: Quaquaval\n|-supereffective|p1a: Quaquaval\n|-damage|p1a: Quaquaval|71\/100\n|\n|-weather|SunnyDay|[upkeep]\n|upkeep\n|turn|5\n|\n|t:|1698253821\n|switch|p2a: Walking Wake|Walking Wake|100\/100\n|-activate|p2a: Walking Wake|ability: Protosynthesis\n|-start|p2a: Walking Wake|protosynthesisspe\n|move|p1a: Quaquaval|Flip Turn|p2a: Walking Wake\n|-resisted|p2a: Walking Wake\n|-damage|p2a: Walking Wake|97\/100\n|\n|t:|1698253829\n|switch|p1a: Cutiefly|Cutiefly, M, shiny|100\/100|[from] Flip Turn\n|\n|-weather|SunnyDay|[upkeep]\n|upkeep\n|turn|6\n|\n|t:|1698253840\n|-terastallize|p2a: Walking Wake|Fairy\n|move|p2a: Walking Wake|Flamethrower|p1a: Cutiefly\n|-supereffective|p1a: Cutiefly\n|-enditem|p1a: Cutiefly|Focus Sash\n|-damage|p1a: Cutiefly|1\/100\n|move|p1a: Cutiefly|Stun Spore|p2a: Walking Wake\n|-status|p2a: Walking Wake|par\n|\n|-weather|SunnyDay|[upkeep]\n|upkeep\n|turn|7\n|\n|t:|1698253858\n|move|p1a: Cutiefly|Sticky Web|p2a: Walking Wake\n|-sidestart|p2: Nitro524|move: Sticky Web\n|move|p2a: Walking Wake|Flamethrower|p1a: Cutiefly\n|-supereffective|p1a: Cutiefly\n|-damage|p1a: Cutiefly|0 fnt\n|faint|p1a: Cutiefly\n|\n|-weather|SunnyDay|[upkeep]\n|upkeep\n|\n|t:|1698253871\n|switch|p1a: Chi-Yu|Chi-Yu|100\/100\n|-ability|p1a: Chi-Yu|Beads of Ruin\n|turn|8\n|\n|t:|1698253885\n|-end|p2a: Walking Wake|Protosynthesis|[silent]\n|switch|p2a: Torkoal|Torkoal, F|75\/100\n|-activate|p2a: Torkoal|move: Sticky Web\n|-unboost|p2a: Torkoal|spe|1\n|move|p1a: Chi-Yu|Fire Blast|p2a: Torkoal|[miss]\n|-miss|p1a: Chi-Yu|p2a: Torkoal\n|\n|-weather|SunnyDay|[upkeep]\n|upkeep\n|turn|9\n|\n|t:|1698253898\n|move|p1a: Chi-Yu|Fire Blast|p2a: Torkoal\n|-resisted|p2a: Torkoal\n|-crit|p2a: Torkoal\n|-damage|p2a: Torkoal|0 fnt\n|faint|p2a: Torkoal\n|\n|-weather|none\n|upkeep\n|c|\u2606Nitro524|jesus\n|c|\u2606Nitro524|nice\n|\n|t:|1698253904\n|switch|p2a: Cyclizar|Cyclizar, M|100\/100\n|turn|10\n|\n|t:|1698253935\n|move|p2a: Cyclizar|Rapid Spin|p1a: Chi-Yu\n|-damage|p1a: Chi-Yu|73\/100\n|-boost|p2a: Cyclizar|spe|1\n|-sideend|p2: Nitro524|Sticky Web|[from] move: Rapid Spin|[of] p2a: Cyclizar\n|move|p1a: Chi-Yu|Fire Blast|p2a: Cyclizar|[miss]\n|-miss|p1a: Chi-Yu|p2a: Cyclizar\n|\n|upkeep\n|turn|11\n|\n|t:|1698253949\n|move|p2a: Cyclizar|Shed Tail|p2a: Cyclizar\n|-start|p2a: Cyclizar|Substitute|[from] move: Shed Tail\n|-damage|p2a: Cyclizar|50\/100\n|\n|t:|1698253956\n|switch|p2a: Roaring Moon|Roaring Moon|100\/100|[from] Shed Tail\n|-enditem|p2a: Roaring Moon|Booster Energy\n|-activate|p2a: Roaring Moon|ability: Protosynthesis|[fromitem]\n|-start|p2a: Roaring Moon|protosynthesisspe\n|move|p1a: Chi-Yu|Fire Blast|p2a: Roaring Moon\n|-resisted|p2a: Roaring Moon\n|-end|p2a: Roaring Moon|Substitute\n|\n|upkeep\n|turn|12\n|\n|t:|1698253982\n|switch|p1a: Quaquaval|Quaquaval, M|71\/100\n|move|p2a: Roaring Moon|Knock Off|p1a: Quaquaval\n|-resisted|p1a: Quaquaval\n|-damage|p1a: Quaquaval|45\/100\n|-enditem|p1a: Quaquaval|Heavy-Duty Boots|[from] move: Knock Off|[of] p2a: Roaring Moon\n|\n|upkeep\n|turn|13\n|\n|t:|1698253994\n|-end|p2a: Roaring Moon|Protosynthesis|[silent]\n|switch|p2a: Volcarona|Volcarona, F|100\/100\n|move|p1a: Quaquaval|Encore||[still]\n|-fail|p1a: Quaquaval\n|\n|upkeep\n|turn|14\n|\n|t:|1698254004\n|move|p2a: Volcarona|Giga Drain|p1a: Quaquaval\n|-supereffective|p1a: Quaquaval\n|-damage|p1a: Quaquaval|0 fnt\n|faint|p1a: Quaquaval\n|\n|upkeep\n|\n|t:|1698254008\n|switch|p1a: Dugtrio|Dugtrio, F|100\/100\n|turn|15\n|c|\u2606Nitro524|sun team finds good matchup (very rare)\n|\n|t:|1698254034\n|move|p1a: Dugtrio|Stone Edge|p2a: Volcarona\n|-supereffective|p2a: Volcarona\n|-damage|p2a: Volcarona|0 fnt\n|faint|p2a: Volcarona\n|\n|upkeep\n|c|\u2606hannah_xyz|dugtrio actually does something (impossible)\n|\n|t:|1698254059\n|switch|p2a: Walking Wake|Walking Wake, tera:Fairy|97\/100 par\n|turn|16\n|\n|t:|1698254069\n|switch|p1a: Gholdengo|Gholdengo|100\/100\n|cant|p2a: Walking Wake|par\n|\n|upkeep\n|turn|17\n|\n|t:|1698254079\n|move|p1a: Gholdengo|Nasty Plot|p1a: Gholdengo\n|-boost|p1a: Gholdengo|spa|2\n|move|p2a: Walking Wake|Flamethrower|p1a: Gholdengo\n|-supereffective|p1a: Gholdengo\n|-damage|p1a: Gholdengo|0 fnt\n|faint|p1a: Gholdengo\n|\n|upkeep\n|c|\u2606hannah_xyz|smartest pokemon player\n|c|\u2606Nitro524|me\n|\n|t:|1698254109\n|switch|p1a: Chi-Yu|Chi-Yu|73\/100\n|-ability|p1a: Chi-Yu|Beads of Ruin\n|turn|18\n|c|\u2606Nitro524|you should see some of my replays if you ever feel dumb\n|\n|t:|1698254130\n|-end|p2a: Walking Wake|Protosynthesis|[silent]\n|switch|p2a: Roaring Moon|Roaring Moon|100\/100\n|-terastallize|p1a: Chi-Yu|Steel\n|move|p1a: Chi-Yu|Tera Blast|p2a: Roaring Moon|[anim] Tera Blast Steel\n|-damage|p2a: Roaring Moon|14\/100\n|\n|upkeep\n|turn|19\n|\n|t:|1698254156\n|switch|p1a: Dugtrio|Dugtrio, F|100\/100\n|move|p2a: Roaring Moon|Knock Off|p1a: Dugtrio\n|-damage|p1a: Dugtrio|0 fnt\n|-enditem|p1a: Dugtrio|Choice Band|[from] move: Knock Off|[of] p2a: Roaring Moon\n|faint|p1a: Dugtrio\n|\n|upkeep\n|\n|t:|1698254161\n|switch|p1a: Zacian|Zacian|100\/100\n|-ability|p1a: Zacian|Intrepid Sword|boost\n|-boost|p1a: Zacian|atk|1\n|turn|20\n|c|\u2606Nitro524|heh\n|c|\u2606Nitro524|yeah gg\n|\n|t:|1698254177\n|-end|p2a: Roaring Moon|Protosynthesis|[silent]\n|switch|p2a: Chi-Yu|Chi-Yu|100\/100\n|-ability|p2a: Chi-Yu|Beads of Ruin\n|move|p1a: Zacian|Play Rough|p2a: Chi-Yu\n|-damage|p2a: Chi-Yu|0 fnt\n|faint|p2a: Chi-Yu\n|-damage|p1a: Zacian|91\/100|[from] item: Life Orb\n|\n|upkeep\n|c|\u2606hannah_xyz|gg\n|\n|t:|1698254211\n|switch|p2a: Cyclizar|Cyclizar, M|84\/100\n|turn|21\n|\n|t:|1698254216\n|move|p1a: Zacian|Play Rough|p2a: Cyclizar\n|-supereffective|p2a: Cyclizar\n|-damage|p2a: Cyclizar|0 fnt\n|faint|p2a: Cyclizar\n|-damage|p1a: Zacian|81\/100|[from] item: Life Orb\n|\n|upkeep\n|\n|t:|1698254227\n|switch|p2a: Walking Wake|Walking Wake, tera:Fairy|97\/100 par\n|turn|22\n|\n|t:|1698254231\n|move|p1a: Zacian|Play Rough|p2a: Walking Wake\n|-damage|p2a: Walking Wake|1\/100 par\n|-damage|p1a: Zacian|71\/100|[from] item: Life Orb\n|move|p2a: Walking Wake|Hydro Steam|p1a: Zacian\n|-damage|p1a: Zacian|10\/100\n|\n|upkeep\n|turn|23\n|c|\u2606Nitro524|zamn\n|c|\u2606Nitro524|yo are you on a team yet?\n|\n|t:|1698254252\n|move|p1a: Zacian|Wild Charge|p2a: Walking Wake\n|-damage|p2a: Walking Wake|0 fnt\n|faint|p2a: Walking Wake\n|-end|p2a: Walking Wake|Protosynthesis|[silent]\n|-damage|p1a: Zacian|10\/100|[from] Recoil\n|-damage|p1a: Zacian|0 fnt|[from] item: Life Orb\n|faint|p1a: Zacian\n|\n|upkeep\n|\n|t:|1698254257\n|switch|p1a: Chi-Yu|Chi-Yu, tera:Steel|73\/100\n|switch|p2a: Roaring Moon|Roaring Moon|14\/100\n|-ability|p1a: Chi-Yu|Beads of Ruin\n|turn|24\n|c|\u2606hannah_xyz|you might have it here\n|c|\u2606hannah_xyz|i am not\n|\n|t:|1698254279\n|move|p2a: Roaring Moon|Earthquake|p1a: Chi-Yu\n|-supereffective|p1a: Chi-Yu\n|-damage|p1a: Chi-Yu|0 fnt\n|faint|p1a: Chi-Yu\n|\n|win|Nitro524\n|c|\u2606Nitro524|ggs\n|c|\u2606Nitro524|me neither\n|c|\u2606hannah_xyz|gg\n","uploadtime":1698254286,"views":13,"p1id":"hannahxyz","p2id":"nitro524","formatid":"gen9ubers","rating":0,"private":0,"password":""}