{"id":"gen9ubers-1984383276","p1":"Carina17","p2":"Alculetto","format":"[Gen 9] Ubers","log":"|j|\u2606Carina17\n|j|\u2606Alculetto\n|t:|1699253588\n|gametype|singles\n|player|p1|Carina17|cynthia|\n|player|p2|Alculetto|wallace|\n|teamsize|p1|6\n|teamsize|p2|6\n|gen|9\n|tier|[Gen 9] Ubers\n|rule|Sleep Clause Mod: Limit one foe put to sleep\n|rule|Species Clause: Limit one of each Pok\u00e9mon\n|rule|OHKO Clause: OHKO moves are banned\n|rule|Evasion Items Clause: Evasion items are banned\n|rule|Evasion Moves Clause: Evasion moves are banned\n|rule|Endless Battle Clause: Forcing endless battles is banned\n|rule|HP Percentage Mod: HP is shown in percentages\n|clearpoke\n|poke|p1|Azumarill, M|\n|poke|p1|Iron Treads|\n|poke|p1|Chien-Pao|\n|poke|p1|Annihilape, F|\n|poke|p1|Weezing-Galar, M|\n|poke|p1|Rillaboom, M|\n|poke|p2|Skeledirge, F|\n|poke|p2|Wugtrio, F|\n|poke|p2|Arboliva, M|\n|poke|p2|Flamigo, F|\n|poke|p2|Oinkologne-F, F|\n|poke|p2|Glimmora, M|\n|teampreview\n|\n|t:|1699253601\n|start\n|switch|p1a: Annihilape|Annihilape, F|100\/100\n|switch|p2a: Oinkologne|Oinkologne-F, F|100\/100\n|turn|1\n|inactive|Battle timer is ON: inactive players will automatically lose when time's up. (requested by Carina17)\n|\n|t:|1699253622\n|switch|p2a: Flamigo|Flamigo, F|100\/100\n|move|p1a: Annihilape|Substitute|p1a: Annihilape\n|-start|p1a: Annihilape|Substitute\n|-damage|p1a: Annihilape|76\/100\n|\n|upkeep\n|turn|2\n|\n|t:|1699253634\n|move|p2a: Flamigo|Dual Wingbeat|p1a: Annihilape\n|-supereffective|p1a: Annihilape\n|-end|p1a: Annihilape|Substitute\n|-supereffective|p1a: Annihilape\n|-damage|p1a: Annihilape|36\/100\n|-hitcount|p1a: Annihilape|2\n|move|p1a: Annihilape|Bulk Up|p1a: Annihilape\n|-boost|p1a: Annihilape|atk|1\n|-boost|p1a: Annihilape|def|1\n|\n|upkeep\n|turn|3\n|\n|t:|1699253644\n|move|p2a: Flamigo|Dual Wingbeat|p1a: Annihilape\n|-supereffective|p1a: Annihilape\n|-damage|p1a: Annihilape|6\/100\n|-supereffective|p1a: Annihilape\n|-damage|p1a: Annihilape|0 fnt\n|faint|p1a: Annihilape\n|-hitcount|p1: Annihilape|2\n|\n|upkeep\n|\n|t:|1699253658\n|switch|p1a: Azumarill|Azumarill, M|100\/100\n|turn|4\n|\n|t:|1699253676\n|switch|p2a: Arboliva|Arboliva, M|100\/100\n|move|p1a: Azumarill|Belly Drum|p1a: Azumarill\n|-damage|p1a: Azumarill|50\/100\n|-setboost|p1a: Azumarill|atk|6|[from] move: Belly Drum\n|-enditem|p1a: Azumarill|Sitrus Berry|[eat]\n|-heal|p1a: Azumarill|75\/100|[from] item: Sitrus Berry\n|\n|upkeep\n|turn|5\n|\n|t:|1699253696\n|move|p1a: Azumarill|Play Rough|p2a: Arboliva\n|-damage|p2a: Arboliva|0 fnt\n|-fieldstart|move: Grassy Terrain|[from] ability: Seed Sower|[of] p2a: Arboliva\n|faint|p2a: Arboliva\n|\n|-heal|p1a: Azumarill|81\/100|[from] Grassy Terrain\n|upkeep\n|\n|t:|1699253712\n|switch|p2a: Wugtrio|Wugtrio, F|100\/100\n|turn|6\n|\n|t:|1699253725\n|move|p1a: Azumarill|Aqua Jet|p2a: Wugtrio\n|-resisted|p2a: Wugtrio\n|-enditem|p2a: Wugtrio|Focus Sash\n|-damage|p2a: Wugtrio|1\/100\n|move|p2a: Wugtrio|Sandstorm|p2a: Wugtrio\n|-weather|Sandstorm\n|\n|-weather|Sandstorm|[upkeep]\n|-damage|p1a: Azumarill|75\/100|[from] Sandstorm\n|-heal|p2a: Wugtrio|7\/100|[from] Grassy Terrain\n|-heal|p1a: Azumarill|81\/100|[from] Grassy Terrain\n|upkeep\n|turn|7\n|\n|t:|1699253738\n|move|p1a: Azumarill|Aqua Jet|p2a: Wugtrio\n|-resisted|p2a: Wugtrio\n|-damage|p2a: Wugtrio|0 fnt\n|faint|p2a: Wugtrio\n|\n|-weather|Sandstorm|[upkeep]\n|-damage|p1a: Azumarill|75\/100|[from] Sandstorm\n|-heal|p1a: Azumarill|81\/100|[from] Grassy Terrain\n|upkeep\n|inactive|Alculetto has 270 seconds left.\n|\n|t:|1699253767\n|switch|p2a: Skeledirge|Skeledirge, F|100\/100\n|turn|8\n|\n|t:|1699253774\n|-terastallize|p2a: Skeledirge|Fairy\n|move|p1a: Azumarill|Aqua Jet|p2a: Skeledirge\n|-damage|p2a: Skeledirge|22\/100\n|move|p2a: Skeledirge|Will-O-Wisp|p1a: Azumarill|[miss]\n|-miss|p2a: Skeledirge|p1a: Azumarill\n|\n|-weather|Sandstorm|[upkeep]\n|-damage|p1a: Azumarill|75\/100|[from] Sandstorm\n|-damage|p2a: Skeledirge|16\/100|[from] Sandstorm\n|-heal|p1a: Azumarill|81\/100|[from] Grassy Terrain\n|-heal|p2a: Skeledirge|22\/100|[from] Grassy Terrain\n|-heal|p2a: Skeledirge|28\/100|[from] item: Leftovers\n|upkeep\n|turn|9\n|inactive|Alculetto has 270 seconds left.\n|\n|t:|1699253789\n|move|p1a: Azumarill|Aqua Jet|p2a: Skeledirge\n|-damage|p2a: Skeledirge|0 fnt\n|faint|p2a: Skeledirge\n|\n|-weather|Sandstorm|[upkeep]\n|-damage|p1a: Azumarill|75\/100|[from] Sandstorm\n|-heal|p1a: Azumarill|81\/100|[from] Grassy Terrain\n|-fieldend|move: Grassy Terrain\n|upkeep\n|\n|t:|1699253810\n|switch|p2a: Flamigo|Flamigo, F|100\/100\n|turn|10\n|\n|t:|1699253815\n|move|p2a: Flamigo|Feint|p1a: Azumarill\n|-damage|p1a: Azumarill|69\/100\n|move|p1a: Azumarill|Play Rough|p2a: Flamigo\n|-supereffective|p2a: Flamigo\n|-damage|p2a: Flamigo|0 fnt\n|faint|p2a: Flamigo\n|\n|-weather|none\n|upkeep\n|inactive|Alculetto has 240 seconds left.\n|inactive|Alculetto has 210 seconds left.\n|\n|t:|1699253864\n|switch|p2a: Glimmora|Glimmora, M|100\/100\n|turn|11\n|\n|t:|1699253874\n|-terastallize|p1a: Azumarill|Ground\n|move|p2a: Glimmora|Mortal Spin|p1a: Azumarill\n|-resisted|p1a: Azumarill\n|-damage|p1a: Azumarill|65\/100\n|-status|p1a: Azumarill|psn\n|move|p1a: Azumarill|Tera Blast|p2a: Glimmora|[anim] Tera Blast Ground\n|-supereffective|p2a: Glimmora\n|-damage|p2a: Glimmora|0 fnt\n|-activate|p2a: Glimmora|ability: Toxic Debris\n|-sidestart|p1: Carina17|move: Toxic Spikes\n|faint|p2a: Glimmora\n|\n|-damage|p1a: Azumarill|53\/100 psn|[from] psn\n|upkeep\n|inactive|Alculetto has 210 seconds left.\n|\n|t:|1699253888\n|switch|p2a: Oinkologne|Oinkologne-F, F|100\/100\n|turn|12\n|\n|t:|1699253895\n|move|p1a: Azumarill|Tera Blast|p2a: Oinkologne|[anim] Tera Blast Ground\n|-damage|p2a: Oinkologne|0 fnt\n|faint|p2a: Oinkologne\n|\n|win|Carina17\n|l|\u2606Alculetto\n","uploadtime":1699253910,"views":3,"p1id":"carina17","p2id":"alculetto","formatid":"gen9ubers","rating":0,"private":0,"password":""}