{"id":"gen9ubers-1994493550","p1":"Anne Frankkkk","p2":"therealcoooooldude","format":"[Gen 9] Ubers","log":"|j|\u2606Anne Frankkkk\n|j|\u2606therealcoooooldude\n|t:|1700450420\n|gametype|singles\n|player|p1|Anne Frankkkk|hilbert|1177\n|player|p2|therealcoooooldude|steven|1261\n|teamsize|p1|6\n|teamsize|p2|6\n|gen|9\n|tier|[Gen 9] Ubers\n|rated|\n|rule|Sleep Clause Mod: Limit one foe put to sleep\n|rule|Species Clause: Limit one of each Pok\u00e9mon\n|rule|OHKO Clause: OHKO moves are banned\n|rule|Evasion Items Clause: Evasion items are banned\n|rule|Evasion Moves Clause: Evasion moves are banned\n|rule|Endless Battle Clause: Forcing endless battles is banned\n|rule|HP Percentage Mod: HP is shown in percentages\n|clearpoke\n|poke|p1|Regieleki|\n|poke|p1|Kyogre|\n|poke|p1|Chien-Pao|\n|poke|p1|Ribombee, M|\n|poke|p1|Miraidon|\n|poke|p1|Flutter Mane|\n|poke|p2|Ninetales-Alola, F|\n|poke|p2|Koraidon|\n|poke|p2|Espathra, M|\n|poke|p2|Flutter Mane|\n|poke|p2|Urshifu-*, M|\n|poke|p2|Ogerpon-Hearthflame, F|\n|teampreview\n|inactive|Battle timer is ON: inactive players will automatically lose when time's up. (requested by therealcoooooldude)\n|\n|t:|1700450427\n|start\n|switch|p1a: Moonblast|Ribombee, M, shiny|100\/100\n|switch|p2a: Ninetales|Ninetales-Alola, F|100\/100\n|-weather|Snow|[from] ability: Snow Warning|[of] p2a: Ninetales\n|turn|1\n|\n|t:|1700450433\n|move|p1a: Moonblast|Sticky Web|p2a: Ninetales\n|-sidestart|p2: therealcoooooldude|move: Sticky Web\n|move|p2a: Ninetales|Aurora Veil|p2a: Ninetales\n|-sidestart|p2: therealcoooooldude|move: Aurora Veil\n|\n|-weather|Snow|[upkeep]\n|upkeep\n|turn|2\n|\n|t:|1700450436\n|move|p1a: Moonblast|Moonblast|p2a: Ninetales\n|-damage|p2a: Ninetales|76\/100\n|move|p2a: Ninetales|Encore|p1a: Moonblast\n|-start|p1a: Moonblast|Encore\n|\n|-weather|Snow|[upkeep]\n|upkeep\n|turn|3\n|inactive|Anne Frankkkk has 120 seconds left.\n|inactive|Anne Frankkkk has 90 seconds left.\n|inactive|Anne Frankkkk has 60 seconds left.\n|\n|t:|1700450535\n|move|p1a: Moonblast|Moonblast|p2a: Ninetales\n|-damage|p2a: Ninetales|53\/100\n|-unboost|p2a: Ninetales|spa|1\n|move|p2a: Ninetales|Freeze-Dry|p1a: Moonblast\n|-damage|p1a: Moonblast|69\/100\n|\n|-weather|Snow|[upkeep]\n|upkeep\n|turn|4\n|inactive|Anne Frankkkk has 60 seconds left.\n|\n|t:|1700450555\n|switch|p2a: Ogerpon|Ogerpon-Hearthflame, F|100\/100\n|-activate|p2a: Ogerpon|move: Sticky Web\n|-unboost|p2a: Ogerpon|spe|1\n|-ability|p2a: Ogerpon|Mold Breaker\n|move|p1a: Moonblast|Moonblast|p2a: Ogerpon\n|-resisted|p2a: Ogerpon\n|-damage|p2a: Ogerpon|89\/100\n|\n|-weather|Snow|[upkeep]\n|upkeep\n|turn|5\n|\n|t:|1700450559\n|move|p1a: Moonblast|Moonblast|p2a: Ogerpon\n|-resisted|p2a: Ogerpon\n|-damage|p2a: Ogerpon|78\/100\n|move|p2a: Ogerpon|Swords Dance|p2a: Ogerpon\n|-boost|p2a: Ogerpon|atk|2\n|\n|-weather|none\n|-end|p1a: Moonblast|Encore\n|upkeep\n|turn|6\n|\n|t:|1700450563\n|move|p1a: Moonblast|Bug Buzz|p2a: Ogerpon\n|-damage|p2a: Ogerpon|57\/100\n|move|p2a: Ogerpon|Ivy Cudgel|p1a: Moonblast|[anim] Ivy Cudgel Fire\n|-supereffective|p1a: Moonblast\n|-damage|p1a: Moonblast|0 fnt\n|faint|p1a: Moonblast\n|\n|upkeep\n|inactive|Anne Frankkkk has 60 seconds left.\n|\n|t:|1700450588\n|switch|p1a: OHKO|Kyogre|100\/100\n|-weather|RainDance|[from] ability: Drizzle|[of] p1a: OHKO\n|turn|7\n|inactive|Anne Frankkkk has 60 seconds left.\n|\n|t:|1700450603\n|move|p1a: OHKO|Water Spout|p2a: Ogerpon\n|-damage|p2a: Ogerpon|0 fnt\n|faint|p2a: Ogerpon\n|\n|-weather|RainDance|[upkeep]\n|upkeep\n|\n|t:|1700450615\n|switch|p2a: Koraidon|Koraidon|100\/100\n|-activate|p2a: Koraidon|move: Sticky Web\n|-unboost|p2a: Koraidon|spe|1\n|-weather|SunnyDay|[from] ability: Orichalcum Pulse|[of] p2a: Koraidon\n|-activate|p2a: Koraidon|Orichalcum Pulse|[source]\n|turn|8\n|\n|t:|1700450620\n|switch|p1a: Bzzzzt|Regieleki, shiny|100\/100\n|move|p2a: Koraidon|Swords Dance|p2a: Koraidon\n|-boost|p2a: Koraidon|atk|2\n|\n|-weather|SunnyDay|[upkeep]\n|-sideend|p2: therealcoooooldude|move: Aurora Veil\n|upkeep\n|turn|9\n|\n|t:|1700450641\n|move|p1a: Bzzzzt|Thunderbolt|p2a: Koraidon\n|-resisted|p2a: Koraidon\n|-damage|p2a: Koraidon|67\/100\n|-status|p2a: Koraidon|par\n|move|p2a: Koraidon|Flame Charge|p1a: Bzzzzt\n|-damage|p1a: Bzzzzt|0 fnt\n|-boost|p2a: Koraidon|spe|1\n|faint|p1a: Bzzzzt\n|\n|-weather|SunnyDay|[upkeep]\n|-heal|p2a: Koraidon|74\/100 par|[from] item: Leftovers\n|upkeep\n|\n|t:|1700450645\n|switch|p1a: Misdreavius|Flutter Mane, shiny|100\/100\n|-activate|p1a: Misdreavius|ability: Protosynthesis\n|-start|p1a: Misdreavius|protosynthesisspe\n|turn|10\n|\n|t:|1700450650\n|move|p1a: Misdreavius|Moonblast|p2a: Koraidon\n|-supereffective|p2a: Koraidon\n|-damage|p2a: Koraidon|0 fnt\n|faint|p2a: Koraidon\n|\n|-weather|SunnyDay|[upkeep]\n|upkeep\n|\n|t:|1700450654\n|switch|p2a: Ninetales|Ninetales-Alola, F|53\/100\n|-activate|p2a: Ninetales|move: Sticky Web\n|-unboost|p2a: Ninetales|spe|1\n|-weather|Snow|[from] ability: Snow Warning|[of] p2a: Ninetales\n|-end|p1a: Misdreavius|Protosynthesis\n|-enditem|p1a: Misdreavius|Booster Energy\n|-activate|p1a: Misdreavius|ability: Protosynthesis|[fromitem]\n|-start|p1a: Misdreavius|protosynthesisspe\n|turn|11\n|\n|t:|1700450662\n|move|p1a: Misdreavius|Power Gem|p2a: Ninetales\n|-supereffective|p2a: Ninetales\n|-crit|p2a: Ninetales\n|-damage|p2a: Ninetales|0 fnt\n|faint|p2a: Ninetales\n|\n|-weather|Snow|[upkeep]\n|upkeep\n|\n|t:|1700450686\n|switch|p2a: Flutter Mane|Flutter Mane, shiny|100\/100\n|-activate|p2a: Flutter Mane|move: Sticky Web\n|-unboost|p2a: Flutter Mane|spe|1\n|-enditem|p2a: Flutter Mane|Booster Energy\n|-activate|p2a: Flutter Mane|ability: Protosynthesis|[fromitem]\n|-start|p2a: Flutter Mane|protosynthesisspa\n|turn|12\n|\n|t:|1700450700\n|move|p1a: Misdreavius|Shadow Ball|p2a: Flutter Mane\n|-supereffective|p2a: Flutter Mane\n|-damage|p2a: Flutter Mane|10\/100\n|-unboost|p2a: Flutter Mane|spd|1\n|move|p2a: Flutter Mane|Shadow Ball|p1a: Misdreavius\n|-supereffective|p1a: Misdreavius\n|-damage|p1a: Misdreavius|0 fnt\n|faint|p1a: Misdreavius\n|-end|p1a: Misdreavius|Protosynthesis|[silent]\n|\n|-weather|Snow|[upkeep]\n|upkeep\n|\n|t:|1700450705\n|switch|p1a: Ice Cat|Chien-Pao|100\/100\n|-ability|p1a: Ice Cat|Sword of Ruin\n|turn|13\n|\n|t:|1700450728\n|move|p1a: Ice Cat|Sucker Punch|p2a: Flutter Mane\n|-damage|p2a: Flutter Mane|0 fnt\n|faint|p2a: Flutter Mane\n|-end|p2a: Flutter Mane|Protosynthesis|[silent]\n|\n|-weather|Snow|[upkeep]\n|upkeep\n|inactive|therealcoooooldude has 120 seconds left.\n|inactive|therealcoooooldude has 90 seconds left.\n|inactive|therealcoooooldude has 60 seconds left.\n|inactive|therealcoooooldude has 30 seconds left.\n|inactive|therealcoooooldude has 20 seconds left.\n|inactive|therealcoooooldude has 15 seconds left.\n|inactive|therealcoooooldude has 10 seconds left.\n|inactive|therealcoooooldude has 5 seconds left.\n|-message|therealcoooooldude lost due to inactivity.\n|\n|win|Anne Frankkkk\n|raw|Anne Frankkkk's rating: 1177 &rarr; <strong>1208<\/strong><br \/>(+31 for winning)\n|raw|therealcoooooldude's rating: 1261 &rarr; <strong>1230<\/strong><br \/>(-31 for losing)\n","uploadtime":1700450876,"views":5,"p1id":"annefrankkkk","p2id":"therealcoooooldude","formatid":"gen9ubers","rating":1208,"private":0,"password":""}