{"id":"gen9ubers-1975201737","p1":"IC Oshawott","p2":"Trainer#261","format":"[Gen 9] Ubers","log":"|j|\u203dIC Oshawott\n|j|\u2606Trainer#261\n|t:|1698169793\n|gametype|singles\n|player|p1|IC Oshawott|colress|1256\n|player|p2|Trainer#261|lucas|1338\n|teamsize|p1|6\n|teamsize|p2|6\n|gen|9\n|tier|[Gen 9] Ubers\n|rated|\n|rule|Sleep Clause Mod: Limit one foe put to sleep\n|rule|Species Clause: Limit one of each Pok\u00e9mon\n|rule|OHKO Clause: OHKO moves are banned\n|rule|Evasion Items Clause: Evasion items are banned\n|rule|Evasion Moves Clause: Evasion moves are banned\n|rule|Endless Battle Clause: Forcing endless battles is banned\n|rule|HP Percentage Mod: HP is shown in percentages\n|clearpoke\n|poke|p1|Groudon|\n|poke|p1|Ribombee, M|\n|poke|p1|Gholdengo|\n|poke|p1|Zacian-*|\n|poke|p1|Lilligant-Hisui, F|\n|poke|p1|Great Tusk|\n|poke|p2|Miraidon|\n|poke|p2|Arceus-Ground|\n|poke|p2|Kyogre|\n|poke|p2|Zacian-*|\n|poke|p2|Skeledirge, M|\n|poke|p2|Landorus-Therian, M|\n|teampreview\n|inactive|Battle timer is ON: inactive players will automatically lose when time's up. (requested by IC Oshawott)\n|\n|t:|1698169807\n|start\n|switch|p1a: Ribombee|Ribombee, M|100\/100\n|switch|p2a: Landorus|Landorus-Therian, M|100\/100\n|-ability|p2a: Landorus|Intimidate|boost\n|-unboost|p1a: Ribombee|atk|1\n|turn|1\n|\n|t:|1698169815\n|move|p1a: Ribombee|Sticky Web|p2a: Landorus\n|-sidestart|p2: Trainer#261|move: Sticky Web\n|move|p2a: Landorus|Smack Down|p1a: Ribombee\n|-supereffective|p1a: Ribombee\n|-damage|p1a: Ribombee|36\/100\n|\n|upkeep\n|turn|2\n|\n|t:|1698169817\n|move|p1a: Ribombee|U-turn|p2a: Landorus\n|-resisted|p2a: Landorus\n|-damage|p2a: Landorus|97\/100\n|-damage|p1a: Ribombee|19\/100|[from] item: Rocky Helmet|[of] p2a: Landorus\n|\n|t:|1698169827\n|switch|p1a: Great Tusk|Great Tusk|100\/100|[from] U-turn\n|move|p2a: Landorus|Stealth Rock|p1a: Great Tusk\n|-sidestart|p1: IC Oshawott|move: Stealth Rock\n|\n|upkeep\n|turn|3\n|\n|t:|1698169831\n|move|p2a: Landorus|Earthquake|p1a: Great Tusk\n|-damage|p1a: Great Tusk|75\/100\n|move|p1a: Great Tusk|Knock Off|p2a: Landorus\n|-crit|p2a: Landorus\n|-damage|p2a: Landorus|65\/100\n|-damage|p1a: Great Tusk|58\/100|[from] item: Rocky Helmet|[of] p2a: Landorus\n|-enditem|p2a: Landorus|Rocky Helmet|[from] move: Knock Off|[of] p1a: Great Tusk\n|\n|-heal|p1a: Great Tusk|64\/100|[from] item: Leftovers\n|upkeep\n|turn|4\n|\n|t:|1698169835\n|move|p2a: Landorus|U-turn|p1a: Great Tusk\n|-resisted|p1a: Great Tusk\n|-damage|p1a: Great Tusk|59\/100\n|\n|t:|1698169839\n|switch|p2a: Kyogre|Kyogre|100\/100|[from] U-turn\n|-activate|p2a: Kyogre|move: Sticky Web\n|-unboost|p2a: Kyogre|spe|1\n|-weather|RainDance|[from] ability: Drizzle|[of] p2a: Kyogre\n|move|p1a: Great Tusk|Rapid Spin|p2a: Kyogre\n|-damage|p2a: Kyogre|84\/100\n|-boost|p1a: Great Tusk|spe|1\n|-sideend|p1: IC Oshawott|Stealth Rock|[from] move: Rapid Spin|[of] p1a: Great Tusk\n|\n|-weather|RainDance|[upkeep]\n|-heal|p1a: Great Tusk|65\/100|[from] item: Leftovers\n|upkeep\n|turn|5\n|\n|t:|1698169844\n|-end|p1a: Great Tusk|Protosynthesis|[silent]\n|switch|p1a: Lilligant|Lilligant-Hisui, F|100\/100\n|move|p2a: Kyogre|Origin Pulse|p1a: Lilligant\n|-resisted|p1a: Lilligant\n|-damage|p1a: Lilligant|31\/100\n|\n|-weather|RainDance|[upkeep]\n|upkeep\n|turn|6\n|\n|t:|1698169851\n|switch|p2a: Landorus|Landorus-Therian, M|65\/100\n|-ability|p2a: Landorus|Intimidate|boost\n|-unboost|p1a: Lilligant|atk|1\n|move|p1a: Lilligant|Sleep Powder|p2a: Landorus|[miss]\n|-miss|p1a: Lilligant|p2a: Landorus\n|\n|-weather|RainDance|[upkeep]\n|upkeep\n|turn|7\n|\n|t:|1698169865\n|move|p1a: Lilligant|Victory Dance|p1a: Lilligant\n|-boost|p1a: Lilligant|atk|1\n|-boost|p1a: Lilligant|def|1\n|-boost|p1a: Lilligant|spe|1\n|move|p2a: Landorus|Earthquake|p1a: Lilligant\n|-resisted|p1a: Lilligant\n|-damage|p1a: Lilligant|6\/100\n|\n|-weather|RainDance|[upkeep]\n|upkeep\n|turn|8\n|\n|t:|1698169872\n|move|p1a: Lilligant|Sleep Powder|p2a: Landorus\n|-status|p2a: Landorus|slp|[from] move: Sleep Powder\n|cant|p2a: Landorus|slp\n|\n|-weather|none\n|upkeep\n|turn|9\n|\n|t:|1698169874\n|move|p1a: Lilligant|Victory Dance|p1a: Lilligant\n|-boost|p1a: Lilligant|atk|1\n|-boost|p1a: Lilligant|def|1\n|-boost|p1a: Lilligant|spe|1\n|-curestatus|p2a: Landorus|slp|[msg]\n|move|p2a: Landorus|U-turn|p1a: Lilligant\n|-damage|p1a: Lilligant|0 fnt\n|faint|p1a: Lilligant\n|\n|t:|1698169879\n|switch|p2a: Skeledirge|Skeledirge, M|100\/100|[from] U-turn\n|-activate|p2a: Skeledirge|move: Sticky Web\n|-unboost|p2a: Skeledirge|spe|1\n|\n|upkeep\n|\n|t:|1698169884\n|switch|p1a: Gholdengo|Gholdengo|100\/100\n|turn|10\n|\n|t:|1698169888\n|move|p1a: Gholdengo|Shadow Ball|p2a: Skeledirge\n|-supereffective|p2a: Skeledirge\n|-damage|p2a: Skeledirge|39\/100\n|move|p2a: Skeledirge|Earth Power|p1a: Gholdengo\n|-supereffective|p1a: Gholdengo\n|-damage|p1a: Gholdengo|47\/100\n|\n|-heal|p2a: Skeledirge|45\/100|[from] item: Leftovers\n|upkeep\n|turn|11\n|\n|t:|1698169902\n|switch|p2a: Landorus|Landorus-Therian, M|65\/100\n|-ability|p2a: Landorus|Intimidate|boost\n|-unboost|p1a: Gholdengo|atk|1\n|move|p1a: Gholdengo|Shadow Ball|p2a: Landorus\n|-damage|p2a: Landorus|17\/100\n|-unboost|p2a: Landorus|spd|1\n|\n|upkeep\n|turn|12\n|\n|t:|1698169905\n|move|p1a: Gholdengo|Shadow Ball|p2a: Landorus\n|-damage|p2a: Landorus|0 fnt\n|faint|p2a: Landorus\n|\n|upkeep\n|\n|t:|1698169911\n|switch|p2a: Miraidon|Miraidon|100\/100\n|-fieldstart|move: Electric Terrain|[from] ability: Hadron Engine|[of] p2a: Miraidon\n|turn|13\n|\n|t:|1698169914\n|switch|p1a: Great Tusk|Great Tusk|65\/100\n|move|p2a: Miraidon|Electro Drift|p1a: Great Tusk\n|-immune|p1a: Great Tusk\n|\n|-heal|p1a: Great Tusk|71\/100|[from] item: Leftovers\n|upkeep\n|turn|14\n|\n|t:|1698169918\n|move|p2a: Miraidon|Draco Meteor|p1a: Great Tusk\n|-damage|p1a: Great Tusk|0 fnt\n|-unboost|p2a: Miraidon|spa|2\n|faint|p1a: Great Tusk\n|-end|p1a: Great Tusk|Protosynthesis|[silent]\n|\n|upkeep\n|\n|t:|1698169930\n|switch|p1a: Groudon|Groudon|100\/100\n|-weather|SunnyDay|[from] ability: Drought|[of] p1a: Groudon\n|turn|15\n|\n|t:|1698169951\n|move|p2a: Miraidon|U-turn|p1a: Groudon\n|-damage|p1a: Groudon|94\/100\n|\n|t:|1698169967\n|switch|p2a: Kyogre|Kyogre|84\/100|[from] U-turn\n|-activate|p2a: Kyogre|move: Sticky Web\n|-unboost|p2a: Kyogre|spe|1\n|-weather|RainDance|[from] ability: Drizzle|[of] p2a: Kyogre\n|move|p1a: Groudon|Precipice Blades|p2a: Kyogre\n|-crit|p2a: Kyogre\n|-damage|p2a: Kyogre|0 fnt\n|faint|p2a: Kyogre\n|\n|-weather|RainDance|[upkeep]\n|-heal|p1a: Groudon|99\/100|[from] item: Leftovers\n|upkeep\n|\n|t:|1698169975\n|switch|p2a: Arceus|Arceus-Ground|100\/100\n|-activate|p2a: Arceus|move: Sticky Web\n|-unboost|p2a: Arceus|spe|1\n|turn|16\n|\n|t:|1698169978\n|move|p2a: Arceus|Dragon Dance|p2a: Arceus\n|-boost|p2a: Arceus|atk|1\n|-boost|p2a: Arceus|spe|1\n|move|p1a: Groudon|Roar|p2a: Arceus\n|drag|p2a: Miraidon|Miraidon|100\/100\n|-activate|p2a: Miraidon|ability: Hadron Engine\n|\n|-weather|RainDance|[upkeep]\n|-heal|p1a: Groudon|100\/100|[from] item: Leftovers\n|upkeep\n|turn|17\n|\n|t:|1698169985\n|switch|p1a: Gholdengo|Gholdengo|47\/100\n|-terastallize|p2a: Miraidon|Flying\n|move|p2a: Miraidon|Draco Meteor|p1a: Gholdengo\n|-resisted|p1a: Gholdengo\n|-damage|p1a: Gholdengo|0 fnt\n|-unboost|p2a: Miraidon|spa|2\n|faint|p1a: Gholdengo\n|\n|-weather|RainDance|[upkeep]\n|-fieldend|move: Electric Terrain\n|upkeep\n|\n|t:|1698170010\n|switch|p1a: Groudon|Groudon|100\/100\n|-weather|SunnyDay|[from] ability: Drought|[of] p1a: Groudon\n|turn|18\n|\n|t:|1698170015\n|switch|p2a: Skeledirge|Skeledirge, M|45\/100\n|-activate|p2a: Skeledirge|move: Sticky Web\n|-unboost|p2a: Skeledirge|spe|1\n|move|p1a: Groudon|Stealth Rock|p2a: Skeledirge\n|-sidestart|p2: Trainer#261|move: Stealth Rock\n|\n|-weather|SunnyDay|[upkeep]\n|-heal|p2a: Skeledirge|51\/100|[from] item: Leftovers\n|upkeep\n|turn|19\n|\n|t:|1698170018\n|move|p1a: Groudon|Precipice Blades|p2a: Skeledirge\n|-supereffective|p2a: Skeledirge\n|-damage|p2a: Skeledirge|0 fnt\n|faint|p2a: Skeledirge\n|\n|-weather|SunnyDay|[upkeep]\n|upkeep\n|\n|t:|1698170020\n|switch|p2a: Miraidon|Miraidon, tera:Flying|100\/100\n|-fieldstart|move: Electric Terrain|[from] ability: Hadron Engine|[of] p2a: Miraidon\n|turn|20\n|\n|t:|1698170023\n|move|p2a: Miraidon|Draco Meteor|p1a: Groudon\n|-damage|p1a: Groudon|18\/100\n|-unboost|p2a: Miraidon|spa|2\n|move|p1a: Groudon|Heat Crash|p2a: Miraidon\n|-crit|p2a: Miraidon\n|-damage|p2a: Miraidon|40\/100\n|\n|-weather|SunnyDay|[upkeep]\n|-heal|p1a: Groudon|24\/100|[from] item: Leftovers\n|upkeep\n|turn|21\n|\n|t:|1698170027\n|switch|p1a: Ribombee|Ribombee, M|19\/100\n|move|p2a: Miraidon|Draco Meteor|p1a: Ribombee\n|-immune|p1a: Ribombee\n|\n|-weather|SunnyDay|[upkeep]\n|upkeep\n|turn|22\n|\n|t:|1698170030\n|switch|p1a: Zacian|Zacian-Crowned|100\/100\n|-ability|p1a: Zacian|Intrepid Sword|boost\n|-boost|p1a: Zacian|atk|1\n|move|p2a: Miraidon|Electro Drift|p1a: Zacian\n|-damage|p1a: Zacian|68\/100\n|\n|-weather|none\n|upkeep\n|turn|23\n|\n|t:|1698170035\n|switch|p2a: Arceus|Arceus-Ground|100\/100\n|-activate|p2a: Arceus|move: Sticky Web\n|-unboost|p2a: Arceus|spe|1\n|-damage|p2a: Arceus|94\/100|[from] Stealth Rock\n|move|p1a: Zacian|Swords Dance|p1a: Zacian\n|-boost|p1a: Zacian|atk|2\n|\n|upkeep\n|turn|24\n|\n|t:|1698170039\n|move|p1a: Zacian|Behemoth Blade|p2a: Arceus\n|-damage|p2a: Arceus|0 fnt\n|faint|p2a: Arceus\n|\n|-fieldend|move: Electric Terrain\n|upkeep\n|\n|t:|1698170042\n|switch|p2a: Zacian|Zacian-Crowned|100\/100\n|-activate|p2a: Zacian|move: Sticky Web\n|-unboost|p2a: Zacian|spe|1\n|-damage|p2a: Zacian|94\/100|[from] Stealth Rock\n|-ability|p2a: Zacian|Intrepid Sword|boost\n|-boost|p2a: Zacian|atk|1\n|turn|25\n|\n|t:|1698170046\n|-terastallize|p1a: Zacian|Ground\n|move|p1a: Zacian|Tera Blast|p2a: Zacian|[anim] Tera Blast Ground\n|-supereffective|p2a: Zacian\n|-damage|p2a: Zacian|0 fnt\n|faint|p2a: Zacian\n|\n|upkeep\n|\n|t:|1698170049\n|switch|p2a: Miraidon|Miraidon, tera:Flying|40\/100\n|-fieldstart|move: Electric Terrain|[from] ability: Hadron Engine|[of] p2a: Miraidon\n|turn|26\n|\n|t:|1698170054\n|move|p1a: Zacian|Behemoth Blade|p2a: Miraidon\n|-damage|p2a: Miraidon|0 fnt\n|faint|p2a: Miraidon\n|\n|win|IC Oshawott\n|raw|IC Oshawott's rating: 1256 &rarr; <strong>1287<\/strong><br \/>(+31 for winning)\n|raw|Trainer#261's rating: 1338 &rarr; <strong>1313<\/strong><br \/>(-25 for losing)\n","uploadtime":1698170058,"views":12,"p1id":"icoshawott","p2id":"trainer261","formatid":"gen9ubers","rating":1287,"private":0,"password":""}