{"id":"gen9ubers-1984532410","p1":"Neutralist","p2":"Ayano'rexique \u00b4","format":"[Gen 9] Ubers","log":"|j|\u2606Neutralist\n|j|\u2606Ayano'rexique \u00b4\n|t:|1699276946\n|gametype|singles\n|player|p1|Neutralist|1|1412\n|player|p2|Ayano'rexique \u00b4|lusamine|1391\n|teamsize|p1|6\n|teamsize|p2|6\n|gen|9\n|tier|[Gen 9] Ubers\n|rated|\n|rule|Sleep Clause Mod: Limit one foe put to sleep\n|rule|Species Clause: Limit one of each Pok\u00e9mon\n|rule|OHKO Clause: OHKO moves are banned\n|rule|Evasion Items Clause: Evasion items are banned\n|rule|Evasion Moves Clause: Evasion moves are banned\n|rule|Endless Battle Clause: Forcing endless battles is banned\n|rule|HP Percentage Mod: HP is shown in percentages\n|clearpoke\n|poke|p1|Miraidon|\n|poke|p1|Koraidon|\n|poke|p1|Volcarona, F|\n|poke|p1|Regieleki|\n|poke|p1|Flutter Mane|\n|poke|p1|Giratina-Origin|\n|poke|p2|Groudon|\n|poke|p2|Chi-Yu|\n|poke|p2|Ogerpon-Hearthflame, F|\n|poke|p2|Koraidon|\n|poke|p2|Flutter Mane|\n|poke|p2|Ribombee, F|\n|teampreview\n|\n|t:|1699276956\n|start\n|switch|p1a: Flutter Mane|Flutter Mane|100\/100\n|switch|p2a: I hate myself|Ribombee, F|100\/100\n|turn|1\n|\n|t:|1699276973\n|move|p1a: Flutter Mane|Taunt|p2a: I hate myself\n|-start|p2a: I hate myself|move: Taunt\n|cant|p2a: I hate myself|move: Taunt|Stun Spore\n|\n|upkeep\n|turn|2\n|\n|t:|1699276977\n|-end|p1a: Flutter Mane|Protosynthesis|[silent]\n|switch|p1a: Regieleki|Regieleki|100\/100\n|switch|p2a: Goudron|Groudon|100\/100\n|-weather|SunnyDay|[from] ability: Drought|[of] p2a: Goudron\n|\n|-weather|SunnyDay|[upkeep]\n|upkeep\n|turn|3\n|\n|t:|1699276981\n|move|p1a: Regieleki|Reflect|p1a: Regieleki\n|-sidestart|p1: Neutralist|Reflect\n|move|p2a: Goudron|Heat Crash|p1a: Regieleki\n|-damage|p1a: Regieleki|51\/100\n|\n|-weather|SunnyDay|[upkeep]\n|upkeep\n|turn|4\n|\n|t:|1699276987\n|switch|p1a: Volcarona|Volcarona, F|100\/100\n|move|p2a: Goudron|Precipice Blades|p1a: Volcarona|[miss]\n|-miss|p2a: Goudron|p1a: Volcarona\n|\n|-weather|SunnyDay|[upkeep]\n|upkeep\n|turn|5\n|\n|t:|1699276992\n|move|p1a: Volcarona|Quiver Dance|p1a: Volcarona\n|-boost|p1a: Volcarona|spa|1\n|-boost|p1a: Volcarona|spd|1\n|-boost|p1a: Volcarona|spe|1\n|move|p2a: Goudron|Precipice Blades|p1a: Volcarona\n|-damage|p1a: Volcarona|70\/100\n|\n|-weather|SunnyDay|[upkeep]\n|upkeep\n|turn|6\n|\n|t:|1699276994\n|move|p1a: Volcarona|Will-O-Wisp|p2a: Goudron\n|-status|p2a: Goudron|brn\n|move|p2a: Goudron|Precipice Blades|p1a: Volcarona\n|-damage|p1a: Volcarona|55\/100\n|\n|-weather|SunnyDay|[upkeep]\n|-damage|p2a: Goudron|94\/100 brn|[from] brn\n|upkeep\n|turn|7\n|\n|t:|1699276997\n|move|p1a: Volcarona|Morning Sun|p1a: Volcarona\n|-heal|p1a: Volcarona|100\/100\n|move|p2a: Goudron|Stealth Rock|p1a: Volcarona\n|-sidestart|p1: Neutralist|move: Stealth Rock\n|\n|-weather|SunnyDay|[upkeep]\n|-damage|p2a: Goudron|88\/100 brn|[from] brn\n|upkeep\n|turn|8\n|\n|t:|1699277001\n|switch|p2a: I hate myself|Ribombee, F|100\/100\n|move|p1a: Volcarona|Quiver Dance|p1a: Volcarona\n|-boost|p1a: Volcarona|spa|1\n|-boost|p1a: Volcarona|spd|1\n|-boost|p1a: Volcarona|spe|1\n|\n|-weather|SunnyDay|[upkeep]\n|upkeep\n|turn|9\n|\n|t:|1699277009\n|-terastallize|p1a: Volcarona|Grass\n|move|p1a: Volcarona|Quiver Dance|p1a: Volcarona\n|-boost|p1a: Volcarona|spa|1\n|-boost|p1a: Volcarona|spd|1\n|-boost|p1a: Volcarona|spe|1\n|move|p2a: I hate myself|Tailwind|p2a: I hate myself\n|-sidestart|p2: Ayano'rexique \u00b4|move: Tailwind\n|\n|-weather|none\n|upkeep\n|turn|10\n|\n|t:|1699277014\n|move|p2a: I hate myself|Sticky Web|p1a: Volcarona\n|-sidestart|p1: Neutralist|move: Sticky Web\n|move|p1a: Volcarona|Flamethrower|p2a: I hate myself\n|-supereffective|p2a: I hate myself\n|-enditem|p2a: I hate myself|Focus Sash\n|-damage|p2a: I hate myself|1\/100\n|\n|-sideend|p1: Neutralist|Reflect\n|upkeep\n|turn|11\n|\n|t:|1699277018\n|move|p2a: I hate myself|Moonblast|p1a: Volcarona\n|-crit|p1a: Volcarona\n|-damage|p1a: Volcarona|58\/100\n|move|p1a: Volcarona|Quiver Dance|p1a: Volcarona\n|-boost|p1a: Volcarona|spa|1\n|-boost|p1a: Volcarona|spd|1\n|-boost|p1a: Volcarona|spe|1\n|\n|upkeep\n|turn|12\n|\n|t:|1699277023\n|move|p1a: Volcarona|Morning Sun|p1a: Volcarona\n|-heal|p1a: Volcarona|100\/100\n|move|p2a: I hate myself|Moonblast|p1a: Volcarona\n|-damage|p1a: Volcarona|91\/100\n|\n|-sideend|p2: Ayano'rexique \u00b4|move: Tailwind\n|upkeep\n|turn|13\n|\n|t:|1699277026\n|move|p1a: Volcarona|Quiver Dance|p1a: Volcarona\n|-boost|p1a: Volcarona|spa|1\n|-boost|p1a: Volcarona|spd|1\n|-boost|p1a: Volcarona|spe|1\n|move|p2a: I hate myself|Tailwind|p2a: I hate myself\n|-sidestart|p2: Ayano'rexique \u00b4|move: Tailwind\n|\n|upkeep\n|turn|14\n|\n|t:|1699277030\n|switch|p2a: Goudron|Groudon|88\/100 brn\n|-weather|SunnyDay|[from] ability: Drought|[of] p2a: Goudron\n|move|p1a: Volcarona|Quiver Dance|p1a: Volcarona\n|-boost|p1a: Volcarona|spa|1\n|-boost|p1a: Volcarona|spd|1\n|-boost|p1a: Volcarona|spe|1\n|\n|-weather|SunnyDay|[upkeep]\n|-damage|p2a: Goudron|82\/100 brn|[from] brn\n|upkeep\n|turn|15\n|\n|t:|1699277035\n|move|p1a: Volcarona|Flamethrower|p2a: Goudron\n|-damage|p2a: Goudron|0 fnt\n|faint|p2a: Goudron\n|\n|-weather|SunnyDay|[upkeep]\n|upkeep\n|\n|t:|1699277037\n|switch|p2a: Toxic|Chi-Yu|100\/100\n|-ability|p2a: Toxic|Beads of Ruin\n|turn|16\n|\n|t:|1699277040\n|move|p1a: Volcarona|Flamethrower|p2a: Toxic\n|-resisted|p2a: Toxic\n|-damage|p2a: Toxic|0 fnt\n|faint|p2a: Toxic\n|\n|-weather|SunnyDay|[upkeep]\n|-sideend|p2: Ayano'rexique \u00b4|move: Tailwind\n|upkeep\n|\n|t:|1699277050\n|switch|p2a: Coraildon|Koraidon|100\/100\n|-activate|p2a: Coraildon|ability: Orichalcum Pulse\n|turn|17\n|\n|t:|1699277052\n|move|p1a: Volcarona|Flamethrower|p2a: Coraildon\n|-resisted|p2a: Coraildon\n|-damage|p2a: Coraildon|0 fnt\n|faint|p2a: Coraildon\n|\n|-weather|SunnyDay|[upkeep]\n|upkeep\n|-message|Ayano'rexique \u00b4 forfeited.\n|\n|win|Neutralist\n|raw|Neutralist's rating: 1412 &rarr; <strong>1431<\/strong><br \/>(+19 for winning)\n|raw|Ayano&apos;rexique \u00b4's rating: 1391 &rarr; <strong>1372<\/strong><br \/>(-19 for losing)\n|l|\u2606Ayano'rexique \u00b4\n|j|\u2606Ayano'rexique \u00b4\n|player|p2|Ayano'rexique \u00b4|lusamine\n|l|\u2606Ayano'rexique \u00b4\n|player|p2|\n","uploadtime":1699277066,"views":11,"p1id":"neutralist","p2id":"ayanorexique","formatid":"gen9ubers","rating":1372,"private":0,"password":""}