{"id":"gen9ubers-1992355550","p1":"S3PP1","p2":"CrushMeGoodra","format":"[Gen 9] Ubers","log":"|j|\u2606S3PP1\n|j|\u2606CrushMeGoodra\n|t:|1700178094\n|gametype|singles\n|player|p1|S3PP1|chuck|\n|player|p2|CrushMeGoodra|cynthia|\n|teamsize|p1|6\n|teamsize|p2|6\n|gen|9\n|tier|[Gen 9] Ubers\n|rule|Sleep Clause Mod: Limit one foe put to sleep\n|rule|Species Clause: Limit one of each Pok\u00e9mon\n|rule|OHKO Clause: OHKO moves are banned\n|rule|Evasion Items Clause: Evasion items are banned\n|rule|Evasion Moves Clause: Evasion moves are banned\n|rule|Endless Battle Clause: Forcing endless battles is banned\n|rule|HP Percentage Mod: HP is shown in percentages\n|clearpoke\n|poke|p1|Breloom, F|\n|poke|p1|Palafin, F|\n|poke|p1|Jirachi|\n|poke|p1|Glimmora, F|\n|poke|p1|Talonflame, M|\n|poke|p1|Mudsdale, F|\n|poke|p2|Breloom, M|\n|poke|p2|Jirachi|\n|poke|p2|Palafin, M|\n|poke|p2|Glimmora, M|\n|poke|p2|Talonflame, F|\n|poke|p2|Mudsdale, F|\n|teampreview\n|inactive|Battle timer is ON: inactive players will automatically lose when time's up. (requested by S3PP1)\n|inactive|CrushMeGoodra also wants the timer to be on.\n|\n|t:|1700178120\n|start\n|switch|p1a: Palafin|Palafin, F|100\/100\n|switch|p2a: Breloom|Breloom, M|100\/100\n|turn|1\n|\n|t:|1700178130\n|detailschange|p1a: Palafin|Palafin-Hero, F\n|switch|p1a: Talonflame|Talonflame, M|100\/100\n|move|p2a: Breloom|Spore|p1a: Talonflame\n|-status|p1a: Talonflame|slp|[from] move: Spore\n|\n|upkeep\n|turn|2\n|\n|t:|1700178142\n|switch|p1a: Jirachi|Jirachi|100\/100\n|switch|p2a: Palafin|Palafin, M, shiny|100\/100\n|\n|upkeep\n|turn|3\n|\n|t:|1700178152\n|detailschange|p2a: Palafin|Palafin-Hero, M, shiny\n|switch|p2a: Glimmora|Glimmora, M|100\/100\n|move|p1a: Jirachi|Zen Headbutt|p2a: Glimmora\n|-supereffective|p2a: Glimmora\n|-damage|p2a: Glimmora|12\/100\n|-activate|p2a: Glimmora|ability: Toxic Debris\n|-sidestart|p1: S3PP1|move: Toxic Spikes\n|\n|upkeep\n|turn|4\n|\n|t:|1700178168\n|move|p1a: Jirachi|Zen Headbutt|p2a: Glimmora\n|-supereffective|p2a: Glimmora\n|-damage|p2a: Glimmora|0 fnt\n|-activate|p2a: Glimmora|ability: Toxic Debris\n|-sidestart|p1: S3PP1|move: Toxic Spikes\n|faint|p2a: Glimmora\n|\n|upkeep\n|\n|t:|1700178182\n|switch|p2a: Palafin|Palafin-Hero, M, shiny|100\/100\n|-activate|p2a: Palafin|ability: Zero to Hero\n|turn|5\n|\n|t:|1700178190\n|move|p1a: Jirachi|Zen Headbutt|p2a: Palafin\n|-damage|p2a: Palafin|72\/100\n|cant|p2a: Palafin|flinch\n|\n|-heal|p2a: Palafin|78\/100|[from] item: Leftovers\n|upkeep\n|turn|6\n|\n|t:|1700178193\n|move|p1a: Jirachi|Zen Headbutt|p2a: Palafin\n|-damage|p2a: Palafin|52\/100\n|move|p2a: Palafin|Bulk Up|p2a: Palafin\n|-boost|p2a: Palafin|atk|1\n|-boost|p2a: Palafin|def|1\n|\n|-heal|p2a: Palafin|58\/100|[from] item: Leftovers\n|upkeep\n|turn|7\n|\n|t:|1700178205\n|move|p2a: Palafin|Jet Punch|p1a: Jirachi\n|-damage|p1a: Jirachi|51\/100\n|move|p1a: Jirachi|Zen Headbutt|p2a: Palafin\n|-damage|p2a: Palafin|38\/100\n|\n|-heal|p2a: Palafin|44\/100|[from] item: Leftovers\n|upkeep\n|turn|8\n|\n|t:|1700178213\n|move|p2a: Palafin|Jet Punch|p1a: Jirachi\n|-damage|p1a: Jirachi|0 fnt\n|faint|p1a: Jirachi\n|\n|-heal|p2a: Palafin|50\/100|[from] item: Leftovers\n|upkeep\n|\n|t:|1700178222\n|switch|p1a: Breloom|Breloom, F|100\/100\n|-status|p1a: Breloom|tox\n|turn|9\n|inactive|CrushMeGoodra has 270 seconds left.\n|\n|t:|1700178266\n|switch|p2a: Breloom|Breloom, M|100\/100\n|move|p1a: Breloom|Spore|p2a: Breloom\n|-immune|p2a: Breloom\n|\n|-damage|p1a: Breloom|94\/100 tox|[from] psn\n|upkeep\n|turn|10\n|\n|t:|1700178278\n|move|p2a: Breloom|Swords Dance|p2a: Breloom\n|-boost|p2a: Breloom|atk|2\n|move|p1a: Breloom|Swords Dance|p1a: Breloom\n|-boost|p1a: Breloom|atk|2\n|\n|-damage|p1a: Breloom|82\/100 tox|[from] psn\n|upkeep\n|turn|11\n|\n|t:|1700178292\n|move|p2a: Breloom|Mach Punch|p1a: Breloom\n|-crit|p1a: Breloom\n|-damage|p1a: Breloom|0 fnt\n|faint|p1a: Breloom\n|\n|upkeep\n|\n|t:|1700178302\n|switch|p1a: Glimmora|Glimmora, F|100\/100\n|-sideend|p1: S3PP1|move: Toxic Spikes|[of] p1a: Glimmora\n|turn|12\n|inactive|CrushMeGoodra has 270 seconds left.\n|\n|t:|1700178308\n|move|p2a: Breloom|Mach Punch|p1a: Glimmora\n|-damage|p1a: Glimmora|22\/100\n|-activate|p1a: Glimmora|ability: Toxic Debris\n|-sidestart|p2: CrushMeGoodra|move: Toxic Spikes\n|move|p1a: Glimmora|Sludge Wave|p2a: Breloom\n|-supereffective|p2a: Breloom\n|-enditem|p2a: Breloom|Focus Sash\n|-damage|p2a: Breloom|1\/100\n|\n|upkeep\n|turn|13\n|\n|t:|1700178315\n|move|p2a: Breloom|Mach Punch|p1a: Glimmora\n|-damage|p1a: Glimmora|0 fnt\n|-activate|p1a: Glimmora|ability: Toxic Debris\n|-sidestart|p2: CrushMeGoodra|move: Toxic Spikes\n|faint|p1a: Glimmora\n|\n|upkeep\n|\n|t:|1700178321\n|switch|p1a: Palafin|Palafin-Hero, F|100\/100\n|-activate|p1a: Palafin|ability: Zero to Hero\n|turn|14\n|\n|t:|1700178328\n|move|p1a: Palafin|Jet Punch|p2a: Breloom\n|-resisted|p2a: Breloom\n|-damage|p2a: Breloom|0 fnt\n|faint|p2a: Breloom\n|\n|upkeep\n|inactive|CrushMeGoodra has 270 seconds left.\n|\n|t:|1700178354\n|switch|p2a: Talonflame|Talonflame, F|100\/100\n|turn|15\n|inactive|CrushMeGoodra has 270 seconds left.\n|\n|t:|1700178371\n|move|p1a: Palafin|Jet Punch|p2a: Talonflame\n|-supereffective|p2a: Talonflame\n|-damage|p2a: Talonflame|4\/100\n|move|p2a: Talonflame|Will-O-Wisp|p1a: Palafin\n|-status|p1a: Palafin|brn\n|\n|-damage|p1a: Palafin|94\/100 brn|[from] brn\n|upkeep\n|turn|16\n|inactive|CrushMeGoodra has 270 seconds left.\n|\n|t:|1700178392\n|move|p1a: Palafin|Jet Punch|p2a: Talonflame\n|-supereffective|p2a: Talonflame\n|-damage|p2a: Talonflame|0 fnt\n|faint|p2a: Talonflame\n|\n|-heal|p1a: Palafin|100\/100 brn|[from] item: Leftovers\n|-damage|p1a: Palafin|94\/100 brn|[from] brn\n|upkeep\n|\n|t:|1700178409\n|switch|p2a: Mudsdale|Mudsdale, F|100\/100\n|-status|p2a: Mudsdale|tox\n|turn|17\n|\n|t:|1700178417\n|-terastallize|p2a: Mudsdale|Steel\n|move|p1a: Palafin|Bulk Up|p1a: Palafin\n|-boost|p1a: Palafin|atk|1\n|-boost|p1a: Palafin|def|1\n|move|p2a: Mudsdale|Body Press|p1a: Palafin\n|-damage|p1a: Palafin|82\/100 brn\n|\n|-heal|p1a: Palafin|88\/100 brn|[from] item: Leftovers\n|-damage|p2a: Mudsdale|94\/100 tox|[from] psn\n|-damage|p1a: Palafin|82\/100 brn|[from] brn\n|upkeep\n|turn|18\n|\n|t:|1700178426\n|switch|p2a: Jirachi|Jirachi|100\/100\n|move|p1a: Palafin|Bulk Up|p1a: Palafin\n|-boost|p1a: Palafin|atk|1\n|-boost|p1a: Palafin|def|1\n|\n|-heal|p1a: Palafin|88\/100 brn|[from] item: Leftovers\n|-damage|p1a: Palafin|82\/100 brn|[from] brn\n|upkeep\n|turn|19\n|\n|t:|1700178433\n|move|p2a: Jirachi|Trick|p1a: Palafin\n|-activate|p2a: Jirachi|move: Trick|[of] p1a: Palafin\n|-item|p1a: Palafin|Choice Scarf|[from] move: Trick\n|-item|p2a: Jirachi|Leftovers|[from] move: Trick\n|move|p1a: Palafin|Wave Crash|p2a: Jirachi\n|-damage|p2a: Jirachi|34\/100\n|-damage|p1a: Palafin|60\/100 brn|[from] Recoil\n|\n|-heal|p2a: Jirachi|40\/100|[from] item: Leftovers\n|-damage|p1a: Palafin|54\/100 brn|[from] brn\n|upkeep\n|turn|20\n|inactive|CrushMeGoodra has 270 seconds left.\n|\n|t:|1700178442\n|move|p1a: Palafin|Wave Crash|p2a: Jirachi\n|-damage|p2a: Jirachi|0 fnt\n|faint|p2a: Jirachi\n|-damage|p1a: Palafin|41\/100 brn|[from] Recoil\n|\n|-damage|p1a: Palafin|35\/100 brn|[from] brn\n|upkeep\n|inactive|CrushMeGoodra has 270 seconds left.\n|\n|t:|1700178456\n|switch|p2a: Mudsdale|Mudsdale, F, tera:Steel|94\/100 tox\n|turn|21\n|inactive|CrushMeGoodra has 270 seconds left.\n|\n|t:|1700178473\n|move|p1a: Palafin|Wave Crash|p2a: Mudsdale\n|-damage|p2a: Mudsdale|36\/100 tox\n|-ability|p2a: Mudsdale|Stamina|boost\n|-boost|p2a: Mudsdale|def|1\n|-damage|p1a: Palafin|12\/100 brn|[from] Recoil\n|move|p2a: Mudsdale|Earthquake|p1a: Palafin\n|-damage|p1a: Palafin|0 fnt\n|faint|p1a: Palafin\n|\n|-damage|p2a: Mudsdale|30\/100 tox|[from] psn\n|upkeep\n|\n|t:|1700178479\n|switch|p1a: Talonflame|Talonflame, M|100\/100 slp\n|turn|22\n|\n|t:|1700178483\n|cant|p1a: Talonflame|slp\n|move|p2a: Mudsdale|Smack Down|p1a: Talonflame\n|-supereffective|p1a: Talonflame\n|-damage|p1a: Talonflame|32\/100 slp\n|-start|p1a: Talonflame|Smack Down\n|\n|-damage|p2a: Mudsdale|18\/100 tox|[from] psn\n|upkeep\n|turn|23\n|\n|t:|1700178492\n|cant|p1a: Talonflame|slp\n|move|p2a: Mudsdale|Earthquake|p1a: Talonflame\n|-supereffective|p1a: Talonflame\n|-damage|p1a: Talonflame|0 fnt\n|faint|p1a: Talonflame\n|\n|-damage|p2a: Mudsdale|0 fnt|[from] psn\n|faint|p2a: Mudsdale\n|upkeep\n|\n|t:|1700178497\n|switch|p1a: Mudsdale|Mudsdale, F|100\/100\n|switch|p2a: Palafin|Palafin-Hero, M, shiny|50\/100\n|-status|p2a: Palafin|tox\n|turn|24\n|\n|t:|1700178505\n|move|p2a: Palafin|Bulk Up|p2a: Palafin\n|-boost|p2a: Palafin|atk|1\n|-boost|p2a: Palafin|def|1\n|move|p1a: Mudsdale|Iron Defense|p1a: Mudsdale\n|-boost|p1a: Mudsdale|def|2\n|\n|-heal|p2a: Palafin|56\/100 tox|[from] item: Leftovers\n|-damage|p2a: Palafin|50\/100 tox|[from] psn\n|upkeep\n|turn|25\n|\n|t:|1700178510\n|move|p2a: Palafin|Jet Punch|p1a: Mudsdale\n|-supereffective|p1a: Mudsdale\n|-damage|p1a: Mudsdale|70\/100\n|-ability|p1a: Mudsdale|Stamina|boost\n|-boost|p1a: Mudsdale|def|1\n|move|p1a: Mudsdale|Iron Defense|p1a: Mudsdale\n|-boost|p1a: Mudsdale|def|2\n|\n|-heal|p2a: Palafin|56\/100 tox|[from] item: Leftovers\n|-heal|p1a: Mudsdale|76\/100|[from] item: Leftovers\n|-damage|p2a: Palafin|44\/100 tox|[from] psn\n|upkeep\n|turn|26\n|\n|t:|1700178515\n|move|p2a: Palafin|Drain Punch|p1a: Mudsdale\n|-damage|p1a: Mudsdale|69\/100\n|-heal|p2a: Palafin|48\/100 tox|[from] drain|[of] p1a: Mudsdale\n|-ability|p1a: Mudsdale|Stamina|boost\n|-boost|p1a: Mudsdale|def|1\n|move|p1a: Mudsdale|Body Press|p2a: Palafin\n|-damage|p2a: Palafin|0 fnt\n|faint|p2a: Palafin\n|\n|win|S3PP1\n","uploadtime":1700178521,"views":5,"p1id":"s3pp1","p2id":"crushmegoodra","formatid":"gen9ubers","rating":0,"private":0,"password":""}