{"id":"gen9ubers-1999300494","p1":"PULT02 Silver","p2":"MkXxcore","format":"[Gen 9] Ubers","log":"|j|\u2606PULT02 Silver\n|j|\u2606MkXxcore\n|t:|1701057049\n|gametype|singles\n|player|p1|PULT02 Silver|n|\n|player|p2|MkXxcore|266|\n|teamsize|p1|6\n|teamsize|p2|6\n|gen|9\n|tier|[Gen 9] Ubers\n|rule|Sleep Clause Mod: Limit one foe put to sleep\n|rule|Species Clause: Limit one of each Pok\u00e9mon\n|rule|OHKO Clause: OHKO moves are banned\n|rule|Evasion Items Clause: Evasion items are banned\n|rule|Evasion Moves Clause: Evasion moves are banned\n|rule|Endless Battle Clause: Forcing endless battles is banned\n|rule|HP Percentage Mod: HP is shown in percentages\n|clearpoke\n|poke|p1|Koraidon|\n|poke|p1|Flutter Mane|\n|poke|p1|Chien-Pao|\n|poke|p1|Miraidon|\n|poke|p1|Ditto|\n|poke|p1|Grimmsnarl, M|\n|poke|p2|Annihilape, M|\n|poke|p2|Chi-Yu|\n|poke|p2|Flutter Mane|\n|poke|p2|Urshifu-*, F|\n|poke|p2|Slowking-Galar, M|\n|poke|p2|Miraidon|\n|teampreview\n|c|\u2606PULT02 Silver|GL hf\n|\n|t:|1701057079\n|start\n|switch|p1a: Grim|Grimmsnarl, M|100\/100\n|switch|p2a: Slowking|Slowking-Galar, M|100\/100\n|turn|1\n|\n|t:|1701057088\n|move|p1a: Grim|Light Screen|p1a: Grim\n|-sidestart|p1: PULT02 Silver|move: Light Screen\n|move|p2a: Slowking|Toxic|p1a: Grim\n|-status|p1a: Grim|tox\n|\n|-damage|p1a: Grim|94\/100 tox|[from] psn\n|upkeep\n|turn|2\n|\n|t:|1701057113\n|move|p1a: Grim|Reflect|p1a: Grim\n|-sidestart|p1: PULT02 Silver|Reflect\n|move|p2a: Slowking|Future Sight|p1a: Grim\n|-start|p2a: Slowking|move: Future Sight\n|\n|-damage|p1a: Grim|82\/100 tox|[from] psn\n|upkeep\n|turn|3\n|\n|t:|1701057120\n|move|p1a: Grim|Parting Shot|p2a: Slowking\n|-unboost|p2a: Slowking|atk|1\n|-unboost|p2a: Slowking|spa|1\n|\n|t:|1701057124\n|switch|p1a: Comodin|Ditto|100\/100|[from] Parting Shot\n|-transform|p1a: Comodin|p2a: Slowking|[from] ability: Imposter\n|move|p2a: Slowking|Chilly Reception|p2a: Slowking\n|-weather|Snow\n|\n|t:|1701057148\n|switch|p2a: Urshifu|Urshifu, F|100\/100|[from] Chilly Reception\n|\n|-weather|Snow|[upkeep]\n|upkeep\n|turn|4\n|\n|t:|1701057155\n|switch|p1a: Grim|Grimmsnarl, M|82\/100 tox\n|move|p2a: Urshifu|Brick Break|p1a: Grim\n|-sideend|p1: PULT02 Silver|Reflect\n|-sideend|p1: PULT02 Silver|move: Light Screen\n|-damage|p1a: Grim|2\/100 tox\n|\n|-weather|Snow|[upkeep]\n|-end|p1a: Grim|move: Future Sight\n|-immune|p1a: Grim\n|-damage|p1a: Grim|0 fnt|[from] psn\n|faint|p1a: Grim\n|upkeep\n|\n|t:|1701057183\n|switch|p1a: Misflutter|Flutter Mane|100\/100\n|turn|5\n|\n|t:|1701057189\n|switch|p2a: Slowking|Slowking-Galar, M|100\/100\n|move|p1a: Misflutter|Calm Mind|p1a: Misflutter\n|-boost|p1a: Misflutter|spa|1\n|-boost|p1a: Misflutter|spd|1\n|\n|-weather|Snow|[upkeep]\n|upkeep\n|turn|6\n|\n|t:|1701057200\n|move|p1a: Misflutter|Shadow Ball|p2a: Slowking\n|-supereffective|p2a: Slowking\n|-damage|p2a: Slowking|0 fnt\n|faint|p2a: Slowking\n|-damage|p1a: Misflutter|91\/100|[from] item: Life Orb\n|\n|-weather|Snow|[upkeep]\n|upkeep\n|\n|t:|1701057211\n|switch|p2a: Miraidon|Miraidon|100\/100\n|-fieldstart|move: Electric Terrain|[from] ability: Hadron Engine|[of] p2a: Miraidon\n|turn|7\n|\n|t:|1701057225\n|move|p2a: Miraidon|Electro Drift|p1a: Misflutter\n|-damage|p1a: Misflutter|22\/100\n|move|p1a: Misflutter|Mystical Fire|p2a: Miraidon\n|-resisted|p2a: Miraidon\n|-damage|p2a: Miraidon|75\/100\n|-unboost|p2a: Miraidon|spa|1\n|-damage|p1a: Misflutter|12\/100|[from] item: Life Orb\n|\n|-weather|none\n|upkeep\n|turn|8\n|\n|t:|1701057239\n|move|p2a: Miraidon|Electro Drift|p1a: Misflutter\n|-damage|p1a: Misflutter|0 fnt\n|faint|p1a: Misflutter\n|-end|p1a: Misflutter|Protosynthesis|[silent]\n|\n|upkeep\n|\n|t:|1701057244\n|switch|p1a: Kawasaki Ninja H2|Miraidon|100\/100\n|-activate|p1a: Kawasaki Ninja H2|ability: Hadron Engine\n|turn|9\n|\n|t:|1701057255\n|move|p2a: Miraidon|Electro Drift|p1a: Kawasaki Ninja H2\n|-resisted|p1a: Kawasaki Ninja H2\n|-damage|p1a: Kawasaki Ninja H2|88\/100\n|move|p1a: Kawasaki Ninja H2|Agility|p1a: Kawasaki Ninja H2\n|-boost|p1a: Kawasaki Ninja H2|spe|2\n|\n|upkeep\n|turn|10\n|\n|t:|1701057265\n|move|p1a: Kawasaki Ninja H2|Calm Mind|p1a: Kawasaki Ninja H2\n|-boost|p1a: Kawasaki Ninja H2|spa|1\n|-boost|p1a: Kawasaki Ninja H2|spd|1\n|move|p2a: Miraidon|Electro Drift|p1a: Kawasaki Ninja H2\n|-resisted|p1a: Kawasaki Ninja H2\n|-damage|p1a: Kawasaki Ninja H2|80\/100\n|\n|upkeep\n|turn|11\n|\n|t:|1701057277\n|move|p1a: Kawasaki Ninja H2|Dragon Pulse|p2a: Miraidon\n|-supereffective|p2a: Miraidon\n|-damage|p2a: Miraidon|0 fnt\n|faint|p2a: Miraidon\n|\n|-fieldend|move: Electric Terrain\n|upkeep\n|\n|t:|1701057289\n|switch|p2a: Chi-Yu|Chi-Yu|100\/100\n|-ability|p2a: Chi-Yu|Beads of Ruin\n|turn|12\n|\n|t:|1701057304\n|move|p1a: Kawasaki Ninja H2|Parabolic Charge|p2a: Chi-Yu\n|-damage|p2a: Chi-Yu|31\/100\n|-heal|p1a: Kawasaki Ninja H2|100\/100|[from] drain|[of] p2a: Chi-Yu\n|move|p2a: Chi-Yu|Dark Pulse|p1a: Kawasaki Ninja H2\n|-damage|p1a: Kawasaki Ninja H2|71\/100\n|\n|upkeep\n|turn|13\n|\n|t:|1701057315\n|move|p1a: Kawasaki Ninja H2|Parabolic Charge|p2a: Chi-Yu\n|-damage|p2a: Chi-Yu|0 fnt\n|-heal|p1a: Kawasaki Ninja H2|81\/100|[from] drain|[of] p2a: Chi-Yu\n|faint|p2a: Chi-Yu\n|\n|upkeep\n|\n|t:|1701057322\n|switch|p2a: Annihilape|Annihilape, M|100\/100\n|turn|14\n|\n|t:|1701057335\n|move|p1a: Kawasaki Ninja H2|Calm Mind|p1a: Kawasaki Ninja H2\n|-boost|p1a: Kawasaki Ninja H2|spa|1\n|-boost|p1a: Kawasaki Ninja H2|spd|1\n|move|p2a: Annihilape|Bulk Up|p2a: Annihilape\n|-boost|p2a: Annihilape|atk|1\n|-boost|p2a: Annihilape|def|1\n|\n|upkeep\n|turn|15\n|\n|t:|1701057344\n|-terastallize|p1a: Kawasaki Ninja H2|Electric\n|move|p1a: Kawasaki Ninja H2|Parabolic Charge|p2a: Annihilape\n|-damage|p2a: Annihilape|7\/100\n|-heal|p1a: Kawasaki Ninja H2|100\/100|[from] drain|[of] p2a: Annihilape\n|move|p2a: Annihilape|Rage Fist|p1a: Kawasaki Ninja H2\n|-damage|p1a: Kawasaki Ninja H2|25\/100\n|\n|upkeep\n|turn|16\n|\n|t:|1701057355\n|move|p1a: Kawasaki Ninja H2|Parabolic Charge|p2a: Annihilape\n|-damage|p2a: Annihilape|0 fnt\n|-heal|p1a: Kawasaki Ninja H2|29\/100|[from] drain|[of] p2a: Annihilape\n|faint|p2a: Annihilape\n|\n|upkeep\n|\n|t:|1701057363\n|switch|p2a: Urshifu|Urshifu, F|100\/100\n|turn|17\n|\n|t:|1701057368\n|move|p2a: Urshifu|Sucker Punch|p1a: Kawasaki Ninja H2\n|-damage|p1a: Kawasaki Ninja H2|0 fnt\n|faint|p1a: Kawasaki Ninja H2\n|\n|upkeep\n|\n|t:|1701057370\n|switch|p1a: Indian Chief|Koraidon|100\/100\n|-weather|SunnyDay|[from] ability: Orichalcum Pulse|[of] p1a: Indian Chief\n|-activate|p1a: Indian Chief|Orichalcum Pulse|[source]\n|turn|18\n|\n|t:|1701057382\n|move|p2a: Urshifu|Sucker Punch|p1a: Indian Chief\n|-resisted|p1a: Indian Chief\n|-damage|p1a: Indian Chief|73\/100\n|move|p1a: Indian Chief|Flame Charge|p2a: Urshifu\n|-damage|p2a: Urshifu|61\/100\n|-boost|p1a: Indian Chief|spe|1\n|\n|-weather|SunnyDay|[upkeep]\n|-heal|p1a: Indian Chief|79\/100|[from] item: Leftovers\n|upkeep\n|turn|19\n|\n|t:|1701057394\n|switch|p2a: Flutter Mane|Flutter Mane|100\/100\n|-activate|p2a: Flutter Mane|ability: Protosynthesis\n|-start|p2a: Flutter Mane|protosynthesisspe\n|move|p1a: Indian Chief|Swords Dance|p1a: Indian Chief\n|-boost|p1a: Indian Chief|atk|2\n|\n|-weather|SunnyDay|[upkeep]\n|-heal|p1a: Indian Chief|86\/100|[from] item: Leftovers\n|upkeep\n|turn|20\n|\n|t:|1701057413\n|switch|p1a: Comodin|Ditto|100\/100\n|-transform|p1a: Comodin|p2a: Flutter Mane|[from] ability: Imposter\n|move|p2a: Flutter Mane|Moonblast|p1a: Comodin\n|-damage|p1a: Comodin|52\/100\n|\n|-weather|SunnyDay|[upkeep]\n|upkeep\n|turn|21\n|\n|t:|1701057430\n|move|p2a: Flutter Mane|Moonblast|p1a: Comodin\n|-damage|p1a: Comodin|11\/100\n|move|p1a: Comodin|Shadow Ball|p2a: Flutter Mane\n|-supereffective|p2a: Flutter Mane\n|-damage|p2a: Flutter Mane|2\/100\n|\n|-weather|SunnyDay|[upkeep]\n|upkeep\n|turn|22\n|\n|t:|1701057439\n|move|p2a: Flutter Mane|Moonblast|p1a: Comodin\n|-damage|p1a: Comodin|0 fnt\n|faint|p1a: Comodin\n|-end|p1a: Comodin|Protosynthesis|[silent]\n|\n|-weather|none\n|-end|p2a: Flutter Mane|Protosynthesis\n|upkeep\n|-enditem|p2a: Flutter Mane|Booster Energy\n|-activate|p2a: Flutter Mane|ability: Protosynthesis|[fromitem]\n|-start|p2a: Flutter Mane|protosynthesisspe\n|\n|t:|1701057442\n|switch|p1a: Diego|Chien-Pao|100\/100\n|-ability|p1a: Diego|Sword of Ruin\n|turn|23\n|\n|t:|1701057452\n|move|p1a: Diego|Ice Shard|p2a: Flutter Mane\n|-damage|p2a: Flutter Mane|0 fnt\n|faint|p2a: Flutter Mane\n|-end|p2a: Flutter Mane|Protosynthesis|[silent]\n|\n|upkeep\n|\n|t:|1701057458\n|switch|p2a: Urshifu|Urshifu, F|61\/100\n|turn|24\n|\n|t:|1701057476\n|move|p1a: Diego|Icicle Crash|p2a: Urshifu\n|-damage|p2a: Urshifu|6\/100\n|move|p2a: Urshifu|Brick Break|p1a: Diego\n|-supereffective|p1a: Diego\n|-damage|p1a: Diego|0 fnt\n|faint|p1a: Diego\n|\n|upkeep\n|\n|t:|1701057493\n|switch|p1a: Indian Chief|Koraidon|86\/100\n|-weather|SunnyDay|[from] ability: Orichalcum Pulse|[of] p1a: Indian Chief\n|-activate|p1a: Indian Chief|Orichalcum Pulse|[source]\n|turn|25\n|\n|t:|1701057498\n|move|p1a: Indian Chief|Flame Charge|p2a: Urshifu\n|-damage|p2a: Urshifu|0 fnt\n|-boost|p1a: Indian Chief|spe|1\n|faint|p2a: Urshifu\n|\n|win|PULT02 Silver\n|c|\u2606PULT02 Silver|Gg\n","uploadtime":1701057506,"views":12,"p1id":"pult02silver","p2id":"mkxxcore","formatid":"gen9ubers","rating":0,"private":0,"password":""}