{"id":"gen9ubers-1986926430","p1":"ViperWasTaken","p2":"ZemTheTem","format":"[Gen 9] Ubers","log":"|j|\u2606ViperWasTaken\n|j|\u2606ZemTheTem\n|t:|1699541657\n|gametype|singles\n|player|p1|ViperWasTaken|266|1050\n|player|p2|ZemTheTem|erika|1048\n|teamsize|p1|6\n|teamsize|p2|6\n|gen|9\n|tier|[Gen 9] Ubers\n|rated|\n|rule|Sleep Clause Mod: Limit one foe put to sleep\n|rule|Species Clause: Limit one of each Pok\u00e9mon\n|rule|OHKO Clause: OHKO moves are banned\n|rule|Evasion Items Clause: Evasion items are banned\n|rule|Evasion Moves Clause: Evasion moves are banned\n|rule|Endless Battle Clause: Forcing endless battles is banned\n|rule|HP Percentage Mod: HP is shown in percentages\n|clearpoke\n|poke|p1|Flutter Mane|\n|poke|p1|Darkrai|\n|poke|p1|Spidops, F|\n|poke|p1|Pawmot, F|\n|poke|p1|Regieleki|\n|poke|p1|Rayquaza|\n|poke|p2|Annihilape, M|\n|poke|p2|Breloom, F|\n|poke|p2|Ditto|\n|poke|p2|Haunter, M|\n|poke|p2|Florges, F|\n|poke|p2|Mewtwo|\n|teampreview\n|\n|t:|1699541664\n|start\n|switch|p1a: Flutter Mane|Flutter Mane|100\/100\n|switch|p2a: Pretty Flower|Florges, F|100\/100\n|-enditem|p1a: Flutter Mane|Booster Energy\n|-activate|p1a: Flutter Mane|ability: Protosynthesis|[fromitem]\n|-start|p1a: Flutter Mane|protosynthesisspd\n|turn|1\n|\n|t:|1699541673\n|move|p1a: Flutter Mane|Substitute|p1a: Flutter Mane\n|-start|p1a: Flutter Mane|Substitute\n|-damage|p1a: Flutter Mane|76\/100\n|move|p2a: Pretty Flower|Wish|p2a: Pretty Flower\n|\n|upkeep\n|turn|2\n|\n|t:|1699541679\n|move|p1a: Flutter Mane|Calm Mind|p1a: Flutter Mane\n|-boost|p1a: Flutter Mane|spa|1\n|-boost|p1a: Flutter Mane|spd|1\n|move|p2a: Pretty Flower|Calm Mind|p2a: Pretty Flower\n|-boost|p2a: Pretty Flower|spa|1\n|-boost|p2a: Pretty Flower|spd|1\n|\n|upkeep\n|turn|3\n|\n|t:|1699541687\n|move|p1a: Flutter Mane|Calm Mind|p1a: Flutter Mane\n|-boost|p1a: Flutter Mane|spa|1\n|-boost|p1a: Flutter Mane|spd|1\n|move|p2a: Pretty Flower|Moonblast|p1a: Flutter Mane\n|-activate|p1a: Flutter Mane|move: Substitute|[damage]\n|\n|upkeep\n|turn|4\n|\n|t:|1699541696\n|move|p1a: Flutter Mane|Dark Pulse|p2a: Pretty Flower\n|-resisted|p2a: Pretty Flower\n|-damage|p2a: Pretty Flower|89\/100\n|move|p2a: Pretty Flower|Calm Mind|p2a: Pretty Flower\n|-boost|p2a: Pretty Flower|spa|1\n|-boost|p2a: Pretty Flower|spd|1\n|\n|-heal|p2a: Pretty Flower|95\/100|[from] item: Leftovers\n|upkeep\n|turn|5\n|\n|t:|1699541706\n|move|p1a: Flutter Mane|Calm Mind|p1a: Flutter Mane\n|-boost|p1a: Flutter Mane|spa|1\n|-boost|p1a: Flutter Mane|spd|1\n|move|p2a: Pretty Flower|Calm Mind|p2a: Pretty Flower\n|-boost|p2a: Pretty Flower|spa|1\n|-boost|p2a: Pretty Flower|spd|1\n|\n|-heal|p2a: Pretty Flower|100\/100|[from] item: Leftovers\n|upkeep\n|turn|6\n|\n|t:|1699541715\n|move|p1a: Flutter Mane|Calm Mind|p1a: Flutter Mane\n|-boost|p1a: Flutter Mane|spa|1\n|-boost|p1a: Flutter Mane|spd|1\n|move|p2a: Pretty Flower|Calm Mind|p2a: Pretty Flower\n|-boost|p2a: Pretty Flower|spa|1\n|-boost|p2a: Pretty Flower|spd|1\n|\n|upkeep\n|turn|7\n|\n|t:|1699541723\n|move|p1a: Flutter Mane|Draining Kiss|p2a: Pretty Flower\n|-damage|p2a: Pretty Flower|86\/100\n|-heal|p1a: Flutter Mane|90\/100|[from] drain|[of] p2a: Pretty Flower\n|move|p2a: Pretty Flower|Calm Mind|p2a: Pretty Flower\n|-boost|p2a: Pretty Flower|spa|1\n|-boost|p2a: Pretty Flower|spd|1\n|\n|-heal|p2a: Pretty Flower|92\/100|[from] item: Leftovers\n|upkeep\n|turn|8\n|inactive|Battle timer is ON: inactive players will automatically lose when time's up. (requested by ViperWasTaken)\n|\n|t:|1699541735\n|move|p1a: Flutter Mane|Calm Mind|p1a: Flutter Mane\n|-boost|p1a: Flutter Mane|spa|1\n|-boost|p1a: Flutter Mane|spd|1\n|move|p2a: Pretty Flower|Wish|p2a: Pretty Flower\n|\n|-heal|p2a: Pretty Flower|98\/100|[from] item: Leftovers\n|upkeep\n|turn|9\n|\n|t:|1699541746\n|move|p1a: Flutter Mane|Calm Mind|p1a: Flutter Mane\n|-boost|p1a: Flutter Mane|spa|1\n|-boost|p1a: Flutter Mane|spd|1\n|move|p2a: Pretty Flower|Calm Mind|p2a: Pretty Flower\n|-boost|p2a: Pretty Flower|spa|1\n|-boost|p2a: Pretty Flower|spd|1\n|\n|-heal|p2a: Pretty Flower|100\/100|[from] move: Wish|[wisher] Pretty Flower\n|upkeep\n|turn|10\n|\n|t:|1699541759\n|move|p1a: Flutter Mane|Draining Kiss|p2a: Pretty Flower\n|-damage|p2a: Pretty Flower|83\/100\n|-heal|p1a: Flutter Mane|100\/100|[from] drain|[of] p2a: Pretty Flower\n|move|p2a: Pretty Flower|Moonblast|p1a: Flutter Mane\n|-end|p1a: Flutter Mane|Substitute\n|\n|-heal|p2a: Pretty Flower|90\/100|[from] item: Leftovers\n|upkeep\n|turn|11\n|\n|t:|1699541768\n|move|p1a: Flutter Mane|Substitute|p1a: Flutter Mane\n|-start|p1a: Flutter Mane|Substitute\n|-damage|p1a: Flutter Mane|76\/100\n|move|p2a: Pretty Flower|Calm Mind|p2a: Pretty Flower\n|-boost|p2a: Pretty Flower|spa|0\n|-boost|p2a: Pretty Flower|spd|0\n|\n|-heal|p2a: Pretty Flower|96\/100|[from] item: Leftovers\n|upkeep\n|turn|12\n|\n|t:|1699541777\n|move|p1a: Flutter Mane|Draining Kiss|p2a: Pretty Flower\n|-damage|p2a: Pretty Flower|80\/100\n|-heal|p1a: Flutter Mane|91\/100|[from] drain|[of] p2a: Pretty Flower\n|move|p2a: Pretty Flower|Moonblast|p1a: Flutter Mane\n|-end|p1a: Flutter Mane|Substitute\n|\n|-heal|p2a: Pretty Flower|86\/100|[from] item: Leftovers\n|upkeep\n|turn|13\n|\n|t:|1699541787\n|move|p1a: Flutter Mane|Substitute|p1a: Flutter Mane\n|-start|p1a: Flutter Mane|Substitute\n|-damage|p1a: Flutter Mane|67\/100\n|move|p2a: Pretty Flower|Moonblast|p1a: Flutter Mane\n|-end|p1a: Flutter Mane|Substitute\n|\n|-heal|p2a: Pretty Flower|92\/100|[from] item: Leftovers\n|upkeep\n|turn|14\n|\n|t:|1699541796\n|move|p1a: Flutter Mane|Draining Kiss|p2a: Pretty Flower\n|-crit|p2a: Pretty Flower\n|-damage|p2a: Pretty Flower|6\/100\n|-heal|p1a: Flutter Mane|100\/100|[from] drain|[of] p2a: Pretty Flower\n|move|p2a: Pretty Flower|Moonblast|p1a: Flutter Mane\n|-damage|p1a: Flutter Mane|75\/100\n|\n|-heal|p2a: Pretty Flower|12\/100|[from] item: Leftovers\n|upkeep\n|turn|15\n|\n|t:|1699541806\n|-terastallize|p1a: Flutter Mane|Fairy\n|move|p2a: Pretty Flower|Protect|p2a: Pretty Flower\n|-singleturn|p2a: Pretty Flower|Protect\n|move|p1a: Flutter Mane|Draining Kiss|p2a: Pretty Flower\n|-activate|p2a: Pretty Flower|move: Protect\n|\n|-heal|p2a: Pretty Flower|19\/100|[from] item: Leftovers\n|upkeep\n|turn|16\n|\n|t:|1699541817\n|switch|p2a: Yuta Okkosu|Ditto, shiny|100\/100\n|-transform|p2a: Yuta Okkosu|p1a: Flutter Mane|[from] ability: Imposter\n|move|p1a: Flutter Mane|Draining Kiss|p2a: Yuta Okkosu\n|-damage|p2a: Yuta Okkosu|71\/100\n|-heal|p1a: Flutter Mane|99\/100|[from] drain|[of] p2a: Yuta Okkosu\n|\n|upkeep\n|-start|p2a: Yuta Okkosu|typechange|Ghost\/Fairy|[silent]\n|turn|17\n|\n|t:|1699541832\n|move|p1a: Flutter Mane|Substitute|p1a: Flutter Mane\n|-start|p1a: Flutter Mane|Substitute\n|-damage|p1a: Flutter Mane|74\/100\n|move|p2a: Yuta Okkosu|Draining Kiss|p1a: Flutter Mane\n|-activate|p1a: Flutter Mane|move: Substitute|[damage]\n|-heal|p2a: Yuta Okkosu|81\/100|[from] drain|[of] p1a: Flutter Mane\n|\n|upkeep\n|turn|18\n|\n|t:|1699541845\n|move|p1a: Flutter Mane|Draining Kiss|p2a: Yuta Okkosu\n|-damage|p2a: Yuta Okkosu|52\/100\n|-heal|p1a: Flutter Mane|98\/100|[from] drain|[of] p2a: Yuta Okkosu\n|move|p2a: Yuta Okkosu|Substitute|p2a: Yuta Okkosu\n|-start|p2a: Yuta Okkosu|Substitute\n|-damage|p2a: Yuta Okkosu|28\/100\n|\n|upkeep\n|turn|19\n|\n|t:|1699541855\n|move|p2a: Yuta Okkosu|Calm Mind|p2a: Yuta Okkosu\n|-boost|p2a: Yuta Okkosu|spa|0\n|-boost|p2a: Yuta Okkosu|spd|0\n|move|p1a: Flutter Mane|Dark Pulse|p2a: Yuta Okkosu\n|-activate|p2a: Yuta Okkosu|move: Substitute|[damage]\n|\n|upkeep\n|turn|20\n|\n|t:|1699541863\n|move|p2a: Yuta Okkosu|Dark Pulse|p1a: Flutter Mane\n|-resisted|p1a: Flutter Mane\n|-activate|p1a: Flutter Mane|move: Substitute|[damage]\n|move|p1a: Flutter Mane|Draining Kiss|p2a: Yuta Okkosu\n|-end|p2a: Yuta Okkosu|Substitute\n|-heal|p1a: Flutter Mane|100\/100|[from] drain|[of] p2a: Yuta Okkosu\n|\n|upkeep\n|turn|21\n|\n|t:|1699541874\n|move|p2a: Yuta Okkosu|Draining Kiss|p1a: Flutter Mane\n|-end|p1a: Flutter Mane|Substitute\n|-heal|p2a: Yuta Okkosu|29\/100|[from] drain|[of] p1a: Flutter Mane\n|move|p1a: Flutter Mane|Draining Kiss|p2a: Yuta Okkosu\n|-damage|p2a: Yuta Okkosu|0 fnt\n|faint|p2a: Yuta Okkosu\n|-end|p2a: Yuta Okkosu|Protosynthesis|[silent]\n|\n|upkeep\n|\n|t:|1699541883\n|switch|p2a: Pretty Flower|Florges, F|19\/100\n|turn|22\n|\n|t:|1699541888\n|move|p1a: Flutter Mane|Substitute|p1a: Flutter Mane\n|-start|p1a: Flutter Mane|Substitute\n|-damage|p1a: Flutter Mane|76\/100\n|move|p2a: Pretty Flower|Wish|p2a: Pretty Flower\n|\n|-heal|p2a: Pretty Flower|25\/100|[from] item: Leftovers\n|upkeep\n|turn|23\n|\n|t:|1699541896\n|switch|p2a: Satoru Gojo|Mewtwo|100\/100\n|-ability|p2a: Satoru Gojo|Pressure\n|move|p1a: Flutter Mane|Draining Kiss|p2a: Satoru Gojo\n|-damage|p2a: Satoru Gojo|0 fnt\n|-heal|p1a: Flutter Mane|100\/100|[from] drain|[of] p2a: Satoru Gojo\n|faint|p2a: Satoru Gojo\n|\n|upkeep\n|inactive|ZemTheTem has 120 seconds left.\n|inactive|ZemTheTem has 90 seconds left.\n|inactive|ZemTheTem has 60 seconds left.\n|inactive|ZemTheTem has 30 seconds left.\n|inactive|ZemTheTem has 20 seconds left.\n|inactive|ZemTheTem has 15 seconds left.\n|inactive|ZemTheTem has 10 seconds left.\n|inactive|ZemTheTem has 5 seconds left.\n|-message|ZemTheTem lost due to inactivity.\n|\n|win|ViperWasTaken\n|raw|ViperWasTaken's rating: 1050 &rarr; <strong>1082<\/strong><br \/>(+32 for winning)\n|raw|ZemTheTem's rating: 1048 &rarr; <strong>1031<\/strong><br \/>(-17 for losing)\n","uploadtime":1699542095,"views":9,"p1id":"viperwastaken","p2id":"zemthetem","formatid":"gen9ubers","rating":1031,"private":0,"password":""}