{"id":"gen9ubers-1968396312","p1":"JohnLongGone","p2":"vespyyy","format":"[Gen 9] Ubers","log":"|j|\u2606JohnLongGone\n|j|\u2606vespyyy\n|t:|1697414059\n|gametype|singles\n|player|p1|JohnLongGone|caitlin|\n|player|p2|vespyyy|juggler|\n|teamsize|p1|6\n|teamsize|p2|6\n|gen|9\n|tier|[Gen 9] Ubers\n|rule|Sleep Clause Mod: Limit one foe put to sleep\n|rule|Species Clause: Limit one of each Pok\u00e9mon\n|rule|OHKO Clause: OHKO moves are banned\n|rule|Evasion Items Clause: Evasion items are banned\n|rule|Evasion Moves Clause: Evasion moves are banned\n|rule|Endless Battle Clause: Forcing endless battles is banned\n|rule|HP Percentage Mod: HP is shown in percentages\n|clearpoke\n|poke|p1|Cyclizar, F|\n|poke|p1|Espathra, M|\n|poke|p1|Arceus-Fire|\n|poke|p1|Grimmsnarl, M|\n|poke|p1|Gholdengo|\n|poke|p1|Zacian-*|\n|poke|p2|Ninetales-Alola, M|\n|poke|p2|Arceus-Ice|\n|poke|p2|Espathra, F|\n|poke|p2|Zacian-*|\n|poke|p2|Magearna|\n|poke|p2|Dragapult, M|\n|teampreview\n|\n|t:|1697414063\n|start\n|switch|p1a: Grimmsnarl|Grimmsnarl, M|100\/100\n|switch|p2a: Ninetales|Ninetales-Alola, M|100\/100\n|-weather|Snow|[from] ability: Snow Warning|[of] p2a: Ninetales\n|turn|1\n|\n|t:|1697414076\n|switch|p2a: Zacian|Zacian|100\/100\n|-ability|p2a: Zacian|Intrepid Sword|boost\n|-boost|p2a: Zacian|atk|1\n|move|p1a: Grimmsnarl|Taunt|p2a: Zacian\n|-start|p2a: Zacian|move: Taunt\n|\n|-weather|Snow|[upkeep]\n|upkeep\n|turn|2\n|\n|t:|1697414081\n|move|p1a: Grimmsnarl|Parting Shot|p2a: Zacian\n|-unboost|p2a: Zacian|atk|1\n|-unboost|p2a: Zacian|spa|1\n|\n|t:|1697414083\n|switch|p1a: Gholdengo|Gholdengo|100\/100|[from] Parting Shot\n|move|p2a: Zacian|Play Rough|p1a: Gholdengo\n|-resisted|p1a: Gholdengo\n|-crit|p1a: Gholdengo\n|-damage|p1a: Gholdengo|54\/100\n|-damage|p2a: Zacian|91\/100|[from] item: Life Orb\n|\n|-weather|Snow|[upkeep]\n|upkeep\n|turn|3\n|\n|t:|1697414098\n|move|p1a: Gholdengo|Trick|p2a: Zacian\n|-activate|p1a: Gholdengo|move: Trick|[of] p2a: Zacian\n|-item|p2a: Zacian|Choice Scarf|[from] move: Trick\n|-item|p1a: Gholdengo|Life Orb|[from] move: Trick\n|move|p2a: Zacian|Crunch|p1a: Gholdengo\n|-supereffective|p1a: Gholdengo\n|-damage|p1a: Gholdengo|0 fnt\n|faint|p1a: Gholdengo\n|\n|-weather|Snow|[upkeep]\n|-end|p2a: Zacian|move: Taunt\n|upkeep\n|\n|t:|1697414102\n|switch|p1a: Grimmsnarl|Grimmsnarl, M|100\/100\n|turn|4\n|\n|t:|1697414116\n|switch|p2a: Arceus|Arceus-Ice|100\/100\n|move|p1a: Grimmsnarl|Reflect|p1a: Grimmsnarl\n|-sidestart|p1: JohnLongGone|Reflect\n|\n|-weather|Snow|[upkeep]\n|upkeep\n|turn|5\n|\n|t:|1697414119\n|move|p1a: Grimmsnarl|Taunt|p2a: Arceus\n|-start|p2a: Arceus|move: Taunt\n|move|p2a: Arceus|Judgment|p1a: Grimmsnarl\n|-damage|p1a: Grimmsnarl|67\/100\n|\n|-weather|none\n|upkeep\n|turn|6\n|\n|t:|1697414124\n|switch|p2a: Espathra|Espathra, F|100\/100\n|move|p1a: Grimmsnarl|Light Screen|p1a: Grimmsnarl\n|-sidestart|p1: JohnLongGone|move: Light Screen\n|\n|upkeep\n|turn|7\n|\n|t:|1697414127\n|move|p2a: Espathra|Protect|p2a: Espathra\n|-singleturn|p2a: Espathra|Protect\n|move|p1a: Grimmsnarl|Taunt|p2a: Espathra\n|-activate|p2a: Espathra|move: Protect\n|\n|-ability|p2a: Espathra|Speed Boost|boost\n|-boost|p2a: Espathra|spe|1\n|upkeep\n|turn|8\n|\n|t:|1697414131\n|move|p1a: Grimmsnarl|Taunt|p2a: Espathra\n|-start|p2a: Espathra|move: Taunt\n|move|p2a: Espathra|Dazzling Gleam|p1a: Grimmsnarl\n|-supereffective|p1a: Grimmsnarl\n|-damage|p1a: Grimmsnarl|46\/100\n|\n|-ability|p2a: Espathra|Speed Boost|boost\n|-boost|p2a: Espathra|spe|1\n|upkeep\n|turn|9\n|\n|t:|1697414136\n|move|p1a: Grimmsnarl|Parting Shot|p2a: Espathra\n|-unboost|p2a: Espathra|atk|1\n|-unboost|p2a: Espathra|spa|1\n|\n|t:|1697414141\n|switch|p1a: Arceus|Arceus-Fire|100\/100|[from] Parting Shot\n|move|p2a: Espathra|Dazzling Gleam|p1a: Arceus\n|-resisted|p1a: Arceus\n|-damage|p1a: Arceus|97\/100\n|\n|-ability|p2a: Espathra|Speed Boost|boost\n|-boost|p2a: Espathra|spe|1\n|upkeep\n|turn|10\n|\n|t:|1697414148\n|switch|p2a: Ninetales|Ninetales-Alola, M|100\/100\n|-weather|Snow|[from] ability: Snow Warning|[of] p2a: Ninetales\n|move|p1a: Arceus|Dragon Dance|p1a: Arceus\n|-boost|p1a: Arceus|atk|1\n|-boost|p1a: Arceus|spe|1\n|\n|-weather|Snow|[upkeep]\n|upkeep\n|turn|11\n|j| luckypok\n|l| luckypok\n|\n|t:|1697414152\n|-terastallize|p2a: Ninetales|Water\n|move|p1a: Arceus|Flare Blitz|p2a: Ninetales\n|-resisted|p2a: Ninetales\n|-damage|p2a: Ninetales|34\/100\n|-status|p2a: Ninetales|brn\n|-damage|p1a: Arceus|77\/100|[from] Recoil\n|move|p2a: Ninetales|Aurora Veil|p2a: Ninetales\n|-sidestart|p2: vespyyy|move: Aurora Veil\n|\n|-weather|Snow|[upkeep]\n|-damage|p2a: Ninetales|29\/100 brn|[from] brn\n|-sideend|p1: JohnLongGone|Reflect\n|upkeep\n|turn|12\n|\n|t:|1697414156\n|move|p1a: Arceus|Dragon Dance|p1a: Arceus\n|-boost|p1a: Arceus|atk|1\n|-boost|p1a: Arceus|spe|1\n|move|p2a: Ninetales|Encore|p1a: Arceus\n|-start|p1a: Arceus|Encore\n|\n|-weather|Snow|[upkeep]\n|-damage|p2a: Ninetales|22\/100 brn|[from] brn\n|upkeep\n|turn|13\n|\n|t:|1697414162\n|switch|p1a: Grimmsnarl|Grimmsnarl, M|46\/100\n|switch|p2a: Espathra|Espathra, F|100\/100\n|\n|-weather|Snow|[upkeep]\n|-sideend|p1: JohnLongGone|move: Light Screen\n|upkeep\n|turn|14\n|\n|t:|1697414169\n|switch|p2a: Zacian|Zacian|91\/100\n|move|p1a: Grimmsnarl|Light Screen|p1a: Grimmsnarl\n|-sidestart|p1: JohnLongGone|move: Light Screen\n|\n|-weather|none\n|upkeep\n|turn|15\n|\n|t:|1697414174\n|move|p1a: Grimmsnarl|Parting Shot|p2a: Zacian\n|-unboost|p2a: Zacian|atk|1\n|-unboost|p2a: Zacian|spa|1\n|\n|t:|1697414177\n|switch|p1a: Arceus|Arceus-Fire|77\/100|[from] Parting Shot\n|move|p2a: Zacian|Play Rough|p1a: Arceus\n|-resisted|p1a: Arceus\n|-damage|p1a: Arceus|66\/100\n|\n|upkeep\n|turn|16\n|\n|t:|1697414185\n|switch|p2a: Dragapult|Dragapult, M|100\/100\n|move|p1a: Arceus|Dragon Dance|p1a: Arceus\n|-boost|p1a: Arceus|atk|1\n|-boost|p1a: Arceus|spe|1\n|\n|upkeep\n|turn|17\n|\n|t:|1697414194\n|move|p1a: Arceus|Earthquake|p2a: Dragapult\n|-damage|p2a: Dragapult|63\/100\n|move|p2a: Dragapult|Dragon Dance|p2a: Dragapult\n|-boost|p2a: Dragapult|atk|1\n|-boost|p2a: Dragapult|spe|1\n|\n|upkeep\n|turn|18\n|\n|t:|1697414200\n|move|p2a: Dragapult|Dragon Darts|p1a: Arceus\n|-damage|p1a: Arceus|40\/100\n|-anim|p2a: Dragapult|Dragon Darts|p1a: Arceus\n|-damage|p1a: Arceus|12\/100\n|-damage|p2a: Dragapult|53\/100|[from] item: Life Orb\n|move|p1a: Arceus|Dragon Dance|p1a: Arceus\n|-boost|p1a: Arceus|atk|1\n|-boost|p1a: Arceus|spe|1\n|\n|-sideend|p2: vespyyy|move: Aurora Veil\n|upkeep\n|turn|19\n|\n|t:|1697414215\n|move|p1a: Arceus|Earthquake|p2a: Dragapult\n|-damage|p2a: Dragapult|0 fnt\n|faint|p2a: Dragapult\n|\n|upkeep\n|c|\u2606vespyyy|So apparently\n|c|\u2606vespyyy|The DD pult\n|c|\u2606vespyyy|Was SpA invested\n|c|\u2606vespyyy|Thanks smogon\n|\n|t:|1697414252\n|switch|p2a: Zacian|Zacian|91\/100\n|turn|20\n|\n|t:|1697414256\n|-terastallize|p1a: Arceus|Normal\n|move|p1a: Arceus|Extreme Speed|p2a: Zacian\n|-damage|p2a: Zacian|4\/100\n|move|p2a: Zacian|Crunch|p1a: Arceus\n|-damage|p1a: Arceus|0 fnt\n|faint|p1a: Arceus\n|\n|upkeep\n|\n|t:|1697414276\n|switch|p1a: Zacian|Zacian|100\/100\n|-ability|p1a: Zacian|Intrepid Sword|boost\n|-boost|p1a: Zacian|atk|1\n|turn|21\n|\n|t:|1697414281\n|switch|p2a: Magearna|Magearna|100\/100\n|move|p1a: Zacian|Swords Dance|p1a: Zacian\n|-boost|p1a: Zacian|atk|2\n|\n|-sideend|p1: JohnLongGone|move: Light Screen\n|upkeep\n|turn|22\n|\n|t:|1697414283\n|move|p1a: Zacian|Close Combat|p2a: Magearna\n|-damage|p2a: Magearna|19\/100\n|-unboost|p1a: Zacian|def|1\n|-unboost|p1a: Zacian|spd|1\n|-damage|p1a: Zacian|91\/100|[from] item: Life Orb\n|move|p2a: Magearna|Iron Defense|p2a: Magearna\n|-boost|p2a: Magearna|def|2\n|\n|-heal|p2a: Magearna|25\/100|[from] item: Leftovers\n|upkeep\n|turn|23\n|\n|t:|1697414287\n|move|p1a: Zacian|Close Combat|p2a: Magearna\n|-damage|p2a: Magearna|0 fnt\n|-unboost|p1a: Zacian|def|1\n|-unboost|p1a: Zacian|spd|1\n|faint|p2a: Magearna\n|-damage|p1a: Zacian|81\/100|[from] item: Life Orb\n|\n|upkeep\n|\n|t:|1697414292\n|switch|p2a: Espathra|Espathra, F|100\/100\n|turn|24\n|\n|t:|1697414298\n|switch|p1a: Grimmsnarl|Grimmsnarl, M|46\/100\n|move|p2a: Espathra|Protect||[still]\n|-fail|p2a: Espathra\n|\n|-ability|p2a: Espathra|Speed Boost|boost\n|-boost|p2a: Espathra|spe|1\n|upkeep\n|turn|25\n|\n|t:|1697414302\n|move|p1a: Grimmsnarl|Taunt|p2a: Espathra\n|-start|p2a: Espathra|move: Taunt\n|move|p2a: Espathra|Dazzling Gleam|p1a: Grimmsnarl\n|-supereffective|p1a: Grimmsnarl\n|-damage|p1a: Grimmsnarl|9\/100\n|\n|-ability|p2a: Espathra|Speed Boost|boost\n|-boost|p2a: Espathra|spe|1\n|upkeep\n|turn|26\n|\n|t:|1697414311\n|move|p1a: Grimmsnarl|Light Screen|p1a: Grimmsnarl\n|-sidestart|p1: JohnLongGone|move: Light Screen\n|move|p2a: Espathra|Stored Power|p1a: Grimmsnarl\n|-immune|p1a: Grimmsnarl\n|\n|-ability|p2a: Espathra|Speed Boost|boost\n|-boost|p2a: Espathra|spe|1\n|upkeep\n|turn|27\n|\n|t:|1697414316\n|move|p1a: Grimmsnarl|Parting Shot|p2a: Espathra\n|-unboost|p2a: Espathra|atk|1\n|-unboost|p2a: Espathra|spa|1\n|\n|t:|1697414317\n|switch|p1a: Espathra|Espathra, M|100\/100|[from] Parting Shot\n|move|p2a: Espathra|Dazzling Gleam|p1a: Espathra\n|-damage|p1a: Espathra|89\/100\n|\n|-heal|p1a: Espathra|95\/100|[from] item: Leftovers\n|-end|p2a: Espathra|move: Taunt\n|-ability|p2a: Espathra|Speed Boost|boost\n|-boost|p2a: Espathra|spe|1\n|upkeep\n|turn|28\n|\n|t:|1697414321\n|move|p2a: Espathra|Calm Mind|p2a: Espathra\n|-boost|p2a: Espathra|spa|1\n|-boost|p2a: Espathra|spd|1\n|move|p1a: Espathra|Calm Mind|p1a: Espathra\n|-boost|p1a: Espathra|spa|1\n|-boost|p1a: Espathra|spd|1\n|\n|-heal|p1a: Espathra|100\/100|[from] item: Leftovers\n|-ability|p2a: Espathra|Speed Boost|boost\n|-boost|p2a: Espathra|spe|1\n|-ability|p1a: Espathra|Speed Boost|boost\n|-boost|p1a: Espathra|spe|1\n|upkeep\n|turn|29\n|\n|t:|1697414322\n|move|p2a: Espathra|Calm Mind|p2a: Espathra\n|-boost|p2a: Espathra|spa|1\n|-boost|p2a: Espathra|spd|1\n|move|p1a: Espathra|Calm Mind|p1a: Espathra\n|-boost|p1a: Espathra|spa|1\n|-boost|p1a: Espathra|spd|1\n|\n|-ability|p2a: Espathra|Speed Boost|boost\n|-boost|p2a: Espathra|spe|1\n|-ability|p1a: Espathra|Speed Boost|boost\n|-boost|p1a: Espathra|spe|1\n|upkeep\n|turn|30\n|\n|t:|1697414324\n|move|p2a: Espathra|Calm Mind|p2a: Espathra\n|-boost|p2a: Espathra|spa|1\n|-boost|p2a: Espathra|spd|1\n|move|p1a: Espathra|Calm Mind|p1a: Espathra\n|-boost|p1a: Espathra|spa|1\n|-boost|p1a: Espathra|spd|1\n|\n|-ability|p1a: Espathra|Speed Boost|boost\n|-boost|p1a: Espathra|spe|1\n|upkeep\n|turn|31\n|\n|t:|1697414326\n|move|p2a: Espathra|Calm Mind|p2a: Espathra\n|-boost|p2a: Espathra|spa|1\n|-boost|p2a: Espathra|spd|1\n|move|p1a: Espathra|Tera Blast|p2a: Espathra\n|-damage|p2a: Espathra|75\/100\n|\n|-heal|p2a: Espathra|81\/100|[from] item: Leftovers\n|-ability|p1a: Espathra|Speed Boost|boost\n|-boost|p1a: Espathra|spe|1\n|upkeep\n|turn|32\n|\n|t:|1697414329\n|move|p2a: Espathra|Protect|p2a: Espathra\n|-singleturn|p2a: Espathra|Protect\n|move|p1a: Espathra|Calm Mind|p1a: Espathra\n|-boost|p1a: Espathra|spa|1\n|-boost|p1a: Espathra|spd|1\n|\n|-heal|p2a: Espathra|87\/100|[from] item: Leftovers\n|-ability|p1a: Espathra|Speed Boost|boost\n|-boost|p1a: Espathra|spe|1\n|upkeep\n|turn|33\n|\n|t:|1697414336\n|move|p2a: Espathra|Calm Mind|p2a: Espathra\n|-boost|p2a: Espathra|spa|1\n|-boost|p2a: Espathra|spd|1\n|move|p1a: Espathra|Calm Mind|p1a: Espathra\n|-boost|p1a: Espathra|spa|1\n|-boost|p1a: Espathra|spd|1\n|\n|-heal|p2a: Espathra|93\/100|[from] item: Leftovers\n|-sideend|p1: JohnLongGone|move: Light Screen\n|-ability|p1a: Espathra|Speed Boost|boost\n|-boost|p1a: Espathra|spe|1\n|upkeep\n|turn|34\n|\n|t:|1697414344\n|move|p2a: Espathra|Stored Power|p1a: Espathra\n|-resisted|p1a: Espathra\n|-damage|p1a: Espathra|2\/100\n|move|p1a: Espathra|Calm Mind|p1a: Espathra\n|-boost|p1a: Espathra|spa|1\n|-boost|p1a: Espathra|spd|1\n|\n|-heal|p2a: Espathra|99\/100|[from] item: Leftovers\n|-heal|p1a: Espathra|8\/100|[from] item: Leftovers\n|upkeep\n|turn|35\n|\n|t:|1697414349\n|move|p2a: Espathra|Stored Power|p1a: Espathra\n|-resisted|p1a: Espathra\n|-damage|p1a: Espathra|0 fnt\n|faint|p1a: Espathra\n|\n|-heal|p2a: Espathra|100\/100|[from] item: Leftovers\n|upkeep\n|\n|t:|1697414351\n|switch|p1a: Grimmsnarl|Grimmsnarl, M|9\/100\n|turn|36\n|c|\u2606JohnLongGone|Hg\n|c|\u2606JohnLongGone|Gg\n|-message|JohnLongGone forfeited.\n|\n|win|vespyyy\n|l|\u2606JohnLongGone\n","uploadtime":1697414388,"views":26,"p1id":"johnlonggone","p2id":"vespyyy","formatid":"gen9ubers","rating":0,"private":0,"password":""}