{"id":"gen9ubers-1968761419","p1":"mathman0624","p2":"miniclip339","format":"[Gen 9] Ubers","log":"|j|\u203dmathman0624\n|j|\u2606miniclip339\n|t:|1697462316\n|gametype|singles\n|player|p1|mathman0624|cynthia-masters3|1310\n|player|p2|miniclip339|silver-masters|1458\n|teamsize|p1|6\n|teamsize|p2|6\n|gen|9\n|tier|[Gen 9] Ubers\n|rated|\n|rule|Sleep Clause Mod: Limit one foe put to sleep\n|rule|Species Clause: Limit one of each Pok\u00e9mon\n|rule|OHKO Clause: OHKO moves are banned\n|rule|Evasion Items Clause: Evasion items are banned\n|rule|Evasion Moves Clause: Evasion moves are banned\n|rule|Endless Battle Clause: Forcing endless battles is banned\n|rule|HP Percentage Mod: HP is shown in percentages\n|clearpoke\n|poke|p1|Miraidon|\n|poke|p1|Koraidon|\n|poke|p1|Ogerpon-Hearthflame, F|\n|poke|p1|Sneasler, F|\n|poke|p1|Zacian-*|\n|poke|p1|Glimmora, F|\n|poke|p2|Calyrex-Ice|\n|poke|p2|Koraidon|\n|poke|p2|Toxapex, F|\n|poke|p2|Ting-Lu|\n|poke|p2|Arceus|\n|poke|p2|Miraidon|\n|teampreview\n|inactive|Battle timer is ON: inactive players will automatically lose when time's up. (requested by mathman0624)\n|\n|t:|1697462327\n|start\n|switch|p1a: Glimmora|Glimmora, F|100\/100\n|switch|p2a: Ting-Lu|Ting-Lu|100\/100\n|-ability|p2a: Ting-Lu|Vessel of Ruin\n|turn|1\n|\n|t:|1697462334\n|move|p1a: Glimmora|Stealth Rock|p2a: Ting-Lu\n|-sidestart|p2: miniclip339|move: Stealth Rock\n|move|p2a: Ting-Lu|Earthquake|p1a: Glimmora\n|-supereffective|p1a: Glimmora\n|-enditem|p1a: Glimmora|Focus Sash\n|-damage|p1a: Glimmora|1\/100\n|-activate|p1a: Glimmora|ability: Toxic Debris\n|-sidestart|p2: miniclip339|move: Toxic Spikes\n|\n|upkeep\n|turn|2\n|\n|t:|1697462347\n|move|p1a: Glimmora|Mortal Spin|p2a: Ting-Lu\n|-resisted|p2a: Ting-Lu\n|-damage|p2a: Ting-Lu|99\/100\n|-status|p2a: Ting-Lu|psn\n|move|p2a: Ting-Lu|Earthquake|p1a: Glimmora\n|-supereffective|p1a: Glimmora\n|-damage|p1a: Glimmora|0 fnt\n|-activate|p1a: Glimmora|ability: Toxic Debris\n|-sidestart|p2: miniclip339|move: Toxic Spikes\n|faint|p1a: Glimmora\n|\n|-heal|p2a: Ting-Lu|100\/100 psn|[from] item: Leftovers\n|-damage|p2a: Ting-Lu|88\/100 psn|[from] psn\n|upkeep\n|\n|t:|1697462365\n|switch|p1a: Ogerpon|Ogerpon-Hearthflame, F|100\/100\n|-ability|p1a: Ogerpon|Mold Breaker\n|turn|3\n|\n|t:|1697462382\n|switch|p2a: Toxapex|Toxapex, F|100\/100\n|-damage|p2a: Toxapex|88\/100|[from] Stealth Rock\n|-sideend|p2: miniclip339|move: Toxic Spikes|[of] p2a: Toxapex\n|move|p1a: Ogerpon|Play Rough|p2a: Toxapex\n|-resisted|p2a: Toxapex\n|-damage|p2a: Toxapex|76\/100\n|-damage|p1a: Ogerpon|84\/100|[from] item: Rocky Helmet|[of] p2a: Toxapex\n|\n|upkeep\n|turn|4\n|\n|t:|1697462393\n|move|p1a: Ogerpon|Ivy Cudgel|p2a: Toxapex\n|-resisted|p2a: Toxapex\n|-damage|p2a: Toxapex|58\/100\n|move|p2a: Toxapex|Toxic|p1a: Ogerpon\n|-status|p1a: Ogerpon|tox\n|\n|-damage|p1a: Ogerpon|78\/100 tox|[from] psn\n|upkeep\n|turn|5\n|\n|t:|1697462414\n|move|p1a: Ogerpon|Ivy Cudgel|p2a: Toxapex\n|-resisted|p2a: Toxapex\n|-damage|p2a: Toxapex|41\/100\n|move|p2a: Toxapex|Recover|p2a: Toxapex\n|-heal|p2a: Toxapex|91\/100\n|\n|-damage|p1a: Ogerpon|66\/100 tox|[from] psn\n|upkeep\n|turn|6\n|\n|t:|1697462425\n|switch|p1a: Miraidon|Miraidon|100\/100\n|-fieldstart|move: Electric Terrain|[from] ability: Hadron Engine|[of] p1a: Miraidon\n|-enditem|p1a: Miraidon|Electric Seed\n|-boost|p1a: Miraidon|def|1|[from] item: Electric Seed\n|move|p2a: Toxapex|Infestation|p1a: Miraidon\n|-damage|p1a: Miraidon|98\/100\n|-activate|p1a: Miraidon|move: Infestation|[of] p2a: Toxapex\n|\n|-damage|p1a: Miraidon|86\/100|[from] move: Infestation|[partiallytrapped]\n|upkeep\n|turn|7\n|\n|t:|1697462441\n|-terastallize|p2a: Toxapex|Ground\n|move|p1a: Miraidon|Calm Mind|p1a: Miraidon\n|-boost|p1a: Miraidon|spa|1\n|-boost|p1a: Miraidon|spd|1\n|move|p2a: Toxapex|Toxic|p1a: Miraidon\n|-status|p1a: Miraidon|tox\n|\n|-damage|p1a: Miraidon|79\/100 tox|[from] psn\n|-damage|p1a: Miraidon|67\/100 tox|[from] move: Infestation|[partiallytrapped]\n|upkeep\n|turn|8\n|\n|t:|1697462462\n|switch|p2a: Ting-Lu|Ting-Lu|88\/100 psn\n|-damage|p2a: Ting-Lu|82\/100 psn|[from] Stealth Rock\n|-ability|p2a: Ting-Lu|Vessel of Ruin\n|move|p1a: Miraidon|Dragon Pulse|p2a: Ting-Lu\n|-damage|p2a: Ting-Lu|41\/100 psn\n|\n|-heal|p2a: Ting-Lu|48\/100 psn|[from] item: Leftovers\n|-damage|p1a: Miraidon|55\/100 tox|[from] psn\n|-damage|p2a: Ting-Lu|35\/100 psn|[from] psn\n|-end|p1a: Miraidon|Infestation|[partiallytrapped]|[silent]\n|upkeep\n|turn|9\n|\n|t:|1697462475\n|move|p1a: Miraidon|Dazzling Gleam|p2a: Ting-Lu\n|-supereffective|p2a: Ting-Lu\n|-damage|p2a: Ting-Lu|0 fnt\n|faint|p2a: Ting-Lu\n|\n|-damage|p1a: Miraidon|36\/100 tox|[from] psn\n|upkeep\n|inactive|miniclip339 has 120 seconds left.\n|\n|t:|1697462498\n|switch|p2a: Toxapex|Toxapex, F, tera:Ground|100\/100\n|-damage|p2a: Toxapex|94\/100|[from] Stealth Rock\n|turn|10\n|\n|t:|1697462505\n|move|p1a: Miraidon|Dragon Pulse|p2a: Toxapex\n|-damage|p2a: Toxapex|19\/100\n|move|p2a: Toxapex|Recover|p2a: Toxapex\n|-heal|p2a: Toxapex|69\/100\n|\n|-damage|p1a: Miraidon|12\/100 tox|[from] psn\n|-fieldend|move: Electric Terrain\n|upkeep\n|turn|11\n|inactive|miniclip339 has 120 seconds left.\n|\n|t:|1697462527\n|switch|p2a: Calyrex|Calyrex-Ice|100\/100\n|-ability|p2a: Calyrex|As One\n|-ability|p2a: Calyrex|Unnerve\n|move|p1a: Miraidon|Dragon Pulse|p2a: Calyrex\n|-damage|p2a: Calyrex|53\/100\n|\n|-damage|p1a: Miraidon|0 fnt|[from] psn\n|faint|p1a: Miraidon\n|upkeep\n|\n|t:|1697462540\n|switch|p1a: Zacian|Zacian-Crowned|100\/100\n|-ability|p1a: Zacian|Intrepid Sword|boost\n|-boost|p1a: Zacian|atk|1\n|turn|12\n|inactive|miniclip339 has 120 seconds left.\n|\n|t:|1697462554\n|switch|p2a: Toxapex|Toxapex, F, tera:Ground|100\/100\n|-damage|p2a: Toxapex|94\/100|[from] Stealth Rock\n|move|p1a: Zacian|Behemoth Blade|p2a: Toxapex\n|-damage|p2a: Toxapex|45\/100\n|-damage|p1a: Zacian|84\/100|[from] item: Rocky Helmet|[of] p2a: Toxapex\n|\n|upkeep\n|turn|13\n|inactive|miniclip339 has 120 seconds left.\n|\n|t:|1697462565\n|move|p1a: Zacian|Behemoth Blade|p2a: Toxapex\n|-damage|p2a: Toxapex|0 fnt\n|-damage|p1a: Zacian|67\/100|[from] item: Rocky Helmet|[of] p2a: Toxapex\n|faint|p2a: Toxapex\n|\n|upkeep\n|\n|t:|1697462592\n|switch|p2a: Arceus|Arceus|100\/100\n|-damage|p2a: Arceus|88\/100|[from] Stealth Rock\n|turn|14\n|\n|t:|1697462603\n|move|p1a: Zacian|Close Combat|p2a: Arceus\n|-supereffective|p2a: Arceus\n|-damage|p2a: Arceus|0 fnt\n|-unboost|p1a: Zacian|def|1\n|-unboost|p1a: Zacian|spd|1\n|faint|p2a: Arceus\n|\n|upkeep\n|\n|t:|1697462612\n|switch|p2a: Koraidon|Koraidon|100\/100\n|-damage|p2a: Koraidon|94\/100|[from] Stealth Rock\n|-weather|SunnyDay|[from] ability: Orichalcum Pulse|[of] p2a: Koraidon\n|-activate|p2a: Koraidon|Orichalcum Pulse|[source]\n|turn|15\n|\n|t:|1697462619\n|move|p1a: Zacian|Play Rough|p2a: Koraidon\n|-supereffective|p2a: Koraidon\n|-damage|p2a: Koraidon|0 fnt\n|faint|p2a: Koraidon\n|\n|-weather|SunnyDay|[upkeep]\n|upkeep\n|\n|t:|1697462621\n|switch|p2a: Miraidon|Miraidon|100\/100\n|-damage|p2a: Miraidon|88\/100|[from] Stealth Rock\n|-fieldstart|move: Electric Terrain|[from] ability: Hadron Engine|[of] p2a: Miraidon\n|turn|16\n|\n|t:|1697462628\n|move|p1a: Zacian|Play Rough|p2a: Miraidon\n|-supereffective|p2a: Miraidon\n|-damage|p2a: Miraidon|0 fnt\n|faint|p2a: Miraidon\n|\n|-weather|SunnyDay|[upkeep]\n|upkeep\n|\n|t:|1697462631\n|switch|p2a: Calyrex|Calyrex-Ice|53\/100\n|-ability|p2a: Calyrex|As One\n|-ability|p2a: Calyrex|Unnerve\n|turn|17\n|-message|miniclip339 forfeited.\n|\n|win|mathman0624\n|raw|mathman0624's rating: 1310 &rarr; <strong>1338<\/strong><br \/>(+28 for winning)\n|raw|miniclip339's rating: 1458 &rarr; <strong>1430<\/strong><br \/>(-28 for losing)\n|l|\u2606miniclip339\n","uploadtime":1697462642,"views":11,"p1id":"mathman0624","p2id":"miniclip339","formatid":"gen9ubers","rating":1338,"private":0,"password":""}