{"id":"gen9ubers-1999134667","p1":"kayjulers","p2":"Bondayru","format":"[Gen 9] Ubers","log":"|j|\u2606kayjulers\n|j|\u2606Bondayru\n|t:|1701036895\n|gametype|singles\n|player|p1|kayjulers|101|\n|player|p2|Bondayru|bruno|\n|teamsize|p1|6\n|teamsize|p2|6\n|gen|9\n|tier|[Gen 9] Ubers\n|rule|Sleep Clause Mod: Limit one foe put to sleep\n|rule|Species Clause: Limit one of each Pok\u00e9mon\n|rule|OHKO Clause: OHKO moves are banned\n|rule|Evasion Items Clause: Evasion items are banned\n|rule|Evasion Moves Clause: Evasion moves are banned\n|rule|Endless Battle Clause: Forcing endless battles is banned\n|rule|HP Percentage Mod: HP is shown in percentages\n|clearpoke\n|poke|p1|Darkrai|\n|poke|p1|Tauros-Paldea-Blaze, M|\n|poke|p1|Ogerpon-Wellspring, F|\n|poke|p1|Zapdos|\n|poke|p1|Overqwil, F|\n|poke|p1|Politoed, F|\n|poke|p2|Dragapult, M|\n|poke|p2|Kingambit, F|\n|poke|p2|Enamorus, F|\n|poke|p2|Iron Treads|\n|poke|p2|Diancie|\n|poke|p2|Glastrier|\n|teampreview\n|c|\u2606Bondayru|gl gl\n|c|\u2606Bondayru|hf hf\n|c|\u2606kayjulers|hf my dude\n|j| bareraptor\n|\n|t:|1701037121\n|start\n|switch|p1a: Zanza|Darkrai|100\/100\n|switch|p2a: Pult|Dragapult, M, shiny|100\/100\n|turn|1\n|\n|t:|1701037147\n|switch|p2a: Loup-de-Guerre|Diancie|100\/100\n|move|p1a: Zanza|Dark Pulse|p2a: Loup-de-Guerre\n|-resisted|p2a: Loup-de-Guerre\n|-damage|p2a: Loup-de-Guerre|85\/100\n|\n|-heal|p2a: Loup-de-Guerre|91\/100|[from] item: Leftovers\n|upkeep\n|turn|2\n|\n|t:|1701037188\n|switch|p1a: Toad Man|Politoed, F|100\/100\n|-weather|RainDance|[from] ability: Drizzle|[of] p1a: Toad Man\n|move|p2a: Loup-de-Guerre|Trick Room|p2a: Loup-de-Guerre\n|-fieldstart|move: Trick Room|[of] p2a: Loup-de-Guerre\n|\n|-weather|RainDance|[upkeep]\n|-heal|p2a: Loup-de-Guerre|98\/100|[from] item: Leftovers\n|upkeep\n|turn|3\n|\n|t:|1701037239\n|switch|p2a: Ice Horse|Glastrier|100\/100\n|move|p1a: Toad Man|Surf|p2a: Ice Horse\n|-damage|p2a: Ice Horse|65\/100\n|\n|-weather|RainDance|[upkeep]\n|upkeep\n|turn|4\n|\n|t:|1701037277\n|move|p2a: Ice Horse|Swords Dance|p2a: Ice Horse\n|-boost|p2a: Ice Horse|atk|2\n|move|p1a: Toad Man|Surf|p2a: Ice Horse\n|-damage|p2a: Ice Horse|34\/100\n|\n|-weather|RainDance|[upkeep]\n|upkeep\n|turn|5\n|\n|t:|1701037371\n|switch|p1a: Raiden|Zapdos|100\/100\n|move|p2a: Ice Horse|High Horsepower|p1a: Raiden\n|-immune|p1a: Raiden\n|\n|-weather|RainDance|[upkeep]\n|upkeep\n|turn|6\n|\n|t:|1701037381\n|switch|p1a: Toad Man|Politoed, F|100\/100\n|move|p2a: Ice Horse|Icicle Crash|p1a: Toad Man\n|-resisted|p1a: Toad Man\n|-damage|p1a: Toad Man|45\/100\n|\n|-weather|none\n|-fieldend|move: Trick Room\n|upkeep\n|turn|7\n|\n|t:|1701037411\n|switch|p1a: Raiden|Zapdos|100\/100\n|move|p2a: Ice Horse|High Horsepower|p1a: Raiden\n|-immune|p1a: Raiden\n|\n|upkeep\n|turn|8\n|\n|t:|1701037426\n|switch|p2a: Loup-de-Guerre|Diancie|98\/100\n|move|p1a: Raiden|Heat Wave|p2a: Loup-de-Guerre\n|-resisted|p2a: Loup-de-Guerre\n|-damage|p2a: Loup-de-Guerre|89\/100\n|\n|-heal|p2a: Loup-de-Guerre|95\/100|[from] item: Leftovers\n|upkeep\n|turn|9\n|\n|t:|1701037443\n|move|p1a: Raiden|U-turn|p2a: Loup-de-Guerre\n|-resisted|p2a: Loup-de-Guerre\n|-damage|p2a: Loup-de-Guerre|90\/100\n|\n|t:|1701037446\n|switch|p1a: Toad Man|Politoed, F|45\/100|[from] U-turn\n|-weather|RainDance|[from] ability: Drizzle|[of] p1a: Toad Man\n|move|p2a: Loup-de-Guerre|Moonblast|p1a: Toad Man\n|-damage|p1a: Toad Man|25\/100\n|\n|-weather|RainDance|[upkeep]\n|-heal|p2a: Loup-de-Guerre|97\/100|[from] item: Leftovers\n|upkeep\n|turn|10\n|\n|t:|1701037453\n|move|p1a: Toad Man|Rest|p1a: Toad Man\n|-status|p1a: Toad Man|slp|[from] move: Rest\n|-heal|p1a: Toad Man|100\/100 slp|[silent]\n|-enditem|p1a: Toad Man|Chesto Berry|[eat]\n|-curestatus|p1a: Toad Man|slp|[msg]\n|move|p2a: Loup-de-Guerre|Trick Room|p2a: Loup-de-Guerre\n|-fieldstart|move: Trick Room|[of] p2a: Loup-de-Guerre\n|\n|-weather|RainDance|[upkeep]\n|-heal|p2a: Loup-de-Guerre|100\/100|[from] item: Leftovers\n|upkeep\n|turn|11\n|\n|t:|1701037502\n|move|p2a: Loup-de-Guerre|Moonblast|p1a: Toad Man\n|-damage|p1a: Toad Man|79\/100\n|-unboost|p1a: Toad Man|spa|1\n|move|p1a: Toad Man|Surf|p2a: Loup-de-Guerre\n|-supereffective|p2a: Loup-de-Guerre\n|-damage|p2a: Loup-de-Guerre|64\/100\n|\n|-weather|RainDance|[upkeep]\n|-heal|p2a: Loup-de-Guerre|71\/100|[from] item: Leftovers\n|upkeep\n|turn|12\n|\n|t:|1701037616\n|switch|p2a: Gambino|Kingambit, F, shiny|100\/100\n|move|p1a: Toad Man|Surf|p2a: Gambino\n|-damage|p2a: Gambino|66\/100\n|\n|-weather|RainDance|[upkeep]\n|upkeep\n|turn|13\n|\n|t:|1701037649\n|move|p2a: Gambino|Kowtow Cleave|p1a: Toad Man\n|-damage|p1a: Toad Man|26\/100\n|move|p1a: Toad Man|Focus Blast|p2a: Gambino|[miss]\n|-miss|p1a: Toad Man|p2a: Gambino\n|\n|-weather|none\n|upkeep\n|turn|14\n|\n|t:|1701037664\n|switch|p1a: M. Bison|Tauros-Paldea-Blaze, M|100\/100\n|-ability|p1a: M. Bison|Intimidate|boost\n|-unboost|p2a: Gambino|atk|1\n|move|p2a: Gambino|Kowtow Cleave|p1a: M. Bison\n|-resisted|p1a: M. Bison\n|-damage|p1a: M. Bison|88\/100\n|\n|-heal|p1a: M. Bison|95\/100|[from] item: Leftovers\n|-fieldend|move: Trick Room\n|upkeep\n|turn|15\n|\n|t:|1701037743\n|switch|p1a: Zanza|Darkrai|100\/100\n|-end|p2a: Gambino|fallenundefined|[silent]\n|switch|p2a: Pult|Dragapult, M, shiny|100\/100\n|\n|upkeep\n|turn|16\n|\n|t:|1701037757\n|move|p1a: Zanza|Trick|p2a: Pult\n|-activate|p1a: Zanza|move: Trick|[of] p2a: Pult\n|-item|p2a: Pult|Choice Scarf|[from] move: Trick\n|-item|p1a: Zanza|Choice Band|[from] move: Trick\n|move|p2a: Pult|U-turn|p1a: Zanza\n|-supereffective|p1a: Zanza\n|-damage|p1a: Zanza|36\/100\n|\n|t:|1701037787\n|switch|p2a: Suromane|Enamorus, F|100\/100|[from] U-turn\n|\n|upkeep\n|turn|17\n|\n|t:|1701037804\n|move|p1a: Zanza|Sludge Bomb|p2a: Suromane\n|-supereffective|p2a: Suromane\n|-damage|p2a: Suromane|0 fnt\n|faint|p2a: Suromane\n|\n|upkeep\n|c|\u2606Bondayru|you get to re select your move?\n|c|\u2606Bondayru|...\n|\n|t:|1701037839\n|switch|p2a: Dizzy|Iron Treads|100\/100\n|turn|18\n|c|\u2606kayjulers|Yes because the trick went off before I pushed another move\n|c|\u2606kayjulers|If you I had tricked and then you clicked u turn, you would've been locked in.\n|\n|t:|1701037872\n|switch|p1a: Raiden|Zapdos|100\/100\n|move|p2a: Dizzy|Stealth Rock|p1a: Raiden\n|-sidestart|p1: kayjulers|move: Stealth Rock\n|\n|upkeep\n|turn|19\n|\n|t:|1701037882\n|-end|p2a: Dizzy|Quark Drive|[silent]\n|switch|p2a: Loup-de-Guerre|Diancie|71\/100\n|move|p1a: Raiden|Heat Wave|p2a: Loup-de-Guerre\n|-resisted|p2a: Loup-de-Guerre\n|-damage|p2a: Loup-de-Guerre|62\/100\n|\n|-heal|p2a: Loup-de-Guerre|68\/100|[from] item: Leftovers\n|upkeep\n|turn|20\n|\n|t:|1701037905\n|move|p1a: Raiden|U-turn|p2a: Loup-de-Guerre\n|-resisted|p2a: Loup-de-Guerre\n|-damage|p2a: Loup-de-Guerre|62\/100\n|\n|t:|1701037906\n|switch|p1a: Skull Kid|Ogerpon-Wellspring, F|100\/100|[from] U-turn\n|-damage|p1a: Skull Kid|88\/100|[from] Stealth Rock\n|move|p2a: Loup-de-Guerre|Trick Room|p2a: Loup-de-Guerre\n|-fieldstart|move: Trick Room|[of] p2a: Loup-de-Guerre\n|\n|-heal|p2a: Loup-de-Guerre|69\/100|[from] item: Leftovers\n|upkeep\n|turn|21\n|\n|t:|1701037996\n|switch|p2a: Dizzy|Iron Treads|100\/100\n|move|p1a: Skull Kid|Horn Leech|p2a: Dizzy\n|-damage|p2a: Dizzy|62\/100\n|-heal|p1a: Skull Kid|100\/100|[from] drain|[of] p2a: Dizzy\n|\n|-heal|p2a: Dizzy|68\/100|[from] item: Leftovers\n|upkeep\n|turn|22\n|\n|t:|1701038022\n|switch|p1a: Raiden|Zapdos|100\/100\n|move|p2a: Dizzy|Earthquake|p1a: Raiden\n|-immune|p1a: Raiden\n|\n|-heal|p2a: Dizzy|74\/100|[from] item: Leftovers\n|upkeep\n|turn|23\n|\n|t:|1701038034\n|move|p1a: Raiden|U-turn|p2a: Dizzy\n|-resisted|p2a: Dizzy\n|-damage|p2a: Dizzy|68\/100\n|\n|t:|1701038056\n|switch|p1a: Zanza|Darkrai|36\/100|[from] U-turn\n|-damage|p1a: Zanza|23\/100|[from] Stealth Rock\n|move|p2a: Dizzy|Knock Off|p1a: Zanza\n|-resisted|p1a: Zanza\n|-damage|p1a: Zanza|4\/100\n|-enditem|p1a: Zanza|Choice Band|[from] move: Knock Off|[of] p2a: Dizzy\n|\n|-heal|p2a: Dizzy|75\/100|[from] item: Leftovers\n|upkeep\n|turn|24\n|\n|t:|1701038072\n|move|p2a: Dizzy|Rapid Spin|p1a: Zanza\n|-crit|p1a: Zanza\n|-damage|p1a: Zanza|0 fnt\n|-boost|p2a: Dizzy|spe|1\n|faint|p1a: Zanza\n|\n|-heal|p2a: Dizzy|81\/100|[from] item: Leftovers\n|-fieldend|move: Trick Room\n|upkeep\n|\n|t:|1701038078\n|switch|p1a: Skull Kid|Ogerpon-Wellspring, F|100\/100\n|-damage|p1a: Skull Kid|88\/100|[from] Stealth Rock\n|turn|25\n|\n|t:|1701038129\n|-end|p2a: Dizzy|Quark Drive|[silent]\n|switch|p2a: Pult|Dragapult, M, shiny|100\/100\n|move|p1a: Skull Kid|Ivy Cudgel|p2a: Pult|[anim] Ivy Cudgel Water\n|-resisted|p2a: Pult\n|-damage|p2a: Pult|58\/100\n|\n|upkeep\n|turn|26\n|\n|t:|1701038211\n|switch|p1a: Toad Man|Politoed, F|26\/100\n|-damage|p1a: Toad Man|14\/100|[from] Stealth Rock\n|-weather|RainDance|[from] ability: Drizzle|[of] p1a: Toad Man\n|move|p2a: Pult|Dragon Darts|p1a: Toad Man\n|-damage|p1a: Toad Man|0 fnt\n|faint|p1a: Toad Man\n|\n|-weather|RainDance|[upkeep]\n|upkeep\n|\n|t:|1701038220\n|switch|p1a: Qwilington|Overqwil, F|100\/100\n|-damage|p1a: Qwilington|88\/100|[from] Stealth Rock\n|turn|27\n|\n|t:|1701038258\n|switch|p2a: Gambino|Kingambit, F, shiny|66\/100\n|-activate|p2a: Gambino|ability: Supreme Overlord\n|-start|p2a: Gambino|fallen1|[silent]\n|move|p1a: Qwilington|Crunch|p2a: Gambino\n|-resisted|p2a: Gambino\n|-damage|p2a: Gambino|48\/100\n|\n|-weather|RainDance|[upkeep]\n|upkeep\n|turn|28\n|\n|t:|1701038314\n|switch|p1a: M. Bison|Tauros-Paldea-Blaze, M|95\/100\n|-damage|p1a: M. Bison|82\/100|[from] Stealth Rock\n|-ability|p1a: M. Bison|Intimidate|boost\n|-unboost|p2a: Gambino|atk|1\n|move|p2a: Gambino|Iron Head|p1a: M. Bison\n|-resisted|p1a: M. Bison\n|-damage|p1a: M. Bison|70\/100\n|\n|-weather|RainDance|[upkeep]\n|-heal|p1a: M. Bison|76\/100|[from] item: Leftovers\n|upkeep\n|turn|29\n|\n|t:|1701038355\n|-end|p2a: Gambino|fallen1|[silent]\n|switch|p2a: Pult|Dragapult, M, shiny|58\/100\n|move|p1a: M. Bison|Earthquake|p2a: Pult\n|-damage|p2a: Pult|23\/100\n|\n|-weather|RainDance|[upkeep]\n|-heal|p1a: M. Bison|82\/100|[from] item: Leftovers\n|upkeep\n|turn|30\n|\n|t:|1701038431\n|move|p2a: Pult|U-turn|p1a: M. Bison\n|-resisted|p1a: M. Bison\n|-damage|p1a: M. Bison|78\/100\n|\n|t:|1701038433\n|switch|p2a: Dizzy|Iron Treads|81\/100|[from] U-turn\n|move|p1a: M. Bison|Earthquake|p2a: Dizzy\n|-supereffective|p2a: Dizzy\n|-damage|p2a: Dizzy|37\/100\n|\n|-weather|none\n|-heal|p2a: Dizzy|43\/100|[from] item: Leftovers\n|-heal|p1a: M. Bison|84\/100|[from] item: Leftovers\n|upkeep\n|turn|31\n|\n|t:|1701038444\n|switch|p1a: Skull Kid|Ogerpon-Wellspring, F|88\/100\n|-damage|p1a: Skull Kid|76\/100|[from] Stealth Rock\n|move|p2a: Dizzy|Knock Off|p1a: Skull Kid\n|-damage|p1a: Skull Kid|48\/100\n|\n|-heal|p2a: Dizzy|50\/100|[from] item: Leftovers\n|upkeep\n|turn|32\n|\n|t:|1701038460\n|move|p1a: Skull Kid|Ivy Cudgel|p2a: Dizzy|[anim] Ivy Cudgel Water\n|-supereffective|p2a: Dizzy\n|-damage|p2a: Dizzy|0 fnt\n|faint|p2a: Dizzy\n|-end|p2a: Dizzy|Quark Drive|[silent]\n|\n|upkeep\n|\n|t:|1701038464\n|switch|p2a: Pult|Dragapult, M, shiny|23\/100\n|turn|33\n|\n|t:|1701038489\n|switch|p1a: Raiden|Zapdos|100\/100\n|move|p2a: Pult|U-turn|p1a: Raiden\n|-resisted|p1a: Raiden\n|-damage|p1a: Raiden|91\/100\n|-status|p2a: Pult|par|[from] ability: Static|[of] p1a: Raiden\n|\n|t:|1701038493\n|switch|p2a: Loup-de-Guerre|Diancie|69\/100|[from] U-turn\n|\n|-heal|p2a: Loup-de-Guerre|75\/100|[from] item: Leftovers\n|upkeep\n|turn|34\n|\n|t:|1701038513\n|move|p1a: Raiden|U-turn|p2a: Loup-de-Guerre\n|-resisted|p2a: Loup-de-Guerre\n|-damage|p2a: Loup-de-Guerre|70\/100\n|j| JoseI2959\n|l| JoseI2959\n|\n|t:|1701038689\n|switch|p1a: Qwilington|Overqwil, F|88\/100|[from] U-turn\n|-damage|p1a: Qwilington|76\/100|[from] Stealth Rock\n|move|p2a: Loup-de-Guerre|Trick Room|p2a: Loup-de-Guerre\n|-fieldstart|move: Trick Room|[of] p2a: Loup-de-Guerre\n|\n|-heal|p2a: Loup-de-Guerre|76\/100|[from] item: Leftovers\n|upkeep\n|turn|35\n|\n|t:|1701038860\n|move|p2a: Loup-de-Guerre|Diamond Storm|p1a: Qwilington\n|-damage|p1a: Qwilington|35\/100\n|-boost|p2a: Loup-de-Guerre|def|2\n|move|p1a: Qwilington|Liquidation|p2a: Loup-de-Guerre\n|-supereffective|p2a: Loup-de-Guerre\n|-crit|p2a: Loup-de-Guerre\n|-damage|p2a: Loup-de-Guerre|9\/100\n|\n|-heal|p2a: Loup-de-Guerre|15\/100|[from] item: Leftovers\n|upkeep\n|turn|36\n|\n|t:|1701038931\n|move|p2a: Loup-de-Guerre|Diamond Storm|p1a: Qwilington\n|-damage|p1a: Qwilington|0 fnt\n|-boost|p2a: Loup-de-Guerre|def|2\n|faint|p1a: Qwilington\n|\n|-heal|p2a: Loup-de-Guerre|22\/100|[from] item: Leftovers\n|upkeep\n|\n|t:|1701038934\n|switch|p1a: Raiden|Zapdos|91\/100\n|turn|37\n|\n|t:|1701038971\n|move|p2a: Loup-de-Guerre|Diamond Storm|p1a: Raiden\n|-supereffective|p1a: Raiden\n|-damage|p1a: Raiden|37\/100\n|move|p1a: Raiden|Thunderbolt|p2a: Loup-de-Guerre\n|-damage|p2a: Loup-de-Guerre|0 fnt\n|faint|p2a: Loup-de-Guerre\n|\n|upkeep\n|\n|t:|1701038976\n|switch|p2a: Ice Horse|Glastrier|34\/100\n|turn|38\n|\n|t:|1701039091\n|move|p2a: Ice Horse|High Horsepower|p1a: Raiden\n|-immune|p1a: Raiden\n|move|p1a: Raiden|Heat Wave|p2a: Ice Horse\n|-supereffective|p2a: Ice Horse\n|-damage|p2a: Ice Horse|0 fnt\n|faint|p2a: Ice Horse\n|\n|-fieldend|move: Trick Room\n|upkeep\n|\n|t:|1701039094\n|switch|p2a: Pult|Dragapult, M, shiny|23\/100 par\n|turn|39\n|\n|t:|1701039101\n|cant|p2a: Pult|par\n|move|p1a: Raiden|Roost|p1a: Raiden\n|-heal|p1a: Raiden|87\/100\n|-singleturn|p1a: Raiden|move: Roost\n|\n|upkeep\n|turn|40\n|\n|t:|1701039109\n|move|p2a: Pult|Dragon Darts|p1a: Raiden\n|-damage|p1a: Raiden|66\/100\n|-anim|p2a: Pult|Dragon Darts|p1a: Raiden\n|-damage|p1a: Raiden|43\/100\n|move|p1a: Raiden|Thunderbolt|p2a: Pult\n|-resisted|p2a: Pult\n|-damage|p2a: Pult|0 fnt\n|faint|p2a: Pult\n|\n|upkeep\n|\n|t:|1701039112\n|switch|p2a: Gambino|Kingambit, F, shiny|48\/100\n|-activate|p2a: Gambino|ability: Supreme Overlord\n|-start|p2a: Gambino|fallen5|[silent]\n|turn|41\n|\n|t:|1701039117\n|switch|p1a: M. Bison|Tauros-Paldea-Blaze, M|84\/100\n|-damage|p1a: M. Bison|71\/100|[from] Stealth Rock\n|-ability|p1a: M. Bison|Intimidate|boost\n|-unboost|p2a: Gambino|atk|1\n|move|p2a: Gambino|Swords Dance|p2a: Gambino\n|-boost|p2a: Gambino|atk|2\n|\n|-heal|p1a: M. Bison|78\/100|[from] item: Leftovers\n|upkeep\n|turn|42\n|\n|t:|1701039196\n|move|p2a: Gambino|Sucker Punch|p1a: M. Bison\n|-resisted|p1a: M. Bison\n|-damage|p1a: M. Bison|45\/100\n|move|p1a: M. Bison|Body Press|p2a: Gambino\n|-supereffective|p2a: Gambino\n|-damage|p2a: Gambino|0 fnt\n|faint|p2a: Gambino\n|-end|p2a: Gambino|fallen5|[silent]\n|\n|win|kayjulers\n|c|\u2606kayjulers|gg dude\n|c|\u2606Bondayru|gg\n","uploadtime":1701039205,"views":28,"p1id":"kayjulers","p2id":"bondayru","formatid":"gen9ubers","rating":0,"private":0,"password":""}