{"id":"gen9ubers-1983657077","p1":"Lillyrosethedemon","p2":"mklgd","format":"[Gen 9] Ubers","log":"|j|\u2606Lillyrosethedemon\n|j|\u2606mklgd\n|t:|1699154831\n|gametype|singles\n|player|p1|Lillyrosethedemon|102|\n|player|p2|mklgd|tabitha-gen3|\n|teamsize|p1|6\n|teamsize|p2|6\n|gen|9\n|tier|[Gen 9] Ubers\n|rule|Sleep Clause Mod: Limit one foe put to sleep\n|rule|Species Clause: Limit one of each Pok\u00e9mon\n|rule|OHKO Clause: OHKO moves are banned\n|rule|Evasion Items Clause: Evasion items are banned\n|rule|Evasion Moves Clause: Evasion moves are banned\n|rule|Endless Battle Clause: Forcing endless battles is banned\n|rule|HP Percentage Mod: HP is shown in percentages\n|clearpoke\n|poke|p1|Hatterene, F|\n|poke|p1|Iron Hands|\n|poke|p1|Staraptor, F|\n|poke|p1|Volcarona, F|\n|poke|p1|Mamoswine, F|\n|poke|p1|Samurott-Hisui, F|\n|poke|p2|Scyther, M|\n|poke|p2|Lokix, F|\n|poke|p2|Ogerpon-Cornerstone, F|\n|poke|p2|Tyranitar, F|\n|poke|p2|Forretress, M|\n|poke|p2|Tauros-Paldea-Blaze, M|\n|teampreview\n|\n|t:|1699154843\n|start\n|switch|p1a: Volcarona|Volcarona, F, shiny|100\/100\n|switch|p2a: Scyther|Scyther, M, shiny|100\/100\n|turn|1\n|j| Willish6634\n|j| Judgieiscool\n|\n|t:|1699154853\n|-terastallize|p1a: Volcarona|Fairy\n|move|p2a: Scyther|Dual Wingbeat|p1a: Volcarona\n|-damage|p1a: Volcarona|60\/100\n|-damage|p1a: Volcarona|18\/100\n|-hitcount|p1a: Volcarona|2\n|move|p1a: Volcarona|Will-O-Wisp|p2a: Scyther\n|-status|p2a: Scyther|brn\n|\n|-damage|p2a: Scyther|94\/100 brn|[from] brn\n|upkeep\n|turn|2\n|\n|t:|1699154866\n|switch|p1a: Iron Hands|Iron Hands|100\/100\n|move|p2a: Scyther|Dual Wingbeat|p1a: Iron Hands\n|-damage|p1a: Iron Hands|86\/100\n|-damage|p1a: Iron Hands|73\/100\n|-hitcount|p1a: Iron Hands|2\n|\n|-heal|p1a: Iron Hands|80\/100|[from] item: Leftovers\n|-damage|p2a: Scyther|88\/100 brn|[from] brn\n|upkeep\n|turn|3\n|\n|t:|1699154877\n|move|p2a: Scyther|Dual Wingbeat|p1a: Iron Hands\n|-damage|p1a: Iron Hands|65\/100\n|-damage|p1a: Iron Hands|51\/100\n|-hitcount|p1a: Iron Hands|2\n|move|p1a: Iron Hands|Swords Dance|p1a: Iron Hands\n|-boost|p1a: Iron Hands|atk|2\n|\n|-heal|p1a: Iron Hands|57\/100|[from] item: Leftovers\n|-damage|p2a: Scyther|82\/100 brn|[from] brn\n|upkeep\n|turn|4\n|j| redisdead98\n|\n|t:|1699154889\n|move|p2a: Scyther|Dual Wingbeat|p1a: Iron Hands\n|-damage|p1a: Iron Hands|44\/100\n|-damage|p1a: Iron Hands|30\/100\n|-hitcount|p1a: Iron Hands|2\n|move|p1a: Iron Hands|Drain Punch|p2a: Scyther\n|-resisted|p2a: Scyther\n|-damage|p2a: Scyther|52\/100 brn\n|-heal|p1a: Iron Hands|39\/100|[from] drain|[of] p2a: Scyther\n|\n|-heal|p1a: Iron Hands|45\/100|[from] item: Leftovers\n|-damage|p2a: Scyther|46\/100 brn|[from] brn\n|upkeep\n|turn|5\n|\n|t:|1699154902\n|move|p2a: Scyther|Dual Wingbeat|p1a: Iron Hands\n|-damage|p1a: Iron Hands|32\/100\n|-damage|p1a: Iron Hands|19\/100\n|-hitcount|p1a: Iron Hands|2\n|move|p1a: Iron Hands|Drain Punch|p2a: Scyther\n|-resisted|p2a: Scyther\n|-damage|p2a: Scyther|18\/100 brn\n|-heal|p1a: Iron Hands|28\/100|[from] drain|[of] p2a: Scyther\n|\n|-heal|p1a: Iron Hands|34\/100|[from] item: Leftovers\n|-damage|p2a: Scyther|12\/100 brn|[from] brn\n|upkeep\n|turn|6\n|\n|t:|1699154920\n|-end|p1a: Iron Hands|Quark Drive|[silent]\n|switch|p1a: Volcarona|Volcarona, F, shiny, tera:Fairy|18\/100\n|move|p2a: Scyther|Dual Wingbeat|p1a: Volcarona\n|-damage|p1a: Volcarona|0 fnt\n|faint|p1a: Volcarona\n|-hitcount|p1: Volcarona|1\n|\n|-damage|p2a: Scyther|5\/100 brn|[from] brn\n|upkeep\n|\n|t:|1699154941\n|switch|p1a: Staraptor|Staraptor, F|100\/100\n|turn|7\n|\n|t:|1699154946\n|switch|p2a: Forretress|Forretress, M|100\/100\n|move|p1a: Staraptor|U-turn|p2a: Forretress\n|-resisted|p2a: Forretress\n|-damage|p2a: Forretress|94\/100\n|-damage|p1a: Staraptor|84\/100|[from] item: Rocky Helmet|[of] p2a: Forretress\n|\n|t:|1699154953\n|switch|p1a: Hatterene|Hatterene, F|100\/100|[from] U-turn\n|\n|upkeep\n|turn|8\n|\n|t:|1699154965\n|switch|p2a: Scyther|Scyther, M, shiny|5\/100 brn\n|move|p1a: Hatterene|Trick Room|p1a: Hatterene\n|-fieldstart|move: Trick Room|[of] p1a: Hatterene\n|\n|-damage|p2a: Scyther|0 fnt|[from] brn\n|faint|p2a: Scyther\n|upkeep\n|\n|t:|1699154976\n|switch|p2a: Tyranitar|Tyranitar, F|100\/100\n|-weather|Sandstorm|[from] ability: Sand Stream|[of] p2a: Tyranitar\n|turn|9\n|\n|t:|1699154991\n|switch|p1a: Samurott|Samurott-Hisui, F|100\/100\n|move|p2a: Tyranitar|Knock Off|p1a: Samurott\n|-resisted|p1a: Samurott\n|-damage|p1a: Samurott|66\/100\n|-enditem|p1a: Samurott|Adrenaline Orb|[from] move: Knock Off|[of] p2a: Tyranitar\n|\n|-weather|Sandstorm|[upkeep]\n|-damage|p1a: Samurott|60\/100|[from] Sandstorm\n|upkeep\n|turn|10\n|j| ampharosaunt11\n|\n|t:|1699155003\n|switch|p2a: Forretress|Forretress, M|94\/100\n|move|p1a: Samurott|Aqua Cutter|p2a: Forretress\n|-damage|p2a: Forretress|67\/100\n|\n|-weather|Sandstorm|[upkeep]\n|-damage|p1a: Samurott|54\/100|[from] Sandstorm\n|upkeep\n|turn|11\n|\n|t:|1699155013\n|move|p2a: Forretress|Heavy Slam|p1a: Samurott\n|-resisted|p1a: Samurott\n|-damage|p1a: Samurott|42\/100\n|move|p1a: Samurott|Ceaseless Edge|p2a: Forretress\n|-damage|p2a: Forretress|40\/100\n|-damage|p1a: Samurott|26\/100|[from] item: Rocky Helmet|[of] p2a: Forretress\n|-sidestart|p2: mklgd|Spikes\n|\n|-weather|Sandstorm|[upkeep]\n|-damage|p1a: Samurott|20\/100|[from] Sandstorm\n|upkeep\n|turn|12\n|\n|t:|1699155025\n|move|p2a: Forretress|Rapid Spin|p1a: Samurott\n|-damage|p1a: Samurott|7\/100\n|-boost|p2a: Forretress|spe|1\n|-sideend|p2: mklgd|Spikes|[from] move: Rapid Spin|[of] p2a: Forretress\n|move|p1a: Samurott|Encore|p2a: Forretress\n|-start|p2a: Forretress|Encore\n|\n|-weather|Sandstorm|[upkeep]\n|-damage|p1a: Samurott|1\/100|[from] Sandstorm\n|-fieldend|move: Trick Room\n|upkeep\n|turn|13\n|\n|t:|1699155035\n|move|p1a: Samurott|Ceaseless Edge|p2a: Forretress\n|-damage|p2a: Forretress|15\/100\n|-damage|p1a: Samurott|0 fnt|[from] item: Rocky Helmet|[of] p2a: Forretress\n|faint|p1a: Samurott\n|move|p2a: Forretress|Rapid Spin|p1: Samurott|[notarget]\n|-fail|p2a: Forretress\n|\n|-weather|none\n|upkeep\n|\n|t:|1699155050\n|switch|p1a: Mamoswine|Mamoswine, F|100\/100\n|turn|14\n|\n|t:|1699155054\n|move|p1a: Mamoswine|Earthquake|p2a: Forretress\n|-damage|p2a: Forretress|0 fnt\n|faint|p2a: Forretress\n|\n|upkeep\n|\n|t:|1699155059\n|switch|p2a: Lokix|Lokix, F|100\/100\n|turn|15\n|\n|t:|1699155064\n|switch|p1a: Iron Hands|Iron Hands|34\/100\n|move|p2a: Lokix|Knock Off|p1a: Iron Hands\n|-resisted|p1a: Iron Hands\n|-damage|p1a: Iron Hands|0 fnt\n|-enditem|p1a: Iron Hands|Leftovers|[from] move: Knock Off|[of] p2a: Lokix\n|faint|p1a: Iron Hands\n|-end|p1a: Iron Hands|Quark Drive|[silent]\n|\n|upkeep\n|\n|t:|1699155073\n|switch|p1a: Mamoswine|Mamoswine, F|100\/100\n|turn|16\n|\n|t:|1699155095\n|move|p1a: Mamoswine|Icicle Crash|p2a: Lokix\n|-damage|p2a: Lokix|33\/100\n|cant|p2a: Lokix|flinch\n|\n|upkeep\n|turn|17\n|\n|t:|1699155101\n|switch|p2a: Tauros|Tauros-Paldea-Blaze, M|100\/100\n|-ability|p2a: Tauros|Intimidate|boost\n|-unboost|p1a: Mamoswine|atk|1\n|move|p1a: Mamoswine|Icicle Crash|p2a: Tauros\n|-resisted|p2a: Tauros\n|-damage|p2a: Tauros|84\/100\n|\n|upkeep\n|turn|18\n|\n|t:|1699155111\n|switch|p1a: Hatterene|Hatterene, F|100\/100\n|move|p2a: Tauros|Flare Blitz|p1a: Hatterene\n|-damage|p1a: Hatterene|16\/100\n|-damage|p2a: Tauros|57\/100|[from] Recoil\n|-damage|p2a: Tauros|47\/100|[from] item: Life Orb\n|\n|-heal|p1a: Hatterene|22\/100|[from] item: Leftovers\n|upkeep\n|turn|19\n|\n|t:|1699155121\n|move|p2a: Tauros|Raging Bull|p1a: Hatterene\n|-damage|p1a: Hatterene|0 fnt\n|faint|p1a: Hatterene\n|-damage|p2a: Tauros|37\/100|[from] item: Life Orb\n|\n|upkeep\n|c| Willish6634|gg\n|\n|t:|1699155128\n|switch|p1a: Staraptor|Staraptor, F|84\/100\n|turn|20\n|\n|t:|1699155154\n|switch|p2a: Tyranitar|Tyranitar, F|100\/100\n|-weather|Sandstorm|[from] ability: Sand Stream|[of] p2a: Tyranitar\n|move|p1a: Staraptor|Close Combat|p2a: Tyranitar\n|-supereffective|p2a: Tyranitar\n|-crit|p2a: Tyranitar\n|-damage|p2a: Tyranitar|0 fnt\n|-unboost|p1a: Staraptor|def|1\n|-unboost|p1a: Staraptor|spd|1\n|faint|p2a: Tyranitar\n|\n|-weather|Sandstorm|[upkeep]\n|-damage|p1a: Staraptor|78\/100|[from] Sandstorm\n|upkeep\n|\n|t:|1699155161\n|switch|p2a: Ogerpon|Ogerpon-Cornerstone, F|100\/100\n|turn|21\n|c|\u2606mklgd|misclick fof\n|\n|t:|1699155273\n|move|p1a: Staraptor|Close Combat|p2a: Ogerpon\n|-supereffective|p2a: Ogerpon\n|-damage|p2a: Ogerpon|3\/100\n|-unboost|p1a: Staraptor|def|1\n|-unboost|p1a: Staraptor|spd|1\n|move|p2a: Ogerpon|Spikes|p1a: Staraptor\n|-sidestart|p1: Lillyrosethedemon|Spikes\n|\n|-weather|Sandstorm|[upkeep]\n|-damage|p1a: Staraptor|72\/100|[from] Sandstorm\n|upkeep\n|turn|22\n|\n|t:|1699155284\n|move|p1a: Staraptor|Close Combat|p2a: Ogerpon\n|-supereffective|p2a: Ogerpon\n|-damage|p2a: Ogerpon|0 fnt\n|-unboost|p1a: Staraptor|def|1\n|-unboost|p1a: Staraptor|spd|1\n|faint|p2a: Ogerpon\n|\n|-weather|Sandstorm|[upkeep]\n|-damage|p1a: Staraptor|66\/100|[from] Sandstorm\n|upkeep\n|\n|t:|1699155285\n|switch|p2a: Lokix|Lokix, F|33\/100\n|turn|23\n|\n|t:|1699155295\n|-terastallize|p2a: Lokix|Bug\n|move|p2a: Lokix|First Impression|p1a: Staraptor\n|-resisted|p1a: Staraptor\n|-damage|p1a: Staraptor|0 fnt\n|faint|p1a: Staraptor\n|\n|-weather|Sandstorm|[upkeep]\n|-damage|p2a: Lokix|27\/100|[from] Sandstorm\n|upkeep\n|\n|t:|1699155305\n|switch|p1a: Mamoswine|Mamoswine, F|100\/100\n|-damage|p1a: Mamoswine|88\/100|[from] Spikes\n|turn|24\n|\n|t:|1699155319\n|switch|p2a: Tauros|Tauros-Paldea-Blaze, M|37\/100\n|-ability|p2a: Tauros|Intimidate|boost\n|-unboost|p1a: Mamoswine|atk|1\n|move|p1a: Mamoswine|Earthquake|p2a: Tauros\n|-supereffective|p2a: Tauros\n|-damage|p2a: Tauros|0 fnt\n|faint|p2a: Tauros\n|\n|-weather|none\n|upkeep\n|\n|t:|1699155323\n|switch|p2a: Lokix|Lokix, F, tera:Bug|27\/100\n|turn|25\n|\n|t:|1699155332\n|move|p2a: Lokix|First Impression|p1a: Mamoswine\n|-damage|p1a: Mamoswine|0 fnt\n|faint|p1a: Mamoswine\n|\n|win|mklgd\n|c|\u2606mklgd|ggs\n|l| Judgieiscool\n|l|\u2606mklgd\n|l|\u2606Lillyrosethedemon\n|l| ampharosaunt11\n|l| redisdead98\n|l| Willish6634\n|j|\u2606mklgd\n|player|p2|mklgd|tabitha-gen3\n|l|\u2606mklgd\n|player|p2|\n|j| Willish6634\n|j|\u2606mklgd\n|player|p2|mklgd|tabitha-gen3\n","uploadtime":1699155341,"views":13,"p1id":"lillyrosethedemon","p2id":"mklgd","formatid":"gen9ubers","rating":0,"private":0,"password":""}