{"id":"gen9ubers-1997009172","p1":"Billl21","p2":"ZachPlay","format":"[Gen 9] Ubers","log":"|j|\u2606Billl21\n|j|\u2606ZachPlay\n|t:|1700755213\n|gametype|singles\n|player|p1|Billl21|iris|\n|player|p2|ZachPlay|ginchiyo-conquest|\n|teamsize|p1|6\n|teamsize|p2|6\n|gen|9\n|tier|[Gen 9] Ubers\n|rule|Sleep Clause Mod: Limit one foe put to sleep\n|rule|Species Clause: Limit one of each Pok\u00e9mon\n|rule|OHKO Clause: OHKO moves are banned\n|rule|Evasion Items Clause: Evasion items are banned\n|rule|Evasion Moves Clause: Evasion moves are banned\n|rule|Endless Battle Clause: Forcing endless battles is banned\n|rule|HP Percentage Mod: HP is shown in percentages\n|clearpoke\n|poke|p1|Torkoal, M|\n|poke|p1|Ursaluna, F|\n|poke|p1|Cresselia, F|\n|poke|p1|Magearna|\n|poke|p1|Mimikyu, M|\n|poke|p1|Dialga|\n|poke|p2|Froslass, F|\n|poke|p2|Palafin, F|\n|poke|p2|Zacian-*|\n|poke|p2|Volcarona, F|\n|poke|p2|Roaring Moon|\n|poke|p2|Arceus-Poison|\n|teampreview\n|c|\u2606Billl21|glhf\n|c|\u2606ZachPlay|You too\n|\n|t:|1700755244\n|start\n|switch|p1a: Dialga|Dialga|100\/100\n|switch|p2a: Palafin|Palafin, F|100\/100\n|-ability|p1a: Dialga|Pressure\n|turn|1\n|\n|t:|1700755250\n|detailschange|p2a: Palafin|Palafin-Hero, F\n|switch|p2a: Froslass|Froslass, F|100\/100\n|move|p1a: Dialga|Trick Room|p1a: Dialga\n|-fieldstart|move: Trick Room|[of] p1a: Dialga\n|\n|upkeep\n|turn|2\n|\n|t:|1700755257\n|move|p1a: Dialga|Draco Meteor|p2a: Froslass\n|-enditem|p2a: Froslass|Focus Sash\n|-damage|p2a: Froslass|1\/100\n|-unboost|p1a: Dialga|spa|2\n|-enditem|p1a: Dialga|Eject Pack\n|\n|t:|1700755260\n|switch|p1a: Ursaluna|Ursaluna, F|100\/100\n|move|p2a: Froslass|Spikes|p1a: Ursaluna\n|-sidestart|p1: Billl21|Spikes\n|\n|-status|p1a: Ursaluna|brn|[from] item: Flame Orb\n|upkeep\n|turn|3\n|\n|t:|1700755264\n|move|p1a: Ursaluna|Fire Punch|p2a: Froslass\n|-supereffective|p2a: Froslass\n|-damage|p2a: Froslass|0 fnt\n|-start|p1a: Ursaluna|Disable|Fire Punch|[from] ability: Cursed Body|[of] p2a: Froslass\n|faint|p2a: Froslass\n|\n|-damage|p1a: Ursaluna|94\/100 brn|[from] brn\n|upkeep\n|\n|t:|1700755274\n|switch|p2a: Roaring Moon|Roaring Moon|100\/100\n|-enditem|p2a: Roaring Moon|Booster Energy\n|-activate|p2a: Roaring Moon|ability: Protosynthesis|[fromitem]\n|-start|p2a: Roaring Moon|protosynthesisatk\n|turn|4\n|\n|t:|1700755281\n|move|p1a: Ursaluna|Facade|p2a: Roaring Moon\n|-damage|p2a: Roaring Moon|0 fnt\n|faint|p2a: Roaring Moon\n|-end|p2a: Roaring Moon|Protosynthesis|[silent]\n|\n|-damage|p1a: Ursaluna|88\/100 brn|[from] brn\n|upkeep\n|\n|t:|1700755290\n|switch|p2a: Volcarona|Volcarona, F|100\/100\n|turn|5\n|\n|t:|1700755293\n|move|p1a: Ursaluna|Facade|p2a: Volcarona\n|-crit|p2a: Volcarona\n|-damage|p2a: Volcarona|0 fnt\n|faint|p2a: Volcarona\n|\n|-damage|p1a: Ursaluna|82\/100 brn|[from] brn\n|-fieldend|move: Trick Room\n|upkeep\n|\n|t:|1700755295\n|switch|p2a: Palafin|Palafin-Hero, F|100\/100\n|-activate|p2a: Palafin|ability: Zero to Hero\n|turn|6\n|\n|t:|1700755305\n|switch|p1a: Dialga|Dialga|100\/100\n|-damage|p1a: Dialga|88\/100|[from] Spikes\n|-ability|p1a: Dialga|Pressure\n|move|p2a: Palafin|Close Combat|p1a: Dialga\n|-supereffective|p1a: Dialga\n|-damage|p1a: Dialga|0 fnt\n|-unboost|p2a: Palafin|def|1\n|-unboost|p2a: Palafin|spd|1\n|faint|p1a: Dialga\n|\n|upkeep\n|\n|t:|1700755319\n|switch|p1a: Cresselia|Cresselia, F|100\/100\n|turn|7\n|\n|t:|1700755329\n|switch|p2a: Arceus|Arceus-Poison|100\/100\n|move|p1a: Cresselia|Trick Room|p1a: Cresselia\n|-fieldstart|move: Trick Room|[of] p1a: Cresselia\n|\n|upkeep\n|turn|8\n|\n|t:|1700755333\n|switch|p1a: Ursaluna|Ursaluna, F|82\/100 brn\n|-damage|p1a: Ursaluna|70\/100 brn|[from] Spikes\n|move|p2a: Arceus|Calm Mind|p2a: Arceus\n|-boost|p2a: Arceus|spa|1\n|-boost|p2a: Arceus|spd|1\n|\n|-damage|p1a: Ursaluna|64\/100 brn|[from] brn\n|upkeep\n|turn|9\n|\n|t:|1700755350\n|-terastallize|p1a: Ursaluna|Normal\n|move|p1a: Ursaluna|Facade|p2a: Arceus\n|-damage|p2a: Arceus|0 fnt\n|faint|p2a: Arceus\n|\n|-damage|p1a: Ursaluna|58\/100 brn|[from] brn\n|upkeep\n|\n|t:|1700755356\n|switch|p2a: Palafin|Palafin-Hero, F|100\/100\n|turn|10\n|\n|t:|1700755369\n|switch|p1a: Torkoal|Torkoal, M|100\/100\n|-damage|p1a: Torkoal|88\/100|[from] Spikes\n|-weather|SunnyDay|[from] ability: Drought|[of] p1a: Torkoal\n|-terastallize|p2a: Palafin|Water\n|move|p2a: Palafin|Jet Punch|p1a: Torkoal\n|-supereffective|p1a: Torkoal\n|-damage|p1a: Torkoal|38\/100\n|\n|-weather|SunnyDay|[upkeep]\n|upkeep\n|turn|11\n|\n|t:|1700755373\n|move|p2a: Palafin|Jet Punch|p1a: Torkoal\n|-supereffective|p1a: Torkoal\n|-damage|p1a: Torkoal|0 fnt\n|faint|p1a: Torkoal\n|\n|-weather|SunnyDay|[upkeep]\n|-fieldend|move: Trick Room\n|upkeep\n|\n|t:|1700755376\n|switch|p1a: Magearna|Magearna|100\/100\n|-damage|p1a: Magearna|88\/100|[from] Spikes\n|turn|12\n|\n|t:|1700755379\n|switch|p2a: Zacian|Zacian|100\/100\n|-ability|p2a: Zacian|Intrepid Sword|boost\n|-boost|p2a: Zacian|atk|1\n|move|p1a: Magearna|Trick Room|p1a: Magearna\n|-fieldstart|move: Trick Room|[of] p1a: Magearna\n|\n|-weather|SunnyDay|[upkeep]\n|upkeep\n|turn|13\n|\n|t:|1700755384\n|move|p1a: Magearna|Steel Beam|p2a: Zacian\n|-supereffective|p2a: Zacian\n|-crit|p2a: Zacian\n|-damage|p2a: Zacian|0 fnt\n|-damage|p1a: Magearna|38\/100|[from] steelbeam\n|faint|p2a: Zacian\n|-ability|p1a: Magearna|Soul-Heart|boost\n|-boost|p1a: Magearna|spa|1\n|\n|-weather|SunnyDay|[upkeep]\n|upkeep\n|\n|t:|1700755387\n|switch|p2a: Palafin|Palafin-Hero, F, tera:Water|100\/100\n|turn|14\n|\n|t:|1700755392\n|move|p2a: Palafin|Jet Punch|p1a: Magearna\n|-damage|p1a: Magearna|7\/100\n|move|p1a: Magearna|Fleur Cannon|p2a: Palafin\n|-damage|p2a: Palafin|0 fnt\n|-unboost|p1a: Magearna|spa|2\n|-enditem|p1a: Magearna|Eject Pack\n|faint|p2a: Palafin\n|\n|win|Billl21\n|c|\u2606Billl21|gg\n|c|\u2606ZachPlay|Gg\n|c|\u2606ZachPlay|You sent the replay\n","uploadtime":1700755404,"views":7,"p1id":"billl21","p2id":"zachplay","formatid":"gen9ubers","rating":0,"private":0,"password":""}