{"id":"gen9ubers-1988430221","p1":"pain rein","p2":"woahhgh","format":"[Gen 9] Ubers","log":"|j|\u2606pain rein\n|j|\u2606woahhgh\n|t:|1699722105\n|gametype|singles\n|player|p1|pain rein|colress|1102\n|player|p2|woahhgh|170|1105\n|teamsize|p1|6\n|teamsize|p2|6\n|gen|9\n|tier|[Gen 9] Ubers\n|rated|\n|rule|Sleep Clause Mod: Limit one foe put to sleep\n|rule|Species Clause: Limit one of each Pok\u00e9mon\n|rule|OHKO Clause: OHKO moves are banned\n|rule|Evasion Items Clause: Evasion items are banned\n|rule|Evasion Moves Clause: Evasion moves are banned\n|rule|Endless Battle Clause: Forcing endless battles is banned\n|rule|HP Percentage Mod: HP is shown in percentages\n|clearpoke\n|poke|p1|Calyrex-Ice|\n|poke|p1|Kyogre|\n|poke|p1|Indeedee-F, F|\n|poke|p1|Gliscor, F|\n|poke|p1|Zoroark-Hisui, M|\n|poke|p1|Spiritomb, M|\n|poke|p2|Chi-Yu|\n|poke|p2|Gholdengo|\n|poke|p2|Great Tusk|\n|poke|p2|Manaphy|\n|poke|p2|Skeledirge, F|\n|poke|p2|Kommo-o, F|\n|teampreview\n|\n|t:|1699722149\n|start\n|switch|p1a: \u7cbe\u795e\u5893|Spiritomb, M|100\/100\n|switch|p2a: Chi-Yu|Chi-Yu|100\/100\n|-ability|p2a: Chi-Yu|Beads of Ruin\n|turn|1\n|\n|t:|1699722159\n|move|p2a: Chi-Yu|Overheat|p1a: \u7cbe\u795e\u5893\n|-damage|p1a: \u7cbe\u795e\u5893|0 fnt\n|-unboost|p2a: Chi-Yu|spa|2\n|replace|p1a: Zoroark|Zoroark-Hisui, M\n|-end|p1a: Zoroark|Illusion\n|faint|p1a: Zoroark\n|\n|upkeep\n|\n|t:|1699722177\n|switch|p1a: \u4eac\u683c\u96f7|Kyogre|100\/100\n|-weather|RainDance|[from] ability: Drizzle|[of] p1a: \u4eac\u683c\u96f7\n|turn|2\n|\n|t:|1699722180\n|switch|p2a: Manaphy|Manaphy|100\/100\n|move|p1a: \u4eac\u683c\u96f7|Water Spout|p2a: Manaphy\n|-resisted|p2a: Manaphy\n|-crit|p2a: Manaphy\n|-damage|p2a: Manaphy|3\/100\n|\n|-weather|RainDance|[upkeep]\n|-heal|p2a: Manaphy|10\/100|[from] item: Leftovers\n|upkeep\n|turn|3\n|\n|t:|1699722187\n|move|p2a: Manaphy|Energy Ball|p1a: \u4eac\u683c\u96f7\n|-supereffective|p1a: \u4eac\u683c\u96f7\n|-damage|p1a: \u4eac\u683c\u96f7|76\/100\n|move|p1a: \u4eac\u683c\u96f7|Ice Beam|p2a: Manaphy\n|-resisted|p2a: Manaphy\n|-damage|p2a: Manaphy|0 fnt\n|faint|p2a: Manaphy\n|\n|-weather|RainDance|[upkeep]\n|upkeep\n|\n|t:|1699722190\n|switch|p2a: Kommo-o|Kommo-o, F|100\/100\n|turn|4\n|c|\u2606woahhgh|bulky as fuck god damn\n|\n|t:|1699722201\n|move|p2a: Kommo-o|Drain Punch|p1a: \u4eac\u683c\u96f7\n|-damage|p1a: \u4eac\u683c\u96f7|37\/100\n|-damage|p2a: Kommo-o|91\/100|[from] item: Life Orb\n|move|p1a: \u4eac\u683c\u96f7|Ice Beam|p2a: Kommo-o\n|-supereffective|p2a: Kommo-o\n|-damage|p2a: Kommo-o|10\/100\n|\n|-weather|RainDance|[upkeep]\n|upkeep\n|turn|5\n|inactive|Battle timer is ON: inactive players will automatically lose when time's up. (requested by woahhgh)\n|\n|t:|1699722221\n|move|p2a: Kommo-o|Dragon Claw|p1a: \u4eac\u683c\u96f7\n|-damage|p1a: \u4eac\u683c\u96f7|0 fnt\n|faint|p1a: \u4eac\u683c\u96f7\n|-damage|p2a: Kommo-o|0 fnt|[from] item: Life Orb\n|faint|p2a: Kommo-o\n|\n|-weather|RainDance|[upkeep]\n|upkeep\n|\n|t:|1699722240\n|switch|p2a: Chi-Yu|Chi-Yu|100\/100\n|switch|p1a: \u786e\u5b9e-F|Indeedee-F, F|100\/100\n|-ability|p2a: Chi-Yu|Beads of Ruin\n|-fieldstart|move: Psychic Terrain|[from] ability: Psychic Surge|[of] p1a: \u786e\u5b9e-F\n|turn|6\n|\n|t:|1699722256\n|-terastallize|p1a: \u786e\u5b9e-F|Fairy\n|move|p2a: Chi-Yu|Dark Pulse|p1a: \u786e\u5b9e-F\n|-resisted|p1a: \u786e\u5b9e-F\n|-damage|p1a: \u786e\u5b9e-F|80\/100\n|move|p1a: \u786e\u5b9e-F|Trick Room|p1a: \u786e\u5b9e-F\n|-fieldstart|move: Trick Room|[of] p1a: \u786e\u5b9e-F\n|\n|-weather|none\n|upkeep\n|turn|7\n|\n|t:|1699722262\n|switch|p2a: Skeledirge|Skeledirge, F|100\/100\n|move|p1a: \u786e\u5b9e-F|Light Screen|p1a: \u786e\u5b9e-F\n|-sidestart|p1: pain rein|move: Light Screen\n|\n|upkeep\n|turn|8\n|\n|t:|1699722275\n|switch|p1a: \u82b1\u843c-\u51b0|Calyrex-Ice|100\/100\n|-ability|p1a: \u82b1\u843c-\u51b0|As One\n|-ability|p1a: \u82b1\u843c-\u51b0|Unnerve\n|move|p2a: Skeledirge|Torch Song|p1a: \u82b1\u843c-\u51b0\n|-supereffective|p1a: \u82b1\u843c-\u51b0\n|-damage|p1a: \u82b1\u843c-\u51b0|82\/100\n|-boost|p2a: Skeledirge|spa|1\n|\n|-heal|p1a: \u82b1\u843c-\u51b0|88\/100|[from] item: Leftovers\n|upkeep\n|turn|9\n|\n|t:|1699722289\n|move|p1a: \u82b1\u843c-\u51b0|Swords Dance|p1a: \u82b1\u843c-\u51b0\n|-boost|p1a: \u82b1\u843c-\u51b0|atk|2\n|move|p2a: Skeledirge|Will-O-Wisp|p1a: \u82b1\u843c-\u51b0\n|-status|p1a: \u82b1\u843c-\u51b0|brn\n|\n|-heal|p1a: \u82b1\u843c-\u51b0|94\/100 brn|[from] item: Leftovers\n|-damage|p1a: \u82b1\u843c-\u51b0|88\/100 brn|[from] brn\n|upkeep\n|turn|10\n|\n|t:|1699722308\n|move|p1a: \u82b1\u843c-\u51b0|High Horsepower|p2a: Skeledirge|[miss]\n|-miss|p1a: \u82b1\u843c-\u51b0|p2a: Skeledirge\n|move|p2a: Skeledirge|Torch Song|p1a: \u82b1\u843c-\u51b0\n|-supereffective|p1a: \u82b1\u843c-\u51b0\n|-damage|p1a: \u82b1\u843c-\u51b0|58\/100 brn\n|-boost|p2a: Skeledirge|spa|1\n|\n|-heal|p1a: \u82b1\u843c-\u51b0|64\/100 brn|[from] item: Leftovers\n|-damage|p1a: \u82b1\u843c-\u51b0|58\/100 brn|[from] brn\n|-fieldend|move: Trick Room\n|-fieldend|move: Psychic Terrain\n|upkeep\n|turn|11\n|\n|t:|1699722313\n|move|p2a: Skeledirge|Torch Song|p1a: \u82b1\u843c-\u51b0\n|-supereffective|p1a: \u82b1\u843c-\u51b0\n|-damage|p1a: \u82b1\u843c-\u51b0|16\/100 brn\n|-boost|p2a: Skeledirge|spa|1\n|move|p1a: \u82b1\u843c-\u51b0|High Horsepower|p2a: Skeledirge\n|-supereffective|p2a: Skeledirge\n|-damage|p2a: Skeledirge|70\/100\n|\n|-heal|p1a: \u82b1\u843c-\u51b0|22\/100 brn|[from] item: Leftovers\n|-damage|p1a: \u82b1\u843c-\u51b0|16\/100 brn|[from] brn\n|upkeep\n|turn|12\n|\n|t:|1699722322\n|switch|p1a: \u683c\u91cc\u65af\u79d1\u5c14|Gliscor, F|100\/100\n|move|p2a: Skeledirge|Torch Song|p1a: \u683c\u91cc\u65af\u79d1\u5c14\n|-damage|p1a: \u683c\u91cc\u65af\u79d1\u5c14|63\/100\n|-boost|p2a: Skeledirge|spa|1\n|\n|-status|p1a: \u683c\u91cc\u65af\u79d1\u5c14|tox|[from] item: Toxic Orb\n|upkeep\n|turn|13\n|\n|t:|1699722326\n|move|p1a: \u683c\u91cc\u65af\u79d1\u5c14|Toxic|p2a: Skeledirge\n|-status|p2a: Skeledirge|tox\n|move|p2a: Skeledirge|Hex|p1a: \u683c\u91cc\u65af\u79d1\u5c14\n|-damage|p1a: \u683c\u91cc\u65af\u79d1\u5c14|0 fnt\n|faint|p1a: \u683c\u91cc\u65af\u79d1\u5c14\n|\n|-damage|p2a: Skeledirge|64\/100 tox|[from] psn\n|upkeep\n|\n|t:|1699722330\n|switch|p1a: \u7cbe\u795e\u5893|Spiritomb, M|100\/100\n|turn|14\n|\n|t:|1699722342\n|move|p2a: Skeledirge|Will-O-Wisp|p1a: \u7cbe\u795e\u5893\n|-status|p1a: \u7cbe\u795e\u5893|brn\n|move|p1a: \u7cbe\u795e\u5893|Trick Room|p1a: \u7cbe\u795e\u5893\n|-fieldstart|move: Trick Room|[of] p1a: \u7cbe\u795e\u5893\n|\n|-damage|p2a: Skeledirge|51\/100 tox|[from] psn\n|-damage|p1a: \u7cbe\u795e\u5893|94\/100 brn|[from] brn\n|-sideend|p1: pain rein|move: Light Screen\n|upkeep\n|turn|15\n|\n|t:|1699722350\n|move|p1a: \u7cbe\u795e\u5893|Sucker Punch|p2a: Skeledirge\n|-supereffective|p2a: Skeledirge\n|-damage|p2a: Skeledirge|28\/100 tox\n|move|p2a: Skeledirge|Torch Song|p1a: \u7cbe\u795e\u5893\n|-damage|p1a: \u7cbe\u795e\u5893|0 fnt\n|-boost|p2a: Skeledirge|spa|1\n|faint|p1a: \u7cbe\u795e\u5893\n|\n|-damage|p2a: Skeledirge|9\/100 tox|[from] psn\n|upkeep\n|\n|t:|1699722353\n|switch|p1a: \u786e\u5b9e-F|Indeedee-F, F, tera:Fairy|80\/100\n|-fieldstart|move: Psychic Terrain|[from] ability: Psychic Surge|[of] p1a: \u786e\u5b9e-F\n|turn|16\n|\n|t:|1699722358\n|move|p2a: Skeledirge|Torch Song|p1a: \u786e\u5b9e-F\n|-damage|p1a: \u786e\u5b9e-F|2\/100\n|-boost|p2a: Skeledirge|spa|1\n|move|p1a: \u786e\u5b9e-F|Light Screen|p1a: \u786e\u5b9e-F\n|-sidestart|p1: pain rein|move: Light Screen\n|\n|-damage|p2a: Skeledirge|0 fnt|[from] psn\n|faint|p2a: Skeledirge\n|upkeep\n|-message|pain rein forfeited.\n|\n|win|woahhgh\n|raw|pain rein's rating: 1102 &rarr; <strong>1077<\/strong><br \/>(-25 for losing)\n|raw|woahhgh's rating: 1105 &rarr; <strong>1130<\/strong><br \/>(+25 for winning)\n|l|\u2606pain rein\n","uploadtime":1699722200,"views":4,"p1id":"painrein","p2id":"woahhgh","formatid":"gen9ubers","rating":1077,"private":0,"password":""}