{"id":"gen9ubers-1985428920","p1":"MayatazKJ","p2":"LadyMaria-Blue","format":"[Gen 9] Ubers","log":"|j|\u2606MayatazKJ\n|j|\u2606LadyMaria-Blue\n|t:|1699373938\n|gametype|singles\n|player|p1|MayatazKJ|170|\n|player|p2|LadyMaria-Blue|cynthia|\n|teamsize|p1|6\n|teamsize|p2|6\n|gen|9\n|tier|[Gen 9] Ubers\n|rule|Sleep Clause Mod: Limit one foe put to sleep\n|rule|Species Clause: Limit one of each Pok\u00e9mon\n|rule|OHKO Clause: OHKO moves are banned\n|rule|Evasion Items Clause: Evasion items are banned\n|rule|Evasion Moves Clause: Evasion moves are banned\n|rule|Endless Battle Clause: Forcing endless battles is banned\n|rule|HP Percentage Mod: HP is shown in percentages\n|clearpoke\n|poke|p1|Arceus-Ice|\n|poke|p1|Slowking-Galar, M|\n|poke|p1|Magearna|\n|poke|p1|Espathra, F|\n|poke|p1|Baxcalibur, M|\n|poke|p1|Cyclizar, M|\n|poke|p2|Baxcalibur, F|\n|poke|p2|Milotic, F|\n|poke|p2|Zacian-*|\n|poke|p2|Mandibuzz, F|\n|poke|p2|Arceus-Poison|\n|poke|p2|Magearna|\n|teampreview\n|\n|t:|1699373951\n|start\n|switch|p1a: Cyclizar|Cyclizar, M|100\/100\n|switch|p2a: Magearna|Magearna|100\/100\n|turn|1\n|\n|t:|1699373954\n|move|p1a: Cyclizar|Shed Tail|p1a: Cyclizar\n|-start|p1a: Cyclizar|Substitute|[from] move: Shed Tail\n|-damage|p1a: Cyclizar|50\/100\n|-enditem|p1a: Cyclizar|Sitrus Berry|[eat]\n|-heal|p1a: Cyclizar|75\/100|[from] item: Sitrus Berry\n|\n|t:|1699373958\n|switch|p1a: Espathra|Espathra, F|100\/100|[from] Shed Tail\n|move|p2a: Magearna|Volt Switch|p1a: Espathra\n|-end|p1a: Espathra|Substitute\n|\n|t:|1699373970\n|switch|p2a: Milotic|Milotic, F, shiny|100\/100|[from] Volt Switch\n|\n|upkeep\n|turn|2\n|\n|t:|1699373979\n|move|p1a: Espathra|Calm Mind|p1a: Espathra\n|-boost|p1a: Espathra|spa|1\n|-boost|p1a: Espathra|spd|1\n|move|p2a: Milotic|Scald|p1a: Espathra\n|-damage|p1a: Espathra|76\/100\n|-status|p1a: Espathra|brn\n|\n|-heal|p1a: Espathra|82\/100 brn|[from] item: Leftovers\n|-damage|p1a: Espathra|76\/100 brn|[from] brn\n|-ability|p1a: Espathra|Speed Boost|boost\n|-boost|p1a: Espathra|spe|1\n|upkeep\n|turn|3\n|\n|t:|1699373984\n|move|p1a: Espathra|Calm Mind|p1a: Espathra\n|-boost|p1a: Espathra|spa|1\n|-boost|p1a: Espathra|spd|1\n|move|p2a: Milotic|Haze|p2a: Milotic\n|-clearallboost\n|\n|-heal|p1a: Espathra|82\/100 brn|[from] item: Leftovers\n|-damage|p1a: Espathra|76\/100 brn|[from] brn\n|-ability|p1a: Espathra|Speed Boost|boost\n|-boost|p1a: Espathra|spe|1\n|upkeep\n|turn|4\n|\n|t:|1699373993\n|switch|p1a: Slowking|Slowking-Galar, M|100\/100\n|move|p2a: Milotic|Scald|p1a: Slowking\n|-damage|p1a: Slowking|85\/100\n|\n|upkeep\n|turn|5\n|\n|t:|1699373997\n|move|p2a: Milotic|Scald|p1a: Slowking\n|-crit|p1a: Slowking\n|-damage|p1a: Slowking|59\/100\n|move|p1a: Slowking|Chilly Reception|p1a: Slowking\n|-weather|Snow\n|\n|t:|1699374000\n|switch|p1a: Cyclizar|Cyclizar, M|100\/100|[from] Chilly Reception\n|\n|-weather|Snow|[upkeep]\n|upkeep\n|turn|6\n|\n|t:|1699374002\n|move|p1a: Cyclizar|Shed Tail|p1a: Cyclizar\n|-start|p1a: Cyclizar|Substitute|[from] move: Shed Tail\n|-damage|p1a: Cyclizar|50\/100\n|\n|t:|1699374004\n|switch|p1a: Baxcalibur|Baxcalibur, M|100\/100|[from] Shed Tail\n|move|p2a: Milotic|Scald|p1a: Baxcalibur\n|-resisted|p1a: Baxcalibur\n|-activate|p1a: Baxcalibur|move: Substitute|[damage]\n|\n|-weather|Snow|[upkeep]\n|upkeep\n|turn|7\n|\n|t:|1699374007\n|move|p1a: Baxcalibur|Scale Shot|p2a: Milotic\n|-damage|p2a: Milotic|86\/100\n|-damage|p2a: Milotic|71\/100\n|-damage|p2a: Milotic|56\/100\n|-damage|p2a: Milotic|40\/100\n|-hitcount|p2a: Milotic|4\n|-unboost|p1a: Baxcalibur|def|1\n|-boost|p1a: Baxcalibur|spe|1\n|move|p2a: Milotic|Flip Turn|p1a: Baxcalibur\n|-resisted|p1a: Baxcalibur\n|-activate|p1a: Baxcalibur|move: Substitute|[damage]\n|\n|t:|1699374012\n|switch|p2a: Mandibuzz|Mandibuzz, F, shiny|100\/100|[from] Flip Turn\n|\n|-weather|Snow|[upkeep]\n|upkeep\n|turn|8\n|\n|t:|1699374015\n|move|p1a: Baxcalibur|Icicle Spear|p2a: Mandibuzz\n|-supereffective|p2a: Mandibuzz\n|-damage|p2a: Mandibuzz|81\/100\n|-supereffective|p2a: Mandibuzz\n|-damage|p2a: Mandibuzz|59\/100\n|-supereffective|p2a: Mandibuzz\n|-damage|p2a: Mandibuzz|37\/100\n|-supereffective|p2a: Mandibuzz\n|-damage|p2a: Mandibuzz|15\/100\n|-supereffective|p2a: Mandibuzz\n|-damage|p2a: Mandibuzz|0 fnt\n|faint|p2a: Mandibuzz\n|-hitcount|p2: Mandibuzz|5\n|\n|-weather|Snow|[upkeep]\n|upkeep\n|\n|t:|1699374020\n|switch|p2a: Magearna|Magearna|100\/100\n|turn|9\n|\n|t:|1699374030\n|move|p1a: Baxcalibur|Swords Dance|p1a: Baxcalibur\n|-boost|p1a: Baxcalibur|atk|2\n|move|p2a: Magearna|Volt Switch|p1a: Baxcalibur\n|-resisted|p1a: Baxcalibur\n|-end|p1a: Baxcalibur|Substitute\n|\n|t:|1699374033\n|switch|p2a: Milotic|Milotic, F, shiny|40\/100|[from] Volt Switch\n|\n|-weather|none\n|-heal|p2a: Milotic|46\/100|[from] item: Leftovers\n|upkeep\n|turn|10\n|\n|t:|1699374035\n|move|p1a: Baxcalibur|Scale Shot|p2a: Milotic|[miss]\n|-miss|p1a: Baxcalibur|p2a: Milotic\n|move|p2a: Milotic|Haze|p2a: Milotic\n|-clearallboost\n|\n|-heal|p2a: Milotic|53\/100|[from] item: Leftovers\n|upkeep\n|turn|11\n|\n|t:|1699374039\n|move|p1a: Baxcalibur|Scale Shot|p2a: Milotic|[miss]\n|-miss|p1a: Baxcalibur|p2a: Milotic\n|move|p2a: Milotic|Recover|p2a: Milotic\n|-heal|p2a: Milotic|100\/100\n|\n|upkeep\n|turn|12\n|\n|t:|1699374050\n|move|p1a: Baxcalibur|Scale Shot|p2a: Milotic\n|-damage|p2a: Milotic|85\/100\n|-damage|p2a: Milotic|71\/100\n|-damage|p2a: Milotic|54\/100\n|-damage|p2a: Milotic|40\/100\n|-hitcount|p2a: Milotic|4\n|-unboost|p1a: Baxcalibur|def|1\n|-boost|p1a: Baxcalibur|spe|1\n|move|p2a: Milotic|Flip Turn|p1a: Baxcalibur\n|-resisted|p1a: Baxcalibur\n|-damage|p1a: Baxcalibur|91\/100\n|\n|t:|1699374066\n|switch|p2a: Magearna|Magearna|100\/100|[from] Flip Turn\n|\n|upkeep\n|turn|13\n|\n|t:|1699374072\n|switch|p1a: Slowking|Slowking-Galar, M|92\/100\n|move|p2a: Magearna|Fleur Cannon|p1a: Slowking\n|-resisted|p1a: Slowking\n|-damage|p1a: Slowking|76\/100\n|-unboost|p2a: Magearna|spa|2\n|\n|upkeep\n|turn|14\n|\n|t:|1699374077\n|move|p2a: Magearna|Spikes|p1a: Slowking\n|-sidestart|p1: MayatazKJ|Spikes\n|move|p1a: Slowking|Chilly Reception|p1a: Slowking\n|-weather|Snow\n|\n|t:|1699374096\n|switch|p1a: Cyclizar|Cyclizar, M|84\/100|[from] Chilly Reception\n|-damage|p1a: Cyclizar|71\/100|[from] Spikes\n|\n|-weather|Snow|[upkeep]\n|upkeep\n|turn|15\n|\n|t:|1699374103\n|switch|p2a: Zacian|Zacian|100\/100\n|-ability|p2a: Zacian|Intrepid Sword|boost\n|-boost|p2a: Zacian|atk|1\n|move|p1a: Cyclizar|Shed Tail|p1a: Cyclizar\n|-start|p1a: Cyclizar|Substitute|[from] move: Shed Tail\n|-damage|p1a: Cyclizar|21\/100\n|\n|t:|1699374114\n|switch|p1a: Arceus|Arceus-Ice|100\/100|[from] Shed Tail\n|-damage|p1a: Arceus|88\/100|[from] Spikes\n|\n|-weather|Snow|[upkeep]\n|upkeep\n|turn|16\n|\n|t:|1699374118\n|move|p2a: Zacian|Play Rough|p1a: Arceus\n|-end|p1a: Arceus|Substitute\n|move|p1a: Arceus|Judgment|p2a: Zacian\n|-damage|p2a: Zacian|48\/100\n|\n|-weather|Snow|[upkeep]\n|upkeep\n|turn|17\n|\n|t:|1699374124\n|move|p2a: Zacian|Play Rough|p1a: Arceus|[miss]\n|-miss|p2a: Zacian|p1a: Arceus\n|move|p1a: Arceus|Judgment|p2a: Zacian\n|-crit|p2a: Zacian\n|-damage|p2a: Zacian|0 fnt\n|faint|p2a: Zacian\n|\n|-weather|Snow|[upkeep]\n|upkeep\n|\n|t:|1699374136\n|switch|p2a: Magearna|Magearna|100\/100\n|turn|18\n|\n|t:|1699374144\n|-terastallize|p1a: Arceus|Electric\n|move|p1a: Arceus|Calm Mind|p1a: Arceus\n|-boost|p1a: Arceus|spa|1\n|-boost|p1a: Arceus|spd|1\n|move|p2a: Magearna|Thunder Wave|p1a: Arceus\n|-immune|p1a: Arceus\n|\n|-weather|none\n|upkeep\n|turn|19\n|\n|t:|1699374154\n|move|p1a: Arceus|Thunderbolt|p2a: Magearna\n|-damage|p2a: Magearna|62\/100\n|move|p2a: Magearna|Spikes|p1a: Arceus\n|-sidestart|p1: MayatazKJ|Spikes\n|\n|-heal|p2a: Magearna|68\/100|[from] item: Leftovers\n|upkeep\n|turn|20\n|\n|t:|1699374159\n|move|p1a: Arceus|Calm Mind|p1a: Arceus\n|-boost|p1a: Arceus|spa|1\n|-boost|p1a: Arceus|spd|1\n|move|p2a: Magearna|Spikes|p1a: Arceus\n|-sidestart|p1: MayatazKJ|Spikes\n|\n|-heal|p2a: Magearna|74\/100|[from] item: Leftovers\n|upkeep\n|turn|21\n|\n|t:|1699374165\n|move|p1a: Arceus|Thunderbolt|p2a: Magearna\n|-damage|p2a: Magearna|23\/100\n|move|p2a: Magearna|Fleur Cannon|p1a: Arceus\n|-damage|p1a: Arceus|69\/100\n|-unboost|p2a: Magearna|spa|2\n|\n|-heal|p2a: Magearna|29\/100|[from] item: Leftovers\n|upkeep\n|turn|22\n|\n|t:|1699374169\n|move|p1a: Arceus|Thunderbolt|p2a: Magearna\n|-crit|p2a: Magearna\n|-damage|p2a: Magearna|0 fnt\n|faint|p2a: Magearna\n|\n|upkeep\n|\n|t:|1699374177\n|switch|p2a: Milotic|Milotic, F, shiny|40\/100\n|turn|23\n|\n|t:|1699374228\n|-terastallize|p2a: Milotic|Fairy\n|move|p1a: Arceus|Judgment|p2a: Milotic\n|-damage|p2a: Milotic|0 fnt\n|faint|p2a: Milotic\n|\n|upkeep\n|\n|t:|1699374238\n|switch|p2a: Arceus|Arceus-Poison|100\/100\n|turn|24\n|\n|t:|1699374280\n|move|p2a: Arceus|Calm Mind|p2a: Arceus\n|-boost|p2a: Arceus|spa|1\n|-boost|p2a: Arceus|spd|1\n|move|p1a: Arceus|Judgment|p2a: Arceus\n|-damage|p2a: Arceus|50\/100\n|\n|upkeep\n|turn|25\n|\n|t:|1699374289\n|move|p1a: Arceus|Judgment|p2a: Arceus\n|-damage|p2a: Arceus|7\/100\n|move|p2a: Arceus|Recover|p2a: Arceus\n|-heal|p2a: Arceus|57\/100\n|\n|upkeep\n|turn|26\n|\n|t:|1699374297\n|move|p1a: Arceus|Judgment|p2a: Arceus\n|-damage|p2a: Arceus|10\/100\n|move|p2a: Arceus|Calm Mind|p2a: Arceus\n|-boost|p2a: Arceus|spa|1\n|-boost|p2a: Arceus|spd|1\n|\n|upkeep\n|turn|27\n|\n|t:|1699374302\n|move|p2a: Arceus|Recover|p2a: Arceus\n|-heal|p2a: Arceus|60\/100\n|move|p1a: Arceus|Calm Mind|p1a: Arceus\n|-boost|p1a: Arceus|spa|1\n|-boost|p1a: Arceus|spd|1\n|\n|upkeep\n|turn|28\n|\n|t:|1699374308\n|move|p1a: Arceus|Judgment|p2a: Arceus\n|-damage|p2a: Arceus|16\/100\n|move|p2a: Arceus|Recover|p2a: Arceus\n|-heal|p2a: Arceus|66\/100\n|\n|upkeep\n|turn|29\n|\n|t:|1699374312\n|move|p2a: Arceus|Earth Power|p1a: Arceus\n|-supereffective|p1a: Arceus\n|-damage|p1a: Arceus|40\/100\n|move|p1a: Arceus|Calm Mind|p1a: Arceus\n|-boost|p1a: Arceus|spa|1\n|-boost|p1a: Arceus|spd|1\n|\n|upkeep\n|turn|30\n|\n|t:|1699374316\n|move|p1a: Arceus|Recover|p1a: Arceus\n|-heal|p1a: Arceus|90\/100\n|move|p2a: Arceus|Earth Power|p1a: Arceus\n|-supereffective|p1a: Arceus\n|-damage|p1a: Arceus|65\/100\n|\n|upkeep\n|turn|31\n|\n|t:|1699374321\n|move|p1a: Arceus|Judgment|p2a: Arceus\n|-damage|p2a: Arceus|12\/100\n|move|p2a: Arceus|Calm Mind|p2a: Arceus\n|-boost|p2a: Arceus|spa|1\n|-boost|p2a: Arceus|spd|1\n|\n|upkeep\n|turn|32\n|\n|t:|1699374325\n|move|p1a: Arceus|Thunderbolt|p2a: Arceus\n|-damage|p2a: Arceus|0 fnt\n|faint|p2a: Arceus\n|\n|upkeep\n|\n|t:|1699374327\n|switch|p2a: Baxcalibur|Baxcalibur, F|100\/100\n|turn|33\n|\n|t:|1699374350\n|move|p1a: Arceus|Judgment|p2a: Baxcalibur\n|-damage|p2a: Baxcalibur|0 fnt\n|faint|p2a: Baxcalibur\n|\n|win|MayatazKJ\n|c|\u2606LadyMaria-Blue|ggs\n|c|\u2606MayatazKJ|gg\n|l|\u2606MayatazKJ\n","uploadtime":1699374749,"views":27,"p1id":"mayatazkj","p2id":"ladymariablue","formatid":"gen9ubers","rating":0,"private":0,"password":""}