{"id":"gen9ubers-1982135154","p1":"wochienbeuponye","p2":"ahoshawott","format":"[Gen 9] Ubers","log":"|j|\u2606wochienbeuponye\n|j|\u2606ahoshawott\n|t:|1698971473\n|gametype|singles\n|player|p1|wochienbeuponye|101|1102\n|player|p2|ahoshawott|blue|1000\n|teamsize|p1|6\n|teamsize|p2|6\n|gen|9\n|tier|[Gen 9] Ubers\n|rated|\n|rule|Sleep Clause Mod: Limit one foe put to sleep\n|rule|Species Clause: Limit one of each Pok\u00e9mon\n|rule|OHKO Clause: OHKO moves are banned\n|rule|Evasion Items Clause: Evasion items are banned\n|rule|Evasion Moves Clause: Evasion moves are banned\n|rule|Endless Battle Clause: Forcing endless battles is banned\n|rule|HP Percentage Mod: HP is shown in percentages\n|clearpoke\n|poke|p1|Annihilape, M|\n|poke|p1|Cloyster, M|\n|poke|p1|Gholdengo|\n|poke|p1|Glimmora, M|\n|poke|p1|Quagsire, F|\n|poke|p1|Eternatus|\n|poke|p2|Scyther, F|\n|poke|p2|Gengar, M|\n|poke|p2|Ampharos, M|\n|poke|p2|Poliwrath, F|\n|poke|p2|Piloswine, F|\n|poke|p2|Typhlosion, F|\n|teampreview\n|\n|t:|1698971477\n|start\n|switch|p1a: Glimmora|Glimmora, M|100\/100\n|switch|p2a: Gengar|Gengar, M|100\/100\n|turn|1\n|\n|t:|1698971484\n|move|p2a: Gengar|Shadow Ball|p1a: Glimmora\n|-damage|p1a: Glimmora|57\/100\n|move|p1a: Glimmora|Stealth Rock|p2a: Gengar\n|-sidestart|p2: ahoshawott|move: Stealth Rock\n|\n|-heal|p1a: Glimmora|63\/100|[from] item: Leftovers\n|upkeep\n|turn|2\n|\n|t:|1698971490\n|move|p2a: Gengar|Shadow Ball|p1a: Glimmora\n|-damage|p1a: Glimmora|20\/100\n|move|p1a: Glimmora|Mortal Spin|p2a: Gengar\n|-resisted|p2a: Gengar\n|-damage|p2a: Gengar|97\/100\n|-status|p2a: Gengar|psn\n|\n|-heal|p1a: Glimmora|26\/100|[from] item: Leftovers\n|-damage|p2a: Gengar|85\/100 psn|[from] psn\n|upkeep\n|turn|3\n|\n|t:|1698971503\n|move|p2a: Gengar|Shadow Ball|p1a: Glimmora\n|-damage|p1a: Glimmora|0 fnt\n|faint|p1a: Glimmora\n|\n|-damage|p2a: Gengar|73\/100 psn|[from] psn\n|upkeep\n|inactive|Battle timer is ON: inactive players will automatically lose when time's up. (requested by ahoshawott)\n|\n|t:|1698971512\n|switch|p1a: Eternatus|Eternatus|100\/100\n|-ability|p1a: Eternatus|Pressure\n|turn|4\n|\n|t:|1698971520\n|move|p1a: Eternatus|Agility|p1a: Eternatus\n|-boost|p1a: Eternatus|spe|2\n|move|p2a: Gengar|Shadow Ball|p1a: Eternatus\n|-damage|p1a: Eternatus|66\/100\n|\n|-damage|p2a: Gengar|61\/100 psn|[from] psn\n|upkeep\n|turn|5\n|\n|t:|1698971528\n|switch|p2a: Scyther|Scyther, F|100\/100\n|-damage|p2a: Scyther|51\/100|[from] Stealth Rock\n|move|p1a: Eternatus|Dynamax Cannon|p2a: Scyther\n|-damage|p2a: Scyther|0 fnt\n|faint|p2a: Scyther\n|\n|upkeep\n|\n|t:|1698971535\n|switch|p2a: Piloswine|Piloswine, F|100\/100\n|-damage|p2a: Piloswine|88\/100|[from] Stealth Rock\n|turn|6\n|\n|t:|1698971548\n|-terastallize|p2a: Piloswine|Ice\n|move|p1a: Eternatus|Flamethrower|p2a: Piloswine\n|-supereffective|p2a: Piloswine\n|-damage|p2a: Piloswine|58\/100\n|move|p2a: Piloswine|Icicle Spear|p1a: Eternatus\n|-supereffective|p1a: Eternatus\n|-damage|p1a: Eternatus|46\/100\n|-supereffective|p1a: Eternatus\n|-damage|p1a: Eternatus|26\/100\n|-supereffective|p1a: Eternatus\n|-damage|p1a: Eternatus|4\/100\n|-supereffective|p1a: Eternatus\n|-damage|p1a: Eternatus|0 fnt\n|faint|p1a: Eternatus\n|-hitcount|p1: Eternatus|4\n|\n|upkeep\n|\n|t:|1698971566\n|switch|p1a: Annihilape|Annihilape, M|100\/100\n|turn|7\n|\n|t:|1698971584\n|switch|p2a: Gengar|Gengar, M|61\/100 psn\n|-damage|p2a: Gengar|48\/100 psn|[from] Stealth Rock\n|move|p1a: Annihilape|Fire Punch|p2a: Gengar\n|-damage|p2a: Gengar|2\/100 psn\n|-start|p1a: Annihilape|Disable|Fire Punch|[from] ability: Cursed Body|[of] p2a: Gengar\n|\n|-damage|p2a: Gengar|0 fnt|[from] psn\n|faint|p2a: Gengar\n|upkeep\n|\n|t:|1698971592\n|switch|p2a: Typhlosion|Typhlosion, F|100\/100\n|-damage|p2a: Typhlosion|76\/100|[from] Stealth Rock\n|turn|8\n|\n|t:|1698971600\n|switch|p1a: Quagsire|Quagsire, F, shiny|100\/100\n|move|p2a: Typhlosion|Shadow Ball|p1a: Quagsire\n|-damage|p1a: Quagsire|66\/100\n|\n|upkeep\n|turn|9\n|\n|t:|1698971611\n|move|p1a: Quagsire|Protect|p1a: Quagsire\n|-singleturn|p1a: Quagsire|Protect\n|move|p2a: Typhlosion|Focus Blast|p1a: Quagsire\n|-activate|p1a: Quagsire|move: Protect\n|\n|upkeep\n|turn|10\n|\n|t:|1698971618\n|move|p2a: Typhlosion|Eruption|p1a: Quagsire\n|-resisted|p1a: Quagsire\n|-damage|p1a: Quagsire|30\/100\n|move|p1a: Quagsire|Recover|p1a: Quagsire\n|-heal|p1a: Quagsire|80\/100\n|\n|upkeep\n|turn|11\n|\n|t:|1698971629\n|switch|p1a: Cloyster|Cloyster, M, shiny|100\/100\n|move|p2a: Typhlosion|Focus Blast|p1a: Cloyster|[miss]\n|-miss|p2a: Typhlosion|p1a: Cloyster\n|\n|upkeep\n|turn|12\n|\n|t:|1698971634\n|move|p2a: Typhlosion|Focus Blast|p1a: Cloyster|[miss]\n|-miss|p2a: Typhlosion|p1a: Cloyster\n|move|p1a: Cloyster|Shell Smash|p1a: Cloyster\n|-unboost|p1a: Cloyster|def|1\n|-unboost|p1a: Cloyster|spd|1\n|-boost|p1a: Cloyster|atk|2\n|-boost|p1a: Cloyster|spa|2\n|-boost|p1a: Cloyster|spe|2\n|\n|upkeep\n|turn|13\n|\n|t:|1698971647\n|move|p1a: Cloyster|Drill Run|p2a: Typhlosion|[miss]\n|-miss|p1a: Cloyster|p2a: Typhlosion\n|move|p2a: Typhlosion|Focus Blast|p1a: Cloyster\n|-supereffective|p1a: Cloyster\n|-damage|p1a: Cloyster|0 fnt\n|faint|p1a: Cloyster\n|\n|upkeep\n|\n|t:|1698971658\n|switch|p1a: Gholdengo|Gholdengo|100\/100\n|turn|14\n|\n|t:|1698971668\n|move|p2a: Typhlosion|Eruption|p1a: Gholdengo\n|-supereffective|p1a: Gholdengo\n|-damage|p1a: Gholdengo|0 fnt\n|faint|p1a: Gholdengo\n|\n|upkeep\n|\n|t:|1698971671\n|switch|p1a: Quagsire|Quagsire, F, shiny|80\/100\n|turn|15\n|\n|t:|1698971673\n|move|p2a: Typhlosion|Focus Blast|p1a: Quagsire|[miss]\n|-miss|p2a: Typhlosion|p1a: Quagsire\n|move|p1a: Quagsire|Counter||[still]\n|-fail|p1a: Quagsire\n|\n|upkeep\n|turn|16\n|\n|t:|1698971677\n|move|p2a: Typhlosion|Focus Blast|p1a: Quagsire|[miss]\n|-miss|p2a: Typhlosion|p1a: Quagsire\n|move|p1a: Quagsire|Counter||[still]\n|-fail|p1a: Quagsire\n|\n|upkeep\n|turn|17\n|\n|t:|1698971680\n|move|p2a: Typhlosion|Focus Blast|p1a: Quagsire|[miss]\n|-miss|p2a: Typhlosion|p1a: Quagsire\n|move|p1a: Quagsire|Counter||[still]\n|-fail|p1a: Quagsire\n|\n|upkeep\n|turn|18\n|\n|t:|1698971682\n|move|p2a: Typhlosion|Focus Blast|p1a: Quagsire\n|-damage|p1a: Quagsire|33\/100\n|move|p1a: Quagsire|Counter||[still]\n|-fail|p1a: Quagsire\n|\n|upkeep\n|turn|19\n|\n|t:|1698971689\n|move|p2a: Typhlosion|Eruption|p1a: Quagsire\n|-resisted|p1a: Quagsire\n|-damage|p1a: Quagsire|1\/100\n|move|p1a: Quagsire|Recover|p1a: Quagsire\n|-heal|p1a: Quagsire|51\/100\n|\n|upkeep\n|turn|20\n|\n|t:|1698971695\n|move|p2a: Typhlosion|Shadow Ball|p1a: Quagsire\n|-damage|p1a: Quagsire|17\/100\n|move|p1a: Quagsire|Recover|p1a: Quagsire\n|-heal|p1a: Quagsire|67\/100\n|\n|upkeep\n|turn|21\n|\n|t:|1698971699\n|move|p1a: Quagsire|Protect|p1a: Quagsire\n|-singleturn|p1a: Quagsire|Protect\n|move|p2a: Typhlosion|Shadow Ball|p1a: Quagsire\n|-activate|p1a: Quagsire|move: Protect\n|\n|upkeep\n|turn|22\n|\n|t:|1698971709\n|move|p2a: Typhlosion|Shadow Ball|p1a: Quagsire\n|-damage|p1a: Quagsire|31\/100\n|-unboost|p1a: Quagsire|spd|1\n|move|p1a: Quagsire|Recover|p1a: Quagsire\n|-heal|p1a: Quagsire|81\/100\n|\n|upkeep\n|turn|23\n|\n|t:|1698971716\n|move|p2a: Typhlosion|Fire Blast|p1a: Quagsire\n|-resisted|p1a: Quagsire\n|-damage|p1a: Quagsire|28\/100\n|move|p1a: Quagsire|Recover|p1a: Quagsire\n|-heal|p1a: Quagsire|78\/100\n|\n|upkeep\n|turn|24\n|\n|t:|1698971733\n|move|p2a: Typhlosion|Eruption|p1a: Quagsire\n|-resisted|p1a: Quagsire\n|-damage|p1a: Quagsire|25\/100\n|move|p1a: Quagsire|Haze|p1a: Quagsire\n|-clearallboost\n|\n|upkeep\n|turn|25\n|\n|t:|1698971741\n|move|p2a: Typhlosion|Eruption|p1a: Quagsire\n|-resisted|p1a: Quagsire\n|-damage|p1a: Quagsire|0 fnt\n|faint|p1a: Quagsire\n|\n|upkeep\n|\n|t:|1698971744\n|switch|p1a: Annihilape|Annihilape, M|100\/100\n|turn|26\n|\n|t:|1698971748\n|move|p1a: Annihilape|Final Gambit|p2a: Typhlosion\n|-damage|p2a: Typhlosion|0 fnt\n|faint|p1a: Annihilape\n|faint|p2a: Typhlosion\n|\n|win|ahoshawott\n|raw|wochienbeuponye's rating: 1102 &rarr; <strong>1070<\/strong><br \/>(-32 for losing)\n|raw|ahoshawott's rating: 1000 &rarr; <strong>1051<\/strong><br \/>(+51 for winning)\n|l|\u2606wochienbeuponye\n","uploadtime":1698971764,"views":9,"p1id":"wochienbeuponye","p2id":"ahoshawott","formatid":"gen9ubers","rating":1051,"private":0,"password":""}