{"id":"gen9ubers-1975391328","p1":"Ragnar262","p2":"Blake-Mamba","format":"[Gen 9] Ubers","log":"|j|\u2606Ragnar262\n|j|\u2606Blake-Mamba\n|t:|1698186283\n|gametype|singles\n|player|p1|Ragnar262|pokemaniac|1237\n|player|p2|Blake-Mamba|juan|1173\n|teamsize|p1|6\n|teamsize|p2|6\n|gen|9\n|tier|[Gen 9] Ubers\n|rated|\n|rule|Sleep Clause Mod: Limit one foe put to sleep\n|rule|Species Clause: Limit one of each Pok\u00e9mon\n|rule|OHKO Clause: OHKO moves are banned\n|rule|Evasion Items Clause: Evasion items are banned\n|rule|Evasion Moves Clause: Evasion moves are banned\n|rule|Endless Battle Clause: Forcing endless battles is banned\n|rule|HP Percentage Mod: HP is shown in percentages\n|clearpoke\n|poke|p1|Azumarill, M|\n|poke|p1|Flutter Mane|\n|poke|p1|Victreebel, F|\n|poke|p1|Groudon|\n|poke|p1|Koraidon|\n|poke|p1|Giratina|\n|poke|p2|Ogerpon-Hearthflame, F|\n|poke|p2|Vikavolt, M|\n|poke|p2|Kommo-o, F|\n|poke|p2|Ursaluna-Bloodmoon, M|\n|poke|p2|Yanmega, F|\n|poke|p2|Chandelure, M|\n|teampreview\n|\n|t:|1698186292\n|start\n|switch|p1a: Groudon|Groudon|100\/100\n|switch|p2a: Vikavolt|Vikavolt, M|100\/100\n|-weather|SunnyDay|[from] ability: Drought|[of] p1a: Groudon\n|turn|1\n|c|\u2606Ragnar262|this guy loves the wing guys huh\n|\n|t:|1698186305\n|move|p1a: Groudon|Stealth Rock|p2a: Vikavolt\n|-sidestart|p2: Blake-Mamba|move: Stealth Rock\n|move|p2a: Vikavolt|Sticky Web|p1a: Groudon\n|-sidestart|p1: Ragnar262|move: Sticky Web\n|\n|-weather|SunnyDay|[upkeep]\n|upkeep\n|turn|2\n|\n|t:|1698186311\n|move|p1a: Groudon|Stone Edge|p2a: Vikavolt|[miss]\n|-miss|p1a: Groudon|p2a: Vikavolt\n|move|p2a: Vikavolt|Bug Buzz|p1a: Groudon\n|-damage|p1a: Groudon|43\/100\n|-unboost|p1a: Groudon|spd|1\n|\n|-weather|SunnyDay|[upkeep]\n|-heal|p1a: Groudon|49\/100|[from] item: Leftovers\n|upkeep\n|turn|3\n|\n|t:|1698186321\n|move|p1a: Groudon|Stone Edge|p2a: Vikavolt\n|-supereffective|p2a: Vikavolt\n|-damage|p2a: Vikavolt|16\/100\n|move|p2a: Vikavolt|Bug Buzz|p1a: Groudon\n|-damage|p1a: Groudon|0 fnt\n|faint|p1a: Groudon\n|\n|-weather|SunnyDay|[upkeep]\n|upkeep\n|\n|t:|1698186323\n|switch|p1a: Giratina|Giratina|100\/100\n|-activate|p1a: Giratina|move: Sticky Web\n|-unboost|p1a: Giratina|spe|1\n|-ability|p1a: Giratina|Pressure\n|turn|4\n|\n|t:|1698186335\n|move|p1a: Giratina|Poltergeist|p2a: Vikavolt\n|-activate|p2a: Vikavolt|move: Poltergeist|Quick Claw\n|-damage|p2a: Vikavolt|0 fnt\n|faint|p2a: Vikavolt\n|\n|-weather|SunnyDay|[upkeep]\n|upkeep\n|\n|t:|1698186342\n|switch|p2a: Ogerpon|Ogerpon-Hearthflame, F|100\/100\n|-damage|p2a: Ogerpon|76\/100|[from] Stealth Rock\n|-ability|p2a: Ogerpon|Mold Breaker\n|turn|5\n|\n|t:|1698186352\n|-terastallize|p2a: Ogerpon|Fire\n|detailschange|p2a: Ogerpon|Ogerpon-Hearthflame-Tera, F, tera:Fire\n|-ability|p2a: Ogerpon|Embody Aspect (Hearthflame)|boost\n|-boost|p2a: Ogerpon|atk|1\n|move|p2a: Ogerpon|Play Rough|p1a: Giratina\n|-supereffective|p1a: Giratina\n|-damage|p1a: Giratina|31\/100\n|move|p1a: Giratina|Dragon Tail|p2a: Ogerpon|[miss]\n|-miss|p1a: Giratina|p2a: Ogerpon\n|\n|-weather|none\n|-heal|p1a: Giratina|37\/100|[from] item: Leftovers\n|upkeep\n|turn|6\n|\n|t:|1698186365\n|move|p2a: Ogerpon|Play Rough|p1a: Giratina\n|-supereffective|p1a: Giratina\n|-damage|p1a: Giratina|0 fnt\n|faint|p1a: Giratina\n|\n|upkeep\n|\n|t:|1698186373\n|switch|p1a: Azumarill|Azumarill, M|100\/100\n|-activate|p1a: Azumarill|move: Sticky Web\n|-unboost|p1a: Azumarill|spe|1\n|turn|7\n|\n|t:|1698186377\n|move|p1a: Azumarill|Aqua Jet|p2a: Ogerpon\n|-supereffective|p2a: Ogerpon\n|-damage|p2a: Ogerpon|0 fnt\n|faint|p2a: Ogerpon\n|\n|upkeep\n|\n|t:|1698186383\n|switch|p2a: Kommo-o|Kommo-o, F|100\/100\n|-damage|p2a: Kommo-o|94\/100|[from] Stealth Rock\n|turn|8\n|\n|t:|1698186393\n|switch|p1a: Flutter Mane|Flutter Mane|100\/100\n|-activate|p1a: Flutter Mane|move: Sticky Web\n|-unboost|p1a: Flutter Mane|spe|1\n|move|p2a: Kommo-o|Clangorous Soul|p2a: Kommo-o\n|-boost|p2a: Kommo-o|atk|1\n|-boost|p2a: Kommo-o|def|1\n|-boost|p2a: Kommo-o|spa|1\n|-boost|p2a: Kommo-o|spd|1\n|-boost|p2a: Kommo-o|spe|1\n|-damage|p2a: Kommo-o|62\/100\n|\n|-heal|p2a: Kommo-o|68\/100|[from] item: Leftovers\n|upkeep\n|turn|9\n|\n|t:|1698186405\n|move|p2a: Kommo-o|Iron Head|p1a: Flutter Mane\n|-supereffective|p1a: Flutter Mane\n|-damage|p1a: Flutter Mane|0 fnt\n|faint|p1a: Flutter Mane\n|-end|p1a: Flutter Mane|Protosynthesis|[silent]\n|\n|-heal|p2a: Kommo-o|74\/100|[from] item: Leftovers\n|upkeep\n|\n|t:|1698186409\n|switch|p1a: Koraidon|Koraidon|100\/100\n|-activate|p1a: Koraidon|move: Sticky Web\n|-unboost|p1a: Koraidon|spe|1\n|-weather|SunnyDay|[from] ability: Orichalcum Pulse|[of] p1a: Koraidon\n|-activate|p1a: Koraidon|Orichalcum Pulse|[source]\n|turn|10\n|\n|t:|1698186417\n|move|p1a: Koraidon|Outrage|p2a: Kommo-o\n|-supereffective|p2a: Kommo-o\n|-damage|p2a: Kommo-o|0 fnt\n|faint|p2a: Kommo-o\n|\n|-weather|SunnyDay|[upkeep]\n|upkeep\n|\n|t:|1698186424\n|switch|p2a: Ursaluna|Ursaluna-Bloodmoon, M|100\/100\n|-damage|p2a: Ursaluna|94\/100|[from] Stealth Rock\n|turn|11\n|\n|t:|1698186428\n|move|p1a: Koraidon|Outrage|p2a: Ursaluna|[from]lockedmove\n|-damage|p2a: Ursaluna|30\/100\n|move|p2a: Ursaluna|Moonlight|p2a: Ursaluna\n|-heal|p2a: Ursaluna|96\/100\n|\n|-weather|SunnyDay|[upkeep]\n|-heal|p2a: Ursaluna|100\/100|[from] item: Leftovers\n|upkeep\n|turn|12\n|\n|t:|1698186438\n|move|p1a: Koraidon|Outrage|p2a: Ursaluna|[from]lockedmove\n|-damage|p2a: Ursaluna|40\/100\n|-start|p1a: Koraidon|confusion|[fatigue]\n|move|p2a: Ursaluna|Blood Moon|p1a: Koraidon\n|-damage|p1a: Koraidon|18\/100\n|\n|-weather|SunnyDay|[upkeep]\n|-heal|p2a: Ursaluna|47\/100|[from] item: Leftovers\n|upkeep\n|turn|13\n|\n|t:|1698186448\n|switch|p1a: VICTORY-BELL|Victreebel, F, shiny|100\/100\n|-activate|p1a: VICTORY-BELL|move: Sticky Web\n|-unboost|p1a: VICTORY-BELL|spe|1\n|move|p2a: Ursaluna|Moonlight|p2a: Ursaluna\n|-heal|p2a: Ursaluna|100\/100\n|\n|-weather|SunnyDay|[upkeep]\n|upkeep\n|turn|14\n|\n|t:|1698186457\n|switch|p2a: Chandelure|Chandelure, M|100\/100\n|-damage|p2a: Chandelure|76\/100|[from] Stealth Rock\n|move|p1a: VICTORY-BELL|Leaf Storm|p2a: Chandelure\n|-resisted|p2a: Chandelure\n|-crit|p2a: Chandelure\n|-damage|p2a: Chandelure|9\/100\n|-unboost|p1a: VICTORY-BELL|spa|2\n|-damage|p1a: VICTORY-BELL|91\/100|[from] item: Life Orb\n|\n|-weather|none\n|upkeep\n|turn|15\n|inactive|Battle timer is ON: inactive players will automatically lose when time's up. (requested by Blake-Mamba)\n|\n|t:|1698186479\n|switch|p1a: Koraidon|Koraidon|18\/100\n|-activate|p1a: Koraidon|move: Sticky Web\n|-unboost|p1a: Koraidon|spe|1\n|-weather|SunnyDay|[from] ability: Orichalcum Pulse|[of] p1a: Koraidon\n|-activate|p1a: Koraidon|Orichalcum Pulse|[source]\n|move|p2a: Chandelure|Overheat|p1a: Koraidon\n|-resisted|p1a: Koraidon\n|-damage|p1a: Koraidon|0 fnt\n|-unboost|p2a: Chandelure|spa|2\n|faint|p1a: Koraidon\n|\n|-weather|SunnyDay|[upkeep]\n|upkeep\n|\n|t:|1698186482\n|switch|p1a: VICTORY-BELL|Victreebel, F, shiny|91\/100\n|-activate|p1a: VICTORY-BELL|move: Sticky Web\n|-unboost|p1a: VICTORY-BELL|spe|1\n|turn|16\n|\n|t:|1698186495\n|move|p2a: Chandelure|Overheat|p1a: VICTORY-BELL\n|-supereffective|p1a: VICTORY-BELL\n|-damage|p1a: VICTORY-BELL|0 fnt\n|-unboost|p2a: Chandelure|spa|2\n|faint|p1a: VICTORY-BELL\n|\n|-weather|SunnyDay|[upkeep]\n|upkeep\n|c|\u2606Ragnar262|bruhh\n|\n|t:|1698186502\n|switch|p1a: Azumarill|Azumarill, M|100\/100\n|-activate|p1a: Azumarill|move: Sticky Web\n|-unboost|p1a: Azumarill|spe|1\n|turn|17\n|\n|t:|1698186506\n|-terastallize|p1a: Azumarill|Water\n|move|p1a: Azumarill|Aqua Jet|p2a: Chandelure\n|-supereffective|p2a: Chandelure\n|-damage|p2a: Chandelure|0 fnt\n|faint|p2a: Chandelure\n|\n|-weather|SunnyDay|[upkeep]\n|upkeep\n|\n|t:|1698186515\n|switch|p2a: Yanmega|Yanmega, F, shiny|100\/100\n|-damage|p2a: Yanmega|50\/100|[from] Stealth Rock\n|turn|18\n|\n|t:|1698186519\n|move|p1a: Azumarill|Aqua Jet|p2a: Yanmega\n|-damage|p2a: Yanmega|18\/100\n|move|p2a: Yanmega|Giga Drain|p1a: Azumarill\n|-supereffective|p1a: Azumarill\n|-damage|p1a: Azumarill|34\/100\n|-heal|p2a: Yanmega|54\/100|[from] drain|[of] p1a: Azumarill\n|\n|-weather|SunnyDay|[upkeep]\n|-ability|p2a: Yanmega|Speed Boost|boost\n|-boost|p2a: Yanmega|spe|1\n|upkeep\n|turn|19\n|-message|Ragnar262 forfeited.\n|\n|win|Blake-Mamba\n|raw|Ragnar262's rating: 1237 &rarr; <strong>1207<\/strong><br \/>(-30 for losing)\n|raw|Blake-Mamba's rating: 1173 &rarr; <strong>1203<\/strong><br \/>(+30 for winning)\n|l|\u2606Ragnar262\n","uploadtime":1698186531,"views":14,"p1id":"ragnar262","p2id":"blakemamba","formatid":"gen9ubers","rating":1203,"private":0,"password":""}