{"id":"gen9ubers-1992785683","p1":"MeteorAsh15","p2":"miebaso11","format":"[Gen 9] Ubers","log":"|j|\u2606MeteorAsh15\n|j|\u2606miebaso11\n|t:|1700235279\n|gametype|singles\n|player|p1|MeteorAsh15|169|1183\n|player|p2|miebaso11|hilda-wonderlauncher|1151\n|teamsize|p1|6\n|teamsize|p2|6\n|gen|9\n|tier|[Gen 9] Ubers\n|rated|\n|rule|Sleep Clause Mod: Limit one foe put to sleep\n|rule|Species Clause: Limit one of each Pok\u00e9mon\n|rule|OHKO Clause: OHKO moves are banned\n|rule|Evasion Items Clause: Evasion items are banned\n|rule|Evasion Moves Clause: Evasion moves are banned\n|rule|Endless Battle Clause: Forcing endless battles is banned\n|rule|HP Percentage Mod: HP is shown in percentages\n|clearpoke\n|poke|p1|Torterra, F|\n|poke|p1|Krookodile, M|\n|poke|p1|Iron Hands|\n|poke|p1|Skeledirge, F|\n|poke|p1|Brambleghast, F|\n|poke|p1|Tornadus, M|\n|poke|p2|Walking Wake|\n|poke|p2|Garchomp, M|\n|poke|p2|Meowscarada, F|\n|poke|p2|Masquerain, F|\n|poke|p2|Arceus-Poison|\n|poke|p2|Ursaluna-Bloodmoon, M|\n|teampreview\n|inactive|Battle timer is ON: inactive players will automatically lose when time's up. (requested by miebaso11)\n|\n|t:|1700235288\n|start\n|switch|p1a: Iron Hands|Iron Hands|100\/100\n|switch|p2a: Masquerain|Masquerain, F|100\/100\n|-ability|p2a: Masquerain|Intimidate|boost\n|-unboost|p1a: Iron Hands|atk|1\n|turn|1\n|\n|t:|1700235297\n|move|p1a: Iron Hands|Fake Out|p2a: Masquerain\n|-damage|p2a: Masquerain|87\/100\n|cant|p2a: Masquerain|flinch\n|\n|upkeep\n|turn|2\n|\n|t:|1700235303\n|move|p2a: Masquerain|Sticky Web|p1a: Iron Hands\n|-sidestart|p1: MeteorAsh15|move: Sticky Web\n|move|p1a: Iron Hands|Wild Charge|p2a: Masquerain\n|-supereffective|p2a: Masquerain\n|-damage|p2a: Masquerain|0 fnt\n|faint|p2a: Masquerain\n|-damage|p1a: Iron Hands|84\/100|[from] Recoil\n|\n|upkeep\n|\n|t:|1700235321\n|switch|p2a: Garchomp|Garchomp, M|100\/100\n|turn|3\n|\n|t:|1700235328\n|-end|p1a: Iron Hands|Quark Drive|[silent]\n|switch|p1a: Torterra|Torterra, F, shiny|100\/100\n|-activate|p1a: Torterra|move: Sticky Web\n|-unboost|p1a: Torterra|spe|1\n|move|p2a: Garchomp|Swords Dance|p2a: Garchomp\n|-boost|p2a: Garchomp|atk|2\n|\n|upkeep\n|turn|4\n|inactive|miebaso11 has 120 seconds left.\n|\n|t:|1700235359\n|-terastallize|p2a: Garchomp|Steel\n|move|p2a: Garchomp|Swords Dance|p2a: Garchomp\n|-boost|p2a: Garchomp|atk|2\n|move|p1a: Torterra|Shell Smash|p1a: Torterra\n|-unboost|p1a: Torterra|def|1\n|-unboost|p1a: Torterra|spd|1\n|-boost|p1a: Torterra|atk|2\n|-boost|p1a: Torterra|spa|2\n|-boost|p1a: Torterra|spe|2\n|\n|upkeep\n|turn|5\n|inactive|miebaso11 has 120 seconds left.\n|\n|t:|1700235377\n|move|p1a: Torterra|Headlong Rush|p2a: Garchomp\n|-supereffective|p2a: Garchomp\n|-damage|p2a: Garchomp|0 fnt\n|-unboost|p1a: Torterra|def|1\n|-unboost|p1a: Torterra|spd|1\n|faint|p2a: Garchomp\n|\n|upkeep\n|\n|t:|1700235398\n|switch|p2a: Meowscarada|Meowscarada, F|100\/100\n|turn|6\n|\n|t:|1700235410\n|move|p2a: Meowscarada|Flower Trick|p1a: Torterra\n|-crit|p1a: Torterra\n|-damage|p1a: Torterra|0 fnt\n|faint|p1a: Torterra\n|\n|upkeep\n|inactive|MeteorAsh15 has 120 seconds left.\n|\n|t:|1700235436\n|switch|p1a: Skeledirge|Skeledirge, F, shiny|100\/100\n|turn|7\n|inactive|miebaso11 has 120 seconds left.\n|\n|t:|1700235456\n|switch|p2a: Walking Wake|Walking Wake|100\/100\n|move|p1a: Skeledirge|Will-O-Wisp|p2a: Walking Wake|[miss]\n|-miss|p1a: Skeledirge|p2a: Walking Wake\n|\n|upkeep\n|turn|8\n|\n|t:|1700235470\n|move|p2a: Walking Wake|Hurricane|p1a: Skeledirge\n|-damage|p1a: Skeledirge|54\/100\n|move|p1a: Skeledirge|Yawn|p2a: Walking Wake\n|-start|p2a: Walking Wake|move: Yawn|[of] p1a: Skeledirge\n|\n|upkeep\n|turn|9\n|\n|t:|1700235479\n|-end|p2a: Walking Wake|Protosynthesis|[silent]\n|switch|p2a: Ursaluna|Ursaluna-Bloodmoon, M|100\/100\n|move|p1a: Skeledirge|Torch Song|p2a: Ursaluna\n|-damage|p2a: Ursaluna|70\/100\n|-boost|p1a: Skeledirge|spa|1\n|\n|upkeep\n|turn|10\n|\n|t:|1700235491\n|move|p1a: Skeledirge|Will-O-Wisp|p2a: Ursaluna\n|-status|p2a: Ursaluna|brn\n|move|p2a: Ursaluna|Moonblast|p1a: Skeledirge\n|-resisted|p1a: Skeledirge\n|-damage|p1a: Skeledirge|38\/100\n|\n|-damage|p2a: Ursaluna|64\/100 brn|[from] brn\n|upkeep\n|turn|11\n|inactive|miebaso11 has 120 seconds left.\n|\n|t:|1700235502\n|move|p1a: Skeledirge|Hex|p2a: Ursaluna\n|-immune|p2a: Ursaluna\n|move|p2a: Ursaluna|Calm Mind|p2a: Ursaluna\n|-boost|p2a: Ursaluna|spa|1\n|-boost|p2a: Ursaluna|spd|1\n|\n|-damage|p2a: Ursaluna|57\/100 brn|[from] brn\n|upkeep\n|turn|12\n|\n|t:|1700235511\n|move|p1a: Skeledirge|Torch Song|p2a: Ursaluna\n|-damage|p2a: Ursaluna|4\/100 brn\n|-boost|p1a: Skeledirge|spa|1\n|-enditem|p2a: Ursaluna|Aguav Berry|[eat]\n|-heal|p2a: Ursaluna|38\/100 brn|[from] item: Aguav Berry\n|move|p2a: Ursaluna|Calm Mind|p2a: Ursaluna\n|-boost|p2a: Ursaluna|spa|1\n|-boost|p2a: Ursaluna|spd|1\n|\n|-damage|p2a: Ursaluna|32\/100 brn|[from] brn\n|upkeep\n|turn|13\n|\n|t:|1700235523\n|move|p1a: Skeledirge|Torch Song|p2a: Ursaluna\n|-damage|p2a: Ursaluna|0 fnt\n|-boost|p1a: Skeledirge|spa|1\n|faint|p2a: Ursaluna\n|\n|upkeep\n|\n|t:|1700235529\n|switch|p2a: Walking Wake|Walking Wake|100\/100\n|turn|14\n|inactive|miebaso11 has 120 seconds left.\n|\n|t:|1700235555\n|move|p2a: Walking Wake|Hurricane|p1a: Skeledirge|[miss]\n|-miss|p2a: Walking Wake|p1a: Skeledirge\n|move|p1a: Skeledirge|Yawn|p2a: Walking Wake\n|-start|p2a: Walking Wake|move: Yawn|[of] p1a: Skeledirge\n|\n|upkeep\n|turn|15\n|inactive|miebaso11 has 120 seconds left.\n|\n|t:|1700235565\n|-end|p2a: Walking Wake|Protosynthesis|[silent]\n|switch|p2a: Arceus|Arceus-Poison|100\/100\n|move|p1a: Skeledirge|Will-O-Wisp|p2a: Arceus\n|-status|p2a: Arceus|brn\n|\n|-damage|p2a: Arceus|94\/100 brn|[from] brn\n|upkeep\n|turn|16\n|\n|t:|1700235576\n|move|p2a: Arceus|Swords Dance|p2a: Arceus\n|-boost|p2a: Arceus|atk|2\n|move|p1a: Skeledirge|Hex|p2a: Arceus\n|-damage|p2a: Arceus|0 fnt\n|faint|p2a: Arceus\n|\n|upkeep\n|\n|t:|1700235578\n|switch|p2a: Walking Wake|Walking Wake|100\/100\n|turn|17\n|j| panza mileurista\n|\n|t:|1700235588\n|-terastallize|p1a: Skeledirge|Dragon\n|move|p2a: Walking Wake|Hurricane|p1a: Skeledirge|[miss]\n|-miss|p2a: Walking Wake|p1a: Skeledirge\n|move|p1a: Skeledirge|Hex|p2a: Walking Wake\n|-damage|p2a: Walking Wake|25\/100\n|\n|upkeep\n|turn|18\n|\n|t:|1700235598\n|move|p2a: Walking Wake|Hurricane|p1a: Skeledirge|[miss]\n|-miss|p2a: Walking Wake|p1a: Skeledirge\n|move|p1a: Skeledirge|Hex|p2a: Walking Wake\n|-damage|p2a: Walking Wake|0 fnt\n|faint|p2a: Walking Wake\n|-end|p2a: Walking Wake|Protosynthesis|[silent]\n|\n|upkeep\n|\n|t:|1700235602\n|switch|p2a: Meowscarada|Meowscarada, F|100\/100\n|turn|19\n|\n|t:|1700235609\n|move|p2a: Meowscarada|Play Rough|p1a: Skeledirge\n|-supereffective|p1a: Skeledirge\n|-damage|p1a: Skeledirge|0 fnt\n|faint|p1a: Skeledirge\n|\n|upkeep\n|\n|t:|1700235617\n|switch|p1a: Iron Hands|Iron Hands|84\/100\n|-activate|p1a: Iron Hands|move: Sticky Web\n|-unboost|p1a: Iron Hands|spe|1\n|turn|20\n|\n|t:|1700235623\n|move|p1a: Iron Hands|Fake Out|p2a: Meowscarada\n|-damage|p2a: Meowscarada|78\/100\n|cant|p2a: Meowscarada|flinch\n|\n|upkeep\n|turn|21\n|\n|t:|1700235629\n|-end|p1a: Iron Hands|Quark Drive|[silent]\n|switch|p1a: Tornadus|Tornadus, M|100\/100\n|move|p2a: Meowscarada|Play Rough|p1a: Tornadus\n|-damage|p1a: Tornadus|56\/100\n|\n|upkeep\n|turn|22\n|\n|t:|1700235638\n|move|p1a: Tornadus|Tailwind|p1a: Tornadus\n|-sidestart|p1: MeteorAsh15|move: Tailwind\n|move|p2a: Meowscarada|Play Rough|p1a: Tornadus\n|-damage|p1a: Tornadus|13\/100\n|\n|upkeep\n|turn|23\n|\n|t:|1700235645\n|move|p1a: Tornadus|Bleakwind Storm|p2a: Meowscarada\n|-supereffective|p2a: Meowscarada\n|-damage|p2a: Meowscarada|0 fnt\n|faint|p2a: Meowscarada\n|\n|win|MeteorAsh15\n|raw|MeteorAsh15's rating: 1183 &rarr; <strong>1206<\/strong><br \/>(+23 for winning)\n|raw|miebaso11's rating: 1151 &rarr; <strong>1128<\/strong><br \/>(-23 for losing)\n|c|\u2606MeteorAsh15|Lok\n|l|\u2606miebaso11\n|c|\u2606MeteorAsh15|Lol\n","uploadtime":1700235661,"views":8,"p1id":"meteorash15","p2id":"miebaso11","formatid":"gen9ubers","rating":1128,"private":0,"password":""}