{"id":"gen9ubers-1976747810","p1":"DumbassGaming","p2":"FrostyRandom02","format":"[Gen 9] Ubers","log":"|j|\u2606DumbassGaming\n|j|\u2606FrostyRandom02\n|t:|1698338221\n|gametype|singles\n|player|p1|DumbassGaming|clown|\n|player|p2|FrostyRandom02|riley|\n|teamsize|p1|6\n|teamsize|p2|6\n|gen|9\n|tier|[Gen 9] Ubers\n|rule|Sleep Clause Mod: Limit one foe put to sleep\n|rule|Species Clause: Limit one of each Pok\u00e9mon\n|rule|OHKO Clause: OHKO moves are banned\n|rule|Evasion Items Clause: Evasion items are banned\n|rule|Evasion Moves Clause: Evasion moves are banned\n|rule|Endless Battle Clause: Forcing endless battles is banned\n|rule|HP Percentage Mod: HP is shown in percentages\n|clearpoke\n|poke|p1|Zacian-*|\n|poke|p1|Ursaluna-Bloodmoon, M|\n|poke|p1|Giratina|\n|poke|p1|Palkia-Origin|\n|poke|p1|Zamazenta-*|\n|poke|p1|Arceus-Fire|\n|poke|p2|Darkrai|\n|poke|p2|Magearna|\n|poke|p2|Shaymin-Sky|\n|poke|p2|Giratina|\n|poke|p2|Arceus-Poison|\n|poke|p2|Zacian-*|\n|teampreview\n|inactive|Battle timer is ON: inactive players will automatically lose when time's up. (requested by DumbassGaming)\n|c|\u2606FrostyRandom02|glhf\n|c|\u2606DumbassGaming|GLHF\n|inactive|DumbassGaming has 270 seconds left.\n|\n|t:|1698338258\n|start\n|switch|p1a: Palkia|Palkia-Origin|100\/100\n|switch|p2a: Magearna|Magearna|100\/100\n|-ability|p1a: Palkia|Pressure\n|turn|1\n|\n|t:|1698338267\n|switch|p1a: Arceus|Arceus-Fire|100\/100\n|move|p2a: Magearna|Thunder Wave|p1a: Arceus\n|-status|p1a: Arceus|par\n|\n|upkeep\n|turn|2\n|\n|t:|1698338296\n|switch|p2a: Giratina|Giratina|100\/100\n|-ability|p2a: Giratina|Pressure\n|move|p1a: Arceus|Dragon Dance|p1a: Arceus\n|-boost|p1a: Arceus|atk|1\n|-boost|p1a: Arceus|spe|1\n|\n|upkeep\n|turn|3\n|\n|t:|1698338310\n|cant|p1a: Arceus|par\n|move|p2a: Giratina|Roar|p1a: Arceus\n|drag|p1a: Palkia|Palkia-Origin|100\/100\n|-ability|p1a: Palkia|Pressure\n|\n|upkeep\n|turn|4\n|\n|t:|1698338314\n|move|p1a: Palkia|Substitute|p1a: Palkia\n|-start|p1a: Palkia|Substitute\n|-damage|p1a: Palkia|76\/100\n|move|p2a: Giratina|Will-O-Wisp||[still]\n|-fail|p2a: Giratina\n|\n|upkeep\n|turn|5\n|\n|t:|1698338322\n|move|p1a: Palkia|Spacial Rend|p2a: Giratina\n|-supereffective|p2a: Giratina\n|-damage|p2a: Giratina|45\/100\n|move|p2a: Giratina|Roar|p1a: Palkia\n|drag|p1a: Zamazenta|Zamazenta|100\/100\n|-ability|p1a: Zamazenta|Dauntless Shield|boost\n|-boost|p1a: Zamazenta|def|1\n|\n|-heal|p2a: Giratina|51\/100|[from] item: Leftovers\n|upkeep\n|turn|6\n|\n|t:|1698338328\n|switch|p2a: Magearna|Magearna|100\/100\n|move|p1a: Zamazenta|Play Rough|p2a: Magearna|[miss]\n|-miss|p1a: Zamazenta|p2a: Magearna\n|\n|upkeep\n|turn|7\n|\n|t:|1698338333\n|switch|p1a: Arceus|Arceus-Fire|100\/100 par\n|move|p2a: Magearna|Thunder Wave|p1a: Arceus|[miss]\n|-miss|p2a: Magearna|p1a: Arceus\n|\n|upkeep\n|turn|8\n|\n|t:|1698338351\n|cant|p1a: Arceus|par\n|move|p2a: Magearna|Volt Switch|p1a: Arceus\n|-damage|p1a: Arceus|84\/100 par\n|\n|t:|1698338360\n|switch|p2a: Giratina|Giratina|51\/100|[from] Volt Switch\n|-ability|p2a: Giratina|Pressure\n|\n|-heal|p2a: Giratina|57\/100|[from] item: Leftovers\n|upkeep\n|turn|9\n|\n|t:|1698338368\n|move|p2a: Giratina|Hex|p1a: Arceus\n|-damage|p1a: Arceus|49\/100 par\n|move|p1a: Arceus|Earthquake|p2a: Giratina\n|-damage|p2a: Giratina|36\/100\n|\n|-heal|p2a: Giratina|42\/100|[from] item: Leftovers\n|upkeep\n|turn|10\n|\n|t:|1698338373\n|move|p2a: Giratina|Hex|p1a: Arceus\n|-damage|p1a: Arceus|14\/100 par\n|move|p1a: Arceus|Dragon Dance|p1a: Arceus\n|-boost|p1a: Arceus|atk|1\n|-boost|p1a: Arceus|spe|1\n|\n|-heal|p2a: Giratina|48\/100|[from] item: Leftovers\n|upkeep\n|turn|11\n|\n|t:|1698338381\n|cant|p1a: Arceus|par\n|move|p2a: Giratina|Hex|p1a: Arceus\n|-damage|p1a: Arceus|0 fnt\n|faint|p1a: Arceus\n|\n|-heal|p2a: Giratina|54\/100|[from] item: Leftovers\n|upkeep\n|\n|t:|1698338392\n|switch|p1a: Ursaluna|Ursaluna-Bloodmoon, M|100\/100\n|turn|12\n|\n|t:|1698338397\n|move|p2a: Giratina|Will-O-Wisp|p1a: Ursaluna\n|-status|p1a: Ursaluna|brn\n|move|p1a: Ursaluna|Calm Mind|p1a: Ursaluna\n|-boost|p1a: Ursaluna|spa|1\n|-boost|p1a: Ursaluna|spd|1\n|\n|-heal|p2a: Giratina|61\/100|[from] item: Leftovers\n|-damage|p1a: Ursaluna|94\/100 brn|[from] brn\n|upkeep\n|turn|13\n|\n|t:|1698338403\n|move|p1a: Ursaluna|Earth Power|p2a: Giratina\n|-damage|p2a: Giratina|25\/100\n|move|p2a: Giratina|Roar|p1a: Ursaluna\n|drag|p1a: Giratina|Giratina|100\/100\n|-ability|p1a: Giratina|Pressure\n|\n|-heal|p2a: Giratina|31\/100|[from] item: Leftovers\n|upkeep\n|turn|14\n|\n|t:|1698338415\n|switch|p2a: Magearna|Magearna|100\/100\n|move|p1a: Giratina|Shadow Ball|p2a: Magearna\n|-damage|p2a: Magearna|66\/100\n|\n|-heal|p2a: Magearna|72\/100|[from] item: Leftovers\n|upkeep\n|turn|15\n|\n|t:|1698338423\n|switch|p1a: Ursaluna|Ursaluna-Bloodmoon, M|94\/100 brn\n|move|p2a: Magearna|Draining Kiss|p1a: Ursaluna\n|-damage|p1a: Ursaluna|68\/100 brn\n|-heal|p2a: Magearna|96\/100|[from] drain|[of] p1a: Ursaluna\n|\n|-heal|p2a: Magearna|100\/100|[from] item: Leftovers\n|-heal|p1a: Ursaluna|74\/100 brn|[from] item: Leftovers\n|-damage|p1a: Ursaluna|68\/100 brn|[from] brn\n|upkeep\n|turn|16\n|\n|t:|1698338434\n|move|p2a: Magearna|Spikes|p1a: Ursaluna\n|-sidestart|p1: DumbassGaming|Spikes\n|move|p1a: Ursaluna|Calm Mind|p1a: Ursaluna\n|-boost|p1a: Ursaluna|spa|1\n|-boost|p1a: Ursaluna|spd|1\n|\n|-heal|p1a: Ursaluna|74\/100 brn|[from] item: Leftovers\n|-damage|p1a: Ursaluna|68\/100 brn|[from] brn\n|upkeep\n|turn|17\n|\n|t:|1698338441\n|switch|p2a: Shaymin|Shaymin-Sky|100\/100\n|move|p1a: Ursaluna|Calm Mind|p1a: Ursaluna\n|-boost|p1a: Ursaluna|spa|1\n|-boost|p1a: Ursaluna|spd|1\n|\n|-heal|p1a: Ursaluna|74\/100 brn|[from] item: Leftovers\n|-damage|p1a: Ursaluna|68\/100 brn|[from] brn\n|upkeep\n|turn|18\n|\n|t:|1698338449\n|move|p2a: Shaymin|Seed Flare|p1a: Ursaluna|[miss]\n|-miss|p2a: Shaymin|p1a: Ursaluna\n|move|p1a: Ursaluna|Blood Moon|p2a: Shaymin\n|-damage|p2a: Shaymin|0 fnt\n|faint|p2a: Shaymin\n|\n|-heal|p1a: Ursaluna|74\/100 brn|[from] item: Leftovers\n|-damage|p1a: Ursaluna|68\/100 brn|[from] brn\n|upkeep\n|\n|t:|1698338461\n|switch|p2a: Darkrai|Darkrai|100\/100\n|turn|19\n|\n|t:|1698338465\n|move|p2a: Darkrai|Dark Pulse|p1a: Ursaluna\n|-damage|p1a: Ursaluna|39\/100 brn\n|-damage|p2a: Darkrai|91\/100|[from] item: Life Orb\n|move|p1a: Ursaluna|Earth Power|p2a: Darkrai\n|-damage|p2a: Darkrai|0 fnt\n|faint|p2a: Darkrai\n|\n|-heal|p1a: Ursaluna|45\/100 brn|[from] item: Leftovers\n|-damage|p1a: Ursaluna|39\/100 brn|[from] brn\n|upkeep\n|\n|t:|1698338473\n|switch|p2a: Zacian|Zacian|100\/100\n|-ability|p2a: Zacian|Intrepid Sword|boost\n|-boost|p2a: Zacian|atk|1\n|turn|20\n|\n|t:|1698338479\n|-terastallize|p1a: Ursaluna|Water\n|move|p2a: Zacian|Play Rough|p1a: Ursaluna\n|-damage|p1a: Ursaluna|0 fnt\n|faint|p1a: Ursaluna\n|\n|upkeep\n|\n|t:|1698338484\n|switch|p1a: Zamazenta|Zamazenta|100\/100\n|-damage|p1a: Zamazenta|88\/100|[from] Spikes\n|turn|21\n|\n|t:|1698338488\n|move|p1a: Zamazenta|Iron Head|p2a: Zacian\n|-supereffective|p2a: Zacian\n|-damage|p2a: Zacian|26\/100\n|cant|p2a: Zacian|flinch\n|\n|upkeep\n|turn|22\n|\n|t:|1698338503\n|-terastallize|p2a: Zacian|Fire\n|move|p2a: Zacian|Play Rough|p1a: Zamazenta\n|-supereffective|p1a: Zamazenta\n|-damage|p1a: Zamazenta|0 fnt\n|faint|p1a: Zamazenta\n|\n|upkeep\n|\n|t:|1698338508\n|switch|p1a: Palkia|Palkia-Origin|76\/100\n|-damage|p1a: Palkia|63\/100|[from] Spikes\n|-ability|p1a: Palkia|Pressure\n|turn|23\n|\n|t:|1698338510\n|move|p2a: Zacian|Play Rough|p1a: Palkia\n|-supereffective|p1a: Palkia\n|-damage|p1a: Palkia|0 fnt\n|faint|p1a: Palkia\n|\n|upkeep\n|\n|t:|1698338512\n|switch|p1a: Zacian|Zacian|100\/100\n|-ability|p1a: Zacian|Intrepid Sword|boost\n|-boost|p1a: Zacian|atk|1\n|turn|24\n|\n|t:|1698338516\n|move|p1a: Zacian|Close Combat|p2a: Zacian\n|-damage|p2a: Zacian|0 fnt\n|-unboost|p1a: Zacian|def|1\n|-unboost|p1a: Zacian|spd|1\n|faint|p2a: Zacian\n|\n|upkeep\n|\n|t:|1698338519\n|switch|p2a: Arceus|Arceus-Poison|100\/100\n|turn|25\n|\n|t:|1698338522\n|move|p1a: Zacian|Swords Dance|p1a: Zacian\n|-boost|p1a: Zacian|atk|2\n|move|p2a: Arceus|Poison Jab|p1a: Zacian\n|-supereffective|p1a: Zacian\n|-damage|p1a: Zacian|0 fnt\n|faint|p1a: Zacian\n|\n|upkeep\n|\n|t:|1698338524\n|switch|p1a: Giratina|Giratina|100\/100\n|-ability|p1a: Giratina|Pressure\n|turn|26\n|\n|t:|1698338529\n|move|p2a: Arceus|Dragon Dance|p2a: Arceus\n|-boost|p2a: Arceus|atk|1\n|-boost|p2a: Arceus|spe|1\n|move|p1a: Giratina|Calm Mind|p1a: Giratina\n|-boost|p1a: Giratina|spa|1\n|-boost|p1a: Giratina|spd|1\n|\n|upkeep\n|turn|27\n|\n|t:|1698338535\n|move|p2a: Arceus|Dragon Dance|p2a: Arceus\n|-boost|p2a: Arceus|atk|1\n|-boost|p2a: Arceus|spe|1\n|move|p1a: Giratina|Shadow Ball|p2a: Arceus\n|-damage|p2a: Arceus|54\/100\n|-unboost|p2a: Arceus|spd|1\n|\n|upkeep\n|turn|28\n|\n|t:|1698338546\n|move|p2a: Arceus|Recover|p2a: Arceus\n|-heal|p2a: Arceus|100\/100\n|move|p1a: Giratina|Shadow Ball|p2a: Arceus\n|-damage|p2a: Arceus|40\/100\n|-unboost|p2a: Arceus|spd|1\n|\n|upkeep\n|turn|29\n|\n|t:|1698338555\n|switch|p2a: Magearna|Magearna|100\/100\n|move|p1a: Giratina|Shadow Ball|p2a: Magearna\n|-damage|p2a: Magearna|54\/100\n|\n|-heal|p2a: Magearna|60\/100|[from] item: Leftovers\n|upkeep\n|turn|30\n|\n|t:|1698338560\n|move|p1a: Giratina|Shadow Ball|p2a: Magearna\n|-damage|p2a: Magearna|12\/100\n|move|p2a: Magearna|Thunder Wave|p1a: Giratina\n|-status|p1a: Giratina|par\n|\n|-heal|p2a: Magearna|18\/100|[from] item: Leftovers\n|upkeep\n|turn|31\n|\n|t:|1698338563\n|move|p2a: Magearna|Draining Kiss|p1a: Giratina\n|-supereffective|p1a: Giratina\n|-damage|p1a: Giratina|85\/100 par\n|-heal|p2a: Magearna|35\/100|[from] drain|[of] p1a: Giratina\n|cant|p1a: Giratina|par\n|\n|-heal|p2a: Magearna|41\/100|[from] item: Leftovers\n|upkeep\n|turn|32\n|\n|t:|1698338566\n|move|p2a: Magearna|Draining Kiss|p1a: Giratina\n|-supereffective|p1a: Giratina\n|-damage|p1a: Giratina|69\/100 par\n|-heal|p2a: Magearna|57\/100|[from] drain|[of] p1a: Giratina\n|cant|p1a: Giratina|par\n|\n|-heal|p2a: Magearna|63\/100|[from] item: Leftovers\n|upkeep\n|turn|33\n|\n|t:|1698338568\n|move|p2a: Magearna|Draining Kiss|p1a: Giratina\n|-supereffective|p1a: Giratina\n|-damage|p1a: Giratina|52\/100 par\n|-heal|p2a: Magearna|81\/100|[from] drain|[of] p1a: Giratina\n|cant|p1a: Giratina|par\n|\n|-heal|p2a: Magearna|87\/100|[from] item: Leftovers\n|upkeep\n|turn|34\n|\n|t:|1698338571\n|move|p2a: Magearna|Draining Kiss|p1a: Giratina\n|-supereffective|p1a: Giratina\n|-damage|p1a: Giratina|36\/100 par\n|-heal|p2a: Magearna|100\/100|[from] drain|[of] p1a: Giratina\n|move|p1a: Giratina|Shadow Ball|p2a: Magearna\n|-damage|p2a: Magearna|54\/100\n|\n|-heal|p2a: Magearna|60\/100|[from] item: Leftovers\n|upkeep\n|turn|35\n|\n|t:|1698338573\n|move|p2a: Magearna|Draining Kiss|p1a: Giratina\n|-supereffective|p1a: Giratina\n|-damage|p1a: Giratina|19\/100 par\n|-heal|p2a: Magearna|78\/100|[from] drain|[of] p1a: Giratina\n|cant|p1a: Giratina|par\n|\n|-heal|p2a: Magearna|84\/100|[from] item: Leftovers\n|upkeep\n|turn|36\n|\n|t:|1698338576\n|move|p2a: Magearna|Draining Kiss|p1a: Giratina\n|-supereffective|p1a: Giratina\n|-damage|p1a: Giratina|4\/100 par\n|-heal|p2a: Magearna|99\/100|[from] drain|[of] p1a: Giratina\n|move|p1a: Giratina|Shadow Ball|p2a: Magearna\n|-damage|p2a: Magearna|55\/100\n|\n|-heal|p2a: Magearna|61\/100|[from] item: Leftovers\n|upkeep\n|turn|37\n|-message|DumbassGaming forfeited.\n|\n|win|FrostyRandom02\n|l|\u2606DumbassGaming\n","uploadtime":1698338591,"views":23,"p1id":"dumbassgaming","p2id":"frostyrandom02","formatid":"gen9ubers","rating":0,"private":0,"password":""}