{"id":"gen9ubers-1973776155","p1":"iboxedyou","p2":"IUXkysersosa","format":"[Gen 9] Ubers","log":"|j|\u2606iboxedyou\n|j|\u2606IUXkysersosa\n|t:|1698012260\n|gametype|singles\n|player|p1|iboxedyou|266|\n|player|p2|IUXkysersosa|alder|\n|teamsize|p1|6\n|teamsize|p2|6\n|gen|9\n|tier|[Gen 9] Ubers\n|rule|Sleep Clause Mod: Limit one foe put to sleep\n|rule|Species Clause: Limit one of each Pok\u00e9mon\n|rule|OHKO Clause: OHKO moves are banned\n|rule|Evasion Items Clause: Evasion items are banned\n|rule|Evasion Moves Clause: Evasion moves are banned\n|rule|Endless Battle Clause: Forcing endless battles is banned\n|rule|HP Percentage Mod: HP is shown in percentages\n|clearpoke\n|poke|p1|Iron Thorns|\n|poke|p1|Enamorus, F|\n|poke|p1|Hariyama, F|\n|poke|p1|Empoleon, M|\n|poke|p1|Chi-Yu|\n|poke|p1|Weezing, F|\n|poke|p2|Mandibuzz, F|\n|poke|p2|Magearna|\n|poke|p2|Volcanion|\n|poke|p2|Kommo-o, M|\n|poke|p2|Sableye, M|\n|poke|p2|Iron Leaves|\n|teampreview\n|c|\u2606IUXkysersosa|glhf\n|\n|t:|1698012298\n|start\n|switch|p1a: Chi-Yu|Chi-Yu|100\/100\n|switch|p2a: Sableye|Sableye, M|100\/100\n|-ability|p1a: Chi-Yu|Beads of Ruin\n|turn|1\n|\n|t:|1698012314\n|move|p1a: Chi-Yu|Flamethrower|p2a: Sableye\n|-damage|p2a: Sableye|0 fnt\n|faint|p2a: Sableye\n|\n|upkeep\n|\n|t:|1698012320\n|switch|p2a: Volcanion|Volcanion|100\/100\n|turn|2\n|\n|t:|1698012327\n|switch|p1a: Hariyama|Hariyama, F|100\/100\n|move|p2a: Volcanion|Steam Eruption|p1a: Hariyama\n|-damage|p1a: Hariyama|55\/100\n|\n|-status|p1a: Hariyama|brn|[from] item: Flame Orb\n|upkeep\n|turn|3\n|\n|t:|1698012339\n|switch|p2a: Mandibuzz|Mandibuzz, F|100\/100\n|move|p1a: Hariyama|Headlong Rush|p2a: Mandibuzz\n|-immune|p2a: Mandibuzz\n|\n|-damage|p1a: Hariyama|49\/100 brn|[from] brn\n|upkeep\n|turn|4\n|\n|t:|1698012352\n|move|p2a: Mandibuzz|Foul Play|p1a: Hariyama\n|-resisted|p1a: Hariyama\n|-crit|p1a: Hariyama\n|-damage|p1a: Hariyama|11\/100 brn\n|move|p1a: Hariyama|Drain Punch|p2a: Mandibuzz\n|-damage|p2a: Mandibuzz|68\/100\n|-heal|p1a: Hariyama|25\/100 brn|[from] drain|[of] p2a: Mandibuzz\n|-damage|p1a: Hariyama|9\/100 brn|[from] item: Rocky Helmet|[of] p2a: Mandibuzz\n|\n|-damage|p1a: Hariyama|3\/100 brn|[from] brn\n|upkeep\n|turn|5\n|\n|t:|1698012369\n|switch|p1a: Enamorus|Enamorus, F|100\/100\n|move|p2a: Mandibuzz|U-turn|p1a: Enamorus\n|-resisted|p1a: Enamorus\n|-damage|p1a: Enamorus|97\/100\n|\n|t:|1698012393\n|switch|p2a: Magearna|Magearna|100\/100|[from] U-turn\n|\n|-heal|p1a: Enamorus|100\/100|[from] item: Leftovers\n|upkeep\n|turn|6\n|\n|t:|1698012404\n|move|p1a: Enamorus|Substitute|p1a: Enamorus\n|-start|p1a: Enamorus|Substitute\n|-damage|p1a: Enamorus|76\/100\n|move|p2a: Magearna|Shift Gear|p2a: Magearna\n|-boost|p2a: Magearna|spe|2\n|-boost|p2a: Magearna|atk|1\n|\n|-heal|p1a: Enamorus|82\/100|[from] item: Leftovers\n|upkeep\n|turn|7\n|\n|t:|1698012414\n|move|p2a: Magearna|Calm Mind|p2a: Magearna\n|-boost|p2a: Magearna|spa|1\n|-boost|p2a: Magearna|spd|1\n|move|p1a: Enamorus|Earth Power|p2a: Magearna\n|-supereffective|p2a: Magearna\n|-damage|p2a: Magearna|73\/100\n|-enditem|p2a: Magearna|Weakness Policy\n|-boost|p2a: Magearna|atk|2|[from] item: Weakness Policy\n|-boost|p2a: Magearna|spa|2|[from] item: Weakness Policy\n|\n|-heal|p1a: Enamorus|88\/100|[from] item: Leftovers\n|upkeep\n|turn|8\n|\n|t:|1698012426\n|move|p2a: Magearna|Draining Kiss|p1a: Enamorus\n|-end|p1a: Enamorus|Substitute\n|-heal|p2a: Magearna|89\/100|[from] drain|[of] p1a: Enamorus\n|move|p1a: Enamorus|Earth Power|p2a: Magearna\n|-supereffective|p2a: Magearna\n|-damage|p2a: Magearna|63\/100\n|\n|-heal|p1a: Enamorus|94\/100|[from] item: Leftovers\n|upkeep\n|turn|9\n|l|\u2606IUXkysersosa\n|player|p2|\n|j|\u2606IUXkysersosa\n|player|p2|IUXkysersosa|alder\n|\n|t:|1698012524\n|switch|p1a: Hariyama|Hariyama, F|3\/100 brn\n|move|p2a: Magearna|Draining Kiss|p1a: Hariyama\n|-supereffective|p1a: Hariyama\n|-damage|p1a: Hariyama|0 fnt\n|-heal|p2a: Magearna|66\/100|[from] drain|[of] p1a: Hariyama\n|faint|p1a: Hariyama\n|-ability|p2a: Magearna|Soul-Heart|boost\n|-boost|p2a: Magearna|spa|1\n|\n|upkeep\n|\n|t:|1698012550\n|switch|p1a: Empoleon|Empoleon, M|100\/100\n|turn|10\n|\n|t:|1698012564\n|move|p2a: Magearna|Stored Power|p1a: Empoleon\n|-resisted|p1a: Empoleon\n|-damage|p1a: Empoleon|31\/100\n|move|p1a: Empoleon|Haze|p1a: Empoleon\n|-clearallboost\n|\n|-heal|p1a: Empoleon|37\/100|[from] item: Leftovers\n|upkeep\n|turn|11\n|\n|t:|1698012575\n|move|p2a: Magearna|Shift Gear|p2a: Magearna\n|-boost|p2a: Magearna|spe|2\n|-boost|p2a: Magearna|atk|1\n|move|p1a: Empoleon|Yawn|p2a: Magearna\n|-start|p2a: Magearna|move: Yawn|[of] p1a: Empoleon\n|\n|-heal|p1a: Empoleon|43\/100|[from] item: Leftovers\n|upkeep\n|turn|12\n|\n|t:|1698012594\n|switch|p2a: Kommo-o|Kommo-o, M|100\/100\n|move|p1a: Empoleon|Yawn|p2a: Kommo-o\n|-start|p2a: Kommo-o|move: Yawn|[of] p1a: Empoleon\n|\n|-heal|p1a: Empoleon|49\/100|[from] item: Leftovers\n|upkeep\n|turn|13\n|\n|t:|1698012611\n|switch|p2a: Mandibuzz|Mandibuzz, F|68\/100\n|switch|p1a: Weezing|Weezing, F|100\/100\n|\n|upkeep\n|turn|14\n|\n|t:|1698012624\n|move|p2a: Mandibuzz|Foul Play|p1a: Weezing\n|-damage|p1a: Weezing|79\/100\n|move|p1a: Weezing|Thunderbolt|p2a: Mandibuzz\n|-supereffective|p2a: Mandibuzz\n|-damage|p2a: Mandibuzz|38\/100\n|\n|-heal|p1a: Weezing|85\/100|[from] item: Black Sludge\n|upkeep\n|turn|15\n|\n|t:|1698012638\n|move|p2a: Mandibuzz|Roost|p2a: Mandibuzz\n|-heal|p2a: Mandibuzz|88\/100\n|-singleturn|p2a: Mandibuzz|move: Roost\n|move|p1a: Weezing|Thunderbolt|p2a: Mandibuzz\n|-damage|p2a: Mandibuzz|72\/100\n|\n|-heal|p1a: Weezing|91\/100|[from] item: Black Sludge\n|upkeep\n|turn|16\n|\n|t:|1698012660\n|switch|p1a: Enamorus|Enamorus, F|94\/100\n|move|p2a: Mandibuzz|U-turn|p1a: Enamorus\n|-resisted|p1a: Enamorus\n|-damage|p1a: Enamorus|91\/100\n|\n|t:|1698012666\n|switch|p2a: Kommo-o|Kommo-o, M|100\/100|[from] U-turn\n|\n|-heal|p1a: Enamorus|97\/100|[from] item: Leftovers\n|upkeep\n|turn|17\n|\n|t:|1698012694\n|-terastallize|p2a: Kommo-o|Fairy\n|move|p1a: Enamorus|Sludge Bomb|p2a: Kommo-o\n|-immune|p2a: Kommo-o|[from] ability: Bulletproof\n|move|p2a: Kommo-o|Dragon Dance|p2a: Kommo-o\n|-boost|p2a: Kommo-o|atk|1\n|-boost|p2a: Kommo-o|spe|1\n|\n|-heal|p1a: Enamorus|100\/100|[from] item: Leftovers\n|upkeep\n|turn|18\n|\n|t:|1698012708\n|switch|p1a: Weezing|Weezing, F|91\/100\n|move|p2a: Kommo-o|Dragon Dance|p2a: Kommo-o\n|-boost|p2a: Kommo-o|atk|1\n|-boost|p2a: Kommo-o|spe|1\n|\n|-heal|p1a: Weezing|97\/100|[from] item: Black Sludge\n|upkeep\n|turn|19\n|\n|t:|1698012720\n|move|p2a: Kommo-o|Substitute|p2a: Kommo-o\n|-start|p2a: Kommo-o|Substitute\n|-damage|p2a: Kommo-o|75\/100\n|move|p1a: Weezing|Haze|p1a: Weezing\n|-clearallboost\n|\n|-heal|p2a: Kommo-o|82\/100|[from] item: Leftovers\n|-heal|p1a: Weezing|100\/100|[from] item: Black Sludge\n|upkeep\n|turn|20\n|\n|t:|1698012733\n|move|p2a: Kommo-o|Iron Head|p1a: Weezing\n|-damage|p1a: Weezing|83\/100\n|move|p1a: Weezing|Toxic Spikes|p2a: Kommo-o\n|-sidestart|p2: IUXkysersosa|move: Toxic Spikes\n|\n|-heal|p2a: Kommo-o|88\/100|[from] item: Leftovers\n|-heal|p1a: Weezing|89\/100|[from] item: Black Sludge\n|upkeep\n|turn|21\n|\n|t:|1698012744\n|switch|p2a: Mandibuzz|Mandibuzz, F|72\/100\n|move|p1a: Weezing|Toxic Spikes|p2a: Mandibuzz\n|-sidestart|p2: IUXkysersosa|move: Toxic Spikes\n|\n|-heal|p1a: Weezing|95\/100|[from] item: Black Sludge\n|upkeep\n|turn|22\n|\n|t:|1698012752\n|move|p2a: Mandibuzz|Defog|p1a: Weezing\n|-unboost|p1a: Weezing|evasion|1\n|-sideend|p2: IUXkysersosa|Toxic Spikes|[from] move: Defog|[of] p2a: Mandibuzz\n|move|p1a: Weezing|Thunderbolt|p2a: Mandibuzz\n|-supereffective|p2a: Mandibuzz\n|-damage|p2a: Mandibuzz|43\/100\n|\n|-heal|p1a: Weezing|100\/100|[from] item: Black Sludge\n|upkeep\n|turn|23\n|\n|t:|1698012766\n|switch|p1a: Iron Thorns|Iron Thorns|100\/100\n|-enditem|p1a: Iron Thorns|Booster Energy\n|-activate|p1a: Iron Thorns|ability: Quark Drive|[fromitem]\n|-start|p1a: Iron Thorns|quarkdriveatk\n|move|p2a: Mandibuzz|Roost|p2a: Mandibuzz\n|-heal|p2a: Mandibuzz|93\/100\n|-singleturn|p2a: Mandibuzz|move: Roost\n|\n|upkeep\n|turn|24\n|\n|t:|1698012785\n|switch|p2a: Magearna|Magearna|66\/100\n|move|p1a: Iron Thorns|Substitute|p1a: Iron Thorns\n|-start|p1a: Iron Thorns|Substitute\n|-damage|p1a: Iron Thorns|76\/100\n|\n|upkeep\n|turn|25\n|\n|t:|1698012804\n|move|p1a: Iron Thorns|Dragon Dance|p1a: Iron Thorns\n|-boost|p1a: Iron Thorns|atk|1\n|-boost|p1a: Iron Thorns|spe|1\n|move|p2a: Magearna|Shift Gear|p2a: Magearna\n|-boost|p2a: Magearna|spe|2\n|-boost|p2a: Magearna|atk|1\n|\n|upkeep\n|turn|26\n|\n|t:|1698012814\n|move|p2a: Magearna|Draining Kiss|p1a: Iron Thorns\n|-end|p1a: Iron Thorns|Substitute\n|-heal|p2a: Magearna|85\/100|[from] drain|[of] p1a: Iron Thorns\n|move|p1a: Iron Thorns|Dragon Dance|p1a: Iron Thorns\n|-boost|p1a: Iron Thorns|atk|1\n|-boost|p1a: Iron Thorns|spe|1\n|\n|upkeep\n|turn|27\n|\n|t:|1698012823\n|move|p1a: Iron Thorns|Earthquake|p2a: Magearna\n|-supereffective|p2a: Magearna\n|-damage|p2a: Magearna|0 fnt\n|faint|p2a: Magearna\n|\n|upkeep\n|\n|t:|1698012826\n|switch|p2a: Iron Leaves|Iron Leaves|100\/100\n|-enditem|p2a: Iron Leaves|Booster Energy\n|-activate|p2a: Iron Leaves|ability: Quark Drive|[fromitem]\n|-start|p2a: Iron Leaves|quarkdriveatk\n|turn|28\n|\n|t:|1698012838\n|-terastallize|p1a: Iron Thorns|Flying\n|move|p1a: Iron Thorns|Tera Blast|p2a: Iron Leaves|[anim] Tera Blast Flying\n|-supereffective|p2a: Iron Leaves\n|-crit|p2a: Iron Leaves\n|-damage|p2a: Iron Leaves|0 fnt\n|faint|p2a: Iron Leaves\n|-end|p2a: Iron Leaves|Quark Drive|[silent]\n|\n|upkeep\n|\n|t:|1698012851\n|switch|p2a: Kommo-o|Kommo-o, M, tera:Fairy|88\/100\n|turn|29\n|\n|t:|1698012856\n|move|p1a: Iron Thorns|Tera Blast|p2a: Kommo-o|[anim] Tera Blast Flying\n|-damage|p2a: Kommo-o|0 fnt\n|faint|p2a: Kommo-o\n|\n|upkeep\n|\n|t:|1698012860\n|switch|p2a: Mandibuzz|Mandibuzz, F|93\/100\n|turn|30\n|\n|t:|1698012868\n|move|p1a: Iron Thorns|Tera Blast|p2a: Mandibuzz|[anim] Tera Blast Flying\n|-damage|p2a: Mandibuzz|32\/100\n|move|p2a: Mandibuzz|Foul Play|p1a: Iron Thorns\n|-damage|p1a: Iron Thorns|0 fnt\n|faint|p1a: Iron Thorns\n|-end|p1a: Iron Thorns|Quark Drive|[silent]\n|\n|upkeep\n|\n|t:|1698012883\n|switch|p1a: Chi-Yu|Chi-Yu|100\/100\n|-ability|p1a: Chi-Yu|Beads of Ruin\n|turn|31\n|\n|t:|1698012893\n|move|p1a: Chi-Yu|Flamethrower|p2a: Mandibuzz\n|-crit|p2a: Mandibuzz\n|-damage|p2a: Mandibuzz|0 fnt\n|faint|p2a: Mandibuzz\n|\n|upkeep\n|\n|t:|1698012896\n|switch|p2a: Volcanion|Volcanion|100\/100\n|turn|32\n|\n|t:|1698012902\n|switch|p1a: Empoleon|Empoleon, M|49\/100\n|move|p2a: Volcanion|Steam Eruption|p1a: Empoleon\n|-resisted|p1a: Empoleon\n|-crit|p1a: Empoleon\n|-damage|p1a: Empoleon|22\/100\n|-status|p1a: Empoleon|brn\n|\n|-heal|p1a: Empoleon|28\/100 brn|[from] item: Leftovers\n|-damage|p1a: Empoleon|22\/100 brn|[from] brn\n|upkeep\n|turn|33\n|\n|t:|1698012915\n|move|p2a: Volcanion|Earth Power|p1a: Empoleon\n|-supereffective|p1a: Empoleon\n|-damage|p1a: Empoleon|0 fnt\n|faint|p1a: Empoleon\n|\n|upkeep\n|\n|t:|1698012933\n|switch|p1a: Chi-Yu|Chi-Yu|100\/100\n|-ability|p1a: Chi-Yu|Beads of Ruin\n|turn|34\n|\n|t:|1698012942\n|move|p1a: Chi-Yu|Dark Pulse|p2a: Volcanion\n|-damage|p2a: Volcanion|67\/100\n|move|p2a: Volcanion|Steam Eruption|p1a: Chi-Yu\n|-supereffective|p1a: Chi-Yu\n|-damage|p1a: Chi-Yu|0 fnt\n|faint|p1a: Chi-Yu\n|\n|upkeep\n|\n|t:|1698012952\n|switch|p1a: Enamorus|Enamorus, F|100\/100\n|turn|35\n|\n|t:|1698012964\n|move|p1a: Enamorus|Earth Power|p2a: Volcanion\n|-supereffective|p2a: Volcanion\n|-damage|p2a: Volcanion|40\/100\n|move|p2a: Volcanion|Flash Cannon|p1a: Enamorus\n|-supereffective|p1a: Enamorus\n|-damage|p1a: Enamorus|42\/100\n|\n|-heal|p1a: Enamorus|49\/100|[from] item: Leftovers\n|upkeep\n|turn|36\n|\n|t:|1698012975\n|move|p1a: Enamorus|Earth Power|p2a: Volcanion\n|-supereffective|p2a: Volcanion\n|-damage|p2a: Volcanion|16\/100\n|move|p2a: Volcanion|Flash Cannon|p1a: Enamorus\n|-supereffective|p1a: Enamorus\n|-damage|p1a: Enamorus|0 fnt\n|faint|p1a: Enamorus\n|\n|upkeep\n|\n|t:|1698012984\n|switch|p1a: Weezing|Weezing, F|100\/100\n|turn|37\n|\n|t:|1698012988\n|move|p2a: Volcanion|Steam Eruption|p1a: Weezing\n|-damage|p1a: Weezing|44\/100\n|move|p1a: Weezing|Thunderbolt|p2a: Volcanion\n|-supereffective|p2a: Volcanion\n|-damage|p2a: Volcanion|0 fnt\n|faint|p2a: Volcanion\n|\n|win|iboxedyou\n|c|\u2606IUXkysersosa|gg\n","uploadtime":1698012996,"views":31,"p1id":"iboxedyou","p2id":"iuxkysersosa","formatid":"gen9ubers","rating":0,"private":0,"password":""}