{"id":"gen9ubers-1999396573","p1":"Rei_darkness","p2":"Dragon Master Rosa","format":"[Gen 9] Ubers","log":"|j|\u2606Rei_darkness\n|j|\u2606Dragon Master Rosa\n|t:|1701073424\n|gametype|singles\n|player|p1|Rei_darkness|drayden|\n|player|p2|Dragon Master Rosa|dragontamer-gen9|\n|teamsize|p1|6\n|teamsize|p2|6\n|gen|9\n|tier|[Gen 9] Ubers\n|rule|Sleep Clause Mod: Limit one foe put to sleep\n|rule|Species Clause: Limit one of each Pok\u00e9mon\n|rule|OHKO Clause: OHKO moves are banned\n|rule|Evasion Items Clause: Evasion items are banned\n|rule|Evasion Moves Clause: Evasion moves are banned\n|rule|Endless Battle Clause: Forcing endless battles is banned\n|rule|HP Percentage Mod: HP is shown in percentages\n|clearpoke\n|poke|p1|Ribombee, F|\n|poke|p1|Iron Jugulis|\n|poke|p1|Weezing-Galar, F|\n|poke|p1|Medicham, M|\n|poke|p1|Slowking-Galar, F|\n|poke|p1|Palafin, F|\n|poke|p2|Infernape, M|\n|poke|p2|Landorus-Therian, M|\n|poke|p2|Palafin, M|\n|poke|p2|Slowking-Galar, M|\n|poke|p2|Toedscruel, M|\n|poke|p2|Empoleon, M|\n|teampreview\n|inactive|Battle timer is ON: inactive players will automatically lose when time's up. (requested by Rei_darkness)\n|\n|t:|1701073435\n|start\n|switch|p1a: Medicham|Medicham, M, shiny|100\/100\n|switch|p2a: Palafin|Palafin, M|100\/100\n|turn|1\n|\n|t:|1701073445\n|detailschange|p2a: Palafin|Palafin-Hero, M\n|switch|p2a: Landorus|Landorus-Therian, M|100\/100\n|-ability|p2a: Landorus|Intimidate|boost\n|-unboost|p1a: Medicham|atk|1\n|move|p1a: Medicham|Zen Headbutt|p2a: Landorus\n|-damage|p2a: Landorus|70\/100\n|\n|-heal|p2a: Landorus|76\/100|[from] item: Leftovers\n|upkeep\n|turn|2\n|\n|t:|1701073456\n|switch|p1a: Ribombee|Ribombee, F, shiny|100\/100\n|switch|p2a: Empoleon|Empoleon, M|100\/100\n|\n|upkeep\n|turn|3\n|\n|t:|1701073462\n|switch|p2a: Toedscruel|Toedscruel, M|100\/100\n|move|p1a: Ribombee|Stun Spore|p2a: Toedscruel\n|-immune|p2a: Toedscruel\n|\n|upkeep\n|turn|4\n|\n|t:|1701073465\n|move|p1a: Ribombee|U-turn|p2a: Toedscruel\n|-supereffective|p2a: Toedscruel\n|-damage|p2a: Toedscruel|41\/100\n|\n|t:|1701073474\n|switch|p1a: Palafin|Palafin, F|100\/100|[from] U-turn\n|move|p2a: Toedscruel|Leech Seed|p1a: Palafin\n|-start|p1a: Palafin|move: Leech Seed\n|\n|-heal|p2a: Toedscruel|47\/100|[from] item: Leftovers\n|-damage|p1a: Palafin|88\/100|[from] Leech Seed|[of] p2a: Toedscruel\n|-heal|p2a: Toedscruel|58\/100|[silent]\n|upkeep\n|turn|5\n|\n|t:|1701073480\n|switch|p2a: Empoleon|Empoleon, M|100\/100\n|move|p1a: Palafin|Surf|p2a: Empoleon\n|-resisted|p2a: Empoleon\n|-damage|p2a: Empoleon|81\/100\n|\n|-heal|p2a: Empoleon|88\/100|[from] item: Leftovers\n|-damage|p1a: Palafin|76\/100|[from] Leech Seed|[of] p2a: Empoleon\n|-heal|p2a: Empoleon|99\/100|[silent]\n|upkeep\n|turn|6\n|\n|t:|1701073484\n|detailschange|p1a: Palafin|Palafin-Hero, F\n|switch|p1a: Ribombee|Ribombee, F, shiny|100\/100\n|move|p2a: Empoleon|Stealth Rock|p1a: Ribombee\n|-sidestart|p1: Rei_darkness|move: Stealth Rock\n|\n|-heal|p2a: Empoleon|100\/100|[from] item: Leftovers\n|upkeep\n|turn|7\n|\n|t:|1701073489\n|move|p1a: Ribombee|Sticky Web|p2a: Empoleon\n|-sidestart|p2: Dragon Master Rosa|move: Sticky Web\n|move|p2a: Empoleon|Flip Turn|p1a: Ribombee\n|-damage|p1a: Ribombee|65\/100\n|\n|t:|1701073491\n|switch|p2a: Toedscruel|Toedscruel, M|58\/100|[from] Flip Turn\n|-activate|p2a: Toedscruel|move: Sticky Web\n|-unboost|p2a: Toedscruel|spe|1\n|\n|-heal|p2a: Toedscruel|64\/100|[from] item: Leftovers\n|upkeep\n|turn|8\n|\n|t:|1701073494\n|move|p1a: Ribombee|U-turn|p2a: Toedscruel\n|-supereffective|p2a: Toedscruel\n|-crit|p2a: Toedscruel\n|-damage|p2a: Toedscruel|0 fnt\n|faint|p2a: Toedscruel\n|c|\u2606Rei_darkness|unfort\n|\n|t:|1701073505\n|switch|p1a: Medicham|Medicham, M, shiny|100\/100|[from] U-turn\n|-damage|p1a: Medicham|94\/100|[from] Stealth Rock\n|\n|upkeep\n|\n|t:|1701073507\n|switch|p2a: Landorus|Landorus-Therian, M|76\/100\n|-ability|p2a: Landorus|Intimidate|boost\n|-unboost|p1a: Medicham|atk|1\n|turn|9\n|\n|t:|1701073514\n|switch|p2a: Empoleon|Empoleon, M|100\/100\n|-activate|p2a: Empoleon|move: Sticky Web\n|-unboost|p2a: Empoleon|spe|1\n|move|p1a: Medicham|Ice Punch|p2a: Empoleon\n|-resisted|p2a: Empoleon\n|-damage|p2a: Empoleon|97\/100\n|\n|-heal|p2a: Empoleon|100\/100|[from] item: Leftovers\n|upkeep\n|turn|10\n|\n|t:|1701073521\n|switch|p1a: Ribombee|Ribombee, F, shiny|65\/100\n|-damage|p1a: Ribombee|40\/100|[from] Stealth Rock\n|move|p2a: Empoleon|Flip Turn|p1a: Ribombee\n|-damage|p1a: Ribombee|3\/100\n|\n|t:|1701073528\n|switch|p2a: Slowking|Slowking-Galar, M|100\/100|[from] Flip Turn\n|\n|upkeep\n|turn|11\n|\n|t:|1701073532\n|move|p1a: Ribombee|Stun Spore|p2a: Slowking\n|-status|p2a: Slowking|par\n|move|p2a: Slowking|Toxic|p1a: Ribombee\n|-status|p1a: Ribombee|tox\n|\n|-damage|p1a: Ribombee|0 fnt|[from] psn\n|faint|p1a: Ribombee\n|upkeep\n|\n|t:|1701073544\n|switch|p1a: Medicham|Medicham, M, shiny|94\/100\n|-damage|p1a: Medicham|88\/100|[from] Stealth Rock\n|turn|12\n|\n|t:|1701073548\n|move|p1a: Medicham|Ice Punch|p2a: Slowking\n|-damage|p2a: Slowking|78\/100 par\n|cant|p2a: Slowking|par\n|\n|upkeep\n|turn|13\n|\n|t:|1701073559\n|switch|p1a: Weezing|Weezing-Galar, F|100\/100\n|move|p2a: Slowking|Chilly Reception|p2a: Slowking\n|-weather|Snow\n|\n|t:|1701073569\n|switch|p2a: Palafin|Palafin-Hero, M|100\/100|[from] Chilly Reception\n|-activate|p2a: Palafin|move: Sticky Web\n|-unboost|p2a: Palafin|spe|1\n|-activate|p2a: Palafin|ability: Zero to Hero\n|\n|-weather|Snow|[upkeep]\n|upkeep\n|turn|14\n|\n|t:|1701073574\n|-terastallize|p2a: Palafin|Normal\n|move|p2a: Palafin|Boomburst|p1a: Weezing\n|-damage|p1a: Weezing|0 fnt\n|faint|p1a: Weezing\n|\n|-weather|Snow|[upkeep]\n|upkeep\n|\n|t:|1701073582\n|switch|p1a: Medicham|Medicham, M, shiny|88\/100\n|-damage|p1a: Medicham|82\/100|[from] Stealth Rock\n|turn|15\n|\n|t:|1701073590\n|switch|p2a: Slowking|Slowking-Galar, M|100\/100 par\n|move|p1a: Medicham|Close Combat|p2a: Slowking\n|-resisted|p2a: Slowking\n|-damage|p2a: Slowking|88\/100 par\n|-unboost|p1a: Medicham|def|1\n|-unboost|p1a: Medicham|spd|1\n|\n|-weather|Snow|[upkeep]\n|upkeep\n|turn|16\n|\n|t:|1701073596\n|switch|p1a: Slowking|Slowking-Galar, F, shiny|100\/100\n|-damage|p1a: Slowking|88\/100|[from] Stealth Rock\n|cant|p2a: Slowking|par\n|\n|-weather|Snow|[upkeep]\n|upkeep\n|turn|17\n|\n|t:|1701073599\n|move|p1a: Slowking|Foul Play|p2a: Slowking\n|-supereffective|p2a: Slowking\n|-damage|p2a: Slowking|71\/100 par\n|move|p2a: Slowking|Chilly Reception|p2a: Slowking\n|\n|t:|1701073600\n|switch|p2a: Landorus|Landorus-Therian, M|76\/100|[from] Chilly Reception\n|-ability|p2a: Landorus|Intimidate|boost\n|-unboost|p1a: Slowking|atk|1\n|\n|-weather|none\n|-heal|p2a: Landorus|82\/100|[from] item: Leftovers\n|upkeep\n|turn|18\n|\n|t:|1701073607\n|move|p2a: Landorus|Substitute|p2a: Landorus\n|-start|p2a: Landorus|Substitute\n|-damage|p2a: Landorus|57\/100\n|move|p1a: Slowking|Chilly Reception|p1a: Slowking\n|-weather|Snow\n|\n|t:|1701073610\n|switch|p1a: Palafin|Palafin-Hero, F|76\/100|[from] Chilly Reception\n|-damage|p1a: Palafin|64\/100|[from] Stealth Rock\n|-activate|p1a: Palafin|ability: Zero to Hero\n|\n|-weather|Snow|[upkeep]\n|-heal|p2a: Landorus|63\/100|[from] item: Leftovers\n|upkeep\n|turn|19\n|\n|t:|1701073616\n|switch|p2a: Empoleon|Empoleon, M|100\/100\n|-activate|p2a: Empoleon|move: Sticky Web\n|-unboost|p2a: Empoleon|spe|1\n|move|p1a: Palafin|Boomburst|p2a: Empoleon\n|-resisted|p2a: Empoleon\n|-damage|p2a: Empoleon|69\/100\n|\n|-weather|Snow|[upkeep]\n|-heal|p2a: Empoleon|75\/100|[from] item: Leftovers\n|upkeep\n|turn|20\n|\n|t:|1701073621\n|move|p1a: Palafin|Boomburst|p2a: Empoleon\n|-resisted|p2a: Empoleon\n|-damage|p2a: Empoleon|45\/100\n|move|p2a: Empoleon|Knock Off|p1a: Palafin\n|-damage|p1a: Palafin|44\/100\n|-enditem|p1a: Palafin|Choice Specs|[from] move: Knock Off|[of] p2a: Empoleon\n|\n|-weather|Snow|[upkeep]\n|-heal|p2a: Empoleon|51\/100|[from] item: Leftovers\n|upkeep\n|turn|21\n|\n|t:|1701073629\n|switch|p1a: Iron Jugulis|Iron Jugulis, shiny|100\/100\n|-damage|p1a: Iron Jugulis|75\/100|[from] Stealth Rock\n|-enditem|p1a: Iron Jugulis|Booster Energy\n|-activate|p1a: Iron Jugulis|ability: Quark Drive|[fromitem]\n|-start|p1a: Iron Jugulis|quarkdrivespe\n|move|p2a: Empoleon|Knock Off|p1a: Iron Jugulis\n|-resisted|p1a: Iron Jugulis\n|-damage|p1a: Iron Jugulis|68\/100\n|\n|-weather|Snow|[upkeep]\n|-heal|p2a: Empoleon|57\/100|[from] item: Leftovers\n|upkeep\n|turn|22\n|\n|t:|1701073632\n|move|p1a: Iron Jugulis|Work Up|p1a: Iron Jugulis\n|-boost|p1a: Iron Jugulis|atk|1\n|-boost|p1a: Iron Jugulis|spa|1\n|move|p2a: Empoleon|Flip Turn|p1a: Iron Jugulis\n|-damage|p1a: Iron Jugulis|50\/100\n|\n|t:|1701073636\n|switch|p2a: Landorus|Landorus-Therian, M|63\/100|[from] Flip Turn\n|-ability|p2a: Landorus|Intimidate|boost\n|-unboost|p1a: Iron Jugulis|atk|1\n|\n|-weather|none\n|-heal|p2a: Landorus|69\/100|[from] item: Leftovers\n|upkeep\n|turn|23\n|\n|t:|1701073642\n|move|p1a: Iron Jugulis|Acrobatics|p2a: Landorus\n|-damage|p2a: Landorus|25\/100\n|move|p2a: Landorus|Tera Blast|p1a: Iron Jugulis\n|-damage|p1a: Iron Jugulis|18\/100\n|\n|-heal|p2a: Landorus|31\/100|[from] item: Leftovers\n|upkeep\n|turn|24\n|\n|t:|1701073648\n|move|p1a: Iron Jugulis|Acrobatics|p2a: Landorus\n|-damage|p2a: Landorus|0 fnt\n|faint|p2a: Landorus\n|\n|upkeep\n|\n|t:|1701073650\n|switch|p2a: Palafin|Palafin-Hero, M, tera:Normal|100\/100\n|-activate|p2a: Palafin|move: Sticky Web\n|-unboost|p2a: Palafin|spe|1\n|turn|25\n|\n|t:|1701073654\n|move|p1a: Iron Jugulis|Acrobatics|p2a: Palafin\n|-damage|p2a: Palafin|54\/100\n|move|p2a: Palafin|Boomburst|p1a: Iron Jugulis\n|-damage|p1a: Iron Jugulis|0 fnt\n|faint|p1a: Iron Jugulis\n|-end|p1a: Iron Jugulis|Quark Drive|[silent]\n|\n|upkeep\n|\n|t:|1701073657\n|switch|p1a: Medicham|Medicham, M, shiny|82\/100\n|-damage|p1a: Medicham|76\/100|[from] Stealth Rock\n|turn|26\n|\n|t:|1701073667\n|switch|p2a: Slowking|Slowking-Galar, M|100\/100 par\n|move|p1a: Medicham|Zen Headbutt|p2a: Slowking\n|-damage|p2a: Slowking|64\/100 par\n|\n|upkeep\n|turn|27\n|\n|t:|1701073678\n|switch|p2a: Empoleon|Empoleon, M|57\/100\n|-activate|p2a: Empoleon|move: Sticky Web\n|-unboost|p2a: Empoleon|spe|1\n|move|p1a: Medicham|Zen Headbutt|p2a: Empoleon\n|-resisted|p2a: Empoleon\n|-damage|p2a: Empoleon|41\/100\n|\n|-heal|p2a: Empoleon|47\/100|[from] item: Leftovers\n|upkeep\n|turn|28\n|\n|t:|1701073685\n|switch|p1a: Slowking|Slowking-Galar, F, shiny|100\/100\n|-damage|p1a: Slowking|88\/100|[from] Stealth Rock\n|move|p2a: Empoleon|Roost|p2a: Empoleon\n|-heal|p2a: Empoleon|97\/100\n|-singleturn|p2a: Empoleon|move: Roost\n|\n|-heal|p2a: Empoleon|100\/100|[from] item: Leftovers\n|upkeep\n|turn|29\n|\n|t:|1701073690\n|move|p2a: Empoleon|Knock Off|p1a: Slowking\n|-supereffective|p1a: Slowking\n|-damage|p1a: Slowking|62\/100\n|move|p1a: Slowking|Foul Play|p2a: Empoleon\n|-damage|p2a: Empoleon|86\/100\n|\n|-heal|p2a: Empoleon|92\/100|[from] item: Leftovers\n|upkeep\n|turn|30\n|\n|t:|1701073698\n|move|p2a: Empoleon|Knock Off|p1a: Slowking\n|-supereffective|p1a: Slowking\n|-damage|p1a: Slowking|36\/100\n|move|p1a: Slowking|Chilly Reception|p1a: Slowking\n|-weather|Snow\n|\n|t:|1701073702\n|switch|p1a: Medicham|Medicham, M, shiny|76\/100|[from] Chilly Reception\n|-damage|p1a: Medicham|70\/100|[from] Stealth Rock\n|\n|-weather|Snow|[upkeep]\n|-heal|p2a: Empoleon|98\/100|[from] item: Leftovers\n|upkeep\n|turn|31\n|\n|t:|1701073709\n|switch|p2a: Slowking|Slowking-Galar, M|97\/100 par\n|move|p1a: Medicham|Zen Headbutt|p2a: Slowking\n|-damage|p2a: Slowking|61\/100 par\n|\n|-weather|Snow|[upkeep]\n|upkeep\n|turn|32\n|\n|t:|1701073717\n|switch|p1a: Palafin|Palafin-Hero, F|44\/100\n|-damage|p1a: Palafin|32\/100|[from] Stealth Rock\n|move|p2a: Slowking|Chilly Reception|p2a: Slowking\n|\n|t:|1701073727\n|switch|p2a: Infernape|Infernape, M|100\/100|[from] Chilly Reception\n|-activate|p2a: Infernape|move: Sticky Web\n|-unboost|p2a: Infernape|spe|1\n|\n|-weather|Snow|[upkeep]\n|upkeep\n|turn|33\n|\n|t:|1701073751\n|move|p2a: Infernape|Thunder Punch|p1a: Palafin\n|-supereffective|p1a: Palafin\n|-damage|p1a: Palafin|0 fnt\n|faint|p1a: Palafin\n|\n|-weather|Snow|[upkeep]\n|upkeep\n|\n|t:|1701073757\n|switch|p1a: Medicham|Medicham, M, shiny|70\/100\n|-damage|p1a: Medicham|64\/100|[from] Stealth Rock\n|turn|34\n|\n|t:|1701073765\n|-terastallize|p1a: Medicham|Fighting\n|move|p1a: Medicham|Close Combat|p2a: Infernape\n|-damage|p2a: Infernape|0 fnt\n|-unboost|p1a: Medicham|def|1\n|-unboost|p1a: Medicham|spd|1\n|faint|p2a: Infernape\n|\n|-weather|none\n|upkeep\n|\n|t:|1701073769\n|switch|p2a: Slowking|Slowking-Galar, M|94\/100 par\n|turn|35\n|\n|t:|1701073772\n|switch|p1a: Slowking|Slowking-Galar, F, shiny|70\/100\n|-damage|p1a: Slowking|57\/100|[from] Stealth Rock\n|move|p2a: Slowking|Toxic|p1a: Slowking\n|-immune|p1a: Slowking\n|\n|upkeep\n|turn|36\n|\n|t:|1701073775\n|move|p1a: Slowking|Slack Off|p1a: Slowking\n|-heal|p1a: Slowking|100\/100\n|move|p2a: Slowking|Chilly Reception|p2a: Slowking\n|-weather|Snow\n|\n|t:|1701073778\n|switch|p2a: Empoleon|Empoleon, M|98\/100|[from] Chilly Reception\n|-activate|p2a: Empoleon|move: Sticky Web\n|-unboost|p2a: Empoleon|spe|1\n|\n|-weather|Snow|[upkeep]\n|-heal|p2a: Empoleon|100\/100|[from] item: Leftovers\n|upkeep\n|turn|37\n|\n|t:|1701073782\n|move|p2a: Empoleon|Knock Off|p1a: Slowking\n|-supereffective|p1a: Slowking\n|-damage|p1a: Slowking|71\/100\n|move|p1a: Slowking|Foul Play|p2a: Empoleon\n|-damage|p2a: Empoleon|86\/100\n|\n|-weather|Snow|[upkeep]\n|-heal|p2a: Empoleon|92\/100|[from] item: Leftovers\n|upkeep\n|turn|38\n|\n|t:|1701073796\n|move|p2a: Empoleon|Knock Off|p1a: Slowking\n|-supereffective|p1a: Slowking\n|-damage|p1a: Slowking|44\/100\n|move|p1a: Slowking|Chilly Reception|p1a: Slowking\n|\n|t:|1701073800\n|switch|p1a: Medicham|Medicham, M, shiny, tera:Fighting|64\/100|[from] Chilly Reception\n|-damage|p1a: Medicham|58\/100|[from] Stealth Rock\n|\n|-weather|Snow|[upkeep]\n|-heal|p2a: Empoleon|99\/100|[from] item: Leftovers\n|upkeep\n|turn|39\n|\n|t:|1701073806\n|switch|p2a: Slowking|Slowking-Galar, M|100\/100 par\n|move|p1a: Medicham|Close Combat|p2a: Slowking\n|-resisted|p2a: Slowking\n|-crit|p2a: Slowking\n|-damage|p2a: Slowking|71\/100 par\n|-unboost|p1a: Medicham|def|1\n|-unboost|p1a: Medicham|spd|1\n|\n|-weather|Snow|[upkeep]\n|upkeep\n|turn|40\n|\n|t:|1701073814\n|switch|p1a: Slowking|Slowking-Galar, F, shiny|78\/100\n|-damage|p1a: Slowking|65\/100|[from] Stealth Rock\n|move|p2a: Slowking|Foul Play|p1a: Slowking\n|-supereffective|p1a: Slowking\n|-damage|p1a: Slowking|41\/100\n|\n|-weather|none\n|upkeep\n|turn|41\n|\n|t:|1701073820\n|move|p1a: Slowking|Slack Off|p1a: Slowking\n|-heal|p1a: Slowking|91\/100\n|move|p2a: Slowking|Foul Play|p1a: Slowking\n|-supereffective|p1a: Slowking\n|-damage|p1a: Slowking|68\/100\n|\n|upkeep\n|turn|42\n|\n|t:|1701073822\n|move|p1a: Slowking|Foul Play|p2a: Slowking\n|-supereffective|p2a: Slowking\n|-crit|p2a: Slowking\n|-damage|p2a: Slowking|42\/100 par\n|move|p2a: Slowking|Foul Play|p1a: Slowking\n|-supereffective|p1a: Slowking\n|-damage|p1a: Slowking|43\/100\n|\n|upkeep\n|turn|43\n|\n|t:|1701073826\n|move|p1a: Slowking|Foul Play|p2a: Slowking\n|-supereffective|p2a: Slowking\n|-damage|p2a: Slowking|26\/100 par\n|move|p2a: Slowking|Chilly Reception|p2a: Slowking\n|-weather|Snow\n|\n|t:|1701073829\n|switch|p2a: Empoleon|Empoleon, M|99\/100|[from] Chilly Reception\n|-activate|p2a: Empoleon|move: Sticky Web\n|-unboost|p2a: Empoleon|spe|1\n|\n|-weather|Snow|[upkeep]\n|-heal|p2a: Empoleon|100\/100|[from] item: Leftovers\n|upkeep\n|turn|44\n|\n|t:|1701073831\n|move|p2a: Empoleon|Flip Turn|p1a: Slowking\n|-damage|p1a: Slowking|24\/100\n|\n|t:|1701073833\n|switch|p2a: Slowking|Slowking-Galar, M|59\/100 par|[from] Flip Turn\n|move|p1a: Slowking|Chilly Reception|p1a: Slowking\n|\n|t:|1701073835\n|switch|p1a: Medicham|Medicham, M, shiny, tera:Fighting|58\/100|[from] Chilly Reception\n|-damage|p1a: Medicham|51\/100|[from] Stealth Rock\n|\n|-weather|Snow|[upkeep]\n|upkeep\n|turn|45\n|\n|t:|1701073839\n|move|p1a: Medicham|Close Combat|p2a: Slowking\n|-resisted|p2a: Slowking\n|-damage|p2a: Slowking|41\/100 par\n|-unboost|p1a: Medicham|def|1\n|-unboost|p1a: Medicham|spd|1\n|move|p2a: Slowking|Toxic|p1a: Medicham\n|-status|p1a: Medicham|tox\n|\n|-weather|Snow|[upkeep]\n|-damage|p1a: Medicham|45\/100 tox|[from] psn\n|upkeep\n|turn|46\n|\n|t:|1701073843\n|move|p1a: Medicham|Close Combat|p2a: Slowking\n|-resisted|p2a: Slowking\n|-damage|p2a: Slowking|21\/100 par\n|-unboost|p1a: Medicham|def|1\n|-unboost|p1a: Medicham|spd|1\n|move|p2a: Slowking|Slack Off|p2a: Slowking\n|-heal|p2a: Slowking|71\/100 par\n|\n|-weather|Snow|[upkeep]\n|-damage|p1a: Medicham|33\/100 tox|[from] psn\n|upkeep\n|turn|47\n|-message|Rei_darkness forfeited.\n|\n|win|Dragon Master Rosa\n","uploadtime":1701073852,"views":17,"p1id":"reidarkness","p2id":"dragonmasterrosa","formatid":"gen9ubers","rating":0,"private":0,"password":""}