{"id":"gen9ubers-1984528654","p1":"Thefallenpea","p2":"ZachPlay","format":"[Gen 9] Ubers","log":"|j|\u2606Thefallenpea\n|j|\u2606ZachPlay\n|t:|1699276524\n|gametype|singles\n|player|p1|Thefallenpea|hilbert-wonderlauncher|\n|player|p2|ZachPlay|265|\n|teamsize|p1|6\n|teamsize|p2|6\n|gen|9\n|tier|[Gen 9] Ubers\n|rule|Sleep Clause Mod: Limit one foe put to sleep\n|rule|Species Clause: Limit one of each Pok\u00e9mon\n|rule|OHKO Clause: OHKO moves are banned\n|rule|Evasion Items Clause: Evasion items are banned\n|rule|Evasion Moves Clause: Evasion moves are banned\n|rule|Endless Battle Clause: Forcing endless battles is banned\n|rule|HP Percentage Mod: HP is shown in percentages\n|clearpoke\n|poke|p1|Magearna|\n|poke|p1|Urshifu-*, F|\n|poke|p1|Heatran, M|\n|poke|p1|Clefable, F|\n|poke|p1|Garchomp, F|\n|poke|p1|Shaymin-Sky|\n|poke|p2|Palkia-Origin|\n|poke|p2|Zacian-*|\n|poke|p2|Cinderace, M|\n|poke|p2|Ursaluna-Bloodmoon, M|\n|poke|p2|Baxcalibur, M|\n|poke|p2|Arceus-Ghost|\n|teampreview\n|inactive|Battle timer is ON: inactive players will automatically lose when time's up. (requested by Thefallenpea)\n|\n|t:|1699276554\n|start\n|switch|p1a: Clefable|Clefable, F|100\/100\n|switch|p2a: Baxcalibur|Baxcalibur, M|100\/100\n|turn|1\n|\n|t:|1699276566\n|switch|p2a: Cinderace|Cinderace, M|100\/100\n|move|p1a: Clefable|Thunder Wave|p2a: Cinderace\n|-status|p2a: Cinderace|par\n|\n|upkeep\n|turn|2\n|\n|t:|1699276595\n|switch|p1a: Urshifu|Urshifu-Rapid-Strike, F|100\/100\n|move|p2a: Cinderace|U-turn|p1a: Urshifu\n|-start|p2a: Cinderace|typechange|Bug|[from] ability: Libero\n|-resisted|p1a: Urshifu\n|-damage|p1a: Urshifu|85\/100\n|inactive|ZachPlay has 270 seconds left.\n|\n|t:|1699276613\n|switch|p2a: Zacian|Zacian|100\/100|[from] U-turn\n|-ability|p2a: Zacian|Intrepid Sword|boost\n|-boost|p2a: Zacian|atk|1\n|\n|upkeep\n|turn|3\n|inactive|ZachPlay has 270 seconds left.\n|inactive|Thefallenpea has 270 seconds left.\n|\n|t:|1699276649\n|switch|p1a: Magearna|Magearna|100\/100\n|move|p2a: Zacian|Play Rough|p1a: Magearna\n|-resisted|p1a: Magearna\n|-damage|p1a: Magearna|78\/100\n|\n|upkeep\n|turn|4\n|inactive|ZachPlay has 270 seconds left.\n|\n|t:|1699276665\n|move|p2a: Zacian|Swords Dance|p2a: Zacian\n|-boost|p2a: Zacian|atk|2\n|move|p1a: Magearna|Shift Gear|p1a: Magearna\n|-boost|p1a: Magearna|spe|2\n|-boost|p1a: Magearna|atk|1\n|\n|upkeep\n|turn|5\n|inactive|Thefallenpea has 270 seconds left.\n|inactive|ZachPlay has 270 seconds left.\n|\n|t:|1699276676\n|-terastallize|p2a: Zacian|Ground\n|move|p2a: Zacian|Tera Blast|p1a: Magearna|[anim] Tera Blast Ground\n|-supereffective|p1a: Magearna\n|-damage|p1a: Magearna|0 fnt\n|faint|p1a: Magearna\n|\n|upkeep\n|\n|t:|1699276689\n|switch|p1a: Clefable|Clefable, F|100\/100\n|turn|6\n|\n|t:|1699276694\n|move|p2a: Zacian|Iron Head|p1a: Clefable\n|-supereffective|p1a: Clefable\n|-damage|p1a: Clefable|0 fnt\n|faint|p1a: Clefable\n|\n|upkeep\n|\n|t:|1699276703\n|switch|p1a: Heatran|Heatran, M|100\/100\n|-item|p1a: Heatran|Air Balloon\n|turn|7\n|inactive|Thefallenpea has 270 seconds left.\n|\n|t:|1699276710\n|move|p2a: Zacian|Iron Head|p1a: Heatran\n|-resisted|p1a: Heatran\n|-damage|p1a: Heatran|88\/100\n|-enditem|p1a: Heatran|Air Balloon\n|move|p1a: Heatran|Fire Blast|p2a: Zacian\n|-damage|p2a: Zacian|42\/100\n|\n|-heal|p2a: Zacian|48\/100|[from] item: Leftovers\n|upkeep\n|turn|8\n|inactive|Thefallenpea has 270 seconds left.\n|\n|t:|1699276745\n|-terastallize|p1a: Heatran|Grass\n|move|p2a: Zacian|Tera Blast|p1a: Heatran|[anim] Tera Blast Ground\n|-resisted|p1a: Heatran\n|-damage|p1a: Heatran|47\/100\n|move|p1a: Heatran|Fire Blast|p2a: Zacian\n|-damage|p2a: Zacian|0 fnt\n|faint|p2a: Zacian\n|\n|upkeep\n|inactive|ZachPlay has 270 seconds left.\n|\n|t:|1699276765\n|switch|p2a: Arceus|Arceus-Ghost|100\/100\n|turn|9\n|inactive|Thefallenpea has 270 seconds left.\n|\n|t:|1699276774\n|switch|p1a: Garchomp|Garchomp, F|100\/100\n|move|p2a: Arceus|Swords Dance|p2a: Arceus\n|-boost|p2a: Arceus|atk|2\n|\n|upkeep\n|turn|10\n|inactive|Thefallenpea has 270 seconds left.\n|\n|t:|1699276785\n|move|p1a: Garchomp|Swords Dance|p1a: Garchomp\n|-boost|p1a: Garchomp|atk|2\n|move|p2a: Arceus|Shadow Claw|p1a: Garchomp\n|-damage|p1a: Garchomp|10\/100\n|-damage|p2a: Arceus|88\/100|[from] ability: Rough Skin|[of] p1a: Garchomp\n|\n|upkeep\n|turn|11\n|\n|t:|1699276793\n|move|p2a: Arceus|Extreme Speed|p1a: Garchomp\n|-damage|p1a: Garchomp|0 fnt\n|-damage|p2a: Arceus|76\/100|[from] ability: Rough Skin|[of] p1a: Garchomp\n|faint|p1a: Garchomp\n|\n|upkeep\n|inactive|Thefallenpea has 270 seconds left.\n|\n|t:|1699276818\n|switch|p1a: Urshifu|Urshifu-Rapid-Strike, F|85\/100\n|turn|12\n|\n|t:|1699276823\n|move|p2a: Arceus|Extreme Speed|p1a: Urshifu\n|-damage|p1a: Urshifu|25\/100\n|move|p1a: Urshifu|Surging Strikes|p2a: Arceus\n|-crit|p2a: Arceus\n|-damage|p2a: Arceus|55\/100\n|-crit|p2a: Arceus\n|-damage|p2a: Arceus|33\/100\n|-crit|p2a: Arceus\n|-damage|p2a: Arceus|8\/100\n|-hitcount|p2a: Arceus|3\n|\n|upkeep\n|turn|13\n|inactive|Thefallenpea has 270 seconds left.\n|\n|t:|1699276854\n|move|p2a: Arceus|Extreme Speed|p1a: Urshifu\n|-damage|p1a: Urshifu|0 fnt\n|faint|p1a: Urshifu\n|\n|upkeep\n|\n|t:|1699276865\n|switch|p1a: Shaymin|Shaymin-Sky|100\/100\n|turn|14\n|\n|t:|1699276871\n|move|p2a: Arceus|Extreme Speed|p1a: Shaymin\n|-damage|p1a: Shaymin|41\/100\n|move|p1a: Shaymin|Substitute|p1a: Shaymin\n|-start|p1a: Shaymin|Substitute\n|-damage|p1a: Shaymin|16\/100\n|\n|-heal|p1a: Shaymin|22\/100|[from] item: Leftovers\n|upkeep\n|turn|15\n|\n|t:|1699276878\n|move|p2a: Arceus|Extreme Speed|p1a: Shaymin\n|-end|p1a: Shaymin|Substitute\n|move|p1a: Shaymin|Air Slash|p2a: Arceus\n|-damage|p2a: Arceus|0 fnt\n|faint|p2a: Arceus\n|\n|-heal|p1a: Shaymin|28\/100|[from] item: Leftovers\n|upkeep\n|\n|t:|1699276891\n|switch|p2a: Baxcalibur|Baxcalibur, M|100\/100\n|turn|16\n|inactive|Thefallenpea has 270 seconds left.\n|\n|t:|1699276898\n|move|p1a: Shaymin|Substitute|p1a: Shaymin\n|-start|p1a: Shaymin|Substitute\n|-damage|p1a: Shaymin|3\/100\n|move|p2a: Baxcalibur|Icicle Spear|p1a: Shaymin\n|-supereffective|p1a: Shaymin\n|-end|p1a: Shaymin|Substitute\n|-supereffective|p1a: Shaymin\n|-damage|p1a: Shaymin|0 fnt\n|faint|p1a: Shaymin\n|-hitcount|p1: Shaymin|2\n|\n|upkeep\n|inactive|Thefallenpea has 270 seconds left.\n|\n|t:|1699276907\n|switch|p1a: Heatran|Heatran, M, tera:Grass|47\/100\n|turn|17\n|\n|t:|1699276912\n|move|p2a: Baxcalibur|Icicle Spear|p1a: Heatran\n|-supereffective|p1a: Heatran\n|-damage|p1a: Heatran|21\/100\n|-supereffective|p1a: Heatran\n|-crit|p1a: Heatran\n|-damage|p1a: Heatran|0 fnt\n|faint|p1a: Heatran\n|-hitcount|p1: Heatran|2\n|\n|win|ZachPlay\n|c|\u2606Thefallenpea|gg\n|c|\u2606ZachPlay|Gg\n|c|\u2606ZachPlay|Second round\n","uploadtime":1699276929,"views":15,"p1id":"thefallenpea","p2id":"zachplay","formatid":"gen9ubers","rating":0,"private":0,"password":""}