{"id":"gen9ubers-1968224310","p1":"MrGregger2000","p2":"Oomaester1234","format":"[Gen 9] Ubers","log":"|j|\u2606MrGregger2000\n|j|\u2606Oomaester1234\n|t:|1697396526\n|gametype|singles\n|player|p1|MrGregger2000|ballguy|\n|player|p2|Oomaester1234|teamrocket|\n|teamsize|p1|6\n|teamsize|p2|6\n|gen|9\n|tier|[Gen 9] Ubers\n|rule|Sleep Clause Mod: Limit one foe put to sleep\n|rule|Species Clause: Limit one of each Pok\u00e9mon\n|rule|OHKO Clause: OHKO moves are banned\n|rule|Evasion Items Clause: Evasion items are banned\n|rule|Evasion Moves Clause: Evasion moves are banned\n|rule|Endless Battle Clause: Forcing endless battles is banned\n|rule|HP Percentage Mod: HP is shown in percentages\n|clearpoke\n|poke|p1|Samurott-Hisui, F|\n|poke|p1|Gholdengo|\n|poke|p1|Ursaluna-Bloodmoon, M|\n|poke|p1|Zacian-*|\n|poke|p1|Shaymin-Sky|\n|poke|p1|Slowking-Galar, F|\n|poke|p2|Landorus, M|\n|poke|p2|Kommo-o, F|\n|poke|p2|Orthworm, F|\n|poke|p2|Weezing-Galar, F|\n|poke|p2|Palafin, M|\n|poke|p2|Shaymin-Sky|\n|teampreview\n|inactive|Battle timer is ON: inactive players will automatically lose when time's up. (requested by Oomaester1234)\n|\n|t:|1697396564\n|start\n|switch|p1a: Shaymin|Shaymin-Sky|100\/100\n|switch|p2a: Orthworm|Orthworm, F|100\/100\n|turn|1\n|\n|t:|1697396570\n|move|p1a: Shaymin|Air Slash|p2a: Orthworm\n|-resisted|p2a: Orthworm\n|-damage|p2a: Orthworm|70\/100\n|move|p2a: Orthworm|Stealth Rock|p1a: Shaymin\n|-sidestart|p1: MrGregger2000|move: Stealth Rock\n|\n|upkeep\n|turn|2\n|\n|t:|1697396573\n|move|p1a: Shaymin|Air Slash|p2a: Orthworm\n|-resisted|p2a: Orthworm\n|-damage|p2a: Orthworm|40\/100\n|-enditem|p2a: Orthworm|Sitrus Berry|[eat]\n|-heal|p2a: Orthworm|65\/100|[from] item: Sitrus Berry\n|move|p2a: Orthworm|Shed Tail|p2a: Orthworm\n|-start|p2a: Orthworm|Substitute|[from] move: Shed Tail\n|-damage|p2a: Orthworm|14\/100\n|\n|t:|1697396598\n|switch|p2a: Kommo-o|Kommo-o, F|100\/100|[from] Shed Tail\n|\n|upkeep\n|turn|3\n|\n|t:|1697396608\n|move|p1a: Shaymin|Air Slash|p2a: Kommo-o\n|-supereffective|p2a: Kommo-o\n|-end|p2a: Kommo-o|Substitute\n|move|p2a: Kommo-o|Clangorous Soul|p2a: Kommo-o\n|-boost|p2a: Kommo-o|atk|1\n|-boost|p2a: Kommo-o|def|1\n|-boost|p2a: Kommo-o|spa|1\n|-boost|p2a: Kommo-o|spd|1\n|-boost|p2a: Kommo-o|spe|1\n|-damage|p2a: Kommo-o|68\/100\n|-enditem|p2a: Kommo-o|Throat Spray\n|-boost|p2a: Kommo-o|spa|1|[from] item: Throat Spray\n|\n|upkeep\n|turn|4\n|\n|t:|1697396614\n|-terastallize|p1a: Shaymin|Steel\n|move|p1a: Shaymin|Air Slash|p2a: Kommo-o\n|-supereffective|p2a: Kommo-o\n|-damage|p2a: Kommo-o|10\/100\n|move|p2a: Kommo-o|Flamethrower|p1a: Shaymin\n|-supereffective|p1a: Shaymin\n|-damage|p1a: Shaymin|0 fnt\n|faint|p1a: Shaymin\n|\n|upkeep\n|\n|t:|1697396629\n|switch|p1a: Slowking|Slowking-Galar, F|100\/100\n|-damage|p1a: Slowking|88\/100|[from] Stealth Rock\n|turn|5\n|\n|t:|1697396634\n|move|p2a: Kommo-o|Clanging Scales|p1a: Slowking\n|-damage|p1a: Slowking|38\/100\n|-unboost|p2a: Kommo-o|def|1\n|move|p1a: Slowking|Ice Beam|p2a: Kommo-o\n|-supereffective|p2a: Kommo-o\n|-damage|p2a: Kommo-o|0 fnt\n|faint|p2a: Kommo-o\n|\n|upkeep\n|\n|t:|1697396650\n|switch|p2a: Landorus|Landorus, M|100\/100\n|turn|6\n|\n|t:|1697396654\n|switch|p1a: Samurott|Samurott-Hisui, F|100\/100\n|-damage|p1a: Samurott|88\/100|[from] Stealth Rock\n|move|p2a: Landorus|Earth Power|p1a: Samurott\n|-damage|p1a: Samurott|0 fnt\n|faint|p1a: Samurott\n|\n|upkeep\n|\n|t:|1697396657\n|switch|p1a: Gholdengo|Gholdengo|100\/100\n|-damage|p1a: Gholdengo|94\/100|[from] Stealth Rock\n|-item|p1a: Gholdengo|Air Balloon\n|turn|7\n|\n|t:|1697396665\n|switch|p2a: Orthworm|Orthworm, F|14\/100\n|move|p1a: Gholdengo|Shadow Ball|p2a: Orthworm\n|-damage|p2a: Orthworm|0 fnt\n|faint|p2a: Orthworm\n|\n|upkeep\n|\n|t:|1697396667\n|switch|p2a: Palafin|Palafin, M|100\/100\n|turn|8\n|\n|t:|1697396675\n|move|p2a: Palafin|Jet Punch|p1a: Gholdengo\n|-damage|p1a: Gholdengo|74\/100\n|-enditem|p1a: Gholdengo|Air Balloon\n|move|p1a: Gholdengo|Make It Rain|p2a: Palafin\n|-resisted|p2a: Palafin\n|-damage|p2a: Palafin|59\/100\n|-unboost|p1a: Gholdengo|spa|1\n|\n|-heal|p2a: Palafin|65\/100|[from] item: Leftovers\n|upkeep\n|turn|9\n|\n|t:|1697396685\n|detailschange|p2a: Palafin|Palafin-Hero, M\n|switch|p2a: Landorus|Landorus, M|100\/100\n|move|p1a: Gholdengo|Make It Rain|p2a: Landorus\n|-damage|p2a: Landorus|49\/100\n|-unboost|p1a: Gholdengo|spa|1\n|\n|upkeep\n|turn|10\n|\n|t:|1697396691\n|switch|p1a: Ursaluna|Ursaluna-Bloodmoon, M|100\/100\n|-damage|p1a: Ursaluna|94\/100|[from] Stealth Rock\n|move|p2a: Landorus|Earth Power|p1a: Ursaluna\n|-crit|p1a: Ursaluna\n|-damage|p1a: Ursaluna|0 fnt\n|faint|p1a: Ursaluna\n|\n|upkeep\n|\n|t:|1697396697\n|switch|p1a: Zacian|Zacian|100\/100\n|-ability|p1a: Zacian|Intrepid Sword|boost\n|-boost|p1a: Zacian|atk|1\n|turn|11\n|\n|t:|1697396701\n|move|p1a: Zacian|Play Rough|p2a: Landorus\n|-damage|p2a: Landorus|0 fnt\n|faint|p2a: Landorus\n|\n|upkeep\n|\n|t:|1697396712\n|switch|p2a: Weezing|Weezing-Galar, F|100\/100\n|-ability|p2a: Weezing|Neutralizing Gas\n|turn|12\n|\n|t:|1697396719\n|switch|p1a: Slowking|Slowking-Galar, F|71\/100\n|-damage|p1a: Slowking|59\/100|[from] Stealth Rock\n|move|p2a: Weezing|Will-O-Wisp|p1a: Slowking|[miss]\n|-miss|p2a: Weezing|p1a: Slowking\n|\n|upkeep\n|turn|13\n|\n|t:|1697396724\n|move|p2a: Weezing|Taunt|p1a: Slowking\n|-start|p1a: Slowking|move: Taunt\n|move|p1a: Slowking|Future Sight|p2a: Weezing\n|-start|p1a: Slowking|move: Future Sight\n|\n|upkeep\n|turn|14\n|\n|t:|1697396730\n|-end|p2a: Weezing|ability: Neutralizing Gas\n|switch|p2a: Palafin|Palafin-Hero, M|65\/100\n|-activate|p2a: Palafin|ability: Zero to Hero\n|move|p1a: Slowking|Sludge Bomb|p2a: Palafin\n|-damage|p2a: Palafin|13\/100\n|\n|-heal|p2a: Palafin|19\/100|[from] item: Leftovers\n|upkeep\n|turn|15\n|\n|t:|1697396744\n|switch|p1a: Gholdengo|Gholdengo|74\/100\n|-damage|p1a: Gholdengo|68\/100|[from] Stealth Rock\n|move|p2a: Palafin|Jet Punch|p1a: Gholdengo\n|-damage|p1a: Gholdengo|34\/100\n|\n|-end|p2a: Palafin|move: Future Sight\n|-damage|p2a: Palafin|0 fnt\n|faint|p2a: Palafin\n|upkeep\n|c|\u2606MrGregger2000|gg\n|\n|t:|1697396757\n|switch|p2a: Shaymin|Shaymin-Sky|100\/100\n|turn|16\n|\n|t:|1697396765\n|move|p2a: Shaymin|Air Slash|p1a: Gholdengo\n|-resisted|p1a: Gholdengo\n|-damage|p1a: Gholdengo|22\/100\n|move|p1a: Gholdengo|Make It Rain|p2a: Shaymin\n|-crit|p2a: Shaymin\n|-damage|p2a: Shaymin|2\/100\n|-unboost|p1a: Gholdengo|spa|1\n|\n|-heal|p2a: Shaymin|8\/100|[from] item: Leftovers\n|upkeep\n|turn|17\n|\n|t:|1697396770\n|switch|p1a: Slowking|Slowking-Galar, F|92\/100\n|-damage|p1a: Slowking|79\/100|[from] Stealth Rock\n|move|p2a: Shaymin|Seed Flare|p1a: Slowking\n|-resisted|p1a: Slowking\n|-damage|p1a: Slowking|66\/100\n|-unboost|p1a: Slowking|spd|2\n|\n|-heal|p2a: Shaymin|14\/100|[from] item: Leftovers\n|upkeep\n|turn|18\n|\n|t:|1697396779\n|switch|p1a: Gholdengo|Gholdengo|22\/100\n|-damage|p1a: Gholdengo|16\/100|[from] Stealth Rock\n|move|p2a: Shaymin|Leech Seed|p1a: Gholdengo\n|-immune|p1a: Gholdengo|[from] ability: Good as Gold\n|\n|-heal|p2a: Shaymin|20\/100|[from] item: Leftovers\n|upkeep\n|turn|19\n|\n|t:|1697396790\n|move|p2a: Shaymin|Protect|p2a: Shaymin\n|-singleturn|p2a: Shaymin|Protect\n|move|p1a: Gholdengo|Make It Rain|p2a: Shaymin\n|-activate|p2a: Shaymin|move: Protect\n|\n|-heal|p2a: Shaymin|26\/100|[from] item: Leftovers\n|upkeep\n|turn|20\n|\n|t:|1697396798\n|move|p2a: Shaymin|Air Slash|p1a: Gholdengo\n|-resisted|p1a: Gholdengo\n|-damage|p1a: Gholdengo|5\/100\n|cant|p1a: Gholdengo|flinch\n|\n|-heal|p2a: Shaymin|32\/100|[from] item: Leftovers\n|upkeep\n|turn|21\n|\n|t:|1697396804\n|move|p2a: Shaymin|Air Slash|p1a: Gholdengo\n|-resisted|p1a: Gholdengo\n|-damage|p1a: Gholdengo|0 fnt\n|faint|p1a: Gholdengo\n|\n|-heal|p2a: Shaymin|38\/100|[from] item: Leftovers\n|upkeep\n|\n|t:|1697396806\n|switch|p1a: Zacian|Zacian|100\/100\n|turn|22\n|\n|t:|1697396809\n|move|p2a: Shaymin|Protect|p2a: Shaymin\n|-singleturn|p2a: Shaymin|Protect\n|move|p1a: Zacian|Play Rough|p2a: Shaymin\n|-activate|p2a: Shaymin|move: Protect\n|\n|-heal|p2a: Shaymin|44\/100|[from] item: Leftovers\n|upkeep\n|turn|23\n|\n|t:|1697396813\n|switch|p2a: Weezing|Weezing-Galar, F|100\/100\n|-ability|p2a: Weezing|Neutralizing Gas\n|move|p1a: Zacian|Play Rough|p2a: Weezing\n|-resisted|p2a: Weezing\n|-damage|p2a: Weezing|84\/100\n|-unboost|p2a: Weezing|atk|1\n|\n|upkeep\n|turn|24\n|\n|t:|1697396819\n|switch|p1a: Slowking|Slowking-Galar, F|99\/100\n|-damage|p1a: Slowking|87\/100|[from] Stealth Rock\n|-end|p2a: Weezing|ability: Neutralizing Gas\n|switch|p2a: Shaymin|Shaymin-Sky|44\/100\n|\n|-heal|p2a: Shaymin|50\/100|[from] item: Leftovers\n|upkeep\n|turn|25\n|\n|t:|1697396825\n|move|p2a: Shaymin|Leech Seed|p1a: Slowking\n|-start|p1a: Slowking|move: Leech Seed\n|move|p1a: Slowking|Sludge Bomb|p2a: Shaymin\n|-supereffective|p2a: Shaymin\n|-crit|p2a: Shaymin\n|-damage|p2a: Shaymin|0 fnt\n|faint|p2a: Shaymin\n|\n|upkeep\n|\n|t:|1697396829\n|switch|p2a: Weezing|Weezing-Galar, F|84\/100\n|-ability|p2a: Weezing|Neutralizing Gas\n|turn|26\n|\n|t:|1697396833\n|move|p2a: Weezing|Will-O-Wisp|p1a: Slowking\n|-status|p1a: Slowking|brn\n|move|p1a: Slowking|Future Sight|p2a: Weezing\n|-start|p1a: Slowking|move: Future Sight\n|\n|-damage|p1a: Slowking|75\/100 brn|[from] Leech Seed|[of] p2a: Weezing\n|-heal|p2a: Weezing|99\/100|[silent]\n|-damage|p1a: Slowking|69\/100 brn|[from] brn\n|upkeep\n|turn|27\n|\n|t:|1697396839\n|switch|p1a: Zacian|Zacian|100\/100\n|move|p2a: Weezing|Strange Steam|p1a: Zacian\n|-damage|p1a: Zacian|76\/100\n|\n|upkeep\n|turn|28\n|\n|t:|1697396844\n|switch|p1a: Slowking|Slowking-Galar, F|69\/100 brn\n|-damage|p1a: Slowking|56\/100 brn|[from] Stealth Rock\n|move|p2a: Weezing|Will-O-Wisp|p1a: Slowking\n|-fail|p1a: Slowking|brn\n|\n|-end|p2a: Weezing|move: Future Sight\n|-supereffective|p2a: Weezing\n|-damage|p2a: Weezing|0 fnt\n|faint|p2a: Weezing\n|-end|p2a: Weezing|ability: Neutralizing Gas\n|\n|win|MrGregger2000\n|upkeep\n|l|\u2606Oomaester1234\n|c|\u2606MrGregger2000|gg\n","uploadtime":1697396866,"views":21,"p1id":"mrgregger2000","p2id":"oomaester1234","formatid":"gen9ubers","rating":0,"private":0,"password":""}