{"id":"gen9ubers-1999108388","p1":"dialiboboss_yt","p2":"Vegaming27","format":"[Gen 9] Ubers","log":"|j|\u2606dialiboboss_yt\n|j|\u2606Vegaming27\n|t:|1701034013\n|gametype|singles\n|player|p1|dialiboboss_yt|101|\n|player|p2|Vegaming27|2|\n|teamsize|p1|6\n|teamsize|p2|6\n|gen|9\n|tier|[Gen 9] Ubers\n|rule|Sleep Clause Mod: Limit one foe put to sleep\n|rule|Species Clause: Limit one of each Pok\u00e9mon\n|rule|OHKO Clause: OHKO moves are banned\n|rule|Evasion Items Clause: Evasion items are banned\n|rule|Evasion Moves Clause: Evasion moves are banned\n|rule|Endless Battle Clause: Forcing endless battles is banned\n|rule|HP Percentage Mod: HP is shown in percentages\n|clearpoke\n|poke|p1|Magnezone|\n|poke|p1|Ogerpon-Cornerstone, F|\n|poke|p1|Lucario, F|\n|poke|p1|Hippowdon, M|\n|poke|p1|Kleavor, F|\n|poke|p1|Garchomp, F|\n|poke|p2|Samurott-Hisui, F|\n|poke|p2|Azumarill, F|\n|poke|p2|Pelipper, M|\n|poke|p2|Ogerpon-Wellspring, F|\n|poke|p2|Slowbro-Galar, M|\n|poke|p2|Tropius, F|\n|teampreview\n|\n|t:|1701034027\n|start\n|switch|p1a: star platinum|Lucario, F|100\/100\n|switch|p2a: Sundowner|Slowbro-Galar, M, shiny|100\/100\n|turn|1\n|j| Shigoo\n|\n|t:|1701034047\n|-terastallize|p2a: Sundowner|Water\n|move|p1a: star platinum|Earthquake|p2a: Sundowner\n|-damage|p2a: Sundowner|68\/100\n|move|p2a: Sundowner|Fire Blast|p1a: star platinum\n|-supereffective|p1a: star platinum\n|-damage|p1a: star platinum|0 fnt\n|faint|p1a: star platinum\n|\n|upkeep\n|\n|t:|1701034065\n|switch|p1a: stray cat|Ogerpon-Cornerstone, F|100\/100\n|turn|2\n|\n|t:|1701034124\n|move|p1a: stray cat|Trailblaze|p2a: Sundowner\n|-supereffective|p2a: Sundowner\n|-damage|p2a: Sundowner|11\/100\n|-boost|p1a: stray cat|spe|1\n|move|p2a: Sundowner|Sludge Bomb|p1a: stray cat\n|-damage|p1a: stray cat|51\/100\n|-status|p1a: stray cat|psn\n|\n|-damage|p1a: stray cat|39\/100 psn|[from] psn\n|upkeep\n|turn|3\n|\n|t:|1701034138\n|move|p1a: stray cat|Horn Leech|p2a: Sundowner\n|-supereffective|p2a: Sundowner\n|-damage|p2a: Sundowner|0 fnt\n|-heal|p1a: stray cat|46\/100 psn|[from] drain|[of] p2a: Sundowner\n|faint|p2a: Sundowner\n|\n|-damage|p1a: stray cat|34\/100 psn|[from] psn\n|upkeep\n|\n|t:|1701034145\n|switch|p2a: senator armstrong|Tropius, F|100\/100\n|turn|4\n|\n|t:|1701034150\n|move|p1a: stray cat|Ivy Cudgel|p2a: senator armstrong|[anim] Ivy Cudgel Rock\n|-supereffective|p2a: senator armstrong\n|-damage|p2a: senator armstrong|0 fnt\n|faint|p2a: senator armstrong\n|\n|-damage|p1a: stray cat|21\/100 psn|[from] psn\n|upkeep\n|\n|t:|1701034157\n|switch|p2a: Monsoon|Pelipper, M|100\/100\n|-weather|RainDance|[from] ability: Drizzle|[of] p2a: Monsoon\n|turn|5\n|\n|t:|1701034167\n|move|p2a: Monsoon|Protect|p2a: Monsoon\n|-singleturn|p2a: Monsoon|Protect\n|move|p1a: stray cat|Ivy Cudgel|p2a: Monsoon|[anim] Ivy Cudgel Rock\n|-activate|p2a: Monsoon|move: Protect\n|\n|-weather|RainDance|[upkeep]\n|-damage|p1a: stray cat|9\/100 psn|[from] psn\n|upkeep\n|turn|6\n|\n|t:|1701034193\n|move|p1a: stray cat|Horn Leech|p2a: Monsoon\n|-crit|p2a: Monsoon\n|-damage|p2a: Monsoon|47\/100\n|-heal|p1a: stray cat|38\/100 psn|[from] drain|[of] p2a: Monsoon\n|move|p2a: Monsoon|Roost|p2a: Monsoon\n|-heal|p2a: Monsoon|97\/100\n|-singleturn|p2a: Monsoon|move: Roost\n|\n|-weather|RainDance|[upkeep]\n|-heal|p2a: Monsoon|100\/100|[from] item: Leftovers\n|-damage|p1a: stray cat|26\/100 psn|[from] psn\n|upkeep\n|turn|7\n|\n|t:|1701034216\n|move|p2a: Monsoon|Protect|p2a: Monsoon\n|-singleturn|p2a: Monsoon|Protect\n|move|p1a: stray cat|Ivy Cudgel|p2a: Monsoon|[anim] Ivy Cudgel Rock\n|-activate|p2a: Monsoon|move: Protect\n|\n|-weather|RainDance|[upkeep]\n|-damage|p1a: stray cat|13\/100 psn|[from] psn\n|upkeep\n|turn|8\n|\n|t:|1701034228\n|move|p1a: stray cat|Ivy Cudgel|p2a: Monsoon|[anim] Ivy Cudgel Rock\n|-supereffective|p2a: Monsoon\n|-damage|p2a: Monsoon|17\/100\n|move|p2a: Monsoon|Tailwind|p2a: Monsoon\n|-sidestart|p2: Vegaming27|move: Tailwind\n|\n|-weather|RainDance|[upkeep]\n|-heal|p2a: Monsoon|23\/100|[from] item: Leftovers\n|-damage|p1a: stray cat|1\/100 psn|[from] psn\n|upkeep\n|turn|9\n|\n|t:|1701034244\n|switch|p1a: the sun|Hippowdon, M|100\/100\n|-weather|Sandstorm|[from] ability: Sand Stream|[of] p1a: the sun\n|move|p2a: Monsoon|Protect||[still]\n|-fail|p2a: Monsoon\n|\n|-weather|Sandstorm|[upkeep]\n|-damage|p2a: Monsoon|17\/100|[from] Sandstorm\n|-heal|p2a: Monsoon|23\/100|[from] item: Leftovers\n|upkeep\n|turn|10\n|\n|t:|1701034254\n|move|p1a: the sun|Protect|p1a: the sun\n|-singleturn|p1a: the sun|Protect\n|move|p2a: Monsoon|U-turn|p1a: the sun\n|-activate|p1a: the sun|move: Protect\n|\n|-weather|Sandstorm|[upkeep]\n|-damage|p2a: Monsoon|17\/100|[from] Sandstorm\n|-heal|p2a: Monsoon|23\/100|[from] item: Leftovers\n|upkeep\n|turn|11\n|j| GoldDragon130\n|\n|t:|1701034265\n|move|p2a: Monsoon|Roost|p2a: Monsoon\n|-heal|p2a: Monsoon|73\/100\n|-singleturn|p2a: Monsoon|move: Roost\n|move|p1a: the sun|Yawn|p2a: Monsoon\n|-start|p2a: Monsoon|move: Yawn|[of] p1a: the sun\n|\n|-weather|Sandstorm|[upkeep]\n|-damage|p2a: Monsoon|67\/100|[from] Sandstorm\n|-heal|p2a: Monsoon|73\/100|[from] item: Leftovers\n|-sideend|p2: Vegaming27|move: Tailwind\n|upkeep\n|turn|12\n|\n|t:|1701034294\n|switch|p2a: Raiden|Samurott-Hisui, F, shiny|100\/100\n|move|p1a: the sun|Earthquake|p2a: Raiden\n|-damage|p2a: Raiden|55\/100\n|\n|-weather|Sandstorm|[upkeep]\n|-damage|p2a: Raiden|49\/100|[from] Sandstorm\n|upkeep\n|turn|13\n|\n|t:|1701034309\n|move|p1a: the sun|Protect|p1a: the sun\n|-singleturn|p1a: the sun|Protect\n|move|p2a: Raiden|Aqua Cutter|p1a: the sun\n|-activate|p1a: the sun|move: Protect\n|\n|-weather|none\n|upkeep\n|turn|14\n|\n|t:|1701034320\n|move|p2a: Raiden|Aqua Cutter|p1a: the sun\n|-supereffective|p1a: the sun\n|-damage|p1a: the sun|50\/100\n|move|p1a: the sun|Yawn|p2a: Raiden\n|-start|p2a: Raiden|move: Yawn|[of] p1a: the sun\n|\n|-heal|p1a: the sun|57\/100|[from] item: Leftovers\n|upkeep\n|turn|15\n|\n|t:|1701034328\n|switch|p2a: Monsoon|Pelipper, M|73\/100\n|-weather|RainDance|[from] ability: Drizzle|[of] p2a: Monsoon\n|move|p1a: the sun|Protect||[still]\n|-fail|p1a: the sun\n|\n|-weather|RainDance|[upkeep]\n|-heal|p2a: Monsoon|79\/100|[from] item: Leftovers\n|-heal|p1a: the sun|63\/100|[from] item: Leftovers\n|upkeep\n|turn|16\n|\n|t:|1701034338\n|switch|p2a: jetstream sam|Azumarill, F|100\/100\n|switch|p1a: stray cat|Ogerpon-Cornerstone, F|1\/100 psn\n|\n|-weather|RainDance|[upkeep]\n|-damage|p1a: stray cat|0 fnt|[from] psn\n|faint|p1a: stray cat\n|upkeep\n|\n|t:|1701034347\n|switch|p1a: silver chariot|Kleavor, F, shiny|100\/100\n|turn|17\n|\n|t:|1701034354\n|move|p2a: jetstream sam|Aqua Jet|p1a: silver chariot\n|-supereffective|p1a: silver chariot\n|-damage|p1a: silver chariot|0 fnt\n|faint|p1a: silver chariot\n|\n|-weather|RainDance|[upkeep]\n|upkeep\n|\n|t:|1701034367\n|switch|p1a: super fly|Magnezone|100\/100\n|turn|18\n|\n|t:|1701034460\n|switch|p2a: mistral|Ogerpon-Wellspring, F|100\/100\n|move|p1a: super fly|Thunder Wave|p2a: mistral\n|-status|p2a: mistral|par\n|\n|-weather|RainDance|[upkeep]\n|upkeep\n|turn|19\n|\n|t:|1701034470\n|cant|p2a: mistral|par\n|move|p1a: super fly|Discharge|p2a: mistral\n|-damage|p2a: mistral|35\/100 par\n|\n|-weather|none\n|upkeep\n|turn|20\n|\n|t:|1701034482\n|move|p2a: mistral|Horn Leech|p1a: super fly\n|-resisted|p1a: super fly\n|-damage|p1a: super fly|81\/100\n|-heal|p2a: mistral|46\/100 par|[from] drain|[of] p1a: super fly\n|move|p1a: super fly|Discharge|p2a: mistral\n|-damage|p2a: mistral|0 fnt\n|faint|p2a: mistral\n|\n|-heal|p1a: super fly|87\/100|[from] item: Leftovers\n|upkeep\n|\n|t:|1701034492\n|switch|p2a: Monsoon|Pelipper, M|79\/100\n|-weather|RainDance|[from] ability: Drizzle|[of] p2a: Monsoon\n|turn|21\n|\n|t:|1701034502\n|move|p2a: Monsoon|Protect|p2a: Monsoon\n|-singleturn|p2a: Monsoon|Protect\n|move|p1a: super fly|Discharge|p2a: Monsoon\n|-activate|p2a: Monsoon|move: Protect\n|\n|-weather|RainDance|[upkeep]\n|-heal|p2a: Monsoon|85\/100|[from] item: Leftovers\n|-heal|p1a: super fly|94\/100|[from] item: Leftovers\n|upkeep\n|turn|22\n|\n|t:|1701034566\n|move|p2a: Monsoon|Roost|p2a: Monsoon\n|-heal|p2a: Monsoon|100\/100\n|-singleturn|p2a: Monsoon|move: Roost\n|move|p1a: super fly|Discharge|p2a: Monsoon\n|-supereffective|p2a: Monsoon\n|-damage|p2a: Monsoon|0 fnt\n|faint|p2a: Monsoon\n|\n|-weather|RainDance|[upkeep]\n|-heal|p1a: super fly|99\/100|[from] item: Leftovers\n|upkeep\n|\n|t:|1701034576\n|switch|p2a: Raiden|Samurott-Hisui, F, shiny|49\/100\n|turn|23\n|\n|t:|1701034584\n|move|p2a: Raiden|Sacred Sword|p1a: super fly\n|-supereffective|p1a: super fly\n|-damage|p1a: super fly|20\/100\n|move|p1a: super fly|Discharge|p2a: Raiden\n|-supereffective|p2a: Raiden\n|-damage|p2a: Raiden|0 fnt\n|faint|p2a: Raiden\n|\n|-weather|RainDance|[upkeep]\n|-heal|p1a: super fly|26\/100|[from] item: Leftovers\n|upkeep\n|\n|t:|1701034593\n|switch|p2a: jetstream sam|Azumarill, F|100\/100\n|turn|24\n|\n|t:|1701034595\n|switch|p1a: the sun|Hippowdon, M|63\/100\n|-weather|Sandstorm|[from] ability: Sand Stream|[of] p1a: the sun\n|move|p2a: jetstream sam|Aqua Jet|p1a: the sun\n|-supereffective|p1a: the sun\n|-damage|p1a: the sun|24\/100\n|\n|-weather|Sandstorm|[upkeep]\n|-damage|p2a: jetstream sam|94\/100|[from] Sandstorm\n|-heal|p1a: the sun|30\/100|[from] item: Leftovers\n|upkeep\n|turn|25\n|\n|t:|1701034611\n|move|p2a: jetstream sam|Aqua Jet|p1a: the sun\n|-supereffective|p1a: the sun\n|-damage|p1a: the sun|0 fnt\n|faint|p1a: the sun\n|\n|-weather|Sandstorm|[upkeep]\n|-damage|p2a: jetstream sam|88\/100|[from] Sandstorm\n|upkeep\n|\n|t:|1701034615\n|switch|p1a: the world|Garchomp, F|100\/100\n|turn|26\n|\n|t:|1701034620\n|move|p2a: jetstream sam|Aqua Jet|p1a: the world\n|-damage|p1a: the world|60\/100\n|-damage|p2a: jetstream sam|76\/100|[from] ability: Rough Skin|[of] p1a: the world\n|move|p1a: the world|Swords Dance|p1a: the world\n|-boost|p1a: the world|atk|2\n|\n|-weather|Sandstorm|[upkeep]\n|-damage|p2a: jetstream sam|69\/100|[from] Sandstorm\n|upkeep\n|turn|27\n|\n|t:|1701034628\n|move|p2a: jetstream sam|Aqua Jet|p1a: the world\n|-crit|p1a: the world\n|-damage|p1a: the world|4\/100\n|-damage|p2a: jetstream sam|57\/100|[from] ability: Rough Skin|[of] p1a: the world\n|move|p1a: the world|Poison Jab|p2a: jetstream sam\n|-supereffective|p2a: jetstream sam\n|-damage|p2a: jetstream sam|0 fnt\n|faint|p2a: jetstream sam\n|\n|win|dialiboboss_yt\n|l| Shigoo\n","uploadtime":1701034641,"views":2,"p1id":"dialibobossyt","p2id":"vegaming27","formatid":"gen9ubers","rating":0,"private":0,"password":""}