{"id":"gen9ubers-1968775285","p1":"Altrixomical","p2":"TheCricketLord","format":"[Gen 9] Ubers","log":"|j|\u2606Altrixomical\n|j|\u2606TheCricketLord\n|t:|1697463630\n|gametype|singles\n|player|p1|Altrixomical|maid|\n|player|p2|TheCricketLord|266|\n|teamsize|p1|6\n|teamsize|p2|6\n|gen|9\n|tier|[Gen 9] Ubers\n|rule|Sleep Clause Mod: Limit one foe put to sleep\n|rule|Species Clause: Limit one of each Pok\u00e9mon\n|rule|OHKO Clause: OHKO moves are banned\n|rule|Evasion Items Clause: Evasion items are banned\n|rule|Evasion Moves Clause: Evasion moves are banned\n|rule|Endless Battle Clause: Forcing endless battles is banned\n|rule|HP Percentage Mod: HP is shown in percentages\n|clearpoke\n|poke|p1|Arceus-Fighting|\n|poke|p1|Palkia-Origin|\n|poke|p1|Iron Hands|\n|poke|p1|Masquerain, M|\n|poke|p1|Gliscor, M|\n|poke|p1|Zacian-*|\n|poke|p2|Urshifu-*, F|\n|poke|p2|Chi-Yu|\n|poke|p2|Magearna|\n|poke|p2|Samurott-Hisui, M|\n|poke|p2|Zacian-*|\n|poke|p2|Arceus-Grass|\n|teampreview\n|c|\u2606TheCricketLord|lmaoo\n|c|\u2606Altrixomical|we are barrack\n|c|\u2606Altrixomical|frfr this time\n|c|\u2606TheCricketLord|bro didn't consult the banlist\n|\n|t:|1697463659\n|start\n|switch|p1a: Lazy Masquerade|Masquerain, M|100\/100\n|switch|p2a: Samurott|Samurott-Hisui, M|100\/100\n|-ability|p1a: Lazy Masquerade|Intimidate|boost\n|-unboost|p2a: Samurott|atk|1\n|turn|1\n|\n|t:|1697463665\n|move|p1a: Lazy Masquerade|Sticky Web|p2a: Samurott\n|-sidestart|p2: TheCricketLord|move: Sticky Web\n|move|p2a: Samurott|Ceaseless Edge|p1a: Lazy Masquerade\n|-damage|p1a: Lazy Masquerade|37\/100\n|-sidestart|p1: Altrixomical|Spikes\n|\n|upkeep\n|turn|2\n|\n|t:|1697463673\n|move|p1a: Lazy Masquerade|Bug Buzz|p2a: Samurott\n|-supereffective|p2a: Samurott\n|-enditem|p2a: Samurott|Focus Sash\n|-damage|p2a: Samurott|1\/100\n|move|p2a: Samurott|Ceaseless Edge|p1a: Lazy Masquerade\n|-damage|p1a: Lazy Masquerade|0 fnt\n|-sidestart|p1: Altrixomical|Spikes\n|faint|p1a: Lazy Masquerade\n|\n|upkeep\n|\n|t:|1697463687\n|switch|p1a: Antasma|Gliscor, M, shiny|100\/100\n|turn|3\n|\n|t:|1697463690\n|move|p2a: Samurott|Aqua Cutter|p1a: Antasma\n|-supereffective|p1a: Antasma\n|-damage|p1a: Antasma|54\/100\n|move|p1a: Antasma|Earthquake|p2a: Samurott\n|-damage|p2a: Samurott|0 fnt\n|faint|p2a: Samurott\n|\n|-status|p1a: Antasma|tox|[from] item: Toxic Orb\n|upkeep\n|c|\u2606Altrixomical|somehow i thought antasma would outspeed\n|c|\u2606Altrixomical|man\n|c|\u2606Altrixomical|cuz masquerain already outsped\n|c|\u2606TheCricketLord|man\n|\n|t:|1697463724\n|switch|p2a: Urshifu|Urshifu, F|100\/100\n|turn|4\n|c|\u2606Altrixomical|hdb urshifu\n|c|\u2606Altrixomical|on god\n|c|\u2606TheCricketLord|on god\n|\n|t:|1697463756\n|switch|p1a: \"Ceruledge\"|Arceus-Fighting|100\/100\n|-damage|p1a: \"Ceruledge\"|84\/100|[from] Spikes\n|move|p2a: Urshifu|Wicked Blow|p1a: \"Ceruledge\"\n|-resisted|p1a: \"Ceruledge\"\n|-crit|p1a: \"Ceruledge\"\n|-damage|p1a: \"Ceruledge\"|66\/100\n|\n|upkeep\n|turn|5\n|c|\u2606Altrixomical|lesgo\n|c|\u2606Altrixomical|ceruledge\n|c|\u2606TheCricketLord|so real\n|\n|t:|1697463769\n|switch|p2a: Zacian|Zacian|100\/100\n|-ability|p2a: Zacian|Intrepid Sword|boost\n|-boost|p2a: Zacian|atk|1\n|move|p1a: \"Ceruledge\"|Cosmic Power|p1a: \"Ceruledge\"\n|-boost|p1a: \"Ceruledge\"|def|1\n|-boost|p1a: \"Ceruledge\"|spd|1\n|\n|upkeep\n|turn|6\n|\n|t:|1697463782\n|move|p2a: Zacian|Play Rough|p1a: \"Ceruledge\"\n|-supereffective|p1a: \"Ceruledge\"\n|-damage|p1a: \"Ceruledge\"|11\/100\n|move|p1a: \"Ceruledge\"|Recover|p1a: \"Ceruledge\"\n|-heal|p1a: \"Ceruledge\"|61\/100\n|\n|upkeep\n|turn|7\n|c|\u2606Altrixomical|weak\n|c|\u2606Altrixomical|so weak\n|c|\u2606TheCricketLord|man\n|\n|t:|1697463795\n|move|p2a: Zacian|Swords Dance|p2a: Zacian\n|-boost|p2a: Zacian|atk|2\n|move|p1a: \"Ceruledge\"|Stored Power|p2a: Zacian\n|-crit|p2a: Zacian\n|-damage|p2a: Zacian|79\/100\n|\n|upkeep\n|turn|8\n|\n|t:|1697463808\n|move|p2a: Zacian|Play Rough|p1a: \"Ceruledge\"\n|-supereffective|p1a: \"Ceruledge\"\n|-crit|p1a: \"Ceruledge\"\n|-damage|p1a: \"Ceruledge\"|0 fnt\n|faint|p1a: \"Ceruledge\"\n|\n|upkeep\n|c|\u2606TheCricketLord|weak\n|c|\u2606TheCricketLord|the buttons mon\n|c|\u2606Altrixomical|we are not making it into rubers with this one\n|\n|t:|1697463837\n|switch|p1a: Hearthflame|Zacian|100\/100\n|-damage|p1a: Hearthflame|84\/100|[from] Spikes\n|-ability|p1a: Hearthflame|Intrepid Sword|boost\n|-boost|p1a: Hearthflame|atk|1\n|turn|9\n|\n|t:|1697463842\n|-terastallize|p1a: Hearthflame|Fairy\n|move|p1a: Hearthflame|Play Rough|p2a: Zacian\n|-damage|p2a: Zacian|0 fnt\n|faint|p2a: Zacian\n|\n|upkeep\n|c|\u2606TheCricketLord|so true\n|\n|t:|1697463854\n|switch|p2a: Magearna|Magearna|100\/100\n|-activate|p2a: Magearna|move: Sticky Web\n|-unboost|p2a: Magearna|spe|1\n|turn|10\n|\n|t:|1697463874\n|switch|p1a: Jeff|Iron Hands, shiny|100\/100\n|-damage|p1a: Jeff|84\/100|[from] Spikes\n|move|p2a: Magearna|Fleur Cannon|p1a: Jeff\n|-supereffective|p1a: Jeff\n|-damage|p1a: Jeff|20\/100\n|-unboost|p2a: Magearna|spa|2\n|\n|upkeep\n|turn|11\n|c|\u2606Altrixomical|smh\n|\n|t:|1697463882\n|move|p1a: Jeff|Drain Punch|p2a: Magearna\n|-damage|p2a: Magearna|73\/100\n|-heal|p1a: Jeff|30\/100|[from] drain|[of] p2a: Magearna\n|move|p2a: Magearna|Spikes|p1a: Jeff\n|-sidestart|p1: Altrixomical|Spikes\n|\n|-heal|p2a: Magearna|79\/100|[from] item: Leftovers\n|upkeep\n|turn|12\n|\n|t:|1697463888\n|move|p1a: Jeff|Close Combat|p2a: Magearna\n|-damage|p2a: Magearna|38\/100\n|-unboost|p1a: Jeff|def|1\n|-unboost|p1a: Jeff|spd|1\n|move|p2a: Magearna|Volt Switch|p1a: Jeff\n|-resisted|p1a: Jeff\n|-damage|p1a: Jeff|25\/100\n|\n|t:|1697463897\n|switch|p2a: Arceus|Arceus-Grass|100\/100|[from] Volt Switch\n|-activate|p2a: Arceus|move: Sticky Web\n|-unboost|p2a: Arceus|spe|1\n|\n|upkeep\n|turn|13\n|c|\u2606Altrixomical|arceus grass\n|c|\u2606Altrixomical|man\n|c|\u2606TheCricketLord|grassy\n|\n|t:|1697463923\n|move|p2a: Arceus|Calm Mind|p2a: Arceus\n|-boost|p2a: Arceus|spa|1\n|-boost|p2a: Arceus|spd|1\n|move|p1a: Jeff|Ice Punch|p2a: Arceus\n|-supereffective|p2a: Arceus\n|-damage|p2a: Arceus|59\/100\n|\n|upkeep\n|turn|14\n|\n|t:|1697463933\n|-terastallize|p2a: Arceus|Fairy\n|move|p2a: Arceus|Recover|p2a: Arceus\n|-heal|p2a: Arceus|100\/100\n|move|p1a: Jeff|Ice Punch|p2a: Arceus\n|-damage|p2a: Arceus|81\/100\n|-status|p2a: Arceus|frz\n|\n|upkeep\n|turn|15\n|c|\u2606Altrixomical|LMAOOOOO\n|c|\u2606TheCricketLord|huh\n|c|\u2606Altrixomical|also that is an arceus fairy\n|c|\u2606Altrixomical|bro didn't consult the banlist\n|\n|t:|1697463963\n|cant|p2a: Arceus|frz\n|move|p1a: Jeff|Thunder Punch|p2a: Arceus\n|-damage|p2a: Arceus|50\/100 frz\n|\n|upkeep\n|turn|16\n|c|\u2606TheCricketLord|so legal\n|\n|t:|1697463970\n|cant|p2a: Arceus|frz\n|move|p1a: Jeff|Thunder Punch|p2a: Arceus\n|-damage|p2a: Arceus|22\/100 frz\n|\n|upkeep\n|turn|17\n|\n|t:|1697463976\n|cant|p2a: Arceus|frz\n|move|p1a: Jeff|Thunder Punch|p2a: Arceus\n|-damage|p2a: Arceus|0 fnt\n|faint|p2a: Arceus\n|\n|upkeep\n|c|\u2606Altrixomical|sorry man\n|c|\u2606Altrixomical|it is what it is\n|\n|t:|1697463985\n|switch|p2a: Urshifu|Urshifu, F|100\/100\n|turn|18\n|\n|t:|1697464006\n|move|p2a: Urshifu|Trailblaze|p1a: Jeff\n|-damage|p1a: Jeff|10\/100\n|-boost|p2a: Urshifu|spe|1\n|move|p1a: Jeff|Close Combat|p2a: Urshifu\n|-supereffective|p2a: Urshifu\n|-damage|p2a: Urshifu|0 fnt\n|-unboost|p1a: Jeff|def|1\n|-unboost|p1a: Jeff|spd|1\n|faint|p2a: Urshifu\n|\n|upkeep\n|c|\u2606Altrixomical|damn\n|c|\u2606TheCricketLord|mans won the speed tie\n|c|\u2606TheCricketLord|and got the crititcal freeze\n|c|\u2606TheCricketLord|what a balanced game\n|c|\u2606Altrixomical|there is no speed tie\n|c|\u2606TheCricketLord|huh\n|c|\u2606TheCricketLord|cool\n|-message|TheCricketLord forfeited.\n|\n|win|Altrixomical\n|l|\u2606TheCricketLord\n|c|\u2606Altrixomical|oh cmon\n","uploadtime":1697464051,"views":13,"p1id":"altrixomical","p2id":"thecricketlord","formatid":"gen9ubers","rating":0,"private":0,"password":""}