{"id":"gen9ubers-1983629056","p1":"the tr4sh man","p2":"TubeKnight","format":"[Gen 9] Ubers","log":"|j|\u2606the tr4sh man\n|j|\u2606TubeKnight\n|t:|1699151352\n|gametype|singles\n|player|p1|the tr4sh man|xerosic|\n|player|p2|TubeKnight|veteran|\n|teamsize|p1|6\n|teamsize|p2|6\n|gen|9\n|tier|[Gen 9] Ubers\n|rule|Sleep Clause Mod: Limit one foe put to sleep\n|rule|Species Clause: Limit one of each Pok\u00e9mon\n|rule|OHKO Clause: OHKO moves are banned\n|rule|Evasion Items Clause: Evasion items are banned\n|rule|Evasion Moves Clause: Evasion moves are banned\n|rule|Endless Battle Clause: Forcing endless battles is banned\n|rule|HP Percentage Mod: HP is shown in percentages\n|clearpoke\n|poke|p1|Lycanroc-Dusk, M|\n|poke|p1|Houndstone, M|\n|poke|p1|Zamazenta-*|\n|poke|p1|Zacian-*|\n|poke|p1|Dachsbun, M|\n|poke|p1|Mabosstiff, M|\n|poke|p2|Alomomola, F|\n|poke|p2|Chi-Yu|\n|poke|p2|Baxcalibur, M|\n|poke|p2|Magearna|\n|poke|p2|Cyclizar, F|\n|poke|p2|Arceus-Ghost|\n|teampreview\n|inactive|Battle timer is ON: inactive players will automatically lose when time's up. (requested by TubeKnight)\n|c|\u2606TubeKnight|glhf\n|c|\u2606the tr4sh man|u2\n|\n|t:|1699151373\n|start\n|switch|p1a: Lycanroc|Lycanroc-Dusk, M|100\/100\n|switch|p2a: Cyclizar|Cyclizar, F|100\/100\n|turn|1\n|\n|t:|1699151377\n|move|p2a: Cyclizar|Shed Tail|p2a: Cyclizar\n|-start|p2a: Cyclizar|Substitute|[from] move: Shed Tail\n|-damage|p2a: Cyclizar|50\/100\n|\n|t:|1699151400\n|switch|p2a: Magearna|Magearna|100\/100|[from] Shed Tail\n|move|p1a: Lycanroc|Stealth Rock|p2a: Magearna\n|-sidestart|p2: TubeKnight|move: Stealth Rock\n|\n|upkeep\n|turn|2\n|\n|t:|1699151404\n|move|p1a: Lycanroc|Taunt|p2a: Magearna\n|-start|p2a: Magearna|move: Taunt\n|cant|p2a: Magearna|move: Taunt|Thunder Wave\n|\n|upkeep\n|turn|3\n|\n|t:|1699151411\n|switch|p1a: Dachsbun|Dachsbun, M|100\/100\n|move|p2a: Magearna|Fleur Cannon|p1a: Dachsbun\n|-damage|p1a: Dachsbun|48\/100\n|-unboost|p2a: Magearna|spa|2\n|\n|-heal|p1a: Dachsbun|54\/100|[from] item: Leftovers\n|upkeep\n|turn|4\n|\n|t:|1699151414\n|move|p1a: Dachsbun|Wish|p1a: Dachsbun\n|move|p2a: Magearna|Volt Switch|p1a: Dachsbun\n|-damage|p1a: Dachsbun|45\/100\n|\n|t:|1699151421\n|switch|p2a: Arceus|Arceus-Ghost, shiny|100\/100|[from] Volt Switch\n|-damage|p2a: Arceus|88\/100|[from] Stealth Rock\n|\n|-heal|p1a: Dachsbun|50\/100|[from] item: Leftovers\n|upkeep\n|turn|5\n|\n|t:|1699151434\n|move|p2a: Arceus|Swords Dance|p2a: Arceus\n|-boost|p2a: Arceus|atk|2\n|move|p1a: Dachsbun|Roar|p2a: Arceus\n|drag|p2a: Chi-Yu|Chi-Yu|100\/100\n|-damage|p2a: Chi-Yu|76\/100|[from] Stealth Rock\n|-ability|p2a: Chi-Yu|Beads of Ruin\n|\n|-heal|p1a: Dachsbun|100\/100|[from] move: Wish|[wisher] Dachsbun\n|upkeep\n|turn|6\n|\n|t:|1699151449\n|switch|p2a: Alomomola|Alomomola, F|100\/100\n|move|p1a: Dachsbun|Body Press|p2a: Alomomola\n|-damage|p2a: Alomomola|89\/100\n|\n|upkeep\n|turn|7\n|\n|t:|1699151455\n|switch|p1a: Mabosstiff|Mabosstiff, M|100\/100\n|move|p2a: Alomomola|Wish|p2a: Alomomola\n|\n|upkeep\n|turn|8\n|\n|t:|1699151460\n|move|p1a: Mabosstiff|Crunch|p2a: Alomomola\n|-damage|p2a: Alomomola|53\/100\n|move|p2a: Alomomola|Flip Turn|p1a: Mabosstiff\n|-damage|p1a: Mabosstiff|84\/100\n|\n|t:|1699151465\n|switch|p2a: Magearna|Magearna|100\/100|[from] Flip Turn\n|-damage|p2a: Magearna|94\/100|[from] Stealth Rock\n|\n|-heal|p2a: Magearna|100\/100|[from] move: Wish|[wisher] Alomomola\n|upkeep\n|turn|9\n|\n|t:|1699151469\n|switch|p1a: Houndstone|Houndstone, M|100\/100\n|move|p2a: Magearna|Fleur Cannon|p1a: Houndstone|[miss]\n|-miss|p2a: Magearna|p1a: Houndstone\n|\n|upkeep\n|turn|10\n|\n|t:|1699151474\n|switch|p1a: Lycanroc|Lycanroc-Dusk, M|100\/100\n|move|p2a: Magearna|Thunder Wave|p1a: Lycanroc\n|-status|p1a: Lycanroc|par\n|\n|upkeep\n|turn|11\n|\n|t:|1699151478\n|cant|p1a: Lycanroc|par\n|move|p2a: Magearna|Volt Switch|p1a: Lycanroc\n|-damage|p1a: Lycanroc|69\/100 par\n|\n|t:|1699151484\n|switch|p2a: Alomomola|Alomomola, F|87\/100|[from] Volt Switch\n|\n|upkeep\n|turn|12\n|\n|t:|1699151488\n|move|p1a: Lycanroc|Endeavor|p2a: Alomomola\n|-damage|p2a: Alomomola|38\/100\n|move|p2a: Alomomola|Scald|p1a: Lycanroc\n|-supereffective|p1a: Lycanroc\n|-damage|p1a: Lycanroc|27\/100 par\n|\n|upkeep\n|turn|13\n|\n|t:|1699151495\n|cant|p1a: Lycanroc|par\n|move|p2a: Alomomola|Wish|p2a: Alomomola\n|\n|upkeep\n|turn|14\n|\n|t:|1699151502\n|move|p2a: Alomomola|Protect|p2a: Alomomola\n|-singleturn|p2a: Alomomola|Protect\n|cant|p1a: Lycanroc|par\n|\n|-heal|p2a: Alomomola|88\/100|[from] move: Wish|[wisher] Alomomola\n|upkeep\n|turn|15\n|\n|t:|1699151505\n|move|p1a: Lycanroc|Endeavor|p2a: Alomomola\n|-damage|p2a: Alomomola|15\/100\n|move|p2a: Alomomola|Wish|p2a: Alomomola\n|\n|upkeep\n|turn|16\n|\n|t:|1699151514\n|move|p2a: Alomomola|Protect|p2a: Alomomola\n|-singleturn|p2a: Alomomola|Protect\n|move|p1a: Lycanroc|Taunt|p2a: Alomomola\n|-activate|p2a: Alomomola|move: Protect\n|\n|-heal|p2a: Alomomola|65\/100|[from] move: Wish|[wisher] Alomomola\n|upkeep\n|turn|17\n|\n|t:|1699151534\n|switch|p2a: Magearna|Magearna|100\/100\n|-damage|p2a: Magearna|94\/100|[from] Stealth Rock\n|move|p1a: Lycanroc|Endeavor|p2a: Magearna\n|-damage|p2a: Magearna|22\/100\n|\n|-heal|p2a: Magearna|28\/100|[from] item: Leftovers\n|upkeep\n|turn|18\n|\n|t:|1699151559\n|move|p1a: Lycanroc|Taunt|p2a: Magearna\n|-start|p2a: Magearna|move: Taunt\n|move|p2a: Magearna|Volt Switch|p1a: Lycanroc\n|-damage|p1a: Lycanroc|0 fnt\n|faint|p1a: Lycanroc\n|-ability|p2a: Magearna|Soul-Heart|boost\n|-boost|p2a: Magearna|spa|1\n|\n|t:|1699151565\n|switch|p2a: Cyclizar|Cyclizar, F|84\/100|[from] Volt Switch\n|\n|upkeep\n|\n|t:|1699151568\n|switch|p1a: Zamazenta|Zamazenta|100\/100\n|-ability|p1a: Zamazenta|Dauntless Shield|boost\n|-boost|p1a: Zamazenta|def|1\n|turn|19\n|c|\u2606TubeKnight|omfg i forgot to do tera\n|\n|t:|1699151582\n|move|p1a: Zamazenta|Body Press|p2a: Cyclizar\n|-supereffective|p2a: Cyclizar\n|-damage|p2a: Cyclizar|0 fnt\n|faint|p2a: Cyclizar\n|\n|upkeep\n|c|\u2606the tr4sh man|unfort\n|\n|t:|1699151588\n|switch|p2a: Arceus|Arceus-Ghost, shiny|88\/100\n|-damage|p2a: Arceus|76\/100|[from] Stealth Rock\n|turn|20\n|\n|t:|1699151595\n|switch|p1a: Mabosstiff|Mabosstiff, M|84\/100\n|move|p2a: Arceus|Swords Dance|p2a: Arceus\n|-boost|p2a: Arceus|atk|2\n|\n|upkeep\n|turn|21\n|\n|t:|1699151599\n|-terastallize|p2a: Arceus|Normal\n|move|p2a: Arceus|Extreme Speed|p1a: Mabosstiff\n|-damage|p1a: Mabosstiff|0 fnt\n|faint|p1a: Mabosstiff\n|\n|upkeep\n|\n|t:|1699151606\n|switch|p1a: Dachsbun|Dachsbun, M|100\/100\n|turn|22\n|\n|t:|1699151619\n|move|p2a: Arceus|Shadow Claw|p1a: Dachsbun\n|-damage|p1a: Dachsbun|14\/100\n|move|p1a: Dachsbun|Roar|p2a: Arceus\n|drag|p2a: Magearna|Magearna|28\/100\n|-damage|p2a: Magearna|22\/100|[from] Stealth Rock\n|\n|-heal|p1a: Dachsbun|20\/100|[from] item: Leftovers\n|-heal|p2a: Magearna|28\/100|[from] item: Leftovers\n|upkeep\n|turn|23\n|inactive|the tr4sh man has 270 seconds left.\n|\n|t:|1699151656\n|switch|p2a: Alomomola|Alomomola, F|98\/100\n|move|p1a: Dachsbun|Wish|p1a: Dachsbun\n|\n|-heal|p1a: Dachsbun|26\/100|[from] item: Leftovers\n|upkeep\n|turn|24\n|inactive|the tr4sh man has 270 seconds left.\n|\n|t:|1699151665\n|move|p1a: Dachsbun|Protect|p1a: Dachsbun\n|-singleturn|p1a: Dachsbun|Protect\n|move|p2a: Alomomola|Scald|p1a: Dachsbun\n|-activate|p1a: Dachsbun|move: Protect\n|\n|-heal|p1a: Dachsbun|76\/100|[from] move: Wish|[wisher] Dachsbun\n|-heal|p1a: Dachsbun|82\/100|[from] item: Leftovers\n|upkeep\n|turn|25\n|\n|t:|1699151669\n|move|p1a: Dachsbun|Wish|p1a: Dachsbun\n|move|p2a: Alomomola|Wish|p2a: Alomomola\n|\n|-heal|p1a: Dachsbun|88\/100|[from] item: Leftovers\n|upkeep\n|turn|26\n|\n|t:|1699151672\n|switch|p1a: Zamazenta|Zamazenta|100\/100\n|move|p2a: Alomomola|Scald|p1a: Zamazenta\n|-damage|p1a: Zamazenta|87\/100\n|\n|-heal|p1a: Zamazenta|100\/100|[from] move: Wish|[wisher] Dachsbun\n|-heal|p2a: Alomomola|100\/100|[from] move: Wish|[wisher] Alomomola\n|upkeep\n|turn|27\n|\n|t:|1699151678\n|move|p1a: Zamazenta|Substitute|p1a: Zamazenta\n|-start|p1a: Zamazenta|Substitute\n|-damage|p1a: Zamazenta|76\/100\n|move|p2a: Alomomola|Wish|p2a: Alomomola\n|\n|-heal|p1a: Zamazenta|82\/100|[from] item: Leftovers\n|upkeep\n|turn|28\n|\n|t:|1699151680\n|move|p1a: Zamazenta|Iron Defense|p1a: Zamazenta\n|-boost|p1a: Zamazenta|def|2\n|move|p2a: Alomomola|Flip Turn|p1a: Zamazenta\n|-activate|p1a: Zamazenta|move: Substitute|[damage]\n|\n|t:|1699151702\n|switch|p2a: Baxcalibur|Baxcalibur, M, shiny|100\/100|[from] Flip Turn\n|-damage|p2a: Baxcalibur|76\/100|[from] Stealth Rock\n|\n|-heal|p2a: Baxcalibur|100\/100|[from] move: Wish|[wisher] Alomomola\n|-heal|p1a: Zamazenta|88\/100|[from] item: Leftovers\n|upkeep\n|turn|29\n|\n|t:|1699151713\n|move|p1a: Zamazenta|Iron Defense|p1a: Zamazenta\n|-boost|p1a: Zamazenta|def|2\n|move|p2a: Baxcalibur|Scale Shot|p1a: Zamazenta\n|-activate|p1a: Zamazenta|move: Substitute|[damage]\n|-activate|p1a: Zamazenta|move: Substitute|[damage]\n|-activate|p1a: Zamazenta|move: Substitute|[damage]\n|-activate|p1a: Zamazenta|move: Substitute|[damage]\n|-activate|p1a: Zamazenta|move: Substitute|[damage]\n|-hitcount|p1a: Zamazenta|5\n|-unboost|p2a: Baxcalibur|def|1\n|-boost|p2a: Baxcalibur|spe|1\n|\n|-heal|p1a: Zamazenta|94\/100|[from] item: Leftovers\n|upkeep\n|turn|30\n|\n|t:|1699151722\n|move|p2a: Baxcalibur|Scale Shot|p1a: Zamazenta\n|-end|p1a: Zamazenta|Substitute\n|-damage|p1a: Zamazenta|90\/100\n|-damage|p1a: Zamazenta|86\/100\n|-damage|p1a: Zamazenta|83\/100\n|-damage|p1a: Zamazenta|79\/100\n|-hitcount|p1a: Zamazenta|5\n|-unboost|p2a: Baxcalibur|def|1\n|-boost|p2a: Baxcalibur|spe|1\n|move|p1a: Zamazenta|Body Press|p2a: Baxcalibur\n|-supereffective|p2a: Baxcalibur\n|-damage|p2a: Baxcalibur|0 fnt\n|faint|p2a: Baxcalibur\n|\n|-heal|p1a: Zamazenta|85\/100|[from] item: Leftovers\n|upkeep\n|\n|t:|1699151725\n|switch|p2a: Chi-Yu|Chi-Yu|76\/100\n|-damage|p2a: Chi-Yu|51\/100|[from] Stealth Rock\n|-ability|p2a: Chi-Yu|Beads of Ruin\n|turn|31\n|\n|t:|1699151734\n|move|p1a: Zamazenta|Protect|p1a: Zamazenta\n|-singleturn|p1a: Zamazenta|Protect\n|move|p2a: Chi-Yu|Psychic|p1a: Zamazenta\n|-activate|p1a: Zamazenta|move: Protect\n|\n|-heal|p1a: Zamazenta|91\/100|[from] item: Leftovers\n|upkeep\n|turn|32\n|\n|t:|1699151740\n|move|p2a: Chi-Yu|Psychic|p1a: Zamazenta\n|-supereffective|p1a: Zamazenta\n|-damage|p1a: Zamazenta|9\/100\n|move|p1a: Zamazenta|Body Press|p2a: Chi-Yu\n|-supereffective|p2a: Chi-Yu\n|-damage|p2a: Chi-Yu|0 fnt\n|faint|p2a: Chi-Yu\n|\n|-heal|p1a: Zamazenta|15\/100|[from] item: Leftovers\n|upkeep\n|\n|t:|1699151744\n|switch|p2a: Arceus|Arceus-Ghost, shiny, tera:Normal|76\/100\n|-damage|p2a: Arceus|63\/100|[from] Stealth Rock\n|turn|33\n|\n|t:|1699151746\n|move|p1a: Zamazenta|Protect|p1a: Zamazenta\n|-singleturn|p1a: Zamazenta|Protect\n|move|p2a: Arceus|Extreme Speed|p1a: Zamazenta\n|-activate|p1a: Zamazenta|move: Protect\n|\n|-heal|p1a: Zamazenta|21\/100|[from] item: Leftovers\n|upkeep\n|turn|34\n|\n|t:|1699151748\n|move|p2a: Arceus|Extreme Speed|p1a: Zamazenta\n|-damage|p1a: Zamazenta|10\/100\n|move|p1a: Zamazenta|Body Press|p2a: Arceus\n|-supereffective|p2a: Arceus\n|-damage|p2a: Arceus|0 fnt\n|faint|p2a: Arceus\n|\n|-heal|p1a: Zamazenta|16\/100|[from] item: Leftovers\n|upkeep\n|\n|t:|1699151756\n|switch|p2a: Alomomola|Alomomola, F|100\/100\n|turn|35\n|\n|t:|1699151758\n|move|p1a: Zamazenta|Protect|p1a: Zamazenta\n|-singleturn|p1a: Zamazenta|Protect\n|move|p2a: Alomomola|Flip Turn|p1a: Zamazenta\n|-activate|p1a: Zamazenta|move: Protect\n|\n|-heal|p1a: Zamazenta|22\/100|[from] item: Leftovers\n|upkeep\n|turn|36\n|\n|t:|1699151763\n|move|p1a: Zamazenta|Iron Defense|p1a: Zamazenta\n|-boost|p1a: Zamazenta|def|2\n|move|p2a: Alomomola|Scald|p1a: Zamazenta\n|-damage|p1a: Zamazenta|9\/100\n|\n|-heal|p1a: Zamazenta|15\/100|[from] item: Leftovers\n|upkeep\n|turn|37\n|\n|t:|1699151769\n|move|p1a: Zamazenta|Protect|p1a: Zamazenta\n|-singleturn|p1a: Zamazenta|Protect\n|move|p2a: Alomomola|Scald|p1a: Zamazenta\n|-activate|p1a: Zamazenta|move: Protect\n|\n|-heal|p1a: Zamazenta|21\/100|[from] item: Leftovers\n|upkeep\n|turn|38\n|\n|t:|1699151772\n|move|p1a: Zamazenta|Body Press|p2a: Alomomola\n|-damage|p2a: Alomomola|15\/100\n|move|p2a: Alomomola|Scald|p1a: Zamazenta\n|-damage|p1a: Zamazenta|9\/100\n|\n|-heal|p1a: Zamazenta|15\/100|[from] item: Leftovers\n|upkeep\n|turn|39\n|\n|t:|1699151775\n|move|p1a: Zamazenta|Body Press|p2a: Alomomola\n|-damage|p2a: Alomomola|0 fnt\n|faint|p2a: Alomomola\n|\n|-heal|p1a: Zamazenta|21\/100|[from] item: Leftovers\n|upkeep\n|\n|t:|1699151777\n|switch|p2a: Magearna|Magearna|28\/100\n|-damage|p2a: Magearna|22\/100|[from] Stealth Rock\n|turn|40\n|\n|t:|1699151779\n|move|p1a: Zamazenta|Protect|p1a: Zamazenta\n|-singleturn|p1a: Zamazenta|Protect\n|move|p2a: Magearna|Fleur Cannon|p1a: Zamazenta\n|-activate|p1a: Zamazenta|move: Protect\n|\n|-heal|p1a: Zamazenta|28\/100|[from] item: Leftovers\n|-heal|p2a: Magearna|28\/100|[from] item: Leftovers\n|upkeep\n|turn|41\n|\n|t:|1699151782\n|move|p1a: Zamazenta|Body Press|p2a: Magearna\n|-damage|p2a: Magearna|0 fnt\n|faint|p2a: Magearna\n|\n|win|the tr4sh man\n|c|\u2606the tr4sh man|gg\n|c|\u2606TubeKnight|gg\n|l|\u2606the tr4sh man\n|c|\u2606TubeKnight|well i guess alomomola isnt that good\n","uploadtime":1699151785,"views":15,"p1id":"thetr4shman","p2id":"tubeknight","formatid":"gen9ubers","rating":0,"private":0,"password":""}