{"id":"gen9ubers-1985100697","p1":"RoamingDia","p2":"DeadGoblin","format":"[Gen 9] Ubers","log":"|j|\u2606RoamingDia\n|j|\u2606DeadGoblin\n|t:|1699330901\n|gametype|singles\n|player|p1|RoamingDia|pokemaniac|\n|player|p2|DeadGoblin|cynthia|\n|teamsize|p1|6\n|teamsize|p2|6\n|gen|9\n|tier|[Gen 9] Ubers\n|rule|Sleep Clause Mod: Limit one foe put to sleep\n|rule|Species Clause: Limit one of each Pok\u00e9mon\n|rule|OHKO Clause: OHKO moves are banned\n|rule|Evasion Items Clause: Evasion items are banned\n|rule|Evasion Moves Clause: Evasion moves are banned\n|rule|Endless Battle Clause: Forcing endless battles is banned\n|rule|HP Percentage Mod: HP is shown in percentages\n|clearpoke\n|poke|p1|Sneasler, M|\n|poke|p1|Roaring Moon|\n|poke|p1|Walking Wake|\n|poke|p1|Lilligant-Hisui, F|\n|poke|p1|Torkoal, F|\n|poke|p1|Heatran, M|\n|poke|p2|Quaquaval, F|\n|poke|p2|Zapdos|\n|poke|p2|Gardevoir, F|\n|poke|p2|Armarouge, M|\n|poke|p2|Haxorus, F|\n|poke|p2|Cyclizar, M|\n|teampreview\n|j| BLACK METAL 3\n|j| Astyr.Pygos\n|j| pkpowers310\n|j| Squirshawott\n|\n|t:|1699330924\n|start\n|switch|p1a: Bently|Torkoal, F|100\/100\n|switch|p2a: Hax|Haxorus, F, shiny|100\/100\n|-ability|p2a: Hax|Mold Breaker\n|-weather|SunnyDay|[from] ability: Drought|[of] p1a: Bently\n|turn|1\n|\n|t:|1699330932\n|move|p2a: Hax|Earthquake|p1a: Bently\n|-supereffective|p1a: Bently\n|-damage|p1a: Bently|31\/100\n|-damage|p2a: Hax|91\/100|[from] item: Life Orb\n|move|p1a: Bently|Stealth Rock|p2a: Hax\n|-sidestart|p2: DeadGoblin|move: Stealth Rock\n|\n|-weather|SunnyDay|[upkeep]\n|upkeep\n|turn|2\n|\n|t:|1699330961\n|switch|p1a: Okuyasu Nijimura|Walking Wake|100\/100\n|-activate|p1a: Okuyasu Nijimura|ability: Protosynthesis\n|-start|p1a: Okuyasu Nijimura|protosynthesisspa\n|move|p2a: Hax|Poison Jab|p1a: Okuyasu Nijimura\n|-damage|p1a: Okuyasu Nijimura|59\/100\n|-damage|p2a: Hax|81\/100|[from] item: Life Orb\n|\n|-weather|SunnyDay|[upkeep]\n|upkeep\n|turn|3\n|\n|t:|1699330980\n|move|p1a: Okuyasu Nijimura|Hydro Steam|p2a: Hax\n|-resisted|p2a: Hax\n|-damage|p2a: Hax|0 fnt\n|faint|p2a: Hax\n|\n|-weather|SunnyDay|[upkeep]\n|upkeep\n|\n|t:|1699330991\n|switch|p2a: KFC|Zapdos, shiny|100\/100\n|-damage|p2a: KFC|75\/100|[from] Stealth Rock\n|turn|4\n|\n|t:|1699330998\n|move|p1a: Okuyasu Nijimura|Hydro Steam|p2a: KFC\n|-crit|p2a: KFC\n|-damage|p2a: KFC|0 fnt\n|faint|p2a: KFC\n|\n|-weather|SunnyDay|[upkeep]\n|upkeep\n|\n|t:|1699331020\n|switch|p2a: HungryBox|Cyclizar, M, shiny|100\/100\n|-damage|p2a: HungryBox|88\/100|[from] Stealth Rock\n|turn|5\n|\n|t:|1699331027\n|move|p2a: HungryBox|Substitute|p2a: HungryBox\n|-start|p2a: HungryBox|Substitute\n|-damage|p2a: HungryBox|63\/100\n|move|p1a: Okuyasu Nijimura|Hydro Steam|p2a: HungryBox\n|-resisted|p2a: HungryBox\n|-crit|p2a: HungryBox\n|-end|p2a: HungryBox|Substitute\n|\n|-weather|SunnyDay|[upkeep]\n|upkeep\n|turn|6\n|\n|t:|1699331046\n|-end|p1a: Okuyasu Nijimura|Protosynthesis|[silent]\n|switch|p1a: Pea Shooter|Lilligant-Hisui, F, shiny|100\/100\n|move|p2a: HungryBox|Substitute|p2a: HungryBox\n|-start|p2a: HungryBox|Substitute\n|-damage|p2a: HungryBox|38\/100\n|-enditem|p2a: HungryBox|Sitrus Berry|[eat]\n|-heal|p2a: HungryBox|63\/100|[from] item: Sitrus Berry\n|\n|-weather|SunnyDay|[upkeep]\n|upkeep\n|turn|7\n|\n|t:|1699331056\n|move|p1a: Pea Shooter|Victory Dance|p1a: Pea Shooter\n|-boost|p1a: Pea Shooter|atk|1\n|-boost|p1a: Pea Shooter|def|1\n|-boost|p1a: Pea Shooter|spe|1\n|move|p2a: HungryBox|Rapid Spin|p1a: Pea Shooter\n|-damage|p1a: Pea Shooter|83\/100\n|-boost|p2a: HungryBox|spe|1\n|-sideend|p2: DeadGoblin|Stealth Rock|[from] move: Rapid Spin|[of] p2a: HungryBox\n|\n|-weather|SunnyDay|[upkeep]\n|upkeep\n|turn|8\n|\n|t:|1699331077\n|move|p1a: Pea Shooter|Victory Dance|p1a: Pea Shooter\n|-boost|p1a: Pea Shooter|atk|1\n|-boost|p1a: Pea Shooter|def|1\n|-boost|p1a: Pea Shooter|spe|1\n|move|p2a: HungryBox|Outrage|p1a: Pea Shooter\n|-damage|p1a: Pea Shooter|53\/100\n|\n|-weather|none\n|upkeep\n|turn|9\n|\n|t:|1699331090\n|move|p1a: Pea Shooter|Ice Spinner|p2a: HungryBox\n|-supereffective|p2a: HungryBox\n|-end|p2a: HungryBox|Substitute\n|-damage|p1a: Pea Shooter|43\/100|[from] item: Life Orb\n|move|p2a: HungryBox|Outrage|p1a: Pea Shooter|[from]lockedmove\n|-damage|p1a: Pea Shooter|12\/100\n|\n|upkeep\n|turn|10\n|\n|t:|1699331099\n|move|p1a: Pea Shooter|Ice Spinner|p2a: HungryBox\n|-supereffective|p2a: HungryBox\n|-damage|p2a: HungryBox|0 fnt\n|faint|p2a: HungryBox\n|-damage|p1a: Pea Shooter|2\/100|[from] item: Life Orb\n|\n|upkeep\n|\n|t:|1699331106\n|switch|p2a: BIRD UP|Quaquaval, F|100\/100\n|turn|11\n|\n|t:|1699331111\n|move|p1a: Pea Shooter|Solar Blade||[still]\n|-prepare|p1a: Pea Shooter|Solar Blade\n|move|p2a: BIRD UP|Aqua Step|p1a: Pea Shooter\n|-resisted|p1a: Pea Shooter\n|-damage|p1a: Pea Shooter|0 fnt\n|-boost|p2a: BIRD UP|spe|1\n|faint|p1a: Pea Shooter\n|-ability|p2a: BIRD UP|Moxie|boost\n|-boost|p2a: BIRD UP|atk|1\n|\n|upkeep\n|\n|t:|1699331123\n|switch|p1a: Cooked Croak|Heatran, M|100\/100\n|turn|12\n|c| Squirshawott|ESPATHRA JR\n|\n|t:|1699331128\n|move|p2a: BIRD UP|Bulk Up|p2a: BIRD UP\n|-boost|p2a: BIRD UP|atk|1\n|-boost|p2a: BIRD UP|def|1\n|move|p1a: Cooked Croak|Will-O-Wisp|p2a: BIRD UP\n|-status|p2a: BIRD UP|brn\n|\n|-damage|p2a: BIRD UP|94\/100 brn|[from] brn\n|upkeep\n|turn|13\n|\n|t:|1699331138\n|move|p2a: BIRD UP|Bulk Up|p2a: BIRD UP\n|-boost|p2a: BIRD UP|atk|1\n|-boost|p2a: BIRD UP|def|1\n|move|p1a: Cooked Croak|Earth Power|p2a: BIRD UP\n|-damage|p2a: BIRD UP|57\/100 brn\n|\n|-heal|p2a: BIRD UP|63\/100 brn|[from] item: Leftovers\n|-damage|p2a: BIRD UP|57\/100 brn|[from] brn\n|upkeep\n|turn|14\n|\n|t:|1699331159\n|move|p2a: BIRD UP|Bulk Up|p2a: BIRD UP\n|-boost|p2a: BIRD UP|atk|1\n|-boost|p2a: BIRD UP|def|1\n|move|p1a: Cooked Croak|Flash Cannon|p2a: BIRD UP\n|-resisted|p2a: BIRD UP\n|-damage|p2a: BIRD UP|32\/100 brn\n|\n|-heal|p2a: BIRD UP|38\/100 brn|[from] item: Leftovers\n|-damage|p2a: BIRD UP|32\/100 brn|[from] brn\n|upkeep\n|turn|15\n|\n|t:|1699331167\n|move|p2a: BIRD UP|Roost|p2a: BIRD UP\n|-heal|p2a: BIRD UP|82\/100 brn\n|-singleturn|p2a: BIRD UP|move: Roost\n|move|p1a: Cooked Croak|Earth Power|p2a: BIRD UP\n|-damage|p2a: BIRD UP|43\/100 brn\n|\n|-heal|p2a: BIRD UP|49\/100 brn|[from] item: Leftovers\n|-damage|p2a: BIRD UP|43\/100 brn|[from] brn\n|upkeep\n|turn|16\n|\n|t:|1699331175\n|move|p2a: BIRD UP|Roost|p2a: BIRD UP\n|-heal|p2a: BIRD UP|93\/100 brn\n|-singleturn|p2a: BIRD UP|move: Roost\n|move|p1a: Cooked Croak|Earth Power|p2a: BIRD UP\n|-damage|p2a: BIRD UP|54\/100 brn\n|\n|-heal|p2a: BIRD UP|60\/100 brn|[from] item: Leftovers\n|-damage|p2a: BIRD UP|54\/100 brn|[from] brn\n|upkeep\n|turn|17\n|\n|t:|1699331184\n|move|p2a: BIRD UP|Aqua Step|p1a: Cooked Croak\n|-supereffective|p1a: Cooked Croak\n|-damage|p1a: Cooked Croak|18\/100\n|-boost|p2a: BIRD UP|spe|1\n|move|p1a: Cooked Croak|Magma Storm|p2a: BIRD UP\n|-resisted|p2a: BIRD UP\n|-damage|p2a: BIRD UP|23\/100 brn\n|-activate|p2a: BIRD UP|move: Magma Storm|[of] p1a: Cooked Croak\n|\n|-heal|p2a: BIRD UP|29\/100 brn|[from] item: Leftovers\n|-heal|p1a: Cooked Croak|24\/100|[from] item: Leftovers\n|-damage|p2a: BIRD UP|23\/100 brn|[from] brn\n|-damage|p2a: BIRD UP|11\/100 brn|[from] move: Magma Storm|[partiallytrapped]\n|upkeep\n|turn|18\n|\n|t:|1699331197\n|move|p2a: BIRD UP|Aqua Step|p1a: Cooked Croak\n|-supereffective|p1a: Cooked Croak\n|-damage|p1a: Cooked Croak|0 fnt\n|-boost|p2a: BIRD UP|spe|1\n|faint|p1a: Cooked Croak\n|-ability|p2a: BIRD UP|Moxie|boost\n|-boost|p2a: BIRD UP|atk|1\n|\n|-heal|p2a: BIRD UP|17\/100 brn|[from] item: Leftovers\n|-damage|p2a: BIRD UP|11\/100 brn|[from] brn\n|-end|p2a: BIRD UP|Magma Storm|[partiallytrapped]|[silent]\n|upkeep\n|\n|t:|1699331207\n|switch|p1a: Bently|Torkoal, F|31\/100\n|-weather|SunnyDay|[from] ability: Drought|[of] p1a: Bently\n|turn|19\n|\n|t:|1699331212\n|move|p2a: BIRD UP|Aqua Step|p1a: Bently\n|-supereffective|p1a: Bently\n|-damage|p1a: Bently|0 fnt\n|-boost|p2a: BIRD UP|spe|1\n|faint|p1a: Bently\n|-ability|p2a: BIRD UP|Moxie|boost\n|-boost|p2a: BIRD UP|atk|1\n|\n|-weather|SunnyDay|[upkeep]\n|-heal|p2a: BIRD UP|17\/100 brn|[from] item: Leftovers\n|-damage|p2a: BIRD UP|11\/100 brn|[from] brn\n|upkeep\n|\n|t:|1699331222\n|switch|p1a: Gazoontite|Sneasler, M|100\/100\n|turn|20\n|\n|t:|1699331226\n|move|p1a: Gazoontite|Fake Out|p2a: BIRD UP\n|-damage|p2a: BIRD UP|4\/100 brn\n|cant|p2a: BIRD UP|flinch\n|\n|-weather|SunnyDay|[upkeep]\n|-heal|p2a: BIRD UP|10\/100 brn|[from] item: Leftovers\n|-damage|p2a: BIRD UP|4\/100 brn|[from] brn\n|upkeep\n|turn|21\n|j| slugmaaa\n|\n|t:|1699331234\n|move|p2a: BIRD UP|Roost|p2a: BIRD UP\n|-heal|p2a: BIRD UP|54\/100 brn\n|-singleturn|p2a: BIRD UP|move: Roost\n|move|p1a: Gazoontite|U-turn|p2a: BIRD UP\n|-resisted|p2a: BIRD UP\n|-crit|p2a: BIRD UP\n|-damage|p2a: BIRD UP|33\/100 brn\n|\n|t:|1699331247\n|switch|p1a: Okuyasu Nijimura|Walking Wake|59\/100|[from] U-turn\n|-activate|p1a: Okuyasu Nijimura|ability: Protosynthesis\n|-start|p1a: Okuyasu Nijimura|protosynthesisspa\n|\n|-weather|SunnyDay|[upkeep]\n|-heal|p2a: BIRD UP|39\/100 brn|[from] item: Leftovers\n|-damage|p2a: BIRD UP|33\/100 brn|[from] brn\n|upkeep\n|turn|22\n|\n|t:|1699331255\n|move|p2a: BIRD UP|Ice Spinner|p1a: Okuyasu Nijimura\n|-damage|p1a: Okuyasu Nijimura|13\/100\n|move|p1a: Okuyasu Nijimura|Hydro Steam|p2a: BIRD UP\n|-resisted|p2a: BIRD UP\n|-damage|p2a: BIRD UP|0 fnt\n|faint|p2a: BIRD UP\n|\n|-weather|SunnyDay|[upkeep]\n|upkeep\n|\n|t:|1699331266\n|switch|p2a: Estrella|Gardevoir, F, shiny|100\/100\n|turn|23\n|\n|t:|1699331270\n|move|p2a: Estrella|Moonblast|p1a: Okuyasu Nijimura\n|-supereffective|p1a: Okuyasu Nijimura\n|-damage|p1a: Okuyasu Nijimura|0 fnt\n|faint|p1a: Okuyasu Nijimura\n|-end|p1a: Okuyasu Nijimura|Protosynthesis|[silent]\n|\n|-weather|SunnyDay|[upkeep]\n|upkeep\n|\n|t:|1699331276\n|switch|p1a: Gazoontite|Sneasler, M|100\/100\n|-ability|p2a: Estrella|Unburden|[from] ability: Trace|[of] p1a: Gazoontite\n|turn|24\n|\n|t:|1699331282\n|switch|p2a: MEGAMAN X|Armarouge, M, shiny|100\/100\n|move|p1a: Gazoontite|Dire Claw|p2a: MEGAMAN X\n|-damage|p2a: MEGAMAN X|66\/100\n|-status|p2a: MEGAMAN X|slp\n|\n|-weather|SunnyDay|[upkeep]\n|upkeep\n|turn|25\n|\n|t:|1699331295\n|move|p1a: Gazoontite|Dire Claw|p2a: MEGAMAN X\n|-damage|p2a: MEGAMAN X|33\/100 slp\n|cant|p2a: MEGAMAN X|slp\n|\n|-weather|SunnyDay|[upkeep]\n|upkeep\n|turn|26\n|\n|t:|1699331302\n|move|p1a: Gazoontite|Dire Claw|p2a: MEGAMAN X\n|-damage|p2a: MEGAMAN X|0 fnt\n|faint|p2a: MEGAMAN X\n|\n|-weather|none\n|upkeep\n|\n|t:|1699331309\n|switch|p2a: Estrella|Gardevoir, F, shiny|100\/100\n|-ability|p2a: Estrella|Unburden|[from] ability: Trace|[of] p1a: Gazoontite\n|turn|27\n|\n|t:|1699331363\n|move|p2a: Estrella|Psychic|p1a: Gazoontite\n|-supereffective|p1a: Gazoontite\n|-damage|p1a: Gazoontite|0 fnt\n|faint|p1a: Gazoontite\n|\n|upkeep\n|\n|t:|1699331367\n|switch|p1a: Noriaki Kakyoin|Roaring Moon, shiny|100\/100\n|-enditem|p1a: Noriaki Kakyoin|Booster Energy\n|-activate|p1a: Noriaki Kakyoin|ability: Protosynthesis|[fromitem]\n|-start|p1a: Noriaki Kakyoin|protosynthesisatk\n|turn|28\n|\n|t:|1699331374\n|move|p2a: Estrella|Psychic|p1a: Noriaki Kakyoin\n|-immune|p1a: Noriaki Kakyoin\n|move|p1a: Noriaki Kakyoin|Acrobatics|p2a: Estrella\n|-damage|p2a: Estrella|0 fnt\n|faint|p2a: Estrella\n|\n|win|RoamingDia\n|c|\u2606DeadGoblin|fuc k\n|l|\u2606RoamingDia\n|l| slugmaaa\n","uploadtime":1699332002,"views":12,"p1id":"roamingdia","p2id":"deadgoblin","formatid":"gen9ubers","rating":0,"private":0,"password":""}