{"id":"gen9ubers-1978701521","p1":"RubenPaCe","p2":"XpokVEVO","format":"[Gen 9] Ubers","log":"|j|\u2606RubenPaCe\n|j|\u2606XpokVEVO\n|t:|1698583888\n|gametype|singles\n|player|p1|RubenPaCe|camper|\n|player|p2|XpokVEVO|rika|\n|teamsize|p1|6\n|teamsize|p2|6\n|gen|9\n|tier|[Gen 9] Ubers\n|rule|Sleep Clause Mod: Limit one foe put to sleep\n|rule|Species Clause: Limit one of each Pok\u00e9mon\n|rule|OHKO Clause: OHKO moves are banned\n|rule|Evasion Items Clause: Evasion items are banned\n|rule|Evasion Moves Clause: Evasion moves are banned\n|rule|Endless Battle Clause: Forcing endless battles is banned\n|rule|HP Percentage Mod: HP is shown in percentages\n|clearpoke\n|poke|p1|Spectrier|\n|poke|p1|Zacian-*|\n|poke|p1|Ursaluna-Bloodmoon, M|\n|poke|p1|Magearna|\n|poke|p1|Arceus-Poison|\n|poke|p1|Giratina|\n|poke|p2|Ursaluna, M|\n|poke|p2|Magearna|\n|poke|p2|Dialga|\n|poke|p2|Glastrier|\n|poke|p2|Hoopa-Unbound|\n|poke|p2|Hatterene, F|\n|teampreview\n|\n|t:|1698583904\n|start\n|switch|p1a: Ursaluna|Ursaluna-Bloodmoon, M|100\/100\n|switch|p2a: Aunt Fanny|Magearna|100\/100\n|turn|1\n|\n|t:|1698583946\n|move|p1a: Ursaluna|Earth Power|p2a: Aunt Fanny\n|-supereffective|p2a: Aunt Fanny\n|-damage|p2a: Aunt Fanny|8\/100\n|-unboost|p2a: Aunt Fanny|spd|1\n|move|p2a: Aunt Fanny|Trick Room|p2a: Aunt Fanny\n|-fieldstart|move: Trick Room|[of] p2a: Aunt Fanny\n|\n|-heal|p2a: Aunt Fanny|14\/100|[from] item: Leftovers\n|upkeep\n|turn|2\n|\n|t:|1698583951\n|switch|p1a: Magearna|Magearna|100\/100\n|move|p2a: Aunt Fanny|Fleur Cannon|p1a: Magearna\n|-resisted|p1a: Magearna\n|-damage|p1a: Magearna|69\/100\n|-unboost|p2a: Aunt Fanny|spa|2\n|\n|-heal|p2a: Aunt Fanny|20\/100|[from] item: Leftovers\n|-heal|p1a: Magearna|75\/100|[from] item: Leftovers\n|upkeep\n|turn|3\n|\n|t:|1698583953\n|switch|p1a: Ursaluna|Ursaluna-Bloodmoon, M|100\/100\n|move|p2a: Aunt Fanny|Flash Cannon|p1a: Ursaluna\n|-damage|p1a: Ursaluna|73\/100\n|\n|-heal|p2a: Aunt Fanny|26\/100|[from] item: Leftovers\n|-heal|p1a: Ursaluna|79\/100|[from] item: Leftovers\n|upkeep\n|turn|4\n|inactive|Battle timer is ON: inactive players will automatically lose when time's up. (requested by XpokVEVO)\n|\n|t:|1698583958\n|move|p2a: Aunt Fanny|Fleur Cannon|p1a: Ursaluna\n|-damage|p1a: Ursaluna|31\/100\n|-unboost|p2a: Aunt Fanny|spa|2\n|move|p1a: Ursaluna|Calm Mind|p1a: Ursaluna\n|-boost|p1a: Ursaluna|spa|1\n|-boost|p1a: Ursaluna|spd|1\n|\n|-heal|p2a: Aunt Fanny|32\/100|[from] item: Leftovers\n|-heal|p1a: Ursaluna|38\/100|[from] item: Leftovers\n|upkeep\n|turn|5\n|\n|t:|1698583960\n|move|p2a: Aunt Fanny|Fleur Cannon|p1a: Ursaluna\n|-damage|p1a: Ursaluna|16\/100\n|-unboost|p2a: Aunt Fanny|spa|2\n|move|p1a: Ursaluna|Moonlight|p1a: Ursaluna\n|-heal|p1a: Ursaluna|66\/100\n|\n|-heal|p2a: Aunt Fanny|38\/100|[from] item: Leftovers\n|-heal|p1a: Ursaluna|72\/100|[from] item: Leftovers\n|-fieldend|move: Trick Room\n|upkeep\n|turn|6\n|\n|t:|1698583963\n|move|p1a: Ursaluna|Earth Power|p2a: Aunt Fanny\n|-supereffective|p2a: Aunt Fanny\n|-damage|p2a: Aunt Fanny|0 fnt\n|faint|p2a: Aunt Fanny\n|\n|-heal|p1a: Ursaluna|78\/100|[from] item: Leftovers\n|upkeep\n|\n|t:|1698583967\n|switch|p2a: ItWILLuseTrickRoom|Hatterene, F, shiny|100\/100\n|turn|7\n|\n|t:|1698583970\n|move|p1a: Ursaluna|Calm Mind|p1a: Ursaluna\n|-boost|p1a: Ursaluna|spa|1\n|-boost|p1a: Ursaluna|spd|1\n|move|p2a: ItWILLuseTrickRoom|Trick Room|p2a: ItWILLuseTrickRoom\n|-fieldstart|move: Trick Room|[of] p2a: ItWILLuseTrickRoom\n|\n|-heal|p1a: Ursaluna|84\/100|[from] item: Leftovers\n|upkeep\n|turn|8\n|\n|t:|1698583972\n|move|p2a: ItWILLuseTrickRoom|Misty Explosion|p1a: Ursaluna\n|-damage|p1a: Ursaluna|51\/100\n|faint|p2a: ItWILLuseTrickRoom\n|move|p1a: Ursaluna|Moonlight|p1a: Ursaluna\n|-heal|p1a: Ursaluna|100\/100\n|\n|upkeep\n|\n|t:|1698583975\n|switch|p2a: PUBL|Glastrier|100\/100\n|turn|9\n|\n|t:|1698583980\n|-terastallize|p1a: Ursaluna|Poison\n|move|p2a: PUBL|Icicle Crash|p1a: Ursaluna\n|-damage|p1a: Ursaluna|50\/100\n|-damage|p2a: PUBL|91\/100|[from] item: Life Orb\n|move|p1a: Ursaluna|Blood Moon|p2a: PUBL\n|-damage|p2a: PUBL|0 fnt\n|faint|p2a: PUBL\n|\n|-heal|p1a: Ursaluna|56\/100|[from] item: Leftovers\n|upkeep\n|\n|t:|1698583983\n|switch|p2a: ThingThtShouldNotB|Hoopa-Unbound|100\/100\n|turn|10\n|\n|t:|1698583990\n|switch|p1a: Magearna|Magearna|75\/100\n|move|p2a: ThingThtShouldNotB|Hyperspace Fury|p1a: Magearna\n|-resisted|p1a: Magearna\n|-damage|p1a: Magearna|47\/100\n|-unboost|p2a: ThingThtShouldNotB|def|1\n|-damage|p2a: ThingThtShouldNotB|91\/100|[from] item: Life Orb\n|\n|-heal|p1a: Magearna|53\/100|[from] item: Leftovers\n|upkeep\n|turn|11\n|\n|t:|1698583994\n|move|p2a: ThingThtShouldNotB|Focus Blast|p1a: Magearna|[miss]\n|-miss|p2a: ThingThtShouldNotB|p1a: Magearna\n|move|p1a: Magearna|Fleur Cannon|p2a: ThingThtShouldNotB\n|-supereffective|p2a: ThingThtShouldNotB\n|-damage|p2a: ThingThtShouldNotB|0 fnt\n|-unboost|p1a: Magearna|spa|2\n|faint|p2a: ThingThtShouldNotB\n|-ability|p1a: Magearna|Soul-Heart|boost\n|-boost|p1a: Magearna|spa|1\n|\n|-heal|p1a: Magearna|59\/100|[from] item: Leftovers\n|-fieldend|move: Trick Room\n|upkeep\n|\n|t:|1698583997\n|switch|p2a: Gootbye|Dialga, shiny|100\/100\n|-ability|p2a: Gootbye|Pressure\n|turn|12\n|\n|t:|1698584000\n|move|p1a: Magearna|Spikes|p2a: Gootbye\n|-sidestart|p2: XpokVEVO|Spikes\n|move|p2a: Gootbye|Trick Room|p2a: Gootbye\n|-fieldstart|move: Trick Room|[of] p2a: Gootbye\n|\n|-heal|p1a: Magearna|65\/100|[from] item: Leftovers\n|upkeep\n|turn|13\n|\n|t:|1698584003\n|move|p2a: Gootbye|Flash Cannon|p1a: Magearna\n|-damage|p1a: Magearna|24\/100\n|move|p1a: Magearna|Spikes|p2a: Gootbye\n|-sidestart|p2: XpokVEVO|Spikes\n|\n|-heal|p1a: Magearna|30\/100|[from] item: Leftovers\n|upkeep\n|turn|14\n|\n|t:|1698584010\n|move|p2a: Gootbye|Flash Cannon|p1a: Magearna\n|-damage|p1a: Magearna|0 fnt\n|faint|p1a: Magearna\n|\n|upkeep\n|\n|t:|1698584011\n|switch|p1a: Ursaluna|Ursaluna-Bloodmoon, M, tera:Poison|56\/100\n|turn|15\n|\n|t:|1698584014\n|move|p2a: Gootbye|Draco Meteor|p1a: Ursaluna\n|-damage|p1a: Ursaluna|0 fnt\n|-unboost|p2a: Gootbye|spa|2\n|-enditem|p2a: Gootbye|Eject Pack\n|faint|p1a: Ursaluna\n|\n|t:|1698584016\n|switch|p2a: ONEPUUUUNCH|Ursaluna, M, shiny|100\/100\n|-damage|p2a: ONEPUUUUNCH|84\/100|[from] Spikes\n|\n|-status|p2a: ONEPUUUUNCH|brn|[from] item: Flame Orb\n|upkeep\n|\n|t:|1698584019\n|switch|p1a: Giratina|Giratina|100\/100\n|-ability|p1a: Giratina|Pressure\n|turn|16\n|\n|t:|1698584035\n|move|p2a: ONEPUUUUNCH|Gunk Shot|p1a: Giratina\n|-resisted|p1a: Giratina\n|-damage|p1a: Giratina|79\/100\n|move|p1a: Giratina|Roar|p2a: ONEPUUUUNCH\n|drag|p2a: Gootbye|Dialga, shiny|100\/100\n|-damage|p2a: Gootbye|84\/100|[from] Spikes\n|-ability|p2a: Gootbye|Pressure\n|\n|-fieldend|move: Trick Room\n|upkeep\n|turn|17\n|\n|t:|1698584040\n|move|p1a: Giratina|Will-O-Wisp|p2a: Gootbye\n|-status|p2a: Gootbye|brn\n|move|p2a: Gootbye|Draco Meteor|p1a: Giratina\n|-supereffective|p1a: Giratina\n|-damage|p1a: Giratina|11\/100\n|-unboost|p2a: Gootbye|spa|2\n|\n|-damage|p2a: Gootbye|78\/100 brn|[from] brn\n|upkeep\n|turn|18\n|\n|t:|1698584052\n|move|p1a: Giratina|Hex|p2a: Gootbye\n|-damage|p2a: Gootbye|40\/100 brn\n|move|p2a: Gootbye|Trick Room|p2a: Gootbye\n|-fieldstart|move: Trick Room|[of] p2a: Gootbye\n|\n|-damage|p2a: Gootbye|34\/100 brn|[from] brn\n|upkeep\n|turn|19\n|\n|t:|1698584060\n|move|p2a: Gootbye|Draco Meteor|p1a: Giratina\n|-supereffective|p1a: Giratina\n|-damage|p1a: Giratina|0 fnt\n|-unboost|p2a: Gootbye|spa|2\n|faint|p1a: Giratina\n|\n|-damage|p2a: Gootbye|27\/100 brn|[from] brn\n|upkeep\n|\n|t:|1698584062\n|switch|p1a: Spectrier|Spectrier|100\/100\n|turn|20\n|\n|t:|1698584064\n|move|p1a: Spectrier|Substitute|p1a: Spectrier\n|-start|p1a: Spectrier|Substitute\n|-damage|p1a: Spectrier|76\/100\n|move|p2a: Gootbye|Roar|p1a: Spectrier\n|drag|p1a: Zacian|Zacian|100\/100\n|-ability|p1a: Zacian|Intrepid Sword|boost\n|-boost|p1a: Zacian|atk|1\n|\n|-damage|p2a: Gootbye|21\/100 brn|[from] brn\n|upkeep\n|turn|21\n|\n|t:|1698584074\n|switch|p1a: Arceus|Arceus-Poison|100\/100\n|move|p2a: Gootbye|Flash Cannon|p1a: Arceus\n|-damage|p1a: Arceus|90\/100\n|-unboost|p1a: Arceus|spd|1\n|\n|-damage|p2a: Gootbye|15\/100 brn|[from] brn\n|upkeep\n|turn|22\n|\n|t:|1698584079\n|move|p2a: Gootbye|Draco Meteor|p1a: Arceus\n|-damage|p1a: Arceus|63\/100\n|-unboost|p2a: Gootbye|spa|2\n|move|p1a: Arceus|Earth Power|p2a: Gootbye\n|-supereffective|p2a: Gootbye\n|-damage|p2a: Gootbye|0 fnt\n|faint|p2a: Gootbye\n|\n|-fieldend|move: Trick Room\n|upkeep\n|\n|t:|1698584082\n|switch|p2a: ONEPUUUUNCH|Ursaluna, M, shiny|84\/100 brn\n|-damage|p2a: ONEPUUUUNCH|67\/100 brn|[from] Spikes\n|turn|23\n|\n|t:|1698584087\n|move|p1a: Arceus|Earth Power|p2a: ONEPUUUUNCH\n|-damage|p2a: ONEPUUUUNCH|47\/100 brn\n|move|p2a: ONEPUUUUNCH|Facade|p1a: Arceus\n|-damage|p1a: Arceus|0 fnt\n|faint|p1a: Arceus\n|\n|-damage|p2a: ONEPUUUUNCH|40\/100 brn|[from] brn\n|upkeep\n|\n|t:|1698584094\n|switch|p1a: Zacian|Zacian|100\/100\n|turn|24\n|\n|t:|1698584103\n|-terastallize|p2a: ONEPUUUUNCH|Ghost\n|move|p1a: Zacian|Close Combat|p2a: ONEPUUUUNCH\n|-immune|p2a: ONEPUUUUNCH\n|move|p2a: ONEPUUUUNCH|Facade|p1a: Zacian\n|-damage|p1a: Zacian|0 fnt\n|faint|p1a: Zacian\n|\n|-damage|p2a: ONEPUUUUNCH|34\/100 brn|[from] brn\n|upkeep\n|\n|t:|1698584105\n|switch|p1a: Spectrier|Spectrier|76\/100\n|turn|25\n|\n|t:|1698584107\n|move|p1a: Spectrier|Shadow Ball|p2a: ONEPUUUUNCH\n|-supereffective|p2a: ONEPUUUUNCH\n|-damage|p2a: ONEPUUUUNCH|0 fnt\n|faint|p2a: ONEPUUUUNCH\n|\n|win|RubenPaCe\n|c|\u2606RubenPaCe|gg\n","uploadtime":1698584118,"views":19,"p1id":"rubenpace","p2id":"xpokvevo","formatid":"gen9ubers","rating":0,"private":0,"password":""}