{"id":"gen9ubers-1977038239","p1":"Deriverse","p2":"Pokemon Master 801","format":"[Gen 9] Ubers","log":"|j|\u2606Deriverse\n|j|\u2606Pokemon Master 801\n|t:|1698364563\n|gametype|singles\n|player|p1|Deriverse|roxanne|1253\n|player|p2|Pokemon Master 801|red|1345\n|teamsize|p1|6\n|teamsize|p2|6\n|gen|9\n|tier|[Gen 9] Ubers\n|rated|\n|rule|Sleep Clause Mod: Limit one foe put to sleep\n|rule|Species Clause: Limit one of each Pok\u00e9mon\n|rule|OHKO Clause: OHKO moves are banned\n|rule|Evasion Items Clause: Evasion items are banned\n|rule|Evasion Moves Clause: Evasion moves are banned\n|rule|Endless Battle Clause: Forcing endless battles is banned\n|rule|HP Percentage Mod: HP is shown in percentages\n|clearpoke\n|poke|p1|Shaymin-Sky|\n|poke|p1|Flutter Mane|\n|poke|p1|Groudon|\n|poke|p1|Chi-Yu|\n|poke|p1|Ribombee, F|\n|poke|p1|Great Tusk|\n|poke|p2|Spidops, F|\n|poke|p2|Regieleki|\n|poke|p2|Greninja-*, M|\n|poke|p2|Arceus|\n|poke|p2|Basculegion, M|\n|poke|p2|Koraidon|\n|teampreview\n|inactive|Battle timer is ON: inactive players will automatically lose when time's up. (requested by Pokemon Master 801)\n|inactive|Deriverse has 120 seconds left.\n|\n|t:|1698364607\n|start\n|switch|p1a: Ribombee|Ribombee, F|100\/100\n|switch|p2a: Spidops|Spidops, F|100\/100\n|turn|1\n|\n|t:|1698364611\n|move|p1a: Ribombee|Moonblast|p2a: Spidops\n|-damage|p2a: Spidops|52\/100\n|move|p2a: Spidops|Sticky Web|p1a: Ribombee\n|-sidestart|p1: Deriverse|move: Sticky Web\n|\n|upkeep\n|turn|2\n|\n|t:|1698364618\n|move|p1a: Ribombee|Sticky Web|p2a: Spidops\n|-sidestart|p2: Pokemon Master 801|move: Sticky Web\n|move|p2a: Spidops|Circle Throw|p1a: Ribombee\n|-resisted|p1a: Ribombee\n|-damage|p1a: Ribombee|95\/100\n|drag|p1a: Groudon|Groudon|100\/100\n|-activate|p1a: Groudon|move: Sticky Web\n|-unboost|p1a: Groudon|spe|1\n|-weather|SunnyDay|[from] ability: Drought|[of] p1a: Groudon\n|\n|-weather|SunnyDay|[upkeep]\n|upkeep\n|turn|3\n|\n|t:|1698364627\n|move|p1a: Groudon|Heat Crash|p2a: Spidops\n|-supereffective|p2a: Spidops\n|-damage|p2a: Spidops|0 fnt\n|faint|p2a: Spidops\n|\n|-weather|SunnyDay|[upkeep]\n|upkeep\n|\n|t:|1698364638\n|switch|p2a: Arceus|Arceus|100\/100\n|-activate|p2a: Arceus|move: Sticky Web\n|-unboost|p2a: Arceus|spe|1\n|turn|4\n|\n|t:|1698364645\n|move|p2a: Arceus|Swords Dance|p2a: Arceus\n|-boost|p2a: Arceus|atk|2\n|move|p1a: Groudon|Swords Dance|p1a: Groudon\n|-boost|p1a: Groudon|atk|2\n|\n|-weather|SunnyDay|[upkeep]\n|upkeep\n|turn|5\n|\n|t:|1698364652\n|move|p2a: Arceus|Extreme Speed|p1a: Groudon\n|-damage|p1a: Groudon|28\/100\n|-damage|p2a: Arceus|91\/100|[from] item: Life Orb\n|move|p1a: Groudon|Precipice Blades|p2a: Arceus\n|-damage|p2a: Arceus|0 fnt\n|faint|p2a: Arceus\n|\n|-weather|SunnyDay|[upkeep]\n|upkeep\n|\n|t:|1698364657\n|switch|p2a: Greninja|Greninja, M|100\/100\n|-activate|p2a: Greninja|move: Sticky Web\n|-unboost|p2a: Greninja|spe|1\n|turn|6\n|\n|t:|1698364669\n|move|p2a: Greninja|Ice Beam|p1a: Groudon\n|-supereffective|p1a: Groudon\n|-damage|p1a: Groudon|0 fnt\n|faint|p1a: Groudon\n|-ability|p2a: Greninja|Battle Bond|boost\n|-boost|p2a: Greninja|atk|1\n|-boost|p2a: Greninja|spa|1\n|-boost|p2a: Greninja|spe|1\n|-activate|p2a: Greninja|ability: Battle Bond\n|-damage|p2a: Greninja|91\/100|[from] item: Life Orb\n|\n|-weather|SunnyDay|[upkeep]\n|upkeep\n|\n|t:|1698364673\n|switch|p1a: Shaymin|Shaymin-Sky|100\/100\n|turn|7\n|\n|t:|1698364676\n|-terastallize|p2a: Greninja|Ice\n|move|p1a: Shaymin|Seed Flare|p2a: Greninja\n|-damage|p2a: Greninja|0 fnt\n|faint|p2a: Greninja\n|\n|-weather|SunnyDay|[upkeep]\n|upkeep\n|\n|t:|1698364685\n|switch|p2a: Koraidon|Koraidon|100\/100\n|-activate|p2a: Koraidon|move: Sticky Web\n|-unboost|p2a: Koraidon|spe|1\n|-activate|p2a: Koraidon|ability: Orichalcum Pulse\n|turn|8\n|\n|t:|1698364689\n|switch|p1a: Great Tusk|Great Tusk|100\/100\n|-activate|p1a: Great Tusk|ability: Protosynthesis\n|-start|p1a: Great Tusk|protosynthesisatk\n|move|p2a: Koraidon|Flare Blitz|p1a: Great Tusk\n|-damage|p1a: Great Tusk|36\/100\n|-damage|p2a: Koraidon|74\/100|[from] Recoil\n|-damage|p2a: Koraidon|64\/100|[from] item: Life Orb\n|\n|-weather|SunnyDay|[upkeep]\n|upkeep\n|turn|9\n|\n|t:|1698364697\n|move|p2a: Koraidon|Flare Blitz|p1a: Great Tusk\n|-damage|p1a: Great Tusk|0 fnt\n|faint|p1a: Great Tusk\n|-end|p1a: Great Tusk|Protosynthesis|[silent]\n|-damage|p2a: Koraidon|49\/100|[from] Recoil\n|-damage|p2a: Koraidon|39\/100|[from] item: Life Orb\n|\n|-weather|none\n|upkeep\n|\n|t:|1698364703\n|switch|p1a: Shaymin|Shaymin-Sky|100\/100\n|turn|10\n|\n|t:|1698364707\n|move|p1a: Shaymin|Air Slash|p2a: Koraidon\n|-supereffective|p2a: Koraidon\n|-damage|p2a: Koraidon|0 fnt\n|faint|p2a: Koraidon\n|\n|upkeep\n|\n|t:|1698364708\n|switch|p2a: Regieleki|Regieleki|100\/100\n|turn|11\n|\n|t:|1698364718\n|move|p1a: Shaymin|Air Slash|p2a: Regieleki|[miss]\n|-miss|p1a: Shaymin|p2a: Regieleki\n|move|p2a: Regieleki|Rapid Spin|p1a: Shaymin\n|-damage|p1a: Shaymin|88\/100\n|-boost|p2a: Regieleki|spe|1\n|-sideend|p2: Pokemon Master 801|Sticky Web|[from] move: Rapid Spin|[of] p2a: Regieleki\n|\n|upkeep\n|turn|12\n|\n|t:|1698364727\n|switch|p1a: Ribombee|Ribombee, F|95\/100\n|-activate|p1a: Ribombee|move: Sticky Web\n|-unboost|p1a: Ribombee|spe|1\n|move|p2a: Regieleki|Thunderbolt|p1a: Ribombee\n|-damage|p1a: Ribombee|2\/100\n|\n|upkeep\n|turn|13\n|\n|t:|1698364734\n|move|p2a: Regieleki|Thunderbolt|p1a: Ribombee\n|-damage|p1a: Ribombee|0 fnt\n|faint|p1a: Ribombee\n|\n|upkeep\n|\n|t:|1698364736\n|switch|p1a: Flutter Mane|Flutter Mane|100\/100\n|-activate|p1a: Flutter Mane|move: Sticky Web\n|-unboost|p1a: Flutter Mane|spe|1\n|turn|14\n|\n|t:|1698364738\n|move|p2a: Regieleki|Thunderbolt|p1a: Flutter Mane\n|-damage|p1a: Flutter Mane|46\/100\n|-status|p1a: Flutter Mane|par\n|move|p1a: Flutter Mane|Moonblast|p2a: Regieleki\n|-damage|p2a: Regieleki|3\/100\n|-unboost|p2a: Regieleki|spa|1\n|\n|-heal|p1a: Flutter Mane|51\/100 par|[from] item: Leftovers\n|upkeep\n|turn|15\n|\n|t:|1698364747\n|move|p2a: Regieleki|Thunderbolt|p1a: Flutter Mane\n|-damage|p1a: Flutter Mane|11\/100 par\n|cant|p1a: Flutter Mane|par\n|\n|-heal|p1a: Flutter Mane|17\/100 par|[from] item: Leftovers\n|upkeep\n|turn|16\n|\n|t:|1698364751\n|move|p2a: Regieleki|Thunderbolt|p1a: Flutter Mane\n|-damage|p1a: Flutter Mane|0 fnt\n|faint|p1a: Flutter Mane\n|-end|p1a: Flutter Mane|Protosynthesis|[silent]\n|\n|upkeep\n|\n|t:|1698364753\n|switch|p1a: Chi-Yu|Chi-Yu|100\/100\n|-activate|p1a: Chi-Yu|move: Sticky Web\n|-unboost|p1a: Chi-Yu|spe|1\n|-ability|p1a: Chi-Yu|Beads of Ruin\n|turn|17\n|\n|t:|1698364758\n|move|p2a: Regieleki|Thunderbolt|p1a: Chi-Yu\n|-damage|p1a: Chi-Yu|57\/100\n|move|p1a: Chi-Yu|Dark Pulse|p2a: Regieleki\n|-damage|p2a: Regieleki|0 fnt\n|faint|p2a: Regieleki\n|\n|upkeep\n|\n|t:|1698364760\n|switch|p2a: Basculegion|Basculegion, M|100\/100\n|turn|18\n|\n|t:|1698364764\n|move|p2a: Basculegion|Last Respects|p1a: Chi-Yu\n|-resisted|p1a: Chi-Yu\n|-damage|p1a: Chi-Yu|0 fnt\n|faint|p1a: Chi-Yu\n|\n|upkeep\n|\n|t:|1698364767\n|switch|p1a: Shaymin|Shaymin-Sky|88\/100\n|turn|19\n|\n|t:|1698364773\n|move|p1a: Shaymin|Seed Flare|p2a: Basculegion\n|-supereffective|p2a: Basculegion\n|-damage|p2a: Basculegion|0 fnt\n|faint|p2a: Basculegion\n|\n|win|Deriverse\n|raw|Deriverse's rating: 1253 &rarr; <strong>1284<\/strong><br \/>(+31 for winning)\n|raw|Pokemon Master 801's rating: 1345 &rarr; <strong>1320<\/strong><br \/>(-25 for losing)\n|l|\u2606Pokemon Master 801\n","uploadtime":1698364798,"views":8,"p1id":"deriverse","p2id":"pokemonmaster801","formatid":"gen9ubers","rating":1284,"private":0,"password":""}