{"id":"gen9ubers-1996363950","p1":"Blitz2656","p2":"Rei_darkness","format":"[Gen 9] Ubers","log":"|j|\u2606Blitz2656\n|j|\u2606Rei_darkness\n|t:|1700674961\n|gametype|singles\n|player|p1|Blitz2656|mustard-master|\n|player|p2|Rei_darkness|drayden|\n|teamsize|p1|6\n|teamsize|p2|6\n|gen|9\n|tier|[Gen 9] Ubers\n|rule|Sleep Clause Mod: Limit one foe put to sleep\n|rule|Species Clause: Limit one of each Pok\u00e9mon\n|rule|OHKO Clause: OHKO moves are banned\n|rule|Evasion Items Clause: Evasion items are banned\n|rule|Evasion Moves Clause: Evasion moves are banned\n|rule|Endless Battle Clause: Forcing endless battles is banned\n|rule|HP Percentage Mod: HP is shown in percentages\n|clearpoke\n|poke|p1|Magearna|\n|poke|p1|Klefki, F|\n|poke|p1|Dragalge, F|\n|poke|p1|Gothitelle, M|\n|poke|p1|Torkoal, M|\n|poke|p1|Salamence, M|\n|poke|p2|Ribombee, F|\n|poke|p2|Iron Jugulis|\n|poke|p2|Weezing-Galar, M|\n|poke|p2|Dusclops, M|\n|poke|p2|Thundurus, M|\n|poke|p2|Clefable, M|\n|teampreview\n|inactive|Battle timer is ON: inactive players will automatically lose when time's up. (requested by Blitz2656)\n|c|\u2606Rei_darkness|steel beam klefki is pawesome\n|c|\u2606Blitz2656|dont question this team\n|\n|t:|1700674982\n|start\n|switch|p1a: Give me swagger|Klefki, F|100\/100\n|switch|p2a: Ribombee|Ribombee, F|100\/100\n|turn|1\n|\n|t:|1700674986\n|move|p1a: Give me swagger|Thunder Wave|p2a: Ribombee\n|-status|p2a: Ribombee|par\n|move|p2a: Ribombee|Sticky Web|p1a: Give me swagger\n|-sidestart|p1: Blitz2656|move: Sticky Web\n|\n|upkeep\n|turn|2\n|\n|t:|1700674995\n|switch|p2a: Dusclops|Dusclops, M|100\/100\n|-item|p1a: Give me swagger|Leftovers|[from] ability: Frisk|[of] p2a: Dusclops|[identify]\n|move|p1a: Give me swagger|Calm Mind|p1a: Give me swagger\n|-boost|p1a: Give me swagger|spa|1\n|-boost|p1a: Give me swagger|spd|1\n|\n|upkeep\n|turn|3\n|\n|t:|1700675000\n|move|p1a: Give me swagger|Calm Mind|p1a: Give me swagger\n|-boost|p1a: Give me swagger|spa|1\n|-boost|p1a: Give me swagger|spd|1\n|move|p2a: Dusclops|Haze|p2a: Dusclops\n|-clearallboost\n|\n|upkeep\n|turn|4\n|\n|t:|1700675004\n|move|p1a: Give me swagger|Calm Mind|p1a: Give me swagger\n|-boost|p1a: Give me swagger|spa|1\n|-boost|p1a: Give me swagger|spd|1\n|move|p2a: Dusclops|Will-O-Wisp|p1a: Give me swagger\n|-status|p1a: Give me swagger|brn\n|\n|-damage|p1a: Give me swagger|95\/100 brn|[from] brn\n|upkeep\n|turn|5\n|\n|t:|1700675011\n|move|p1a: Give me swagger|Calm Mind|p1a: Give me swagger\n|-boost|p1a: Give me swagger|spa|1\n|-boost|p1a: Give me swagger|spd|1\n|move|p2a: Dusclops|Pain Split|p1a: Give me swagger\n|-sethp|p1a: Give me swagger|92\/100 brn|[from] move: Pain Split|[silent]\n|-sethp|p2a: Dusclops|100\/100|[from] move: Pain Split\n|\n|-heal|p1a: Give me swagger|98\/100 brn|[from] item: Leftovers\n|-damage|p1a: Give me swagger|92\/100 brn|[from] brn\n|upkeep\n|turn|6\n|\n|t:|1700675015\n|move|p1a: Give me swagger|Dazzling Gleam|p2a: Dusclops\n|-damage|p2a: Dusclops|67\/100\n|move|p2a: Dusclops|Haze|p2a: Dusclops\n|-clearallboost\n|\n|-heal|p1a: Give me swagger|98\/100 brn|[from] item: Leftovers\n|-damage|p1a: Give me swagger|92\/100 brn|[from] brn\n|upkeep\n|turn|7\n|\n|t:|1700675020\n|move|p1a: Give me swagger|Thunder Wave|p2a: Dusclops\n|-status|p2a: Dusclops|par\n|move|p2a: Dusclops|Night Shade|p1a: Give me swagger\n|-damage|p1a: Give me swagger|61\/100 brn\n|\n|-heal|p1a: Give me swagger|67\/100 brn|[from] item: Leftovers\n|-damage|p1a: Give me swagger|61\/100 brn|[from] brn\n|upkeep\n|turn|8\n|\n|t:|1700675024\n|cant|p2a: Dusclops|par\n|move|p1a: Give me swagger|Trick Room|p1a: Give me swagger\n|-fieldstart|move: Trick Room|[of] p1a: Give me swagger\n|\n|-heal|p1a: Give me swagger|67\/100 brn|[from] item: Leftovers\n|-damage|p1a: Give me swagger|61\/100 brn|[from] brn\n|upkeep\n|turn|9\n|\n|t:|1700675027\n|switch|p1a: Koraidon (trust)|Torkoal, M|100\/100\n|-activate|p1a: Koraidon (trust)|move: Sticky Web\n|-unboost|p1a: Koraidon (trust)|spe|1\n|-weather|SunnyDay|[from] ability: Drought|[of] p1a: Koraidon (trust)\n|cant|p2a: Dusclops|par\n|\n|-weather|SunnyDay|[upkeep]\n|upkeep\n|turn|10\n|\n|t:|1700675033\n|cant|p2a: Dusclops|par\n|move|p1a: Koraidon (trust)|Eruption|p2a: Dusclops\n|-damage|p2a: Dusclops|20\/100 par\n|\n|-weather|SunnyDay|[upkeep]\n|upkeep\n|turn|11\n|\n|t:|1700675037\n|move|p2a: Dusclops|Pain Split|p1a: Koraidon (trust)\n|-sethp|p1a: Koraidon (trust)|58\/100|[from] move: Pain Split|[silent]\n|-sethp|p2a: Dusclops|71\/100 par|[from] move: Pain Split\n|move|p1a: Koraidon (trust)|Eruption|p2a: Dusclops\n|-damage|p2a: Dusclops|42\/100 par\n|\n|-weather|SunnyDay|[upkeep]\n|upkeep\n|turn|12\n|\n|t:|1700675044\n|move|p2a: Dusclops|Night Shade|p1a: Koraidon (trust)\n|-damage|p1a: Koraidon (trust)|29\/100\n|move|p1a: Koraidon (trust)|Flamethrower|p2a: Dusclops\n|-damage|p2a: Dusclops|15\/100 par\n|\n|-weather|SunnyDay|[upkeep]\n|-fieldend|move: Trick Room\n|upkeep\n|turn|13\n|\n|t:|1700675048\n|move|p1a: Koraidon (trust)|Flamethrower|p2a: Dusclops\n|-damage|p2a: Dusclops|0 fnt\n|faint|p2a: Dusclops\n|\n|-weather|none\n|upkeep\n|\n|t:|1700675068\n|switch|p2a: Thundurus|Thundurus, M|100\/100\n|turn|14\n|\n|t:|1700675078\n|switch|p1a: Give me swagger|Klefki, F|61\/100 brn\n|-activate|p1a: Give me swagger|move: Sticky Web\n|-unboost|p1a: Give me swagger|spe|1\n|move|p2a: Thundurus|Thunder Punch|p1a: Give me swagger\n|-damage|p1a: Give me swagger|18\/100 brn\n|\n|-heal|p1a: Give me swagger|24\/100 brn|[from] item: Leftovers\n|-damage|p1a: Give me swagger|18\/100 brn|[from] brn\n|upkeep\n|turn|15\n|\n|t:|1700675081\n|switch|p2a: Ribombee|Ribombee, F|100\/100 par\n|move|p1a: Give me swagger|Trick Room|p1a: Give me swagger\n|-fieldstart|move: Trick Room|[of] p1a: Give me swagger\n|\n|-heal|p1a: Give me swagger|24\/100 brn|[from] item: Leftovers\n|-damage|p1a: Give me swagger|18\/100 brn|[from] brn\n|upkeep\n|turn|16\n|\n|t:|1700675088\n|switch|p1a: Basculegion (F)|Dragalge, F|100\/100\n|-activate|p1a: Basculegion (F)|move: Sticky Web\n|-unboost|p1a: Basculegion (F)|spe|1\n|move|p2a: Ribombee|U-turn|p1a: Basculegion (F)\n|-resisted|p1a: Basculegion (F)\n|-damage|p1a: Basculegion (F)|89\/100\n|\n|t:|1700675094\n|switch|p2a: Weezing|Weezing-Galar, M|100\/100|[from] U-turn\n|-fieldstart|move: Misty Terrain|[from] ability: Misty Surge|[of] p2a: Weezing\n|\n|upkeep\n|turn|17\n|\n|t:|1700675103\n|move|p1a: Basculegion (F)|Gunk Shot|p2a: Weezing\n|-damage|p2a: Weezing|42\/100\n|-damage|p1a: Basculegion (F)|79\/100|[from] item: Life Orb\n|move|p2a: Weezing|Defog|p1a: Basculegion (F)\n|-unboost|p1a: Basculegion (F)|evasion|1\n|-sideend|p1: Blitz2656|Sticky Web|[from] move: Defog|[of] p2a: Weezing\n|-fieldend|Misty Terrain\n|\n|-heal|p2a: Weezing|48\/100|[from] item: Leftovers\n|upkeep\n|turn|18\n|c|\u2606Rei_darkness|mis clikc\n|\n|t:|1700675113\n|-terastallize|p2a: Weezing|Steel\n|move|p1a: Basculegion (F)|Gunk Shot|p2a: Weezing\n|-immune|p2a: Weezing\n|move|p2a: Weezing|Strange Steam|p1a: Basculegion (F)\n|-damage|p1a: Basculegion (F)|56\/100\n|\n|-heal|p2a: Weezing|54\/100|[from] item: Leftovers\n|upkeep\n|turn|19\n|\n|t:|1700675121\n|move|p1a: Basculegion (F)|Flip Turn|p2a: Weezing\n|-damage|p2a: Weezing|40\/100\n|-damage|p1a: Basculegion (F)|47\/100|[from] item: Life Orb\n|\n|t:|1700675127\n|switch|p1a: Give me swagger|Klefki, F|18\/100 brn|[from] Flip Turn\n|move|p2a: Weezing|Strange Steam|p1a: Give me swagger\n|-resisted|p1a: Give me swagger\n|-damage|p1a: Give me swagger|3\/100 brn\n|\n|-heal|p2a: Weezing|46\/100|[from] item: Leftovers\n|-heal|p1a: Give me swagger|9\/100 brn|[from] item: Leftovers\n|-damage|p1a: Give me swagger|3\/100 brn|[from] brn\n|-fieldend|move: Trick Room\n|upkeep\n|turn|20\n|\n|t:|1700675137\n|switch|p2a: Ribombee|Ribombee, F|100\/100 par\n|move|p1a: Give me swagger|Trick Room|p1a: Give me swagger\n|-fieldstart|move: Trick Room|[of] p1a: Give me swagger\n|\n|-heal|p1a: Give me swagger|9\/100 brn|[from] item: Leftovers\n|-damage|p1a: Give me swagger|3\/100 brn|[from] brn\n|upkeep\n|turn|21\n|\n|t:|1700675140\n|move|p1a: Give me swagger|Dazzling Gleam|p2a: Ribombee\n|-damage|p2a: Ribombee|47\/100 par\n|move|p2a: Ribombee|Sticky Web|p1a: Give me swagger\n|-sidestart|p1: Blitz2656|move: Sticky Web\n|\n|-heal|p1a: Give me swagger|9\/100 brn|[from] item: Leftovers\n|-damage|p1a: Give me swagger|3\/100 brn|[from] brn\n|upkeep\n|turn|22\n|\n|t:|1700675145\n|switch|p2a: Clefable|Clefable, M|100\/100\n|move|p1a: Give me swagger|Dazzling Gleam|p2a: Clefable\n|-damage|p2a: Clefable|79\/100\n|\n|-heal|p2a: Clefable|85\/100|[from] item: Leftovers\n|-heal|p1a: Give me swagger|9\/100 brn|[from] item: Leftovers\n|-damage|p1a: Give me swagger|3\/100 brn|[from] brn\n|upkeep\n|turn|23\n|\n|t:|1700675151\n|move|p1a: Give me swagger|Thunder Wave|p2a: Clefable\n|-status|p2a: Clefable|par\n|move|p2a: Clefable|Knock Off|p1a: Give me swagger\n|-resisted|p1a: Give me swagger\n|-damage|p1a: Give me swagger|0 fnt\n|-enditem|p1a: Give me swagger|Leftovers|[from] move: Knock Off|[of] p2a: Clefable\n|faint|p1a: Give me swagger\n|\n|-heal|p2a: Clefable|91\/100 par|[from] item: Leftovers\n|upkeep\n|\n|t:|1700675162\n|switch|p1a: I HATE GLOWKING|Gothitelle, M|100\/100\n|-activate|p1a: I HATE GLOWKING|move: Sticky Web\n|-unboost|p1a: I HATE GLOWKING|spe|1\n|turn|24\n|inactive|Rei_darkness has 270 seconds left.\n|\n|t:|1700675192\n|cant|p2a: Clefable|par\n|move|p1a: I HATE GLOWKING|Metronome|p1a: I HATE GLOWKING\n|move|p1a: I HATE GLOWKING|Aqua Ring|p1a: I HATE GLOWKING|[from]move: Metronome\n|-start|p1a: I HATE GLOWKING|Aqua Ring\n|\n|-heal|p2a: Clefable|97\/100 par|[from] item: Leftovers\n|-fieldend|move: Trick Room\n|upkeep\n|turn|25\n|\n|t:|1700675206\n|move|p1a: I HATE GLOWKING|Taunt|p2a: Clefable\n|-start|p2a: Clefable|move: Taunt\n|move|p2a: Clefable|Knock Off|p1a: I HATE GLOWKING\n|-supereffective|p1a: I HATE GLOWKING\n|-damage|p1a: I HATE GLOWKING|69\/100\n|-enditem|p1a: I HATE GLOWKING|Lum Berry|[from] move: Knock Off|[of] p2a: Clefable\n|\n|-heal|p2a: Clefable|100\/100 par|[from] item: Leftovers\n|-heal|p1a: I HATE GLOWKING|75\/100|[from] Aqua Ring\n|upkeep\n|turn|26\n|inactive|Rei_darkness has 270 seconds left.\n|\n|t:|1700675247\n|move|p1a: I HATE GLOWKING|Metronome|p1a: I HATE GLOWKING\n|move|p1a: I HATE GLOWKING|Fury Swipes|p2a: Clefable|[from]move: Metronome\n|-crit|p2a: Clefable\n|-damage|p2a: Clefable|95\/100 par\n|-damage|p2a: Clefable|91\/100 par\n|-damage|p2a: Clefable|87\/100 par\n|-hitcount|p2a: Clefable|3\n|move|p2a: Clefable|Knock Off|p1a: I HATE GLOWKING\n|-supereffective|p1a: I HATE GLOWKING\n|-damage|p1a: I HATE GLOWKING|51\/100\n|\n|-heal|p2a: Clefable|93\/100 par|[from] item: Leftovers\n|-heal|p1a: I HATE GLOWKING|57\/100|[from] Aqua Ring\n|upkeep\n|turn|27\n|\n|t:|1700675256\n|move|p1a: I HATE GLOWKING|Metronome|p1a: I HATE GLOWKING\n|move|p1a: I HATE GLOWKING|Brutal Swing|p2a: Clefable|[from]move: Metronome\n|-resisted|p2a: Clefable\n|-damage|p2a: Clefable|87\/100 par\n|move|p2a: Clefable|Knock Off|p1a: I HATE GLOWKING\n|-supereffective|p1a: I HATE GLOWKING\n|-damage|p1a: I HATE GLOWKING|33\/100\n|\n|-heal|p2a: Clefable|93\/100 par|[from] item: Leftovers\n|-heal|p1a: I HATE GLOWKING|39\/100|[from] Aqua Ring\n|-end|p2a: Clefable|move: Taunt\n|upkeep\n|turn|28\n|\n|t:|1700675262\n|move|p1a: I HATE GLOWKING|Metronome|p1a: I HATE GLOWKING\n|move|p1a: I HATE GLOWKING|Psychic Terrain|p1a: I HATE GLOWKING|[from]move: Metronome\n|-fieldstart|move: Psychic Terrain\n|move|p2a: Clefable|Thunder Wave|p1a: I HATE GLOWKING\n|-status|p1a: I HATE GLOWKING|par\n|\n|-heal|p2a: Clefable|99\/100 par|[from] item: Leftovers\n|-heal|p1a: I HATE GLOWKING|45\/100 par|[from] Aqua Ring\n|upkeep\n|turn|29\n|\n|t:|1700675266\n|cant|p2a: Clefable|par\n|move|p1a: I HATE GLOWKING|Metronome|p1a: I HATE GLOWKING\n|move|p1a: I HATE GLOWKING|Sand Tomb|p2a: Clefable|[from]move: Metronome\n|-damage|p2a: Clefable|92\/100 par\n|-activate|p2a: Clefable|move: Sand Tomb|[of] p1a: I HATE GLOWKING\n|\n|-heal|p2a: Clefable|98\/100 par|[from] item: Leftovers\n|-heal|p1a: I HATE GLOWKING|51\/100 par|[from] Aqua Ring\n|-damage|p2a: Clefable|86\/100 par|[from] move: Sand Tomb|[partiallytrapped]\n|upkeep\n|turn|30\n|\n|t:|1700675271\n|move|p2a: Clefable|Knock Off|p1a: I HATE GLOWKING\n|-supereffective|p1a: I HATE GLOWKING\n|-damage|p1a: I HATE GLOWKING|28\/100 par\n|move|p1a: I HATE GLOWKING|Metronome|p1a: I HATE GLOWKING\n|move|p1a: I HATE GLOWKING|Thunderbolt|p2a: Clefable|[from]move: Metronome\n|-damage|p2a: Clefable|74\/100 par\n|\n|-heal|p2a: Clefable|80\/100 par|[from] item: Leftovers\n|-heal|p1a: I HATE GLOWKING|34\/100 par|[from] Aqua Ring\n|-damage|p2a: Clefable|67\/100 par|[from] move: Sand Tomb|[partiallytrapped]\n|upkeep\n|turn|31\n|\n|t:|1700675277\n|move|p2a: Clefable|Knock Off|p1a: I HATE GLOWKING\n|-supereffective|p1a: I HATE GLOWKING\n|-damage|p1a: I HATE GLOWKING|12\/100 par\n|move|p1a: I HATE GLOWKING|Metronome|p1a: I HATE GLOWKING\n|move|p1a: I HATE GLOWKING|Slash|p2a: Clefable|[from]move: Metronome\n|-crit|p2a: Clefable\n|-damage|p2a: Clefable|44\/100 par\n|\n|-heal|p2a: Clefable|50\/100 par|[from] item: Leftovers\n|-heal|p1a: I HATE GLOWKING|18\/100 par|[from] Aqua Ring\n|-damage|p2a: Clefable|37\/100 par|[from] move: Sand Tomb|[partiallytrapped]\n|upkeep\n|turn|32\n|\n|t:|1700675282\n|move|p2a: Clefable|Knock Off|p1a: I HATE GLOWKING\n|-supereffective|p1a: I HATE GLOWKING\n|-damage|p1a: I HATE GLOWKING|0 fnt\n|faint|p1a: I HATE GLOWKING\n|\n|-heal|p2a: Clefable|43\/100 par|[from] item: Leftovers\n|-end|p2a: Clefable|Sand Tomb|[partiallytrapped]|[silent]\n|-fieldend|move: Psychic Terrain\n|upkeep\n|\n|t:|1700675294\n|switch|p1a: Koraidon (trust)|Torkoal, M|29\/100\n|-activate|p1a: Koraidon (trust)|move: Sticky Web\n|-unboost|p1a: Koraidon (trust)|spe|1\n|-weather|SunnyDay|[from] ability: Drought|[of] p1a: Koraidon (trust)\n|turn|33\n|\n|t:|1700675310\n|cant|p2a: Clefable|par\n|move|p1a: Koraidon (trust)|Flamethrower|p2a: Clefable\n|-damage|p2a: Clefable|3\/100 par\n|\n|-weather|SunnyDay|[upkeep]\n|-heal|p2a: Clefable|9\/100 par|[from] item: Leftovers\n|upkeep\n|turn|34\n|\n|t:|1700675314\n|move|p2a: Clefable|Wish|p2a: Clefable\n|move|p1a: Koraidon (trust)|Flamethrower|p2a: Clefable\n|-damage|p2a: Clefable|0 fnt\n|faint|p2a: Clefable\n|\n|-weather|SunnyDay|[upkeep]\n|upkeep\n|\n|t:|1700675317\n|switch|p2a: Weezing|Weezing-Galar, M, tera:Steel|46\/100\n|-fieldstart|move: Misty Terrain|[from] ability: Misty Surge|[of] p2a: Weezing\n|turn|35\n|\n|t:|1700675328\n|move|p2a: Weezing|Strange Steam|p1a: Koraidon (trust)\n|-resisted|p1a: Koraidon (trust)\n|-damage|p1a: Koraidon (trust)|18\/100\n|move|p1a: Koraidon (trust)|Flamethrower|p2a: Weezing\n|-supereffective|p2a: Weezing\n|-damage|p2a: Weezing|0 fnt\n|faint|p2a: Weezing\n|\n|-weather|SunnyDay|[upkeep]\n|upkeep\n|\n|t:|1700675338\n|switch|p2a: Thundurus|Thundurus, M|100\/100\n|-enditem|p2a: Thundurus|Misty Seed\n|-boost|p2a: Thundurus|spd|1|[from] item: Misty Seed\n|turn|36\n|\n|t:|1700675345\n|move|p2a: Thundurus|Bulk Up|p2a: Thundurus\n|-boost|p2a: Thundurus|atk|1\n|-boost|p2a: Thundurus|def|1\n|move|p1a: Koraidon (trust)|Flamethrower|p2a: Thundurus\n|-damage|p2a: Thundurus|51\/100\n|\n|-weather|SunnyDay|[upkeep]\n|upkeep\n|turn|37\n|\n|t:|1700675354\n|move|p2a: Thundurus|Acrobatics|p1a: Koraidon (trust)\n|-crit|p1a: Koraidon (trust)\n|-damage|p1a: Koraidon (trust)|0 fnt\n|faint|p1a: Koraidon (trust)\n|\n|-weather|none\n|upkeep\n|\n|t:|1700675365\n|switch|p1a: Is Glowking gone|Salamence, M|100\/100\n|-ability|p1a: Is Glowking gone|Intimidate|boost\n|-unboost|p2a: Thundurus|atk|1\n|-ability|p2a: Thundurus|Defiant|boost\n|-boost|p2a: Thundurus|atk|2\n|turn|38\n|\n|t:|1700675386\n|move|p1a: Is Glowking gone|Draco Meteor|p2a: Thundurus\n|-damage|p2a: Thundurus|0 fnt\n|-unboost|p1a: Is Glowking gone|spa|2\n|faint|p2a: Thundurus\n|\n|upkeep\n|\n|t:|1700675391\n|switch|p2a: Iron Jugulis|Iron Jugulis|100\/100\n|-enditem|p2a: Iron Jugulis|Booster Energy\n|-activate|p2a: Iron Jugulis|ability: Quark Drive|[fromitem]\n|-start|p2a: Iron Jugulis|quarkdriveatk\n|turn|39\n|\n|t:|1700675396\n|switch|p1a: Basculegion (F)|Dragalge, F|47\/100\n|-activate|p1a: Basculegion (F)|move: Sticky Web\n|-unboost|p1a: Basculegion (F)|spe|1\n|move|p2a: Iron Jugulis|Work Up|p2a: Iron Jugulis\n|-boost|p2a: Iron Jugulis|atk|1\n|-boost|p2a: Iron Jugulis|spa|1\n|\n|-fieldend|Misty Terrain\n|upkeep\n|turn|40\n|\n|t:|1700675401\n|move|p2a: Iron Jugulis|Acrobatics|p1a: Basculegion (F)\n|-damage|p1a: Basculegion (F)|0 fnt\n|faint|p1a: Basculegion (F)\n|\n|upkeep\n|\n|t:|1700675407\n|switch|p1a: Where is fazbear|Magearna|100\/100\n|-activate|p1a: Where is fazbear|move: Sticky Web\n|-unboost|p1a: Where is fazbear|spe|1\n|turn|41\n|\n|t:|1700675411\n|move|p2a: Iron Jugulis|Acrobatics|p1a: Where is fazbear\n|-resisted|p1a: Where is fazbear\n|-damage|p1a: Where is fazbear|61\/100\n|move|p1a: Where is fazbear|Play Rough|p2a: Iron Jugulis\n|-supereffective|p2a: Iron Jugulis\n|-damage|p2a: Iron Jugulis|0 fnt\n|faint|p2a: Iron Jugulis\n|-ability|p1a: Where is fazbear|Soul-Heart|boost\n|-boost|p1a: Where is fazbear|spa|1\n|-end|p2a: Iron Jugulis|Quark Drive|[silent]\n|\n|upkeep\n|\n|t:|1700675414\n|switch|p2a: Ribombee|Ribombee, F|47\/100 par\n|turn|42\n|-message|Rei_darkness forfeited.\n|\n|win|Blitz2656\n|l|\u2606Rei_darkness\n|l|\u2606Blitz2656\n|j|\u2606Rei_darkness\n|player|p2|Rei_darkness|drayden\n|l|\u2606Rei_darkness\n|player|p2|\n|j|\u2606Rei_darkness\n|player|p2|Rei_darkness|drayden\n","uploadtime":1700675435,"views":6,"p1id":"blitz2656","p2id":"reidarkness","formatid":"gen9ubers","rating":0,"private":0,"password":""}