{"id":"gen9ubers-1973835393","p1":"GratedsShtickface","p2":"ItsmeBlankKnight","format":"[Gen 9] Ubers","log":"|j|\u2606GratedsShtickface\n|j|\u2606ItsmeBlankKnight\n|t:|1698018755\n|gametype|singles\n|player|p1|GratedsShtickface|hiker-gen4|\n|player|p2|ItsmeBlankKnight|larry|\n|teamsize|p1|6\n|teamsize|p2|6\n|gen|9\n|tier|[Gen 9] Ubers\n|rule|Sleep Clause Mod: Limit one foe put to sleep\n|rule|Species Clause: Limit one of each Pok\u00e9mon\n|rule|OHKO Clause: OHKO moves are banned\n|rule|Evasion Items Clause: Evasion items are banned\n|rule|Evasion Moves Clause: Evasion moves are banned\n|rule|Endless Battle Clause: Forcing endless battles is banned\n|rule|HP Percentage Mod: HP is shown in percentages\n|clearpoke\n|poke|p1|Meowscarada, M|\n|poke|p1|Dugtrio, M|\n|poke|p1|Gholdengo|\n|poke|p1|Zacian-*|\n|poke|p1|Palkia-Origin|\n|poke|p1|Arceus-Fire|\n|poke|p2|Chi-Yu|\n|poke|p2|Palafin, M|\n|poke|p2|Spectrier|\n|poke|p2|Zacian-*|\n|poke|p2|Arceus-Poison|\n|poke|p2|Masquerain, M|\n|teampreview\n|inactive|Battle timer is ON: inactive players will automatically lose when time's up. (requested by GratedsShtickface)\n|inactive|ItsmeBlankKnight also wants the timer to be on.\n|c|\u2606GratedsShtickface|game 4\n|c|\u2606GratedsShtickface|*game 3\n|c|\u2606GratedsShtickface|glhd\n|c|\u2606ItsmeBlankKnight|u2\n|c|\u2606GratedsShtickface|*glhf\n|j| fwuffypetsowo\n|j| imperialorder241\n|\n|t:|1698018774\n|start\n|switch|p1a: Hempurr|Meowscarada, M|100\/100\n|switch|p2a: Masquerain|Masquerain, M|100\/100\n|-ability|p2a: Masquerain|Intimidate|boost\n|-unboost|p1a: Hempurr|atk|1\n|turn|1\n|j| uubers account\n|j| PinkScourge\n|j| dunsam\n|\n|t:|1698018783\n|move|p1a: Hempurr|Taunt|p2a: Masquerain\n|-start|p2a: Masquerain|move: Taunt\n|move|p2a: Masquerain|U-turn|p1a: Hempurr\n|-supereffective|p1a: Hempurr\n|-damage|p1a: Hempurr|5\/100\n|c| imperialorder241|tiebreaker\n|\n|t:|1698018789\n|switch|p2a: Spectrier|Spectrier|100\/100|[from] U-turn\n|\n|upkeep\n|turn|2\n|\n|t:|1698018797\n|move|p2a: Spectrier|Shadow Ball|p1a: Hempurr\n|-resisted|p1a: Hempurr\n|-damage|p1a: Hempurr|0 fnt\n|faint|p1a: Hempurr\n|-ability|p2a: Spectrier|Grim Neigh|boost\n|-boost|p2a: Spectrier|spa|1\n|\n|upkeep\n|j| kirimissing\n|c| imperialorder241|btw qb do we count these towards usage rates or nah\n|l|\u2606ItsmeBlankKnight\n|inactive|ItsmeBlankKnight disconnected and has 300 seconds to reconnect!\n|player|p2|\n|j| vespyyy\n|c| uubers account|seperate usage stats for tours\n|\n|t:|1698018826\n|switch|p1a: Ar\u0441eus-Fighting|Arceus-Fire|100\/100\n|turn|3\n|j| Bestmaindragonite\n|c| Bestmaindragonite|Omg\n|c| Bestmaindragonite|The goth horse\n|inactive|ItsmeBlankKnight has 270 seconds to reconnect!\n|j|\u2606ItsmeBlankKnight\n|inactive|ItsmeBlankKnight reconnected and has 300 seconds left.\n|player|p2|ItsmeBlankKnight|larry\n|c| kirimissing|omg thats the dugtrio i had one of those\n|c| PinkScourge|Shadow Rider at home:\n|c|\u2606ItsmeBlankKnight|My game crashed 1m\n|\n|t:|1698018883\n|move|p2a: Spectrier|Shadow Ball|p1a: Ar\u0441eus-Fighting\n|-damage|p1a: Ar\u0441eus-Fighting|18\/100\n|move|p1a: Ar\u0441eus-Fighting|Flare Blitz|p2a: Spectrier\n|-damage|p2a: Spectrier|0 fnt\n|faint|p2a: Spectrier\n|-damage|p1a: Ar\u0441eus-Fighting|0 fnt|[from] Recoil\n|faint|p1a: Ar\u0441eus-Fighting\n|\n|upkeep\n|\n|t:|1698018898\n|switch|p2a: Masquerain|Masquerain, M|100\/100\n|switch|p1a: Space Honse|Palkia-Origin|100\/100\n|-ability|p1a: Space Honse|Pressure\n|-ability|p2a: Masquerain|Intimidate|boost\n|-unboost|p1a: Space Honse|atk|1\n|turn|4\n|\n|t:|1698018908\n|move|p1a: Space Honse|Spacial Rend|p2a: Masquerain\n|-damage|p2a: Masquerain|19\/100\n|move|p2a: Masquerain|Sticky Web|p1a: Space Honse\n|-sidestart|p1: GratedsShtickface|move: Sticky Web\n|\n|upkeep\n|turn|5\n|\n|t:|1698018912\n|move|p1a: Space Honse|Spacial Rend|p2a: Masquerain\n|-crit|p2a: Masquerain\n|-damage|p2a: Masquerain|0 fnt\n|faint|p2a: Masquerain\n|\n|upkeep\n|\n|t:|1698018914\n|switch|p2a: Zacian|Zacian|100\/100\n|-ability|p2a: Zacian|Intrepid Sword|boost\n|-boost|p2a: Zacian|atk|1\n|turn|6\n|\n|t:|1698018924\n|move|p2a: Zacian|Play Rough|p1a: Space Honse\n|-supereffective|p1a: Space Honse\n|-damage|p1a: Space Honse|0 fnt\n|faint|p1a: Space Honse\n|\n|upkeep\n|c| Bestmaindragonite|No stun spore\n|\n|t:|1698018929\n|switch|p1a: Sif|Zacian|100\/100\n|-ability|p1a: Sif|Intrepid Sword|boost\n|-boost|p1a: Sif|atk|1\n|turn|7\n|c| imperialorder241|i like how neither player had used magearna at all\n|c|\u2606ItsmeBlankKnight|ye\n|\n|t:|1698018937\n|-terastallize|p1a: Sif|Ground\n|move|p1a: Sif|Tera Blast|p2a: Zacian|[anim] Tera Blast Ground\n|-damage|p2a: Zacian|44\/100\n|move|p2a: Zacian|Play Rough|p1a: Sif|[miss]\n|-miss|p2a: Zacian|p1a: Sif\n|\n|-heal|p2a: Zacian|50\/100|[from] item: Leftovers\n|upkeep\n|turn|8\n|c| imperialorder241|OOF\n|\n|t:|1698018947\n|move|p2a: Zacian|Play Rough|p1a: Sif\n|-damage|p1a: Sif|37\/100\n|move|p1a: Sif|Tera Blast|p2a: Zacian|[anim] Tera Blast Ground\n|-crit|p2a: Zacian\n|-damage|p2a: Zacian|0 fnt\n|faint|p2a: Zacian\n|\n|upkeep\n|c|\u2606ItsmeBlankKnight|tosecond time i missed pr\n|c| kirimissing|gotta hate those 90%s\n|\n|t:|1698018958\n|switch|p2a: Arceus|Arceus-Poison|100\/100\n|turn|9\n|\n|t:|1698018962\n|move|p2a: Arceus|Extreme Speed|p1a: Sif\n|-damage|p1a: Sif|10\/100\n|move|p1a: Sif|Tera Blast|p2a: Arceus|[anim] Tera Blast Ground\n|-supereffective|p2a: Arceus\n|-damage|p2a: Arceus|19\/100\n|\n|upkeep\n|turn|10\n|l| imperialorder241\n|\n|t:|1698018968\n|switch|p1a: Jimothy|Gholdengo|100\/100\n|-item|p1a: Jimothy|Air Balloon\n|move|p2a: Arceus|Extreme Speed|p1a: Jimothy\n|-immune|p1a: Jimothy\n|\n|upkeep\n|turn|11\n|\n|t:|1698018974\n|switch|p2a: Palafin|Palafin, M|100\/100\n|move|p1a: Jimothy|Shadow Ball|p2a: Palafin\n|-damage|p2a: Palafin|48\/100\n|\n|upkeep\n|turn|12\n|\n|t:|1698018985\n|detailschange|p2a: Palafin|Palafin-Hero, M\n|switch|p2a: Arceus|Arceus-Poison|19\/100\n|move|p1a: Jimothy|Shadow Ball|p2a: Arceus\n|-crit|p2a: Arceus\n|-damage|p2a: Arceus|0 fnt\n|faint|p2a: Arceus\n|\n|upkeep\n|c| Bestmaindragonite|Kill the jimothy cool\n|\n|t:|1698018988\n|switch|p2a: Chi-Yu|Chi-Yu|100\/100\n|-ability|p2a: Chi-Yu|Beads of Ruin\n|turn|13\n|\n|t:|1698018992\n|move|p2a: Chi-Yu|Flamethrower|p1a: Jimothy\n|-supereffective|p1a: Jimothy\n|-damage|p1a: Jimothy|0 fnt\n|-enditem|p1a: Jimothy|Air Balloon\n|faint|p1a: Jimothy\n|\n|upkeep\n|\n|t:|1698018995\n|switch|p1a: Dug Diggadone|Dugtrio, M|100\/100\n|-activate|p1a: Dug Diggadone|move: Sticky Web\n|-unboost|p1a: Dug Diggadone|spe|1\n|turn|14\n|\n|t:|1698019001\n|move|p1a: Dug Diggadone|Sucker Punch|p2a: Chi-Yu\n|-resisted|p2a: Chi-Yu\n|-damage|p2a: Chi-Yu|74\/100\n|move|p2a: Chi-Yu|Flamethrower|p1a: Dug Diggadone\n|-damage|p1a: Dug Diggadone|0 fnt\n|faint|p1a: Dug Diggadone\n|\n|upkeep\n|\n|t:|1698019004\n|switch|p1a: Sif|Zacian, tera:Ground|10\/100\n|turn|15\n|\n|t:|1698019006\n|move|p1a: Sif|Tera Blast|p2a: Chi-Yu|[anim] Tera Blast Ground\n|-supereffective|p2a: Chi-Yu\n|-damage|p2a: Chi-Yu|0 fnt\n|faint|p2a: Chi-Yu\n|\n|upkeep\n|c| vespyyy|Whyyyy\n|\n|t:|1698019008\n|switch|p2a: Palafin|Palafin-Hero, M|48\/100\n|-activate|p2a: Palafin|ability: Zero to Hero\n|turn|16\n|\n|t:|1698019010\n|-terastallize|p2a: Palafin|Water\n|move|p2a: Palafin|Jet Punch|p1a: Sif\n|-supereffective|p1a: Sif\n|-damage|p1a: Sif|0 fnt\n|faint|p1a: Sif\n|-damage|p2a: Palafin|38\/100|[from] item: Life Orb\n|\n|win|ItsmeBlankKnight\n|c|\u2606GratedsShtickface|gg\n|c|\u2606ItsmeBlankKnight|gg\n|c| uubers account|gg\n|c| Bestmaindragonite|g\n|l|\u2606GratedsShtickface\n|l| Bestmaindragonite\n|l| kirimissing\n|j| Kinesquared\n|j|\u2606GratedsShtickface\n|player|p1|GratedsShtickface|hiker-gen4\n","uploadtime":1698019116,"views":47,"p1id":"gratedsshtickface","p2id":"itsmeblankknight","formatid":"gen9ubers","rating":0,"private":0,"password":""}