{"id":"gen9ubers-1992450218","p1":"ArbysDealer23","p2":"Wayne4life","format":"[Gen 9] Ubers","log":"|j|\u2606ArbysDealer23\n|j|\u2606Wayne4life\n|t:|1700189050\n|gametype|singles\n|player|p1|ArbysDealer23|clair|1011\n|player|p2|Wayne4life|102|1081\n|teamsize|p1|6\n|teamsize|p2|6\n|gen|9\n|tier|[Gen 9] Ubers\n|rated|\n|rule|Sleep Clause Mod: Limit one foe put to sleep\n|rule|Species Clause: Limit one of each Pok\u00e9mon\n|rule|OHKO Clause: OHKO moves are banned\n|rule|Evasion Items Clause: Evasion items are banned\n|rule|Evasion Moves Clause: Evasion moves are banned\n|rule|Endless Battle Clause: Forcing endless battles is banned\n|rule|HP Percentage Mod: HP is shown in percentages\n|clearpoke\n|poke|p1|Mudsdale, F|\n|poke|p1|Lucario, F|\n|poke|p1|Baxcalibur, M|\n|poke|p1|Corviknight, F|\n|poke|p1|Greninja-*, F|\n|poke|p1|Grafaiai, M|\n|poke|p2|Annihilape, F|\n|poke|p2|Staraptor, M|\n|poke|p2|Meowscarada, F|\n|poke|p2|Cinderace, F|\n|poke|p2|Jolteon, F|\n|poke|p2|Walking Wake|\n|teampreview\n|inactive|Battle timer is ON: inactive players will automatically lose when time's up. (requested by ArbysDealer23)\n|\n|t:|1700189075\n|start\n|switch|p1a: Greninja|Greninja, F, shiny|100\/100\n|switch|p2a: Annihilape|Annihilape, F|100\/100\n|turn|1\n|\n|t:|1700189086\n|-terastallize|p1a: Greninja|Water\n|move|p1a: Greninja|Hydro Pump|p2a: Annihilape\n|-damage|p2a: Annihilape|22\/100\n|-enditem|p2a: Annihilape|Aguav Berry|[eat]\n|-heal|p2a: Annihilape|55\/100|[from] item: Aguav Berry\n|-damage|p1a: Greninja|91\/100|[from] item: Life Orb\n|move|p2a: Annihilape|Drain Punch|p1a: Greninja\n|-damage|p1a: Greninja|21\/100\n|-heal|p2a: Annihilape|79\/100|[from] drain|[of] p1a: Greninja\n|\n|upkeep\n|turn|2\n|\n|t:|1700189103\n|switch|p2a: Jolteon|Jolteon, F|100\/100\n|move|p1a: Greninja|Hydro Pump|p2a: Jolteon\n|-enditem|p2a: Jolteon|Focus Sash\n|-damage|p2a: Jolteon|1\/100\n|-damage|p1a: Greninja|11\/100|[from] item: Life Orb\n|\n|upkeep\n|turn|3\n|\n|t:|1700189127\n|switch|p1a: Mudsdale|Mudsdale, F|100\/100\n|move|p2a: Jolteon|Shadow Ball|p1a: Mudsdale\n|-damage|p1a: Mudsdale|84\/100\n|-ability|p1a: Mudsdale|Stamina|boost\n|-boost|p1a: Mudsdale|def|1\n|\n|-heal|p1a: Mudsdale|91\/100|[from] item: Leftovers\n|upkeep\n|turn|4\n|\n|t:|1700189136\n|move|p2a: Jolteon|Mud-Slap|p1a: Mudsdale\n|-damage|p1a: Mudsdale|86\/100\n|-unboost|p1a: Mudsdale|accuracy|1\n|-ability|p1a: Mudsdale|Stamina|boost\n|-boost|p1a: Mudsdale|def|1\n|move|p1a: Mudsdale|Stealth Rock|p2a: Jolteon\n|-sidestart|p2: Wayne4life|move: Stealth Rock\n|\n|-heal|p1a: Mudsdale|92\/100|[from] item: Leftovers\n|upkeep\n|turn|5\n|\n|t:|1700189145\n|move|p2a: Jolteon|Mud-Slap|p1a: Mudsdale\n|-damage|p1a: Mudsdale|88\/100\n|-unboost|p1a: Mudsdale|accuracy|1\n|-ability|p1a: Mudsdale|Stamina|boost\n|-boost|p1a: Mudsdale|def|1\n|move|p1a: Mudsdale|Body Press|p2a: Jolteon|[miss]\n|-miss|p1a: Mudsdale|p2a: Jolteon\n|\n|-heal|p1a: Mudsdale|94\/100|[from] item: Leftovers\n|upkeep\n|turn|6\n|\n|t:|1700189155\n|move|p2a: Jolteon|Mud-Slap|p1a: Mudsdale\n|-damage|p1a: Mudsdale|89\/100\n|-unboost|p1a: Mudsdale|accuracy|1\n|-ability|p1a: Mudsdale|Stamina|boost\n|-boost|p1a: Mudsdale|def|1\n|move|p1a: Mudsdale|Body Press|p2a: Jolteon|[miss]\n|-miss|p1a: Mudsdale|p2a: Jolteon\n|\n|-heal|p1a: Mudsdale|96\/100|[from] item: Leftovers\n|upkeep\n|turn|7\n|\n|t:|1700189165\n|move|p2a: Jolteon|Mud-Slap|p1a: Mudsdale\n|-crit|p1a: Mudsdale\n|-damage|p1a: Mudsdale|89\/100\n|-unboost|p1a: Mudsdale|accuracy|1\n|-ability|p1a: Mudsdale|Stamina|boost\n|-boost|p1a: Mudsdale|def|1\n|move|p1a: Mudsdale|Body Press|p2a: Jolteon\n|-damage|p2a: Jolteon|0 fnt\n|faint|p2a: Jolteon\n|\n|-heal|p1a: Mudsdale|95\/100|[from] item: Leftovers\n|upkeep\n|\n|t:|1700189183\n|switch|p2a: Annihilape|Annihilape, F|79\/100\n|-damage|p2a: Annihilape|73\/100|[from] Stealth Rock\n|turn|8\n|\n|t:|1700189193\n|move|p2a: Annihilape|Bulk Up|p2a: Annihilape\n|-boost|p2a: Annihilape|atk|1\n|-boost|p2a: Annihilape|def|1\n|move|p1a: Mudsdale|Stone Edge|p2a: Annihilape\n|-resisted|p2a: Annihilape\n|-damage|p2a: Annihilape|63\/100\n|\n|-heal|p1a: Mudsdale|100\/100|[from] item: Leftovers\n|upkeep\n|turn|9\n|\n|t:|1700189205\n|switch|p1a: Corviknight|Corviknight, F|100\/100\n|move|p2a: Annihilape|Bulk Up|p2a: Annihilape\n|-boost|p2a: Annihilape|atk|1\n|-boost|p2a: Annihilape|def|1\n|\n|upkeep\n|turn|10\n|\n|t:|1700189217\n|move|p2a: Annihilape|Rage Fist|p1a: Corviknight\n|-damage|p1a: Corviknight|0 fnt\n|faint|p1a: Corviknight\n|\n|upkeep\n|\n|t:|1700189224\n|switch|p1a: Greninja|Greninja, F, shiny, tera:Water|11\/100\n|turn|11\n|\n|t:|1700189238\n|switch|p2a: Walking Wake|Walking Wake|100\/100\n|-damage|p2a: Walking Wake|88\/100|[from] Stealth Rock\n|-enditem|p2a: Walking Wake|Booster Energy\n|-activate|p2a: Walking Wake|ability: Protosynthesis|[fromitem]\n|-start|p2a: Walking Wake|protosynthesisspa\n|move|p1a: Greninja|Hydro Pump|p2a: Walking Wake\n|-resisted|p2a: Walking Wake\n|-damage|p2a: Walking Wake|53\/100\n|-damage|p1a: Greninja|1\/100|[from] item: Life Orb\n|\n|upkeep\n|turn|12\n|\n|t:|1700189263\n|move|p1a: Greninja|Ice Beam|p2a: Walking Wake\n|-damage|p2a: Walking Wake|13\/100\n|-damage|p1a: Greninja|0 fnt|[from] item: Life Orb\n|faint|p1a: Greninja\n|move|p2a: Walking Wake|Hydro Pump|p1: Greninja|[notarget]\n|-fail|p2a: Walking Wake\n|\n|upkeep\n|inactive|ArbysDealer23 has 120 seconds left.\n|\n|t:|1700189283\n|switch|p1a: Lucario|Lucario, F|100\/100\n|turn|13\n|\n|t:|1700189292\n|move|p1a: Lucario|Extreme Speed|p2a: Walking Wake\n|-damage|p2a: Walking Wake|0 fnt\n|faint|p2a: Walking Wake\n|-end|p2a: Walking Wake|Protosynthesis|[silent]\n|-damage|p1a: Lucario|91\/100|[from] item: Life Orb\n|\n|upkeep\n|\n|t:|1700189300\n|switch|p2a: Cinderace|Cinderace, F|100\/100\n|-damage|p2a: Cinderace|76\/100|[from] Stealth Rock\n|turn|14\n|\n|t:|1700189311\n|switch|p1a: Mudsdale|Mudsdale, F|100\/100\n|move|p2a: Cinderace|Pyro Ball|p1a: Mudsdale\n|-damage|p1a: Mudsdale|42\/100\n|-ability|p1a: Mudsdale|Stamina|boost\n|-boost|p1a: Mudsdale|def|1\n|-damage|p2a: Cinderace|66\/100|[from] item: Life Orb\n|\n|-heal|p1a: Mudsdale|49\/100|[from] item: Leftovers\n|upkeep\n|turn|15\n|\n|t:|1700189319\n|move|p2a: Cinderace|Pyro Ball|p1a: Mudsdale\n|-damage|p1a: Mudsdale|9\/100\n|-ability|p1a: Mudsdale|Stamina|boost\n|-boost|p1a: Mudsdale|def|1\n|-damage|p2a: Cinderace|56\/100|[from] item: Life Orb\n|move|p1a: Mudsdale|Stone Edge|p2a: Cinderace\n|-supereffective|p2a: Cinderace\n|-damage|p2a: Cinderace|0 fnt\n|faint|p2a: Cinderace\n|\n|-heal|p1a: Mudsdale|15\/100|[from] item: Leftovers\n|upkeep\n|\n|t:|1700189329\n|switch|p2a: Staraptor|Staraptor, M|100\/100\n|-damage|p2a: Staraptor|76\/100|[from] Stealth Rock\n|turn|16\n|\n|t:|1700189334\n|move|p2a: Staraptor|Close Combat|p1a: Mudsdale\n|-damage|p1a: Mudsdale|0 fnt\n|-unboost|p2a: Staraptor|def|1\n|-unboost|p2a: Staraptor|spd|1\n|faint|p1a: Mudsdale\n|\n|upkeep\n|\n|t:|1700189340\n|switch|p1a: Baxcalibur|Baxcalibur, M|100\/100\n|turn|17\n|\n|t:|1700189344\n|move|p2a: Staraptor|Close Combat|p1a: Baxcalibur\n|-supereffective|p1a: Baxcalibur\n|-damage|p1a: Baxcalibur|15\/100\n|-unboost|p2a: Staraptor|def|1\n|-unboost|p2a: Staraptor|spd|1\n|-enditem|p1a: Baxcalibur|Sitrus Berry|[eat]\n|-heal|p1a: Baxcalibur|40\/100|[from] item: Sitrus Berry\n|move|p1a: Baxcalibur|Dragon Dance|p1a: Baxcalibur\n|-boost|p1a: Baxcalibur|atk|1\n|-boost|p1a: Baxcalibur|spe|1\n|\n|upkeep\n|turn|18\n|\n|t:|1700189358\n|switch|p2a: Meowscarada|Meowscarada, F|100\/100\n|-damage|p2a: Meowscarada|88\/100|[from] Stealth Rock\n|move|p1a: Baxcalibur|Ice Shard|p2a: Meowscarada\n|-supereffective|p2a: Meowscarada\n|-damage|p2a: Meowscarada|0 fnt\n|faint|p2a: Meowscarada\n|\n|upkeep\n|\n|t:|1700189366\n|switch|p2a: Annihilape|Annihilape, F|63\/100\n|-damage|p2a: Annihilape|57\/100|[from] Stealth Rock\n|turn|19\n|\n|t:|1700189374\n|move|p1a: Baxcalibur|Glaive Rush|p2a: Annihilape\n|-damage|p2a: Annihilape|0 fnt\n|-singlemove|p1a: Baxcalibur|Glaive Rush|[silent]\n|faint|p2a: Annihilape\n|\n|upkeep\n|\n|t:|1700189377\n|switch|p2a: Staraptor|Staraptor, M|76\/100\n|-damage|p2a: Staraptor|51\/100|[from] Stealth Rock\n|turn|20\n|\n|t:|1700189380\n|move|p1a: Baxcalibur|Ice Shard|p2a: Staraptor\n|-supereffective|p2a: Staraptor\n|-damage|p2a: Staraptor|0 fnt\n|faint|p2a: Staraptor\n|\n|win|ArbysDealer23\n|raw|ArbysDealer23's rating: 1011 &rarr; <strong>1057<\/strong><br \/>(+46 for winning)\n|raw|Wayne4life's rating: 1081 &rarr; <strong>1054<\/strong><br \/>(-27 for losing)\n|c|\u2606ArbysDealer23|gg\n","uploadtime":1700189389,"views":11,"p1id":"arbysdealer23","p2id":"wayne4life","formatid":"gen9ubers","rating":1054,"private":0,"password":""}