{"id":"gen9ubers-1998905708","p1":"Anne Frankkkk","p2":"Raiozin","format":"[Gen 9] Ubers","log":"|j|\u2606Anne Frankkkk\n|j|\u2606Raiozin\n|t:|1701011336\n|gametype|singles\n|player|p1|Anne Frankkkk|hilbert|1205\n|player|p2|Raiozin|gambler|1159\n|teamsize|p1|6\n|teamsize|p2|6\n|gen|9\n|tier|[Gen 9] Ubers\n|rated|\n|rule|Sleep Clause Mod: Limit one foe put to sleep\n|rule|Species Clause: Limit one of each Pok\u00e9mon\n|rule|OHKO Clause: OHKO moves are banned\n|rule|Evasion Items Clause: Evasion items are banned\n|rule|Evasion Moves Clause: Evasion moves are banned\n|rule|Endless Battle Clause: Forcing endless battles is banned\n|rule|HP Percentage Mod: HP is shown in percentages\n|clearpoke\n|poke|p1|Regieleki|\n|poke|p1|Kyogre|\n|poke|p1|Chien-Pao|\n|poke|p1|Ribombee, M|\n|poke|p1|Miraidon|\n|poke|p1|Flutter Mane|\n|poke|p2|Kommo-o, M|\n|poke|p2|Chien-Pao|\n|poke|p2|Basculegion, M|\n|poke|p2|Espathra, M|\n|poke|p2|Ribombee, M|\n|poke|p2|Kyogre|\n|teampreview\n|\n|t:|1701011341\n|start\n|switch|p1a: Bzzzzt|Regieleki, shiny|100\/100\n|switch|p2a: Ribombee|Ribombee, M|100\/100\n|turn|1\n|inactive|Battle timer is ON: inactive players will automatically lose when time's up. (requested by Anne Frankkkk)\n|\n|t:|1701011346\n|move|p1a: Bzzzzt|Thunder Cage|p2a: Ribombee\n|-enditem|p2a: Ribombee|Focus Sash\n|-damage|p2a: Ribombee|1\/100\n|-activate|p2a: Ribombee|move: Thunder Cage|[of] p1a: Bzzzzt\n|move|p2a: Ribombee|Sticky Web|p1a: Bzzzzt\n|-sidestart|p1: Anne Frankkkk|move: Sticky Web\n|\n|-damage|p2a: Ribombee|0 fnt|[from] move: Thunder Cage|[partiallytrapped]\n|faint|p2a: Ribombee\n|upkeep\n|\n|t:|1701011358\n|switch|p2a: Kommo-o|Kommo-o, M|100\/100\n|turn|2\n|\n|t:|1701011362\n|move|p1a: Bzzzzt|Rapid Spin|p2a: Kommo-o\n|-damage|p2a: Kommo-o|91\/100\n|-boost|p1a: Bzzzzt|spe|1\n|-sideend|p1: Anne Frankkkk|Sticky Web|[from] move: Rapid Spin|[of] p1a: Bzzzzt\n|move|p2a: Kommo-o|Substitute|p2a: Kommo-o\n|-start|p2a: Kommo-o|Substitute\n|-damage|p2a: Kommo-o|66\/100\n|\n|upkeep\n|turn|3\n|\n|t:|1701011369\n|move|p1a: Bzzzzt|Volt Switch|p2a: Kommo-o\n|-resisted|p2a: Kommo-o\n|-end|p2a: Kommo-o|Substitute\n|\n|t:|1701011372\n|switch|p1a: Moonblast|Ribombee, M, shiny|100\/100|[from] Volt Switch\n|move|p2a: Kommo-o|Belly Drum|p2a: Kommo-o\n|-damage|p2a: Kommo-o|16\/100\n|-setboost|p2a: Kommo-o|atk|6|[from] move: Belly Drum\n|-enditem|p2a: Kommo-o|Salac Berry|[eat]\n|-boost|p2a: Kommo-o|spe|1|[from] item: Salac Berry\n|\n|upkeep\n|turn|4\n|\n|t:|1701011384\n|-terastallize|p2a: Kommo-o|Steel\n|move|p2a: Kommo-o|Drain Punch|p1a: Moonblast\n|-resisted|p1a: Moonblast\n|-damage|p1a: Moonblast|34\/100\n|-heal|p2a: Kommo-o|45\/100|[from] drain|[of] p1a: Moonblast\n|move|p1a: Moonblast|Sticky Web|p2a: Kommo-o\n|-sidestart|p2: Raiozin|move: Sticky Web\n|\n|upkeep\n|turn|5\n|\n|t:|1701011391\n|move|p2a: Kommo-o|Drain Punch|p1a: Moonblast\n|-resisted|p1a: Moonblast\n|-damage|p1a: Moonblast|0 fnt\n|-heal|p2a: Kommo-o|60\/100|[from] drain|[of] p1a: Moonblast\n|faint|p1a: Moonblast\n|\n|upkeep\n|\n|t:|1701011400\n|switch|p1a: Bzzzzt|Regieleki, shiny|100\/100\n|turn|6\n|\n|t:|1701011405\n|move|p1a: Bzzzzt|Thunder Cage|p2a: Kommo-o\n|-damage|p2a: Kommo-o|0 fnt\n|faint|p2a: Kommo-o\n|\n|upkeep\n|\n|t:|1701011411\n|switch|p2a: Espathra|Espathra, M|100\/100\n|-activate|p2a: Espathra|move: Sticky Web\n|-unboost|p2a: Espathra|spe|1\n|turn|7\n|\n|t:|1701011414\n|move|p2a: Espathra|Protect|p2a: Espathra\n|-singleturn|p2a: Espathra|Protect\n|move|p1a: Bzzzzt|Volt Switch|p2a: Espathra\n|-activate|p2a: Espathra|move: Protect\n|\n|-ability|p2a: Espathra|Speed Boost|boost\n|-boost|p2a: Espathra|spe|1\n|upkeep\n|turn|8\n|\n|t:|1701011424\n|move|p1a: Bzzzzt|Volt Switch|p2a: Espathra\n|-damage|p2a: Espathra|24\/100\n|\n|t:|1701011427\n|switch|p1a: Misdreavius|Flutter Mane, shiny|100\/100|[from] Volt Switch\n|-enditem|p1a: Misdreavius|Booster Energy\n|-activate|p1a: Misdreavius|ability: Protosynthesis|[fromitem]\n|-start|p1a: Misdreavius|protosynthesisspe\n|move|p2a: Espathra|Calm Mind|p2a: Espathra\n|-boost|p2a: Espathra|spa|1\n|-boost|p2a: Espathra|spd|1\n|\n|-ability|p2a: Espathra|Speed Boost|boost\n|-boost|p2a: Espathra|spe|1\n|upkeep\n|turn|9\n|\n|t:|1701011437\n|move|p2a: Espathra|Protect|p2a: Espathra\n|-singleturn|p2a: Espathra|Protect\n|move|p1a: Misdreavius|Calm Mind|p1a: Misdreavius\n|-boost|p1a: Misdreavius|spa|1\n|-boost|p1a: Misdreavius|spd|1\n|-enditem|p2a: Espathra|Mirror Herb\n|-boost|p2a: Espathra|spa|1|[from] item: Mirror Herb\n|-boost|p2a: Espathra|spd|1|[from] item: Mirror Herb\n|\n|-ability|p2a: Espathra|Speed Boost|boost\n|-boost|p2a: Espathra|spe|1\n|upkeep\n|turn|10\n|\n|t:|1701011448\n|move|p2a: Espathra|Stored Power|p1a: Misdreavius\n|-damage|p1a: Misdreavius|2\/100\n|move|p1a: Misdreavius|Shadow Ball|p2a: Espathra\n|-supereffective|p2a: Espathra\n|-damage|p2a: Espathra|0 fnt\n|faint|p2a: Espathra\n|\n|upkeep\n|\n|t:|1701011457\n|switch|p2a: Kyogre|Kyogre|100\/100\n|-activate|p2a: Kyogre|move: Sticky Web\n|-unboost|p2a: Kyogre|spe|1\n|-weather|RainDance|[from] ability: Drizzle|[of] p2a: Kyogre\n|turn|11\n|\n|t:|1701011471\n|move|p1a: Misdreavius|Moonblast|p2a: Kyogre\n|-damage|p2a: Kyogre|41\/100\n|move|p2a: Kyogre|Ice Beam|p1a: Misdreavius\n|-damage|p1a: Misdreavius|0 fnt\n|faint|p1a: Misdreavius\n|-end|p1a: Misdreavius|Protosynthesis|[silent]\n|\n|-weather|RainDance|[upkeep]\n|upkeep\n|\n|t:|1701011479\n|switch|p1a: Cyber Lizard|Miraidon|100\/100\n|-fieldstart|move: Electric Terrain|[from] ability: Hadron Engine|[of] p1a: Cyber Lizard\n|-item|p1a: Cyber Lizard|Air Balloon\n|turn|12\n|\n|t:|1701011483\n|move|p1a: Cyber Lizard|Electro Drift|p2a: Kyogre\n|-supereffective|p2a: Kyogre\n|-damage|p2a: Kyogre|0 fnt\n|faint|p2a: Kyogre\n|\n|-weather|RainDance|[upkeep]\n|upkeep\n|\n|t:|1701011502\n|switch|p2a: Chien-Pao|Chien-Pao|100\/100\n|-activate|p2a: Chien-Pao|move: Sticky Web\n|-unboost|p2a: Chien-Pao|spe|1\n|-ability|p2a: Chien-Pao|Sword of Ruin\n|turn|13\n|\n|t:|1701011512\n|move|p2a: Chien-Pao|Ice Shard|p1a: Cyber Lizard\n|-supereffective|p1a: Cyber Lizard\n|-damage|p1a: Cyber Lizard|27\/100\n|-enditem|p1a: Cyber Lizard|Air Balloon\n|-damage|p2a: Chien-Pao|91\/100|[from] item: Life Orb\n|move|p1a: Cyber Lizard|Electro Drift|p2a: Chien-Pao\n|-damage|p2a: Chien-Pao|0 fnt\n|faint|p2a: Chien-Pao\n|\n|-weather|RainDance|[upkeep]\n|upkeep\n|\n|t:|1701011523\n|switch|p2a: Basculegion|Basculegion, M|100\/100\n|-activate|p2a: Basculegion|move: Sticky Web\n|-unboost|p2a: Basculegion|spe|1\n|turn|14\n|\n|t:|1701011531\n|move|p1a: Cyber Lizard|Electro Drift|p2a: Basculegion\n|-supereffective|p2a: Basculegion\n|-damage|p2a: Basculegion|0 fnt\n|faint|p2a: Basculegion\n|\n|win|Anne Frankkkk\n|raw|Anne Frankkkk's rating: 1205 &rarr; <strong>1227<\/strong><br \/>(+22 for winning)\n|raw|Raiozin's rating: 1159 &rarr; <strong>1137<\/strong><br \/>(-22 for losing)\n","uploadtime":1701011538,"views":1,"p1id":"annefrankkkk","p2id":"raiozin","formatid":"gen9ubers","rating":1137,"private":0,"password":""}