{"id":"gen9ubers-1979753238","p1":"ThatGuyAltro","p2":"warlordxxxxzzzz","format":"[Gen 9] Ubers","log":"|j|\u2606ThatGuyAltro\n|j|\u2606warlordxxxxzzzz\n|t:|1698709676\n|gametype|singles\n|player|p1|ThatGuyAltro|102|\n|player|p2|warlordxxxxzzzz|1|\n|teamsize|p1|6\n|teamsize|p2|6\n|gen|9\n|tier|[Gen 9] Ubers\n|rule|Sleep Clause Mod: Limit one foe put to sleep\n|rule|Species Clause: Limit one of each Pok\u00e9mon\n|rule|OHKO Clause: OHKO moves are banned\n|rule|Evasion Items Clause: Evasion items are banned\n|rule|Evasion Moves Clause: Evasion moves are banned\n|rule|Endless Battle Clause: Forcing endless battles is banned\n|rule|HP Percentage Mod: HP is shown in percentages\n|clearpoke\n|poke|p1|Glastrier|\n|poke|p1|Walking Wake|\n|poke|p1|Ninetales, F|\n|poke|p1|Slowking-Galar, F|\n|poke|p1|Slither Wing|\n|poke|p1|Grimmsnarl, M|\n|poke|p2|Dragonite, M|\n|poke|p2|Meowscarada, M|\n|poke|p2|Quaquaval, M|\n|poke|p2|Thundurus, M|\n|poke|p2|Lucario, M|\n|poke|p2|Azelf|\n|teampreview\n|j| Scottowo\n|\n|t:|1698709751\n|start\n|switch|p1a: Ember|Ninetales, F, shiny|100\/100\n|switch|p2a: Azelf|Azelf|100\/100\n|-weather|SunnyDay|[from] ability: Drought|[of] p1a: Ember\n|turn|1\n|j| DivogoJota\n|\n|t:|1698709771\n|move|p1a: Ember|Flamethrower|p2a: Azelf\n|-crit|p2a: Azelf\n|-damage|p2a: Azelf|0 fnt\n|faint|p2a: Azelf\n|\n|-weather|SunnyDay|[upkeep]\n|upkeep\n|\n|t:|1698709802\n|switch|p2a: Quaquaval|Quaquaval, M|100\/100\n|turn|2\n|\n|t:|1698709812\n|switch|p1a: Saryn|Slowking-Galar, F, shiny|100\/100\n|move|p2a: Quaquaval|Aqua Step|p1a: Saryn\n|-damage|p1a: Saryn|81\/100\n|-boost|p2a: Quaquaval|spe|1\n|\n|-weather|SunnyDay|[upkeep]\n|-heal|p1a: Saryn|87\/100|[from] item: Leftovers\n|upkeep\n|turn|3\n|j| xegrizzy\n|\n|t:|1698709829\n|move|p2a: Quaquaval|Knock Off|p1a: Saryn\n|-supereffective|p1a: Saryn\n|-damage|p1a: Saryn|24\/100\n|-enditem|p1a: Saryn|Leftovers|[from] move: Knock Off|[of] p2a: Quaquaval\n|move|p1a: Saryn|Trick Room|p1a: Saryn\n|-fieldstart|move: Trick Room|[of] p1a: Saryn\n|\n|-weather|SunnyDay|[upkeep]\n|upkeep\n|turn|4\n|\n|t:|1698709841\n|move|p1a: Saryn|Chilly Reception|p1a: Saryn\n|-weather|Snow\n|\n|t:|1698709861\n|switch|p1a: Frost|Glastrier|100\/100|[from] Chilly Reception\n|move|p2a: Quaquaval|Knock Off|p1a: Frost\n|-crit|p1a: Frost\n|-damage|p1a: Frost|78\/100\n|-enditem|p1a: Frost|Assault Vest|[from] move: Knock Off|[of] p2a: Quaquaval\n|\n|-weather|Snow|[upkeep]\n|upkeep\n|turn|5\n|\n|t:|1698709879\n|switch|p2a: Lucario|Lucario, M|100\/100\n|move|p1a: Frost|Zen Headbutt|p2a: Lucario\n|-damage|p2a: Lucario|51\/100\n|\n|-weather|Snow|[upkeep]\n|upkeep\n|turn|6\n|j| Manatsu\n|\n|t:|1698709919\n|move|p2a: Lucario|Vacuum Wave|p1a: Frost\n|-supereffective|p1a: Frost\n|-damage|p1a: Frost|21\/100\n|move|p1a: Frost|Body Press|p2a: Lucario\n|-supereffective|p2a: Lucario\n|-damage|p2a: Lucario|0 fnt\n|faint|p2a: Lucario\n|-ability|p1a: Frost|Chilling Neigh|boost\n|-boost|p1a: Frost|atk|1\n|\n|-weather|Snow|[upkeep]\n|upkeep\n|\n|t:|1698709932\n|switch|p2a: Dragonite|Dragonite, M|100\/100\n|turn|7\n|\n|t:|1698709959\n|move|p2a: Dragonite|Extreme Speed|p1a: Frost\n|-damage|p1a: Frost|8\/100\n|move|p1a: Frost|Icicle Crash|p2a: Dragonite\n|-supereffective|p2a: Dragonite\n|-crit|p2a: Dragonite\n|-damage|p2a: Dragonite|0 fnt\n|faint|p2a: Dragonite\n|-ability|p1a: Frost|Chilling Neigh|boost\n|-boost|p1a: Frost|atk|1\n|\n|-weather|Snow|[upkeep]\n|-fieldend|move: Trick Room\n|upkeep\n|\n|t:|1698709975\n|switch|p2a: Quaquaval|Quaquaval, M|100\/100\n|turn|8\n|c| DivogoJota|through multiscale haha\n|\n|t:|1698710019\n|move|p2a: Quaquaval|Close Combat|p1a: Frost\n|-supereffective|p1a: Frost\n|-damage|p1a: Frost|0 fnt\n|-unboost|p2a: Quaquaval|def|1\n|-unboost|p2a: Quaquaval|spd|1\n|faint|p1a: Frost\n|-ability|p2a: Quaquaval|Moxie|boost\n|-boost|p2a: Quaquaval|atk|1\n|\n|-weather|none\n|upkeep\n|\n|t:|1698710029\n|switch|p1a: Ember|Ninetales, F, shiny|100\/100\n|-weather|SunnyDay|[from] ability: Drought|[of] p1a: Ember\n|turn|9\n|\n|t:|1698710040\n|move|p1a: Ember|Solar Beam||[still]\n|-prepare|p1a: Ember|Solar Beam\n|-anim|p1a: Ember|Solar Beam|p2a: Quaquaval\n|-supereffective|p2a: Quaquaval\n|-damage|p2a: Quaquaval|12\/100\n|move|p2a: Quaquaval|Aqua Step|p1a: Ember\n|-supereffective|p1a: Ember\n|-damage|p1a: Ember|10\/100\n|-boost|p2a: Quaquaval|spe|1\n|\n|-weather|SunnyDay|[upkeep]\n|upkeep\n|turn|10\n|\n|t:|1698710076\n|move|p1a: Ember|Solar Beam||[still]\n|-prepare|p1a: Ember|Solar Beam\n|-anim|p1a: Ember|Solar Beam|p2a: Quaquaval\n|-supereffective|p2a: Quaquaval\n|-damage|p2a: Quaquaval|0 fnt\n|faint|p2a: Quaquaval\n|\n|-weather|SunnyDay|[upkeep]\n|upkeep\n|\n|t:|1698710092\n|switch|p2a: Meowscarada|Meowscarada, M|100\/100\n|turn|11\n|c| Manatsu|damn scarfed\n|c|\u2606warlordxxxxzzzz|yeah oops\n|\n|t:|1698710104\n|move|p1a: Ember|Solar Beam||[still]\n|-prepare|p1a: Ember|Solar Beam\n|-anim|p1a: Ember|Solar Beam|p2a: Meowscarada\n|-resisted|p2a: Meowscarada\n|-damage|p2a: Meowscarada|74\/100\n|move|p2a: Meowscarada|Knock Off|p1a: Ember\n|-start|p2a: Meowscarada|typechange|Dark|[from] ability: Protean\n|-damage|p1a: Ember|0 fnt\n|-enditem|p1a: Ember|Choice Scarf|[from] move: Knock Off|[of] p2a: Meowscarada\n|faint|p1a: Ember\n|\n|-weather|SunnyDay|[upkeep]\n|upkeep\n|\n|t:|1698710117\n|switch|p1a: Valkyr|Slither Wing|100\/100\n|-activate|p1a: Valkyr|ability: Protosynthesis\n|-start|p1a: Valkyr|protosynthesisatk\n|turn|12\n|l| DivogoJota\n|\n|t:|1698710148\n|move|p2a: Meowscarada|Knock Off|p1a: Valkyr\n|-resisted|p1a: Valkyr\n|-damage|p1a: Valkyr|65\/100\n|move|p1a: Valkyr|U-turn|p2a: Meowscarada\n|-supereffective|p2a: Meowscarada\n|-damage|p2a: Meowscarada|0 fnt\n|faint|p2a: Meowscarada\n|\n|t:|1698710167\n|-end|p1a: Valkyr|Protosynthesis|[silent]\n|switch|p1a: Saryn|Slowking-Galar, F, shiny|57\/100|[from] U-turn\n|\n|-weather|SunnyDay|[upkeep]\n|upkeep\n|\n|t:|1698710171\n|switch|p2a: Thundurus|Thundurus, M|100\/100\n|turn|13\n|\n|t:|1698710180\n|move|p2a: Thundurus|Nasty Plot|p2a: Thundurus\n|-boost|p2a: Thundurus|spa|2\n|move|p1a: Saryn|Ice Beam|p2a: Thundurus\n|-supereffective|p2a: Thundurus\n|-damage|p2a: Thundurus|38\/100\n|\n|-weather|none\n|upkeep\n|turn|14\n|\n|t:|1698710197\n|move|p2a: Thundurus|Thunderbolt|p1a: Saryn\n|-damage|p1a: Saryn|0 fnt\n|faint|p1a: Saryn\n|\n|upkeep\n|\n|t:|1698710205\n|switch|p1a: Chroma|Walking Wake|100\/100\n|turn|15\n|\n|t:|1698710212\n|move|p1a: Chroma|Dragon Pulse|p2a: Thundurus\n|-damage|p2a: Thundurus|0 fnt\n|faint|p2a: Thundurus\n|\n|win|ThatGuyAltro\n|c|\u2606ThatGuyAltro|gg\n|l| Manatsu\n|c|\u2606warlordxxxxzzzz|Gg wp\n|c| xegrizzy|gg\n|l| xegrizzy\n|l| Scottowo\n|j| DivogoJota\n","uploadtime":1698710227,"views":33,"p1id":"thatguyaltro","p2id":"warlordxxxxzzzz","formatid":"gen9ubers","rating":0,"private":0,"password":""}