{"id":"gen9ubers-1975385799","p1":"BarbantBear","p2":"deadpool220494","format":"[Gen 9] Ubers","log":"|j|\u2606BarbantBear\n|j|\u2606deadpool220494\n|t:|1698185715\n|gametype|singles\n|player|p1|BarbantBear|266|1061\n|player|p2|deadpool220494|102|1000\n|teamsize|p1|6\n|teamsize|p2|6\n|gen|9\n|tier|[Gen 9] Ubers\n|rated|\n|rule|Sleep Clause Mod: Limit one foe put to sleep\n|rule|Species Clause: Limit one of each Pok\u00e9mon\n|rule|OHKO Clause: OHKO moves are banned\n|rule|Evasion Items Clause: Evasion items are banned\n|rule|Evasion Moves Clause: Evasion moves are banned\n|rule|Endless Battle Clause: Forcing endless battles is banned\n|rule|HP Percentage Mod: HP is shown in percentages\n|clearpoke\n|poke|p1|Koraidon|\n|poke|p1|Cyclizar, M|\n|poke|p1|Ogerpon-Wellspring, F|\n|poke|p1|Zacian-*|\n|poke|p1|Volcarona, F|\n|poke|p1|Chien-Pao|\n|poke|p2|Tyranitar, M|\n|poke|p2|Garchomp, M|\n|poke|p2|Staraptor, F|\n|poke|p2|Blissey, F|\n|poke|p2|Rotom-Wash|\n|poke|p2|Garganacl, M|\n|teampreview\n|\n|t:|1698185718\n|start\n|switch|p1a: Cyclizar|Cyclizar, M|100\/100\n|switch|p2a: Tyranitar|Tyranitar, M|100\/100\n|-weather|Sandstorm|[from] ability: Sand Stream|[of] p2a: Tyranitar\n|turn|1\n|-activate|p1a: Cyclizar|item: Quick Claw\n|\n|t:|1698185729\n|move|p1a: Cyclizar|Shed Tail|p1a: Cyclizar\n|-start|p1a: Cyclizar|Substitute|[from] move: Shed Tail\n|-damage|p1a: Cyclizar|50\/100\n|\n|t:|1698185735\n|switch|p1a: Koraidon|Koraidon|100\/100|[from] Shed Tail\n|-weather|SunnyDay|[from] ability: Orichalcum Pulse|[of] p1a: Koraidon\n|-activate|p1a: Koraidon|Orichalcum Pulse|[source]\n|move|p2a: Tyranitar|Earthquake|p1a: Koraidon\n|-end|p1a: Koraidon|Substitute\n|-damage|p2a: Tyranitar|91\/100|[from] item: Life Orb\n|\n|-weather|SunnyDay|[upkeep]\n|upkeep\n|turn|2\n|\n|t:|1698185747\n|move|p1a: Koraidon|Collision Course|p2a: Tyranitar\n|-supereffective|p2a: Tyranitar\n|-damage|p2a: Tyranitar|0 fnt\n|faint|p2a: Tyranitar\n|\n|-weather|SunnyDay|[upkeep]\n|upkeep\n|\n|t:|1698185760\n|switch|p2a: Garganacl|Garganacl, M|100\/100\n|turn|3\n|\n|t:|1698185765\n|move|p1a: Koraidon|Collision Course|p2a: Garganacl\n|-supereffective|p2a: Garganacl\n|-ability|p2a: Garganacl|Sturdy\n|-damage|p2a: Garganacl|1\/100\n|move|p2a: Garganacl|Salt Cure|p1a: Koraidon\n|-resisted|p1a: Koraidon\n|-damage|p1a: Koraidon|93\/100\n|-start|p1a: Koraidon|Salt Cure\n|\n|-weather|SunnyDay|[upkeep]\n|-damage|p1a: Koraidon|81\/100|[from] Salt Cure\n|upkeep\n|turn|4\n|\n|t:|1698185778\n|move|p1a: Koraidon|Collision Course|p2a: Garganacl\n|-supereffective|p2a: Garganacl\n|-damage|p2a: Garganacl|0 fnt\n|faint|p2a: Garganacl\n|\n|-weather|SunnyDay|[upkeep]\n|-damage|p1a: Koraidon|68\/100|[from] Salt Cure\n|upkeep\n|\n|t:|1698185787\n|switch|p2a: Blissey|Blissey, F|100\/100\n|turn|5\n|\n|t:|1698185791\n|move|p1a: Koraidon|Collision Course|p2a: Blissey\n|-supereffective|p2a: Blissey\n|-damage|p2a: Blissey|0 fnt\n|-damage|p1a: Koraidon|52\/100|[from] item: Rocky Helmet|[of] p2a: Blissey\n|faint|p2a: Blissey\n|\n|-weather|none\n|-damage|p1a: Koraidon|40\/100|[from] Salt Cure\n|upkeep\n|\n|t:|1698185801\n|switch|p2a: Garchomp|Garchomp, M|100\/100\n|turn|6\n|\n|t:|1698185809\n|switch|p1a: Ogerpon|Ogerpon-Wellspring, F|100\/100\n|-terastallize|p2a: Garchomp|Fairy\n|move|p2a: Garchomp|Earthquake|p1a: Ogerpon\n|-resisted|p1a: Ogerpon\n|-damage|p1a: Ogerpon|75\/100\n|\n|upkeep\n|turn|7\n|\n|t:|1698185820\n|-terastallize|p1a: Ogerpon|Water\n|detailschange|p1a: Ogerpon|Ogerpon-Wellspring-Tera, F, tera:Water\n|-ability|p1a: Ogerpon|Embody Aspect (Wellspring)|boost\n|-boost|p1a: Ogerpon|spd|1\n|move|p2a: Garchomp|Dragon Claw|p1a: Ogerpon\n|-damage|p1a: Ogerpon|32\/100\n|move|p1a: Ogerpon|Ivy Cudgel|p2a: Garchomp\n|-damage|p2a: Garchomp|38\/100\n|\n|upkeep\n|turn|8\n|\n|t:|1698185830\n|move|p1a: Ogerpon|Spiky Shield|p1a: Ogerpon\n|-singleturn|p1a: Ogerpon|move: Protect\n|move|p2a: Garchomp|Dragon Claw|p1a: Ogerpon\n|-activate|p1a: Ogerpon|move: Protect\n|-damage|p2a: Garchomp|25\/100|[from] Spiky Shield|[of] p1a: Ogerpon\n|\n|upkeep\n|turn|9\n|\n|t:|1698185842\n|switch|p1a: Zacian|Zacian-Crowned|100\/100\n|-ability|p1a: Zacian|Intrepid Sword|boost\n|-boost|p1a: Zacian|atk|1\n|move|p2a: Garchomp|Dragon Claw|p1a: Zacian\n|-immune|p1a: Zacian\n|\n|upkeep\n|turn|10\n|\n|t:|1698185854\n|move|p1a: Zacian|Behemoth Blade|p2a: Garchomp\n|-supereffective|p2a: Garchomp\n|-damage|p2a: Garchomp|0 fnt\n|faint|p2a: Garchomp\n|\n|upkeep\n|\n|t:|1698185860\n|switch|p2a: Rotom|Rotom-Wash|100\/100\n|turn|11\n|\n|t:|1698185864\n|move|p1a: Zacian|Wild Charge|p2a: Rotom\n|-crit|p2a: Rotom\n|-damage|p2a: Rotom|8\/100\n|-damage|p1a: Zacian|86\/100|[from] Recoil\n|move|p2a: Rotom|Night Shade|p1a: Zacian\n|-damage|p1a: Zacian|60\/100\n|\n|upkeep\n|turn|12\n|\n|t:|1698185874\n|move|p1a: Zacian|Wild Charge|p2a: Rotom\n|-damage|p2a: Rotom|0 fnt\n|faint|p2a: Rotom\n|-damage|p1a: Zacian|59\/100|[from] Recoil\n|\n|upkeep\n|\n|t:|1698185880\n|switch|p2a: Staraptor|Staraptor, F|100\/100\n|turn|13\n|\n|t:|1698185892\n|move|p2a: Staraptor|Double-Edge|p1a: Zacian\n|-resisted|p1a: Zacian\n|-damage|p1a: Zacian|35\/100\n|-damage|p2a: Staraptor|91\/100|[from] Recoil\n|move|p1a: Zacian|Wild Charge|p2a: Staraptor\n|-supereffective|p2a: Staraptor\n|-damage|p2a: Staraptor|0 fnt\n|faint|p2a: Staraptor\n|-damage|p1a: Zacian|17\/100|[from] Recoil\n|\n|win|BarbantBear\n|raw|BarbantBear's rating: 1061 &rarr; <strong>1086<\/strong><br \/>(+25 for winning)\n|raw|deadpool220494's rating: 1000 &rarr; <strong>1000<\/strong><br \/>(+0 for losing)\n","uploadtime":1698185904,"views":9,"p1id":"barbantbear","p2id":"deadpool220494","formatid":"gen9ubers","rating":1000,"private":0,"password":""}