{"id":"gen9ubers-1976268155","p1":"Scampton","p2":"godiamsosorry","format":"[Gen 9] Ubers","log":"|j|\u2606Scampton\n|j|\u2606godiamsosorry\n|t:|1698280430\n|gametype|singles\n|player|p1|Scampton|clown|\n|player|p2|godiamsosorry|scientistf|\n|teamsize|p1|6\n|teamsize|p2|6\n|gen|9\n|tier|[Gen 9] Ubers\n|rule|Sleep Clause Mod: Limit one foe put to sleep\n|rule|Species Clause: Limit one of each Pok\u00e9mon\n|rule|OHKO Clause: OHKO moves are banned\n|rule|Evasion Items Clause: Evasion items are banned\n|rule|Evasion Moves Clause: Evasion moves are banned\n|rule|Endless Battle Clause: Forcing endless battles is banned\n|rule|HP Percentage Mod: HP is shown in percentages\n|clearpoke\n|poke|p1|Ribombee, M|\n|poke|p1|Delibird, F|\n|poke|p1|Slowking-Galar, F|\n|poke|p1|Gholdengo|\n|poke|p1|Palafin, M|\n|poke|p1|Enamorus, F|\n|poke|p2|Klefki, F|\n|poke|p2|Medicham, F|\n|poke|p2|Zoroark-Hisui, F|\n|poke|p2|Palafin, M|\n|poke|p2|Azelf|\n|poke|p2|Enamorus, F|\n|teampreview\n|inactive|Battle timer is ON: inactive players will automatically lose when time's up. (requested by Scampton)\n|\n|t:|1698280465\n|start\n|switch|p1a: Delibird|Delibird, F|100\/100\n|switch|p2a: Azelf|Azelf|100\/100\n|turn|1\n|\n|t:|1698280481\n|switch|p1a: Slowking|Slowking-Galar, F|100\/100\n|move|p2a: Azelf|Substitute|p2a: Azelf\n|-start|p2a: Azelf|Substitute\n|-damage|p2a: Azelf|76\/100\n|\n|-heal|p2a: Azelf|82\/100|[from] item: Leftovers\n|upkeep\n|turn|2\n|\n|t:|1698280486\n|move|p2a: Azelf|Nasty Plot|p2a: Azelf\n|-boost|p2a: Azelf|spa|2\n|move|p1a: Slowking|Foul Play|p2a: Azelf\n|-supereffective|p2a: Azelf\n|-end|p2a: Azelf|Substitute\n|\n|-heal|p2a: Azelf|88\/100|[from] item: Leftovers\n|upkeep\n|turn|3\n|\n|t:|1698280490\n|-terastallize|p2a: Azelf|Fairy\n|move|p2a: Azelf|Substitute|p2a: Azelf\n|-start|p2a: Azelf|Substitute\n|-damage|p2a: Azelf|63\/100\n|move|p1a: Slowking|Foul Play|p2a: Azelf\n|-resisted|p2a: Azelf\n|-activate|p2a: Azelf|move: Substitute|[damage]\n|\n|-heal|p2a: Azelf|70\/100|[from] item: Leftovers\n|upkeep\n|turn|4\n|\n|t:|1698280494\n|move|p2a: Azelf|Nasty Plot|p2a: Azelf\n|-boost|p2a: Azelf|spa|2\n|move|p1a: Slowking|Poison Jab|p2a: Azelf\n|-supereffective|p2a: Azelf\n|-end|p2a: Azelf|Substitute\n|\n|-heal|p2a: Azelf|76\/100|[from] item: Leftovers\n|upkeep\n|turn|5\n|\n|t:|1698280496\n|move|p2a: Azelf|Substitute|p2a: Azelf\n|-start|p2a: Azelf|Substitute\n|-damage|p2a: Azelf|51\/100\n|move|p1a: Slowking|Poison Jab|p2a: Azelf\n|-supereffective|p2a: Azelf\n|-end|p2a: Azelf|Substitute\n|\n|-heal|p2a: Azelf|57\/100|[from] item: Leftovers\n|upkeep\n|turn|6\n|\n|t:|1698280498\n|move|p2a: Azelf|Psyshock|p1a: Slowking\n|-damage|p1a: Slowking|14\/100\n|move|p1a: Slowking|Poison Jab|p2a: Azelf\n|-supereffective|p2a: Azelf\n|-damage|p2a: Azelf|0 fnt\n|faint|p2a: Azelf\n|\n|upkeep\n|\n|t:|1698280501\n|switch|p2a: Klefki|Klefki, F, shiny|100\/100\n|turn|7\n|\n|t:|1698280506\n|switch|p1a: Ribombee|Ribombee, M|100\/100\n|move|p2a: Klefki|Flash Cannon|p1a: Ribombee\n|-supereffective|p1a: Ribombee\n|-damage|p1a: Ribombee|22\/100\n|\n|upkeep\n|turn|8\n|\n|t:|1698280509\n|move|p2a: Klefki|Thunder Wave|p1a: Ribombee\n|-status|p1a: Ribombee|par\n|move|p1a: Ribombee|Sticky Web|p2a: Klefki\n|-sidestart|p2: godiamsosorry|move: Sticky Web\n|\n|upkeep\n|turn|9\n|\n|t:|1698280513\n|cant|p1a: Ribombee|par\n|move|p2a: Klefki|Flash Cannon|p1a: Ribombee\n|-supereffective|p1a: Ribombee\n|-damage|p1a: Ribombee|0 fnt\n|faint|p1a: Ribombee\n|\n|upkeep\n|\n|t:|1698280527\n|switch|p1a: Gholdengo|Gholdengo|100\/100\n|-item|p1a: Gholdengo|Air Balloon\n|turn|10\n|\n|t:|1698280531\n|move|p2a: Klefki|Light Screen|p2a: Klefki\n|-sidestart|p2: godiamsosorry|move: Light Screen\n|move|p1a: Gholdengo|Poltergeist|p2a: Klefki\n|-activate|p2a: Klefki|move: Poltergeist|Light Clay\n|-damage|p2a: Klefki|67\/100\n|\n|upkeep\n|turn|11\n|\n|t:|1698280535\n|move|p2a: Klefki|Reflect|p2a: Klefki\n|-sidestart|p2: godiamsosorry|Reflect\n|move|p1a: Gholdengo|Poltergeist|p2a: Klefki\n|-activate|p2a: Klefki|move: Poltergeist|Light Clay\n|-damage|p2a: Klefki|52\/100\n|\n|upkeep\n|turn|12\n|\n|t:|1698280539\n|switch|p1a: Delibird|Delibird, F|100\/100\n|switch|p2a: Enamorus|Enamorus, F|100\/100\n|\n|upkeep\n|turn|13\n|\n|t:|1698280550\n|switch|p2a: Klefki|Klefki, F, shiny|52\/100\n|-activate|p2a: Klefki|move: Sticky Web\n|-unboost|p2a: Klefki|spe|1\n|move|p1a: Delibird|Ice Spinner|p2a: Klefki|[miss]\n|-miss|p1a: Delibird|p2a: Klefki\n|\n|upkeep\n|turn|14\n|c|\u2606Scampton|you sure about this?\n|\n|t:|1698280556\n|switch|p2a: Enamorus|Enamorus, F|100\/100\n|move|p1a: Delibird|Ice Spinner|p2a: Enamorus\n|-damage|p2a: Enamorus|46\/100\n|replace|p2a: Zoroark|Zoroark-Hisui, F\n|-end|p2a: Zoroark|Illusion\n|\n|upkeep\n|turn|15\n|\n|t:|1698280564\n|move|p2a: Zoroark|Body Slam|p1a: Delibird\n|-damage|p1a: Delibird|0 fnt\n|faint|p1a: Delibird\n|\n|upkeep\n|\n|t:|1698280575\n|switch|p1a: Gholdengo|Gholdengo|100\/100\n|-item|p1a: Gholdengo|Air Balloon\n|turn|16\n|\n|t:|1698280579\n|move|p2a: Zoroark|Knock Off|p1a: Gholdengo\n|-supereffective|p1a: Gholdengo\n|-crit|p1a: Gholdengo\n|-damage|p1a: Gholdengo|0 fnt\n|-enditem|p1a: Gholdengo|Air Balloon\n|faint|p1a: Gholdengo\n|\n|upkeep\n|c|\u2606Scampton|OH RIGHT\n|c|\u2606godiamsosorry|LMAO\n|\n|t:|1698280588\n|switch|p1a: Palafin|Palafin, M|100\/100\n|turn|17\n|\n|t:|1698280593\n|detailschange|p1a: Palafin|Palafin-Hero, M\n|switch|p1a: Enamorus|Enamorus, F|100\/100\n|move|p2a: Zoroark|Knock Off|p1a: Enamorus\n|-resisted|p1a: Enamorus\n|-damage|p1a: Enamorus|80\/100\n|-enditem|p1a: Enamorus|Life Orb|[from] move: Knock Off|[of] p2a: Zoroark\n|\n|-sideend|p2: godiamsosorry|move: Light Screen\n|upkeep\n|turn|18\n|c|\u2606Scampton|i forgo.\n|\n|t:|1698280602\n|move|p2a: Zoroark|Body Slam|p1a: Enamorus\n|-damage|p1a: Enamorus|24\/100\n|move|p1a: Enamorus|Play Rough|p2a: Zoroark\n|-damage|p2a: Zoroark|0 fnt\n|faint|p2a: Zoroark\n|\n|-sideend|p2: godiamsosorry|Reflect\n|upkeep\n|c|\u2606Scampton|how fucking fast is this thing\n|\n|t:|1698280610\n|switch|p2a: Enamorus|Enamorus, F|100\/100\n|turn|19\n|\n|t:|1698280616\n|move|p1a: Enamorus|Play Rough|p2a: Enamorus\n|-damage|p2a: Enamorus|24\/100\n|move|p2a: Enamorus|Superpower|p1a: Enamorus\n|-resisted|p1a: Enamorus\n|-damage|p1a: Enamorus|9\/100\n|-boost|p2a: Enamorus|atk|1\n|-boost|p2a: Enamorus|def|1\n|\n|-heal|p2a: Enamorus|31\/100|[from] item: Leftovers\n|upkeep\n|turn|20\n|\n|t:|1698280623\n|move|p1a: Enamorus|Play Rough|p2a: Enamorus\n|-damage|p2a: Enamorus|0 fnt\n|faint|p2a: Enamorus\n|\n|upkeep\n|\n|t:|1698280630\n|switch|p2a: Klefki|Klefki, F, shiny|52\/100\n|-activate|p2a: Klefki|move: Sticky Web\n|-unboost|p2a: Klefki|spe|1\n|turn|21\n|\n|t:|1698280634\n|move|p1a: Enamorus|Superpower|p2a: Klefki\n|-damage|p2a: Klefki|23\/100\n|-boost|p1a: Enamorus|atk|1\n|-boost|p1a: Enamorus|def|1\n|move|p2a: Klefki|Flash Cannon|p1a: Enamorus\n|-supereffective|p1a: Enamorus\n|-damage|p1a: Enamorus|0 fnt\n|faint|p1a: Enamorus\n|\n|upkeep\n|\n|t:|1698280644\n|switch|p1a: Palafin|Palafin-Hero, M|100\/100\n|-activate|p1a: Palafin|ability: Zero to Hero\n|turn|22\n|\n|t:|1698280650\n|move|p2a: Klefki|Thunder Wave|p1a: Palafin\n|-status|p1a: Palafin|par\n|move|p1a: Palafin|Boomburst|p2a: Klefki\n|-resisted|p2a: Klefki\n|-damage|p2a: Klefki|0 fnt\n|faint|p2a: Klefki\n|\n|upkeep\n|\n|t:|1698280654\n|switch|p2a: Medicham|Medicham, F|100\/100\n|-activate|p2a: Medicham|move: Sticky Web\n|-unboost|p2a: Medicham|spe|1\n|turn|23\n|\n|t:|1698280658\n|move|p2a: Medicham|Close Combat|p1a: Palafin\n|-damage|p1a: Palafin|26\/100 par\n|-unboost|p2a: Medicham|def|1\n|-unboost|p2a: Medicham|spd|1\n|move|p1a: Palafin|Boomburst|p2a: Medicham\n|-damage|p2a: Medicham|0 fnt\n|faint|p2a: Medicham\n|\n|upkeep\n|\n|t:|1698280661\n|switch|p2a: Palafin|Palafin, M|100\/100\n|-activate|p2a: Palafin|move: Sticky Web\n|-unboost|p2a: Palafin|spe|1\n|turn|24\n|\n|t:|1698280664\n|switch|p1a: Slowking|Slowking-Galar, F|48\/100\n|move|p2a: Palafin|Boomburst|p1a: Slowking\n|-damage|p1a: Slowking|12\/100\n|\n|upkeep\n|turn|25\n|\n|t:|1698280692\n|move|p2a: Palafin|Boomburst|p1a: Slowking\n|-damage|p1a: Slowking|0 fnt\n|faint|p1a: Slowking\n|\n|upkeep\n|\n|t:|1698280694\n|switch|p1a: Palafin|Palafin-Hero, M|26\/100 par\n|turn|26\n|\n|t:|1698280697\n|move|p2a: Palafin|Boomburst|p1a: Palafin\n|-damage|p1a: Palafin|0 fnt\n|faint|p1a: Palafin\n|\n|win|godiamsosorry\n|c|\u2606godiamsosorry|Gg,,,\n|l|\u2606godiamsosorry\n|c|\u2606Scampton|balls.\n|l|\u2606Scampton\n|j|\u2606godiamsosorry\n|player|p2|godiamsosorry|scientistf\n","uploadtime":1698280737,"views":11,"p1id":"scampton","p2id":"godiamsosorry","formatid":"gen9ubers","rating":0,"private":0,"password":""}