{"id":"gen9ubers-1998237806","p1":"Laser Glace","p2":"DinosaurusTheT-rex","format":"[Gen 9] Ubers","log":"|j|\u2606Laser Glace\n|j|\u2606DinosaurusTheT-rex\n|t:|1700917894\n|gametype|singles\n|player|p1|Laser Glace|glacia-gen3|1096\n|player|p2|DinosaurusTheT-rex|pokemaniac|1175\n|teamsize|p1|6\n|teamsize|p2|6\n|gen|9\n|tier|[Gen 9] Ubers\n|rated|\n|rule|Sleep Clause Mod: Limit one foe put to sleep\n|rule|Species Clause: Limit one of each Pok\u00e9mon\n|rule|OHKO Clause: OHKO moves are banned\n|rule|Evasion Items Clause: Evasion items are banned\n|rule|Evasion Moves Clause: Evasion moves are banned\n|rule|Endless Battle Clause: Forcing endless battles is banned\n|rule|HP Percentage Mod: HP is shown in percentages\n|clearpoke\n|poke|p1|Koraidon|\n|poke|p1|Ribombee, M|\n|poke|p1|Miraidon|\n|poke|p1|Kyogre|\n|poke|p1|Cyclizar, M|\n|poke|p1|Arceus|\n|poke|p2|Koraidon|\n|poke|p2|Urshifu-*, F|\n|poke|p2|Maushold-Four|\n|poke|p2|Corviknight, M|\n|poke|p2|Chien-Pao|\n|poke|p2|Ribombee, M|\n|teampreview\n|inactive|Battle timer is ON: inactive players will automatically lose when time's up. (requested by Laser Glace)\n|\n|t:|1700917905\n|start\n|switch|p1a: Ribombee|Ribombee, M|100\/100\n|switch|p2a: Ribombee|Ribombee, M|100\/100\n|turn|1\n|\n|t:|1700917911\n|move|p1a: Ribombee|Sticky Web|p2a: Ribombee\n|-sidestart|p2: DinosaurusTheT-rex|move: Sticky Web\n|move|p2a: Ribombee|Sticky Web|p1a: Ribombee\n|-sidestart|p1: Laser Glace|move: Sticky Web\n|\n|upkeep\n|turn|2\n|\n|t:|1700917918\n|switch|p2a: Maushold|Maushold-Four|100\/100\n|-activate|p2a: Maushold|move: Sticky Web\n|-unboost|p2a: Maushold|spe|1\n|move|p1a: Ribombee|Stun Spore|p2a: Maushold\n|-status|p2a: Maushold|par\n|\n|upkeep\n|turn|3\n|\n|t:|1700917925\n|move|p1a: Ribombee|Moonblast|p2a: Maushold\n|-damage|p2a: Maushold|49\/100 par\n|move|p2a: Maushold|Tidy Up|p2a: Maushold\n|-sideend|p2: DinosaurusTheT-rex|Sticky Web\n|-sideend|p1: Laser Glace|Sticky Web\n|-activate|p2a: Maushold|move: Tidy Up\n|-boost|p2a: Maushold|atk|1\n|-boost|p2a: Maushold|spe|1\n|\n|upkeep\n|turn|4\n|\n|t:|1700917932\n|move|p1a: Ribombee|Sticky Web|p2a: Maushold\n|-sidestart|p2: DinosaurusTheT-rex|move: Sticky Web\n|cant|p2a: Maushold|par\n|\n|upkeep\n|turn|5\n|\n|t:|1700917936\n|move|p1a: Ribombee|Moonblast|p2a: Maushold\n|-damage|p2a: Maushold|0 fnt\n|faint|p2a: Maushold\n|\n|upkeep\n|\n|t:|1700917949\n|switch|p2a: Koraidon|Koraidon|100\/100\n|-activate|p2a: Koraidon|move: Sticky Web\n|-unboost|p2a: Koraidon|spe|1\n|-weather|SunnyDay|[from] ability: Orichalcum Pulse|[of] p2a: Koraidon\n|-activate|p2a: Koraidon|Orichalcum Pulse|[source]\n|turn|6\n|\n|t:|1700917955\n|-terastallize|p2a: Koraidon|Steel\n|move|p1a: Ribombee|Moonblast|p2a: Koraidon\n|-resisted|p2a: Koraidon\n|-damage|p2a: Koraidon|86\/100\n|move|p2a: Koraidon|Flame Charge|p1a: Ribombee\n|-supereffective|p1a: Ribombee\n|-enditem|p1a: Ribombee|Focus Sash\n|-damage|p1a: Ribombee|1\/100\n|-boost|p2a: Koraidon|spe|1\n|\n|-weather|SunnyDay|[upkeep]\n|upkeep\n|turn|7\n|\n|t:|1700917963\n|move|p1a: Ribombee|Stun Spore|p2a: Koraidon\n|-status|p2a: Koraidon|par\n|cant|p2a: Koraidon|par\n|\n|-weather|SunnyDay|[upkeep]\n|upkeep\n|turn|8\n|\n|t:|1700917969\n|move|p1a: Ribombee|Moonblast|p2a: Koraidon\n|-resisted|p2a: Koraidon\n|-damage|p2a: Koraidon|69\/100 par\n|move|p2a: Koraidon|Flame Charge|p1a: Ribombee\n|-supereffective|p1a: Ribombee\n|-damage|p1a: Ribombee|0 fnt\n|-boost|p2a: Koraidon|spe|1\n|faint|p1a: Ribombee\n|\n|-weather|SunnyDay|[upkeep]\n|upkeep\n|\n|t:|1700917975\n|switch|p1a: Kyogre|Kyogre|100\/100\n|-weather|RainDance|[from] ability: Drizzle|[of] p1a: Kyogre\n|turn|9\n|\n|t:|1700917980\n|move|p1a: Kyogre|Water Spout|p2a: Koraidon\n|-damage|p2a: Koraidon|0 fnt\n|faint|p2a: Koraidon\n|\n|-weather|RainDance|[upkeep]\n|upkeep\n|\n|t:|1700917987\n|switch|p2a: Ribombee|Ribombee, M|100\/100\n|-activate|p2a: Ribombee|move: Sticky Web\n|-unboost|p2a: Ribombee|spe|1\n|turn|10\n|\n|t:|1700917994\n|move|p1a: Kyogre|Water Spout|p2a: Ribombee\n|-enditem|p2a: Ribombee|Focus Sash\n|-damage|p2a: Ribombee|1\/100\n|move|p2a: Ribombee|Sticky Web|p1a: Kyogre\n|-sidestart|p1: Laser Glace|move: Sticky Web\n|\n|-weather|RainDance|[upkeep]\n|upkeep\n|turn|11\n|\n|t:|1700917999\n|move|p1a: Kyogre|Water Spout|p2a: Ribombee\n|-damage|p2a: Ribombee|0 fnt\n|faint|p2a: Ribombee\n|\n|-weather|RainDance|[upkeep]\n|upkeep\n|\n|t:|1700918002\n|switch|p2a: Corviknight|Corviknight, M|100\/100\n|turn|12\n|c|\u2606Laser Glace|why did you do that?\n|\n|t:|1700918007\n|-terastallize|p1a: Kyogre|Water\n|move|p1a: Kyogre|Water Spout|p2a: Corviknight\n|-damage|p2a: Corviknight|0 fnt\n|faint|p2a: Corviknight\n|\n|-weather|RainDance|[upkeep]\n|upkeep\n|-message|DinosaurusTheT-rex forfeited.\n|\n|win|Laser Glace\n|raw|Laser Glace's rating: 1096 &rarr; <strong>1127<\/strong><br \/>(+31 for winning)\n|raw|DinosaurusTheT-rex's rating: 1175 &rarr; <strong>1144<\/strong><br \/>(-31 for losing)\n|l|\u2606DinosaurusTheT-rex\n","uploadtime":1700918020,"views":0,"p1id":"laserglace","p2id":"dinosaurusthetrex","formatid":"gen9ubers","rating":1127,"private":0,"password":""}