{"id":"gen9ubers-1975187273","p1":"Peepobad","p2":"Anne Frankkkk","format":"[Gen 9] Ubers","log":"|j|\u2606Peepobad\n|j|\u2606Anne Frankkkk\n|t:|1698168666\n|gametype|singles\n|player|p1|Peepobad|skyla|1151\n|player|p2|Anne Frankkkk|hilbert|1188\n|teamsize|p1|6\n|teamsize|p2|6\n|gen|9\n|tier|[Gen 9] Ubers\n|rated|\n|rule|Sleep Clause Mod: Limit one foe put to sleep\n|rule|Species Clause: Limit one of each Pok\u00e9mon\n|rule|OHKO Clause: OHKO moves are banned\n|rule|Evasion Items Clause: Evasion items are banned\n|rule|Evasion Moves Clause: Evasion moves are banned\n|rule|Endless Battle Clause: Forcing endless battles is banned\n|rule|HP Percentage Mod: HP is shown in percentages\n|clearpoke\n|poke|p1|Giratina|\n|poke|p1|Urshifu-*, M|\n|poke|p1|Mewtwo|\n|poke|p1|Ursaluna-Bloodmoon, M|\n|poke|p1|Zamazenta-*|\n|poke|p1|Landorus-Therian, M|\n|poke|p2|Iron Hands|\n|poke|p2|Kyogre|\n|poke|p2|Chien-Pao|\n|poke|p2|Ribombee, F|\n|poke|p2|Miraidon|\n|poke|p2|Flutter Mane|\n|teampreview\n|inactive|Battle timer is ON: inactive players will automatically lose when time's up. (requested by Peepobad)\n|\n|t:|1698168678\n|start\n|switch|p1a: Landorus|Landorus-Therian, M|100\/100\n|switch|p2a: Ribombee|Ribombee, F, shiny|100\/100\n|-ability|p1a: Landorus|Intimidate|boost\n|-unboost|p2a: Ribombee|atk|1\n|turn|1\n|\n|t:|1698168683\n|move|p2a: Ribombee|Sticky Web|p1a: Landorus\n|-sidestart|p1: Peepobad|move: Sticky Web\n|move|p1a: Landorus|Stealth Rock|p2a: Ribombee\n|-sidestart|p2: Anne Frankkkk|move: Stealth Rock\n|\n|upkeep\n|turn|2\n|\n|t:|1698168695\n|switch|p2a: Iron Hands|Iron Hands, shiny|100\/100\n|-damage|p2a: Iron Hands|94\/100|[from] Stealth Rock\n|move|p1a: Landorus|U-turn|p2a: Iron Hands\n|-resisted|p2a: Iron Hands\n|-damage|p2a: Iron Hands|86\/100\n|\n|t:|1698168697\n|switch|p1a: Giratina|Giratina, shiny|100\/100|[from] U-turn\n|-activate|p1a: Giratina|move: Sticky Web\n|-unboost|p1a: Giratina|spe|1\n|-ability|p1a: Giratina|Pressure\n|\n|upkeep\n|turn|3\n|\n|t:|1698168702\n|-end|p2a: Iron Hands|Quark Drive|[silent]\n|switch|p2a: Chien-Pao|Chien-Pao|100\/100\n|-damage|p2a: Chien-Pao|76\/100|[from] Stealth Rock\n|-ability|p2a: Chien-Pao|Sword of Ruin\n|move|p1a: Giratina|Will-O-Wisp|p2a: Chien-Pao\n|-status|p2a: Chien-Pao|brn\n|\n|-damage|p2a: Chien-Pao|70\/100 brn|[from] brn\n|upkeep\n|turn|4\n|\n|t:|1698168709\n|move|p2a: Chien-Pao|Swords Dance|p2a: Chien-Pao\n|-boost|p2a: Chien-Pao|atk|2\n|move|p1a: Giratina|Defog|p2a: Chien-Pao\n|-unboost|p2a: Chien-Pao|evasion|1\n|-sideend|p2: Anne Frankkkk|Stealth Rock|[from] move: Defog|[of] p1a: Giratina\n|-sideend|p1: Peepobad|Sticky Web|[from] move: Defog|[of] p1a: Giratina\n|\n|-damage|p2a: Chien-Pao|64\/100 brn|[from] brn\n|upkeep\n|turn|5\n|\n|t:|1698168716\n|move|p2a: Chien-Pao|Ice Spinner|p1a: Giratina\n|-supereffective|p1a: Giratina\n|-damage|p1a: Giratina|27\/100\n|-damage|p2a: Chien-Pao|54\/100 brn|[from] item: Life Orb\n|move|p1a: Giratina|Destiny Bond|p1a: Giratina\n|-singlemove|p1a: Giratina|Destiny Bond\n|\n|-heal|p1a: Giratina|33\/100|[from] item: Leftovers\n|-damage|p2a: Chien-Pao|48\/100 brn|[from] brn\n|upkeep\n|turn|6\n|\n|t:|1698168738\n|move|p1a: Giratina|Shadow Sneak|p2a: Chien-Pao\n|-resisted|p2a: Chien-Pao\n|-damage|p2a: Chien-Pao|38\/100 brn\n|move|p2a: Chien-Pao|Ice Spinner|p1a: Giratina\n|-supereffective|p1a: Giratina\n|-damage|p1a: Giratina|0 fnt\n|faint|p1a: Giratina\n|-damage|p2a: Chien-Pao|28\/100 brn|[from] item: Life Orb\n|\n|-damage|p2a: Chien-Pao|22\/100 brn|[from] brn\n|upkeep\n|\n|t:|1698168750\n|switch|p1a: Urshifu|Urshifu-Rapid-Strike, M|100\/100\n|turn|7\n|\n|t:|1698168753\n|move|p2a: Chien-Pao|Sucker Punch|p1a: Urshifu\n|-resisted|p1a: Urshifu\n|-damage|p1a: Urshifu|66\/100\n|-damage|p2a: Chien-Pao|12\/100 brn|[from] item: Life Orb\n|move|p1a: Urshifu|Aqua Jet|p2a: Chien-Pao\n|-damage|p2a: Chien-Pao|0 fnt\n|faint|p2a: Chien-Pao\n|\n|upkeep\n|\n|t:|1698168756\n|switch|p2a: Ribombee|Ribombee, F, shiny|100\/100\n|turn|8\n|\n|t:|1698168762\n|-terastallize|p1a: Urshifu|Water\n|move|p1a: Urshifu|Aqua Jet|p2a: Ribombee\n|-damage|p2a: Ribombee|33\/100\n|move|p2a: Ribombee|Sticky Web|p1a: Urshifu\n|-sidestart|p1: Peepobad|move: Sticky Web\n|\n|upkeep\n|turn|9\n|\n|t:|1698168768\n|move|p1a: Urshifu|Aqua Jet|p2a: Ribombee\n|-damage|p2a: Ribombee|0 fnt\n|faint|p2a: Ribombee\n|\n|upkeep\n|l|\u2606Anne Frankkkk\n|inactive|Anne Frankkkk disconnected and has a minute to reconnect!\n|player|p2|\n|j|\u2606Anne Frankkkk\n|inactive|Anne Frankkkk reconnected and has 135 seconds left.\n|player|p2|Anne Frankkkk|hilbert\n|inactive|Anne Frankkkk has 120 seconds left.\n|l|\u2606Anne Frankkkk\n|inactive|Anne Frankkkk disconnected and has a minute to reconnect!\n|player|p2|\n|j|\u2606Anne Frankkkk\n|inactive|Anne Frankkkk reconnected and has 110 seconds left.\n|player|p2|Anne Frankkkk|hilbert\n|\n|t:|1698168817\n|switch|p2a: Iron Hands|Iron Hands, shiny|86\/100\n|turn|10\n|\n|t:|1698168834\n|switch|p1a: Landorus|Landorus-Therian, M|100\/100\n|-ability|p1a: Landorus|Intimidate|boost\n|-unboost|p2a: Iron Hands|atk|1\n|move|p2a: Iron Hands|Wild Charge|p1a: Landorus\n|-immune|p1a: Landorus\n|\n|upkeep\n|turn|11\n|inactive|Anne Frankkkk has 120 seconds left.\n|\n|t:|1698168860\n|-end|p2a: Iron Hands|Quark Drive|[silent]\n|switch|p2a: Miraidon|Miraidon|100\/100\n|-fieldstart|move: Electric Terrain|[from] ability: Hadron Engine|[of] p2a: Miraidon\n|-item|p2a: Miraidon|Air Balloon\n|move|p1a: Landorus|Stealth Rock|p2a: Miraidon\n|-sidestart|p2: Anne Frankkkk|move: Stealth Rock\n|\n|upkeep\n|turn|12\n|\n|t:|1698168870\n|move|p2a: Miraidon|Calm Mind|p2a: Miraidon\n|-boost|p2a: Miraidon|spa|1\n|-boost|p2a: Miraidon|spd|1\n|move|p1a: Landorus|U-turn|p2a: Miraidon\n|-damage|p2a: Miraidon|78\/100\n|-enditem|p2a: Miraidon|Air Balloon\n|\n|t:|1698168875\n|switch|p1a: Ursaluna|Ursaluna-Bloodmoon, M|100\/100|[from] U-turn\n|-activate|p1a: Ursaluna|move: Sticky Web\n|-unboost|p1a: Ursaluna|spe|1\n|\n|upkeep\n|turn|13\n|\n|t:|1698168880\n|move|p2a: Miraidon|Dragon Pulse|p1a: Ursaluna\n|-damage|p1a: Ursaluna|0 fnt\n|faint|p1a: Ursaluna\n|\n|upkeep\n|\n|t:|1698168883\n|switch|p1a: Zamazenta|Zamazenta-Crowned|100\/100\n|-activate|p1a: Zamazenta|move: Sticky Web\n|-unboost|p1a: Zamazenta|spe|1\n|-ability|p1a: Zamazenta|Dauntless Shield|boost\n|-boost|p1a: Zamazenta|def|1\n|turn|14\n|\n|t:|1698168887\n|move|p2a: Miraidon|Electro Drift|p1a: Zamazenta\n|-damage|p1a: Zamazenta|0 fnt\n|faint|p1a: Zamazenta\n|\n|upkeep\n|\n|t:|1698168890\n|switch|p1a: Landorus|Landorus-Therian, M|100\/100\n|-ability|p1a: Landorus|Intimidate|boost\n|-unboost|p2a: Miraidon|atk|1\n|turn|15\n|\n|t:|1698168892\n|move|p2a: Miraidon|Dragon Pulse|p1a: Landorus\n|-damage|p1a: Landorus|0 fnt\n|faint|p1a: Landorus\n|\n|-fieldend|move: Electric Terrain\n|upkeep\n|\n|t:|1698168895\n|switch|p1a: Urshifu|Urshifu-Rapid-Strike, M, tera:Water|66\/100\n|-activate|p1a: Urshifu|move: Sticky Web\n|-unboost|p1a: Urshifu|spe|1\n|turn|16\n|\n|t:|1698168900\n|move|p2a: Miraidon|Electro Drift|p1a: Urshifu\n|-supereffective|p1a: Urshifu\n|-damage|p1a: Urshifu|0 fnt\n|faint|p1a: Urshifu\n|\n|upkeep\n|\n|t:|1698168901\n|switch|p1a: Mewtwo|Mewtwo, shiny|100\/100\n|-ability|p1a: Mewtwo|Unnerve\n|-activate|p1a: Mewtwo|move: Sticky Web\n|-unboost|p1a: Mewtwo|spe|1\n|turn|17\n|\n|t:|1698168903\n|move|p2a: Miraidon|Electro Drift|p1a: Mewtwo\n|-damage|p1a: Mewtwo|13\/100\n|move|p1a: Mewtwo|Psystrike|p2a: Miraidon\n|-damage|p2a: Miraidon|0 fnt\n|faint|p2a: Miraidon\n|-damage|p1a: Mewtwo|3\/100|[from] item: Life Orb\n|\n|upkeep\n|\n|t:|1698168908\n|switch|p2a: Iron Hands|Iron Hands, shiny|86\/100\n|-damage|p2a: Iron Hands|80\/100|[from] Stealth Rock\n|turn|18\n|\n|t:|1698168909\n|move|p2a: Iron Hands|Fake Out|p1a: Mewtwo\n|-damage|p1a: Mewtwo|0 fnt\n|faint|p1a: Mewtwo\n|\n|win|Anne Frankkkk\n|raw|Peepobad's rating: 1151 &rarr; <strong>1129<\/strong><br \/>(-22 for losing)\n|raw|Anne Frankkkk's rating: 1188 &rarr; <strong>1210<\/strong><br \/>(+22 for winning)\n|l|\u2606Peepobad\n","uploadtime":1698168917,"views":10,"p1id":"peepobad","p2id":"annefrankkkk","formatid":"gen9ubers","rating":1129,"private":0,"password":""}