{"id":"gen9ubers-1978019032","p1":"MeteorAsh15","p2":"midojunkie","format":"[Gen 9] Ubers","log":"|j|\u2606MeteorAsh15\n|j|\u2606midojunkie\n|t:|1698485568\n|gametype|singles\n|player|p1|MeteorAsh15|nate|1241\n|player|p2|midojunkie|169|1229\n|teamsize|p1|6\n|teamsize|p2|6\n|gen|9\n|tier|[Gen 9] Ubers\n|rated|\n|rule|Sleep Clause Mod: Limit one foe put to sleep\n|rule|Species Clause: Limit one of each Pok\u00e9mon\n|rule|OHKO Clause: OHKO moves are banned\n|rule|Evasion Items Clause: Evasion items are banned\n|rule|Evasion Moves Clause: Evasion moves are banned\n|rule|Endless Battle Clause: Forcing endless battles is banned\n|rule|HP Percentage Mod: HP is shown in percentages\n|clearpoke\n|poke|p1|Baxcalibur, F|\n|poke|p1|Ninetales-Alola, F|\n|poke|p1|Koraidon|\n|poke|p1|Zacian-*|\n|poke|p1|Tornadus, M|\n|poke|p1|Ribombee, F|\n|poke|p2|Dialga-Origin|\n|poke|p2|Palkia-Origin|\n|poke|p2|Shaymin-Sky|\n|poke|p2|Arceus-Steel|\n|poke|p2|Darkrai|\n|poke|p2|Cresselia, F|\n|teampreview\n|inactive|Battle timer is ON: inactive players will automatically lose when time's up. (requested by midojunkie)\n|\n|t:|1698485579\n|start\n|switch|p1a: Ribombee|Ribombee, F, shiny|100\/100\n|switch|p2a: Shaymin|Shaymin-Sky|100\/100\n|turn|1\n|\n|t:|1698485585\n|move|p2a: Shaymin|Air Slash|p1a: Ribombee\n|-supereffective|p1a: Ribombee\n|-enditem|p1a: Ribombee|Focus Sash\n|-damage|p1a: Ribombee|1\/100\n|-damage|p2a: Shaymin|91\/100|[from] item: Life Orb\n|cant|p1a: Ribombee|flinch\n|\n|upkeep\n|turn|2\n|\n|t:|1698485595\n|move|p2a: Shaymin|Dazzling Gleam|p1a: Ribombee\n|-damage|p1a: Ribombee|0 fnt\n|faint|p1a: Ribombee\n|-damage|p2a: Shaymin|81\/100|[from] item: Life Orb\n|\n|upkeep\n|\n|t:|1698485601\n|switch|p1a: Koraidon|Koraidon|100\/100\n|-weather|SunnyDay|[from] ability: Orichalcum Pulse|[of] p1a: Koraidon\n|-activate|p1a: Koraidon|Orichalcum Pulse|[source]\n|turn|3\n|\n|t:|1698485618\n|switch|p2a: Palkia|Palkia-Origin|100\/100\n|-ability|p2a: Palkia|Pressure\n|move|p1a: Koraidon|Flare Blitz|p2a: Palkia\n|-resisted|p2a: Palkia\n|-damage|p2a: Palkia|77\/100\n|-damage|p1a: Koraidon|93\/100|[from] Recoil\n|\n|-weather|SunnyDay|[upkeep]\n|upkeep\n|turn|4\n|\n|t:|1698485628\n|move|p1a: Koraidon|Dragon Claw|p2a: Palkia\n|-supereffective|p2a: Palkia\n|-damage|p2a: Palkia|0 fnt\n|faint|p2a: Palkia\n|\n|-weather|SunnyDay|[upkeep]\n|upkeep\n|\n|t:|1698485634\n|switch|p2a: Cresselia|Cresselia, F|100\/100\n|turn|5\n|\n|t:|1698485639\n|move|p1a: Koraidon|Flare Blitz|p2a: Cresselia\n|-damage|p2a: Cresselia|39\/100\n|-damage|p1a: Koraidon|67\/100|[from] Recoil\n|move|p2a: Cresselia|Reflect|p2a: Cresselia\n|-sidestart|p2: midojunkie|Reflect\n|\n|-weather|SunnyDay|[upkeep]\n|-heal|p2a: Cresselia|45\/100|[from] item: Leftovers\n|upkeep\n|turn|6\n|\n|t:|1698485654\n|move|p1a: Koraidon|Flare Blitz|p2a: Cresselia\n|-damage|p2a: Cresselia|12\/100\n|-damage|p1a: Koraidon|53\/100|[from] Recoil\n|move|p2a: Cresselia|Lunar Dance|p2a: Cresselia\n|faint|p2a: Cresselia\n|\n|-weather|SunnyDay|[upkeep]\n|upkeep\n|\n|t:|1698485659\n|switch|p2a: Shaymin|Shaymin-Sky|81\/100\n|-heal|p2a: Shaymin|100\/100|[from] move: Lunar Dance\n|turn|7\n|\n|t:|1698485667\n|move|p1a: Koraidon|Flare Blitz|p2a: Shaymin\n|-supereffective|p2a: Shaymin\n|-damage|p2a: Shaymin|0 fnt\n|faint|p2a: Shaymin\n|-damage|p1a: Koraidon|20\/100|[from] Recoil\n|\n|-weather|none\n|upkeep\n|\n|t:|1698485672\n|switch|p2a: Arceus|Arceus-Steel|100\/100\n|turn|8\n|\n|t:|1698485677\n|-terastallize|p2a: Arceus|Water\n|move|p1a: Koraidon|Collision Course|p2a: Arceus\n|-damage|p2a: Arceus|82\/100\n|move|p2a: Arceus|Calm Mind|p2a: Arceus\n|-boost|p2a: Arceus|spa|1\n|-boost|p2a: Arceus|spd|1\n|\n|upkeep\n|turn|9\n|\n|t:|1698485687\n|move|p1a: Koraidon|Dragon Claw|p2a: Arceus\n|-damage|p2a: Arceus|67\/100\n|move|p2a: Arceus|Calm Mind|p2a: Arceus\n|-boost|p2a: Arceus|spa|1\n|-boost|p2a: Arceus|spd|1\n|\n|-sideend|p2: midojunkie|Reflect\n|upkeep\n|turn|10\n|\n|t:|1698485695\n|move|p1a: Koraidon|Collision Course|p2a: Arceus\n|-damage|p2a: Arceus|33\/100\n|move|p2a: Arceus|Judgment|p1a: Koraidon\n|-damage|p1a: Koraidon|0 fnt\n|faint|p1a: Koraidon\n|\n|upkeep\n|\n|t:|1698485705\n|switch|p1a: Ninetales|Ninetales-Alola, F|100\/100\n|-weather|Snow|[from] ability: Snow Warning|[of] p1a: Ninetales\n|turn|11\n|\n|t:|1698485712\n|move|p2a: Arceus|Judgment|p1a: Ninetales\n|-supereffective|p1a: Ninetales\n|-damage|p1a: Ninetales|0 fnt\n|faint|p1a: Ninetales\n|\n|-weather|Snow|[upkeep]\n|upkeep\n|\n|t:|1698485719\n|switch|p1a: Tornadus|Tornadus, M, shiny|100\/100\n|turn|12\n|\n|t:|1698485726\n|move|p1a: Tornadus|Tailwind|p1a: Tornadus\n|-sidestart|p1: MeteorAsh15|move: Tailwind\n|move|p2a: Arceus|Thunder|p1a: Tornadus\n|-supereffective|p1a: Tornadus\n|-damage|p1a: Tornadus|0 fnt\n|faint|p1a: Tornadus\n|\n|-weather|Snow|[upkeep]\n|upkeep\n|\n|t:|1698485735\n|switch|p1a: Baxcalibur|Baxcalibur, F|100\/100\n|turn|13\n|\n|t:|1698485739\n|move|p1a: Baxcalibur|Scale Shot|p2a: Arceus\n|-damage|p2a: Arceus|23\/100\n|-damage|p2a: Arceus|14\/100\n|-damage|p2a: Arceus|4\/100\n|-damage|p2a: Arceus|0 fnt\n|faint|p2a: Arceus\n|-hitcount|p2: Arceus|4\n|-unboost|p1a: Baxcalibur|def|1\n|-boost|p1a: Baxcalibur|spe|1\n|\n|-weather|Snow|[upkeep]\n|upkeep\n|\n|t:|1698485744\n|switch|p2a: Dialga|Dialga-Origin|100\/100\n|-ability|p2a: Dialga|Pressure\n|turn|14\n|\n|t:|1698485756\n|-terastallize|p1a: Baxcalibur|Ground\n|move|p1a: Baxcalibur|Earthquake|p2a: Dialga\n|-supereffective|p2a: Dialga\n|-damage|p2a: Dialga|18\/100\n|move|p2a: Dialga|Flash Cannon|p1a: Baxcalibur\n|-damage|p1a: Baxcalibur|41\/100\n|\n|-weather|Snow|[upkeep]\n|upkeep\n|turn|15\n|\n|t:|1698485766\n|move|p1a: Baxcalibur|Scale Shot|p2a: Dialga\n|-damage|p2a: Dialga|9\/100\n|-damage|p2a: Dialga|0 fnt\n|faint|p2a: Dialga\n|-hitcount|p2: Dialga|2\n|-unboost|p1a: Baxcalibur|def|1\n|-boost|p1a: Baxcalibur|spe|1\n|\n|-weather|none\n|-sideend|p1: MeteorAsh15|move: Tailwind\n|upkeep\n|\n|t:|1698485768\n|switch|p2a: Darkrai|Darkrai|100\/100\n|turn|16\n|\n|t:|1698485779\n|move|p1a: Baxcalibur|Icicle Spear|p2a: Darkrai\n|-damage|p2a: Darkrai|80\/100\n|-damage|p2a: Darkrai|61\/100\n|-damage|p2a: Darkrai|43\/100\n|-damage|p2a: Darkrai|24\/100\n|-damage|p2a: Darkrai|6\/100\n|-hitcount|p2a: Darkrai|5\n|move|p2a: Darkrai|Dark Pulse|p1a: Baxcalibur\n|-damage|p1a: Baxcalibur|0 fnt\n|faint|p1a: Baxcalibur\n|\n|upkeep\n|\n|t:|1698485791\n|switch|p1a: Zacian|Zacian-Crowned, shiny|100\/100\n|-ability|p1a: Zacian|Intrepid Sword|boost\n|-boost|p1a: Zacian|atk|1\n|turn|17\n|\n|t:|1698485797\n|move|p1a: Zacian|Behemoth Blade|p2a: Darkrai\n|-crit|p2a: Darkrai\n|-damage|p2a: Darkrai|0 fnt\n|faint|p2a: Darkrai\n|\n|win|MeteorAsh15\n|raw|MeteorAsh15's rating: 1241 &rarr; <strong>1265<\/strong><br \/>(+24 for winning)\n|raw|midojunkie's rating: 1229 &rarr; <strong>1205<\/strong><br \/>(-24 for losing)\n|l|\u2606midojunkie\n|c|\u2606MeteorAsh15|Gg\n","uploadtime":1698485808,"views":13,"p1id":"meteorash15","p2id":"midojunkie","formatid":"gen9ubers","rating":1205,"private":0,"password":""}