{"id":"gen9ubers-1992641698","p1":"red1998poke","p2":"aaasssss","format":"[Gen 9] Ubers","log":"|j|\u2606red1998poke\n|j|\u2606aaasssss\n|t:|1700219171\n|gametype|singles\n|player|p1|red1998poke|101|1052\n|player|p2|aaasssss|dawn-gen4pt|1059\n|teamsize|p1|6\n|teamsize|p2|6\n|gen|9\n|tier|[Gen 9] Ubers\n|rated|\n|rule|Sleep Clause Mod: Limit one foe put to sleep\n|rule|Species Clause: Limit one of each Pok\u00e9mon\n|rule|OHKO Clause: OHKO moves are banned\n|rule|Evasion Items Clause: Evasion items are banned\n|rule|Evasion Moves Clause: Evasion moves are banned\n|rule|Endless Battle Clause: Forcing endless battles is banned\n|rule|HP Percentage Mod: HP is shown in percentages\n|clearpoke\n|poke|p1|Dunsparce, M|\n|poke|p1|Gliscor, F|\n|poke|p1|Glimmora, F|\n|poke|p1|Gyarados, M|\n|poke|p1|Enamorus-Therian, F|\n|poke|p1|Cinderace, M|\n|poke|p2|Zacian-*|\n|poke|p2|Dragapult, M|\n|poke|p2|Chien-Pao|\n|poke|p2|Volcarona, F|\n|poke|p2|Garchomp, F|\n|poke|p2|Meowscarada, F|\n|teampreview\n|\n|t:|1700219190\n|start\n|switch|p1a: Glimmora|Glimmora, F|100\/100\n|switch|p2a: Dragapult|Dragapult, M|100\/100\n|turn|1\n|\n|t:|1700219203\n|move|p2a: Dragapult|Dragon Dance|p2a: Dragapult\n|-boost|p2a: Dragapult|atk|1\n|-boost|p2a: Dragapult|spe|1\n|move|p1a: Glimmora|Stealth Rock|p2a: Dragapult\n|-sidestart|p2: aaasssss|move: Stealth Rock\n|\n|upkeep\n|turn|2\n|\n|t:|1700219210\n|move|p2a: Dragapult|Dragon Darts|p1a: Glimmora\n|-damage|p1a: Glimmora|54\/100\n|-activate|p1a: Glimmora|ability: Toxic Debris\n|-sidestart|p2: aaasssss|move: Toxic Spikes\n|-anim|p2a: Dragapult|Dragon Darts|p1a: Glimmora\n|-damage|p1a: Glimmora|2\/100\n|-activate|p1a: Glimmora|ability: Toxic Debris\n|-sidestart|p2: aaasssss|move: Toxic Spikes\n|move|p1a: Glimmora|Power Gem|p2a: Dragapult\n|-damage|p2a: Dragapult|38\/100\n|\n|upkeep\n|turn|3\n|\n|t:|1700219230\n|move|p2a: Dragapult|Dragon Darts|p1a: Glimmora\n|-crit|p1a: Glimmora\n|-damage|p1a: Glimmora|0 fnt\n|faint|p1a: Glimmora\n|\n|upkeep\n|\n|t:|1700219240\n|switch|p1a: Gliscor|Gliscor, F|100\/100\n|turn|4\n|\n|t:|1700219249\n|move|p2a: Dragapult|Sucker Punch|p1a: Gliscor\n|-crit|p1a: Gliscor\n|-damage|p1a: Gliscor|67\/100\n|move|p1a: Gliscor|Knock Off|p2a: Dragapult\n|-supereffective|p2a: Dragapult\n|-damage|p2a: Dragapult|0 fnt\n|-enditem|p2a: Dragapult|Focus Sash|[from] move: Knock Off|[of] p1a: Gliscor\n|faint|p2a: Dragapult\n|\n|-status|p1a: Gliscor|tox|[from] item: Toxic Orb\n|upkeep\n|\n|t:|1700219263\n|switch|p2a: Chien-Pao|Chien-Pao|100\/100\n|-damage|p2a: Chien-Pao|76\/100|[from] Stealth Rock\n|-status|p2a: Chien-Pao|tox\n|-ability|p2a: Chien-Pao|Sword of Ruin\n|turn|5\n|\n|t:|1700219282\n|-terastallize|p1a: Gliscor|Steel\n|move|p2a: Chien-Pao|Ice Shard|p1a: Gliscor\n|-resisted|p1a: Gliscor\n|-crit|p1a: Gliscor\n|-damage|p1a: Gliscor|55\/100 tox\n|move|p1a: Gliscor|Earthquake|p2a: Chien-Pao\n|-damage|p2a: Chien-Pao|27\/100 tox\n|\n|-damage|p2a: Chien-Pao|21\/100 tox|[from] psn\n|-heal|p1a: Gliscor|67\/100 tox|[from] ability: Poison Heal\n|upkeep\n|turn|6\n|\n|t:|1700219296\n|move|p2a: Chien-Pao|Crunch|p1a: Gliscor\n|-damage|p1a: Gliscor|36\/100 tox\n|move|p1a: Gliscor|Earthquake|p2a: Chien-Pao\n|-damage|p2a: Chien-Pao|0 fnt\n|faint|p2a: Chien-Pao\n|\n|-heal|p1a: Gliscor|48\/100 tox|[from] ability: Poison Heal\n|upkeep\n|\n|t:|1700219301\n|switch|p2a: Volcarona|Volcarona, F|100\/100\n|-damage|p2a: Volcarona|51\/100|[from] Stealth Rock\n|-status|p2a: Volcarona|tox\n|turn|7\n|inactive|Battle timer is ON: inactive players will automatically lose when time's up. (requested by aaasssss)\n|\n|t:|1700219340\n|switch|p1a: Dunsparce|Dunsparce, M|100\/100\n|move|p2a: Volcarona|Fiery Dance|p1a: Dunsparce\n|-damage|p1a: Dunsparce|68\/100\n|-boost|p2a: Volcarona|spa|1\n|-damage|p2a: Volcarona|41\/100 tox|[from] item: Life Orb\n|\n|-damage|p2a: Volcarona|35\/100 tox|[from] psn\n|upkeep\n|turn|8\n|\n|t:|1700219363\n|move|p2a: Volcarona|Fiery Dance|p1a: Dunsparce\n|-damage|p1a: Dunsparce|23\/100\n|-damage|p2a: Volcarona|25\/100 tox|[from] item: Life Orb\n|move|p1a: Dunsparce|Roost|p1a: Dunsparce\n|-heal|p1a: Dunsparce|73\/100\n|-singleturn|p1a: Dunsparce|move: Roost\n|\n|-damage|p2a: Volcarona|12\/100 tox|[from] psn\n|upkeep\n|turn|9\n|inactive|red1998poke has 120 seconds left.\n|\n|t:|1700219407\n|-terastallize|p2a: Volcarona|Bug\n|move|p2a: Volcarona|Bug Buzz|p1a: Dunsparce\n|-damage|p1a: Dunsparce|0 fnt\n|faint|p1a: Dunsparce\n|-damage|p2a: Volcarona|2\/100 tox|[from] item: Life Orb\n|\n|-damage|p2a: Volcarona|0 fnt|[from] psn\n|faint|p2a: Volcarona\n|upkeep\n|\n|t:|1700219416\n|switch|p2a: Meowscarada|Meowscarada, F|100\/100\n|switch|p1a: Enamorus|Enamorus-Therian, F|100\/100\n|-damage|p2a: Meowscarada|88\/100|[from] Stealth Rock\n|-status|p2a: Meowscarada|tox\n|turn|10\n|\n|t:|1700219426\n|move|p2a: Meowscarada|Knock Off|p1a: Enamorus\n|-start|p2a: Meowscarada|typechange|Dark|[from] ability: Protean\n|-resisted|p1a: Enamorus\n|-damage|p1a: Enamorus|81\/100\n|-enditem|p1a: Enamorus|Leftovers|[from] move: Knock Off|[of] p2a: Meowscarada\n|move|p1a: Enamorus|Iron Defense|p1a: Enamorus\n|-boost|p1a: Enamorus|def|2\n|\n|-damage|p2a: Meowscarada|82\/100 tox|[from] psn\n|upkeep\n|turn|11\n|\n|t:|1700219433\n|move|p2a: Meowscarada|Play Rough|p1a: Enamorus\n|-damage|p1a: Enamorus|68\/100\n|move|p1a: Enamorus|Iron Defense|p1a: Enamorus\n|-boost|p1a: Enamorus|def|2\n|\n|-damage|p2a: Meowscarada|70\/100 tox|[from] psn\n|upkeep\n|turn|12\n|\n|t:|1700219439\n|move|p2a: Meowscarada|Play Rough|p1a: Enamorus\n|-damage|p1a: Enamorus|59\/100\n|move|p1a: Enamorus|Calm Mind|p1a: Enamorus\n|-boost|p1a: Enamorus|spa|1\n|-boost|p1a: Enamorus|spd|1\n|\n|-damage|p2a: Meowscarada|51\/100 tox|[from] psn\n|upkeep\n|turn|13\n|\n|t:|1700219452\n|move|p2a: Meowscarada|Play Rough|p1a: Enamorus\n|-damage|p1a: Enamorus|51\/100\n|-unboost|p1a: Enamorus|atk|1\n|move|p1a: Enamorus|Draining Kiss|p2a: Meowscarada\n|-supereffective|p2a: Meowscarada\n|-damage|p2a: Meowscarada|0 fnt\n|-heal|p1a: Enamorus|83\/100|[from] drain|[of] p2a: Meowscarada\n|faint|p2a: Meowscarada\n|\n|upkeep\n|\n|t:|1700219456\n|switch|p2a: Zacian|Zacian-Crowned|100\/100\n|-damage|p2a: Zacian|94\/100|[from] Stealth Rock\n|-ability|p2a: Zacian|Intrepid Sword|boost\n|-boost|p2a: Zacian|atk|1\n|turn|14\n|\n|t:|1700219463\n|move|p2a: Zacian|Swords Dance|p2a: Zacian\n|-boost|p2a: Zacian|atk|2\n|move|p1a: Enamorus|Mystical Fire|p2a: Zacian\n|-supereffective|p2a: Zacian\n|-damage|p2a: Zacian|30\/100\n|-unboost|p2a: Zacian|spa|1\n|\n|upkeep\n|turn|15\n|\n|t:|1700219469\n|move|p2a: Zacian|Behemoth Blade|p1a: Enamorus\n|-supereffective|p1a: Enamorus\n|-damage|p1a: Enamorus|0 fnt\n|faint|p1a: Enamorus\n|\n|upkeep\n|\n|t:|1700219485\n|switch|p1a: Gyarados|Gyarados, M|100\/100\n|turn|16\n|\n|t:|1700219496\n|move|p2a: Zacian|Behemoth Blade|p1a: Gyarados\n|-resisted|p1a: Gyarados\n|-damage|p1a: Gyarados|16\/100\n|move|p1a: Gyarados|Earthquake|p2a: Zacian\n|-supereffective|p2a: Zacian\n|-damage|p2a: Zacian|0 fnt\n|faint|p2a: Zacian\n|-ability|p1a: Gyarados|Moxie|boost\n|-boost|p1a: Gyarados|atk|1\n|\n|-heal|p1a: Gyarados|22\/100|[from] item: Leftovers\n|upkeep\n|\n|t:|1700219499\n|switch|p2a: Garchomp|Garchomp, F|100\/100\n|-damage|p2a: Garchomp|94\/100|[from] Stealth Rock\n|-status|p2a: Garchomp|tox\n|turn|17\n|\n|t:|1700219505\n|move|p2a: Garchomp|Swords Dance|p2a: Garchomp\n|-boost|p2a: Garchomp|atk|2\n|move|p1a: Gyarados|Ice Fang|p2a: Garchomp\n|-supereffective|p2a: Garchomp\n|-damage|p2a: Garchomp|0 fnt\n|-damage|p1a: Gyarados|10\/100|[from] ability: Rough Skin|[of] p2a: Garchomp\n|-damage|p1a: Gyarados|0 fnt|[from] item: Rocky Helmet|[of] p2a: Garchomp\n|faint|p2a: Garchomp\n|faint|p1a: Gyarados\n|\n|win|red1998poke\n|raw|red1998poke's rating: 1052 &rarr; <strong>1085<\/strong><br \/>(+33 for winning)\n|raw|aaasssss's rating: 1059 &rarr; <strong>1040<\/strong><br \/>(-19 for losing)\n|l|\u2606aaasssss\n","uploadtime":1700219527,"views":6,"p1id":"red1998poke","p2id":"aaasssss","formatid":"gen9ubers","rating":1040,"private":0,"password":""}