{"id":"gen9ubers-1994246828","p1":"justinrockin","p2":"Lass Starling","format":"[Gen 9] Ubers","log":"|j|\u2606justinrockin\n|j|\u2606Lass Starling\n|t:|1700423093\n|gametype|singles\n|player|p1|justinrockin|102|\n|player|p2|Lass Starling|lass-gen4dp|\n|teamsize|p1|6\n|teamsize|p2|6\n|gen|9\n|tier|[Gen 9] Ubers\n|rule|Sleep Clause Mod: Limit one foe put to sleep\n|rule|Species Clause: Limit one of each Pok\u00e9mon\n|rule|OHKO Clause: OHKO moves are banned\n|rule|Evasion Items Clause: Evasion items are banned\n|rule|Evasion Moves Clause: Evasion moves are banned\n|rule|Endless Battle Clause: Forcing endless battles is banned\n|rule|HP Percentage Mod: HP is shown in percentages\n|clearpoke\n|poke|p1|Volcarona, M|\n|poke|p1|Greninja-*, M|\n|poke|p1|Landorus-Therian, M|\n|poke|p1|Lycanroc-Dusk, F|\n|poke|p1|Regieleki|\n|poke|p1|Gengar, M|\n|poke|p2|Zoroark-Hisui, F|\n|poke|p2|Ninetales-Alola, F|\n|poke|p2|Ogerpon-Hearthflame, F|\n|poke|p2|Iron Valiant|\n|poke|p2|Electrode-Hisui|\n|poke|p2|Ditto|\n|teampreview\n|j| Yveltql\n|c| Yveltql|first\n|j| SunShinyReys\n|c| SunShinyReys|i am here :3\n|\n|t:|1700423312\n|start\n|switch|p1a: Lycanroc|Lycanroc-Dusk, F|100\/100\n|switch|p2a: Emily|Ogerpon-Hearthflame, F|100\/100\n|turn|1\n|\n|t:|1700423414\n|move|p1a: Lycanroc|Stone Edge|p2a: Emily\n|-enditem|p2a: Emily|Focus Sash\n|-damage|p2a: Emily|1\/100\n|replace|p2a: Twoser|Zoroark-Hisui, F\n|-end|p2a: Twoser|Illusion\n|-damage|p1a: Lycanroc|91\/100|[from] item: Life Orb\n|move|p2a: Twoser|Bitter Malice|p1a: Lycanroc\n|-damage|p1a: Lycanroc|24\/100\n|-unboost|p1a: Lycanroc|atk|1\n|\n|upkeep\n|turn|2\n|\n|t:|1700423427\n|move|p1a: Lycanroc|Accelerock|p2a: Twoser\n|-damage|p2a: Twoser|0 fnt\n|faint|p2a: Twoser\n|-damage|p1a: Lycanroc|14\/100|[from] item: Life Orb\n|\n|upkeep\n|\n|t:|1700423520\n|switch|p2a: Shitto|Ditto, shiny|100\/100\n|-transform|p2a: Shitto|p1a: Lycanroc|[from] ability: Imposter\n|turn|3\n|\n|t:|1700423548\n|move|p2a: Shitto|Accelerock|p1a: Lycanroc\n|-damage|p1a: Lycanroc|0 fnt\n|faint|p1a: Lycanroc\n|\n|upkeep\n|\n|t:|1700423553\n|switch|p1a: Landorus|Landorus-Therian, M|100\/100\n|-ability|p1a: Landorus|Intimidate|boost\n|-unboost|p2a: Shitto|atk|1\n|turn|4\n|\n|t:|1700423617\n|switch|p2a: Aurora|Ninetales-Alola, F|100\/100\n|-weather|Snow|[from] ability: Snow Warning|[of] p2a: Aurora\n|move|p1a: Landorus|U-turn|p2a: Aurora\n|-resisted|p2a: Aurora\n|-damage|p2a: Aurora|86\/100\n|\n|t:|1700423642\n|switch|p1a: Gengar|Gengar, M|100\/100|[from] U-turn\n|\n|-weather|Snow|[upkeep]\n|upkeep\n|turn|5\n|\n|t:|1700423662\n|switch|p2a: Shitto|Ditto, shiny|100\/100\n|-transform|p2a: Shitto|p1a: Gengar|[from] ability: Imposter\n|move|p1a: Gengar|Sludge Bomb|p2a: Shitto\n|-resisted|p2a: Shitto\n|-damage|p2a: Shitto|85\/100\n|-start|p1a: Gengar|Disable|Sludge Bomb|[from] ability: Cursed Body|[of] p2a: Shitto\n|\n|-weather|Snow|[upkeep]\n|upkeep\n|turn|6\n|\n|t:|1700423757\n|switch|p1a: Greninja|Greninja, M|100\/100\n|move|p2a: Shitto|Shadow Ball|p1a: Greninja\n|-resisted|p1a: Greninja\n|-damage|p1a: Greninja|72\/100\n|\n|-weather|Snow|[upkeep]\n|upkeep\n|turn|7\n|\n|t:|1700423805\n|switch|p2a: Death Orb|Electrode-Hisui, shiny|100\/100\n|move|p1a: Greninja|Dark Pulse|p2a: Death Orb\n|-damage|p2a: Death Orb|31\/100\n|-damage|p1a: Greninja|62\/100|[from] item: Life Orb\n|\n|-weather|Snow|[upkeep]\n|upkeep\n|turn|8\n|\n|t:|1700423877\n|switch|p1a: Volcarona|Volcarona, M|100\/100\n|move|p2a: Death Orb|Volt Switch|p1a: Volcarona\n|-damage|p1a: Volcarona|75\/100\n|\n|t:|1700423930\n|switch|p2a: Emily|Ogerpon-Hearthflame, F|100\/100|[from] Volt Switch\n|-ability|p2a: Emily|Mold Breaker\n|\n|-weather|none\n|upkeep\n|turn|9\n|\n|t:|1700424072\n|move|p2a: Emily|Ivy Cudgel|p1a: Volcarona|[anim] Ivy Cudgel Fire\n|-damage|p1a: Volcarona|13\/100\n|move|p1a: Volcarona|Fiery Dance|p2a: Emily\n|-damage|p2a: Emily|61\/100\n|-boost|p1a: Volcarona|spa|1\n|\n|upkeep\n|turn|10\n|\n|t:|1700424083\n|move|p2a: Emily|Horn Leech|p1a: Volcarona\n|-resisted|p1a: Volcarona\n|-damage|p1a: Volcarona|1\/100\n|-heal|p2a: Emily|68\/100|[from] drain|[of] p1a: Volcarona\n|move|p1a: Volcarona|Fiery Dance|p2a: Emily\n|-damage|p2a: Emily|8\/100\n|-boost|p1a: Volcarona|spa|1\n|\n|upkeep\n|turn|11\n|c|\u2606justinrockin|0_0\n|\n|t:|1700424094\n|move|p2a: Emily|U-turn|p1a: Volcarona\n|-resisted|p1a: Volcarona\n|-damage|p1a: Volcarona|0 fnt\n|faint|p1a: Volcarona\n|c| SunShinyReys|O_O\n|\n|t:|1700424097\n|switch|p2a: Aurora|Ninetales-Alola, F|86\/100|[from] U-turn\n|-weather|Snow|[from] ability: Snow Warning|[of] p2a: Aurora\n|\n|-weather|Snow|[upkeep]\n|upkeep\n|\n|t:|1700424174\n|switch|p1a: Gengar|Gengar, M|100\/100\n|turn|12\n|\n|t:|1700424223\n|switch|p2a: Emily|Ogerpon-Hearthflame, F|8\/100\n|-ability|p2a: Emily|Mold Breaker\n|move|p1a: Gengar|Sludge Bomb|p2a: Emily\n|-supereffective|p2a: Emily\n|-damage|p2a: Emily|0 fnt\n|faint|p2a: Emily\n|\n|-weather|Snow|[upkeep]\n|upkeep\n|\n|t:|1700424233\n|switch|p2a: Death Orb|Electrode-Hisui, shiny|31\/100\n|turn|13\n|\n|t:|1700424240\n|move|p1a: Gengar|Sludge Bomb|p2a: Death Orb\n|-supereffective|p2a: Death Orb\n|-damage|p2a: Death Orb|0 fnt\n|faint|p2a: Death Orb\n|\n|-weather|Snow|[upkeep]\n|upkeep\n|\n|t:|1700424245\n|switch|p2a: Shitto|Ditto, shiny|85\/100\n|-transform|p2a: Shitto|p1a: Gengar|[from] ability: Imposter\n|turn|14\n|\n|t:|1700424287\n|switch|p1a: Regieleki|Regieleki|100\/100\n|move|p2a: Shitto|Thunderbolt|p1a: Regieleki\n|-resisted|p1a: Regieleki\n|-damage|p1a: Regieleki|70\/100\n|\n|-weather|Snow|[upkeep]\n|upkeep\n|turn|15\n|\n|t:|1700424355\n|move|p1a: Regieleki|Thunderbolt|p2a: Shitto\n|-damage|p2a: Shitto|13\/100\n|move|p2a: Shitto|Thunderbolt|p1a: Regieleki\n|-resisted|p1a: Regieleki\n|-damage|p1a: Regieleki|39\/100\n|\n|-weather|none\n|upkeep\n|turn|16\n|\n|t:|1700424382\n|move|p1a: Regieleki|Thunderbolt|p2a: Shitto\n|-damage|p2a: Shitto|0 fnt\n|faint|p2a: Shitto\n|\n|upkeep\n|\n|t:|1700424415\n|switch|p2a: Valerie|Iron Valiant, shiny|100\/100\n|turn|17\n|\n|t:|1700424445\n|move|p1a: Regieleki|Thunderbolt|p2a: Valerie\n|-damage|p2a: Valerie|9\/100\n|move|p2a: Valerie|Zen Headbutt|p1a: Regieleki\n|-damage|p1a: Regieleki|0 fnt\n|faint|p1a: Regieleki\n|\n|upkeep\n|\n|t:|1700424487\n|switch|p1a: Greninja|Greninja, M|62\/100\n|turn|18\n|\n|t:|1700424491\n|move|p1a: Greninja|Water Shuriken|p2a: Valerie\n|-damage|p2a: Valerie|0 fnt\n|faint|p2a: Valerie\n|-end|p2a: Valerie|Quark Drive|[silent]\n|-ability|p1a: Greninja|Battle Bond|boost\n|-boost|p1a: Greninja|atk|1\n|-boost|p1a: Greninja|spa|1\n|-boost|p1a: Greninja|spe|1\n|-activate|p1a: Greninja|ability: Battle Bond\n|-hitcount|p2: Valerie|1\n|-damage|p1a: Greninja|52\/100|[from] item: Life Orb\n|\n|upkeep\n|\n|t:|1700424509\n|switch|p2a: Aurora|Ninetales-Alola, F|86\/100\n|-weather|Snow|[from] ability: Snow Warning|[of] p2a: Aurora\n|turn|19\n|\n|t:|1700424517\n|move|p1a: Greninja|Surf|p2a: Aurora\n|-damage|p2a: Aurora|0 fnt\n|faint|p2a: Aurora\n|-damage|p1a: Greninja|43\/100|[from] item: Life Orb\n|\n|win|justinrockin\n|c|\u2606justinrockin|ggs\n|c|\u2606Lass Starling|ggs\n|c|\u2606Lass Starling|that 1%\n|c|\u2606Lass Starling|molten mind from there\n|c|\u2606Lass Starling|lol\n","uploadtime":1700424565,"views":25,"p1id":"justinrockin","p2id":"lassstarling","formatid":"gen9ubers","rating":0,"private":0,"password":""}