{"id":"gen9ubers-1991976553","p1":"qioborou","p2":"Vanguard246","format":"[Gen 9] Ubers","log":"|j|\u2606qioborou\n|j|\u2606Vanguard246\n|t:|1700144356\n|gametype|singles\n|player|p1|qioborou|parasollady-gen4|1043\n|player|p2|Vanguard246|turo-ai|1166\n|teamsize|p1|6\n|teamsize|p2|6\n|gen|9\n|tier|[Gen 9] Ubers\n|rated|\n|rule|Sleep Clause Mod: Limit one foe put to sleep\n|rule|Species Clause: Limit one of each Pok\u00e9mon\n|rule|OHKO Clause: OHKO moves are banned\n|rule|Evasion Items Clause: Evasion items are banned\n|rule|Evasion Moves Clause: Evasion moves are banned\n|rule|Endless Battle Clause: Forcing endless battles is banned\n|rule|HP Percentage Mod: HP is shown in percentages\n|clearpoke\n|poke|p1|Giratina-Origin|\n|poke|p1|Miraidon|\n|poke|p1|Koraidon|\n|poke|p1|Ribombee, F|\n|poke|p1|Zacian-*|\n|poke|p1|Great Tusk|\n|poke|p2|Gallade, M|\n|poke|p2|Thundurus-Therian, M|\n|poke|p2|Arcanine-Hisui, M|\n|poke|p2|Corviknight, M|\n|poke|p2|Ursaluna-Bloodmoon, M|\n|poke|p2|Baxcalibur, M|\n|teampreview\n|inactive|Battle timer is ON: inactive players will automatically lose when time's up. (requested by Vanguard246)\n|\n|t:|1700144372\n|start\n|switch|p1a: Koraidon|Koraidon|100\/100\n|switch|p2a: Baxcalibur|Baxcalibur, M|100\/100\n|-weather|SunnyDay|[from] ability: Orichalcum Pulse|[of] p1a: Koraidon\n|-activate|p1a: Koraidon|Orichalcum Pulse|[source]\n|turn|1\n|\n|t:|1700144380\n|-terastallize|p2a: Baxcalibur|Fairy\n|move|p1a: Koraidon|Close Combat|p2a: Baxcalibur\n|-resisted|p2a: Baxcalibur\n|-damage|p2a: Baxcalibur|58\/100\n|-unboost|p1a: Koraidon|def|1\n|-unboost|p1a: Koraidon|spd|1\n|move|p2a: Baxcalibur|Dragon Dance|p2a: Baxcalibur\n|-boost|p2a: Baxcalibur|atk|1\n|-boost|p2a: Baxcalibur|spe|1\n|\n|-weather|SunnyDay|[upkeep]\n|upkeep\n|turn|2\n|\n|t:|1700144390\n|-terastallize|p1a: Koraidon|Fire\n|move|p2a: Baxcalibur|Scale Shot|p1a: Koraidon\n|-damage|p1a: Koraidon|74\/100\n|-damage|p1a: Koraidon|43\/100\n|-damage|p1a: Koraidon|13\/100\n|-damage|p1a: Koraidon|0 fnt\n|faint|p1a: Koraidon\n|-hitcount|p1: Koraidon|4\n|-unboost|p2a: Baxcalibur|def|1\n|-boost|p2a: Baxcalibur|spe|1\n|\n|-weather|SunnyDay|[upkeep]\n|upkeep\n|\n|t:|1700144394\n|switch|p1a: Great Tusk|Great Tusk|100\/100\n|-activate|p1a: Great Tusk|ability: Protosynthesis\n|-start|p1a: Great Tusk|protosynthesisdef\n|turn|3\n|\n|t:|1700144399\n|move|p2a: Baxcalibur|Icicle Spear|p1a: Great Tusk\n|-supereffective|p1a: Great Tusk\n|-damage|p1a: Great Tusk|81\/100\n|-supereffective|p1a: Great Tusk\n|-damage|p1a: Great Tusk|58\/100\n|-supereffective|p1a: Great Tusk\n|-damage|p1a: Great Tusk|39\/100\n|-supereffective|p1a: Great Tusk\n|-damage|p1a: Great Tusk|20\/100\n|-supereffective|p1a: Great Tusk\n|-damage|p1a: Great Tusk|0 fnt\n|faint|p1a: Great Tusk\n|-end|p1a: Great Tusk|Protosynthesis|[silent]\n|-hitcount|p1: Great Tusk|5\n|\n|-weather|SunnyDay|[upkeep]\n|upkeep\n|\n|t:|1700144404\n|switch|p1a: Zacian|Zacian-Crowned|100\/100\n|-ability|p1a: Zacian|Intrepid Sword|boost\n|-boost|p1a: Zacian|atk|1\n|turn|4\n|\n|t:|1700144407\n|move|p2a: Baxcalibur|Earthquake|p1a: Zacian\n|-supereffective|p1a: Zacian\n|-damage|p1a: Zacian|2\/100\n|move|p1a: Zacian|Behemoth Blade|p2a: Baxcalibur\n|-supereffective|p2a: Baxcalibur\n|-damage|p2a: Baxcalibur|0 fnt\n|faint|p2a: Baxcalibur\n|\n|-weather|SunnyDay|[upkeep]\n|upkeep\n|\n|t:|1700144415\n|switch|p2a: Arcanine|Arcanine-Hisui, M|100\/100\n|turn|5\n|\n|t:|1700144418\n|switch|p1a: Giratina|Giratina-Origin|100\/100\n|move|p2a: Arcanine|Extreme Speed|p1a: Giratina\n|-immune|p1a: Giratina\n|\n|-weather|none\n|upkeep\n|turn|6\n|\n|t:|1700144424\n|move|p2a: Arcanine|Will-O-Wisp|p1a: Giratina\n|-status|p1a: Giratina|brn\n|move|p1a: Giratina|Draco Meteor|p2a: Arcanine\n|-damage|p2a: Arcanine|3\/100\n|-unboost|p1a: Giratina|spa|2\n|\n|-damage|p1a: Giratina|94\/100 brn|[from] brn\n|upkeep\n|turn|7\n|\n|t:|1700144430\n|move|p1a: Giratina|Shadow Sneak|p2a: Arcanine\n|-damage|p2a: Arcanine|0 fnt\n|faint|p2a: Arcanine\n|\n|-damage|p1a: Giratina|88\/100 brn|[from] brn\n|upkeep\n|\n|t:|1700144436\n|switch|p2a: Ursaluna|Ursaluna-Bloodmoon, M|100\/100\n|turn|8\n|\n|t:|1700144442\n|move|p2a: Ursaluna|Blood Moon|p1a: Giratina\n|-damage|p1a: Giratina|22\/100 brn\n|move|p1a: Giratina|Dragon Tail|p2a: Ursaluna\n|-damage|p2a: Ursaluna|92\/100\n|drag|p2a: Corviknight|Corviknight, M|100\/100\n|\n|-damage|p1a: Giratina|16\/100 brn|[from] brn\n|upkeep\n|turn|9\n|\n|t:|1700144456\n|switch|p1a: Ribombee|Ribombee, F|100\/100\n|move|p2a: Corviknight|Defog|p1a: Ribombee\n|-unboost|p1a: Ribombee|evasion|1\n|\n|upkeep\n|turn|10\n|\n|t:|1700144461\n|switch|p2a: Gallade|Gallade, M|100\/100\n|move|p1a: Ribombee|Stun Spore|p2a: Gallade\n|-status|p2a: Gallade|par\n|\n|upkeep\n|turn|11\n|\n|t:|1700144466\n|move|p1a: Ribombee|Moonblast|p2a: Gallade\n|-supereffective|p2a: Gallade\n|-damage|p2a: Gallade|35\/100 par\n|move|p2a: Gallade|Sacred Sword|p1a: Ribombee\n|-resisted|p1a: Ribombee\n|-crit|p1a: Ribombee\n|-damage|p1a: Ribombee|61\/100\n|\n|upkeep\n|turn|12\n|\n|t:|1700144470\n|move|p1a: Ribombee|Moonblast|p2a: Gallade\n|-supereffective|p2a: Gallade\n|-damage|p2a: Gallade|0 fnt\n|faint|p2a: Gallade\n|\n|upkeep\n|\n|t:|1700144478\n|switch|p2a: Ursaluna|Ursaluna-Bloodmoon, M|92\/100\n|turn|13\n|\n|t:|1700144488\n|move|p1a: Ribombee|Skill Swap|p2a: Ursaluna\n|-activate|p1a: Ribombee|move: Skill Swap|Mind's Eye|Sweet Veil|[of] p2a: Ursaluna\n|move|p2a: Ursaluna|Blood Moon|p1a: Ribombee\n|-damage|p1a: Ribombee|0 fnt\n|faint|p1a: Ribombee\n|\n|upkeep\n|\n|t:|1700144493\n|switch|p1a: Giratina|Giratina-Origin|16\/100 brn\n|turn|14\n|\n|t:|1700144496\n|move|p1a: Giratina|Draco Meteor|p2a: Ursaluna\n|-damage|p2a: Ursaluna|25\/100\n|-unboost|p1a: Giratina|spa|2\n|move|p2a: Ursaluna|Moonblast|p1a: Giratina\n|-supereffective|p1a: Giratina\n|-damage|p1a: Giratina|0 fnt\n|faint|p1a: Giratina\n|\n|upkeep\n|\n|t:|1700144501\n|switch|p1a: Miraidon|Miraidon|100\/100\n|-fieldstart|move: Electric Terrain|[from] ability: Hadron Engine|[of] p1a: Miraidon\n|turn|15\n|\n|t:|1700144504\n|move|p1a: Miraidon|Dragon Pulse|p2a: Ursaluna\n|-damage|p2a: Ursaluna|0 fnt\n|faint|p2a: Ursaluna\n|-damage|p1a: Miraidon|91\/100|[from] item: Life Orb\n|\n|upkeep\n|-message|Vanguard246 forfeited.\n|\n|win|qioborou\n|raw|qioborou's rating: 1043 &rarr; <strong>1088<\/strong><br \/>(+45 for winning)\n|raw|Vanguard246's rating: 1166 &rarr; <strong>1133<\/strong><br \/>(-33 for losing)\n|l|\u2606Vanguard246\n","uploadtime":1700144512,"views":6,"p1id":"qioborou","p2id":"vanguard246","formatid":"gen9ubers","rating":1088,"private":0,"password":""}