{"id":"gen9ubers-1972855774","p1":"jb291","p2":"puissance du feu","format":"[Gen 9] Ubers","log":"|j|\u2606jb291\n|j|\u2606puissance du feu\n|inactive|Battle timer is ON: inactive players will automatically lose when time's up.\n|t:|1697902625\n|gametype|singles\n|player|p1|jb291|korrina-masters|\n|player|p2|puissance du feu|blackbelt|\n|teamsize|p1|6\n|teamsize|p2|6\n|gen|9\n|tier|[Gen 9] Ubers\n|rated|Tournament battle\n|rule|Sleep Clause Mod: Limit one foe put to sleep\n|rule|Species Clause: Limit one of each Pok\u00e9mon\n|rule|OHKO Clause: OHKO moves are banned\n|rule|Evasion Items Clause: Evasion items are banned\n|rule|Evasion Moves Clause: Evasion moves are banned\n|rule|Endless Battle Clause: Forcing endless battles is banned\n|rule|HP Percentage Mod: HP is shown in percentages\n|clearpoke\n|poke|p1|Dondozo, F|\n|poke|p1|Giratina-Origin|\n|poke|p1|Toxapex, F|\n|poke|p1|Clodsire, M|\n|poke|p1|Blissey, F|\n|poke|p1|Koraidon|\n|poke|p2|Arceus|\n|poke|p2|Mewtwo|\n|poke|p2|Koraidon|\n|poke|p2|Giratina-Origin|\n|poke|p2|Ditto|\n|poke|p2|Miraidon|\n|teampreview\n|j|*Lady Monita \u263d\n|inactive|jb291 also wants the timer to be on.\n|inactive|puissance du feu also wants the timer to be on.\n|\n|t:|1697902632\n|start\n|switch|p1a: Koraidon|Koraidon|100\/100\n|switch|p2a: Koraidon|Koraidon|100\/100\n|-weather|SunnyDay|[from] ability: Orichalcum Pulse|[of] p2a: Koraidon\n|-activate|p2a: Koraidon|Orichalcum Pulse|[source]\n|-activate|p1a: Koraidon|ability: Orichalcum Pulse\n|turn|1\n|\n|t:|1697902658\n|move|p2a: Koraidon|Outrage|p1a: Koraidon\n|-supereffective|p1a: Koraidon\n|-damage|p1a: Koraidon|0 fnt\n|faint|p1a: Koraidon\n|\n|-weather|SunnyDay|[upkeep]\n|upkeep\n|\n|t:|1697902661\n|switch|p1a: Toxapex|Toxapex, F|100\/100\n|turn|2\n|\n|t:|1697902664\n|move|p1a: Toxapex|Baneful Bunker|p1a: Toxapex\n|-singleturn|p1a: Toxapex|move: Protect\n|move|p2a: Koraidon|Outrage|p1a: Toxapex|[from]lockedmove\n|-activate|p1a: Toxapex|move: Protect\n|-status|p2a: Koraidon|psn\n|-start|p2a: Koraidon|confusion|[fatigue]\n|\n|-weather|SunnyDay|[upkeep]\n|-damage|p2a: Koraidon|88\/100 psn|[from] psn\n|upkeep\n|turn|3\n|\n|t:|1697902673\n|switch|p2a: Mewtwo|Mewtwo|100\/100\n|-ability|p2a: Mewtwo|Pressure\n|move|p1a: Toxapex|Toxic Spikes|p2a: Mewtwo\n|-sidestart|p2: puissance du feu|move: Toxic Spikes\n|\n|-weather|SunnyDay|[upkeep]\n|upkeep\n|turn|4\n|\n|t:|1697902690\n|switch|p1a: Giratina|Giratina-Origin|100\/100\n|move|p2a: Mewtwo|Nasty Plot|p2a: Mewtwo\n|-boost|p2a: Mewtwo|spa|2\n|\n|-weather|SunnyDay|[upkeep]\n|upkeep\n|turn|5\n|\n|t:|1697902698\n|-terastallize|p2a: Mewtwo|Fairy\n|move|p2a: Mewtwo|Psystrike|p1a: Giratina\n|-crit|p1a: Giratina\n|-damage|p1a: Giratina|16\/100\n|move|p1a: Giratina|Dragon Tail|p2a: Mewtwo\n|-immune|p2a: Mewtwo\n|\n|-weather|none\n|upkeep\n|turn|6\n|\n|t:|1697902708\n|move|p2a: Mewtwo|Psystrike|p1a: Giratina\n|-damage|p1a: Giratina|0 fnt\n|faint|p1a: Giratina\n|\n|upkeep\n|\n|t:|1697902710\n|switch|p1a: Clodsire|Clodsire, M|100\/100\n|turn|7\n|\n|t:|1697902713\n|-terastallize|p1a: Clodsire|Dark\n|move|p2a: Mewtwo|Taunt|p1a: Clodsire\n|-start|p1a: Clodsire|move: Taunt\n|cant|p1a: Clodsire|move: Taunt|Toxic\n|\n|upkeep\n|turn|8\n|\n|t:|1697902733\n|move|p2a: Mewtwo|Grass Knot|p1a: Clodsire\n|-damage|p1a: Clodsire|77\/100\n|move|p1a: Clodsire|Earthquake|p2a: Mewtwo\n|-crit|p2a: Mewtwo\n|-damage|p2a: Mewtwo|57\/100\n|\n|-heal|p2a: Mewtwo|63\/100|[from] item: Leftovers\n|upkeep\n|turn|9\n|\n|t:|1697902756\n|move|p2a: Mewtwo|Grass Knot|p1a: Clodsire\n|-damage|p1a: Clodsire|50\/100\n|move|p1a: Clodsire|Earthquake|p2a: Mewtwo\n|-damage|p2a: Mewtwo|33\/100\n|\n|-heal|p2a: Mewtwo|40\/100|[from] item: Leftovers\n|-end|p1a: Clodsire|move: Taunt\n|upkeep\n|turn|10\n|\n|t:|1697902762\n|move|p2a: Mewtwo|Grass Knot|p1a: Clodsire\n|-damage|p1a: Clodsire|26\/100\n|move|p1a: Clodsire|Recover|p1a: Clodsire\n|-heal|p1a: Clodsire|76\/100\n|\n|-heal|p2a: Mewtwo|46\/100|[from] item: Leftovers\n|upkeep\n|turn|11\n|\n|t:|1697902767\n|move|p2a: Mewtwo|Grass Knot|p1a: Clodsire\n|-damage|p1a: Clodsire|49\/100\n|move|p1a: Clodsire|Earthquake|p2a: Mewtwo\n|-damage|p2a: Mewtwo|16\/100\n|\n|-heal|p2a: Mewtwo|22\/100|[from] item: Leftovers\n|upkeep\n|turn|12\n|\n|t:|1697902786\n|switch|p2a: Koraidon|Koraidon|88\/100 psn\n|-weather|SunnyDay|[from] ability: Orichalcum Pulse|[of] p2a: Koraidon\n|-activate|p2a: Koraidon|Orichalcum Pulse|[source]\n|move|p1a: Clodsire|Earthquake|p2a: Koraidon\n|-damage|p2a: Koraidon|65\/100 psn\n|\n|-weather|SunnyDay|[upkeep]\n|-damage|p2a: Koraidon|53\/100 psn|[from] psn\n|upkeep\n|turn|13\n|\n|t:|1697902794\n|switch|p1a: Toxapex|Toxapex, F|100\/100\n|move|p2a: Koraidon|Outrage|p1a: Toxapex\n|-damage|p1a: Toxapex|46\/100\n|\n|-weather|SunnyDay|[upkeep]\n|-damage|p2a: Koraidon|41\/100 psn|[from] psn\n|upkeep\n|turn|14\n|\n|t:|1697902802\n|move|p1a: Toxapex|Baneful Bunker|p1a: Toxapex\n|-singleturn|p1a: Toxapex|move: Protect\n|move|p2a: Koraidon|Outrage|p1a: Toxapex|[from]lockedmove\n|-activate|p1a: Toxapex|move: Protect\n|\n|-weather|SunnyDay|[upkeep]\n|-damage|p2a: Koraidon|28\/100 psn|[from] psn\n|upkeep\n|turn|15\n|\n|t:|1697902809\n|switch|p1a: Dondozo|Dondozo, F|100\/100\n|move|p2a: Koraidon|Outrage|p1a: Dondozo\n|-damage|p1a: Dondozo|63\/100\n|\n|-weather|SunnyDay|[upkeep]\n|-damage|p2a: Koraidon|16\/100 psn|[from] psn\n|upkeep\n|turn|16\n|\n|t:|1697902817\n|move|p2a: Koraidon|Outrage|p1a: Dondozo|[from]lockedmove\n|-damage|p1a: Dondozo|26\/100\n|move|p1a: Dondozo|Rest|p1a: Dondozo\n|-status|p1a: Dondozo|slp|[from] move: Rest\n|-heal|p1a: Dondozo|100\/100 slp|[silent]\n|\n|-weather|none\n|-damage|p2a: Koraidon|4\/100 psn|[from] psn\n|upkeep\n|turn|17\n|\n|t:|1697902821\n|move|p2a: Koraidon|Outrage|p1a: Dondozo|[from]lockedmove\n|-damage|p1a: Dondozo|70\/100 slp\n|-start|p2a: Koraidon|confusion|[fatigue]\n|cant|p1a: Dondozo|slp\n|move|p1a: Dondozo|Sleep Talk|p1a: Dondozo\n|move|p1a: Dondozo|Avalanche|p2a: Koraidon|[from]move: Sleep Talk\n|-supereffective|p2a: Koraidon\n|-damage|p2a: Koraidon|0 fnt\n|faint|p2a: Koraidon\n|\n|upkeep\n|\n|t:|1697902824\n|switch|p2a: Giratina|Giratina-Origin|100\/100\n|turn|18\n|\n|t:|1697902842\n|switch|p1a: Toxapex|Toxapex, F|79\/100\n|move|p2a: Giratina|Defog|p1a: Toxapex\n|-unboost|p1a: Toxapex|evasion|1\n|-sideend|p2: puissance du feu|Toxic Spikes|[from] move: Defog|[of] p2a: Giratina\n|\n|upkeep\n|turn|19\n|\n|t:|1697902868\n|move|p2a: Giratina|Shadow Ball|p1a: Toxapex\n|-damage|p1a: Toxapex|40\/100\n|move|p1a: Toxapex|Toxic Spikes|p2a: Giratina\n|-sidestart|p2: puissance du feu|move: Toxic Spikes\n|\n|upkeep\n|turn|20\n|\n|t:|1697902886\n|switch|p1a: Blissey|Blissey, F|100\/100\n|move|p2a: Giratina|Dragon Tail|p1a: Blissey\n|-damage|p1a: Blissey|71\/100\n|drag|p1a: Toxapex|Toxapex, F|73\/100\n|\n|upkeep\n|turn|21\n|\n|t:|1697902890\n|move|p2a: Giratina|Shadow Ball|p1a: Toxapex\n|-damage|p1a: Toxapex|27\/100\n|-unboost|p1a: Toxapex|spd|1\n|move|p1a: Toxapex|Poison Jab|p2a: Giratina\n|-resisted|p2a: Giratina\n|-damage|p2a: Giratina|95\/100\n|-status|p2a: Giratina|psn\n|\n|-damage|p2a: Giratina|82\/100 psn|[from] psn\n|upkeep\n|turn|22\n|\n|t:|1697902918\n|switch|p1a: Blissey|Blissey, F|71\/100\n|move|p2a: Giratina|Shadow Ball|p1a: Blissey\n|-immune|p1a: Blissey\n|\n|-damage|p2a: Giratina|70\/100 psn|[from] psn\n|upkeep\n|turn|23\n|\n|t:|1697902924\n|move|p2a: Giratina|Defog|p1a: Blissey\n|-unboost|p1a: Blissey|evasion|1\n|-sideend|p2: puissance du feu|Toxic Spikes|[from] move: Defog|[of] p2a: Giratina\n|move|p1a: Blissey|Soft-Boiled|p1a: Blissey\n|-heal|p1a: Blissey|100\/100\n|\n|-damage|p2a: Giratina|57\/100 psn|[from] psn\n|upkeep\n|turn|24\n|\n|t:|1697902946\n|switch|p2a: Miraidon|Miraidon|100\/100\n|-fieldstart|move: Electric Terrain|[from] ability: Hadron Engine|[of] p2a: Miraidon\n|switch|p1a: Toxapex|Toxapex, F|60\/100\n|\n|upkeep\n|turn|25\n|\n|t:|1697902956\n|switch|p1a: Blissey|Blissey, F|100\/100\n|move|p2a: Miraidon|Taunt|p1a: Blissey\n|-start|p1a: Blissey|move: Taunt\n|\n|upkeep\n|turn|26\n|\n|t:|1697902962\n|move|p2a: Miraidon|Electro Drift|p1a: Blissey\n|-damage|p1a: Blissey|67\/100\n|move|p1a: Blissey|Seismic Toss|p2a: Miraidon\n|-damage|p2a: Miraidon|71\/100\n|\n|-heal|p2a: Miraidon|77\/100|[from] item: Leftovers\n|upkeep\n|turn|27\n|\n|t:|1697902978\n|move|p2a: Miraidon|Electro Drift|p1a: Blissey\n|-crit|p1a: Blissey\n|-damage|p1a: Blissey|18\/100\n|move|p1a: Blissey|Seismic Toss|p2a: Miraidon\n|-damage|p2a: Miraidon|48\/100\n|\n|-heal|p2a: Miraidon|54\/100|[from] item: Leftovers\n|-end|p1a: Blissey|move: Taunt\n|upkeep\n|turn|28\n|\n|t:|1697902985\n|move|p2a: Miraidon|Volt Switch|p1a: Blissey\n|-damage|p1a: Blissey|0 fnt\n|faint|p1a: Blissey\n|\n|t:|1697902991\n|switch|p2a: Arceus|Arceus|100\/100|[from] Volt Switch\n|\n|-fieldend|move: Electric Terrain\n|upkeep\n|\n|t:|1697902994\n|switch|p1a: Toxapex|Toxapex, F|93\/100\n|turn|29\n|\n|t:|1697902997\n|move|p2a: Arceus|Taunt|p1a: Toxapex\n|-start|p1a: Toxapex|move: Taunt\n|move|p1a: Toxapex|Poison Jab|p2a: Arceus\n|-damage|p2a: Arceus|90\/100\n|\n|upkeep\n|turn|30\n|\n|t:|1697903014\n|move|p2a: Arceus|Swords Dance|p2a: Arceus\n|-boost|p2a: Arceus|atk|2\n|move|p1a: Toxapex|Poison Jab|p2a: Arceus\n|-damage|p2a: Arceus|78\/100\n|\n|upkeep\n|turn|31\n|\n|t:|1697903042\n|move|p2a: Arceus|Extreme Speed|p1a: Toxapex\n|-damage|p1a: Toxapex|27\/100\n|move|p1a: Toxapex|Poison Jab|p2a: Arceus\n|-crit|p2a: Arceus\n|-damage|p2a: Arceus|59\/100\n|\n|-end|p1a: Toxapex|move: Taunt\n|upkeep\n|turn|32\n|\n|t:|1697903050\n|switch|p1a: Dondozo|Dondozo, F|70\/100 slp\n|move|p2a: Arceus|Swords Dance|p2a: Arceus\n|-boost|p2a: Arceus|atk|2\n|\n|upkeep\n|turn|33\n|\n|t:|1697903057\n|move|p2a: Arceus|Extreme Speed|p1a: Dondozo\n|-damage|p1a: Dondozo|48\/100 slp\n|cant|p1a: Dondozo|slp\n|move|p1a: Dondozo|Sleep Talk|p1a: Dondozo\n|move|p1a: Dondozo|Body Press|p2a: Arceus|[from]move: Sleep Talk\n|-supereffective|p2a: Arceus\n|-damage|p2a: Arceus|22\/100\n|\n|upkeep\n|turn|34\n|\n|t:|1697903067\n|move|p2a: Arceus|Taunt|p1a: Dondozo\n|-start|p1a: Dondozo|move: Taunt\n|-curestatus|p1a: Dondozo|slp|[msg]\n|move|p1a: Dondozo|Body Press|p2a: Arceus\n|-supereffective|p2a: Arceus\n|-crit|p2a: Arceus\n|-damage|p2a: Arceus|0 fnt\n|faint|p2a: Arceus\n|\n|upkeep\n|\n|t:|1697903069\n|switch|p2a: Miraidon|Miraidon|54\/100\n|-fieldstart|move: Electric Terrain|[from] ability: Hadron Engine|[of] p2a: Miraidon\n|turn|35\n|\n|t:|1697903082\n|move|p2a: Miraidon|Volt Switch|p1a: Dondozo\n|-supereffective|p1a: Dondozo\n|-damage|p1a: Dondozo|0 fnt\n|faint|p1a: Dondozo\n|n|!puissance du feu|puissancedufeu\n|\n|t:|1697903089\n|switch|p2a: Giratina|Giratina-Origin|57\/100 psn|[from] Volt Switch\n|\n|-damage|p2a: Giratina|45\/100 psn|[from] psn\n|upkeep\n|\n|t:|1697903092\n|switch|p1a: Clodsire|Clodsire, M, tera:Dark|49\/100\n|turn|36\n|\n|t:|1697903099\n|move|p1a: Clodsire|Recover|p1a: Clodsire\n|-heal|p1a: Clodsire|99\/100\n|move|p2a: Giratina|Dragon Tail|p1a: Clodsire\n|-damage|p1a: Clodsire|68\/100\n|drag|p1a: Toxapex|Toxapex, F|60\/100\n|\n|-damage|p2a: Giratina|32\/100 psn|[from] psn\n|upkeep\n|turn|37\n|\n|t:|1697903107\n|switch|p2a: Miraidon|Miraidon|54\/100\n|-activate|p2a: Miraidon|ability: Hadron Engine\n|move|p1a: Toxapex|Toxic Spikes|p2a: Miraidon\n|-sidestart|p2: puissance du feu|move: Toxic Spikes\n|\n|-heal|p2a: Miraidon|60\/100|[from] item: Leftovers\n|upkeep\n|turn|38\n|\n|t:|1697903111\n|switch|p1a: Clodsire|Clodsire, M, tera:Dark|68\/100\n|move|p2a: Miraidon|Volt Switch|p1a: Clodsire\n|-damage|p1a: Clodsire|35\/100\n|\n|t:|1697903119\n|switch|p2a: Ditto|Ditto|100\/100|[from] Volt Switch\n|-status|p2a: Ditto|psn\n|-transform|p2a: Ditto|p1a: Clodsire|[from] ability: Imposter\n|\n|-damage|p2a: Ditto|88\/100 psn|[from] psn\n|upkeep\n|turn|39\n|\n|t:|1697903125\n|move|p2a: Ditto|Earthquake|p1a: Clodsire\n|-damage|p1a: Clodsire|5\/100\n|move|p1a: Clodsire|Recover|p1a: Clodsire\n|-heal|p1a: Clodsire|55\/100\n|\n|-damage|p2a: Ditto|76\/100 psn|[from] psn\n|-fieldend|move: Electric Terrain\n|upkeep\n|turn|40\n|\n|t:|1697903131\n|switch|p2a: Giratina|Giratina-Origin|32\/100 psn\n|move|p1a: Clodsire|Recover|p1a: Clodsire\n|-heal|p1a: Clodsire|100\/100\n|\n|-damage|p2a: Giratina|20\/100 psn|[from] psn\n|upkeep\n|turn|41\n|\n|t:|1697903135\n|switch|p1a: Toxapex|Toxapex, F|93\/100\n|move|p2a: Giratina|Rest|p2a: Giratina\n|-status|p2a: Giratina|slp|[from] move: Rest\n|-heal|p2a: Giratina|100\/100 slp|[silent]\n|\n|upkeep\n|turn|42\n|\n|t:|1697903151\n|switch|p1a: Clodsire|Clodsire, M, tera:Dark|100\/100\n|cant|p2a: Giratina|slp\n|\n|upkeep\n|turn|43\n|\n|t:|1697903158\n|cant|p2a: Giratina|slp\n|move|p1a: Clodsire|Spikes|p2a: Giratina\n|-sidestart|p2: puissance du feu|Spikes\n|\n|upkeep\n|turn|44\n|inactive|puissance du feu has 120 seconds left.\n|\n|t:|1697903190\n|-curestatus|p2a: Giratina|slp|[msg]\n|move|p2a: Giratina|Defog|p1a: Clodsire\n|-unboost|p1a: Clodsire|evasion|1\n|-sideend|p2: puissance du feu|Spikes|[from] move: Defog|[of] p2a: Giratina\n|-sideend|p2: puissance du feu|Toxic Spikes|[from] move: Defog|[of] p2a: Giratina\n|move|p1a: Clodsire|Toxic|p2a: Giratina\n|-status|p2a: Giratina|tox\n|\n|-damage|p2a: Giratina|94\/100 tox|[from] psn\n|upkeep\n|turn|45\n|\n|t:|1697903195\n|switch|p1a: Toxapex|Toxapex, F|100\/100\n|move|p2a: Giratina|Dragon Tail|p1a: Toxapex\n|-damage|p1a: Toxapex|82\/100\n|drag|p1a: Clodsire|Clodsire, M, tera:Dark|100\/100\n|\n|-damage|p2a: Giratina|82\/100 tox|[from] psn\n|upkeep\n|turn|46\n|\n|t:|1697903200\n|switch|p1a: Toxapex|Toxapex, F|100\/100\n|move|p2a: Giratina|Shadow Ball|p1a: Toxapex\n|-damage|p1a: Toxapex|58\/100\n|\n|-damage|p2a: Giratina|64\/100 tox|[from] psn\n|upkeep\n|turn|47\n|\n|t:|1697903203\n|move|p1a: Toxapex|Toxic Spikes|p2a: Giratina\n|-sidestart|p2: puissance du feu|move: Toxic Spikes\n|move|p2a: Giratina|Dragon Tail|p1a: Toxapex|[miss]\n|-miss|p2a: Giratina|p1a: Toxapex\n|\n|-damage|p2a: Giratina|39\/100 tox|[from] psn\n|upkeep\n|turn|48\n|\n|t:|1697903211\n|move|p2a: Giratina|Rest|p2a: Giratina\n|-status|p2a: Giratina|slp|[from] move: Rest\n|-heal|p2a: Giratina|100\/100 slp|[silent]\n|move|p1a: Toxapex|Toxic Spikes|p2a: Giratina\n|-sidestart|p2: puissance du feu|move: Toxic Spikes\n|\n|upkeep\n|turn|49\n|\n|t:|1697903214\n|switch|p1a: Clodsire|Clodsire, M, tera:Dark|100\/100\n|cant|p2a: Giratina|slp\n|\n|upkeep\n|turn|50\n|inactive|jb291 has 120 seconds left.\n|\n|t:|1697903257\n|cant|p2a: Giratina|slp\n|move|p1a: Clodsire|Spikes|p2a: Giratina\n|-sidestart|p2: puissance du feu|Spikes\n|\n|upkeep\n|turn|51\n|\n|t:|1697903264\n|switch|p1a: Toxapex|Toxapex, F|91\/100\n|-curestatus|p2a: Giratina|slp|[msg]\n|move|p2a: Giratina|Defog|p1a: Toxapex\n|-unboost|p1a: Toxapex|evasion|1\n|-sideend|p2: puissance du feu|Spikes|[from] move: Defog|[of] p2a: Giratina\n|-sideend|p2: puissance du feu|Toxic Spikes|[from] move: Defog|[of] p2a: Giratina\n|\n|upkeep\n|turn|52\n|\n|t:|1697903271\n|switch|p2a: Ditto|Ditto|76\/100 psn\n|-transform|p2a: Ditto|p1a: Toxapex|[from] ability: Imposter\n|move|p1a: Toxapex|Toxic Spikes|p2a: Ditto\n|-sidestart|p2: puissance du feu|move: Toxic Spikes\n|\n|-damage|p2a: Ditto|63\/100 psn|[from] psn\n|upkeep\n|turn|53\n|\n|t:|1697903283\n|move|p2a: Ditto|Toxic Spikes|p1a: Toxapex\n|-sidestart|p1: jb291|move: Toxic Spikes\n|move|p1a: Toxapex|Poison Jab|p2a: Ditto\n|-resisted|p2a: Ditto\n|-damage|p2a: Ditto|59\/100 psn\n|\n|-damage|p2a: Ditto|46\/100 psn|[from] psn\n|upkeep\n|turn|54\n|\n|t:|1697903287\n|switch|p2a: Giratina|Giratina-Origin|100\/100\n|switch|p1a: Clodsire|Clodsire, M, tera:Dark|100\/100\n|\n|upkeep\n|turn|55\n|\n|t:|1697903291\n|switch|p1a: Toxapex|Toxapex, F|100\/100\n|-sideend|p1: jb291|move: Toxic Spikes|[of] p1a: Toxapex\n|move|p2a: Giratina|Shadow Ball|p1a: Toxapex\n|-damage|p1a: Toxapex|57\/100\n|\n|upkeep\n|turn|56\n|\n|t:|1697903297\n|move|p1a: Toxapex|Baneful Bunker|p1a: Toxapex\n|-singleturn|p1a: Toxapex|move: Protect\n|move|p2a: Giratina|Shadow Ball|p1a: Toxapex\n|-activate|p1a: Toxapex|move: Protect\n|\n|upkeep\n|turn|57\n|\n|t:|1697903304\n|move|p2a: Giratina|Shadow Ball|p1a: Toxapex\n|-damage|p1a: Toxapex|14\/100\n|move|p1a: Toxapex|Recover|p1a: Toxapex\n|-heal|p1a: Toxapex|64\/100\n|\n|upkeep\n|turn|58\n|\n|t:|1697903309\n|move|p2a: Giratina|Shadow Ball|p1a: Toxapex\n|-damage|p1a: Toxapex|21\/100\n|move|p1a: Toxapex|Poison Jab|p2a: Giratina\n|-resisted|p2a: Giratina\n|-damage|p2a: Giratina|95\/100\n|\n|upkeep\n|turn|59\n|\n|t:|1697903312\n|switch|p1a: Clodsire|Clodsire, M, tera:Dark|100\/100\n|move|p2a: Giratina|Defog|p1a: Clodsire\n|-unboost|p1a: Clodsire|evasion|1\n|-sideend|p2: puissance du feu|Toxic Spikes|[from] move: Defog|[of] p2a: Giratina\n|\n|upkeep\n|turn|60\n|\n|t:|1697903320\n|switch|p2a: Ditto|Ditto|80\/100 psn\n|-transform|p2a: Ditto|p1a: Clodsire|[from] ability: Imposter\n|switch|p1a: Toxapex|Toxapex, F|54\/100\n|\n|-damage|p2a: Ditto|67\/100 psn|[from] psn\n|upkeep\n|turn|61\n|\n|t:|1697903327\n|move|p2a: Ditto|Earthquake|p1a: Toxapex\n|-supereffective|p1a: Toxapex\n|-damage|p1a: Toxapex|19\/100\n|move|p1a: Toxapex|Toxic Spikes|p2a: Ditto\n|-sidestart|p2: puissance du feu|move: Toxic Spikes\n|\n|-damage|p2a: Ditto|55\/100 psn|[from] psn\n|upkeep\n|turn|62\n|\n|t:|1697903331\n|switch|p1a: Clodsire|Clodsire, M, tera:Dark|100\/100\n|move|p2a: Ditto|Earthquake|p1a: Clodsire\n|-damage|p1a: Clodsire|67\/100\n|\n|-damage|p2a: Ditto|43\/100 psn|[from] psn\n|upkeep\n|turn|63\n|\n|t:|1697903341\n|switch|p2a: Giratina|Giratina-Origin|95\/100\n|move|p1a: Clodsire|Toxic|p2a: Giratina\n|-status|p2a: Giratina|tox\n|\n|-damage|p2a: Giratina|89\/100 tox|[from] psn\n|upkeep\n|turn|64\n|\n|t:|1697903354\n|switch|p1a: Toxapex|Toxapex, F|52\/100\n|move|p2a: Giratina|Shadow Ball|p1a: Toxapex\n|-damage|p1a: Toxapex|8\/100\n|\n|-damage|p2a: Giratina|76\/100 tox|[from] psn\n|upkeep\n|turn|65\n|\n|t:|1697903358\n|switch|p1a: Clodsire|Clodsire, M, tera:Dark|67\/100\n|move|p2a: Giratina|Dragon Tail|p1a: Clodsire\n|-damage|p1a: Clodsire|33\/100\n|drag|p1a: Toxapex|Toxapex, F|41\/100\n|\n|-damage|p2a: Giratina|58\/100 tox|[from] psn\n|upkeep\n|turn|66\n|\n|t:|1697903369\n|move|p1a: Toxapex|Baneful Bunker|p1a: Toxapex\n|-singleturn|p1a: Toxapex|move: Protect\n|move|p2a: Giratina|Shadow Ball|p1a: Toxapex\n|-activate|p1a: Toxapex|move: Protect\n|\n|-damage|p2a: Giratina|33\/100 tox|[from] psn\n|upkeep\n|turn|67\n|\n|t:|1697903375\n|move|p2a: Giratina|Rest|p2a: Giratina\n|-status|p2a: Giratina|slp|[from] move: Rest\n|-heal|p2a: Giratina|100\/100 slp|[silent]\n|move|p1a: Toxapex|Recover|p1a: Toxapex\n|-heal|p1a: Toxapex|92\/100\n|\n|upkeep\n|turn|68\n|\n|t:|1697903381\n|switch|p1a: Clodsire|Clodsire, M, tera:Dark|33\/100\n|cant|p2a: Giratina|slp\n|\n|upkeep\n|turn|69\n|\n|t:|1697903384\n|cant|p2a: Giratina|slp\n|move|p1a: Clodsire|Recover|p1a: Clodsire\n|-heal|p1a: Clodsire|83\/100\n|\n|upkeep\n|turn|70\n|\n|t:|1697903389\n|switch|p1a: Toxapex|Toxapex, F|100\/100\n|-curestatus|p2a: Giratina|slp|[msg]\n|move|p2a: Giratina|Defog|p1a: Toxapex\n|-unboost|p1a: Toxapex|evasion|1\n|-sideend|p2: puissance du feu|Toxic Spikes|[from] move: Defog|[of] p2a: Giratina\n|\n|upkeep\n|turn|71\n|\n|t:|1697903393\n|switch|p2a: Ditto|Ditto|43\/100 psn\n|-transform|p2a: Ditto|p1a: Toxapex|[from] ability: Imposter\n|move|p1a: Toxapex|Toxic Spikes|p2a: Ditto\n|-sidestart|p2: puissance du feu|move: Toxic Spikes\n|\n|-damage|p2a: Ditto|30\/100 psn|[from] psn\n|upkeep\n|turn|72\n|\n|t:|1697903400\n|move|p2a: Ditto|Recover|p2a: Ditto\n|-heal|p2a: Ditto|80\/100 psn\n|move|p1a: Toxapex|Toxic Spikes|p2a: Ditto\n|-sidestart|p2: puissance du feu|move: Toxic Spikes\n|\n|-damage|p2a: Ditto|68\/100 psn|[from] psn\n|upkeep\n|turn|73\n|\n|t:|1697903405\n|switch|p2a: Giratina|Giratina-Origin|100\/100\n|switch|p1a: Clodsire|Clodsire, M, tera:Dark|83\/100\n|\n|upkeep\n|turn|74\n|\n|t:|1697903413\n|switch|p1a: Toxapex|Toxapex, F|100\/100\n|move|p2a: Giratina|Shadow Ball|p1a: Toxapex\n|-damage|p1a: Toxapex|61\/100\n|\n|upkeep\n|turn|75\n|\n|t:|1697903429\n|move|p1a: Toxapex|Baneful Bunker|p1a: Toxapex\n|-singleturn|p1a: Toxapex|move: Protect\n|move|p2a: Giratina|Defog|p1a: Toxapex\n|-activate|p1a: Toxapex|move: Protect\n|\n|upkeep\n|turn|76\n|\n|t:|1697903440\n|move|p2a: Giratina|Shadow Ball|p1a: Toxapex\n|-damage|p1a: Toxapex|14\/100\n|move|p1a: Toxapex|Recover|p1a: Toxapex\n|-heal|p1a: Toxapex|64\/100\n|\n|upkeep\n|turn|77\n|\n|t:|1697903448\n|move|p2a: Giratina|Defog|p1a: Toxapex\n|-unboost|p1a: Toxapex|evasion|1\n|-sideend|p2: puissance du feu|Toxic Spikes|[from] move: Defog|[of] p2a: Giratina\n|move|p1a: Toxapex|Recover|p1a: Toxapex\n|-heal|p1a: Toxapex|100\/100\n|\n|upkeep\n|turn|78\n|\n|t:|1697903457\n|switch|p2a: Miraidon|Miraidon|60\/100\n|-fieldstart|move: Electric Terrain|[from] ability: Hadron Engine|[of] p2a: Miraidon\n|move|p1a: Toxapex|Toxic Spikes|p2a: Miraidon\n|-sidestart|p2: puissance du feu|move: Toxic Spikes\n|\n|-heal|p2a: Miraidon|66\/100|[from] item: Leftovers\n|upkeep\n|turn|79\n|\n|t:|1697903465\n|move|p1a: Toxapex|Baneful Bunker|p1a: Toxapex\n|-singleturn|p1a: Toxapex|move: Protect\n|move|p2a: Miraidon|Volt Switch|p1a: Toxapex\n|-activate|p1a: Toxapex|move: Protect\n|\n|-heal|p2a: Miraidon|73\/100|[from] item: Leftovers\n|upkeep\n|turn|80\n|\n|t:|1697903469\n|switch|p1a: Clodsire|Clodsire, M, tera:Dark|83\/100\n|move|p2a: Miraidon|Electro Drift|p1a: Clodsire\n|-damage|p1a: Clodsire|33\/100\n|\n|-heal|p2a: Miraidon|79\/100|[from] item: Leftovers\n|upkeep\n|turn|81\n|\n|t:|1697903474\n|move|p2a: Miraidon|Electro Drift|p1a: Clodsire\n|-damage|p1a: Clodsire|0 fnt\n|faint|p1a: Clodsire\n|\n|-heal|p2a: Miraidon|85\/100|[from] item: Leftovers\n|upkeep\n|\n|t:|1697903475\n|switch|p1a: Toxapex|Toxapex, F|100\/100\n|turn|82\n|\n|t:|1697903480\n|move|p2a: Miraidon|Volt Switch|p1a: Toxapex\n|-supereffective|p1a: Toxapex\n|-damage|p1a: Toxapex|0 fnt\n|faint|p1a: Toxapex\n|\n|win|puissance du feu\n|n|\u2606jb291|jb291\n|n|!puissance du feu|puissancedufeu\n|n|*Lady Monita \u263d|ladymonita\n|l|*Lady Monita \u263d\n","uploadtime":1697903086,"views":19,"p1id":"jb291","p2id":"puissancedufeu","formatid":"gen9ubers","rating":0,"private":0,"password":""}