{"id":"gen9ubers-1979537068","p1":"Bestmaindragonite","p2":"kirimissing","format":"[Gen 9] Ubers","log":"|j|\u2606Bestmaindragonite\n|j|\u2606kirimissing\n|t:|1698690485\n|gametype|singles\n|player|p1|Bestmaindragonite|lillie|\n|player|p2|kirimissing|raifort|\n|teamsize|p1|6\n|teamsize|p2|6\n|gen|9\n|tier|[Gen 9] Ubers\n|rule|Sleep Clause Mod: Limit one foe put to sleep\n|rule|Species Clause: Limit one of each Pok\u00e9mon\n|rule|OHKO Clause: OHKO moves are banned\n|rule|Evasion Items Clause: Evasion items are banned\n|rule|Evasion Moves Clause: Evasion moves are banned\n|rule|Endless Battle Clause: Forcing endless battles is banned\n|rule|HP Percentage Mod: HP is shown in percentages\n|clearpoke\n|poke|p1|Pelipper, M|\n|poke|p1|Basculegion-F, F|\n|poke|p1|Overqwil, M|\n|poke|p1|Palkia-Origin|\n|poke|p1|Donphan, M|\n|poke|p1|Thundurus-Therian, M|\n|poke|p2|Scizor, M|\n|poke|p2|Haxorus, F|\n|poke|p2|Ninetales-Alola, M|\n|poke|p2|Espathra, M|\n|poke|p2|Volcarona, M|\n|poke|p2|Alomomola, F|\n|teampreview\n|c|\u2606kirimissing|alr gl hf\n|\n|t:|1698690509\n|start\n|switch|p1a: Overqwil|Overqwil, M|100\/100\n|switch|p2a: Alomomola|Alomomola, F|100\/100\n|turn|1\n|\n|t:|1698690516\n|switch|p1a: Pelipper|Pelipper, M|100\/100\n|-weather|RainDance|[from] ability: Drizzle|[of] p1a: Pelipper\n|move|p2a: Alomomola|Protect||[still]\n|-fail|p2a: Alomomola\n|\n|-weather|RainDance|[upkeep]\n|upkeep\n|turn|2\n|\n|t:|1698690520\n|move|p1a: Pelipper|U-turn|p2a: Alomomola\n|-damage|p2a: Alomomola|94\/100\n|\n|t:|1698690525\n|switch|p1a: Overqwil|Overqwil, M|100\/100|[from] U-turn\n|move|p2a: Alomomola|Flip Turn|p1a: Overqwil\n|-damage|p1a: Overqwil|73\/100\n|\n|t:|1698690529\n|switch|p2a: Ninetales|Ninetales-Alola, M|100\/100|[from] Flip Turn\n|-weather|Snow|[from] ability: Snow Warning|[of] p2a: Ninetales\n|\n|-weather|Snow|[upkeep]\n|upkeep\n|turn|3\n|\n|t:|1698690539\n|switch|p2a: Espathra|Espathra, M|100\/100\n|move|p1a: Overqwil|Gunk Shot|p2a: Espathra\n|-damage|p2a: Espathra|0 fnt\n|faint|p2a: Espathra\n|\n|-weather|Snow|[upkeep]\n|upkeep\n|\n|t:|1698690553\n|switch|p2a: Haxorus|Haxorus, F, shiny|100\/100\n|-ability|p2a: Haxorus|Mold Breaker\n|turn|4\n|\n|t:|1698690563\n|switch|p1a: Pelipper|Pelipper, M|100\/100\n|-weather|RainDance|[from] ability: Drizzle|[of] p1a: Pelipper\n|move|p2a: Haxorus|Swords Dance|p2a: Haxorus\n|-boost|p2a: Haxorus|atk|2\n|\n|-weather|RainDance|[upkeep]\n|upkeep\n|turn|5\n|\n|t:|1698690575\n|switch|p1a: Overqwil|Overqwil, M|73\/100\n|move|p2a: Haxorus|Scale Shot|p1a: Overqwil\n|-damage|p1a: Overqwil|44\/100\n|-damage|p1a: Overqwil|12\/100\n|-damage|p1a: Overqwil|0 fnt\n|faint|p1a: Overqwil\n|-hitcount|p1: Overqwil|3\n|-unboost|p2a: Haxorus|def|1\n|-boost|p2a: Haxorus|spe|1\n|\n|-weather|RainDance|[upkeep]\n|upkeep\n|\n|t:|1698690583\n|switch|p1a: Basculegion|Basculegion-F, F|100\/100\n|turn|6\n|\n|t:|1698690589\n|-terastallize|p2a: Haxorus|Electric\n|move|p1a: Basculegion|Last Respects|p2a: Haxorus\n|-damage|p2a: Haxorus|2\/100\n|move|p2a: Haxorus|Tera Blast|p1a: Basculegion|[anim] Tera Blast Electric\n|-supereffective|p1a: Basculegion\n|-damage|p1a: Basculegion|0 fnt\n|faint|p1a: Basculegion\n|\n|-weather|RainDance|[upkeep]\n|upkeep\n|\n|t:|1698690600\n|switch|p1a: Donphan|Donphan, M|100\/100\n|turn|7\n|\n|t:|1698690606\n|switch|p2a: Ninetales|Ninetales-Alola, M|100\/100\n|-weather|Snow|[from] ability: Snow Warning|[of] p2a: Ninetales\n|move|p1a: Donphan|Rapid Spin|p2a: Ninetales\n|-damage|p2a: Ninetales|84\/100\n|-boost|p1a: Donphan|spe|1\n|\n|-weather|Snow|[upkeep]\n|upkeep\n|turn|8\n|\n|t:|1698690614\n|switch|p2a: Alomomola|Alomomola, F|100\/100\n|move|p1a: Donphan|Knock Off|p2a: Alomomola\n|-damage|p2a: Alomomola|73\/100\n|-enditem|p2a: Alomomola|Leftovers|[from] move: Knock Off|[of] p1a: Donphan\n|\n|-weather|Snow|[upkeep]\n|upkeep\n|turn|9\n|\n|t:|1698690622\n|switch|p1a: Pelipper|Pelipper, M|100\/100\n|-weather|RainDance|[from] ability: Drizzle|[of] p1a: Pelipper\n|move|p2a: Alomomola|Wish|p2a: Alomomola\n|\n|-weather|RainDance|[upkeep]\n|upkeep\n|turn|10\n|\n|t:|1698690632\n|move|p1a: Pelipper|Hurricane|p2a: Alomomola\n|-crit|p2a: Alomomola\n|-damage|p2a: Alomomola|35\/100\n|-start|p2a: Alomomola|confusion\n|-activate|p2a: Alomomola|confusion\n|-damage|p2a: Alomomola|29\/100|[from] confusion\n|\n|-weather|RainDance|[upkeep]\n|-heal|p2a: Alomomola|79\/100|[from] move: Wish|[wisher] Alomomola\n|upkeep\n|turn|11\n|\n|t:|1698690641\n|switch|p1a: Thundurus|Thundurus-Therian, M|100\/100\n|-activate|p2a: Alomomola|confusion\n|move|p2a: Alomomola|Wish|p2a: Alomomola\n|\n|-weather|RainDance|[upkeep]\n|upkeep\n|turn|12\n|\n|t:|1698690654\n|switch|p2a: Ninetales|Ninetales-Alola, M|84\/100\n|-weather|Snow|[from] ability: Snow Warning|[of] p2a: Ninetales\n|-terastallize|p1a: Thundurus|Electric\n|move|p1a: Thundurus|Thunder|p2a: Ninetales\n|-damage|p2a: Ninetales|4\/100\n|\n|-weather|Snow|[upkeep]\n|-heal|p2a: Ninetales|80\/100|[from] move: Wish|[wisher] Alomomola\n|upkeep\n|turn|13\n|\n|t:|1698690669\n|move|p2a: Ninetales|Freeze-Dry|p1a: Thundurus\n|-damage|p1a: Thundurus|82\/100\n|move|p1a: Thundurus|Volt Switch|p2a: Ninetales\n|-damage|p2a: Ninetales|25\/100\n|\n|t:|1698690677\n|switch|p1a: Palkia|Palkia-Origin|100\/100|[from] Volt Switch\n|-ability|p1a: Palkia|Pressure\n|\n|-weather|Snow|[upkeep]\n|upkeep\n|turn|14\n|\n|t:|1698690688\n|switch|p2a: Alomomola|Alomomola, F|100\/100\n|move|p1a: Palkia|Earth Power|p2a: Alomomola\n|-damage|p2a: Alomomola|73\/100\n|\n|-weather|Snow|[upkeep]\n|upkeep\n|turn|15\n|\n|t:|1698690691\n|move|p1a: Palkia|Spacial Rend|p2a: Alomomola\n|-damage|p2a: Alomomola|18\/100\n|move|p2a: Alomomola|Wish|p2a: Alomomola\n|\n|-weather|Snow|[upkeep]\n|upkeep\n|turn|16\n|\n|t:|1698690707\n|move|p2a: Alomomola|Protect|p2a: Alomomola\n|-singleturn|p2a: Alomomola|Protect\n|move|p1a: Palkia|Earth Power|p2a: Alomomola\n|-activate|p2a: Alomomola|move: Protect\n|\n|-weather|none\n|-heal|p2a: Alomomola|68\/100|[from] move: Wish|[wisher] Alomomola\n|upkeep\n|turn|17\n|\n|t:|1698690728\n|move|p1a: Palkia|Earth Power|p2a: Alomomola\n|-damage|p2a: Alomomola|43\/100\n|move|p2a: Alomomola|Wish|p2a: Alomomola\n|\n|upkeep\n|turn|18\n|\n|t:|1698690747\n|switch|p2a: Volcarona|Volcarona, M|100\/100\n|move|p1a: Palkia|Spacial Rend|p2a: Volcarona\n|-damage|p2a: Volcarona|33\/100\n|\n|-heal|p2a: Volcarona|100\/100|[from] move: Wish|[wisher] Alomomola\n|upkeep\n|turn|19\n|\n|t:|1698690757\n|move|p1a: Palkia|Hydro Pump|p2a: Volcarona\n|-supereffective|p2a: Volcarona\n|-damage|p2a: Volcarona|0 fnt\n|faint|p2a: Volcarona\n|\n|upkeep\n|\n|t:|1698690769\n|switch|p2a: Scizor|Scizor, M|100\/100\n|turn|20\n|\n|t:|1698690777\n|move|p1a: Palkia|Hydro Pump|p2a: Scizor\n|-damage|p2a: Scizor|15\/100\n|move|p2a: Scizor|Swords Dance|p2a: Scizor\n|-boost|p2a: Scizor|atk|2\n|\n|upkeep\n|turn|21\n|\n|t:|1698690782\n|move|p2a: Scizor|Bullet Punch|p1a: Palkia\n|-resisted|p1a: Palkia\n|-damage|p1a: Palkia|60\/100\n|-damage|p2a: Scizor|5\/100|[from] item: Life Orb\n|move|p1a: Palkia|Earth Power|p2a: Scizor\n|-damage|p2a: Scizor|0 fnt\n|faint|p2a: Scizor\n|\n|upkeep\n|\n|t:|1698690791\n|switch|p2a: Alomomola|Alomomola, F|76\/100\n|turn|22\n|\n|t:|1698690797\n|switch|p1a: Thundurus|Thundurus-Therian, M, tera:Electric|82\/100\n|move|p2a: Alomomola|Wish|p2a: Alomomola\n|\n|upkeep\n|turn|23\n|\n|t:|1698690802\n|move|p1a: Thundurus|Volt Switch|p2a: Alomomola\n|-supereffective|p2a: Alomomola\n|-damage|p2a: Alomomola|0 fnt\n|faint|p2a: Alomomola\n|\n|t:|1698690808\n|switch|p1a: Donphan|Donphan, M|100\/100|[from] Volt Switch\n|\n|upkeep\n|\n|t:|1698690812\n|switch|p2a: Haxorus|Haxorus, F, shiny, tera:Electric|2\/100\n|-ability|p2a: Haxorus|Mold Breaker\n|turn|24\n|\n|t:|1698690816\n|move|p2a: Haxorus|Scale Shot|p1a: Donphan\n|-damage|p1a: Donphan|91\/100\n|-damage|p1a: Donphan|80\/100\n|-damage|p1a: Donphan|70\/100\n|-damage|p1a: Donphan|59\/100\n|-hitcount|p1a: Donphan|4\n|-unboost|p2a: Haxorus|def|1\n|-boost|p2a: Haxorus|spe|1\n|move|p1a: Donphan|Rapid Spin|p2a: Haxorus\n|-damage|p2a: Haxorus|0 fnt\n|-boost|p1a: Donphan|spe|1\n|faint|p2a: Haxorus\n|\n|upkeep\n|\n|t:|1698690819\n|switch|p2a: Ninetales|Ninetales-Alola, M|25\/100\n|-weather|Snow|[from] ability: Snow Warning|[of] p2a: Ninetales\n|turn|25\n|\n|t:|1698690824\n|move|p2a: Ninetales|Aurora Veil|p2a: Ninetales\n|-sidestart|p2: kirimissing|move: Aurora Veil\n|move|p1a: Donphan|Earthquake|p2a: Ninetales\n|-damage|p2a: Ninetales|4\/100\n|\n|-weather|Snow|[upkeep]\n|upkeep\n|turn|26\n|\n|t:|1698690827\n|move|p2a: Ninetales|Freeze-Dry|p1a: Donphan\n|-supereffective|p1a: Donphan\n|-damage|p1a: Donphan|4\/100\n|move|p1a: Donphan|Earthquake|p2a: Ninetales\n|-damage|p2a: Ninetales|0 fnt\n|faint|p2a: Ninetales\n|\n|win|Bestmaindragonite\n|c|\u2606kirimissing|gr\n|c|\u2606Bestmaindragonite|gg\n|l|\u2606kirimissing\n","uploadtime":1698690850,"views":18,"p1id":"bestmaindragonite","p2id":"kirimissing","formatid":"gen9ubers","rating":0,"private":0,"password":""}