{"id":"gen9ubers-1987985228","p1":"nfyhsueryfgius","p2":"TheRealMyan","format":"[Gen 9] Ubers","log":"|j|\u2606nfyhsueryfgius\n|j|\u2606TheRealMyan\n|t:|1699656043\n|gametype|singles\n|player|p1|nfyhsueryfgius|ghetsis|\n|player|p2|TheRealMyan|hexmaniac-gen6|\n|teamsize|p1|6\n|teamsize|p2|6\n|gen|9\n|tier|[Gen 9] Ubers\n|rated|Tournament battle\n|rule|Sleep Clause Mod: Limit one foe put to sleep\n|rule|Species Clause: Limit one of each Pok\u00e9mon\n|rule|OHKO Clause: OHKO moves are banned\n|rule|Evasion Items Clause: Evasion items are banned\n|rule|Evasion Moves Clause: Evasion moves are banned\n|rule|Endless Battle Clause: Forcing endless battles is banned\n|rule|HP Percentage Mod: HP is shown in percentages\n|clearpoke\n|poke|p1|Calyrex-Ice|\n|poke|p1|Koraidon|\n|poke|p1|Toxapex, F|\n|poke|p1|Ting-Lu|\n|poke|p1|Arceus|\n|poke|p1|Miraidon|\n|poke|p2|Flutter Mane|\n|poke|p2|Ribombee, M|\n|poke|p2|Iron Hands|\n|poke|p2|Zacian-*|\n|poke|p2|Rayquaza|\n|poke|p2|Arceus|\n|teampreview\n|inactive|Battle timer is ON: inactive players will automatically lose when time's up. (requested by TheRealMyan)\n|\n|t:|1699656070\n|start\n|switch|p1a: Calyrex|Calyrex-Ice|100\/100\n|switch|p2a: Toaster Mane|Flutter Mane, shiny|100\/100\n|-ability|p1a: Calyrex|As One\n|-ability|p1a: Calyrex|Unnerve\n|-enditem|p2a: Toaster Mane|Booster Energy\n|-activate|p2a: Toaster Mane|ability: Protosynthesis|[fromitem]\n|-start|p2a: Toaster Mane|protosynthesisspe\n|turn|1\n|inactive|TheRealMyan has 120 seconds left.\n|\n|t:|1699656109\n|move|p2a: Toaster Mane|Moonblast|p1a: Calyrex\n|-damage|p1a: Calyrex|66\/100\n|-unboost|p1a: Calyrex|spa|1\n|move|p1a: Calyrex|Trick Room|p1a: Calyrex\n|-fieldstart|move: Trick Room|[of] p1a: Calyrex\n|\n|upkeep\n|turn|2\n|inactive|TheRealMyan has 120 seconds left.\n|j| Low-Fat Milky Boi\n|inactive|TheRealMyan has 90 seconds left.\n|\n|t:|1699656148\n|-end|p2a: Toaster Mane|Protosynthesis|[silent]\n|switch|p2a: Brian Hands|Iron Hands|100\/100\n|move|p1a: Calyrex|Glacial Lance|p2a: Brian Hands\n|-damage|p2a: Brian Hands|57\/100\n|\n|-heal|p2a: Brian Hands|63\/100|[from] item: Leftovers\n|upkeep\n|turn|3\n|inactive|TheRealMyan has 90 seconds left.\n|\n|t:|1699656160\n|move|p1a: Calyrex|High Horsepower|p2a: Brian Hands|[miss]\n|-miss|p1a: Calyrex|p2a: Brian Hands\n|move|p2a: Brian Hands|Drain Punch|p1a: Calyrex\n|-damage|p1a: Calyrex|43\/100\n|-heal|p2a: Brian Hands|74\/100|[from] drain|[of] p1a: Calyrex\n|\n|-heal|p2a: Brian Hands|80\/100|[from] item: Leftovers\n|upkeep\n|turn|4\n|inactive|TheRealMyan has 90 seconds left.\n|\n|t:|1699656191\n|-end|p2a: Brian Hands|Quark Drive|[silent]\n|switch|p2a: Toaster Mane|Flutter Mane, shiny|100\/100\n|move|p1a: Calyrex|Swords Dance|p1a: Calyrex\n|-boost|p1a: Calyrex|atk|2\n|\n|upkeep\n|turn|5\n|l| Low-Fat Milky Boi\n|\n|t:|1699656199\n|move|p1a: Calyrex|Glacial Lance|p2a: Toaster Mane\n|-damage|p2a: Toaster Mane|0 fnt\n|faint|p2a: Toaster Mane\n|-end|p2a: Toaster Mane|Protosynthesis|[silent]\n|-ability|p1a: Calyrex|Chilling Neigh|boost\n|-boost|p1a: Calyrex|atk|1\n|\n|-fieldend|move: Trick Room\n|upkeep\n|\n|t:|1699656211\n|switch|p2a: Bee movie script|Ribombee, M|100\/100\n|turn|6\n|\n|t:|1699656219\n|move|p2a: Bee movie script|Tailwind|p2a: Bee movie script\n|-sidestart|p2: TheRealMyan|move: Tailwind\n|move|p1a: Calyrex|High Horsepower|p2a: Bee movie script\n|-resisted|p2a: Bee movie script\n|-damage|p2a: Bee movie script|19\/100\n|\n|upkeep\n|turn|7\n|\n|t:|1699656225\n|move|p2a: Bee movie script|Sticky Web|p1a: Calyrex\n|-sidestart|p1: nfyhsueryfgius|move: Sticky Web\n|move|p1a: Calyrex|Trick Room|p1a: Calyrex\n|-fieldstart|move: Trick Room|[of] p1a: Calyrex\n|\n|upkeep\n|turn|8\n|\n|t:|1699656251\n|move|p1a: Calyrex|Glacial Lance|p2a: Bee movie script\n|-damage|p2a: Bee movie script|0 fnt\n|faint|p2a: Bee movie script\n|-ability|p1a: Calyrex|Chilling Neigh|boost\n|-boost|p1a: Calyrex|atk|1\n|\n|upkeep\n|inactive|TheRealMyan has 60 seconds left.\n|\n|t:|1699656268\n|switch|p2a: Brian Hands|Iron Hands|80\/100\n|turn|9\n|\n|t:|1699656272\n|move|p1a: Calyrex|Glacial Lance|p2a: Brian Hands\n|-crit|p2a: Brian Hands\n|-damage|p2a: Brian Hands|0 fnt\n|faint|p2a: Brian Hands\n|-end|p2a: Brian Hands|Quark Drive|[silent]\n|-ability|p1a: Calyrex|Chilling Neigh|boost\n|-boost|p1a: Calyrex|atk|1\n|\n|-sideend|p2: TheRealMyan|move: Tailwind\n|upkeep\n|\n|t:|1699656280\n|switch|p2a: God Himself|Arceus|100\/100\n|turn|10\n|\n|t:|1699656284\n|move|p2a: God Himself|Extreme Speed|p1a: Calyrex\n|-damage|p1a: Calyrex|12\/100\n|move|p1a: Calyrex|Glacial Lance|p2a: God Himself\n|-damage|p2a: God Himself|0 fnt\n|faint|p2a: God Himself\n|-ability|p1a: Calyrex|Chilling Neigh|boost\n|-boost|p1a: Calyrex|atk|1\n|\n|upkeep\n|\n|t:|1699656293\n|switch|p2a: AG LOL|Rayquaza, shiny|100\/100\n|-ability|p2a: AG LOL|Air Lock\n|turn|11\n|\n|t:|1699656303\n|switch|p1a: Toxapex|Toxapex, F|100\/100\n|-activate|p1a: Toxapex|move: Sticky Web\n|-unboost|p1a: Toxapex|spe|1\n|move|p2a: AG LOL|Earthquake|p1a: Toxapex\n|-supereffective|p1a: Toxapex\n|-damage|p1a: Toxapex|42\/100\n|-damage|p2a: AG LOL|91\/100|[from] item: Life Orb\n|\n|-fieldend|move: Trick Room\n|upkeep\n|turn|12\n|\n|t:|1699656319\n|switch|p1a: Ting-Lu|Ting-Lu|100\/100\n|-activate|p1a: Ting-Lu|move: Sticky Web\n|-unboost|p1a: Ting-Lu|spe|1\n|-ability|p1a: Ting-Lu|Vessel of Ruin\n|move|p2a: AG LOL|Earthquake|p1a: Ting-Lu\n|-damage|p1a: Ting-Lu|74\/100\n|-damage|p2a: AG LOL|81\/100|[from] item: Life Orb\n|\n|-heal|p1a: Ting-Lu|80\/100|[from] item: Leftovers\n|upkeep\n|turn|13\n|\n|t:|1699656334\n|move|p2a: AG LOL|Substitute|p2a: AG LOL\n|-start|p2a: AG LOL|Substitute\n|-damage|p2a: AG LOL|56\/100\n|move|p1a: Ting-Lu|Whirlwind|p2a: AG LOL\n|drag|p2a: Butter Sword Dog|Zacian-Crowned, shiny|100\/100\n|-ability|p2a: Butter Sword Dog|Intrepid Sword|boost\n|-boost|p2a: Butter Sword Dog|atk|1\n|\n|-heal|p1a: Ting-Lu|87\/100|[from] item: Leftovers\n|upkeep\n|turn|14\n|\n|t:|1699656352\n|-terastallize|p2a: Butter Sword Dog|Fairy\n|move|p2a: Butter Sword Dog|Play Rough|p1a: Ting-Lu\n|-supereffective|p1a: Ting-Lu\n|-damage|p1a: Ting-Lu|0 fnt\n|faint|p1a: Ting-Lu\n|\n|upkeep\n|\n|t:|1699656356\n|switch|p1a: Toxapex|Toxapex, F|75\/100\n|-activate|p1a: Toxapex|move: Sticky Web\n|-unboost|p1a: Toxapex|spe|1\n|turn|15\n|\n|t:|1699656370\n|move|p2a: Butter Sword Dog|Behemoth Blade|p1a: Toxapex\n|-resisted|p1a: Toxapex\n|-damage|p1a: Toxapex|47\/100\n|-damage|p2a: Butter Sword Dog|84\/100|[from] item: Rocky Helmet|[of] p1a: Toxapex\n|move|p1a: Toxapex|Haze|p1a: Toxapex\n|-clearallboost\n|\n|upkeep\n|turn|16\n|\n|t:|1699656379\n|switch|p2a: AG LOL|Rayquaza, shiny|56\/100\n|-ability|p2a: AG LOL|Air Lock\n|move|p1a: Toxapex|Toxic|p2a: AG LOL\n|-status|p2a: AG LOL|tox\n|\n|-damage|p2a: AG LOL|50\/100 tox|[from] psn\n|upkeep\n|turn|17\n|\n|t:|1699656390\n|switch|p1a: Calyrex|Calyrex-Ice|12\/100\n|-ability|p1a: Calyrex|As One\n|-ability|p1a: Calyrex|Unnerve\n|move|p2a: AG LOL|Earthquake|p1a: Calyrex\n|-damage|p1a: Calyrex|0 fnt\n|faint|p1a: Calyrex\n|-damage|p2a: AG LOL|40\/100 tox|[from] item: Life Orb\n|\n|-damage|p2a: AG LOL|28\/100 tox|[from] psn\n|upkeep\n|\n|t:|1699656393\n|switch|p1a: Arceus|Arceus|100\/100\n|-activate|p1a: Arceus|move: Sticky Web\n|-unboost|p1a: Arceus|spe|1\n|turn|18\n|inactive|TheRealMyan has 90 seconds left.\n|\n|t:|1699656414\n|move|p1a: Arceus|Extreme Speed|p2a: AG LOL\n|-damage|p2a: AG LOL|0 fnt\n|faint|p2a: AG LOL\n|\n|upkeep\n|\n|t:|1699656419\n|switch|p2a: Butter Sword Dog|Zacian-Crowned, shiny, tera:Fairy|84\/100\n|turn|19\n|\n|t:|1699656425\n|-terastallize|p1a: Arceus|Normal\n|move|p1a: Arceus|Extreme Speed|p2a: Butter Sword Dog\n|-damage|p2a: Butter Sword Dog|7\/100\n|move|p2a: Butter Sword Dog|Play Rough|p1a: Arceus\n|-damage|p1a: Arceus|51\/100\n|\n|upkeep\n|turn|20\n|\n|t:|1699656435\n|move|p1a: Arceus|Extreme Speed|p2a: Butter Sword Dog\n|-damage|p2a: Butter Sword Dog|0 fnt\n|faint|p2a: Butter Sword Dog\n|\n|win|nfyhsueryfgius\n|n|\u2606nfyhsueryfgius|nfyhsueryfgius\n|n|\u2606TheRealMyan|therealmyan\n","uploadtime":1699656436,"views":6,"p1id":"nfyhsueryfgius","p2id":"therealmyan","formatid":"gen9ubers","rating":0,"private":0,"password":""}