{"id":"gen9ubers-1973929973","p1":"something482","p2":"bandit_tpl","format":"[Gen 9] Ubers","log":"|j|\u2606something482\n|j|\u2606bandit_tpl\n|t:|1698029357\n|gametype|singles\n|player|p1|something482|victor|\n|player|p2|bandit_tpl|170|\n|teamsize|p1|6\n|teamsize|p2|6\n|gen|9\n|tier|[Gen 9] Ubers\n|rule|Sleep Clause Mod: Limit one foe put to sleep\n|rule|Species Clause: Limit one of each Pok\u00e9mon\n|rule|OHKO Clause: OHKO moves are banned\n|rule|Evasion Items Clause: Evasion items are banned\n|rule|Evasion Moves Clause: Evasion moves are banned\n|rule|Endless Battle Clause: Forcing endless battles is banned\n|rule|HP Percentage Mod: HP is shown in percentages\n|clearpoke\n|poke|p1|Dragapult, M|\n|poke|p1|Gholdengo|\n|poke|p1|Manaphy|\n|poke|p1|Scream Tail|\n|poke|p1|Pawmot, M|\n|poke|p1|Chien-Pao|\n|poke|p2|Annihilape, M|\n|poke|p2|Kingambit, F|\n|poke|p2|Urshifu-*, M|\n|poke|p2|Shaymin-Sky|\n|poke|p2|Slowking-Galar, M|\n|poke|p2|Heatran, M|\n|teampreview\n|j| The_beastgod12\n|j| LentLicker\n|j| Judgieiscool\n|j| ampharosaunt11\n|j| Smoocheh\n|j| mklgd\n|c|\u2606something482|gl hf!\n|\n|t:|1698029435\n|start\n|switch|p1a: nyooom|Dragapult, M, shiny|100\/100\n|switch|p2a: Urshifu|Urshifu-Rapid-Strike, M|100\/100\n|turn|1\n|j| Willish6634\n|j| Chadwin93\n|\n|t:|1698029475\n|move|p1a: nyooom|Draco Meteor|p2a: Urshifu\n|-damage|p2a: Urshifu|20\/100\n|-unboost|p1a: nyooom|spa|2\n|-damage|p1a: nyooom|90\/100|[from] item: Life Orb\n|move|p2a: Urshifu|Swords Dance|p2a: Urshifu\n|-boost|p2a: Urshifu|atk|2\n|\n|upkeep\n|turn|2\n|\n|t:|1698029502\n|switch|p2a: Heatran|Heatran, M, shiny|100\/100\n|-item|p2a: Heatran|Air Balloon\n|move|p1a: nyooom|Shadow Ball|p2a: Heatran\n|-damage|p2a: Heatran|85\/100\n|-unboost|p2a: Heatran|spd|1\n|-enditem|p2a: Heatran|Air Balloon\n|-damage|p1a: nyooom|80\/100|[from] item: Life Orb\n|\n|upkeep\n|turn|3\n|\n|t:|1698029523\n|move|p1a: nyooom|U-turn|p2a: Heatran\n|-resisted|p2a: Heatran\n|-damage|p2a: Heatran|80\/100\n|-damage|p1a: nyooom|70\/100|[from] item: Life Orb\n|\n|t:|1698029528\n|switch|p1a: PRINCE|Manaphy|100\/100|[from] U-turn\n|move|p2a: Heatran|Will-O-Wisp|p1a: PRINCE\n|-status|p1a: PRINCE|brn\n|\n|-damage|p1a: PRINCE|94\/100 brn|[from] brn\n|upkeep\n|turn|4\n|\n|t:|1698029541\n|switch|p2a: Shaymin|Shaymin-Sky|100\/100\n|move|p1a: PRINCE|Substitute|p1a: PRINCE\n|-start|p1a: PRINCE|Substitute\n|-damage|p1a: PRINCE|69\/100 brn\n|\n|-heal|p1a: PRINCE|76\/100 brn|[from] item: Leftovers\n|-damage|p1a: PRINCE|69\/100 brn|[from] brn\n|upkeep\n|turn|5\n|j| Bob Johnson News\n|j| Lillyrosethedemon\n|\n|t:|1698029586\n|move|p2a: Shaymin|Energy Ball|p1a: PRINCE\n|-supereffective|p1a: PRINCE\n|-end|p1a: PRINCE|Substitute\n|move|p1a: PRINCE|Scald|p2a: Shaymin\n|-resisted|p2a: Shaymin\n|-damage|p2a: Shaymin|79\/100\n|\n|-heal|p1a: PRINCE|76\/100 brn|[from] item: Leftovers\n|-damage|p1a: PRINCE|69\/100 brn|[from] brn\n|upkeep\n|turn|6\n|c| mklgd|bru\n|\n|t:|1698029599\n|switch|p1a: Oooga shaka|Scream Tail|100\/100\n|move|p2a: Shaymin|Energy Ball|p1a: Oooga shaka\n|-damage|p1a: Oooga shaka|55\/100\n|-unboost|p1a: Oooga shaka|spd|1\n|\n|-heal|p1a: Oooga shaka|62\/100|[from] item: Leftovers\n|upkeep\n|turn|7\n|c| mklgd|seed flare helo\n|n| Bob Johnson News|bobjohnsonnews\n|c| Willish6634|no seed flare?\n|c| Willish6634|burning the kitchen down\n|c| Smoocheh|i got a seed flare for you right here\n|\n|t:|1698029622\n|move|p2a: Shaymin|Energy Ball|p1a: Oooga shaka\n|-damage|p1a: Oooga shaka|0 fnt\n|faint|p1a: Oooga shaka\n|-end|p1a: Oooga shaka|Protosynthesis|[silent]\n|\n|upkeep\n|c| Willish6634|I got seed for you right here\n|c| Bob Johnson News|This is Bob Johnson TPL News how\u2019s everyone doing\n|\n|t:|1698029635\n|switch|p1a: Lion-O|Chien-Pao|100\/100\n|-ability|p1a: Lion-O|Sword of Ruin\n|turn|8\n|c| Smoocheh|Whats up Bob\n|\n|t:|1698029643\n|switch|p2a: Heatran|Heatran, M, shiny|80\/100\n|move|p1a: Lion-O|Ice Shard|p2a: Heatran\n|-resisted|p2a: Heatran\n|-damage|p2a: Heatran|74\/100\n|\n|upkeep\n|turn|9\n|c| Judgieiscool|whaddup johnson\n|c| Bob Johnson News|Hello is this Mr. Mack?\n|c| Smoocheh|Yes\n|c| Judgieiscool|any  realtion to slim jim?\n|\n|t:|1698029667\n|-terastallize|p1a: Lion-O|Fighting\n|move|p1a: Lion-O|Sacred Sword|p2a: Heatran\n|-supereffective|p2a: Heatran\n|-crit|p2a: Heatran\n|-damage|p2a: Heatran|0 fnt\n|faint|p2a: Heatran\n|\n|upkeep\n|c| Judgieiscool|relation\n|c| The_beastgod12|Got ramen for whoever wants some\n|c| Smoocheh|i got some relations for you\n|c| Willish6634|what kind of relations\n|c| Bob Johnson News|I\u2019m looking for employment I saw an add on indeed Id like to apply for the News Reporter Position\n|c| The_beastgod12|Judgie got this pepperstick for ya\n|\n|t:|1698029733\n|switch|p2a: Annihilape|Annihilape, M, shiny|100\/100\n|turn|10\n|c| Smoocheh|We have both conferences covered atm but would be open to another hire\n|\n|t:|1698029756\n|switch|p1a: Gholdengo|Gholdengo|100\/100\n|switch|p2a: Slowking|Slowking-Galar, M, shiny|100\/100\n|\n|upkeep\n|turn|11\n|c| Judgieiscool|right greedant\n|c| Bob Johnson News|Ok that\u2019s Bob middle name Long Johnson\n|c| Smoocheh|You're hired\n|c| Judgieiscool|hello cousin-slim jim johnson\n|c| Bob Johnson News|Ill put out a story soon\n|\n|t:|1698029807\n|switch|p1a: PRINCE|Manaphy|69\/100 brn\n|move|p2a: Slowking|Flamethrower|p1a: PRINCE\n|-resisted|p1a: PRINCE\n|-damage|p1a: PRINCE|55\/100 brn\n|\n|-heal|p1a: PRINCE|61\/100 brn|[from] item: Leftovers\n|-damage|p1a: PRINCE|55\/100 brn|[from] brn\n|upkeep\n|turn|12\n|c| Willish6634|I got a story for you\n|\n|t:|1698029823\n|move|p1a: PRINCE|Psychic|p2a: Slowking\n|-damage|p2a: Slowking|89\/100\n|move|p2a: Slowking|Sludge Bomb|p1a: PRINCE\n|-damage|p1a: PRINCE|16\/100 brn\n|\n|-heal|p1a: PRINCE|22\/100 brn|[from] item: Leftovers\n|-damage|p1a: PRINCE|16\/100 brn|[from] brn\n|upkeep\n|turn|13\n|c| Bob Johnson News|Hello Judgieiscool do you have any opinions on domestic terrorism\n|c| Willish6634|\"William 5-0s Zero'Clock\"\n|\n|t:|1698029836\n|move|p1a: PRINCE|Scald|p2a: Slowking\n|-damage|p2a: Slowking|72\/100\n|move|p2a: Slowking|Sludge Bomb|p1a: PRINCE\n|-damage|p1a: PRINCE|0 fnt\n|faint|p1a: PRINCE\n|\n|upkeep\n|c| Judgieiscool|not good\n|c| Bob Johnson News|thank you for your time\n|\n|t:|1698029851\n|switch|p1a: Lion-O|Chien-Pao, tera:Fighting|100\/100\n|-ability|p1a: Lion-O|Sword of Ruin\n|turn|14\n|c| Judgieiscool|no problem pal\n|\n|t:|1698029865\n|switch|p2a: Urshifu|Urshifu-Rapid-Strike, M|20\/100\n|move|p1a: Lion-O|Crunch|p2a: Urshifu\n|-resisted|p2a: Urshifu\n|-damage|p2a: Urshifu|0 fnt\n|faint|p2a: Urshifu\n|\n|upkeep\n|\n|t:|1698029888\n|switch|p2a: Kingambit|Kingambit, F|100\/100\n|-activate|p2a: Kingambit|ability: Supreme Overlord\n|-start|p2a: Kingambit|fallen2|[silent]\n|turn|15\n|\n|t:|1698029903\n|-terastallize|p2a: Kingambit|Fairy\n|move|p1a: Lion-O|Sacred Sword|p2a: Kingambit\n|-resisted|p2a: Kingambit\n|-damage|p2a: Kingambit|77\/100\n|move|p2a: Kingambit|Swords Dance|p2a: Kingambit\n|-boost|p2a: Kingambit|atk|2\n|\n|-heal|p2a: Kingambit|83\/100|[from] item: Leftovers\n|upkeep\n|turn|16\n|c| Bob Johnson News|Just a terrible play by something482\n|c|\u2606something482|it was the safest way to bait tera\n|c| Judgieiscool|interesting plays-Slim Jim Johnson\n|c| Bob Johnson News|doesn\u2019t look so safe now though\n|c| Willish6634|youre not safe\n|c| Willish6634|on the list\n|\n|t:|1698029977\n|move|p1a: Lion-O|Icicle Crash|p2a: Kingambit\n|-damage|p2a: Kingambit|45\/100\n|move|p2a: Kingambit|Iron Head|p1a: Lion-O\n|-damage|p1a: Lion-O|0 fnt\n|faint|p1a: Lion-O\n|\n|-heal|p2a: Kingambit|51\/100|[from] item: Leftovers\n|upkeep\n|c| Bob Johnson News|Excuse me pal I\u2019m just here to cover the news\n|c| Judgieiscool|not cool-slim jim johnson\n|\n|t:|1698030019\n|switch|p1a: Gholdengo|Gholdengo|100\/100\n|turn|17\n|\n|t:|1698030026\n|move|p2a: Kingambit|Sucker Punch||[still]\n|-fail|p2a: Kingambit\n|move|p1a: Gholdengo|Trick|p2a: Kingambit\n|-activate|p1a: Gholdengo|move: Trick|[of] p2a: Kingambit\n|-item|p2a: Kingambit|Choice Scarf|[from] move: Trick\n|-item|p1a: Gholdengo|Leftovers|[from] move: Trick\n|\n|upkeep\n|turn|18\n|\n|t:|1698030056\n|move|p2a: Kingambit|Sucker Punch|p1a: Gholdengo\n|-supereffective|p1a: Gholdengo\n|-crit|p1a: Gholdengo\n|-damage|p1a: Gholdengo|0 fnt\n|faint|p1a: Gholdengo\n|\n|upkeep\n|c| The_beastgod12|Huge misplay right there\n|c| Judgieiscool|gee whillikers-sjj\n|\n|t:|1698030078\n|switch|p1a: shonen|Pawmot, M|100\/100\n|turn|19\n|c| Smoocheh|this mite go to 3\n|\n|t:|1698030089\n|-end|p2a: Kingambit|fallen2|[silent]\n|switch|p2a: Slowking|Slowking-Galar, M, shiny|100\/100\n|move|p1a: shonen|Double Shock|p2a: Slowking\n|-damage|p2a: Slowking|40\/100\n|-start|p1a: shonen|typechange|???\/Fighting|[from] move: Double Shock\n|\n|upkeep\n|turn|20\n|c| Judgieiscool|mite\n|c| Bob Johnson News|Sucker Punch KO! Back in Oregon we call that EATING THE CORN\n|c| Smoocheh|mite\n|\n|t:|1698030124\n|move|p1a: shonen|Close Combat|p2a: Slowking\n|-resisted|p2a: Slowking\n|-damage|p2a: Slowking|24\/100\n|-unboost|p1a: shonen|def|1\n|-unboost|p1a: shonen|spd|1\n|move|p2a: Slowking|Sludge Bomb|p1a: shonen\n|-enditem|p1a: shonen|Focus Sash\n|-damage|p1a: shonen|1\/100\n|\n|upkeep\n|turn|21\n|c| Judgieiscool|I remember those days-sjj\n|\n|t:|1698030162\n|move|p1a: shonen|Revival Blessing|p1a: shonen\n|\n|t:|1698030198\n|-heal|p1: PRINCE|50\/100|[from] move: Revival Blessing\n|move|p2a: Slowking|Sludge Bomb|p1a: shonen\n|-damage|p1a: shonen|0 fnt\n|faint|p1a: shonen\n|\n|upkeep\n|\n|t:|1698030205\n|switch|p1a: nyooom|Dragapult, M, shiny|70\/100\n|turn|22\n|c| mklgd|L\n|\n|t:|1698030211\n|move|p1a: nyooom|Shadow Ball|p2a: Slowking\n|-supereffective|p2a: Slowking\n|-damage|p2a: Slowking|0 fnt\n|faint|p2a: Slowking\n|-damage|p1a: nyooom|60\/100|[from] item: Life Orb\n|\n|upkeep\n|c| Willish6634|its over\n|c| Willish6634|we had hope\n|\n|t:|1698030223\n|switch|p2a: Kingambit|Kingambit, F, tera:Fairy|51\/100\n|-activate|p2a: Kingambit|ability: Supreme Overlord\n|-start|p2a: Kingambit|fallen3|[silent]\n|turn|23\n|c| Smoocheh|thought chien pao shoulda been revived there\n|c| Willish6634|now what do we have\n|c| Judgieiscool|agreed\n|\n|t:|1698030234\n|switch|p1a: PRINCE|Manaphy|50\/100\n|move|p2a: Kingambit|Kowtow Cleave|p1a: PRINCE\n|-damage|p1a: PRINCE|0 fnt\n|faint|p1a: PRINCE\n|\n|upkeep\n|c| Willish6634|no reason to live\n|c|\u2606something482|chien pao caused an auto loss to sucker punch\n|l| Bob Johnson News\n|\n|t:|1698030248\n|switch|p1a: nyooom|Dragapult, M, shiny|60\/100\n|turn|24\n|\n|t:|1698030255\n|-end|p2a: Kingambit|fallen3|[silent]\n|switch|p2a: Shaymin|Shaymin-Sky|79\/100\n|move|p1a: nyooom|Shadow Ball|p2a: Shaymin\n|-damage|p2a: Shaymin|33\/100\n|-damage|p1a: nyooom|50\/100|[from] item: Life Orb\n|\n|upkeep\n|turn|25\n|c| Smoocheh|bob johnson left\n|c|\u2606something482|gg\n|\n|t:|1698030264\n|move|p1a: nyooom|Flamethrower|p2a: Shaymin\n|-supereffective|p2a: Shaymin\n|-damage|p2a: Shaymin|0 fnt\n|faint|p2a: Shaymin\n|-damage|p1a: nyooom|40\/100|[from] item: Life Orb\n|\n|upkeep\n|\n|t:|1698030271\n|switch|p2a: Annihilape|Annihilape, M, shiny|100\/100\n|turn|26\n|\n|t:|1698030291\n|move|p1a: nyooom|Shadow Ball|p2a: Annihilape\n|-supereffective|p2a: Annihilape\n|-damage|p2a: Annihilape|58\/100\n|-unboost|p2a: Annihilape|spd|1\n|-ability|p2a: Annihilape|Defiant|boost\n|-boost|p2a: Annihilape|atk|2\n|-damage|p1a: nyooom|30\/100|[from] item: Life Orb\n|move|p2a: Annihilape|Rage Fist|p1a: nyooom\n|-supereffective|p1a: nyooom\n|-damage|p1a: nyooom|0 fnt\n|faint|p1a: nyooom\n|\n|win|bandit_tpl\n|c|\u2606something482|gg\n|c| Smoocheh|gg\n|l| Willish6634\n|c| mklgd|gg\n|l| Lillyrosethedemon\n|c|\u2606bandit_tpl|Gg\n|l| mklgd\n","uploadtime":1698030302,"views":17,"p1id":"something482","p2id":"bandittpl","formatid":"gen9ubers","rating":0,"private":0,"password":""}