{"id":"gen9ubers-1994288696","p1":"Rubyboi711","p2":"QUIT THEN","format":"[Gen 9] Ubers","log":"|j|\u2606Rubyboi711\n|j|\u2606QUIT THEN\n|t:|1700427409\n|gametype|singles\n|player|p1|Rubyboi711|volkner|1187\n|player|p2|QUIT THEN|265|1138\n|teamsize|p1|6\n|teamsize|p2|6\n|gen|9\n|tier|[Gen 9] Ubers\n|rated|\n|rule|Sleep Clause Mod: Limit one foe put to sleep\n|rule|Species Clause: Limit one of each Pok\u00e9mon\n|rule|OHKO Clause: OHKO moves are banned\n|rule|Evasion Items Clause: Evasion items are banned\n|rule|Evasion Moves Clause: Evasion moves are banned\n|rule|Endless Battle Clause: Forcing endless battles is banned\n|rule|HP Percentage Mod: HP is shown in percentages\n|clearpoke\n|poke|p1|Mewtwo|\n|poke|p1|Avalugg-Hisui, M|\n|poke|p1|Gliscor, F|\n|poke|p1|Koraidon|\n|poke|p1|Miraidon|\n|poke|p1|Arceus-Water|\n|poke|p2|Zapdos-Galar|\n|poke|p2|Roaring Moon|\n|poke|p2|Scizor, F|\n|poke|p2|Armarouge, M|\n|poke|p2|Toxapex, F|\n|poke|p2|Flutter Mane|\n|teampreview\n|inactive|Battle timer is ON: inactive players will automatically lose when time's up. (requested by QUIT THEN)\n|\n|t:|1700427427\n|start\n|switch|p1a: Arceus|Arceus-Water|100\/100\n|switch|p2a: Zapdos|Zapdos-Galar|100\/100\n|turn|1\n|\n|t:|1700427454\n|move|p2a: Zapdos|U-turn|p1a: Arceus\n|-damage|p1a: Arceus|82\/100\n|\n|t:|1700427457\n|switch|p2a: Toxapex|Toxapex, F|100\/100|[from] U-turn\n|move|p1a: Arceus|Dragon Dance|p1a: Arceus\n|-boost|p1a: Arceus|atk|1\n|-boost|p1a: Arceus|spe|1\n|\n|upkeep\n|turn|2\n|\n|t:|1700427465\n|move|p1a: Arceus|Earthquake|p2a: Toxapex\n|-supereffective|p2a: Toxapex\n|-damage|p2a: Toxapex|22\/100\n|move|p2a: Toxapex|Toxic|p1a: Arceus\n|-status|p1a: Arceus|tox\n|\n|-damage|p1a: Arceus|76\/100 tox|[from] psn\n|upkeep\n|turn|3\n|inactive|QUIT THEN has 120 seconds left.\n|\n|t:|1700427498\n|switch|p2a: Zapdos|Zapdos-Galar|100\/100\n|move|p1a: Arceus|Dragon Dance|p1a: Arceus\n|-boost|p1a: Arceus|atk|1\n|-boost|p1a: Arceus|spe|1\n|\n|-damage|p1a: Arceus|64\/100 tox|[from] psn\n|upkeep\n|turn|4\n|\n|t:|1700427508\n|switch|p2a: Toxapex|Toxapex, F|55\/100\n|move|p1a: Arceus|Waterfall|p2a: Toxapex\n|-resisted|p2a: Toxapex\n|-damage|p2a: Toxapex|15\/100\n|\n|-damage|p1a: Arceus|46\/100 tox|[from] psn\n|upkeep\n|turn|5\n|\n|t:|1700427516\n|switch|p2a: Zapdos|Zapdos-Galar|100\/100\n|move|p1a: Arceus|Waterfall|p2a: Zapdos\n|-damage|p2a: Zapdos|0 fnt\n|faint|p2a: Zapdos\n|\n|-damage|p1a: Arceus|22\/100 tox|[from] psn\n|upkeep\n|\n|t:|1700427524\n|switch|p2a: Scizor|Scizor, F|100\/100\n|turn|6\n|\n|t:|1700427534\n|-terastallize|p2a: Scizor|Water\n|move|p1a: Arceus|Waterfall|p2a: Scizor\n|-resisted|p2a: Scizor\n|-damage|p2a: Scizor|48\/100\n|move|p2a: Scizor|Swords Dance|p2a: Scizor\n|-boost|p2a: Scizor|atk|2\n|\n|-damage|p1a: Arceus|0 fnt|[from] psn\n|faint|p1a: Arceus\n|upkeep\n|\n|t:|1700427542\n|switch|p1a: Avalugg|Avalugg-Hisui, M|100\/100\n|turn|7\n|\n|t:|1700427547\n|move|p2a: Scizor|Bullet Punch|p1a: Avalugg\n|-supereffective|p1a: Avalugg\n|-ability|p1a: Avalugg|Sturdy\n|-damage|p1a: Avalugg|1\/100\n|-heal|p2a: Scizor|62\/100|[from] item: Shell Bell|[of] p1a: Avalugg\n|move|p1a: Avalugg|Stone Edge|p2a: Scizor\n|-damage|p2a: Scizor|9\/100\n|\n|upkeep\n|turn|8\n|-enditem|p1a: Avalugg|Custap Berry|[eat]\n|-activate|p1a: Avalugg|item: Custap Berry|[consumed]\n|\n|t:|1700427558\n|move|p2a: Scizor|Bullet Punch|p1a: Avalugg\n|-supereffective|p1a: Avalugg\n|-damage|p1a: Avalugg|0 fnt\n|faint|p1a: Avalugg\n|-heal|p2a: Scizor|9\/100|[from] item: Shell Bell|[of] p1: Avalugg\n|\n|upkeep\n|\n|t:|1700427567\n|switch|p1a: Koraidon|Koraidon|100\/100\n|-weather|SunnyDay|[from] ability: Orichalcum Pulse|[of] p1a: Koraidon\n|-activate|p1a: Koraidon|Orichalcum Pulse|[source]\n|turn|9\n|\n|t:|1700427587\n|move|p2a: Scizor|Bullet Punch|p1a: Koraidon\n|-damage|p1a: Koraidon|39\/100\n|-heal|p2a: Scizor|16\/100|[from] item: Shell Bell|[of] p1a: Koraidon\n|move|p1a: Koraidon|Swords Dance|p1a: Koraidon\n|-boost|p1a: Koraidon|atk|2\n|\n|-weather|SunnyDay|[upkeep]\n|upkeep\n|turn|10\n|\n|t:|1700427598\n|move|p2a: Scizor|Bullet Punch|p1a: Koraidon\n|-damage|p1a: Koraidon|0 fnt\n|faint|p1a: Koraidon\n|-heal|p2a: Scizor|21\/100|[from] item: Shell Bell|[of] p1: Koraidon\n|\n|-weather|SunnyDay|[upkeep]\n|upkeep\n|\n|t:|1700427603\n|switch|p1a: Mewtwo|Mewtwo|100\/100\n|-ability|p1a: Mewtwo|Pressure\n|turn|11\n|\n|t:|1700427616\n|move|p2a: Scizor|Bullet Punch|p1a: Mewtwo\n|-damage|p1a: Mewtwo|24\/100\n|-heal|p2a: Scizor|31\/100|[from] item: Shell Bell|[of] p1a: Mewtwo\n|move|p1a: Mewtwo|Grass Knot|p2a: Scizor\n|-supereffective|p2a: Scizor\n|-damage|p2a: Scizor|0 fnt\n|faint|p2a: Scizor\n|\n|-weather|SunnyDay|[upkeep]\n|upkeep\n|\n|t:|1700427625\n|switch|p2a: Flutter Mane|Flutter Mane|100\/100\n|-activate|p2a: Flutter Mane|ability: Protosynthesis\n|-start|p2a: Flutter Mane|protosynthesisspe\n|turn|12\n|\n|t:|1700427628\n|move|p2a: Flutter Mane|Shadow Ball|p1a: Mewtwo\n|-supereffective|p1a: Mewtwo\n|-damage|p1a: Mewtwo|0 fnt\n|faint|p1a: Mewtwo\n|\n|-weather|SunnyDay|[upkeep]\n|upkeep\n|\n|t:|1700427631\n|switch|p1a: Gliscor|Gliscor, F|100\/100\n|turn|13\n|\n|t:|1700427639\n|-end|p2a: Flutter Mane|Protosynthesis|[silent]\n|switch|p2a: Toxapex|Toxapex, F|48\/100\n|move|p1a: Gliscor|Knock Off|p2a: Toxapex\n|-damage|p2a: Toxapex|27\/100\n|-enditem|p2a: Toxapex|Covert Cloak|[from] move: Knock Off|[of] p1a: Gliscor\n|\n|-weather|none\n|-status|p1a: Gliscor|tox|[from] item: Toxic Orb\n|upkeep\n|turn|14\n|\n|t:|1700427646\n|switch|p2a: Armarouge|Armarouge, M|100\/100\n|-terastallize|p1a: Gliscor|Fairy\n|move|p1a: Gliscor|Swords Dance|p1a: Gliscor\n|-boost|p1a: Gliscor|atk|2\n|\n|upkeep\n|turn|15\n|\n|t:|1700427657\n|move|p1a: Gliscor|Earthquake|p2a: Armarouge\n|-supereffective|p2a: Armarouge\n|-damage|p2a: Armarouge|0 fnt\n|faint|p2a: Armarouge\n|\n|upkeep\n|\n|t:|1700427665\n|switch|p2a: Roaring Moon|Roaring Moon|100\/100\n|turn|16\n|\n|t:|1700427672\n|move|p2a: Roaring Moon|Dragon Dance|p2a: Roaring Moon\n|-boost|p2a: Roaring Moon|atk|1\n|-boost|p2a: Roaring Moon|spe|1\n|move|p1a: Gliscor|Earthquake|p2a: Roaring Moon\n|-damage|p2a: Roaring Moon|0 fnt\n|faint|p2a: Roaring Moon\n|-end|p2a: Roaring Moon|Protosynthesis|[silent]\n|\n|upkeep\n|\n|t:|1700427675\n|switch|p2a: Flutter Mane|Flutter Mane|100\/100\n|turn|17\n|\n|t:|1700427679\n|move|p2a: Flutter Mane|Moonblast|p1a: Gliscor\n|-damage|p1a: Gliscor|0 fnt\n|faint|p1a: Gliscor\n|\n|upkeep\n|\n|t:|1700427682\n|switch|p1a: Miraidon|Miraidon|100\/100\n|-fieldstart|move: Electric Terrain|[from] ability: Hadron Engine|[of] p1a: Miraidon\n|turn|18\n|c|\u2606Rubyboi711|Gg\n|\n|t:|1700427690\n|move|p1a: Miraidon|Electro Drift|p2a: Flutter Mane\n|-damage|p2a: Flutter Mane|0 fnt\n|faint|p2a: Flutter Mane\n|-end|p2a: Flutter Mane|Protosynthesis|[silent]\n|\n|upkeep\n|\n|t:|1700427692\n|switch|p2a: Toxapex|Toxapex, F|60\/100\n|turn|19\n|c|\u2606Rubyboi711|Wait what\n|c|\u2606Rubyboi711|YOOOO\n|\n|t:|1700427705\n|move|p1a: Miraidon|Electro Drift|p2a: Toxapex\n|-supereffective|p2a: Toxapex\n|-damage|p2a: Toxapex|0 fnt\n|faint|p2a: Toxapex\n|\n|win|Rubyboi711\n|raw|Rubyboi711's rating: 1187 &rarr; <strong>1208<\/strong><br \/>(+21 for winning)\n|raw|QUIT THEN's rating: 1138 &rarr; <strong>1117<\/strong><br \/>(-21 for losing)\n|c|\u2606Rubyboi711|Gg\n|l|\u2606QUIT THEN\n","uploadtime":1700427719,"views":15,"p1id":"rubyboi711","p2id":"quitthen","formatid":"gen9ubers","rating":1117,"private":0,"password":""}