{"id":"gen9ubers-1975499982","p1":"Kabunger","p2":"Nitro524","format":"[Gen 9] Ubers","log":"|j|\u2606Kabunger\n|j|\u2606Nitro524\n|t:|1698197970\n|gametype|singles\n|player|p1|Kabunger|hilda-wonderlauncher|\n|player|p2|Nitro524|hilbert|\n|teamsize|p1|6\n|teamsize|p2|6\n|gen|9\n|tier|[Gen 9] Ubers\n|rule|Sleep Clause Mod: Limit one foe put to sleep\n|rule|Species Clause: Limit one of each Pok\u00e9mon\n|rule|OHKO Clause: OHKO moves are banned\n|rule|Evasion Items Clause: Evasion items are banned\n|rule|Evasion Moves Clause: Evasion moves are banned\n|rule|Endless Battle Clause: Forcing endless battles is banned\n|rule|HP Percentage Mod: HP is shown in percentages\n|clearpoke\n|poke|p1|Gliscor, M|\n|poke|p1|Electrode-Hisui|\n|poke|p1|Magearna|\n|poke|p1|Palafin, F|\n|poke|p1|Chi-Yu|\n|poke|p1|Arceus-Grass|\n|poke|p2|Pelipper, M|\n|poke|p2|Arceus-Poison|\n|poke|p2|Zacian-*|\n|poke|p2|Palkia-Origin|\n|poke|p2|Basculegion-F, F|\n|poke|p2|Shaymin-Sky|\n|teampreview\n|\n|t:|1698197982\n|start\n|switch|p1a: Electrode|Electrode-Hisui|100\/100\n|switch|p2a: Pelipper|Pelipper, M|100\/100\n|-weather|RainDance|[from] ability: Drizzle|[of] p2a: Pelipper\n|turn|1\n|inactive|Battle timer is ON: inactive players will automatically lose when time's up. (requested by Kabunger)\n|\n|t:|1698197997\n|switch|p2a: Zacian|Zacian|100\/100\n|-ability|p2a: Zacian|Intrepid Sword|boost\n|-boost|p2a: Zacian|atk|1\n|move|p1a: Electrode|Substitute|p1a: Electrode\n|-start|p1a: Electrode|Substitute\n|-damage|p1a: Electrode|76\/100\n|\n|-weather|RainDance|[upkeep]\n|-heal|p1a: Electrode|82\/100|[from] item: Leftovers\n|upkeep\n|turn|2\n|\n|t:|1698198004\n|switch|p2a: Arceus|Arceus-Poison|100\/100\n|move|p1a: Electrode|Leech Seed|p2a: Arceus\n|-start|p2a: Arceus|move: Leech Seed\n|\n|-weather|RainDance|[upkeep]\n|-heal|p1a: Electrode|88\/100|[from] item: Leftovers\n|-damage|p2a: Arceus|88\/100|[from] Leech Seed|[of] p1a: Electrode\n|-heal|p1a: Electrode|100\/100|[silent]\n|upkeep\n|turn|3\n|\n|t:|1698198010\n|move|p1a: Electrode|Taunt|p2a: Arceus\n|-start|p2a: Arceus|move: Taunt\n|move|p2a: Arceus|Judgment|p1a: Electrode\n|-supereffective|p1a: Electrode\n|-end|p1a: Electrode|Substitute\n|\n|-weather|RainDance|[upkeep]\n|-damage|p2a: Arceus|76\/100|[from] Leech Seed|[of] p1a: Electrode\n|upkeep\n|turn|4\n|\n|t:|1698198017\n|move|p1a: Electrode|Substitute|p1a: Electrode\n|-start|p1a: Electrode|Substitute\n|-damage|p1a: Electrode|76\/100\n|move|p2a: Arceus|Judgment|p1a: Electrode\n|-supereffective|p1a: Electrode\n|-end|p1a: Electrode|Substitute\n|\n|-weather|RainDance|[upkeep]\n|-heal|p1a: Electrode|82\/100|[from] item: Leftovers\n|-damage|p2a: Arceus|63\/100|[from] Leech Seed|[of] p1a: Electrode\n|-heal|p1a: Electrode|99\/100|[silent]\n|upkeep\n|turn|5\n|\n|t:|1698198024\n|move|p1a: Electrode|Substitute|p1a: Electrode\n|-start|p1a: Electrode|Substitute\n|-damage|p1a: Electrode|75\/100\n|move|p2a: Arceus|Judgment|p1a: Electrode\n|-supereffective|p1a: Electrode\n|-end|p1a: Electrode|Substitute\n|\n|-weather|RainDance|[upkeep]\n|-heal|p1a: Electrode|81\/100|[from] item: Leftovers\n|-damage|p2a: Arceus|51\/100|[from] Leech Seed|[of] p1a: Electrode\n|-heal|p1a: Electrode|99\/100|[silent]\n|-end|p2a: Arceus|move: Taunt\n|upkeep\n|turn|6\n|\n|t:|1698198034\n|move|p1a: Electrode|Substitute|p1a: Electrode\n|-start|p1a: Electrode|Substitute\n|-damage|p1a: Electrode|74\/100\n|move|p2a: Arceus|Recover|p2a: Arceus\n|-heal|p2a: Arceus|100\/100\n|\n|-weather|RainDance|[upkeep]\n|-heal|p1a: Electrode|80\/100|[from] item: Leftovers\n|-damage|p2a: Arceus|88\/100|[from] Leech Seed|[of] p1a: Electrode\n|-heal|p1a: Electrode|99\/100|[silent]\n|upkeep\n|turn|7\n|\n|t:|1698198039\n|move|p1a: Electrode|Discharge|p2a: Arceus\n|-damage|p2a: Arceus|71\/100\n|move|p2a: Arceus|Calm Mind|p2a: Arceus\n|-boost|p2a: Arceus|spa|1\n|-boost|p2a: Arceus|spd|1\n|\n|-weather|RainDance|[upkeep]\n|-heal|p1a: Electrode|100\/100|[from] item: Leftovers\n|-damage|p2a: Arceus|59\/100|[from] Leech Seed|[of] p1a: Electrode\n|upkeep\n|turn|8\n|\n|t:|1698198057\n|move|p1a: Electrode|Discharge|p2a: Arceus\n|-damage|p2a: Arceus|46\/100\n|-status|p2a: Arceus|par\n|move|p2a: Arceus|Judgment|p1a: Electrode\n|-supereffective|p1a: Electrode\n|-end|p1a: Electrode|Substitute\n|\n|-weather|none\n|-damage|p2a: Arceus|34\/100 par|[from] Leech Seed|[of] p1a: Electrode\n|upkeep\n|turn|9\n|\n|t:|1698198062\n|switch|p2a: Pelipper|Pelipper, M|100\/100\n|-weather|RainDance|[from] ability: Drizzle|[of] p2a: Pelipper\n|move|p1a: Electrode|Substitute|p1a: Electrode\n|-start|p1a: Electrode|Substitute\n|-damage|p1a: Electrode|76\/100\n|\n|-weather|RainDance|[upkeep]\n|-heal|p1a: Electrode|82\/100|[from] item: Leftovers\n|upkeep\n|turn|10\n|\n|t:|1698198067\n|move|p1a: Electrode|Discharge|p2a: Pelipper\n|-supereffective|p2a: Pelipper\n|-damage|p2a: Pelipper|0 fnt\n|faint|p2a: Pelipper\n|\n|-weather|RainDance|[upkeep]\n|-heal|p1a: Electrode|88\/100|[from] item: Leftovers\n|upkeep\n|\n|t:|1698198073\n|switch|p2a: Shaymin|Shaymin-Sky|100\/100\n|turn|11\n|\n|t:|1698198077\n|move|p1a: Electrode|Discharge|p2a: Shaymin\n|-damage|p2a: Shaymin|68\/100\n|move|p2a: Shaymin|Air Slash|p1a: Electrode|[miss]\n|-miss|p2a: Shaymin|p1a: Electrode\n|\n|-weather|RainDance|[upkeep]\n|-heal|p1a: Electrode|94\/100|[from] item: Leftovers\n|upkeep\n|turn|12\n|\n|t:|1698198088\n|switch|p2a: Palkia|Palkia-Origin|100\/100\n|-ability|p2a: Palkia|Pressure\n|move|p1a: Electrode|Discharge|p2a: Palkia\n|-damage|p2a: Palkia|76\/100\n|\n|-weather|RainDance|[upkeep]\n|-heal|p1a: Electrode|99\/100|[from] item: Leftovers\n|upkeep\n|turn|13\n|\n|t:|1698198103\n|move|p1a: Electrode|Leech Seed|p2a: Palkia\n|-start|p2a: Palkia|move: Leech Seed\n|move|p2a: Palkia|Scale Shot|p1a: Electrode\n|-activate|p1a: Electrode|move: Substitute|[damage]\n|-end|p1a: Electrode|Substitute\n|-hitcount|p1a: Electrode|2\n|-unboost|p2a: Palkia|def|1\n|-boost|p2a: Palkia|spe|1\n|\n|-weather|RainDance|[upkeep]\n|-heal|p1a: Electrode|100\/100|[from] item: Leftovers\n|-damage|p2a: Palkia|63\/100|[from] Leech Seed|[of] p1a: Electrode\n|upkeep\n|turn|14\n|\n|t:|1698198118\n|move|p2a: Palkia|Spacial Rend|p1a: Electrode\n|-damage|p1a: Electrode|1\/100\n|move|p1a: Electrode|Discharge|p2a: Palkia\n|-damage|p2a: Palkia|40\/100\n|-status|p2a: Palkia|par\n|\n|-weather|RainDance|[upkeep]\n|-heal|p1a: Electrode|7\/100|[from] item: Leftovers\n|-damage|p2a: Palkia|28\/100 par|[from] Leech Seed|[of] p1a: Electrode\n|-heal|p1a: Electrode|21\/100|[silent]\n|upkeep\n|turn|15\n|inactive|Kabunger has 270 seconds left.\n|\n|t:|1698198150\n|switch|p2a: Shaymin|Shaymin-Sky|68\/100\n|move|p1a: Electrode|Discharge|p2a: Shaymin\n|-damage|p2a: Shaymin|33\/100\n|-status|p2a: Shaymin|par\n|\n|-weather|RainDance|[upkeep]\n|-heal|p1a: Electrode|27\/100|[from] item: Leftovers\n|upkeep\n|turn|16\n|\n|t:|1698198159\n|move|p1a: Electrode|Discharge|p2a: Shaymin\n|-damage|p2a: Shaymin|0 fnt\n|faint|p2a: Shaymin\n|\n|-weather|none\n|-heal|p1a: Electrode|33\/100|[from] item: Leftovers\n|upkeep\n|\n|t:|1698198166\n|switch|p2a: Basculegion|Basculegion-F, F|100\/100\n|turn|17\n|inactive|Kabunger has 270 seconds left.\n|\n|t:|1698198192\n|switch|p1a: Chi-Yu|Chi-Yu|100\/100\n|-ability|p1a: Chi-Yu|Beads of Ruin\n|move|p2a: Basculegion|Last Respects|p1a: Chi-Yu\n|-resisted|p1a: Chi-Yu\n|-crit|p1a: Chi-Yu\n|-damage|p1a: Chi-Yu|0 fnt\n|faint|p1a: Chi-Yu\n|\n|upkeep\n|inactive|Kabunger has 270 seconds left.\n|\n|t:|1698198198\n|switch|p1a: Magearna|Magearna|100\/100\n|turn|18\n|\n|t:|1698198202\n|move|p2a: Basculegion|Last Respects|p1a: Magearna\n|-damage|p1a: Magearna|7\/100\n|move|p1a: Magearna|Volt Switch|p2a: Basculegion\n|-supereffective|p2a: Basculegion\n|-damage|p2a: Basculegion|45\/100\n|\n|t:|1698198207\n|switch|p1a: Palafin|Palafin, F|100\/100|[from] Volt Switch\n|\n|upkeep\n|turn|19\n|\n|t:|1698198217\n|switch|p2a: Zacian|Zacian|100\/100\n|-terastallize|p1a: Palafin|Water\n|move|p1a: Palafin|Flip Turn|p2a: Zacian\n|-damage|p2a: Zacian|56\/100\n|\n|t:|1698198221\n|detailschange|p1a: Palafin|Palafin-Hero, F, tera:Water\n|switch|p1a: Gliscor|Gliscor, M|100\/100|[from] Flip Turn\n|\n|-status|p1a: Gliscor|tox|[from] item: Toxic Orb\n|upkeep\n|turn|20\n|\n|t:|1698198233\n|move|p2a: Zacian|Play Rough|p1a: Gliscor\n|-damage|p1a: Gliscor|73\/100 tox\n|move|p1a: Gliscor|Counter|p2a: Zacian\n|-damage|p2a: Zacian|0 fnt\n|faint|p2a: Zacian\n|\n|-heal|p1a: Gliscor|86\/100 tox|[from] ability: Poison Heal\n|upkeep\n|\n|t:|1698198239\n|switch|p2a: Basculegion|Basculegion-F, F|45\/100\n|turn|21\n|inactive|Nitro524 has 270 seconds left.\n|\n|t:|1698198277\n|switch|p2a: Arceus|Arceus-Poison|34\/100 par\n|move|p1a: Gliscor|Earthquake|p2a: Arceus\n|-supereffective|p2a: Arceus\n|-damage|p2a: Arceus|0 fnt\n|faint|p2a: Arceus\n|\n|-heal|p1a: Gliscor|98\/100 tox|[from] ability: Poison Heal\n|upkeep\n|\n|t:|1698198280\n|switch|p2a: Basculegion|Basculegion-F, F|45\/100\n|turn|22\n|\n|t:|1698198283\n|move|p2a: Basculegion|Last Respects|p1a: Gliscor\n|-damage|p1a: Gliscor|0 fnt\n|faint|p1a: Gliscor\n|\n|upkeep\n|\n|t:|1698198285\n|switch|p1a: Palafin|Palafin-Hero, F, tera:Water|100\/100\n|-activate|p1a: Palafin|ability: Zero to Hero\n|turn|23\n|\n|t:|1698198289\n|move|p1a: Palafin|Jet Punch|p2a: Basculegion\n|-resisted|p2a: Basculegion\n|-damage|p2a: Basculegion|0 fnt\n|faint|p2a: Basculegion\n|\n|upkeep\n|\n|t:|1698198291\n|switch|p2a: Palkia|Palkia-Origin|28\/100 par\n|-ability|p2a: Palkia|Pressure\n|turn|24\n|\n|t:|1698198298\n|move|p1a: Palafin|Jet Punch|p2a: Palkia\n|-resisted|p2a: Palkia\n|-damage|p2a: Palkia|5\/100 par\n|move|p2a: Palkia|Spacial Rend|p1a: Palafin\n|-damage|p1a: Palafin|37\/100\n|\n|upkeep\n|turn|25\n|\n|t:|1698198303\n|move|p1a: Palafin|Jet Punch|p2a: Palkia\n|-resisted|p2a: Palkia\n|-damage|p2a: Palkia|0 fnt\n|faint|p2a: Palkia\n|\n|win|Kabunger\n|c|\u2606Nitro524|gg\n|l|\u2606Nitro524\n|c|\u2606Kabunger|gg\n","uploadtime":1698198312,"views":30,"p1id":"kabunger","p2id":"nitro524","formatid":"gen9ubers","rating":0,"private":0,"password":""}