{"id":"gen9ubers-1995306199","p1":"Skyarrow SWMG","p2":"BlessedOverHeaven","format":"[Gen 9] Ubers","log":"|j|\u2606Skyarrow SWMG\n|j|\u2606BlessedOverHeaven\n|t:|1700550627\n|gametype|singles\n|player|p1|Skyarrow SWMG|lass|1055\n|player|p2|BlessedOverHeaven|102|1040\n|teamsize|p1|6\n|teamsize|p2|6\n|gen|9\n|tier|[Gen 9] Ubers\n|rated|\n|rule|Sleep Clause Mod: Limit one foe put to sleep\n|rule|Species Clause: Limit one of each Pok\u00e9mon\n|rule|OHKO Clause: OHKO moves are banned\n|rule|Evasion Items Clause: Evasion items are banned\n|rule|Evasion Moves Clause: Evasion moves are banned\n|rule|Endless Battle Clause: Forcing endless battles is banned\n|rule|HP Percentage Mod: HP is shown in percentages\n|clearpoke\n|poke|p1|Palafin, F|\n|poke|p1|Thundurus-Therian, M|\n|poke|p1|Quagsire, M|\n|poke|p1|Urshifu-*, M|\n|poke|p1|Hoopa-Unbound|\n|poke|p1|Iron Hands|\n|poke|p2|Cloyster, M|\n|poke|p2|Gengar, F|\n|poke|p2|Urshifu-*, M|\n|poke|p2|Cresselia, F|\n|poke|p2|Talonflame, F|\n|poke|p2|Garchomp, M|\n|teampreview\n|inactive|Battle timer is ON: inactive players will automatically lose when time's up. (requested by BlessedOverHeaven)\n|\n|t:|1700550654\n|start\n|switch|p1a: RED SUN|Hoopa-Unbound|100\/100\n|switch|p2a: Cloyster|Cloyster, M|100\/100\n|turn|1\n|\n|t:|1700550676\n|move|p1a: RED SUN|Drain Punch|p2a: Cloyster\n|-supereffective|p2a: Cloyster\n|-crit|p2a: Cloyster\n|-damage|p2a: Cloyster|29\/100\n|move|p2a: Cloyster|Shell Smash|p2a: Cloyster\n|-unboost|p2a: Cloyster|def|1\n|-unboost|p2a: Cloyster|spd|1\n|-boost|p2a: Cloyster|atk|2\n|-boost|p2a: Cloyster|spa|2\n|-boost|p2a: Cloyster|spe|2\n|\n|upkeep\n|turn|2\n|\n|t:|1700550687\n|move|p2a: Cloyster|Icicle Spear|p1a: RED SUN\n|-damage|p1a: RED SUN|58\/100\n|-damage|p1a: RED SUN|18\/100\n|-damage|p1a: RED SUN|0 fnt\n|faint|p1a: RED SUN\n|-hitcount|p1: RED SUN|3\n|\n|upkeep\n|\n|t:|1700550698\n|switch|p1a: DISASTER TRANS|Palafin, F|100\/100\n|turn|3\n|n|!BlessedOverHeaven|blessedoverheaven\n|\n|t:|1700550709\n|detailschange|p1a: DISASTER TRANS|Palafin-Hero, F\n|switch|p1a: FACE TO FACE|Iron Hands|100\/100\n|move|p2a: Cloyster|Icicle Spear|p1a: FACE TO FACE\n|-damage|p1a: FACE TO FACE|82\/100\n|-damage|p1a: FACE TO FACE|65\/100\n|-damage|p1a: FACE TO FACE|48\/100\n|-damage|p1a: FACE TO FACE|30\/100\n|-damage|p1a: FACE TO FACE|12\/100\n|-hitcount|p1a: FACE TO FACE|5\n|\n|upkeep\n|turn|4\n|\n|t:|1700550722\n|-end|p1a: FACE TO FACE|Quark Drive|[silent]\n|switch|p1a: DISASTER TRANS|Palafin-Hero, F|100\/100\n|-activate|p1a: DISASTER TRANS|ability: Zero to Hero\n|move|p2a: Cloyster|Icicle Spear|p1a: DISASTER TRANS\n|-resisted|p1a: DISASTER TRANS\n|-damage|p1a: DISASTER TRANS|89\/100\n|-resisted|p1a: DISASTER TRANS\n|-damage|p1a: DISASTER TRANS|76\/100\n|-resisted|p1a: DISASTER TRANS\n|-damage|p1a: DISASTER TRANS|64\/100\n|-resisted|p1a: DISASTER TRANS\n|-damage|p1a: DISASTER TRANS|52\/100\n|-resisted|p1a: DISASTER TRANS\n|-crit|p1a: DISASTER TRANS\n|-damage|p1a: DISASTER TRANS|34\/100\n|-hitcount|p1a: DISASTER TRANS|5\n|\n|upkeep\n|turn|5\n|\n|t:|1700550737\n|move|p1a: DISASTER TRANS|Jet Punch|p2a: Cloyster\n|-resisted|p2a: Cloyster\n|-damage|p2a: Cloyster|0 fnt\n|faint|p2a: Cloyster\n|\n|upkeep\n|\n|t:|1700550755\n|switch|p2a: Urshifu|Urshifu, M|100\/100\n|turn|6\n|\n|t:|1700550761\n|-terastallize|p1a: DISASTER TRANS|Water\n|move|p1a: DISASTER TRANS|Jet Punch|p2a: Urshifu\n|-damage|p2a: Urshifu|14\/100\n|move|p2a: Urshifu|Close Combat|p1a: DISASTER TRANS\n|-damage|p1a: DISASTER TRANS|0 fnt\n|-unboost|p2a: Urshifu|def|1\n|-unboost|p2a: Urshifu|spd|1\n|faint|p1a: DISASTER TRANS\n|\n|upkeep\n|\n|t:|1700550780\n|switch|p1a: my final message|Quagsire, M|100\/100\n|turn|7\n|\n|t:|1700550791\n|move|p2a: Urshifu|Close Combat|p1a: my final message\n|-damage|p1a: my final message|32\/100\n|-unboost|p2a: Urshifu|def|1\n|-unboost|p2a: Urshifu|spd|1\n|move|p1a: my final message|Stealth Rock|p2a: Urshifu\n|-sidestart|p2: BlessedOverHeaven|move: Stealth Rock\n|\n|upkeep\n|turn|8\n|\n|t:|1700550800\n|move|p2a: Urshifu|Close Combat|p1a: my final message\n|-damage|p1a: my final message|0 fnt\n|-unboost|p2a: Urshifu|def|1\n|-unboost|p2a: Urshifu|spd|1\n|faint|p1a: my final message\n|\n|upkeep\n|\n|t:|1700550807\n|switch|p1a: im not gay bro|Urshifu-Rapid-Strike, M|100\/100\n|turn|9\n|\n|t:|1700550816\n|move|p1a: im not gay bro|Surging Strikes|p2a: Urshifu\n|-crit|p2a: Urshifu\n|-damage|p2a: Urshifu|0 fnt\n|faint|p2a: Urshifu\n|-hitcount|p2: Urshifu|1\n|\n|upkeep\n|\n|t:|1700550824\n|switch|p2a: Talonflame|Talonflame, F|100\/100\n|-damage|p2a: Talonflame|51\/100|[from] Stealth Rock\n|turn|10\n|\n|t:|1700550835\n|move|p1a: im not gay bro|Surging Strikes|p2a: Talonflame\n|-supereffective|p2a: Talonflame\n|-crit|p2a: Talonflame\n|-damage|p2a: Talonflame|0 fnt\n|faint|p2a: Talonflame\n|-hitcount|p2: Talonflame|1\n|\n|upkeep\n|\n|t:|1700550844\n|switch|p2a: Cresselia|Cresselia, F|100\/100\n|-damage|p2a: Cresselia|88\/100|[from] Stealth Rock\n|turn|11\n|\n|t:|1700550850\n|move|p1a: im not gay bro|Surging Strikes|p2a: Cresselia\n|-crit|p2a: Cresselia\n|-damage|p2a: Cresselia|74\/100\n|-crit|p2a: Cresselia\n|-damage|p2a: Cresselia|59\/100\n|-crit|p2a: Cresselia\n|-damage|p2a: Cresselia|44\/100\n|-hitcount|p2a: Cresselia|3\n|move|p2a: Cresselia|Calm Mind|p2a: Cresselia\n|-boost|p2a: Cresselia|spa|1\n|-boost|p2a: Cresselia|spd|1\n|\n|upkeep\n|turn|12\n|\n|t:|1700550865\n|move|p1a: im not gay bro|Surging Strikes|p2a: Cresselia\n|-crit|p2a: Cresselia\n|-damage|p2a: Cresselia|28\/100\n|-crit|p2a: Cresselia\n|-damage|p2a: Cresselia|13\/100\n|-crit|p2a: Cresselia\n|-damage|p2a: Cresselia|0 fnt\n|faint|p2a: Cresselia\n|-hitcount|p2: Cresselia|3\n|\n|upkeep\n|\n|t:|1700550874\n|switch|p2a: Gengar|Gengar, F|100\/100\n|-damage|p2a: Gengar|88\/100|[from] Stealth Rock\n|turn|13\n|\n|t:|1700550880\n|move|p1a: im not gay bro|Surging Strikes|p2a: Gengar\n|-crit|p2a: Gengar\n|-damage|p2a: Gengar|49\/100\n|-crit|p2a: Gengar\n|-damage|p2a: Gengar|7\/100\n|-crit|p2a: Gengar\n|-damage|p2a: Gengar|0 fnt\n|faint|p2a: Gengar\n|-hitcount|p2: Gengar|3\n|\n|upkeep\n|\n|t:|1700550895\n|switch|p2a: Garchomp|Garchomp, M|100\/100\n|-damage|p2a: Garchomp|94\/100|[from] Stealth Rock\n|turn|14\n|\n|t:|1700550902\n|move|p2a: Garchomp|Earthquake|p1a: im not gay bro\n|-damage|p1a: im not gay bro|51\/100\n|move|p1a: im not gay bro|Surging Strikes|p2a: Garchomp\n|-crit|p2a: Garchomp\n|-damage|p2a: Garchomp|75\/100\n|-damage|p1a: im not gay bro|39\/100|[from] ability: Rough Skin|[of] p2a: Garchomp\n|-crit|p2a: Garchomp\n|-damage|p2a: Garchomp|53\/100\n|-damage|p1a: im not gay bro|26\/100|[from] ability: Rough Skin|[of] p2a: Garchomp\n|-crit|p2a: Garchomp\n|-damage|p2a: Garchomp|34\/100\n|-damage|p1a: im not gay bro|14\/100|[from] ability: Rough Skin|[of] p2a: Garchomp\n|-hitcount|p2a: Garchomp|3\n|\n|upkeep\n|turn|15\n|\n|t:|1700550918\n|move|p2a: Garchomp|Earthquake|p1a: im not gay bro\n|-damage|p1a: im not gay bro|0 fnt\n|faint|p1a: im not gay bro\n|\n|upkeep\n|\n|t:|1700550923\n|switch|p1a: KICK BACK|Thundurus-Therian, M|100\/100\n|turn|16\n|-message|BlessedOverHeaven forfeited.\n|\n|win|Skyarrow SWMG\n|raw|Skyarrow SWMG's rating: 1055 &rarr; <strong>1085<\/strong><br \/>(+30 for winning)\n|raw|BlessedOverHeaven's rating: 1040 &rarr; <strong>1025<\/strong><br \/>(-15 for losing)\n|l|!BlessedOverHeaven\n","uploadtime":1700550705,"views":1,"p1id":"skyarrowswmg","p2id":"blessedoverheaven","formatid":"gen9ubers","rating":1025,"private":0,"password":""}