{"id":"gen9ubers-1978591024","p1":"the tr4sh man","p2":"Kabunger","format":"[Gen 9] Ubers","log":"|j|\u2606the tr4sh man\n|j|\u2606Kabunger\n|t:|1698562046\n|gametype|singles\n|player|p1|the tr4sh man|xerosic|\n|player|p2|Kabunger|hilda-wonderlauncher|\n|teamsize|p1|6\n|teamsize|p2|6\n|gen|9\n|tier|[Gen 9] Ubers\n|rule|Sleep Clause Mod: Limit one foe put to sleep\n|rule|Species Clause: Limit one of each Pok\u00e9mon\n|rule|OHKO Clause: OHKO moves are banned\n|rule|Evasion Items Clause: Evasion items are banned\n|rule|Evasion Moves Clause: Evasion moves are banned\n|rule|Endless Battle Clause: Forcing endless battles is banned\n|rule|HP Percentage Mod: HP is shown in percentages\n|clearpoke\n|poke|p1|Zacian-*|\n|poke|p1|Toedscruel, F|\n|poke|p1|Chi-Yu|\n|poke|p1|Ninetales, M|\n|poke|p1|Walking Wake|\n|poke|p1|Shiftry, F|\n|poke|p2|Torkoal, F|\n|poke|p2|Walking Wake|\n|poke|p2|Grafaiai, M|\n|poke|p2|Zacian-*|\n|poke|p2|Chi-Yu|\n|poke|p2|Gliscor, M|\n|teampreview\n|\n|t:|1698562059\n|start\n|switch|p1a: Walking Wake|Walking Wake|100\/100\n|switch|p2a: Walking Wake|Walking Wake|100\/100\n|turn|1\n|inactive|Battle timer is ON: inactive players will automatically lose when time's up. (requested by Kabunger)\n|\n|t:|1698562081\n|-end|p1a: Walking Wake|Protosynthesis|[silent]\n|switch|p1a: Toedscruel|Toedscruel, F|100\/100\n|move|p2a: Walking Wake|Flip Turn|p1a: Toedscruel\n|-damage|p1a: Toedscruel|81\/100\n|\n|t:|1698562084\n|-end|p2a: Walking Wake|Protosynthesis|[silent]\n|switch|p2a: Chi-Yu|Chi-Yu|100\/100|[from] Flip Turn\n|-ability|p2a: Chi-Yu|Beads of Ruin\n|\n|upkeep\n|turn|2\n|c|\u2606the tr4sh man|is your zacian not max speed btw\n|c|\u2606Kabunger|maybe\n|\n|t:|1698562095\n|switch|p1a: Ninetales|Ninetales, M|100\/100\n|-weather|SunnyDay|[from] ability: Drought|[of] p1a: Ninetales\n|move|p2a: Chi-Yu|Flamethrower|p1a: Ninetales\n|-resisted|p1a: Ninetales\n|-damage|p1a: Ninetales|43\/100\n|\n|-weather|SunnyDay|[upkeep]\n|upkeep\n|turn|3\n|\n|t:|1698562099\n|switch|p1a: Walking Wake|Walking Wake|100\/100\n|-activate|p1a: Walking Wake|ability: Protosynthesis\n|-start|p1a: Walking Wake|protosynthesisspe\n|move|p2a: Chi-Yu|Flamethrower|p1a: Walking Wake\n|-resisted|p1a: Walking Wake\n|-damage|p1a: Walking Wake|66\/100\n|\n|-weather|SunnyDay|[upkeep]\n|upkeep\n|turn|4\n|c|\u2606the tr4sh man|icic\n|\n|t:|1698562107\n|switch|p2a: Zacian|Zacian|100\/100\n|-ability|p2a: Zacian|Intrepid Sword|boost\n|-boost|p2a: Zacian|atk|1\n|move|p1a: Walking Wake|Knock Off|p2a: Zacian\n|-resisted|p2a: Zacian\n|-crit|p2a: Zacian\n|-damage|p2a: Zacian|80\/100\n|-enditem|p2a: Zacian|Heavy-Duty Boots|[from] move: Knock Off|[of] p1a: Walking Wake\n|\n|-weather|SunnyDay|[upkeep]\n|upkeep\n|turn|5\n|\n|t:|1698562115\n|move|p1a: Walking Wake|Hydro Steam|p2a: Zacian\n|-damage|p2a: Zacian|35\/100\n|move|p2a: Zacian|Play Rough|p1a: Walking Wake\n|-supereffective|p1a: Walking Wake\n|-damage|p1a: Walking Wake|0 fnt\n|faint|p1a: Walking Wake\n|-end|p1a: Walking Wake|Protosynthesis|[silent]\n|\n|-weather|SunnyDay|[upkeep]\n|upkeep\n|j| Cw1999\n|\n|t:|1698562121\n|switch|p1a: Shiftry|Shiftry, F|100\/100\n|turn|6\n|l| Cw1999\n|\n|t:|1698562128\n|move|p1a: Shiftry|Leaf Blade|p2a: Zacian\n|-damage|p2a: Zacian|0 fnt\n|faint|p2a: Zacian\n|-damage|p1a: Shiftry|91\/100|[from] item: Life Orb\n|\n|-weather|SunnyDay|[upkeep]\n|upkeep\n|\n|t:|1698562131\n|switch|p2a: Torkoal|Torkoal, F|100\/100\n|turn|7\n|\n|t:|1698562135\n|move|p1a: Shiftry|Explosion|p2a: Torkoal\n|-damage|p2a: Torkoal|39\/100\n|faint|p1a: Shiftry\n|move|p2a: Torkoal|Shell Smash|p2a: Torkoal\n|-unboost|p2a: Torkoal|def|1\n|-unboost|p2a: Torkoal|spd|1\n|-boost|p2a: Torkoal|atk|2\n|-boost|p2a: Torkoal|spa|2\n|-boost|p2a: Torkoal|spe|2\n|-enditem|p2a: Torkoal|Eject Pack\n|\n|t:|1698562138\n|switch|p2a: AIYAH GG'S|Grafaiai, M|100\/100\n|\n|-weather|SunnyDay|[upkeep]\n|upkeep\n|\n|t:|1698562144\n|switch|p1a: Toedscruel|Toedscruel, F|81\/100\n|turn|8\n|\n|t:|1698562148\n|move|p2a: AIYAH GG'S|Copycat|p2a: AIYAH GG'S\n|move|p2a: AIYAH GG'S|Shell Smash|p2a: AIYAH GG'S|[from]move: Copycat\n|-unboost|p2a: AIYAH GG'S|def|1\n|-unboost|p2a: AIYAH GG'S|spd|1\n|-boost|p2a: AIYAH GG'S|atk|2\n|-boost|p2a: AIYAH GG'S|spa|2\n|-boost|p2a: AIYAH GG'S|spe|2\n|move|p1a: Toedscruel|Spore|p2a: AIYAH GG'S\n|-status|p2a: AIYAH GG'S|slp|[from] move: Spore\n|\n|-weather|SunnyDay|[upkeep]\n|upkeep\n|turn|9\n|c|\u2606the tr4sh man|unfathomably shiest\n|\n|t:|1698562154\n|cant|p2a: AIYAH GG'S|slp\n|move|p1a: Toedscruel|Earth Power|p2a: AIYAH GG'S\n|-supereffective|p2a: AIYAH GG'S\n|-enditem|p2a: AIYAH GG'S|Focus Sash\n|-damage|p2a: AIYAH GG'S|1\/100 slp\n|\n|-weather|none\n|upkeep\n|turn|10\n|\n|t:|1698562160\n|-curestatus|p2a: AIYAH GG'S|slp|[msg]\n|move|p2a: AIYAH GG'S|Poison Jab|p1a: Toedscruel\n|-damage|p1a: Toedscruel|0 fnt\n|faint|p1a: Toedscruel\n|\n|upkeep\n|c|\u2606the tr4sh man|gg\n|\n|t:|1698562166\n|switch|p1a: Ninetales|Ninetales, M|43\/100\n|-weather|SunnyDay|[from] ability: Drought|[of] p1a: Ninetales\n|turn|11\n|c|\u2606Kabunger|aiyah\n|c|\u2606Kabunger|gg\n|\n|t:|1698562172\n|move|p2a: AIYAH GG'S|Poison Jab|p1a: Ninetales\n|-damage|p1a: Ninetales|0 fnt\n|faint|p1a: Ninetales\n|\n|-weather|SunnyDay|[upkeep]\n|upkeep\n|c|\u2606the tr4sh man|aiyaya\n|\n|t:|1698562181\n|switch|p1a: Zacian|Zacian|100\/100\n|-ability|p1a: Zacian|Intrepid Sword|boost\n|-boost|p1a: Zacian|atk|1\n|turn|12\n|\n|t:|1698562190\n|move|p2a: AIYAH GG'S|Poison Jab|p1a: Zacian\n|-supereffective|p1a: Zacian\n|-damage|p1a: Zacian|0 fnt\n|faint|p1a: Zacian\n|\n|-weather|SunnyDay|[upkeep]\n|upkeep\n|\n|t:|1698562191\n|switch|p1a: Chi-Yu|Chi-Yu|100\/100\n|-ability|p1a: Chi-Yu|Beads of Ruin\n|turn|13\n|\n|t:|1698562194\n|move|p2a: AIYAH GG'S|Poison Jab|p1a: Chi-Yu\n|-damage|p1a: Chi-Yu|0 fnt\n|faint|p1a: Chi-Yu\n|\n|win|Kabunger\n","uploadtime":1698562200,"views":15,"p1id":"thetr4shman","p2id":"kabunger","formatid":"gen9ubers","rating":0,"private":0,"password":""}