{"id":"gen9ubers-1970184638","p1":"trialteam98","p2":"Pappan_X_10","format":"[Gen 9] Ubers","log":"|j|\u2606trialteam98\n|j|\u2606Pappan_X_10\n|t:|1697606685\n|gametype|singles\n|player|p1|trialteam98|lady-gen4|1085\n|player|p2|Pappan_X_10|101|1052\n|teamsize|p1|6\n|teamsize|p2|6\n|gen|9\n|tier|[Gen 9] Ubers\n|rated|\n|rule|Sleep Clause Mod: Limit one foe put to sleep\n|rule|Species Clause: Limit one of each Pok\u00e9mon\n|rule|OHKO Clause: OHKO moves are banned\n|rule|Evasion Items Clause: Evasion items are banned\n|rule|Evasion Moves Clause: Evasion moves are banned\n|rule|Endless Battle Clause: Forcing endless battles is banned\n|rule|HP Percentage Mod: HP is shown in percentages\n|clearpoke\n|poke|p1|Koraidon|\n|poke|p1|Miraidon|\n|poke|p1|Walking Wake|\n|poke|p1|Zoroark-Hisui, M|\n|poke|p1|Flutter Mane|\n|poke|p1|Annihilape, F|\n|poke|p2|Darkrai|\n|poke|p2|Chien-Pao|\n|poke|p2|Manaphy|\n|poke|p2|Ting-Lu|\n|poke|p2|Cloyster, F|\n|poke|p2|Jirachi|\n|teampreview\n|\n|t:|1697606692\n|start\n|switch|p1a: Annihilape|Annihilape, F|100\/100\n|switch|p2a: Chien-Pao|Chien-Pao|100\/100\n|-ability|p2a: Chien-Pao|Sword of Ruin\n|turn|1\n|\n|t:|1697606712\n|move|p1a: Annihilape|Nasty Plot|p1a: Annihilape\n|-boost|p1a: Annihilape|spa|2\n|move|p2a: Chien-Pao|Sacred Sword|p1a: Annihilape\n|-immune|p1a: Annihilape\n|\n|upkeep\n|turn|2\n|\n|t:|1697606719\n|move|p1a: Annihilape|Bitter Malice|p2a: Chien-Pao\n|-resisted|p2a: Chien-Pao\n|-damage|p2a: Chien-Pao|39\/100\n|-unboost|p2a: Chien-Pao|atk|1\n|move|p2a: Chien-Pao|Psychic Fangs|p1a: Annihilape\n|-damage|p1a: Annihilape|53\/100\n|replace|p1a: Zoroark|Zoroark-Hisui, M\n|-end|p1a: Zoroark|Illusion\n|\n|upkeep\n|turn|3\n|\n|t:|1697606732\n|move|p2a: Chien-Pao|Sucker Punch|p1a: Zoroark\n|-supereffective|p1a: Zoroark\n|-damage|p1a: Zoroark|0 fnt\n|faint|p1a: Zoroark\n|\n|upkeep\n|\n|t:|1697606740\n|switch|p1a: Koraidon|Koraidon|100\/100\n|-weather|SunnyDay|[from] ability: Orichalcum Pulse|[of] p1a: Koraidon\n|-activate|p1a: Koraidon|Orichalcum Pulse|[source]\n|turn|4\n|\n|t:|1697606747\n|-terastallize|p1a: Koraidon|Steel\n|move|p2a: Chien-Pao|Sucker Punch||[still]\n|-fail|p2a: Chien-Pao\n|move|p1a: Koraidon|Swords Dance|p1a: Koraidon\n|-boost|p1a: Koraidon|atk|2\n|\n|-weather|SunnyDay|[upkeep]\n|upkeep\n|turn|5\n|\n|t:|1697606754\n|move|p1a: Koraidon|Collision Course|p2a: Chien-Pao\n|-supereffective|p2a: Chien-Pao\n|-damage|p2a: Chien-Pao|0 fnt\n|faint|p2a: Chien-Pao\n|-damage|p1a: Koraidon|91\/100|[from] item: Life Orb\n|\n|-weather|SunnyDay|[upkeep]\n|upkeep\n|\n|t:|1697606766\n|switch|p2a: Cloyster|Cloyster, F|100\/100\n|turn|6\n|\n|t:|1697606771\n|move|p1a: Koraidon|Collision Course|p2a: Cloyster\n|-supereffective|p2a: Cloyster\n|-enditem|p2a: Cloyster|Focus Sash\n|-damage|p2a: Cloyster|1\/100\n|-damage|p1a: Koraidon|81\/100|[from] item: Life Orb\n|move|p2a: Cloyster|Shell Smash|p2a: Cloyster\n|-unboost|p2a: Cloyster|def|1\n|-unboost|p2a: Cloyster|spd|1\n|-boost|p2a: Cloyster|atk|2\n|-boost|p2a: Cloyster|spa|2\n|-boost|p2a: Cloyster|spe|2\n|\n|-weather|SunnyDay|[upkeep]\n|upkeep\n|turn|7\n|\n|t:|1697606782\n|move|p2a: Cloyster|Icicle Spear|p1a: Koraidon\n|-resisted|p1a: Koraidon\n|-damage|p1a: Koraidon|71\/100\n|-resisted|p1a: Koraidon\n|-damage|p1a: Koraidon|62\/100\n|-resisted|p1a: Koraidon\n|-damage|p1a: Koraidon|53\/100\n|-resisted|p1a: Koraidon\n|-damage|p1a: Koraidon|44\/100\n|-resisted|p1a: Koraidon\n|-damage|p1a: Koraidon|35\/100\n|-hitcount|p1a: Koraidon|5\n|move|p1a: Koraidon|Collision Course|p2a: Cloyster\n|-supereffective|p2a: Cloyster\n|-damage|p2a: Cloyster|0 fnt\n|faint|p2a: Cloyster\n|-damage|p1a: Koraidon|25\/100|[from] item: Life Orb\n|\n|-weather|SunnyDay|[upkeep]\n|upkeep\n|\n|t:|1697606799\n|switch|p2a: Manaphy|Manaphy|100\/100\n|turn|8\n|\n|t:|1697606811\n|move|p1a: Koraidon|Collision Course|p2a: Manaphy\n|-damage|p2a: Manaphy|0 fnt\n|faint|p2a: Manaphy\n|-damage|p1a: Koraidon|15\/100|[from] item: Life Orb\n|\n|-weather|none\n|upkeep\n|\n|t:|1697606818\n|switch|p2a: Jirachi|Jirachi|100\/100\n|turn|9\n|\n|t:|1697606822\n|move|p2a: Jirachi|Protect|p2a: Jirachi\n|-singleturn|p2a: Jirachi|Protect\n|move|p1a: Koraidon|Crunch|p2a: Jirachi\n|-activate|p2a: Jirachi|move: Protect\n|\n|upkeep\n|turn|10\n|\n|t:|1697606832\n|move|p1a: Koraidon|Crunch|p2a: Jirachi\n|-supereffective|p2a: Jirachi\n|-damage|p2a: Jirachi|0 fnt\n|faint|p2a: Jirachi\n|-damage|p1a: Koraidon|5\/100|[from] item: Life Orb\n|\n|upkeep\n|\n|t:|1697606844\n|switch|p2a: Ting-Lu|Ting-Lu|100\/100\n|-ability|p2a: Ting-Lu|Vessel of Ruin\n|turn|11\n|\n|t:|1697606851\n|move|p1a: Koraidon|Collision Course|p2a: Ting-Lu\n|-supereffective|p2a: Ting-Lu\n|-damage|p2a: Ting-Lu|0 fnt\n|faint|p2a: Ting-Lu\n|-damage|p1a: Koraidon|0 fnt|[from] item: Life Orb\n|faint|p1a: Koraidon\n|\n|upkeep\n|\n|t:|1697606858\n|switch|p1a: Flutter Mane|Flutter Mane|100\/100\n|switch|p2a: Darkrai|Darkrai|100\/100\n|turn|12\n|\n|t:|1697606867\n|move|p1a: Flutter Mane|Moonblast|p2a: Darkrai\n|-supereffective|p2a: Darkrai\n|-damage|p2a: Darkrai|0 fnt\n|faint|p2a: Darkrai\n|\n|win|trialteam98\n|raw|trialteam98's rating: 1085 &rarr; <strong>1110<\/strong><br \/>(+25 for winning)\n|raw|Pappan_X_10's rating: 1052 &rarr; <strong>1036<\/strong><br \/>(-16 for losing)\n","uploadtime":1697606870,"views":9,"p1id":"trialteam98","p2id":"pappanx10","formatid":"gen9ubers","rating":1036,"private":0,"password":""}