{"id":"gen9ubers-1990168915","p1":"pykinglo","p2":"Misterharout0811","format":"[Gen 9] Ubers","log":"|j|\u2606pykinglo\n|j|\u2606Misterharout0811\n|t:|1699932244\n|gametype|singles\n|player|p1|pykinglo|pryce|1147\n|player|p2|Misterharout0811|266|1062\n|teamsize|p1|6\n|teamsize|p2|6\n|gen|9\n|tier|[Gen 9] Ubers\n|rated|\n|rule|Sleep Clause Mod: Limit one foe put to sleep\n|rule|Species Clause: Limit one of each Pok\u00e9mon\n|rule|OHKO Clause: OHKO moves are banned\n|rule|Evasion Items Clause: Evasion items are banned\n|rule|Evasion Moves Clause: Evasion moves are banned\n|rule|Endless Battle Clause: Forcing endless battles is banned\n|rule|HP Percentage Mod: HP is shown in percentages\n|clearpoke\n|poke|p1|Kyogre|\n|poke|p1|Miraidon|\n|poke|p1|Zacian-*|\n|poke|p1|Ursaluna-Bloodmoon, M|\n|poke|p1|Ogerpon-Hearthflame, F|\n|poke|p1|Gengar, M|\n|poke|p2|Regieleki|\n|poke|p2|Charizard, M|\n|poke|p2|Pelipper, F|\n|poke|p2|Mimikyu, M|\n|poke|p2|Inteleon, M|\n|poke|p2|Zarude|\n|teampreview\n|inactive|Battle timer is ON: inactive players will automatically lose when time's up. (requested by pykinglo)\n|\n|t:|1699932270\n|start\n|switch|p1a: Gengar|Gengar, M|100\/100\n|switch|p2a: Pelipper|Pelipper, F, shiny|100\/100\n|-weather|RainDance|[from] ability: Drizzle|[of] p2a: Pelipper\n|turn|1\n|\n|t:|1699932288\n|move|p2a: Pelipper|U-turn|p1a: Gengar\n|-resisted|p1a: Gengar\n|-damage|p1a: Gengar|97\/100\n|\n|t:|1699932291\n|switch|p2a: Zarude|Zarude|100\/100|[from] U-turn\n|move|p1a: Gengar|Trick Room|p1a: Gengar\n|-fieldstart|move: Trick Room|[of] p1a: Gengar\n|\n|-weather|RainDance|[upkeep]\n|upkeep\n|turn|2\n|\n|t:|1699932300\n|move|p1a: Gengar|Toxic Spikes|p2a: Zarude\n|-sidestart|p2: Misterharout0811|move: Toxic Spikes\n|move|p2a: Zarude|Knock Off|p1a: Gengar\n|-supereffective|p1a: Gengar\n|-crit|p1a: Gengar\n|-damage|p1a: Gengar|0 fnt\n|-enditem|p1a: Gengar|Spell Tag|[from] move: Knock Off|[of] p2a: Zarude\n|faint|p1a: Gengar\n|\n|-weather|RainDance|[upkeep]\n|upkeep\n|\n|t:|1699932308\n|switch|p1a: Ogerpon|Ogerpon-Hearthflame, F|100\/100\n|-ability|p1a: Ogerpon|Mold Breaker\n|turn|3\n|inactive|Misterharout0811 has 120 seconds left.\n|\n|t:|1699932347\n|-terastallize|p2a: Zarude|Dark\n|move|p2a: Zarude|Knock Off|p1a: Ogerpon\n|-damage|p1a: Ogerpon|45\/100\n|move|p1a: Ogerpon|Ivy Cudgel|p2a: Zarude\n|-damage|p2a: Zarude|85\/100\n|\n|-weather|RainDance|[upkeep]\n|-heal|p2a: Zarude|91\/100|[from] item: Leftovers\n|upkeep\n|turn|4\n|inactive|Misterharout0811 has 120 seconds left.\n|\n|t:|1699932357\n|move|p2a: Zarude|Knock Off|p1a: Ogerpon\n|-crit|p1a: Ogerpon\n|-damage|p1a: Ogerpon|0 fnt\n|faint|p1a: Ogerpon\n|\n|-weather|RainDance|[upkeep]\n|-heal|p2a: Zarude|97\/100|[from] item: Leftovers\n|upkeep\n|\n|t:|1699932361\n|switch|p1a: Zacian|Zacian-Crowned|100\/100\n|-ability|p1a: Zacian|Intrepid Sword|boost\n|-boost|p1a: Zacian|atk|1\n|turn|5\n|c|\u2606pykinglo|play or quit\n|inactive|Misterharout0811 has 120 seconds left.\n|\n|t:|1699932376\n|switch|p2a: Pelipper|Pelipper, F, shiny|100\/100\n|move|p1a: Zacian|Play Rough|p2a: Pelipper\n|-crit|p2a: Pelipper\n|-damage|p2a: Pelipper|7\/100\n|\n|-weather|RainDance|[upkeep]\n|-fieldend|move: Trick Room\n|upkeep\n|turn|6\n|c|\u2606pykinglo|like you r bad\n|inactive|Misterharout0811 has 120 seconds left.\n|\n|t:|1699932388\n|move|p2a: Pelipper|Protect|p2a: Pelipper\n|-singleturn|p2a: Pelipper|Protect\n|move|p1a: Zacian|Behemoth Blade|p2a: Pelipper\n|-activate|p2a: Pelipper|move: Protect\n|\n|-weather|RainDance|[upkeep]\n|upkeep\n|turn|7\n|c|\u2606pykinglo|no one likes you\n|c|\u2606pykinglo|get friends\n|\n|t:|1699932397\n|move|p1a: Zacian|Behemoth Blade|p2a: Pelipper\n|-resisted|p2a: Pelipper\n|-damage|p2a: Pelipper|0 fnt\n|faint|p2a: Pelipper\n|\n|-weather|RainDance|[upkeep]\n|upkeep\n|inactive|Misterharout0811 has 120 seconds left.\n|\n|t:|1699932407\n|switch|p2a: Regieleki|Regieleki, shiny|100\/100\n|-item|p2a: Regieleki|Air Balloon\n|turn|8\n|c|\u2606pykinglo|who are you\n|inactive|Misterharout0811 has 120 seconds left.\n|c|\u2606pykinglo|your a black monkey\n|\n|t:|1699932440\n|switch|p1a: Ursaluna|Ursaluna-Bloodmoon, M|100\/100\n|move|p2a: Regieleki|Volt Switch|p1a: Ursaluna\n|-immune|p1a: Ursaluna\n|\n|-weather|none\n|upkeep\n|turn|9\n|inactive|pykinglo has 120 seconds left.\n|inactive|pykinglo has 90 seconds left.\n|\n|t:|1699932507\n|switch|p2a: Inteleon|Inteleon, M, shiny|100\/100\n|-status|p2a: Inteleon|psn\n|move|p1a: Ursaluna|Blood Moon|p2a: Inteleon\n|-damage|p2a: Inteleon|0 fnt\n|faint|p2a: Inteleon\n|\n|upkeep\n|\n|t:|1699932521\n|switch|p2a: Zarude|Zarude, tera:Dark|97\/100\n|-status|p2a: Zarude|psn\n|turn|10\n|inactive|pykinglo has 90 seconds left.\n|\n|t:|1699932546\n|switch|p1a: Zacian|Zacian-Crowned|100\/100\n|move|p2a: Zarude|Power Whip|p1a: Zacian|[miss]\n|-miss|p2a: Zarude|p1a: Zacian\n|\n|-heal|p2a: Zarude|100\/100 psn|[from] item: Leftovers\n|-damage|p2a: Zarude|88\/100 psn|[from] psn\n|upkeep\n|turn|11\n|inactive|Misterharout0811 has 90 seconds left.\n|\n|t:|1699932575\n|switch|p2a: Mimikyu|Mimikyu, M|100\/100\n|move|p1a: Zacian|Play Rough|p2a: Mimikyu\n|-activate|p2a: Mimikyu|ability: Disguise\n|-damage|p2a: Mimikyu|100\/100\n|detailschange|p2a: Mimikyu|Mimikyu-Busted, M\n|-damage|p2a: Mimikyu|88\/100|[from] pokemon: Mimikyu-Busted\n|\n|upkeep\n|turn|12\n|inactive|pykinglo has 90 seconds left.\n|inactive|Misterharout0811 has 90 seconds left.\n|\n|t:|1699932589\n|move|p1a: Zacian|Play Rough|p2a: Mimikyu\n|-damage|p2a: Mimikyu|0 fnt\n|faint|p2a: Mimikyu\n|\n|upkeep\n|\n|t:|1699932594\n|switch|p2a: Charizard|Charizard, M|100\/100\n|turn|13\n|inactive|Misterharout0811 has 90 seconds left.\n|\n|t:|1699932601\n|-terastallize|p1a: Zacian|Fairy\n|move|p1a: Zacian|Behemoth Blade|p2a: Charizard\n|-resisted|p2a: Charizard\n|-damage|p2a: Charizard|60\/100\n|move|p2a: Charizard|Earthquake|p1a: Zacian\n|-damage|p1a: Zacian|76\/100\n|\n|upkeep\n|turn|14\n|inactive|Misterharout0811 has 90 seconds left.\n|\n|t:|1699932619\n|move|p1a: Zacian|Behemoth Blade|p2a: Charizard\n|-resisted|p2a: Charizard\n|-damage|p2a: Charizard|15\/100\n|move|p2a: Charizard|Hurricane|p1a: Zacian\n|-damage|p1a: Zacian|43\/100\n|\n|upkeep\n|turn|15\n|inactive|Misterharout0811 has 90 seconds left.\n|\n|t:|1699932626\n|move|p1a: Zacian|Behemoth Blade|p2a: Charizard\n|-resisted|p2a: Charizard\n|-damage|p2a: Charizard|0 fnt\n|faint|p2a: Charizard\n|\n|upkeep\n|\n|t:|1699932631\n|switch|p2a: Regieleki|Regieleki, shiny|100\/100\n|-item|p2a: Regieleki|Air Balloon\n|turn|16\n|\n|t:|1699932640\n|switch|p1a: Ursaluna|Ursaluna-Bloodmoon, M|100\/100\n|move|p2a: Regieleki|Electro Ball|p1a: Ursaluna\n|-immune|p1a: Ursaluna\n|\n|upkeep\n|turn|17\n|\n|t:|1699932648\n|move|p2a: Regieleki|Rapid Spin|p1a: Ursaluna\n|-damage|p1a: Ursaluna|94\/100\n|-boost|p2a: Regieleki|spe|1\n|-sideend|p2: Misterharout0811|Toxic Spikes|[from] move: Rapid Spin|[of] p2a: Regieleki\n|move|p1a: Ursaluna|Blood Moon|p2a: Regieleki\n|-damage|p2a: Regieleki|0 fnt\n|-enditem|p2a: Regieleki|Air Balloon\n|faint|p2a: Regieleki\n|\n|upkeep\n|\n|t:|1699932656\n|switch|p2a: Zarude|Zarude, tera:Dark|88\/100 psn\n|turn|18\n|\n|t:|1699932663\n|switch|p1a: Zacian|Zacian-Crowned, tera:Fairy|43\/100\n|move|p2a: Zarude|Power Whip|p1a: Zacian\n|-damage|p1a: Zacian|0 fnt\n|faint|p1a: Zacian\n|\n|-heal|p2a: Zarude|94\/100 psn|[from] item: Leftovers\n|-damage|p2a: Zarude|82\/100 psn|[from] psn\n|upkeep\n|\n|t:|1699932665\n|switch|p1a: Miraidon|Miraidon|100\/100\n|-fieldstart|move: Electric Terrain|[from] ability: Hadron Engine|[of] p1a: Miraidon\n|-enditem|p1a: Miraidon|Electric Seed\n|-boost|p1a: Miraidon|def|1|[from] item: Electric Seed\n|turn|19\n|inactive|Misterharout0811 has 120 seconds left.\n|\n|t:|1699932686\n|move|p1a: Miraidon|Electro Drift|p2a: Zarude\n|-damage|p2a: Zarude|4\/100 psn\n|move|p2a: Zarude|Knock Off|p1a: Miraidon\n|-damage|p1a: Miraidon|77\/100\n|\n|-heal|p2a: Zarude|10\/100 psn|[from] item: Leftovers\n|-damage|p2a: Zarude|0 fnt|[from] psn\n|faint|p2a: Zarude\n|\n|win|pykinglo\n|upkeep\n|raw|pykinglo's rating: 1147 &rarr; <strong>1166<\/strong><br \/>(+19 for winning)\n|raw|Misterharout0811's rating: 1062 &rarr; <strong>1047<\/strong><br \/>(-15 for losing)\n","uploadtime":1699932421,"views":6,"p1id":"pykinglo","p2id":"misterharout0811","formatid":"gen9ubers","rating":1047,"private":0,"password":""}