{"id":"gen9ubers-1997072687","p1":"piongomi","p2":"EdAlm","format":"[Gen 9] Ubers","log":"|j|\u2606piongomi\n|j|\u2606EdAlm\n|t:|1700761732\n|gametype|singles\n|player|p1|piongomi|parasollady-gen4|1048\n|player|p2|EdAlm|giovanni|1069\n|teamsize|p1|6\n|teamsize|p2|6\n|gen|9\n|tier|[Gen 9] Ubers\n|rated|\n|rule|Sleep Clause Mod: Limit one foe put to sleep\n|rule|Species Clause: Limit one of each Pok\u00e9mon\n|rule|OHKO Clause: OHKO moves are banned\n|rule|Evasion Items Clause: Evasion items are banned\n|rule|Evasion Moves Clause: Evasion moves are banned\n|rule|Endless Battle Clause: Forcing endless battles is banned\n|rule|HP Percentage Mod: HP is shown in percentages\n|clearpoke\n|poke|p1|Giratina-Origin|\n|poke|p1|Miraidon|\n|poke|p1|Koraidon|\n|poke|p1|Ribombee, M|\n|poke|p1|Zacian-*|\n|poke|p1|Great Tusk|\n|poke|p2|Mew|\n|poke|p2|Breloom, M|\n|poke|p2|Cloyster, M|\n|poke|p2|Scizor, F|\n|poke|p2|Azumarill, M|\n|poke|p2|Moltres-Galar|\n|teampreview\n|inactive|Battle timer is ON: inactive players will automatically lose when time's up. (requested by EdAlm)\n|\n|t:|1700761742\n|start\n|switch|p1a: Miraidon|Miraidon|100\/100\n|switch|p2a: Cloyster|Cloyster, M|100\/100\n|-fieldstart|move: Electric Terrain|[from] ability: Hadron Engine|[of] p1a: Miraidon\n|turn|1\n|\n|t:|1700761748\n|-terastallize|p2a: Cloyster|Ground\n|move|p1a: Miraidon|Volt Switch|p2a: Cloyster\n|-immune|p2a: Cloyster\n|move|p2a: Cloyster|Shell Smash|p2a: Cloyster\n|-unboost|p2a: Cloyster|def|1\n|-unboost|p2a: Cloyster|spd|1\n|-boost|p2a: Cloyster|atk|2\n|-boost|p2a: Cloyster|spa|2\n|-boost|p2a: Cloyster|spe|2\n|-enditem|p2a: Cloyster|White Herb\n|-clearnegativeboost|p2a: Cloyster|[silent]\n|\n|upkeep\n|turn|2\n|inactive|piongomi has 120 seconds left.\n|\n|t:|1700761779\n|switch|p1a: Ribombee|Ribombee, M|100\/100\n|move|p2a: Cloyster|Icicle Spear|p1a: Ribombee\n|-damage|p1a: Ribombee|60\/100\n|-damage|p1a: Ribombee|24\/100\n|-damage|p1a: Ribombee|0 fnt\n|faint|p1a: Ribombee\n|-hitcount|p1: Ribombee|3\n|\n|upkeep\n|\n|t:|1700761783\n|switch|p1a: Giratina|Giratina-Origin|100\/100\n|turn|3\n|\n|t:|1700761791\n|-terastallize|p1a: Giratina|Fairy\n|move|p2a: Cloyster|Icicle Spear|p1a: Giratina\n|-damage|p1a: Giratina|81\/100\n|-damage|p1a: Giratina|62\/100\n|-damage|p1a: Giratina|45\/100\n|-damage|p1a: Giratina|27\/100\n|-damage|p1a: Giratina|9\/100\n|-hitcount|p1a: Giratina|5\n|move|p1a: Giratina|Dragon Tail|p2a: Cloyster\n|-crit|p2a: Cloyster\n|-damage|p2a: Cloyster|68\/100\n|drag|p2a: Azumarill|Azumarill, M|100\/100\n|\n|upkeep\n|turn|4\n|\n|t:|1700761803\n|move|p1a: Giratina|Shadow Ball|p2a: Azumarill\n|-damage|p2a: Azumarill|51\/100\n|move|p2a: Azumarill|Belly Drum|p2a: Azumarill\n|-damage|p2a: Azumarill|1\/100\n|-setboost|p2a: Azumarill|atk|6|[from] move: Belly Drum\n|-enditem|p2a: Azumarill|Sitrus Berry|[eat]\n|-heal|p2a: Azumarill|26\/100|[from] item: Sitrus Berry\n|\n|upkeep\n|turn|5\n|\n|t:|1700761812\n|move|p1a: Giratina|Shadow Sneak|p2a: Azumarill\n|-damage|p2a: Azumarill|9\/100\n|move|p2a: Azumarill|Aqua Jet|p1a: Giratina\n|-damage|p1a: Giratina|0 fnt\n|faint|p1a: Giratina\n|\n|-fieldend|move: Electric Terrain\n|upkeep\n|\n|t:|1700761827\n|switch|p1a: Koraidon|Koraidon|100\/100\n|-weather|SunnyDay|[from] ability: Orichalcum Pulse|[of] p1a: Koraidon\n|-activate|p1a: Koraidon|Orichalcum Pulse|[source]\n|turn|6\n|\n|t:|1700761833\n|move|p2a: Azumarill|Aqua Jet|p1a: Koraidon\n|-resisted|p1a: Koraidon\n|-damage|p1a: Koraidon|80\/100\n|move|p1a: Koraidon|U-turn|p2a: Azumarill\n|-resisted|p2a: Azumarill\n|-damage|p2a: Azumarill|0 fnt\n|faint|p2a: Azumarill\n|\n|t:|1700761838\n|switch|p1a: Miraidon|Miraidon|100\/100|[from] U-turn\n|-fieldstart|move: Electric Terrain|[from] ability: Hadron Engine|[of] p1a: Miraidon\n|\n|-weather|SunnyDay|[upkeep]\n|upkeep\n|\n|t:|1700761843\n|switch|p2a: Breloom|Breloom, M|100\/100\n|turn|7\n|\n|t:|1700761849\n|move|p1a: Miraidon|Dragon Pulse|p2a: Breloom\n|-enditem|p2a: Breloom|Focus Sash\n|-damage|p2a: Breloom|1\/100\n|-damage|p1a: Miraidon|91\/100|[from] item: Life Orb\n|move|p2a: Breloom|Seed Bomb|p1a: Miraidon\n|-resisted|p1a: Miraidon\n|-damage|p1a: Miraidon|69\/100\n|\n|-weather|SunnyDay|[upkeep]\n|upkeep\n|turn|8\n|\n|t:|1700761853\n|move|p1a: Miraidon|Dragon Pulse|p2a: Breloom\n|-damage|p2a: Breloom|0 fnt\n|faint|p2a: Breloom\n|-damage|p1a: Miraidon|59\/100|[from] item: Life Orb\n|\n|-weather|SunnyDay|[upkeep]\n|upkeep\n|\n|t:|1700761857\n|switch|p2a: Scizor|Scizor, F|100\/100\n|turn|9\n|\n|t:|1700761860\n|move|p1a: Miraidon|Electro Drift|p2a: Scizor\n|-damage|p2a: Scizor|0 fnt\n|faint|p2a: Scizor\n|-damage|p1a: Miraidon|49\/100|[from] item: Life Orb\n|\n|-weather|SunnyDay|[upkeep]\n|upkeep\n|\n|t:|1700761867\n|switch|p2a: Mew|Mew, shiny|100\/100\n|turn|10\n|\n|t:|1700761870\n|move|p1a: Miraidon|Electro Drift|p2a: Mew\n|-damage|p2a: Mew|0 fnt\n|faint|p2a: Mew\n|-damage|p1a: Miraidon|40\/100|[from] item: Life Orb\n|\n|-weather|none\n|-fieldend|move: Electric Terrain\n|upkeep\n|-message|EdAlm forfeited.\n|\n|win|piongomi\n|raw|piongomi's rating: 1086 &rarr; <strong>1112<\/strong><br \/>(+26 for winning)\n|raw|EdAlm's rating: 1069 &rarr; <strong>1050<\/strong><br \/>(-19 for losing)\n|l|\u2606EdAlm\n","uploadtime":1700761881,"views":5,"p1id":"piongomi","p2id":"edalm","formatid":"gen9ubers","rating":1050,"private":0,"password":""}