{"id":"gen9ubers-1987571832","p1":"bennymbs","p2":"raveplays","format":"[Gen 9] Ubers","log":"|j|\u2606bennymbs\n|j|\u2606raveplays\n|t:|1699613867\n|gametype|singles\n|player|p1|bennymbs|mina|\n|player|p2|raveplays|265|\n|teamsize|p1|6\n|teamsize|p2|6\n|gen|9\n|tier|[Gen 9] Ubers\n|rule|Sleep Clause Mod: Limit one foe put to sleep\n|rule|Species Clause: Limit one of each Pok\u00e9mon\n|rule|OHKO Clause: OHKO moves are banned\n|rule|Evasion Items Clause: Evasion items are banned\n|rule|Evasion Moves Clause: Evasion moves are banned\n|rule|Endless Battle Clause: Forcing endless battles is banned\n|rule|HP Percentage Mod: HP is shown in percentages\n|clearpoke\n|poke|p1|Torkoal, F|\n|poke|p1|Walking Wake|\n|poke|p1|Chi-Yu|\n|poke|p1|Arceus-Grass|\n|poke|p1|Zacian-*|\n|poke|p1|Magearna-Original|\n|poke|p2|Masquerain, M|\n|poke|p2|Arceus-Ice|\n|poke|p2|Gholdengo|\n|poke|p2|Palafin, F|\n|poke|p2|Chi-Yu|\n|poke|p2|Zamazenta-*|\n|teampreview\n|inactive|Battle timer is ON: inactive players will automatically lose when time's up. (requested by bennymbs)\n|\n|t:|1699613894\n|start\n|switch|p1a: \ud83e\udec0|Torkoal, F|100\/100\n|switch|p2a: THOUSAND SUNNY|Masquerain, M|100\/100\n|-ability|p2a: THOUSAND SUNNY|Intimidate|boost\n|-unboost|p1a: \ud83e\udec0|atk|1\n|-weather|SunnyDay|[from] ability: Drought|[of] p1a: \ud83e\udec0\n|turn|1\n|\n|t:|1699613922\n|switch|p2a: THE DOLPHIN|Palafin, F|100\/100\n|move|p1a: \ud83e\udec0|Lava Plume|p2a: THE DOLPHIN\n|-resisted|p2a: THE DOLPHIN\n|-damage|p2a: THE DOLPHIN|73\/100\n|\n|-weather|SunnyDay|[upkeep]\n|upkeep\n|turn|2\n|\n|t:|1699613932\n|-terastallize|p2a: THE DOLPHIN|Water\n|move|p2a: THE DOLPHIN|Wave Crash|p1a: \ud83e\udec0\n|-supereffective|p1a: \ud83e\udec0\n|-damage|p1a: \ud83e\udec0|46\/100\n|-damage|p2a: THE DOLPHIN|55\/100|[from] Recoil\n|move|p1a: \ud83e\udec0|Will-O-Wisp|p2a: THE DOLPHIN|[miss]\n|-miss|p1a: \ud83e\udec0|p2a: THE DOLPHIN\n|\n|-weather|SunnyDay|[upkeep]\n|upkeep\n|turn|3\n|c|\u2606bennymbs|84\n|\n|t:|1699613945\n|switch|p1a: Suikino|Walking Wake|100\/100\n|-activate|p1a: Suikino|ability: Protosynthesis\n|-start|p1a: Suikino|protosynthesisspe\n|move|p2a: THE DOLPHIN|Wave Crash|p1a: Suikino\n|-resisted|p1a: Suikino\n|-damage|p1a: Suikino|88\/100\n|-damage|p2a: THE DOLPHIN|50\/100|[from] Recoil\n|\n|-weather|SunnyDay|[upkeep]\n|upkeep\n|turn|4\n|inactive|raveplays has 270 seconds left.\n|\n|t:|1699613975\n|detailschange|p2a: THE DOLPHIN|Palafin-Hero, F, tera:Water\n|switch|p2a: THE FISH|Chi-Yu|100\/100\n|-ability|p2a: THE FISH|Beads of Ruin\n|move|p1a: Suikino|Hydro Steam|p2a: THE FISH\n|-supereffective|p2a: THE FISH\n|-damage|p2a: THE FISH|0 fnt\n|faint|p2a: THE FISH\n|\n|-weather|SunnyDay|[upkeep]\n|upkeep\n|\n|t:|1699613986\n|switch|p2a: Arceus|Arceus-Ice|100\/100\n|turn|5\n|\n|t:|1699613996\n|move|p1a: Suikino|Hydro Steam|p2a: Arceus\n|-damage|p2a: Arceus|37\/100\n|move|p2a: Arceus|Judgment|p1a: Suikino\n|-damage|p1a: Suikino|6\/100\n|\n|-weather|SunnyDay|[upkeep]\n|upkeep\n|turn|6\n|inactive|raveplays has 270 seconds left.\n|\n|t:|1699614004\n|move|p1a: Suikino|Hydro Steam|p2a: Arceus\n|-crit|p2a: Arceus\n|-damage|p2a: Arceus|0 fnt\n|faint|p2a: Arceus\n|\n|-weather|SunnyDay|[upkeep]\n|upkeep\n|inactive|raveplays has 270 seconds left.\n|\n|t:|1699614029\n|switch|p2a: THE DAWG|Zamazenta-Crowned|100\/100\n|-ability|p2a: THE DAWG|Dauntless Shield|boost\n|-boost|p2a: THE DAWG|def|1\n|turn|7\n|\n|t:|1699614042\n|move|p1a: Suikino|Hydro Steam|p2a: THE DAWG\n|-damage|p2a: THE DAWG|36\/100\n|move|p2a: THE DAWG|Crunch|p1a: Suikino\n|-damage|p1a: Suikino|0 fnt\n|faint|p1a: Suikino\n|-end|p1a: Suikino|Protosynthesis|[silent]\n|\n|-weather|SunnyDay|[upkeep]\n|upkeep\n|\n|t:|1699614046\n|switch|p1a: Hydrogen Baby|Chi-Yu|100\/100\n|-ability|p1a: Hydrogen Baby|Beads of Ruin\n|turn|8\n|\n|t:|1699614055\n|move|p1a: Hydrogen Baby|Flamethrower|p2a: THE DAWG\n|-supereffective|p2a: THE DAWG\n|-damage|p2a: THE DAWG|0 fnt\n|faint|p2a: THE DAWG\n|\n|-weather|none\n|upkeep\n|\n|t:|1699614062\n|switch|p2a: THE CHEESESTRING|Gholdengo|100\/100\n|turn|9\n|\n|t:|1699614066\n|move|p1a: Hydrogen Baby|Flamethrower|p2a: THE CHEESESTRING\n|-supereffective|p2a: THE CHEESESTRING\n|-damage|p2a: THE CHEESESTRING|0 fnt\n|faint|p2a: THE CHEESESTRING\n|\n|upkeep\n|\n|t:|1699614071\n|switch|p2a: THOUSAND SUNNY|Masquerain, M|100\/100\n|-ability|p2a: THOUSAND SUNNY|Intimidate|boost\n|-unboost|p1a: Hydrogen Baby|atk|1\n|turn|10\n|inactive|raveplays has 270 seconds left.\n|c|\u2606raveplays|man i was peacefully beating e4 now im getting my ass handed to me\n|\n|t:|1699614093\n|move|p1a: Hydrogen Baby|Flamethrower|p2a: THOUSAND SUNNY\n|-supereffective|p2a: THOUSAND SUNNY\n|-enditem|p2a: THOUSAND SUNNY|Focus Sash\n|-damage|p2a: THOUSAND SUNNY|1\/100\n|move|p2a: THOUSAND SUNNY|Stun Spore|p1a: Hydrogen Baby\n|-status|p1a: Hydrogen Baby|par\n|\n|upkeep\n|turn|11\n|inactive|raveplays has 270 seconds left.\n|\n|t:|1699614098\n|move|p2a: THOUSAND SUNNY|Bug Buzz|p1a: Hydrogen Baby\n|-damage|p1a: Hydrogen Baby|53\/100 par\n|move|p1a: Hydrogen Baby|Flamethrower|p2a: THOUSAND SUNNY\n|-supereffective|p2a: THOUSAND SUNNY\n|-damage|p2a: THOUSAND SUNNY|0 fnt\n|faint|p2a: THOUSAND SUNNY\n|\n|upkeep\n|inactive|raveplays has 270 seconds left.\n|\n|t:|1699614106\n|switch|p2a: THE DOLPHIN|Palafin-Hero, F, tera:Water|50\/100\n|-activate|p2a: THE DOLPHIN|ability: Zero to Hero\n|turn|12\n|inactive|raveplays has 270 seconds left.\n|\n|t:|1699614125\n|switch|p1a: \ud83e\udec0|Torkoal, F|46\/100\n|-weather|SunnyDay|[from] ability: Drought|[of] p1a: \ud83e\udec0\n|move|p2a: THE DOLPHIN|Close Combat|p1a: \ud83e\udec0\n|-damage|p1a: \ud83e\udec0|0 fnt\n|-unboost|p2a: THE DOLPHIN|def|1\n|-unboost|p2a: THE DOLPHIN|spd|1\n|faint|p1a: \ud83e\udec0\n|\n|-weather|SunnyDay|[upkeep]\n|upkeep\n|\n|t:|1699614134\n|switch|p1a: The Green Stuff|Arceus-Grass|100\/100\n|turn|13\n|\n|t:|1699614138\n|move|p1a: The Green Stuff|Judgment|p2a: THE DOLPHIN\n|-supereffective|p2a: THE DOLPHIN\n|-damage|p2a: THE DOLPHIN|0 fnt\n|faint|p2a: THE DOLPHIN\n|\n|win|bennymbs\n|l|\u2606raveplays\n|c|\u2606bennymbs|Gg\n","uploadtime":1699614149,"views":27,"p1id":"bennymbs","p2id":"raveplays","formatid":"gen9ubers","rating":0,"private":0,"password":""}