{"id":"gen9ubers-1974273196","p1":"salrahnz12","p2":"aDestructive","format":"[Gen 9] Ubers","log":"|j|\u2606salrahnz12\n|j|\u2606aDestructive\n|t:|1698073856\n|gametype|singles\n|player|p1|salrahnz12|2|1139\n|player|p2|aDestructive|unknownf|1128\n|teamsize|p1|6\n|teamsize|p2|6\n|gen|9\n|tier|[Gen 9] Ubers\n|rated|\n|rule|Sleep Clause Mod: Limit one foe put to sleep\n|rule|Species Clause: Limit one of each Pok\u00e9mon\n|rule|OHKO Clause: OHKO moves are banned\n|rule|Evasion Items Clause: Evasion items are banned\n|rule|Evasion Moves Clause: Evasion moves are banned\n|rule|Endless Battle Clause: Forcing endless battles is banned\n|rule|HP Percentage Mod: HP is shown in percentages\n|clearpoke\n|poke|p1|Walking Wake|\n|poke|p1|Koraidon|\n|poke|p1|Dondozo, F|\n|poke|p1|Ogerpon-Hearthflame, F|\n|poke|p1|Cyclizar, M|\n|poke|p1|Spectrier|\n|poke|p2|Koraidon|\n|poke|p2|Iron Moth|\n|poke|p2|Brute Bonnet|\n|poke|p2|Landorus, M|\n|poke|p2|Annihilape, F|\n|poke|p2|Ribombee, M|\n|teampreview\n|inactive|Battle timer is ON: inactive players will automatically lose when time's up. (requested by salrahnz12)\n|inactive|salrahnz12 has 120 seconds left.\n|\n|t:|1698073900\n|start\n|switch|p1a: Cyclizar|Cyclizar, M|100\/100\n|switch|p2a: Landorus|Landorus, M|100\/100\n|turn|1\n|\n|t:|1698073913\n|switch|p2a: Koraidon|Koraidon|100\/100\n|-weather|SunnyDay|[from] ability: Orichalcum Pulse|[of] p2a: Koraidon\n|-activate|p2a: Koraidon|Orichalcum Pulse|[source]\n|move|p1a: Cyclizar|Shed Tail|p1a: Cyclizar\n|-start|p1a: Cyclizar|Substitute|[from] move: Shed Tail\n|-damage|p1a: Cyclizar|50\/100\n|\n|t:|1698073926\n|switch|p1a: Koraidon|Koraidon|100\/100|[from] Shed Tail\n|-activate|p1a: Koraidon|ability: Orichalcum Pulse\n|\n|-weather|SunnyDay|[upkeep]\n|upkeep\n|turn|2\n|\n|t:|1698073933\n|-terastallize|p2a: Koraidon|Flying\n|move|p2a: Koraidon|Dual Wingbeat|p1a: Koraidon\n|-supereffective|p1a: Koraidon\n|-end|p1a: Koraidon|Substitute\n|-supereffective|p1a: Koraidon\n|-damage|p1a: Koraidon|60\/100\n|-hitcount|p1a: Koraidon|2\n|move|p1a: Koraidon|Dragon Claw|p2a: Koraidon\n|-damage|p2a: Koraidon|22\/100\n|\n|-weather|SunnyDay|[upkeep]\n|upkeep\n|turn|3\n|\n|t:|1698073948\n|move|p2a: Koraidon|Draco Meteor|p1a: Koraidon\n|-supereffective|p1a: Koraidon\n|-damage|p1a: Koraidon|0 fnt\n|-unboost|p2a: Koraidon|spa|2\n|faint|p1a: Koraidon\n|\n|-weather|SunnyDay|[upkeep]\n|upkeep\n|c|\u2606aDestructive|shouldn't have terastalized prolly\n|\n|t:|1698073964\n|switch|p1a: Walking Wake|Walking Wake|100\/100\n|-activate|p1a: Walking Wake|ability: Protosynthesis\n|-start|p1a: Walking Wake|protosynthesisspa\n|turn|4\n|\n|t:|1698073972\n|move|p2a: Koraidon|Draco Meteor|p1a: Walking Wake\n|-supereffective|p1a: Walking Wake\n|-damage|p1a: Walking Wake|61\/100\n|-unboost|p2a: Koraidon|spa|2\n|move|p1a: Walking Wake|Hydro Steam|p2a: Koraidon\n|-damage|p2a: Koraidon|0 fnt\n|faint|p2a: Koraidon\n|-damage|p1a: Walking Wake|51\/100|[from] item: Life Orb\n|\n|-weather|SunnyDay|[upkeep]\n|upkeep\n|\n|t:|1698073981\n|switch|p2a: Brute Bonnet|Brute Bonnet|100\/100\n|-activate|p2a: Brute Bonnet|ability: Protosynthesis\n|-start|p2a: Brute Bonnet|protosynthesisspd\n|turn|5\n|\n|t:|1698073991\n|move|p1a: Walking Wake|Flamethrower|p2a: Brute Bonnet\n|-supereffective|p2a: Brute Bonnet\n|-damage|p2a: Brute Bonnet|5\/100\n|-enditem|p2a: Brute Bonnet|Wiki Berry|[eat]\n|-heal|p2a: Brute Bonnet|38\/100|[from] item: Wiki Berry\n|-damage|p1a: Walking Wake|42\/100|[from] item: Life Orb\n|move|p2a: Brute Bonnet|Spore|p1a: Walking Wake\n|-status|p1a: Walking Wake|slp|[from] move: Spore\n|\n|-weather|none\n|-end|p1a: Walking Wake|Protosynthesis\n|-end|p2a: Brute Bonnet|Protosynthesis\n|upkeep\n|turn|6\n|\n|t:|1698074004\n|-end|p2a: Brute Bonnet|Protosynthesis|[silent]\n|switch|p2a: Ribombee|Ribombee, M|100\/100\n|cant|p1a: Walking Wake|slp\n|\n|upkeep\n|turn|7\n|\n|t:|1698074008\n|move|p2a: Ribombee|Sticky Web|p1a: Walking Wake\n|-sidestart|p1: salrahnz12|move: Sticky Web\n|cant|p1a: Walking Wake|slp\n|\n|upkeep\n|turn|8\n|\n|t:|1698074011\n|move|p2a: Ribombee|Moonblast|p1a: Walking Wake\n|-supereffective|p1a: Walking Wake\n|-damage|p1a: Walking Wake|0 fnt\n|faint|p1a: Walking Wake\n|-end|p1a: Walking Wake|Protosynthesis|[silent]\n|\n|upkeep\n|\n|t:|1698074015\n|switch|p1a: Cyclizar|Cyclizar, M|84\/100\n|-activate|p1a: Cyclizar|move: Sticky Web\n|-unboost|p1a: Cyclizar|spe|1\n|turn|9\n|\n|t:|1698074037\n|move|p2a: Ribombee|Moonblast|p1a: Cyclizar\n|-supereffective|p1a: Cyclizar\n|-damage|p1a: Cyclizar|0 fnt\n|faint|p1a: Cyclizar\n|\n|upkeep\n|\n|t:|1698074047\n|switch|p1a: Ogerpon|Ogerpon-Hearthflame, F|100\/100\n|-activate|p1a: Ogerpon|move: Sticky Web\n|-unboost|p1a: Ogerpon|spe|1\n|-ability|p1a: Ogerpon|Mold Breaker\n|turn|10\n|\n|t:|1698074060\n|-terastallize|p1a: Ogerpon|Fire\n|detailschange|p1a: Ogerpon|Ogerpon-Hearthflame-Tera, F, tera:Fire\n|-ability|p1a: Ogerpon|Embody Aspect (Hearthflame)|boost\n|-boost|p1a: Ogerpon|atk|1\n|move|p2a: Ribombee|Psychic|p1a: Ogerpon\n|-damage|p1a: Ogerpon|73\/100\n|move|p1a: Ogerpon|Trailblaze|p2a: Ribombee\n|-resisted|p2a: Ribombee\n|-damage|p2a: Ribombee|60\/100\n|-boost|p1a: Ogerpon|spe|1\n|\n|upkeep\n|turn|11\n|\n|t:|1698074080\n|move|p2a: Ribombee|Stun Spore|p1a: Ogerpon\n|-status|p1a: Ogerpon|par\n|move|p1a: Ogerpon|Trailblaze|p2a: Ribombee\n|-resisted|p2a: Ribombee\n|-damage|p2a: Ribombee|15\/100\n|-boost|p1a: Ogerpon|spe|1\n|\n|upkeep\n|turn|12\n|\n|t:|1698074089\n|move|p2a: Ribombee|Moonblast|p1a: Ogerpon\n|-resisted|p1a: Ogerpon\n|-damage|p1a: Ogerpon|49\/100 par\n|-unboost|p1a: Ogerpon|spa|1\n|move|p1a: Ogerpon|Trailblaze|p2a: Ribombee\n|-resisted|p2a: Ribombee\n|-damage|p2a: Ribombee|0 fnt\n|-boost|p1a: Ogerpon|spe|1\n|faint|p2a: Ribombee\n|\n|upkeep\n|\n|t:|1698074093\n|switch|p2a: Landorus|Landorus, M|100\/100\n|turn|13\n|\n|t:|1698074105\n|move|p2a: Landorus|Earth Power|p1a: Ogerpon\n|-supereffective|p1a: Ogerpon\n|-damage|p1a: Ogerpon|0 fnt\n|faint|p1a: Ogerpon\n|\n|upkeep\n|\n|t:|1698074110\n|switch|p1a: Dondozo|Dondozo, F|100\/100\n|-activate|p1a: Dondozo|move: Sticky Web\n|-unboost|p1a: Dondozo|spe|1\n|turn|14\n|\n|t:|1698074121\n|move|p2a: Landorus|Earth Power|p1a: Dondozo\n|-damage|p1a: Dondozo|47\/100\n|move|p1a: Dondozo|Curse|p1a: Dondozo\n|-unboost|p1a: Dondozo|spe|1\n|-boost|p1a: Dondozo|atk|1\n|-boost|p1a: Dondozo|def|1\n|\n|-heal|p1a: Dondozo|53\/100|[from] item: Leftovers\n|upkeep\n|turn|15\n|\n|t:|1698074126\n|move|p2a: Landorus|Earth Power|p1a: Dondozo\n|-damage|p1a: Dondozo|3\/100\n|move|p1a: Dondozo|Liquidation|p2a: Landorus\n|-supereffective|p2a: Landorus\n|-damage|p2a: Landorus|0 fnt\n|faint|p2a: Landorus\n|\n|-heal|p1a: Dondozo|9\/100|[from] item: Leftovers\n|upkeep\n|\n|t:|1698074132\n|switch|p2a: Iron Moth|Iron Moth|100\/100\n|-item|p2a: Iron Moth|Air Balloon\n|turn|16\n|\n|t:|1698074135\n|move|p2a: Iron Moth|Sludge Wave|p1a: Dondozo\n|-damage|p1a: Dondozo|0 fnt\n|faint|p1a: Dondozo\n|\n|upkeep\n|\n|t:|1698074138\n|switch|p1a: Spectrier|Spectrier|100\/100\n|-activate|p1a: Spectrier|move: Sticky Web\n|-unboost|p1a: Spectrier|spe|1\n|turn|17\n|\n|t:|1698074148\n|move|p2a: Iron Moth|Substitute|p2a: Iron Moth\n|-start|p2a: Iron Moth|Substitute\n|-damage|p2a: Iron Moth|76\/100\n|move|p1a: Spectrier|Dark Pulse|p2a: Iron Moth\n|-end|p2a: Iron Moth|Substitute\n|-enditem|p2a: Iron Moth|Air Balloon\n|\n|upkeep\n|turn|18\n|\n|t:|1698074158\n|move|p2a: Iron Moth|Fiery Dance|p1a: Spectrier\n|-damage|p1a: Spectrier|48\/100\n|-boost|p2a: Iron Moth|spa|1\n|move|p1a: Spectrier|Dark Pulse|p2a: Iron Moth\n|-damage|p2a: Iron Moth|31\/100\n|\n|upkeep\n|turn|19\n|\n|t:|1698074162\n|move|p2a: Iron Moth|Fiery Dance|p1a: Spectrier\n|-damage|p1a: Spectrier|0 fnt\n|-boost|p2a: Iron Moth|spa|1\n|faint|p1a: Spectrier\n|\n|win|aDestructive\n|raw|salrahnz12's rating: 1139 &rarr; <strong>1113<\/strong><br \/>(-26 for losing)\n|raw|aDestructive's rating: 1128 &rarr; <strong>1154<\/strong><br \/>(+26 for winning)\n|l|\u2606salrahnz12\n","uploadtime":1698074169,"views":19,"p1id":"salrahnz12","p2id":"adestructive","formatid":"gen9ubers","rating":1113,"private":0,"password":""}