{"id":"gen9ubers-1983609390","p1":"sambro5","p2":"DatFrostys","format":"[Gen 9] Ubers","log":"|j|\u2606sambro5\n|j|\u2606DatFrostys\n|t:|1699149044\n|gametype|singles\n|player|p1|sambro5|265|1087\n|player|p2|DatFrostys|veteran|1000\n|teamsize|p1|6\n|teamsize|p2|6\n|gen|9\n|tier|[Gen 9] Ubers\n|rated|\n|rule|Sleep Clause Mod: Limit one foe put to sleep\n|rule|Species Clause: Limit one of each Pok\u00e9mon\n|rule|OHKO Clause: OHKO moves are banned\n|rule|Evasion Items Clause: Evasion items are banned\n|rule|Evasion Moves Clause: Evasion moves are banned\n|rule|Endless Battle Clause: Forcing endless battles is banned\n|rule|HP Percentage Mod: HP is shown in percentages\n|clearpoke\n|poke|p1|Ursaluna-Bloodmoon, M|\n|poke|p1|Hatterene, F|\n|poke|p1|Annihilape, M|\n|poke|p1|Calyrex-Ice|\n|poke|p1|Chien-Pao|\n|poke|p1|Chi-Yu|\n|poke|p2|Noivern, M|\n|poke|p2|Dragonite, F|\n|poke|p2|Garchomp, F|\n|poke|p2|Altaria, F|\n|poke|p2|Charizard, F|\n|poke|p2|Rayquaza|\n|teampreview\n|inactive|Battle timer is ON: inactive players will automatically lose when time's up. (requested by sambro5)\n|\n|t:|1699149057\n|start\n|switch|p1a: Hatterene|Hatterene, F|100\/100\n|switch|p2a: Yapper|Noivern, M|100\/100\n|turn|1\n|\n|t:|1699149073\n|move|p2a: Yapper|Tailwind|p2a: Yapper\n|-sidestart|p2: DatFrostys|move: Tailwind\n|move|p1a: Hatterene|Trick Room|p1a: Hatterene\n|-fieldstart|move: Trick Room|[of] p1a: Hatterene\n|\n|upkeep\n|turn|2\n|\n|t:|1699149080\n|move|p1a: Hatterene|Calm Mind|p1a: Hatterene\n|-boost|p1a: Hatterene|spa|1\n|-boost|p1a: Hatterene|spd|1\n|move|p2a: Yapper|Whirlwind|p1a: Hatterene\n|move|p1a: Hatterene|Whirlwind|p2a: Yapper|[from]ability: Magic Bounce\n|drag|p2a: Help ! Help me !!|Rayquaza|100\/100\n|-ability|p2a: Help ! Help me !!|Air Lock\n|\n|upkeep\n|turn|3\n|\n|t:|1699149092\n|move|p1a: Hatterene|Draining Kiss|p2a: Help ! Help me !!\n|-supereffective|p2a: Help ! Help me !!\n|-damage|p2a: Help ! Help me !!|10\/100\n|move|p2a: Help ! Help me !!|Dragon Dance|p2a: Help ! Help me !!\n|-boost|p2a: Help ! Help me !!|atk|1\n|-boost|p2a: Help ! Help me !!|spe|1\n|\n|upkeep\n|turn|4\n|\n|t:|1699149102\n|move|p1a: Hatterene|Draining Kiss|p2a: Help ! Help me !!\n|-supereffective|p2a: Help ! Help me !!\n|-damage|p2a: Help ! Help me !!|0 fnt\n|faint|p2a: Help ! Help me !!\n|\n|-sideend|p2: DatFrostys|move: Tailwind\n|upkeep\n|\n|t:|1699149111\n|switch|p2a: Hood Charizard|Charizard, F, shiny|100\/100\n|turn|5\n|\n|t:|1699149121\n|move|p1a: Hatterene|Psyshock|p2a: Hood Charizard\n|-damage|p2a: Hood Charizard|0 fnt\n|faint|p2a: Hood Charizard\n|\n|-fieldend|move: Trick Room\n|upkeep\n|\n|t:|1699149131\n|switch|p2a: Yapper|Noivern, M|100\/100\n|turn|6\n|\n|t:|1699149136\n|-terastallize|p1a: Hatterene|Fairy\n|move|p1a: Hatterene|Draining Kiss|p2a: Yapper\n|-supereffective|p2a: Yapper\n|-damage|p2a: Yapper|0 fnt\n|faint|p2a: Yapper\n|\n|upkeep\n|\n|t:|1699149146\n|switch|p2a: Jaw if it was good|Garchomp, F, shiny|100\/100\n|turn|7\n|\n|t:|1699149155\n|move|p2a: Jaw if it was good|Stealth Rock|p1a: Hatterene\n|move|p1a: Hatterene|Stealth Rock|p2a: Jaw if it was good|[from]ability: Magic Bounce\n|-sidestart|p2: DatFrostys|move: Stealth Rock\n|move|p1a: Hatterene|Draining Kiss|p2a: Jaw if it was good\n|-supereffective|p2a: Jaw if it was good\n|-damage|p2a: Jaw if it was good|0 fnt\n|-damage|p1a: Hatterene|88\/100|[from] ability: Rough Skin|[of] p2a: Jaw if it was good\n|-damage|p1a: Hatterene|72\/100|[from] item: Rocky Helmet|[of] p2a: Jaw if it was good\n|faint|p2a: Jaw if it was good\n|\n|-heal|p1a: Hatterene|78\/100|[from] item: Leftovers\n|upkeep\n|\n|t:|1699149166\n|switch|p2a: Am blue|Altaria, F|100\/100\n|-damage|p2a: Am blue|76\/100|[from] Stealth Rock\n|turn|8\n|\n|t:|1699149172\n|move|p2a: Am blue|Earthquake|p1a: Hatterene\n|-damage|p1a: Hatterene|57\/100\n|move|p1a: Hatterene|Draining Kiss|p2a: Am blue\n|-supereffective|p2a: Am blue\n|-damage|p2a: Am blue|0 fnt\n|-heal|p1a: Hatterene|100\/100|[from] drain|[of] p2a: Am blue\n|faint|p2a: Am blue\n|\n|upkeep\n|\n|t:|1699149179\n|switch|p2a: Chubby|Dragonite, F|100\/100\n|-damage|p2a: Chubby|76\/100|[from] Stealth Rock\n|turn|9\n|\n|t:|1699149186\n|move|p2a: Chubby|Extreme Speed|p1a: Hatterene\n|-damage|p1a: Hatterene|66\/100\n|move|p1a: Hatterene|Draining Kiss|p2a: Chubby\n|-supereffective|p2a: Chubby\n|-damage|p2a: Chubby|0 fnt\n|-heal|p1a: Hatterene|100\/100|[from] drain|[of] p2a: Chubby\n|faint|p2a: Chubby\n|\n|win|sambro5\n|raw|sambro5's rating: 1087 &rarr; <strong>1107<\/strong><br \/>(+20 for winning)\n|raw|DatFrostys's rating: 1000 &rarr; <strong>1000<\/strong><br \/>(+0 for losing)\n","uploadtime":1699149190,"views":9,"p1id":"sambro5","p2id":"datfrostys","formatid":"gen9ubers","rating":1000,"private":0,"password":""}