{"id":"gen9ubers-1976026246","p1":"pronerdgaming","p2":"hannah_xyz","format":"[Gen 9] Ubers","log":"|j|\u2606pronerdgaming\n|j|\u2606hannah_xyz\n|t:|1698257564\n|gametype|singles\n|player|p1|pronerdgaming|265|\n|player|p2|hannah_xyz|steven|\n|teamsize|p1|6\n|teamsize|p2|6\n|gen|9\n|tier|[Gen 9] Ubers\n|rule|Sleep Clause Mod: Limit one foe put to sleep\n|rule|Species Clause: Limit one of each Pok\u00e9mon\n|rule|OHKO Clause: OHKO moves are banned\n|rule|Evasion Items Clause: Evasion items are banned\n|rule|Evasion Moves Clause: Evasion moves are banned\n|rule|Endless Battle Clause: Forcing endless battles is banned\n|rule|HP Percentage Mod: HP is shown in percentages\n|clearpoke\n|poke|p1|Arceus-Ice|\n|poke|p1|Masquerain, M|\n|poke|p1|Giratina|\n|poke|p1|Shaymin-Sky|\n|poke|p1|Zacian-*|\n|poke|p1|Basculegion-F, F|\n|poke|p2|Zacian-*|\n|poke|p2|Espathra, F|\n|poke|p2|Palafin, F|\n|poke|p2|Landorus, M|\n|poke|p2|Cyclizar, F|\n|poke|p2|Spectrier|\n|teampreview\n|c|\u2606hannah_xyz|glhf\n|inactive|Battle timer is ON: inactive players will automatically lose when time's up. (requested by pronerdgaming)\n|c|\u2606pronerdgaming|U2\n|\n|t:|1698257587\n|start\n|switch|p1a: Masquerain|Masquerain, M|100\/100\n|switch|p2a: Cyclizar|Cyclizar, F|100\/100\n|-ability|p1a: Masquerain|Intimidate|boost\n|-unboost|p2a: Cyclizar|atk|1\n|turn|1\n|\n|t:|1698257599\n|move|p2a: Cyclizar|Shed Tail|p2a: Cyclizar\n|-start|p2a: Cyclizar|Substitute|[from] move: Shed Tail\n|-damage|p2a: Cyclizar|50\/100\n|\n|t:|1698257603\n|switch|p2a: Espathra|Espathra, F|100\/100|[from] Shed Tail\n|move|p1a: Masquerain|Tailwind|p1a: Masquerain\n|-sidestart|p1: pronerdgaming|move: Tailwind\n|\n|upkeep\n|turn|2\n|\n|t:|1698257607\n|move|p1a: Masquerain|Sticky Web|p2a: Espathra\n|-sidestart|p2: hannah_xyz|move: Sticky Web\n|move|p2a: Espathra|Calm Mind|p2a: Espathra\n|-boost|p2a: Espathra|spa|1\n|-boost|p2a: Espathra|spd|1\n|\n|-ability|p2a: Espathra|Speed Boost|boost\n|-boost|p2a: Espathra|spe|1\n|upkeep\n|turn|3\n|\n|t:|1698257620\n|switch|p1a: Arceus|Arceus-Ice|100\/100\n|move|p2a: Espathra|Stored Power|p1a: Arceus\n|-damage|p1a: Arceus|74\/100\n|\n|-ability|p2a: Espathra|Speed Boost|boost\n|-boost|p2a: Espathra|spe|1\n|upkeep\n|turn|4\n|\n|t:|1698257624\n|move|p1a: Arceus|Calm Mind|p1a: Arceus\n|-boost|p1a: Arceus|spa|1\n|-boost|p1a: Arceus|spd|1\n|move|p2a: Espathra|Calm Mind|p2a: Espathra\n|-boost|p2a: Espathra|spa|1\n|-boost|p2a: Espathra|spd|1\n|\n|-sideend|p1: pronerdgaming|move: Tailwind\n|-ability|p2a: Espathra|Speed Boost|boost\n|-boost|p2a: Espathra|spe|1\n|upkeep\n|turn|5\n|\n|t:|1698257628\n|move|p2a: Espathra|Stored Power|p1a: Arceus\n|-damage|p1a: Arceus|24\/100\n|move|p1a: Arceus|Calm Mind|p1a: Arceus\n|-boost|p1a: Arceus|spa|1\n|-boost|p1a: Arceus|spd|1\n|\n|-ability|p2a: Espathra|Speed Boost|boost\n|-boost|p2a: Espathra|spe|1\n|upkeep\n|turn|6\n|\n|t:|1698257632\n|move|p2a: Espathra|Stored Power|p1a: Arceus\n|-damage|p1a: Arceus|0 fnt\n|faint|p1a: Arceus\n|\n|-ability|p2a: Espathra|Speed Boost|boost\n|-boost|p2a: Espathra|spe|1\n|upkeep\n|\n|t:|1698257637\n|switch|p1a: Masquerain|Masquerain, M|100\/100\n|-ability|p1a: Masquerain|Intimidate|boost\n|-immune|p2a: Espathra\n|turn|7\n|\n|t:|1698257640\n|-terastallize|p1a: Masquerain|Dark\n|move|p2a: Espathra|Dazzling Gleam|p1a: Masquerain\n|-supereffective|p1a: Masquerain\n|-damage|p1a: Masquerain|10\/100\n|move|p1a: Masquerain|Acrobatics|p2a: Espathra\n|-activate|p2a: Espathra|move: Substitute|[damage]\n|\n|-ability|p2a: Espathra|Speed Boost|boost\n|-boost|p2a: Espathra|spe|1\n|upkeep\n|turn|8\n|\n|t:|1698257647\n|move|p2a: Espathra|Dazzling Gleam|p1a: Masquerain\n|-supereffective|p1a: Masquerain\n|-damage|p1a: Masquerain|0 fnt\n|faint|p1a: Masquerain\n|\n|upkeep\n|\n|t:|1698257653\n|switch|p1a: Zacian|Zacian|100\/100\n|-ability|p1a: Zacian|Intrepid Sword|boost\n|-boost|p1a: Zacian|atk|1\n|turn|9\n|\n|t:|1698257658\n|move|p2a: Espathra|Stored Power|p1a: Zacian\n|-damage|p1a: Zacian|0 fnt\n|faint|p1a: Zacian\n|\n|upkeep\n|\n|t:|1698257660\n|switch|p1a: Giratina|Giratina|100\/100\n|-ability|p1a: Giratina|Pressure\n|turn|10\n|\n|t:|1698257664\n|move|p2a: Espathra|Stored Power|p1a: Giratina\n|-damage|p1a: Giratina|37\/100\n|move|p1a: Giratina|Poltergeist|p2a: Espathra\n|-activate|p2a: Espathra|move: Poltergeist|Colbur Berry\n|-supereffective|p2a: Espathra\n|-end|p2a: Espathra|Substitute\n|\n|-heal|p1a: Giratina|43\/100|[from] item: Leftovers\n|upkeep\n|turn|11\n|\n|t:|1698257675\n|move|p2a: Espathra|Stored Power|p1a: Giratina\n|-damage|p1a: Giratina|0 fnt\n|faint|p1a: Giratina\n|\n|upkeep\n|\n|t:|1698257677\n|switch|p1a: Shaymin|Shaymin-Sky|100\/100\n|turn|12\n|\n|t:|1698257682\n|move|p2a: Espathra|Stored Power|p1a: Shaymin\n|-damage|p1a: Shaymin|0 fnt\n|faint|p1a: Shaymin\n|\n|upkeep\n|\n|t:|1698257685\n|switch|p1a: Basculegion|Basculegion-F, F|100\/100\n|turn|13\n|\n|t:|1698257689\n|move|p2a: Espathra|Stored Power|p1a: Basculegion\n|-damage|p1a: Basculegion|0 fnt\n|faint|p1a: Basculegion\n|\n|win|hannah_xyz\n|c|\u2606hannah_xyz|gg\n|c|\u2606pronerdgaming|gg\n|c|\u2606pronerdgaming|Game 2?\n|l|\u2606hannah_xyz\n","uploadtime":1698257694,"views":28,"p1id":"pronerdgaming","p2id":"hannahxyz","formatid":"gen9ubers","rating":0,"private":0,"password":""}