{"id":"gen9ubers-1983677773","p1":"leonissenbaum","p2":"Blanched","format":"[Gen 9] Ubers","log":"|j|\u2606leonissenbaum\n|j|\u203dBlanched\n|t:|1699159126\n|gametype|singles\n|player|p1|leonissenbaum|leon|\n|player|p2|Blanched|cynthia-masters|\n|teamsize|p1|6\n|teamsize|p2|6\n|gen|9\n|tier|[Gen 9] Ubers\n|rule|Sleep Clause Mod: Limit one foe put to sleep\n|rule|Species Clause: Limit one of each Pok\u00e9mon\n|rule|OHKO Clause: OHKO moves are banned\n|rule|Evasion Items Clause: Evasion items are banned\n|rule|Evasion Moves Clause: Evasion moves are banned\n|rule|Endless Battle Clause: Forcing endless battles is banned\n|rule|HP Percentage Mod: HP is shown in percentages\n|clearpoke\n|poke|p1|Giratina|\n|poke|p1|Gliscor, M|\n|poke|p1|Blissey, F|\n|poke|p1|Dondozo, F|\n|poke|p1|Clefable, F|\n|poke|p1|Espeon, M|\n|poke|p2|Gliscor, M|\n|poke|p2|Arceus-Dark|\n|poke|p2|Gholdengo|\n|poke|p2|Zacian-*|\n|poke|p2|Palkia-Origin|\n|poke|p2|Cyclizar, F|\n|teampreview\n|c|\u2606leonissenbaum|gl!\n|inactive|Battle timer is ON: inactive players will automatically lose when time's up. (requested by Blanched)\n|\n|t:|1699159158\n|start\n|switch|p1a: Espeon|Espeon, M|100\/100\n|switch|p2a: Cyclizar|Cyclizar, F|100\/100\n|turn|1\n|\n|t:|1699159173\n|switch|p2a: Gholdengo|Gholdengo|100\/100\n|move|p1a: Espeon|Psyshock|p2a: Gholdengo\n|-resisted|p2a: Gholdengo\n|-damage|p2a: Gholdengo|83\/100\n|\n|upkeep\n|turn|2\n|raw|<div class=\"broadcast-red\"><b>The server is restarting soon.<\/b><br \/>Please finish your battles quickly. No new battles can be started until the server resets in a few minutes.<\/div>\n|inactive|staff also wants the timer to be on.\n|raw|<div class=\"broadcast-red\"><b>Moderated chat was set to +!<\/b><br \/>Only users of rank + and higher can talk.<\/div>\n|c|\u2606leonissenbaum|uhh\n|c|\u2606leonissenbaum|should we just stop\n|inactive|leonissenbaum has 270 seconds left.\n|\n|t:|1699159213\n|switch|p1a: Blissey|Blissey, F|100\/100\n|move|p2a: Gholdengo|Trick|p1a: Blissey\n|-activate|p2a: Gholdengo|move: Trick|[of] p1a: Blissey\n|-item|p1a: Blissey|Choice Scarf|[from] move: Trick\n|-item|p2a: Gholdengo|Leftovers|[from] move: Trick\n|\n|-heal|p2a: Gholdengo|89\/100|[from] item: Leftovers\n|upkeep\n|turn|3\n|inactive|leonissenbaum has 270 seconds left.\n|raw|<div class=\"broadcast-green\"><b>The server restart was canceled.<\/b><\/div>\n|\n|t:|1699159225\n|switch|p2a: Cyclizar|Cyclizar, F|100\/100\n|move|p1a: Blissey|Shadow Ball|p2a: Cyclizar\n|-immune|p2a: Cyclizar\n|\n|upkeep\n|turn|4\n|inactive|leonissenbaum has 270 seconds left.\n|\n|t:|1699159248\n|switch|p1a: Giratina|Giratina, shiny|100\/100\n|-ability|p1a: Giratina|Pressure\n|move|p2a: Cyclizar|Shed Tail|p2a: Cyclizar\n|-start|p2a: Cyclizar|Substitute|[from] move: Shed Tail\n|-damage|p2a: Cyclizar|50\/100\n|\n|t:|1699159276\n|switch|p2a: Arceus|Arceus-Dark|100\/100|[from] Shed Tail\n|\n|upkeep\n|turn|5\n|inactive|leonissenbaum has 270 seconds left.\n|\n|t:|1699159285\n|move|p2a: Arceus|Stealth Rock|p1a: Giratina\n|-sidestart|p1: leonissenbaum|move: Stealth Rock\n|move|p1a: Giratina|Roar|p2a: Arceus\n|drag|p2a: Gholdengo|Gholdengo|89\/100\n|\n|-heal|p2a: Gholdengo|95\/100|[from] item: Leftovers\n|upkeep\n|turn|6\n|inactive|leonissenbaum has 270 seconds left.\n|\n|t:|1699159302\n|switch|p1a: Blissey|Blissey, F|100\/100\n|-damage|p1a: Blissey|88\/100|[from] Stealth Rock\n|move|p2a: Gholdengo|Shadow Ball|p1a: Blissey\n|-immune|p1a: Blissey\n|\n|-heal|p2a: Gholdengo|100\/100|[from] item: Leftovers\n|upkeep\n|turn|7\n|\n|t:|1699159307\n|switch|p2a: Cyclizar|Cyclizar, F|84\/100\n|move|p1a: Blissey|Stealth Rock|p2a: Cyclizar\n|-sidestart|p2: Blanched|move: Stealth Rock\n|\n|upkeep\n|turn|8\n|\n|t:|1699159314\n|switch|p1a: Giratina|Giratina, shiny|100\/100\n|-damage|p1a: Giratina|88\/100|[from] Stealth Rock\n|-ability|p1a: Giratina|Pressure\n|move|p2a: Cyclizar|Rapid Spin|p1a: Giratina\n|-immune|p1a: Giratina\n|\n|-heal|p1a: Giratina|94\/100|[from] item: Leftovers\n|upkeep\n|turn|9\n|\n|t:|1699159322\n|move|p2a: Cyclizar|Knock Off|p1a: Giratina\n|-supereffective|p1a: Giratina\n|-damage|p1a: Giratina|71\/100\n|-enditem|p1a: Giratina|Leftovers|[from] move: Knock Off|[of] p2a: Cyclizar\n|move|p1a: Giratina|Roar|p2a: Cyclizar\n|drag|p2a: Palkia|Palkia-Origin|100\/100\n|-damage|p2a: Palkia|88\/100|[from] Stealth Rock\n|-ability|p2a: Palkia|Pressure\n|\n|upkeep\n|turn|10\n|\n|t:|1699159338\n|switch|p1a: Blissey|Blissey, F|88\/100\n|-damage|p1a: Blissey|76\/100|[from] Stealth Rock\n|move|p2a: Palkia|Hydro Pump|p1a: Blissey\n|-damage|p1a: Blissey|53\/100\n|\n|upkeep\n|turn|11\n|\n|t:|1699159346\n|switch|p2a: Gholdengo|Gholdengo|100\/100\n|-damage|p2a: Gholdengo|94\/100|[from] Stealth Rock\n|move|p1a: Blissey|Soft-Boiled|p1a: Blissey\n|-heal|p1a: Blissey|100\/100\n|\n|-heal|p2a: Gholdengo|100\/100|[from] item: Leftovers\n|upkeep\n|turn|12\n|\n|t:|1699159353\n|switch|p1a: Gliscor|Gliscor, M|100\/100\n|-damage|p1a: Gliscor|88\/100|[from] Stealth Rock\n|move|p2a: Gholdengo|Shadow Ball|p1a: Gliscor\n|-damage|p1a: Gliscor|50\/100\n|-unboost|p1a: Gliscor|spd|1\n|\n|-status|p1a: Gliscor|tox|[from] item: Toxic Orb\n|upkeep\n|turn|13\n|\n|t:|1699159365\n|move|p1a: Gliscor|Protect|p1a: Gliscor\n|-singleturn|p1a: Gliscor|Protect\n|move|p2a: Gholdengo|Make It Rain|p1a: Gliscor\n|-activate|p1a: Gliscor|move: Protect\n|\n|-heal|p1a: Gliscor|63\/100 tox|[from] ability: Poison Heal\n|upkeep\n|turn|14\n|\n|t:|1699159381\n|switch|p1a: Blissey|Blissey, F|100\/100\n|-damage|p1a: Blissey|88\/100|[from] Stealth Rock\n|move|p2a: Gholdengo|Make It Rain|p1a: Blissey\n|-damage|p1a: Blissey|70\/100\n|-unboost|p2a: Gholdengo|spa|1\n|\n|upkeep\n|turn|15\n|\n|t:|1699159386\n|switch|p2a: Cyclizar|Cyclizar, F|100\/100\n|move|p1a: Blissey|Shadow Ball|p2a: Cyclizar\n|-immune|p2a: Cyclizar\n|\n|upkeep\n|turn|16\n|\n|t:|1699159391\n|switch|p1a: Giratina|Giratina, shiny|71\/100\n|-damage|p1a: Giratina|59\/100|[from] Stealth Rock\n|-ability|p1a: Giratina|Pressure\n|move|p2a: Cyclizar|Shed Tail|p2a: Cyclizar\n|-start|p2a: Cyclizar|Substitute|[from] move: Shed Tail\n|-damage|p2a: Cyclizar|50\/100\n|\n|t:|1699159399\n|switch|p2a: Arceus|Arceus-Dark|100\/100|[from] Shed Tail\n|-damage|p2a: Arceus|88\/100|[from] Stealth Rock\n|\n|upkeep\n|turn|17\n|\n|t:|1699159413\n|move|p2a: Arceus|Judgment|p1a: Giratina\n|-supereffective|p1a: Giratina\n|-damage|p1a: Giratina|20\/100\n|move|p1a: Giratina|Roar|p2a: Arceus\n|drag|p2a: Zacian|Zacian|100\/100\n|-damage|p2a: Zacian|88\/100|[from] Stealth Rock\n|-ability|p2a: Zacian|Intrepid Sword|boost\n|-boost|p2a: Zacian|atk|1\n|\n|upkeep\n|turn|18\n|\n|t:|1699159425\n|switch|p1a: Dondozo|Dondozo, F|100\/100\n|-damage|p1a: Dondozo|88\/100|[from] Stealth Rock\n|move|p2a: Zacian|Play Rough|p1a: Dondozo\n|-damage|p1a: Dondozo|57\/100\n|-damage|p2a: Zacian|72\/100|[from] item: Rocky Helmet|[of] p1a: Dondozo\n|\n|upkeep\n|turn|19\n|\n|t:|1699159436\n|switch|p2a: Gholdengo|Gholdengo|100\/100\n|-damage|p2a: Gholdengo|94\/100|[from] Stealth Rock\n|move|p1a: Dondozo|Rest|p1a: Dondozo\n|-status|p1a: Dondozo|slp|[from] move: Rest\n|-heal|p1a: Dondozo|100\/100 slp|[silent]\n|\n|-heal|p2a: Gholdengo|100\/100|[from] item: Leftovers\n|upkeep\n|turn|20\n|\n|t:|1699159464\n|switch|p2a: Cyclizar|Cyclizar, F|84\/100\n|switch|p1a: Blissey|Blissey, F|70\/100\n|-damage|p1a: Blissey|58\/100|[from] Stealth Rock\n|\n|upkeep\n|turn|21\n|\n|t:|1699159474\n|move|p2a: Cyclizar|Rapid Spin|p1a: Blissey\n|-damage|p1a: Blissey|42\/100\n|-boost|p2a: Cyclizar|spe|1\n|-sideend|p2: Blanched|Stealth Rock|[from] move: Rapid Spin|[of] p2a: Cyclizar\n|move|p1a: Blissey|Soft-Boiled|p1a: Blissey\n|-heal|p1a: Blissey|93\/100\n|\n|upkeep\n|turn|22\n|\n|t:|1699159485\n|switch|p1a: Gliscor|Gliscor, M|63\/100 tox\n|-damage|p1a: Gliscor|50\/100 tox|[from] Stealth Rock\n|move|p2a: Cyclizar|Shed Tail|p2a: Cyclizar\n|-start|p2a: Cyclizar|Substitute|[from] move: Shed Tail\n|-damage|p2a: Cyclizar|34\/100\n|inactive|Blanched has 270 seconds left.\n|\n|t:|1699159502\n|switch|p2a: Palkia|Palkia-Origin|88\/100|[from] Shed Tail\n|-ability|p2a: Palkia|Pressure\n|\n|-heal|p1a: Gliscor|63\/100 tox|[from] ability: Poison Heal\n|upkeep\n|turn|23\n|\n|t:|1699159510\n|move|p1a: Gliscor|Protect|p1a: Gliscor\n|-singleturn|p1a: Gliscor|Protect\n|move|p2a: Palkia|Hydro Pump|p1a: Gliscor\n|-activate|p1a: Gliscor|move: Protect\n|\n|-heal|p1a: Gliscor|75\/100 tox|[from] ability: Poison Heal\n|upkeep\n|turn|24\n|\n|t:|1699159527\n|switch|p1a: Blissey|Blissey, F|93\/100\n|-damage|p1a: Blissey|80\/100|[from] Stealth Rock\n|move|p2a: Palkia|Hydro Pump|p1a: Blissey|[miss]\n|-miss|p2a: Palkia|p1a: Blissey\n|\n|upkeep\n|turn|25\n|\n|t:|1699159539\n|move|p2a: Palkia|Hydro Pump|p1a: Blissey\n|-damage|p1a: Blissey|55\/100\n|move|p1a: Blissey|Seismic Toss|p2a: Palkia\n|-end|p2a: Palkia|Substitute\n|\n|upkeep\n|turn|26\n|\n|t:|1699159548\n|move|p2a: Palkia|Hydro Pump|p1a: Blissey\n|-damage|p1a: Blissey|31\/100\n|move|p1a: Blissey|Seismic Toss|p2a: Palkia\n|-damage|p2a: Palkia|57\/100\n|\n|upkeep\n|turn|27\n|\n|t:|1699159575\n|switch|p1a: Clefable|Clefable, F|100\/100\n|-damage|p1a: Clefable|88\/100|[from] Stealth Rock\n|move|p2a: Palkia|Hydro Pump|p1a: Clefable|[miss]\n|-miss|p2a: Palkia|p1a: Clefable\n|\n|-heal|p1a: Clefable|94\/100|[from] item: Leftovers\n|upkeep\n|turn|28\n|\n|t:|1699159590\n|switch|p2a: Gliscor|Gliscor, M|100\/100\n|move|p1a: Clefable|Moonblast|p2a: Gliscor\n|-damage|p2a: Gliscor|72\/100\n|-unboost|p2a: Gliscor|spa|1\n|\n|-heal|p1a: Clefable|99\/100|[from] item: Leftovers\n|-status|p2a: Gliscor|tox|[from] item: Toxic Orb\n|upkeep\n|turn|29\n|\n|t:|1699159604\n|switch|p1a: Espeon|Espeon, M|100\/100\n|-damage|p1a: Espeon|88\/100|[from] Stealth Rock\n|move|p2a: Gliscor|Earthquake|p1a: Espeon\n|-damage|p1a: Espeon|39\/100\n|\n|-heal|p2a: Gliscor|85\/100 tox|[from] ability: Poison Heal\n|upkeep\n|turn|30\n|inactive|leonissenbaum has 270 seconds left.\n|\n|t:|1699159634\n|move|p2a: Gliscor|Protect|p2a: Gliscor\n|-singleturn|p2a: Gliscor|Protect\n|move|p1a: Espeon|Trick|p2a: Gliscor\n|-activate|p2a: Gliscor|move: Protect\n|\n|-heal|p2a: Gliscor|97\/100 tox|[from] ability: Poison Heal\n|upkeep\n|turn|31\n|\n|t:|1699159640\n|switch|p2a: Gholdengo|Gholdengo|100\/100\n|move|p1a: Espeon|Trick|p2a: Gholdengo\n|-immune|p2a: Gholdengo|[from] ability: Good as Gold\n|\n|upkeep\n|turn|32\n|inactive|leonissenbaum has 270 seconds left.\n|inactive|leonissenbaum has 240 seconds left.\n|\n|t:|1699159696\n|switch|p1a: Blissey|Blissey, F|31\/100\n|-damage|p1a: Blissey|19\/100|[from] Stealth Rock\n|move|p2a: Gholdengo|Make It Rain|p1a: Blissey\n|-damage|p1a: Blissey|0 fnt\n|-unboost|p2a: Gholdengo|spa|1\n|faint|p1a: Blissey\n|\n|upkeep\n|\n|t:|1699159703\n|switch|p1a: Gliscor|Gliscor, M|75\/100 tox\n|-damage|p1a: Gliscor|63\/100 tox|[from] Stealth Rock\n|turn|33\n|\n|t:|1699159709\n|switch|p2a: Gliscor|Gliscor, M|97\/100 tox\n|move|p1a: Gliscor|Knock Off|p2a: Gliscor\n|-damage|p2a: Gliscor|79\/100 tox\n|-enditem|p2a: Gliscor|Toxic Orb|[from] move: Knock Off|[of] p1a: Gliscor\n|\n|-heal|p2a: Gliscor|91\/100 tox|[from] ability: Poison Heal\n|-heal|p1a: Gliscor|75\/100 tox|[from] ability: Poison Heal\n|upkeep\n|turn|34\n|inactive|leonissenbaum has 240 seconds left.\n|\n|t:|1699159722\n|switch|p1a: Espeon|Espeon, M|39\/100\n|-damage|p1a: Espeon|27\/100|[from] Stealth Rock\n|move|p2a: Gliscor|Spikes|p1a: Espeon\n|move|p1a: Espeon|Spikes|p2a: Gliscor|[from]ability: Magic Bounce\n|-sidestart|p2: Blanched|Spikes\n|\n|-heal|p2a: Gliscor|100\/100 tox|[from] ability: Poison Heal\n|upkeep\n|turn|35\n|inactive|leonissenbaum has 240 seconds left.\n|\n|t:|1699159741\n|move|p2a: Gliscor|Protect|p2a: Gliscor\n|-singleturn|p2a: Gliscor|Protect\n|move|p1a: Espeon|Morning Sun|p1a: Espeon\n|-heal|p1a: Espeon|77\/100\n|\n|upkeep\n|turn|36\n|\n|t:|1699159746\n|move|p1a: Espeon|Morning Sun|p1a: Espeon\n|-heal|p1a: Espeon|100\/100\n|move|p2a: Gliscor|Earthquake|p1a: Espeon\n|-damage|p1a: Espeon|53\/100\n|\n|upkeep\n|turn|37\n|\n|t:|1699159753\n|move|p1a: Espeon|Morning Sun|p1a: Espeon\n|-heal|p1a: Espeon|100\/100\n|move|p2a: Gliscor|Toxic|p1a: Espeon\n|move|p1a: Espeon|Toxic|p2a: Gliscor|[from]ability: Magic Bounce\n|-fail|p2a: Gliscor|tox\n|\n|upkeep\n|turn|38\n|\n|t:|1699159760\n|switch|p1a: Gliscor|Gliscor, M|75\/100 tox\n|-damage|p1a: Gliscor|63\/100 tox|[from] Stealth Rock\n|move|p2a: Gliscor|Earthquake|p1a: Gliscor\n|-immune|p1a: Gliscor\n|\n|-heal|p1a: Gliscor|75\/100 tox|[from] ability: Poison Heal\n|upkeep\n|turn|39\n|\n|t:|1699159769\n|switch|p1a: Espeon|Espeon, M|100\/100\n|-damage|p1a: Espeon|88\/100|[from] Stealth Rock\n|move|p2a: Gliscor|Spikes|p1a: Espeon\n|move|p1a: Espeon|Spikes|p2a: Gliscor|[from]ability: Magic Bounce\n|-sidestart|p2: Blanched|Spikes\n|\n|upkeep\n|turn|40\n|\n|t:|1699159775\n|move|p2a: Gliscor|Protect|p2a: Gliscor\n|-singleturn|p2a: Gliscor|Protect\n|move|p1a: Espeon|Trick|p2a: Gliscor\n|-activate|p2a: Gliscor|move: Protect\n|\n|upkeep\n|turn|41\n|\n|t:|1699159786\n|switch|p2a: Gholdengo|Gholdengo|100\/100\n|-damage|p2a: Gholdengo|84\/100|[from] Spikes\n|move|p1a: Espeon|Trick|p2a: Gholdengo\n|-immune|p2a: Gholdengo|[from] ability: Good as Gold\n|\n|-heal|p2a: Gholdengo|90\/100|[from] item: Leftovers\n|upkeep\n|turn|42\n|inactive|leonissenbaum has 270 seconds left.\n|\n|t:|1699159817\n|switch|p1a: Gliscor|Gliscor, M|75\/100 tox\n|-damage|p1a: Gliscor|63\/100 tox|[from] Stealth Rock\n|move|p2a: Gholdengo|Shadow Ball|p1a: Gliscor\n|-damage|p1a: Gliscor|27\/100 tox\n|\n|-heal|p2a: Gholdengo|96\/100|[from] item: Leftovers\n|-heal|p1a: Gliscor|40\/100 tox|[from] ability: Poison Heal\n|upkeep\n|turn|43\n|\n|t:|1699159830\n|move|p1a: Gliscor|Protect|p1a: Gliscor\n|-singleturn|p1a: Gliscor|Protect\n|move|p2a: Gholdengo|Make It Rain|p1a: Gliscor\n|-activate|p1a: Gliscor|move: Protect\n|\n|-heal|p2a: Gholdengo|100\/100|[from] item: Leftovers\n|-heal|p1a: Gliscor|52\/100 tox|[from] ability: Poison Heal\n|upkeep\n|turn|44\n|inactive|leonissenbaum has 270 seconds left.\n|inactive|leonissenbaum has 240 seconds left.\n|\n|t:|1699159886\n|switch|p1a: Dondozo|Dondozo, F|100\/100 slp\n|-damage|p1a: Dondozo|88\/100 slp|[from] Stealth Rock\n|move|p2a: Gholdengo|Make It Rain|p1a: Dondozo\n|-resisted|p1a: Dondozo\n|-damage|p1a: Dondozo|56\/100 slp\n|-unboost|p2a: Gholdengo|spa|1\n|\n|upkeep\n|turn|45\n|\n|t:|1699159894\n|switch|p1a: Clefable|Clefable, F|99\/100\n|-damage|p1a: Clefable|88\/100|[from] Stealth Rock\n|move|p2a: Gholdengo|Shadow Ball|p1a: Clefable\n|-damage|p1a: Clefable|59\/100\n|\n|-heal|p1a: Clefable|65\/100|[from] item: Leftovers\n|upkeep\n|turn|46\n|\n|t:|1699159914\n|-terastallize|p1a: Clefable|Dark\n|move|p2a: Gholdengo|Make It Rain|p1a: Clefable\n|-damage|p1a: Clefable|19\/100\n|-unboost|p2a: Gholdengo|spa|1\n|move|p1a: Clefable|Wish|p1a: Clefable\n|\n|-heal|p1a: Clefable|25\/100|[from] item: Leftovers\n|upkeep\n|turn|47\n|\n|t:|1699159924\n|switch|p2a: Cyclizar|Cyclizar, F|67\/100\n|move|p1a: Clefable|Protect||[still]\n|-fail|p1a: Clefable\n|\n|-heal|p1a: Clefable|75\/100|[from] move: Wish|[wisher] Clefable\n|-heal|p1a: Clefable|81\/100|[from] item: Leftovers\n|upkeep\n|turn|48\n|\n|t:|1699159930\n|move|p2a: Cyclizar|U-turn|p1a: Clefable\n|-supereffective|p1a: Clefable\n|-damage|p1a: Clefable|50\/100\n|\n|t:|1699159934\n|switch|p2a: Gholdengo|Gholdengo|100\/100|[from] U-turn\n|-damage|p2a: Gholdengo|84\/100|[from] Spikes\n|move|p1a: Clefable|Moonblast|p2a: Gholdengo\n|-resisted|p2a: Gholdengo\n|-damage|p2a: Gholdengo|65\/100\n|-unboost|p2a: Gholdengo|spa|1\n|\n|-heal|p2a: Gholdengo|71\/100|[from] item: Leftovers\n|-heal|p1a: Clefable|56\/100|[from] item: Leftovers\n|upkeep\n|turn|49\n|inactive|leonissenbaum has 270 seconds left.\n|\n|t:|1699159944\n|move|p1a: Clefable|Protect|p1a: Clefable\n|-singleturn|p1a: Clefable|Protect\n|move|p2a: Gholdengo|Make It Rain|p1a: Clefable\n|-activate|p1a: Clefable|move: Protect\n|\n|-heal|p2a: Gholdengo|77\/100|[from] item: Leftovers\n|-heal|p1a: Clefable|62\/100|[from] item: Leftovers\n|upkeep\n|turn|50\n|\n|t:|1699159960\n|switch|p2a: Gliscor|Gliscor, M|100\/100 tox\n|move|p1a: Clefable|Wish|p1a: Clefable\n|\n|-heal|p1a: Clefable|68\/100|[from] item: Leftovers\n|upkeep\n|turn|51\n|\n|t:|1699159973\n|switch|p1a: Espeon|Espeon, M|88\/100\n|-damage|p1a: Espeon|76\/100|[from] Stealth Rock\n|move|p2a: Gliscor|Earthquake|p1a: Espeon\n|-damage|p1a: Espeon|28\/100\n|\n|-heal|p1a: Espeon|87\/100|[from] move: Wish|[wisher] Clefable\n|upkeep\n|turn|52\n|\n|t:|1699159980\n|move|p2a: Gliscor|Protect|p2a: Gliscor\n|-singleturn|p2a: Gliscor|Protect\n|move|p1a: Espeon|Trick|p2a: Gliscor\n|-activate|p2a: Gliscor|move: Protect\n|\n|upkeep\n|turn|53\n|\n|t:|1699160006\n|switch|p2a: Gholdengo|Gholdengo|77\/100\n|-damage|p2a: Gholdengo|61\/100|[from] Spikes\n|move|p1a: Espeon|Trick|p2a: Gholdengo\n|-immune|p2a: Gholdengo|[from] ability: Good as Gold\n|\n|-heal|p2a: Gholdengo|67\/100|[from] item: Leftovers\n|upkeep\n|turn|54\n|inactive|Blanched has 270 seconds left.\n|\n|t:|1699160025\n|switch|p2a: Zacian|Zacian|72\/100\n|-damage|p2a: Zacian|55\/100|[from] Spikes\n|move|p1a: Espeon|Trick|p2a: Zacian\n|-activate|p1a: Espeon|move: Trick|[of] p2a: Zacian\n|-item|p2a: Zacian|Choice Scarf|[from] move: Trick\n|-item|p1a: Espeon|Choice Band|[from] move: Trick\n|\n|upkeep\n|turn|55\n|inactive|Blanched has 270 seconds left.\n|\n|t:|1699160041\n|switch|p2a: Cyclizar|Cyclizar, F|99\/100\n|switch|p1a: Dondozo|Dondozo, F|56\/100 slp\n|-damage|p1a: Dondozo|43\/100 slp|[from] Stealth Rock\n|\n|upkeep\n|turn|56\n|\n|t:|1699160051\n|move|p2a: Cyclizar|Rapid Spin|p1a: Dondozo\n|-damage|p1a: Dondozo|37\/100 slp\n|-boost|p2a: Cyclizar|spe|1\n|-damage|p2a: Cyclizar|83\/100|[from] item: Rocky Helmet|[of] p1a: Dondozo\n|-sideend|p2: Blanched|Spikes|[from] move: Rapid Spin|[of] p2a: Cyclizar\n|cant|p1a: Dondozo|slp\n|move|p1a: Dondozo|Sleep Talk|p1a: Dondozo\n|move|p1a: Dondozo|Waterfall|p2a: Cyclizar|[from]move: Sleep Talk\n|-resisted|p2a: Cyclizar\n|-damage|p2a: Cyclizar|64\/100\n|\n|upkeep\n|turn|57\n|\n|t:|1699160055\n|move|p2a: Cyclizar|Shed Tail|p2a: Cyclizar\n|-start|p2a: Cyclizar|Substitute|[from] move: Shed Tail\n|-damage|p2a: Cyclizar|14\/100\n|\n|t:|1699160067\n|switch|p2a: Palkia|Palkia-Origin|57\/100|[from] Shed Tail\n|-ability|p2a: Palkia|Pressure\n|cant|p1a: Dondozo|slp\n|move|p1a: Dondozo|Sleep Talk|p1a: Dondozo\n|move|p1a: Dondozo|Waterfall|p2a: Palkia|[from]move: Sleep Talk\n|-resisted|p2a: Palkia\n|-activate|p2a: Palkia|move: Substitute|[damage]\n|\n|upkeep\n|turn|58\n|inactive|leonissenbaum has 270 seconds left.\n|\n|t:|1699160114\n|move|p2a: Palkia|Draco Meteor|p1a: Dondozo\n|-damage|p1a: Dondozo|0 fnt\n|-unboost|p2a: Palkia|spa|2\n|faint|p1a: Dondozo\n|\n|upkeep\n|\n|t:|1699160127\n|switch|p1a: Clefable|Clefable, F, tera:Dark|68\/100\n|-damage|p1a: Clefable|56\/100|[from] Stealth Rock\n|turn|59\n|\n|t:|1699160136\n|move|p1a: Clefable|Protect|p1a: Clefable\n|-singleturn|p1a: Clefable|Protect\n|move|p2a: Palkia|Draco Meteor|p1a: Clefable\n|-activate|p1a: Clefable|move: Protect\n|\n|-heal|p1a: Clefable|62\/100|[from] item: Leftovers\n|upkeep\n|turn|60\n|\n|t:|1699160141\n|move|p2a: Palkia|Draco Meteor|p1a: Clefable\n|-damage|p1a: Clefable|0 fnt\n|-unboost|p2a: Palkia|spa|2\n|faint|p1a: Clefable\n|\n|upkeep\n|c|\u2606leonissenbaum|gg\n|\n|t:|1699160162\n|switch|p1a: Gliscor|Gliscor, M|52\/100 tox\n|-damage|p1a: Gliscor|40\/100 tox|[from] Stealth Rock\n|turn|61\n|\n|t:|1699160173\n|move|p1a: Gliscor|Protect|p1a: Gliscor\n|-singleturn|p1a: Gliscor|Protect\n|move|p2a: Palkia|Hydro Pump|p1a: Gliscor\n|-activate|p1a: Gliscor|move: Protect\n|\n|-heal|p1a: Gliscor|52\/100 tox|[from] ability: Poison Heal\n|upkeep\n|turn|62\n|\n|t:|1699160186\n|switch|p2a: Gliscor|Gliscor, M|100\/100 tox\n|move|p1a: Gliscor|Knock Off|p2a: Gliscor\n|-damage|p2a: Gliscor|89\/100 tox\n|\n|-heal|p2a: Gliscor|100\/100 tox|[from] ability: Poison Heal\n|-heal|p1a: Gliscor|65\/100 tox|[from] ability: Poison Heal\n|upkeep\n|turn|63\n|\n|t:|1699160191\n|switch|p1a: Espeon|Espeon, M|87\/100\n|-damage|p1a: Espeon|75\/100|[from] Stealth Rock\n|move|p2a: Gliscor|Earthquake|p1a: Espeon\n|-damage|p1a: Espeon|23\/100\n|\n|upkeep\n|turn|64\n|\n|t:|1699160194\n|move|p2a: Gliscor|Protect|p2a: Gliscor\n|-singleturn|p2a: Gliscor|Protect\n|move|p1a: Espeon|Trick|p2a: Gliscor\n|-activate|p2a: Gliscor|move: Protect\n|\n|upkeep\n|turn|65\n|\n|t:|1699160198\n|switch|p2a: Gholdengo|Gholdengo|67\/100\n|move|p1a: Espeon|Trick|p2a: Gholdengo\n|-immune|p2a: Gholdengo|[from] ability: Good as Gold\n|\n|-heal|p2a: Gholdengo|73\/100|[from] item: Leftovers\n|upkeep\n|turn|66\n|\n|t:|1699160201\n|move|p2a: Gholdengo|Shadow Ball|p1a: Espeon\n|-supereffective|p1a: Espeon\n|-damage|p1a: Espeon|0 fnt\n|faint|p1a: Espeon\n|\n|-heal|p2a: Gholdengo|79\/100|[from] item: Leftovers\n|upkeep\n|\n|t:|1699160204\n|switch|p1a: Gliscor|Gliscor, M|65\/100 tox\n|-damage|p1a: Gliscor|52\/100 tox|[from] Stealth Rock\n|turn|67\n|\n|t:|1699160209\n|switch|p2a: Gliscor|Gliscor, M|100\/100 tox\n|move|p1a: Gliscor|Protect||[still]\n|-fail|p1a: Gliscor\n|\n|-heal|p1a: Gliscor|65\/100 tox|[from] ability: Poison Heal\n|upkeep\n|turn|68\n|\n|t:|1699160213\n|move|p2a: Gliscor|Spikes|p1a: Gliscor\n|-sidestart|p1: leonissenbaum|Spikes\n|move|p1a: Gliscor|Spikes|p2a: Gliscor\n|-sidestart|p2: Blanched|Spikes\n|\n|-heal|p1a: Gliscor|77\/100 tox|[from] ability: Poison Heal\n|upkeep\n|turn|69\n|\n|t:|1699160217\n|move|p2a: Gliscor|Spikes|p1a: Gliscor\n|-sidestart|p1: leonissenbaum|Spikes\n|move|p1a: Gliscor|Toxic Spikes|p2a: Gliscor\n|-sidestart|p2: Blanched|move: Toxic Spikes\n|\n|-heal|p1a: Gliscor|89\/100 tox|[from] ability: Poison Heal\n|upkeep\n|turn|70\n|\n|t:|1699160219\n|move|p2a: Gliscor|Spikes|p1a: Gliscor\n|-sidestart|p1: leonissenbaum|Spikes\n|move|p1a: Gliscor|Toxic Spikes|p2a: Gliscor\n|-sidestart|p2: Blanched|move: Toxic Spikes\n|\n|-heal|p1a: Gliscor|100\/100 tox|[from] ability: Poison Heal\n|upkeep\n|turn|71\n|\n|t:|1699160221\n|move|p2a: Gliscor|Spikes||[still]\n|-fail|p2a: Gliscor\n|move|p1a: Gliscor|Spikes|p2a: Gliscor\n|-sidestart|p2: Blanched|Spikes\n|\n|upkeep\n|turn|72\n|\n|t:|1699160223\n|move|p2a: Gliscor|Spikes||[still]\n|-fail|p2a: Gliscor\n|move|p1a: Gliscor|Spikes|p2a: Gliscor\n|-sidestart|p2: Blanched|Spikes\n|\n|upkeep\n|turn|73\n|\n|t:|1699160226\n|move|p2a: Gliscor|Spikes||[still]\n|-fail|p2a: Gliscor\n|move|p1a: Gliscor|Spikes||[still]\n|-fail|p1a: Gliscor\n|\n|upkeep\n|turn|74\n|\n|t:|1699160229\n|move|p2a: Gliscor|Spikes||[still]\n|-fail|p2a: Gliscor\n|move|p1a: Gliscor|Toxic Spikes||[still]\n|-fail|p1a: Gliscor\n|\n|upkeep\n|turn|75\n|\n|t:|1699160232\n|move|p2a: Gliscor|Spikes||[still]\n|-fail|p2a: Gliscor\n|move|p1a: Gliscor|Knock Off|p2a: Gliscor\n|-damage|p2a: Gliscor|88\/100 tox\n|\n|-heal|p2a: Gliscor|99\/100 tox|[from] ability: Poison Heal\n|upkeep\n|turn|76\n|\n|t:|1699160234\n|move|p2a: Gliscor|Spikes||[still]\n|-fail|p2a: Gliscor\n|move|p1a: Gliscor|Toxic Spikes||[still]\n|-fail|p1a: Gliscor\n|\n|-heal|p2a: Gliscor|100\/100 tox|[from] ability: Poison Heal\n|upkeep\n|turn|77\n|\n|t:|1699160237\n|move|p2a: Gliscor|Spikes||[still]\n|-fail|p2a: Gliscor\n|move|p1a: Gliscor|Spikes||[still]\n|-fail|p1a: Gliscor\n|\n|upkeep\n|turn|78\n|\n|t:|1699160239\n|move|p2a: Gliscor|Spikes||[still]\n|-fail|p2a: Gliscor\n|move|p1a: Gliscor|Knock Off|p2a: Gliscor\n|-damage|p2a: Gliscor|89\/100 tox\n|\n|-heal|p2a: Gliscor|100\/100 tox|[from] ability: Poison Heal\n|upkeep\n|turn|79\n|\n|t:|1699160241\n|move|p2a: Gliscor|Spikes||[still]\n|-fail|p2a: Gliscor\n|move|p1a: Gliscor|Toxic Spikes||[still]\n|-fail|p1a: Gliscor\n|\n|upkeep\n|turn|80\n|\n|t:|1699160243\n|move|p2a: Gliscor|Spikes||[still]\n|-fail|p2a: Gliscor\n|move|p1a: Gliscor|Spikes||[still]\n|-fail|p1a: Gliscor\n|\n|upkeep\n|turn|81\n|\n|t:|1699160245\n|move|p2a: Gliscor|Spikes||[still]\n|-fail|p2a: Gliscor\n|move|p1a: Gliscor|Toxic Spikes||[still]\n|-fail|p1a: Gliscor\n|\n|upkeep\n|turn|82\n|\n|t:|1699160248\n|move|p2a: Gliscor|Spikes||[still]\n|-fail|p2a: Gliscor\n|move|p1a: Gliscor|Knock Off|p2a: Gliscor\n|-damage|p2a: Gliscor|89\/100 tox\n|\n|-heal|p2a: Gliscor|100\/100 tox|[from] ability: Poison Heal\n|upkeep\n|turn|83\n|\n|t:|1699160250\n|move|p2a: Gliscor|Spikes||[still]\n|-fail|p2a: Gliscor\n|move|p1a: Gliscor|Spikes||[still]\n|-fail|p1a: Gliscor\n|\n|upkeep\n|turn|84\n|\n|t:|1699160252\n|move|p2a: Gliscor|Spikes||[still]\n|-fail|p2a: Gliscor\n|move|p1a: Gliscor|Knock Off|p2a: Gliscor\n|-damage|p2a: Gliscor|89\/100 tox\n|\n|-heal|p2a: Gliscor|100\/100 tox|[from] ability: Poison Heal\n|upkeep\n|turn|85\n|\n|t:|1699160253\n|move|p2a: Gliscor|Spikes||[still]\n|-fail|p2a: Gliscor\n|move|p1a: Gliscor|Toxic Spikes||[still]\n|-fail|p1a: Gliscor\n|\n|upkeep\n|turn|86\n|\n|t:|1699160255\n|move|p2a: Gliscor|Spikes||[still]\n|-fail|p2a: Gliscor\n|move|p1a: Gliscor|Toxic Spikes||[still]\n|-fail|p1a: Gliscor\n|\n|upkeep\n|turn|87\n|\n|t:|1699160272\n|move|p2a: Gliscor|Spikes||[still]\n|-fail|p2a: Gliscor\n|move|p1a: Gliscor|Knock Off|p2a: Gliscor\n|-damage|p2a: Gliscor|88\/100 tox\n|\n|-heal|p2a: Gliscor|100\/100 tox|[from] ability: Poison Heal\n|upkeep\n|turn|88\n|\n|t:|1699160276\n|move|p2a: Gliscor|Spikes||[still]\n|-fail|p2a: Gliscor\n|move|p1a: Gliscor|Spikes||[still]\n|-fail|p1a: Gliscor\n|\n|upkeep\n|turn|89\n|\n|t:|1699160281\n|move|p2a: Gliscor|Spikes||[still]\n|-fail|p2a: Gliscor\n|move|p1a: Gliscor|Toxic Spikes||[still]\n|-fail|p1a: Gliscor\n|\n|upkeep\n|turn|90\n|-message|leonissenbaum forfeited.\n|\n|win|Blanched\n","uploadtime":1699160296,"views":29,"p1id":"leonissenbaum","p2id":"blanched","formatid":"gen9ubers","rating":0,"private":0,"password":""}