{"id":"gen9ubers-1988207714","p1":"Pickedman","p2":"Dragon Master Rosa","format":"[Gen 9] Ubers","log":"|j|\u2606Pickedman\n|j|\u2606Dragon Master Rosa\n|t:|1699685401\n|gametype|singles\n|player|p1|Pickedman|zinnia|\n|player|p2|Dragon Master Rosa|dragontamer-gen9|\n|teamsize|p1|6\n|teamsize|p2|6\n|gen|9\n|tier|[Gen 9] Ubers\n|rule|Sleep Clause Mod: Limit one foe put to sleep\n|rule|Species Clause: Limit one of each Pok\u00e9mon\n|rule|OHKO Clause: OHKO moves are banned\n|rule|Evasion Items Clause: Evasion items are banned\n|rule|Evasion Moves Clause: Evasion moves are banned\n|rule|Endless Battle Clause: Forcing endless battles is banned\n|rule|HP Percentage Mod: HP is shown in percentages\n|clearpoke\n|poke|p1|Falinks|\n|poke|p1|Darkrai|\n|poke|p1|Calyrex-Ice|\n|poke|p1|Annihilape, F|\n|poke|p1|Magearna|\n|poke|p1|Moltres|\n|poke|p2|Palafin, F|\n|poke|p2|Slowking-Galar, F|\n|poke|p2|Greninja-*, M|\n|poke|p2|Moltres|\n|poke|p2|Weezing-Galar, M|\n|poke|p2|Zoroark-Hisui, M|\n|teampreview\n|c|\u2606Pickedman|glhf\n|c|\u2606Dragon Master Rosa|glhf\n|\n|t:|1699685471\n|start\n|switch|p1a: Annihilape|Annihilape, F|100\/100\n|switch|p2a: Palafin|Palafin, F|100\/100\n|turn|1\n|\n|t:|1699685477\n|move|p2a: Palafin|Poltergeist|p1a: Annihilape\n|-activate|p1a: Annihilape|move: Poltergeist|Leftovers\n|-supereffective|p1a: Annihilape\n|-damage|p1a: Annihilape|11\/100\n|move|p1a: Annihilape|Stealth Rock|p2a: Palafin\n|-sidestart|p2: Dragon Master Rosa|move: Stealth Rock\n|\n|-heal|p1a: Annihilape|17\/100|[from] item: Leftovers\n|upkeep\n|turn|2\n|\n|t:|1699685485\n|move|p2a: Palafin|Poltergeist|p1a: Annihilape\n|-activate|p1a: Annihilape|move: Poltergeist|Leftovers\n|-supereffective|p1a: Annihilape\n|-crit|p1a: Annihilape\n|-damage|p1a: Annihilape|0 fnt\n|faint|p1a: Annihilape\n|\n|upkeep\n|\n|t:|1699685494\n|switch|p1a: Darkrai|Darkrai|100\/100\n|turn|3\n|\n|t:|1699685500\n|switch|p1a: Magearna|Magearna|100\/100\n|switch|p2a: Weezing|Weezing-Galar, M|100\/100\n|-damage|p2a: Weezing|88\/100|[from] Stealth Rock\n|\n|-heal|p2a: Weezing|94\/100|[from] item: Leftovers\n|upkeep\n|turn|4\n|\n|t:|1699685506\n|-terastallize|p1a: Magearna|Electric\n|move|p1a: Magearna|Tera Blast|p2a: Weezing|[anim] Tera Blast Electric\n|-damage|p2a: Weezing|61\/100\n|move|p2a: Weezing|Defog|p1a: Magearna\n|-unboost|p1a: Magearna|evasion|1\n|-sideend|p2: Dragon Master Rosa|Stealth Rock|[from] move: Defog|[of] p2a: Weezing\n|\n|-heal|p2a: Weezing|67\/100|[from] item: Leftovers\n|upkeep\n|turn|5\n|\n|t:|1699685512\n|switch|p1a: Moltres|Moltres|100\/100\n|move|p2a: Weezing|Strange Steam|p1a: Moltres\n|-resisted|p1a: Moltres\n|-damage|p1a: Moltres|91\/100\n|\n|-heal|p2a: Weezing|73\/100|[from] item: Leftovers\n|upkeep\n|turn|6\n|\n|t:|1699685518\n|switch|p2a: Palafin|Palafin, F|100\/100\n|move|p1a: Moltres|Will-O-Wisp|p2a: Palafin\n|-status|p2a: Palafin|brn\n|\n|-damage|p2a: Palafin|94\/100 brn|[from] brn\n|upkeep\n|turn|7\n|\n|t:|1699685526\n|detailschange|p2a: Palafin|Palafin-Hero, F\n|switch|p2a: Moltres|Moltres|100\/100\n|move|p1a: Moltres|U-turn|p2a: Moltres\n|-resisted|p2a: Moltres\n|-damage|p2a: Moltres|98\/100\n|\n|t:|1699685530\n|switch|p1a: Magearna|Magearna, tera:Electric|100\/100|[from] U-turn\n|\n|upkeep\n|turn|8\n|\n|t:|1699685539\n|switch|p2a: Weezing|Weezing-Galar, M|73\/100\n|move|p1a: Magearna|Tera Blast|p2a: Weezing|[anim] Tera Blast Electric\n|-damage|p2a: Weezing|38\/100\n|\n|-heal|p2a: Weezing|44\/100|[from] item: Leftovers\n|upkeep\n|turn|9\n|\n|t:|1699685546\n|switch|p1a: Darkrai|Darkrai|100\/100\n|move|p2a: Weezing|Pain Split|p1a: Darkrai\n|-sethp|p1a: Darkrai|76\/100|[from] move: Pain Split|[silent]\n|-sethp|p2a: Weezing|64\/100|[from] move: Pain Split\n|\n|-heal|p1a: Darkrai|82\/100|[from] item: Leftovers\n|-heal|p2a: Weezing|70\/100|[from] item: Leftovers\n|upkeep\n|turn|10\n|\n|t:|1699685552\n|switch|p1a: Moltres|Moltres|91\/100\n|move|p2a: Weezing|Strange Steam|p1a: Moltres\n|-resisted|p1a: Moltres\n|-damage|p1a: Moltres|81\/100\n|-start|p1a: Moltres|confusion\n|\n|-heal|p2a: Weezing|76\/100|[from] item: Leftovers\n|upkeep\n|turn|11\n|\n|t:|1699685557\n|switch|p2a: Palafin|Palafin-Hero, F|94\/100 brn\n|-activate|p2a: Palafin|ability: Zero to Hero\n|-activate|p1a: Moltres|confusion\n|move|p1a: Moltres|Will-O-Wisp|p2a: Palafin\n|-fail|p2a: Palafin|brn\n|\n|-damage|p2a: Palafin|88\/100 brn|[from] brn\n|upkeep\n|turn|12\n|\n|t:|1699685562\n|switch|p1a: Calyrex|Calyrex-Ice|100\/100\n|-ability|p1a: Calyrex|As One\n|-ability|p1a: Calyrex|Unnerve\n|move|p2a: Palafin|Surf|p1a: Calyrex\n|-damage|p1a: Calyrex|57\/100\n|\n|-heal|p1a: Calyrex|64\/100|[from] item: Leftovers\n|-damage|p2a: Palafin|82\/100 brn|[from] brn\n|upkeep\n|turn|13\n|\n|t:|1699685574\n|move|p2a: Palafin|Surf|p1a: Calyrex\n|-damage|p1a: Calyrex|21\/100\n|move|p1a: Calyrex|Calm Mind|p1a: Calyrex\n|-boost|p1a: Calyrex|spa|1\n|-boost|p1a: Calyrex|spd|1\n|\n|-heal|p1a: Calyrex|27\/100|[from] item: Leftovers\n|-damage|p2a: Palafin|76\/100 brn|[from] brn\n|upkeep\n|turn|14\n|\n|t:|1699685579\n|move|p2a: Palafin|Surf|p1a: Calyrex\n|-damage|p1a: Calyrex|1\/100\n|move|p1a: Calyrex|Draining Kiss|p2a: Palafin\n|-damage|p2a: Palafin|52\/100 brn\n|-heal|p1a: Calyrex|17\/100|[from] drain|[of] p2a: Palafin\n|\n|-heal|p1a: Calyrex|23\/100|[from] item: Leftovers\n|-damage|p2a: Palafin|46\/100 brn|[from] brn\n|upkeep\n|turn|15\n|c|\u2606Pickedman|skill\n|\n|t:|1699685588\n|move|p2a: Palafin|Surf|p1a: Calyrex\n|-damage|p1a: Calyrex|0 fnt\n|faint|p1a: Calyrex\n|\n|-damage|p2a: Palafin|40\/100 brn|[from] brn\n|upkeep\n|\n|t:|1699685632\n|switch|p1a: Darkrai|Darkrai|82\/100\n|turn|16\n|\n|t:|1699685638\n|switch|p2a: Weezing|Weezing-Galar, M|76\/100\n|move|p1a: Darkrai|Swords Dance|p1a: Darkrai\n|-boost|p1a: Darkrai|atk|2\n|\n|-heal|p1a: Darkrai|88\/100|[from] item: Leftovers\n|-heal|p2a: Weezing|82\/100|[from] item: Leftovers\n|upkeep\n|turn|17\n|\n|t:|1699685649\n|move|p1a: Darkrai|Knock Off|p2a: Weezing\n|-resisted|p2a: Weezing\n|-damage|p2a: Weezing|56\/100\n|-enditem|p2a: Weezing|Leftovers|[from] move: Knock Off|[of] p1a: Darkrai\n|move|p2a: Weezing|Haze|p2a: Weezing\n|-clearallboost\n|\n|-heal|p1a: Darkrai|94\/100|[from] item: Leftovers\n|upkeep\n|turn|18\n|\n|t:|1699685656\n|switch|p1a: Moltres|Moltres|81\/100\n|move|p2a: Weezing|Strange Steam|p1a: Moltres|[miss]\n|-miss|p2a: Weezing|p1a: Moltres\n|\n|upkeep\n|turn|19\n|\n|t:|1699685663\n|switch|p2a: Moltres|Moltres|98\/100\n|move|p1a: Moltres|U-turn|p2a: Moltres\n|-resisted|p2a: Moltres\n|-damage|p2a: Moltres|95\/100\n|\n|t:|1699685667\n|switch|p1a: Magearna|Magearna, tera:Electric|100\/100|[from] U-turn\n|\n|upkeep\n|turn|20\n|\n|t:|1699685681\n|move|p2a: Moltres|U-turn|p1a: Magearna\n|-damage|p1a: Magearna|87\/100\n|\n|t:|1699685684\n|switch|p2a: Weezing|Weezing-Galar, M|56\/100|[from] U-turn\n|move|p1a: Magearna|Tera Blast|p2a: Weezing|[anim] Tera Blast Electric\n|-damage|p2a: Weezing|22\/100\n|\n|upkeep\n|turn|21\n|\n|t:|1699685689\n|move|p1a: Magearna|Tera Blast|p2a: Weezing|[anim] Tera Blast Electric\n|-damage|p2a: Weezing|0 fnt\n|faint|p2a: Weezing\n|-ability|p1a: Magearna|Soul-Heart|boost\n|-boost|p1a: Magearna|spa|1\n|\n|upkeep\n|\n|t:|1699685712\n|switch|p2a: Greninja|Greninja, M|100\/100\n|turn|22\n|\n|t:|1699685716\n|move|p2a: Greninja|Liquidation|p1a: Magearna\n|-start|p2a: Greninja|typechange|Water|[from] ability: Protean\n|-damage|p1a: Magearna|45\/100\n|-unboost|p1a: Magearna|def|1\n|move|p1a: Magearna|Tera Blast|p2a: Greninja|[anim] Tera Blast Electric\n|-supereffective|p2a: Greninja\n|-damage|p2a: Greninja|0 fnt\n|faint|p2a: Greninja\n|-ability|p1a: Magearna|Soul-Heart|boost\n|-boost|p1a: Magearna|spa|1\n|\n|upkeep\n|\n|t:|1699685728\n|switch|p2a: Palafin|Palafin-Hero, F|40\/100 brn\n|turn|23\n|\n|t:|1699685764\n|switch|p1a: Moltres|Moltres|81\/100\n|move|p2a: Palafin|Surf|p1a: Moltres\n|-supereffective|p1a: Moltres\n|-damage|p1a: Moltres|0 fnt\n|faint|p1a: Moltres\n|\n|-damage|p2a: Palafin|33\/100 brn|[from] brn\n|upkeep\n|\n|t:|1699685770\n|switch|p1a: Falinks|Falinks|100\/100\n|turn|24\n|\n|t:|1699685779\n|move|p2a: Palafin|Surf|p1a: Falinks\n|-damage|p1a: Falinks|5\/100\n|move|p1a: Falinks|Focus Blast|p2a: Palafin\n|-damage|p2a: Palafin|0 fnt\n|faint|p2a: Palafin\n|\n|upkeep\n|\n|t:|1699685786\n|switch|p2a: Moltres|Moltres|100\/100\n|turn|25\n|\n|t:|1699685794\n|move|p2a: Moltres|Crunch|p1a: Falinks\n|-resisted|p1a: Falinks\n|-damage|p1a: Falinks|0 fnt\n|faint|p1a: Falinks\n|\n|upkeep\n|\n|t:|1699685797\n|switch|p1a: Darkrai|Darkrai|94\/100\n|turn|26\n|\n|t:|1699685804\n|switch|p2a: Moltres|Moltres|95\/100\n|move|p1a: Darkrai|Swords Dance|p1a: Darkrai\n|-boost|p1a: Darkrai|atk|2\n|\n|-heal|p1a: Darkrai|100\/100|[from] item: Leftovers\n|upkeep\n|turn|27\n|\n|t:|1699685808\n|move|p1a: Darkrai|Knock Off|p2a: Moltres\n|-damage|p2a: Moltres|37\/100\n|-enditem|p2a: Moltres|Heavy-Duty Boots|[from] move: Knock Off|[of] p1a: Darkrai\n|move|p2a: Moltres|U-turn|p1a: Darkrai\n|-supereffective|p1a: Darkrai\n|-damage|p1a: Darkrai|60\/100\n|\n|t:|1699685815\n|switch|p2a: Slowking|Slowking-Galar, F|100\/100|[from] U-turn\n|\n|-heal|p1a: Darkrai|66\/100|[from] item: Leftovers\n|upkeep\n|turn|28\n|\n|t:|1699685832\n|switch|p2a: Moltres|Moltres|37\/100\n|move|p1a: Darkrai|Knock Off|p2a: Moltres\n|-damage|p2a: Moltres|0 fnt\n|faint|p2a: Moltres\n|\n|-heal|p1a: Darkrai|72\/100|[from] item: Leftovers\n|upkeep\n|\n|t:|1699685833\n|switch|p2a: Slowking|Slowking-Galar, F|100\/100\n|turn|29\n|\n|t:|1699685840\n|-terastallize|p2a: Slowking|Fairy\n|move|p1a: Darkrai|Knock Off|p2a: Slowking\n|-resisted|p2a: Slowking\n|-damage|p2a: Slowking|15\/100\n|replace|p2a: Zoroark|Zoroark-Hisui, M\n|-end|p2a: Zoroark|Illusion\n|-enditem|p2a: Zoroark|Heavy-Duty Boots|[from] move: Knock Off|[of] p1a: Darkrai\n|move|p2a: Zoroark|Brick Break|p1a: Darkrai\n|-supereffective|p1a: Darkrai\n|-damage|p1a: Darkrai|11\/100\n|\n|-heal|p1a: Darkrai|17\/100|[from] item: Leftovers\n|upkeep\n|turn|30\n|c|\u2606Pickedman|ggwp\n|c|\u2606Dragon Master Rosa|damn\n|c|\u2606Dragon Master Rosa|ggs\n|\n|t:|1699685849\n|move|p1a: Darkrai|Poison Jab|p2a: Zoroark\n|-supereffective|p2a: Zoroark\n|-damage|p2a: Zoroark|0 fnt\n|faint|p2a: Zoroark\n|\n|-heal|p1a: Darkrai|23\/100|[from] item: Leftovers\n|upkeep\n|\n|t:|1699685852\n|switch|p2a: Slowking|Slowking-Galar, F|100\/100\n|turn|31\n|\n|t:|1699685856\n|move|p1a: Darkrai|Knock Off|p2a: Slowking\n|-supereffective|p2a: Slowking\n|-damage|p2a: Slowking|0 fnt\n|-enditem|p2a: Slowking|Leftovers|[from] move: Knock Off|[of] p1a: Darkrai\n|faint|p2a: Slowking\n|\n|win|Pickedman\n","uploadtime":1699685860,"views":14,"p1id":"pickedman","p2id":"dragonmasterrosa","formatid":"gen9ubers","rating":0,"private":0,"password":""}