{"id":"gen9ubers-1976057618","p1":"Nitro524","p2":"Windflowerplains","format":"[Gen 9] Ubers","log":"|j|\u2606Nitro524\n|j|\u2606Windflowerplains\n|t:|1698260083\n|gametype|singles\n|player|p1|Nitro524|hilbert-wonderlauncher|\n|player|p2|Windflowerplains|caitlin-masters|\n|teamsize|p1|6\n|teamsize|p2|6\n|gen|9\n|tier|[Gen 9] Ubers\n|rule|Sleep Clause Mod: Limit one foe put to sleep\n|rule|Species Clause: Limit one of each Pok\u00e9mon\n|rule|OHKO Clause: OHKO moves are banned\n|rule|Evasion Items Clause: Evasion items are banned\n|rule|Evasion Moves Clause: Evasion moves are banned\n|rule|Endless Battle Clause: Forcing endless battles is banned\n|rule|HP Percentage Mod: HP is shown in percentages\n|clearpoke\n|poke|p1|Torkoal, M|\n|poke|p1|Chi-Yu|\n|poke|p1|Cyclizar, M|\n|poke|p1|Volcarona, M|\n|poke|p1|Roaring Moon|\n|poke|p1|Walking Wake|\n|poke|p2|Zacian-*|\n|poke|p2|Arceus-Poison|\n|poke|p2|Dialga|\n|poke|p2|Palkia-Origin|\n|poke|p2|Magearna|\n|poke|p2|Giratina|\n|teampreview\n|\n|t:|1698260100\n|start\n|switch|p1a: Torkoal|Torkoal, M|100\/100\n|switch|p2a: Palkia|Palkia-Origin|100\/100\n|-ability|p2a: Palkia|Pressure\n|-weather|SunnyDay|[from] ability: Drought|[of] p1a: Torkoal\n|turn|1\n|\n|t:|1698260129\n|switch|p1a: Roaring Moon|Roaring Moon|100\/100\n|-activate|p1a: Roaring Moon|ability: Protosynthesis\n|-start|p1a: Roaring Moon|protosynthesisspe\n|move|p2a: Palkia|Substitute|p2a: Palkia\n|-start|p2a: Palkia|Substitute\n|-damage|p2a: Palkia|76\/100\n|\n|-weather|SunnyDay|[upkeep]\n|upkeep\n|turn|2\n|\n|t:|1698260167\n|-terastallize|p1a: Roaring Moon|Steel\n|move|p1a: Roaring Moon|Earthquake|p2a: Palkia\n|-end|p2a: Palkia|Substitute\n|move|p2a: Palkia|Draco Meteor|p1a: Roaring Moon\n|-resisted|p1a: Roaring Moon\n|-damage|p1a: Roaring Moon|56\/100\n|-unboost|p2a: Palkia|spa|2\n|\n|-weather|SunnyDay|[upkeep]\n|upkeep\n|turn|3\n|\n|t:|1698260185\n|move|p1a: Roaring Moon|Dragon Dance|p1a: Roaring Moon\n|-boost|p1a: Roaring Moon|atk|1\n|-boost|p1a: Roaring Moon|spe|1\n|move|p2a: Palkia|Fire Blast|p1a: Roaring Moon\n|-supereffective|p1a: Roaring Moon\n|-damage|p1a: Roaring Moon|0 fnt\n|faint|p1a: Roaring Moon\n|-end|p1a: Roaring Moon|Protosynthesis|[silent]\n|\n|-weather|SunnyDay|[upkeep]\n|upkeep\n|\n|t:|1698260201\n|switch|p1a: Walking Wake|Walking Wake|100\/100\n|-activate|p1a: Walking Wake|ability: Protosynthesis\n|-start|p1a: Walking Wake|protosynthesisspe\n|turn|4\n|\n|t:|1698260214\n|-terastallize|p2a: Palkia|Fairy\n|move|p1a: Walking Wake|Draco Meteor|p2a: Palkia\n|-immune|p2a: Palkia\n|move|p2a: Palkia|Draco Meteor|p1a: Walking Wake\n|-supereffective|p1a: Walking Wake\n|-damage|p1a: Walking Wake|0 fnt\n|-unboost|p2a: Palkia|spa|2\n|faint|p1a: Walking Wake\n|-end|p1a: Walking Wake|Protosynthesis|[silent]\n|\n|-weather|SunnyDay|[upkeep]\n|upkeep\n|\n|t:|1698260225\n|switch|p1a: Chi-Yu|Chi-Yu|100\/100\n|-ability|p1a: Chi-Yu|Beads of Ruin\n|turn|5\n|\n|t:|1698260245\n|switch|p2a: Arceus|Arceus-Poison|100\/100\n|move|p1a: Chi-Yu|Flamethrower|p2a: Arceus\n|-damage|p2a: Arceus|34\/100\n|\n|-weather|SunnyDay|[upkeep]\n|upkeep\n|turn|6\n|\n|t:|1698260254\n|move|p1a: Chi-Yu|Flamethrower|p2a: Arceus\n|-damage|p2a: Arceus|0 fnt\n|faint|p2a: Arceus\n|\n|-weather|SunnyDay|[upkeep]\n|upkeep\n|\n|t:|1698260270\n|switch|p2a: Zacian|Zacian|100\/100\n|-ability|p2a: Zacian|Intrepid Sword|boost\n|-boost|p2a: Zacian|atk|1\n|turn|7\n|\n|t:|1698260287\n|move|p1a: Chi-Yu|Flamethrower|p2a: Zacian\n|-damage|p2a: Zacian|0 fnt\n|faint|p2a: Zacian\n|\n|-weather|SunnyDay|[upkeep]\n|upkeep\n|\n|t:|1698260295\n|switch|p2a: Giratina|Giratina|100\/100\n|-ability|p2a: Giratina|Pressure\n|turn|8\n|c|\u2606Windflowerplains|oh no its scarf\n|\n|t:|1698260328\n|switch|p1a: Volcarona|Volcarona, M|100\/100\n|move|p2a: Giratina|Hex|p1a: Volcarona\n|-damage|p1a: Volcarona|65\/100\n|\n|-weather|none\n|upkeep\n|turn|9\n|c|\u2606Windflowerplains|i'm in trouble\n|\n|t:|1698260341\n|switch|p2a: Magearna|Magearna|100\/100\n|move|p1a: Volcarona|Quiver Dance|p1a: Volcarona\n|-boost|p1a: Volcarona|spa|1\n|-boost|p1a: Volcarona|spd|1\n|-boost|p1a: Volcarona|spe|1\n|\n|upkeep\n|turn|10\n|\n|t:|1698260370\n|move|p1a: Volcarona|Flamethrower|p2a: Magearna\n|-supereffective|p2a: Magearna\n|-damage|p2a: Magearna|15\/100\n|move|p2a: Magearna|Thunder Wave|p1a: Volcarona\n|-status|p1a: Volcarona|par\n|\n|-heal|p2a: Magearna|21\/100|[from] item: Leftovers\n|upkeep\n|turn|11\n|\n|t:|1698260387\n|move|p1a: Volcarona|Flamethrower|p2a: Magearna\n|-supereffective|p2a: Magearna\n|-damage|p2a: Magearna|0 fnt\n|faint|p2a: Magearna\n|\n|upkeep\n|\n|t:|1698260399\n|switch|p2a: Palkia|Palkia-Origin, tera:Fairy|76\/100\n|-ability|p2a: Palkia|Pressure\n|turn|12\n|\n|t:|1698260411\n|move|p2a: Palkia|Hydro Pump|p1a: Volcarona\n|-supereffective|p1a: Volcarona\n|-damage|p1a: Volcarona|0 fnt\n|faint|p1a: Volcarona\n|\n|upkeep\n|\n|t:|1698260421\n|switch|p1a: Cyclizar|Cyclizar, M|100\/100\n|turn|13\n|\n|t:|1698260429\n|move|p1a: Cyclizar|Shed Tail|p1a: Cyclizar\n|-start|p1a: Cyclizar|Substitute|[from] move: Shed Tail\n|-damage|p1a: Cyclizar|50\/100\n|\n|t:|1698260437\n|switch|p1a: Chi-Yu|Chi-Yu|100\/100|[from] Shed Tail\n|-ability|p1a: Chi-Yu|Beads of Ruin\n|move|p2a: Palkia|Substitute|p2a: Palkia\n|-start|p2a: Palkia|Substitute\n|-damage|p2a: Palkia|51\/100\n|\n|upkeep\n|turn|14\n|\n|t:|1698260483\n|move|p1a: Chi-Yu|Flamethrower|p2a: Palkia\n|-end|p2a: Palkia|Substitute\n|move|p2a: Palkia|Draco Meteor|p1a: Chi-Yu\n|-end|p1a: Chi-Yu|Substitute\n|-unboost|p2a: Palkia|spa|2\n|\n|upkeep\n|turn|15\n|\n|t:|1698260491\n|switch|p2a: Giratina|Giratina|100\/100\n|-ability|p2a: Giratina|Pressure\n|move|p1a: Chi-Yu|Flamethrower|p2a: Giratina\n|-resisted|p2a: Giratina\n|-damage|p2a: Giratina|81\/100\n|\n|upkeep\n|turn|16\n|\n|t:|1698260507\n|switch|p1a: Torkoal|Torkoal, M|100\/100\n|-weather|SunnyDay|[from] ability: Drought|[of] p1a: Torkoal\n|move|p2a: Giratina|Will-O-Wisp|p1a: Torkoal\n|-immune|p1a: Torkoal\n|\n|-weather|SunnyDay|[upkeep]\n|upkeep\n|turn|17\n|\n|t:|1698260520\n|move|p2a: Giratina|Hex|p1a: Torkoal\n|-damage|p1a: Torkoal|61\/100\n|move|p1a: Torkoal|Yawn|p2a: Giratina\n|-start|p2a: Giratina|move: Yawn|[of] p1a: Torkoal\n|\n|-weather|SunnyDay|[upkeep]\n|upkeep\n|turn|18\n|\n|t:|1698260530\n|switch|p1a: Cyclizar|Cyclizar, M|84\/100\n|move|p2a: Giratina|Hex|p1a: Cyclizar\n|-immune|p1a: Cyclizar\n|\n|-weather|SunnyDay|[upkeep]\n|-end|p2a: Giratina|move: Yawn|[silent]\n|-status|p2a: Giratina|slp\n|upkeep\n|turn|19\n|\n|t:|1698260538\n|switch|p2a: Dialga|Dialga|100\/100\n|-ability|p2a: Dialga|Pressure\n|move|p1a: Cyclizar|Shed Tail|p1a: Cyclizar\n|-start|p1a: Cyclizar|Substitute|[from] move: Shed Tail\n|-damage|p1a: Cyclizar|34\/100\n|\n|t:|1698260543\n|switch|p1a: Chi-Yu|Chi-Yu|100\/100|[from] Shed Tail\n|-ability|p1a: Chi-Yu|Beads of Ruin\n|\n|-weather|SunnyDay|[upkeep]\n|upkeep\n|turn|20\n|\n|t:|1698260554\n|move|p1a: Chi-Yu|Overheat|p2a: Dialga\n|-damage|p2a: Dialga|0 fnt\n|-unboost|p1a: Chi-Yu|spa|2\n|faint|p2a: Dialga\n|\n|-weather|SunnyDay|[upkeep]\n|upkeep\n|\n|t:|1698260567\n|switch|p2a: Giratina|Giratina|81\/100 slp\n|-ability|p2a: Giratina|Pressure\n|turn|21\n|\n|t:|1698260577\n|switch|p1a: Cyclizar|Cyclizar, M|67\/100\n|cant|p2a: Giratina|slp\n|\n|-weather|SunnyDay|[upkeep]\n|upkeep\n|turn|22\n|\n|t:|1698260619\n|switch|p1a: Chi-Yu|Chi-Yu|100\/100\n|-ability|p1a: Chi-Yu|Beads of Ruin\n|switch|p2a: Palkia|Palkia-Origin, tera:Fairy|51\/100\n|-ability|p2a: Palkia|Pressure\n|\n|-weather|SunnyDay|[upkeep]\n|upkeep\n|turn|23\n|\n|t:|1698260642\n|switch|p2a: Giratina|Giratina|81\/100 slp\n|-ability|p2a: Giratina|Pressure\n|move|p1a: Chi-Yu|Flamethrower|p2a: Giratina\n|-resisted|p2a: Giratina\n|-damage|p2a: Giratina|50\/100 slp\n|\n|-weather|none\n|upkeep\n|turn|24\n|\n|t:|1698260651\n|switch|p1a: Torkoal|Torkoal, M|61\/100\n|-weather|SunnyDay|[from] ability: Drought|[of] p1a: Torkoal\n|switch|p2a: Palkia|Palkia-Origin, tera:Fairy|51\/100\n|-ability|p2a: Palkia|Pressure\n|\n|-weather|SunnyDay|[upkeep]\n|upkeep\n|turn|25\n|\n|t:|1698260663\n|move|p2a: Palkia|Substitute|p2a: Palkia\n|-start|p2a: Palkia|Substitute\n|-damage|p2a: Palkia|26\/100\n|move|p1a: Torkoal|Overheat|p2a: Palkia\n|-end|p2a: Palkia|Substitute\n|-unboost|p1a: Torkoal|spa|2\n|\n|-weather|SunnyDay|[upkeep]\n|upkeep\n|turn|26\n|\n|t:|1698260670\n|move|p2a: Palkia|Substitute|p2a: Palkia\n|-start|p2a: Palkia|Substitute\n|-damage|p2a: Palkia|1\/100\n|move|p1a: Torkoal|Overheat|p2a: Palkia\n|-end|p2a: Palkia|Substitute\n|-unboost|p1a: Torkoal|spa|2\n|\n|-weather|SunnyDay|[upkeep]\n|upkeep\n|turn|27\n|c|\u2606Windflowerplains|that\n|c|\u2606Windflowerplains|that wasn't supposed to break sub =P\n|\n|t:|1698260697\n|move|p2a: Palkia|Hydro Pump|p1a: Torkoal|[miss]\n|-miss|p2a: Palkia|p1a: Torkoal\n|move|p1a: Torkoal|Rapid Spin|p2a: Palkia\n|-damage|p2a: Palkia|0 fnt\n|-boost|p1a: Torkoal|spe|1\n|faint|p2a: Palkia\n|\n|-weather|SunnyDay|[upkeep]\n|upkeep\n|c|\u2606Nitro524|fire babey\n|\n|t:|1698260720\n|switch|p2a: Giratina|Giratina|50\/100 slp\n|-ability|p2a: Giratina|Pressure\n|turn|28\n|\n|t:|1698260728\n|switch|p1a: Chi-Yu|Chi-Yu|100\/100\n|-ability|p1a: Chi-Yu|Beads of Ruin\n|cant|p2a: Giratina|slp\n|\n|-weather|SunnyDay|[upkeep]\n|upkeep\n|turn|29\n|c|\u2606Nitro524|gg\n|c|\u2606Windflowerplains|gg\n|\n|t:|1698260739\n|move|p1a: Chi-Yu|Dark Pulse|p2a: Giratina\n|-supereffective|p2a: Giratina\n|-damage|p2a: Giratina|0 fnt\n|faint|p2a: Giratina\n|\n|win|Nitro524\n|c|\u2606Nitro524|well played\n","uploadtime":1698260747,"views":13,"p1id":"nitro524","p2id":"windflowerplains","formatid":"gen9ubers","rating":0,"private":0,"password":""}