{"id":"gen9ubers-1983641119","p1":"Squirshawott","p2":"KickinAsh","format":"[Gen 9] Ubers","log":"|j|\u2606Squirshawott\n|j|\u2606KickinAsh\n|t:|1699152813\n|gametype|singles\n|player|p1|Squirshawott|hilbert-wonderlauncher|\n|player|p2|KickinAsh|battlegirl-gen4|\n|teamsize|p1|6\n|teamsize|p2|6\n|gen|9\n|tier|[Gen 9] Ubers\n|rule|Sleep Clause Mod: Limit one foe put to sleep\n|rule|Species Clause: Limit one of each Pok\u00e9mon\n|rule|OHKO Clause: OHKO moves are banned\n|rule|Evasion Items Clause: Evasion items are banned\n|rule|Evasion Moves Clause: Evasion moves are banned\n|rule|Endless Battle Clause: Forcing endless battles is banned\n|rule|HP Percentage Mod: HP is shown in percentages\n|clearpoke\n|poke|p1|Tinkaton, F|\n|poke|p1|Talonflame, M|\n|poke|p1|Pelipper, M|\n|poke|p1|Raichu, M|\n|poke|p1|Oricorio-Pom-Pom, F|\n|poke|p1|Landorus-Therian, M|\n|poke|p2|Kilowattrel, F|\n|poke|p2|Kleavor, M|\n|poke|p2|Slowking-Galar, F|\n|poke|p2|Annihilape, F|\n|poke|p2|Iron Treads|\n|poke|p2|Froslass, F|\n|teampreview\n|j| BLACK METAL 3\n|j| Astyr.Pygos\n|j| slugmaaa\n|j| RomaingDia\n|\n|t:|1699152976\n|start\n|switch|p1a: Talonflame|Talonflame, M|100\/100\n|switch|p2a: Shock|Kilowattrel, F|100\/100\n|turn|1\n|\n|t:|1699153005\n|move|p1a: Talonflame|U-turn|p2a: Shock\n|-resisted|p2a: Shock\n|-damage|p2a: Shock|87\/100\n|\n|t:|1699153009\n|switch|p1a: Raichu|Raichu, M|100\/100|[from] U-turn\n|move|p2a: Shock|Thunderbolt|p1a: Raichu\n|-ability|p1a: Raichu|Lightning Rod|boost\n|-boost|p1a: Raichu|spa|1\n|\n|upkeep\n|turn|2\n|j| Sol CPU\n|\n|t:|1699153072\n|switch|p2a: GoodYear|Iron Treads|100\/100\n|move|p1a: Raichu|Surf|p2a: GoodYear\n|-supereffective|p2a: GoodYear\n|-damage|p2a: GoodYear|32\/100\n|\n|upkeep\n|turn|3\n|\n|t:|1699153103\n|-end|p2a: GoodYear|Quark Drive|[silent]\n|switch|p2a: Axehands|Kleavor, M|100\/100\n|move|p1a: Raichu|Surf|p2a: Axehands\n|-supereffective|p2a: Axehands\n|-damage|p2a: Axehands|2\/100\n|\n|upkeep\n|turn|4\n|\n|t:|1699153111\n|move|p2a: Axehands|U-turn|p1a: Raichu\n|-damage|p1a: Raichu|27\/100\n|\n|t:|1699153129\n|switch|p2a: GoodYear|Iron Treads|32\/100|[from] U-turn\n|move|p1a: Raichu|Surf|p2a: GoodYear\n|-supereffective|p2a: GoodYear\n|-damage|p2a: GoodYear|0 fnt\n|faint|p2a: GoodYear\n|-end|p2a: GoodYear|Quark Drive|[silent]\n|\n|upkeep\n|j| Pkpowers310\n|l| Pkpowers310\n|\n|t:|1699153162\n|switch|p2a: Triclops|Slowking-Galar, F|100\/100\n|turn|5\n|\n|t:|1699153242\n|switch|p1a: Landorus|Landorus-Therian, M|100\/100\n|-ability|p1a: Landorus|Intimidate|boost\n|-unboost|p2a: Triclops|atk|1\n|move|p2a: Triclops|Flamethrower|p1a: Landorus\n|-damage|p1a: Landorus|62\/100\n|\n|upkeep\n|turn|6\n|\n|t:|1699153251\n|move|p1a: Landorus|Earthquake|p2a: Triclops\n|-supereffective|p2a: Triclops\n|-damage|p2a: Triclops|0 fnt\n|faint|p2a: Triclops\n|\n|upkeep\n|\n|t:|1699153343\n|switch|p2a: Shock|Kilowattrel, F|87\/100\n|turn|7\n|j| Pkpowers310\n|\n|t:|1699153395\n|switch|p1a: Tinkaton|Tinkaton, F|100\/100\n|move|p2a: Shock|Hurricane|p1a: Tinkaton|[miss]\n|-miss|p2a: Shock|p1a: Tinkaton\n|\n|upkeep\n|turn|8\n|\n|t:|1699153444\n|move|p2a: Shock|Volt Switch|p1a: Tinkaton\n|-damage|p1a: Tinkaton|80\/100\n|\n|t:|1699153462\n|switch|p2a: Monke|Annihilape, F|100\/100|[from] Volt Switch\n|move|p1a: Tinkaton|Stealth Rock|p2a: Monke\n|-sidestart|p2: KickinAsh|move: Stealth Rock\n|\n|-heal|p1a: Tinkaton|86\/100|[from] item: Leftovers\n|upkeep\n|turn|9\n|l| Pkpowers310\n|\n|t:|1699153508\n|switch|p1a: Talonflame|Talonflame, M|100\/100\n|move|p2a: Monke|Fire Punch|p1a: Talonflame\n|-resisted|p1a: Talonflame\n|-damage|p1a: Talonflame|85\/100\n|-damage|p2a: Monke|84\/100|[from] item: Rocky Helmet|[of] p1a: Talonflame\n|-status|p2a: Monke|brn|[from] ability: Flame Body|[of] p1a: Talonflame\n|\n|-heal|p2a: Monke|90\/100 brn|[from] item: Leftovers\n|-damage|p2a: Monke|84\/100 brn|[from] brn\n|upkeep\n|turn|10\n|\n|t:|1699153601\n|switch|p2a: Shock|Kilowattrel, F|87\/100\n|move|p1a: Talonflame|Brave Bird|p2a: Shock\n|-resisted|p2a: Shock\n|-damage|p2a: Shock|54\/100\n|-damage|p1a: Talonflame|76\/100|[from] Recoil\n|\n|upkeep\n|turn|11\n|\n|t:|1699153639\n|move|p1a: Talonflame|U-turn|p2a: Shock\n|-resisted|p2a: Shock\n|-damage|p2a: Shock|42\/100\n|\n|t:|1699153654\n|switch|p1a: Raichu|Raichu, M|27\/100|[from] U-turn\n|move|p2a: Shock|Volt Switch|p1a: Raichu\n|-ability|p1a: Raichu|Lightning Rod|boost\n|-boost|p1a: Raichu|spa|1\n|\n|upkeep\n|turn|12\n|\n|t:|1699153667\n|move|p2a: Shock|Roost|p2a: Shock\n|-heal|p2a: Shock|93\/100\n|-singleturn|p2a: Shock|move: Roost\n|move|p1a: Raichu|Surf|p2a: Shock\n|-damage|p2a: Shock|35\/100\n|\n|upkeep\n|turn|13\n|\n|t:|1699153682\n|move|p2a: Shock|Volt Switch|p1a: Raichu\n|-ability|p1a: Raichu|Lightning Rod|boost\n|-boost|p1a: Raichu|spa|1\n|move|p1a: Raichu|Surf|p2a: Shock\n|-damage|p2a: Shock|0 fnt\n|faint|p2a: Shock\n|\n|upkeep\n|\n|t:|1699153729\n|switch|p2a: Monke|Annihilape, F|84\/100 brn\n|-damage|p2a: Monke|78\/100 brn|[from] Stealth Rock\n|turn|14\n|j| Pkpowers310\n|l| Pkpowers310\n|\n|t:|1699153763\n|move|p1a: Raichu|Thunder|p2a: Monke|[miss]\n|-miss|p1a: Raichu|p2a: Monke\n|move|p2a: Monke|Drain Punch|p1a: Raichu\n|-damage|p1a: Raichu|0 fnt\n|-heal|p2a: Monke|88\/100 brn|[from] drain|[of] p1a: Raichu\n|faint|p1a: Raichu\n|\n|-heal|p2a: Monke|94\/100 brn|[from] item: Leftovers\n|-damage|p2a: Monke|88\/100 brn|[from] brn\n|upkeep\n|\n|t:|1699153790\n|switch|p1a: Talonflame|Talonflame, M|76\/100\n|turn|15\n|\n|t:|1699153855\n|move|p1a: Talonflame|Brave Bird|p2a: Monke\n|-supereffective|p2a: Monke\n|-damage|p2a: Monke|12\/100 brn\n|-damage|p1a: Talonflame|51\/100|[from] Recoil\n|move|p2a: Monke|Rage Fist|p1a: Talonflame\n|-damage|p1a: Talonflame|18\/100\n|-damage|p2a: Monke|0 fnt|[from] item: Rocky Helmet|[of] p1a: Talonflame\n|faint|p2a: Monke\n|\n|upkeep\n|\n|t:|1699153865\n|switch|p2a: FrosMORE|Froslass, F|100\/100\n|-damage|p2a: FrosMORE|76\/100|[from] Stealth Rock\n|turn|16\n|\n|t:|1699153881\n|move|p1a: Talonflame|Brave Bird|p2a: FrosMORE\n|-damage|p2a: FrosMORE|13\/100\n|-damage|p1a: Talonflame|2\/100|[from] item: Rocky Helmet|[of] p2a: FrosMORE\n|-start|p1a: Talonflame|Disable|Brave Bird|[from] ability: Cursed Body|[of] p2a: FrosMORE\n|-damage|p1a: Talonflame|0 fnt|[from] Recoil\n|faint|p1a: Talonflame\n|move|p2a: FrosMORE|Shadow Ball|p1: Talonflame|[notarget]\n|-fail|p2a: FrosMORE\n|\n|upkeep\n|\n|t:|1699153890\n|switch|p1a: Tinkaton|Tinkaton, F|86\/100\n|turn|17\n|\n|t:|1699153913\n|move|p2a: FrosMORE|Shadow Ball|p1a: Tinkaton\n|-damage|p1a: Tinkaton|68\/100\n|move|p1a: Tinkaton|Gigaton Hammer|p2a: FrosMORE\n|-supereffective|p2a: FrosMORE\n|-damage|p2a: FrosMORE|0 fnt\n|faint|p2a: FrosMORE\n|\n|-heal|p1a: Tinkaton|74\/100|[from] item: Leftovers\n|upkeep\n|\n|t:|1699153929\n|switch|p2a: Axehands|Kleavor, M|2\/100\n|-damage|p2a: Axehands|0 fnt|[from] Stealth Rock\n|faint|p2a: Axehands\n|\n|win|Squirshawott\n","uploadtime":1699153937,"views":9,"p1id":"squirshawott","p2id":"kickinash","formatid":"gen9ubers","rating":0,"private":0,"password":""}