{"id":"gen9ubers-1995578029","p1":"Lanbos eternity","p2":"BippyTheChippy","format":"[Gen 9] Ubers","log":"|j|\u2606Lanbos eternity\n|j|\u2606BippyTheChippy\n|t:|1700584460\n|gametype|singles\n|player|p1|Lanbos eternity|265|1106\n|player|p2|BippyTheChippy|n|1200\n|teamsize|p1|6\n|teamsize|p2|6\n|gen|9\n|tier|[Gen 9] Ubers\n|rated|\n|rule|Sleep Clause Mod: Limit one foe put to sleep\n|rule|Species Clause: Limit one of each Pok\u00e9mon\n|rule|OHKO Clause: OHKO moves are banned\n|rule|Evasion Items Clause: Evasion items are banned\n|rule|Evasion Moves Clause: Evasion moves are banned\n|rule|Endless Battle Clause: Forcing endless battles is banned\n|rule|HP Percentage Mod: HP is shown in percentages\n|clearpoke\n|poke|p1|Chi-Yu|\n|poke|p1|Miraidon|\n|poke|p1|Arceus|\n|poke|p1|Iron Treads|\n|poke|p1|Koraidon|\n|poke|p1|Eternatus|\n|poke|p2|Koraidon|\n|poke|p2|Skeledirge, M|\n|poke|p2|Groudon|\n|poke|p2|Flutter Mane|\n|poke|p2|Great Tusk|\n|poke|p2|Ogerpon-Hearthflame, F|\n|teampreview\n|inactive|Battle timer is ON: inactive players will automatically lose when time's up. (requested by Lanbos eternity)\n|c|\u2606BippyTheChippy|glhf\n|n|\u2606Lanbos eternity|lanboseternity\n|c|\u2606Lanbos eternity|You too!\n|inactive|Lanbos eternity has 120 seconds left.\n|\n|t:|1700584496\n|start\n|switch|p1a: Banana|Miraidon|100\/100\n|switch|p2a: Groudon|Groudon|100\/100\n|-fieldstart|move: Electric Terrain|[from] ability: Hadron Engine|[of] p1a: Banana\n|-weather|SunnyDay|[from] ability: Drought|[of] p2a: Groudon\n|turn|1\n|\n|t:|1700584508\n|move|p1a: Banana|Overheat|p2a: Groudon\n|-damage|p2a: Groudon|15\/100\n|-unboost|p1a: Banana|spa|2\n|move|p2a: Groudon|Earthquake|p1a: Banana\n|-supereffective|p1a: Banana\n|-damage|p1a: Banana|3\/100\n|\n|-weather|SunnyDay|[upkeep]\n|upkeep\n|turn|2\n|\n|t:|1700584514\n|move|p1a: Banana|Overheat|p2a: Groudon\n|-damage|p2a: Groudon|0 fnt\n|-unboost|p1a: Banana|spa|2\n|faint|p2a: Groudon\n|\n|-weather|SunnyDay|[upkeep]\n|upkeep\n|\n|t:|1700584521\n|switch|p2a: Flutter Mane|Flutter Mane|100\/100\n|-activate|p2a: Flutter Mane|ability: Protosynthesis\n|-start|p2a: Flutter Mane|protosynthesisspe\n|turn|3\n|\n|t:|1700584530\n|switch|p1a: Moon|Eternatus|100\/100\n|-ability|p1a: Moon|Pressure\n|move|p2a: Flutter Mane|Mystical Fire|p1a: Moon\n|-resisted|p1a: Moon\n|-damage|p1a: Moon|84\/100\n|-unboost|p1a: Moon|spa|1\n|-damage|p2a: Flutter Mane|91\/100|[from] item: Life Orb\n|\n|-weather|SunnyDay|[upkeep]\n|-heal|p1a: Moon|90\/100|[from] item: Black Sludge\n|upkeep\n|turn|4\n|\n|t:|1700584540\n|move|p2a: Flutter Mane|Moonblast|p1a: Moon\n|-damage|p1a: Moon|42\/100\n|-unboost|p1a: Moon|spa|1\n|-damage|p2a: Flutter Mane|81\/100|[from] item: Life Orb\n|move|p1a: Moon|Flamethrower|p2a: Flutter Mane\n|-damage|p2a: Flutter Mane|56\/100\n|\n|-weather|SunnyDay|[upkeep]\n|-heal|p1a: Moon|49\/100|[from] item: Black Sludge\n|upkeep\n|turn|5\n|\n|t:|1700584550\n|move|p2a: Flutter Mane|Moonblast|p1a: Moon\n|-damage|p1a: Moon|2\/100\n|-unboost|p1a: Moon|spa|1\n|-damage|p2a: Flutter Mane|46\/100|[from] item: Life Orb\n|move|p1a: Moon|Recover|p1a: Moon\n|-heal|p1a: Moon|52\/100\n|\n|-weather|SunnyDay|[upkeep]\n|-heal|p1a: Moon|58\/100|[from] item: Black Sludge\n|-fieldend|move: Electric Terrain\n|upkeep\n|turn|6\n|\n|t:|1700584559\n|move|p2a: Flutter Mane|Moonblast|p1a: Moon\n|-damage|p1a: Moon|14\/100\n|-unboost|p1a: Moon|spa|1\n|-damage|p2a: Flutter Mane|36\/100|[from] item: Life Orb\n|move|p1a: Moon|Recover|p1a: Moon\n|-heal|p1a: Moon|64\/100\n|\n|-weather|SunnyDay|[upkeep]\n|-heal|p1a: Moon|70\/100|[from] item: Black Sludge\n|upkeep\n|turn|7\n|\n|t:|1700584564\n|move|p2a: Flutter Mane|Moonblast|p1a: Moon\n|-damage|p1a: Moon|22\/100\n|-damage|p2a: Flutter Mane|26\/100|[from] item: Life Orb\n|move|p1a: Moon|Recover|p1a: Moon\n|-heal|p1a: Moon|72\/100\n|\n|-weather|SunnyDay|[upkeep]\n|-heal|p1a: Moon|78\/100|[from] item: Black Sludge\n|upkeep\n|turn|8\n|\n|t:|1700584572\n|move|p2a: Flutter Mane|Shadow Ball|p1a: Moon\n|-damage|p1a: Moon|38\/100\n|-damage|p2a: Flutter Mane|16\/100|[from] item: Life Orb\n|move|p1a: Moon|Recover|p1a: Moon\n|-heal|p1a: Moon|88\/100\n|\n|-weather|none\n|-end|p2a: Flutter Mane|Protosynthesis\n|-heal|p1a: Moon|95\/100|[from] item: Black Sludge\n|upkeep\n|turn|9\n|\n|t:|1700584579\n|move|p2a: Flutter Mane|Shadow Ball|p1a: Moon\n|-damage|p1a: Moon|55\/100\n|-damage|p2a: Flutter Mane|6\/100|[from] item: Life Orb\n|move|p1a: Moon|Recover|p1a: Moon\n|-heal|p1a: Moon|100\/100\n|\n|upkeep\n|turn|10\n|\n|t:|1700584585\n|move|p2a: Flutter Mane|Shadow Ball|p1a: Moon\n|-damage|p1a: Moon|63\/100\n|-damage|p2a: Flutter Mane|0 fnt|[from] item: Life Orb\n|faint|p2a: Flutter Mane\n|-end|p2a: Flutter Mane|Protosynthesis|[silent]\n|move|p1a: Moon|Recover|p1a: Moon\n|-heal|p1a: Moon|100\/100\n|\n|upkeep\n|\n|t:|1700584592\n|switch|p2a: Great Tusk|Great Tusk|100\/100\n|turn|11\n|\n|t:|1700584598\n|switch|p1a: Bike|Koraidon|100\/100\n|-weather|SunnyDay|[from] ability: Orichalcum Pulse|[of] p1a: Bike\n|-activate|p2a: Great Tusk|ability: Protosynthesis\n|-start|p2a: Great Tusk|protosynthesisatk\n|-activate|p1a: Bike|Orichalcum Pulse|[source]\n|move|p2a: Great Tusk|Headlong Rush|p1a: Bike\n|-damage|p1a: Bike|23\/100\n|-unboost|p2a: Great Tusk|def|1\n|-unboost|p2a: Great Tusk|spd|1\n|\n|-weather|SunnyDay|[upkeep]\n|-heal|p1a: Bike|29\/100|[from] item: Leftovers\n|upkeep\n|turn|12\n|\n|t:|1700584608\n|move|p1a: Bike|Close Combat|p2a: Great Tusk\n|-damage|p2a: Great Tusk|7\/100\n|-unboost|p1a: Bike|def|1\n|-unboost|p1a: Bike|spd|1\n|move|p2a: Great Tusk|Headlong Rush|p1a: Bike\n|-damage|p1a: Bike|0 fnt\n|-unboost|p2a: Great Tusk|def|1\n|-unboost|p2a: Great Tusk|spd|1\n|faint|p1a: Bike\n|\n|-weather|SunnyDay|[upkeep]\n|upkeep\n|\n|t:|1700584617\n|switch|p1a: Not dinner|Chi-Yu|100\/100\n|-ability|p1a: Not dinner|Beads of Ruin\n|turn|13\n|\n|t:|1700584620\n|move|p1a: Not dinner|Dark Pulse|p2a: Great Tusk\n|-resisted|p2a: Great Tusk\n|-damage|p2a: Great Tusk|0 fnt\n|faint|p2a: Great Tusk\n|-end|p2a: Great Tusk|Protosynthesis|[silent]\n|\n|-weather|SunnyDay|[upkeep]\n|upkeep\n|\n|t:|1700584625\n|switch|p2a: Koraidon|Koraidon|100\/100\n|-activate|p2a: Koraidon|ability: Orichalcum Pulse\n|turn|14\n|\n|t:|1700584630\n|switch|p1a: Moon|Eternatus|100\/100\n|-ability|p1a: Moon|Pressure\n|move|p2a: Koraidon|Scale Shot|p1a: Moon\n|-supereffective|p1a: Moon\n|-crit|p1a: Moon\n|-damage|p1a: Moon|63\/100\n|-supereffective|p1a: Moon\n|-damage|p1a: Moon|34\/100\n|-hitcount|p1a: Moon|2\n|-unboost|p2a: Koraidon|def|1\n|-boost|p2a: Koraidon|spe|1\n|-enditem|p2a: Koraidon|White Herb\n|-clearnegativeboost|p2a: Koraidon|[silent]\n|\n|-weather|SunnyDay|[upkeep]\n|-heal|p1a: Moon|40\/100|[from] item: Black Sludge\n|upkeep\n|turn|15\n|\n|t:|1700584642\n|-terastallize|p2a: Koraidon|Steel\n|move|p2a: Koraidon|Scale Shot|p1a: Moon\n|-supereffective|p1a: Moon\n|-damage|p1a: Moon|13\/100\n|-supereffective|p1a: Moon\n|-damage|p1a: Moon|0 fnt\n|faint|p1a: Moon\n|-hitcount|p1: Moon|2\n|-unboost|p2a: Koraidon|def|1\n|-boost|p2a: Koraidon|spe|1\n|\n|-weather|none\n|upkeep\n|\n|t:|1700584648\n|switch|p1a: Not dinner|Chi-Yu|100\/100\n|-ability|p1a: Not dinner|Beads of Ruin\n|turn|16\n|\n|t:|1700584655\n|move|p2a: Koraidon|Collision Course|p1a: Not dinner\n|-supereffective|p1a: Not dinner\n|-damage|p1a: Not dinner|0 fnt\n|faint|p1a: Not dinner\n|\n|upkeep\n|\n|t:|1700584673\n|switch|p1a: I\u2019m sleeping|Iron Treads|100\/100\n|-enditem|p1a: I\u2019m sleeping|Booster Energy\n|-activate|p1a: I\u2019m sleeping|ability: Quark Drive|[fromitem]\n|-start|p1a: I\u2019m sleeping|quarkdrivespe\n|turn|17\n|\n|t:|1700584679\n|-terastallize|p1a: I\u2019m sleeping|Water\n|move|p2a: Koraidon|Collision Course|p1a: I\u2019m sleeping\n|-crit|p1a: I\u2019m sleeping\n|-damage|p1a: I\u2019m sleeping|27\/100\n|move|p1a: I\u2019m sleeping|Earthquake|p2a: Koraidon\n|-supereffective|p2a: Koraidon\n|-damage|p2a: Koraidon|0 fnt\n|faint|p2a: Koraidon\n|\n|upkeep\n|\n|t:|1700584685\n|switch|p2a: Ponyo|Ogerpon-Hearthflame, F|100\/100\n|-ability|p2a: Ponyo|Mold Breaker\n|turn|18\n|\n|t:|1700584694\n|move|p1a: I\u2019m sleeping|Earthquake|p2a: Ponyo\n|-damage|p2a: Ponyo|42\/100\n|move|p2a: Ponyo|Wood Hammer|p1a: I\u2019m sleeping\n|-supereffective|p1a: I\u2019m sleeping\n|-damage|p1a: I\u2019m sleeping|0 fnt\n|faint|p1a: I\u2019m sleeping\n|-end|p1a: I\u2019m sleeping|Quark Drive|[silent]\n|-damage|p2a: Ponyo|33\/100|[from] Recoil\n|\n|upkeep\n|\n|t:|1700584699\n|switch|p1a: lamb|Arceus, shiny|100\/100\n|turn|19\n|\n|t:|1700584706\n|move|p1a: lamb|Extreme Speed|p2a: Ponyo\n|-damage|p2a: Ponyo|0 fnt\n|faint|p2a: Ponyo\n|\n|upkeep\n|\n|t:|1700584709\n|switch|p2a: Skeledirge|Skeledirge, M|100\/100\n|turn|20\n|\n|t:|1700584713\n|move|p1a: lamb|Shadow Claw|p2a: Skeledirge\n|-supereffective|p2a: Skeledirge\n|-damage|p2a: Skeledirge|60\/100\n|move|p2a: Skeledirge|Torch Song|p1a: lamb\n|-damage|p1a: lamb|78\/100\n|-boost|p2a: Skeledirge|spa|1\n|\n|-heal|p2a: Skeledirge|66\/100|[from] item: Leftovers\n|upkeep\n|turn|21\n|\n|t:|1700584719\n|move|p1a: lamb|Shadow Claw|p2a: Skeledirge\n|-supereffective|p2a: Skeledirge\n|-crit|p2a: Skeledirge\n|-damage|p2a: Skeledirge|0 fnt\n|faint|p2a: Skeledirge\n|\n|win|Lanbos eternity\n|raw|Lanbos eternity's rating: 1106 &rarr; <strong>1138<\/strong><br \/>(+32 for winning)\n|raw|BippyTheChippy's rating: 1200 &rarr; <strong>1168<\/strong><br \/>(-32 for losing)\n|c|\u2606BippyTheChippy|gg\n|l|\u2606BippyTheChippy\n","uploadtime":1700584729,"views":1,"p1id":"lanboseternity","p2id":"bippythechippy","formatid":"gen9ubers","rating":1138,"private":0,"password":""}