{"id":"gen9ubers-1968094983","p1":"ilikeeatingcrayons","p2":"PTKmoekyuun","format":"[Gen 9] Ubers","log":"|j|\u2606ilikeeatingcrayons\n|j|\u2606PTKmoekyuun\n|t:|1697383773\n|gametype|singles\n|player|p1|ilikeeatingcrayons|youngster-gen4dp|\n|player|p2|PTKmoekyuun|1|\n|teamsize|p1|6\n|teamsize|p2|6\n|gen|9\n|tier|[Gen 9] Ubers\n|rule|Sleep Clause Mod: Limit one foe put to sleep\n|rule|Species Clause: Limit one of each Pok\u00e9mon\n|rule|OHKO Clause: OHKO moves are banned\n|rule|Evasion Items Clause: Evasion items are banned\n|rule|Evasion Moves Clause: Evasion moves are banned\n|rule|Endless Battle Clause: Forcing endless battles is banned\n|rule|HP Percentage Mod: HP is shown in percentages\n|clearpoke\n|poke|p1|Palafin, M|\n|poke|p1|Landorus, M|\n|poke|p1|Shaymin-Sky|\n|poke|p1|Magearna|\n|poke|p1|Arceus-Fire|\n|poke|p1|Zacian-*|\n|poke|p2|Ursaluna-Bloodmoon, M|\n|poke|p2|Slowking, M|\n|poke|p2|Arceus-Dark|\n|poke|p2|Conkeldurr, M|\n|poke|p2|Gholdengo|\n|poke|p2|Giratina|\n|teampreview\n|inactive|Battle timer is ON: inactive players will automatically lose when time's up. (requested by ilikeeatingcrayons)\n|c|\u2606ilikeeatingcrayons|Glhf\n|inactive|PTKmoekyuun has 270 seconds left.\n|\n|t:|1697383815\n|start\n|switch|p1a: Palafin|Palafin, M|100\/100\n|switch|p2a: Arceus|Arceus-Dark|100\/100\n|turn|1\n|\n|t:|1697383828\n|detailschange|p1a: Palafin|Palafin-Hero, M\n|switch|p1a: Magearna|Magearna|100\/100\n|move|p2a: Arceus|Stealth Rock|p1a: Magearna\n|-sidestart|p1: ilikeeatingcrayons|move: Stealth Rock\n|\n|upkeep\n|turn|2\n|\n|t:|1697383840\n|switch|p2a: Slowking|Slowking, M|100\/100\n|move|p1a: Magearna|Spikes|p2a: Slowking\n|-sidestart|p2: PTKmoekyuun|Spikes\n|\n|upkeep\n|turn|3\n|\n|t:|1697383846\n|move|p1a: Magearna|Volt Switch|p2a: Slowking\n|-supereffective|p2a: Slowking\n|-damage|p2a: Slowking|75\/100\n|\n|t:|1697383848\n|switch|p1a: Shaymin|Shaymin-Sky|100\/100|[from] Volt Switch\n|-damage|p1a: Shaymin|76\/100|[from] Stealth Rock\n|move|p2a: Slowking|Thunder Wave|p1a: Shaymin\n|-status|p1a: Shaymin|par\n|\n|upkeep\n|turn|4\n|\n|t:|1697383855\n|switch|p2a: Gholdengo|Gholdengo|100\/100\n|-damage|p2a: Gholdengo|88\/100|[from] Spikes\n|move|p1a: Shaymin|Seed Flare|p2a: Gholdengo\n|-resisted|p2a: Gholdengo\n|-damage|p2a: Gholdengo|49\/100\n|-damage|p1a: Shaymin|66\/100 par|[from] item: Life Orb\n|\n|upkeep\n|turn|5\n|\n|t:|1697383860\n|move|p2a: Gholdengo|Recover|p2a: Gholdengo\n|-heal|p2a: Gholdengo|99\/100\n|move|p1a: Shaymin|Earth Power|p2a: Gholdengo\n|-supereffective|p2a: Gholdengo\n|-damage|p2a: Gholdengo|30\/100\n|-damage|p1a: Shaymin|56\/100 par|[from] item: Life Orb\n|\n|upkeep\n|turn|6\n|\n|t:|1697383886\n|move|p2a: Gholdengo|Hex|p1a: Shaymin\n|-damage|p1a: Shaymin|0 fnt\n|faint|p1a: Shaymin\n|\n|upkeep\n|\n|t:|1697383892\n|switch|p1a: Landorus|Landorus, M|100\/100\n|-damage|p1a: Landorus|88\/100|[from] Stealth Rock\n|turn|7\n|\n|t:|1697383896\n|switch|p2a: Slowking|Slowking, M|100\/100\n|move|p1a: Landorus|Earth Power|p2a: Slowking\n|-damage|p2a: Slowking|66\/100\n|\n|upkeep\n|turn|8\n|\n|t:|1697383903\n|switch|p1a: Magearna|Magearna|100\/100\n|-damage|p1a: Magearna|94\/100|[from] Stealth Rock\n|-terastallize|p2a: Slowking|Water\n|move|p2a: Slowking|Scald|p1a: Magearna\n|-damage|p1a: Magearna|71\/100\n|\n|-heal|p1a: Magearna|77\/100|[from] item: Leftovers\n|upkeep\n|turn|9\n|\n|t:|1697383911\n|move|p1a: Magearna|Spikes|p2a: Slowking\n|-sidestart|p2: PTKmoekyuun|Spikes\n|move|p2a: Slowking|Thunder Wave|p1a: Magearna\n|-status|p1a: Magearna|par\n|\n|-heal|p1a: Magearna|83\/100 par|[from] item: Leftovers\n|upkeep\n|turn|10\n|\n|t:|1697383913\n|move|p2a: Slowking|Chilly Reception|p2a: Slowking\n|-weather|Snow\n|c|\u2606PTKmoekyuun|woops\n|c|\u2606PTKmoekyuun|i forgot the speed ivs\n|\n|t:|1697383938\n|switch|p2a: Gholdengo|Gholdengo|30\/100|[from] Chilly Reception\n|-damage|p2a: Gholdengo|13\/100|[from] Spikes\n|move|p1a: Magearna|Volt Switch|p2a: Gholdengo\n|-damage|p2a: Gholdengo|0 fnt\n|faint|p2a: Gholdengo\n|-ability|p1a: Magearna|Soul-Heart|boost\n|-boost|p1a: Magearna|spa|1\n|\n|t:|1697383949\n|switch|p1a: Landorus|Landorus, M|88\/100|[from] Volt Switch\n|-damage|p1a: Landorus|76\/100|[from] Stealth Rock\n|\n|-weather|Snow|[upkeep]\n|upkeep\n|c|\u2606ilikeeatingcrayons|Happens to the best of us\n|\n|t:|1697383960\n|switch|p2a: Slowking|Slowking, M, tera:Water|99\/100\n|turn|11\n|\n|t:|1697383967\n|move|p1a: Landorus|U-turn|p2a: Slowking\n|-damage|p2a: Slowking|80\/100\n|\n|t:|1697383969\n|switch|p1a: Magearna|Magearna|83\/100 par|[from] U-turn\n|-damage|p1a: Magearna|77\/100 par|[from] Stealth Rock\n|move|p2a: Slowking|Chilly Reception|p2a: Slowking\n|\n|t:|1697383972\n|switch|p2a: Conkeldurr|Conkeldurr, M|100\/100|[from] Chilly Reception\n|-damage|p2a: Conkeldurr|84\/100|[from] Spikes\n|\n|-weather|Snow|[upkeep]\n|-heal|p1a: Magearna|83\/100 par|[from] item: Leftovers\n|-status|p2a: Conkeldurr|brn|[from] item: Flame Orb\n|upkeep\n|turn|12\n|\n|t:|1697383976\n|move|p2a: Conkeldurr|Close Combat|p1a: Magearna\n|-damage|p1a: Magearna|7\/100 par\n|-unboost|p2a: Conkeldurr|def|1\n|-unboost|p2a: Conkeldurr|spd|1\n|move|p1a: Magearna|Volt Switch|p2a: Conkeldurr\n|-damage|p2a: Conkeldurr|43\/100 brn\n|\n|t:|1697383995\n|switch|p1a: Zacian|Zacian|100\/100|[from] Volt Switch\n|-ability|p1a: Zacian|Intrepid Sword|boost\n|-boost|p1a: Zacian|atk|1\n|\n|-weather|Snow|[upkeep]\n|-damage|p2a: Conkeldurr|37\/100 brn|[from] brn\n|upkeep\n|turn|13\n|\n|t:|1697384009\n|switch|p2a: Giratina|Giratina|100\/100\n|-damage|p2a: Giratina|84\/100|[from] Spikes\n|-ability|p2a: Giratina|Pressure\n|move|p1a: Zacian|Swords Dance|p1a: Zacian\n|-boost|p1a: Zacian|atk|2\n|\n|-weather|Snow|[upkeep]\n|-heal|p2a: Giratina|90\/100|[from] item: Leftovers\n|upkeep\n|turn|14\n|\n|t:|1697384018\n|move|p1a: Zacian|Play Rough|p2a: Giratina\n|-supereffective|p2a: Giratina\n|-damage|p2a: Giratina|0 fnt\n|faint|p2a: Giratina\n|\n|-weather|none\n|upkeep\n|\n|t:|1697384024\n|switch|p2a: Slowking|Slowking, M, tera:Water|100\/100\n|turn|15\n|\n|t:|1697384028\n|move|p1a: Zacian|Play Rough|p2a: Slowking\n|-damage|p2a: Slowking|0 fnt\n|faint|p2a: Slowking\n|\n|upkeep\n|\n|t:|1697384031\n|switch|p2a: Conkeldurr|Conkeldurr, M|37\/100 brn\n|-damage|p2a: Conkeldurr|21\/100 brn|[from] Spikes\n|turn|16\n|\n|t:|1697384035\n|move|p2a: Conkeldurr|Mach Punch|p1a: Zacian\n|-resisted|p1a: Zacian\n|-damage|p1a: Zacian|84\/100\n|move|p1a: Zacian|Play Rough|p2a: Conkeldurr\n|-supereffective|p2a: Conkeldurr\n|-damage|p2a: Conkeldurr|0 fnt\n|faint|p2a: Conkeldurr\n|\n|upkeep\n|\n|t:|1697384037\n|switch|p2a: Ursaluna|Ursaluna-Bloodmoon, M|100\/100\n|-damage|p2a: Ursaluna|84\/100|[from] Spikes\n|turn|17\n|\n|t:|1697384039\n|move|p1a: Zacian|Close Combat|p2a: Ursaluna\n|-supereffective|p2a: Ursaluna\n|-damage|p2a: Ursaluna|0 fnt\n|-unboost|p1a: Zacian|def|1\n|-unboost|p1a: Zacian|spd|1\n|faint|p2a: Ursaluna\n|\n|upkeep\n|c|\u2606PTKmoekyuun|gg\n|\n|t:|1697384043\n|switch|p2a: Arceus|Arceus-Dark|100\/100\n|-damage|p2a: Arceus|84\/100|[from] Spikes\n|turn|18\n|\n|t:|1697384045\n|move|p1a: Zacian|Close Combat|p2a: Arceus\n|-supereffective|p2a: Arceus\n|-damage|p2a: Arceus|0 fnt\n|-unboost|p1a: Zacian|def|1\n|-unboost|p1a: Zacian|spd|1\n|faint|p2a: Arceus\n|\n|win|ilikeeatingcrayons\n","uploadtime":1697384050,"views":27,"p1id":"ilikeeatingcrayons","p2id":"ptkmoekyuun","formatid":"gen9ubers","rating":0,"private":0,"password":""}