{"id":"gen9ubers-1983310431","p1":"Suzart","p2":"MUIGESUS","format":"[Gen 9] Ubers","log":"|j|\u2606Suzart\n|j|\u2606MUIGESUS\n|t:|1699116825\n|gametype|singles\n|player|p1|Suzart|1|1007\n|player|p2|MUIGESUS|lance|1074\n|teamsize|p1|6\n|teamsize|p2|6\n|gen|9\n|tier|[Gen 9] Ubers\n|rated|\n|rule|Sleep Clause Mod: Limit one foe put to sleep\n|rule|Species Clause: Limit one of each Pok\u00e9mon\n|rule|OHKO Clause: OHKO moves are banned\n|rule|Evasion Items Clause: Evasion items are banned\n|rule|Evasion Moves Clause: Evasion moves are banned\n|rule|Endless Battle Clause: Forcing endless battles is banned\n|rule|HP Percentage Mod: HP is shown in percentages\n|clearpoke\n|poke|p1|Breloom, M|\n|poke|p1|Mewtwo|\n|poke|p1|Rayquaza|\n|poke|p1|Spectrier|\n|poke|p1|Kyogre|\n|poke|p1|Zacian-*|\n|poke|p2|Arceus-Electric|\n|poke|p2|Palafin, M|\n|poke|p2|Iron Bundle|\n|poke|p2|Orthworm, M|\n|poke|p2|Thwackey, M|\n|poke|p2|Dragonite, M|\n|teampreview\n|inactive|Battle timer is ON: inactive players will automatically lose when time's up. (requested by Suzart)\n|\n|t:|1699116839\n|start\n|switch|p1a: Breloom|Breloom, M, shiny|100\/100\n|switch|p2a: Dragonite|Dragonite, M|100\/100\n|turn|1\n|\n|t:|1699116852\n|switch|p1a: Zacian|Zacian-Crowned, shiny|100\/100\n|-ability|p1a: Zacian|Intrepid Sword|boost\n|-boost|p1a: Zacian|atk|1\n|move|p2a: Dragonite|Extreme Speed|p1a: Zacian\n|-resisted|p1a: Zacian\n|-damage|p1a: Zacian|88\/100\n|\n|upkeep\n|turn|2\n|\n|t:|1699116866\n|move|p1a: Zacian|Play Rough|p2a: Dragonite\n|-supereffective|p2a: Dragonite\n|-damage|p2a: Dragonite|9\/100\n|move|p2a: Dragonite|Earthquake|p1a: Zacian\n|-supereffective|p1a: Zacian\n|-damage|p1a: Zacian|27\/100\n|\n|upkeep\n|turn|3\n|\n|t:|1699116877\n|move|p1a: Zacian|Play Rough|p2a: Dragonite\n|-supereffective|p2a: Dragonite\n|-damage|p2a: Dragonite|0 fnt\n|faint|p2a: Dragonite\n|\n|upkeep\n|\n|t:|1699116891\n|switch|p2a: Palafin|Palafin, M|100\/100\n|turn|4\n|\n|t:|1699116902\n|switch|p1a: Kyogre|Kyogre, shiny|100\/100\n|-weather|RainDance|[from] ability: Drizzle|[of] p1a: Kyogre\n|-terastallize|p2a: Palafin|Water\n|move|p2a: Palafin|Flip Turn|p1a: Kyogre\n|-resisted|p1a: Kyogre\n|-damage|p1a: Kyogre|71\/100\n|\n|t:|1699116912\n|detailschange|p2a: Palafin|Palafin-Hero, M, tera:Water\n|switch|p2a: Thwackey|Thwackey, M|100\/100|[from] Flip Turn\n|-fieldstart|move: Grassy Terrain|[from] ability: Grassy Surge|[of] p2a: Thwackey\n|\n|-weather|RainDance|[upkeep]\n|-heal|p1a: Kyogre|77\/100|[from] Grassy Terrain\n|upkeep\n|turn|5\n|\n|t:|1699116925\n|move|p2a: Thwackey|Wood Hammer|p1a: Kyogre\n|-supereffective|p1a: Kyogre\n|-damage|p1a: Kyogre|0 fnt\n|faint|p1a: Kyogre\n|-damage|p2a: Thwackey|64\/100|[from] Recoil\n|\n|-weather|RainDance|[upkeep]\n|-heal|p2a: Thwackey|70\/100|[from] Grassy Terrain\n|upkeep\n|\n|t:|1699116939\n|switch|p1a: Spectrier|Spectrier|100\/100\n|turn|6\n|\n|t:|1699116949\n|move|p1a: Spectrier|Psychic|p2a: Thwackey\n|-damage|p2a: Thwackey|0 fnt\n|faint|p2a: Thwackey\n|-ability|p1a: Spectrier|Grim Neigh|boost\n|-boost|p1a: Spectrier|spa|1\n|-damage|p1a: Spectrier|91\/100|[from] item: Life Orb\n|\n|-weather|RainDance|[upkeep]\n|-heal|p1a: Spectrier|97\/100|[from] Grassy Terrain\n|upkeep\n|\n|t:|1699116958\n|switch|p2a: Palafin|Palafin-Hero, M, tera:Water|100\/100\n|-activate|p2a: Palafin|ability: Zero to Hero\n|turn|7\n|\n|t:|1699116967\n|move|p2a: Palafin|Jet Punch|p1a: Spectrier\n|-damage|p1a: Spectrier|0 fnt\n|faint|p1a: Spectrier\n|\n|-weather|RainDance|[upkeep]\n|upkeep\n|\n|t:|1699116971\n|switch|p1a: Mewtwo|Mewtwo, shiny|100\/100\n|-ability|p1a: Mewtwo|Pressure\n|turn|8\n|\n|t:|1699116979\n|-terastallize|p1a: Mewtwo|Psychic\n|move|p2a: Palafin|Jet Punch|p1a: Mewtwo\n|-damage|p1a: Mewtwo|0 fnt\n|faint|p1a: Mewtwo\n|\n|-weather|none\n|-fieldend|move: Grassy Terrain\n|upkeep\n|\n|t:|1699116986\n|switch|p1a: Breloom|Breloom, M, shiny|100\/100\n|turn|9\n|\n|t:|1699116990\n|move|p2a: Palafin|Jet Punch|p1a: Breloom\n|-resisted|p1a: Breloom\n|-damage|p1a: Breloom|42\/100\n|-status|p2a: Palafin|slp|[from] ability: Effect Spore|[of] p1a: Breloom\n|move|p1a: Breloom|Seed Bomb|p2a: Palafin\n|-supereffective|p2a: Palafin\n|-damage|p2a: Palafin|0 fnt\n|faint|p2a: Palafin\n|\n|upkeep\n|\n|t:|1699117003\n|switch|p2a: Iron Bundle|Iron Bundle|100\/100\n|turn|10\n|\n|t:|1699117010\n|move|p2a: Iron Bundle|Ice Beam|p1a: Breloom\n|-supereffective|p1a: Breloom\n|-damage|p1a: Breloom|0 fnt\n|faint|p1a: Breloom\n|\n|upkeep\n|\n|t:|1699117013\n|switch|p1a: Zacian|Zacian-Crowned, shiny|27\/100\n|turn|11\n|\n|t:|1699117027\n|move|p1a: Zacian|Close Combat|p2a: Iron Bundle\n|-supereffective|p2a: Iron Bundle\n|-damage|p2a: Iron Bundle|0 fnt\n|-unboost|p1a: Zacian|def|1\n|-unboost|p1a: Zacian|spd|1\n|faint|p2a: Iron Bundle\n|-end|p2a: Iron Bundle|Quark Drive|[silent]\n|\n|upkeep\n|\n|t:|1699117033\n|switch|p2a: Orthworm|Orthworm, M|100\/100\n|turn|12\n|\n|t:|1699117038\n|move|p1a: Zacian|Close Combat|p2a: Orthworm\n|-supereffective|p2a: Orthworm\n|-damage|p2a: Orthworm|45\/100\n|-unboost|p1a: Zacian|def|1\n|-unboost|p1a: Zacian|spd|1\n|-enditem|p2a: Orthworm|Sitrus Berry|[eat]\n|-heal|p2a: Orthworm|69\/100|[from] item: Sitrus Berry\n|move|p2a: Orthworm|Body Press|p1a: Zacian\n|-damage|p1a: Zacian|0 fnt\n|faint|p1a: Zacian\n|\n|upkeep\n|\n|t:|1699117043\n|switch|p1a: Rayquaza|Rayquaza|100\/100\n|-ability|p1a: Rayquaza|Air Lock\n|turn|13\n|\n|t:|1699117058\n|move|p1a: Rayquaza|Earthquake|p2a: Orthworm\n|-heal|p2a: Orthworm|94\/100|[from] ability: Earth Eater|[of] p1a: Rayquaza\n|move|p2a: Orthworm|Iron Head|p1a: Rayquaza\n|-damage|p1a: Rayquaza|77\/100\n|\n|-heal|p1a: Rayquaza|83\/100|[from] item: Leftovers\n|upkeep\n|turn|14\n|\n|t:|1699117072\n|move|p1a: Rayquaza|Dragon Claw|p2a: Orthworm\n|-resisted|p2a: Orthworm\n|-damage|p2a: Orthworm|80\/100\n|move|p2a: Orthworm|Body Press|p1a: Rayquaza\n|-resisted|p1a: Rayquaza\n|-damage|p1a: Rayquaza|68\/100\n|\n|-heal|p1a: Rayquaza|74\/100|[from] item: Leftovers\n|upkeep\n|turn|15\n|\n|t:|1699117084\n|move|p1a: Rayquaza|Extreme Speed|p2a: Orthworm\n|-resisted|p2a: Orthworm\n|-crit|p2a: Orthworm\n|-damage|p2a: Orthworm|67\/100\n|move|p2a: Orthworm|Body Press|p1a: Rayquaza\n|-resisted|p1a: Rayquaza\n|-damage|p1a: Rayquaza|60\/100\n|\n|-heal|p1a: Rayquaza|66\/100|[from] item: Leftovers\n|upkeep\n|turn|16\n|\n|t:|1699117093\n|switch|p2a: Arceus|Arceus-Electric|100\/100\n|move|p1a: Rayquaza|Dragon Ascent|p2a: Arceus\n|-resisted|p2a: Arceus\n|-damage|p2a: Arceus|74\/100\n|-unboost|p1a: Rayquaza|def|1\n|-unboost|p1a: Rayquaza|spd|1\n|\n|-heal|p1a: Rayquaza|72\/100|[from] item: Leftovers\n|upkeep\n|turn|17\n|\n|t:|1699117102\n|move|p2a: Arceus|Judgment|p1a: Rayquaza\n|-damage|p1a: Rayquaza|8\/100\n|move|p1a: Rayquaza|Earthquake|p2a: Arceus\n|-supereffective|p2a: Arceus\n|-damage|p2a: Arceus|15\/100\n|\n|-heal|p1a: Rayquaza|14\/100|[from] item: Leftovers\n|upkeep\n|turn|18\n|\n|t:|1699117108\n|move|p2a: Arceus|Judgment|p1a: Rayquaza\n|-damage|p1a: Rayquaza|0 fnt\n|faint|p1a: Rayquaza\n|\n|win|MUIGESUS\n|raw|Suzart's rating: 1007 &rarr; <strong>1000<\/strong><br \/>(-7 for losing)\n|raw|MUIGESUS's rating: 1074 &rarr; <strong>1097<\/strong><br \/>(+23 for winning)\n|l|\u2606Suzart\n","uploadtime":1699117115,"views":5,"p1id":"suzart","p2id":"muigesus","formatid":"gen9ubers","rating":1000,"private":0,"password":""}