{"id":"gen9ubers-1988116109","p1":"amblob","p2":"angl3r","format":"[Gen 9] Ubers","log":"|j|\u2606amblob\n|j|\u203dangl3r\n|t:|1699671513\n|gametype|singles\n|player|p1|amblob|ash-sinnoh|\n|player|p2|angl3r|iris-gen5bw2|\n|teamsize|p1|6\n|teamsize|p2|6\n|gen|9\n|tier|[Gen 9] Ubers\n|rule|Sleep Clause Mod: Limit one foe put to sleep\n|rule|Species Clause: Limit one of each Pok\u00e9mon\n|rule|OHKO Clause: OHKO moves are banned\n|rule|Evasion Items Clause: Evasion items are banned\n|rule|Evasion Moves Clause: Evasion moves are banned\n|rule|Endless Battle Clause: Forcing endless battles is banned\n|rule|HP Percentage Mod: HP is shown in percentages\n|clearpoke\n|poke|p1|Skeledirge, M|\n|poke|p1|Arceus|\n|poke|p1|Iron Valiant|\n|poke|p1|Alomomola, F|\n|poke|p1|Giratina-Origin|\n|poke|p1|Azumarill, M|\n|poke|p2|Arceus|\n|poke|p2|Giratina-Origin|\n|poke|p2|Rayquaza|\n|poke|p2|Gliscor, F|\n|poke|p2|Basculegion-F, F|\n|poke|p2|Iron Valiant|\n|teampreview\n|\n|t:|1699671571\n|start\n|switch|p1a: Arceus|Arceus|100\/100\n|switch|p2a: Gliscor|Gliscor, F|100\/100\n|turn|1\n|\n|t:|1699671575\n|move|p1a: Arceus|Taunt|p2a: Gliscor\n|-start|p2a: Gliscor|move: Taunt\n|cant|p2a: Gliscor|move: Taunt|Toxic\n|\n|-status|p2a: Gliscor|tox|[from] item: Toxic Orb\n|upkeep\n|turn|2\n|\n|t:|1699671581\n|switch|p2a: Iron Valiant|Iron Valiant|100\/100\n|-enditem|p2a: Iron Valiant|Booster Energy\n|-activate|p2a: Iron Valiant|ability: Quark Drive|[fromitem]\n|-start|p2a: Iron Valiant|quarkdrivespe\n|move|p1a: Arceus|Swords Dance|p1a: Arceus\n|-boost|p1a: Arceus|atk|2\n|\n|upkeep\n|turn|3\n|j| sadgetestteam\n|c| sadgetestteam|Get his ass blob gogo\n|\n|t:|1699671588\n|-terastallize|p2a: Iron Valiant|Ghost\n|move|p2a: Iron Valiant|Focus Blast|p1a: Arceus\n|-supereffective|p1a: Arceus\n|-damage|p1a: Arceus|9\/100\n|move|p1a: Arceus|Earthquake|p2a: Iron Valiant\n|-damage|p2a: Iron Valiant|6\/100\n|\n|upkeep\n|turn|4\n|\n|t:|1699671596\n|switch|p1a: Azumarill|Azumarill, M|100\/100\n|move|p2a: Iron Valiant|Focus Blast|p1a: Azumarill|[miss]\n|-miss|p2a: Iron Valiant|p1a: Azumarill\n|\n|upkeep\n|turn|5\n|\n|t:|1699671602\n|move|p1a: Azumarill|Aqua Jet|p2a: Iron Valiant\n|-damage|p2a: Iron Valiant|0 fnt\n|faint|p2a: Iron Valiant\n|-end|p2a: Iron Valiant|Quark Drive|[silent]\n|\n|upkeep\n|c| sadgetestteam|Focus miiiiisss\n|\n|t:|1699671615\n|switch|p2a: Arceus|Arceus|100\/100\n|turn|6\n|\n|t:|1699671617\n|switch|p1a: Skeledirge|Skeledirge, M|100\/100\n|move|p2a: Arceus|Swords Dance|p2a: Arceus\n|-boost|p2a: Arceus|atk|2\n|\n|upkeep\n|turn|7\n|\n|t:|1699671623\n|switch|p2a: Rayquaza|Rayquaza|100\/100\n|-ability|p2a: Rayquaza|Air Lock\n|move|p1a: Skeledirge|Will-O-Wisp|p2a: Rayquaza\n|-status|p2a: Rayquaza|brn\n|\n|-damage|p2a: Rayquaza|95\/100 brn|[from] brn\n|upkeep\n|turn|8\n|\n|t:|1699671629\n|switch|p1a: Azumarill|Azumarill, M|100\/100\n|move|p2a: Rayquaza|Hydro Pump|p1a: Azumarill\n|-resisted|p1a: Azumarill\n|-damage|p1a: Azumarill|60\/100\n|\n|-damage|p2a: Rayquaza|89\/100 brn|[from] brn\n|upkeep\n|turn|9\n|c| sadgetestteam|He's special\n|c| sadgetestteam|Run\n|\n|t:|1699671635\n|switch|p2a: Giratina|Giratina-Origin|100\/100\n|move|p1a: Azumarill|Play Rough|p2a: Giratina\n|-supereffective|p2a: Giratina\n|-damage|p2a: Giratina|19\/100\n|\n|upkeep\n|turn|10\n|\n|t:|1699671643\n|move|p2a: Giratina|Shadow Sneak|p1a: Azumarill\n|-crit|p1a: Azumarill\n|-damage|p1a: Azumarill|26\/100\n|move|p1a: Azumarill|Play Rough|p2a: Giratina\n|-supereffective|p2a: Giratina\n|-damage|p2a: Giratina|0 fnt\n|faint|p2a: Giratina\n|\n|upkeep\n|\n|t:|1699671653\n|switch|p2a: Gliscor|Gliscor, F|100\/100 tox\n|turn|11\n|\n|t:|1699671660\n|switch|p1a: Giratina|Giratina-Origin|100\/100\n|move|p2a: Gliscor|Toxic Spikes|p1a: Giratina\n|-sidestart|p1: amblob|move: Toxic Spikes\n|\n|upkeep\n|turn|12\n|\n|t:|1699671665\n|-terastallize|p1a: Giratina|Poison\n|move|p2a: Gliscor|Toxic|p1a: Giratina|[miss]\n|-miss|p2a: Gliscor|p1a: Giratina\n|move|p1a: Giratina|Icy Wind|p2a: Gliscor|[miss]\n|-miss|p1a: Giratina|p2a: Gliscor\n|\n|upkeep\n|turn|13\n|\n|t:|1699671678\n|switch|p2a: Arceus|Arceus|100\/100\n|move|p1a: Giratina|Will-O-Wisp|p2a: Arceus\n|-status|p2a: Arceus|brn\n|\n|-damage|p2a: Arceus|94\/100 brn|[from] brn\n|upkeep\n|turn|14\n|c| sadgetestteam|Fs in the chat\n|\n|t:|1699671683\n|switch|p2a: Rayquaza|Rayquaza|89\/100 brn\n|-ability|p2a: Rayquaza|Air Lock\n|switch|p1a: Skeledirge|Skeledirge, M|100\/100\n|\n|-damage|p2a: Rayquaza|83\/100 brn|[from] brn\n|upkeep\n|turn|15\n|c| sadgetestteam|Ooo ooo ooo oo\n|\n|t:|1699671690\n|switch|p1a: Azumarill|Azumarill, M|26\/100\n|-status|p1a: Azumarill|psn\n|move|p2a: Rayquaza|Hydro Pump|p1a: Azumarill\n|-resisted|p1a: Azumarill\n|-damage|p1a: Azumarill|0 fnt\n|faint|p1a: Azumarill\n|\n|-damage|p2a: Rayquaza|77\/100 brn|[from] brn\n|upkeep\n|\n|t:|1699671692\n|switch|p1a: Alomomola|Alomomola, F|100\/100\n|turn|16\n|\n|t:|1699671695\n|switch|p2a: Gliscor|Gliscor, F|100\/100 tox\n|move|p1a: Alomomola|Mirror Coat||[still]\n|-fail|p1a: Alomomola\n|\n|upkeep\n|turn|17\n|\n|t:|1699671701\n|switch|p1a: Giratina|Giratina-Origin, tera:Poison|100\/100\n|move|p2a: Gliscor|Spikes|p1a: Giratina\n|-sidestart|p1: amblob|Spikes\n|\n|upkeep\n|turn|18\n|\n|t:|1699671710\n|switch|p2a: Basculegion|Basculegion-F, F|100\/100\n|move|p1a: Giratina|Hex|p2a: Basculegion\n|-supereffective|p2a: Basculegion\n|-damage|p2a: Basculegion|7\/100\n|\n|upkeep\n|turn|19\n|c| sadgetestteam|Oooooooo\n|\n|t:|1699671720\n|switch|p1a: Arceus|Arceus|9\/100\n|-status|p1a: Arceus|psn\n|-damage|p1a: Arceus|0 fnt|[from] Spikes\n|faint|p1a: Arceus\n|move|p2a: Basculegion|Flip Turn|p1: Arceus|[notarget]\n|-fail|p2a: Basculegion\n|\n|upkeep\n|\n|t:|1699671728\n|switch|p1a: Alomomola|Alomomola, F|100\/100\n|turn|20\n|\n|t:|1699671731\n|move|p2a: Basculegion|Flip Turn|p1a: Alomomola\n|-resisted|p1a: Alomomola\n|-damage|p1a: Alomomola|92\/100\n|\n|t:|1699671734\n|switch|p2a: Rayquaza|Rayquaza|77\/100 brn|[from] Flip Turn\n|-ability|p2a: Rayquaza|Air Lock\n|move|p1a: Alomomola|Scald|p2a: Rayquaza\n|-resisted|p2a: Rayquaza\n|-damage|p2a: Rayquaza|69\/100 brn\n|\n|-damage|p2a: Rayquaza|63\/100 brn|[from] brn\n|upkeep\n|turn|21\n|\n|t:|1699671741\n|move|p1a: Alomomola|Protect|p1a: Alomomola\n|-singleturn|p1a: Alomomola|Protect\n|move|p2a: Rayquaza|Hurricane|p1a: Alomomola\n|-activate|p1a: Alomomola|move: Protect\n|\n|-damage|p2a: Rayquaza|57\/100 brn|[from] brn\n|upkeep\n|turn|22\n|\n|t:|1699671745\n|move|p2a: Rayquaza|Hurricane|p1a: Alomomola|[miss]\n|-miss|p2a: Rayquaza|p1a: Alomomola\n|move|p1a: Alomomola|Mirror Coat||[still]\n|-fail|p1a: Alomomola\n|\n|-damage|p2a: Rayquaza|51\/100 brn|[from] brn\n|upkeep\n|turn|23\n|\n|t:|1699671748\n|move|p2a: Rayquaza|Hurricane|p1a: Alomomola\n|-damage|p1a: Alomomola|0 fnt\n|faint|p1a: Alomomola\n|\n|-damage|p2a: Rayquaza|45\/100 brn|[from] brn\n|upkeep\n|\n|t:|1699671758\n|switch|p1a: Iron Valiant|Iron Valiant|100\/100\n|-status|p1a: Iron Valiant|psn\n|-damage|p1a: Iron Valiant|88\/100 psn|[from] Spikes\n|-enditem|p1a: Iron Valiant|Booster Energy\n|-activate|p1a: Iron Valiant|ability: Quark Drive|[fromitem]\n|-start|p1a: Iron Valiant|quarkdrivespe\n|turn|24\n|\n|t:|1699671761\n|switch|p2a: Arceus|Arceus|94\/100 brn\n|move|p1a: Iron Valiant|Moonblast|p2a: Arceus\n|-damage|p2a: Arceus|64\/100 brn\n|\n|-damage|p1a: Iron Valiant|76\/100 psn|[from] psn\n|-damage|p2a: Arceus|58\/100 brn|[from] brn\n|upkeep\n|turn|25\n|c| sadgetestteam|It's a fking rayquaza bro\n|\n|t:|1699671770\n|-end|p1a: Iron Valiant|Quark Drive|[silent]\n|switch|p1a: Skeledirge|Skeledirge, M|100\/100\n|move|p2a: Arceus|Extreme Speed|p1a: Skeledirge\n|-immune|p1a: Skeledirge\n|\n|-damage|p2a: Arceus|52\/100 brn|[from] brn\n|upkeep\n|turn|26\n|\n|t:|1699671780\n|move|p2a: Arceus|Recover|p2a: Arceus\n|-heal|p2a: Arceus|100\/100 brn\n|move|p1a: Skeledirge|Flare Blitz|p2a: Arceus\n|-damage|p2a: Arceus|81\/100 brn\n|-damage|p1a: Skeledirge|93\/100|[from] Recoil\n|\n|-damage|p2a: Arceus|75\/100 brn|[from] brn\n|upkeep\n|turn|27\n|\n|t:|1699671786\n|move|p2a: Arceus|Earthquake|p1a: Skeledirge\n|-supereffective|p1a: Skeledirge\n|-damage|p1a: Skeledirge|73\/100\n|move|p1a: Skeledirge|Flare Blitz|p2a: Arceus\n|-damage|p2a: Arceus|54\/100 brn\n|-damage|p1a: Skeledirge|66\/100|[from] Recoil\n|\n|-damage|p2a: Arceus|48\/100 brn|[from] brn\n|upkeep\n|turn|28\n|\n|t:|1699671791\n|switch|p2a: Rayquaza|Rayquaza|45\/100 brn\n|-ability|p2a: Rayquaza|Air Lock\n|move|p1a: Skeledirge|Poltergeist|p2a: Rayquaza\n|-activate|p2a: Rayquaza|move: Poltergeist|Choice Specs\n|-damage|p2a: Rayquaza|14\/100 brn\n|\n|-damage|p2a: Rayquaza|8\/100 brn|[from] brn\n|upkeep\n|turn|29\n|\n|t:|1699671802\n|switch|p1a: Giratina|Giratina-Origin, tera:Poison|100\/100\n|move|p2a: Rayquaza|Hydro Pump|p1a: Giratina|[miss]\n|-miss|p2a: Rayquaza|p1a: Giratina\n|\n|-damage|p2a: Rayquaza|2\/100 brn|[from] brn\n|upkeep\n|turn|30\n|c| sadgetestteam|Massive damage\n|\n|t:|1699671813\n|move|p2a: Rayquaza|Hydro Pump|p1a: Giratina\n|-damage|p1a: Giratina|57\/100\n|move|p1a: Giratina|Icy Wind|p2a: Rayquaza\n|-supereffective|p2a: Rayquaza\n|-damage|p2a: Rayquaza|0 fnt\n|faint|p2a: Rayquaza\n|\n|upkeep\n|\n|t:|1699671816\n|switch|p2a: Basculegion|Basculegion-F, F|7\/100\n|turn|31\n|\n|t:|1699671820\n|move|p2a: Basculegion|Last Respects|p1a: Giratina\n|-damage|p1a: Giratina|0 fnt\n|faint|p1a: Giratina\n|\n|upkeep\n|\n|t:|1699671829\n|switch|p1a: Iron Valiant|Iron Valiant|76\/100 psn\n|-damage|p1a: Iron Valiant|63\/100 psn|[from] Spikes\n|turn|32\n|c| sadgetestteam|Gg\n|\n|t:|1699671831\n|move|p2a: Basculegion|Last Respects|p1a: Iron Valiant\n|-damage|p1a: Iron Valiant|0 fnt\n|faint|p1a: Iron Valiant\n|-end|p1a: Iron Valiant|Quark Drive|[silent]\n|\n|upkeep\n|\n|t:|1699671833\n|switch|p1a: Skeledirge|Skeledirge, M|66\/100\n|turn|33\n|\n|t:|1699671836\n|move|p2a: Basculegion|Last Respects|p1a: Skeledirge\n|-supereffective|p1a: Skeledirge\n|-damage|p1a: Skeledirge|0 fnt\n|faint|p1a: Skeledirge\n|\n|win|angl3r\n","uploadtime":1699671841,"views":6,"p1id":"amblob","p2id":"angl3r","formatid":"gen9ubers","rating":0,"private":0,"password":""}