{"id":"gen9ubers-1998958668","p1":"trialteam98","p2":"Rexthethird","format":"[Gen 9] Ubers","log":"|j|\u2606trialteam98\n|j|\u2606Rexthethird\n|t:|1701017818\n|gametype|singles\n|player|p1|trialteam98|lady-gen4|1138\n|player|p2|Rexthethird|unknown|1065\n|teamsize|p1|6\n|teamsize|p2|6\n|gen|9\n|tier|[Gen 9] Ubers\n|rated|\n|rule|Sleep Clause Mod: Limit one foe put to sleep\n|rule|Species Clause: Limit one of each Pok\u00e9mon\n|rule|OHKO Clause: OHKO moves are banned\n|rule|Evasion Items Clause: Evasion items are banned\n|rule|Evasion Moves Clause: Evasion moves are banned\n|rule|Endless Battle Clause: Forcing endless battles is banned\n|rule|HP Percentage Mod: HP is shown in percentages\n|clearpoke\n|poke|p1|Ninetales-Alola, F|\n|poke|p1|Golduck, F|\n|poke|p1|Snorlax, M|\n|poke|p1|Empoleon, F|\n|poke|p1|Delphox, F|\n|poke|p1|Haxorus, M|\n|poke|p2|Mew|\n|poke|p2|Baxcalibur, M|\n|poke|p2|Ninetales-Alola, F|\n|poke|p2|Ogerpon-Hearthflame, F|\n|poke|p2|Manaphy|\n|poke|p2|Gholdengo|\n|teampreview\n|\n|t:|1701017830\n|start\n|switch|p1a: Lilie|Ninetales-Alola, F|100\/100\n|switch|p2a: Mew|Mew|100\/100\n|-weather|Snow|[from] ability: Snow Warning|[of] p1a: Lilie\n|turn|1\n|\n|t:|1701017846\n|move|p1a: Lilie|Aurora Veil|p1a: Lilie\n|-sidestart|p1: trialteam98|move: Aurora Veil\n|move|p2a: Mew|Taunt|p1a: Lilie\n|-start|p1a: Lilie|move: Taunt\n|\n|-weather|Snow|[upkeep]\n|upkeep\n|turn|2\n|\n|t:|1701017864\n|move|p1a: Lilie|Blizzard|p2a: Mew\n|-crit|p2a: Mew\n|-damage|p2a: Mew|51\/100\n|-enditem|p2a: Mew|Red Card|[of] p1a: Lilie\n|drag|p1a: Misty|Golduck, F|100\/100\n|-ability|p1a: Misty|Cloud Nine\n|move|p2a: Mew|Stealth Rock|p1a: Misty\n|-sidestart|p1: trialteam98|move: Stealth Rock\n|\n|-weather|Snow|[upkeep]\n|upkeep\n|turn|3\n|\n|t:|1701017888\n|move|p2a: Mew|Spikes|p1a: Misty\n|-sidestart|p1: trialteam98|Spikes\n|move|p1a: Misty|Yawn|p2a: Mew\n|-start|p2a: Mew|move: Yawn|[of] p1a: Misty\n|\n|-weather|Snow|[upkeep]\n|upkeep\n|turn|4\n|\n|t:|1701017908\n|switch|p1a: Iris|Haxorus, M|100\/100\n|-damage|p1a: Iris|88\/100|[from] Stealth Rock\n|-damage|p1a: Iris|76\/100|[from] Spikes\n|-ability|p1a: Iris|Mold Breaker\n|move|p2a: Mew|Spikes|p1a: Iris\n|-sidestart|p1: trialteam98|Spikes\n|\n|-weather|Snow|[upkeep]\n|-end|p2a: Mew|move: Yawn|[silent]\n|-status|p2a: Mew|slp\n|upkeep\n|turn|5\n|\n|t:|1701017922\n|cant|p2a: Mew|slp\n|move|p1a: Iris|Dragon Dance|p1a: Iris\n|-boost|p1a: Iris|atk|1\n|-boost|p1a: Iris|spe|1\n|\n|-weather|none\n|upkeep\n|turn|6\n|\n|t:|1701017931\n|switch|p2a: Ninetales|Ninetales-Alola, F|100\/100\n|-weather|Snow|[from] ability: Snow Warning|[of] p2a: Ninetales\n|move|p1a: Iris|Dragon Dance|p1a: Iris\n|-boost|p1a: Iris|atk|1\n|-boost|p1a: Iris|spe|1\n|\n|-weather|Snow|[upkeep]\n|upkeep\n|turn|7\n|\n|t:|1701017942\n|move|p1a: Iris|Poison Jab|p2a: Ninetales\n|-supereffective|p2a: Ninetales\n|-damage|p2a: Ninetales|0 fnt\n|faint|p2a: Ninetales\n|-damage|p1a: Iris|66\/100|[from] item: Life Orb\n|\n|-weather|Snow|[upkeep]\n|upkeep\n|\n|t:|1701017966\n|switch|p2a: Ogerpon|Ogerpon-Hearthflame, F|100\/100\n|-ability|p2a: Ogerpon|Mold Breaker\n|turn|8\n|\n|t:|1701017974\n|-terastallize|p2a: Ogerpon|Fire\n|detailschange|p2a: Ogerpon|Ogerpon-Hearthflame-Tera, F, tera:Fire\n|-ability|p2a: Ogerpon|Embody Aspect (Hearthflame)|boost\n|-boost|p2a: Ogerpon|atk|1\n|move|p1a: Iris|Poison Jab|p2a: Ogerpon\n|-damage|p2a: Ogerpon|0 fnt\n|faint|p2a: Ogerpon\n|-damage|p1a: Iris|56\/100|[from] item: Life Orb\n|\n|-weather|Snow|[upkeep]\n|-sideend|p1: trialteam98|move: Aurora Veil\n|upkeep\n|\n|t:|1701017987\n|switch|p2a: Baxcalibur|Baxcalibur, M|100\/100\n|turn|9\n|\n|t:|1701017992\n|-terastallize|p1a: Iris|Steel\n|move|p1a: Iris|Tera Blast|p2a: Baxcalibur|[anim] Tera Blast Steel\n|-supereffective|p2a: Baxcalibur\n|-damage|p2a: Baxcalibur|0 fnt\n|faint|p2a: Baxcalibur\n|-damage|p1a: Iris|46\/100|[from] item: Life Orb\n|\n|-weather|Snow|[upkeep]\n|upkeep\n|-message|Rexthethird forfeited.\n|\n|win|trialteam98\n|raw|trialteam98's rating: 1138 &rarr; <strong>1158<\/strong><br \/>(+20 for winning)\n|raw|Rexthethird's rating: 1065 &rarr; <strong>1049<\/strong><br \/>(-16 for losing)\n|l|\u2606Rexthethird\n","uploadtime":1701018007,"views":2,"p1id":"trialteam98","p2id":"rexthethird","formatid":"gen9ubers","rating":1049,"private":0,"password":""}