{"id":"gen9ubers-1975449944","p1":"Slwoboiz","p2":"Envymetta_TTV","format":"[Gen 9] Ubers","log":"|j|\u2606Slwoboiz\n|j|\u2606Envymetta_TTV\n|t:|1698192605\n|gametype|singles\n|player|p1|Slwoboiz|101|1379\n|player|p2|Envymetta_TTV|acetrainer-gen4|1490\n|teamsize|p1|6\n|teamsize|p2|6\n|gen|9\n|tier|[Gen 9] Ubers\n|rated|\n|rule|Sleep Clause Mod: Limit one foe put to sleep\n|rule|Species Clause: Limit one of each Pok\u00e9mon\n|rule|OHKO Clause: OHKO moves are banned\n|rule|Evasion Items Clause: Evasion items are banned\n|rule|Evasion Moves Clause: Evasion moves are banned\n|rule|Endless Battle Clause: Forcing endless battles is banned\n|rule|HP Percentage Mod: HP is shown in percentages\n|clearpoke\n|poke|p1|Basculegion, M|\n|poke|p1|Cinderace, F|\n|poke|p1|Eternatus|\n|poke|p1|Arceus-Ghost|\n|poke|p1|Miraidon|\n|poke|p1|Annihilape, M|\n|poke|p2|Shaymin-Sky|\n|poke|p2|Darkrai|\n|poke|p2|Arceus|\n|poke|p2|Dialga-Origin|\n|poke|p2|Giratina-Origin|\n|poke|p2|Garchomp, F|\n|teampreview\n|inactive|Battle timer is ON: inactive players will automatically lose when time's up. (requested by Envymetta_TTV)\n|\n|t:|1698192648\n|start\n|switch|p1a: Miraidon|Miraidon|100\/100\n|switch|p2a: Darkrai|Darkrai, shiny|100\/100\n|-fieldstart|move: Electric Terrain|[from] ability: Hadron Engine|[of] p1a: Miraidon\n|turn|1\n|\n|t:|1698192657\n|switch|p2a: Garchomp|Garchomp, F, shiny|100\/100\n|move|p1a: Miraidon|Electro Drift|p2a: Garchomp\n|-immune|p2a: Garchomp\n|\n|upkeep\n|turn|2\n|\n|t:|1698192665\n|move|p2a: Garchomp|Earthquake|p1a: Miraidon\n|-supereffective|p1a: Miraidon\n|-enditem|p1a: Miraidon|Focus Sash\n|-damage|p1a: Miraidon|1\/100\n|move|p1a: Miraidon|Draco Meteor|p2a: Garchomp\n|-supereffective|p2a: Garchomp\n|-damage|p2a: Garchomp|0 fnt\n|-unboost|p1a: Miraidon|spa|2\n|faint|p2a: Garchomp\n|\n|upkeep\n|\n|t:|1698192679\n|switch|p2a: Giratina|Giratina-Origin, shiny|100\/100\n|turn|3\n|\n|t:|1698192682\n|move|p2a: Giratina|Shadow Sneak|p1a: Miraidon\n|-crit|p1a: Miraidon\n|-damage|p1a: Miraidon|0 fnt\n|faint|p1a: Miraidon\n|\n|upkeep\n|\n|t:|1698192689\n|switch|p1a: Cinderace|Cinderace, F|100\/100\n|turn|4\n|\n|t:|1698192698\n|switch|p2a: Darkrai|Darkrai, shiny|100\/100\n|move|p1a: Cinderace|Pyro Ball|p2a: Darkrai\n|-damage|p2a: Darkrai|30\/100\n|\n|upkeep\n|turn|5\n|\n|t:|1698192709\n|move|p2a: Darkrai|Substitute|p2a: Darkrai\n|-start|p2a: Darkrai|Substitute\n|-damage|p2a: Darkrai|5\/100\n|-enditem|p2a: Darkrai|Salac Berry|[eat]\n|-boost|p2a: Darkrai|spe|1|[from] item: Salac Berry\n|move|p1a: Cinderace|U-turn|p2a: Darkrai\n|-start|p1a: Cinderace|typechange|Bug|[from] ability: Libero\n|-supereffective|p2a: Darkrai\n|-end|p2a: Darkrai|Substitute\n|\n|t:|1698192715\n|switch|p1a: Arceus|Arceus-Ghost|100\/100|[from] U-turn\n|\n|-fieldend|move: Electric Terrain\n|upkeep\n|turn|6\n|\n|t:|1698192723\n|-terastallize|p2a: Darkrai|Ghost\n|move|p1a: Arceus|Extreme Speed|p2a: Darkrai\n|-immune|p2a: Darkrai\n|move|p2a: Darkrai|Nasty Plot|p2a: Darkrai\n|-boost|p2a: Darkrai|spa|2\n|\n|upkeep\n|turn|7\n|\n|t:|1698192735\n|move|p2a: Darkrai|Dark Pulse|p1a: Arceus\n|-supereffective|p1a: Arceus\n|-damage|p1a: Arceus|0 fnt\n|faint|p1a: Arceus\n|\n|upkeep\n|\n|t:|1698192752\n|switch|p1a: Basculegion|Basculegion, M|100\/100\n|turn|8\n|\n|t:|1698192773\n|switch|p2a: Giratina|Giratina-Origin, shiny|100\/100\n|move|p1a: Basculegion|Aqua Jet|p2a: Giratina\n|-resisted|p2a: Giratina\n|-damage|p2a: Giratina|91\/100\n|\n|upkeep\n|turn|9\n|\n|t:|1698192781\n|switch|p1a: Cinderace|Cinderace, F|100\/100\n|move|p2a: Giratina|Poltergeist|p1a: Cinderace\n|-activate|p1a: Cinderace|move: Poltergeist|Heavy-Duty Boots\n|-damage|p1a: Cinderace|3\/100\n|\n|upkeep\n|turn|10\n|\n|t:|1698192788\n|move|p1a: Cinderace|Sucker Punch|p2a: Giratina\n|-start|p1a: Cinderace|typechange|Dark|[from] ability: Libero\n|-supereffective|p2a: Giratina\n|-damage|p2a: Giratina|47\/100\n|move|p2a: Giratina|Shadow Sneak|p1a: Cinderace\n|-resisted|p1a: Cinderace\n|-damage|p1a: Cinderace|0 fnt\n|faint|p1a: Cinderace\n|\n|upkeep\n|\n|t:|1698192794\n|switch|p1a: Basculegion|Basculegion, M|100\/100\n|turn|11\n|\n|t:|1698192807\n|switch|p2a: Arceus|Arceus, shiny|100\/100\n|move|p1a: Basculegion|Last Respects|p2a: Arceus\n|-immune|p2a: Arceus\n|\n|upkeep\n|turn|12\n|\n|t:|1698192816\n|switch|p1a: Annihilape|Annihilape, M|100\/100\n|move|p2a: Arceus|Swords Dance|p2a: Arceus\n|-boost|p2a: Arceus|atk|2\n|\n|upkeep\n|turn|13\n|\n|t:|1698192820\n|move|p1a: Annihilape|Final Gambit|p2a: Arceus\n|-damage|p2a: Arceus|5\/100\n|faint|p1a: Annihilape\n|move|p2a: Arceus|Shadow Claw|p1: Annihilape|[notarget]\n|-fail|p2a: Arceus\n|\n|-heal|p2a: Arceus|11\/100|[from] item: Leftovers\n|upkeep\n|\n|t:|1698192827\n|switch|p1a: Basculegion|Basculegion, M|100\/100\n|turn|14\n|\n|t:|1698192830\n|switch|p2a: Giratina|Giratina-Origin, shiny|47\/100\n|move|p1a: Basculegion|Aqua Jet|p2a: Giratina\n|-resisted|p2a: Giratina\n|-damage|p2a: Giratina|38\/100\n|\n|upkeep\n|turn|15\n|\n|t:|1698192837\n|move|p1a: Basculegion|Agility|p1a: Basculegion\n|-boost|p1a: Basculegion|spe|2\n|move|p2a: Giratina|Draco Meteor|p1a: Basculegion\n|-damage|p1a: Basculegion|24\/100\n|-unboost|p2a: Giratina|spa|2\n|\n|upkeep\n|turn|16\n|\n|t:|1698192843\n|move|p2a: Giratina|Shadow Sneak|p1a: Basculegion\n|-supereffective|p1a: Basculegion\n|-damage|p1a: Basculegion|0 fnt\n|faint|p1a: Basculegion\n|\n|upkeep\n|\n|t:|1698192847\n|switch|p1a: Eternatus|Eternatus|100\/100\n|-ability|p1a: Eternatus|Pressure\n|turn|17\n|\n|t:|1698192852\n|switch|p2a: Dialga|Dialga-Origin, shiny|100\/100\n|-ability|p2a: Dialga|Pressure\n|move|p1a: Eternatus|Fire Spin|p2a: Dialga|[miss]\n|-miss|p1a: Eternatus|p2a: Dialga\n|\n|upkeep\n|turn|18\n|\n|t:|1698192856\n|-terastallize|p1a: Eternatus|Poison\n|move|p1a: Eternatus|Fire Spin|p2a: Dialga\n|-damage|p2a: Dialga|92\/100\n|-activate|p2a: Dialga|move: Fire Spin|[of] p1a: Eternatus\n|move|p2a: Dialga|Trick Room|p2a: Dialga\n|-fieldstart|move: Trick Room|[of] p2a: Dialga\n|\n|-damage|p2a: Dialga|80\/100|[from] move: Fire Spin|[partiallytrapped]\n|upkeep\n|turn|19\n|\n|t:|1698192864\n|move|p2a: Dialga|Dragon Pulse|p1a: Eternatus\n|-damage|p1a: Eternatus|53\/100\n|move|p1a: Eternatus|Cosmic Power|p1a: Eternatus\n|-boost|p1a: Eternatus|def|1\n|-boost|p1a: Eternatus|spd|1\n|\n|-heal|p1a: Eternatus|59\/100|[from] item: Black Sludge\n|-damage|p2a: Dialga|68\/100|[from] move: Fire Spin|[partiallytrapped]\n|upkeep\n|turn|20\n|\n|t:|1698192873\n|move|p2a: Dialga|Steel Beam|p1a: Eternatus\n|-damage|p1a: Eternatus|9\/100\n|-damage|p2a: Dialga|18\/100|[from] steelbeam\n|move|p1a: Eternatus|Recover|p1a: Eternatus\n|-heal|p1a: Eternatus|59\/100\n|\n|-heal|p1a: Eternatus|65\/100|[from] item: Black Sludge\n|-damage|p2a: Dialga|5\/100|[from] move: Fire Spin|[partiallytrapped]\n|upkeep\n|turn|21\n|\n|t:|1698192879\n|move|p2a: Dialga|Steel Beam|p1a: Eternatus\n|-damage|p1a: Eternatus|10\/100\n|-damage|p2a: Dialga|0 fnt|[from] steelbeam\n|faint|p2a: Dialga\n|move|p1a: Eternatus|Recover|p1a: Eternatus\n|-heal|p1a: Eternatus|60\/100\n|\n|-heal|p1a: Eternatus|67\/100|[from] item: Black Sludge\n|upkeep\n|\n|t:|1698192889\n|switch|p2a: Arceus|Arceus, shiny|11\/100\n|turn|22\n|\n|t:|1698192897\n|move|p2a: Arceus|Taunt|p1a: Eternatus\n|-start|p1a: Eternatus|move: Taunt\n|cant|p1a: Eternatus|move: Taunt|Cosmic Power\n|\n|-heal|p2a: Arceus|17\/100|[from] item: Leftovers\n|-heal|p1a: Eternatus|73\/100|[from] item: Black Sludge\n|-fieldend|move: Trick Room\n|upkeep\n|turn|23\n|\n|t:|1698192907\n|move|p1a: Eternatus|Fire Spin|p2a: Arceus\n|-damage|p2a: Arceus|9\/100\n|-activate|p2a: Arceus|move: Fire Spin|[of] p1a: Eternatus\n|move|p2a: Arceus|Swords Dance|p2a: Arceus\n|-boost|p2a: Arceus|atk|2\n|\n|-heal|p1a: Eternatus|79\/100|[from] item: Black Sludge\n|-heal|p2a: Arceus|15\/100|[from] item: Leftovers\n|-damage|p2a: Arceus|3\/100|[from] move: Fire Spin|[partiallytrapped]\n|upkeep\n|turn|24\n|\n|t:|1698192909\n|move|p2a: Arceus|Extreme Speed|p1a: Eternatus\n|-damage|p1a: Eternatus|47\/100\n|move|p1a: Eternatus|Fire Spin|p2a: Arceus\n|-damage|p2a: Arceus|0 fnt\n|faint|p2a: Arceus\n|\n|-heal|p1a: Eternatus|53\/100|[from] item: Black Sludge\n|-end|p1a: Eternatus|move: Taunt\n|upkeep\n|\n|t:|1698192916\n|switch|p2a: Shaymin|Shaymin-Sky, shiny|100\/100\n|turn|25\n|\n|t:|1698192921\n|move|p2a: Shaymin|Trailblaze|p1a: Eternatus\n|-resisted|p1a: Eternatus\n|-damage|p1a: Eternatus|50\/100\n|-boost|p2a: Shaymin|spe|1\n|move|p1a: Eternatus|Recover|p1a: Eternatus\n|-heal|p1a: Eternatus|99\/100\n|\n|-heal|p1a: Eternatus|100\/100|[from] item: Black Sludge\n|upkeep\n|turn|26\n|\n|t:|1698192925\n|move|p2a: Shaymin|Seed Flare|p1a: Eternatus\n|-resisted|p1a: Eternatus\n|-damage|p1a: Eternatus|84\/100\n|-unboost|p1a: Eternatus|spd|2\n|move|p1a: Eternatus|Fire Spin|p2a: Shaymin\n|-supereffective|p2a: Shaymin\n|-damage|p2a: Shaymin|68\/100\n|-activate|p2a: Shaymin|move: Fire Spin|[of] p1a: Eternatus\n|\n|-heal|p1a: Eternatus|90\/100|[from] item: Black Sludge\n|-damage|p2a: Shaymin|55\/100|[from] move: Fire Spin|[partiallytrapped]\n|upkeep\n|turn|27\n|\n|t:|1698192931\n|move|p2a: Shaymin|Air Slash|p1a: Eternatus\n|-damage|p1a: Eternatus|42\/100\n|cant|p1a: Eternatus|flinch\n|\n|-heal|p1a: Eternatus|49\/100|[from] item: Black Sludge\n|-damage|p2a: Shaymin|43\/100|[from] move: Fire Spin|[partiallytrapped]\n|upkeep\n|turn|28\n|\n|t:|1698192936\n|move|p2a: Shaymin|Earth Power|p1a: Eternatus\n|-supereffective|p1a: Eternatus\n|-damage|p1a: Eternatus|0 fnt\n|faint|p1a: Eternatus\n|\n|win|Envymetta_TTV\n|raw|Slwoboiz's rating: 1379 &rarr; <strong>1365<\/strong><br \/>(-14 for losing)\n|raw|Envymetta_TTV's rating: 1490 &rarr; <strong>1504<\/strong><br \/>(+14 for winning)\n|l|\u2606Slwoboiz\n","uploadtime":1698192939,"views":8,"p1id":"slwoboiz","p2id":"envymettattv","formatid":"gen9ubers","rating":1365,"private":0,"password":""}