{"id":"gen9ubers-1999276518","p1":"ZachMcD","p2":"thavage","format":"[Gen 9] Ubers","log":"|j|\u2606ZachMcD\n|j|\u2606thavage\n|t:|1701053973\n|gametype|singles\n|player|p1|ZachMcD|giovanni|\n|player|p2|thavage|101|\n|teamsize|p1|6\n|teamsize|p2|6\n|gen|9\n|tier|[Gen 9] Ubers\n|rule|Sleep Clause Mod: Limit one foe put to sleep\n|rule|Species Clause: Limit one of each Pok\u00e9mon\n|rule|OHKO Clause: OHKO moves are banned\n|rule|Evasion Items Clause: Evasion items are banned\n|rule|Evasion Moves Clause: Evasion moves are banned\n|rule|Endless Battle Clause: Forcing endless battles is banned\n|rule|HP Percentage Mod: HP is shown in percentages\n|clearpoke\n|poke|p1|Enamorus, F|\n|poke|p1|Ogerpon-Hearthflame, F|\n|poke|p1|Slowbro, F|\n|poke|p1|Krookodile, F|\n|poke|p1|Brambleghast, M|\n|poke|p1|Glimmora, F|\n|poke|p2|Kleavor, F|\n|poke|p2|Espathra, F|\n|poke|p2|Thundurus-Therian, M|\n|poke|p2|Annihilape, F|\n|poke|p2|Kingambit, F|\n|poke|p2|Dipplin, F|\n|teampreview\n|j| IshaNn\n|j| ThatGuyAltro\n|c|\u2606ZachMcD|glgl\n|j| Ghantist\n|j| iceberg149\n|\n|t:|1701054080\n|start\n|switch|p1a: Weird Guy.|Glimmora, F|100\/100\n|switch|p2a: kleavmealone|Kleavor, F|100\/100\n|turn|1\n|\n|t:|1701054093\n|move|p1a: Weird Guy.|Spiky Shield|p1a: Weird Guy.\n|-singleturn|p1a: Weird Guy.|move: Protect\n|move|p2a: kleavmealone|Stone Axe|p1a: Weird Guy.\n|-activate|p1a: Weird Guy.|move: Protect\n|-damage|p2a: kleavmealone|88\/100|[from] Spiky Shield|[of] p1a: Weird Guy.\n|\n|upkeep\n|turn|2\n|\n|t:|1701054100\n|move|p2a: kleavmealone|Stone Axe|p1a: Weird Guy.\n|-damage|p1a: Weird Guy.|45\/100\n|-activate|p1a: Weird Guy.|ability: Toxic Debris\n|-sidestart|p2: thavage|move: Toxic Spikes\n|-sidestart|p1: ZachMcD|move: Stealth Rock\n|move|p1a: Weird Guy.|Power Gem|p2a: kleavmealone\n|-supereffective|p2a: kleavmealone\n|-damage|p2a: kleavmealone|0 fnt\n|faint|p2a: kleavmealone\n|\n|upkeep\n|\n|t:|1701054132\n|switch|p2a: espathranos|Espathra, F|100\/100\n|-status|p2a: espathranos|psn\n|turn|3\n|\n|t:|1701054172\n|move|p2a: espathranos|Substitute|p2a: espathranos\n|-start|p2a: espathranos|Substitute\n|-damage|p2a: espathranos|76\/100 psn\n|move|p1a: Weird Guy.|Power Gem|p2a: espathranos\n|-end|p2a: espathranos|Substitute\n|\n|-heal|p2a: espathranos|82\/100 psn|[from] item: Leftovers\n|-damage|p2a: espathranos|69\/100 psn|[from] psn\n|-ability|p2a: espathranos|Speed Boost|boost\n|-boost|p2a: espathranos|spe|1\n|upkeep\n|turn|4\n|\n|t:|1701054197\n|move|p2a: espathranos|Substitute|p2a: espathranos\n|-start|p2a: espathranos|Substitute\n|-damage|p2a: espathranos|45\/100 psn\n|move|p1a: Weird Guy.|Power Gem|p2a: espathranos\n|-end|p2a: espathranos|Substitute\n|\n|-heal|p2a: espathranos|51\/100 psn|[from] item: Leftovers\n|-damage|p2a: espathranos|38\/100 psn|[from] psn\n|-ability|p2a: espathranos|Speed Boost|boost\n|-boost|p2a: espathranos|spe|1\n|upkeep\n|turn|5\n|\n|t:|1701054210\n|move|p2a: espathranos|Stored Power|p1a: Weird Guy.\n|-supereffective|p1a: Weird Guy.\n|-damage|p1a: Weird Guy.|0 fnt\n|faint|p1a: Weird Guy.\n|\n|-heal|p2a: espathranos|44\/100 psn|[from] item: Leftovers\n|-damage|p2a: espathranos|32\/100 psn|[from] psn\n|-ability|p2a: espathranos|Speed Boost|boost\n|-boost|p2a: espathranos|spe|1\n|upkeep\n|\n|t:|1701054244\n|switch|p1a: Tumblr|Brambleghast, M|100\/100\n|-damage|p1a: Tumblr|88\/100|[from] Stealth Rock\n|turn|6\n|\n|t:|1701054265\n|-terastallize|p1a: Tumblr|Ghost\n|move|p1a: Tumblr|Shadow Sneak|p2a: espathranos\n|-supereffective|p2a: espathranos\n|-damage|p2a: espathranos|0 fnt\n|faint|p2a: espathranos\n|\n|-heal|p1a: Tumblr|94\/100|[from] item: Leftovers\n|upkeep\n|\n|t:|1701054278\n|switch|p2a: albertroidstein|Annihilape, F|100\/100\n|-status|p2a: albertroidstein|psn\n|turn|7\n|\n|t:|1701054287\n|move|p1a: Tumblr|Poltergeist|p2a: albertroidstein\n|-activate|p2a: albertroidstein|move: Poltergeist|Leftovers\n|-supereffective|p2a: albertroidstein\n|-damage|p2a: albertroidstein|0 fnt\n|faint|p2a: albertroidstein\n|\n|-heal|p1a: Tumblr|99\/100|[from] item: Leftovers\n|upkeep\n|j| curtisthecacnea\n|\n|t:|1701054324\n|switch|p2a: Kanopener|Kingambit, F|100\/100\n|-activate|p2a: Kanopener|ability: Supreme Overlord\n|-start|p2a: Kanopener|fallen3|[silent]\n|turn|8\n|\n|t:|1701054369\n|switch|p1a: Shlackin'|Slowbro, F|100\/100\n|-damage|p1a: Shlackin'|88\/100|[from] Stealth Rock\n|move|p2a: Kanopener|Sucker Punch||[still]\n|-fail|p2a: Kanopener\n|\n|upkeep\n|turn|9\n|\n|t:|1701054382\n|move|p2a: Kanopener|Taunt|p1a: Shlackin'\n|-start|p1a: Shlackin'|move: Taunt\n|move|p1a: Shlackin'|Scald|p2a: Kanopener\n|-damage|p2a: Kanopener|71\/100\n|-status|p2a: Kanopener|brn\n|\n|-heal|p2a: Kanopener|77\/100 brn|[from] item: Leftovers\n|-damage|p2a: Kanopener|71\/100 brn|[from] brn\n|upkeep\n|turn|10\n|\n|t:|1701054395\n|move|p2a: Kanopener|Swords Dance|p2a: Kanopener\n|-boost|p2a: Kanopener|atk|2\n|move|p1a: Shlackin'|Future Sight|p2a: Kanopener\n|-start|p1a: Shlackin'|move: Future Sight\n|\n|-heal|p2a: Kanopener|77\/100 brn|[from] item: Leftovers\n|-damage|p2a: Kanopener|71\/100 brn|[from] brn\n|upkeep\n|turn|11\n|\n|t:|1701054410\n|move|p2a: Kanopener|Sucker Punch|p1a: Shlackin'\n|-supereffective|p1a: Shlackin'\n|-damage|p1a: Shlackin'|28\/100\n|-damage|p2a: Kanopener|54\/100 brn|[from] item: Rocky Helmet|[of] p1a: Shlackin'\n|move|p1a: Shlackin'|Scald|p2a: Kanopener\n|-damage|p2a: Kanopener|22\/100 brn\n|\n|-heal|p2a: Kanopener|28\/100 brn|[from] item: Leftovers\n|-damage|p2a: Kanopener|22\/100 brn|[from] brn\n|-end|p1a: Shlackin'|move: Taunt\n|upkeep\n|turn|12\n|\n|t:|1701054425\n|move|p2a: Kanopener|Iron Head|p1a: Shlackin'\n|-resisted|p1a: Shlackin'\n|-damage|p1a: Shlackin'|12\/100\n|-damage|p2a: Kanopener|5\/100 brn|[from] item: Rocky Helmet|[of] p1a: Shlackin'\n|move|p1a: Shlackin'|Slack Off|p1a: Shlackin'\n|-heal|p1a: Shlackin'|62\/100\n|\n|-end|p2a: Kanopener|move: Future Sight\n|-immune|p2a: Kanopener\n|-heal|p2a: Kanopener|11\/100 brn|[from] item: Leftovers\n|-damage|p2a: Kanopener|5\/100 brn|[from] brn\n|upkeep\n|turn|13\n|\n|t:|1701054443\n|-end|p2a: Kanopener|fallen3|[silent]\n|switch|p2a: Dipplin deez nuts|Dipplin, F|100\/100\n|-status|p2a: Dipplin deez nuts|psn\n|move|p1a: Shlackin'|Slack Off|p1a: Shlackin'\n|-heal|p1a: Shlackin'|100\/100\n|\n|-damage|p2a: Dipplin deez nuts|88\/100 psn|[from] psn\n|upkeep\n|turn|14\n|\n|t:|1701054458\n|move|p2a: Dipplin deez nuts|Giga Drain|p1a: Shlackin'\n|-supereffective|p1a: Shlackin'\n|-damage|p1a: Shlackin'|25\/100\n|-heal|p2a: Dipplin deez nuts|100\/100 psn|[from] drain|[of] p1a: Shlackin'\n|move|p1a: Shlackin'|Future Sight|p2a: Dipplin deez nuts\n|-start|p1a: Shlackin'|move: Future Sight\n|\n|-damage|p2a: Dipplin deez nuts|88\/100 psn|[from] psn\n|upkeep\n|turn|15\n|\n|t:|1701054507\n|move|p2a: Dipplin deez nuts|Giga Drain|p1a: Shlackin'\n|-supereffective|p1a: Shlackin'\n|-damage|p1a: Shlackin'|0 fnt\n|-heal|p2a: Dipplin deez nuts|100\/100 psn|[from] drain|[of] p1a: Shlackin'\n|faint|p1a: Shlackin'\n|\n|-damage|p2a: Dipplin deez nuts|88\/100 psn|[from] psn\n|upkeep\n|\n|t:|1701054523\n|switch|p1a: Tumblr|Brambleghast, M, tera:Ghost|99\/100\n|-damage|p1a: Tumblr|88\/100|[from] Stealth Rock\n|turn|16\n|\n|t:|1701054536\n|move|p1a: Tumblr|Poltergeist|p2a: Dipplin deez nuts\n|-activate|p2a: Dipplin deez nuts|move: Poltergeist|Eviolite\n|-damage|p2a: Dipplin deez nuts|51\/100 psn\n|move|p2a: Dipplin deez nuts|Reflect|p2a: Dipplin deez nuts\n|-sidestart|p2: thavage|Reflect\n|\n|-end|p2a: Dipplin deez nuts|move: Future Sight\n|-damage|p2a: Dipplin deez nuts|12\/100 psn\n|-heal|p1a: Tumblr|94\/100|[from] item: Leftovers\n|-damage|p2a: Dipplin deez nuts|0 fnt|[from] psn\n|faint|p2a: Dipplin deez nuts\n|upkeep\n|\n|t:|1701054549\n|switch|p2a: Kanopener|Kingambit, F|5\/100 brn\n|-activate|p2a: Kanopener|ability: Supreme Overlord\n|-start|p2a: Kanopener|fallen4|[silent]\n|turn|17\n|\n|t:|1701054555\n|move|p1a: Tumblr|Shadow Sneak|p2a: Kanopener\n|-resisted|p2a: Kanopener\n|-damage|p2a: Kanopener|0 fnt\n|faint|p2a: Kanopener\n|-end|p2a: Kanopener|fallen4|[silent]\n|\n|-heal|p1a: Tumblr|99\/100|[from] item: Leftovers\n|upkeep\n|\n|t:|1701054562\n|switch|p2a: pissinrain|Thundurus-Therian, M|100\/100\n|turn|18\n|\n|t:|1701054578\n|move|p2a: pissinrain|Flash Cannon|p1a: Tumblr\n|-damage|p1a: Tumblr|46\/100\n|move|p1a: Tumblr|Poltergeist|p2a: pissinrain\n|-activate|p2a: pissinrain|move: Poltergeist|Heavy-Duty Boots\n|-damage|p2a: pissinrain|0 fnt\n|faint|p2a: pissinrain\n|\n|win|ZachMcD\n|c|\u2606thavage|gg\n|l| curtisthecacnea\n|c|\u2606ZachMcD|gg\n|l|\u2606thavage\n|l| Ghantist\n|l| iceberg149\n|l| ThatGuyAltro\n","uploadtime":1701054607,"views":14,"p1id":"zachmcd","p2id":"thavage","formatid":"gen9ubers","rating":0,"private":0,"password":""}