{"id":"gen9ubers-1970661613","p1":"IspamObjection","p2":"Paragondegree","format":"[Gen 9] Ubers","log":"|j|\u2606IspamObjection\n|j|\u2606Paragondegree\n|t:|1697656202\n|gametype|singles\n|player|p1|IspamObjection|lance-gen2|\n|player|p2|Paragondegree|266|\n|teamsize|p1|6\n|teamsize|p2|6\n|gen|9\n|tier|[Gen 9] Ubers\n|rule|Sleep Clause Mod: Limit one foe put to sleep\n|rule|Species Clause: Limit one of each Pok\u00e9mon\n|rule|OHKO Clause: OHKO moves are banned\n|rule|Evasion Items Clause: Evasion items are banned\n|rule|Evasion Moves Clause: Evasion moves are banned\n|rule|Endless Battle Clause: Forcing endless battles is banned\n|rule|HP Percentage Mod: HP is shown in percentages\n|clearpoke\n|poke|p1|Giratina|\n|poke|p1|Garchomp, F|\n|poke|p1|Espathra, F|\n|poke|p1|Cyclizar, M|\n|poke|p1|Urshifu-*, F|\n|poke|p1|Chi-Yu|\n|poke|p2|Cutiefly, M|\n|poke|p2|Gholdengo|\n|poke|p2|Landorus, M|\n|poke|p2|Arceus-Fighting|\n|poke|p2|Basculegion-F, F|\n|poke|p2|Spectrier|\n|teampreview\n|inactive|Battle timer is ON: inactive players will automatically lose when time's up. (requested by Paragondegree)\n|c|\u2606Paragondegree|funni team\n|inactive|IspamObjection has 270 seconds left.\n|\n|t:|1697656243\n|start\n|switch|p1a: Garchover|Garchomp, F|100\/100\n|switch|p2a: Cutiefly|Cutiefly, M, shiny|100\/100\n|turn|1\n|c|\u2606Paragondegree|glhf\n|\n|t:|1697656258\n|move|p1a: Garchover|Stealth Rock|p2a: Cutiefly\n|-sidestart|p2: Paragondegree|move: Stealth Rock\n|move|p2a: Cutiefly|Sticky Web|p1a: Garchover\n|-sidestart|p1: IspamObjection|move: Sticky Web\n|\n|upkeep\n|turn|2\n|\n|t:|1697656266\n|move|p1a: Garchover|Spikes|p2a: Cutiefly\n|-sidestart|p2: Paragondegree|Spikes\n|move|p2a: Cutiefly|Quiver Dance|p2a: Cutiefly\n|-boost|p2a: Cutiefly|spa|1\n|-boost|p2a: Cutiefly|spd|1\n|-boost|p2a: Cutiefly|spe|1\n|\n|upkeep\n|turn|3\n|\n|t:|1697656274\n|move|p2a: Cutiefly|Quiver Dance|p2a: Cutiefly\n|-boost|p2a: Cutiefly|spa|1\n|-boost|p2a: Cutiefly|spd|1\n|-boost|p2a: Cutiefly|spe|1\n|move|p1a: Garchover|Earthquake|p2a: Cutiefly\n|-resisted|p2a: Cutiefly\n|-damage|p2a: Cutiefly|16\/100\n|\n|upkeep\n|turn|4\n|\n|t:|1697656281\n|move|p2a: Cutiefly|Moonblast|p1a: Garchover\n|-supereffective|p1a: Garchover\n|-enditem|p1a: Garchover|Focus Sash\n|-damage|p1a: Garchover|1\/100\n|move|p1a: Garchover|Earthquake|p2a: Cutiefly\n|-resisted|p2a: Cutiefly\n|-damage|p2a: Cutiefly|0 fnt\n|faint|p2a: Cutiefly\n|\n|upkeep\n|\n|t:|1697656294\n|switch|p2a: Spectrier|Spectrier|100\/100\n|turn|5\n|\n|t:|1697656304\n|move|p2a: Spectrier|Draining Kiss|p1a: Garchover\n|-supereffective|p1a: Garchover\n|-damage|p1a: Garchover|0 fnt\n|-damage|p2a: Spectrier|88\/100|[from] ability: Rough Skin|[of] p1a: Garchover\n|faint|p1a: Garchover\n|-ability|p2a: Spectrier|Grim Neigh|boost\n|-boost|p2a: Spectrier|spa|1\n|\n|upkeep\n|\n|t:|1697656314\n|switch|p1a: Giratina|Giratina|100\/100\n|-activate|p1a: Giratina|move: Sticky Web\n|-unboost|p1a: Giratina|spe|1\n|-ability|p1a: Giratina|Pressure\n|turn|6\n|\n|t:|1697656320\n|-terastallize|p1a: Giratina|Normal\n|move|p2a: Spectrier|Shadow Ball|p1a: Giratina\n|-immune|p1a: Giratina\n|move|p1a: Giratina|Roar|p2a: Spectrier\n|drag|p2a: Landorus|Landorus, M|100\/100\n|-damage|p2a: Landorus|88\/100|[from] Stealth Rock\n|\n|upkeep\n|turn|7\n|\n|t:|1697656336\n|move|p2a: Landorus|Earth Power|p1a: Giratina\n|-damage|p1a: Giratina|62\/100\n|move|p1a: Giratina|Roar|p2a: Landorus\n|drag|p2a: Spectrier|Spectrier|88\/100\n|\n|-heal|p1a: Giratina|68\/100|[from] item: Leftovers\n|upkeep\n|turn|8\n|\n|t:|1697656362\n|move|p2a: Spectrier|Psychic|p1a: Giratina\n|-damage|p1a: Giratina|48\/100\n|move|p1a: Giratina|Roar|p2a: Spectrier\n|drag|p2a: Arceus|Arceus-Fighting|100\/100\n|-damage|p2a: Arceus|94\/100|[from] Stealth Rock\n|-damage|p2a: Arceus|82\/100|[from] Spikes\n|\n|-heal|p1a: Giratina|54\/100|[from] item: Leftovers\n|upkeep\n|turn|9\n|\n|t:|1697656371\n|move|p2a: Arceus|Judgment|p1a: Giratina\n|-supereffective|p1a: Giratina\n|-damage|p1a: Giratina|1\/100\n|move|p1a: Giratina|Will-O-Wisp|p2a: Arceus\n|-status|p2a: Arceus|brn\n|\n|-heal|p1a: Giratina|7\/100|[from] item: Leftovers\n|-damage|p2a: Arceus|76\/100 brn|[from] brn\n|upkeep\n|turn|10\n|inactive|IspamObjection has 270 seconds left.\n|\n|t:|1697656395\n|move|p2a: Arceus|Extreme Speed|p1a: Giratina\n|-damage|p1a: Giratina|1\/100\n|move|p1a: Giratina|Rest|p1a: Giratina\n|-status|p1a: Giratina|slp|[from] move: Rest\n|-heal|p1a: Giratina|100\/100 slp|[silent]\n|\n|-damage|p2a: Arceus|70\/100 brn|[from] brn\n|upkeep\n|turn|11\n|\n|t:|1697656407\n|switch|p2a: Gholdengo|Gholdengo|100\/100\n|cant|p1a: Giratina|slp\n|move|p1a: Giratina|Sleep Talk|p1a: Giratina\n|move|p1a: Giratina|Roar|p2a: Gholdengo|[from]move: Sleep Talk\n|-immune|p2a: Gholdengo|[from] ability: Good as Gold\n|\n|upkeep\n|turn|12\n|inactive|IspamObjection has 270 seconds left.\n|\n|t:|1697656435\n|switch|p1a: Chi-Yu|Chi-Yu|100\/100\n|-activate|p1a: Chi-Yu|move: Sticky Web\n|-unboost|p1a: Chi-Yu|spe|1\n|-ability|p1a: Chi-Yu|Beads of Ruin\n|move|p2a: Gholdengo|Nasty Plot|p2a: Gholdengo\n|-boost|p2a: Gholdengo|spa|2\n|\n|upkeep\n|turn|13\n|inactive|IspamObjection has 270 seconds left.\n|\n|t:|1697656445\n|move|p1a: Chi-Yu|Dark Pulse|p2a: Gholdengo\n|-supereffective|p2a: Gholdengo\n|-damage|p2a: Gholdengo|0 fnt\n|faint|p2a: Gholdengo\n|\n|upkeep\n|\n|t:|1697656451\n|switch|p2a: Landorus|Landorus, M|88\/100\n|-damage|p2a: Landorus|76\/100|[from] Stealth Rock\n|turn|14\n|inactive|IspamObjection has 270 seconds left.\n|\n|t:|1697656474\n|switch|p1a: Giratina|Giratina, tera:Normal|100\/100 slp\n|-activate|p1a: Giratina|move: Sticky Web\n|-unboost|p1a: Giratina|spe|1\n|-ability|p1a: Giratina|Pressure\n|move|p2a: Landorus|Earth Power|p1a: Giratina\n|-damage|p1a: Giratina|59\/100 slp\n|\n|-heal|p1a: Giratina|65\/100 slp|[from] item: Leftovers\n|upkeep\n|turn|15\n|\n|t:|1697656485\n|move|p2a: Landorus|Earth Power|p1a: Giratina\n|-damage|p1a: Giratina|22\/100 slp\n|cant|p1a: Giratina|slp\n|move|p1a: Giratina|Sleep Talk|p1a: Giratina\n|move|p1a: Giratina|Rest||[from]move: Sleep Talk|[still]\n|-fail|p1a: Giratina\n|\n|-heal|p1a: Giratina|28\/100 slp|[from] item: Leftovers\n|upkeep\n|turn|16\n|inactive|IspamObjection has 270 seconds left.\n|\n|t:|1697656497\n|move|p2a: Landorus|Earth Power|p1a: Giratina\n|-damage|p1a: Giratina|0 fnt\n|faint|p1a: Giratina\n|\n|upkeep\n|\n|t:|1697656501\n|switch|p1a: Cyclizar|Cyclizar, M|100\/100\n|-activate|p1a: Cyclizar|move: Sticky Web\n|-unboost|p1a: Cyclizar|spe|1\n|turn|17\n|\n|t:|1697656506\n|move|p1a: Cyclizar|Rapid Spin|p2a: Landorus\n|-damage|p2a: Landorus|59\/100\n|-boost|p1a: Cyclizar|spe|1\n|-sideend|p1: IspamObjection|Sticky Web|[from] move: Rapid Spin|[of] p1a: Cyclizar\n|move|p2a: Landorus|Earth Power|p1a: Cyclizar\n|-damage|p1a: Cyclizar|2\/100\n|\n|upkeep\n|turn|18\n|\n|t:|1697656513\n|move|p1a: Cyclizar|Rapid Spin|p2a: Landorus\n|-damage|p2a: Landorus|42\/100\n|-boost|p1a: Cyclizar|spe|1\n|move|p2a: Landorus|Earth Power|p1a: Cyclizar\n|-damage|p1a: Cyclizar|0 fnt\n|faint|p1a: Cyclizar\n|\n|upkeep\n|\n|t:|1697656524\n|switch|p1a: Chi-Yu|Chi-Yu|100\/100\n|-ability|p1a: Chi-Yu|Beads of Ruin\n|turn|19\n|\n|t:|1697656528\n|move|p1a: Chi-Yu|Dark Pulse|p2a: Landorus\n|-damage|p2a: Landorus|0 fnt\n|faint|p2a: Landorus\n|\n|upkeep\n|\n|t:|1697656533\n|switch|p2a: Arceus|Arceus-Fighting|70\/100 brn\n|-damage|p2a: Arceus|64\/100 brn|[from] Stealth Rock\n|-damage|p2a: Arceus|51\/100 brn|[from] Spikes\n|turn|20\n|\n|t:|1697656549\n|switch|p1a: Espathra|Espathra, F|100\/100\n|move|p2a: Arceus|Judgment|p1a: Espathra\n|-resisted|p1a: Espathra\n|-damage|p1a: Espathra|70\/100\n|\n|-heal|p1a: Espathra|76\/100|[from] item: Leftovers\n|-damage|p2a: Arceus|45\/100 brn|[from] brn\n|upkeep\n|turn|21\n|\n|t:|1697656559\n|move|p2a: Arceus|Swords Dance|p2a: Arceus\n|-boost|p2a: Arceus|atk|2\n|move|p1a: Espathra|Calm Mind|p1a: Espathra\n|-boost|p1a: Espathra|spa|1\n|-boost|p1a: Espathra|spd|1\n|\n|-heal|p1a: Espathra|82\/100|[from] item: Leftovers\n|-damage|p2a: Arceus|39\/100 brn|[from] brn\n|-ability|p1a: Espathra|Speed Boost|boost\n|-boost|p1a: Espathra|spe|1\n|upkeep\n|turn|22\n|\n|t:|1697656568\n|move|p1a: Espathra|Stored Power|p2a: Arceus\n|-supereffective|p2a: Arceus\n|-damage|p2a: Arceus|0 fnt\n|faint|p2a: Arceus\n|\n|-heal|p1a: Espathra|88\/100|[from] item: Leftovers\n|-ability|p1a: Espathra|Speed Boost|boost\n|-boost|p1a: Espathra|spe|1\n|upkeep\n|-message|Paragondegree forfeited.\n|\n|win|IspamObjection\n|l|\u2606Paragondegree\n","uploadtime":1697656598,"views":25,"p1id":"ispamobjection","p2id":"paragondegree","formatid":"gen9ubers","rating":0,"private":0,"password":""}