{"id":"gen9ubers-1978091995","p1":"goahnGT","p2":"Rip nuzlockers","format":"[Gen 9] Ubers","log":"|j|\u2606goahnGT\n|j|\u2606Rip nuzlockers\n|t:|1698498126\n|gametype|singles\n|player|p1|goahnGT|266|1040\n|player|p2|Rip nuzlockers|cynthia-gen4|1095\n|teamsize|p1|6\n|teamsize|p2|6\n|gen|9\n|tier|[Gen 9] Ubers\n|rated|\n|rule|Sleep Clause Mod: Limit one foe put to sleep\n|rule|Species Clause: Limit one of each Pok\u00e9mon\n|rule|OHKO Clause: OHKO moves are banned\n|rule|Evasion Items Clause: Evasion items are banned\n|rule|Evasion Moves Clause: Evasion moves are banned\n|rule|Endless Battle Clause: Forcing endless battles is banned\n|rule|HP Percentage Mod: HP is shown in percentages\n|clearpoke\n|poke|p1|Arceus-Bug|\n|poke|p1|Charizard, F|\n|poke|p1|Koraidon|\n|poke|p1|Miraidon|\n|poke|p1|Palkia-Origin|\n|poke|p1|Lucario, F|\n|poke|p2|Zacian-*|\n|poke|p2|Magearna|\n|poke|p2|Glimmora, F|\n|poke|p2|Annihilape, M|\n|poke|p2|Arceus|\n|poke|p2|Eternatus|\n|teampreview\n|inactive|Battle timer is ON: inactive players will automatically lose when time's up. (requested by Rip nuzlockers)\n|\n|t:|1698498148\n|start\n|switch|p1a: Lucario|Lucario, F, shiny|100\/100\n|switch|p2a: Glimmora|Glimmora, F|100\/100\n|turn|1\n|\n|t:|1698498159\n|-terastallize|p1a: Lucario|Fighting\n|move|p2a: Glimmora|Earth Power|p1a: Lucario\n|-damage|p1a: Lucario|66\/100\n|-unboost|p1a: Lucario|spd|1\n|move|p1a: Lucario|Close Combat|p2a: Glimmora\n|-damage|p2a: Glimmora|11\/100\n|-unboost|p1a: Lucario|def|1\n|-unboost|p1a: Lucario|spd|1\n|-activate|p2a: Glimmora|ability: Toxic Debris\n|-sidestart|p1: goahnGT|move: Toxic Spikes\n|\n|upkeep\n|turn|2\n|\n|t:|1698498172\n|move|p2a: Glimmora|Earth Power|p1a: Lucario\n|-damage|p1a: Lucario|0 fnt\n|faint|p1a: Lucario\n|\n|upkeep\n|\n|t:|1698498178\n|switch|p1a: Charizard|Charizard, F, shiny|100\/100\n|turn|3\n|\n|t:|1698498186\n|move|p2a: Glimmora|Mortal Spin|p1a: Charizard\n|-damage|p1a: Charizard|93\/100\n|-status|p1a: Charizard|psn\n|move|p1a: Charizard|Flamethrower|p2a: Glimmora\n|-resisted|p2a: Glimmora\n|-damage|p2a: Glimmora|0 fnt\n|faint|p2a: Glimmora\n|\n|-damage|p1a: Charizard|81\/100 psn|[from] psn\n|upkeep\n|\n|t:|1698498203\n|switch|p2a: Eternatus|Eternatus|100\/100\n|-ability|p2a: Eternatus|Pressure\n|turn|4\n|\n|t:|1698498210\n|move|p2a: Eternatus|Dynamax Cannon|p1a: Charizard\n|-crit|p1a: Charizard\n|-damage|p1a: Charizard|0 fnt\n|faint|p1a: Charizard\n|\n|upkeep\n|\n|t:|1698498224\n|switch|p1a: Arceus|Arceus-Bug, shiny|100\/100\n|-status|p1a: Arceus|psn\n|turn|5\n|\n|t:|1698498231\n|move|p2a: Eternatus|Dynamax Cannon|p1a: Arceus\n|-damage|p1a: Arceus|61\/100 psn\n|move|p1a: Arceus|Chilling Water|p2a: Eternatus\n|-resisted|p2a: Eternatus\n|-damage|p2a: Eternatus|95\/100\n|-unboost|p2a: Eternatus|atk|1\n|\n|-damage|p1a: Arceus|49\/100 psn|[from] psn\n|upkeep\n|turn|6\n|\n|t:|1698498242\n|move|p2a: Eternatus|Dynamax Cannon|p1a: Arceus\n|-damage|p1a: Arceus|5\/100 psn\n|move|p1a: Arceus|Air Slash|p2a: Eternatus\n|-damage|p2a: Eternatus|78\/100\n|\n|-damage|p1a: Arceus|0 fnt|[from] psn\n|faint|p1a: Arceus\n|upkeep\n|\n|t:|1698498263\n|switch|p1a: Palkia|Palkia-Origin, shiny|100\/100\n|-status|p1a: Palkia|psn\n|-ability|p1a: Palkia|Pressure\n|turn|7\n|\n|t:|1698498271\n|move|p2a: Eternatus|Dynamax Cannon|p1a: Palkia\n|-supereffective|p1a: Palkia\n|-damage|p1a: Palkia|0 fnt\n|faint|p1a: Palkia\n|\n|upkeep\n|\n|t:|1698498277\n|switch|p1a: Miraidon|Miraidon|100\/100\n|-status|p1a: Miraidon|psn\n|-fieldstart|move: Electric Terrain|[from] ability: Hadron Engine|[of] p1a: Miraidon\n|turn|8\n|\n|t:|1698498284\n|move|p2a: Eternatus|Dynamax Cannon|p1a: Miraidon\n|-supereffective|p1a: Miraidon\n|-damage|p1a: Miraidon|10\/100 psn\n|move|p1a: Miraidon|Electro Drift|p2a: Eternatus\n|-resisted|p2a: Eternatus\n|-damage|p2a: Eternatus|43\/100\n|\n|-damage|p1a: Miraidon|0 fnt|[from] psn\n|faint|p1a: Miraidon\n|upkeep\n|\n|t:|1698498294\n|switch|p1a: Koraidon|Koraidon|100\/100\n|-status|p1a: Koraidon|psn\n|-weather|SunnyDay|[from] ability: Orichalcum Pulse|[of] p1a: Koraidon\n|-activate|p1a: Koraidon|Orichalcum Pulse|[source]\n|turn|9\n|\n|t:|1698498302\n|move|p2a: Eternatus|Dynamax Cannon|p1a: Koraidon\n|-supereffective|p1a: Koraidon\n|-damage|p1a: Koraidon|5\/100 psn\n|move|p1a: Koraidon|Focus Blast|p2a: Eternatus\n|-resisted|p2a: Eternatus\n|-damage|p2a: Eternatus|18\/100\n|\n|-weather|SunnyDay|[upkeep]\n|-damage|p1a: Koraidon|0 fnt|[from] psn\n|faint|p1a: Koraidon\n|\n|win|Rip nuzlockers\n|upkeep\n|raw|goahnGT's rating: 1040 &rarr; <strong>1027<\/strong><br \/>(-13 for losing)\n|raw|Rip nuzlockers's rating: 1095 &rarr; <strong>1117<\/strong><br \/>(+22 for winning)\n|l|\u2606goahnGT\n","uploadtime":1698498316,"views":12,"p1id":"goahngt","p2id":"ripnuzlockers","formatid":"gen9ubers","rating":1027,"private":0,"password":""}