{"id":"gen9ubers-1991540116","p1":"troiscaracte","p2":"Snorlaxchef","format":"[Gen 9] Ubers","log":"|j|\u2606troiscaracte\n|j|\u2606Snorlaxchef\n|t:|1700086404\n|gametype|singles\n|player|p1|troiscaracte|alec-anime|1372\n|player|p2|Snorlaxchef|baker|1679\n|teamsize|p1|6\n|teamsize|p2|6\n|gen|9\n|tier|[Gen 9] Ubers\n|rated|\n|rule|Sleep Clause Mod: Limit one foe put to sleep\n|rule|Species Clause: Limit one of each Pok\u00e9mon\n|rule|OHKO Clause: OHKO moves are banned\n|rule|Evasion Items Clause: Evasion items are banned\n|rule|Evasion Moves Clause: Evasion moves are banned\n|rule|Endless Battle Clause: Forcing endless battles is banned\n|rule|HP Percentage Mod: HP is shown in percentages\n|clearpoke\n|poke|p1|Miraidon|\n|poke|p1|Koraidon|\n|poke|p1|Clodsire, M|\n|poke|p1|Skeledirge, M|\n|poke|p1|Corviknight, M|\n|poke|p1|Flutter Mane|\n|poke|p2|Corviknight, F|\n|poke|p2|Blissey, F|\n|poke|p2|Clodsire, M|\n|poke|p2|Dondozo, F|\n|poke|p2|Skeledirge, M|\n|poke|p2|Gliscor, F|\n|teampreview\n|inactive|Battle timer is ON: inactive players will automatically lose when time's up. (requested by Snorlaxchef)\n|\n|t:|1700086416\n|start\n|switch|p1a: Miraidon|Miraidon|100\/100\n|switch|p2a: Gliscor|Gliscor, F|100\/100\n|-fieldstart|move: Electric Terrain|[from] ability: Hadron Engine|[of] p1a: Miraidon\n|turn|1\n|j| Phasmyx\n|\n|t:|1700086422\n|move|p2a: Gliscor|Protect|p2a: Gliscor\n|-singleturn|p2a: Gliscor|Protect\n|move|p1a: Miraidon|U-turn|p2a: Gliscor\n|-activate|p2a: Gliscor|move: Protect\n|\n|-status|p2a: Gliscor|tox|[from] item: Toxic Orb\n|upkeep\n|turn|2\n|\n|t:|1700086432\n|move|p1a: Miraidon|U-turn|p2a: Gliscor\n|-resisted|p2a: Gliscor\n|-damage|p2a: Gliscor|97\/100 tox\n|\n|t:|1700086438\n|switch|p1a: Corviknight|Corviknight, M, shiny|100\/100|[from] U-turn\n|-ability|p1a: Corviknight|Pressure\n|move|p2a: Gliscor|Knock Off|p1a: Corviknight\n|-damage|p1a: Corviknight|85\/100\n|-enditem|p1a: Corviknight|Leftovers|[from] move: Knock Off|[of] p2a: Gliscor\n|\n|-heal|p2a: Gliscor|100\/100 tox|[from] ability: Poison Heal\n|upkeep\n|turn|3\n|\n|t:|1700086450\n|move|p2a: Gliscor|Spikes|p1a: Corviknight\n|-sidestart|p1: troiscaracte|Spikes\n|move|p1a: Corviknight|Iron Head|p2a: Gliscor\n|-damage|p2a: Gliscor|85\/100 tox\n|\n|-heal|p2a: Gliscor|98\/100 tox|[from] ability: Poison Heal\n|upkeep\n|turn|4\n|l| Phasmyx\n|\n|t:|1700086457\n|switch|p2a: Corviknight|Corviknight, F, shiny|100\/100\n|-ability|p2a: Corviknight|Pressure\n|move|p1a: Corviknight|Defog|p2a: Corviknight\n|-unboost|p2a: Corviknight|evasion|1\n|-sideend|p1: troiscaracte|Spikes|[from] move: Defog|[of] p1a: Corviknight\n|-fieldend|move: Electric Terrain\n|\n|upkeep\n|turn|5\n|\n|t:|1700086463\n|switch|p2a: Gliscor|Gliscor, F|98\/100 tox\n|move|p1a: Corviknight|U-turn|p2a: Gliscor\n|-resisted|p2a: Gliscor\n|-crit|p2a: Gliscor\n|-damage|p2a: Gliscor|91\/100 tox\n|\n|t:|1700086476\n|switch|p1a: Koraidon|Koraidon|100\/100|[from] U-turn\n|-weather|SunnyDay|[from] ability: Orichalcum Pulse|[of] p1a: Koraidon\n|-activate|p1a: Koraidon|Orichalcum Pulse|[source]\n|\n|-weather|SunnyDay|[upkeep]\n|-heal|p2a: Gliscor|100\/100 tox|[from] ability: Poison Heal\n|upkeep\n|turn|6\n|\n|t:|1700086480\n|move|p1a: Koraidon|U-turn|p2a: Gliscor\n|-resisted|p2a: Gliscor\n|-damage|p2a: Gliscor|84\/100 tox\n|\n|t:|1700086486\n|switch|p1a: Corviknight|Corviknight, M, shiny|85\/100|[from] U-turn\n|-ability|p1a: Corviknight|Pressure\n|move|p2a: Gliscor|Knock Off|p1a: Corviknight\n|-damage|p1a: Corviknight|75\/100\n|\n|-weather|SunnyDay|[upkeep]\n|-heal|p2a: Gliscor|97\/100 tox|[from] ability: Poison Heal\n|upkeep\n|turn|7\n|\n|t:|1700086494\n|move|p2a: Gliscor|Spikes|p1a: Corviknight\n|-sidestart|p1: troiscaracte|Spikes\n|move|p1a: Corviknight|Iron Head|p2a: Gliscor\n|-damage|p2a: Gliscor|82\/100 tox\n|\n|-weather|SunnyDay|[upkeep]\n|-heal|p2a: Gliscor|95\/100 tox|[from] ability: Poison Heal\n|upkeep\n|turn|8\n|\n|t:|1700086500\n|move|p2a: Gliscor|Spikes|p1a: Corviknight\n|-sidestart|p1: troiscaracte|Spikes\n|move|p1a: Corviknight|Defog|p2a: Gliscor\n|-unboost|p2a: Gliscor|evasion|1\n|-sideend|p1: troiscaracte|Spikes|[from] move: Defog|[of] p1a: Corviknight\n|\n|-weather|SunnyDay|[upkeep]\n|-heal|p2a: Gliscor|100\/100 tox|[from] ability: Poison Heal\n|upkeep\n|turn|9\n|\n|t:|1700086511\n|move|p2a: Gliscor|Spikes|p1a: Corviknight\n|-sidestart|p1: troiscaracte|Spikes\n|move|p1a: Corviknight|U-turn|p2a: Gliscor\n|-resisted|p2a: Gliscor\n|-damage|p2a: Gliscor|97\/100 tox\n|\n|t:|1700086516\n|switch|p1a: Koraidon|Koraidon|100\/100|[from] U-turn\n|-damage|p1a: Koraidon|88\/100|[from] Spikes\n|-activate|p1a: Koraidon|ability: Orichalcum Pulse\n|\n|-weather|none\n|-heal|p2a: Gliscor|100\/100 tox|[from] ability: Poison Heal\n|upkeep\n|turn|10\n|\n|t:|1700086528\n|move|p2a: Gliscor|Protect|p2a: Gliscor\n|-singleturn|p2a: Gliscor|Protect\n|move|p1a: Koraidon|U-turn|p2a: Gliscor\n|-activate|p2a: Gliscor|move: Protect\n|\n|upkeep\n|turn|11\n|\n|t:|1700086536\n|switch|p2a: Clodsire|Clodsire, M|100\/100\n|move|p1a: Koraidon|U-turn|p2a: Clodsire\n|-resisted|p2a: Clodsire\n|-damage|p2a: Clodsire|82\/100\n|\n|t:|1700086562\n|switch|p1a: Corviknight|Corviknight, M, shiny|75\/100|[from] U-turn\n|-ability|p1a: Corviknight|Pressure\n|\n|upkeep\n|turn|12\n|\n|t:|1700086571\n|move|p1a: Corviknight|Iron Head|p2a: Clodsire\n|-damage|p2a: Clodsire|53\/100\n|move|p2a: Clodsire|Spikes|p1a: Corviknight\n|-sidestart|p1: troiscaracte|Spikes\n|\n|upkeep\n|turn|13\n|\n|t:|1700086576\n|move|p1a: Corviknight|Iron Head|p2a: Clodsire\n|-damage|p2a: Clodsire|27\/100\n|cant|p2a: Clodsire|flinch\n|\n|upkeep\n|turn|14\n|\n|t:|1700086581\n|move|p1a: Corviknight|Iron Head|p2a: Clodsire\n|-damage|p2a: Clodsire|0 fnt\n|faint|p2a: Clodsire\n|\n|upkeep\n|c|\u2606Snorlaxchef|Wow\n|\n|t:|1700086589\n|switch|p2a: Skeledirge|Skeledirge, M|100\/100\n|turn|15\n|c|\u2606troiscaracte|iron headed\n|\n|t:|1700086608\n|switch|p1a: Clodsire|Clodsire, M|100\/100\n|-damage|p1a: Clodsire|84\/100|[from] Spikes\n|move|p2a: Skeledirge|Hex|p1a: Clodsire\n|-damage|p1a: Clodsire|71\/100\n|\n|-heal|p1a: Clodsire|77\/100|[from] item: Leftovers\n|upkeep\n|turn|16\n|\n|t:|1700086617\n|switch|p2a: Gliscor|Gliscor, F|100\/100 tox\n|move|p1a: Clodsire|Toxic|p2a: Gliscor\n|-fail|p2a: Gliscor|tox\n|\n|-heal|p1a: Clodsire|83\/100|[from] item: Leftovers\n|upkeep\n|turn|17\n|\n|t:|1700086623\n|switch|p2a: Corviknight|Corviknight, F, shiny|100\/100\n|-ability|p2a: Corviknight|Pressure\n|switch|p1a: Corviknight|Corviknight, M, shiny|75\/100\n|-ability|p1a: Corviknight|Pressure\n|\n|upkeep\n|turn|18\n|\n|t:|1700086628\n|move|p2a: Corviknight|Steel Wing|p1a: Corviknight\n|-resisted|p1a: Corviknight\n|-damage|p1a: Corviknight|68\/100\n|move|p1a: Corviknight|Defog|p2a: Corviknight\n|-unboost|p2a: Corviknight|evasion|1\n|-sideend|p1: troiscaracte|Spikes|[from] move: Defog|[of] p1a: Corviknight\n|\n|upkeep\n|turn|19\n|\n|t:|1700086636\n|switch|p2a: Gliscor|Gliscor, F|100\/100 tox\n|move|p1a: Corviknight|U-turn|p2a: Gliscor\n|-resisted|p2a: Gliscor\n|-damage|p2a: Gliscor|96\/100 tox\n|\n|t:|1700086641\n|switch|p1a: Koraidon|Koraidon|88\/100|[from] U-turn\n|-weather|SunnyDay|[from] ability: Orichalcum Pulse|[of] p1a: Koraidon\n|-activate|p1a: Koraidon|Orichalcum Pulse|[source]\n|\n|-weather|SunnyDay|[upkeep]\n|-heal|p2a: Gliscor|100\/100 tox|[from] ability: Poison Heal\n|upkeep\n|turn|20\n|\n|t:|1700086644\n|move|p2a: Gliscor|Protect|p2a: Gliscor\n|-singleturn|p2a: Gliscor|Protect\n|move|p1a: Koraidon|U-turn|p2a: Gliscor\n|-activate|p2a: Gliscor|move: Protect\n|\n|-weather|SunnyDay|[upkeep]\n|upkeep\n|turn|21\n|\n|t:|1700086650\n|move|p1a: Koraidon|U-turn|p2a: Gliscor\n|-resisted|p2a: Gliscor\n|-damage|p2a: Gliscor|86\/100 tox\n|\n|t:|1700086654\n|switch|p1a: Corviknight|Corviknight, M, shiny|68\/100|[from] U-turn\n|-ability|p1a: Corviknight|Pressure\n|move|p2a: Gliscor|Spikes|p1a: Corviknight\n|-sidestart|p1: troiscaracte|Spikes\n|\n|-weather|SunnyDay|[upkeep]\n|-heal|p2a: Gliscor|99\/100 tox|[from] ability: Poison Heal\n|upkeep\n|turn|22\n|\n|t:|1700086661\n|switch|p2a: Skeledirge|Skeledirge, M|100\/100\n|move|p1a: Corviknight|Iron Head|p2a: Skeledirge\n|-resisted|p2a: Skeledirge\n|-damage|p2a: Skeledirge|93\/100\n|\n|-weather|SunnyDay|[upkeep]\n|upkeep\n|turn|23\n|\n|t:|1700086667\n|move|p1a: Corviknight|U-turn|p2a: Skeledirge\n|-resisted|p2a: Skeledirge\n|-damage|p2a: Skeledirge|91\/100\n|\n|t:|1700086670\n|switch|p1a: Clodsire|Clodsire, M|83\/100|[from] U-turn\n|-damage|p1a: Clodsire|71\/100|[from] Spikes\n|move|p2a: Skeledirge|Torch Song|p1a: Clodsire\n|-damage|p1a: Clodsire|46\/100\n|-boost|p2a: Skeledirge|spa|1\n|\n|-weather|none\n|-heal|p1a: Clodsire|52\/100|[from] item: Leftovers\n|upkeep\n|turn|24\n|\n|t:|1700086678\n|move|p2a: Skeledirge|Torch Song|p1a: Clodsire\n|-damage|p1a: Clodsire|27\/100\n|-boost|p2a: Skeledirge|spa|1\n|move|p1a: Clodsire|Toxic|p2a: Skeledirge\n|-status|p2a: Skeledirge|tox\n|\n|-heal|p1a: Clodsire|33\/100|[from] item: Leftovers\n|-damage|p2a: Skeledirge|85\/100 tox|[from] psn\n|upkeep\n|turn|25\n|\n|t:|1700086690\n|switch|p1a: Skeledirge|Skeledirge, M|100\/100\n|move|p2a: Skeledirge|Torch Song|p1a: Skeledirge\n|-resisted|p1a: Skeledirge\n|-damage|p1a: Skeledirge|85\/100\n|-boost|p2a: Skeledirge|spa|1\n|\n|-damage|p2a: Skeledirge|73\/100 tox|[from] psn\n|upkeep\n|turn|26\n|\n|t:|1700086697\n|switch|p2a: Gliscor|Gliscor, F|99\/100 tox\n|move|p1a: Skeledirge|Hex|p2a: Gliscor\n|-damage|p2a: Gliscor|39\/100 tox\n|\n|-heal|p2a: Gliscor|52\/100 tox|[from] ability: Poison Heal\n|upkeep\n|turn|27\n|\n|t:|1700086704\n|switch|p1a: Corviknight|Corviknight, M, shiny|68\/100\n|-ability|p1a: Corviknight|Pressure\n|move|p2a: Gliscor|Protect||[still]\n|-fail|p2a: Gliscor\n|\n|-heal|p2a: Gliscor|64\/100 tox|[from] ability: Poison Heal\n|upkeep\n|turn|28\n|\n|t:|1700086715\n|switch|p2a: Corviknight|Corviknight, F, shiny|100\/100\n|-ability|p2a: Corviknight|Pressure\n|move|p1a: Corviknight|Iron Head|p2a: Corviknight\n|-resisted|p2a: Corviknight\n|-damage|p2a: Corviknight|93\/100\n|\n|-heal|p2a: Corviknight|99\/100|[from] item: Leftovers\n|upkeep\n|turn|29\n|\n|t:|1700086719\n|move|p2a: Corviknight|Steel Wing|p1a: Corviknight\n|-resisted|p1a: Corviknight\n|-damage|p1a: Corviknight|61\/100\n|move|p1a: Corviknight|U-turn|p2a: Corviknight\n|-resisted|p2a: Corviknight\n|-damage|p2a: Corviknight|97\/100\n|\n|t:|1700086725\n|switch|p1a: Miraidon|Miraidon|100\/100|[from] U-turn\n|-damage|p1a: Miraidon|88\/100|[from] Spikes\n|-fieldstart|move: Electric Terrain|[from] ability: Hadron Engine|[of] p1a: Miraidon\n|\n|-heal|p2a: Corviknight|100\/100|[from] item: Leftovers\n|upkeep\n|turn|30\n|\n|t:|1700086731\n|move|p2a: Corviknight|Protect|p2a: Corviknight\n|-singleturn|p2a: Corviknight|Protect\n|move|p1a: Miraidon|Draco Meteor|p2a: Corviknight\n|-activate|p2a: Corviknight|move: Protect\n|\n|upkeep\n|turn|31\n|\n|t:|1700086740\n|switch|p1a: Corviknight|Corviknight, M, shiny|61\/100\n|-ability|p1a: Corviknight|Pressure\n|move|p2a: Corviknight|Roost||[still]\n|-fail|p2a: Corviknight|heal\n|\n|upkeep\n|turn|32\n|\n|t:|1700086749\n|move|p2a: Corviknight|Steel Wing|p1a: Corviknight\n|-resisted|p1a: Corviknight\n|-damage|p1a: Corviknight|54\/100\n|move|p1a: Corviknight|U-turn|p2a: Corviknight\n|-resisted|p2a: Corviknight\n|-damage|p2a: Corviknight|98\/100\n|\n|t:|1700086753\n|switch|p1a: Miraidon|Miraidon|88\/100|[from] U-turn\n|-damage|p1a: Miraidon|76\/100|[from] Spikes\n|-activate|p1a: Miraidon|ability: Hadron Engine\n|\n|-heal|p2a: Corviknight|100\/100|[from] item: Leftovers\n|upkeep\n|turn|33\n|\n|t:|1700086758\n|switch|p1a: Corviknight|Corviknight, M, shiny|54\/100\n|-ability|p1a: Corviknight|Pressure\n|move|p2a: Corviknight|Protect||[still]\n|-fail|p2a: Corviknight\n|\n|-fieldend|move: Electric Terrain\n|upkeep\n|turn|34\n|\n|t:|1700086766\n|move|p2a: Corviknight|Steel Wing|p1a: Corviknight|[miss]\n|-miss|p2a: Corviknight|p1a: Corviknight\n|move|p1a: Corviknight|Roost|p1a: Corviknight\n|-heal|p1a: Corviknight|100\/100\n|-singleturn|p1a: Corviknight|move: Roost\n|\n|upkeep\n|turn|35\n|\n|t:|1700086775\n|move|p2a: Corviknight|Steel Wing|p1a: Corviknight\n|-resisted|p1a: Corviknight\n|-damage|p1a: Corviknight|94\/100\n|move|p1a: Corviknight|U-turn|p2a: Corviknight\n|-resisted|p2a: Corviknight\n|-damage|p2a: Corviknight|98\/100\n|\n|t:|1700086783\n|switch|p1a: Clodsire|Clodsire, M|33\/100|[from] U-turn\n|-damage|p1a: Clodsire|20\/100|[from] Spikes\n|\n|-heal|p2a: Corviknight|100\/100|[from] item: Leftovers\n|-heal|p1a: Clodsire|27\/100|[from] item: Leftovers\n|upkeep\n|turn|36\n|\n|t:|1700086788\n|move|p2a: Corviknight|Steel Wing|p1a: Clodsire\n|-damage|p1a: Clodsire|1\/100\n|move|p1a: Clodsire|Recover|p1a: Clodsire\n|-heal|p1a: Clodsire|51\/100\n|\n|-heal|p1a: Clodsire|58\/100|[from] item: Leftovers\n|upkeep\n|turn|37\n|\n|t:|1700086798\n|switch|p2a: Gliscor|Gliscor, F|64\/100 tox\n|switch|p1a: Corviknight|Corviknight, M, shiny|94\/100\n|-ability|p1a: Corviknight|Pressure\n|\n|-heal|p2a: Gliscor|76\/100 tox|[from] ability: Poison Heal\n|upkeep\n|turn|38\n|\n|t:|1700086803\n|move|p2a: Gliscor|Spikes|p1a: Corviknight\n|-sidestart|p1: troiscaracte|Spikes\n|move|p1a: Corviknight|Defog|p2a: Gliscor\n|-unboost|p2a: Gliscor|evasion|1\n|-sideend|p1: troiscaracte|Spikes|[from] move: Defog|[of] p1a: Corviknight\n|\n|-heal|p2a: Gliscor|89\/100 tox|[from] ability: Poison Heal\n|upkeep\n|turn|39\n|\n|t:|1700086810\n|move|p2a: Gliscor|Spikes|p1a: Corviknight\n|-sidestart|p1: troiscaracte|Spikes\n|move|p1a: Corviknight|U-turn|p2a: Gliscor\n|-resisted|p2a: Gliscor\n|-crit|p2a: Gliscor\n|-damage|p2a: Gliscor|82\/100 tox\n|\n|t:|1700086817\n|switch|p1a: Skeledirge|Skeledirge, M|85\/100|[from] U-turn\n|\n|-heal|p2a: Gliscor|95\/100 tox|[from] ability: Poison Heal\n|upkeep\n|turn|40\n|\n|t:|1700086822\n|switch|p1a: Corviknight|Corviknight, M, shiny|94\/100\n|-ability|p1a: Corviknight|Pressure\n|move|p2a: Gliscor|Knock Off|p1a: Corviknight\n|-damage|p1a: Corviknight|85\/100\n|\n|-heal|p2a: Gliscor|100\/100 tox|[from] ability: Poison Heal\n|upkeep\n|turn|41\n|\n|t:|1700086830\n|switch|p2a: Corviknight|Corviknight, F, shiny|100\/100\n|-ability|p2a: Corviknight|Pressure\n|move|p1a: Corviknight|Iron Head|p2a: Corviknight\n|-resisted|p2a: Corviknight\n|-damage|p2a: Corviknight|93\/100\n|\n|-heal|p2a: Corviknight|99\/100|[from] item: Leftovers\n|upkeep\n|turn|42\n|\n|t:|1700086840\n|move|p2a: Corviknight|Steel Wing|p1a: Corviknight\n|-resisted|p1a: Corviknight\n|-damage|p1a: Corviknight|77\/100\n|move|p1a: Corviknight|U-turn|p2a: Corviknight\n|-resisted|p2a: Corviknight\n|-damage|p2a: Corviknight|98\/100\n|\n|t:|1700086850\n|switch|p1a: Miraidon|Miraidon|76\/100|[from] U-turn\n|-damage|p1a: Miraidon|64\/100|[from] Spikes\n|-fieldstart|move: Electric Terrain|[from] ability: Hadron Engine|[of] p1a: Miraidon\n|\n|-heal|p2a: Corviknight|100\/100|[from] item: Leftovers\n|upkeep\n|turn|43\n|\n|t:|1700086858\n|switch|p1a: Corviknight|Corviknight, M, shiny|77\/100\n|-ability|p1a: Corviknight|Pressure\n|move|p2a: Corviknight|Protect||[still]\n|-fail|p2a: Corviknight\n|\n|upkeep\n|turn|44\n|c|\u2606troiscaracte|pressure don't work on protect?\n|\n|t:|1700086877\n|switch|p2a: Gliscor|Gliscor, F|100\/100 tox\n|move|p1a: Corviknight|Defog|p2a: Gliscor\n|-unboost|p2a: Gliscor|evasion|1\n|-sideend|p1: troiscaracte|Spikes|[from] move: Defog|[of] p1a: Corviknight\n|-fieldend|move: Electric Terrain\n|\n|upkeep\n|turn|45\n|\n|t:|1700086882\n|move|p2a: Gliscor|Knock Off|p1a: Corviknight\n|-damage|p1a: Corviknight|67\/100\n|move|p1a: Corviknight|Iron Head|p2a: Gliscor\n|-damage|p2a: Gliscor|86\/100 tox\n|\n|-heal|p2a: Gliscor|98\/100 tox|[from] ability: Poison Heal\n|upkeep\n|turn|46\n|\n|t:|1700086889\n|move|p2a: Gliscor|Protect|p2a: Gliscor\n|-singleturn|p2a: Gliscor|Protect\n|move|p1a: Corviknight|U-turn|p2a: Gliscor\n|-activate|p2a: Gliscor|move: Protect\n|\n|-heal|p2a: Gliscor|100\/100 tox|[from] ability: Poison Heal\n|upkeep\n|turn|47\n|\n|t:|1700086895\n|switch|p2a: Corviknight|Corviknight, F, shiny|100\/100\n|-ability|p2a: Corviknight|Pressure\n|move|p1a: Corviknight|Iron Head|p2a: Corviknight\n|-resisted|p2a: Corviknight\n|-damage|p2a: Corviknight|92\/100\n|\n|-heal|p2a: Corviknight|99\/100|[from] item: Leftovers\n|upkeep\n|turn|48\n|\n|t:|1700086899\n|switch|p2a: Gliscor|Gliscor, F|100\/100 tox\n|move|p1a: Corviknight|U-turn|p2a: Gliscor\n|-resisted|p2a: Gliscor\n|-damage|p2a: Gliscor|97\/100 tox\n|\n|t:|1700086908\n|switch|p1a: Flutter Mane|Flutter Mane|100\/100|[from] U-turn\n|\n|-heal|p2a: Gliscor|100\/100 tox|[from] ability: Poison Heal\n|upkeep\n|turn|49\n|\n|t:|1700086912\n|move|p1a: Flutter Mane|Calm Mind|p1a: Flutter Mane\n|-boost|p1a: Flutter Mane|spa|1\n|-boost|p1a: Flutter Mane|spd|1\n|move|p2a: Gliscor|Knock Off|p1a: Flutter Mane\n|-damage|p1a: Flutter Mane|50\/100\n|-enditem|p1a: Flutter Mane|Life Orb|[from] move: Knock Off|[of] p2a: Gliscor\n|\n|upkeep\n|turn|50\n|\n|t:|1700086917\n|move|p2a: Gliscor|Protect|p2a: Gliscor\n|-singleturn|p2a: Gliscor|Protect\n|move|p1a: Flutter Mane|Moonblast|p2a: Gliscor\n|-activate|p2a: Gliscor|move: Protect\n|\n|upkeep\n|turn|51\n|\n|t:|1700086922\n|move|p1a: Flutter Mane|Moonblast|p2a: Gliscor\n|-crit|p2a: Gliscor\n|-damage|p2a: Gliscor|0 fnt\n|faint|p2a: Gliscor\n|\n|upkeep\n|c|\u2606Snorlaxchef|Jajajajajajajajja\n|c|\u2606Snorlaxchef|the flinch and the crit\n|-message|Snorlaxchef forfeited.\n|\n|win|troiscaracte\n|raw|troiscaracte's rating: 1372 &rarr; <strong>1406<\/strong><br \/>(+34 for winning)\n|raw|Snorlaxchef's rating: 1679 &rarr; <strong>1645<\/strong><br \/>(-34 for losing)\n|l|\u2606Snorlaxchef\n|c|\u2606troiscaracte|+1 252 SpA Flutter Mane Moonblast vs. 252 HP \/ 0 SpD Gliscor: 304-358 (85.8 - 101.1%) -- 12.5% chance to OHKO\n","uploadtime":1700087002,"views":8,"p1id":"troiscaracte","p2id":"snorlaxchef","formatid":"gen9ubers","rating":1406,"private":0,"password":""}