{"id":"gen9ubers-1982750406","p1":"Zenadark","p2":"Vilja RPPLF","format":"[Gen 9] Ubers","log":"|j|\u2606Zenadark\n|j|\u2606Vilja RPPLF\n|t:|1699041390\n|gametype|singles\n|player|p1|Zenadark|#stt5noadkokoroyal|\n|player|p2|Vilja RPPLF|n-masters3|\n|teamsize|p1|6\n|teamsize|p2|6\n|gen|9\n|tier|[Gen 9] Ubers\n|rule|Sleep Clause Mod: Limit one foe put to sleep\n|rule|Species Clause: Limit one of each Pok\u00e9mon\n|rule|OHKO Clause: OHKO moves are banned\n|rule|Evasion Items Clause: Evasion items are banned\n|rule|Evasion Moves Clause: Evasion moves are banned\n|rule|Endless Battle Clause: Forcing endless battles is banned\n|rule|HP Percentage Mod: HP is shown in percentages\n|clearpoke\n|poke|p1|Munkidori, M|\n|poke|p1|Jirachi|\n|poke|p1|Mandibuzz, F|\n|poke|p1|Gliscor, M|\n|poke|p1|Gallade, M|\n|poke|p1|Dragonite, M|\n|poke|p2|Dragapult, F|\n|poke|p2|Greninja-*, M|\n|poke|p2|Moltres|\n|poke|p2|Clodsire, F|\n|poke|p2|Cresselia, F|\n|poke|p2|Conkeldurr, M|\n|teampreview\n|inactive|Battle timer is ON: inactive players will automatically lose when time's up. (requested by Vilja RPPLF)\n|c|\u2606Zenadark|hf\n|c|\u2606Vilja RPPLF|glhf\n|c|\u2606Zenadark|ca m a l air violent pour une team a 10 pts mdr\n|c|\u2606Vilja RPPLF|h\u00e9h\u00e9\n|inactive|Vilja RPPLF has 270 seconds left.\n|c|\u2606Vilja RPPLF|j'aime bcp cte team\n|inactiveoff|Battle timer is now OFF.\n|\n|t:|1699041429\n|start\n|switch|p1a: Munkidori|Munkidori, M|100\/100\n|switch|p2a: Dragapult|Dragapult, F, shiny|100\/100\n|turn|1\n|\n|t:|1699041444\n|switch|p1a: Mandibuzz|Mandibuzz, F|100\/100\n|move|p2a: Dragapult|U-turn|p1a: Mandibuzz\n|-damage|p1a: Mandibuzz|70\/100\n|\n|t:|1699041452\n|switch|p2a: Greninja|Greninja, M|100\/100|[from] U-turn\n|\n|upkeep\n|turn|2\n|\n|t:|1699041461\n|move|p2a: Greninja|Surf|p1a: Mandibuzz\n|-damage|p1a: Mandibuzz|46\/100\n|move|p1a: Mandibuzz|Roost|p1a: Mandibuzz\n|-heal|p1a: Mandibuzz|96\/100\n|-singleturn|p1a: Mandibuzz|move: Roost\n|\n|upkeep\n|turn|3\n|\n|t:|1699041467\n|switch|p2a: Moltres|Moltres|100\/100\n|move|p1a: Mandibuzz|U-turn|p2a: Moltres\n|-resisted|p2a: Moltres\n|-damage|p2a: Moltres|99\/100\n|-status|p1a: Mandibuzz|brn|[from] ability: Flame Body|[of] p2a: Moltres\n|\n|t:|1699041481\n|switch|p1a: Gliscor|Gliscor, M, shiny|100\/100|[from] U-turn\n|\n|-status|p1a: Gliscor|tox|[from] item: Toxic Orb\n|upkeep\n|turn|4\n|\n|t:|1699041495\n|switch|p2a: Cresselia|Cresselia, F, shiny|100\/100\n|move|p1a: Gliscor|Stealth Rock|p2a: Cresselia\n|-sidestart|p2: Vilja RPPLF|move: Stealth Rock\n|\n|upkeep\n|turn|5\n|\n|t:|1699041500\n|switch|p1a: Munkidori|Munkidori, M|100\/100\n|-terastallize|p2a: Cresselia|Poison\n|move|p2a: Cresselia|Calm Mind|p2a: Cresselia\n|-boost|p2a: Cresselia|spa|1\n|-boost|p2a: Cresselia|spd|1\n|\n|upkeep\n|turn|6\n|\n|t:|1699041506\n|move|p1a: Munkidori|Psychic|p2a: Cresselia\n|-supereffective|p2a: Cresselia\n|-damage|p2a: Cresselia|35\/100\n|move|p2a: Cresselia|Calm Mind|p2a: Cresselia\n|-boost|p2a: Cresselia|spa|1\n|-boost|p2a: Cresselia|spd|1\n|\n|-heal|p2a: Cresselia|41\/100|[from] item: Leftovers\n|upkeep\n|turn|7\n|\n|t:|1699041514\n|move|p1a: Munkidori|Psychic|p2a: Cresselia\n|-supereffective|p2a: Cresselia\n|-damage|p2a: Cresselia|0 fnt\n|faint|p2a: Cresselia\n|\n|upkeep\n|\n|t:|1699041517\n|switch|p2a: Greninja|Greninja, M|100\/100\n|-damage|p2a: Greninja|88\/100|[from] Stealth Rock\n|turn|8\n|\n|t:|1699041527\n|switch|p1a: Mandibuzz|Mandibuzz, F|96\/100 brn\n|move|p2a: Greninja|Surf|p1a: Mandibuzz\n|-damage|p1a: Mandibuzz|69\/100 brn\n|\n|-damage|p1a: Mandibuzz|63\/100 brn|[from] brn\n|upkeep\n|turn|9\n|\n|t:|1699041534\n|move|p2a: Greninja|Surf|p1a: Mandibuzz\n|-damage|p1a: Mandibuzz|38\/100 brn\n|move|p1a: Mandibuzz|U-turn|p2a: Greninja\n|-supereffective|p2a: Greninja\n|-damage|p2a: Greninja|65\/100\n|\n|t:|1699041547\n|switch|p1a: Gallade|Gallade, M, shiny|100\/100|[from] U-turn\n|\n|upkeep\n|turn|10\n|\n|t:|1699041554\n|switch|p2a: Moltres|Moltres|99\/100\n|move|p1a: Gallade|Trick|p2a: Moltres\n|-activate|p1a: Gallade|move: Trick|[of] p2a: Moltres\n|-item|p2a: Moltres|Choice Scarf|[from] move: Trick\n|-item|p1a: Gallade|Heavy-Duty Boots|[from] move: Trick\n|\n|upkeep\n|turn|11\n|\n|t:|1699041566\n|switch|p1a: Gliscor|Gliscor, M, shiny|100\/100 tox\n|move|p2a: Moltres|U-turn|p1a: Gliscor\n|-resisted|p1a: Gliscor\n|-crit|p1a: Gliscor\n|-damage|p1a: Gliscor|92\/100 tox\n|\n|t:|1699041575\n|switch|p2a: Greninja|Greninja, M|65\/100|[from] U-turn\n|-damage|p2a: Greninja|53\/100|[from] Stealth Rock\n|\n|-heal|p1a: Gliscor|100\/100 tox|[from] ability: Poison Heal\n|upkeep\n|turn|12\n|\n|t:|1699041586\n|switch|p1a: Mandibuzz|Mandibuzz, F|38\/100 brn\n|move|p2a: Greninja|Surf|p1a: Mandibuzz\n|-damage|p1a: Mandibuzz|12\/100 brn\n|\n|-damage|p1a: Mandibuzz|6\/100 brn|[from] brn\n|upkeep\n|turn|13\n|\n|t:|1699041595\n|move|p2a: Greninja|Surf|p1a: Mandibuzz\n|-damage|p1a: Mandibuzz|0 fnt\n|faint|p1a: Mandibuzz\n|-ability|p2a: Greninja|Battle Bond|boost\n|-boost|p2a: Greninja|atk|1\n|-boost|p2a: Greninja|spa|1\n|-boost|p2a: Greninja|spe|1\n|-activate|p2a: Greninja|ability: Battle Bond\n|\n|upkeep\n|\n|t:|1699041615\n|switch|p1a: Dragonite|Dragonite, M, shiny|100\/100\n|turn|14\n|\n|t:|1699041624\n|move|p1a: Dragonite|Extreme Speed|p2a: Greninja\n|-damage|p2a: Greninja|4\/100\n|move|p2a: Greninja|Dark Pulse|p1a: Dragonite\n|-damage|p1a: Dragonite|71\/100\n|\n|upkeep\n|turn|15\n|\n|t:|1699041634\n|switch|p2a: Moltres|Moltres|99\/100\n|-damage|p2a: Moltres|49\/100|[from] Stealth Rock\n|move|p1a: Dragonite|Extreme Speed|p2a: Moltres\n|-crit|p2a: Moltres\n|-damage|p2a: Moltres|17\/100\n|-status|p1a: Dragonite|brn|[from] ability: Flame Body|[of] p2a: Moltres\n|-enditem|p1a: Dragonite|Lum Berry|[eat]\n|-curestatus|p1a: Dragonite|brn|[msg]\n|\n|upkeep\n|turn|16\n|\n|t:|1699041645\n|move|p1a: Dragonite|Extreme Speed|p2a: Moltres\n|-damage|p2a: Moltres|0 fnt\n|faint|p2a: Moltres\n|\n|upkeep\n|\n|t:|1699041650\n|switch|p2a: Conkeldurr|Conkeldurr, M|100\/100\n|-damage|p2a: Conkeldurr|94\/100|[from] Stealth Rock\n|turn|17\n|\n|t:|1699041662\n|move|p1a: Dragonite|Hurricane|p2a: Conkeldurr|[miss]\n|-miss|p1a: Dragonite|p2a: Conkeldurr\n|move|p2a: Conkeldurr|Facade|p1a: Dragonite\n|-damage|p1a: Dragonite|42\/100\n|\n|-status|p2a: Conkeldurr|brn|[from] item: Flame Orb\n|upkeep\n|turn|18\n|\n|t:|1699041673\n|move|p1a: Dragonite|Hurricane|p2a: Conkeldurr|[miss]\n|-miss|p1a: Dragonite|p2a: Conkeldurr\n|move|p2a: Conkeldurr|Facade|p1a: Dragonite\n|-damage|p1a: Dragonite|0 fnt\n|faint|p1a: Dragonite\n|\n|-damage|p2a: Conkeldurr|88\/100 brn|[from] brn\n|upkeep\n|\n|t:|1699041682\n|switch|p1a: Gallade|Gallade, M, shiny|100\/100\n|turn|19\n|\n|t:|1699041691\n|move|p1a: Gallade|Psycho Cut|p2a: Conkeldurr\n|-supereffective|p2a: Conkeldurr\n|-damage|p2a: Conkeldurr|1\/100 brn\n|move|p2a: Conkeldurr|Facade|p1a: Gallade\n|-damage|p1a: Gallade|0 fnt\n|faint|p1a: Gallade\n|\n|-damage|p2a: Conkeldurr|0 fnt|[from] brn\n|faint|p2a: Conkeldurr\n|upkeep\n|\n|t:|1699041709\n|switch|p1a: Munkidori|Munkidori, M|100\/100\n|switch|p2a: Dragapult|Dragapult, F, shiny|100\/100\n|-damage|p2a: Dragapult|88\/100|[from] Stealth Rock\n|turn|20\n|\n|t:|1699041726\n|switch|p1a: Gliscor|Gliscor, M, shiny|100\/100 tox\n|move|p2a: Dragapult|Dragon Darts|p1a: Gliscor\n|-damage|p1a: Gliscor|70\/100 tox\n|-anim|p2a: Dragapult|Dragon Darts|p1a: Gliscor\n|-damage|p1a: Gliscor|39\/100 tox\n|\n|-heal|p1a: Gliscor|51\/100 tox|[from] ability: Poison Heal\n|upkeep\n|turn|21\n|\n|t:|1699041735\n|move|p1a: Gliscor|Protect|p1a: Gliscor\n|-singleturn|p1a: Gliscor|Protect\n|move|p2a: Dragapult|Dragon Darts|p1a: Gliscor\n|-activate|p1a: Gliscor|move: Protect\n|\n|-heal|p1a: Gliscor|64\/100 tox|[from] ability: Poison Heal\n|upkeep\n|turn|22\n|\n|t:|1699041742\n|move|p2a: Dragapult|Dragon Darts|p1a: Gliscor\n|-damage|p1a: Gliscor|34\/100 tox\n|-anim|p2a: Dragapult|Dragon Darts|p1a: Gliscor\n|-damage|p1a: Gliscor|2\/100 tox\n|move|p1a: Gliscor|Toxic|p2a: Dragapult\n|-status|p2a: Dragapult|tox\n|\n|-damage|p2a: Dragapult|82\/100 tox|[from] psn\n|-heal|p1a: Gliscor|14\/100 tox|[from] ability: Poison Heal\n|upkeep\n|turn|23\n|\n|t:|1699041758\n|switch|p2a: Greninja|Greninja, M|4\/100\n|-damage|p2a: Greninja|0 fnt|[from] Stealth Rock\n|faint|p2a: Greninja\n|move|p1a: Gliscor|Protect||[still]\n|-fail|p1a: Gliscor\n|\n|-heal|p1a: Gliscor|26\/100 tox|[from] ability: Poison Heal\n|upkeep\n|\n|t:|1699041762\n|switch|p2a: Dragapult|Dragapult, F, shiny|82\/100 tox\n|-damage|p2a: Dragapult|70\/100 tox|[from] Stealth Rock\n|turn|24\n|\n|t:|1699041766\n|move|p1a: Gliscor|Protect|p1a: Gliscor\n|-singleturn|p1a: Gliscor|Protect\n|move|p2a: Dragapult|Dragon Darts|p1a: Gliscor\n|-activate|p1a: Gliscor|move: Protect\n|\n|-damage|p2a: Dragapult|64\/100 tox|[from] psn\n|-heal|p1a: Gliscor|39\/100 tox|[from] ability: Poison Heal\n|upkeep\n|turn|25\n|\n|t:|1699041824\n|move|p2a: Dragapult|Dragon Darts|p1a: Gliscor\n|-damage|p1a: Gliscor|5\/100 tox\n|-anim|p2a: Dragapult|Dragon Darts|p1a: Gliscor\n|-damage|p1a: Gliscor|0 fnt\n|faint|p1a: Gliscor\n|\n|-damage|p2a: Dragapult|52\/100 tox|[from] psn\n|upkeep\n|\n|t:|1699041826\n|switch|p1a: Jirachi|Jirachi|100\/100\n|turn|26\n|\n|t:|1699041829\n|switch|p2a: Clodsire|Clodsire, F, shiny|100\/100\n|-damage|p2a: Clodsire|94\/100|[from] Stealth Rock\n|move|p1a: Jirachi|Cosmic Power|p1a: Jirachi\n|-boost|p1a: Jirachi|def|1\n|-boost|p1a: Jirachi|spd|1\n|\n|-heal|p2a: Clodsire|100\/100|[from] item: Black Sludge\n|upkeep\n|turn|27\n|\n|t:|1699041845\n|move|p1a: Jirachi|Cosmic Power|p1a: Jirachi\n|-boost|p1a: Jirachi|def|1\n|-boost|p1a: Jirachi|spd|1\n|move|p2a: Clodsire|Earthquake|p1a: Jirachi\n|-supereffective|p1a: Jirachi\n|-damage|p1a: Jirachi|81\/100\n|\n|-heal|p1a: Jirachi|87\/100|[from] item: Leftovers\n|upkeep\n|turn|28\n|\n|t:|1699041850\n|move|p1a: Jirachi|Calm Mind|p1a: Jirachi\n|-boost|p1a: Jirachi|spa|1\n|-boost|p1a: Jirachi|spd|1\n|move|p2a: Clodsire|Earthquake|p1a: Jirachi\n|-supereffective|p1a: Jirachi\n|-damage|p1a: Jirachi|67\/100\n|\n|-heal|p1a: Jirachi|73\/100|[from] item: Leftovers\n|upkeep\n|turn|29\n|\n|t:|1699041854\n|move|p1a: Jirachi|Calm Mind|p1a: Jirachi\n|-boost|p1a: Jirachi|spa|1\n|-boost|p1a: Jirachi|spd|1\n|move|p2a: Clodsire|Earthquake|p1a: Jirachi\n|-supereffective|p1a: Jirachi\n|-damage|p1a: Jirachi|51\/100\n|\n|-heal|p1a: Jirachi|57\/100|[from] item: Leftovers\n|upkeep\n|turn|30\n|\n|t:|1699041861\n|move|p1a: Jirachi|Stored Power|p2a: Clodsire\n|-supereffective|p2a: Clodsire\n|-crit|p2a: Clodsire\n|-damage|p2a: Clodsire|0 fnt\n|faint|p2a: Clodsire\n|\n|-heal|p1a: Jirachi|63\/100|[from] item: Leftovers\n|upkeep\n|\n|t:|1699041864\n|switch|p2a: Dragapult|Dragapult, F, shiny|52\/100 tox\n|-damage|p2a: Dragapult|40\/100 tox|[from] Stealth Rock\n|turn|31\n|c|\u2606Vilja RPPLF|gg\n|\n|t:|1699041870\n|-terastallize|p1a: Jirachi|Water\n|move|p2a: Dragapult|Dragon Darts|p1a: Jirachi\n|-damage|p1a: Jirachi|47\/100\n|-anim|p2a: Dragapult|Dragon Darts|p1a: Jirachi\n|-damage|p1a: Jirachi|31\/100\n|move|p1a: Jirachi|Stored Power|p2a: Dragapult\n|-damage|p2a: Dragapult|0 fnt\n|faint|p2a: Dragapult\n|\n|win|Zenadark\n|c|\u2606Zenadark|gg\n","uploadtime":1699041879,"views":14,"p1id":"zenadark","p2id":"viljarpplf","formatid":"gen9ubers","rating":0,"private":0,"password":""}