{"id":"gen9ubers-1998730122","p1":"CRIPPYwitdaGRIPPY","p2":"BeardoftheRed","format":"[Gen 9] Ubers","log":"|j|\u2606CRIPPYwitdaGRIPPY\n|j|\u2606BeardoftheRed\n|t:|1700979266\n|gametype|singles\n|player|p1|CRIPPYwitdaGRIPPY|caitlin|\n|player|p2|BeardoftheRed|2|\n|teamsize|p1|6\n|teamsize|p2|6\n|gen|9\n|tier|[Gen 9] Ubers\n|rule|Sleep Clause Mod: Limit one foe put to sleep\n|rule|Species Clause: Limit one of each Pok\u00e9mon\n|rule|OHKO Clause: OHKO moves are banned\n|rule|Evasion Items Clause: Evasion items are banned\n|rule|Evasion Moves Clause: Evasion moves are banned\n|rule|Endless Battle Clause: Forcing endless battles is banned\n|rule|HP Percentage Mod: HP is shown in percentages\n|clearpoke\n|poke|p1|Gholdengo|\n|poke|p1|Skeledirge, M|\n|poke|p1|Rotom-Wash|\n|poke|p1|Decidueye-Hisui, M|\n|poke|p1|Beartic, F|\n|poke|p1|Toxtricity, M|\n|poke|p2|Dragapult, F|\n|poke|p2|Piloswine, M|\n|poke|p2|Barraskewda, F|\n|poke|p2|Oranguru, F|\n|poke|p2|Chesnaught, M|\n|poke|p2|Palossand, M|\n|teampreview\n|inactive|Battle timer is ON: inactive players will automatically lose when time's up. (requested by BeardoftheRed)\n|\n|t:|1700979285\n|start\n|switch|p1a: firecroc|Skeledirge, M|100\/100\n|switch|p2a: Sandy Nuts|Palossand, M, shiny|100\/100\n|turn|1\n|\n|t:|1700979302\n|move|p1a: firecroc|Shadow Ball|p2a: Sandy Nuts\n|-supereffective|p2a: Sandy Nuts\n|-damage|p2a: Sandy Nuts|30\/100\n|move|p2a: Sandy Nuts|Earth Power|p1a: firecroc\n|-supereffective|p1a: firecroc\n|-damage|p1a: firecroc|11\/100\n|\n|-heal|p1a: firecroc|17\/100|[from] item: Leftovers\n|-heal|p2a: Sandy Nuts|36\/100|[from] item: Leftovers\n|upkeep\n|turn|2\n|inactive|CRIPPYwitdaGRIPPY has 270 seconds left.\n|\n|t:|1700979342\n|switch|p1a: Rotom|Rotom-Wash, shiny|100\/100\n|move|p2a: Sandy Nuts|Shore Up|p2a: Sandy Nuts\n|-heal|p2a: Sandy Nuts|86\/100\n|\n|-heal|p2a: Sandy Nuts|92\/100|[from] item: Leftovers\n|upkeep\n|turn|3\n|\n|t:|1700979364\n|move|p1a: Rotom|Rain Dance|p1a: Rotom\n|-weather|RainDance\n|move|p2a: Sandy Nuts|Shadow Ball|p1a: Rotom\n|-damage|p1a: Rotom|67\/100\n|\n|-weather|RainDance|[upkeep]\n|-heal|p2a: Sandy Nuts|98\/100|[from] item: Leftovers\n|upkeep\n|turn|4\n|\n|t:|1700979382\n|switch|p2a: Barraskrew ya|Barraskewda, F, shiny|100\/100\n|move|p1a: Rotom|Volt Switch|p2a: Barraskrew ya\n|-supereffective|p2a: Barraskrew ya\n|-damage|p2a: Barraskrew ya|0 fnt\n|faint|p2a: Barraskrew ya\n|\n|t:|1700979394\n|switch|p1a: Beartic|Beartic, F|100\/100|[from] Volt Switch\n|\n|-weather|RainDance|[upkeep]\n|upkeep\n|\n|t:|1700979398\n|switch|p2a: PiloDrive|Piloswine, M, shiny|100\/100\n|turn|5\n|inactive|CRIPPYwitdaGRIPPY has 240 seconds left.\n|\n|t:|1700979425\n|move|p1a: Beartic|Swords Dance|p1a: Beartic\n|-boost|p1a: Beartic|atk|2\n|move|p2a: PiloDrive|Earthquake|p1a: Beartic\n|-damage|p1a: Beartic|48\/100\n|\n|-weather|RainDance|[upkeep]\n|upkeep\n|turn|6\n|inactive|CRIPPYwitdaGRIPPY has 240 seconds left.\n|\n|t:|1700979439\n|move|p1a: Beartic|Icicle Crash|p2a: PiloDrive\n|-damage|p2a: PiloDrive|76\/100\n|move|p2a: PiloDrive|Earthquake|p1a: Beartic\n|-damage|p1a: Beartic|0 fnt\n|faint|p1a: Beartic\n|\n|-weather|RainDance|[upkeep]\n|upkeep\n|inactive|CRIPPYwitdaGRIPPY has 240 seconds left.\n|inactive|CRIPPYwitdaGRIPPY has 210 seconds left.\n|\n|t:|1700979499\n|switch|p1a: Rotom|Rotom-Wash, shiny|67\/100\n|turn|7\n|inactive|CRIPPYwitdaGRIPPY has 180 seconds left.\n|inactive|CRIPPYwitdaGRIPPY has 150 seconds left.\n|inactive|CRIPPYwitdaGRIPPY has 120 seconds left.\n|\n|t:|1700979587\n|move|p1a: Rotom|Hydro Pump|p2a: PiloDrive\n|-supereffective|p2a: PiloDrive\n|-damage|p2a: PiloDrive|0 fnt\n|faint|p2a: PiloDrive\n|\n|-weather|RainDance|[upkeep]\n|upkeep\n|\n|t:|1700979594\n|switch|p2a: Kayla?|Oranguru, F, shiny|100\/100\n|turn|8\n|inactive|CRIPPYwitdaGRIPPY has 120 seconds left.\n|inactive|CRIPPYwitdaGRIPPY has 90 seconds left.\n|\n|t:|1700979634\n|move|p2a: Kayla?|Nasty Plot|p2a: Kayla?\n|-boost|p2a: Kayla?|spa|2\n|move|p1a: Rotom|Hydro Pump|p2a: Kayla?\n|-damage|p2a: Kayla?|24\/100\n|\n|-weather|RainDance|[upkeep]\n|upkeep\n|turn|9\n|inactive|CRIPPYwitdaGRIPPY has 90 seconds left.\n|\n|t:|1700979646\n|move|p2a: Kayla?|Psychic|p1a: Rotom\n|-damage|p1a: Rotom|0 fnt\n|faint|p1a: Rotom\n|\n|-weather|RainDance|[upkeep]\n|upkeep\n|\n|t:|1700979676\n|switch|p1a: Decidueye|Decidueye-Hisui, M, shiny|100\/100\n|turn|10\n|\n|t:|1700979690\n|move|p1a: Decidueye|Sucker Punch|p2a: Kayla?\n|-supereffective|p2a: Kayla?\n|-damage|p2a: Kayla?|0 fnt\n|faint|p2a: Kayla?\n|-damage|p1a: Decidueye|90\/100|[from] item: Life Orb\n|\n|-weather|none\n|upkeep\n|\n|t:|1700979700\n|switch|p2a: Danny|Dragapult, F, shiny|100\/100\n|turn|11\n|\n|t:|1700979720\n|move|p1a: Decidueye|Sucker Punch|p2a: Danny\n|-supereffective|p2a: Danny\n|-damage|p2a: Danny|9\/100\n|-damage|p1a: Decidueye|80\/100|[from] item: Life Orb\n|move|p2a: Danny|Flamethrower|p1a: Decidueye\n|-supereffective|p1a: Decidueye\n|-damage|p1a: Decidueye|33\/100\n|-damage|p2a: Danny|0 fnt|[from] item: Life Orb\n|faint|p2a: Danny\n|\n|upkeep\n|\n|t:|1700979729\n|switch|p2a: Sandy Nuts|Palossand, M, shiny|98\/100\n|turn|12\n|\n|t:|1700979746\n|move|p1a: Decidueye|Leaf Blade|p2a: Sandy Nuts\n|-supereffective|p2a: Sandy Nuts\n|-damage|p2a: Sandy Nuts|5\/100\n|-damage|p1a: Decidueye|23\/100|[from] item: Life Orb\n|move|p2a: Sandy Nuts|Shadow Ball|p1a: Decidueye\n|-damage|p1a: Decidueye|0 fnt\n|faint|p1a: Decidueye\n|\n|-heal|p2a: Sandy Nuts|11\/100|[from] item: Leftovers\n|upkeep\n|\n|t:|1700979759\n|switch|p1a: Toxtricity|Toxtricity, M, shiny|100\/100\n|turn|13\n|\n|t:|1700979770\n|move|p1a: Toxtricity|Boomburst|p2a: Sandy Nuts\n|-immune|p2a: Sandy Nuts\n|move|p2a: Sandy Nuts|Earth Power|p1a: Toxtricity\n|-supereffective|p1a: Toxtricity\n|-damage|p1a: Toxtricity|0 fnt\n|faint|p1a: Toxtricity\n|\n|-heal|p2a: Sandy Nuts|17\/100|[from] item: Leftovers\n|upkeep\n|\n|t:|1700979782\n|switch|p1a: Stringcheese|Gholdengo|100\/100\n|turn|14\n|\n|t:|1700979800\n|move|p1a: Stringcheese|Shadow Ball|p2a: Sandy Nuts\n|-supereffective|p2a: Sandy Nuts\n|-damage|p2a: Sandy Nuts|0 fnt\n|faint|p2a: Sandy Nuts\n|\n|upkeep\n|\n|t:|1700979805\n|switch|p2a: Naughty boi|Chesnaught, M, shiny|100\/100\n|turn|15\n|\n|t:|1700979827\n|move|p2a: Naughty boi|Spiky Shield|p2a: Naughty boi\n|-singleturn|p2a: Naughty boi|move: Protect\n|move|p1a: Stringcheese|Shadow Ball|p2a: Naughty boi\n|-activate|p2a: Naughty boi|move: Protect\n|\n|upkeep\n|turn|16\n|\n|t:|1700979843\n|-terastallize|p1a: Stringcheese|Steel\n|move|p1a: Stringcheese|Shadow Ball|p2a: Naughty boi\n|-immune|p2a: Naughty boi|[from] ability: Bulletproof\n|move|p2a: Naughty boi|Body Press|p1a: Stringcheese\n|-supereffective|p1a: Stringcheese\n|-damage|p1a: Stringcheese|0 fnt\n|faint|p1a: Stringcheese\n|\n|upkeep\n|\n|t:|1700979852\n|switch|p1a: firecroc|Skeledirge, M|17\/100\n|turn|17\n|\n|t:|1700979861\n|move|p2a: Naughty boi|Spiky Shield|p2a: Naughty boi\n|-singleturn|p2a: Naughty boi|move: Protect\n|move|p1a: firecroc|Torch Song|p2a: Naughty boi\n|-activate|p2a: Naughty boi|move: Protect\n|\n|-heal|p1a: firecroc|23\/100|[from] item: Leftovers\n|upkeep\n|turn|18\n|\n|t:|1700979882\n|move|p2a: Naughty boi|Body Press|p1a: firecroc\n|-immune|p1a: firecroc\n|move|p1a: firecroc|Torch Song|p2a: Naughty boi\n|-supereffective|p2a: Naughty boi\n|-damage|p2a: Naughty boi|30\/100\n|-boost|p1a: firecroc|spa|1\n|\n|-heal|p1a: firecroc|29\/100|[from] item: Leftovers\n|upkeep\n|turn|19\n|\n|t:|1700979896\n|move|p2a: Naughty boi|Spiky Shield|p2a: Naughty boi\n|-singleturn|p2a: Naughty boi|move: Protect\n|move|p1a: firecroc|Torch Song|p2a: Naughty boi\n|-activate|p2a: Naughty boi|move: Protect\n|\n|-heal|p1a: firecroc|35\/100|[from] item: Leftovers\n|upkeep\n|turn|20\n|\n|t:|1700979905\n|move|p2a: Naughty boi|Seed Bomb|p1a: firecroc\n|-resisted|p1a: firecroc\n|-damage|p1a: firecroc|27\/100\n|move|p1a: firecroc|Torch Song|p2a: Naughty boi\n|-supereffective|p2a: Naughty boi\n|-damage|p2a: Naughty boi|0 fnt\n|-boost|p1a: firecroc|spa|1\n|faint|p2a: Naughty boi\n|\n|win|CRIPPYwitdaGRIPPY\n","uploadtime":1700979919,"views":15,"p1id":"crippywitdagrippy","p2id":"beardofthered","formatid":"gen9ubers","rating":0,"private":0,"password":""}