{"id":"gen9ubers-1991632916","p1":"Taka","p2":"Sificon~","format":"[Gen 9] Ubers","log":"|j|\u2606Taka\n|j|\u2606Sificon~\n|t:|1700096473\n|gametype|singles\n|player|p1|Taka|#bssplviiidavesdragonairs|\n|player|p2|Sificon~|#sificon|\n|teamsize|p1|6\n|teamsize|p2|6\n|gen|9\n|tier|[Gen 9] Ubers\n|rule|Sleep Clause Mod: Limit one foe put to sleep\n|rule|Species Clause: Limit one of each Pok\u00e9mon\n|rule|OHKO Clause: OHKO moves are banned\n|rule|Evasion Items Clause: Evasion items are banned\n|rule|Evasion Moves Clause: Evasion moves are banned\n|rule|Endless Battle Clause: Forcing endless battles is banned\n|rule|HP Percentage Mod: HP is shown in percentages\n|clearpoke\n|poke|p1|Arceus-Fairy|\n|poke|p1|Kyogre|\n|poke|p1|Miraidon|\n|poke|p1|Clodsire, M|\n|poke|p1|Landorus-Therian, M|\n|poke|p1|Koraidon|\n|poke|p2|Koraidon|\n|poke|p2|Zacian-*|\n|poke|p2|Skeledirge, M|\n|poke|p2|Giratina-Origin|\n|poke|p2|Ting-Lu|\n|poke|p2|Arceus-Ground|\n|teampreview\n|inactive|Battle timer is ON: inactive players will automatically lose when time's up. (requested by Taka)\n|inactive|Sificon~ also wants the timer to be on.\n|c|\u2606Taka|hf\n|c|\u2606Sificon~|hf\n|c|\u2606Sificon~|can you do\n|c|\u2606Sificon~|\/\/public?\n|c|\u2606Taka|\/log Taka made this room public.\n|c|\u2606Sificon~|ty\n|c|\u2606Sificon~|(for the tours room)\n|inactive|Taka has 270 seconds left.\n|inactive|Sificon~ has 270 seconds left.\n|c|\u2606Taka|1s\n|c|\u2606Taka|my calc disappeared when i did that lOL\n|l|\u2606Taka\n|inactive|Taka disconnected and has 300 seconds to reconnect!\n|player|p1|\n|c|\u2606Sificon~|oop\n|j|\u2606Taka\n|inactive|Taka reconnected and has 265 seconds left.\n|player|p1|Taka|#bssplviiidavesdragonairs\n|inactive|Sificon~ no longer wants the timer on, but the timer is staying on because taka still does.\n|c|\u2606Taka|ok\n|j| jawiththeblicky\n|inactive|Sificon~ has 240 seconds left.\n|j|+PrinceOfAllTacos\n|inactive|Sificon~ has 210 seconds left.\n|inactive|Sificon~ has 180 seconds left.\n|inactive|Sificon~ has 150 seconds left.\n|\n|t:|1700096649\n|start\n|switch|p1a: Koraidon|Koraidon|100\/100\n|switch|p2a: Giratina|Giratina-Origin|100\/100\n|-weather|SunnyDay|[from] ability: Orichalcum Pulse|[of] p1a: Koraidon\n|-activate|p1a: Koraidon|Orichalcum Pulse|[source]\n|turn|1\n|inactive|Sificon~ has 180 seconds left.\n|inactive|Taka has 270 seconds left.\n|\n|t:|1700096700\n|move|p1a: Koraidon|U-turn|p2a: Giratina\n|-resisted|p2a: Giratina\n|-damage|p2a: Giratina|91\/100\n|\n|t:|1700096709\n|switch|p1a: Arceus|Arceus-Fairy|100\/100|[from] U-turn\n|move|p2a: Giratina|Will-O-Wisp|p1a: Arceus\n|-status|p1a: Arceus|brn\n|\n|-weather|SunnyDay|[upkeep]\n|-damage|p1a: Arceus|94\/100 brn|[from] brn\n|upkeep\n|turn|2\n|inactive|Sificon~ has 150 seconds left.\n|inactive|Taka has 240 seconds left.\n|j| CynthiaVC5\n|inactive|Sificon~ has 120 seconds left.\n|j| vikram sirohi\n|inactive|Sificon~ has 90 seconds left.\n|l|\u2606Sificon~\n|inactive|Sificon~ disconnected and has 300 seconds to reconnect!\n|player|p2|\n|j| temp\n|inactive|Sificon~ has 270 seconds to reconnect!\n|l| jawiththeblicky\n|inactive|Sificon~ has 240 seconds to reconnect!\n|j|\u2606Sificon~\n|inactive|Sificon~ reconnected and has 65 seconds left.\n|player|p2|Sificon~|#sificon\n|inactive|Sificon~ also wants the timer to be on.\n|inactive|Sificon~ has 60 seconds left.\n|c|\u2606Sificon~|wtf was that\n|c|\u2606Taka|you tell me\n|j| Lkapkd\n|c|+PrinceOfAllTacos|bad  net\n|c|+PrinceOfAllTacos|bad sifi\n|\n|t:|1700096895\n|switch|p2a: Zacian|Zacian-Crowned|100\/100\n|-ability|p2a: Zacian|Intrepid Sword|boost\n|-boost|p2a: Zacian|atk|1\n|move|p1a: Arceus|Judgment|p2a: Zacian\n|-resisted|p2a: Zacian\n|-damage|p2a: Zacian|80\/100\n|\n|-weather|SunnyDay|[upkeep]\n|-damage|p1a: Arceus|88\/100 brn|[from] brn\n|upkeep\n|turn|3\n|\n|t:|1700096919\n|switch|p1a: Landorus|Landorus-Therian, M|100\/100\n|-ability|p1a: Landorus|Intimidate|boost\n|-unboost|p2a: Zacian|atk|1\n|move|p2a: Zacian|Behemoth Blade|p1a: Landorus\n|-damage|p1a: Landorus|56\/100\n|-damage|p2a: Zacian|63\/100|[from] item: Rocky Helmet|[of] p1a: Landorus\n|\n|-weather|SunnyDay|[upkeep]\n|upkeep\n|turn|4\n|inactive|Taka has 210 seconds left.\n|inactive|Sificon~ has 30 seconds left.\n|c| CynthiaVC5|omg temp6t?\n|\n|t:|1700096947\n|switch|p2a: Arceus|Arceus-Ground|100\/100\n|move|p1a: Landorus|U-turn|p2a: Arceus\n|-damage|p2a: Arceus|89\/100\n|inactive|Sificon~ has 30 seconds left this turn.\n|inactive|Taka has 210 seconds left.\n|\n|t:|1700096954\n|switch|p1a: Kyogre|Kyogre|100\/100|[from] U-turn\n|-weather|RainDance|[from] ability: Drizzle|[of] p1a: Kyogre\n|-item|p1a: Kyogre|Air Balloon\n|\n|-weather|RainDance|[upkeep]\n|upkeep\n|turn|5\n|inactive|Sificon~ has 30 seconds left.\n|inactive|Sificon~ has 20 seconds left.\n|inactive|Sificon~ has 15 seconds left.\n|inactive|Sificon~ has 10 seconds left.\n|\n|t:|1700096985\n|-terastallize|p2a: Arceus|Fairy\n|move|p2a: Arceus|Calm Mind|p2a: Arceus\n|-boost|p2a: Arceus|spa|1\n|-boost|p2a: Arceus|spd|1\n|move|p1a: Kyogre|Ice Beam|p2a: Arceus\n|-damage|p2a: Arceus|72\/100\n|\n|-weather|RainDance|[upkeep]\n|upkeep\n|turn|6\n|inactive|Sificon~ has 20 seconds left this turn.\n|\n|t:|1700096993\n|move|p2a: Arceus|Ice Beam|p1a: Kyogre\n|-resisted|p1a: Kyogre\n|-damage|p1a: Kyogre|87\/100\n|-enditem|p1a: Kyogre|Air Balloon\n|move|p1a: Kyogre|Calm Mind|p1a: Kyogre\n|-boost|p1a: Kyogre|spa|1\n|-boost|p1a: Kyogre|spd|1\n|\n|-weather|RainDance|[upkeep]\n|upkeep\n|turn|7\n|inactive|Sificon~ has 30 seconds left this turn.\n|inactive|Sificon~ has 20 seconds left.\n|\n|t:|1700097011\n|move|p2a: Arceus|Calm Mind|p2a: Arceus\n|-boost|p2a: Arceus|spa|1\n|-boost|p2a: Arceus|spd|1\n|move|p1a: Kyogre|Calm Mind|p1a: Kyogre\n|-boost|p1a: Kyogre|spa|1\n|-boost|p1a: Kyogre|spd|1\n|\n|-weather|RainDance|[upkeep]\n|upkeep\n|turn|8\n|inactive|Sificon~ has 30 seconds left this turn.\n|inactive|Sificon~ no longer wants the timer on, but the timer is staying on because taka still does.\n|inactiveoff|Battle timer is now OFF.\n|c|\u2606Sificon~|can we turn timer off for a sec?\n|c|\u2606Sificon~|thx\n|c|+PrinceOfAllTacos|taka a bro\n|\n|t:|1700097069\n|move|p2a: Arceus|Judgment|p1a: Kyogre\n|-damage|p1a: Kyogre|50\/100\n|move|p1a: Kyogre|Origin Pulse|p2a: Arceus\n|-damage|p2a: Arceus|7\/100\n|\n|-weather|none\n|upkeep\n|turn|9\n|\n|t:|1700097077\n|move|p2a: Arceus|Judgment|p1a: Kyogre\n|-damage|p1a: Kyogre|18\/100\n|move|p1a: Kyogre|Origin Pulse|p2a: Arceus\n|-damage|p2a: Arceus|0 fnt\n|faint|p2a: Arceus\n|\n|upkeep\n|\n|t:|1700097092\n|switch|p2a: Zacian|Zacian-Crowned|63\/100\n|turn|10\n|\n|t:|1700097102\n|switch|p1a: Landorus|Landorus-Therian, M|56\/100\n|-ability|p1a: Landorus|Intimidate|boost\n|-unboost|p2a: Zacian|atk|1\n|move|p2a: Zacian|Behemoth Blade|p1a: Landorus\n|-damage|p1a: Landorus|26\/100\n|-damage|p2a: Zacian|47\/100|[from] item: Rocky Helmet|[of] p1a: Landorus\n|\n|upkeep\n|turn|11\n|\n|t:|1700097110\n|move|p2a: Zacian|Behemoth Blade|p1a: Landorus\n|-damage|p1a: Landorus|0 fnt\n|-damage|p2a: Zacian|30\/100|[from] item: Rocky Helmet|[of] p1a: Landorus\n|faint|p1a: Landorus\n|\n|upkeep\n|\n|t:|1700097112\n|switch|p1a: Koraidon|Koraidon|100\/100\n|-weather|SunnyDay|[from] ability: Orichalcum Pulse|[of] p1a: Koraidon\n|-activate|p1a: Koraidon|Orichalcum Pulse|[source]\n|turn|12\n|\n|t:|1700097119\n|switch|p2a: Skeledirge|Skeledirge, M|100\/100\n|move|p1a: Koraidon|Flare Blitz|p2a: Skeledirge\n|-resisted|p2a: Skeledirge\n|-damage|p2a: Skeledirge|73\/100\n|-damage|p1a: Koraidon|90\/100|[from] Recoil\n|\n|-weather|SunnyDay|[upkeep]\n|upkeep\n|turn|13\n|\n|t:|1700097129\n|switch|p1a: Kyogre|Kyogre|18\/100\n|-weather|RainDance|[from] ability: Drizzle|[of] p1a: Kyogre\n|move|p2a: Skeledirge|Hex|p1a: Kyogre\n|-crit|p1a: Kyogre\n|-damage|p1a: Kyogre|0 fnt\n|faint|p1a: Kyogre\n|\n|-weather|RainDance|[upkeep]\n|upkeep\n|\n|t:|1700097138\n|switch|p1a: Miraidon|Miraidon|100\/100\n|-fieldstart|move: Electric Terrain|[from] ability: Hadron Engine|[of] p1a: Miraidon\n|turn|14\n|\n|t:|1700097157\n|switch|p2a: Ting-Lu|Ting-Lu|100\/100\n|-ability|p2a: Ting-Lu|Vessel of Ruin\n|move|p1a: Miraidon|Dragon Pulse|p2a: Ting-Lu\n|-damage|p2a: Ting-Lu|64\/100\n|\n|-weather|RainDance|[upkeep]\n|-heal|p2a: Ting-Lu|70\/100|[from] item: Leftovers\n|upkeep\n|turn|15\n|\n|t:|1700097166\n|-terastallize|p1a: Miraidon|Dragon\n|move|p1a: Miraidon|Dragon Pulse|p2a: Ting-Lu\n|-damage|p2a: Ting-Lu|25\/100\n|move|p2a: Ting-Lu|Ruination|p1a: Miraidon\n|-damage|p1a: Miraidon|51\/100\n|\n|-weather|RainDance|[upkeep]\n|-heal|p2a: Ting-Lu|31\/100|[from] item: Leftovers\n|upkeep\n|turn|16\n|\n|t:|1700097189\n|switch|p2a: Zacian|Zacian-Crowned|30\/100\n|move|p1a: Miraidon|Agility|p1a: Miraidon\n|-boost|p1a: Miraidon|spe|2\n|\n|-weather|RainDance|[upkeep]\n|upkeep\n|turn|17\n|c|\u2606Sificon~|I can't calc it seems\n|\n|t:|1700097221\n|switch|p2a: Ting-Lu|Ting-Lu|31\/100\n|-ability|p2a: Ting-Lu|Vessel of Ruin\n|move|p1a: Miraidon|Electro Drift|p2a: Ting-Lu\n|-immune|p2a: Ting-Lu\n|\n|-weather|none\n|-heal|p2a: Ting-Lu|38\/100|[from] item: Leftovers\n|upkeep\n|turn|18\n|\n|t:|1700097245\n|move|p1a: Miraidon|Calm Mind|p1a: Miraidon\n|-boost|p1a: Miraidon|spa|1\n|-boost|p1a: Miraidon|spd|1\n|move|p2a: Ting-Lu|Whirlwind|p1a: Miraidon\n|drag|p1a: Arceus|Arceus-Fairy|88\/100 brn\n|\n|-heal|p2a: Ting-Lu|44\/100|[from] item: Leftovers\n|-damage|p1a: Arceus|82\/100 brn|[from] brn\n|-fieldend|move: Electric Terrain\n|upkeep\n|turn|19\n|\n|t:|1700097268\n|move|p1a: Arceus|Judgment|p2a: Ting-Lu\n|-supereffective|p2a: Ting-Lu\n|-damage|p2a: Ting-Lu|0 fnt\n|faint|p2a: Ting-Lu\n|\n|-damage|p1a: Arceus|76\/100 brn|[from] brn\n|upkeep\n|\n|t:|1700097270\n|switch|p2a: Zacian|Zacian-Crowned|30\/100\n|turn|20\n|\n|t:|1700097278\n|switch|p1a: Clodsire|Clodsire, M|100\/100\n|move|p2a: Zacian|Substitute|p2a: Zacian\n|-start|p2a: Zacian|Substitute\n|-damage|p2a: Zacian|5\/100\n|\n|upkeep\n|turn|21\n|\n|t:|1700097282\n|move|p2a: Zacian|Behemoth Blade|p1a: Clodsire\n|-damage|p1a: Clodsire|40\/100\n|move|p1a: Clodsire|Earthquake|p2a: Zacian\n|-supereffective|p2a: Zacian\n|-end|p2a: Zacian|Substitute\n|\n|upkeep\n|turn|22\n|\n|t:|1700097286\n|move|p2a: Zacian|Behemoth Blade|p1a: Clodsire\n|-damage|p1a: Clodsire|0 fnt\n|faint|p1a: Clodsire\n|\n|upkeep\n|\n|t:|1700097287\n|switch|p1a: Koraidon|Koraidon|90\/100\n|-weather|SunnyDay|[from] ability: Orichalcum Pulse|[of] p1a: Koraidon\n|-activate|p1a: Koraidon|Orichalcum Pulse|[source]\n|turn|23\n|j| wat u want 2\n|\n|t:|1700097299\n|switch|p2a: Giratina|Giratina-Origin|91\/100\n|move|p1a: Koraidon|U-turn|p2a: Giratina\n|-resisted|p2a: Giratina\n|-damage|p2a: Giratina|81\/100\n|\n|t:|1700097305\n|switch|p1a: Arceus|Arceus-Fairy|76\/100 brn|[from] U-turn\n|\n|-weather|SunnyDay|[upkeep]\n|-damage|p1a: Arceus|70\/100 brn|[from] brn\n|upkeep\n|turn|24\n|j| justlelegirl\n|\n|t:|1700097342\n|move|p1a: Arceus|Judgment|p2a: Giratina\n|-supereffective|p2a: Giratina\n|-damage|p2a: Giratina|20\/100\n|move|p2a: Giratina|Hex|p1a: Arceus\n|-damage|p1a: Arceus|25\/100 brn\n|\n|-weather|SunnyDay|[upkeep]\n|-damage|p1a: Arceus|19\/100 brn|[from] brn\n|upkeep\n|turn|25\n|\n|t:|1700097350\n|move|p1a: Arceus|Judgment|p2a: Giratina\n|-supereffective|p2a: Giratina\n|-damage|p2a: Giratina|0 fnt\n|faint|p2a: Giratina\n|\n|-weather|SunnyDay|[upkeep]\n|-damage|p1a: Arceus|12\/100 brn|[from] brn\n|upkeep\n|\n|t:|1700097351\n|switch|p2a: Zacian|Zacian-Crowned|5\/100\n|turn|26\n|\n|t:|1700097361\n|move|p2a: Zacian|Behemoth Blade|p1a: Arceus\n|-supereffective|p1a: Arceus\n|-damage|p1a: Arceus|0 fnt\n|faint|p1a: Arceus\n|\n|-weather|SunnyDay|[upkeep]\n|upkeep\n|\n|t:|1700097362\n|switch|p1a: Koraidon|Koraidon|90\/100\n|-activate|p1a: Koraidon|ability: Orichalcum Pulse\n|turn|27\n|\n|t:|1700097382\n|switch|p2a: Koraidon|Koraidon|100\/100\n|-activate|p2a: Koraidon|ability: Orichalcum Pulse\n|move|p1a: Koraidon|Low Kick|p2a: Koraidon\n|-damage|p2a: Koraidon|22\/100\n|\n|-weather|none\n|upkeep\n|turn|28\n|\n|t:|1700097393\n|switch|p1a: Miraidon|Miraidon, tera:Dragon|51\/100\n|-fieldstart|move: Electric Terrain|[from] ability: Hadron Engine|[of] p1a: Miraidon\n|switch|p2a: Skeledirge|Skeledirge, M|73\/100\n|\n|upkeep\n|turn|29\n|\n|t:|1700097409\n|move|p1a: Miraidon|Agility|p1a: Miraidon\n|-boost|p1a: Miraidon|spe|2\n|move|p2a: Skeledirge|Will-O-Wisp|p1a: Miraidon\n|-status|p1a: Miraidon|brn\n|\n|-damage|p1a: Miraidon|44\/100 brn|[from] brn\n|upkeep\n|turn|30\n|\n|t:|1700097413\n|move|p1a: Miraidon|Electro Drift|p2a: Skeledirge\n|-damage|p2a: Skeledirge|0 fnt\n|faint|p2a: Skeledirge\n|\n|-damage|p1a: Miraidon|38\/100 brn|[from] brn\n|upkeep\n|c|\u2606Taka|gg\n|\n|t:|1700097419\n|switch|p2a: Koraidon|Koraidon|22\/100\n|-weather|SunnyDay|[from] ability: Orichalcum Pulse|[of] p2a: Koraidon\n|-activate|p2a: Koraidon|Orichalcum Pulse|[source]\n|turn|31\n|\n|t:|1700097422\n|move|p1a: Miraidon|Electro Drift|p2a: Koraidon\n|-resisted|p2a: Koraidon\n|-damage|p2a: Koraidon|0 fnt\n|faint|p2a: Koraidon\n|\n|-weather|SunnyDay|[upkeep]\n|-damage|p1a: Miraidon|32\/100 brn|[from] brn\n|upkeep\n|c|\u2606Sificon~|gg\n|\n|t:|1700097424\n|switch|p2a: Zacian|Zacian-Crowned|5\/100\n|turn|32\n|\n|t:|1700097426\n|move|p1a: Miraidon|Electro Drift|p2a: Zacian\n|-damage|p2a: Zacian|0 fnt\n|faint|p2a: Zacian\n|\n|win|Taka\n|c|\u2606Sificon~|alr monotype next\n|c|\u2606Taka|ye\n|l|\u2606Taka\n|l| justlelegirl\n|l| Lkapkd\n|l|\u2606Sificon~\n|j|\u2606Sificon~\n|player|p2|Sificon~|#sificon\n|j| OreoSpeedruns\n|l| CynthiaVC5\n|l| temp\n|l|watuwant2\n|l|\u2606Sificon~\n|player|p2|\n|l| OreoSpeedruns\n|l|+PrinceOfAllTacos\n|j|\u2606Sificon~\n|player|p2|Sificon~|#sificon\n","uploadtime":1700097428,"views":111,"p1id":"taka","p2id":"sificon","formatid":"gen9ubers","rating":0,"private":0,"password":""}