{"id":"gen9ubers-1997824500","p1":"Manatsu","p2":"Scottowo","format":"[Gen 9] Ubers","log":"|j|\u2606Manatsu\n|j|\u2606Scottowo\n|t:|1700856681\n|gametype|singles\n|player|p1|Manatsu|hilbert|\n|player|p2|Scottowo|elesa-gen5bw2|\n|teamsize|p1|6\n|teamsize|p2|6\n|gen|9\n|tier|[Gen 9] Ubers\n|rule|Sleep Clause Mod: Limit one foe put to sleep\n|rule|Species Clause: Limit one of each Pok\u00e9mon\n|rule|OHKO Clause: OHKO moves are banned\n|rule|Evasion Items Clause: Evasion items are banned\n|rule|Evasion Moves Clause: Evasion moves are banned\n|rule|Endless Battle Clause: Forcing endless battles is banned\n|rule|HP Percentage Mod: HP is shown in percentages\n|clearpoke\n|poke|p1|Lilligant-Hisui, F|\n|poke|p1|Ogerpon-Cornerstone, F|\n|poke|p1|Torkoal, F|\n|poke|p1|Walking Wake|\n|poke|p1|Clodsire, F|\n|poke|p1|Ting-Lu|\n|poke|p2|Dragapult, M|\n|poke|p2|Appletun, M|\n|poke|p2|Qwilfish-Hisui, M|\n|poke|p2|Ursaluna, M|\n|poke|p2|Quaquaval, F|\n|poke|p2|Sylveon, F|\n|teampreview\n|inactive|Battle timer is ON: inactive players will automatically lose when time's up. (requested by Manatsu)\n|j| curtisthecacnea\n|inactive|Manatsu has 270 seconds left.\n|inactiveoff|Battle timer is now OFF.\n|\n|t:|1700856751\n|start\n|switch|p1a: Torkoal|Torkoal, F|100\/100\n|switch|p2a: Naruto|Dragapult, M|100\/100\n|-weather|SunnyDay|[from] ability: Drought|[of] p1a: Torkoal\n|turn|1\n|j| MessiMeli\n|j| Lass Starling\n|j| ClamChowderEnjoyer\n|\n|t:|1700856774\n|switch|p1a: Clodsire|Clodsire, F|100\/100\n|move|p2a: Naruto|U-turn|p1a: Clodsire\n|-resisted|p1a: Clodsire\n|-damage|p1a: Clodsire|91\/100\n|\n|t:|1700856776\n|switch|p2a: Pain|Ursaluna, M|100\/100|[from] U-turn\n|\n|-weather|SunnyDay|[upkeep]\n|-heal|p1a: Clodsire|97\/100|[from] item: Black Sludge\n|-status|p2a: Pain|brn|[from] item: Flame Orb\n|upkeep\n|turn|2\n|\n|t:|1700856818\n|switch|p1a: Ting-Lu|Ting-Lu|100\/100\n|-ability|p1a: Ting-Lu|Vessel of Ruin\n|move|p2a: Pain|Earthquake|p1a: Ting-Lu\n|-damage|p1a: Ting-Lu|64\/100\n|\n|-weather|SunnyDay|[upkeep]\n|-heal|p1a: Ting-Lu|70\/100|[from] item: Leftovers\n|-damage|p2a: Pain|94\/100 brn|[from] brn\n|upkeep\n|turn|3\n|j| Yveltql\n|\n|t:|1700856900\n|switch|p2a: Choji|Appletun, M|100\/100\n|move|p1a: Ting-Lu|Ruination|p2a: Choji|[miss]\n|-miss|p1a: Ting-Lu|p2a: Choji\n|\n|-weather|SunnyDay|[upkeep]\n|-heal|p1a: Ting-Lu|76\/100|[from] item: Leftovers\n|upkeep\n|turn|4\n|j| Superison\n|\n|t:|1700857046\n|switch|p1a: Lilligant|Lilligant-Hisui, F|100\/100\n|move|p2a: Choji|Giga Drain|p1a: Lilligant\n|-resisted|p1a: Lilligant\n|-damage|p1a: Lilligant|82\/100\n|\n|-weather|SunnyDay|[upkeep]\n|-heal|p1a: Lilligant|88\/100|[from] item: Leftovers\n|upkeep\n|turn|5\n|\n|t:|1700857061\n|switch|p2a: Kankuro|Qwilfish-Hisui, M|100\/100\n|-ability|p2a: Kankuro|Intimidate|boost\n|-unboost|p1a: Lilligant|atk|1\n|move|p1a: Lilligant|Victory Dance|p1a: Lilligant\n|-boost|p1a: Lilligant|atk|1\n|-boost|p1a: Lilligant|def|1\n|-boost|p1a: Lilligant|spe|1\n|\n|-weather|SunnyDay|[upkeep]\n|-heal|p1a: Lilligant|94\/100|[from] item: Leftovers\n|upkeep\n|turn|6\n|\n|t:|1700857103\n|move|p1a: Lilligant|Victory Dance|p1a: Lilligant\n|-boost|p1a: Lilligant|atk|1\n|-boost|p1a: Lilligant|def|1\n|-boost|p1a: Lilligant|spe|1\n|move|p2a: Kankuro|Barb Barrage|p1a: Lilligant\n|-supereffective|p1a: Lilligant\n|-damage|p1a: Lilligant|62\/100\n|\n|-weather|SunnyDay|[upkeep]\n|-heal|p1a: Lilligant|68\/100|[from] item: Leftovers\n|upkeep\n|turn|7\n|\n|t:|1700857203\n|-terastallize|p2a: Kankuro|Poison\n|move|p1a: Lilligant|Close Combat|p2a: Kankuro\n|-resisted|p2a: Kankuro\n|-damage|p2a: Kankuro|78\/100\n|-unboost|p1a: Lilligant|def|1\n|-unboost|p1a: Lilligant|spd|1\n|move|p2a: Kankuro|Barb Barrage|p1a: Lilligant\n|-supereffective|p1a: Lilligant\n|-damage|p1a: Lilligant|10\/100\n|\n|-weather|SunnyDay|[upkeep]\n|-heal|p1a: Lilligant|16\/100|[from] item: Leftovers\n|upkeep\n|turn|8\n|\n|t:|1700857217\n|switch|p1a: Clodsire|Clodsire, F|97\/100\n|move|p2a: Kankuro|Barb Barrage|p1a: Clodsire\n|-resisted|p1a: Clodsire\n|-damage|p1a: Clodsire|89\/100\n|\n|-weather|none\n|-heal|p1a: Clodsire|95\/100|[from] item: Black Sludge\n|upkeep\n|turn|9\n|\n|t:|1700857226\n|switch|p2a: Pain|Ursaluna, M|94\/100 brn\n|move|p1a: Clodsire|Chilling Water|p2a: Pain\n|-supereffective|p2a: Pain\n|-damage|p2a: Pain|83\/100 brn\n|-unboost|p2a: Pain|atk|1\n|\n|-heal|p1a: Clodsire|100\/100|[from] item: Black Sludge\n|-damage|p2a: Pain|77\/100 brn|[from] brn\n|upkeep\n|turn|10\n|\n|t:|1700857254\n|switch|p1a: Ting-Lu|Ting-Lu|76\/100\n|-ability|p1a: Ting-Lu|Vessel of Ruin\n|move|p2a: Pain|Earthquake|p1a: Ting-Lu\n|-damage|p1a: Ting-Lu|51\/100\n|\n|-heal|p1a: Ting-Lu|57\/100|[from] item: Leftovers\n|-damage|p2a: Pain|71\/100 brn|[from] brn\n|upkeep\n|turn|11\n|\n|t:|1700857295\n|switch|p2a: Choji|Appletun, M|100\/100\n|move|p1a: Ting-Lu|Ruination|p2a: Choji\n|-damage|p2a: Choji|51\/100\n|\n|-heal|p1a: Ting-Lu|64\/100|[from] item: Leftovers\n|upkeep\n|turn|12\n|j| Aaron_Naps\n|\n|t:|1700857305\n|switch|p1a: Walking Wake|Walking Wake|100\/100\n|move|p2a: Choji|Giga Drain|p1a: Walking Wake\n|-damage|p1a: Walking Wake|70\/100\n|-heal|p2a: Choji|63\/100|[from] drain|[of] p1a: Walking Wake\n|\n|upkeep\n|turn|13\n|c|\u2606Manatsu|wait\n|c|\u2606Manatsu|this team\n|c|\u2606Manatsu|specically the walking wake\n|c|\u2606Manatsu|is the wrong one\n|c|\u2606Manatsu|gg\n|c|\u2606Scottowo|D:\n|c|\u2606Manatsu|sadday\n|\n|t:|1700857369\n|-end|p1a: Walking Wake|Protosynthesis|[silent]\n|switch|p1a: Torkoal|Torkoal, F|100\/100\n|-weather|SunnyDay|[from] ability: Drought|[of] p1a: Torkoal\n|switch|p2a: Sakura|Sylveon, F|100\/100\n|\n|-weather|SunnyDay|[upkeep]\n|upkeep\n|turn|14\n|c|\u2606Manatsu|bruh\n|c|\u2606Manatsu|i fixed it too\n|c|\u2606Manatsu|idk why it didn't saved\n|\n|t:|1700857395\n|move|p2a: Sakura|Wish|p2a: Sakura\n|move|p1a: Torkoal|Yawn|p2a: Sakura\n|-start|p2a: Sakura|move: Yawn|[of] p1a: Torkoal\n|\n|-weather|SunnyDay|[upkeep]\n|upkeep\n|turn|15\n|c|\u2606Scottowo|that's so sad ;-;\n|\n|t:|1700857408\n|switch|p2a: Pain|Ursaluna, M|71\/100 brn\n|move|p1a: Torkoal|Stealth Rock|p2a: Pain\n|-sidestart|p2: Scottowo|move: Stealth Rock\n|\n|-weather|SunnyDay|[upkeep]\n|-heal|p2a: Pain|100\/100 brn|[from] move: Wish|[wisher] Sakura\n|-damage|p2a: Pain|94\/100 brn|[from] brn\n|upkeep\n|turn|16\n|c| Lass Starling|I feel it man\n|c| Lass Starling|it super sucks\n|\n|t:|1700857429\n|switch|p1a: Ting-Lu|Ting-Lu|64\/100\n|-ability|p1a: Ting-Lu|Vessel of Ruin\n|move|p2a: Pain|Earthquake|p1a: Ting-Lu\n|-damage|p1a: Ting-Lu|26\/100\n|\n|-weather|SunnyDay|[upkeep]\n|-heal|p1a: Ting-Lu|32\/100|[from] item: Leftovers\n|-damage|p2a: Pain|88\/100 brn|[from] brn\n|upkeep\n|turn|17\n|c| Lass Starling|I brought the wrong nature and that was it by accident on Val once this split and it's probably not the same, but I empathise\n|c|\u2606Manatsu|yeah, this walking wake has the wrong item, moves\n|c|\u2606Manatsu|sadday\n|\n|t:|1700857458\n|move|p2a: Pain|Facade|p1a: Ting-Lu\n|-damage|p1a: Ting-Lu|0 fnt\n|faint|p1a: Ting-Lu\n|\n|-weather|SunnyDay|[upkeep]\n|-damage|p2a: Pain|82\/100 brn|[from] brn\n|upkeep\n|\n|t:|1700857497\n|switch|p1a: Walking Wake|Walking Wake|70\/100\n|-activate|p1a: Walking Wake|ability: Protosynthesis\n|-start|p1a: Walking Wake|protosynthesisspa\n|turn|18\n|\n|t:|1700857534\n|switch|p2a: Choji|Appletun, M|63\/100\n|-damage|p2a: Choji|51\/100|[from] Stealth Rock\n|move|p1a: Walking Wake|Hydro Steam|p2a: Choji\n|-resisted|p2a: Choji\n|-damage|p2a: Choji|31\/100\n|-damage|p1a: Walking Wake|60\/100|[from] item: Life Orb\n|\n|-weather|SunnyDay|[upkeep]\n|upkeep\n|turn|19\n|\n|t:|1700857574\n|move|p2a: Choji|Protect|p2a: Choji\n|-singleturn|p2a: Choji|Protect\n|move|p1a: Walking Wake|Draco Meteor|p2a: Choji\n|-activate|p2a: Choji|move: Protect\n|\n|-weather|SunnyDay|[upkeep]\n|upkeep\n|turn|20\n|c| Yveltql|i did that once and ever since im like a paranoid idiot who quadruple checks ever team xd\n|c|\u2606Manatsu|yeah, i double cheked my team and saw the errors\n|c| Yveltql|and is still not satisfied after that\n|c|\u2606Manatsu|so i fixed them but i guess\n|c|\u2606Manatsu|didn't work :p\n|c| Yveltql|i find that pressing import then save usually works\n|\n|t:|1700857637\n|move|p1a: Walking Wake|Hydro Steam|p2a: Choji\n|-resisted|p2a: Choji\n|-damage|p2a: Choji|11\/100\n|-damage|p1a: Walking Wake|50\/100|[from] item: Life Orb\n|move|p2a: Choji|Recover|p2a: Choji\n|-heal|p2a: Choji|61\/100\n|\n|-weather|none\n|-end|p1a: Walking Wake|Protosynthesis\n|upkeep\n|turn|21\n|\n|t:|1700857792\n|-end|p1a: Walking Wake|Protosynthesis|[silent]\n|switch|p1a: Torkoal|Torkoal, F|100\/100\n|-weather|SunnyDay|[from] ability: Drought|[of] p1a: Torkoal\n|move|p2a: Choji|Recover|p2a: Choji\n|-heal|p2a: Choji|100\/100\n|\n|-weather|SunnyDay|[upkeep]\n|upkeep\n|turn|22\n|\n|t:|1700857804\n|move|p2a: Choji|Protect|p2a: Choji\n|-singleturn|p2a: Choji|Protect\n|move|p1a: Torkoal|Yawn|p2a: Choji\n|-activate|p2a: Choji|move: Protect\n|\n|-weather|SunnyDay|[upkeep]\n|upkeep\n|turn|23\n|\n|t:|1700857848\n|switch|p2a: Pain|Ursaluna, M|82\/100 brn\n|-damage|p2a: Pain|76\/100 brn|[from] Stealth Rock\n|switch|p1a: Walking Wake|Walking Wake|50\/100\n|-activate|p1a: Walking Wake|ability: Protosynthesis\n|-start|p1a: Walking Wake|protosynthesisspa\n|\n|-weather|SunnyDay|[upkeep]\n|-damage|p2a: Pain|70\/100 brn|[from] brn\n|upkeep\n|turn|24\n|\n|t:|1700857859\n|switch|p2a: Choji|Appletun, M|100\/100\n|-damage|p2a: Choji|88\/100|[from] Stealth Rock\n|move|p1a: Walking Wake|Hydro Steam|p2a: Choji\n|-resisted|p2a: Choji\n|-damage|p2a: Choji|70\/100\n|-damage|p1a: Walking Wake|40\/100|[from] item: Life Orb\n|\n|-weather|SunnyDay|[upkeep]\n|upkeep\n|turn|25\n|\n|t:|1700857866\n|move|p2a: Choji|Protect|p2a: Choji\n|-singleturn|p2a: Choji|Protect\n|move|p1a: Walking Wake|Draco Meteor|p2a: Choji\n|-activate|p2a: Choji|move: Protect\n|\n|-weather|SunnyDay|[upkeep]\n|upkeep\n|turn|26\n|\n|t:|1700857913\n|switch|p2a: Sakura|Sylveon, F|100\/100\n|move|p1a: Walking Wake|Draco Meteor|p2a: Sakura\n|-immune|p2a: Sakura\n|\n|-weather|SunnyDay|[upkeep]\n|upkeep\n|turn|27\n|\n|t:|1700857939\n|move|p2a: Sakura|Protect|p2a: Sakura\n|-singleturn|p2a: Sakura|Protect\n|move|p1a: Walking Wake|Hydro Steam|p2a: Sakura\n|-activate|p2a: Sakura|move: Protect\n|\n|-weather|SunnyDay|[upkeep]\n|upkeep\n|turn|28\n|\n|t:|1700857950\n|-end|p1a: Walking Wake|Protosynthesis|[silent]\n|switch|p1a: Clodsire|Clodsire, F|100\/100\n|move|p2a: Sakura|Hyper Voice|p1a: Clodsire\n|-resisted|p1a: Clodsire\n|-damage|p1a: Clodsire|90\/100\n|\n|-weather|none\n|-heal|p1a: Clodsire|96\/100|[from] item: Black Sludge\n|upkeep\n|turn|29\n|\n|t:|1700857979\n|move|p2a: Sakura|Wish|p2a: Sakura\n|move|p1a: Clodsire|Spikes|p2a: Sakura\n|-sidestart|p2: Scottowo|Spikes\n|\n|-heal|p1a: Clodsire|100\/100|[from] item: Black Sludge\n|upkeep\n|turn|30\n|l| Lass Starling\n|\n|t:|1700858015\n|switch|p2a: Pain|Ursaluna, M|70\/100 brn\n|-damage|p2a: Pain|64\/100 brn|[from] Stealth Rock\n|-damage|p2a: Pain|52\/100 brn|[from] Spikes\n|move|p1a: Clodsire|Chilling Water|p2a: Pain\n|-supereffective|p2a: Pain\n|-damage|p2a: Pain|41\/100 brn\n|-unboost|p2a: Pain|atk|1\n|\n|-heal|p2a: Pain|83\/100 brn|[from] move: Wish|[wisher] Sakura\n|-damage|p2a: Pain|77\/100 brn|[from] brn\n|upkeep\n|turn|31\n|\n|t:|1700858071\n|switch|p1a: Torkoal|Torkoal, F|100\/100\n|-weather|SunnyDay|[from] ability: Drought|[of] p1a: Torkoal\n|move|p2a: Pain|Earthquake|p1a: Torkoal\n|-supereffective|p1a: Torkoal\n|-damage|p1a: Torkoal|36\/100\n|\n|-weather|SunnyDay|[upkeep]\n|-damage|p2a: Pain|71\/100 brn|[from] brn\n|upkeep\n|turn|32\n|\n|t:|1700858089\n|move|p2a: Pain|Earthquake|p1a: Torkoal\n|-supereffective|p1a: Torkoal\n|-damage|p1a: Torkoal|0 fnt\n|faint|p1a: Torkoal\n|\n|-weather|SunnyDay|[upkeep]\n|-damage|p2a: Pain|65\/100 brn|[from] brn\n|upkeep\n|\n|t:|1700858131\n|switch|p1a: Ogerpon|Ogerpon-Cornerstone, F|100\/100\n|turn|33\n|\n|t:|1700858174\n|switch|p2a: Choji|Appletun, M|70\/100\n|-damage|p2a: Choji|57\/100|[from] Stealth Rock\n|-damage|p2a: Choji|45\/100|[from] Spikes\n|move|p1a: Ogerpon|Swords Dance|p1a: Ogerpon\n|-boost|p1a: Ogerpon|atk|2\n|\n|-weather|SunnyDay|[upkeep]\n|upkeep\n|turn|34\n|\n|t:|1700858231\n|move|p1a: Ogerpon|Ivy Cudgel|p2a: Choji|[anim] Ivy Cudgel Rock\n|-damage|p2a: Choji|0 fnt\n|faint|p2a: Choji\n|\n|-weather|SunnyDay|[upkeep]\n|upkeep\n|\n|t:|1700858284\n|switch|p2a: Sai|Quaquaval, F|100\/100\n|-damage|p2a: Sai|94\/100|[from] Stealth Rock\n|-damage|p2a: Sai|82\/100|[from] Spikes\n|turn|35\n|\n|t:|1700858297\n|move|p2a: Sai|Close Combat|p1a: Ogerpon\n|-supereffective|p1a: Ogerpon\n|-ability|p1a: Ogerpon|Sturdy\n|-damage|p1a: Ogerpon|1\/100\n|-unboost|p2a: Sai|def|1\n|-unboost|p2a: Sai|spd|1\n|move|p1a: Ogerpon|Horn Leech|p2a: Sai\n|-supereffective|p2a: Sai\n|-damage|p2a: Sai|0 fnt\n|-heal|p1a: Ogerpon|46\/100|[from] drain|[of] p2a: Sai\n|faint|p2a: Sai\n|\n|-weather|SunnyDay|[upkeep]\n|upkeep\n|\n|t:|1700858447\n|switch|p2a: Kankuro|Qwilfish-Hisui, M, tera:Poison|78\/100\n|-damage|p2a: Kankuro|65\/100|[from] Stealth Rock\n|-damage|p2a: Kankuro|53\/100|[from] Spikes\n|-ability|p2a: Kankuro|Intimidate|boost\n|-unboost|p1a: Ogerpon|atk|1\n|turn|36\n|\n|t:|1700858487\n|move|p1a: Ogerpon|Ivy Cudgel|p2a: Kankuro|[anim] Ivy Cudgel Rock\n|-damage|p2a: Kankuro|6\/100\n|move|p2a: Kankuro|Barb Barrage|p1a: Ogerpon\n|-damage|p1a: Ogerpon|13\/100\n|\n|-weather|SunnyDay|[upkeep]\n|upkeep\n|turn|37\n|c|\u2606Scottowo|3 barbs\n|c|\u2606Scottowo|0 poison\n|\n|t:|1700858512\n|move|p1a: Ogerpon|Horn Leech|p2a: Kankuro\n|-resisted|p2a: Kankuro\n|-damage|p2a: Kankuro|0 fnt\n|-heal|p1a: Ogerpon|16\/100|[from] drain|[of] p2a: Kankuro\n|faint|p2a: Kankuro\n|\n|-weather|SunnyDay|[upkeep]\n|upkeep\n|\n|t:|1700858516\n|switch|p2a: Naruto|Dragapult, M|100\/100\n|-damage|p2a: Naruto|88\/100|[from] Stealth Rock\n|-damage|p2a: Naruto|76\/100|[from] Spikes\n|turn|38\n|\n|t:|1700858590\n|switch|p1a: Clodsire|Clodsire, F|100\/100\n|move|p2a: Naruto|U-turn|p1a: Clodsire\n|-resisted|p1a: Clodsire\n|-damage|p1a: Clodsire|91\/100\n|\n|t:|1700858593\n|switch|p2a: Pain|Ursaluna, M|65\/100 brn|[from] U-turn\n|-damage|p2a: Pain|59\/100 brn|[from] Stealth Rock\n|-damage|p2a: Pain|47\/100 brn|[from] Spikes\n|\n|-weather|none\n|-heal|p1a: Clodsire|97\/100|[from] item: Black Sludge\n|-damage|p2a: Pain|41\/100 brn|[from] brn\n|upkeep\n|turn|39\n|\n|t:|1700858604\n|switch|p1a: Lilligant|Lilligant-Hisui, F|16\/100\n|move|p2a: Pain|Earthquake|p1a: Lilligant\n|-resisted|p1a: Lilligant\n|-damage|p1a: Lilligant|0 fnt\n|faint|p1a: Lilligant\n|\n|-damage|p2a: Pain|35\/100 brn|[from] brn\n|upkeep\n|j| ThatGuyAltro\n|\n|t:|1700858615\n|switch|p1a: Ogerpon|Ogerpon-Cornerstone, F|16\/100\n|turn|40\n|\n|t:|1700858631\n|switch|p2a: Naruto|Dragapult, M|76\/100\n|-damage|p2a: Naruto|63\/100|[from] Stealth Rock\n|-damage|p2a: Naruto|51\/100|[from] Spikes\n|move|p1a: Ogerpon|Horn Leech|p2a: Naruto\n|-resisted|p2a: Naruto\n|-damage|p2a: Naruto|24\/100\n|-heal|p1a: Ogerpon|31\/100|[from] drain|[of] p2a: Naruto\n|\n|upkeep\n|turn|41\n|\n|t:|1700858677\n|switch|p1a: Clodsire|Clodsire, F|97\/100\n|move|p2a: Naruto|U-turn|p1a: Clodsire\n|-resisted|p1a: Clodsire\n|-damage|p1a: Clodsire|87\/100\n|\n|t:|1700858679\n|switch|p2a: Sakura|Sylveon, F|100\/100|[from] U-turn\n|\n|-heal|p1a: Clodsire|93\/100|[from] item: Black Sludge\n|upkeep\n|turn|42\n|\n|t:|1700858690\n|move|p2a: Sakura|Wish|p2a: Sakura\n|move|p1a: Clodsire|Toxic Spikes|p2a: Sakura\n|-sidestart|p2: Scottowo|move: Toxic Spikes\n|\n|-heal|p1a: Clodsire|99\/100|[from] item: Black Sludge\n|upkeep\n|turn|43\n|\n|t:|1700858727\n|move|p2a: Sakura|Yawn|p1a: Clodsire\n|-start|p1a: Clodsire|move: Yawn|[of] p2a: Sakura\n|move|p1a: Clodsire|Chilling Water|p2a: Sakura\n|-damage|p2a: Sakura|97\/100\n|-unboost|p2a: Sakura|atk|1\n|\n|-heal|p2a: Sakura|100\/100|[from] move: Wish|[wisher] Sakura\n|-heal|p1a: Clodsire|100\/100|[from] item: Black Sludge\n|upkeep\n|turn|44\n|\n|t:|1700858735\n|switch|p1a: Walking Wake|Walking Wake|40\/100\n|move|p2a: Sakura|Hyper Voice|p1a: Walking Wake\n|-supereffective|p1a: Walking Wake\n|-damage|p1a: Walking Wake|0 fnt\n|faint|p1a: Walking Wake\n|-end|p1a: Walking Wake|Protosynthesis|[silent]\n|\n|upkeep\n|\n|t:|1700858785\n|switch|p1a: Ogerpon|Ogerpon-Cornerstone, F|31\/100\n|turn|45\n|\n|t:|1700858791\n|move|p1a: Ogerpon|Horn Leech|p2a: Sakura\n|-damage|p2a: Sakura|51\/100\n|-heal|p1a: Ogerpon|64\/100|[from] drain|[of] p2a: Sakura\n|move|p2a: Sakura|Hyper Voice|p1a: Ogerpon\n|-damage|p1a: Ogerpon|15\/100\n|\n|upkeep\n|turn|46\n|\n|t:|1700858853\n|move|p1a: Ogerpon|Ivy Cudgel|p2a: Sakura|[anim] Ivy Cudgel Rock\n|-damage|p2a: Sakura|0 fnt\n|faint|p2a: Sakura\n|\n|upkeep\n|\n|t:|1700858858\n|switch|p2a: Naruto|Dragapult, M|24\/100\n|-damage|p2a: Naruto|11\/100|[from] Stealth Rock\n|-damage|p2a: Naruto|0 fnt|[from] Spikes\n|faint|p2a: Naruto\n|\n|t:|1700858860\n|switch|p2a: Pain|Ursaluna, M|35\/100 brn\n|-damage|p2a: Pain|29\/100 brn|[from] Stealth Rock\n|-damage|p2a: Pain|16\/100 brn|[from] Spikes\n|turn|47\n|\n|t:|1700858867\n|move|p1a: Ogerpon|Horn Leech|p2a: Pain\n|-supereffective|p2a: Pain\n|-damage|p2a: Pain|0 fnt\n|-heal|p1a: Ogerpon|27\/100|[from] drain|[of] p2a: Pain\n|faint|p2a: Pain\n|\n|win|Manatsu\n|c|\u2606Scottowo|gg\n|c|\u2606Manatsu|gg\n|l| ThatGuyAltro\n","uploadtime":1700858874,"views":17,"p1id":"manatsu","p2id":"scottowo","formatid":"gen9ubers","rating":0,"private":0,"password":""}