{"id":"gen9ubers-1994499944","p1":"TheJuicyJake","p2":"Seior","format":"[Gen 9] Ubers","log":"|j|\u2606TheJuicyJake\n|j|\u2606Seior\n|t:|1700451213\n|gametype|singles\n|player|p1|TheJuicyJake|boarder|\n|player|p2|Seior|carmine|\n|teamsize|p1|6\n|teamsize|p2|6\n|gen|9\n|tier|[Gen 9] Ubers\n|rule|Sleep Clause Mod: Limit one foe put to sleep\n|rule|Species Clause: Limit one of each Pok\u00e9mon\n|rule|OHKO Clause: OHKO moves are banned\n|rule|Evasion Items Clause: Evasion items are banned\n|rule|Evasion Moves Clause: Evasion moves are banned\n|rule|Endless Battle Clause: Forcing endless battles is banned\n|rule|HP Percentage Mod: HP is shown in percentages\n|clearpoke\n|poke|p1|Charizard, M|\n|poke|p1|Iron Treads|\n|poke|p1|Torkoal, F|\n|poke|p1|Scream Tail|\n|poke|p1|Gurdurr, F|\n|poke|p1|Sableye, M|\n|poke|p2|Ninetales-Alola, F|\n|poke|p2|Weezing, M|\n|poke|p2|Braviary-Hisui, M|\n|poke|p2|Dedenne, M|\n|poke|p2|Sandslash-Alola, M|\n|poke|p2|Zamazenta-*|\n|teampreview\n|\n|t:|1700451260\n|start\n|switch|p1a: Torkoal|Torkoal, F|100\/100\n|switch|p2a: Dedenne|Dedenne, M|100\/100\n|-weather|SunnyDay|[from] ability: Drought|[of] p1a: Torkoal\n|turn|1\n|j| PorygonTheBot\n|c| PorygonTheBot|You got this!\n|\n|t:|1700451290\n|move|p2a: Dedenne|Rain Dance|p2a: Dedenne\n|-weather|RainDance\n|move|p1a: Torkoal|Stealth Rock|p2a: Dedenne\n|-sidestart|p2: Seior|move: Stealth Rock\n|\n|-weather|RainDance|[upkeep]\n|upkeep\n|turn|2\n|j| BPLD\n|\n|t:|1700451345\n|move|p2a: Dedenne|U-turn|p1a: Torkoal\n|-resisted|p1a: Torkoal\n|-damage|p1a: Torkoal|98\/100\n|\n|t:|1700451365\n|switch|p2a: Braviary|Braviary-Hisui, M|100\/100|[from] U-turn\n|-damage|p2a: Braviary|76\/100|[from] Stealth Rock\n|move|p1a: Torkoal|Yawn|p2a: Braviary\n|-start|p2a: Braviary|move: Yawn|[of] p1a: Torkoal\n|\n|-weather|RainDance|[upkeep]\n|upkeep\n|turn|3\n|\n|t:|1700451380\n|switch|p2a: Dedenne|Dedenne, M|100\/100\n|-damage|p2a: Dedenne|88\/100|[from] Stealth Rock\n|switch|p1a: Sableye|Sableye, M|100\/100\n|\n|-weather|RainDance|[upkeep]\n|upkeep\n|turn|4\n|\n|t:|1700451415\n|switch|p1a: Iron Treads|Iron Treads|100\/100\n|-enditem|p1a: Iron Treads|Booster Energy\n|-activate|p1a: Iron Treads|ability: Quark Drive|[fromitem]\n|-start|p1a: Iron Treads|quarkdrivespe\n|move|p2a: Dedenne|U-turn|p1a: Iron Treads\n|-resisted|p1a: Iron Treads\n|-damage|p1a: Iron Treads|96\/100\n|\n|t:|1700451483\n|switch|p2a: Zamazenta|Zamazenta-Crowned|100\/100|[from] U-turn\n|-damage|p2a: Zamazenta|98\/100|[from] Stealth Rock\n|-ability|p2a: Zamazenta|Dauntless Shield|boost\n|-boost|p2a: Zamazenta|def|1\n|\n|-weather|RainDance|[upkeep]\n|upkeep\n|turn|5\n|\n|t:|1700451544\n|-end|p1a: Iron Treads|Quark Drive|[silent]\n|switch|p1a: Torkoal|Torkoal, F|98\/100\n|-weather|SunnyDay|[from] ability: Drought|[of] p1a: Torkoal\n|move|p2a: Zamazenta|Heavy Slam|p1a: Torkoal\n|-resisted|p1a: Torkoal\n|-damage|p1a: Torkoal|83\/100\n|\n|-weather|SunnyDay|[upkeep]\n|upkeep\n|turn|6\n|\n|t:|1700451553\n|move|p2a: Zamazenta|Protect|p2a: Zamazenta\n|-singleturn|p2a: Zamazenta|Protect\n|move|p1a: Torkoal|Lava Plume|p2a: Zamazenta\n|-activate|p2a: Zamazenta|move: Protect\n|\n|-weather|SunnyDay|[upkeep]\n|upkeep\n|turn|7\n|\n|t:|1700451562\n|move|p2a: Zamazenta|Rain Dance|p2a: Zamazenta\n|-weather|RainDance\n|move|p1a: Torkoal|Lava Plume|p2a: Zamazenta\n|-supereffective|p2a: Zamazenta\n|-damage|p2a: Zamazenta|81\/100\n|\n|-weather|RainDance|[upkeep]\n|upkeep\n|turn|8\n|\n|t:|1700451572\n|move|p2a: Zamazenta|Body Press|p1a: Torkoal\n|-damage|p1a: Torkoal|47\/100\n|move|p1a: Torkoal|Yawn|p2a: Zamazenta\n|-start|p2a: Zamazenta|move: Yawn|[of] p1a: Torkoal\n|\n|-weather|RainDance|[upkeep]\n|upkeep\n|turn|9\n|\n|t:|1700451605\n|switch|p1a: Gurdurr|Gurdurr, F|100\/100\n|move|p2a: Zamazenta|Heavy Slam|p1a: Gurdurr\n|-damage|p1a: Gurdurr|79\/100\n|\n|-weather|RainDance|[upkeep]\n|-end|p2a: Zamazenta|move: Yawn|[silent]\n|-status|p2a: Zamazenta|slp\n|upkeep\n|turn|10\n|\n|t:|1700451623\n|switch|p2a: Braviary|Braviary-Hisui, M|76\/100\n|-damage|p2a: Braviary|51\/100|[from] Stealth Rock\n|move|p1a: Gurdurr|Ice Punch|p2a: Braviary\n|-supereffective|p2a: Braviary\n|-damage|p2a: Braviary|11\/100\n|\n|-weather|RainDance|[upkeep]\n|upkeep\n|turn|11\n|\n|t:|1700451632\n|switch|p1a: Sableye|Sableye, M|100\/100\n|move|p2a: Braviary|Roost|p2a: Braviary\n|-heal|p2a: Braviary|61\/100\n|-singleturn|p2a: Braviary|move: Roost\n|\n|-weather|none\n|upkeep\n|turn|12\n|\n|t:|1700451639\n|move|p1a: Sableye|Light Screen|p1a: Sableye\n|-sidestart|p1: TheJuicyJake|move: Light Screen\n|move|p2a: Braviary|Roost|p2a: Braviary\n|-heal|p2a: Braviary|100\/100\n|-singleturn|p2a: Braviary|move: Roost\n|\n|upkeep\n|turn|13\n|\n|t:|1700451641\n|move|p2a: Braviary|Calm Mind|p2a: Braviary\n|-boost|p2a: Braviary|spa|1\n|-boost|p2a: Braviary|spd|1\n|move|p1a: Sableye|Shadow Ball|p2a: Braviary\n|-supereffective|p2a: Braviary\n|-damage|p2a: Braviary|72\/100\n|\n|upkeep\n|turn|14\n|\n|t:|1700451646\n|switch|p1a: Scream Tail|Scream Tail|100\/100\n|move|p2a: Braviary|Calm Mind|p2a: Braviary\n|-boost|p2a: Braviary|spa|1\n|-boost|p2a: Braviary|spd|1\n|\n|upkeep\n|turn|15\n|\n|t:|1700451660\n|-terastallize|p2a: Braviary|Ground\n|move|p1a: Scream Tail|Encore|p2a: Braviary\n|-start|p2a: Braviary|Encore\n|move|p2a: Braviary|Calm Mind|p2a: Braviary\n|-boost|p2a: Braviary|spa|1\n|-boost|p2a: Braviary|spd|1\n|\n|upkeep\n|turn|16\n|\n|t:|1700451688\n|-end|p1a: Scream Tail|Protosynthesis|[silent]\n|switch|p1a: Iron Treads|Iron Treads|96\/100\n|move|p2a: Braviary|Calm Mind|p2a: Braviary\n|-boost|p2a: Braviary|spa|1\n|-boost|p2a: Braviary|spd|1\n|\n|-sideend|p1: TheJuicyJake|move: Light Screen\n|upkeep\n|turn|17\n|\n|t:|1700451704\n|switch|p2a: Weezing|Weezing, M|100\/100\n|-damage|p2a: Weezing|88\/100|[from] Stealth Rock\n|move|p1a: Iron Treads|Ice Spinner|p2a: Weezing\n|-damage|p2a: Weezing|65\/100\n|\n|upkeep\n|turn|18\n|\n|t:|1700451716\n|-end|p1a: Iron Treads|Quark Drive|[silent]\n|switch|p1a: Gurdurr|Gurdurr, F|79\/100\n|move|p2a: Weezing|Pain Split|p1a: Gurdurr\n|-sethp|p1a: Gurdurr|68\/100|[from] move: Pain Split|[silent]\n|-sethp|p2a: Weezing|77\/100|[from] move: Pain Split\n|\n|upkeep\n|turn|19\n|\n|t:|1700451726\n|move|p2a: Weezing|Sludge Bomb|p1a: Gurdurr\n|-damage|p1a: Gurdurr|40\/100\n|move|p1a: Gurdurr|Bulk Up|p1a: Gurdurr\n|-boost|p1a: Gurdurr|atk|1\n|-boost|p1a: Gurdurr|def|1\n|\n|upkeep\n|turn|20\n|\n|t:|1700451757\n|move|p2a: Weezing|Sludge Bomb|p1a: Gurdurr\n|-damage|p1a: Gurdurr|12\/100\n|-status|p1a: Gurdurr|psn\n|move|p1a: Gurdurr|Drain Punch|p2a: Weezing\n|-resisted|p2a: Weezing\n|-damage|p2a: Weezing|50\/100\n|-heal|p1a: Gurdurr|24\/100 psn|[from] drain|[of] p2a: Weezing\n|\n|-damage|p1a: Gurdurr|12\/100 psn|[from] psn\n|upkeep\n|turn|21\n|\n|t:|1700451775\n|move|p2a: Weezing|Sludge Bomb|p1a: Gurdurr\n|-damage|p1a: Gurdurr|0 fnt\n|faint|p1a: Gurdurr\n|\n|upkeep\n|\n|t:|1700451828\n|switch|p1a: Charizard|Charizard, M|100\/100\n|turn|22\n|\n|t:|1700451868\n|move|p1a: Charizard|Flamethrower|p2a: Weezing\n|-crit|p2a: Weezing\n|-damage|p2a: Weezing|0 fnt\n|faint|p2a: Weezing\n|\n|upkeep\n|\n|t:|1700451898\n|switch|p2a: Dedenne|Dedenne, M|88\/100\n|-damage|p2a: Dedenne|76\/100|[from] Stealth Rock\n|turn|23\n|\n|t:|1700451908\n|switch|p1a: Scream Tail|Scream Tail|100\/100\n|move|p2a: Dedenne|Nuzzle|p1a: Scream Tail\n|-damage|p1a: Scream Tail|97\/100\n|-status|p1a: Scream Tail|par\n|\n|-heal|p1a: Scream Tail|100\/100 par|[from] item: Leftovers\n|upkeep\n|turn|24\n|\n|t:|1700451915\n|switch|p2a: Sandslash|Sandslash-Alola, M|100\/100\n|move|p1a: Scream Tail|Wish|p1a: Scream Tail\n|\n|upkeep\n|turn|25\n|\n|t:|1700451961\n|move|p1a: Scream Tail|Focus Blast|p2a: Sandslash|[miss]\n|-miss|p1a: Scream Tail|p2a: Sandslash\n|move|p2a: Sandslash|Rapid Spin|p1a: Scream Tail\n|-damage|p1a: Scream Tail|89\/100 par\n|-boost|p2a: Sandslash|spe|1\n|-sideend|p2: Seior|Stealth Rock|[from] move: Rapid Spin|[of] p2a: Sandslash\n|\n|-heal|p1a: Scream Tail|100\/100 par|[from] move: Wish|[wisher] Scream Tail\n|upkeep\n|turn|26\n|\n|t:|1700451978\n|switch|p2a: Braviary|Braviary-Hisui, M, tera:Ground|72\/100\n|move|p1a: Scream Tail|Focus Blast|p2a: Braviary\n|-damage|p2a: Braviary|52\/100\n|\n|upkeep\n|turn|27\n|\n|t:|1700451983\n|move|p2a: Braviary|Roost|p2a: Braviary\n|-heal|p2a: Braviary|100\/100\n|cant|p1a: Scream Tail|par\n|\n|upkeep\n|turn|28\n|\n|t:|1700451988\n|move|p2a: Braviary|Esper Wing|p1a: Scream Tail\n|-resisted|p1a: Scream Tail\n|-damage|p1a: Scream Tail|80\/100 par\n|-boost|p2a: Braviary|spe|1\n|move|p1a: Scream Tail|Encore|p2a: Braviary\n|-start|p2a: Braviary|Encore\n|\n|-heal|p1a: Scream Tail|86\/100 par|[from] item: Leftovers\n|upkeep\n|turn|29\n|\n|t:|1700451997\n|switch|p2a: Ninetales|Ninetales-Alola, F|100\/100\n|-weather|Snow|[from] ability: Snow Warning|[of] p2a: Ninetales\n|-end|p1a: Scream Tail|Protosynthesis|[silent]\n|switch|p1a: Sableye|Sableye, M|100\/100\n|\n|-weather|Snow|[upkeep]\n|upkeep\n|turn|30\n|\n|t:|1700452054\n|switch|p1a: Torkoal|Torkoal, F|47\/100\n|-weather|SunnyDay|[from] ability: Drought|[of] p1a: Torkoal\n|move|p2a: Ninetales|Moonblast|p1a: Torkoal\n|-resisted|p1a: Torkoal\n|-damage|p1a: Torkoal|23\/100\n|\n|-weather|SunnyDay|[upkeep]\n|upkeep\n|turn|31\n|\n|t:|1700452070\n|switch|p1a: Scream Tail|Scream Tail|86\/100 par\n|-activate|p1a: Scream Tail|ability: Protosynthesis\n|-start|p1a: Scream Tail|protosynthesisspe\n|move|p2a: Ninetales|Moonblast|p1a: Scream Tail\n|-damage|p1a: Scream Tail|58\/100 par\n|-unboost|p1a: Scream Tail|spa|1\n|\n|-weather|SunnyDay|[upkeep]\n|-heal|p1a: Scream Tail|65\/100 par|[from] item: Leftovers\n|upkeep\n|turn|32\n|\n|t:|1700452088\n|move|p2a: Ninetales|Snowscape|p2a: Ninetales\n|-weather|Snow\n|-end|p1a: Scream Tail|Protosynthesis\n|move|p1a: Scream Tail|Wish|p1a: Scream Tail\n|\n|-weather|Snow|[upkeep]\n|-heal|p1a: Scream Tail|71\/100 par|[from] item: Leftovers\n|upkeep\n|turn|33\n|\n|t:|1700452098\n|-end|p1a: Scream Tail|Protosynthesis|[silent]\n|switch|p1a: Iron Treads|Iron Treads|96\/100\n|move|p2a: Ninetales|Aurora Veil|p2a: Ninetales\n|-sidestart|p2: Seior|move: Aurora Veil\n|\n|-weather|Snow|[upkeep]\n|-heal|p1a: Iron Treads|100\/100|[from] move: Wish|[wisher] Scream Tail\n|upkeep\n|turn|34\n|\n|t:|1700452134\n|switch|p2a: Braviary|Braviary-Hisui, M, tera:Ground|100\/100\n|move|p1a: Iron Treads|Earthquake|p2a: Braviary\n|-damage|p2a: Braviary|77\/100\n|\n|-weather|Snow|[upkeep]\n|upkeep\n|turn|35\n|\n|t:|1700452144\n|-end|p1a: Iron Treads|Quark Drive|[silent]\n|switch|p1a: Sableye|Sableye, M|100\/100\n|move|p2a: Braviary|Esper Wing|p1a: Sableye\n|-immune|p1a: Sableye\n|\n|-weather|Snow|[upkeep]\n|upkeep\n|turn|36\n|\n|t:|1700452154\n|move|p1a: Sableye|Reflect|p1a: Sableye\n|-sidestart|p1: TheJuicyJake|Reflect\n|move|p2a: Braviary|Calm Mind|p2a: Braviary\n|-boost|p2a: Braviary|spa|1\n|-boost|p2a: Braviary|spd|1\n|\n|-weather|none\n|upkeep\n|turn|37\n|\n|t:|1700452162\n|switch|p1a: Iron Treads|Iron Treads|100\/100\n|move|p2a: Braviary|Esper Wing|p1a: Iron Treads\n|-resisted|p1a: Iron Treads\n|-damage|p1a: Iron Treads|28\/100\n|-boost|p2a: Braviary|spe|1\n|\n|upkeep\n|turn|38\n|\n|t:|1700452168\n|move|p2a: Braviary|Esper Wing|p1a: Iron Treads\n|-resisted|p1a: Iron Treads\n|-damage|p1a: Iron Treads|0 fnt\n|-boost|p2a: Braviary|spe|1\n|faint|p1a: Iron Treads\n|-end|p1a: Iron Treads|Quark Drive|[silent]\n|\n|upkeep\n|\n|t:|1700452180\n|switch|p1a: Sableye|Sableye, M|100\/100\n|turn|39\n|\n|t:|1700452186\n|move|p2a: Braviary|Calm Mind|p2a: Braviary\n|-boost|p2a: Braviary|spa|1\n|-boost|p2a: Braviary|spd|1\n|move|p1a: Sableye|Shadow Ball|p2a: Braviary\n|-damage|p2a: Braviary|71\/100\n|-unboost|p2a: Braviary|spd|1\n|\n|upkeep\n|turn|40\n|\n|t:|1700452205\n|move|p2a: Braviary|Heat Wave|p1a: Sableye\n|-damage|p1a: Sableye|19\/100\n|-enditem|p1a: Sableye|Red Card|[of] p2a: Braviary\n|drag|p2a: Dedenne|Dedenne, M|76\/100\n|move|p1a: Sableye|Shadow Ball|p2a: Dedenne\n|-damage|p2a: Dedenne|66\/100\n|\n|-sideend|p1: TheJuicyJake|Reflect\n|-sideend|p2: Seior|move: Aurora Veil\n|upkeep\n|turn|41\n|\n|t:|1700452222\n|switch|p1a: Scream Tail|Scream Tail|71\/100 par\n|move|p2a: Dedenne|Nuzzle|p1a: Scream Tail\n|-damage|p1a: Scream Tail|67\/100 par\n|\n|-heal|p1a: Scream Tail|74\/100 par|[from] item: Leftovers\n|upkeep\n|turn|42\n|\n|t:|1700452228\n|move|p2a: Dedenne|Super Fang|p1a: Scream Tail\n|-damage|p1a: Scream Tail|37\/100 par\n|move|p1a: Scream Tail|Wish|p1a: Scream Tail\n|\n|-heal|p1a: Scream Tail|43\/100 par|[from] item: Leftovers\n|upkeep\n|turn|43\n|\n|t:|1700452237\n|-end|p1a: Scream Tail|Protosynthesis|[silent]\n|switch|p1a: Torkoal|Torkoal, F|23\/100\n|-weather|SunnyDay|[from] ability: Drought|[of] p1a: Torkoal\n|move|p2a: Dedenne|U-turn|p1a: Torkoal\n|-resisted|p1a: Torkoal\n|-damage|p1a: Torkoal|20\/100\n|\n|t:|1700452241\n|switch|p2a: Ninetales|Ninetales-Alola, F|100\/100|[from] U-turn\n|-weather|Snow|[from] ability: Snow Warning|[of] p2a: Ninetales\n|\n|-weather|Snow|[upkeep]\n|-heal|p1a: Torkoal|83\/100|[from] move: Wish|[wisher] Scream Tail\n|upkeep\n|turn|44\n|\n|t:|1700452247\n|move|p2a: Ninetales|Aurora Veil|p2a: Ninetales\n|-sidestart|p2: Seior|move: Aurora Veil\n|move|p1a: Torkoal|Yawn|p2a: Ninetales\n|-start|p2a: Ninetales|move: Yawn|[of] p1a: Torkoal\n|\n|-weather|Snow|[upkeep]\n|upkeep\n|turn|45\n|\n|t:|1700452257\n|move|p2a: Ninetales|Moonblast|p1a: Torkoal\n|-resisted|p1a: Torkoal\n|-damage|p1a: Torkoal|61\/100\n|move|p1a: Torkoal|Yawn||[still]\n|-fail|p1a: Torkoal\n|\n|-weather|Snow|[upkeep]\n|-end|p2a: Ninetales|move: Yawn|[silent]\n|-message|Sleep Clause Mod activated.\n|-hint|Sleep Clause Mod prevents players from putting more than one of their opponent's Pok\u00e9mon to sleep at a time\n|upkeep\n|turn|46\n|\n|t:|1700452271\n|switch|p2a: Braviary|Braviary-Hisui, M, tera:Ground|71\/100\n|move|p1a: Torkoal|Lava Plume|p2a: Braviary\n|-damage|p2a: Braviary|59\/100\n|\n|-weather|Snow|[upkeep]\n|upkeep\n|turn|47\n|\n|t:|1700452298\n|switch|p1a: Charizard|Charizard, M|100\/100\n|move|p2a: Braviary|Roost|p2a: Braviary\n|-heal|p2a: Braviary|100\/100\n|\n|-weather|none\n|upkeep\n|turn|48\n|\n|t:|1700452310\n|move|p1a: Charizard|Flamethrower|p2a: Braviary\n|-damage|p2a: Braviary|76\/100\n|move|p2a: Braviary|Calm Mind|p2a: Braviary\n|-boost|p2a: Braviary|spa|1\n|-boost|p2a: Braviary|spd|1\n|\n|upkeep\n|turn|49\n|\n|t:|1700452318\n|switch|p1a: Torkoal|Torkoal, F|61\/100\n|-weather|SunnyDay|[from] ability: Drought|[of] p1a: Torkoal\n|move|p2a: Braviary|Esper Wing|p1a: Torkoal\n|-damage|p1a: Torkoal|2\/100\n|-boost|p2a: Braviary|spe|1\n|\n|-weather|SunnyDay|[upkeep]\n|upkeep\n|turn|50\n|\n|t:|1700452325\n|switch|p1a: Sableye|Sableye, M|19\/100\n|move|p2a: Braviary|Esper Wing|p1a: Sableye\n|-immune|p1a: Sableye\n|\n|-weather|SunnyDay|[upkeep]\n|upkeep\n|turn|51\n|\n|t:|1700452338\n|switch|p1a: Charizard|Charizard, M|100\/100\n|move|p2a: Braviary|Calm Mind|p2a: Braviary\n|-boost|p2a: Braviary|spa|1\n|-boost|p2a: Braviary|spd|1\n|\n|-weather|SunnyDay|[upkeep]\n|-damage|p1a: Charizard|88\/100|[from] ability: Solar Power|[of] p1a: Charizard\n|-sideend|p2: Seior|move: Aurora Veil\n|upkeep\n|turn|52\n|\n|t:|1700452374\n|move|p1a: Charizard|Overheat|p2a: Braviary\n|-damage|p2a: Braviary|0 fnt\n|-unboost|p1a: Charizard|spa|2\n|faint|p2a: Braviary\n|\n|-weather|SunnyDay|[upkeep]\n|-damage|p1a: Charizard|76\/100|[from] ability: Solar Power|[of] p1a: Charizard\n|upkeep\n|\n|t:|1700452389\n|switch|p2a: Dedenne|Dedenne, M|66\/100\n|turn|53\n|\n|t:|1700452400\n|switch|p1a: Scream Tail|Scream Tail|43\/100 par\n|-activate|p1a: Scream Tail|ability: Protosynthesis\n|-start|p1a: Scream Tail|protosynthesisspe\n|move|p2a: Dedenne|Nuzzle|p1a: Scream Tail\n|-damage|p1a: Scream Tail|40\/100 par\n|\n|-weather|none\n|-end|p1a: Scream Tail|Protosynthesis\n|-heal|p1a: Scream Tail|46\/100 par|[from] item: Leftovers\n|upkeep\n|turn|54\n|\n|t:|1700452405\n|switch|p2a: Sandslash|Sandslash-Alola, M|100\/100\n|cant|p1a: Scream Tail|par\n|\n|-heal|p1a: Scream Tail|52\/100 par|[from] item: Leftovers\n|upkeep\n|turn|55\n|\n|t:|1700452409\n|cant|p1a: Scream Tail|par\n|move|p2a: Sandslash|Knock Off|p1a: Scream Tail\n|-damage|p1a: Scream Tail|33\/100 par\n|-enditem|p1a: Scream Tail|Leftovers|[from] move: Knock Off|[of] p2a: Sandslash\n|\n|upkeep\n|turn|56\n|\n|t:|1700452412\n|cant|p1a: Scream Tail|par\n|move|p2a: Sandslash|Stealth Rock|p1a: Scream Tail\n|-sidestart|p1: TheJuicyJake|move: Stealth Rock\n|\n|upkeep\n|turn|57\n|\n|t:|1700452423\n|cant|p1a: Scream Tail|par\n|move|p2a: Sandslash|Knock Off|p1a: Scream Tail\n|-crit|p1a: Scream Tail\n|-damage|p1a: Scream Tail|15\/100 par\n|\n|upkeep\n|turn|58\n|\n|t:|1700452426\n|move|p1a: Scream Tail|Focus Blast|p2a: Sandslash\n|-supereffective|p2a: Sandslash\n|-damage|p2a: Sandslash|0 fnt\n|faint|p2a: Sandslash\n|\n|upkeep\n|\n|t:|1700452450\n|switch|p2a: Ninetales|Ninetales-Alola, F|100\/100\n|-weather|Snow|[from] ability: Snow Warning|[of] p2a: Ninetales\n|turn|59\n|\n|t:|1700452457\n|move|p2a: Ninetales|Aurora Veil|p2a: Ninetales\n|-sidestart|p2: Seior|move: Aurora Veil\n|move|p1a: Scream Tail|Psychic Fangs|p2a: Ninetales\n|-sideend|p2: Seior|move: Aurora Veil\n|-damage|p2a: Ninetales|81\/100\n|\n|-weather|Snow|[upkeep]\n|upkeep\n|turn|60\n|\n|t:|1700452463\n|-end|p1a: Scream Tail|Protosynthesis|[silent]\n|switch|p1a: Torkoal|Torkoal, F|2\/100\n|-damage|p1a: Torkoal|0 fnt|[from] Stealth Rock\n|faint|p1a: Torkoal\n|move|p2a: Ninetales|Aurora Veil|p2a: Ninetales\n|-sidestart|p2: Seior|move: Aurora Veil\n|\n|-weather|Snow|[upkeep]\n|upkeep\n|\n|t:|1700452475\n|switch|p1a: Scream Tail|Scream Tail|15\/100 par\n|-damage|p1a: Scream Tail|2\/100 par|[from] Stealth Rock\n|turn|61\n|\n|t:|1700452483\n|move|p2a: Ninetales|Moonblast|p1a: Scream Tail\n|-damage|p1a: Scream Tail|0 fnt\n|faint|p1a: Scream Tail\n|-end|p1a: Scream Tail|Protosynthesis|[silent]\n|\n|-weather|Snow|[upkeep]\n|upkeep\n|\n|t:|1700452487\n|switch|p1a: Sableye|Sableye, M|19\/100\n|-damage|p1a: Sableye|7\/100|[from] Stealth Rock\n|turn|62\n|\n|t:|1700452497\n|switch|p2a: Zamazenta|Zamazenta-Crowned|81\/100 slp\n|move|p1a: Sableye|Light Screen|p1a: Sableye\n|-sidestart|p1: TheJuicyJake|move: Light Screen\n|\n|-weather|Snow|[upkeep]\n|upkeep\n|turn|63\n|\n|t:|1700452523\n|switch|p1a: Charizard|Charizard, M|76\/100\n|-damage|p1a: Charizard|26\/100|[from] Stealth Rock\n|cant|p2a: Zamazenta|slp\n|\n|-weather|none\n|upkeep\n|turn|64\n|\n|t:|1700452537\n|switch|p2a: Dedenne|Dedenne, M|66\/100\n|move|p1a: Charizard|Flamethrower|p2a: Dedenne\n|-damage|p2a: Dedenne|43\/100\n|\n|upkeep\n|turn|65\n|\n|t:|1700452546\n|-terastallize|p1a: Charizard|Ground\n|move|p1a: Charizard|Flamethrower|p2a: Dedenne\n|-damage|p2a: Dedenne|20\/100\n|-enditem|p2a: Dedenne|Aguav Berry|[eat]\n|-heal|p2a: Dedenne|53\/100|[from] item: Aguav Berry\n|-heal|p2a: Dedenne|86\/100|[from] ability: Cheek Pouch\n|move|p2a: Dedenne|Nuzzle|p1a: Charizard\n|-immune|p1a: Charizard\n|\n|upkeep\n|turn|66\n|\n|t:|1700452552\n|move|p1a: Charizard|Flamethrower|p2a: Dedenne\n|-crit|p2a: Dedenne\n|-damage|p2a: Dedenne|19\/100\n|move|p2a: Dedenne|Super Fang|p1a: Charizard\n|-damage|p1a: Charizard|13\/100\n|\n|-sideend|p1: TheJuicyJake|move: Light Screen\n|upkeep\n|turn|67\n|\n|t:|1700452558\n|move|p1a: Charizard|Flamethrower|p2a: Dedenne\n|-damage|p2a: Dedenne|0 fnt\n|faint|p2a: Dedenne\n|\n|-sideend|p2: Seior|move: Aurora Veil\n|upkeep\n|\n|t:|1700452560\n|switch|p2a: Ninetales|Ninetales-Alola, F|81\/100\n|-weather|Snow|[from] ability: Snow Warning|[of] p2a: Ninetales\n|turn|68\n|\n|t:|1700452569\n|move|p1a: Charizard|Flamethrower|p2a: Ninetales\n|-supereffective|p2a: Ninetales\n|-damage|p2a: Ninetales|0 fnt\n|faint|p2a: Ninetales\n|\n|-weather|Snow|[upkeep]\n|upkeep\n|\n|t:|1700452571\n|switch|p2a: Zamazenta|Zamazenta-Crowned|81\/100 slp\n|turn|69\n|\n|t:|1700452574\n|move|p1a: Charizard|Flamethrower|p2a: Zamazenta\n|-supereffective|p2a: Zamazenta\n|-damage|p2a: Zamazenta|20\/100 slp\n|-curestatus|p2a: Zamazenta|slp|[msg]\n|move|p2a: Zamazenta|Rain Dance|p2a: Zamazenta\n|-weather|RainDance\n|\n|-weather|RainDance|[upkeep]\n|upkeep\n|turn|70\n|\n|t:|1700452578\n|move|p1a: Charizard|Flamethrower|p2a: Zamazenta\n|-supereffective|p2a: Zamazenta\n|-damage|p2a: Zamazenta|0 fnt\n|faint|p2a: Zamazenta\n|\n|win|TheJuicyJake\n","uploadtime":1700452579,"views":7,"p1id":"thejuicyjake","p2id":"seior","formatid":"gen9ubers","rating":0,"private":0,"password":null}