{"id":"gen9ubers-1979994955","p1":"Aipom Hoshino","p2":"KonoRyanDa","format":"[Gen 9] Ubers","log":"|j|\u2606Aipom Hoshino\n|j|\u2606KonoRyanDa\n|t:|1698743654\n|gametype|singles\n|player|p1|Aipom Hoshino|lady-gen4|\n|player|p2|KonoRyanDa|swimmerf-gen4|\n|teamsize|p1|6\n|teamsize|p2|6\n|gen|9\n|tier|[Gen 9] Ubers\n|rule|Sleep Clause Mod: Limit one foe put to sleep\n|rule|Species Clause: Limit one of each Pok\u00e9mon\n|rule|OHKO Clause: OHKO moves are banned\n|rule|Evasion Items Clause: Evasion items are banned\n|rule|Evasion Moves Clause: Evasion moves are banned\n|rule|Endless Battle Clause: Forcing endless battles is banned\n|rule|HP Percentage Mod: HP is shown in percentages\n|clearpoke\n|poke|p1|Pelipper, F|\n|poke|p1|Basculegion-F, F|\n|poke|p1|Arceus-Grass|\n|poke|p1|Palkia-Origin|\n|poke|p1|Magearna|\n|poke|p1|Palafin, M|\n|poke|p2|Espathra, F|\n|poke|p2|Zacian-*|\n|poke|p2|Urshifu-*, F|\n|poke|p2|Cyclizar, M|\n|poke|p2|Amoonguss, F|\n|poke|p2|Volcanion|\n|teampreview\n|inactive|Battle timer is ON: inactive players will automatically lose when time's up. (requested by Aipom Hoshino)\n|inactive|KonoRyanDa has 270 seconds left.\n|inactive|KonoRyanDa has 240 seconds left.\n|inactive|KonoRyanDa has 210 seconds left.\n|inactive|KonoRyanDa has 180 seconds left.\n|\n|t:|1698743807\n|start\n|switch|p1a: Magearna|Magearna|100\/100\n|switch|p2a: Bai|Cyclizar, M|100\/100\n|turn|1\n|inactive|KonoRyanDa has 210 seconds left.\n|\n|t:|1698743845\n|move|p2a: Bai|Shed Tail|p2a: Bai\n|-start|p2a: Bai|Substitute|[from] move: Shed Tail\n|-damage|p2a: Bai|50\/100\n|inactive|KonoRyanDa has 180 seconds left.\n|inactive|KonoRyanDa has 150 seconds left.\n|\n|t:|1698743908\n|switch|p2a: Asexual|Amoonguss, F|100\/100|[from] Shed Tail\n|move|p1a: Magearna|Fleur Cannon|p2a: Asexual\n|-resisted|p2a: Asexual\n|-end|p2a: Asexual|Substitute\n|-unboost|p1a: Magearna|spa|2\n|\n|upkeep\n|turn|2\n|\n|t:|1698743921\n|move|p1a: Magearna|Spikes|p2a: Asexual\n|-sidestart|p2: KonoRyanDa|Spikes\n|move|p2a: Asexual|Spore|p1a: Magearna\n|-status|p1a: Magearna|slp|[from] move: Spore\n|\n|upkeep\n|turn|3\n|\n|t:|1698743927\n|switch|p1a: Palafin|Palafin, M|100\/100\n|switch|p2a: Bai|Cyclizar, M|84\/100\n|\n|upkeep\n|turn|4\n|inactive|KonoRyanDa has 150 seconds left.\n|\n|t:|1698743945\n|detailschange|p1a: Palafin|Palafin-Hero, M\n|switch|p1a: Pelipper|Pelipper, F|100\/100\n|-weather|RainDance|[from] ability: Drizzle|[of] p1a: Pelipper\n|move|p2a: Bai|Draco Meteor|p1a: Pelipper\n|-damage|p1a: Pelipper|46\/100\n|-unboost|p2a: Bai|spa|2\n|\n|-weather|RainDance|[upkeep]\n|upkeep\n|turn|5\n|\n|t:|1698743957\n|move|p2a: Bai|Shed Tail|p2a: Bai\n|-start|p2a: Bai|Substitute|[from] move: Shed Tail\n|-damage|p2a: Bai|33\/100\n|\n|t:|1698743978\n|switch|p2a: Made in Heaven|Espathra, F|100\/100|[from] Shed Tail\n|-damage|p2a: Made in Heaven|88\/100|[from] Spikes\n|move|p1a: Pelipper|Hurricane|p2a: Made in Heaven\n|-end|p2a: Made in Heaven|Substitute\n|\n|-weather|RainDance|[upkeep]\n|-heal|p2a: Made in Heaven|94\/100|[from] item: Leftovers\n|upkeep\n|turn|6\n|inactive|KonoRyanDa has 120 seconds left.\n|inactive|KonoRyanDa has 90 seconds left.\n|\n|t:|1698744031\n|switch|p2a: Protagonist|Volcanion|100\/100\n|-damage|p2a: Protagonist|88\/100|[from] Spikes\n|move|p1a: Pelipper|U-turn|p2a: Protagonist\n|-resisted|p2a: Protagonist\n|-damage|p2a: Protagonist|85\/100\n|inactive|Aipom Hoshino has 270 seconds left.\n|\n|t:|1698744068\n|switch|p1a: Palkia|Palkia-Origin|100\/100|[from] U-turn\n|-ability|p1a: Palkia|Pressure\n|\n|-weather|RainDance|[upkeep]\n|upkeep\n|turn|7\n|inactive|KonoRyanDa has 90 seconds left.\n|\n|t:|1698744084\n|switch|p2a: \u4e56\u72d7\u72d7~|Zacian|100\/100\n|-damage|p2a: \u4e56\u72d7\u72d7~|88\/100|[from] Spikes\n|-ability|p2a: \u4e56\u72d7\u72d7~|Intrepid Sword|boost\n|-boost|p2a: \u4e56\u72d7\u72d7~|atk|1\n|move|p1a: Palkia|Substitute|p1a: Palkia\n|-start|p1a: Palkia|Substitute\n|-damage|p1a: Palkia|76\/100\n|\n|-weather|RainDance|[upkeep]\n|-heal|p2a: \u4e56\u72d7\u72d7~|94\/100|[from] item: Leftovers\n|upkeep\n|turn|8\n|inactive|KonoRyanDa has 90 seconds left.\n|\n|t:|1698744105\n|switch|p2a: Protagonist|Volcanion|85\/100\n|-damage|p2a: Protagonist|72\/100|[from] Spikes\n|move|p1a: Palkia|Hydro Pump|p2a: Protagonist\n|-heal|p2a: Protagonist|97\/100|[from] ability: Water Absorb|[of] p1a: Palkia\n|\n|-weather|RainDance|[upkeep]\n|upkeep\n|turn|9\n|\n|t:|1698744116\n|move|p1a: Palkia|Spacial Rend|p2a: Protagonist\n|-damage|p2a: Protagonist|49\/100\n|move|p2a: Protagonist|Earth Power|p1a: Palkia\n|-end|p1a: Palkia|Substitute\n|\n|-weather|RainDance|[upkeep]\n|upkeep\n|turn|10\n|\n|t:|1698744131\n|move|p1a: Palkia|Draco Meteor|p2a: Protagonist\n|-damage|p2a: Protagonist|0 fnt\n|-unboost|p1a: Palkia|spa|2\n|faint|p2a: Protagonist\n|\n|-weather|RainDance|[upkeep]\n|upkeep\n|\n|t:|1698744140\n|switch|p2a: \u4e56\u72d7\u72d7~|Zacian|94\/100\n|-damage|p2a: \u4e56\u72d7\u72d7~|82\/100|[from] Spikes\n|turn|11\n|\n|t:|1698744160\n|switch|p1a: Palafin|Palafin-Hero, M|100\/100\n|-activate|p1a: Palafin|ability: Zero to Hero\n|move|p2a: \u4e56\u72d7\u72d7~|Substitute|p2a: \u4e56\u72d7\u72d7~\n|-start|p2a: \u4e56\u72d7\u72d7~|Substitute\n|-damage|p2a: \u4e56\u72d7\u72d7~|57\/100\n|\n|-weather|none\n|-heal|p2a: \u4e56\u72d7\u72d7~|63\/100|[from] item: Leftovers\n|upkeep\n|turn|12\n|inactive|KonoRyanDa has 90 seconds left.\n|inactive|KonoRyanDa has 60 seconds left.\n|\n|t:|1698744197\n|move|p1a: Palafin|Jet Punch|p2a: \u4e56\u72d7\u72d7~\n|-crit|p2a: \u4e56\u72d7\u72d7~\n|-end|p2a: \u4e56\u72d7\u72d7~|Substitute\n|move|p2a: \u4e56\u72d7\u72d7~|Swords Dance|p2a: \u4e56\u72d7\u72d7~\n|-boost|p2a: \u4e56\u72d7\u72d7~|atk|2\n|\n|-heal|p2a: \u4e56\u72d7\u72d7~|70\/100|[from] item: Leftovers\n|upkeep\n|turn|13\n|\n|t:|1698744206\n|-terastallize|p1a: Palafin|Water\n|move|p1a: Palafin|Jet Punch|p2a: \u4e56\u72d7\u72d7~\n|-damage|p2a: \u4e56\u72d7\u72d7~|0 fnt\n|faint|p2a: \u4e56\u72d7\u72d7~\n|\n|upkeep\n|inactive|KonoRyanDa has 60 seconds left.\n|\n|t:|1698744220\n|switch|p2a: Asexual|Amoonguss, F|100\/100\n|-damage|p2a: Asexual|88\/100|[from] Spikes\n|turn|14\n|inactive|KonoRyanDa has 60 seconds left.\n|\n|t:|1698744242\n|switch|p1a: Pelipper|Pelipper, F|46\/100\n|-weather|RainDance|[from] ability: Drizzle|[of] p1a: Pelipper\n|switch|p2a: Bai|Cyclizar, M|67\/100\n|\n|-weather|RainDance|[upkeep]\n|upkeep\n|turn|15\n|\n|t:|1698744258\n|move|p2a: Bai|Rapid Spin|p1a: Pelipper\n|-damage|p1a: Pelipper|32\/100\n|-boost|p2a: Bai|spe|1\n|-sideend|p2: KonoRyanDa|Spikes|[from] move: Rapid Spin|[of] p2a: Bai\n|move|p1a: Pelipper|Hurricane|p2a: Bai\n|-damage|p2a: Bai|17\/100\n|\n|-weather|RainDance|[upkeep]\n|upkeep\n|turn|16\n|\n|t:|1698744274\n|move|p2a: Bai|Draco Meteor|p1a: Pelipper\n|-damage|p1a: Pelipper|0 fnt\n|-unboost|p2a: Bai|spa|2\n|faint|p1a: Pelipper\n|\n|-weather|RainDance|[upkeep]\n|upkeep\n|inactive|Aipom Hoshino has 270 seconds left.\n|\n|t:|1698744305\n|switch|p1a: Basculegion|Basculegion-F, F|100\/100\n|turn|17\n|inactive|KonoRyanDa has 30 seconds left.\n|inactive|KonoRyanDa has 20 seconds left.\n|inactive|KonoRyanDa has 15 seconds left.\n|\n|t:|1698744346\n|move|p2a: Bai|Draco Meteor|p1a: Basculegion\n|-damage|p1a: Basculegion|77\/100\n|-unboost|p2a: Bai|spa|2\n|move|p1a: Basculegion|Flip Turn|p2a: Bai\n|-resisted|p2a: Bai\n|-damage|p2a: Bai|0 fnt\n|faint|p2a: Bai\n|inactive|KonoRyanDa has 20 seconds left this turn.\n|\n|t:|1698744351\n|switch|p1a: Palafin|Palafin-Hero, M, tera:Water|100\/100|[from] Flip Turn\n|\n|-weather|RainDance|[upkeep]\n|upkeep\n|inactive|KonoRyanDa has 25 seconds left this turn.\n|inactive|KonoRyanDa has 20 seconds left.\n|\n|t:|1698744360\n|switch|p2a: Asexual|Amoonguss, F|100\/100\n|turn|18\n|inactive|KonoRyanDa has 30 seconds left this turn.\n|\n|t:|1698744368\n|move|p1a: Palafin|Wave Crash|p2a: Asexual\n|-resisted|p2a: Asexual\n|-damage|p2a: Asexual|0 fnt\n|faint|p2a: Asexual\n|-damage|p1a: Palafin|65\/100|[from] Recoil\n|\n|-weather|RainDance|[upkeep]\n|upkeep\n|inactive|KonoRyanDa has 30 seconds left this turn.\n|\n|t:|1698744375\n|switch|p2a: Ora?|Urshifu, F|100\/100\n|turn|19\n|inactive|KonoRyanDa has 30 seconds left.\n|\n|t:|1698744382\n|switch|p1a: Palkia|Palkia-Origin|76\/100\n|-ability|p1a: Palkia|Pressure\n|move|p2a: Ora?|Wicked Blow|p1a: Palkia\n|-crit|p1a: Palkia\n|-damage|p1a: Palkia|10\/100\n|\n|-weather|RainDance|[upkeep]\n|upkeep\n|turn|20\n|\n|t:|1698744391\n|move|p2a: Ora?|Wicked Blow|p1a: Palkia\n|-crit|p1a: Palkia\n|-damage|p1a: Palkia|0 fnt\n|faint|p1a: Palkia\n|\n|-weather|RainDance|[upkeep]\n|upkeep\n|\n|t:|1698744393\n|switch|p1a: Palafin|Palafin-Hero, M, tera:Water|65\/100\n|turn|21\n|inactive|KonoRyanDa has 30 seconds left.\n|inactive|KonoRyanDa has 20 seconds left.\n|inactive|KonoRyanDa has 15 seconds left.\n|inactive|KonoRyanDa has 10 seconds left.\n|\n|t:|1698744433\n|move|p1a: Palafin|Jet Punch|p2a: Ora?\n|-damage|p2a: Ora?|0 fnt\n|faint|p2a: Ora?\n|\n|-weather|none\n|upkeep\n|inactive|KonoRyanDa has 15 seconds left this turn.\n|\n|t:|1698744438\n|switch|p2a: Made in Heaven|Espathra, F|94\/100\n|turn|22\n|inactive|KonoRyanDa has 25 seconds left this turn.\n|inactive|KonoRyanDa has 20 seconds left.\n|\n|t:|1698744445\n|move|p1a: Palafin|Jet Punch|p2a: Made in Heaven\n|-damage|p2a: Made in Heaven|0 fnt\n|faint|p2a: Made in Heaven\n|\n|win|Aipom Hoshino\n|inactive|KonoRyanDa has 25 seconds left this turn.\n|c|\u2606Aipom Hoshino|gg\n|c|\u2606KonoRyanDa|gg\n","uploadtime":1698744453,"views":38,"p1id":"aipomhoshino","p2id":"konoryanda","formatid":"gen9ubers","rating":0,"private":0,"password":""}