{"id":"gen9ubers-1994333273","p1":"WornP7154","p2":"papermariojkjk","format":"[Gen 9] Ubers","log":"|j|\u2606WornP7154\n|j|\u2606papermariojkjk\n|t:|1700432138\n|gametype|singles\n|player|p1|WornP7154|lucas|1095\n|player|p2|papermariojkjk|101|1133\n|teamsize|p1|6\n|teamsize|p2|6\n|gen|9\n|tier|[Gen 9] Ubers\n|rated|\n|rule|Sleep Clause Mod: Limit one foe put to sleep\n|rule|Species Clause: Limit one of each Pok\u00e9mon\n|rule|OHKO Clause: OHKO moves are banned\n|rule|Evasion Items Clause: Evasion items are banned\n|rule|Evasion Moves Clause: Evasion moves are banned\n|rule|Endless Battle Clause: Forcing endless battles is banned\n|rule|HP Percentage Mod: HP is shown in percentages\n|clearpoke\n|poke|p1|Umbreon, M|\n|poke|p1|Garchomp, M|\n|poke|p1|Sylveon, F|\n|poke|p1|Iron Bundle|\n|poke|p1|Zacian-*|\n|poke|p1|Volcarona, F|\n|poke|p2|Koraidon|\n|poke|p2|Walking Wake|\n|poke|p2|Roaring Moon|\n|poke|p2|Urshifu-*, M|\n|poke|p2|Arceus|\n|poke|p2|Gliscor, F|\n|teampreview\n|j| Raph369\n|inactive|Battle timer is ON: inactive players will automatically lose when time's up. (requested by WornP7154)\n|\n|t:|1700432149\n|start\n|switch|p1a: Sylveon|Sylveon, F, shiny|100\/100\n|switch|p2a: Arceus|Arceus|100\/100\n|turn|1\n|\n|t:|1700432162\n|move|p2a: Arceus|Swords Dance|p2a: Arceus\n|-boost|p2a: Arceus|atk|2\n|move|p1a: Sylveon|Reflect|p1a: Sylveon\n|-sidestart|p1: WornP7154|Reflect\n|\n|upkeep\n|turn|2\n|\n|t:|1700432167\n|move|p2a: Arceus|Swords Dance|p2a: Arceus\n|-boost|p2a: Arceus|atk|2\n|move|p1a: Sylveon|Hyper Voice|p2a: Arceus\n|-damage|p2a: Arceus|56\/100\n|\n|upkeep\n|turn|3\n|\n|t:|1700432175\n|move|p2a: Arceus|Poison Jab|p1a: Sylveon\n|-supereffective|p1a: Sylveon\n|-damage|p1a: Sylveon|0 fnt\n|faint|p1a: Sylveon\n|-damage|p2a: Arceus|46\/100|[from] item: Life Orb\n|\n|upkeep\n|\n|t:|1700432183\n|switch|p1a: Zacian|Zacian-Crowned|100\/100\n|-ability|p1a: Zacian|Intrepid Sword|boost\n|-boost|p1a: Zacian|atk|1\n|turn|4\n|\n|t:|1700432188\n|move|p1a: Zacian|Protect|p1a: Zacian\n|-singleturn|p1a: Zacian|Protect\n|move|p2a: Arceus|Extreme Speed|p1a: Zacian\n|-activate|p1a: Zacian|move: Protect\n|\n|upkeep\n|turn|5\n|\n|t:|1700432199\n|move|p2a: Arceus|Extreme Speed|p1a: Zacian\n|-resisted|p1a: Zacian\n|-damage|p1a: Zacian|64\/100\n|-damage|p2a: Arceus|36\/100|[from] item: Life Orb\n|move|p1a: Zacian|Behemoth Blade|p2a: Arceus\n|-damage|p2a: Arceus|0 fnt\n|faint|p2a: Arceus\n|\n|-sideend|p1: WornP7154|Reflect\n|upkeep\n|\n|t:|1700432218\n|switch|p2a: Koraidon|Koraidon|100\/100\n|-weather|SunnyDay|[from] ability: Orichalcum Pulse|[of] p2a: Koraidon\n|-activate|p2a: Koraidon|Orichalcum Pulse|[source]\n|turn|6\n|\n|t:|1700432224\n|move|p1a: Zacian|Play Rough|p2a: Koraidon\n|-supereffective|p2a: Koraidon\n|-damage|p2a: Koraidon|0 fnt\n|faint|p2a: Koraidon\n|\n|-weather|SunnyDay|[upkeep]\n|upkeep\n|\n|t:|1700432233\n|switch|p2a: Roaring Moon|Roaring Moon|100\/100\n|-activate|p2a: Roaring Moon|ability: Protosynthesis\n|-start|p2a: Roaring Moon|protosynthesisatk\n|turn|7\n|\n|t:|1700432239\n|move|p1a: Zacian|Play Rough|p2a: Roaring Moon\n|-supereffective|p2a: Roaring Moon\n|-enditem|p2a: Roaring Moon|Roseli Berry|[eat]\n|-enditem|p2a: Roaring Moon|Roseli Berry|[weaken]\n|-damage|p2a: Roaring Moon|0 fnt\n|faint|p2a: Roaring Moon\n|-end|p2a: Roaring Moon|Protosynthesis|[silent]\n|\n|-weather|SunnyDay|[upkeep]\n|upkeep\n|\n|t:|1700432248\n|switch|p2a: Urshifu|Urshifu, M|100\/100\n|turn|8\n|\n|t:|1700432255\n|move|p1a: Zacian|Play Rough|p2a: Urshifu|[miss]\n|-miss|p1a: Zacian|p2a: Urshifu\n|move|p2a: Urshifu|Acrobatics|p1a: Zacian\n|-resisted|p1a: Zacian\n|-damage|p1a: Zacian|55\/100\n|\n|-weather|SunnyDay|[upkeep]\n|upkeep\n|turn|9\n|\n|t:|1700432263\n|move|p1a: Zacian|Play Rough|p2a: Urshifu\n|-supereffective|p2a: Urshifu\n|-enditem|p2a: Urshifu|Roseli Berry|[eat]\n|-enditem|p2a: Urshifu|Roseli Berry|[weaken]\n|-damage|p2a: Urshifu|0 fnt\n|faint|p2a: Urshifu\n|\n|-weather|SunnyDay|[upkeep]\n|upkeep\n|\n|t:|1700432271\n|switch|p2a: Walking Wake|Walking Wake|100\/100\n|-activate|p2a: Walking Wake|ability: Protosynthesis\n|-start|p2a: Walking Wake|protosynthesisspa\n|turn|10\n|\n|t:|1700432277\n|move|p1a: Zacian|Play Rough|p2a: Walking Wake\n|-supereffective|p2a: Walking Wake\n|-damage|p2a: Walking Wake|0 fnt\n|faint|p2a: Walking Wake\n|-end|p2a: Walking Wake|Protosynthesis|[silent]\n|\n|-weather|SunnyDay|[upkeep]\n|upkeep\n|\n|t:|1700432283\n|switch|p2a: Gliscor|Gliscor, F|100\/100\n|turn|11\n|\n|t:|1700432288\n|move|p1a: Zacian|Behemoth Blade|p2a: Gliscor\n|-damage|p2a: Gliscor|24\/100\n|move|p2a: Gliscor|Earthquake|p1a: Zacian\n|-supereffective|p1a: Zacian\n|-damage|p1a: Zacian|0 fnt\n|faint|p1a: Zacian\n|\n|-weather|SunnyDay|[upkeep]\n|-status|p2a: Gliscor|tox|[from] item: Toxic Orb\n|upkeep\n|\n|t:|1700432293\n|switch|p1a: Iron Bundle|Iron Bundle|100\/100\n|turn|12\n|\n|t:|1700432300\n|-terastallize|p1a: Iron Bundle|Poison\n|move|p1a: Iron Bundle|Freeze-Dry|p2a: Gliscor\n|-supereffective|p2a: Gliscor\n|-damage|p2a: Gliscor|0 fnt\n|faint|p2a: Gliscor\n|\n|win|WornP7154\n|raw|WornP7154's rating: 1095 &rarr; <strong>1124<\/strong><br \/>(+29 for winning)\n|raw|papermariojkjk's rating: 1133 &rarr; <strong>1105<\/strong><br \/>(-28 for losing)\n|c|\u2606papermariojkjk|gg\n","uploadtime":1700432307,"views":5,"p1id":"wornp7154","p2id":"papermariojkjk","formatid":"gen9ubers","rating":1105,"private":0,"password":""}