{"id":"gen9ubers-1997346023","p1":"GoldenTorterra","p2":"HiHowAria?","format":"[Gen 9] Ubers","log":"|j|\u2606GoldenTorterra\n|j|\u2606HiHowAria?\n|t:|1700792234\n|gametype|singles\n|player|p1|GoldenTorterra|pokemonbreeder-gen4|\n|player|p2|HiHowAria?|skyla-masters|\n|teamsize|p1|6\n|teamsize|p2|6\n|gen|9\n|tier|[Gen 9] Ubers\n|rule|Sleep Clause Mod: Limit one foe put to sleep\n|rule|Species Clause: Limit one of each Pok\u00e9mon\n|rule|OHKO Clause: OHKO moves are banned\n|rule|Evasion Items Clause: Evasion items are banned\n|rule|Evasion Moves Clause: Evasion moves are banned\n|rule|Endless Battle Clause: Forcing endless battles is banned\n|rule|HP Percentage Mod: HP is shown in percentages\n|clearpoke\n|poke|p1|Torterra, M|\n|poke|p1|Quaquaval, F|\n|poke|p1|Iron Moth|\n|poke|p1|Masquerain, F|\n|poke|p1|Espeon, M|\n|poke|p1|Corviknight, F|\n|poke|p2|Forretress, M|\n|poke|p2|Heatran, F|\n|poke|p2|Azelf|\n|poke|p2|Quagsire, F|\n|poke|p2|Grimmsnarl, M|\n|poke|p2|Iron Valiant|\n|teampreview\n|c|\u2606GoldenTorterra|glhf!\n|j| Jullo27\n|c|\u2606HiHowAria?|glhf!\n|c|\u2606HiHowAria?|i still love ur team so much\n|j| TheOgAg\n|c|\u2606GoldenTorterra|tanks\n|l| TheOgAg\n|c|\u2606HiHowAria?|im so surprised no clef\n|c|\u2606HiHowAria?|love these guys tho\n|j| TheOgAg\n|l| TheOgAg\n|\n|t:|1700792371\n|start\n|switch|p1a: Masquerain|Masquerain, F|100\/100\n|switch|p2a: Pearl|Azelf|100\/100\n|-ability|p1a: Masquerain|Intimidate|boost\n|-unboost|p2a: Pearl|atk|1\n|turn|1\n|j| TheOgAg\n|l| TheOgAg\n|j| TheOgAg\n|l| TheOgAg\n|j| Online Gambling\n|j| TheOgAg\n|\n|t:|1700792479\n|switch|p2a: Hisoka|Grimmsnarl, M|100\/100\n|-terastallize|p1a: Masquerain|Water\n|move|p1a: Masquerain|Quiver Dance|p1a: Masquerain\n|-boost|p1a: Masquerain|spa|1\n|-boost|p1a: Masquerain|spd|1\n|-boost|p1a: Masquerain|spe|1\n|\n|upkeep\n|turn|2\n|l| Online Gambling\n|j| Online Gambling\n|l| TheOgAg\n|j| TheOgAg\n|\n|t:|1700792541\n|move|p2a: Hisoka|Light Screen|p2a: Hisoka\n|-sidestart|p2: HiHowAria?|move: Light Screen\n|move|p1a: Masquerain|Hydro Pump|p2a: Hisoka\n|-damage|p2a: Hisoka|70\/100\n|\n|upkeep\n|turn|3\n|l| Online Gambling\n|\n|t:|1700792558\n|move|p2a: Hisoka|Parting Shot|p1a: Masquerain\n|-unboost|p1a: Masquerain|atk|1\n|-unboost|p1a: Masquerain|spa|1\n|j| Online Gambling\n|l| Online Gambling\n|l| TheOgAg\n|j| Online Gambling\n|l| Online Gambling\n|j| Online Gambling\n|l| Online Gambling\n|\n|t:|1700792619\n|switch|p2a: Pearl|Azelf|100\/100|[from] Parting Shot\n|move|p1a: Masquerain|Sticky Web|p2a: Pearl\n|-sidestart|p2: HiHowAria?|move: Sticky Web\n|\n|upkeep\n|turn|4\n|j| Online Gambling\n|l| Online Gambling\n|\n|t:|1700792671\n|move|p2a: Pearl|Thunderbolt|p1a: Masquerain\n|-supereffective|p1a: Masquerain\n|-damage|p1a: Masquerain|37\/100\n|-enditem|p1a: Masquerain|Weakness Policy\n|-boost|p1a: Masquerain|atk|2|[from] item: Weakness Policy\n|-boost|p1a: Masquerain|spa|2|[from] item: Weakness Policy\n|move|p1a: Masquerain|Quiver Dance|p1a: Masquerain\n|-boost|p1a: Masquerain|spa|1\n|-boost|p1a: Masquerain|spd|1\n|-boost|p1a: Masquerain|spe|1\n|\n|upkeep\n|turn|5\n|j| Online Gambling\n|j| TheOgAg\n|\n|t:|1700792705\n|move|p2a: Pearl|Thunderbolt|p1a: Masquerain\n|-supereffective|p1a: Masquerain\n|-damage|p1a: Masquerain|0 fnt\n|faint|p1a: Masquerain\n|\n|upkeep\n|\n|t:|1700792724\n|switch|p1a: Torterra|Torterra, M|100\/100\n|turn|6\n|l| Online Gambling\n|l| TheOgAg\n|j| Online Gambling\n|l| Online Gambling\n|\n|t:|1700792861\n|switch|p2a: :3|Quagsire, F|100\/100\n|-activate|p2a: :3|move: Sticky Web\n|-unboost|p2a: :3|spe|1\n|move|p1a: Torterra|Heavy Slam|p2a: :3\n|-resisted|p2a: :3\n|-damage|p2a: :3|89\/100\n|\n|-heal|p2a: :3|95\/100|[from] item: Leftovers\n|upkeep\n|turn|7\n|j| Online Gambling\n|j| TheOgAg\n|\n|t:|1700792912\n|switch|p1a: Espeon|Espeon, M|100\/100\n|-terastallize|p2a: :3|Fairy\n|move|p2a: :3|Yawn|p1a: Espeon\n|move|p1a: Espeon|Yawn|p2a: :3|[from]ability: Magic Bounce\n|-start|p2a: :3|move: Yawn|[of] p1a: Espeon\n|\n|-heal|p2a: :3|100\/100|[from] item: Leftovers\n|upkeep\n|turn|8\n|l| TheOgAg\n|j| TheOgAg\n|\n|t:|1700792951\n|switch|p1a: Iron Moth|Iron Moth|100\/100\n|switch|p2a: Hisoka|Grimmsnarl, M|70\/100\n|-activate|p2a: Hisoka|move: Sticky Web\n|-unboost|p2a: Hisoka|spe|1\n|\n|upkeep\n|turn|9\n|l| Online Gambling\n|j| Online Gambling\n|\n|t:|1700793055\n|-end|p1a: Iron Moth|Quark Drive|[silent]\n|switch|p1a: Quaquaval|Quaquaval, F|100\/100\n|move|p2a: Hisoka|Parting Shot|p1a: Quaquaval\n|-unboost|p1a: Quaquaval|atk|1\n|-unboost|p1a: Quaquaval|spa|1\n|l| Online Gambling\n|l| TheOgAg\n|j| Online Gambling\n|j| TheOgAg\n|l| TheOgAg\n|\n|t:|1700793115\n|switch|p2a: Pearl|Azelf|100\/100|[from] Parting Shot\n|\n|-sideend|p2: HiHowAria?|move: Light Screen\n|upkeep\n|turn|10\n|j| TheOgAg\n|l| Online Gambling\n|j| Online Gambling\n|\n|t:|1700793133\n|switch|p1a: Espeon|Espeon, M|100\/100\n|move|p2a: Pearl|Mystical Power|p1a: Espeon\n|-resisted|p1a: Espeon\n|-damage|p1a: Espeon|76\/100\n|-boost|p2a: Pearl|spa|1\n|\n|-heal|p1a: Espeon|82\/100|[from] item: Leftovers\n|upkeep\n|turn|11\n|l| TheOgAg\n|j| TheOgAg\n|\n|t:|1700793211\n|switch|p2a: Hisoka|Grimmsnarl, M|70\/100\n|-activate|p2a: Hisoka|move: Sticky Web\n|-unboost|p2a: Hisoka|spe|1\n|move|p1a: Espeon|Calm Mind|p1a: Espeon\n|-boost|p1a: Espeon|spa|1\n|-boost|p1a: Espeon|spd|1\n|\n|-heal|p1a: Espeon|88\/100|[from] item: Leftovers\n|upkeep\n|turn|12\n|\n|t:|1700793225\n|move|p2a: Hisoka|Parting Shot|p1a: Espeon\n|move|p1a: Espeon|Parting Shot|p2a: Hisoka|[from]ability: Magic Bounce\n|-unboost|p2a: Hisoka|atk|1\n|-unboost|p2a: Hisoka|spa|1\n|l| Online Gambling\n|c|\u2606HiHowAria?|hehehe\n|j| Online Gambling\n|c| Online Gambling|I love that tech\n|l| TheOgAg\n|\n|t:|1700793285\n|switch|p1a: Iron Moth|Iron Moth|100\/100|[from] Parting Shot\n|\n|upkeep\n|turn|13\n|\n|t:|1700793306\n|-end|p1a: Iron Moth|Quark Drive|[silent]\n|switch|p1a: Espeon|Espeon, M|88\/100\n|move|p2a: Hisoka|Parting Shot|p1a: Espeon\n|move|p1a: Espeon|Parting Shot|p2a: Hisoka|[from]ability: Magic Bounce\n|-unboost|p2a: Hisoka|atk|1\n|-unboost|p2a: Hisoka|spa|1\n|\n|t:|1700793330\n|switch|p1a: Iron Moth|Iron Moth|100\/100|[from] Parting Shot\n|\n|upkeep\n|turn|14\n|j| TheOgAg\n|\n|t:|1700793355\n|-end|p1a: Iron Moth|Quark Drive|[silent]\n|switch|p1a: Espeon|Espeon, M|88\/100\n|move|p2a: Hisoka|Parting Shot|p1a: Espeon\n|move|p1a: Espeon|Parting Shot|p2a: Hisoka|[from]ability: Magic Bounce\n|-unboost|p2a: Hisoka|atk|1\n|-unboost|p2a: Hisoka|spa|1\n|\n|t:|1700793357\n|switch|p1a: Iron Moth|Iron Moth|100\/100|[from] Parting Shot\n|\n|upkeep\n|turn|15\n|\n|t:|1700793392\n|-end|p1a: Iron Moth|Quark Drive|[silent]\n|switch|p1a: Espeon|Espeon, M|88\/100\n|move|p2a: Hisoka|Parting Shot|p1a: Espeon\n|move|p1a: Espeon|Parting Shot|p2a: Hisoka|[from]ability: Magic Bounce\n|-unboost|p2a: Hisoka|atk|1\n|-unboost|p2a: Hisoka|spa|1\n|\n|t:|1700793393\n|switch|p1a: Iron Moth|Iron Moth|100\/100|[from] Parting Shot\n|\n|upkeep\n|turn|16\n|l| TheOgAg\n|j| TheOgAg\n|\n|t:|1700793426\n|move|p2a: Hisoka|Parting Shot|p1a: Iron Moth\n|-unboost|p1a: Iron Moth|atk|1\n|-unboost|p1a: Iron Moth|spa|1\n|\n|t:|1700793434\n|switch|p2a: Heatrans|Heatran, F, shiny|100\/100|[from] Parting Shot\n|-activate|p2a: Heatrans|move: Sticky Web\n|-unboost|p2a: Heatrans|spe|1\n|move|p1a: Iron Moth|Sludge Wave|p2a: Heatrans\n|-immune|p2a: Heatrans\n|\n|upkeep\n|turn|17\n|l| TheOgAg\n|j| TheOgAg\n|l| TheOgAg\n|\n|t:|1700793536\n|-end|p1a: Iron Moth|Quark Drive|[silent]\n|switch|p1a: Quaquaval|Quaquaval, F|100\/100\n|move|p2a: Heatrans|Magma Storm|p1a: Quaquaval\n|-resisted|p1a: Quaquaval\n|-damage|p1a: Quaquaval|63\/100\n|-activate|p1a: Quaquaval|move: Magma Storm|[of] p2a: Heatrans\n|\n|-heal|p1a: Quaquaval|69\/100|[from] item: Leftovers\n|-damage|p1a: Quaquaval|56\/100|[from] move: Magma Storm|[partiallytrapped]\n|upkeep\n|turn|18\n|\n|t:|1700793546\n|switch|p2a: :3|Quagsire, F, tera:Fairy|100\/100\n|-activate|p2a: :3|move: Sticky Web\n|-unboost|p2a: :3|spe|1\n|move|p1a: Quaquaval|Aqua Step|p2a: :3\n|-immune|p2a: :3|[from] ability: Water Absorb\n|\n|-heal|p1a: Quaquaval|63\/100|[from] item: Leftovers\n|-end|p1a: Quaquaval|Magma Storm|[partiallytrapped]|[silent]\n|upkeep\n|turn|19\n|l| Online Gambling\n|j| TheOgAg\n|j| Online Gambling\n|l| TheOgAg\n|j| TheOgAg\n|\n|t:|1700793649\n|switch|p1a: Corviknight|Corviknight, F|100\/100\n|-ability|p1a: Corviknight|Pressure\n|switch|p2a: Hisoka|Grimmsnarl, M|70\/100\n|-activate|p2a: Hisoka|move: Sticky Web\n|-unboost|p2a: Hisoka|spe|1\n|\n|upkeep\n|turn|20\n|l| TheOgAg\n|\n|t:|1700793683\n|move|p2a: Hisoka|Parting Shot|p1a: Corviknight\n|-unboost|p1a: Corviknight|atk|1\n|-unboost|p1a: Corviknight|spa|1\n|l| Online Gambling\n|\n|t:|1700793737\n|switch|p2a: Fortmite|Forretress, M|100\/100|[from] Parting Shot\n|-activate|p2a: Fortmite|move: Sticky Web\n|-unboost|p2a: Fortmite|spe|1\n|move|p1a: Corviknight|U-turn|p2a: Fortmite\n|-resisted|p2a: Fortmite\n|-crit|p2a: Fortmite\n|-damage|p2a: Fortmite|94\/100\n|\n|t:|1700793748\n|switch|p1a: Espeon|Espeon, M|88\/100|[from] U-turn\n|\n|-heal|p1a: Espeon|94\/100|[from] item: Leftovers\n|-heal|p2a: Fortmite|100\/100|[from] item: Leftovers\n|upkeep\n|turn|21\n|j| Online Gambling\n|\n|t:|1700793810\n|move|p1a: Espeon|Calm Mind|p1a: Espeon\n|-boost|p1a: Espeon|spa|1\n|-boost|p1a: Espeon|spd|1\n|move|p2a: Fortmite|Rapid Spin|p1a: Espeon\n|-damage|p1a: Espeon|74\/100\n|-boost|p2a: Fortmite|spe|1\n|-sideend|p2: HiHowAria?|Sticky Web|[from] move: Rapid Spin|[of] p2a: Fortmite\n|\n|-heal|p1a: Espeon|80\/100|[from] item: Leftovers\n|upkeep\n|turn|22\n|\n|t:|1700793816\n|move|p1a: Espeon|Dazzling Gleam|p2a: Fortmite\n|-resisted|p2a: Fortmite\n|-damage|p2a: Fortmite|71\/100\n|move|p2a: Fortmite|Volt Switch|p1a: Espeon\n|-damage|p1a: Espeon|72\/100\n|\n|t:|1700793821\n|switch|p2a: Hisoka|Grimmsnarl, M|70\/100|[from] Volt Switch\n|\n|-heal|p1a: Espeon|78\/100|[from] item: Leftovers\n|upkeep\n|turn|23\n|\n|t:|1700793827\n|move|p2a: Hisoka|Parting Shot|p1a: Espeon\n|move|p1a: Espeon|Parting Shot|p2a: Hisoka|[from]ability: Magic Bounce\n|-unboost|p2a: Hisoka|atk|1\n|-unboost|p2a: Hisoka|spa|1\n|\n|t:|1700793831\n|switch|p1a: Corviknight|Corviknight, F|100\/100|[from] Parting Shot\n|-ability|p1a: Corviknight|Pressure\n|\n|upkeep\n|turn|24\n|\n|t:|1700793838\n|switch|p1a: Espeon|Espeon, M|78\/100\n|move|p2a: Hisoka|Parting Shot|p1a: Espeon\n|move|p1a: Espeon|Parting Shot|p2a: Hisoka|[from]ability: Magic Bounce\n|-unboost|p2a: Hisoka|atk|1\n|-unboost|p2a: Hisoka|spa|1\n|\n|t:|1700793840\n|switch|p1a: Corviknight|Corviknight, F|100\/100|[from] Parting Shot\n|-ability|p1a: Corviknight|Pressure\n|\n|upkeep\n|turn|25\n|\n|t:|1700793846\n|switch|p1a: Espeon|Espeon, M|78\/100\n|move|p2a: Hisoka|Parting Shot|p1a: Espeon\n|move|p1a: Espeon|Parting Shot|p2a: Hisoka|[from]ability: Magic Bounce\n|-unboost|p2a: Hisoka|atk|1\n|-unboost|p2a: Hisoka|spa|1\n|\n|t:|1700793848\n|switch|p1a: Corviknight|Corviknight, F|100\/100|[from] Parting Shot\n|-ability|p1a: Corviknight|Pressure\n|\n|upkeep\n|turn|26\n|j| TheOgAg\n|\n|t:|1700793850\n|switch|p1a: Espeon|Espeon, M|78\/100\n|move|p2a: Hisoka|Reflect|p2a: Hisoka\n|-sidestart|p2: HiHowAria?|Reflect\n|\n|-heal|p1a: Espeon|84\/100|[from] item: Leftovers\n|upkeep\n|turn|27\n|\n|t:|1700793853\n|move|p2a: Hisoka|Parting Shot|p1a: Espeon\n|move|p1a: Espeon|Parting Shot|p2a: Hisoka|[from]ability: Magic Bounce\n|-unboost|p2a: Hisoka|atk|1\n|-unboost|p2a: Hisoka|spa|1\n|\n|t:|1700793858\n|switch|p1a: Iron Moth|Iron Moth|100\/100|[from] Parting Shot\n|\n|upkeep\n|turn|28\n|l| TheOgAg\n|\n|t:|1700793886\n|-end|p1a: Iron Moth|Quark Drive|[silent]\n|switch|p1a: Quaquaval|Quaquaval, F|63\/100\n|switch|p2a: Heatrans|Heatran, F, shiny|100\/100\n|\n|-heal|p1a: Quaquaval|69\/100|[from] item: Leftovers\n|upkeep\n|turn|29\n|\n|t:|1700793919\n|move|p1a: Quaquaval|Aqua Step|p2a: Heatrans\n|-supereffective|p2a: Heatrans\n|-damage|p2a: Heatrans|65\/100\n|-boost|p1a: Quaquaval|spe|1\n|-enditem|p2a: Heatrans|Mirror Herb\n|-boost|p2a: Heatrans|spe|1|[from] item: Mirror Herb\n|move|p2a: Heatrans|Magma Storm|p1a: Quaquaval\n|-resisted|p1a: Quaquaval\n|-damage|p1a: Quaquaval|26\/100\n|-activate|p1a: Quaquaval|move: Magma Storm|[of] p2a: Heatrans\n|\n|-heal|p1a: Quaquaval|32\/100|[from] item: Leftovers\n|-damage|p1a: Quaquaval|20\/100|[from] move: Magma Storm|[partiallytrapped]\n|upkeep\n|turn|30\n|\n|t:|1700793942\n|move|p1a: Quaquaval|Close Combat|p2a: Heatrans\n|-supereffective|p2a: Heatrans\n|-damage|p2a: Heatrans|6\/100\n|-unboost|p1a: Quaquaval|def|1\n|-unboost|p1a: Quaquaval|spd|1\n|move|p2a: Heatrans|Lava Plume|p1a: Quaquaval\n|-resisted|p1a: Quaquaval\n|-damage|p1a: Quaquaval|0 fnt\n|faint|p1a: Quaquaval\n|\n|upkeep\n|\n|t:|1700793962\n|switch|p1a: Iron Moth|Iron Moth|100\/100\n|turn|31\n|j| TheOgAg\n|l| Online Gambling\n|l| TheOgAg\n|j| Online Gambling\n|j| TheOgAg\n|l| TheOgAg\n|j| TheOgAg\n|l| TheOgAg\n|j| TheOgAg\n|\n|t:|1700794221\n|move|p1a: Iron Moth|Bug Buzz|p2a: Heatrans\n|-resisted|p2a: Heatrans\n|-damage|p2a: Heatrans|0 fnt\n|faint|p2a: Heatrans\n|\n|upkeep\n|l| TheOgAg\n|j| TheOgAg\n|l| Online Gambling\n|l| TheOgAg\n|\n|t:|1700794302\n|switch|p2a: Hisoka|Grimmsnarl, M|70\/100\n|turn|32\n|j| Online Gambling\n|\n|t:|1700794370\n|-end|p1a: Iron Moth|Quark Drive|[silent]\n|switch|p1a: Corviknight|Corviknight, F|100\/100\n|-ability|p1a: Corviknight|Pressure\n|move|p2a: Hisoka|Light Screen|p2a: Hisoka\n|-sidestart|p2: HiHowAria?|move: Light Screen\n|\n|upkeep\n|turn|33\n|\n|t:|1700794394\n|move|p2a: Hisoka|Parting Shot|p1a: Corviknight\n|-unboost|p1a: Corviknight|atk|1\n|-unboost|p1a: Corviknight|spa|1\n|\n|t:|1700794420\n|switch|p2a: Pearl|Azelf|100\/100|[from] Parting Shot\n|move|p1a: Corviknight|U-turn|p2a: Pearl\n|-supereffective|p2a: Pearl\n|-crit|p2a: Pearl\n|-damage|p2a: Pearl|26\/100\n|c|\u2606HiHowAria?|DAmn\n|j| TheOgAg\n|\n|t:|1700794469\n|switch|p1a: Torterra|Torterra, M|100\/100|[from] U-turn\n|\n|-sideend|p2: HiHowAria?|Reflect\n|upkeep\n|turn|34\n|\n|t:|1700794549\n|move|p2a: Pearl|Mystical Power|p1a: Torterra\n|-damage|p1a: Torterra|62\/100\n|-boost|p2a: Pearl|spa|1\n|-enditem|p1a: Torterra|Mirror Herb\n|-boost|p1a: Torterra|spa|1|[from] item: Mirror Herb\n|move|p1a: Torterra|Heavy Slam|p2a: Pearl\n|-damage|p2a: Pearl|0 fnt\n|faint|p2a: Pearl\n|\n|upkeep\n|c|\u2606GoldenTorterra|uhhh\n|c|\u2606HiHowAria?|oh?\n|c|\u2606GoldenTorterra|you didn't se that\n|c|\u2606HiHowAria?|it would have been sick\n|c|\u2606GoldenTorterra|lmao\n|l| Online Gambling\n|l| TheOgAg\n|j| Online Gambling\n|j| TheOgAg\n|\n|t:|1700794641\n|switch|p2a: Iron Slay|Iron Valiant|100\/100\n|turn|35\n|\n|t:|1700794658\n|move|p2a: Iron Slay|Close Combat|p1a: Torterra\n|-damage|p1a: Torterra|0 fnt\n|-unboost|p2a: Iron Slay|def|1\n|-unboost|p2a: Iron Slay|spd|1\n|faint|p1a: Torterra\n|\n|upkeep\n|\n|t:|1700794693\n|switch|p1a: Iron Moth|Iron Moth|100\/100\n|turn|36\n|l| TheOgAg\n|j| TheOgAg\n|\n|t:|1700794746\n|-end|p2a: Iron Slay|Quark Drive|[silent]\n|switch|p2a: Fortmite|Forretress, M|71\/100\n|move|p1a: Iron Moth|Fiery Dance|p2a: Fortmite\n|-supereffective|p2a: Fortmite\n|-damage|p2a: Fortmite|0 fnt\n|faint|p2a: Fortmite\n|\n|upkeep\n|\n|t:|1700794759\n|switch|p2a: :3|Quagsire, F, tera:Fairy|100\/100\n|turn|37\n|\n|t:|1700794802\n|-end|p1a: Iron Moth|Quark Drive|[silent]\n|switch|p1a: Corviknight|Corviknight, F|100\/100\n|-ability|p1a: Corviknight|Pressure\n|switch|p2a: Iron Slay|Iron Valiant|100\/100\n|\n|upkeep\n|turn|38\n|\n|t:|1700794840\n|move|p2a: Iron Slay|Close Combat|p1a: Corviknight\n|-damage|p1a: Corviknight|25\/100\n|-unboost|p2a: Iron Slay|def|1\n|-unboost|p2a: Iron Slay|spd|1\n|move|p1a: Corviknight|U-turn|p2a: Iron Slay\n|-resisted|p2a: Iron Slay\n|-damage|p2a: Iron Slay|93\/100\n|\n|t:|1700794853\n|switch|p1a: Iron Moth|Iron Moth|100\/100|[from] U-turn\n|\n|upkeep\n|turn|39\n|l| TheOgAg\n|l| Online Gambling\n|\n|t:|1700795016\n|-end|p2a: Iron Slay|Quark Drive|[silent]\n|switch|p2a: Hisoka|Grimmsnarl, M|70\/100\n|move|p1a: Iron Moth|Sludge Wave|p2a: Hisoka\n|-supereffective|p2a: Hisoka\n|-damage|p2a: Hisoka|24\/100\n|\n|-sideend|p2: HiHowAria?|move: Light Screen\n|upkeep\n|turn|40\n|j| Online Gambling\n|\n|t:|1700795033\n|-end|p1a: Iron Moth|Quark Drive|[silent]\n|switch|p1a: Espeon|Espeon, M|84\/100\n|move|p2a: Hisoka|Light Screen|p2a: Hisoka\n|-sidestart|p2: HiHowAria?|move: Light Screen\n|\n|-heal|p1a: Espeon|89\/100|[from] item: Leftovers\n|upkeep\n|turn|41\n|\n|t:|1700795050\n|move|p2a: Hisoka|Parting Shot|p1a: Espeon\n|move|p1a: Espeon|Parting Shot|p2a: Hisoka|[from]ability: Magic Bounce\n|-unboost|p2a: Hisoka|atk|1\n|-unboost|p2a: Hisoka|spa|1\n|\n|t:|1700795055\n|switch|p1a: Iron Moth|Iron Moth|100\/100|[from] Parting Shot\n|\n|upkeep\n|turn|42\n|j| TheOgAg\n|\n|t:|1700795073\n|-end|p1a: Iron Moth|Quark Drive|[silent]\n|switch|p1a: Espeon|Espeon, M|89\/100\n|move|p2a: Hisoka|Brick Break|p1a: Espeon\n|-resisted|p1a: Espeon\n|-damage|p1a: Espeon|75\/100\n|\n|-heal|p1a: Espeon|81\/100|[from] item: Leftovers\n|upkeep\n|turn|43\n|\n|t:|1700795102\n|move|p2a: Hisoka|Parting Shot|p1a: Espeon\n|move|p1a: Espeon|Parting Shot|p2a: Hisoka|[from]ability: Magic Bounce\n|-unboost|p2a: Hisoka|atk|1\n|-unboost|p2a: Hisoka|spa|1\n|\n|t:|1700795105\n|switch|p1a: Iron Moth|Iron Moth|100\/100|[from] Parting Shot\n|\n|upkeep\n|turn|44\n|\n|t:|1700795109\n|-end|p1a: Iron Moth|Quark Drive|[silent]\n|switch|p1a: Espeon|Espeon, M|81\/100\n|move|p2a: Hisoka|Parting Shot|p1a: Espeon\n|move|p1a: Espeon|Parting Shot|p2a: Hisoka|[from]ability: Magic Bounce\n|-unboost|p2a: Hisoka|atk|1\n|-unboost|p2a: Hisoka|spa|1\n|\n|t:|1700795113\n|switch|p1a: Iron Moth|Iron Moth|100\/100|[from] Parting Shot\n|\n|upkeep\n|turn|45\n|\n|t:|1700795119\n|-end|p1a: Iron Moth|Quark Drive|[silent]\n|switch|p1a: Espeon|Espeon, M|81\/100\n|move|p2a: Hisoka|Parting Shot|p1a: Espeon\n|move|p1a: Espeon|Parting Shot|p2a: Hisoka|[from]ability: Magic Bounce\n|-unboost|p2a: Hisoka|atk|1\n|-unboost|p2a: Hisoka|spa|1\n|\n|t:|1700795123\n|switch|p1a: Iron Moth|Iron Moth|100\/100|[from] Parting Shot\n|\n|upkeep\n|turn|46\n|\n|t:|1700795127\n|-end|p1a: Iron Moth|Quark Drive|[silent]\n|switch|p1a: Espeon|Espeon, M|81\/100\n|move|p2a: Hisoka|Parting Shot|p1a: Espeon\n|move|p1a: Espeon|Parting Shot|p2a: Hisoka|[from]ability: Magic Bounce\n|-unboost|p2a: Hisoka|atk|1\n|-unboost|p2a: Hisoka|spa|1\n|\n|t:|1700795129\n|switch|p1a: Iron Moth|Iron Moth|100\/100|[from] Parting Shot\n|\n|upkeep\n|turn|47\n|\n|t:|1700795132\n|-end|p1a: Iron Moth|Quark Drive|[silent]\n|switch|p1a: Espeon|Espeon, M|81\/100\n|move|p2a: Hisoka|Parting Shot|p1a: Espeon\n|move|p1a: Espeon|Parting Shot|p2a: Hisoka|[from]ability: Magic Bounce\n|-unboost|p2a: Hisoka|atk|1\n|-unboost|p2a: Hisoka|spa|1\n|\n|t:|1700795135\n|switch|p1a: Iron Moth|Iron Moth|100\/100|[from] Parting Shot\n|\n|-sideend|p2: HiHowAria?|move: Light Screen\n|upkeep\n|turn|48\n|\n|t:|1700795147\n|-end|p1a: Iron Moth|Quark Drive|[silent]\n|switch|p1a: Espeon|Espeon, M|81\/100\n|move|p2a: Hisoka|Parting Shot|p1a: Espeon\n|move|p1a: Espeon|Parting Shot|p2a: Hisoka|[from]ability: Magic Bounce\n|-unboost|p2a: Hisoka|atk|0\n|-unboost|p2a: Hisoka|spa|0\n|\n|-heal|p1a: Espeon|87\/100|[from] item: Leftovers\n|upkeep\n|turn|49\n|\n|t:|1700795151\n|switch|p1a: Iron Moth|Iron Moth|100\/100\n|move|p2a: Hisoka|Parting Shot|p1a: Iron Moth\n|-unboost|p1a: Iron Moth|atk|1\n|-unboost|p1a: Iron Moth|spa|1\n|l| TheOgAg\n|j| TheOgAg\n|l| TheOgAg\n|j| TheOgAg\n|l| Online Gambling\n|\n|t:|1700795232\n|switch|p2a: :3|Quagsire, F, tera:Fairy|100\/100|[from] Parting Shot\n|\n|upkeep\n|turn|50\n|j| Online Gambling\n|l| TheOgAg\n|l| Online Gambling\n|j| Online Gambling\n|\n|t:|1700795290\n|-end|p1a: Iron Moth|Quark Drive|[silent]\n|switch|p1a: Espeon|Espeon, M|87\/100\n|move|p2a: :3|Yawn|p1a: Espeon\n|move|p1a: Espeon|Yawn|p2a: :3|[from]ability: Magic Bounce\n|-start|p2a: :3|move: Yawn|[of] p1a: Espeon\n|\n|-heal|p1a: Espeon|93\/100|[from] item: Leftovers\n|upkeep\n|turn|51\n|l| Online Gambling\n|j| TheOgAg\n|j| Online Gambling\n|\n|t:|1700795319\n|switch|p2a: Iron Slay|Iron Valiant|93\/100\n|move|p1a: Espeon|Dazzling Gleam|p2a: Iron Slay\n|-supereffective|p2a: Iron Slay\n|-damage|p2a: Iron Slay|0 fnt\n|faint|p2a: Iron Slay\n|-end|p2a: Iron Slay|Quark Drive|[silent]\n|\n|-heal|p1a: Espeon|99\/100|[from] item: Leftovers\n|upkeep\n|c|\u2606HiHowAria?|that was it\n|\n|t:|1700795331\n|switch|p2a: :3|Quagsire, F, tera:Fairy|100\/100\n|turn|52\n|c|\u2606HiHowAria?|ggs!\n|l| Online Gambling\n|l| TheOgAg\n|\n|t:|1700795349\n|switch|p2a: Hisoka|Grimmsnarl, M|24\/100\n|move|p1a: Espeon|Psychic|p2a: Hisoka\n|-immune|p2a: Hisoka\n|\n|-heal|p1a: Espeon|100\/100|[from] item: Leftovers\n|upkeep\n|turn|53\n|\n|t:|1700795354\n|move|p2a: Hisoka|Light Screen|p2a: Hisoka\n|-sidestart|p2: HiHowAria?|move: Light Screen\n|move|p1a: Espeon|Dazzling Gleam|p2a: Hisoka\n|-supereffective|p2a: Hisoka\n|-damage|p2a: Hisoka|4\/100\n|\n|upkeep\n|turn|54\n|\n|t:|1700795361\n|move|p2a: Hisoka|Parting Shot|p1a: Espeon\n|move|p1a: Espeon|Parting Shot|p2a: Hisoka|[from]ability: Magic Bounce\n|-unboost|p2a: Hisoka|atk|1\n|-unboost|p2a: Hisoka|spa|1\n|\n|t:|1700795368\n|switch|p1a: Iron Moth|Iron Moth|100\/100|[from] Parting Shot\n|\n|upkeep\n|turn|55\n|\n|t:|1700795371\n|move|p2a: Hisoka|Parting Shot|p1a: Iron Moth\n|-unboost|p1a: Iron Moth|atk|1\n|-unboost|p1a: Iron Moth|spa|1\n|\n|t:|1700795381\n|switch|p2a: :3|Quagsire, F, tera:Fairy|100\/100|[from] Parting Shot\n|move|p1a: Iron Moth|Sludge Wave|p2a: :3\n|-supereffective|p2a: :3\n|-damage|p2a: :3|56\/100\n|\n|-heal|p2a: :3|62\/100|[from] item: Leftovers\n|upkeep\n|turn|56\n|j| Online Gambling\n|\n|t:|1700795389\n|-end|p1a: Iron Moth|Quark Drive|[silent]\n|switch|p1a: Espeon|Espeon, M|100\/100\n|move|p2a: :3|Stealth Rock|p1a: Espeon\n|move|p1a: Espeon|Stealth Rock|p2a: :3|[from]ability: Magic Bounce\n|-sidestart|p2: HiHowAria?|move: Stealth Rock\n|\n|-heal|p2a: :3|68\/100|[from] item: Leftovers\n|upkeep\n|turn|57\n|\n|t:|1700795397\n|switch|p2a: Hisoka|Grimmsnarl, M|4\/100\n|-damage|p2a: Hisoka|0 fnt|[from] Stealth Rock\n|faint|p2a: Hisoka\n|move|p1a: Espeon|Dazzling Gleam|p2: Hisoka|[notarget]\n|-fail|p1a: Espeon\n|\n|upkeep\n|\n|t:|1700795400\n|switch|p2a: :3|Quagsire, F, tera:Fairy|68\/100\n|-damage|p2a: :3|56\/100|[from] Stealth Rock\n|turn|58\n|\n|t:|1700795406\n|move|p1a: Espeon|Psychic|p2a: :3\n|-damage|p2a: :3|29\/100\n|move|p2a: :3|Yawn|p1a: Espeon\n|move|p1a: Espeon|Yawn|p2a: :3|[from]ability: Magic Bounce\n|-start|p2a: :3|move: Yawn|[of] p1a: Espeon\n|\n|-heal|p2a: :3|35\/100|[from] item: Leftovers\n|upkeep\n|turn|59\n|\n|t:|1700795409\n|move|p1a: Espeon|Psychic|p2a: :3\n|-crit|p2a: :3\n|-damage|p2a: :3|0 fnt\n|faint|p2a: :3\n|\n|win|GoldenTorterra\n|c|\u2606GoldenTorterra|GG\n|c|\u2606HiHowAria?|ggggg\n|l|\u2606HiHowAria?\n|l| Online Gambling\n","uploadtime":1700795426,"views":34,"p1id":"goldentorterra","p2id":"hihowaria","formatid":"gen9ubers","rating":0,"private":0,"password":""}