{"id":"gen9ubers-1988470108","p1":"you suck lol22","p2":"LITLE0","format":"[Gen 9] Ubers","log":"|j|\u2606you suck lol22\n|j|\u2606LITLE0\n|t:|1699726350\n|gametype|singles\n|player|p1|you suck lol22|169|\n|player|p2|LITLE0|brock|\n|teamsize|p1|6\n|teamsize|p2|1\n|gen|9\n|tier|[Gen 9] Ubers\n|rule|Sleep Clause Mod: Limit one foe put to sleep\n|rule|Species Clause: Limit one of each Pok\u00e9mon\n|rule|OHKO Clause: OHKO moves are banned\n|rule|Evasion Items Clause: Evasion items are banned\n|rule|Evasion Moves Clause: Evasion moves are banned\n|rule|Endless Battle Clause: Forcing endless battles is banned\n|rule|HP Percentage Mod: HP is shown in percentages\n|clearpoke\n|poke|p1|Miraidon|\n|poke|p1|Koraidon|\n|poke|p1|Rillaboom, F|\n|poke|p1|Spectrier|\n|poke|p1|Magearna|\n|poke|p1|Chien-Pao|\n|poke|p2|Ceruledge, M|\n|teampreview\n|j| Drago47774\n|n|\u2606you suck lol22|yousucklol22\n|c|\u2606you suck lol22|lmao look at you\n|c|\u2606you suck lol22|stupid pokemon\n|c|\u2606you suck lol22|stupid person\n|c|\u2606LITLE0|ok sure\n|\n|t:|1699726441\n|start\n|switch|p1a: Rillaboom|Rillaboom, F|100\/100\n|switch|p2a: Ceruledge|Ceruledge, M|100\/100\n|-fieldstart|move: Grassy Terrain|[from] ability: Grassy Surge|[of] p1a: Rillaboom\n|turn|1\n|\n|t:|1699726448\n|move|p2a: Ceruledge|Endure|p2a: Ceruledge\n|-singleturn|p2a: Ceruledge|move: Endure\n|move|p1a: Rillaboom|Earthquake|p2a: Ceruledge\n|-supereffective|p2a: Ceruledge\n|-damage|p2a: Ceruledge|71\/100\n|-ability|p2a: Ceruledge|Weak Armor|boost\n|-unboost|p2a: Ceruledge|def|1\n|-boost|p2a: Ceruledge|spe|2\n|-enditem|p2a: Ceruledge|Weakness Policy\n|-boost|p2a: Ceruledge|atk|2|[from] item: Weakness Policy\n|-boost|p2a: Ceruledge|spa|2|[from] item: Weakness Policy\n|\n|-heal|p2a: Ceruledge|77\/100|[from] Grassy Terrain\n|upkeep\n|turn|2\n|c|\u2606you suck lol22|ooo so scary\n|c|\u2606you suck lol22|ceruledge is weak\n|\n|t:|1699726485\n|move|p2a: Ceruledge|Bitter Blade|p1a: Rillaboom\n|-supereffective|p1a: Rillaboom\n|-damage|p1a: Rillaboom|0 fnt\n|-heal|p2a: Ceruledge|100\/100|[from] drain|[of] p1a: Rillaboom\n|faint|p1a: Rillaboom\n|\n|upkeep\n|\n|t:|1699726494\n|switch|p1a: Spectrier|Spectrier|100\/100\n|turn|3\n|\n|t:|1699726502\n|move|p2a: Ceruledge|Shadow Sneak|p1a: Spectrier\n|-supereffective|p1a: Spectrier\n|-damage|p1a: Spectrier|0 fnt\n|faint|p1a: Spectrier\n|\n|upkeep\n|c|\u2606LITLE0|you were saying\n|\n|t:|1699726516\n|switch|p1a: Chien-Pao|Chien-Pao|100\/100\n|-ability|p1a: Chien-Pao|Sword of Ruin\n|turn|4\n|c|\u2606you suck lol22|this is bullshit\n|c|\u2606LITLE0|woah there language\n|\n|t:|1699726541\n|move|p2a: Ceruledge|Bitter Blade|p1a: Chien-Pao\n|-supereffective|p1a: Chien-Pao\n|-damage|p1a: Chien-Pao|0 fnt\n|faint|p1a: Chien-Pao\n|\n|upkeep\n|\n|t:|1699726550\n|switch|p1a: Magearna|Magearna|100\/100\n|turn|5\n|\n|t:|1699726571\n|move|p2a: Ceruledge|Bitter Blade|p1a: Magearna\n|-supereffective|p1a: Magearna\n|-damage|p1a: Magearna|0 fnt\n|faint|p1a: Magearna\n|\n|upkeep\n|c|\u2606you suck lol22|UR HACKING\n|c|\u2606you suck lol22|MY MAGERNA IS MAX DEF\n|\n|t:|1699726600\n|switch|p1a: Miraidon|Miraidon|100\/100\n|-fieldstart|move: Electric Terrain|[from] ability: Hadron Engine|[of] p1a: Miraidon\n|turn|6\n|c|\u2606LITLE0|\ud83e\uddc2\n|\n|t:|1699726624\n|-terastallize|p2a: Ceruledge|Ghost\n|move|p2a: Ceruledge|Poltergeist|p1a: Miraidon|[miss]\n|-miss|p2a: Ceruledge|p1a: Miraidon\n|move|p1a: Miraidon|Calm Mind|p1a: Miraidon\n|-boost|p1a: Miraidon|spa|1\n|-boost|p1a: Miraidon|spd|1\n|\n|upkeep\n|turn|7\n|c|\u2606you suck lol22|now ur ded you suck\n|\n|t:|1699726654\n|move|p2a: Ceruledge|Poltergeist|p1a: Miraidon\n|-activate|p1a: Miraidon|move: Poltergeist|Choice Specs\n|-damage|p1a: Miraidon|0 fnt\n|faint|p1a: Miraidon\n|\n|upkeep\n|\n|t:|1699726662\n|switch|p1a: Koraidon|Koraidon|100\/100\n|-weather|SunnyDay|[from] ability: Orichalcum Pulse|[of] p1a: Koraidon\n|-activate|p1a: Koraidon|Orichalcum Pulse|[source]\n|turn|8\n|c|\u2606you suck lol22|whay\n|c|\u2606you suck lol22|what\n|c|\u2606LITLE0|are you running specs on miraidon\n|c|\u2606you suck lol22|yes howd you know\n|c|\u2606LITLE0|dummy\n|\n|t:|1699726739\n|-singleturn|p1a: Koraidon|move: Focus Punch\n|move|p2a: Ceruledge|Poltergeist|p1a: Koraidon\n|-activate|p1a: Koraidon|move: Poltergeist|Choice Band\n|-damage|p1a: Koraidon|0 fnt\n|faint|p1a: Koraidon\n|\n|win|LITLE0\n|c|\u2606LITLE0|ez\n","uploadtime":1699726753,"views":11,"p1id":"yousucklol22","p2id":"litle0","formatid":"gen9ubers","rating":0,"private":0,"password":""}