{"id":"gen9ubers-1995544038","p1":"best dk","p2":"DreadHero99","format":"[Gen 9] Ubers","log":"|j|\u2606best dk\n|j|\u2606DreadHero99\n|t:|1700581491\n|gametype|singles\n|player|p1|best dk|2|\n|player|p2|DreadHero99|266|\n|teamsize|p1|6\n|teamsize|p2|6\n|gen|9\n|tier|[Gen 9] Ubers\n|rule|Sleep Clause Mod: Limit one foe put to sleep\n|rule|Species Clause: Limit one of each Pok\u00e9mon\n|rule|OHKO Clause: OHKO moves are banned\n|rule|Evasion Items Clause: Evasion items are banned\n|rule|Evasion Moves Clause: Evasion moves are banned\n|rule|Endless Battle Clause: Forcing endless battles is banned\n|rule|HP Percentage Mod: HP is shown in percentages\n|clearpoke\n|poke|p1|Mamoswine, F|\n|poke|p1|Rotom-Wash|\n|poke|p1|Clefable, M|\n|poke|p1|Hoopa-Unbound|\n|poke|p1|Basculegion-F, F|\n|poke|p1|Overqwil, F|\n|poke|p2|Quagsire, M|\n|poke|p2|Furret, M|\n|poke|p2|Gholdengo|\n|poke|p2|Zoroark-Hisui, F|\n|poke|p2|Toxapex, M|\n|poke|p2|Cinderace, F|\n|teampreview\n|c|\u2606DreadHero99|GLHF\n|j| butter dk\n|c|\u2606best dk|u did not bring what i expected\n|\n|t:|1700581524\n|start\n|switch|p1a: Big Pig|Mamoswine, F|100\/100\n|switch|p2a: Quagsire|Quagsire, M|100\/100\n|turn|1\n|c| butter dk|Chat\n|\n|t:|1700581534\n|move|p1a: Big Pig|Trailblaze|p2a: Quagsire\n|-supereffective|p2a: Quagsire\n|-damage|p2a: Quagsire|51\/100\n|-boost|p1a: Big Pig|spe|1\n|move|p2a: Quagsire|Stealth Rock|p1a: Big Pig\n|-sidestart|p1: best dk|move: Stealth Rock\n|\n|-heal|p2a: Quagsire|57\/100|[from] item: Leftovers\n|upkeep\n|turn|2\n|\n|t:|1700581557\n|switch|p2a: Walks|Furret, M|100\/100\n|move|p1a: Big Pig|Earthquake|p2a: Walks\n|-enditem|p2a: Walks|Focus Sash\n|-damage|p2a: Walks|1\/100\n|replace|p2a: Zoroark|Zoroark-Hisui, F\n|-end|p2a: Zoroark|Illusion\n|\n|upkeep\n|turn|3\n|\n|t:|1700581567\n|move|p2a: Zoroark|Flamethrower|p1a: Big Pig\n|-supereffective|p1a: Big Pig\n|-damage|p1a: Big Pig|78\/100\n|move|p1a: Big Pig|Trailblaze|p2a: Zoroark\n|-damage|p2a: Zoroark|0 fnt\n|-boost|p1a: Big Pig|spe|1\n|faint|p2a: Zoroark\n|\n|upkeep\n|\n|t:|1700581581\n|switch|p2a: Toxapex|Toxapex, M|100\/100\n|turn|4\n|\n|t:|1700581585\n|move|p1a: Big Pig|Earthquake|p2a: Toxapex\n|-supereffective|p2a: Toxapex\n|-damage|p2a: Toxapex|17\/100\n|move|p2a: Toxapex|Haze|p2a: Toxapex\n|-clearallboost\n|\n|-heal|p2a: Toxapex|23\/100|[from] item: Black Sludge\n|upkeep\n|turn|5\n|\n|t:|1700581597\n|switch|p2a: Quagsire|Quagsire, M|57\/100\n|move|p1a: Big Pig|Earthquake|p2a: Quagsire\n|-damage|p2a: Quagsire|16\/100\n|\n|-heal|p2a: Quagsire|23\/100|[from] item: Leftovers\n|upkeep\n|turn|6\n|j| mucheeezy\n|\n|t:|1700581627\n|switch|p2a: Toxapex|Toxapex, M|56\/100\n|move|p1a: Big Pig|Trailblaze|p2a: Toxapex\n|-damage|p2a: Toxapex|40\/100\n|-boost|p1a: Big Pig|spe|1\n|\n|-heal|p2a: Toxapex|47\/100|[from] item: Black Sludge\n|upkeep\n|turn|7\n|c| mucheeezy|Trailblaze for mamo is so good holy\n|\n|t:|1700581638\n|move|p1a: Big Pig|Earthquake|p2a: Toxapex\n|-supereffective|p2a: Toxapex\n|-damage|p2a: Toxapex|0 fnt\n|faint|p2a: Toxapex\n|\n|upkeep\n|\n|t:|1700581644\n|switch|p2a: Gholdengo|Gholdengo|100\/100\n|turn|8\n|\n|t:|1700581649\n|-terastallize|p2a: Gholdengo|Steel\n|move|p1a: Big Pig|Earthquake|p2a: Gholdengo\n|-supereffective|p2a: Gholdengo\n|-damage|p2a: Gholdengo|0 fnt\n|faint|p2a: Gholdengo\n|\n|upkeep\n|\n|t:|1700581660\n|switch|p2a: Cinderace|Cinderace, F|100\/100\n|turn|9\n|\n|t:|1700581664\n|move|p2a: Cinderace|Pyro Ball|p1a: Big Pig|[miss]\n|-miss|p2a: Cinderace|p1a: Big Pig\n|move|p1a: Big Pig|Earthquake|p2a: Cinderace\n|-supereffective|p2a: Cinderace\n|-damage|p2a: Cinderace|0 fnt\n|faint|p2a: Cinderace\n|\n|upkeep\n|\n|t:|1700581671\n|switch|p2a: Walks|Furret, M|100\/100\n|-item|p1a: Big Pig|Assault Vest|[from] ability: Frisk|[of] p2a: Walks|[identify]\n|turn|10\n|\n|t:|1700581677\n|move|p2a: Walks|Knock Off|p1a: Big Pig\n|-damage|p1a: Big Pig|43\/100\n|-enditem|p1a: Big Pig|Assault Vest|[from] move: Knock Off|[of] p2a: Walks\n|-damage|p2a: Walks|91\/100|[from] item: Life Orb\n|move|p1a: Big Pig|Earthquake|p2a: Walks\n|-damage|p2a: Walks|3\/100\n|\n|upkeep\n|turn|11\n|\n|t:|1700581691\n|move|p1a: Big Pig|Ice Shard|p2a: Walks\n|-damage|p2a: Walks|0 fnt\n|faint|p2a: Walks\n|\n|upkeep\n|\n|t:|1700581695\n|switch|p2a: Quagsire|Quagsire, M|23\/100\n|turn|12\n|\n|t:|1700581698\n|move|p1a: Big Pig|Trailblaze|p2a: Quagsire\n|-supereffective|p2a: Quagsire\n|-damage|p2a: Quagsire|0 fnt\n|-boost|p1a: Big Pig|spe|1\n|faint|p2a: Quagsire\n|\n|win|best dk\n|c|\u2606best dk|ggs\n|c| butter dk|Dang\n|c|\u2606DreadHero99|GGs\n","uploadtime":1700581715,"views":21,"p1id":"bestdk","p2id":"dreadhero99","formatid":"gen9ubers","rating":0,"private":0,"password":""}