{"id":"gen9ubers-1980640290","p1":"brunnosx","p2":"MrDrRubencio","format":"[Gen 9] Ubers","log":"|j|\u2606brunnosx\n|j|\u2606MrDrRubencio\n|t:|1698806510\n|gametype|singles\n|player|p1|brunnosx|2|1000\n|player|p2|MrDrRubencio|emmet|1166\n|teamsize|p1|6\n|teamsize|p2|6\n|gen|9\n|tier|[Gen 9] Ubers\n|rated|\n|rule|Sleep Clause Mod: Limit one foe put to sleep\n|rule|Species Clause: Limit one of each Pok\u00e9mon\n|rule|OHKO Clause: OHKO moves are banned\n|rule|Evasion Items Clause: Evasion items are banned\n|rule|Evasion Moves Clause: Evasion moves are banned\n|rule|Endless Battle Clause: Forcing endless battles is banned\n|rule|HP Percentage Mod: HP is shown in percentages\n|clearpoke\n|poke|p1|Darkrai|\n|poke|p1|Flutter Mane|\n|poke|p1|Dragapult, F|\n|poke|p1|Kyogre|\n|poke|p1|Iron Bundle|\n|poke|p1|Regieleki|\n|poke|p2|Koraidon|\n|poke|p2|Chi-Yu|\n|poke|p2|Walking Wake|\n|poke|p2|Miraidon|\n|poke|p2|Zacian-*|\n|poke|p2|Espathra, F|\n|teampreview\n|inactive|Battle timer is ON: inactive players will automatically lose when time's up. (requested by brunnosx)\n|\n|t:|1698806533\n|start\n|switch|p1a: Flutter Mane|Flutter Mane|100\/100\n|switch|p2a: Doomentio|Koraidon|100\/100\n|-weather|SunnyDay|[from] ability: Orichalcum Pulse|[of] p2a: Doomentio\n|-activate|p1a: Flutter Mane|ability: Protosynthesis\n|-start|p1a: Flutter Mane|protosynthesisspe\n|-activate|p2a: Doomentio|Orichalcum Pulse|[source]\n|turn|1\n|\n|t:|1698806553\n|-terastallize|p2a: Doomentio|Fire\n|move|p1a: Flutter Mane|Moonblast|p2a: Doomentio\n|-resisted|p2a: Doomentio\n|-damage|p2a: Doomentio|65\/100\n|-damage|p1a: Flutter Mane|91\/100|[from] item: Life Orb\n|move|p2a: Doomentio|Flare Blitz|p1a: Flutter Mane\n|-damage|p1a: Flutter Mane|0 fnt\n|faint|p1a: Flutter Mane\n|-end|p1a: Flutter Mane|Protosynthesis|[silent]\n|-damage|p2a: Doomentio|43\/100|[from] Recoil\n|\n|-weather|SunnyDay|[upkeep]\n|upkeep\n|\n|t:|1698806560\n|switch|p1a: Dragapult|Dragapult, F|100\/100\n|turn|2\n|\n|t:|1698806570\n|switch|p2a: Unite experience|Zacian|100\/100\n|-ability|p2a: Unite experience|Intrepid Sword|boost\n|-boost|p2a: Unite experience|atk|1\n|move|p1a: Dragapult|Shadow Ball|p2a: Unite experience\n|-damage|p2a: Unite experience|50\/100\n|\n|-weather|SunnyDay|[upkeep]\n|upkeep\n|turn|3\n|\n|t:|1698806581\n|move|p1a: Dragapult|Shadow Ball|p2a: Unite experience\n|-crit|p2a: Unite experience\n|-damage|p2a: Unite experience|0 fnt\n|faint|p2a: Unite experience\n|\n|-weather|SunnyDay|[upkeep]\n|upkeep\n|\n|t:|1698806585\n|switch|p2a: Chi-lla pues|Chi-Yu|100\/100\n|-ability|p2a: Chi-lla pues|Beads of Ruin\n|turn|4\n|\n|t:|1698806598\n|move|p2a: Chi-lla pues|Overheat|p1a: Dragapult\n|-resisted|p1a: Dragapult\n|-damage|p1a: Dragapult|1\/100\n|-unboost|p2a: Chi-lla pues|spa|2\n|move|p1a: Dragapult|Shadow Ball|p2a: Chi-lla pues\n|-resisted|p2a: Chi-lla pues\n|-damage|p2a: Chi-lla pues|71\/100\n|\n|-weather|SunnyDay|[upkeep]\n|upkeep\n|turn|5\n|\n|t:|1698806623\n|move|p2a: Chi-lla pues|Overheat|p1a: Dragapult\n|-resisted|p1a: Dragapult\n|-damage|p1a: Dragapult|0 fnt\n|-unboost|p2a: Chi-lla pues|spa|2\n|faint|p1a: Dragapult\n|\n|-weather|none\n|upkeep\n|inactive|brunnosx has 120 seconds left.\n|\n|t:|1698806653\n|switch|p1a: Kyogre|Kyogre|100\/100\n|-weather|RainDance|[from] ability: Drizzle|[of] p1a: Kyogre\n|turn|6\n|\n|t:|1698806660\n|switch|p2a: Motomami|Miraidon|100\/100\n|-fieldstart|move: Electric Terrain|[from] ability: Hadron Engine|[of] p2a: Motomami\n|move|p1a: Kyogre|Thunder|p2a: Motomami\n|-resisted|p2a: Motomami\n|-damage|p2a: Motomami|81\/100\n|\n|-weather|RainDance|[upkeep]\n|upkeep\n|turn|7\n|\n|t:|1698806666\n|switch|p1a: Iron Bundle|Iron Bundle|100\/100\n|-activate|p1a: Iron Bundle|ability: Quark Drive\n|-start|p1a: Iron Bundle|quarkdrivespe\n|move|p2a: Motomami|Electro Drift|p1a: Iron Bundle\n|-supereffective|p1a: Iron Bundle\n|-damage|p1a: Iron Bundle|0 fnt\n|faint|p1a: Iron Bundle\n|-end|p1a: Iron Bundle|Quark Drive|[silent]\n|-damage|p2a: Motomami|71\/100|[from] item: Life Orb\n|\n|-weather|RainDance|[upkeep]\n|upkeep\n|\n|t:|1698806669\n|switch|p1a: Kyogre|Kyogre|100\/100\n|turn|8\n|\n|t:|1698806678\n|switch|p1a: Regieleki|Regieleki|100\/100\n|move|p2a: Motomami|Electro Drift|p1a: Regieleki\n|-resisted|p1a: Regieleki\n|-damage|p1a: Regieleki|0 fnt\n|faint|p1a: Regieleki\n|-damage|p2a: Motomami|61\/100|[from] item: Life Orb\n|\n|-weather|RainDance|[upkeep]\n|upkeep\n|\n|t:|1698806686\n|switch|p1a: Darkrai|Darkrai|100\/100\n|turn|9\n|\n|t:|1698806689\n|move|p1a: Darkrai|Dark Void|p2a: Motomami\n|-activate|p2a: Motomami|move: Electric Terrain\n|move|p2a: Motomami|Electro Drift|p1a: Darkrai\n|-damage|p1a: Darkrai|0 fnt\n|faint|p1a: Darkrai\n|-damage|p2a: Motomami|51\/100|[from] item: Life Orb\n|\n|-weather|RainDance|[upkeep]\n|upkeep\n|\n|t:|1698806692\n|switch|p1a: Kyogre|Kyogre|100\/100\n|turn|10\n|\n|t:|1698806695\n|move|p2a: Motomami|Electro Drift|p1a: Kyogre\n|-supereffective|p1a: Kyogre\n|-damage|p1a: Kyogre|0 fnt\n|faint|p1a: Kyogre\n|-damage|p2a: Motomami|41\/100|[from] item: Life Orb\n|\n|win|MrDrRubencio\n|raw|brunnosx's rating: 1000 &rarr; <strong>1000<\/strong><br \/>(+0 for losing)\n|raw|MrDrRubencio's rating: 1166 &rarr; <strong>1180<\/strong><br \/>(+14 for winning)\n|l|\u2606brunnosx\n","uploadtime":1698806702,"views":12,"p1id":"brunnosx","p2id":"mrdrrubencio","formatid":"gen9ubers","rating":1000,"private":0,"password":""}