{"id":"gen9ubers-1988078396","p1":"pyrogamerman","p2":"WATAMAWIGI","format":"[Gen 9] Ubers","log":"|j|\u2606pyrogamerman\n|j|\u2606WATAMAWIGI\n|t:|1699666865\n|gametype|singles\n|player|p1|pyrogamerman|101|\n|player|p2|WATAMAWIGI|yellow|\n|teamsize|p1|6\n|teamsize|p2|6\n|gen|9\n|tier|[Gen 9] Ubers\n|rule|Sleep Clause Mod: Limit one foe put to sleep\n|rule|Species Clause: Limit one of each Pok\u00e9mon\n|rule|OHKO Clause: OHKO moves are banned\n|rule|Evasion Items Clause: Evasion items are banned\n|rule|Evasion Moves Clause: Evasion moves are banned\n|rule|Endless Battle Clause: Forcing endless battles is banned\n|rule|HP Percentage Mod: HP is shown in percentages\n|clearpoke\n|poke|p1|Mimikyu, M|\n|poke|p1|Dragapult, F|\n|poke|p1|Spectrier|\n|poke|p1|Skeledirge, M|\n|poke|p1|Gholdengo|\n|poke|p1|Samurott-Hisui, M|\n|poke|p2|Ogerpon-Wellspring, F|\n|poke|p2|Ninetales-Alola, F|\n|poke|p2|Lilligant-Hisui, F|\n|poke|p2|Dragonite, F|\n|poke|p2|Ursaluna-Bloodmoon, M|\n|poke|p2|Heatran, F|\n|teampreview\n|c|\u2606WATAMAWIGI|glhf\n|j| NotWarriors\n|j| hipicrit\n|c|\u2606pyrogamerman|u2\n|j| Dracyo\n|j| SubparSniper\n|j| Kellice\n|j| patty176\n|\n|t:|1699666911\n|start\n|switch|p1a: Gholdengo|Gholdengo|100\/100\n|switch|p2a: \u2800\u2800|Ninetales-Alola, F|100\/100\n|-weather|Snow|[from] ability: Snow Warning|[of] p2a: \u2800\u2800\n|-item|p1a: Gholdengo|Air Balloon\n|turn|1\n|j| Braxxus5th\n|\n|t:|1699666922\n|switch|p2a: \u2800\u2800\u2800\u2800\u2800\u2800|Heatran, F|100\/100\n|move|p1a: Gholdengo|Make It Rain|p2a: \u2800\u2800\u2800\u2800\u2800\u2800\n|-resisted|p2a: \u2800\u2800\u2800\u2800\u2800\u2800\n|-damage|p2a: \u2800\u2800\u2800\u2800\u2800\u2800|91\/100\n|-unboost|p1a: Gholdengo|spa|1\n|\n|-weather|Snow|[upkeep]\n|upkeep\n|turn|2\n|\n|t:|1699666940\n|switch|p1a: Samurott|Samurott-Hisui, M|100\/100\n|move|p2a: \u2800\u2800\u2800\u2800\u2800\u2800|Magma Storm|p1a: Samurott|[miss]\n|-miss|p2a: \u2800\u2800\u2800\u2800\u2800\u2800|p1a: Samurott\n|\n|-weather|Snow|[upkeep]\n|upkeep\n|turn|3\n|\n|t:|1699666952\n|switch|p2a: \u2800\u2800|Ninetales-Alola, F|100\/100\n|move|p1a: Samurott|Ceaseless Edge|p2a: \u2800\u2800\n|-resisted|p2a: \u2800\u2800\n|-damage|p2a: \u2800\u2800|74\/100\n|-sidestart|p2: WATAMAWIGI|Spikes\n|\n|-weather|Snow|[upkeep]\n|upkeep\n|turn|4\n|j| Anonymous Pulsar\n|c| patty176|Isaac hit magma storm challenge (impossible)\n|\n|t:|1699666964\n|move|p2a: \u2800\u2800|Aurora Veil|p2a: \u2800\u2800\n|-sidestart|p2: WATAMAWIGI|move: Aurora Veil\n|move|p1a: Samurott|Ceaseless Edge|p2a: \u2800\u2800\n|-resisted|p2a: \u2800\u2800\n|-damage|p2a: \u2800\u2800|61\/100\n|-sidestart|p2: WATAMAWIGI|Spikes\n|\n|-weather|Snow|[upkeep]\n|upkeep\n|turn|5\n|\n|t:|1699666972\n|move|p2a: \u2800\u2800|Moonblast|p1a: Samurott\n|-supereffective|p1a: Samurott\n|-damage|p1a: Samurott|0 fnt\n|faint|p1a: Samurott\n|\n|-weather|none\n|upkeep\n|c| SubparSniper|i've missed like 5 of them today\n|c|\u2606WATAMAWIGI|idk i hit all of mine vs josh and jeff\n|c| patty176|He missed two an a row against me lol\n|c|\u2606pyrogamerman|guess im not sashes.. have like 10 copies of this team lol\n|\n|t:|1699667000\n|switch|p1a: Skeledirge|Skeledirge, M|100\/100\n|turn|6\n|c| Anonymous Pulsar|You must believe in heatran and it will simply land\n|\n|t:|1699667008\n|switch|p2a: \u2800\u2800\u2800\u2800\u2800\u2800|Heatran, F|91\/100\n|-damage|p2a: \u2800\u2800\u2800\u2800\u2800\u2800|74\/100|[from] Spikes\n|move|p1a: Skeledirge|Hex|p2a: \u2800\u2800\u2800\u2800\u2800\u2800\n|-damage|p2a: \u2800\u2800\u2800\u2800\u2800\u2800|68\/100\n|\n|upkeep\n|turn|7\n|c| SubparSniper|i miss the days when heatran had toxic\n|\n|t:|1699667020\n|move|p2a: \u2800\u2800\u2800\u2800\u2800\u2800|Magma Storm|p1a: Skeledirge\n|-resisted|p1a: Skeledirge\n|-damage|p1a: Skeledirge|82\/100\n|-activate|p1a: Skeledirge|move: Magma Storm|[of] p2a: \u2800\u2800\u2800\u2800\u2800\u2800\n|move|p1a: Skeledirge|Hex|p2a: \u2800\u2800\u2800\u2800\u2800\u2800\n|-damage|p2a: \u2800\u2800\u2800\u2800\u2800\u2800|61\/100\n|\n|-damage|p1a: Skeledirge|69\/100|[from] move: Magma Storm|[partiallytrapped]\n|upkeep\n|turn|8\n|\n|t:|1699667029\n|move|p2a: \u2800\u2800\u2800\u2800\u2800\u2800|Earth Power|p1a: Skeledirge\n|-supereffective|p1a: Skeledirge\n|-damage|p1a: Skeledirge|20\/100\n|move|p1a: Skeledirge|Hex|p2a: \u2800\u2800\u2800\u2800\u2800\u2800\n|-damage|p2a: \u2800\u2800\u2800\u2800\u2800\u2800|55\/100\n|\n|-damage|p1a: Skeledirge|8\/100|[from] move: Magma Storm|[partiallytrapped]\n|upkeep\n|turn|9\n|\n|t:|1699667035\n|move|p2a: \u2800\u2800\u2800\u2800\u2800\u2800|Earth Power|p1a: Skeledirge\n|-supereffective|p1a: Skeledirge\n|-damage|p1a: Skeledirge|0 fnt\n|faint|p1a: Skeledirge\n|\n|upkeep\n|\n|t:|1699667054\n|switch|p1a: Mimikyu|Mimikyu, M|100\/100\n|turn|10\n|\n|t:|1699667060\n|move|p1a: Mimikyu|Swords Dance|p1a: Mimikyu\n|-boost|p1a: Mimikyu|atk|2\n|move|p2a: \u2800\u2800\u2800\u2800\u2800\u2800|Earth Power|p1a: Mimikyu\n|-activate|p1a: Mimikyu|ability: Disguise\n|-damage|p1a: Mimikyu|100\/100\n|detailschange|p1a: Mimikyu|Mimikyu-Busted, M\n|-damage|p1a: Mimikyu|88\/100|[from] pokemon: Mimikyu-Busted\n|\n|upkeep\n|turn|11\n|\n|t:|1699667070\n|move|p1a: Mimikyu|Drain Punch|p2a: \u2800\u2800\u2800\u2800\u2800\u2800\n|-supereffective|p2a: \u2800\u2800\u2800\u2800\u2800\u2800\n|-damage|p2a: \u2800\u2800\u2800\u2800\u2800\u2800|14\/100\n|-heal|p1a: Mimikyu|100\/100|[from] drain|[of] p2a: \u2800\u2800\u2800\u2800\u2800\u2800\n|-damage|p1a: Mimikyu|91\/100|[from] item: Life Orb\n|move|p2a: \u2800\u2800\u2800\u2800\u2800\u2800|Flash Cannon|p1a: Mimikyu\n|-supereffective|p1a: Mimikyu\n|-damage|p1a: Mimikyu|0 fnt\n|faint|p1a: Mimikyu\n|\n|-sideend|p2: WATAMAWIGI|move: Aurora Veil\n|upkeep\n|c|\u2606WATAMAWIGI|Thank you for your service heatran\n|c| SubparSniper|o7\n|\n|t:|1699667104\n|switch|p1a: Dragapult|Dragapult, F|100\/100\n|turn|12\n|\n|t:|1699667111\n|move|p1a: Dragapult|Substitute|p1a: Dragapult\n|-start|p1a: Dragapult|Substitute\n|-damage|p1a: Dragapult|76\/100\n|move|p2a: \u2800\u2800\u2800\u2800\u2800\u2800|Magma Storm|p1a: Dragapult\n|-resisted|p1a: Dragapult\n|-end|p1a: Dragapult|Substitute\n|\n|-heal|p1a: Dragapult|82\/100|[from] item: Leftovers\n|upkeep\n|turn|13\n|\n|t:|1699667120\n|move|p1a: Dragapult|Substitute|p1a: Dragapult\n|-start|p1a: Dragapult|Substitute\n|-damage|p1a: Dragapult|57\/100\n|move|p2a: \u2800\u2800\u2800\u2800\u2800\u2800|Flash Cannon|p1a: Dragapult\n|-end|p1a: Dragapult|Substitute\n|\n|-heal|p1a: Dragapult|63\/100|[from] item: Leftovers\n|upkeep\n|turn|14\n|\n|t:|1699667133\n|move|p1a: Dragapult|Dragon Darts|p2a: \u2800\u2800\u2800\u2800\u2800\u2800\n|-resisted|p2a: \u2800\u2800\u2800\u2800\u2800\u2800\n|-damage|p2a: \u2800\u2800\u2800\u2800\u2800\u2800|2\/100\n|-anim|p1a: Dragapult|Dragon Darts|p2a: \u2800\u2800\u2800\u2800\u2800\u2800\n|-resisted|p2a: \u2800\u2800\u2800\u2800\u2800\u2800\n|-damage|p2a: \u2800\u2800\u2800\u2800\u2800\u2800|0 fnt\n|faint|p2a: \u2800\u2800\u2800\u2800\u2800\u2800\n|\n|-heal|p1a: Dragapult|69\/100|[from] item: Leftovers\n|upkeep\n|c| Braxxus5th|heatran got all the value in the world tbh\n|c| SubparSniper|heatran is so good in this meta\n|c| SubparSniper|i mean it's good in every meta\n|\n|t:|1699667159\n|switch|p2a: \u2800\u2800\u2800\u2800\u2800|Ursaluna-Bloodmoon, M|100\/100\n|-damage|p2a: \u2800\u2800\u2800\u2800\u2800|84\/100|[from] Spikes\n|turn|15\n|\n|t:|1699667171\n|move|p1a: Dragapult|Substitute|p1a: Dragapult\n|-start|p1a: Dragapult|Substitute\n|-damage|p1a: Dragapult|44\/100\n|move|p2a: \u2800\u2800\u2800\u2800\u2800|Earth Power|p1a: Dragapult\n|-end|p1a: Dragapult|Substitute\n|\n|-heal|p1a: Dragapult|50\/100|[from] item: Leftovers\n|upkeep\n|turn|16\n|c| SubparSniper|but in gym challenge this year it feels like it stands out\n|\n|t:|1699667188\n|switch|p1a: Gholdengo|Gholdengo|100\/100\n|-item|p1a: Gholdengo|Air Balloon\n|move|p2a: \u2800\u2800\u2800\u2800\u2800|Earth Power|p1a: Gholdengo\n|-immune|p1a: Gholdengo\n|\n|upkeep\n|turn|17\n|c| Braxxus5th|dont let those 9 ground types scare you heatran, reclaim your ou title (ignore that it already is ou again)\n|\n|t:|1699667198\n|move|p2a: \u2800\u2800\u2800\u2800\u2800|Vacuum Wave|p1a: Gholdengo\n|-supereffective|p1a: Gholdengo\n|-damage|p1a: Gholdengo|62\/100\n|-enditem|p1a: Gholdengo|Air Balloon\n|move|p1a: Gholdengo|Thunder Wave|p2a: \u2800\u2800\u2800\u2800\u2800\n|-immune|p2a: \u2800\u2800\u2800\u2800\u2800\n|\n|upkeep\n|turn|18\n|c|\u2606WATAMAWIGI|Thank you minds eye\n|c|\u2606WATAMAWIGI|:)\n|c|\u2606pyrogamerman|thought its ghost normal\u2026\n|c| SubparSniper|it is\n|\n|t:|1699667227\n|move|p1a: Gholdengo|Make It Rain|p2a: \u2800\u2800\u2800\u2800\u2800\n|-damage|p2a: \u2800\u2800\u2800\u2800\u2800|4\/100\n|-unboost|p1a: Gholdengo|spa|1\n|move|p2a: \u2800\u2800\u2800\u2800\u2800|Earth Power|p1a: Gholdengo\n|-supereffective|p1a: Gholdengo\n|-damage|p1a: Gholdengo|0 fnt\n|faint|p1a: Gholdengo\n|\n|upkeep\n|c| SubparSniper|wait no\n|c| SubparSniper|it's ghost steel\n|c| Braxxus5th|close, that's a sword\n|\n|t:|1699667249\n|switch|p1a: Dragapult|Dragapult, F|50\/100\n|turn|19\n|\n|t:|1699667253\n|move|p2a: \u2800\u2800\u2800\u2800\u2800|Vacuum Wave|p1a: Dragapult\n|-damage|p1a: Dragapult|22\/100\n|move|p1a: Dragapult|Dragon Darts|p2a: \u2800\u2800\u2800\u2800\u2800\n|-damage|p2a: \u2800\u2800\u2800\u2800\u2800|0 fnt\n|faint|p2a: \u2800\u2800\u2800\u2800\u2800\n|\n|-heal|p1a: Dragapult|28\/100|[from] item: Leftovers\n|upkeep\n|\n|t:|1699667262\n|switch|p2a: \u2800\u2800|Ninetales-Alola, F|61\/100\n|-damage|p2a: \u2800\u2800|44\/100|[from] Spikes\n|-weather|Snow|[from] ability: Snow Warning|[of] p2a: \u2800\u2800\n|turn|20\n|\n|t:|1699667273\n|move|p1a: Dragapult|Dragon Dance|p1a: Dragapult\n|-boost|p1a: Dragapult|atk|1\n|-boost|p1a: Dragapult|spe|1\n|move|p2a: \u2800\u2800|Moonblast|p1a: Dragapult\n|-supereffective|p1a: Dragapult\n|-damage|p1a: Dragapult|0 fnt\n|faint|p1a: Dragapult\n|\n|-weather|Snow|[upkeep]\n|upkeep\n|\n|t:|1699667279\n|switch|p1a: Spectrier|Spectrier|100\/100\n|turn|21\n|\n|t:|1699667283\n|move|p1a: Spectrier|Shadow Ball|p2a: \u2800\u2800\n|-damage|p2a: \u2800\u2800|0 fnt\n|faint|p2a: \u2800\u2800\n|-ability|p1a: Spectrier|Grim Neigh|boost\n|-boost|p1a: Spectrier|spa|1\n|\n|-weather|Snow|[upkeep]\n|upkeep\n|\n|t:|1699667286\n|switch|p2a: \u2800\u2800\u2800\u2800|Dragonite, F|100\/100\n|turn|22\n|\n|t:|1699667293\n|-terastallize|p2a: \u2800\u2800\u2800\u2800|Normal\n|move|p1a: Spectrier|Shadow Ball|p2a: \u2800\u2800\u2800\u2800\n|-immune|p2a: \u2800\u2800\u2800\u2800\n|move|p2a: \u2800\u2800\u2800\u2800|Dragon Claw|p1a: Spectrier\n|-damage|p1a: Spectrier|25\/100\n|\n|-weather|Snow|[upkeep]\n|upkeep\n|turn|23\n|c|\u2606pyrogamerman|gg\n|c|\u2606WATAMAWIGI|gg\n|\n|t:|1699667302\n|move|p1a: Spectrier|Shadow Ball|p2a: \u2800\u2800\u2800\u2800\n|-immune|p2a: \u2800\u2800\u2800\u2800\n|move|p2a: \u2800\u2800\u2800\u2800|Dragon Claw|p1a: Spectrier\n|-damage|p1a: Spectrier|0 fnt\n|faint|p1a: Spectrier\n|\n|win|WATAMAWIGI\n|l|\u2606pyrogamerman\n|l| patty176\n|l| Kellice\n|l| Braxxus5th\n|l| SubparSniper\n|l|\u2606WATAMAWIGI\n","uploadtime":1699667334,"views":4,"p1id":"pyrogamerman","p2id":"watamawigi","formatid":"gen9ubers","rating":0,"private":0,"password":""}