{"id":"gen9ubers-1991667898","p1":"Mackacide","p2":"Willish6634","format":"[Gen 9] Ubers","log":"|j|\u2606Mackacide\n|j|\u2606Willish6634\n|t:|1700100463\n|gametype|singles\n|player|p1|Mackacide|n-masters3|\n|player|p2|Willish6634|leon-masters|\n|teamsize|p1|6\n|teamsize|p2|6\n|gen|9\n|tier|[Gen 9] Ubers\n|rule|Sleep Clause Mod: Limit one foe put to sleep\n|rule|Species Clause: Limit one of each Pok\u00e9mon\n|rule|OHKO Clause: OHKO moves are banned\n|rule|Evasion Items Clause: Evasion items are banned\n|rule|Evasion Moves Clause: Evasion moves are banned\n|rule|Endless Battle Clause: Forcing endless battles is banned\n|rule|HP Percentage Mod: HP is shown in percentages\n|clearpoke\n|poke|p1|Sneasler, M|\n|poke|p1|Clodsire, M|\n|poke|p1|Ogerpon-Hearthflame, F|\n|poke|p1|Polteageist|\n|poke|p1|Indeedee-F, F|\n|poke|p1|Mew|\n|poke|p2|Clefable, F|\n|poke|p2|Annihilape, M|\n|poke|p2|Roaring Moon|\n|poke|p2|Volcarona, F|\n|poke|p2|Forretress, F|\n|poke|p2|Sneasler, F|\n|teampreview\n|inactive|Battle timer is ON: inactive players will automatically lose when time's up. (requested by Mackacide)\n|j| TPL_AllStars\n|l| TPL_AllStars\n|j| TPL_AllStars\n|inactive|Willish6634 has 270 seconds left.\n|\n|t:|1700100498\n|start\n|switch|p1a: Hacked|Mew, shiny|100\/100\n|switch|p2a: Forretress|Forretress, F|100\/100\n|turn|1\n|\n|t:|1700100504\n|switch|p2a: Clefable|Clefable, F|100\/100\n|move|p1a: Hacked|Taunt|p2a: Clefable\n|-start|p2a: Clefable|move: Taunt\n|\n|upkeep\n|turn|2\n|\n|t:|1700100509\n|move|p1a: Hacked|Volt Switch|p2a: Clefable\n|-damage|p2a: Clefable|85\/100\n|\n|t:|1700100516\n|switch|p1a: Miss BBL|Indeedee-F, F|100\/100|[from] Volt Switch\n|-fieldstart|move: Psychic Terrain|[from] ability: Psychic Surge|[of] p1a: Miss BBL\n|move|p2a: Clefable|Knock Off|p1a: Miss BBL\n|-supereffective|p1a: Miss BBL\n|-crit|p1a: Miss BBL\n|-damage|p1a: Miss BBL|26\/100\n|-enditem|p1a: Miss BBL|Terrain Extender|[from] move: Knock Off|[of] p2a: Clefable\n|\n|-heal|p2a: Clefable|91\/100|[from] item: Leftovers\n|upkeep\n|turn|3\n|\n|t:|1700100529\n|move|p1a: Miss BBL|Light Screen|p1a: Miss BBL\n|-sidestart|p1: Mackacide|move: Light Screen\n|move|p2a: Clefable|Moonblast|p1a: Miss BBL\n|-damage|p1a: Miss BBL|11\/100\n|\n|-heal|p2a: Clefable|97\/100|[from] item: Leftovers\n|-end|p2a: Clefable|move: Taunt\n|upkeep\n|turn|4\n|\n|t:|1700100539\n|move|p1a: Miss BBL|Healing Wish|p1a: Miss BBL\n|faint|p1a: Miss BBL\n|move|p2a: Clefable|Moonblast|p1: Miss BBL|[notarget]\n|-fail|p2a: Clefable\n|\n|-heal|p2a: Clefable|100\/100|[from] item: Leftovers\n|upkeep\n|\n|t:|1700100558\n|switch|p1a: Hacked|Mew, shiny|100\/100\n|turn|5\n|\n|t:|1700100562\n|move|p1a: Hacked|Taunt|p2a: Clefable\n|-start|p2a: Clefable|move: Taunt\n|cant|p2a: Clefable|move: Taunt|Encore\n|\n|upkeep\n|turn|6\n|\n|t:|1700100567\n|move|p1a: Hacked|Volt Switch|p2a: Clefable\n|-damage|p2a: Clefable|84\/100\n|\n|t:|1700100576\n|switch|p1a: Punk Monk|Sneasler, M|100\/100|[from] Volt Switch\n|-enditem|p1a: Punk Monk|Psychic Seed\n|-boost|p1a: Punk Monk|spd|1|[from] item: Psychic Seed\n|move|p2a: Clefable|Knock Off|p1a: Punk Monk\n|-resisted|p1a: Punk Monk\n|-damage|p1a: Punk Monk|92\/100\n|\n|-heal|p2a: Clefable|90\/100|[from] item: Leftovers\n|upkeep\n|turn|7\n|c| TPL_AllStars|Damn i should have used encore on my slef set\n|c| TPL_AllStars|He can do so much\n|\n|t:|1700100588\n|switch|p2a: Volcarona|Volcarona, F|100\/100\n|move|p1a: Punk Monk|Swords Dance|p1a: Punk Monk\n|-boost|p1a: Punk Monk|atk|2\n|\n|-sideend|p1: Mackacide|move: Light Screen\n|upkeep\n|turn|8\n|\n|t:|1700100601\n|move|p1a: Punk Monk|Dire Claw|p2a: Volcarona\n|-damage|p2a: Volcarona|0 fnt\n|faint|p2a: Volcarona\n|\n|upkeep\n|j| Judgieiscool\n|\n|t:|1700100605\n|switch|p2a: Forretress|Forretress, F|100\/100\n|turn|9\n|\n|t:|1700100622\n|move|p1a: Punk Monk|Close Combat|p2a: Forretress\n|-damage|p2a: Forretress|26\/100\n|-unboost|p1a: Punk Monk|def|1\n|-unboost|p1a: Punk Monk|spd|1\n|move|p2a: Forretress|Iron Head|p1a: Punk Monk\n|-damage|p1a: Punk Monk|32\/100\n|\n|-heal|p2a: Forretress|32\/100|[from] item: Leftovers\n|-fieldend|move: Psychic Terrain\n|upkeep\n|turn|10\n|j| Lillyrosethedemon\n|\n|t:|1700100637\n|move|p1a: Punk Monk|Close Combat|p2a: Forretress\n|-damage|p2a: Forretress|0 fnt\n|-unboost|p1a: Punk Monk|def|1\n|-unboost|p1a: Punk Monk|spd|1\n|faint|p2a: Forretress\n|\n|upkeep\n|c|\u2606Mackacide|sweet dreams all stars\n|c| Judgieiscool|hai:3-mack\n|\n|t:|1700100649\n|switch|p2a: Clefable|Clefable, F|90\/100\n|turn|11\n|\n|t:|1700100653\n|move|p1a: Punk Monk|Dire Claw|p2a: Clefable\n|-supereffective|p2a: Clefable\n|-damage|p2a: Clefable|4\/100\n|-status|p2a: Clefable|slp\n|cant|p2a: Clefable|slp\n|\n|-heal|p2a: Clefable|10\/100 slp|[from] item: Leftovers\n|upkeep\n|turn|12\n|c|\u2606Mackacide|told u\n|\n|t:|1700100663\n|move|p1a: Punk Monk|Dire Claw|p2a: Clefable\n|-supereffective|p2a: Clefable\n|-damage|p2a: Clefable|0 fnt\n|faint|p2a: Clefable\n|\n|upkeep\n|l| Judgieiscool\n|\n|t:|1700100666\n|switch|p2a: Annihilape|Annihilape, M|100\/100\n|turn|13\n|\n|t:|1700100672\n|-terastallize|p1a: Punk Monk|Psychic\n|move|p1a: Punk Monk|Tera Blast|p2a: Annihilape|[anim] Tera Blast Psychic\n|-supereffective|p2a: Annihilape\n|-damage|p2a: Annihilape|0 fnt\n|faint|p2a: Annihilape\n|\n|upkeep\n|c| TPL_AllStars|Fuckin all stars\n|c| TPL_AllStars|They suck\n|\n|t:|1700100679\n|switch|p2a: Sneasler|Sneasler, F|100\/100\n|-item|p2a: Sneasler|Air Balloon\n|turn|14\n|c| TPL_AllStars|I suck...\n|c| TPL_AllStars|.....\n|\n|t:|1700100688\n|-terastallize|p2a: Sneasler|Flying\n|move|p1a: Punk Monk|Tera Blast|p2a: Sneasler|[anim] Tera Blast Psychic\n|-damage|p2a: Sneasler|0 fnt\n|-enditem|p2a: Sneasler|Air Balloon\n|faint|p2a: Sneasler\n|\n|upkeep\n|\n|t:|1700100689\n|switch|p2a: KEvin garza|Roaring Moon|100\/100\n|-enditem|p2a: KEvin garza|Booster Energy\n|-activate|p2a: KEvin garza|ability: Protosynthesis|[fromitem]\n|-start|p2a: KEvin garza|protosynthesisatk\n|turn|15\n|\n|t:|1700100698\n|move|p1a: Punk Monk|Close Combat|p2a: KEvin garza\n|-supereffective|p2a: KEvin garza\n|-damage|p2a: KEvin garza|0 fnt\n|-unboost|p1a: Punk Monk|def|1\n|-unboost|p1a: Punk Monk|spd|1\n|faint|p2a: KEvin garza\n|-end|p2a: KEvin garza|Protosynthesis|[silent]\n|\n|win|Mackacide\n|c|\u2606Willish6634|This team dookie\n","uploadtime":1700100711,"views":6,"p1id":"mackacide","p2id":"willish6634","formatid":"gen9ubers","rating":0,"private":0,"password":""}