{"id":"gen9ubers-1998241895","p1":"Anne Frankkkk","p2":"PokeDuels","format":"[Gen 9] Ubers","log":"|j|\u2606Anne Frankkkk\n|j|\u2606PokeDuels\n|t:|1700918560\n|gametype|singles\n|player|p1|Anne Frankkkk|hilbert|1251\n|player|p2|PokeDuels|266|1402\n|teamsize|p1|6\n|teamsize|p2|6\n|gen|9\n|tier|[Gen 9] Ubers\n|rated|\n|rule|Sleep Clause Mod: Limit one foe put to sleep\n|rule|Species Clause: Limit one of each Pok\u00e9mon\n|rule|OHKO Clause: OHKO moves are banned\n|rule|Evasion Items Clause: Evasion items are banned\n|rule|Evasion Moves Clause: Evasion moves are banned\n|rule|Endless Battle Clause: Forcing endless battles is banned\n|rule|HP Percentage Mod: HP is shown in percentages\n|clearpoke\n|poke|p1|Regieleki|\n|poke|p1|Kyogre|\n|poke|p1|Chien-Pao|\n|poke|p1|Ribombee, M|\n|poke|p1|Miraidon|\n|poke|p1|Flutter Mane|\n|poke|p2|Arceus|\n|poke|p2|Ting-Lu|\n|poke|p2|Giratina-Origin|\n|poke|p2|Regieleki|\n|poke|p2|Alomomola, F|\n|poke|p2|Miraidon|\n|teampreview\n|inactive|Battle timer is ON: inactive players will automatically lose when time's up. (requested by Anne Frankkkk)\n|\n|t:|1700918572\n|start\n|switch|p1a: Moonblast|Ribombee, M, shiny|100\/100\n|switch|p2a: Miraidon|Miraidon|100\/100\n|-fieldstart|move: Electric Terrain|[from] ability: Hadron Engine|[of] p2a: Miraidon\n|turn|1\n|\n|t:|1700918575\n|move|p2a: Miraidon|Volt Switch|p1a: Moonblast\n|-enditem|p1a: Moonblast|Focus Sash\n|-damage|p1a: Moonblast|1\/100\n|\n|t:|1700918577\n|switch|p2a: Regieleki|Regieleki|100\/100|[from] Volt Switch\n|move|p1a: Moonblast|Sticky Web|p2a: Regieleki\n|-sidestart|p2: PokeDuels|move: Sticky Web\n|\n|upkeep\n|turn|2\n|\n|t:|1700918583\n|switch|p1a: Misdreavius|Flutter Mane, shiny|100\/100\n|-enditem|p1a: Misdreavius|Booster Energy\n|-activate|p1a: Misdreavius|ability: Protosynthesis|[fromitem]\n|-start|p1a: Misdreavius|protosynthesisspe\n|move|p2a: Regieleki|Rapid Spin|p1a: Misdreavius\n|-immune|p1a: Misdreavius\n|\n|upkeep\n|turn|3\n|\n|t:|1700918591\n|switch|p2a: Arceus|Arceus|100\/100\n|-activate|p2a: Arceus|move: Sticky Web\n|-unboost|p2a: Arceus|spe|1\n|move|p1a: Misdreavius|Calm Mind|p1a: Misdreavius\n|-boost|p1a: Misdreavius|spa|1\n|-boost|p1a: Misdreavius|spd|1\n|\n|upkeep\n|turn|4\n|\n|t:|1700918598\n|move|p1a: Misdreavius|Moonblast|p2a: Arceus\n|-damage|p2a: Arceus|55\/100\n|move|p2a: Arceus|Shadow Claw|p1a: Misdreavius\n|-supereffective|p1a: Misdreavius\n|-crit|p1a: Misdreavius\n|-damage|p1a: Misdreavius|0 fnt\n|faint|p1a: Misdreavius\n|-end|p1a: Misdreavius|Protosynthesis|[silent]\n|\n|upkeep\n|\n|t:|1700918607\n|switch|p1a: Ice Cat|Chien-Pao|100\/100\n|-ability|p1a: Ice Cat|Sword of Ruin\n|turn|5\n|\n|t:|1700918613\n|switch|p2a: Alomomola|Alomomola, F|100\/100\n|-terastallize|p1a: Ice Cat|Ghost\n|move|p1a: Ice Cat|Swords Dance|p1a: Ice Cat\n|-boost|p1a: Ice Cat|atk|2\n|\n|-fieldend|move: Electric Terrain\n|upkeep\n|turn|6\n|\n|t:|1700918621\n|move|p1a: Ice Cat|Swords Dance|p1a: Ice Cat\n|-boost|p1a: Ice Cat|atk|2\n|move|p2a: Alomomola|Flip Turn|p1a: Ice Cat\n|-damage|p1a: Ice Cat|77\/100\n|\n|t:|1700918633\n|switch|p2a: Miraidon|Miraidon|100\/100|[from] Flip Turn\n|-fieldstart|move: Electric Terrain|[from] ability: Hadron Engine|[of] p2a: Miraidon\n|\n|upkeep\n|turn|7\n|\n|t:|1700918640\n|move|p1a: Ice Cat|Sucker Punch|p2a: Miraidon\n|-damage|p2a: Miraidon|0 fnt\n|faint|p2a: Miraidon\n|\n|upkeep\n|\n|t:|1700918655\n|switch|p2a: Giratina|Giratina-Origin|100\/100\n|turn|8\n|\n|t:|1700918664\n|-terastallize|p2a: Giratina|Fairy\n|move|p1a: Ice Cat|Ice Spinner|p2a: Giratina\n|-damage|p2a: Giratina|0 fnt\n|-fieldend|move: Electric Terrain\n|faint|p2a: Giratina\n|\n|upkeep\n|-message|PokeDuels forfeited.\n|\n|win|Anne Frankkkk\n|raw|Anne Frankkkk's rating: 1251 &rarr; <strong>1286<\/strong><br \/>(+35 for winning)\n|raw|PokeDuels's rating: 1402 &rarr; <strong>1374<\/strong><br \/>(-28 for losing)\n|l|\u2606PokeDuels\n","uploadtime":1700918677,"views":2,"p1id":"annefrankkkk","p2id":"pokeduels","formatid":"gen9ubers","rating":1286,"private":0,"password":""}