{"id":"gen9ubers-1968313416","p1":"GratedsShtickface","p2":"nimjaishot","format":"[Gen 9] Ubers","log":"|j|\u2606GratedsShtickface\n|j|\u2606nimjaishot\n|t:|1697405113\n|gametype|singles\n|player|p1|GratedsShtickface|hiker-gen4|\n|player|p2|nimjaishot|winona-gen6|\n|teamsize|p1|6\n|teamsize|p2|6\n|gen|9\n|tier|[Gen 9] Ubers\n|rule|Sleep Clause Mod: Limit one foe put to sleep\n|rule|Species Clause: Limit one of each Pok\u00e9mon\n|rule|OHKO Clause: OHKO moves are banned\n|rule|Evasion Items Clause: Evasion items are banned\n|rule|Evasion Moves Clause: Evasion moves are banned\n|rule|Endless Battle Clause: Forcing endless battles is banned\n|rule|HP Percentage Mod: HP is shown in percentages\n|clearpoke\n|poke|p1|Palkia-Origin|\n|poke|p1|Shaymin-Sky|\n|poke|p1|Arceus-Fire|\n|poke|p1|Magearna|\n|poke|p1|Zacian-*|\n|poke|p1|Cyclizar, M|\n|poke|p2|Giratina|\n|poke|p2|Gliscor, M|\n|poke|p2|Arceus-Poison|\n|poke|p2|Gholdengo|\n|poke|p2|Magearna|\n|poke|p2|Quagsire, M|\n|teampreview\n|inactive|Battle timer is ON: inactive players will automatically lose when time's up. (requested by GratedsShtickface)\n|c|\u2606nimjaishot|gl hf\n|c|\u2606GratedsShtickface|u2\n|\n|t:|1697405130\n|start\n|switch|p1a: Flesh Serpent|Cyclizar, M|100\/100\n|switch|p2a: Arceus|Arceus-Poison|100\/100\n|turn|1\n|\n|t:|1697405136\n|move|p1a: Flesh Serpent|Shed Tail|p1a: Flesh Serpent\n|-start|p1a: Flesh Serpent|Substitute|[from] move: Shed Tail\n|-damage|p1a: Flesh Serpent|50\/100\n|\n|t:|1697405142\n|switch|p1a: Ar\u0441eus-Fighting|Arceus-Fire, shiny|100\/100|[from] Shed Tail\n|move|p2a: Arceus|Stealth Rock|p1a: Ar\u0441eus-Fighting\n|-sidestart|p1: GratedsShtickface|move: Stealth Rock\n|\n|upkeep\n|turn|2\n|\n|t:|1697405149\n|move|p1a: Ar\u0441eus-Fighting|Dragon Dance|p1a: Ar\u0441eus-Fighting\n|-boost|p1a: Ar\u0441eus-Fighting|atk|1\n|-boost|p1a: Ar\u0441eus-Fighting|spe|1\n|move|p2a: Arceus|Roar|p1a: Ar\u0441eus-Fighting\n|drag|p1a: Haxmin|Shaymin-Sky|100\/100\n|-damage|p1a: Haxmin|76\/100|[from] Stealth Rock\n|\n|upkeep\n|turn|3\n|\n|t:|1697405158\n|move|p1a: Haxmin|Earth Power|p2a: Arceus\n|-supereffective|p2a: Arceus\n|-damage|p2a: Arceus|71\/100\n|move|p2a: Arceus|Poison Jab|p1a: Haxmin\n|-supereffective|p1a: Haxmin\n|-damage|p1a: Haxmin|0 fnt\n|faint|p1a: Haxmin\n|\n|upkeep\n|\n|t:|1697405166\n|switch|p1a: Sif|Zacian|100\/100\n|-damage|p1a: Sif|88\/100|[from] Stealth Rock\n|-ability|p1a: Sif|Intrepid Sword|boost\n|-boost|p1a: Sif|atk|1\n|turn|4\n|\n|t:|1697405173\n|-terastallize|p1a: Sif|Ground\n|move|p1a: Sif|Tera Blast|p2a: Arceus|[anim] Tera Blast Ground\n|-supereffective|p2a: Arceus\n|-crit|p2a: Arceus\n|-damage|p2a: Arceus|0 fnt\n|faint|p2a: Arceus\n|\n|upkeep\n|\n|t:|1697405179\n|switch|p2a: Gliscor|Gliscor, M|100\/100\n|turn|5\n|\n|t:|1697405185\n|move|p1a: Sif|Swords Dance|p1a: Sif\n|-boost|p1a: Sif|atk|2\n|move|p2a: Gliscor|Earthquake|p1a: Sif\n|-damage|p1a: Sif|56\/100\n|\n|-status|p2a: Gliscor|tox|[from] item: Toxic Orb\n|upkeep\n|turn|6\n|\n|t:|1697405194\n|move|p1a: Sif|Play Rough|p2a: Gliscor\n|-damage|p2a: Gliscor|39\/100 tox\n|move|p2a: Gliscor|Earthquake|p1a: Sif\n|-damage|p1a: Sif|26\/100\n|\n|-heal|p2a: Gliscor|52\/100 tox|[from] ability: Poison Heal\n|upkeep\n|turn|7\n|\n|t:|1697405206\n|move|p1a: Sif|Play Rough|p2a: Gliscor\n|-damage|p2a: Gliscor|0 fnt\n|faint|p2a: Gliscor\n|\n|upkeep\n|\n|t:|1697405210\n|switch|p2a: Quagsire|Quagsire, M|100\/100\n|turn|8\n|\n|t:|1697405218\n|move|p1a: Sif|Trailblaze|p2a: Quagsire\n|-supereffective|p2a: Quagsire\n|-damage|p2a: Quagsire|50\/100\n|-boost|p1a: Sif|spe|1\n|move|p2a: Quagsire|Earthquake|p1a: Sif\n|-damage|p1a: Sif|0 fnt\n|faint|p1a: Sif\n|\n|-heal|p2a: Quagsire|56\/100|[from] item: Leftovers\n|upkeep\n|\n|t:|1697405226\n|switch|p1a: Honse|Palkia-Origin, shiny|100\/100\n|-damage|p1a: Honse|88\/100|[from] Stealth Rock\n|-ability|p1a: Honse|Pressure\n|turn|9\n|\n|t:|1697405231\n|move|p1a: Honse|Substitute|p1a: Honse\n|-start|p1a: Honse|Substitute\n|-damage|p1a: Honse|63\/100\n|move|p2a: Quagsire|Toxic||[still]\n|-fail|p2a: Quagsire\n|\n|-heal|p2a: Quagsire|62\/100|[from] item: Leftovers\n|upkeep\n|turn|10\n|\n|t:|1697405237\n|move|p1a: Honse|Spacial Rend|p2a: Quagsire\n|-damage|p2a: Quagsire|0 fnt\n|faint|p2a: Quagsire\n|\n|upkeep\n|\n|t:|1697405242\n|switch|p2a: Giratina|Giratina|100\/100\n|-ability|p2a: Giratina|Pressure\n|turn|11\n|\n|t:|1697405258\n|-terastallize|p2a: Giratina|Fairy\n|move|p1a: Honse|Spacial Rend|p2a: Giratina\n|-immune|p2a: Giratina\n|move|p2a: Giratina|Dragon Tail|p1a: Honse\n|-supereffective|p1a: Honse\n|-end|p1a: Honse|Substitute\n|\n|upkeep\n|turn|12\n|\n|t:|1697405267\n|move|p1a: Honse|Hydro Pump|p2a: Giratina\n|-crit|p2a: Giratina\n|-damage|p2a: Giratina|30\/100\n|move|p2a: Giratina|Dragon Tail|p1a: Honse\n|-supereffective|p1a: Honse\n|-damage|p1a: Honse|18\/100\n|drag|p1a: Music Box Doll|Magearna|100\/100\n|-damage|p1a: Music Box Doll|94\/100|[from] Stealth Rock\n|\n|-heal|p1a: Music Box Doll|100\/100|[from] item: Leftovers\n|upkeep\n|turn|13\n|\n|t:|1697405276\n|move|p2a: Giratina|Will-O-Wisp|p1a: Music Box Doll\n|-status|p1a: Music Box Doll|brn\n|move|p1a: Music Box Doll|Thunder Wave|p2a: Giratina\n|-status|p2a: Giratina|par\n|\n|-damage|p1a: Music Box Doll|94\/100 brn|[from] brn\n|upkeep\n|turn|14\n|\n|t:|1697405279\n|move|p1a: Music Box Doll|Spikes|p2a: Giratina\n|-sidestart|p2: nimjaishot|Spikes\n|move|p2a: Giratina|Rest|p2a: Giratina\n|-status|p2a: Giratina|slp|[from] move: Rest\n|-heal|p2a: Giratina|100\/100 slp|[silent]\n|\n|-heal|p1a: Music Box Doll|100\/100 brn|[from] item: Leftovers\n|-damage|p1a: Music Box Doll|94\/100 brn|[from] brn\n|upkeep\n|turn|15\n|\n|t:|1697405301\n|switch|p2a: Gholdengo|Gholdengo|100\/100\n|-item|p2a: Gholdengo|Air Balloon\n|move|p1a: Music Box Doll|Spikes|p2a: Gholdengo\n|-sidestart|p2: nimjaishot|Spikes\n|\n|-heal|p1a: Music Box Doll|100\/100 brn|[from] item: Leftovers\n|-damage|p1a: Music Box Doll|94\/100 brn|[from] brn\n|upkeep\n|turn|16\n|\n|t:|1697405319\n|move|p2a: Gholdengo|Hex|p1a: Music Box Doll\n|-damage|p1a: Music Box Doll|55\/100 brn\n|move|p1a: Music Box Doll|Volt Switch|p2a: Gholdengo\n|-damage|p2a: Gholdengo|86\/100\n|-enditem|p2a: Gholdengo|Air Balloon\n|\n|t:|1697405326\n|switch|p1a: Honse|Palkia-Origin, shiny|18\/100|[from] Volt Switch\n|-damage|p1a: Honse|5\/100|[from] Stealth Rock\n|-ability|p1a: Honse|Pressure\n|\n|upkeep\n|turn|17\n|\n|t:|1697405332\n|switch|p2a: Giratina|Giratina, tera:Fairy|100\/100 slp\n|-ability|p2a: Giratina|Pressure\n|move|p1a: Honse|Earth Power|p2a: Giratina\n|-damage|p2a: Giratina|80\/100 slp\n|\n|upkeep\n|turn|18\n|\n|t:|1697405337\n|move|p1a: Honse|Hydro Pump|p2a: Giratina\n|-damage|p2a: Giratina|33\/100 slp\n|cant|p2a: Giratina|slp\n|\n|upkeep\n|turn|19\n|\n|t:|1697405344\n|move|p1a: Honse|Hydro Pump|p2a: Giratina\n|-damage|p2a: Giratina|0 fnt\n|faint|p2a: Giratina\n|\n|upkeep\n|\n|t:|1697405347\n|switch|p2a: Magearna|Magearna|100\/100\n|-damage|p2a: Magearna|84\/100|[from] Spikes\n|turn|20\n|\n|t:|1697405352\n|move|p1a: Honse|Hydro Pump|p2a: Magearna\n|-damage|p2a: Magearna|17\/100\n|move|p2a: Magearna|Draining Kiss|p1a: Honse\n|-supereffective|p1a: Honse\n|-damage|p1a: Honse|0 fnt\n|-heal|p2a: Magearna|20\/100|[from] drain|[of] p1a: Honse\n|faint|p1a: Honse\n|-ability|p2a: Magearna|Soul-Heart|boost\n|-boost|p2a: Magearna|spa|1\n|\n|-heal|p2a: Magearna|26\/100|[from] item: Leftovers\n|upkeep\n|\n|t:|1697405356\n|switch|p1a: Ar\u0441eus-Fighting|Arceus-Fire, shiny|100\/100\n|-damage|p1a: Ar\u0441eus-Fighting|76\/100|[from] Stealth Rock\n|turn|21\n|\n|t:|1697405364\n|move|p1a: Ar\u0441eus-Fighting|Flare Blitz|p2a: Magearna\n|-supereffective|p2a: Magearna\n|-damage|p2a: Magearna|0 fnt\n|faint|p2a: Magearna\n|-damage|p1a: Ar\u0441eus-Fighting|67\/100|[from] Recoil\n|\n|upkeep\n|\n|t:|1697405367\n|switch|p2a: Gholdengo|Gholdengo|86\/100\n|-damage|p2a: Gholdengo|69\/100|[from] Spikes\n|turn|22\n|c|\u2606GratedsShtickface|gg\n|c|\u2606nimjaishot|gg\n|\n|t:|1697405373\n|move|p1a: Ar\u0441eus-Fighting|Flare Blitz|p2a: Gholdengo\n|-supereffective|p2a: Gholdengo\n|-damage|p2a: Gholdengo|0 fnt\n|faint|p2a: Gholdengo\n|-damage|p1a: Ar\u0441eus-Fighting|45\/100|[from] Recoil\n|\n|win|GratedsShtickface\n|c|\u2606GratedsShtickface|you played well\n|c|\u2606nimjaishot|thanks\n","uploadtime":1697405380,"views":22,"p1id":"gratedsshtickface","p2id":"nimjaishot","formatid":"gen9ubers","rating":0,"private":0,"password":""}