{"id":"gen9ubers-1989640612","p1":"DarkThive","p2":"WormStepper","format":"[Gen 9] Ubers","log":"|j|\u2606DarkThive\n|j|\u2606WormStepper\n|t:|1699882154\n|gametype|singles\n|player|p1|DarkThive|juggler-gen1|\n|player|p2|WormStepper|drayden|\n|teamsize|p1|6\n|teamsize|p2|6\n|gen|9\n|tier|[Gen 9] Ubers\n|rule|Sleep Clause Mod: Limit one foe put to sleep\n|rule|Species Clause: Limit one of each Pok\u00e9mon\n|rule|OHKO Clause: OHKO moves are banned\n|rule|Evasion Items Clause: Evasion items are banned\n|rule|Evasion Moves Clause: Evasion moves are banned\n|rule|Endless Battle Clause: Forcing endless battles is banned\n|rule|HP Percentage Mod: HP is shown in percentages\n|clearpoke\n|poke|p1|Koraidon|\n|poke|p1|Zacian-*|\n|poke|p1|Giratina-Origin|\n|poke|p1|Calyrex-Ice|\n|poke|p1|Urshifu-*, M|\n|poke|p1|Arceus-Fairy|\n|poke|p2|Urshifu-*, F|\n|poke|p2|Kyogre|\n|poke|p2|Giratina-Origin|\n|poke|p2|Zacian-*|\n|poke|p2|Koraidon|\n|poke|p2|Flutter Mane|\n|teampreview\n|inactive|Battle timer is ON: inactive players will automatically lose when time's up. (requested by WormStepper)\n|j| uplburning\n|c|\u2606DarkThive|I missed a 90% accurate move 2 times out of 3\n|\n|t:|1699882186\n|start\n|switch|p1a: chill brah|Calyrex-Ice|100\/100\n|switch|p2a: Koraidon|Koraidon|100\/100\n|-ability|p1a: chill brah|As One\n|-ability|p1a: chill brah|Unnerve\n|-weather|SunnyDay|[from] ability: Orichalcum Pulse|[of] p2a: Koraidon\n|-activate|p2a: Koraidon|Orichalcum Pulse|[source]\n|turn|1\n|c|\u2606WormStepper|if its not 100% its 50%\n|\n|t:|1699882203\n|-terastallize|p1a: chill brah|Psychic\n|move|p2a: Koraidon|Flare Blitz|p1a: chill brah\n|-damage|p1a: chill brah|44\/100\n|-damage|p2a: Koraidon|79\/100|[from] Recoil\n|move|p1a: chill brah|Trick Room|p1a: chill brah\n|-fieldstart|move: Trick Room|[of] p1a: chill brah\n|\n|-weather|SunnyDay|[upkeep]\n|upkeep\n|turn|2\n|\n|t:|1699882208\n|switch|p2a: Urshifu|Urshifu, F|100\/100\n|move|p1a: chill brah|High Horsepower|p2a: Urshifu\n|-damage|p2a: Urshifu|56\/100\n|\n|-weather|SunnyDay|[upkeep]\n|upkeep\n|turn|3\n|\n|t:|1699882214\n|move|p2a: Urshifu|Sucker Punch|p1a: chill brah\n|-supereffective|p1a: chill brah\n|-damage|p1a: chill brah|0 fnt\n|faint|p1a: chill brah\n|\n|-weather|SunnyDay|[upkeep]\n|upkeep\n|\n|t:|1699882219\n|switch|p1a: Sparklez|Arceus-Fairy|100\/100\n|turn|4\n|\n|t:|1699882231\n|move|p2a: Urshifu|Sucker Punch|p1a: Sparklez\n|-resisted|p1a: Sparklez\n|-damage|p1a: Sparklez|88\/100\n|move|p1a: Sparklez|Fire Blast|p2a: Urshifu\n|-damage|p2a: Urshifu|0 fnt\n|faint|p2a: Urshifu\n|\n|-weather|SunnyDay|[upkeep]\n|upkeep\n|\n|t:|1699882248\n|switch|p2a: Zacian|Zacian-Crowned|100\/100\n|-ability|p2a: Zacian|Intrepid Sword|boost\n|-boost|p2a: Zacian|atk|1\n|turn|5\n|\n|t:|1699882256\n|switch|p2a: Kyogre|Kyogre|100\/100\n|-weather|RainDance|[from] ability: Drizzle|[of] p2a: Kyogre\n|move|p1a: Sparklez|Fire Blast|p2a: Kyogre\n|-resisted|p2a: Kyogre\n|-damage|p2a: Kyogre|93\/100\n|\n|-weather|RainDance|[upkeep]\n|-fieldend|move: Trick Room\n|upkeep\n|turn|6\n|\n|t:|1699882268\n|move|p2a: Kyogre|Water Spout|p1a: Sparklez\n|-damage|p1a: Sparklez|4\/100\n|move|p1a: Sparklez|Thunder|p2a: Kyogre\n|-supereffective|p2a: Kyogre\n|-damage|p2a: Kyogre|31\/100\n|\n|-weather|RainDance|[upkeep]\n|upkeep\n|turn|7\n|\n|t:|1699882279\n|switch|p1a: bike|Koraidon|100\/100\n|-weather|SunnyDay|[from] ability: Orichalcum Pulse|[of] p1a: bike\n|-activate|p1a: bike|Orichalcum Pulse|[source]\n|move|p2a: Kyogre|Water Spout|p1a: bike\n|-resisted|p1a: bike\n|-damage|p1a: bike|94\/100\n|\n|-weather|SunnyDay|[upkeep]\n|upkeep\n|turn|8\n|\n|t:|1699882287\n|switch|p2a: Giratina|Giratina-Origin|100\/100\n|move|p1a: bike|Swords Dance|p1a: bike\n|-boost|p1a: bike|atk|2\n|\n|-weather|SunnyDay|[upkeep]\n|upkeep\n|turn|9\n|\n|t:|1699882294\n|-terastallize|p2a: Giratina|Steel\n|move|p1a: bike|Scale Shot|p2a: Giratina\n|-resisted|p2a: Giratina\n|-damage|p2a: Giratina|90\/100\n|-resisted|p2a: Giratina\n|-damage|p2a: Giratina|80\/100\n|-resisted|p2a: Giratina\n|-damage|p2a: Giratina|70\/100\n|-resisted|p2a: Giratina\n|-damage|p2a: Giratina|60\/100\n|-hitcount|p2a: Giratina|4\n|-unboost|p1a: bike|def|1\n|-boost|p1a: bike|spe|1\n|move|p2a: Giratina|Draco Meteor|p1a: bike|[miss]\n|-miss|p2a: Giratina|p1a: bike\n|\n|-weather|SunnyDay|[upkeep]\n|upkeep\n|turn|10\n|c|\u2606DarkThive|finally\n|\n|t:|1699882308\n|move|p1a: bike|Collision Course|p2a: Giratina\n|-supereffective|p2a: Giratina\n|-damage|p2a: Giratina|0 fnt\n|faint|p2a: Giratina\n|\n|-weather|SunnyDay|[upkeep]\n|upkeep\n|\n|t:|1699882315\n|switch|p2a: Koraidon|Koraidon|79\/100\n|-activate|p2a: Koraidon|ability: Orichalcum Pulse\n|turn|11\n|c|\u2606DarkThive|you missing draco meteor is the same odds as me missing scfale shot once\n|c|\u2606DarkThive|I missed twice\n|c|\u2606DarkThive|desreved\\\n|c|\u2606WormStepper|YEAH OK\n|c|\u2606DarkThive|we speed tied hmmm\n|\n|t:|1699882340\n|move|p1a: bike|Collision Course|p2a: Koraidon\n|-damage|p2a: Koraidon|0 fnt\n|faint|p2a: Koraidon\n|\n|-weather|none\n|upkeep\n|\n|t:|1699882345\n|switch|p2a: Flutter Mane|Flutter Mane|100\/100\n|-enditem|p2a: Flutter Mane|Booster Energy\n|-activate|p2a: Flutter Mane|ability: Protosynthesis|[fromitem]\n|-start|p2a: Flutter Mane|protosynthesisspe\n|turn|12\n|c|\u2606DarkThive|dont matter\n|\n|t:|1699882353\n|move|p2a: Flutter Mane|Moonblast|p1a: bike\n|-supereffective|p1a: bike\n|-damage|p1a: bike|0 fnt\n|faint|p1a: bike\n|\n|upkeep\n|c|\u2606DarkThive|literally how wtf\n|inactive|DarkThive has 270 seconds left.\n|c|\u2606DarkThive|OH wait iuts 50% for speed not 30%\n|c|\u2606WormStepper|yea\n|c|\u2606DarkThive|speed tied\n|\n|t:|1699882385\n|switch|p1a: Aegislash-attack|Zacian-Crowned|100\/100\n|-ability|p1a: Aegislash-attack|Intrepid Sword|boost\n|-boost|p1a: Aegislash-attack|atk|1\n|turn|13\n|\n|t:|1699882395\n|-end|p2a: Flutter Mane|Protosynthesis|[silent]\n|switch|p2a: Kyogre|Kyogre|31\/100\n|-weather|RainDance|[from] ability: Drizzle|[of] p2a: Kyogre\n|move|p1a: Aegislash-attack|Behemoth Blade|p2a: Kyogre\n|-resisted|p2a: Kyogre\n|-damage|p2a: Kyogre|0 fnt\n|faint|p2a: Kyogre\n|\n|-weather|RainDance|[upkeep]\n|upkeep\n|\n|t:|1699882397\n|switch|p2a: Zacian|Zacian-Crowned|100\/100\n|turn|14\n|\n|t:|1699882411\n|move|p2a: Zacian|Behemoth Blade|p1a: Aegislash-attack\n|-damage|p1a: Aegislash-attack|50\/100\n|move|p1a: Aegislash-attack|Behemoth Blade|p2a: Zacian\n|-damage|p2a: Zacian|22\/100\n|\n|-weather|RainDance|[upkeep]\n|upkeep\n|turn|15\n|\n|t:|1699882417\n|move|p2a: Zacian|Behemoth Blade|p1a: Aegislash-attack\n|-damage|p1a: Aegislash-attack|0 fnt\n|faint|p1a: Aegislash-attack\n|\n|-weather|RainDance|[upkeep]\n|upkeep\n|c|\u2606DarkThive|lucky ass\n|c|\u2606DarkThive|won speed tie 3 times in a row\n|c|\u2606WormStepper|bro you won the first speed tie\n|inactive|DarkThive has 270 seconds left.\n|c|\u2606DarkThive|damn i won 1 of 4\n|\n|t:|1699882437\n|switch|p1a: boh'o'o'wo'a|Urshifu-Rapid-Strike, M|100\/100\n|turn|16\n|c|\u2606WormStepper|yeah 1 out of 4 is a lot\n|c|\u2606WormStepper|depends on what you talking about\n|c|\u2606WormStepper|1 out of 4 of a gazillion dollars\n|\n|t:|1699882451\n|move|p2a: Zacian|Play Rough|p1a: boh'o'o'wo'a\n|-supereffective|p1a: boh'o'o'wo'a\n|-damage|p1a: boh'o'o'wo'a|0 fnt\n|faint|p1a: boh'o'o'wo'a\n|\n|-weather|RainDance|[upkeep]\n|upkeep\n|c|\u2606DarkThive|i forgot its zacian and I cant tank\n|inactive|DarkThive has 270 seconds left.\n|\n|t:|1699882464\n|switch|p1a: stinker|Giratina-Origin|100\/100\n|turn|17\n|c|\u2606WormStepper|bruh\n|inactive|DarkThive has 270 seconds left.\n|\n|t:|1699882482\n|move|p2a: Zacian|Play Rough|p1a: stinker\n|-supereffective|p1a: stinker\n|-damage|p1a: stinker|33\/100\n|move|p1a: stinker|Will-O-Wisp|p2a: Zacian\n|-status|p2a: Zacian|brn\n|\n|-weather|none\n|-damage|p2a: Zacian|16\/100 brn|[from] brn\n|upkeep\n|turn|18\n|\n|t:|1699882486\n|move|p1a: stinker|Shadow Sneak|p2a: Zacian\n|-damage|p2a: Zacian|0 fnt\n|faint|p2a: Zacian\n|\n|upkeep\n|\n|t:|1699882488\n|switch|p2a: Flutter Mane|Flutter Mane|100\/100\n|turn|19\n|\n|t:|1699882490\n|move|p1a: stinker|Shadow Sneak|p2a: Flutter Mane\n|-supereffective|p2a: Flutter Mane\n|-damage|p2a: Flutter Mane|16\/100\n|move|p2a: Flutter Mane|Moonblast|p1a: stinker\n|-supereffective|p1a: stinker\n|-damage|p1a: stinker|0 fnt\n|faint|p1a: stinker\n|\n|upkeep\n|\n|t:|1699882495\n|switch|p1a: Sparklez|Arceus-Fairy|4\/100\n|turn|20\n|c|\u2606DarkThive|its joeverr\n|c|\u2606DarkThive|man wtf\n|\n|t:|1699882505\n|move|p2a: Flutter Mane|Moonblast|p1a: Sparklez\n|-damage|p1a: Sparklez|0 fnt\n|faint|p1a: Sparklez\n|\n|win|WormStepper\n|c|\u2606WormStepper|gg bro\n|l|\u2606DarkThive\n","uploadtime":1699882512,"views":8,"p1id":"darkthive","p2id":"wormstepper","formatid":"gen9ubers","rating":0,"private":0,"password":""}