{"id":"gen9ubers-1974542556","p1":"Jrmoore896","p2":"Exotic_Tr0n","format":"[Gen 9] Ubers","log":"|j|\u2606Jrmoore896\n|j|\u2606Exotic_Tr0n\n|t:|1698095770\n|gametype|singles\n|player|p1|Jrmoore896|lucas-gen4pt|1183\n|player|p2|Exotic_Tr0n|101|1246\n|teamsize|p1|6\n|teamsize|p2|6\n|gen|9\n|tier|[Gen 9] Ubers\n|rated|\n|rule|Sleep Clause Mod: Limit one foe put to sleep\n|rule|Species Clause: Limit one of each Pok\u00e9mon\n|rule|OHKO Clause: OHKO moves are banned\n|rule|Evasion Items Clause: Evasion items are banned\n|rule|Evasion Moves Clause: Evasion moves are banned\n|rule|Endless Battle Clause: Forcing endless battles is banned\n|rule|HP Percentage Mod: HP is shown in percentages\n|clearpoke\n|poke|p1|Ninetales-Alola, M|\n|poke|p1|Baxcalibur, M|\n|poke|p1|Mienshao, M|\n|poke|p1|Chandelure, M|\n|poke|p1|Cinderace, M|\n|poke|p1|Clefable, M|\n|poke|p2|Spidops, M|\n|poke|p2|Great Tusk|\n|poke|p2|Urshifu-*, M|\n|poke|p2|Mewtwo|\n|poke|p2|Miraidon|\n|poke|p2|Zacian-*|\n|teampreview\n|inactive|Battle timer is ON: inactive players will automatically lose when time's up. (requested by Jrmoore896)\n|\n|t:|1698095788\n|start\n|switch|p1a: Mienshao|Mienshao, M|100\/100\n|switch|p2a: Spidops|Spidops, M|100\/100\n|turn|1\n|\n|t:|1698095798\n|move|p1a: Mienshao|U-turn|p2a: Spidops\n|-damage|p2a: Spidops|70\/100\n|\n|t:|1698095802\n|switch|p1a: Cinderace|Cinderace, M|100\/100|[from] U-turn\n|move|p2a: Spidops|Sticky Web|p1a: Cinderace\n|-sidestart|p1: Jrmoore896|move: Sticky Web\n|\n|upkeep\n|turn|2\n|\n|t:|1698095820\n|switch|p2a: Great Tusk|Great Tusk|100\/100\n|-enditem|p2a: Great Tusk|Booster Energy\n|-activate|p2a: Great Tusk|ability: Protosynthesis|[fromitem]\n|-start|p2a: Great Tusk|protosynthesisatk\n|move|p1a: Cinderace|Will-O-Wisp|p2a: Great Tusk\n|-status|p2a: Great Tusk|brn\n|\n|-damage|p2a: Great Tusk|94\/100 brn|[from] brn\n|upkeep\n|turn|3\n|\n|t:|1698095832\n|move|p1a: Cinderace|Court Change|p1a: Cinderace\n|-start|p1a: Cinderace|typechange|Normal|[from] ability: Libero\n|-swapsideconditions\n|-activate|p1a: Cinderace|move: Court Change\n|move|p2a: Great Tusk|Headlong Rush|p1a: Cinderace\n|-damage|p1a: Cinderace|55\/100\n|-unboost|p2a: Great Tusk|def|1\n|-unboost|p2a: Great Tusk|spd|1\n|\n|-damage|p2a: Great Tusk|88\/100 brn|[from] brn\n|upkeep\n|turn|4\n|\n|t:|1698095848\n|move|p1a: Cinderace|Pyro Ball|p2a: Great Tusk\n|-damage|p2a: Great Tusk|53\/100 brn\n|move|p2a: Great Tusk|Rapid Spin|p1a: Cinderace\n|-damage|p1a: Cinderace|41\/100\n|-boost|p2a: Great Tusk|spe|1\n|-sideend|p2: Exotic_Tr0n|Sticky Web|[from] move: Rapid Spin|[of] p2a: Great Tusk\n|\n|-damage|p2a: Great Tusk|46\/100 brn|[from] brn\n|upkeep\n|turn|5\n|\n|t:|1698095858\n|move|p2a: Great Tusk|Close Combat|p1a: Cinderace\n|-supereffective|p1a: Cinderace\n|-damage|p1a: Cinderace|0 fnt\n|-unboost|p2a: Great Tusk|def|1\n|-unboost|p2a: Great Tusk|spd|1\n|faint|p1a: Cinderace\n|\n|-damage|p2a: Great Tusk|40\/100 brn|[from] brn\n|upkeep\n|\n|t:|1698095869\n|switch|p1a: Chandelure|Chandelure, M|100\/100\n|turn|6\n|\n|t:|1698095891\n|move|p2a: Great Tusk|Headlong Rush|p1a: Chandelure\n|-supereffective|p1a: Chandelure\n|-damage|p1a: Chandelure|0 fnt\n|-unboost|p2a: Great Tusk|def|1\n|-unboost|p2a: Great Tusk|spd|1\n|faint|p1a: Chandelure\n|\n|-damage|p2a: Great Tusk|34\/100 brn|[from] brn\n|upkeep\n|inactive|Jrmoore896 has 120 seconds left.\n|\n|t:|1698095904\n|switch|p1a: Ninetales|Ninetales-Alola, M|100\/100\n|-weather|Snow|[from] ability: Snow Warning|[of] p1a: Ninetales\n|turn|7\n|\n|t:|1698095911\n|-end|p2a: Great Tusk|Protosynthesis|[silent]\n|switch|p2a: Spidops|Spidops, M|70\/100\n|move|p1a: Ninetales|Freeze-Dry|p2a: Spidops\n|-damage|p2a: Spidops|50\/100\n|\n|-weather|Snow|[upkeep]\n|upkeep\n|turn|8\n|\n|t:|1698095925\n|switch|p1a: Baxcalibur|Baxcalibur, M, shiny|100\/100\n|move|p2a: Spidops|Sticky Web|p1a: Baxcalibur\n|-sidestart|p1: Jrmoore896|move: Sticky Web\n|\n|-weather|Snow|[upkeep]\n|upkeep\n|turn|9\n|\n|t:|1698095933\n|move|p1a: Baxcalibur|Swords Dance|p1a: Baxcalibur\n|-boost|p1a: Baxcalibur|atk|2\n|move|p2a: Spidops|Toxic Spikes|p1a: Baxcalibur\n|-sidestart|p1: Jrmoore896|move: Toxic Spikes\n|\n|-weather|Snow|[upkeep]\n|upkeep\n|turn|10\n|\n|t:|1698095941\n|move|p1a: Baxcalibur|Scale Shot|p2a: Spidops\n|-damage|p2a: Spidops|20\/100\n|-damage|p2a: Spidops|0 fnt\n|faint|p2a: Spidops\n|-hitcount|p2: Spidops|2\n|-unboost|p1a: Baxcalibur|def|1\n|-boost|p1a: Baxcalibur|spe|1\n|\n|-weather|Snow|[upkeep]\n|upkeep\n|\n|t:|1698095947\n|switch|p2a: Zacian|Zacian-Crowned|100\/100\n|-ability|p2a: Zacian|Intrepid Sword|boost\n|-boost|p2a: Zacian|atk|1\n|turn|11\n|\n|t:|1698095967\n|move|p1a: Baxcalibur|Earthquake|p2a: Zacian\n|-supereffective|p2a: Zacian\n|-damage|p2a: Zacian|0 fnt\n|faint|p2a: Zacian\n|\n|-weather|none\n|upkeep\n|\n|t:|1698095982\n|switch|p2a: Miraidon|Miraidon|100\/100\n|-fieldstart|move: Electric Terrain|[from] ability: Hadron Engine|[of] p2a: Miraidon\n|turn|12\n|\n|t:|1698095999\n|-terastallize|p2a: Miraidon|Ground\n|move|p1a: Baxcalibur|Icicle Spear|p2a: Miraidon\n|-supereffective|p2a: Miraidon\n|-damage|p2a: Miraidon|43\/100\n|-supereffective|p2a: Miraidon\n|-damage|p2a: Miraidon|0 fnt\n|faint|p2a: Miraidon\n|-hitcount|p2: Miraidon|2\n|\n|upkeep\n|\n|t:|1698096008\n|switch|p2a: Urshifu|Urshifu-Rapid-Strike, M|100\/100\n|turn|13\n|\n|t:|1698096013\n|move|p1a: Baxcalibur|Scale Shot|p2a: Urshifu\n|-damage|p2a: Urshifu|73\/100\n|-damage|p2a: Urshifu|43\/100\n|-damage|p2a: Urshifu|17\/100\n|-damage|p2a: Urshifu|0 fnt\n|faint|p2a: Urshifu\n|-hitcount|p2: Urshifu|4\n|-unboost|p1a: Baxcalibur|def|1\n|-boost|p1a: Baxcalibur|spe|1\n|\n|upkeep\n|\n|t:|1698096025\n|switch|p2a: Great Tusk|Great Tusk|34\/100 brn\n|turn|14\n|\n|t:|1698096029\n|move|p1a: Baxcalibur|Icicle Spear|p2a: Great Tusk\n|-supereffective|p2a: Great Tusk\n|-damage|p2a: Great Tusk|0 fnt\n|faint|p2a: Great Tusk\n|-end|p2a: Great Tusk|Protosynthesis|[silent]\n|-hitcount|p2: Great Tusk|1\n|\n|upkeep\n|\n|t:|1698096032\n|switch|p2a: Mewtwo|Mewtwo|100\/100\n|-ability|p2a: Mewtwo|Pressure\n|turn|15\n|\n|t:|1698096039\n|move|p1a: Baxcalibur|Scale Shot|p2a: Mewtwo\n|-damage|p2a: Mewtwo|72\/100\n|-damage|p2a: Mewtwo|45\/100\n|-damage|p2a: Mewtwo|13\/100\n|-damage|p2a: Mewtwo|0 fnt\n|faint|p2a: Mewtwo\n|-hitcount|p2: Mewtwo|4\n|\n|win|Jrmoore896\n|raw|Jrmoore896's rating: 1157 &rarr; <strong>1188<\/strong><br \/>(+31 for winning)\n|raw|Exotic_Tr0n's rating: 1246 &rarr; <strong>1215<\/strong><br \/>(-31 for losing)\n|l|\u2606Exotic_Tr0n\n|l|\u2606Jrmoore896\n|j|\u2606Jrmoore896\n|player|p1|Jrmoore896|lucas-gen4pt\n","uploadtime":1698096299,"views":5,"p1id":"jrmoore896","p2id":"exotictr0n","formatid":"gen9ubers","rating":1188,"private":0,"password":""}