{"id":"gen9ubers-1970253991","p1":"oopsalldeoxys","p2":"LuukTheGamer","format":"[Gen 9] Ubers","log":"|j|\u2606oopsalldeoxys\n|j|\u2606LuukTheGamer\n|t:|1697617760\n|gametype|singles\n|player|p1|oopsalldeoxys|zinnia|\n|player|p2|LuukTheGamer|skyla|\n|teamsize|p1|6\n|teamsize|p2|6\n|gen|9\n|tier|[Gen 9] Ubers\n|rule|Sleep Clause Mod: Limit one foe put to sleep\n|rule|Species Clause: Limit one of each Pok\u00e9mon\n|rule|OHKO Clause: OHKO moves are banned\n|rule|Evasion Items Clause: Evasion items are banned\n|rule|Evasion Moves Clause: Evasion moves are banned\n|rule|Endless Battle Clause: Forcing endless battles is banned\n|rule|HP Percentage Mod: HP is shown in percentages\n|clearpoke\n|poke|p1|Pelipper, F|\n|poke|p1|Palafin, F|\n|poke|p1|Basculegion-F, F|\n|poke|p1|Palkia-Origin|\n|poke|p1|Magearna|\n|poke|p1|Forretress, M|\n|poke|p2|Zacian-*|\n|poke|p2|Magearna|\n|poke|p2|Dugtrio, F|\n|poke|p2|Ogerpon-Wellspring, F|\n|poke|p2|Gholdengo|\n|poke|p2|Arceus-Fire|\n|teampreview\n|inactive|Battle timer is ON: inactive players will automatically lose when time's up. (requested by LuukTheGamer)\n|c|\u2606oopsalldeoxys|Glhf\n|c|\u2606LuukTheGamer|glhf\n|inactive|LuukTheGamer has 270 seconds left.\n|\n|t:|1697617806\n|start\n|switch|p1a: Palafin|Palafin, F|100\/100\n|switch|p2a: Arceus|Arceus-Fire, shiny|100\/100\n|turn|1\n|\n|t:|1697617819\n|switch|p2a: Ogerpon|Ogerpon-Wellspring, F|100\/100\n|detailschange|p1a: Palafin|Palafin-Hero, F\n|switch|p1a: Pelipper|Pelipper, F|100\/100\n|-weather|RainDance|[from] ability: Drizzle|[of] p1a: Pelipper\n|\n|-weather|RainDance|[upkeep]\n|upkeep\n|turn|2\n|inactive|LuukTheGamer has 270 seconds left.\n|\n|t:|1697617863\n|move|p2a: Ogerpon|Power Whip|p1a: Pelipper\n|-damage|p1a: Pelipper|44\/100\n|move|p1a: Pelipper|U-turn|p2a: Ogerpon\n|-supereffective|p2a: Ogerpon\n|-damage|p2a: Ogerpon|77\/100\n|\n|t:|1697617873\n|switch|p1a: Forretress|Forretress, M|100\/100|[from] U-turn\n|\n|-weather|RainDance|[upkeep]\n|upkeep\n|turn|3\n|inactive|LuukTheGamer has 270 seconds left.\n|\n|t:|1697617889\n|move|p2a: Ogerpon|Spikes|p1a: Forretress\n|-sidestart|p1: oopsalldeoxys|Spikes\n|move|p1a: Forretress|Stealth Rock|p2a: Ogerpon\n|-sidestart|p2: LuukTheGamer|move: Stealth Rock\n|\n|-weather|RainDance|[upkeep]\n|upkeep\n|turn|4\n|\n|t:|1697617916\n|switch|p2a: Arceus|Arceus-Fire, shiny|100\/100\n|-damage|p2a: Arceus|76\/100|[from] Stealth Rock\n|move|p1a: Forretress|Spikes|p2a: Arceus\n|-sidestart|p2: LuukTheGamer|Spikes\n|\n|-weather|RainDance|[upkeep]\n|upkeep\n|turn|5\n|\n|t:|1697617922\n|move|p2a: Arceus|Taunt|p1a: Forretress\n|-start|p1a: Forretress|move: Taunt\n|move|p1a: Forretress|Volt Switch|p2a: Arceus\n|-damage|p2a: Arceus|69\/100\n|\n|t:|1697617931\n|switch|p1a: Palkia|Palkia-Origin|100\/100|[from] Volt Switch\n|-damage|p1a: Palkia|88\/100|[from] Spikes\n|-ability|p1a: Palkia|Pressure\n|\n|-weather|RainDance|[upkeep]\n|upkeep\n|turn|6\n|inactive|LuukTheGamer has 240 seconds left.\n|\n|t:|1697617972\n|switch|p2a: Zacian|Zacian, shiny|100\/100\n|-damage|p2a: Zacian|88\/100|[from] Stealth Rock\n|-damage|p2a: Zacian|76\/100|[from] Spikes\n|-ability|p2a: Zacian|Intrepid Sword|boost\n|-boost|p2a: Zacian|atk|1\n|move|p1a: Palkia|Substitute|p1a: Palkia\n|-start|p1a: Palkia|Substitute\n|-damage|p1a: Palkia|63\/100\n|\n|-weather|RainDance|[upkeep]\n|upkeep\n|turn|7\n|\n|t:|1697617987\n|move|p2a: Zacian|Play Rough|p1a: Palkia\n|-supereffective|p1a: Palkia\n|-end|p1a: Palkia|Substitute\n|move|p1a: Palkia|Hydro Pump|p2a: Zacian\n|-damage|p2a: Zacian|0 fnt\n|faint|p2a: Zacian\n|\n|-weather|RainDance|[upkeep]\n|upkeep\n|\n|t:|1697618005\n|switch|p2a: Magearna|Magearna|100\/100\n|-damage|p2a: Magearna|94\/100|[from] Stealth Rock\n|-damage|p2a: Magearna|82\/100|[from] Spikes\n|turn|8\n|\n|t:|1697618012\n|switch|p1a: Magearna|Magearna|100\/100\n|-damage|p1a: Magearna|88\/100|[from] Spikes\n|move|p2a: Magearna|Draining Kiss|p1a: Magearna\n|-resisted|p1a: Magearna\n|-damage|p1a: Magearna|81\/100\n|-heal|p2a: Magearna|87\/100|[from] drain|[of] p1a: Magearna\n|\n|-weather|none\n|upkeep\n|turn|9\n|inactive|LuukTheGamer has 210 seconds left.\n|\n|t:|1697618044\n|switch|p2a: Dugtrio|Dugtrio, F, shiny|100\/100\n|-damage|p2a: Dugtrio|94\/100|[from] Stealth Rock\n|-damage|p2a: Dugtrio|82\/100|[from] Spikes\n|move|p1a: Magearna|Volt Switch|p2a: Dugtrio\n|-immune|p2a: Dugtrio\n|\n|upkeep\n|turn|10\n|\n|t:|1697618054\n|move|p2a: Dugtrio|Earthquake|p1a: Magearna\n|-supereffective|p1a: Magearna\n|-damage|p1a: Magearna|0 fnt\n|faint|p1a: Magearna\n|\n|upkeep\n|\n|t:|1697618061\n|switch|p1a: Pelipper|Pelipper, F|44\/100\n|-weather|RainDance|[from] ability: Drizzle|[of] p1a: Pelipper\n|turn|11\n|inactive|LuukTheGamer has 210 seconds left.\n|\n|t:|1697618066\n|switch|p2a: Ogerpon|Ogerpon-Wellspring, F|77\/100\n|-damage|p2a: Ogerpon|64\/100|[from] Stealth Rock\n|-damage|p2a: Ogerpon|52\/100|[from] Spikes\n|switch|p1a: Forretress|Forretress, M|100\/100\n|-damage|p1a: Forretress|88\/100|[from] Spikes\n|\n|-weather|RainDance|[upkeep]\n|-heal|p1a: Forretress|94\/100|[from] item: Leftovers\n|upkeep\n|turn|12\n|inactive|LuukTheGamer has 210 seconds left.\n|\n|t:|1697618079\n|move|p2a: Ogerpon|Ivy Cudgel|p1a: Forretress\n|-damage|p1a: Forretress|34\/100\n|move|p1a: Forretress|Volt Switch|p2a: Ogerpon\n|-damage|p2a: Ogerpon|40\/100\n|\n|t:|1697618090\n|switch|p1a: Basculegion|Basculegion-F, F|100\/100|[from] Volt Switch\n|-damage|p1a: Basculegion|88\/100|[from] Spikes\n|\n|-weather|RainDance|[upkeep]\n|upkeep\n|turn|13\n|inactive|LuukTheGamer has 210 seconds left.\n|\n|t:|1697618107\n|move|p2a: Ogerpon|Spiky Shield|p2a: Ogerpon\n|-singleturn|p2a: Ogerpon|move: Protect\n|move|p1a: Basculegion|Last Respects|p2a: Ogerpon\n|-activate|p2a: Ogerpon|move: Protect\n|\n|-weather|RainDance|[upkeep]\n|upkeep\n|turn|14\n|inactive|LuukTheGamer has 210 seconds left.\n|\n|t:|1697618119\n|move|p1a: Basculegion|Last Respects|p2a: Ogerpon\n|-damage|p2a: Ogerpon|0 fnt\n|faint|p2a: Ogerpon\n|\n|-weather|RainDance|[upkeep]\n|upkeep\n|inactive|LuukTheGamer has 210 seconds left.\n|\n|t:|1697618152\n|switch|p2a: Magearna|Magearna|87\/100\n|-damage|p2a: Magearna|81\/100|[from] Stealth Rock\n|-damage|p2a: Magearna|69\/100|[from] Spikes\n|turn|15\n|\n|t:|1697618158\n|move|p1a: Basculegion|Wave Crash|p2a: Magearna\n|-damage|p2a: Magearna|4\/100\n|-damage|p1a: Basculegion|68\/100|[from] Recoil\n|move|p2a: Magearna|Shift Gear|p2a: Magearna\n|-boost|p2a: Magearna|spe|2\n|-boost|p2a: Magearna|atk|1\n|\n|-weather|RainDance|[upkeep]\n|upkeep\n|turn|16\n|\n|t:|1697618168\n|move|p1a: Basculegion|Aqua Jet|p2a: Magearna\n|-damage|p2a: Magearna|0 fnt\n|faint|p2a: Magearna\n|\n|-weather|RainDance|[upkeep]\n|upkeep\n|\n|t:|1697618179\n|switch|p2a: Dugtrio|Dugtrio, F, shiny|82\/100\n|-damage|p2a: Dugtrio|76\/100|[from] Stealth Rock\n|-damage|p2a: Dugtrio|64\/100|[from] Spikes\n|turn|17\n|\n|t:|1697618183\n|move|p1a: Basculegion|Aqua Jet|p2a: Dugtrio\n|-supereffective|p2a: Dugtrio\n|-damage|p2a: Dugtrio|0 fnt\n|faint|p2a: Dugtrio\n|\n|-weather|RainDance|[upkeep]\n|upkeep\n|\n|t:|1697618187\n|switch|p2a: Gholdengo|Gholdengo, shiny|100\/100\n|-damage|p2a: Gholdengo|94\/100|[from] Stealth Rock\n|-item|p2a: Gholdengo|Air Balloon\n|turn|18\n|inactive|LuukTheGamer has 210 seconds left.\n|\n|t:|1697618195\n|-terastallize|p2a: Gholdengo|Fighting\n|move|p1a: Basculegion|Last Respects|p2a: Gholdengo\n|-damage|p2a: Gholdengo|32\/100\n|-enditem|p2a: Gholdengo|Air Balloon\n|move|p2a: Gholdengo|Shadow Ball|p1a: Basculegion\n|-supereffective|p1a: Basculegion\n|-damage|p1a: Basculegion|0 fnt\n|faint|p1a: Basculegion\n|\n|-weather|none\n|upkeep\n|\n|t:|1697618204\n|switch|p1a: Palafin|Palafin-Hero, F|100\/100\n|-damage|p1a: Palafin|88\/100|[from] Spikes\n|-activate|p1a: Palafin|ability: Zero to Hero\n|turn|19\n|c|\u2606oopsalldeoxys|GG\n|inactive|LuukTheGamer has 210 seconds left.\n|\n|t:|1697618220\n|-terastallize|p1a: Palafin|Water\n|move|p1a: Palafin|Jet Punch|p2a: Gholdengo\n|-damage|p2a: Gholdengo|0 fnt\n|faint|p2a: Gholdengo\n|\n|upkeep\n|\n|t:|1697618223\n|switch|p2a: Arceus|Arceus-Fire, shiny|69\/100\n|-damage|p2a: Arceus|44\/100|[from] Stealth Rock\n|-damage|p2a: Arceus|31\/100|[from] Spikes\n|turn|20\n|c|\u2606LuukTheGamer|gg\n|\n|t:|1697618228\n|move|p1a: Palafin|Jet Punch|p2a: Arceus\n|-supereffective|p2a: Arceus\n|-damage|p2a: Arceus|0 fnt\n|faint|p2a: Arceus\n|\n|win|oopsalldeoxys\n|l|\u2606oopsalldeoxys\n|j|\u2606oopsalldeoxys\n|player|p1|oopsalldeoxys|zinnia\n","uploadtime":1697618485,"views":25,"p1id":"oopsalldeoxys","p2id":"luukthegamer","formatid":"gen9ubers","rating":0,"private":0,"password":""}