{"id":"gen9ubers-1996646863","p1":"sweepy boi","p2":"Inarinokamen","format":"[Gen 9] Ubers","log":"|j|\u2606sweepy boi\n|j|\u2606Inarinokamen\n|t:|1700704766\n|gametype|singles\n|player|p1|sweepy boi|skyla|\n|player|p2|Inarinokamen|red-masters2|\n|teamsize|p1|6\n|teamsize|p2|6\n|gen|9\n|tier|[Gen 9] Ubers\n|rule|Sleep Clause Mod: Limit one foe put to sleep\n|rule|Species Clause: Limit one of each Pok\u00e9mon\n|rule|OHKO Clause: OHKO moves are banned\n|rule|Evasion Items Clause: Evasion items are banned\n|rule|Evasion Moves Clause: Evasion moves are banned\n|rule|Endless Battle Clause: Forcing endless battles is banned\n|rule|HP Percentage Mod: HP is shown in percentages\n|clearpoke\n|poke|p1|Cramorant, F|\n|poke|p1|Roaring Moon|\n|poke|p1|Blissey, F|\n|poke|p1|Landorus-Therian, M|\n|poke|p1|Basculegion, M|\n|poke|p1|Weezing-Galar, M|\n|poke|p2|Calyrex-Ice|\n|poke|p2|Arcanine-Hisui, F|\n|poke|p2|Zoroark-Hisui, F|\n|poke|p2|Walking Wake|\n|poke|p2|Lurantis, F|\n|poke|p2|Slowking-Galar, F|\n|teampreview\n|inactive|Battle timer is ON: inactive players will automatically lose when time's up. (requested by Inarinokamen)\n|c|\u2606Inarinokamen|GL\n|c|\u2606sweepy boi|glhf\n|c|\u2606Inarinokamen|Sorry I went offline for a sec I\u2019m on mobile\n|inactive|sweepy boi has 270 seconds left.\n|\n|t:|1700704798\n|start\n|switch|p1a: Roaring Moon|Roaring Moon|100\/100\n|switch|p2a: Walking Wake|Walking Wake|100\/100\n|turn|1\n|\n|t:|1700704809\n|-end|p1a: Roaring Moon|Protosynthesis|[silent]\n|switch|p1a: Weezing|Weezing-Galar, M|100\/100\n|move|p2a: Walking Wake|Dragon Claw|p1a: Weezing\n|-immune|p1a: Weezing\n|\n|upkeep\n|turn|2\n|\n|t:|1700704823\n|move|p2a: Walking Wake|Flip Turn|p1a: Weezing\n|-damage|p1a: Weezing|84\/100\n|-damage|p2a: Walking Wake|84\/100|[from] item: Rocky Helmet|[of] p1a: Weezing\n|\n|t:|1700704828\n|-end|p2a: Walking Wake|Protosynthesis|[silent]\n|switch|p2a: Slowking|Slowking-Galar, F|100\/100|[from] Flip Turn\n|move|p1a: Weezing|Strange Steam|p2a: Slowking\n|-resisted|p2a: Slowking\n|-damage|p2a: Slowking|89\/100\n|\n|upkeep\n|turn|3\n|\n|t:|1700704843\n|switch|p1a: Blissey|Blissey, F|100\/100\n|move|p2a: Slowking|Foul Play|p1a: Blissey\n|-damage|p1a: Blissey|99\/100\n|\n|upkeep\n|turn|4\n|\n|t:|1700704850\n|move|p1a: Blissey|Thunder Wave|p2a: Slowking\n|-status|p2a: Slowking|par\n|move|p2a: Slowking|Toxic|p1a: Blissey\n|-status|p1a: Blissey|tox\n|\n|-damage|p1a: Blissey|93\/100 tox|[from] psn\n|upkeep\n|turn|5\n|\n|t:|1700704863\n|-curestatus|p1a: Blissey|tox|[from] ability: Natural Cure\n|switch|p1a: Weezing|Weezing-Galar, M|84\/100\n|move|p2a: Slowking|Chilly Reception|p2a: Slowking\n|-weather|Snow\n|\n|t:|1700704873\n|switch|p2a: Calyrex|Calyrex-Ice|100\/100|[from] Chilly Reception\n|-ability|p2a: Calyrex|As One\n|-ability|p2a: Calyrex|Unnerve\n|\n|-weather|Snow|[upkeep]\n|upkeep\n|turn|6\n|\n|t:|1700704882\n|switch|p1a: Cramorant|Cramorant, F|100\/100\n|move|p2a: Calyrex|Calm Mind|p2a: Calyrex\n|-boost|p2a: Calyrex|spa|1\n|-boost|p2a: Calyrex|spd|1\n|\n|-weather|Snow|[upkeep]\n|upkeep\n|turn|7\n|\n|t:|1700704887\n|move|p1a: Cramorant|Surf|p2a: Calyrex\n|-formechange|p1a: Cramorant|Cramorant-Gulping|\n|-damage|p2a: Calyrex|86\/100\n|move|p2a: Calyrex|Agility|p2a: Calyrex\n|-boost|p2a: Calyrex|spe|2\n|\n|-weather|Snow|[upkeep]\n|-heal|p2a: Calyrex|93\/100|[from] item: Leftovers\n|upkeep\n|turn|8\n|\n|t:|1700704893\n|move|p2a: Calyrex|Calm Mind|p2a: Calyrex\n|-boost|p2a: Calyrex|spa|1\n|-boost|p2a: Calyrex|spd|1\n|move|p1a: Cramorant|Stockpile|p1a: Cramorant\n|-start|p1a: Cramorant|stockpile1\n|-boost|p1a: Cramorant|def|1\n|-boost|p1a: Cramorant|spd|1\n|\n|-weather|Snow|[upkeep]\n|-heal|p2a: Calyrex|99\/100|[from] item: Leftovers\n|upkeep\n|turn|9\n|\n|t:|1700704901\n|move|p2a: Calyrex|Agility|p2a: Calyrex\n|-boost|p2a: Calyrex|spe|2\n|move|p1a: Cramorant|Stockpile|p1a: Cramorant\n|-start|p1a: Cramorant|stockpile2\n|-boost|p1a: Cramorant|def|1\n|-boost|p1a: Cramorant|spd|1\n|\n|-weather|none\n|-heal|p2a: Calyrex|100\/100|[from] item: Leftovers\n|upkeep\n|turn|10\n|\n|t:|1700704904\n|move|p2a: Calyrex|Agility|p2a: Calyrex\n|-boost|p2a: Calyrex|spe|2\n|move|p1a: Cramorant|Stockpile|p1a: Cramorant\n|-start|p1a: Cramorant|stockpile3\n|-boost|p1a: Cramorant|def|1\n|-boost|p1a: Cramorant|spd|1\n|\n|upkeep\n|turn|11\n|\n|t:|1700704912\n|move|p2a: Calyrex|Calm Mind|p2a: Calyrex\n|-boost|p2a: Calyrex|spa|1\n|-boost|p2a: Calyrex|spd|1\n|move|p1a: Cramorant|Surf|p2a: Calyrex\n|-damage|p2a: Calyrex|93\/100\n|\n|-heal|p2a: Calyrex|99\/100|[from] item: Leftovers\n|upkeep\n|turn|12\n|\n|t:|1700704916\n|move|p2a: Calyrex|Calm Mind|p2a: Calyrex\n|-boost|p2a: Calyrex|spa|1\n|-boost|p2a: Calyrex|spd|1\n|move|p1a: Cramorant|Surf|p2a: Calyrex\n|-damage|p2a: Calyrex|91\/100\n|\n|-heal|p2a: Calyrex|97\/100|[from] item: Leftovers\n|upkeep\n|turn|13\n|\n|t:|1700704920\n|move|p2a: Calyrex|Calm Mind|p2a: Calyrex\n|-boost|p2a: Calyrex|spa|1\n|-boost|p2a: Calyrex|spd|1\n|move|p1a: Cramorant|Surf|p2a: Calyrex\n|-damage|p2a: Calyrex|90\/100\n|\n|-heal|p2a: Calyrex|96\/100|[from] item: Leftovers\n|upkeep\n|turn|14\n|\n|t:|1700704924\n|move|p2a: Calyrex|Calm Mind|p2a: Calyrex\n|-boost|p2a: Calyrex|spa|1\n|-boost|p2a: Calyrex|spd|1\n|move|p1a: Cramorant|Surf|p2a: Calyrex\n|-damage|p2a: Calyrex|91\/100\n|\n|-heal|p2a: Calyrex|97\/100|[from] item: Leftovers\n|upkeep\n|turn|15\n|\n|t:|1700704928\n|-terastallize|p2a: Calyrex|Psychic\n|move|p2a: Calyrex|Stored Power|p1a: Cramorant\n|-damage|p1a: Cramorant|0 fnt\n|-damage|p2a: Calyrex|72\/100|[from] ability: Gulp Missile|[of] p1a: Cramorant\n|-unboost|p2a: Calyrex|def|1\n|-formechange|p1a: Cramorant|Cramorant|\n|faint|p1a: Cramorant\n|-ability|p2a: Calyrex|Chilling Neigh|boost\n|-boost|p2a: Calyrex|atk|1\n|\n|-heal|p2a: Calyrex|78\/100|[from] item: Leftovers\n|upkeep\n|\n|t:|1700704950\n|switch|p1a: Blissey|Blissey, F|93\/100\n|turn|16\n|\n|t:|1700704959\n|move|p2a: Calyrex|Stored Power|p1a: Blissey\n|-damage|p1a: Blissey|0 fnt\n|faint|p1a: Blissey\n|-ability|p2a: Calyrex|Chilling Neigh|boost\n|-boost|p2a: Calyrex|atk|1\n|\n|-heal|p2a: Calyrex|84\/100|[from] item: Leftovers\n|upkeep\n|c|\u2606sweepy boi|ope\n|\n|t:|1700704971\n|switch|p1a: Landorus|Landorus-Therian, M|100\/100\n|-ability|p1a: Landorus|Intimidate|boost\n|-unboost|p2a: Calyrex|atk|1\n|turn|17\n|\n|t:|1700704979\n|-terastallize|p1a: Landorus|Flying\n|move|p2a: Calyrex|Stored Power|p1a: Landorus\n|-damage|p1a: Landorus|0 fnt\n|faint|p1a: Landorus\n|-ability|p2a: Calyrex|Chilling Neigh|boost\n|-boost|p2a: Calyrex|atk|1\n|\n|-heal|p2a: Calyrex|91\/100|[from] item: Leftovers\n|upkeep\n|\n|t:|1700704985\n|switch|p1a: Roaring Moon|Roaring Moon|100\/100\n|turn|18\n|\n|t:|1700704988\n|move|p2a: Calyrex|Draining Kiss|p1a: Roaring Moon\n|-supereffective|p1a: Roaring Moon\n|-damage|p1a: Roaring Moon|0 fnt\n|-heal|p2a: Calyrex|100\/100|[from] drain|[of] p1a: Roaring Moon\n|faint|p1a: Roaring Moon\n|-end|p1a: Roaring Moon|Protosynthesis|[silent]\n|-ability|p2a: Calyrex|Chilling Neigh|boost\n|-boost|p2a: Calyrex|atk|1\n|\n|upkeep\n|c|\u2606sweepy boi|welp\n|c|\u2606Inarinokamen|I\u2019m sorry soldier\n|c|\u2606sweepy boi|missplayed that\n|c|\u2606sweepy boi|gg\n|c|\u2606Inarinokamen|gg\n|-message|sweepy boi forfeited.\n|\n|win|Inarinokamen\n","uploadtime":1700705012,"views":24,"p1id":"sweepyboi","p2id":"inarinokamen","formatid":"gen9ubers","rating":0,"private":0,"password":""}