{"id":"gen9ubers-1995032473","p1":"qwerman234","p2":"BLACK SSJ2","format":"[Gen 9] Ubers","log":"|j|\u2606qwerman234\n|j|\u2606BLACK SSJ2\n|t:|1700515331\n|gametype|singles\n|player|p1|qwerman234|gambler|1307\n|player|p2|BLACK SSJ2|marlon|1319\n|teamsize|p1|6\n|teamsize|p2|6\n|gen|9\n|tier|[Gen 9] Ubers\n|rated|\n|rule|Sleep Clause Mod: Limit one foe put to sleep\n|rule|Species Clause: Limit one of each Pok\u00e9mon\n|rule|OHKO Clause: OHKO moves are banned\n|rule|Evasion Items Clause: Evasion items are banned\n|rule|Evasion Moves Clause: Evasion moves are banned\n|rule|Endless Battle Clause: Forcing endless battles is banned\n|rule|HP Percentage Mod: HP is shown in percentages\n|clearpoke\n|poke|p1|Arceus|\n|poke|p1|Cyclizar, M|\n|poke|p1|Maushold-Four|\n|poke|p1|Zoroark-Hisui, F|\n|poke|p1|Ditto|\n|poke|p1|Ursaluna-Bloodmoon, M|\n|poke|p2|Sneasler, M|\n|poke|p2|Miraidon|\n|poke|p2|Corviknight, M|\n|poke|p2|Koraidon|\n|poke|p2|Flutter Mane|\n|poke|p2|Blissey, F|\n|teampreview\n|inactive|Battle timer is ON: inactive players will automatically lose when time's up. (requested by qwerman234)\n|\n|t:|1700515362\n|start\n|switch|p1a: toyota corolla|Cyclizar, M|100\/100\n|switch|p2a: Blissey|Blissey, F|100\/100\n|turn|1\n|\n|t:|1700515368\n|move|p1a: toyota corolla|Shed Tail|p1a: toyota corolla\n|-start|p1a: toyota corolla|Substitute|[from] move: Shed Tail\n|-damage|p1a: toyota corolla|50\/100\n|\n|t:|1700515377\n|switch|p1a: family of 4|Maushold-Four|100\/100|[from] Shed Tail\n|move|p2a: Blissey|Stealth Rock|p1a: family of 4\n|-sidestart|p1: qwerman234|move: Stealth Rock\n|\n|upkeep\n|turn|2\n|\n|t:|1700515384\n|switch|p2a: Corviknight|Corviknight, M|100\/100\n|-ability|p2a: Corviknight|Pressure\n|move|p1a: family of 4|Low Kick|p2a: Corviknight\n|-damage|p2a: Corviknight|88\/100\n|-damage|p1a: family of 4|84\/100|[from] item: Rocky Helmet|[of] p2a: Corviknight\n|\n|upkeep\n|turn|3\n|\n|t:|1700515393\n|move|p1a: family of 4|Tidy Up|p1a: family of 4\n|-end|p1a: family of 4|Substitute\n|-sideend|p1: qwerman234|Stealth Rock\n|-activate|p1a: family of 4|move: Tidy Up\n|-boost|p1a: family of 4|atk|1\n|-boost|p1a: family of 4|spe|1\n|move|p2a: Corviknight|U-turn|p1a: family of 4\n|-damage|p1a: family of 4|60\/100\n|\n|t:|1700515403\n|switch|p2a: Miraidon|Miraidon|100\/100|[from] U-turn\n|-fieldstart|move: Electric Terrain|[from] ability: Hadron Engine|[of] p2a: Miraidon\n|\n|upkeep\n|turn|4\n|\n|t:|1700515408\n|move|p2a: Miraidon|Electro Drift|p1a: family of 4\n|-damage|p1a: family of 4|0 fnt\n|faint|p1a: family of 4\n|\n|upkeep\n|\n|t:|1700515412\n|switch|p1a: The bite of 87?!|Ursaluna-Bloodmoon, M|100\/100\n|turn|5\n|\n|t:|1700515432\n|switch|p2a: Flutter Mane|Flutter Mane|100\/100\n|move|p1a: The bite of 87?!|Blood Moon|p2a: Flutter Mane\n|-damage|p2a: Flutter Mane|18\/100\n|\n|upkeep\n|turn|6\n|\n|t:|1700515442\n|-end|p2a: Flutter Mane|Protosynthesis|[silent]\n|switch|p2a: Sneasler|Sneasler, M, shiny|100\/100\n|-enditem|p2a: Sneasler|Electric Seed\n|-boost|p2a: Sneasler|def|1|[from] item: Electric Seed\n|move|p1a: The bite of 87?!|Earth Power|p2a: Sneasler\n|-supereffective|p2a: Sneasler\n|-damage|p2a: Sneasler|0 fnt\n|faint|p2a: Sneasler\n|\n|upkeep\n|\n|t:|1700515449\n|switch|p2a: Koraidon|Koraidon|100\/100\n|-weather|SunnyDay|[from] ability: Orichalcum Pulse|[of] p2a: Koraidon\n|-activate|p2a: Koraidon|Orichalcum Pulse|[source]\n|turn|7\n|\n|t:|1700515459\n|-terastallize|p1a: The bite of 87?!|Ghost\n|move|p2a: Koraidon|Low Kick|p1a: The bite of 87?!\n|-immune|p1a: The bite of 87?!\n|move|p1a: The bite of 87?!|Moonblast|p2a: Koraidon\n|-supereffective|p2a: Koraidon\n|-damage|p2a: Koraidon|0 fnt\n|faint|p2a: Koraidon\n|\n|-weather|SunnyDay|[upkeep]\n|-fieldend|move: Electric Terrain\n|upkeep\n|\n|t:|1700515465\n|switch|p2a: Flutter Mane|Flutter Mane|18\/100\n|-activate|p2a: Flutter Mane|ability: Protosynthesis\n|-start|p2a: Flutter Mane|protosynthesisspe\n|turn|8\n|\n|t:|1700515469\n|move|p2a: Flutter Mane|Shadow Ball|p1a: The bite of 87?!\n|-supereffective|p1a: The bite of 87?!\n|-damage|p1a: The bite of 87?!|0 fnt\n|faint|p1a: The bite of 87?!\n|\n|-weather|SunnyDay|[upkeep]\n|upkeep\n|\n|t:|1700515484\n|switch|p1a: toyota corolla|Cyclizar, M|83\/100\n|turn|9\n|\n|t:|1700515497\n|-end|p2a: Flutter Mane|Protosynthesis|[silent]\n|switch|p2a: Miraidon|Miraidon|100\/100\n|-fieldstart|move: Electric Terrain|[from] ability: Hadron Engine|[of] p2a: Miraidon\n|move|p1a: toyota corolla|U-turn|p2a: Miraidon\n|-damage|p2a: Miraidon|87\/100\n|\n|t:|1700515509\n|switch|p1a: God of llamas|Arceus|100\/100|[from] U-turn\n|\n|-weather|SunnyDay|[upkeep]\n|upkeep\n|turn|10\n|\n|t:|1700515513\n|move|p2a: Miraidon|U-turn|p1a: God of llamas\n|-damage|p1a: God of llamas|92\/100\n|\n|t:|1700515516\n|switch|p2a: Corviknight|Corviknight, M|88\/100|[from] U-turn\n|-ability|p2a: Corviknight|Pressure\n|move|p1a: God of llamas|Swords Dance|p1a: God of llamas\n|-boost|p1a: God of llamas|atk|2\n|\n|-weather|SunnyDay|[upkeep]\n|-heal|p1a: God of llamas|98\/100|[from] item: Leftovers\n|upkeep\n|turn|11\n|\n|t:|1700515524\n|move|p1a: God of llamas|Extreme Speed|p2a: Corviknight\n|-resisted|p2a: Corviknight\n|-damage|p2a: Corviknight|60\/100\n|-damage|p1a: God of llamas|82\/100|[from] item: Rocky Helmet|[of] p2a: Corviknight\n|move|p2a: Corviknight|Body Press|p1a: God of llamas\n|-supereffective|p1a: God of llamas\n|-damage|p1a: God of llamas|52\/100\n|\n|-weather|none\n|-heal|p1a: God of llamas|58\/100|[from] item: Leftovers\n|upkeep\n|turn|12\n|\n|t:|1700515532\n|switch|p1a: toyota corolla|Cyclizar, M|100\/100\n|move|p2a: Corviknight|Roost|p2a: Corviknight\n|-heal|p2a: Corviknight|100\/100\n|-singleturn|p2a: Corviknight|move: Roost\n|\n|upkeep\n|turn|13\n|\n|t:|1700515535\n|move|p1a: toyota corolla|Flamethrower|p2a: Corviknight\n|-supereffective|p2a: Corviknight\n|-damage|p2a: Corviknight|27\/100\n|move|p2a: Corviknight|U-turn|p1a: toyota corolla\n|-resisted|p1a: toyota corolla\n|-damage|p1a: toyota corolla|87\/100\n|replace|p1a: Bamboozled|Zoroark-Hisui, F\n|-end|p1a: Bamboozled|Illusion\n|\n|t:|1700515539\n|switch|p2a: Flutter Mane|Flutter Mane|18\/100|[from] U-turn\n|\n|-fieldend|move: Electric Terrain\n|upkeep\n|turn|14\n|\n|t:|1700515549\n|move|p2a: Flutter Mane|Moonblast|p1a: Bamboozled\n|-damage|p1a: Bamboozled|0 fnt\n|faint|p1a: Bamboozled\n|\n|upkeep\n|\n|t:|1700515553\n|switch|p1a: yoink|Ditto, shiny|100\/100\n|-transform|p1a: yoink|p2a: Flutter Mane|[from] ability: Imposter\n|turn|15\n|\n|t:|1700515557\n|-end|p2a: Flutter Mane|Protosynthesis|[silent]\n|switch|p2a: Blissey|Blissey, F|100\/100\n|move|p1a: yoink|Shadow Ball|p2a: Blissey\n|-immune|p2a: Blissey\n|\n|upkeep\n|turn|16\n|\n|t:|1700515563\n|-end|p1a: yoink|Protosynthesis|[silent]\n|switch|p1a: toyota corolla|Cyclizar, M|100\/100\n|move|p2a: Blissey|Thunder Wave|p1a: toyota corolla|[miss]\n|-miss|p2a: Blissey|p1a: toyota corolla\n|\n|upkeep\n|turn|17\n|\n|t:|1700515570\n|move|p1a: toyota corolla|Shed Tail|p1a: toyota corolla\n|-start|p1a: toyota corolla|Substitute|[from] move: Shed Tail\n|-damage|p1a: toyota corolla|50\/100\n|\n|t:|1700515573\n|switch|p1a: God of llamas|Arceus|58\/100|[from] Shed Tail\n|move|p2a: Blissey|Thunder Wave||[still]\n|-fail|p2a: Blissey\n|\n|-heal|p1a: God of llamas|64\/100|[from] item: Leftovers\n|upkeep\n|turn|18\n|\n|t:|1700515577\n|move|p1a: God of llamas|Swords Dance|p1a: God of llamas\n|-boost|p1a: God of llamas|atk|2\n|move|p2a: Blissey|Seismic Toss|p1a: God of llamas\n|-end|p1a: God of llamas|Substitute\n|\n|-heal|p1a: God of llamas|70\/100|[from] item: Leftovers\n|upkeep\n|turn|19\n|\n|t:|1700515585\n|switch|p2a: Flutter Mane|Flutter Mane|18\/100\n|move|p1a: God of llamas|Extreme Speed|p2a: Flutter Mane\n|-immune|p2a: Flutter Mane\n|\n|-heal|p1a: God of llamas|76\/100|[from] item: Leftovers\n|upkeep\n|turn|20\n|\n|t:|1700515594\n|move|p2a: Flutter Mane|Moonblast|p1a: God of llamas\n|-damage|p1a: God of llamas|27\/100\n|move|p1a: God of llamas|Earthquake|p2a: Flutter Mane\n|-damage|p2a: Flutter Mane|0 fnt\n|faint|p2a: Flutter Mane\n|-end|p2a: Flutter Mane|Protosynthesis|[silent]\n|\n|-heal|p1a: God of llamas|33\/100|[from] item: Leftovers\n|upkeep\n|\n|t:|1700515599\n|switch|p2a: Corviknight|Corviknight, M|27\/100\n|-ability|p2a: Corviknight|Pressure\n|turn|21\n|\n|t:|1700515611\n|-terastallize|p2a: Corviknight|Ghost\n|move|p1a: God of llamas|Extreme Speed|p2a: Corviknight\n|-immune|p2a: Corviknight\n|move|p2a: Corviknight|Roost|p2a: Corviknight\n|-heal|p2a: Corviknight|77\/100\n|\n|-heal|p1a: God of llamas|39\/100|[from] item: Leftovers\n|upkeep\n|turn|22\n|\n|t:|1700515616\n|move|p1a: God of llamas|Earthquake|p2a: Corviknight\n|-damage|p2a: Corviknight|27\/100\n|move|p2a: Corviknight|Body Press|p1a: God of llamas\n|-supereffective|p1a: God of llamas\n|-damage|p1a: God of llamas|5\/100\n|\n|-heal|p1a: God of llamas|12\/100|[from] item: Leftovers\n|upkeep\n|turn|23\n|\n|t:|1700515621\n|move|p1a: God of llamas|Earthquake|p2a: Corviknight\n|-damage|p2a: Corviknight|0 fnt\n|faint|p2a: Corviknight\n|\n|-heal|p1a: God of llamas|18\/100|[from] item: Leftovers\n|upkeep\n|\n|t:|1700515626\n|switch|p2a: Miraidon|Miraidon|87\/100\n|-fieldstart|move: Electric Terrain|[from] ability: Hadron Engine|[of] p2a: Miraidon\n|turn|24\n|\n|t:|1700515629\n|move|p1a: God of llamas|Extreme Speed|p2a: Miraidon\n|-damage|p2a: Miraidon|0 fnt\n|faint|p2a: Miraidon\n|\n|-heal|p1a: God of llamas|24\/100|[from] item: Leftovers\n|upkeep\n|l|\u2606BLACK SSJ2\n|inactive|BLACK SSJ2 disconnected and has a minute to reconnect!\n|player|p2|\n|inactive|BLACK SSJ2 has 30 seconds to reconnect!\n|inactive|BLACK SSJ2 has 20 seconds to reconnect!\n|inactive|BLACK SSJ2 has 15 seconds to reconnect!\n|inactive|BLACK SSJ2 has 10 seconds to reconnect!\n|inactive|BLACK SSJ2 has 5 seconds to reconnect!\n|-message|BLACK SSJ2 lost due to inactivity.\n|\n|win|qwerman234\n|raw|qwerman234's rating: 1307 &rarr; <strong>1328<\/strong><br \/>(+21 for winning)\n|raw|BLACK SSJ2's rating: 1319 &rarr; <strong>1298<\/strong><br \/>(-21 for losing)\n","uploadtime":1700515703,"views":1,"p1id":"qwerman234","p2id":"blackssj2","formatid":"gen9ubers","rating":1298,"private":0,"password":""}