{"id":"gen9ubers-1990219676","p1":"IceColdd","p2":"Steven Stone 007","format":"[Gen 9] Ubers","log":"|j|\u2606IceColdd\n|j|\u2606Steven Stone 007\n|t:|1699939304\n|gametype|singles\n|player|p1|IceColdd|guzma|\n|player|p2|Steven Stone 007|steven|\n|teamsize|p1|6\n|teamsize|p2|6\n|gen|9\n|tier|[Gen 9] Ubers\n|rule|Sleep Clause Mod: Limit one foe put to sleep\n|rule|Species Clause: Limit one of each Pok\u00e9mon\n|rule|OHKO Clause: OHKO moves are banned\n|rule|Evasion Items Clause: Evasion items are banned\n|rule|Evasion Moves Clause: Evasion moves are banned\n|rule|Endless Battle Clause: Forcing endless battles is banned\n|rule|HP Percentage Mod: HP is shown in percentages\n|clearpoke\n|poke|p1|Cyclizar, F|\n|poke|p1|Espathra, F|\n|poke|p1|Spectrier|\n|poke|p1|Palkia-Origin|\n|poke|p1|Palafin, M|\n|poke|p1|Zacian-*|\n|poke|p2|Ninetales-Alola, M|\n|poke|p2|Baxcalibur, M|\n|poke|p2|Cyclizar, M|\n|poke|p2|Magearna|\n|poke|p2|Zacian-*|\n|poke|p2|Arceus-Grass|\n|teampreview\n|inactive|Battle timer is ON: inactive players will automatically lose when time's up. (requested by IceColdd)\n|c|\u2606Steven Stone 007|GL\n|c|\u2606IceColdd|gl hf\n|c|\u2606Steven Stone 007|GL\n|\n|t:|1699939324\n|start\n|switch|p1a: Palafin|Palafin, M|100\/100\n|switch|p2a: Cyclizar|Cyclizar, M|100\/100\n|turn|1\n|\n|t:|1699939339\n|move|p2a: Cyclizar|Shed Tail|p2a: Cyclizar\n|-start|p2a: Cyclizar|Substitute|[from] move: Shed Tail\n|-damage|p2a: Cyclizar|50\/100\n|\n|t:|1699939343\n|switch|p2a: Baxcalibur|Baxcalibur, M|100\/100|[from] Shed Tail\n|move|p1a: Palafin|Flip Turn|p2a: Baxcalibur\n|-resisted|p2a: Baxcalibur\n|-activate|p2a: Baxcalibur|move: Substitute|[damage]\n|\n|t:|1699939349\n|detailschange|p1a: Palafin|Palafin-Hero, M\n|switch|p1a: Spectrier|Spectrier|100\/100|[from] Flip Turn\n|\n|upkeep\n|turn|2\n|\n|t:|1699939354\n|move|p1a: Spectrier|Hex|p2a: Baxcalibur\n|-end|p2a: Baxcalibur|Substitute\n|-damage|p1a: Spectrier|91\/100|[from] item: Life Orb\n|move|p2a: Baxcalibur|Scale Shot|p1a: Spectrier|[miss]\n|-miss|p2a: Baxcalibur|p1a: Spectrier\n|\n|upkeep\n|turn|3\n|\n|t:|1699939369\n|switch|p2a: Magearna|Magearna|100\/100\n|move|p1a: Spectrier|Will-O-Wisp|p2a: Magearna\n|-status|p2a: Magearna|brn\n|\n|-damage|p2a: Magearna|94\/100 brn|[from] brn\n|upkeep\n|turn|4\n|\n|t:|1699939389\n|move|p1a: Spectrier|Hex|p2a: Magearna\n|-damage|p2a: Magearna|35\/100 brn\n|-damage|p1a: Spectrier|81\/100|[from] item: Life Orb\n|move|p2a: Magearna|Thunder Wave|p1a: Spectrier\n|-status|p1a: Spectrier|par\n|\n|-heal|p2a: Magearna|41\/100 brn|[from] item: Leftovers\n|-damage|p2a: Magearna|35\/100 brn|[from] brn\n|upkeep\n|turn|5\n|\n|t:|1699939396\n|switch|p2a: Cyclizar|Cyclizar, M|84\/100\n|move|p1a: Spectrier|Hex|p2a: Cyclizar\n|-immune|p2a: Cyclizar\n|\n|upkeep\n|turn|6\n|\n|t:|1699939402\n|move|p2a: Cyclizar|Shed Tail|p2a: Cyclizar\n|-start|p2a: Cyclizar|Substitute|[from] move: Shed Tail\n|-damage|p2a: Cyclizar|34\/100\n|\n|t:|1699939409\n|switch|p2a: Baxcalibur|Baxcalibur, M|100\/100|[from] Shed Tail\n|move|p1a: Spectrier|Draining Kiss|p2a: Baxcalibur\n|-supereffective|p2a: Baxcalibur\n|-end|p2a: Baxcalibur|Substitute\n|-heal|p1a: Spectrier|99\/100 par|[from] drain|[of] p2a: Baxcalibur\n|-damage|p1a: Spectrier|90\/100 par|[from] item: Life Orb\n|\n|upkeep\n|turn|7\n|\n|t:|1699939437\n|move|p2a: Baxcalibur|Scale Shot|p1a: Spectrier\n|-damage|p1a: Spectrier|70\/100 par\n|-damage|p1a: Spectrier|46\/100 par\n|-damage|p1a: Spectrier|23\/100 par\n|-damage|p1a: Spectrier|3\/100 par\n|-hitcount|p1a: Spectrier|4\n|-unboost|p2a: Baxcalibur|def|1\n|-boost|p2a: Baxcalibur|spe|1\n|move|p1a: Spectrier|Draining Kiss|p2a: Baxcalibur\n|-supereffective|p2a: Baxcalibur\n|-damage|p2a: Baxcalibur|50\/100\n|-heal|p1a: Spectrier|44\/100 par|[from] drain|[of] p2a: Baxcalibur\n|-damage|p1a: Spectrier|34\/100 par|[from] item: Life Orb\n|\n|upkeep\n|turn|8\n|\n|t:|1699939449\n|move|p2a: Baxcalibur|Scale Shot|p1a: Spectrier|[miss]\n|-miss|p2a: Baxcalibur|p1a: Spectrier\n|move|p1a: Spectrier|Draining Kiss|p2a: Baxcalibur\n|-supereffective|p2a: Baxcalibur\n|-damage|p2a: Baxcalibur|0 fnt\n|-heal|p1a: Spectrier|74\/100 par|[from] drain|[of] p2a: Baxcalibur\n|faint|p2a: Baxcalibur\n|-ability|p1a: Spectrier|Grim Neigh|boost\n|-boost|p1a: Spectrier|spa|1\n|-damage|p1a: Spectrier|64\/100 par|[from] item: Life Orb\n|\n|upkeep\n|c|\u2606Steven Stone 007|WTF\n|c|\u2606IceColdd|unfortunate\n|\n|t:|1699939455\n|switch|p2a: Cyclizar|Cyclizar, M|67\/100\n|turn|9\n|\n|t:|1699939460\n|move|p2a: Cyclizar|Shed Tail|p2a: Cyclizar\n|-start|p2a: Cyclizar|Substitute|[from] move: Shed Tail\n|-damage|p2a: Cyclizar|17\/100\n|\n|t:|1699939462\n|switch|p2a: Zacian|Zacian|100\/100|[from] Shed Tail\n|-ability|p2a: Zacian|Intrepid Sword|boost\n|-boost|p2a: Zacian|atk|1\n|cant|p1a: Spectrier|par\n|\n|upkeep\n|turn|10\n|\n|t:|1699939470\n|move|p2a: Zacian|Play Rough|p1a: Spectrier\n|-damage|p1a: Spectrier|0 fnt\n|faint|p1a: Spectrier\n|\n|upkeep\n|\n|t:|1699939490\n|switch|p1a: Zacian|Zacian|100\/100\n|-ability|p1a: Zacian|Intrepid Sword|boost\n|-boost|p1a: Zacian|atk|1\n|turn|11\n|\n|t:|1699939506\n|move|p1a: Zacian|Play Rough|p2a: Zacian\n|-end|p2a: Zacian|Substitute\n|move|p2a: Zacian|Play Rough|p1a: Zacian\n|-damage|p1a: Zacian|43\/100\n|\n|upkeep\n|turn|12\n|\n|t:|1699939516\n|move|p2a: Zacian|Play Rough|p1a: Zacian\n|-damage|p1a: Zacian|0 fnt\n|faint|p1a: Zacian\n|\n|upkeep\n|-message|Steven Stone 007 forfeited.\n|\n|win|IceColdd\n|l|\u2606IceColdd\n","uploadtime":1699939532,"views":7,"p1id":"icecoldd","p2id":"stevenstone007","formatid":"gen9ubers","rating":0,"private":0,"password":""}