{"id":"gen9ubers-1984269102","p1":"Leo Justice","p2":"LadyMaria-Blue","format":"[Gen 9] Ubers","log":"|j|\u2606Leo Justice\n|j|\u2606LadyMaria-Blue\n|t:|1699237100\n|gametype|singles\n|player|p1|Leo Justice|carmine|\n|player|p2|LadyMaria-Blue|cynthia|\n|teamsize|p1|6\n|teamsize|p2|6\n|gen|9\n|tier|[Gen 9] Ubers\n|rule|Sleep Clause Mod: Limit one foe put to sleep\n|rule|Species Clause: Limit one of each Pok\u00e9mon\n|rule|OHKO Clause: OHKO moves are banned\n|rule|Evasion Items Clause: Evasion items are banned\n|rule|Evasion Moves Clause: Evasion moves are banned\n|rule|Endless Battle Clause: Forcing endless battles is banned\n|rule|HP Percentage Mod: HP is shown in percentages\n|clearpoke\n|poke|p1|Dialga|\n|poke|p1|Moltres|\n|poke|p1|Palafin, M|\n|poke|p1|Arceus-Ghost|\n|poke|p1|Cyclizar, M|\n|poke|p1|Chi-Yu|\n|poke|p2|Baxcalibur, F|\n|poke|p2|Milotic, F|\n|poke|p2|Zacian-*|\n|poke|p2|Mandibuzz, F|\n|poke|p2|Arceus-Poison|\n|poke|p2|Magearna|\n|teampreview\n|c|\u2606Leo Justice|Good luck\n|\n|t:|1699237111\n|start\n|switch|p1a: Palafin|Palafin, M|100\/100\n|switch|p2a: Magearna|Magearna|100\/100\n|turn|1\n|\n|t:|1699237116\n|move|p1a: Palafin|Flip Turn|p2a: Magearna\n|-damage|p2a: Magearna|72\/100\n|c|\u2606LadyMaria-Blue|u2\n|\n|t:|1699237121\n|detailschange|p1a: Palafin|Palafin-Hero, M\n|switch|p1a: Cyclizar|Cyclizar, M|100\/100|[from] Flip Turn\n|move|p2a: Magearna|Thunder Wave|p1a: Cyclizar|[miss]\n|-miss|p2a: Magearna|p1a: Cyclizar\n|\n|-heal|p2a: Magearna|78\/100|[from] item: Leftovers\n|upkeep\n|turn|2\n|\n|t:|1699237131\n|move|p1a: Cyclizar|Shed Tail|p1a: Cyclizar\n|-start|p1a: Cyclizar|Substitute|[from] move: Shed Tail\n|-damage|p1a: Cyclizar|50\/100\n|\n|t:|1699237134\n|switch|p1a: Dialga|Dialga|100\/100|[from] Shed Tail\n|-ability|p1a: Dialga|Pressure\n|move|p2a: Magearna|Fleur Cannon|p1a: Dialga\n|-end|p1a: Dialga|Substitute\n|-unboost|p2a: Magearna|spa|2\n|\n|-heal|p2a: Magearna|84\/100|[from] item: Leftovers\n|upkeep\n|turn|3\n|\n|t:|1699237141\n|move|p1a: Dialga|Stealth Rock|p2a: Magearna\n|-sidestart|p2: LadyMaria-Blue|move: Stealth Rock\n|move|p2a: Magearna|Thunder Wave|p1a: Dialga\n|-status|p1a: Dialga|par\n|\n|-heal|p2a: Magearna|90\/100|[from] item: Leftovers\n|upkeep\n|turn|4\n|\n|t:|1699237145\n|move|p2a: Magearna|Spikes|p1a: Dialga\n|-sidestart|p1: Leo Justice|Spikes\n|move|p1a: Dialga|Flash Cannon|p2a: Magearna\n|-damage|p2a: Magearna|66\/100\n|\n|-heal|p2a: Magearna|72\/100|[from] item: Leftovers\n|upkeep\n|turn|5\n|\n|t:|1699237157\n|move|p2a: Magearna|Volt Switch|p1a: Dialga\n|-resisted|p1a: Dialga\n|-damage|p1a: Dialga|97\/100 par\n|\n|t:|1699237166\n|switch|p2a: Milotic|Milotic, F, shiny|100\/100|[from] Volt Switch\n|-damage|p2a: Milotic|88\/100|[from] Stealth Rock\n|move|p1a: Dialga|Flash Cannon|p2a: Milotic\n|-resisted|p2a: Milotic\n|-damage|p2a: Milotic|76\/100\n|\n|-heal|p2a: Milotic|82\/100|[from] item: Leftovers\n|-heal|p1a: Dialga|100\/100 par|[from] item: Leftovers\n|upkeep\n|turn|6\n|\n|t:|1699237176\n|move|p2a: Milotic|Scald|p1a: Dialga\n|-resisted|p1a: Dialga\n|-damage|p1a: Dialga|92\/100 par\n|cant|p1a: Dialga|par\n|\n|-heal|p2a: Milotic|89\/100|[from] item: Leftovers\n|-heal|p1a: Dialga|98\/100 par|[from] item: Leftovers\n|upkeep\n|turn|7\n|\n|t:|1699237184\n|move|p2a: Milotic|Flip Turn|p1a: Dialga\n|-resisted|p1a: Dialga\n|-damage|p1a: Dialga|94\/100 par\n|\n|t:|1699237189\n|switch|p2a: Arceus|Arceus-Poison|100\/100|[from] Flip Turn\n|-damage|p2a: Arceus|88\/100|[from] Stealth Rock\n|cant|p1a: Dialga|par\n|\n|-heal|p1a: Dialga|99\/100 par|[from] item: Leftovers\n|upkeep\n|turn|8\n|\n|t:|1699237195\n|move|p2a: Arceus|Calm Mind|p2a: Arceus\n|-boost|p2a: Arceus|spa|1\n|-boost|p2a: Arceus|spd|1\n|move|p1a: Dialga|Roar|p2a: Arceus\n|drag|p2a: Magearna|Magearna|72\/100\n|-damage|p2a: Magearna|66\/100|[from] Stealth Rock\n|\n|-heal|p2a: Magearna|72\/100|[from] item: Leftovers\n|-heal|p1a: Dialga|100\/100 par|[from] item: Leftovers\n|upkeep\n|turn|9\n|\n|t:|1699237201\n|move|p2a: Magearna|Spikes|p1a: Dialga\n|-sidestart|p1: Leo Justice|Spikes\n|move|p1a: Dialga|Flash Cannon|p2a: Magearna\n|-damage|p2a: Magearna|45\/100\n|\n|-heal|p2a: Magearna|51\/100|[from] item: Leftovers\n|upkeep\n|turn|10\n|\n|t:|1699237206\n|move|p2a: Magearna|Spikes|p1a: Dialga\n|-sidestart|p1: Leo Justice|Spikes\n|move|p1a: Dialga|Flash Cannon|p2a: Magearna\n|-damage|p2a: Magearna|26\/100\n|\n|-heal|p2a: Magearna|32\/100|[from] item: Leftovers\n|upkeep\n|turn|11\n|\n|t:|1699237211\n|move|p2a: Magearna|Volt Switch|p1a: Dialga\n|-resisted|p1a: Dialga\n|-damage|p1a: Dialga|94\/100 par\n|\n|t:|1699237216\n|switch|p2a: Arceus|Arceus-Poison|88\/100|[from] Volt Switch\n|-damage|p2a: Arceus|76\/100|[from] Stealth Rock\n|move|p1a: Dialga|Flash Cannon|p2a: Arceus\n|-damage|p2a: Arceus|49\/100\n|\n|-heal|p1a: Dialga|100\/100 par|[from] item: Leftovers\n|upkeep\n|turn|12\n|\n|t:|1699237224\n|switch|p1a: Moltres|Moltres|100\/100\n|move|p2a: Arceus|Recover|p2a: Arceus\n|-heal|p2a: Arceus|99\/100\n|\n|upkeep\n|turn|13\n|\n|t:|1699237231\n|switch|p2a: Milotic|Milotic, F, shiny|89\/100\n|-damage|p2a: Milotic|76\/100|[from] Stealth Rock\n|switch|p1a: Cyclizar|Cyclizar, M|84\/100\n|\n|-heal|p2a: Milotic|82\/100|[from] item: Leftovers\n|upkeep\n|turn|14\n|\n|t:|1699237239\n|move|p1a: Cyclizar|Rapid Spin|p2a: Milotic\n|-damage|p2a: Milotic|67\/100\n|-boost|p1a: Cyclizar|spe|1\n|-sideend|p1: Leo Justice|Spikes|[from] move: Rapid Spin|[of] p1a: Cyclizar\n|move|p2a: Milotic|Scald|p1a: Cyclizar\n|-resisted|p1a: Cyclizar\n|-damage|p1a: Cyclizar|64\/100\n|\n|-heal|p2a: Milotic|73\/100|[from] item: Leftovers\n|upkeep\n|turn|15\n|\n|t:|1699237246\n|move|p1a: Cyclizar|Shed Tail|p1a: Cyclizar\n|-start|p1a: Cyclizar|Substitute|[from] move: Shed Tail\n|-damage|p1a: Cyclizar|14\/100\n|\n|t:|1699237252\n|switch|p1a: Arceus|Arceus-Ghost|100\/100|[from] Shed Tail\n|move|p2a: Milotic|Scald|p1a: Arceus\n|-activate|p1a: Arceus|move: Substitute|[damage]\n|\n|-heal|p2a: Milotic|79\/100|[from] item: Leftovers\n|upkeep\n|turn|16\n|\n|t:|1699237259\n|move|p1a: Arceus|Swords Dance|p1a: Arceus\n|-boost|p1a: Arceus|atk|2\n|move|p2a: Milotic|Scald|p1a: Arceus\n|-end|p1a: Arceus|Substitute\n|\n|-heal|p2a: Milotic|85\/100|[from] item: Leftovers\n|upkeep\n|turn|17\n|\n|t:|1699237268\n|move|p1a: Arceus|Shadow Claw|p2a: Milotic\n|-crit|p2a: Milotic\n|-damage|p2a: Milotic|0 fnt\n|faint|p2a: Milotic\n|\n|upkeep\n|\n|t:|1699237272\n|switch|p2a: Mandibuzz|Mandibuzz, F, shiny|100\/100\n|turn|18\n|j| Pajoomas!\n|\n|t:|1699237290\n|switch|p1a: Moltres|Moltres|100\/100\n|move|p2a: Mandibuzz|Foul Play|p1a: Moltres\n|-damage|p1a: Moltres|81\/100\n|\n|upkeep\n|turn|19\n|\n|t:|1699237295\n|move|p1a: Moltres|Will-O-Wisp|p2a: Mandibuzz\n|-status|p2a: Mandibuzz|brn\n|move|p2a: Mandibuzz|Defog|p1a: Moltres\n|-unboost|p1a: Moltres|evasion|1\n|-sideend|p2: LadyMaria-Blue|Stealth Rock|[from] move: Defog|[of] p2a: Mandibuzz\n|\n|-damage|p2a: Mandibuzz|94\/100 brn|[from] brn\n|upkeep\n|turn|20\n|\n|t:|1699237303\n|move|p1a: Moltres|U-turn|p2a: Mandibuzz\n|-damage|p2a: Mandibuzz|86\/100 brn\n|\n|t:|1699237332\n|switch|p1a: Dialga|Dialga|100\/100 par|[from] U-turn\n|-ability|p1a: Dialga|Pressure\n|move|p2a: Mandibuzz|U-turn|p1a: Dialga\n|-resisted|p1a: Dialga\n|-damage|p1a: Dialga|98\/100 par\n|\n|t:|1699237346\n|switch|p2a: Zacian|Zacian|100\/100|[from] U-turn\n|-ability|p2a: Zacian|Intrepid Sword|boost\n|-boost|p2a: Zacian|atk|1\n|\n|-heal|p1a: Dialga|100\/100 par|[from] item: Leftovers\n|upkeep\n|turn|21\n|\n|t:|1699237353\n|move|p2a: Zacian|Close Combat|p1a: Dialga\n|-supereffective|p1a: Dialga\n|-damage|p1a: Dialga|0 fnt\n|-unboost|p2a: Zacian|def|1\n|-unboost|p2a: Zacian|spd|1\n|faint|p1a: Dialga\n|\n|upkeep\n|\n|t:|1699237356\n|switch|p1a: Moltres|Moltres|81\/100\n|turn|22\n|\n|t:|1699237359\n|switch|p2a: Mandibuzz|Mandibuzz, F, shiny|86\/100 brn\n|move|p1a: Moltres|Will-O-Wisp|p2a: Mandibuzz|[miss]\n|-miss|p1a: Moltres|p2a: Mandibuzz\n|\n|-damage|p2a: Mandibuzz|79\/100 brn|[from] brn\n|upkeep\n|turn|23\n|\n|t:|1699237364\n|move|p1a: Moltres|U-turn|p2a: Mandibuzz\n|-damage|p2a: Mandibuzz|70\/100 brn\n|\n|t:|1699237367\n|switch|p1a: Cyclizar|Cyclizar, M|47\/100|[from] U-turn\n|move|p2a: Mandibuzz|Foul Play|p1a: Cyclizar\n|-damage|p1a: Cyclizar|25\/100\n|\n|-damage|p2a: Mandibuzz|64\/100 brn|[from] brn\n|upkeep\n|turn|24\n|c| Pajoomas!|hold on, leo why are you playing a game with only 2 defensive pokemon?\n|c|\u2606Leo Justice|?\n|c|\u2606Leo Justice|its a balance team\n|\n|t:|1699237383\n|move|p1a: Cyclizar|Knock Off|p2a: Mandibuzz\n|-resisted|p2a: Mandibuzz\n|-damage|p2a: Mandibuzz|57\/100 brn\n|-enditem|p2a: Mandibuzz|Heavy-Duty Boots|[from] move: Knock Off|[of] p1a: Cyclizar\n|move|p2a: Mandibuzz|Roost|p2a: Mandibuzz\n|-heal|p2a: Mandibuzz|100\/100 brn\n|-singleturn|p2a: Mandibuzz|move: Roost\n|\n|-damage|p2a: Mandibuzz|94\/100 brn|[from] brn\n|upkeep\n|turn|25\n|c| Pajoomas!|This is an outrage\n|\n|t:|1699237389\n|switch|p1a: Moltres|Moltres|81\/100\n|move|p2a: Mandibuzz|U-turn|p1a: Moltres\n|-resisted|p1a: Moltres\n|-damage|p1a: Moltres|80\/100\n|\n|t:|1699237403\n|switch|p2a: Magearna|Magearna|32\/100|[from] U-turn\n|\n|-heal|p2a: Magearna|38\/100|[from] item: Leftovers\n|upkeep\n|turn|26\n|c| Pajoomas!|Where's the blissey, the unaware clef, the eviolite dipplin\n|c|\u2606Leo Justice|So I can't play Balance?\n|\n|t:|1699237419\n|switch|p1a: Palafin|Palafin-Hero, M|100\/100\n|-activate|p1a: Palafin|ability: Zero to Hero\n|move|p2a: Magearna|Thunder Wave|p1a: Palafin\n|-status|p1a: Palafin|par\n|\n|-heal|p2a: Magearna|44\/100|[from] item: Leftovers\n|upkeep\n|turn|27\n|c| Pajoomas!|nope, against the laws of the United States of America\n|j| Flame king 888\n|\n|t:|1699237441\n|move|p2a: Magearna|Spikes|p1a: Palafin\n|-sidestart|p1: Leo Justice|Spikes\n|move|p1a: Palafin|Flip Turn|p2a: Magearna\n|-damage|p2a: Magearna|0 fnt\n|faint|p2a: Magearna\n|c|\u2606Leo Justice|Lmao\n|c| Pajoomas!|joe biden will show up at your door shortly\n|\n|t:|1699237447\n|switch|p1a: Cyclizar|Cyclizar, M|59\/100|[from] Flip Turn\n|\n|upkeep\n|\n|t:|1699237458\n|switch|p2a: Arceus|Arceus-Poison|99\/100\n|turn|28\n|\n|t:|1699237461\n|move|p1a: Cyclizar|Taunt|p2a: Arceus\n|-start|p2a: Arceus|move: Taunt\n|cant|p2a: Arceus|move: Taunt|Calm Mind\n|\n|upkeep\n|turn|29\n|\n|t:|1699237465\n|move|p1a: Cyclizar|Shed Tail|p1a: Cyclizar\n|-start|p1a: Cyclizar|Substitute|[from] move: Shed Tail\n|-damage|p1a: Cyclizar|8\/100\n|\n|t:|1699237468\n|switch|p1a: Arceus|Arceus-Ghost|100\/100|[from] Shed Tail\n|-damage|p1a: Arceus|88\/100|[from] Spikes\n|move|p2a: Arceus|Judgment|p1a: Arceus\n|-resisted|p1a: Arceus\n|-activate|p1a: Arceus|move: Substitute|[damage]\n|\n|upkeep\n|turn|30\n|\n|t:|1699237479\n|switch|p2a: Mandibuzz|Mandibuzz, F, shiny|94\/100 brn\n|move|p1a: Arceus|Swords Dance|p1a: Arceus\n|-boost|p1a: Arceus|atk|2\n|\n|-damage|p2a: Mandibuzz|88\/100 brn|[from] brn\n|upkeep\n|turn|31\n|\n|t:|1699237489\n|-terastallize|p1a: Arceus|Normal\n|move|p1a: Arceus|Extreme Speed|p2a: Mandibuzz\n|-damage|p2a: Mandibuzz|34\/100 brn\n|move|p2a: Mandibuzz|Foul Play|p1a: Arceus\n|-end|p1a: Arceus|Substitute\n|\n|-damage|p2a: Mandibuzz|28\/100 brn|[from] brn\n|upkeep\n|turn|32\n|\n|t:|1699237500\n|move|p1a: Arceus|Extreme Speed|p2a: Mandibuzz\n|-damage|p2a: Mandibuzz|0 fnt\n|faint|p2a: Mandibuzz\n|\n|upkeep\n|\n|t:|1699237504\n|switch|p2a: Zacian|Zacian|100\/100\n|turn|33\n|j| bennymbs\n|\n|t:|1699237510\n|switch|p1a: Moltres|Moltres|80\/100\n|move|p2a: Zacian|Close Combat|p1a: Moltres\n|-resisted|p1a: Moltres\n|-damage|p1a: Moltres|61\/100\n|-unboost|p2a: Zacian|def|1\n|-unboost|p2a: Zacian|spd|1\n|\n|upkeep\n|turn|34\n|\n|t:|1699237518\n|switch|p2a: Arceus|Arceus-Poison|99\/100\n|move|p1a: Moltres|U-turn|p2a: Arceus\n|-resisted|p2a: Arceus\n|-damage|p2a: Arceus|94\/100\n|\n|t:|1699237524\n|switch|p1a: Chi-Yu|Chi-Yu|100\/100|[from] U-turn\n|-damage|p1a: Chi-Yu|88\/100|[from] Spikes\n|-ability|p1a: Chi-Yu|Beads of Ruin\n|\n|upkeep\n|turn|35\n|\n|t:|1699237531\n|move|p1a: Chi-Yu|Overheat|p2a: Arceus\n|-damage|p2a: Arceus|35\/100\n|-unboost|p1a: Chi-Yu|spa|2\n|move|p2a: Arceus|Earth Power|p1a: Chi-Yu\n|-supereffective|p1a: Chi-Yu\n|-damage|p1a: Chi-Yu|36\/100\n|\n|upkeep\n|turn|36\n|\n|t:|1699237544\n|switch|p1a: Arceus|Arceus-Ghost, tera:Normal|88\/100\n|-damage|p1a: Arceus|76\/100|[from] Spikes\n|move|p2a: Arceus|Recover|p2a: Arceus\n|-heal|p2a: Arceus|85\/100\n|\n|upkeep\n|turn|37\n|c|\u2606LadyMaria-Blue|damn that's a bulky chi-yu\n|\n|t:|1699237551\n|move|p2a: Arceus|Earth Power|p1a: Arceus\n|-damage|p1a: Arceus|59\/100\n|move|p1a: Arceus|Swords Dance|p1a: Arceus\n|-boost|p1a: Arceus|atk|2\n|\n|upkeep\n|turn|38\n|\n|t:|1699237558\n|move|p1a: Arceus|Extreme Speed|p2a: Arceus\n|-damage|p2a: Arceus|28\/100\n|move|p2a: Arceus|Earth Power|p1a: Arceus\n|-damage|p1a: Arceus|42\/100\n|\n|upkeep\n|turn|39\n|c|\u2606Leo Justice|Chi-yu has very good special bulk\n|\n|t:|1699237566\n|move|p1a: Arceus|Extreme Speed|p2a: Arceus\n|-damage|p2a: Arceus|0 fnt\n|faint|p2a: Arceus\n|\n|upkeep\n|\n|t:|1699237569\n|switch|p2a: Zacian|Zacian|100\/100\n|turn|40\n|\n|t:|1699237578\n|switch|p1a: Moltres|Moltres|61\/100\n|move|p2a: Zacian|Play Rough|p1a: Moltres\n|-resisted|p1a: Moltres\n|-damage|p1a: Moltres|37\/100\n|\n|upkeep\n|turn|41\n|\n|t:|1699237584\n|move|p2a: Zacian|Play Rough|p1a: Moltres\n|-resisted|p1a: Moltres\n|-damage|p1a: Moltres|13\/100\n|move|p1a: Moltres|U-turn|p2a: Zacian\n|-resisted|p2a: Zacian\n|-damage|p2a: Zacian|94\/100\n|\n|t:|1699237593\n|switch|p1a: Cyclizar|Cyclizar, M|42\/100|[from] U-turn\n|\n|upkeep\n|turn|42\n|\n|t:|1699237597\n|switch|p1a: Moltres|Moltres|13\/100\n|move|p2a: Zacian|Play Rough|p1a: Moltres\n|-resisted|p1a: Moltres\n|-damage|p1a: Moltres|0 fnt\n|-status|p2a: Zacian|brn|[from] ability: Flame Body|[of] p1a: Moltres\n|faint|p1a: Moltres\n|\n|-damage|p2a: Zacian|88\/100 brn|[from] brn\n|upkeep\n|c|\u2606Leo Justice|omg\n|c|\u2606Leo Justice|where flame body\n|c|\u2606LadyMaria-Blue|damn\n|c|\u2606Leo Justice|oh there it is\n|\n|t:|1699237610\n|switch|p1a: Arceus|Arceus-Ghost, tera:Normal|42\/100\n|-damage|p1a: Arceus|30\/100|[from] Spikes\n|turn|43\n|\n|t:|1699237612\n|move|p2a: Zacian|Play Rough|p1a: Arceus\n|-damage|p1a: Arceus|7\/100\n|move|p1a: Arceus|Recover|p1a: Arceus\n|-heal|p1a: Arceus|57\/100\n|\n|-damage|p2a: Zacian|82\/100 brn|[from] brn\n|upkeep\n|turn|44\n|\n|t:|1699237615\n|move|p2a: Zacian|Play Rough|p1a: Arceus\n|-damage|p1a: Arceus|34\/100\n|move|p1a: Arceus|Recover|p1a: Arceus\n|-heal|p1a: Arceus|84\/100\n|\n|-damage|p2a: Zacian|76\/100 brn|[from] brn\n|upkeep\n|turn|45\n|\n|t:|1699237617\n|switch|p2a: Baxcalibur|Baxcalibur, F|100\/100\n|move|p1a: Arceus|Swords Dance|p1a: Arceus\n|-boost|p1a: Arceus|atk|2\n|\n|upkeep\n|turn|46\n|\n|t:|1699237629\n|move|p1a: Arceus|Extreme Speed|p2a: Baxcalibur\n|-damage|p2a: Baxcalibur|16\/100\n|move|p2a: Baxcalibur|Glaive Rush|p1a: Arceus\n|-damage|p1a: Arceus|41\/100\n|-singlemove|p2a: Baxcalibur|Glaive Rush|[silent]\n|\n|upkeep\n|turn|47\n|\n|t:|1699237635\n|move|p1a: Arceus|Extreme Speed|p2a: Baxcalibur\n|-damage|p2a: Baxcalibur|0 fnt\n|faint|p2a: Baxcalibur\n|\n|upkeep\n|\n|t:|1699237636\n|switch|p2a: Zacian|Zacian|76\/100 brn\n|turn|48\n|c|\u2606LadyMaria-Blue|damn\n|\n|t:|1699237641\n|move|p1a: Arceus|Extreme Speed|p2a: Zacian\n|-damage|p2a: Zacian|0 fnt\n|faint|p2a: Zacian\n|\n|win|Leo Justice\n|c|\u2606LadyMaria-Blue|ggs\n|c|\u2606Leo Justice|ggs\n|c|\u2606LadyMaria-Blue|do you got anything i could do better about?\n","uploadtime":1699237665,"views":10,"p1id":"leojustice","p2id":"ladymariablue","formatid":"gen9ubers","rating":0,"private":0,"password":""}