{"id":"gen9ubers-1968337390","p1":"Envymetta_TTV","p2":"Loki08","format":"[Gen 9] Ubers","log":"|j|\u2606Envymetta_TTV\n|j|\u2606Loki08\n|t:|1697407557\n|gametype|singles\n|player|p1|Envymetta_TTV|acetrainer-gen4|1488\n|player|p2|Loki08|nate|1435\n|teamsize|p1|6\n|teamsize|p2|6\n|gen|9\n|tier|[Gen 9] Ubers\n|rated|\n|rule|Sleep Clause Mod: Limit one foe put to sleep\n|rule|Species Clause: Limit one of each Pok\u00e9mon\n|rule|OHKO Clause: OHKO moves are banned\n|rule|Evasion Items Clause: Evasion items are banned\n|rule|Evasion Moves Clause: Evasion moves are banned\n|rule|Endless Battle Clause: Forcing endless battles is banned\n|rule|HP Percentage Mod: HP is shown in percentages\n|clearpoke\n|poke|p1|Shaymin-Sky|\n|poke|p1|Darkrai|\n|poke|p1|Arceus|\n|poke|p1|Dialga-Origin|\n|poke|p1|Giratina-Origin|\n|poke|p1|Garchomp, F|\n|poke|p2|Zacian-*|\n|poke|p2|Miraidon|\n|poke|p2|Arceus|\n|poke|p2|Groudon|\n|poke|p2|Rayquaza|\n|poke|p2|Eternatus|\n|teampreview\n|\n|t:|1697407584\n|start\n|switch|p1a: Darkrai|Darkrai, shiny|100\/100\n|switch|p2a: Miraidon|Miraidon|100\/100\n|-fieldstart|move: Electric Terrain|[from] ability: Hadron Engine|[of] p2a: Miraidon\n|turn|1\n|\n|t:|1697407600\n|switch|p1a: Garchomp|Garchomp, F, shiny|100\/100\n|move|p2a: Miraidon|Taunt|p1a: Garchomp\n|-start|p1a: Garchomp|move: Taunt\n|\n|upkeep\n|turn|2\n|inactive|Battle timer is ON: inactive players will automatically lose when time's up. (requested by Envymetta_TTV)\n|\n|t:|1697407609\n|move|p1a: Garchomp|Earthquake|p2a: Miraidon\n|-supereffective|p2a: Miraidon\n|-damage|p2a: Miraidon|0 fnt\n|faint|p2a: Miraidon\n|\n|upkeep\n|\n|t:|1697407621\n|switch|p2a: Rayquaza|Rayquaza|100\/100\n|-ability|p2a: Rayquaza|Air Lock\n|turn|3\n|\n|t:|1697407626\n|switch|p1a: Dialga|Dialga-Origin, shiny|100\/100\n|-ability|p1a: Dialga|Pressure\n|move|p2a: Rayquaza|Dragon Dance|p2a: Rayquaza\n|-boost|p2a: Rayquaza|atk|1\n|-boost|p2a: Rayquaza|spe|1\n|\n|upkeep\n|turn|4\n|\n|t:|1697407638\n|move|p2a: Rayquaza|Outrage|p1a: Dialga\n|-damage|p1a: Dialga|28\/100\n|move|p1a: Dialga|Trick Room|p1a: Dialga\n|-fieldstart|move: Trick Room|[of] p1a: Dialga\n|\n|upkeep\n|turn|5\n|\n|t:|1697407646\n|move|p1a: Dialga|Dragon Pulse|p2a: Rayquaza\n|-supereffective|p2a: Rayquaza\n|-enditem|p2a: Rayquaza|Focus Sash\n|-damage|p2a: Rayquaza|1\/100\n|move|p2a: Rayquaza|Outrage|p1a: Dialga|[from]lockedmove\n|-damage|p1a: Dialga|0 fnt\n|faint|p1a: Dialga\n|\n|-fieldend|move: Electric Terrain\n|upkeep\n|\n|t:|1697407652\n|switch|p1a: Giratina|Giratina-Origin, shiny|100\/100\n|turn|6\n|\n|t:|1697407659\n|move|p1a: Giratina|Shadow Sneak|p2a: Rayquaza\n|-damage|p2a: Rayquaza|0 fnt\n|faint|p2a: Rayquaza\n|\n|upkeep\n|\n|t:|1697407667\n|switch|p2a: Groudon|Groudon|100\/100\n|-weather|SunnyDay|[from] ability: Drought|[of] p2a: Groudon\n|turn|7\n|\n|t:|1697407675\n|move|p2a: Groudon|Will-O-Wisp|p1a: Giratina\n|-status|p1a: Giratina|brn\n|move|p1a: Giratina|Dragon Tail|p2a: Groudon\n|-damage|p2a: Groudon|87\/100\n|drag|p2a: Arceus|Arceus|100\/100\n|\n|-weather|SunnyDay|[upkeep]\n|-damage|p1a: Giratina|94\/100 brn|[from] brn\n|upkeep\n|turn|8\n|\n|t:|1697407694\n|switch|p2a: Zacian|Zacian-Crowned|100\/100\n|-ability|p2a: Zacian|Intrepid Sword|boost\n|-boost|p2a: Zacian|atk|1\n|move|p1a: Giratina|Dragon Tail|p2a: Zacian\n|-immune|p2a: Zacian\n|\n|-weather|SunnyDay|[upkeep]\n|-damage|p1a: Giratina|88\/100 brn|[from] brn\n|-fieldend|move: Trick Room\n|upkeep\n|turn|9\n|j| Dr.bernardd jr.\n|\n|t:|1697407709\n|move|p2a: Zacian|Swords Dance|p2a: Zacian\n|-boost|p2a: Zacian|atk|2\n|move|p1a: Giratina|Poltergeist|p2a: Zacian\n|-activate|p2a: Zacian|move: Poltergeist|Rusted Sword\n|-damage|p2a: Zacian|66\/100\n|\n|-weather|SunnyDay|[upkeep]\n|-damage|p1a: Giratina|82\/100 brn|[from] brn\n|upkeep\n|turn|10\n|\n|t:|1697407719\n|move|p2a: Zacian|Play Rough|p1a: Giratina\n|-supereffective|p1a: Giratina\n|-damage|p1a: Giratina|0 fnt\n|faint|p1a: Giratina\n|\n|-weather|SunnyDay|[upkeep]\n|upkeep\n|\n|t:|1697407723\n|switch|p1a: Garchomp|Garchomp, F, shiny|100\/100\n|turn|11\n|\n|t:|1697407743\n|switch|p2a: Groudon|Groudon|87\/100\n|move|p1a: Garchomp|Earthquake|p2a: Groudon\n|-damage|p2a: Groudon|51\/100\n|\n|-weather|none\n|upkeep\n|turn|12\n|\n|t:|1697407752\n|switch|p1a: Darkrai|Darkrai, shiny|100\/100\n|move|p2a: Groudon|Will-O-Wisp|p1a: Darkrai\n|-status|p1a: Darkrai|brn\n|\n|-damage|p1a: Darkrai|94\/100 brn|[from] brn\n|upkeep\n|turn|13\n|inactive|Loki08 has 120 seconds left.\n|\n|t:|1697407788\n|move|p1a: Darkrai|Hypnosis|p2a: Groudon|[miss]\n|-miss|p1a: Darkrai|p2a: Groudon\n|move|p2a: Groudon|Stealth Rock|p1a: Darkrai\n|-sidestart|p1: Envymetta_TTV|move: Stealth Rock\n|\n|-damage|p1a: Darkrai|88\/100 brn|[from] brn\n|upkeep\n|turn|14\n|inactive|Loki08 has 120 seconds left.\n|\n|t:|1697407796\n|move|p1a: Darkrai|Hypnosis|p2a: Groudon|[miss]\n|-miss|p1a: Darkrai|p2a: Groudon\n|move|p2a: Groudon|Precipice Blades|p1a: Darkrai\n|-damage|p1a: Darkrai|0 fnt\n|faint|p1a: Darkrai\n|\n|upkeep\n|\n|t:|1697407806\n|switch|p1a: Shaymin|Shaymin-Sky, shiny|100\/100\n|-damage|p1a: Shaymin|76\/100|[from] Stealth Rock\n|turn|15\n|\n|t:|1697407815\n|switch|p2a: Zacian|Zacian-Crowned|66\/100\n|move|p1a: Shaymin|Trailblaze|p2a: Zacian\n|-resisted|p2a: Zacian\n|-damage|p2a: Zacian|58\/100\n|-boost|p1a: Shaymin|spe|1\n|\n|upkeep\n|turn|16\n|\n|t:|1697407825\n|move|p1a: Shaymin|Earth Power|p2a: Zacian\n|-supereffective|p2a: Zacian\n|-damage|p2a: Zacian|0 fnt\n|faint|p2a: Zacian\n|\n|upkeep\n|\n|t:|1697407834\n|switch|p2a: Arceus|Arceus|100\/100\n|turn|17\n|\n|t:|1697407846\n|move|p1a: Shaymin|Air Slash|p2a: Arceus\n|-crit|p2a: Arceus\n|-damage|p2a: Arceus|63\/100\n|cant|p2a: Arceus|flinch\n|\n|upkeep\n|turn|18\n|\n|t:|1697407853\n|move|p1a: Shaymin|Air Slash|p2a: Arceus\n|-damage|p2a: Arceus|40\/100\n|cant|p2a: Arceus|flinch\n|\n|upkeep\n|turn|19\n|\n|t:|1697407860\n|move|p1a: Shaymin|Air Slash|p2a: Arceus\n|-damage|p2a: Arceus|16\/100\n|cant|p2a: Arceus|flinch\n|\n|upkeep\n|turn|20\n|\n|t:|1697407867\n|move|p2a: Arceus|Extreme Speed|p1a: Shaymin\n|-damage|p1a: Shaymin|17\/100\n|move|p1a: Shaymin|Air Slash|p2a: Arceus\n|-damage|p2a: Arceus|0 fnt\n|faint|p2a: Arceus\n|\n|upkeep\n|\n|t:|1697407879\n|switch|p2a: Eternatus|Eternatus|100\/100\n|-ability|p2a: Eternatus|Pressure\n|turn|21\n|\n|t:|1697407889\n|move|p1a: Shaymin|Air Slash|p2a: Eternatus\n|-damage|p2a: Eternatus|68\/100\n|cant|p2a: Eternatus|flinch\n|\n|upkeep\n|turn|22\n|\n|t:|1697407895\n|move|p1a: Shaymin|Air Slash|p2a: Eternatus\n|-damage|p2a: Eternatus|39\/100\n|cant|p2a: Eternatus|flinch\n|\n|upkeep\n|turn|23\n|\n|t:|1697407901\n|-terastallize|p2a: Eternatus|Steel\n|move|p1a: Shaymin|Earth Power|p2a: Eternatus\n|-supereffective|p2a: Eternatus\n|-damage|p2a: Eternatus|0 fnt\n|faint|p2a: Eternatus\n|\n|upkeep\n|\n|t:|1697407908\n|switch|p2a: Groudon|Groudon|51\/100\n|-weather|SunnyDay|[from] ability: Drought|[of] p2a: Groudon\n|turn|24\n|\n|t:|1697407917\n|move|p1a: Shaymin|Seed Flare|p2a: Groudon\n|-supereffective|p2a: Groudon\n|-damage|p2a: Groudon|0 fnt\n|faint|p2a: Groudon\n|\n|win|Envymetta_TTV\n|raw|Envymetta_TTV's rating: 1488 &rarr; <strong>1505<\/strong><br \/>(+17 for winning)\n|raw|Loki08's rating: 1435 &rarr; <strong>1418<\/strong><br \/>(-17 for losing)\n","uploadtime":1697407920,"views":8,"p1id":"envymettattv","p2id":"loki08","formatid":"gen9ubers","rating":1418,"private":0,"password":""}