{"id":"gen9ubers-1976028919","p1":"SephieFox","p2":"SannsyJ","format":"[Gen 9] Ubers","log":"|j|\u2606SephieFox\n|j|\u2606SannsyJ\n|t:|1698257780\n|gametype|singles\n|player|p1|SephieFox|iris-masters|1217\n|player|p2|SannsyJ|plasmagrunt|1110\n|teamsize|p1|6\n|teamsize|p2|6\n|gen|9\n|tier|[Gen 9] Ubers\n|rated|\n|rule|Sleep Clause Mod: Limit one foe put to sleep\n|rule|Species Clause: Limit one of each Pok\u00e9mon\n|rule|OHKO Clause: OHKO moves are banned\n|rule|Evasion Items Clause: Evasion items are banned\n|rule|Evasion Moves Clause: Evasion moves are banned\n|rule|Endless Battle Clause: Forcing endless battles is banned\n|rule|HP Percentage Mod: HP is shown in percentages\n|clearpoke\n|poke|p1|Masquerain, M|\n|poke|p1|Espathra, M|\n|poke|p1|Urshifu-*, F|\n|poke|p1|Landorus, M|\n|poke|p1|Cinderace, F|\n|poke|p1|Zamazenta-*|\n|poke|p2|Bisharp, M|\n|poke|p2|Darkrai|\n|poke|p2|Landorus, M|\n|poke|p2|Ribombee, F|\n|poke|p2|Volcarona, F|\n|poke|p2|Cryogonal|\n|teampreview\n|inactive|Battle timer is ON: inactive players will automatically lose when time's up. (requested by SephieFox)\n|\n|t:|1698257810\n|start\n|switch|p1a: Cinderace|Cinderace, F|100\/100\n|switch|p2a: BabyBee|Ribombee, F, shiny|100\/100\n|turn|1\n|\n|t:|1698257818\n|move|p2a: BabyBee|Stun Spore|p1a: Cinderace\n|-status|p1a: Cinderace|par\n|cant|p1a: Cinderace|par\n|\n|upkeep\n|turn|2\n|\n|t:|1698257825\n|switch|p2a: LandoTrash|Landorus, M|100\/100\n|cant|p1a: Cinderace|par\n|\n|upkeep\n|turn|3\n|\n|t:|1698257829\n|switch|p1a: Masquerain|Masquerain, M|100\/100\n|-ability|p1a: Masquerain|Intimidate|boost\n|-unboost|p2a: LandoTrash|atk|1\n|move|p2a: LandoTrash|Earth Power|p1a: Masquerain\n|-immune|p1a: Masquerain\n|\n|upkeep\n|turn|4\n|\n|t:|1698257842\n|move|p2a: LandoTrash|Nasty Plot|p2a: LandoTrash\n|-boost|p2a: LandoTrash|spa|2\n|move|p1a: Masquerain|Stun Spore|p2a: LandoTrash\n|-status|p2a: LandoTrash|par\n|\n|upkeep\n|turn|5\n|\n|t:|1698257851\n|move|p1a: Masquerain|Sticky Web|p2a: LandoTrash\n|-sidestart|p2: SannsyJ|move: Sticky Web\n|move|p2a: LandoTrash|Psychic|p1a: Masquerain\n|-enditem|p1a: Masquerain|Focus Sash\n|-damage|p1a: Masquerain|1\/100\n|\n|upkeep\n|turn|6\n|\n|t:|1698257854\n|move|p1a: Masquerain|Tailwind|p1a: Masquerain\n|-sidestart|p1: SephieFox|move: Tailwind\n|move|p2a: LandoTrash|Earth Power|p1a: Masquerain\n|-immune|p1a: Masquerain\n|\n|upkeep\n|turn|7\n|c|\u2606SannsyJ|i just misclicked shit\n|\n|t:|1698257866\n|switch|p2a: BabyBee|Ribombee, F, shiny|100\/100\n|-activate|p2a: BabyBee|move: Sticky Web\n|-unboost|p2a: BabyBee|spe|1\n|move|p1a: Masquerain|Sunny Day|p1a: Masquerain\n|-weather|SunnyDay\n|\n|-weather|SunnyDay|[upkeep]\n|upkeep\n|turn|8\n|\n|t:|1698257870\n|switch|p1a: Espathra|Espathra, M|100\/100\n|move|p2a: BabyBee|Sticky Web|p1a: Espathra\n|-sidestart|p1: SephieFox|move: Sticky Web\n|\n|-weather|SunnyDay|[upkeep]\n|upkeep\n|turn|9\n|\n|t:|1698257880\n|move|p1a: Espathra|Calm Mind|p1a: Espathra\n|-boost|p1a: Espathra|spa|1\n|-boost|p1a: Espathra|spd|1\n|move|p2a: BabyBee|Stun Spore|p1a: Espathra|[miss]\n|-miss|p2a: BabyBee|p1a: Espathra\n|\n|-weather|SunnyDay|[upkeep]\n|-sideend|p1: SephieFox|move: Tailwind\n|-ability|p1a: Espathra|Speed Boost|boost\n|-boost|p1a: Espathra|spe|1\n|upkeep\n|turn|10\n|\n|t:|1698257886\n|move|p1a: Espathra|Calm Mind|p1a: Espathra\n|-boost|p1a: Espathra|spa|1\n|-boost|p1a: Espathra|spd|1\n|move|p2a: BabyBee|Stun Spore|p1a: Espathra\n|-status|p1a: Espathra|par\n|\n|-weather|SunnyDay|[upkeep]\n|-ability|p1a: Espathra|Speed Boost|boost\n|-boost|p1a: Espathra|spe|1\n|upkeep\n|turn|11\n|\n|t:|1698257889\n|move|p1a: Espathra|Calm Mind|p1a: Espathra\n|-boost|p1a: Espathra|spa|1\n|-boost|p1a: Espathra|spd|1\n|move|p2a: BabyBee|Tailwind|p2a: BabyBee\n|-sidestart|p2: SannsyJ|move: Tailwind\n|\n|-weather|none\n|-ability|p1a: Espathra|Speed Boost|boost\n|-boost|p1a: Espathra|spe|1\n|upkeep\n|turn|12\n|\n|t:|1698257897\n|move|p2a: BabyBee|Reflect|p2a: BabyBee\n|-sidestart|p2: SannsyJ|Reflect\n|cant|p1a: Espathra|par\n|\n|-ability|p1a: Espathra|Speed Boost|boost\n|-boost|p1a: Espathra|spe|1\n|upkeep\n|turn|13\n|\n|t:|1698257906\n|switch|p2a: Spectre|Darkrai|100\/100\n|-activate|p2a: Spectre|move: Sticky Web\n|-unboost|p2a: Spectre|spe|1\n|move|p1a: Espathra|Calm Mind|p1a: Espathra\n|-boost|p1a: Espathra|spa|1\n|-boost|p1a: Espathra|spd|1\n|\n|-ability|p1a: Espathra|Speed Boost|boost\n|-boost|p1a: Espathra|spe|1\n|upkeep\n|turn|14\n|\n|t:|1698257910\n|-terastallize|p1a: Espathra|Fairy\n|move|p2a: Spectre|Dark Pulse|p1a: Espathra\n|-resisted|p1a: Espathra\n|-damage|p1a: Espathra|89\/100 par\n|move|p1a: Espathra|Dazzling Gleam|p2a: Spectre\n|-supereffective|p2a: Spectre\n|-damage|p2a: Spectre|0 fnt\n|faint|p2a: Spectre\n|\n|-heal|p1a: Espathra|95\/100 par|[from] item: Leftovers\n|-sideend|p2: SannsyJ|move: Tailwind\n|-ability|p1a: Espathra|Speed Boost|boost\n|-boost|p1a: Espathra|spe|1\n|upkeep\n|\n|t:|1698257919\n|switch|p2a: SannsyJ|Bisharp, M|100\/100\n|-activate|p2a: SannsyJ|move: Sticky Web\n|-unboost|p2a: SannsyJ|spe|1\n|-ability|p2a: SannsyJ|Defiant|boost\n|-boost|p2a: SannsyJ|atk|2\n|turn|15\n|\n|t:|1698257924\n|move|p1a: Espathra|Dazzling Gleam|p2a: SannsyJ\n|-enditem|p2a: SannsyJ|Focus Sash\n|-damage|p2a: SannsyJ|1\/100\n|move|p2a: SannsyJ|Iron Head|p1a: Espathra\n|-supereffective|p1a: Espathra\n|-damage|p1a: Espathra|0 fnt\n|faint|p1a: Espathra\n|\n|upkeep\n|\n|t:|1698257932\n|switch|p1a: Zamazenta|Zamazenta|100\/100\n|-activate|p1a: Zamazenta|move: Sticky Web\n|-unboost|p1a: Zamazenta|spe|1\n|-ability|p1a: Zamazenta|Dauntless Shield|boost\n|-boost|p1a: Zamazenta|def|1\n|turn|16\n|\n|t:|1698257941\n|-terastallize|p2a: SannsyJ|Ghost\n|move|p1a: Zamazenta|Crunch|p2a: SannsyJ\n|-supereffective|p2a: SannsyJ\n|-damage|p2a: SannsyJ|0 fnt\n|faint|p2a: SannsyJ\n|\n|-sideend|p2: SannsyJ|Reflect\n|upkeep\n|c|\u2606SannsyJ|pfffffft\n|\n|t:|1698257949\n|switch|p2a: BabyBee|Ribombee, F, shiny|100\/100\n|-activate|p2a: BabyBee|move: Sticky Web\n|-unboost|p2a: BabyBee|spe|1\n|turn|17\n|\n|t:|1698257952\n|switch|p1a: Masquerain|Masquerain, M|1\/100\n|-ability|p1a: Masquerain|Intimidate|boost\n|-unboost|p2a: BabyBee|atk|1\n|move|p2a: BabyBee|Stun Spore|p1a: Masquerain\n|-status|p1a: Masquerain|par\n|\n|upkeep\n|turn|18\n|\n|t:|1698257960\n|switch|p2a: LandoTrash|Landorus, M|100\/100 par\n|move|p1a: Masquerain|Tailwind|p1a: Masquerain\n|-sidestart|p1: SephieFox|move: Tailwind\n|\n|upkeep\n|turn|19\n|\n|t:|1698257969\n|switch|p1a: Landorus|Landorus, M|100\/100\n|move|p2a: LandoTrash|Psychic|p1a: Landorus\n|-damage|p1a: Landorus|34\/100\n|\n|upkeep\n|turn|20\n|\n|t:|1698257975\n|move|p1a: Landorus|Sludge Bomb|p2a: LandoTrash\n|-resisted|p2a: LandoTrash\n|-damage|p2a: LandoTrash|67\/100 par\n|move|p2a: LandoTrash|Psychic|p1a: Landorus\n|-damage|p1a: Landorus|0 fnt\n|faint|p1a: Landorus\n|\n|upkeep\n|\n|t:|1698257985\n|switch|p1a: Urshifu|Urshifu, F|100\/100\n|-activate|p1a: Urshifu|move: Sticky Web\n|-unboost|p1a: Urshifu|spe|1\n|turn|21\n|\n|t:|1698257990\n|move|p1a: Urshifu|Wicked Blow|p2a: LandoTrash\n|-crit|p2a: LandoTrash\n|-damage|p2a: LandoTrash|0 fnt\n|faint|p2a: LandoTrash\n|\n|-sideend|p1: SephieFox|move: Tailwind\n|upkeep\n|\n|t:|1698257992\n|switch|p2a: BabyBee|Ribombee, F, shiny|100\/100\n|-activate|p2a: BabyBee|move: Sticky Web\n|-unboost|p2a: BabyBee|spe|1\n|turn|22\n|\n|t:|1698257998\n|switch|p1a: Cinderace|Cinderace, F|100\/100 par\n|move|p2a: BabyBee|Stun Spore|p1a: Cinderace\n|-fail|p1a: Cinderace|par\n|\n|upkeep\n|turn|23\n|\n|t:|1698258002\n|move|p2a: BabyBee|Reflect|p2a: BabyBee\n|-sidestart|p2: SannsyJ|Reflect\n|move|p1a: Cinderace|Will-O-Wisp|p2a: BabyBee\n|-status|p2a: BabyBee|brn\n|\n|-damage|p2a: BabyBee|94\/100 brn|[from] brn\n|upkeep\n|turn|24\n|\n|t:|1698258006\n|move|p2a: BabyBee|Tailwind|p2a: BabyBee\n|-sidestart|p2: SannsyJ|move: Tailwind\n|move|p1a: Cinderace|U-turn|p2a: BabyBee\n|-resisted|p2a: BabyBee\n|-damage|p2a: BabyBee|87\/100 brn\n|\n|t:|1698258009\n|switch|p1a: Masquerain|Masquerain, M|1\/100 par|[from] U-turn\n|-ability|p1a: Masquerain|Intimidate|boost\n|-unboost|p2a: BabyBee|atk|1\n|\n|-damage|p2a: BabyBee|81\/100 brn|[from] brn\n|upkeep\n|turn|25\n|\n|t:|1698258012\n|switch|p2a: Kawakami|Cryogonal, shiny|100\/100\n|move|p1a: Masquerain|Tailwind|p1a: Masquerain\n|-sidestart|p1: SephieFox|move: Tailwind\n|\n|upkeep\n|turn|26\n|\n|t:|1698258019\n|move|p2a: Kawakami|Rapid Spin|p1a: Masquerain\n|-damage|p1a: Masquerain|0 fnt\n|-boost|p2a: Kawakami|spe|1\n|-sideend|p2: SannsyJ|Sticky Web|[from] move: Rapid Spin|[of] p2a: Kawakami\n|faint|p1a: Masquerain\n|\n|upkeep\n|\n|t:|1698258026\n|switch|p1a: Urshifu|Urshifu, F|100\/100\n|-activate|p1a: Urshifu|move: Sticky Web\n|-unboost|p1a: Urshifu|spe|1\n|turn|27\n|\n|t:|1698258031\n|move|p2a: Kawakami|Freeze-Dry|p1a: Urshifu\n|-damage|p1a: Urshifu|58\/100\n|move|p1a: Urshifu|Wicked Blow|p2a: Kawakami\n|-crit|p2a: Kawakami\n|-damage|p2a: Kawakami|0 fnt\n|faint|p2a: Kawakami\n|\n|-sideend|p2: SannsyJ|Reflect\n|-sideend|p2: SannsyJ|move: Tailwind\n|upkeep\n|\n|t:|1698258034\n|switch|p2a: BabyBee|Ribombee, F, shiny|81\/100 brn\n|turn|28\n|\n|t:|1698258037\n|move|p1a: Urshifu|Wicked Blow|p2a: BabyBee\n|-resisted|p2a: BabyBee\n|-crit|p2a: BabyBee\n|-damage|p2a: BabyBee|28\/100 brn\n|move|p2a: BabyBee|Reflect|p2a: BabyBee\n|-sidestart|p2: SannsyJ|Reflect\n|\n|-damage|p2a: BabyBee|22\/100 brn|[from] brn\n|-sideend|p1: SephieFox|move: Tailwind\n|upkeep\n|turn|29\n|\n|t:|1698258041\n|move|p2a: BabyBee|Sticky Web||[still]\n|-fail|p2a: BabyBee\n|move|p1a: Urshifu|Wicked Blow|p2a: BabyBee\n|-resisted|p2a: BabyBee\n|-crit|p2a: BabyBee\n|-damage|p2a: BabyBee|0 fnt\n|faint|p2a: BabyBee\n|\n|upkeep\n|\n|t:|1698258044\n|switch|p2a: Ladybird Larva|Volcarona, F, shiny|100\/100\n|turn|30\n|\n|t:|1698258050\n|move|p2a: Ladybird Larva|Quiver Dance|p2a: Ladybird Larva\n|-boost|p2a: Ladybird Larva|spa|1\n|-boost|p2a: Ladybird Larva|spd|1\n|-boost|p2a: Ladybird Larva|spe|1\n|move|p1a: Urshifu|Wicked Blow|p2a: Ladybird Larva\n|-crit|p2a: Ladybird Larva\n|-damage|p2a: Ladybird Larva|27\/100\n|-status|p1a: Urshifu|brn|[from] ability: Flame Body|[of] p2a: Ladybird Larva\n|\n|-damage|p1a: Urshifu|52\/100 brn|[from] brn\n|upkeep\n|turn|31\n|\n|t:|1698258056\n|move|p2a: Ladybird Larva|Bug Buzz|p1a: Urshifu\n|-damage|p1a: Urshifu|0 fnt\n|faint|p1a: Urshifu\n|\n|upkeep\n|\n|t:|1698258058\n|switch|p1a: Zamazenta|Zamazenta|100\/100\n|-activate|p1a: Zamazenta|move: Sticky Web\n|-unboost|p1a: Zamazenta|spe|1\n|turn|32\n|\n|t:|1698258064\n|move|p2a: Ladybird Larva|Fiery Dance|p1a: Zamazenta\n|-damage|p1a: Zamazenta|55\/100\n|-boost|p2a: Ladybird Larva|spa|1\n|move|p1a: Zamazenta|Body Press|p2a: Ladybird Larva\n|-resisted|p2a: Ladybird Larva\n|-damage|p2a: Ladybird Larva|18\/100\n|-status|p1a: Zamazenta|brn|[from] ability: Flame Body|[of] p2a: Ladybird Larva\n|\n|-heal|p1a: Zamazenta|62\/100 brn|[from] item: Leftovers\n|-damage|p1a: Zamazenta|55\/100 brn|[from] brn\n|-sideend|p2: SannsyJ|Reflect\n|upkeep\n|turn|33\n|\n|t:|1698258071\n|move|p2a: Ladybird Larva|Fiery Dance|p1a: Zamazenta\n|-damage|p1a: Zamazenta|0 fnt\n|-boost|p2a: Ladybird Larva|spa|1\n|faint|p1a: Zamazenta\n|\n|upkeep\n|\n|t:|1698258073\n|switch|p1a: Cinderace|Cinderace, F|100\/100 par\n|turn|34\n|\n|t:|1698258081\n|move|p2a: Ladybird Larva|Fiery Dance|p1a: Cinderace\n|-resisted|p1a: Cinderace\n|-damage|p1a: Cinderace|44\/100 par\n|cant|p1a: Cinderace|par\n|\n|upkeep\n|turn|35\n|c|\u2606SannsyJ|gg\n|n|!SephieFox|sephiefox\n|-message|SephieFox forfeited.\n|\n|win|SannsyJ\n|raw|SephieFox's rating: 1217 &rarr; <strong>1185<\/strong><br \/>(-32 for losing)\n|raw|SannsyJ's rating: 1110 &rarr; <strong>1142<\/strong><br \/>(+32 for winning)\n","uploadtime":1698258091,"views":9,"p1id":"sephiefox","p2id":"sannsyj","formatid":"gen9ubers","rating":1142,"private":0,"password":""}