{"id":"gen9ubers-1970381988","p1":"IshaNn","p2":"LOLWhale","format":"[Gen 9] Ubers","log":"|j|\u2606IshaNn\n|j|\u2606LOLWhale\n|t:|1697634055\n|gametype|singles\n|player|p1|IshaNn|koga|\n|player|p2|LOLWhale|170|\n|teamsize|p1|6\n|teamsize|p2|6\n|gen|9\n|tier|[Gen 9] Ubers\n|rule|Sleep Clause Mod: Limit one foe put to sleep\n|rule|Species Clause: Limit one of each Pok\u00e9mon\n|rule|OHKO Clause: OHKO moves are banned\n|rule|Evasion Items Clause: Evasion items are banned\n|rule|Evasion Moves Clause: Evasion moves are banned\n|rule|Endless Battle Clause: Forcing endless battles is banned\n|rule|HP Percentage Mod: HP is shown in percentages\n|clearpoke\n|poke|p1|Baxcalibur, M|\n|poke|p1|Great Tusk|\n|poke|p1|Thundurus, M|\n|poke|p1|Ninetales-Alola, F|\n|poke|p1|Empoleon, F|\n|poke|p1|Amoonguss, M|\n|poke|p2|Lycanroc-Dusk, F|\n|poke|p2|Heatran, F|\n|poke|p2|Espeon, F|\n|poke|p2|Froslass, F|\n|poke|p2|Sandy Shocks|\n|poke|p2|Muk-Alola, F|\n|teampreview\n|j| bemoji\n|c| bemoji|im at work make it quick\n|c|\u2606IshaNn|._.\n|\n|t:|1697634168\n|start\n|switch|p1a: Great Tusk|Great Tusk|100\/100\n|switch|p2a: Espeon|Espeon, F|100\/100\n|turn|1\n|\n|t:|1697634192\n|-end|p1a: Great Tusk|Protosynthesis|[silent]\n|switch|p1a: Empoleon|Empoleon, F|100\/100\n|-terastallize|p2a: Espeon|Psychic\n|move|p2a: Espeon|Psychic|p1a: Empoleon\n|-resisted|p1a: Empoleon\n|-damage|p1a: Empoleon|69\/100\n|-unboost|p1a: Empoleon|spd|1\n|-ability|p1a: Empoleon|Competitive|boost\n|-boost|p1a: Empoleon|spa|2\n|\n|-heal|p1a: Empoleon|75\/100|[from] item: Leftovers\n|upkeep\n|turn|2\n|c|\u2606LOLWhale|ah fuck ah shit\n|c|\u2606LOLWhale|uhhhh\n|c|\u2606IshaNn|>:D\n|c|\u2606LOLWhale|cannot believe right\n|c|\u2606LOLWhale|that i coudltn get one flame body\n|\n|t:|1697634336\n|move|p2a: Espeon|Psychic|p1a: Empoleon\n|-resisted|p1a: Empoleon\n|-damage|p1a: Empoleon|25\/100\n|move|p1a: Empoleon|Roost|p1a: Empoleon\n|-heal|p1a: Empoleon|75\/100\n|-singleturn|p1a: Empoleon|move: Roost\n|\n|-heal|p1a: Empoleon|82\/100|[from] item: Leftovers\n|upkeep\n|turn|3\n|c|\u2606LOLWhale|ive been frozen and had every stat drop in the game\n|c|\u2606IshaNn|tbf tho\n|c|\u2606LOLWhale|and the one time i get a stat drop myself\n|c|\u2606LOLWhale|its on this\n|c|\u2606IshaNn|the stat drop benefits you more than me so\n|c| bemoji|complaining never got anyone anywhere!\n|j| The ShaqtusLOL\n|c| bemoji|u got this lolwhale!!!\n|\n|t:|1697634416\n|move|p2a: Espeon|Psychic|p1a: Empoleon\n|-resisted|p1a: Empoleon\n|-damage|p1a: Empoleon|36\/100\n|move|p1a: Empoleon|Roost|p1a: Empoleon\n|-heal|p1a: Empoleon|86\/100\n|-singleturn|p1a: Empoleon|move: Roost\n|\n|-heal|p1a: Empoleon|92\/100|[from] item: Leftovers\n|upkeep\n|turn|4\n|\n|t:|1697634465\n|switch|p2a: Froslass|Froslass, F|100\/100\n|move|p1a: Empoleon|Roost|p1a: Empoleon\n|-heal|p1a: Empoleon|100\/100\n|-singleturn|p1a: Empoleon|move: Roost\n|\n|upkeep\n|turn|5\n|\n|t:|1697634480\n|move|p2a: Froslass|Spikes|p1a: Empoleon\n|-sidestart|p1: IshaNn|Spikes\n|move|p1a: Empoleon|Stealth Rock|p2a: Froslass\n|-sidestart|p2: LOLWhale|move: Stealth Rock\n|\n|upkeep\n|turn|6\n|\n|t:|1697634488\n|move|p2a: Froslass|Spikes|p1a: Empoleon\n|-sidestart|p1: IshaNn|Spikes\n|move|p1a: Empoleon|Surf|p2a: Froslass\n|-enditem|p2a: Froslass|Focus Sash\n|-damage|p2a: Froslass|1\/100\n|-start|p1a: Empoleon|Disable|Surf|[from] ability: Cursed Body|[of] p2a: Froslass\n|\n|upkeep\n|turn|7\n|\n|t:|1697634498\n|move|p2a: Froslass|Spikes|p1a: Empoleon\n|-sidestart|p1: IshaNn|Spikes\n|move|p1a: Empoleon|Flip Turn|p2a: Froslass\n|-damage|p2a: Froslass|0 fnt\n|faint|p2a: Froslass\n|\n|t:|1697634500\n|switch|p1a: Great Tusk|Great Tusk|100\/100|[from] Flip Turn\n|-damage|p1a: Great Tusk|76\/100|[from] Spikes\n|\n|-heal|p1a: Great Tusk|82\/100|[from] item: Leftovers\n|upkeep\n|\n|t:|1697634508\n|switch|p2a: Espeon|Espeon, F, tera:Psychic|100\/100\n|-damage|p2a: Espeon|88\/100|[from] Stealth Rock\n|turn|8\n|\n|t:|1697634532\n|-end|p1a: Great Tusk|Protosynthesis|[silent]\n|switch|p1a: Empoleon|Empoleon, F|100\/100\n|-damage|p1a: Empoleon|75\/100|[from] Spikes\n|move|p2a: Espeon|Psychic|p1a: Empoleon\n|-resisted|p1a: Empoleon\n|-damage|p1a: Empoleon|46\/100\n|\n|-heal|p1a: Empoleon|52\/100|[from] item: Leftovers\n|upkeep\n|turn|9\n|\n|t:|1697634573\n|switch|p2a: Sandy Shocks|Sandy Shocks|100\/100\n|-damage|p2a: Sandy Shocks|94\/100|[from] Stealth Rock\n|move|p1a: Empoleon|Roost|p1a: Empoleon\n|-heal|p1a: Empoleon|100\/100\n|-singleturn|p1a: Empoleon|move: Roost\n|\n|upkeep\n|turn|10\n|\n|t:|1697634609\n|switch|p1a: Great Tusk|Great Tusk|82\/100\n|-damage|p1a: Great Tusk|57\/100|[from] Spikes\n|move|p2a: Sandy Shocks|Earth Power|p1a: Great Tusk\n|-damage|p1a: Great Tusk|0 fnt\n|faint|p1a: Great Tusk\n|-end|p1a: Great Tusk|Protosynthesis|[silent]\n|-damage|p2a: Sandy Shocks|84\/100|[from] item: Life Orb\n|\n|upkeep\n|l|\u2606IshaNn\n|player|p1|\n|c|\u2606LOLWhale|huh\n|c|\u2606LOLWhale|Ishan seems to have dced\n|c| bemoji|timer on\n|c| bemoji|gogogogo\n|j| KaoVT\n|j|\u2606IshaNn\n|player|p1|IshaNn|koga\n|c| KaoVT|hello im ishan\n|\n|t:|1697634828\n|switch|p1a: Thundurus|Thundurus, M|100\/100\n|turn|11\n|\n|t:|1697634878\n|switch|p1a: Amoonguss|Amoonguss, M|100\/100\n|-damage|p1a: Amoonguss|75\/100|[from] Spikes\n|move|p2a: Sandy Shocks|Volt Switch|p1a: Amoonguss\n|-resisted|p1a: Amoonguss\n|-damage|p1a: Amoonguss|53\/100\n|-damage|p2a: Sandy Shocks|74\/100|[from] item: Life Orb\n|\n|t:|1697634906\n|-end|p2a: Sandy Shocks|Protosynthesis|[silent]\n|switch|p2a: Muk|Muk-Alola, F|100\/100|[from] Volt Switch\n|-damage|p2a: Muk|88\/100|[from] Stealth Rock\n|\n|-heal|p1a: Amoonguss|60\/100|[from] item: Black Sludge\n|upkeep\n|turn|12\n|\n|t:|1697634915\n|move|p2a: Muk|Substitute|p2a: Muk\n|-start|p2a: Muk|Substitute\n|-damage|p2a: Muk|63\/100\n|move|p1a: Amoonguss|Spore|p2a: Muk\n|-activate|p2a: Muk|item: Safety Goggles|Spore\n|\n|-heal|p1a: Amoonguss|66\/100|[from] item: Black Sludge\n|upkeep\n|turn|13\n|\n|t:|1697634932\n|switch|p1a: Ninetales|Ninetales-Alola, F|100\/100\n|-damage|p1a: Ninetales|76\/100|[from] Spikes\n|-weather|Snow|[from] ability: Snow Warning|[of] p1a: Ninetales\n|move|p2a: Muk|Knock Off|p1a: Ninetales\n|-resisted|p1a: Ninetales\n|-damage|p1a: Ninetales|56\/100\n|-enditem|p1a: Ninetales|Light Clay|[from] move: Knock Off|[of] p2a: Muk\n|\n|-weather|Snow|[upkeep]\n|upkeep\n|turn|14\n|\n|t:|1697634974\n|switch|p2a: Lycanroc|Lycanroc-Dusk, F|100\/100\n|move|p1a: Ninetales|Aurora Veil|p1a: Ninetales\n|-sidestart|p1: IshaNn|move: Aurora Veil\n|\n|-weather|Snow|[upkeep]\n|upkeep\n|turn|15\n|\n|t:|1697634986\n|switch|p1a: Amoonguss|Amoonguss, M|99\/100\n|-damage|p1a: Amoonguss|74\/100|[from] Spikes\n|move|p2a: Lycanroc|Swords Dance|p2a: Lycanroc\n|-boost|p2a: Lycanroc|atk|2\n|\n|-weather|Snow|[upkeep]\n|-heal|p1a: Amoonguss|80\/100|[from] item: Black Sludge\n|upkeep\n|turn|16\n|j| Oliverpup\n|\n|t:|1697635041\n|move|p2a: Lycanroc|Psychic Fangs|p1a: Amoonguss\n|-sideend|p1: IshaNn|move: Aurora Veil\n|-supereffective|p1a: Amoonguss\n|-damage|p1a: Amoonguss|0 fnt\n|faint|p1a: Amoonguss\n|\n|-weather|Snow|[upkeep]\n|upkeep\n|c|\u2606IshaNn|i always forget\n|c|\u2606IshaNn|that breaks screens\n|c|\u2606IshaNn|and that the move exists even\n|c|\u2606IshaNn|thats gg methinks\n|c| bemoji|never forget mcbomba!!\n|c|\u2606LOLWhale|is it?\n|c| bemoji|u always have a chance!!!\n|\n|t:|1697635123\n|switch|p1a: Empoleon|Empoleon, F|100\/100\n|-damage|p1a: Empoleon|75\/100|[from] Spikes\n|turn|17\n|c|\u2606LOLWhale|idk what your sets are so idk lol\n|\n|t:|1697635132\n|move|p2a: Lycanroc|Close Combat|p1a: Empoleon\n|-supereffective|p1a: Empoleon\n|-damage|p1a: Empoleon|0 fnt\n|-unboost|p2a: Lycanroc|def|1\n|-unboost|p2a: Lycanroc|spd|1\n|faint|p1a: Empoleon\n|\n|-weather|none\n|upkeep\n|c| KaoVT|ishan.. think of your fallen comrades..\n|c| The ShaqtusLOL|oh he has cc on roc yeah thats gg\n|c| KaoVT|the power of friendship..\n|\n|t:|1697635147\n|switch|p1a: Thundurus|Thundurus, M|100\/100\n|turn|18\n|c| KaoVT|channel them through you!!\n|c| bemoji|stone edge miss incoming\n|c| bemoji|unless accelrock kills\n|c| KaoVT|aint no way\n|c|\u2606IshaNn|he can only have one of them\n|\n|t:|1697635192\n|move|p2a: Lycanroc|Accelerock|p1a: Thundurus\n|-supereffective|p1a: Thundurus\n|-damage|p1a: Thundurus|0 fnt\n|faint|p1a: Thundurus\n|\n|upkeep\n|c| bemoji|yikes\n|c|\u2606IshaNn|also yes it kills\n|\n|t:|1697635200\n|switch|p1a: Ninetales|Ninetales-Alola, F|56\/100\n|-damage|p1a: Ninetales|31\/100|[from] Spikes\n|-weather|Snow|[from] ability: Snow Warning|[of] p1a: Ninetales\n|turn|19\n|c| KaoVT|maybe i happened to have been wrong\n|\n|t:|1697635207\n|move|p2a: Lycanroc|Accelerock|p1a: Ninetales\n|-supereffective|p1a: Ninetales\n|-damage|p1a: Ninetales|0 fnt\n|faint|p1a: Ninetales\n|\n|-weather|Snow|[upkeep]\n|upkeep\n|\n|t:|1697635209\n|switch|p1a: Baxcalibur|Baxcalibur, M|100\/100\n|-damage|p1a: Baxcalibur|76\/100|[from] Spikes\n|turn|20\n|c| The ShaqtusLOL|700 attack tough claws\n|c| KaoVT|the power of friendship wasnt enough..\n|c| The ShaqtusLOL|scary\n|\n|t:|1697635234\n|move|p2a: Lycanroc|Close Combat|p1a: Baxcalibur\n|-supereffective|p1a: Baxcalibur\n|-damage|p1a: Baxcalibur|0 fnt\n|-unboost|p2a: Lycanroc|def|1\n|-unboost|p2a: Lycanroc|spd|1\n|faint|p1a: Baxcalibur\n|\n|win|LOLWhale\n|c|\u2606IshaNn|gg\n|c|\u2606LOLWhale|gg\n|l| KaoVT\n|l| The ShaqtusLOL\n|l| Oliverpup\n","uploadtime":1697635323,"views":42,"p1id":"ishann","p2id":"lolwhale","formatid":"gen9ubers","rating":0,"private":0,"password":""}