{"id":"gen9ubers-1978035019","p1":"jjclsp","p2":"GodKmi","format":"[Gen 9] Ubers","log":"|j|\u2606jjclsp\n|j|\u2606GodKmi\n|t:|1698488591\n|gametype|singles\n|player|p1|jjclsp|skyla|1165\n|player|p2|GodKmi|saguaro|1265\n|teamsize|p1|6\n|teamsize|p2|6\n|gen|9\n|tier|[Gen 9] Ubers\n|rated|\n|rule|Sleep Clause Mod: Limit one foe put to sleep\n|rule|Species Clause: Limit one of each Pok\u00e9mon\n|rule|OHKO Clause: OHKO moves are banned\n|rule|Evasion Items Clause: Evasion items are banned\n|rule|Evasion Moves Clause: Evasion moves are banned\n|rule|Endless Battle Clause: Forcing endless battles is banned\n|rule|HP Percentage Mod: HP is shown in percentages\n|clearpoke\n|poke|p1|Ogerpon-Hearthflame, F|\n|poke|p1|Zacian-*|\n|poke|p1|Torkoal, M|\n|poke|p1|Koraidon|\n|poke|p1|Chi-Yu|\n|poke|p1|Zamazenta-*|\n|poke|p2|Calyrex-Ice|\n|poke|p2|Arceus|\n|poke|p2|Giratina|\n|poke|p2|Ditto|\n|poke|p2|Koraidon|\n|poke|p2|Miraidon|\n|teampreview\n|\n|t:|1698488616\n|start\n|switch|p1a: Torkoal|Torkoal, M|100\/100\n|switch|p2a: Arceus|Arceus|100\/100\n|-weather|SunnyDay|[from] ability: Drought|[of] p1a: Torkoal\n|turn|1\n|\n|t:|1698488627\n|move|p2a: Arceus|Earth Power|p1a: Torkoal\n|-supereffective|p1a: Torkoal\n|-damage|p1a: Torkoal|26\/100\n|move|p1a: Torkoal|Yawn|p2a: Arceus\n|-start|p2a: Arceus|move: Yawn|[of] p1a: Torkoal\n|\n|-weather|SunnyDay|[upkeep]\n|upkeep\n|turn|2\n|\n|t:|1698488637\n|switch|p2a: Miraidon|Miraidon|100\/100\n|-fieldstart|move: Electric Terrain|[from] ability: Hadron Engine|[of] p2a: Miraidon\n|switch|p1a: Ogerpon|Ogerpon-Hearthflame, F|100\/100\n|-ability|p1a: Ogerpon|Mold Breaker\n|\n|-weather|SunnyDay|[upkeep]\n|upkeep\n|turn|3\n|\n|t:|1698488649\n|-terastallize|p2a: Miraidon|Dragon\n|move|p2a: Miraidon|Draco Meteor|p1a: Ogerpon\n|-damage|p1a: Ogerpon|0 fnt\n|-unboost|p2a: Miraidon|spa|2\n|-enditem|p2a: Miraidon|Eject Pack\n|faint|p1a: Ogerpon\n|\n|t:|1698488654\n|switch|p2a: Koraidon|Koraidon|100\/100\n|-activate|p2a: Koraidon|ability: Orichalcum Pulse\n|\n|-weather|SunnyDay|[upkeep]\n|upkeep\n|\n|t:|1698488680\n|switch|p1a: Chi-Yu|Chi-Yu|100\/100\n|-ability|p1a: Chi-Yu|Beads of Ruin\n|turn|4\n|\n|t:|1698488691\n|move|p2a: Koraidon|Collision Course|p1a: Chi-Yu\n|-supereffective|p1a: Chi-Yu\n|-damage|p1a: Chi-Yu|0 fnt\n|faint|p1a: Chi-Yu\n|\n|-weather|SunnyDay|[upkeep]\n|upkeep\n|\n|t:|1698488709\n|switch|p1a: Zacian|Zacian-Crowned|100\/100\n|-ability|p1a: Zacian|Intrepid Sword|boost\n|-boost|p1a: Zacian|atk|1\n|turn|5\n|\n|t:|1698488738\n|move|p2a: Koraidon|Collision Course|p1a: Zacian\n|-damage|p1a: Zacian|29\/100\n|move|p1a: Zacian|Play Rough|p2a: Koraidon\n|-supereffective|p2a: Koraidon\n|-damage|p2a: Koraidon|0 fnt\n|faint|p2a: Koraidon\n|\n|-weather|SunnyDay|[upkeep]\n|upkeep\n|\n|t:|1698488742\n|switch|p2a: Ditto|Ditto|100\/100\n|-transform|p2a: Ditto|p1a: Zacian|[from] ability: Imposter\n|-ability|p2a: Ditto|Intrepid Sword|boost\n|-boost|p2a: Ditto|atk|1\n|turn|6\n|\n|t:|1698488758\n|-terastallize|p1a: Zacian|Flying\n|move|p2a: Ditto|Play Rough|p1a: Zacian\n|-damage|p1a: Zacian|0 fnt\n|faint|p1a: Zacian\n|\n|-weather|SunnyDay|[upkeep]\n|-fieldend|move: Electric Terrain\n|upkeep\n|-message|jjclsp forfeited.\n|\n|win|GodKmi\n|raw|jjclsp's rating: 1165 &rarr; <strong>1147<\/strong><br \/>(-18 for losing)\n|raw|GodKmi's rating: 1265 &rarr; <strong>1283<\/strong><br \/>(+18 for winning)\n|l|\u2606jjclsp\n","uploadtime":1698488772,"views":14,"p1id":"jjclsp","p2id":"godkmi","formatid":"gen9ubers","rating":1147,"private":0,"password":""}