{"id":"gen9ubers-1999830807","p1":"Rudywastaken","p2":"gatchamon","format":"[Gen 9] Ubers","log":"|j|\u2606Rudywastaken\n|j|\u2606gatchamon\n|t:|1701120752\n|gametype|singles\n|player|p1|Rudywastaken|backersf|\n|player|p2|gatchamon|swimmer-gen4|\n|teamsize|p1|6\n|teamsize|p2|6\n|gen|9\n|tier|[Gen 9] Ubers\n|rule|Sleep Clause Mod: Limit one foe put to sleep\n|rule|Species Clause: Limit one of each Pok\u00e9mon\n|rule|OHKO Clause: OHKO moves are banned\n|rule|Evasion Items Clause: Evasion items are banned\n|rule|Evasion Moves Clause: Evasion moves are banned\n|rule|Endless Battle Clause: Forcing endless battles is banned\n|rule|HP Percentage Mod: HP is shown in percentages\n|clearpoke\n|poke|p1|Scyther, M|\n|poke|p1|Arbok, F|\n|poke|p1|Lilligant-Hisui, F|\n|poke|p1|Squawkabilly, F|\n|poke|p1|Mew|\n|poke|p1|Appletun, F|\n|poke|p2|Lilligant-Hisui, F|\n|poke|p2|Ninetales, F|\n|poke|p2|Charizard, M|\n|poke|p2|Palossand, F|\n|poke|p2|Coalossal, M|\n|poke|p2|Brute Bonnet|\n|teampreview\n|\n|t:|1701120798\n|start\n|switch|p1a: Crybaby|Squawkabilly, F|100\/100\n|switch|p2a: Biggest Pitt|Coalossal, M|100\/100\n|turn|1\n|\n|t:|1701120824\n|move|p1a: Crybaby|Parting Shot|p2a: Biggest Pitt\n|-unboost|p2a: Biggest Pitt|atk|1\n|-unboost|p2a: Biggest Pitt|spa|1\n|\n|t:|1701120827\n|switch|p1a: Skrunk|Appletun, F|100\/100|[from] Parting Shot\n|move|p2a: Biggest Pitt|Stealth Rock|p1a: Skrunk\n|-sidestart|p1: Rudywastaken|move: Stealth Rock\n|\n|upkeep\n|turn|2\n|\n|t:|1701120859\n|switch|p2a: Kat Gravityrush|Ninetales, F|100\/100\n|-weather|SunnyDay|[from] ability: Drought|[of] p2a: Kat Gravityrush\n|move|p1a: Skrunk|Leech Seed|p2a: Kat Gravityrush\n|-start|p2a: Kat Gravityrush|move: Leech Seed\n|\n|-weather|SunnyDay|[upkeep]\n|-damage|p2a: Kat Gravityrush|88\/100|[from] Leech Seed|[of] p1a: Skrunk\n|upkeep\n|turn|3\n|\n|t:|1701120872\n|move|p2a: Kat Gravityrush|Will-O-Wisp|p1a: Skrunk\n|-status|p1a: Skrunk|brn\n|move|p1a: Skrunk|Draco Meteor|p2a: Kat Gravityrush\n|-damage|p2a: Kat Gravityrush|40\/100\n|-unboost|p1a: Skrunk|spa|2\n|\n|-weather|SunnyDay|[upkeep]\n|-damage|p2a: Kat Gravityrush|28\/100|[from] Leech Seed|[of] p1a: Skrunk\n|-damage|p1a: Skrunk|94\/100 brn|[from] brn\n|upkeep\n|turn|4\n|\n|t:|1701120885\n|switch|p2a: Lilimon|Lilligant-Hisui, F|100\/100\n|move|p1a: Skrunk|Draco Meteor|p2a: Lilimon\n|-damage|p2a: Lilimon|57\/100\n|-unboost|p1a: Skrunk|spa|2\n|\n|-weather|SunnyDay|[upkeep]\n|-heal|p2a: Lilimon|63\/100|[from] item: Leftovers\n|-damage|p1a: Skrunk|88\/100 brn|[from] brn\n|upkeep\n|turn|5\n|\n|t:|1701120909\n|switch|p1a: Black Cherry|Arbok, F|100\/100\n|-damage|p1a: Black Cherry|88\/100|[from] Stealth Rock\n|-ability|p1a: Black Cherry|Intimidate|boost\n|-unboost|p2a: Lilimon|atk|1\n|move|p2a: Lilimon|Victory Dance|p2a: Lilimon\n|-boost|p2a: Lilimon|atk|1\n|-boost|p2a: Lilimon|def|1\n|-boost|p2a: Lilimon|spe|1\n|\n|-weather|SunnyDay|[upkeep]\n|-heal|p2a: Lilimon|69\/100|[from] item: Leftovers\n|upkeep\n|turn|6\n|\n|t:|1701120950\n|move|p2a: Lilimon|Solar Blade||[still]\n|-prepare|p2a: Lilimon|Solar Blade\n|-anim|p2a: Lilimon|Solar Blade|p1a: Black Cherry\n|-resisted|p1a: Black Cherry\n|-damage|p1a: Black Cherry|39\/100\n|move|p1a: Black Cherry|Coil|p1a: Black Cherry\n|-boost|p1a: Black Cherry|atk|1\n|-boost|p1a: Black Cherry|def|1\n|-boost|p1a: Black Cherry|accuracy|1\n|\n|-weather|SunnyDay|[upkeep]\n|-heal|p2a: Lilimon|75\/100|[from] item: Leftovers\n|upkeep\n|turn|7\n|\n|t:|1701120968\n|move|p2a: Lilimon|Victory Dance|p2a: Lilimon\n|-boost|p2a: Lilimon|atk|1\n|-boost|p2a: Lilimon|def|1\n|-boost|p2a: Lilimon|spe|1\n|move|p1a: Black Cherry|Gunk Shot|p2a: Lilimon\n|-supereffective|p2a: Lilimon\n|-damage|p2a: Lilimon|0 fnt\n|faint|p2a: Lilimon\n|\n|-weather|SunnyDay|[upkeep]\n|upkeep\n|\n|t:|1701120979\n|switch|p2a: Princess Beach|Palossand, F|100\/100\n|turn|8\n|\n|t:|1701120987\n|move|p1a: Black Cherry|Knock Off|p2a: Princess Beach\n|-supereffective|p2a: Princess Beach\n|-damage|p2a: Princess Beach|44\/100\n|-damage|p1a: Black Cherry|23\/100|[from] item: Rocky Helmet|[of] p2a: Princess Beach\n|-enditem|p2a: Princess Beach|Rocky Helmet|[from] move: Knock Off|[of] p1a: Black Cherry\n|move|p2a: Princess Beach|Earth Power|p1a: Black Cherry\n|-supereffective|p1a: Black Cherry\n|-damage|p1a: Black Cherry|0 fnt\n|faint|p1a: Black Cherry\n|\n|-weather|SunnyDay|[upkeep]\n|upkeep\n|\n|t:|1701121020\n|switch|p1a: Bayou Lilly|Lilligant-Hisui, F|100\/100\n|-damage|p1a: Bayou Lilly|95\/100|[from] Stealth Rock\n|turn|9\n|\n|t:|1701121050\n|move|p1a: Bayou Lilly|Mega Kick|p2a: Princess Beach\n|-immune|p2a: Princess Beach\n|move|p2a: Princess Beach|Shore Up|p2a: Princess Beach\n|-heal|p2a: Princess Beach|94\/100\n|\n|-weather|none\n|upkeep\n|turn|10\n|\n|t:|1701121064\n|move|p1a: Bayou Lilly|Leaf Blade|p2a: Princess Beach\n|-supereffective|p2a: Princess Beach\n|-damage|p2a: Princess Beach|5\/100\n|move|p2a: Princess Beach|Sunny Day|p2a: Princess Beach\n|-weather|SunnyDay\n|\n|-weather|SunnyDay|[upkeep]\n|upkeep\n|turn|11\n|\n|t:|1701121077\n|switch|p2a: Charizard|Charizard, M|100\/100\n|move|p1a: Bayou Lilly|Leaf Blade|p2a: Charizard\n|-resisted|p2a: Charizard\n|-damage|p2a: Charizard|80\/100\n|\n|-weather|SunnyDay|[upkeep]\n|-damage|p2a: Charizard|68\/100|[from] ability: Solar Power|[of] p2a: Charizard\n|upkeep\n|turn|12\n|\n|t:|1701121102\n|-terastallize|p2a: Charizard|Fire\n|move|p2a: Charizard|Flamethrower|p1a: Bayou Lilly\n|-supereffective|p1a: Bayou Lilly\n|-damage|p1a: Bayou Lilly|0 fnt\n|faint|p1a: Bayou Lilly\n|\n|-weather|SunnyDay|[upkeep]\n|-damage|p2a: Charizard|55\/100|[from] ability: Solar Power|[of] p2a: Charizard\n|upkeep\n|\n|t:|1701121119\n|switch|p1a: Buy One Get One|Scyther, M|100\/100\n|-damage|p1a: Buy One Get One|50\/100|[from] Stealth Rock\n|turn|13\n|\n|t:|1701121126\n|move|p2a: Charizard|Flamethrower|p1a: Buy One Get One\n|-supereffective|p1a: Buy One Get One\n|-damage|p1a: Buy One Get One|0 fnt\n|faint|p1a: Buy One Get One\n|\n|-weather|SunnyDay|[upkeep]\n|-damage|p2a: Charizard|43\/100|[from] ability: Solar Power|[of] p2a: Charizard\n|upkeep\n|\n|t:|1701121135\n|switch|p1a: Skrunk|Appletun, F|88\/100 brn\n|-damage|p1a: Skrunk|76\/100 brn|[from] Stealth Rock\n|turn|14\n|\n|t:|1701121147\n|move|p2a: Charizard|Flamethrower|p1a: Skrunk\n|-damage|p1a: Skrunk|9\/100 brn\n|-enditem|p1a: Skrunk|Sitrus Berry|[eat]\n|-heal|p1a: Skrunk|34\/100 brn|[from] item: Sitrus Berry\n|move|p1a: Skrunk|Draco Meteor|p2a: Charizard|[miss]\n|-miss|p1a: Skrunk|p2a: Charizard\n|\n|-weather|none\n|-damage|p1a: Skrunk|28\/100 brn|[from] brn\n|upkeep\n|turn|15\n|c|\u2606gatchamon|Phew!\n|\n|t:|1701121161\n|move|p2a: Charizard|Flamethrower|p1a: Skrunk\n|-damage|p1a: Skrunk|0 fnt\n|faint|p1a: Skrunk\n|\n|upkeep\n|c|\u2606Rudywastaken|the clutchest dodge\n|\n|t:|1701121173\n|switch|p1a: Crybaby|Squawkabilly, F|100\/100\n|-damage|p1a: Crybaby|76\/100|[from] Stealth Rock\n|turn|16\n|\n|t:|1701121187\n|switch|p2a: Biggest Pitt|Coalossal, M|100\/100\n|move|p1a: Crybaby|Protect||[still]\n|-fail|p1a: Crybaby\n|\n|-status|p1a: Crybaby|brn|[from] item: Flame Orb\n|upkeep\n|turn|17\n|\n|t:|1701121202\n|move|p1a: Crybaby|Dual Wingbeat|p2a: Biggest Pitt\n|-resisted|p2a: Biggest Pitt\n|-damage|p2a: Biggest Pitt|93\/100\n|-resisted|p2a: Biggest Pitt\n|-damage|p2a: Biggest Pitt|87\/100\n|-hitcount|p2a: Biggest Pitt|2\n|move|p2a: Biggest Pitt|Power Gem|p1a: Crybaby\n|-supereffective|p1a: Crybaby\n|-damage|p1a: Crybaby|0 fnt\n|faint|p1a: Crybaby\n|\n|upkeep\n|\n|t:|1701121211\n|switch|p1a: Quesadylan|Mew|100\/100\n|-damage|p1a: Quesadylan|88\/100|[from] Stealth Rock\n|turn|18\n|\n|t:|1701121222\n|switch|p2a: Kat Gravityrush|Ninetales, F|28\/100\n|-weather|SunnyDay|[from] ability: Drought|[of] p2a: Kat Gravityrush\n|move|p1a: Quesadylan|Skill Swap|p2a: Kat Gravityrush\n|-activate|p1a: Quesadylan|move: Skill Swap|Drought|Synchronize|[of] p2a: Kat Gravityrush\n|\n|-weather|SunnyDay|[upkeep]\n|-heal|p1a: Quesadylan|94\/100|[from] item: Leftovers\n|upkeep\n|turn|19\n|\n|t:|1701121233\n|move|p2a: Kat Gravityrush|Encore|p1a: Quesadylan\n|-start|p1a: Quesadylan|Encore\n|move|p1a: Quesadylan|Skill Swap|p2a: Kat Gravityrush\n|-activate|p1a: Quesadylan|move: Skill Swap|Synchronize|Drought|[of] p2a: Kat Gravityrush\n|\n|-weather|SunnyDay|[upkeep]\n|-heal|p1a: Quesadylan|99\/100|[from] item: Leftovers\n|upkeep\n|turn|20\n|\n|t:|1701121244\n|switch|p2a: Haircute|Brute Bonnet|100\/100\n|-activate|p2a: Haircute|ability: Protosynthesis\n|-start|p2a: Haircute|protosynthesisatk\n|move|p1a: Quesadylan|Skill Swap||[still]\n|-fail|p1a: Quesadylan\n|\n|-weather|SunnyDay|[upkeep]\n|-heal|p1a: Quesadylan|100\/100|[from] item: Leftovers\n|upkeep\n|turn|21\n|c|\u2606Rudywastaken|you must kill the mew\n|\n|t:|1701121255\n|move|p1a: Quesadylan|Skill Swap||[still]\n|-fail|p1a: Quesadylan\n|move|p2a: Haircute|Crunch|p1a: Quesadylan\n|-supereffective|p1a: Quesadylan\n|-damage|p1a: Quesadylan|13\/100\n|\n|-weather|SunnyDay|[upkeep]\n|-heal|p1a: Quesadylan|19\/100|[from] item: Leftovers\n|-end|p1a: Quesadylan|Encore\n|upkeep\n|turn|22\n|\n|t:|1701121264\n|move|p1a: Quesadylan|Thunder Wave|p2a: Haircute\n|-status|p2a: Haircute|par\n|move|p2a: Haircute|Crunch|p1a: Quesadylan\n|-supereffective|p1a: Quesadylan\n|-damage|p1a: Quesadylan|0 fnt\n|faint|p1a: Quesadylan\n|\n|win|gatchamon\n","uploadtime":1701121280,"views":10,"p1id":"rudywastaken","p2id":"gatchamon","formatid":"gen9ubers","rating":0,"private":0,"password":""}