{"id":"gen9ubers-1977715304","p1":"SadaShidz\ufe0f","p2":"dracula7","format":"[Gen 9] Ubers","log":"|j|\u203dSadaShidz\ufe0f\n|j|\u2606dracula7\n|t:|1698441498\n|gametype|singles\n|player|p1|SadaShidz\ufe0f|sada-ai|1154\n|player|p2|dracula7|dragontamer|1128\n|teamsize|p1|6\n|teamsize|p2|6\n|gen|9\n|tier|[Gen 9] Ubers\n|rated|\n|rule|Sleep Clause Mod: Limit one foe put to sleep\n|rule|Species Clause: Limit one of each Pok\u00e9mon\n|rule|OHKO Clause: OHKO moves are banned\n|rule|Evasion Items Clause: Evasion items are banned\n|rule|Evasion Moves Clause: Evasion moves are banned\n|rule|Endless Battle Clause: Forcing endless battles is banned\n|rule|HP Percentage Mod: HP is shown in percentages\n|clearpoke\n|poke|p1|Ribombee, M|\n|poke|p1|Shaymin-Sky|\n|poke|p1|Amoonguss, M|\n|poke|p1|Darkrai|\n|poke|p1|Manaphy|\n|poke|p1|Koraidon|\n|poke|p2|Baxcalibur, M|\n|poke|p2|Ursaluna, M|\n|poke|p2|Gliscor, M|\n|poke|p2|Gholdengo|\n|poke|p2|Glimmora, F|\n|poke|p2|Ninetales-Alola, F|\n|teampreview\n|inactive|Battle timer is ON: inactive players will automatically lose when time's up. (requested by SadaShidz\ufe0f)\n|\n|t:|1698441508\n|start\n|switch|p1a: Amoonguss|Amoonguss, M, shiny|100\/100\n|switch|p2a: Floyd|Gholdengo|100\/100\n|turn|1\n|\n|t:|1698441526\n|switch|p1a: Ribombee|Ribombee, M, shiny|100\/100\n|move|p2a: Floyd|Nasty Plot|p2a: Floyd\n|-boost|p2a: Floyd|spa|2\n|\n|upkeep\n|turn|2\n|\n|t:|1698441537\n|move|p1a: Ribombee|Sticky Web|p2a: Floyd\n|-sidestart|p2: dracula7|move: Sticky Web\n|move|p2a: Floyd|Shadow Ball|p1a: Ribombee\n|-enditem|p1a: Ribombee|Focus Sash\n|-damage|p1a: Ribombee|1\/100\n|\n|upkeep\n|turn|3\n|\n|t:|1698441543\n|move|p1a: Ribombee|Moonblast|p2a: Floyd\n|-resisted|p2a: Floyd\n|-damage|p2a: Floyd|82\/100\n|move|p2a: Floyd|Shadow Ball|p1a: Ribombee\n|-damage|p1a: Ribombee|0 fnt\n|faint|p1a: Ribombee\n|\n|upkeep\n|\n|t:|1698441554\n|switch|p1a: Darkrai|Darkrai, shiny|100\/100\n|turn|4\n|\n|t:|1698441559\n|move|p1a: Darkrai|Dark Pulse|p2a: Floyd\n|-supereffective|p2a: Floyd\n|-damage|p2a: Floyd|0 fnt\n|faint|p2a: Floyd\n|\n|upkeep\n|\n|t:|1698441563\n|switch|p2a: Glimmer|Glimmora, F|100\/100\n|-activate|p2a: Glimmer|move: Sticky Web\n|-unboost|p2a: Glimmer|spe|1\n|turn|5\n|\n|t:|1698441566\n|move|p1a: Darkrai|Hypnosis|p2a: Glimmer\n|-status|p2a: Glimmer|slp|[from] move: Hypnosis\n|cant|p2a: Glimmer|slp\n|\n|-damage|p2a: Glimmer|88\/100 slp|[from] ability: Bad Dreams|[of] p1a: Darkrai\n|upkeep\n|turn|6\n|\n|t:|1698441574\n|move|p1a: Darkrai|Calm Mind|p1a: Darkrai\n|-boost|p1a: Darkrai|spa|1\n|-boost|p1a: Darkrai|spd|1\n|-curestatus|p2a: Glimmer|slp|[msg]\n|move|p2a: Glimmer|Mortal Spin|p1a: Darkrai\n|-damage|p1a: Darkrai|92\/100\n|-status|p1a: Darkrai|psn\n|-sideend|p2: dracula7|Sticky Web|[from] move: Mortal Spin|[of] p2a: Glimmer\n|\n|-damage|p1a: Darkrai|80\/100 psn|[from] psn\n|upkeep\n|turn|7\n|\n|t:|1698441590\n|switch|p2a: Aurora|Ninetales-Alola, F, shiny|100\/100\n|-weather|Snow|[from] ability: Snow Warning|[of] p2a: Aurora\n|move|p1a: Darkrai|Hypnosis|p2a: Aurora\n|-status|p2a: Aurora|slp|[from] move: Hypnosis\n|\n|-weather|Snow|[upkeep]\n|-damage|p1a: Darkrai|67\/100 psn|[from] psn\n|-damage|p2a: Aurora|88\/100 slp|[from] ability: Bad Dreams|[of] p1a: Darkrai\n|upkeep\n|turn|8\n|\n|t:|1698441604\n|switch|p2a: Borz|Gliscor, M, shiny|100\/100\n|move|p1a: Darkrai|Dream Eater|p2a: Borz\n|-immune|p2a: Borz\n|\n|-weather|Snow|[upkeep]\n|-damage|p1a: Darkrai|55\/100 psn|[from] psn\n|-status|p2a: Borz|tox|[from] item: Toxic Orb\n|upkeep\n|turn|9\n|\n|t:|1698441609\n|move|p1a: Darkrai|Dark Pulse|p2a: Borz\n|-damage|p2a: Borz|50\/100 tox\n|move|p2a: Borz|Swords Dance|p2a: Borz\n|-boost|p2a: Borz|atk|2\n|\n|-weather|Snow|[upkeep]\n|-damage|p1a: Darkrai|42\/100 psn|[from] psn\n|-heal|p2a: Borz|63\/100 tox|[from] ability: Poison Heal\n|upkeep\n|turn|10\n|\n|t:|1698441628\n|switch|p2a: Aurora|Ninetales-Alola, F, shiny|88\/100 slp\n|move|p1a: Darkrai|Dark Pulse|p2a: Aurora\n|-resisted|p2a: Aurora\n|-damage|p2a: Aurora|57\/100 slp\n|\n|-weather|Snow|[upkeep]\n|-damage|p1a: Darkrai|30\/100 psn|[from] psn\n|-damage|p2a: Aurora|44\/100 slp|[from] ability: Bad Dreams|[of] p1a: Darkrai\n|upkeep\n|turn|11\n|\n|t:|1698441636\n|move|p1a: Darkrai|Calm Mind|p1a: Darkrai\n|-boost|p1a: Darkrai|spa|1\n|-boost|p1a: Darkrai|spd|1\n|cant|p2a: Aurora|slp\n|\n|-weather|none\n|-damage|p1a: Darkrai|17\/100 psn|[from] psn\n|-damage|p2a: Aurora|32\/100 slp|[from] ability: Bad Dreams|[of] p1a: Darkrai\n|upkeep\n|turn|12\n|\n|t:|1698441641\n|move|p1a: Darkrai|Dream Eater|p2a: Aurora\n|-damage|p2a: Aurora|0 fnt\n|-heal|p1a: Darkrai|37\/100 psn|[from] drain|[of] p2a: Aurora\n|faint|p2a: Aurora\n|\n|-damage|p1a: Darkrai|25\/100 psn|[from] psn\n|upkeep\n|\n|t:|1698441649\n|switch|p2a: Glimmer|Glimmora, F|88\/100\n|turn|13\n|\n|t:|1698441654\n|move|p1a: Darkrai|Dark Pulse|p2a: Glimmer\n|-damage|p2a: Glimmer|0 fnt\n|faint|p2a: Glimmer\n|\n|-damage|p1a: Darkrai|12\/100 psn|[from] psn\n|upkeep\n|\n|t:|1698441658\n|switch|p2a: Chizuke|Ursaluna, M, shiny|100\/100\n|turn|14\n|\n|t:|1698441662\n|move|p1a: Darkrai|Hypnosis|p2a: Chizuke\n|-status|p2a: Chizuke|slp|[from] move: Hypnosis\n|cant|p2a: Chizuke|slp\n|\n|-damage|p1a: Darkrai|0 fnt|[from] psn\n|faint|p1a: Darkrai\n|upkeep\n|\n|t:|1698441669\n|switch|p1a: Manaphy|Manaphy, shiny|100\/100\n|turn|15\n|\n|t:|1698441693\n|-terastallize|p2a: Chizuke|Fairy\n|move|p1a: Manaphy|Acid Armor|p1a: Manaphy\n|-boost|p1a: Manaphy|def|2\n|cant|p2a: Chizuke|slp\n|\n|upkeep\n|turn|16\n|\n|t:|1698441698\n|move|p1a: Manaphy|Acid Armor|p1a: Manaphy\n|-boost|p1a: Manaphy|def|2\n|cant|p2a: Chizuke|slp\n|\n|upkeep\n|turn|17\n|\n|t:|1698441703\n|move|p1a: Manaphy|Take Heart|p1a: Manaphy\n|-boost|p1a: Manaphy|spa|1\n|-boost|p1a: Manaphy|spd|1\n|-curestatus|p2a: Chizuke|slp|[msg]\n|move|p2a: Chizuke|Bulk Up|p2a: Chizuke\n|-boost|p2a: Chizuke|atk|1\n|-boost|p2a: Chizuke|def|1\n|\n|upkeep\n|turn|18\n|\n|t:|1698441712\n|move|p1a: Manaphy|Acid Armor|p1a: Manaphy\n|-boost|p1a: Manaphy|def|2\n|move|p2a: Chizuke|Bulk Up|p2a: Chizuke\n|-boost|p2a: Chizuke|atk|1\n|-boost|p2a: Chizuke|def|1\n|\n|upkeep\n|turn|19\n|\n|t:|1698441715\n|move|p1a: Manaphy|Take Heart|p1a: Manaphy\n|-boost|p1a: Manaphy|spa|1\n|-boost|p1a: Manaphy|spd|1\n|move|p2a: Chizuke|Bulk Up|p2a: Chizuke\n|-boost|p2a: Chizuke|atk|1\n|-boost|p2a: Chizuke|def|1\n|\n|upkeep\n|turn|20\n|\n|t:|1698441728\n|move|p1a: Manaphy|Stored Power|p2a: Chizuke\n|-damage|p2a: Chizuke|0 fnt\n|faint|p2a: Chizuke\n|\n|upkeep\n|\n|t:|1698441731\n|switch|p2a: Atlas|Baxcalibur, M, shiny|100\/100\n|turn|21\n|\n|t:|1698441735\n|move|p2a: Atlas|Scale Shot|p1a: Manaphy\n|-damage|p1a: Manaphy|97\/100\n|-damage|p1a: Manaphy|94\/100\n|-damage|p1a: Manaphy|91\/100\n|-damage|p1a: Manaphy|88\/100\n|-damage|p1a: Manaphy|85\/100\n|-hitcount|p1a: Manaphy|5\n|-unboost|p2a: Atlas|def|1\n|-boost|p2a: Atlas|spe|1\n|move|p1a: Manaphy|Stored Power|p2a: Atlas\n|-damage|p2a: Atlas|0 fnt\n|faint|p2a: Atlas\n|\n|-heal|p1a: Manaphy|91\/100|[from] item: Leftovers\n|upkeep\n|\n|t:|1698441741\n|switch|p2a: Borz|Gliscor, M, shiny|63\/100 tox\n|turn|22\n|\n|t:|1698441745\n|-terastallize|p1a: Manaphy|Fairy\n|move|p1a: Manaphy|Scald|p2a: Borz\n|-supereffective|p2a: Borz\n|-damage|p2a: Borz|0 fnt\n|faint|p2a: Borz\n|\n|win|SadaShidz\ufe0f\n|raw|SadaShidz\ufe0f's rating: 1154 &rarr; <strong>1177<\/strong><br \/>(+23 for winning)\n|raw|dracula7's rating: 1128 &rarr; <strong>1105<\/strong><br \/>(-23 for losing)\n|l|\u2606dracula7\n","uploadtime":1698441753,"views":10,"p1id":"sadashidz","p2id":"dracula7","formatid":"gen9ubers","rating":1105,"private":0,"password":""}