{"id":"gen9ubers-1982706173","p1":"lmj12345","p2":"MrDrRubencio","format":"[Gen 9] Ubers","log":"|j|\u2606lmj12345\n|j|\u2606MrDrRubencio\n|t:|1699037436\n|gametype|singles\n|player|p1|lmj12345|170|\n|player|p2|MrDrRubencio|emmet|\n|teamsize|p1|6\n|teamsize|p2|6\n|gen|9\n|tier|[Gen 9] Ubers\n|rule|Sleep Clause Mod: Limit one foe put to sleep\n|rule|Species Clause: Limit one of each Pok\u00e9mon\n|rule|OHKO Clause: OHKO moves are banned\n|rule|Evasion Items Clause: Evasion items are banned\n|rule|Evasion Moves Clause: Evasion moves are banned\n|rule|Endless Battle Clause: Forcing endless battles is banned\n|rule|HP Percentage Mod: HP is shown in percentages\n|clearpoke\n|poke|p1|Zacian-*|\n|poke|p1|Koraidon|\n|poke|p1|Miraidon|\n|poke|p1|Chi-Yu|\n|poke|p1|Arceus-Fairy|\n|poke|p1|Toxapex, F|\n|poke|p2|Koraidon|\n|poke|p2|Chi-Yu|\n|poke|p2|Walking Wake|\n|poke|p2|Miraidon|\n|poke|p2|Zacian-*|\n|poke|p2|Great Tusk|\n|teampreview\n|inactive|Battle timer is ON: inactive players will automatically lose when time's up. (requested by MrDrRubencio)\n|\n|t:|1699037453\n|start\n|switch|p1a: Zacian|Zacian-Crowned, shiny|100\/100\n|switch|p2a: MrGraso|Great Tusk|100\/100\n|-ability|p1a: Zacian|Intrepid Sword|boost\n|-boost|p1a: Zacian|atk|1\n|turn|1\n|\n|t:|1699037479\n|move|p1a: Zacian|Play Rough|p2a: MrGraso\n|-supereffective|p2a: MrGraso\n|-damage|p2a: MrGraso|6\/100\n|-unboost|p2a: MrGraso|atk|1\n|move|p2a: MrGraso|Earthquake|p1a: Zacian\n|-supereffective|p1a: Zacian\n|-damage|p1a: Zacian|41\/100\n|\n|upkeep\n|turn|2\n|\n|t:|1699037488\n|move|p1a: Zacian|Play Rough|p2a: MrGraso\n|-supereffective|p2a: MrGraso\n|-damage|p2a: MrGraso|0 fnt\n|faint|p2a: MrGraso\n|-end|p2a: MrGraso|Protosynthesis|[silent]\n|\n|upkeep\n|\n|t:|1699037493\n|switch|p2a: Doomentio|Koraidon|100\/100\n|-weather|SunnyDay|[from] ability: Orichalcum Pulse|[of] p2a: Doomentio\n|-activate|p2a: Doomentio|Orichalcum Pulse|[source]\n|turn|3\n|\n|t:|1699037510\n|-terastallize|p2a: Doomentio|Fire\n|move|p1a: Zacian|Play Rough|p2a: Doomentio\n|-resisted|p2a: Doomentio\n|-damage|p2a: Doomentio|67\/100\n|move|p2a: Doomentio|Flare Blitz|p1a: Zacian\n|-supereffective|p1a: Zacian\n|-damage|p1a: Zacian|0 fnt\n|faint|p1a: Zacian\n|-damage|p2a: Doomentio|54\/100|[from] Recoil\n|\n|-weather|SunnyDay|[upkeep]\n|upkeep\n|inactive|lmj12345 has 270 seconds left.\n|\n|t:|1699037553\n|switch|p1a: Miraidon|Miraidon|100\/100\n|-fieldstart|move: Electric Terrain|[from] ability: Hadron Engine|[of] p1a: Miraidon\n|turn|4\n|\n|t:|1699037558\n|move|p1a: Miraidon|Draco Meteor|p2a: Doomentio\n|-damage|p2a: Doomentio|0 fnt\n|-unboost|p1a: Miraidon|spa|2\n|faint|p2a: Doomentio\n|\n|-weather|SunnyDay|[upkeep]\n|upkeep\n|\n|t:|1699037566\n|switch|p2a: Plesiopapu|Walking Wake|100\/100\n|-activate|p2a: Plesiopapu|ability: Protosynthesis\n|-start|p2a: Plesiopapu|protosynthesisspe\n|turn|5\n|inactive|lmj12345 has 270 seconds left.\n|\n|t:|1699037592\n|-terastallize|p1a: Miraidon|Flying\n|move|p2a: Plesiopapu|Dragon Pulse|p1a: Miraidon\n|-damage|p1a: Miraidon|51\/100\n|move|p1a: Miraidon|Calm Mind|p1a: Miraidon\n|-boost|p1a: Miraidon|spa|1\n|-boost|p1a: Miraidon|spd|1\n|\n|-weather|SunnyDay|[upkeep]\n|-heal|p1a: Miraidon|57\/100|[from] item: Leftovers\n|upkeep\n|turn|6\n|\n|t:|1699037602\n|-end|p2a: Plesiopapu|Protosynthesis|[silent]\n|switch|p2a: Unite experience|Zacian|100\/100\n|-ability|p2a: Unite experience|Intrepid Sword|boost\n|-boost|p2a: Unite experience|atk|1\n|move|p1a: Miraidon|Thunder Wave|p2a: Unite experience\n|-status|p2a: Unite experience|par\n|\n|-weather|SunnyDay|[upkeep]\n|-heal|p1a: Miraidon|63\/100|[from] item: Leftovers\n|upkeep\n|turn|7\n|\n|t:|1699037624\n|switch|p1a: Chi-Yu|Chi-Yu|100\/100\n|-ability|p1a: Chi-Yu|Beads of Ruin\n|cant|p2a: Unite experience|par\n|\n|-weather|none\n|upkeep\n|turn|8\n|inactive|lmj12345 has 240 seconds left.\n|\n|t:|1699037645\n|switch|p2a: Plesiopapu|Walking Wake|100\/100\n|move|p1a: Chi-Yu|Overheat|p2a: Plesiopapu\n|-resisted|p2a: Plesiopapu\n|-crit|p2a: Plesiopapu\n|-damage|p2a: Plesiopapu|57\/100\n|-unboost|p1a: Chi-Yu|spa|2\n|\n|-fieldend|move: Electric Terrain\n|upkeep\n|turn|9\n|inactive|lmj12345 has 240 seconds left.\n|\n|t:|1699037663\n|switch|p1a: Koraidon|Koraidon|100\/100\n|-weather|SunnyDay|[from] ability: Orichalcum Pulse|[of] p1a: Koraidon\n|-activate|p2a: Plesiopapu|ability: Protosynthesis\n|-start|p2a: Plesiopapu|protosynthesisspe\n|-activate|p1a: Koraidon|Orichalcum Pulse|[source]\n|move|p2a: Plesiopapu|Flip Turn|p1a: Koraidon\n|-resisted|p1a: Koraidon\n|-damage|p1a: Koraidon|98\/100\n|\n|t:|1699037680\n|-end|p2a: Plesiopapu|Protosynthesis|[silent]\n|switch|p2a: Chi-yon|Chi-Yu|100\/100|[from] Flip Turn\n|-ability|p2a: Chi-yon|Beads of Ruin\n|\n|-weather|SunnyDay|[upkeep]\n|-heal|p1a: Koraidon|100\/100|[from] item: Leftovers\n|upkeep\n|turn|10\n|inactive|lmj12345 has 240 seconds left.\n|\n|t:|1699037701\n|move|p2a: Chi-yon|Psychic|p1a: Koraidon\n|-supereffective|p1a: Koraidon\n|-damage|p1a: Koraidon|17\/100\n|move|p1a: Koraidon|Drain Punch|p2a: Chi-yon\n|-supereffective|p2a: Chi-yon\n|-damage|p2a: Chi-yon|0 fnt\n|-heal|p1a: Koraidon|49\/100|[from] drain|[of] p2a: Chi-yon\n|faint|p2a: Chi-yon\n|\n|-weather|SunnyDay|[upkeep]\n|-heal|p1a: Koraidon|55\/100|[from] item: Leftovers\n|upkeep\n|\n|t:|1699037706\n|switch|p2a: Motomami|Miraidon|100\/100\n|-fieldstart|move: Electric Terrain|[from] ability: Hadron Engine|[of] p2a: Motomami\n|turn|11\n|inactive|lmj12345 has 240 seconds left.\n|\n|t:|1699037732\n|move|p2a: Motomami|Draco Meteor|p1a: Koraidon|[miss]\n|-miss|p2a: Motomami|p1a: Koraidon\n|move|p1a: Koraidon|Taunt|p2a: Motomami\n|-start|p2a: Motomami|move: Taunt\n|\n|-weather|SunnyDay|[upkeep]\n|-heal|p1a: Koraidon|61\/100|[from] item: Leftovers\n|upkeep\n|turn|12\n|\n|t:|1699037741\n|switch|p1a: Arceus|Arceus-Fairy, shiny|100\/100\n|move|p2a: Motomami|Draco Meteor|p1a: Arceus\n|-immune|p1a: Arceus\n|\n|-weather|SunnyDay|[upkeep]\n|upkeep\n|turn|13\n|\n|t:|1699037749\n|move|p2a: Motomami|Electro Drift|p1a: Arceus\n|-damage|p1a: Arceus|19\/100\n|-damage|p2a: Motomami|91\/100|[from] item: Life Orb\n|move|p1a: Arceus|Calm Mind|p1a: Arceus\n|-boost|p1a: Arceus|spa|1\n|-boost|p1a: Arceus|spd|1\n|\n|-weather|none\n|upkeep\n|turn|14\n|\n|t:|1699037764\n|switch|p1a: Miraidon|Miraidon, tera:Flying|63\/100\n|-activate|p1a: Miraidon|ability: Hadron Engine\n|move|p2a: Motomami|Electro Drift|p1a: Miraidon\n|-supereffective|p1a: Miraidon\n|-damage|p1a: Miraidon|0 fnt\n|faint|p1a: Miraidon\n|-damage|p2a: Motomami|81\/100|[from] item: Life Orb\n|\n|-end|p2a: Motomami|move: Taunt\n|upkeep\n|\n|t:|1699037767\n|switch|p1a: Koraidon|Koraidon|61\/100\n|-weather|SunnyDay|[from] ability: Orichalcum Pulse|[of] p1a: Koraidon\n|-activate|p1a: Koraidon|Orichalcum Pulse|[source]\n|turn|15\n|\n|t:|1699037781\n|switch|p2a: Unite experience|Zacian|100\/100 par\n|move|p1a: Koraidon|Dragon Tail|p2a: Unite experience\n|-immune|p2a: Unite experience\n|\n|-weather|SunnyDay|[upkeep]\n|-heal|p1a: Koraidon|67\/100|[from] item: Leftovers\n|-fieldend|move: Electric Terrain\n|upkeep\n|turn|16\n|inactive|lmj12345 has 240 seconds left.\n|\n|t:|1699037800\n|switch|p1a: Toxapex|Toxapex, F, shiny|100\/100\n|move|p2a: Unite experience|Play Rough|p1a: Toxapex\n|-resisted|p1a: Toxapex\n|-damage|p1a: Toxapex|82\/100\n|\n|-weather|SunnyDay|[upkeep]\n|-heal|p1a: Toxapex|88\/100|[from] item: Leftovers\n|upkeep\n|turn|17\n|inactive|lmj12345 has 240 seconds left.\n|\n|t:|1699037807\n|switch|p2a: Motomami|Miraidon|81\/100\n|-fieldstart|move: Electric Terrain|[from] ability: Hadron Engine|[of] p2a: Motomami\n|move|p1a: Toxapex|Toxic Spikes|p2a: Motomami\n|-sidestart|p2: MrDrRubencio|move: Toxic Spikes\n|\n|-weather|SunnyDay|[upkeep]\n|-heal|p1a: Toxapex|94\/100|[from] item: Leftovers\n|upkeep\n|turn|18\n|inactive|lmj12345 has 240 seconds left.\n|\n|t:|1699037825\n|move|p2a: Motomami|Electro Drift|p1a: Toxapex\n|-supereffective|p1a: Toxapex\n|-damage|p1a: Toxapex|0 fnt\n|faint|p1a: Toxapex\n|-damage|p2a: Motomami|71\/100|[from] item: Life Orb\n|\n|-weather|SunnyDay|[upkeep]\n|upkeep\n|\n|t:|1699037835\n|switch|p1a: Chi-Yu|Chi-Yu|100\/100\n|-ability|p1a: Chi-Yu|Beads of Ruin\n|turn|19\n|inactive|lmj12345 has 240 seconds left.\n|\n|t:|1699037841\n|move|p1a: Chi-Yu|Overheat|p2a: Motomami|[miss]\n|-miss|p1a: Chi-Yu|p2a: Motomami\n|move|p2a: Motomami|U-turn|p1a: Chi-Yu\n|-damage|p1a: Chi-Yu|73\/100\n|-damage|p2a: Motomami|61\/100|[from] item: Life Orb\n|\n|t:|1699037843\n|switch|p2a: Plesiopapu|Walking Wake|57\/100|[from] U-turn\n|-status|p2a: Plesiopapu|psn\n|-activate|p2a: Plesiopapu|ability: Protosynthesis\n|-start|p2a: Plesiopapu|protosynthesisspe\n|\n|-weather|none\n|-end|p2a: Plesiopapu|Protosynthesis\n|-damage|p2a: Plesiopapu|45\/100 psn|[from] psn\n|upkeep\n|turn|20\n|\n|t:|1699037858\n|move|p1a: Chi-Yu|Overheat|p2a: Plesiopapu\n|-resisted|p2a: Plesiopapu\n|-damage|p2a: Plesiopapu|14\/100 psn\n|-unboost|p1a: Chi-Yu|spa|2\n|move|p2a: Plesiopapu|Dragon Pulse|p1a: Chi-Yu\n|-damage|p1a: Chi-Yu|2\/100\n|\n|-damage|p2a: Plesiopapu|2\/100 psn|[from] psn\n|upkeep\n|turn|21\n|\n|t:|1699037867\n|move|p1a: Chi-Yu|Overheat|p2a: Plesiopapu\n|-resisted|p2a: Plesiopapu\n|-damage|p2a: Plesiopapu|0 fnt\n|-unboost|p1a: Chi-Yu|spa|2\n|faint|p2a: Plesiopapu\n|-end|p2a: Plesiopapu|Protosynthesis|[silent]\n|\n|-fieldend|move: Electric Terrain\n|upkeep\n|\n|t:|1699037870\n|switch|p2a: Motomami|Miraidon|61\/100\n|-status|p2a: Motomami|psn\n|-fieldstart|move: Electric Terrain|[from] ability: Hadron Engine|[of] p2a: Motomami\n|turn|22\n|\n|t:|1699037876\n|move|p1a: Chi-Yu|Overheat|p2a: Motomami|[miss]\n|-miss|p1a: Chi-Yu|p2a: Motomami\n|move|p2a: Motomami|Electro Drift|p1a: Chi-Yu\n|-damage|p1a: Chi-Yu|0 fnt\n|faint|p1a: Chi-Yu\n|-damage|p2a: Motomami|51\/100 psn|[from] item: Life Orb\n|\n|-damage|p2a: Motomami|38\/100 psn|[from] psn\n|upkeep\n|\n|t:|1699037882\n|switch|p1a: Koraidon|Koraidon|67\/100\n|-weather|SunnyDay|[from] ability: Orichalcum Pulse|[of] p1a: Koraidon\n|-activate|p1a: Koraidon|Orichalcum Pulse|[source]\n|turn|23\n|\n|t:|1699037887\n|move|p2a: Motomami|Draco Meteor|p1a: Koraidon\n|-supereffective|p1a: Koraidon\n|-damage|p1a: Koraidon|0 fnt\n|-unboost|p2a: Motomami|spa|2\n|faint|p1a: Koraidon\n|-damage|p2a: Motomami|28\/100 psn|[from] item: Life Orb\n|\n|-weather|SunnyDay|[upkeep]\n|-damage|p2a: Motomami|16\/100 psn|[from] psn\n|upkeep\n|\n|t:|1699037889\n|switch|p1a: Arceus|Arceus-Fairy, shiny|19\/100\n|turn|24\n|\n|t:|1699037892\n|move|p2a: Motomami|Electro Drift|p1a: Arceus\n|-damage|p1a: Arceus|0 fnt\n|faint|p1a: Arceus\n|-damage|p2a: Motomami|6\/100 psn|[from] item: Life Orb\n|\n|win|MrDrRubencio\n|c|\u2606MrDrRubencio|izi\n|l|\u2606MrDrRubencio\n|c|\u2606lmj12345|lucky\n|j|\u2606MrDrRubencio\n|player|p2|MrDrRubencio|emmet\n","uploadtime":1699037921,"views":7,"p1id":"lmj12345","p2id":"mrdrrubencio","formatid":"gen9ubers","rating":0,"private":0,"password":""}