{"id":"gen9ubers-1996974000","p1":"Electricratman","p2":"tombstoan","format":"[Gen 9] Ubers","log":"|j|\u2606Electricratman\n|j|\u2606tombstoan\n|t:|1700751412\n|gametype|singles\n|player|p1|Electricratman|265|\n|player|p2|tombstoan|swimmer|\n|teamsize|p1|6\n|teamsize|p2|6\n|gen|9\n|tier|[Gen 9] Ubers\n|rule|Sleep Clause Mod: Limit one foe put to sleep\n|rule|Species Clause: Limit one of each Pok\u00e9mon\n|rule|OHKO Clause: OHKO moves are banned\n|rule|Evasion Items Clause: Evasion items are banned\n|rule|Evasion Moves Clause: Evasion moves are banned\n|rule|Endless Battle Clause: Forcing endless battles is banned\n|rule|HP Percentage Mod: HP is shown in percentages\n|clearpoke\n|poke|p1|Weezing-Galar, F|\n|poke|p1|Magearna|\n|poke|p1|Enamorus-Therian, F|\n|poke|p1|Greninja-*, M|\n|poke|p1|Hawlucha, M|\n|poke|p1|Palafin, F|\n|poke|p2|Indeedee-F, F|\n|poke|p2|Armarouge, F|\n|poke|p2|Houndstone, F|\n|poke|p2|Volcarona, M|\n|poke|p2|Muk-Alola, F|\n|poke|p2|Arboliva, M|\n|teampreview\n|\n|t:|1700751423\n|start\n|switch|p1a: Palafin|Palafin, F|100\/100\n|switch|p2a: Indeedee|Indeedee-F, F|100\/100\n|-fieldstart|move: Psychic Terrain|[from] ability: Psychic Surge|[of] p2a: Indeedee\n|turn|1\n|\n|t:|1700751443\n|move|p1a: Palafin|Flip Turn|p2a: Indeedee\n|-damage|p2a: Indeedee|73\/100\n|\n|t:|1700751450\n|detailschange|p1a: Palafin|Palafin-Hero, F\n|switch|p1a: Greninja|Greninja, M, shiny|100\/100|[from] Flip Turn\n|move|p2a: Indeedee|Trick Room|p2a: Indeedee\n|-fieldstart|move: Trick Room|[of] p2a: Indeedee\n|\n|upkeep\n|turn|2\n|\n|t:|1700751464\n|switch|p2a: Arboliva|Arboliva, M|100\/100\n|move|p1a: Greninja|U-turn|p2a: Arboliva\n|-start|p1a: Greninja|typechange|Bug|[from] ability: Protean\n|-supereffective|p2a: Arboliva\n|-damage|p2a: Arboliva|44\/100\n|\n|t:|1700751481\n|switch|p1a: Weezing|Weezing-Galar, F|100\/100|[from] U-turn\n|-fieldstart|move: Misty Terrain|[from] ability: Misty Surge|[of] p1a: Weezing\n|\n|upkeep\n|turn|3\n|\n|t:|1700751491\n|move|p2a: Arboliva|Earth Power|p1a: Weezing\n|-supereffective|p1a: Weezing\n|-damage|p1a: Weezing|20\/100\n|move|p1a: Weezing|Flamethrower|p2a: Arboliva\n|-supereffective|p2a: Arboliva\n|-damage|p2a: Arboliva|2\/100\n|-enditem|p2a: Arboliva|Aguav Berry|[eat]\n|-heal|p2a: Arboliva|35\/100|[from] item: Aguav Berry\n|\n|-item|p2a: Arboliva|Aguav Berry|[from] ability: Harvest\n|upkeep\n|turn|4\n|\n|t:|1700751515\n|switch|p1a: Hawlucha|Hawlucha, M, shiny|100\/100\n|-enditem|p1a: Hawlucha|Misty Seed\n|-boost|p1a: Hawlucha|spd|1|[from] item: Misty Seed\n|move|p2a: Arboliva|Earth Power|p1a: Hawlucha\n|-immune|p1a: Hawlucha\n|\n|upkeep\n|turn|5\n|\n|t:|1700751530\n|move|p2a: Arboliva|Dazzling Gleam|p1a: Hawlucha\n|-supereffective|p1a: Hawlucha\n|-damage|p1a: Hawlucha|39\/100\n|move|p1a: Hawlucha|Drain Punch|p2a: Arboliva\n|-supereffective|p2a: Arboliva\n|-damage|p2a: Arboliva|0 fnt\n|-heal|p1a: Hawlucha|60\/100|[from] drain|[of] p2a: Arboliva\n|faint|p2a: Arboliva\n|\n|-fieldend|move: Trick Room\n|upkeep\n|\n|t:|1700751546\n|switch|p2a: Muk|Muk-Alola, F|100\/100\n|turn|6\n|\n|t:|1700751555\n|move|p1a: Hawlucha|Drain Punch|p2a: Muk\n|-damage|p2a: Muk|73\/100\n|-heal|p1a: Hawlucha|79\/100|[from] drain|[of] p2a: Muk\n|move|p2a: Muk|Toxic|p1a: Hawlucha\n|-status|p1a: Hawlucha|tox\n|\n|-damage|p1a: Hawlucha|73\/100 tox|[from] psn\n|-fieldend|Misty Terrain\n|upkeep\n|turn|7\n|\n|t:|1700751574\n|switch|p2a: Indeedee|Indeedee-F, F|73\/100\n|-fieldstart|move: Psychic Terrain|[from] ability: Psychic Surge|[of] p2a: Indeedee\n|-terastallize|p1a: Hawlucha|Fighting\n|move|p1a: Hawlucha|Drain Punch|p2a: Indeedee\n|-damage|p2a: Indeedee|7\/100\n|-heal|p1a: Hawlucha|100\/100 tox|[from] drain|[of] p2a: Indeedee\n|\n|-damage|p1a: Hawlucha|88\/100 tox|[from] psn\n|upkeep\n|turn|8\n|\n|t:|1700751588\n|move|p1a: Hawlucha|Drain Punch|p2a: Indeedee\n|-damage|p2a: Indeedee|0 fnt\n|-heal|p1a: Hawlucha|92\/100 tox|[from] drain|[of] p2a: Indeedee\n|faint|p2a: Indeedee\n|\n|-damage|p1a: Hawlucha|74\/100 tox|[from] psn\n|upkeep\n|\n|t:|1700751599\n|switch|p2a: Armarouge|Armarouge, F|100\/100\n|turn|9\n|\n|t:|1700751617\n|move|p1a: Hawlucha|Acrobatics|p2a: Armarouge\n|-damage|p2a: Armarouge|57\/100\n|move|p2a: Armarouge|Expanding Force|p1a: Hawlucha\n|-supereffective|p1a: Hawlucha\n|-damage|p1a: Hawlucha|0 fnt\n|faint|p1a: Hawlucha\n|-damage|p2a: Armarouge|47\/100|[from] item: Life Orb\n|\n|upkeep\n|\n|t:|1700751630\n|switch|p1a: Greninja|Greninja, M, shiny|100\/100\n|turn|10\n|\n|t:|1700751636\n|move|p1a: Greninja|Night Slash|p2a: Armarouge\n|-start|p1a: Greninja|typechange|Dark|[from] ability: Protean\n|-supereffective|p2a: Armarouge\n|-damage|p2a: Armarouge|0 fnt\n|faint|p2a: Armarouge\n|\n|upkeep\n|\n|t:|1700751645\n|switch|p2a: Muk|Muk-Alola, F|73\/100\n|turn|11\n|\n|t:|1700751654\n|move|p1a: Greninja|U-turn|p2a: Muk\n|-damage|p2a: Muk|57\/100\n|\n|t:|1700751658\n|switch|p1a: Magearna|Magearna|100\/100|[from] U-turn\n|move|p2a: Muk|Toxic|p1a: Magearna\n|-immune|p1a: Magearna\n|\n|-fieldend|move: Psychic Terrain\n|upkeep\n|turn|12\n|\n|t:|1700751670\n|switch|p2a: Volcarona|Volcarona, M|100\/100\n|move|p1a: Magearna|Shift Gear|p1a: Magearna\n|-boost|p1a: Magearna|spe|2\n|-boost|p1a: Magearna|atk|1\n|\n|upkeep\n|turn|13\n|\n|t:|1700751686\n|-terastallize|p2a: Volcarona|Fire\n|move|p1a: Magearna|Calm Mind|p1a: Magearna\n|-boost|p1a: Magearna|spa|1\n|-boost|p1a: Magearna|spd|1\n|move|p2a: Volcarona|Fiery Dance|p1a: Magearna\n|-supereffective|p1a: Magearna\n|-damage|p1a: Magearna|25\/100\n|\n|-heal|p1a: Magearna|31\/100|[from] item: Leftovers\n|upkeep\n|turn|14\n|\n|t:|1700751708\n|move|p1a: Magearna|Stored Power|p2a: Volcarona\n|-damage|p2a: Volcarona|30\/100\n|-enditem|p2a: Volcarona|Sitrus Berry|[eat]\n|-heal|p2a: Volcarona|55\/100|[from] item: Sitrus Berry\n|move|p2a: Volcarona|Fiery Dance|p1a: Magearna\n|-supereffective|p1a: Magearna\n|-damage|p1a: Magearna|0 fnt\n|-boost|p2a: Volcarona|spa|1\n|faint|p1a: Magearna\n|\n|upkeep\n|\n|t:|1700751732\n|switch|p1a: Palafin|Palafin-Hero, F|100\/100\n|-activate|p1a: Palafin|ability: Zero to Hero\n|turn|15\n|\n|t:|1700751739\n|switch|p2a: Muk|Muk-Alola, F|57\/100\n|move|p1a: Palafin|Jet Punch|p2a: Muk\n|-damage|p2a: Muk|30\/100\n|\n|upkeep\n|turn|16\n|\n|t:|1700751746\n|move|p1a: Palafin|Wave Crash|p2a: Muk\n|-damage|p2a: Muk|0 fnt\n|faint|p2a: Muk\n|-damage|p1a: Palafin|88\/100|[from] Recoil\n|-heal|p1a: Palafin|93\/100|[from] item: Shell Bell|[of] p2: Muk\n|\n|upkeep\n|\n|t:|1700751755\n|switch|p2a: Houndstone|Houndstone, F|100\/100\n|turn|17\n|\n|t:|1700751778\n|move|p1a: Palafin|Flip Turn|p2a: Houndstone\n|-damage|p2a: Houndstone|84\/100\n|-heal|p1a: Palafin|95\/100|[from] item: Shell Bell|[of] p2a: Houndstone\n|\n|t:|1700751782\n|switch|p1a: Greninja|Greninja, M, shiny|100\/100|[from] Flip Turn\n|move|p2a: Houndstone|Last Respects|p1a: Greninja\n|-resisted|p1a: Greninja\n|-damage|p1a: Greninja|5\/100\n|\n|-heal|p2a: Houndstone|90\/100|[from] item: Leftovers\n|upkeep\n|turn|18\n|\n|t:|1700751794\n|move|p2a: Houndstone|Shadow Sneak|p1a: Greninja\n|-resisted|p1a: Greninja\n|-damage|p1a: Greninja|0 fnt\n|faint|p1a: Greninja\n|\n|-heal|p2a: Houndstone|96\/100|[from] item: Leftovers\n|upkeep\n|\n|t:|1700751803\n|switch|p1a: Enamorus|Enamorus-Therian, F|100\/100\n|turn|19\n|\n|t:|1700751807\n|move|p1a: Enamorus|Calm Mind|p1a: Enamorus\n|-boost|p1a: Enamorus|spa|1\n|-boost|p1a: Enamorus|spd|1\n|move|p2a: Houndstone|Last Respects|p1a: Enamorus\n|-damage|p1a: Enamorus|23\/100\n|\n|-heal|p1a: Enamorus|29\/100|[from] item: Leftovers\n|-heal|p2a: Houndstone|100\/100|[from] item: Leftovers\n|upkeep\n|turn|20\n|\n|t:|1700751823\n|move|p1a: Enamorus|Draining Kiss|p2a: Houndstone\n|-damage|p2a: Houndstone|84\/100\n|-heal|p1a: Enamorus|41\/100|[from] drain|[of] p2a: Houndstone\n|move|p2a: Houndstone|Last Respects|p1a: Enamorus\n|-damage|p1a: Enamorus|0 fnt\n|faint|p1a: Enamorus\n|\n|-heal|p2a: Houndstone|90\/100|[from] item: Leftovers\n|upkeep\n|l|\u2606Electricratman\n|player|p1|\n|j|\u2606Electricratman\n|player|p1|Electricratman|265\n|\n|t:|1700751844\n|switch|p1a: Weezing|Weezing-Galar, F|20\/100\n|-fieldstart|move: Misty Terrain|[from] ability: Misty Surge|[of] p1a: Weezing\n|turn|21\n|\n|t:|1700751856\n|move|p1a: Weezing|Dark Pulse|p2a: Houndstone\n|-supereffective|p2a: Houndstone\n|-damage|p2a: Houndstone|42\/100\n|move|p2a: Houndstone|Last Respects|p1a: Weezing\n|-damage|p1a: Weezing|0 fnt\n|faint|p1a: Weezing\n|\n|-heal|p2a: Houndstone|48\/100|[from] item: Leftovers\n|upkeep\n|\n|t:|1700751866\n|switch|p1a: Palafin|Palafin-Hero, F|95\/100\n|turn|22\n|\n|t:|1700751878\n|move|p2a: Houndstone|Shadow Sneak|p1a: Palafin\n|-damage|p1a: Palafin|74\/100\n|move|p1a: Palafin|Wave Crash|p2a: Houndstone\n|-damage|p2a: Houndstone|11\/100\n|-damage|p1a: Palafin|62\/100|[from] Recoil\n|-heal|p1a: Palafin|66\/100|[from] item: Shell Bell|[of] p2a: Houndstone\n|\n|-heal|p2a: Houndstone|17\/100|[from] item: Leftovers\n|upkeep\n|turn|23\n|\n|t:|1700751890\n|move|p2a: Houndstone|Protect|p2a: Houndstone\n|-singleturn|p2a: Houndstone|Protect\n|move|p1a: Palafin|Jet Punch|p2a: Houndstone\n|-activate|p2a: Houndstone|move: Protect\n|\n|-heal|p2a: Houndstone|23\/100|[from] item: Leftovers\n|upkeep\n|turn|24\n|\n|t:|1700751912\n|move|p1a: Palafin|Wave Crash|p2a: Houndstone\n|-damage|p2a: Houndstone|0 fnt\n|faint|p2a: Houndstone\n|-damage|p1a: Palafin|59\/100|[from] Recoil\n|-heal|p1a: Palafin|61\/100|[from] item: Shell Bell|[of] p2: Houndstone\n|\n|upkeep\n|\n|t:|1700751920\n|switch|p2a: Volcarona|Volcarona, M, tera:Fire|55\/100\n|turn|25\n|\n|t:|1700751924\n|move|p1a: Palafin|Wave Crash|p2a: Volcarona\n|-supereffective|p2a: Volcarona\n|-damage|p2a: Volcarona|0 fnt\n|faint|p2a: Volcarona\n|-damage|p1a: Palafin|45\/100|[from] Recoil\n|-heal|p1a: Palafin|51\/100|[from] item: Shell Bell|[of] p2: Volcarona\n|\n|win|Electricratman\n|c|\u2606Electricratman|Gg\n","uploadtime":1700751950,"views":0,"p1id":"electricratman","p2id":"tombstoan","formatid":"gen9ubers","rating":0,"private":0,"password":""}