{"id":"gen9ubers-1995060465","p1":"JachiMalz","p2":"Nessuae","format":"[Gen 9] Ubers","log":"|j|\u2606JachiMalz\n|j|\u2606Nessuae\n|t:|1700518264\n|gametype|singles\n|player|p1|JachiMalz|rocketgruntf|1286\n|player|p2|Nessuae|shadowtriad|1185\n|teamsize|p1|6\n|teamsize|p2|6\n|gen|9\n|tier|[Gen 9] Ubers\n|rated|\n|rule|Sleep Clause Mod: Limit one foe put to sleep\n|rule|Species Clause: Limit one of each Pok\u00e9mon\n|rule|OHKO Clause: OHKO moves are banned\n|rule|Evasion Items Clause: Evasion items are banned\n|rule|Evasion Moves Clause: Evasion moves are banned\n|rule|Endless Battle Clause: Forcing endless battles is banned\n|rule|HP Percentage Mod: HP is shown in percentages\n|clearpoke\n|poke|p1|Miraidon|\n|poke|p1|Sneasler, F|\n|poke|p1|Gholdengo|\n|poke|p1|Ting-Lu|\n|poke|p1|Iron Bundle|\n|poke|p1|Giratina-Origin|\n|poke|p2|Snorlax, M|\n|poke|p2|Kyogre|\n|poke|p2|Ribombee, F|\n|poke|p2|Tyranitar, M|\n|poke|p2|Zacian-*|\n|poke|p2|Flutter Mane|\n|teampreview\n|\n|t:|1700518271\n|start\n|switch|p1a: Miraidon|Miraidon|100\/100\n|switch|p2a: Ribombee|Ribombee, F, shiny|100\/100\n|-fieldstart|move: Electric Terrain|[from] ability: Hadron Engine|[of] p1a: Miraidon\n|turn|1\n|inactive|Battle timer is ON: inactive players will automatically lose when time's up. (requested by Nessuae)\n|\n|t:|1700518278\n|move|p1a: Miraidon|U-turn|p2a: Ribombee\n|-resisted|p2a: Ribombee\n|-crit|p2a: Ribombee\n|-damage|p2a: Ribombee|81\/100\n|\n|t:|1700518281\n|switch|p1a: Sneasler|Sneasler, F|100\/100|[from] U-turn\n|-enditem|p1a: Sneasler|Electric Seed\n|-boost|p1a: Sneasler|def|1|[from] item: Electric Seed\n|move|p2a: Ribombee|Sticky Web|p1a: Sneasler\n|-sidestart|p1: JachiMalz|move: Sticky Web\n|\n|upkeep\n|turn|2\n|\n|t:|1700518291\n|move|p1a: Sneasler|Gunk Shot|p2a: Ribombee\n|-supereffective|p2a: Ribombee\n|-damage|p2a: Ribombee|0 fnt\n|faint|p2a: Ribombee\n|\n|upkeep\n|\n|t:|1700518310\n|switch|p2a: Kyogre|Kyogre, shiny|100\/100\n|-weather|RainDance|[from] ability: Drizzle|[of] p2a: Kyogre\n|turn|3\n|\n|t:|1700518319\n|move|p1a: Sneasler|Gunk Shot|p2a: Kyogre\n|-damage|p2a: Kyogre|20\/100\n|move|p2a: Kyogre|Water Spout|p1a: Sneasler\n|-damage|p1a: Sneasler|47\/100\n|\n|-weather|RainDance|[upkeep]\n|upkeep\n|turn|4\n|\n|t:|1700518326\n|move|p1a: Sneasler|Gunk Shot|p2a: Kyogre\n|-damage|p2a: Kyogre|0 fnt\n|faint|p2a: Kyogre\n|\n|-weather|RainDance|[upkeep]\n|upkeep\n|\n|t:|1700518329\n|switch|p2a: Tyranitar|Tyranitar, M, shiny|100\/100\n|-weather|Sandstorm|[from] ability: Sand Stream|[of] p2a: Tyranitar\n|turn|5\n|\n|t:|1700518334\n|-terastallize|p1a: Sneasler|Flying\n|move|p1a: Sneasler|Swords Dance|p1a: Sneasler\n|-boost|p1a: Sneasler|atk|2\n|move|p2a: Tyranitar|Earthquake|p1a: Sneasler\n|-immune|p1a: Sneasler\n|\n|-weather|Sandstorm|[upkeep]\n|-damage|p1a: Sneasler|41\/100|[from] Sandstorm\n|-fieldend|move: Electric Terrain\n|upkeep\n|turn|6\n|\n|t:|1700518338\n|move|p1a: Sneasler|Close Combat|p2a: Tyranitar\n|-supereffective|p2a: Tyranitar\n|-damage|p2a: Tyranitar|0 fnt\n|-unboost|p1a: Sneasler|def|1\n|-unboost|p1a: Sneasler|spd|1\n|faint|p2a: Tyranitar\n|\n|-weather|Sandstorm|[upkeep]\n|-damage|p1a: Sneasler|35\/100|[from] Sandstorm\n|upkeep\n|\n|t:|1700518352\n|switch|p2a: Flutter Mane|Flutter Mane, shiny|100\/100\n|-enditem|p2a: Flutter Mane|Booster Energy\n|-activate|p2a: Flutter Mane|ability: Protosynthesis|[fromitem]\n|-start|p2a: Flutter Mane|protosynthesisspa\n|turn|7\n|\n|t:|1700518357\n|move|p1a: Sneasler|Acrobatics|p2a: Flutter Mane\n|-damage|p2a: Flutter Mane|0 fnt\n|faint|p2a: Flutter Mane\n|-end|p2a: Flutter Mane|Protosynthesis|[silent]\n|\n|-weather|Sandstorm|[upkeep]\n|-damage|p1a: Sneasler|29\/100|[from] Sandstorm\n|upkeep\n|\n|t:|1700518361\n|switch|p2a: Zacian|Zacian-Crowned, shiny|100\/100\n|-ability|p2a: Zacian|Intrepid Sword|boost\n|-boost|p2a: Zacian|atk|1\n|turn|8\n|\n|t:|1700518366\n|move|p1a: Sneasler|Close Combat|p2a: Zacian\n|-damage|p2a: Zacian|0 fnt\n|-unboost|p1a: Sneasler|def|1\n|-unboost|p1a: Sneasler|spd|1\n|faint|p2a: Zacian\n|\n|-weather|Sandstorm|[upkeep]\n|-damage|p1a: Sneasler|23\/100|[from] Sandstorm\n|upkeep\n|\n|t:|1700518374\n|switch|p2a: Snorlax|Snorlax, M, shiny|100\/100\n|turn|9\n|\n|t:|1700518380\n|move|p1a: Sneasler|Close Combat|p2a: Snorlax\n|-supereffective|p2a: Snorlax\n|-damage|p2a: Snorlax|0 fnt\n|-unboost|p1a: Sneasler|def|1\n|-unboost|p1a: Sneasler|spd|1\n|faint|p2a: Snorlax\n|\n|win|JachiMalz\n|raw|JachiMalz's rating: 1286 &rarr; <strong>1304<\/strong><br \/>(+18 for winning)\n|raw|Nessuae's rating: 1185 &rarr; <strong>1167<\/strong><br \/>(-18 for losing)\n","uploadtime":1700518383,"views":9,"p1id":"jachimalz","p2id":"nessuae","formatid":"gen9ubers","rating":1167,"private":0,"password":""}