{"id":"gen9ubers-1997034296","p1":"ICoolish","p2":"Tayler2021","format":"[Gen 9] Ubers","log":"|j|\u2606ICoolish\n|j|\u2606Tayler2021\n|t:|1700757856\n|gametype|singles\n|player|p1|ICoolish|102|1110\n|player|p2|Tayler2021|169|1084\n|teamsize|p1|6\n|teamsize|p2|6\n|gen|9\n|tier|[Gen 9] Ubers\n|rated|\n|rule|Sleep Clause Mod: Limit one foe put to sleep\n|rule|Species Clause: Limit one of each Pok\u00e9mon\n|rule|OHKO Clause: OHKO moves are banned\n|rule|Evasion Items Clause: Evasion items are banned\n|rule|Evasion Moves Clause: Evasion moves are banned\n|rule|Endless Battle Clause: Forcing endless battles is banned\n|rule|HP Percentage Mod: HP is shown in percentages\n|clearpoke\n|poke|p1|Baxcalibur, M|\n|poke|p1|Yanmega, M|\n|poke|p1|Ceruledge, M|\n|poke|p1|Blissey, F|\n|poke|p1|Annihilape, F|\n|poke|p1|Mewtwo|\n|poke|p2|Tropius, M|\n|poke|p2|Volcarona, F|\n|poke|p2|Blissey, F|\n|poke|p2|Azumarill, M|\n|poke|p2|Gliscor, M|\n|poke|p2|Cloyster, F|\n|teampreview\n|\n|t:|1700757902\n|start\n|switch|p1a: Blissey|Blissey, F|100\/100\n|switch|p2a: Gliscor|Gliscor, M|100\/100\n|turn|1\n|\n|t:|1700757909\n|move|p2a: Gliscor|Toxic|p1a: Blissey\n|-status|p1a: Blissey|tox\n|move|p1a: Blissey|Ice Beam|p2a: Gliscor\n|-supereffective|p2a: Gliscor\n|-crit|p2a: Gliscor\n|-damage|p2a: Gliscor|0 fnt\n|faint|p2a: Gliscor\n|\n|-damage|p1a: Blissey|94\/100 tox|[from] psn\n|upkeep\n|\n|t:|1700757925\n|switch|p2a: Tropius|Tropius, M|100\/100\n|turn|2\n|\n|t:|1700757930\n|move|p2a: Tropius|Leech Seed|p1a: Blissey\n|-start|p1a: Blissey|move: Leech Seed\n|move|p1a: Blissey|Ice Beam|p2a: Tropius\n|-supereffective|p2a: Tropius\n|-damage|p2a: Tropius|19\/100\n|-enditem|p2a: Tropius|Sitrus Berry|[eat]\n|-heal|p2a: Tropius|44\/100|[from] item: Sitrus Berry\n|\n|-heal|p1a: Blissey|100\/100 tox|[from] item: Leftovers\n|-damage|p1a: Blissey|88\/100 tox|[from] Leech Seed|[of] p2a: Tropius\n|-heal|p2a: Tropius|66\/100|[silent]\n|-damage|p1a: Blissey|76\/100 tox|[from] psn\n|upkeep\n|turn|3\n|\n|t:|1700757948\n|move|p2a: Tropius|Protect|p2a: Tropius\n|-singleturn|p2a: Tropius|Protect\n|move|p1a: Blissey|Ice Beam|p2a: Tropius\n|-activate|p2a: Tropius|move: Protect\n|\n|-heal|p1a: Blissey|82\/100 tox|[from] item: Leftovers\n|-damage|p1a: Blissey|69\/100 tox|[from] Leech Seed|[of] p2a: Tropius\n|-heal|p2a: Tropius|88\/100|[silent]\n|-damage|p1a: Blissey|51\/100 tox|[from] psn\n|upkeep\n|turn|4\n|\n|t:|1700757964\n|move|p2a: Tropius|Substitute|p2a: Tropius\n|-start|p2a: Tropius|Substitute\n|-damage|p2a: Tropius|63\/100\n|move|p1a: Blissey|Ice Beam|p2a: Tropius\n|-supereffective|p2a: Tropius\n|-end|p2a: Tropius|Substitute\n|\n|-heal|p1a: Blissey|57\/100 tox|[from] item: Leftovers\n|-damage|p1a: Blissey|45\/100 tox|[from] Leech Seed|[of] p2a: Tropius\n|-heal|p2a: Tropius|85\/100|[silent]\n|-damage|p1a: Blissey|20\/100 tox|[from] psn\n|upkeep\n|turn|5\n|\n|t:|1700757988\n|move|p2a: Tropius|Protect|p2a: Tropius\n|-singleturn|p2a: Tropius|Protect\n|move|p1a: Blissey|Metronome|p1a: Blissey\n|move|p1a: Blissey|Charm|p2a: Tropius|[from]move: Metronome\n|-activate|p2a: Tropius|move: Protect\n|\n|-heal|p1a: Blissey|26\/100 tox|[from] item: Leftovers\n|-damage|p1a: Blissey|14\/100 tox|[from] Leech Seed|[of] p2a: Tropius\n|-heal|p2a: Tropius|100\/100|[silent]\n|-damage|p1a: Blissey|0 fnt|[from] psn\n|faint|p1a: Blissey\n|-item|p2a: Tropius|Sitrus Berry|[from] ability: Harvest\n|upkeep\n|\n|t:|1700758000\n|switch|p1a: Baxcalibur|Baxcalibur, M|100\/100\n|turn|6\n|\n|t:|1700758011\n|-terastallize|p2a: Tropius|Steel\n|move|p1a: Baxcalibur|Icicle Spear|p2a: Tropius\n|-resisted|p2a: Tropius\n|-damage|p2a: Tropius|93\/100\n|-resisted|p2a: Tropius\n|-damage|p2a: Tropius|86\/100\n|-hitcount|p2a: Tropius|2\n|move|p2a: Tropius|Leech Seed|p1a: Baxcalibur\n|-start|p1a: Baxcalibur|move: Leech Seed\n|\n|-damage|p1a: Baxcalibur|88\/100|[from] Leech Seed|[of] p2a: Tropius\n|-heal|p2a: Tropius|97\/100|[silent]\n|upkeep\n|turn|7\n|\n|t:|1700758027\n|switch|p1a: Ceruledge|Ceruledge, M|100\/100\n|move|p2a: Tropius|Substitute|p2a: Tropius\n|-start|p2a: Tropius|Substitute\n|-damage|p2a: Tropius|72\/100\n|\n|upkeep\n|turn|8\n|\n|t:|1700758054\n|move|p1a: Ceruledge|Bitter Blade|p2a: Tropius\n|-supereffective|p2a: Tropius\n|-end|p2a: Tropius|Substitute\n|move|p2a: Tropius|Leech Seed|p1a: Ceruledge\n|-start|p1a: Ceruledge|move: Leech Seed\n|\n|-damage|p1a: Ceruledge|88\/100|[from] Leech Seed|[of] p2a: Tropius\n|-heal|p2a: Tropius|81\/100|[silent]\n|upkeep\n|turn|9\n|\n|t:|1700758067\n|move|p2a: Tropius|Protect|p2a: Tropius\n|-singleturn|p2a: Tropius|Protect\n|move|p1a: Ceruledge|Swords Dance|p1a: Ceruledge\n|-boost|p1a: Ceruledge|atk|2\n|\n|-damage|p1a: Ceruledge|76\/100|[from] Leech Seed|[of] p2a: Tropius\n|-heal|p2a: Tropius|90\/100|[silent]\n|upkeep\n|turn|10\n|\n|t:|1700758099\n|switch|p2a: Azumarill|Azumarill, M|100\/100\n|move|p1a: Ceruledge|Bitter Blade|p2a: Azumarill\n|-resisted|p2a: Azumarill\n|-damage|p2a: Azumarill|50\/100\n|-heal|p1a: Ceruledge|100\/100|[from] drain|[of] p2a: Azumarill\n|\n|-damage|p1a: Ceruledge|88\/100|[from] Leech Seed|[of] p2a: Azumarill\n|-heal|p2a: Azumarill|61\/100|[silent]\n|upkeep\n|turn|11\n|\n|t:|1700758110\n|move|p1a: Ceruledge|Poltergeist|p2a: Azumarill\n|-activate|p2a: Azumarill|move: Poltergeist|Assault Vest\n|-damage|p2a: Azumarill|0 fnt\n|faint|p2a: Azumarill\n|\n|upkeep\n|\n|t:|1700758118\n|switch|p2a: Cloyster|Cloyster, F|100\/100\n|turn|12\n|\n|t:|1700758122\n|move|p1a: Ceruledge|Close Combat|p2a: Cloyster\n|-supereffective|p2a: Cloyster\n|-enditem|p2a: Cloyster|Focus Sash\n|-damage|p2a: Cloyster|1\/100\n|-unboost|p1a: Ceruledge|def|1\n|-unboost|p1a: Ceruledge|spd|1\n|move|p2a: Cloyster|Shell Smash|p2a: Cloyster\n|-unboost|p2a: Cloyster|def|1\n|-unboost|p2a: Cloyster|spd|1\n|-boost|p2a: Cloyster|atk|2\n|-boost|p2a: Cloyster|spa|2\n|-boost|p2a: Cloyster|spe|2\n|\n|-damage|p1a: Ceruledge|76\/100|[from] Leech Seed|[of] p2a: Cloyster\n|-heal|p2a: Cloyster|16\/100|[silent]\n|upkeep\n|turn|13\n|\n|t:|1700758139\n|move|p2a: Cloyster|Rock Blast|p1a: Ceruledge|[miss]\n|-miss|p2a: Cloyster|p1a: Ceruledge\n|move|p1a: Ceruledge|Bitter Blade|p2a: Cloyster\n|-damage|p2a: Cloyster|0 fnt\n|-heal|p1a: Ceruledge|82\/100|[from] drain|[of] p2a: Cloyster\n|faint|p2a: Cloyster\n|\n|upkeep\n|\n|t:|1700758151\n|switch|p2a: Blissey|Blissey, F|100\/100\n|turn|14\n|\n|t:|1700758155\n|move|p1a: Ceruledge|Close Combat|p2a: Blissey\n|-supereffective|p2a: Blissey\n|-damage|p2a: Blissey|0 fnt\n|-unboost|p1a: Ceruledge|def|1\n|-unboost|p1a: Ceruledge|spd|1\n|faint|p2a: Blissey\n|\n|upkeep\n|\n|t:|1700758162\n|switch|p2a: Volcarona|Volcarona, F|100\/100\n|turn|15\n|\n|t:|1700758168\n|move|p2a: Volcarona|Quiver Dance|p2a: Volcarona\n|-boost|p2a: Volcarona|spa|1\n|-boost|p2a: Volcarona|spd|1\n|-boost|p2a: Volcarona|spe|1\n|move|p1a: Ceruledge|Poltergeist|p2a: Volcarona\n|-activate|p2a: Volcarona|move: Poltergeist|Heavy-Duty Boots\n|-damage|p2a: Volcarona|0 fnt\n|faint|p2a: Volcarona\n|\n|upkeep\n|\n|t:|1700758178\n|switch|p2a: Tropius|Tropius, M, tera:Steel|90\/100\n|turn|16\n|\n|t:|1700758184\n|move|p2a: Tropius|Protect|p2a: Tropius\n|-singleturn|p2a: Tropius|Protect\n|move|p1a: Ceruledge|Bitter Blade|p2a: Tropius\n|-activate|p2a: Tropius|move: Protect\n|\n|-damage|p1a: Ceruledge|70\/100|[from] Leech Seed|[of] p2a: Tropius\n|-heal|p2a: Tropius|99\/100|[silent]\n|upkeep\n|turn|17\n|\n|t:|1700758194\n|move|p1a: Ceruledge|Bitter Blade|p2a: Tropius\n|-supereffective|p2a: Tropius\n|-damage|p2a: Tropius|0 fnt\n|-heal|p1a: Ceruledge|100\/100|[from] drain|[of] p2a: Tropius\n|faint|p2a: Tropius\n|\n|win|ICoolish\n|raw|ICoolish's rating: 1110 &rarr; <strong>1133<\/strong><br \/>(+23 for winning)\n|raw|Tayler2021's rating: 1084 &rarr; <strong>1063<\/strong><br \/>(-21 for losing)\n|l|\u2606Tayler2021\n","uploadtime":1700758390,"views":12,"p1id":"icoolish","p2id":"tayler2021","formatid":"gen9ubers","rating":1063,"private":0,"password":""}