{"id":"gen9ubers-1984307239","p1":"PinkScourge","p2":"lolgz","format":"[Gen 9] Ubers","log":"|j|\u2606PinkScourge\n|j|\u2606lolgz\n|t:|1699241647\n|gametype|singles\n|player|p1|PinkScourge|bede-leader|\n|player|p2|lolgz|170|\n|teamsize|p1|6\n|teamsize|p2|6\n|gen|9\n|tier|[Gen 9] Ubers\n|rule|Sleep Clause Mod: Limit one foe put to sleep\n|rule|Species Clause: Limit one of each Pok\u00e9mon\n|rule|OHKO Clause: OHKO moves are banned\n|rule|Evasion Items Clause: Evasion items are banned\n|rule|Evasion Moves Clause: Evasion moves are banned\n|rule|Endless Battle Clause: Forcing endless battles is banned\n|rule|HP Percentage Mod: HP is shown in percentages\n|clearpoke\n|poke|p1|Gothitelle, F|\n|poke|p1|Arceus-Poison|\n|poke|p1|Palkia|\n|poke|p1|Alomomola, M|\n|poke|p1|Mandibuzz, F|\n|poke|p1|Slowking-Galar, F|\n|poke|p2|Magearna|\n|poke|p2|Zacian-*|\n|poke|p2|Cyclizar, M|\n|poke|p2|Roaring Moon|\n|poke|p2|Dialga|\n|poke|p2|Volcarona, M|\n|teampreview\n|inactive|Battle timer is ON: inactive players will automatically lose when time's up. (requested by PinkScourge)\n|inactive|lolgz also wants the timer to be on.\n|l|\u2606PinkScourge\n|inactive|PinkScourge disconnected and has 300 seconds to reconnect!\n|player|p1|\n|j|\u2606PinkScourge\n|inactive|PinkScourge reconnected and has 275 seconds left.\n|player|p1|PinkScourge|bede-leader\n|inactive|PinkScourge has 270 seconds left.\n|\n|t:|1699241688\n|start\n|switch|p1a: Arceus|Arceus-Poison|100\/100\n|switch|p2a: Cyclizar|Cyclizar, M|100\/100\n|turn|1\n|c|\u2606PinkScourge|GL\n|\n|t:|1699241699\n|move|p2a: Cyclizar|Shed Tail|p2a: Cyclizar\n|-start|p2a: Cyclizar|Substitute|[from] move: Shed Tail\n|-damage|p2a: Cyclizar|50\/100\n|inactive|lolgz has 270 seconds left.\n|\n|t:|1699241737\n|switch|p2a: Magearna|Magearna|100\/100|[from] Shed Tail\n|move|p1a: Arceus|Perish Song|p1a: Arceus\n|-start|p1a: Arceus|perish3|[silent]\n|-start|p2a: Magearna|perish3|[silent]\n|-fieldactivate|move: Perish Song\n|\n|-start|p1a: Arceus|perish3\n|-start|p2a: Magearna|perish3\n|upkeep\n|turn|2\n|\n|t:|1699241742\n|move|p1a: Arceus|Future Sight|p2a: Magearna\n|-start|p1a: Arceus|move: Future Sight\n|move|p2a: Magearna|Shift Gear|p2a: Magearna\n|-boost|p2a: Magearna|spe|2\n|-boost|p2a: Magearna|atk|1\n|\n|-start|p2a: Magearna|perish2\n|-start|p1a: Arceus|perish2\n|upkeep\n|turn|3\n|\n|t:|1699241750\n|switch|p1a: Gothitelle|Gothitelle, F|100\/100\n|move|p2a: Magearna|Stored Power|p1a: Gothitelle\n|-resisted|p1a: Gothitelle\n|-damage|p1a: Gothitelle|91\/100\n|\n|-start|p2a: Magearna|perish1\n|upkeep\n|turn|4\n|\n|t:|1699241758\n|move|p1a: Gothitelle|Protect|p1a: Gothitelle\n|-singleturn|p1a: Gothitelle|Protect\n|move|p2a: Magearna|Draining Kiss|p1a: Gothitelle\n|-activate|p1a: Gothitelle|move: Protect\n|\n|-end|p2a: Magearna|move: Future Sight\n|-resisted|p2a: Magearna\n|-activate|p2a: Magearna|move: Substitute|[damage]\n|-start|p2a: Magearna|perish0\n|faint|p2a: Magearna\n|upkeep\n|\n|t:|1699241761\n|switch|p2a: Zacian|Zacian|100\/100\n|-ability|p2a: Zacian|Intrepid Sword|boost\n|-boost|p2a: Zacian|atk|1\n|turn|5\n|\n|t:|1699241776\n|switch|p1a: Alomomola|Alomomola, M|100\/100\n|move|p2a: Zacian|Swords Dance|p2a: Zacian\n|-boost|p2a: Zacian|atk|2\n|\n|upkeep\n|turn|6\n|\n|t:|1699241784\n|move|p2a: Zacian|Play Rough|p1a: Alomomola\n|-damage|p1a: Alomomola|35\/100\n|-damage|p2a: Zacian|84\/100|[from] item: Rocky Helmet|[of] p1a: Alomomola\n|move|p1a: Alomomola|Flip Turn|p2a: Zacian\n|-damage|p2a: Zacian|70\/100\n|\n|t:|1699241794\n|switch|p1a: Slowking|Slowking-Galar, F|100\/100|[from] Flip Turn\n|\n|upkeep\n|turn|7\n|\n|t:|1699241802\n|-terastallize|p2a: Zacian|Steel\n|move|p2a: Zacian|Iron Head|p1a: Slowking\n|-damage|p1a: Slowking|0 fnt\n|faint|p1a: Slowking\n|\n|upkeep\n|\n|t:|1699241818\n|switch|p1a: Mandibuzz|Mandibuzz, F|100\/100\n|turn|8\n|\n|t:|1699241822\n|-terastallize|p1a: Mandibuzz|Water\n|move|p2a: Zacian|Play Rough|p1a: Mandibuzz\n|-damage|p1a: Mandibuzz|13\/100\n|move|p1a: Mandibuzz|Foul Play|p2a: Zacian\n|-damage|p2a: Zacian|0 fnt\n|faint|p2a: Zacian\n|\n|upkeep\n|\n|t:|1699241829\n|switch|p2a: Volcarona|Volcarona, M|100\/100\n|turn|9\n|\n|t:|1699241833\n|switch|p1a: Arceus|Arceus-Poison|100\/100\n|move|p2a: Volcarona|Quiver Dance|p2a: Volcarona\n|-boost|p2a: Volcarona|spa|1\n|-boost|p2a: Volcarona|spd|1\n|-boost|p2a: Volcarona|spe|1\n|\n|upkeep\n|turn|10\n|\n|t:|1699241837\n|move|p2a: Volcarona|Fiery Dance|p1a: Arceus\n|-damage|p1a: Arceus|69\/100\n|-boost|p2a: Volcarona|spa|1\n|move|p1a: Arceus|Perish Song|p1a: Arceus\n|-start|p1a: Arceus|perish3|[silent]\n|-start|p2a: Volcarona|perish3|[silent]\n|-fieldactivate|move: Perish Song\n|\n|-start|p2a: Volcarona|perish3\n|-start|p1a: Arceus|perish3\n|upkeep\n|turn|11\n|\n|t:|1699241841\n|move|p2a: Volcarona|Fiery Dance|p1a: Arceus\n|-damage|p1a: Arceus|25\/100\n|move|p1a: Arceus|Recover|p1a: Arceus\n|-heal|p1a: Arceus|75\/100\n|\n|-start|p2a: Volcarona|perish2\n|-start|p1a: Arceus|perish2\n|upkeep\n|turn|12\n|\n|t:|1699241853\n|switch|p2a: Cyclizar|Cyclizar, M|84\/100\n|switch|p1a: Palkia|Palkia|100\/100\n|-ability|p1a: Palkia|Pressure\n|\n|upkeep\n|turn|13\n|\n|t:|1699241861\n|switch|p1a: Arceus|Arceus-Poison|75\/100\n|move|p2a: Cyclizar|Draco Meteor|p1a: Arceus|[miss]\n|-miss|p2a: Cyclizar|p1a: Arceus\n|\n|upkeep\n|turn|14\n|\n|t:|1699241866\n|move|p2a: Cyclizar|Draco Meteor|p1a: Arceus|[miss]\n|-miss|p2a: Cyclizar|p1a: Arceus\n|move|p1a: Arceus|Future Sight|p2a: Cyclizar\n|-start|p1a: Arceus|move: Future Sight\n|\n|upkeep\n|turn|15\n|\n|t:|1699241868\n|move|p2a: Cyclizar|Draco Meteor|p1a: Arceus|[miss]\n|-miss|p2a: Cyclizar|p1a: Arceus\n|move|p1a: Arceus|Poison Jab|p2a: Cyclizar\n|-damage|p2a: Cyclizar|31\/100\n|-status|p2a: Cyclizar|psn\n|\n|-damage|p2a: Cyclizar|19\/100 psn|[from] psn\n|upkeep\n|turn|16\n|c|\u2606PinkScourge|Uh...\n|\n|t:|1699241881\n|switch|p2a: Dialga|Dialga|100\/100\n|-ability|p2a: Dialga|Pressure\n|move|p1a: Arceus|Recover|p1a: Arceus\n|-heal|p1a: Arceus|100\/100\n|\n|-end|p2a: Dialga|move: Future Sight\n|-resisted|p2a: Dialga\n|-damage|p2a: Dialga|83\/100\n|upkeep\n|turn|17\n|\n|t:|1699241890\n|move|p2a: Dialga|Draco Meteor|p1a: Arceus\n|-damage|p1a: Arceus|62\/100\n|-unboost|p2a: Dialga|spa|2\n|move|p1a: Arceus|Future Sight|p2a: Dialga\n|-start|p1a: Arceus|move: Future Sight\n|\n|upkeep\n|turn|18\n|\n|t:|1699241895\n|switch|p2a: Roaring Moon|Roaring Moon|100\/100\n|-enditem|p2a: Roaring Moon|Booster Energy\n|-activate|p2a: Roaring Moon|ability: Protosynthesis|[fromitem]\n|-start|p2a: Roaring Moon|protosynthesisatk\n|move|p1a: Arceus|Recover|p1a: Arceus\n|-heal|p1a: Arceus|100\/100\n|\n|upkeep\n|turn|19\n|\n|t:|1699241901\n|move|p2a: Roaring Moon|Dragon Dance|p2a: Roaring Moon\n|-boost|p2a: Roaring Moon|atk|1\n|-boost|p2a: Roaring Moon|spe|1\n|move|p1a: Arceus|Perish Song|p1a: Arceus\n|-start|p1a: Arceus|perish3|[silent]\n|-start|p2a: Roaring Moon|perish3|[silent]\n|-fieldactivate|move: Perish Song\n|\n|-end|p2a: Roaring Moon|move: Future Sight\n|-immune|p2a: Roaring Moon\n|-start|p2a: Roaring Moon|perish3\n|-start|p1a: Arceus|perish3\n|upkeep\n|turn|20\n|\n|t:|1699241910\n|switch|p1a: Mandibuzz|Mandibuzz, F, tera:Water|13\/100\n|move|p2a: Roaring Moon|Knock Off|p1a: Mandibuzz\n|-damage|p1a: Mandibuzz|0 fnt\n|-enditem|p1a: Mandibuzz|Heavy-Duty Boots|[from] move: Knock Off|[of] p2a: Roaring Moon\n|faint|p1a: Mandibuzz\n|\n|-start|p2a: Roaring Moon|perish2\n|upkeep\n|\n|t:|1699241917\n|switch|p1a: Gothitelle|Gothitelle, F|91\/100\n|turn|21\n|\n|t:|1699241920\n|move|p1a: Gothitelle|Protect|p1a: Gothitelle\n|-singleturn|p1a: Gothitelle|Protect\n|move|p2a: Roaring Moon|Knock Off|p1a: Gothitelle\n|-activate|p1a: Gothitelle|move: Protect\n|\n|-start|p2a: Roaring Moon|perish1\n|upkeep\n|turn|22\n|\n|t:|1699241928\n|switch|p1a: Arceus|Arceus-Poison|100\/100\n|move|p2a: Roaring Moon|Knock Off|p1a: Arceus\n|-damage|p1a: Arceus|55\/100\n|\n|-start|p2a: Roaring Moon|perish0\n|upkeep\n|faint|p2a: Roaring Moon\n|-end|p2a: Roaring Moon|Protosynthesis|[silent]\n|\n|t:|1699241941\n|switch|p2a: Volcarona|Volcarona, M|100\/100\n|turn|23\n|inactive|lolgz has 270 seconds left.\n|inactive|lolgz has 240 seconds left.\n|\n|t:|1699242004\n|move|p2a: Volcarona|Quiver Dance|p2a: Volcarona\n|-boost|p2a: Volcarona|spa|1\n|-boost|p2a: Volcarona|spd|1\n|-boost|p2a: Volcarona|spe|1\n|move|p1a: Arceus|Perish Song|p1a: Arceus\n|-start|p1a: Arceus|perish3|[silent]\n|-start|p2a: Volcarona|perish3|[silent]\n|-fieldactivate|move: Perish Song\n|\n|-start|p2a: Volcarona|perish3\n|-start|p1a: Arceus|perish3\n|upkeep\n|turn|24\n|\n|t:|1699242009\n|move|p2a: Volcarona|Fiery Dance|p1a: Arceus\n|-damage|p1a: Arceus|26\/100\n|move|p1a: Arceus|Recover|p1a: Arceus\n|-heal|p1a: Arceus|76\/100\n|\n|-start|p2a: Volcarona|perish2\n|-start|p1a: Arceus|perish2\n|upkeep\n|turn|25\n|\n|t:|1699242015\n|switch|p1a: Gothitelle|Gothitelle, F|91\/100\n|move|p2a: Volcarona|Fiery Dance|p1a: Gothitelle\n|-damage|p1a: Gothitelle|39\/100\n|\n|-start|p2a: Volcarona|perish1\n|upkeep\n|turn|26\n|\n|t:|1699242021\n|move|p1a: Gothitelle|Protect|p1a: Gothitelle\n|-singleturn|p1a: Gothitelle|Protect\n|move|p2a: Volcarona|Fiery Dance|p1a: Gothitelle\n|-activate|p1a: Gothitelle|move: Protect\n|\n|-start|p2a: Volcarona|perish0\n|faint|p2a: Volcarona\n|upkeep\n|\n|t:|1699242022\n|switch|p2a: Dialga|Dialga|83\/100\n|-ability|p2a: Dialga|Pressure\n|turn|27\n|\n|t:|1699242026\n|switch|p1a: Arceus|Arceus-Poison|76\/100\n|move|p2a: Dialga|Draco Meteor|p1a: Arceus\n|-damage|p1a: Arceus|41\/100\n|-unboost|p2a: Dialga|spa|2\n|\n|upkeep\n|turn|28\n|\n|t:|1699242033\n|move|p2a: Dialga|Draco Meteor|p1a: Arceus\n|-crit|p1a: Arceus\n|-damage|p1a: Arceus|0 fnt\n|-unboost|p2a: Dialga|spa|2\n|faint|p1a: Arceus\n|\n|upkeep\n|\n|t:|1699242040\n|switch|p1a: Palkia|Palkia|100\/100\n|-ability|p1a: Palkia|Pressure\n|turn|29\n|\n|t:|1699242047\n|switch|p2a: Cyclizar|Cyclizar, M|52\/100 psn\n|move|p1a: Palkia|Spacial Rend|p2a: Cyclizar\n|-supereffective|p2a: Cyclizar\n|-damage|p2a: Cyclizar|0 fnt\n|faint|p2a: Cyclizar\n|\n|upkeep\n|\n|t:|1699242052\n|switch|p2a: Dialga|Dialga|83\/100\n|-ability|p2a: Dialga|Pressure\n|turn|30\n|\n|t:|1699242058\n|switch|p1a: Gothitelle|Gothitelle, F|39\/100\n|move|p2a: Dialga|Draco Meteor|p1a: Gothitelle\n|-damage|p1a: Gothitelle|0 fnt\n|-unboost|p2a: Dialga|spa|2\n|faint|p1a: Gothitelle\n|\n|upkeep\n|\n|t:|1699242063\n|switch|p1a: Alomomola|Alomomola, M|68\/100\n|turn|31\n|\n|t:|1699242065\n|move|p2a: Dialga|Draco Meteor|p1a: Alomomola\n|-damage|p1a: Alomomola|31\/100\n|-unboost|p2a: Dialga|spa|2\n|move|p1a: Alomomola|Wish|p1a: Alomomola\n|\n|upkeep\n|turn|32\n|\n|t:|1699242069\n|move|p2a: Dialga|Draco Meteor|p1a: Alomomola\n|-damage|p1a: Alomomola|6\/100\n|-unboost|p2a: Dialga|spa|2\n|move|p1a: Alomomola|Mirror Coat|p2a: Dialga\n|-damage|p2a: Dialga|12\/100\n|\n|-heal|p1a: Alomomola|57\/100|[from] move: Wish|[wisher] Alomomola\n|upkeep\n|turn|33\n|-message|lolgz forfeited.\n|\n|win|PinkScourge\n|l|\u2606lolgz\n","uploadtime":1699242090,"views":4,"p1id":"pinkscourge","p2id":"lolgz","formatid":"gen9ubers","rating":0,"private":0,"password":""}