{"id":"gen9ubers-1973838076","p1":"the_cacas_master","p2":"Anne Frankkkk","format":"[Gen 9] Ubers","log":"|j|\u2606the_cacas_master\n|j|\u2606Anne Frankkkk\n|t:|1698019048\n|gametype|singles\n|player|p1|the_cacas_master|red|1092\n|player|p2|Anne Frankkkk|hilbert|1259\n|teamsize|p1|6\n|teamsize|p2|6\n|gen|9\n|tier|[Gen 9] Ubers\n|rated|\n|rule|Sleep Clause Mod: Limit one foe put to sleep\n|rule|Species Clause: Limit one of each Pok\u00e9mon\n|rule|OHKO Clause: OHKO moves are banned\n|rule|Evasion Items Clause: Evasion items are banned\n|rule|Evasion Moves Clause: Evasion moves are banned\n|rule|Endless Battle Clause: Forcing endless battles is banned\n|rule|HP Percentage Mod: HP is shown in percentages\n|clearpoke\n|poke|p1|Volcarona, F|\n|poke|p1|Espathra, M|\n|poke|p1|Skeledirge, F|\n|poke|p1|Clodsire, F|\n|poke|p1|Palafin, F|\n|poke|p1|Great Tusk|\n|poke|p2|Iron Hands|\n|poke|p2|Kyogre|\n|poke|p2|Chien-Pao|\n|poke|p2|Ribombee, M|\n|poke|p2|Miraidon|\n|poke|p2|Flutter Mane|\n|teampreview\n|inactive|Battle timer is ON: inactive players will automatically lose when time's up. (requested by Anne Frankkkk)\n|\n|t:|1698019056\n|start\n|switch|p1a: Clodsire|Clodsire, F|100\/100\n|switch|p2a: Ribombee|Ribombee, M, shiny|100\/100\n|turn|1\n|\n|t:|1698019064\n|move|p2a: Ribombee|Sticky Web|p1a: Clodsire\n|-sidestart|p1: the_cacas_master|move: Sticky Web\n|move|p1a: Clodsire|Toxic|p2a: Ribombee\n|-status|p2a: Ribombee|tox\n|\n|-damage|p2a: Ribombee|94\/100 tox|[from] psn\n|upkeep\n|turn|2\n|\n|t:|1698019073\n|move|p2a: Ribombee|Moonblast|p1a: Clodsire\n|-resisted|p1a: Clodsire\n|-damage|p1a: Clodsire|90\/100\n|move|p1a: Clodsire|Earthquake|p2a: Ribombee\n|-resisted|p2a: Ribombee\n|-damage|p2a: Ribombee|66\/100 tox\n|\n|-heal|p1a: Clodsire|96\/100|[from] item: Black Sludge\n|-damage|p2a: Ribombee|53\/100 tox|[from] psn\n|upkeep\n|turn|3\n|\n|t:|1698019083\n|move|p1a: Clodsire|Protect|p1a: Clodsire\n|-singleturn|p1a: Clodsire|Protect\n|move|p2a: Ribombee|Moonblast|p1a: Clodsire\n|-activate|p1a: Clodsire|move: Protect\n|\n|-heal|p1a: Clodsire|100\/100|[from] item: Black Sludge\n|-damage|p2a: Ribombee|35\/100 tox|[from] psn\n|upkeep\n|turn|4\n|\n|t:|1698019092\n|switch|p1a: Volcarona|Volcarona, F|100\/100\n|move|p2a: Ribombee|Moonblast|p1a: Volcarona\n|-resisted|p1a: Volcarona\n|-damage|p1a: Volcarona|80\/100\n|-unboost|p1a: Volcarona|spa|1\n|\n|-damage|p2a: Ribombee|10\/100 tox|[from] psn\n|upkeep\n|turn|5\n|\n|t:|1698019101\n|move|p2a: Ribombee|Moonblast|p1a: Volcarona\n|-resisted|p1a: Volcarona\n|-damage|p1a: Volcarona|61\/100\n|move|p1a: Volcarona|Quiver Dance|p1a: Volcarona\n|-boost|p1a: Volcarona|spa|1\n|-boost|p1a: Volcarona|spd|1\n|-boost|p1a: Volcarona|spe|1\n|\n|-damage|p2a: Ribombee|0 fnt|[from] psn\n|faint|p2a: Ribombee\n|upkeep\n|\n|t:|1698019114\n|switch|p2a: Iron Hands|Iron Hands, shiny|100\/100\n|turn|6\n|\n|t:|1698019118\n|move|p2a: Iron Hands|Fake Out|p1a: Volcarona\n|-damage|p1a: Volcarona|35\/100\n|cant|p1a: Volcarona|flinch\n|\n|upkeep\n|turn|7\n|\n|t:|1698019123\n|move|p1a: Volcarona|Psychic|p2a: Iron Hands\n|-supereffective|p2a: Iron Hands\n|-damage|p2a: Iron Hands|59\/100\n|move|p2a: Iron Hands|Wild Charge|p1a: Volcarona\n|-damage|p1a: Volcarona|0 fnt\n|faint|p1a: Volcarona\n|-damage|p2a: Iron Hands|54\/100|[from] Recoil\n|\n|upkeep\n|\n|t:|1698019130\n|switch|p1a: Great Tusk|Great Tusk|100\/100\n|-activate|p1a: Great Tusk|move: Sticky Web\n|-unboost|p1a: Great Tusk|spe|1\n|turn|8\n|\n|t:|1698019141\n|move|p1a: Great Tusk|Earthquake|p2a: Iron Hands\n|-supereffective|p2a: Iron Hands\n|-damage|p2a: Iron Hands|0 fnt\n|faint|p2a: Iron Hands\n|-end|p2a: Iron Hands|Quark Drive|[silent]\n|\n|upkeep\n|\n|t:|1698019146\n|switch|p2a: Kyogre|Kyogre|100\/100\n|-weather|RainDance|[from] ability: Drizzle|[of] p2a: Kyogre\n|turn|9\n|\n|t:|1698019151\n|-end|p1a: Great Tusk|Protosynthesis|[silent]\n|switch|p1a: Clodsire|Clodsire, F|100\/100\n|-activate|p1a: Clodsire|move: Sticky Web\n|-unboost|p1a: Clodsire|spe|1\n|move|p2a: Kyogre|Water Spout|p1a: Clodsire\n|-immune|p1a: Clodsire|[from] ability: Water Absorb\n|\n|-weather|RainDance|[upkeep]\n|upkeep\n|turn|10\n|\n|t:|1698019172\n|switch|p2a: Miraidon|Miraidon|100\/100\n|-fieldstart|move: Electric Terrain|[from] ability: Hadron Engine|[of] p2a: Miraidon\n|-item|p2a: Miraidon|Air Balloon\n|move|p1a: Clodsire|Toxic|p2a: Miraidon\n|-status|p2a: Miraidon|tox\n|\n|-weather|RainDance|[upkeep]\n|-damage|p2a: Miraidon|94\/100 tox|[from] psn\n|upkeep\n|turn|11\n|\n|t:|1698019181\n|move|p1a: Clodsire|Protect|p1a: Clodsire\n|-singleturn|p1a: Clodsire|Protect\n|move|p2a: Miraidon|Calm Mind|p2a: Miraidon\n|-boost|p2a: Miraidon|spa|1\n|-boost|p2a: Miraidon|spd|1\n|\n|-weather|RainDance|[upkeep]\n|-damage|p2a: Miraidon|82\/100 tox|[from] psn\n|upkeep\n|turn|12\n|\n|t:|1698019198\n|move|p2a: Miraidon|Dragon Pulse|p1a: Clodsire\n|-damage|p1a: Clodsire|49\/100\n|move|p1a: Clodsire|Recover|p1a: Clodsire\n|-heal|p1a: Clodsire|99\/100\n|\n|-weather|RainDance|[upkeep]\n|-heal|p1a: Clodsire|100\/100|[from] item: Black Sludge\n|-damage|p2a: Miraidon|64\/100 tox|[from] psn\n|upkeep\n|turn|13\n|\n|t:|1698019206\n|move|p1a: Clodsire|Protect|p1a: Clodsire\n|-singleturn|p1a: Clodsire|Protect\n|move|p2a: Miraidon|Calm Mind|p2a: Miraidon\n|-boost|p2a: Miraidon|spa|1\n|-boost|p2a: Miraidon|spd|1\n|\n|-weather|none\n|-damage|p2a: Miraidon|39\/100 tox|[from] psn\n|upkeep\n|turn|14\n|\n|t:|1698019214\n|move|p2a: Miraidon|Dragon Pulse|p1a: Clodsire\n|-damage|p1a: Clodsire|30\/100\n|move|p1a: Clodsire|Recover|p1a: Clodsire\n|-heal|p1a: Clodsire|80\/100\n|\n|-heal|p1a: Clodsire|86\/100|[from] item: Black Sludge\n|-damage|p2a: Miraidon|8\/100 tox|[from] psn\n|-fieldend|move: Electric Terrain\n|upkeep\n|turn|15\n|\n|t:|1698019223\n|move|p1a: Clodsire|Protect|p1a: Clodsire\n|-singleturn|p1a: Clodsire|Protect\n|move|p2a: Miraidon|Dragon Pulse|p1a: Clodsire\n|-activate|p1a: Clodsire|move: Protect\n|\n|-heal|p1a: Clodsire|93\/100|[from] item: Black Sludge\n|-damage|p2a: Miraidon|0 fnt|[from] psn\n|faint|p2a: Miraidon\n|upkeep\n|\n|t:|1698019228\n|switch|p2a: Chien-Pao|Chien-Pao|100\/100\n|-ability|p2a: Chien-Pao|Sword of Ruin\n|turn|16\n|\n|t:|1698019235\n|move|p2a: Chien-Pao|Swords Dance|p2a: Chien-Pao\n|-boost|p2a: Chien-Pao|atk|2\n|move|p1a: Clodsire|Toxic|p2a: Chien-Pao\n|-status|p2a: Chien-Pao|tox\n|\n|-heal|p1a: Clodsire|99\/100|[from] item: Black Sludge\n|-damage|p2a: Chien-Pao|95\/100 tox|[from] psn\n|upkeep\n|turn|17\n|\n|t:|1698019243\n|move|p1a: Clodsire|Protect|p1a: Clodsire\n|-singleturn|p1a: Clodsire|Protect\n|move|p2a: Chien-Pao|Swords Dance|p2a: Chien-Pao\n|-boost|p2a: Chien-Pao|atk|2\n|\n|-heal|p1a: Clodsire|100\/100|[from] item: Black Sludge\n|-damage|p2a: Chien-Pao|83\/100 tox|[from] psn\n|upkeep\n|turn|18\n|\n|t:|1698019251\n|move|p2a: Chien-Pao|Icicle Crash|p1a: Clodsire\n|-supereffective|p1a: Clodsire\n|-damage|p1a: Clodsire|0 fnt\n|faint|p1a: Clodsire\n|-damage|p2a: Chien-Pao|73\/100 tox|[from] item: Life Orb\n|\n|-damage|p2a: Chien-Pao|55\/100 tox|[from] psn\n|upkeep\n|\n|t:|1698019262\n|switch|p1a: Skeledirge|Skeledirge, F|100\/100\n|-activate|p1a: Skeledirge|move: Sticky Web\n|-unboost|p1a: Skeledirge|spe|1\n|turn|19\n|\n|t:|1698019274\n|move|p2a: Chien-Pao|Sucker Punch|p1a: Skeledirge\n|-supereffective|p1a: Skeledirge\n|-damage|p1a: Skeledirge|30\/100\n|-damage|p2a: Chien-Pao|45\/100 tox|[from] item: Life Orb\n|move|p1a: Skeledirge|Torch Song|p2a: Chien-Pao\n|-supereffective|p2a: Chien-Pao\n|-damage|p2a: Chien-Pao|0 fnt\n|-boost|p1a: Skeledirge|spa|1\n|faint|p2a: Chien-Pao\n|\n|upkeep\n|\n|t:|1698019279\n|switch|p2a: Kyogre|Kyogre|100\/100\n|-weather|RainDance|[from] ability: Drizzle|[of] p2a: Kyogre\n|turn|20\n|\n|t:|1698019286\n|move|p2a: Kyogre|Water Spout|p1a: Skeledirge\n|-supereffective|p1a: Skeledirge\n|-damage|p1a: Skeledirge|0 fnt\n|faint|p1a: Skeledirge\n|\n|-weather|RainDance|[upkeep]\n|upkeep\n|\n|t:|1698019291\n|switch|p1a: Espathra|Espathra, M|100\/100\n|-activate|p1a: Espathra|move: Sticky Web\n|-unboost|p1a: Espathra|spe|1\n|turn|21\n|\n|t:|1698019295\n|-terastallize|p2a: Kyogre|Water\n|move|p1a: Espathra|Protect|p1a: Espathra\n|-singleturn|p1a: Espathra|Protect\n|move|p2a: Kyogre|Water Spout|p1a: Espathra\n|-activate|p1a: Espathra|move: Protect\n|\n|-weather|RainDance|[upkeep]\n|-ability|p1a: Espathra|Speed Boost|boost\n|-boost|p1a: Espathra|spe|1\n|upkeep\n|turn|22\n|\n|t:|1698019306\n|move|p1a: Espathra|Calm Mind|p1a: Espathra\n|-boost|p1a: Espathra|spa|1\n|-boost|p1a: Espathra|spd|1\n|move|p2a: Kyogre|Water Spout|p1a: Espathra\n|-damage|p1a: Espathra|0 fnt\n|faint|p1a: Espathra\n|\n|-weather|RainDance|[upkeep]\n|upkeep\n|\n|t:|1698019314\n|switch|p1a: Great Tusk|Great Tusk|100\/100\n|-activate|p1a: Great Tusk|move: Sticky Web\n|-unboost|p1a: Great Tusk|spe|1\n|turn|23\n|\n|t:|1698019319\n|-terastallize|p1a: Great Tusk|Ghost\n|move|p2a: Kyogre|Water Spout|p1a: Great Tusk\n|-damage|p1a: Great Tusk|0 fnt\n|faint|p1a: Great Tusk\n|-end|p1a: Great Tusk|Protosynthesis|[silent]\n|\n|-weather|RainDance|[upkeep]\n|upkeep\n|-message|the_cacas_master forfeited.\n|\n|win|Anne Frankkkk\n|raw|the_cacas_master's rating: 1092 &rarr; <strong>1079<\/strong><br \/>(-13 for losing)\n|raw|Anne Frankkkk's rating: 1259 &rarr; <strong>1273<\/strong><br \/>(+14 for winning)\n|l|\u2606the_cacas_master\n","uploadtime":1698019331,"views":8,"p1id":"thecacasmaster","p2id":"annefrankkkk","formatid":"gen9ubers","rating":1079,"private":0,"password":""}