{"id":"gen9ubers-1971356879","p1":"Anne Frankkkk","p2":"Morii 55","format":"[Gen 9] Ubers","log":"|j|\u2606Anne Frankkkk\n|j|\u2606Morii 55\n|t:|1697732111\n|gametype|singles\n|player|p1|Anne Frankkkk|hilbert|1203\n|player|p2|Morii 55|roxie|1167\n|teamsize|p1|6\n|teamsize|p2|6\n|gen|9\n|tier|[Gen 9] Ubers\n|rated|\n|rule|Sleep Clause Mod: Limit one foe put to sleep\n|rule|Species Clause: Limit one of each Pok\u00e9mon\n|rule|OHKO Clause: OHKO moves are banned\n|rule|Evasion Items Clause: Evasion items are banned\n|rule|Evasion Moves Clause: Evasion moves are banned\n|rule|Endless Battle Clause: Forcing endless battles is banned\n|rule|HP Percentage Mod: HP is shown in percentages\n|clearpoke\n|poke|p1|Quaquaval, M|\n|poke|p1|Kyogre|\n|poke|p1|Chien-Pao|\n|poke|p1|Donphan, M|\n|poke|p1|Miraidon|\n|poke|p1|Iron Moth|\n|poke|p2|Miraidon|\n|poke|p2|Baxcalibur, F|\n|poke|p2|Kyogre|\n|poke|p2|Volcarona, M|\n|poke|p2|Azumarill, F|\n|poke|p2|Great Tusk|\n|teampreview\n|\n|t:|1697732140\n|start\n|switch|p1a: Kyogre|Kyogre|100\/100\n|switch|p2a: Great Tusk|Great Tusk|100\/100\n|-weather|RainDance|[from] ability: Drizzle|[of] p1a: Kyogre\n|-enditem|p2a: Great Tusk|Booster Energy\n|-activate|p2a: Great Tusk|ability: Protosynthesis|[fromitem]\n|-start|p2a: Great Tusk|protosynthesisatk\n|turn|1\n|\n|t:|1697732150\n|move|p1a: Kyogre|Water Spout|p2a: Great Tusk\n|-supereffective|p2a: Great Tusk\n|-damage|p2a: Great Tusk|0 fnt\n|faint|p2a: Great Tusk\n|-end|p2a: Great Tusk|Protosynthesis|[silent]\n|\n|-weather|RainDance|[upkeep]\n|upkeep\n|\n|t:|1697732152\n|switch|p2a: Kyogre|Kyogre|100\/100\n|turn|2\n|\n|t:|1697732168\n|switch|p1a: Donphan|Donphan, M, shiny|100\/100\n|move|p2a: Kyogre|Thunder|p1a: Donphan\n|-immune|p1a: Donphan\n|\n|-weather|RainDance|[upkeep]\n|upkeep\n|turn|3\n|inactive|Battle timer is ON: inactive players will automatically lose when time's up. (requested by Anne Frankkkk)\n|\n|t:|1697732171\n|switch|p2a: Azumarill|Azumarill, F|100\/100\n|move|p1a: Donphan|Earthquake|p2a: Azumarill\n|-damage|p2a: Azumarill|46\/100\n|-enditem|p2a: Azumarill|Sitrus Berry|[eat]\n|-heal|p2a: Azumarill|71\/100|[from] item: Sitrus Berry\n|\n|-weather|RainDance|[upkeep]\n|upkeep\n|turn|4\n|\n|t:|1697732175\n|move|p1a: Donphan|Gunk Shot|p2a: Azumarill\n|-supereffective|p2a: Azumarill\n|-damage|p2a: Azumarill|0 fnt\n|faint|p2a: Azumarill\n|\n|-weather|RainDance|[upkeep]\n|upkeep\n|\n|t:|1697732180\n|switch|p2a: Kyogre|Kyogre|100\/100\n|turn|5\n|\n|t:|1697732189\n|move|p2a: Kyogre|Water Spout|p1a: Donphan\n|-supereffective|p1a: Donphan\n|-ability|p1a: Donphan|Sturdy\n|-damage|p1a: Donphan|1\/100\n|move|p1a: Donphan|Earthquake|p2a: Kyogre\n|-damage|p2a: Kyogre|40\/100\n|\n|-weather|none\n|upkeep\n|turn|6\n|\n|t:|1697732193\n|move|p2a: Kyogre|Water Spout|p1a: Donphan\n|-supereffective|p1a: Donphan\n|-damage|p1a: Donphan|0 fnt\n|faint|p1a: Donphan\n|\n|upkeep\n|\n|t:|1697732196\n|switch|p1a: Kyogre|Kyogre|100\/100\n|-weather|RainDance|[from] ability: Drizzle|[of] p1a: Kyogre\n|turn|7\n|\n|t:|1697732198\n|move|p2a: Kyogre|Water Spout|p1a: Kyogre\n|-resisted|p1a: Kyogre\n|-damage|p1a: Kyogre|81\/100\n|move|p1a: Kyogre|Thunder|p2a: Kyogre\n|-supereffective|p2a: Kyogre\n|-damage|p2a: Kyogre|0 fnt\n|faint|p2a: Kyogre\n|\n|-weather|RainDance|[upkeep]\n|upkeep\n|\n|t:|1697732203\n|switch|p2a: Volcarona|Volcarona, M|100\/100\n|turn|8\n|\n|t:|1697732209\n|switch|p1a: Chien-Pao|Chien-Pao|100\/100\n|-ability|p1a: Chien-Pao|Sword of Ruin\n|move|p2a: Volcarona|Quiver Dance|p2a: Volcarona\n|-boost|p2a: Volcarona|spa|1\n|-boost|p2a: Volcarona|spd|1\n|-boost|p2a: Volcarona|spe|1\n|\n|-weather|RainDance|[upkeep]\n|upkeep\n|turn|9\n|\n|t:|1697732217\n|move|p1a: Chien-Pao|Sucker Punch|p2a: Volcarona\n|-damage|p2a: Volcarona|7\/100\n|-status|p1a: Chien-Pao|brn|[from] ability: Flame Body|[of] p2a: Volcarona\n|-damage|p1a: Chien-Pao|91\/100 brn|[from] item: Life Orb\n|move|p2a: Volcarona|Fiery Dance|p1a: Chien-Pao\n|-supereffective|p1a: Chien-Pao\n|-crit|p1a: Chien-Pao\n|-damage|p1a: Chien-Pao|0 fnt\n|-boost|p2a: Volcarona|spa|1\n|faint|p1a: Chien-Pao\n|\n|-weather|RainDance|[upkeep]\n|upkeep\n|\n|t:|1697732221\n|switch|p1a: Quaquaval|Quaquaval, M, shiny|100\/100\n|turn|10\n|\n|t:|1697732224\n|move|p2a: Volcarona|Giga Drain|p1a: Quaquaval\n|-supereffective|p1a: Quaquaval\n|-damage|p1a: Quaquaval|0 fnt\n|-heal|p2a: Volcarona|57\/100|[from] drain|[of] p1a: Quaquaval\n|faint|p1a: Quaquaval\n|\n|-weather|RainDance|[upkeep]\n|upkeep\n|\n|t:|1697732230\n|switch|p1a: Miraidon|Miraidon|100\/100\n|-fieldstart|move: Electric Terrain|[from] ability: Hadron Engine|[of] p1a: Miraidon\n|-item|p1a: Miraidon|Air Balloon\n|turn|11\n|\n|t:|1697732235\n|move|p2a: Volcarona|Fiery Dance|p1a: Miraidon\n|-resisted|p1a: Miraidon\n|-damage|p1a: Miraidon|80\/100\n|-enditem|p1a: Miraidon|Air Balloon\n|move|p1a: Miraidon|Electro Drift|p2a: Volcarona\n|-damage|p2a: Volcarona|0 fnt\n|faint|p2a: Volcarona\n|\n|-weather|none\n|upkeep\n|\n|t:|1697732243\n|switch|p2a: Baxcalibur|Baxcalibur, F|100\/100\n|turn|12\n|\n|t:|1697732256\n|-terastallize|p1a: Miraidon|Fairy\n|-terastallize|p2a: Baxcalibur|Ice\n|move|p2a: Baxcalibur|Ice Shard|p1a: Miraidon\n|-damage|p1a: Miraidon|48\/100\n|move|p1a: Miraidon|Calm Mind|p1a: Miraidon\n|-boost|p1a: Miraidon|spa|1\n|-boost|p1a: Miraidon|spd|1\n|\n|upkeep\n|turn|13\n|\n|t:|1697732263\n|move|p1a: Miraidon|Electro Drift|p2a: Baxcalibur\n|-damage|p2a: Baxcalibur|0 fnt\n|faint|p2a: Baxcalibur\n|\n|upkeep\n|\n|t:|1697732267\n|switch|p2a: Miraidon|Miraidon|100\/100\n|-activate|p2a: Miraidon|ability: Hadron Engine\n|turn|14\n|\n|t:|1697732272\n|move|p1a: Miraidon|Dragon Pulse|p2a: Miraidon\n|-supereffective|p2a: Miraidon\n|-damage|p2a: Miraidon|0 fnt\n|faint|p2a: Miraidon\n|\n|win|Anne Frankkkk\n|raw|Anne Frankkkk's rating: 1203 &rarr; <strong>1225<\/strong><br \/>(+22 for winning)\n|raw|Morii 55's rating: 1167 &rarr; <strong>1145<\/strong><br \/>(-22 for losing)\n|l|\u2606Morii 55\n","uploadtime":1697732280,"views":9,"p1id":"annefrankkkk","p2id":"morii55","formatid":"gen9ubers","rating":1145,"private":0,"password":""}