{"id":"gen9ubers-1996795450","p1":"6VYRY","p2":"Ayano'rexique \u00b4","format":"[Gen 9] Ubers","log":"|j|\u26066VYRY\n|j|\u2606Ayano'rexique \u00b4\n|t:|1700726601\n|gametype|singles\n|player|p1|6VYRY|hilda-wonderlauncher|1263\n|player|p2|Ayano'rexique \u00b4|lusamine|1330\n|teamsize|p1|6\n|teamsize|p2|6\n|gen|9\n|tier|[Gen 9] Ubers\n|rated|\n|rule|Sleep Clause Mod: Limit one foe put to sleep\n|rule|Species Clause: Limit one of each Pok\u00e9mon\n|rule|OHKO Clause: OHKO moves are banned\n|rule|Evasion Items Clause: Evasion items are banned\n|rule|Evasion Moves Clause: Evasion moves are banned\n|rule|Endless Battle Clause: Forcing endless battles is banned\n|rule|HP Percentage Mod: HP is shown in percentages\n|clearpoke\n|poke|p1|Groudon|\n|poke|p1|Walking Wake|\n|poke|p1|Arceus-Ground|\n|poke|p1|Flutter Mane|\n|poke|p1|Koraidon|\n|poke|p1|Zacian-*|\n|poke|p2|Groudon|\n|poke|p2|Chi-Yu|\n|poke|p2|Ogerpon-Hearthflame, F|\n|poke|p2|Koraidon|\n|poke|p2|Flutter Mane|\n|poke|p2|Ribombee, F|\n|teampreview\n|\n|t:|1700726608\n|start\n|switch|p1a: Groudon|Groudon|100\/100\n|switch|p2a: I hate myself|Ribombee, F|100\/100\n|-weather|SunnyDay|[from] ability: Drought|[of] p1a: Groudon\n|turn|1\n|c|\u26066VYRY|super butterfly\n|\n|t:|1700726632\n|switch|p1a: Arceus|Arceus-Ground|100\/100\n|move|p2a: I hate myself|Sticky Web|p1a: Arceus\n|-sidestart|p1: 6VYRY|move: Sticky Web\n|\n|-weather|SunnyDay|[upkeep]\n|upkeep\n|turn|2\n|\n|t:|1700726641\n|move|p2a: I hate myself|U-turn|p1a: Arceus\n|-damage|p1a: Arceus|92\/100\n|\n|t:|1700726648\n|switch|p2a: Sluttier Mane|Flutter Mane|100\/100|[from] U-turn\n|-activate|p2a: Sluttier Mane|ability: Protosynthesis\n|-start|p2a: Sluttier Mane|protosynthesisspe\n|move|p1a: Arceus|Dragon Dance|p1a: Arceus\n|-boost|p1a: Arceus|atk|1\n|-boost|p1a: Arceus|spe|1\n|\n|-weather|SunnyDay|[upkeep]\n|upkeep\n|turn|3\n|\n|t:|1700726659\n|move|p2a: Sluttier Mane|Moonblast|p1a: Arceus\n|-damage|p1a: Arceus|44\/100\n|-unboost|p1a: Arceus|spa|1\n|move|p1a: Arceus|Earthquake|p2a: Sluttier Mane\n|-damage|p2a: Sluttier Mane|0 fnt\n|faint|p2a: Sluttier Mane\n|-end|p2a: Sluttier Mane|Protosynthesis|[silent]\n|\n|-weather|SunnyDay|[upkeep]\n|upkeep\n|\n|t:|1700726673\n|switch|p2a: I can't aim|Groudon|100\/100\n|turn|4\n|\n|t:|1700726678\n|move|p1a: Arceus|Recover|p1a: Arceus\n|-heal|p1a: Arceus|94\/100\n|move|p2a: I can't aim|Earthquake|p1a: Arceus\n|-damage|p1a: Arceus|63\/100\n|\n|-weather|SunnyDay|[upkeep]\n|upkeep\n|turn|5\n|\n|t:|1700726683\n|move|p1a: Arceus|Dragon Dance|p1a: Arceus\n|-boost|p1a: Arceus|atk|1\n|-boost|p1a: Arceus|spe|1\n|move|p2a: I can't aim|Will-O-Wisp|p1a: Arceus\n|-status|p1a: Arceus|brn\n|\n|-weather|none\n|-damage|p1a: Arceus|57\/100 brn|[from] brn\n|upkeep\n|turn|6\n|\n|t:|1700726687\n|move|p1a: Arceus|Dragon Dance|p1a: Arceus\n|-boost|p1a: Arceus|atk|1\n|-boost|p1a: Arceus|spe|1\n|move|p2a: I can't aim|Earthquake|p1a: Arceus\n|-damage|p1a: Arceus|27\/100 brn\n|\n|-damage|p1a: Arceus|21\/100 brn|[from] brn\n|upkeep\n|turn|7\n|\n|t:|1700726689\n|move|p1a: Arceus|Recover|p1a: Arceus\n|-heal|p1a: Arceus|71\/100 brn\n|move|p2a: I can't aim|Earthquake|p1a: Arceus\n|-damage|p1a: Arceus|39\/100 brn\n|\n|-damage|p1a: Arceus|32\/100 brn|[from] brn\n|upkeep\n|turn|8\n|\n|t:|1700726692\n|move|p1a: Arceus|Recover|p1a: Arceus\n|-heal|p1a: Arceus|82\/100 brn\n|move|p2a: I can't aim|Earthquake|p1a: Arceus\n|-damage|p1a: Arceus|49\/100 brn\n|\n|-damage|p1a: Arceus|43\/100 brn|[from] brn\n|upkeep\n|turn|9\n|\n|t:|1700726696\n|-terastallize|p1a: Arceus|Ground\n|move|p1a: Arceus|Recover|p1a: Arceus\n|-heal|p1a: Arceus|93\/100 brn\n|move|p2a: I can't aim|Earthquake|p1a: Arceus\n|-damage|p1a: Arceus|59\/100 brn\n|\n|-damage|p1a: Arceus|53\/100 brn|[from] brn\n|upkeep\n|turn|10\n|\n|t:|1700726700\n|move|p1a: Arceus|Earthquake|p2a: I can't aim\n|-damage|p2a: I can't aim|50\/100\n|move|p2a: I can't aim|Earthquake|p1a: Arceus\n|-damage|p1a: Arceus|18\/100 brn\n|\n|-damage|p1a: Arceus|12\/100 brn|[from] brn\n|upkeep\n|turn|11\n|\n|t:|1700726703\n|move|p1a: Arceus|Earthquake|p2a: I can't aim\n|-damage|p2a: I can't aim|0 fnt\n|faint|p2a: I can't aim\n|\n|-damage|p1a: Arceus|5\/100 brn|[from] brn\n|upkeep\n|\n|t:|1700726709\n|switch|p2a: I hate myself|Ribombee, F|100\/100\n|turn|12\n|\n|t:|1700726711\n|move|p1a: Arceus|Flare Blitz|p2a: I hate myself\n|-supereffective|p2a: I hate myself\n|-enditem|p2a: I hate myself|Focus Sash\n|-damage|p2a: I hate myself|1\/100\n|-damage|p1a: Arceus|0 fnt|[from] Recoil\n|faint|p1a: Arceus\n|move|p2a: I hate myself|Tailwind|p2a: I hate myself\n|-sidestart|p2: Ayano'rexique \u00b4|move: Tailwind\n|\n|upkeep\n|\n|t:|1700726720\n|switch|p1a: Groudon|Groudon|100\/100\n|-activate|p1a: Groudon|move: Sticky Web\n|-unboost|p1a: Groudon|spe|1\n|-weather|SunnyDay|[from] ability: Drought|[of] p1a: Groudon\n|turn|13\n|\n|t:|1700726732\n|move|p2a: I hate myself|U-turn|p1a: Groudon\n|-damage|p1a: Groudon|93\/100\n|\n|t:|1700726734\n|switch|p2a: IM TERA FIRE|Koraidon|100\/100|[from] U-turn\n|-activate|p2a: IM TERA FIRE|ability: Orichalcum Pulse\n|move|p1a: Groudon|Stealth Rock|p2a: IM TERA FIRE\n|-sidestart|p2: Ayano'rexique \u00b4|move: Stealth Rock\n|\n|-weather|SunnyDay|[upkeep]\n|-heal|p1a: Groudon|99\/100|[from] item: Leftovers\n|upkeep\n|turn|14\n|\n|t:|1700726742\n|move|p2a: IM TERA FIRE|Flare Blitz|p1a: Groudon\n|-damage|p1a: Groudon|46\/100\n|-damage|p2a: IM TERA FIRE|81\/100|[from] Recoil\n|move|p1a: Groudon|Earthquake|p2a: IM TERA FIRE\n|-damage|p2a: IM TERA FIRE|35\/100\n|\n|-weather|SunnyDay|[upkeep]\n|-heal|p1a: Groudon|52\/100|[from] item: Leftovers\n|upkeep\n|turn|15\n|\n|t:|1700726750\n|move|p2a: IM TERA FIRE|Flare Blitz|p1a: Groudon\n|-damage|p1a: Groudon|6\/100\n|-status|p1a: Groudon|brn\n|-damage|p2a: IM TERA FIRE|18\/100|[from] Recoil\n|move|p1a: Groudon|Earthquake|p2a: IM TERA FIRE\n|-damage|p2a: IM TERA FIRE|0 fnt\n|faint|p2a: IM TERA FIRE\n|\n|-weather|SunnyDay|[upkeep]\n|-heal|p1a: Groudon|12\/100 brn|[from] item: Leftovers\n|-damage|p1a: Groudon|6\/100 brn|[from] brn\n|-sideend|p2: Ayano'rexique \u00b4|move: Tailwind\n|upkeep\n|\n|t:|1700726754\n|switch|p2a: Hater|Ogerpon-Hearthflame, F|100\/100\n|-damage|p2a: Hater|76\/100|[from] Stealth Rock\n|-ability|p2a: Hater|Mold Breaker\n|turn|16\n|\n|t:|1700726757\n|move|p2a: Hater|Trailblaze|p1a: Groudon\n|-supereffective|p1a: Groudon\n|-damage|p1a: Groudon|0 fnt\n|-boost|p2a: Hater|spe|1\n|faint|p1a: Groudon\n|\n|-weather|SunnyDay|[upkeep]\n|upkeep\n|\n|t:|1700726762\n|switch|p1a: Walking Wake|Walking Wake|100\/100\n|-activate|p1a: Walking Wake|move: Sticky Web\n|-unboost|p1a: Walking Wake|spe|1\n|-activate|p1a: Walking Wake|ability: Protosynthesis\n|-start|p1a: Walking Wake|protosynthesisspa\n|turn|17\n|\n|t:|1700726773\n|-terastallize|p2a: Hater|Fire\n|detailschange|p2a: Hater|Ogerpon-Hearthflame-Tera, F, tera:Fire\n|-ability|p2a: Hater|Embody Aspect (Hearthflame)|boost\n|-boost|p2a: Hater|atk|1\n|move|p2a: Hater|Play Rough|p1a: Walking Wake\n|-supereffective|p1a: Walking Wake\n|-damage|p1a: Walking Wake|0 fnt\n|faint|p1a: Walking Wake\n|-end|p1a: Walking Wake|Protosynthesis|[silent]\n|\n|-weather|none\n|upkeep\n|c|\u26066VYRY|gg\n|\n|t:|1700726791\n|switch|p1a: Koraidon|Koraidon|100\/100\n|-activate|p1a: Koraidon|move: Sticky Web\n|-unboost|p1a: Koraidon|spe|1\n|-weather|SunnyDay|[from] ability: Orichalcum Pulse|[of] p1a: Koraidon\n|-activate|p1a: Koraidon|Orichalcum Pulse|[source]\n|turn|18\n|\n|t:|1700726796\n|move|p2a: Hater|Ivy Cudgel|p1a: Koraidon|[anim] Ivy Cudgel Fire\n|-resisted|p1a: Koraidon\n|-damage|p1a: Koraidon|27\/100\n|move|p1a: Koraidon|Collision Course|p2a: Hater\n|-damage|p2a: Hater|0 fnt\n|faint|p2a: Hater\n|\n|-weather|SunnyDay|[upkeep]\n|-heal|p1a: Koraidon|33\/100|[from] item: Leftovers\n|upkeep\n|\n|t:|1700726800\n|switch|p2a: Toxic|Chi-Yu|100\/100\n|-damage|p2a: Toxic|76\/100|[from] Stealth Rock\n|-ability|p2a: Toxic|Beads of Ruin\n|turn|19\n|\n|t:|1700726806\n|move|p2a: Toxic|Flamethrower|p1a: Koraidon\n|-resisted|p1a: Koraidon\n|-damage|p1a: Koraidon|0 fnt\n|faint|p1a: Koraidon\n|\n|-weather|SunnyDay|[upkeep]\n|upkeep\n|c|\u26066VYRY|\u5267\u6bd2\n|c|\u26066VYRY|\u8349\n|\n|t:|1700726819\n|switch|p1a: Flutter Mane|Flutter Mane|100\/100\n|-activate|p1a: Flutter Mane|move: Sticky Web\n|-unboost|p1a: Flutter Mane|spe|1\n|-activate|p1a: Flutter Mane|ability: Protosynthesis\n|-start|p1a: Flutter Mane|protosynthesisspa\n|turn|20\n|c|\u2606Ayano'rexique \u00b4|What\n|\n|t:|1700726826\n|move|p2a: Toxic|Flamethrower|p1a: Flutter Mane\n|-damage|p1a: Flutter Mane|6\/100\n|-status|p1a: Flutter Mane|brn\n|move|p1a: Flutter Mane|Moonblast|p2a: Toxic\n|-damage|p2a: Toxic|0 fnt\n|faint|p2a: Toxic\n|\n|-weather|SunnyDay|[upkeep]\n|-damage|p1a: Flutter Mane|0 fnt|[from] brn\n|faint|p1a: Flutter Mane\n|-end|p1a: Flutter Mane|Protosynthesis|[silent]\n|upkeep\n|c|\u26066VYRY|nothing\n|c|\u2606Ayano'rexique \u00b4|MODS\n|c|\u2606Ayano'rexique \u00b4|ILL SNITCH\n|c|\u26066VYRY|i see\n|inactive|Battle timer is ON: inactive players will automatically lose when time's up. (requested by 6VYRY)\n|inactive|Ayano'rexique \u00b4 has 120 seconds left.\n|inactive|Ayano'rexique \u00b4 has 90 seconds left.\n|inactive|Ayano'rexique \u00b4 has 60 seconds left.\n|inactive|Ayano'rexique \u00b4 has 30 seconds left.\n|inactive|Ayano'rexique \u00b4 has 20 seconds left.\n|inactive|Ayano'rexique \u00b4 has 15 seconds left.\n|inactive|Ayano'rexique \u00b4 has 10 seconds left.\n|inactive|Ayano'rexique \u00b4 has 5 seconds left.\n|-message|Ayano'rexique \u00b4 lost due to inactivity.\n|\n|win|6VYRY\n|raw|6VYRY's rating: 1263 &rarr; <strong>1293<\/strong><br \/>(+30 for winning)\n|raw|Ayano&apos;rexique \u00b4's rating: 1330 &rarr; <strong>1306<\/strong><br \/>(-24 for losing)\n","uploadtime":1700726916,"views":8,"p1id":"6vyry","p2id":"ayanorexique","formatid":"gen9ubers","rating":1293,"private":0,"password":""}