{"id":"gen9ubers-1980623309","p1":"sword over shield","p2":"TubeKnight","format":"[Gen 9] Ubers","log":"|j|\u2606sword over shield\n|j|\u2606TubeKnight\n|t:|1698804478\n|gametype|singles\n|player|p1|sword over shield|265|\n|player|p2|TubeKnight|101|\n|teamsize|p1|6\n|teamsize|p2|6\n|gen|9\n|tier|[Gen 9] Ubers\n|rule|Sleep Clause Mod: Limit one foe put to sleep\n|rule|Species Clause: Limit one of each Pok\u00e9mon\n|rule|OHKO Clause: OHKO moves are banned\n|rule|Evasion Items Clause: Evasion items are banned\n|rule|Evasion Moves Clause: Evasion moves are banned\n|rule|Endless Battle Clause: Forcing endless battles is banned\n|rule|HP Percentage Mod: HP is shown in percentages\n|clearpoke\n|poke|p1|Arceus-Poison|\n|poke|p1|Magearna|\n|poke|p1|Dragapult, F|\n|poke|p1|Zacian-*|\n|poke|p1|Gliscor, M|\n|poke|p1|Palkia-Origin|\n|poke|p2|Torkoal, M|\n|poke|p2|Chi-Yu|\n|poke|p2|Walking Wake|\n|poke|p2|Lilligant-Hisui, F|\n|poke|p2|Giratina|\n|poke|p2|Zacian-*|\n|teampreview\n|c|\u2606TubeKnight|glhf\n|inactive|Battle timer is ON: inactive players will automatically lose when time's up. (requested by TubeKnight)\n|c|\u2606sword over shield|sty\n|\n|t:|1698804506\n|start\n|switch|p1a: Gliscor|Gliscor, M|100\/100\n|switch|p2a: Ze Turtle|Torkoal, M, shiny|100\/100\n|-weather|SunnyDay|[from] ability: Drought|[of] p2a: Ze Turtle\n|turn|1\n|\n|t:|1698804514\n|move|p1a: Gliscor|Stealth Rock|p2a: Ze Turtle\n|-sidestart|p2: TubeKnight|move: Stealth Rock\n|move|p2a: Ze Turtle|Stealth Rock|p1a: Gliscor\n|-sidestart|p1: sword over shield|move: Stealth Rock\n|\n|-weather|SunnyDay|[upkeep]\n|-status|p1a: Gliscor|tox|[from] item: Toxic Orb\n|upkeep\n|turn|2\n|\n|t:|1698804520\n|move|p1a: Gliscor|Earthquake|p2a: Ze Turtle\n|-supereffective|p2a: Ze Turtle\n|-damage|p2a: Ze Turtle|67\/100\n|move|p2a: Ze Turtle|Rapid Spin|p1a: Gliscor\n|-damage|p1a: Gliscor|94\/100 tox\n|-boost|p2a: Ze Turtle|spe|1\n|-sideend|p2: TubeKnight|Stealth Rock|[from] move: Rapid Spin|[of] p2a: Ze Turtle\n|\n|-weather|SunnyDay|[upkeep]\n|-heal|p1a: Gliscor|100\/100 tox|[from] ability: Poison Heal\n|upkeep\n|turn|3\n|\n|t:|1698804530\n|switch|p2a: Ze Extinct One|Walking Wake|100\/100\n|-activate|p2a: Ze Extinct One|ability: Protosynthesis\n|-start|p2a: Ze Extinct One|protosynthesisspe\n|move|p1a: Gliscor|Stealth Rock|p2a: Ze Extinct One\n|-sidestart|p2: TubeKnight|move: Stealth Rock\n|\n|-weather|SunnyDay|[upkeep]\n|upkeep\n|turn|4\n|\n|t:|1698804549\n|switch|p1a: Palkia|Palkia-Origin|100\/100\n|-damage|p1a: Palkia|88\/100|[from] Stealth Rock\n|-ability|p1a: Palkia|Pressure\n|move|p2a: Ze Extinct One|Dragon Pulse|p1a: Palkia\n|-supereffective|p1a: Palkia\n|-crit|p1a: Palkia\n|-damage|p1a: Palkia|0 fnt\n|faint|p1a: Palkia\n|\n|-weather|SunnyDay|[upkeep]\n|upkeep\n|c|\u2606TubeKnight|easy predict\n|c|\u2606TubeKnight|hope that didnt matter\n|inactive|sword over shield has 270 seconds left.\n|\n|t:|1698804577\n|switch|p1a: Magearna|Magearna|100\/100\n|-damage|p1a: Magearna|94\/100|[from] Stealth Rock\n|turn|5\n|\n|t:|1698804587\n|-end|p2a: Ze Extinct One|Protosynthesis|[silent]\n|switch|p2a: Ze Feesh|Chi-Yu|100\/100\n|-damage|p2a: Ze Feesh|76\/100|[from] Stealth Rock\n|-ability|p2a: Ze Feesh|Beads of Ruin\n|move|p1a: Magearna|Thunder Wave|p2a: Ze Feesh\n|-status|p2a: Ze Feesh|par\n|\n|-weather|SunnyDay|[upkeep]\n|-heal|p1a: Magearna|100\/100|[from] item: Leftovers\n|upkeep\n|turn|6\n|inactive|sword over shield has 270 seconds left.\n|\n|t:|1698804605\n|-terastallize|p1a: Magearna|Water\n|move|p2a: Ze Feesh|Overheat|p1a: Magearna\n|-resisted|p1a: Magearna\n|-damage|p1a: Magearna|57\/100\n|-unboost|p2a: Ze Feesh|spa|2\n|move|p1a: Magearna|Spikes|p2a: Ze Feesh\n|-sidestart|p2: TubeKnight|Spikes\n|\n|-weather|SunnyDay|[upkeep]\n|-heal|p1a: Magearna|63\/100|[from] item: Leftovers\n|upkeep\n|turn|7\n|inactive|sword over shield has 270 seconds left.\n|\n|t:|1698804616\n|switch|p2a: Ze Turtle|Torkoal, M, shiny|67\/100\n|-damage|p2a: Ze Turtle|42\/100|[from] Stealth Rock\n|-damage|p2a: Ze Turtle|30\/100|[from] Spikes\n|move|p1a: Magearna|Spikes|p2a: Ze Turtle\n|-sidestart|p2: TubeKnight|Spikes\n|\n|-weather|SunnyDay|[upkeep]\n|-heal|p1a: Magearna|69\/100|[from] item: Leftovers\n|upkeep\n|turn|8\n|c|\u2606TubeKnight|oh crap\n|c|\u2606TubeKnight|wrong set\n|\n|t:|1698804641\n|switch|p2a: Ze Fleur|Lilligant-Hisui, F, shiny|100\/100\n|-damage|p2a: Ze Fleur|94\/100|[from] Stealth Rock\n|-damage|p2a: Ze Fleur|78\/100|[from] Spikes\n|move|p1a: Magearna|Volt Switch|p2a: Ze Fleur\n|-resisted|p2a: Ze Fleur\n|-damage|p2a: Ze Fleur|63\/100\n|inactive|sword over shield has 270 seconds left.\n|\n|t:|1698804654\n|switch|p1a: Dragapult|Dragapult, F|100\/100|[from] Volt Switch\n|-damage|p1a: Dragapult|88\/100|[from] Stealth Rock\n|\n|-weather|none\n|upkeep\n|turn|9\n|\n|t:|1698804661\n|switch|p2a: Ze Dog|Zacian, shiny|100\/100\n|-damage|p2a: Ze Dog|88\/100|[from] Stealth Rock\n|-damage|p2a: Ze Dog|72\/100|[from] Spikes\n|-ability|p2a: Ze Dog|Intrepid Sword|boost\n|-boost|p2a: Ze Dog|atk|1\n|move|p1a: Dragapult|Flamethrower|p2a: Ze Dog\n|-damage|p2a: Ze Dog|32\/100\n|\n|upkeep\n|turn|10\n|\n|t:|1698804670\n|move|p1a: Dragapult|Flamethrower|p2a: Ze Dog\n|-damage|p2a: Ze Dog|0 fnt\n|faint|p2a: Ze Dog\n|\n|upkeep\n|c|\u2606TubeKnight|oh yeah forgot it outspeeds\n|\n|t:|1698804685\n|switch|p2a: Ze Feesh|Chi-Yu|76\/100 par\n|-damage|p2a: Ze Feesh|51\/100 par|[from] Stealth Rock\n|-damage|p2a: Ze Feesh|35\/100 par|[from] Spikes\n|-ability|p2a: Ze Feesh|Beads of Ruin\n|turn|11\n|c|\u2606sword over shield|thats like the only reason to run pult\n|inactive|sword over shield has 270 seconds left.\n|\n|t:|1698804727\n|switch|p1a: Magearna|Magearna, tera:Water|69\/100\n|-damage|p1a: Magearna|56\/100|[from] Stealth Rock\n|move|p2a: Ze Feesh|Dark Pulse|p1a: Magearna\n|-damage|p1a: Magearna|15\/100\n|\n|-heal|p1a: Magearna|21\/100|[from] item: Leftovers\n|upkeep\n|turn|12\n|\n|t:|1698804736\n|move|p2a: Ze Feesh|Dark Pulse|p1a: Magearna\n|-crit|p1a: Magearna\n|-damage|p1a: Magearna|0 fnt\n|faint|p1a: Magearna\n|\n|upkeep\n|\n|t:|1698804741\n|switch|p1a: Zacian|Zacian|100\/100\n|-ability|p1a: Zacian|Intrepid Sword|boost\n|-boost|p1a: Zacian|atk|1\n|turn|13\n|\n|t:|1698804749\n|move|p1a: Zacian|Play Rough|p2a: Ze Feesh\n|-damage|p2a: Ze Feesh|0 fnt\n|faint|p2a: Ze Feesh\n|\n|upkeep\n|\n|t:|1698804753\n|switch|p2a: Ze Turtle|Torkoal, M, shiny|30\/100\n|-damage|p2a: Ze Turtle|5\/100|[from] Stealth Rock\n|-damage|p2a: Ze Turtle|0 fnt|[from] Spikes\n|faint|p2a: Ze Turtle\n|c|\u2606TubeKnight|i hate that that happens\n|\n|t:|1698804767\n|switch|p2a: Ze Dark Destroyer|Giratina, shiny|100\/100\n|-ability|p2a: Ze Dark Destroyer|Pressure\n|turn|14\n|\n|t:|1698804781\n|-terastallize|p2a: Ze Dark Destroyer|Steel\n|move|p1a: Zacian|Play Rough|p2a: Ze Dark Destroyer\n|-resisted|p2a: Ze Dark Destroyer\n|-damage|p2a: Ze Dark Destroyer|82\/100\n|-unboost|p2a: Ze Dark Destroyer|atk|1\n|move|p2a: Ze Dark Destroyer|Will-O-Wisp|p1a: Zacian|[miss]\n|-miss|p2a: Ze Dark Destroyer|p1a: Zacian\n|\n|upkeep\n|turn|15\n|c|\u2606TubeKnight|fricvk\n|\n|t:|1698804792\n|move|p1a: Zacian|Close Combat|p2a: Ze Dark Destroyer\n|-supereffective|p2a: Ze Dark Destroyer\n|-damage|p2a: Ze Dark Destroyer|14\/100\n|-unboost|p1a: Zacian|def|1\n|-unboost|p1a: Zacian|spd|1\n|move|p2a: Ze Dark Destroyer|Will-O-Wisp|p1a: Zacian\n|-status|p1a: Zacian|brn\n|\n|-damage|p1a: Zacian|94\/100 brn|[from] brn\n|upkeep\n|turn|16\n|\n|t:|1698804803\n|switch|p2a: Ze Fleur|Lilligant-Hisui, F, shiny|63\/100\n|-damage|p2a: Ze Fleur|57\/100|[from] Stealth Rock\n|-damage|p2a: Ze Fleur|41\/100|[from] Spikes\n|move|p1a: Zacian|Swords Dance|p1a: Zacian\n|-boost|p1a: Zacian|atk|2\n|\n|-damage|p1a: Zacian|88\/100 brn|[from] brn\n|upkeep\n|turn|17\n|\n|t:|1698804813\n|move|p1a: Zacian|Play Rough|p2a: Ze Fleur\n|-supereffective|p2a: Ze Fleur\n|-damage|p2a: Ze Fleur|0 fnt\n|faint|p2a: Ze Fleur\n|\n|-damage|p1a: Zacian|82\/100 brn|[from] brn\n|upkeep\n|\n|t:|1698804818\n|switch|p2a: Ze Extinct One|Walking Wake|100\/100\n|-damage|p2a: Ze Extinct One|88\/100|[from] Stealth Rock\n|-damage|p2a: Ze Extinct One|72\/100|[from] Spikes\n|turn|18\n|\n|t:|1698804824\n|move|p1a: Zacian|Play Rough|p2a: Ze Extinct One\n|-supereffective|p2a: Ze Extinct One\n|-damage|p2a: Ze Extinct One|0 fnt\n|faint|p2a: Ze Extinct One\n|-end|p2a: Ze Extinct One|Protosynthesis|[silent]\n|\n|-damage|p1a: Zacian|76\/100 brn|[from] brn\n|upkeep\n|\n|t:|1698804826\n|switch|p2a: Ze Dark Destroyer|Giratina, shiny, tera:Steel|14\/100\n|-ability|p2a: Ze Dark Destroyer|Pressure\n|turn|19\n|\n|t:|1698804833\n|move|p1a: Zacian|Close Combat|p2a: Ze Dark Destroyer\n|-supereffective|p2a: Ze Dark Destroyer\n|-damage|p2a: Ze Dark Destroyer|0 fnt\n|-unboost|p1a: Zacian|def|1\n|-unboost|p1a: Zacian|spd|1\n|faint|p2a: Ze Dark Destroyer\n|\n|win|sword over shield\n|c|\u2606sword over shield|gg\n|c|\u2606TubeKnight|gg\n","uploadtime":1698804849,"views":10,"p1id":"swordovershield","p2id":"tubeknight","formatid":"gen9ubers","rating":0,"private":0,"password":""}