{"id":"gen9ubers-1994265615","p1":"Hiker sjs","p2":"Rubyboi711","format":"[Gen 9] Ubers","log":"|j|\u2606Hiker sjs\n|j|\u2606Rubyboi711\n|t:|1700425043\n|gametype|singles\n|player|p1|Hiker sjs|hiker-gen4|1040\n|player|p2|Rubyboi711|volkner|1164\n|teamsize|p1|6\n|teamsize|p2|6\n|gen|9\n|tier|[Gen 9] Ubers\n|rated|\n|rule|Sleep Clause Mod: Limit one foe put to sleep\n|rule|Species Clause: Limit one of each Pok\u00e9mon\n|rule|OHKO Clause: OHKO moves are banned\n|rule|Evasion Items Clause: Evasion items are banned\n|rule|Evasion Moves Clause: Evasion moves are banned\n|rule|Endless Battle Clause: Forcing endless battles is banned\n|rule|HP Percentage Mod: HP is shown in percentages\n|clearpoke\n|poke|p1|Cinderace, M|\n|poke|p1|Rayquaza|\n|poke|p1|Annihilape, F|\n|poke|p1|Clodsire, F|\n|poke|p1|Iron Bundle|\n|poke|p1|Skeledirge, M|\n|poke|p2|Mewtwo|\n|poke|p2|Avalugg-Hisui, M|\n|poke|p2|Gliscor, M|\n|poke|p2|Koraidon|\n|poke|p2|Miraidon|\n|poke|p2|Arceus-Water|\n|teampreview\n|\n|t:|1700425071\n|start\n|switch|p1a: Iron Bundle|Iron Bundle|100\/100\n|switch|p2a: Arceus|Arceus-Water|100\/100\n|turn|1\n|\n|t:|1700425078\n|move|p1a: Iron Bundle|Freeze-Dry|p2a: Arceus\n|-supereffective|p2a: Arceus\n|-damage|p2a: Arceus|23\/100\n|move|p2a: Arceus|Dragon Dance|p2a: Arceus\n|-boost|p2a: Arceus|atk|1\n|-boost|p2a: Arceus|spe|1\n|\n|upkeep\n|turn|2\n|\n|t:|1700425083\n|move|p2a: Arceus|Earthquake|p1a: Iron Bundle\n|-damage|p1a: Iron Bundle|36\/100\n|move|p1a: Iron Bundle|Freeze-Dry|p2a: Arceus\n|-supereffective|p2a: Arceus\n|-damage|p2a: Arceus|0 fnt\n|faint|p2a: Arceus\n|\n|upkeep\n|\n|t:|1700425092\n|switch|p2a: Avalugg|Avalugg-Hisui, M|100\/100\n|turn|3\n|\n|t:|1700425101\n|move|p1a: Iron Bundle|Freeze-Dry|p2a: Avalugg\n|-resisted|p2a: Avalugg\n|-damage|p2a: Avalugg|50\/100\n|move|p2a: Avalugg|Body Press|p1a: Iron Bundle\n|-supereffective|p1a: Iron Bundle\n|-damage|p1a: Iron Bundle|0 fnt\n|faint|p1a: Iron Bundle\n|-end|p1a: Iron Bundle|Quark Drive|[silent]\n|\n|upkeep\n|\n|t:|1700425110\n|switch|p1a: Rayquaza|Rayquaza|100\/100\n|-ability|p1a: Rayquaza|Air Lock\n|turn|4\n|\n|t:|1700425114\n|move|p1a: Rayquaza|Earthquake|p2a: Avalugg\n|-supereffective|p2a: Avalugg\n|-damage|p2a: Avalugg|11\/100\n|move|p2a: Avalugg|Mountain Gale|p1a: Rayquaza|[miss]\n|-miss|p2a: Avalugg|p1a: Rayquaza\n|\n|upkeep\n|turn|5\n|-enditem|p2a: Avalugg|Custap Berry|[eat]\n|-activate|p2a: Avalugg|item: Custap Berry|[consumed]\n|\n|t:|1700425120\n|move|p2a: Avalugg|Mountain Gale|p1a: Rayquaza\n|-supereffective|p1a: Rayquaza\n|-enditem|p1a: Rayquaza|Focus Sash\n|-damage|p1a: Rayquaza|1\/100\n|cant|p1a: Rayquaza|flinch\n|\n|upkeep\n|turn|6\n|\n|t:|1700425130\n|move|p1a: Rayquaza|Earthquake|p2a: Avalugg\n|-supereffective|p2a: Avalugg\n|-damage|p2a: Avalugg|0 fnt\n|faint|p2a: Avalugg\n|\n|upkeep\n|\n|t:|1700425148\n|switch|p2a: Koraidon|Koraidon|100\/100\n|-weather|SunnyDay|[from] ability: Orichalcum Pulse|[of] p2a: Koraidon\n|-activate|p2a: Koraidon|Orichalcum Pulse|[source]\n|turn|7\n|\n|t:|1700425153\n|move|p2a: Koraidon|Flame Charge|p1a: Rayquaza\n|-resisted|p1a: Rayquaza\n|-damage|p1a: Rayquaza|0 fnt\n|-boost|p2a: Koraidon|spe|1\n|faint|p1a: Rayquaza\n|\n|-weather|SunnyDay|[upkeep]\n|upkeep\n|\n|t:|1700425160\n|switch|p1a: Skeledirge|Skeledirge, M, shiny|100\/100\n|turn|8\n|\n|t:|1700425163\n|move|p2a: Koraidon|Dragon Claw|p1a: Skeledirge\n|-damage|p1a: Skeledirge|59\/100\n|move|p1a: Skeledirge|Will-O-Wisp|p2a: Koraidon\n|-status|p2a: Koraidon|brn\n|\n|-weather|SunnyDay|[upkeep]\n|-heal|p1a: Skeledirge|65\/100|[from] item: Leftovers\n|-damage|p2a: Koraidon|94\/100 brn|[from] brn\n|upkeep\n|turn|9\n|\n|t:|1700425170\n|move|p2a: Koraidon|Dragon Claw|p1a: Skeledirge\n|-damage|p1a: Skeledirge|43\/100\n|move|p1a: Skeledirge|Torch Song|p2a: Koraidon\n|-resisted|p2a: Koraidon\n|-damage|p2a: Koraidon|71\/100 brn\n|-boost|p1a: Skeledirge|spa|1\n|\n|-weather|SunnyDay|[upkeep]\n|-heal|p1a: Skeledirge|49\/100|[from] item: Leftovers\n|-damage|p2a: Koraidon|64\/100 brn|[from] brn\n|upkeep\n|turn|10\n|\n|t:|1700425178\n|move|p2a: Koraidon|Dragon Claw|p1a: Skeledirge\n|-damage|p1a: Skeledirge|21\/100\n|move|p1a: Skeledirge|Slack Off|p1a: Skeledirge\n|-heal|p1a: Skeledirge|71\/100\n|\n|-weather|SunnyDay|[upkeep]\n|-heal|p1a: Skeledirge|78\/100|[from] item: Leftovers\n|-damage|p2a: Koraidon|58\/100 brn|[from] brn\n|upkeep\n|turn|11\n|\n|t:|1700425183\n|move|p2a: Koraidon|Dragon Claw|p1a: Skeledirge\n|-damage|p1a: Skeledirge|48\/100\n|move|p1a: Skeledirge|Torch Song|p2a: Koraidon\n|-resisted|p2a: Koraidon\n|-damage|p2a: Koraidon|27\/100 brn\n|-boost|p1a: Skeledirge|spa|1\n|\n|-weather|none\n|-heal|p1a: Skeledirge|54\/100|[from] item: Leftovers\n|-damage|p2a: Koraidon|20\/100 brn|[from] brn\n|upkeep\n|turn|12\n|\n|t:|1700425189\n|move|p2a: Koraidon|Dragon Claw|p1a: Skeledirge\n|-damage|p1a: Skeledirge|28\/100\n|move|p1a: Skeledirge|Slack Off|p1a: Skeledirge\n|-heal|p1a: Skeledirge|78\/100\n|\n|-heal|p1a: Skeledirge|84\/100|[from] item: Leftovers\n|-damage|p2a: Koraidon|14\/100 brn|[from] brn\n|upkeep\n|turn|13\n|\n|t:|1700425193\n|move|p2a: Koraidon|Dragon Claw|p1a: Skeledirge\n|-damage|p1a: Skeledirge|53\/100\n|move|p1a: Skeledirge|Torch Song|p2a: Koraidon\n|-resisted|p2a: Koraidon\n|-damage|p2a: Koraidon|0 fnt\n|-boost|p1a: Skeledirge|spa|1\n|faint|p2a: Koraidon\n|\n|-heal|p1a: Skeledirge|59\/100|[from] item: Leftovers\n|upkeep\n|\n|t:|1700425202\n|switch|p2a: Gliscor|Gliscor, M|100\/100\n|turn|14\n|\n|t:|1700425208\n|move|p2a: Gliscor|Earthquake|p1a: Skeledirge\n|-supereffective|p1a: Skeledirge\n|-damage|p1a: Skeledirge|0 fnt\n|faint|p1a: Skeledirge\n|\n|-status|p2a: Gliscor|tox|[from] item: Toxic Orb\n|upkeep\n|\n|t:|1700425212\n|switch|p1a: Annihilape|Annihilape, F|100\/100\n|turn|15\n|\n|t:|1700425219\n|move|p2a: Gliscor|Swords Dance|p2a: Gliscor\n|-boost|p2a: Gliscor|atk|2\n|move|p1a: Annihilape|Stealth Rock|p2a: Gliscor\n|-sidestart|p2: Rubyboi711|move: Stealth Rock\n|\n|upkeep\n|turn|16\n|\n|t:|1700425225\n|move|p2a: Gliscor|Swords Dance|p2a: Gliscor\n|-boost|p2a: Gliscor|atk|2\n|move|p1a: Annihilape|Bulk Up|p1a: Annihilape\n|-boost|p1a: Annihilape|atk|1\n|-boost|p1a: Annihilape|def|1\n|\n|upkeep\n|turn|17\n|\n|t:|1700425232\n|move|p2a: Gliscor|Knock Off|p1a: Annihilape\n|-damage|p1a: Annihilape|48\/100\n|-enditem|p1a: Annihilape|Leftovers|[from] move: Knock Off|[of] p2a: Gliscor\n|move|p1a: Annihilape|Bulk Up|p1a: Annihilape\n|-boost|p1a: Annihilape|atk|1\n|-boost|p1a: Annihilape|def|1\n|\n|upkeep\n|turn|18\n|\n|t:|1700425239\n|move|p2a: Gliscor|Earthquake|p1a: Annihilape\n|-damage|p1a: Annihilape|0 fnt\n|faint|p1a: Annihilape\n|\n|upkeep\n|\n|t:|1700425249\n|switch|p1a: Clodsire|Clodsire, F, shiny|100\/100\n|turn|19\n|\n|t:|1700425254\n|-terastallize|p1a: Clodsire|Ground\n|move|p2a: Gliscor|Earthquake|p1a: Clodsire\n|-damage|p1a: Clodsire|0 fnt\n|faint|p1a: Clodsire\n|\n|upkeep\n|-message|Hiker sjs forfeited.\n|\n|win|Rubyboi711\n|raw|Hiker sjs's rating: 1040 &rarr; <strong>1029<\/strong><br \/>(-11 for losing)\n|raw|Rubyboi711's rating: 1164 &rarr; <strong>1180<\/strong><br \/>(+16 for winning)\n|l|\u2606Hiker sjs\n","uploadtime":1700425265,"views":6,"p1id":"hikersjs","p2id":"rubyboi711","formatid":"gen9ubers","rating":1029,"private":0,"password":""}