{"id":"gen9ubers-1990898683","p1":"Fidel33","p2":"Ducky like bread","format":"[Gen 9] Ubers","log":"|j|\u2606Fidel33\n|j|\u2606Ducky like bread\n|t:|1700012810\n|gametype|singles\n|player|p1|Fidel33|ghetsis|1020\n|player|p2|Ducky like bread|1|1124\n|teamsize|p1|6\n|teamsize|p2|6\n|gen|9\n|tier|[Gen 9] Ubers\n|rated|\n|rule|Sleep Clause Mod: Limit one foe put to sleep\n|rule|Species Clause: Limit one of each Pok\u00e9mon\n|rule|OHKO Clause: OHKO moves are banned\n|rule|Evasion Items Clause: Evasion items are banned\n|rule|Evasion Moves Clause: Evasion moves are banned\n|rule|Endless Battle Clause: Forcing endless battles is banned\n|rule|HP Percentage Mod: HP is shown in percentages\n|clearpoke\n|poke|p1|Typhlosion-Hisui, F|\n|poke|p1|Annihilape, F|\n|poke|p1|Froslass, F|\n|poke|p1|Gengar, F|\n|poke|p1|Giratina|\n|poke|p1|Dragapult, F|\n|poke|p2|Gliscor, F|\n|poke|p2|Espathra, M|\n|poke|p2|Kyogre|\n|poke|p2|Regieleki|\n|poke|p2|Annihilape, M|\n|poke|p2|Ribombee, F|\n|teampreview\n|inactive|Battle timer is ON: inactive players will automatically lose when time's up. (requested by Ducky like bread)\n|\n|t:|1700012819\n|start\n|switch|p1a: Froslass|Froslass, F, shiny|100\/100\n|switch|p2a: Espathra|Espathra, M|100\/100\n|turn|1\n|\n|t:|1700012829\n|move|p1a: Froslass|Destiny Bond|p1a: Froslass\n|-singlemove|p1a: Froslass|Destiny Bond\n|move|p2a: Espathra|Calm Mind|p2a: Espathra\n|-boost|p2a: Espathra|spa|1\n|-boost|p2a: Espathra|spd|1\n|\n|-ability|p2a: Espathra|Speed Boost|boost\n|-boost|p2a: Espathra|spe|1\n|upkeep\n|turn|2\n|\n|t:|1700012839\n|move|p2a: Espathra|Calm Mind|p2a: Espathra\n|-boost|p2a: Espathra|spa|1\n|-boost|p2a: Espathra|spd|1\n|move|p1a: Froslass|Ice Beam|p2a: Espathra\n|-damage|p2a: Espathra|81\/100\n|\n|-heal|p2a: Espathra|87\/100|[from] item: Leftovers\n|-ability|p2a: Espathra|Speed Boost|boost\n|-boost|p2a: Espathra|spe|1\n|upkeep\n|turn|3\n|\n|t:|1700012851\n|move|p2a: Espathra|Calm Mind|p2a: Espathra\n|-boost|p2a: Espathra|spa|1\n|-boost|p2a: Espathra|spd|1\n|move|p1a: Froslass|Spikes|p2a: Espathra\n|-sidestart|p2: Ducky like bread|Spikes\n|\n|-heal|p2a: Espathra|93\/100|[from] item: Leftovers\n|-ability|p2a: Espathra|Speed Boost|boost\n|-boost|p2a: Espathra|spe|1\n|upkeep\n|turn|4\n|\n|t:|1700012866\n|move|p2a: Espathra|Calm Mind|p2a: Espathra\n|-boost|p2a: Espathra|spa|1\n|-boost|p2a: Espathra|spd|1\n|move|p1a: Froslass|Ice Beam|p2a: Espathra\n|-damage|p2a: Espathra|80\/100\n|\n|-heal|p2a: Espathra|86\/100|[from] item: Leftovers\n|-ability|p2a: Espathra|Speed Boost|boost\n|-boost|p2a: Espathra|spe|1\n|upkeep\n|turn|5\n|\n|t:|1700012879\n|move|p2a: Espathra|Calm Mind|p2a: Espathra\n|-boost|p2a: Espathra|spa|1\n|-boost|p2a: Espathra|spd|1\n|move|p1a: Froslass|Taunt|p2a: Espathra\n|-start|p2a: Espathra|move: Taunt\n|\n|-heal|p2a: Espathra|92\/100|[from] item: Leftovers\n|-ability|p2a: Espathra|Speed Boost|boost\n|-boost|p2a: Espathra|spe|1\n|upkeep\n|turn|6\n|\n|t:|1700012892\n|-terastallize|p1a: Froslass|Ground\n|move|p2a: Espathra|Stored Power|p1a: Froslass\n|-damage|p1a: Froslass|0 fnt\n|-start|p2a: Espathra|Disable|Stored Power|[from] ability: Cursed Body|[of] p1a: Froslass\n|faint|p1a: Froslass\n|\n|-heal|p2a: Espathra|98\/100|[from] item: Leftovers\n|-ability|p2a: Espathra|Speed Boost|boost\n|-boost|p2a: Espathra|spe|1\n|upkeep\n|\n|t:|1700012903\n|switch|p1a: Annihilape|Annihilape, F|100\/100\n|turn|7\n|\n|t:|1700012908\n|move|p2a: Espathra|Dazzling Gleam|p1a: Annihilape\n|-supereffective|p1a: Annihilape\n|-damage|p1a: Annihilape|0 fnt\n|faint|p1a: Annihilape\n|\n|-heal|p2a: Espathra|100\/100|[from] item: Leftovers\n|upkeep\n|\n|t:|1700012917\n|switch|p1a: Dragapult|Dragapult, F, shiny|100\/100\n|turn|8\n|\n|t:|1700012921\n|move|p2a: Espathra|Dazzling Gleam|p1a: Dragapult\n|-supereffective|p1a: Dragapult\n|-damage|p1a: Dragapult|0 fnt\n|faint|p1a: Dragapult\n|\n|-end|p2a: Espathra|move: Taunt\n|upkeep\n|\n|t:|1700012929\n|switch|p1a: Typhlosion|Typhlosion-Hisui, F|100\/100\n|-item|p2a: Espathra|Leftovers|[from] ability: Frisk|[of] p1a: Typhlosion|[identify]\n|turn|9\n|\n|t:|1700012936\n|move|p2a: Espathra|Protect|p2a: Espathra\n|-singleturn|p2a: Espathra|Protect\n|move|p1a: Typhlosion|Infernal Parade|p2a: Espathra\n|-activate|p2a: Espathra|move: Protect\n|\n|-end|p2a: Espathra|Disable\n|upkeep\n|turn|10\n|\n|t:|1700012945\n|move|p2a: Espathra|Stored Power|p1a: Typhlosion\n|-damage|p1a: Typhlosion|0 fnt\n|faint|p1a: Typhlosion\n|\n|upkeep\n|\n|t:|1700012950\n|switch|p1a: Gengar|Gengar, F|100\/100\n|turn|11\n|\n|t:|1700012956\n|move|p2a: Espathra|Stored Power|p1a: Gengar\n|-supereffective|p1a: Gengar\n|-damage|p1a: Gengar|0 fnt\n|faint|p1a: Gengar\n|\n|upkeep\n|\n|t:|1700012962\n|switch|p1a: Giratina|Giratina|100\/100\n|-ability|p1a: Giratina|Pressure\n|turn|12\n|\n|t:|1700012968\n|move|p2a: Espathra|Dazzling Gleam|p1a: Giratina\n|-supereffective|p1a: Giratina\n|-damage|p1a: Giratina|6\/100\n|move|p1a: Giratina|Dragon Tail|p2a: Espathra\n|-damage|p2a: Espathra|69\/100\n|drag|p2a: Gliscor|Gliscor, F|100\/100\n|\n|-status|p2a: Gliscor|tox|[from] item: Toxic Orb\n|upkeep\n|turn|13\n|\n|t:|1700012983\n|move|p2a: Gliscor|Earthquake|p1a: Giratina\n|-damage|p1a: Giratina|0 fnt\n|faint|p1a: Giratina\n|\n|win|Ducky like bread\n|raw|Fidel33's rating: 1020 &rarr; <strong>1011<\/strong><br \/>(-9 for losing)\n|raw|Ducky like bread's rating: 1124 &rarr; <strong>1142<\/strong><br \/>(+18 for winning)\n|l|\u2606Fidel33\n","uploadtime":1700013101,"views":15,"p1id":"fidel33","p2id":"duckylikebread","formatid":"gen9ubers","rating":1011,"private":0,"password":""}