{"id":"gen9ubers-1970495683","p1":"bowsori","p2":"Albaz Brand","format":"[Gen 9] Ubers","log":"|j|\u2606bowsori\n|j|\u2606Albaz Brand\n|t:|1697643457\n|gametype|singles\n|player|p1|bowsori|ruinmaniac|\n|player|p2|Albaz Brand|bellelba|\n|teamsize|p1|6\n|teamsize|p2|6\n|gen|9\n|tier|[Gen 9] Ubers\n|rule|Sleep Clause Mod: Limit one foe put to sleep\n|rule|Species Clause: Limit one of each Pok\u00e9mon\n|rule|OHKO Clause: OHKO moves are banned\n|rule|Evasion Items Clause: Evasion items are banned\n|rule|Evasion Moves Clause: Evasion moves are banned\n|rule|Endless Battle Clause: Forcing endless battles is banned\n|rule|HP Percentage Mod: HP is shown in percentages\n|clearpoke\n|poke|p1|Landorus, M|\n|poke|p1|Houndstone, F|\n|poke|p1|Magearna|\n|poke|p1|Tyranitar, F|\n|poke|p1|Zacian-*|\n|poke|p1|Arceus-Bug|\n|poke|p2|Spectrier|\n|poke|p2|Zacian-*|\n|poke|p2|Palkia-Origin|\n|poke|p2|Roaring Moon|\n|poke|p2|Iron Moth|\n|poke|p2|Palafin, M|\n|teampreview\n|c|\u2606Albaz Brand|here we go\n|c|\u2606Albaz Brand|GLHF\n|c|\u2606bowsori|glhf\n|\n|t:|1697643524\n|start\n|switch|p1a: Tyranitar|Tyranitar, F|100\/100\n|switch|p2a: Spectrier|Spectrier|100\/100\n|-weather|Sandstorm|[from] ability: Sand Stream|[of] p1a: Tyranitar\n|turn|1\n|\n|t:|1697643539\n|-terastallize|p2a: Spectrier|Fighting\n|move|p2a: Spectrier|Tera Blast|p1a: Tyranitar|[anim] Tera Blast Fighting\n|-supereffective|p1a: Tyranitar\n|-damage|p1a: Tyranitar|29\/100\n|move|p1a: Tyranitar|Stealth Rock|p2a: Spectrier\n|-sidestart|p2: Albaz Brand|move: Stealth Rock\n|\n|-weather|Sandstorm|[upkeep]\n|-damage|p2a: Spectrier|94\/100|[from] Sandstorm\n|-heal|p2a: Spectrier|100\/100|[from] item: Leftovers\n|upkeep\n|turn|2\n|c|\u2606bowsori|ouch\n|\n|t:|1697643551\n|switch|p1a: Landorus|Landorus, M|100\/100\n|move|p2a: Spectrier|Shadow Ball|p1a: Landorus\n|-damage|p1a: Landorus|37\/100\n|\n|-weather|Sandstorm|[upkeep]\n|-damage|p2a: Spectrier|94\/100|[from] Sandstorm\n|-heal|p2a: Spectrier|100\/100|[from] item: Leftovers\n|upkeep\n|turn|3\n|\n|t:|1697643562\n|switch|p1a: Magearna|Magearna|100\/100\n|move|p2a: Spectrier|Shadow Ball|p1a: Magearna\n|-damage|p1a: Magearna|73\/100\n|-unboost|p1a: Magearna|spd|1\n|\n|-weather|Sandstorm|[upkeep]\n|-damage|p2a: Spectrier|94\/100|[from] Sandstorm\n|-heal|p2a: Spectrier|100\/100|[from] item: Leftovers\n|-heal|p1a: Magearna|79\/100|[from] item: Leftovers\n|upkeep\n|turn|4\n|\n|t:|1697643573\n|move|p2a: Spectrier|Draining Kiss|p1a: Magearna\n|-resisted|p1a: Magearna\n|-damage|p1a: Magearna|70\/100\n|move|p1a: Magearna|Thunder Wave|p2a: Spectrier\n|-status|p2a: Spectrier|par\n|\n|-weather|Sandstorm|[upkeep]\n|-damage|p2a: Spectrier|94\/100 par|[from] Sandstorm\n|-heal|p2a: Spectrier|100\/100 par|[from] item: Leftovers\n|-heal|p1a: Magearna|76\/100|[from] item: Leftovers\n|upkeep\n|turn|5\n|\n|t:|1697643582\n|cant|p2a: Spectrier|par\n|move|p1a: Magearna|Spikes|p2a: Spectrier\n|-sidestart|p2: Albaz Brand|Spikes\n|\n|-weather|Sandstorm|[upkeep]\n|-damage|p2a: Spectrier|94\/100 par|[from] Sandstorm\n|-heal|p2a: Spectrier|100\/100 par|[from] item: Leftovers\n|-heal|p1a: Magearna|82\/100|[from] item: Leftovers\n|upkeep\n|turn|6\n|\n|t:|1697643603\n|move|p2a: Spectrier|Shadow Ball|p1a: Magearna\n|-damage|p1a: Magearna|41\/100\n|move|p1a: Magearna|Spikes|p2a: Spectrier\n|-sidestart|p2: Albaz Brand|Spikes\n|\n|-weather|Sandstorm|[upkeep]\n|-damage|p2a: Spectrier|94\/100 par|[from] Sandstorm\n|-heal|p2a: Spectrier|100\/100 par|[from] item: Leftovers\n|-heal|p1a: Magearna|47\/100|[from] item: Leftovers\n|upkeep\n|turn|7\n|\n|t:|1697643612\n|move|p2a: Spectrier|Shadow Ball|p1a: Magearna\n|-damage|p1a: Magearna|2\/100\n|move|p1a: Magearna|Spikes|p2a: Spectrier\n|-sidestart|p2: Albaz Brand|Spikes\n|\n|-weather|Sandstorm|[upkeep]\n|-damage|p2a: Spectrier|94\/100 par|[from] Sandstorm\n|-heal|p2a: Spectrier|100\/100 par|[from] item: Leftovers\n|-heal|p1a: Magearna|8\/100|[from] item: Leftovers\n|upkeep\n|turn|8\n|\n|t:|1697643644\n|move|p2a: Spectrier|Shadow Ball|p1a: Magearna\n|-damage|p1a: Magearna|0 fnt\n|faint|p1a: Magearna\n|-ability|p2a: Spectrier|Grim Neigh|boost\n|-boost|p2a: Spectrier|spa|1\n|\n|-weather|none\n|upkeep\n|\n|t:|1697643657\n|switch|p1a: Landorus|Landorus, M|37\/100\n|turn|9\n|\n|t:|1697643676\n|move|p1a: Landorus|Earth Power|p2a: Spectrier\n|-damage|p2a: Spectrier|15\/100 par\n|move|p2a: Spectrier|Shadow Ball|p1a: Landorus\n|-damage|p1a: Landorus|0 fnt\n|faint|p1a: Landorus\n|-ability|p2a: Spectrier|Grim Neigh|boost\n|-boost|p2a: Spectrier|spa|1\n|\n|-heal|p2a: Spectrier|22\/100 par|[from] item: Leftovers\n|upkeep\n|\n|t:|1697643685\n|switch|p1a: Zacian|Zacian, shiny|100\/100\n|-ability|p1a: Zacian|Intrepid Sword|boost\n|-boost|p1a: Zacian|atk|1\n|turn|10\n|\n|t:|1697643697\n|move|p1a: Zacian|Play Rough|p2a: Spectrier\n|-supereffective|p2a: Spectrier\n|-damage|p2a: Spectrier|0 fnt\n|faint|p2a: Spectrier\n|\n|upkeep\n|\n|t:|1697643714\n|switch|p2a: Palafin|Palafin, M|100\/100\n|-damage|p2a: Palafin|88\/100|[from] Stealth Rock\n|-damage|p2a: Palafin|63\/100|[from] Spikes\n|turn|11\n|\n|t:|1697643719\n|detailschange|p2a: Palafin|Palafin-Hero, M\n|switch|p2a: Palkia|Palkia-Origin|100\/100\n|-damage|p2a: Palkia|88\/100|[from] Stealth Rock\n|-damage|p2a: Palkia|63\/100|[from] Spikes\n|-ability|p2a: Palkia|Pressure\n|move|p1a: Zacian|Play Rough|p2a: Palkia\n|-supereffective|p2a: Palkia\n|-damage|p2a: Palkia|0 fnt\n|faint|p2a: Palkia\n|\n|upkeep\n|\n|t:|1697643742\n|switch|p2a: Palafin|Palafin-Hero, M|63\/100\n|-damage|p2a: Palafin|51\/100|[from] Stealth Rock\n|-damage|p2a: Palafin|26\/100|[from] Spikes\n|-activate|p2a: Palafin|ability: Zero to Hero\n|turn|12\n|\n|t:|1697643760\n|move|p2a: Palafin|Jet Punch|p1a: Zacian\n|-damage|p1a: Zacian|45\/100\n|move|p1a: Zacian|Play Rough|p2a: Palafin|[miss]\n|-miss|p1a: Zacian|p2a: Palafin\n|\n|upkeep\n|turn|13\n|\n|t:|1697643780\n|move|p2a: Palafin|Jet Punch|p1a: Zacian\n|-damage|p1a: Zacian|0 fnt\n|faint|p1a: Zacian\n|\n|upkeep\n|\n|t:|1697643784\n|switch|p1a: Tyranitar|Tyranitar, F|29\/100\n|-weather|Sandstorm|[from] ability: Sand Stream|[of] p1a: Tyranitar\n|turn|14\n|c|\u2606Albaz Brand|tougph broo\n|\n|t:|1697643791\n|move|p2a: Palafin|Jet Punch|p1a: Tyranitar\n|-supereffective|p1a: Tyranitar\n|-damage|p1a: Tyranitar|0 fnt\n|faint|p1a: Tyranitar\n|\n|-weather|Sandstorm|[upkeep]\n|-damage|p2a: Palafin|20\/100|[from] Sandstorm\n|upkeep\n|\n|t:|1697643797\n|switch|p1a: Houndstone|Houndstone, F|100\/100\n|turn|15\n|\n|t:|1697643800\n|-terastallize|p1a: Houndstone|Ghost\n|move|p2a: Palafin|Jet Punch|p1a: Houndstone\n|-damage|p1a: Houndstone|27\/100\n|move|p1a: Houndstone|Last Respects|p2a: Palafin\n|-damage|p2a: Palafin|0 fnt\n|faint|p2a: Palafin\n|\n|-weather|Sandstorm|[upkeep]\n|upkeep\n|\n|t:|1697643808\n|switch|p2a: Zacian|Zacian|100\/100\n|-damage|p2a: Zacian|88\/100|[from] Stealth Rock\n|-damage|p2a: Zacian|63\/100|[from] Spikes\n|-ability|p2a: Zacian|Intrepid Sword|boost\n|-boost|p2a: Zacian|atk|1\n|turn|16\n|\n|t:|1697643814\n|move|p1a: Houndstone|Last Respects|p2a: Zacian\n|-damage|p2a: Zacian|0 fnt\n|faint|p2a: Zacian\n|\n|-weather|Sandstorm|[upkeep]\n|upkeep\n|\n|t:|1697643830\n|switch|p2a: Roaring Moon|Roaring Moon|100\/100\n|-damage|p2a: Roaring Moon|88\/100|[from] Stealth Rock\n|-damage|p2a: Roaring Moon|63\/100|[from] Spikes\n|-enditem|p2a: Roaring Moon|Booster Energy\n|-activate|p2a: Roaring Moon|ability: Protosynthesis|[fromitem]\n|-start|p2a: Roaring Moon|protosynthesisspe\n|turn|17\n|\n|t:|1697643849\n|move|p2a: Roaring Moon|Knock Off|p1a: Houndstone\n|-supereffective|p1a: Houndstone\n|-damage|p1a: Houndstone|0 fnt\n|-enditem|p1a: Houndstone|Choice Band|[from] move: Knock Off|[of] p2a: Roaring Moon\n|faint|p1a: Houndstone\n|\n|-weather|Sandstorm|[upkeep]\n|-damage|p2a: Roaring Moon|57\/100|[from] Sandstorm\n|upkeep\n|\n|t:|1697643856\n|switch|p1a: Arceus Grass|Arceus-Bug|100\/100\n|turn|18\n|\n|t:|1697643861\n|move|p2a: Roaring Moon|Dragon Claw|p1a: Arceus Grass\n|-damage|p1a: Arceus Grass|80\/100\n|move|p1a: Arceus Grass|Ice Beam|p2a: Roaring Moon\n|-supereffective|p2a: Roaring Moon\n|-damage|p2a: Roaring Moon|9\/100\n|\n|-weather|Sandstorm|[upkeep]\n|-damage|p2a: Roaring Moon|3\/100|[from] Sandstorm\n|-damage|p1a: Arceus Grass|74\/100|[from] Sandstorm\n|upkeep\n|turn|19\n|\n|t:|1697643869\n|move|p2a: Roaring Moon|Knock Off|p1a: Arceus Grass\n|-damage|p1a: Arceus Grass|58\/100\n|move|p1a: Arceus Grass|Recover|p1a: Arceus Grass\n|-heal|p1a: Arceus Grass|100\/100\n|\n|-weather|Sandstorm|[upkeep]\n|-damage|p2a: Roaring Moon|0 fnt|[from] Sandstorm\n|-damage|p1a: Arceus Grass|94\/100|[from] Sandstorm\n|faint|p2a: Roaring Moon\n|-end|p2a: Roaring Moon|Protosynthesis|[silent]\n|upkeep\n|\n|t:|1697643873\n|switch|p2a: Iron Moth|Iron Moth|100\/100\n|-damage|p2a: Iron Moth|76\/100|[from] Stealth Rock\n|-damage|p2a: Iron Moth|51\/100|[from] Spikes\n|-enditem|p2a: Iron Moth|Booster Energy\n|-activate|p2a: Iron Moth|ability: Quark Drive|[fromitem]\n|-start|p2a: Iron Moth|quarkdrivespe\n|turn|20\n|\n|t:|1697643882\n|move|p2a: Iron Moth|Fiery Dance|p1a: Arceus Grass\n|-supereffective|p1a: Arceus Grass\n|-damage|p1a: Arceus Grass|44\/100\n|move|p1a: Arceus Grass|Earth Power|p2a: Iron Moth\n|-supereffective|p2a: Iron Moth\n|-damage|p2a: Iron Moth|0 fnt\n|faint|p2a: Iron Moth\n|-end|p2a: Iron Moth|Quark Drive|[silent]\n|\n|win|bowsori\n|c|\u2606bowsori|gg\n|c|\u2606Albaz Brand|GGs\n|l|\u2606Albaz Brand\n|c|\u2606bowsori|roaring moon is FAST\n","uploadtime":1697644503,"views":10,"p1id":"bowsori","p2id":"albazbrand","formatid":"gen9ubers","rating":0,"private":0,"password":""}