{"id":"gen9ubers-1989988817","p1":"bennymbs","p2":"SwordIsBored","format":"[Gen 9] Ubers","log":"|j|\u2606bennymbs\n|j|\u2606SwordIsBored\n|t:|1699912989\n|gametype|singles\n|player|p1|bennymbs|mina|\n|player|p2|SwordIsBored|irida|\n|teamsize|p1|6\n|teamsize|p2|6\n|gen|9\n|tier|[Gen 9] Ubers\n|rule|Sleep Clause Mod: Limit one foe put to sleep\n|rule|Species Clause: Limit one of each Pok\u00e9mon\n|rule|OHKO Clause: OHKO moves are banned\n|rule|Evasion Items Clause: Evasion items are banned\n|rule|Evasion Moves Clause: Evasion moves are banned\n|rule|Endless Battle Clause: Forcing endless battles is banned\n|rule|HP Percentage Mod: HP is shown in percentages\n|clearpoke\n|poke|p1|Arceus-Poison|\n|poke|p1|Clefable, F|\n|poke|p1|Orthworm, M|\n|poke|p1|Blissey, F|\n|poke|p1|Cyclizar, M|\n|poke|p1|Zacian-*|\n|poke|p2|Tyranitar, F|\n|poke|p2|Palkia-Origin|\n|poke|p2|Magearna|\n|poke|p2|Houndstone, M|\n|poke|p2|Landorus, M|\n|poke|p2|Zacian-*|\n|teampreview\n|inactive|Battle timer is ON: inactive players will automatically lose when time's up. (requested by bennymbs)\n|inactive|SwordIsBored has 270 seconds left.\n|\n|t:|1699913026\n|start\n|switch|p1a: Cyclizar|Cyclizar, M|100\/100\n|switch|p2a: Palkia|Palkia-Origin|100\/100\n|-ability|p2a: Palkia|Pressure\n|turn|1\n|\n|t:|1699913040\n|move|p1a: Cyclizar|Shed Tail|p1a: Cyclizar\n|-start|p1a: Cyclizar|Substitute|[from] move: Shed Tail\n|-damage|p1a: Cyclizar|50\/100\n|\n|t:|1699913043\n|switch|p1a: Blissey|Blissey, F, shiny|100\/100|[from] Shed Tail\n|move|p2a: Palkia|Draco Meteor|p1a: Blissey\n|-end|p1a: Blissey|Substitute\n|-unboost|p2a: Palkia|spa|2\n|\n|upkeep\n|turn|2\n|\n|t:|1699913055\n|switch|p2a: Magearna|Magearna|100\/100\n|move|p1a: Blissey|Stealth Rock|p2a: Magearna\n|-sidestart|p2: SwordIsBored|move: Stealth Rock\n|\n|upkeep\n|turn|3\n|\n|t:|1699913066\n|move|p2a: Magearna|Spikes|p1a: Blissey\n|-sidestart|p1: bennymbs|Spikes\n|move|p1a: Blissey|Seismic Toss|p2a: Magearna\n|-damage|p2a: Magearna|73\/100\n|\n|-heal|p2a: Magearna|79\/100|[from] item: Leftovers\n|upkeep\n|turn|4\n|\n|t:|1699913070\n|move|p2a: Magearna|Spikes|p1a: Blissey\n|-sidestart|p1: bennymbs|Spikes\n|move|p1a: Blissey|Seismic Toss|p2a: Magearna\n|-damage|p2a: Magearna|51\/100\n|\n|-heal|p2a: Magearna|58\/100|[from] item: Leftovers\n|upkeep\n|turn|5\n|\n|t:|1699913075\n|move|p2a: Magearna|Spikes|p1a: Blissey\n|-sidestart|p1: bennymbs|Spikes\n|move|p1a: Blissey|Seismic Toss|p2a: Magearna\n|-damage|p2a: Magearna|30\/100\n|\n|-heal|p2a: Magearna|36\/100|[from] item: Leftovers\n|upkeep\n|turn|6\n|\n|t:|1699913078\n|move|p2a: Magearna|Volt Switch|p1a: Blissey\n|-damage|p1a: Blissey|93\/100\n|\n|t:|1699913093\n|switch|p2a: Zacian|Zacian|100\/100|[from] Volt Switch\n|-ability|p2a: Zacian|Intrepid Sword|boost\n|-boost|p2a: Zacian|atk|1\n|move|p1a: Blissey|Seismic Toss|p2a: Zacian\n|-damage|p2a: Zacian|70\/100\n|\n|-heal|p1a: Blissey|99\/100|[from] item: Leftovers\n|upkeep\n|turn|7\n|\n|t:|1699913104\n|switch|p1a: Arceus|Arceus-Poison|100\/100\n|-damage|p1a: Arceus|75\/100|[from] Spikes\n|move|p2a: Zacian|Swords Dance|p2a: Zacian\n|-boost|p2a: Zacian|atk|2\n|\n|upkeep\n|turn|8\n|\n|t:|1699913121\n|-terastallize|p2a: Zacian|Dark\n|move|p2a: Zacian|Swords Dance|p2a: Zacian\n|-boost|p2a: Zacian|atk|2\n|move|p1a: Arceus|Poison Jab|p2a: Zacian\n|-damage|p2a: Zacian|39\/100\n|-status|p2a: Zacian|psn\n|\n|-damage|p2a: Zacian|27\/100 psn|[from] psn\n|upkeep\n|turn|9\n|\n|t:|1699913131\n|switch|p1a: Clefable|Clefable, F|100\/100\n|-damage|p1a: Clefable|76\/100|[from] Spikes\n|move|p2a: Zacian|Crunch|p1a: Clefable\n|-resisted|p1a: Clefable\n|-damage|p1a: Clefable|60\/100\n|\n|-heal|p1a: Clefable|66\/100|[from] item: Leftovers\n|-damage|p2a: Zacian|15\/100 psn|[from] psn\n|upkeep\n|turn|10\n|\n|t:|1699913137\n|move|p1a: Clefable|Protect|p1a: Clefable\n|-singleturn|p1a: Clefable|Protect\n|move|p2a: Zacian|Crunch|p1a: Clefable\n|-activate|p1a: Clefable|move: Protect\n|\n|-heal|p1a: Clefable|72\/100|[from] item: Leftovers\n|-damage|p2a: Zacian|2\/100 psn|[from] psn\n|upkeep\n|turn|11\n|\n|t:|1699913140\n|move|p2a: Zacian|Play Rough|p1a: Clefable\n|-damage|p1a: Clefable|38\/100\n|move|p1a: Clefable|Wish|p1a: Clefable\n|\n|-heal|p1a: Clefable|44\/100|[from] item: Leftovers\n|-damage|p2a: Zacian|0 fnt|[from] psn\n|faint|p2a: Zacian\n|upkeep\n|\n|t:|1699913155\n|switch|p2a: Palkia|Palkia-Origin|100\/100\n|-damage|p2a: Palkia|88\/100|[from] Stealth Rock\n|-ability|p2a: Palkia|Pressure\n|turn|12\n|\n|t:|1699913161\n|move|p1a: Clefable|Protect|p1a: Clefable\n|-singleturn|p1a: Clefable|Protect\n|move|p2a: Palkia|Hydro Pump|p1a: Clefable\n|-activate|p1a: Clefable|move: Protect\n|\n|-heal|p1a: Clefable|94\/100|[from] move: Wish|[wisher] Clefable\n|-heal|p1a: Clefable|100\/100|[from] item: Leftovers\n|upkeep\n|turn|13\n|\n|t:|1699913166\n|switch|p1a: Blissey|Blissey, F, shiny|99\/100\n|-damage|p1a: Blissey|74\/100|[from] Spikes\n|move|p2a: Palkia|Hydro Pump|p1a: Blissey\n|-damage|p1a: Blissey|52\/100\n|\n|-heal|p1a: Blissey|58\/100|[from] item: Leftovers\n|upkeep\n|turn|14\n|\n|t:|1699913172\n|switch|p2a: Tyranitar|Tyranitar, F|100\/100\n|-damage|p2a: Tyranitar|88\/100|[from] Stealth Rock\n|-weather|Sandstorm|[from] ability: Sand Stream|[of] p2a: Tyranitar\n|move|p1a: Blissey|Soft-Boiled|p1a: Blissey\n|-heal|p1a: Blissey|100\/100\n|\n|-weather|Sandstorm|[upkeep]\n|-damage|p1a: Blissey|94\/100|[from] Sandstorm\n|-heal|p1a: Blissey|100\/100|[from] item: Leftovers\n|upkeep\n|turn|15\n|\n|t:|1699913197\n|switch|p1a: Orthworm|Orthworm, M|100\/100\n|-damage|p1a: Orthworm|75\/100|[from] Spikes\n|move|p2a: Tyranitar|Thunder Wave|p1a: Orthworm\n|-status|p1a: Orthworm|par\n|\n|-weather|Sandstorm|[upkeep]\n|-heal|p1a: Orthworm|82\/100 par|[from] item: Leftovers\n|upkeep\n|turn|16\n|\n|t:|1699913215\n|move|p2a: Tyranitar|Stealth Rock|p1a: Orthworm\n|-sidestart|p1: bennymbs|move: Stealth Rock\n|move|p1a: Orthworm|Spikes|p2a: Tyranitar\n|-sidestart|p2: SwordIsBored|Spikes\n|\n|-weather|Sandstorm|[upkeep]\n|-heal|p1a: Orthworm|88\/100 par|[from] item: Leftovers\n|upkeep\n|turn|17\n|\n|t:|1699913225\n|move|p2a: Tyranitar|Knock Off|p1a: Orthworm\n|-damage|p1a: Orthworm|56\/100 par\n|-enditem|p1a: Orthworm|Leftovers|[from] move: Knock Off|[of] p2a: Tyranitar\n|move|p1a: Orthworm|Body Press|p2a: Tyranitar\n|-supereffective|p2a: Tyranitar\n|-damage|p2a: Tyranitar|0 fnt\n|faint|p2a: Tyranitar\n|\n|-weather|Sandstorm|[upkeep]\n|upkeep\n|\n|t:|1699913233\n|switch|p2a: Palkia|Palkia-Origin|88\/100\n|-damage|p2a: Palkia|76\/100|[from] Stealth Rock\n|-damage|p2a: Palkia|63\/100|[from] Spikes\n|-ability|p2a: Palkia|Pressure\n|turn|18\n|\n|t:|1699913253\n|switch|p1a: Clefable|Clefable, F|100\/100\n|-damage|p1a: Clefable|76\/100|[from] Spikes\n|-damage|p1a: Clefable|63\/100|[from] Stealth Rock\n|move|p2a: Palkia|Fire Blast|p1a: Clefable\n|-damage|p1a: Clefable|24\/100\n|\n|-weather|Sandstorm|[upkeep]\n|-damage|p2a: Palkia|57\/100|[from] Sandstorm\n|-damage|p1a: Clefable|18\/100|[from] Sandstorm\n|-heal|p1a: Clefable|24\/100|[from] item: Leftovers\n|upkeep\n|turn|19\n|\n|t:|1699913262\n|move|p1a: Clefable|Protect|p1a: Clefable\n|-singleturn|p1a: Clefable|Protect\n|move|p2a: Palkia|Substitute|p2a: Palkia\n|-start|p2a: Palkia|Substitute\n|-damage|p2a: Palkia|32\/100\n|\n|-weather|Sandstorm|[upkeep]\n|-damage|p2a: Palkia|26\/100|[from] Sandstorm\n|-damage|p1a: Clefable|18\/100|[from] Sandstorm\n|-heal|p1a: Clefable|24\/100|[from] item: Leftovers\n|upkeep\n|turn|20\n|\n|t:|1699913270\n|move|p2a: Palkia|Fire Blast|p1a: Clefable\n|-damage|p1a: Clefable|0 fnt\n|faint|p1a: Clefable\n|\n|-weather|Sandstorm|[upkeep]\n|-damage|p2a: Palkia|20\/100|[from] Sandstorm\n|upkeep\n|\n|t:|1699913277\n|switch|p1a: Cyclizar|Cyclizar, M|84\/100\n|turn|21\n|\n|t:|1699913282\n|-terastallize|p1a: Cyclizar|Fairy\n|move|p1a: Cyclizar|Rapid Spin|p2a: Palkia\n|-activate|p2a: Palkia|move: Substitute|[damage]\n|-sideend|p1: bennymbs|Spikes|[from] move: Rapid Spin|[of] p1a: Cyclizar\n|-sideend|p1: bennymbs|Stealth Rock|[from] move: Rapid Spin|[of] p1a: Cyclizar\n|-boost|p1a: Cyclizar|spe|1\n|move|p2a: Palkia|Hydro Pump|p1a: Cyclizar\n|-damage|p1a: Cyclizar|0 fnt\n|faint|p1a: Cyclizar\n|\n|-weather|none\n|upkeep\n|\n|t:|1699913291\n|switch|p1a: Arceus|Arceus-Poison|75\/100\n|turn|22\n|\n|t:|1699913298\n|move|p2a: Palkia|Hydro Pump|p1a: Arceus\n|-damage|p1a: Arceus|40\/100\n|move|p1a: Arceus|Poison Jab|p2a: Palkia\n|-end|p2a: Palkia|Substitute\n|\n|upkeep\n|turn|23\n|\n|t:|1699913302\n|move|p2a: Palkia|Draco Meteor|p1a: Arceus\n|-damage|p1a: Arceus|0 fnt\n|-unboost|p2a: Palkia|spa|2\n|faint|p1a: Arceus\n|\n|upkeep\n|\n|t:|1699913307\n|switch|p1a: Zacian|Zacian, shiny|100\/100\n|-ability|p1a: Zacian|Intrepid Sword|boost\n|-boost|p1a: Zacian|atk|1\n|turn|24\n|\n|t:|1699913328\n|move|p1a: Zacian|Play Rough|p2a: Palkia|[miss]\n|-miss|p1a: Zacian|p2a: Palkia\n|move|p2a: Palkia|Hydro Pump|p1a: Zacian\n|-damage|p1a: Zacian|62\/100\n|\n|upkeep\n|turn|25\n|\n|t:|1699913335\n|move|p1a: Zacian|Play Rough|p2a: Palkia\n|-supereffective|p2a: Palkia\n|-damage|p2a: Palkia|0 fnt\n|faint|p2a: Palkia\n|\n|upkeep\n|c|\u2606bennymbs|Damn tf\n|\n|t:|1699913346\n|switch|p2a: Magearna|Magearna|36\/100\n|-damage|p2a: Magearna|30\/100|[from] Stealth Rock\n|-damage|p2a: Magearna|18\/100|[from] Spikes\n|turn|26\n|\n|t:|1699913352\n|move|p1a: Zacian|Iron Head|p2a: Magearna\n|-damage|p2a: Magearna|0 fnt\n|faint|p2a: Magearna\n|\n|upkeep\n|\n|t:|1699913355\n|switch|p2a: Houndstone|Houndstone, M|100\/100\n|-damage|p2a: Houndstone|88\/100|[from] Stealth Rock\n|-damage|p2a: Houndstone|76\/100|[from] Spikes\n|turn|27\n|c|\u2606SwordIsBored|i forgot my ttar was important\n|\n|t:|1699913366\n|move|p1a: Zacian|Play Rough|p2a: Houndstone\n|-damage|p2a: Houndstone|0 fnt\n|faint|p2a: Houndstone\n|\n|upkeep\n|\n|t:|1699913369\n|switch|p2a: Landorus|Landorus, M|100\/100\n|-damage|p2a: Landorus|88\/100|[from] Stealth Rock\n|turn|28\n|c|\u2606bennymbs|Yeah,\n|c|\u2606bennymbs|Now\n|c|\u2606bennymbs|I must pray\n|\n|t:|1699913395\n|move|p2a: Landorus|Earthquake|p1a: Zacian\n|-damage|p1a: Zacian|14\/100\n|move|p1a: Zacian|Play Rough|p2a: Landorus\n|-damage|p2a: Landorus|16\/100\n|\n|upkeep\n|turn|29\n|c|\u2606SwordIsBored|o\n|c|\u2606SwordIsBored|he just tanked\n|c|\u2606SwordIsBored|ok i threw\n|c|\u2606SwordIsBored|good to know\n|c|\u2606SwordIsBored|gg\n|\n|t:|1699913405\n|move|p2a: Landorus|Earthquake|p1a: Zacian\n|-damage|p1a: Zacian|0 fnt\n|faint|p1a: Zacian\n|\n|upkeep\n|\n|t:|1699913407\n|switch|p1a: Orthworm|Orthworm, M|56\/100 par\n|turn|30\n|\n|t:|1699913409\n|move|p2a: Landorus|Earthquake|p1a: Orthworm\n|-heal|p1a: Orthworm|81\/100 par|[from] ability: Earth Eater|[of] p2a: Landorus\n|move|p1a: Orthworm|Iron Head|p2a: Landorus\n|-damage|p2a: Landorus|0 fnt\n|faint|p2a: Landorus\n|\n|win|bennymbs\n|l|\u2606SwordIsBored\n|c|\u2606bennymbs|Gg\n","uploadtime":1699913432,"views":37,"p1id":"bennymbs","p2id":"swordisbored","formatid":"gen9ubers","rating":0,"private":0,"password":""}