{"id":"gen9ubers-1979389222","p1":"gettinglaidtoday","p2":"dosojx","format":"[Gen 9] Ubers","log":"|j|\u2606gettinglaidtoday\n|j|\u2606dosojx\n|t:|1698678814\n|gametype|singles\n|player|p1|gettinglaidtoday|palmer|1188\n|player|p2|dosojx|2|1255\n|teamsize|p1|6\n|teamsize|p2|6\n|gen|9\n|tier|[Gen 9] Ubers\n|rated|\n|rule|Sleep Clause Mod: Limit one foe put to sleep\n|rule|Species Clause: Limit one of each Pok\u00e9mon\n|rule|OHKO Clause: OHKO moves are banned\n|rule|Evasion Items Clause: Evasion items are banned\n|rule|Evasion Moves Clause: Evasion moves are banned\n|rule|Endless Battle Clause: Forcing endless battles is banned\n|rule|HP Percentage Mod: HP is shown in percentages\n|clearpoke\n|poke|p1|Arceus|\n|poke|p1|Eternatus|\n|poke|p1|Ditto|\n|poke|p1|Miraidon|\n|poke|p1|Grimmsnarl, M|\n|poke|p1|Ogerpon-Hearthflame, F|\n|poke|p2|Arceus|\n|poke|p2|Ting-Lu|\n|poke|p2|Zacian-*|\n|poke|p2|Flutter Mane|\n|poke|p2|Koraidon|\n|poke|p2|Chi-Yu|\n|teampreview\n|inactive|Battle timer is ON: inactive players will automatically lose when time's up. (requested by gettinglaidtoday)\n|\n|t:|1698678824\n|start\n|switch|p1a: Grimmsnarl|Grimmsnarl, M|100\/100\n|switch|p2a: Koraidon|Koraidon|100\/100\n|-weather|SunnyDay|[from] ability: Orichalcum Pulse|[of] p2a: Koraidon\n|-activate|p2a: Koraidon|Orichalcum Pulse|[source]\n|turn|1\n|\n|t:|1698678834\n|move|p1a: Grimmsnarl|Reflect|p1a: Grimmsnarl\n|-sidestart|p1: gettinglaidtoday|Reflect\n|move|p2a: Koraidon|Flare Blitz|p1a: Grimmsnarl\n|-damage|p1a: Grimmsnarl|48\/100\n|-damage|p2a: Koraidon|81\/100|[from] Recoil\n|\n|-weather|SunnyDay|[upkeep]\n|upkeep\n|turn|2\n|\n|t:|1698678842\n|move|p1a: Grimmsnarl|Parting Shot|p2a: Koraidon\n|-unboost|p2a: Koraidon|atk|1\n|-unboost|p2a: Koraidon|spa|1\n|\n|t:|1698678851\n|switch|p1a: Miraidon|Miraidon|100\/100|[from] Parting Shot\n|-fieldstart|move: Electric Terrain|[from] ability: Hadron Engine|[of] p1a: Miraidon\n|move|p2a: Koraidon|Flare Blitz|p1a: Miraidon\n|-resisted|p1a: Miraidon\n|-damage|p1a: Miraidon|85\/100\n|-damage|p2a: Koraidon|76\/100|[from] Recoil\n|\n|-weather|SunnyDay|[upkeep]\n|upkeep\n|turn|3\n|c|\u2606dosojx|Prankster ass hoe\n|n|\u203ddosojx|dosojx\n|c|&|\/log dosojx was locked from talking by Artemis. (\u2606dosojx: Prankster ass hoe)\n|c|&|\/raw <small>This action was done automatically. Want to learn more about the AI? <a href=\"https:\/\/www.smogon.com\/forums\/threads\/3570628\/#post-9056769\">Visit the information thread<\/a>.<\/small>\n|c|\u2606gettinglaidtoday|lol what\n|\n|t:|1698678880\n|switch|p2a: Ting-Lu|Ting-Lu|100\/100\n|-ability|p2a: Ting-Lu|Vessel of Ruin\n|move|p1a: Miraidon|Volt Switch|p2a: Ting-Lu\n|-immune|p2a: Ting-Lu\n|\n|-weather|SunnyDay|[upkeep]\n|upkeep\n|turn|4\n|\n|t:|1698678890\n|switch|p1a: Arceus|Arceus|100\/100\n|move|p2a: Ting-Lu|Stealth Rock|p1a: Arceus\n|-sidestart|p1: gettinglaidtoday|move: Stealth Rock\n|\n|-weather|SunnyDay|[upkeep]\n|upkeep\n|turn|5\n|\n|t:|1698678897\n|move|p1a: Arceus|Swords Dance|p1a: Arceus\n|-boost|p1a: Arceus|atk|2\n|move|p2a: Ting-Lu|Spikes|p1a: Arceus\n|-sidestart|p1: gettinglaidtoday|Spikes\n|\n|-weather|none\n|upkeep\n|turn|6\n|\n|t:|1698678907\n|move|p1a: Arceus|Swords Dance|p1a: Arceus\n|-boost|p1a: Arceus|atk|2\n|move|p2a: Ting-Lu|Earthquake|p1a: Arceus\n|-damage|p1a: Arceus|84\/100\n|\n|-heal|p1a: Arceus|90\/100|[from] item: Leftovers\n|-fieldend|move: Electric Terrain\n|upkeep\n|turn|7\n|\n|t:|1698678916\n|move|p1a: Arceus|Extreme Speed|p2a: Ting-Lu\n|-crit|p2a: Ting-Lu\n|-damage|p2a: Ting-Lu|1\/100\n|move|p2a: Ting-Lu|Spikes|p1a: Arceus\n|-sidestart|p1: gettinglaidtoday|Spikes\n|\n|-heal|p1a: Arceus|96\/100|[from] item: Leftovers\n|-heal|p2a: Ting-Lu|8\/100|[from] item: Leftovers\n|upkeep\n|turn|8\n|\n|t:|1698678935\n|move|p1a: Arceus|Swords Dance|p1a: Arceus\n|-boost|p1a: Arceus|atk|2\n|move|p2a: Ting-Lu|Spikes|p1a: Arceus\n|-sidestart|p1: gettinglaidtoday|Spikes\n|\n|-heal|p1a: Arceus|100\/100|[from] item: Leftovers\n|-heal|p2a: Ting-Lu|14\/100|[from] item: Leftovers\n|-sideend|p1: gettinglaidtoday|Reflect\n|upkeep\n|turn|9\n|\n|t:|1698678948\n|move|p1a: Arceus|Shadow Claw|p2a: Ting-Lu\n|-resisted|p2a: Ting-Lu\n|-damage|p2a: Ting-Lu|0 fnt\n|faint|p2a: Ting-Lu\n|\n|upkeep\n|\n|t:|1698678954\n|switch|p2a: Chi-Yu|Chi-Yu|100\/100\n|-ability|p2a: Chi-Yu|Beads of Ruin\n|turn|10\n|\n|t:|1698678962\n|-terastallize|p2a: Chi-Yu|Fire\n|move|p1a: Arceus|Extreme Speed|p2a: Chi-Yu\n|-enditem|p2a: Chi-Yu|Focus Sash\n|-damage|p2a: Chi-Yu|1\/100\n|move|p2a: Chi-Yu|Overheat|p1a: Arceus\n|-damage|p1a: Arceus|12\/100\n|-unboost|p2a: Chi-Yu|spa|2\n|\n|-heal|p1a: Arceus|18\/100|[from] item: Leftovers\n|upkeep\n|turn|11\n|j| vegemite360\n|\n|t:|1698678976\n|move|p1a: Arceus|Extreme Speed|p2a: Chi-Yu\n|-damage|p2a: Chi-Yu|0 fnt\n|faint|p2a: Chi-Yu\n|\n|-heal|p1a: Arceus|24\/100|[from] item: Leftovers\n|upkeep\n|\n|t:|1698678984\n|switch|p2a: Flutter Mane|Flutter Mane|100\/100\n|turn|12\n|\n|t:|1698678991\n|move|p2a: Flutter Mane|Moonblast|p1a: Arceus\n|-damage|p1a: Arceus|0 fnt\n|faint|p1a: Arceus\n|\n|upkeep\n|\n|t:|1698678999\n|switch|p1a: Grimmsnarl|Grimmsnarl, M|48\/100\n|-damage|p1a: Grimmsnarl|36\/100|[from] Stealth Rock\n|-damage|p1a: Grimmsnarl|11\/100|[from] Spikes\n|turn|13\n|\n|t:|1698679019\n|move|p1a: Grimmsnarl|Light Screen|p1a: Grimmsnarl\n|-sidestart|p1: gettinglaidtoday|move: Light Screen\n|move|p2a: Flutter Mane|Moonblast|p1a: Grimmsnarl\n|-supereffective|p1a: Grimmsnarl\n|-crit|p1a: Grimmsnarl\n|-damage|p1a: Grimmsnarl|0 fnt\n|faint|p1a: Grimmsnarl\n|\n|upkeep\n|\n|t:|1698679046\n|switch|p1a: Ogerpon|Ogerpon-Hearthflame, F|100\/100\n|-damage|p1a: Ogerpon|76\/100|[from] Stealth Rock\n|-damage|p1a: Ogerpon|51\/100|[from] Spikes\n|-ability|p1a: Ogerpon|Mold Breaker\n|turn|14\n|\n|t:|1698679059\n|-end|p2a: Flutter Mane|Protosynthesis|[silent]\n|switch|p2a: Arceus|Arceus|100\/100\n|-terastallize|p1a: Ogerpon|Fire\n|detailschange|p1a: Ogerpon|Ogerpon-Hearthflame-Tera, F, tera:Fire\n|-ability|p1a: Ogerpon|Embody Aspect (Hearthflame)|boost\n|-boost|p1a: Ogerpon|atk|1\n|move|p1a: Ogerpon|Trailblaze|p2a: Arceus\n|-damage|p2a: Arceus|71\/100\n|-boost|p1a: Ogerpon|spe|1\n|\n|upkeep\n|turn|15\n|\n|t:|1698679071\n|move|p2a: Arceus|Extreme Speed|p1a: Ogerpon\n|-damage|p1a: Ogerpon|0 fnt\n|faint|p1a: Ogerpon\n|-damage|p2a: Arceus|61\/100|[from] item: Life Orb\n|\n|upkeep\n|\n|t:|1698679078\n|switch|p1a: Ditto|Ditto|100\/100\n|-damage|p1a: Ditto|88\/100|[from] Stealth Rock\n|-damage|p1a: Ditto|63\/100|[from] Spikes\n|-transform|p1a: Ditto|p2a: Arceus|[from] ability: Imposter\n|turn|16\n|\n|t:|1698679086\n|move|p2a: Arceus|Extreme Speed|p1a: Ditto\n|-damage|p1a: Ditto|7\/100\n|-damage|p2a: Arceus|51\/100|[from] item: Life Orb\n|move|p1a: Ditto|Shadow Claw|p2a: Arceus\n|-immune|p2a: Arceus\n|\n|upkeep\n|turn|17\n|-message|gettinglaidtoday forfeited.\n|\n|win|dosojx\n|raw|gettinglaidtoday's rating: 1188 &rarr; <strong>1168<\/strong><br \/>(-20 for losing)\n|raw|dosojx's rating: 1255 &rarr; <strong>1275<\/strong><br \/>(+20 for winning)\n|l|\u2606gettinglaidtoday\n","uploadtime":1698678860,"views":4,"p1id":"gettinglaidtoday","p2id":"dosojx","formatid":"gen9ubers","rating":1168,"private":0,"password":""}