{"id":"gen9ubers-1968393415","p1":"Kresx","p2":"Hydro76226","format":"[Gen 9] Ubers","log":"|j|\u2606Kresx\n|j|\u2606Hydro76226\n|t:|1697413733\n|gametype|singles\n|player|p1|Kresx|veteran|1162\n|player|p2|Hydro76226|cyrus|1146\n|teamsize|p1|6\n|teamsize|p2|6\n|gen|9\n|tier|[Gen 9] Ubers\n|rated|\n|rule|Sleep Clause Mod: Limit one foe put to sleep\n|rule|Species Clause: Limit one of each Pok\u00e9mon\n|rule|OHKO Clause: OHKO moves are banned\n|rule|Evasion Items Clause: Evasion items are banned\n|rule|Evasion Moves Clause: Evasion moves are banned\n|rule|Endless Battle Clause: Forcing endless battles is banned\n|rule|HP Percentage Mod: HP is shown in percentages\n|clearpoke\n|poke|p1|Urshifu-*, M|\n|poke|p1|Arceus|\n|poke|p1|Magearna|\n|poke|p1|Darkrai|\n|poke|p1|Miraidon|\n|poke|p1|Palafin, F|\n|poke|p2|Dragapult, M|\n|poke|p2|Regieleki|\n|poke|p2|Urshifu-*, M|\n|poke|p2|Rillaboom, M|\n|poke|p2|Chi-Yu|\n|poke|p2|Zacian-*|\n|teampreview\n|inactive|Battle timer is ON: inactive players will automatically lose when time's up. (requested by Kresx)\n|inactive|Kresx has 120 seconds left.\n|\n|t:|1697413781\n|start\n|switch|p1a: Palafin|Palafin, F|100\/100\n|switch|p2a: Zacian|Zacian-Crowned|100\/100\n|-ability|p2a: Zacian|Intrepid Sword|boost\n|-boost|p2a: Zacian|atk|1\n|turn|1\n|\n|t:|1697413791\n|move|p2a: Zacian|Swords Dance|p2a: Zacian\n|-boost|p2a: Zacian|atk|2\n|move|p1a: Palafin|Flip Turn|p2a: Zacian\n|-damage|p2a: Zacian|67\/100\n|\n|t:|1697413793\n|detailschange|p1a: Palafin|Palafin-Hero, F\n|switch|p1a: Miraidon|Miraidon|100\/100|[from] Flip Turn\n|-fieldstart|move: Electric Terrain|[from] ability: Hadron Engine|[of] p1a: Miraidon\n|\n|upkeep\n|turn|2\n|\n|t:|1697413799\n|move|p1a: Miraidon|Electro Drift|p2a: Zacian\n|-damage|p2a: Zacian|0 fnt\n|faint|p2a: Zacian\n|\n|upkeep\n|\n|t:|1697413810\n|switch|p2a: Dragapult|Dragapult, M, shiny|100\/100\n|turn|3\n|\n|t:|1697413822\n|switch|p1a: Magearna|Magearna|100\/100\n|move|p2a: Dragapult|Dragon Darts|p1a: Magearna\n|-immune|p1a: Magearna\n|\n|upkeep\n|turn|4\n|\n|t:|1697413828\n|switch|p2a: Chi-Yu|Chi-Yu|100\/100\n|-ability|p2a: Chi-Yu|Beads of Ruin\n|move|p1a: Magearna|Gravity|p1a: Magearna\n|-fieldstart|move: Gravity\n|\n|upkeep\n|turn|5\n|\n|t:|1697413840\n|-terastallize|p1a: Magearna|Electric\n|move|p2a: Chi-Yu|Flamethrower|p1a: Magearna\n|-damage|p1a: Magearna|52\/100\n|move|p1a: Magearna|Zap Cannon|p2a: Chi-Yu\n|-damage|p2a: Chi-Yu|25\/100\n|-status|p2a: Chi-Yu|par\n|\n|-heal|p1a: Magearna|58\/100|[from] item: Leftovers\n|-fieldend|move: Electric Terrain\n|upkeep\n|turn|6\n|inactive|Kresx has 120 seconds left.\n|\n|t:|1697413881\n|cant|p2a: Chi-Yu|par\n|move|p1a: Magearna|Draining Kiss|p2a: Chi-Yu\n|-damage|p2a: Chi-Yu|0 fnt\n|-heal|p1a: Magearna|71\/100|[from] drain|[of] p2a: Chi-Yu\n|faint|p2a: Chi-Yu\n|-ability|p1a: Magearna|Soul-Heart|boost\n|-boost|p1a: Magearna|spa|1\n|\n|-heal|p1a: Magearna|77\/100|[from] item: Leftovers\n|upkeep\n|\n|t:|1697413897\n|switch|p2a: Rillaboom|Rillaboom, M|100\/100\n|-fieldstart|move: Grassy Terrain|[from] ability: Grassy Surge|[of] p2a: Rillaboom\n|turn|7\n|\n|t:|1697413904\n|move|p2a: Rillaboom|Grassy Glide|p1a: Magearna\n|-damage|p1a: Magearna|40\/100\n|move|p1a: Magearna|Zap Cannon|p2a: Rillaboom\n|-resisted|p2a: Rillaboom\n|-damage|p2a: Rillaboom|57\/100\n|-status|p2a: Rillaboom|par\n|\n|-heal|p1a: Magearna|46\/100|[from] Grassy Terrain\n|-heal|p1a: Magearna|52\/100|[from] item: Leftovers\n|-heal|p2a: Rillaboom|64\/100 par|[from] Grassy Terrain\n|upkeep\n|turn|8\n|\n|t:|1697413917\n|move|p2a: Rillaboom|Grassy Glide|p1a: Magearna\n|-damage|p1a: Magearna|16\/100\n|move|p1a: Magearna|Draining Kiss|p2a: Rillaboom\n|-damage|p2a: Rillaboom|27\/100 par\n|-heal|p1a: Magearna|46\/100|[from] drain|[of] p2a: Rillaboom\n|\n|-heal|p1a: Magearna|52\/100|[from] Grassy Terrain\n|-heal|p1a: Magearna|58\/100|[from] item: Leftovers\n|-heal|p2a: Rillaboom|33\/100 par|[from] Grassy Terrain\n|-fieldend|move: Gravity\n|upkeep\n|turn|9\n|\n|t:|1697413927\n|cant|p2a: Rillaboom|par\n|move|p1a: Magearna|Draining Kiss|p2a: Rillaboom\n|-damage|p2a: Rillaboom|0 fnt\n|-heal|p1a: Magearna|86\/100|[from] drain|[of] p2a: Rillaboom\n|faint|p2a: Rillaboom\n|-ability|p1a: Magearna|Soul-Heart|boost\n|-boost|p1a: Magearna|spa|1\n|\n|-heal|p1a: Magearna|92\/100|[from] Grassy Terrain\n|-heal|p1a: Magearna|98\/100|[from] item: Leftovers\n|upkeep\n|\n|t:|1697413938\n|switch|p2a: Urshifu|Urshifu-Rapid-Strike, M|100\/100\n|turn|10\n|\n|t:|1697413953\n|move|p2a: Urshifu|Surging Strikes|p1a: Magearna\n|-crit|p1a: Magearna\n|-damage|p1a: Magearna|86\/100\n|-crit|p1a: Magearna\n|-damage|p1a: Magearna|74\/100\n|-crit|p1a: Magearna\n|-damage|p1a: Magearna|61\/100\n|-hitcount|p1a: Magearna|3\n|move|p1a: Magearna|Gravity|p1a: Magearna\n|-fieldstart|move: Gravity\n|\n|-heal|p1a: Magearna|67\/100|[from] Grassy Terrain\n|-heal|p1a: Magearna|73\/100|[from] item: Leftovers\n|upkeep\n|turn|11\n|-message|Hydro76226 forfeited.\n|\n|win|Kresx\n|raw|Kresx's rating: 1162 &rarr; <strong>1186<\/strong><br \/>(+24 for winning)\n|raw|Hydro76226's rating: 1146 &rarr; <strong>1122<\/strong><br \/>(-24 for losing)\n|l|\u2606Hydro76226\n","uploadtime":1697413968,"views":9,"p1id":"kresx","p2id":"hydro76226","formatid":"gen9ubers","rating":1122,"private":0,"password":""}