{"id":"gen9ubers-1996724755","p1":"killerpm11","p2":"BL153","format":"[Gen 9] Ubers","log":"|j|\u2606killerpm11\n|j|\u2606BL153\n|t:|1700714890\n|gametype|singles\n|player|p1|killerpm11|266|1358\n|player|p2|BL153|nate|1252\n|teamsize|p1|6\n|teamsize|p2|6\n|gen|9\n|tier|[Gen 9] Ubers\n|rated|\n|rule|Sleep Clause Mod: Limit one foe put to sleep\n|rule|Species Clause: Limit one of each Pok\u00e9mon\n|rule|OHKO Clause: OHKO moves are banned\n|rule|Evasion Items Clause: Evasion items are banned\n|rule|Evasion Moves Clause: Evasion moves are banned\n|rule|Endless Battle Clause: Forcing endless battles is banned\n|rule|HP Percentage Mod: HP is shown in percentages\n|clearpoke\n|poke|p1|Arceus|\n|poke|p1|Landorus, M|\n|poke|p1|Miraidon|\n|poke|p1|Calyrex-Ice|\n|poke|p1|Mewtwo|\n|poke|p1|Ursaluna-Bloodmoon, M|\n|poke|p2|Annihilape, M|\n|poke|p2|Magearna|\n|poke|p2|Groudon|\n|poke|p2|Palkia|\n|poke|p2|Clodsire, M|\n|poke|p2|Arceus-Dark|\n|teampreview\n|c|\u2606killerpm11|glhf\n|inactive|Battle timer is ON: inactive players will automatically lose when time's up. (requested by killerpm11)\n|j| A-Pec 110\n|c|\u2606killerpm11|hello\n|inactive|BL153 has 120 seconds left.\n|c|\u2606BL153|hf\n|c|\u2606BL153|hello\n|c|\u2606BL153|u2 glhf\n|\n|t:|1700714951\n|start\n|switch|p1a: Landorus|Landorus, M|100\/100\n|switch|p2a: Groudon|Groudon|100\/100\n|-weather|SunnyDay|[from] ability: Drought|[of] p2a: Groudon\n|turn|1\n|c|\u2606BL153|srry distracted by Youtube didnt think Id get a game so fast haha\n|\n|t:|1700714977\n|switch|p2a: Magearna|Magearna|100\/100\n|-item|p2a: Magearna|Air Balloon\n|move|p1a: Landorus|Stealth Rock|p2a: Magearna\n|-sidestart|p2: BL153|move: Stealth Rock\n|\n|-weather|SunnyDay|[upkeep]\n|upkeep\n|turn|2\n|c|\u2606killerpm11|your im watching one peise\n|inactive|killerpm11 has 120 seconds left.\n|c|\u2606killerpm11|peace\n|\n|t:|1700715011\n|move|p1a: Landorus|U-turn|p2a: Magearna\n|-resisted|p2a: Magearna\n|-damage|p2a: Magearna|94\/100\n|-enditem|p2a: Magearna|Air Balloon\n|-damage|p1a: Landorus|91\/100|[from] item: Life Orb\n|inactive|killerpm11 has 120 seconds left.\n|\n|t:|1700715024\n|switch|p1a: Ursaluna|Ursaluna-Bloodmoon, M|100\/100|[from] U-turn\n|move|p2a: Magearna|Ice Beam|p1a: Ursaluna\n|-supereffective|p1a: Ursaluna\n|-damage|p1a: Ursaluna|38\/100\n|\n|-weather|SunnyDay|[upkeep]\n|upkeep\n|turn|3\n|c|\u2606BL153|Ohhh youre watching one piece rn?\n|inactive|killerpm11 has 120 seconds left.\n|c|\u2606BL153|Thats a long show Ive heard tho O..O\n|c|\u2606killerpm11|yes very\n|\n|t:|1700715051\n|move|p2a: Magearna|Ice Beam|p1a: Ursaluna\n|-supereffective|p1a: Ursaluna\n|-damage|p1a: Ursaluna|0 fnt\n|faint|p1a: Ursaluna\n|-ability|p2a: Magearna|Soul-Heart|boost\n|-boost|p2a: Magearna|spa|1\n|\n|-weather|SunnyDay|[upkeep]\n|upkeep\n|\n|t:|1700715060\n|switch|p1a: Landorus|Landorus, M|91\/100\n|turn|4\n|c|\u2606BL153|1000 eps right?\n|\n|t:|1700715074\n|move|p1a: Landorus|Earthquake|p2a: Magearna\n|-supereffective|p2a: Magearna\n|-damage|p2a: Magearna|0 fnt\n|faint|p2a: Magearna\n|-damage|p1a: Landorus|81\/100|[from] item: Life Orb\n|\n|-weather|SunnyDay|[upkeep]\n|upkeep\n|c|\u2606killerpm11|something like that\n|inactive|BL153 has 120 seconds left.\n|c|\u2606BL153|Wp I expected Earth Power...\n|c|\u2606BL153|Bcoz of Sheer Force\n|\n|t:|1700715112\n|switch|p2a: Palkia|Palkia|100\/100\n|-damage|p2a: Palkia|88\/100|[from] Stealth Rock\n|-ability|p2a: Palkia|Pressure\n|turn|5\n|inactive|killerpm11 has 120 seconds left.\n|c|\u2606killerpm11|understandable\n|\n|t:|1700715127\n|move|p1a: Landorus|Earthquake|p2a: Palkia\n|-damage|p2a: Palkia|21\/100\n|-damage|p1a: Landorus|71\/100|[from] item: Life Orb\n|move|p2a: Palkia|Spacial Rend|p1a: Landorus\n|-damage|p1a: Landorus|0 fnt\n|faint|p1a: Landorus\n|\n|-weather|none\n|upkeep\n|\n|t:|1700715132\n|switch|p1a: Mewtwo|Mewtwo|100\/100\n|-ability|p1a: Mewtwo|Pressure\n|turn|6\n|\n|t:|1700715138\n|switch|p2a: Arceus|Arceus-Dark|100\/100\n|-damage|p2a: Arceus|88\/100|[from] Stealth Rock\n|move|p1a: Mewtwo|Trick Room|p1a: Mewtwo\n|-fieldstart|move: Trick Room|[of] p1a: Mewtwo\n|\n|upkeep\n|turn|7\n|inactive|BL153 has 120 seconds left.\n|c|\u2606BL153|O...O Trick Room Mewtwo wild\n|\n|t:|1700715155\n|move|p1a: Mewtwo|Aura Sphere|p2a: Arceus\n|-supereffective|p2a: Arceus\n|-damage|p2a: Arceus|42\/100\n|move|p2a: Arceus|Judgment|p1a: Mewtwo\n|-supereffective|p1a: Mewtwo\n|-damage|p1a: Mewtwo|10\/100\n|\n|upkeep\n|turn|8\n|c|\u2606killerpm11|lol\n|\n|t:|1700715168\n|switch|p2a: RAGEEE|Annihilape, M|100\/100\n|-damage|p2a: RAGEEE|94\/100|[from] Stealth Rock\n|move|p1a: Mewtwo|Aura Sphere|p2a: RAGEEE\n|-immune|p2a: RAGEEE\n|\n|-heal|p2a: RAGEEE|100\/100|[from] item: Leftovers\n|upkeep\n|turn|9\n|\n|t:|1700715180\n|move|p2a: RAGEEE|Rage Fist|p1a: Mewtwo\n|-supereffective|p1a: Mewtwo\n|-damage|p1a: Mewtwo|0 fnt\n|faint|p1a: Mewtwo\n|\n|upkeep\n|\n|t:|1700715191\n|switch|p1a: Calyrex|Calyrex-Ice|100\/100\n|-ability|p1a: Calyrex|As One\n|-ability|p1a: Calyrex|Unnerve\n|turn|10\n|inactive|BL153 has 120 seconds left.\n|\n|t:|1700715199\n|-terastallize|p1a: Calyrex|Fighting\n|-terastallize|p2a: RAGEEE|Water\n|move|p1a: Calyrex|Glacial Lance|p2a: RAGEEE\n|-resisted|p2a: RAGEEE\n|-damage|p2a: RAGEEE|57\/100\n|move|p2a: RAGEEE|Bulk Up|p2a: RAGEEE\n|-boost|p2a: RAGEEE|atk|1\n|-boost|p2a: RAGEEE|def|1\n|\n|-heal|p2a: RAGEEE|63\/100|[from] item: Leftovers\n|-fieldend|move: Trick Room\n|upkeep\n|turn|11\n|\n|t:|1700715208\n|move|p2a: RAGEEE|Rage Fist|p1a: Calyrex\n|-damage|p1a: Calyrex|57\/100\n|move|p1a: Calyrex|High Horsepower|p2a: RAGEEE\n|-damage|p2a: RAGEEE|34\/100\n|\n|-heal|p2a: RAGEEE|40\/100|[from] item: Leftovers\n|upkeep\n|turn|12\n|\n|t:|1700715214\n|move|p2a: RAGEEE|Drain Punch|p1a: Calyrex\n|-damage|p1a: Calyrex|27\/100\n|-heal|p2a: RAGEEE|55\/100|[from] drain|[of] p1a: Calyrex\n|move|p1a: Calyrex|Close Combat|p2a: RAGEEE\n|-damage|p2a: RAGEEE|0 fnt\n|-unboost|p1a: Calyrex|def|1\n|-unboost|p1a: Calyrex|spd|1\n|faint|p2a: RAGEEE\n|-ability|p1a: Calyrex|Chilling Neigh|boost\n|-boost|p1a: Calyrex|atk|1\n|\n|upkeep\n|\n|t:|1700715227\n|switch|p2a: Palkia|Palkia|21\/100\n|-damage|p2a: Palkia|8\/100|[from] Stealth Rock\n|-ability|p2a: Palkia|Pressure\n|turn|13\n|\n|t:|1700715235\n|move|p2a: Palkia|Spacial Rend|p1a: Calyrex\n|-damage|p1a: Calyrex|0 fnt\n|faint|p1a: Calyrex\n|\n|upkeep\n|\n|t:|1700715244\n|switch|p1a: Arceus|Arceus, shiny|100\/100\n|turn|14\n|\n|t:|1700715250\n|move|p1a: Arceus|Extreme Speed|p2a: Palkia\n|-damage|p2a: Palkia|0 fnt\n|faint|p2a: Palkia\n|\n|upkeep\n|\n|t:|1700715255\n|switch|p2a: Groudon|Groudon|100\/100\n|-damage|p2a: Groudon|94\/100|[from] Stealth Rock\n|-weather|SunnyDay|[from] ability: Drought|[of] p2a: Groudon\n|turn|15\n|\n|t:|1700715263\n|move|p1a: Arceus|Swords Dance|p1a: Arceus\n|-boost|p1a: Arceus|atk|2\n|move|p2a: Groudon|Thunder Wave|p1a: Arceus\n|-status|p1a: Arceus|par\n|\n|-weather|SunnyDay|[upkeep]\n|-heal|p2a: Groudon|100\/100|[from] item: Leftovers\n|upkeep\n|turn|16\n|c|\u2606BL153|OK E Killer bring IT ON\n|\n|t:|1700715271\n|move|p2a: Groudon|Fire Blast|p1a: Arceus\n|-damage|p1a: Arceus|71\/100 par\n|move|p1a: Arceus|Facade|p2a: Groudon\n|-damage|p2a: Groudon|0 fnt\n|faint|p2a: Groudon\n|\n|-weather|SunnyDay|[upkeep]\n|upkeep\n|\n|t:|1700715278\n|switch|p2a: Arceus|Arceus-Dark|42\/100\n|-damage|p2a: Arceus|30\/100|[from] Stealth Rock\n|turn|17\n|\n|t:|1700715283\n|move|p1a: Arceus|Extreme Speed|p2a: Arceus\n|-damage|p2a: Arceus|0 fnt\n|faint|p2a: Arceus\n|\n|-weather|SunnyDay|[upkeep]\n|upkeep\n|c|\u2606BL153|Dude...thats so clever tbh\n|c|\u2606BL153|How did u think of that set dammmm\n|\n|t:|1700715302\n|switch|p2a: Clodsire|Clodsire, M|100\/100\n|-damage|p2a: Clodsire|94\/100|[from] Stealth Rock\n|turn|18\n|c|\u2606BL153|PARA PLZ\n|c|\u2606killerpm11|i play alot of ou\n|\n|t:|1700715319\n|move|p1a: Arceus|Facade|p2a: Clodsire\n|-damage|p2a: Clodsire|0 fnt\n|faint|p2a: Clodsire\n|\n|win|killerpm11\n|raw|killerpm11's rating: 1358 &rarr; <strong>1372<\/strong><br \/>(+14 for winning)\n|raw|BL153's rating: 1252 &rarr; <strong>1234<\/strong><br \/>(-18 for losing)\n|c|\u2606BL153|Clod Clutch\n|c|\u2606BL153|NOOOOO\n|c|\u2606BL153|gg\n|c|\u2606killerpm11|gg\n|c|\u2606BL153|Wow\n|c|\u2606BL153|Fun sets\n|c|\u2606BL153|some of them\n|c|\u2606killerpm11|that was fun\n|c|\u2606BL153|Im tilting too a bit now ugh lol\n|c|\u2606BL153|3 str8 L's\n|c|\u2606killerpm11|jeez\n|c|\u2606BL153|alot of OU u said?\n|c|\u2606BL153|Thats not ubers tho.. but man u got me\n|c|\u2606killerpm11|lol true\n|l| A-Pec 110\n|c|\u2606BL153|Killerpm is that like killerpokemon11?\n|c|\u2606killerpm11|nah my anitals\n|c|\u2606BL153|*initials :p but I get what u  mean\n|c|\u2606killerpm11|thanks lol\n|c|\u2606BL153|Well u must be a killerplayer in ubers with those wild sets\n|c|\u2606BL153|Youll get ALOT of people with that Facadeceus\n|c|\u2606BL153|MAN...\n|c|\u2606killerpm11|yes i have\n|c|\u2606killerpm11|just got another one lol\n|c|\u2606BL153|U celebrate Thanksgiving?\n|c|\u2606BL153|Ahhh nice link?\n|c|\u2606killerpm11|not this year\n|c|\u2606killerpm11|i already clicked out of it\n|c|\u2606BL153|No not this yr really whys that?  If u dont mind me asking\n|c|\u2606killerpm11|the family is having turmoil\n|c|\u2606BL153|O...o Im sorry to hear that man :\/\n|c|\u2606BL153|So how long have u played PS?\n|c|\u2606killerpm11|since middle school\n|c|\u2606killerpm11|im 22\n|c|\u2606BL153|Ahhh wow long time sux about the fam drama too, believe me I kind of get that\n|c|\u2606killerpm11|yeah it happens its life\n|l|\u2606killerpm11\n","uploadtime":1700715366,"views":11,"p1id":"killerpm11","p2id":"bl153","formatid":"gen9ubers","rating":1234,"private":0,"password":""}