{"id":"gen9ubers-1983640531","p1":"wamkou","p2":"Leo Justice","format":"[Gen 9] Ubers","log":"|j|\u2606wamkou\n|j|\u2606Leo Justice\n|t:|1699152742\n|gametype|singles\n|player|p1|wamkou|elesa-masters2|\n|player|p2|Leo Justice|carmine|\n|teamsize|p1|6\n|teamsize|p2|6\n|gen|9\n|tier|[Gen 9] Ubers\n|rule|Sleep Clause Mod: Limit one foe put to sleep\n|rule|Species Clause: Limit one of each Pok\u00e9mon\n|rule|OHKO Clause: OHKO moves are banned\n|rule|Evasion Items Clause: Evasion items are banned\n|rule|Evasion Moves Clause: Evasion moves are banned\n|rule|Endless Battle Clause: Forcing endless battles is banned\n|rule|HP Percentage Mod: HP is shown in percentages\n|clearpoke\n|poke|p1|Pincurchin, F|\n|poke|p1|Iron Valiant|\n|poke|p1|Iron Moth|\n|poke|p1|Sneasler, F|\n|poke|p1|Arceus-Ice|\n|poke|p1|Thundurus, M|\n|poke|p2|Arceus-Fire|\n|poke|p2|Espathra, M|\n|poke|p2|Cyclizar, F|\n|poke|p2|Gholdengo|\n|poke|p2|Rillaboom, M|\n|poke|p2|Sneasler, F|\n|teampreview\n|c|\u2606Leo Justice|P\n|c|\u2606Leo Justice|Pinchurchin?\n|c|\u2606wamkou|lemme cook man\n|c|\u2606Leo Justice|We about to have terrain wars like gen 7\n|\n|t:|1699152773\n|start\n|switch|p1a: Julie|Pincurchin, F|100\/100\n|switch|p2a: Cyclizar|Cyclizar, F|100\/100\n|-fieldstart|move: Electric Terrain|[from] ability: Electric Surge|[of] p1a: Julie\n|turn|1\n|\n|t:|1699152783\n|move|p2a: Cyclizar|Taunt|p1a: Julie\n|-start|p1a: Julie|move: Taunt\n|cant|p1a: Julie|move: Taunt|Toxic Spikes\n|\n|upkeep\n|turn|2\n|\n|t:|1699152797\n|switch|p1a: Iron Valiant|Iron Valiant|100\/100\n|-activate|p1a: Iron Valiant|ability: Quark Drive\n|-start|p1a: Iron Valiant|quarkdrivespe\n|move|p2a: Cyclizar|Shed Tail|p2a: Cyclizar\n|-start|p2a: Cyclizar|Substitute|[from] move: Shed Tail\n|-damage|p2a: Cyclizar|50\/100\n|\n|t:|1699152810\n|switch|p2a: Rillaboom|Rillaboom, M|100\/100|[from] Shed Tail\n|-fieldstart|move: Grassy Terrain|[from] ability: Grassy Surge|[of] p2a: Rillaboom\n|-end|p1a: Iron Valiant|Quark Drive\n|\n|upkeep\n|turn|3\n|\n|t:|1699152824\n|-end|p1a: Iron Valiant|Quark Drive|[silent]\n|switch|p1a: Thundurus|Thundurus, M|100\/100\n|move|p2a: Rillaboom|High Horsepower|p1a: Thundurus\n|-immune|p1a: Thundurus\n|\n|upkeep\n|turn|4\n|\n|t:|1699152837\n|switch|p2a: Cyclizar|Cyclizar, F|84\/100\n|move|p1a: Thundurus|Sludge Bomb|p2a: Cyclizar\n|-damage|p2a: Cyclizar|40\/100\n|\n|-heal|p2a: Cyclizar|46\/100|[from] Grassy Terrain\n|upkeep\n|turn|5\n|\n|t:|1699152847\n|switch|p2a: Gholdengo|Gholdengo|100\/100\n|move|p1a: Thundurus|Electric Terrain|p1a: Thundurus\n|-fieldstart|move: Electric Terrain\n|\n|upkeep\n|turn|6\n|\n|t:|1699152857\n|move|p2a: Gholdengo|Shadow Ball|p1a: Thundurus\n|-damage|p1a: Thundurus|44\/100\n|move|p1a: Thundurus|Volt Switch|p2a: Gholdengo\n|-damage|p2a: Gholdengo|54\/100\n|\n|t:|1699152871\n|switch|p1a: Iron Moth|Iron Moth|100\/100|[from] Volt Switch\n|-activate|p1a: Iron Moth|ability: Quark Drive\n|-start|p1a: Iron Moth|quarkdrivespe\n|\n|upkeep\n|turn|7\n|\n|t:|1699152894\n|switch|p2a: Arceus|Arceus-Fire|100\/100\n|move|p1a: Iron Moth|Fiery Dance|p2a: Arceus\n|-resisted|p2a: Arceus\n|-damage|p2a: Arceus|84\/100\n|\n|upkeep\n|turn|8\n|\n|t:|1699152901\n|-terastallize|p1a: Iron Moth|Ground\n|move|p1a: Iron Moth|Tera Blast|p2a: Arceus|[anim] Tera Blast Ground\n|-supereffective|p2a: Arceus\n|-damage|p2a: Arceus|6\/100\n|move|p2a: Arceus|Earthquake|p1a: Iron Moth\n|-damage|p1a: Iron Moth|47\/100\n|\n|upkeep\n|turn|9\n|\n|t:|1699152910\n|switch|p2a: Rillaboom|Rillaboom, M|100\/100\n|-fieldstart|move: Grassy Terrain|[from] ability: Grassy Surge|[of] p2a: Rillaboom\n|-end|p1a: Iron Moth|Quark Drive\n|move|p1a: Iron Moth|Fiery Dance|p2a: Rillaboom\n|-supereffective|p2a: Rillaboom\n|-damage|p2a: Rillaboom|0 fnt\n|faint|p2a: Rillaboom\n|\n|-heal|p1a: Iron Moth|53\/100|[from] Grassy Terrain\n|upkeep\n|\n|t:|1699152917\n|switch|p2a: Espathra|Espathra, M|100\/100\n|-enditem|p2a: Espathra|Grassy Seed\n|-boost|p2a: Espathra|def|1|[from] item: Grassy Seed\n|turn|10\n|\n|t:|1699152935\n|-end|p1a: Iron Moth|Quark Drive|[silent]\n|switch|p1a: Julie|Pincurchin, F|100\/100\n|-fieldstart|move: Electric Terrain|[from] ability: Electric Surge|[of] p1a: Julie\n|move|p2a: Espathra|Calm Mind|p2a: Espathra\n|-boost|p2a: Espathra|spa|1\n|-boost|p2a: Espathra|spd|1\n|\n|-ability|p2a: Espathra|Speed Boost|boost\n|-boost|p2a: Espathra|spe|1\n|upkeep\n|turn|11\n|\n|t:|1699152952\n|move|p2a: Espathra|Protect|p2a: Espathra\n|-singleturn|p2a: Espathra|Protect\n|move|p1a: Julie|Memento|p2a: Espathra\n|-activate|p2a: Espathra|move: Protect\n|\n|-ability|p2a: Espathra|Speed Boost|boost\n|-boost|p2a: Espathra|spe|1\n|upkeep\n|turn|12\n|\n|t:|1699152964\n|move|p2a: Espathra|Stored Power|p1a: Julie\n|-damage|p1a: Julie|28\/100\n|move|p1a: Julie|Toxic Spikes|p2a: Espathra\n|-sidestart|p2: Leo Justice|move: Toxic Spikes\n|\n|-ability|p2a: Espathra|Speed Boost|boost\n|-boost|p2a: Espathra|spe|1\n|upkeep\n|turn|13\n|\n|t:|1699152985\n|move|p2a: Espathra|Stored Power|p1a: Julie\n|-damage|p1a: Julie|0 fnt\n|faint|p1a: Julie\n|\n|-ability|p2a: Espathra|Speed Boost|boost\n|-boost|p2a: Espathra|spe|1\n|upkeep\n|\n|t:|1699152998\n|switch|p1a: Iron Valiant|Iron Valiant|100\/100\n|-activate|p1a: Iron Valiant|ability: Quark Drive\n|-start|p1a: Iron Valiant|quarkdrivespe\n|turn|14\n|\n|t:|1699153008\n|move|p2a: Espathra|Protect|p2a: Espathra\n|-singleturn|p2a: Espathra|Protect\n|move|p1a: Iron Valiant|Shadow Ball|p2a: Espathra\n|-activate|p2a: Espathra|move: Protect\n|\n|-ability|p2a: Espathra|Speed Boost|boost\n|-boost|p2a: Espathra|spe|1\n|upkeep\n|turn|15\n|\n|t:|1699153014\n|-end|p1a: Iron Valiant|Quark Drive|[silent]\n|switch|p1a: Sneasler|Sneasler, F|100\/100\n|-enditem|p1a: Sneasler|Electric Seed\n|-boost|p1a: Sneasler|def|1|[from] item: Electric Seed\n|move|p2a: Espathra|Stored Power|p1a: Sneasler\n|-supereffective|p1a: Sneasler\n|-damage|p1a: Sneasler|0 fnt\n|faint|p1a: Sneasler\n|\n|-ability|p2a: Espathra|Speed Boost|boost\n|-boost|p2a: Espathra|spe|1\n|upkeep\n|\n|t:|1699153020\n|switch|p1a: Iron Valiant|Iron Valiant|100\/100\n|-activate|p1a: Iron Valiant|ability: Quark Drive\n|-start|p1a: Iron Valiant|quarkdrivespe\n|turn|16\n|c|\u2606wamkou|tryna game too hard\n|\n|t:|1699153027\n|move|p2a: Espathra|Stored Power|p1a: Iron Valiant\n|-supereffective|p1a: Iron Valiant\n|-damage|p1a: Iron Valiant|0 fnt\n|faint|p1a: Iron Valiant\n|-end|p1a: Iron Valiant|Quark Drive|[silent]\n|\n|upkeep\n|\n|t:|1699153031\n|switch|p1a: Arceus|Arceus-Ice|100\/100\n|turn|17\n|\n|t:|1699153036\n|move|p2a: Espathra|Calm Mind|p2a: Espathra\n|-boost|p2a: Espathra|spa|1\n|-boost|p2a: Espathra|spd|1\n|move|p1a: Arceus|Judgment|p2a: Espathra\n|-damage|p2a: Espathra|67\/100\n|\n|-fieldend|move: Electric Terrain\n|upkeep\n|turn|18\n|\n|t:|1699153048\n|move|p2a: Espathra|Stored Power|p1a: Arceus\n|-damage|p1a: Arceus|0 fnt\n|faint|p1a: Arceus\n|\n|upkeep\n|\n|t:|1699153053\n|switch|p1a: Thundurus|Thundurus, M|44\/100\n|turn|19\n|\n|t:|1699153056\n|move|p1a: Thundurus|Electric Terrain|p1a: Thundurus\n|-fieldstart|move: Electric Terrain\n|move|p2a: Espathra|Stored Power|p1a: Thundurus\n|-damage|p1a: Thundurus|0 fnt\n|faint|p1a: Thundurus\n|\n|upkeep\n|\n|t:|1699153058\n|switch|p1a: Iron Moth|Iron Moth, tera:Ground|53\/100\n|-activate|p1a: Iron Moth|ability: Quark Drive\n|-start|p1a: Iron Moth|quarkdrivespe\n|turn|20\n|\n|t:|1699153063\n|move|p2a: Espathra|Stored Power|p1a: Iron Moth\n|-damage|p1a: Iron Moth|0 fnt\n|faint|p1a: Iron Moth\n|-end|p1a: Iron Moth|Quark Drive|[silent]\n|\n|win|Leo Justice\n","uploadtime":1699153068,"views":12,"p1id":"wamkou","p2id":"leojustice","formatid":"gen9ubers","rating":0,"private":0,"password":""}