{"id":"gen9ubers-1994491570","p1":"hatev2","p2":"The ShaqtusLOL","format":"[Gen 9] Ubers","log":"|j|\u2606hatev2\n|j|\u2606The ShaqtusLOL\n|t:|1700450176\n|gametype|singles\n|player|p1|hatev2|hiker-gen4|\n|player|p2|The ShaqtusLOL|169|\n|teamsize|p1|6\n|teamsize|p2|6\n|gen|9\n|tier|[Gen 9] Ubers\n|rule|Sleep Clause Mod: Limit one foe put to sleep\n|rule|Species Clause: Limit one of each Pok\u00e9mon\n|rule|OHKO Clause: OHKO moves are banned\n|rule|Evasion Items Clause: Evasion items are banned\n|rule|Evasion Moves Clause: Evasion moves are banned\n|rule|Endless Battle Clause: Forcing endless battles is banned\n|rule|HP Percentage Mod: HP is shown in percentages\n|clearpoke\n|poke|p1|Dragapult, F|\n|poke|p1|Iron Treads|\n|poke|p1|Enamorus, F|\n|poke|p1|Glaceon, F|\n|poke|p1|Ceruledge, F|\n|poke|p1|Klefki, F|\n|poke|p2|Zapdos|\n|poke|p2|Heatran, M|\n|poke|p2|Gliscor, M|\n|poke|p2|Iron Bundle|\n|poke|p2|Scizor, F|\n|poke|p2|Tinkaton, F|\n|teampreview\n|c|\u2606The ShaqtusLOL|WE ARE MOBILE SHOWDOWN GAMING ST THE FUNCTION I GOT THE CROWD NEAR ME\n|\n|t:|1700450223\n|start\n|switch|p1a: My Anaconda DONT|Enamorus, F, shiny|100\/100\n|switch|p2a: Tinkaton|Tinkaton, F|100\/100\n|-ability|p2a: Tinkaton|Mold Breaker\n|turn|1\n|\n|t:|1700450234\n|switch|p1a: Ceruledge|Ceruledge, F|100\/100\n|move|p2a: Tinkaton|Gigaton Hammer|p1a: Ceruledge\n|-resisted|p1a: Ceruledge\n|-damage|p1a: Ceruledge|68\/100\n|-ability|p1a: Ceruledge|Weak Armor|boost\n|-unboost|p1a: Ceruledge|def|1\n|-boost|p1a: Ceruledge|spe|2\n|\n|upkeep\n|turn|2\n|\n|t:|1700450244\n|switch|p2a: Heatran|Heatran, M|100\/100\n|move|p1a: Ceruledge|Bitter Blade|p2a: Heatran\n|-start|p2a: Heatran|ability: Flash Fire\n|\n|upkeep\n|turn|3\n|\n|t:|1700450276\n|move|p1a: Ceruledge|Swords Dance|p1a: Ceruledge\n|-boost|p1a: Ceruledge|atk|2\n|move|p2a: Heatran|Earth Power|p1a: Ceruledge\n|-supereffective|p1a: Ceruledge\n|-damage|p1a: Ceruledge|0 fnt\n|faint|p1a: Ceruledge\n|\n|upkeep\n|\n|t:|1700450285\n|switch|p1a: Forgis on the jeep|Iron Treads|100\/100\n|turn|4\n|\n|t:|1700450296\n|-end|p2a: Heatran|ability: Flash Fire|[silent]\n|switch|p2a: Zapdos|Zapdos|100\/100\n|-ability|p2a: Zapdos|Pressure\n|move|p1a: Forgis on the jeep|Volt Switch|p2a: Zapdos\n|-damage|p2a: Zapdos|82\/100\n|\n|t:|1700450301\n|-end|p1a: Forgis on the jeep|Quark Drive|[silent]\n|switch|p1a: Sub-Zero|Glaceon, F, shiny|100\/100|[from] Volt Switch\n|\n|upkeep\n|turn|5\n|\n|t:|1700450333\n|-terastallize|p1a: Sub-Zero|Water\n|move|p2a: Zapdos|Heat Wave|p1a: Sub-Zero\n|-resisted|p1a: Sub-Zero\n|-damage|p1a: Sub-Zero|84\/100\n|move|p1a: Sub-Zero|Tera Blast|p2a: Zapdos|[anim] Tera Blast Water\n|-damage|p2a: Zapdos|0 fnt\n|faint|p2a: Zapdos\n|\n|upkeep\n|\n|t:|1700450348\n|switch|p2a: Iron Bundle|Iron Bundle|100\/100\n|-enditem|p2a: Iron Bundle|Booster Energy\n|-activate|p2a: Iron Bundle|ability: Quark Drive|[fromitem]\n|-start|p2a: Iron Bundle|quarkdrivespe\n|turn|6\n|\n|t:|1700450360\n|switch|p1a: Baby Distraction|Klefki, F|100\/100\n|move|p2a: Iron Bundle|Freeze-Dry|p1a: Baby Distraction\n|-resisted|p1a: Baby Distraction\n|-damage|p1a: Baby Distraction|78\/100\n|\n|upkeep\n|turn|7\n|\n|t:|1700450376\n|move|p1a: Baby Distraction|Light Screen|p1a: Baby Distraction\n|-sidestart|p1: hatev2|move: Light Screen\n|move|p2a: Iron Bundle|Hydro Pump|p1a: Baby Distraction\n|-damage|p1a: Baby Distraction|47\/100\n|\n|upkeep\n|turn|8\n|j| justinrockin\n|\n|t:|1700450383\n|move|p2a: Iron Bundle|Encore|p1a: Baby Distraction\n|-start|p1a: Baby Distraction|Encore\n|move|p1a: Baby Distraction|Light Screen||[still]\n|-fail|p1a: Baby Distraction\n|\n|upkeep\n|turn|9\n|j| IshaNn\n|\n|t:|1700450394\n|switch|p1a: Sub-Zero|Glaceon, F, shiny, tera:Water|84\/100\n|move|p2a: Iron Bundle|Hydro Pump|p1a: Sub-Zero\n|-resisted|p1a: Sub-Zero\n|-damage|p1a: Sub-Zero|69\/100\n|\n|upkeep\n|turn|10\n|j| Manatsu\n|\n|t:|1700450403\n|move|p2a: Iron Bundle|Freeze-Dry|p1a: Sub-Zero\n|-supereffective|p1a: Sub-Zero\n|-damage|p1a: Sub-Zero|34\/100\n|move|p1a: Sub-Zero|Freeze-Dry|p2a: Iron Bundle\n|-damage|p2a: Iron Bundle|0 fnt\n|faint|p2a: Iron Bundle\n|-end|p2a: Iron Bundle|Quark Drive|[silent]\n|\n|upkeep\n|\n|t:|1700450415\n|switch|p2a: Scizor|Scizor, F|100\/100\n|turn|11\n|\n|t:|1700450425\n|switch|p1a: Baby Distraction|Klefki, F|47\/100\n|move|p2a: Scizor|Bullet Punch|p1a: Baby Distraction\n|-damage|p1a: Baby Distraction|4\/100\n|\n|upkeep\n|turn|12\n|\n|t:|1700450432\n|move|p2a: Scizor|Bullet Punch|p1a: Baby Distraction\n|-damage|p1a: Baby Distraction|0 fnt\n|faint|p1a: Baby Distraction\n|\n|upkeep\n|\n|t:|1700450444\n|switch|p1a: AC-130|Dragapult, F, shiny|100\/100\n|turn|13\n|\n|t:|1700450481\n|switch|p2a: Tinkaton|Tinkaton, F|100\/100\n|-ability|p2a: Tinkaton|Mold Breaker\n|move|p1a: AC-130|Flamethrower|p2a: Tinkaton\n|-supereffective|p2a: Tinkaton\n|-damage|p2a: Tinkaton|52\/100\n|\n|upkeep\n|turn|14\n|\n|t:|1700450497\n|switch|p1a: Forgis on the jeep|Iron Treads|100\/100\n|move|p2a: Tinkaton|Knock Off|p1a: Forgis on the jeep\n|-damage|p1a: Forgis on the jeep|81\/100\n|-enditem|p1a: Forgis on the jeep|Expert Belt|[from] move: Knock Off|[of] p2a: Tinkaton\n|\n|-sideend|p1: hatev2|move: Light Screen\n|upkeep\n|turn|15\n|\n|t:|1700450530\n|switch|p2a: Gliscor|Gliscor, M|100\/100\n|move|p1a: Forgis on the jeep|Ice Spinner|p2a: Gliscor\n|-supereffective|p2a: Gliscor\n|-damage|p2a: Gliscor|44\/100\n|\n|-status|p2a: Gliscor|tox|[from] item: Toxic Orb\n|upkeep\n|turn|16\n|\n|t:|1700450544\n|-end|p1a: Forgis on the jeep|Quark Drive|[silent]\n|switch|p1a: My Anaconda DONT|Enamorus, F, shiny|100\/100\n|move|p2a: Gliscor|Protect||[still]\n|-fail|p2a: Gliscor\n|\n|-heal|p2a: Gliscor|56\/100 tox|[from] ability: Poison Heal\n|upkeep\n|turn|17\n|\n|t:|1700450554\n|move|p1a: My Anaconda DONT|Calm Mind|p1a: My Anaconda DONT\n|-boost|p1a: My Anaconda DONT|spa|1\n|-boost|p1a: My Anaconda DONT|spd|1\n|move|p2a: Gliscor|Toxic|p1a: My Anaconda DONT\n|-status|p1a: My Anaconda DONT|tox\n|\n|-damage|p1a: My Anaconda DONT|94\/100 tox|[from] psn\n|-heal|p2a: Gliscor|69\/100 tox|[from] ability: Poison Heal\n|upkeep\n|turn|18\n|\n|t:|1700450572\n|switch|p2a: Scizor|Scizor, F|100\/100\n|move|p1a: My Anaconda DONT|Calm Mind|p1a: My Anaconda DONT\n|-boost|p1a: My Anaconda DONT|spa|1\n|-boost|p1a: My Anaconda DONT|spd|1\n|\n|-damage|p1a: My Anaconda DONT|82\/100 tox|[from] psn\n|upkeep\n|turn|19\n|\n|t:|1700450592\n|switch|p1a: Sub-Zero|Glaceon, F, shiny, tera:Water|34\/100\n|move|p2a: Scizor|Bullet Punch|p1a: Sub-Zero\n|-resisted|p1a: Sub-Zero\n|-damage|p1a: Sub-Zero|8\/100\n|\n|upkeep\n|turn|20\n|\n|t:|1700450599\n|move|p2a: Scizor|Bullet Punch|p1a: Sub-Zero\n|-resisted|p1a: Sub-Zero\n|-damage|p1a: Sub-Zero|0 fnt\n|faint|p1a: Sub-Zero\n|\n|upkeep\n|\n|t:|1700450602\n|switch|p1a: AC-130|Dragapult, F, shiny|100\/100\n|turn|21\n|\n|t:|1700450617\n|switch|p2a: Heatran|Heatran, M|100\/100\n|move|p1a: AC-130|Flamethrower|p2a: Heatran\n|-start|p2a: Heatran|ability: Flash Fire\n|\n|upkeep\n|turn|22\n|\n|t:|1700450630\n|switch|p1a: My Anaconda DONT|Enamorus, F, shiny|82\/100 tox\n|move|p2a: Heatran|Magma Storm|p1a: My Anaconda DONT|[miss]\n|-miss|p2a: Heatran|p1a: My Anaconda DONT\n|\n|-damage|p1a: My Anaconda DONT|76\/100 tox|[from] psn\n|upkeep\n|turn|23\n|\n|t:|1700450647\n|move|p1a: My Anaconda DONT|Earth Power|p2a: Heatran\n|-supereffective|p2a: Heatran\n|-damage|p2a: Heatran|0 fnt\n|faint|p2a: Heatran\n|\n|-damage|p1a: My Anaconda DONT|63\/100 tox|[from] psn\n|upkeep\n|\n|t:|1700450657\n|switch|p2a: Scizor|Scizor, F|100\/100\n|turn|24\n|\n|t:|1700450676\n|switch|p1a: Forgis on the jeep|Iron Treads|81\/100\n|move|p2a: Scizor|Close Combat|p1a: Forgis on the jeep\n|-supereffective|p1a: Forgis on the jeep\n|-damage|p1a: Forgis on the jeep|0 fnt\n|-unboost|p2a: Scizor|def|1\n|-unboost|p2a: Scizor|spd|1\n|faint|p1a: Forgis on the jeep\n|-end|p1a: Forgis on the jeep|Quark Drive|[silent]\n|\n|upkeep\n|\n|t:|1700450682\n|switch|p1a: AC-130|Dragapult, F, shiny|100\/100\n|turn|25\n|\n|t:|1700450689\n|switch|p2a: Tinkaton|Tinkaton, F|52\/100\n|-ability|p2a: Tinkaton|Mold Breaker\n|move|p1a: AC-130|Flamethrower|p2a: Tinkaton\n|-supereffective|p2a: Tinkaton\n|-damage|p2a: Tinkaton|9\/100\n|-enditem|p2a: Tinkaton|Iapapa Berry|[eat]\n|-heal|p2a: Tinkaton|42\/100|[from] item: Iapapa Berry\n|\n|upkeep\n|turn|26\n|c|\u2606The ShaqtusLOL|That's not lefties\n|\n|t:|1700450717\n|move|p1a: AC-130|Flamethrower|p2a: Tinkaton\n|-supereffective|p2a: Tinkaton\n|-crit|p2a: Tinkaton\n|-damage|p2a: Tinkaton|0 fnt\n|faint|p2a: Tinkaton\n|\n|upkeep\n|c|\u2606hatev2|LOL\n|\n|t:|1700450731\n|switch|p2a: Gliscor|Gliscor, M|69\/100 tox\n|turn|27\n|\n|t:|1700450738\n|switch|p1a: My Anaconda DONT|Enamorus, F, shiny|63\/100 tox\n|move|p2a: Gliscor|Earthquake|p1a: My Anaconda DONT\n|-immune|p1a: My Anaconda DONT\n|\n|-damage|p1a: My Anaconda DONT|57\/100 tox|[from] psn\n|-heal|p2a: Gliscor|81\/100 tox|[from] ability: Poison Heal\n|upkeep\n|turn|28\n|\n|t:|1700450752\n|move|p1a: My Anaconda DONT|Mystical Fire|p2a: Gliscor\n|-damage|p2a: Gliscor|50\/100 tox\n|-unboost|p2a: Gliscor|spa|1\n|move|p2a: Gliscor|Spikes|p1a: My Anaconda DONT\n|-sidestart|p1: hatev2|Spikes\n|\n|-damage|p1a: My Anaconda DONT|45\/100 tox|[from] psn\n|-heal|p2a: Gliscor|62\/100 tox|[from] ability: Poison Heal\n|upkeep\n|turn|29\n|\n|t:|1700450765\n|move|p1a: My Anaconda DONT|Moonblast|p2a: Gliscor\n|-damage|p2a: Gliscor|0 fnt\n|faint|p2a: Gliscor\n|\n|-damage|p1a: My Anaconda DONT|26\/100 tox|[from] psn\n|upkeep\n|\n|t:|1700450772\n|switch|p2a: Scizor|Scizor, F|100\/100\n|turn|30\n|\n|t:|1700450783\n|move|p2a: Scizor|Bullet Punch|p1a: My Anaconda DONT\n|-supereffective|p1a: My Anaconda DONT\n|-damage|p1a: My Anaconda DONT|0 fnt\n|faint|p1a: My Anaconda DONT\n|\n|upkeep\n|\n|t:|1700450785\n|switch|p1a: AC-130|Dragapult, F, shiny|100\/100\n|-damage|p1a: AC-130|88\/100|[from] Spikes\n|turn|31\n|\n|t:|1700450791\n|move|p2a: Scizor|Bullet Punch|p1a: AC-130\n|-damage|p1a: AC-130|20\/100\n|move|p1a: AC-130|Flamethrower|p2a: Scizor\n|-supereffective|p2a: Scizor\n|-damage|p2a: Scizor|0 fnt\n|faint|p2a: Scizor\n|\n|win|hatev2\n|c|\u2606hatev2|GG\n|c|\u2606The ShaqtusLOL|Gg\n|c|\u2606hatev2|close battle\n|c|\u2606The ShaqtusLOL|Yup\n|c|\u2606hatev2|i was puckering\n|c|\u2606The ShaqtusLOL|Function pokemon\n|c|\u2606The ShaqtusLOL|The cc on treads was soo nice\n|c|\u2606hatev2|dude i was so scared of you bringing rain\n|c|\u2606hatev2|yea that CC was really nice\n|c|\u2606The ShaqtusLOL|I felt like I could\n|l| IshaNn\n|l| Manatsu\n|c|\u2606The ShaqtusLOL|But I needed a fairy so no room for pela\n|c|\u2606hatev2|you having overqwil and pelipper was so scary man\n|c|\u2606hatev2|gg's tho\n|c|\u2606The ShaqtusLOL|I feel like I needed to bring all the other 5\n|c|\u2606The ShaqtusLOL|Ggs\n","uploadtime":1700450875,"views":15,"p1id":"hatev2","p2id":"theshaqtuslol","formatid":"gen9ubers","rating":0,"private":0,"password":""}