{"id":"gen9ubers-1990576512","p1":"jakewwwwwww","p2":"NEdgyman","format":"[Gen 9] Ubers","log":"|j|\u2606jakewwwwwww\n|j|\u2606NEdgyman\n|t:|1699982802\n|gametype|singles\n|player|p1|jakewwwwwww|2|\n|player|p2|NEdgyman|hanbei-conquest|\n|teamsize|p1|6\n|teamsize|p2|6\n|gen|9\n|tier|[Gen 9] Ubers\n|rule|Sleep Clause Mod: Limit one foe put to sleep\n|rule|Species Clause: Limit one of each Pok\u00e9mon\n|rule|OHKO Clause: OHKO moves are banned\n|rule|Evasion Items Clause: Evasion items are banned\n|rule|Evasion Moves Clause: Evasion moves are banned\n|rule|Endless Battle Clause: Forcing endless battles is banned\n|rule|HP Percentage Mod: HP is shown in percentages\n|clearpoke\n|poke|p1|Zarude|\n|poke|p1|Cinderace, F|\n|poke|p1|Mamoswine, M|\n|poke|p1|Iron Valiant|\n|poke|p1|Corviknight, F|\n|poke|p1|Florges, F|\n|poke|p2|Annihilape, F|\n|poke|p2|Crawdaunt, M|\n|poke|p2|Glimmora, M|\n|poke|p2|Jolteon, M|\n|poke|p2|Cryogonal|\n|poke|p2|Typhlosion, F|\n|teampreview\n|c|\u2606NEdgyman|Jake you are making me shit my pants\n|\n|t:|1699982880\n|start\n|switch|p1a: Kick|Cinderace, F|100\/100\n|switch|p2a: Falcom Fanbase|Glimmora, M|100\/100\n|turn|1\n|\n|t:|1699982895\n|move|p1a: Kick|Zen Headbutt|p2a: Falcom Fanbase|[miss]\n|-start|p1a: Kick|typechange|Psychic|[from] ability: Libero\n|-miss|p1a: Kick|p2a: Falcom Fanbase\n|move|p2a: Falcom Fanbase|Power Gem|p1a: Kick\n|-damage|p1a: Kick|43\/100\n|\n|upkeep\n|turn|2\n|c|\u2606NEdgyman|im sorry\n|\n|t:|1699982914\n|switch|p1a: Pendulum|Corviknight, F|100\/100\n|-ability|p1a: Pendulum|Pressure\n|move|p2a: Falcom Fanbase|Power Gem|p1a: Pendulum\n|-damage|p1a: Pendulum|58\/100\n|\n|-heal|p1a: Pendulum|64\/100|[from] item: Leftovers\n|upkeep\n|turn|3\n|\n|t:|1699982924\n|move|p2a: Falcom Fanbase|Power Gem|p1a: Pendulum\n|-damage|p1a: Pendulum|25\/100\n|move|p1a: Pendulum|Roost|p1a: Pendulum\n|-heal|p1a: Pendulum|75\/100\n|-singleturn|p1a: Pendulum|move: Roost\n|\n|-heal|p1a: Pendulum|81\/100|[from] item: Leftovers\n|upkeep\n|turn|4\n|\n|t:|1699982951\n|move|p2a: Falcom Fanbase|Power Gem|p1a: Pendulum\n|-damage|p1a: Pendulum|43\/100\n|move|p1a: Pendulum|U-turn|p2a: Falcom Fanbase\n|-resisted|p2a: Falcom Fanbase\n|-damage|p2a: Falcom Fanbase|92\/100\n|-activate|p2a: Falcom Fanbase|ability: Toxic Debris\n|-sidestart|p1: jakewwwwwww|move: Toxic Spikes\n|\n|t:|1699982965\n|switch|p1a: Otis\/Carl|Mamoswine, M|100\/100|[from] U-turn\n|-status|p1a: Otis\/Carl|psn\n|\n|-damage|p1a: Otis\/Carl|88\/100 psn|[from] psn\n|upkeep\n|turn|5\n|\n|t:|1699982996\n|switch|p2a: Special Snowflake|Cryogonal|100\/100\n|move|p1a: Otis\/Carl|Earthquake|p2a: Special Snowflake\n|-immune|p2a: Special Snowflake|[from] ability: Levitate\n|\n|-damage|p1a: Otis\/Carl|76\/100 psn|[from] psn\n|upkeep\n|turn|6\n|\n|t:|1699983043\n|switch|p1a: Lifers|Florges, F|100\/100\n|-status|p1a: Lifers|psn\n|switch|p2a: Falcom Fanbase|Glimmora, M|92\/100\n|\n|-damage|p1a: Lifers|88\/100 psn|[from] psn\n|upkeep\n|turn|7\n|\n|t:|1699983054\n|switch|p1a: Pendulum|Corviknight, F|43\/100\n|-ability|p1a: Pendulum|Pressure\n|move|p2a: Falcom Fanbase|Sludge Wave|p1a: Pendulum\n|-immune|p1a: Pendulum\n|\n|-heal|p1a: Pendulum|49\/100|[from] item: Leftovers\n|upkeep\n|turn|8\n|j| Quackborg\n|\n|t:|1699983063\n|move|p2a: Falcom Fanbase|Power Gem|p1a: Pendulum\n|-damage|p1a: Pendulum|11\/100\n|move|p1a: Pendulum|Roost|p1a: Pendulum\n|-heal|p1a: Pendulum|61\/100\n|-singleturn|p1a: Pendulum|move: Roost\n|\n|-heal|p1a: Pendulum|67\/100|[from] item: Leftovers\n|upkeep\n|turn|9\n|\n|t:|1699983073\n|move|p2a: Falcom Fanbase|Power Gem|p1a: Pendulum\n|-damage|p1a: Pendulum|26\/100\n|move|p1a: Pendulum|Roost|p1a: Pendulum\n|-heal|p1a: Pendulum|76\/100\n|-singleturn|p1a: Pendulum|move: Roost\n|\n|-heal|p1a: Pendulum|82\/100|[from] item: Leftovers\n|upkeep\n|turn|10\n|\n|t:|1699983083\n|move|p2a: Falcom Fanbase|Power Gem|p1a: Pendulum\n|-damage|p1a: Pendulum|43\/100\n|move|p1a: Pendulum|Roost|p1a: Pendulum\n|-heal|p1a: Pendulum|93\/100\n|-singleturn|p1a: Pendulum|move: Roost\n|\n|-heal|p1a: Pendulum|99\/100|[from] item: Leftovers\n|upkeep\n|turn|11\n|\n|t:|1699983093\n|move|p2a: Falcom Fanbase|Power Gem|p1a: Pendulum\n|-damage|p1a: Pendulum|57\/100\n|move|p1a: Pendulum|Body Press|p2a: Falcom Fanbase\n|-damage|p2a: Falcom Fanbase|60\/100\n|-activate|p2a: Falcom Fanbase|ability: Toxic Debris\n|-sidestart|p1: jakewwwwwww|move: Toxic Spikes\n|\n|-heal|p1a: Pendulum|63\/100|[from] item: Leftovers\n|upkeep\n|turn|12\n|\n|t:|1699983103\n|move|p2a: Falcom Fanbase|Power Gem|p1a: Pendulum\n|-damage|p1a: Pendulum|23\/100\n|move|p1a: Pendulum|Roost|p1a: Pendulum\n|-heal|p1a: Pendulum|73\/100\n|-singleturn|p1a: Pendulum|move: Roost\n|\n|-heal|p1a: Pendulum|79\/100|[from] item: Leftovers\n|upkeep\n|turn|13\n|\n|t:|1699983116\n|switch|p2a: RISK RISK RISK!|Typhlosion, F|100\/100\n|move|p1a: Pendulum|Roost|p1a: Pendulum\n|-heal|p1a: Pendulum|100\/100\n|-singleturn|p1a: Pendulum|move: Roost\n|\n|upkeep\n|turn|14\n|\n|t:|1699983140\n|switch|p1a: Lifers|Florges, F|88\/100 psn\n|move|p2a: RISK RISK RISK!|Eruption|p1a: Lifers\n|-damage|p1a: Lifers|43\/100 psn\n|\n|-heal|p1a: Lifers|49\/100 psn|[from] item: Leftovers\n|-damage|p1a: Lifers|37\/100 psn|[from] psn\n|upkeep\n|turn|15\n|\n|t:|1699983150\n|move|p1a: Lifers|Protect|p1a: Lifers\n|-singleturn|p1a: Lifers|Protect\n|move|p2a: RISK RISK RISK!|Eruption|p1a: Lifers\n|-activate|p1a: Lifers|move: Protect\n|\n|-heal|p1a: Lifers|43\/100 psn|[from] item: Leftovers\n|-damage|p1a: Lifers|31\/100 psn|[from] psn\n|upkeep\n|turn|16\n|\n|t:|1699983161\n|move|p2a: RISK RISK RISK!|Eruption|p1a: Lifers\n|-damage|p1a: Lifers|0 fnt\n|faint|p1a: Lifers\n|\n|upkeep\n|\n|t:|1699983169\n|switch|p1a: Generation Loss|Zarude|100\/100\n|turn|17\n|\n|t:|1699983188\n|switch|p2a: Falcom Fanbase|Glimmora, M|60\/100\n|-terastallize|p1a: Generation Loss|Fire\n|move|p1a: Generation Loss|Bulk Up|p1a: Generation Loss\n|-boost|p1a: Generation Loss|atk|1\n|-boost|p1a: Generation Loss|def|1\n|\n|upkeep\n|turn|18\n|\n|t:|1699983200\n|move|p1a: Generation Loss|Knock Off|p2a: Falcom Fanbase\n|-damage|p2a: Falcom Fanbase|0 fnt\n|-enditem|p2a: Falcom Fanbase|Focus Sash|[from] move: Knock Off|[of] p1a: Generation Loss\n|faint|p2a: Falcom Fanbase\n|\n|upkeep\n|\n|t:|1699983267\n|switch|p2a: RISK RISK RISK!|Typhlosion, F|100\/100\n|turn|19\n|\n|t:|1699983272\n|move|p2a: RISK RISK RISK!|Eruption|p1a: Generation Loss\n|-resisted|p1a: Generation Loss\n|-damage|p1a: Generation Loss|69\/100\n|move|p1a: Generation Loss|Knock Off|p2a: RISK RISK RISK!\n|-damage|p2a: RISK RISK RISK!|28\/100\n|-enditem|p2a: RISK RISK RISK!|Choice Scarf|[from] move: Knock Off|[of] p1a: Generation Loss\n|\n|upkeep\n|turn|20\n|\n|t:|1699983280\n|move|p1a: Generation Loss|Drain Punch|p2a: RISK RISK RISK!\n|-damage|p2a: RISK RISK RISK!|0 fnt\n|-heal|p1a: Generation Loss|79\/100|[from] drain|[of] p2a: RISK RISK RISK!\n|faint|p2a: RISK RISK RISK!\n|\n|upkeep\n|\n|t:|1699983293\n|switch|p2a: Jr. Crocker|Jolteon, M|100\/100\n|turn|21\n|\n|t:|1699983300\n|move|p2a: Jr. Crocker|Thunderbolt|p1a: Generation Loss\n|-damage|p1a: Generation Loss|40\/100\n|move|p1a: Generation Loss|Knock Off|p2a: Jr. Crocker\n|-damage|p2a: Jr. Crocker|0 fnt\n|-enditem|p2a: Jr. Crocker|Custap Berry|[from] move: Knock Off|[of] p1a: Generation Loss\n|faint|p2a: Jr. Crocker\n|\n|upkeep\n|\n|t:|1699983305\n|switch|p2a: Boiled Dinner|Crawdaunt, M|100\/100\n|turn|22\n|\n|t:|1699983310\n|switch|p1a: Pendulum|Corviknight, F|100\/100\n|-ability|p1a: Pendulum|Pressure\n|move|p2a: Boiled Dinner|Aqua Jet|p1a: Pendulum\n|-damage|p1a: Pendulum|81\/100\n|\n|-heal|p1a: Pendulum|87\/100|[from] item: Leftovers\n|upkeep\n|turn|23\n|\n|t:|1699983324\n|move|p2a: Boiled Dinner|Knock Off|p1a: Pendulum\n|-damage|p1a: Pendulum|47\/100\n|-enditem|p1a: Pendulum|Leftovers|[from] move: Knock Off|[of] p2a: Boiled Dinner\n|move|p1a: Pendulum|Body Press|p2a: Boiled Dinner\n|-supereffective|p2a: Boiled Dinner\n|-damage|p2a: Boiled Dinner|28\/100\n|\n|upkeep\n|turn|24\n|\n|t:|1699983333\n|move|p2a: Boiled Dinner|Crabhammer|p1a: Pendulum\n|-damage|p1a: Pendulum|0 fnt\n|faint|p1a: Pendulum\n|\n|upkeep\n|\n|t:|1699983346\n|switch|p1a: Clean-Up Crew|Iron Valiant|100\/100\n|-status|p1a: Clean-Up Crew|tox\n|-enditem|p1a: Clean-Up Crew|Booster Energy\n|-activate|p1a: Clean-Up Crew|ability: Quark Drive|[fromitem]\n|-start|p1a: Clean-Up Crew|quarkdrivespe\n|turn|25\n|\n|t:|1699983363\n|switch|p2a: Special Snowflake|Cryogonal|100\/100\n|move|p1a: Clean-Up Crew|Moonblast|p2a: Special Snowflake\n|-damage|p2a: Special Snowflake|64\/100\n|\n|-damage|p1a: Clean-Up Crew|95\/100 tox|[from] psn\n|upkeep\n|turn|26\n|\n|t:|1699983375\n|move|p1a: Clean-Up Crew|Aura Sphere|p2a: Special Snowflake\n|-supereffective|p2a: Special Snowflake\n|-damage|p2a: Special Snowflake|2\/100\n|move|p2a: Special Snowflake|Flash Cannon|p1a: Clean-Up Crew\n|-supereffective|p1a: Clean-Up Crew\n|-damage|p1a: Clean-Up Crew|29\/100 tox\n|\n|-damage|p1a: Clean-Up Crew|17\/100 tox|[from] psn\n|upkeep\n|turn|27\n|\n|t:|1699983399\n|move|p1a: Clean-Up Crew|Moonblast|p2a: Special Snowflake\n|-damage|p2a: Special Snowflake|0 fnt\n|faint|p2a: Special Snowflake\n|\n|-damage|p1a: Clean-Up Crew|0 fnt|[from] psn\n|faint|p1a: Clean-Up Crew\n|-end|p1a: Clean-Up Crew|Quark Drive|[silent]\n|upkeep\n|\n|t:|1699983411\n|switch|p1a: Otis\/Carl|Mamoswine, M|76\/100 psn\n|switch|p2a: Boiled Dinner|Crawdaunt, M|28\/100\n|turn|28\n|\n|t:|1699983419\n|move|p2a: Boiled Dinner|Aqua Jet|p1a: Otis\/Carl\n|-supereffective|p1a: Otis\/Carl\n|-damage|p1a: Otis\/Carl|12\/100 psn\n|move|p1a: Otis\/Carl|Earthquake|p2a: Boiled Dinner\n|-damage|p2a: Boiled Dinner|0 fnt\n|faint|p2a: Boiled Dinner\n|\n|-damage|p1a: Otis\/Carl|0 fnt|[from] psn\n|faint|p1a: Otis\/Carl\n|upkeep\n|\n|t:|1699983443\n|switch|p1a: Generation Loss|Zarude, tera:Fire|40\/100\n|switch|p2a: Howler Monkey|Annihilape, F, shiny|100\/100\n|turn|29\n|\n|t:|1699983459\n|move|p1a: Generation Loss|Knock Off|p2a: Howler Monkey\n|-damage|p2a: Howler Monkey|55\/100\n|-enditem|p2a: Howler Monkey|Custap Berry|[from] move: Knock Off|[of] p1a: Generation Loss\n|move|p2a: Howler Monkey|Drain Punch|p1a: Generation Loss\n|-damage|p1a: Generation Loss|11\/100\n|-heal|p2a: Howler Monkey|71\/100|[from] drain|[of] p1a: Generation Loss\n|\n|upkeep\n|turn|30\n|\n|t:|1699983474\n|move|p1a: Generation Loss|Tera Blast|p2a: Howler Monkey|[anim] Tera Blast Fire\n|-damage|p2a: Howler Monkey|33\/100\n|move|p2a: Howler Monkey|Drain Punch|p1a: Generation Loss\n|-damage|p1a: Generation Loss|0 fnt\n|-heal|p2a: Howler Monkey|39\/100|[from] drain|[of] p1a: Generation Loss\n|faint|p1a: Generation Loss\n|\n|upkeep\n|\n|t:|1699983482\n|switch|p1a: Kick|Cinderace, F|43\/100\n|turn|31\n|\n|t:|1699983495\n|move|p1a: Kick|Zen Headbutt|p2a: Howler Monkey|[miss]\n|-start|p1a: Kick|typechange|Psychic|[from] ability: Libero\n|-miss|p1a: Kick|p2a: Howler Monkey\n|move|p2a: Howler Monkey|Rage Fist|p1a: Kick\n|-supereffective|p1a: Kick\n|-damage|p1a: Kick|0 fnt\n|faint|p1a: Kick\n|\n|win|NEdgyman\n|c|\u2606NEdgyman|YOOOOO\n|c|\u2606NEdgyman|That aint even fair\n|c| Quackborg|Yessss\n|c|\u2606NEdgyman|I dont even like that win\n|c| Quackborg|yes\n|c| Quackborg|yes\n|l| Quackborg\n|c|\u2606NEdgyman|gg tho\n|l|\u2606jakewwwwwww\n|c|\u2606NEdgyman|im sorry\n|c|\u2606NEdgyman|I got rngsus this match\n","uploadtime":1699983542,"views":30,"p1id":"jakewwwwwww","p2id":"nedgyman","formatid":"gen9ubers","rating":0,"private":0,"password":""}