{"id":"gen9ubers-1998596154","p1":"Blitz2656","p2":"trashman46","format":"[Gen 9] Ubers","log":"|j|\u2606Blitz2656\n|j|\u2606trashman46\n|t:|1700960875\n|gametype|singles\n|player|p1|Blitz2656|mustard-master|\n|player|p2|trashman46|workerice|\n|teamsize|p1|6\n|teamsize|p2|6\n|gen|9\n|tier|[Gen 9] Ubers\n|rule|Sleep Clause Mod: Limit one foe put to sleep\n|rule|Species Clause: Limit one of each Pok\u00e9mon\n|rule|OHKO Clause: OHKO moves are banned\n|rule|Evasion Items Clause: Evasion items are banned\n|rule|Evasion Moves Clause: Evasion moves are banned\n|rule|Endless Battle Clause: Forcing endless battles is banned\n|rule|HP Percentage Mod: HP is shown in percentages\n|clearpoke\n|poke|p1|Magearna|\n|poke|p1|Klefki, F|\n|poke|p1|Dragalge, M|\n|poke|p1|Gothitelle, F|\n|poke|p1|Torkoal, F|\n|poke|p1|Salamence, M|\n|poke|p2|Basculegion, M|\n|poke|p2|Slowking-Galar, M|\n|poke|p2|Weezing-Galar, F|\n|poke|p2|Medicham, F|\n|poke|p2|Toedscruel, F|\n|poke|p2|Eelektross, M|\n|teampreview\n|inactive|Battle timer is ON: inactive players will automatically lose when time's up. (requested by Blitz2656)\n|\n|t:|1700960896\n|start\n|switch|p1a: Give me swagger|Klefki, F|100\/100\n|switch|p2a: Toedscruel|Toedscruel, F|100\/100\n|turn|1\n|\n|t:|1700960917\n|switch|p1a: Basculegion (F)|Dragalge, M|100\/100\n|move|p2a: Toedscruel|Spore|p1a: Basculegion (F)\n|-status|p1a: Basculegion (F)|slp|[from] move: Spore\n|\n|upkeep\n|turn|2\n|\n|t:|1700960933\n|switch|p1a: Is Glowking gone|Salamence, M|100\/100\n|-ability|p1a: Is Glowking gone|Intimidate|boost\n|-unboost|p2a: Toedscruel|atk|1\n|move|p2a: Toedscruel|Spikes|p1a: Is Glowking gone\n|-sidestart|p1: Blitz2656|Spikes\n|\n|upkeep\n|turn|3\n|\n|t:|1700960941\n|move|p1a: Is Glowking gone|Air Slash|p2a: Toedscruel\n|-supereffective|p2a: Toedscruel\n|-damage|p2a: Toedscruel|50\/100\n|move|p2a: Toedscruel|Knock Off|p1a: Is Glowking gone\n|-damage|p1a: Is Glowking gone|88\/100\n|-enditem|p1a: Is Glowking gone|Choice Scarf|[from] move: Knock Off|[of] p2a: Toedscruel\n|\n|-heal|p2a: Toedscruel|57\/100|[from] item: Leftovers\n|upkeep\n|turn|4\n|\n|t:|1700960956\n|switch|p2a: Eelektross|Eelektross, M, shiny|100\/100\n|move|p1a: Is Glowking gone|Air Slash|p2a: Eelektross\n|-resisted|p2a: Eelektross\n|-damage|p2a: Eelektross|90\/100\n|\n|upkeep\n|turn|5\n|\n|t:|1700960968\n|switch|p1a: Give me swagger|Klefki, F|100\/100\n|-damage|p1a: Give me swagger|88\/100|[from] Spikes\n|move|p2a: Eelektross|Volt Switch|p1a: Give me swagger\n|-damage|p1a: Give me swagger|59\/100\n|\n|t:|1700960987\n|switch|p2a: Slowking|Slowking-Galar, M|100\/100|[from] Volt Switch\n|\n|-heal|p1a: Give me swagger|65\/100|[from] item: Leftovers\n|upkeep\n|turn|6\n|\n|t:|1700960992\n|move|p2a: Slowking|Taunt|p1a: Give me swagger\n|-start|p1a: Give me swagger|move: Taunt\n|cant|p1a: Give me swagger|move: Taunt|Trick Room\n|\n|-heal|p1a: Give me swagger|71\/100|[from] item: Leftovers\n|upkeep\n|turn|7\n|\n|t:|1700961000\n|switch|p1a: I HATE GLOWKING|Gothitelle, F|100\/100\n|-damage|p1a: I HATE GLOWKING|88\/100|[from] Spikes\n|move|p2a: Slowking|Chilly Reception|p2a: Slowking\n|-weather|Snow\n|inactive|trashman46 has 270 seconds left.\n|\n|t:|1700961044\n|switch|p2a: Basculegion|Basculegion, M|100\/100|[from] Chilly Reception\n|\n|-weather|Snow|[upkeep]\n|upkeep\n|turn|8\n|inactive|Blitz2656 has 270 seconds left.\n|\n|t:|1700961078\n|switch|p1a: Give me swagger|Klefki, F|71\/100\n|-damage|p1a: Give me swagger|58\/100|[from] Spikes\n|move|p2a: Basculegion|Shadow Ball|p1a: Give me swagger\n|-damage|p1a: Give me swagger|0 fnt\n|faint|p1a: Give me swagger\n|\n|-weather|Snow|[upkeep]\n|upkeep\n|inactive|Blitz2656 has 270 seconds left.\n|\n|t:|1700961092\n|switch|p1a: Koraidon (trust)|Torkoal, F|100\/100\n|-damage|p1a: Koraidon (trust)|88\/100|[from] Spikes\n|-weather|SunnyDay|[from] ability: Drought|[of] p1a: Koraidon (trust)\n|turn|9\n|inactive|trashman46 has 270 seconds left.\n|\n|t:|1700961117\n|move|p2a: Basculegion|Shadow Ball|p1a: Koraidon (trust)\n|-damage|p1a: Koraidon (trust)|30\/100\n|move|p1a: Koraidon (trust)|Solar Beam||[still]\n|-prepare|p1a: Koraidon (trust)|Solar Beam\n|-anim|p1a: Koraidon (trust)|Solar Beam|p2a: Basculegion\n|-supereffective|p2a: Basculegion\n|-damage|p2a: Basculegion|37\/100\n|\n|-weather|SunnyDay|[upkeep]\n|upkeep\n|turn|10\n|\n|t:|1700961131\n|switch|p1a: Basculegion (F)|Dragalge, M|100\/100 slp\n|-damage|p1a: Basculegion (F)|88\/100 slp|[from] Spikes\n|move|p2a: Basculegion|Shadow Ball|p1a: Basculegion (F)\n|-damage|p1a: Basculegion (F)|36\/100 slp\n|\n|-weather|SunnyDay|[upkeep]\n|upkeep\n|turn|11\n|\n|t:|1700961138\n|move|p2a: Basculegion|Shadow Ball|p1a: Basculegion (F)\n|-damage|p1a: Basculegion (F)|0 fnt\n|faint|p1a: Basculegion (F)\n|\n|-weather|SunnyDay|[upkeep]\n|upkeep\n|\n|t:|1700961141\n|switch|p1a: Is Glowking gone|Salamence, M|88\/100\n|-ability|p1a: Is Glowking gone|Intimidate|boost\n|-unboost|p2a: Basculegion|atk|1\n|turn|12\n|\n|t:|1700961149\n|switch|p2a: Eelektross|Eelektross, M, shiny|90\/100\n|move|p1a: Is Glowking gone|Draco Meteor|p2a: Eelektross\n|-damage|p2a: Eelektross|51\/100\n|-unboost|p1a: Is Glowking gone|spa|2\n|\n|-weather|SunnyDay|[upkeep]\n|upkeep\n|turn|13\n|\n|t:|1700961176\n|move|p1a: Is Glowking gone|Roost|p1a: Is Glowking gone\n|-heal|p1a: Is Glowking gone|100\/100\n|-singleturn|p1a: Is Glowking gone|move: Roost\n|move|p2a: Eelektross|Thunderbolt|p1a: Is Glowking gone\n|-resisted|p1a: Is Glowking gone\n|-damage|p1a: Is Glowking gone|80\/100\n|\n|-weather|none\n|upkeep\n|turn|14\n|\n|t:|1700961189\n|move|p1a: Is Glowking gone|Draco Meteor|p2a: Eelektross\n|-damage|p2a: Eelektross|34\/100\n|-unboost|p1a: Is Glowking gone|spa|2\n|move|p2a: Eelektross|Acid Spray|p1a: Is Glowking gone\n|-damage|p1a: Is Glowking gone|67\/100\n|-unboost|p1a: Is Glowking gone|spd|2\n|\n|upkeep\n|turn|15\n|\n|t:|1700961197\n|switch|p1a: I HATE GLOWKING|Gothitelle, F|88\/100\n|-damage|p1a: I HATE GLOWKING|75\/100|[from] Spikes\n|move|p2a: Eelektross|Giga Drain|p1a: I HATE GLOWKING\n|-damage|p1a: I HATE GLOWKING|61\/100\n|-heal|p2a: Eelektross|41\/100|[from] drain|[of] p1a: I HATE GLOWKING\n|\n|upkeep\n|turn|16\n|\n|t:|1700961211\n|move|p1a: I HATE GLOWKING|Metronome|p1a: I HATE GLOWKING\n|move|p1a: I HATE GLOWKING|Whirlpool|p2a: Eelektross|[from]move: Metronome\n|-damage|p2a: Eelektross|37\/100\n|-activate|p2a: Eelektross|move: Whirlpool|[of] p1a: I HATE GLOWKING\n|move|p2a: Eelektross|Acid Spray|p1a: I HATE GLOWKING\n|-crit|p1a: I HATE GLOWKING\n|-damage|p1a: I HATE GLOWKING|47\/100\n|-unboost|p1a: I HATE GLOWKING|spd|2\n|\n|-damage|p2a: Eelektross|25\/100|[from] move: Whirlpool|[partiallytrapped]\n|upkeep\n|turn|17\n|\n|t:|1700961223\n|move|p1a: I HATE GLOWKING|Metronome|p1a: I HATE GLOWKING\n|move|p1a: I HATE GLOWKING|Horn Attack|p2a: Eelektross|[from]move: Metronome\n|-damage|p2a: Eelektross|11\/100\n|move|p2a: Eelektross|Thunderbolt|p1a: I HATE GLOWKING\n|-crit|p1a: I HATE GLOWKING\n|-damage|p1a: I HATE GLOWKING|0 fnt\n|faint|p1a: I HATE GLOWKING\n|\n|-end|p2a: Eelektross|Whirlpool|[partiallytrapped]|[silent]\n|upkeep\n|\n|t:|1700961240\n|switch|p1a: Where is fazbear|Magearna|100\/100\n|-damage|p1a: Where is fazbear|88\/100|[from] Spikes\n|turn|18\n|\n|t:|1700961248\n|switch|p2a: Weezing|Weezing-Galar, F|100\/100\n|move|p1a: Where is fazbear|Shift Gear|p1a: Where is fazbear\n|-boost|p1a: Where is fazbear|spe|2\n|-boost|p1a: Where is fazbear|atk|1\n|\n|upkeep\n|turn|19\n|inactive|Blitz2656 has 270 seconds left.\n|inactive|Blitz2656 has 240 seconds left.\n|\n|t:|1700961327\n|move|p1a: Where is fazbear|Shift Gear|p1a: Where is fazbear\n|-boost|p1a: Where is fazbear|spe|2\n|-boost|p1a: Where is fazbear|atk|1\n|move|p2a: Weezing|Haze|p2a: Weezing\n|-clearallboost\n|\n|upkeep\n|turn|20\n|\n|t:|1700961338\n|switch|p1a: Koraidon (trust)|Torkoal, F|30\/100\n|-damage|p1a: Koraidon (trust)|17\/100|[from] Spikes\n|-weather|SunnyDay|[from] ability: Drought|[of] p1a: Koraidon (trust)\n|switch|p2a: Slowking|Slowking-Galar, M|100\/100\n|\n|-weather|SunnyDay|[upkeep]\n|upkeep\n|turn|21\n|\n|t:|1700961349\n|move|p1a: Koraidon (trust)|Earth Power|p2a: Slowking\n|-supereffective|p2a: Slowking\n|-damage|p2a: Slowking|56\/100\n|move|p2a: Slowking|Foul Play|p1a: Koraidon (trust)\n|-damage|p1a: Koraidon (trust)|5\/100\n|\n|-weather|SunnyDay|[upkeep]\n|upkeep\n|turn|22\n|\n|t:|1700961359\n|switch|p2a: Eelektross|Eelektross, M, shiny|11\/100\n|move|p1a: Koraidon (trust)|Flamethrower|p2a: Eelektross\n|-damage|p2a: Eelektross|0 fnt\n|faint|p2a: Eelektross\n|\n|-weather|SunnyDay|[upkeep]\n|upkeep\n|\n|t:|1700961372\n|switch|p2a: Toedscruel|Toedscruel, F|57\/100\n|turn|23\n|\n|t:|1700961375\n|move|p2a: Toedscruel|Knock Off|p1a: Koraidon (trust)\n|-damage|p1a: Koraidon (trust)|0 fnt\n|-enditem|p1a: Koraidon (trust)|Assault Vest|[from] move: Knock Off|[of] p2a: Toedscruel\n|faint|p1a: Koraidon (trust)\n|\n|-weather|SunnyDay|[upkeep]\n|-heal|p2a: Toedscruel|63\/100|[from] item: Leftovers\n|upkeep\n|\n|t:|1700961383\n|switch|p1a: Where is fazbear|Magearna|88\/100\n|-damage|p1a: Where is fazbear|76\/100|[from] Spikes\n|turn|24\n|\n|t:|1700961388\n|move|p1a: Where is fazbear|Ice Spinner|p2a: Toedscruel\n|-supereffective|p2a: Toedscruel\n|-damage|p2a: Toedscruel|0 fnt\n|faint|p2a: Toedscruel\n|-ability|p1a: Where is fazbear|Soul-Heart|boost\n|-boost|p1a: Where is fazbear|spa|1\n|\n|-weather|none\n|upkeep\n|\n|t:|1700961399\n|switch|p2a: Basculegion|Basculegion, M|37\/100\n|turn|25\n|\n|t:|1700961419\n|move|p2a: Basculegion|Surf|p1a: Where is fazbear\n|-damage|p1a: Where is fazbear|19\/100\n|move|p1a: Where is fazbear|Iron Head|p2a: Basculegion\n|-resisted|p2a: Basculegion\n|-damage|p2a: Basculegion|14\/100\n|\n|upkeep\n|turn|26\n|\n|t:|1700961426\n|move|p2a: Basculegion|Surf|p1a: Where is fazbear\n|-damage|p1a: Where is fazbear|0 fnt\n|faint|p1a: Where is fazbear\n|\n|upkeep\n|\n|t:|1700961428\n|switch|p1a: Is Glowking gone|Salamence, M|67\/100\n|-ability|p1a: Is Glowking gone|Intimidate|boost\n|-unboost|p2a: Basculegion|atk|1\n|turn|27\n|\n|t:|1700961435\n|move|p1a: Is Glowking gone|Air Slash|p2a: Basculegion\n|-damage|p2a: Basculegion|0 fnt\n|faint|p2a: Basculegion\n|\n|upkeep\n|\n|t:|1700961439\n|switch|p2a: Medicham|Medicham, F|100\/100\n|turn|28\n|\n|t:|1700961443\n|move|p2a: Medicham|Ice Punch|p1a: Is Glowking gone\n|-supereffective|p1a: Is Glowking gone\n|-damage|p1a: Is Glowking gone|0 fnt\n|faint|p1a: Is Glowking gone\n|\n|win|trashman46\n|c|\u2606Blitz2656|gr\n|l|\u2606Blitz2656\n|l|\u2606trashman46\n|j|\u2606Blitz2656\n|player|p1|Blitz2656|mustard-master\n","uploadtime":1700961582,"views":27,"p1id":"blitz2656","p2id":"trashman46","formatid":"gen9ubers","rating":0,"private":0,"password":""}