{"id":"gen9ubers-1992983632","p1":"hypersonicstorm","p2":"hwzbobcat","format":"[Gen 9] Ubers","log":"|j|\u203dhypersonicstorm\n|j|\u2606hwzbobcat\n|t:|1700252658\n|gametype|singles\n|player|p1|hypersonicstorm|170|1136\n|player|p2|hwzbobcat|guitarist|1040\n|teamsize|p1|6\n|teamsize|p2|6\n|gen|9\n|tier|[Gen 9] Ubers\n|rated|\n|rule|Sleep Clause Mod: Limit one foe put to sleep\n|rule|Species Clause: Limit one of each Pok\u00e9mon\n|rule|OHKO Clause: OHKO moves are banned\n|rule|Evasion Items Clause: Evasion items are banned\n|rule|Evasion Moves Clause: Evasion moves are banned\n|rule|Endless Battle Clause: Forcing endless battles is banned\n|rule|HP Percentage Mod: HP is shown in percentages\n|clearpoke\n|poke|p1|Iron Bundle|\n|poke|p1|Corviknight, F|\n|poke|p1|Clodsire, M|\n|poke|p1|Pelipper, F|\n|poke|p1|Barraskewda, M|\n|poke|p1|Bronzong|\n|poke|p2|Koraidon|\n|poke|p2|Toxapex, M|\n|poke|p2|Gothitelle, M|\n|poke|p2|Scovillain, M|\n|poke|p2|Miraidon|\n|poke|p2|Great Tusk|\n|teampreview\n|inactive|Battle timer is ON: inactive players will automatically lose when time's up. (requested by hwzbobcat)\n|inactive|hypersonicstorm also wants the timer to be on.\n|\n|t:|1700252681\n|start\n|switch|p1a: Pelipper|Pelipper, F|100\/100\n|switch|p2a: Larry|Gothitelle, M|100\/100\n|-weather|RainDance|[from] ability: Drizzle|[of] p1a: Pelipper\n|turn|1\n|\n|t:|1700252686\n|move|p2a: Larry|Calm Mind|p2a: Larry\n|-boost|p2a: Larry|spa|1\n|-boost|p2a: Larry|spd|1\n|move|p1a: Pelipper|U-turn|p2a: Larry\n|-supereffective|p2a: Larry\n|-damage|p2a: Larry|82\/100\n|\n|t:|1700252692\n|switch|p1a: Barraskewda|Barraskewda, M|100\/100|[from] U-turn\n|\n|-weather|RainDance|[upkeep]\n|-heal|p2a: Larry|89\/100|[from] item: Leftovers\n|upkeep\n|turn|2\n|\n|t:|1700252701\n|switch|p2a: Charles|Koraidon|100\/100\n|-weather|SunnyDay|[from] ability: Orichalcum Pulse|[of] p2a: Charles\n|-activate|p2a: Charles|Orichalcum Pulse|[source]\n|-terastallize|p1a: Barraskewda|Water\n|move|p1a: Barraskewda|Liquidation|p2a: Charles\n|-resisted|p2a: Charles\n|-damage|p2a: Charles|80\/100\n|\n|-weather|SunnyDay|[upkeep]\n|upkeep\n|turn|3\n|\n|t:|1700252707\n|switch|p1a: Pelipper|Pelipper, F|100\/100\n|-weather|RainDance|[from] ability: Drizzle|[of] p1a: Pelipper\n|move|p2a: Charles|U-turn|p1a: Pelipper\n|-resisted|p1a: Pelipper\n|-damage|p1a: Pelipper|91\/100\n|\n|t:|1700252727\n|switch|p2a: Robert|Miraidon|100\/100|[from] U-turn\n|-fieldstart|move: Electric Terrain|[from] ability: Hadron Engine|[of] p2a: Robert\n|\n|-weather|RainDance|[upkeep]\n|upkeep\n|turn|4\n|\n|t:|1700252740\n|switch|p1a: Clodsire|Clodsire, M|100\/100\n|move|p2a: Robert|U-turn|p1a: Clodsire\n|-resisted|p1a: Clodsire\n|-damage|p1a: Clodsire|94\/100\n|\n|t:|1700252743\n|switch|p2a: Larry|Gothitelle, M|89\/100|[from] U-turn\n|\n|-weather|RainDance|[upkeep]\n|-heal|p2a: Larry|95\/100|[from] item: Leftovers\n|-heal|p1a: Clodsire|99\/100|[from] item: Leftovers\n|upkeep\n|turn|5\n|\n|t:|1700252758\n|move|p2a: Larry|Calm Mind|p2a: Larry\n|-boost|p2a: Larry|spa|1\n|-boost|p2a: Larry|spd|1\n|move|p1a: Clodsire|Toxic|p2a: Larry\n|-status|p2a: Larry|tox\n|\n|-weather|RainDance|[upkeep]\n|-heal|p2a: Larry|100\/100 tox|[from] item: Leftovers\n|-heal|p1a: Clodsire|100\/100|[from] item: Leftovers\n|-damage|p2a: Larry|94\/100 tox|[from] psn\n|upkeep\n|turn|6\n|\n|t:|1700252762\n|move|p2a: Larry|Calm Mind|p2a: Larry\n|-boost|p2a: Larry|spa|1\n|-boost|p2a: Larry|spd|1\n|move|p1a: Clodsire|Stealth Rock|p2a: Larry\n|-sidestart|p2: hwzbobcat|move: Stealth Rock\n|\n|-weather|RainDance|[upkeep]\n|-heal|p2a: Larry|100\/100 tox|[from] item: Leftovers\n|-damage|p2a: Larry|88\/100 tox|[from] psn\n|upkeep\n|turn|7\n|\n|t:|1700252765\n|move|p2a: Larry|Calm Mind|p2a: Larry\n|-boost|p2a: Larry|spa|1\n|-boost|p2a: Larry|spd|1\n|move|p1a: Clodsire|Earthquake|p2a: Larry\n|-damage|p2a: Larry|60\/100 tox\n|\n|-weather|RainDance|[upkeep]\n|-heal|p2a: Larry|66\/100 tox|[from] item: Leftovers\n|-damage|p2a: Larry|48\/100 tox|[from] psn\n|-fieldend|move: Electric Terrain\n|upkeep\n|turn|8\n|\n|t:|1700252778\n|move|p2a: Larry|Rest|p2a: Larry\n|-status|p2a: Larry|slp|[from] move: Rest\n|-heal|p2a: Larry|100\/100 slp|[silent]\n|move|p1a: Clodsire|Earthquake|p2a: Larry\n|-damage|p2a: Larry|74\/100 slp\n|\n|-weather|RainDance|[upkeep]\n|-heal|p2a: Larry|80\/100 slp|[from] item: Leftovers\n|upkeep\n|turn|9\n|\n|t:|1700252788\n|cant|p2a: Larry|slp\n|move|p1a: Clodsire|Earthquake|p2a: Larry\n|-damage|p2a: Larry|50\/100 slp\n|\n|-weather|RainDance|[upkeep]\n|-heal|p2a: Larry|57\/100 slp|[from] item: Leftovers\n|upkeep\n|turn|10\n|\n|t:|1700252790\n|cant|p2a: Larry|slp\n|move|p1a: Clodsire|Earthquake|p2a: Larry\n|-damage|p2a: Larry|30\/100 slp\n|\n|-weather|none\n|-heal|p2a: Larry|36\/100 slp|[from] item: Leftovers\n|upkeep\n|turn|11\n|\n|t:|1700252795\n|-curestatus|p2a: Larry|slp|[msg]\n|move|p2a: Larry|Stored Power|p1a: Clodsire\n|-supereffective|p1a: Clodsire\n|-damage|p1a: Clodsire|0 fnt\n|faint|p1a: Clodsire\n|\n|-heal|p2a: Larry|42\/100|[from] item: Leftovers\n|upkeep\n|\n|t:|1700252804\n|switch|p1a: Barraskewda|Barraskewda, M, tera:Water|100\/100\n|turn|12\n|\n|t:|1700252808\n|move|p2a: Larry|Protect|p2a: Larry\n|-singleturn|p2a: Larry|Protect\n|move|p1a: Barraskewda|Flip Turn|p2a: Larry\n|-activate|p2a: Larry|move: Protect\n|\n|-heal|p2a: Larry|48\/100|[from] item: Leftovers\n|upkeep\n|turn|13\n|\n|t:|1700252823\n|move|p1a: Barraskewda|Flip Turn|p2a: Larry\n|-damage|p2a: Larry|0 fnt\n|faint|p2a: Larry\n|\n|t:|1700252829\n|switch|p1a: Pelipper|Pelipper, F|91\/100|[from] Flip Turn\n|-weather|RainDance|[from] ability: Drizzle|[of] p1a: Pelipper\n|\n|-weather|RainDance|[upkeep]\n|upkeep\n|\n|t:|1700252831\n|switch|p2a: Robert|Miraidon|100\/100\n|-damage|p2a: Robert|88\/100|[from] Stealth Rock\n|-fieldstart|move: Electric Terrain|[from] ability: Hadron Engine|[of] p2a: Robert\n|turn|14\n|\n|t:|1700252838\n|switch|p1a: Bronzong|Bronzong|100\/100\n|move|p2a: Robert|Electro Drift|p1a: Bronzong\n|-damage|p1a: Bronzong|43\/100\n|\n|-weather|RainDance|[upkeep]\n|-heal|p1a: Bronzong|50\/100|[from] item: Leftovers\n|upkeep\n|turn|15\n|\n|t:|1700252843\n|move|p2a: Robert|Electro Drift|p1a: Bronzong\n|-damage|p1a: Bronzong|0 fnt\n|faint|p1a: Bronzong\n|\n|-weather|RainDance|[upkeep]\n|upkeep\n|\n|t:|1700252847\n|switch|p1a: Iron Bundle|Iron Bundle|100\/100\n|-activate|p1a: Iron Bundle|ability: Quark Drive\n|-start|p1a: Iron Bundle|quarkdrivespe\n|turn|16\n|\n|t:|1700252877\n|switch|p2a: Jonathan|Toxapex, M, shiny|100\/100\n|-damage|p2a: Jonathan|88\/100|[from] Stealth Rock\n|move|p1a: Iron Bundle|Freeze-Dry|p2a: Jonathan\n|-supereffective|p2a: Jonathan\n|-damage|p2a: Jonathan|16\/100\n|-enditem|p2a: Jonathan|Eject Button\n|\n|t:|1700252886\n|switch|p2a: Charles|Koraidon|80\/100\n|-damage|p2a: Charles|74\/100|[from] Stealth Rock\n|-weather|SunnyDay|[from] ability: Orichalcum Pulse|[of] p2a: Charles\n|-activate|p2a: Charles|Orichalcum Pulse|[source]\n|\n|-weather|SunnyDay|[upkeep]\n|upkeep\n|turn|17\n|\n|t:|1700252896\n|-end|p1a: Iron Bundle|Quark Drive|[silent]\n|switch|p1a: Pelipper|Pelipper, F|91\/100\n|-weather|RainDance|[from] ability: Drizzle|[of] p1a: Pelipper\n|-terastallize|p2a: Charles|Fire\n|move|p2a: Charles|Collision Course|p1a: Pelipper\n|-resisted|p1a: Pelipper\n|-damage|p1a: Pelipper|70\/100\n|\n|-weather|RainDance|[upkeep]\n|upkeep\n|turn|18\n|\n|t:|1700252907\n|move|p2a: Charles|U-turn|p1a: Pelipper\n|-resisted|p1a: Pelipper\n|-damage|p1a: Pelipper|61\/100\n|\n|t:|1700252909\n|switch|p2a: Jonathan|Toxapex, M, shiny|50\/100|[from] U-turn\n|-damage|p2a: Jonathan|37\/100|[from] Stealth Rock\n|move|p1a: Pelipper|Roost|p1a: Pelipper\n|-heal|p1a: Pelipper|100\/100\n|-singleturn|p1a: Pelipper|move: Roost\n|\n|-weather|RainDance|[upkeep]\n|-fieldend|move: Electric Terrain\n|upkeep\n|turn|19\n|\n|t:|1700252915\n|move|p1a: Pelipper|U-turn|p2a: Jonathan\n|-resisted|p2a: Jonathan\n|-damage|p2a: Jonathan|34\/100\n|\n|t:|1700252919\n|switch|p1a: Corviknight|Corviknight, F|100\/100|[from] U-turn\n|-ability|p1a: Corviknight|Pressure\n|move|p2a: Jonathan|Recover|p2a: Jonathan\n|-heal|p2a: Jonathan|85\/100\n|\n|-weather|RainDance|[upkeep]\n|upkeep\n|turn|20\n|\n|t:|1700252929\n|move|p1a: Corviknight|U-turn|p2a: Jonathan\n|-resisted|p2a: Jonathan\n|-damage|p2a: Jonathan|79\/100\n|\n|t:|1700252934\n|switch|p1a: Iron Bundle|Iron Bundle|100\/100|[from] U-turn\n|move|p2a: Jonathan|Toxic Spikes|p1a: Iron Bundle\n|-sidestart|p1: hypersonicstorm|move: Toxic Spikes\n|\n|-weather|RainDance|[upkeep]\n|upkeep\n|turn|21\n|\n|t:|1700252941\n|move|p1a: Iron Bundle|Freeze-Dry|p2a: Jonathan\n|-supereffective|p2a: Jonathan\n|-damage|p2a: Jonathan|15\/100\n|move|p2a: Jonathan|Poison Jab|p1a: Iron Bundle\n|-damage|p1a: Iron Bundle|78\/100\n|\n|-weather|RainDance|[upkeep]\n|upkeep\n|turn|22\n|\n|t:|1700252952\n|switch|p2a: Charles|Koraidon, tera:Fire|74\/100\n|-damage|p2a: Charles|49\/100|[from] Stealth Rock\n|-weather|SunnyDay|[from] ability: Orichalcum Pulse|[of] p2a: Charles\n|-activate|p2a: Charles|Orichalcum Pulse|[source]\n|move|p1a: Iron Bundle|Freeze-Dry|p2a: Charles\n|-resisted|p2a: Charles\n|-damage|p2a: Charles|20\/100\n|\n|-weather|SunnyDay|[upkeep]\n|upkeep\n|turn|23\n|\n|t:|1700252982\n|switch|p2a: TSAR BOMBA|Scovillain, M, shiny|100\/100\n|-damage|p2a: TSAR BOMBA|76\/100|[from] Stealth Rock\n|move|p1a: Iron Bundle|Freeze-Dry|p2a: TSAR BOMBA\n|-damage|p2a: TSAR BOMBA|0 fnt\n|faint|p2a: TSAR BOMBA\n|\n|-weather|SunnyDay|[upkeep]\n|upkeep\n|\n|t:|1700252985\n|switch|p2a: Xavier|Great Tusk|100\/100\n|-damage|p2a: Xavier|98\/100|[from] Stealth Rock\n|-activate|p2a: Xavier|ability: Protosynthesis\n|-start|p2a: Xavier|protosynthesisatk\n|turn|24\n|\n|t:|1700253008\n|move|p1a: Iron Bundle|Freeze-Dry|p2a: Xavier\n|-supereffective|p2a: Xavier\n|-damage|p2a: Xavier|0 fnt\n|faint|p2a: Xavier\n|-end|p2a: Xavier|Protosynthesis|[silent]\n|\n|-weather|SunnyDay|[upkeep]\n|upkeep\n|\n|t:|1700253014\n|switch|p2a: Robert|Miraidon|88\/100\n|-damage|p2a: Robert|76\/100|[from] Stealth Rock\n|-fieldstart|move: Electric Terrain|[from] ability: Hadron Engine|[of] p2a: Robert\n|-activate|p1a: Iron Bundle|ability: Quark Drive\n|-start|p1a: Iron Bundle|quarkdrivespe\n|turn|25\n|\n|t:|1700253021\n|move|p1a: Iron Bundle|Freeze-Dry|p2a: Robert\n|-supereffective|p2a: Robert\n|-damage|p2a: Robert|0 fnt\n|faint|p2a: Robert\n|\n|-weather|SunnyDay|[upkeep]\n|upkeep\n|\n|t:|1700253025\n|switch|p2a: Jonathan|Toxapex, M, shiny|49\/100\n|-damage|p2a: Jonathan|36\/100|[from] Stealth Rock\n|turn|26\n|\n|t:|1700253028\n|move|p1a: Iron Bundle|Freeze-Dry|p2a: Jonathan\n|-supereffective|p2a: Jonathan\n|-damage|p2a: Jonathan|0 fnt\n|faint|p2a: Jonathan\n|\n|-weather|SunnyDay|[upkeep]\n|upkeep\n|c|\u2606hwzbobcat|gg\n|-message|hwzbobcat forfeited.\n|\n|win|hypersonicstorm\n|raw|hypersonicstorm's rating: 1136 &rarr; <strong>1154<\/strong><br \/>(+18 for winning)\n|raw|hwzbobcat's rating: 1040 &rarr; <strong>1028<\/strong><br \/>(-12 for losing)\n|l|\u2606hwzbobcat\n","uploadtime":1700253038,"views":7,"p1id":"hypersonicstorm","p2id":"hwzbobcat","formatid":"gen9ubers","rating":1028,"private":0,"password":""}