{"id":"gen9ubers-1981302148","p1":"Ronisia","p2":"Zenadark","format":"[Gen 9] Ubers","log":"|j|\u2606Ronisia\n|j|\u2606Zenadark\n|t:|1698881456\n|gametype|singles\n|player|p1|Ronisia|skyla|\n|player|p2|Zenadark|#stt5noadkokoroyal|\n|teamsize|p1|6\n|teamsize|p2|6\n|gen|9\n|tier|[Gen 9] Ubers\n|rule|Sleep Clause Mod: Limit one foe put to sleep\n|rule|Species Clause: Limit one of each Pok\u00e9mon\n|rule|OHKO Clause: OHKO moves are banned\n|rule|Evasion Items Clause: Evasion items are banned\n|rule|Evasion Moves Clause: Evasion moves are banned\n|rule|Endless Battle Clause: Forcing endless battles is banned\n|rule|HP Percentage Mod: HP is shown in percentages\n|clearpoke\n|poke|p1|Arceus-Fairy|\n|poke|p1|Ting-Lu|\n|poke|p1|Zacian-*|\n|poke|p1|Eternatus|\n|poke|p1|Skeledirge, M|\n|poke|p1|Miraidon|\n|poke|p2|Landorus-Therian, M|\n|poke|p2|Ting-Lu|\n|poke|p2|Koraidon|\n|poke|p2|Arceus|\n|poke|p2|Zacian-*|\n|poke|p2|Kingambit, M|\n|teampreview\n|c|\u2606Zenadark|hf bro\n|j| GlutonnyLeVrai\n|c|\u2606Ronisia|hf\n|j| VyoletRayn\n|j| Micciu\n|l| Micciu\n|j| black thunderbolt\n|c| VyoletRayn|Ciel qui load pas stall\n|c| VyoletRayn|le monde \u00e0 l'envers\n|\n|t:|1698881532\n|start\n|switch|p1a: Eternatus|Eternatus|100\/100\n|switch|p2a: Landorus|Landorus-Therian, M, shiny|100\/100\n|-ability|p1a: Eternatus|Pressure\n|-item|p1a: Eternatus|Air Balloon\n|-ability|p2a: Landorus|Intimidate|boost\n|-unboost|p1a: Eternatus|atk|1\n|turn|1\n|c|\u2606Zenadark|je suis moi m\u00eame \u00e9tonn\u00e9 vy\n|c| VyoletRayn|c'est mon mate et j'suis surpris\n|c| VyoletRayn|imagine\n|\n|t:|1698881547\n|switch|p2a: Ting-Lu|Ting-Lu|100\/100\n|-ability|p2a: Ting-Lu|Vessel of Ruin\n|move|p1a: Eternatus|Dynamax Cannon|p2a: Ting-Lu\n|-damage|p2a: Ting-Lu|77\/100\n|\n|-heal|p2a: Ting-Lu|84\/100|[from] item: Leftovers\n|upkeep\n|turn|2\n|\n|t:|1698881558\n|move|p1a: Eternatus|Toxic|p2a: Ting-Lu\n|-status|p2a: Ting-Lu|tox\n|move|p2a: Ting-Lu|Ruination|p1a: Eternatus\n|-damage|p1a: Eternatus|51\/100\n|-enditem|p1a: Eternatus|Air Balloon\n|\n|-heal|p2a: Ting-Lu|90\/100 tox|[from] item: Leftovers\n|-damage|p2a: Ting-Lu|84\/100 tox|[from] psn\n|upkeep\n|turn|3\n|j| Micciu\n|\n|t:|1698881568\n|move|p1a: Eternatus|Recover|p1a: Eternatus\n|-heal|p1a: Eternatus|100\/100\n|move|p2a: Ting-Lu|Spikes|p1a: Eternatus\n|-sidestart|p1: Ronisia|Spikes\n|\n|-heal|p2a: Ting-Lu|90\/100 tox|[from] item: Leftovers\n|-damage|p2a: Ting-Lu|77\/100 tox|[from] psn\n|upkeep\n|turn|4\n|\n|t:|1698881582\n|switch|p1a: Ting-Lu|Ting-Lu|100\/100\n|-damage|p1a: Ting-Lu|88\/100|[from] Spikes\n|-ability|p1a: Ting-Lu|Vessel of Ruin\n|move|p2a: Ting-Lu|Taunt|p1a: Ting-Lu\n|-start|p1a: Ting-Lu|move: Taunt\n|\n|-heal|p2a: Ting-Lu|84\/100 tox|[from] item: Leftovers\n|-heal|p1a: Ting-Lu|94\/100|[from] item: Leftovers\n|-damage|p2a: Ting-Lu|65\/100 tox|[from] psn\n|upkeep\n|turn|5\n|c| VyoletRayn|en tout cas l'uber c'est sympa vous avez 4 mon en commun\n|\n|t:|1698881597\n|switch|p1a: Eternatus|Eternatus|100\/100\n|-damage|p1a: Eternatus|88\/100|[from] Spikes\n|-ability|p1a: Eternatus|Pressure\n|move|p2a: Ting-Lu|Spikes|p1a: Eternatus\n|-sidestart|p1: Ronisia|Spikes\n|\n|-heal|p2a: Ting-Lu|71\/100 tox|[from] item: Leftovers\n|-damage|p2a: Ting-Lu|47\/100 tox|[from] psn\n|upkeep\n|turn|6\n|\n|t:|1698881613\n|move|p1a: Eternatus|Fire Blast|p2a: Ting-Lu\n|-damage|p2a: Ting-Lu|29\/100 tox\n|move|p2a: Ting-Lu|Whirlwind|p1a: Eternatus\n|drag|p1a: Zacian|Zacian-Crowned|100\/100\n|-damage|p1a: Zacian|84\/100|[from] Spikes\n|-ability|p1a: Zacian|Intrepid Sword|boost\n|-boost|p1a: Zacian|atk|1\n|\n|-heal|p2a: Ting-Lu|35\/100 tox|[from] item: Leftovers\n|-damage|p2a: Ting-Lu|5\/100 tox|[from] psn\n|upkeep\n|turn|7\n|\n|t:|1698881631\n|switch|p1a: Ting-Lu|Ting-Lu|94\/100\n|-damage|p1a: Ting-Lu|78\/100|[from] Spikes\n|-ability|p1a: Ting-Lu|Vessel of Ruin\n|switch|p2a: Landorus|Landorus-Therian, M, shiny|100\/100\n|-ability|p2a: Landorus|Intimidate|boost\n|-unboost|p1a: Ting-Lu|atk|1\n|\n|-heal|p1a: Ting-Lu|84\/100|[from] item: Leftovers\n|upkeep\n|turn|8\n|c|\u2606Zenadark|t as vu \u00e7a\n|c| Micciu|Miskine lando est meilleur en uber que ou\n|\n|t:|1698881641\n|move|p2a: Landorus|Taunt|p1a: Ting-Lu\n|-start|p1a: Ting-Lu|move: Taunt\n|cant|p1a: Ting-Lu|move: Taunt|Stealth Rock\n|\n|-heal|p1a: Ting-Lu|90\/100|[from] item: Leftovers\n|upkeep\n|turn|9\n|\n|t:|1698881645\n|switch|p1a: Arceus|Arceus-Fairy|100\/100\n|-damage|p1a: Arceus|84\/100|[from] Spikes\n|move|p2a: Landorus|Stealth Rock|p1a: Arceus\n|-sidestart|p1: Ronisia|move: Stealth Rock\n|\n|upkeep\n|turn|10\n|\n|t:|1698881652\n|switch|p2a: Ting-Lu|Ting-Lu|5\/100 tox\n|-ability|p2a: Ting-Lu|Vessel of Ruin\n|move|p1a: Arceus|Judgment|p2a: Ting-Lu\n|-supereffective|p2a: Ting-Lu\n|-damage|p2a: Ting-Lu|0 fnt\n|faint|p2a: Ting-Lu\n|\n|upkeep\n|\n|t:|1698881658\n|switch|p2a: Koraidon|Koraidon|100\/100\n|-weather|SunnyDay|[from] ability: Orichalcum Pulse|[of] p2a: Koraidon\n|-activate|p2a: Koraidon|Orichalcum Pulse|[source]\n|turn|11\n|c| VyoletRayn|j'd\u00e9couvre qu'il y a autant de defog en uber qu'en PU\n|\n|t:|1698881669\n|switch|p1a: Skeledirge|Skeledirge, M|100\/100\n|-terastallize|p2a: Koraidon|Fire\n|move|p2a: Koraidon|Bulk Up|p2a: Koraidon\n|-boost|p2a: Koraidon|atk|1\n|-boost|p2a: Koraidon|def|1\n|\n|-weather|SunnyDay|[upkeep]\n|upkeep\n|turn|12\n|\n|t:|1698881682\n|-terastallize|p1a: Skeledirge|Water\n|move|p2a: Koraidon|Scale Shot|p1a: Skeledirge|[miss]\n|-miss|p2a: Koraidon|p1a: Skeledirge\n|move|p1a: Skeledirge|Torch Song|p2a: Koraidon\n|-resisted|p2a: Koraidon\n|-damage|p2a: Koraidon|77\/100\n|-boost|p1a: Skeledirge|spa|1\n|\n|-weather|SunnyDay|[upkeep]\n|upkeep\n|turn|13\n|\n|t:|1698881691\n|move|p2a: Koraidon|Low Kick|p1a: Skeledirge\n|-damage|p1a: Skeledirge|51\/100\n|move|p1a: Skeledirge|Torch Song|p2a: Koraidon\n|-resisted|p2a: Koraidon\n|-damage|p2a: Koraidon|45\/100\n|-boost|p1a: Skeledirge|spa|1\n|\n|-weather|SunnyDay|[upkeep]\n|upkeep\n|turn|14\n|c| Micciu|0\/20 le tera ciel\n|\n|t:|1698881749\n|move|p2a: Koraidon|Low Kick|p1a: Skeledirge\n|-damage|p1a: Skeledirge|0 fnt\n|faint|p1a: Skeledirge\n|\n|-weather|SunnyDay|[upkeep]\n|upkeep\n|\n|t:|1698881757\n|switch|p1a: Miraidon|Miraidon|100\/100\n|-damage|p1a: Miraidon|84\/100|[from] Spikes\n|-damage|p1a: Miraidon|72\/100|[from] Stealth Rock\n|-fieldstart|move: Electric Terrain|[from] ability: Hadron Engine|[of] p1a: Miraidon\n|turn|15\n|\n|t:|1698881767\n|switch|p2a: Landorus|Landorus-Therian, M, shiny|100\/100\n|-ability|p2a: Landorus|Intimidate|boost\n|-unboost|p1a: Miraidon|atk|1\n|move|p1a: Miraidon|Electro Drift|p2a: Landorus\n|-immune|p2a: Landorus\n|\n|-weather|none\n|upkeep\n|turn|16\n|c| VyoletRayn|wesh skeledirge il p\u00e8se 320kgs\n|c| VyoletRayn|on dirait mon ex\n|c|\u2606Ronisia|frere\n|\n|t:|1698881775\n|switch|p1a: Arceus|Arceus-Fairy|84\/100\n|-damage|p1a: Arceus|68\/100|[from] Spikes\n|-damage|p1a: Arceus|55\/100|[from] Stealth Rock\n|move|p2a: Landorus|Earthquake|p1a: Arceus\n|-damage|p1a: Arceus|31\/100\n|\n|upkeep\n|turn|17\n|c|\u2606Ronisia|elle pue sa mere\n|c|\u2606Ronisia|cette equipe\n|c| Micciu|PTDRRRR\n|\n|t:|1698881785\n|switch|p2a: Koraidon|Koraidon, tera:Fire|45\/100\n|-weather|SunnyDay|[from] ability: Orichalcum Pulse|[of] p2a: Koraidon\n|-activate|p2a: Koraidon|Orichalcum Pulse|[source]\n|move|p1a: Arceus|Recover|p1a: Arceus\n|-heal|p1a: Arceus|81\/100\n|\n|-weather|SunnyDay|[upkeep]\n|upkeep\n|turn|18\n|\n|t:|1698881790\n|switch|p1a: Ting-Lu|Ting-Lu|90\/100\n|-damage|p1a: Ting-Lu|74\/100|[from] Spikes\n|-damage|p1a: Ting-Lu|67\/100|[from] Stealth Rock\n|-ability|p1a: Ting-Lu|Vessel of Ruin\n|move|p2a: Koraidon|Flare Blitz|p1a: Ting-Lu\n|-damage|p1a: Ting-Lu|0 fnt\n|faint|p1a: Ting-Lu\n|-damage|p2a: Koraidon|12\/100|[from] Recoil\n|\n|-weather|SunnyDay|[upkeep]\n|upkeep\n|\n|t:|1698881794\n|switch|p1a: Zacian|Zacian-Crowned|84\/100\n|-damage|p1a: Zacian|67\/100|[from] Spikes\n|-damage|p1a: Zacian|61\/100|[from] Stealth Rock\n|turn|19\n|\n|t:|1698881798\n|move|p1a: Zacian|Behemoth Blade|p2a: Koraidon\n|-resisted|p2a: Koraidon\n|-damage|p2a: Koraidon|0 fnt\n|faint|p2a: Koraidon\n|\n|-weather|SunnyDay|[upkeep]\n|-fieldend|move: Electric Terrain\n|upkeep\n|\n|t:|1698881803\n|switch|p2a: Landorus|Landorus-Therian, M, shiny|100\/100\n|-ability|p2a: Landorus|Intimidate|boost\n|-unboost|p1a: Zacian|atk|1\n|turn|20\n|c|\u2606Ronisia|no defog et mon seul moyen de hasard\n|j| Monai\n|c|\u2606Ronisia|a 110 speed dans une meta taunt\n|c|\u2606Ronisia|mdrrrr\n|\n|t:|1698881819\n|move|p1a: Zacian|Behemoth Blade|p2a: Landorus\n|-damage|p2a: Landorus|72\/100\n|-damage|p1a: Zacian|44\/100|[from] item: Rocky Helmet|[of] p2a: Landorus\n|move|p2a: Landorus|U-turn|p1a: Zacian\n|-resisted|p1a: Zacian\n|-crit|p1a: Zacian\n|-damage|p1a: Zacian|37\/100\n|c|\u2606Zenadark|\u00e9coute c pas ma faute ca mon reuf :(\n|\n|t:|1698881828\n|switch|p2a: Arceus|Arceus, shiny|100\/100|[from] U-turn\n|\n|-weather|SunnyDay|[upkeep]\n|upkeep\n|turn|21\n|c|\u2606Ronisia|jaurais du stall\n|c| VyoletRayn|m\u00eame en PU on a plus d'option de defog\n|c| VyoletRayn|faut s'en rendre compte messieurs\n|\n|t:|1698881836\n|switch|p1a: Eternatus|Eternatus|88\/100\n|-damage|p1a: Eternatus|72\/100|[from] Spikes\n|-damage|p1a: Eternatus|59\/100|[from] Stealth Rock\n|-ability|p1a: Eternatus|Pressure\n|switch|p2a: Landorus|Landorus-Therian, M, shiny|72\/100\n|-ability|p2a: Landorus|Intimidate|boost\n|-unboost|p1a: Eternatus|atk|1\n|\n|-weather|none\n|upkeep\n|turn|22\n|c|\u2606Zenadark|j avais de quoi passer stall anyway\n|\n|t:|1698881847\n|move|p1a: Eternatus|Dynamax Cannon|p2a: Landorus\n|-damage|p2a: Landorus|19\/100\n|move|p2a: Landorus|Earthquake|p1a: Eternatus\n|-supereffective|p1a: Eternatus\n|-damage|p1a: Eternatus|0 fnt\n|faint|p1a: Eternatus\n|\n|upkeep\n|c|\u2606Ronisia|baj dis ca au cap vy mdrr\n|\n|t:|1698881855\n|switch|p1a: Zacian|Zacian-Crowned|37\/100\n|-damage|p1a: Zacian|21\/100|[from] Spikes\n|-damage|p1a: Zacian|15\/100|[from] Stealth Rock\n|turn|23\n|c| VyoletRayn|pas mon doss je touche pas au tier\n|\n|t:|1698881860\n|switch|p2a: Arceus|Arceus, shiny|100\/100\n|move|p1a: Zacian|Behemoth Blade|p2a: Arceus\n|-damage|p2a: Arceus|61\/100\n|\n|upkeep\n|turn|24\n|\n|t:|1698881869\n|move|p2a: Arceus|Extreme Speed|p1a: Zacian\n|-resisted|p1a: Zacian\n|-damage|p1a: Zacian|0 fnt\n|faint|p1a: Zacian\n|\n|upkeep\n|\n|t:|1698881871\n|switch|p1a: Miraidon|Miraidon|72\/100\n|-damage|p1a: Miraidon|55\/100|[from] Spikes\n|-damage|p1a: Miraidon|43\/100|[from] Stealth Rock\n|-fieldstart|move: Electric Terrain|[from] ability: Hadron Engine|[of] p1a: Miraidon\n|turn|25\n|\n|t:|1698881876\n|move|p2a: Arceus|Extreme Speed|p1a: Miraidon\n|-damage|p1a: Miraidon|0 fnt\n|faint|p1a: Miraidon\n|\n|upkeep\n|\n|t:|1698881878\n|switch|p1a: Arceus|Arceus-Fairy|81\/100\n|-damage|p1a: Arceus|64\/100|[from] Spikes\n|-damage|p1a: Arceus|52\/100|[from] Stealth Rock\n|turn|26\n|\n|t:|1698881881\n|move|p1a: Arceus|Taunt|p2a: Arceus\n|-start|p2a: Arceus|move: Taunt\n|cant|p2a: Arceus|move: Taunt|Swords Dance\n|\n|upkeep\n|turn|27\n|\n|t:|1698881885\n|switch|p2a: Landorus|Landorus-Therian, M, shiny|19\/100\n|-ability|p2a: Landorus|Intimidate|boost\n|-unboost|p1a: Arceus|atk|1\n|move|p1a: Arceus|Recover|p1a: Arceus\n|-heal|p1a: Arceus|100\/100\n|\n|upkeep\n|turn|28\n|\n|t:|1698881889\n|move|p1a: Arceus|Calm Mind|p1a: Arceus\n|-boost|p1a: Arceus|spa|1\n|-boost|p1a: Arceus|spd|1\n|move|p2a: Landorus|Earthquake|p1a: Arceus\n|-damage|p1a: Arceus|77\/100\n|\n|upkeep\n|turn|29\n|\n|t:|1698881894\n|move|p1a: Arceus|Calm Mind|p1a: Arceus\n|-boost|p1a: Arceus|spa|1\n|-boost|p1a: Arceus|spd|1\n|move|p2a: Landorus|U-turn|p1a: Arceus\n|-resisted|p1a: Arceus\n|-damage|p1a: Arceus|71\/100\n|\n|t:|1698881897\n|switch|p2a: Zacian|Zacian-Crowned, shiny|100\/100|[from] U-turn\n|-ability|p2a: Zacian|Intrepid Sword|boost\n|-boost|p2a: Zacian|atk|1\n|\n|-fieldend|move: Electric Terrain\n|upkeep\n|turn|30\n|\n|t:|1698881900\n|switch|p2a: Arceus|Arceus, shiny|61\/100\n|move|p1a: Arceus|Judgment|p2a: Arceus\n|-damage|p2a: Arceus|0 fnt\n|faint|p2a: Arceus\n|\n|upkeep\n|\n|t:|1698881904\n|switch|p2a: Zacian|Zacian-Crowned, shiny|100\/100\n|turn|31\n|\n|t:|1698881906\n|move|p2a: Zacian|Behemoth Blade|p1a: Arceus\n|-supereffective|p1a: Arceus\n|-damage|p1a: Arceus|5\/100\n|move|p1a: Arceus|Judgment|p2a: Zacian\n|-resisted|p2a: Zacian\n|-damage|p2a: Zacian|56\/100\n|\n|upkeep\n|turn|32\n|l| Micciu\n|\n|t:|1698881914\n|move|p2a: Zacian|Behemoth Blade|p1a: Arceus\n|-supereffective|p1a: Arceus\n|-damage|p1a: Arceus|0 fnt\n|faint|p1a: Arceus\n|\n|win|Zenadark\n|l| black thunderbolt\n|c|\u2606Zenadark|gg\n|l| VyoletRayn\n|l|\u2606Ronisia\n|l| GlutonnyLeVrai\n","uploadtime":1698881925,"views":41,"p1id":"ronisia","p2id":"zenadark","formatid":"gen9ubers","rating":0,"private":0,"password":""}