{"id":"gen9ubers-1992989884","p1":"Dread Hades 0","p2":"IoSonoNeon","format":"[Gen 9] Ubers","log":"|j|\u2606Dread Hades 0\n|j|\u2606IoSonoNeon\n|t:|1700253243\n|gametype|singles\n|player|p1|Dread Hades 0|guzma|\n|player|p2|IoSonoNeon|#dpppliii|\n|teamsize|p1|6\n|teamsize|p2|6\n|gen|9\n|tier|[Gen 9] Ubers\n|rated|Tournament battle\n|rule|Sleep Clause Mod: Limit one foe put to sleep\n|rule|Species Clause: Limit one of each Pok\u00e9mon\n|rule|OHKO Clause: OHKO moves are banned\n|rule|Evasion Items Clause: Evasion items are banned\n|rule|Evasion Moves Clause: Evasion moves are banned\n|rule|Endless Battle Clause: Forcing endless battles is banned\n|rule|HP Percentage Mod: HP is shown in percentages\n|clearpoke\n|poke|p1|Arceus|\n|poke|p1|Polteageist-Antique|\n|poke|p1|Zacian-*|\n|poke|p1|Eternatus|\n|poke|p1|Koraidon|\n|poke|p1|Ribombee, F|\n|poke|p2|Grimmsnarl, M|\n|poke|p2|Koraidon|\n|poke|p2|Arceus|\n|poke|p2|Flutter Mane|\n|poke|p2|Zacian-*|\n|poke|p2|Calyrex-Ice|\n|teampreview\n|inactive|Battle timer is ON: inactive players will automatically lose when time's up. (requested by Dread Hades 0)\n|c|\u2606Dread Hades 0|so i need to be careful of a few things here\n|\n|t:|1700253266\n|start\n|switch|p1a: heineko|Ribombee, F, shiny|100\/100\n|switch|p2a: Grimmsnarl|Grimmsnarl, M|100\/100\n|turn|1\n|\n|t:|1700253281\n|move|p2a: Grimmsnarl|Taunt|p1a: heineko\n|-start|p1a: heineko|move: Taunt\n|cant|p1a: heineko|move: Taunt|Sticky Web\n|\n|upkeep\n|turn|2\n|\n|t:|1700253284\n|move|p2a: Grimmsnarl|Light Screen|p2a: Grimmsnarl\n|-sidestart|p2: IoSonoNeon|move: Light Screen\n|move|p1a: heineko|Moonblast|p2a: Grimmsnarl\n|-supereffective|p2a: Grimmsnarl\n|-damage|p2a: Grimmsnarl|70\/100\n|\n|upkeep\n|turn|3\n|j|+OreoSpeedruns\n|\n|t:|1700253296\n|switch|p1a: Demon king|Eternatus|100\/100\n|-ability|p1a: Demon king|Pressure\n|move|p2a: Grimmsnarl|Reflect|p2a: Grimmsnarl\n|-sidestart|p2: IoSonoNeon|Reflect\n|\n|upkeep\n|turn|4\n|j| Rishious Fend\n|\n|t:|1700253300\n|move|p2a: Grimmsnarl|Taunt|p1a: Demon king\n|-start|p1a: Demon king|move: Taunt\n|move|p1a: Demon king|Sludge Bomb|p2a: Grimmsnarl\n|-supereffective|p2a: Grimmsnarl\n|-damage|p2a: Grimmsnarl|31\/100\n|-status|p2a: Grimmsnarl|psn\n|\n|-damage|p2a: Grimmsnarl|18\/100 psn|[from] psn\n|upkeep\n|turn|5\n|\n|t:|1700253305\n|move|p1a: Demon king|Sludge Bomb|p2a: Grimmsnarl\n|-supereffective|p2a: Grimmsnarl\n|-damage|p2a: Grimmsnarl|0 fnt\n|faint|p2a: Grimmsnarl\n|\n|upkeep\n|j| galaxystudios370\n|\n|t:|1700253309\n|switch|p2a: Zacian|Zacian-Crowned|100\/100\n|-ability|p2a: Zacian|Intrepid Sword|boost\n|-boost|p2a: Zacian|atk|1\n|turn|6\n|j|%R8@!\n|l|%R8\n|\n|t:|1700253317\n|move|p2a: Zacian|Substitute|p2a: Zacian\n|-start|p2a: Zacian|Substitute\n|-damage|p2a: Zacian|76\/100\n|move|p1a: Demon king|Fire Blast|p2a: Zacian\n|-supereffective|p2a: Zacian\n|-end|p2a: Zacian|Substitute\n|\n|-end|p1a: Demon king|move: Taunt\n|upkeep\n|turn|7\n|l|+OreoSpeedruns\n|\n|t:|1700253324\n|move|p2a: Zacian|Behemoth Blade|p1a: Demon king\n|-damage|p1a: Demon king|38\/100\n|move|p1a: Demon king|Fire Blast|p2a: Zacian\n|-supereffective|p2a: Zacian\n|-damage|p2a: Zacian|35\/100\n|\n|-heal|p1a: Demon king|44\/100|[from] item: Leftovers\n|upkeep\n|turn|8\n|\n|t:|1700253332\n|move|p2a: Zacian|Behemoth Blade|p1a: Demon king\n|-damage|p1a: Demon king|0 fnt\n|faint|p1a: Demon king\n|\n|upkeep\n|\n|t:|1700253335\n|switch|p1a: heineko|Ribombee, F, shiny|100\/100\n|turn|9\n|\n|t:|1700253339\n|move|p2a: Zacian|Behemoth Blade|p1a: heineko\n|-supereffective|p1a: heineko\n|-crit|p1a: heineko\n|-enditem|p1a: heineko|Focus Sash\n|-damage|p1a: heineko|1\/100\n|move|p1a: heineko|Sticky Web|p2a: Zacian\n|-sidestart|p2: IoSonoNeon|move: Sticky Web\n|\n|-sideend|p2: IoSonoNeon|move: Light Screen\n|upkeep\n|turn|10\n|l| galaxystudios370\n|\n|t:|1700253342\n|move|p2a: Zacian|Behemoth Blade|p1a: heineko\n|-supereffective|p1a: heineko\n|-damage|p1a: heineko|0 fnt\n|faint|p1a: heineko\n|\n|-sideend|p2: IoSonoNeon|Reflect\n|upkeep\n|\n|t:|1700253349\n|switch|p1a: Grayroad|Polteageist-Antique|100\/100\n|turn|11\n|\n|t:|1700253355\n|move|p2a: Zacian|Behemoth Blade|p1a: Grayroad\n|-enditem|p1a: Grayroad|Focus Sash\n|-damage|p1a: Grayroad|1\/100\n|-ability|p1a: Grayroad|Weak Armor|boost\n|-unboost|p1a: Grayroad|def|1\n|-boost|p1a: Grayroad|spe|2\n|move|p1a: Grayroad|Shell Smash|p1a: Grayroad\n|-unboost|p1a: Grayroad|def|1\n|-unboost|p1a: Grayroad|spd|1\n|-boost|p1a: Grayroad|atk|2\n|-boost|p1a: Grayroad|spa|2\n|-boost|p1a: Grayroad|spe|2\n|\n|upkeep\n|turn|12\n|\n|t:|1700253358\n|move|p1a: Grayroad|Shadow Ball|p2a: Zacian\n|-damage|p2a: Zacian|0 fnt\n|faint|p2a: Zacian\n|\n|upkeep\n|\n|t:|1700253361\n|switch|p2a: Arceus|Arceus|100\/100\n|-activate|p2a: Arceus|move: Sticky Web\n|-unboost|p2a: Arceus|spe|1\n|turn|13\n|\n|t:|1700253364\n|move|p1a: Grayroad|Psychic|p2a: Arceus\n|-damage|p2a: Arceus|50\/100\n|move|p2a: Arceus|Shadow Claw|p1a: Grayroad\n|-supereffective|p1a: Grayroad\n|-damage|p1a: Grayroad|0 fnt\n|faint|p1a: Grayroad\n|\n|upkeep\n|\n|t:|1700253369\n|switch|p1a: zeldris|Zacian-Crowned|100\/100\n|-ability|p1a: zeldris|Intrepid Sword|boost\n|-boost|p1a: zeldris|atk|1\n|turn|14\n|\n|t:|1700253372\n|move|p1a: zeldris|Sacred Sword|p2a: Arceus\n|-supereffective|p2a: Arceus\n|-damage|p2a: Arceus|0 fnt\n|faint|p2a: Arceus\n|\n|upkeep\n|\n|t:|1700253381\n|switch|p2a: Koraidon|Koraidon|100\/100\n|-activate|p2a: Koraidon|move: Sticky Web\n|-unboost|p2a: Koraidon|spe|1\n|-weather|SunnyDay|[from] ability: Orichalcum Pulse|[of] p2a: Koraidon\n|-activate|p2a: Koraidon|Orichalcum Pulse|[source]\n|turn|15\n|\n|t:|1700253385\n|-terastallize|p1a: zeldris|Fire\n|-terastallize|p2a: Koraidon|Steel\n|move|p1a: zeldris|Play Rough|p2a: Koraidon\n|-resisted|p2a: Koraidon\n|-damage|p2a: Koraidon|66\/100\n|move|p2a: Koraidon|Flare Blitz|p1a: zeldris\n|-resisted|p1a: zeldris\n|-damage|p1a: zeldris|61\/100\n|-damage|p2a: Koraidon|54\/100|[from] Recoil\n|\n|-weather|SunnyDay|[upkeep]\n|upkeep\n|turn|16\n|\n|t:|1700253392\n|move|p1a: zeldris|Sacred Sword|p2a: Koraidon\n|-supereffective|p2a: Koraidon\n|-damage|p2a: Koraidon|0 fnt\n|faint|p2a: Koraidon\n|\n|-weather|SunnyDay|[upkeep]\n|upkeep\n|j|+OreoSpeedruns\n|-message|IoSonoNeon forfeited.\n|\n|win|Dread Hades 0\n|n|\u2606Dread Hades 0|dreadhades0\n|n|\u2606IoSonoNeon|iosononeon\n|n| Rishious Fend|rishiousfend\n|n| OreoSpeedruns|oreospeedruns\n","uploadtime":1700253398,"views":7,"p1id":"dreadhades0","p2id":"iosononeon","formatid":"gen9ubers","rating":0,"private":0,"password":""}