{"id":"gen9ubers-1976191350","p1":"micinho","p2":"FT Morgan","format":"[Gen 9] Ubers","log":"|j|\u2606micinho\n|j|\u2606FT Morgan\n|t:|1698272136\n|gametype|singles\n|player|p1|micinho|boarder|1129\n|player|p2|FT Morgan|lass|1193\n|teamsize|p1|6\n|teamsize|p2|6\n|gen|9\n|tier|[Gen 9] Ubers\n|rated|\n|rule|Sleep Clause Mod: Limit one foe put to sleep\n|rule|Species Clause: Limit one of each Pok\u00e9mon\n|rule|OHKO Clause: OHKO moves are banned\n|rule|Evasion Items Clause: Evasion items are banned\n|rule|Evasion Moves Clause: Evasion moves are banned\n|rule|Endless Battle Clause: Forcing endless battles is banned\n|rule|HP Percentage Mod: HP is shown in percentages\n|clearpoke\n|poke|p1|Ninetales-Alola, M|\n|poke|p1|Baxcalibur, F|\n|poke|p1|Manaphy|\n|poke|p1|Chien-Pao|\n|poke|p1|Gliscor, F|\n|poke|p1|Volcarona, F|\n|poke|p2|Volcarona, F|\n|poke|p2|Corviknight, F|\n|poke|p2|Grimmsnarl, M|\n|poke|p2|Garchomp, M|\n|poke|p2|Rillaboom, M|\n|poke|p2|Sneasler, M|\n|teampreview\n|\n|t:|1698272147\n|start\n|switch|p1a: Ninetales|Ninetales-Alola, M|100\/100\n|switch|p2a: Garchomp|Garchomp, M|100\/100\n|-weather|Snow|[from] ability: Snow Warning|[of] p1a: Ninetales\n|turn|1\n|\n|t:|1698272153\n|-terastallize|p2a: Garchomp|Steel\n|move|p2a: Garchomp|Iron Head|p1a: Ninetales\n|-supereffective|p1a: Ninetales\n|-damage|p1a: Ninetales|0 fnt\n|faint|p1a: Ninetales\n|\n|-weather|Snow|[upkeep]\n|upkeep\n|\n|t:|1698272160\n|switch|p1a: Gliscor|Gliscor, F|100\/100\n|turn|2\n|\n|t:|1698272167\n|switch|p2a: Corviknight|Corviknight, F|100\/100\n|-ability|p2a: Corviknight|Pressure\n|move|p1a: Gliscor|Earthquake|p2a: Corviknight\n|-immune|p2a: Corviknight\n|\n|-weather|Snow|[upkeep]\n|-status|p1a: Gliscor|tox|[from] item: Toxic Orb\n|upkeep\n|turn|3\n|\n|t:|1698272176\n|move|p1a: Gliscor|U-turn|p2a: Corviknight\n|-resisted|p2a: Corviknight\n|-damage|p2a: Corviknight|98\/100\n|\n|t:|1698272185\n|switch|p1a: Manaphy|Manaphy|100\/100|[from] U-turn\n|move|p2a: Corviknight|U-turn|p1a: Manaphy\n|-damage|p1a: Manaphy|86\/100\n|\n|t:|1698272191\n|switch|p2a: Rillaboom|Rillaboom, M|100\/100|[from] U-turn\n|-fieldstart|move: Grassy Terrain|[from] ability: Grassy Surge|[of] p2a: Rillaboom\n|\n|-weather|Snow|[upkeep]\n|-heal|p1a: Manaphy|92\/100|[from] Grassy Terrain\n|-heal|p1a: Manaphy|98\/100|[from] item: Leftovers\n|upkeep\n|turn|4\n|\n|t:|1698272199\n|switch|p1a: Volcarona|Volcarona, F|100\/100\n|move|p2a: Rillaboom|U-turn|p1a: Volcarona\n|-resisted|p1a: Volcarona\n|-crit|p1a: Volcarona\n|-damage|p1a: Volcarona|73\/100\n|-status|p2a: Rillaboom|brn|[from] ability: Flame Body|[of] p1a: Volcarona\n|\n|t:|1698272212\n|switch|p2a: Sneasler|Sneasler, M|100\/100|[from] U-turn\n|-enditem|p2a: Sneasler|Grassy Seed\n|-boost|p2a: Sneasler|def|1|[from] item: Grassy Seed\n|\n|-weather|Snow|[upkeep]\n|-heal|p1a: Volcarona|79\/100|[from] Grassy Terrain\n|upkeep\n|turn|5\n|\n|t:|1698272222\n|move|p2a: Sneasler|Dire Claw|p1a: Volcarona\n|-damage|p1a: Volcarona|5\/100\n|-status|p1a: Volcarona|slp\n|-status|p2a: Sneasler|brn|[from] ability: Flame Body|[of] p1a: Volcarona\n|cant|p1a: Volcarona|slp\n|\n|-weather|none\n|-heal|p1a: Volcarona|11\/100 slp|[from] Grassy Terrain\n|-damage|p2a: Sneasler|95\/100 brn|[from] brn\n|upkeep\n|turn|6\n|\n|t:|1698272233\n|switch|p1a: Gliscor|Gliscor, F|100\/100 tox\n|move|p2a: Sneasler|Swords Dance|p2a: Sneasler\n|-boost|p2a: Sneasler|atk|2\n|\n|-heal|p2a: Sneasler|100\/100 brn|[from] Grassy Terrain\n|-damage|p2a: Sneasler|95\/100 brn|[from] brn\n|upkeep\n|turn|7\n|\n|t:|1698272241\n|move|p2a: Sneasler|Acrobatics|p1a: Gliscor\n|-damage|p1a: Gliscor|77\/100 tox\n|move|p1a: Gliscor|Earthquake|p2a: Sneasler\n|-supereffective|p2a: Sneasler\n|-damage|p2a: Sneasler|54\/100 brn\n|\n|-heal|p2a: Sneasler|60\/100 brn|[from] Grassy Terrain\n|-heal|p1a: Gliscor|90\/100 tox|[from] ability: Poison Heal\n|-damage|p2a: Sneasler|54\/100 brn|[from] brn\n|upkeep\n|turn|8\n|\n|t:|1698272254\n|move|p2a: Sneasler|Close Combat|p1a: Gliscor\n|-resisted|p1a: Gliscor\n|-damage|p1a: Gliscor|70\/100 tox\n|-unboost|p2a: Sneasler|def|1\n|-unboost|p2a: Sneasler|spd|1\n|move|p1a: Gliscor|Spikes|p2a: Sneasler\n|-sidestart|p2: FT Morgan|Spikes\n|\n|-heal|p2a: Sneasler|60\/100 brn|[from] Grassy Terrain\n|-heal|p1a: Gliscor|83\/100 tox|[from] ability: Poison Heal\n|-damage|p2a: Sneasler|54\/100 brn|[from] brn\n|upkeep\n|turn|9\n|\n|t:|1698272266\n|move|p2a: Sneasler|Close Combat|p1a: Gliscor\n|-resisted|p1a: Gliscor\n|-damage|p1a: Gliscor|64\/100 tox\n|-unboost|p2a: Sneasler|def|1\n|-unboost|p2a: Sneasler|spd|1\n|move|p1a: Gliscor|Spikes|p2a: Sneasler\n|-sidestart|p2: FT Morgan|Spikes\n|\n|-heal|p2a: Sneasler|60\/100 brn|[from] Grassy Terrain\n|-heal|p1a: Gliscor|76\/100 tox|[from] ability: Poison Heal\n|-damage|p2a: Sneasler|54\/100 brn|[from] brn\n|upkeep\n|turn|10\n|\n|t:|1698272276\n|move|p2a: Sneasler|Close Combat|p1a: Gliscor\n|-resisted|p1a: Gliscor\n|-damage|p1a: Gliscor|55\/100 tox\n|-unboost|p2a: Sneasler|def|1\n|-unboost|p2a: Sneasler|spd|1\n|move|p1a: Gliscor|Spikes|p2a: Sneasler\n|-sidestart|p2: FT Morgan|Spikes\n|\n|-heal|p2a: Sneasler|60\/100 brn|[from] Grassy Terrain\n|-heal|p1a: Gliscor|68\/100 tox|[from] ability: Poison Heal\n|-damage|p2a: Sneasler|54\/100 brn|[from] brn\n|-fieldend|move: Grassy Terrain\n|upkeep\n|turn|11\n|\n|t:|1698272286\n|move|p2a: Sneasler|Close Combat|p1a: Gliscor\n|-resisted|p1a: Gliscor\n|-damage|p1a: Gliscor|49\/100 tox\n|-unboost|p2a: Sneasler|def|1\n|-unboost|p2a: Sneasler|spd|1\n|move|p1a: Gliscor|Earthquake|p2a: Sneasler\n|-supereffective|p2a: Sneasler\n|-damage|p2a: Sneasler|0 fnt\n|faint|p2a: Sneasler\n|\n|-heal|p1a: Gliscor|61\/100 tox|[from] ability: Poison Heal\n|upkeep\n|\n|t:|1698272301\n|switch|p2a: Grimmsnarl|Grimmsnarl, M|100\/100\n|-damage|p2a: Grimmsnarl|76\/100|[from] Spikes\n|turn|12\n|\n|t:|1698272305\n|move|p2a: Grimmsnarl|Taunt|p1a: Gliscor\n|-start|p1a: Gliscor|move: Taunt\n|move|p1a: Gliscor|U-turn|p2a: Grimmsnarl\n|-damage|p2a: Grimmsnarl|55\/100\n|\n|t:|1698272314\n|switch|p1a: Baxcalibur|Baxcalibur, F|100\/100|[from] U-turn\n|\n|upkeep\n|turn|13\n|\n|t:|1698272323\n|-terastallize|p1a: Baxcalibur|Steel\n|move|p2a: Grimmsnarl|Taunt|p1a: Baxcalibur\n|-start|p1a: Baxcalibur|move: Taunt\n|cant|p1a: Baxcalibur|move: Taunt|Swords Dance\n|\n|upkeep\n|turn|14\n|\n|t:|1698272328\n|move|p2a: Grimmsnarl|Reflect|p2a: Grimmsnarl\n|-sidestart|p2: FT Morgan|Reflect\n|move|p1a: Baxcalibur|Icicle Spear|p2a: Grimmsnarl\n|-damage|p2a: Grimmsnarl|45\/100\n|-damage|p2a: Grimmsnarl|36\/100\n|-damage|p2a: Grimmsnarl|26\/100\n|-damage|p2a: Grimmsnarl|16\/100\n|-hitcount|p2a: Grimmsnarl|4\n|\n|upkeep\n|turn|15\n|\n|t:|1698272337\n|move|p2a: Grimmsnarl|Light Screen|p2a: Grimmsnarl\n|-sidestart|p2: FT Morgan|move: Light Screen\n|move|p1a: Baxcalibur|Icicle Spear|p2a: Grimmsnarl\n|-damage|p2a: Grimmsnarl|8\/100\n|-damage|p2a: Grimmsnarl|0 fnt\n|faint|p2a: Grimmsnarl\n|-hitcount|p2: Grimmsnarl|2\n|\n|-end|p1a: Baxcalibur|move: Taunt\n|upkeep\n|\n|t:|1698272339\n|switch|p2a: Volcarona|Volcarona, F|100\/100\n|turn|16\n|\n|t:|1698272346\n|switch|p1a: Volcarona|Volcarona, F|11\/100 slp\n|move|p2a: Volcarona|Quiver Dance|p2a: Volcarona\n|-boost|p2a: Volcarona|spa|1\n|-boost|p2a: Volcarona|spd|1\n|-boost|p2a: Volcarona|spe|1\n|\n|upkeep\n|turn|17\n|\n|t:|1698272358\n|switch|p1a: Manaphy|Manaphy|98\/100\n|move|p2a: Volcarona|Quiver Dance|p2a: Volcarona\n|-boost|p2a: Volcarona|spa|1\n|-boost|p2a: Volcarona|spd|1\n|-boost|p2a: Volcarona|spe|1\n|\n|-heal|p1a: Manaphy|100\/100|[from] item: Leftovers\n|upkeep\n|turn|18\n|\n|t:|1698272368\n|move|p2a: Volcarona|Tera Blast|p1a: Manaphy\n|-damage|p1a: Manaphy|53\/100\n|move|p1a: Manaphy|Scald|p2a: Volcarona\n|-supereffective|p2a: Volcarona\n|-damage|p2a: Volcarona|84\/100\n|\n|-heal|p1a: Manaphy|59\/100|[from] item: Leftovers\n|upkeep\n|turn|19\n|\n|t:|1698272381\n|move|p2a: Volcarona|Tera Blast|p1a: Manaphy\n|-damage|p1a: Manaphy|12\/100\n|move|p1a: Manaphy|Scald|p2a: Volcarona\n|-supereffective|p2a: Volcarona\n|-damage|p2a: Volcarona|68\/100\n|\n|-heal|p1a: Manaphy|18\/100|[from] item: Leftovers\n|upkeep\n|turn|20\n|\n|t:|1698272388\n|move|p2a: Volcarona|Tera Blast|p1a: Manaphy\n|-damage|p1a: Manaphy|0 fnt\n|faint|p1a: Manaphy\n|\n|upkeep\n|\n|t:|1698272394\n|switch|p1a: Gliscor|Gliscor, F|61\/100 tox\n|turn|21\n|\n|t:|1698272398\n|move|p2a: Volcarona|Flamethrower|p1a: Gliscor\n|-damage|p1a: Gliscor|0 fnt\n|faint|p1a: Gliscor\n|\n|-sideend|p2: FT Morgan|Reflect\n|upkeep\n|\n|t:|1698272405\n|switch|p1a: Baxcalibur|Baxcalibur, F, tera:Steel|100\/100\n|turn|22\n|\n|t:|1698272408\n|move|p2a: Volcarona|Flamethrower|p1a: Baxcalibur\n|-supereffective|p1a: Baxcalibur\n|-damage|p1a: Baxcalibur|0 fnt\n|faint|p1a: Baxcalibur\n|\n|-sideend|p2: FT Morgan|move: Light Screen\n|upkeep\n|-message|micinho forfeited.\n|\n|win|FT Morgan\n|raw|micinho's rating: 1129 &rarr; <strong>1109<\/strong><br \/>(-20 for losing)\n|raw|FT Morgan's rating: 1193 &rarr; <strong>1213<\/strong><br \/>(+20 for winning)\n|l|\u2606micinho\n","uploadtime":1698272422,"views":18,"p1id":"micinho","p2id":"ftmorgan","formatid":"gen9ubers","rating":1109,"private":0,"password":""}