{"id":"gen9ubers-1993684048","p1":"Spler","p2":"drywall warrior","format":"[Gen 9] Ubers","log":"|j|\u2606Spler\n|j|\u2606drywall warrior\n|t:|1700345250\n|gametype|singles\n|player|p1|Spler|2|1255\n|player|p2|drywall warrior|acetrainersnowf|1070\n|teamsize|p1|6\n|teamsize|p2|6\n|gen|9\n|tier|[Gen 9] Ubers\n|rated|\n|rule|Sleep Clause Mod: Limit one foe put to sleep\n|rule|Species Clause: Limit one of each Pok\u00e9mon\n|rule|OHKO Clause: OHKO moves are banned\n|rule|Evasion Items Clause: Evasion items are banned\n|rule|Evasion Moves Clause: Evasion moves are banned\n|rule|Endless Battle Clause: Forcing endless battles is banned\n|rule|HP Percentage Mod: HP is shown in percentages\n|clearpoke\n|poke|p1|Arceus|\n|poke|p1|Koraidon|\n|poke|p1|Ting-Lu|\n|poke|p1|Zacian-*|\n|poke|p1|Flutter Mane|\n|poke|p1|Miraidon|\n|poke|p2|Miraidon|\n|poke|p2|Kyogre|\n|poke|p2|Zacian-*|\n|poke|p2|Flutter Mane|\n|poke|p2|Groudon|\n|poke|p2|Giratina|\n|teampreview\n|inactive|Battle timer is ON: inactive players will automatically lose when time's up. (requested by drywall warrior)\n|\n|t:|1700345263\n|start\n|switch|p1a: Ting-Lu|Ting-Lu|100\/100\n|switch|p2a: Miraidon|Miraidon|100\/100\n|-fieldstart|move: Electric Terrain|[from] ability: Hadron Engine|[of] p2a: Miraidon\n|-ability|p1a: Ting-Lu|Vessel of Ruin\n|turn|1\n|\n|t:|1700345274\n|move|p2a: Miraidon|U-turn|p1a: Ting-Lu\n|-supereffective|p1a: Ting-Lu\n|-damage|p1a: Ting-Lu|87\/100\n|\n|t:|1700345278\n|switch|p2a: Kyogre|Kyogre|100\/100|[from] U-turn\n|-weather|RainDance|[from] ability: Drizzle|[of] p2a: Kyogre\n|move|p1a: Ting-Lu|Stealth Rock|p2a: Kyogre\n|-sidestart|p2: drywall warrior|move: Stealth Rock\n|\n|-weather|RainDance|[upkeep]\n|-heal|p1a: Ting-Lu|93\/100|[from] item: Leftovers\n|upkeep\n|turn|2\n|inactive|Spler has 120 seconds left.\n|\n|t:|1700345312\n|switch|p1a: Miraidon|Miraidon|100\/100\n|-activate|p1a: Miraidon|ability: Hadron Engine\n|move|p2a: Kyogre|Water Spout|p1a: Miraidon\n|-resisted|p1a: Miraidon\n|-damage|p1a: Miraidon|8\/100\n|\n|-weather|RainDance|[upkeep]\n|upkeep\n|turn|3\n|inactive|Spler has 120 seconds left.\n|\n|t:|1700345324\n|switch|p2a: Flutter Mane|Flutter Mane|100\/100\n|-damage|p2a: Flutter Mane|88\/100|[from] Stealth Rock\n|move|p1a: Miraidon|Electro Drift|p2a: Flutter Mane\n|-damage|p2a: Flutter Mane|24\/100\n|\n|-weather|RainDance|[upkeep]\n|upkeep\n|turn|4\n|inactive|Spler has 120 seconds left.\n|\n|t:|1700345335\n|move|p2a: Flutter Mane|Moonblast|p1a: Miraidon\n|-supereffective|p1a: Miraidon\n|-damage|p1a: Miraidon|0 fnt\n|faint|p1a: Miraidon\n|\n|-weather|RainDance|[upkeep]\n|upkeep\n|inactive|Spler has 120 seconds left.\n|\n|t:|1700345350\n|switch|p1a: Zacian|Zacian-Crowned|100\/100\n|-ability|p1a: Zacian|Intrepid Sword|boost\n|-boost|p1a: Zacian|atk|1\n|turn|5\n|inactive|Spler has 120 seconds left.\n|\n|t:|1700345355\n|move|p1a: Zacian|Behemoth Blade|p2a: Flutter Mane\n|-supereffective|p2a: Flutter Mane\n|-damage|p2a: Flutter Mane|0 fnt\n|faint|p2a: Flutter Mane\n|-end|p2a: Flutter Mane|Protosynthesis|[silent]\n|\n|-weather|none\n|-fieldend|move: Electric Terrain\n|upkeep\n|\n|t:|1700345362\n|switch|p2a: Giratina|Giratina|100\/100\n|-ability|p2a: Giratina|Pressure\n|turn|6\n|\n|t:|1700345367\n|-terastallize|p2a: Giratina|Fairy\n|move|p1a: Zacian|Play Rough|p2a: Giratina\n|-damage|p2a: Giratina|67\/100\n|move|p2a: Giratina|Will-O-Wisp|p1a: Zacian\n|-status|p1a: Zacian|brn\n|\n|-damage|p1a: Zacian|94\/100 brn|[from] brn\n|upkeep\n|turn|7\n|\n|t:|1700345394\n|switch|p2a: Zacian|Zacian-Crowned|100\/100\n|-damage|p2a: Zacian|94\/100|[from] Stealth Rock\n|-ability|p2a: Zacian|Intrepid Sword|boost\n|-boost|p2a: Zacian|atk|1\n|move|p1a: Zacian|Swords Dance|p1a: Zacian\n|-boost|p1a: Zacian|atk|2\n|\n|-damage|p1a: Zacian|88\/100 brn|[from] brn\n|upkeep\n|turn|8\n|\n|t:|1700345406\n|move|p1a: Zacian|Behemoth Blade|p2a: Zacian\n|-damage|p2a: Zacian|26\/100\n|move|p2a: Zacian|Behemoth Blade|p1a: Zacian\n|-damage|p1a: Zacian|15\/100 brn\n|\n|-damage|p1a: Zacian|9\/100 brn|[from] brn\n|upkeep\n|turn|9\n|\n|t:|1700345425\n|move|p1a: Zacian|Behemoth Blade|p2a: Zacian\n|-damage|p2a: Zacian|0 fnt\n|faint|p2a: Zacian\n|\n|-damage|p1a: Zacian|3\/100 brn|[from] brn\n|upkeep\n|\n|t:|1700345432\n|switch|p2a: Giratina|Giratina, tera:Fairy|67\/100\n|-ability|p2a: Giratina|Pressure\n|turn|10\n|\n|t:|1700345438\n|move|p1a: Zacian|Behemoth Blade|p2a: Giratina\n|-supereffective|p2a: Giratina\n|-damage|p2a: Giratina|0 fnt\n|faint|p2a: Giratina\n|\n|-damage|p1a: Zacian|0 fnt|[from] brn\n|faint|p1a: Zacian\n|upkeep\n|\n|t:|1700345449\n|switch|p1a: Ting-Lu|Ting-Lu|93\/100\n|switch|p2a: Kyogre|Kyogre|100\/100\n|-damage|p2a: Kyogre|88\/100|[from] Stealth Rock\n|-weather|RainDance|[from] ability: Drizzle|[of] p2a: Kyogre\n|-ability|p1a: Ting-Lu|Vessel of Ruin\n|turn|11\n|\n|t:|1700345465\n|move|p2a: Kyogre|Water Spout|p1a: Ting-Lu\n|-supereffective|p1a: Ting-Lu\n|-damage|p1a: Ting-Lu|0 fnt\n|faint|p1a: Ting-Lu\n|\n|-weather|RainDance|[upkeep]\n|upkeep\n|\n|t:|1700345473\n|switch|p1a: Koraidon|Koraidon|100\/100\n|-weather|SunnyDay|[from] ability: Orichalcum Pulse|[of] p1a: Koraidon\n|-activate|p1a: Koraidon|Orichalcum Pulse|[source]\n|turn|12\n|\n|t:|1700345481\n|switch|p2a: Groudon|Groudon|100\/100\n|-damage|p2a: Groudon|94\/100|[from] Stealth Rock\n|move|p1a: Koraidon|Swords Dance|p1a: Koraidon\n|-boost|p1a: Koraidon|atk|2\n|\n|-weather|SunnyDay|[upkeep]\n|-heal|p2a: Groudon|100\/100|[from] item: Leftovers\n|upkeep\n|turn|13\n|\n|t:|1700345507\n|-terastallize|p1a: Koraidon|Fire\n|move|p1a: Koraidon|Scale Shot|p2a: Groudon\n|-damage|p2a: Groudon|83\/100\n|-damage|p2a: Groudon|64\/100\n|-damage|p2a: Groudon|48\/100\n|-damage|p2a: Groudon|31\/100\n|-hitcount|p2a: Groudon|4\n|-unboost|p1a: Koraidon|def|1\n|-boost|p1a: Koraidon|spe|1\n|move|p2a: Groudon|Thunder Wave|p1a: Koraidon\n|-status|p1a: Koraidon|par\n|\n|-weather|SunnyDay|[upkeep]\n|-heal|p2a: Groudon|37\/100|[from] item: Leftovers\n|upkeep\n|turn|14\n|inactive|Spler has 120 seconds left.\n|\n|t:|1700345523\n|move|p1a: Koraidon|Scale Shot|p2a: Groudon\n|-damage|p2a: Groudon|20\/100\n|-damage|p2a: Groudon|2\/100\n|-damage|p2a: Groudon|0 fnt\n|faint|p2a: Groudon\n|-hitcount|p2: Groudon|3\n|-unboost|p1a: Koraidon|def|1\n|-boost|p1a: Koraidon|spe|1\n|\n|-weather|SunnyDay|[upkeep]\n|upkeep\n|\n|t:|1700345528\n|switch|p2a: Miraidon|Miraidon|100\/100\n|-damage|p2a: Miraidon|88\/100|[from] Stealth Rock\n|-fieldstart|move: Electric Terrain|[from] ability: Hadron Engine|[of] p2a: Miraidon\n|turn|15\n|\n|t:|1700345539\n|move|p2a: Miraidon|Electro Drift|p1a: Koraidon\n|-damage|p1a: Koraidon|8\/100 par\n|move|p1a: Koraidon|Scale Shot|p2a: Miraidon\n|-supereffective|p2a: Miraidon\n|-damage|p2a: Miraidon|17\/100\n|-supereffective|p2a: Miraidon\n|-damage|p2a: Miraidon|0 fnt\n|faint|p2a: Miraidon\n|-hitcount|p2: Miraidon|2\n|-unboost|p1a: Koraidon|def|1\n|-boost|p1a: Koraidon|spe|1\n|\n|-weather|SunnyDay|[upkeep]\n|upkeep\n|\n|t:|1700345543\n|switch|p2a: Kyogre|Kyogre|88\/100\n|-damage|p2a: Kyogre|76\/100|[from] Stealth Rock\n|-weather|RainDance|[from] ability: Drizzle|[of] p2a: Kyogre\n|turn|16\n|\n|t:|1700345558\n|move|p1a: Koraidon|Collision Course|p2a: Kyogre\n|-damage|p2a: Kyogre|0 fnt\n|faint|p2a: Kyogre\n|\n|win|Spler\n|raw|Spler's rating: 1255 &rarr; <strong>1268<\/strong><br \/>(+13 for winning)\n|raw|drywall warrior's rating: 1070 &rarr; <strong>1059<\/strong><br \/>(-11 for losing)\n|l|\u2606drywall warrior\n","uploadtime":1700345567,"views":18,"p1id":"spler","p2id":"drywallwarrior","formatid":"gen9ubers","rating":1059,"private":0,"password":""}