{"id":"gen9ubers-1974680896","p1":"darkmoju","p2":"Yangsta","format":"[Gen 9] Ubers","log":"|j|\u2606darkmoju\n|j|\u2606Yangsta\n|t:|1698109885\n|gametype|singles\n|player|p1|darkmoju|ghetsis-gen5bw|\n|player|p2|Yangsta|waiter|\n|teamsize|p1|6\n|teamsize|p2|6\n|gen|9\n|tier|[Gen 9] Ubers\n|rule|Sleep Clause Mod: Limit one foe put to sleep\n|rule|Species Clause: Limit one of each Pok\u00e9mon\n|rule|OHKO Clause: OHKO moves are banned\n|rule|Evasion Items Clause: Evasion items are banned\n|rule|Evasion Moves Clause: Evasion moves are banned\n|rule|Endless Battle Clause: Forcing endless battles is banned\n|rule|HP Percentage Mod: HP is shown in percentages\n|clearpoke\n|poke|p1|Dialga-Origin|\n|poke|p1|Palkia-Origin|\n|poke|p1|Giratina-Origin|\n|poke|p1|Arceus|\n|poke|p1|Groudon|\n|poke|p1|Eternatus|\n|poke|p2|Arceus|\n|poke|p2|Zacian-*|\n|poke|p2|Regieleki|\n|poke|p2|Koraidon|\n|poke|p2|Volcarona, M|\n|poke|p2|Flutter Mane|\n|teampreview\n|c|\u2606Yangsta|gl hf\n|j| Hand0fD00m\n|c|\u2606darkmoju|gl hf\n|c|\u2606darkmoju|gg last game btw\n|c|\u2606Yangsta|hahaha hopefully not\n|\n|t:|1698109910\n|start\n|switch|p1a: Dialga|Dialga-Origin|100\/100\n|switch|p2a: Arceus|Arceus|100\/100\n|-ability|p1a: Dialga|Pressure\n|turn|1\n|c|\u2606darkmoju|no i meant gg for last game lol\n|\n|t:|1698109917\n|move|p2a: Arceus|Stealth Rock|p1a: Dialga\n|-sidestart|p1: darkmoju|move: Stealth Rock\n|move|p1a: Dialga|Flash Cannon|p2a: Arceus\n|-damage|p2a: Arceus|58\/100\n|\n|-heal|p2a: Arceus|64\/100|[from] item: Leftovers\n|upkeep\n|turn|2\n|\n|t:|1698109926\n|move|p2a: Arceus|Cosmic Power|p2a: Arceus\n|-boost|p2a: Arceus|def|1\n|-boost|p2a: Arceus|spd|1\n|move|p1a: Dialga|Flash Cannon|p2a: Arceus\n|-damage|p2a: Arceus|39\/100\n|\n|-heal|p2a: Arceus|46\/100|[from] item: Leftovers\n|upkeep\n|turn|3\n|\n|t:|1698109935\n|move|p2a: Arceus|Recover|p2a: Arceus\n|-heal|p2a: Arceus|96\/100\n|move|p1a: Dialga|Thunder Wave|p2a: Arceus\n|-status|p2a: Arceus|par\n|\n|-heal|p2a: Arceus|100\/100 par|[from] item: Leftovers\n|upkeep\n|turn|4\n|\n|t:|1698109944\n|move|p1a: Dialga|Draco Meteor|p2a: Arceus\n|-damage|p2a: Arceus|55\/100 par\n|-unboost|p1a: Dialga|spa|2\n|move|p2a: Arceus|Cosmic Power|p2a: Arceus\n|-boost|p2a: Arceus|def|1\n|-boost|p2a: Arceus|spd|1\n|\n|-heal|p2a: Arceus|61\/100 par|[from] item: Leftovers\n|upkeep\n|turn|5\n|c|\u2606darkmoju|woul i ever love a crit lol\n|\n|t:|1698109956\n|switch|p1a: Arceus|Arceus, shiny|100\/100\n|-damage|p1a: Arceus|88\/100|[from] Stealth Rock\n|move|p2a: Arceus|Cosmic Power|p2a: Arceus\n|-boost|p2a: Arceus|def|1\n|-boost|p2a: Arceus|spd|1\n|\n|-heal|p2a: Arceus|67\/100 par|[from] item: Leftovers\n|upkeep\n|turn|6\n|\n|t:|1698109966\n|move|p1a: Arceus|Swords Dance|p1a: Arceus\n|-boost|p1a: Arceus|atk|2\n|move|p2a: Arceus|Cosmic Power|p2a: Arceus\n|-boost|p2a: Arceus|def|1\n|-boost|p2a: Arceus|spd|1\n|\n|-heal|p2a: Arceus|73\/100 par|[from] item: Leftovers\n|upkeep\n|turn|7\n|\n|t:|1698109973\n|move|p1a: Arceus|Swords Dance|p1a: Arceus\n|-boost|p1a: Arceus|atk|2\n|move|p2a: Arceus|Stored Power|p1a: Arceus\n|-damage|p1a: Arceus|55\/100\n|\n|-heal|p2a: Arceus|79\/100 par|[from] item: Leftovers\n|upkeep\n|turn|8\n|\n|t:|1698109979\n|move|p1a: Arceus|Swords Dance|p1a: Arceus\n|-boost|p1a: Arceus|atk|2\n|move|p2a: Arceus|Stored Power|p1a: Arceus\n|-damage|p1a: Arceus|22\/100\n|\n|-heal|p2a: Arceus|85\/100 par|[from] item: Leftovers\n|upkeep\n|turn|9\n|\n|t:|1698109985\n|move|p1a: Arceus|Extreme Speed|p2a: Arceus\n|-damage|p2a: Arceus|40\/100 par\n|move|p2a: Arceus|Stored Power|p1a: Arceus\n|-damage|p1a: Arceus|0 fnt\n|faint|p1a: Arceus\n|\n|-heal|p2a: Arceus|46\/100 par|[from] item: Leftovers\n|upkeep\n|c|\u2606darkmoju|or a para lol\n|\n|t:|1698109998\n|switch|p1a: Groudon|Groudon|100\/100\n|-damage|p1a: Groudon|94\/100|[from] Stealth Rock\n|-weather|SunnyDay|[from] ability: Drought|[of] p1a: Groudon\n|turn|10\n|\n|t:|1698110003\n|move|p1a: Groudon|Precipice Blades|p2a: Arceus\n|-damage|p2a: Arceus|32\/100 par\n|move|p2a: Arceus|Recover|p2a: Arceus\n|-heal|p2a: Arceus|82\/100 par\n|\n|-weather|SunnyDay|[upkeep]\n|-heal|p1a: Groudon|100\/100|[from] item: Leftovers\n|-heal|p2a: Arceus|88\/100 par|[from] item: Leftovers\n|upkeep\n|turn|11\n|\n|t:|1698110011\n|move|p1a: Groudon|Precipice Blades|p2a: Arceus\n|-damage|p2a: Arceus|76\/100 par\n|cant|p2a: Arceus|par\n|\n|-weather|SunnyDay|[upkeep]\n|-heal|p2a: Arceus|82\/100 par|[from] item: Leftovers\n|upkeep\n|turn|12\n|c|\u2606darkmoju|this is gg\n|\n|t:|1698110018\n|move|p1a: Groudon|Heat Crash|p2a: Arceus\n|-crit|p2a: Arceus\n|-damage|p2a: Arceus|51\/100 par\n|cant|p2a: Arceus|par\n|\n|-weather|SunnyDay|[upkeep]\n|-heal|p2a: Arceus|57\/100 par|[from] item: Leftovers\n|upkeep\n|turn|13\n|c| Hand0fD00m|no dark teras?\n|\n|t:|1698110025\n|move|p1a: Groudon|Heat Crash|p2a: Arceus\n|-damage|p2a: Arceus|51\/100 par\n|move|p2a: Arceus|Cosmic Power|p2a: Arceus\n|-boost|p2a: Arceus|def|1\n|-boost|p2a: Arceus|spd|1\n|\n|-weather|SunnyDay|[upkeep]\n|-heal|p2a: Arceus|57\/100 par|[from] item: Leftovers\n|upkeep\n|turn|14\n|c|\u2606darkmoju|nope\n|\n|t:|1698110035\n|move|p1a: Groudon|Heat Crash|p2a: Arceus\n|-damage|p2a: Arceus|51\/100 par\n|move|p2a: Arceus|Cosmic Power|p2a: Arceus\n|-boost|p2a: Arceus|def|1\n|-boost|p2a: Arceus|spd|1\n|\n|-weather|none\n|-heal|p2a: Arceus|57\/100 par|[from] item: Leftovers\n|upkeep\n|turn|15\n|\n|t:|1698110043\n|move|p1a: Groudon|Precipice Blades|p2a: Arceus\n|-damage|p2a: Arceus|48\/100 par\n|move|p2a: Arceus|Recover|p2a: Arceus\n|-heal|p2a: Arceus|98\/100 par\n|\n|-heal|p2a: Arceus|100\/100 par|[from] item: Leftovers\n|upkeep\n|turn|16\n|\n|t:|1698110051\n|move|p1a: Groudon|Precipice Blades|p2a: Arceus|[miss]\n|-miss|p1a: Groudon|p2a: Arceus\n|move|p2a: Arceus|Stored Power|p1a: Groudon\n|-damage|p1a: Groudon|55\/100\n|\n|-heal|p1a: Groudon|62\/100|[from] item: Leftovers\n|upkeep\n|turn|17\n|j| Rival Andrew\n|\n|t:|1698110058\n|move|p1a: Groudon|Precipice Blades|p2a: Arceus\n|-damage|p2a: Arceus|90\/100 par\n|move|p2a: Arceus|Stored Power|p1a: Groudon\n|-damage|p1a: Groudon|12\/100\n|\n|-heal|p1a: Groudon|18\/100|[from] item: Leftovers\n|-heal|p2a: Arceus|96\/100 par|[from] item: Leftovers\n|upkeep\n|turn|18\n|\n|t:|1698110066\n|move|p1a: Groudon|Precipice Blades|p2a: Arceus\n|-damage|p2a: Arceus|86\/100 par\n|cant|p2a: Arceus|par\n|\n|-heal|p1a: Groudon|24\/100|[from] item: Leftovers\n|-heal|p2a: Arceus|92\/100 par|[from] item: Leftovers\n|upkeep\n|turn|19\n|\n|t:|1698110073\n|move|p1a: Groudon|Precipice Blades|p2a: Arceus\n|-damage|p2a: Arceus|82\/100 par\n|move|p2a: Arceus|Stored Power|p1a: Groudon\n|-damage|p1a: Groudon|0 fnt\n|faint|p1a: Groudon\n|\n|-heal|p2a: Arceus|88\/100 par|[from] item: Leftovers\n|upkeep\n|\n|t:|1698110075\n|switch|p1a: Dialga|Dialga-Origin|100\/100\n|-damage|p1a: Dialga|94\/100|[from] Stealth Rock\n|-ability|p1a: Dialga|Pressure\n|turn|20\n|\n|t:|1698110085\n|move|p1a: Dialga|Flash Cannon|p2a: Arceus\n|-damage|p2a: Arceus|78\/100 par\n|move|p2a: Arceus|Stored Power|p1a: Dialga\n|-resisted|p1a: Dialga\n|-damage|p1a: Dialga|63\/100\n|\n|-heal|p2a: Arceus|84\/100 par|[from] item: Leftovers\n|upkeep\n|turn|21\n|\n|t:|1698110095\n|move|p1a: Dialga|Flash Cannon|p2a: Arceus\n|-damage|p2a: Arceus|74\/100 par\n|move|p2a: Arceus|Stored Power|p1a: Dialga\n|-resisted|p1a: Dialga\n|-damage|p1a: Dialga|32\/100\n|\n|-heal|p2a: Arceus|80\/100 par|[from] item: Leftovers\n|upkeep\n|turn|22\n|c|\u2606Yangsta|one sec brb\n|c|\u2606Yangsta|dog shitted\n|c|\u2606darkmoju|i gotta dq. need 10 mins to warm up for tourney\n|c| Rival Andrew|Enze wins by dog shit default\n|c|\u2606Yangsta|back\n|c| Hand0fD00m|all good ggs\n|\n|t:|1698110307\n|move|p1a: Dialga|Flash Cannon|p2a: Arceus\n|-damage|p2a: Arceus|69\/100 par\n|cant|p2a: Arceus|par\n|\n|-heal|p2a: Arceus|75\/100 par|[from] item: Leftovers\n|upkeep\n|turn|23\n|\n|t:|1698110379\n|move|p1a: Dialga|Flash Cannon|p2a: Arceus\n|-damage|p2a: Arceus|64\/100 par\n|move|p2a: Arceus|Stored Power|p1a: Dialga\n|-resisted|p1a: Dialga\n|-damage|p1a: Dialga|1\/100\n|\n|-heal|p2a: Arceus|71\/100 par|[from] item: Leftovers\n|upkeep\n|turn|24\n|\n|t:|1698110391\n|move|p1a: Dialga|Flash Cannon|p2a: Arceus\n|-damage|p2a: Arceus|60\/100 par\n|cant|p2a: Arceus|par\n|\n|-heal|p2a: Arceus|66\/100 par|[from] item: Leftovers\n|upkeep\n|turn|25\n|\n|t:|1698110398\n|move|p1a: Dialga|Flash Cannon|p2a: Arceus\n|-crit|p2a: Arceus\n|-damage|p2a: Arceus|3\/100 par\n|move|p2a: Arceus|Stored Power|p1a: Dialga\n|-resisted|p1a: Dialga\n|-damage|p1a: Dialga|0 fnt\n|faint|p1a: Dialga\n|\n|-heal|p2a: Arceus|9\/100 par|[from] item: Leftovers\n|upkeep\n|\n|t:|1698110408\n|switch|p1a: Eternatus|Eternatus|100\/100\n|-damage|p1a: Eternatus|88\/100|[from] Stealth Rock\n|-ability|p1a: Eternatus|Pressure\n|turn|26\n|c|\u2606Yangsta|bruh that crit ruined me\n|\n|t:|1698110415\n|move|p1a: Eternatus|Dynamax Cannon|p2a: Arceus\n|-damage|p2a: Arceus|0 fnt\n|faint|p2a: Arceus\n|\n|upkeep\n|\n|t:|1698110423\n|switch|p2a: Regieleki|Regieleki|100\/100\n|turn|27\n|\n|t:|1698110443\n|move|p2a: Regieleki|Thunder Wave|p1a: Eternatus\n|-status|p1a: Eternatus|par\n|cant|p1a: Eternatus|par\n|\n|upkeep\n|turn|28\n|\n|t:|1698110451\n|move|p2a: Regieleki|Thunder Cage|p1a: Eternatus\n|-resisted|p1a: Eternatus\n|-damage|p1a: Eternatus|74\/100 par\n|-activate|p1a: Eternatus|move: Thunder Cage|[of] p2a: Regieleki\n|move|p1a: Eternatus|Dynamax Cannon|p2a: Regieleki\n|-enditem|p2a: Regieleki|Focus Sash\n|-damage|p2a: Regieleki|1\/100\n|\n|-damage|p1a: Eternatus|62\/100 par|[from] move: Thunder Cage|[partiallytrapped]\n|upkeep\n|turn|29\n|\n|t:|1698110461\n|move|p2a: Regieleki|Extreme Speed|p1a: Eternatus\n|-damage|p1a: Eternatus|47\/100 par\n|cant|p1a: Eternatus|par\n|\n|-damage|p1a: Eternatus|34\/100 par|[from] move: Thunder Cage|[partiallytrapped]\n|upkeep\n|turn|30\n|\n|t:|1698110484\n|move|p2a: Regieleki|Thunder Cage|p1a: Eternatus\n|-resisted|p1a: Eternatus\n|-damage|p1a: Eternatus|19\/100 par\n|move|p1a: Eternatus|Dynamax Cannon|p2a: Regieleki\n|-damage|p2a: Regieleki|0 fnt\n|faint|p2a: Regieleki\n|\n|-end|p1a: Eternatus|Thunder Cage|[partiallytrapped]|[silent]\n|upkeep\n|\n|t:|1698110491\n|switch|p2a: Koraidon|Koraidon|100\/100\n|-weather|SunnyDay|[from] ability: Orichalcum Pulse|[of] p2a: Koraidon\n|-activate|p2a: Koraidon|Orichalcum Pulse|[source]\n|turn|31\n|c|\u2606Yangsta|thats all she wrote I think\n|\n|t:|1698110510\n|move|p2a: Koraidon|Dragon Claw|p1a: Eternatus\n|-supereffective|p1a: Eternatus\n|-damage|p1a: Eternatus|0 fnt\n|faint|p1a: Eternatus\n|\n|-weather|SunnyDay|[upkeep]\n|upkeep\n|c|\u2606Yangsta|gg\n|\n|t:|1698110513\n|switch|p1a: Giratina|Giratina-Origin, shiny|100\/100\n|-damage|p1a: Giratina|88\/100|[from] Stealth Rock\n|turn|32\n|\n|t:|1698110518\n|-terastallize|p1a: Giratina|Ghost\n|move|p2a: Koraidon|Dragon Claw|p1a: Giratina\n|-damage|p1a: Giratina|46\/100\n|move|p1a: Giratina|Draco Meteor|p2a: Koraidon\n|-supereffective|p2a: Koraidon\n|-damage|p2a: Koraidon|5\/100\n|-unboost|p1a: Giratina|spa|2\n|\n|-weather|SunnyDay|[upkeep]\n|upkeep\n|turn|33\n|c|\u2606Yangsta|noice\n|\n|t:|1698110537\n|switch|p2a: Zacian|Zacian-Crowned|100\/100\n|-ability|p2a: Zacian|Intrepid Sword|boost\n|-boost|p2a: Zacian|atk|1\n|move|p1a: Giratina|Shadow Sneak|p2a: Zacian\n|-damage|p2a: Zacian|72\/100\n|\n|-weather|SunnyDay|[upkeep]\n|upkeep\n|turn|34\n|\n|t:|1698110549\n|move|p1a: Giratina|Shadow Sneak|p2a: Zacian\n|-damage|p2a: Zacian|47\/100\n|move|p2a: Zacian|Behemoth Blade|p1a: Giratina\n|-damage|p1a: Giratina|0 fnt\n|faint|p1a: Giratina\n|\n|-weather|SunnyDay|[upkeep]\n|upkeep\n|\n|t:|1698110552\n|switch|p1a: Palkia|Palkia-Origin|100\/100\n|-damage|p1a: Palkia|88\/100|[from] Stealth Rock\n|-ability|p1a: Palkia|Pressure\n|turn|35\n|\n|t:|1698110560\n|-terastallize|p2a: Zacian|Fairy\n|move|p2a: Zacian|Play Rough|p1a: Palkia\n|-supereffective|p1a: Palkia\n|-damage|p1a: Palkia|0 fnt\n|faint|p1a: Palkia\n|\n|win|Yangsta\n|c|\u2606darkmoju|gg\n|l|\u2606darkmoju\n|c|\u2606Yangsta|gg wp\n|c| Rival Andrew|gg homies\n|c| Hand0fD00m|gg guys!\n","uploadtime":1698110569,"views":12,"p1id":"darkmoju","p2id":"yangsta","formatid":"gen9ubers","rating":0,"private":0,"password":""}