{"id":"gen9ubers-1973253372","p1":"efwin2763","p2":"wamkou","format":"[Gen 9] Ubers","log":"|j|\u2606efwin2763\n|j|\u2606wamkou\n|t:|1697944760\n|gametype|singles\n|player|p1|efwin2763|ghetsis-gen5bw|\n|player|p2|wamkou|elesa-masters2|\n|teamsize|p1|6\n|teamsize|p2|6\n|gen|9\n|tier|[Gen 9] Ubers\n|rule|Sleep Clause Mod: Limit one foe put to sleep\n|rule|Species Clause: Limit one of each Pok\u00e9mon\n|rule|OHKO Clause: OHKO moves are banned\n|rule|Evasion Items Clause: Evasion items are banned\n|rule|Evasion Moves Clause: Evasion moves are banned\n|rule|Endless Battle Clause: Forcing endless battles is banned\n|rule|HP Percentage Mod: HP is shown in percentages\n|clearpoke\n|poke|p1|Tyranitar, M|\n|poke|p1|Landorus, M|\n|poke|p1|Ogerpon-Wellspring, F|\n|poke|p1|Zamazenta-*|\n|poke|p1|Ursaluna-Bloodmoon, M|\n|poke|p1|Houndstone, M|\n|poke|p2|Magearna|\n|poke|p2|Hatterene, F|\n|poke|p2|Ursaluna, M|\n|poke|p2|Dialga|\n|poke|p2|Arceus-Poison|\n|poke|p2|Giratina|\n|teampreview\n|inactive|Battle timer is ON: inactive players will automatically lose when time's up. (requested by efwin2763)\n|\n|t:|1697944784\n|start\n|switch|p1a: Landorus|Landorus, M|100\/100\n|switch|p2a: Magearna|Magearna|100\/100\n|turn|1\n|\n|t:|1697944794\n|switch|p2a: Giratina|Giratina|100\/100\n|-ability|p2a: Giratina|Pressure\n|move|p1a: Landorus|Nasty Plot|p1a: Landorus\n|-boost|p1a: Landorus|spa|2\n|\n|upkeep\n|turn|2\n|inactive|efwin2763 has 270 seconds left.\n|inactive|wamkou has 270 seconds left.\n|\n|t:|1697944833\n|-terastallize|p1a: Landorus|Fairy\n|move|p1a: Landorus|Tera Blast|p2a: Giratina|[anim] Tera Blast Fairy\n|-supereffective|p2a: Giratina\n|-damage|p2a: Giratina|12\/100\n|-damage|p1a: Landorus|91\/100|[from] item: Life Orb\n|move|p2a: Giratina|Shadow Ball|p1a: Landorus\n|-damage|p1a: Landorus|55\/100\n|\n|upkeep\n|turn|3\n|inactive|efwin2763 has 270 seconds left.\n|inactive|wamkou has 270 seconds left.\n|c|\u2606efwin2763|that didnt ohko?\n|\n|t:|1697944861\n|move|p1a: Landorus|Earth Power|p2a: Giratina\n|-damage|p2a: Giratina|0 fnt\n|faint|p2a: Giratina\n|\n|upkeep\n|c|\u2606efwin2763|are you max bulk?\n|\n|t:|1697944872\n|switch|p2a: Arceus|Arceus-Poison|100\/100\n|turn|4\n|c|\u2606wamkou|yeah\n|c|\u2606efwin2763|that explains it\n|\n|t:|1697944890\n|switch|p1a: Zamazenta|Zamazenta-Crowned|100\/100\n|-ability|p1a: Zamazenta|Dauntless Shield|boost\n|-boost|p1a: Zamazenta|def|1\n|-terastallize|p2a: Arceus|Normal\n|move|p2a: Arceus|Extreme Speed|p1a: Zamazenta\n|-resisted|p1a: Zamazenta\n|-damage|p1a: Zamazenta|91\/100\n|\n|upkeep\n|turn|5\n|inactive|wamkou has 240 seconds left.\n|\n|t:|1697944914\n|switch|p2a: Magearna|Magearna|100\/100\n|move|p1a: Zamazenta|Body Press|p2a: Magearna\n|-damage|p2a: Magearna|57\/100\n|\n|-heal|p2a: Magearna|63\/100|[from] item: Leftovers\n|upkeep\n|turn|6\n|\n|t:|1697944923\n|move|p1a: Zamazenta|Iron Defense|p1a: Zamazenta\n|-boost|p1a: Zamazenta|def|2\n|move|p2a: Magearna|Trick Room|p2a: Magearna\n|-fieldstart|move: Trick Room|[of] p2a: Magearna\n|\n|-heal|p2a: Magearna|69\/100|[from] item: Leftovers\n|upkeep\n|turn|7\n|\n|t:|1697944933\n|move|p2a: Magearna|Volt Switch|p1a: Zamazenta\n|-damage|p1a: Zamazenta|74\/100\n|\n|t:|1697944941\n|switch|p2a: Hatterene|Hatterene, F|100\/100|[from] Volt Switch\n|move|p1a: Zamazenta|Body Press|p2a: Hatterene\n|-resisted|p2a: Hatterene\n|-damage|p2a: Hatterene|73\/100\n|\n|upkeep\n|turn|8\n|inactive|wamkou has 240 seconds left.\n|\n|t:|1697944982\n|move|p2a: Hatterene|Mystical Fire|p1a: Zamazenta\n|-supereffective|p1a: Zamazenta\n|-damage|p1a: Zamazenta|10\/100\n|-unboost|p1a: Zamazenta|spa|1\n|move|p1a: Zamazenta|Roar|p2a: Hatterene\n|move|p2a: Hatterene|Roar|p1a: Zamazenta|[from]ability: Magic Bounce\n|drag|p1a: Ursaluna|Ursaluna-Bloodmoon, M|100\/100\n|\n|upkeep\n|turn|9\n|c|\u2606efwin2763|im an idiot\n|c|\u2606efwin2763|secomd game in a row i forget magic bounce\n|inactive|efwin2763 has 270 seconds left.\n|\n|t:|1697945013\n|switch|p2a: Ursaluna|Ursaluna, M|100\/100\n|move|p1a: Ursaluna|Calm Mind|p1a: Ursaluna\n|-boost|p1a: Ursaluna|spa|1\n|-boost|p1a: Ursaluna|spd|1\n|\n|-status|p2a: Ursaluna|brn|[from] item: Flame Orb\n|upkeep\n|turn|10\n|inactive|wamkou has 210 seconds left.\n|\n|t:|1697945042\n|move|p2a: Ursaluna|Close Combat|p1a: Ursaluna\n|-supereffective|p1a: Ursaluna\n|-damage|p1a: Ursaluna|12\/100\n|-unboost|p2a: Ursaluna|def|1\n|-unboost|p2a: Ursaluna|spd|1\n|move|p1a: Ursaluna|Focus Blast|p2a: Ursaluna\n|-supereffective|p2a: Ursaluna\n|-damage|p2a: Ursaluna|0 fnt\n|faint|p2a: Ursaluna\n|\n|-heal|p1a: Ursaluna|18\/100|[from] item: Leftovers\n|-fieldend|move: Trick Room\n|upkeep\n|\n|t:|1697945054\n|switch|p2a: Arceus|Arceus-Poison, tera:Normal|100\/100\n|turn|11\n|\n|t:|1697945061\n|move|p2a: Arceus|Swords Dance|p2a: Arceus\n|-boost|p2a: Arceus|atk|2\n|move|p1a: Ursaluna|Blood Moon|p2a: Arceus\n|-crit|p2a: Arceus\n|-damage|p2a: Arceus|0 fnt\n|faint|p2a: Arceus\n|\n|-heal|p1a: Ursaluna|24\/100|[from] item: Leftovers\n|upkeep\n|\n|t:|1697945068\n|switch|p2a: Dialga|Dialga|100\/100\n|-ability|p2a: Dialga|Pressure\n|turn|12\n|\n|t:|1697945075\n|move|p2a: Dialga|Earth Power|p1a: Ursaluna\n|-damage|p1a: Ursaluna|0 fnt\n|faint|p1a: Ursaluna\n|\n|upkeep\n|\n|t:|1697945086\n|switch|p1a: Landorus|Landorus, M, tera:Fairy|55\/100\n|turn|13\n|\n|t:|1697945093\n|move|p1a: Landorus|Focus Blast|p2a: Dialga\n|-supereffective|p2a: Dialga\n|-damage|p2a: Dialga|0 fnt\n|faint|p2a: Dialga\n|\n|upkeep\n|\n|t:|1697945096\n|switch|p2a: Hatterene|Hatterene, F|73\/100\n|turn|14\n|inactive|wamkou has 210 seconds left.\n|\n|t:|1697945118\n|move|p1a: Landorus|Nasty Plot|p1a: Landorus\n|-boost|p1a: Landorus|spa|2\n|move|p2a: Hatterene|Dazzling Gleam|p1a: Landorus\n|-damage|p1a: Landorus|0 fnt\n|faint|p1a: Landorus\n|\n|upkeep\n|\n|t:|1697945123\n|switch|p1a: Zamazenta|Zamazenta-Crowned|10\/100\n|turn|15\n|inactive|wamkou has 210 seconds left.\n|\n|t:|1697945140\n|move|p1a: Zamazenta|Body Press|p2a: Hatterene\n|-resisted|p2a: Hatterene\n|-damage|p2a: Hatterene|63\/100\n|move|p2a: Hatterene|Dazzling Gleam|p1a: Zamazenta\n|-damage|p1a: Zamazenta|0 fnt\n|faint|p1a: Zamazenta\n|\n|upkeep\n|\n|t:|1697945143\n|switch|p1a: Ogerpon|Ogerpon-Wellspring, F|100\/100\n|turn|16\n|\n|t:|1697945158\n|move|p1a: Ogerpon|Swords Dance|p1a: Ogerpon\n|-boost|p1a: Ogerpon|atk|2\n|move|p2a: Hatterene|Dazzling Gleam|p1a: Ogerpon\n|-damage|p1a: Ogerpon|16\/100\n|\n|upkeep\n|turn|17\n|\n|t:|1697945164\n|move|p1a: Ogerpon|Horn Leech|p2a: Hatterene\n|-damage|p2a: Hatterene|0 fnt\n|-heal|p1a: Ogerpon|49\/100|[from] drain|[of] p2a: Hatterene\n|faint|p2a: Hatterene\n|\n|upkeep\n|\n|t:|1697945168\n|switch|p2a: Magearna|Magearna|69\/100\n|turn|18\n|\n|t:|1697945173\n|move|p1a: Ogerpon|Ivy Cudgel|p2a: Magearna\n|-damage|p2a: Magearna|0 fnt\n|faint|p2a: Magearna\n|\n|win|efwin2763\n|c|\u2606efwin2763|gg\n|c|\u2606wamkou|gg\n|l|\u2606wamkou\n","uploadtime":1697945186,"views":22,"p1id":"efwin2763","p2id":"wamkou","formatid":"gen9ubers","rating":0,"private":0,"password":""}