{"id":"gen9ubers-1976891278","p1":"1P1o1s1h1e1","p2":"FrostyRandom02","format":"[Gen 9] Ubers","log":"|j|\u26061P1o1s1h1e1\n|j|\u2606FrostyRandom02\n|t:|1698349909\n|gametype|singles\n|player|p1|1P1o1s1h1e1|169|\n|player|p2|FrostyRandom02|raifort|\n|teamsize|p1|6\n|teamsize|p2|6\n|gen|9\n|tier|[Gen 9] Ubers\n|rule|Sleep Clause Mod: Limit one foe put to sleep\n|rule|Species Clause: Limit one of each Pok\u00e9mon\n|rule|OHKO Clause: OHKO moves are banned\n|rule|Evasion Items Clause: Evasion items are banned\n|rule|Evasion Moves Clause: Evasion moves are banned\n|rule|Endless Battle Clause: Forcing endless battles is banned\n|rule|HP Percentage Mod: HP is shown in percentages\n|clearpoke\n|poke|p1|Ogerpon-Wellspring, F|\n|poke|p1|Heatran, M|\n|poke|p1|Gliscor, M|\n|poke|p1|Arceus-Poison|\n|poke|p1|Zacian-*|\n|poke|p1|Cyclizar, M|\n|poke|p2|Okidogi, M|\n|poke|p2|Cyclizar, F|\n|poke|p2|Chi-Yu|\n|poke|p2|Espathra, M|\n|poke|p2|Rillaboom, M|\n|poke|p2|Zacian-*|\n|teampreview\n|\n|t:|1698349935\n|start\n|switch|p1a: Arceus|Arceus-Poison|100\/100\n|switch|p2a: Cyclizar|Cyclizar, F|100\/100\n|turn|1\n|c|\u2606FrostyRandom02|glhf\n|c|\u26061P1o1s1h1e1|u2\n|\n|t:|1698349947\n|move|p2a: Cyclizar|Shed Tail|p2a: Cyclizar\n|-start|p2a: Cyclizar|Substitute|[from] move: Shed Tail\n|-damage|p2a: Cyclizar|50\/100\n|\n|t:|1698349954\n|switch|p2a: Okidogi|Okidogi, M|100\/100|[from] Shed Tail\n|move|p1a: Arceus|Taunt|p2a: Okidogi\n|-start|p2a: Okidogi|move: Taunt\n|\n|upkeep\n|turn|2\n|\n|t:|1698349962\n|move|p1a: Arceus|Gunk Shot|p2a: Okidogi|[miss]\n|-miss|p1a: Arceus|p2a: Okidogi\n|move|p2a: Okidogi|Knock Off|p1a: Arceus\n|-damage|p1a: Arceus|91\/100\n|\n|upkeep\n|turn|3\n|\n|t:|1698349965\n|move|p1a: Arceus|Gunk Shot|p2a: Okidogi\n|-resisted|p2a: Okidogi\n|-activate|p2a: Okidogi|move: Substitute|[damage]\n|move|p2a: Okidogi|Knock Off|p1a: Arceus\n|-damage|p1a: Arceus|80\/100\n|\n|-end|p2a: Okidogi|move: Taunt\n|upkeep\n|turn|4\n|\n|t:|1698349970\n|move|p1a: Arceus|Taunt|p2a: Okidogi\n|-start|p2a: Okidogi|move: Taunt\n|cant|p2a: Okidogi|move: Taunt|Bulk Up\n|\n|upkeep\n|turn|5\n|\n|t:|1698349973\n|move|p1a: Arceus|Gunk Shot|p2a: Okidogi\n|-resisted|p2a: Okidogi\n|-end|p2a: Okidogi|Substitute\n|move|p2a: Okidogi|Knock Off|p1a: Arceus\n|-damage|p1a: Arceus|70\/100\n|\n|upkeep\n|turn|6\n|\n|t:|1698349978\n|move|p1a: Arceus|Will-O-Wisp|p2a: Okidogi\n|-status|p2a: Okidogi|brn\n|move|p2a: Okidogi|Knock Off|p1a: Arceus\n|-damage|p1a: Arceus|65\/100\n|\n|-damage|p2a: Okidogi|94\/100 brn|[from] brn\n|-end|p2a: Okidogi|move: Taunt\n|upkeep\n|turn|7\n|\n|t:|1698349996\n|switch|p2a: Chi-Yu|Chi-Yu|100\/100\n|-ability|p2a: Chi-Yu|Beads of Ruin\n|move|p1a: Arceus|Gunk Shot|p2a: Chi-Yu\n|-damage|p2a: Chi-Yu|8\/100\n|-status|p2a: Chi-Yu|psn\n|\n|-damage|p2a: Chi-Yu|0 fnt|[from] psn\n|faint|p2a: Chi-Yu\n|upkeep\n|\n|t:|1698350004\n|switch|p2a: Espathra|Espathra, M|100\/100\n|turn|8\n|\n|t:|1698350009\n|move|p2a: Espathra|Protect|p2a: Espathra\n|-singleturn|p2a: Espathra|Protect\n|move|p1a: Arceus|Taunt|p2a: Espathra\n|-activate|p2a: Espathra|move: Protect\n|\n|-ability|p2a: Espathra|Speed Boost|boost\n|-boost|p2a: Espathra|spe|1\n|upkeep\n|turn|9\n|\n|t:|1698350013\n|move|p2a: Espathra|Calm Mind|p2a: Espathra\n|-boost|p2a: Espathra|spa|1\n|-boost|p2a: Espathra|spd|1\n|move|p1a: Arceus|Taunt|p2a: Espathra\n|-start|p2a: Espathra|move: Taunt\n|\n|-ability|p2a: Espathra|Speed Boost|boost\n|-boost|p2a: Espathra|spe|1\n|upkeep\n|turn|10\n|\n|t:|1698350023\n|switch|p1a: Heatran|Heatran, M|100\/100\n|move|p2a: Espathra|Stored Power|p1a: Heatran\n|-resisted|p1a: Heatran\n|-damage|p1a: Heatran|85\/100\n|\n|-heal|p1a: Heatran|92\/100|[from] item: Leftovers\n|-ability|p2a: Espathra|Speed Boost|boost\n|-boost|p2a: Espathra|spe|1\n|upkeep\n|turn|11\n|\n|t:|1698350030\n|move|p2a: Espathra|Stored Power|p1a: Heatran\n|-resisted|p1a: Heatran\n|-damage|p1a: Heatran|72\/100\n|move|p1a: Heatran|Magma Storm|p2a: Espathra\n|-damage|p2a: Espathra|62\/100\n|-activate|p2a: Espathra|move: Magma Storm|[of] p1a: Heatran\n|\n|-heal|p1a: Heatran|78\/100|[from] item: Leftovers\n|-damage|p2a: Espathra|50\/100|[from] move: Magma Storm|[partiallytrapped]\n|-ability|p2a: Espathra|Speed Boost|boost\n|-boost|p2a: Espathra|spe|1\n|upkeep\n|turn|12\n|\n|t:|1698350041\n|move|p1a: Heatran|Protect|p1a: Heatran\n|-singleturn|p1a: Heatran|Protect\n|move|p2a: Espathra|Stored Power|p1a: Heatran\n|-activate|p1a: Heatran|move: Protect\n|\n|-heal|p1a: Heatran|84\/100|[from] item: Leftovers\n|-damage|p2a: Espathra|37\/100|[from] move: Magma Storm|[partiallytrapped]\n|-end|p2a: Espathra|move: Taunt\n|-ability|p2a: Espathra|Speed Boost|boost\n|-boost|p2a: Espathra|spe|1\n|upkeep\n|turn|13\n|\n|t:|1698350047\n|move|p2a: Espathra|Calm Mind|p2a: Espathra\n|-boost|p2a: Espathra|spa|1\n|-boost|p2a: Espathra|spd|1\n|move|p1a: Heatran|Magma Storm|p2a: Espathra|[miss]\n|-miss|p1a: Heatran|p2a: Espathra\n|\n|-heal|p1a: Heatran|90\/100|[from] item: Leftovers\n|-damage|p2a: Espathra|25\/100|[from] move: Magma Storm|[partiallytrapped]\n|-ability|p2a: Espathra|Speed Boost|boost\n|-boost|p2a: Espathra|spe|1\n|upkeep\n|turn|14\n|\n|t:|1698350054\n|move|p2a: Espathra|Stored Power|p1a: Heatran\n|-resisted|p1a: Heatran\n|-damage|p1a: Heatran|45\/100\n|move|p1a: Heatran|Magma Storm|p2a: Espathra\n|-damage|p2a: Espathra|0 fnt\n|faint|p2a: Espathra\n|\n|-heal|p1a: Heatran|51\/100|[from] item: Leftovers\n|upkeep\n|\n|t:|1698350063\n|switch|p2a: Rillaboom|Rillaboom, M|100\/100\n|-fieldstart|move: Grassy Terrain|[from] ability: Grassy Surge|[of] p2a: Rillaboom\n|turn|15\n|\n|t:|1698350068\n|move|p2a: Rillaboom|Drain Punch|p1a: Heatran\n|-supereffective|p1a: Heatran\n|-damage|p1a: Heatran|0 fnt\n|faint|p1a: Heatran\n|\n|upkeep\n|\n|t:|1698350080\n|switch|p1a: Gliscor|Gliscor, M|100\/100\n|turn|16\n|\n|t:|1698350086\n|switch|p2a: Okidogi|Okidogi, M|94\/100 brn\n|move|p1a: Gliscor|Toxic Spikes|p2a: Okidogi\n|-sidestart|p2: FrostyRandom02|move: Toxic Spikes\n|\n|-heal|p2a: Okidogi|100\/100 brn|[from] Grassy Terrain\n|-damage|p2a: Okidogi|94\/100 brn|[from] brn\n|-status|p1a: Gliscor|tox|[from] item: Toxic Orb\n|upkeep\n|turn|17\n|\n|t:|1698350102\n|switch|p1a: Ogerpon|Ogerpon-Wellspring, F|100\/100\n|move|p2a: Okidogi|Bulk Up|p2a: Okidogi\n|-boost|p2a: Okidogi|atk|1\n|-boost|p2a: Okidogi|def|1\n|\n|-heal|p2a: Okidogi|100\/100 brn|[from] Grassy Terrain\n|-damage|p2a: Okidogi|94\/100 brn|[from] brn\n|upkeep\n|turn|18\n|\n|t:|1698350110\n|move|p1a: Ogerpon|Encore|p2a: Okidogi\n|-start|p2a: Okidogi|Encore\n|move|p2a: Okidogi|Bulk Up|p2a: Okidogi\n|-boost|p2a: Okidogi|atk|1\n|-boost|p2a: Okidogi|def|1\n|\n|-heal|p2a: Okidogi|100\/100 brn|[from] Grassy Terrain\n|-damage|p2a: Okidogi|94\/100 brn|[from] brn\n|upkeep\n|turn|19\n|\n|t:|1698350113\n|move|p1a: Ogerpon|Swords Dance|p1a: Ogerpon\n|-boost|p1a: Ogerpon|atk|2\n|move|p2a: Okidogi|Bulk Up|p2a: Okidogi\n|-boost|p2a: Okidogi|atk|1\n|-boost|p2a: Okidogi|def|1\n|\n|-heal|p2a: Okidogi|100\/100 brn|[from] Grassy Terrain\n|-damage|p2a: Okidogi|94\/100 brn|[from] brn\n|-fieldend|move: Grassy Terrain\n|upkeep\n|turn|20\n|\n|t:|1698350133\n|move|p1a: Ogerpon|Swords Dance|p1a: Ogerpon\n|-boost|p1a: Ogerpon|atk|2\n|move|p2a: Okidogi|Bulk Up|p2a: Okidogi\n|-boost|p2a: Okidogi|atk|1\n|-boost|p2a: Okidogi|def|1\n|\n|-heal|p2a: Okidogi|100\/100 brn|[from] item: Leftovers\n|-damage|p2a: Okidogi|94\/100 brn|[from] brn\n|-end|p2a: Okidogi|Encore\n|upkeep\n|turn|21\n|\n|t:|1698350138\n|move|p1a: Ogerpon|Encore|p2a: Okidogi\n|-start|p2a: Okidogi|Encore\n|move|p2a: Okidogi|Bulk Up|p2a: Okidogi\n|-boost|p2a: Okidogi|atk|1\n|-boost|p2a: Okidogi|def|1\n|\n|-heal|p2a: Okidogi|100\/100 brn|[from] item: Leftovers\n|-damage|p2a: Okidogi|94\/100 brn|[from] brn\n|upkeep\n|turn|22\n|\n|t:|1698350144\n|move|p1a: Ogerpon|Ivy Cudgel|p2a: Okidogi\n|-damage|p2a: Okidogi|54\/100 brn\n|move|p2a: Okidogi|Bulk Up|p2a: Okidogi\n|-boost|p2a: Okidogi|atk|1\n|-boost|p2a: Okidogi|def|1\n|\n|-heal|p2a: Okidogi|60\/100 brn|[from] item: Leftovers\n|-damage|p2a: Okidogi|54\/100 brn|[from] brn\n|upkeep\n|turn|23\n|\n|t:|1698350161\n|switch|p2a: Cyclizar|Cyclizar, F|84\/100\n|move|p1a: Ogerpon|Ivy Cudgel|p2a: Cyclizar\n|-resisted|p2a: Cyclizar\n|-crit|p2a: Cyclizar\n|-damage|p2a: Cyclizar|0 fnt\n|faint|p2a: Cyclizar\n|\n|upkeep\n|\n|t:|1698350166\n|switch|p2a: Zacian|Zacian|100\/100\n|-ability|p2a: Zacian|Intrepid Sword|boost\n|-boost|p2a: Zacian|atk|1\n|turn|24\n|\n|t:|1698350174\n|move|p2a: Zacian|Play Rough|p1a: Ogerpon\n|-damage|p1a: Ogerpon|15\/100\n|move|p1a: Ogerpon|Ivy Cudgel|p2a: Zacian\n|-damage|p2a: Zacian|0 fnt\n|faint|p2a: Zacian\n|\n|upkeep\n|\n|t:|1698350178\n|switch|p2a: Rillaboom|Rillaboom, M|100\/100\n|-status|p2a: Rillaboom|psn\n|-fieldstart|move: Grassy Terrain|[from] ability: Grassy Surge|[of] p2a: Rillaboom\n|turn|25\n|\n|t:|1698350183\n|move|p2a: Rillaboom|Grassy Glide|p1a: Ogerpon\n|-damage|p1a: Ogerpon|0 fnt\n|faint|p1a: Ogerpon\n|\n|-damage|p2a: Rillaboom|88\/100 psn|[from] psn\n|upkeep\n|\n|t:|1698350192\n|switch|p1a: Zacian|Zacian|100\/100\n|-ability|p1a: Zacian|Intrepid Sword|boost\n|-boost|p1a: Zacian|atk|1\n|turn|26\n|\n|t:|1698350196\n|move|p2a: Rillaboom|Grassy Glide|p1a: Zacian\n|-damage|p1a: Zacian|46\/100\n|move|p1a: Zacian|Play Rough|p2a: Rillaboom\n|-damage|p2a: Rillaboom|28\/100 psn\n|\n|-heal|p1a: Zacian|53\/100|[from] Grassy Terrain\n|-heal|p2a: Rillaboom|35\/100 psn|[from] Grassy Terrain\n|-damage|p2a: Rillaboom|22\/100 psn|[from] psn\n|upkeep\n|turn|27\n|\n|t:|1698350203\n|move|p2a: Rillaboom|Grassy Glide|p1a: Zacian\n|-damage|p1a: Zacian|2\/100\n|move|p1a: Zacian|Body Slam|p2a: Rillaboom\n|-damage|p2a: Rillaboom|0 fnt\n|faint|p2a: Rillaboom\n|\n|-heal|p1a: Zacian|8\/100|[from] Grassy Terrain\n|upkeep\n|\n|t:|1698350207\n|switch|p2a: Okidogi|Okidogi, M|54\/100 brn\n|-sideend|p2: FrostyRandom02|move: Toxic Spikes|[of] p2a: Okidogi\n|turn|28\n|\n|t:|1698350214\n|switch|p1a: Arceus|Arceus-Poison|65\/100\n|move|p2a: Okidogi|Poison Jab|p1a: Arceus\n|-resisted|p1a: Arceus\n|-damage|p1a: Arceus|60\/100\n|\n|-heal|p1a: Arceus|66\/100|[from] Grassy Terrain\n|-heal|p2a: Okidogi|60\/100 brn|[from] Grassy Terrain\n|-heal|p2a: Okidogi|66\/100 brn|[from] item: Leftovers\n|-damage|p2a: Okidogi|60\/100 brn|[from] brn\n|upkeep\n|turn|29\n|\n|t:|1698350218\n|move|p1a: Arceus|Taunt|p2a: Okidogi\n|-start|p2a: Okidogi|move: Taunt\n|cant|p2a: Okidogi|move: Taunt|Bulk Up\n|\n|-heal|p1a: Arceus|72\/100|[from] Grassy Terrain\n|-heal|p2a: Okidogi|66\/100 brn|[from] Grassy Terrain\n|-heal|p2a: Okidogi|72\/100 brn|[from] item: Leftovers\n|-damage|p2a: Okidogi|66\/100 brn|[from] brn\n|-fieldend|move: Grassy Terrain\n|upkeep\n|turn|30\n|\n|t:|1698350221\n|move|p1a: Arceus|Recover|p1a: Arceus\n|-heal|p1a: Arceus|100\/100\n|move|p2a: Okidogi|Knock Off|p1a: Arceus\n|-damage|p1a: Arceus|95\/100\n|\n|-heal|p2a: Okidogi|72\/100 brn|[from] item: Leftovers\n|-damage|p2a: Okidogi|66\/100 brn|[from] brn\n|upkeep\n|turn|31\n|\n|t:|1698350224\n|move|p1a: Arceus|Gunk Shot|p2a: Okidogi\n|-resisted|p2a: Okidogi\n|-damage|p2a: Okidogi|42\/100 brn\n|move|p2a: Okidogi|Knock Off|p1a: Arceus\n|-damage|p1a: Arceus|90\/100\n|\n|-heal|p2a: Okidogi|48\/100 brn|[from] item: Leftovers\n|-damage|p2a: Okidogi|42\/100 brn|[from] brn\n|-end|p2a: Okidogi|move: Taunt\n|upkeep\n|turn|32\n|\n|t:|1698350228\n|move|p1a: Arceus|Taunt|p2a: Okidogi\n|-start|p2a: Okidogi|move: Taunt\n|move|p2a: Okidogi|Knock Off|p1a: Arceus\n|-damage|p1a: Arceus|85\/100\n|\n|-heal|p2a: Okidogi|48\/100 brn|[from] item: Leftovers\n|-damage|p2a: Okidogi|42\/100 brn|[from] brn\n|upkeep\n|turn|33\n|c|\u26061P1o1s1h1e1|gg\n|-message|FrostyRandom02 forfeited.\n|\n|win|1P1o1s1h1e1\n|l|\u2606FrostyRandom02\n","uploadtime":1698350245,"views":12,"p1id":"1p1o1s1h1e1","p2id":"frostyrandom02","formatid":"gen9ubers","rating":0,"private":0,"password":""}