{"id":"gen9ubers-1985595360","p1":"WARIOROFLIBERATION","p2":"I\u2665GENERATION7ALOT","format":"[Gen 9] Ubers","log":"|j|\u2606WARIOROFLIBERATION\n|j|\u2606I\u2665GENERATION7ALOT\n|t:|1699387548\n|gametype|singles\n|player|p1|WARIOROFLIBERATION|red-gen2|1505\n|player|p2|I\u2665GENERATION7ALOT|lucas|1409\n|teamsize|p1|6\n|teamsize|p2|6\n|gen|9\n|tier|[Gen 9] Ubers\n|rated|\n|rule|Sleep Clause Mod: Limit one foe put to sleep\n|rule|Species Clause: Limit one of each Pok\u00e9mon\n|rule|OHKO Clause: OHKO moves are banned\n|rule|Evasion Items Clause: Evasion items are banned\n|rule|Evasion Moves Clause: Evasion moves are banned\n|rule|Endless Battle Clause: Forcing endless battles is banned\n|rule|HP Percentage Mod: HP is shown in percentages\n|clearpoke\n|poke|p1|Ursaluna, M|\n|poke|p1|Calyrex-Ice|\n|poke|p1|Magearna|\n|poke|p1|Basculegion, M|\n|poke|p1|Hatterene, F|\n|poke|p1|Dialga-Origin|\n|poke|p2|Koraidon|\n|poke|p2|Miraidon|\n|poke|p2|Zacian-*|\n|poke|p2|Ribombee, F|\n|poke|p2|Flutter Mane|\n|poke|p2|Arceus-Steel|\n|teampreview\n|inactive|Battle timer is ON: inactive players will automatically lose when time's up. (requested by I\u2665GENERATION7ALOT)\n|inactive|WARIOROFLIBERATION has 120 seconds left.\n|inactive|WARIOROFLIBERATION has 90 seconds left.\n|\n|t:|1699387619\n|start\n|switch|p1a: PERONA|Hatterene, F|100\/100\n|switch|p2a: Zacian|Zacian-Crowned|100\/100\n|-ability|p2a: Zacian|Intrepid Sword|boost\n|-boost|p2a: Zacian|atk|1\n|turn|1\n|\n|t:|1699387626\n|move|p2a: Zacian|Substitute|p2a: Zacian\n|-start|p2a: Zacian|Substitute\n|-damage|p2a: Zacian|76\/100\n|move|p1a: PERONA|Trick Room|p1a: PERONA\n|-fieldstart|move: Trick Room|[of] p1a: PERONA\n|\n|upkeep\n|turn|2\n|\n|t:|1699387629\n|move|p1a: PERONA|Mystical Fire|p2a: Zacian\n|-supereffective|p2a: Zacian\n|-end|p2a: Zacian|Substitute\n|move|p2a: Zacian|Swords Dance|p2a: Zacian\n|-boost|p2a: Zacian|atk|2\n|\n|upkeep\n|turn|3\n|\n|t:|1699387634\n|move|p1a: PERONA|Mystical Fire|p2a: Zacian\n|-supereffective|p2a: Zacian\n|-damage|p2a: Zacian|31\/100\n|-unboost|p2a: Zacian|spa|1\n|move|p2a: Zacian|Substitute|p2a: Zacian\n|-start|p2a: Zacian|Substitute\n|-damage|p2a: Zacian|6\/100\n|\n|upkeep\n|turn|4\n|\n|t:|1699387648\n|move|p1a: PERONA|Mystical Fire|p2a: Zacian\n|-supereffective|p2a: Zacian\n|-end|p2a: Zacian|Substitute\n|move|p2a: Zacian|Behemoth Blade|p1a: PERONA\n|-supereffective|p1a: PERONA\n|-enditem|p1a: PERONA|Focus Sash\n|-damage|p1a: PERONA|1\/100\n|\n|upkeep\n|turn|5\n|\n|t:|1699387656\n|move|p1a: PERONA|Healing Wish|p1a: PERONA\n|faint|p1a: PERONA\n|move|p2a: Zacian|Behemoth Blade|p1: PERONA|[notarget]\n|-fail|p2a: Zacian\n|\n|-fieldend|move: Trick Room\n|upkeep\n|\n|t:|1699387672\n|switch|p1a: BROOK|Basculegion, M, shiny|100\/100\n|turn|6\n|\n|t:|1699387679\n|move|p1a: BROOK|Aqua Jet|p2a: Zacian\n|-damage|p2a: Zacian|0 fnt\n|faint|p2a: Zacian\n|\n|upkeep\n|\n|t:|1699387683\n|switch|p2a: Koraidon|Koraidon|100\/100\n|-weather|SunnyDay|[from] ability: Orichalcum Pulse|[of] p2a: Koraidon\n|-activate|p2a: Koraidon|Orichalcum Pulse|[source]\n|turn|7\n|\n|t:|1699387703\n|switch|p1a: REIJU|Magearna|100\/100\n|-terastallize|p2a: Koraidon|Fire\n|move|p2a: Koraidon|Flare Blitz|p1a: REIJU\n|-supereffective|p1a: REIJU\n|-crit|p1a: REIJU\n|-damage|p1a: REIJU|0 fnt\n|faint|p1a: REIJU\n|-damage|p2a: Koraidon|65\/100|[from] Recoil\n|\n|-weather|SunnyDay|[upkeep]\n|upkeep\n|inactive|WARIOROFLIBERATION has 120 seconds left.\n|\n|t:|1699387752\n|switch|p1a: AOKIJI|Calyrex-Ice|100\/100\n|-ability|p1a: AOKIJI|As One\n|-ability|p1a: AOKIJI|Unnerve\n|turn|8\n|\n|t:|1699387778\n|-terastallize|p1a: AOKIJI|Fire\n|move|p2a: Koraidon|Flare Blitz|p1a: AOKIJI\n|-resisted|p1a: AOKIJI\n|-damage|p1a: AOKIJI|47\/100\n|-damage|p2a: Koraidon|44\/100|[from] Recoil\n|move|p1a: AOKIJI|Trick Room|p1a: AOKIJI\n|-fieldstart|move: Trick Room|[of] p1a: AOKIJI\n|\n|-weather|SunnyDay|[upkeep]\n|upkeep\n|turn|9\n|inactive|WARIOROFLIBERATION has 90 seconds left.\n|\n|t:|1699387812\n|switch|p2a: Ribombee|Ribombee, F|100\/100\n|move|p1a: AOKIJI|Stomping Tantrum|p2a: Ribombee\n|-resisted|p2a: Ribombee\n|-damage|p2a: Ribombee|55\/100\n|-damage|p1a: AOKIJI|37\/100|[from] item: Life Orb\n|\n|-weather|SunnyDay|[upkeep]\n|upkeep\n|turn|10\n|\n|t:|1699387823\n|move|p1a: AOKIJI|Glacial Lance|p2a: Ribombee\n|-damage|p2a: Ribombee|0 fnt\n|faint|p2a: Ribombee\n|-ability|p1a: AOKIJI|Chilling Neigh|boost\n|-boost|p1a: AOKIJI|atk|1\n|-damage|p1a: AOKIJI|27\/100|[from] item: Life Orb\n|\n|-weather|SunnyDay|[upkeep]\n|upkeep\n|j| Sphenisciforme\n|inactive|I\u2665GENERATION7ALOT has 120 seconds left.\n|\n|t:|1699387837\n|switch|p2a: Arceus|Arceus-Steel|100\/100\n|turn|11\n|\n|t:|1699387850\n|move|p1a: AOKIJI|Close Combat|p2a: Arceus\n|-supereffective|p2a: Arceus\n|-damage|p2a: Arceus|0 fnt\n|-unboost|p1a: AOKIJI|def|1\n|-unboost|p1a: AOKIJI|spd|1\n|faint|p2a: Arceus\n|-ability|p1a: AOKIJI|Chilling Neigh|boost\n|-boost|p1a: AOKIJI|atk|1\n|-damage|p1a: AOKIJI|17\/100|[from] item: Life Orb\n|\n|-weather|none\n|upkeep\n|\n|t:|1699387860\n|switch|p2a: Flutter Mane|Flutter Mane|100\/100\n|turn|12\n|\n|t:|1699387879\n|move|p2a: Flutter Mane|Moonblast|p1a: AOKIJI\n|-resisted|p1a: AOKIJI\n|-damage|p1a: AOKIJI|0 fnt\n|faint|p1a: AOKIJI\n|-damage|p2a: Flutter Mane|91\/100|[from] item: Life Orb\n|\n|-fieldend|move: Trick Room\n|upkeep\n|\n|t:|1699387882\n|switch|p1a: KAIDO|Dialga-Origin, shiny|100\/100\n|-ability|p1a: KAIDO|Pressure\n|turn|13\n|\n|t:|1699387886\n|move|p2a: Flutter Mane|Taunt|p1a: KAIDO\n|-start|p1a: KAIDO|move: Taunt\n|cant|p1a: KAIDO|move: Taunt|Trick Room\n|\n|upkeep\n|turn|14\n|inactive|WARIOROFLIBERATION has 120 seconds left.\n|\n|t:|1699387915\n|move|p2a: Flutter Mane|Moonblast|p1a: KAIDO\n|-damage|p1a: KAIDO|57\/100\n|-unboost|p1a: KAIDO|spa|1\n|-damage|p2a: Flutter Mane|81\/100|[from] item: Life Orb\n|move|p1a: KAIDO|Steel Beam|p2a: Flutter Mane\n|-supereffective|p2a: Flutter Mane\n|-damage|p2a: Flutter Mane|0 fnt\n|-damage|p1a: KAIDO|7\/100|[from] steelbeam\n|faint|p2a: Flutter Mane\n|-end|p2a: Flutter Mane|Protosynthesis|[silent]\n|\n|upkeep\n|\n|t:|1699387929\n|switch|p2a: Koraidon|Koraidon, tera:Fire|44\/100\n|-weather|SunnyDay|[from] ability: Orichalcum Pulse|[of] p2a: Koraidon\n|-activate|p2a: Koraidon|Orichalcum Pulse|[source]\n|turn|15\n|\n|t:|1699387934\n|move|p2a: Koraidon|U-turn|p1a: KAIDO\n|-resisted|p1a: KAIDO\n|-damage|p1a: KAIDO|0 fnt\n|faint|p1a: KAIDO\n|\n|t:|1699387938\n|switch|p2a: Miraidon|Miraidon|100\/100|[from] U-turn\n|-fieldstart|move: Electric Terrain|[from] ability: Hadron Engine|[of] p2a: Miraidon\n|\n|-weather|SunnyDay|[upkeep]\n|upkeep\n|\n|t:|1699387944\n|switch|p1a: KUMA|Ursaluna, M, shiny|100\/100\n|turn|16\n|\n|t:|1699387950\n|move|p2a: Miraidon|Tera Blast|p1a: KUMA\n|-damage|p1a: KUMA|57\/100\n|-damage|p2a: Miraidon|91\/100|[from] item: Life Orb\n|move|p1a: KUMA|Headlong Rush|p2a: Miraidon\n|-supereffective|p2a: Miraidon\n|-damage|p2a: Miraidon|0 fnt\n|-unboost|p1a: KUMA|def|1\n|-unboost|p1a: KUMA|spd|1\n|faint|p2a: Miraidon\n|\n|-weather|SunnyDay|[upkeep]\n|-status|p1a: KUMA|brn|[from] item: Flame Orb\n|upkeep\n|\n|t:|1699387953\n|switch|p2a: Koraidon|Koraidon, tera:Fire|44\/100\n|-activate|p2a: Koraidon|ability: Orichalcum Pulse\n|turn|17\n|\n|t:|1699387966\n|move|p2a: Koraidon|Dragon Claw|p1a: KUMA\n|-damage|p1a: KUMA|0 fnt\n|faint|p1a: KUMA\n|\n|-weather|SunnyDay|[upkeep]\n|upkeep\n|\n|t:|1699387968\n|switch|p1a: BROOK|Basculegion, M, shiny|100\/100\n|turn|18\n|\n|t:|1699387970\n|move|p2a: Koraidon|Dragon Claw|p1a: BROOK\n|-damage|p1a: BROOK|1\/100\n|move|p1a: BROOK|Last Respects|p2a: Koraidon\n|-damage|p2a: Koraidon|0 fnt\n|faint|p2a: Koraidon\n|\n|win|WARIOROFLIBERATION\n|raw|WARIOROFLIBERATION's rating: 1505 &rarr; <strong>1520<\/strong><br \/>(+15 for winning)\n|raw|I\u2665GENERATION7ALOT's rating: 1409 &rarr; <strong>1394<\/strong><br \/>(-15 for losing)\n","uploadtime":1699387979,"views":13,"p1id":"wariorofliberation","p2id":"igeneration7alot","formatid":"gen9ubers","rating":1394,"private":0,"password":""}