{"id":"gen9ubers-1991537508","p1":"Enixivy","p2":"Anne Frankkkk","format":"[Gen 9] Ubers","log":"|j|\u2606Enixivy\n|j|\u2606Anne Frankkkk\n|t:|1700086144\n|gametype|singles\n|player|p1|Enixivy|cynthia-gen4|1000\n|player|p2|Anne Frankkkk|hilbert|1180\n|teamsize|p1|6\n|teamsize|p2|6\n|gen|9\n|tier|[Gen 9] Ubers\n|rated|\n|rule|Sleep Clause Mod: Limit one foe put to sleep\n|rule|Species Clause: Limit one of each Pok\u00e9mon\n|rule|OHKO Clause: OHKO moves are banned\n|rule|Evasion Items Clause: Evasion items are banned\n|rule|Evasion Moves Clause: Evasion moves are banned\n|rule|Endless Battle Clause: Forcing endless battles is banned\n|rule|HP Percentage Mod: HP is shown in percentages\n|clearpoke\n|poke|p1|Iron Valiant|\n|poke|p1|Ceruledge, M|\n|poke|p1|Garchomp, F|\n|poke|p1|Giratina-Origin|\n|poke|p1|Eternatus|\n|poke|p1|Regieleki|\n|poke|p2|Regieleki|\n|poke|p2|Kyogre|\n|poke|p2|Chien-Pao|\n|poke|p2|Ribombee, F|\n|poke|p2|Miraidon|\n|poke|p2|Flutter Mane|\n|teampreview\n|inactive|Battle timer is ON: inactive players will automatically lose when time's up. (requested by Anne Frankkkk)\n|\n|t:|1700086158\n|start\n|switch|p1a: Iron Valiant|Iron Valiant, shiny|100\/100\n|switch|p2a: Moonblast|Ribombee, F, shiny|100\/100\n|turn|1\n|\n|t:|1700086169\n|move|p2a: Moonblast|Sticky Web|p1a: Iron Valiant\n|-sidestart|p1: Enixivy|move: Sticky Web\n|move|p1a: Iron Valiant|Close Combat|p2a: Moonblast\n|-resisted|p2a: Moonblast\n|-damage|p2a: Moonblast|51\/100\n|-unboost|p1a: Iron Valiant|def|1\n|-unboost|p1a: Iron Valiant|spd|1\n|\n|upkeep\n|turn|2\n|\n|t:|1700086182\n|move|p2a: Moonblast|Moonblast|p1a: Iron Valiant\n|-supereffective|p1a: Iron Valiant\n|-damage|p1a: Iron Valiant|0 fnt\n|faint|p1a: Iron Valiant\n|-end|p1a: Iron Valiant|Quark Drive|[silent]\n|\n|upkeep\n|\n|t:|1700086197\n|switch|p1a: Regieleki|Regieleki, shiny|100\/100\n|-activate|p1a: Regieleki|move: Sticky Web\n|-unboost|p1a: Regieleki|spe|1\n|turn|3\n|\n|t:|1700086203\n|switch|p2a: Misdreavius|Flutter Mane, shiny|100\/100\n|-enditem|p2a: Misdreavius|Booster Energy\n|-activate|p2a: Misdreavius|ability: Protosynthesis|[fromitem]\n|-start|p2a: Misdreavius|protosynthesisspe\n|move|p1a: Regieleki|Extreme Speed|p2a: Misdreavius\n|-immune|p2a: Misdreavius\n|\n|upkeep\n|turn|4\n|\n|t:|1700086218\n|switch|p1a: Garchomp|Garchomp, F, shiny|100\/100\n|-activate|p1a: Garchomp|move: Sticky Web\n|-unboost|p1a: Garchomp|spe|1\n|move|p2a: Misdreavius|Moonblast|p1a: Garchomp\n|-supereffective|p1a: Garchomp\n|-damage|p1a: Garchomp|4\/100\n|\n|-heal|p1a: Garchomp|10\/100|[from] item: Leftovers\n|upkeep\n|turn|5\n|\n|t:|1700086237\n|move|p2a: Misdreavius|Moonblast|p1a: Garchomp\n|-supereffective|p1a: Garchomp\n|-damage|p1a: Garchomp|0 fnt\n|faint|p1a: Garchomp\n|\n|upkeep\n|\n|t:|1700086247\n|switch|p1a: Ceruledge|Ceruledge, M, shiny|100\/100\n|-activate|p1a: Ceruledge|move: Sticky Web\n|-unboost|p1a: Ceruledge|spe|1\n|turn|6\n|\n|t:|1700086256\n|move|p2a: Misdreavius|Power Gem|p1a: Ceruledge\n|-supereffective|p1a: Ceruledge\n|-damage|p1a: Ceruledge|25\/100\n|move|p1a: Ceruledge|Disable|p2a: Misdreavius\n|-start|p2a: Misdreavius|Disable|Power Gem\n|\n|upkeep\n|turn|7\n|\n|t:|1700086264\n|move|p2a: Misdreavius|Shadow Ball|p1a: Ceruledge\n|-supereffective|p1a: Ceruledge\n|-damage|p1a: Ceruledge|0 fnt\n|faint|p1a: Ceruledge\n|\n|upkeep\n|\n|t:|1700086275\n|switch|p1a: Big nuts|Eternatus, shiny|100\/100\n|-activate|p1a: Big nuts|move: Sticky Web\n|-unboost|p1a: Big nuts|spe|1\n|-ability|p1a: Big nuts|Pressure\n|turn|8\n|\n|t:|1700086286\n|move|p2a: Misdreavius|Moonblast|p1a: Big nuts\n|-damage|p1a: Big nuts|64\/100\n|move|p1a: Big nuts|Gunk Shot|p2a: Misdreavius\n|-damage|p2a: Misdreavius|0 fnt\n|faint|p2a: Misdreavius\n|-end|p2a: Misdreavius|Protosynthesis|[silent]\n|\n|upkeep\n|\n|t:|1700086293\n|switch|p2a: Ice Cat|Chien-Pao|100\/100\n|-ability|p2a: Ice Cat|Sword of Ruin\n|turn|9\n|\n|t:|1700086298\n|move|p2a: Ice Cat|Swords Dance|p2a: Ice Cat\n|-boost|p2a: Ice Cat|atk|2\n|move|p1a: Big nuts|Toxic Spikes|p2a: Ice Cat\n|-sidestart|p2: Anne Frankkkk|move: Toxic Spikes\n|\n|upkeep\n|turn|10\n|\n|t:|1700086305\n|move|p2a: Ice Cat|Ice Spinner|p1a: Big nuts\n|-supereffective|p1a: Big nuts\n|-damage|p1a: Big nuts|0 fnt\n|faint|p1a: Big nuts\n|\n|upkeep\n|\n|t:|1700086311\n|switch|p1a: Giratina|Giratina-Origin, shiny|100\/100\n|turn|11\n|\n|t:|1700086315\n|move|p2a: Ice Cat|Ice Spinner|p1a: Giratina\n|-supereffective|p1a: Giratina\n|-damage|p1a: Giratina|0 fnt\n|faint|p1a: Giratina\n|\n|upkeep\n|\n|t:|1700086326\n|switch|p1a: Regieleki|Regieleki, shiny|100\/100\n|-activate|p1a: Regieleki|move: Sticky Web\n|-unboost|p1a: Regieleki|spe|1\n|turn|12\n|\n|t:|1700086332\n|-terastallize|p2a: Ice Cat|Dark\n|move|p2a: Ice Cat|Sucker Punch|p1a: Regieleki\n|-damage|p1a: Regieleki|0 fnt\n|faint|p1a: Regieleki\n|\n|win|Anne Frankkkk\n|raw|Enixivy's rating: 1000 &rarr; <strong>1000<\/strong><br \/>(+0 for losing)\n|raw|Anne Frankkkk's rating: 1180 &rarr; <strong>1193<\/strong><br \/>(+13 for winning)\n","uploadtime":1700086340,"views":7,"p1id":"enixivy","p2id":"annefrankkkk","formatid":"gen9ubers","rating":1000,"private":0,"password":""}