{"id":"gen9ubers-1976964254","p1":"marcelotrololol","p2":"Jrmoore896","format":"[Gen 9] Ubers","log":"|j|\u2606marcelotrololol\n|j|\u2606Jrmoore896\n|t:|1698356706\n|gametype|singles\n|player|p1|marcelotrololol|lance|1352\n|player|p2|Jrmoore896|lucas-gen4pt|1269\n|teamsize|p1|6\n|teamsize|p2|6\n|gen|9\n|tier|[Gen 9] Ubers\n|rated|\n|rule|Sleep Clause Mod: Limit one foe put to sleep\n|rule|Species Clause: Limit one of each Pok\u00e9mon\n|rule|OHKO Clause: OHKO moves are banned\n|rule|Evasion Items Clause: Evasion items are banned\n|rule|Evasion Moves Clause: Evasion moves are banned\n|rule|Endless Battle Clause: Forcing endless battles is banned\n|rule|HP Percentage Mod: HP is shown in percentages\n|clearpoke\n|poke|p1|Giratina|\n|poke|p1|Zacian-*|\n|poke|p1|Samurott-Hisui, F|\n|poke|p1|Miraidon|\n|poke|p1|Ting-Lu|\n|poke|p1|Flutter Mane|\n|poke|p2|Ninetales-Alola, M|\n|poke|p2|Baxcalibur, M|\n|poke|p2|Mienshao, M|\n|poke|p2|Chandelure, M|\n|poke|p2|Cinderace, M|\n|poke|p2|Clefable, M|\n|teampreview\n|inactive|Battle timer is ON: inactive players will automatically lose when time's up. (requested by Jrmoore896)\n|\n|t:|1698356726\n|start\n|switch|p1a: Samurott|Samurott-Hisui, F|100\/100\n|switch|p2a: Mienshao|Mienshao, M|100\/100\n|turn|1\n|\n|t:|1698356739\n|switch|p1a: Flutter Mane|Flutter Mane|100\/100\n|move|p2a: Mienshao|U-turn|p1a: Flutter Mane\n|-resisted|p1a: Flutter Mane\n|-crit|p1a: Flutter Mane\n|-damage|p1a: Flutter Mane|78\/100\n|\n|t:|1698356761\n|switch|p2a: Ninetales|Ninetales-Alola, M|100\/100|[from] U-turn\n|-weather|Snow|[from] ability: Snow Warning|[of] p2a: Ninetales\n|\n|-weather|Snow|[upkeep]\n|upkeep\n|turn|2\n|\n|t:|1698356773\n|move|p1a: Flutter Mane|Mystical Fire|p2a: Ninetales\n|-supereffective|p2a: Ninetales\n|-damage|p2a: Ninetales|32\/100\n|-unboost|p2a: Ninetales|spa|1\n|-damage|p1a: Flutter Mane|68\/100|[from] item: Life Orb\n|move|p2a: Ninetales|Aurora Veil|p2a: Ninetales\n|-sidestart|p2: Jrmoore896|move: Aurora Veil\n|\n|-weather|Snow|[upkeep]\n|upkeep\n|turn|3\n|\n|t:|1698356787\n|switch|p2a: Mienshao|Mienshao, M|100\/100\n|move|p1a: Flutter Mane|Mystical Fire|p2a: Mienshao\n|-damage|p2a: Mienshao|69\/100\n|-unboost|p2a: Mienshao|spa|1\n|-damage|p1a: Flutter Mane|58\/100|[from] item: Life Orb\n|\n|-weather|Snow|[upkeep]\n|upkeep\n|turn|4\n|\n|t:|1698356800\n|-end|p1a: Flutter Mane|Protosynthesis|[silent]\n|switch|p1a: Giratina|Giratina|100\/100\n|-ability|p1a: Giratina|Pressure\n|move|p2a: Mienshao|Poison Jab|p1a: Giratina\n|-resisted|p1a: Giratina\n|-damage|p1a: Giratina|93\/100\n|-status|p1a: Giratina|psn\n|\n|-weather|Snow|[upkeep]\n|-heal|p1a: Giratina|99\/100 psn|[from] item: Leftovers\n|-damage|p1a: Giratina|86\/100 psn|[from] psn\n|upkeep\n|turn|5\n|\n|t:|1698356820\n|switch|p2a: Baxcalibur|Baxcalibur, M, shiny|100\/100\n|move|p1a: Giratina|Dragon Tail|p2a: Baxcalibur|[miss]\n|-miss|p1a: Giratina|p2a: Baxcalibur\n|\n|-weather|none\n|-heal|p1a: Giratina|92\/100 psn|[from] item: Leftovers\n|-damage|p1a: Giratina|80\/100 psn|[from] psn\n|upkeep\n|turn|6\n|l|\u2606Jrmoore896\n|inactive|Jrmoore896 disconnected and has a minute to reconnect!\n|player|p2|\n|j|\u2606Jrmoore896\n|inactive|Jrmoore896 reconnected and has 110 seconds left.\n|player|p2|Jrmoore896|lucas-gen4pt\n|\n|t:|1698356861\n|-terastallize|p2a: Baxcalibur|Fairy\n|move|p2a: Baxcalibur|Swords Dance|p2a: Baxcalibur\n|-boost|p2a: Baxcalibur|atk|2\n|move|p1a: Giratina|Dragon Tail|p2a: Baxcalibur\n|-immune|p2a: Baxcalibur\n|\n|-heal|p1a: Giratina|86\/100 psn|[from] item: Leftovers\n|-damage|p1a: Giratina|74\/100 psn|[from] psn\n|upkeep\n|turn|7\n|\n|t:|1698356872\n|move|p2a: Baxcalibur|Scale Shot|p1a: Giratina\n|-supereffective|p1a: Giratina\n|-damage|p1a: Giratina|43\/100 psn\n|-supereffective|p1a: Giratina\n|-damage|p1a: Giratina|9\/100 psn\n|-supereffective|p1a: Giratina\n|-damage|p1a: Giratina|0 fnt\n|faint|p1a: Giratina\n|-hitcount|p1: Giratina|3\n|-unboost|p2a: Baxcalibur|def|1\n|-boost|p2a: Baxcalibur|spe|1\n|\n|upkeep\n|\n|t:|1698356882\n|switch|p1a: Zacian|Zacian-Crowned|100\/100\n|-ability|p1a: Zacian|Intrepid Sword|boost\n|-boost|p1a: Zacian|atk|1\n|turn|8\n|\n|t:|1698356895\n|move|p2a: Baxcalibur|Earthquake|p1a: Zacian\n|-supereffective|p1a: Zacian\n|-damage|p1a: Zacian|0 fnt\n|faint|p1a: Zacian\n|\n|upkeep\n|\n|t:|1698356904\n|switch|p1a: Samurott|Samurott-Hisui, F|100\/100\n|turn|9\n|\n|t:|1698356910\n|move|p2a: Baxcalibur|Scale Shot|p1a: Samurott\n|-damage|p1a: Samurott|67\/100\n|-damage|p1a: Samurott|33\/100\n|-crit|p1a: Samurott\n|-damage|p1a: Samurott|0 fnt\n|faint|p1a: Samurott\n|-hitcount|p1: Samurott|3\n|-unboost|p2a: Baxcalibur|def|1\n|-boost|p2a: Baxcalibur|spe|1\n|\n|-sideend|p2: Jrmoore896|move: Aurora Veil\n|upkeep\n|\n|t:|1698356924\n|switch|p1a: Miraidon|Miraidon|100\/100\n|-fieldstart|move: Electric Terrain|[from] ability: Hadron Engine|[of] p1a: Miraidon\n|turn|10\n|inactive|Jrmoore896 has 120 seconds left.\n|\n|t:|1698356932\n|-terastallize|p1a: Miraidon|Electric\n|move|p2a: Baxcalibur|Icicle Spear|p1a: Miraidon\n|-damage|p1a: Miraidon|73\/100\n|-damage|p1a: Miraidon|46\/100\n|-damage|p1a: Miraidon|18\/100\n|-damage|p1a: Miraidon|0 fnt\n|faint|p1a: Miraidon\n|-hitcount|p1: Miraidon|4\n|\n|upkeep\n|-message|marcelotrololol forfeited.\n|\n|win|Jrmoore896\n|raw|marcelotrololol's rating: 1352 &rarr; <strong>1327<\/strong><br \/>(-25 for losing)\n|raw|Jrmoore896's rating: 1269 &rarr; <strong>1300<\/strong><br \/>(+31 for winning)\n|l|\u2606marcelotrololol\n","uploadtime":1698356945,"views":8,"p1id":"marcelotrololol","p2id":"jrmoore896","formatid":"gen9ubers","rating":1300,"private":0,"password":""}