{"id":"gen9ubers-1999074108","p1":"h4v0ckn1ght","p2":"muey epicado","format":"[Gen 9] Ubers","log":"|j|\u2606h4v0ckn1ght\n|j|\u2606muey epicado\n|t:|1701030378\n|gametype|singles\n|player|p1|h4v0ckn1ght|rosa|1510\n|player|p2|muey epicado|pokemaniac|1373\n|teamsize|p1|6\n|teamsize|p2|6\n|gen|9\n|tier|[Gen 9] Ubers\n|rated|\n|rule|Sleep Clause Mod: Limit one foe put to sleep\n|rule|Species Clause: Limit one of each Pok\u00e9mon\n|rule|OHKO Clause: OHKO moves are banned\n|rule|Evasion Items Clause: Evasion items are banned\n|rule|Evasion Moves Clause: Evasion moves are banned\n|rule|Endless Battle Clause: Forcing endless battles is banned\n|rule|HP Percentage Mod: HP is shown in percentages\n|clearpoke\n|poke|p1|Miraidon|\n|poke|p1|Dialga-Origin|\n|poke|p1|Skeledirge, M|\n|poke|p1|Mewtwo|\n|poke|p1|Arceus-Water|\n|poke|p1|Zacian-*|\n|poke|p2|Dialga-Origin|\n|poke|p2|Palkia-Origin|\n|poke|p2|Giratina-Origin|\n|poke|p2|Arceus|\n|poke|p2|Groudon|\n|poke|p2|Eternatus|\n|teampreview\n|inactive|Battle timer is ON: inactive players will automatically lose when time's up. (requested by h4v0ckn1ght)\n|c|\u2606muey epicado|damn thats a strong squad\n|j| KIRBY OF DA STARS\n|inactive|h4v0ckn1ght has 120 seconds left.\n|\n|t:|1701030418\n|start\n|switch|p1a: Mewtwo|Mewtwo|100\/100\n|switch|p2a: Groudon|Groudon|100\/100\n|-ability|p1a: Mewtwo|Unnerve\n|-weather|SunnyDay|[from] ability: Drought|[of] p2a: Groudon\n|turn|1\n|\n|t:|1701030426\n|move|p1a: Mewtwo|Psystrike|p2a: Groudon\n|-damage|p2a: Groudon|63\/100\n|move|p2a: Groudon|Spikes|p1a: Mewtwo\n|-sidestart|p1: h4v0ckn1ght|Spikes\n|\n|-weather|SunnyDay|[upkeep]\n|-heal|p2a: Groudon|69\/100|[from] item: Leftovers\n|upkeep\n|turn|2\n|\n|t:|1701030436\n|move|p1a: Mewtwo|Psystrike|p2a: Groudon\n|-damage|p2a: Groudon|31\/100\n|move|p2a: Groudon|Spikes|p1a: Mewtwo\n|-sidestart|p1: h4v0ckn1ght|Spikes\n|\n|-weather|SunnyDay|[upkeep]\n|-heal|p2a: Groudon|37\/100|[from] item: Leftovers\n|upkeep\n|turn|3\n|\n|t:|1701030444\n|switch|p2a: Dialga|Dialga-Origin|100\/100\n|-ability|p2a: Dialga|Pressure\n|move|p1a: Mewtwo|Psystrike|p2a: Dialga\n|-resisted|p2a: Dialga\n|-damage|p2a: Dialga|76\/100\n|\n|-weather|SunnyDay|[upkeep]\n|upkeep\n|turn|4\n|\n|t:|1701030452\n|move|p1a: Mewtwo|Psystrike|p2a: Dialga\n|-resisted|p2a: Dialga\n|-damage|p2a: Dialga|53\/100\n|move|p2a: Dialga|Thunder Wave|p1a: Mewtwo\n|-status|p1a: Mewtwo|par\n|\n|-weather|SunnyDay|[upkeep]\n|upkeep\n|turn|5\n|\n|t:|1701030459\n|cant|p1a: Mewtwo|par\n|move|p2a: Dialga|Stealth Rock|p1a: Mewtwo\n|-sidestart|p1: h4v0ckn1ght|move: Stealth Rock\n|\n|-weather|none\n|upkeep\n|turn|6\n|\n|t:|1701030468\n|cant|p1a: Mewtwo|par\n|move|p2a: Dialga|Flash Cannon|p1a: Mewtwo\n|-damage|p1a: Mewtwo|34\/100 par\n|\n|upkeep\n|turn|7\n|\n|t:|1701030472\n|move|p1a: Mewtwo|Psystrike|p2a: Dialga\n|-resisted|p2a: Dialga\n|-damage|p2a: Dialga|29\/100\n|move|p2a: Dialga|Flash Cannon|p1a: Mewtwo\n|-damage|p1a: Mewtwo|0 fnt\n|faint|p1a: Mewtwo\n|\n|upkeep\n|\n|t:|1701030498\n|switch|p1a: Zacian|Zacian-Crowned|100\/100\n|-damage|p1a: Zacian|84\/100|[from] Spikes\n|-damage|p1a: Zacian|78\/100|[from] Stealth Rock\n|-ability|p1a: Zacian|Intrepid Sword|boost\n|-boost|p1a: Zacian|atk|1\n|turn|8\n|\n|t:|1701030504\n|move|p1a: Zacian|Play Rough|p2a: Dialga\n|-damage|p2a: Dialga|0 fnt\n|faint|p2a: Dialga\n|\n|upkeep\n|\n|t:|1701030532\n|switch|p2a: Eternatus|Eternatus|100\/100\n|-ability|p2a: Eternatus|Pressure\n|turn|9\n|inactive|h4v0ckn1ght has 120 seconds left.\n|\n|t:|1701030564\n|move|p2a: Eternatus|Fire Blast|p1a: Zacian\n|-supereffective|p1a: Zacian\n|-damage|p1a: Zacian|0 fnt\n|faint|p1a: Zacian\n|\n|upkeep\n|inactive|h4v0ckn1ght has 120 seconds left.\n|\n|t:|1701030571\n|switch|p1a: Miraidon|Miraidon|100\/100\n|-damage|p1a: Miraidon|84\/100|[from] Spikes\n|-damage|p1a: Miraidon|72\/100|[from] Stealth Rock\n|-fieldstart|move: Electric Terrain|[from] ability: Hadron Engine|[of] p1a: Miraidon\n|-enditem|p1a: Miraidon|Electric Seed\n|-boost|p1a: Miraidon|def|1|[from] item: Electric Seed\n|turn|10\n|\n|t:|1701030586\n|switch|p2a: Groudon|Groudon|37\/100\n|-weather|SunnyDay|[from] ability: Drought|[of] p2a: Groudon\n|move|p1a: Miraidon|Calm Mind|p1a: Miraidon\n|-boost|p1a: Miraidon|spa|1\n|-boost|p1a: Miraidon|spd|1\n|\n|-weather|SunnyDay|[upkeep]\n|-heal|p2a: Groudon|43\/100|[from] item: Leftovers\n|upkeep\n|turn|11\n|\n|t:|1701030611\n|-terastallize|p1a: Miraidon|Fairy\n|move|p1a: Miraidon|Agility|p1a: Miraidon\n|-boost|p1a: Miraidon|spe|2\n|move|p2a: Groudon|Precipice Blades|p1a: Miraidon\n|-damage|p1a: Miraidon|42\/100\n|\n|-weather|SunnyDay|[upkeep]\n|-heal|p2a: Groudon|49\/100|[from] item: Leftovers\n|upkeep\n|turn|12\n|\n|t:|1701030622\n|move|p1a: Miraidon|Dragon Pulse|p2a: Groudon\n|-crit|p2a: Groudon\n|-damage|p2a: Groudon|0 fnt\n|faint|p2a: Groudon\n|\n|-weather|SunnyDay|[upkeep]\n|upkeep\n|inactive|muey epicado has 120 seconds left.\n|\n|t:|1701030660\n|switch|p2a: Giratina|Giratina-Origin, shiny|100\/100\n|turn|13\n|\n|t:|1701030665\n|move|p2a: Giratina|Shadow Sneak|p1a: Miraidon\n|-damage|p1a: Miraidon|31\/100\n|move|p1a: Miraidon|Dragon Pulse|p2a: Giratina\n|-supereffective|p2a: Giratina\n|-damage|p2a: Giratina|0 fnt\n|faint|p2a: Giratina\n|\n|-weather|SunnyDay|[upkeep]\n|upkeep\n|\n|t:|1701030673\n|switch|p2a: Arceus|Arceus, shiny|100\/100\n|turn|14\n|\n|t:|1701030676\n|-terastallize|p2a: Arceus|Normal\n|move|p2a: Arceus|Extreme Speed|p1a: Miraidon\n|-crit|p1a: Miraidon\n|-damage|p1a: Miraidon|0 fnt\n|faint|p1a: Miraidon\n|\n|-weather|none\n|-fieldend|move: Electric Terrain\n|upkeep\n|\n|t:|1701030681\n|switch|p1a: Skeledirge|Skeledirge, M, shiny|100\/100\n|turn|15\n|\n|t:|1701030686\n|switch|p2a: Eternatus|Eternatus|100\/100\n|-ability|p2a: Eternatus|Pressure\n|move|p1a: Skeledirge|Earth Power|p2a: Eternatus\n|-supereffective|p2a: Eternatus\n|-damage|p2a: Eternatus|61\/100\n|\n|upkeep\n|turn|16\n|\n|t:|1701030695\n|move|p2a: Eternatus|Toxic|p1a: Skeledirge\n|-status|p1a: Skeledirge|tox\n|move|p1a: Skeledirge|Earth Power|p2a: Eternatus\n|-supereffective|p2a: Eternatus\n|-damage|p2a: Eternatus|25\/100\n|\n|-damage|p1a: Skeledirge|94\/100 tox|[from] psn\n|upkeep\n|turn|17\n|\n|t:|1701030703\n|switch|p2a: Palkia|Palkia-Origin|100\/100\n|-ability|p2a: Palkia|Pressure\n|move|p1a: Skeledirge|Earth Power|p2a: Palkia\n|-damage|p2a: Palkia|79\/100\n|\n|-damage|p1a: Skeledirge|82\/100 tox|[from] psn\n|upkeep\n|turn|18\n|\n|t:|1701030714\n|switch|p1a: Arceus|Arceus-Water|100\/100\n|-damage|p1a: Arceus|84\/100|[from] Spikes\n|-damage|p1a: Arceus|72\/100|[from] Stealth Rock\n|move|p2a: Palkia|Spacial Rend|p1a: Arceus\n|-crit|p1a: Arceus\n|-damage|p1a: Arceus|0 fnt\n|faint|p1a: Arceus\n|\n|upkeep\n|inactive|h4v0ckn1ght has 120 seconds left.\n|\n|t:|1701030747\n|switch|p1a: Dialga|Dialga-Origin|100\/100\n|-damage|p1a: Dialga|84\/100|[from] Spikes\n|-damage|p1a: Dialga|78\/100|[from] Stealth Rock\n|-ability|p1a: Dialga|Pressure\n|turn|19\n|\n|t:|1701030753\n|move|p2a: Palkia|Spacial Rend|p1a: Dialga\n|-damage|p1a: Dialga|36\/100\n|move|p1a: Dialga|Draco Meteor|p2a: Palkia\n|-supereffective|p2a: Palkia\n|-damage|p2a: Palkia|0 fnt\n|-unboost|p1a: Dialga|spa|2\n|faint|p2a: Palkia\n|\n|upkeep\n|\n|t:|1701030766\n|switch|p2a: Eternatus|Eternatus|25\/100\n|-ability|p2a: Eternatus|Pressure\n|turn|20\n|l| KIRBY OF DA STARS\n|inactive|h4v0ckn1ght has 120 seconds left.\n|\n|t:|1701030795\n|move|p2a: Eternatus|Dynamax Cannon|p1a: Dialga\n|-damage|p1a: Dialga|0 fnt\n|faint|p1a: Dialga\n|\n|upkeep\n|\n|t:|1701030797\n|switch|p1a: Skeledirge|Skeledirge, M, shiny|82\/100 tox\n|turn|21\n|-message|h4v0ckn1ght forfeited.\n|\n|win|muey epicado\n|raw|h4v0ckn1ght's rating: 1516 &rarr; <strong>1488<\/strong><br \/>(-28 for losing)\n|raw|muey epicado's rating: 1373 &rarr; <strong>1401<\/strong><br \/>(+28 for winning)\n|l|\u2606h4v0ckn1ght\n","uploadtime":1701030888,"views":1,"p1id":"h4v0ckn1ght","p2id":"mueyepicado","formatid":"gen9ubers","rating":1401,"private":0,"password":""}