{"id":"gen9ubers-1994576652","p1":"Coopithus","p2":"UncleShannon","format":"[Gen 9] Ubers","log":"|j|\u2606Coopithus\n|j|\u2606UncleShannon\n|t:|1700462873\n|gametype|singles\n|player|p1|Coopithus|dancer|1237\n|player|p2|UncleShannon|brawly|1248\n|teamsize|p1|6\n|teamsize|p2|6\n|gen|9\n|tier|[Gen 9] Ubers\n|rated|\n|rule|Sleep Clause Mod: Limit one foe put to sleep\n|rule|Species Clause: Limit one of each Pok\u00e9mon\n|rule|OHKO Clause: OHKO moves are banned\n|rule|Evasion Items Clause: Evasion items are banned\n|rule|Evasion Moves Clause: Evasion moves are banned\n|rule|Endless Battle Clause: Forcing endless battles is banned\n|rule|HP Percentage Mod: HP is shown in percentages\n|clearpoke\n|poke|p1|Zamazenta-*|\n|poke|p1|Baxcalibur, F|\n|poke|p1|Glimmora, M|\n|poke|p1|Cloyster, M|\n|poke|p1|Koraidon|\n|poke|p1|Iron Bundle|\n|poke|p2|Clodsire, F|\n|poke|p2|Landorus, M|\n|poke|p2|Eternatus|\n|poke|p2|Annihilape, M|\n|poke|p2|Arceus-Ice|\n|poke|p2|Ribombee, F|\n|teampreview\n|inactive|Battle timer is ON: inactive players will automatically lose when time's up. (requested by Coopithus)\n|\n|t:|1700462893\n|start\n|switch|p1a: Glimmora|Glimmora, M|100\/100\n|switch|p2a: Eternatus|Eternatus|100\/100\n|-ability|p2a: Eternatus|Pressure\n|turn|1\n|\n|t:|1700462901\n|move|p2a: Eternatus|Dynamax Cannon|p1a: Glimmora\n|-damage|p1a: Glimmora|32\/100\n|move|p1a: Glimmora|Stealth Rock|p2a: Eternatus\n|-sidestart|p2: UncleShannon|move: Stealth Rock\n|\n|upkeep\n|turn|2\n|\n|t:|1700462907\n|move|p2a: Eternatus|Toxic Spikes|p1a: Glimmora\n|-sidestart|p1: Coopithus|move: Toxic Spikes\n|move|p1a: Glimmora|Earth Power|p2a: Eternatus\n|-supereffective|p2a: Eternatus\n|-damage|p2a: Eternatus|53\/100\n|\n|-heal|p2a: Eternatus|60\/100|[from] item: Leftovers\n|upkeep\n|turn|3\n|\n|t:|1700462911\n|move|p2a: Eternatus|Dynamax Cannon|p1a: Glimmora\n|-damage|p1a: Glimmora|0 fnt\n|faint|p1a: Glimmora\n|\n|-heal|p2a: Eternatus|66\/100|[from] item: Leftovers\n|upkeep\n|\n|t:|1700462921\n|switch|p1a: Baxcalibur|Baxcalibur, F|100\/100\n|-status|p1a: Baxcalibur|psn\n|turn|4\n|j| cg academy\n|\n|t:|1700462932\n|-terastallize|p1a: Baxcalibur|Fairy\n|move|p2a: Eternatus|Dynamax Cannon|p1a: Baxcalibur\n|-immune|p1a: Baxcalibur\n|move|p1a: Baxcalibur|Dragon Dance|p1a: Baxcalibur\n|-boost|p1a: Baxcalibur|atk|1\n|-boost|p1a: Baxcalibur|spe|1\n|\n|-heal|p2a: Eternatus|72\/100|[from] item: Leftovers\n|-damage|p1a: Baxcalibur|88\/100 psn|[from] psn\n|upkeep\n|turn|5\n|\n|t:|1700462940\n|move|p1a: Baxcalibur|Glaive Rush|p2a: Eternatus\n|-supereffective|p2a: Eternatus\n|-damage|p2a: Eternatus|0 fnt\n|-singlemove|p1a: Baxcalibur|Glaive Rush|[silent]\n|faint|p2a: Eternatus\n|\n|-damage|p1a: Baxcalibur|76\/100 psn|[from] psn\n|upkeep\n|\n|t:|1700462945\n|switch|p2a: Clodsire|Clodsire, F|100\/100\n|-damage|p2a: Clodsire|94\/100|[from] Stealth Rock\n|turn|6\n|\n|t:|1700462959\n|-terastallize|p2a: Clodsire|Ghost\n|move|p1a: Baxcalibur|Icicle Spear|p2a: Clodsire\n|-damage|p2a: Clodsire|83\/100\n|-damage|p2a: Clodsire|72\/100\n|-damage|p2a: Clodsire|61\/100\n|-damage|p2a: Clodsire|50\/100\n|-damage|p2a: Clodsire|39\/100\n|-hitcount|p2a: Clodsire|5\n|move|p2a: Clodsire|Recover|p2a: Clodsire\n|-heal|p2a: Clodsire|89\/100\n|\n|-heal|p2a: Clodsire|95\/100|[from] item: Leftovers\n|-damage|p1a: Baxcalibur|63\/100 psn|[from] psn\n|upkeep\n|turn|7\n|\n|t:|1700462976\n|move|p1a: Baxcalibur|Glaive Rush|p2a: Clodsire\n|-damage|p2a: Clodsire|41\/100\n|-singlemove|p1a: Baxcalibur|Glaive Rush|[silent]\n|move|p2a: Clodsire|Recover|p2a: Clodsire\n|-heal|p2a: Clodsire|91\/100\n|\n|-heal|p2a: Clodsire|97\/100|[from] item: Leftovers\n|-damage|p1a: Baxcalibur|51\/100 psn|[from] psn\n|upkeep\n|turn|8\n|\n|t:|1700462983\n|move|p1a: Baxcalibur|Glaive Rush|p2a: Clodsire\n|-damage|p2a: Clodsire|42\/100\n|-singlemove|p1a: Baxcalibur|Glaive Rush|[silent]\n|move|p2a: Clodsire|Recover|p2a: Clodsire\n|-heal|p2a: Clodsire|92\/100\n|\n|-heal|p2a: Clodsire|98\/100|[from] item: Leftovers\n|-damage|p1a: Baxcalibur|39\/100 psn|[from] psn\n|upkeep\n|turn|9\n|\n|t:|1700462994\n|move|p1a: Baxcalibur|Earthquake|p2a: Clodsire\n|-damage|p2a: Clodsire|69\/100\n|move|p2a: Clodsire|Recover|p2a: Clodsire\n|-heal|p2a: Clodsire|100\/100\n|\n|-damage|p1a: Baxcalibur|26\/100 psn|[from] psn\n|upkeep\n|turn|10\n|\n|t:|1700462999\n|move|p1a: Baxcalibur|Dragon Dance|p1a: Baxcalibur\n|-boost|p1a: Baxcalibur|atk|1\n|-boost|p1a: Baxcalibur|spe|1\n|move|p2a: Clodsire|Haze|p2a: Clodsire\n|-clearallboost\n|\n|-damage|p1a: Baxcalibur|14\/100 psn|[from] psn\n|upkeep\n|turn|11\n|\n|t:|1700463003\n|switch|p2a: Ribombee|Ribombee, F|100\/100\n|-damage|p2a: Ribombee|76\/100|[from] Stealth Rock\n|move|p1a: Baxcalibur|Glaive Rush|p2a: Ribombee\n|-immune|p2a: Ribombee\n|\n|-damage|p1a: Baxcalibur|1\/100 psn|[from] psn\n|upkeep\n|turn|12\n|\n|t:|1700463010\n|move|p2a: Ribombee|Sticky Web|p1a: Baxcalibur\n|-sidestart|p1: Coopithus|move: Sticky Web\n|move|p1a: Baxcalibur|Icicle Spear|p2a: Ribombee\n|-damage|p2a: Ribombee|46\/100\n|-damage|p2a: Ribombee|16\/100\n|-damage|p2a: Ribombee|0 fnt\n|faint|p2a: Ribombee\n|-hitcount|p2: Ribombee|3\n|\n|-damage|p1a: Baxcalibur|0 fnt|[from] psn\n|faint|p1a: Baxcalibur\n|upkeep\n|c|\u2606UncleShannon|Gotcha\n|c|\u2606Coopithus|rip\n|\n|t:|1700463027\n|switch|p2a: Landorus|Landorus, M|100\/100\n|switch|p1a: Zamazenta|Zamazenta-Crowned|100\/100\n|-damage|p2a: Landorus|88\/100|[from] Stealth Rock\n|-activate|p1a: Zamazenta|move: Sticky Web\n|-unboost|p1a: Zamazenta|spe|1\n|-ability|p1a: Zamazenta|Dauntless Shield|boost\n|-boost|p1a: Zamazenta|def|1\n|turn|13\n|c|\u2606Coopithus|hate sticky webs\n|\n|t:|1700463048\n|move|p2a: Landorus|Stealth Rock|p1a: Zamazenta\n|-sidestart|p1: Coopithus|move: Stealth Rock\n|move|p1a: Zamazenta|Trailblaze|p2a: Landorus\n|-damage|p2a: Landorus|70\/100\n|-boost|p1a: Zamazenta|spe|1\n|\n|upkeep\n|turn|14\n|c|\u2606UncleShannon|Yeah most do\n|c|\u2606UncleShannon|If you don't have the mu, you're screwed\n|\n|t:|1700463062\n|move|p2a: Landorus|Earth Power|p1a: Zamazenta\n|-supereffective|p1a: Zamazenta\n|-damage|p1a: Zamazenta|0 fnt\n|faint|p1a: Zamazenta\n|\n|upkeep\n|\n|t:|1700463070\n|switch|p1a: Koraidon|Koraidon|100\/100\n|-status|p1a: Koraidon|psn\n|-activate|p1a: Koraidon|move: Sticky Web\n|-unboost|p1a: Koraidon|spe|1\n|-damage|p1a: Koraidon|94\/100 psn|[from] Stealth Rock\n|-weather|SunnyDay|[from] ability: Orichalcum Pulse|[of] p1a: Koraidon\n|-activate|p1a: Koraidon|Orichalcum Pulse|[source]\n|turn|15\n|\n|t:|1700463086\n|move|p1a: Koraidon|Outrage|p2a: Landorus\n|-damage|p2a: Landorus|0 fnt\n|faint|p2a: Landorus\n|\n|-weather|SunnyDay|[upkeep]\n|-damage|p1a: Koraidon|82\/100 psn|[from] psn\n|upkeep\n|\n|t:|1700463095\n|switch|p2a: Annihilape|Annihilape, M|100\/100\n|-damage|p2a: Annihilape|94\/100|[from] Stealth Rock\n|turn|16\n|\n|t:|1700463103\n|move|p1a: Koraidon|Outrage|p2a: Annihilape|[from]lockedmove\n|-damage|p2a: Annihilape|7\/100\n|-start|p1a: Koraidon|confusion|[fatigue]\n|move|p2a: Annihilape|Rage Fist|p1a: Koraidon\n|-damage|p1a: Koraidon|52\/100 psn\n|\n|-weather|SunnyDay|[upkeep]\n|-damage|p1a: Koraidon|40\/100 psn|[from] psn\n|upkeep\n|turn|17\n|\n|t:|1700463108\n|-activate|p1a: Koraidon|confusion\n|-damage|p1a: Koraidon|29\/100 psn|[from] confusion\n|move|p2a: Annihilape|Rage Fist|p1a: Koraidon\n|-damage|p1a: Koraidon|0 fnt\n|faint|p1a: Koraidon\n|\n|-weather|SunnyDay|[upkeep]\n|upkeep\n|\n|t:|1700463115\n|switch|p1a: Iron Bundle|Iron Bundle|100\/100\n|-status|p1a: Iron Bundle|psn\n|-activate|p1a: Iron Bundle|move: Sticky Web\n|-unboost|p1a: Iron Bundle|spe|1\n|-damage|p1a: Iron Bundle|76\/100 psn|[from] Stealth Rock\n|-enditem|p1a: Iron Bundle|Booster Energy\n|-activate|p1a: Iron Bundle|ability: Quark Drive|[fromitem]\n|-start|p1a: Iron Bundle|quarkdrivespa\n|turn|18\n|\n|t:|1700463126\n|move|p1a: Iron Bundle|Freeze-Dry|p2a: Annihilape\n|-damage|p2a: Annihilape|0 fnt\n|faint|p2a: Annihilape\n|\n|-weather|SunnyDay|[upkeep]\n|-damage|p1a: Iron Bundle|63\/100 psn|[from] psn\n|upkeep\n|\n|t:|1700463128\n|switch|p2a: Arceus|Arceus-Ice|100\/100\n|-damage|p2a: Arceus|76\/100|[from] Stealth Rock\n|turn|19\n|\n|t:|1700463132\n|move|p2a: Arceus|Calm Mind|p2a: Arceus\n|-boost|p2a: Arceus|spa|1\n|-boost|p2a: Arceus|spd|1\n|move|p1a: Iron Bundle|Hydro Pump|p2a: Arceus\n|-damage|p2a: Arceus|59\/100\n|\n|-weather|none\n|-damage|p1a: Iron Bundle|51\/100 psn|[from] psn\n|upkeep\n|turn|20\n|\n|t:|1700463137\n|move|p2a: Arceus|Thunderbolt|p1a: Iron Bundle\n|-supereffective|p1a: Iron Bundle\n|-damage|p1a: Iron Bundle|0 fnt\n|faint|p1a: Iron Bundle\n|-end|p1a: Iron Bundle|Quark Drive|[silent]\n|\n|upkeep\n|c|\u2606Coopithus|gg\n|\n|t:|1700463140\n|switch|p1a: Cloyster|Cloyster, M|100\/100\n|-status|p1a: Cloyster|psn\n|-activate|p1a: Cloyster|move: Sticky Web\n|-unboost|p1a: Cloyster|spe|1\n|-damage|p1a: Cloyster|76\/100 psn|[from] Stealth Rock\n|turn|21\n|c|\u2606UncleShannon|Gg\n|\n|t:|1700463143\n|move|p2a: Arceus|Thunderbolt|p1a: Cloyster\n|-supereffective|p1a: Cloyster\n|-damage|p1a: Cloyster|0 fnt\n|faint|p1a: Cloyster\n|\n|win|UncleShannon\n|raw|Coopithus's rating: 1237 &rarr; <strong>1214<\/strong><br \/>(-23 for losing)\n|raw|UncleShannon's rating: 1259 &rarr; <strong>1282<\/strong><br \/>(+23 for winning)\n|l|\u2606Coopithus\n","uploadtime":1700463151,"views":4,"p1id":"coopithus","p2id":"uncleshannon","formatid":"gen9ubers","rating":1214,"private":0,"password":""}