{"id":"gen9ubers-1991154062","p1":"bennymbs","p2":"meliodono","format":"[Gen 9] Ubers","log":"|j|\u2606bennymbs\n|j|\u2606meliodono\n|t:|1700050986\n|gametype|singles\n|player|p1|bennymbs|mina|\n|player|p2|meliodono|janine|\n|teamsize|p1|6\n|teamsize|p2|6\n|gen|9\n|tier|[Gen 9] Ubers\n|rule|Sleep Clause Mod: Limit one foe put to sleep\n|rule|Species Clause: Limit one of each Pok\u00e9mon\n|rule|OHKO Clause: OHKO moves are banned\n|rule|Evasion Items Clause: Evasion items are banned\n|rule|Evasion Moves Clause: Evasion moves are banned\n|rule|Endless Battle Clause: Forcing endless battles is banned\n|rule|HP Percentage Mod: HP is shown in percentages\n|clearpoke\n|poke|p1|Cyclizar, M|\n|poke|p1|Zacian-*|\n|poke|p1|Magearna|\n|poke|p1|Palkia-Origin|\n|poke|p1|Arceus-Fire|\n|poke|p1|Jirachi|\n|poke|p2|Spectrier|\n|poke|p2|Slowking-Galar, M|\n|poke|p2|Rotom-Heat|\n|poke|p2|Weezing-Galar, M|\n|poke|p2|Enamorus, F|\n|poke|p2|Arceus-Water|\n|teampreview\n|inactive|Battle timer is ON: inactive players will automatically lose when time's up. (requested by bennymbs)\n|c|\u2606meliodono|gl hf\n|\n|t:|1700051014\n|start\n|switch|p1a: Oh Moon and Star|Jirachi|100\/100\n|switch|p2a: Enamorus|Enamorus, F|100\/100\n|turn|1\n|\n|t:|1700051022\n|switch|p2a: Rotom|Rotom-Heat|100\/100\n|move|p1a: Oh Moon and Star|Iron Head|p2a: Rotom\n|-resisted|p2a: Rotom\n|-damage|p2a: Rotom|88\/100\n|\n|upkeep\n|turn|2\n|\n|t:|1700051037\n|switch|p1a: My GOAT|Cyclizar, M|100\/100\n|switch|p2a: Enamorus|Enamorus, F|100\/100\n|\n|upkeep\n|turn|3\n|\n|t:|1700051051\n|move|p2a: Enamorus|Moonblast|p1a: My GOAT\n|-supereffective|p1a: My GOAT\n|-damage|p1a: My GOAT|0 fnt\n|faint|p1a: My GOAT\n|\n|upkeep\n|\n|t:|1700051054\n|switch|p1a: Yours truly|Magearna|100\/100\n|turn|4\n|\n|t:|1700051065\n|switch|p2a: Rotom|Rotom-Heat|88\/100\n|move|p1a: Yours truly|Shift Gear|p1a: Yours truly\n|-boost|p1a: Yours truly|spe|2\n|-boost|p1a: Yours truly|atk|1\n|\n|upkeep\n|turn|5\n|\n|t:|1700051076\n|-terastallize|p1a: Yours truly|Water\n|move|p1a: Yours truly|Calm Mind|p1a: Yours truly\n|-boost|p1a: Yours truly|spa|1\n|-boost|p1a: Yours truly|spd|1\n|move|p2a: Rotom|Overheat|p1a: Yours truly\n|-resisted|p1a: Yours truly\n|-damage|p1a: Yours truly|80\/100\n|-unboost|p2a: Rotom|spa|2\n|-damage|p2a: Rotom|78\/100|[from] item: Life Orb\n|\n|-heal|p1a: Yours truly|86\/100|[from] item: Leftovers\n|upkeep\n|turn|6\n|\n|t:|1700051085\n|move|p1a: Yours truly|Calm Mind|p1a: Yours truly\n|-boost|p1a: Yours truly|spa|1\n|-boost|p1a: Yours truly|spd|1\n|move|p2a: Rotom|Volt Switch|p1a: Yours truly\n|-supereffective|p1a: Yours truly\n|-damage|p1a: Yours truly|67\/100\n|-damage|p2a: Rotom|68\/100|[from] item: Life Orb\n|\n|t:|1700051105\n|switch|p2a: Weezing|Weezing-Galar, M|100\/100|[from] Volt Switch\n|-ability|p2a: Weezing|Neutralizing Gas\n|\n|-heal|p1a: Yours truly|73\/100|[from] item: Leftovers\n|upkeep\n|turn|7\n|c|\u2606bennymbs|Only saw it now, I'm on Mobile, I apologize. GLHF\n|\n|t:|1700051112\n|move|p1a: Yours truly|Stored Power|p2a: Weezing\n|-supereffective|p2a: Weezing\n|-damage|p2a: Weezing|0 fnt\n|faint|p2a: Weezing\n|-end|p2a: Weezing|ability: Neutralizing Gas\n|\n|-heal|p1a: Yours truly|79\/100|[from] item: Leftovers\n|upkeep\n|c|\u2606meliodono|np\n|c|\u2606meliodono|its gg hahaha\n|\n|t:|1700051122\n|switch|p2a: Slowking|Slowking-Galar, M|100\/100\n|turn|8\n|c|\u2606bennymbs|Yeah,\n|\n|t:|1700051134\n|move|p1a: Yours truly|Stored Power|p2a: Slowking\n|-damage|p2a: Slowking|41\/100\n|move|p2a: Slowking|Yawn|p1a: Yours truly\n|-start|p1a: Yours truly|move: Yawn|[of] p2a: Slowking\n|\n|-heal|p1a: Yours truly|85\/100|[from] item: Leftovers\n|-heal|p2a: Slowking|47\/100|[from] item: Leftovers\n|upkeep\n|turn|9\n|\n|t:|1700051140\n|move|p1a: Yours truly|Stored Power|p2a: Slowking\n|-damage|p2a: Slowking|0 fnt\n|faint|p2a: Slowking\n|-ability|p1a: Yours truly|Soul-Heart|boost\n|-boost|p1a: Yours truly|spa|1\n|\n|-heal|p1a: Yours truly|91\/100|[from] item: Leftovers\n|-end|p1a: Yours truly|move: Yawn|[silent]\n|-status|p1a: Yours truly|slp\n|upkeep\n|\n|t:|1700051148\n|switch|p2a: Spectrier|Spectrier|100\/100\n|turn|10\n|\n|t:|1700051154\n|-terastallize|p2a: Spectrier|Ghost\n|cant|p1a: Yours truly|slp\n|move|p2a: Spectrier|Shadow Ball|p1a: Yours truly\n|-damage|p1a: Yours truly|54\/100 slp\n|\n|-heal|p1a: Yours truly|60\/100 slp|[from] item: Leftovers\n|upkeep\n|turn|11\n|\n|t:|1700051170\n|cant|p1a: Yours truly|slp\n|move|p2a: Spectrier|Shadow Ball|p1a: Yours truly\n|-damage|p1a: Yours truly|22\/100 slp\n|\n|-heal|p1a: Yours truly|28\/100 slp|[from] item: Leftovers\n|upkeep\n|turn|12\n|c|\u2606meliodono|so maybe\n|\n|t:|1700051192\n|-curestatus|p1a: Yours truly|slp|[msg]\n|move|p1a: Yours truly|Calm Mind|p1a: Yours truly\n|-boost|p1a: Yours truly|spa|1\n|-boost|p1a: Yours truly|spd|1\n|move|p2a: Spectrier|Shadow Ball|p1a: Yours truly\n|-damage|p1a: Yours truly|0 fnt\n|faint|p1a: Yours truly\n|-ability|p2a: Spectrier|Grim Neigh|boost\n|-boost|p2a: Spectrier|spa|1\n|\n|upkeep\n|c|\u2606meliodono|uuf\n|\n|t:|1700051201\n|switch|p1a: Ike Doggo|Zacian|100\/100\n|-ability|p1a: Ike Doggo|Intrepid Sword|boost\n|-boost|p1a: Ike Doggo|atk|1\n|turn|13\n|\n|t:|1700051223\n|switch|p2a: Arceus|Arceus-Water|100\/100\n|move|p1a: Ike Doggo|Play Rough|p2a: Arceus\n|-damage|p2a: Arceus|47\/100\n|\n|upkeep\n|turn|14\n|\n|t:|1700051229\n|move|p1a: Ike Doggo|Play Rough|p2a: Arceus\n|-damage|p2a: Arceus|0 fnt\n|faint|p2a: Arceus\n|\n|upkeep\n|\n|t:|1700051240\n|switch|p2a: Rotom|Rotom-Heat|68\/100\n|turn|15\n|\n|t:|1700051249\n|switch|p1a: HitsHydro3\/8|Palkia-Origin|100\/100\n|-ability|p1a: HitsHydro3\/8|Pressure\n|move|p2a: Rotom|Overheat|p1a: HitsHydro3\/8\n|-resisted|p1a: HitsHydro3\/8\n|-damage|p1a: HitsHydro3\/8|85\/100\n|-unboost|p2a: Rotom|spa|2\n|-damage|p2a: Rotom|58\/100|[from] item: Life Orb\n|\n|upkeep\n|turn|16\n|inactive|meliodono has 270 seconds left.\n|\n|t:|1700051279\n|move|p1a: HitsHydro3\/8|Hydro Pump|p2a: Rotom\n|-supereffective|p2a: Rotom\n|-damage|p2a: Rotom|0 fnt\n|faint|p2a: Rotom\n|\n|upkeep\n|\n|t:|1700051287\n|switch|p2a: Enamorus|Enamorus, F|100\/100\n|turn|17\n|inactive|meliodono has 270 seconds left.\n|\n|t:|1700051293\n|switch|p1a: Oh Moon and Star|Jirachi|100\/100\n|move|p2a: Enamorus|Moonblast|p1a: Oh Moon and Star\n|-resisted|p1a: Oh Moon and Star\n|-damage|p1a: Oh Moon and Star|75\/100\n|\n|upkeep\n|turn|18\n|\n|t:|1700051298\n|switch|p2a: Spectrier|Spectrier, tera:Ghost|100\/100\n|move|p1a: Oh Moon and Star|Iron Head|p2a: Spectrier\n|-damage|p2a: Spectrier|46\/100\n|\n|upkeep\n|turn|19\n|\n|t:|1700051303\n|move|p1a: Oh Moon and Star|Iron Head|p2a: Spectrier\n|-damage|p2a: Spectrier|0 fnt\n|faint|p2a: Spectrier\n|\n|upkeep\n|\n|t:|1700051305\n|switch|p2a: Enamorus|Enamorus, F|100\/100\n|turn|20\n|c|\u2606meliodono|gg\n|\n|t:|1700051313\n|move|p2a: Enamorus|Mystical Fire|p1a: Oh Moon and Star\n|-supereffective|p1a: Oh Moon and Star\n|-damage|p1a: Oh Moon and Star|23\/100\n|-unboost|p1a: Oh Moon and Star|spa|1\n|move|p1a: Oh Moon and Star|Iron Head|p2a: Enamorus\n|-supereffective|p2a: Enamorus\n|-damage|p2a: Enamorus|0 fnt\n|faint|p2a: Enamorus\n|\n|win|bennymbs\n|c|\u2606bennymbs|Gg\n","uploadtime":1700051323,"views":7,"p1id":"bennymbs","p2id":"meliodono","formatid":"gen9ubers","rating":0,"private":0,"password":""}