{"id":"gen9ubers-1975356737","p1":"Dragon Master Rosa","p2":"Pickedman","format":"[Gen 9] Ubers","log":"|j|\u2606Dragon Master Rosa\n|j|\u203dPickedman\n|t:|1698182841\n|gametype|singles\n|player|p1|Dragon Master Rosa|rosa|\n|player|p2|Pickedman|zinnia|\n|teamsize|p1|6\n|teamsize|p2|6\n|gen|9\n|tier|[Gen 9] Ubers\n|rule|Sleep Clause Mod: Limit one foe put to sleep\n|rule|Species Clause: Limit one of each Pok\u00e9mon\n|rule|OHKO Clause: OHKO moves are banned\n|rule|Evasion Items Clause: Evasion items are banned\n|rule|Evasion Moves Clause: Evasion moves are banned\n|rule|Endless Battle Clause: Forcing endless battles is banned\n|rule|HP Percentage Mod: HP is shown in percentages\n|clearpoke\n|poke|p1|Magearna|\n|poke|p1|Clefable, M|\n|poke|p1|Weezing-Galar, M|\n|poke|p1|Ribombee, M|\n|poke|p1|Enamorus, F|\n|poke|p1|Fezandipiti, M|\n|poke|p2|Fezandipiti, M|\n|poke|p2|Enamorus, F|\n|poke|p2|Empoleon, M|\n|poke|p2|Palafin, F|\n|poke|p2|Slowking-Galar, F|\n|poke|p2|Infernape, F|\n|teampreview\n|\n|t:|1698182923\n|start\n|switch|p1a: Ribombee|Ribombee, M|100\/100\n|switch|p2a: Fezandipiti|Fezandipiti, M|100\/100\n|turn|1\n|\n|t:|1698182927\n|move|p1a: Ribombee|Sticky Web|p2a: Fezandipiti\n|-sidestart|p2: Pickedman|move: Sticky Web\n|move|p2a: Fezandipiti|Nasty Plot|p2a: Fezandipiti\n|-boost|p2a: Fezandipiti|spa|2\n|\n|upkeep\n|turn|2\n|\n|t:|1698182931\n|move|p1a: Ribombee|Stun Spore|p2a: Fezandipiti\n|-status|p2a: Fezandipiti|par\n|move|p2a: Fezandipiti|Acid Spray|p1a: Ribombee\n|-supereffective|p1a: Ribombee\n|-enditem|p1a: Ribombee|Focus Sash\n|-damage|p1a: Ribombee|1\/100\n|\n|upkeep\n|turn|3\n|\n|t:|1698182935\n|move|p1a: Ribombee|U-turn|p2a: Fezandipiti\n|-resisted|p2a: Fezandipiti\n|-damage|p2a: Fezandipiti|96\/100 par\n|\n|t:|1698182941\n|switch|p1a: Magearna|Magearna|100\/100|[from] U-turn\n|move|p2a: Fezandipiti|Acid Spray|p1a: Magearna\n|-immune|p1a: Magearna\n|\n|-heal|p2a: Fezandipiti|100\/100 par|[from] item: Leftovers\n|upkeep\n|turn|4\n|\n|t:|1698182948\n|move|p1a: Magearna|Shift Gear|p1a: Magearna\n|-boost|p1a: Magearna|spe|2\n|-boost|p1a: Magearna|atk|1\n|move|p2a: Fezandipiti|Moonblast|p1a: Magearna\n|-resisted|p1a: Magearna\n|-damage|p1a: Magearna|73\/100\n|\n|-heal|p1a: Magearna|79\/100|[from] item: Leftovers\n|upkeep\n|turn|5\n|\n|t:|1698182955\n|switch|p2a: Palafin|Palafin, F|100\/100\n|-activate|p2a: Palafin|move: Sticky Web\n|-unboost|p2a: Palafin|spe|1\n|move|p1a: Magearna|Shift Gear|p1a: Magearna\n|-boost|p1a: Magearna|spe|2\n|-boost|p1a: Magearna|atk|1\n|\n|-heal|p1a: Magearna|86\/100|[from] item: Leftovers\n|upkeep\n|turn|6\n|\n|t:|1698182974\n|detailschange|p2a: Palafin|Palafin-Hero, F\n|switch|p2a: Empoleon|Empoleon, M|100\/100\n|-activate|p2a: Empoleon|move: Sticky Web\n|-unboost|p2a: Empoleon|spe|1\n|move|p1a: Magearna|Play Rough|p2a: Empoleon\n|-resisted|p2a: Empoleon\n|-damage|p2a: Empoleon|56\/100\n|\n|-heal|p1a: Magearna|92\/100|[from] item: Leftovers\n|-heal|p2a: Empoleon|62\/100|[from] item: Leftovers\n|upkeep\n|turn|7\n|\n|t:|1698182988\n|move|p1a: Magearna|Play Rough|p2a: Empoleon\n|-resisted|p2a: Empoleon\n|-damage|p2a: Empoleon|17\/100\n|move|p2a: Empoleon|Roost|p2a: Empoleon\n|-heal|p2a: Empoleon|67\/100\n|-singleturn|p2a: Empoleon|move: Roost\n|\n|-heal|p1a: Magearna|98\/100|[from] item: Leftovers\n|-heal|p2a: Empoleon|73\/100|[from] item: Leftovers\n|upkeep\n|turn|8\n|\n|t:|1698182998\n|-terastallize|p1a: Magearna|Fairy\n|move|p1a: Magearna|Play Rough|p2a: Empoleon\n|-resisted|p2a: Empoleon\n|-damage|p2a: Empoleon|16\/100\n|move|p2a: Empoleon|Flip Turn|p1a: Magearna\n|-damage|p1a: Magearna|72\/100\n|\n|t:|1698183009\n|switch|p2a: Slowking|Slowking-Galar, F|100\/100|[from] Flip Turn\n|\n|-heal|p1a: Magearna|78\/100|[from] item: Leftovers\n|upkeep\n|turn|9\n|\n|t:|1698183032\n|move|p1a: Magearna|Iron Head|p2a: Slowking\n|-damage|p2a: Slowking|30\/100\n|cant|p2a: Slowking|flinch\n|\n|-heal|p1a: Magearna|84\/100|[from] item: Leftovers\n|upkeep\n|turn|10\n|c|\u2606Dragon Master Rosa|skill\n|\n|t:|1698183039\n|move|p1a: Magearna|Iron Head|p2a: Slowking\n|-damage|p2a: Slowking|0 fnt\n|faint|p2a: Slowking\n|-ability|p1a: Magearna|Soul-Heart|boost\n|-boost|p1a: Magearna|spa|1\n|\n|-heal|p1a: Magearna|91\/100|[from] item: Leftovers\n|upkeep\n|\n|t:|1698183044\n|switch|p2a: Infernape|Infernape, F|100\/100\n|-activate|p2a: Infernape|move: Sticky Web\n|-unboost|p2a: Infernape|spe|1\n|turn|11\n|\n|t:|1698183072\n|move|p1a: Magearna|Play Rough|p2a: Infernape\n|-damage|p2a: Infernape|0 fnt\n|faint|p2a: Infernape\n|-ability|p1a: Magearna|Soul-Heart|boost\n|-boost|p1a: Magearna|spa|1\n|\n|-heal|p1a: Magearna|97\/100|[from] item: Leftovers\n|upkeep\n|\n|t:|1698183079\n|switch|p2a: Enamorus|Enamorus, F|100\/100\n|turn|12\n|\n|t:|1698183110\n|-terastallize|p2a: Enamorus|Fighting\n|move|p1a: Magearna|Iron Head|p2a: Enamorus\n|-damage|p2a: Enamorus|0 fnt\n|faint|p2a: Enamorus\n|-ability|p1a: Magearna|Soul-Heart|boost\n|-boost|p1a: Magearna|spa|1\n|\n|-heal|p1a: Magearna|100\/100|[from] item: Leftovers\n|upkeep\n|\n|t:|1698183116\n|switch|p2a: Palafin|Palafin-Hero, F|100\/100\n|-activate|p2a: Palafin|move: Sticky Web\n|-unboost|p2a: Palafin|spe|1\n|-activate|p2a: Palafin|ability: Zero to Hero\n|turn|13\n|\n|t:|1698183121\n|move|p1a: Magearna|Play Rough|p2a: Palafin\n|-damage|p2a: Palafin|0 fnt\n|faint|p2a: Palafin\n|-ability|p1a: Magearna|Soul-Heart|boost\n|-boost|p1a: Magearna|spa|1\n|\n|upkeep\n|\n|t:|1698183125\n|switch|p2a: Fezandipiti|Fezandipiti, M|100\/100 par\n|-activate|p2a: Fezandipiti|move: Sticky Web\n|-unboost|p2a: Fezandipiti|spe|1\n|turn|14\n|\n|t:|1698183128\n|move|p1a: Magearna|Iron Head|p2a: Fezandipiti\n|-supereffective|p2a: Fezandipiti\n|-damage|p2a: Fezandipiti|0 fnt\n|faint|p2a: Fezandipiti\n|-ability|p1a: Magearna|Soul-Heart|boost\n|-boost|p1a: Magearna|spa|1\n|\n|upkeep\n|\n|t:|1698183132\n|switch|p2a: Empoleon|Empoleon, M|16\/100\n|-activate|p2a: Empoleon|move: Sticky Web\n|-unboost|p2a: Empoleon|spe|1\n|turn|15\n|\n|t:|1698183136\n|move|p1a: Magearna|Iron Head|p2a: Empoleon\n|-resisted|p2a: Empoleon\n|-damage|p2a: Empoleon|0 fnt\n|faint|p2a: Empoleon\n|\n|win|Dragon Master Rosa\n|c|\u2606Dragon Master Rosa|magearna's one sweep ever\n","uploadtime":1698183145,"views":9,"p1id":"dragonmasterrosa","p2id":"pickedman","formatid":"gen9ubers","rating":0,"private":0,"password":""}