{"id":"gen9ubers-1988089697","p1":"1P1o1s1h1e1","p2":"Kinesquared","format":"[Gen 9] Ubers","log":"|j|\u26061P1o1s1h1e1\n|j|\u2606Kinesquared\n|t:|1699668252\n|gametype|singles\n|player|p1|1P1o1s1h1e1|2|\n|player|p2|Kinesquared|scientist-gen4dp|\n|teamsize|p1|6\n|teamsize|p2|6\n|gen|9\n|tier|[Gen 9] Ubers\n|rule|Sleep Clause Mod: Limit one foe put to sleep\n|rule|Species Clause: Limit one of each Pok\u00e9mon\n|rule|OHKO Clause: OHKO moves are banned\n|rule|Evasion Items Clause: Evasion items are banned\n|rule|Evasion Moves Clause: Evasion moves are banned\n|rule|Endless Battle Clause: Forcing endless battles is banned\n|rule|HP Percentage Mod: HP is shown in percentages\n|clearpoke\n|poke|p1|Arceus-Ghost|\n|poke|p1|Magearna|\n|poke|p1|Garganacl, M|\n|poke|p1|Sneasler, M|\n|poke|p1|Cyclizar, F|\n|poke|p1|Gyarados, F|\n|poke|p2|Magearna|\n|poke|p2|Ursaluna, M|\n|poke|p2|Dialga|\n|poke|p2|Hoopa-Unbound|\n|poke|p2|Cinderace, M|\n|poke|p2|Cresselia, F|\n|teampreview\n|c|\u26061P1o1s1h1e1|glhf\n|c|\u2606Kinesquared|gyara O.o\n|c|\u2606Kinesquared|gl\n|j| the tr4sh man\n|c|\u26061P1o1s1h1e1|he gyarad all over the place\n|c| the tr4sh man|gyaratres\n|\n|t:|1699668288\n|start\n|switch|p1a: Gyarados|Gyarados, F|100\/100\n|switch|p2a: Magearna|Magearna|100\/100\n|-ability|p1a: Gyarados|Intimidate|boost\n|-unboost|p2a: Magearna|atk|1\n|turn|1\n|c| the tr4sh man|the sequel to gyarados\n|\n|t:|1699668313\n|move|p1a: Gyarados|Taunt|p2a: Magearna\n|-start|p2a: Magearna|move: Taunt\n|cant|p2a: Magearna|move: Taunt|Trick Room\n|\n|upkeep\n|turn|2\n|\n|t:|1699668319\n|move|p1a: Gyarados|Dragon Dance|p1a: Gyarados\n|-boost|p1a: Gyarados|atk|1\n|-boost|p1a: Gyarados|spe|1\n|move|p2a: Magearna|Volt Switch|p1a: Gyarados\n|-supereffective|p1a: Gyarados\n|-damage|p1a: Gyarados|33\/100\n|\n|t:|1699668328\n|switch|p2a: Cinderace|Cinderace, M|100\/100|[from] Volt Switch\n|\n|upkeep\n|turn|3\n|\n|t:|1699668334\n|move|p2a: Cinderace|Sucker Punch|p1a: Gyarados\n|-start|p2a: Cinderace|typechange|Dark|[from] ability: Libero\n|-crit|p1a: Gyarados\n|-damage|p1a: Gyarados|0 fnt\n|faint|p1a: Gyarados\n|\n|upkeep\n|c|\u26061P1o1s1h1e1|yeah had a feeling but didn't care to risk it lol\n|\n|t:|1699668348\n|switch|p1a: Sneasler|Sneasler, M|100\/100\n|turn|4\n|\n|t:|1699668353\n|switch|p2a: Magearna|Magearna|100\/100\n|move|p1a: Sneasler|U-turn|p2a: Magearna\n|-resisted|p2a: Magearna\n|-damage|p2a: Magearna|97\/100\n|\n|t:|1699668358\n|switch|p1a: Cyclizar|Cyclizar, F|100\/100|[from] U-turn\n|\n|-heal|p2a: Magearna|100\/100|[from] item: Leftovers\n|upkeep\n|turn|5\n|\n|t:|1699668368\n|move|p1a: Cyclizar|Shed Tail|p1a: Cyclizar\n|-start|p1a: Cyclizar|Substitute|[from] move: Shed Tail\n|-damage|p1a: Cyclizar|50\/100\n|\n|t:|1699668373\n|switch|p1a: Magearna|Magearna|100\/100|[from] Shed Tail\n|move|p2a: Magearna|Trick Room|p2a: Magearna\n|-fieldstart|move: Trick Room|[of] p2a: Magearna\n|\n|upkeep\n|turn|6\n|j| PinkScourge\n|\n|t:|1699668382\n|move|p2a: Magearna|Fleur Cannon|p1a: Magearna\n|-resisted|p1a: Magearna\n|-activate|p1a: Magearna|move: Substitute|[damage]\n|-unboost|p2a: Magearna|spa|2\n|move|p1a: Magearna|Spikes|p2a: Magearna\n|-sidestart|p2: Kinesquared|Spikes\n|\n|upkeep\n|turn|7\n|\n|t:|1699668392\n|move|p2a: Magearna|Volt Switch|p1a: Magearna\n|-end|p1a: Magearna|Substitute\n|\n|t:|1699668402\n|switch|p2a: Ursaluna|Ursaluna, M|100\/100|[from] Volt Switch\n|-damage|p2a: Ursaluna|88\/100|[from] Spikes\n|move|p1a: Magearna|Spikes|p2a: Ursaluna\n|-sidestart|p2: Kinesquared|Spikes\n|\n|-status|p2a: Ursaluna|brn|[from] item: Flame Orb\n|upkeep\n|turn|8\n|\n|t:|1699668419\n|move|p2a: Ursaluna|Headlong Rush|p1a: Magearna\n|-supereffective|p1a: Magearna\n|-damage|p1a: Magearna|0 fnt\n|-unboost|p2a: Ursaluna|def|1\n|-unboost|p2a: Ursaluna|spd|1\n|faint|p1a: Magearna\n|\n|-damage|p2a: Ursaluna|82\/100 brn|[from] brn\n|upkeep\n|\n|t:|1699668422\n|switch|p1a: Salt Circle|Garganacl, M|100\/100\n|turn|9\n|c| the tr4sh man|reveal tera flying\n|c| the tr4sh man|:]\n|c|\u2606Kinesquared|actually chad\n|c|\u26061P1o1s1h1e1|i wish\n|\n|t:|1699668475\n|-terastallize|p1a: Salt Circle|Ghost\n|move|p2a: Ursaluna|Substitute|p2a: Ursaluna\n|-start|p2a: Ursaluna|Substitute\n|-damage|p2a: Ursaluna|57\/100 brn\n|move|p1a: Salt Circle|Salt Cure|p2a: Ursaluna\n|-resisted|p2a: Ursaluna\n|-activate|p2a: Ursaluna|move: Substitute|[damage]\n|\n|-damage|p2a: Ursaluna|51\/100 brn|[from] brn\n|-fieldend|move: Trick Room\n|upkeep\n|turn|10\n|\n|t:|1699668492\n|move|p1a: Salt Circle|Curse|p2a: Ursaluna\n|-start|p2a: Ursaluna|Curse|[of] p1a: Salt Circle\n|-damage|p1a: Salt Circle|50\/100\n|move|p2a: Ursaluna|Headlong Rush|p1a: Salt Circle\n|-damage|p1a: Salt Circle|0 fnt\n|-unboost|p2a: Ursaluna|def|1\n|-unboost|p2a: Ursaluna|spd|1\n|faint|p1a: Salt Circle\n|\n|-damage|p2a: Ursaluna|45\/100 brn|[from] brn\n|-damage|p2a: Ursaluna|20\/100 brn|[from] Curse\n|upkeep\n|\n|t:|1699668505\n|switch|p1a: Cyclizar|Cyclizar, F|84\/100\n|turn|11\n|\n|t:|1699668512\n|move|p1a: Cyclizar|Shed Tail|p1a: Cyclizar\n|-start|p1a: Cyclizar|Substitute|[from] move: Shed Tail\n|-damage|p1a: Cyclizar|33\/100\n|\n|t:|1699668515\n|switch|p1a: Arceus|Arceus-Ghost|100\/100|[from] Shed Tail\n|move|p2a: Ursaluna|Headlong Rush|p1a: Arceus\n|-end|p1a: Arceus|Substitute\n|-unboost|p2a: Ursaluna|def|1\n|-unboost|p2a: Ursaluna|spd|1\n|\n|-damage|p2a: Ursaluna|14\/100 brn|[from] brn\n|-damage|p2a: Ursaluna|0 fnt|[from] Curse\n|faint|p2a: Ursaluna\n|upkeep\n|\n|t:|1699668530\n|switch|p2a: Dialga|Dialga|100\/100\n|-damage|p2a: Dialga|84\/100|[from] Spikes\n|-ability|p2a: Dialga|Pressure\n|turn|12\n|\n|t:|1699668535\n|move|p1a: Arceus|Thunder Wave|p2a: Dialga\n|-status|p2a: Dialga|par\n|cant|p2a: Dialga|par\n|\n|upkeep\n|turn|13\n|\n|t:|1699668542\n|move|p1a: Arceus|Hex|p2a: Dialga\n|-damage|p2a: Dialga|28\/100 par\n|cant|p2a: Dialga|par\n|\n|upkeep\n|turn|14\n|c|\u2606Kinesquared|laaaaaame\n|\n|t:|1699668551\n|move|p1a: Arceus|Roar|p2a: Dialga\n|drag|p2a: Cinderace|Cinderace, M|100\/100\n|\n|upkeep\n|turn|15\n|c|\u26061P1o1s1h1e1|lol\n|\n|t:|1699668564\n|move|p1a: Arceus|Thunder Wave|p2a: Cinderace\n|-status|p2a: Cinderace|par\n|cant|p2a: Cinderace|par\n|\n|upkeep\n|turn|16\n|\n|t:|1699668574\n|move|p1a: Arceus|Hex|p2a: Cinderace\n|-damage|p2a: Cinderace|0 fnt\n|faint|p2a: Cinderace\n|\n|upkeep\n|\n|t:|1699668583\n|switch|p2a: Magearna|Magearna|100\/100\n|-damage|p2a: Magearna|84\/100|[from] Spikes\n|turn|17\n|\n|t:|1699668588\n|move|p1a: Arceus|Roar|p2a: Magearna\n|drag|p2a: Cresselia|Cresselia, F|100\/100\n|\n|upkeep\n|turn|18\n|\n|t:|1699668595\n|move|p1a: Arceus|Thunder Wave|p2a: Cresselia\n|-status|p2a: Cresselia|par\n|move|p2a: Cresselia|Calm Mind|p2a: Cresselia\n|-boost|p2a: Cresselia|spa|1\n|-boost|p2a: Cresselia|spd|1\n|\n|upkeep\n|turn|19\n|\n|t:|1699668602\n|move|p2a: Cresselia|Moonblast|p1a: Arceus\n|-damage|p1a: Arceus|85\/100\n|-unboost|p1a: Arceus|spa|1\n|move|p1a: Arceus|Roar|p2a: Cresselia\n|drag|p2a: Dialga|Dialga|28\/100 par\n|-damage|p2a: Dialga|12\/100 par|[from] Spikes\n|-ability|p2a: Dialga|Pressure\n|\n|upkeep\n|turn|20\n|\n|t:|1699668612\n|move|p1a: Arceus|Hex|p2a: Dialga\n|-damage|p2a: Dialga|0 fnt\n|faint|p2a: Dialga\n|\n|upkeep\n|\n|t:|1699668617\n|switch|p2a: Hoopa|Hoopa-Unbound|100\/100\n|-damage|p2a: Hoopa|84\/100|[from] Spikes\n|turn|21\n|\n|t:|1699668634\n|switch|p1a: Sneasler|Sneasler, M|100\/100\n|move|p2a: Hoopa|Hyperspace Fury|p1a: Sneasler\n|-resisted|p1a: Sneasler\n|-damage|p1a: Sneasler|44\/100\n|-unboost|p2a: Hoopa|def|1\n|\n|upkeep\n|turn|22\n|\n|t:|1699668648\n|switch|p2a: Magearna|Magearna|84\/100\n|-damage|p2a: Magearna|68\/100|[from] Spikes\n|move|p1a: Sneasler|Dire Claw|p2a: Magearna\n|-immune|p2a: Magearna\n|\n|-heal|p2a: Magearna|74\/100|[from] item: Leftovers\n|upkeep\n|turn|23\n|\n|t:|1699668657\n|switch|p1a: Arceus|Arceus-Ghost|85\/100\n|move|p2a: Magearna|Trick Room|p2a: Magearna\n|-fieldstart|move: Trick Room|[of] p2a: Magearna\n|\n|-heal|p2a: Magearna|80\/100|[from] item: Leftovers\n|upkeep\n|turn|24\n|\n|t:|1699668664\n|move|p2a: Magearna|Fleur Cannon|p1a: Arceus\n|-damage|p1a: Arceus|50\/100\n|-unboost|p2a: Magearna|spa|2\n|move|p1a: Arceus|Roar|p2a: Magearna\n|drag|p2a: Hoopa|Hoopa-Unbound|84\/100\n|-damage|p2a: Hoopa|67\/100|[from] Spikes\n|\n|upkeep\n|turn|25\n|c|\u26061P1o1s1h1e1|damn should have cced that turn\n|c|\u26061P1o1s1h1e1|think its joever now\n|\n|t:|1699668688\n|move|p2a: Hoopa|Hyperspace Fury|p1a: Arceus\n|-supereffective|p1a: Arceus\n|-damage|p1a: Arceus|0 fnt\n|-unboost|p2a: Hoopa|def|1\n|faint|p1a: Arceus\n|\n|upkeep\n|c|\u2606Kinesquared|i have a secret\n|c|\u2606Kinesquared|tera ghost hoopa\n|c|\u26061P1o1s1h1e1|nah but I mean more for the trick room going up\n|c|\u2606Kinesquared|i guess\n|c| the tr4sh man|i think going into cress no matter what would've been the optimal play on kine's part\n|\n|t:|1699668713\n|switch|p1a: Cyclizar|Cyclizar, F|67\/100\n|turn|26\n|c|\u2606Kinesquared|are you choiced sneasler?\n|c|\u26061P1o1s1h1e1|yes\n|c|\u26061P1o1s1h1e1|scarf\n|\n|t:|1699668725\n|move|p2a: Hoopa|Hyperspace Fury|p1a: Cyclizar\n|-damage|p1a: Cyclizar|0 fnt\n|-unboost|p2a: Hoopa|def|1\n|faint|p1a: Cyclizar\n|\n|upkeep\n|\n|t:|1699668727\n|switch|p1a: Sneasler|Sneasler, M|44\/100\n|turn|27\n|c|\u26061P1o1s1h1e1|gg\n|c|\u2606Kinesquared|yea so i could have has a free switch in either way\n|\n|t:|1699668740\n|-terastallize|p2a: Hoopa|Ghost\n|move|p2a: Hoopa|Fire Punch|p1a: Sneasler\n|-damage|p1a: Sneasler|0 fnt\n|faint|p1a: Sneasler\n|\n|win|Kinesquared\n|c|\u2606Kinesquared|gg\n|c|\u26061P1o1s1h1e1|lets run it back one time\n|c|\u26061P1o1s1h1e1|ill run an actual team lol\n|c|\u2606Kinesquared|sure\n|l|\u2606Kinesquared\n|l| the tr4sh man\n|l| PinkScourge\n|j|\u2606Kinesquared\n|player|p2|Kinesquared|scientist-gen4dp\n","uploadtime":1699669297,"views":7,"p1id":"1p1o1s1h1e1","p2id":"kinesquared","formatid":"gen9ubers","rating":0,"private":0,"password":""}